timestamp,time,exchange,symbol,bid1_price,bid1_volume,bid2_price,bid2_volume,ask1_price,ask1_volume,ask2_price,ask2_volume
1753617161698,11:52:41.698,huobi,AERO/USDT:USDT,0.8974,382.0,0.8973,2576.0,0.899,376.0,0.8991,2961.0
1753617165862,11:52:45.862,huobi,AERO/USDT:USDT,0.8974,382.0,0.8973,2576.0,0.899,376.0,0.8991,2961.0
1753617165878,11:52:45.878,huobi,AERO/USDT:USDT,0.8974,382.0,0.8973,2576.0,0.899,376.0,0.8991,2961.0
1753617170661,11:52:50.661,huobi,AERO/USDT:USDT,0.8974,382.0,0.8973,2576.0,0.899,376.0,0.8991,2961.0
1753617170678,11:52:50.678,huobi,AERO/USDT:USDT,0.8974,382.0,0.8973,2576.0,0.899,376.0,0.8991,2961.0
1753617177570,11:52:57.570,huobi,AERO/USDT:USDT,0.8985,2.0,0.8974,382.0,0.899,376.0,0.8991,2961.0
1753617177581,11:52:57.581,huobi,AERO/USDT:USDT,0.8974,382.0,0.8973,2576.0,0.899,376.0,0.8991,2961.0
1753617180262,11:53:00.262,huobi,AERO/USDT:USDT,0.8974,382.0,0.8973,2576.0,0.899,376.0,0.8991,2961.0
1753617180276,11:53:00.276,huobi,AERO/USDT:USDT,0.8974,382.0,0.8973,2576.0,0.899,376.0,0.8991,2961.0
1753617183720,11:53:03.720,huobi,AERO/USDT:USDT,0.8974,382.0,0.8973,2576.0,0.899,376.0,0.8991,383.0
1753617183735,11:53:03.735,huobi,AERO/USDT:USDT,0.8974,382.0,0.8973,2576.0,0.8991,383.0,0.8993,365.0
1753617183760,11:53:03.760,huobi,AERO/USDT:USDT,0.8974,382.0,0.8973,2576.0,0.8991,383.0,0.8993,365.0
1753617183790,11:53:03.790,huobi,AERO/USDT:USDT,0.8974,382.0,0.8973,2576.0,0.8991,383.0,0.8993,365.0
1753617183863,11:53:03.863,huobi,AERO/USDT:USDT,0.8974,462.0,0.8973,2576.0,0.8991,383.0,0.8993,365.0
1753617183898,11:53:03.898,huobi,AERO/USDT:USDT,0.8974,462.0,0.8973,2576.0,0.8991,383.0,0.8993,365.0
1753617183959,11:53:03.959,huobi,AERO/USDT:USDT,0.8974,462.0,0.8973,2576.0,0.8991,383.0,0.8993,365.0
1753617184047,11:53:04.047,huobi,AERO/USDT:USDT,0.8974,462.0,0.8973,2576.0,0.8993,365.0,0.8995,2949.0
1753617184076,11:53:04.076,huobi,AERO/USDT:USDT,0.8974,462.0,0.8973,2576.0,0.8993,365.0,0.8995,375.0
1753617184139,11:53:04.139,huobi,AERO/USDT:USDT,0.8974,462.0,0.8973,2576.0,0.8993,365.0,0.8995,375.0
1753617184176,11:53:04.176,huobi,AERO/USDT:USDT,0.8975,375.0,0.8974,462.0,0.8993,365.0,0.8995,375.0
1753617184211,11:53:04.211,huobi,AERO/USDT:USDT,0.8975,375.0,0.8974,462.0,0.8993,365.0,0.8995,375.0
1753617184289,11:53:04.289,huobi,AERO/USDT:USDT,0.8975,375.0,0.8974,462.0,0.8995,375.0,0.8997,6148.0
1753617184324,11:53:04.324,huobi,AERO/USDT:USDT,0.8975,375.0,0.8974,462.0,0.8995,375.0,0.8997,375.0
1753617185285,11:53:05.285,huobi,AERO/USDT:USDT,0.8975,375.0,0.8974,462.0,0.8997,375.0,0.8999,2574.0
1753617185707,11:53:05.707,huobi,AERO/USDT:USDT,0.8975,375.0,0.8974,382.0,0.8997,375.0,0.8999,2574.0
1753617185733,11:53:05.733,huobi,AERO/USDT:USDT,0.8974,382.0,0.8973,2576.0,0.8997,375.0,0.8999,2574.0
1753617186663,11:53:06.663,huobi,AERO/USDT:USDT,0.8974,382.0,0.8973,2576.0,0.8997,375.0,0.8999,2574.0
1753617187610,11:53:07.610,huobi,AERO/USDT:USDT,0.8975,80.0,0.8974,382.0,0.8997,375.0,0.8999,2574.0
1753617187626,11:53:07.626,huobi,AERO/USDT:USDT,0.8976,375.0,0.8975,80.0,0.8997,375.0,0.8999,2574.0
1753617189502,11:53:09.502,huobi,AERO/USDT:USDT,0.8976,375.0,0.8974,382.0,0.8997,375.0,0.8999,2574.0
1753617190474,11:53:10.474,huobi,AERO/USDT:USDT,0.8974,382.0,0.8973,2576.0,0.8997,375.0,0.8999,2574.0
1753617190715,11:53:10.715,huobi,AERO/USDT:USDT,0.899,61.0,0.8974,382.0,0.8997,375.0,0.8999,2574.0
1753617191420,11:53:11.420,huobi,AERO/USDT:USDT,0.8975,80.0,0.8974,382.0,0.8997,375.0,0.8999,2574.0
1753617191463,11:53:11.463,huobi,AERO/USDT:USDT,0.8976,389.0,0.8975,80.0,0.8997,375.0,0.8999,2574.0
1753617193313,11:53:13.313,huobi,AERO/USDT:USDT,0.8976,389.0,0.8974,382.0,0.8997,375.0,0.8999,2574.0
1753617193322,11:53:13.322,huobi,AERO/USDT:USDT,0.8974,382.0,0.8973,2576.0,0.8997,375.0,0.8999,2574.0
1753617195238,11:53:15.238,huobi,AERO/USDT:USDT,0.8975,80.0,0.8974,382.0,0.8997,375.0,0.8999,2574.0
1753617195250,11:53:15.250,huobi,AERO/USDT:USDT,0.8976,389.0,0.8975,80.0,0.8997,375.0,0.8999,2574.0
1753617197090,11:53:17.090,huobi,AERO/USDT:USDT,0.8976,389.0,0.8975,80.0,0.8997,375.0,0.8999,2574.0
1753617197133,11:53:17.133,huobi,AERO/USDT:USDT,0.8976,389.0,0.8974,382.0,0.8997,375.0,0.8999,2574.0
1753617199048,11:53:19.048,huobi,AERO/USDT:USDT,0.8975,80.0,0.8974,382.0,0.8997,375.0,0.8999,2574.0
1753617199060,11:53:19.060,huobi,AERO/USDT:USDT,0.8976,388.0,0.8975,80.0,0.8997,375.0,0.8999,2574.0
1753617199289,11:53:19.289,huobi,AERO/USDT:USDT,0.8976,388.0,0.8975,80.0,0.8997,375.0,0.8999,2574.0
1753617199322,11:53:19.322,huobi,AERO/USDT:USDT,0.8976,388.0,0.8975,80.0,0.8997,375.0,0.9002,386.0
1753617199332,11:53:19.332,huobi,AERO/USDT:USDT,0.8976,388.0,0.8975,80.0,0.9002,386.0,0.9003,5773.0
1753617199368,11:53:19.368,huobi,AERO/USDT:USDT,0.8976,388.0,0.8975,80.0,0.9002,386.0,0.9003,8345.0
1753617199407,11:53:19.407,huobi,AERO/USDT:USDT,0.8976,388.0,0.8975,80.0,0.9002,386.0,0.9003,8345.0
1753617199441,11:53:19.441,huobi,AERO/USDT:USDT,0.8976,388.0,0.8975,80.0,0.9002,386.0,0.9003,8345.0
1753617200669,11:53:20.669,huobi,AERO/USDT:USDT,0.8976,388.0,0.8975,80.0,0.9001,86.0,0.9002,386.0
1753617200688,11:53:20.688,huobi,AERO/USDT:USDT,0.8976,388.0,0.8975,80.0,0.9,388.0,0.9001,86.0
1753617200947,11:53:20.947,huobi,AERO/USDT:USDT,0.8976,388.0,0.8974,382.0,0.9,388.0,0.9001,86.0
1753617201087,11:53:21.087,huobi,AERO/USDT:USDT,0.8974,382.0,0.8973,2576.0,0.9,388.0,0.9001,86.0
1753617201103,11:53:21.103,huobi,AERO/USDT:USDT,0.8974,382.0,0.8973,2576.0,0.9,388.0,0.9001,86.0
1753617202892,11:53:22.892,huobi,AERO/USDT:USDT,0.8975,51.0,0.8974,382.0,0.9,388.0,0.9001,86.0
1753617202921,11:53:22.921,huobi,AERO/USDT:USDT,0.8976,388.0,0.8975,51.0,0.9,388.0,0.9001,86.0
1753617203883,11:53:23.883,huobi,AERO/USDT:USDT,0.8976,388.0,0.8975,51.0,0.9,388.0,0.9002,386.0
1753617203901,11:53:23.901,huobi,AERO/USDT:USDT,0.8976,388.0,0.8975,51.0,0.9002,386.0,0.9003,8345.0
1753617204803,11:53:24.803,huobi,AERO/USDT:USDT,0.8976,388.0,0.8974,382.0,0.9002,386.0,0.9003,8345.0
1753617205863,11:53:25.863,huobi,AERO/USDT:USDT,0.8974,382.0,0.8973,2576.0,0.9002,386.0,0.9003,8345.0
1753617205925,11:53:25.925,huobi,AERO/USDT:USDT,0.8974,382.0,0.8973,2576.0,0.9002,386.0,0.9003,8345.0
1753617206775,11:53:26.775,huobi,AERO/USDT:USDT,0.8975,51.0,0.8974,382.0,0.9002,386.0,0.9003,8345.0
1753617207134,11:53:27.134,huobi,AERO/USDT:USDT,0.8976,388.0,0.8975,51.0,0.9001,54.0,0.9002,386.0
1753617207168,11:53:27.168,huobi,AERO/USDT:USDT,0.8976,388.0,0.8975,51.0,0.9,388.0,0.9001,54.0
1753617207953,11:53:27.953,huobi,AERO/USDT:USDT,0.8976,388.0,0.8975,51.0,0.9,388.0,0.9001,54.0
1753617207990,11:53:27.990,huobi,AERO/USDT:USDT,0.8976,388.0,0.8975,51.0,0.9,388.0,0.9001,54.0
1753617208082,11:53:28.082,huobi,AERO/USDT:USDT,0.8976,388.0,0.8975,51.0,0.9,388.0,0.9001,54.0
1753617208139,11:53:28.139,huobi,AERO/USDT:USDT,0.8976,388.0,0.8975,51.0,0.9,388.0,0.9001,54.0
1753617208697,11:53:28.697,huobi,AERO/USDT:USDT,0.8976,388.0,0.8974,382.0,0.9,388.0,0.9001,54.0
1753617208915,11:53:28.915,huobi,AERO/USDT:USDT,0.8974,382.0,0.8973,2576.0,0.899,13.0,0.9,388.0
1753617208925,11:53:28.925,huobi,AERO/USDT:USDT,0.8974,382.0,0.8973,2576.0,0.9,388.0,0.9001,54.0
1753617209874,11:53:29.874,huobi,AERO/USDT:USDT,0.8974,382.0,0.8973,2576.0,0.9,388.0,0.9002,386.0
1753617209888,11:53:29.888,huobi,AERO/USDT:USDT,0.8974,382.0,0.8973,2576.0,0.9002,386.0,0.9003,8345.0
1753617209926,11:53:29.926,huobi,AERO/USDT:USDT,0.8974,382.0,0.8973,2576.0,0.9002,386.0,0.9003,8345.0
1753617210239,11:53:30.239,huobi,AERO/USDT:USDT,0.8974,382.0,0.8973,2576.0,0.9002,386.0,0.9003,8345.0
1753617210298,11:53:30.298,huobi,AERO/USDT:USDT,0.8974,382.0,0.8973,2576.0,0.9002,386.0,0.9003,8345.0
1753617210543,11:53:30.543,huobi,AERO/USDT:USDT,0.8974,382.0,0.8973,2576.0,0.9002,386.0,0.9003,8345.0
1753617210566,11:53:30.566,huobi,AERO/USDT:USDT,0.8974,382.0,0.8973,2576.0,0.9002,386.0,0.9003,8345.0
1753617210578,11:53:30.578,huobi,AERO/USDT:USDT,0.8974,382.0,0.8973,2587.0,0.9002,386.0,0.9003,8345.0
1753617210612,11:53:30.612,huobi,AERO/USDT:USDT,0.8974,382.0,0.8973,2587.0,0.9002,386.0,0.9003,8345.0
1753617210634,11:53:30.634,huobi,AERO/USDT:USDT,0.8976,394.0,0.8975,80.0,0.9002,386.0,0.9003,8345.0
1753617210703,11:53:30.703,huobi,AERO/USDT:USDT,0.8976,394.0,0.8975,80.0,0.9002,386.0,0.9003,8345.0
1753617211776,11:53:31.776,huobi,AERO/USDT:USDT,0.8976,394.0,0.8975,80.0,0.9002,386.0,0.9003,8345.0
1753617211813,11:53:31.813,huobi,AERO/USDT:USDT,0.8976,394.0,0.8975,80.0,0.9002,386.0,0.9003,8345.0
1753617211922,11:53:31.922,huobi,AERO/USDT:USDT,0.8976,394.0,0.8975,80.0,0.9002,386.0,0.9003,2572.0
1753617211940,11:53:31.940,huobi,AERO/USDT:USDT,0.8976,394.0,0.8975,80.0,0.9002,386.0,0.9003,2572.0
1753617211955,11:53:31.955,huobi,AERO/USDT:USDT,0.8976,394.0,0.8975,80.0,0.9002,386.0,0.9003,2966.0
1753617212244,11:53:32.244,huobi,AERO/USDT:USDT,0.8976,394.0,0.8975,80.0,0.9002,386.0,0.9003,2966.0
1753617212326,11:53:32.326,huobi,AERO/USDT:USDT,0.8976,394.0,0.8975,80.0,0.9002,386.0,0.9003,2966.0
1753617212524,11:53:32.524,huobi,AERO/USDT:USDT,0.8976,394.0,0.8974,393.0,0.9002,386.0,0.9003,2966.0
1753617214736,11:53:34.736,huobi,AERO/USDT:USDT,0.8976,394.0,0.8974,382.0,0.9002,386.0,0.9003,2966.0
1753617214748,11:53:34.748,huobi,AERO/USDT:USDT,0.8974,382.0,0.8973,2576.0,0.9002,386.0,0.9003,2966.0
1753617214782,11:53:34.782,huobi,AERO/USDT:USDT,0.8974,382.0,0.8973,2587.0,0.9002,386.0,0.9003,2966.0
1753617214817,11:53:34.817,huobi,AERO/USDT:USDT,0.8974,382.0,0.8973,2576.0,0.9002,386.0,0.9003,2966.0
1753617214847,11:53:34.847,huobi,AERO/USDT:USDT,0.8974,382.0,0.8973,2587.0,0.9002,386.0,0.9003,2966.0
1753617214993,11:53:34.993,huobi,AERO/USDT:USDT,0.8974,382.0,0.8973,2587.0,0.9002,386.0,0.9003,2966.0
1753617215035,11:53:35.035,huobi,AERO/USDT:USDT,0.8974,393.0,0.8973,2576.0,0.9002,386.0,0.9003,2966.0
1753617215080,11:53:35.080,huobi,AERO/USDT:USDT,0.8975,394.0,0.8974,393.0,0.9002,386.0,0.9003,2966.0
1753617216262,11:53:36.262,huobi,AERO/USDT:USDT,0.8975,394.0,0.8974,393.0,0.9002,386.0,0.9003,2966.0
1753617216282,11:53:36.282,huobi,AERO/USDT:USDT,0.8976,5769.0,0.8975,394.0,0.9002,386.0,0.9003,2966.0
1753617216330,11:53:36.330,huobi,AERO/USDT:USDT,0.8977,394.0,0.8976,5769.0,0.9002,386.0,0.9003,2966.0
1753617217282,11:53:37.282,huobi,AERO/USDT:USDT,0.8977,394.0,0.8976,5769.0,0.9002,386.0,0.9003,2966.0
1753617218144,11:53:38.144,huobi,AERO/USDT:USDT,0.8977,394.0,0.8976,5769.0,0.9002,386.0,0.9003,2966.0
1753617218176,11:53:38.176,huobi,AERO/USDT:USDT,0.8977,394.0,0.8976,5769.0,0.9002,386.0,0.9003,2966.0
1753617218196,11:53:38.196,huobi,AERO/USDT:USDT,0.8978,80.0,0.8977,394.0,0.9002,386.0,0.9003,2966.0
1753617218237,11:53:38.237,huobi,AERO/USDT:USDT,0.8979,394.0,0.8978,80.0,0.9002,386.0,0.9003,2966.0
1753617218712,11:53:38.712,huobi,AERO/USDT:USDT,0.8993,43.0,0.8979,394.0,0.9002,386.0,0.9003,2966.0
1753617218735,11:53:38.735,huobi,AERO/USDT:USDT,0.8979,394.0,0.8978,80.0,0.9002,386.0,0.9003,2966.0
1753617219163,11:53:39.163,huobi,AERO/USDT:USDT,0.8979,394.0,0.8978,80.0,0.9002,386.0,0.9003,394.0
1753617219190,11:53:39.190,huobi,AERO/USDT:USDT,0.8979,394.0,0.8978,80.0,0.9003,394.0,0.9007,2570.0
1753617220093,11:53:40.093,huobi,AERO/USDT:USDT,0.8979,394.0,0.8977,394.0,0.9003,394.0,0.9007,2953.0
1753617220118,11:53:40.118,huobi,AERO/USDT:USDT,0.8977,394.0,0.8976,5769.0,0.9003,394.0,0.9007,2953.0
1753617221062,11:53:41.062,huobi,AERO/USDT:USDT,0.8977,394.0,0.8976,5769.0,0.9003,394.0,0.9007,2953.0
1753617221078,11:53:41.078,huobi,AERO/USDT:USDT,0.8977,394.0,0.8976,5769.0,0.9003,394.0,0.9007,2953.0
1753617221286,11:53:41.286,huobi,AERO/USDT:USDT,0.8977,394.0,0.8976,5769.0,0.9003,394.0,0.9007,2953.0
1753617221328,11:53:41.328,huobi,AERO/USDT:USDT,0.8977,394.0,0.8976,5780.0,0.9003,394.0,0.9007,2953.0
1753617221511,11:53:41.511,huobi,AERO/USDT:USDT,0.8977,394.0,0.8976,5780.0,0.9003,394.0,0.9007,2953.0
1753617221534,11:53:41.534,huobi,AERO/USDT:USDT,0.8977,394.0,0.8976,5769.0,0.9003,394.0,0.9007,2953.0
1753617221568,11:53:41.568,huobi,AERO/USDT:USDT,0.8977,394.0,0.8976,5769.0,0.9003,394.0,0.9007,2953.0
1753617222041,11:53:42.041,huobi,AERO/USDT:USDT,0.8978,80.0,0.8977,394.0,0.9003,394.0,0.9007,2953.0
1753617223529,11:53:43.529,huobi,AERO/USDT:USDT,0.8979,383.0,0.8978,80.0,0.9003,394.0,0.9007,2953.0
1753617223606,11:53:43.606,huobi,AERO/USDT:USDT,0.8979,383.0,0.8978,80.0,0.9003,394.0,0.9007,2953.0
1753617223630,11:53:43.630,huobi,AERO/USDT:USDT,0.8979,383.0,0.8978,80.0,0.9003,394.0,0.9007,2953.0
1753617223730,11:53:43.730,huobi,AERO/USDT:USDT,0.8979,383.0,0.8978,80.0,0.9003,394.0,0.9007,2953.0
1753617223934,11:53:43.934,huobi,AERO/USDT:USDT,0.8979,383.0,0.8977,394.0,0.9003,394.0,0.9007,2953.0
1753617224329,11:53:44.329,huobi,AERO/USDT:USDT,0.8977,394.0,0.8976,5769.0,0.9003,394.0,0.9007,2953.0
1753617224408,11:53:44.408,huobi,AERO/USDT:USDT,0.8977,394.0,0.8976,5769.0,0.9003,394.0,0.9007,2953.0
1753617224443,11:53:44.443,huobi,AERO/USDT:USDT,0.8977,405.0,0.8976,5769.0,0.9003,394.0,0.9007,2953.0
1753617224467,11:53:44.467,huobi,AERO/USDT:USDT,0.8978,383.0,0.8977,405.0,0.9003,394.0,0.9007,2953.0
1753617224533,11:53:44.533,huobi,AERO/USDT:USDT,0.8978,383.0,0.8977,405.0,0.9003,394.0,0.9007,2953.0
1753617224576,11:53:44.576,huobi,AERO/USDT:USDT,0.8978,383.0,0.8977,394.0,0.9003,394.0,0.9007,2953.0
1753617224614,11:53:44.614,huobi,AERO/USDT:USDT,0.8977,394.0,0.8976,5769.0,0.9003,394.0,0.9007,2953.0
1753617224932,11:53:44.932,huobi,AERO/USDT:USDT,0.8977,394.0,0.8976,5769.0,0.9003,394.0,0.9007,2953.0
1753617225052,11:53:45.052,huobi,AERO/USDT:USDT,0.8977,394.0,0.8976,5769.0,0.9003,394.0,0.9007,2953.0
1753617225783,11:53:45.783,huobi,AERO/USDT:USDT,0.8977,394.0,0.8976,5769.0,0.9003,394.0,0.9007,2953.0
1753617225813,11:53:45.813,huobi,AERO/USDT:USDT,0.8977,394.0,0.8976,5769.0,0.9003,394.0,0.9007,2953.0
1753617225855,11:53:45.855,huobi,AERO/USDT:USDT,0.8979,383.0,0.8978,80.0,0.9003,394.0,0.9007,2953.0
1753617225939,11:53:45.939,huobi,AERO/USDT:USDT,0.8979,383.0,0.8978,80.0,0.9003,394.0,0.9007,383.0
1753617227092,11:53:47.092,huobi,AERO/USDT:USDT,0.8979,383.0,0.8978,80.0,0.9007,383.0,0.9009,5770.0
1753617227106,11:53:47.106,huobi,AERO/USDT:USDT,0.8979,383.0,0.8978,80.0,0.9007,383.0,0.9009,6153.0
1753617227149,11:53:47.149,huobi,AERO/USDT:USDT,0.8979,383.0,0.8978,80.0,0.9007,383.0,0.9009,6153.0
1753617227198,11:53:47.198,huobi,AERO/USDT:USDT,0.8979,383.0,0.8978,80.0,0.9007,383.0,0.9009,6153.0
1753617227224,11:53:47.224,huobi,AERO/USDT:USDT,0.8979,383.0,0.8978,80.0,0.9007,383.0,0.9009,6153.0
1753617227333,11:53:47.333,huobi,AERO/USDT:USDT,0.8979,383.0,0.8978,80.0,0.9007,383.0,0.9009,6153.0
1753617227381,11:53:47.381,huobi,AERO/USDT:USDT,0.8979,383.0,0.8978,80.0,0.9007,383.0,0.9009,6153.0
1753617227410,11:53:47.410,huobi,AERO/USDT:USDT,0.8979,383.0,0.8978,80.0,0.9007,383.0,0.9009,6153.0
1753617227745,11:53:47.745,huobi,AERO/USDT:USDT,0.8979,383.0,0.8977,405.0,0.9007,383.0,0.9009,6153.0
1753617227786,11:53:47.786,huobi,AERO/USDT:USDT,0.8979,383.0,0.8978,11.0,0.9007,383.0,0.9009,6153.0
1753617227925,11:53:47.925,huobi,AERO/USDT:USDT,0.8979,383.0,0.8978,11.0,0.9007,383.0,0.9009,6153.0
1753617229120,11:53:49.120,huobi,AERO/USDT:USDT,0.8979,383.0,0.8978,11.0,0.9007,395.0,0.9009,6153.0
1753617231186,11:53:51.186,huobi,AERO/USDT:USDT,0.8979,383.0,0.8977,394.0,0.9006,385.0,0.9007,395.0
1753617231236,11:53:51.236,huobi,AERO/USDT:USDT,0.8977,405.0,0.8976,5769.0,0.9006,385.0,0.9007,395.0
1753617231244,11:53:51.244,huobi,AERO/USDT:USDT,0.8977,405.0,0.8976,5769.0,0.9006,385.0,0.9007,395.0
1753617231289,11:53:51.289,huobi,AERO/USDT:USDT,0.8978,385.0,0.8977,394.0,0.9006,385.0,0.9007,395.0
1753617231343,11:53:51.343,huobi,AERO/USDT:USDT,0.8978,385.0,0.8977,394.0,0.9006,385.0,0.9007,395.0
1753617231410,11:53:51.410,huobi,AERO/USDT:USDT,0.8977,394.0,0.8976,5769.0,0.9006,385.0,0.9007,395.0
1753617232163,11:53:52.163,huobi,AERO/USDT:USDT,0.8977,394.0,0.8976,5769.0,0.9006,385.0,0.9007,395.0
1753617232332,11:53:52.332,huobi,AERO/USDT:USDT,0.8977,394.0,0.8976,5769.0,0.9006,385.0,0.9007,383.0
1753617232783,11:53:52.783,huobi,AERO/USDT:USDT,0.8998,3.0,0.8977,394.0,0.9007,383.0,0.9009,6153.0
1753617233426,11:53:53.426,huobi,AERO/USDT:USDT,0.8978,11.0,0.8977,394.0,0.9007,383.0,0.9009,6153.0
1753617233438,11:53:53.438,huobi,AERO/USDT:USDT,0.8979,385.0,0.8978,11.0,0.9007,383.0,0.9009,6153.0
1753617235331,11:53:55.331,huobi,AERO/USDT:USDT,0.8979,385.0,0.8977,394.0,0.9007,383.0,0.9009,6153.0
1753617235479,11:53:55.479,huobi,AERO/USDT:USDT,0.8977,394.0,0.8976,5769.0,0.9007,383.0,0.9009,6153.0
1753617235530,11:53:55.530,huobi,AERO/USDT:USDT,0.8977,394.0,0.8976,5769.0,0.9007,383.0,0.9009,6153.0
1753617235567,11:53:55.567,huobi,AERO/USDT:USDT,0.8977,394.0,0.8976,5769.0,0.9006,86.0,0.9007,383.0
1753617235600,11:53:55.600,huobi,AERO/USDT:USDT,0.8977,394.0,0.8976,5769.0,0.9005,385.0,0.9006,86.0
1753617237260,11:53:57.260,huobi,AERO/USDT:USDT,0.8978,7.0,0.8977,394.0,0.9005,385.0,0.9006,86.0
1753617237414,11:53:57.414,huobi,AERO/USDT:USDT,0.8979,385.0,0.8978,7.0,0.9005,385.0,0.9007,383.0
1753617237425,11:53:57.425,huobi,AERO/USDT:USDT,0.8979,385.0,0.8978,7.0,0.9007,383.0,0.9009,6153.0
1753617237503,11:53:57.503,huobi,AERO/USDT:USDT,0.8979,385.0,0.8978,7.0,0.9007,383.0,0.9009,6153.0
1753617237531,11:53:57.531,huobi,AERO/USDT:USDT,0.8979,385.0,0.8978,7.0,0.9007,383.0,0.9009,6153.0
1753617237696,11:53:57.696,huobi,AERO/USDT:USDT,0.8979,385.0,0.8978,7.0,0.9007,383.0,0.9009,6153.0
1753617237742,11:53:57.742,huobi,AERO/USDT:USDT,0.8979,385.0,0.8978,7.0,0.9007,383.0,0.9009,6153.0
1753617239159,11:53:59.159,huobi,AERO/USDT:USDT,0.8979,385.0,0.8977,394.0,0.9007,383.0,0.9009,6153.0
1753617239171,11:53:59.171,huobi,AERO/USDT:USDT,0.8977,394.0,0.8976,5769.0,0.9007,383.0,0.9009,6153.0
1753617240265,11:54:00.265,huobi,AERO/USDT:USDT,0.8977,394.0,0.8976,5769.0,0.9007,383.0,0.9009,6153.0
1753617240301,11:54:00.301,huobi,AERO/USDT:USDT,0.8977,394.0,0.8976,5769.0,0.9007,383.0,0.9009,6153.0
1753617240685,11:54:00.685,huobi,AERO/USDT:USDT,0.8977,394.0,0.8976,5769.0,0.9007,383.0,0.9009,6153.0
1753617241077,11:54:01.077,huobi,AERO/USDT:USDT,0.8978,80.0,0.8977,394.0,0.9007,383.0,0.9009,6153.0
1753617241097,11:54:01.097,huobi,AERO/USDT:USDT,0.8979,382.0,0.8978,80.0,0.9007,383.0,0.9009,6153.0
1753617242991,11:54:02.991,huobi,AERO/USDT:USDT,0.8979,382.0,0.8977,394.0,0.9007,383.0,0.9009,6153.0
1753617243849,11:54:03.849,huobi,AERO/USDT:USDT,0.8977,394.0,0.8976,5769.0,0.9006,86.0,0.9007,383.0
1753617244262,11:54:04.262,huobi,AERO/USDT:USDT,0.8977,394.0,0.8976,5769.0,0.9005,382.0,0.9006,86.0
1753617244320,11:54:04.320,huobi,AERO/USDT:USDT,0.8977,394.0,0.8976,5769.0,0.9005,382.0,0.9006,86.0
1753617244916,11:54:04.916,huobi,AERO/USDT:USDT,0.8978,80.0,0.8977,394.0,0.9005,382.0,0.9006,86.0
1753617244927,11:54:04.927,huobi,AERO/USDT:USDT,0.8979,382.0,0.8978,80.0,0.9005,382.0,0.9006,86.0
1753617245066,11:54:05.066,huobi,AERO/USDT:USDT,0.8979,382.0,0.8978,80.0,0.9005,382.0,0.9006,86.0
1753617245092,11:54:05.092,huobi,AERO/USDT:USDT,0.898,5766.0,0.8979,382.0,0.9005,382.0,0.9006,86.0
1753617245340,11:54:05.340,huobi,AERO/USDT:USDT,0.8981,382.0,0.898,5766.0,0.9005,382.0,0.9006,86.0
1753617245393,11:54:05.393,huobi,AERO/USDT:USDT,0.8981,382.0,0.898,5766.0,0.9005,382.0,0.9006,86.0
1753617245450,11:54:05.450,huobi,AERO/USDT:USDT,0.8981,382.0,0.898,5766.0,0.9005,382.0,0.9006,86.0
1753617245481,11:54:05.481,huobi,AERO/USDT:USDT,0.8981,382.0,0.898,5766.0,0.9005,382.0,0.9006,86.0
1753617246331,11:54:06.331,huobi,AERO/USDT:USDT,0.8981,382.0,0.898,5766.0,0.9005,382.0,0.9006,86.0
1753617246449,11:54:06.449,huobi,AERO/USDT:USDT,0.8981,382.0,0.898,5766.0,0.9005,382.0,0.9006,86.0
1753617246823,11:54:06.823,huobi,AERO/USDT:USDT,0.8981,382.0,0.898,5766.0,0.9005,382.0,0.9006,86.0
1753617247049,11:54:07.049,huobi,AERO/USDT:USDT,0.8981,382.0,0.898,5766.0,0.9005,382.0,0.9006,86.0
1753617247060,11:54:07.060,huobi,AERO/USDT:USDT,0.8981,382.0,0.898,5766.0,0.9005,382.0,0.9007,383.0
1753617247403,11:54:07.403,huobi,AERO/USDT:USDT,0.8981,382.0,0.898,5766.0,0.9007,383.0,0.9009,6153.0
1753617247445,11:54:07.445,huobi,AERO/USDT:USDT,0.8981,382.0,0.898,5766.0,0.9007,383.0,0.9009,6153.0
1753617248415,11:54:08.415,huobi,AERO/USDT:USDT,0.8981,382.0,0.898,5766.0,0.8993,1.0,0.9007,383.0
1753617248453,11:54:08.453,huobi,AERO/USDT:USDT,0.8981,382.0,0.898,5766.0,0.8992,384.0,0.9007,383.0
1753617248589,11:54:08.589,huobi,AERO/USDT:USDT,0.8981,382.0,0.898,5766.0,0.9007,383.0,0.9009,6629.0
1753617249181,11:54:09.181,huobi,AERO/USDT:USDT,0.8981,382.0,0.898,5766.0,0.9007,383.0,0.9009,6629.0
1753617249865,11:54:09.865,huobi,AERO/USDT:USDT,0.8981,382.0,0.898,5766.0,0.9007,383.0,0.9009,6629.0
1753617249882,11:54:09.882,huobi,AERO/USDT:USDT,0.8981,382.0,0.898,5766.0,0.9007,383.0,0.9009,6629.0
1753617250291,11:54:10.291,huobi,AERO/USDT:USDT,0.8981,382.0,0.898,5766.0,0.9006,86.0,0.9007,383.0
1753617250304,11:54:10.304,huobi,AERO/USDT:USDT,0.8981,382.0,0.898,5766.0,0.9005,384.0,0.9006,86.0
1753617253511,11:54:13.511,huobi,AERO/USDT:USDT,0.8981,382.0,0.898,5766.0,0.9005,384.0,0.9007,383.0
1753617253549,11:54:13.549,huobi,AERO/USDT:USDT,0.8981,382.0,0.898,5766.0,0.9007,383.0,0.9009,6629.0
1753617253578,11:54:13.578,huobi,AERO/USDT:USDT,0.8981,382.0,0.898,5766.0,0.9007,383.0,0.9009,6629.0
1753617254672,11:54:14.672,huobi,AERO/USDT:USDT,0.8981,382.0,0.898,5766.0,0.9007,383.0,0.9009,6629.0
1753617254688,11:54:14.688,huobi,AERO/USDT:USDT,0.8981,382.0,0.898,5766.0,0.9007,383.0,0.9009,6629.0
1753617256751,11:54:16.751,huobi,AERO/USDT:USDT,0.8981,382.0,0.898,5766.0,0.9006,86.0,0.9007,383.0
1753617259467,11:54:19.467,huobi,AERO/USDT:USDT,0.8981,382.0,0.898,5766.0,0.9005,384.0,0.9006,86.0
1753617259480,11:54:19.480,huobi,AERO/USDT:USDT,0.8981,382.0,0.898,5766.0,0.9005,384.0,0.9006,86.0
1753617259978,11:54:19.978,huobi,AERO/USDT:USDT,0.8981,382.0,0.898,5766.0,0.9005,384.0,0.9007,383.0
1753617259991,11:54:19.991,huobi,AERO/USDT:USDT,0.8981,382.0,0.898,5766.0,0.9007,383.0,0.9009,6629.0
1753617263230,11:54:23.230,huobi,AERO/USDT:USDT,0.8981,382.0,0.898,5766.0,0.9006,86.0,0.9007,383.0
1753617263269,11:54:23.269,huobi,AERO/USDT:USDT,0.8981,382.0,0.898,5766.0,0.9005,392.0,0.9006,86.0
1753617264245,11:54:24.245,huobi,AERO/USDT:USDT,0.8995,49.0,0.8981,382.0,0.9005,392.0,0.9006,86.0
1753617264295,11:54:24.295,huobi,AERO/USDT:USDT,0.8981,382.0,0.898,5766.0,0.9005,392.0,0.9006,86.0
1753617266452,11:54:26.452,huobi,AERO/USDT:USDT,0.8981,382.0,0.898,5766.0,0.9005,392.0,0.9007,383.0
1753617266469,11:54:26.469,huobi,AERO/USDT:USDT,0.8981,382.0,0.898,5766.0,0.9007,383.0,0.9009,6629.0
1753617267470,11:54:27.470,huobi,AERO/USDT:USDT,0.8981,382.0,0.898,5766.0,0.9007,383.0,0.9009,6629.0
1753617267484,11:54:27.484,huobi,AERO/USDT:USDT,0.8982,2566.0,0.8981,382.0,0.9007,383.0,0.9009,6629.0
1753617268602,11:54:28.602,huobi,AERO/USDT:USDT,0.8983,392.0,0.8982,2566.0,0.9007,383.0,0.9009,6629.0
1753617269064,11:54:29.064,huobi,AERO/USDT:USDT,0.8983,392.0,0.8982,2566.0,0.9007,383.0,0.9009,6629.0
1753617269083,11:54:29.083,huobi,AERO/USDT:USDT,0.8983,392.0,0.8982,2566.0,0.9007,383.0,0.9009,6629.0
1753617269698,11:54:29.698,huobi,AERO/USDT:USDT,0.8983,392.0,0.8982,2566.0,0.9006,86.0,0.9007,383.0
1753617269710,11:54:29.710,huobi,AERO/USDT:USDT,0.8983,392.0,0.8982,2566.0,0.9005,389.0,0.9006,86.0
1753617271733,11:54:31.733,huobi,AERO/USDT:USDT,0.8983,392.0,0.8982,2566.0,0.9005,389.0,0.9006,86.0
1753617271735,11:54:31.735,huobi,AERO/USDT:USDT,0.8983,392.0,0.8982,2566.0,0.9005,389.0,0.9006,86.0
1753617272918,11:54:32.918,huobi,AERO/USDT:USDT,0.8983,392.0,0.8982,2566.0,0.9005,389.0,0.9007,383.0
1753617273566,11:54:33.566,huobi,AERO/USDT:USDT,0.8983,392.0,0.8982,2566.0,0.9007,383.0,0.9009,6629.0
1753617273578,11:54:33.578,huobi,AERO/USDT:USDT,0.8983,392.0,0.8982,2566.0,0.9007,383.0,0.9009,6629.0
1753617273608,11:54:33.608,huobi,AERO/USDT:USDT,0.8983,392.0,0.8982,2566.0,0.9007,383.0,0.9009,6629.0
1753617273640,11:54:33.640,huobi,AERO/USDT:USDT,0.8983,392.0,0.8982,2566.0,0.9007,383.0,0.9009,6629.0
1753617275017,11:54:35.017,huobi,AERO/USDT:USDT,0.8983,392.0,0.8982,2566.0,0.9007,383.0,0.9009,6629.0
1753617275373,11:54:35.373,huobi,AERO/USDT:USDT,0.8983,392.0,0.8982,389.0,0.9007,383.0,0.9009,6629.0
1753617275866,11:54:35.866,huobi,AERO/USDT:USDT,0.8982,389.0,0.8979,2566.0,0.9007,383.0,0.9009,6629.0
1753617276151,11:54:36.151,huobi,AERO/USDT:USDT,0.8982,389.0,0.8979,2955.0,0.9006,86.0,0.9007,383.0
1753617276165,11:54:36.165,huobi,AERO/USDT:USDT,0.8982,389.0,0.8979,2955.0,0.9005,389.0,0.9006,86.0
1753617279367,11:54:39.367,huobi,AERO/USDT:USDT,0.8982,389.0,0.8979,2955.0,0.9005,389.0,0.9007,383.0
1753617280664,11:54:40.664,huobi,AERO/USDT:USDT,0.8982,389.0,0.8979,2955.0,0.9007,383.0,0.9009,859.0
1753617280693,11:54:40.693,huobi,AERO/USDT:USDT,0.8982,389.0,0.8979,2955.0,0.9003,380.0,0.9004,5769.0
1753617282614,11:54:42.614,huobi,AERO/USDT:USDT,0.8982,389.0,0.8979,2955.0,0.9002,86.0,0.9003,380.0
1753617282642,11:54:42.642,huobi,AERO/USDT:USDT,0.8982,389.0,0.8979,389.0,0.9001,380.0,0.9002,86.0
1753617282681,11:54:42.681,huobi,AERO/USDT:USDT,0.8979,389.0,0.8975,2945.0,0.9,380.0,0.9001,2945.0
1753617283004,11:54:43.004,huobi,AERO/USDT:USDT,0.8994,52.0,0.8979,389.0,0.9,380.0,0.9001,2945.0
1753617285466,11:54:45.466,huobi,AERO/USDT:USDT,0.8979,389.0,0.8975,2945.0,0.9,380.0,0.9001,2945.0
1753617285484,11:54:45.484,huobi,AERO/USDT:USDT,0.8979,389.0,0.8975,2945.0,0.9,380.0,0.9001,2945.0
1753617285837,11:54:45.837,huobi,AERO/USDT:USDT,0.8979,389.0,0.8975,2945.0,0.9,380.0,0.9001,2945.0
1753617290264,11:54:50.264,huobi,AERO/USDT:USDT,0.8979,389.0,0.8975,2945.0,0.9,380.0,0.9001,2945.0
1753617295066,11:54:55.066,huobi,AERO/USDT:USDT,0.8979,389.0,0.8975,2945.0,0.9,380.0,0.9001,2945.0
1753617295112,11:54:55.112,huobi,AERO/USDT:USDT,0.8979,389.0,0.8975,2945.0,0.9,380.0,0.9001,2945.0
1753617298017,11:54:58.017,huobi,AERO/USDT:USDT,0.8992,61.0,0.8979,389.0,0.9,380.0,0.9001,2945.0
1753617298026,11:54:58.026,huobi,AERO/USDT:USDT,0.8979,389.0,0.8975,2945.0,0.9,380.0,0.9001,2945.0
1753617299865,11:54:59.865,huobi,AERO/USDT:USDT,0.8979,389.0,0.8975,2945.0,0.9,380.0,0.9001,2945.0
1753617304672,11:55:04.672,huobi,AERO/USDT:USDT,0.8979,389.0,0.8975,2945.0,0.9,380.0,0.9001,2945.0
1753617304695,11:55:04.695,huobi,AERO/USDT:USDT,0.8979,389.0,0.8975,2945.0,0.9,380.0,0.9001,2945.0
1753617304722,11:55:04.722,huobi,AERO/USDT:USDT,0.8979,389.0,0.8975,2945.0,0.9,380.0,0.9001,8715.0
1753617304782,11:55:04.782,huobi,AERO/USDT:USDT,0.8979,389.0,0.8975,2945.0,0.9,380.0,0.9001,8715.0
1753617304842,11:55:04.842,huobi,AERO/USDT:USDT,0.8979,389.0,0.8975,2945.0,0.9,380.0,0.9001,8715.0
1753617304846,11:55:04.846,huobi,AERO/USDT:USDT,0.8979,389.0,0.8975,2945.0,0.9,380.0,0.9001,8715.0
1753617305151,11:55:05.151,huobi,AERO/USDT:USDT,0.8979,389.0,0.8975,2945.0,0.9,380.0,0.9001,8715.0
1753617305206,11:55:05.206,huobi,AERO/USDT:USDT,0.8979,389.0,0.8975,2945.0,0.9,380.0,0.9001,8715.0
1753617305269,11:55:05.269,huobi,AERO/USDT:USDT,0.8979,389.0,0.8975,2945.0,0.9,380.0,0.9001,8715.0
1753617307269,11:55:07.269,huobi,AERO/USDT:USDT,0.8979,389.0,0.8975,2945.0,0.9,380.0,0.9001,8715.0
1753617308272,11:55:08.272,huobi,AERO/USDT:USDT,0.8979,389.0,0.8975,2945.0,0.8999,86.0,0.9,380.0
1753617308285,11:55:08.285,huobi,AERO/USDT:USDT,0.8979,389.0,0.8975,2945.0,0.8998,391.0,0.8999,86.0
1753617308324,11:55:08.324,huobi,AERO/USDT:USDT,0.8979,389.0,0.8975,2945.0,0.8996,391.0,0.8997,2563.0
1753617310180,11:55:10.180,huobi,AERO/USDT:USDT,0.8979,389.0,0.8975,2945.0,0.8996,391.0,0.8997,2563.0
1753617310317,11:55:10.317,huobi,AERO/USDT:USDT,0.8979,389.0,0.8975,2945.0,0.8996,391.0,0.8997,2563.0
1753617311486,11:55:11.486,huobi,AERO/USDT:USDT,0.8979,389.0,0.8975,2945.0,0.8996,391.0,0.8997,2563.0
1753617311568,11:55:11.568,huobi,AERO/USDT:USDT,0.8979,389.0,0.8975,2945.0,0.8996,391.0,0.8997,2563.0
1753617313068,11:55:13.068,huobi,AERO/USDT:USDT,0.8986,39.0,0.8979,389.0,0.8996,391.0,0.8997,2563.0
1753617313089,11:55:13.089,huobi,AERO/USDT:USDT,0.8979,389.0,0.8975,2945.0,0.8996,391.0,0.8997,2563.0
1753617314266,11:55:14.266,huobi,AERO/USDT:USDT,0.8979,389.0,0.8975,2945.0,0.8996,391.0,0.8997,2563.0
1753617315362,11:55:15.362,huobi,AERO/USDT:USDT,0.8979,389.0,0.8975,2945.0,0.8996,391.0,0.8997,2563.0
1753617315370,11:55:15.370,huobi,AERO/USDT:USDT,0.8979,389.0,0.8975,2945.0,0.8996,391.0,0.9,380.0
1753617315498,11:55:15.498,huobi,AERO/USDT:USDT,0.8979,389.0,0.8975,2945.0,0.8995,2563.0,0.9,380.0
1753617319067,11:55:19.067,huobi,AERO/USDT:USDT,0.8979,389.0,0.8975,2945.0,0.8994,378.0,0.8995,2563.0
1753617320066,11:55:20.066,huobi,AERO/USDT:USDT,0.8979,389.0,0.8975,2945.0,0.8994,378.0,0.8995,2563.0
1753617320123,11:55:20.123,huobi,AERO/USDT:USDT,0.8979,389.0,0.8975,2945.0,0.8994,378.0,0.8995,2563.0
1753617320282,11:55:20.282,huobi,AERO/USDT:USDT,0.8979,389.0,0.8975,2945.0,0.8994,378.0,0.8995,2563.0
1753617320297,11:55:20.297,huobi,AERO/USDT:USDT,0.8979,389.0,0.8975,2945.0,0.8994,378.0,0.8995,2563.0
1753617320329,11:55:20.329,huobi,AERO/USDT:USDT,0.8979,389.0,0.8975,2945.0,0.8994,378.0,0.8995,2563.0
1753617320346,11:55:20.346,huobi,AERO/USDT:USDT,0.8979,389.0,0.8975,380.0,0.8994,378.0,0.8995,2563.0
1753617320381,11:55:20.381,huobi,AERO/USDT:USDT,0.8975,380.0,0.8971,5771.0,0.8994,378.0,0.8995,2563.0
1753617320414,11:55:20.414,huobi,AERO/USDT:USDT,0.8975,380.0,0.8971,5771.0,0.8994,378.0,0.8995,2563.0
1753617320462,11:55:20.462,huobi,AERO/USDT:USDT,0.8975,380.0,0.8971,8334.0,0.8994,378.0,0.8995,2563.0
1753617320487,11:55:20.487,huobi,AERO/USDT:USDT,0.8975,380.0,0.8971,8334.0,0.8994,378.0,0.8995,2563.0
1753617320501,11:55:20.501,huobi,AERO/USDT:USDT,0.8975,380.0,0.8971,8334.0,0.8994,378.0,0.8995,2563.0
1753617320584,11:55:20.584,huobi,AERO/USDT:USDT,0.8975,380.0,0.8971,8334.0,0.8994,378.0,0.8995,2563.0
1753617320621,11:55:20.621,huobi,AERO/USDT:USDT,0.8975,380.0,0.8971,8334.0,0.8994,378.0,0.8995,2563.0
1753617320751,11:55:20.751,huobi,AERO/USDT:USDT,0.8975,380.0,0.8971,2563.0,0.8994,378.0,0.8995,2563.0
1753617320766,11:55:20.766,huobi,AERO/USDT:USDT,0.8975,380.0,0.8971,2563.0,0.8994,378.0,0.8995,2563.0
1753617320797,11:55:20.797,huobi,AERO/USDT:USDT,0.8975,380.0,0.8971,2563.0,0.8994,378.0,0.8995,2563.0
1753617320843,11:55:20.843,huobi,AERO/USDT:USDT,0.8975,380.0,0.8966,383.0,0.8994,378.0,0.8995,2563.0
1753617320854,11:55:20.854,huobi,AERO/USDT:USDT,0.8966,383.0,0.8965,5771.0,0.8994,378.0,0.8995,2563.0
1753617320893,11:55:20.893,huobi,AERO/USDT:USDT,0.8966,383.0,0.8965,5771.0,0.8994,378.0,0.8995,2563.0
1753617320929,11:55:20.929,huobi,AERO/USDT:USDT,0.8966,383.0,0.8965,5771.0,0.8994,378.0,0.8995,2563.0
1753617320976,11:55:20.976,huobi,AERO/USDT:USDT,0.8966,383.0,0.8965,5771.0,0.8994,378.0,0.8995,2563.0
1753617321021,11:55:21.021,huobi,AERO/USDT:USDT,0.8966,383.0,0.8965,5771.0,0.8994,378.0,0.8995,2563.0
1753617321043,11:55:21.043,huobi,AERO/USDT:USDT,0.8966,383.0,0.8965,5771.0,0.8994,378.0,0.8995,2563.0
1753617321074,11:55:21.074,huobi,AERO/USDT:USDT,0.8968,384.0,0.8967,2563.0,0.8994,378.0,0.8995,2563.0
1753617321101,11:55:21.101,huobi,AERO/USDT:USDT,0.8968,384.0,0.8967,2563.0,0.8994,378.0,0.8995,2563.0
1753617321132,11:55:21.132,huobi,AERO/USDT:USDT,0.8968,384.0,0.8967,2563.0,0.8992,384.0,0.8993,51.0
1753617322253,11:55:22.253,huobi,AERO/USDT:USDT,0.8968,384.0,0.8967,2563.0,0.8992,384.0,0.8993,51.0
1753617322273,11:55:22.273,huobi,AERO/USDT:USDT,0.8968,384.0,0.8967,2563.0,0.8992,384.0,0.8993,51.0
1753617322315,11:55:22.315,huobi,AERO/USDT:USDT,0.8968,384.0,0.8967,2563.0,0.8992,384.0,0.8993,51.0
1753617322347,11:55:22.347,huobi,AERO/USDT:USDT,0.8968,384.0,0.8967,2563.0,0.8992,384.0,0.8993,51.0
1753617323738,11:55:23.738,huobi,AERO/USDT:USDT,0.8968,384.0,0.8967,2563.0,0.8992,384.0,0.8993,51.0
1753617323772,11:55:23.772,huobi,AERO/USDT:USDT,0.8968,384.0,0.8967,2563.0,0.8992,384.0,0.8993,51.0
1753617324344,11:55:24.344,huobi,AERO/USDT:USDT,0.8968,384.0,0.8967,2563.0,0.8992,384.0,0.8994,378.0
1753617324370,11:55:24.370,huobi,AERO/USDT:USDT,0.8968,384.0,0.8967,2563.0,0.8994,378.0,0.8995,2563.0
1753617324427,11:55:24.427,huobi,AERO/USDT:USDT,0.8968,384.0,0.8967,2563.0,0.8982,384.0,0.8994,378.0
1753617324491,11:55:24.491,huobi,AERO/USDT:USDT,0.8968,384.0,0.8967,2563.0,0.8982,384.0,0.8994,378.0
1753617324546,11:55:24.546,huobi,AERO/USDT:USDT,0.8968,384.0,0.8967,2563.0,0.8994,378.0,0.8995,2563.0
1753617324881,11:55:24.881,huobi,AERO/USDT:USDT,0.8968,384.0,0.8967,2563.0,0.8994,378.0,0.8995,2563.0
1753617325027,11:55:25.027,huobi,AERO/USDT:USDT,0.8968,384.0,0.8967,2563.0,0.8993,18.0,0.8994,378.0
1753617325758,11:55:25.758,huobi,AERO/USDT:USDT,0.8968,384.0,0.8967,2563.0,0.8992,384.0,0.8993,18.0
1753617325809,11:55:25.809,huobi,AERO/USDT:USDT,0.8968,384.0,0.8967,2563.0,0.8992,384.0,0.8993,18.0
1753617326276,11:55:26.276,huobi,AERO/USDT:USDT,0.8969,5.0,0.8968,384.0,0.8992,384.0,0.8993,18.0
1753617326288,11:55:26.288,huobi,AERO/USDT:USDT,0.897,384.0,0.8969,5.0,0.8992,384.0,0.8993,18.0
1753617326477,11:55:26.477,huobi,AERO/USDT:USDT,0.897,384.0,0.8969,5.0,0.8992,384.0,0.8993,18.0
1753617326499,11:55:26.499,huobi,AERO/USDT:USDT,0.897,384.0,0.8969,5.0,0.8992,384.0,0.8993,18.0
1753617326533,11:55:26.533,huobi,AERO/USDT:USDT,0.897,384.0,0.8969,5.0,0.8992,384.0,0.8993,18.0
1753617328168,11:55:28.168,huobi,AERO/USDT:USDT,0.897,384.0,0.8968,384.0,0.8992,384.0,0.8993,18.0
1753617328180,11:55:28.180,huobi,AERO/USDT:USDT,0.8968,384.0,0.8967,2563.0,0.8992,384.0,0.8993,18.0
1753617328232,11:55:28.232,huobi,AERO/USDT:USDT,0.8968,384.0,0.8967,2563.0,0.8992,384.0,0.8994,378.0
1753617328243,11:55:28.243,huobi,AERO/USDT:USDT,0.8968,384.0,0.8967,2563.0,0.8994,378.0,0.8995,2563.0
1753617328624,11:55:28.624,huobi,AERO/USDT:USDT,0.8968,384.0,0.8967,2563.0,0.8994,378.0,0.8995,2563.0
1753617329681,11:55:29.681,huobi,AERO/USDT:USDT,0.8968,384.0,0.8967,2563.0,0.8994,378.0,0.8995,2563.0
1753617330087,11:55:30.087,huobi,AERO/USDT:USDT,0.8969,5.0,0.8968,384.0,0.8994,378.0,0.8995,2563.0
1753617330098,11:55:30.098,huobi,AERO/USDT:USDT,0.897,378.0,0.8969,5.0,0.8994,378.0,0.8995,2563.0
1753617331465,11:55:31.465,huobi,AERO/USDT:USDT,0.897,378.0,0.8969,5.0,0.8993,87.0,0.8994,378.0
1753617331477,11:55:31.477,huobi,AERO/USDT:USDT,0.897,378.0,0.8969,5.0,0.8992,378.0,0.8993,87.0
1753617334482,11:55:34.482,huobi,AERO/USDT:USDT,0.897,378.0,0.8969,5.0,0.8992,378.0,0.8993,87.0
1753617334685,11:55:34.685,huobi,AERO/USDT:USDT,0.897,378.0,0.8969,5.0,0.8992,378.0,0.8994,378.0
1753617334741,11:55:34.741,huobi,AERO/USDT:USDT,0.897,378.0,0.8969,5.0,0.8994,378.0,0.8995,2563.0
1753617334747,11:55:34.747,huobi,AERO/USDT:USDT,0.897,378.0,0.8969,5.0,0.8994,378.0,0.8995,2563.0
1753617334785,11:55:34.785,huobi,AERO/USDT:USDT,0.897,378.0,0.8969,5.0,0.8994,378.0,0.8995,2563.0
1753617334820,11:55:34.820,huobi,AERO/USDT:USDT,0.897,378.0,0.8969,5.0,0.8994,378.0,0.8995,2563.0
1753617334875,11:55:34.875,huobi,AERO/USDT:USDT,0.897,378.0,0.8969,5.0,0.8994,378.0,0.8995,2563.0
1753617335090,11:55:35.090,huobi,AERO/USDT:USDT,0.897,378.0,0.8969,5.0,0.8994,378.0,0.8995,2563.0
1753617335127,11:55:35.127,huobi,AERO/USDT:USDT,0.897,378.0,0.8969,5.0,0.8994,378.0,0.8995,2563.0
1753617335759,11:55:35.759,huobi,AERO/USDT:USDT,0.897,378.0,0.8969,5.0,0.8994,378.0,0.8995,2563.0
1753617335781,11:55:35.781,huobi,AERO/USDT:USDT,0.897,378.0,0.8969,5.0,0.8994,378.0,0.8995,2563.0
1753617335806,11:55:35.806,huobi,AERO/USDT:USDT,0.897,378.0,0.8969,5.0,0.8994,378.0,0.8995,2563.0
1753617336252,11:55:36.252,huobi,AERO/USDT:USDT,0.897,378.0,0.8969,5.0,0.8994,378.0,0.8995,2563.0
1753617336285,11:55:36.285,huobi,AERO/USDT:USDT,0.897,378.0,0.8969,5.0,0.8994,378.0,0.8995,2563.0
1753617336316,11:55:36.316,huobi,AERO/USDT:USDT,0.897,378.0,0.8969,5.0,0.8994,378.0,0.8995,2563.0
1753617336349,11:55:36.349,huobi,AERO/USDT:USDT,0.897,378.0,0.8969,5.0,0.8994,378.0,0.8995,2563.0
1753617337919,11:55:37.919,huobi,AERO/USDT:USDT,0.897,378.0,0.8969,5.0,0.8993,87.0,0.8994,378.0
1753617337931,11:55:37.931,huobi,AERO/USDT:USDT,0.897,378.0,0.8969,5.0,0.8992,378.0,0.8993,87.0
1753617339287,11:55:39.287,huobi,AERO/USDT:USDT,0.897,378.0,0.8969,5.0,0.8992,378.0,0.8993,87.0
1753617339332,11:55:39.332,huobi,AERO/USDT:USDT,0.897,378.0,0.8969,5.0,0.8992,378.0,0.8993,87.0
1753617339356,11:55:39.356,huobi,AERO/USDT:USDT,0.897,378.0,0.8969,5.0,0.8992,378.0,0.8993,87.0
1753617339755,11:55:39.755,huobi,AERO/USDT:USDT,0.897,378.0,0.8968,384.0,0.8992,378.0,0.8993,87.0
1753617340332,11:55:40.332,huobi,AERO/USDT:USDT,0.8968,384.0,0.8967,2563.0,0.8992,378.0,0.8993,87.0
1753617340362,11:55:40.362,huobi,AERO/USDT:USDT,0.8968,384.0,0.8967,2563.0,0.8992,378.0,0.8993,87.0
1753617340462,11:55:40.462,huobi,AERO/USDT:USDT,0.8968,384.0,0.8967,2563.0,0.8992,378.0,0.8993,87.0
1753617340495,11:55:40.495,huobi,AERO/USDT:USDT,0.8968,384.0,0.8967,2563.0,0.8992,378.0,0.8993,87.0
1753617340524,11:55:40.524,huobi,AERO/USDT:USDT,0.8968,384.0,0.8967,2563.0,0.8992,378.0,0.8993,87.0
1753617340562,11:55:40.562,huobi,AERO/USDT:USDT,0.8968,384.0,0.8967,2563.0,0.8992,378.0,0.8993,87.0
1753617340790,11:55:40.790,huobi,AERO/USDT:USDT,0.8968,384.0,0.8967,2563.0,0.8977,61.0,0.8992,378.0
1753617340803,11:55:40.803,huobi,AERO/USDT:USDT,0.8968,384.0,0.8967,2563.0,0.8992,378.0,0.8993,87.0
1753617340837,11:55:40.837,huobi,AERO/USDT:USDT,0.8968,384.0,0.8967,2563.0,0.8992,378.0,0.8993,87.0
1753617341136,11:55:41.136,huobi,AERO/USDT:USDT,0.8968,384.0,0.8967,2563.0,0.8992,378.0,0.8994,378.0
1753617342608,11:55:42.608,huobi,AERO/USDT:USDT,0.8968,384.0,0.8967,2563.0,0.8994,378.0,0.8995,2563.0
1753617342641,11:55:42.641,huobi,AERO/USDT:USDT,0.8968,384.0,0.8967,2563.0,0.8994,378.0,0.8995,2563.0
1753617343613,11:55:43.613,huobi,AERO/USDT:USDT,0.8968,384.0,0.8967,2563.0,0.8994,378.0,0.8995,2563.0
1753617344081,11:55:44.081,huobi,AERO/USDT:USDT,0.8968,384.0,0.8967,2563.0,0.8994,378.0,0.8995,2563.0
1753617344107,11:55:44.107,huobi,AERO/USDT:USDT,0.8968,384.0,0.8967,2563.0,0.8992,378.0,0.8993,5774.0
1753617344370,11:55:44.370,huobi,AERO/USDT:USDT,0.8968,384.0,0.8967,2563.0,0.8991,51.0,0.8992,378.0
1753617344405,11:55:44.405,huobi,AERO/USDT:USDT,0.8968,384.0,0.8967,2563.0,0.899,378.0,0.8991,51.0
1753617344797,11:55:44.797,huobi,AERO/USDT:USDT,0.8968,384.0,0.8967,2563.0,0.899,378.0,0.8991,51.0
1753617344835,11:55:44.835,huobi,AERO/USDT:USDT,0.8968,384.0,0.8967,2563.0,0.899,378.0,0.8991,51.0
1753617344963,11:55:44.963,huobi,AERO/USDT:USDT,0.8968,384.0,0.8967,2563.0,0.899,378.0,0.8991,51.0
1753617345746,11:55:45.746,huobi,AERO/USDT:USDT,0.8968,384.0,0.8967,2563.0,0.899,378.0,0.8991,51.0
1753617347311,11:55:47.311,huobi,AERO/USDT:USDT,0.8969,81.0,0.8968,384.0,0.899,378.0,0.8991,51.0
1753617347323,11:55:47.323,huobi,AERO/USDT:USDT,0.897,378.0,0.8969,81.0,0.899,378.0,0.8991,51.0
1753617347580,11:55:47.580,huobi,AERO/USDT:USDT,0.897,378.0,0.8969,81.0,0.899,378.0,0.8992,378.0
1753617347595,11:55:47.595,huobi,AERO/USDT:USDT,0.897,378.0,0.8969,81.0,0.8992,378.0,0.8993,5774.0
1753617347684,11:55:47.684,huobi,AERO/USDT:USDT,0.897,378.0,0.8969,81.0,0.8991,38.0,0.8992,378.0
1753617347706,11:55:47.706,huobi,AERO/USDT:USDT,0.897,378.0,0.8969,81.0,0.899,378.0,0.8991,38.0
1753617348882,11:55:48.882,huobi,AERO/USDT:USDT,0.897,378.0,0.8969,81.0,0.899,378.0,0.8992,378.0
1753617349208,11:55:49.208,huobi,AERO/USDT:USDT,0.897,378.0,0.8968,384.0,0.8992,378.0,0.8993,5774.0
1753617350596,11:55:50.596,huobi,AERO/USDT:USDT,0.8969,81.0,0.8968,384.0,0.8992,378.0,0.8993,5774.0
1753617352012,11:55:52.012,huobi,AERO/USDT:USDT,0.897,390.0,0.8968,384.0,0.8992,378.0,0.8993,5774.0
1753617352023,11:55:52.023,huobi,AERO/USDT:USDT,0.8968,384.0,0.8967,2563.0,0.8992,378.0,0.8993,5774.0
1753617353683,11:55:53.683,huobi,AERO/USDT:USDT,0.8968,384.0,0.8967,2563.0,0.8992,378.0,0.8993,5774.0
1753617354173,11:55:54.173,huobi,AERO/USDT:USDT,0.8968,384.0,0.8967,2563.0,0.8991,24.0,0.8992,378.0
1753617354191,11:55:54.191,huobi,AERO/USDT:USDT,0.8968,384.0,0.8967,2563.0,0.899,390.0,0.8991,24.0
1753617355103,11:55:55.103,huobi,AERO/USDT:USDT,0.8968,384.0,0.8967,2563.0,0.899,390.0,0.8991,24.0
1753617355118,11:55:55.118,huobi,AERO/USDT:USDT,0.8968,384.0,0.8967,2563.0,0.8989,2562.0,0.899,390.0
1753617355806,11:55:55.806,huobi,AERO/USDT:USDT,0.8969,81.0,0.8968,384.0,0.8988,390.0,0.8989,2562.0
1753617356478,11:55:56.478,huobi,AERO/USDT:USDT,0.897,390.0,0.8969,81.0,0.8988,390.0,0.8989,2562.0
1753617357827,11:55:57.827,huobi,AERO/USDT:USDT,0.8977,23.0,0.897,390.0,0.8988,390.0,0.8989,2562.0
1753617357847,11:55:57.847,huobi,AERO/USDT:USDT,0.897,390.0,0.8969,81.0,0.8988,390.0,0.8989,2562.0
1753617358482,11:55:58.482,huobi,AERO/USDT:USDT,0.897,390.0,0.8969,81.0,0.8988,390.0,0.8989,2562.0
1753617358629,11:55:58.629,huobi,AERO/USDT:USDT,0.897,390.0,0.8969,81.0,0.8988,390.0,0.8989,2562.0
1753617363283,11:56:03.283,huobi,AERO/USDT:USDT,0.897,390.0,0.8969,81.0,0.8988,390.0,0.8989,2562.0
1753617363306,11:56:03.306,huobi,AERO/USDT:USDT,0.897,390.0,0.8969,81.0,0.8988,390.0,0.8989,2562.0
1753617363337,11:56:03.337,huobi,AERO/USDT:USDT,0.897,390.0,0.8969,81.0,0.8988,390.0,0.8989,2562.0
1753617368081,11:56:08.081,huobi,AERO/USDT:USDT,0.897,390.0,0.8969,81.0,0.8988,390.0,0.8989,2562.0
1753617369930,11:56:09.930,huobi,AERO/USDT:USDT,0.897,390.0,0.8969,81.0,0.8983,25.0,0.8988,390.0
1753617369938,11:56:09.938,huobi,AERO/USDT:USDT,0.897,390.0,0.8969,81.0,0.8988,390.0,0.8989,2562.0
1753617369969,11:56:09.969,huobi,AERO/USDT:USDT,0.897,390.0,0.8969,81.0,0.8986,381.0,0.8987,2562.0
1753617371455,11:56:11.455,huobi,AERO/USDT:USDT,0.897,390.0,0.8969,81.0,0.8986,381.0,0.8987,2562.0
1753617372259,11:56:12.259,huobi,AERO/USDT:USDT,0.897,390.0,0.8968,384.0,0.8986,381.0,0.8987,2562.0
1753617372882,11:56:12.882,huobi,AERO/USDT:USDT,0.8968,384.0,0.8967,2563.0,0.8986,381.0,0.8987,2562.0
1753617376085,11:56:16.085,huobi,AERO/USDT:USDT,0.8969,5.0,0.8968,384.0,0.8986,381.0,0.8987,2562.0
1753617377684,11:56:17.684,huobi,AERO/USDT:USDT,0.897,381.0,0.8969,5.0,0.8986,381.0,0.8987,2562.0
1753617377949,11:56:17.949,huobi,AERO/USDT:USDT,0.897,381.0,0.8969,5.0,0.8986,381.0,0.8987,2562.0
1753617378015,11:56:18.015,huobi,AERO/USDT:USDT,0.897,381.0,0.8968,384.0,0.8986,381.0,0.8987,2562.0
1753617378037,11:56:18.037,huobi,AERO/USDT:USDT,0.8968,384.0,0.8967,2563.0,0.8986,381.0,0.8987,2562.0
1753617378279,11:56:18.279,huobi,AERO/USDT:USDT,0.8968,384.0,0.8967,2563.0,0.8986,381.0,0.899,390.0
1753617378354,11:56:18.354,huobi,AERO/USDT:USDT,0.8968,384.0,0.8967,2563.0,0.899,2951.0,0.8991,24.0
1753617378371,11:56:18.371,huobi,AERO/USDT:USDT,0.8968,384.0,0.8967,2563.0,0.8989,378.0,0.899,2951.0
1753617379959,11:56:19.959,huobi,AERO/USDT:USDT,0.8969,81.0,0.8968,384.0,0.8989,378.0,0.899,2951.0
1753617380014,11:56:20.014,huobi,AERO/USDT:USDT,0.897,378.0,0.8969,81.0,0.8989,378.0,0.899,2951.0
1753617382514,11:56:22.514,huobi,AERO/USDT:USDT,0.897,378.0,0.8969,81.0,0.8989,378.0,0.899,2951.0
1753617382553,11:56:22.553,huobi,AERO/USDT:USDT,0.897,378.0,0.8969,81.0,0.8989,378.0,0.899,2951.0
1753617384854,11:56:24.854,huobi,AERO/USDT:USDT,0.8978,14.0,0.897,378.0,0.8989,378.0,0.899,2951.0
1753617384873,11:56:24.873,huobi,AERO/USDT:USDT,0.8979,364.0,0.8978,14.0,0.8989,378.0,0.899,2951.0
1753617386517,11:56:26.517,huobi,AERO/USDT:USDT,0.8979,364.0,0.8978,14.0,0.8989,378.0,0.899,2951.0
1753617386719,11:56:26.719,huobi,AERO/USDT:USDT,0.8979,364.0,0.8978,14.0,0.8989,378.0,0.899,2951.0
1753617386734,11:56:26.734,huobi,AERO/USDT:USDT,0.8979,364.0,0.8978,14.0,0.8989,378.0,0.899,2951.0
1753617387282,11:56:27.282,huobi,AERO/USDT:USDT,0.8979,364.0,0.8978,14.0,0.8989,378.0,0.899,2951.0
1753617387304,11:56:27.304,huobi,AERO/USDT:USDT,0.8979,364.0,0.8978,14.0,0.8989,378.0,0.899,2951.0
1753617390400,11:56:30.400,huobi,AERO/USDT:USDT,0.8979,364.0,0.8978,14.0,0.8989,378.0,0.899,2951.0
1753617390798,11:56:30.798,huobi,AERO/USDT:USDT,0.8978,14.0,0.8971,2561.0,0.8989,378.0,0.899,2951.0
1753617390818,11:56:30.818,huobi,AERO/USDT:USDT,0.8979,378.0,0.8978,14.0,0.8989,378.0,0.899,2951.0
1753617390851,11:56:30.851,huobi,AERO/USDT:USDT,0.8979,378.0,0.8978,14.0,0.8989,378.0,0.899,2951.0
1753617390880,11:56:30.880,huobi,AERO/USDT:USDT,0.8979,378.0,0.8978,14.0,0.8989,378.0,0.899,2951.0
1753617390931,11:56:30.931,huobi,AERO/USDT:USDT,0.8979,378.0,0.8978,14.0,0.8989,378.0,0.899,2951.0
1753617390945,11:56:30.945,huobi,AERO/USDT:USDT,0.8979,378.0,0.8978,14.0,0.8989,378.0,0.899,2951.0
1753617390996,11:56:30.996,huobi,AERO/USDT:USDT,0.8979,378.0,0.8978,14.0,0.8989,378.0,0.899,2951.0
1753617391030,11:56:31.030,huobi,AERO/USDT:USDT,0.8979,378.0,0.8978,14.0,0.8989,378.0,0.899,2951.0
1753617392082,11:56:32.082,huobi,AERO/USDT:USDT,0.8979,378.0,0.8978,14.0,0.8989,378.0,0.899,2951.0
1753617392595,11:56:32.595,huobi,AERO/USDT:USDT,0.8979,378.0,0.8978,14.0,0.8989,378.0,0.899,2951.0
1753617393870,11:56:33.870,huobi,AERO/USDT:USDT,0.8978,14.0,0.8971,378.0,0.8989,378.0,0.899,2951.0
1753617393907,11:56:33.907,huobi,AERO/USDT:USDT,0.8978,14.0,0.8971,378.0,0.8989,378.0,0.899,2951.0
1753617393944,11:56:33.944,huobi,AERO/USDT:USDT,0.8979,213.0,0.8978,14.0,0.8989,378.0,0.899,2951.0
1753617393996,11:56:33.996,huobi,AERO/USDT:USDT,0.8979,213.0,0.8978,14.0,0.8989,378.0,0.899,2951.0
1753617394050,11:56:34.050,huobi,AERO/USDT:USDT,0.8979,213.0,0.8978,14.0,0.8989,378.0,0.899,2951.0
1753617394088,11:56:34.088,huobi,AERO/USDT:USDT,0.8979,213.0,0.8978,14.0,0.8989,378.0,0.899,2951.0
1753617394132,11:56:34.132,huobi,AERO/USDT:USDT,0.8978,14.0,0.8971,378.0,0.8989,378.0,0.899,2951.0
1753617394147,11:56:34.147,huobi,AERO/USDT:USDT,0.8978,14.0,0.8971,378.0,0.8989,378.0,0.899,2951.0
1753617394208,11:56:34.208,huobi,AERO/USDT:USDT,0.8978,392.0,0.8971,378.0,0.8989,378.0,0.899,2951.0
1753617394241,11:56:34.241,huobi,AERO/USDT:USDT,0.8978,14.0,0.8971,378.0,0.8989,378.0,0.899,2951.0
1753617394381,11:56:34.381,huobi,AERO/USDT:USDT,0.8978,392.0,0.8971,378.0,0.8989,378.0,0.899,2951.0
1753617394387,11:56:34.387,huobi,AERO/USDT:USDT,0.8978,14.0,0.8971,378.0,0.8989,378.0,0.899,2951.0
1753617394556,11:56:34.556,huobi,AERO/USDT:USDT,0.8978,392.0,0.8971,378.0,0.8989,378.0,0.899,2951.0
1753617394748,11:56:34.748,huobi,AERO/USDT:USDT,0.8978,392.0,0.8971,378.0,0.8989,378.0,0.899,2951.0
1753617394931,11:56:34.931,huobi,AERO/USDT:USDT,0.8978,392.0,0.8971,378.0,0.8989,378.0,0.899,2951.0
1753617395082,11:56:35.082,huobi,AERO/USDT:USDT,0.8978,14.0,0.8966,383.0,0.8989,378.0,0.899,2951.0
1753617395111,11:56:35.111,huobi,AERO/USDT:USDT,0.8978,14.0,0.8966,383.0,0.8989,378.0,0.899,2951.0
1753617395159,11:56:35.159,huobi,AERO/USDT:USDT,0.8978,14.0,0.8966,383.0,0.8989,378.0,0.899,2951.0
1753617395307,11:56:35.307,huobi,AERO/USDT:USDT,0.8978,392.0,0.8966,383.0,0.8989,378.0,0.899,2951.0
1753617395314,11:56:35.314,huobi,AERO/USDT:USDT,0.8978,14.0,0.8966,383.0,0.8989,378.0,0.899,2951.0
1753617395446,11:56:35.446,huobi,AERO/USDT:USDT,0.8978,14.0,0.8966,383.0,0.8989,378.0,0.899,2951.0
1753617395499,11:56:35.499,huobi,AERO/USDT:USDT,0.8978,392.0,0.8966,383.0,0.8989,378.0,0.899,2951.0
1753617395594,11:56:35.594,huobi,AERO/USDT:USDT,0.8978,14.0,0.8966,383.0,0.8989,378.0,0.899,2951.0
1753617395653,11:56:35.653,huobi,AERO/USDT:USDT,0.8978,392.0,0.8966,383.0,0.8989,378.0,0.899,2951.0
1753617395835,11:56:35.835,huobi,AERO/USDT:USDT,0.8978,14.0,0.8966,383.0,0.8988,87.0,0.8989,378.0
1753617396058,11:56:36.058,huobi,AERO/USDT:USDT,0.8978,392.0,0.8966,383.0,0.8987,378.0,0.8988,87.0
1753617396065,11:56:36.065,huobi,AERO/USDT:USDT,0.8978,14.0,0.8966,383.0,0.8987,378.0,0.8988,87.0
1753617396245,11:56:36.245,huobi,AERO/USDT:USDT,0.8978,392.0,0.8966,383.0,0.8987,378.0,0.8988,87.0
1753617396432,11:56:36.432,huobi,AERO/USDT:USDT,0.8978,392.0,0.8966,383.0,0.8987,378.0,0.8988,87.0
1753617396620,11:56:36.620,huobi,AERO/USDT:USDT,0.8978,392.0,0.8966,383.0,0.8987,378.0,0.8988,87.0
1753617396809,11:56:36.809,huobi,AERO/USDT:USDT,0.8978,392.0,0.8966,383.0,0.8987,378.0,0.8988,87.0
1753617396816,11:56:36.816,huobi,AERO/USDT:USDT,0.8978,14.0,0.8966,383.0,0.8987,378.0,0.8988,87.0
1753617396885,11:56:36.885,huobi,AERO/USDT:USDT,0.8978,14.0,0.8966,383.0,0.8987,378.0,0.8988,87.0
1753617397004,11:56:37.004,huobi,AERO/USDT:USDT,0.8978,14.0,0.8966,383.0,0.8987,378.0,0.8988,5863.0
1753617397004,11:56:37.004,huobi,AERO/USDT:USDT,0.8978,14.0,0.8966,383.0,0.8987,378.0,0.8988,5863.0
1753617397017,11:56:37.017,huobi,AERO/USDT:USDT,0.8978,14.0,0.8966,383.0,0.8987,378.0,0.8988,5863.0
1753617397030,11:56:37.030,huobi,AERO/USDT:USDT,0.8978,14.0,0.8966,383.0,0.8987,378.0,0.8988,5863.0
1753617397087,11:56:37.087,huobi,AERO/USDT:USDT,0.8978,14.0,0.8966,383.0,0.8987,378.0,0.8988,5863.0
1753617397130,11:56:37.130,huobi,AERO/USDT:USDT,0.8978,14.0,0.8966,383.0,0.8987,378.0,0.8988,5863.0
1753617397172,11:56:37.172,huobi,AERO/USDT:USDT,0.8978,14.0,0.8966,383.0,0.8987,378.0,0.8988,5863.0
1753617397184,11:56:37.184,huobi,AERO/USDT:USDT,0.8978,14.0,0.8966,383.0,0.8987,378.0,0.8988,5863.0
1753617397211,11:56:37.211,huobi,AERO/USDT:USDT,0.8978,14.0,0.8966,383.0,0.8987,378.0,0.8988,5863.0
1753617397243,11:56:37.243,huobi,AERO/USDT:USDT,0.8978,14.0,0.8965,378.0,0.8987,378.0,0.8988,5863.0
1753617397285,11:56:37.285,huobi,AERO/USDT:USDT,0.8978,14.0,0.8965,378.0,0.8987,378.0,0.8988,5863.0
1753617397301,11:56:37.301,huobi,AERO/USDT:USDT,0.8978,14.0,0.8965,378.0,0.8987,378.0,0.8988,5863.0
1753617397326,11:56:37.326,huobi,AERO/USDT:USDT,0.8978,14.0,0.8965,378.0,0.8987,378.0,0.8988,5863.0
1753617397381,11:56:37.381,huobi,AERO/USDT:USDT,0.8978,14.0,0.8965,378.0,0.8987,378.0,0.8988,5863.0
1753617397540,11:56:37.540,huobi,AERO/USDT:USDT,0.8978,392.0,0.8965,378.0,0.8987,378.0,0.8988,5863.0
1753617397688,11:56:37.688,huobi,AERO/USDT:USDT,0.8978,392.0,0.8965,378.0,0.8987,378.0,0.8988,5863.0
1753617397842,11:56:37.842,huobi,AERO/USDT:USDT,0.8978,392.0,0.8965,378.0,0.8987,378.0,0.8988,5863.0
1753617398013,11:56:38.013,huobi,AERO/USDT:USDT,0.8978,392.0,0.8965,378.0,0.8987,378.0,0.8988,5863.0
1753617398210,11:56:38.210,huobi,AERO/USDT:USDT,0.8978,392.0,0.8965,378.0,0.8987,378.0,0.8988,5863.0
1753617398444,11:56:38.444,huobi,AERO/USDT:USDT,0.8978,400.0,0.8965,378.0,0.8987,378.0,0.8988,5863.0
1753617398620,11:56:38.620,huobi,AERO/USDT:USDT,0.8978,400.0,0.8965,378.0,0.8987,378.0,0.8988,5863.0
1753617398841,11:56:38.841,huobi,AERO/USDT:USDT,0.8978,400.0,0.8965,378.0,0.8987,378.0,0.8988,5863.0
1753617398858,11:56:38.858,huobi,AERO/USDT:USDT,0.8978,14.0,0.8965,378.0,0.8987,378.0,0.8988,5863.0
1753617399024,11:56:39.024,huobi,AERO/USDT:USDT,0.8978,400.0,0.8965,378.0,0.8987,378.0,0.8988,5863.0
1753617399050,11:56:39.050,huobi,AERO/USDT:USDT,0.8978,14.0,0.8965,378.0,0.8987,378.0,0.8988,5776.0
1753617399343,11:56:39.343,huobi,AERO/USDT:USDT,0.8978,14.0,0.8963,378.0,0.8987,378.0,0.8988,5776.0
1753617399385,11:56:39.385,huobi,AERO/USDT:USDT,0.8978,400.0,0.8963,378.0,0.8987,378.0,0.8988,5776.0
1753617399625,11:56:39.625,huobi,AERO/USDT:USDT,0.8978,400.0,0.8963,378.0,0.8987,378.0,0.8988,5776.0
1753617399787,11:56:39.787,huobi,AERO/USDT:USDT,0.8978,400.0,0.8963,378.0,0.8987,378.0,0.8988,5776.0
1753617400001,11:56:40.001,huobi,AERO/USDT:USDT,0.8978,400.0,0.8963,378.0,0.8987,378.0,0.8988,5776.0
1753617400471,11:56:40.471,huobi,AERO/USDT:USDT,0.8978,400.0,0.8963,378.0,0.8987,378.0,0.8988,5776.0
1753617400482,11:56:40.482,huobi,AERO/USDT:USDT,0.8978,14.0,0.8963,378.0,0.8987,378.0,0.8988,5776.0
1753617400631,11:56:40.631,huobi,AERO/USDT:USDT,0.8978,400.0,0.8963,378.0,0.8987,378.0,0.8988,5776.0
1753617400798,11:56:40.798,huobi,AERO/USDT:USDT,0.8963,378.0,0.8959,6154.0,0.8987,378.0,0.8988,5776.0
1753617400835,11:56:40.835,huobi,AERO/USDT:USDT,0.8982,10.0,0.8963,378.0,0.8987,378.0,0.8988,5776.0
1753617402286,11:56:42.286,huobi,AERO/USDT:USDT,0.8963,378.0,0.8959,6154.0,0.8986,27.0,0.8987,378.0
1753617402312,11:56:42.312,huobi,AERO/USDT:USDT,0.8963,378.0,0.8959,6154.0,0.8985,2947.0,0.8986,27.0
1753617402423,11:56:42.423,huobi,AERO/USDT:USDT,0.8963,378.0,0.8959,6154.0,0.8984,386.0,0.8985,2947.0
1753617403599,11:56:43.599,huobi,AERO/USDT:USDT,0.8963,378.0,0.8959,6154.0,0.8984,386.0,0.8985,2947.0
1753617405501,11:56:45.501,huobi,AERO/USDT:USDT,0.8964,81.0,0.8963,378.0,0.8984,386.0,0.8985,2947.0
1753617405514,11:56:45.514,huobi,AERO/USDT:USDT,0.8964,467.0,0.8963,378.0,0.8984,386.0,0.8985,2947.0
1753617405562,11:56:45.562,huobi,AERO/USDT:USDT,0.8964,81.0,0.8963,378.0,0.8984,386.0,0.8985,2947.0
1753617405594,11:56:45.594,huobi,AERO/USDT:USDT,0.8964,81.0,0.8963,378.0,0.8984,386.0,0.8985,2947.0
1753617405667,11:56:45.667,huobi,AERO/USDT:USDT,0.8964,467.0,0.8963,378.0,0.8984,386.0,0.8985,2947.0
1753617405743,11:56:45.743,huobi,AERO/USDT:USDT,0.8964,81.0,0.8963,378.0,0.8984,386.0,0.8985,2947.0
1753617406004,11:56:46.004,huobi,AERO/USDT:USDT,0.8964,467.0,0.8963,378.0,0.8984,386.0,0.8985,2947.0
1753617406193,11:56:46.193,huobi,AERO/USDT:USDT,0.8964,467.0,0.8963,378.0,0.8984,386.0,0.8985,2947.0
1753617406366,11:56:46.366,huobi,AERO/USDT:USDT,0.8964,467.0,0.8963,378.0,0.8984,386.0,0.8985,2947.0
1753617406569,11:56:46.569,huobi,AERO/USDT:USDT,0.8964,467.0,0.8963,378.0,0.8984,386.0,0.8985,2947.0
1753617406807,11:56:46.807,huobi,AERO/USDT:USDT,0.8964,467.0,0.8963,378.0,0.8984,386.0,0.8985,2947.0
1753617406944,11:56:46.944,huobi,AERO/USDT:USDT,0.8964,467.0,0.8963,378.0,0.8984,386.0,0.8985,2947.0
1753617407102,11:56:47.102,huobi,AERO/USDT:USDT,0.8964,81.0,0.8963,378.0,0.8984,386.0,0.8985,2947.0
1753617407115,11:56:47.115,huobi,AERO/USDT:USDT,0.8964,467.0,0.8963,378.0,0.8984,386.0,0.8985,2947.0
1753617407320,11:56:47.320,huobi,AERO/USDT:USDT,0.8964,467.0,0.8963,378.0,0.8984,386.0,0.8985,2947.0
1753617407507,11:56:47.507,huobi,AERO/USDT:USDT,0.8964,467.0,0.8963,378.0,0.8984,386.0,0.8985,2947.0
1753617407667,11:56:47.667,huobi,AERO/USDT:USDT,0.8964,467.0,0.8963,378.0,0.8984,386.0,0.8985,2947.0
1753617407825,11:56:47.825,huobi,AERO/USDT:USDT,0.8964,467.0,0.8963,378.0,0.8984,386.0,0.8985,2947.0
1753617408102,11:56:48.102,huobi,AERO/USDT:USDT,0.8964,467.0,0.8963,378.0,0.8984,386.0,0.8985,2947.0
1753617408242,11:56:48.242,huobi,AERO/USDT:USDT,0.8964,467.0,0.8963,378.0,0.8984,386.0,0.8985,2947.0
1753617408245,11:56:48.245,huobi,AERO/USDT:USDT,0.8964,81.0,0.8963,378.0,0.8984,386.0,0.8985,2947.0
1753617408444,11:56:48.444,huobi,AERO/USDT:USDT,0.8964,463.0,0.8963,378.0,0.8984,386.0,0.8985,2947.0
1753617408631,11:56:48.631,huobi,AERO/USDT:USDT,0.8964,463.0,0.8963,378.0,0.8984,386.0,0.8985,2947.0
1753617408637,11:56:48.637,huobi,AERO/USDT:USDT,0.8964,81.0,0.8963,378.0,0.8984,386.0,0.8985,2947.0
1753617408821,11:56:48.821,huobi,AERO/USDT:USDT,0.8964,463.0,0.8963,378.0,0.8984,386.0,0.8985,2947.0
1753617409010,11:56:49.010,huobi,AERO/USDT:USDT,0.8964,463.0,0.8963,378.0,0.8984,386.0,0.8985,2947.0
1753617409195,11:56:49.195,huobi,AERO/USDT:USDT,0.8964,463.0,0.8963,378.0,0.8984,386.0,0.8985,2947.0
1753617409383,11:56:49.383,huobi,AERO/USDT:USDT,0.8964,463.0,0.8963,378.0,0.8984,386.0,0.8985,2947.0
1753617409570,11:56:49.570,huobi,AERO/USDT:USDT,0.8964,463.0,0.8963,378.0,0.8984,386.0,0.8985,2947.0
1753617409759,11:56:49.759,huobi,AERO/USDT:USDT,0.8964,463.0,0.8963,378.0,0.8984,386.0,0.8985,2947.0
1753617409945,11:56:49.945,huobi,AERO/USDT:USDT,0.8964,463.0,0.8963,378.0,0.8984,386.0,0.8985,2947.0
1753617410156,11:56:50.156,huobi,AERO/USDT:USDT,0.8964,463.0,0.8963,378.0,0.8984,386.0,0.8985,2947.0
1753617410322,11:56:50.322,huobi,AERO/USDT:USDT,0.8964,463.0,0.8963,378.0,0.8984,386.0,0.8985,2947.0
1753617410509,11:56:50.509,huobi,AERO/USDT:USDT,0.8964,463.0,0.8963,378.0,0.8984,386.0,0.8985,2947.0
1753617410668,11:56:50.668,huobi,AERO/USDT:USDT,0.8964,463.0,0.8963,378.0,0.8984,386.0,0.8985,2947.0
1753617410673,11:56:50.673,huobi,AERO/USDT:USDT,0.8964,81.0,0.8963,378.0,0.8984,386.0,0.8985,2947.0
1753617410910,11:56:50.910,huobi,AERO/USDT:USDT,0.8964,463.0,0.8963,378.0,0.8984,386.0,0.8985,2947.0
1753617410916,11:56:50.916,huobi,AERO/USDT:USDT,0.8964,81.0,0.8963,378.0,0.8984,386.0,0.8985,2947.0
1753617411077,11:56:51.077,huobi,AERO/USDT:USDT,0.8964,463.0,0.8963,378.0,0.8984,386.0,0.8985,2947.0
1753617411261,11:56:51.261,huobi,AERO/USDT:USDT,0.8964,463.0,0.8963,378.0,0.8984,386.0,0.8985,2947.0
1753617411456,11:56:51.456,huobi,AERO/USDT:USDT,0.8964,463.0,0.8963,378.0,0.8984,386.0,0.8985,2947.0
1753617411457,11:56:51.457,huobi,AERO/USDT:USDT,0.8964,81.0,0.8963,378.0,0.8984,386.0,0.8985,2947.0
1753617411638,11:56:51.638,huobi,AERO/USDT:USDT,0.8964,463.0,0.8963,378.0,0.8984,386.0,0.8985,2947.0
1753617411823,11:56:51.823,huobi,AERO/USDT:USDT,0.8964,463.0,0.8963,378.0,0.8984,386.0,0.8985,2947.0
1753617411902,11:56:51.902,huobi,AERO/USDT:USDT,0.8964,81.0,0.8963,378.0,0.8984,386.0,0.8985,2947.0
1753617411917,11:56:51.917,huobi,AERO/USDT:USDT,0.8964,81.0,0.8963,378.0,0.8984,386.0,0.8985,2947.0
1753617412013,11:56:52.013,huobi,AERO/USDT:USDT,0.8964,463.0,0.8963,378.0,0.8984,386.0,0.8985,2947.0
1753617412198,11:56:52.198,huobi,AERO/USDT:USDT,0.8964,463.0,0.8963,378.0,0.8984,386.0,0.8985,2947.0
1753617412203,11:56:52.203,huobi,AERO/USDT:USDT,0.8964,81.0,0.8963,378.0,0.8984,386.0,0.8985,2947.0
1753617412386,11:56:52.386,huobi,AERO/USDT:USDT,0.8964,463.0,0.8963,378.0,0.8984,386.0,0.8985,2947.0
1753617412573,11:56:52.573,huobi,AERO/USDT:USDT,0.8964,463.0,0.8963,378.0,0.8984,386.0,0.8985,2947.0
1753617412760,11:56:52.760,huobi,AERO/USDT:USDT,0.8964,463.0,0.8963,378.0,0.8984,386.0,0.8985,2947.0
1753617412950,11:56:52.950,huobi,AERO/USDT:USDT,0.8964,463.0,0.8963,378.0,0.8984,386.0,0.8985,2947.0
1753617412956,11:56:52.956,huobi,AERO/USDT:USDT,0.8964,81.0,0.8963,378.0,0.8984,386.0,0.8985,2947.0
1753617413103,11:56:53.103,huobi,AERO/USDT:USDT,0.8964,463.0,0.8963,378.0,0.8984,386.0,0.8985,2947.0
1753617413324,11:56:53.324,huobi,AERO/USDT:USDT,0.8964,463.0,0.8963,378.0,0.8984,386.0,0.8985,2947.0
1753617413488,11:56:53.488,huobi,AERO/USDT:USDT,0.8964,463.0,0.8963,378.0,0.8984,386.0,0.8985,2947.0
1753617413496,11:56:53.496,huobi,AERO/USDT:USDT,0.8964,81.0,0.8963,378.0,0.8984,386.0,0.8985,2947.0
1753617413668,11:56:53.668,huobi,AERO/USDT:USDT,0.8964,463.0,0.8963,378.0,0.8984,386.0,0.8985,2947.0
1753617413675,11:56:53.675,huobi,AERO/USDT:USDT,0.8964,81.0,0.8963,378.0,0.8984,386.0,0.8985,2947.0
1753617413888,11:56:53.888,huobi,AERO/USDT:USDT,0.8964,463.0,0.8963,378.0,0.8984,386.0,0.8985,2947.0
1753617414076,11:56:54.076,huobi,AERO/USDT:USDT,0.8964,463.0,0.8963,378.0,0.8984,386.0,0.8985,2947.0
1753617414263,11:56:54.263,huobi,AERO/USDT:USDT,0.8964,463.0,0.8963,378.0,0.8984,386.0,0.8985,2947.0
1753617414464,11:56:54.464,huobi,AERO/USDT:USDT,0.8964,463.0,0.8963,378.0,0.8984,386.0,0.8985,2947.0
1753617414638,11:56:54.638,huobi,AERO/USDT:USDT,0.8964,463.0,0.8963,378.0,0.8984,386.0,0.8985,2947.0
1753617414826,11:56:54.826,huobi,AERO/USDT:USDT,0.8964,463.0,0.8963,378.0,0.8984,386.0,0.8985,2947.0
1753617415014,11:56:55.014,huobi,AERO/USDT:USDT,0.8964,463.0,0.8963,378.0,0.8984,386.0,0.8985,2947.0
1753617415203,11:56:55.203,huobi,AERO/USDT:USDT,0.8964,463.0,0.8963,378.0,0.8984,386.0,0.8985,2947.0
1753617415209,11:56:55.209,huobi,AERO/USDT:USDT,0.8964,81.0,0.8963,378.0,0.8984,386.0,0.8985,2947.0
1753617415390,11:56:55.390,huobi,AERO/USDT:USDT,0.8964,463.0,0.8963,378.0,0.8984,386.0,0.8985,2947.0
1753617415577,11:56:55.577,huobi,AERO/USDT:USDT,0.8964,463.0,0.8963,378.0,0.8984,386.0,0.8985,2947.0
1753617415768,11:56:55.768,huobi,AERO/USDT:USDT,0.8964,463.0,0.8963,378.0,0.8984,386.0,0.8985,2947.0
1753617415953,11:56:55.953,huobi,AERO/USDT:USDT,0.8964,463.0,0.8963,378.0,0.8984,386.0,0.8985,2947.0
1753617415960,11:56:55.960,huobi,AERO/USDT:USDT,0.8964,81.0,0.8963,378.0,0.8984,386.0,0.8985,2947.0
1753617416140,11:56:56.140,huobi,AERO/USDT:USDT,0.8964,463.0,0.8963,378.0,0.8984,386.0,0.8985,2947.0
1753617416329,11:56:56.329,huobi,AERO/USDT:USDT,0.8964,463.0,0.8963,378.0,0.8984,386.0,0.8985,2947.0
1753617416524,11:56:56.524,huobi,AERO/USDT:USDT,0.8964,463.0,0.8963,378.0,0.8984,386.0,0.8985,2947.0
1753617416668,11:56:56.668,huobi,AERO/USDT:USDT,0.8964,463.0,0.8963,378.0,0.8984,386.0,0.8985,2947.0
1753617416673,11:56:56.673,huobi,AERO/USDT:USDT,0.8964,81.0,0.8963,378.0,0.8984,386.0,0.8985,2947.0
1753617416716,11:56:56.716,huobi,AERO/USDT:USDT,0.8964,81.0,0.8963,378.0,0.8984,386.0,0.8985,2947.0
1753617416892,11:56:56.892,huobi,AERO/USDT:USDT,0.8964,463.0,0.8963,378.0,0.8984,386.0,0.8985,2947.0
1753617416979,11:56:56.979,huobi,AERO/USDT:USDT,0.8964,81.0,0.8963,378.0,0.8972,4.0,0.8984,386.0
1753617417025,11:56:57.025,huobi,AERO/USDT:USDT,0.8964,81.0,0.8963,378.0,0.898,2560.0,0.8984,386.0
1753617417078,11:56:57.078,huobi,AERO/USDT:USDT,0.8964,463.0,0.8963,378.0,0.8979,382.0,0.898,2560.0
1753617417269,11:56:57.269,huobi,AERO/USDT:USDT,0.8964,463.0,0.8963,378.0,0.8979,382.0,0.898,2560.0
1753617417275,11:56:57.275,huobi,AERO/USDT:USDT,0.8964,81.0,0.8963,378.0,0.8979,382.0,0.898,2560.0
1753617417454,11:56:57.454,huobi,AERO/USDT:USDT,0.8964,463.0,0.8963,378.0,0.8979,382.0,0.898,2560.0
1753617417641,11:56:57.641,huobi,AERO/USDT:USDT,0.8964,463.0,0.8963,378.0,0.8979,382.0,0.898,2560.0
1753617417869,11:56:57.869,huobi,AERO/USDT:USDT,0.8964,463.0,0.8963,378.0,0.8979,382.0,0.898,2560.0
1753617417902,11:56:57.902,huobi,AERO/USDT:USDT,0.8964,81.0,0.8963,378.0,0.8979,382.0,0.898,2560.0
1753617418016,11:56:58.016,huobi,AERO/USDT:USDT,0.8964,463.0,0.8963,378.0,0.8979,382.0,0.898,2560.0
1753617418024,11:56:58.024,huobi,AERO/USDT:USDT,0.8964,81.0,0.8963,378.0,0.8979,382.0,0.898,2560.0
1753617418205,11:56:58.205,huobi,AERO/USDT:USDT,0.8964,463.0,0.8963,378.0,0.8979,382.0,0.898,2560.0
1753617418391,11:56:58.391,huobi,AERO/USDT:USDT,0.8964,464.0,0.8963,378.0,0.8979,382.0,0.898,2560.0
1753617418442,11:56:58.442,huobi,AERO/USDT:USDT,0.8963,378.0,0.8959,6154.0,0.8979,382.0,0.898,2560.0
1753617418595,11:56:58.595,huobi,AERO/USDT:USDT,0.8963,378.0,0.8959,6154.0,0.8979,382.0,0.898,2560.0
1753617419824,11:56:59.824,huobi,AERO/USDT:USDT,0.8963,378.0,0.8959,6154.0,0.8979,382.0,0.8985,386.0
1753617419881,11:56:59.881,huobi,AERO/USDT:USDT,0.8963,378.0,0.8959,6154.0,0.8983,2560.0,0.8985,386.0
1753617419956,11:56:59.956,huobi,AERO/USDT:USDT,0.8963,378.0,0.8959,6154.0,0.8982,383.0,0.8983,2560.0
1753617421503,11:57:01.503,huobi,AERO/USDT:USDT,0.8963,378.0,0.8959,6154.0,0.8982,383.0,0.8983,2560.0
1753617422242,11:57:02.242,huobi,AERO/USDT:USDT,0.8964,81.0,0.8963,378.0,0.8982,383.0,0.8983,2560.0
1753617422272,11:57:02.272,huobi,AERO/USDT:USDT,0.8964,464.0,0.8963,378.0,0.8982,383.0,0.8983,2560.0
1753617422312,11:57:02.312,huobi,AERO/USDT:USDT,0.8964,81.0,0.8963,378.0,0.8982,383.0,0.8983,2560.0
1753617422357,11:57:02.357,huobi,AERO/USDT:USDT,0.8964,81.0,0.8963,378.0,0.8982,383.0,0.8983,2560.0
1753617422504,11:57:02.504,huobi,AERO/USDT:USDT,0.8964,464.0,0.8963,378.0,0.8982,383.0,0.8983,2560.0
1753617422668,11:57:02.668,huobi,AERO/USDT:USDT,0.8964,464.0,0.8963,378.0,0.8982,383.0,0.8983,2560.0
1753617422673,11:57:02.673,huobi,AERO/USDT:USDT,0.8964,81.0,0.8963,378.0,0.8982,383.0,0.8983,2560.0
1753617422864,11:57:02.864,huobi,AERO/USDT:USDT,0.8964,464.0,0.8963,378.0,0.8982,383.0,0.8983,2560.0
1753617422890,11:57:02.890,huobi,AERO/USDT:USDT,0.8964,81.0,0.8963,378.0,0.8982,383.0,0.8983,2943.0
1753617423084,11:57:03.084,huobi,AERO/USDT:USDT,0.8964,464.0,0.8963,378.0,0.8982,383.0,0.8983,2943.0
1753617423295,11:57:03.295,huobi,AERO/USDT:USDT,0.8964,464.0,0.8963,378.0,0.8982,383.0,0.8983,2943.0
1753617423459,11:57:03.459,huobi,AERO/USDT:USDT,0.8964,464.0,0.8963,378.0,0.8982,383.0,0.8983,2943.0
1753617423628,11:57:03.628,huobi,AERO/USDT:USDT,0.8964,464.0,0.8963,378.0,0.8982,383.0,0.8983,2943.0
1753617423830,11:57:03.830,huobi,AERO/USDT:USDT,0.8964,464.0,0.8963,378.0,0.8982,383.0,0.8983,2943.0
1753617424023,11:57:04.023,huobi,AERO/USDT:USDT,0.8964,464.0,0.8963,378.0,0.8982,383.0,0.8983,2943.0
1753617424210,11:57:04.210,huobi,AERO/USDT:USDT,0.8964,464.0,0.8963,378.0,0.8982,383.0,0.8983,2943.0
1753617424411,11:57:04.411,huobi,AERO/USDT:USDT,0.8964,464.0,0.8963,378.0,0.8982,383.0,0.8983,2943.0
1753617424417,11:57:04.417,huobi,AERO/USDT:USDT,0.8964,81.0,0.8963,378.0,0.8982,383.0,0.8983,2943.0
1753617424606,11:57:04.606,huobi,AERO/USDT:USDT,0.8964,464.0,0.8963,378.0,0.8982,383.0,0.8983,2943.0
1753617424775,11:57:04.775,huobi,AERO/USDT:USDT,0.8964,464.0,0.8963,378.0,0.8982,383.0,0.8983,2943.0
1753617424979,11:57:04.979,huobi,AERO/USDT:USDT,0.8964,464.0,0.8963,378.0,0.8982,383.0,0.8983,2943.0
1753617424984,11:57:04.984,huobi,AERO/USDT:USDT,0.8964,81.0,0.8963,378.0,0.8982,383.0,0.8983,2943.0
1753617425165,11:57:05.165,huobi,AERO/USDT:USDT,0.8964,464.0,0.8963,378.0,0.8982,383.0,0.8983,2943.0
1753617425360,11:57:05.360,huobi,AERO/USDT:USDT,0.8964,464.0,0.8963,378.0,0.8982,383.0,0.8983,2943.0
1753617425523,11:57:05.523,huobi,AERO/USDT:USDT,0.8964,464.0,0.8963,378.0,0.8982,383.0,0.8983,2943.0
1753617425628,11:57:05.628,huobi,AERO/USDT:USDT,0.8964,81.0,0.8963,378.0,0.8982,383.0,0.8983,2943.0
1753617425699,11:57:05.699,huobi,AERO/USDT:USDT,0.8964,464.0,0.8963,378.0,0.8982,383.0,0.8983,2943.0
1753617425704,11:57:05.704,huobi,AERO/USDT:USDT,0.8964,81.0,0.8963,378.0,0.8982,383.0,0.8983,2943.0
1753617425900,11:57:05.900,huobi,AERO/USDT:USDT,0.8964,464.0,0.8963,378.0,0.8982,383.0,0.8983,2943.0
1753617426083,11:57:06.083,huobi,AERO/USDT:USDT,0.8964,464.0,0.8963,378.0,0.8982,383.0,0.8983,2943.0
1753617426280,11:57:06.280,huobi,AERO/USDT:USDT,0.8964,464.0,0.8963,378.0,0.8982,383.0,0.8983,2943.0
1753617426316,11:57:06.316,huobi,AERO/USDT:USDT,0.8964,81.0,0.8963,378.0,0.8982,383.0,0.8983,2943.0
1753617426471,11:57:06.471,huobi,AERO/USDT:USDT,0.8964,464.0,0.8963,378.0,0.8982,383.0,0.8983,2943.0
1753617426652,11:57:06.652,huobi,AERO/USDT:USDT,0.8964,464.0,0.8963,378.0,0.8982,383.0,0.8983,2943.0
1753617426837,11:57:06.837,huobi,AERO/USDT:USDT,0.8964,464.0,0.8963,378.0,0.8982,383.0,0.8983,2943.0
1753617426845,11:57:06.845,huobi,AERO/USDT:USDT,0.8964,81.0,0.8963,378.0,0.8982,383.0,0.8983,2943.0
1753617427032,11:57:07.032,huobi,AERO/USDT:USDT,0.8964,464.0,0.8963,378.0,0.8982,383.0,0.8983,2943.0
1753617427212,11:57:07.212,huobi,AERO/USDT:USDT,0.8964,464.0,0.8963,378.0,0.8982,383.0,0.8983,2943.0
1753617427399,11:57:07.399,huobi,AERO/USDT:USDT,0.8964,464.0,0.8963,378.0,0.8982,383.0,0.8983,2943.0
1753617427589,11:57:07.589,huobi,AERO/USDT:USDT,0.8964,464.0,0.8963,378.0,0.8982,383.0,0.8983,2943.0
1753617427595,11:57:07.595,huobi,AERO/USDT:USDT,0.8964,81.0,0.8963,378.0,0.8982,383.0,0.8983,2943.0
1753617427761,11:57:07.761,huobi,AERO/USDT:USDT,0.8964,464.0,0.8963,378.0,0.8982,383.0,0.8983,2943.0
1753617427962,11:57:07.962,huobi,AERO/USDT:USDT,0.8964,464.0,0.8963,378.0,0.8982,383.0,0.8983,2943.0
1753617428151,11:57:08.151,huobi,AERO/USDT:USDT,0.8964,464.0,0.8963,378.0,0.8982,383.0,0.8983,2943.0
1753617428339,11:57:08.339,huobi,AERO/USDT:USDT,0.8964,464.0,0.8963,378.0,0.8982,383.0,0.8983,2943.0
1753617428345,11:57:08.345,huobi,AERO/USDT:USDT,0.8964,81.0,0.8963,378.0,0.8982,383.0,0.8983,2943.0
1753617428524,11:57:08.524,huobi,AERO/USDT:USDT,0.8964,472.0,0.8963,378.0,0.8982,383.0,0.8983,2943.0
1753617429814,11:57:09.814,huobi,AERO/USDT:USDT,0.8965,2559.0,0.8963,378.0,0.8982,383.0,0.8983,2943.0
1753617431100,11:57:11.100,huobi,AERO/USDT:USDT,0.8965,2559.0,0.8963,378.0,0.8982,383.0,0.8983,2943.0
1753617431115,11:57:11.115,huobi,AERO/USDT:USDT,0.8965,2559.0,0.8963,378.0,0.8982,383.0,0.8983,2943.0
1753617431431,11:57:11.431,huobi,AERO/USDT:USDT,0.8965,2559.0,0.8963,378.0,0.8982,383.0,0.8983,2943.0
1753617435901,11:57:15.901,huobi,AERO/USDT:USDT,0.8965,2559.0,0.8963,378.0,0.8982,383.0,0.8983,2943.0
1753617435916,11:57:15.916,huobi,AERO/USDT:USDT,0.8965,2559.0,0.8963,378.0,0.8982,383.0,0.8983,2943.0
1753617438722,11:57:18.722,huobi,AERO/USDT:USDT,0.8973,3.0,0.8965,2559.0,0.8982,383.0,0.8983,2943.0
1753617438747,11:57:18.747,huobi,AERO/USDT:USDT,0.8965,2559.0,0.8963,378.0,0.8982,383.0,0.8983,2943.0
1753617439044,11:57:19.044,huobi,AERO/USDT:USDT,0.8973,380.0,0.8965,2559.0,0.8982,383.0,0.8983,383.0
1753617439058,11:57:19.058,huobi,AERO/USDT:USDT,0.8973,380.0,0.8965,2559.0,0.8983,383.0,0.8987,378.0
1753617439098,11:57:19.098,huobi,AERO/USDT:USDT,0.8973,380.0,0.8965,2559.0,0.8985,380.0,0.8986,2558.0
1753617439194,11:57:19.194,huobi,AERO/USDT:USDT,0.8973,380.0,0.8963,378.0,0.8985,380.0,0.8986,2558.0
1753617439206,11:57:19.206,huobi,AERO/USDT:USDT,0.8963,378.0,0.8962,5777.0,0.8985,380.0,0.8986,2558.0
1753617439234,11:57:19.234,huobi,AERO/USDT:USDT,0.8964,2558.0,0.8963,378.0,0.8985,380.0,0.8986,2558.0
1753617439333,11:57:19.333,huobi,AERO/USDT:USDT,0.8964,2639.0,0.8963,378.0,0.8985,380.0,0.8986,2558.0
1753617442413,11:57:22.413,huobi,AERO/USDT:USDT,0.8964,2639.0,0.8963,378.0,0.8985,380.0,0.8986,2558.0
1753617442459,11:57:22.459,huobi,AERO/USDT:USDT,0.8964,2639.0,0.8963,378.0,0.8985,380.0,0.8986,2558.0
1753617444282,11:57:24.282,huobi,AERO/USDT:USDT,0.8964,2639.0,0.8963,378.0,0.8985,380.0,0.8986,2558.0
1753617444303,11:57:24.303,huobi,AERO/USDT:USDT,0.8964,2639.0,0.8963,378.0,0.8985,380.0,0.8986,2558.0
1753617444333,11:57:24.333,huobi,AERO/USDT:USDT,0.8964,2639.0,0.8963,378.0,0.8985,380.0,0.8986,2558.0
1753617445514,11:57:25.514,huobi,AERO/USDT:USDT,0.8964,2639.0,0.8963,378.0,0.8985,380.0,0.8986,2558.0
1753617445817,11:57:25.817,huobi,AERO/USDT:USDT,0.8964,2639.0,0.8963,378.0,0.8985,380.0,0.8986,2558.0
1753617445904,11:57:25.904,huobi,AERO/USDT:USDT,0.8964,2639.0,0.8963,378.0,0.8985,380.0,0.8986,2558.0
1753617450303,11:57:30.303,huobi,AERO/USDT:USDT,0.8964,2639.0,0.8963,378.0,0.8985,380.0,0.8986,2558.0
1753617454069,11:57:34.069,huobi,AERO/USDT:USDT,0.8965,380.0,0.8964,2639.0,0.8985,380.0,0.8986,2558.0
1753617454430,11:57:34.430,huobi,AERO/USDT:USDT,0.8965,380.0,0.8964,2558.0,0.8985,380.0,0.8986,2558.0
1753617455108,11:57:35.108,huobi,AERO/USDT:USDT,0.8965,380.0,0.8964,2558.0,0.8985,380.0,0.8986,2558.0
1753617456557,11:57:36.557,huobi,AERO/USDT:USDT,0.8965,380.0,0.8964,2558.0,0.8977,32.0,0.8985,380.0
1753617456575,11:57:36.575,huobi,AERO/USDT:USDT,0.8965,380.0,0.8964,2558.0,0.8976,380.0,0.8985,380.0
1753617459903,11:57:39.903,huobi,AERO/USDT:USDT,0.8965,380.0,0.8964,2558.0,0.8985,380.0,0.8986,2558.0
1753617459919,11:57:39.919,huobi,AERO/USDT:USDT,0.8965,380.0,0.8964,2558.0,0.8985,380.0,0.8986,2558.0
1753617460111,11:57:40.111,huobi,AERO/USDT:USDT,0.8965,392.0,0.8964,2558.0,0.8985,380.0,0.8986,2558.0
1753617460181,11:57:40.181,huobi,AERO/USDT:USDT,0.8966,376.0,0.8965,392.0,0.8985,380.0,0.8986,2558.0
1753617460682,11:57:40.682,huobi,AERO/USDT:USDT,0.8966,376.0,0.8965,392.0,0.8985,380.0,0.8987,378.0
1753617460698,11:57:40.698,huobi,AERO/USDT:USDT,0.8966,376.0,0.8965,392.0,0.8987,378.0,0.8991,5777.0
1753617460744,11:57:40.744,huobi,AERO/USDT:USDT,0.8966,376.0,0.8965,392.0,0.8987,378.0,0.899,2557.0
1753617460819,11:57:40.819,huobi,AERO/USDT:USDT,0.8966,376.0,0.8965,392.0,0.8987,446.0,0.899,2933.0
1753617462018,11:57:42.018,huobi,AERO/USDT:USDT,0.8966,376.0,0.8965,380.0,0.8986,376.0,0.8987,446.0
1753617462037,11:57:42.037,huobi,AERO/USDT:USDT,0.8965,380.0,0.8964,2558.0,0.8986,376.0,0.8987,446.0
1753617462381,11:57:42.381,huobi,AERO/USDT:USDT,0.8965,380.0,0.8964,2558.0,0.8986,376.0,0.8987,378.0
1753617462394,11:57:42.394,huobi,AERO/USDT:USDT,0.8965,380.0,0.8964,2558.0,0.8987,378.0,0.899,2933.0
1753617463926,11:57:43.926,huobi,AERO/USDT:USDT,0.8966,81.0,0.8965,380.0,0.8987,378.0,0.899,2933.0
1753617465819,11:57:45.819,huobi,AERO/USDT:USDT,0.8967,376.0,0.8965,380.0,0.8987,378.0,0.899,2933.0
1753617465846,11:57:45.846,huobi,AERO/USDT:USDT,0.8968,2557.0,0.8965,380.0,0.8987,378.0,0.899,2933.0
1753617465874,11:57:45.874,huobi,AERO/USDT:USDT,0.8969,376.0,0.8968,2557.0,0.8987,378.0,0.899,2933.0
1753617467965,11:57:47.965,huobi,AERO/USDT:USDT,0.8969,376.0,0.8968,2557.0,0.8987,378.0,0.899,2933.0
1753617469501,11:57:49.501,huobi,AERO/USDT:USDT,0.8969,376.0,0.8968,2557.0,0.8987,378.0,0.899,2933.0
1753617469515,11:57:49.515,huobi,AERO/USDT:USDT,0.8969,376.0,0.8968,2557.0,0.8987,378.0,0.899,2933.0
1753617473677,11:57:53.677,huobi,AERO/USDT:USDT,0.8977,61.0,0.8969,376.0,0.8987,378.0,0.899,2933.0
1753617474303,11:57:54.303,huobi,AERO/USDT:USDT,0.8969,376.0,0.8968,2557.0,0.8987,378.0,0.899,2933.0
1753617474390,11:57:54.390,huobi,AERO/USDT:USDT,0.8969,376.0,0.8968,2557.0,0.8987,378.0,0.899,2933.0
1753617474497,11:57:54.497,huobi,AERO/USDT:USDT,0.8969,376.0,0.8968,2557.0,0.8987,378.0,0.899,2933.0
1753617477880,11:57:57.880,huobi,AERO/USDT:USDT,0.8969,376.0,0.8968,2557.0,0.8987,378.0,0.899,2933.0
1753617477958,11:57:57.958,huobi,AERO/USDT:USDT,0.8969,376.0,0.8968,2557.0,0.8987,378.0,0.899,2933.0
1753617477980,11:57:57.980,huobi,AERO/USDT:USDT,0.8969,376.0,0.8968,2557.0,0.8987,378.0,0.899,2933.0
1753617478014,11:57:58.014,huobi,AERO/USDT:USDT,0.8969,376.0,0.8968,2557.0,0.8987,378.0,0.899,2933.0
1753617478805,11:57:58.805,huobi,AERO/USDT:USDT,0.8969,376.0,0.8968,2557.0,0.8987,378.0,0.899,2933.0
1753617479052,11:57:59.052,huobi,AERO/USDT:USDT,0.8969,457.0,0.8968,2557.0,0.8987,378.0,0.899,2933.0
1753617479117,11:57:59.117,huobi,AERO/USDT:USDT,0.897,378.0,0.8969,457.0,0.8987,378.0,0.899,2933.0
1753617479141,11:57:59.141,huobi,AERO/USDT:USDT,0.897,378.0,0.8969,457.0,0.8987,378.0,0.899,2933.0
1753617483902,11:58:03.902,huobi,AERO/USDT:USDT,0.897,378.0,0.8969,457.0,0.8987,378.0,0.899,2933.0
1753617483918,11:58:03.918,huobi,AERO/USDT:USDT,0.897,378.0,0.8969,457.0,0.8987,378.0,0.899,2933.0
1753617486061,11:58:06.061,huobi,AERO/USDT:USDT,0.897,378.0,0.8969,457.0,0.8987,378.0,0.899,376.0
1753617486073,11:58:06.073,huobi,AERO/USDT:USDT,0.897,378.0,0.8969,457.0,0.899,376.0,0.8991,5777.0
1753617486097,11:58:06.097,huobi,AERO/USDT:USDT,0.897,378.0,0.8969,457.0,0.899,376.0,0.8991,5777.0
1753617488704,11:58:08.704,huobi,AERO/USDT:USDT,0.897,378.0,0.8969,457.0,0.8988,378.0,0.8989,2555.0
1753617488785,11:58:08.785,huobi,AERO/USDT:USDT,0.897,378.0,0.8969,457.0,0.8988,378.0,0.8989,2555.0
1753617488850,11:58:08.850,huobi,AERO/USDT:USDT,0.897,378.0,0.8969,457.0,0.8988,378.0,0.8989,2555.0
1753617488912,11:58:08.912,huobi,AERO/USDT:USDT,0.897,378.0,0.8969,457.0,0.8988,378.0,0.8989,2555.0
1753617489185,11:58:09.185,huobi,AERO/USDT:USDT,0.897,378.0,0.8969,457.0,0.8988,378.0,0.8989,2555.0
1753617489243,11:58:09.243,huobi,AERO/USDT:USDT,0.897,378.0,0.8969,457.0,0.8988,378.0,0.8989,2555.0
1753617489256,11:58:09.256,huobi,AERO/USDT:USDT,0.897,378.0,0.8969,457.0,0.8988,378.0,0.8989,2555.0
1753617489573,11:58:09.573,huobi,AERO/USDT:USDT,0.897,378.0,0.8969,457.0,0.8988,378.0,0.8989,2555.0
1753617489690,11:58:09.690,huobi,AERO/USDT:USDT,0.897,378.0,0.8969,457.0,0.8988,378.0,0.8989,2555.0
1753617489778,11:58:09.778,huobi,AERO/USDT:USDT,0.897,378.0,0.8969,457.0,0.8988,378.0,0.8989,2555.0
1753617490388,11:58:10.388,huobi,AERO/USDT:USDT,0.897,378.0,0.8969,376.0,0.8988,378.0,0.8989,2555.0
1753617490766,11:58:10.766,huobi,AERO/USDT:USDT,0.8969,457.0,0.8968,2935.0,0.8988,378.0,0.8989,2555.0
1753617490779,11:58:10.779,huobi,AERO/USDT:USDT,0.897,388.0,0.8969,457.0,0.8988,378.0,0.8989,2555.0
1753617491468,11:58:11.468,huobi,AERO/USDT:USDT,0.8981,6.0,0.897,388.0,0.8988,378.0,0.8989,2555.0
1753617491511,11:58:11.511,huobi,AERO/USDT:USDT,0.8975,388.0,0.8974,2555.0,0.8988,378.0,0.8989,2555.0
1753617491698,11:58:11.698,huobi,AERO/USDT:USDT,0.8975,388.0,0.8974,2555.0,0.8988,378.0,0.8989,2555.0
1753617493503,11:58:13.503,huobi,AERO/USDT:USDT,0.8975,388.0,0.8974,2555.0,0.8988,378.0,0.8989,2555.0
1753617493847,11:58:13.847,huobi,AERO/USDT:USDT,0.8975,388.0,0.8974,2555.0,0.8988,378.0,0.8989,2555.0
1753617494180,11:58:14.180,huobi,AERO/USDT:USDT,0.8975,388.0,0.8974,2555.0,0.8988,378.0,0.8989,2555.0
1753617495978,11:58:15.978,huobi,AERO/USDT:USDT,0.8975,388.0,0.8974,2555.0,0.8988,378.0,0.8989,2555.0
1753617496266,11:58:16.266,huobi,AERO/USDT:USDT,0.8975,388.0,0.8969,376.0,0.8988,378.0,0.8989,2555.0
1753617496296,11:58:16.296,huobi,AERO/USDT:USDT,0.8972,388.0,0.8971,2554.0,0.8988,378.0,0.8989,2555.0
1753617498303,11:58:18.303,huobi,AERO/USDT:USDT,0.8972,388.0,0.8971,2554.0,0.8988,378.0,0.8989,2555.0
1753617500827,11:58:20.827,huobi,AERO/USDT:USDT,0.8972,388.0,0.8971,2554.0,0.8988,465.0,0.8989,2555.0
1753617503103,11:58:23.103,huobi,AERO/USDT:USDT,0.8972,388.0,0.8971,2554.0,0.8987,376.0,0.8988,465.0
1753617503426,11:58:23.426,huobi,AERO/USDT:USDT,0.8972,388.0,0.8968,378.0,0.8987,376.0,0.8988,465.0
1753617503437,11:58:23.437,huobi,AERO/USDT:USDT,0.8968,378.0,0.8964,5775.0,0.8987,376.0,0.8988,465.0
1753617503529,11:58:23.529,huobi,AERO/USDT:USDT,0.8968,378.0,0.8966,2554.0,0.8987,376.0,0.8988,465.0
1753617503554,11:58:23.554,huobi,AERO/USDT:USDT,0.8968,378.0,0.8966,2930.0,0.8987,376.0,0.8988,465.0
1753617504045,11:58:24.045,huobi,AERO/USDT:USDT,0.8968,378.0,0.8966,2930.0,0.8987,376.0,0.8988,378.0
1753617505779,11:58:25.779,huobi,AERO/USDT:USDT,0.8968,378.0,0.8966,2930.0,0.8987,87.0,0.8988,378.0
1753617505829,11:58:25.829,huobi,AERO/USDT:USDT,0.8968,378.0,0.8966,2930.0,0.8986,376.0,0.8987,87.0
1753617505873,11:58:25.873,huobi,AERO/USDT:USDT,0.8968,378.0,0.8966,2930.0,0.8971,2.0,0.8986,376.0
1753617507902,11:58:27.902,huobi,AERO/USDT:USDT,0.8968,378.0,0.8966,2930.0,0.8986,376.0,0.8987,87.0
1753617507917,11:58:27.917,huobi,AERO/USDT:USDT,0.8968,378.0,0.8966,2930.0,0.8986,376.0,0.8987,87.0
1753617511716,11:58:31.716,huobi,AERO/USDT:USDT,0.8968,378.0,0.8966,2930.0,0.8986,376.0,0.8988,378.0
1753617512731,11:58:32.731,huobi,AERO/USDT:USDT,0.8968,378.0,0.8966,2930.0,0.8988,378.0,0.8989,2931.0
1753617512759,11:58:32.759,huobi,AERO/USDT:USDT,0.8968,378.0,0.8966,2930.0,0.8988,378.0,0.8989,2931.0
1753617513050,11:58:33.050,huobi,AERO/USDT:USDT,0.8968,459.0,0.8966,2930.0,0.8988,378.0,0.8989,2931.0
1753617514822,11:58:34.822,huobi,AERO/USDT:USDT,0.8969,385.0,0.8968,378.0,0.8988,378.0,0.8989,2931.0
1753617514859,11:58:34.859,huobi,AERO/USDT:USDT,0.8968,378.0,0.8966,2930.0,0.8988,378.0,0.8989,2931.0
1753617517504,11:58:37.504,huobi,AERO/USDT:USDT,0.8968,378.0,0.8966,2930.0,0.8988,378.0,0.8989,2931.0
1753617518292,11:58:38.292,huobi,AERO/USDT:USDT,0.8968,378.0,0.8966,2930.0,0.8988,429.0,0.8989,2931.0
1753617518337,11:58:38.337,huobi,AERO/USDT:USDT,0.8968,378.0,0.8966,2930.0,0.8987,385.0,0.8988,378.0
1753617518463,11:58:38.463,huobi,AERO/USDT:USDT,0.8968,378.0,0.8966,2930.0,0.8988,378.0,0.8989,2931.0
1753617522304,11:58:42.304,huobi,AERO/USDT:USDT,0.8968,378.0,0.8966,2930.0,0.8988,378.0,0.8989,2931.0
1753617522380,11:58:42.380,huobi,AERO/USDT:USDT,0.8968,459.0,0.8966,2930.0,0.8988,378.0,0.8989,2931.0
1753617522405,11:58:42.405,huobi,AERO/USDT:USDT,0.8969,377.0,0.8968,459.0,0.8988,378.0,0.8989,2931.0
1753617522429,11:58:42.429,huobi,AERO/USDT:USDT,0.897,2554.0,0.8969,377.0,0.8988,378.0,0.8989,2931.0
1753617522896,11:58:42.896,huobi,AERO/USDT:USDT,0.8971,377.0,0.897,2554.0,0.8988,378.0,0.8989,2931.0
1753617523891,11:58:43.891,huobi,AERO/USDT:USDT,0.8971,377.0,0.897,2554.0,0.8988,378.0,0.8989,2931.0
1753617524591,11:58:44.591,huobi,AERO/USDT:USDT,0.8976,61.0,0.8971,377.0,0.8988,378.0,0.8989,2931.0
1753617526044,11:58:46.044,huobi,AERO/USDT:USDT,0.8971,377.0,0.897,2554.0,0.8988,378.0,0.8989,2931.0
1753617527111,11:58:47.111,huobi,AERO/USDT:USDT,0.8971,377.0,0.897,2554.0,0.8988,378.0,0.8989,2931.0
1753617531172,11:58:51.172,huobi,AERO/USDT:USDT,0.8971,377.0,0.897,2554.0,0.8988,429.0,0.8989,2931.0
1753617531184,11:58:51.184,huobi,AERO/USDT:USDT,0.8971,377.0,0.897,2554.0,0.8987,392.0,0.8988,429.0
1753617531934,11:58:51.934,huobi,AERO/USDT:USDT,0.8971,377.0,0.897,2554.0,0.8987,392.0,0.8988,429.0
1753617532578,11:58:52.578,huobi,AERO/USDT:USDT,0.8971,377.0,0.897,2554.0,0.8987,392.0,0.8988,429.0
1753617533950,11:58:53.950,huobi,AERO/USDT:USDT,0.8971,377.0,0.897,2554.0,0.8987,392.0,0.8988,429.0
1753617533981,11:58:53.981,huobi,AERO/USDT:USDT,0.8971,377.0,0.897,2554.0,0.8987,392.0,0.8988,378.0
1753617536115,11:58:56.115,huobi,AERO/USDT:USDT,0.8971,377.0,0.897,2554.0,0.8988,378.0,0.8989,2931.0
1753617536704,11:58:56.704,huobi,AERO/USDT:USDT,0.8971,377.0,0.897,2554.0,0.8988,378.0,0.8989,2931.0
1753617536759,11:58:56.759,huobi,AERO/USDT:USDT,0.8971,377.0,0.897,2554.0,0.8988,378.0,0.8989,2931.0
1753617537543,11:58:57.543,huobi,AERO/USDT:USDT,0.8983,5.0,0.8971,377.0,0.8988,378.0,0.8989,2931.0
1753617539141,11:58:59.141,huobi,AERO/USDT:USDT,0.8971,377.0,0.897,2554.0,0.8988,378.0,0.8989,376.0
1753617539285,11:58:59.285,huobi,AERO/USDT:USDT,0.8971,377.0,0.897,2554.0,0.8989,376.0,0.8993,5776.0
1753617539317,11:58:59.317,huobi,AERO/USDT:USDT,0.8971,377.0,0.897,2554.0,0.8989,376.0,0.8993,5776.0
1753617539349,11:58:59.349,huobi,AERO/USDT:USDT,0.8971,377.0,0.897,2554.0,0.8989,376.0,0.8993,5776.0
1753617539378,11:58:59.378,huobi,AERO/USDT:USDT,0.8971,377.0,0.897,2554.0,0.8987,388.0,0.8988,2553.0
1753617540430,11:59:00.430,huobi,AERO/USDT:USDT,0.8971,377.0,0.897,2554.0,0.8988,2553.0,0.8989,376.0
1753617541207,11:59:01.207,huobi,AERO/USDT:USDT,0.8971,377.0,0.897,2554.0,0.8987,388.0,0.8988,2553.0
1753617541247,11:59:01.247,huobi,AERO/USDT:USDT,0.8971,377.0,0.897,2554.0,0.8987,388.0,0.8988,2553.0
1753617541506,11:59:01.506,huobi,AERO/USDT:USDT,0.8971,377.0,0.897,2554.0,0.8987,388.0,0.8988,2553.0
1753617541774,11:59:01.774,huobi,AERO/USDT:USDT,0.8971,457.0,0.897,2554.0,0.8987,388.0,0.8988,2553.0
1753617545373,11:59:05.373,huobi,AERO/USDT:USDT,0.8972,388.0,0.8971,457.0,0.8987,388.0,0.8988,2553.0
1753617545450,11:59:05.450,huobi,AERO/USDT:USDT,0.8972,388.0,0.8971,457.0,0.8988,2553.0,0.8989,376.0
1753617545508,11:59:05.508,huobi,AERO/USDT:USDT,0.8972,388.0,0.8971,457.0,0.8988,2553.0,0.8989,376.0
1753617545555,11:59:05.555,huobi,AERO/USDT:USDT,0.8972,388.0,0.8971,377.0,0.8988,2553.0,0.8989,376.0
1753617545874,11:59:05.874,huobi,AERO/USDT:USDT,0.8971,377.0,0.897,2554.0,0.8988,2553.0,0.8989,376.0
1753617545925,11:59:05.925,huobi,AERO/USDT:USDT,0.8971,377.0,0.897,2554.0,0.8988,2553.0,0.8989,376.0
1753617545981,11:59:05.981,huobi,AERO/USDT:USDT,0.8971,377.0,0.897,2554.0,0.8987,388.0,0.8988,2553.0
1753617546045,11:59:06.045,huobi,AERO/USDT:USDT,0.8971,377.0,0.897,2554.0,0.8988,2553.0,0.8989,376.0
1753617546305,11:59:06.305,huobi,AERO/USDT:USDT,0.8971,377.0,0.897,2554.0,0.8988,2553.0,0.8989,376.0
1753617547257,11:59:07.257,huobi,AERO/USDT:USDT,0.8971,377.0,0.897,2554.0,0.8987,388.0,0.8988,2553.0
1753617547284,11:59:07.284,huobi,AERO/USDT:USDT,0.8971,377.0,0.897,2554.0,0.8987,388.0,0.8988,2553.0
1753617547306,11:59:07.306,huobi,AERO/USDT:USDT,0.8971,377.0,0.897,2554.0,0.8987,388.0,0.8988,2553.0
1753617547334,11:59:07.334,huobi,AERO/USDT:USDT,0.8971,377.0,0.897,2554.0,0.8987,388.0,0.8988,2553.0
1753617547367,11:59:07.367,huobi,AERO/USDT:USDT,0.8971,377.0,0.897,2554.0,0.8987,388.0,0.8988,2553.0
1753617547454,11:59:07.454,huobi,AERO/USDT:USDT,0.8971,377.0,0.897,2554.0,0.8987,388.0,0.8988,2553.0
1753617547477,11:59:07.477,huobi,AERO/USDT:USDT,0.8973,388.0,0.8972,80.0,0.8987,388.0,0.8988,2553.0
1753617547883,11:59:07.883,huobi,AERO/USDT:USDT,0.8973,388.0,0.8972,80.0,0.8987,388.0,0.8988,2553.0
1753617547923,11:59:07.923,huobi,AERO/USDT:USDT,0.8973,388.0,0.8972,80.0,0.8987,388.0,0.8988,2553.0
1753617548267,11:59:08.267,huobi,AERO/USDT:USDT,0.8973,388.0,0.8972,80.0,0.8987,388.0,0.8988,2553.0
1753617548324,11:59:08.324,huobi,AERO/USDT:USDT,0.8973,388.0,0.8972,80.0,0.8987,388.0,0.8988,2553.0
1753617549210,11:59:09.210,huobi,AERO/USDT:USDT,0.8973,388.0,0.8972,80.0,0.8987,388.0,0.8988,2553.0
1753617549243,11:59:09.243,huobi,AERO/USDT:USDT,0.8973,388.0,0.8972,80.0,0.8987,388.0,0.8988,2553.0
1753617549301,11:59:09.301,huobi,AERO/USDT:USDT,0.8973,388.0,0.8972,80.0,0.8987,388.0,0.8988,2553.0
1753617549332,11:59:09.332,huobi,AERO/USDT:USDT,0.8973,388.0,0.8972,80.0,0.8987,388.0,0.8988,2553.0
1753617549366,11:59:09.366,huobi,AERO/USDT:USDT,0.8973,388.0,0.8971,377.0,0.8987,388.0,0.8988,2553.0
1753617549405,11:59:09.405,huobi,AERO/USDT:USDT,0.8971,377.0,0.897,2554.0,0.8987,388.0,0.8989,376.0
1753617549423,11:59:09.423,huobi,AERO/USDT:USDT,0.8971,377.0,0.897,2554.0,0.8989,376.0,0.8991,2929.0
1753617549478,11:59:09.478,huobi,AERO/USDT:USDT,0.8971,377.0,0.897,2554.0,0.8989,376.0,0.8991,2929.0
1753617549518,11:59:09.518,huobi,AERO/USDT:USDT,0.8971,377.0,0.897,2554.0,0.8989,376.0,0.8991,2929.0
1753617549570,11:59:09.570,huobi,AERO/USDT:USDT,0.8971,377.0,0.897,2554.0,0.8991,2929.0,0.8993,6164.0
1753617549576,11:59:09.576,huobi,AERO/USDT:USDT,0.8971,377.0,0.897,2554.0,0.899,377.0,0.8991,2929.0
1753617549632,11:59:09.632,huobi,AERO/USDT:USDT,0.8971,377.0,0.897,2554.0,0.899,377.0,0.8991,2929.0
1753617549654,11:59:09.654,huobi,AERO/USDT:USDT,0.8971,377.0,0.897,2554.0,0.899,377.0,0.8991,2929.0
1753617549675,11:59:09.675,huobi,AERO/USDT:USDT,0.8971,377.0,0.897,2554.0,0.899,377.0,0.8991,2929.0
1753617549697,11:59:09.697,huobi,AERO/USDT:USDT,0.8971,377.0,0.897,2554.0,0.899,377.0,0.8991,2929.0
1753617549727,11:59:09.727,huobi,AERO/USDT:USDT,0.8971,377.0,0.897,2554.0,0.899,377.0,0.8991,2929.0
1753617549808,11:59:09.808,huobi,AERO/USDT:USDT,0.8971,377.0,0.897,2554.0,0.899,377.0,0.8991,2929.0
1753617549825,11:59:09.825,huobi,AERO/USDT:USDT,0.8971,377.0,0.897,2554.0,0.899,377.0,0.8991,2929.0
1753617550222,11:59:10.222,huobi,AERO/USDT:USDT,0.8971,377.0,0.897,2554.0,0.899,377.0,0.8991,2929.0
1753617550257,11:59:10.257,huobi,AERO/USDT:USDT,0.8971,377.0,0.897,2554.0,0.899,377.0,0.8991,2929.0
1753617550284,11:59:10.284,huobi,AERO/USDT:USDT,0.8971,377.0,0.897,2554.0,0.899,377.0,0.8991,2929.0
1753617550332,11:59:10.332,huobi,AERO/USDT:USDT,0.8971,377.0,0.897,2554.0,0.899,377.0,0.8991,2929.0
1753617551408,11:59:11.408,huobi,AERO/USDT:USDT,0.8972,80.0,0.8971,377.0,0.899,377.0,0.8991,2929.0
1753617551936,11:59:11.936,huobi,AERO/USDT:USDT,0.8973,377.0,0.8972,80.0,0.899,377.0,0.8991,2929.0
1753617552707,11:59:12.707,huobi,AERO/USDT:USDT,0.8973,377.0,0.8972,80.0,0.899,377.0,0.8991,2929.0
1753617552735,11:59:12.735,huobi,AERO/USDT:USDT,0.8973,377.0,0.8972,80.0,0.899,377.0,0.8991,2929.0
1753617553156,11:59:13.156,huobi,AERO/USDT:USDT,0.8973,377.0,0.8972,80.0,0.899,377.0,0.8991,2929.0
1753617553193,11:59:13.193,huobi,AERO/USDT:USDT,0.8973,377.0,0.8972,80.0,0.899,377.0,0.8991,2929.0
1753617553271,11:59:13.271,huobi,AERO/USDT:USDT,0.8973,377.0,0.8972,80.0,0.8991,2929.0,0.8996,378.0
1753617553313,11:59:13.313,huobi,AERO/USDT:USDT,0.8973,377.0,0.8971,377.0,0.8991,2929.0,0.8996,378.0
1753617553361,11:59:13.361,huobi,AERO/USDT:USDT,0.8971,377.0,0.897,2554.0,0.8991,2929.0,0.8996,378.0
1753617553484,11:59:13.484,huobi,AERO/USDT:USDT,0.8971,377.0,0.897,2554.0,0.8975,5.0,0.899,377.0
1753617553508,11:59:13.508,huobi,AERO/USDT:USDT,0.8975,5.0,0.8971,377.0,0.8989,377.0,0.899,377.0
1753617553671,11:59:13.671,huobi,AERO/USDT:USDT,0.8976,377.0,0.8975,5.0,0.8991,2929.0,0.8996,378.0
1753617553704,11:59:13.704,huobi,AERO/USDT:USDT,0.8976,377.0,0.8975,5.0,0.899,377.0,0.8991,2929.0
1753617554249,11:59:14.249,huobi,AERO/USDT:USDT,0.8976,377.0,0.8975,5.0,0.899,377.0,0.8991,377.0
1753617554258,11:59:14.258,huobi,AERO/USDT:USDT,0.8976,377.0,0.8975,5.0,0.8991,377.0,0.8996,378.0
1753617554296,11:59:14.296,huobi,AERO/USDT:USDT,0.8976,377.0,0.8975,5.0,0.8996,378.0,0.8999,5774.0
1753617554351,11:59:14.351,huobi,AERO/USDT:USDT,0.8976,377.0,0.8975,5.0,0.8995,2552.0,0.8996,378.0
1753617557504,11:59:17.504,huobi,AERO/USDT:USDT,0.8976,377.0,0.8975,5.0,0.8994,377.0,0.8995,2552.0
1753617558105,11:59:18.105,huobi,AERO/USDT:USDT,0.8976,377.0,0.8975,5.0,0.8994,377.0,0.8995,2552.0
1753617558132,11:59:18.132,huobi,AERO/USDT:USDT,0.8976,377.0,0.8975,5.0,0.8994,377.0,0.8996,378.0
1753617558168,11:59:18.168,huobi,AERO/USDT:USDT,0.8976,377.0,0.8975,5.0,0.8996,378.0,0.8999,5774.0
1753617558208,11:59:18.208,huobi,AERO/USDT:USDT,0.8976,377.0,0.8975,5.0,0.8996,378.0,0.8999,5774.0
1753617558217,11:59:18.217,huobi,AERO/USDT:USDT,0.8976,377.0,0.8975,5.0,0.8996,378.0,0.8999,5774.0
1753617558251,11:59:18.251,huobi,AERO/USDT:USDT,0.8976,377.0,0.8975,5.0,0.8994,377.0,0.8995,2551.0
1753617558298,11:59:18.298,huobi,AERO/USDT:USDT,0.8976,377.0,0.8975,5.0,0.8994,377.0,0.8995,2551.0
1753617558391,11:59:18.391,huobi,AERO/USDT:USDT,0.8976,377.0,0.8975,5.0,0.8994,377.0,0.8995,2551.0
1753617558428,11:59:18.428,huobi,AERO/USDT:USDT,0.8976,377.0,0.8975,5.0,0.8994,377.0,0.8995,2551.0
1753617558524,11:59:18.524,huobi,AERO/USDT:USDT,0.8976,377.0,0.8975,5.0,0.8994,377.0,0.8995,2551.0
1753617559001,11:59:19.001,huobi,AERO/USDT:USDT,0.8977,80.0,0.8976,377.0,0.8994,377.0,0.8995,2551.0
1753617560488,11:59:20.488,huobi,AERO/USDT:USDT,0.8978,391.0,0.8977,80.0,0.8994,377.0,0.8995,2551.0
1753617560550,11:59:20.550,huobi,AERO/USDT:USDT,0.8978,391.0,0.8976,377.0,0.8994,377.0,0.8995,2551.0
1753617560561,11:59:20.561,huobi,AERO/USDT:USDT,0.8976,377.0,0.8975,5.0,0.8994,377.0,0.8995,2551.0
1753617562307,11:59:22.307,huobi,AERO/USDT:USDT,0.8976,377.0,0.8975,5.0,0.8994,377.0,0.8995,2551.0
1753617564349,11:59:24.349,huobi,AERO/USDT:USDT,0.8977,80.0,0.8976,377.0,0.8994,377.0,0.8995,2551.0
1753617565701,11:59:25.701,huobi,AERO/USDT:USDT,0.8978,391.0,0.8977,80.0,0.8994,377.0,0.8995,2551.0
1753617565821,11:59:25.821,huobi,AERO/USDT:USDT,0.8978,391.0,0.8977,80.0,0.8994,377.0,0.8995,2551.0
1753617566246,11:59:26.246,huobi,AERO/USDT:USDT,0.8978,391.0,0.8976,377.0,0.8994,377.0,0.8995,2551.0
1753617566258,11:59:26.258,huobi,AERO/USDT:USDT,0.8976,377.0,0.8975,5.0,0.8994,377.0,0.8995,2551.0
1753617567104,11:59:27.104,huobi,AERO/USDT:USDT,0.8976,377.0,0.8975,5.0,0.8994,377.0,0.8995,2551.0
1753617570043,11:59:30.043,huobi,AERO/USDT:USDT,0.8976,457.0,0.8975,5.0,0.8994,377.0,0.8995,2551.0
1753617570675,11:59:30.675,huobi,AERO/USDT:USDT,0.8977,378.0,0.8976,457.0,0.8994,377.0,0.8995,2551.0
1753617570749,11:59:30.749,huobi,AERO/USDT:USDT,0.8977,378.0,0.8976,457.0,0.8982,2.0,0.8994,377.0
1753617570758,11:59:30.758,huobi,AERO/USDT:USDT,0.8977,378.0,0.8976,457.0,0.8994,377.0,0.8995,2551.0
1753617571906,11:59:31.906,huobi,AERO/USDT:USDT,0.8977,378.0,0.8976,457.0,0.8994,377.0,0.8995,2551.0
1753617573422,11:59:33.422,huobi,AERO/USDT:USDT,0.8977,378.0,0.8976,457.0,0.8994,377.0,0.8995,2551.0
1753617573439,11:59:33.439,huobi,AERO/USDT:USDT,0.8977,378.0,0.8976,457.0,0.8994,377.0,0.8995,2551.0
1753617573478,11:59:33.478,huobi,AERO/USDT:USDT,0.8977,378.0,0.8976,457.0,0.8994,377.0,0.8995,2551.0
1753617573824,11:59:33.824,huobi,AERO/USDT:USDT,0.8977,378.0,0.8976,377.0,0.8994,377.0,0.8995,2551.0
1753617575740,11:59:35.740,huobi,AERO/USDT:USDT,0.8977,80.0,0.8976,377.0,0.8994,377.0,0.8995,2551.0
1753617575783,11:59:35.783,huobi,AERO/USDT:USDT,0.8978,378.0,0.8977,80.0,0.8994,377.0,0.8995,2551.0
1753617576705,11:59:36.705,huobi,AERO/USDT:USDT,0.8978,378.0,0.8977,80.0,0.8994,377.0,0.8995,2551.0
1753617579532,11:59:39.532,huobi,AERO/USDT:USDT,0.8978,378.0,0.8976,377.0,0.8994,377.0,0.8995,2551.0
1753617579545,11:59:39.545,huobi,AERO/USDT:USDT,0.8976,377.0,0.8973,5770.0,0.8994,377.0,0.8995,2551.0
1753617580216,11:59:40.216,huobi,AERO/USDT:USDT,0.8977,80.0,0.8976,377.0,0.8994,377.0,0.8995,2551.0
1753617581505,11:59:41.505,huobi,AERO/USDT:USDT,0.8978,382.0,0.8977,80.0,0.8994,377.0,0.8995,2551.0
1753617582058,11:59:42.058,huobi,AERO/USDT:USDT,0.8978,382.0,0.8976,377.0,0.8994,377.0,0.8995,2551.0
1753617582069,11:59:42.069,huobi,AERO/USDT:USDT,0.8976,377.0,0.8973,5770.0,0.8994,377.0,0.8995,2551.0
1753617582928,11:59:42.928,huobi,AERO/USDT:USDT,0.8976,377.0,0.8973,5770.0,0.8994,377.0,0.8995,2551.0
1753617583054,11:59:43.054,huobi,AERO/USDT:USDT,0.8976,377.0,0.8973,5770.0,0.8994,377.0,0.8995,2551.0
1753617584658,11:59:44.658,huobi,AERO/USDT:USDT,0.8976,377.0,0.8973,5770.0,0.8986,8.0,0.8994,377.0
1753617585845,11:59:45.845,huobi,AERO/USDT:USDT,0.8977,80.0,0.8976,377.0,0.8994,377.0,0.8995,2551.0
1753617585877,11:59:45.877,huobi,AERO/USDT:USDT,0.8978,2931.0,0.8977,80.0,0.8994,377.0,0.8995,2551.0
1753617586306,11:59:46.306,huobi,AERO/USDT:USDT,0.8979,382.0,0.8978,2931.0,0.8994,377.0,0.8995,2551.0
1753617590478,11:59:50.478,huobi,AERO/USDT:USDT,0.8979,382.0,0.8978,2931.0,0.8994,377.0,0.8995,2551.0
1753617591106,11:59:51.106,huobi,AERO/USDT:USDT,0.8979,382.0,0.8978,2931.0,0.8994,377.0,0.8995,2551.0
1753617595973,11:59:55.973,huobi,AERO/USDT:USDT,0.8979,382.0,0.8978,2931.0,0.8994,377.0,0.8995,2551.0
1753617599521,11:59:59.521,huobi,AERO/USDT:USDT,0.8979,382.0,0.8978,2931.0,0.8994,377.0,0.8995,2551.0
1753617599589,11:59:59.589,huobi,AERO/USDT:USDT,0.8979,382.0,0.8978,2931.0,0.8994,377.0,0.8995,2551.0
1753617600705,12:00:00.705,huobi,AERO/USDT:USDT,0.8979,382.0,0.8978,2931.0,0.8994,377.0,0.8995,2551.0
1753617602182,12:00:02.182,huobi,AERO/USDT:USDT,0.8979,382.0,0.8978,2931.0,0.8989,1.0,0.8994,377.0
1753617602196,12:00:02.196,huobi,AERO/USDT:USDT,0.8979,382.0,0.8978,2931.0,0.8988,384.0,0.8994,377.0
1753617603072,12:00:03.072,huobi,AERO/USDT:USDT,0.8979,382.0,0.8978,2931.0,0.8994,377.0,0.8996,378.0
1753617605018,12:00:05.018,huobi,AERO/USDT:USDT,0.8979,382.0,0.8978,2931.0,0.8996,378.0,0.8999,2548.0
1753617605077,12:00:05.077,huobi,AERO/USDT:USDT,0.8979,382.0,0.8978,2931.0,0.8996,378.0,0.8999,2932.0
1753617605191,12:00:05.191,huobi,AERO/USDT:USDT,0.8979,382.0,0.8978,2931.0,0.8996,378.0,0.8999,2932.0
1753617605286,12:00:05.286,huobi,AERO/USDT:USDT,0.8979,382.0,0.8978,2931.0,0.8996,378.0,0.8999,2932.0
1753617605288,12:00:05.288,huobi,AERO/USDT:USDT,0.8979,382.0,0.8978,2931.0,0.8996,378.0,0.8999,2932.0
1753617605356,12:00:05.356,huobi,AERO/USDT:USDT,0.8979,382.0,0.8978,2931.0,0.8996,378.0,0.8999,2932.0
1753617605506,12:00:05.506,huobi,AERO/USDT:USDT,0.8979,382.0,0.8978,2931.0,0.8996,378.0,0.8999,2932.0
1753617605595,12:00:05.595,huobi,AERO/USDT:USDT,0.8979,462.0,0.8978,2931.0,0.8996,378.0,0.8999,2932.0
1753617605950,12:00:05.950,huobi,AERO/USDT:USDT,0.898,384.0,0.8979,462.0,0.8996,378.0,0.8999,2932.0
1753617605989,12:00:05.989,huobi,AERO/USDT:USDT,0.898,384.0,0.8979,462.0,0.8996,378.0,0.8999,2932.0
1753617606209,12:00:06.209,huobi,AERO/USDT:USDT,0.898,384.0,0.8979,462.0,0.8996,378.0,0.8999,2932.0
1753617606272,12:00:06.272,huobi,AERO/USDT:USDT,0.898,384.0,0.8979,462.0,0.8996,378.0,0.8999,2932.0
1753617606847,12:00:06.847,huobi,AERO/USDT:USDT,0.898,384.0,0.8979,462.0,0.8996,378.0,0.8999,2932.0
1753617606915,12:00:06.915,huobi,AERO/USDT:USDT,0.898,384.0,0.8979,382.0,0.8996,378.0,0.8999,2932.0
1753617610306,12:00:10.306,huobi,AERO/USDT:USDT,0.8979,382.0,0.8978,2931.0,0.8996,378.0,0.8999,2932.0
1753617610323,12:00:10.323,huobi,AERO/USDT:USDT,0.8979,382.0,0.8978,2931.0,0.8996,378.0,0.8999,2932.0
1753617612723,12:00:12.723,huobi,AERO/USDT:USDT,0.8979,382.0,0.8978,2931.0,0.8996,378.0,0.8999,2932.0
1753617612905,12:00:12.905,huobi,AERO/USDT:USDT,0.8979,382.0,0.8978,2931.0,0.8996,378.0,0.8999,2932.0
1753617612905,12:00:12.905,huobi,AERO/USDT:USDT,0.8979,382.0,0.8978,2931.0,0.8996,378.0,0.8999,2932.0
1753617612956,12:00:12.956,huobi,AERO/USDT:USDT,0.8979,382.0,0.8978,2931.0,0.8996,378.0,0.8999,2932.0
1753617613416,12:00:13.416,huobi,AERO/USDT:USDT,0.8979,382.0,0.8978,2931.0,0.8996,378.0,0.8999,2932.0
1753617613477,12:00:13.477,huobi,AERO/USDT:USDT,0.8979,382.0,0.8978,2931.0,0.8996,378.0,0.8999,2932.0
1753617613635,12:00:13.635,huobi,AERO/USDT:USDT,0.8979,382.0,0.8978,2931.0,0.8996,378.0,0.8999,2932.0
1753617613737,12:00:13.737,huobi,AERO/USDT:USDT,0.8979,382.0,0.8978,2931.0,0.8996,378.0,0.8999,2932.0
1753617615122,12:00:15.122,huobi,AERO/USDT:USDT,0.8979,382.0,0.8978,2931.0,0.8996,378.0,0.8999,2932.0
1753617616267,12:00:16.267,huobi,AERO/USDT:USDT,0.8979,382.0,0.8978,2931.0,0.8996,378.0,0.8999,2932.0
1753617616305,12:00:16.305,huobi,AERO/USDT:USDT,0.8979,382.0,0.8978,2931.0,0.8996,378.0,0.8999,2932.0
1753617617177,12:00:17.177,huobi,AERO/USDT:USDT,0.8979,382.0,0.8978,2931.0,0.8996,378.0,0.8999,2932.0
1753617617322,12:00:17.322,huobi,AERO/USDT:USDT,0.8979,382.0,0.8978,2931.0,0.8996,378.0,0.8999,2932.0
1753617619906,12:00:19.906,huobi,AERO/USDT:USDT,0.8979,382.0,0.8978,2931.0,0.8996,378.0,0.8999,2932.0
1753617624096,12:00:24.096,huobi,AERO/USDT:USDT,0.8979,382.0,0.8978,2931.0,0.8987,24.0,0.8996,378.0
1753617629324,12:00:29.324,huobi,AERO/USDT:USDT,0.8979,382.0,0.8978,2931.0,0.8996,378.0,0.8999,384.0
1753617629353,12:00:29.353,huobi,AERO/USDT:USDT,0.8979,382.0,0.8978,2931.0,0.8994,2547.0,0.8999,384.0
1753617629505,12:00:29.505,huobi,AERO/USDT:USDT,0.8979,382.0,0.8978,2931.0,0.8993,392.0,0.8994,2547.0
1753617634307,12:00:34.307,huobi,AERO/USDT:USDT,0.8979,382.0,0.8978,2931.0,0.8993,392.0,0.8994,2547.0
1753617634473,12:00:34.473,huobi,AERO/USDT:USDT,0.8979,382.0,0.8978,2931.0,0.8993,392.0,0.8994,2547.0
1753617634621,12:00:34.621,huobi,AERO/USDT:USDT,0.8979,382.0,0.8978,2931.0,0.8993,392.0,0.8994,2547.0
1753617635480,12:00:35.480,huobi,AERO/USDT:USDT,0.8979,382.0,0.8978,2931.0,0.8993,392.0,0.8994,2547.0
1753617635931,12:00:35.931,huobi,AERO/USDT:USDT,0.8979,382.0,0.8978,2931.0,0.8987,25.0,0.8993,392.0
1753617639106,12:00:39.106,huobi,AERO/USDT:USDT,0.8979,382.0,0.8978,2931.0,0.8993,392.0,0.8994,2547.0
1753617639127,12:00:39.127,huobi,AERO/USDT:USDT,0.8979,382.0,0.8978,2931.0,0.8993,392.0,0.8994,2547.0
1753617639155,12:00:39.155,huobi,AERO/USDT:USDT,0.8979,382.0,0.8978,2931.0,0.8993,392.0,0.8994,2547.0
1753617643911,12:00:43.911,huobi,AERO/USDT:USDT,0.8979,382.0,0.8978,2931.0,0.8993,392.0,0.8994,2547.0
1753617643926,12:00:43.926,huobi,AERO/USDT:USDT,0.8979,382.0,0.8978,2931.0,0.8993,392.0,0.8994,2547.0
1753617649734,12:00:49.734,huobi,AERO/USDT:USDT,0.8979,382.0,0.8978,382.0,0.8993,392.0,0.8994,2547.0
1753617649746,12:00:49.746,huobi,AERO/USDT:USDT,0.8978,382.0,0.8976,377.0,0.8993,392.0,0.8994,2547.0
1753617649833,12:00:49.833,huobi,AERO/USDT:USDT,0.8976,377.0,0.8975,2548.0,0.8993,392.0,0.8994,2547.0
1753617649846,12:00:49.846,huobi,AERO/USDT:USDT,0.8976,377.0,0.8975,2927.0,0.8993,392.0,0.8994,2547.0
1753617650034,12:00:50.034,huobi,AERO/USDT:USDT,0.8976,377.0,0.8975,2927.0,0.8993,392.0,0.8994,2547.0
1753617650068,12:00:50.068,huobi,AERO/USDT:USDT,0.8976,377.0,0.8975,2927.0,0.8993,392.0,0.8994,2547.0
1753617650958,12:00:50.958,huobi,AERO/USDT:USDT,0.8976,377.0,0.8975,2927.0,0.8993,392.0,0.8994,2547.0
1753617650991,12:00:50.991,huobi,AERO/USDT:USDT,0.8976,377.0,0.8975,2927.0,0.8993,392.0,0.8994,2547.0
1753617652653,12:00:52.653,huobi,AERO/USDT:USDT,0.8976,377.0,0.8975,2927.0,0.8993,392.0,0.8994,2547.0
1753617653507,12:00:53.507,huobi,AERO/USDT:USDT,0.8976,377.0,0.8975,2927.0,0.8993,392.0,0.8994,2547.0
1753617654023,12:00:54.023,huobi,AERO/USDT:USDT,0.8976,377.0,0.8975,2927.0,0.8987,1.0,0.8993,392.0
1753617654039,12:00:54.039,huobi,AERO/USDT:USDT,0.8976,377.0,0.8975,2927.0,0.8986,379.0,0.8993,392.0
1753617654762,12:00:54.762,huobi,AERO/USDT:USDT,0.8976,377.0,0.8975,2927.0,0.8993,392.0,0.8994,2926.0
1753617654862,12:00:54.862,huobi,AERO/USDT:USDT,0.8976,377.0,0.8975,2927.0,0.8993,392.0,0.8994,2926.0
1753617655006,12:00:55.006,huobi,AERO/USDT:USDT,0.8976,377.0,0.8975,2927.0,0.8993,392.0,0.8994,2926.0
1753617655612,12:00:55.612,huobi,AERO/USDT:USDT,0.8976,377.0,0.8975,2927.0,0.8993,392.0,0.8994,2926.0
1753617655643,12:00:55.643,huobi,AERO/USDT:USDT,0.8976,377.0,0.8975,2927.0,0.8993,392.0,0.8994,2926.0
1753617655712,12:00:55.712,huobi,AERO/USDT:USDT,0.8976,377.0,0.8975,2927.0,0.8993,392.0,0.8994,2926.0
1753617655747,12:00:55.747,huobi,AERO/USDT:USDT,0.8976,377.0,0.8975,2927.0,0.8993,392.0,0.8994,2926.0
1753617656802,12:00:56.802,huobi,AERO/USDT:USDT,0.8976,377.0,0.8975,2927.0,0.8993,392.0,0.8994,2926.0
1753617656831,12:00:56.831,huobi,AERO/USDT:USDT,0.8976,377.0,0.8975,2927.0,0.8993,392.0,0.8994,2926.0
1753617656867,12:00:56.867,huobi,AERO/USDT:USDT,0.8976,377.0,0.8975,2927.0,0.8993,392.0,0.8994,2926.0
1753617657106,12:00:57.106,huobi,AERO/USDT:USDT,0.8976,377.0,0.8975,2927.0,0.8993,392.0,0.8994,2926.0
1753617657136,12:00:57.136,huobi,AERO/USDT:USDT,0.8976,377.0,0.8975,2927.0,0.8993,392.0,0.8994,2926.0
1753617657940,12:00:57.940,huobi,AERO/USDT:USDT,0.8976,377.0,0.8975,2927.0,0.8993,392.0,0.8994,2926.0
1753617658036,12:00:58.036,huobi,AERO/USDT:USDT,0.8976,377.0,0.8975,2927.0,0.8993,392.0,0.8994,2926.0
1753617658225,12:00:58.225,huobi,AERO/USDT:USDT,0.8976,377.0,0.8975,2927.0,0.8993,392.0,0.8994,2926.0
