timestamp,time,exchange,symbol,bid1_price,bid1_volume,bid2_price,bid2_volume,ask1_price,ask1_volume,ask2_price,ask2_volume
1753617166950,11:52:46.950,mexc,1INCH/USDT:USDT,0.2866,15792,0.2865,34391,0.2867,10424,0.2868,84963
1753617167543,11:52:47.543,mexc,1INCH/USDT:USDT,0.2866,15792,0.2865,34391,0.2867,10424,0.2868,84963
1753617167947,11:52:47.947,mexc,1INCH/USDT:USDT,0.2866,15792,0.2865,34391,0.2867,10424,0.2868,57831
1753617168048,11:52:48.048,mexc,1INCH/USDT:USDT,0.2866,15792,0.2865,43283,0.2867,10424,0.2868,57831
1753617168414,11:52:48.414,mexc,1INCH/USDT:USDT,0.2866,15792,0.2865,43283,0.2867,10424,0.2868,57831
1753617168545,11:52:48.545,mexc,1INCH/USDT:USDT,0.2866,15792,0.2865,34391,0.2867,10424,0.2868,57831
1753617168914,11:52:48.914,mexc,1INCH/USDT:USDT,0.2866,15792,0.2865,34391,0.2867,10424,0.2868,78691
1753617169046,11:52:49.046,mexc,1INCH/USDT:USDT,0.2866,15792,0.2865,43089,0.2867,10424,0.2868,78691
1753617169317,11:52:49.317,mexc,1INCH/USDT:USDT,0.2866,15792,0.2865,43089,0.2867,10424,0.2868,57831
1753617169449,11:52:49.449,mexc,1INCH/USDT:USDT,0.2866,15792,0.2865,34391,0.2867,10424,0.2868,82544
1753617169546,11:52:49.546,mexc,1INCH/USDT:USDT,0.2866,15792,0.2865,34391,0.2867,10424,0.2868,82544
1753617169947,11:52:49.947,mexc,1INCH/USDT:USDT,0.2866,15792,0.2865,34391,0.2867,10424,0.2868,82999
1753617170048,11:52:50.048,mexc,1INCH/USDT:USDT,0.2866,15792,0.2865,43192,0.2867,10424,0.2868,82999
1753617170415,11:52:50.415,mexc,1INCH/USDT:USDT,0.2866,15792,0.2865,43192,0.2867,10424,0.2868,57831
1753617170546,11:52:50.546,mexc,1INCH/USDT:USDT,0.2866,15792,0.2865,34391,0.2867,10424,0.2868,68541
1753617170818,11:52:50.818,mexc,1INCH/USDT:USDT,0.2866,15792,0.2865,34391,0.2867,10424,0.2868,68541
1753617170947,11:52:50.947,mexc,1INCH/USDT:USDT,0.2866,15792,0.2865,34391,0.2867,10424,0.2868,57831
1753617171049,11:52:51.049,mexc,1INCH/USDT:USDT,0.2866,15792,0.2865,34391,0.2867,10424,0.2868,57831
1753617171452,11:52:51.452,mexc,1INCH/USDT:USDT,0.2866,15792,0.2865,34391,0.2867,10424,0.2868,57831
1753617171546,11:52:51.546,mexc,1INCH/USDT:USDT,0.2866,15792,0.2865,34391,0.2867,10424,0.2868,57831
1753617171887,11:52:51.887,mexc,1INCH/USDT:USDT,0.2866,15792,0.2865,34391,0.2867,10424,0.2868,57831
1753617172049,11:52:52.049,mexc,1INCH/USDT:USDT,0.2866,15792,0.2865,34391,0.2867,10424,0.2868,79873
1753617172318,11:52:52.318,mexc,1INCH/USDT:USDT,0.2866,15792,0.2865,34391,0.2867,10424,0.2868,79873
1753617172448,11:52:52.448,mexc,1INCH/USDT:USDT,0.2866,15792,0.2865,34391,0.2867,10424,0.2868,57831
1753617172546,11:52:52.546,mexc,1INCH/USDT:USDT,0.2866,15792,0.2865,34391,0.2867,10424,0.2868,57831
1753617172948,11:52:52.948,mexc,1INCH/USDT:USDT,0.2866,15792,0.2865,34391,0.2867,10424,0.2868,86325
1753617173045,11:52:53.045,mexc,1INCH/USDT:USDT,0.2866,15792,0.2865,47938,0.2867,10424,0.2868,86325
1753617173226,11:52:53.226,mexc,1INCH/USDT:USDT,0.2867,26865,0.2866,31760,0.2868,11021,0.2869,28606
1753617173545,11:52:53.545,mexc,1INCH/USDT:USDT,0.2867,26865,0.2866,42420,0.2868,11021,0.2869,28606
1753617173821,11:52:53.821,mexc,1INCH/USDT:USDT,0.2867,26865,0.2866,42420,0.2868,11021,0.2869,28606
1753617173949,11:52:53.949,mexc,1INCH/USDT:USDT,0.2867,26865,0.2866,31760,0.2868,11021,0.2869,28606
1753617174247,11:52:54.247,mexc,1INCH/USDT:USDT,0.2867,26865,0.2866,31760,0.2868,11021,0.2869,28606
1753617174448,11:52:54.448,mexc,1INCH/USDT:USDT,0.2867,26865,0.2866,31760,0.2868,11021,0.2869,28606
1753617174545,11:52:54.545,mexc,1INCH/USDT:USDT,0.2867,26865,0.2866,31760,0.2868,11021,0.2869,28606
1753617174948,11:52:54.948,mexc,1INCH/USDT:USDT,0.2867,26865,0.2866,31760,0.2868,11021,0.2869,28606
1753617175045,11:52:55.045,mexc,1INCH/USDT:USDT,0.2867,26865,0.2866,31760,0.2868,11021,0.2869,28606
1753617175419,11:52:55.419,mexc,1INCH/USDT:USDT,0.2867,26865,0.2866,31760,0.2868,11021,0.2869,28606
1753617175547,11:52:55.547,mexc,1INCH/USDT:USDT,0.2867,26865,0.2866,31760,0.2868,11021,0.2869,28606
1753617175824,11:52:55.824,mexc,1INCH/USDT:USDT,0.2867,26865,0.2866,31760,0.2868,11021,0.2869,28606
1753617175949,11:52:55.949,mexc,1INCH/USDT:USDT,0.2867,26865,0.2866,31760,0.2868,11021,0.2869,32009
1753617176048,11:52:56.048,mexc,1INCH/USDT:USDT,0.2867,26865,0.2866,31760,0.2868,11021,0.2869,32009
1753617176449,11:52:56.449,mexc,1INCH/USDT:USDT,0.2867,26865,0.2866,31760,0.2868,11021,0.2869,28606
1753617176548,11:52:56.548,mexc,1INCH/USDT:USDT,0.2867,26865,0.2866,31760,0.2868,11021,0.2869,28606
1753617176927,11:52:56.927,mexc,1INCH/USDT:USDT,0.2867,26865,0.2866,31760,0.2868,11021,0.2869,28606
1753617177048,11:52:57.048,mexc,1INCH/USDT:USDT,0.2867,26865,0.2866,36644,0.2868,11021,0.2869,28606
1753617177420,11:52:57.420,mexc,1INCH/USDT:USDT,0.2867,26865,0.2866,36644,0.2868,11021,0.2869,28606
1753617177546,11:52:57.546,mexc,1INCH/USDT:USDT,0.2867,26865,0.2866,40301,0.2868,11021,0.2869,28606
1753617177823,11:52:57.823,mexc,1INCH/USDT:USDT,0.2867,26865,0.2866,40301,0.2868,11021,0.2869,28606
1753617178047,11:52:58.047,mexc,1INCH/USDT:USDT,0.2867,26865,0.2866,31760,0.2868,11021,0.2869,34448
1753617178084,11:52:58.084,mexc,1INCH/USDT:USDT,0.2867,26865,0.2866,31760,0.2868,11021,0.2869,34448
1753617178449,11:52:58.449,mexc,1INCH/USDT:USDT,0.2867,26865,0.2866,31760,0.2868,11021,0.2869,37042
1753617178548,11:52:58.548,mexc,1INCH/USDT:USDT,0.2867,26865,0.2866,39801,0.2868,11021,0.2869,37042
1753617178920,11:52:58.920,mexc,1INCH/USDT:USDT,0.2867,26865,0.2866,39801,0.2868,11021,0.2869,28606
1753617179048,11:52:59.048,mexc,1INCH/USDT:USDT,0.2867,26865,0.2866,31760,0.2868,11021,0.2869,28606
1753617179228,11:52:59.228,mexc,1INCH/USDT:USDT,0.2867,15097,0.2866,31430,0.2868,11727,0.2869,38812
1753617179547,11:52:59.547,mexc,1INCH/USDT:USDT,0.2867,15097,0.2866,31430,0.2868,11727,0.2869,53199
1753617179824,11:52:59.824,mexc,1INCH/USDT:USDT,0.2867,15097,0.2866,31430,0.2868,11727,0.2869,53199
1753617179950,11:52:59.950,mexc,1INCH/USDT:USDT,0.2867,15097,0.2866,31430,0.2868,11727,0.2869,38812
1753617180048,11:53:00.048,mexc,1INCH/USDT:USDT,0.2867,15097,0.2866,35886,0.2868,11727,0.2869,38812
1753617180423,11:53:00.423,mexc,1INCH/USDT:USDT,0.2867,15097,0.2866,35886,0.2868,11727,0.2869,53427
1753617180548,11:53:00.548,mexc,1INCH/USDT:USDT,0.2867,15097,0.2866,31430,0.2868,11727,0.2869,53427
1753617180922,11:53:00.922,mexc,1INCH/USDT:USDT,0.2867,15097,0.2866,31430,0.2868,11727,0.2869,38812
1753617181047,11:53:01.047,mexc,1INCH/USDT:USDT,0.2867,15097,0.2866,34636,0.2868,11727,0.2869,38812
1753617181326,11:53:01.326,mexc,1INCH/USDT:USDT,0.2867,15097,0.2866,34636,0.2868,11727,0.2869,38812
1753617181452,11:53:01.452,mexc,1INCH/USDT:USDT,0.2867,15097,0.2866,31430,0.2868,11727,0.2869,55158
1753617181548,11:53:01.548,mexc,1INCH/USDT:USDT,0.2867,15097,0.2866,31430,0.2868,11727,0.2869,55158
1753617181951,11:53:01.951,mexc,1INCH/USDT:USDT,0.2867,15097,0.2866,31430,0.2868,11727,0.2869,38812
1753617182048,11:53:02.048,mexc,1INCH/USDT:USDT,0.2867,15097,0.2866,40725,0.2868,11727,0.2869,38812
1753617182422,11:53:02.422,mexc,1INCH/USDT:USDT,0.2867,15097,0.2866,40725,0.2868,11727,0.2869,54841
1753617182548,11:53:02.548,mexc,1INCH/USDT:USDT,0.2867,15097,0.2866,46679,0.2868,11727,0.2869,54841
1753617182826,11:53:02.826,mexc,1INCH/USDT:USDT,0.2867,15097,0.2866,46679,0.2868,11670,0.2869,38812
1753617182952,11:53:02.952,mexc,1INCH/USDT:USDT,0.2867,15097,0.2866,31430,0.2868,11670,0.2869,68787
1753617183048,11:53:03.048,mexc,1INCH/USDT:USDT,0.2867,15097,0.2866,31430,0.2868,11670,0.2869,68787
1753617183452,11:53:03.452,mexc,1INCH/USDT:USDT,0.2867,15097,0.2866,31430,0.2868,11670,0.2869,47697
1753617183547,11:53:03.547,mexc,1INCH/USDT:USDT,0.2867,15097,0.2866,31430,0.2868,11670,0.2869,47697
1753617183874,11:53:03.874,mexc,1INCH/USDT:USDT,0.2867,15097,0.2866,31430,0.2868,11670,0.2869,38812
1753617184049,11:53:04.049,mexc,1INCH/USDT:USDT,0.2869,30544,0.2868,44799,0.287,114014,0.2871,66048
1753617184326,11:53:04.326,mexc,1INCH/USDT:USDT,0.2869,30544,0.2868,44799,0.287,114014,0.2871,56646
1753617184452,11:53:04.452,mexc,1INCH/USDT:USDT,0.2869,30544,0.2868,34198,0.287,114014,0.2871,60061
1753617184548,11:53:04.548,mexc,1INCH/USDT:USDT,0.2869,30544,0.2868,34198,0.287,114014,0.2871,60061
1753617184952,11:53:04.952,mexc,1INCH/USDT:USDT,0.2869,30544,0.2868,34198,0.287,114014,0.2871,69026
1753617185049,11:53:05.049,mexc,1INCH/USDT:USDT,0.2869,30544,0.2868,34198,0.287,114014,0.2871,69026
1753617185428,11:53:05.428,mexc,1INCH/USDT:USDT,0.2869,30544,0.2868,34198,0.287,114014,0.2871,56646
1753617185549,11:53:05.549,mexc,1INCH/USDT:USDT,0.2869,30544,0.2868,34198,0.287,114014,0.2871,56646
1753617185832,11:53:05.832,mexc,1INCH/USDT:USDT,0.2869,30544,0.2868,34198,0.287,114014,0.2871,56646
1753617185951,11:53:05.951,mexc,1INCH/USDT:USDT,0.2869,30544,0.2868,34198,0.287,114014,0.2871,66608
1753617186048,11:53:06.048,mexc,1INCH/USDT:USDT,0.2869,30544,0.2868,47213,0.287,114014,0.2871,66608
1753617186452,11:53:06.452,mexc,1INCH/USDT:USDT,0.2869,30544,0.2868,34198,0.287,114014,0.2871,70915
1753617186549,11:53:06.549,mexc,1INCH/USDT:USDT,0.2869,30544,0.2868,55427,0.287,114014,0.2871,70915
1753617186928,11:53:06.928,mexc,1INCH/USDT:USDT,0.2869,30544,0.2868,55427,0.287,114014,0.2871,56646
1753617187049,11:53:07.049,mexc,1INCH/USDT:USDT,0.2869,30544,0.2868,34198,0.287,114014,0.2871,56646
1753617187331,11:53:07.331,mexc,1INCH/USDT:USDT,0.2869,30544,0.2868,34198,0.287,114014,0.2871,56646
1753617187452,11:53:07.452,mexc,1INCH/USDT:USDT,0.2869,30544,0.2868,34198,0.287,114014,0.2871,56646
1753617187550,11:53:07.550,mexc,1INCH/USDT:USDT,0.2869,30544,0.2868,34198,0.287,114014,0.2871,56646
1753617187952,11:53:07.952,mexc,1INCH/USDT:USDT,0.2869,30544,0.2868,34198,0.287,114014,0.2871,56646
1753617188049,11:53:08.049,mexc,1INCH/USDT:USDT,0.2869,30544,0.2868,45405,0.287,114014,0.2871,56646
1753617188427,11:53:08.427,mexc,1INCH/USDT:USDT,0.2869,30544,0.2868,45405,0.287,114014,0.2871,56646
1753617188550,11:53:08.550,mexc,1INCH/USDT:USDT,0.2869,30544,0.2868,34198,0.287,114014,0.2871,56646
1753617188832,11:53:08.832,mexc,1INCH/USDT:USDT,0.2869,30544,0.2868,34198,0.287,114014,0.2871,56646
1753617188953,11:53:08.953,mexc,1INCH/USDT:USDT,0.2869,30544,0.2868,34198,0.287,114014,0.2871,65125
1753617189237,11:53:09.237,mexc,1INCH/USDT:USDT,0.2868,30767,0.2867,40898,0.2869,4197,0.287,114014
1753617189430,11:53:09.430,mexc,1INCH/USDT:USDT,0.2868,30767,0.2867,40898,0.2869,4197,0.287,52448
1753617189549,11:53:09.549,mexc,1INCH/USDT:USDT,0.2868,30767,0.2867,62453,0.2869,4197,0.287,52448
1753617189953,11:53:09.953,mexc,1INCH/USDT:USDT,0.2868,30767,0.2867,57705,0.2869,4197,0.287,36685
1753617190049,11:53:10.049,mexc,1INCH/USDT:USDT,0.2868,30767,0.2867,50250,0.2869,4197,0.287,36685
1753617190431,11:53:10.431,mexc,1INCH/USDT:USDT,0.2868,30767,0.2867,50250,0.2869,4197,0.287,36685
1753617190551,11:53:10.551,mexc,1INCH/USDT:USDT,0.2868,30767,0.2867,40898,0.2869,4197,0.287,36685
1753617190836,11:53:10.836,mexc,1INCH/USDT:USDT,0.2868,30767,0.2867,40898,0.2869,4197,0.287,36685
1753617190954,11:53:10.954,mexc,1INCH/USDT:USDT,0.2868,30767,0.2867,40898,0.2869,4197,0.287,36685
1753617191053,11:53:11.053,mexc,1INCH/USDT:USDT,0.2868,30767,0.2867,40898,0.2869,4197,0.287,36685
1753617191455,11:53:11.455,mexc,1INCH/USDT:USDT,0.2868,30767,0.2867,40898,0.2869,4197,0.287,45304
1753617191554,11:53:11.554,mexc,1INCH/USDT:USDT,0.2868,30767,0.2867,40898,0.2869,4197,0.287,45304
1753617191934,11:53:11.934,mexc,1INCH/USDT:USDT,0.2868,30767,0.2867,40898,0.2869,4197,0.287,36685
1753617192052,11:53:12.052,mexc,1INCH/USDT:USDT,0.2868,30767,0.2867,72720,0.2869,4197,0.287,48072
1753617192336,11:53:12.336,mexc,1INCH/USDT:USDT,0.2868,30767,0.2867,72720,0.2869,4197,0.287,48072
1753617192456,11:53:12.456,mexc,1INCH/USDT:USDT,0.2868,30767,0.2867,40898,0.2869,4197,0.287,54325
1753617192551,11:53:12.551,mexc,1INCH/USDT:USDT,0.2868,30767,0.2867,53192,0.2869,4197,0.287,54325
1753617192956,11:53:12.956,mexc,1INCH/USDT:USDT,0.2868,30767,0.2867,53192,0.2869,4197,0.287,41133
1753617193052,11:53:13.052,mexc,1INCH/USDT:USDT,0.2868,30767,0.2867,40898,0.2869,4197,0.287,41133
1753617193434,11:53:13.434,mexc,1INCH/USDT:USDT,0.2868,30767,0.2867,40898,0.2869,4197,0.287,36685
1753617193553,11:53:13.553,mexc,1INCH/USDT:USDT,0.2868,30767,0.2867,52921,0.2869,4197,0.287,36685
1753617193836,11:53:13.836,mexc,1INCH/USDT:USDT,0.2868,30767,0.2867,52921,0.2869,4197,0.287,36685
1753617193955,11:53:13.955,mexc,1INCH/USDT:USDT,0.2868,30767,0.2867,40898,0.2869,4197,0.287,36685
1753617194052,11:53:14.052,mexc,1INCH/USDT:USDT,0.2868,30767,0.2867,54435,0.2869,4197,0.287,36685
1753617194454,11:53:14.454,mexc,1INCH/USDT:USDT,0.2868,30767,0.2867,54435,0.2869,4197,0.287,51517
1753617194553,11:53:14.553,mexc,1INCH/USDT:USDT,0.2868,30767,0.2867,58926,0.2869,4197,0.287,51517
1753617194935,11:53:14.935,mexc,1INCH/USDT:USDT,0.2868,30767,0.2867,58926,0.2869,4197,0.287,36685
1753617195053,11:53:15.053,mexc,1INCH/USDT:USDT,0.2868,30767,0.2867,40898,0.2869,4197,0.287,36685
1753617195235,11:53:15.235,mexc,1INCH/USDT:USDT,0.2868,25441,0.2867,51563,0.2869,4771,0.287,44525
1753617195554,11:53:15.554,mexc,1INCH/USDT:USDT,0.2868,25441,0.2867,51563,0.2869,4771,0.287,44525
1753617195840,11:53:15.840,mexc,1INCH/USDT:USDT,0.2868,25441,0.2867,51563,0.2869,4771,0.287,44525
1753617195958,11:53:15.958,mexc,1INCH/USDT:USDT,0.2868,25441,0.2867,51563,0.2869,4771,0.287,44525
1753617196055,11:53:16.055,mexc,1INCH/USDT:USDT,0.2868,25441,0.2867,64319,0.2869,4771,0.287,44525
1753617196457,11:53:16.457,mexc,1INCH/USDT:USDT,0.2868,25441,0.2867,64319,0.2869,4771,0.287,44525
1753617196553,11:53:16.553,mexc,1INCH/USDT:USDT,0.2868,25441,0.2867,81996,0.2869,4771,0.287,44525
1753617196936,11:53:16.936,mexc,1INCH/USDT:USDT,0.2868,25441,0.2867,81996,0.2869,4771,0.287,44525
1753617197055,11:53:17.055,mexc,1INCH/USDT:USDT,0.2868,25441,0.2867,51563,0.2869,4771,0.287,64167
1753617197340,11:53:17.340,mexc,1INCH/USDT:USDT,0.2868,25441,0.2867,51563,0.2869,4771,0.287,64167
1753617197497,11:53:17.497,mexc,1INCH/USDT:USDT,0.2868,25441,0.2867,51563,0.2869,4771,0.287,51583
1753617197554,11:53:17.554,mexc,1INCH/USDT:USDT,0.2868,25441,0.2867,65191,0.2869,4771,0.287,51583
1753617197958,11:53:17.958,mexc,1INCH/USDT:USDT,0.2868,25441,0.2867,65191,0.2869,4771,0.287,80694
1753617198055,11:53:18.055,mexc,1INCH/USDT:USDT,0.2868,25441,0.2867,51563,0.2869,4771,0.287,80694
1753617198497,11:53:18.497,mexc,1INCH/USDT:USDT,0.2868,25441,0.2867,51563,0.2869,4771,0.287,44525
1753617198556,11:53:18.556,mexc,1INCH/USDT:USDT,0.2868,25441,0.2867,51563,0.2869,4771,0.287,58399
1753617198904,11:53:18.904,mexc,1INCH/USDT:USDT,0.2868,25441,0.2867,51563,0.2869,4771,0.287,58399
1753617199054,11:53:19.054,mexc,1INCH/USDT:USDT,0.2868,25441,0.2867,72548,0.2869,4771,0.287,44525
1753617199402,11:53:19.402,mexc,1INCH/USDT:USDT,0.2868,25441,0.2867,72548,0.2869,4771,0.287,44525
1753617199556,11:53:19.556,mexc,1INCH/USDT:USDT,0.2868,25441,0.2867,73817,0.2869,4771,0.287,64770
1753617199902,11:53:19.902,mexc,1INCH/USDT:USDT,0.2868,25441,0.2867,73817,0.2869,4771,0.287,44525
1753617200055,11:53:20.055,mexc,1INCH/USDT:USDT,0.2868,25441,0.2867,60192,0.2869,4771,0.287,58920
1753617200401,11:53:20.401,mexc,1INCH/USDT:USDT,0.2868,25441,0.2867,60192,0.2869,4771,0.287,44525
1753617200556,11:53:20.556,mexc,1INCH/USDT:USDT,0.2868,25441,0.2867,75957,0.2869,4771,0.287,44525
1753617200906,11:53:20.906,mexc,1INCH/USDT:USDT,0.2868,25441,0.2867,75957,0.2869,4771,0.287,44525
1753617201056,11:53:21.056,mexc,1INCH/USDT:USDT,0.2868,25441,0.2867,86575,0.2869,4771,0.287,50827
1753617201244,11:53:21.244,mexc,1INCH/USDT:USDT,0.2869,4938,0.2868,26278,0.287,23420,0.2871,43847
1753617201555,11:53:21.555,mexc,1INCH/USDT:USDT,0.2869,4938,0.2868,36341,0.287,23420,0.2871,43847
1753617201906,11:53:21.906,mexc,1INCH/USDT:USDT,0.2869,4938,0.2868,36341,0.287,23420,0.2871,43847
1753617202056,11:53:22.056,mexc,1INCH/USDT:USDT,0.2869,4938,0.2868,36090,0.287,23420,0.2871,54455
1753617202403,11:53:22.403,mexc,1INCH/USDT:USDT,0.2869,4938,0.2868,36090,0.287,23420,0.2871,43847
1753617202558,11:53:22.558,mexc,1INCH/USDT:USDT,0.2869,4938,0.2868,26278,0.287,23420,0.2871,63957
1753617202902,11:53:22.902,mexc,1INCH/USDT:USDT,0.2869,4938,0.2868,26278,0.287,23420,0.2871,63957
1753617203058,11:53:23.058,mexc,1INCH/USDT:USDT,0.2869,4938,0.2868,26278,0.287,23420,0.2871,43847
1753617203322,11:53:23.322,mexc,1INCH/USDT:USDT,0.2869,4938,0.2868,26278,0.287,23420,0.2871,43847
1753617203500,11:53:23.500,mexc,1INCH/USDT:USDT,0.2869,4938,0.2868,26278,0.287,23420,0.2871,43847
1753617203557,11:53:23.557,mexc,1INCH/USDT:USDT,0.2869,4938,0.2868,26278,0.287,23420,0.2871,43847
1753617203962,11:53:23.962,mexc,1INCH/USDT:USDT,0.2869,4938,0.2868,26278,0.287,23420,0.2871,43847
1753617204061,11:53:24.061,mexc,1INCH/USDT:USDT,0.2869,4938,0.2868,26278,0.287,23420,0.2871,43847
1753617204402,11:53:24.402,mexc,1INCH/USDT:USDT,0.2869,4938,0.2868,26278,0.287,23420,0.2871,43847
1753617204560,11:53:24.560,mexc,1INCH/USDT:USDT,0.2869,4938,0.2868,26278,0.287,23420,0.2871,43847
1753617204906,11:53:24.906,mexc,1INCH/USDT:USDT,0.2869,4938,0.2868,26278,0.287,23420,0.2871,43847
1753617205060,11:53:25.060,mexc,1INCH/USDT:USDT,0.2869,4938,0.2868,31758,0.287,23420,0.2871,43847
1753617205405,11:53:25.405,mexc,1INCH/USDT:USDT,0.2869,4938,0.2868,31758,0.287,23420,0.2871,43847
1753617205561,11:53:25.561,mexc,1INCH/USDT:USDT,0.2869,4938,0.2868,26278,0.287,23420,0.2871,43847
1753617205904,11:53:25.904,mexc,1INCH/USDT:USDT,0.2869,4938,0.2868,26278,0.287,23420,0.2871,43847
1753617206061,11:53:26.061,mexc,1INCH/USDT:USDT,0.2869,4938,0.2868,26278,0.287,23420,0.2871,43847
1753617206405,11:53:26.405,mexc,1INCH/USDT:USDT,0.2869,4938,0.2868,26278,0.287,23420,0.2871,43847
1753617206560,11:53:26.560,mexc,1INCH/USDT:USDT,0.2869,4938,0.2868,26278,0.287,23420,0.2871,43847
1753617206905,11:53:26.905,mexc,1INCH/USDT:USDT,0.2869,4938,0.2868,26278,0.287,23420,0.2871,43847
1753617207062,11:53:27.062,mexc,1INCH/USDT:USDT,0.2869,4938,0.2868,38287,0.287,23420,0.2871,43847
1753617207236,11:53:27.236,mexc,1INCH/USDT:USDT,0.2869,13797,0.2868,37261,0.287,23442,0.2871,43795
1753617207562,11:53:27.562,mexc,1INCH/USDT:USDT,0.2869,13797,0.2868,53787,0.287,23442,0.2871,43795
1753617207906,11:53:27.906,mexc,1INCH/USDT:USDT,0.2869,13797,0.2868,53787,0.287,23442,0.2871,43795
1753617208061,11:53:28.061,mexc,1INCH/USDT:USDT,0.2869,13797,0.2868,37261,0.287,23442,0.2871,43795
1753617208405,11:53:28.405,mexc,1INCH/USDT:USDT,0.2869,13797,0.2868,37261,0.287,23442,0.2871,43795
1753617208562,11:53:28.562,mexc,1INCH/USDT:USDT,0.2869,13797,0.2868,37261,0.287,23442,0.2871,63538
1753617208907,11:53:28.907,mexc,1INCH/USDT:USDT,0.2869,13797,0.2868,37261,0.287,23442,0.2871,63538
1753617209062,11:53:29.062,mexc,1INCH/USDT:USDT,0.2869,13797,0.2868,37261,0.287,23442,0.2871,43795
1753617209322,11:53:29.322,mexc,1INCH/USDT:USDT,0.2869,13797,0.2868,37261,0.287,23442,0.2871,43795
1753617209503,11:53:29.503,mexc,1INCH/USDT:USDT,0.2869,13797,0.2868,37261,0.287,23442,0.2871,54248
1753617209562,11:53:29.562,mexc,1INCH/USDT:USDT,0.2869,13797,0.2868,44611,0.287,23442,0.2871,54248
1753617209965,11:53:29.965,mexc,1INCH/USDT:USDT,0.2869,13797,0.2868,44611,0.287,23442,0.2871,43795
1753617210062,11:53:30.062,mexc,1INCH/USDT:USDT,0.2869,13797,0.2868,37261,0.287,23442,0.2871,59398
1753617210406,11:53:30.406,mexc,1INCH/USDT:USDT,0.2869,13797,0.2868,37261,0.287,23442,0.2871,43795
1753617210562,11:53:30.562,mexc,1INCH/USDT:USDT,0.2869,13797,0.2868,37261,0.287,23442,0.2871,43795
1753617210908,11:53:30.908,mexc,1INCH/USDT:USDT,0.2869,13797,0.2868,37261,0.287,23442,0.2871,43795
1753617211063,11:53:31.063,mexc,1INCH/USDT:USDT,0.2869,13797,0.2868,37261,0.287,23442,0.2871,62219
1753617211407,11:53:31.407,mexc,1INCH/USDT:USDT,0.2869,13797,0.2868,37261,0.287,23442,0.2871,43795
1753617211563,11:53:31.563,mexc,1INCH/USDT:USDT,0.2869,13797,0.2868,37261,0.287,23442,0.2871,43795
1753617211907,11:53:31.907,mexc,1INCH/USDT:USDT,0.2869,13797,0.2868,37261,0.287,23442,0.2871,43795
1753617212063,11:53:32.063,mexc,1INCH/USDT:USDT,0.2869,13797,0.2868,37261,0.287,23442,0.2871,43795
1753617212406,11:53:32.406,mexc,1INCH/USDT:USDT,0.2869,13797,0.2868,37261,0.287,23442,0.2871,43795
1753617212564,11:53:32.564,mexc,1INCH/USDT:USDT,0.2869,13797,0.2868,37261,0.287,23442,0.2871,43795
1753617212909,11:53:32.909,mexc,1INCH/USDT:USDT,0.2869,13797,0.2868,37261,0.287,23442,0.2871,43795
1753617213063,11:53:33.063,mexc,1INCH/USDT:USDT,0.2869,13797,0.2868,37261,0.287,23442,0.2871,72993
1753617213239,11:53:33.239,mexc,1INCH/USDT:USDT,0.287,5044,0.2869,20351,0.2871,18181,0.2872,89643
1753617213598,11:53:33.598,mexc,1INCH/USDT:USDT,0.287,5044,0.2869,25641,0.2871,18181,0.2872,112374
1753617213909,11:53:33.909,mexc,1INCH/USDT:USDT,0.287,5044,0.2869,25641,0.2871,18181,0.2872,89643
1753617214101,11:53:34.101,mexc,1INCH/USDT:USDT,0.287,5044,0.2869,20351,0.2871,18181,0.2872,89643
1753617214408,11:53:34.408,mexc,1INCH/USDT:USDT,0.287,5044,0.2869,20351,0.2871,18181,0.2872,89643
1753617214600,11:53:34.600,mexc,1INCH/USDT:USDT,0.287,5044,0.2869,20351,0.2871,18181,0.2872,89643
1753617214919,11:53:34.919,mexc,1INCH/USDT:USDT,0.287,5044,0.2869,20351,0.2871,18181,0.2872,89643
1753617215100,11:53:35.100,mexc,1INCH/USDT:USDT,0.287,5044,0.2869,20351,0.2871,18181,0.2872,133144
1753617215325,11:53:35.325,mexc,1INCH/USDT:USDT,0.287,5044,0.2869,20351,0.2871,18181,0.2872,133144
1753617215506,11:53:35.506,mexc,1INCH/USDT:USDT,0.287,5044,0.2869,20351,0.2871,18181,0.2872,89643
1753617215600,11:53:35.600,mexc,1INCH/USDT:USDT,0.287,5044,0.2869,27780,0.2871,18181,0.2872,89643
1753617216003,11:53:36.003,mexc,1INCH/USDT:USDT,0.287,5044,0.2869,20351,0.2871,18181,0.2872,89643
1753617216103,11:53:36.103,mexc,1INCH/USDT:USDT,0.287,5044,0.2869,23391,0.2871,18181,0.2872,116950
1753617216409,11:53:36.409,mexc,1INCH/USDT:USDT,0.287,5044,0.2869,23391,0.2871,18181,0.2872,116950
1753617216601,11:53:36.601,mexc,1INCH/USDT:USDT,0.287,5044,0.2869,20351,0.2871,18181,0.2872,89643
1753617216910,11:53:36.910,mexc,1INCH/USDT:USDT,0.287,5044,0.2869,20351,0.2871,18181,0.2872,89643
1753617217102,11:53:37.102,mexc,1INCH/USDT:USDT,0.287,5044,0.2869,20351,0.2871,18181,0.2872,89643
1753617217412,11:53:37.412,mexc,1INCH/USDT:USDT,0.287,5044,0.2869,20351,0.2871,18181,0.2872,89643
1753617217601,11:53:37.601,mexc,1INCH/USDT:USDT,0.287,5044,0.2869,20351,0.2871,18181,0.2872,126800
1753617217909,11:53:37.909,mexc,1INCH/USDT:USDT,0.287,5044,0.2869,20351,0.2871,18181,0.2872,126800
1753617218007,11:53:38.007,mexc,1INCH/USDT:USDT,0.287,5044,0.2869,20351,0.2871,18181,0.2872,89643
1753617218112,11:53:38.112,mexc,1INCH/USDT:USDT,0.287,5044,0.2869,24483,0.2871,18181,0.2872,89643
1753617218606,11:53:38.606,mexc,1INCH/USDT:USDT,0.287,5044,0.2869,20351,0.2871,18181,0.2872,89643
1753617218606,11:53:38.606,mexc,1INCH/USDT:USDT,0.287,5044,0.2869,20351,0.2871,18181,0.2872,89643
1753617219011,11:53:39.011,mexc,1INCH/USDT:USDT,0.287,5044,0.2869,20351,0.2871,18181,0.2872,89643
1753617219106,11:53:39.106,mexc,1INCH/USDT:USDT,0.287,5044,0.2869,20351,0.2871,18181,0.2872,109277
1753617219241,11:53:39.241,mexc,1INCH/USDT:USDT,0.287,5060,0.2869,23257,0.2871,27188,0.2872,109220
1753617219604,11:53:39.604,mexc,1INCH/USDT:USDT,0.287,5060,0.2869,25814,0.2871,27188,0.2872,109220
1753617219909,11:53:39.909,mexc,1INCH/USDT:USDT,0.287,5060,0.2869,25814,0.2871,27188,0.2872,109220
1753617220107,11:53:40.107,mexc,1INCH/USDT:USDT,0.287,5060,0.2869,23257,0.2871,27188,0.2872,109220
1753617220409,11:53:40.409,mexc,1INCH/USDT:USDT,0.287,5060,0.2869,23257,0.2871,27188,0.2872,109220
1753617220604,11:53:40.604,mexc,1INCH/USDT:USDT,0.287,5060,0.2869,30695,0.2871,27188,0.2872,109220
1753617220911,11:53:40.911,mexc,1INCH/USDT:USDT,0.287,5060,0.2869,30695,0.2871,27188,0.2872,109220
1753617221009,11:53:41.009,mexc,1INCH/USDT:USDT,0.287,5060,0.2869,23257,0.2871,27188,0.2872,193020
1753617221107,11:53:41.107,mexc,1INCH/USDT:USDT,0.287,5060,0.2869,28926,0.2871,27188,0.2872,193020
1753617221509,11:53:41.509,mexc,1INCH/USDT:USDT,0.287,5060,0.2869,23257,0.2871,27188,0.2872,160892
1753617221610,11:53:41.610,mexc,1INCH/USDT:USDT,0.287,5060,0.2869,35562,0.2871,27188,0.2872,160892
1753617222014,11:53:42.014,mexc,1INCH/USDT:USDT,0.287,5060,0.2869,29629,0.2871,27188,0.2872,150643
1753617222106,11:53:42.106,mexc,1INCH/USDT:USDT,0.287,5060,0.2869,23257,0.2871,27188,0.2872,150643
1753617222507,11:53:42.507,mexc,1INCH/USDT:USDT,0.287,5060,0.2869,23257,0.2871,27188,0.2872,109220
1753617222605,11:53:42.605,mexc,1INCH/USDT:USDT,0.287,5060,0.2869,23257,0.2871,27188,0.2872,109220
1753617222910,11:53:42.910,mexc,1INCH/USDT:USDT,0.287,5060,0.2869,23257,0.2871,27188,0.2872,109220
1753617223106,11:53:43.106,mexc,1INCH/USDT:USDT,0.287,5060,0.2869,23257,0.2871,27188,0.2872,109220
1753617223412,11:53:43.412,mexc,1INCH/USDT:USDT,0.287,5060,0.2869,23257,0.2871,27188,0.2872,109220
1753617223604,11:53:43.604,mexc,1INCH/USDT:USDT,0.287,5060,0.2869,23257,0.2871,27188,0.2872,109220
1753617223910,11:53:43.910,mexc,1INCH/USDT:USDT,0.287,5060,0.2869,23257,0.2871,27188,0.2872,109220
1753617224106,11:53:44.106,mexc,1INCH/USDT:USDT,0.287,5060,0.2869,34549,0.2871,27188,0.2872,109220
1753617224410,11:53:44.410,mexc,1INCH/USDT:USDT,0.287,5060,0.2869,34549,0.2871,27188,0.2872,109220
1753617224609,11:53:44.609,mexc,1INCH/USDT:USDT,0.287,5060,0.2869,33684,0.2871,27188,0.2872,109220
1753617224911,11:53:44.911,mexc,1INCH/USDT:USDT,0.287,5060,0.2869,33684,0.2871,27188,0.2872,109220
1753617225106,11:53:45.106,mexc,1INCH/USDT:USDT,0.287,5060,0.2869,23257,0.2871,27188,0.2872,167802
1753617225241,11:53:45.241,mexc,1INCH/USDT:USDT,0.287,26014,0.2869,34779,0.2871,391,0.2872,53122
1753617225605,11:53:45.605,mexc,1INCH/USDT:USDT,0.287,26014,0.2869,34779,0.2871,391,0.2872,53122
1753617225605,11:53:45.605,mexc,1INCH/USDT:USDT,0.287,26014,0.2869,49932,0.2871,391,0.2872,53122
1753617226009,11:53:46.009,mexc,1INCH/USDT:USDT,0.287,26014,0.2869,49932,0.2871,391,0.2872,53122
1753617226108,11:53:46.108,mexc,1INCH/USDT:USDT,0.287,26014,0.2869,34779,0.2871,391,0.2872,64212
1753617226412,11:53:46.412,mexc,1INCH/USDT:USDT,0.287,26014,0.2869,34779,0.2871,391,0.2872,64212
1753617226511,11:53:46.511,mexc,1INCH/USDT:USDT,0.287,26014,0.2869,34779,0.2871,391,0.2872,53122
1753617226608,11:53:46.608,mexc,1INCH/USDT:USDT,0.287,26014,0.2869,42500,0.2871,391,0.2872,53122
1753617227013,11:53:47.013,mexc,1INCH/USDT:USDT,0.287,26014,0.2869,42500,0.2871,391,0.2872,53122
1753617227111,11:53:47.111,mexc,1INCH/USDT:USDT,0.287,26014,0.2869,34779,0.2871,391,0.2872,65201
1753617227508,11:53:47.508,mexc,1INCH/USDT:USDT,0.287,26014,0.2869,34779,0.2871,391,0.2872,53122
1753617227610,11:53:47.610,mexc,1INCH/USDT:USDT,0.287,26014,0.2869,34779,0.2871,391,0.2872,72038
1753617227912,11:53:47.912,mexc,1INCH/USDT:USDT,0.287,26014,0.2869,34779,0.2871,391,0.2872,72038
1753617228108,11:53:48.108,mexc,1INCH/USDT:USDT,0.287,26014,0.2869,42848,0.2871,391,0.2872,53122
1753617228411,11:53:48.411,mexc,1INCH/USDT:USDT,0.287,26014,0.2869,42848,0.2871,391,0.2872,53122
1753617228607,11:53:48.607,mexc,1INCH/USDT:USDT,0.287,26014,0.2869,56927,0.2871,391,0.2872,62972
1753617228911,11:53:48.911,mexc,1INCH/USDT:USDT,0.287,26014,0.2869,56927,0.2871,391,0.2872,62972
1753617229011,11:53:49.011,mexc,1INCH/USDT:USDT,0.287,26014,0.2869,34779,0.2871,391,0.2872,72429
1753617229109,11:53:49.109,mexc,1INCH/USDT:USDT,0.287,26014,0.2869,48947,0.2871,391,0.2872,72429
1753617229607,11:53:49.607,mexc,1INCH/USDT:USDT,0.287,26014,0.2869,34779,0.2871,391,0.2872,53122
1753617229607,11:53:49.607,mexc,1INCH/USDT:USDT,0.287,26014,0.2869,34779,0.2871,391,0.2872,53122
1753617230009,11:53:50.009,mexc,1INCH/USDT:USDT,0.287,26014,0.2869,34779,0.2871,391,0.2872,59221
1753617230108,11:53:50.108,mexc,1INCH/USDT:USDT,0.287,26014,0.2869,34779,0.2871,391,0.2872,59221
1753617230411,11:53:50.411,mexc,1INCH/USDT:USDT,0.287,26014,0.2869,34779,0.2871,391,0.2872,53122
1753617230607,11:53:50.607,mexc,1INCH/USDT:USDT,0.287,26014,0.2869,48794,0.2871,391,0.2872,53122
1753617230913,11:53:50.913,mexc,1INCH/USDT:USDT,0.287,26014,0.2869,48794,0.2871,391,0.2872,53122
1753617231109,11:53:51.109,mexc,1INCH/USDT:USDT,0.287,26014,0.2869,34779,0.2871,391,0.2872,53122
1753617231246,11:53:51.246,mexc,1INCH/USDT:USDT,0.2871,22191,0.287,27616,0.2872,7531,0.2873,42781
1753617231606,11:53:51.606,mexc,1INCH/USDT:USDT,0.2871,22191,0.287,31983,0.2872,2531,0.2873,49564
1753617231914,11:53:51.914,mexc,1INCH/USDT:USDT,0.2871,22191,0.287,31983,0.2872,2531,0.2873,42781
1753617232106,11:53:52.106,mexc,1INCH/USDT:USDT,0.2871,22191,0.287,42983,0.2872,2531,0.2873,42781
1753617232414,11:53:52.414,mexc,1INCH/USDT:USDT,0.2871,22191,0.287,42983,0.2872,2531,0.2873,42781
1753617232608,11:53:52.608,mexc,1INCH/USDT:USDT,0.2871,22191,0.287,27616,0.2872,2531,0.2873,54019
1753617232913,11:53:52.913,mexc,1INCH/USDT:USDT,0.2871,22191,0.287,27616,0.2872,2531,0.2873,54019
1753617233013,11:53:53.013,mexc,1INCH/USDT:USDT,0.2871,22191,0.287,27616,0.2872,2531,0.2873,73452
1753617233107,11:53:53.107,mexc,1INCH/USDT:USDT,0.2871,22191,0.287,40664,0.2872,2531,0.2873,73452
1753617233511,11:53:53.511,mexc,1INCH/USDT:USDT,0.2871,22191,0.287,27616,0.2872,2531,0.2873,53856
1753617233609,11:53:53.609,mexc,1INCH/USDT:USDT,0.2871,22191,0.287,27616,0.2872,2531,0.2873,53856
1753617234013,11:53:54.013,mexc,1INCH/USDT:USDT,0.2871,22191,0.287,27616,0.2872,2531,0.2873,54258
1753617234108,11:53:54.108,mexc,1INCH/USDT:USDT,0.2871,22191,0.287,36644,0.2872,2531,0.2873,54258
1753617234512,11:53:54.512,mexc,1INCH/USDT:USDT,0.2871,22191,0.287,36644,0.2872,2531,0.2873,42781
1753617234609,11:53:54.609,mexc,1INCH/USDT:USDT,0.2871,22191,0.287,34136,0.2872,2531,0.2873,51648
1753617234917,11:53:54.917,mexc,1INCH/USDT:USDT,0.2871,22191,0.287,34136,0.2872,2531,0.2873,51648
1753617235112,11:53:55.112,mexc,1INCH/USDT:USDT,0.2871,22191,0.287,27616,0.2872,2531,0.2873,42781
1753617235416,11:53:55.416,mexc,1INCH/USDT:USDT,0.2871,22191,0.287,27616,0.2872,2531,0.2873,42781
1753617235608,11:53:55.608,mexc,1INCH/USDT:USDT,0.2871,22191,0.287,37357,0.2872,2531,0.2873,42781
1753617235916,11:53:55.916,mexc,1INCH/USDT:USDT,0.2871,22191,0.287,37357,0.2872,2531,0.2873,42781
1753617236109,11:53:56.109,mexc,1INCH/USDT:USDT,0.2871,22191,0.287,27616,0.2872,2531,0.2873,61923
1753617236176,11:53:56.176,mexc,1INCH/USDT:USDT,0.2871,22191,0.287,27616,0.2872,2531,0.2873,61923
1753617236515,11:53:56.515,mexc,1INCH/USDT:USDT,0.2871,22191,0.287,27616,0.2873,40312,0.2874,127276
1753617236610,11:53:56.610,mexc,1INCH/USDT:USDT,0.2871,22191,0.287,38426,0.2873,40312,0.2874,127276
1753617237016,11:53:57.016,mexc,1INCH/USDT:USDT,0.2871,22191,0.287,38426,0.2873,40312,0.2874,127276
1753617237110,11:53:57.110,mexc,1INCH/USDT:USDT,0.2871,22191,0.287,27616,0.2873,45942,0.2874,127276
1753617237246,11:53:57.246,mexc,1INCH/USDT:USDT,0.287,19214,0.2869,31793,0.2871,18391,0.2872,47469
1753617237612,11:53:57.612,mexc,1INCH/USDT:USDT,0.287,19214,0.2869,45252,0.2871,18391,0.2872,47469
1753617238016,11:53:58.016,mexc,1INCH/USDT:USDT,0.287,19214,0.2869,31793,0.2871,18391,0.2872,47469
1753617238114,11:53:58.114,mexc,1INCH/USDT:USDT,0.287,19214,0.2869,31793,0.2871,18391,0.2872,47469
1753617238433,11:53:58.433,mexc,1INCH/USDT:USDT,0.287,19214,0.2869,31793,0.2871,18391,0.2872,47469
1753617238612,11:53:58.612,mexc,1INCH/USDT:USDT,0.287,19214,0.2869,31793,0.2871,18391,0.2872,64823
1753617238918,11:53:58.918,mexc,1INCH/USDT:USDT,0.287,19214,0.2869,31793,0.2871,18391,0.2872,47469
1753617239114,11:53:59.114,mexc,1INCH/USDT:USDT,0.287,19214,0.2869,31793,0.2871,18391,0.2872,47469
1753617239327,11:53:59.327,mexc,1INCH/USDT:USDT,0.287,19214,0.2869,31793,0.2871,18391,0.2872,47469
1753617239515,11:53:59.515,mexc,1INCH/USDT:USDT,0.287,19214,0.2869,31793,0.2871,18391,0.2872,58960
1753617239611,11:53:59.611,mexc,1INCH/USDT:USDT,0.287,19214,0.2869,31793,0.2871,18391,0.2872,58960
1753617240112,11:54:00.112,mexc,1INCH/USDT:USDT,0.287,19214,0.2869,31793,0.2871,18391,0.2872,69356
1753617240112,11:54:00.112,mexc,1INCH/USDT:USDT,0.287,19214,0.2869,31793,0.2871,18391,0.2872,69356
1753617240513,11:54:00.513,mexc,1INCH/USDT:USDT,0.287,19214,0.2869,31793,0.2871,18391,0.2872,47469
1753617240611,11:54:00.611,mexc,1INCH/USDT:USDT,0.287,19214,0.2869,31793,0.2871,18391,0.2872,52440
1753617240919,11:54:00.919,mexc,1INCH/USDT:USDT,0.287,19214,0.2869,31793,0.2871,18391,0.2872,52440
1753617241114,11:54:01.114,mexc,1INCH/USDT:USDT,0.287,19214,0.2869,31793,0.2871,18391,0.2872,47469
1753617241465,11:54:01.465,mexc,1INCH/USDT:USDT,0.287,19214,0.2869,31793,0.2871,18391,0.2872,47469
1753617241611,11:54:01.611,mexc,1INCH/USDT:USDT,0.287,19214,0.2869,46610,0.2871,18391,0.2872,47469
1753617241918,11:54:01.918,mexc,1INCH/USDT:USDT,0.287,19214,0.2869,46610,0.2871,18391,0.2872,47469
1753617242112,11:54:02.112,mexc,1INCH/USDT:USDT,0.287,19214,0.2869,48793,0.2871,18391,0.2872,47469
1753617242417,11:54:02.417,mexc,1INCH/USDT:USDT,0.287,19214,0.2869,48793,0.2871,18391,0.2872,47469
1753617242612,11:54:02.612,mexc,1INCH/USDT:USDT,0.287,19214,0.2869,46044,0.2871,18391,0.2872,64939
1753617242918,11:54:02.918,mexc,1INCH/USDT:USDT,0.287,19214,0.2869,46044,0.2871,18391,0.2872,47469
1753617243018,11:54:03.018,mexc,1INCH/USDT:USDT,0.287,19214,0.2869,31793,0.2871,18391,0.2872,47469
1753617243250,11:54:03.250,mexc,1INCH/USDT:USDT,0.287,45876,0.2869,42090,0.2871,16861,0.2872,63791
1753617243515,11:54:03.515,mexc,1INCH/USDT:USDT,0.287,45876,0.2869,42090,0.2871,16861,0.2872,63791
1753617243613,11:54:03.613,mexc,1INCH/USDT:USDT,0.287,45876,0.2869,42090,0.2871,16861,0.2872,63791
1753617243919,11:54:03.919,mexc,1INCH/USDT:USDT,0.287,45876,0.2869,42090,0.2871,16861,0.2872,63791
1753617244115,11:54:04.115,mexc,1INCH/USDT:USDT,0.287,45876,0.2869,42090,0.2871,16861,0.2872,95099
1753617244115,11:54:04.115,mexc,1INCH/USDT:USDT,0.287,45876,0.2869,52263,0.2871,16861,0.2872,95099
1753617244518,11:54:04.518,mexc,1INCH/USDT:USDT,0.287,45876,0.2869,52263,0.2871,16861,0.2872,63791
1753617244615,11:54:04.615,mexc,1INCH/USDT:USDT,0.287,45876,0.2869,46838,0.2871,16861,0.2872,63791
1753617244920,11:54:04.920,mexc,1INCH/USDT:USDT,0.287,45876,0.2869,46838,0.2871,16861,0.2872,63791
1753617245116,11:54:05.116,mexc,1INCH/USDT:USDT,0.287,45876,0.2869,42090,0.2871,16861,0.2872,63791
1753617245330,11:54:05.330,mexc,1INCH/USDT:USDT,0.287,45876,0.2869,42090,0.2871,16861,0.2872,63791
1753617245519,11:54:05.519,mexc,1INCH/USDT:USDT,0.287,45876,0.2869,42090,0.2871,16861,0.2872,89544
1753617245615,11:54:05.615,mexc,1INCH/USDT:USDT,0.287,45876,0.2869,42090,0.2871,16861,0.2872,89544
1753617246017,11:54:06.017,mexc,1INCH/USDT:USDT,0.287,45876,0.2869,42090,0.2871,16861,0.2872,63791
1753617246116,11:54:06.116,mexc,1INCH/USDT:USDT,0.287,45876,0.2869,64796,0.2871,16861,0.2872,71195
1753617246424,11:54:06.424,mexc,1INCH/USDT:USDT,0.287,45876,0.2869,64796,0.2871,16861,0.2872,71195
1753617246615,11:54:06.615,mexc,1INCH/USDT:USDT,0.287,45876,0.2869,46876,0.2871,16861,0.2872,90491
1753617246921,11:54:06.921,mexc,1INCH/USDT:USDT,0.287,45876,0.2869,46876,0.2871,16861,0.2872,90491
1753617247116,11:54:07.116,mexc,1INCH/USDT:USDT,0.287,45876,0.2869,52197,0.2871,16861,0.2872,80492
1753617247420,11:54:07.420,mexc,1INCH/USDT:USDT,0.287,45876,0.2869,52197,0.2871,16861,0.2872,80492
1753617247520,11:54:07.520,mexc,1INCH/USDT:USDT,0.287,45876,0.2869,42090,0.2871,16861,0.2872,70850
1753617247615,11:54:07.615,mexc,1INCH/USDT:USDT,0.287,45876,0.2869,58534,0.2871,16861,0.2872,70850
1753617248092,11:54:08.092,mexc,1INCH/USDT:USDT,0.2869,42090,0.2868,59853,0.287,21610,0.2871,16861
1753617248117,11:54:08.117,mexc,1INCH/USDT:USDT,0.2869,42090,0.2868,59853,0.287,21610,0.2871,16861
1753617248519,11:54:08.519,mexc,1INCH/USDT:USDT,0.2869,42090,0.2868,59853,0.287,21610,0.2871,16861
1753617248617,11:54:08.617,mexc,1INCH/USDT:USDT,0.2869,42090,0.2868,59853,0.287,21610,0.2871,16861
1753617248922,11:54:08.922,mexc,1INCH/USDT:USDT,0.2869,42090,0.2868,59853,0.287,21610,0.2871,16861
1753617249117,11:54:09.117,mexc,1INCH/USDT:USDT,0.2869,42090,0.2868,76935,0.287,21610,0.2871,68404
1753617249315,11:54:09.315,mexc,1INCH/USDT:USDT,0.2867,133264,0.2866,72358,0.2868,23458,0.2869,39166
1753617249617,11:54:09.617,mexc,1INCH/USDT:USDT,0.2867,133264,0.2866,72358,0.2868,23458,0.2869,39166
1753617250098,11:54:10.098,mexc,1INCH/USDT:USDT,0.2867,133264,0.2866,72358,0.2868,23458,0.2869,39166
1753617250117,11:54:10.117,mexc,1INCH/USDT:USDT,0.2867,133264,0.2866,83581,0.2868,23458,0.2869,45176
1753617250504,11:54:10.504,mexc,1INCH/USDT:USDT,0.2867,133264,0.2866,83581,0.2868,23458,0.2869,39166
1753617250617,11:54:10.617,mexc,1INCH/USDT:USDT,0.2867,133264,0.2866,72358,0.2868,23458,0.2869,68939
1753617251001,11:54:11.001,mexc,1INCH/USDT:USDT,0.2867,133264,0.2866,72358,0.2868,23458,0.2869,55980
1753617251117,11:54:11.117,mexc,1INCH/USDT:USDT,0.2867,133264,0.2866,72358,0.2868,23458,0.2869,45985
1753617251503,11:54:11.503,mexc,1INCH/USDT:USDT,0.2867,133264,0.2866,72358,0.2868,23458,0.2869,39166
1753617251617,11:54:11.617,mexc,1INCH/USDT:USDT,0.2867,133264,0.2866,72358,0.2868,23458,0.2869,56493
1753617252001,11:54:12.001,mexc,1INCH/USDT:USDT,0.2867,133264,0.2866,72358,0.2868,23458,0.2869,39166
1753617252117,11:54:12.117,mexc,1INCH/USDT:USDT,0.2867,133264,0.2866,105362,0.2868,23458,0.2869,39166
1753617252502,11:54:12.502,mexc,1INCH/USDT:USDT,0.2867,133264,0.2866,105362,0.2868,23458,0.2869,39166
1753617252616,11:54:12.616,mexc,1INCH/USDT:USDT,0.2867,133264,0.2866,72358,0.2868,23458,0.2869,58413
1753617253002,11:54:13.002,mexc,1INCH/USDT:USDT,0.2867,133264,0.2866,72358,0.2868,23458,0.2869,39166
1753617253118,11:54:13.118,mexc,1INCH/USDT:USDT,0.2867,133264,0.2866,72358,0.2868,23458,0.2869,39166
1753617253502,11:54:13.502,mexc,1INCH/USDT:USDT,0.2867,133264,0.2866,72358,0.2868,23458,0.2869,39166
1753617253617,11:54:13.617,mexc,1INCH/USDT:USDT,0.2867,133264,0.2866,72358,0.2868,23458,0.2869,39166
1753617254002,11:54:14.002,mexc,1INCH/USDT:USDT,0.2867,133264,0.2866,72358,0.2868,23458,0.2869,39166
1753617254117,11:54:14.117,mexc,1INCH/USDT:USDT,0.2867,133264,0.2866,72358,0.2868,23458,0.2869,39166
1753617254502,11:54:14.502,mexc,1INCH/USDT:USDT,0.2867,133264,0.2866,72358,0.2868,23458,0.2869,39166
1753617254618,11:54:14.618,mexc,1INCH/USDT:USDT,0.2867,133264,0.2866,77084,0.2868,23458,0.2869,45691
1753617255003,11:54:15.003,mexc,1INCH/USDT:USDT,0.2867,133264,0.2866,77084,0.2868,23458,0.2869,45691
1753617255118,11:54:15.118,mexc,1INCH/USDT:USDT,0.2867,133264,0.2866,89973,0.2868,23458,0.2869,53297
1753617255315,11:54:15.315,mexc,1INCH/USDT:USDT,0.2868,12813,0.2867,45143,0.2869,11247,0.287,72704
1753617255618,11:54:15.618,mexc,1INCH/USDT:USDT,0.2868,12813,0.2867,51335,0.2869,11247,0.287,72704
1753617256021,11:54:16.021,mexc,1INCH/USDT:USDT,0.2868,12813,0.2867,45143,0.2869,11247,0.287,72704
1753617256118,11:54:16.118,mexc,1INCH/USDT:USDT,0.2868,12813,0.2867,61832,0.2869,11247,0.287,81623
1753617256503,11:54:16.503,mexc,1INCH/USDT:USDT,0.2868,12813,0.2867,61832,0.2869,11247,0.287,81623
1753617256618,11:54:16.618,mexc,1INCH/USDT:USDT,0.2868,12813,0.2867,45143,0.2869,11247,0.287,72704
1753617257004,11:54:17.004,mexc,1INCH/USDT:USDT,0.2868,12813,0.2867,45143,0.2869,11247,0.287,72704
1753617257120,11:54:17.120,mexc,1INCH/USDT:USDT,0.2868,12813,0.2867,45143,0.2869,11247,0.287,87248
1753617257504,11:54:17.504,mexc,1INCH/USDT:USDT,0.2868,12813,0.2867,45143,0.2869,11247,0.287,87248
1753617257620,11:54:17.620,mexc,1INCH/USDT:USDT,0.2868,12813,0.2867,45143,0.2869,11247,0.287,91433
1753617258005,11:54:18.005,mexc,1INCH/USDT:USDT,0.2868,12813,0.2867,45143,0.2869,11247,0.287,72704
1753617258122,11:54:18.122,mexc,1INCH/USDT:USDT,0.2868,12813,0.2867,55928,0.2869,11247,0.287,105626
1753617258505,11:54:18.505,mexc,1INCH/USDT:USDT,0.2868,12813,0.2867,55928,0.2869,11247,0.287,105626
1753617258619,11:54:18.619,mexc,1INCH/USDT:USDT,0.2868,12813,0.2867,45143,0.2869,11247,0.287,90231
1753617259006,11:54:19.006,mexc,1INCH/USDT:USDT,0.2868,12813,0.2867,45143,0.2869,11247,0.287,90231
1753617259124,11:54:19.124,mexc,1INCH/USDT:USDT,0.2868,12813,0.2867,45143,0.2869,11247,0.287,72704
1753617259506,11:54:19.506,mexc,1INCH/USDT:USDT,0.2868,12813,0.2867,45143,0.2869,11247,0.287,72704
1753617259620,11:54:19.620,mexc,1INCH/USDT:USDT,0.2868,12813,0.2867,66810,0.2869,11247,0.287,72704
1753617260005,11:54:20.005,mexc,1INCH/USDT:USDT,0.2868,12813,0.2867,66810,0.2869,11247,0.287,72704
1753617260120,11:54:20.120,mexc,1INCH/USDT:USDT,0.2868,12813,0.2867,45143,0.2869,11247,0.287,72704
1753617260505,11:54:20.505,mexc,1INCH/USDT:USDT,0.2868,12813,0.2867,45143,0.2869,11247,0.287,72704
1753617260623,11:54:20.623,mexc,1INCH/USDT:USDT,0.2868,12813,0.2867,45143,0.2869,11247,0.287,90742
1753617261007,11:54:21.007,mexc,1INCH/USDT:USDT,0.2868,12813,0.2867,45143,0.2869,11247,0.287,90742
1753617261121,11:54:21.121,mexc,1INCH/USDT:USDT,0.2868,12813,0.2867,80932,0.2869,11247,0.287,116333
1753617261317,11:54:21.317,mexc,1INCH/USDT:USDT,0.2868,14089,0.2867,35832,0.2869,11701,0.287,58013
1753617261623,11:54:21.623,mexc,1INCH/USDT:USDT,0.2868,14089,0.2867,42786,0.2869,11701,0.287,86757
1753617262025,11:54:22.025,mexc,1INCH/USDT:USDT,0.2868,14089,0.2867,42786,0.2869,11701,0.287,58013
1753617262123,11:54:22.123,mexc,1INCH/USDT:USDT,0.2868,14089,0.2867,35832,0.2869,11701,0.287,58013
1753617262509,11:54:22.509,mexc,1INCH/USDT:USDT,0.2868,14089,0.2867,35832,0.2869,11701,0.287,58013
1753617262623,11:54:22.623,mexc,1INCH/USDT:USDT,0.2868,14089,0.2867,49702,0.2869,11701,0.287,58013
1753617263010,11:54:23.010,mexc,1INCH/USDT:USDT,0.2868,14089,0.2867,49702,0.2869,11701,0.287,58013
1753617263123,11:54:23.123,mexc,1INCH/USDT:USDT,0.2868,14089,0.2867,51832,0.2869,11701,0.287,58013
1753617263510,11:54:23.510,mexc,1INCH/USDT:USDT,0.2868,14089,0.2867,51832,0.2869,11701,0.287,58013
1753617263623,11:54:23.623,mexc,1INCH/USDT:USDT,0.2868,14089,0.2867,35832,0.2869,11701,0.287,58013
1753617264014,11:54:24.014,mexc,1INCH/USDT:USDT,0.2868,14089,0.2867,35832,0.2869,11701,0.287,58013
1753617264123,11:54:24.123,mexc,1INCH/USDT:USDT,0.2868,14089,0.2867,52540,0.2869,11701,0.287,58013
1753617264510,11:54:24.510,mexc,1INCH/USDT:USDT,0.2868,14089,0.2867,52540,0.2869,11701,0.287,58013
1753617264623,11:54:24.623,mexc,1INCH/USDT:USDT,0.2868,14089,0.2867,35832,0.2869,11701,0.287,58013
1753617265012,11:54:25.012,mexc,1INCH/USDT:USDT,0.2868,14089,0.2867,35832,0.2869,11701,0.287,58013
1753617265193,11:54:25.193,mexc,1INCH/USDT:USDT,0.2868,14089,0.2867,58679,0.2869,11701,0.287,80520
1753617265511,11:54:25.511,mexc,1INCH/USDT:USDT,0.2868,14089,0.2867,58679,0.2869,11701,0.287,58013
1753617265621,11:54:25.621,mexc,1INCH/USDT:USDT,0.2868,14089,0.2867,35832,0.2869,11701,0.287,58013
1753617266011,11:54:26.011,mexc,1INCH/USDT:USDT,0.2868,14089,0.2867,35832,0.2869,11701,0.287,58013
1753617266124,11:54:26.124,mexc,1INCH/USDT:USDT,0.2868,14089,0.2867,52966,0.2869,11701,0.287,58013
1753617266511,11:54:26.511,mexc,1INCH/USDT:USDT,0.2868,14089,0.2867,52966,0.2869,11701,0.287,58013
1753617266627,11:54:26.627,mexc,1INCH/USDT:USDT,0.2868,14089,0.2867,42608,0.2869,11701,0.287,58013
1753617267011,11:54:27.011,mexc,1INCH/USDT:USDT,0.2868,14089,0.2867,42608,0.2869,11701,0.287,58013
1753617267125,11:54:27.125,mexc,1INCH/USDT:USDT,0.2868,14089,0.2867,35832,0.2869,11701,0.287,58013
1753617267320,11:54:27.320,mexc,1INCH/USDT:USDT,0.2869,16320,0.2868,21396,0.287,21052,0.2871,97888
1753617267622,11:54:27.622,mexc,1INCH/USDT:USDT,0.2869,16320,0.2868,31131,0.287,21052,0.2871,136244
1753617268012,11:54:28.012,mexc,1INCH/USDT:USDT,0.2869,16320,0.2868,31131,0.287,21052,0.2871,97888
1753617268123,11:54:28.123,mexc,1INCH/USDT:USDT,0.2869,16320,0.2868,21396,0.287,21052,0.2871,97888
1753617268512,11:54:28.512,mexc,1INCH/USDT:USDT,0.2869,16320,0.2868,21396,0.287,21052,0.2871,97888
1753617268624,11:54:28.624,mexc,1INCH/USDT:USDT,0.2869,16320,0.2868,21396,0.287,21052,0.2871,146253
1753617269013,11:54:29.013,mexc,1INCH/USDT:USDT,0.2869,16320,0.2868,21396,0.287,21052,0.2871,146253
1753617269123,11:54:29.123,mexc,1INCH/USDT:USDT,0.2869,16320,0.2868,38891,0.287,21052,0.2871,97888
1753617269513,11:54:29.513,mexc,1INCH/USDT:USDT,0.2869,16320,0.2868,38891,0.287,21052,0.2871,97888
1753617269625,11:54:29.625,mexc,1INCH/USDT:USDT,0.2869,16320,0.2868,29643,0.287,21052,0.2871,97888
1753617270017,11:54:30.017,mexc,1INCH/USDT:USDT,0.2869,16320,0.2868,29643,0.287,21052,0.2871,97888
1753617270126,11:54:30.126,mexc,1INCH/USDT:USDT,0.2869,16320,0.2868,21396,0.287,21052,0.2871,109986
1753617270513,11:54:30.513,mexc,1INCH/USDT:USDT,0.2869,16320,0.2868,21396,0.287,21052,0.2871,109986
1753617270626,11:54:30.626,mexc,1INCH/USDT:USDT,0.2869,16320,0.2868,21396,0.287,21052,0.2871,142855
1753617271016,11:54:31.016,mexc,1INCH/USDT:USDT,0.2869,16320,0.2868,21396,0.287,21052,0.2871,97888
1753617271200,11:54:31.200,mexc,1INCH/USDT:USDT,0.2869,16320,0.2868,21396,0.287,21052,0.2871,127932
1753617271517,11:54:31.517,mexc,1INCH/USDT:USDT,0.2869,16320,0.2868,21396,0.287,21052,0.2871,127932
1753617271624,11:54:31.624,mexc,1INCH/USDT:USDT,0.2869,16320,0.2868,30359,0.287,21052,0.2871,131292
1753617272015,11:54:32.015,mexc,1INCH/USDT:USDT,0.2869,16320,0.2868,30359,0.287,21052,0.2871,111766
1753617272128,11:54:32.128,mexc,1INCH/USDT:USDT,0.2869,16320,0.2868,21396,0.287,21052,0.2871,114112
1753617272515,11:54:32.515,mexc,1INCH/USDT:USDT,0.2869,16320,0.2868,21396,0.287,21052,0.2871,97888
1753617272627,11:54:32.627,mexc,1INCH/USDT:USDT,0.2869,16320,0.2868,21396,0.287,21052,0.2871,97888
1753617273022,11:54:33.022,mexc,1INCH/USDT:USDT,0.2869,16320,0.2868,21396,0.287,21052,0.2871,97888
1753617273133,11:54:33.133,mexc,1INCH/USDT:USDT,0.2869,16320,0.2868,23686,0.287,21052,0.2871,139892
1753617273320,11:54:33.320,mexc,1INCH/USDT:USDT,0.2869,21106,0.2868,28495,0.287,14432,0.2871,41539
1753617273626,11:54:33.626,mexc,1INCH/USDT:USDT,0.2869,21106,0.2868,28495,0.287,14432,0.2871,48113
1753617274016,11:54:34.016,mexc,1INCH/USDT:USDT,0.2869,21106,0.2868,28495,0.287,14432,0.2871,41539
1753617274126,11:54:34.126,mexc,1INCH/USDT:USDT,0.2869,21106,0.2868,28495,0.287,14432,0.2871,41539
1753617274517,11:54:34.517,mexc,1INCH/USDT:USDT,0.2869,21106,0.2868,28495,0.287,14432,0.2871,41539
1753617274626,11:54:34.626,mexc,1INCH/USDT:USDT,0.2869,21106,0.2868,37891,0.287,14432,0.2871,41539
1753617275018,11:54:35.018,mexc,1INCH/USDT:USDT,0.2869,21106,0.2868,37891,0.287,14432,0.2871,41539
1753617275126,11:54:35.126,mexc,1INCH/USDT:USDT,0.2869,21106,0.2868,28495,0.287,14432,0.2871,52810
1753617275518,11:54:35.518,mexc,1INCH/USDT:USDT,0.2869,21106,0.2868,28495,0.287,14432,0.2871,52810
1753617275626,11:54:35.626,mexc,1INCH/USDT:USDT,0.2869,21106,0.2868,42517,0.287,14432,0.2871,41539
1753617276018,11:54:36.018,mexc,1INCH/USDT:USDT,0.2869,21106,0.2868,42517,0.287,14432,0.2871,41539
1753617276127,11:54:36.127,mexc,1INCH/USDT:USDT,0.2869,21106,0.2868,39852,0.287,14432,0.2871,41539
1753617276519,11:54:36.519,mexc,1INCH/USDT:USDT,0.2869,21106,0.2868,39852,0.287,14432,0.2871,41539
1753617276630,11:54:36.630,mexc,1INCH/USDT:USDT,0.2869,21106,0.2868,28495,0.287,14432,0.2871,41539
1753617277021,11:54:37.021,mexc,1INCH/USDT:USDT,0.2869,21106,0.2868,28495,0.287,14432,0.2871,41539
1753617277204,11:54:37.204,mexc,1INCH/USDT:USDT,0.2869,21106,0.2868,28495,0.287,14432,0.2871,51607
1753617277519,11:54:37.519,mexc,1INCH/USDT:USDT,0.2869,21106,0.2868,28495,0.287,14432,0.2871,41539
1753617277629,11:54:37.629,mexc,1INCH/USDT:USDT,0.2869,21106,0.2868,28495,0.287,14432,0.2871,53272
1753617278021,11:54:38.021,mexc,1INCH/USDT:USDT,0.2869,21106,0.2868,28495,0.287,14432,0.2871,53272
1753617278133,11:54:38.133,mexc,1INCH/USDT:USDT,0.2869,21106,0.2868,45149,0.287,14432,0.2871,41539
1753617278520,11:54:38.520,mexc,1INCH/USDT:USDT,0.2869,21106,0.2868,45149,0.287,14432,0.2871,41539
1753617278629,11:54:38.629,mexc,1INCH/USDT:USDT,0.2869,21106,0.2868,37759,0.287,14432,0.2871,41539
1753617279022,11:54:39.022,mexc,1INCH/USDT:USDT,0.2869,21106,0.2868,37759,0.287,14432,0.2871,41539
1753617279129,11:54:39.129,mexc,1INCH/USDT:USDT,0.2869,21106,0.2868,35475,0.287,14432,0.2871,58024
1753617279322,11:54:39.322,mexc,1INCH/USDT:USDT,0.2869,8949,0.2868,20714,0.287,39734,0.2871,89570
1753617279629,11:54:39.629,mexc,1INCH/USDT:USDT,0.2869,8949,0.2868,29774,0.287,39734,0.2871,110309
1753617280022,11:54:40.022,mexc,1INCH/USDT:USDT,0.2869,8949,0.2868,29774,0.287,39734,0.2871,89570
1753617280129,11:54:40.129,mexc,1INCH/USDT:USDT,0.2869,8949,0.2868,27484,0.287,39734,0.2871,89570
1753617280522,11:54:40.522,mexc,1INCH/USDT:USDT,0.2869,8949,0.2868,27484,0.287,39734,0.2871,89570
1753617280629,11:54:40.629,mexc,1INCH/USDT:USDT,0.2869,8949,0.2868,27549,0.287,39734,0.2871,89570
1753617281024,11:54:41.024,mexc,1INCH/USDT:USDT,0.2869,8949,0.2868,27549,0.287,39734,0.2871,89570
1753617281130,11:54:41.130,mexc,1INCH/USDT:USDT,0.2869,8949,0.2868,20714,0.287,39734,0.2871,107128
1753617281522,11:54:41.522,mexc,1INCH/USDT:USDT,0.2869,8949,0.2868,20714,0.287,39734,0.2871,107128
1753617281631,11:54:41.631,mexc,1INCH/USDT:USDT,0.2869,8949,0.2868,35921,0.287,39734,0.2871,89570
1753617282024,11:54:42.024,mexc,1INCH/USDT:USDT,0.2869,8949,0.2868,35921,0.287,39734,0.2871,89570
1753617282131,11:54:42.131,mexc,1INCH/USDT:USDT,0.2869,8949,0.2868,20714,0.287,39734,0.2871,129892
1753617282528,11:54:42.528,mexc,1INCH/USDT:USDT,0.2869,8949,0.2868,20714,0.287,39734,0.2871,129892
1753617282636,11:54:42.636,mexc,1INCH/USDT:USDT,0.2869,8949,0.2868,20714,0.287,39734,0.2871,89570
1753617283025,11:54:43.025,mexc,1INCH/USDT:USDT,0.2869,8949,0.2868,20714,0.287,39734,0.2871,89570
1753617283207,11:54:43.207,mexc,1INCH/USDT:USDT,0.2869,8949,0.2868,28321,0.287,39734,0.2871,89570
1753617283524,11:54:43.524,mexc,1INCH/USDT:USDT,0.2869,8949,0.2868,28321,0.287,39734,0.2871,89570
1753617283633,11:54:43.633,mexc,1INCH/USDT:USDT,0.2869,8949,0.2868,20714,0.287,39734,0.2871,128929
1753617284027,11:54:44.027,mexc,1INCH/USDT:USDT,0.2869,8949,0.2868,20714,0.287,39734,0.2871,128929
1753617284133,11:54:44.133,mexc,1INCH/USDT:USDT,0.2869,8949,0.2868,29957,0.287,39734,0.2871,132347
1753617284525,11:54:44.525,mexc,1INCH/USDT:USDT,0.2869,8949,0.2868,29957,0.287,39734,0.2871,89570
1753617284638,11:54:44.638,mexc,1INCH/USDT:USDT,0.2869,8949,0.2868,28915,0.287,39734,0.2871,98883
1753617285026,11:54:45.026,mexc,1INCH/USDT:USDT,0.2869,8949,0.2868,28915,0.287,39734,0.2871,98883
1753617285137,11:54:45.137,mexc,1INCH/USDT:USDT,0.2869,8949,0.2868,27505,0.287,39734,0.2871,112876
1753617285325,11:54:45.325,mexc,1INCH/USDT:USDT,0.2869,369,0.2868,18439,0.287,44412,0.2871,114527
1753617285636,11:54:45.636,mexc,1INCH/USDT:USDT,0.2869,369,0.2868,24851,0.287,44412,0.2871,167081
1753617286025,11:54:46.025,mexc,1INCH/USDT:USDT,0.2869,369,0.2868,24851,0.287,44412,0.2871,167081
1753617286136,11:54:46.136,mexc,1INCH/USDT:USDT,0.2869,369,0.2868,18439,0.287,44412,0.2871,114527
1753617286526,11:54:46.526,mexc,1INCH/USDT:USDT,0.2869,369,0.2868,18439,0.287,44412,0.2871,114527
1753617286635,11:54:46.635,mexc,1INCH/USDT:USDT,0.2869,369,0.2868,18439,0.287,44412,0.2871,114527
1753617287029,11:54:47.029,mexc,1INCH/USDT:USDT,0.2869,369,0.2868,18439,0.287,44412,0.2871,114527
1753617287136,11:54:47.136,mexc,1INCH/USDT:USDT,0.2869,369,0.2868,18439,0.287,44412,0.2871,114527
1753617287526,11:54:47.526,mexc,1INCH/USDT:USDT,0.2869,369,0.2868,18439,0.287,44412,0.2871,114527
1753617287635,11:54:47.635,mexc,1INCH/USDT:USDT,0.2869,369,0.2868,18439,0.287,44412,0.2871,203092
1753617288027,11:54:48.027,mexc,1INCH/USDT:USDT,0.2869,369,0.2868,18439,0.287,44412,0.2871,153186
1753617288137,11:54:48.137,mexc,1INCH/USDT:USDT,0.2869,369,0.2868,26031,0.287,44412,0.2871,145927
1753617288527,11:54:48.527,mexc,1INCH/USDT:USDT,0.2869,369,0.2868,26031,0.287,44412,0.2871,114527
1753617288637,11:54:48.637,mexc,1INCH/USDT:USDT,0.2869,369,0.2868,18439,0.287,44412,0.2871,129943
1753617289029,11:54:49.029,mexc,1INCH/USDT:USDT,0.2869,369,0.2868,18439,0.287,44412,0.2871,129943
1753617289212,11:54:49.212,mexc,1INCH/USDT:USDT,0.2869,369,0.2868,26775,0.287,44412,0.2871,181061
1753617289527,11:54:49.527,mexc,1INCH/USDT:USDT,0.2869,369,0.2868,26775,0.287,44412,0.2871,156854
1753617289636,11:54:49.636,mexc,1INCH/USDT:USDT,0.2869,369,0.2868,22704,0.287,44412,0.2871,114527
1753617290033,11:54:50.033,mexc,1INCH/USDT:USDT,0.2869,369,0.2868,22704,0.287,44412,0.2871,114527
1753617290138,11:54:50.138,mexc,1INCH/USDT:USDT,0.2869,369,0.2868,18439,0.287,44412,0.2871,114527
1753617290527,11:54:50.527,mexc,1INCH/USDT:USDT,0.2869,369,0.2868,18439,0.287,44412,0.2871,114527
1753617290639,11:54:50.639,mexc,1INCH/USDT:USDT,0.2869,369,0.2868,22075,0.287,44412,0.2871,131679
1753617291029,11:54:51.029,mexc,1INCH/USDT:USDT,0.2869,369,0.2868,22075,0.287,44412,0.2871,114527
1753617291137,11:54:51.137,mexc,1INCH/USDT:USDT,0.2869,369,0.2868,18439,0.287,44412,0.2871,136767
1753617291329,11:54:51.329,mexc,1INCH/USDT:USDT,0.2868,27666,0.2867,56066,0.2869,374,0.287,36025
1753617291637,11:54:51.637,mexc,1INCH/USDT:USDT,0.2868,27666,0.2867,56066,0.2869,374,0.287,53540
1753617292029,11:54:52.029,mexc,1INCH/USDT:USDT,0.2868,27666,0.2867,56066,0.2869,374,0.287,36025
1753617292138,11:54:52.138,mexc,1INCH/USDT:USDT,0.2868,27666,0.2867,56066,0.2869,374,0.287,52623
1753617292529,11:54:52.529,mexc,1INCH/USDT:USDT,0.2868,27666,0.2867,56066,0.2869,374,0.287,36025
1753617292639,11:54:52.639,mexc,1INCH/USDT:USDT,0.2868,27666,0.2867,74811,0.2869,374,0.287,36025
1753617293039,11:54:53.039,mexc,1INCH/USDT:USDT,0.2868,27666,0.2867,74811,0.2869,374,0.287,36025
1753617293140,11:54:53.140,mexc,1INCH/USDT:USDT,0.2868,27666,0.2867,56066,0.2869,374,0.287,48499
1753617293529,11:54:53.529,mexc,1INCH/USDT:USDT,0.2868,27666,0.2867,56066,0.2869,374,0.287,48499
1753617293639,11:54:53.639,mexc,1INCH/USDT:USDT,0.2868,27666,0.2867,56066,0.2869,374,0.287,36025
1753617294031,11:54:54.031,mexc,1INCH/USDT:USDT,0.2868,27666,0.2867,56066,0.2869,374,0.287,36025
1753617294140,11:54:54.140,mexc,1INCH/USDT:USDT,0.2868,27666,0.2867,56066,0.2869,374,0.287,36025
1753617294530,11:54:54.530,mexc,1INCH/USDT:USDT,0.2868,27666,0.2867,56066,0.2869,374,0.287,36025
1753617294641,11:54:54.641,mexc,1INCH/USDT:USDT,0.2868,27666,0.2867,66935,0.2869,374,0.287,36025
1753617295035,11:54:55.035,mexc,1INCH/USDT:USDT,0.2868,27666,0.2867,66935,0.2869,374,0.287,36025
1753617295209,11:54:55.209,mexc,1INCH/USDT:USDT,0.2868,27666,0.2867,56066,0.2869,374,0.287,36025
1753617295532,11:54:55.532,mexc,1INCH/USDT:USDT,0.2868,27666,0.2867,56066,0.2869,374,0.287,36025
1753617295640,11:54:55.640,mexc,1INCH/USDT:USDT,0.2868,27666,0.2867,56066,0.2869,374,0.287,36025
1753617296036,11:54:56.036,mexc,1INCH/USDT:USDT,0.2868,27666,0.2867,56066,0.2869,374,0.287,36025
1753617296140,11:54:56.140,mexc,1INCH/USDT:USDT,0.2868,27666,0.2867,56066,0.2869,374,0.287,56437
1753617296533,11:54:56.533,mexc,1INCH/USDT:USDT,0.2868,27666,0.2867,56066,0.2869,374,0.287,47966
1753617296640,11:54:56.640,mexc,1INCH/USDT:USDT,0.2868,27666,0.2867,56066,0.2869,374,0.287,48872
1753617297034,11:54:57.034,mexc,1INCH/USDT:USDT,0.2868,27666,0.2867,56066,0.2869,374,0.287,48872
1753617297140,11:54:57.140,mexc,1INCH/USDT:USDT,0.2868,27666,0.2867,81532,0.2869,374,0.287,45959
1753617297328,11:54:57.328,mexc,1INCH/USDT:USDT,0.2868,20490,0.2867,71859,0.2869,7529,0.287,29752
1753617297641,11:54:57.641,mexc,1INCH/USDT:USDT,0.2868,20490,0.2867,110955,0.2869,7529,0.287,38566
1753617298035,11:54:58.035,mexc,1INCH/USDT:USDT,0.2868,20490,0.2867,110955,0.2869,7529,0.287,38566
1753617298141,11:54:58.141,mexc,1INCH/USDT:USDT,0.2868,20490,0.2867,71859,0.2869,7529,0.287,54379
1753617298534,11:54:58.534,mexc,1INCH/USDT:USDT,0.2868,20490,0.2867,71859,0.2869,7529,0.287,39771
1753617298640,11:54:58.640,mexc,1INCH/USDT:USDT,0.2868,20490,0.2867,102248,0.2869,7529,0.287,37691
1753617299036,11:54:59.036,mexc,1INCH/USDT:USDT,0.2868,20490,0.2867,102248,0.2869,7529,0.287,29752
1753617299139,11:54:59.139,mexc,1INCH/USDT:USDT,0.2868,20490,0.2867,71859,0.2869,7529,0.287,29752
1753617299537,11:54:59.537,mexc,1INCH/USDT:USDT,0.2868,20490,0.2867,71859,0.2869,7529,0.287,29752
1753617299640,11:54:59.640,mexc,1INCH/USDT:USDT,0.2868,20490,0.2867,71859,0.2869,7529,0.287,42310
1753617300036,11:55:00.036,mexc,1INCH/USDT:USDT,0.2868,20490,0.2867,71859,0.2869,7529,0.287,29752
1753617300141,11:55:00.141,mexc,1INCH/USDT:USDT,0.2868,20490,0.2867,105037,0.2869,7529,0.287,29752
1753617300537,11:55:00.537,mexc,1INCH/USDT:USDT,0.2868,20490,0.2867,105037,0.2869,7529,0.287,29752
1753617300641,11:55:00.641,mexc,1INCH/USDT:USDT,0.2868,20490,0.2867,105230,0.2869,7529,0.287,29752
1753617301038,11:55:01.038,mexc,1INCH/USDT:USDT,0.2868,20490,0.2867,105230,0.2869,7529,0.287,29752
1753617301215,11:55:01.215,mexc,1INCH/USDT:USDT,0.2868,20490,0.2867,71859,0.2869,7529,0.287,29752
1753617301277,11:55:01.277,mexc,1INCH/USDT:USDT,0.2868,20490,0.2867,71859,0.2869,7529,0.287,29752
1753617301642,11:55:01.642,mexc,1INCH/USDT:USDT,0.2868,20490,0.2867,71859,0.2869,7529,0.287,29752
1753617302039,11:55:02.039,mexc,1INCH/USDT:USDT,0.2868,20490,0.2867,71859,0.2869,7529,0.287,29752
1753617302145,11:55:02.145,mexc,1INCH/USDT:USDT,0.2868,20490,0.2867,71859,0.2869,7529,0.287,43957
1753617302539,11:55:02.539,mexc,1INCH/USDT:USDT,0.2868,20490,0.2867,71859,0.2869,7529,0.287,43957
1753617302643,11:55:02.643,mexc,1INCH/USDT:USDT,0.2868,20490,0.2867,71859,0.2869,7529,0.287,42725
1753617303041,11:55:03.041,mexc,1INCH/USDT:USDT,0.2868,20490,0.2867,71859,0.2869,7529,0.287,42725
1753617303141,11:55:03.141,mexc,1INCH/USDT:USDT,0.2868,20490,0.2867,71859,0.2869,7529,0.287,39883
1753617303330,11:55:03.330,mexc,1INCH/USDT:USDT,0.2868,49648,0.2867,67141,0.2869,20519,0.287,29447
1753617303643,11:55:03.643,mexc,1INCH/USDT:USDT,0.2868,49648,0.2867,67141,0.2869,20519,0.287,36888
1753617304041,11:55:04.041,mexc,1INCH/USDT:USDT,0.2868,49648,0.2867,67141,0.2869,20519,0.287,36888
1753617304141,11:55:04.141,mexc,1INCH/USDT:USDT,0.2868,49648,0.2867,67141,0.2869,20519,0.287,29447
1753617304541,11:55:04.541,mexc,1INCH/USDT:USDT,0.2868,49648,0.2867,67141,0.2869,20519,0.287,29447
1753617304643,11:55:04.643,mexc,1INCH/USDT:USDT,0.2868,49648,0.2867,67141,0.2869,20519,0.287,29447
1753617305042,11:55:05.042,mexc,1INCH/USDT:USDT,0.2868,49648,0.2867,67141,0.2869,20519,0.287,29447
1753617305142,11:55:05.142,mexc,1INCH/USDT:USDT,0.2868,49648,0.2867,79726,0.2869,20519,0.287,29447
1753617305543,11:55:05.543,mexc,1INCH/USDT:USDT,0.2868,49648,0.2867,79726,0.2869,20519,0.287,29447
1753617305643,11:55:05.643,mexc,1INCH/USDT:USDT,0.2868,49648,0.2867,79403,0.2869,20519,0.287,29447
1753617306045,11:55:06.045,mexc,1INCH/USDT:USDT,0.2868,49648,0.2867,79403,0.2869,20519,0.287,29447
1753617306141,11:55:06.141,mexc,1INCH/USDT:USDT,0.2868,49648,0.2867,67141,0.2869,20519,0.287,40293
1753617306543,11:55:06.543,mexc,1INCH/USDT:USDT,0.2868,49648,0.2867,67141,0.2869,20519,0.287,40293
1753617306646,11:55:06.646,mexc,1INCH/USDT:USDT,0.2868,49648,0.2867,67141,0.2869,20519,0.287,48438
1753617307043,11:55:07.043,mexc,1INCH/USDT:USDT,0.2868,49648,0.2867,67141,0.2869,20519,0.287,34142
1753617307215,11:55:07.215,mexc,1INCH/USDT:USDT,0.2868,49648,0.2867,67141,0.2869,20519,0.287,29447
1753617307542,11:55:07.542,mexc,1INCH/USDT:USDT,0.2868,49648,0.2867,67141,0.2869,20519,0.287,29447
1753617307643,11:55:07.643,mexc,1INCH/USDT:USDT,0.2868,49648,0.2867,88873,0.2869,20519,0.287,29447
1753617308045,11:55:08.045,mexc,1INCH/USDT:USDT,0.2868,49648,0.2867,88873,0.2869,20519,0.287,29447
1753617308143,11:55:08.143,mexc,1INCH/USDT:USDT,0.2868,49648,0.2867,67141,0.2869,20519,0.287,29447
1753617308543,11:55:08.543,mexc,1INCH/USDT:USDT,0.2868,49648,0.2867,67141,0.2869,20519,0.287,29447
1753617308644,11:55:08.644,mexc,1INCH/USDT:USDT,0.2868,49648,0.2867,67141,0.2869,20519,0.287,29447
1753617309043,11:55:09.043,mexc,1INCH/USDT:USDT,0.2868,49648,0.2867,67141,0.2869,20519,0.287,29447
1753617309143,11:55:09.143,mexc,1INCH/USDT:USDT,0.2868,49648,0.2867,67141,0.2869,20519,0.287,35965
1753617309332,11:55:09.332,mexc,1INCH/USDT:USDT,0.2867,23601,0.2866,15837,0.2868,37113,0.2869,39912
1753617309644,11:55:09.644,mexc,1INCH/USDT:USDT,0.2867,23601,0.2866,15837,0.2868,37113,0.2869,39912
1753617310045,11:55:10.045,mexc,1INCH/USDT:USDT,0.2867,23601,0.2866,15837,0.2868,37113,0.2869,39912
1753617310146,11:55:10.146,mexc,1INCH/USDT:USDT,0.2867,23601,0.2866,18160,0.2868,37113,0.2869,39912
1753617310544,11:55:10.544,mexc,1INCH/USDT:USDT,0.2867,23601,0.2866,18160,0.2868,37113,0.2869,39912
1753617310645,11:55:10.645,mexc,1INCH/USDT:USDT,0.2867,23601,0.2866,15837,0.2868,37113,0.2869,76012
1753617311044,11:55:11.044,mexc,1INCH/USDT:USDT,0.2867,23601,0.2866,15837,0.2868,37113,0.2869,59115
1753617311145,11:55:11.145,mexc,1INCH/USDT:USDT,0.2867,23601,0.2866,15837,0.2868,37113,0.2869,39912
1753617311543,11:55:11.543,mexc,1INCH/USDT:USDT,0.2867,23601,0.2866,15837,0.2868,37113,0.2869,39912
1753617311645,11:55:11.645,mexc,1INCH/USDT:USDT,0.2867,23601,0.2866,15837,0.2868,37113,0.2869,56779
1753617312045,11:55:12.045,mexc,1INCH/USDT:USDT,0.2867,23601,0.2866,15837,0.2868,37113,0.2869,39912
1753617312145,11:55:12.145,mexc,1INCH/USDT:USDT,0.2867,23601,0.2866,15837,0.2868,37113,0.2869,39912
1753617312543,11:55:12.543,mexc,1INCH/USDT:USDT,0.2867,23601,0.2866,15837,0.2868,37113,0.2869,39912
1753617312644,11:55:12.644,mexc,1INCH/USDT:USDT,0.2867,23601,0.2866,22916,0.2868,37113,0.2869,39912
1753617313045,11:55:13.045,mexc,1INCH/USDT:USDT,0.2867,23601,0.2866,22916,0.2868,37113,0.2869,39912
1753617313219,11:55:13.219,mexc,1INCH/USDT:USDT,0.2867,23601,0.2866,22163,0.2868,37113,0.2869,47514
1753617313545,11:55:13.545,mexc,1INCH/USDT:USDT,0.2867,23601,0.2866,22163,0.2868,37113,0.2869,39912
1753617313646,11:55:13.646,mexc,1INCH/USDT:USDT,0.2867,23601,0.2866,15837,0.2868,37113,0.2869,39912
1753617314044,11:55:14.044,mexc,1INCH/USDT:USDT,0.2867,23601,0.2866,15837,0.2868,37113,0.2869,39912
1753617314146,11:55:14.146,mexc,1INCH/USDT:USDT,0.2867,23601,0.2866,23336,0.2868,37113,0.2869,47974
1753617314545,11:55:14.545,mexc,1INCH/USDT:USDT,0.2867,23601,0.2866,23336,0.2868,37113,0.2869,39912
1753617314646,11:55:14.646,mexc,1INCH/USDT:USDT,0.2867,23601,0.2866,15837,0.2868,37113,0.2869,55650
1753617315046,11:55:15.046,mexc,1INCH/USDT:USDT,0.2867,23601,0.2866,15837,0.2868,37113,0.2869,39912
1753617315146,11:55:15.146,mexc,1INCH/USDT:USDT,0.2867,23601,0.2866,19418,0.2868,37113,0.2869,39912
1753617315331,11:55:15.331,mexc,1INCH/USDT:USDT,0.2866,11009,0.2865,36561,0.2867,11287,0.2868,70887
1753617315647,11:55:15.647,mexc,1INCH/USDT:USDT,0.2866,11009,0.2865,36561,0.2867,11287,0.2868,90439
1753617316046,11:55:16.046,mexc,1INCH/USDT:USDT,0.2866,11009,0.2865,36561,0.2867,11287,0.2868,90439
1753617316148,11:55:16.148,mexc,1INCH/USDT:USDT,0.2866,11009,0.2865,59180,0.2867,11287,0.2868,70887
1753617316549,11:55:16.549,mexc,1INCH/USDT:USDT,0.2866,11009,0.2865,59180,0.2867,11287,0.2868,70887
1753617316647,11:55:16.647,mexc,1INCH/USDT:USDT,0.2866,11009,0.2865,51464,0.2867,11287,0.2868,124027
1753617317052,11:55:17.052,mexc,1INCH/USDT:USDT,0.2866,11009,0.2865,51464,0.2867,11287,0.2868,124027
1753617317148,11:55:17.148,mexc,1INCH/USDT:USDT,0.2866,11009,0.2865,41355,0.2867,11287,0.2868,94922
1753617317546,11:55:17.546,mexc,1INCH/USDT:USDT,0.2866,11009,0.2865,41355,0.2867,11287,0.2868,70887
1753617317649,11:55:17.649,mexc,1INCH/USDT:USDT,0.2866,11009,0.2865,36561,0.2867,11287,0.2868,93505
1753617318048,11:55:18.048,mexc,1INCH/USDT:USDT,0.2866,11009,0.2865,36561,0.2867,11287,0.2868,70887
1753617318148,11:55:18.148,mexc,1INCH/USDT:USDT,0.2866,11009,0.2865,51023,0.2867,11287,0.2868,70887
1753617318548,11:55:18.548,mexc,1INCH/USDT:USDT,0.2866,11009,0.2865,51023,0.2867,11287,0.2868,70887
1753617318648,11:55:18.648,mexc,1INCH/USDT:USDT,0.2866,11009,0.2865,50696,0.2867,11287,0.2868,70887
1753617319048,11:55:19.048,mexc,1INCH/USDT:USDT,0.2866,11009,0.2865,50696,0.2867,11287,0.2868,70887
1753617319225,11:55:19.225,mexc,1INCH/USDT:USDT,0.2866,11009,0.2865,43105,0.2867,11287,0.2868,99224
1753617319548,11:55:19.548,mexc,1INCH/USDT:USDT,0.2866,11009,0.2865,43105,0.2867,11287,0.2868,83735
1753617319649,11:55:19.649,mexc,1INCH/USDT:USDT,0.2866,11009,0.2865,40634,0.2867,11287,0.2868,70887
1753617320048,11:55:20.048,mexc,1INCH/USDT:USDT,0.2866,11009,0.2865,40634,0.2867,11287,0.2868,70887
1753617320148,11:55:20.148,mexc,1INCH/USDT:USDT,0.2866,11009,0.2865,36561,0.2867,11287,0.2868,100901
1753617320549,11:55:20.549,mexc,1INCH/USDT:USDT,0.2866,11009,0.2865,36561,0.2867,11287,0.2868,100901
1753617320649,11:55:20.649,mexc,1INCH/USDT:USDT,0.2866,11009,0.2865,36561,0.2867,11287,0.2868,70887
1753617321049,11:55:21.049,mexc,1INCH/USDT:USDT,0.2866,11009,0.2865,36561,0.2867,11287,0.2868,70887
1753617321149,11:55:21.149,mexc,1INCH/USDT:USDT,0.2866,11009,0.2865,36561,0.2867,11287,0.2868,70887
1753617321332,11:55:21.332,mexc,1INCH/USDT:USDT,0.2865,457,0.2864,30592,0.2866,41249,0.2867,49824
1753617321648,11:55:21.648,mexc,1INCH/USDT:USDT,0.2865,457,0.2864,30592,0.2866,41249,0.2867,49824
1753617322048,11:55:22.048,mexc,1INCH/USDT:USDT,0.2865,457,0.2864,30592,0.2866,41249,0.2867,49824
1753617322150,11:55:22.150,mexc,1INCH/USDT:USDT,0.2865,457,0.2864,30592,0.2866,41249,0.2867,49824
1753617322553,11:55:22.553,mexc,1INCH/USDT:USDT,0.2865,457,0.2864,30592,0.2866,41249,0.2867,49824
1753617322648,11:55:22.648,mexc,1INCH/USDT:USDT,0.2865,457,0.2864,30592,0.2866,41249,0.2867,68351
1753617323048,11:55:23.048,mexc,1INCH/USDT:USDT,0.2865,457,0.2864,30592,0.2866,41249,0.2867,49824
1753617323151,11:55:23.151,mexc,1INCH/USDT:USDT,0.2865,457,0.2864,30592,0.2866,41249,0.2867,59411
1753617323552,11:55:23.552,mexc,1INCH/USDT:USDT,0.2865,457,0.2864,30592,0.2866,41249,0.2867,59411
1753617323648,11:55:23.648,mexc,1INCH/USDT:USDT,0.2865,457,0.2864,30592,0.2866,41249,0.2867,74016
1753617324049,11:55:24.049,mexc,1INCH/USDT:USDT,0.2865,457,0.2864,30592,0.2866,41249,0.2867,49824
1753617324150,11:55:24.150,mexc,1INCH/USDT:USDT,0.2865,457,0.2864,30592,0.2866,41249,0.2867,62319
1753617324294,11:55:24.294,mexc,1INCH/USDT:USDT,0.2865,457,0.2864,30592,0.2866,41249,0.2867,62319
1753617324650,11:55:24.650,mexc,1INCH/USDT:USDT,0.2865,457,0.2864,30592,0.2866,41249,0.2867,77772
1753617325052,11:55:25.052,mexc,1INCH/USDT:USDT,0.2865,457,0.2864,30592,0.2866,41249,0.2867,71617
1753617325152,11:55:25.152,mexc,1INCH/USDT:USDT,0.2865,457,0.2864,30592,0.2866,41249,0.2867,49824
1753617325549,11:55:25.549,mexc,1INCH/USDT:USDT,0.2865,457,0.2864,30592,0.2866,41249,0.2867,49824
1753617325648,11:55:25.648,mexc,1INCH/USDT:USDT,0.2865,457,0.2864,30592,0.2866,41249,0.2867,61506
1753617326050,11:55:26.050,mexc,1INCH/USDT:USDT,0.2865,457,0.2864,30592,0.2866,41249,0.2867,49824
1753617326152,11:55:26.152,mexc,1INCH/USDT:USDT,0.2865,457,0.2864,45224,0.2866,41249,0.2867,74357
1753617326550,11:55:26.550,mexc,1INCH/USDT:USDT,0.2865,457,0.2864,45224,0.2866,41249,0.2867,64229
1753617326651,11:55:26.651,mexc,1INCH/USDT:USDT,0.2865,457,0.2864,41704,0.2866,41249,0.2867,66660
1753617327051,11:55:27.051,mexc,1INCH/USDT:USDT,0.2865,457,0.2864,41704,0.2866,41249,0.2867,66660
1753617327151,11:55:27.151,mexc,1INCH/USDT:USDT,0.2865,457,0.2864,30592,0.2866,41249,0.2867,49824
1753617327334,11:55:27.334,mexc,1INCH/USDT:USDT,0.2864,21147,0.2863,37393,0.2865,22620,0.2866,50940
1753617327649,11:55:27.649,mexc,1INCH/USDT:USDT,0.2864,21147,0.2863,37393,0.2865,22620,0.2866,66269
1753617328053,11:55:28.053,mexc,1INCH/USDT:USDT,0.2864,21147,0.2863,37393,0.2865,22620,0.2866,66269
1753617328151,11:55:28.151,mexc,1INCH/USDT:USDT,0.2864,21147,0.2863,37393,0.2865,22620,0.2866,60759
1753617328554,11:55:28.554,mexc,1INCH/USDT:USDT,0.2864,21147,0.2863,37393,0.2865,22620,0.2866,60759
1753617328664,11:55:28.664,mexc,1INCH/USDT:USDT,0.2864,21147,0.2863,45169,0.2865,22620,0.2866,63455
1753617329053,11:55:29.053,mexc,1INCH/USDT:USDT,0.2864,21147,0.2863,45169,0.2865,22620,0.2866,63455
1753617329151,11:55:29.151,mexc,1INCH/USDT:USDT,0.2864,21147,0.2863,45988,0.2865,22620,0.2866,50940
1753617329392,11:55:29.392,mexc,1INCH/USDT:USDT,0.2864,21147,0.2863,45988,0.2865,22620,0.2866,50940
1753617329652,11:55:29.652,mexc,1INCH/USDT:USDT,0.2864,21147,0.2863,37393,0.2865,22620,0.2866,50940
1753617330054,11:55:30.054,mexc,1INCH/USDT:USDT,0.2864,21147,0.2863,37393,0.2865,22620,0.2866,50940
1753617330153,11:55:30.153,mexc,1INCH/USDT:USDT,0.2864,21147,0.2863,43125,0.2865,22620,0.2866,50940
1753617330555,11:55:30.555,mexc,1INCH/USDT:USDT,0.2864,21147,0.2863,43125,0.2865,22620,0.2866,50940
1753617330653,11:55:30.653,mexc,1INCH/USDT:USDT,0.2864,21147,0.2863,37393,0.2865,22620,0.2866,50940
1753617331055,11:55:31.055,mexc,1INCH/USDT:USDT,0.2864,21147,0.2863,37393,0.2865,22620,0.2866,50940
1753617331152,11:55:31.152,mexc,1INCH/USDT:USDT,0.2864,21147,0.2863,70903,0.2865,22620,0.2866,67239
1753617331555,11:55:31.555,mexc,1INCH/USDT:USDT,0.2864,21147,0.2863,54419,0.2865,22620,0.2866,67239
1753617331653,11:55:31.653,mexc,1INCH/USDT:USDT,0.2864,21147,0.2863,45150,0.2865,22620,0.2866,50940
1753617332056,11:55:32.056,mexc,1INCH/USDT:USDT,0.2864,19600,0.2863,45150,0.2865,19130,0.2866,50940
1753617332153,11:55:32.153,mexc,1INCH/USDT:USDT,0.2864,19600,0.2863,55710,0.2865,19130,0.2866,75652
1753617332555,11:55:32.555,mexc,1INCH/USDT:USDT,0.2864,19600,0.2863,37393,0.2865,19130,0.2866,75652
1753617332654,11:55:32.654,mexc,1INCH/USDT:USDT,0.2864,19600,0.2863,42155,0.2865,19130,0.2866,66430
1753617333055,11:55:33.055,mexc,1INCH/USDT:USDT,0.2864,19600,0.2863,37393,0.2865,19130,0.2866,66430
1753617333154,11:55:33.154,mexc,1INCH/USDT:USDT,0.2864,19600,0.2863,37393,0.2865,19130,0.2866,50940
1753617333339,11:55:33.339,mexc,1INCH/USDT:USDT,0.2864,13199,0.2863,41285,0.2865,33889,0.2866,46862
1753617333655,11:55:33.655,mexc,1INCH/USDT:USDT,0.2864,13199,0.2863,41285,0.2865,33889,0.2866,46862
1753617334056,11:55:34.056,mexc,1INCH/USDT:USDT,0.2864,13199,0.2863,41285,0.2865,33889,0.2866,46862
1753617334155,11:55:34.155,mexc,1INCH/USDT:USDT,0.2864,13199,0.2863,47452,0.2865,33889,0.2866,46862
1753617334558,11:55:34.558,mexc,1INCH/USDT:USDT,0.2864,13199,0.2863,41285,0.2865,33889,0.2866,46862
1753617334655,11:55:34.655,mexc,1INCH/USDT:USDT,0.2864,13199,0.2863,57026,0.2865,33889,0.2866,46862
1753617335058,11:55:35.058,mexc,1INCH/USDT:USDT,0.2864,13199,0.2863,57026,0.2865,33889,0.2866,46862
1753617335155,11:55:35.155,mexc,1INCH/USDT:USDT,0.2864,13199,0.2863,41285,0.2865,33889,0.2866,54145
1753617335400,11:55:35.400,mexc,1INCH/USDT:USDT,0.2864,13199,0.2863,41285,0.2865,33889,0.2866,54145
1753617335656,11:55:35.656,mexc,1INCH/USDT:USDT,0.2864,13199,0.2863,56493,0.2865,33889,0.2866,46862
1753617336057,11:55:36.057,mexc,1INCH/USDT:USDT,0.2864,13199,0.2863,56493,0.2865,33889,0.2866,46862
1753617336156,11:55:36.156,mexc,1INCH/USDT:USDT,0.2864,13199,0.2863,46753,0.2865,33889,0.2866,63977
1753617336558,11:55:36.558,mexc,1INCH/USDT:USDT,0.2864,13199,0.2863,46753,0.2865,33889,0.2866,46862
1753617336657,11:55:36.657,mexc,1INCH/USDT:USDT,0.2864,13199,0.2863,41285,0.2865,33889,0.2866,46862
1753617337058,11:55:37.058,mexc,1INCH/USDT:USDT,0.2864,13199,0.2863,41285,0.2865,33889,0.2866,46862
1753617337155,11:55:37.155,mexc,1INCH/USDT:USDT,0.2864,13199,0.2863,41285,0.2865,33889,0.2866,46862
1753617337559,11:55:37.559,mexc,1INCH/USDT:USDT,0.2864,13199,0.2863,41285,0.2865,33889,0.2866,46862
1753617337658,11:55:37.658,mexc,1INCH/USDT:USDT,0.2864,13199,0.2863,53881,0.2865,33889,0.2866,51568
1753617338060,11:55:38.060,mexc,1INCH/USDT:USDT,0.2864,13199,0.2863,53881,0.2865,33889,0.2866,51568
1753617338160,11:55:38.160,mexc,1INCH/USDT:USDT,0.2864,13199,0.2863,56609,0.2865,33889,0.2866,46862
1753617338559,11:55:38.559,mexc,1INCH/USDT:USDT,0.2864,13199,0.2863,56609,0.2865,33889,0.2866,46862
1753617338658,11:55:38.658,mexc,1INCH/USDT:USDT,0.2864,13199,0.2863,41285,0.2865,33889,0.2866,72823
1753617339060,11:55:39.060,mexc,1INCH/USDT:USDT,0.2864,13199,0.2863,41285,0.2865,33889,0.2866,58940
1753617339158,11:55:39.158,mexc,1INCH/USDT:USDT,0.2864,13199,0.2863,41285,0.2865,33889,0.2866,46862
1753617339337,11:55:39.337,mexc,1INCH/USDT:USDT,0.2864,16199,0.2863,38030,0.2865,8276,0.2866,43714
1753617339660,11:55:39.660,mexc,1INCH/USDT:USDT,0.2864,16199,0.2863,38030,0.2865,8276,0.2866,62140
1753617340061,11:55:40.061,mexc,1INCH/USDT:USDT,0.2864,16199,0.2863,38030,0.2865,8276,0.2866,43714
1753617340161,11:55:40.161,mexc,1INCH/USDT:USDT,0.2864,16199,0.2863,46223,0.2865,8276,0.2866,43714
1753617340562,11:55:40.562,mexc,1INCH/USDT:USDT,0.2864,16199,0.2863,46223,0.2865,8276,0.2866,43714
1753617340661,11:55:40.661,mexc,1INCH/USDT:USDT,0.2864,16199,0.2863,46312,0.2865,8276,0.2866,61825
1753617341063,11:55:41.063,mexc,1INCH/USDT:USDT,0.2864,16199,0.2863,46312,0.2865,8276,0.2866,43714
1753617341159,11:55:41.159,mexc,1INCH/USDT:USDT,0.2864,16199,0.2863,53788,0.2865,8276,0.2866,43714
1753617341561,11:55:41.561,mexc,1INCH/USDT:USDT,0.2864,16199,0.2863,53788,0.2865,8276,0.2866,43714
1753617341659,11:55:41.659,mexc,1INCH/USDT:USDT,0.2864,16199,0.2863,38030,0.2865,8276,0.2866,43714
1753617342062,11:55:42.062,mexc,1INCH/USDT:USDT,0.2864,16199,0.2863,38030,0.2865,8276,0.2866,43714
1753617342162,11:55:42.162,mexc,1INCH/USDT:USDT,0.2864,16199,0.2863,38030,0.2865,8276,0.2866,51836
1753617342563,11:55:42.563,mexc,1INCH/USDT:USDT,0.2864,16199,0.2863,38030,0.2865,8276,0.2866,51836
1753617342660,11:55:42.660,mexc,1INCH/USDT:USDT,0.2864,16199,0.2863,38030,0.2865,8276,0.2866,58674
1753617343062,11:55:43.062,mexc,1INCH/USDT:USDT,0.2864,14803,0.2863,38030,0.2865,8276,0.2866,58674
1753617343162,11:55:43.162,mexc,1INCH/USDT:USDT,0.2864,14803,0.2863,48175,0.2865,8276,0.2866,43714
1753617343563,11:55:43.563,mexc,1INCH/USDT:USDT,0.2864,14803,0.2863,38030,0.2865,8276,0.2866,43714
1753617343663,11:55:43.663,mexc,1INCH/USDT:USDT,0.2864,14803,0.2863,48221,0.2865,8276,0.2866,43714
1753617344064,11:55:44.064,mexc,1INCH/USDT:USDT,0.2864,14803,0.2863,48221,0.2865,8276,0.2866,43714
1753617344162,11:55:44.162,mexc,1INCH/USDT:USDT,0.2864,14803,0.2863,38030,0.2865,8276,0.2866,51010
1753617344566,11:55:44.566,mexc,1INCH/USDT:USDT,0.2864,14803,0.2863,38030,0.2865,8276,0.2866,51010
1753617344664,11:55:44.664,mexc,1INCH/USDT:USDT,0.2864,14803,0.2863,38030,0.2865,8276,0.2866,49795
1753617345064,11:55:45.064,mexc,1INCH/USDT:USDT,0.2864,14803,0.2863,38030,0.2865,8276,0.2866,49795
1753617345164,11:55:45.164,mexc,1INCH/USDT:USDT,0.2864,14803,0.2863,38030,0.2865,8276,0.2866,43714
1753617345347,11:55:45.347,mexc,1INCH/USDT:USDT,0.2864,17659,0.2863,39506,0.2865,27907,0.2866,49817
1753617345664,11:55:45.664,mexc,1INCH/USDT:USDT,0.2864,17659,0.2863,44994,0.2865,27907,0.2866,49817
1753617346067,11:55:46.067,mexc,1INCH/USDT:USDT,0.2864,17659,0.2863,39506,0.2865,27907,0.2866,49817
1753617346164,11:55:46.164,mexc,1INCH/USDT:USDT,0.2864,17659,0.2863,39506,0.2865,27907,0.2866,71355
1753617346566,11:55:46.566,mexc,1INCH/USDT:USDT,0.2864,17659,0.2863,39506,0.2865,27907,0.2866,49817
1753617346664,11:55:46.664,mexc,1INCH/USDT:USDT,0.2864,17659,0.2863,39506,0.2865,27907,0.2866,70607
1753617347068,11:55:47.068,mexc,1INCH/USDT:USDT,0.2864,17659,0.2863,39506,0.2865,27907,0.2866,70607
1753617347166,11:55:47.166,mexc,1INCH/USDT:USDT,0.2864,17659,0.2863,39506,0.2865,27907,0.2866,49817
1753617347568,11:55:47.568,mexc,1INCH/USDT:USDT,0.2864,17659,0.2863,39506,0.2865,27907,0.2866,49817
1753617347665,11:55:47.665,mexc,1INCH/USDT:USDT,0.2864,17659,0.2863,51765,0.2865,27907,0.2866,49817
1753617348066,11:55:48.066,mexc,1INCH/USDT:USDT,0.2864,17659,0.2863,51765,0.2865,27907,0.2866,49817
1753617348167,11:55:48.167,mexc,1INCH/USDT:USDT,0.2864,17659,0.2863,39506,0.2865,27907,0.2866,83968
1753617348567,11:55:48.567,mexc,1INCH/USDT:USDT,0.2864,17659,0.2863,39506,0.2865,27907,0.2866,67572
1753617348669,11:55:48.669,mexc,1INCH/USDT:USDT,0.2864,17659,0.2863,39506,0.2865,27907,0.2866,49817
1753617349096,11:55:49.096,mexc,1INCH/USDT:USDT,0.2864,17659,0.2863,39506,0.2865,27907,0.2866,49817
1753617349166,11:55:49.166,mexc,1INCH/USDT:USDT,0.2864,17659,0.2863,60542,0.2865,27907,0.2866,56168
1753617349568,11:55:49.568,mexc,1INCH/USDT:USDT,0.2864,17659,0.2863,54818,0.2865,27907,0.2866,56168
1753617349667,11:55:49.667,mexc,1INCH/USDT:USDT,0.2864,17659,0.2863,39506,0.2865,27907,0.2866,49817
1753617350069,11:55:50.069,mexc,1INCH/USDT:USDT,0.2864,17659,0.2863,39506,0.2865,27907,0.2866,49817
1753617350168,11:55:50.168,mexc,1INCH/USDT:USDT,0.2864,17659,0.2863,56094,0.2865,27907,0.2866,67583
1753617350569,11:55:50.569,mexc,1INCH/USDT:USDT,0.2864,17659,0.2863,56094,0.2865,27907,0.2866,67583
1753617350668,11:55:50.668,mexc,1INCH/USDT:USDT,0.2864,17659,0.2863,39506,0.2865,27907,0.2866,72846
1753617351070,11:55:51.070,mexc,1INCH/USDT:USDT,0.2864,17659,0.2863,39506,0.2865,27907,0.2866,72846
1753617351171,11:55:51.171,mexc,1INCH/USDT:USDT,0.2864,17659,0.2863,39506,0.2865,27907,0.2866,49817
1753617351340,11:55:51.340,mexc,1INCH/USDT:USDT,0.2864,17965,0.2863,37280,0.2865,3630,0.2866,40377
1753617351669,11:55:51.669,mexc,1INCH/USDT:USDT,0.2864,17965,0.2863,37280,0.2865,3630,0.2866,40377
1753617352167,11:55:52.167,mexc,1INCH/USDT:USDT,0.2864,17965,0.2863,37280,0.2865,3630,0.2866,40377
1753617352169,11:55:52.169,mexc,1INCH/USDT:USDT,0.2864,17965,0.2863,37280,0.2865,3630,0.2866,40377
1753617352571,11:55:52.571,mexc,1INCH/USDT:USDT,0.2864,17965,0.2863,37280,0.2865,3630,0.2866,40377
1753617352671,11:55:52.671,mexc,1INCH/USDT:USDT,0.2864,17965,0.2863,37280,0.2865,3630,0.2866,40377
1753617353071,11:55:53.071,mexc,1INCH/USDT:USDT,0.2864,17965,0.2863,37280,0.2865,3630,0.2866,40377
1753617353173,11:55:53.173,mexc,1INCH/USDT:USDT,0.2864,17965,0.2863,37280,0.2865,3630,0.2866,52098
1753617353477,11:55:53.477,mexc,1INCH/USDT:USDT,0.2864,17965,0.2863,37280,0.2865,3630,0.2866,52098
1753617353673,11:55:53.673,mexc,1INCH/USDT:USDT,0.2864,17965,0.2863,37280,0.2865,3630,0.2866,40377
1753617354072,11:55:54.072,mexc,1INCH/USDT:USDT,0.2864,17965,0.2863,37280,0.2865,3630,0.2866,40377
1753617354173,11:55:54.173,mexc,1INCH/USDT:USDT,0.2864,17965,0.2863,37280,0.2865,3630,0.2866,56447
1753617354575,11:55:54.575,mexc,1INCH/USDT:USDT,0.2864,17965,0.2863,37280,0.2865,3630,0.2866,56447
1753617354674,11:55:54.674,mexc,1INCH/USDT:USDT,0.2864,17965,0.2863,64602,0.2865,3630,0.2866,40377
1753617355074,11:55:55.074,mexc,1INCH/USDT:USDT,0.2864,17965,0.2863,52211,0.2865,3630,0.2866,40377
1753617355174,11:55:55.174,mexc,1INCH/USDT:USDT,0.2864,17965,0.2863,37280,0.2865,3630,0.2866,68750
1753617355574,11:55:55.574,mexc,1INCH/USDT:USDT,0.2864,17965,0.2863,37280,0.2865,3630,0.2866,68750
1753617355673,11:55:55.673,mexc,1INCH/USDT:USDT,0.2864,17965,0.2863,37280,0.2865,3630,0.2866,56151
1753617356077,11:55:56.077,mexc,1INCH/USDT:USDT,0.2864,17965,0.2863,37280,0.2865,3630,0.2866,48510
1753617356173,11:55:56.173,mexc,1INCH/USDT:USDT,0.2864,17965,0.2863,50455,0.2865,3630,0.2866,40377
1753617356575,11:55:56.575,mexc,1INCH/USDT:USDT,0.2864,17965,0.2863,50455,0.2865,3630,0.2866,40377
1753617356674,11:55:56.674,mexc,1INCH/USDT:USDT,0.2864,17965,0.2863,48218,0.2865,3630,0.2866,46166
1753617357075,11:55:57.075,mexc,1INCH/USDT:USDT,0.2864,17965,0.2863,48218,0.2865,3630,0.2866,46166
1753617357174,11:55:57.174,mexc,1INCH/USDT:USDT,0.2864,17965,0.2863,41162,0.2865,3630,0.2866,40377
1753617357344,11:55:57.344,mexc,1INCH/USDT:USDT,0.2865,11875,0.2864,28831,0.2866,28257,0.2867,40249
1753617357673,11:55:57.673,mexc,1INCH/USDT:USDT,0.2865,11875,0.2864,28831,0.2866,28257,0.2867,57173
1753617358075,11:55:58.075,mexc,1INCH/USDT:USDT,0.2865,11875,0.2864,28831,0.2866,28257,0.2867,57173
1753617358176,11:55:58.176,mexc,1INCH/USDT:USDT,0.2865,11875,0.2864,28831,0.2866,28257,0.2867,45111
1753617358597,11:55:58.597,mexc,1INCH/USDT:USDT,0.2865,11875,0.2864,28831,0.2866,28257,0.2867,45111
1753617358674,11:55:58.674,mexc,1INCH/USDT:USDT,0.2865,11875,0.2864,37434,0.2866,28257,0.2867,40249
1753617359076,11:55:59.076,mexc,1INCH/USDT:USDT,0.2865,11875,0.2864,37434,0.2866,28257,0.2867,40249
1753617359175,11:55:59.175,mexc,1INCH/USDT:USDT,0.2865,11875,0.2864,28831,0.2866,28257,0.2867,40249
1753617359579,11:55:59.579,mexc,1INCH/USDT:USDT,0.2865,11875,0.2864,28831,0.2866,28257,0.2867,40249
1753617359677,11:55:59.677,mexc,1INCH/USDT:USDT,0.2865,11875,0.2864,28831,0.2866,28257,0.2867,50485
1753617360078,11:56:00.078,mexc,1INCH/USDT:USDT,0.2865,11875,0.2864,28831,0.2866,28257,0.2867,50485
1753617360176,11:56:00.176,mexc,1INCH/USDT:USDT,0.2865,11875,0.2864,43123,0.2866,28257,0.2867,49522
1753617360576,11:56:00.576,mexc,1INCH/USDT:USDT,0.2865,11875,0.2864,43123,0.2866,28257,0.2867,40249
1753617360675,11:56:00.675,mexc,1INCH/USDT:USDT,0.2865,11875,0.2864,28831,0.2866,28257,0.2867,53588
1753617361078,11:56:01.078,mexc,1INCH/USDT:USDT,0.2865,11875,0.2864,28831,0.2866,28257,0.2867,53588
1753617361177,11:56:01.177,mexc,1INCH/USDT:USDT,0.2865,11875,0.2864,28831,0.2866,28257,0.2867,40249
1753617361578,11:56:01.578,mexc,1INCH/USDT:USDT,0.2865,11875,0.2864,28831,0.2866,28257,0.2867,40249
1753617361678,11:56:01.678,mexc,1INCH/USDT:USDT,0.2865,11875,0.2864,28831,0.2866,28257,0.2867,40249
1753617362081,11:56:02.081,mexc,1INCH/USDT:USDT,0.2865,11875,0.2864,28831,0.2866,28257,0.2867,40249
1753617362178,11:56:02.178,mexc,1INCH/USDT:USDT,0.2865,11875,0.2864,28831,0.2866,28257,0.2867,40249
1753617362579,11:56:02.579,mexc,1INCH/USDT:USDT,0.2865,11875,0.2864,28831,0.2866,28257,0.2867,40249
1753617362678,11:56:02.678,mexc,1INCH/USDT:USDT,0.2865,11875,0.2864,42858,0.2866,28257,0.2867,53876
1753617363079,11:56:03.079,mexc,1INCH/USDT:USDT,0.2865,11875,0.2864,35825,0.2866,28257,0.2867,53876
1753617363177,11:56:03.177,mexc,1INCH/USDT:USDT,0.2865,11875,0.2864,37825,0.2866,28257,0.2867,40249
1753617363346,11:56:03.346,mexc,1INCH/USDT:USDT,0.2865,28490,0.2864,45819,0.2866,4682,0.2867,33008
1753617363679,11:56:03.679,mexc,1INCH/USDT:USDT,0.2865,28490,0.2864,45819,0.2866,4682,0.2867,45057
1753617364080,11:56:04.080,mexc,1INCH/USDT:USDT,0.2865,28490,0.2864,45819,0.2866,4682,0.2867,45057
1753617364178,11:56:04.178,mexc,1INCH/USDT:USDT,0.2865,28490,0.2864,51355,0.2866,4682,0.2867,33008
1753617364579,11:56:04.579,mexc,1INCH/USDT:USDT,0.2865,28490,0.2864,45819,0.2866,4682,0.2867,33008
1753617364680,11:56:04.680,mexc,1INCH/USDT:USDT,0.2865,28490,0.2864,59456,0.2866,4682,0.2867,57002
1753617365086,11:56:05.086,mexc,1INCH/USDT:USDT,0.2865,28490,0.2864,59456,0.2866,4682,0.2867,57002
1753617365199,11:56:05.199,mexc,1INCH/USDT:USDT,0.2865,28490,0.2864,45819,0.2866,4682,0.2867,43408
1753617365414,11:56:05.414,mexc,1INCH/USDT:USDT,0.2865,28490,0.2864,45819,0.2866,4682,0.2867,43408
1753617365699,11:56:05.699,mexc,1INCH/USDT:USDT,0.2865,28490,0.2864,63397,0.2866,4682,0.2867,47406
1753617366101,11:56:06.101,mexc,1INCH/USDT:USDT,0.2865,28490,0.2864,63397,0.2866,4682,0.2867,33008
1753617366202,11:56:06.202,mexc,1INCH/USDT:USDT,0.2865,28490,0.2864,57755,0.2866,4682,0.2867,33008
1753617366602,11:56:06.602,mexc,1INCH/USDT:USDT,0.2865,28490,0.2864,45819,0.2866,4682,0.2867,33008
1753617366700,11:56:06.700,mexc,1INCH/USDT:USDT,0.2865,28490,0.2864,45819,0.2866,4682,0.2867,33008
1753617367107,11:56:07.107,mexc,1INCH/USDT:USDT,0.2865,28490,0.2864,45819,0.2866,4682,0.2867,33008
1753617367201,11:56:07.201,mexc,1INCH/USDT:USDT,0.2865,28490,0.2864,45819,0.2866,4682,0.2867,33008
1753617367604,11:56:07.604,mexc,1INCH/USDT:USDT,0.2865,28490,0.2864,45819,0.2866,4682,0.2867,33008
1753617367701,11:56:07.701,mexc,1INCH/USDT:USDT,0.2865,28490,0.2864,45819,0.2866,4682,0.2867,33008
1753617368103,11:56:08.103,mexc,1INCH/USDT:USDT,0.2865,28490,0.2864,45819,0.2866,4682,0.2867,33008
1753617368203,11:56:08.203,mexc,1INCH/USDT:USDT,0.2865,28490,0.2864,45819,0.2866,4682,0.2867,46804
1753617368605,11:56:08.605,mexc,1INCH/USDT:USDT,0.2865,28490,0.2864,45819,0.2866,4682,0.2867,46804
1753617368701,11:56:08.701,mexc,1INCH/USDT:USDT,0.2865,28490,0.2864,45819,0.2866,4682,0.2867,33008
1753617369105,11:56:09.105,mexc,1INCH/USDT:USDT,0.2865,28490,0.2864,45819,0.2866,4682,0.2867,33008
1753617369202,11:56:09.202,mexc,1INCH/USDT:USDT,0.2865,28490,0.2864,45819,0.2866,4682,0.2867,33008
1753617369344,11:56:09.344,mexc,1INCH/USDT:USDT,0.2865,19820,0.2864,64140,0.2866,4011,0.2867,38300
1753617369705,11:56:09.705,mexc,1INCH/USDT:USDT,0.2865,19820,0.2864,91046,0.2866,4011,0.2867,55997
1753617370105,11:56:10.105,mexc,1INCH/USDT:USDT,0.2865,19820,0.2864,91046,0.2866,4011,0.2867,38300
1753617370203,11:56:10.203,mexc,1INCH/USDT:USDT,0.2865,19820,0.2864,64140,0.2866,4011,0.2867,38300
1753617370605,11:56:10.605,mexc,1INCH/USDT:USDT,0.2865,19820,0.2864,64140,0.2866,4011,0.2867,38300
1753617370704,11:56:10.704,mexc,1INCH/USDT:USDT,0.2865,19820,0.2864,64140,0.2866,4011,0.2867,38300
1753617371107,11:56:11.107,mexc,1INCH/USDT:USDT,0.2865,19820,0.2864,64140,0.2866,4011,0.2867,38300
1753617371205,11:56:11.205,mexc,1INCH/USDT:USDT,0.2865,19820,0.2864,64140,0.2866,4011,0.2867,49456
1753617371420,11:56:11.420,mexc,1INCH/USDT:USDT,0.2865,19820,0.2864,64140,0.2866,4011,0.2867,49456
1753617371706,11:56:11.706,mexc,1INCH/USDT:USDT,0.2865,19820,0.2864,64140,0.2866,4011,0.2867,38300
1753617372106,11:56:12.106,mexc,1INCH/USDT:USDT,0.2865,19820,0.2864,64140,0.2866,4011,0.2867,38300
1753617372203,11:56:12.203,mexc,1INCH/USDT:USDT,0.2865,19820,0.2864,64140,0.2866,4011,0.2867,38300
1753617372607,11:56:12.607,mexc,1INCH/USDT:USDT,0.2865,19820,0.2864,64140,0.2866,4011,0.2867,38300
1753617372704,11:56:12.704,mexc,1INCH/USDT:USDT,0.2865,19820,0.2864,84779,0.2866,4011,0.2867,51654
1753617373107,11:56:13.107,mexc,1INCH/USDT:USDT,0.2865,19820,0.2864,84779,0.2866,4011,0.2867,51654
1753617373205,11:56:13.205,mexc,1INCH/USDT:USDT,0.2865,19820,0.2864,87109,0.2866,4011,0.2867,38300
1753617373609,11:56:13.609,mexc,1INCH/USDT:USDT,0.2865,19820,0.2864,87109,0.2866,4011,0.2867,38300
1753617373706,11:56:13.706,mexc,1INCH/USDT:USDT,0.2865,19820,0.2864,64140,0.2866,4011,0.2867,38300
1753617374108,11:56:14.108,mexc,1INCH/USDT:USDT,0.2865,19820,0.2864,64140,0.2866,4011,0.2867,38300
1753617374207,11:56:14.207,mexc,1INCH/USDT:USDT,0.2865,19820,0.2864,80808,0.2866,4011,0.2867,38300
1753617374610,11:56:14.610,mexc,1INCH/USDT:USDT,0.2865,19820,0.2864,64140,0.2866,4011,0.2867,38300
1753617374707,11:56:14.707,mexc,1INCH/USDT:USDT,0.2865,19820,0.2864,64140,0.2866,4011,0.2867,38300
1753617375109,11:56:15.109,mexc,1INCH/USDT:USDT,0.2865,19820,0.2864,64140,0.2866,4011,0.2867,38300
1753617375209,11:56:15.209,mexc,1INCH/USDT:USDT,0.2865,19820,0.2864,72262,0.2866,4011,0.2867,44852
1753617375350,11:56:15.350,mexc,1INCH/USDT:USDT,0.2866,11664,0.2865,32012,0.2867,14778,0.2868,75218
1753617375707,11:56:15.707,mexc,1INCH/USDT:USDT,0.2866,11664,0.2865,32012,0.2867,14778,0.2868,75218
1753617376111,11:56:16.111,mexc,1INCH/USDT:USDT,0.2866,11664,0.2865,32012,0.2867,14778,0.2868,75218
1753617376210,11:56:16.210,mexc,1INCH/USDT:USDT,0.2866,11664,0.2865,45080,0.2867,14778,0.2868,75218
1753617376611,11:56:16.611,mexc,1INCH/USDT:USDT,0.2866,11664,0.2865,45080,0.2867,14778,0.2868,75218
1753617376707,11:56:16.707,mexc,1INCH/USDT:USDT,0.2866,11664,0.2865,32012,0.2867,14778,0.2868,75218
1753617377110,11:56:17.110,mexc,1INCH/USDT:USDT,0.2866,11664,0.2865,32012,0.2867,14778,0.2868,75218
1753617377208,11:56:17.208,mexc,1INCH/USDT:USDT,0.2866,11664,0.2865,46769,0.2867,14778,0.2868,84617
1753617377611,11:56:17.611,mexc,1INCH/USDT:USDT,0.2866,11664,0.2865,46769,0.2867,14778,0.2868,84617
1753617377710,11:56:17.710,mexc,1INCH/USDT:USDT,0.2866,11664,0.2865,32012,0.2867,14778,0.2868,75218
1753617378111,11:56:18.111,mexc,1INCH/USDT:USDT,0.2866,11664,0.2865,32012,0.2867,14778,0.2868,75218
1753617378208,11:56:18.208,mexc,1INCH/USDT:USDT,0.2866,11664,0.2865,32012,0.2867,14778,0.2868,75218
1753617378611,11:56:18.611,mexc,1INCH/USDT:USDT,0.2866,11664,0.2865,32012,0.2867,14778,0.2868,75218
1753617378710,11:56:18.710,mexc,1INCH/USDT:USDT,0.2866,11664,0.2865,32012,0.2867,14778,0.2868,90364
1753617379114,11:56:19.114,mexc,1INCH/USDT:USDT,0.2866,11664,0.2865,32012,0.2867,14778,0.2868,90364
1753617379211,11:56:19.211,mexc,1INCH/USDT:USDT,0.2866,11664,0.2865,39682,0.2867,14778,0.2868,108150
1753617379613,11:56:19.613,mexc,1INCH/USDT:USDT,0.2866,11664,0.2865,39682,0.2867,14778,0.2868,75218
1753617379710,11:56:19.710,mexc,1INCH/USDT:USDT,0.2866,11664,0.2865,32012,0.2867,14778,0.2868,75218
1753617380113,11:56:20.113,mexc,1INCH/USDT:USDT,0.2866,11664,0.2865,32012,0.2867,14778,0.2868,75218
1753617380215,11:56:20.215,mexc,1INCH/USDT:USDT,0.2866,11664,0.2865,46116,0.2867,14778,0.2868,126120
1753617380617,11:56:20.617,mexc,1INCH/USDT:USDT,0.2866,11664,0.2865,32012,0.2867,14778,0.2868,126120
1753617380712,11:56:20.712,mexc,1INCH/USDT:USDT,0.2866,11664,0.2865,32012,0.2867,14778,0.2868,75218
1753617381115,11:56:21.115,mexc,1INCH/USDT:USDT,0.2866,11664,0.2865,32012,0.2867,14778,0.2868,75218
1753617381212,11:56:21.212,mexc,1INCH/USDT:USDT,0.2866,11664,0.2865,32012,0.2867,14778,0.2868,75218
1753617381355,11:56:21.355,mexc,1INCH/USDT:USDT,0.2866,1712,0.2865,34700,0.2867,17975,0.2868,62944
1753617381712,11:56:21.712,mexc,1INCH/USDT:USDT,0.2866,1712,0.2865,34700,0.2867,17975,0.2868,76393
1753617382114,11:56:22.114,mexc,1INCH/USDT:USDT,0.2866,1712,0.2865,34700,0.2867,17975,0.2868,76393
1753617382212,11:56:22.212,mexc,1INCH/USDT:USDT,0.2866,1712,0.2865,66707,0.2867,17975,0.2868,62944
1753617382614,11:56:22.614,mexc,1INCH/USDT:USDT,0.2866,1712,0.2865,66707,0.2867,17975,0.2868,62944
1753617382713,11:56:22.713,mexc,1INCH/USDT:USDT,0.2866,1712,0.2865,44979,0.2867,17975,0.2868,105057
1753617383116,11:56:23.116,mexc,1INCH/USDT:USDT,0.2866,1712,0.2865,44979,0.2867,17975,0.2868,105057
1753617383213,11:56:23.213,mexc,1INCH/USDT:USDT,0.2866,1712,0.2865,34700,0.2867,17975,0.2868,62944
1753617383578,11:56:23.578,mexc,1INCH/USDT:USDT,0.2866,1712,0.2865,34700,0.2867,17975,0.2868,62944
1753617383713,11:56:23.713,mexc,1INCH/USDT:USDT,0.2866,1712,0.2865,39352,0.2867,17975,0.2868,62944
1753617384116,11:56:24.116,mexc,1INCH/USDT:USDT,0.2866,1712,0.2865,34700,0.2867,17975,0.2868,62944
1753617384214,11:56:24.214,mexc,1INCH/USDT:USDT,0.2866,1712,0.2865,34700,0.2867,17975,0.2868,84205
1753617384617,11:56:24.617,mexc,1INCH/USDT:USDT,0.2866,1712,0.2865,34700,0.2867,17975,0.2868,84205
1753617384714,11:56:24.714,mexc,1INCH/USDT:USDT,0.2866,1712,0.2865,34700,0.2867,17975,0.2868,62944
1753617385117,11:56:25.117,mexc,1INCH/USDT:USDT,0.2866,1712,0.2865,34700,0.2867,17975,0.2868,62944
1753617385215,11:56:25.215,mexc,1INCH/USDT:USDT,0.2866,1712,0.2865,51185,0.2867,17975,0.2868,109621
1753617385617,11:56:25.617,mexc,1INCH/USDT:USDT,0.2866,1712,0.2865,51185,0.2867,17975,0.2868,109621
1753617385717,11:56:25.717,mexc,1INCH/USDT:USDT,0.2866,1712,0.2865,38215,0.2867,17975,0.2868,62944
1753617386119,11:56:26.119,mexc,1INCH/USDT:USDT,0.2866,1712,0.2865,38215,0.2867,17975,0.2868,62944
1753617386216,11:56:26.216,mexc,1INCH/USDT:USDT,0.2866,1712,0.2865,44337,0.2867,17975,0.2868,69993
1753617386619,11:56:26.619,mexc,1INCH/USDT:USDT,0.2866,1712,0.2865,44337,0.2867,17975,0.2868,69993
1753617386717,11:56:26.717,mexc,1INCH/USDT:USDT,0.2866,1712,0.2865,47399,0.2867,17975,0.2868,62944
1753617387120,11:56:27.120,mexc,1INCH/USDT:USDT,0.2866,1712,0.2865,47399,0.2867,17975,0.2868,62944
1753617387217,11:56:27.217,mexc,1INCH/USDT:USDT,0.2866,1712,0.2865,34700,0.2867,17975,0.2868,78330
1753617387348,11:56:27.348,mexc,1INCH/USDT:USDT,0.2865,13912,0.2864,46178,0.2866,4008,0.2867,41336
1753617387718,11:56:27.718,mexc,1INCH/USDT:USDT,0.2865,13912,0.2864,55401,0.2866,4008,0.2867,41336
1753617388120,11:56:28.120,mexc,1INCH/USDT:USDT,0.2865,13912,0.2864,55401,0.2866,4008,0.2867,41336
1753617388218,11:56:28.218,mexc,1INCH/USDT:USDT,0.2865,13912,0.2864,63232,0.2866,4008,0.2867,41336
1753617388622,11:56:28.622,mexc,1INCH/USDT:USDT,0.2865,13912,0.2864,46178,0.2866,4008,0.2867,41336
1753617388719,11:56:28.719,mexc,1INCH/USDT:USDT,0.2865,13912,0.2864,46178,0.2866,4008,0.2867,41336
1753617389121,11:56:29.121,mexc,1INCH/USDT:USDT,0.2865,13912,0.2864,46178,0.2866,4008,0.2867,41336
1753617389219,11:56:29.219,mexc,1INCH/USDT:USDT,0.2865,13912,0.2864,46178,0.2866,4008,0.2867,61221
1753617389622,11:56:29.622,mexc,1INCH/USDT:USDT,0.2865,13912,0.2864,46178,0.2866,4008,0.2867,61221
1753617389719,11:56:29.719,mexc,1INCH/USDT:USDT,0.2865,13912,0.2864,46178,0.2866,4008,0.2867,41336
1753617390122,11:56:30.122,mexc,1INCH/USDT:USDT,0.2865,13912,0.2864,46178,0.2866,4008,0.2867,41336
1753617390221,11:56:30.221,mexc,1INCH/USDT:USDT,0.2865,13912,0.2864,46178,0.2866,4008,0.2867,41336
1753617390625,11:56:30.625,mexc,1INCH/USDT:USDT,0.2865,13912,0.2864,46178,0.2866,4008,0.2867,41336
1753617390721,11:56:30.721,mexc,1INCH/USDT:USDT,0.2865,13912,0.2864,57513,0.2866,4008,0.2867,71409
1753617391122,11:56:31.122,mexc,1INCH/USDT:USDT,0.2865,13912,0.2864,57513,0.2866,4008,0.2867,71409
1753617391220,11:56:31.220,mexc,1INCH/USDT:USDT,0.2865,13912,0.2864,74190,0.2866,4008,0.2867,50680
1753617391624,11:56:31.624,mexc,1INCH/USDT:USDT,0.2865,13912,0.2864,57874,0.2866,4008,0.2867,50680
1753617391720,11:56:31.720,mexc,1INCH/USDT:USDT,0.2865,13912,0.2864,46178,0.2866,4008,0.2867,41336
1753617392121,11:56:32.121,mexc,1INCH/USDT:USDT,0.2865,13912,0.2864,46178,0.2866,4008,0.2867,41336
1753617392221,11:56:32.221,mexc,1INCH/USDT:USDT,0.2865,13912,0.2864,53398,0.2866,4008,0.2867,49753
1753617392622,11:56:32.622,mexc,1INCH/USDT:USDT,0.2865,13912,0.2864,53398,0.2866,4008,0.2867,41336
1753617392721,11:56:32.721,mexc,1INCH/USDT:USDT,0.2865,13912,0.2864,46178,0.2866,4008,0.2867,41336
1753617393123,11:56:33.123,mexc,1INCH/USDT:USDT,0.2865,13912,0.2864,46178,0.2866,4008,0.2867,41336
1753617393221,11:56:33.221,mexc,1INCH/USDT:USDT,0.2865,13912,0.2864,46178,0.2866,4008,0.2867,41336
1753617393347,11:56:33.347,mexc,1INCH/USDT:USDT,0.2864,3635,0.2863,25030,0.2865,19477,0.2866,58107
1753617393722,11:56:33.722,mexc,1INCH/USDT:USDT,0.2864,3635,0.2863,35067,0.2865,19477,0.2866,58107
1753617394204,11:56:34.204,mexc,1INCH/USDT:USDT,0.2864,3635,0.2863,35067,0.2865,19477,0.2866,58107
1753617394222,11:56:34.222,mexc,1INCH/USDT:USDT,0.2864,3635,0.2863,25030,0.2865,19477,0.2866,58107
1753617394623,11:56:34.623,mexc,1INCH/USDT:USDT,0.2864,3635,0.2863,25030,0.2865,19477,0.2866,58107
1753617394721,11:56:34.721,mexc,1INCH/USDT:USDT,0.2864,3635,0.2863,32046,0.2865,19477,0.2866,58107
1753617395124,11:56:35.124,mexc,1INCH/USDT:USDT,0.2864,3635,0.2863,32046,0.2865,19477,0.2866,58107
1753617395223,11:56:35.223,mexc,1INCH/USDT:USDT,0.2864,3635,0.2863,36738,0.2865,19477,0.2866,73507
1753617395624,11:56:35.624,mexc,1INCH/USDT:USDT,0.2864,3635,0.2863,36738,0.2865,19477,0.2866,73507
1753617395725,11:56:35.725,mexc,1INCH/USDT:USDT,0.2864,3635,0.2863,25030,0.2865,19477,0.2866,58107
1753617396197,11:56:36.197,mexc,1INCH/USDT:USDT,0.2864,3635,0.2863,25030,0.2865,19477,0.2866,58107
1753617396224,11:56:36.224,mexc,1INCH/USDT:USDT,0.2864,3635,0.2863,25030,0.2865,19477,0.2866,73014
1753617396625,11:56:36.625,mexc,1INCH/USDT:USDT,0.2864,3635,0.2863,25030,0.2865,19477,0.2866,58107
1753617396726,11:56:36.726,mexc,1INCH/USDT:USDT,0.2864,3635,0.2863,38558,0.2865,19477,0.2866,86089
1753617397126,11:56:37.126,mexc,1INCH/USDT:USDT,0.2864,3635,0.2863,35248,0.2865,19477,0.2866,86089
1753617397224,11:56:37.224,mexc,1INCH/USDT:USDT,0.2864,3635,0.2863,25030,0.2865,19477,0.2866,58107
1753617397626,11:56:37.626,mexc,1INCH/USDT:USDT,0.2864,3635,0.2863,25030,0.2865,19477,0.2866,58107
1753617397723,11:56:37.723,mexc,1INCH/USDT:USDT,0.2864,3635,0.2863,25030,0.2865,19477,0.2866,76840
1753617398125,11:56:38.125,mexc,1INCH/USDT:USDT,0.2864,3635,0.2863,25030,0.2865,19477,0.2866,76840
1753617398225,11:56:38.225,mexc,1INCH/USDT:USDT,0.2864,3635,0.2863,34611,0.2865,19477,0.2866,58107
1753617398626,11:56:38.626,mexc,1INCH/USDT:USDT,0.2864,3635,0.2863,34611,0.2865,19477,0.2866,58107
1753617398727,11:56:38.727,mexc,1INCH/USDT:USDT,0.2864,3635,0.2863,25030,0.2865,19477,0.2866,75243
1753617399127,11:56:39.127,mexc,1INCH/USDT:USDT,0.2864,3635,0.2863,25030,0.2865,19477,0.2866,58107
1753617399225,11:56:39.225,mexc,1INCH/USDT:USDT,0.2864,3635,0.2863,36439,0.2865,19477,0.2866,67691
1753617399375,11:56:39.375,mexc,1INCH/USDT:USDT,0.2863,19221,0.2862,44329,0.2864,9466,0.2865,56662
1753617399725,11:56:39.725,mexc,1INCH/USDT:USDT,0.2863,19221,0.2862,59036,0.2864,9466,0.2865,80194
1753617400127,11:56:40.127,mexc,1INCH/USDT:USDT,0.2863,19221,0.2862,44329,0.2864,9466,0.2865,80194
1753617400225,11:56:40.225,mexc,1INCH/USDT:USDT,0.2863,19221,0.2862,44329,0.2864,9466,0.2865,56662
1753617400440,11:56:40.440,mexc,1INCH/USDT:USDT,0.2863,19221,0.2862,44329,0.2864,9466,0.2865,56662
1753617400727,11:56:40.727,mexc,1INCH/USDT:USDT,0.2863,19221,0.2862,44329,0.2864,9466,0.2865,56662
1753617401127,11:56:41.127,mexc,1INCH/USDT:USDT,0.2863,19221,0.2862,44329,0.2864,9466,0.2865,56662
1753617401226,11:56:41.226,mexc,1INCH/USDT:USDT,0.2863,19221,0.2862,44329,0.2864,9466,0.2865,56662
1753617401577,11:56:41.577,mexc,1INCH/USDT:USDT,0.2863,19221,0.2862,44329,0.2864,9466,0.2865,56662
1753617401727,11:56:41.727,mexc,1INCH/USDT:USDT,0.2863,19221,0.2862,62758,0.2864,9466,0.2865,56662
1753617402129,11:56:42.129,mexc,1INCH/USDT:USDT,0.2863,19221,0.2862,62758,0.2864,9466,0.2865,56662
1753617402226,11:56:42.226,mexc,1INCH/USDT:USDT,0.2863,19221,0.2862,44329,0.2864,9466,0.2865,56662
1753617402628,11:56:42.628,mexc,1INCH/USDT:USDT,0.2863,19221,0.2862,44329,0.2864,9466,0.2865,56662
1753617402726,11:56:42.726,mexc,1INCH/USDT:USDT,0.2863,19221,0.2862,44329,0.2864,9466,0.2865,79759
1753617403128,11:56:43.128,mexc,1INCH/USDT:USDT,0.2863,19221,0.2862,44329,0.2864,9466,0.2865,79759
1753617403225,11:56:43.225,mexc,1INCH/USDT:USDT,0.2863,19221,0.2862,44329,0.2864,9466,0.2865,56662
1753617403628,11:56:43.628,mexc,1INCH/USDT:USDT,0.2863,19221,0.2862,44329,0.2864,9466,0.2865,56662
1753617403725,11:56:43.725,mexc,1INCH/USDT:USDT,0.2863,19221,0.2862,44329,0.2864,9466,0.2865,56662
1753617404128,11:56:44.128,mexc,1INCH/USDT:USDT,0.2863,19221,0.2862,44329,0.2864,9466,0.2865,56662
1753617404226,11:56:44.226,mexc,1INCH/USDT:USDT,0.2863,19221,0.2862,57243,0.2864,9466,0.2865,79246
1753617404638,11:56:44.638,mexc,1INCH/USDT:USDT,0.2863,19221,0.2862,57243,0.2864,9466,0.2865,56662
1753617404726,11:56:44.726,mexc,1INCH/USDT:USDT,0.2863,19221,0.2862,55490,0.2864,9466,0.2865,56662
1753617405130,11:56:45.130,mexc,1INCH/USDT:USDT,0.2863,19221,0.2862,44329,0.2864,9466,0.2865,56662
1753617405228,11:56:45.228,mexc,1INCH/USDT:USDT,0.2863,19221,0.2862,51750,0.2864,9466,0.2865,56662
1753617405349,11:56:45.349,mexc,1INCH/USDT:USDT,0.2863,19083,0.2862,38419,0.2864,11315,0.2865,62606
1753617405727,11:56:45.727,mexc,1INCH/USDT:USDT,0.2863,19083,0.2862,47882,0.2864,11315,0.2865,62606
1753617406129,11:56:46.129,mexc,1INCH/USDT:USDT,0.2863,19083,0.2862,47882,0.2864,11315,0.2865,62606
1753617406227,11:56:46.227,mexc,1INCH/USDT:USDT,0.2863,19083,0.2862,46853,0.2864,11315,0.2865,62606
1753617406630,11:56:46.630,mexc,1INCH/USDT:USDT,0.2863,19083,0.2862,38419,0.2864,11315,0.2865,62606
1753617406728,11:56:46.728,mexc,1INCH/USDT:USDT,0.2863,19083,0.2862,38419,0.2864,11315,0.2865,62606
1753617407130,11:56:47.130,mexc,1INCH/USDT:USDT,0.2863,19083,0.2862,38419,0.2864,11315,0.2865,62606
1753617407229,11:56:47.229,mexc,1INCH/USDT:USDT,0.2863,19083,0.2862,43247,0.2864,11315,0.2865,79145
1753617407632,11:56:47.632,mexc,1INCH/USDT:USDT,0.2863,19083,0.2862,43247,0.2864,11315,0.2865,79145
1753617407730,11:56:47.730,mexc,1INCH/USDT:USDT,0.2863,19083,0.2862,38419,0.2864,11315,0.2865,62606
1753617408131,11:56:48.131,mexc,1INCH/USDT:USDT,0.2863,19083,0.2862,38419,0.2864,11315,0.2865,62606
1753617408231,11:56:48.231,mexc,1INCH/USDT:USDT,0.2863,19083,0.2862,38419,0.2864,11315,0.2865,62606
1753617408632,11:56:48.632,mexc,1INCH/USDT:USDT,0.2863,19083,0.2862,38419,0.2864,11315,0.2865,62606
