timestamp,time,exchange,symbol,bid1_price,bid1_volume,bid2_price,bid2_volume,ask1_price,ask1_volume,ask2_price,ask2_volume
1753617162000,11:52:42.000,gateio,ACH/USDT:USDT,0.02291,180.0,0.0229,3046.0,0.02292,20.0,0.02293,3.0
1753617163512,11:52:43.512,gateio,ACH/USDT:USDT,0.02291,180.0,0.0229,3046.0,0.02292,20.0,0.02293,3.0
1753617163616,11:52:43.616,gateio,ACH/USDT:USDT,0.02291,180.0,0.0229,3046.0,0.02292,20.0,0.02293,61.0
1753617163805,11:52:43.805,gateio,ACH/USDT:USDT,0.02291,6595.0,0.0229,3046.0,0.02292,20.0,0.02293,3.0
1753617163885,11:52:43.885,gateio,ACH/USDT:USDT,0.02292,178.0,0.02291,6595.0,0.02293,3.0,0.02294,175.0
1753617163935,11:52:43.935,gateio,ACH/USDT:USDT,0.02292,178.0,0.02291,6595.0,0.02293,3.0,0.02294,233.0
1753617164015,11:52:44.015,gateio,ACH/USDT:USDT,0.02292,178.0,0.02291,6595.0,0.02293,3.0,0.02294,175.0
1753617164385,11:52:44.385,gateio,ACH/USDT:USDT,0.02292,178.0,0.02291,6595.0,0.02293,3.0,0.02294,175.0
1753617164420,11:52:44.420,gateio,ACH/USDT:USDT,0.02292,178.0,0.02291,6595.0,0.02293,3.0,0.02294,233.0
1753617164516,11:52:44.516,gateio,ACH/USDT:USDT,0.02292,178.0,0.02291,6595.0,0.02293,3.0,0.02294,175.0
1753617164756,11:52:44.756,gateio,ACH/USDT:USDT,0.02292,178.0,0.02291,6595.0,0.02293,3.0,0.02294,175.0
1753617164843,11:52:44.843,gateio,ACH/USDT:USDT,0.02292,178.0,0.02291,6595.0,0.02293,3.0,0.02294,175.0
1753617165409,11:52:45.409,gateio,ACH/USDT:USDT,0.02292,178.0,0.02291,6595.0,0.02293,3.0,0.02294,175.0
1753617165509,11:52:45.509,gateio,ACH/USDT:USDT,0.02292,178.0,0.02291,6595.0,0.02293,3.0,0.02294,233.0
1753617165515,11:52:45.515,gateio,ACH/USDT:USDT,0.02292,178.0,0.02291,6595.0,0.02293,3.0,0.02294,175.0
1753617165878,11:52:45.878,gateio,ACH/USDT:USDT,0.02292,178.0,0.02291,6595.0,0.02293,3.0,0.02294,175.0
1753617165916,11:52:45.916,gateio,ACH/USDT:USDT,0.02292,178.0,0.02291,6595.0,0.02293,3.0,0.02294,233.0
1753617166015,11:52:46.015,gateio,ACH/USDT:USDT,0.02292,178.0,0.02291,6595.0,0.02293,3.0,0.02294,175.0
1753617166380,11:52:46.380,gateio,ACH/USDT:USDT,0.02292,178.0,0.02291,6595.0,0.02293,3.0,0.02294,175.0
1753617166416,11:52:46.416,gateio,ACH/USDT:USDT,0.02292,178.0,0.02291,6595.0,0.02293,3.0,0.02294,233.0
1753617166515,11:52:46.515,gateio,ACH/USDT:USDT,0.02292,178.0,0.02291,6595.0,0.02293,3.0,0.02294,175.0
1753617167181,11:52:47.181,gateio,ACH/USDT:USDT,0.02292,178.0,0.02291,6595.0,0.02293,3.0,0.02294,175.0
1753617167242,11:52:47.242,gateio,ACH/USDT:USDT,0.02292,178.0,0.02291,6595.0,0.02293,3.0,0.02294,233.0
1753617167315,11:52:47.315,gateio,ACH/USDT:USDT,0.02292,178.0,0.02291,6595.0,0.02293,3.0,0.02294,175.0
1753617168018,11:52:48.018,gateio,ACH/USDT:USDT,0.02292,178.0,0.02291,6595.0,0.02293,3.0,0.02294,175.0
1753617168118,11:52:48.118,gateio,ACH/USDT:USDT,0.02292,178.0,0.02291,6595.0,0.02293,3.0,0.02294,233.0
1753617168216,11:52:48.216,gateio,ACH/USDT:USDT,0.02292,178.0,0.02291,6595.0,0.02293,3.0,0.02294,175.0
1753617168893,11:52:48.893,gateio,ACH/USDT:USDT,0.02292,178.0,0.02291,6595.0,0.02293,3.0,0.02295,175.0
1753617168986,11:52:48.986,gateio,ACH/USDT:USDT,0.02293,175.0,0.02292,2157.0,0.02294,23.0,0.02295,233.0
1753617169074,11:52:49.074,gateio,ACH/USDT:USDT,0.02293,175.0,0.02292,2157.0,0.02294,23.0,0.02295,175.0
1753617169202,11:52:49.202,gateio,ACH/USDT:USDT,0.02293,175.0,0.02292,2157.0,0.02294,23.0,0.02295,175.0
1753617169284,11:52:49.284,gateio,ACH/USDT:USDT,0.02293,175.0,0.02292,2157.0,0.02294,23.0,0.02295,175.0
1753617169501,11:52:49.501,gateio,ACH/USDT:USDT,0.02293,175.0,0.02292,2157.0,0.02294,23.0,0.02295,175.0
1753617169556,11:52:49.556,gateio,ACH/USDT:USDT,0.02293,175.0,0.02292,2157.0,0.02294,23.0,0.02295,175.0
1753617169616,11:52:49.616,gateio,ACH/USDT:USDT,0.02293,175.0,0.02292,2157.0,0.02294,23.0,0.02295,175.0
1753617169804,11:52:49.804,gateio,ACH/USDT:USDT,0.02293,175.0,0.02292,2157.0,0.02294,23.0,0.02295,175.0
1753617170138,11:52:50.138,gateio,ACH/USDT:USDT,0.02293,175.0,0.02292,2157.0,0.02294,3.0,0.02295,175.0
1753617170296,11:52:50.296,gateio,ACH/USDT:USDT,0.02293,175.0,0.02292,2157.0,0.02294,3.0,0.02295,175.0
1753617170432,11:52:50.432,gateio,ACH/USDT:USDT,0.02293,175.0,0.02292,2157.0,0.02294,3.0,0.02295,175.0
1753617172041,11:52:52.041,gateio,ACH/USDT:USDT,0.02293,175.0,0.02292,2157.0,0.02294,3.0,0.02295,175.0
1753617173203,11:52:53.203,gateio,ACH/USDT:USDT,0.02293,175.0,0.02292,2157.0,0.02294,3.0,0.02295,175.0
1753617173256,11:52:53.256,gateio,ACH/USDT:USDT,0.02293,175.0,0.02292,2157.0,0.02294,3.0,0.02295,175.0
1753617173604,11:52:53.604,gateio,ACH/USDT:USDT,0.02292,2157.0,0.02291,6595.0,0.02294,3.0,0.02295,175.0
1753617173741,11:52:53.741,gateio,ACH/USDT:USDT,0.02292,2157.0,0.02291,6595.0,0.02294,3.0,0.02295,175.0
1753617173994,11:52:53.994,gateio,ACH/USDT:USDT,0.02293,175.0,0.02292,2157.0,0.02294,3.0,0.02295,175.0
1753617174953,11:52:54.953,gateio,ACH/USDT:USDT,0.02293,175.0,0.02292,2157.0,0.02294,3.0,0.02295,175.0
1753617175850,11:52:55.850,gateio,ACH/USDT:USDT,0.02293,175.0,0.02292,2157.0,0.02294,3.0,0.02295,175.0
1753617176466,11:52:56.466,gateio,ACH/USDT:USDT,0.02293,175.0,0.02292,2157.0,0.02294,3.0,0.02295,175.0
1753617176841,11:52:56.841,gateio,ACH/USDT:USDT,0.02293,175.0,0.02292,2157.0,0.02294,3.0,0.02295,175.0
1753617179305,11:52:59.305,gateio,ACH/USDT:USDT,0.02293,175.0,0.02292,2157.0,0.02294,3.0,0.02295,175.0
1753617179394,11:52:59.394,gateio,ACH/USDT:USDT,0.02292,2157.0,0.02291,6595.0,0.02294,3.0,0.02295,175.0
1753617179456,11:52:59.456,gateio,ACH/USDT:USDT,0.02292,2157.0,0.02291,6595.0,0.02294,181.0,0.02295,175.0
1753617179517,11:52:59.517,gateio,ACH/USDT:USDT,0.02292,2157.0,0.02291,6595.0,0.02294,178.0,0.02295,233.0
1753617179633,11:52:59.633,gateio,ACH/USDT:USDT,0.02292,2157.0,0.02291,6595.0,0.02295,175.0,0.02296,1243.0
1753617179732,11:52:59.732,gateio,ACH/USDT:USDT,0.02292,178.0,0.02291,6595.0,0.02293,20.0,0.02294,3.0
1753617179817,11:52:59.817,gateio,ACH/USDT:USDT,0.02292,178.0,0.02291,6595.0,0.02293,20.0,0.02294,61.0
1753617179921,11:52:59.921,gateio,ACH/USDT:USDT,0.02292,178.0,0.02291,6595.0,0.02293,20.0,0.02294,3.0
1753617180101,11:53:00.101,gateio,ACH/USDT:USDT,0.02292,178.0,0.02291,6595.0,0.02293,20.0,0.02294,3.0
1753617180495,11:53:00.495,gateio,ACH/USDT:USDT,0.02292,178.0,0.02291,6595.0,0.02293,20.0,0.02294,3.0
1753617180519,11:53:00.519,gateio,ACH/USDT:USDT,0.02292,178.0,0.02291,6595.0,0.02293,20.0,0.02294,61.0
1753617180616,11:53:00.616,gateio,ACH/USDT:USDT,0.02292,178.0,0.02291,6595.0,0.02293,20.0,0.02294,3.0
1753617180918,11:53:00.918,gateio,ACH/USDT:USDT,0.02292,178.0,0.02291,6595.0,0.02293,20.0,0.02294,3.0
1753617181016,11:53:01.016,gateio,ACH/USDT:USDT,0.02292,178.0,0.02291,6595.0,0.02293,20.0,0.02294,61.0
1753617181116,11:53:01.116,gateio,ACH/USDT:USDT,0.02292,178.0,0.02291,6595.0,0.02293,20.0,0.02294,3.0
1753617181642,11:53:01.642,gateio,ACH/USDT:USDT,0.02292,178.0,0.02291,6595.0,0.02293,20.0,0.02294,3.0
1753617181717,11:53:01.717,gateio,ACH/USDT:USDT,0.02292,178.0,0.02291,6595.0,0.02293,20.0,0.02294,61.0
1753617181815,11:53:01.815,gateio,ACH/USDT:USDT,0.02292,178.0,0.02291,6595.0,0.02293,20.0,0.02294,3.0
1753617182572,11:53:02.572,gateio,ACH/USDT:USDT,0.02292,178.0,0.02291,6595.0,0.02293,20.0,0.02294,3.0
1753617182685,11:53:02.685,gateio,ACH/USDT:USDT,0.02292,178.0,0.02291,6595.0,0.02293,20.0,0.02294,61.0
1753617182764,11:53:02.764,gateio,ACH/USDT:USDT,0.02293,178.0,0.02292,2157.0,0.02294,3.0,0.02295,175.0
1753617182816,11:53:02.816,gateio,ACH/USDT:USDT,0.02293,178.0,0.02292,2157.0,0.02294,3.0,0.02295,233.0
1753617182941,11:53:02.941,gateio,ACH/USDT:USDT,0.02293,178.0,0.02292,2157.0,0.02294,3.0,0.02295,175.0
1753617183588,11:53:03.588,gateio,ACH/USDT:USDT,0.02293,178.0,0.02292,2157.0,0.02294,3.0,0.02296,1243.0
1753617183704,11:53:03.704,gateio,ACH/USDT:USDT,0.02293,178.0,0.02292,2157.0,0.02295,181.0,0.02296,1068.0
1753617183777,11:53:03.777,gateio,ACH/USDT:USDT,0.02293,178.0,0.02292,2157.0,0.02295,178.0,0.02296,1010.0
1753617183899,11:53:03.899,gateio,ACH/USDT:USDT,0.02293,178.0,0.02292,2157.0,0.02295,178.0,0.02296,180.0
1753617183914,11:53:03.914,gateio,ACH/USDT:USDT,0.02293,178.0,0.02292,2157.0,0.02296,180.0,0.02297,1592.0
1753617184109,11:53:04.109,gateio,ACH/USDT:USDT,0.02293,178.0,0.02292,2157.0,0.02294,20.0,0.02295,3.0
1753617184132,11:53:04.132,gateio,ACH/USDT:USDT,0.02293,178.0,0.02292,2157.0,0.02294,20.0,0.02295,61.0
1753617184301,11:53:04.301,gateio,ACH/USDT:USDT,0.02293,178.0,0.02292,2157.0,0.02294,20.0,0.02295,3.0
1753617184349,11:53:04.349,gateio,ACH/USDT:USDT,0.02293,178.0,0.02292,2157.0,0.02294,20.0,0.02295,3.0
1753617186374,11:53:06.374,gateio,ACH/USDT:USDT,0.02293,178.0,0.02292,2157.0,0.02294,20.0,0.02295,3.0
1753617186452,11:53:06.452,gateio,ACH/USDT:USDT,0.02293,178.0,0.02292,2157.0,0.02294,20.0,0.02295,61.0
1753617186607,11:53:06.607,gateio,ACH/USDT:USDT,0.02293,178.0,0.02292,2157.0,0.02294,20.0,0.02295,3.0
1753617187805,11:53:07.805,gateio,ACH/USDT:USDT,0.02293,178.0,0.02292,2157.0,0.02294,20.0,0.02295,3.0
1753617187908,11:53:07.908,gateio,ACH/USDT:USDT,0.02293,178.0,0.02292,2157.0,0.02294,20.0,0.02295,61.0
1753617187947,11:53:07.947,gateio,ACH/USDT:USDT,0.02293,178.0,0.02292,2157.0,0.02294,20.0,0.02295,3.0
1753617188478,11:53:08.478,gateio,ACH/USDT:USDT,0.02293,178.0,0.02292,2157.0,0.02294,20.0,0.02295,3.0
1753617188518,11:53:08.518,gateio,ACH/USDT:USDT,0.02293,178.0,0.02292,2157.0,0.02294,20.0,0.02295,61.0
1753617188616,11:53:08.616,gateio,ACH/USDT:USDT,0.02293,178.0,0.02292,2157.0,0.02294,20.0,0.02295,3.0
1753617188932,11:53:08.932,gateio,ACH/USDT:USDT,0.02293,178.0,0.02292,2157.0,0.02294,20.0,0.02295,3.0
1753617189016,11:53:09.016,gateio,ACH/USDT:USDT,0.02293,178.0,0.02292,2157.0,0.02294,20.0,0.02295,61.0
1753617189115,11:53:09.115,gateio,ACH/USDT:USDT,0.02293,178.0,0.02292,2157.0,0.02294,20.0,0.02295,3.0
1753617189482,11:53:09.482,gateio,ACH/USDT:USDT,0.02293,178.0,0.02292,2157.0,0.02294,20.0,0.02295,3.0
1753617189673,11:53:09.673,gateio,ACH/USDT:USDT,0.02294,175.0,0.02293,6583.0,0.02295,3.0,0.02296,180.0
1753617189733,11:53:09.733,gateio,ACH/USDT:USDT,0.02294,175.0,0.02293,6583.0,0.02295,3.0,0.02296,238.0
1753617189832,11:53:09.832,gateio,ACH/USDT:USDT,0.02294,175.0,0.02293,6583.0,0.02295,3.0,0.02296,180.0
1753617190814,11:53:10.814,gateio,ACH/USDT:USDT,0.02294,175.0,0.02293,6583.0,0.02295,3.0,0.02296,180.0
1753617190916,11:53:10.916,gateio,ACH/USDT:USDT,0.02294,175.0,0.02293,6583.0,0.02295,3.0,0.02296,238.0
1753617191016,11:53:11.016,gateio,ACH/USDT:USDT,0.02294,175.0,0.02293,6583.0,0.02295,3.0,0.02296,180.0
1753617191243,11:53:11.243,gateio,ACH/USDT:USDT,0.02294,175.0,0.02293,6583.0,0.02295,3.0,0.02296,180.0
1753617194915,11:53:14.915,gateio,ACH/USDT:USDT,0.02294,175.0,0.02293,6583.0,0.02295,3.0,0.02296,180.0
1753617195017,11:53:15.017,gateio,ACH/USDT:USDT,0.02294,175.0,0.02293,6583.0,0.02295,3.0,0.02296,238.0
1753617195162,11:53:15.162,gateio,ACH/USDT:USDT,0.02294,175.0,0.02293,6583.0,0.02295,3.0,0.02296,180.0
1753617196042,11:53:16.042,gateio,ACH/USDT:USDT,0.02294,175.0,0.02293,6583.0,0.02295,3.0,0.02296,180.0
1753617196116,11:53:16.116,gateio,ACH/USDT:USDT,0.02294,175.0,0.02293,6583.0,0.02295,3.0,0.02296,238.0
1753617196275,11:53:16.275,gateio,ACH/USDT:USDT,0.02294,175.0,0.02293,6583.0,0.02295,3.0,0.02296,180.0
1753617196710,11:53:16.710,gateio,ACH/USDT:USDT,0.02294,175.0,0.02293,6583.0,0.02295,3.0,0.02296,180.0
1753617196809,11:53:16.809,gateio,ACH/USDT:USDT,0.02294,175.0,0.02293,6583.0,0.02295,3.0,0.02296,238.0
1753617196815,11:53:16.815,gateio,ACH/USDT:USDT,0.02294,175.0,0.02293,6583.0,0.02295,3.0,0.02296,180.0
1753617197699,11:53:17.699,gateio,ACH/USDT:USDT,0.02294,175.0,0.02293,6583.0,0.02295,3.0,0.02296,180.0
1753617197712,11:53:17.712,gateio,ACH/USDT:USDT,0.02294,175.0,0.02293,6583.0,0.02295,3.0,0.02296,180.0
1753617199083,11:53:19.083,gateio,ACH/USDT:USDT,0.02294,175.0,0.02293,6583.0,0.02295,3.0,0.02296,180.0
1753617199447,11:53:19.447,gateio,ACH/USDT:USDT,0.02294,175.0,0.02293,6583.0,0.02295,3.0,0.02296,180.0
1753617199686,11:53:19.686,gateio,ACH/USDT:USDT,0.02294,175.0,0.02293,6583.0,0.02295,3.0,0.02296,180.0
1753617199960,11:53:19.960,gateio,ACH/USDT:USDT,0.02293,6583.0,0.02292,1368.0,0.02295,3.0,0.02296,180.0
1753617200096,11:53:20.096,gateio,ACH/USDT:USDT,0.02294,175.0,0.02293,6583.0,0.02295,3.0,0.02296,180.0
1753617200242,11:53:20.242,gateio,ACH/USDT:USDT,0.02294,175.0,0.02293,6583.0,0.02295,3.0,0.02296,180.0
1753617200394,11:53:20.394,gateio,ACH/USDT:USDT,0.02294,175.0,0.02293,6583.0,0.02295,3.0,0.02296,180.0
1753617200490,11:53:20.490,gateio,ACH/USDT:USDT,0.02294,175.0,0.02293,6583.0,0.02295,3.0,0.02296,180.0
1753617200852,11:53:20.852,gateio,ACH/USDT:USDT,0.02294,175.0,0.02293,6583.0,0.02295,3.0,0.02296,180.0
1753617200960,11:53:20.960,gateio,ACH/USDT:USDT,0.02294,175.0,0.02293,6583.0,0.02295,3.0,0.02296,180.0
1753617202604,11:53:22.604,gateio,ACH/USDT:USDT,0.02294,175.0,0.02293,6583.0,0.02295,3.0,0.02296,180.0
1753617203845,11:53:23.845,gateio,ACH/USDT:USDT,0.02294,175.0,0.02293,6583.0,0.02295,3.0,0.02296,180.0
1753617205162,11:53:25.162,gateio,ACH/USDT:USDT,0.02294,175.0,0.02293,6583.0,0.02295,3.0,0.02296,180.0
1753617205642,11:53:25.642,gateio,ACH/USDT:USDT,0.02294,175.0,0.02293,6583.0,0.02295,3.0,0.02296,180.0
1753617206699,11:53:26.699,gateio,ACH/USDT:USDT,0.02294,175.0,0.02293,6583.0,0.02295,3.0,0.02296,180.0
1753617207896,11:53:27.896,gateio,ACH/USDT:USDT,0.02294,175.0,0.02293,6583.0,0.02295,3.0,0.02296,180.0
1753617207917,11:53:27.917,gateio,ACH/USDT:USDT,0.02294,175.0,0.02293,6583.0,0.02295,3.0,0.02296,238.0
1753617208017,11:53:28.017,gateio,ACH/USDT:USDT,0.02294,175.0,0.02293,6583.0,0.02295,3.0,0.02296,180.0
1753617210443,11:53:30.443,gateio,ACH/USDT:USDT,0.02294,175.0,0.02293,6583.0,0.02295,3.0,0.02296,180.0
1753617210515,11:53:30.515,gateio,ACH/USDT:USDT,0.02294,175.0,0.02293,6583.0,0.02295,3.0,0.02296,238.0
1753617210616,11:53:30.616,gateio,ACH/USDT:USDT,0.02294,175.0,0.02293,6583.0,0.02295,3.0,0.02296,180.0
1753617211702,11:53:31.702,gateio,ACH/USDT:USDT,0.02294,175.0,0.02293,6583.0,0.02295,3.0,0.02297,992.0
1753617211749,11:53:31.749,gateio,ACH/USDT:USDT,0.02295,175.0,0.02294,2150.0,0.02296,178.0,0.02297,238.0
1753617211906,11:53:31.906,gateio,ACH/USDT:USDT,0.02295,175.0,0.02294,2150.0,0.02296,198.0,0.02297,180.0
1753617211967,11:53:31.967,gateio,ACH/USDT:USDT,0.02295,175.0,0.02294,2150.0,0.02296,198.0,0.02297,180.0
1753617212109,11:53:32.109,gateio,ACH/USDT:USDT,0.02295,175.0,0.02294,2150.0,0.02296,198.0,0.02297,180.0
1753617212204,11:53:32.204,gateio,ACH/USDT:USDT,0.02295,175.0,0.02294,2150.0,0.02296,3.0,0.02297,180.0
1753617212241,11:53:32.241,gateio,ACH/USDT:USDT,0.02295,175.0,0.02294,2150.0,0.02296,3.0,0.02297,238.0
1753617212373,11:53:32.373,gateio,ACH/USDT:USDT,0.02295,175.0,0.02294,2150.0,0.02296,3.0,0.02297,180.0
1753617212502,11:53:32.502,gateio,ACH/USDT:USDT,0.02295,175.0,0.02294,2150.0,0.02296,3.0,0.02297,180.0
1753617212797,11:53:32.797,gateio,ACH/USDT:USDT,0.02295,175.0,0.02294,2150.0,0.02296,3.0,0.02297,180.0
1753617212816,11:53:32.816,gateio,ACH/USDT:USDT,0.02295,175.0,0.02294,2150.0,0.02296,3.0,0.02297,238.0
1753617212915,11:53:32.915,gateio,ACH/USDT:USDT,0.02295,175.0,0.02294,2150.0,0.02296,3.0,0.02297,180.0
1753617213182,11:53:33.182,gateio,ACH/USDT:USDT,0.02295,175.0,0.02294,2150.0,0.02296,3.0,0.02297,180.0
1753617213808,11:53:33.808,gateio,ACH/USDT:USDT,0.02295,175.0,0.02294,2150.0,0.02296,3.0,0.02297,180.0
1753617213825,11:53:33.825,gateio,ACH/USDT:USDT,0.02295,175.0,0.02294,2150.0,0.02296,3.0,0.02297,238.0
1753617213979,11:53:33.979,gateio,ACH/USDT:USDT,0.02295,175.0,0.02294,2150.0,0.02296,3.0,0.02297,180.0
1753617214203,11:53:34.203,gateio,ACH/USDT:USDT,0.02295,175.0,0.02294,2150.0,0.02296,3.0,0.02298,173.0
1753617214220,11:53:34.220,gateio,ACH/USDT:USDT,0.02295,175.0,0.02294,2150.0,0.02297,3.0,0.02298,173.0
1753617214403,11:53:34.403,gateio,ACH/USDT:USDT,0.02295,175.0,0.02294,2150.0,0.02296,20.0,0.02297,3.0
1753617214416,11:53:34.416,gateio,ACH/USDT:USDT,0.02295,175.0,0.02294,2150.0,0.02296,20.0,0.02297,61.0
1753617214516,11:53:34.516,gateio,ACH/USDT:USDT,0.02295,175.0,0.02294,2150.0,0.02296,20.0,0.02297,3.0
1753617214679,11:53:34.679,gateio,ACH/USDT:USDT,0.02294,2150.0,0.02293,6583.0,0.02296,175.0,0.02297,3.0
1753617214715,11:53:34.715,gateio,ACH/USDT:USDT,0.02294,2150.0,0.02293,6583.0,0.02296,175.0,0.02298,173.0
1753617214855,11:53:34.855,gateio,ACH/USDT:USDT,0.02294,2150.0,0.02293,6583.0,0.02297,175.0,0.02298,1006.0
1753617214939,11:53:34.939,gateio,ACH/USDT:USDT,0.02294,175.0,0.02293,6583.0,0.02295,20.0,0.02296,3.0
1753617215017,11:53:35.017,gateio,ACH/USDT:USDT,0.02294,175.0,0.02293,6583.0,0.02295,20.0,0.02296,61.0
1753617215115,11:53:35.115,gateio,ACH/USDT:USDT,0.02294,175.0,0.02293,6583.0,0.02295,20.0,0.02296,3.0
1753617215252,11:53:35.252,gateio,ACH/USDT:USDT,0.02294,175.0,0.02293,6583.0,0.02295,20.0,0.02296,3.0
1753617215599,11:53:35.599,gateio,ACH/USDT:USDT,0.02294,2150.0,0.02293,6583.0,0.02296,3.0,0.02297,175.0
1753617215668,11:53:35.668,gateio,ACH/USDT:USDT,0.02295,175.0,0.02294,2150.0,0.02296,3.0,0.02297,233.0
1753617215715,11:53:35.715,gateio,ACH/USDT:USDT,0.02295,175.0,0.02294,2150.0,0.02296,3.0,0.02297,175.0
1753617216053,11:53:36.053,gateio,ACH/USDT:USDT,0.02295,175.0,0.02294,2150.0,0.02296,3.0,0.02297,175.0
1753617216168,11:53:36.168,gateio,ACH/USDT:USDT,0.02295,175.0,0.02294,2150.0,0.02296,3.0,0.02297,233.0
1753617216215,11:53:36.215,gateio,ACH/USDT:USDT,0.02295,175.0,0.02294,2150.0,0.02296,3.0,0.02297,175.0
1753617216488,11:53:36.488,gateio,ACH/USDT:USDT,0.02295,175.0,0.02294,2150.0,0.02296,3.0,0.02297,175.0
1753617216955,11:53:36.955,gateio,ACH/USDT:USDT,0.02295,175.0,0.02294,2150.0,0.02296,3.0,0.02297,175.0
1753617217022,11:53:37.022,gateio,ACH/USDT:USDT,0.02295,175.0,0.02294,2150.0,0.02296,15.0,0.02297,233.0
1753617217209,11:53:37.209,gateio,ACH/USDT:USDT,0.02295,175.0,0.02294,2150.0,0.02296,15.0,0.02297,175.0
1753617218228,11:53:38.228,gateio,ACH/USDT:USDT,0.02295,175.0,0.02294,2150.0,0.02296,15.0,0.02297,175.0
1753617218316,11:53:38.316,gateio,ACH/USDT:USDT,0.02295,175.0,0.02294,2150.0,0.02296,15.0,0.02297,233.0
1753617218415,11:53:38.415,gateio,ACH/USDT:USDT,0.02295,175.0,0.02294,2150.0,0.02296,15.0,0.02297,175.0
1753617218536,11:53:38.536,gateio,ACH/USDT:USDT,0.02295,175.0,0.02294,2150.0,0.02296,15.0,0.02297,175.0
1753617218893,11:53:38.893,gateio,ACH/USDT:USDT,0.02295,175.0,0.02294,2150.0,0.02296,15.0,0.02297,175.0
1753617218917,11:53:38.917,gateio,ACH/USDT:USDT,0.02295,175.0,0.02294,2150.0,0.02296,15.0,0.02297,233.0
1753617219015,11:53:39.015,gateio,ACH/USDT:USDT,0.02295,175.0,0.02294,2150.0,0.02296,15.0,0.02297,175.0
1753617219826,11:53:39.826,gateio,ACH/USDT:USDT,0.02295,175.0,0.02294,2150.0,0.02296,15.0,0.02297,175.0
1753617219916,11:53:39.916,gateio,ACH/USDT:USDT,0.02295,175.0,0.02294,2150.0,0.02296,15.0,0.02297,233.0
1753617220043,11:53:40.043,gateio,ACH/USDT:USDT,0.02295,175.0,0.02294,2150.0,0.02296,15.0,0.02297,175.0
1753617220672,11:53:40.672,gateio,ACH/USDT:USDT,0.02295,175.0,0.02294,2150.0,0.02296,15.0,0.02297,175.0
1753617220729,11:53:40.729,gateio,ACH/USDT:USDT,0.02295,175.0,0.02294,2150.0,0.02296,15.0,0.02297,233.0
1753617220865,11:53:40.865,gateio,ACH/USDT:USDT,0.02295,175.0,0.02294,2150.0,0.02296,15.0,0.02297,175.0
1753617224854,11:53:44.854,gateio,ACH/USDT:USDT,0.02295,175.0,0.02294,2150.0,0.02296,15.0,0.02297,175.0
1753617226995,11:53:46.995,gateio,ACH/USDT:USDT,0.02295,175.0,0.02294,2150.0,0.02296,15.0,0.02297,175.0
1753617227019,11:53:47.019,gateio,ACH/USDT:USDT,0.02295,175.0,0.02294,2150.0,0.02296,15.0,0.02297,175.0
1753617227210,11:53:47.210,gateio,ACH/USDT:USDT,0.02295,175.0,0.02294,2150.0,0.02296,15.0,0.02298,1006.0
1753617227301,11:53:47.301,gateio,ACH/USDT:USDT,0.02295,175.0,0.02294,2150.0,0.02297,178.0,0.02298,173.0
1753617227351,11:53:47.351,gateio,ACH/USDT:USDT,0.02295,175.0,0.02294,2150.0,0.02297,175.0,0.02298,173.0
1753617227454,11:53:47.454,gateio,ACH/USDT:USDT,0.02295,175.0,0.02294,2150.0,0.02298,173.0,0.02299,985.0
1753617227609,11:53:47.609,gateio,ACH/USDT:USDT,0.02295,175.0,0.02294,2150.0,0.02297,3.0,0.02298,173.0
1753617227760,11:53:47.760,gateio,ACH/USDT:USDT,0.02295,175.0,0.02294,2150.0,0.02297,3.0,0.02298,173.0
1753617227911,11:53:47.911,gateio,ACH/USDT:USDT,0.02295,175.0,0.02294,2150.0,0.02297,3.0,0.02298,173.0
1753617228063,11:53:48.063,gateio,ACH/USDT:USDT,0.02295,175.0,0.02294,2150.0,0.02297,3.0,0.02298,173.0
1753617228168,11:53:48.168,gateio,ACH/USDT:USDT,0.02295,175.0,0.02294,2150.0,0.02297,3.0,0.02298,173.0
1753617228214,11:53:48.214,gateio,ACH/USDT:USDT,0.02295,175.0,0.02294,2150.0,0.02297,3.0,0.02298,173.0
1753617228587,11:53:48.587,gateio,ACH/USDT:USDT,0.02295,175.0,0.02294,2150.0,0.02297,3.0,0.02298,173.0
1753617228709,11:53:48.709,gateio,ACH/USDT:USDT,0.02295,175.0,0.02294,2150.0,0.02297,3.0,0.02298,173.0
1753617228777,11:53:48.777,gateio,ACH/USDT:USDT,0.02295,175.0,0.02294,2150.0,0.02297,3.0,0.02298,173.0
1753617229209,11:53:49.209,gateio,ACH/USDT:USDT,0.02295,175.0,0.02294,3316.0,0.02297,3.0,0.02298,173.0
1753617229482,11:53:49.482,gateio,ACH/USDT:USDT,0.02295,175.0,0.02294,3316.0,0.02297,3.0,0.02298,173.0
1753617229652,11:53:49.652,gateio,ACH/USDT:USDT,0.02295,175.0,0.02294,3316.0,0.02297,3.0,0.02298,173.0
1753617230405,11:53:50.405,gateio,ACH/USDT:USDT,0.02295,175.0,0.02294,4128.0,0.02297,3.0,0.02298,173.0
1753617230668,11:53:50.668,gateio,ACH/USDT:USDT,0.02295,175.0,0.02294,4128.0,0.02297,3.0,0.02298,173.0
1753617231173,11:53:51.173,gateio,ACH/USDT:USDT,0.02295,175.0,0.02294,4128.0,0.02297,3.0,0.02298,173.0
1753617231381,11:53:51.381,gateio,ACH/USDT:USDT,0.02295,175.0,0.02294,4128.0,0.02297,180.0,0.02298,173.0
1753617231416,11:53:51.416,gateio,ACH/USDT:USDT,0.02295,175.0,0.02294,4128.0,0.02297,177.0,0.02298,173.0
1753617231535,11:53:51.535,gateio,ACH/USDT:USDT,0.02295,175.0,0.02294,4128.0,0.02298,173.0,0.02299,985.0
1753617231690,11:53:51.690,gateio,ACH/USDT:USDT,0.02295,175.0,0.02294,4128.0,0.02297,3.0,0.02298,173.0
1753617231841,11:53:51.841,gateio,ACH/USDT:USDT,0.02295,175.0,0.02294,4128.0,0.02297,3.0,0.02298,173.0
1753617231992,11:53:51.992,gateio,ACH/USDT:USDT,0.02295,175.0,0.02294,4128.0,0.02297,180.0,0.02298,173.0
1753617232016,11:53:52.016,gateio,ACH/USDT:USDT,0.02295,175.0,0.02294,4128.0,0.02297,177.0,0.02298,173.0
1753617232145,11:53:52.145,gateio,ACH/USDT:USDT,0.02295,175.0,0.02294,4128.0,0.02298,173.0,0.02299,985.0
1753617232308,11:53:52.308,gateio,ACH/USDT:USDT,0.02295,175.0,0.02294,4128.0,0.02297,3.0,0.02298,173.0
1753617232504,11:53:52.504,gateio,ACH/USDT:USDT,0.02295,2027.0,0.02294,8148.0,0.02297,3.0,0.02298,173.0
1753617232608,11:53:52.608,gateio,ACH/USDT:USDT,0.02295,175.0,0.02294,3316.0,0.02297,180.0,0.02298,173.0
1753617232630,11:53:52.630,gateio,ACH/USDT:USDT,0.02295,175.0,0.02294,3316.0,0.02298,173.0,0.02299,985.0
1753617232767,11:53:52.767,gateio,ACH/USDT:USDT,0.02295,175.0,0.02294,3316.0,0.02297,3.0,0.02298,173.0
1753617232916,11:53:52.916,gateio,ACH/USDT:USDT,0.02295,175.0,0.02294,3316.0,0.02297,3.0,0.02298,173.0
1753617233078,11:53:53.078,gateio,ACH/USDT:USDT,0.02295,175.0,0.02294,3316.0,0.02297,3.0,0.02298,173.0
1753617233231,11:53:53.231,gateio,ACH/USDT:USDT,0.02295,175.0,0.02294,3316.0,0.02297,3.0,0.02298,173.0
1753617233451,11:53:53.451,gateio,ACH/USDT:USDT,0.02295,175.0,0.02294,3316.0,0.02297,3.0,0.02298,173.0
1753617233599,11:53:53.599,gateio,ACH/USDT:USDT,0.02295,175.0,0.02294,3316.0,0.02297,3.0,0.02298,173.0
1753617233750,11:53:53.750,gateio,ACH/USDT:USDT,0.02295,175.0,0.02294,3316.0,0.02297,3.0,0.02298,173.0
1753617233904,11:53:53.904,gateio,ACH/USDT:USDT,0.02295,175.0,0.02294,3316.0,0.02297,3.0,0.02298,173.0
1753617234071,11:53:54.071,gateio,ACH/USDT:USDT,0.02295,175.0,0.02294,3316.0,0.02297,180.0,0.02298,173.0
1753617234134,11:53:54.134,gateio,ACH/USDT:USDT,0.02295,512.0,0.02294,3316.0,0.02297,177.0,0.02298,173.0
1753617234280,11:53:54.280,gateio,ACH/USDT:USDT,0.02295,512.0,0.02294,3316.0,0.02298,173.0,0.02299,985.0
1753617234376,11:53:54.376,gateio,ACH/USDT:USDT,0.02295,512.0,0.02294,3316.0,0.02297,3.0,0.02298,173.0
1753617234443,11:53:54.443,gateio,ACH/USDT:USDT,0.02295,512.0,0.02294,3316.0,0.02297,3.0,0.02298,173.0
1753617234529,11:53:54.529,gateio,ACH/USDT:USDT,0.02295,512.0,0.02294,3316.0,0.02297,3.0,0.02298,173.0
1753617234700,11:53:54.700,gateio,ACH/USDT:USDT,0.02295,512.0,0.02294,3316.0,0.02297,3.0,0.02298,173.0
1753617234848,11:53:54.848,gateio,ACH/USDT:USDT,0.02295,512.0,0.02294,3316.0,0.02297,3.0,0.02298,173.0
1753617235008,11:53:55.008,gateio,ACH/USDT:USDT,0.02295,512.0,0.02294,3316.0,0.02297,180.0,0.02298,231.0
1753617235015,11:53:55.015,gateio,ACH/USDT:USDT,0.02295,512.0,0.02294,3316.0,0.02297,177.0,0.02298,173.0
1753617235161,11:53:55.161,gateio,ACH/USDT:USDT,0.02295,512.0,0.02294,3316.0,0.02298,173.0,0.02299,985.0
1753617235252,11:53:55.252,gateio,ACH/USDT:USDT,0.02295,512.0,0.02294,3316.0,0.02296,20.0,0.02297,3.0
1753617235316,11:53:55.316,gateio,ACH/USDT:USDT,0.02295,512.0,0.02294,3316.0,0.02296,20.0,0.02297,61.0
1753617235420,11:53:55.420,gateio,ACH/USDT:USDT,0.02295,512.0,0.02294,3316.0,0.02296,20.0,0.02297,3.0
1753617235516,11:53:55.516,gateio,ACH/USDT:USDT,0.02295,512.0,0.02294,3316.0,0.02296,20.0,0.02297,3.0
1753617236701,11:53:56.701,gateio,ACH/USDT:USDT,0.02295,512.0,0.02294,3316.0,0.02296,20.0,0.02297,3.0
1753617236733,11:53:56.733,gateio,ACH/USDT:USDT,0.02295,512.0,0.02294,3316.0,0.02296,20.0,0.02297,61.0
1753617236816,11:53:56.816,gateio,ACH/USDT:USDT,0.02295,512.0,0.02294,3316.0,0.02296,20.0,0.02297,3.0
1753617238798,11:53:58.798,gateio,ACH/USDT:USDT,0.02295,512.0,0.02294,3316.0,0.02296,20.0,0.02297,3.0
1753617238817,11:53:58.817,gateio,ACH/USDT:USDT,0.02295,512.0,0.02294,3316.0,0.02296,20.0,0.02297,61.0
1753617238915,11:53:58.915,gateio,ACH/USDT:USDT,0.02295,512.0,0.02294,3316.0,0.02296,20.0,0.02297,3.0
1753617239243,11:53:59.243,gateio,ACH/USDT:USDT,0.02295,512.0,0.02294,3316.0,0.02296,20.0,0.02297,3.0
1753617239316,11:53:59.316,gateio,ACH/USDT:USDT,0.02295,512.0,0.02294,3316.0,0.02296,20.0,0.02297,61.0
1753617239415,11:53:59.415,gateio,ACH/USDT:USDT,0.02295,512.0,0.02294,3316.0,0.02296,20.0,0.02297,3.0
1753617239698,11:53:59.698,gateio,ACH/USDT:USDT,0.02295,175.0,0.02294,3316.0,0.02297,3.0,0.02298,173.0
1753617239716,11:53:59.716,gateio,ACH/USDT:USDT,0.02295,175.0,0.02294,3316.0,0.02297,3.0,0.02298,231.0
1753617239866,11:53:59.866,gateio,ACH/USDT:USDT,0.02295,175.0,0.02294,3316.0,0.02297,3.0,0.02298,173.0
1753617240020,11:54:00.020,gateio,ACH/USDT:USDT,0.02295,175.0,0.02294,3316.0,0.02297,3.0,0.02298,173.0
1753617240170,11:54:00.170,gateio,ACH/USDT:USDT,0.02295,175.0,0.02294,3316.0,0.02297,175.0,0.02298,173.0
1753617240222,11:54:00.222,gateio,ACH/USDT:USDT,0.02295,175.0,0.02294,3316.0,0.02297,172.0,0.02298,231.0
1753617240332,11:54:00.332,gateio,ACH/USDT:USDT,0.02295,175.0,0.02294,3316.0,0.02298,173.0,0.02299,985.0
1753617240489,11:54:00.489,gateio,ACH/USDT:USDT,0.02295,175.0,0.02294,3316.0,0.02296,20.0,0.02297,3.0
1753617240609,11:54:00.609,gateio,ACH/USDT:USDT,0.02295,175.0,0.02294,3316.0,0.02296,20.0,0.02297,61.0
1753617240615,11:54:00.615,gateio,ACH/USDT:USDT,0.02295,175.0,0.02294,3316.0,0.02296,20.0,0.02297,3.0
1753617240818,11:54:00.818,gateio,ACH/USDT:USDT,0.02295,175.0,0.02294,3316.0,0.02296,20.0,0.02297,3.0
1753617241209,11:54:01.209,gateio,ACH/USDT:USDT,0.02295,175.0,0.02294,3316.0,0.02296,20.0,0.02297,3.0
1753617241259,11:54:01.259,gateio,ACH/USDT:USDT,0.02295,175.0,0.02294,3316.0,0.02296,20.0,0.02297,61.0
1753617241316,11:54:01.316,gateio,ACH/USDT:USDT,0.02295,175.0,0.02294,3316.0,0.02296,20.0,0.02297,3.0
1753617241826,11:54:01.826,gateio,ACH/USDT:USDT,0.02295,175.0,0.02294,3316.0,0.02296,20.0,0.02297,3.0
1753617241916,11:54:01.916,gateio,ACH/USDT:USDT,0.02295,175.0,0.02294,3316.0,0.02296,20.0,0.02297,61.0
1753617242016,11:54:02.016,gateio,ACH/USDT:USDT,0.02295,175.0,0.02294,3316.0,0.02296,20.0,0.02297,3.0
1753617242336,11:54:02.336,gateio,ACH/USDT:USDT,0.02295,175.0,0.02294,3316.0,0.02296,20.0,0.02297,3.0
1753617242498,11:54:02.498,gateio,ACH/USDT:USDT,0.02295,373.0,0.02294,3316.0,0.02297,3.0,0.02298,173.0
1753617242576,11:54:02.576,gateio,ACH/USDT:USDT,0.02295,175.0,0.02294,3316.0,0.02297,3.0,0.02298,173.0
1753617242708,11:54:02.708,gateio,ACH/USDT:USDT,0.02295,175.0,0.02294,3316.0,0.02297,3.0,0.02298,173.0
1753617242800,11:54:02.800,gateio,ACH/USDT:USDT,0.02295,175.0,0.02294,3316.0,0.02297,3.0,0.02298,173.0
1753617242948,11:54:02.948,gateio,ACH/USDT:USDT,0.02295,175.0,0.02294,3316.0,0.02297,175.0,0.02298,173.0
1753617243100,11:54:03.100,gateio,ACH/USDT:USDT,0.02295,175.0,0.02294,3316.0,0.02298,173.0,0.02299,985.0
1753617243117,11:54:03.117,gateio,ACH/USDT:USDT,0.02295,175.0,0.02294,3316.0,0.02297,3.0,0.02298,173.0
1753617243251,11:54:03.251,gateio,ACH/USDT:USDT,0.02295,175.0,0.02294,3316.0,0.02296,20.0,0.02297,175.0
1753617243316,11:54:03.316,gateio,ACH/USDT:USDT,0.02295,175.0,0.02294,3316.0,0.02296,20.0,0.02297,233.0
1753617243416,11:54:03.416,gateio,ACH/USDT:USDT,0.02295,175.0,0.02294,3316.0,0.02296,20.0,0.02297,175.0
1753617243512,11:54:03.512,gateio,ACH/USDT:USDT,0.02295,175.0,0.02294,3316.0,0.02296,20.0,0.02297,175.0
1753617243950,11:54:03.950,gateio,ACH/USDT:USDT,0.02295,175.0,0.02294,3316.0,0.02296,20.0,0.02297,175.0
1753617244079,11:54:04.079,gateio,ACH/USDT:USDT,0.02295,373.0,0.02294,3316.0,0.02297,175.0,0.02298,173.0
1753617244121,11:54:04.121,gateio,ACH/USDT:USDT,0.02295,373.0,0.02294,3316.0,0.02297,175.0,0.02298,231.0
1753617244273,11:54:04.273,gateio,ACH/USDT:USDT,0.02295,175.0,0.02294,3316.0,0.02298,173.0,0.02299,985.0
1753617244378,11:54:04.378,gateio,ACH/USDT:USDT,0.02295,175.0,0.02294,3316.0,0.02297,3.0,0.02298,173.0
1753617244425,11:54:04.425,gateio,ACH/USDT:USDT,0.02295,175.0,0.02294,3316.0,0.02297,3.0,0.02298,173.0
1753617244575,11:54:04.575,gateio,ACH/USDT:USDT,0.02295,175.0,0.02294,3316.0,0.02297,175.0,0.02298,173.0
1753617244621,11:54:04.621,gateio,ACH/USDT:USDT,0.02295,373.0,0.02294,3316.0,0.02297,172.0,0.02298,173.0
1753617244730,11:54:04.730,gateio,ACH/USDT:USDT,0.02295,373.0,0.02294,3316.0,0.02297,172.0,0.02298,231.0
1753617244820,11:54:04.820,gateio,ACH/USDT:USDT,0.02295,373.0,0.02294,3316.0,0.02296,20.0,0.02297,172.0
1753617244916,11:54:04.916,gateio,ACH/USDT:USDT,0.02295,373.0,0.02294,3316.0,0.02296,23.0,0.02297,172.0
1753617245119,11:54:05.119,gateio,ACH/USDT:USDT,0.02295,571.0,0.02294,3316.0,0.02296,3.0,0.02297,172.0
1753617245217,11:54:05.217,gateio,ACH/USDT:USDT,0.02295,175.0,0.02294,3316.0,0.02296,3.0,0.02297,172.0
1753617245597,11:54:05.597,gateio,ACH/USDT:USDT,0.02295,175.0,0.02294,3316.0,0.02296,3.0,0.02297,172.0
1753617246000,11:54:06.000,gateio,ACH/USDT:USDT,0.02294,3316.0,0.02293,6583.0,0.02296,3.0,0.02297,172.0
1753617246107,11:54:06.107,gateio,ACH/USDT:USDT,0.02295,172.0,0.02294,3316.0,0.02296,3.0,0.02297,172.0
1753617246148,11:54:06.148,gateio,ACH/USDT:USDT,0.02295,172.0,0.02294,3316.0,0.02296,3.0,0.02297,172.0
1753617246313,11:54:06.313,gateio,ACH/USDT:USDT,0.02295,172.0,0.02294,3316.0,0.02296,175.0,0.02298,173.0
1753617246416,11:54:06.416,gateio,ACH/USDT:USDT,0.02295,172.0,0.02294,3316.0,0.02296,172.0,0.02297,3.0
1753617247177,11:54:07.177,gateio,ACH/USDT:USDT,0.02294,4504.0,0.02293,6625.0,0.02296,172.0,0.02297,3.0
1753617247299,11:54:07.299,gateio,ACH/USDT:USDT,0.02295,818.0,0.02294,4702.0,0.02298,173.0,0.02299,985.0
1753617247334,11:54:07.334,gateio,ACH/USDT:USDT,0.02294,4504.0,0.02293,6625.0,0.02296,172.0,0.02297,3.0
1753617247477,11:54:07.477,gateio,ACH/USDT:USDT,0.02294,4504.0,0.02293,6625.0,0.02298,173.0,0.02299,985.0
1753617247523,11:54:07.523,gateio,ACH/USDT:USDT,0.02294,4504.0,0.02293,6625.0,0.02297,3.0,0.02298,173.0
1753617247674,11:54:07.674,gateio,ACH/USDT:USDT,0.02294,4504.0,0.02293,6625.0,0.02296,172.0,0.02297,3.0
1753617247715,11:54:07.715,gateio,ACH/USDT:USDT,0.02294,4504.0,0.02293,6625.0,0.02296,172.0,0.02298,173.0
1753617247902,11:54:07.902,gateio,ACH/USDT:USDT,0.02295,860.0,0.02294,4841.0,0.02298,173.0,0.02299,985.0
1753617247950,11:54:07.950,gateio,ACH/USDT:USDT,0.02294,3338.0,0.02293,6583.0,0.02296,172.0,0.02297,3.0
1753617248103,11:54:08.103,gateio,ACH/USDT:USDT,0.02294,3536.0,0.02293,6583.0,0.02298,173.0,0.02299,985.0
1753617248120,11:54:08.120,gateio,ACH/USDT:USDT,0.02294,3536.0,0.02293,6583.0,0.02296,172.0,0.02297,3.0
1753617248253,11:54:08.253,gateio,ACH/USDT:USDT,0.02294,3338.0,0.02293,6583.0,0.02296,172.0,0.02298,174.0
1753617248352,11:54:08.352,gateio,ACH/USDT:USDT,0.02294,3338.0,0.02293,6583.0,0.02298,173.0,0.02299,985.0
1753617248467,11:54:08.467,gateio,ACH/USDT:USDT,0.02294,3536.0,0.02293,6583.0,0.02296,178.0,0.02297,3.0
1753617248571,11:54:08.571,gateio,ACH/USDT:USDT,0.02294,3536.0,0.02293,6583.0,0.02298,173.0,0.02299,985.0
1753617248620,11:54:08.620,gateio,ACH/USDT:USDT,0.02294,3536.0,0.02293,6583.0,0.02296,178.0,0.02297,3.0
1753617248737,11:54:08.737,gateio,ACH/USDT:USDT,0.02294,3536.0,0.02293,6583.0,0.02296,178.0,0.02298,174.0
1753617248908,11:54:08.908,gateio,ACH/USDT:USDT,0.02294,3536.0,0.02293,6583.0,0.02298,173.0,0.02299,985.0
1753617249004,11:54:09.004,gateio,ACH/USDT:USDT,0.02294,3536.0,0.02293,7757.0,0.02296,178.0,0.02297,3.0
1753617249036,11:54:09.036,gateio,ACH/USDT:USDT,0.02294,3536.0,0.02293,7757.0,0.02296,179.0,0.02298,173.0
1753617249139,11:54:09.139,gateio,ACH/USDT:USDT,0.02294,3536.0,0.02293,7757.0,0.02298,173.0,0.02299,985.0
1753617249220,11:54:09.220,gateio,ACH/USDT:USDT,0.02294,3536.0,0.02293,7757.0,0.02296,178.0,0.02297,3.0
1753617249380,11:54:09.380,gateio,ACH/USDT:USDT,0.02294,3536.0,0.02293,7757.0,0.02298,173.0,0.02299,985.0
1753617249420,11:54:09.420,gateio,ACH/USDT:USDT,0.02294,3536.0,0.02293,7757.0,0.02296,178.0,0.02297,3.0
1753617249534,11:54:09.534,gateio,ACH/USDT:USDT,0.02294,3536.0,0.02293,7757.0,0.02296,178.0,0.02298,174.0
1753617249688,11:54:09.688,gateio,ACH/USDT:USDT,0.02294,3536.0,0.02293,7757.0,0.02298,173.0,0.02299,985.0
1753617249722,11:54:09.722,gateio,ACH/USDT:USDT,0.02294,3536.0,0.02293,7757.0,0.02296,178.0,0.02297,3.0
1753617249902,11:54:09.902,gateio,ACH/USDT:USDT,0.02294,3536.0,0.02293,7757.0,0.02298,173.0,0.02299,985.0
1753617249925,11:54:09.925,gateio,ACH/USDT:USDT,0.02294,3536.0,0.02293,7757.0,0.02296,178.0,0.02297,3.0
1753617250039,11:54:10.039,gateio,ACH/USDT:USDT,0.02294,3536.0,0.02293,7757.0,0.02296,178.0,0.02298,174.0
1753617250153,11:54:10.153,gateio,ACH/USDT:USDT,0.02294,3536.0,0.02293,7757.0,0.02298,173.0,0.02299,985.0
1753617250233,11:54:10.233,gateio,ACH/USDT:USDT,0.02294,3536.0,0.02293,7757.0,0.02296,178.0,0.02297,3.0
1753617250336,11:54:10.336,gateio,ACH/USDT:USDT,0.02294,3536.0,0.02293,7757.0,0.02296,178.0,0.02298,174.0
1753617250454,11:54:10.454,gateio,ACH/USDT:USDT,0.02294,3536.0,0.02293,7757.0,0.02298,173.0,0.02299,985.0
1753617250522,11:54:10.522,gateio,ACH/USDT:USDT,0.02294,3536.0,0.02293,7757.0,0.02296,178.0,0.02297,3.0
1753617250674,11:54:10.674,gateio,ACH/USDT:USDT,0.02294,3536.0,0.02293,7757.0,0.02298,173.0,0.02299,985.0
1753617250760,11:54:10.760,gateio,ACH/USDT:USDT,0.02294,3536.0,0.02293,7757.0,0.02297,3.0,0.02298,173.0
1753617250872,11:54:10.872,gateio,ACH/USDT:USDT,0.02294,3536.0,0.02293,7757.0,0.02296,178.0,0.02297,3.0
1753617250935,11:54:10.935,gateio,ACH/USDT:USDT,0.02294,3536.0,0.02293,7757.0,0.02296,178.0,0.02298,173.0
1753617251025,11:54:11.025,gateio,ACH/USDT:USDT,0.02294,3536.0,0.02293,7757.0,0.02298,173.0,0.02299,985.0
1753617251134,11:54:11.134,gateio,ACH/USDT:USDT,0.02294,3536.0,0.02293,7757.0,0.02297,3.0,0.02298,173.0
1753617251288,11:54:11.288,gateio,ACH/USDT:USDT,0.02294,3536.0,0.02293,7757.0,0.02296,178.0,0.02297,3.0
1753617251335,11:54:11.335,gateio,ACH/USDT:USDT,0.02294,3536.0,0.02293,7757.0,0.02296,178.0,0.02298,173.0
1753617251439,11:54:11.439,gateio,ACH/USDT:USDT,0.02294,3536.0,0.02293,7757.0,0.02298,173.0,0.02299,985.0
1753617251534,11:54:11.534,gateio,ACH/USDT:USDT,0.02294,3536.0,0.02293,7757.0,0.02297,3.0,0.02298,173.0
1753617251695,11:54:11.695,gateio,ACH/USDT:USDT,0.02294,3536.0,0.02293,7757.0,0.02296,178.0,0.02297,3.0
1753617251735,11:54:11.735,gateio,ACH/USDT:USDT,0.02294,3536.0,0.02293,7757.0,0.02296,178.0,0.02298,173.0
1753617251846,11:54:11.846,gateio,ACH/USDT:USDT,0.02294,3536.0,0.02293,7757.0,0.02298,173.0,0.02299,985.0
1753617251921,11:54:11.921,gateio,ACH/USDT:USDT,0.02294,3536.0,0.02293,7757.0,0.02297,3.0,0.02298,173.0
1753617252077,11:54:12.077,gateio,ACH/USDT:USDT,0.02294,3536.0,0.02293,7757.0,0.02296,178.0,0.02297,3.0
1753617252115,11:54:12.115,gateio,ACH/USDT:USDT,0.02294,3536.0,0.02293,7757.0,0.02296,178.0,0.02298,173.0
1753617252238,11:54:12.238,gateio,ACH/USDT:USDT,0.02294,3536.0,0.02293,7757.0,0.02298,173.0,0.02299,985.0
1753617252320,11:54:12.320,gateio,ACH/USDT:USDT,0.02294,3536.0,0.02293,7757.0,0.02297,3.0,0.02298,173.0
1753617252481,11:54:12.481,gateio,ACH/USDT:USDT,0.02294,3536.0,0.02293,7757.0,0.02296,178.0,0.02297,3.0
1753617252535,11:54:12.535,gateio,ACH/USDT:USDT,0.02294,3536.0,0.02293,7757.0,0.02296,178.0,0.02298,173.0
1753617252633,11:54:12.633,gateio,ACH/USDT:USDT,0.02294,3536.0,0.02293,7757.0,0.02298,173.0,0.02299,985.0
1753617252734,11:54:12.734,gateio,ACH/USDT:USDT,0.02294,3536.0,0.02293,7757.0,0.02297,3.0,0.02298,173.0
1753617252891,11:54:12.891,gateio,ACH/USDT:USDT,0.02294,3536.0,0.02293,7757.0,0.02296,178.0,0.02297,3.0
1753617252915,11:54:12.915,gateio,ACH/USDT:USDT,0.02294,3536.0,0.02293,7757.0,0.02296,178.0,0.02298,173.0
1753617253052,11:54:13.052,gateio,ACH/USDT:USDT,0.02294,3536.0,0.02293,7757.0,0.02298,173.0,0.02299,1585.0
1753617253121,11:54:13.121,gateio,ACH/USDT:USDT,0.02294,3536.0,0.02293,7757.0,0.02297,3.0,0.02298,173.0
1753617253280,11:54:13.280,gateio,ACH/USDT:USDT,0.02294,3536.0,0.02293,7757.0,0.02296,178.0,0.02297,3.0
1753617253315,11:54:13.315,gateio,ACH/USDT:USDT,0.02294,3536.0,0.02293,7757.0,0.02296,178.0,0.02298,173.0
1753617253432,11:54:13.432,gateio,ACH/USDT:USDT,0.02294,3536.0,0.02293,7757.0,0.02298,173.0,0.02299,1585.0
1753617253534,11:54:13.534,gateio,ACH/USDT:USDT,0.02294,3536.0,0.02293,7757.0,0.02297,3.0,0.02298,173.0
1753617253687,11:54:13.687,gateio,ACH/USDT:USDT,0.02295,178.0,0.02294,3338.0,0.02297,3.0,0.02298,173.0
1753617253736,11:54:13.736,gateio,ACH/USDT:USDT,0.02295,178.0,0.02294,3338.0,0.02297,3.0,0.02298,173.0
1753617253841,11:54:13.841,gateio,ACH/USDT:USDT,0.02295,178.0,0.02294,3338.0,0.02297,3.0,0.02298,173.0
1753617254004,11:54:14.004,gateio,ACH/USDT:USDT,0.02295,178.0,0.02294,3338.0,0.02297,181.0,0.02298,173.0
1753617254017,11:54:14.017,gateio,ACH/USDT:USDT,0.02295,178.0,0.02294,3338.0,0.02297,178.0,0.02298,173.0
1753617254157,11:54:14.157,gateio,ACH/USDT:USDT,0.02295,178.0,0.02294,3338.0,0.02298,173.0,0.02299,1585.0
1753617254216,11:54:14.216,gateio,ACH/USDT:USDT,0.02295,178.0,0.02294,3338.0,0.02297,3.0,0.02298,173.0
1753617254313,11:54:14.313,gateio,ACH/USDT:USDT,0.02295,178.0,0.02294,3338.0,0.02297,181.0,0.02298,173.0
1753617254464,11:54:14.464,gateio,ACH/USDT:USDT,0.02295,178.0,0.02294,3338.0,0.02298,173.0,0.02299,1585.0
1753617254557,11:54:14.557,gateio,ACH/USDT:USDT,0.02295,178.0,0.02294,3338.0,0.02297,3.0,0.02298,173.0
1753617254630,11:54:14.630,gateio,ACH/USDT:USDT,0.02295,178.0,0.02294,3338.0,0.02297,181.0,0.02298,173.0
1753617254783,11:54:14.783,gateio,ACH/USDT:USDT,0.02295,178.0,0.02294,3338.0,0.02298,173.0,0.02299,1585.0
1753617254816,11:54:14.816,gateio,ACH/USDT:USDT,0.02295,178.0,0.02294,3338.0,0.02297,3.0,0.02298,173.0
1753617254949,11:54:14.949,gateio,ACH/USDT:USDT,0.02295,178.0,0.02294,3338.0,0.02297,181.0,0.02298,173.0
1753617255091,11:54:15.091,gateio,ACH/USDT:USDT,0.02295,178.0,0.02294,3338.0,0.02298,173.0,0.02299,1585.0
1753617255116,11:54:15.116,gateio,ACH/USDT:USDT,0.02295,178.0,0.02294,3338.0,0.02297,3.0,0.02298,173.0
1753617255244,11:54:15.244,gateio,ACH/USDT:USDT,0.02295,178.0,0.02294,3338.0,0.02297,3.0,0.02298,173.0
1753617255396,11:54:15.396,gateio,ACH/USDT:USDT,0.02295,178.0,0.02294,3338.0,0.02297,181.0,0.02298,173.0
1753617255417,11:54:15.417,gateio,ACH/USDT:USDT,0.02295,178.0,0.02294,3338.0,0.02297,178.0,0.02298,231.0
1753617255549,11:54:15.549,gateio,ACH/USDT:USDT,0.02295,178.0,0.02294,3338.0,0.02298,173.0,0.02299,1585.0
1753617255617,11:54:15.617,gateio,ACH/USDT:USDT,0.02295,178.0,0.02294,3338.0,0.02297,3.0,0.02298,173.0
1753617255714,11:54:15.714,gateio,ACH/USDT:USDT,0.02295,178.0,0.02294,3338.0,0.02297,3.0,0.02298,173.0
1753617255864,11:54:15.864,gateio,ACH/USDT:USDT,0.02295,178.0,0.02294,3338.0,0.02297,181.0,0.02298,173.0
1753617255916,11:54:15.916,gateio,ACH/USDT:USDT,0.02295,178.0,0.02294,3338.0,0.02297,178.0,0.02298,173.0
1753617256039,11:54:16.039,gateio,ACH/USDT:USDT,0.02295,178.0,0.02294,3338.0,0.02297,178.0,0.02298,173.0
1753617256186,11:54:16.186,gateio,ACH/USDT:USDT,0.02295,178.0,0.02294,3338.0,0.02298,173.0,0.02299,1585.0
1753617256217,11:54:16.217,gateio,ACH/USDT:USDT,0.02295,178.0,0.02294,3338.0,0.02297,3.0,0.02298,173.0
1753617256359,11:54:16.359,gateio,ACH/USDT:USDT,0.02295,178.0,0.02294,3338.0,0.02296,178.0,0.02297,181.0
1753617256421,11:54:16.421,gateio,ACH/USDT:USDT,0.02295,178.0,0.02294,3338.0,0.02296,178.0,0.02297,181.0
1753617256744,11:54:16.744,gateio,ACH/USDT:USDT,0.02295,178.0,0.02294,3338.0,0.02296,178.0,0.02297,181.0
1753617256843,11:54:16.843,gateio,ACH/USDT:USDT,0.02295,178.0,0.02294,3338.0,0.02296,178.0,0.02297,239.0
1753617256915,11:54:16.915,gateio,ACH/USDT:USDT,0.02295,178.0,0.02294,3338.0,0.02296,178.0,0.02297,181.0
1753617257016,11:54:17.016,gateio,ACH/USDT:USDT,0.02295,178.0,0.02294,3338.0,0.02296,190.0,0.02297,181.0
1753617257135,11:54:17.135,gateio,ACH/USDT:USDT,0.02295,178.0,0.02294,3338.0,0.02296,190.0,0.02297,181.0
1753617258443,11:54:18.443,gateio,ACH/USDT:USDT,0.02295,178.0,0.02294,3338.0,0.02296,190.0,0.02297,181.0
1753617258516,11:54:18.516,gateio,ACH/USDT:USDT,0.02295,178.0,0.02294,3338.0,0.02296,190.0,0.02297,239.0
1753617258616,11:54:18.616,gateio,ACH/USDT:USDT,0.02295,178.0,0.02294,3338.0,0.02296,190.0,0.02297,181.0
1753617258729,11:54:18.729,gateio,ACH/USDT:USDT,0.02295,178.0,0.02294,3338.0,0.02296,190.0,0.02297,181.0
1753617258818,11:54:18.818,gateio,ACH/USDT:USDT,0.02295,178.0,0.02294,3338.0,0.02296,190.0,0.02297,181.0
1753617259208,11:54:19.208,gateio,ACH/USDT:USDT,0.02295,178.0,0.02294,3338.0,0.02296,190.0,0.02297,181.0
1753617259240,11:54:19.240,gateio,ACH/USDT:USDT,0.02295,178.0,0.02294,3338.0,0.02296,190.0,0.02297,239.0
1753617259315,11:54:19.315,gateio,ACH/USDT:USDT,0.02295,178.0,0.02294,3338.0,0.02296,190.0,0.02297,181.0
1753617259625,11:54:19.625,gateio,ACH/USDT:USDT,0.02295,178.0,0.02294,3338.0,0.02296,190.0,0.02297,181.0
1753617263243,11:54:23.243,gateio,ACH/USDT:USDT,0.02295,178.0,0.02294,3338.0,0.02296,190.0,0.02297,181.0
1753617263316,11:54:23.316,gateio,ACH/USDT:USDT,0.02295,178.0,0.02294,3338.0,0.02296,190.0,0.02297,239.0
1753617263415,11:54:23.415,gateio,ACH/USDT:USDT,0.02295,178.0,0.02294,3338.0,0.02296,190.0,0.02297,181.0
1753617266040,11:54:26.040,gateio,ACH/USDT:USDT,0.02295,178.0,0.02294,3338.0,0.02296,190.0,0.02297,181.0
1753617266122,11:54:26.122,gateio,ACH/USDT:USDT,0.02295,179.0,0.02294,3338.0,0.02296,192.0,0.02297,239.0
1753617266217,11:54:26.217,gateio,ACH/USDT:USDT,0.02295,179.0,0.02294,3338.0,0.02296,192.0,0.02297,181.0
1753617268044,11:54:28.044,gateio,ACH/USDT:USDT,0.02295,179.0,0.02294,3338.0,0.02296,192.0,0.02297,181.0
1753617268116,11:54:28.116,gateio,ACH/USDT:USDT,0.02295,179.0,0.02294,3338.0,0.02296,192.0,0.02297,239.0
1753617268217,11:54:28.217,gateio,ACH/USDT:USDT,0.02295,179.0,0.02294,3338.0,0.02296,192.0,0.02297,181.0
1753617269157,11:54:29.157,gateio,ACH/USDT:USDT,0.02295,1.0,0.02294,3338.0,0.02296,212.0,0.02297,181.0
1753617269233,11:54:29.233,gateio,ACH/USDT:USDT,0.02295,1.0,0.02294,3338.0,0.02296,192.0,0.02297,181.0
1753617272843,11:54:32.843,gateio,ACH/USDT:USDT,0.02295,1.0,0.02294,3338.0,0.02296,192.0,0.02297,181.0
1753617272916,11:54:32.916,gateio,ACH/USDT:USDT,0.02295,1.0,0.02294,3338.0,0.02296,192.0,0.02297,239.0
1753617273015,11:54:33.015,gateio,ACH/USDT:USDT,0.02295,1.0,0.02294,3338.0,0.02296,192.0,0.02297,181.0
1753617273587,11:54:33.587,gateio,ACH/USDT:USDT,0.02295,1.0,0.02294,3338.0,0.02296,192.0,0.02297,181.0
1753617273616,11:54:33.616,gateio,ACH/USDT:USDT,0.02295,1.0,0.02294,3338.0,0.02296,192.0,0.02297,239.0
1753617273717,11:54:33.717,gateio,ACH/USDT:USDT,0.02295,1.0,0.02294,3338.0,0.02296,192.0,0.02297,181.0
1753617274402,11:54:34.402,gateio,ACH/USDT:USDT,0.02295,1.0,0.02294,3338.0,0.02296,192.0,0.02297,181.0
1753617274415,11:54:34.415,gateio,ACH/USDT:USDT,0.02295,1.0,0.02294,3338.0,0.02296,192.0,0.02297,239.0
1753617274515,11:54:34.515,gateio,ACH/USDT:USDT,0.02295,1.0,0.02294,3338.0,0.02296,192.0,0.02297,181.0
1753617276728,11:54:36.728,gateio,ACH/USDT:USDT,0.02295,1.0,0.02294,3338.0,0.02296,192.0,0.02297,181.0
1753617276817,11:54:36.817,gateio,ACH/USDT:USDT,0.02295,1.0,0.02294,3338.0,0.02296,192.0,0.02297,239.0
1753617276916,11:54:36.916,gateio,ACH/USDT:USDT,0.02295,1.0,0.02294,3338.0,0.02296,192.0,0.02297,181.0
1753617277025,11:54:37.025,gateio,ACH/USDT:USDT,0.02295,2.0,0.02294,3338.0,0.02296,213.0,0.02297,181.0
1753617277648,11:54:37.648,gateio,ACH/USDT:USDT,0.02295,2.0,0.02294,3338.0,0.02296,193.0,0.02297,181.0
1753617277717,11:54:37.717,gateio,ACH/USDT:USDT,0.02295,2.0,0.02294,3338.0,0.02296,193.0,0.02297,239.0
1753617277815,11:54:37.815,gateio,ACH/USDT:USDT,0.02295,2.0,0.02294,3338.0,0.02296,193.0,0.02297,181.0
1753617277975,11:54:37.975,gateio,ACH/USDT:USDT,0.02295,2.0,0.02294,3338.0,0.02296,193.0,0.02297,181.0
1753617278272,11:54:38.272,gateio,ACH/USDT:USDT,0.02295,2.0,0.02294,3338.0,0.02296,193.0,0.02297,181.0
1753617278318,11:54:38.318,gateio,ACH/USDT:USDT,0.02295,2.0,0.02294,3338.0,0.02296,193.0,0.02297,239.0
1753617278416,11:54:38.416,gateio,ACH/USDT:USDT,0.02295,2.0,0.02294,3338.0,0.02296,193.0,0.02297,181.0
1753617278658,11:54:38.658,gateio,ACH/USDT:USDT,0.02295,2.0,0.02294,3338.0,0.02296,193.0,0.02297,181.0
1753617279008,11:54:39.008,gateio,ACH/USDT:USDT,0.02295,2.0,0.02294,3338.0,0.02296,193.0,0.02297,181.0
1753617279108,11:54:39.108,gateio,ACH/USDT:USDT,0.02295,2.0,0.02294,3338.0,0.02296,193.0,0.02297,239.0
1753617279116,11:54:39.116,gateio,ACH/USDT:USDT,0.02295,2.0,0.02294,3338.0,0.02296,193.0,0.02297,181.0
1753617282444,11:54:42.444,gateio,ACH/USDT:USDT,0.02295,2.0,0.02294,3338.0,0.02296,193.0,0.02297,181.0
1753617282517,11:54:42.517,gateio,ACH/USDT:USDT,0.02295,2.0,0.02294,3338.0,0.02296,193.0,0.02297,239.0
1753617282615,11:54:42.615,gateio,ACH/USDT:USDT,0.02295,2.0,0.02294,3338.0,0.02296,193.0,0.02297,181.0
1753617283877,11:54:43.877,gateio,ACH/USDT:USDT,0.02295,2.0,0.02294,3338.0,0.02296,193.0,0.02297,181.0
1753617284379,11:54:44.379,gateio,ACH/USDT:USDT,0.02295,2.0,0.02294,3338.0,0.02296,193.0,0.02297,993.0
1753617287252,11:54:47.252,gateio,ACH/USDT:USDT,0.02295,2.0,0.02294,3338.0,0.02296,193.0,0.02297,993.0
1753617287977,11:54:47.977,gateio,ACH/USDT:USDT,0.02295,2.0,0.02294,2150.0,0.02296,193.0,0.02297,993.0
1753617289240,11:54:49.240,gateio,ACH/USDT:USDT,0.02295,2.0,0.02294,2150.0,0.02296,193.0,0.02297,993.0
1753617289319,11:54:49.319,gateio,ACH/USDT:USDT,0.02295,2.0,0.02294,2150.0,0.02296,193.0,0.02297,993.0
1753617289708,11:54:49.708,gateio,ACH/USDT:USDT,0.02295,175.0,0.02294,2150.0,0.02296,193.0,0.02297,993.0
1753617290267,11:54:50.267,gateio,ACH/USDT:USDT,0.02295,175.0,0.02294,2150.0,0.02296,15.0,0.02297,993.0
1753617290311,11:54:50.311,gateio,ACH/USDT:USDT,0.02295,175.0,0.02294,2150.0,0.02296,15.0,0.02297,993.0
1753617292089,11:54:52.089,gateio,ACH/USDT:USDT,0.02295,175.0,0.02294,2150.0,0.02296,15.0,0.02297,993.0
1753617294303,11:54:54.303,gateio,ACH/USDT:USDT,0.02295,175.0,0.02294,2150.0,0.02296,15.0,0.02297,993.0
1753617294316,11:54:54.316,gateio,ACH/USDT:USDT,0.02295,175.0,0.02294,2150.0,0.02296,15.0,0.02297,1051.0
1753617294415,11:54:54.415,gateio,ACH/USDT:USDT,0.02295,175.0,0.02294,2150.0,0.02296,15.0,0.02297,993.0
1753617296846,11:54:56.846,gateio,ACH/USDT:USDT,0.02295,175.0,0.02294,2150.0,0.02296,15.0,0.02297,993.0
1753617296917,11:54:56.917,gateio,ACH/USDT:USDT,0.02295,175.0,0.02294,2150.0,0.02296,15.0,0.02297,1051.0
1753617297017,11:54:57.017,gateio,ACH/USDT:USDT,0.02295,175.0,0.02294,2150.0,0.02296,15.0,0.02297,993.0
1753617299535,11:54:59.535,gateio,ACH/USDT:USDT,0.02295,175.0,0.02294,2150.0,0.02296,15.0,0.02297,993.0
1753617299616,11:54:59.616,gateio,ACH/USDT:USDT,0.02295,175.0,0.02294,2150.0,0.02296,15.0,0.02297,1051.0
1753617299717,11:54:59.717,gateio,ACH/USDT:USDT,0.02295,175.0,0.02294,2150.0,0.02296,15.0,0.02297,993.0
1753617300473,11:55:00.473,gateio,ACH/USDT:USDT,0.02295,175.0,0.02294,2150.0,0.02296,15.0,0.02297,993.0
1753617300516,11:55:00.516,gateio,ACH/USDT:USDT,0.02295,175.0,0.02294,2150.0,0.02296,15.0,0.02297,1051.0
1753617300615,11:55:00.615,gateio,ACH/USDT:USDT,0.02295,175.0,0.02294,2150.0,0.02296,15.0,0.02297,993.0
1753617301008,11:55:01.008,gateio,ACH/USDT:USDT,0.02295,2.0,0.02294,2150.0,0.02296,192.0,0.02297,993.0
1753617301032,11:55:01.032,gateio,ACH/USDT:USDT,0.02295,2.0,0.02294,2150.0,0.02296,192.0,0.02297,993.0
1753617301206,11:55:01.206,gateio,ACH/USDT:USDT,0.02295,179.0,0.02294,2150.0,0.02296,15.0,0.02297,1051.0
1753617301215,11:55:01.215,gateio,ACH/USDT:USDT,0.02295,179.0,0.02294,2150.0,0.02296,15.0,0.02297,993.0
1753617301460,11:55:01.460,gateio,ACH/USDT:USDT,0.02295,179.0,0.02294,2150.0,0.02296,15.0,0.02297,993.0
1753617301652,11:55:01.652,gateio,ACH/USDT:USDT,0.02295,179.0,0.02294,2150.0,0.02296,15.0,0.02297,993.0
1753617301717,11:55:01.717,gateio,ACH/USDT:USDT,0.02295,179.0,0.02294,2150.0,0.02296,15.0,0.02297,1051.0
1753617301819,11:55:01.819,gateio,ACH/USDT:USDT,0.02295,179.0,0.02294,2150.0,0.02296,15.0,0.02297,993.0
1753617303593,11:55:03.593,gateio,ACH/USDT:USDT,0.02295,2.0,0.02294,2150.0,0.02296,192.0,0.02297,993.0
1753617303662,11:55:03.662,gateio,ACH/USDT:USDT,0.02295,2.0,0.02294,2150.0,0.02296,212.0,0.02297,993.0
1753617304570,11:55:04.570,gateio,ACH/USDT:USDT,0.02295,2.0,0.02294,2150.0,0.02296,212.0,0.02297,993.0
1753617304640,11:55:04.640,gateio,ACH/USDT:USDT,0.02295,2.0,0.02294,2150.0,0.02296,212.0,0.02297,1051.0
1753617304722,11:55:04.722,gateio,ACH/USDT:USDT,0.02295,2.0,0.02294,2150.0,0.02296,212.0,0.02297,993.0
1753617305113,11:55:05.113,gateio,ACH/USDT:USDT,0.02295,2.0,0.02294,2150.0,0.02296,212.0,0.02297,993.0
1753617305222,11:55:05.222,gateio,ACH/USDT:USDT,0.02295,2.0,0.02294,2150.0,0.02296,212.0,0.02297,1051.0
1753617305400,11:55:05.400,gateio,ACH/USDT:USDT,0.02295,2.0,0.02294,2150.0,0.02296,212.0,0.02297,993.0
1753617306446,11:55:06.446,gateio,ACH/USDT:USDT,0.02295,2.0,0.02294,2150.0,0.02296,212.0,0.02297,993.0
1753617306524,11:55:06.524,gateio,ACH/USDT:USDT,0.02295,2.0,0.02294,2150.0,0.02296,212.0,0.02297,1051.0
1753617306618,11:55:06.618,gateio,ACH/USDT:USDT,0.02295,2.0,0.02294,2150.0,0.02296,212.0,0.02297,993.0
1753617307685,11:55:07.685,gateio,ACH/USDT:USDT,0.02295,2.0,0.02294,2150.0,0.02296,212.0,0.02297,993.0
1753617307792,11:55:07.792,gateio,ACH/USDT:USDT,0.02295,2.0,0.02294,2150.0,0.02296,212.0,0.02297,1051.0
1753617307815,11:55:07.815,gateio,ACH/USDT:USDT,0.02295,2.0,0.02294,2150.0,0.02296,212.0,0.02297,993.0
1753617309715,11:55:09.715,gateio,ACH/USDT:USDT,0.02295,2.0,0.02294,2150.0,0.02296,212.0,0.02297,993.0
1753617309816,11:55:09.816,gateio,ACH/USDT:USDT,0.02295,2.0,0.02294,2150.0,0.02296,212.0,0.02297,1051.0
1753617309916,11:55:09.916,gateio,ACH/USDT:USDT,0.02295,2.0,0.02294,2150.0,0.02296,212.0,0.02297,993.0
1753617310108,11:55:10.108,gateio,ACH/USDT:USDT,0.02295,2.0,0.02294,2150.0,0.02296,212.0,0.02297,993.0
1753617310452,11:55:10.452,gateio,ACH/USDT:USDT,0.02295,2.0,0.02294,2150.0,0.02296,212.0,0.02297,993.0
1753617310516,11:55:10.516,gateio,ACH/USDT:USDT,0.02295,2.0,0.02294,2150.0,0.02296,212.0,0.02297,1051.0
1753617310616,11:55:10.616,gateio,ACH/USDT:USDT,0.02295,2.0,0.02294,2150.0,0.02296,212.0,0.02297,993.0
1753617311113,11:55:11.113,gateio,ACH/USDT:USDT,0.02295,2.0,0.02294,2150.0,0.02296,212.0,0.02297,993.0
1753617311245,11:55:11.245,gateio,ACH/USDT:USDT,0.02295,2.0,0.02294,2150.0,0.02296,212.0,0.02297,1051.0
1753617311315,11:55:11.315,gateio,ACH/USDT:USDT,0.02295,2.0,0.02294,2150.0,0.02296,212.0,0.02297,993.0
1753617312325,11:55:12.325,gateio,ACH/USDT:USDT,0.02295,2.0,0.02294,2150.0,0.02296,212.0,0.02297,993.0
1753617312417,11:55:12.417,gateio,ACH/USDT:USDT,0.02295,2.0,0.02294,2150.0,0.02296,212.0,0.02297,1051.0
1753617312515,11:55:12.515,gateio,ACH/USDT:USDT,0.02295,2.0,0.02294,2150.0,0.02296,212.0,0.02297,993.0
1753617314372,11:55:14.372,gateio,ACH/USDT:USDT,0.02295,2.0,0.02294,2150.0,0.02296,212.0,0.02297,993.0
1753617314416,11:55:14.416,gateio,ACH/USDT:USDT,0.02295,2.0,0.02294,2150.0,0.02296,212.0,0.02297,1051.0
1753617314516,11:55:14.516,gateio,ACH/USDT:USDT,0.02295,2.0,0.02294,2150.0,0.02296,212.0,0.02297,993.0
1753617315393,11:55:15.393,gateio,ACH/USDT:USDT,0.02295,2.0,0.02294,2150.0,0.02296,212.0,0.02297,993.0
1753617315416,11:55:15.416,gateio,ACH/USDT:USDT,0.02295,2.0,0.02294,2150.0,0.02296,212.0,0.02297,1051.0
1753617315515,11:55:15.515,gateio,ACH/USDT:USDT,0.02295,2.0,0.02294,2150.0,0.02296,212.0,0.02297,993.0
1753617316045,11:55:16.045,gateio,ACH/USDT:USDT,0.02295,2.0,0.02294,2150.0,0.02296,212.0,0.02297,993.0
1753617316117,11:55:16.117,gateio,ACH/USDT:USDT,0.02295,2.0,0.02294,2150.0,0.02296,212.0,0.02297,1051.0
1753617316215,11:55:16.215,gateio,ACH/USDT:USDT,0.02295,2.0,0.02294,2150.0,0.02296,212.0,0.02297,993.0
1753617319153,11:55:19.153,gateio,ACH/USDT:USDT,0.02295,2.0,0.02293,6583.0,0.02296,212.0,0.02297,993.0
1753617319291,11:55:19.291,gateio,ACH/USDT:USDT,0.02294,1.0,0.02293,6583.0,0.02295,172.0,0.02296,192.0
1753617319609,11:55:19.609,gateio,ACH/USDT:USDT,0.02294,1.0,0.02293,6583.0,0.02295,172.0,0.02296,192.0
1753617319610,11:55:19.610,gateio,ACH/USDT:USDT,0.02294,1.0,0.02293,6583.0,0.02295,172.0,0.02296,192.0
1753617319737,11:55:19.737,gateio,ACH/USDT:USDT,0.02294,1.0,0.02293,6583.0,0.02295,175.0,0.02296,192.0
1753617319909,11:55:19.909,gateio,ACH/USDT:USDT,0.02294,1.0,0.02293,6583.0,0.02295,175.0,0.02296,192.0
1753617320137,11:55:20.137,gateio,ACH/USDT:USDT,0.02294,1.0,0.02293,6583.0,0.02295,175.0,0.02296,192.0
1753617320214,11:55:20.214,gateio,ACH/USDT:USDT,0.02294,1.0,0.02293,6583.0,0.02295,175.0,0.02296,192.0
1753617320400,11:55:20.400,gateio,ACH/USDT:USDT,0.02294,1.0,0.02293,178.0,0.02295,175.0,0.02296,192.0
1753617320462,11:55:20.462,gateio,ACH/USDT:USDT,0.02294,1.0,0.02293,178.0,0.02295,175.0,0.02296,192.0
1753617320576,11:55:20.576,gateio,ACH/USDT:USDT,0.02294,1.0,0.02292,2146.0,0.02295,175.0,0.02296,192.0
1753617320636,11:55:20.636,gateio,ACH/USDT:USDT,0.02293,173.0,0.02292,2146.0,0.02295,175.0,0.02296,192.0
1753617320732,11:55:20.732,gateio,ACH/USDT:USDT,0.02293,172.0,0.02292,2146.0,0.02296,177.0,0.02297,990.0
1753617320886,11:55:20.886,gateio,ACH/USDT:USDT,0.02294,1.0,0.02293,172.0,0.02295,5.0,0.02296,177.0
1753617321035,11:55:21.035,gateio,ACH/USDT:USDT,0.02294,1.0,0.02293,172.0,0.02295,177.0,0.02296,177.0
1753617321799,11:55:21.799,gateio,ACH/USDT:USDT,0.02294,1.0,0.02293,172.0,0.02295,177.0,0.02296,177.0
1753617321936,11:55:21.936,gateio,ACH/USDT:USDT,0.02294,1.0,0.02293,172.0,0.02295,177.0,0.02296,177.0
1753617322099,11:55:22.099,gateio,ACH/USDT:USDT,0.02294,1.0,0.02293,172.0,0.02295,177.0,0.02296,177.0
1753617322421,11:55:22.421,gateio,ACH/USDT:USDT,0.02294,1.0,0.02293,172.0,0.02295,177.0,0.02296,177.0
1753617323391,11:55:23.391,gateio,ACH/USDT:USDT,0.02294,1.0,0.02293,172.0,0.02295,177.0,0.02296,177.0
1753617323704,11:55:23.704,gateio,ACH/USDT:USDT,0.02294,1.0,0.02293,172.0,0.02295,5.0,0.02296,177.0
1753617323755,11:55:23.755,gateio,ACH/USDT:USDT,0.02294,1.0,0.02293,172.0,0.02295,177.0,0.02296,177.0
1753617324287,11:55:24.287,gateio,ACH/USDT:USDT,0.02294,1.0,0.02293,172.0,0.02295,5.0,0.02296,177.0
1753617324408,11:55:24.408,gateio,ACH/USDT:USDT,0.02294,1.0,0.02293,172.0,0.02295,5.0,0.02296,177.0
1753617324552,11:55:24.552,gateio,ACH/USDT:USDT,0.02294,1.0,0.02293,172.0,0.02295,5.0,0.02296,177.0
1753617324693,11:55:24.693,gateio,ACH/USDT:USDT,0.02294,1.0,0.02293,172.0,0.02295,5.0,0.02296,177.0
1753617324845,11:55:24.845,gateio,ACH/USDT:USDT,0.02294,1.0,0.02293,172.0,0.02295,5.0,0.02296,177.0
1753617324997,11:55:24.997,gateio,ACH/USDT:USDT,0.02294,1.0,0.02293,172.0,0.02295,5.0,0.02296,177.0
1753617325200,11:55:25.200,gateio,ACH/USDT:USDT,0.02294,173.0,0.02293,172.0,0.02295,5.0,0.02296,177.0
1753617325237,11:55:25.237,gateio,ACH/USDT:USDT,0.02294,1.0,0.02293,172.0,0.02295,5.0,0.02296,177.0
1753617325352,11:55:25.352,gateio,ACH/USDT:USDT,0.02294,1.0,0.02293,172.0,0.02295,177.0,0.02296,177.0
1753617325645,11:55:25.645,gateio,ACH/USDT:USDT,0.02294,1.0,0.02293,172.0,0.02295,177.0,0.02296,177.0
1753617326076,11:55:26.076,gateio,ACH/USDT:USDT,0.02294,1.0,0.02293,172.0,0.02295,177.0,0.02296,177.0
1753617326999,11:55:26.999,gateio,ACH/USDT:USDT,0.02294,1.0,0.02293,172.0,0.02295,177.0,0.02296,177.0
1753617327016,11:55:27.016,gateio,ACH/USDT:USDT,0.02294,2.0,0.02293,172.0,0.02295,190.0,0.02296,177.0
1753617327684,11:55:27.684,gateio,ACH/USDT:USDT,0.02294,2.0,0.02293,172.0,0.02295,190.0,0.02296,177.0
1753617328176,11:55:28.176,gateio,ACH/USDT:USDT,0.02294,2.0,0.02293,172.0,0.02295,190.0,0.02296,177.0
1753617328298,11:55:28.298,gateio,ACH/USDT:USDT,0.02294,2.0,0.02293,172.0,0.02295,190.0,0.02296,177.0
1753617330406,11:55:30.406,gateio,ACH/USDT:USDT,0.02294,2.0,0.02293,172.0,0.02295,190.0,0.02296,177.0
1753617330445,11:55:30.445,gateio,ACH/USDT:USDT,0.02294,2.0,0.02293,172.0,0.02295,190.0,0.02296,235.0
1753617330516,11:55:30.516,gateio,ACH/USDT:USDT,0.02294,2.0,0.02293,172.0,0.02295,190.0,0.02296,177.0
1753617330960,11:55:30.960,gateio,ACH/USDT:USDT,0.02294,2.0,0.02293,172.0,0.02295,190.0,0.02296,177.0
1753617331016,11:55:31.016,gateio,ACH/USDT:USDT,0.02294,2.0,0.02293,172.0,0.02295,190.0,0.02296,235.0
1753617331155,11:55:31.155,gateio,ACH/USDT:USDT,0.02294,2.0,0.02293,172.0,0.02295,190.0,0.02296,177.0
1753617331323,11:55:31.323,gateio,ACH/USDT:USDT,0.02294,2.0,0.02293,172.0,0.02295,190.0,0.02296,177.0
1753617331727,11:55:31.727,gateio,ACH/USDT:USDT,0.02294,2.0,0.02293,172.0,0.02295,190.0,0.02296,177.0
1753617331856,11:55:31.856,gateio,ACH/USDT:USDT,0.02294,2.0,0.02293,172.0,0.02295,18.0,0.02296,177.0
1753617331997,11:55:31.997,gateio,ACH/USDT:USDT,0.02294,2.0,0.02293,172.0,0.02295,18.0,0.02296,177.0
1753617332068,11:55:32.068,gateio,ACH/USDT:USDT,0.02294,2.0,0.02293,172.0,0.02295,18.0,0.02296,177.0
1753617332166,11:55:32.166,gateio,ACH/USDT:USDT,0.02294,2.0,0.02293,172.0,0.02295,18.0,0.02296,177.0
1753617332371,11:55:32.371,gateio,ACH/USDT:USDT,0.02294,175.0,0.02293,172.0,0.02295,38.0,0.02296,177.0
1753617332427,11:55:32.427,gateio,ACH/USDT:USDT,0.02294,175.0,0.02293,172.0,0.02295,18.0,0.02296,235.0
1753617332517,11:55:32.517,gateio,ACH/USDT:USDT,0.02294,175.0,0.02293,172.0,0.02295,18.0,0.02296,177.0
1753617333006,11:55:33.006,gateio,ACH/USDT:USDT,0.02294,175.0,0.02293,172.0,0.02295,18.0,0.02296,177.0
1753617333072,11:55:33.072,gateio,ACH/USDT:USDT,0.02294,175.0,0.02293,172.0,0.02295,18.0,0.02296,177.0
1753617333158,11:55:33.158,gateio,ACH/USDT:USDT,0.02294,2.0,0.02293,172.0,0.02295,18.0,0.02296,177.0
1753617333309,11:55:33.309,gateio,ACH/USDT:USDT,0.02294,2.0,0.02293,172.0,0.02295,18.0,0.02296,177.0
1753617333489,11:55:33.489,gateio,ACH/USDT:USDT,0.02294,2.0,0.02293,172.0,0.02295,18.0,0.02296,177.0
1753617333516,11:55:33.516,gateio,ACH/USDT:USDT,0.02294,2.0,0.02293,172.0,0.02295,18.0,0.02296,235.0
1753617333628,11:55:33.628,gateio,ACH/USDT:USDT,0.02294,2.0,0.02293,172.0,0.02295,18.0,0.02296,177.0
1753617334028,11:55:34.028,gateio,ACH/USDT:USDT,0.02294,2.0,0.02293,172.0,0.02295,38.0,0.02296,177.0
1753617334181,11:55:34.181,gateio,ACH/USDT:USDT,0.02294,2.0,0.02293,172.0,0.02295,191.0,0.02296,177.0
1753617335245,11:55:35.245,gateio,ACH/USDT:USDT,0.02294,2.0,0.02293,172.0,0.02295,191.0,0.02296,177.0
1753617335316,11:55:35.316,gateio,ACH/USDT:USDT,0.02294,2.0,0.02293,172.0,0.02295,191.0,0.02296,235.0
1753617335415,11:55:35.415,gateio,ACH/USDT:USDT,0.02294,2.0,0.02293,172.0,0.02295,191.0,0.02296,177.0
1753617336729,11:55:36.729,gateio,ACH/USDT:USDT,0.02294,2.0,0.02293,172.0,0.02295,191.0,0.02296,177.0
1753617336825,11:55:36.825,gateio,ACH/USDT:USDT,0.02294,2.0,0.02293,172.0,0.02295,191.0,0.02296,235.0
1753617336916,11:55:36.916,gateio,ACH/USDT:USDT,0.02294,2.0,0.02293,172.0,0.02295,191.0,0.02296,177.0
1753617338183,11:55:38.183,gateio,ACH/USDT:USDT,0.02294,2.0,0.02293,172.0,0.02295,191.0,0.02296,177.0
1753617338216,11:55:38.216,gateio,ACH/USDT:USDT,0.02294,2.0,0.02293,172.0,0.02295,191.0,0.02296,235.0
1753617338316,11:55:38.316,gateio,ACH/USDT:USDT,0.02294,2.0,0.02293,172.0,0.02295,191.0,0.02296,177.0
1753617340052,11:55:40.052,gateio,ACH/USDT:USDT,0.02294,2.0,0.02293,172.0,0.02295,191.0,0.02296,177.0
1753617340116,11:55:40.116,gateio,ACH/USDT:USDT,0.02294,2.0,0.02293,172.0,0.02295,191.0,0.02296,235.0
1753617340215,11:55:40.215,gateio,ACH/USDT:USDT,0.02294,2.0,0.02293,172.0,0.02295,191.0,0.02296,177.0
1753617341808,11:55:41.808,gateio,ACH/USDT:USDT,0.02294,2.0,0.02293,172.0,0.02295,191.0,0.02296,177.0
1753617341909,11:55:41.909,gateio,ACH/USDT:USDT,0.02294,2.0,0.02293,172.0,0.02295,191.0,0.02296,235.0
1753617341916,11:55:41.916,gateio,ACH/USDT:USDT,0.02294,2.0,0.02293,172.0,0.02295,191.0,0.02296,177.0
1753617344906,11:55:44.906,gateio,ACH/USDT:USDT,0.02294,2.0,0.02293,172.0,0.02295,191.0,0.02296,177.0
1753617344916,11:55:44.916,gateio,ACH/USDT:USDT,0.02294,2.0,0.02293,172.0,0.02295,191.0,0.02296,235.0
1753617345018,11:55:45.018,gateio,ACH/USDT:USDT,0.02294,2.0,0.02293,172.0,0.02295,191.0,0.02296,177.0
1753617347409,11:55:47.409,gateio,ACH/USDT:USDT,0.02294,2.0,0.02293,172.0,0.02295,191.0,0.02296,177.0
1753617347508,11:55:47.508,gateio,ACH/USDT:USDT,0.02294,2.0,0.02293,172.0,0.02295,191.0,0.02296,235.0
1753617347607,11:55:47.607,gateio,ACH/USDT:USDT,0.02294,2.0,0.02293,172.0,0.02295,191.0,0.02296,177.0
1753617347615,11:55:47.615,gateio,ACH/USDT:USDT,0.02294,2.0,0.02293,172.0,0.02295,38.0,0.02296,177.0
1753617347764,11:55:47.764,gateio,ACH/USDT:USDT,0.02294,181.0,0.02293,172.0,0.02295,18.0,0.02296,177.0
1753617348099,11:55:48.099,gateio,ACH/USDT:USDT,0.02294,181.0,0.02293,172.0,0.02295,18.0,0.02296,177.0
1753617348118,11:55:48.118,gateio,ACH/USDT:USDT,0.02294,181.0,0.02293,172.0,0.02295,18.0,0.02296,235.0
1753617348280,11:55:48.280,gateio,ACH/USDT:USDT,0.02294,181.0,0.02293,172.0,0.02295,18.0,0.02296,177.0
1753617348655,11:55:48.655,gateio,ACH/USDT:USDT,0.02294,181.0,0.02293,172.0,0.02295,18.0,0.02296,177.0
1753617349298,11:55:49.298,gateio,ACH/USDT:USDT,0.02294,181.0,0.02293,172.0,0.02295,18.0,0.02296,177.0
1753617349380,11:55:49.380,gateio,ACH/USDT:USDT,0.02294,181.0,0.02293,172.0,0.02295,18.0,0.02296,177.0
1753617349645,11:55:49.645,gateio,ACH/USDT:USDT,0.02294,181.0,0.02293,172.0,0.02295,18.0,0.02296,177.0
1753617349799,11:55:49.799,gateio,ACH/USDT:USDT,0.02294,181.0,0.02293,172.0,0.02295,18.0,0.02296,177.0
1753617349999,11:55:49.999,gateio,ACH/USDT:USDT,0.02294,181.0,0.02293,172.0,0.02295,18.0,0.02296,177.0
1753617350141,11:55:50.141,gateio,ACH/USDT:USDT,0.02294,181.0,0.02293,172.0,0.02295,18.0,0.02296,177.0
1753617350608,11:55:50.608,gateio,ACH/USDT:USDT,0.02294,2.0,0.02293,172.0,0.02295,18.0,0.02296,177.0
1753617350709,11:55:50.709,gateio,ACH/USDT:USDT,0.02294,2.0,0.02293,172.0,0.02295,18.0,0.02296,177.0
1753617350709,11:55:50.709,gateio,ACH/USDT:USDT,0.02294,2.0,0.02293,172.0,0.02295,18.0,0.02296,177.0
1753617350832,11:55:50.832,gateio,ACH/USDT:USDT,0.02294,2.0,0.02293,172.0,0.02295,18.0,0.02296,177.0
1753617350983,11:55:50.983,gateio,ACH/USDT:USDT,0.02294,2.0,0.02293,172.0,0.02295,18.0,0.02296,177.0
1753617351135,11:55:51.135,gateio,ACH/USDT:USDT,0.02294,2.0,0.02293,172.0,0.02295,18.0,0.02296,177.0
1753617351294,11:55:51.294,gateio,ACH/USDT:USDT,0.02294,2.0,0.02293,172.0,0.02295,18.0,0.02296,177.0
1753617351443,11:55:51.443,gateio,ACH/USDT:USDT,0.02294,2.0,0.02293,172.0,0.02295,18.0,0.02296,177.0
1753617351601,11:55:51.601,gateio,ACH/USDT:USDT,0.02294,2.0,0.02293,172.0,0.02295,18.0,0.02296,177.0
1753617351755,11:55:51.755,gateio,ACH/USDT:USDT,0.02294,2.0,0.02293,172.0,0.02295,192.0,0.02296,177.0
1753617354445,11:55:54.445,gateio,ACH/USDT:USDT,0.02294,2.0,0.02293,172.0,0.02295,192.0,0.02296,177.0
1753617359246,11:55:59.246,gateio,ACH/USDT:USDT,0.02294,2.0,0.02293,172.0,0.02295,192.0,0.02296,177.0
1753617359317,11:55:59.317,gateio,ACH/USDT:USDT,0.02294,2.0,0.02293,172.0,0.02295,192.0,0.02296,235.0
1753617359415,11:55:59.415,gateio,ACH/USDT:USDT,0.02294,2.0,0.02293,172.0,0.02295,192.0,0.02296,177.0
1753617361509,11:56:01.509,gateio,ACH/USDT:USDT,0.02294,2.0,0.02293,172.0,0.02295,192.0,0.02296,177.0
1753617361608,11:56:01.608,gateio,ACH/USDT:USDT,0.02294,2.0,0.02293,172.0,0.02295,192.0,0.02296,235.0
1753617361615,11:56:01.615,gateio,ACH/USDT:USDT,0.02294,2.0,0.02293,172.0,0.02295,192.0,0.02296,177.0
1753617361874,11:56:01.874,gateio,ACH/USDT:USDT,0.02294,2.0,0.02293,172.0,0.02295,192.0,0.02296,177.0
1753617362319,11:56:02.319,gateio,ACH/USDT:USDT,0.02294,2.0,0.02293,172.0,0.02295,192.0,0.02296,177.0
1753617362422,11:56:02.422,gateio,ACH/USDT:USDT,0.02294,2.0,0.02293,172.0,0.02295,192.0,0.02296,235.0
1753617362515,11:56:02.515,gateio,ACH/USDT:USDT,0.02294,2.0,0.02293,172.0,0.02295,192.0,0.02296,177.0
1753617364045,11:56:04.045,gateio,ACH/USDT:USDT,0.02294,2.0,0.02293,172.0,0.02295,192.0,0.02296,177.0
1753617364116,11:56:04.116,gateio,ACH/USDT:USDT,0.02294,2.0,0.02293,172.0,0.02295,192.0,0.02296,235.0
1753617364216,11:56:04.216,gateio,ACH/USDT:USDT,0.02294,2.0,0.02293,172.0,0.02295,192.0,0.02296,177.0
1753617364642,11:56:04.642,gateio,ACH/USDT:USDT,0.02294,2.0,0.02293,172.0,0.02295,192.0,0.02296,177.0
1753617364719,11:56:04.719,gateio,ACH/USDT:USDT,0.02294,2.0,0.02293,172.0,0.02295,192.0,0.02296,235.0
1753617364815,11:56:04.815,gateio,ACH/USDT:USDT,0.02294,2.0,0.02293,172.0,0.02295,192.0,0.02296,177.0
1753617368845,11:56:08.845,gateio,ACH/USDT:USDT,0.02294,2.0,0.02293,172.0,0.02295,192.0,0.02296,177.0
1753617368916,11:56:08.916,gateio,ACH/USDT:USDT,0.02294,2.0,0.02293,172.0,0.02295,192.0,0.02296,235.0
1753617369015,11:56:09.015,gateio,ACH/USDT:USDT,0.02294,2.0,0.02293,172.0,0.02295,192.0,0.02296,177.0
1753617372243,11:56:12.243,gateio,ACH/USDT:USDT,0.02294,2.0,0.02293,172.0,0.02295,38.0,0.02296,177.0
1753617372395,11:56:12.395,gateio,ACH/USDT:USDT,0.02294,2.0,0.02293,172.0,0.02295,18.0,0.02296,177.0
1753617372538,11:56:12.538,gateio,ACH/USDT:USDT,0.02294,2.0,0.02293,172.0,0.02295,18.0,0.02296,177.0
1753617372765,11:56:12.765,gateio,ACH/USDT:USDT,0.02294,2.0,0.02293,172.0,0.02295,18.0,0.02296,177.0
1753617372832,11:56:12.832,gateio,ACH/USDT:USDT,0.02294,2.0,0.02293,172.0,0.02295,18.0,0.02296,235.0
1753617372920,11:56:12.920,gateio,ACH/USDT:USDT,0.02294,2.0,0.02293,172.0,0.02295,38.0,0.02296,177.0
1753617373067,11:56:13.067,gateio,ACH/USDT:USDT,0.02294,2.0,0.02293,172.0,0.02295,38.0,0.02296,177.0
1753617379398,11:56:19.398,gateio,ACH/USDT:USDT,0.02294,2.0,0.02293,172.0,0.02295,212.0,0.02296,177.0
1753617379416,11:56:19.416,gateio,ACH/USDT:USDT,0.02294,2.0,0.02293,172.0,0.02295,212.0,0.02296,235.0
1753617379516,11:56:19.516,gateio,ACH/USDT:USDT,0.02294,2.0,0.02293,172.0,0.02295,212.0,0.02296,177.0
1753617384571,11:56:24.571,gateio,ACH/USDT:USDT,0.02294,2.0,0.02293,172.0,0.02295,212.0,0.02296,177.0
1753617384618,11:56:24.618,gateio,ACH/USDT:USDT,0.02294,2.0,0.02293,172.0,0.02295,212.0,0.02296,235.0
1753617384716,11:56:24.716,gateio,ACH/USDT:USDT,0.02294,2.0,0.02293,172.0,0.02295,212.0,0.02296,177.0
1753617385608,11:56:25.608,gateio,ACH/USDT:USDT,0.02294,2.0,0.02293,172.0,0.02295,212.0,0.02296,177.0
1753617385620,11:56:25.620,gateio,ACH/USDT:USDT,0.02294,2.0,0.02293,172.0,0.02295,212.0,0.02296,235.0
1753617385715,11:56:25.715,gateio,ACH/USDT:USDT,0.02294,2.0,0.02293,172.0,0.02295,212.0,0.02296,177.0
1753617386140,11:56:26.140,gateio,ACH/USDT:USDT,0.02294,2.0,0.02293,172.0,0.02295,212.0,0.02296,177.0
1753617386216,11:56:26.216,gateio,ACH/USDT:USDT,0.02294,2.0,0.02293,172.0,0.02295,212.0,0.02296,235.0
1753617386315,11:56:26.315,gateio,ACH/USDT:USDT,0.02294,2.0,0.02293,172.0,0.02295,212.0,0.02296,177.0
1753617389870,11:56:29.870,gateio,ACH/USDT:USDT,0.02294,2.0,0.02293,172.0,0.02295,212.0,0.02296,177.0
1753617389917,11:56:29.917,gateio,ACH/USDT:USDT,0.02294,2.0,0.02293,172.0,0.02295,212.0,0.02296,235.0
1753617390074,11:56:30.074,gateio,ACH/USDT:USDT,0.02294,2.0,0.02293,172.0,0.02295,212.0,0.02296,177.0
1753617390372,11:56:30.372,gateio,ACH/USDT:USDT,0.02294,2.0,0.02293,172.0,0.02295,212.0,0.02296,177.0
1753617390419,11:56:30.419,gateio,ACH/USDT:USDT,0.02294,2.0,0.02293,172.0,0.02295,212.0,0.02296,235.0
1753617390518,11:56:30.518,gateio,ACH/USDT:USDT,0.02294,2.0,0.02293,172.0,0.02295,212.0,0.02296,177.0
1753617390809,11:56:30.809,gateio,ACH/USDT:USDT,0.02292,2146.0,0.02291,7818.0,0.02294,176.0,0.02295,192.0
1753617390909,11:56:30.909,gateio,ACH/USDT:USDT,0.02292,2146.0,0.02291,7776.0,0.02294,176.0,0.02295,232.0
1753617390982,11:56:30.982,gateio,ACH/USDT:USDT,0.02292,2146.0,0.02291,7776.0,0.02295,812.0,0.02296,177.0
1753617391090,11:56:31.090,gateio,ACH/USDT:USDT,0.02292,2146.0,0.02291,7776.0,0.02294,181.0,0.02295,812.0
1753617391115,11:56:31.115,gateio,ACH/USDT:USDT,0.02292,2146.0,0.02291,7776.0,0.02294,176.0,0.02295,812.0
1753617391506,11:56:31.506,gateio,ACH/USDT:USDT,0.02292,2146.0,0.02291,7776.0,0.02294,176.0,0.02295,812.0
1753617391522,11:56:31.522,gateio,ACH/USDT:USDT,0.02292,2146.0,0.02291,7776.0,0.02294,176.0,0.02295,870.0
1753617391615,11:56:31.615,gateio,ACH/USDT:USDT,0.02292,2146.0,0.02291,7776.0,0.02294,176.0,0.02295,812.0
1753617391946,11:56:31.946,gateio,ACH/USDT:USDT,0.02292,2146.0,0.02291,7776.0,0.02294,176.0,0.02295,812.0
1753617392566,11:56:32.566,gateio,ACH/USDT:USDT,0.02292,2146.0,0.02291,7776.0,0.02294,176.0,0.02295,812.0
1753617392905,11:56:32.905,gateio,ACH/USDT:USDT,0.02292,2146.0,0.02291,7776.0,0.02294,176.0,0.02295,812.0
1753617395046,11:56:35.046,gateio,ACH/USDT:USDT,0.02292,2146.0,0.02291,7776.0,0.02294,176.0,0.02295,812.0
1753617396193,11:56:36.193,gateio,ACH/USDT:USDT,0.02292,2146.0,0.02291,7776.0,0.02294,176.0,0.02295,812.0
1753617396672,11:56:36.672,gateio,ACH/USDT:USDT,0.02292,2146.0,0.02291,7776.0,0.02294,176.0,0.02295,812.0
1753617397208,11:56:37.208,gateio,ACH/USDT:USDT,0.02292,1968.0,0.02291,6559.0,0.02294,176.0,0.02295,812.0
1753617397302,11:56:37.302,gateio,ACH/USDT:USDT,0.02292,1968.0,0.02291,6559.0,0.02294,176.0,0.02295,812.0
1753617397322,11:56:37.322,gateio,ACH/USDT:USDT,0.02292,1968.0,0.02291,6559.0,0.02294,176.0,0.02295,812.0
1753617399059,11:56:39.059,gateio,ACH/USDT:USDT,0.02292,1968.0,0.02291,6559.0,0.02294,176.0,0.02295,812.0
1753617399852,11:56:39.852,gateio,ACH/USDT:USDT,0.02292,1968.0,0.02291,6559.0,0.02294,176.0,0.02295,812.0
1753617400053,11:56:40.053,gateio,ACH/USDT:USDT,0.02292,176.0,0.02291,6559.0,0.02294,176.0,0.02295,812.0
1753617404647,11:56:44.647,gateio,ACH/USDT:USDT,0.02292,176.0,0.02291,6559.0,0.02294,176.0,0.02295,812.0
1753617404716,11:56:44.716,gateio,ACH/USDT:USDT,0.02292,176.0,0.02291,6559.0,0.02294,176.0,0.02295,870.0
1753617404831,11:56:44.831,gateio,ACH/USDT:USDT,0.02292,176.0,0.02291,6559.0,0.02294,176.0,0.02295,812.0
1753617409452,11:56:49.452,gateio,ACH/USDT:USDT,0.02292,176.0,0.02291,6559.0,0.02294,176.0,0.02295,812.0
1753617409518,11:56:49.518,gateio,ACH/USDT:USDT,0.02292,176.0,0.02291,6559.0,0.02294,176.0,0.02295,870.0
1753617409616,11:56:49.616,gateio,ACH/USDT:USDT,0.02292,176.0,0.02291,6559.0,0.02294,176.0,0.02295,812.0
1753617413616,11:56:53.616,gateio,ACH/USDT:USDT,0.02291,6559.0,0.0229,1429.0,0.02294,176.0,0.02295,812.0
1753617413754,11:56:53.754,gateio,ACH/USDT:USDT,0.02291,6559.0,0.0229,1387.0,0.02293,5.0,0.02294,176.0
1753617413896,11:56:53.896,gateio,ACH/USDT:USDT,0.02291,6559.0,0.0229,1387.0,0.02293,5.0,0.02294,176.0
1753617413934,11:56:53.934,gateio,ACH/USDT:USDT,0.02292,181.0,0.02291,6559.0,0.02293,5.0,0.02294,176.0
1753617414104,11:56:54.104,gateio,ACH/USDT:USDT,0.02292,181.0,0.02291,6559.0,0.02293,5.0,0.02294,176.0
1753617414147,11:56:54.147,gateio,ACH/USDT:USDT,0.02292,181.0,0.02291,6559.0,0.02293,5.0,0.02294,176.0
1753617414248,11:56:54.248,gateio,ACH/USDT:USDT,0.02292,181.0,0.02291,6559.0,0.02293,5.0,0.02294,234.0
1753617414326,11:56:54.326,gateio,ACH/USDT:USDT,0.02292,181.0,0.02291,6559.0,0.02293,5.0,0.02294,176.0
1753617414963,11:56:54.963,gateio,ACH/USDT:USDT,0.02292,181.0,0.02291,6559.0,0.02293,5.0,0.02294,176.0
1753617415018,11:56:55.018,gateio,ACH/USDT:USDT,0.02292,181.0,0.02291,6559.0,0.02293,5.0,0.02294,234.0
1753617415163,11:56:55.163,gateio,ACH/USDT:USDT,0.02292,181.0,0.02291,6559.0,0.02293,5.0,0.02294,176.0
1753617415380,11:56:55.380,gateio,ACH/USDT:USDT,0.02292,181.0,0.02291,6559.0,0.02293,5.0,0.02294,176.0
1753617415639,11:56:55.639,gateio,ACH/USDT:USDT,0.02292,181.0,0.02291,6559.0,0.02293,25.0,0.02294,176.0
1753617415723,11:56:55.723,gateio,ACH/USDT:USDT,0.02292,181.0,0.02291,6559.0,0.02293,5.0,0.02294,234.0
1753617415815,11:56:55.815,gateio,ACH/USDT:USDT,0.02292,181.0,0.02291,6559.0,0.02293,5.0,0.02294,176.0
1753617417144,11:56:57.144,gateio,ACH/USDT:USDT,0.02292,181.0,0.02291,6559.0,0.02293,25.0,0.02294,176.0
1753617417224,11:56:57.224,gateio,ACH/USDT:USDT,0.02292,181.0,0.02291,6559.0,0.02293,5.0,0.02294,234.0
1753617417316,11:56:57.316,gateio,ACH/USDT:USDT,0.02292,181.0,0.02291,6559.0,0.02293,5.0,0.02294,176.0
1753617417622,11:56:57.622,gateio,ACH/USDT:USDT,0.02292,181.0,0.02291,6559.0,0.02293,186.0,0.02294,176.0
1753617418496,11:56:58.496,gateio,ACH/USDT:USDT,0.02291,6559.0,0.0229,1429.0,0.02293,186.0,0.02294,176.0
1753617418540,11:56:58.540,gateio,ACH/USDT:USDT,0.02291,6559.0,0.0229,1429.0,0.02293,174.0,0.02294,176.0
1753617418687,11:56:58.687,gateio,ACH/USDT:USDT,0.02291,6559.0,0.0229,1429.0,0.02294,176.0,0.02295,812.0
1753617418725,11:56:58.725,gateio,ACH/USDT:USDT,0.02291,6559.0,0.0229,1429.0,0.02292,20.0,0.02293,5.0
1753617418858,11:56:58.858,gateio,ACH/USDT:USDT,0.02291,6559.0,0.0229,1429.0,0.02292,20.0,0.02293,63.0
1753617419003,11:56:59.003,gateio,ACH/USDT:USDT,0.02291,6559.0,0.0229,1429.0,0.02292,20.0,0.02293,5.0
1753617419047,11:56:59.047,gateio,ACH/USDT:USDT,0.02291,6559.0,0.0229,1429.0,0.02292,20.0,0.02293,5.0
1753617420025,11:57:00.025,gateio,ACH/USDT:USDT,0.02291,6559.0,0.0229,1429.0,0.02292,20.0,0.02293,5.0
1753617420152,11:57:00.152,gateio,ACH/USDT:USDT,0.02291,6559.0,0.0229,1429.0,0.02292,20.0,0.02293,63.0
1753617420230,11:57:00.230,gateio,ACH/USDT:USDT,0.02291,6559.0,0.0229,1429.0,0.02292,20.0,0.02293,5.0
1753617420329,11:57:00.329,gateio,ACH/USDT:USDT,0.02291,6559.0,0.0229,1429.0,0.02292,20.0,0.02293,5.0
1753617420454,11:57:00.454,gateio,ACH/USDT:USDT,0.02291,2520.0,0.0229,7799.0,0.02293,5.0,0.02294,176.0
1753617420604,11:57:00.604,gateio,ACH/USDT:USDT,0.02291,2520.0,0.0229,7799.0,0.02293,179.0,0.02294,234.0
1753617420615,11:57:00.615,gateio,ACH/USDT:USDT,0.02291,2520.0,0.0229,7799.0,0.02293,174.0,0.02294,176.0
1753617420758,11:57:00.758,gateio,ACH/USDT:USDT,0.02291,2520.0,0.0229,7799.0,0.02294,176.0,0.02295,812.0
1753617420909,11:57:00.909,gateio,ACH/USDT:USDT,0.02291,2520.0,0.0229,7799.0,0.02293,179.0,0.02294,176.0
1753617420932,11:57:00.932,gateio,ACH/USDT:USDT,0.02291,180.0,0.0229,7799.0,0.02292,20.0,0.02294,176.0
1753617421020,11:57:01.020,gateio,ACH/USDT:USDT,0.02291,180.0,0.0229,7799.0,0.02292,20.0,0.02293,5.0
1753617421116,11:57:01.116,gateio,ACH/USDT:USDT,0.02291,180.0,0.0229,7799.0,0.02292,20.0,0.02293,63.0
1753617421216,11:57:01.216,gateio,ACH/USDT:USDT,0.02291,180.0,0.0229,7799.0,0.02292,20.0,0.02293,5.0
1753617421972,11:57:01.972,gateio,ACH/USDT:USDT,0.02291,180.0,0.0229,7799.0,0.02292,20.0,0.02293,5.0
1753617422016,11:57:02.016,gateio,ACH/USDT:USDT,0.02291,180.0,0.0229,7799.0,0.02292,20.0,0.02293,63.0
1753617422204,11:57:02.204,gateio,ACH/USDT:USDT,0.02291,180.0,0.0229,7799.0,0.02292,20.0,0.02293,5.0
1753617422231,11:57:02.231,gateio,ACH/USDT:USDT,0.02291,180.0,0.0229,7757.0,0.02292,20.0,0.02293,5.0
1753617422355,11:57:02.355,gateio,ACH/USDT:USDT,0.02292,174.0,0.02291,2687.0,0.02293,5.0,0.02294,176.0
1753617422418,11:57:02.418,gateio,ACH/USDT:USDT,0.02292,312.0,0.02291,2549.0,0.02293,5.0,0.02294,234.0
1753617422522,11:57:02.522,gateio,ACH/USDT:USDT,0.02292,312.0,0.02291,2549.0,0.02293,25.0,0.02294,176.0
1753617422657,11:57:02.657,gateio,ACH/USDT:USDT,0.02292,312.0,0.02291,2549.0,0.02293,25.0,0.02294,176.0
1753617423601,11:57:03.601,gateio,ACH/USDT:USDT,0.02292,312.0,0.02291,2507.0,0.02293,25.0,0.02294,176.0
1753617423672,11:57:03.672,gateio,ACH/USDT:USDT,0.02292,312.0,0.02291,2507.0,0.02293,25.0,0.02294,234.0
1753617423716,11:57:03.716,gateio,ACH/USDT:USDT,0.02292,312.0,0.02291,2507.0,0.02293,25.0,0.02294,176.0
1753617423880,11:57:03.880,gateio,ACH/USDT:USDT,0.02292,312.0,0.02291,2507.0,0.02293,25.0,0.02294,176.0
1753617425075,11:57:05.075,gateio,ACH/USDT:USDT,0.02292,312.0,0.02291,2507.0,0.02293,25.0,0.02294,176.0
1753617425489,11:57:05.489,gateio,ACH/USDT:USDT,0.02292,312.0,0.02291,2507.0,0.02293,25.0,0.02294,176.0
1753617426423,11:57:06.423,gateio,ACH/USDT:USDT,0.02292,312.0,0.02291,2507.0,0.02293,25.0,0.02294,176.0
1753617426708,11:57:06.708,gateio,ACH/USDT:USDT,0.02292,312.0,0.02291,2507.0,0.02293,25.0,0.02294,176.0
1753617428518,11:57:08.518,gateio,ACH/USDT:USDT,0.02292,312.0,0.02291,2507.0,0.02293,5.0,0.02294,176.0
1753617428649,11:57:08.649,gateio,ACH/USDT:USDT,0.02292,312.0,0.02291,2507.0,0.02293,5.0,0.02294,176.0
1753617428877,11:57:08.877,gateio,ACH/USDT:USDT,0.02292,312.0,0.02291,2507.0,0.02293,5.0,0.02294,176.0
1753617431015,11:57:11.015,gateio,ACH/USDT:USDT,0.02292,312.0,0.02291,2507.0,0.02293,5.0,0.02294,176.0
1753617431119,11:57:11.119,gateio,ACH/USDT:USDT,0.02292,312.0,0.02291,2507.0,0.02293,5.0,0.02294,176.0
1753617431808,11:57:11.808,gateio,ACH/USDT:USDT,0.02292,312.0,0.02291,2507.0,0.02293,5.0,0.02294,176.0
1753617431953,11:57:11.953,gateio,ACH/USDT:USDT,0.02292,312.0,0.02291,2507.0,0.02293,5.0,0.02294,176.0
1753617432105,11:57:12.105,gateio,ACH/USDT:USDT,0.02292,312.0,0.02291,2507.0,0.02293,5.0,0.02294,176.0
1753617432180,11:57:12.180,gateio,ACH/USDT:USDT,0.02292,312.0,0.02291,2507.0,0.02293,5.0,0.02294,176.0
1753617432256,11:57:12.256,gateio,ACH/USDT:USDT,0.02292,312.0,0.02291,2507.0,0.02293,5.0,0.02294,176.0
1753617432575,11:57:12.575,gateio,ACH/USDT:USDT,0.02292,138.0,0.02291,2507.0,0.02293,183.0,0.02294,176.0
1753617432792,11:57:12.792,gateio,ACH/USDT:USDT,0.02292,138.0,0.02291,2507.0,0.02293,183.0,0.02294,176.0
1753617432937,11:57:12.937,gateio,ACH/USDT:USDT,0.02292,138.0,0.02291,2507.0,0.02293,183.0,0.02294,176.0
1753617433308,11:57:13.308,gateio,ACH/USDT:USDT,0.02292,138.0,0.02291,2507.0,0.02293,183.0,0.02294,176.0
1753617433453,11:57:13.453,gateio,ACH/USDT:USDT,0.02292,138.0,0.02291,2507.0,0.02293,183.0,0.02294,176.0
1753617434313,11:57:14.313,gateio,ACH/USDT:USDT,0.02292,138.0,0.02291,2507.0,0.02293,183.0,0.02294,176.0
1753617435216,11:57:15.216,gateio,ACH/USDT:USDT,0.02292,138.0,0.02291,2507.0,0.02293,183.0,0.02294,176.0
1753617435316,11:57:15.316,gateio,ACH/USDT:USDT,0.02292,138.0,0.02291,2507.0,0.02293,183.0,0.02294,234.0
1753617435416,11:57:15.416,gateio,ACH/USDT:USDT,0.02292,138.0,0.02291,2507.0,0.02293,183.0,0.02294,176.0
1753617436492,11:57:16.492,gateio,ACH/USDT:USDT,0.02292,138.0,0.02291,2507.0,0.02293,183.0,0.02294,176.0
1753617436517,11:57:16.517,gateio,ACH/USDT:USDT,0.02292,138.0,0.02291,2507.0,0.02293,183.0,0.02294,234.0
1753617436615,11:57:16.615,gateio,ACH/USDT:USDT,0.02292,138.0,0.02291,2507.0,0.02293,183.0,0.02294,176.0
1753617437931,11:57:17.931,gateio,ACH/USDT:USDT,0.02292,316.0,0.02291,2507.0,0.02293,25.0,0.02294,176.0
1753617438024,11:57:18.024,gateio,ACH/USDT:USDT,0.02292,316.0,0.02291,2507.0,0.02293,5.0,0.02294,234.0
1753617438116,11:57:18.116,gateio,ACH/USDT:USDT,0.02292,316.0,0.02291,2507.0,0.02293,5.0,0.02294,176.0
1753617438249,11:57:18.249,gateio,ACH/USDT:USDT,0.02292,316.0,0.02291,2507.0,0.02293,5.0,0.02294,176.0
1753617438343,11:57:18.343,gateio,ACH/USDT:USDT,0.02292,316.0,0.02291,2507.0,0.02293,5.0,0.02294,176.0
1753617438537,11:57:18.537,gateio,ACH/USDT:USDT,0.02292,316.0,0.02291,2507.0,0.02293,25.0,0.02294,176.0
1753617438624,11:57:18.624,gateio,ACH/USDT:USDT,0.02292,316.0,0.02291,2507.0,0.02293,5.0,0.02294,234.0
1753617438842,11:57:18.842,gateio,ACH/USDT:USDT,0.02292,316.0,0.02291,2507.0,0.02293,5.0,0.02294,176.0
1753617439563,11:57:19.563,gateio,ACH/USDT:USDT,0.02292,316.0,0.02291,2507.0,0.02293,25.0,0.02294,176.0
1753617439619,11:57:19.619,gateio,ACH/USDT:USDT,0.02292,316.0,0.02291,2507.0,0.02293,25.0,0.02294,234.0
1753617439719,11:57:19.719,gateio,ACH/USDT:USDT,0.02292,316.0,0.02291,2507.0,0.02293,25.0,0.02294,176.0
1753617439821,11:57:19.821,gateio,ACH/USDT:USDT,0.02292,316.0,0.02291,2507.0,0.02293,5.0,0.02294,176.0
1753617441283,11:57:21.283,gateio,ACH/USDT:USDT,0.02292,316.0,0.02291,2507.0,0.02293,25.0,0.02294,176.0
1753617441322,11:57:21.322,gateio,ACH/USDT:USDT,0.02292,316.0,0.02291,2507.0,0.02293,5.0,0.02294,234.0
1753617441432,11:57:21.432,gateio,ACH/USDT:USDT,0.02292,316.0,0.02291,2507.0,0.02293,5.0,0.02294,176.0
1753617442053,11:57:22.053,gateio,ACH/USDT:USDT,0.02292,316.0,0.02291,2507.0,0.02293,5.0,0.02294,176.0
1753617442138,11:57:22.138,gateio,ACH/USDT:USDT,0.02292,316.0,0.02291,2507.0,0.02293,5.0,0.02294,234.0
1753617442217,11:57:22.217,gateio,ACH/USDT:USDT,0.02292,316.0,0.02291,2507.0,0.02293,5.0,0.02294,176.0
1753617443047,11:57:23.047,gateio,ACH/USDT:USDT,0.02292,316.0,0.02291,2507.0,0.02293,5.0,0.02294,176.0
1753617443117,11:57:23.117,gateio,ACH/USDT:USDT,0.02292,316.0,0.02291,2507.0,0.02293,5.0,0.02294,234.0
1753617443216,11:57:23.216,gateio,ACH/USDT:USDT,0.02292,316.0,0.02291,2507.0,0.02293,5.0,0.02294,176.0
1753617445400,11:57:25.400,gateio,ACH/USDT:USDT,0.02292,316.0,0.02291,2507.0,0.02293,25.0,0.02294,176.0
1753617445422,11:57:25.422,gateio,ACH/USDT:USDT,0.02292,316.0,0.02291,2507.0,0.02293,5.0,0.02294,234.0
1753617445569,11:57:25.569,gateio,ACH/USDT:USDT,0.02292,138.0,0.02291,2507.0,0.02293,5.0,0.02294,176.0
1753617445712,11:57:25.712,gateio,ACH/USDT:USDT,0.02292,138.0,0.02291,2507.0,0.02293,5.0,0.02294,176.0
1753617445865,11:57:25.865,gateio,ACH/USDT:USDT,0.02292,138.0,0.02291,2507.0,0.02293,182.0,0.02294,176.0
1753617447280,11:57:27.280,gateio,ACH/USDT:USDT,0.02292,138.0,0.02291,2507.0,0.02293,182.0,0.02294,176.0
1753617447316,11:57:27.316,gateio,ACH/USDT:USDT,0.02292,138.0,0.02291,2507.0,0.02293,182.0,0.02294,234.0
1753617447415,11:57:27.415,gateio,ACH/USDT:USDT,0.02292,138.0,0.02291,2507.0,0.02293,182.0,0.02294,176.0
1753617447847,11:57:27.847,gateio,ACH/USDT:USDT,0.02292,138.0,0.02291,2507.0,0.02293,182.0,0.02294,176.0
1753617447916,11:57:27.916,gateio,ACH/USDT:USDT,0.02292,138.0,0.02291,2507.0,0.02293,182.0,0.02294,234.0
1753617448015,11:57:28.015,gateio,ACH/USDT:USDT,0.02292,138.0,0.02291,2507.0,0.02293,182.0,0.02294,176.0
1753617448230,11:57:28.230,gateio,ACH/USDT:USDT,0.02292,138.0,0.02291,2507.0,0.02293,182.0,0.02294,176.0
1753617450592,11:57:30.592,gateio,ACH/USDT:USDT,0.02292,138.0,0.02291,2507.0,0.02293,182.0,0.02294,176.0
1753617450617,11:57:30.617,gateio,ACH/USDT:USDT,0.02292,138.0,0.02291,2507.0,0.02293,182.0,0.02294,234.0
1753617450715,11:57:30.715,gateio,ACH/USDT:USDT,0.02292,138.0,0.02291,2507.0,0.02293,182.0,0.02294,176.0
1753617452647,11:57:32.647,gateio,ACH/USDT:USDT,0.02292,138.0,0.02291,2507.0,0.02293,182.0,0.02294,176.0
1753617452716,11:57:32.716,gateio,ACH/USDT:USDT,0.02292,138.0,0.02291,2507.0,0.02293,182.0,0.02294,234.0
1753617452815,11:57:32.815,gateio,ACH/USDT:USDT,0.02292,138.0,0.02291,2507.0,0.02293,182.0,0.02294,176.0
1753617453432,11:57:33.432,gateio,ACH/USDT:USDT,0.02292,138.0,0.02291,2507.0,0.02293,182.0,0.02294,176.0
1753617453516,11:57:33.516,gateio,ACH/USDT:USDT,0.02292,138.0,0.02291,2507.0,0.02293,182.0,0.02294,234.0
1753617453617,11:57:33.617,gateio,ACH/USDT:USDT,0.02292,138.0,0.02291,2507.0,0.02293,182.0,0.02294,176.0
1753617455552,11:57:35.552,gateio,ACH/USDT:USDT,0.02292,138.0,0.02291,2507.0,0.02293,182.0,0.02294,176.0
1753617455618,11:57:35.618,gateio,ACH/USDT:USDT,0.02292,138.0,0.02291,2507.0,0.02293,182.0,0.02294,234.0
1753617455715,11:57:35.715,gateio,ACH/USDT:USDT,0.02292,138.0,0.02291,2507.0,0.02293,182.0,0.02294,176.0
1753617456679,11:57:36.679,gateio,ACH/USDT:USDT,0.02292,138.0,0.02291,2507.0,0.02293,182.0,0.02294,176.0
1753617456787,11:57:36.787,gateio,ACH/USDT:USDT,0.02292,138.0,0.02291,180.0,0.02293,182.0,0.02294,176.0
1753617456877,11:57:36.877,gateio,ACH/USDT:USDT,0.02292,138.0,0.02291,180.0,0.02293,182.0,0.02294,176.0
1753617456945,11:57:36.945,gateio,ACH/USDT:USDT,0.02292,138.0,0.02291,180.0,0.02293,182.0,0.02294,176.0
1753617457020,11:57:37.020,gateio,ACH/USDT:USDT,0.02292,138.0,0.02291,180.0,0.02293,196.0,0.02294,176.0
1753617457448,11:57:37.448,gateio,ACH/USDT:USDT,0.02292,138.0,0.02291,180.0,0.02293,196.0,0.02294,176.0
1753617457807,11:57:37.807,gateio,ACH/USDT:USDT,0.02292,138.0,0.02291,180.0,0.02293,196.0,0.02294,176.0
1753617457812,11:57:37.812,gateio,ACH/USDT:USDT,0.02292,138.0,0.02291,180.0,0.02293,196.0,0.02294,176.0
1753617458292,11:57:38.292,gateio,ACH/USDT:USDT,0.0229,6547.0,0.02289,222.0,0.02292,179.0,0.02293,196.0
1753617458409,11:57:38.409,gateio,ACH/USDT:USDT,0.0229,6547.0,0.02289,222.0,0.02292,179.0,0.02293,177.0
1753617458461,11:57:38.461,gateio,ACH/USDT:USDT,0.0229,6547.0,0.02289,222.0,0.02294,176.0,0.02295,812.0
1753617458585,11:57:38.585,gateio,ACH/USDT:USDT,0.02291,179.0,0.0229,6547.0,0.02293,5.0,0.02294,176.0
1753617458737,11:57:38.737,gateio,ACH/USDT:USDT,0.02291,179.0,0.0229,6547.0,0.02293,5.0,0.02294,176.0
1753617458895,11:57:38.895,gateio,ACH/USDT:USDT,0.02291,179.0,0.0229,6547.0,0.02293,5.0,0.02294,176.0
1753617458990,11:57:38.990,gateio,ACH/USDT:USDT,0.02291,179.0,0.0229,6547.0,0.02293,5.0,0.02294,176.0
1753617459060,11:57:39.060,gateio,ACH/USDT:USDT,0.02291,179.0,0.0229,6547.0,0.02293,5.0,0.02294,176.0
1753617459215,11:57:39.215,gateio,ACH/USDT:USDT,0.02291,179.0,0.0229,6547.0,0.02293,184.0,0.02294,176.0
1753617459368,11:57:39.368,gateio,ACH/USDT:USDT,0.02291,179.0,0.0229,6547.0,0.02294,176.0,0.02295,812.0
1753617459420,11:57:39.420,gateio,ACH/USDT:USDT,0.02291,179.0,0.0229,6547.0,0.02293,5.0,0.02294,176.0
1753617459524,11:57:39.524,gateio,ACH/USDT:USDT,0.02291,179.0,0.0229,6547.0,0.02293,5.0,0.02294,176.0
1753617459685,11:57:39.685,gateio,ACH/USDT:USDT,0.02291,179.0,0.0229,6547.0,0.02293,184.0,0.02294,176.0
1753617459715,11:57:39.715,gateio,ACH/USDT:USDT,0.02291,179.0,0.0229,6547.0,0.02293,179.0,0.02294,176.0
1753617459824,11:57:39.824,gateio,ACH/USDT:USDT,0.02291,179.0,0.0229,6547.0,0.02294,176.0,0.02295,812.0
1753617459979,11:57:39.979,gateio,ACH/USDT:USDT,0.02291,179.0,0.0229,6547.0,0.02293,5.0,0.02294,176.0
1753617460154,11:57:40.154,gateio,ACH/USDT:USDT,0.02291,179.0,0.0229,6547.0,0.02293,184.0,0.02294,176.0
1753617460215,11:57:40.215,gateio,ACH/USDT:USDT,0.02291,179.0,0.0229,6547.0,0.02293,179.0,0.02294,176.0
1753617460392,11:57:40.392,gateio,ACH/USDT:USDT,0.02291,179.0,0.0229,6547.0,0.02294,176.0,0.02295,812.0
1753617460458,11:57:40.458,gateio,ACH/USDT:USDT,0.02291,179.0,0.0229,6547.0,0.02293,5.0,0.02294,176.0
1753617460610,11:57:40.610,gateio,ACH/USDT:USDT,0.02291,179.0,0.0229,6547.0,0.02293,184.0,0.02294,176.0
1753617460761,11:57:40.761,gateio,ACH/USDT:USDT,0.02291,179.0,0.0229,6547.0,0.02294,176.0,0.02295,2017.0
1753617460816,11:57:40.816,gateio,ACH/USDT:USDT,0.02291,179.0,0.0229,6547.0,0.02293,5.0,0.02294,176.0
1753617460958,11:57:40.958,gateio,ACH/USDT:USDT,0.02291,179.0,0.0229,6547.0,0.02293,5.0,0.02294,176.0
1753617461075,11:57:41.075,gateio,ACH/USDT:USDT,0.02291,179.0,0.0229,6547.0,0.02293,5.0,0.02294,176.0
1753617461217,11:57:41.217,gateio,ACH/USDT:USDT,0.02291,179.0,0.0229,6547.0,0.02293,5.0,0.02294,176.0
1753617461369,11:57:41.369,gateio,ACH/USDT:USDT,0.02291,179.0,0.0229,6547.0,0.02293,5.0,0.02294,176.0
1753617461520,11:57:41.520,gateio,ACH/USDT:USDT,0.02291,179.0,0.0229,6547.0,0.02293,5.0,0.02294,176.0
1753617461672,11:57:41.672,gateio,ACH/USDT:USDT,0.02291,179.0,0.0229,6547.0,0.02293,5.0,0.02294,176.0
1753617461825,11:57:41.825,gateio,ACH/USDT:USDT,0.02291,179.0,0.0229,6547.0,0.02293,5.0,0.02294,176.0
1753617462008,11:57:42.008,gateio,ACH/USDT:USDT,0.02291,1114.0,0.0229,6547.0,0.02293,5.0,0.02294,176.0
1753617462013,11:57:42.013,gateio,ACH/USDT:USDT,0.02292,179.0,0.02291,1114.0,0.02293,5.0,0.02294,176.0
1753617462110,11:57:42.110,gateio,ACH/USDT:USDT,0.02292,179.0,0.02291,1114.0,0.02293,5.0,0.02294,176.0
1753617462248,11:57:42.248,gateio,ACH/USDT:USDT,0.02292,179.0,0.02291,1114.0,0.02293,5.0,0.02294,176.0
1753617462333,11:57:42.333,gateio,ACH/USDT:USDT,0.02292,179.0,0.02291,2026.0,0.02293,5.0,0.02294,176.0
1753617462482,11:57:42.482,gateio,ACH/USDT:USDT,0.02292,179.0,0.02291,2026.0,0.02293,5.0,0.02294,176.0
1753617462510,11:57:42.510,gateio,ACH/USDT:USDT,0.02292,179.0,0.02291,2026.0,0.02293,5.0,0.02294,176.0
1753617462635,11:57:42.635,gateio,ACH/USDT:USDT,0.02292,179.0,0.02291,2026.0,0.02293,5.0,0.02294,176.0
1753617462793,11:57:42.793,gateio,ACH/USDT:USDT,0.02292,179.0,0.02291,2026.0,0.02293,184.0,0.02294,176.0
1753617462892,11:57:42.892,gateio,ACH/USDT:USDT,0.02291,2026.0,0.0229,6547.0,0.02293,184.0,0.02294,176.0
1753617462946,11:57:42.946,gateio,ACH/USDT:USDT,0.02291,2026.0,0.0229,6547.0,0.02294,176.0,0.02295,2017.0
1753617463106,11:57:43.106,gateio,ACH/USDT:USDT,0.02291,2026.0,0.0229,6547.0,0.02293,5.0,0.02294,176.0
1753617463260,11:57:43.260,gateio,ACH/USDT:USDT,0.02291,2026.0,0.0229,6547.0,0.02293,184.0,0.02294,176.0
1753617463316,11:57:43.316,gateio,ACH/USDT:USDT,0.02291,2026.0,0.0229,6547.0,0.02293,179.0,0.02294,176.0
1753617463459,11:57:43.459,gateio,ACH/USDT:USDT,0.02291,2026.0,0.0229,6547.0,0.02294,176.0,0.02295,2017.0
1753617463570,11:57:43.570,gateio,ACH/USDT:USDT,0.02291,2026.0,0.0229,6547.0,0.02293,5.0,0.02294,176.0
1753617463734,11:57:43.734,gateio,ACH/USDT:USDT,0.02291,2026.0,0.0229,6547.0,0.02293,5.0,0.02294,176.0
1753617463886,11:57:43.886,gateio,ACH/USDT:USDT,0.02291,2026.0,0.0229,6547.0,0.02293,5.0,0.02294,176.0
1753617464081,11:57:44.081,gateio,ACH/USDT:USDT,0.02291,2026.0,0.0229,6547.0,0.02293,184.0,0.02294,176.0
1753617464191,11:57:44.191,gateio,ACH/USDT:USDT,0.02291,2026.0,0.0229,6547.0,0.02294,176.0,0.02295,2017.0
1753617464217,11:57:44.217,gateio,ACH/USDT:USDT,0.02291,2026.0,0.0229,6547.0,0.02293,5.0,0.02294,176.0
1753617464345,11:57:44.345,gateio,ACH/USDT:USDT,0.02291,2026.0,0.0229,6547.0,0.02293,5.0,0.02294,176.0
1753617465492,11:57:45.492,gateio,ACH/USDT:USDT,0.02292,179.0,0.02291,2026.0,0.02293,5.0,0.02294,176.0
1753617465524,11:57:45.524,gateio,ACH/USDT:USDT,0.02292,179.0,0.02291,2026.0,0.02293,5.0,0.02294,176.0
1753617465907,11:57:45.907,gateio,ACH/USDT:USDT,0.02292,179.0,0.02291,2026.0,0.02293,5.0,0.02294,176.0
1753617466708,11:57:46.708,gateio,ACH/USDT:USDT,0.02292,179.0,0.02291,2026.0,0.02293,5.0,0.02294,176.0
1753617466717,11:57:46.717,gateio,ACH/USDT:USDT,0.02292,179.0,0.02291,2026.0,0.02293,5.0,0.02294,234.0
1753617466816,11:57:46.816,gateio,ACH/USDT:USDT,0.02292,179.0,0.02291,2026.0,0.02293,5.0,0.02294,176.0
1753617467104,11:57:47.104,gateio,ACH/USDT:USDT,0.02292,179.0,0.02291,2026.0,0.02293,5.0,0.02294,176.0
1753617467166,11:57:47.166,gateio,ACH/USDT:USDT,0.02292,179.0,0.02291,2026.0,0.02293,25.0,0.02294,176.0
1753617467308,11:57:47.308,gateio,ACH/USDT:USDT,0.02291,2026.0,0.0229,6589.0,0.02293,25.0,0.02294,176.0
1753617467319,11:57:47.319,gateio,ACH/USDT:USDT,0.02291,2026.0,0.0229,6589.0,0.02293,20.0,0.02294,234.0
1753617467490,11:57:47.490,gateio,ACH/USDT:USDT,0.02291,2026.0,0.0229,6589.0,0.02293,199.0,0.02294,176.0
1753617467525,11:57:47.525,gateio,ACH/USDT:USDT,0.02291,2026.0,0.0229,6589.0,0.02293,199.0,0.02294,176.0
1753617467938,11:57:47.938,gateio,ACH/USDT:USDT,0.02291,2026.0,0.0229,6589.0,0.02293,199.0,0.02294,176.0
1753617468016,11:57:48.016,gateio,ACH/USDT:USDT,0.02291,2026.0,0.0229,6589.0,0.02293,199.0,0.02294,234.0
1753617468115,11:57:48.115,gateio,ACH/USDT:USDT,0.02291,2026.0,0.0229,6589.0,0.02293,199.0,0.02294,176.0
1753617468356,11:57:48.356,gateio,ACH/USDT:USDT,0.02291,2026.0,0.0229,6589.0,0.02293,199.0,0.02294,176.0
1753617470303,11:57:50.303,gateio,ACH/USDT:USDT,0.02291,2026.0,0.0229,6547.0,0.02293,199.0,0.02294,176.0
1753617470316,11:57:50.316,gateio,ACH/USDT:USDT,0.02291,2026.0,0.0229,6547.0,0.02293,199.0,0.02294,234.0
1753617470415,11:57:50.415,gateio,ACH/USDT:USDT,0.02291,2026.0,0.0229,6547.0,0.02293,199.0,0.02294,176.0
1753617471848,11:57:51.848,gateio,ACH/USDT:USDT,0.02291,2026.0,0.0229,6547.0,0.02293,199.0,0.02294,176.0
1753617471916,11:57:51.916,gateio,ACH/USDT:USDT,0.02291,2026.0,0.0229,6547.0,0.02293,199.0,0.02294,234.0
1753617472016,11:57:52.016,gateio,ACH/USDT:USDT,0.02291,2026.0,0.0229,6547.0,0.02293,199.0,0.02294,176.0
1753617473273,11:57:53.273,gateio,ACH/USDT:USDT,0.02292,174.0,0.02291,2026.0,0.02294,176.0,0.02295,812.0
1753617473371,11:57:53.371,gateio,ACH/USDT:USDT,0.02292,174.0,0.02291,2026.0,0.02294,176.0,0.02295,870.0
1753617473415,11:57:53.415,gateio,ACH/USDT:USDT,0.02292,174.0,0.02291,2026.0,0.02294,176.0,0.02295,812.0
1753617473994,11:57:53.994,gateio,ACH/USDT:USDT,0.02292,174.0,0.02291,2026.0,0.02294,176.0,0.02295,812.0
1753617474016,11:57:54.016,gateio,ACH/USDT:USDT,0.02292,174.0,0.02291,2026.0,0.02294,176.0,0.02295,870.0
1753617474143,11:57:54.143,gateio,ACH/USDT:USDT,0.02292,174.0,0.02291,2026.0,0.02294,176.0,0.02295,812.0
1753617474252,11:57:54.252,gateio,ACH/USDT:USDT,0.02292,174.0,0.02291,2026.0,0.02294,176.0,0.02295,812.0
1753617475052,11:57:55.052,gateio,ACH/USDT:USDT,0.02291,2026.0,0.0229,6589.0,0.02294,176.0,0.02295,812.0
1753617475157,11:57:55.157,gateio,ACH/USDT:USDT,0.02291,179.0,0.0229,6589.0,0.02292,20.0,0.02293,5.0
1753617475300,11:57:55.300,gateio,ACH/USDT:USDT,0.02291,2156.0,0.0229,6589.0,0.02293,63.0,0.02294,176.0
1753617475317,11:57:55.317,gateio,ACH/USDT:USDT,0.02291,2156.0,0.0229,6589.0,0.02293,58.0,0.02294,234.0
1753617475452,11:57:55.452,gateio,ACH/USDT:USDT,0.02291,2156.0,0.0229,6589.0,0.02293,58.0,0.02294,176.0
1753617475607,11:57:55.607,gateio,ACH/USDT:USDT,0.02291,2156.0,0.0229,6589.0,0.02293,58.0,0.02294,176.0
1753617475756,11:57:55.756,gateio,ACH/USDT:USDT,0.02291,2156.0,0.0229,6589.0,0.02293,58.0,0.02294,176.0
1753617475909,11:57:55.909,gateio,ACH/USDT:USDT,0.02291,2156.0,0.0229,6589.0,0.02293,232.0,0.02294,176.0
1753617475916,11:57:55.916,gateio,ACH/USDT:USDT,0.02291,2156.0,0.0229,6589.0,0.02293,232.0,0.02294,234.0
1753617476020,11:57:56.020,gateio,ACH/USDT:USDT,0.02291,2156.0,0.0229,6589.0,0.02293,232.0,0.02294,176.0
1753617476648,11:57:56.648,gateio,ACH/USDT:USDT,0.02291,2156.0,0.0229,6589.0,0.02293,232.0,0.02294,176.0
1753617476715,11:57:56.715,gateio,ACH/USDT:USDT,0.02291,2156.0,0.0229,6589.0,0.02293,232.0,0.02294,234.0
1753617476816,11:57:56.816,gateio,ACH/USDT:USDT,0.02291,2156.0,0.0229,6589.0,0.02293,232.0,0.02294,176.0
1753617477200,11:57:57.200,gateio,ACH/USDT:USDT,0.02292,174.0,0.02291,2156.0,0.02293,174.0,0.02294,176.0
1753617477242,11:57:57.242,gateio,ACH/USDT:USDT,0.02292,174.0,0.02291,2156.0,0.02293,25.0,0.02294,176.0
1753617477322,11:57:57.322,gateio,ACH/USDT:USDT,0.02292,174.0,0.02291,2156.0,0.02293,5.0,0.02294,234.0
1753617477416,11:57:57.416,gateio,ACH/USDT:USDT,0.02292,174.0,0.02291,2156.0,0.02293,5.0,0.02294,176.0
1753617478054,11:57:58.054,gateio,ACH/USDT:USDT,0.02292,174.0,0.02291,2156.0,0.02293,5.0,0.02294,176.0
1753617478116,11:57:58.116,gateio,ACH/USDT:USDT,0.02292,174.0,0.02291,2156.0,0.02293,5.0,0.02294,234.0
1753617478216,11:57:58.216,gateio,ACH/USDT:USDT,0.02292,174.0,0.02291,2156.0,0.02293,5.0,0.02294,176.0
1753617478467,11:57:58.467,gateio,ACH/USDT:USDT,0.02292,174.0,0.02291,2156.0,0.02293,5.0,0.02294,176.0
1753617481451,11:58:01.451,gateio,ACH/USDT:USDT,0.02292,174.0,0.02291,2156.0,0.02293,5.0,0.02294,176.0
1753617481536,11:58:01.536,gateio,ACH/USDT:USDT,0.02292,174.0,0.02291,2156.0,0.02293,5.0,0.02294,234.0
1753617481616,11:58:01.616,gateio,ACH/USDT:USDT,0.02292,174.0,0.02291,2156.0,0.02293,5.0,0.02294,176.0
1753617486158,11:58:06.158,gateio,ACH/USDT:USDT,0.02292,174.0,0.02291,2156.0,0.02293,5.0,0.02294,176.0
1753617486218,11:58:06.218,gateio,ACH/USDT:USDT,0.02292,174.0,0.02291,2156.0,0.02293,5.0,0.02294,234.0
1753617486315,11:58:06.315,gateio,ACH/USDT:USDT,0.02292,174.0,0.02291,2156.0,0.02293,5.0,0.02294,176.0
1753617487263,11:58:07.263,gateio,ACH/USDT:USDT,0.02292,174.0,0.02291,2156.0,0.02293,5.0,0.02294,176.0
1753617487316,11:58:07.316,gateio,ACH/USDT:USDT,0.02292,174.0,0.02291,2156.0,0.02293,5.0,0.02294,234.0
1753617487415,11:58:07.415,gateio,ACH/USDT:USDT,0.02292,174.0,0.02291,2156.0,0.02293,5.0,0.02294,176.0
1753617488652,11:58:08.652,gateio,ACH/USDT:USDT,0.02292,174.0,0.02291,2156.0,0.02293,5.0,0.02294,176.0
1753617488759,11:58:08.759,gateio,ACH/USDT:USDT,0.02292,174.0,0.02291,2156.0,0.02293,5.0,0.02294,234.0
1753617488888,11:58:08.888,gateio,ACH/USDT:USDT,0.02292,174.0,0.02291,2156.0,0.02293,5.0,0.02294,176.0
1753617489041,11:58:09.041,gateio,ACH/USDT:USDT,0.02292,174.0,0.02291,2156.0,0.02293,5.0,0.02294,176.0
1753617489485,11:58:09.485,gateio,ACH/USDT:USDT,0.02292,174.0,0.02291,2156.0,0.02293,5.0,0.02294,176.0
1753617490800,11:58:10.800,gateio,ACH/USDT:USDT,0.02292,174.0,0.02291,2156.0,0.02293,5.0,0.02294,176.0
1753617491791,11:58:11.791,gateio,ACH/USDT:USDT,0.02292,174.0,0.02291,2156.0,0.02293,5.0,0.02294,176.0
1753617491897,11:58:11.897,gateio,ACH/USDT:USDT,0.02291,2156.0,0.0229,6547.0,0.02293,5.0,0.02294,176.0
1753617491941,11:58:11.941,gateio,ACH/USDT:USDT,0.02291,2156.0,0.0229,6547.0,0.02293,5.0,0.02294,176.0
1753617492092,11:58:12.092,gateio,ACH/USDT:USDT,0.02291,2156.0,0.0229,6547.0,0.02293,177.0,0.02294,176.0
1753617492115,11:58:12.115,gateio,ACH/USDT:USDT,0.02291,2156.0,0.0229,6547.0,0.02293,172.0,0.02294,176.0
1753617492245,11:58:12.245,gateio,ACH/USDT:USDT,0.02291,2156.0,0.0229,6547.0,0.02294,176.0,0.02295,812.0
1753617492399,11:58:12.399,gateio,ACH/USDT:USDT,0.02291,2156.0,0.0229,6547.0,0.02293,177.0,0.02294,176.0
1753617492415,11:58:12.415,gateio,ACH/USDT:USDT,0.02291,2156.0,0.0229,6547.0,0.02293,172.0,0.02294,176.0
1753617492551,11:58:12.551,gateio,ACH/USDT:USDT,0.02291,2156.0,0.0229,6547.0,0.02294,176.0,0.02295,812.0
1753617492705,11:58:12.705,gateio,ACH/USDT:USDT,0.02291,2156.0,0.0229,6547.0,0.02293,5.0,0.02294,176.0
1753617492868,11:58:12.868,gateio,ACH/USDT:USDT,0.02292,172.0,0.02291,2156.0,0.02293,5.0,0.02294,176.0
1753617492945,11:58:12.945,gateio,ACH/USDT:USDT,0.02292,172.0,0.02291,2156.0,0.02293,5.0,0.02294,176.0
1753617493359,11:58:13.359,gateio,ACH/USDT:USDT,0.02292,172.0,0.02291,2156.0,0.02293,5.0,0.02294,176.0
1753617493774,11:58:13.774,gateio,ACH/USDT:USDT,0.02292,172.0,0.02291,2156.0,0.02293,5.0,0.02294,176.0
1753617494031,11:58:14.031,gateio,ACH/USDT:USDT,0.02292,172.0,0.02291,2156.0,0.02293,177.0,0.02294,176.0
1753617494232,11:58:14.232,gateio,ACH/USDT:USDT,0.02292,172.0,0.02291,2156.0,0.02293,177.0,0.02294,176.0
1753617494774,11:58:14.774,gateio,ACH/USDT:USDT,0.02291,2156.0,0.0229,6547.0,0.02293,177.0,0.02294,176.0
1753617494822,11:58:14.822,gateio,ACH/USDT:USDT,0.02291,2156.0,0.0229,6547.0,0.02294,176.0,0.02295,2530.0
1753617494996,11:58:14.996,gateio,ACH/USDT:USDT,0.02291,2156.0,0.0229,6547.0,0.02293,5.0,0.02294,176.0
1753617495128,11:58:15.128,gateio,ACH/USDT:USDT,0.02291,2156.0,0.0229,6547.0,0.02293,5.0,0.02294,176.0
1753617495278,11:58:15.278,gateio,ACH/USDT:USDT,0.02291,2156.0,0.0229,6547.0,0.02293,177.0,0.02294,176.0
1753617495408,11:58:15.408,gateio,ACH/USDT:USDT,0.02291,2156.0,0.0229,6547.0,0.02293,172.0,0.02294,176.0
