timestamp,time,exchange,symbol,bid1_price,bid1_volume,bid2_price,bid2_volume,ask1_price,ask1_volume,ask2_price,ask2_volume
1753617160000,11:52:40.000,gateio,AEVO/USDT:USDT,0.11102,1.0,0.11101,166.0,0.11103,8.0,0.11104,166.0
1753617160543,11:52:40.543,gateio,AEVO/USDT:USDT,0.11102,233.0,0.11101,166.0,0.11103,8.0,0.11104,166.0
1753617161051,11:52:41.051,gateio,AEVO/USDT:USDT,0.11102,233.0,0.11101,166.0,0.11103,8.0,0.11104,166.0
1753617161687,11:52:41.687,gateio,AEVO/USDT:USDT,0.11102,1.0,0.11101,656.0,0.11103,174.0,0.11106,166.0
1753617161772,11:52:41.772,gateio,AEVO/USDT:USDT,0.11102,1.0,0.111,80.0,0.11103,166.0,0.11105,17.0
1753617161880,11:52:41.880,gateio,AEVO/USDT:USDT,0.11101,656.0,0.111,247.0,0.11103,166.0,0.11105,17.0
1753617162075,11:52:42.075,gateio,AEVO/USDT:USDT,0.11102,1.0,0.11101,656.0,0.11104,166.0,0.11105,17.0
1753617162230,11:52:42.230,gateio,AEVO/USDT:USDT,0.11102,1.0,0.111,246.0,0.11106,166.0,0.11107,40.0
1753617162463,11:52:42.463,gateio,AEVO/USDT:USDT,0.111,246.0,0.11099,80.0,0.11106,166.0,0.11107,40.0
1753617162487,11:52:42.487,gateio,AEVO/USDT:USDT,0.11101,1.0,0.111,246.0,0.11104,166.0,0.11105,17.0
1753617162587,11:52:42.587,gateio,AEVO/USDT:USDT,0.11101,1.0,0.111,246.0,0.11103,174.0,0.11106,166.0
1753617162762,11:52:42.762,gateio,AEVO/USDT:USDT,0.11101,167.0,0.111,246.0,0.11106,166.0,0.11107,80.0
1753617162781,11:52:42.781,gateio,AEVO/USDT:USDT,0.11101,167.0,0.111,80.0,0.11104,166.0,0.11105,17.0
1753617162885,11:52:42.885,gateio,AEVO/USDT:USDT,0.11101,1.0,0.111,80.0,0.11103,8.0,0.11104,166.0
1753617162977,11:52:42.977,gateio,AEVO/USDT:USDT,0.111,247.0,0.11099,80.0,0.11103,183.0,0.11106,166.0
1753617163069,11:52:43.069,gateio,AEVO/USDT:USDT,0.111,247.0,0.11099,80.0,0.11103,174.0,0.11106,166.0
1753617163446,11:52:43.446,gateio,AEVO/USDT:USDT,0.111,81.0,0.11099,80.0,0.11103,8.0,0.11106,166.0
1753617163476,11:52:43.476,gateio,AEVO/USDT:USDT,0.111,81.0,0.11099,80.0,0.11105,17.0,0.11106,166.0
1753617163652,11:52:43.652,gateio,AEVO/USDT:USDT,0.11101,166.0,0.111,81.0,0.11105,183.0,0.11107,40.0
1753617163701,11:52:43.701,gateio,AEVO/USDT:USDT,0.11102,167.0,0.111,80.0,0.11105,183.0,0.11107,80.0
1753617163775,11:52:43.775,gateio,AEVO/USDT:USDT,0.11102,167.0,0.111,80.0,0.11105,174.0,0.11107,80.0
1753617164095,11:52:44.095,gateio,AEVO/USDT:USDT,0.11102,167.0,0.111,80.0,0.11105,174.0,0.11107,80.0
1753617164223,11:52:44.223,gateio,AEVO/USDT:USDT,0.11103,166.0,0.11102,1.0,0.11105,8.0,0.11111,173.0
1753617164286,11:52:44.286,gateio,AEVO/USDT:USDT,0.11103,166.0,0.111,40.0,0.11109,166.0,0.1111,97.0
1753617164426,11:52:44.426,gateio,AEVO/USDT:USDT,0.11104,167.0,0.111,40.0,0.11107,206.0,0.11108,57.0
1753617164470,11:52:44.470,gateio,AEVO/USDT:USDT,0.11104,167.0,0.111,40.0,0.11106,8.0,0.11107,206.0
1753617164626,11:52:44.626,gateio,AEVO/USDT:USDT,0.11101,166.0,0.111,80.0,0.11106,183.0,0.11107,80.0
1753617164679,11:52:44.679,gateio,AEVO/USDT:USDT,0.11103,166.0,0.11102,1.0,0.11106,17.0,0.11107,80.0
1753617164787,11:52:44.787,gateio,AEVO/USDT:USDT,0.11104,167.0,0.11103,166.0,0.11107,263.0,0.11108,40.0
1753617164938,11:52:44.938,gateio,AEVO/USDT:USDT,0.11104,167.0,0.11101,166.0,0.11107,254.0,0.11108,40.0
1753617165340,11:52:45.340,gateio,AEVO/USDT:USDT,0.11104,167.0,0.11101,166.0,0.11107,254.0,0.11108,40.0
1753617165532,11:52:45.532,gateio,AEVO/USDT:USDT,0.11104,1.0,0.11101,166.0,0.11106,166.0,0.11107,88.0
1753617165605,11:52:45.605,gateio,AEVO/USDT:USDT,0.11104,167.0,0.11101,166.0,0.11107,48.0,0.11108,40.0
1753617165707,11:52:45.707,gateio,AEVO/USDT:USDT,0.11104,166.0,0.11102,1.0,0.11107,206.0,0.11108,57.0
1753617165853,11:52:45.853,gateio,AEVO/USDT:USDT,0.11105,1.0,0.11101,166.0,0.11106,8.0,0.11107,206.0
1753617165955,11:52:45.955,gateio,AEVO/USDT:USDT,0.11104,656.0,0.11103,166.0,0.11106,8.0,0.11107,40.0
1753617165970,11:52:45.970,gateio,AEVO/USDT:USDT,0.11104,656.0,0.11103,166.0,0.11106,166.0,0.11107,40.0
1753617166148,11:52:46.148,gateio,AEVO/USDT:USDT,0.11104,656.0,0.11103,166.0,0.11106,166.0,0.11107,40.0
1753617166211,11:52:46.211,gateio,AEVO/USDT:USDT,0.11104,656.0,0.11103,166.0,0.11109,40.0,0.1111,40.0
1753617166362,11:52:46.362,gateio,AEVO/USDT:USDT,0.11105,1.0,0.11104,656.0,0.11108,166.0,0.11109,80.0
1753617166387,11:52:46.387,gateio,AEVO/USDT:USDT,0.11105,1.0,0.11101,166.0,0.11107,174.0,0.11109,80.0
1753617166544,11:52:46.544,gateio,AEVO/USDT:USDT,0.11104,166.0,0.11103,1057.0,0.11107,166.0,0.11109,80.0
1753617166651,11:52:46.651,gateio,AEVO/USDT:USDT,0.11105,1.0,0.11101,166.0,0.11106,174.0,0.11109,80.0
1753617166687,11:52:46.687,gateio,AEVO/USDT:USDT,0.11103,166.0,0.11102,1.0,0.11106,166.0,0.11109,97.0
1753617166776,11:52:46.776,gateio,AEVO/USDT:USDT,0.11104,1.0,0.11103,166.0,0.11105,8.0,0.11106,166.0
1753617167005,11:52:47.005,gateio,AEVO/USDT:USDT,0.11104,1.0,0.11103,166.0,0.11105,8.0,0.11106,166.0
1753617167076,11:52:47.076,gateio,AEVO/USDT:USDT,0.11104,1.0,0.11103,166.0,0.11105,8.0,0.11106,166.0
1753617167440,11:52:47.440,gateio,AEVO/USDT:USDT,0.11104,1.0,0.11103,166.0,0.11105,8.0,0.11106,166.0
1753617168149,11:52:48.149,gateio,AEVO/USDT:USDT,0.11104,167.0,0.11101,166.0,0.11105,8.0,0.11107,166.0
1753617168242,11:52:48.242,gateio,AEVO/USDT:USDT,0.11104,166.0,0.11102,1.0,0.11106,17.0,0.11107,166.0
1753617168326,11:52:48.326,gateio,AEVO/USDT:USDT,0.11101,166.0,0.111,80.0,0.11106,183.0,0.11107,80.0
1753617168385,11:52:48.385,gateio,AEVO/USDT:USDT,0.11103,166.0,0.11102,1.0,0.11106,17.0,0.11107,40.0
1753617168526,11:52:48.526,gateio,AEVO/USDT:USDT,0.11104,167.0,0.11101,166.0,0.11108,166.0,0.11109,40.0
1753617168657,11:52:48.657,gateio,AEVO/USDT:USDT,0.11104,167.0,0.11101,166.0,0.11107,183.0,0.11109,40.0
1753617168669,11:52:48.669,gateio,AEVO/USDT:USDT,0.11104,167.0,0.11101,166.0,0.11107,174.0,0.11109,40.0
1753617168849,11:52:48.849,gateio,AEVO/USDT:USDT,0.11105,166.0,0.11104,1.0,0.11107,8.0,0.11109,40.0
1753617168956,11:52:48.956,gateio,AEVO/USDT:USDT,0.11103,246.0,0.11102,1789.0,0.11109,17.0,0.1112,172.0
1753617169006,11:52:49.006,gateio,AEVO/USDT:USDT,0.11105,166.0,0.11104,167.0,0.11118,166.0,0.11119,17.0
1753617169161,11:52:49.161,gateio,AEVO/USDT:USDT,0.11108,166.0,0.11107,246.0,0.11115,166.0,0.11116,40.0
1753617169186,11:52:49.186,gateio,AEVO/USDT:USDT,0.1111,166.0,0.11109,1.0,0.11113,166.0,0.11114,17.0
1753617169299,11:52:49.299,gateio,AEVO/USDT:USDT,0.11111,1.0,0.1111,166.0,0.11112,8.0,0.11113,166.0
1753617169491,11:52:49.491,gateio,AEVO/USDT:USDT,0.11111,1.0,0.1111,166.0,0.11112,8.0,0.11113,166.0
1753617169674,11:52:49.674,gateio,AEVO/USDT:USDT,0.11111,1.0,0.1111,166.0,0.11112,8.0,0.11113,166.0
1753617170004,11:52:50.004,gateio,AEVO/USDT:USDT,0.11111,1.0,0.1111,166.0,0.11112,8.0,0.11113,166.0
1753617170136,11:52:50.136,gateio,AEVO/USDT:USDT,0.11111,1.0,0.11108,166.0,0.11112,174.0,0.11115,166.0
1753617170245,11:52:50.245,gateio,AEVO/USDT:USDT,0.11109,1.0,0.11107,80.0,0.11113,166.0,0.11114,17.0
1753617170306,11:52:50.306,gateio,AEVO/USDT:USDT,0.11108,166.0,0.11107,80.0,0.11112,17.0,0.11113,166.0
1753617170386,11:52:50.386,gateio,AEVO/USDT:USDT,0.1111,166.0,0.11109,1.0,0.11112,17.0,0.11113,166.0
1753617170538,11:52:50.538,gateio,AEVO/USDT:USDT,0.11108,166.0,0.11107,80.0,0.11112,17.0,0.11113,166.0
1753617170658,11:52:50.658,gateio,AEVO/USDT:USDT,0.1111,166.0,0.11109,1.0,0.11112,17.0,0.11115,166.0
1753617170727,11:52:50.727,gateio,AEVO/USDT:USDT,0.11108,166.0,0.11107,80.0,0.11114,17.0,0.11116,40.0
1753617170786,11:52:50.786,gateio,AEVO/USDT:USDT,0.1111,166.0,0.11109,1.0,0.11115,166.0,0.11116,40.0
1753617170889,11:52:50.889,gateio,AEVO/USDT:USDT,0.11111,1.0,0.1111,166.0,0.11113,173.0,0.11114,190.0
1753617171041,11:52:51.041,gateio,AEVO/USDT:USDT,0.11111,1.0,0.1111,166.0,0.11113,173.0,0.11116,40.0
1753617171545,11:52:51.545,gateio,AEVO/USDT:USDT,0.11111,174.0,0.11108,166.0,0.11115,173.0,0.11116,40.0
1753617171660,11:52:51.660,gateio,AEVO/USDT:USDT,0.11111,1.0,0.11108,166.0,0.11114,17.0,0.11116,40.0
1753617171708,11:52:51.708,gateio,AEVO/USDT:USDT,0.11111,173.0,0.1111,40.0,0.11115,173.0,0.11116,40.0
1753617171856,11:52:51.856,gateio,AEVO/USDT:USDT,0.11112,174.0,0.1111,40.0,0.11114,17.0,0.11116,40.0
1753617171956,11:52:51.956,gateio,AEVO/USDT:USDT,0.11111,173.0,0.1111,40.0,0.11116,173.0,0.11117,17.0
1753617172029,11:52:52.029,gateio,AEVO/USDT:USDT,0.11112,174.0,0.1111,40.0,0.11115,190.0,0.11118,166.0
1753617172074,11:52:52.074,gateio,AEVO/USDT:USDT,0.11112,174.0,0.1111,40.0,0.11115,181.0,0.11118,166.0
1753617172359,11:52:52.359,gateio,AEVO/USDT:USDT,0.11113,173.0,0.11112,1.0,0.11115,8.0,0.11118,206.0
1753617172387,11:52:52.387,gateio,AEVO/USDT:USDT,0.11113,173.0,0.1111,40.0,0.11116,173.0,0.11117,17.0
1753617172470,11:52:52.470,gateio,AEVO/USDT:USDT,0.11114,1.0,0.11113,173.0,0.11115,8.0,0.11116,173.0
1753617172565,11:52:52.565,gateio,AEVO/USDT:USDT,0.11114,1.0,0.11113,173.0,0.11115,8.0,0.11116,173.0
1753617172792,11:52:52.792,gateio,AEVO/USDT:USDT,0.11114,1.0,0.1111,40.0,0.11115,181.0,0.11118,40.0
1753617172886,11:52:52.886,gateio,AEVO/USDT:USDT,0.11111,173.0,0.1111,40.0,0.11115,173.0,0.11118,40.0
1753617172988,11:52:52.988,gateio,AEVO/USDT:USDT,0.11112,174.0,0.1111,40.0,0.11114,17.0,0.11118,40.0
1753617173094,11:52:53.094,gateio,AEVO/USDT:USDT,0.11112,173.0,0.1111,40.0,0.11117,173.0,0.11118,40.0
1753617173234,11:52:53.234,gateio,AEVO/USDT:USDT,0.11113,174.0,0.1111,40.0,0.11116,190.0,0.11118,40.0
1753617173269,11:52:53.269,gateio,AEVO/USDT:USDT,0.11113,174.0,0.1111,40.0,0.11116,181.0,0.11118,40.0
1753617173439,11:52:53.439,gateio,AEVO/USDT:USDT,0.11113,1.0,0.1111,40.0,0.11115,173.0,0.11116,181.0
1753617173552,11:52:53.552,gateio,AEVO/USDT:USDT,0.1111,213.0,0.11109,41.0,0.11115,173.0,0.11116,213.0
1753617173632,11:52:53.632,gateio,AEVO/USDT:USDT,0.11111,1.0,0.1111,173.0,0.11113,173.0,0.11114,17.0
1753617173706,11:52:53.706,gateio,AEVO/USDT:USDT,0.11111,1.0,0.1111,173.0,0.11114,173.0,0.11115,40.0
1753617173852,11:52:53.852,gateio,AEVO/USDT:USDT,0.11111,1.0,0.11108,206.0,0.11112,173.0,0.11113,8.0
1753617173907,11:52:53.907,gateio,AEVO/USDT:USDT,0.1111,173.0,0.11109,1.0,0.11114,173.0,0.11115,57.0
1753617174048,11:52:54.048,gateio,AEVO/USDT:USDT,0.11111,1.0,0.1111,173.0,0.11113,190.0,0.11115,40.0
1753617174120,11:52:54.120,gateio,AEVO/USDT:USDT,0.11111,1.0,0.1111,173.0,0.11113,173.0,0.11115,40.0
1753617174164,11:52:54.164,gateio,AEVO/USDT:USDT,0.11111,1.0,0.1111,173.0,0.11113,173.0,0.11115,40.0
1753617174463,11:52:54.463,gateio,AEVO/USDT:USDT,0.11111,1.0,0.11108,40.0,0.11113,173.0,0.11115,40.0
1753617174486,11:52:54.486,gateio,AEVO/USDT:USDT,0.11109,173.0,0.11108,40.0,0.11113,173.0,0.11115,40.0
1753617174596,11:52:54.596,gateio,AEVO/USDT:USDT,0.1111,174.0,0.11108,40.0,0.11112,17.0,0.11113,173.0
1753617174669,11:52:54.669,gateio,AEVO/USDT:USDT,0.1111,173.0,0.11108,40.0,0.11112,17.0,0.11113,173.0
1753617174795,11:52:54.795,gateio,AEVO/USDT:USDT,0.11109,173.0,0.11108,40.0,0.11112,190.0,0.11115,40.0
1753617174896,11:52:54.896,gateio,AEVO/USDT:USDT,0.1111,1.0,0.11109,173.0,0.11112,181.0,0.11115,40.0
1753617175020,11:52:55.020,gateio,AEVO/USDT:USDT,0.1111,174.0,0.11108,40.0,0.11114,173.0,0.11115,40.0
1753617175075,11:52:55.075,gateio,AEVO/USDT:USDT,0.1111,174.0,0.11108,40.0,0.11113,190.0,0.11115,40.0
1753617175175,11:52:55.175,gateio,AEVO/USDT:USDT,0.1111,174.0,0.11108,40.0,0.11113,181.0,0.11115,40.0
1753617175281,11:52:55.281,gateio,AEVO/USDT:USDT,0.1111,174.0,0.11108,40.0,0.11113,181.0,0.11115,40.0
1753617175452,11:52:55.452,gateio,AEVO/USDT:USDT,0.1111,174.0,0.11108,40.0,0.11113,181.0,0.11115,40.0
1753617175597,11:52:55.597,gateio,AEVO/USDT:USDT,0.1111,1.0,0.11108,40.0,0.11112,173.0,0.11113,8.0
1753617175695,11:52:55.695,gateio,AEVO/USDT:USDT,0.11109,173.0,0.11108,40.0,0.11112,173.0,0.11115,40.0
1753617175859,11:52:55.859,gateio,AEVO/USDT:USDT,0.1111,1.0,0.11108,40.0,0.11111,181.0,0.11115,40.0
1753617175941,11:52:55.941,gateio,AEVO/USDT:USDT,0.11108,40.0,0.11107,40.0,0.11114,173.0,0.11115,57.0
1753617176041,11:52:56.041,gateio,AEVO/USDT:USDT,0.11109,173.0,0.11108,40.0,0.11113,190.0,0.11115,40.0
1753617176113,11:52:56.113,gateio,AEVO/USDT:USDT,0.1111,174.0,0.11109,173.0,0.11113,17.0,0.11115,40.0
1753617176239,11:52:56.239,gateio,AEVO/USDT:USDT,0.1111,174.0,0.11108,40.0,0.11114,173.0,0.11115,57.0
1753617176288,11:52:56.288,gateio,AEVO/USDT:USDT,0.1111,174.0,0.11108,40.0,0.11113,190.0,0.11114,173.0
1753617176440,11:52:56.440,gateio,AEVO/USDT:USDT,0.1111,174.0,0.11108,40.0,0.11113,181.0,0.11115,40.0
1753617176533,11:52:56.533,gateio,AEVO/USDT:USDT,0.1111,174.0,0.11108,40.0,0.11113,181.0,0.11115,40.0
1753617177780,11:52:57.780,gateio,AEVO/USDT:USDT,0.1111,174.0,0.11108,40.0,0.11113,181.0,0.11115,40.0
1753617177954,11:52:57.954,gateio,AEVO/USDT:USDT,0.1111,174.0,0.11108,40.0,0.11113,181.0,0.11115,40.0
1753617178186,11:52:58.186,gateio,AEVO/USDT:USDT,0.1111,174.0,0.11108,40.0,0.11113,221.0,0.11114,80.0
1753617178282,11:52:58.282,gateio,AEVO/USDT:USDT,0.1111,174.0,0.11108,40.0,0.11113,221.0,0.11114,80.0
1753617178578,11:52:58.578,gateio,AEVO/USDT:USDT,0.1111,174.0,0.11108,40.0,0.11113,221.0,0.11114,80.0
1753617178709,11:52:58.709,gateio,AEVO/USDT:USDT,0.1111,1.0,0.11107,40.0,0.11112,173.0,0.11113,48.0
1753617178772,11:52:58.772,gateio,AEVO/USDT:USDT,0.11108,173.0,0.11107,40.0,0.11112,173.0,0.11113,40.0
1753617178886,11:52:58.886,gateio,AEVO/USDT:USDT,0.11109,174.0,0.11107,40.0,0.11111,17.0,0.11112,173.0
1753617178993,11:52:58.993,gateio,AEVO/USDT:USDT,0.11109,173.0,0.11107,40.0,0.11111,17.0,0.11112,173.0
1753617179226,11:52:59.226,gateio,AEVO/USDT:USDT,0.11108,173.0,0.11106,80.0,0.11111,17.0,0.11113,40.0
1753617179298,11:52:59.298,gateio,AEVO/USDT:USDT,0.11109,174.0,0.11106,80.0,0.11113,173.0,0.11114,97.0
1753617179426,11:52:59.426,gateio,AEVO/USDT:USDT,0.11109,1.0,0.11105,166.0,0.11111,173.0,0.11112,97.0
1753617179522,11:52:59.522,gateio,AEVO/USDT:USDT,0.11106,1.0,0.11105,166.0,0.11111,173.0,0.11112,80.0
1753617179586,11:52:59.586,gateio,AEVO/USDT:USDT,0.11106,1.0,0.11098,500.0,0.11109,173.0,0.1111,97.0
1753617179711,11:52:59.711,gateio,AEVO/USDT:USDT,0.111,173.0,0.11099,1.0,0.11108,181.0,0.1111,80.0
1753617179827,11:52:59.827,gateio,AEVO/USDT:USDT,0.11102,173.0,0.11101,1.0,0.11107,9.0,0.11108,181.0
1753617179886,11:52:59.886,gateio,AEVO/USDT:USDT,0.11104,173.0,0.11103,1.0,0.11107,49.0,0.11108,221.0
1753617180026,11:53:00.026,gateio,AEVO/USDT:USDT,0.11105,174.0,0.11102,173.0,0.11107,49.0,0.11108,221.0
1753617180146,11:53:00.146,gateio,AEVO/USDT:USDT,0.11096,172.0,0.11094,1789.0,0.11107,49.0,0.11108,221.0
1753617180252,11:53:00.252,gateio,AEVO/USDT:USDT,0.111,1598.0,0.11099,173.0,0.11107,182.0,0.11108,181.0
1753617180336,11:53:00.336,gateio,AEVO/USDT:USDT,0.11102,173.0,0.11101,41.0,0.11106,8.0,0.11107,182.0
1753617180405,11:53:00.405,gateio,AEVO/USDT:USDT,0.11104,173.0,0.11103,1.0,0.11106,8.0,0.11107,182.0
1753617180539,11:53:00.539,gateio,AEVO/USDT:USDT,0.11102,173.0,0.11101,40.0,0.11106,8.0,0.11107,182.0
1753617180657,11:53:00.657,gateio,AEVO/USDT:USDT,0.11104,173.0,0.11103,1.0,0.11106,8.0,0.11107,182.0
1753617180725,11:53:00.725,gateio,AEVO/USDT:USDT,0.11102,173.0,0.11101,40.0,0.11106,8.0,0.11107,182.0
1753617180838,11:53:00.838,gateio,AEVO/USDT:USDT,0.11104,173.0,0.11103,1.0,0.11106,8.0,0.11107,9.0
1753617180930,11:53:00.930,gateio,AEVO/USDT:USDT,0.11102,173.0,0.11101,40.0,0.11108,250.0,0.11109,40.0
1753617180988,11:53:00.988,gateio,AEVO/USDT:USDT,0.11104,170.0,0.11103,1.0,0.11107,17.0,0.11108,250.0
1753617181088,11:53:01.088,gateio,AEVO/USDT:USDT,0.11105,171.0,0.11102,173.0,0.11107,17.0,0.11108,250.0
1753617181240,11:53:01.240,gateio,AEVO/USDT:USDT,0.11102,173.0,0.11101,40.0,0.11107,17.0,0.11108,250.0
1753617181293,11:53:01.293,gateio,AEVO/USDT:USDT,0.11105,170.0,0.11104,656.0,0.11107,17.0,0.11108,210.0
1753617181390,11:53:01.390,gateio,AEVO/USDT:USDT,0.11105,170.0,0.11104,656.0,0.11107,17.0,0.11108,210.0
1753617181500,11:53:01.500,gateio,AEVO/USDT:USDT,0.11105,170.0,0.11104,656.0,0.11107,17.0,0.11108,210.0
1753617181746,11:53:01.746,gateio,AEVO/USDT:USDT,0.11104,170.0,0.11103,1598.0,0.11107,17.0,0.11108,210.0
1753617181837,11:53:01.837,gateio,AEVO/USDT:USDT,0.11105,1.0,0.11104,170.0,0.11107,17.0,0.11108,210.0
1753617181881,11:53:01.881,gateio,AEVO/USDT:USDT,0.11105,171.0,0.11102,173.0,0.11107,17.0,0.11108,210.0
1753617182034,11:53:02.034,gateio,AEVO/USDT:USDT,0.11102,173.0,0.11101,40.0,0.11107,17.0,0.11108,210.0
1753617182087,11:53:02.087,gateio,AEVO/USDT:USDT,0.11104,170.0,0.11103,1.0,0.11107,17.0,0.11108,40.0
1753617182210,11:53:02.210,gateio,AEVO/USDT:USDT,0.11106,170.0,0.11105,1.0,0.11112,170.0,0.11113,80.0
1753617182294,11:53:02.294,gateio,AEVO/USDT:USDT,0.11107,171.0,0.11104,170.0,0.1111,170.0,0.11111,17.0
1753617182419,11:53:02.419,gateio,AEVO/USDT:USDT,0.11107,1.0,0.11104,170.0,0.11109,178.0,0.1111,80.0
1753617182486,11:53:02.486,gateio,AEVO/USDT:USDT,0.11107,1.0,0.11104,170.0,0.11109,8.0,0.1111,80.0
1753617182650,11:53:02.650,gateio,AEVO/USDT:USDT,0.11108,170.0,0.11107,1.0,0.11109,8.0,0.11115,173.0
1753617182762,11:53:02.762,gateio,AEVO/USDT:USDT,0.11108,210.0,0.11107,41.0,0.11109,8.0,0.11115,173.0
1753617182858,11:53:02.858,gateio,AEVO/USDT:USDT,0.11108,210.0,0.11107,41.0,0.11109,8.0,0.11115,173.0
1753617182928,11:53:02.928,gateio,AEVO/USDT:USDT,0.11109,170.0,0.11108,40.0,0.1111,9.0,0.11114,8.0
1753617183008,11:53:03.008,gateio,AEVO/USDT:USDT,0.11109,170.0,0.11108,80.0,0.11113,170.0,0.11114,17.0
1753617183142,11:53:03.142,gateio,AEVO/USDT:USDT,0.1111,1.0,0.11109,170.0,0.11112,187.0,0.11113,170.0
1753617183206,11:53:03.206,gateio,AEVO/USDT:USDT,0.1111,171.0,0.11108,40.0,0.11115,173.0,0.11116,80.0
1753617183346,11:53:03.346,gateio,AEVO/USDT:USDT,0.11111,170.0,0.1111,1.0,0.11114,187.0,0.11116,80.0
1753617183399,11:53:03.399,gateio,AEVO/USDT:USDT,0.11112,171.0,0.11108,40.0,0.11114,8.0,0.11116,250.0
1753617183555,11:53:03.555,gateio,AEVO/USDT:USDT,0.11112,170.0,0.11108,40.0,0.11115,187.0,0.11116,80.0
1753617183658,11:53:03.658,gateio,AEVO/USDT:USDT,0.11113,1.0,0.11108,40.0,0.11115,8.0,0.11116,40.0
1753617183745,11:53:03.745,gateio,AEVO/USDT:USDT,0.11109,170.0,0.11108,40.0,0.11116,57.0,0.1112,670.0
1753617183860,11:53:03.860,gateio,AEVO/USDT:USDT,0.11112,170.0,0.11111,40.0,0.11119,187.0,0.11122,170.0
1753617183903,11:53:03.903,gateio,AEVO/USDT:USDT,0.11114,170.0,0.11113,1.0,0.11119,187.0,0.11122,170.0
1753617184058,11:53:04.058,gateio,AEVO/USDT:USDT,0.11115,1.0,0.11112,170.0,0.11119,17.0,0.11122,170.0
1753617184087,11:53:04.087,gateio,AEVO/USDT:USDT,0.11114,170.0,0.11113,1.0,0.1112,170.0,0.11121,17.0
1753617184256,11:53:04.256,gateio,AEVO/USDT:USDT,0.11115,1.0,0.11112,170.0,0.11118,170.0,0.11119,17.0
1753617184360,11:53:04.360,gateio,AEVO/USDT:USDT,0.11114,170.0,0.11113,1.0,0.11117,8.0,0.11118,170.0
1753617184456,11:53:04.456,gateio,AEVO/USDT:USDT,0.11115,171.0,0.11114,40.0,0.11117,17.0,0.11122,170.0
1753617184523,11:53:04.523,gateio,AEVO/USDT:USDT,0.11115,170.0,0.11112,170.0,0.1112,170.0,0.11121,57.0
1753617184646,11:53:04.646,gateio,AEVO/USDT:USDT,0.11116,1.0,0.11115,170.0,0.11118,170.0,0.11119,17.0
1753617184670,11:53:04.670,gateio,AEVO/USDT:USDT,0.11116,1.0,0.11115,170.0,0.11118,170.0,0.11121,40.0
1753617184857,11:53:04.857,gateio,AEVO/USDT:USDT,0.11116,1.0,0.11112,210.0,0.11118,170.0,0.11121,40.0
1753617184917,11:53:04.917,gateio,AEVO/USDT:USDT,0.11114,656.0,0.11113,1.0,0.11118,170.0,0.11121,40.0
1753617185052,11:53:05.052,gateio,AEVO/USDT:USDT,0.11115,171.0,0.11112,210.0,0.11117,17.0,0.11121,40.0
1753617185123,11:53:05.123,gateio,AEVO/USDT:USDT,0.11115,170.0,0.11112,170.0,0.1112,170.0,0.11121,57.0
1753617185186,11:53:05.186,gateio,AEVO/USDT:USDT,0.11116,1.0,0.11112,170.0,0.11118,170.0,0.11119,17.0
1753617185338,11:53:05.338,gateio,AEVO/USDT:USDT,0.11114,170.0,0.11113,1.0,0.1112,170.0,0.11121,40.0
1753617185398,11:53:05.398,gateio,AEVO/USDT:USDT,0.11115,171.0,0.11112,170.0,0.11118,170.0,0.11119,17.0
1753617185519,11:53:05.519,gateio,AEVO/USDT:USDT,0.11115,1.0,0.11112,170.0,0.11117,8.0,0.11118,40.0
1753617185656,11:53:05.656,gateio,AEVO/USDT:USDT,0.11115,170.0,0.11114,656.0,0.11118,227.0,0.11119,40.0
1753617185758,11:53:05.758,gateio,AEVO/USDT:USDT,0.11116,1.0,0.11115,170.0,0.11118,218.0,0.11119,40.0
1753617185818,11:53:05.818,gateio,AEVO/USDT:USDT,0.11116,1.0,0.11112,170.0,0.11118,40.0,0.11119,40.0
1753617185919,11:53:05.919,gateio,AEVO/USDT:USDT,0.11114,170.0,0.11113,1.0,0.11118,210.0,0.11119,57.0
1753617186004,11:53:06.004,gateio,AEVO/USDT:USDT,0.11115,171.0,0.11112,40.0,0.11117,17.0,0.11118,210.0
1753617186069,11:53:06.069,gateio,AEVO/USDT:USDT,0.11115,170.0,0.11112,80.0,0.11117,17.0,0.11118,210.0
1753617186207,11:53:06.207,gateio,AEVO/USDT:USDT,0.11113,170.0,0.11112,80.0,0.11117,187.0,0.11118,40.0
1753617186274,11:53:06.274,gateio,AEVO/USDT:USDT,0.11114,171.0,0.11112,80.0,0.11117,187.0,0.11118,40.0
1753617186369,11:53:06.369,gateio,AEVO/USDT:USDT,0.11114,171.0,0.11112,80.0,0.11117,178.0,0.11118,40.0
1753617186558,11:53:06.558,gateio,AEVO/USDT:USDT,0.11115,170.0,0.11114,1.0,0.11117,8.0,0.11118,40.0
1753617186658,11:53:06.658,gateio,AEVO/USDT:USDT,0.11115,170.0,0.11112,80.0,0.11118,210.0,0.11119,57.0
1753617186718,11:53:06.718,gateio,AEVO/USDT:USDT,0.11116,1.0,0.11114,170.0,0.11117,8.0,0.11118,210.0
1753617186839,11:53:06.839,gateio,AEVO/USDT:USDT,0.11115,1.0,0.11113,170.0,0.11117,8.0,0.11118,40.0
1753617186963,11:53:06.963,gateio,AEVO/USDT:USDT,0.11114,171.0,0.11112,80.0,0.11117,170.0,0.11118,40.0
1753617187026,11:53:07.026,gateio,AEVO/USDT:USDT,0.11114,171.0,0.11112,80.0,0.11116,8.0,0.11117,170.0
1753617187077,11:53:07.077,gateio,AEVO/USDT:USDT,0.11114,170.0,0.11112,80.0,0.11116,17.0,0.11118,40.0
1753617187237,11:53:07.237,gateio,AEVO/USDT:USDT,0.11114,170.0,0.11112,80.0,0.11118,40.0,0.11119,57.0
1753617187287,11:53:07.287,gateio,AEVO/USDT:USDT,0.11115,171.0,0.11112,80.0,0.11118,40.0,0.11119,57.0
1753617187447,11:53:07.447,gateio,AEVO/USDT:USDT,0.11115,171.0,0.11112,80.0,0.11118,210.0,0.11119,57.0
1753617187492,11:53:07.492,gateio,AEVO/USDT:USDT,0.11115,1.0,0.11112,80.0,0.11117,8.0,0.11118,210.0
1753617187648,11:53:07.648,gateio,AEVO/USDT:USDT,0.11115,170.0,0.11112,81.0,0.11117,17.0,0.11118,210.0
1753617187669,11:53:07.669,gateio,AEVO/USDT:USDT,0.11115,170.0,0.11112,80.0,0.11117,17.0,0.11118,210.0
1753617187828,11:53:07.828,gateio,AEVO/USDT:USDT,0.11115,170.0,0.11112,80.0,0.11117,17.0,0.11118,210.0
1753617189310,11:53:09.310,gateio,AEVO/USDT:USDT,0.11115,170.0,0.11112,80.0,0.11117,17.0,0.11118,40.0
1753617189446,11:53:09.446,gateio,AEVO/USDT:USDT,0.11115,170.0,0.11112,80.0,0.11118,210.0,0.11119,57.0
1753617189470,11:53:09.470,gateio,AEVO/USDT:USDT,0.11116,1.0,0.11115,170.0,0.11117,8.0,0.11118,210.0
1753617189624,11:53:09.624,gateio,AEVO/USDT:USDT,0.11116,171.0,0.11112,80.0,0.11117,8.0,0.11118,40.0
1753617189674,11:53:09.674,gateio,AEVO/USDT:USDT,0.11116,170.0,0.11112,81.0,0.11118,40.0,0.11119,57.0
1753617189852,11:53:09.852,gateio,AEVO/USDT:USDT,0.11116,170.0,0.11112,80.0,0.11118,40.0,0.11119,57.0
1753617189865,11:53:09.865,gateio,AEVO/USDT:USDT,0.11116,170.0,0.11112,80.0,0.11118,40.0,0.11119,57.0
1753617190061,11:53:10.061,gateio,AEVO/USDT:USDT,0.11116,170.0,0.11115,80.0,0.11119,17.0,0.1112,170.0
1753617190075,11:53:10.075,gateio,AEVO/USDT:USDT,0.11117,171.0,0.11115,80.0,0.11119,17.0,0.1112,170.0
1753617190185,11:53:10.185,gateio,AEVO/USDT:USDT,0.11117,170.0,0.11115,80.0,0.11119,17.0,0.1112,170.0
1753617190281,11:53:10.281,gateio,AEVO/USDT:USDT,0.11117,170.0,0.11115,80.0,0.11119,17.0,0.1112,170.0
1753617191571,11:53:11.571,gateio,AEVO/USDT:USDT,0.11117,170.0,0.11115,80.0,0.11119,17.0,0.11126,169.0
1753617191710,11:53:11.710,gateio,AEVO/USDT:USDT,0.11117,170.0,0.11115,40.0,0.11123,173.0,0.11124,40.0
1753617191788,11:53:11.788,gateio,AEVO/USDT:USDT,0.11118,174.0,0.11115,40.0,0.11121,173.0,0.11122,17.0
1753617191873,11:53:11.873,gateio,AEVO/USDT:USDT,0.11118,174.0,0.11115,40.0,0.1112,8.0,0.11121,173.0
1753617191970,11:53:11.970,gateio,AEVO/USDT:USDT,0.11118,173.0,0.11115,40.0,0.1112,17.0,0.11121,173.0
1753617192152,11:53:12.152,gateio,AEVO/USDT:USDT,0.11118,173.0,0.11115,40.0,0.1112,17.0,0.11123,173.0
1753617192186,11:53:12.186,gateio,AEVO/USDT:USDT,0.11118,173.0,0.11115,40.0,0.11121,173.0,0.11122,57.0
1753617192349,11:53:12.349,gateio,AEVO/USDT:USDT,0.11119,1.0,0.11118,173.0,0.1112,8.0,0.11121,173.0
1753617192368,11:53:12.368,gateio,AEVO/USDT:USDT,0.11119,1.0,0.11118,173.0,0.1112,8.0,0.11121,173.0
1753617192483,11:53:12.483,gateio,AEVO/USDT:USDT,0.11119,1.0,0.11115,40.0,0.1112,181.0,0.11122,40.0
1753617192586,11:53:12.586,gateio,AEVO/USDT:USDT,0.11116,173.0,0.11115,40.0,0.1112,173.0,0.11122,17.0
1753617192725,11:53:12.725,gateio,AEVO/USDT:USDT,0.11117,174.0,0.11115,40.0,0.11119,17.0,0.1112,173.0
1753617192778,11:53:12.778,gateio,AEVO/USDT:USDT,0.11117,173.0,0.11115,40.0,0.11119,17.0,0.11123,173.0
1753617192945,11:53:12.945,gateio,AEVO/USDT:USDT,0.11117,40.0,0.11116,40.0,0.11121,173.0,0.11122,17.0
1753617193008,11:53:13.008,gateio,AEVO/USDT:USDT,0.11117,40.0,0.11116,40.0,0.1112,190.0,0.11121,173.0
1753617193161,11:53:13.161,gateio,AEVO/USDT:USDT,0.11117,213.0,0.11116,40.0,0.1112,181.0,0.11123,213.0
1753617193239,11:53:13.239,gateio,AEVO/USDT:USDT,0.11118,174.0,0.11117,40.0,0.1112,8.0,0.11123,213.0
1753617193286,11:53:13.286,gateio,AEVO/USDT:USDT,0.11118,173.0,0.11117,40.0,0.11121,173.0,0.11122,17.0
1753617193375,11:53:13.375,gateio,AEVO/USDT:USDT,0.11119,1.0,0.11118,173.0,0.1112,8.0,0.11121,173.0
1753617193543,11:53:13.543,gateio,AEVO/USDT:USDT,0.11119,1.0,0.11117,40.0,0.1112,181.0,0.11123,213.0
1753617193621,11:53:13.621,gateio,AEVO/USDT:USDT,0.11118,173.0,0.11117,40.0,0.11121,173.0,0.11122,17.0
1753617193713,11:53:13.713,gateio,AEVO/USDT:USDT,0.11119,1.0,0.11117,40.0,0.1112,181.0,0.11123,213.0
1753617193826,11:53:13.826,gateio,AEVO/USDT:USDT,0.11117,40.0,0.11116,80.0,0.11121,173.0,0.11122,17.0
1753617193874,11:53:13.874,gateio,AEVO/USDT:USDT,0.11117,41.0,0.11116,80.0,0.1112,17.0,0.11121,173.0
1753617193988,11:53:13.988,gateio,AEVO/USDT:USDT,0.11118,173.0,0.11117,41.0,0.1112,17.0,0.11121,173.0
1753617194127,11:53:14.127,gateio,AEVO/USDT:USDT,0.11118,173.0,0.11117,40.0,0.1112,17.0,0.11121,173.0
1753617194382,11:53:14.382,gateio,AEVO/USDT:USDT,0.11118,173.0,0.11117,40.0,0.1112,17.0,0.11121,173.0
1753617194837,11:53:14.837,gateio,AEVO/USDT:USDT,0.11118,173.0,0.11116,40.0,0.1112,17.0,0.11123,173.0
1753617194962,11:53:14.962,gateio,AEVO/USDT:USDT,0.11118,173.0,0.11117,40.0,0.11122,17.0,0.11126,169.0
1753617195058,11:53:15.058,gateio,AEVO/USDT:USDT,0.1112,173.0,0.11119,41.0,0.11125,57.0,0.11126,209.0
1753617195129,11:53:15.129,gateio,AEVO/USDT:USDT,0.11121,174.0,0.11119,40.0,0.11125,230.0,0.11126,40.0
1753617195200,11:53:15.200,gateio,AEVO/USDT:USDT,0.11122,173.0,0.11121,1.0,0.11125,230.0,0.11126,40.0
1753617195314,11:53:15.314,gateio,AEVO/USDT:USDT,0.11123,1.0,0.11121,173.0,0.11125,48.0,0.11126,213.0
1753617195461,11:53:15.461,gateio,AEVO/USDT:USDT,0.11122,174.0,0.11118,173.0,0.11125,230.0,0.11126,40.0
1753617195470,11:53:15.470,gateio,AEVO/USDT:USDT,0.11122,174.0,0.11118,173.0,0.11125,221.0,0.11126,40.0
1753617195614,11:53:15.614,gateio,AEVO/USDT:USDT,0.11122,174.0,0.11118,173.0,0.11125,221.0,0.11126,40.0
1753617195848,11:53:15.848,gateio,AEVO/USDT:USDT,0.11122,174.0,0.1112,80.0,0.11125,181.0,0.11126,40.0
1753617195913,11:53:15.913,gateio,AEVO/USDT:USDT,0.11122,174.0,0.1112,80.0,0.11125,181.0,0.11126,40.0
1753617196042,11:53:16.042,gateio,AEVO/USDT:USDT,0.11122,174.0,0.1112,40.0,0.11125,8.0,0.11126,40.0
1753617196085,11:53:16.085,gateio,AEVO/USDT:USDT,0.11122,1.0,0.1112,40.0,0.11125,173.0,0.11126,57.0
1753617196250,11:53:16.250,gateio,AEVO/USDT:USDT,0.11123,173.0,0.11122,80.0,0.11124,8.0,0.11128,170.0
1753617196358,11:53:16.358,gateio,AEVO/USDT:USDT,0.11123,173.0,0.11122,81.0,0.11127,17.0,0.11128,170.0
1753617196462,11:53:16.462,gateio,AEVO/USDT:USDT,0.11125,173.0,0.11124,41.0,0.11127,17.0,0.11134,173.0
1753617196547,11:53:16.547,gateio,AEVO/USDT:USDT,0.11124,173.0,0.11123,40.0,0.11131,173.0,0.11132,40.0
1753617196584,11:53:16.584,gateio,AEVO/USDT:USDT,0.11125,1.0,0.11124,173.0,0.11129,173.0,0.1113,17.0
1753617196706,11:53:16.706,gateio,AEVO/USDT:USDT,0.11125,174.0,0.11123,40.0,0.11128,190.0,0.11131,173.0
1753617196769,11:53:16.769,gateio,AEVO/USDT:USDT,0.11125,174.0,0.11123,40.0,0.11128,181.0,0.11131,173.0
1753617196947,11:53:16.947,gateio,AEVO/USDT:USDT,0.11126,173.0,0.11125,41.0,0.11128,8.0,0.11131,173.0
1753617197053,11:53:17.053,gateio,AEVO/USDT:USDT,0.11126,173.0,0.11125,40.0,0.11129,173.0,0.1113,17.0
1753617197111,11:53:17.111,gateio,AEVO/USDT:USDT,0.11127,1.0,0.11126,173.0,0.11128,8.0,0.11129,173.0
1753617197229,11:53:17.229,gateio,AEVO/USDT:USDT,0.11127,1.0,0.11126,173.0,0.11128,8.0,0.11129,173.0
1753617197282,11:53:17.282,gateio,AEVO/USDT:USDT,0.11127,1.0,0.11126,173.0,0.11128,8.0,0.11129,173.0
1753617197426,11:53:17.426,gateio,AEVO/USDT:USDT,0.11127,174.0,0.11123,40.0,0.11128,8.0,0.11131,173.0
1753617197546,11:53:17.546,gateio,AEVO/USDT:USDT,0.11127,173.0,0.11123,40.0,0.1113,190.0,0.11131,173.0
1753617197661,11:53:17.661,gateio,AEVO/USDT:USDT,0.11128,1.0,0.1112,173.0,0.1113,8.0,0.11131,173.0
1753617197751,11:53:17.751,gateio,AEVO/USDT:USDT,0.11125,173.0,0.11124,80.0,0.1113,17.0,0.11132,40.0
1753617197787,11:53:17.787,gateio,AEVO/USDT:USDT,0.11126,174.0,0.11124,40.0,0.11131,173.0,0.11132,40.0
1753617197907,11:53:17.907,gateio,AEVO/USDT:USDT,0.11126,174.0,0.11124,80.0,0.11129,173.0,0.1113,17.0
1753617198011,11:53:18.011,gateio,AEVO/USDT:USDT,0.11126,1.0,0.11124,80.0,0.11128,8.0,0.11132,40.0
1753617198116,11:53:18.116,gateio,AEVO/USDT:USDT,0.11125,173.0,0.11124,81.0,0.11131,173.0,0.11132,40.0
1753617198241,11:53:18.241,gateio,AEVO/USDT:USDT,0.11126,174.0,0.11124,80.0,0.1113,190.0,0.11132,40.0
1753617198310,11:53:18.310,gateio,AEVO/USDT:USDT,0.11127,173.0,0.11126,1.0,0.1113,190.0,0.11132,40.0
1753617198386,11:53:18.386,gateio,AEVO/USDT:USDT,0.11128,1.0,0.11127,173.0,0.1113,181.0,0.11132,40.0
1753617198469,11:53:18.469,gateio,AEVO/USDT:USDT,0.11128,1.0,0.11127,173.0,0.1113,173.0,0.11132,40.0
1753617198654,11:53:18.654,gateio,AEVO/USDT:USDT,0.11128,1.0,0.11127,173.0,0.1113,173.0,0.11132,40.0
1753617198664,11:53:18.664,gateio,AEVO/USDT:USDT,0.11128,1.0,0.11127,173.0,0.1113,173.0,0.11132,40.0
1753617199189,11:53:19.189,gateio,AEVO/USDT:USDT,0.11128,174.0,0.11124,40.0,0.11132,40.0,0.11134,173.0
1753617199336,11:53:19.336,gateio,AEVO/USDT:USDT,0.11128,1.0,0.11126,173.0,0.11131,173.0,0.11132,40.0
1753617199428,11:53:19.428,gateio,AEVO/USDT:USDT,0.11127,174.0,0.11118,173.0,0.1113,181.0,0.11132,40.0
1753617199586,11:53:19.586,gateio,AEVO/USDT:USDT,0.11127,1.0,0.11118,173.0,0.11129,173.0,0.1113,8.0
1753617199754,11:53:19.754,gateio,AEVO/USDT:USDT,0.11122,173.0,0.11121,40.0,0.11129,173.0,0.11132,40.0
1753617199786,11:53:19.786,gateio,AEVO/USDT:USDT,0.11124,173.0,0.11123,41.0,0.11128,17.0,0.11129,173.0
1753617199946,11:53:19.946,gateio,AEVO/USDT:USDT,0.11125,1.0,0.11122,173.0,0.11127,173.0,0.11128,17.0
1753617200041,11:53:20.041,gateio,AEVO/USDT:USDT,0.11123,1.0,0.11122,173.0,0.11127,173.0,0.11128,40.0
1753617200153,11:53:20.153,gateio,AEVO/USDT:USDT,0.11124,173.0,0.11123,1.0,0.11126,17.0,0.11128,213.0
1753617200254,11:53:20.254,gateio,AEVO/USDT:USDT,0.11124,173.0,0.11118,173.0,0.11127,190.0,0.11128,40.0
1753617200274,11:53:20.274,gateio,AEVO/USDT:USDT,0.11125,1.0,0.11124,173.0,0.11127,181.0,0.11128,40.0
1753617200369,11:53:20.369,gateio,AEVO/USDT:USDT,0.11125,1.0,0.11124,173.0,0.11127,173.0,0.11128,40.0
1753617200573,11:53:20.573,gateio,AEVO/USDT:USDT,0.11125,1.0,0.11124,173.0,0.11127,173.0,0.11128,40.0
1753617200737,11:53:20.737,gateio,AEVO/USDT:USDT,0.11125,1.0,0.11118,173.0,0.11127,173.0,0.11128,40.0
1753617200808,11:53:20.808,gateio,AEVO/USDT:USDT,0.11121,173.0,0.1112,1057.0,0.11127,173.0,0.11129,40.0
1753617200890,11:53:20.890,gateio,AEVO/USDT:USDT,0.11123,168.0,0.11122,41.0,0.11126,17.0,0.11129,40.0
1753617200992,11:53:20.992,gateio,AEVO/USDT:USDT,0.11125,168.0,0.11124,1.0,0.11128,168.0,0.11129,40.0
1753617201141,11:53:21.141,gateio,AEVO/USDT:USDT,0.11126,169.0,0.11123,168.0,0.11127,8.0,0.11129,208.0
1753617201177,11:53:21.177,gateio,AEVO/USDT:USDT,0.11126,168.0,0.11124,1.0,0.11128,17.0,0.11134,173.0
1753617201309,11:53:21.309,gateio,AEVO/USDT:USDT,0.11123,168.0,0.11122,40.0,0.11132,168.0,0.11133,97.0
1753617201426,11:53:21.426,gateio,AEVO/USDT:USDT,0.11125,168.0,0.11124,1.0,0.11129,168.0,0.1113,40.0
1753617201493,11:53:21.493,gateio,AEVO/USDT:USDT,0.11126,169.0,0.11123,168.0,0.11128,17.0,0.11129,168.0
1753617201650,11:53:21.650,gateio,AEVO/USDT:USDT,0.11124,656.0,0.11123,168.0,0.11128,185.0,0.1113,40.0
1753617201701,11:53:21.701,gateio,AEVO/USDT:USDT,0.11125,169.0,0.11123,168.0,0.11128,185.0,0.1113,248.0
1753617201853,11:53:21.853,gateio,AEVO/USDT:USDT,0.11125,169.0,0.11123,168.0,0.11128,176.0,0.1113,248.0
1753617202246,11:53:22.246,gateio,AEVO/USDT:USDT,0.11125,1.0,0.11123,168.0,0.11128,176.0,0.1113,248.0
1753617202286,11:53:22.286,gateio,AEVO/USDT:USDT,0.11125,168.0,0.11124,1.0,0.11128,176.0,0.1113,248.0
1753617202385,11:53:22.385,gateio,AEVO/USDT:USDT,0.11126,1.0,0.11125,168.0,0.11128,176.0,0.1113,248.0
1753617202508,11:53:22.508,gateio,AEVO/USDT:USDT,0.11126,1.0,0.11125,168.0,0.11128,168.0,0.1113,248.0
1753617202740,11:53:22.740,gateio,AEVO/USDT:USDT,0.11126,1.0,0.11123,168.0,0.11128,168.0,0.1113,248.0
1753617202848,11:53:22.848,gateio,AEVO/USDT:USDT,0.11124,1.0,0.11121,173.0,0.11128,168.0,0.1113,248.0
1753617202927,11:53:22.927,gateio,AEVO/USDT:USDT,0.11124,168.0,0.11123,1057.0,0.11127,225.0,0.11128,40.0
1753617202976,11:53:22.976,gateio,AEVO/USDT:USDT,0.11125,1.0,0.11124,168.0,0.11127,216.0,0.11128,40.0
1753617203088,11:53:23.088,gateio,AEVO/USDT:USDT,0.11125,1.0,0.11124,168.0,0.11127,208.0,0.11128,40.0
1753617203440,11:53:23.440,gateio,AEVO/USDT:USDT,0.11125,169.0,0.11118,173.0,0.11127,40.0,0.11128,40.0
1753617203507,11:53:23.507,gateio,AEVO/USDT:USDT,0.11125,168.0,0.11118,173.0,0.11127,40.0,0.11128,57.0
1753617203606,11:53:23.606,gateio,AEVO/USDT:USDT,0.11119,168.0,0.11118,80.0,0.11127,208.0,0.11128,57.0
1753617203686,11:53:23.686,gateio,AEVO/USDT:USDT,0.11121,168.0,0.1112,1.0,0.11126,17.0,0.11127,208.0
1753617203786,11:53:23.786,gateio,AEVO/USDT:USDT,0.11123,168.0,0.11122,1.0,0.11126,17.0,0.11127,208.0
1753617203946,11:53:23.946,gateio,AEVO/USDT:USDT,0.11124,1.0,0.11121,168.0,0.11126,185.0,0.11127,40.0
1753617203992,11:53:23.992,gateio,AEVO/USDT:USDT,0.11123,168.0,0.11122,1.0,0.11127,40.0,0.11128,208.0
1753617204100,11:53:24.100,gateio,AEVO/USDT:USDT,0.11124,657.0,0.11123,168.0,0.11127,225.0,0.11128,40.0
1753617204170,11:53:24.170,gateio,AEVO/USDT:USDT,0.11124,657.0,0.11123,168.0,0.11127,216.0,0.11128,40.0
1753617204341,11:53:24.341,gateio,AEVO/USDT:USDT,0.11124,657.0,0.11123,168.0,0.11127,216.0,0.11128,40.0
1753617205021,11:53:25.021,gateio,AEVO/USDT:USDT,0.11125,168.0,0.11124,657.0,0.11127,48.0,0.11128,40.0
1753617205163,11:53:25.163,gateio,AEVO/USDT:USDT,0.11121,168.0,0.11119,168.0,0.11127,40.0,0.11128,57.0
1753617205171,11:53:25.171,gateio,AEVO/USDT:USDT,0.11123,168.0,0.11122,1058.0,0.11127,40.0,0.11128,57.0
1753617205306,11:53:25.306,gateio,AEVO/USDT:USDT,0.11124,169.0,0.11121,40.0,0.11128,225.0,0.11129,40.0
1753617205440,11:53:25.440,gateio,AEVO/USDT:USDT,0.11125,168.0,0.11124,1.0,0.11128,225.0,0.11129,40.0
1753617205470,11:53:25.470,gateio,AEVO/USDT:USDT,0.11126,1.0,0.11125,168.0,0.11128,216.0,0.11129,40.0
1753617205569,11:53:25.569,gateio,AEVO/USDT:USDT,0.11126,1.0,0.11125,168.0,0.11128,208.0,0.11129,40.0
1753617205794,11:53:25.794,gateio,AEVO/USDT:USDT,0.11126,1.0,0.11125,168.0,0.11128,208.0,0.11129,40.0
1753617205972,11:53:25.972,gateio,AEVO/USDT:USDT,0.11126,1.0,0.11125,168.0,0.11128,208.0,0.11129,40.0
1753617206145,11:53:26.145,gateio,AEVO/USDT:USDT,0.11126,169.0,0.11125,168.0,0.11128,40.0,0.11129,40.0
1753617206171,11:53:26.171,gateio,AEVO/USDT:USDT,0.11126,168.0,0.11125,168.0,0.11128,40.0,0.11129,57.0
1753617206283,11:53:26.283,gateio,AEVO/USDT:USDT,0.11126,168.0,0.11121,40.0,0.11128,40.0,0.11129,57.0
1753617206388,11:53:26.388,gateio,AEVO/USDT:USDT,0.11126,168.0,0.11121,40.0,0.11128,40.0,0.11129,57.0
1753617206653,11:53:26.653,gateio,AEVO/USDT:USDT,0.11126,168.0,0.11121,40.0,0.11128,40.0,0.11129,57.0
1753617206746,11:53:26.746,gateio,AEVO/USDT:USDT,0.11123,168.0,0.11121,80.0,0.11128,40.0,0.11129,57.0
1753617206855,11:53:26.855,gateio,AEVO/USDT:USDT,0.11125,168.0,0.11124,1.0,0.11128,208.0,0.11129,57.0
1753617206906,11:53:26.906,gateio,AEVO/USDT:USDT,0.11126,1.0,0.11123,168.0,0.11127,176.0,0.11128,40.0
1753617206987,11:53:26.987,gateio,AEVO/USDT:USDT,0.11124,169.0,0.11121,80.0,0.11127,168.0,0.11128,40.0
1753617207149,11:53:27.149,gateio,AEVO/USDT:USDT,0.11124,169.0,0.11121,80.0,0.11126,8.0,0.11127,168.0
1753617207237,11:53:27.237,gateio,AEVO/USDT:USDT,0.11124,168.0,0.11121,80.0,0.11126,17.0,0.11127,168.0
1753617207860,11:53:27.860,gateio,AEVO/USDT:USDT,0.11124,168.0,0.11121,80.0,0.11126,17.0,0.11128,208.0
1753617207922,11:53:27.922,gateio,AEVO/USDT:USDT,0.11122,168.0,0.11121,80.0,0.11127,17.0,0.11128,208.0
1753617208062,11:53:28.062,gateio,AEVO/USDT:USDT,0.11123,1.0,0.11122,168.0,0.11127,185.0,0.11128,40.0
1753617208141,11:53:28.141,gateio,AEVO/USDT:USDT,0.11123,169.0,0.11121,80.0,0.11126,168.0,0.11127,17.0
1753617208170,11:53:28.170,gateio,AEVO/USDT:USDT,0.11123,169.0,0.11121,80.0,0.11125,8.0,0.11126,168.0
1753617208294,11:53:28.294,gateio,AEVO/USDT:USDT,0.11124,656.0,0.11123,168.0,0.11125,17.0,0.11127,168.0
1753617208426,11:53:28.426,gateio,AEVO/USDT:USDT,0.11124,657.0,0.11123,248.0,0.11126,17.0,0.11127,168.0
1753617208469,11:53:28.469,gateio,AEVO/USDT:USDT,0.11124,656.0,0.11123,248.0,0.11126,17.0,0.11127,168.0
1753617208578,11:53:28.578,gateio,AEVO/USDT:USDT,0.11124,656.0,0.11123,248.0,0.11126,185.0,0.1113,168.0
1753617208732,11:53:28.732,gateio,AEVO/USDT:USDT,0.11124,656.0,0.11123,208.0,0.1113,40.0,0.11134,173.0
1753617208813,11:53:28.813,gateio,AEVO/USDT:USDT,0.11125,1.0,0.11123,168.0,0.1113,40.0,0.11131,40.0
1753617208883,11:53:28.883,gateio,AEVO/USDT:USDT,0.11124,1.0,0.11119,168.0,0.11129,168.0,0.1113,40.0
1753617209006,11:53:29.006,gateio,AEVO/USDT:USDT,0.11121,168.0,0.1112,41.0,0.11127,168.0,0.11128,17.0
1753617209145,11:53:29.145,gateio,AEVO/USDT:USDT,0.11123,168.0,0.11122,1.0,0.11126,185.0,0.11127,40.0
1753617209173,11:53:29.173,gateio,AEVO/USDT:USDT,0.11124,1.0,0.11123,168.0,0.11126,176.0,0.11127,40.0
1753617209300,11:53:29.300,gateio,AEVO/USDT:USDT,0.11124,1.0,0.11123,168.0,0.11126,168.0,0.11127,40.0
1753617209446,11:53:29.446,gateio,AEVO/USDT:USDT,0.11124,169.0,0.11121,40.0,0.11127,208.0,0.11128,80.0
1753617209486,11:53:29.486,gateio,AEVO/USDT:USDT,0.11124,1.0,0.11122,168.0,0.11126,176.0,0.11127,40.0
1753617209660,11:53:29.660,gateio,AEVO/USDT:USDT,0.11124,656.0,0.11123,169.0,0.11127,168.0,0.11134,173.0
1753617209719,11:53:29.719,gateio,AEVO/USDT:USDT,0.11125,1.0,0.11124,656.0,0.11126,8.0,0.11127,168.0
1753617209852,11:53:29.852,gateio,AEVO/USDT:USDT,0.11125,169.0,0.11123,208.0,0.11126,8.0,0.11134,173.0
1753617209887,11:53:29.887,gateio,AEVO/USDT:USDT,0.11125,168.0,0.11124,1.0,0.11132,168.0,0.11133,97.0
1753617210010,11:53:30.010,gateio,AEVO/USDT:USDT,0.11126,1.0,0.11123,168.0,0.11129,168.0,0.1113,40.0
1753617210161,11:53:30.161,gateio,AEVO/USDT:USDT,0.11124,169.0,0.11122,40.0,0.11127,168.0,0.11128,8.0
1753617210246,11:53:30.246,gateio,AEVO/USDT:USDT,0.11124,1.0,0.11123,168.0,0.11126,8.0,0.11128,168.0
1753617210351,11:53:30.351,gateio,AEVO/USDT:USDT,0.11124,169.0,0.11122,40.0,0.11127,17.0,0.11129,168.0
1753617210448,11:53:30.448,gateio,AEVO/USDT:USDT,0.11124,169.0,0.11122,40.0,0.11127,168.0,0.11128,17.0
1753617210472,11:53:30.472,gateio,AEVO/USDT:USDT,0.11124,169.0,0.11122,40.0,0.11126,8.0,0.11127,168.0
1753617210587,11:53:30.587,gateio,AEVO/USDT:USDT,0.11124,168.0,0.11122,40.0,0.11126,17.0,0.11127,168.0
1753617211453,11:53:31.453,gateio,AEVO/USDT:USDT,0.11124,168.0,0.11122,40.0,0.11126,17.0,0.11129,168.0
1753617211506,11:53:31.506,gateio,AEVO/USDT:USDT,0.11124,168.0,0.11122,40.0,0.11127,168.0,0.11128,17.0
1753617211570,11:53:31.570,gateio,AEVO/USDT:USDT,0.11125,1.0,0.11124,168.0,0.11126,8.0,0.11127,168.0
1753617211755,11:53:31.755,gateio,AEVO/USDT:USDT,0.11125,169.0,0.11122,40.0,0.11126,8.0,0.1113,208.0
1753617211836,11:53:31.836,gateio,AEVO/USDT:USDT,0.11123,168.0,0.11122,40.0,0.11128,168.0,0.11129,17.0
1753617211938,11:53:31.938,gateio,AEVO/USDT:USDT,0.11125,168.0,0.11124,41.0,0.11127,17.0,0.11128,168.0
1753617212027,11:53:32.027,gateio,AEVO/USDT:USDT,0.11126,168.0,0.11125,40.0,0.11127,17.0,0.1113,168.0
1753617212114,11:53:32.114,gateio,AEVO/USDT:USDT,0.11126,168.0,0.11125,41.0,0.11129,17.0,0.1113,168.0
1753617212233,11:53:32.233,gateio,AEVO/USDT:USDT,0.11128,168.0,0.11127,1.0,0.11129,17.0,0.11132,168.0
1753617212343,11:53:32.343,gateio,AEVO/USDT:USDT,0.11128,168.0,0.11127,1.0,0.11129,17.0,0.11132,168.0
1753617212377,11:53:32.377,gateio,AEVO/USDT:USDT,0.11128,168.0,0.11127,1.0,0.11129,17.0,0.11132,168.0
1753617212561,11:53:32.561,gateio,AEVO/USDT:USDT,0.11128,208.0,0.11127,81.0,0.11129,17.0,0.11132,168.0
1753617212662,11:53:32.662,gateio,AEVO/USDT:USDT,0.11128,208.0,0.11127,81.0,0.11129,8.0,0.11131,9.0
1753617212693,11:53:32.693,gateio,AEVO/USDT:USDT,0.11129,168.0,0.11128,40.0,0.11131,17.0,0.11132,168.0
1753617212770,11:53:32.770,gateio,AEVO/USDT:USDT,0.11129,168.0,0.11128,40.0,0.11131,17.0,0.11132,168.0
1753617213058,11:53:33.058,gateio,AEVO/USDT:USDT,0.11129,168.0,0.11128,40.0,0.11131,17.0,0.11134,173.0
1753617213145,11:53:33.145,gateio,AEVO/USDT:USDT,0.11129,168.0,0.11128,40.0,0.11133,185.0,0.11138,500.0
1753617213178,11:53:33.178,gateio,AEVO/USDT:USDT,0.1113,169.0,0.11128,40.0,0.11133,185.0,0.11138,500.0
1753617213269,11:53:33.269,gateio,AEVO/USDT:USDT,0.1113,169.0,0.11128,40.0,0.11133,176.0,0.11138,500.0
1753617213364,11:53:33.364,gateio,AEVO/USDT:USDT,0.1113,169.0,0.11128,40.0,0.11133,176.0,0.11135,40.0
1753617213554,11:53:33.554,gateio,AEVO/USDT:USDT,0.1113,1.0,0.11128,168.0,0.11132,168.0,0.11133,8.0
1753617213593,11:53:33.593,gateio,AEVO/USDT:USDT,0.11129,169.0,0.11127,40.0,0.11132,168.0,0.11135,80.0
1753617213734,11:53:33.734,gateio,AEVO/USDT:USDT,0.1113,168.0,0.11129,1.0,0.11131,8.0,0.11133,168.0
1753617213822,11:53:33.822,gateio,AEVO/USDT:USDT,0.11128,168.0,0.11127,41.0,0.11132,185.0,0.11135,40.0
1753617213946,11:53:33.946,gateio,AEVO/USDT:USDT,0.11129,169.0,0.11127,40.0,0.11132,17.0,0.11134,168.0
1753617214036,11:53:34.036,gateio,AEVO/USDT:USDT,0.11129,169.0,0.11127,40.0,0.11133,17.0,0.11135,248.0
1753617214138,11:53:34.138,gateio,AEVO/USDT:USDT,0.11129,1.0,0.11128,168.0,0.11133,168.0,0.11134,17.0
1753617214228,11:53:34.228,gateio,AEVO/USDT:USDT,0.11129,169.0,0.11127,40.0,0.11132,185.0,0.11133,168.0
1753617214360,11:53:34.360,gateio,AEVO/USDT:USDT,0.11129,169.0,0.11127,40.0,0.11132,176.0,0.11135,248.0
1753617214672,11:53:34.672,gateio,AEVO/USDT:USDT,0.11129,1.0,0.11127,40.0,0.11131,168.0,0.11132,8.0
1753617214774,11:53:34.774,gateio,AEVO/USDT:USDT,0.11128,168.0,0.11127,40.0,0.11133,168.0,0.11135,248.0
1753617214887,11:53:34.887,gateio,AEVO/USDT:USDT,0.11129,169.0,0.11127,40.0,0.11132,185.0,0.11135,248.0
1753617214969,11:53:34.969,gateio,AEVO/USDT:USDT,0.11129,169.0,0.11127,40.0,0.11132,176.0,0.11135,248.0
1753617215183,11:53:35.183,gateio,AEVO/USDT:USDT,0.11129,169.0,0.11127,80.0,0.11132,176.0,0.11135,248.0
1753617215449,11:53:35.449,gateio,AEVO/USDT:USDT,0.11129,1.0,0.11128,168.0,0.11132,8.0,0.11135,248.0
1753617215471,11:53:35.471,gateio,AEVO/USDT:USDT,0.11129,1.0,0.11128,168.0,0.11132,168.0,0.11134,17.0
1753617215608,11:53:35.608,gateio,AEVO/USDT:USDT,0.1113,168.0,0.11129,1.0,0.11131,8.0,0.11135,208.0
1753617215702,11:53:35.702,gateio,AEVO/USDT:USDT,0.11128,168.0,0.11127,41.0,0.11133,168.0,0.11134,17.0
1753617215788,11:53:35.788,gateio,AEVO/USDT:USDT,0.11129,169.0,0.11127,40.0,0.11132,185.0,0.11135,208.0
1753617215870,11:53:35.870,gateio,AEVO/USDT:USDT,0.11129,169.0,0.11127,40.0,0.11132,176.0,0.11135,208.0
1753617216010,11:53:36.010,gateio,AEVO/USDT:USDT,0.11129,169.0,0.11127,40.0,0.11132,176.0,0.11135,208.0
1753617216254,11:53:36.254,gateio,AEVO/USDT:USDT,0.11129,169.0,0.11127,40.0,0.11132,176.0,0.11135,208.0
1753617216425,11:53:36.425,gateio,AEVO/USDT:USDT,0.11129,169.0,0.11127,40.0,0.11132,176.0,0.11135,208.0
1753617216701,11:53:36.701,gateio,AEVO/USDT:USDT,0.11129,169.0,0.11127,40.0,0.11132,176.0,0.11135,208.0
1753617217236,11:53:37.236,gateio,AEVO/USDT:USDT,0.11129,169.0,0.11128,40.0,0.11132,176.0,0.11135,208.0
1753617218038,11:53:38.038,gateio,AEVO/USDT:USDT,0.1113,168.0,0.11129,1.0,0.11132,8.0,0.11135,208.0
1753617218130,11:53:38.130,gateio,AEVO/USDT:USDT,0.11128,168.0,0.11127,40.0,0.11132,168.0,0.11133,40.0
1753617218192,11:53:38.192,gateio,AEVO/USDT:USDT,0.11129,169.0,0.11128,168.0,0.11131,17.0,0.11132,168.0
1753617218344,11:53:38.344,gateio,AEVO/USDT:USDT,0.11129,168.0,0.11127,40.0,0.11131,17.0,0.11132,168.0
1753617218461,11:53:38.461,gateio,AEVO/USDT:USDT,0.11129,168.0,0.11127,80.0,0.11131,17.0,0.11134,168.0
1753617218506,11:53:38.506,gateio,AEVO/USDT:USDT,0.1113,168.0,0.11129,80.0,0.11133,17.0,0.11135,168.0
1753617218658,11:53:38.658,gateio,AEVO/USDT:USDT,0.11132,168.0,0.11131,1.0,0.11134,17.0,0.11136,40.0
1753617218758,11:53:38.758,gateio,AEVO/USDT:USDT,0.11132,168.0,0.11129,40.0,0.11136,208.0,0.11137,17.0
1753617218852,11:53:38.852,gateio,AEVO/USDT:USDT,0.11133,169.0,0.11129,40.0,0.11135,17.0,0.11136,208.0
1753617218870,11:53:38.870,gateio,AEVO/USDT:USDT,0.11133,168.0,0.11129,40.0,0.11135,17.0,0.11136,208.0
1753617219012,11:53:39.012,gateio,AEVO/USDT:USDT,0.11133,168.0,0.11129,40.0,0.11135,17.0,0.11136,208.0
1753617219357,11:53:39.357,gateio,AEVO/USDT:USDT,0.1113,168.0,0.11129,80.0,0.11135,185.0,0.11136,40.0
1753617219425,11:53:39.425,gateio,AEVO/USDT:USDT,0.11132,168.0,0.11131,1.0,0.11135,185.0,0.11136,40.0
1753617219508,11:53:39.508,gateio,AEVO/USDT:USDT,0.11133,1.0,0.11132,168.0,0.11135,176.0,0.11136,40.0
1753617219569,11:53:39.569,gateio,AEVO/USDT:USDT,0.11133,1.0,0.11132,168.0,0.11135,168.0,0.11136,40.0
1753617219700,11:53:39.700,gateio,AEVO/USDT:USDT,0.11133,1.0,0.11132,168.0,0.11135,168.0,0.11136,40.0
1753617219858,11:53:39.858,gateio,AEVO/USDT:USDT,0.11133,169.0,0.1113,168.0,0.11136,208.0,0.11138,500.0
1753617219904,11:53:39.904,gateio,AEVO/USDT:USDT,0.11133,1.0,0.1113,168.0,0.11135,8.0,0.11136,168.0
1753617219997,11:53:39.997,gateio,AEVO/USDT:USDT,0.11132,168.0,0.11131,1.0,0.11135,185.0,0.11137,40.0
1753617220148,11:53:40.148,gateio,AEVO/USDT:USDT,0.11133,169.0,0.11132,168.0,0.11135,8.0,0.11137,208.0
1753617220187,11:53:40.187,gateio,AEVO/USDT:USDT,0.11133,168.0,0.11132,168.0,0.11136,185.0,0.11137,40.0
1753617220319,11:53:40.319,gateio,AEVO/USDT:USDT,0.11134,1.0,0.11133,168.0,0.11136,176.0,0.11137,40.0
1753617220456,11:53:40.456,gateio,AEVO/USDT:USDT,0.11134,1.0,0.11133,168.0,0.11136,168.0,0.11137,40.0
1753617220519,11:53:40.519,gateio,AEVO/USDT:USDT,0.11134,1.0,0.11133,168.0,0.11136,168.0,0.11137,40.0
1753617221053,11:53:41.053,gateio,AEVO/USDT:USDT,0.11134,1.0,0.11133,168.0,0.11136,168.0,0.11137,40.0
1753617221102,11:53:41.102,gateio,AEVO/USDT:USDT,0.11134,169.0,0.1113,168.0,0.11137,208.0,0.11138,40.0
1753617221186,11:53:41.186,gateio,AEVO/USDT:USDT,0.11134,1.0,0.1113,168.0,0.11136,176.0,0.11137,208.0
1753617221337,11:53:41.337,gateio,AEVO/USDT:USDT,0.11132,168.0,0.11131,1.0,0.11136,168.0,0.11138,40.0
1753617221424,11:53:41.424,gateio,AEVO/USDT:USDT,0.11133,169.0,0.1113,168.0,0.11135,17.0,0.11141,166.0
1753617221536,11:53:41.536,gateio,AEVO/USDT:USDT,0.1113,168.0,0.11129,40.0,0.11139,168.0,0.1114,97.0
1753617221606,11:53:41.606,gateio,AEVO/USDT:USDT,0.11132,168.0,0.11131,1.0,0.11137,168.0,0.11138,97.0
1753617221752,11:53:41.752,gateio,AEVO/USDT:USDT,0.11133,169.0,0.1113,168.0,0.11136,225.0,0.11137,40.0
1753617221769,11:53:41.769,gateio,AEVO/USDT:USDT,0.11133,169.0,0.1113,168.0,0.11136,216.0,0.11137,40.0
1753617221945,11:53:41.945,gateio,AEVO/USDT:USDT,0.11134,168.0,0.11133,1.0,0.11136,8.0,0.11138,80.0
1753617221987,11:53:41.987,gateio,AEVO/USDT:USDT,0.1113,168.0,0.11129,40.0,0.11137,168.0,0.11138,57.0
1753617222142,11:53:42.142,gateio,AEVO/USDT:USDT,0.11132,168.0,0.11131,1.0,0.11136,185.0,0.11137,40.0
1753617222189,11:53:42.189,gateio,AEVO/USDT:USDT,0.11133,169.0,0.1113,168.0,0.11136,185.0,0.11138,40.0
1753617222312,11:53:42.312,gateio,AEVO/USDT:USDT,0.11133,169.0,0.1113,168.0,0.11136,8.0,0.11138,40.0
1753617222388,11:53:42.388,gateio,AEVO/USDT:USDT,0.11133,1.0,0.1113,168.0,0.11137,168.0,0.11138,40.0
1753617222515,11:53:42.515,gateio,AEVO/USDT:USDT,0.11132,168.0,0.11131,1.0,0.11136,185.0,0.11138,40.0
1753617222586,11:53:42.586,gateio,AEVO/USDT:USDT,0.11133,169.0,0.1113,168.0,0.11136,185.0,0.11138,40.0
1753617222669,11:53:42.669,gateio,AEVO/USDT:USDT,0.11133,169.0,0.1113,168.0,0.11136,176.0,0.11138,40.0
1753617222829,11:53:42.829,gateio,AEVO/USDT:USDT,0.11134,168.0,0.11133,1.0,0.11136,8.0,0.11138,40.0
1753617222961,11:53:42.961,gateio,AEVO/USDT:USDT,0.1113,168.0,0.11129,80.0,0.11138,40.0,0.11139,40.0
1753617223004,11:53:43.004,gateio,AEVO/USDT:USDT,0.11132,168.0,0.11131,1.0,0.11137,168.0,0.11138,40.0
1753617223087,11:53:43.087,gateio,AEVO/USDT:USDT,0.11134,168.0,0.11133,1.0,0.11136,17.0,0.11137,168.0
1753617223248,11:53:43.248,gateio,AEVO/USDT:USDT,0.1113,168.0,0.11129,80.0,0.11136,185.0,0.11137,168.0
1753617223363,11:53:43.363,gateio,AEVO/USDT:USDT,0.11132,168.0,0.11131,1.0,0.11136,17.0,0.11137,168.0
1753617223425,11:53:43.425,gateio,AEVO/USDT:USDT,0.11133,1.0,0.1113,168.0,0.11136,17.0,0.11137,168.0
1753617223528,11:53:43.528,gateio,AEVO/USDT:USDT,0.11132,168.0,0.11131,1.0,0.11136,185.0,0.11138,40.0
1753617223642,11:53:43.642,gateio,AEVO/USDT:USDT,0.11133,1.0,0.11132,168.0,0.11136,185.0,0.11138,40.0
1753617223734,11:53:43.734,gateio,AEVO/USDT:USDT,0.11133,169.0,0.11132,168.0,0.11136,176.0,0.11138,40.0
1753617223845,11:53:43.845,gateio,AEVO/USDT:USDT,0.11134,168.0,0.11133,1.0,0.11136,8.0,0.11138,40.0
1753617223907,11:53:43.907,gateio,AEVO/USDT:USDT,0.11134,168.0,0.11132,168.0,0.11137,168.0,0.11138,40.0
1753617223981,11:53:43.981,gateio,AEVO/USDT:USDT,0.11135,1.0,0.11132,168.0,0.11136,8.0,0.11137,168.0
1753617224087,11:53:44.087,gateio,AEVO/USDT:USDT,0.11133,1.0,0.1113,168.0,0.11136,176.0,0.11137,40.0
1753617224189,11:53:44.189,gateio,AEVO/USDT:USDT,0.11132,168.0,0.11131,1.0,0.11136,8.0,0.11137,40.0
1753617224326,11:53:44.326,gateio,AEVO/USDT:USDT,0.11133,1.0,0.1113,168.0,0.11137,185.0,0.11138,80.0
1753617224391,11:53:44.391,gateio,AEVO/USDT:USDT,0.11132,168.0,0.11131,1.0,0.11137,17.0,0.11138,80.0
1753617224486,11:53:44.486,gateio,AEVO/USDT:USDT,0.11133,169.0,0.1113,168.0,0.11137,168.0,0.11138,97.0
1753617224589,11:53:44.589,gateio,AEVO/USDT:USDT,0.11133,169.0,0.1113,168.0,0.11136,185.0,0.11138,80.0
1753617224748,11:53:44.748,gateio,AEVO/USDT:USDT,0.11133,1.0,0.1113,168.0,0.11136,176.0,0.11138,40.0
1753617224823,11:53:44.823,gateio,AEVO/USDT:USDT,0.11132,168.0,0.11131,1.0,0.11136,176.0,0.11138,40.0
1753617224902,11:53:44.902,gateio,AEVO/USDT:USDT,0.11133,169.0,0.1113,208.0,0.11135,9.0,0.11136,176.0
1753617224969,11:53:44.969,gateio,AEVO/USDT:USDT,0.11133,168.0,0.1113,208.0,0.11135,9.0,0.11136,176.0
1753617225133,11:53:45.133,gateio,AEVO/USDT:USDT,0.1113,168.0,0.11129,40.0,0.11135,9.0,0.11136,176.0
1753617225186,11:53:45.186,gateio,AEVO/USDT:USDT,0.11132,168.0,0.11131,1.0,0.11135,9.0,0.11136,176.0
1753617225288,11:53:45.288,gateio,AEVO/USDT:USDT,0.11133,169.0,0.1113,168.0,0.11135,9.0,0.11136,176.0
1753617225439,11:53:45.439,gateio,AEVO/USDT:USDT,0.1113,168.0,0.11129,40.0,0.11135,9.0,0.11136,176.0
1753617225474,11:53:45.474,gateio,AEVO/USDT:USDT,0.11132,168.0,0.11131,1.0,0.11135,9.0,0.11136,176.0
1753617225595,11:53:45.595,gateio,AEVO/USDT:USDT,0.11133,169.0,0.11132,168.0,0.11135,9.0,0.11136,176.0
1753617225720,11:53:45.720,gateio,AEVO/USDT:USDT,0.1113,168.0,0.11129,40.0,0.11135,217.0,0.11136,48.0
1753617225854,11:53:45.854,gateio,AEVO/USDT:USDT,0.11132,168.0,0.11131,1.0,0.11134,8.0,0.11135,217.0
1753617225941,11:53:45.941,gateio,AEVO/USDT:USDT,0.1113,168.0,0.11129,40.0,0.11134,8.0,0.11135,217.0
1753617225986,11:53:45.986,gateio,AEVO/USDT:USDT,0.11132,168.0,0.11131,1.0,0.11134,8.0,0.11135,217.0
1753617226130,11:53:46.130,gateio,AEVO/USDT:USDT,0.1113,168.0,0.11129,40.0,0.11134,8.0,0.11135,49.0
1753617226186,11:53:46.186,gateio,AEVO/USDT:USDT,0.11132,168.0,0.11131,1.0,0.11135,40.0,0.11136,40.0
1753617226292,11:53:46.292,gateio,AEVO/USDT:USDT,0.11133,169.0,0.1113,168.0,0.11135,40.0,0.11136,40.0
1753617226443,11:53:46.443,gateio,AEVO/USDT:USDT,0.1113,168.0,0.11129,40.0,0.11135,40.0,0.11136,40.0
1753617226506,11:53:46.506,gateio,AEVO/USDT:USDT,0.11132,168.0,0.11131,1.0,0.11136,168.0,0.11137,17.0
1753617226570,11:53:46.570,gateio,AEVO/USDT:USDT,0.11133,1.0,0.11132,168.0,0.11135,17.0,0.11136,168.0
1753617226850,11:53:46.850,gateio,AEVO/USDT:USDT,0.11133,169.0,0.1113,168.0,0.11135,17.0,0.11136,168.0
1753617226869,11:53:46.869,gateio,AEVO/USDT:USDT,0.11133,168.0,0.1113,168.0,0.11135,17.0,0.11136,168.0
1753617227047,11:53:47.047,gateio,AEVO/USDT:USDT,0.1113,168.0,0.11129,80.0,0.11135,17.0,0.11136,168.0
1753617227155,11:53:47.155,gateio,AEVO/USDT:USDT,0.11132,168.0,0.11131,1.0,0.11135,17.0,0.11138,80.0
1753617227225,11:53:47.225,gateio,AEVO/USDT:USDT,0.11134,168.0,0.11133,1.0,0.11137,168.0,0.11138,40.0
1753617227272,11:53:47.272,gateio,AEVO/USDT:USDT,0.11135,1.0,0.11134,168.0,0.11136,8.0,0.11137,168.0
1753617227914,11:53:47.914,gateio,AEVO/USDT:USDT,0.11135,1.0,0.11132,208.0,0.11136,176.0,0.11138,40.0
1753617227987,11:53:47.987,gateio,AEVO/USDT:USDT,0.11133,169.0,0.11132,40.0,0.11136,168.0,0.11138,40.0
1753617228089,11:53:48.089,gateio,AEVO/USDT:USDT,0.11133,169.0,0.11132,40.0,0.11135,8.0,0.11137,168.0
1753617228225,11:53:48.225,gateio,AEVO/USDT:USDT,0.11133,168.0,0.11132,40.0,0.11136,185.0,0.11138,40.0
1753617228347,11:53:48.347,gateio,AEVO/USDT:USDT,0.11134,169.0,0.11132,40.0,0.11136,8.0,0.11138,40.0
1753617228407,11:53:48.407,gateio,AEVO/USDT:USDT,0.11133,168.0,0.11132,40.0,0.11137,168.0,0.11138,40.0
1753617228487,11:53:48.487,gateio,AEVO/USDT:USDT,0.11134,169.0,0.11132,40.0,0.11136,17.0,0.11137,168.0
1753617228570,11:53:48.570,gateio,AEVO/USDT:USDT,0.11134,168.0,0.11132,40.0,0.11136,17.0,0.11137,168.0
1753617229196,11:53:49.196,gateio,AEVO/USDT:USDT,0.11134,168.0,0.11132,80.0,0.11136,17.0,0.11145,170.0
1753617229284,11:53:49.284,gateio,AEVO/USDT:USDT,0.11134,168.0,0.11132,80.0,0.11136,17.0,0.11145,170.0
1753617229368,11:53:49.368,gateio,AEVO/USDT:USDT,0.11134,168.0,0.11132,80.0,0.11136,17.0,0.11145,170.0
1753617229529,11:53:49.529,gateio,AEVO/USDT:USDT,0.11134,168.0,0.11132,40.0,0.11142,168.0,0.11143,80.0
1753617229607,11:53:49.607,gateio,AEVO/USDT:USDT,0.11135,169.0,0.11132,40.0,0.11139,168.0,0.1114,40.0
1753617229686,11:53:49.686,gateio,AEVO/USDT:USDT,0.11135,169.0,0.11132,40.0,0.11138,185.0,0.1114,40.0
1753617229819,11:53:49.819,gateio,AEVO/USDT:USDT,0.11135,169.0,0.11132,40.0,0.11138,176.0,0.1114,40.0
1753617230161,11:53:50.161,gateio,AEVO/USDT:USDT,0.11136,168.0,0.11135,1.0,0.11138,8.0,0.1114,40.0
1753617230186,11:53:50.186,gateio,AEVO/USDT:USDT,0.11136,168.0,0.11132,40.0,0.11139,168.0,0.1114,40.0
1753617230358,11:53:50.358,gateio,AEVO/USDT:USDT,0.11137,1.0,0.11133,168.0,0.11138,176.0,0.1114,40.0
1753617230426,11:53:50.426,gateio,AEVO/USDT:USDT,0.11135,168.0,0.11134,1.0,0.11139,168.0,0.1114,40.0
1753617230483,11:53:50.483,gateio,AEVO/USDT:USDT,0.11136,1.0,0.11135,168.0,0.11138,185.0,0.11139,168.0
1753617230661,11:53:50.661,gateio,AEVO/USDT:USDT,0.11136,169.0,0.11133,168.0,0.11139,168.0,0.1114,40.0
1753617230696,11:53:50.696,gateio,AEVO/USDT:USDT,0.11136,1.0,0.11133,168.0,0.11138,8.0,0.1114,40.0
1753617230786,11:53:50.786,gateio,AEVO/USDT:USDT,0.11135,168.0,0.11134,1.0,0.11139,168.0,0.1114,40.0
1753617230890,11:53:50.890,gateio,AEVO/USDT:USDT,0.11136,172.0,0.11133,168.0,0.11138,17.0,0.11139,168.0
1753617231053,11:53:51.053,gateio,AEVO/USDT:USDT,0.11133,208.0,0.11132,80.0,0.11138,17.0,0.11139,168.0
1753617231159,11:53:51.159,gateio,AEVO/USDT:USDT,0.11135,171.0,0.11134,1.0,0.11138,188.0,0.11139,168.0
1753617231225,11:53:51.225,gateio,AEVO/USDT:USDT,0.11136,1.0,0.11133,171.0,0.11138,8.0,0.11139,171.0
1753617231332,11:53:51.332,gateio,AEVO/USDT:USDT,0.11134,172.0,0.11132,40.0,0.11137,171.0,0.11138,17.0
1753617231406,11:53:51.406,gateio,AEVO/USDT:USDT,0.11134,1.0,0.1113,168.0,0.11135,171.0,0.11136,8.0
1753617231489,11:53:51.489,gateio,AEVO/USDT:USDT,0.11131,172.0,0.11128,168.0,0.11135,171.0,0.11137,97.0
1753617231589,11:53:51.589,gateio,AEVO/USDT:USDT,0.11131,172.0,0.11128,168.0,0.11134,228.0,0.11135,211.0
1753617231739,11:53:51.739,gateio,AEVO/USDT:USDT,0.11131,172.0,0.11128,168.0,0.11134,219.0,0.11135,40.0
1753617231956,11:53:51.956,gateio,AEVO/USDT:USDT,0.11131,1.0,0.11128,168.0,0.11134,219.0,0.11135,40.0
1753617232014,11:53:52.014,gateio,AEVO/USDT:USDT,0.1113,171.0,0.11129,1.0,0.11133,171.0,0.11134,48.0
1753617232089,11:53:52.089,gateio,AEVO/USDT:USDT,0.11131,1.0,0.1113,171.0,0.11132,8.0,0.11134,211.0
1753617232174,11:53:52.174,gateio,AEVO/USDT:USDT,0.11131,1.0,0.1113,171.0,0.11133,188.0,0.11134,40.0
1753617232299,11:53:52.299,gateio,AEVO/USDT:USDT,0.11131,1.0,0.1113,171.0,0.11133,171.0,0.11134,40.0
1753617232458,11:53:52.458,gateio,AEVO/USDT:USDT,0.11131,1.0,0.1113,171.0,0.11133,171.0,0.11134,40.0
1753617232497,11:53:52.497,gateio,AEVO/USDT:USDT,0.11131,1.0,0.11128,208.0,0.11133,171.0,0.11134,40.0
1753617232633,11:53:52.633,gateio,AEVO/USDT:USDT,0.11129,1.0,0.11128,211.0,0.11133,171.0,0.11134,40.0
1753617232750,11:53:52.750,gateio,AEVO/USDT:USDT,0.1113,171.0,0.11129,1.0,0.11132,17.0,0.11133,171.0
1753617232770,11:53:52.770,gateio,AEVO/USDT:USDT,0.1113,171.0,0.11128,211.0,0.11132,17.0,0.11133,171.0
1753617233003,11:53:53.003,gateio,AEVO/USDT:USDT,0.1113,171.0,0.11128,211.0,0.11132,17.0,0.11133,171.0
1753617233171,11:53:53.171,gateio,AEVO/USDT:USDT,0.1113,171.0,0.11128,211.0,0.11132,17.0,0.11133,171.0
1753617233698,11:53:53.698,gateio,AEVO/USDT:USDT,0.11129,171.0,0.11128,40.0,0.11132,188.0,0.11134,40.0
1753617233790,11:53:53.790,gateio,AEVO/USDT:USDT,0.1113,1.0,0.11129,171.0,0.11132,179.0,0.11134,40.0
1753617233872,11:53:53.872,gateio,AEVO/USDT:USDT,0.1113,1.0,0.11129,171.0,0.11132,171.0,0.11134,40.0
1753617234058,11:53:54.058,gateio,AEVO/USDT:USDT,0.1113,1.0,0.11129,171.0,0.11132,171.0,0.11134,40.0
1753617234146,11:53:54.146,gateio,AEVO/USDT:USDT,0.1113,172.0,0.11128,80.0,0.11134,171.0,0.11139,171.0
1753617234177,11:53:54.177,gateio,AEVO/USDT:USDT,0.1113,172.0,0.11128,80.0,0.11133,188.0,0.11139,171.0
1753617234269,11:53:54.269,gateio,AEVO/USDT:USDT,0.1113,172.0,0.11128,80.0,0.11133,179.0,0.11139,171.0
1753617234660,11:53:54.660,gateio,AEVO/USDT:USDT,0.1113,1.0,0.11128,251.0,0.11132,171.0,0.11133,8.0
1753617234729,11:53:54.729,gateio,AEVO/USDT:USDT,0.11129,1.0,0.11128,171.0,0.11142,168.0,0.11145,670.0
1753617234848,11:53:54.848,gateio,AEVO/USDT:USDT,0.11129,172.0,0.1112,528.0,0.1114,171.0,0.11141,17.0
1753617234907,11:53:54.907,gateio,AEVO/USDT:USDT,0.1113,171.0,0.11129,1.0,0.11137,171.0,0.11138,80.0
1753617235005,11:53:55.005,gateio,AEVO/USDT:USDT,0.11131,1.0,0.1113,171.0,0.11135,171.0,0.11136,17.0
1753617235146,11:53:55.146,gateio,AEVO/USDT:USDT,0.11131,1.0,0.11129,171.0,0.11133,171.0,0.11134,17.0
1753617235173,11:53:55.173,gateio,AEVO/USDT:USDT,0.1113,1.0,0.11129,171.0,0.11133,171.0,0.11135,251.0
1753617235362,11:53:55.362,gateio,AEVO/USDT:USDT,0.1113,1.0,0.11128,171.0,0.11131,171.0,0.11132,8.0
1753617235454,11:53:55.454,gateio,AEVO/USDT:USDT,0.11129,1.0,0.11128,171.0,0.11133,171.0,0.11134,17.0
1753617235514,11:53:55.514,gateio,AEVO/USDT:USDT,0.11129,1.0,0.11128,171.0,0.11131,171.0,0.11132,17.0
1753617235569,11:53:55.569,gateio,AEVO/USDT:USDT,0.11129,1.0,0.11128,171.0,0.11131,171.0,0.11133,171.0
1753617235668,11:53:55.668,gateio,AEVO/USDT:USDT,0.11129,1.0,0.11128,171.0,0.11133,171.0,0.11135,251.0
1753617235838,11:53:55.838,gateio,AEVO/USDT:USDT,0.11129,1.0,0.11127,171.0,0.11132,17.0,0.11133,171.0
1753617235926,11:53:55.926,gateio,AEVO/USDT:USDT,0.11128,1.0,0.11127,171.0,0.11132,188.0,0.11133,171.0
1753617235973,11:53:55.973,gateio,AEVO/USDT:USDT,0.11129,171.0,0.11128,1.0,0.11132,188.0,0.11133,171.0
1753617236078,11:53:56.078,gateio,AEVO/USDT:USDT,0.1113,1.0,0.11129,171.0,0.11132,179.0,0.11135,211.0
1753617236169,11:53:56.169,gateio,AEVO/USDT:USDT,0.1113,1.0,0.11129,171.0,0.11132,171.0,0.11135,211.0
1753617236357,11:53:56.357,gateio,AEVO/USDT:USDT,0.1113,1.0,0.11127,171.0,0.11132,171.0,0.11135,211.0
1753617236387,11:53:56.387,gateio,AEVO/USDT:USDT,0.11128,172.0,0.11126,40.0,0.11132,171.0,0.11135,211.0
1753617236470,11:53:56.470,gateio,AEVO/USDT:USDT,0.11128,172.0,0.11126,40.0,0.11131,17.0,0.11132,171.0
1753617236609,11:53:56.609,gateio,AEVO/USDT:USDT,0.11128,1.0,0.11127,171.0,0.11131,17.0,0.11132,171.0
1753617236761,11:53:56.761,gateio,AEVO/USDT:USDT,0.11128,172.0,0.11127,171.0,0.11131,17.0,0.11132,171.0
1753617236885,11:53:56.885,gateio,AEVO/USDT:USDT,0.11128,1.0,0.11127,171.0,0.11131,17.0,0.11132,171.0
1753617237022,11:53:57.022,gateio,AEVO/USDT:USDT,0.11128,172.0,0.11126,40.0,0.11131,17.0,0.11132,171.0
1753617237144,11:53:57.144,gateio,AEVO/USDT:USDT,0.11129,171.0,0.11128,1.0,0.11131,17.0,0.11132,171.0
1753617237169,11:53:57.169,gateio,AEVO/USDT:USDT,0.11129,171.0,0.11126,40.0,0.11131,17.0,0.11132,171.0
1753617237655,11:53:57.655,gateio,AEVO/USDT:USDT,0.11127,1960.0,0.11126,40.0,0.11131,188.0,0.11135,211.0
1753617237746,11:53:57.746,gateio,AEVO/USDT:USDT,0.11128,172.0,0.11127,1789.0,0.11131,17.0,0.11135,211.0
1753617237789,11:53:57.789,gateio,AEVO/USDT:USDT,0.11128,172.0,0.11127,1789.0,0.11133,171.0,0.11134,57.0
1753617237888,11:53:57.888,gateio,AEVO/USDT:USDT,0.11128,172.0,0.11127,1789.0,0.11131,171.0,0.11132,17.0
1753617238009,11:53:58.009,gateio,AEVO/USDT:USDT,0.11128,172.0,0.11127,1789.0,0.1113,8.0,0.11131,171.0
1753617238071,11:53:58.071,gateio,AEVO/USDT:USDT,0.11128,171.0,0.11127,1789.0,0.1113,17.0,0.11131,171.0
1753617238387,11:53:58.387,gateio,AEVO/USDT:USDT,0.11128,171.0,0.11127,1789.0,0.1113,17.0,0.11131,171.0
1753617238510,11:53:58.510,gateio,AEVO/USDT:USDT,0.11128,171.0,0.11127,1789.0,0.1113,17.0,0.11131,171.0
1753617239040,11:53:59.040,gateio,AEVO/USDT:USDT,0.11127,1789.0,0.11126,211.0,0.1113,188.0,0.11133,171.0
1753617239086,11:53:59.086,gateio,AEVO/USDT:USDT,0.11128,1.0,0.11127,1789.0,0.1113,179.0,0.11133,171.0
1753617239208,11:53:59.208,gateio,AEVO/USDT:USDT,0.11128,172.0,0.11127,1789.0,0.1114,171.0,0.11141,6707.0
1753617239279,11:53:59.279,gateio,AEVO/USDT:USDT,0.11128,172.0,0.11127,1789.0,0.11138,171.0,0.11139,17.0
1753617239426,11:53:59.426,gateio,AEVO/USDT:USDT,0.11128,172.0,0.11127,1789.0,0.11134,171.0,0.11135,40.0
1753617239489,11:53:59.489,gateio,AEVO/USDT:USDT,0.11128,172.0,0.11127,1789.0,0.11132,171.0,0.11133,17.0
1753617239649,11:53:59.649,gateio,AEVO/USDT:USDT,0.11128,1.0,0.11127,1829.0,0.11131,17.0,0.11134,171.0
1753617239686,11:53:59.686,gateio,AEVO/USDT:USDT,0.11128,1.0,0.11127,1829.0,0.11132,171.0,0.11133,17.0
1753617239853,11:53:59.853,gateio,AEVO/USDT:USDT,0.11128,172.0,0.11127,1829.0,0.11131,188.0,0.11134,171.0
1753617239950,11:53:59.950,gateio,AEVO/USDT:USDT,0.11128,172.0,0.11127,1829.0,0.11131,8.0,0.11134,171.0
1753617239986,11:53:59.986,gateio,AEVO/USDT:USDT,0.11128,172.0,0.11127,1829.0,0.11132,171.0,0.11133,17.0
1753617240092,11:54:00.092,gateio,AEVO/USDT:USDT,0.11128,172.0,0.11127,1829.0,0.11131,188.0,0.11134,171.0
1753617240254,11:54:00.254,gateio,AEVO/USDT:USDT,0.11128,172.0,0.11127,1829.0,0.11131,179.0,0.11134,171.0
1753617240288,11:54:00.288,gateio,AEVO/USDT:USDT,0.11128,1.0,0.11127,1829.0,0.1113,171.0,0.11131,8.0
1753617240447,11:54:00.447,gateio,AEVO/USDT:USDT,0.11128,172.0,0.11127,1829.0,0.11134,171.0,0.11135,40.0
1753617240523,11:54:00.523,gateio,AEVO/USDT:USDT,0.11128,1.0,0.11127,1829.0,0.11132,171.0,0.11133,57.0
1753617240590,11:54:00.590,gateio,AEVO/USDT:USDT,0.11128,1.0,0.11127,1829.0,0.1113,171.0,0.11131,17.0
1753617240747,11:54:00.747,gateio,AEVO/USDT:USDT,0.11128,172.0,0.11127,1829.0,0.11134,171.0,0.11135,80.0
1753617240774,11:54:00.774,gateio,AEVO/USDT:USDT,0.11128,172.0,0.11127,1829.0,0.11132,171.0,0.11133,17.0
1753617240953,11:54:00.953,gateio,AEVO/USDT:USDT,0.11128,1.0,0.11127,1829.0,0.1113,166.0,0.11131,183.0
1753617241038,11:54:01.038,gateio,AEVO/USDT:USDT,0.11128,167.0,0.11127,1829.0,0.11134,171.0,0.11135,80.0
1753617241099,11:54:01.099,gateio,AEVO/USDT:USDT,0.11128,167.0,0.11127,1789.0,0.11132,166.0,0.11133,17.0
1753617241193,11:54:01.193,gateio,AEVO/USDT:USDT,0.11128,167.0,0.11127,1789.0,0.11131,183.0,0.11134,171.0
1753617241322,11:54:01.322,gateio,AEVO/USDT:USDT,0.11128,167.0,0.11127,1789.0,0.11131,8.0,0.11134,171.0
1753617241451,11:54:01.451,gateio,AEVO/USDT:USDT,0.11128,1.0,0.11127,1789.0,0.11132,166.0,0.11133,17.0
1753617241491,11:54:01.491,gateio,AEVO/USDT:USDT,0.11128,1.0,0.11127,1789.0,0.1113,166.0,0.11131,17.0
1753617241606,11:54:01.606,gateio,AEVO/USDT:USDT,0.11128,1.0,0.11124,166.0,0.1113,166.0,0.11131,40.0
1753617241688,11:54:01.688,gateio,AEVO/USDT:USDT,0.11125,167.0,0.11124,166.0,0.1113,166.0,0.11131,40.0
1753617241839,11:54:01.839,gateio,AEVO/USDT:USDT,0.11125,167.0,0.1112,500.0,0.11128,206.0,0.11129,97.0
1753617241907,11:54:01.907,gateio,AEVO/USDT:USDT,0.11125,1.0,0.11123,166.0,0.11127,174.0,0.11128,40.0
1753617242009,11:54:02.009,gateio,AEVO/USDT:USDT,0.11124,167.0,0.11123,166.0,0.11127,166.0,0.11128,40.0
1753617242143,11:54:02.143,gateio,AEVO/USDT:USDT,0.11124,167.0,0.1112,500.0,0.11126,8.0,0.11127,166.0
1753617242187,11:54:02.187,gateio,AEVO/USDT:USDT,0.11124,166.0,0.1112,500.0,0.11126,17.0,0.11127,166.0
1753617242356,11:54:02.356,gateio,AEVO/USDT:USDT,0.11121,1214.0,0.1112,500.0,0.11126,183.0,0.11128,40.0
1753617242436,11:54:02.436,gateio,AEVO/USDT:USDT,0.11122,1.0,0.11121,166.0,0.11126,17.0,0.11128,40.0
1753617242538,11:54:02.538,gateio,AEVO/USDT:USDT,0.11123,166.0,0.11122,1.0,0.11127,166.0,0.11128,57.0
1753617242661,11:54:02.661,gateio,AEVO/USDT:USDT,0.11124,1.0,0.11121,166.0,0.11126,17.0,0.11127,166.0
1753617242705,11:54:02.705,gateio,AEVO/USDT:USDT,0.11124,656.0,0.11123,166.0,0.11126,183.0,0.11128,40.0
1753617242840,11:54:02.840,gateio,AEVO/USDT:USDT,0.11121,166.0,0.1112,500.0,0.11128,40.0,0.11129,80.0
1753617242886,11:54:02.886,gateio,AEVO/USDT:USDT,0.11123,166.0,0.11122,1.0,0.11128,57.0,0.11129,80.0
1753617242969,11:54:02.969,gateio,AEVO/USDT:USDT,0.11124,1.0,0.11123,166.0,0.11127,166.0,0.11128,57.0
1753617243097,11:54:03.097,gateio,AEVO/USDT:USDT,0.11124,1.0,0.11123,166.0,0.11126,174.0,0.11128,40.0
1753617243169,11:54:03.169,gateio,AEVO/USDT:USDT,0.11124,1.0,0.11123,166.0,0.11126,166.0,0.11128,40.0
1753617243353,11:54:03.353,gateio,AEVO/USDT:USDT,0.11124,1.0,0.11121,166.0,0.11128,206.0,0.11129,80.0
1753617243412,11:54:03.412,gateio,AEVO/USDT:USDT,0.11124,656.0,0.11123,166.0,0.11127,17.0,0.11128,206.0
1753617243541,11:54:03.541,gateio,AEVO/USDT:USDT,0.11125,1.0,0.11124,656.0,0.11126,166.0,0.11127,17.0
1753617243680,11:54:03.680,gateio,AEVO/USDT:USDT,0.11125,1.0,0.11121,166.0,0.11126,166.0,0.11127,17.0
1753617243806,11:54:03.806,gateio,AEVO/USDT:USDT,0.11123,166.0,0.11122,1.0,0.11126,166.0,0.11127,17.0
1753617243951,11:54:03.951,gateio,AEVO/USDT:USDT,0.11123,166.0,0.11122,1.0,0.11126,166.0,0.11127,17.0
1753617244160,11:54:04.160,gateio,AEVO/USDT:USDT,0.11123,166.0,0.11122,1.0,0.11127,17.0,0.11128,206.0
1753617244228,11:54:04.228,gateio,AEVO/USDT:USDT,0.11122,167.0,0.1112,500.0,0.11126,166.0,0.11127,17.0
1753617244342,11:54:04.342,gateio,AEVO/USDT:USDT,0.11124,1.0,0.11121,166.0,0.11125,174.0,0.11127,9.0
1753617244446,11:54:04.446,gateio,AEVO/USDT:USDT,0.11123,656.0,0.11122,167.0,0.11127,166.0,0.11128,57.0
1753617244513,11:54:04.513,gateio,AEVO/USDT:USDT,0.11124,1.0,0.11122,166.0,0.11126,183.0,0.11127,166.0
1753617244641,11:54:04.641,gateio,AEVO/USDT:USDT,0.11123,1.0,0.11121,166.0,0.11126,166.0,0.11128,40.0
1753617244743,11:54:04.743,gateio,AEVO/USDT:USDT,0.11123,166.0,0.11122,1.0,0.11125,8.0,0.11126,166.0
1753617244823,11:54:04.823,gateio,AEVO/USDT:USDT,0.11124,656.0,0.11123,166.0,0.11125,17.0,0.11126,206.0
1753617244870,11:54:04.870,gateio,AEVO/USDT:USDT,0.11124,657.0,0.11123,166.0,0.11125,8.0,0.11126,206.0
1753617245055,11:54:05.055,gateio,AEVO/USDT:USDT,0.11124,657.0,0.11123,166.0,0.11125,8.0,0.11126,206.0
1753617245148,11:54:05.148,gateio,AEVO/USDT:USDT,0.11124,657.0,0.11122,166.0,0.11125,8.0,0.11126,206.0
1753617245231,11:54:05.231,gateio,AEVO/USDT:USDT,0.11124,656.0,0.11123,1.0,0.11125,174.0,0.11126,40.0
1753617245307,11:54:05.307,gateio,AEVO/USDT:USDT,0.11123,1.0,0.1112,500.0,0.11125,166.0,0.11126,40.0
1753617245455,11:54:05.455,gateio,AEVO/USDT:USDT,0.11121,167.0,0.1112,500.0,0.11125,166.0,0.11126,40.0
1753617245506,11:54:05.506,gateio,AEVO/USDT:USDT,0.11121,167.0,0.1112,500.0,0.11124,183.0,0.11126,40.0
1753617245659,11:54:05.659,gateio,AEVO/USDT:USDT,0.11121,167.0,0.1112,500.0,0.11124,174.0,0.11126,40.0
1753617245665,11:54:05.665,gateio,AEVO/USDT:USDT,0.11121,167.0,0.1112,500.0,0.11124,174.0,0.11126,40.0
1753617246026,11:54:06.026,gateio,AEVO/USDT:USDT,0.11121,1.0,0.11119,208.0,0.11123,166.0,0.11124,8.0
1753617246147,11:54:06.147,gateio,AEVO/USDT:USDT,0.1112,1.0,0.11119,40.0,0.11123,166.0,0.11125,40.0
1753617246238,11:54:06.238,gateio,AEVO/USDT:USDT,0.11119,206.0,0.11118,1.0,0.11122,174.0,0.11123,166.0
1753617246313,11:54:06.313,gateio,AEVO/USDT:USDT,0.1112,1.0,0.11119,206.0,0.11122,174.0,0.11125,40.0
1753617246369,11:54:06.369,gateio,AEVO/USDT:USDT,0.1112,1.0,0.11119,206.0,0.11122,166.0,0.11125,40.0
1753617246510,11:54:06.510,gateio,AEVO/USDT:USDT,0.1112,1.0,0.11119,206.0,0.11122,166.0,0.11125,40.0
1753617246590,11:54:06.590,gateio,AEVO/USDT:USDT,0.11121,166.0,0.1112,1.0,0.11124,166.0,0.11125,40.0
1753617246670,11:54:06.670,gateio,AEVO/USDT:USDT,0.11122,1.0,0.11121,166.0,0.11123,8.0,0.11124,166.0
1753617246880,11:54:06.880,gateio,AEVO/USDT:USDT,0.11122,1.0,0.1112,166.0,0.11123,174.0,0.11125,40.0
1753617246972,11:54:06.972,gateio,AEVO/USDT:USDT,0.11121,1.0,0.1112,166.0,0.11123,166.0,0.11125,40.0
1753617247134,11:54:07.134,gateio,AEVO/USDT:USDT,0.11121,1.0,0.11119,40.0,0.11123,166.0,0.11125,40.0
1753617247181,11:54:07.181,gateio,AEVO/USDT:USDT,0.11119,206.0,0.11118,1.0,0.11123,166.0,0.11125,40.0
1753617247341,11:54:07.341,gateio,AEVO/USDT:USDT,0.1112,1.0,0.11119,40.0,0.11122,17.0,0.11125,40.0
1753617247387,11:54:07.387,gateio,AEVO/USDT:USDT,0.11119,206.0,0.11118,1.0,0.11124,166.0,0.11125,40.0
1753617247550,11:54:07.550,gateio,AEVO/USDT:USDT,0.1112,167.0,0.11119,40.0,0.11123,17.0,0.11124,166.0
1753617247693,11:54:07.693,gateio,AEVO/USDT:USDT,0.1112,167.0,0.11119,40.0,0.11123,183.0,0.11125,40.0
1753617247798,11:54:07.798,gateio,AEVO/USDT:USDT,0.1112,167.0,0.11119,40.0,0.11123,174.0,0.11125,40.0
1753617247959,11:54:07.959,gateio,AEVO/USDT:USDT,0.1112,1.0,0.11119,40.0,0.11122,166.0,0.11123,8.0
1753617247990,11:54:07.990,gateio,AEVO/USDT:USDT,0.11119,40.0,0.11116,1.0,0.11122,166.0,0.11125,40.0
1753617248153,11:54:08.153,gateio,AEVO/USDT:USDT,0.11117,166.0,0.11116,41.0,0.11121,8.0,0.11122,166.0
1753617248248,11:54:08.248,gateio,AEVO/USDT:USDT,0.11118,167.0,0.11117,166.0,0.11121,183.0,0.11125,40.0
1753617248346,11:54:08.346,gateio,AEVO/USDT:USDT,0.11118,167.0,0.11116,40.0,0.11121,8.0,0.11123,166.0
1753617248409,11:54:08.409,gateio,AEVO/USDT:USDT,0.11118,167.0,0.11116,40.0,0.11122,17.0,0.11123,166.0
1753617248555,11:54:08.555,gateio,AEVO/USDT:USDT,0.11118,167.0,0.11116,40.0,0.11121,166.0,0.11122,17.0
1753617248570,11:54:08.570,gateio,AEVO/USDT:USDT,0.11118,167.0,0.11116,40.0,0.1112,8.0,0.11121,166.0
1753617248670,11:54:08.670,gateio,AEVO/USDT:USDT,0.11118,166.0,0.11116,40.0,0.1112,17.0,0.11121,166.0
1753617248959,11:54:08.959,gateio,AEVO/USDT:USDT,0.11117,166.0,0.11116,40.0,0.1112,17.0,0.11123,166.0
1753617249006,11:54:09.006,gateio,AEVO/USDT:USDT,0.11118,167.0,0.11116,40.0,0.11121,166.0,0.11122,17.0
1753617249071,11:54:09.071,gateio,AEVO/USDT:USDT,0.11118,167.0,0.11116,40.0,0.1112,8.0,0.11121,166.0
1753617249172,11:54:09.172,gateio,AEVO/USDT:USDT,0.11118,166.0,0.11116,40.0,0.1112,17.0,0.11121,166.0
1753617249271,11:54:09.271,gateio,AEVO/USDT:USDT,0.11118,166.0,0.11116,40.0,0.1112,17.0,0.11121,166.0
1753617249397,11:54:09.397,gateio,AEVO/USDT:USDT,0.11118,166.0,0.11116,40.0,0.1112,17.0,0.11122,166.0
1753617249472,11:54:09.472,gateio,AEVO/USDT:USDT,0.11118,166.0,0.11116,40.0,0.11121,17.0,0.11122,166.0
1753617249570,11:54:09.570,gateio,AEVO/USDT:USDT,0.11119,1.0,0.11118,166.0,0.11121,17.0,0.11122,166.0
1753617250015,11:54:10.015,gateio,AEVO/USDT:USDT,0.11119,1.0,0.11118,166.0,0.11121,183.0,0.11125,40.0
1753617250138,11:54:10.138,gateio,AEVO/USDT:USDT,0.11119,167.0,0.11118,166.0,0.11123,166.0,0.11125,80.0
1753617250176,11:54:10.176,gateio,AEVO/USDT:USDT,0.11119,167.0,0.11118,166.0,0.11122,183.0,0.11125,40.0
1753617250285,11:54:10.285,gateio,AEVO/USDT:USDT,0.11119,167.0,0.11116,40.0,0.11122,174.0,0.11125,40.0
1753617250522,11:54:10.522,gateio,AEVO/USDT:USDT,0.11119,167.0,0.11116,40.0,0.11122,174.0,0.11125,40.0
1753617250655,11:54:10.655,gateio,AEVO/USDT:USDT,0.11119,167.0,0.11116,40.0,0.11122,174.0,0.11125,40.0
1753617250683,11:54:10.683,gateio,AEVO/USDT:USDT,0.11119,167.0,0.11116,40.0,0.11122,174.0,0.11125,40.0
1753617250773,11:54:10.773,gateio,AEVO/USDT:USDT,0.11119,167.0,0.11116,40.0,0.11122,174.0,0.11125,40.0
1753617251358,11:54:11.358,gateio,AEVO/USDT:USDT,0.11119,169.0,0.11116,40.0,0.11122,8.0,0.11123,40.0
1753617251458,11:54:11.458,gateio,AEVO/USDT:USDT,0.11119,169.0,0.11116,40.0,0.11122,168.0,0.11123,225.0
1753617251486,11:54:11.486,gateio,AEVO/USDT:USDT,0.11119,169.0,0.11116,40.0,0.11121,8.0,0.11122,168.0
1753617251610,11:54:11.610,gateio,AEVO/USDT:USDT,0.11119,168.0,0.11116,40.0,0.11121,17.0,0.11122,168.0
1753617252606,11:54:12.606,gateio,AEVO/USDT:USDT,0.11117,168.0,0.11116,40.0,0.11121,185.0,0.11123,40.0
1753617252674,11:54:12.674,gateio,AEVO/USDT:USDT,0.11118,169.0,0.11116,40.0,0.11121,17.0,0.11123,40.0
1753617252786,11:54:12.786,gateio,AEVO/USDT:USDT,0.11118,169.0,0.11116,40.0,0.11122,168.0,0.11123,40.0
1753617252888,11:54:12.888,gateio,AEVO/USDT:USDT,0.11118,169.0,0.11116,40.0,0.11121,185.0,0.11123,40.0
1753617252969,11:54:12.969,gateio,AEVO/USDT:USDT,0.11118,169.0,0.11116,40.0,0.11121,176.0,0.11123,40.0
1753617253197,11:54:13.197,gateio,AEVO/USDT:USDT,0.11119,168.0,0.11118,1.0,0.11121,8.0,0.11123,40.0
1753617253293,11:54:13.293,gateio,AEVO/USDT:USDT,0.11119,168.0,0.11116,40.0,0.11122,168.0,0.11123,40.0
1753617253386,11:54:13.386,gateio,AEVO/USDT:USDT,0.1112,1.0,0.11116,40.0,0.11121,8.0,0.11122,168.0
1753617253479,11:54:13.479,gateio,AEVO/USDT:USDT,0.11117,168.0,0.11116,41.0,0.11121,176.0,0.11123,40.0
1753617253586,11:54:13.586,gateio,AEVO/USDT:USDT,0.11118,169.0,0.11117,168.0,0.1112,9.0,0.11121,176.0
1753617253739,11:54:13.739,gateio,AEVO/USDT:USDT,0.11118,168.0,0.11116,40.0,0.1112,9.0,0.11121,176.0
1753617255183,11:54:15.183,gateio,AEVO/USDT:USDT,0.11118,168.0,0.11116,40.0,0.1112,9.0,0.11121,8.0
1753617255272,11:54:15.272,gateio,AEVO/USDT:USDT,0.11118,168.0,0.11116,40.0,0.11121,17.0,0.11122,168.0
1753617255455,11:54:15.455,gateio,AEVO/USDT:USDT,0.11119,1.0,0.11118,168.0,0.11121,185.0,0.11123,40.0
1753617255469,11:54:15.469,gateio,AEVO/USDT:USDT,0.11119,1.0,0.11118,168.0,0.11121,168.0,0.11123,40.0
1753617256660,11:54:16.660,gateio,AEVO/USDT:USDT,0.11119,1.0,0.11116,40.0,0.11121,168.0,0.11122,40.0
1753617256686,11:54:16.686,gateio,AEVO/USDT:USDT,0.11117,168.0,0.11116,1.0,0.11121,168.0,0.11123,40.0
1753617256794,11:54:16.794,gateio,AEVO/USDT:USDT,0.11118,1.0,0.11117,168.0,0.1112,185.0,0.11123,40.0
1753617256947,11:54:16.947,gateio,AEVO/USDT:USDT,0.11118,1.0,0.11115,166.0,0.1112,168.0,0.11123,40.0
1753617257058,11:54:17.058,gateio,AEVO/USDT:USDT,0.11117,168.0,0.11116,169.0,0.1112,168.0,0.11123,40.0
1753617257158,11:54:17.158,gateio,AEVO/USDT:USDT,0.11118,1.0,0.11117,168.0,0.11119,8.0,0.1112,168.0
1753617257258,11:54:17.258,gateio,AEVO/USDT:USDT,0.11118,1.0,0.11117,168.0,0.11119,8.0,0.11123,40.0
1753617257327,11:54:17.327,gateio,AEVO/USDT:USDT,0.11118,1.0,0.11116,168.0,0.11121,168.0,0.11122,40.0
1753617257439,11:54:17.439,gateio,AEVO/USDT:USDT,0.11118,168.0,0.11117,1.0,0.1112,8.0,0.11123,40.0
1753617257492,11:54:17.492,gateio,AEVO/USDT:USDT,0.11116,168.0,0.11115,40.0,0.11122,168.0,0.11123,40.0
1753617257653,11:54:17.653,gateio,AEVO/USDT:USDT,0.11117,169.0,0.11115,40.0,0.1112,168.0,0.11121,17.0
1753617257669,11:54:17.669,gateio,AEVO/USDT:USDT,0.11117,169.0,0.11115,40.0,0.11119,8.0,0.1112,168.0
1753617257770,11:54:17.770,gateio,AEVO/USDT:USDT,0.11117,168.0,0.11115,40.0,0.11119,17.0,0.1112,168.0
1753617258756,11:54:18.756,gateio,AEVO/USDT:USDT,0.11117,168.0,0.11115,40.0,0.11119,17.0,0.11123,40.0
1753617258787,11:54:18.787,gateio,AEVO/USDT:USDT,0.11117,168.0,0.11115,40.0,0.11122,168.0,0.11123,40.0
1753617258889,11:54:18.889,gateio,AEVO/USDT:USDT,0.11118,1.0,0.11117,168.0,0.1112,168.0,0.11121,185.0
1753617259041,11:54:19.041,gateio,AEVO/USDT:USDT,0.11118,1.0,0.11117,168.0,0.1112,168.0,0.11123,40.0
1753617259195,11:54:19.195,gateio,AEVO/USDT:USDT,0.11118,1.0,0.11117,168.0,0.1112,168.0,0.11123,40.0
1753617260146,11:54:20.146,gateio,AEVO/USDT:USDT,0.11118,169.0,0.11115,40.0,0.11122,208.0,0.11123,80.0
1753617260254,11:54:20.254,gateio,AEVO/USDT:USDT,0.11118,169.0,0.11115,40.0,0.11121,185.0,0.11122,40.0
1753617260272,11:54:20.272,gateio,AEVO/USDT:USDT,0.11118,169.0,0.11115,40.0,0.11121,176.0,0.11122,40.0
1753617260622,11:54:20.622,gateio,AEVO/USDT:USDT,0.11118,1.0,0.11116,168.0,0.1112,168.0,0.11121,48.0
1753617260687,11:54:20.687,gateio,AEVO/USDT:USDT,0.11117,169.0,0.11115,40.0,0.1112,168.0,0.11121,40.0
1753617260770,11:54:20.770,gateio,AEVO/USDT:USDT,0.11117,169.0,0.11115,40.0,0.11119,8.0,0.1112,168.0
1753617260870,11:54:20.870,gateio,AEVO/USDT:USDT,0.11117,168.0,0.11115,40.0,0.11119,17.0,0.1112,168.0
1753617261037,11:54:21.037,gateio,AEVO/USDT:USDT,0.11117,168.0,0.11115,40.0,0.11119,17.0,0.1112,168.0
1753617262592,11:54:22.592,gateio,AEVO/USDT:USDT,0.11117,168.0,0.11115,40.0,0.11119,17.0,0.11121,168.0
1753617262672,11:54:22.672,gateio,AEVO/USDT:USDT,0.11117,168.0,0.11115,40.0,0.1112,17.0,0.11121,168.0
1753617262774,11:54:22.774,gateio,AEVO/USDT:USDT,0.11118,169.0,0.11115,40.0,0.1112,17.0,0.11121,168.0
1753617262932,11:54:22.932,gateio,AEVO/USDT:USDT,0.11116,168.0,0.11115,40.0,0.1112,17.0,0.1113,166.0
1753617263005,11:54:23.005,gateio,AEVO/USDT:USDT,0.11118,168.0,0.11117,1.0,0.11128,168.0,0.11129,17.0
1753617263110,11:54:23.110,gateio,AEVO/USDT:USDT,0.11119,1.0,0.11118,168.0,0.11125,168.0,0.11126,40.0
1753617263186,11:54:23.186,gateio,AEVO/USDT:USDT,0.11119,1.0,0.11118,168.0,0.11123,168.0,0.11124,57.0
1753617263290,11:54:23.290,gateio,AEVO/USDT:USDT,0.11119,1.0,0.11118,168.0,0.11121,168.0,0.11122,17.0
1753617263370,11:54:23.370,gateio,AEVO/USDT:USDT,0.11119,1.0,0.11118,168.0,0.11121,168.0,0.11123,208.0
1753617263614,11:54:23.614,gateio,AEVO/USDT:USDT,0.11119,1.0,0.11118,168.0,0.11121,168.0,0.11123,208.0
1753617263929,11:54:23.929,gateio,AEVO/USDT:USDT,0.11119,1.0,0.11116,168.0,0.11121,168.0,0.11123,208.0
1753617263987,11:54:23.987,gateio,AEVO/USDT:USDT,0.11117,169.0,0.11115,40.0,0.11121,168.0,0.11123,208.0
1753617264078,11:54:24.078,gateio,AEVO/USDT:USDT,0.11117,169.0,0.11115,40.0,0.1112,185.0,0.11123,208.0
1753617264174,11:54:24.174,gateio,AEVO/USDT:USDT,0.11117,169.0,0.11115,40.0,0.1112,176.0,0.11123,208.0
1753617264697,11:54:24.697,gateio,AEVO/USDT:USDT,0.11117,169.0,0.11115,40.0,0.1112,176.0,0.11123,208.0
1753617264770,11:54:24.770,gateio,AEVO/USDT:USDT,0.11118,4.0,0.11117,169.0,0.11119,4.0,0.1112,176.0
1753617264886,11:54:24.886,gateio,AEVO/USDT:USDT,0.11118,4.0,0.11117,169.0,0.11119,4.0,0.1112,176.0
1753617265158,11:54:25.158,gateio,AEVO/USDT:USDT,0.11118,4.0,0.11117,169.0,0.11119,4.0,0.1112,176.0
1753617265933,11:54:25.933,gateio,AEVO/USDT:USDT,0.11118,172.0,0.11117,1.0,0.11119,4.0,0.1112,8.0
1753617265986,11:54:25.986,gateio,AEVO/USDT:USDT,0.11118,168.0,0.11115,40.0,0.11121,168.0,0.11122,25.0
1753617266076,11:54:26.076,gateio,AEVO/USDT:USDT,0.11119,5.0,0.11116,168.0,0.1112,12.0,0.11121,168.0
1753617266186,11:54:26.186,gateio,AEVO/USDT:USDT,0.11117,177.0,0.11115,40.0,0.1112,12.0,0.11121,168.0
1753617266327,11:54:26.327,gateio,AEVO/USDT:USDT,0.11117,173.0,0.11115,80.0,0.1112,193.0,0.11121,168.0
1753617266386,11:54:26.386,gateio,AEVO/USDT:USDT,0.11117,173.0,0.11112,500.0,0.1112,180.0,0.11121,168.0
1753617266485,11:54:26.485,gateio,AEVO/USDT:USDT,0.11118,168.0,0.11117,5.0,0.1112,12.0,0.11123,208.0
1753617266590,11:54:26.590,gateio,AEVO/USDT:USDT,0.11118,168.0,0.11112,500.0,0.11121,168.0,0.11122,65.0
1753617266689,11:54:26.689,gateio,AEVO/USDT:USDT,0.11119,5.0,0.11117,168.0,0.1112,12.0,0.11121,168.0
1753617266788,11:54:26.788,gateio,AEVO/USDT:USDT,0.11118,177.0,0.11112,500.0,0.1112,12.0,0.11121,208.0
1753617266870,11:54:26.870,gateio,AEVO/USDT:USDT,0.11118,168.0,0.11112,500.0,0.1112,25.0,0.11121,208.0
1753617267045,11:54:27.045,gateio,AEVO/USDT:USDT,0.11113,168.0,0.11112,500.0,0.1112,193.0,0.11121,40.0
1753617267141,11:54:27.141,gateio,AEVO/USDT:USDT,0.11115,168.0,0.11114,9.0,0.1112,193.0,0.11121,40.0
1753617267207,11:54:27.207,gateio,AEVO/USDT:USDT,0.11117,168.0,0.11116,9.0,0.1112,25.0,0.11121,40.0
1753617267327,11:54:27.327,gateio,AEVO/USDT:USDT,0.11118,5.0,0.11115,168.0,0.1112,168.0,0.11121,80.0
1753617267386,11:54:27.386,gateio,AEVO/USDT:USDT,0.11117,168.0,0.11116,9.0,0.1112,168.0,0.11121,40.0
1753617267559,11:54:27.559,gateio,AEVO/USDT:USDT,0.11118,173.0,0.11115,168.0,0.11119,12.0,0.11121,208.0
1753617267589,11:54:27.589,gateio,AEVO/USDT:USDT,0.11117,168.0,0.11116,9.0,0.1112,25.0,0.11121,208.0
1753617267686,11:54:27.686,gateio,AEVO/USDT:USDT,0.11118,173.0,0.11117,168.0,0.1112,25.0,0.11121,208.0
1753617267847,11:54:27.847,gateio,AEVO/USDT:USDT,0.11115,168.0,0.11113,40.0,0.1112,25.0,0.11121,208.0
1753617267903,11:54:27.903,gateio,AEVO/USDT:USDT,0.11117,168.0,0.11116,49.0,0.1112,25.0,0.11121,208.0
1753617267998,11:54:27.998,gateio,AEVO/USDT:USDT,0.11118,173.0,0.11116,40.0,0.1112,25.0,0.11121,208.0
1753617268069,11:54:28.069,gateio,AEVO/USDT:USDT,0.11118,168.0,0.11116,40.0,0.1112,25.0,0.11121,208.0
1753617268263,11:54:28.263,gateio,AEVO/USDT:USDT,0.11118,168.0,0.11116,40.0,0.1112,25.0,0.11121,208.0
1753617268950,11:54:28.950,gateio,AEVO/USDT:USDT,0.11117,168.0,0.11115,168.0,0.1112,193.0,0.11121,40.0
1753617268986,11:54:28.986,gateio,AEVO/USDT:USDT,0.11118,5.0,0.11117,168.0,0.1112,180.0,0.11121,40.0
1753617269070,11:54:29.070,gateio,AEVO/USDT:USDT,0.11118,9.0,0.11117,168.0,0.1112,168.0,0.11121,40.0
1753617269531,11:54:29.531,gateio,AEVO/USDT:USDT,0.11118,9.0,0.11116,80.0,0.1112,168.0,0.11122,40.0
1753617269605,11:54:29.605,gateio,AEVO/USDT:USDT,0.11117,168.0,0.11116,49.0,0.1113,166.0,0.11131,500.0
1753617269686,11:54:29.686,gateio,AEVO/USDT:USDT,0.11118,177.0,0.11116,40.0,0.11128,168.0,0.11129,25.0
1753617269855,11:54:29.855,gateio,AEVO/USDT:USDT,0.11118,177.0,0.11116,40.0,0.11125,168.0,0.11126,40.0
1753617269927,11:54:29.927,gateio,AEVO/USDT:USDT,0.11118,9.0,0.11115,168.0,0.11122,168.0,0.11123,40.0
1753617270049,11:54:30.049,gateio,AEVO/USDT:USDT,0.11116,9.0,0.11114,168.0,0.11119,168.0,0.1112,40.0
1753617270129,11:54:30.129,gateio,AEVO/USDT:USDT,0.11115,9.0,0.11113,168.0,0.11117,168.0,0.11118,12.0
1753617270239,11:54:30.239,gateio,AEVO/USDT:USDT,0.11115,168.0,0.11114,9.0,0.11119,168.0,0.1112,40.0
1753617270339,11:54:30.339,gateio,AEVO/USDT:USDT,0.11116,9.0,0.11113,168.0,0.11117,168.0,0.11118,25.0
1753617270427,11:54:30.427,gateio,AEVO/USDT:USDT,0.11114,177.0,0.11112,500.0,0.11118,40.0,0.11119,65.0
1753617270528,11:54:30.528,gateio,AEVO/USDT:USDT,0.11114,177.0,0.11112,500.0,0.11117,193.0,0.11118,40.0
1753617270570,11:54:30.570,gateio,AEVO/USDT:USDT,0.11114,168.0,0.11112,500.0,0.11117,168.0,0.11118,40.0
1753617271017,11:54:31.017,gateio,AEVO/USDT:USDT,0.11114,168.0,0.11112,500.0,0.11117,168.0,0.11118,40.0
1753617271076,11:54:31.076,gateio,AEVO/USDT:USDT,0.11114,168.0,0.11112,500.0,0.11117,168.0,0.11118,40.0
1753617271246,11:54:31.246,gateio,AEVO/USDT:USDT,0.11114,168.0,0.11112,500.0,0.11117,168.0,0.11118,40.0
1753617271534,11:54:31.534,gateio,AEVO/USDT:USDT,0.11114,168.0,0.11112,500.0,0.11117,168.0,0.11118,40.0
1753617271663,11:54:31.663,gateio,AEVO/USDT:USDT,0.11114,168.0,0.11112,500.0,0.11117,168.0,0.11118,40.0
1753617271665,11:54:31.665,gateio,AEVO/USDT:USDT,0.11114,168.0,0.11112,668.0,0.11117,168.0,0.11118,40.0
1753617271854,11:54:31.854,gateio,AEVO/USDT:USDT,0.11113,656.0,0.11109,170.0,0.11117,168.0,0.11118,40.0
1753617271871,11:54:31.871,gateio,AEVO/USDT:USDT,0.11114,177.0,0.11113,656.0,0.11116,25.0,0.11117,168.0
1753617272046,11:54:32.046,gateio,AEVO/USDT:USDT,0.11111,168.0,0.1111,656.0,0.11116,25.0,0.11117,168.0
1753617272086,11:54:32.086,gateio,AEVO/USDT:USDT,0.11113,168.0,0.11112,9.0,0.11116,25.0,0.11117,168.0
1753617272251,11:54:32.251,gateio,AEVO/USDT:USDT,0.11111,168.0,0.11109,250.0,0.11116,193.0,0.11118,40.0
1753617272273,11:54:32.273,gateio,AEVO/USDT:USDT,0.11113,824.0,0.11112,9.0,0.11116,25.0,0.11118,40.0
1753617272427,11:54:32.427,gateio,AEVO/USDT:USDT,0.11113,824.0,0.11111,168.0,0.11116,168.0,0.11117,65.0
1753617272471,11:54:32.471,gateio,AEVO/USDT:USDT,0.11113,824.0,0.11111,168.0,0.11116,168.0,0.11117,40.0
1753617272626,11:54:32.626,gateio,AEVO/USDT:USDT,0.11114,168.0,0.11111,168.0,0.11117,208.0,0.11118,80.0
1753617272772,11:54:32.772,gateio,AEVO/USDT:USDT,0.11111,168.0,0.11109,250.0,0.11117,208.0,0.11118,80.0
1753617272886,11:54:32.886,gateio,AEVO/USDT:USDT,0.11113,168.0,0.11112,665.0,0.11116,25.0,0.11117,208.0
1753617273014,11:54:33.014,gateio,AEVO/USDT:USDT,0.11113,168.0,0.11112,656.0,0.11116,193.0,0.11117,40.0
1753617273108,11:54:33.108,gateio,AEVO/USDT:USDT,0.11111,168.0,0.11109,250.0,0.11117,40.0,0.11118,80.0
1753617273195,11:54:33.195,gateio,AEVO/USDT:USDT,0.11113,168.0,0.11112,9.0,0.11116,193.0,0.11117,40.0
1753617273346,11:54:33.346,gateio,AEVO/USDT:USDT,0.11114,656.0,0.11113,168.0,0.11117,208.0,0.11118,80.0
1753617273427,11:54:33.427,gateio,AEVO/USDT:USDT,0.11112,168.0,0.11111,40.0,0.11116,168.0,0.11117,40.0
1753617273545,11:54:33.545,gateio,AEVO/USDT:USDT,0.11113,9.0,0.11112,168.0,0.11115,193.0,0.11117,40.0
1753617273647,11:54:33.647,gateio,AEVO/USDT:USDT,0.11113,9.0,0.11112,168.0,0.11115,168.0,0.11117,40.0
1753617273756,11:54:33.756,gateio,AEVO/USDT:USDT,0.11113,177.0,0.11109,210.0,0.11117,208.0,0.11118,80.0
1753617273845,11:54:33.845,gateio,AEVO/USDT:USDT,0.11113,9.0,0.11109,210.0,0.11115,168.0,0.11116,233.0
1753617273945,11:54:33.945,gateio,AEVO/USDT:USDT,0.11111,168.0,0.1111,9.0,0.11115,168.0,0.11116,40.0
1753617274019,11:54:34.019,gateio,AEVO/USDT:USDT,0.11112,177.0,0.11109,210.0,0.11114,25.0,0.11115,168.0
1753617274069,11:54:34.069,gateio,AEVO/USDT:USDT,0.11112,168.0,0.11109,210.0,0.11114,25.0,0.11115,168.0
1753617274352,11:54:34.352,gateio,AEVO/USDT:USDT,0.1111,168.0,0.11109,40.0,0.11114,193.0,0.11116,40.0
1753617274401,11:54:34.401,gateio,AEVO/USDT:USDT,0.11111,177.0,0.11109,40.0,0.11114,233.0,0.11115,40.0
1753617274469,11:54:34.469,gateio,AEVO/USDT:USDT,0.11111,168.0,0.11109,40.0,0.11114,208.0,0.11115,40.0
1753617274656,11:54:34.656,gateio,AEVO/USDT:USDT,0.11111,168.0,0.11109,40.0,0.11114,40.0,0.11115,40.0
1753617274761,11:54:34.761,gateio,AEVO/USDT:USDT,0.11111,168.0,0.11109,40.0,0.11114,208.0,0.11115,40.0
1753617275123,11:54:35.123,gateio,AEVO/USDT:USDT,0.11111,168.0,0.11109,40.0,0.11114,40.0,0.11115,40.0
1753617275694,11:54:35.694,gateio,AEVO/USDT:USDT,0.11111,168.0,0.11109,40.0,0.11114,208.0,0.11115,40.0
1753617275851,11:54:35.851,gateio,AEVO/USDT:USDT,0.11111,168.0,0.11109,40.0,0.11114,40.0,0.11115,40.0
1753617276001,11:54:36.001,gateio,AEVO/USDT:USDT,0.11111,168.0,0.11109,40.0,0.11114,40.0,0.11115,40.0
1753617276321,11:54:36.321,gateio,AEVO/USDT:USDT,0.11111,168.0,0.11109,80.0,0.11114,40.0,0.11115,40.0
1753617276626,11:54:36.626,gateio,AEVO/USDT:USDT,0.11111,168.0,0.11109,80.0,0.11115,168.0,0.11116,80.0
1753617276755,11:54:36.755,gateio,AEVO/USDT:USDT,0.11112,9.0,0.11111,168.0,0.11114,193.0,0.11116,80.0
1753617276769,11:54:36.769,gateio,AEVO/USDT:USDT,0.11112,9.0,0.11111,168.0,0.11114,168.0,0.11116,80.0
1753617277228,11:54:37.228,gateio,AEVO/USDT:USDT,0.11112,177.0,0.11111,168.0,0.11115,168.0,0.11116,80.0
1753617277299,11:54:37.299,gateio,AEVO/USDT:USDT,0.11112,168.0,0.11111,168.0,0.11115,168.0,0.11116,80.0
1753617277370,11:54:37.370,gateio,AEVO/USDT:USDT,0.11112,168.0,0.11109,40.0,0.11115,168.0,0.11116,80.0
1753617277547,11:54:37.547,gateio,AEVO/USDT:USDT,0.1111,168.0,0.11104,170.0,0.11115,168.0,0.11116,80.0
1753617277595,11:54:37.595,gateio,AEVO/USDT:USDT,0.11111,177.0,0.11104,170.0,0.11114,273.0,0.11115,80.0
1753617277739,11:54:37.739,gateio,AEVO/USDT:USDT,0.11104,170.0,0.11102,4960.0,0.11114,208.0,0.11115,40.0
1753617277801,11:54:37.801,gateio,AEVO/USDT:USDT,0.11107,168.0,0.11106,40.0,0.11113,25.0,0.11114,208.0
1753617277941,11:54:37.941,gateio,AEVO/USDT:USDT,0.11109,168.0,0.11108,9.0,0.11113,25.0,0.11114,208.0
1753617278044,11:54:38.044,gateio,AEVO/USDT:USDT,0.11111,168.0,0.1111,9.0,0.11113,25.0,0.11114,40.0
1753617278099,11:54:38.099,gateio,AEVO/USDT:USDT,0.11107,168.0,0.11106,40.0,0.11113,193.0,0.11114,40.0
1753617278256,11:54:38.256,gateio,AEVO/USDT:USDT,0.11109,168.0,0.11108,9.0,0.11113,193.0,0.11114,40.0
1753617278346,11:54:38.346,gateio,AEVO/USDT:USDT,0.11111,168.0,0.1111,9.0,0.11113,25.0,0.11114,40.0
1753617278438,11:54:38.438,gateio,AEVO/USDT:USDT,0.11108,168.0,0.11107,40.0,0.11113,193.0,0.11114,40.0
1753617278528,11:54:38.528,gateio,AEVO/USDT:USDT,0.1111,168.0,0.11109,9.0,0.11113,193.0,0.11114,40.0
1753617278637,11:54:38.637,gateio,AEVO/USDT:USDT,0.11108,168.0,0.11107,40.0,0.11113,168.0,0.11114,40.0
1753617278715,11:54:38.715,gateio,AEVO/USDT:USDT,0.1111,168.0,0.11109,9.0,0.11112,25.0,0.11113,168.0
1753617278850,11:54:38.850,gateio,AEVO/USDT:USDT,0.11108,168.0,0.11106,40.0,0.11112,25.0,0.11114,40.0
1753617278948,11:54:38.948,gateio,AEVO/USDT:USDT,0.1111,168.0,0.11109,9.0,0.11113,193.0,0.11114,40.0
1753617279060,11:54:39.060,gateio,AEVO/USDT:USDT,0.1111,168.0,0.11106,40.0,0.11113,168.0,0.11114,40.0
1753617279119,11:54:39.119,gateio,AEVO/USDT:USDT,0.1111,168.0,0.11106,40.0,0.11114,208.0,0.11115,80.0
1753617279240,11:54:39.240,gateio,AEVO/USDT:USDT,0.11111,9.0,0.1111,168.0,0.11113,25.0,0.11114,40.0
1753617279357,11:54:39.357,gateio,AEVO/USDT:USDT,0.11111,177.0,0.11108,40.0,0.11113,25.0,0.11114,40.0
1753617279455,11:54:39.455,gateio,AEVO/USDT:USDT,0.11111,168.0,0.11108,40.0,0.11113,25.0,0.11114,40.0
1753617279748,11:54:39.748,gateio,AEVO/USDT:USDT,0.11111,168.0,0.11108,40.0,0.11113,25.0,0.11114,40.0
1753617280642,11:54:40.642,gateio,AEVO/USDT:USDT,0.11111,168.0,0.11109,40.0,0.11113,25.0,0.11114,40.0
1753617280984,11:54:40.984,gateio,AEVO/USDT:USDT,0.11111,168.0,0.11109,40.0,0.11113,25.0,0.11114,40.0
1753617281212,11:54:41.212,gateio,AEVO/USDT:USDT,0.11111,168.0,0.11109,40.0,0.11113,25.0,0.11115,40.0
1753617281288,11:54:41.288,gateio,AEVO/USDT:USDT,0.11111,168.0,0.11109,40.0,0.11114,25.0,0.11115,40.0
1753617281372,11:54:41.372,gateio,AEVO/USDT:USDT,0.11111,168.0,0.11109,40.0,0.11114,193.0,0.11115,40.0
1753617281540,11:54:41.540,gateio,AEVO/USDT:USDT,0.11111,168.0,0.11108,40.0,0.11114,193.0,0.11115,40.0
1753617281777,11:54:41.777,gateio,AEVO/USDT:USDT,0.11111,168.0,0.11108,40.0,0.11114,168.0,0.11115,40.0
1753617282130,11:54:42.130,gateio,AEVO/USDT:USDT,0.11109,168.0,0.11108,80.0,0.11114,208.0,0.11115,40.0
1753617282233,11:54:42.233,gateio,AEVO/USDT:USDT,0.11111,168.0,0.1111,9.0,0.11113,25.0,0.11114,208.0
1753617282361,11:54:42.361,gateio,AEVO/USDT:USDT,0.11109,168.0,0.11108,80.0,0.11113,193.0,0.11114,168.0
1753617282397,11:54:42.397,gateio,AEVO/USDT:USDT,0.1111,177.0,0.11109,168.0,0.11113,25.0,0.11114,168.0
1753617282471,11:54:42.471,gateio,AEVO/USDT:USDT,0.11109,168.0,0.11108,80.0,0.11113,193.0,0.11115,80.0
1753617282630,11:54:42.630,gateio,AEVO/USDT:USDT,0.1111,177.0,0.11108,40.0,0.11113,193.0,0.11115,80.0
1753617282669,11:54:42.669,gateio,AEVO/USDT:USDT,0.1111,168.0,0.11108,40.0,0.11113,168.0,0.11115,80.0
1753617284257,11:54:44.257,gateio,AEVO/USDT:USDT,0.1111,168.0,0.11108,40.0,0.11113,168.0,0.11115,80.0
1753617284265,11:54:44.265,gateio,AEVO/USDT:USDT,0.1111,168.0,0.11108,40.0,0.11113,168.0,0.11115,80.0
1753617285217,11:54:45.217,gateio,AEVO/USDT:USDT,0.1111,168.0,0.11108,40.0,0.11113,168.0,0.11115,80.0
1753617286428,11:54:46.428,gateio,AEVO/USDT:USDT,0.1111,168.0,0.11109,40.0,0.11113,168.0,0.11115,80.0
1753617286623,11:54:46.623,gateio,AEVO/USDT:USDT,0.1111,168.0,0.11109,40.0,0.11113,168.0,0.11115,80.0
1753617287744,11:54:47.744,gateio,AEVO/USDT:USDT,0.11109,208.0,0.11108,40.0,0.11113,168.0,0.11115,80.0
1753617287831,11:54:47.831,gateio,AEVO/USDT:USDT,0.1111,9.0,0.11109,168.0,0.11112,193.0,0.11113,40.0
1753617287906,11:54:47.906,gateio,AEVO/USDT:USDT,0.1111,9.0,0.11108,40.0,0.11112,168.0,0.11113,40.0
1753617288042,11:54:48.042,gateio,AEVO/USDT:USDT,0.11109,177.0,0.11108,80.0,0.11112,168.0,0.11113,40.0
1753617288070,11:54:48.070,gateio,AEVO/USDT:USDT,0.11109,168.0,0.11108,80.0,0.11112,168.0,0.11113,40.0
1753617288243,11:54:48.243,gateio,AEVO/USDT:USDT,0.11109,168.0,0.11108,80.0,0.11112,168.0,0.11113,40.0
1753617288786,11:54:48.786,gateio,AEVO/USDT:USDT,0.11109,168.0,0.11108,80.0,0.11113,168.0,0.11122,168.0
1753617288918,11:54:48.918,gateio,AEVO/USDT:USDT,0.1111,177.0,0.11109,168.0,0.11112,25.0,0.11113,168.0
1753617289061,11:54:49.061,gateio,AEVO/USDT:USDT,0.1111,168.0,0.11108,80.0,0.11112,25.0,0.11114,40.0
1753617289071,11:54:49.071,gateio,AEVO/USDT:USDT,0.1111,168.0,0.11108,80.0,0.11113,25.0,0.11122,168.0
1753617289190,11:54:49.190,gateio,AEVO/USDT:USDT,0.1111,168.0,0.11108,40.0,0.1112,168.0,0.11121,25.0
1753617289286,11:54:49.286,gateio,AEVO/USDT:USDT,0.11111,9.0,0.1111,168.0,0.11118,168.0,0.11119,25.0
1753617289389,11:54:49.389,gateio,AEVO/USDT:USDT,0.11111,9.0,0.1111,168.0,0.11116,168.0,0.11117,105.0
1753617289486,11:54:49.486,gateio,AEVO/USDT:USDT,0.11111,9.0,0.11108,40.0,0.11114,168.0,0.11115,105.0
1753617289571,11:54:49.571,gateio,AEVO/USDT:USDT,0.11111,168.0,0.11109,9.0,0.11114,168.0,0.11115,80.0
1753617289671,11:54:49.671,gateio,AEVO/USDT:USDT,0.11111,168.0,0.11108,40.0,0.11114,168.0,0.11115,80.0
1753617289896,11:54:49.896,gateio,AEVO/USDT:USDT,0.11111,168.0,0.11108,40.0,0.11114,168.0,0.11115,80.0
1753617290326,11:54:50.326,gateio,AEVO/USDT:USDT,0.11111,168.0,0.11108,40.0,0.11115,40.0,0.11116,40.0
1753617290376,11:54:50.376,gateio,AEVO/USDT:USDT,0.11112,177.0,0.11108,40.0,0.11114,25.0,0.11115,208.0
1753617290470,11:54:50.470,gateio,AEVO/USDT:USDT,0.11112,168.0,0.11108,40.0,0.11114,25.0,0.11115,208.0
1753617290627,11:54:50.627,gateio,AEVO/USDT:USDT,0.11109,168.0,0.11108,80.0,0.11114,193.0,0.11115,40.0
1753617290724,11:54:50.724,gateio,AEVO/USDT:USDT,0.11111,168.0,0.1111,9.0,0.11114,193.0,0.11115,80.0
1753617290835,11:54:50.835,gateio,AEVO/USDT:USDT,0.11109,168.0,0.11108,80.0,0.11114,168.0,0.11115,80.0
1753617290892,11:54:50.892,gateio,AEVO/USDT:USDT,0.11111,169.0,0.1111,9.0,0.11113,25.0,0.11114,168.0
1753617291037,11:54:51.037,gateio,AEVO/USDT:USDT,0.11109,168.0,0.11108,80.0,0.11113,25.0,0.11114,168.0
1753617291161,11:54:51.161,gateio,AEVO/USDT:USDT,0.11111,169.0,0.1111,9.0,0.11113,25.0,0.11114,168.0
1753617291171,11:54:51.171,gateio,AEVO/USDT:USDT,0.11111,169.0,0.11108,80.0,0.11113,25.0,0.11114,168.0
1753617291564,11:54:51.564,gateio,AEVO/USDT:USDT,0.11111,169.0,0.11108,80.0,0.11113,25.0,0.11114,168.0
1753617292427,11:54:52.427,gateio,AEVO/USDT:USDT,0.11109,169.0,0.11108,80.0,0.11113,25.0,0.11115,40.0
1753617292557,11:54:52.557,gateio,AEVO/USDT:USDT,0.11111,169.0,0.1111,9.0,0.11114,194.0,0.11115,80.0
1753617292570,11:54:52.570,gateio,AEVO/USDT:USDT,0.11111,169.0,0.11108,80.0,0.11114,169.0,0.11115,80.0
1753617292779,11:54:52.779,gateio,AEVO/USDT:USDT,0.11111,169.0,0.11108,80.0,0.11114,169.0,0.11115,80.0
1753617293364,11:54:53.364,gateio,AEVO/USDT:USDT,0.11115,169.0,0.11114,3049.0,0.1113,166.0,0.11131,1789.0
1753617293461,11:54:53.461,gateio,AEVO/USDT:USDT,0.11117,169.0,0.11116,502.0,0.1113,191.0,0.11134,171.0
1753617293548,11:54:53.548,gateio,AEVO/USDT:USDT,0.11117,169.0,0.11116,500.0,0.11134,171.0,0.11136,194.0
1753617293599,11:54:53.599,gateio,AEVO/USDT:USDT,0.11117,169.0,0.11116,500.0,0.11132,1789.0,0.11136,169.0
1753617293714,11:54:53.714,gateio,AEVO/USDT:USDT,0.11117,169.0,0.11116,500.0,0.11131,194.0,0.11132,1789.0
1753617293860,11:54:53.860,gateio,AEVO/USDT:USDT,0.11117,169.0,0.11116,500.0,0.11131,194.0,0.11132,1789.0
1753617293866,11:54:53.866,gateio,AEVO/USDT:USDT,0.11117,169.0,0.11116,500.0,0.11131,194.0,0.11132,1789.0
1753617294017,11:54:54.017,gateio,AEVO/USDT:USDT,0.11117,169.0,0.11116,500.0,0.11131,194.0,0.11132,1789.0
1753617295535,11:54:55.535,gateio,AEVO/USDT:USDT,0.11117,169.0,0.11116,500.0,0.11131,194.0,0.11132,1789.0
1753617297185,11:54:57.185,gateio,AEVO/USDT:USDT,0.11117,169.0,0.11116,500.0,0.11131,5584.0,0.11132,1789.0
1753617297657,11:54:57.657,gateio,AEVO/USDT:USDT,0.11117,169.0,0.11116,500.0,0.11131,194.0,0.11132,1789.0
1753617297754,11:54:57.754,gateio,AEVO/USDT:USDT,0.11117,169.0,0.11116,500.0,0.11131,194.0,0.11132,1789.0
1753617297861,11:54:57.861,gateio,AEVO/USDT:USDT,0.11117,169.0,0.11116,500.0,0.11131,194.0,0.11138,169.0
1753617297938,11:54:57.938,gateio,AEVO/USDT:USDT,0.11118,169.0,0.11117,170.0,0.11131,169.0,0.11138,194.0
1753617298037,11:54:58.037,gateio,AEVO/USDT:USDT,0.11118,169.0,0.11117,169.0,0.11131,169.0,0.11138,194.0
1753617298090,11:54:58.090,gateio,AEVO/USDT:USDT,0.11118,169.0,0.11116,500.0,0.11131,169.0,0.11138,194.0
1753617298257,11:54:58.257,gateio,AEVO/USDT:USDT,0.11118,169.0,0.11116,500.0,0.11131,169.0,0.11138,194.0
1753617298266,11:54:58.266,gateio,AEVO/USDT:USDT,0.11118,169.0,0.11116,500.0,0.11131,169.0,0.11138,194.0
1753617298478,11:54:58.478,gateio,AEVO/USDT:USDT,0.11118,169.0,0.11116,500.0,0.11131,169.0,0.11138,194.0
1753617298941,11:54:58.941,gateio,AEVO/USDT:USDT,0.11119,169.0,0.11118,1.0,0.11131,169.0,0.11138,194.0
1753617299046,11:54:59.046,gateio,AEVO/USDT:USDT,0.11121,169.0,0.1112,368.0,0.11131,209.0,0.11138,194.0
1753617299090,11:54:59.090,gateio,AEVO/USDT:USDT,0.11122,169.0,0.11121,40.0,0.11131,249.0,0.11138,194.0
1753617299306,11:54:59.306,gateio,AEVO/USDT:USDT,0.11124,169.0,0.11123,328.0,0.11131,249.0,0.11138,194.0
1753617299370,11:54:59.370,gateio,AEVO/USDT:USDT,0.11124,169.0,0.11123,328.0,0.11131,249.0,0.11138,194.0
1753617299562,11:54:59.562,gateio,AEVO/USDT:USDT,0.11124,169.0,0.11122,169.0,0.11131,249.0,0.11138,194.0
1753617299570,11:54:59.570,gateio,AEVO/USDT:USDT,0.11122,169.0,0.11121,40.0,0.11131,249.0,0.11138,194.0
1753617299717,11:54:59.717,gateio,AEVO/USDT:USDT,0.11122,169.0,0.11121,40.0,0.11131,249.0,0.11138,194.0
1753617299892,11:54:59.892,gateio,AEVO/USDT:USDT,0.11122,169.0,0.11121,40.0,0.11131,249.0,0.11138,194.0
1753617300055,11:55:00.055,gateio,AEVO/USDT:USDT,0.11122,169.0,0.11121,40.0,0.11131,2944.0,0.11138,194.0
1753617300146,11:55:00.146,gateio,AEVO/USDT:USDT,0.11122,169.0,0.11121,40.0,0.1113,194.0,0.11131,249.0
1753617300230,11:55:00.230,gateio,AEVO/USDT:USDT,0.11122,169.0,0.11121,40.0,0.1113,169.0,0.11131,80.0
1753617300550,11:55:00.550,gateio,AEVO/USDT:USDT,0.11122,169.0,0.11121,40.0,0.1113,169.0,0.11131,80.0
1753617300628,11:55:00.628,gateio,AEVO/USDT:USDT,0.11123,328.0,0.11122,169.0,0.1113,169.0,0.11131,80.0
1753617300963,11:55:00.963,gateio,AEVO/USDT:USDT,0.11123,328.0,0.11122,169.0,0.1113,169.0,0.11131,80.0
1753617301026,11:55:01.026,gateio,AEVO/USDT:USDT,0.11121,208.0,0.1112,40.0,0.1113,169.0,0.11131,80.0
1753617301086,11:55:01.086,gateio,AEVO/USDT:USDT,0.11119,169.0,0.11117,9.0,0.1113,5559.0,0.11131,80.0
