timestamp,time,exchange,symbol,bid1_price,bid1_volume,bid2_price,bid2_volume,ask1_price,ask1_volume,ask2_price,ask2_volume
1753617158178,11:52:38.178,phemex,AERGO/USDT:USDT,0.13368,656.0,0.13367,965.0,0.13369,184.0,0.1337,662.0
1753617163683,11:52:43.683,phemex,AERGO/USDT:USDT,0.13368,597.0,0.13367,965.0,0.13369,184.0,0.1337,662.0
1753617164714,11:52:44.714,phemex,AERGO/USDT:USDT,0.13368,597.0,0.13367,965.0,0.1337,662.0,0.13371,1217.0
1753617165051,11:52:45.051,phemex,AERGO/USDT:USDT,0.13368,950.0,0.13367,965.0,0.1337,662.0,0.13371,1217.0
1753617165322,11:52:45.322,phemex,AERGO/USDT:USDT,0.13368,950.0,0.13367,965.0,0.13369,184.0,0.1337,662.0
1753617170577,11:52:50.577,phemex,AERGO/USDT:USDT,0.13368,950.0,0.13367,965.0,0.1337,662.0,0.13371,1217.0
1753617171549,11:52:51.549,phemex,AERGO/USDT:USDT,0.13368,950.0,0.13367,965.0,0.1337,662.0,0.13371,1217.0
1753617171624,11:52:51.624,phemex,AERGO/USDT:USDT,0.13368,950.0,0.13367,965.0,0.1337,662.0,0.13371,1217.0
1753617172007,11:52:52.007,phemex,AERGO/USDT:USDT,0.13368,950.0,0.13367,965.0,0.1337,662.0,0.13371,1217.0
1753617173245,11:52:53.245,phemex,AERGO/USDT:USDT,0.13368,950.0,0.13367,965.0,0.1337,562.0,0.13371,1217.0
1753617174726,11:52:54.726,phemex,AERGO/USDT:USDT,0.13368,950.0,0.13367,965.0,0.1337,562.0,0.13371,1037.0
1753617176836,11:52:56.836,phemex,AERGO/USDT:USDT,0.13369,186.0,0.13368,950.0,0.1337,562.0,0.13371,1037.0
1753617176879,11:52:56.879,phemex,AERGO/USDT:USDT,0.13368,950.0,0.13367,965.0,0.1337,562.0,0.13371,1037.0
1753617176936,11:52:56.936,phemex,AERGO/USDT:USDT,0.13368,950.0,0.13367,965.0,0.1337,562.0,0.13371,1037.0
1753617179200,11:52:59.200,phemex,AERGO/USDT:USDT,0.13368,950.0,0.13367,965.0,0.1337,514.0,0.13371,1037.0
1753617180014,11:53:00.014,phemex,AERGO/USDT:USDT,0.13368,950.0,0.13367,965.0,0.1337,514.0,0.13371,1037.0
1753617180066,11:53:00.066,phemex,AERGO/USDT:USDT,0.13368,950.0,0.13367,965.0,0.1337,514.0,0.13371,1037.0
1753617180864,11:53:00.864,phemex,AERGO/USDT:USDT,0.13368,950.0,0.13367,965.0,0.13373,1252.0,0.13374,869.0
1753617180888,11:53:00.888,phemex,AERGO/USDT:USDT,0.13369,186.0,0.13368,950.0,0.13372,186.0,0.13373,1069.0
1753617180924,11:53:00.924,phemex,AERGO/USDT:USDT,0.13369,186.0,0.13368,950.0,0.13372,186.0,0.13373,1069.0
1753617182401,11:53:02.401,phemex,AERGO/USDT:USDT,0.13368,950.0,0.13367,965.0,0.13372,186.0,0.13373,1069.0
1753617182665,11:53:02.665,phemex,AERGO/USDT:USDT,0.13369,189.0,0.13368,950.0,0.13372,186.0,0.13373,1069.0
1753617183101,11:53:03.101,phemex,AERGO/USDT:USDT,0.13369,189.0,0.13368,950.0,0.13372,186.0,0.13373,1069.0
1753617183424,11:53:03.424,phemex,AERGO/USDT:USDT,0.13369,189.0,0.13368,950.0,0.13373,1069.0,0.13374,1055.0
1753617183788,11:53:03.788,phemex,AERGO/USDT:USDT,0.13369,189.0,0.13368,950.0,0.13373,1069.0,0.13374,869.0
1753617183815,11:53:03.815,phemex,AERGO/USDT:USDT,0.13369,189.0,0.13368,950.0,0.13374,869.0,0.13375,1105.0
1753617183897,11:53:03.897,phemex,AERGO/USDT:USDT,0.13369,189.0,0.13368,950.0,0.13375,1105.0,0.13376,184.0
1753617184076,11:53:04.076,phemex,AERGO/USDT:USDT,0.13369,189.0,0.13368,950.0,0.13375,1105.0,0.13378,184.0
1753617184116,11:53:04.116,phemex,AERGO/USDT:USDT,0.13369,189.0,0.13368,950.0,0.13375,1105.0,0.13378,184.0
1753617185626,11:53:05.626,phemex,AERGO/USDT:USDT,0.13369,189.0,0.13368,950.0,0.13375,980.0,0.13378,184.0
1753617185741,11:53:05.741,phemex,AERGO/USDT:USDT,0.13369,189.0,0.13368,950.0,0.13378,184.0,0.13379,679.0
1753617185741,11:53:05.741,phemex,AERGO/USDT:USDT,0.13369,189.0,0.13368,950.0,0.13378,184.0,0.13379,679.0
1753617186235,11:53:06.235,phemex,AERGO/USDT:USDT,0.13371,876.0,0.13369,189.0,0.13378,184.0,0.13379,679.0
1753617186304,11:53:06.304,phemex,AERGO/USDT:USDT,0.13372,189.0,0.13371,876.0,0.13378,184.0,0.13379,679.0
1753617188240,11:53:08.240,phemex,AERGO/USDT:USDT,0.13372,189.0,0.13371,876.0,0.13378,184.0,0.13379,679.0
1753617196047,11:53:16.047,phemex,AERGO/USDT:USDT,0.13372,189.0,0.13371,876.0,0.13378,184.0,0.13379,679.0
1753617196049,11:53:16.049,phemex,AERGO/USDT:USDT,0.13372,1133.0,0.13371,876.0,0.13377,604.0,0.13378,184.0
1753617196078,11:53:16.078,phemex,AERGO/USDT:USDT,0.13373,186.0,0.13372,944.0,0.13377,604.0,0.13378,184.0
1753617196117,11:53:16.117,phemex,AERGO/USDT:USDT,0.13373,186.0,0.13372,944.0,0.13377,604.0,0.13378,184.0
1753617197999,11:53:17.999,phemex,AERGO/USDT:USDT,0.13373,186.0,0.13372,944.0,0.13377,604.0,0.13379,679.0
1753617198016,11:53:18.016,phemex,AERGO/USDT:USDT,0.13373,186.0,0.13372,944.0,0.13377,604.0,0.13379,679.0
1753617198689,11:53:18.689,phemex,AERGO/USDT:USDT,0.13373,186.0,0.13372,944.0,0.13379,679.0,0.1338,188.0
1753617198720,11:53:18.720,phemex,AERGO/USDT:USDT,0.13373,186.0,0.13372,944.0,0.13378,186.0,0.13379,679.0
1753617198960,11:53:18.960,phemex,AERGO/USDT:USDT,0.13373,186.0,0.13372,944.0,0.13379,679.0,0.1338,188.0
1753617199528,11:53:19.528,phemex,AERGO/USDT:USDT,0.13373,186.0,0.13372,944.0,0.13379,679.0,0.1338,188.0
1753617199776,11:53:19.776,phemex,AERGO/USDT:USDT,0.13373,186.0,0.13372,944.0,0.13378,186.0,0.13379,679.0
1753617199807,11:53:19.807,phemex,AERGO/USDT:USDT,0.13373,186.0,0.13372,944.0,0.13378,186.0,0.13379,679.0
1753617201230,11:53:21.230,phemex,AERGO/USDT:USDT,0.13373,1246.0,0.13372,944.0,0.13378,186.0,0.13379,679.0
1753617201298,11:53:21.298,phemex,AERGO/USDT:USDT,0.13374,186.0,0.13373,1060.0,0.13378,186.0,0.13379,679.0
1753617201620,11:53:21.620,phemex,AERGO/USDT:USDT,0.13374,186.0,0.13372,944.0,0.13378,186.0,0.13379,679.0
1753617201634,11:53:21.634,phemex,AERGO/USDT:USDT,0.13374,186.0,0.13372,944.0,0.13378,186.0,0.13379,679.0
1753617202076,11:53:22.076,phemex,AERGO/USDT:USDT,0.13374,186.0,0.13372,944.0,0.13378,186.0,0.13379,679.0
1753617202116,11:53:22.116,phemex,AERGO/USDT:USDT,0.13374,186.0,0.13372,944.0,0.13378,186.0,0.13379,679.0
1753617202986,11:53:22.986,phemex,AERGO/USDT:USDT,0.13374,186.0,0.13372,944.0,0.13379,679.0,0.1338,188.0
1753617203026,11:53:23.026,phemex,AERGO/USDT:USDT,0.13374,186.0,0.13372,944.0,0.13379,679.0,0.1338,188.0
1753617203544,11:53:23.544,phemex,AERGO/USDT:USDT,0.13374,186.0,0.13372,944.0,0.13378,182.0,0.13379,679.0
1753617204009,11:53:24.009,phemex,AERGO/USDT:USDT,0.13374,186.0,0.13372,944.0,0.13378,182.0,0.13379,679.0
1753617204798,11:53:24.798,phemex,AERGO/USDT:USDT,0.13374,186.0,0.13372,944.0,0.13378,182.0,0.13379,679.0
1753617204816,11:53:24.816,phemex,AERGO/USDT:USDT,0.13374,186.0,0.13372,944.0,0.13378,182.0,0.13379,679.0
1753617206140,11:53:26.140,phemex,AERGO/USDT:USDT,0.13374,186.0,0.13372,944.0,0.13379,679.0,0.1338,188.0
1753617206165,11:53:26.165,phemex,AERGO/USDT:USDT,0.13374,186.0,0.13372,944.0,0.13379,679.0,0.1338,188.0
1753617206626,11:53:26.626,phemex,AERGO/USDT:USDT,0.13375,1094.0,0.13374,186.0,0.13379,679.0,0.1338,188.0
1753617206660,11:53:26.660,phemex,AERGO/USDT:USDT,0.13376,182.0,0.13375,1094.0,0.13379,679.0,0.1338,188.0
1753617207425,11:53:27.425,phemex,AERGO/USDT:USDT,0.13376,182.0,0.13375,1094.0,0.13379,529.0,0.1338,188.0
1753617207440,11:53:27.440,phemex,AERGO/USDT:USDT,0.13376,182.0,0.13375,1094.0,0.13379,529.0,0.1338,188.0
1753617207493,11:53:27.493,phemex,AERGO/USDT:USDT,0.13376,182.0,0.13375,1094.0,0.13379,529.0,0.1338,188.0
1753617207752,11:53:27.752,phemex,AERGO/USDT:USDT,0.13376,182.0,0.13375,1094.0,0.13378,182.0,0.13379,529.0
1753617207774,11:53:27.774,phemex,AERGO/USDT:USDT,0.13375,1094.0,0.13374,186.0,0.13378,182.0,0.13379,529.0
1753617207883,11:53:27.883,phemex,AERGO/USDT:USDT,0.13376,182.0,0.13375,1094.0,0.13379,529.0,0.1338,188.0
1753617208061,11:53:28.061,phemex,AERGO/USDT:USDT,0.13375,1094.0,0.13374,186.0,0.13378,182.0,0.13379,529.0
1753617208132,11:53:28.132,phemex,AERGO/USDT:USDT,0.13375,1094.0,0.13374,186.0,0.13378,182.0,0.13379,529.0
1753617208160,11:53:28.160,phemex,AERGO/USDT:USDT,0.13375,1094.0,0.13374,186.0,0.13378,182.0,0.13379,529.0
1753617208199,11:53:28.199,phemex,AERGO/USDT:USDT,0.13375,1094.0,0.13374,186.0,0.13378,182.0,0.13379,529.0
1753617209809,11:53:29.809,phemex,AERGO/USDT:USDT,0.13376,182.0,0.13375,1094.0,0.13379,529.0,0.1338,188.0
1753617210171,11:53:30.171,phemex,AERGO/USDT:USDT,0.13376,182.0,0.13375,1094.0,0.13379,501.0,0.1338,188.0
1753617212764,11:53:32.764,phemex,AERGO/USDT:USDT,0.13376,182.0,0.13375,1094.0,0.13379,501.0,0.13381,801.0
1753617212789,11:53:32.789,phemex,AERGO/USDT:USDT,0.13376,182.0,0.13375,1094.0,0.13379,501.0,0.13381,801.0
1753617216018,11:53:36.018,phemex,AERGO/USDT:USDT,0.13376,182.0,0.13375,1094.0,0.13379,501.0,0.13381,801.0
1753617217397,11:53:37.397,phemex,AERGO/USDT:USDT,0.13376,182.0,0.13375,1094.0,0.13379,471.0,0.13381,801.0
1753617218102,11:53:38.102,phemex,AERGO/USDT:USDT,0.13376,182.0,0.13375,1094.0,0.13379,471.0,0.13381,801.0
1753617218147,11:53:38.147,phemex,AERGO/USDT:USDT,0.13376,182.0,0.13375,1094.0,0.13379,471.0,0.13381,801.0
1753617220045,11:53:40.045,phemex,AERGO/USDT:USDT,0.13376,182.0,0.13375,1094.0,0.13377,1639.0,0.13379,768.0
1753617220758,11:53:40.758,phemex,AERGO/USDT:USDT,0.13376,182.0,0.13375,1094.0,0.13377,1639.0,0.13379,768.0
1753617223440,11:53:43.440,phemex,AERGO/USDT:USDT,0.13376,182.0,0.13375,1094.0,0.13381,801.0,0.13382,189.0
1753617223464,11:53:43.464,phemex,AERGO/USDT:USDT,0.13376,182.0,0.13375,1094.0,0.13381,801.0,0.13384,186.0
1753617223512,11:53:43.512,phemex,AERGO/USDT:USDT,0.13376,182.0,0.13375,1094.0,0.13381,801.0,0.13384,186.0
1753617223538,11:53:43.538,phemex,AERGO/USDT:USDT,0.13376,182.0,0.13375,1094.0,0.13381,801.0,0.13384,186.0
1753617223647,11:53:43.647,phemex,AERGO/USDT:USDT,0.13376,182.0,0.13375,1094.0,0.13381,801.0,0.13384,186.0
1753617225818,11:53:45.818,phemex,AERGO/USDT:USDT,0.13376,182.0,0.13375,1094.0,0.13381,574.0,0.13384,186.0
1753617228379,11:53:48.379,phemex,AERGO/USDT:USDT,0.13376,182.0,0.13375,1094.0,0.13381,514.0,0.13384,186.0
1753617228749,11:53:48.749,phemex,AERGO/USDT:USDT,0.13376,182.0,0.13375,1094.0,0.13381,1071.0,0.13383,1650.0
1753617228769,11:53:48.769,phemex,AERGO/USDT:USDT,0.13376,182.0,0.13375,1094.0,0.13381,1071.0,0.13383,1650.0
1753617228775,11:53:48.775,phemex,AERGO/USDT:USDT,0.13376,182.0,0.13375,1094.0,0.13381,1071.0,0.13383,1650.0
1753617228938,11:53:48.938,phemex,AERGO/USDT:USDT,0.13376,182.0,0.13375,1094.0,0.13381,1071.0,0.13383,1650.0
1753617228951,11:53:48.951,phemex,AERGO/USDT:USDT,0.13376,182.0,0.13375,1094.0,0.13381,1071.0,0.13383,1650.0
1753617230190,11:53:50.190,phemex,AERGO/USDT:USDT,0.13376,182.0,0.13375,1094.0,0.13381,1071.0,0.13383,1650.0
1753617230239,11:53:50.239,phemex,AERGO/USDT:USDT,0.13376,182.0,0.13375,1094.0,0.13381,1071.0,0.13383,1650.0
1753617234589,11:53:54.589,phemex,AERGO/USDT:USDT,0.13376,182.0,0.13375,1094.0,0.13381,1051.0,0.13383,1650.0
1753617239405,11:53:59.405,phemex,AERGO/USDT:USDT,0.13376,182.0,0.13375,1094.0,0.1338,186.0,0.13382,666.0
1753617239409,11:53:59.409,phemex,AERGO/USDT:USDT,0.13376,182.0,0.13375,1094.0,0.13382,666.0,0.13386,182.0
1753617239431,11:53:59.431,phemex,AERGO/USDT:USDT,0.13376,182.0,0.13375,1094.0,0.13382,666.0,0.13386,182.0
1753617239708,11:53:59.708,phemex,AERGO/USDT:USDT,0.13376,182.0,0.13375,1094.0,0.13382,666.0,0.13386,182.0
1753617240746,11:54:00.746,phemex,AERGO/USDT:USDT,0.13376,182.0,0.13375,1094.0,0.13382,1553.0,0.13385,990.0
1753617240785,11:54:00.785,phemex,AERGO/USDT:USDT,0.13376,182.0,0.13375,1094.0,0.13382,1553.0,0.13384,186.0
1753617244382,11:54:04.382,phemex,AERGO/USDT:USDT,0.13376,182.0,0.13375,1094.0,0.13382,1183.0,0.13384,186.0
1753617246141,11:54:06.141,phemex,AERGO/USDT:USDT,0.13376,182.0,0.13375,1094.0,0.13381,180.0,0.13382,1183.0
1753617246439,11:54:06.439,phemex,AERGO/USDT:USDT,0.13377,888.0,0.13376,970.0,0.13381,180.0,0.13382,1183.0
1753617246637,11:54:06.637,phemex,AERGO/USDT:USDT,0.13378,180.0,0.13377,888.0,0.13382,1183.0,0.13384,186.0
1753617246657,11:54:06.657,phemex,AERGO/USDT:USDT,0.13378,180.0,0.13377,888.0,0.13382,1183.0,0.13384,186.0
1753617246742,11:54:06.742,phemex,AERGO/USDT:USDT,0.13378,180.0,0.13377,888.0,0.13384,186.0,0.13385,990.0
1753617246811,11:54:06.811,phemex,AERGO/USDT:USDT,0.13378,180.0,0.13377,888.0,0.13384,186.0,0.13385,990.0
1753617247458,11:54:07.458,phemex,AERGO/USDT:USDT,0.13378,180.0,0.13377,888.0,0.13384,186.0,0.13385,990.0
1753617251397,11:54:11.397,phemex,AERGO/USDT:USDT,0.13377,888.0,0.13376,970.0,0.13384,186.0,0.13385,990.0
1753617253429,11:54:13.429,phemex,AERGO/USDT:USDT,0.13377,817.0,0.13376,970.0,0.13384,186.0,0.13385,990.0
1753617253744,11:54:13.744,phemex,AERGO/USDT:USDT,0.13377,817.0,0.13376,970.0,0.1338,904.0,0.13381,666.0
1753617253755,11:54:13.755,phemex,AERGO/USDT:USDT,0.13377,817.0,0.13376,970.0,0.1338,904.0,0.13381,666.0
1753617253801,11:54:13.801,phemex,AERGO/USDT:USDT,0.13377,817.0,0.13376,970.0,0.13382,189.0,0.13383,723.0
1753617253863,11:54:13.863,phemex,AERGO/USDT:USDT,0.13377,817.0,0.13376,970.0,0.13382,189.0,0.13383,723.0
1753617253865,11:54:13.865,phemex,AERGO/USDT:USDT,0.13377,817.0,0.13376,970.0,0.13382,189.0,0.13383,723.0
1753617253925,11:54:13.925,phemex,AERGO/USDT:USDT,0.13377,817.0,0.13376,970.0,0.13379,189.0,0.13382,189.0
1753617253957,11:54:13.957,phemex,AERGO/USDT:USDT,0.13377,817.0,0.13376,970.0,0.13382,189.0,0.13383,723.0
1753617254257,11:54:14.257,phemex,AERGO/USDT:USDT,0.13378,189.0,0.13377,817.0,0.13382,189.0,0.13383,723.0
1753617254276,11:54:14.276,phemex,AERGO/USDT:USDT,0.13377,817.0,0.13376,970.0,0.13382,189.0,0.13383,723.0
1753617254438,11:54:14.438,phemex,AERGO/USDT:USDT,0.13378,189.0,0.13377,817.0,0.13382,189.0,0.13383,723.0
1753617259527,11:54:19.527,phemex,AERGO/USDT:USDT,0.13378,189.0,0.13377,1553.0,0.13382,189.0,0.13383,723.0
1753617260808,11:54:20.808,phemex,AERGO/USDT:USDT,0.13378,189.0,0.13377,1553.0,0.13383,723.0,0.13384,1166.0
1753617260841,11:54:20.841,phemex,AERGO/USDT:USDT,0.13378,189.0,0.13377,1553.0,0.13383,723.0,0.13384,1166.0
1753617261290,11:54:21.290,phemex,AERGO/USDT:USDT,0.13378,189.0,0.13377,1553.0,0.13382,189.0,0.13383,723.0
1753617261745,11:54:21.745,phemex,AERGO/USDT:USDT,0.13378,189.0,0.13377,1553.0,0.13383,723.0,0.13384,1166.0
1753617261806,11:54:21.806,phemex,AERGO/USDT:USDT,0.13378,189.0,0.13377,1553.0,0.13382,189.0,0.13383,723.0
1753617261845,11:54:21.845,phemex,AERGO/USDT:USDT,0.13378,189.0,0.13377,1553.0,0.13382,189.0,0.13383,723.0
1753617261867,11:54:21.867,phemex,AERGO/USDT:USDT,0.13378,189.0,0.13377,1553.0,0.13382,189.0,0.13383,723.0
1753617265745,11:54:25.745,phemex,AERGO/USDT:USDT,0.13378,189.0,0.13377,1553.0,0.13382,189.0,0.13383,723.0
1753617268814,11:54:28.814,phemex,AERGO/USDT:USDT,0.13378,189.0,0.13377,1553.0,0.13382,189.0,0.13383,723.0
1753617268851,11:54:28.851,phemex,AERGO/USDT:USDT,0.13378,189.0,0.13377,1553.0,0.13382,189.0,0.13383,723.0
1753617270010,11:54:30.010,phemex,AERGO/USDT:USDT,0.13378,189.0,0.13377,1553.0,0.13382,189.0,0.13383,723.0
1753617270020,11:54:30.020,phemex,AERGO/USDT:USDT,0.13378,189.0,0.13377,1553.0,0.13382,189.0,0.13383,723.0
1753617270210,11:54:30.210,phemex,AERGO/USDT:USDT,0.13378,189.0,0.13377,1553.0,0.13382,189.0,0.13383,723.0
1753617270512,11:54:30.512,phemex,AERGO/USDT:USDT,0.13378,189.0,0.13377,1553.0,0.13382,189.0,0.13383,723.0
1753617270583,11:54:30.583,phemex,AERGO/USDT:USDT,0.13378,189.0,0.13377,1553.0,0.13382,189.0,0.13383,723.0
1753617270856,11:54:30.856,phemex,AERGO/USDT:USDT,0.13381,879.0,0.13378,189.0,0.13382,189.0,0.13383,723.0
1753617271698,11:54:31.698,phemex,AERGO/USDT:USDT,0.13381,879.0,0.13378,189.0,0.13383,723.0,0.13384,1166.0
1753617271732,11:54:31.732,phemex,AERGO/USDT:USDT,0.13381,879.0,0.13378,189.0,0.13382,183.0,0.13383,723.0
1753617276253,11:54:36.253,phemex,AERGO/USDT:USDT,0.13381,879.0,0.13378,189.0,0.13382,183.0,0.13383,723.0
1753617276255,11:54:36.255,phemex,AERGO/USDT:USDT,0.13381,879.0,0.13378,189.0,0.13382,183.0,0.13383,723.0
1753617276801,11:54:36.801,phemex,AERGO/USDT:USDT,0.13381,879.0,0.13378,189.0,0.13382,183.0,0.13383,723.0
1753617276801,11:54:36.801,phemex,AERGO/USDT:USDT,0.13381,879.0,0.13378,189.0,0.13382,183.0,0.13383,723.0
1753617278593,11:54:38.593,phemex,AERGO/USDT:USDT,0.13379,709.0,0.13377,1553.0,0.13382,183.0,0.13383,723.0
1753617278667,11:54:38.667,phemex,AERGO/USDT:USDT,0.13377,1553.0,0.13376,970.0,0.13382,183.0,0.13383,723.0
1753617278678,11:54:38.678,phemex,AERGO/USDT:USDT,0.13377,1405.0,0.13376,788.0,0.13382,183.0,0.13383,723.0
1753617280104,11:54:40.104,phemex,AERGO/USDT:USDT,0.13377,1155.0,0.13376,788.0,0.13382,183.0,0.13383,723.0
1753617282007,11:54:42.007,phemex,AERGO/USDT:USDT,0.13377,1155.0,0.13376,788.0,0.13382,183.0,0.13383,723.0
1753617282299,11:54:42.299,phemex,AERGO/USDT:USDT,0.13376,788.0,0.13374,186.0,0.13381,911.0,0.13382,183.0
1753617282327,11:54:42.327,phemex,AERGO/USDT:USDT,0.13376,788.0,0.13374,186.0,0.1338,189.0,0.13381,911.0
1753617283286,11:54:43.286,phemex,AERGO/USDT:USDT,0.13376,788.0,0.13373,864.0,0.1338,189.0,0.13381,911.0
1753617283331,11:54:43.331,phemex,AERGO/USDT:USDT,0.13376,788.0,0.13374,189.0,0.1338,189.0,0.13381,911.0
1753617284760,11:54:44.760,phemex,AERGO/USDT:USDT,0.13376,788.0,0.13373,864.0,0.1338,189.0,0.13381,911.0
1753617284804,11:54:44.804,phemex,AERGO/USDT:USDT,0.13376,653.0,0.13373,864.0,0.1338,189.0,0.13381,911.0
1753617287163,11:54:47.163,phemex,AERGO/USDT:USDT,0.13376,653.0,0.13374,189.0,0.1338,189.0,0.13381,911.0
1753617287615,11:54:47.615,phemex,AERGO/USDT:USDT,0.13376,653.0,0.13373,864.0,0.1338,189.0,0.13381,911.0
1753617288034,11:54:48.034,phemex,AERGO/USDT:USDT,0.1337,1012.0,0.13369,1069.0,0.13377,189.0,0.13378,1870.0
1753617288070,11:54:48.070,phemex,AERGO/USDT:USDT,0.1337,1012.0,0.13369,1069.0,0.13377,189.0,0.13378,1870.0
1753617288193,11:54:48.193,phemex,AERGO/USDT:USDT,0.1337,1012.0,0.13369,1069.0,0.13377,189.0,0.13378,1870.0
1753617288225,11:54:48.225,phemex,AERGO/USDT:USDT,0.1337,1012.0,0.13369,1069.0,0.13377,189.0,0.13378,1870.0
1753617289453,11:54:49.453,phemex,AERGO/USDT:USDT,0.13369,1069.0,0.13366,184.0,0.13377,189.0,0.13378,1870.0
1753617289491,11:54:49.491,phemex,AERGO/USDT:USDT,0.1337,189.0,0.13369,1069.0,0.13377,189.0,0.13378,1870.0
1753617290318,11:54:50.318,phemex,AERGO/USDT:USDT,0.1337,189.0,0.13369,1069.0,0.13377,189.0,0.13378,1870.0
1753617290379,11:54:50.379,phemex,AERGO/USDT:USDT,0.1337,189.0,0.13369,1069.0,0.13377,189.0,0.13378,1870.0
1753617291705,11:54:51.705,phemex,AERGO/USDT:USDT,0.13369,1069.0,0.13366,184.0,0.13377,189.0,0.13378,1870.0
1753617291749,11:54:51.749,phemex,AERGO/USDT:USDT,0.1337,189.0,0.13369,1069.0,0.13377,189.0,0.13378,1870.0
1753617293148,11:54:53.148,phemex,AERGO/USDT:USDT,0.1337,189.0,0.13369,1069.0,0.13377,189.0,0.13378,1870.0
1753617293170,11:54:53.170,phemex,AERGO/USDT:USDT,0.1337,189.0,0.13369,1069.0,0.13377,189.0,0.13378,1870.0
1753617294605,11:54:54.605,phemex,AERGO/USDT:USDT,0.13369,1069.0,0.13366,184.0,0.13377,189.0,0.13378,1870.0
1753617294637,11:54:54.637,phemex,AERGO/USDT:USDT,0.1337,188.0,0.13369,1069.0,0.13377,189.0,0.13378,1870.0
1753617295362,11:54:55.362,phemex,AERGO/USDT:USDT,0.13369,1069.0,0.13366,184.0,0.13377,189.0,0.13378,1870.0
1753617295629,11:54:55.629,phemex,AERGO/USDT:USDT,0.1337,188.0,0.13369,1069.0,0.13377,189.0,0.13378,1870.0
1753617297576,11:54:57.576,phemex,AERGO/USDT:USDT,0.1337,188.0,0.13369,1916.0,0.13376,964.0,0.13377,189.0
1753617297603,11:54:57.603,phemex,AERGO/USDT:USDT,0.1337,188.0,0.13369,1916.0,0.13376,964.0,0.13378,800.0
1753617297626,11:54:57.626,phemex,AERGO/USDT:USDT,0.1337,188.0,0.13369,1916.0,0.13379,1619.0,0.1338,189.0
1753617297637,11:54:57.637,phemex,AERGO/USDT:USDT,0.1337,188.0,0.13369,1916.0,0.13379,1619.0,0.1338,189.0
1753617297680,11:54:57.680,phemex,AERGO/USDT:USDT,0.1337,188.0,0.13369,1916.0,0.13382,925.0,0.13384,186.0
1753617297699,11:54:57.699,phemex,AERGO/USDT:USDT,0.1337,188.0,0.13369,1916.0,0.13382,925.0,0.13384,186.0
1753617297782,11:54:57.782,phemex,AERGO/USDT:USDT,0.1337,188.0,0.13369,1916.0,0.13382,925.0,0.13384,186.0
1753617297839,11:54:57.839,phemex,AERGO/USDT:USDT,0.1337,188.0,0.13369,1916.0,0.13382,925.0,0.13384,186.0
1753617298686,11:54:58.686,phemex,AERGO/USDT:USDT,0.1337,188.0,0.13369,1916.0,0.13382,742.0,0.13384,186.0
1753617299022,11:54:59.022,phemex,AERGO/USDT:USDT,0.1337,188.0,0.13369,1916.0,0.13382,742.0,0.13384,186.0
1753617299067,11:54:59.067,phemex,AERGO/USDT:USDT,0.1337,188.0,0.13369,1916.0,0.13382,742.0,0.13384,186.0
1753617299396,11:54:59.396,phemex,AERGO/USDT:USDT,0.1337,188.0,0.13369,1916.0,0.13384,186.0,0.13386,913.0
1753617299407,11:54:59.407,phemex,AERGO/USDT:USDT,0.1337,188.0,0.13369,1916.0,0.13383,188.0,0.13384,186.0
1753617299409,11:54:59.409,phemex,AERGO/USDT:USDT,0.1337,188.0,0.13369,1916.0,0.13383,188.0,0.13386,913.0
1753617300012,11:55:00.012,phemex,AERGO/USDT:USDT,0.1337,188.0,0.13369,1916.0,0.13383,188.0,0.13386,913.0
1753617303381,11:55:03.381,phemex,AERGO/USDT:USDT,0.13378,997.0,0.13374,1550.0,0.13381,935.0,0.13383,188.0
1753617303402,11:55:03.402,phemex,AERGO/USDT:USDT,0.13379,188.0,0.13378,997.0,0.13381,935.0,0.13383,188.0
1753617304538,11:55:04.538,phemex,AERGO/USDT:USDT,0.13379,188.0,0.13378,997.0,0.13381,935.0,0.13383,188.0
1753617304557,11:55:04.557,phemex,AERGO/USDT:USDT,0.13378,997.0,0.13375,188.0,0.13381,935.0,0.13383,188.0
1753617304644,11:55:04.644,phemex,AERGO/USDT:USDT,0.13375,188.0,0.13373,867.0,0.13381,935.0,0.13383,188.0
1753617304706,11:55:04.706,phemex,AERGO/USDT:USDT,0.13375,188.0,0.13373,867.0,0.13381,935.0,0.13383,188.0
1753617304750,11:55:04.750,phemex,AERGO/USDT:USDT,0.13375,188.0,0.13373,867.0,0.13381,935.0,0.13383,188.0
1753617304831,11:55:04.831,phemex,AERGO/USDT:USDT,0.13375,188.0,0.13373,867.0,0.1338,188.0,0.13381,935.0
1753617307112,11:55:07.112,phemex,AERGO/USDT:USDT,0.13375,188.0,0.13373,867.0,0.1338,188.0,0.13381,935.0
1753617307153,11:55:07.153,phemex,AERGO/USDT:USDT,0.13375,188.0,0.13373,867.0,0.1338,188.0,0.13381,935.0
1753617308944,11:55:08.944,phemex,AERGO/USDT:USDT,0.13375,188.0,0.13373,867.0,0.1338,188.0,0.13381,935.0
1753617309951,11:55:09.951,phemex,AERGO/USDT:USDT,0.13375,188.0,0.13373,867.0,0.1338,188.0,0.13381,935.0
1753617312854,11:55:12.854,phemex,AERGO/USDT:USDT,0.13375,188.0,0.13373,867.0,0.1338,188.0,0.13381,935.0
1753617312916,11:55:12.916,phemex,AERGO/USDT:USDT,0.13375,188.0,0.13373,867.0,0.1338,188.0,0.13381,935.0
1753617315224,11:55:15.224,phemex,AERGO/USDT:USDT,0.13377,980.0,0.13376,1071.0,0.1338,188.0,0.13381,935.0
1753617315900,11:55:15.900,phemex,AERGO/USDT:USDT,0.13377,980.0,0.13376,1071.0,0.1338,188.0,0.13381,935.0
1753617316711,11:55:16.711,phemex,AERGO/USDT:USDT,0.13376,1071.0,0.13375,1036.0,0.1338,188.0,0.13381,935.0
1753617318013,11:55:18.013,phemex,AERGO/USDT:USDT,0.13376,1071.0,0.13375,1036.0,0.1338,188.0,0.13381,935.0
1753617318344,11:55:18.344,phemex,AERGO/USDT:USDT,0.13376,1071.0,0.13375,1036.0,0.1338,188.0,0.13381,935.0
1753617319943,11:55:19.943,phemex,AERGO/USDT:USDT,0.13375,1036.0,0.13373,867.0,0.1338,188.0,0.13381,935.0
1753617319971,11:55:19.971,phemex,AERGO/USDT:USDT,0.13375,1036.0,0.13373,867.0,0.1338,188.0,0.13381,935.0
1753617320061,11:55:20.061,phemex,AERGO/USDT:USDT,0.13375,1036.0,0.13373,867.0,0.1338,188.0,0.13381,935.0
1753617320553,11:55:20.553,phemex,AERGO/USDT:USDT,0.13375,1036.0,0.13373,867.0,0.1338,188.0,0.13381,935.0
1753617320819,11:55:20.819,phemex,AERGO/USDT:USDT,0.13375,1036.0,0.13373,867.0,0.1338,188.0,0.13381,935.0
1753617323508,11:55:23.508,phemex,AERGO/USDT:USDT,0.13375,1036.0,0.13373,679.0,0.1338,188.0,0.13381,935.0
1753617324022,11:55:24.022,phemex,AERGO/USDT:USDT,0.13375,1036.0,0.13373,679.0,0.1338,188.0,0.13381,935.0
1753617324265,11:55:24.265,phemex,AERGO/USDT:USDT,0.13375,1036.0,0.13373,864.0,0.1338,188.0,0.13381,935.0
1753617324361,11:55:24.361,phemex,AERGO/USDT:USDT,0.13375,1036.0,0.13373,864.0,0.1338,188.0,0.13381,935.0
1753617324632,11:55:24.632,phemex,AERGO/USDT:USDT,0.13375,1036.0,0.13374,1056.0,0.1338,188.0,0.13381,935.0
1753617324709,11:55:24.709,phemex,AERGO/USDT:USDT,0.13375,1036.0,0.13374,1056.0,0.1338,188.0,0.13381,935.0
1753617324929,11:55:24.929,phemex,AERGO/USDT:USDT,0.13375,166.0,0.13374,1056.0,0.1338,188.0,0.13381,935.0
1753617324969,11:55:24.969,phemex,AERGO/USDT:USDT,0.13375,351.0,0.13374,1056.0,0.1338,188.0,0.13381,935.0
1753617325287,11:55:25.287,phemex,AERGO/USDT:USDT,0.13375,166.0,0.13374,1056.0,0.1338,188.0,0.13381,935.0
1753617326800,11:55:26.800,phemex,AERGO/USDT:USDT,0.13375,166.0,0.13374,1056.0,0.13379,185.0,0.1338,1738.0
1753617326815,11:55:26.815,phemex,AERGO/USDT:USDT,0.13375,166.0,0.13374,1056.0,0.13379,185.0,0.1338,1738.0
1753617328554,11:55:28.554,phemex,AERGO/USDT:USDT,0.13375,166.0,0.13374,1056.0,0.13379,185.0,0.1338,1738.0
1753617328554,11:55:28.554,phemex,AERGO/USDT:USDT,0.13375,166.0,0.13374,1056.0,0.13379,185.0,0.1338,1738.0
1753617331117,11:55:31.117,phemex,AERGO/USDT:USDT,0.13372,1045.0,0.1337,188.0,0.13379,185.0,0.1338,1738.0
1753617331121,11:55:31.121,phemex,AERGO/USDT:USDT,0.1337,188.0,0.13369,947.0,0.13379,185.0,0.1338,1738.0
1753617331150,11:55:31.150,phemex,AERGO/USDT:USDT,0.1337,188.0,0.13369,947.0,0.13379,185.0,0.1338,1738.0
1753617331191,11:55:31.191,phemex,AERGO/USDT:USDT,0.1337,188.0,0.13369,947.0,0.13379,185.0,0.1338,1738.0
1753617331205,11:55:31.205,phemex,AERGO/USDT:USDT,0.1337,188.0,0.13369,947.0,0.13379,185.0,0.1338,1738.0
1753617331300,11:55:31.300,phemex,AERGO/USDT:USDT,0.1337,188.0,0.13369,947.0,0.13379,185.0,0.1338,1738.0
1753617331329,11:55:31.329,phemex,AERGO/USDT:USDT,0.1337,188.0,0.13369,947.0,0.13379,185.0,0.1338,1738.0
1753617332134,11:55:32.134,phemex,AERGO/USDT:USDT,0.1337,188.0,0.13369,947.0,0.13379,1233.0,0.1338,1738.0
1753617332152,11:55:32.152,phemex,AERGO/USDT:USDT,0.1337,188.0,0.13369,947.0,0.13378,185.0,0.13379,1748.0
1753617334029,11:55:34.029,phemex,AERGO/USDT:USDT,0.1337,188.0,0.13369,947.0,0.13378,185.0,0.13379,1748.0
1753617334072,11:55:34.072,phemex,AERGO/USDT:USDT,0.1337,188.0,0.13369,947.0,0.13378,185.0,0.13379,1748.0
1753617334837,11:55:34.837,phemex,AERGO/USDT:USDT,0.13369,947.0,0.13366,185.0,0.13378,185.0,0.13379,1748.0
1753617334886,11:55:34.886,phemex,AERGO/USDT:USDT,0.1337,183.0,0.13369,947.0,0.13378,185.0,0.13379,1748.0
1753617336019,11:55:36.019,phemex,AERGO/USDT:USDT,0.1337,183.0,0.13369,947.0,0.13378,185.0,0.13379,1748.0
1753617336065,11:55:36.065,phemex,AERGO/USDT:USDT,0.1337,183.0,0.13369,947.0,0.13378,185.0,0.13379,1748.0
1753617339541,11:55:39.541,phemex,AERGO/USDT:USDT,0.1337,1075.0,0.13369,1738.0,0.13372,789.0,0.13373,913.0
1753617339566,11:55:39.566,phemex,AERGO/USDT:USDT,0.1337,1075.0,0.13369,1738.0,0.13372,789.0,0.13373,913.0
1753617339775,11:55:39.775,phemex,AERGO/USDT:USDT,0.1337,892.0,0.13369,1738.0,0.13372,789.0,0.13373,913.0
1753617343013,11:55:43.013,phemex,AERGO/USDT:USDT,0.1337,655.0,0.13369,1738.0,0.13372,789.0,0.13373,913.0
1753617344821,11:55:44.821,phemex,AERGO/USDT:USDT,0.13371,186.0,0.1337,655.0,0.13372,789.0,0.13373,913.0
1753617344893,11:55:44.893,phemex,AERGO/USDT:USDT,0.1337,655.0,0.13369,1738.0,0.13372,789.0,0.13373,913.0
1753617346568,11:55:46.568,phemex,AERGO/USDT:USDT,0.13371,186.0,0.1337,655.0,0.13372,789.0,0.13373,913.0
1753617346635,11:55:46.635,phemex,AERGO/USDT:USDT,0.1337,655.0,0.13369,1738.0,0.13372,789.0,0.13373,913.0
1753617346677,11:55:46.677,phemex,AERGO/USDT:USDT,0.13371,186.0,0.1337,655.0,0.13372,679.0,0.13373,913.0
1753617347343,11:55:47.343,phemex,AERGO/USDT:USDT,0.13371,186.0,0.1337,655.0,0.13372,679.0,0.13373,913.0
1753617347913,11:55:47.913,phemex,AERGO/USDT:USDT,0.13371,186.0,0.1337,655.0,0.13378,988.0,0.13381,185.0
1753617347980,11:55:47.980,phemex,AERGO/USDT:USDT,0.13371,186.0,0.1337,655.0,0.13378,1759.0,0.13381,185.0
1753617348023,11:55:48.023,phemex,AERGO/USDT:USDT,0.13371,186.0,0.1337,655.0,0.13378,1574.0,0.13381,185.0
1753617348057,11:55:48.057,phemex,AERGO/USDT:USDT,0.13371,186.0,0.1337,655.0,0.13378,1574.0,0.13381,185.0
1753617348118,11:55:48.118,phemex,AERGO/USDT:USDT,0.13371,186.0,0.1337,655.0,0.13378,1574.0,0.13381,185.0
1753617350561,11:55:50.561,phemex,AERGO/USDT:USDT,0.13371,186.0,0.1337,655.0,0.13378,1574.0,0.13381,185.0
1753617350569,11:55:50.569,phemex,AERGO/USDT:USDT,0.13371,186.0,0.1337,655.0,0.13378,1574.0,0.13383,188.0
1753617350576,11:55:50.576,phemex,AERGO/USDT:USDT,0.13371,186.0,0.1337,655.0,0.13378,1574.0,0.13383,188.0
1753617350848,11:55:50.848,phemex,AERGO/USDT:USDT,0.13372,893.0,0.13371,186.0,0.1338,1449.0,0.13381,671.0
1753617350873,11:55:50.873,phemex,AERGO/USDT:USDT,0.13373,186.0,0.13372,893.0,0.1338,1449.0,0.13381,671.0
1753617351307,11:55:51.307,phemex,AERGO/USDT:USDT,0.13373,186.0,0.13372,893.0,0.1338,449.0,0.13381,671.0
1753617351418,11:55:51.418,phemex,AERGO/USDT:USDT,0.13373,186.0,0.13372,893.0,0.1338,635.0,0.13381,671.0
1753617351601,11:55:51.601,phemex,AERGO/USDT:USDT,0.13373,186.0,0.13372,893.0,0.13379,186.0,0.1338,635.0
1753617351603,11:55:51.603,phemex,AERGO/USDT:USDT,0.13373,186.0,0.13372,893.0,0.13379,186.0,0.1338,449.0
1753617353275,11:55:53.275,phemex,AERGO/USDT:USDT,0.13373,186.0,0.13372,893.0,0.13379,186.0,0.1338,449.0
1753617356105,11:55:56.105,phemex,AERGO/USDT:USDT,0.13373,186.0,0.13372,893.0,0.13379,186.0,0.1338,449.0
1753617356153,11:55:56.153,phemex,AERGO/USDT:USDT,0.13373,186.0,0.13372,893.0,0.13379,186.0,0.1338,449.0
1753617356581,11:55:56.581,phemex,AERGO/USDT:USDT,0.13373,186.0,0.13372,893.0,0.13378,690.0,0.13379,186.0
1753617356583,11:55:56.583,phemex,AERGO/USDT:USDT,0.13373,186.0,0.13372,893.0,0.13378,690.0,0.13379,186.0
1753617356664,11:55:56.664,phemex,AERGO/USDT:USDT,0.13373,186.0,0.13372,893.0,0.13378,690.0,0.13379,186.0
1753617356676,11:55:56.676,phemex,AERGO/USDT:USDT,0.13373,186.0,0.13372,893.0,0.13377,185.0,0.13378,690.0
1753617358319,11:55:58.319,phemex,AERGO/USDT:USDT,0.13373,186.0,0.13371,186.0,0.13377,185.0,0.13378,690.0
1753617358353,11:55:58.353,phemex,AERGO/USDT:USDT,0.13371,185.0,0.13366,185.0,0.13377,185.0,0.13378,690.0
1753617358491,11:55:58.491,phemex,AERGO/USDT:USDT,0.13366,185.0,0.13364,185.0,0.13377,185.0,0.13378,690.0
1753617358551,11:55:58.551,phemex,AERGO/USDT:USDT,0.13364,185.0,0.13362,189.0,0.13377,185.0,0.13378,690.0
1753617358588,11:55:58.588,phemex,AERGO/USDT:USDT,0.13362,189.0,0.1336,185.0,0.13377,185.0,0.13378,690.0
1753617358635,11:55:58.635,phemex,AERGO/USDT:USDT,0.13363,15.0,0.1336,185.0,0.13377,185.0,0.13378,690.0
1753617358689,11:55:58.689,phemex,AERGO/USDT:USDT,0.13364,185.0,0.1336,185.0,0.13377,185.0,0.13378,690.0
1753617358845,11:55:58.845,phemex,AERGO/USDT:USDT,0.1336,185.0,0.13359,4022.0,0.13377,185.0,0.13378,690.0
1753617358891,11:55:58.891,phemex,AERGO/USDT:USDT,0.1336,185.0,0.13359,4022.0,0.13377,185.0,0.13378,690.0
1753617358921,11:55:58.921,phemex,AERGO/USDT:USDT,0.13361,454.0,0.1336,185.0,0.13377,185.0,0.13378,690.0
1753617358930,11:55:58.930,phemex,AERGO/USDT:USDT,0.13362,185.0,0.13361,454.0,0.13377,185.0,0.13378,690.0
1753617358959,11:55:58.959,phemex,AERGO/USDT:USDT,0.13362,639.0,0.1336,185.0,0.13377,185.0,0.13378,690.0
1753617358996,11:55:58.996,phemex,AERGO/USDT:USDT,0.13363,185.0,0.13362,454.0,0.13377,185.0,0.13378,690.0
1753617362325,11:56:02.325,phemex,AERGO/USDT:USDT,0.13363,185.0,0.13362,454.0,0.13374,806.0,0.13377,185.0
1753617362325,11:56:02.325,phemex,AERGO/USDT:USDT,0.13363,185.0,0.13362,454.0,0.13374,1532.0,0.13377,185.0
1753617362387,11:56:02.387,phemex,AERGO/USDT:USDT,0.13363,185.0,0.13362,454.0,0.13374,1532.0,0.13377,185.0
1753617363122,11:56:03.122,phemex,AERGO/USDT:USDT,0.13363,185.0,0.13362,454.0,0.13376,657.0,0.13377,185.0
1753617363142,11:56:03.142,phemex,AERGO/USDT:USDT,0.13363,185.0,0.13362,454.0,0.13375,186.0,0.13376,1714.0
1753617363164,11:56:03.164,phemex,AERGO/USDT:USDT,0.13363,185.0,0.13362,454.0,0.13375,186.0,0.13376,1714.0
1753617363792,11:56:03.792,phemex,AERGO/USDT:USDT,0.13371,2756.0,0.13369,704.0,0.13375,186.0,0.13376,1714.0
1753617363807,11:56:03.807,phemex,AERGO/USDT:USDT,0.13372,186.0,0.13371,2756.0,0.13375,186.0,0.13376,1714.0
1753617363830,11:56:03.830,phemex,AERGO/USDT:USDT,0.13372,186.0,0.13371,2756.0,0.13375,186.0,0.13376,1714.0
1753617364395,11:56:04.395,phemex,AERGO/USDT:USDT,0.13372,186.0,0.13371,2756.0,0.13375,186.0,0.13376,1714.0
1753617365401,11:56:05.401,phemex,AERGO/USDT:USDT,0.13371,2756.0,0.1337,186.0,0.13375,186.0,0.13376,1714.0
1753617365431,11:56:05.431,phemex,AERGO/USDT:USDT,0.13371,2756.0,0.1337,186.0,0.13375,186.0,0.13376,1714.0
1753617366711,11:56:06.711,phemex,AERGO/USDT:USDT,0.13371,2756.0,0.13369,704.0,0.13375,186.0,0.13376,1714.0
1753617366727,11:56:06.727,phemex,AERGO/USDT:USDT,0.13371,2756.0,0.13369,704.0,0.13375,186.0,0.13376,1714.0
1753617367141,11:56:07.141,phemex,AERGO/USDT:USDT,0.13371,2756.0,0.13369,704.0,0.13375,186.0,0.13376,1714.0
1753617367190,11:56:07.190,phemex,AERGO/USDT:USDT,0.13371,2756.0,0.13369,704.0,0.13375,186.0,0.13376,1714.0
1753617369885,11:56:09.885,phemex,AERGO/USDT:USDT,0.13371,2756.0,0.13369,704.0,0.13375,1112.0,0.13376,1714.0
1753617369914,11:56:09.914,phemex,AERGO/USDT:USDT,0.13371,2756.0,0.13369,704.0,0.13374,186.0,0.13375,926.0
1753617370338,11:56:10.338,phemex,AERGO/USDT:USDT,0.13372,186.0,0.13371,2756.0,0.13374,186.0,0.13375,926.0
1753617370371,11:56:10.371,phemex,AERGO/USDT:USDT,0.13371,2756.0,0.13369,704.0,0.13374,186.0,0.13375,926.0
1753617370394,11:56:10.394,phemex,AERGO/USDT:USDT,0.13371,2756.0,0.1337,186.0,0.13374,186.0,0.13375,926.0
1753617371036,11:56:11.036,phemex,AERGO/USDT:USDT,0.13372,186.0,0.13371,2756.0,0.13374,186.0,0.13375,926.0
1753617372229,11:56:12.229,phemex,AERGO/USDT:USDT,0.13372,186.0,0.13371,2756.0,0.13375,926.0,0.13376,1714.0
1753617372265,11:56:12.265,phemex,AERGO/USDT:USDT,0.13372,186.0,0.13371,2756.0,0.13375,926.0,0.13376,1714.0
1753617372719,11:56:12.719,phemex,AERGO/USDT:USDT,0.13372,186.0,0.13371,2756.0,0.13374,185.0,0.13375,926.0
1753617373398,11:56:13.398,phemex,AERGO/USDT:USDT,0.13372,186.0,0.13371,1073.0,0.13375,926.0,0.13376,1714.0
1753617373414,11:56:13.414,phemex,AERGO/USDT:USDT,0.13372,186.0,0.13371,1073.0,0.13375,926.0,0.13376,1714.0
1753617373417,11:56:13.417,phemex,AERGO/USDT:USDT,0.13372,186.0,0.13371,1073.0,0.13375,926.0,0.13376,1714.0
1753617375218,11:56:15.218,phemex,AERGO/USDT:USDT,0.13372,186.0,0.13371,1073.0,0.13375,106.0,0.13376,1714.0
1753617375444,11:56:15.444,phemex,AERGO/USDT:USDT,0.13372,186.0,0.13371,1073.0,0.13375,291.0,0.13376,1714.0
1753617375655,11:56:15.655,phemex,AERGO/USDT:USDT,0.13372,186.0,0.13371,1073.0,0.13375,291.0,0.13376,1714.0
1753617375669,11:56:15.669,phemex,AERGO/USDT:USDT,0.13372,186.0,0.13371,1073.0,0.13375,291.0,0.13376,1714.0
1753617376615,11:56:16.615,phemex,AERGO/USDT:USDT,0.13372,186.0,0.13371,1073.0,0.13375,106.0,0.13376,1714.0
1753617376649,11:56:16.649,phemex,AERGO/USDT:USDT,0.13372,186.0,0.13371,1073.0,0.13375,999.0,0.13376,1714.0
1753617378009,11:56:18.009,phemex,AERGO/USDT:USDT,0.13372,186.0,0.13371,1073.0,0.13375,999.0,0.13376,1714.0
1753617378061,11:56:18.061,phemex,AERGO/USDT:USDT,0.13372,186.0,0.13371,1073.0,0.13375,999.0,0.13376,1714.0
1753617379787,11:56:19.787,phemex,AERGO/USDT:USDT,0.13372,186.0,0.13371,1073.0,0.13374,185.0,0.13375,999.0
1753617379818,11:56:19.818,phemex,AERGO/USDT:USDT,0.13372,186.0,0.13371,1073.0,0.13375,999.0,0.13376,1714.0
1753617379834,11:56:19.834,phemex,AERGO/USDT:USDT,0.13372,186.0,0.13371,1073.0,0.13375,999.0,0.13376,1714.0
1753617379895,11:56:19.895,phemex,AERGO/USDT:USDT,0.13372,186.0,0.13371,1073.0,0.13374,185.0,0.13375,999.0
1753617379911,11:56:19.911,phemex,AERGO/USDT:USDT,0.13371,1073.0,0.1337,186.0,0.13374,185.0,0.13375,999.0
1753617383771,11:56:23.771,phemex,AERGO/USDT:USDT,0.13371,1073.0,0.13369,2429.0,0.13374,185.0,0.13375,999.0
1753617383795,11:56:23.795,phemex,AERGO/USDT:USDT,0.13371,1073.0,0.13369,2429.0,0.13374,185.0,0.13375,999.0
1753617383984,11:56:23.984,phemex,AERGO/USDT:USDT,0.13371,923.0,0.13369,2429.0,0.13374,185.0,0.13375,999.0
1753617383984,11:56:23.984,phemex,AERGO/USDT:USDT,0.13371,923.0,0.13369,2429.0,0.13374,185.0,0.13375,999.0
1753617389350,11:56:29.350,phemex,AERGO/USDT:USDT,0.13371,923.0,0.13369,2429.0,0.13374,185.0,0.13375,999.0
1753617389502,11:56:29.502,phemex,AERGO/USDT:USDT,0.13371,923.0,0.13369,2429.0,0.13374,185.0,0.13375,999.0
1753617390043,11:56:30.043,phemex,AERGO/USDT:USDT,0.13371,923.0,0.13369,2429.0,0.13374,185.0,0.13375,999.0
1753617390074,11:56:30.074,phemex,AERGO/USDT:USDT,0.13371,923.0,0.13369,2429.0,0.13374,185.0,0.13375,999.0
1753617390211,11:56:30.211,phemex,AERGO/USDT:USDT,0.13371,923.0,0.13369,2429.0,0.13374,185.0,0.13375,999.0
1753617390236,11:56:30.236,phemex,AERGO/USDT:USDT,0.13371,923.0,0.13369,2429.0,0.13374,185.0,0.13375,999.0
1753617390884,11:56:30.884,phemex,AERGO/USDT:USDT,0.13371,923.0,0.13369,1740.0,0.13374,185.0,0.13375,999.0
1753617390992,11:56:30.992,phemex,AERGO/USDT:USDT,0.13371,923.0,0.13369,1740.0,0.13374,185.0,0.13375,999.0
1753617391342,11:56:31.342,phemex,AERGO/USDT:USDT,0.13371,832.0,0.13369,1740.0,0.13374,185.0,0.13375,999.0
1753617393603,11:56:33.603,phemex,AERGO/USDT:USDT,0.13371,807.0,0.13369,1740.0,0.13374,185.0,0.13375,999.0
1753617398203,11:56:38.203,phemex,AERGO/USDT:USDT,0.13371,807.0,0.1337,990.0,0.13374,185.0,0.13375,999.0
1753617400708,11:56:40.708,phemex,AERGO/USDT:USDT,0.13371,807.0,0.1337,990.0,0.13374,185.0,0.13375,999.0
1753617403382,11:56:43.382,phemex,AERGO/USDT:USDT,0.13371,807.0,0.1337,990.0,0.13374,185.0,0.13375,999.0
1753617403395,11:56:43.395,phemex,AERGO/USDT:USDT,0.13371,807.0,0.1337,990.0,0.13374,185.0,0.13375,999.0
1753617404933,11:56:44.933,phemex,AERGO/USDT:USDT,0.13371,794.0,0.1337,990.0,0.13374,185.0,0.13375,999.0
1753617420273,11:57:00.273,phemex,AERGO/USDT:USDT,0.13372,186.0,0.13371,794.0,0.13375,999.0,0.13376,1714.0
1753617420297,11:57:00.297,phemex,AERGO/USDT:USDT,0.13372,186.0,0.13371,794.0,0.13375,999.0,0.13376,1714.0
1753617423222,11:57:03.222,phemex,AERGO/USDT:USDT,0.13372,186.0,0.13371,794.0,0.13375,355.0,0.13376,1714.0
1753617425564,11:57:05.564,phemex,AERGO/USDT:USDT,0.13372,186.0,0.13371,794.0,0.13379,186.0,0.13381,185.0
1753617425582,11:57:05.582,phemex,AERGO/USDT:USDT,0.13372,186.0,0.13371,794.0,0.13381,185.0,0.13383,4203.0
1753617425603,11:57:05.603,phemex,AERGO/USDT:USDT,0.13372,186.0,0.13371,794.0,0.13381,185.0,0.13383,4203.0
1753617425938,11:57:05.938,phemex,AERGO/USDT:USDT,0.13372,186.0,0.13371,794.0,0.13381,185.0,0.13383,4203.0
1753617426009,11:57:06.009,phemex,AERGO/USDT:USDT,0.13372,186.0,0.13371,794.0,0.13381,185.0,0.13383,4203.0
1753617426066,11:57:06.066,phemex,AERGO/USDT:USDT,0.13372,186.0,0.13371,794.0,0.13381,185.0,0.13383,4203.0
1753617428599,11:57:08.599,phemex,AERGO/USDT:USDT,0.13372,186.0,0.13371,794.0,0.13381,185.0,0.13383,4388.0
1753617428644,11:57:08.644,phemex,AERGO/USDT:USDT,0.13372,186.0,0.13371,794.0,0.13381,185.0,0.13383,4388.0
1753617430765,11:57:10.765,phemex,AERGO/USDT:USDT,0.13372,186.0,0.13371,794.0,0.13376,926.0,0.13378,618.0
1753617430805,11:57:10.805,phemex,AERGO/USDT:USDT,0.13372,186.0,0.13371,794.0,0.13375,185.0,0.13376,926.0
1753617431038,11:57:11.038,phemex,AERGO/USDT:USDT,0.13372,186.0,0.13371,794.0,0.13376,926.0,0.13378,803.0
1753617431841,11:57:11.841,phemex,AERGO/USDT:USDT,0.13372,186.0,0.13371,794.0,0.13375,185.0,0.13376,926.0
1753617432310,11:57:12.310,phemex,AERGO/USDT:USDT,0.13371,794.0,0.1337,1176.0,0.13375,185.0,0.13376,926.0
1753617432329,11:57:12.329,phemex,AERGO/USDT:USDT,0.13371,794.0,0.1337,1176.0,0.13375,185.0,0.13376,926.0
1753617432768,11:57:12.768,phemex,AERGO/USDT:USDT,0.13372,180.0,0.13371,794.0,0.13375,185.0,0.13376,926.0
1753617432811,11:57:12.811,phemex,AERGO/USDT:USDT,0.13371,794.0,0.1337,1176.0,0.13375,185.0,0.13376,926.0
1753617432853,11:57:12.853,phemex,AERGO/USDT:USDT,0.13371,794.0,0.1337,1176.0,0.13375,185.0,0.13376,926.0
1753617434295,11:57:14.295,phemex,AERGO/USDT:USDT,0.13372,180.0,0.13371,794.0,0.13375,185.0,0.13376,926.0
1753617434690,11:57:14.690,phemex,AERGO/USDT:USDT,0.13371,794.0,0.1337,1176.0,0.13375,185.0,0.13376,926.0
1753617434722,11:57:14.722,phemex,AERGO/USDT:USDT,0.13371,794.0,0.1337,1176.0,0.13375,185.0,0.13376,926.0
1753617435766,11:57:15.766,phemex,AERGO/USDT:USDT,0.13371,794.0,0.1337,1176.0,0.13375,185.0,0.13376,926.0
1753617436359,11:57:16.359,phemex,AERGO/USDT:USDT,0.13371,794.0,0.1337,990.0,0.13375,185.0,0.13376,926.0
1753617437829,11:57:17.829,phemex,AERGO/USDT:USDT,0.13371,794.0,0.1337,990.0,0.13375,185.0,0.13376,926.0
1753617437870,11:57:17.870,phemex,AERGO/USDT:USDT,0.13371,794.0,0.1337,990.0,0.13375,185.0,0.13376,926.0
1753617437906,11:57:17.906,phemex,AERGO/USDT:USDT,0.13372,180.0,0.13371,794.0,0.13375,185.0,0.13376,926.0
1753617438054,11:57:18.054,phemex,AERGO/USDT:USDT,0.13371,794.0,0.1337,1170.0,0.13375,185.0,0.13376,926.0
1753617438129,11:57:18.129,phemex,AERGO/USDT:USDT,0.13372,180.0,0.13371,794.0,0.13375,185.0,0.13376,926.0
1753617438164,11:57:18.164,phemex,AERGO/USDT:USDT,0.13372,180.0,0.13371,794.0,0.13375,185.0,0.13376,926.0
1753617439020,11:57:19.020,phemex,AERGO/USDT:USDT,0.13372,180.0,0.13371,794.0,0.13376,926.0,0.13377,677.0
1753617439059,11:57:19.059,phemex,AERGO/USDT:USDT,0.13372,180.0,0.13371,794.0,0.13375,180.0,0.13376,926.0
1753617440766,11:57:20.766,phemex,AERGO/USDT:USDT,0.13372,180.0,0.13371,794.0,0.13376,926.0,0.13377,677.0
1753617440821,11:57:20.821,phemex,AERGO/USDT:USDT,0.13372,180.0,0.13371,794.0,0.13375,180.0,0.13376,926.0
1753617441754,11:57:21.754,phemex,AERGO/USDT:USDT,0.13372,180.0,0.13371,794.0,0.13376,926.0,0.13377,677.0
1753617441788,11:57:21.788,phemex,AERGO/USDT:USDT,0.13372,180.0,0.13371,794.0,0.13375,180.0,0.13376,926.0
1753617441966,11:57:21.966,phemex,AERGO/USDT:USDT,0.13372,180.0,0.13371,794.0,0.13376,926.0,0.13377,677.0
1753617442008,11:57:22.008,phemex,AERGO/USDT:USDT,0.13372,180.0,0.13371,794.0,0.13376,926.0,0.13378,803.0
1753617442128,11:57:22.128,phemex,AERGO/USDT:USDT,0.13372,180.0,0.13371,794.0,0.13376,926.0,0.13378,803.0
1753617442248,11:57:22.248,phemex,AERGO/USDT:USDT,0.13372,180.0,0.13371,794.0,0.13376,926.0,0.13378,803.0
1753617442457,11:57:22.457,phemex,AERGO/USDT:USDT,0.13372,180.0,0.13371,794.0,0.13376,926.0,0.13378,803.0
1753617442514,11:57:22.514,phemex,AERGO/USDT:USDT,0.13372,180.0,0.13371,794.0,0.13376,926.0,0.13378,803.0
1753617444009,11:57:24.009,phemex,AERGO/USDT:USDT,0.13372,180.0,0.13371,794.0,0.13376,926.0,0.13378,803.0
1753617444016,11:57:24.016,phemex,AERGO/USDT:USDT,0.13372,180.0,0.13371,794.0,0.13376,926.0,0.13378,803.0
1753617444094,11:57:24.094,phemex,AERGO/USDT:USDT,0.13372,180.0,0.13371,794.0,0.13376,926.0,0.13378,803.0
1753617445119,11:57:25.119,phemex,AERGO/USDT:USDT,0.13372,180.0,0.13371,794.0,0.13376,926.0,0.13378,803.0
1753617445134,11:57:25.134,phemex,AERGO/USDT:USDT,0.13372,180.0,0.13371,794.0,0.13376,926.0,0.13378,803.0
1753617445386,11:57:25.386,phemex,AERGO/USDT:USDT,0.13372,180.0,0.13371,794.0,0.13376,756.0,0.13378,803.0
1753617445699,11:57:25.699,phemex,AERGO/USDT:USDT,0.13372,180.0,0.13371,794.0,0.13375,182.0,0.13376,756.0
1753617445727,11:57:25.727,phemex,AERGO/USDT:USDT,0.13372,180.0,0.13371,794.0,0.13376,756.0,0.13378,803.0
1753617445752,11:57:25.752,phemex,AERGO/USDT:USDT,0.13372,180.0,0.13371,794.0,0.13376,756.0,0.13378,803.0
1753617445779,11:57:25.779,phemex,AERGO/USDT:USDT,0.13372,180.0,0.13371,794.0,0.13375,182.0,0.13376,756.0
1753617448315,11:57:28.315,phemex,AERGO/USDT:USDT,0.13372,180.0,0.13371,794.0,0.13376,1673.0,0.13378,803.0
1753617448367,11:57:28.367,phemex,AERGO/USDT:USDT,0.13372,180.0,0.13371,794.0,0.13376,1673.0,0.13378,803.0
1753617448383,11:57:28.383,phemex,AERGO/USDT:USDT,0.13372,180.0,0.13371,794.0,0.13375,182.0,0.13376,1673.0
1753617448407,11:57:28.407,phemex,AERGO/USDT:USDT,0.13372,180.0,0.13371,794.0,0.13375,182.0,0.13376,1673.0
1753617449787,11:57:29.787,phemex,AERGO/USDT:USDT,0.13372,180.0,0.13371,794.0,0.13375,182.0,0.13376,1673.0
1753617450015,11:57:30.015,phemex,AERGO/USDT:USDT,0.13372,180.0,0.13371,794.0,0.13375,182.0,0.13376,1673.0
1753617450799,11:57:30.799,phemex,AERGO/USDT:USDT,0.13372,180.0,0.13371,794.0,0.13378,803.0,0.13379,1874.0
1753617450822,11:57:30.822,phemex,AERGO/USDT:USDT,0.13372,180.0,0.13371,794.0,0.13377,182.0,0.13378,618.0
1753617453137,11:57:33.137,phemex,AERGO/USDT:USDT,0.13372,180.0,0.13371,794.0,0.13377,182.0,0.13378,618.0
1753617456011,11:57:36.011,phemex,AERGO/USDT:USDT,0.13372,180.0,0.13371,794.0,0.13377,182.0,0.13378,618.0
1753617457835,11:57:37.835,phemex,AERGO/USDT:USDT,0.13371,794.0,0.1337,1170.0,0.13377,182.0,0.13378,618.0
1753617457863,11:57:37.863,phemex,AERGO/USDT:USDT,0.13371,794.0,0.1337,1170.0,0.13377,182.0,0.13378,618.0
1753617459769,11:57:39.769,phemex,AERGO/USDT:USDT,0.13372,189.0,0.13371,794.0,0.13377,182.0,0.13378,618.0
1753617459795,11:57:39.795,phemex,AERGO/USDT:USDT,0.13371,794.0,0.1337,1170.0,0.13377,182.0,0.13378,618.0
1753617459833,11:57:39.833,phemex,AERGO/USDT:USDT,0.13371,794.0,0.1337,1170.0,0.13377,182.0,0.13378,618.0
1753617460377,11:57:40.377,phemex,AERGO/USDT:USDT,0.13372,189.0,0.13371,794.0,0.13377,182.0,0.13378,618.0
1753617460428,11:57:40.428,phemex,AERGO/USDT:USDT,0.13371,794.0,0.1337,1170.0,0.13377,182.0,0.13378,618.0
1753617460456,11:57:40.456,phemex,AERGO/USDT:USDT,0.13371,794.0,0.1337,1170.0,0.13377,182.0,0.13378,618.0
1753617460504,11:57:40.504,phemex,AERGO/USDT:USDT,0.13372,189.0,0.13371,794.0,0.13377,182.0,0.13378,618.0
1753617464501,11:57:44.501,phemex,AERGO/USDT:USDT,0.13372,189.0,0.13371,794.0,0.13377,182.0,0.13378,618.0
1753617468006,11:57:48.006,phemex,AERGO/USDT:USDT,0.13372,189.0,0.13371,794.0,0.13377,182.0,0.13378,618.0
1753617468072,11:57:48.072,phemex,AERGO/USDT:USDT,0.13372,189.0,0.13371,794.0,0.13377,182.0,0.13378,618.0
1753617478773,11:57:58.773,phemex,AERGO/USDT:USDT,0.13372,189.0,0.13371,794.0,0.13378,618.0,0.13379,2063.0
1753617478799,11:57:58.799,phemex,AERGO/USDT:USDT,0.13372,189.0,0.13371,794.0,0.13377,183.0,0.13378,618.0
1753617488605,11:58:08.605,phemex,AERGO/USDT:USDT,0.13372,189.0,0.13371,794.0,0.13378,618.0,0.13379,2063.0
1753617488627,11:58:08.627,phemex,AERGO/USDT:USDT,0.13372,189.0,0.13371,794.0,0.13378,618.0,0.13379,2063.0
1753617488665,11:58:08.665,phemex,AERGO/USDT:USDT,0.13372,189.0,0.13371,794.0,0.13377,187.0,0.13378,618.0
1753617489610,11:58:09.610,phemex,AERGO/USDT:USDT,0.13372,189.0,0.13371,794.0,0.13378,618.0,0.13379,2063.0
1753617489686,11:58:09.686,phemex,AERGO/USDT:USDT,0.13372,189.0,0.13371,794.0,0.13378,618.0,0.13379,2063.0
1753617490771,11:58:10.771,phemex,AERGO/USDT:USDT,0.13372,189.0,0.13371,794.0,0.13378,618.0,0.13379,1874.0
1753617490853,11:58:10.853,phemex,AERGO/USDT:USDT,0.13372,189.0,0.13371,794.0,0.13378,618.0,0.13379,1874.0
1753617490907,11:58:10.907,phemex,AERGO/USDT:USDT,0.13372,189.0,0.13371,794.0,0.13382,1055.0,0.13383,185.0
1753617490923,11:58:10.923,phemex,AERGO/USDT:USDT,0.13372,189.0,0.13371,794.0,0.13381,187.0,0.13382,1055.0
1753617491591,11:58:11.591,phemex,AERGO/USDT:USDT,0.13372,189.0,0.13371,794.0,0.13381,187.0,0.13382,1055.0
1753617491639,11:58:11.639,phemex,AERGO/USDT:USDT,0.13372,189.0,0.13371,794.0,0.13381,187.0,0.13382,1055.0
1753617491640,11:58:11.640,phemex,AERGO/USDT:USDT,0.13372,189.0,0.13371,794.0,0.13381,187.0,0.13382,1055.0
1753617491712,11:58:11.712,phemex,AERGO/USDT:USDT,0.13372,189.0,0.13371,794.0,0.13381,187.0,0.13382,1055.0
1753617491733,11:58:11.733,phemex,AERGO/USDT:USDT,0.13372,189.0,0.13371,794.0,0.13381,187.0,0.13382,1055.0
1753617492011,11:58:12.011,phemex,AERGO/USDT:USDT,0.13372,189.0,0.13371,794.0,0.13381,187.0,0.13382,1055.0
1753617492059,11:58:12.059,phemex,AERGO/USDT:USDT,0.13372,189.0,0.13371,794.0,0.13381,187.0,0.13382,1055.0
1753617492588,11:58:12.588,phemex,AERGO/USDT:USDT,0.13372,189.0,0.13371,794.0,0.13382,1055.0,0.13383,185.0
1753617492650,11:58:12.650,phemex,AERGO/USDT:USDT,0.13372,189.0,0.13371,794.0,0.13382,1055.0,0.13383,185.0
1753617493523,11:58:13.523,phemex,AERGO/USDT:USDT,0.13372,189.0,0.13371,794.0,0.13382,1055.0,0.13385,185.0
1753617493550,11:58:13.550,phemex,AERGO/USDT:USDT,0.13372,189.0,0.13371,794.0,0.13382,1055.0,0.13385,185.0
1753617494632,11:58:14.632,phemex,AERGO/USDT:USDT,0.13372,189.0,0.13371,794.0,0.13381,181.0,0.13382,1055.0
1753617494727,11:58:14.727,phemex,AERGO/USDT:USDT,0.13372,189.0,0.13371,794.0,0.13382,1055.0,0.13385,185.0
1753617494762,11:58:14.762,phemex,AERGO/USDT:USDT,0.13372,189.0,0.13371,794.0,0.13381,181.0,0.13382,1055.0
1753617495727,11:58:15.727,phemex,AERGO/USDT:USDT,0.13372,189.0,0.13371,794.0,0.13381,808.0,0.13382,1055.0
1753617495762,11:58:15.762,phemex,AERGO/USDT:USDT,0.13372,189.0,0.13371,794.0,0.1338,181.0,0.13381,627.0
1753617495777,11:58:15.777,phemex,AERGO/USDT:USDT,0.13372,189.0,0.13371,794.0,0.13381,627.0,0.13382,1055.0
1753617495839,11:58:15.839,phemex,AERGO/USDT:USDT,0.13372,189.0,0.13371,794.0,0.13381,627.0,0.13382,1055.0
1753617496245,11:58:16.245,phemex,AERGO/USDT:USDT,0.13372,189.0,0.13371,794.0,0.13381,627.0,0.13382,1055.0
1753617496865,11:58:16.865,phemex,AERGO/USDT:USDT,0.13372,1798.0,0.1337,180.0,0.1338,181.0,0.13381,627.0
1753617496892,11:58:16.892,phemex,AERGO/USDT:USDT,0.13373,181.0,0.13372,1609.0,0.1338,181.0,0.13381,627.0
1753617496925,11:58:16.925,phemex,AERGO/USDT:USDT,0.13373,181.0,0.13372,1609.0,0.1338,181.0,0.13381,627.0
1753617499049,11:58:19.049,phemex,AERGO/USDT:USDT,0.13373,181.0,0.13372,1609.0,0.1338,181.0,0.13381,627.0
1753617499096,11:58:19.096,phemex,AERGO/USDT:USDT,0.13373,181.0,0.13372,1609.0,0.1338,181.0,0.13381,627.0
1753617499954,11:58:19.954,phemex,AERGO/USDT:USDT,0.13373,181.0,0.13372,1609.0,0.1338,181.0,0.13381,627.0
1753617499954,11:58:19.954,phemex,AERGO/USDT:USDT,0.13373,181.0,0.13372,1609.0,0.1338,181.0,0.13381,627.0
1753617500772,11:58:20.772,phemex,AERGO/USDT:USDT,0.13373,181.0,0.13372,1609.0,0.1338,181.0,0.13381,627.0
1753617500855,11:58:20.855,phemex,AERGO/USDT:USDT,0.13373,181.0,0.13372,1609.0,0.1338,181.0,0.13381,627.0
1753617501789,11:58:21.789,phemex,AERGO/USDT:USDT,0.13373,181.0,0.13372,1609.0,0.1338,181.0,0.13381,627.0
1753617501816,11:58:21.816,phemex,AERGO/USDT:USDT,0.13373,181.0,0.13372,1609.0,0.1338,181.0,0.13381,627.0
1753617506055,11:58:26.055,phemex,AERGO/USDT:USDT,0.13373,881.0,0.13372,1609.0,0.13378,616.0,0.1338,181.0
1753617506063,11:58:26.063,phemex,AERGO/USDT:USDT,0.13374,182.0,0.13373,881.0,0.13378,616.0,0.1338,181.0
1753617506065,11:58:26.065,phemex,AERGO/USDT:USDT,0.13374,182.0,0.13373,700.0,0.13377,182.0,0.13378,616.0
1753617507305,11:58:27.305,phemex,AERGO/USDT:USDT,0.13374,182.0,0.13373,700.0,0.13377,182.0,0.13378,616.0
1753617507331,11:58:27.331,phemex,AERGO/USDT:USDT,0.13374,182.0,0.13373,700.0,0.13377,182.0,0.13378,616.0
1753617507331,11:58:27.331,phemex,AERGO/USDT:USDT,0.13374,182.0,0.13373,700.0,0.13377,182.0,0.13378,616.0
1753617509950,11:58:29.950,phemex,AERGO/USDT:USDT,0.13374,182.0,0.13373,700.0,0.13378,616.0,0.1338,181.0
1753617510015,11:58:30.015,phemex,AERGO/USDT:USDT,0.13374,182.0,0.13373,700.0,0.13378,616.0,0.1338,181.0
1753617510054,11:58:30.054,phemex,AERGO/USDT:USDT,0.13374,182.0,0.13373,700.0,0.13378,73.0,0.1338,181.0
1753617510091,11:58:30.091,phemex,AERGO/USDT:USDT,0.13374,182.0,0.13373,700.0,0.13377,182.0,0.13378,73.0
1753617510136,11:58:30.136,phemex,AERGO/USDT:USDT,0.13374,182.0,0.13373,700.0,0.13377,182.0,0.13378,73.0
1753617511494,11:58:31.494,phemex,AERGO/USDT:USDT,0.13374,182.0,0.13373,700.0,0.13378,73.0,0.1338,181.0
1753617511519,11:58:31.519,phemex,AERGO/USDT:USDT,0.13374,182.0,0.13373,700.0,0.13378,255.0,0.1338,181.0
1753617511550,11:58:31.550,phemex,AERGO/USDT:USDT,0.13374,182.0,0.13373,700.0,0.13378,988.0,0.1338,181.0
1753617512109,11:58:32.109,phemex,AERGO/USDT:USDT,0.13374,182.0,0.13373,700.0,0.13377,182.0,0.13378,988.0
1753617512199,11:58:32.199,phemex,AERGO/USDT:USDT,0.13374,182.0,0.13373,700.0,0.13378,988.0,0.1338,181.0
1753617512723,11:58:32.723,phemex,AERGO/USDT:USDT,0.13374,182.0,0.13373,700.0,0.13378,788.0,0.1338,181.0
1753617512770,11:58:32.770,phemex,AERGO/USDT:USDT,0.13374,182.0,0.13373,700.0,0.13378,788.0,0.1338,1127.0
1753617516674,11:58:36.674,phemex,AERGO/USDT:USDT,0.13374,182.0,0.13373,700.0,0.13377,189.0,0.13378,788.0
1753617518298,11:58:38.298,phemex,AERGO/USDT:USDT,0.13374,182.0,0.13373,700.0,0.13378,788.0,0.1338,1127.0
1753617520015,11:58:40.015,phemex,AERGO/USDT:USDT,0.13374,831.0,0.13373,700.0,0.13378,788.0,0.1338,1127.0
1753617520038,11:58:40.038,phemex,AERGO/USDT:USDT,0.13375,189.0,0.13374,649.0,0.13378,788.0,0.1338,1127.0
1753617527731,11:58:47.731,phemex,AERGO/USDT:USDT,0.13375,189.0,0.13374,649.0,0.1338,181.0,0.13381,1458.0
1753617527752,11:58:47.752,phemex,AERGO/USDT:USDT,0.13375,189.0,0.13374,649.0,0.1338,181.0,0.13381,1458.0
1753617528907,11:58:48.907,phemex,AERGO/USDT:USDT,0.13375,189.0,0.13374,649.0,0.1338,181.0,0.13381,1458.0
1753617528913,11:58:48.913,phemex,AERGO/USDT:USDT,0.13374,649.0,0.13372,1791.0,0.1338,181.0,0.13381,1458.0
1753617528936,11:58:48.936,phemex,AERGO/USDT:USDT,0.13374,649.0,0.13372,1791.0,0.1338,181.0,0.13381,1458.0
1753617530991,11:58:50.991,phemex,AERGO/USDT:USDT,0.13374,577.0,0.13372,1791.0,0.1338,181.0,0.13381,1458.0
1753617534017,11:58:54.017,phemex,AERGO/USDT:USDT,0.13374,577.0,0.13372,1791.0,0.1338,181.0,0.13381,1458.0
1753617537740,11:58:57.740,phemex,AERGO/USDT:USDT,0.13375,189.0,0.13374,577.0,0.1338,181.0,0.13381,1458.0
1753617537828,11:58:57.828,phemex,AERGO/USDT:USDT,0.13374,577.0,0.13372,1791.0,0.1338,181.0,0.13381,1458.0
1753617540926,11:59:00.926,phemex,AERGO/USDT:USDT,0.13375,189.0,0.13374,577.0,0.1338,181.0,0.13381,1458.0
1753617541276,11:59:01.276,phemex,AERGO/USDT:USDT,0.13374,577.0,0.13372,1791.0,0.1338,181.0,0.13381,1458.0
1753617542486,11:59:02.486,phemex,AERGO/USDT:USDT,0.13375,182.0,0.13374,577.0,0.1338,181.0,0.13381,1458.0
1753617542527,11:59:02.527,phemex,AERGO/USDT:USDT,0.13374,577.0,0.13372,2461.0,0.13376,1904.0,0.1338,181.0
1753617543732,11:59:03.732,phemex,AERGO/USDT:USDT,0.13375,182.0,0.13374,577.0,0.13376,1904.0,0.1338,181.0
1753617543745,11:59:03.745,phemex,AERGO/USDT:USDT,0.13374,577.0,0.13372,2461.0,0.13376,1904.0,0.1338,181.0
1753617543905,11:59:03.905,phemex,AERGO/USDT:USDT,0.13375,182.0,0.13374,577.0,0.13376,1904.0,0.1338,181.0
1753617544041,11:59:04.041,phemex,AERGO/USDT:USDT,0.13374,577.0,0.13372,2461.0,0.13376,1904.0,0.1338,181.0
1753617544233,11:59:04.233,phemex,AERGO/USDT:USDT,0.13374,577.0,0.13372,2461.0,0.13376,1904.0,0.1338,181.0
1753617544251,11:59:04.251,phemex,AERGO/USDT:USDT,0.13374,577.0,0.13372,2461.0,0.13376,1904.0,0.1338,181.0
1753617544779,11:59:04.779,phemex,AERGO/USDT:USDT,0.13375,182.0,0.13374,577.0,0.13376,1904.0,0.1338,181.0
1753617544812,11:59:04.812,phemex,AERGO/USDT:USDT,0.13374,577.0,0.13372,2461.0,0.13376,1904.0,0.1338,181.0
1753617544901,11:59:04.901,phemex,AERGO/USDT:USDT,0.13375,182.0,0.13374,577.0,0.13376,1904.0,0.1338,181.0
1753617544953,11:59:04.953,phemex,AERGO/USDT:USDT,0.13374,577.0,0.13372,2461.0,0.13376,1904.0,0.1338,181.0
1753617545376,11:59:05.376,phemex,AERGO/USDT:USDT,0.13375,182.0,0.13374,577.0,0.13376,1904.0,0.1338,181.0
1753617545512,11:59:05.512,phemex,AERGO/USDT:USDT,0.13374,577.0,0.13372,2461.0,0.13376,1904.0,0.1338,181.0
1753617545615,11:59:05.615,phemex,AERGO/USDT:USDT,0.13375,182.0,0.13374,577.0,0.13376,1904.0,0.1338,181.0
1753617546007,11:59:06.007,phemex,AERGO/USDT:USDT,0.13374,577.0,0.13372,2461.0,0.13376,1904.0,0.1338,181.0
1753617547258,11:59:07.258,phemex,AERGO/USDT:USDT,0.13374,577.0,0.13372,2461.0,0.13376,1884.0,0.1338,181.0
1753617547746,11:59:07.746,phemex,AERGO/USDT:USDT,0.13375,182.0,0.13374,577.0,0.13376,1884.0,0.1338,181.0
1753617549829,11:59:09.829,phemex,AERGO/USDT:USDT,0.13375,182.0,0.13374,577.0,0.13379,620.0,0.1338,181.0
1753617549862,11:59:09.862,phemex,AERGO/USDT:USDT,0.13375,182.0,0.13374,577.0,0.13379,620.0,0.1338,181.0
1753617549948,11:59:09.948,phemex,AERGO/USDT:USDT,0.13375,182.0,0.13374,695.0,0.13379,620.0,0.13381,1458.0
1753617549993,11:59:09.993,phemex,AERGO/USDT:USDT,0.13375,182.0,0.13374,695.0,0.13379,620.0,0.13381,1458.0
1753617550093,11:59:10.093,phemex,AERGO/USDT:USDT,0.13375,182.0,0.13374,695.0,0.13381,1458.0,0.13382,181.0
1753617550093,11:59:10.093,phemex,AERGO/USDT:USDT,0.13375,182.0,0.13374,695.0,0.13381,1458.0,0.13382,181.0
1753617550641,11:59:10.641,phemex,AERGO/USDT:USDT,0.13375,182.0,0.13374,695.0,0.13381,1458.0,0.13384,740.0
1753617550661,11:59:10.661,phemex,AERGO/USDT:USDT,0.13375,182.0,0.13374,695.0,0.13381,1458.0,0.13383,182.0
1753617552066,11:59:12.066,phemex,AERGO/USDT:USDT,0.13375,182.0,0.13372,182.0,0.13381,1458.0,0.13383,182.0
1753617552092,11:59:12.092,phemex,AERGO/USDT:USDT,0.13375,182.0,0.1337,180.0,0.1338,182.0,0.13381,1458.0
1753617552122,11:59:12.122,phemex,AERGO/USDT:USDT,0.13368,182.0,0.13366,185.0,0.1338,182.0,0.13381,1458.0
1753617552152,11:59:12.152,phemex,AERGO/USDT:USDT,0.13366,185.0,0.13361,1812.0,0.1338,182.0,0.13381,1458.0
1753617552287,11:59:12.287,phemex,AERGO/USDT:USDT,0.13366,185.0,0.13361,1812.0,0.1338,182.0,0.13381,1458.0
1753617552322,11:59:12.322,phemex,AERGO/USDT:USDT,0.13366,185.0,0.13361,1812.0,0.1338,182.0,0.13381,1458.0
1753617556150,11:59:16.150,phemex,AERGO/USDT:USDT,0.13366,185.0,0.13361,1812.0,0.13375,706.0,0.13376,705.0
1753617556173,11:59:16.173,phemex,AERGO/USDT:USDT,0.13366,185.0,0.13361,1812.0,0.13375,706.0,0.13376,705.0
1753617557650,11:59:17.650,phemex,AERGO/USDT:USDT,0.13366,185.0,0.13361,1812.0,0.13376,705.0,0.13377,187.0
1753617557703,11:59:17.703,phemex,AERGO/USDT:USDT,0.13366,185.0,0.13361,1812.0,0.13376,705.0,0.13377,187.0
1753617557789,11:59:17.789,phemex,AERGO/USDT:USDT,0.13366,185.0,0.13361,1812.0,0.13376,705.0,0.13377,187.0
1753617560431,11:59:20.431,phemex,AERGO/USDT:USDT,0.13366,185.0,0.13361,1812.0,0.13377,187.0,0.13379,606.0
1753617560782,11:59:20.782,phemex,AERGO/USDT:USDT,0.13366,1256.0,0.13365,768.0,0.13378,795.0,0.13379,606.0
1753617560805,11:59:20.805,phemex,AERGO/USDT:USDT,0.13367,187.0,0.13366,1705.0,0.13378,795.0,0.13379,606.0
1753617560821,11:59:20.821,phemex,AERGO/USDT:USDT,0.13367,187.0,0.13366,1705.0,0.13377,187.0,0.13378,795.0
1753617562073,11:59:22.073,phemex,AERGO/USDT:USDT,0.13367,187.0,0.13366,1705.0,0.13377,187.0,0.13378,795.0
1753617562092,11:59:22.092,phemex,AERGO/USDT:USDT,0.13367,187.0,0.13366,1705.0,0.13378,795.0,0.13379,606.0
1753617562799,11:59:22.799,phemex,AERGO/USDT:USDT,0.13367,187.0,0.13366,1705.0,0.13378,795.0,0.13379,1432.0
1753617563206,11:59:23.206,phemex,AERGO/USDT:USDT,0.13367,187.0,0.13366,1705.0,0.13378,795.0,0.13379,1432.0
1753617563237,11:59:23.237,phemex,AERGO/USDT:USDT,0.13367,187.0,0.13366,1705.0,0.13378,795.0,0.13379,1432.0
1753617565990,11:59:25.990,phemex,AERGO/USDT:USDT,0.13373,653.0,0.13372,983.0,0.13377,182.0,0.13378,795.0
1753617566015,11:59:26.015,phemex,AERGO/USDT:USDT,0.13374,182.0,0.13373,653.0,0.13378,795.0,0.13379,1432.0
1753617566056,11:59:26.056,phemex,AERGO/USDT:USDT,0.13374,182.0,0.13373,653.0,0.13378,795.0,0.13379,1432.0
1753617566400,11:59:26.400,phemex,AERGO/USDT:USDT,0.13374,182.0,0.13373,653.0,0.13377,182.0,0.13378,795.0
1753617566882,11:59:26.882,phemex,AERGO/USDT:USDT,0.13374,182.0,0.13373,653.0,0.13378,795.0,0.13379,1432.0
1753617566896,11:59:26.896,phemex,AERGO/USDT:USDT,0.13374,182.0,0.13373,653.0,0.13378,795.0,0.13379,1432.0
1753617567786,11:59:27.786,phemex,AERGO/USDT:USDT,0.13374,182.0,0.13373,653.0,0.13378,795.0,0.1338,1127.0
1753617567786,11:59:27.786,phemex,AERGO/USDT:USDT,0.13374,182.0,0.13373,653.0,0.13378,795.0,0.1338,1127.0
1753617569748,11:59:29.748,phemex,AERGO/USDT:USDT,0.13374,182.0,0.13373,653.0,0.1338,1127.0,0.13381,1069.0
1753617569781,11:59:29.781,phemex,AERGO/USDT:USDT,0.13374,182.0,0.13373,653.0,0.13379,182.0,0.1338,1127.0
1753617569785,11:59:29.785,phemex,AERGO/USDT:USDT,0.13374,182.0,0.13373,653.0,0.13379,182.0,0.1338,945.0
1753617571398,11:59:31.398,phemex,AERGO/USDT:USDT,0.13374,182.0,0.13373,653.0,0.13379,182.0,0.1338,945.0
1753617571417,11:59:31.417,phemex,AERGO/USDT:USDT,0.13374,182.0,0.13373,1744.0,0.13379,182.0,0.1338,945.0
1753617571789,11:59:31.789,phemex,AERGO/USDT:USDT,0.13374,182.0,0.13373,1744.0,0.1338,945.0,0.13381,1743.0
1753617571798,11:59:31.798,phemex,AERGO/USDT:USDT,0.13374,182.0,0.13373,1744.0,0.1338,945.0,0.13381,1743.0
1753617571823,11:59:31.823,phemex,AERGO/USDT:USDT,0.13374,182.0,0.13373,1744.0,0.13379,182.0,0.1338,945.0
1753617573529,11:59:33.529,phemex,AERGO/USDT:USDT,0.13374,182.0,0.13373,1744.0,0.1338,945.0,0.13381,1743.0
1753617573574,11:59:33.574,phemex,AERGO/USDT:USDT,0.13374,182.0,0.13373,1744.0,0.1338,945.0,0.13381,1743.0
1753617574890,11:59:34.890,phemex,AERGO/USDT:USDT,0.13374,182.0,0.13373,1744.0,0.1338,765.0,0.13381,1743.0
1753617577845,11:59:37.845,phemex,AERGO/USDT:USDT,0.13374,182.0,0.13373,1744.0,0.13379,188.0,0.1338,765.0
1753617578895,11:59:38.895,phemex,AERGO/USDT:USDT,0.13374,182.0,0.13373,1744.0,0.1338,765.0,0.13383,182.0
1753617578951,11:59:38.951,phemex,AERGO/USDT:USDT,0.13374,182.0,0.13373,1744.0,0.1338,765.0,0.13383,182.0
1753617583264,11:59:43.264,phemex,AERGO/USDT:USDT,0.13374,182.0,0.13373,1744.0,0.13379,185.0,0.1338,765.0
1753617583738,11:59:43.738,phemex,AERGO/USDT:USDT,0.13374,182.0,0.13373,1744.0,0.1338,765.0,0.13383,182.0
1753617583778,11:59:43.778,phemex,AERGO/USDT:USDT,0.13374,182.0,0.13373,1744.0,0.1338,765.0,0.13383,182.0
1753617585477,11:59:45.477,phemex,AERGO/USDT:USDT,0.13374,182.0,0.13373,1744.0,0.1338,595.0,0.13383,182.0
1753617586269,11:59:46.269,phemex,AERGO/USDT:USDT,0.13374,182.0,0.13373,1744.0,0.13382,938.0,0.13385,1004.0
1753617586321,11:59:46.321,phemex,AERGO/USDT:USDT,0.13374,182.0,0.13373,1744.0,0.13385,1004.0,0.13387,916.0
1753617586335,11:59:46.335,phemex,AERGO/USDT:USDT,0.13374,182.0,0.13373,1744.0,0.13385,1004.0,0.13387,916.0
1753617586788,11:59:46.788,phemex,AERGO/USDT:USDT,0.13374,182.0,0.13373,1744.0,0.13385,1938.0,0.13387,916.0
1753617586796,11:59:46.796,phemex,AERGO/USDT:USDT,0.13374,182.0,0.13373,1744.0,0.13385,1938.0,0.13387,916.0
1753617588011,11:59:48.011,phemex,AERGO/USDT:USDT,0.13374,182.0,0.13373,1744.0,0.13385,1938.0,0.13387,916.0
1753617588060,11:59:48.060,phemex,AERGO/USDT:USDT,0.13374,182.0,0.13373,1744.0,0.13385,1938.0,0.13387,916.0
1753617588076,11:59:48.076,phemex,AERGO/USDT:USDT,0.13374,182.0,0.13373,1744.0,0.13385,1938.0,0.13387,916.0
1753617588604,11:59:48.604,phemex,AERGO/USDT:USDT,0.13374,182.0,0.13373,1744.0,0.13385,1938.0,0.13387,916.0
1753617590279,11:59:50.279,phemex,AERGO/USDT:USDT,0.13374,182.0,0.13373,1744.0,0.13385,1938.0,0.13387,916.0
1753617590396,11:59:50.396,phemex,AERGO/USDT:USDT,0.13374,182.0,0.13373,1744.0,0.13384,185.0,0.13385,1938.0
1753617590460,11:59:50.460,phemex,AERGO/USDT:USDT,0.13374,182.0,0.13373,1744.0,0.13384,185.0,0.13385,1938.0
1753617591301,11:59:51.301,phemex,AERGO/USDT:USDT,0.13374,182.0,0.13373,1744.0,0.13384,185.0,0.13385,1938.0
1753617591349,11:59:51.349,phemex,AERGO/USDT:USDT,0.13374,182.0,0.13373,1744.0,0.13384,185.0,0.13385,1938.0
1753617591738,11:59:51.738,phemex,AERGO/USDT:USDT,0.13379,1117.0,0.13377,1560.0,0.13384,185.0,0.13385,1938.0
1753617591750,11:59:51.750,phemex,AERGO/USDT:USDT,0.1338,185.0,0.13379,1117.0,0.13384,185.0,0.13385,1938.0
1753617591793,11:59:51.793,phemex,AERGO/USDT:USDT,0.1338,185.0,0.13379,1117.0,0.13385,1938.0,0.13386,185.0
1753617592245,11:59:52.245,phemex,AERGO/USDT:USDT,0.1338,185.0,0.13379,1117.0,0.13384,186.0,0.13386,1064.0
1753617592294,11:59:52.294,phemex,AERGO/USDT:USDT,0.1338,185.0,0.13379,1117.0,0.13384,186.0,0.13386,1064.0
1753617592796,11:59:52.796,phemex,AERGO/USDT:USDT,0.1338,185.0,0.13379,1117.0,0.13384,186.0,0.13386,1064.0
1753617592851,11:59:52.851,phemex,AERGO/USDT:USDT,0.1338,185.0,0.13379,1117.0,0.13386,1064.0,0.13387,1968.0
1753617592886,11:59:52.886,phemex,AERGO/USDT:USDT,0.1338,185.0,0.13379,1117.0,0.13385,186.0,0.13386,879.0
1753617594110,11:59:54.110,phemex,AERGO/USDT:USDT,0.1338,185.0,0.13379,1117.0,0.13385,186.0,0.13386,879.0
1753617594897,11:59:54.897,phemex,AERGO/USDT:USDT,0.1338,185.0,0.13379,1117.0,0.13385,186.0,0.13386,879.0
1753617594910,11:59:54.910,phemex,AERGO/USDT:USDT,0.1338,185.0,0.13379,1117.0,0.13388,1015.0,0.1339,185.0
1753617594961,11:59:54.961,phemex,AERGO/USDT:USDT,0.1338,185.0,0.13379,1117.0,0.13387,186.0,0.13388,1015.0
1753617594977,11:59:54.977,phemex,AERGO/USDT:USDT,0.1338,185.0,0.13379,1117.0,0.13387,186.0,0.13388,1015.0
1753617596770,11:59:56.770,phemex,AERGO/USDT:USDT,0.13383,803.0,0.13382,641.0,0.13387,186.0,0.13388,1015.0
1753617596787,11:59:56.787,phemex,AERGO/USDT:USDT,0.13384,186.0,0.13383,803.0,0.13387,186.0,0.13388,1015.0
1753617596826,11:59:56.826,phemex,AERGO/USDT:USDT,0.13384,186.0,0.13383,803.0,0.13387,186.0,0.13388,1015.0
1753617596939,11:59:56.939,phemex,AERGO/USDT:USDT,0.13384,186.0,0.13383,803.0,0.13387,186.0,0.13388,1015.0
1753617598389,11:59:58.389,phemex,AERGO/USDT:USDT,0.13384,186.0,0.13383,803.0,0.13387,186.0,0.13388,1015.0
1753617598459,11:59:58.459,phemex,AERGO/USDT:USDT,0.13384,186.0,0.13383,803.0,0.13387,186.0,0.13388,1015.0
1753617598597,11:59:58.597,phemex,AERGO/USDT:USDT,0.13384,186.0,0.13383,803.0,0.13388,1015.0,0.13389,1079.0
1753617599043,11:59:59.043,phemex,AERGO/USDT:USDT,0.13384,186.0,0.13383,803.0,0.13388,1015.0,0.13389,893.0
1753617599168,11:59:59.168,phemex,AERGO/USDT:USDT,0.13384,186.0,0.13383,803.0,0.13388,1015.0,0.13389,893.0
1753617599168,11:59:59.168,phemex,AERGO/USDT:USDT,0.13384,186.0,0.13383,803.0,0.13388,1015.0,0.13389,893.0
1753617599199,11:59:59.199,phemex,AERGO/USDT:USDT,0.13384,186.0,0.13383,803.0,0.13388,1015.0,0.13389,893.0
1753617599811,11:59:59.811,phemex,AERGO/USDT:USDT,0.13384,186.0,0.13383,803.0,0.13388,1015.0,0.13389,893.0
1753617599865,11:59:59.865,phemex,AERGO/USDT:USDT,0.13384,186.0,0.13383,803.0,0.13389,893.0,0.1339,1829.0
1753617599884,11:59:59.884,phemex,AERGO/USDT:USDT,0.13384,186.0,0.13383,803.0,0.13388,186.0,0.13389,893.0
1753617601233,12:00:01.233,phemex,AERGO/USDT:USDT,0.13384,186.0,0.13383,803.0,0.13388,186.0,0.13389,893.0
1753617601255,12:00:01.255,phemex,AERGO/USDT:USDT,0.13384,186.0,0.13383,803.0,0.13388,186.0,0.13389,893.0
1753617601348,12:00:01.348,phemex,AERGO/USDT:USDT,0.13384,186.0,0.13383,803.0,0.13388,186.0,0.13389,893.0
1753617601359,12:00:01.359,phemex,AERGO/USDT:USDT,0.13384,186.0,0.13383,803.0,0.13388,186.0,0.13389,893.0
1753617601410,12:00:01.410,phemex,AERGO/USDT:USDT,0.13384,186.0,0.13383,803.0,0.13388,186.0,0.13389,893.0
1753617601514,12:00:01.514,phemex,AERGO/USDT:USDT,0.13384,186.0,0.13383,803.0,0.13388,186.0,0.13389,893.0
1753617601555,12:00:01.555,phemex,AERGO/USDT:USDT,0.13384,186.0,0.13383,803.0,0.13388,186.0,0.13389,893.0
1753617601612,12:00:01.612,phemex,AERGO/USDT:USDT,0.13384,186.0,0.13383,803.0,0.13388,186.0,0.13389,893.0
1753617601660,12:00:01.660,phemex,AERGO/USDT:USDT,0.13384,186.0,0.13383,803.0,0.13388,186.0,0.13389,893.0
1753617602505,12:00:02.505,phemex,AERGO/USDT:USDT,0.13383,803.0,0.13382,827.0,0.13388,186.0,0.13389,893.0
1753617602662,12:00:02.662,phemex,AERGO/USDT:USDT,0.13384,182.0,0.13383,803.0,0.13388,186.0,0.13389,893.0
1753617602784,12:00:02.784,phemex,AERGO/USDT:USDT,0.13384,182.0,0.13382,186.0,0.13388,186.0,0.13389,893.0
1753617603061,12:00:03.061,phemex,AERGO/USDT:USDT,0.13382,186.0,0.13381,633.0,0.13388,186.0,0.13389,893.0
1753617603322,12:00:03.322,phemex,AERGO/USDT:USDT,0.13381,633.0,0.1338,185.0,0.13388,186.0,0.13389,893.0
1753617603351,12:00:03.351,phemex,AERGO/USDT:USDT,0.1338,185.0,0.13379,1749.0,0.13388,186.0,0.13389,893.0
1753617603393,12:00:03.393,phemex,AERGO/USDT:USDT,0.1338,185.0,0.13379,1749.0,0.13388,186.0,0.13389,893.0
1753617603457,12:00:03.457,phemex,AERGO/USDT:USDT,0.1338,185.0,0.13379,1749.0,0.13385,1794.0,0.13387,1934.0
1753617603547,12:00:03.547,phemex,AERGO/USDT:USDT,0.1338,185.0,0.13379,1749.0,0.13385,1794.0,0.13387,1934.0
1753617603609,12:00:03.609,phemex,AERGO/USDT:USDT,0.13382,182.0,0.1338,185.0,0.13385,1794.0,0.13387,1934.0
1753617603836,12:00:03.836,phemex,AERGO/USDT:USDT,0.13382,182.0,0.1338,185.0,0.13384,182.0,0.13385,1794.0
1753617604127,12:00:04.127,phemex,AERGO/USDT:USDT,0.1338,185.0,0.13379,1749.0,0.13384,182.0,0.13385,1794.0
1753617604368,12:00:04.368,phemex,AERGO/USDT:USDT,0.1338,185.0,0.13379,1749.0,0.13384,182.0,0.13385,1794.0
1753617605192,12:00:05.192,phemex,AERGO/USDT:USDT,0.1338,185.0,0.13379,1749.0,0.13384,182.0,0.13385,1794.0
1753617605229,12:00:05.229,phemex,AERGO/USDT:USDT,0.1338,185.0,0.13379,1749.0,0.13384,182.0,0.13385,1794.0
1753617605512,12:00:05.512,phemex,AERGO/USDT:USDT,0.13379,2653.0,0.13378,1023.0,0.13384,182.0,0.13385,1794.0
1753617605546,12:00:05.546,phemex,AERGO/USDT:USDT,0.13379,2653.0,0.13378,838.0,0.13384,182.0,0.13385,1794.0
1753617605652,12:00:05.652,phemex,AERGO/USDT:USDT,0.13377,182.0,0.13376,933.0,0.13384,182.0,0.13385,1794.0
1753617605795,12:00:05.795,phemex,AERGO/USDT:USDT,0.13376,933.0,0.13374,182.0,0.13384,182.0,0.13385,1794.0
1753617606019,12:00:06.019,phemex,AERGO/USDT:USDT,0.13376,933.0,0.13374,182.0,0.13384,182.0,0.13385,1794.0
1753617606028,12:00:06.028,phemex,AERGO/USDT:USDT,0.13376,933.0,0.13374,182.0,0.13384,182.0,0.13385,1794.0
1753617606255,12:00:06.255,phemex,AERGO/USDT:USDT,0.13377,182.0,0.13376,933.0,0.13384,182.0,0.13385,1794.0
1753617607634,12:00:07.634,phemex,AERGO/USDT:USDT,0.13377,182.0,0.13376,933.0,0.13384,182.0,0.13385,1794.0
1753617608151,12:00:08.151,phemex,AERGO/USDT:USDT,0.13376,933.0,0.13372,182.0,0.13384,182.0,0.13385,1794.0
1753617608204,12:00:08.204,phemex,AERGO/USDT:USDT,0.13377,182.0,0.13376,933.0,0.13384,182.0,0.13385,1794.0
1753617608416,12:00:08.416,phemex,AERGO/USDT:USDT,0.13376,933.0,0.13372,182.0,0.13384,182.0,0.13385,1794.0
1753617608448,12:00:08.448,phemex,AERGO/USDT:USDT,0.13376,933.0,0.13372,182.0,0.13384,182.0,0.13385,1794.0
1753617608657,12:00:08.657,phemex,AERGO/USDT:USDT,0.13377,182.0,0.13376,933.0,0.1338,910.0,0.13383,1012.0
1753617608681,12:00:08.681,phemex,AERGO/USDT:USDT,0.13377,182.0,0.13376,933.0,0.13379,182.0,0.1338,910.0
1753617608700,12:00:08.700,phemex,AERGO/USDT:USDT,0.13377,182.0,0.13376,933.0,0.13379,182.0,0.1338,910.0
1753617608715,12:00:08.715,phemex,AERGO/USDT:USDT,0.13372,1624.0,0.13371,755.0,0.13379,182.0,0.1338,910.0
1753617608739,12:00:08.739,phemex,AERGO/USDT:USDT,0.13373,182.0,0.13372,1442.0,0.13379,182.0,0.1338,910.0
1753617608758,12:00:08.758,phemex,AERGO/USDT:USDT,0.13373,182.0,0.13372,1442.0,0.13379,182.0,0.1338,910.0
1753617610240,12:00:10.240,phemex,AERGO/USDT:USDT,0.13373,182.0,0.13372,1442.0,0.13379,182.0,0.1338,910.0
1753617610291,12:00:10.291,phemex,AERGO/USDT:USDT,0.13373,182.0,0.13372,1442.0,0.13379,182.0,0.1338,910.0
1753617610952,12:00:10.952,phemex,AERGO/USDT:USDT,0.13373,182.0,0.13372,816.0,0.13379,182.0,0.1338,910.0
1753617610952,12:00:10.952,phemex,AERGO/USDT:USDT,0.13373,182.0,0.13372,816.0,0.13379,182.0,0.1338,910.0
1753617612017,12:00:12.017,phemex,AERGO/USDT:USDT,0.13373,182.0,0.13372,816.0,0.13379,182.0,0.1338,910.0
1753617613049,12:00:13.049,phemex,AERGO/USDT:USDT,0.13373,182.0,0.13372,816.0,0.13379,182.0,0.1338,910.0
1753617613096,12:00:13.096,phemex,AERGO/USDT:USDT,0.13373,182.0,0.13372,816.0,0.13379,182.0,0.1338,910.0
1753617613195,12:00:13.195,phemex,AERGO/USDT:USDT,0.13373,182.0,0.13372,816.0,0.13379,182.0,0.1338,910.0
1753617614142,12:00:14.142,phemex,AERGO/USDT:USDT,0.13373,182.0,0.13372,816.0,0.13377,1083.0,0.13379,1149.0
1753617614212,12:00:14.212,phemex,AERGO/USDT:USDT,0.13371,755.0,0.1337,1206.0,0.13376,183.0,0.13377,1083.0
1753617614240,12:00:14.240,phemex,AERGO/USDT:USDT,0.13372,183.0,0.13371,755.0,0.13376,183.0,0.13377,1083.0
1753617615599,12:00:15.599,phemex,AERGO/USDT:USDT,0.13372,183.0,0.13371,755.0,0.13376,183.0,0.13377,1083.0
1753617615633,12:00:15.633,phemex,AERGO/USDT:USDT,0.13372,183.0,0.13371,755.0,0.13376,183.0,0.13377,1083.0
1753617616011,12:00:16.011,phemex,AERGO/USDT:USDT,0.13372,183.0,0.13371,755.0,0.13376,183.0,0.13377,1083.0
1753617616013,12:00:16.013,phemex,AERGO/USDT:USDT,0.1337,1206.0,0.13367,187.0,0.13376,183.0,0.13377,1083.0
1753617616069,12:00:16.069,phemex,AERGO/USDT:USDT,0.13371,183.0,0.1337,1024.0,0.13376,183.0,0.13377,1083.0
1753617616090,12:00:16.090,phemex,AERGO/USDT:USDT,0.13371,183.0,0.1337,1024.0,0.13376,183.0,0.13377,1083.0
1753617618282,12:00:18.282,phemex,AERGO/USDT:USDT,0.13371,183.0,0.1337,1024.0,0.13376,183.0,0.13377,1083.0
1753617618322,12:00:18.322,phemex,AERGO/USDT:USDT,0.13371,183.0,0.1337,1024.0,0.13376,183.0,0.13377,1083.0
1753617619916,12:00:19.916,phemex,AERGO/USDT:USDT,0.13371,183.0,0.1337,1024.0,0.13374,1000.0,0.13375,694.0
1753617619990,12:00:19.990,phemex,AERGO/USDT:USDT,0.13368,961.0,0.13365,1150.0,0.13373,183.0,0.13374,1000.0
1753617620014,12:00:20.014,phemex,AERGO/USDT:USDT,0.13369,183.0,0.13368,961.0,0.13373,183.0,0.13374,1000.0
1753617620075,12:00:20.075,phemex,AERGO/USDT:USDT,0.13369,183.0,0.13368,961.0,0.13373,183.0,0.13374,1000.0
1753617621044,12:00:21.044,phemex,AERGO/USDT:USDT,0.13367,1091.0,0.13365,1150.0,0.13373,183.0,0.13374,1000.0
1753617621106,12:00:21.106,phemex,AERGO/USDT:USDT,0.13368,183.0,0.13367,908.0,0.13373,183.0,0.13374,1000.0
1753617621164,12:00:21.164,phemex,AERGO/USDT:USDT,0.13365,182.0,0.13363,1802.0,0.13373,183.0,0.13374,1000.0
1753617621198,12:00:21.198,phemex,AERGO/USDT:USDT,0.13365,182.0,0.13363,1802.0,0.13373,183.0,0.13374,1000.0
1753617621411,12:00:21.411,phemex,AERGO/USDT:USDT,0.13365,182.0,0.13363,1802.0,0.13373,183.0,0.13374,1000.0
1753617621427,12:00:21.427,phemex,AERGO/USDT:USDT,0.13365,182.0,0.13363,1802.0,0.13373,183.0,0.13374,1000.0
1753617621456,12:00:21.456,phemex,AERGO/USDT:USDT,0.13365,182.0,0.13363,1802.0,0.13373,183.0,0.13374,1000.0
1753617621522,12:00:21.522,phemex,AERGO/USDT:USDT,0.13365,182.0,0.13363,1802.0,0.13373,183.0,0.13374,1000.0
1753617625010,12:00:25.010,phemex,AERGO/USDT:USDT,0.13365,182.0,0.13363,1802.0,0.13367,827.0,0.13368,752.0
1753617625032,12:00:25.032,phemex,AERGO/USDT:USDT,0.13365,182.0,0.13363,1802.0,0.13367,827.0,0.13368,752.0
1753617625075,12:00:25.075,phemex,AERGO/USDT:USDT,0.13365,182.0,0.13363,1802.0,0.13367,827.0,0.13368,752.0
1753617625077,12:00:25.077,phemex,AERGO/USDT:USDT,0.13363,1802.0,0.13361,1640.0,0.13367,827.0,0.13368,752.0
1753617625115,12:00:25.115,phemex,AERGO/USDT:USDT,0.13364,188.0,0.13363,1619.0,0.13367,827.0,0.13368,752.0
1753617626157,12:00:26.157,phemex,AERGO/USDT:USDT,0.13363,655.0,0.13361,1640.0,0.13367,188.0,0.13368,752.0
1753617626196,12:00:26.196,phemex,AERGO/USDT:USDT,0.13364,188.0,0.13361,1640.0,0.13367,376.0,0.13368,752.0
1753617626304,12:00:26.304,phemex,AERGO/USDT:USDT,0.13364,188.0,0.13361,1640.0,0.13367,376.0,0.13368,752.0
1753617626539,12:00:26.539,phemex,AERGO/USDT:USDT,0.13364,188.0,0.13361,1640.0,0.13367,376.0,0.13368,752.0
1753617627307,12:00:27.307,phemex,AERGO/USDT:USDT,0.13364,188.0,0.13361,1640.0,0.13367,188.0,0.13368,752.0
1753617627333,12:00:27.333,phemex,AERGO/USDT:USDT,0.13364,188.0,0.13361,1640.0,0.13367,188.0,0.13368,752.0
1753617627667,12:00:27.667,phemex,AERGO/USDT:USDT,0.13364,188.0,0.13361,1640.0,0.13368,752.0,0.13371,188.0
1753617628658,12:00:28.658,phemex,AERGO/USDT:USDT,0.13364,188.0,0.13361,1640.0,0.1337,956.0,0.13371,642.0
1753617628728,12:00:28.728,phemex,AERGO/USDT:USDT,0.13364,188.0,0.13361,1640.0,0.1337,956.0,0.13371,642.0
1753617628781,12:00:28.781,phemex,AERGO/USDT:USDT,0.13364,188.0,0.13361,1640.0,0.1337,956.0,0.13371,642.0
1753617629207,12:00:29.207,phemex,AERGO/USDT:USDT,0.13364,188.0,0.13361,1640.0,0.1337,956.0,0.13371,642.0
1753617629235,12:00:29.235,phemex,AERGO/USDT:USDT,0.13364,188.0,0.13361,1640.0,0.1337,956.0,0.13371,642.0
1753617629275,12:00:29.275,phemex,AERGO/USDT:USDT,0.13364,188.0,0.13361,1640.0,0.1337,956.0,0.13371,642.0
1753617629308,12:00:29.308,phemex,AERGO/USDT:USDT,0.13364,188.0,0.13361,1640.0,0.1337,956.0,0.13371,642.0
1753617629308,12:00:29.308,phemex,AERGO/USDT:USDT,0.13364,188.0,0.13361,1640.0,0.1337,956.0,0.13371,642.0
1753617630016,12:00:30.016,phemex,AERGO/USDT:USDT,0.13364,188.0,0.13361,1640.0,0.1337,956.0,0.13371,642.0
1753617630061,12:00:30.061,phemex,AERGO/USDT:USDT,0.13364,188.0,0.13361,1640.0,0.1337,956.0,0.13371,642.0
1753617631172,12:00:31.172,phemex,AERGO/USDT:USDT,0.13367,670.0,0.13365,690.0,0.1337,956.0,0.13371,642.0
1753617631199,12:00:31.199,phemex,AERGO/USDT:USDT,0.13368,188.0,0.13367,670.0,0.1337,956.0,0.13371,642.0
1753617631243,12:00:31.243,phemex,AERGO/USDT:USDT,0.13368,188.0,0.13367,670.0,0.1337,956.0,0.13371,642.0
1753617631872,12:00:31.872,phemex,AERGO/USDT:USDT,0.13368,188.0,0.13367,670.0,0.1337,956.0,0.13371,642.0
1753617631893,12:00:31.893,phemex,AERGO/USDT:USDT,0.13368,188.0,0.13367,670.0,0.1337,956.0,0.13371,642.0
1753617632552,12:00:32.552,phemex,AERGO/USDT:USDT,0.13368,188.0,0.13367,670.0,0.1337,956.0,0.13371,642.0
1753617632613,12:00:32.613,phemex,AERGO/USDT:USDT,0.13367,670.0,0.13366,188.0,0.1337,956.0,0.13371,642.0
1753617632713,12:00:32.713,phemex,AERGO/USDT:USDT,0.13368,184.0,0.13367,670.0,0.1337,956.0,0.13371,642.0
1753617632803,12:00:32.803,phemex,AERGO/USDT:USDT,0.13367,670.0,0.13366,188.0,0.1337,956.0,0.13371,642.0
1753617632838,12:00:32.838,phemex,AERGO/USDT:USDT,0.13367,670.0,0.13366,188.0,0.1337,956.0,0.13371,642.0
1753617632878,12:00:32.878,phemex,AERGO/USDT:USDT,0.13368,184.0,0.13367,670.0,0.1337,956.0,0.13371,642.0
1753617633040,12:00:33.040,phemex,AERGO/USDT:USDT,0.13367,670.0,0.13366,188.0,0.1337,956.0,0.13371,642.0
1753617633095,12:00:33.095,phemex,AERGO/USDT:USDT,0.13367,670.0,0.13366,188.0,0.1337,956.0,0.13371,642.0
1753617633221,12:00:33.221,phemex,AERGO/USDT:USDT,0.13368,184.0,0.13367,670.0,0.1337,956.0,0.13371,642.0
1753617634570,12:00:34.570,phemex,AERGO/USDT:USDT,0.13367,670.0,0.13366,188.0,0.1337,956.0,0.13371,642.0
1753617634623,12:00:34.623,phemex,AERGO/USDT:USDT,0.13367,670.0,0.13366,188.0,0.1337,956.0,0.13371,642.0
1753617634629,12:00:34.629,phemex,AERGO/USDT:USDT,0.13368,184.0,0.13367,670.0,0.1337,956.0,0.13371,642.0
1753617634762,12:00:34.762,phemex,AERGO/USDT:USDT,0.13368,184.0,0.13367,670.0,0.13371,642.0,0.13373,183.0
1753617636011,12:00:36.011,phemex,AERGO/USDT:USDT,0.13368,184.0,0.13367,670.0,0.13371,642.0,0.13373,183.0
1753617638341,12:00:38.341,phemex,AERGO/USDT:USDT,0.13367,670.0,0.13366,188.0,0.13371,642.0,0.13373,183.0
1753617638348,12:00:38.348,phemex,AERGO/USDT:USDT,0.13367,670.0,0.13366,188.0,0.13371,642.0,0.13373,183.0
1753617638462,12:00:38.462,phemex,AERGO/USDT:USDT,0.13367,670.0,0.13366,188.0,0.13371,642.0,0.13373,183.0
1753617638492,12:00:38.492,phemex,AERGO/USDT:USDT,0.13367,670.0,0.13366,188.0,0.13371,642.0,0.13373,183.0
1753617640334,12:00:40.334,phemex,AERGO/USDT:USDT,0.13367,670.0,0.13366,188.0,0.13371,642.0,0.13373,183.0
1753617640344,12:00:40.344,phemex,AERGO/USDT:USDT,0.13367,670.0,0.13366,188.0,0.13371,642.0,0.13373,183.0
1753617643140,12:00:43.140,phemex,AERGO/USDT:USDT,0.13367,670.0,0.13366,188.0,0.13371,161.0,0.13373,183.0
1753617643186,12:00:43.186,phemex,AERGO/USDT:USDT,0.13367,670.0,0.13366,188.0,0.13371,346.0,0.13373,183.0
1753617643191,12:00:43.191,phemex,AERGO/USDT:USDT,0.13367,670.0,0.13366,188.0,0.13371,161.0,0.13373,183.0
1753617643351,12:00:43.351,phemex,AERGO/USDT:USDT,0.13367,670.0,0.13366,188.0,0.13371,346.0,0.13373,183.0
1753617643359,12:00:43.359,phemex,AERGO/USDT:USDT,0.13367,670.0,0.13366,188.0,0.13371,161.0,0.13373,183.0
1753617643508,12:00:43.508,phemex,AERGO/USDT:USDT,0.13367,670.0,0.13366,188.0,0.13371,346.0,0.13373,183.0
1753617643514,12:00:43.514,phemex,AERGO/USDT:USDT,0.13367,670.0,0.13366,188.0,0.13371,161.0,0.13373,183.0
1753617643673,12:00:43.673,phemex,AERGO/USDT:USDT,0.13367,670.0,0.13366,188.0,0.13371,161.0,0.13373,183.0
1753617643826,12:00:43.826,phemex,AERGO/USDT:USDT,0.13367,670.0,0.13366,188.0,0.13371,161.0,0.13373,183.0
1753617643990,12:00:43.990,phemex,AERGO/USDT:USDT,0.13367,670.0,0.13366,188.0,0.13371,346.0,0.13373,183.0
1753617643995,12:00:43.995,phemex,AERGO/USDT:USDT,0.13367,670.0,0.13366,188.0,0.13371,161.0,0.13373,183.0
1753617644162,12:00:44.162,phemex,AERGO/USDT:USDT,0.13367,670.0,0.13366,188.0,0.13371,161.0,0.13373,183.0
1753617644315,12:00:44.315,phemex,AERGO/USDT:USDT,0.13367,670.0,0.13366,188.0,0.13371,161.0,0.13373,183.0
1753617644464,12:00:44.464,phemex,AERGO/USDT:USDT,0.13367,670.0,0.13366,188.0,0.13371,346.0,0.13373,183.0
1753617644470,12:00:44.470,phemex,AERGO/USDT:USDT,0.13367,670.0,0.13366,188.0,0.13371,161.0,0.13373,183.0
1753617644629,12:00:44.629,phemex,AERGO/USDT:USDT,0.13367,670.0,0.13366,188.0,0.13371,161.0,0.13373,183.0
1753617644788,12:00:44.788,phemex,AERGO/USDT:USDT,0.13367,670.0,0.13366,188.0,0.13371,161.0,0.13373,183.0
1753617644937,12:00:44.937,phemex,AERGO/USDT:USDT,0.13367,670.0,0.13366,188.0,0.13371,161.0,0.13373,183.0
1753617645095,12:00:45.095,phemex,AERGO/USDT:USDT,0.13367,670.0,0.13366,188.0,0.13371,161.0,0.13373,183.0
1753617645256,12:00:45.256,phemex,AERGO/USDT:USDT,0.13367,670.0,0.13366,188.0,0.13371,161.0,0.13373,183.0
1753617645414,12:00:45.414,phemex,AERGO/USDT:USDT,0.13367,670.0,0.13366,188.0,0.13371,346.0,0.13373,183.0
1753617645428,12:00:45.428,phemex,AERGO/USDT:USDT,0.13367,670.0,0.13365,690.0,0.13371,161.0,0.13373,183.0
1753617645471,12:00:45.471,phemex,AERGO/USDT:USDT,0.13367,670.0,0.13365,690.0,0.13371,161.0,0.13373,183.0
1753617645496,12:00:45.496,phemex,AERGO/USDT:USDT,0.13364,1060.0,0.13362,622.0,0.13368,914.0,0.13371,1040.0
1753617645520,12:00:45.520,phemex,AERGO/USDT:USDT,0.13364,872.0,0.13362,622.0,0.13368,914.0,0.1337,185.0
1753617645536,12:00:45.536,phemex,AERGO/USDT:USDT,0.13364,872.0,0.13362,622.0,0.13368,914.0,0.1337,185.0
1753617645634,12:00:45.634,phemex,AERGO/USDT:USDT,0.13364,872.0,0.13362,622.0,0.13368,914.0,0.1337,185.0
1753617645899,12:00:45.899,phemex,AERGO/USDT:USDT,0.13364,872.0,0.13362,622.0,0.13368,914.0,0.1337,185.0
1753617646024,12:00:46.024,phemex,AERGO/USDT:USDT,0.13364,872.0,0.13362,622.0,0.13368,914.0,0.1337,185.0
1753617650014,12:00:50.014,phemex,AERGO/USDT:USDT,0.13364,569.0,0.13362,622.0,0.13368,914.0,0.1337,185.0
1753617651061,12:00:51.061,phemex,AERGO/USDT:USDT,0.13364,569.0,0.13362,622.0,0.13368,914.0,0.1337,873.0
1753617651076,12:00:51.076,phemex,AERGO/USDT:USDT,0.13365,821.0,0.13364,888.0,0.13368,914.0,0.1337,873.0
1753617651092,12:00:51.092,phemex,AERGO/USDT:USDT,0.13365,821.0,0.13364,888.0,0.13368,914.0,0.1337,873.0
1753617654018,12:00:54.018,phemex,AERGO/USDT:USDT,0.13365,821.0,0.13364,888.0,0.13368,914.0,0.1337,873.0
1753617654798,12:00:54.798,phemex,AERGO/USDT:USDT,0.13366,184.0,0.13365,821.0,0.13368,914.0,0.1337,873.0
1753617654835,12:00:54.835,phemex,AERGO/USDT:USDT,0.13365,821.0,0.13364,888.0,0.13368,914.0,0.1337,873.0
1753617654963,12:00:54.963,phemex,AERGO/USDT:USDT,0.13366,184.0,0.13365,821.0,0.13368,914.0,0.1337,873.0
1753617655050,12:00:55.050,phemex,AERGO/USDT:USDT,0.13365,821.0,0.13364,888.0,0.13368,914.0,0.1337,873.0
1753617655786,12:00:55.786,phemex,AERGO/USDT:USDT,0.13366,184.0,0.13365,821.0,0.13368,914.0,0.1337,873.0
1753617656197,12:00:56.197,phemex,AERGO/USDT:USDT,0.13363,791.0,0.13361,1179.0,0.13368,914.0,0.1337,873.0
1753617656222,12:00:56.222,phemex,AERGO/USDT:USDT,0.13364,184.0,0.13363,791.0,0.13368,914.0,0.1337,873.0
1753617656247,12:00:56.247,phemex,AERGO/USDT:USDT,0.13364,184.0,0.13363,606.0,0.13368,914.0,0.1337,873.0
1753617656433,12:00:56.433,phemex,AERGO/USDT:USDT,0.13364,184.0,0.13363,606.0,0.13368,824.0,0.1337,873.0
1753617656927,12:00:56.927,phemex,AERGO/USDT:USDT,0.13363,606.0,0.13361,1179.0,0.13368,824.0,0.1337,873.0
1753617656947,12:00:56.947,phemex,AERGO/USDT:USDT,0.13363,606.0,0.13361,1179.0,0.13368,824.0,0.1337,873.0
1753617657148,12:00:57.148,phemex,AERGO/USDT:USDT,0.13364,184.0,0.13363,606.0,0.13368,824.0,0.1337,873.0
1753617657439,12:00:57.439,phemex,AERGO/USDT:USDT,0.13364,184.0,0.13363,606.0,0.13368,824.0,0.1337,688.0
1753617660204,12:01:00.204,phemex,AERGO/USDT:USDT,0.13364,184.0,0.13362,872.0,0.13368,824.0,0.1337,872.0
1753617660248,12:01:00.248,phemex,AERGO/USDT:USDT,0.13364,184.0,0.13362,872.0,0.13368,824.0,0.1337,872.0
1753617660960,12:01:00.960,phemex,AERGO/USDT:USDT,0.13364,184.0,0.13362,872.0,0.13368,824.0,0.1337,872.0
1753617661013,12:01:01.013,phemex,AERGO/USDT:USDT,0.13364,184.0,0.13362,872.0,0.13368,824.0,0.1337,688.0
1753617661151,12:01:01.151,phemex,AERGO/USDT:USDT,0.13364,184.0,0.13362,872.0,0.13368,824.0,0.1337,688.0
1753617662347,12:01:02.347,phemex,AERGO/USDT:USDT,0.13364,184.0,0.13362,872.0,0.13368,824.0,0.1337,688.0
1753617662403,12:01:02.403,phemex,AERGO/USDT:USDT,0.13364,184.0,0.13362,872.0,0.13368,1663.0,0.1337,688.0
1753617662413,12:01:02.413,phemex,AERGO/USDT:USDT,0.13364,184.0,0.13362,872.0,0.13365,785.0,0.13368,1663.0
1753617663649,12:01:03.649,phemex,AERGO/USDT:USDT,0.13364,184.0,0.13362,872.0,0.13368,1663.0,0.1337,875.0
1753617663805,12:01:03.805,phemex,AERGO/USDT:USDT,0.13364,184.0,0.13362,872.0,0.13368,1921.0,0.1337,875.0
1753617663831,12:01:03.831,phemex,AERGO/USDT:USDT,0.13364,184.0,0.13362,872.0,0.13368,1921.0,0.1337,875.0
1753617664460,12:01:04.460,phemex,AERGO/USDT:USDT,0.13364,184.0,0.13362,872.0,0.1337,949.0,0.13372,940.0
1753617664945,12:01:04.945,phemex,AERGO/USDT:USDT,0.13364,184.0,0.13362,872.0,0.1337,1872.0,0.13372,940.0
1753617665078,12:01:05.078,phemex,AERGO/USDT:USDT,0.13364,184.0,0.13362,872.0,0.1337,1872.0,0.13372,940.0
1753617665113,12:01:05.113,phemex,AERGO/USDT:USDT,0.13364,184.0,0.13362,872.0,0.1337,1872.0,0.13372,940.0
1753617665800,12:01:05.800,phemex,AERGO/USDT:USDT,0.13364,184.0,0.13362,872.0,0.1337,1872.0,0.13372,940.0
1753617665821,12:01:05.821,phemex,AERGO/USDT:USDT,0.13364,184.0,0.13362,872.0,0.1337,1872.0,0.13372,940.0
1753617666012,12:01:06.012,phemex,AERGO/USDT:USDT,0.13364,184.0,0.13362,872.0,0.1337,1872.0,0.13372,940.0
1753617666669,12:01:06.669,phemex,AERGO/USDT:USDT,0.13364,184.0,0.13362,872.0,0.13372,940.0,0.13373,183.0
1753617666751,12:01:06.751,phemex,AERGO/USDT:USDT,0.13364,184.0,0.13362,872.0,0.13372,940.0,0.13373,183.0
1753617666899,12:01:06.899,phemex,AERGO/USDT:USDT,0.13364,184.0,0.13362,872.0,0.13372,940.0,0.13373,183.0
1753617667723,12:01:07.723,phemex,AERGO/USDT:USDT,0.13364,184.0,0.13362,872.0,0.13372,940.0,0.13373,183.0
1753617667770,12:01:07.770,phemex,AERGO/USDT:USDT,0.13364,184.0,0.13362,872.0,0.13372,940.0,0.13373,183.0
1753617670058,12:01:10.058,phemex,AERGO/USDT:USDT,0.13364,184.0,0.13362,872.0,0.1337,642.0,0.13371,829.0
1753617670457,12:01:10.457,phemex,AERGO/USDT:USDT,0.13364,184.0,0.13362,872.0,0.1337,642.0,0.13371,829.0
1753617670493,12:01:10.493,phemex,AERGO/USDT:USDT,0.13364,184.0,0.13362,872.0,0.1337,642.0,0.13371,829.0
1753617670804,12:01:10.804,phemex,AERGO/USDT:USDT,0.13364,184.0,0.13362,872.0,0.1337,642.0,0.13371,829.0
1753617670816,12:01:10.816,phemex,AERGO/USDT:USDT,0.13364,184.0,0.13362,872.0,0.1337,642.0,0.13371,829.0
1753617670910,12:01:10.910,phemex,AERGO/USDT:USDT,0.13364,184.0,0.13362,872.0,0.13372,803.0,0.13373,183.0
1753617670937,12:01:10.937,phemex,AERGO/USDT:USDT,0.13364,184.0,0.13362,872.0,0.13372,803.0,0.13373,183.0
1753617671749,12:01:11.749,phemex,AERGO/USDT:USDT,0.13364,184.0,0.13362,872.0,0.13372,803.0,0.13376,183.0
1753617672019,12:01:12.019,phemex,AERGO/USDT:USDT,0.13364,184.0,0.13362,872.0,0.13372,803.0,0.13376,183.0
1753617672092,12:01:12.092,phemex,AERGO/USDT:USDT,0.13364,184.0,0.13362,872.0,0.13372,803.0,0.13376,183.0
1753617673210,12:01:13.210,phemex,AERGO/USDT:USDT,0.13364,184.0,0.13362,872.0,0.13372,803.0,0.13376,183.0
1753617673228,12:01:13.228,phemex,AERGO/USDT:USDT,0.13364,184.0,0.13362,872.0,0.13372,803.0,0.13376,183.0
1753617675324,12:01:15.324,phemex,AERGO/USDT:USDT,0.13364,184.0,0.13362,872.0,0.13376,183.0,0.1338,2888.0
1753617675877,12:01:15.877,phemex,AERGO/USDT:USDT,0.13364,184.0,0.13362,872.0,0.13376,183.0,0.1338,2888.0
1753617676908,12:01:16.908,phemex,AERGO/USDT:USDT,0.13364,184.0,0.13362,872.0,0.1337,895.0,0.13371,850.0
1753617676921,12:01:16.921,phemex,AERGO/USDT:USDT,0.13364,184.0,0.13362,872.0,0.1337,895.0,0.13371,850.0
1753617676985,12:01:16.985,phemex,AERGO/USDT:USDT,0.13364,184.0,0.13362,872.0,0.1337,895.0,0.13371,850.0
1753617678834,12:01:18.834,phemex,AERGO/USDT:USDT,0.13364,184.0,0.13362,872.0,0.1337,895.0,0.13371,850.0
1753617678957,12:01:18.957,phemex,AERGO/USDT:USDT,0.13364,184.0,0.13362,872.0,0.1337,895.0,0.13371,850.0
1753617681519,12:01:21.519,phemex,AERGO/USDT:USDT,0.13364,184.0,0.13362,872.0,0.13371,850.0,0.13372,186.0
1753617687587,12:01:27.587,phemex,AERGO/USDT:USDT,0.13364,184.0,0.13362,872.0,0.13371,850.0,0.13373,868.0
1753617687734,12:01:27.734,phemex,AERGO/USDT:USDT,0.13364,184.0,0.13362,872.0,0.13371,850.0,0.13373,868.0
1753617689027,12:01:29.027,phemex,AERGO/USDT:USDT,0.13364,184.0,0.13362,872.0,0.1337,186.0,0.13371,850.0
1753617689102,12:01:29.102,phemex,AERGO/USDT:USDT,0.13364,184.0,0.13362,872.0,0.13367,830.0,0.13369,1058.0
1753617689130,12:01:29.130,phemex,AERGO/USDT:USDT,0.13364,184.0,0.13362,872.0,0.13367,830.0,0.13369,1058.0
1753617689130,12:01:29.130,phemex,AERGO/USDT:USDT,0.13364,184.0,0.13362,872.0,0.13367,830.0,0.13369,1058.0
1753617689705,12:01:29.705,phemex,AERGO/USDT:USDT,0.13364,184.0,0.13362,872.0,0.13367,330.0,0.13369,1058.0
1753617689808,12:01:29.808,phemex,AERGO/USDT:USDT,0.13364,184.0,0.13362,872.0,0.1337,1030.0,0.13371,850.0
1753617689833,12:01:29.833,phemex,AERGO/USDT:USDT,0.13364,184.0,0.13362,872.0,0.1337,1030.0,0.13371,850.0
1753617691421,12:01:31.421,phemex,AERGO/USDT:USDT,0.13364,184.0,0.13362,872.0,0.1337,1030.0,0.13371,850.0
1753617691716,12:01:31.716,phemex,AERGO/USDT:USDT,0.13364,184.0,0.13362,872.0,0.13371,850.0,0.13372,777.0
1753617691716,12:01:31.716,phemex,AERGO/USDT:USDT,0.13364,184.0,0.13362,872.0,0.13371,850.0,0.13372,777.0
1753617691836,12:01:31.836,phemex,AERGO/USDT:USDT,0.13364,184.0,0.13362,872.0,0.13373,1048.0,0.13374,186.0
1753617691836,12:01:31.836,phemex,AERGO/USDT:USDT,0.13364,184.0,0.13362,872.0,0.13373,1048.0,0.13374,186.0
1753617691885,12:01:31.885,phemex,AERGO/USDT:USDT,0.13364,184.0,0.13362,872.0,0.13373,1048.0,0.13374,186.0
1753617691904,12:01:31.904,phemex,AERGO/USDT:USDT,0.13364,184.0,0.13362,872.0,0.13373,1048.0,0.13374,186.0
1753617692088,12:01:32.088,phemex,AERGO/USDT:USDT,0.13364,184.0,0.13362,872.0,0.13373,2026.0,0.13374,186.0
1753617692123,12:01:32.123,phemex,AERGO/USDT:USDT,0.13364,184.0,0.13362,872.0,0.13373,2026.0,0.13374,186.0
1753617692195,12:01:32.195,phemex,AERGO/USDT:USDT,0.13364,184.0,0.13362,872.0,0.13374,186.0,0.13376,1228.0
1753617692207,12:01:32.207,phemex,AERGO/USDT:USDT,0.13364,184.0,0.13362,872.0,0.13374,186.0,0.13376,1228.0
1753617692319,12:01:32.319,phemex,AERGO/USDT:USDT,0.13364,184.0,0.13362,872.0,0.13376,1228.0,0.13378,1639.0
1753617692400,12:01:32.400,phemex,AERGO/USDT:USDT,0.13364,184.0,0.13362,872.0,0.13376,183.0,0.13378,1639.0
1753617692537,12:01:32.537,phemex,AERGO/USDT:USDT,0.13364,184.0,0.13362,872.0,0.13378,1639.0,0.1338,187.0
1753617692711,12:01:32.711,phemex,AERGO/USDT:USDT,0.13364,184.0,0.13362,872.0,0.13378,1639.0,0.1338,187.0
1753617692848,12:01:32.848,phemex,AERGO/USDT:USDT,0.13364,184.0,0.13362,872.0,0.13378,1639.0,0.1338,187.0
1753617692912,12:01:32.912,phemex,AERGO/USDT:USDT,0.13364,184.0,0.13362,872.0,0.13378,1639.0,0.1338,187.0
1753617693856,12:01:33.856,phemex,AERGO/USDT:USDT,0.13364,184.0,0.13362,872.0,0.13377,186.0,0.13378,1639.0
1753617693917,12:01:33.917,phemex,AERGO/USDT:USDT,0.13364,184.0,0.13362,872.0,0.13378,1639.0,0.1338,187.0
1753617693946,12:01:33.946,phemex,AERGO/USDT:USDT,0.13364,184.0,0.13362,872.0,0.13378,1639.0,0.1338,187.0
1753617694220,12:01:34.220,phemex,AERGO/USDT:USDT,0.13374,1596.0,0.13371,1760.0,0.13378,1639.0,0.1338,187.0
1753617694253,12:01:34.253,phemex,AERGO/USDT:USDT,0.13375,186.0,0.13374,1596.0,0.13378,1639.0,0.1338,187.0
1753617694268,12:01:34.268,phemex,AERGO/USDT:USDT,0.13375,186.0,0.13374,1596.0,0.13378,1639.0,0.1338,187.0
1753617695046,12:01:35.046,phemex,AERGO/USDT:USDT,0.13375,186.0,0.13374,1596.0,0.1338,1268.0,0.13381,1887.0
1753617695074,12:01:35.074,phemex,AERGO/USDT:USDT,0.13375,186.0,0.13374,1596.0,0.1338,1268.0,0.13381,1887.0
1753617695078,12:01:35.078,phemex,AERGO/USDT:USDT,0.13375,186.0,0.13374,1596.0,0.13379,186.0,0.1338,1081.0
1753617695477,12:01:35.477,phemex,AERGO/USDT:USDT,0.13375,186.0,0.13374,1596.0,0.13379,186.0,0.1338,1081.0
1753617696024,12:01:36.024,phemex,AERGO/USDT:USDT,0.13375,186.0,0.13374,1596.0,0.13379,186.0,0.1338,1081.0
1753617696547,12:01:36.547,phemex,AERGO/USDT:USDT,0.13375,186.0,0.13374,1596.0,0.13379,186.0,0.1338,1081.0
1753617697166,12:01:37.166,phemex,AERGO/USDT:USDT,0.13374,1596.0,0.13373,186.0,0.13379,186.0,0.1338,1081.0
1753617697320,12:01:37.320,phemex,AERGO/USDT:USDT,0.13375,186.0,0.13374,1596.0,0.13379,186.0,0.1338,1081.0
1753617698574,12:01:38.574,phemex,AERGO/USDT:USDT,0.13375,186.0,0.13374,1596.0,0.13381,1887.0,0.13384,182.0
1753617698732,12:01:38.732,phemex,AERGO/USDT:USDT,0.13375,186.0,0.13374,1596.0,0.1338,186.0,0.13381,1887.0
1753617698889,12:01:38.889,phemex,AERGO/USDT:USDT,0.13375,186.0,0.13374,1596.0,0.13381,1887.0,0.13384,182.0
1753617698900,12:01:38.900,phemex,AERGO/USDT:USDT,0.13375,186.0,0.13374,1596.0,0.13381,1887.0,0.13384,182.0
1753617699060,12:01:39.060,phemex,AERGO/USDT:USDT,0.13375,186.0,0.13374,1596.0,0.13381,1887.0,0.13384,182.0
1753617699089,12:01:39.089,phemex,AERGO/USDT:USDT,0.13375,186.0,0.13374,1596.0,0.13381,1887.0,0.13384,182.0
1753617699141,12:01:39.141,phemex,AERGO/USDT:USDT,0.13375,186.0,0.13374,1596.0,0.13381,1887.0,0.13384,182.0
1753617699201,12:01:39.201,phemex,AERGO/USDT:USDT,0.13375,186.0,0.13374,1596.0,0.13381,1887.0,0.13384,182.0
1753617699239,12:01:39.239,phemex,AERGO/USDT:USDT,0.13375,186.0,0.13374,1596.0,0.13381,1887.0,0.13384,182.0
1753617699321,12:01:39.321,phemex,AERGO/USDT:USDT,0.13375,186.0,0.13374,1596.0,0.13381,1887.0,0.13384,182.0
1753617699520,12:01:39.520,phemex,AERGO/USDT:USDT,0.13375,186.0,0.13374,1596.0,0.13381,1887.0,0.13384,182.0
1753617699529,12:01:39.529,phemex,AERGO/USDT:USDT,0.13375,186.0,0.13374,1596.0,0.13381,1887.0,0.13384,182.0
1753617699671,12:01:39.671,phemex,AERGO/USDT:USDT,0.13375,186.0,0.13374,1596.0,0.13381,1887.0,0.13384,182.0
1753617699773,12:01:39.773,phemex,AERGO/USDT:USDT,0.13375,186.0,0.13374,1596.0,0.13384,182.0,0.13385,687.0
1753617699791,12:01:39.791,phemex,AERGO/USDT:USDT,0.13375,186.0,0.13374,1596.0,0.13384,902.0,0.13385,1508.0
1753617699893,12:01:39.893,phemex,AERGO/USDT:USDT,0.13375,186.0,0.13374,1596.0,0.13384,902.0,0.13385,1508.0
1753617700015,12:01:40.015,phemex,AERGO/USDT:USDT,0.13375,186.0,0.13374,1596.0,0.13384,720.0,0.13385,1508.0
1753617701514,12:01:41.514,phemex,AERGO/USDT:USDT,0.13375,186.0,0.13374,1596.0,0.13384,720.0,0.13385,1508.0
1753617701522,12:01:41.522,phemex,AERGO/USDT:USDT,0.13375,186.0,0.13374,1596.0,0.13384,720.0,0.13385,1508.0
1753617702012,12:01:42.012,phemex,AERGO/USDT:USDT,0.13375,186.0,0.13374,1596.0,0.13384,720.0,0.13385,1508.0
1753617704250,12:01:44.250,phemex,AERGO/USDT:USDT,0.13375,186.0,0.13374,1596.0,0.13384,720.0,0.13385,1508.0
1753617704371,12:01:44.371,phemex,AERGO/USDT:USDT,0.13375,186.0,0.13374,1596.0,0.13384,720.0,0.13385,1508.0
1753617705049,12:01:45.049,phemex,AERGO/USDT:USDT,0.13375,186.0,0.13374,1596.0,0.13384,522.0,0.13385,1508.0
1753617705425,12:01:45.425,phemex,AERGO/USDT:USDT,0.13375,186.0,0.13374,1596.0,0.13383,189.0,0.13384,522.0
1753617705759,12:01:45.759,phemex,AERGO/USDT:USDT,0.13377,816.0,0.13375,967.0,0.13384,522.0,0.13385,607.0
1753617705774,12:01:45.774,phemex,AERGO/USDT:USDT,0.13378,189.0,0.13377,816.0,0.13384,522.0,0.13385,607.0
1753617705806,12:01:45.806,phemex,AERGO/USDT:USDT,0.13378,189.0,0.13377,816.0,0.13383,189.0,0.13384,522.0
1753617706757,12:01:46.757,phemex,AERGO/USDT:USDT,0.13378,189.0,0.13377,816.0,0.13384,522.0,0.13385,607.0
1753617706781,12:01:46.781,phemex,AERGO/USDT:USDT,0.13378,189.0,0.13377,816.0,0.13383,189.0,0.13384,522.0
1753617706803,12:01:46.803,phemex,AERGO/USDT:USDT,0.13378,189.0,0.13377,816.0,0.13384,522.0,0.13385,607.0
1753617706854,12:01:46.854,phemex,AERGO/USDT:USDT,0.13378,189.0,0.13377,816.0,0.13383,189.0,0.13384,522.0
1753617708018,12:01:48.018,phemex,AERGO/USDT:USDT,0.13378,189.0,0.13377,816.0,0.13383,189.0,0.13384,522.0
1753617708088,12:01:48.088,phemex,AERGO/USDT:USDT,0.13378,189.0,0.13377,816.0,0.13383,189.0,0.13384,522.0
1753617712899,12:01:52.899,phemex,AERGO/USDT:USDT,0.13378,189.0,0.13377,816.0,0.13384,522.0,0.13385,607.0
1753617713014,12:01:53.014,phemex,AERGO/USDT:USDT,0.13378,189.0,0.13377,816.0,0.13384,522.0,0.13385,607.0
1753617713091,12:01:53.091,phemex,AERGO/USDT:USDT,0.13378,189.0,0.13377,816.0,0.13383,182.0,0.13384,522.0
1753617714019,12:01:54.019,phemex,AERGO/USDT:USDT,0.13378,189.0,0.13377,816.0,0.13383,182.0,0.13384,522.0
1753617714025,12:01:54.025,phemex,AERGO/USDT:USDT,0.13378,189.0,0.13377,816.0,0.13383,182.0,0.13384,522.0
1753617714747,12:01:54.747,phemex,AERGO/USDT:USDT,0.13378,189.0,0.13377,816.0,0.13383,182.0,0.13384,522.0
1753617714774,12:01:54.774,phemex,AERGO/USDT:USDT,0.13378,189.0,0.13377,816.0,0.13383,182.0,0.13384,522.0
1753617715533,12:01:55.533,phemex,AERGO/USDT:USDT,0.13378,189.0,0.13377,816.0,0.13384,522.0,0.13385,607.0
1753617715563,12:01:55.563,phemex,AERGO/USDT:USDT,0.13378,189.0,0.13377,816.0,0.13384,522.0,0.13385,607.0
1753617715663,12:01:55.663,phemex,AERGO/USDT:USDT,0.13378,189.0,0.13377,816.0,0.13383,182.0,0.13384,522.0
1753617719271,12:01:59.271,phemex,AERGO/USDT:USDT,0.13378,189.0,0.13377,816.0,0.13384,522.0,0.13385,607.0
1753617719321,12:01:59.321,phemex,AERGO/USDT:USDT,0.13378,189.0,0.13377,816.0,0.13383,182.0,0.13384,522.0
1753617719894,12:01:59.894,phemex,AERGO/USDT:USDT,0.13378,189.0,0.13377,816.0,0.13384,522.0,0.13385,607.0
1753617719932,12:01:59.932,phemex,AERGO/USDT:USDT,0.13378,189.0,0.13377,816.0,0.13383,182.0,0.13384,522.0
1753617720031,12:02:00.031,phemex,AERGO/USDT:USDT,0.13378,189.0,0.13377,816.0,0.13384,522.0,0.13385,607.0
1753617720050,12:02:00.050,phemex,AERGO/USDT:USDT,0.13378,189.0,0.13377,816.0,0.13384,522.0,0.13385,607.0
1753617720065,12:02:00.065,phemex,AERGO/USDT:USDT,0.13378,189.0,0.13377,816.0,0.13384,522.0,0.13385,607.0
1753617720083,12:02:00.083,phemex,AERGO/USDT:USDT,0.13378,189.0,0.13377,816.0,0.13384,522.0,0.13385,607.0
1753617720102,12:02:00.102,phemex,AERGO/USDT:USDT,0.13378,189.0,0.13377,816.0,0.13384,522.0,0.13385,607.0
1753617720146,12:02:00.146,phemex,AERGO/USDT:USDT,0.13378,189.0,0.13377,816.0,0.13384,522.0,0.13385,607.0
1753617720186,12:02:00.186,phemex,AERGO/USDT:USDT,0.13378,189.0,0.13377,816.0,0.13384,522.0,0.13385,607.0
1753617720201,12:02:00.201,phemex,AERGO/USDT:USDT,0.13378,189.0,0.13377,816.0,0.13384,522.0,0.13385,607.0
1753617720229,12:02:00.229,phemex,AERGO/USDT:USDT,0.13378,189.0,0.13377,816.0,0.13384,522.0,0.13385,607.0
1753617720407,12:02:00.407,phemex,AERGO/USDT:USDT,0.13378,189.0,0.13377,816.0,0.13381,1044.0,0.13384,522.0
1753617720409,12:02:00.409,phemex,AERGO/USDT:USDT,0.13378,189.0,0.13377,816.0,0.13381,1044.0,0.13384,648.0
1753617720428,12:02:00.428,phemex,AERGO/USDT:USDT,0.13378,189.0,0.13377,816.0,0.13381,1044.0,0.13384,648.0
1753617720484,12:02:00.484,phemex,AERGO/USDT:USDT,0.13377,816.0,0.13375,781.0,0.13381,1044.0,0.13384,648.0
1753617720527,12:02:00.527,phemex,AERGO/USDT:USDT,0.13377,816.0,0.13375,781.0,0.13381,1044.0,0.13383,182.0
1753617720617,12:02:00.617,phemex,AERGO/USDT:USDT,0.13377,816.0,0.13375,781.0,0.13381,1044.0,0.13383,182.0
1753617720640,12:02:00.640,phemex,AERGO/USDT:USDT,0.13377,816.0,0.13375,781.0,0.13381,1044.0,0.13383,182.0
1753617720672,12:02:00.672,phemex,AERGO/USDT:USDT,0.13377,816.0,0.13376,182.0,0.13381,1044.0,0.13383,182.0
1753617720760,12:02:00.760,phemex,AERGO/USDT:USDT,0.13378,182.0,0.13377,816.0,0.13381,1044.0,0.13383,182.0
1753617720786,12:02:00.786,phemex,AERGO/USDT:USDT,0.13378,182.0,0.13377,816.0,0.1338,182.0,0.13381,1044.0
1753617720997,12:02:00.997,phemex,AERGO/USDT:USDT,0.13377,816.0,0.13376,182.0,0.1338,182.0,0.13381,1044.0
1753617721687,12:02:01.687,phemex,AERGO/USDT:USDT,0.13377,816.0,0.13376,182.0,0.1338,182.0,0.13381,1044.0
1753617722360,12:02:02.360,phemex,AERGO/USDT:USDT,0.13377,816.0,0.13376,182.0,0.1338,182.0,0.13381,1044.0
1753617722469,12:02:02.469,phemex,AERGO/USDT:USDT,0.13377,816.0,0.13376,182.0,0.1338,182.0,0.13381,1044.0
