timestamp,time,exchange,symbol,bid1_price,bid1_volume,bid2_price,bid2_volume,ask1_price,ask1_volume,ask2_price,ask2_volume
1753617160052,11:52:40.052,huobi,ACT/USDT:USDT,0.04586,124.0,0.04585,1607.0,0.04633,993.0,0.04634,5600.0
1753617164233,11:52:44.233,huobi,ACT/USDT:USDT,0.04586,124.0,0.04585,1607.0,0.04633,993.0,0.04634,4731.0
1753617164393,11:52:44.393,huobi,ACT/USDT:USDT,0.04586,124.0,0.04585,993.0,0.04633,993.0,0.04634,4731.0
1753617164408,11:52:44.408,huobi,ACT/USDT:USDT,0.04586,124.0,0.04585,1709.0,0.04633,993.0,0.04634,5600.0
1753617164439,11:52:44.439,huobi,ACT/USDT:USDT,0.04586,124.0,0.04585,716.0,0.04633,993.0,0.04634,5600.0
1753617164482,11:52:44.482,huobi,ACT/USDT:USDT,0.04586,1117.0,0.04585,716.0,0.04633,993.0,0.04634,3712.0
1753617164558,11:52:44.558,huobi,ACT/USDT:USDT,0.04586,1117.0,0.04585,716.0,0.04633,993.0,0.04634,3712.0
1753617164602,11:52:44.602,huobi,ACT/USDT:USDT,0.04586,1117.0,0.04585,716.0,0.04633,993.0,0.04634,3712.0
1753617164635,11:52:44.635,huobi,ACT/USDT:USDT,0.04586,1117.0,0.04585,716.0,0.04633,993.0,0.04634,3712.0
1753617164678,11:52:44.678,huobi,ACT/USDT:USDT,0.04586,1117.0,0.04585,716.0,0.04633,993.0,0.04634,3712.0
1753617164723,11:52:44.723,huobi,ACT/USDT:USDT,0.04586,1117.0,0.04585,716.0,0.04633,993.0,0.04634,3712.0
1753617164745,11:52:44.745,huobi,ACT/USDT:USDT,0.04586,1117.0,0.04585,716.0,0.04633,993.0,0.04634,3712.0
1753617164962,11:52:44.962,huobi,ACT/USDT:USDT,0.04586,1117.0,0.04585,716.0,0.04633,993.0,0.04634,3712.0
1753617165051,11:52:45.051,huobi,ACT/USDT:USDT,0.04586,1117.0,0.04585,716.0,0.04633,993.0,0.04634,3712.0
1753617165473,11:52:45.473,huobi,ACT/USDT:USDT,0.04586,1117.0,0.04585,716.0,0.04633,993.0,0.04634,3712.0
1753617165497,11:52:45.497,huobi,ACT/USDT:USDT,0.04586,1117.0,0.04585,716.0,0.04628,993.0,0.04629,1888.0
1753617165525,11:52:45.525,huobi,ACT/USDT:USDT,0.04586,1117.0,0.04585,716.0,0.04628,993.0,0.04633,993.0
1753617165605,11:52:45.605,huobi,ACT/USDT:USDT,0.04586,1117.0,0.04585,716.0,0.04634,3712.0,0.04666,573.0
1753617166646,11:52:46.646,huobi,ACT/USDT:USDT,0.04586,1117.0,0.04585,716.0,0.04628,1888.0,0.04633,993.0
1753617166660,11:52:46.660,huobi,ACT/USDT:USDT,0.04586,1117.0,0.04585,716.0,0.04627,993.0,0.04628,1888.0
1753617166686,11:52:46.686,huobi,ACT/USDT:USDT,0.04586,1117.0,0.04585,716.0,0.04627,993.0,0.04628,1888.0
1753617166748,11:52:46.748,huobi,ACT/USDT:USDT,0.04586,1117.0,0.04585,716.0,0.04627,993.0,0.04628,1888.0
1753617166798,11:52:46.798,huobi,ACT/USDT:USDT,0.04586,1117.0,0.04585,716.0,0.04627,993.0,0.04628,2757.0
1753617166809,11:52:46.809,huobi,ACT/USDT:USDT,0.04586,1117.0,0.04585,716.0,0.04627,993.0,0.04628,869.0
1753617169026,11:52:49.026,huobi,ACT/USDT:USDT,0.04586,1117.0,0.04585,716.0,0.04627,993.0,0.04628,869.0
1753617169136,11:52:49.136,huobi,ACT/USDT:USDT,0.04586,1117.0,0.04585,716.0,0.04628,869.0,0.04629,1888.0
1753617169151,11:52:49.151,huobi,ACT/USDT:USDT,0.04586,1117.0,0.04585,716.0,0.04628,1862.0,0.04629,1888.0
1753617169260,11:52:49.260,huobi,ACT/USDT:USDT,0.04586,1117.0,0.04585,716.0,0.04628,993.0,0.04629,2758.0
1753617169276,11:52:49.276,huobi,ACT/USDT:USDT,0.04586,1117.0,0.04585,716.0,0.04628,993.0,0.04629,2758.0
1753617169358,11:52:49.358,huobi,ACT/USDT:USDT,0.04586,1117.0,0.04585,716.0,0.04627,993.0,0.04628,993.0
1753617169387,11:52:49.387,huobi,ACT/USDT:USDT,0.04586,1117.0,0.04585,716.0,0.04627,993.0,0.04628,1863.0
1753617169459,11:52:49.459,huobi,ACT/USDT:USDT,0.04586,1117.0,0.04585,716.0,0.04627,993.0,0.04628,870.0
1753617170550,11:52:50.550,huobi,ACT/USDT:USDT,0.04586,1117.0,0.04585,716.0,0.04627,993.0,0.04628,870.0
1753617170561,11:52:50.561,huobi,ACT/USDT:USDT,0.04586,1117.0,0.04585,716.0,0.04628,870.0,0.04634,2843.0
1753617170656,11:52:50.656,huobi,ACT/USDT:USDT,0.04586,1117.0,0.04585,716.0,0.04628,870.0,0.04633,993.0
1753617170745,11:52:50.745,huobi,ACT/USDT:USDT,0.04586,1117.0,0.04585,716.0,0.04628,870.0,0.04633,993.0
1753617170787,11:52:50.787,huobi,ACT/USDT:USDT,0.04586,1117.0,0.04585,716.0,0.04633,993.0,0.04634,2843.0
1753617170799,11:52:50.799,huobi,ACT/USDT:USDT,0.04586,1117.0,0.04585,716.0,0.04632,870.0,0.04633,993.0
1753617170863,11:52:50.863,huobi,ACT/USDT:USDT,0.04586,1117.0,0.04585,716.0,0.04627,1888.0,0.04631,993.0
1753617170893,11:52:50.893,huobi,ACT/USDT:USDT,0.04586,1117.0,0.04585,716.0,0.04627,1888.0,0.04631,1863.0
1753617170987,11:52:50.987,huobi,ACT/USDT:USDT,0.04586,1117.0,0.04585,716.0,0.04627,1888.0,0.04631,1863.0
1753617171011,11:52:51.011,huobi,ACT/USDT:USDT,0.04586,1117.0,0.04585,716.0,0.04631,1863.0,0.04634,2843.0
1753617171058,11:52:51.058,huobi,ACT/USDT:USDT,0.04586,1117.0,0.04585,716.0,0.04631,1863.0,0.04634,2843.0
1753617171111,11:52:51.111,huobi,ACT/USDT:USDT,0.04586,1117.0,0.04585,716.0,0.04631,870.0,0.04634,2843.0
1753617171124,11:52:51.124,huobi,ACT/USDT:USDT,0.04586,1117.0,0.04585,716.0,0.04631,870.0,0.04633,993.0
1753617171176,11:52:51.176,huobi,ACT/USDT:USDT,0.04586,1117.0,0.04585,716.0,0.04633,993.0,0.04634,2843.0
1753617171198,11:52:51.198,huobi,ACT/USDT:USDT,0.04586,1117.0,0.04585,716.0,0.04633,993.0,0.04634,2843.0
1753617171231,11:52:51.231,huobi,ACT/USDT:USDT,0.04586,1117.0,0.04585,716.0,0.04633,993.0,0.04634,3712.0
1753617171245,11:52:51.245,huobi,ACT/USDT:USDT,0.04586,1117.0,0.04585,716.0,0.04633,993.0,0.04634,3712.0
1753617171345,11:52:51.345,huobi,ACT/USDT:USDT,0.04586,1117.0,0.04585,716.0,0.04634,3712.0,0.04666,573.0
1753617171368,11:52:51.368,huobi,ACT/USDT:USDT,0.04586,1117.0,0.04585,716.0,0.04633,993.0,0.04634,2843.0
1753617171481,11:52:51.481,huobi,ACT/USDT:USDT,0.04586,1117.0,0.04585,716.0,0.04633,993.0,0.04634,4729.0
1753617171486,11:52:51.486,huobi,ACT/USDT:USDT,0.04586,1117.0,0.04585,716.0,0.04633,993.0,0.04634,5598.0
1753617171588,11:52:51.588,huobi,ACT/USDT:USDT,0.04586,1117.0,0.04585,716.0,0.04633,993.0,0.04634,5598.0
1753617171625,11:52:51.625,huobi,ACT/USDT:USDT,0.04586,1117.0,0.04585,716.0,0.04633,993.0,0.04634,3712.0
1753617171636,11:52:51.636,huobi,ACT/USDT:USDT,0.04586,1117.0,0.04585,716.0,0.04633,993.0,0.04634,3712.0
1753617174827,11:52:54.827,huobi,ACT/USDT:USDT,0.04586,1117.0,0.04585,716.0,0.04633,993.0,0.04634,3712.0
1753617176388,11:52:56.388,huobi,ACT/USDT:USDT,0.04586,1117.0,0.04569,912.0,0.04633,993.0,0.04634,3712.0
1753617176413,11:52:56.413,huobi,ACT/USDT:USDT,0.04586,124.0,0.04569,912.0,0.04633,993.0,0.04634,3712.0
1753617176463,11:52:56.463,huobi,ACT/USDT:USDT,0.04586,124.0,0.04578,993.0,0.04633,993.0,0.04634,3712.0
1753617176495,11:52:56.495,huobi,ACT/USDT:USDT,0.04586,124.0,0.04578,993.0,0.04633,993.0,0.04634,3712.0
1753617176570,11:52:56.570,huobi,ACT/USDT:USDT,0.04586,124.0,0.04579,578.0,0.04633,2881.0,0.04634,3712.0
1753617176585,11:52:56.585,huobi,ACT/USDT:USDT,0.04586,124.0,0.0458,993.0,0.04633,2881.0,0.04634,3712.0
1753617176693,11:52:56.693,huobi,ACT/USDT:USDT,0.04586,124.0,0.0458,993.0,0.04633,993.0,0.04634,3712.0
1753617176717,11:52:56.717,huobi,ACT/USDT:USDT,0.04586,124.0,0.0458,993.0,0.04633,993.0,0.04634,3712.0
1753617176785,11:52:56.785,huobi,ACT/USDT:USDT,0.04586,124.0,0.04581,578.0,0.04633,993.0,0.04634,3712.0
1753617176802,11:52:56.802,huobi,ACT/USDT:USDT,0.04586,124.0,0.04581,578.0,0.04633,993.0,0.04634,3712.0
1753617176911,11:52:56.911,huobi,ACT/USDT:USDT,0.04586,124.0,0.04582,993.0,0.04633,993.0,0.04634,3712.0
1753617177300,11:52:57.300,huobi,ACT/USDT:USDT,0.04586,124.0,0.04582,993.0,0.04633,993.0,0.04634,3712.0
1753617178188,11:52:58.188,huobi,ACT/USDT:USDT,0.04586,124.0,0.04582,993.0,0.04633,993.0,0.04634,3712.0
1753617178260,11:52:58.260,huobi,ACT/USDT:USDT,0.04586,124.0,0.04583,529.0,0.04633,993.0,0.04634,3712.0
1753617178275,11:52:58.275,huobi,ACT/USDT:USDT,0.04586,124.0,0.04584,993.0,0.04633,993.0,0.04634,3712.0
1753617178339,11:52:58.339,huobi,ACT/USDT:USDT,0.04586,124.0,0.04584,993.0,0.04633,993.0,0.04634,3712.0
1753617178376,11:52:58.376,huobi,ACT/USDT:USDT,0.04586,124.0,0.04585,498.0,0.04633,993.0,0.04634,3712.0
1753617178394,11:52:58.394,huobi,ACT/USDT:USDT,0.04586,1117.0,0.04585,498.0,0.04633,993.0,0.04634,3712.0
1753617178663,11:52:58.663,huobi,ACT/USDT:USDT,0.04586,1117.0,0.04585,498.0,0.04633,993.0,0.04634,3712.0
1753617178698,11:52:58.698,huobi,ACT/USDT:USDT,0.04586,1117.0,0.04585,498.0,0.04633,993.0,0.04634,3712.0
1753617179044,11:52:59.044,huobi,ACT/USDT:USDT,0.04586,1117.0,0.04585,498.0,0.04633,993.0,0.04634,3712.0
1753617179564,11:52:59.564,huobi,ACT/USDT:USDT,0.04586,1117.0,0.04585,498.0,0.04633,993.0,0.04634,3712.0
1753617180354,11:53:00.354,huobi,ACT/USDT:USDT,0.04586,1102.0,0.04585,498.0,0.04633,993.0,0.04634,3712.0
1753617180423,11:53:00.423,huobi,ACT/USDT:USDT,0.04587,12.0,0.04586,1076.0,0.04633,993.0,0.04634,3712.0
1753617180424,11:53:00.424,huobi,ACT/USDT:USDT,0.04587,24.0,0.04586,1076.0,0.04633,993.0,0.04634,3712.0
1753617180692,11:53:00.692,huobi,ACT/USDT:USDT,0.04587,24.0,0.04586,1076.0,0.04633,993.0,0.04634,3712.0
1753617180735,11:53:00.735,huobi,ACT/USDT:USDT,0.04587,24.0,0.04586,1076.0,0.04633,993.0,0.04634,3712.0
1753617180875,11:53:00.875,huobi,ACT/USDT:USDT,0.04587,24.0,0.04586,1076.0,0.04633,993.0,0.04634,3712.0
1753617181272,11:53:01.272,huobi,ACT/USDT:USDT,0.04587,24.0,0.04586,1076.0,0.04633,993.0,0.04634,3712.0
1753617181345,11:53:01.345,huobi,ACT/USDT:USDT,0.04587,24.0,0.04586,1076.0,0.04633,993.0,0.04634,3712.0
1753617181364,11:53:01.364,huobi,ACT/USDT:USDT,0.04587,24.0,0.04586,1076.0,0.04628,1888.0,0.04633,993.0
1753617181396,11:53:01.396,huobi,ACT/USDT:USDT,0.04587,24.0,0.04586,993.0,0.04627,993.0,0.04628,1888.0
1753617181419,11:53:01.419,huobi,ACT/USDT:USDT,0.04588,83.0,0.04587,24.0,0.04627,993.0,0.04628,1888.0
1753617181489,11:53:01.489,huobi,ACT/USDT:USDT,0.04588,83.0,0.04587,1017.0,0.04627,993.0,0.04628,1888.0
1753617181543,11:53:01.543,huobi,ACT/USDT:USDT,0.04588,83.0,0.04587,1017.0,0.04627,993.0,0.04634,3712.0
1753617181623,11:53:01.623,huobi,ACT/USDT:USDT,0.04588,83.0,0.04587,1005.0,0.04627,993.0,0.04634,3712.0
1753617181628,11:53:01.628,huobi,ACT/USDT:USDT,0.04588,83.0,0.04587,993.0,0.04627,993.0,0.04634,3712.0
1753617181692,11:53:01.692,huobi,ACT/USDT:USDT,0.04588,89.0,0.04587,1473.0,0.04627,993.0,0.04634,3712.0
1753617181725,11:53:01.725,huobi,ACT/USDT:USDT,0.04588,95.0,0.04587,1473.0,0.04633,993.0,0.04634,3712.0
1753617181826,11:53:01.826,huobi,ACT/USDT:USDT,0.04588,95.0,0.04587,1473.0,0.04633,993.0,0.04634,3712.0
1753617181858,11:53:01.858,huobi,ACT/USDT:USDT,0.04588,95.0,0.04587,1473.0,0.04633,993.0,0.04634,3712.0
1753617181878,11:53:01.878,huobi,ACT/USDT:USDT,0.04588,95.0,0.04587,1473.0,0.04633,993.0,0.04634,3712.0
1753617181897,11:53:01.897,huobi,ACT/USDT:USDT,0.04588,95.0,0.04587,1473.0,0.04633,993.0,0.04634,3712.0
1753617181931,11:53:01.931,huobi,ACT/USDT:USDT,0.04588,95.0,0.04587,1473.0,0.04633,993.0,0.04634,3712.0
1753617181972,11:53:01.972,huobi,ACT/USDT:USDT,0.04588,95.0,0.04587,1473.0,0.04633,993.0,0.04634,3712.0
1753617182003,11:53:02.003,huobi,ACT/USDT:USDT,0.04588,95.0,0.04587,1473.0,0.04633,993.0,0.04634,3712.0
1753617182029,11:53:02.029,huobi,ACT/USDT:USDT,0.04588,95.0,0.04587,1473.0,0.04627,993.0,0.04628,1888.0
1753617182051,11:53:02.051,huobi,ACT/USDT:USDT,0.04588,95.0,0.04587,1473.0,0.04627,993.0,0.04628,1888.0
1753617182102,11:53:02.102,huobi,ACT/USDT:USDT,0.04588,95.0,0.04587,1473.0,0.04627,993.0,0.04628,2757.0
1753617182137,11:53:02.137,huobi,ACT/USDT:USDT,0.04588,95.0,0.04587,1473.0,0.04627,993.0,0.04628,2757.0
1753617182186,11:53:02.186,huobi,ACT/USDT:USDT,0.04588,95.0,0.04587,1473.0,0.04627,993.0,0.04628,2757.0
1753617182215,11:53:02.215,huobi,ACT/USDT:USDT,0.04588,95.0,0.04587,1473.0,0.04627,993.0,0.04628,2757.0
1753617182235,11:53:02.235,huobi,ACT/USDT:USDT,0.04588,95.0,0.04587,1473.0,0.04627,993.0,0.04628,2757.0
1753617182264,11:53:02.264,huobi,ACT/USDT:USDT,0.04588,95.0,0.04587,1473.0,0.04627,993.0,0.04628,2757.0
1753617182298,11:53:02.298,huobi,ACT/USDT:USDT,0.04588,95.0,0.04587,1473.0,0.04627,993.0,0.04628,2757.0
1753617182330,11:53:02.330,huobi,ACT/USDT:USDT,0.04588,95.0,0.04587,1473.0,0.04627,993.0,0.04628,2757.0
1753617182383,11:53:02.383,huobi,ACT/USDT:USDT,0.04588,95.0,0.04587,1473.0,0.04627,993.0,0.04628,2757.0
1753617182411,11:53:02.411,huobi,ACT/USDT:USDT,0.04588,95.0,0.04587,1473.0,0.04627,993.0,0.04628,2757.0
1753617182436,11:53:02.436,huobi,ACT/USDT:USDT,0.04588,95.0,0.04587,1473.0,0.04627,993.0,0.04628,2757.0
1753617182478,11:53:02.478,huobi,ACT/USDT:USDT,0.04588,95.0,0.04587,1473.0,0.04627,993.0,0.04628,2757.0
1753617182501,11:53:02.501,huobi,ACT/USDT:USDT,0.04588,95.0,0.04587,1473.0,0.04627,993.0,0.04628,2757.0
1753617182545,11:53:02.545,huobi,ACT/USDT:USDT,0.04588,95.0,0.04587,1473.0,0.04627,993.0,0.04628,2757.0
1753617182667,11:53:02.667,huobi,ACT/USDT:USDT,0.04588,95.0,0.04587,1473.0,0.04627,993.0,0.04628,2757.0
1753617182684,11:53:02.684,huobi,ACT/USDT:USDT,0.04588,95.0,0.04587,1473.0,0.04627,993.0,0.04628,2757.0
1753617182748,11:53:02.748,huobi,ACT/USDT:USDT,0.04588,95.0,0.04587,1473.0,0.04627,993.0,0.04628,2757.0
1753617182817,11:53:02.817,huobi,ACT/USDT:USDT,0.04588,95.0,0.04587,1473.0,0.04627,993.0,0.04628,2757.0
1753617183813,11:53:03.813,huobi,ACT/USDT:USDT,0.04588,95.0,0.04587,1473.0,0.04628,2757.0,0.04634,2843.0
1753617183836,11:53:03.836,huobi,ACT/USDT:USDT,0.04588,95.0,0.04587,1473.0,0.04628,1888.0,0.04634,2843.0
1753617183866,11:53:03.866,huobi,ACT/USDT:USDT,0.04588,95.0,0.04587,1473.0,0.04628,1888.0,0.04633,869.0
1753617183895,11:53:03.895,huobi,ACT/USDT:USDT,0.04588,95.0,0.04587,1473.0,0.04634,2843.0,0.04667,352.0
1753617183908,11:53:03.908,huobi,ACT/USDT:USDT,0.04588,95.0,0.04587,1473.0,0.04634,2843.0,0.04667,352.0
1753617184259,11:53:04.259,huobi,ACT/USDT:USDT,0.04588,95.0,0.04587,1473.0,0.04633,993.0,0.04634,2843.0
1753617184325,11:53:04.325,huobi,ACT/USDT:USDT,0.04588,95.0,0.04587,1473.0,0.04633,993.0,0.04634,3712.0
1753617185457,11:53:05.457,huobi,ACT/USDT:USDT,0.04588,95.0,0.04587,1473.0,0.04633,993.0,0.04634,3712.0
1753617185836,11:53:05.836,huobi,ACT/USDT:USDT,0.04588,89.0,0.04587,1473.0,0.04633,993.0,0.04634,3712.0
1753617185877,11:53:05.877,huobi,ACT/USDT:USDT,0.04588,83.0,0.04587,1473.0,0.04633,993.0,0.04634,3712.0
1753617185903,11:53:05.903,huobi,ACT/USDT:USDT,0.04588,98.0,0.04587,1473.0,0.04633,993.0,0.04634,3712.0
1753617185979,11:53:05.979,huobi,ACT/USDT:USDT,0.04588,124.0,0.04587,1473.0,0.04633,993.0,0.04634,3712.0
1753617189108,11:53:09.108,huobi,ACT/USDT:USDT,0.04588,124.0,0.04587,993.0,0.04633,993.0,0.04634,3712.0
1753617189132,11:53:09.132,huobi,ACT/USDT:USDT,0.04588,124.0,0.04587,466.0,0.04633,993.0,0.04634,2843.0
1753617189194,11:53:09.194,huobi,ACT/USDT:USDT,0.04588,124.0,0.04587,466.0,0.04633,993.0,0.04634,3712.0
1753617189416,11:53:09.416,huobi,ACT/USDT:USDT,0.04588,124.0,0.04587,466.0,0.04633,993.0,0.04634,3712.0
1753617189432,11:53:09.432,huobi,ACT/USDT:USDT,0.04588,124.0,0.04587,466.0,0.0463,1888.0,0.04633,993.0
1753617189493,11:53:09.493,huobi,ACT/USDT:USDT,0.04588,124.0,0.04587,466.0,0.04629,993.0,0.0463,1888.0
1753617189554,11:53:09.554,huobi,ACT/USDT:USDT,0.04588,124.0,0.04587,466.0,0.04629,993.0,0.0463,1888.0
1753617189909,11:53:09.909,huobi,ACT/USDT:USDT,0.04588,124.0,0.04587,466.0,0.04629,993.0,0.0463,1888.0
1753617190077,11:53:10.077,huobi,ACT/USDT:USDT,0.04588,124.0,0.04587,466.0,0.04629,993.0,0.0463,2757.0
1753617190097,11:53:10.097,huobi,ACT/USDT:USDT,0.04588,124.0,0.04587,466.0,0.04629,993.0,0.0463,2757.0
1753617190188,11:53:10.188,huobi,ACT/USDT:USDT,0.04588,124.0,0.04587,466.0,0.04629,993.0,0.0463,869.0
1753617190219,11:53:10.219,huobi,ACT/USDT:USDT,0.04588,124.0,0.04587,466.0,0.04629,993.0,0.0463,869.0
1753617190362,11:53:10.362,huobi,ACT/USDT:USDT,0.04588,124.0,0.04587,466.0,0.04629,993.0,0.0463,869.0
1753617190408,11:53:10.408,huobi,ACT/USDT:USDT,0.04588,124.0,0.04587,466.0,0.04629,993.0,0.0463,869.0
1753617192657,11:53:12.657,huobi,ACT/USDT:USDT,0.04588,124.0,0.04583,993.0,0.04629,993.0,0.0463,869.0
1753617192667,11:53:12.667,huobi,ACT/USDT:USDT,0.04588,124.0,0.04587,351.0,0.04629,993.0,0.0463,869.0
1753617192698,11:53:12.698,huobi,ACT/USDT:USDT,0.04588,124.0,0.04587,351.0,0.04629,993.0,0.0463,869.0
1753617192748,11:53:12.748,huobi,ACT/USDT:USDT,0.04588,124.0,0.04587,351.0,0.04629,993.0,0.0463,869.0
1753617192775,11:53:12.775,huobi,ACT/USDT:USDT,0.04588,1117.0,0.04587,351.0,0.04629,993.0,0.0463,869.0
1753617192816,11:53:12.816,huobi,ACT/USDT:USDT,0.04588,1117.0,0.04587,351.0,0.04629,993.0,0.0463,869.0
1753617192882,11:53:12.882,huobi,ACT/USDT:USDT,0.04588,1117.0,0.04587,351.0,0.04629,993.0,0.0463,869.0
1753617193094,11:53:13.094,huobi,ACT/USDT:USDT,0.04588,1117.0,0.04587,351.0,0.04629,993.0,0.0463,869.0
1753617193237,11:53:13.237,huobi,ACT/USDT:USDT,0.04588,1117.0,0.04587,351.0,0.04629,993.0,0.0463,869.0
1753617193315,11:53:13.315,huobi,ACT/USDT:USDT,0.04588,1117.0,0.04587,351.0,0.04629,993.0,0.0463,869.0
1753617195258,11:53:15.258,huobi,ACT/USDT:USDT,0.04588,1117.0,0.04587,351.0,0.04598,27.0,0.04629,993.0
1753617195274,11:53:15.274,huobi,ACT/USDT:USDT,0.04588,1117.0,0.04587,351.0,0.04628,870.0,0.04629,993.0
1753617195324,11:53:15.324,huobi,ACT/USDT:USDT,0.04588,1117.0,0.04587,351.0,0.04629,993.0,0.04634,2843.0
1753617195335,11:53:15.335,huobi,ACT/USDT:USDT,0.04588,1117.0,0.04587,351.0,0.04629,993.0,0.04634,2843.0
1753617195374,11:53:15.374,huobi,ACT/USDT:USDT,0.04588,1117.0,0.04587,351.0,0.04629,993.0,0.04634,2843.0
1753617195395,11:53:15.395,huobi,ACT/USDT:USDT,0.04588,1117.0,0.04587,351.0,0.04629,993.0,0.04633,818.0
1753617195428,11:53:15.428,huobi,ACT/USDT:USDT,0.04588,1117.0,0.04587,351.0,0.04632,993.0,0.04633,818.0
1753617195468,11:53:15.468,huobi,ACT/USDT:USDT,0.04588,1117.0,0.04587,351.0,0.04632,993.0,0.04634,3661.0
1753617195487,11:53:15.487,huobi,ACT/USDT:USDT,0.04588,1117.0,0.04587,351.0,0.04632,993.0,0.04634,3661.0
1753617195519,11:53:15.519,huobi,ACT/USDT:USDT,0.04588,1117.0,0.04587,351.0,0.04632,993.0,0.04634,3661.0
1753617195544,11:53:15.544,huobi,ACT/USDT:USDT,0.04588,1117.0,0.04587,351.0,0.04632,993.0,0.04633,818.0
1753617195582,11:53:15.582,huobi,ACT/USDT:USDT,0.04588,1117.0,0.04587,351.0,0.0463,993.0,0.04631,1896.0
1753617195615,11:53:15.615,huobi,ACT/USDT:USDT,0.04588,1117.0,0.04587,351.0,0.0463,993.0,0.04632,993.0
1753617195646,11:53:15.646,huobi,ACT/USDT:USDT,0.04588,1117.0,0.04587,351.0,0.04631,818.0,0.04632,993.0
1753617195677,11:53:15.677,huobi,ACT/USDT:USDT,0.04588,1117.0,0.04587,351.0,0.0463,993.0,0.04631,818.0
1753617195707,11:53:15.707,huobi,ACT/USDT:USDT,0.04588,1117.0,0.04587,351.0,0.0463,993.0,0.04631,818.0
1753617195749,11:53:15.749,huobi,ACT/USDT:USDT,0.04588,1117.0,0.04587,351.0,0.0463,993.0,0.04631,818.0
1753617195814,11:53:15.814,huobi,ACT/USDT:USDT,0.04588,1117.0,0.04587,351.0,0.0463,993.0,0.04631,818.0
1753617195831,11:53:15.831,huobi,ACT/USDT:USDT,0.04588,1117.0,0.04587,351.0,0.0463,993.0,0.04631,818.0
1753617195877,11:53:15.877,huobi,ACT/USDT:USDT,0.04588,1117.0,0.04587,351.0,0.0463,993.0,0.04631,818.0
1753617195918,11:53:15.918,huobi,ACT/USDT:USDT,0.04588,1117.0,0.04587,351.0,0.0463,993.0,0.04631,818.0
1753617195954,11:53:15.954,huobi,ACT/USDT:USDT,0.04588,1117.0,0.04587,351.0,0.0463,993.0,0.04631,818.0
1753617195966,11:53:15.966,huobi,ACT/USDT:USDT,0.04588,1117.0,0.04587,351.0,0.0463,993.0,0.04631,2714.0
1753617196010,11:53:16.010,huobi,ACT/USDT:USDT,0.04588,1117.0,0.04587,351.0,0.0463,993.0,0.04631,818.0
1753617196063,11:53:16.063,huobi,ACT/USDT:USDT,0.04588,1117.0,0.04587,351.0,0.0463,993.0,0.04631,818.0
1753617196089,11:53:16.089,huobi,ACT/USDT:USDT,0.04588,1117.0,0.04587,351.0,0.0463,993.0,0.04631,818.0
1753617196305,11:53:16.305,huobi,ACT/USDT:USDT,0.04588,1117.0,0.04587,351.0,0.0463,993.0,0.04631,818.0
1753617196474,11:53:16.474,huobi,ACT/USDT:USDT,0.04588,1117.0,0.04587,351.0,0.0463,993.0,0.04631,818.0
1753617197008,11:53:17.008,huobi,ACT/USDT:USDT,0.04588,1117.0,0.04587,351.0,0.0463,993.0,0.04631,818.0
1753617197032,11:53:17.032,huobi,ACT/USDT:USDT,0.04588,1117.0,0.04587,351.0,0.0463,993.0,0.04631,818.0
1753617199612,11:53:19.612,huobi,ACT/USDT:USDT,0.04588,1091.0,0.04587,351.0,0.0463,993.0,0.04631,818.0
1753617199692,11:53:19.692,huobi,ACT/USDT:USDT,0.04589,26.0,0.04588,1076.0,0.0463,993.0,0.04631,818.0
1753617200113,11:53:20.113,huobi,ACT/USDT:USDT,0.04589,26.0,0.04588,1076.0,0.0463,993.0,0.04631,818.0
1753617200182,11:53:20.182,huobi,ACT/USDT:USDT,0.04589,1.0,0.04588,1076.0,0.0463,993.0,0.04631,818.0
1753617200293,11:53:20.293,huobi,ACT/USDT:USDT,0.04589,1.0,0.04588,1076.0,0.0463,993.0,0.04631,818.0
1753617200363,11:53:20.363,huobi,ACT/USDT:USDT,0.04589,1.0,0.04588,1076.0,0.0463,993.0,0.04631,818.0
1753617200458,11:53:20.458,huobi,ACT/USDT:USDT,0.04589,2.0,0.04588,1076.0,0.0463,993.0,0.04631,818.0
1753617200535,11:53:20.535,huobi,ACT/USDT:USDT,0.04589,2.0,0.04588,1076.0,0.0463,993.0,0.04631,818.0
1753617200593,11:53:20.593,huobi,ACT/USDT:USDT,0.04589,2.0,0.04588,1076.0,0.0463,2880.0,0.04631,818.0
1753617200620,11:53:20.620,huobi,ACT/USDT:USDT,0.04589,2.0,0.04588,1076.0,0.0463,2880.0,0.04631,818.0
1753617200687,11:53:20.687,huobi,ACT/USDT:USDT,0.04589,2.0,0.04588,1076.0,0.0463,2880.0,0.04631,818.0
1753617200778,11:53:20.778,huobi,ACT/USDT:USDT,0.04589,2.0,0.04588,1076.0,0.0463,2880.0,0.04631,818.0
1753617200863,11:53:20.863,huobi,ACT/USDT:USDT,0.04589,2.0,0.04588,1076.0,0.0463,2880.0,0.04631,818.0
1753617200931,11:53:20.931,huobi,ACT/USDT:USDT,0.04589,2.0,0.04588,1076.0,0.0463,2880.0,0.04631,818.0
1753617201064,11:53:21.064,huobi,ACT/USDT:USDT,0.04589,2.0,0.04588,1076.0,0.0463,2880.0,0.04631,818.0
1753617201390,11:53:21.390,huobi,ACT/USDT:USDT,0.04589,2.0,0.04588,1076.0,0.0463,2880.0,0.04631,818.0
1753617201566,11:53:21.566,huobi,ACT/USDT:USDT,0.04589,2.0,0.04588,1076.0,0.0463,2880.0,0.04631,818.0
1753617201589,11:53:21.589,huobi,ACT/USDT:USDT,0.04589,2.0,0.04588,1076.0,0.0463,2880.0,0.04631,818.0
1753617201933,11:53:21.933,huobi,ACT/USDT:USDT,0.04589,1.0,0.04588,1076.0,0.0463,2880.0,0.04631,818.0
1753617201998,11:53:21.998,huobi,ACT/USDT:USDT,0.04589,15.0,0.04588,1076.0,0.0463,2880.0,0.04631,818.0
1753617202794,11:53:22.794,huobi,ACT/USDT:USDT,0.04589,26.0,0.04588,1076.0,0.0463,2880.0,0.04631,818.0
1753617202824,11:53:22.824,huobi,ACT/USDT:USDT,0.04588,1076.0,0.04587,351.0,0.0463,2880.0,0.04631,818.0
1753617202865,11:53:22.865,huobi,ACT/USDT:USDT,0.04589,15.0,0.04588,1076.0,0.0463,2880.0,0.04631,818.0
1753617202917,11:53:22.917,huobi,ACT/USDT:USDT,0.04589,41.0,0.04588,1076.0,0.0463,2880.0,0.04631,818.0
1753617203686,11:53:23.686,huobi,ACT/USDT:USDT,0.04589,26.0,0.04588,1076.0,0.0463,2880.0,0.04631,818.0
1753617203721,11:53:23.721,huobi,ACT/USDT:USDT,0.04588,1076.0,0.04587,351.0,0.0463,2880.0,0.04631,818.0
1753617203753,11:53:23.753,huobi,ACT/USDT:USDT,0.04589,15.0,0.04588,1076.0,0.0463,2880.0,0.04631,818.0
1753617203788,11:53:23.788,huobi,ACT/USDT:USDT,0.04589,41.0,0.04588,1076.0,0.0463,2880.0,0.04631,818.0
1753617205112,11:53:25.112,huobi,ACT/USDT:USDT,0.04589,41.0,0.04588,1076.0,0.0463,2880.0,0.04631,818.0
1753617205120,11:53:25.120,huobi,ACT/USDT:USDT,0.04589,41.0,0.04588,83.0,0.0463,2880.0,0.04631,818.0
1753617205153,11:53:25.153,huobi,ACT/USDT:USDT,0.04588,83.0,0.04587,1438.0,0.0463,2880.0,0.04631,818.0
1753617205202,11:53:25.202,huobi,ACT/USDT:USDT,0.04589,15.0,0.04588,83.0,0.0463,2880.0,0.04631,818.0
1753617205222,11:53:25.222,huobi,ACT/USDT:USDT,0.04589,41.0,0.04588,83.0,0.0463,2880.0,0.04631,818.0
1753617205350,11:53:25.350,huobi,ACT/USDT:USDT,0.04589,41.0,0.04588,83.0,0.0463,2880.0,0.04631,818.0
1753617205396,11:53:25.396,huobi,ACT/USDT:USDT,0.04589,41.0,0.04588,83.0,0.0463,993.0,0.04631,818.0
1753617205439,11:53:25.439,huobi,ACT/USDT:USDT,0.04589,41.0,0.04588,83.0,0.0463,993.0,0.04631,818.0
1753617205533,11:53:25.533,huobi,ACT/USDT:USDT,0.04589,15.0,0.04588,83.0,0.0463,993.0,0.04631,818.0
1753617205537,11:53:25.537,huobi,ACT/USDT:USDT,0.04588,83.0,0.04587,1438.0,0.0463,993.0,0.04631,818.0
1753617205602,11:53:25.602,huobi,ACT/USDT:USDT,0.04589,15.0,0.04588,83.0,0.0463,993.0,0.04631,818.0
1753617207483,11:53:27.483,huobi,ACT/USDT:USDT,0.04589,41.0,0.04588,83.0,0.0463,993.0,0.04631,818.0
1753617207554,11:53:27.554,huobi,ACT/USDT:USDT,0.04589,41.0,0.04588,83.0,0.0463,993.0,0.04631,818.0
1753617207590,11:53:27.590,huobi,ACT/USDT:USDT,0.04589,41.0,0.04588,83.0,0.0463,993.0,0.04631,818.0
1753617207629,11:53:27.629,huobi,ACT/USDT:USDT,0.04589,41.0,0.04588,83.0,0.0463,993.0,0.04631,818.0
1753617207680,11:53:27.680,huobi,ACT/USDT:USDT,0.04589,41.0,0.04588,83.0,0.0463,993.0,0.04631,818.0
1753617207697,11:53:27.697,huobi,ACT/USDT:USDT,0.04589,41.0,0.04588,83.0,0.0463,993.0,0.04631,818.0
1753617207767,11:53:27.767,huobi,ACT/USDT:USDT,0.04589,26.0,0.04588,83.0,0.0463,993.0,0.04631,818.0
1753617207858,11:53:27.858,huobi,ACT/USDT:USDT,0.04589,41.0,0.04588,83.0,0.0463,993.0,0.04631,818.0
1753617208063,11:53:28.063,huobi,ACT/USDT:USDT,0.04589,41.0,0.04588,83.0,0.0463,993.0,0.04631,818.0
1753617209728,11:53:29.728,huobi,ACT/USDT:USDT,0.04589,41.0,0.04587,1438.0,0.0463,993.0,0.04631,818.0
1753617209762,11:53:29.762,huobi,ACT/USDT:USDT,0.0459,83.0,0.04589,41.0,0.0463,993.0,0.04631,818.0
1753617209777,11:53:29.777,huobi,ACT/USDT:USDT,0.0459,83.0,0.04589,41.0,0.0463,993.0,0.04631,818.0
1753617209802,11:53:29.802,huobi,ACT/USDT:USDT,0.0459,83.0,0.04589,538.0,0.0463,993.0,0.04631,818.0
1753617209929,11:53:29.929,huobi,ACT/USDT:USDT,0.0459,1076.0,0.04589,538.0,0.0463,993.0,0.04631,818.0
1753617211074,11:53:31.074,huobi,ACT/USDT:USDT,0.0459,1076.0,0.04589,538.0,0.0463,993.0,0.04631,818.0
1753617211367,11:53:31.367,huobi,ACT/USDT:USDT,0.0459,1076.0,0.04589,538.0,0.0463,993.0,0.04631,818.0
1753617212288,11:53:32.288,huobi,ACT/USDT:USDT,0.0459,1076.0,0.04589,538.0,0.0463,993.0,0.04631,818.0
1753617212379,11:53:32.379,huobi,ACT/USDT:USDT,0.04591,1.0,0.0459,1076.0,0.0463,993.0,0.04631,818.0
1753617212409,11:53:32.409,huobi,ACT/USDT:USDT,0.04591,2.0,0.0459,1076.0,0.0463,993.0,0.04631,818.0
1753617212459,11:53:32.459,huobi,ACT/USDT:USDT,0.04591,1.0,0.0459,589.0,0.0463,993.0,0.04631,818.0
1753617212525,11:53:32.525,huobi,ACT/USDT:USDT,0.04591,2.0,0.0459,589.0,0.0463,993.0,0.04631,818.0
1753617212570,11:53:32.570,huobi,ACT/USDT:USDT,0.04591,1.0,0.0459,589.0,0.0463,993.0,0.04631,818.0
1753617212595,11:53:32.595,huobi,ACT/USDT:USDT,0.0459,589.0,0.04581,993.0,0.0463,993.0,0.04631,818.0
1753617212662,11:53:32.662,huobi,ACT/USDT:USDT,0.04591,2.0,0.0459,589.0,0.0463,993.0,0.04631,818.0
1753617212726,11:53:32.726,huobi,ACT/USDT:USDT,0.04591,1.0,0.0459,589.0,0.0463,993.0,0.04631,818.0
1753617212752,11:53:32.752,huobi,ACT/USDT:USDT,0.0459,589.0,0.04581,993.0,0.0463,993.0,0.04631,818.0
1753617212796,11:53:32.796,huobi,ACT/USDT:USDT,0.04591,1.0,0.0459,83.0,0.0463,993.0,0.04631,818.0
1753617212841,11:53:32.841,huobi,ACT/USDT:USDT,0.04591,2.0,0.04583,993.0,0.0463,993.0,0.04631,818.0
1753617212878,11:53:32.878,huobi,ACT/USDT:USDT,0.04591,1.0,0.04583,1076.0,0.0463,993.0,0.04631,818.0
1753617212899,11:53:32.899,huobi,ACT/USDT:USDT,0.04583,1076.0,0.04582,511.0,0.0463,993.0,0.04631,818.0
1753617212934,11:53:32.934,huobi,ACT/USDT:USDT,0.04584,83.0,0.04583,993.0,0.0463,993.0,0.04631,818.0
1753617212945,11:53:32.945,huobi,ACT/USDT:USDT,0.04591,1.0,0.04584,83.0,0.0463,993.0,0.04631,818.0
1753617213004,11:53:33.004,huobi,ACT/USDT:USDT,0.04591,2.0,0.04584,83.0,0.0463,993.0,0.04631,818.0
1753617213013,11:53:33.013,huobi,ACT/USDT:USDT,0.04591,1.0,0.04584,83.0,0.0463,993.0,0.04631,818.0
1753617213058,11:53:33.058,huobi,ACT/USDT:USDT,0.04584,83.0,0.04583,993.0,0.0463,993.0,0.04631,818.0
1753617213082,11:53:33.082,huobi,ACT/USDT:USDT,0.04591,1.0,0.04584,83.0,0.0463,993.0,0.04631,818.0
1753617213096,11:53:33.096,huobi,ACT/USDT:USDT,0.04591,1.0,0.04584,83.0,0.0463,993.0,0.04631,818.0
1753617213127,11:53:33.127,huobi,ACT/USDT:USDT,0.04591,1.0,0.04584,83.0,0.0463,993.0,0.04631,818.0
1753617213218,11:53:33.218,huobi,ACT/USDT:USDT,0.04591,1.0,0.04584,83.0,0.0463,993.0,0.04631,818.0
1753617213287,11:53:33.287,huobi,ACT/USDT:USDT,0.04591,1.0,0.04585,487.0,0.0463,993.0,0.04631,818.0
1753617213309,11:53:33.309,huobi,ACT/USDT:USDT,0.04591,1.0,0.04586,993.0,0.0463,993.0,0.04631,818.0
1753617213401,11:53:33.401,huobi,ACT/USDT:USDT,0.04591,2.0,0.04584,83.0,0.0463,993.0,0.04631,818.0
1753617213420,11:53:33.420,huobi,ACT/USDT:USDT,0.04591,1.0,0.04584,83.0,0.0463,993.0,0.04631,818.0
1753617213445,11:53:33.445,huobi,ACT/USDT:USDT,0.04584,83.0,0.04583,1480.0,0.0463,993.0,0.04631,818.0
1753617213457,11:53:33.457,huobi,ACT/USDT:USDT,0.04585,487.0,0.04584,83.0,0.0463,993.0,0.04631,818.0
1753617213487,11:53:33.487,huobi,ACT/USDT:USDT,0.04586,993.0,0.04584,83.0,0.0463,993.0,0.04631,818.0
1753617213533,11:53:33.533,huobi,ACT/USDT:USDT,0.04591,1.0,0.04586,993.0,0.0463,993.0,0.04631,818.0
1753617213559,11:53:33.559,huobi,ACT/USDT:USDT,0.04587,487.0,0.04586,993.0,0.0463,993.0,0.04631,818.0
1753617213585,11:53:33.585,huobi,ACT/USDT:USDT,0.04588,993.0,0.04586,993.0,0.0463,993.0,0.04631,818.0
1753617213613,11:53:33.613,huobi,ACT/USDT:USDT,0.04586,993.0,0.04585,487.0,0.0463,993.0,0.04631,818.0
1753617213645,11:53:33.645,huobi,ACT/USDT:USDT,0.04591,1.0,0.04589,83.0,0.0463,993.0,0.04631,818.0
1753617213688,11:53:33.688,huobi,ACT/USDT:USDT,0.04591,1.0,0.04589,83.0,0.0463,993.0,0.04631,818.0
1753617213753,11:53:33.753,huobi,ACT/USDT:USDT,0.04591,1.0,0.04589,83.0,0.0463,993.0,0.04631,818.0
1753617213757,11:53:33.757,huobi,ACT/USDT:USDT,0.04591,1.0,0.04589,83.0,0.0463,993.0,0.04631,818.0
1753617213789,11:53:33.789,huobi,ACT/USDT:USDT,0.04591,1.0,0.04589,83.0,0.0463,993.0,0.04631,818.0
1753617213817,11:53:33.817,huobi,ACT/USDT:USDT,0.04589,83.0,0.04588,993.0,0.0463,993.0,0.04631,818.0
1753617213863,11:53:33.863,huobi,ACT/USDT:USDT,0.04591,1.0,0.04589,83.0,0.0463,993.0,0.04631,818.0
1753617213883,11:53:33.883,huobi,ACT/USDT:USDT,0.04591,2.0,0.04589,83.0,0.0463,993.0,0.04631,818.0
1753617213924,11:53:33.924,huobi,ACT/USDT:USDT,0.04591,1.0,0.04589,83.0,0.0463,993.0,0.04631,818.0
1753617213949,11:53:33.949,huobi,ACT/USDT:USDT,0.04589,83.0,0.04588,993.0,0.0463,993.0,0.04631,818.0
1753617213984,11:53:33.984,huobi,ACT/USDT:USDT,0.04591,1.0,0.04589,83.0,0.0463,993.0,0.04631,818.0
1753617214020,11:53:34.020,huobi,ACT/USDT:USDT,0.04591,2.0,0.04589,83.0,0.0463,993.0,0.04631,818.0
1753617214035,11:53:34.035,huobi,ACT/USDT:USDT,0.04591,1.0,0.0459,400.0,0.0463,993.0,0.04631,818.0
1753617214100,11:53:34.100,huobi,ACT/USDT:USDT,0.04591,993.0,0.0459,400.0,0.0463,993.0,0.04631,818.0
1753617214122,11:53:34.122,huobi,ACT/USDT:USDT,0.04591,994.0,0.0459,400.0,0.0463,993.0,0.04631,818.0
1753617214168,11:53:34.168,huobi,ACT/USDT:USDT,0.04592,1.0,0.04591,994.0,0.0463,993.0,0.04631,818.0
1753617214218,11:53:34.218,huobi,ACT/USDT:USDT,0.04592,1.0,0.04591,994.0,0.0463,993.0,0.04631,818.0
1753617214233,11:53:34.233,huobi,ACT/USDT:USDT,0.04591,1393.0,0.04589,83.0,0.0463,993.0,0.04631,818.0
1753617214264,11:53:34.264,huobi,ACT/USDT:USDT,0.04591,993.0,0.04589,83.0,0.0463,993.0,0.04631,818.0
1753617214303,11:53:34.303,huobi,ACT/USDT:USDT,0.04592,15.0,0.04591,993.0,0.0463,993.0,0.04631,818.0
1753617214368,11:53:34.368,huobi,ACT/USDT:USDT,0.04592,15.0,0.04591,993.0,0.0463,993.0,0.04631,818.0
1753617214435,11:53:34.435,huobi,ACT/USDT:USDT,0.04592,1.0,0.04591,993.0,0.0463,993.0,0.04631,818.0
1753617214499,11:53:34.499,huobi,ACT/USDT:USDT,0.04592,1.0,0.04591,993.0,0.0463,993.0,0.04631,818.0
1753617214507,11:53:34.507,huobi,ACT/USDT:USDT,0.04591,993.0,0.0459,400.0,0.0463,993.0,0.04631,818.0
1753617214542,11:53:34.542,huobi,ACT/USDT:USDT,0.04591,993.0,0.0459,400.0,0.0463,993.0,0.04631,818.0
1753617214569,11:53:34.569,huobi,ACT/USDT:USDT,0.04592,1.0,0.04591,993.0,0.0463,993.0,0.04631,818.0
1753617214636,11:53:34.636,huobi,ACT/USDT:USDT,0.04592,1.0,0.04591,993.0,0.0463,993.0,0.04631,818.0
1753617214705,11:53:34.705,huobi,ACT/USDT:USDT,0.04592,2.0,0.04591,993.0,0.0463,993.0,0.04631,818.0
1753617214732,11:53:34.732,huobi,ACT/USDT:USDT,0.04592,1.0,0.04591,993.0,0.0463,993.0,0.04631,818.0
1753617214751,11:53:34.751,huobi,ACT/USDT:USDT,0.04592,1.0,0.04591,1393.0,0.0463,993.0,0.04631,818.0
1753617214783,11:53:34.783,huobi,ACT/USDT:USDT,0.04591,1393.0,0.04589,83.0,0.0463,993.0,0.04631,621.0
1753617214809,11:53:34.809,huobi,ACT/USDT:USDT,0.04592,15.0,0.0459,350.0,0.0463,993.0,0.04631,621.0
1753617214835,11:53:34.835,huobi,ACT/USDT:USDT,0.04592,15.0,0.04591,993.0,0.0463,993.0,0.04631,621.0
1753617214900,11:53:34.900,huobi,ACT/USDT:USDT,0.04592,41.0,0.04591,350.0,0.0463,993.0,0.04631,621.0
1753617214925,11:53:34.925,huobi,ACT/USDT:USDT,0.04592,41.0,0.04591,350.0,0.0463,993.0,0.04631,621.0
1753617214962,11:53:34.962,huobi,ACT/USDT:USDT,0.04593,83.0,0.04592,41.0,0.0463,993.0,0.04631,621.0
1753617215081,11:53:35.081,huobi,ACT/USDT:USDT,0.04593,83.0,0.04592,391.0,0.0463,993.0,0.04631,621.0
1753617215121,11:53:35.121,huobi,ACT/USDT:USDT,0.04593,1076.0,0.04592,391.0,0.0463,993.0,0.04631,621.0
1753617215231,11:53:35.231,huobi,ACT/USDT:USDT,0.04593,1076.0,0.04592,391.0,0.0463,993.0,0.04631,621.0
1753617215306,11:53:35.306,huobi,ACT/USDT:USDT,0.04593,1076.0,0.04592,391.0,0.0463,993.0,0.04631,621.0
1753617215342,11:53:35.342,huobi,ACT/USDT:USDT,0.04593,1076.0,0.04592,391.0,0.0463,993.0,0.04631,621.0
1753617216351,11:53:36.351,huobi,ACT/USDT:USDT,0.04593,1076.0,0.04592,391.0,0.0463,993.0,0.04631,621.0
1753617217646,11:53:37.646,huobi,ACT/USDT:USDT,0.04593,1076.0,0.04592,391.0,0.0463,993.0,0.04641,2838.0
1753617217724,11:53:37.724,huobi,ACT/USDT:USDT,0.04593,1076.0,0.04592,391.0,0.0463,993.0,0.04631,462.0
1753617217726,11:53:37.726,huobi,ACT/USDT:USDT,0.04593,1076.0,0.04592,391.0,0.04631,462.0,0.04641,2838.0
1753617217864,11:53:37.864,huobi,ACT/USDT:USDT,0.04593,1076.0,0.04592,391.0,0.0463,993.0,0.04631,462.0
1753617217900,11:53:37.900,huobi,ACT/USDT:USDT,0.04593,1076.0,0.04592,391.0,0.0463,993.0,0.04631,462.0
1753617218058,11:53:38.058,huobi,ACT/USDT:USDT,0.04593,1076.0,0.04592,391.0,0.0463,993.0,0.04631,462.0
1753617218249,11:53:38.249,huobi,ACT/USDT:USDT,0.04593,1076.0,0.04592,391.0,0.0463,993.0,0.04631,462.0
1753617218263,11:53:38.263,huobi,ACT/USDT:USDT,0.04593,1076.0,0.04592,391.0,0.0463,993.0,0.04631,462.0
1753617218360,11:53:38.360,huobi,ACT/USDT:USDT,0.04593,1076.0,0.04592,391.0,0.0463,993.0,0.04631,462.0
1753617218469,11:53:38.469,huobi,ACT/USDT:USDT,0.04593,1076.0,0.04592,391.0,0.0463,993.0,0.04631,462.0
1753617219801,11:53:39.801,huobi,ACT/USDT:USDT,0.04593,1076.0,0.04592,391.0,0.0463,993.0,0.04631,462.0
1753617220810,11:53:40.810,huobi,ACT/USDT:USDT,0.04593,1076.0,0.04592,391.0,0.0463,993.0,0.04631,462.0
1753617220898,11:53:40.898,huobi,ACT/USDT:USDT,0.04593,1076.0,0.04592,391.0,0.0463,993.0,0.04631,462.0
1753617221083,11:53:41.083,huobi,ACT/USDT:USDT,0.04593,1076.0,0.04592,391.0,0.0463,993.0,0.04631,462.0
1753617222283,11:53:42.283,huobi,ACT/USDT:USDT,0.04593,1076.0,0.04592,391.0,0.0463,993.0,0.04631,462.0
1753617222404,11:53:42.404,huobi,ACT/USDT:USDT,0.04593,1076.0,0.04592,391.0,0.0463,993.0,0.04631,462.0
1753617222444,11:53:42.444,huobi,ACT/USDT:USDT,0.04593,1076.0,0.04592,391.0,0.0463,993.0,0.04631,462.0
1753617222470,11:53:42.470,huobi,ACT/USDT:USDT,0.04593,1076.0,0.04592,391.0,0.0463,993.0,0.04631,462.0
1753617222491,11:53:42.491,huobi,ACT/USDT:USDT,0.04593,1076.0,0.04592,391.0,0.0463,993.0,0.04631,462.0
1753617222577,11:53:42.577,huobi,ACT/USDT:USDT,0.04593,1076.0,0.04592,391.0,0.0463,993.0,0.04631,462.0
1753617222690,11:53:42.690,huobi,ACT/USDT:USDT,0.04593,1076.0,0.04592,391.0,0.0463,993.0,0.04631,462.0
1753617222748,11:53:42.748,huobi,ACT/USDT:USDT,0.04593,1076.0,0.04592,391.0,0.0463,993.0,0.04631,462.0
1753617222757,11:53:42.757,huobi,ACT/USDT:USDT,0.04593,1076.0,0.04592,391.0,0.0463,993.0,0.04631,462.0
1753617223615,11:53:43.615,huobi,ACT/USDT:USDT,0.04593,1076.0,0.04592,391.0,0.0463,993.0,0.04631,1068.0
1753617223633,11:53:43.633,huobi,ACT/USDT:USDT,0.04593,1076.0,0.04592,391.0,0.0463,993.0,0.04631,606.0
1753617223864,11:53:43.864,huobi,ACT/USDT:USDT,0.04593,1076.0,0.04592,391.0,0.0463,993.0,0.04631,606.0
1753617223968,11:53:43.968,huobi,ACT/USDT:USDT,0.04593,1076.0,0.04592,391.0,0.0463,993.0,0.04631,606.0
1753617225763,11:53:45.763,huobi,ACT/USDT:USDT,0.04593,1076.0,0.04592,365.0,0.0463,993.0,0.04631,606.0
1753617225830,11:53:45.830,huobi,ACT/USDT:USDT,0.04594,15.0,0.04593,1076.0,0.0463,993.0,0.04631,606.0
1753617225855,11:53:45.855,huobi,ACT/USDT:USDT,0.04594,41.0,0.04593,1076.0,0.0463,993.0,0.04631,606.0
1753617225983,11:53:45.983,huobi,ACT/USDT:USDT,0.04594,41.0,0.04593,1076.0,0.0463,993.0,0.04631,606.0
1753617226097,11:53:46.097,huobi,ACT/USDT:USDT,0.04594,41.0,0.04593,1076.0,0.0463,993.0,0.04631,606.0
1753617227139,11:53:47.139,huobi,ACT/USDT:USDT,0.04594,41.0,0.04593,1076.0,0.0463,993.0,0.04631,606.0
1753617227179,11:53:47.179,huobi,ACT/USDT:USDT,0.04594,41.0,0.04593,1076.0,0.0463,993.0,0.04631,606.0
1753617227208,11:53:47.208,huobi,ACT/USDT:USDT,0.04594,41.0,0.04593,1076.0,0.0463,993.0,0.04631,606.0
1753617227247,11:53:47.247,huobi,ACT/USDT:USDT,0.04594,41.0,0.04593,1076.0,0.0463,993.0,0.04631,606.0
1753617227943,11:53:47.943,huobi,ACT/USDT:USDT,0.04594,15.0,0.04593,1076.0,0.0463,993.0,0.04631,606.0
1753617227949,11:53:47.949,huobi,ACT/USDT:USDT,0.04593,1076.0,0.04592,350.0,0.0463,993.0,0.04631,606.0
1753617228012,11:53:48.012,huobi,ACT/USDT:USDT,0.04594,26.0,0.04593,1076.0,0.0463,993.0,0.04631,606.0
1753617228386,11:53:48.386,huobi,ACT/USDT:USDT,0.04594,41.0,0.04593,1076.0,0.0463,993.0,0.04631,606.0
1753617230213,11:53:50.213,huobi,ACT/USDT:USDT,0.04594,41.0,0.04593,1076.0,0.04631,606.0,0.04641,2838.0
1753617230227,11:53:50.227,huobi,ACT/USDT:USDT,0.04594,41.0,0.04593,1076.0,0.04641,2838.0,0.04669,352.0
1753617230267,11:53:50.267,huobi,ACT/USDT:USDT,0.04594,41.0,0.04593,993.0,0.04641,2838.0,0.04669,352.0
1753617230305,11:53:50.305,huobi,ACT/USDT:USDT,0.04594,41.0,0.04593,993.0,0.04641,2838.0,0.04658,2596.0
1753617230324,11:53:50.324,huobi,ACT/USDT:USDT,0.04595,83.0,0.04594,41.0,0.04641,2838.0,0.04658,2596.0
1753617230358,11:53:50.358,huobi,ACT/USDT:USDT,0.04595,83.0,0.04594,1034.0,0.04641,2838.0,0.04649,1887.0
1753617230431,11:53:50.431,huobi,ACT/USDT:USDT,0.04595,83.0,0.04594,1034.0,0.04641,2838.0,0.04649,1887.0
1753617230432,11:53:50.432,huobi,ACT/USDT:USDT,0.04595,83.0,0.04594,1430.0,0.04641,2838.0,0.04649,1887.0
1753617230440,11:53:50.440,huobi,ACT/USDT:USDT,0.04595,83.0,0.04594,1430.0,0.04641,2838.0,0.04649,1887.0
1753617230479,11:53:50.479,huobi,ACT/USDT:USDT,0.04595,1970.0,0.04594,1430.0,0.04641,2838.0,0.04649,1887.0
1753617230510,11:53:50.510,huobi,ACT/USDT:USDT,0.04596,993.0,0.04595,1970.0,0.04641,2838.0,0.04649,1887.0
1753617230526,11:53:50.526,huobi,ACT/USDT:USDT,0.04596,993.0,0.04595,1970.0,0.04641,2838.0,0.04649,1887.0
1753617230558,11:53:50.558,huobi,ACT/USDT:USDT,0.04596,993.0,0.04595,1970.0,0.04641,2838.0,0.04649,1887.0
1753617230595,11:53:50.595,huobi,ACT/USDT:USDT,0.04596,993.0,0.04595,83.0,0.04641,2838.0,0.04649,1887.0
1753617230630,11:53:50.630,huobi,ACT/USDT:USDT,0.04596,993.0,0.04595,83.0,0.0464,993.0,0.04641,2838.0
1753617230648,11:53:50.648,huobi,ACT/USDT:USDT,0.04596,993.0,0.04595,83.0,0.0464,993.0,0.04641,3335.0
1753617230697,11:53:50.697,huobi,ACT/USDT:USDT,0.04597,41.0,0.04596,993.0,0.0464,993.0,0.04641,3335.0
1753617230713,11:53:50.713,huobi,ACT/USDT:USDT,0.04597,41.0,0.04596,1389.0,0.0464,993.0,0.04641,3335.0
1753617230818,11:53:50.818,huobi,ACT/USDT:USDT,0.04597,41.0,0.04596,1389.0,0.04641,3335.0,0.047,255.0
1753617230872,11:53:50.872,huobi,ACT/USDT:USDT,0.04597,41.0,0.04596,1389.0,0.04641,2838.0,0.047,255.0
1753617230893,11:53:50.893,huobi,ACT/USDT:USDT,0.04597,41.0,0.04596,1389.0,0.04641,2838.0,0.04699,484.0
1753617231044,11:53:51.044,huobi,ACT/USDT:USDT,0.04597,41.0,0.04596,1389.0,0.04641,2838.0,0.04679,221.0
1753617231072,11:53:51.072,huobi,ACT/USDT:USDT,0.04597,41.0,0.04596,1389.0,0.04641,2838.0,0.04679,572.0
1753617231103,11:53:51.103,huobi,ACT/USDT:USDT,0.04597,41.0,0.04596,1389.0,0.04641,2838.0,0.04678,484.0
1753617231133,11:53:51.133,huobi,ACT/USDT:USDT,0.04597,41.0,0.04596,1389.0,0.0464,993.0,0.04641,2838.0
1753617231184,11:53:51.184,huobi,ACT/USDT:USDT,0.04597,41.0,0.04596,1389.0,0.0464,993.0,0.04641,2838.0
1753617231198,11:53:51.198,huobi,ACT/USDT:USDT,0.04597,41.0,0.04596,1389.0,0.0464,993.0,0.04641,2838.0
1753617231222,11:53:51.222,huobi,ACT/USDT:USDT,0.04597,41.0,0.04596,1389.0,0.0464,993.0,0.04641,2838.0
1753617231257,11:53:51.257,huobi,ACT/USDT:USDT,0.04597,41.0,0.04596,1389.0,0.0464,993.0,0.04641,2838.0
1753617231281,11:53:51.281,huobi,ACT/USDT:USDT,0.04597,41.0,0.04596,1389.0,0.04641,2838.0,0.04679,572.0
1753617231306,11:53:51.306,huobi,ACT/USDT:USDT,0.04597,41.0,0.04596,1389.0,0.04641,2838.0,0.04679,572.0
1753617231364,11:53:51.364,huobi,ACT/USDT:USDT,0.04596,1389.0,0.04595,83.0,0.04636,1887.0,0.04641,2838.0
1753617231385,11:53:51.385,huobi,ACT/USDT:USDT,0.04597,15.0,0.04596,1389.0,0.04636,1887.0,0.04641,2838.0
1753617231413,11:53:51.413,huobi,ACT/USDT:USDT,0.04597,15.0,0.04596,993.0,0.04641,2838.0,0.04678,484.0
1753617231427,11:53:51.427,huobi,ACT/USDT:USDT,0.04597,98.0,0.04588,474.0,0.04641,2838.0,0.04678,484.0
1753617231460,11:53:51.460,huobi,ACT/USDT:USDT,0.04597,41.0,0.04587,1887.0,0.04641,2838.0,0.04678,484.0
1753617231498,11:53:51.498,huobi,ACT/USDT:USDT,0.04597,26.0,0.04589,83.0,0.04641,2838.0,0.04678,484.0
1753617231522,11:53:51.522,huobi,ACT/USDT:USDT,0.04597,26.0,0.04589,1550.0,0.04636,1884.0,0.04641,2838.0
1753617231552,11:53:51.552,huobi,ACT/USDT:USDT,0.04589,993.0,0.04588,474.0,0.04635,993.0,0.04641,2838.0
1753617231575,11:53:51.575,huobi,ACT/USDT:USDT,0.04598,83.0,0.04597,15.0,0.04635,993.0,0.04641,2838.0
1753617231629,11:53:51.629,huobi,ACT/USDT:USDT,0.04597,41.0,0.04589,993.0,0.04635,993.0,0.04641,2838.0
1753617231654,11:53:51.654,huobi,ACT/USDT:USDT,0.04597,41.0,0.0459,83.0,0.04635,993.0,0.04641,2838.0
1753617231670,11:53:51.670,huobi,ACT/USDT:USDT,0.04597,41.0,0.04589,993.0,0.04635,993.0,0.04641,2838.0
1753617231727,11:53:51.727,huobi,ACT/USDT:USDT,0.04597,41.0,0.0459,474.0,0.04635,993.0,0.04641,2838.0
1753617231768,11:53:51.768,huobi,ACT/USDT:USDT,0.04598,83.0,0.04597,41.0,0.04635,993.0,0.04641,2838.0
1753617231787,11:53:51.787,huobi,ACT/USDT:USDT,0.04598,83.0,0.04597,41.0,0.04635,993.0,0.04641,3322.0
1753617231816,11:53:51.816,huobi,ACT/USDT:USDT,0.04598,83.0,0.04597,41.0,0.04635,993.0,0.04641,2838.0
1753617231879,11:53:51.879,huobi,ACT/USDT:USDT,0.04598,83.0,0.04597,41.0,0.04635,993.0,0.04641,2838.0
1753617231905,11:53:51.905,huobi,ACT/USDT:USDT,0.04598,83.0,0.04597,41.0,0.0464,993.0,0.04641,2838.0
1753617232014,11:53:52.014,huobi,ACT/USDT:USDT,0.04598,83.0,0.04597,41.0,0.0464,993.0,0.04641,2838.0
1753617232027,11:53:52.027,huobi,ACT/USDT:USDT,0.04598,83.0,0.04597,41.0,0.0464,993.0,0.04641,2838.0
1753617232078,11:53:52.078,huobi,ACT/USDT:USDT,0.04598,83.0,0.04597,41.0,0.0464,993.0,0.04641,2838.0
1753617232132,11:53:52.132,huobi,ACT/USDT:USDT,0.04598,83.0,0.04597,41.0,0.0464,993.0,0.04641,2838.0
1753617232177,11:53:52.177,huobi,ACT/USDT:USDT,0.04598,83.0,0.04597,41.0,0.0464,993.0,0.04641,2838.0
1753617232221,11:53:52.221,huobi,ACT/USDT:USDT,0.04598,83.0,0.04597,41.0,0.0464,993.0,0.04641,3353.0
1753617232236,11:53:52.236,huobi,ACT/USDT:USDT,0.04598,83.0,0.04597,1034.0,0.0464,993.0,0.04641,3353.0
1753617232636,11:53:52.636,huobi,ACT/USDT:USDT,0.04598,83.0,0.04597,1019.0,0.0464,993.0,0.04641,3353.0
1753617232709,11:53:52.709,huobi,ACT/USDT:USDT,0.04598,98.0,0.04597,993.0,0.0464,993.0,0.04641,3353.0
1753617232719,11:53:52.719,huobi,ACT/USDT:USDT,0.04598,124.0,0.04597,993.0,0.0464,993.0,0.04641,3353.0
1753617233832,11:53:53.832,huobi,ACT/USDT:USDT,0.04598,109.0,0.04597,993.0,0.0464,993.0,0.04641,3353.0
1753617233907,11:53:53.907,huobi,ACT/USDT:USDT,0.04598,109.0,0.04597,993.0,0.0464,993.0,0.04641,3353.0
1753617233918,11:53:53.918,huobi,ACT/USDT:USDT,0.04598,124.0,0.04597,993.0,0.0464,993.0,0.04641,3353.0
1753617234941,11:53:54.941,huobi,ACT/USDT:USDT,0.04598,124.0,0.04597,993.0,0.0464,993.0,0.04641,3353.0
1753617235080,11:53:55.080,huobi,ACT/USDT:USDT,0.04598,124.0,0.04597,993.0,0.0464,993.0,0.04641,3353.0
1753617235134,11:53:55.134,huobi,ACT/USDT:USDT,0.04598,124.0,0.04597,993.0,0.0464,993.0,0.04641,3353.0
1753617235205,11:53:55.205,huobi,ACT/USDT:USDT,0.04598,124.0,0.04597,993.0,0.0464,993.0,0.04641,3353.0
1753617235426,11:53:55.426,huobi,ACT/USDT:USDT,0.04598,109.0,0.04597,993.0,0.0464,993.0,0.04641,3353.0
1753617235451,11:53:55.451,huobi,ACT/USDT:USDT,0.04598,83.0,0.04597,993.0,0.0464,993.0,0.04641,3353.0
1753617235489,11:53:55.489,huobi,ACT/USDT:USDT,0.04598,84.0,0.04597,993.0,0.0464,993.0,0.04641,3353.0
1753617235517,11:53:55.517,huobi,ACT/USDT:USDT,0.04598,85.0,0.04597,993.0,0.0464,993.0,0.04641,3353.0
1753617235565,11:53:55.565,huobi,ACT/USDT:USDT,0.04598,84.0,0.04597,993.0,0.0464,993.0,0.04641,3353.0
1753617235652,11:53:55.652,huobi,ACT/USDT:USDT,0.04598,84.0,0.04597,993.0,0.0464,993.0,0.04641,2838.0
1753617235735,11:53:55.735,huobi,ACT/USDT:USDT,0.04598,84.0,0.04597,993.0,0.0464,993.0,0.04641,2838.0
1753617235802,11:53:55.802,huobi,ACT/USDT:USDT,0.04598,84.0,0.04597,993.0,0.0464,993.0,0.04641,2838.0
1753617235811,11:53:55.811,huobi,ACT/USDT:USDT,0.04598,85.0,0.04597,993.0,0.0464,993.0,0.04641,2838.0
1753617235871,11:53:55.871,huobi,ACT/USDT:USDT,0.04598,84.0,0.04597,993.0,0.0464,993.0,0.04641,2838.0
1753617235938,11:53:55.938,huobi,ACT/USDT:USDT,0.04598,83.0,0.04597,993.0,0.0464,993.0,0.04641,2838.0
1753617236006,11:53:56.006,huobi,ACT/USDT:USDT,0.04598,85.0,0.04597,993.0,0.0464,993.0,0.04641,2838.0
1753617236016,11:53:56.016,huobi,ACT/USDT:USDT,0.04598,84.0,0.04597,993.0,0.0464,993.0,0.04641,2838.0
1753617236071,11:53:56.071,huobi,ACT/USDT:USDT,0.04598,83.0,0.04597,993.0,0.0464,993.0,0.04641,2838.0
1753617236085,11:53:56.085,huobi,ACT/USDT:USDT,0.04598,84.0,0.04597,993.0,0.0464,993.0,0.04641,2838.0
1753617236108,11:53:56.108,huobi,ACT/USDT:USDT,0.04598,84.0,0.04597,993.0,0.0464,993.0,0.04641,3523.0
1753617236136,11:53:56.136,huobi,ACT/USDT:USDT,0.04598,110.0,0.04597,993.0,0.0464,993.0,0.04641,3523.0
1753617237197,11:53:57.197,huobi,ACT/USDT:USDT,0.04598,110.0,0.04597,993.0,0.0464,993.0,0.04641,3523.0
1753617237746,11:53:57.746,huobi,ACT/USDT:USDT,0.04598,109.0,0.04597,993.0,0.0464,993.0,0.04641,3523.0
1753617237854,11:53:57.854,huobi,ACT/USDT:USDT,0.04598,110.0,0.04597,993.0,0.0464,993.0,0.04641,3523.0
1753617237925,11:53:57.925,huobi,ACT/USDT:USDT,0.04598,85.0,0.04597,993.0,0.0464,993.0,0.04641,3523.0
1753617237965,11:53:57.965,huobi,ACT/USDT:USDT,0.04598,84.0,0.04597,993.0,0.0464,993.0,0.04641,3523.0
1753617238062,11:53:58.062,huobi,ACT/USDT:USDT,0.04598,84.0,0.04597,993.0,0.0464,993.0,0.04641,3523.0
1753617238127,11:53:58.127,huobi,ACT/USDT:USDT,0.04598,84.0,0.04597,993.0,0.0464,993.0,0.04641,3523.0
1753617238149,11:53:58.149,huobi,ACT/USDT:USDT,0.04598,83.0,0.04597,993.0,0.0464,993.0,0.04641,3523.0
1753617238194,11:53:58.194,huobi,ACT/USDT:USDT,0.04598,84.0,0.04597,993.0,0.0464,993.0,0.04641,3523.0
1753617238288,11:53:58.288,huobi,ACT/USDT:USDT,0.04598,85.0,0.04597,993.0,0.0464,993.0,0.04641,3523.0
1753617238323,11:53:58.323,huobi,ACT/USDT:USDT,0.04598,84.0,0.04597,993.0,0.0464,993.0,0.04641,3523.0
1753617238389,11:53:58.389,huobi,ACT/USDT:USDT,0.04598,83.0,0.04597,993.0,0.0464,993.0,0.04641,3523.0
1753617238455,11:53:58.455,huobi,ACT/USDT:USDT,0.04598,85.0,0.04597,993.0,0.0464,993.0,0.04641,3523.0
1753617238521,11:53:58.521,huobi,ACT/USDT:USDT,0.04598,85.0,0.04597,993.0,0.0464,993.0,0.04641,3523.0
1753617238585,11:53:58.585,huobi,ACT/USDT:USDT,0.04598,84.0,0.04597,993.0,0.0464,993.0,0.04641,3523.0
1753617238634,11:53:58.634,huobi,ACT/USDT:USDT,0.04598,83.0,0.04597,993.0,0.0464,993.0,0.04641,3523.0
1753617238668,11:53:58.668,huobi,ACT/USDT:USDT,0.04598,84.0,0.04597,993.0,0.0464,993.0,0.04641,4392.0
1753617238728,11:53:58.728,huobi,ACT/USDT:USDT,0.04598,83.0,0.04597,993.0,0.0464,993.0,0.04641,3707.0
1753617238840,11:53:58.840,huobi,ACT/USDT:USDT,0.04598,85.0,0.04597,993.0,0.0464,993.0,0.04641,3707.0
1753617238902,11:53:58.902,huobi,ACT/USDT:USDT,0.04598,84.0,0.04597,993.0,0.0464,993.0,0.04641,3707.0
1753617238971,11:53:58.971,huobi,ACT/USDT:USDT,0.04598,84.0,0.04597,993.0,0.0464,993.0,0.04641,3707.0
1753617239036,11:53:59.036,huobi,ACT/USDT:USDT,0.04598,84.0,0.04597,993.0,0.0464,993.0,0.04641,3707.0
1753617239100,11:53:59.100,huobi,ACT/USDT:USDT,0.04598,83.0,0.04597,993.0,0.0464,993.0,0.04641,3707.0
1753617239108,11:53:59.108,huobi,ACT/USDT:USDT,0.04598,84.0,0.04597,993.0,0.0464,993.0,0.04641,3707.0
1753617239169,11:53:59.169,huobi,ACT/USDT:USDT,0.04598,85.0,0.04597,993.0,0.0464,993.0,0.04641,3707.0
1753617239217,11:53:59.217,huobi,ACT/USDT:USDT,0.04598,84.0,0.04597,993.0,0.04636,993.0,0.04637,1884.0
1753617239240,11:53:59.240,huobi,ACT/USDT:USDT,0.04598,83.0,0.04597,993.0,0.04636,993.0,0.04637,1884.0
1753617239297,11:53:59.297,huobi,ACT/USDT:USDT,0.04598,84.0,0.04597,993.0,0.04636,993.0,0.04637,1884.0
1753617239316,11:53:59.316,huobi,ACT/USDT:USDT,0.04598,84.0,0.04597,993.0,0.04636,993.0,0.04637,1884.0
1753617239377,11:53:59.377,huobi,ACT/USDT:USDT,0.04598,83.0,0.04597,993.0,0.04636,993.0,0.04637,1884.0
1753617239446,11:53:59.446,huobi,ACT/USDT:USDT,0.04598,83.0,0.04597,993.0,0.04636,993.0,0.04637,2753.0
1753617239492,11:53:59.492,huobi,ACT/USDT:USDT,0.04598,84.0,0.04597,993.0,0.04636,993.0,0.04637,2753.0
1753617239512,11:53:59.512,huobi,ACT/USDT:USDT,0.04598,85.0,0.04597,993.0,0.04636,993.0,0.04637,2753.0
1753617239556,11:53:59.556,huobi,ACT/USDT:USDT,0.04598,84.0,0.04597,993.0,0.04636,993.0,0.04637,2753.0
1753617239623,11:53:59.623,huobi,ACT/USDT:USDT,0.04598,84.0,0.04597,993.0,0.04636,993.0,0.04637,2753.0
1753617239649,11:53:59.649,huobi,ACT/USDT:USDT,0.04598,85.0,0.04597,993.0,0.04636,993.0,0.04637,2753.0
1753617239689,11:53:59.689,huobi,ACT/USDT:USDT,0.04598,84.0,0.04597,993.0,0.04636,993.0,0.04637,2753.0
1753617239714,11:53:59.714,huobi,ACT/USDT:USDT,0.04598,83.0,0.04597,993.0,0.04636,993.0,0.04637,2753.0
1753617239763,11:53:59.763,huobi,ACT/USDT:USDT,0.04598,84.0,0.04597,993.0,0.04636,993.0,0.04637,2753.0
1753617239782,11:53:59.782,huobi,ACT/USDT:USDT,0.04598,110.0,0.04597,993.0,0.04636,993.0,0.04637,2753.0
1753617239829,11:53:59.829,huobi,ACT/USDT:USDT,0.04598,109.0,0.04597,993.0,0.04636,993.0,0.04637,2753.0
1753617239913,11:53:59.913,huobi,ACT/USDT:USDT,0.04598,124.0,0.04596,436.0,0.04636,993.0,0.04637,2753.0
1753617239998,11:53:59.998,huobi,ACT/USDT:USDT,0.04598,124.0,0.04596,436.0,0.04636,993.0,0.04637,2753.0
1753617240163,11:54:00.163,huobi,ACT/USDT:USDT,0.04598,124.0,0.04596,436.0,0.04636,993.0,0.04637,2753.0
1753617240251,11:54:00.251,huobi,ACT/USDT:USDT,0.04598,124.0,0.04597,993.0,0.04636,993.0,0.04637,2753.0
1753617240443,11:54:00.443,huobi,ACT/USDT:USDT,0.04598,124.0,0.04597,993.0,0.04636,993.0,0.04637,2753.0
1753617240511,11:54:00.511,huobi,ACT/USDT:USDT,0.04598,124.0,0.04597,993.0,0.04636,993.0,0.04637,2753.0
1753617240554,11:54:00.554,huobi,ACT/USDT:USDT,0.04598,98.0,0.04597,993.0,0.04636,993.0,0.04637,2753.0
1753617240621,11:54:00.621,huobi,ACT/USDT:USDT,0.04598,109.0,0.04597,993.0,0.04636,993.0,0.04637,2753.0
1753617240659,11:54:00.659,huobi,ACT/USDT:USDT,0.04598,124.0,0.04597,993.0,0.04636,993.0,0.04637,2753.0
1753617240691,11:54:00.691,huobi,ACT/USDT:USDT,0.04598,124.0,0.04597,993.0,0.04636,993.0,0.04637,2753.0
1753617241462,11:54:01.462,huobi,ACT/USDT:USDT,0.04598,124.0,0.04597,993.0,0.04635,63.0,0.04636,993.0
1753617241491,11:54:01.491,huobi,ACT/USDT:USDT,0.04598,124.0,0.04597,993.0,0.04635,63.0,0.04636,993.0
1753617241603,11:54:01.603,huobi,ACT/USDT:USDT,0.04598,124.0,0.04597,993.0,0.04635,63.0,0.04636,993.0
1753617241660,11:54:01.660,huobi,ACT/USDT:USDT,0.04598,124.0,0.04597,993.0,0.04635,63.0,0.04636,1862.0
1753617241752,11:54:01.752,huobi,ACT/USDT:USDT,0.04598,109.0,0.04597,993.0,0.04635,63.0,0.04636,1862.0
1753617241819,11:54:01.819,huobi,ACT/USDT:USDT,0.04598,84.0,0.04597,993.0,0.04635,63.0,0.04636,1862.0
1753617241847,11:54:01.847,huobi,ACT/USDT:USDT,0.04598,85.0,0.04597,993.0,0.04635,63.0,0.04636,1862.0
1753617241884,11:54:01.884,huobi,ACT/USDT:USDT,0.04598,84.0,0.04597,993.0,0.04635,63.0,0.04636,1862.0
1753617241949,11:54:01.949,huobi,ACT/USDT:USDT,0.04598,83.0,0.04597,993.0,0.04635,63.0,0.04636,1862.0
1753617241959,11:54:01.959,huobi,ACT/USDT:USDT,0.04598,84.0,0.04597,993.0,0.04635,63.0,0.04636,1862.0
1753617242058,11:54:02.058,huobi,ACT/USDT:USDT,0.04598,85.0,0.04597,993.0,0.04635,63.0,0.04636,1862.0
1753617242123,11:54:02.123,huobi,ACT/USDT:USDT,0.04598,84.0,0.04597,993.0,0.04635,63.0,0.04636,1862.0
1753617242190,11:54:02.190,huobi,ACT/USDT:USDT,0.04598,84.0,0.04597,993.0,0.04635,63.0,0.04636,1862.0
1753617242195,11:54:02.195,huobi,ACT/USDT:USDT,0.04598,85.0,0.04597,993.0,0.04635,63.0,0.04636,1862.0
1753617242256,11:54:02.256,huobi,ACT/USDT:USDT,0.04598,84.0,0.04597,993.0,0.04635,63.0,0.04636,1862.0
1753617242323,11:54:02.323,huobi,ACT/USDT:USDT,0.04598,83.0,0.04597,993.0,0.04635,63.0,0.04636,1862.0
1753617242388,11:54:02.388,huobi,ACT/USDT:USDT,0.04598,83.0,0.04597,993.0,0.04635,63.0,0.04636,1862.0
1753617242455,11:54:02.455,huobi,ACT/USDT:USDT,0.04598,85.0,0.04597,993.0,0.04635,63.0,0.04636,1862.0
1753617242495,11:54:02.495,huobi,ACT/USDT:USDT,0.04598,84.0,0.04597,993.0,0.04635,63.0,0.04636,1862.0
1753617242560,11:54:02.560,huobi,ACT/USDT:USDT,0.04598,83.0,0.04597,993.0,0.04635,63.0,0.04636,1862.0
1753617242629,11:54:02.629,huobi,ACT/USDT:USDT,0.04598,100.0,0.04597,993.0,0.04635,63.0,0.04636,1862.0
1753617242754,11:54:02.754,huobi,ACT/USDT:USDT,0.04598,87.0,0.04597,993.0,0.04635,63.0,0.04636,1862.0
1753617242916,11:54:02.916,huobi,ACT/USDT:USDT,0.04598,87.0,0.04596,436.0,0.04635,63.0,0.04636,1862.0
1753617242991,11:54:02.991,huobi,ACT/USDT:USDT,0.04598,87.0,0.04596,436.0,0.04635,63.0,0.04636,1862.0
1753617243115,11:54:03.115,huobi,ACT/USDT:USDT,0.04598,87.0,0.04596,436.0,0.04635,63.0,0.04636,1862.0
1753617243224,11:54:03.224,huobi,ACT/USDT:USDT,0.04598,87.0,0.04597,993.0,0.04635,63.0,0.04636,1862.0
1753617243261,11:54:03.261,huobi,ACT/USDT:USDT,0.04598,87.0,0.04597,993.0,0.04635,63.0,0.04636,1862.0
1753617243738,11:54:03.738,huobi,ACT/USDT:USDT,0.0461,16.0,0.04598,87.0,0.04635,63.0,0.04636,1862.0
1753617243756,11:54:03.756,huobi,ACT/USDT:USDT,0.04598,87.0,0.04597,993.0,0.04635,63.0,0.04636,1862.0
1753617243784,11:54:03.784,huobi,ACT/USDT:USDT,0.04599,426.0,0.04598,87.0,0.04635,63.0,0.04636,1862.0
1753617243874,11:54:03.874,huobi,ACT/USDT:USDT,0.04598,85.0,0.04581,425.0,0.04635,63.0,0.04636,1862.0
1753617243936,11:54:03.936,huobi,ACT/USDT:USDT,0.04598,4.0,0.04582,1076.0,0.04635,63.0,0.04636,1862.0
1753617244048,11:54:04.048,huobi,ACT/USDT:USDT,0.04598,4.0,0.04582,1076.0,0.04635,63.0,0.04636,1862.0
1753617244128,11:54:04.128,huobi,ACT/USDT:USDT,0.04598,4.0,0.04582,1076.0,0.04635,63.0,0.04636,1862.0
1753617244165,11:54:04.165,huobi,ACT/USDT:USDT,0.04598,4.0,0.04582,1076.0,0.04635,63.0,0.04636,1862.0
1753617244297,11:54:04.297,huobi,ACT/USDT:USDT,0.04598,4.0,0.04583,425.0,0.04635,63.0,0.04636,1862.0
1753617244346,11:54:04.346,huobi,ACT/USDT:USDT,0.04598,4.0,0.04584,993.0,0.04635,63.0,0.04636,1862.0
1753617244402,11:54:04.402,huobi,ACT/USDT:USDT,0.04598,4.0,0.04584,993.0,0.04635,63.0,0.04636,1862.0
1753617244426,11:54:04.426,huobi,ACT/USDT:USDT,0.04598,4.0,0.04585,425.0,0.04635,63.0,0.04636,1862.0
1753617244459,11:54:04.459,huobi,ACT/USDT:USDT,0.04598,4.0,0.04586,993.0,0.04635,63.0,0.04636,1862.0
1753617244501,11:54:04.501,huobi,ACT/USDT:USDT,0.04598,4.0,0.04587,1884.0,0.04635,63.0,0.04636,1862.0
1753617244516,11:54:04.516,huobi,ACT/USDT:USDT,0.04598,4.0,0.04588,993.0,0.04635,63.0,0.04636,1862.0
1753617244555,11:54:04.555,huobi,ACT/USDT:USDT,0.04598,4.0,0.04588,1076.0,0.04635,63.0,0.04636,1862.0
1753617244568,11:54:04.568,huobi,ACT/USDT:USDT,0.04598,4.0,0.04588,1501.0,0.04635,63.0,0.04636,1862.0
1753617244626,11:54:04.626,huobi,ACT/USDT:USDT,0.04598,4.0,0.04588,1501.0,0.04635,63.0,0.04636,1862.0
1753617244654,11:54:04.654,huobi,ACT/USDT:USDT,0.04588,1501.0,0.04587,1884.0,0.04635,63.0,0.04636,1862.0
1753617244693,11:54:04.693,huobi,ACT/USDT:USDT,0.04588,1076.0,0.04587,425.0,0.04635,63.0,0.04636,1862.0
1753617244722,11:54:04.722,huobi,ACT/USDT:USDT,0.04598,15.0,0.04588,1076.0,0.04635,63.0,0.04636,1862.0
1753617244761,11:54:04.761,huobi,ACT/USDT:USDT,0.04598,41.0,0.04588,1076.0,0.04635,63.0,0.04636,1862.0
1753617244776,11:54:04.776,huobi,ACT/USDT:USDT,0.04598,41.0,0.04588,993.0,0.04635,63.0,0.04636,1862.0
1753617244820,11:54:04.820,huobi,ACT/USDT:USDT,0.04599,83.0,0.04598,41.0,0.04635,63.0,0.04636,1862.0
1753617244845,11:54:04.845,huobi,ACT/USDT:USDT,0.04599,83.0,0.04598,41.0,0.04635,63.0,0.04636,1862.0
1753617244953,11:54:04.953,huobi,ACT/USDT:USDT,0.04599,83.0,0.04598,423.0,0.04635,63.0,0.04636,1862.0
1753617244969,11:54:04.969,huobi,ACT/USDT:USDT,0.04599,1076.0,0.04598,423.0,0.04635,63.0,0.04636,1862.0
1753617244998,11:54:04.998,huobi,ACT/USDT:USDT,0.04599,1076.0,0.04598,423.0,0.04635,63.0,0.04636,1862.0
1753617245077,11:54:05.077,huobi,ACT/USDT:USDT,0.04599,1076.0,0.04598,423.0,0.04635,63.0,0.04636,1862.0
1753617245189,11:54:05.189,huobi,ACT/USDT:USDT,0.04599,1076.0,0.04598,423.0,0.04635,63.0,0.04636,1862.0
1753617245311,11:54:05.311,huobi,ACT/USDT:USDT,0.04599,1076.0,0.04598,423.0,0.04635,63.0,0.04636,1862.0
1753617245387,11:54:05.387,huobi,ACT/USDT:USDT,0.04599,1076.0,0.04598,423.0,0.04635,63.0,0.04636,1862.0
1753617246794,11:54:06.794,huobi,ACT/USDT:USDT,0.04599,1076.0,0.04598,423.0,0.04635,63.0,0.04636,1862.0
1753617247220,11:54:07.220,huobi,ACT/USDT:USDT,0.04599,83.0,0.04598,423.0,0.04635,63.0,0.04636,1862.0
1753617247550,11:54:07.550,huobi,ACT/USDT:USDT,0.04599,1076.0,0.04598,382.0,0.04635,63.0,0.04636,1862.0
1753617250013,11:54:10.013,huobi,ACT/USDT:USDT,0.04599,1076.0,0.04598,382.0,0.04635,63.0,0.04636,1862.0
1753617251137,11:54:11.137,huobi,ACT/USDT:USDT,0.04599,1076.0,0.04598,382.0,0.04635,63.0,0.04636,1862.0
1753617251147,11:54:11.147,huobi,ACT/USDT:USDT,0.04599,1076.0,0.04598,382.0,0.04635,63.0,0.04636,1862.0
1753617252199,11:54:12.199,huobi,ACT/USDT:USDT,0.04599,1076.0,0.04598,382.0,0.04635,63.0,0.04636,1862.0
1753617252457,11:54:12.457,huobi,ACT/USDT:USDT,0.04599,1076.0,0.04598,382.0,0.04636,1862.0,0.04637,1883.0
1753617252524,11:54:12.524,huobi,ACT/USDT:USDT,0.04599,1076.0,0.04598,382.0,0.04635,63.0,0.04636,993.0
1753617252570,11:54:12.570,huobi,ACT/USDT:USDT,0.04599,1076.0,0.04598,382.0,0.04635,63.0,0.04636,1864.0
1753617253642,11:54:13.642,huobi,ACT/USDT:USDT,0.04599,1076.0,0.04598,382.0,0.04635,63.0,0.04636,1864.0
1753617254659,11:54:14.659,huobi,ACT/USDT:USDT,0.04599,1076.0,0.04598,382.0,0.0463,1883.0,0.04635,63.0
1753617254756,11:54:14.756,huobi,ACT/USDT:USDT,0.04599,1076.0,0.04598,382.0,0.04629,993.0,0.0463,1883.0
1753617254780,11:54:14.780,huobi,ACT/USDT:USDT,0.04599,1076.0,0.04598,382.0,0.04629,993.0,0.0463,1883.0
1753617254823,11:54:14.823,huobi,ACT/USDT:USDT,0.04599,1076.0,0.04598,382.0,0.04628,63.0,0.04629,993.0
1753617254924,11:54:14.924,huobi,ACT/USDT:USDT,0.04599,1076.0,0.04598,382.0,0.04628,63.0,0.04629,993.0
1753617254959,11:54:14.959,huobi,ACT/USDT:USDT,0.04599,1076.0,0.04598,382.0,0.04628,63.0,0.04629,993.0
1753617255002,11:54:15.002,huobi,ACT/USDT:USDT,0.04599,1076.0,0.04598,382.0,0.04628,63.0,0.04629,993.0
1753617255050,11:54:15.050,huobi,ACT/USDT:USDT,0.04599,1076.0,0.04598,382.0,0.04628,63.0,0.04629,993.0
1753617255087,11:54:15.087,huobi,ACT/USDT:USDT,0.04599,1076.0,0.04598,382.0,0.04628,63.0,0.04629,993.0
1753617255111,11:54:15.111,huobi,ACT/USDT:USDT,0.04599,1076.0,0.04598,382.0,0.04628,63.0,0.04629,993.0
1753617255172,11:54:15.172,huobi,ACT/USDT:USDT,0.04599,1076.0,0.04598,382.0,0.04628,63.0,0.04629,993.0
1753617255233,11:54:15.233,huobi,ACT/USDT:USDT,0.04599,1076.0,0.04598,382.0,0.04628,63.0,0.04629,993.0
1753617255281,11:54:15.281,huobi,ACT/USDT:USDT,0.04599,1076.0,0.04598,382.0,0.04628,63.0,0.04629,1864.0
1753617255339,11:54:15.339,huobi,ACT/USDT:USDT,0.04599,1076.0,0.04598,382.0,0.04628,63.0,0.04629,1864.0
1753617255383,11:54:15.383,huobi,ACT/USDT:USDT,0.04599,1076.0,0.04598,382.0,0.04628,63.0,0.04629,1864.0
1753617255406,11:54:15.406,huobi,ACT/USDT:USDT,0.04599,1076.0,0.04598,382.0,0.04628,63.0,0.04629,1864.0
1753617255460,11:54:15.460,huobi,ACT/USDT:USDT,0.04599,1076.0,0.04598,382.0,0.04628,63.0,0.04629,1864.0
1753617255496,11:54:15.496,huobi,ACT/USDT:USDT,0.04599,1076.0,0.04598,382.0,0.04628,63.0,0.04629,1864.0
1753617255560,11:54:15.560,huobi,ACT/USDT:USDT,0.04599,1076.0,0.04598,382.0,0.04628,63.0,0.04629,1864.0
1753617255631,11:54:15.631,huobi,ACT/USDT:USDT,0.04599,1076.0,0.04598,382.0,0.04628,63.0,0.04629,1864.0
1753617255675,11:54:15.675,huobi,ACT/USDT:USDT,0.04599,1076.0,0.04598,382.0,0.04628,63.0,0.04629,1864.0
1753617259079,11:54:19.079,huobi,ACT/USDT:USDT,0.04599,1076.0,0.04598,382.0,0.04628,63.0,0.04629,993.0
1753617259087,11:54:19.087,huobi,ACT/USDT:USDT,0.04599,1076.0,0.04586,1883.0,0.04628,63.0,0.04629,993.0
1753617259120,11:54:19.120,huobi,ACT/USDT:USDT,0.04599,83.0,0.04587,993.0,0.04628,63.0,0.04629,993.0
1753617259189,11:54:19.189,huobi,ACT/USDT:USDT,0.04587,993.0,0.04585,2216.0,0.04628,63.0,0.04629,993.0
1753617259210,11:54:19.210,huobi,ACT/USDT:USDT,0.04588,83.0,0.04587,993.0,0.04628,63.0,0.04629,993.0
1753617259237,11:54:19.237,huobi,ACT/USDT:USDT,0.04588,124.0,0.04587,993.0,0.04628,63.0,0.04629,993.0
1753617259304,11:54:19.304,huobi,ACT/USDT:USDT,0.04588,124.0,0.04587,993.0,0.04628,63.0,0.04629,993.0
1753617259327,11:54:19.327,huobi,ACT/USDT:USDT,0.04588,124.0,0.04587,993.0,0.04628,63.0,0.04629,993.0
1753617259356,11:54:19.356,huobi,ACT/USDT:USDT,0.04588,124.0,0.04587,993.0,0.04628,63.0,0.04629,993.0
1753617259397,11:54:19.397,huobi,ACT/USDT:USDT,0.04588,124.0,0.04587,993.0,0.04628,63.0,0.04629,993.0
1753617259424,11:54:19.424,huobi,ACT/USDT:USDT,0.04588,124.0,0.04578,993.0,0.04628,63.0,0.04629,993.0
1753617259469,11:54:19.469,huobi,ACT/USDT:USDT,0.04588,124.0,0.04578,993.0,0.04628,63.0,0.04629,993.0
1753617259479,11:54:19.479,huobi,ACT/USDT:USDT,0.04588,124.0,0.04578,993.0,0.04628,63.0,0.04629,993.0
1753617259520,11:54:19.520,huobi,ACT/USDT:USDT,0.04588,124.0,0.04578,993.0,0.04628,63.0,0.04629,1865.0
1753617259582,11:54:19.582,huobi,ACT/USDT:USDT,0.04588,124.0,0.04579,418.0,0.04628,63.0,0.04629,1865.0
1753617259598,11:54:19.598,huobi,ACT/USDT:USDT,0.04588,124.0,0.0458,993.0,0.04628,63.0,0.04629,1865.0
1753617259650,11:54:19.650,huobi,ACT/USDT:USDT,0.04588,124.0,0.0458,2880.0,0.04628,63.0,0.04629,1865.0
1753617259670,11:54:19.670,huobi,ACT/USDT:USDT,0.04588,124.0,0.0458,2880.0,0.04628,63.0,0.04629,1865.0
1753617259690,11:54:19.690,huobi,ACT/USDT:USDT,0.04588,124.0,0.0458,2880.0,0.04628,63.0,0.04629,1865.0
1753617259715,11:54:19.715,huobi,ACT/USDT:USDT,0.04588,124.0,0.0458,2880.0,0.04628,63.0,0.04629,1865.0
1753617259758,11:54:19.758,huobi,ACT/USDT:USDT,0.04588,124.0,0.0458,2880.0,0.04628,63.0,0.04629,1865.0
1753617259812,11:54:19.812,huobi,ACT/USDT:USDT,0.04588,124.0,0.0458,2880.0,0.04628,63.0,0.04629,1865.0
1753617259858,11:54:19.858,huobi,ACT/USDT:USDT,0.04588,124.0,0.0458,2880.0,0.04628,63.0,0.04629,1865.0
1753617259886,11:54:19.886,huobi,ACT/USDT:USDT,0.04588,124.0,0.0458,2880.0,0.04628,63.0,0.04629,1865.0
1753617260119,11:54:20.119,huobi,ACT/USDT:USDT,0.04588,124.0,0.0458,2880.0,0.04628,63.0,0.04629,1865.0
1753617260142,11:54:20.142,huobi,ACT/USDT:USDT,0.04588,124.0,0.04581,418.0,0.04628,63.0,0.04629,1865.0
1753617260265,11:54:20.265,huobi,ACT/USDT:USDT,0.04588,124.0,0.04582,993.0,0.04628,63.0,0.04629,1865.0
1753617260299,11:54:20.299,huobi,ACT/USDT:USDT,0.04588,124.0,0.04582,993.0,0.04628,63.0,0.04629,1865.0
1753617260451,11:54:20.451,huobi,ACT/USDT:USDT,0.04588,124.0,0.04582,993.0,0.04628,63.0,0.04629,1865.0
1753617260733,11:54:20.733,huobi,ACT/USDT:USDT,0.04588,124.0,0.04582,993.0,0.04628,63.0,0.04629,1865.0
1753617260848,11:54:20.848,huobi,ACT/USDT:USDT,0.04588,124.0,0.04582,993.0,0.04628,63.0,0.04629,1865.0
1753617260872,11:54:20.872,huobi,ACT/USDT:USDT,0.04588,124.0,0.04582,993.0,0.04628,63.0,0.04629,1865.0
1753617260893,11:54:20.893,huobi,ACT/USDT:USDT,0.04588,124.0,0.04582,993.0,0.04628,63.0,0.04629,1865.0
1753617260920,11:54:20.920,huobi,ACT/USDT:USDT,0.04588,124.0,0.04583,379.0,0.04628,63.0,0.04629,1865.0
1753617260952,11:54:20.952,huobi,ACT/USDT:USDT,0.04588,124.0,0.04584,993.0,0.04628,63.0,0.04629,1865.0
1753617260982,11:54:20.982,huobi,ACT/USDT:USDT,0.04588,124.0,0.04584,993.0,0.04628,63.0,0.04629,1865.0
1753617261064,11:54:21.064,huobi,ACT/USDT:USDT,0.04588,124.0,0.04584,993.0,0.04628,63.0,0.04629,1865.0
1753617261102,11:54:21.102,huobi,ACT/USDT:USDT,0.04588,124.0,0.04584,993.0,0.04628,63.0,0.04629,1865.0
1753617261207,11:54:21.207,huobi,ACT/USDT:USDT,0.04588,124.0,0.04585,342.0,0.04628,63.0,0.04629,1865.0
1753617261222,11:54:21.222,huobi,ACT/USDT:USDT,0.04588,124.0,0.04586,993.0,0.04628,63.0,0.04629,1865.0
1753617261284,11:54:21.284,huobi,ACT/USDT:USDT,0.04588,124.0,0.04586,993.0,0.04628,63.0,0.04629,1865.0
1753617261331,11:54:21.331,huobi,ACT/USDT:USDT,0.04588,124.0,0.04586,993.0,0.04628,63.0,0.04629,1865.0
1753617261745,11:54:21.745,huobi,ACT/USDT:USDT,0.04588,124.0,0.04586,993.0,0.04628,63.0,0.04629,1865.0
1753617261759,11:54:21.759,huobi,ACT/USDT:USDT,0.04588,124.0,0.04587,342.0,0.04628,63.0,0.04629,1865.0
1753617261880,11:54:21.880,huobi,ACT/USDT:USDT,0.04588,1117.0,0.04587,342.0,0.04628,63.0,0.04629,1865.0
1753617264942,11:54:24.942,huobi,ACT/USDT:USDT,0.04588,1117.0,0.04587,342.0,0.04628,63.0,0.04629,1865.0
1753617265002,11:54:25.002,huobi,ACT/USDT:USDT,0.04588,1117.0,0.04587,342.0,0.04628,63.0,0.04629,1865.0
1753617265056,11:54:25.056,huobi,ACT/USDT:USDT,0.04588,1117.0,0.04587,342.0,0.04628,63.0,0.04629,1865.0
1753617265084,11:54:25.084,huobi,ACT/USDT:USDT,0.04588,1117.0,0.04587,342.0,0.04628,63.0,0.04629,1865.0
1753617265812,11:54:25.812,huobi,ACT/USDT:USDT,0.04588,1117.0,0.04587,342.0,0.04629,1865.0,0.0463,1888.0
1753617265844,11:54:25.844,huobi,ACT/USDT:USDT,0.04588,1117.0,0.04587,342.0,0.04629,993.0,0.0463,2709.0
1753617265881,11:54:25.881,huobi,ACT/USDT:USDT,0.04588,1117.0,0.04587,342.0,0.04628,3.0,0.04629,993.0
1753617265902,11:54:25.902,huobi,ACT/USDT:USDT,0.04588,1117.0,0.04587,342.0,0.04628,3.0,0.04629,993.0
1753617268249,11:54:28.249,huobi,ACT/USDT:USDT,0.04588,1117.0,0.04587,342.0,0.04628,3.0,0.04629,1815.0
1753617268296,11:54:28.296,huobi,ACT/USDT:USDT,0.04588,1117.0,0.04587,342.0,0.04628,3.0,0.04629,1815.0
1753617268493,11:54:28.493,huobi,ACT/USDT:USDT,0.04588,1117.0,0.04587,342.0,0.04628,3.0,0.04629,1815.0
1753617269444,11:54:29.444,huobi,ACT/USDT:USDT,0.04588,1117.0,0.04587,342.0,0.04628,3.0,0.04629,1815.0
1753617269595,11:54:29.595,huobi,ACT/USDT:USDT,0.04588,1117.0,0.04587,342.0,0.04628,3.0,0.04629,1815.0
1753617270416,11:54:30.416,huobi,ACT/USDT:USDT,0.04588,1117.0,0.04587,342.0,0.04628,3.0,0.04629,1815.0
1753617270446,11:54:30.446,huobi,ACT/USDT:USDT,0.04588,1117.0,0.04587,342.0,0.04628,3.0,0.04629,1815.0
1753617270515,11:54:30.515,huobi,ACT/USDT:USDT,0.04588,1117.0,0.04587,342.0,0.04628,3.0,0.04629,1815.0
1753617270586,11:54:30.586,huobi,ACT/USDT:USDT,0.04588,1117.0,0.04587,342.0,0.04628,3.0,0.04629,1815.0
1753617270803,11:54:30.803,huobi,ACT/USDT:USDT,0.04588,1117.0,0.04587,342.0,0.04628,3.0,0.04629,1815.0
1753617270855,11:54:30.855,huobi,ACT/USDT:USDT,0.04588,1117.0,0.04587,342.0,0.04628,3.0,0.04629,1815.0
1753617270938,11:54:30.938,huobi,ACT/USDT:USDT,0.04588,1117.0,0.04587,342.0,0.04628,3.0,0.04629,1815.0
1753617271061,11:54:31.061,huobi,ACT/USDT:USDT,0.04588,1117.0,0.04587,342.0,0.04628,3.0,0.04629,1815.0
1753617271110,11:54:31.110,huobi,ACT/USDT:USDT,0.04588,1117.0,0.04587,342.0,0.04628,3.0,0.04629,1815.0
1753617271274,11:54:31.274,huobi,ACT/USDT:USDT,0.04588,1117.0,0.04587,342.0,0.04628,3.0,0.04629,1815.0
1753617271377,11:54:31.377,huobi,ACT/USDT:USDT,0.04588,1117.0,0.04587,342.0,0.04628,3.0,0.04629,1815.0
1753617271550,11:54:31.550,huobi,ACT/USDT:USDT,0.04588,1117.0,0.04587,342.0,0.04628,3.0,0.04629,1815.0
1753617273584,11:54:33.584,huobi,ACT/USDT:USDT,0.04588,1117.0,0.04587,342.0,0.04628,3.0,0.04629,1815.0
1753617273646,11:54:33.646,huobi,ACT/USDT:USDT,0.04588,83.0,0.04587,342.0,0.04628,3.0,0.04629,1815.0
1753617273670,11:54:33.670,huobi,ACT/USDT:USDT,0.04589,15.0,0.04588,83.0,0.04628,3.0,0.04629,1815.0
1753617273736,11:54:33.736,huobi,ACT/USDT:USDT,0.04589,1.0,0.04588,83.0,0.04628,3.0,0.04629,1815.0
1753617273802,11:54:33.802,huobi,ACT/USDT:USDT,0.04589,1.0,0.04588,83.0,0.04628,3.0,0.04629,1815.0
1753617273817,11:54:33.817,huobi,ACT/USDT:USDT,0.04589,2.0,0.04588,83.0,0.04628,3.0,0.04629,1815.0
1753617273939,11:54:33.939,huobi,ACT/USDT:USDT,0.04589,2.0,0.04588,1076.0,0.04628,3.0,0.04629,1815.0
1753617273964,11:54:33.964,huobi,ACT/USDT:USDT,0.04589,2.0,0.04588,1076.0,0.04628,3.0,0.04629,1815.0
1753617274062,11:54:34.062,huobi,ACT/USDT:USDT,0.04589,2.0,0.04588,83.0,0.04628,3.0,0.04629,1815.0
1753617274123,11:54:34.123,huobi,ACT/USDT:USDT,0.04589,1.0,0.04588,83.0,0.04628,3.0,0.04629,1815.0
1753617274164,11:54:34.164,huobi,ACT/USDT:USDT,0.04588,83.0,0.04587,342.0,0.04628,3.0,0.04629,1815.0
1753617274193,11:54:34.193,huobi,ACT/USDT:USDT,0.04589,1.0,0.04588,83.0,0.04628,3.0,0.04629,1815.0
1753617274259,11:54:34.259,huobi,ACT/USDT:USDT,0.04589,1.0,0.04588,83.0,0.04628,3.0,0.04629,1815.0
1753617274264,11:54:34.264,huobi,ACT/USDT:USDT,0.04588,83.0,0.04587,342.0,0.04628,3.0,0.04629,1815.0
1753617274298,11:54:34.298,huobi,ACT/USDT:USDT,0.04588,83.0,0.04587,342.0,0.04628,3.0,0.04629,1815.0
1753617274325,11:54:34.325,huobi,ACT/USDT:USDT,0.04589,1.0,0.04588,83.0,0.04628,3.0,0.04629,1815.0
1753617274358,11:54:34.358,huobi,ACT/USDT:USDT,0.04589,2.0,0.04588,83.0,0.04628,3.0,0.04629,1815.0
1753617274396,11:54:34.396,huobi,ACT/USDT:USDT,0.04589,1.0,0.04588,1076.0,0.04628,3.0,0.04629,1815.0
1753617274457,11:54:34.457,huobi,ACT/USDT:USDT,0.04589,1.0,0.04588,1076.0,0.04628,3.0,0.04629,1815.0
1753617274529,11:54:34.529,huobi,ACT/USDT:USDT,0.04589,41.0,0.04588,1076.0,0.04628,3.0,0.04629,1815.0
1753617274604,11:54:34.604,huobi,ACT/USDT:USDT,0.04589,41.0,0.04588,1076.0,0.04628,3.0,0.04629,1815.0
1753617275242,11:54:35.242,huobi,ACT/USDT:USDT,0.04589,41.0,0.04588,1076.0,0.04628,3.0,0.04629,1815.0
1753617275330,11:54:35.330,huobi,ACT/USDT:USDT,0.04589,41.0,0.04588,1076.0,0.04628,66.0,0.04629,1815.0
1753617275348,11:54:35.348,huobi,ACT/USDT:USDT,0.04589,41.0,0.04588,1076.0,0.04628,66.0,0.04629,1815.0
1753617275489,11:54:35.489,huobi,ACT/USDT:USDT,0.04589,41.0,0.04588,1076.0,0.04628,66.0,0.04629,1815.0
1753617275677,11:54:35.677,huobi,ACT/USDT:USDT,0.04589,41.0,0.04588,1076.0,0.04628,66.0,0.04629,1815.0
1753617276740,11:54:36.740,huobi,ACT/USDT:USDT,0.04589,41.0,0.04588,1076.0,0.04628,66.0,0.04629,1815.0
1753617276780,11:54:36.780,huobi,ACT/USDT:USDT,0.04589,41.0,0.04588,1076.0,0.04628,66.0,0.04629,993.0
1753617276792,11:54:36.792,huobi,ACT/USDT:USDT,0.04589,15.0,0.04588,1076.0,0.04628,66.0,0.04629,1639.0
1753617276853,11:54:36.853,huobi,ACT/USDT:USDT,0.04588,1076.0,0.04587,342.0,0.04628,1059.0,0.04629,646.0
1753617276854,11:54:36.854,huobi,ACT/USDT:USDT,0.04588,1076.0,0.04587,342.0,0.04628,1059.0,0.04629,646.0
1753617276926,11:54:36.926,huobi,ACT/USDT:USDT,0.04589,1.0,0.04588,1076.0,0.04628,1059.0,0.04629,646.0
1753617276993,11:54:36.993,huobi,ACT/USDT:USDT,0.04589,1.0,0.04588,1076.0,0.04628,1059.0,0.04629,646.0
1753617276997,11:54:36.997,huobi,ACT/USDT:USDT,0.04589,2.0,0.04588,1076.0,0.04628,1059.0,0.04629,646.0
1753617277532,11:54:37.532,huobi,ACT/USDT:USDT,0.04589,1.0,0.04588,1076.0,0.04628,1059.0,0.04629,646.0
1753617277598,11:54:37.598,huobi,ACT/USDT:USDT,0.04589,1.0,0.04588,1076.0,0.04628,1059.0,0.04629,646.0
1753617277667,11:54:37.667,huobi,ACT/USDT:USDT,0.04589,1.0,0.04588,1076.0,0.04628,1059.0,0.04629,646.0
1753617277717,11:54:37.717,huobi,ACT/USDT:USDT,0.04588,1076.0,0.04587,342.0,0.04628,1059.0,0.04629,646.0
1753617277786,11:54:37.786,huobi,ACT/USDT:USDT,0.04589,2.0,0.04588,1076.0,0.04628,1059.0,0.04629,646.0
1753617277804,11:54:37.804,huobi,ACT/USDT:USDT,0.04589,1.0,0.04588,1076.0,0.04628,1059.0,0.04629,646.0
1753617277853,11:54:37.853,huobi,ACT/USDT:USDT,0.04588,1076.0,0.04587,342.0,0.04628,1059.0,0.04629,646.0
1753617277882,11:54:37.882,huobi,ACT/USDT:USDT,0.04589,1.0,0.04588,1076.0,0.04628,1059.0,0.04629,646.0
1753617277928,11:54:37.928,huobi,ACT/USDT:USDT,0.04589,2.0,0.04588,1076.0,0.04628,1059.0,0.04629,646.0
1753617278006,11:54:38.006,huobi,ACT/USDT:USDT,0.04588,1076.0,0.04587,342.0,0.04628,1059.0,0.04629,646.0
1753617278018,11:54:38.018,huobi,ACT/USDT:USDT,0.04589,1.0,0.04588,1076.0,0.04628,1059.0,0.04629,646.0
1753617278075,11:54:38.075,huobi,ACT/USDT:USDT,0.04589,2.0,0.04588,1076.0,0.04628,1059.0,0.04629,646.0
1753617278092,11:54:38.092,huobi,ACT/USDT:USDT,0.04589,1.0,0.04588,1076.0,0.04628,1059.0,0.04629,646.0
1753617278157,11:54:38.157,huobi,ACT/USDT:USDT,0.04588,1076.0,0.04587,342.0,0.04628,1059.0,0.04629,646.0
1753617278221,11:54:38.221,huobi,ACT/USDT:USDT,0.04588,1076.0,0.04587,342.0,0.04628,1059.0,0.04629,646.0
1753617278225,11:54:38.225,huobi,ACT/USDT:USDT,0.04589,1.0,0.04588,1076.0,0.04628,1059.0,0.04629,646.0
1753617278290,11:54:38.290,huobi,ACT/USDT:USDT,0.04588,1076.0,0.04587,342.0,0.04628,1059.0,0.04629,646.0
1753617278329,11:54:38.329,huobi,ACT/USDT:USDT,0.04589,1.0,0.04588,1076.0,0.04628,1059.0,0.04629,646.0
1753617278356,11:54:38.356,huobi,ACT/USDT:USDT,0.04589,2.0,0.04588,1076.0,0.04628,1059.0,0.04629,646.0
1753617278422,11:54:38.422,huobi,ACT/USDT:USDT,0.04589,1.0,0.04588,1076.0,0.04628,1059.0,0.04629,646.0
1753617278489,11:54:38.489,huobi,ACT/USDT:USDT,0.04589,1.0,0.04588,1076.0,0.04628,1059.0,0.04629,646.0
1753617278493,11:54:38.493,huobi,ACT/USDT:USDT,0.04589,2.0,0.04588,1076.0,0.04628,1059.0,0.04629,646.0
1753617278557,11:54:38.557,huobi,ACT/USDT:USDT,0.04589,1.0,0.04588,1076.0,0.04628,1059.0,0.04629,646.0
1753617278594,11:54:38.594,huobi,ACT/USDT:USDT,0.04589,1.0,0.04588,1076.0,0.04628,1059.0,0.04629,2533.0
1753617278622,11:54:38.622,huobi,ACT/USDT:USDT,0.04588,1076.0,0.04587,342.0,0.04628,1059.0,0.04629,2533.0
1753617278669,11:54:38.669,huobi,ACT/USDT:USDT,0.04589,1.0,0.04588,1076.0,0.04628,1059.0,0.04629,2533.0
1753617278734,11:54:38.734,huobi,ACT/USDT:USDT,0.04588,1076.0,0.04587,342.0,0.04628,1059.0,0.04629,2533.0
1753617278736,11:54:38.736,huobi,ACT/USDT:USDT,0.04589,1.0,0.04588,1076.0,0.04628,1059.0,0.04629,2533.0
1753617278801,11:54:38.801,huobi,ACT/USDT:USDT,0.04589,2.0,0.04588,1076.0,0.04628,1059.0,0.04629,2533.0
1753617278871,11:54:38.871,huobi,ACT/USDT:USDT,0.04588,1076.0,0.04587,342.0,0.04628,1059.0,0.04629,2533.0
1753617278890,11:54:38.890,huobi,ACT/USDT:USDT,0.04589,1.0,0.04588,1076.0,0.04628,1059.0,0.04629,2533.0
1753617278938,11:54:38.938,huobi,ACT/USDT:USDT,0.04589,2.0,0.04588,1076.0,0.04628,1059.0,0.04629,2533.0
1753617278946,11:54:38.946,huobi,ACT/USDT:USDT,0.04589,2.0,0.04588,1076.0,0.04628,1059.0,0.04629,2533.0
1753617279003,11:54:39.003,huobi,ACT/USDT:USDT,0.04588,1076.0,0.04587,342.0,0.04628,1059.0,0.04629,2533.0
1753617279033,11:54:39.033,huobi,ACT/USDT:USDT,0.04589,1.0,0.04588,1076.0,0.04628,1059.0,0.04629,2533.0
1753617279081,11:54:39.081,huobi,ACT/USDT:USDT,0.04589,2.0,0.04588,1076.0,0.04628,1059.0,0.04629,2533.0
1753617279148,11:54:39.148,huobi,ACT/USDT:USDT,0.04589,1.0,0.04588,1076.0,0.04628,1059.0,0.04629,2533.0
1753617279213,11:54:39.213,huobi,ACT/USDT:USDT,0.04589,2.0,0.04588,1076.0,0.04628,1059.0,0.04629,2533.0
1753617279221,11:54:39.221,huobi,ACT/USDT:USDT,0.04589,1.0,0.04588,1076.0,0.04628,1059.0,0.04629,2533.0
1753617279288,11:54:39.288,huobi,ACT/USDT:USDT,0.04588,1076.0,0.04587,342.0,0.04628,1059.0,0.04629,2533.0
1753617279340,11:54:39.340,huobi,ACT/USDT:USDT,0.04589,1.0,0.04588,1076.0,0.04628,1059.0,0.04629,2533.0
1753617279385,11:54:39.385,huobi,ACT/USDT:USDT,0.04589,1.0,0.04588,1076.0,0.04628,1059.0,0.04629,646.0
1753617279427,11:54:39.427,huobi,ACT/USDT:USDT,0.04589,2.0,0.04588,1076.0,0.04628,1059.0,0.04629,646.0
1753617279492,11:54:39.492,huobi,ACT/USDT:USDT,0.04589,1.0,0.04588,1076.0,0.04628,1059.0,0.04629,646.0
1753617279550,11:54:39.550,huobi,ACT/USDT:USDT,0.04588,1076.0,0.04587,342.0,0.04628,1059.0,0.04641,2838.0
1753617279593,11:54:39.593,huobi,ACT/USDT:USDT,0.04589,1.0,0.04588,1076.0,0.04628,66.0,0.04638,993.0
1753617279654,11:54:39.654,huobi,ACT/USDT:USDT,0.04588,1076.0,0.04587,342.0,0.04628,66.0,0.04638,993.0
1753617279721,11:54:39.721,huobi,ACT/USDT:USDT,0.04589,2.0,0.04588,1076.0,0.04628,66.0,0.04637,495.0
1753617279727,11:54:39.727,huobi,ACT/USDT:USDT,0.04589,1.0,0.04588,1076.0,0.04628,66.0,0.04637,495.0
1753617279790,11:54:39.790,huobi,ACT/USDT:USDT,0.04589,2.0,0.04588,1076.0,0.04628,66.0,0.04636,993.0
1753617279834,11:54:39.834,huobi,ACT/USDT:USDT,0.04589,1.0,0.04588,1076.0,0.04628,66.0,0.04636,993.0
1753617279856,11:54:39.856,huobi,ACT/USDT:USDT,0.04589,2.0,0.04588,1076.0,0.04628,66.0,0.04636,993.0
1753617279874,11:54:39.874,huobi,ACT/USDT:USDT,0.04589,1.0,0.04588,1076.0,0.04628,66.0,0.04636,993.0
1753617279943,11:54:39.943,huobi,ACT/USDT:USDT,0.04588,1076.0,0.04587,342.0,0.04628,66.0,0.04635,495.0
1753617279964,11:54:39.964,huobi,ACT/USDT:USDT,0.04589,1.0,0.04588,1076.0,0.04628,66.0,0.04634,993.0
1753617280009,11:54:40.009,huobi,ACT/USDT:USDT,0.04588,1076.0,0.04587,342.0,0.04628,66.0,0.04634,993.0
1753617280024,11:54:40.024,huobi,ACT/USDT:USDT,0.04589,1.0,0.04588,1076.0,0.04628,66.0,0.04633,492.0
1753617280073,11:54:40.073,huobi,ACT/USDT:USDT,0.04589,1.0,0.04588,1076.0,0.04628,66.0,0.04633,492.0
1753617280093,11:54:40.093,huobi,ACT/USDT:USDT,0.04589,2.0,0.04588,1076.0,0.04628,66.0,0.04632,993.0
1753617280124,11:54:40.124,huobi,ACT/USDT:USDT,0.04589,1.0,0.04588,1076.0,0.04628,66.0,0.04632,993.0
1753617280151,11:54:40.151,huobi,ACT/USDT:USDT,0.04589,1.0,0.04588,1076.0,0.04628,66.0,0.04632,993.0
1753617280188,11:54:40.188,huobi,ACT/USDT:USDT,0.04588,1076.0,0.04587,342.0,0.04628,66.0,0.04631,492.0
1753617280213,11:54:40.213,huobi,ACT/USDT:USDT,0.04589,1.0,0.04588,1076.0,0.04628,66.0,0.0463,993.0
1753617280254,11:54:40.254,huobi,ACT/USDT:USDT,0.04589,2.0,0.04588,1076.0,0.04628,66.0,0.0463,993.0
1753617280307,11:54:40.307,huobi,ACT/USDT:USDT,0.04589,1.0,0.04588,1076.0,0.04628,66.0,0.0463,993.0
1753617280343,11:54:40.343,huobi,ACT/USDT:USDT,0.04589,1.0,0.04588,1076.0,0.04628,66.0,0.04629,492.0
1753617280358,11:54:40.358,huobi,ACT/USDT:USDT,0.04589,1.0,0.04588,1076.0,0.04628,1059.0,0.04629,492.0
1753617280386,11:54:40.386,huobi,ACT/USDT:USDT,0.04588,1076.0,0.04587,342.0,0.04628,1059.0,0.04629,492.0
1753617280454,11:54:40.454,huobi,ACT/USDT:USDT,0.04589,2.0,0.04588,1076.0,0.04628,1059.0,0.04629,492.0
1753617280503,11:54:40.503,huobi,ACT/USDT:USDT,0.04589,2.0,0.04588,1076.0,0.04628,1059.0,0.04629,492.0
1753617280527,11:54:40.527,huobi,ACT/USDT:USDT,0.04589,1.0,0.04588,1076.0,0.04628,1059.0,0.04629,492.0
1753617280594,11:54:40.594,huobi,ACT/USDT:USDT,0.04589,1.0,0.04588,1076.0,0.04628,1059.0,0.04629,492.0
1753617280659,11:54:40.659,huobi,ACT/USDT:USDT,0.04589,1.0,0.04588,1076.0,0.04628,1059.0,0.04629,492.0
1753617280726,11:54:40.726,huobi,ACT/USDT:USDT,0.04589,1.0,0.04588,1076.0,0.04628,1059.0,0.04629,492.0
1753617280800,11:54:40.800,huobi,ACT/USDT:USDT,0.04589,1.0,0.04588,1076.0,0.04628,1059.0,0.04629,492.0
1753617280868,11:54:40.868,huobi,ACT/USDT:USDT,0.04589,1.0,0.04588,1076.0,0.04628,1059.0,0.04629,492.0
1753617280937,11:54:40.937,huobi,ACT/USDT:USDT,0.04589,1.0,0.04588,1076.0,0.04628,1059.0,0.04629,492.0
1753617281002,11:54:41.002,huobi,ACT/USDT:USDT,0.04589,2.0,0.04588,1076.0,0.04628,1059.0,0.04629,492.0
1753617281077,11:54:41.077,huobi,ACT/USDT:USDT,0.04589,2.0,0.04588,1076.0,0.04628,1059.0,0.04629,492.0
1753617281144,11:54:41.144,huobi,ACT/USDT:USDT,0.04588,1076.0,0.04587,342.0,0.04628,1059.0,0.04629,492.0
1753617281171,11:54:41.171,huobi,ACT/USDT:USDT,0.04589,1.0,0.04588,1076.0,0.04628,1059.0,0.04629,492.0
1753617281215,11:54:41.215,huobi,ACT/USDT:USDT,0.04589,2.0,0.04588,1076.0,0.04628,1059.0,0.04629,492.0
1753617281225,11:54:41.225,huobi,ACT/USDT:USDT,0.04589,1.0,0.04588,1076.0,0.04628,1059.0,0.04629,492.0
1753617281288,11:54:41.288,huobi,ACT/USDT:USDT,0.04588,1076.0,0.04587,342.0,0.04628,1059.0,0.04629,492.0
1753617281355,11:54:41.355,huobi,ACT/USDT:USDT,0.04588,1076.0,0.04587,342.0,0.04628,2946.0,0.04629,492.0
1753617281424,11:54:41.424,huobi,ACT/USDT:USDT,0.04588,1076.0,0.04587,342.0,0.04628,2946.0,0.04629,492.0
1753617281451,11:54:41.451,huobi,ACT/USDT:USDT,0.04589,1.0,0.04588,1076.0,0.04628,2946.0,0.04629,492.0
1753617281536,11:54:41.536,huobi,ACT/USDT:USDT,0.04589,2.0,0.04588,1076.0,0.04628,2946.0,0.04629,492.0
1753617281536,11:54:41.536,huobi,ACT/USDT:USDT,0.04589,1.0,0.04588,1076.0,0.04628,2946.0,0.04629,492.0
1753617281583,11:54:41.583,huobi,ACT/USDT:USDT,0.04589,2.0,0.04588,1076.0,0.04628,2946.0,0.04629,492.0
1753617281652,11:54:41.652,huobi,ACT/USDT:USDT,0.04588,1076.0,0.04587,342.0,0.04628,2946.0,0.04629,492.0
1753617281680,11:54:41.680,huobi,ACT/USDT:USDT,0.04589,1.0,0.04588,1076.0,0.04628,2946.0,0.04629,492.0
1753617281721,11:54:41.721,huobi,ACT/USDT:USDT,0.04589,2.0,0.04588,1076.0,0.04628,2946.0,0.04629,492.0
1753617281788,11:54:41.788,huobi,ACT/USDT:USDT,0.04589,1.0,0.04588,1076.0,0.04628,2946.0,0.04629,492.0
1753617281853,11:54:41.853,huobi,ACT/USDT:USDT,0.04589,1.0,0.04588,1076.0,0.04628,2946.0,0.04629,492.0
1753617281854,11:54:41.854,huobi,ACT/USDT:USDT,0.04589,2.0,0.04588,1076.0,0.04628,2946.0,0.04629,492.0
1753617281931,11:54:41.931,huobi,ACT/USDT:USDT,0.04589,1.0,0.04588,1076.0,0.04628,2946.0,0.04629,492.0
1753617281991,11:54:41.991,huobi,ACT/USDT:USDT,0.04589,2.0,0.04588,1076.0,0.04628,2946.0,0.04629,492.0
1753617282056,11:54:42.056,huobi,ACT/USDT:USDT,0.04588,1076.0,0.04587,342.0,0.04628,2946.0,0.04629,492.0
1753617282065,11:54:42.065,huobi,ACT/USDT:USDT,0.04589,1.0,0.04588,1076.0,0.04628,2946.0,0.04629,492.0
1753617282128,11:54:42.128,huobi,ACT/USDT:USDT,0.04589,2.0,0.04588,1076.0,0.04628,2946.0,0.04629,492.0
1753617282196,11:54:42.196,huobi,ACT/USDT:USDT,0.04589,2.0,0.04588,1076.0,0.04628,2946.0,0.04629,492.0
1753617282238,11:54:42.238,huobi,ACT/USDT:USDT,0.04589,1.0,0.04588,1076.0,0.04628,2946.0,0.04629,492.0
1753617282263,11:54:42.263,huobi,ACT/USDT:USDT,0.04588,1076.0,0.04587,342.0,0.04628,2946.0,0.04629,492.0
1753617282305,11:54:42.305,huobi,ACT/USDT:USDT,0.04589,1.0,0.04588,1076.0,0.04628,2946.0,0.04629,492.0
1753617282368,11:54:42.368,huobi,ACT/USDT:USDT,0.04589,1.0,0.04588,1076.0,0.04628,2946.0,0.04629,492.0
1753617282397,11:54:42.397,huobi,ACT/USDT:USDT,0.04588,1076.0,0.04587,342.0,0.04628,2946.0,0.04629,492.0
1753617282435,11:54:42.435,huobi,ACT/USDT:USDT,0.04589,1.0,0.04588,1076.0,0.04628,2946.0,0.04629,492.0
1753617282467,11:54:42.467,huobi,ACT/USDT:USDT,0.04589,2.0,0.04588,1076.0,0.04628,2946.0,0.04629,492.0
1753617282502,11:54:42.502,huobi,ACT/USDT:USDT,0.04589,1.0,0.04588,1076.0,0.04628,2946.0,0.04629,492.0
1753617282533,11:54:42.533,huobi,ACT/USDT:USDT,0.04588,1076.0,0.04587,342.0,0.04628,2946.0,0.04629,492.0
1753617282573,11:54:42.573,huobi,ACT/USDT:USDT,0.04588,1076.0,0.04587,342.0,0.04628,2946.0,0.04629,492.0
1753617282628,11:54:42.628,huobi,ACT/USDT:USDT,0.04589,2.0,0.04588,1076.0,0.04628,2946.0,0.04629,492.0
1753617282688,11:54:42.688,huobi,ACT/USDT:USDT,0.04589,1.0,0.04588,1076.0,0.04628,2946.0,0.04629,492.0
1753617282700,11:54:42.700,huobi,ACT/USDT:USDT,0.04589,1.0,0.04588,1076.0,0.04628,2946.0,0.04629,492.0
1753617282762,11:54:42.762,huobi,ACT/USDT:USDT,0.04589,2.0,0.04588,1076.0,0.04628,2946.0,0.04629,492.0
1753617282829,11:54:42.829,huobi,ACT/USDT:USDT,0.04588,1076.0,0.04587,342.0,0.04628,2946.0,0.04629,492.0
1753617282857,11:54:42.857,huobi,ACT/USDT:USDT,0.04589,1.0,0.04588,1076.0,0.04628,2946.0,0.04629,492.0
1753617282895,11:54:42.895,huobi,ACT/USDT:USDT,0.04589,2.0,0.04588,1076.0,0.04628,2946.0,0.04629,492.0
1753617282960,11:54:42.960,huobi,ACT/USDT:USDT,0.04588,1076.0,0.04587,342.0,0.04628,2946.0,0.04629,492.0
1753617282972,11:54:42.972,huobi,ACT/USDT:USDT,0.04589,1.0,0.04588,1076.0,0.04628,2946.0,0.04629,492.0
1753617283028,11:54:43.028,huobi,ACT/USDT:USDT,0.04589,2.0,0.04588,1076.0,0.04628,2946.0,0.04629,492.0
1753617283095,11:54:43.095,huobi,ACT/USDT:USDT,0.04588,1076.0,0.04587,342.0,0.04628,2946.0,0.04629,492.0
1753617283162,11:54:43.162,huobi,ACT/USDT:USDT,0.04589,2.0,0.04588,1076.0,0.04628,2946.0,0.04629,492.0
1753617283177,11:54:43.177,huobi,ACT/USDT:USDT,0.04589,1.0,0.04588,1076.0,0.04628,2946.0,0.04629,492.0
1753617283228,11:54:43.228,huobi,ACT/USDT:USDT,0.04588,1076.0,0.04587,342.0,0.04628,2946.0,0.04629,492.0
1753617283249,11:54:43.249,huobi,ACT/USDT:USDT,0.04589,1.0,0.04588,1076.0,0.04628,2946.0,0.04629,492.0
1753617283293,11:54:43.293,huobi,ACT/USDT:USDT,0.04589,2.0,0.04588,1076.0,0.04628,2946.0,0.04629,492.0
1753617283323,11:54:43.323,huobi,ACT/USDT:USDT,0.04589,1.0,0.04588,1076.0,0.04628,2946.0,0.04629,492.0
1753617283359,11:54:43.359,huobi,ACT/USDT:USDT,0.04588,1076.0,0.04587,342.0,0.04628,2946.0,0.04629,492.0
1753617283391,11:54:43.391,huobi,ACT/USDT:USDT,0.04589,1.0,0.04588,1076.0,0.04628,2946.0,0.04629,492.0
1753617283428,11:54:43.428,huobi,ACT/USDT:USDT,0.04589,2.0,0.04588,1076.0,0.04628,2946.0,0.04629,492.0
1753617283466,11:54:43.466,huobi,ACT/USDT:USDT,0.04589,1.0,0.04588,1076.0,0.04628,2946.0,0.04629,492.0
1753617283502,11:54:43.502,huobi,ACT/USDT:USDT,0.04588,1076.0,0.04587,342.0,0.04628,2946.0,0.04629,492.0
1753617283533,11:54:43.533,huobi,ACT/USDT:USDT,0.04589,1.0,0.04588,1076.0,0.04628,2946.0,0.04629,492.0
1753617283573,11:54:43.573,huobi,ACT/USDT:USDT,0.04589,2.0,0.04588,1076.0,0.04628,2946.0,0.04629,492.0
1753617283600,11:54:43.600,huobi,ACT/USDT:USDT,0.04589,1.0,0.04588,1076.0,0.04628,2946.0,0.04629,492.0
1753617283643,11:54:43.643,huobi,ACT/USDT:USDT,0.04588,1076.0,0.04587,342.0,0.04628,2946.0,0.04629,492.0
1753617283668,11:54:43.668,huobi,ACT/USDT:USDT,0.04589,1.0,0.04588,1076.0,0.04628,2946.0,0.04629,492.0
1753617283713,11:54:43.713,huobi,ACT/USDT:USDT,0.04589,2.0,0.04588,1076.0,0.04628,2946.0,0.04629,492.0
1753617283733,11:54:43.733,huobi,ACT/USDT:USDT,0.04589,1.0,0.04588,1076.0,0.04628,2946.0,0.04629,492.0
1753617283798,11:54:43.798,huobi,ACT/USDT:USDT,0.04588,1076.0,0.04587,342.0,0.04628,2946.0,0.04629,492.0
1753617283862,11:54:43.862,huobi,ACT/USDT:USDT,0.04588,1076.0,0.04587,342.0,0.04628,2946.0,0.04629,492.0
1753617283898,11:54:43.898,huobi,ACT/USDT:USDT,0.04589,1.0,0.04588,1076.0,0.04628,2946.0,0.04629,492.0
1753617283980,11:54:43.980,huobi,ACT/USDT:USDT,0.04589,2.0,0.04588,1076.0,0.04628,2946.0,0.04629,492.0
1753617283986,11:54:43.986,huobi,ACT/USDT:USDT,0.04589,1.0,0.04588,1076.0,0.04628,2946.0,0.04629,492.0
1753617284051,11:54:44.051,huobi,ACT/USDT:USDT,0.04589,2.0,0.04588,1076.0,0.04628,2946.0,0.04629,492.0
1753617284117,11:54:44.117,huobi,ACT/USDT:USDT,0.04589,2.0,0.04588,1076.0,0.04628,2946.0,0.04629,492.0
1753617284187,11:54:44.187,huobi,ACT/USDT:USDT,0.04588,1076.0,0.04587,342.0,0.04628,2946.0,0.04629,492.0
1753617284252,11:54:44.252,huobi,ACT/USDT:USDT,0.04588,1076.0,0.04587,342.0,0.04628,2946.0,0.04629,492.0
1753617284254,11:54:44.254,huobi,ACT/USDT:USDT,0.04589,1.0,0.04588,1076.0,0.04628,2946.0,0.04629,492.0
1753617284317,11:54:44.317,huobi,ACT/USDT:USDT,0.04589,2.0,0.04588,1076.0,0.04628,2946.0,0.04629,492.0
1753617284392,11:54:44.392,huobi,ACT/USDT:USDT,0.04588,1076.0,0.04587,342.0,0.04628,2946.0,0.04629,492.0
1753617284460,11:54:44.460,huobi,ACT/USDT:USDT,0.04589,2.0,0.04588,1076.0,0.04628,2946.0,0.04629,492.0
1753617284525,11:54:44.525,huobi,ACT/USDT:USDT,0.04588,1076.0,0.04587,342.0,0.04628,2946.0,0.04629,492.0
1753617284589,11:54:44.589,huobi,ACT/USDT:USDT,0.04589,2.0,0.04588,1076.0,0.04628,2946.0,0.04629,492.0
1753617284660,11:54:44.660,huobi,ACT/USDT:USDT,0.04589,1.0,0.04588,1076.0,0.04628,2946.0,0.04629,492.0
1753617284726,11:54:44.726,huobi,ACT/USDT:USDT,0.04588,1076.0,0.04587,342.0,0.04628,2946.0,0.04629,492.0
1753617284792,11:54:44.792,huobi,ACT/USDT:USDT,0.04589,2.0,0.04588,1076.0,0.04628,2946.0,0.04629,492.0
1753617284802,11:54:44.802,huobi,ACT/USDT:USDT,0.04589,1.0,0.04588,1076.0,0.04628,2946.0,0.04629,492.0
1753617284862,11:54:44.862,huobi,ACT/USDT:USDT,0.04588,1076.0,0.04587,342.0,0.04628,2946.0,0.04629,492.0
1753617284912,11:54:44.912,huobi,ACT/USDT:USDT,0.04589,1.0,0.04588,1076.0,0.04628,2946.0,0.04629,492.0
1753617284932,11:54:44.932,huobi,ACT/USDT:USDT,0.04589,2.0,0.04588,1076.0,0.04628,2946.0,0.04629,492.0
1753617284977,11:54:44.977,huobi,ACT/USDT:USDT,0.04589,1.0,0.04588,1076.0,0.04628,2946.0,0.04629,492.0
1753617285040,11:54:45.040,huobi,ACT/USDT:USDT,0.04588,1076.0,0.04587,342.0,0.04628,2946.0,0.04629,492.0
1753617285102,11:54:45.102,huobi,ACT/USDT:USDT,0.04589,1.0,0.04588,1076.0,0.04628,2946.0,0.04641,2838.0
1753617285179,11:54:45.179,huobi,ACT/USDT:USDT,0.04589,1.0,0.04588,1076.0,0.04628,2946.0,0.04629,618.0
1753617285258,11:54:45.258,huobi,ACT/USDT:USDT,0.04589,1.0,0.04588,1076.0,0.04628,2946.0,0.04629,618.0
1753617285323,11:54:45.323,huobi,ACT/USDT:USDT,0.04589,1.0,0.04588,1076.0,0.04628,2946.0,0.04629,618.0
1753617285394,11:54:45.394,huobi,ACT/USDT:USDT,0.04589,2.0,0.04588,1076.0,0.04628,2946.0,0.04629,618.0
1753617285460,11:54:45.460,huobi,ACT/USDT:USDT,0.04588,1076.0,0.04587,342.0,0.04628,2946.0,0.04629,618.0
1753617285529,11:54:45.529,huobi,ACT/USDT:USDT,0.04589,2.0,0.04588,1076.0,0.04628,2946.0,0.04629,618.0
1753617285597,11:54:45.597,huobi,ACT/USDT:USDT,0.04589,1.0,0.04588,1076.0,0.04628,2946.0,0.04629,618.0
1753617285625,11:54:45.625,huobi,ACT/USDT:USDT,0.04588,1076.0,0.04587,342.0,0.04628,2946.0,0.04629,618.0
1753617285669,11:54:45.669,huobi,ACT/USDT:USDT,0.04589,1.0,0.04588,1076.0,0.04628,2946.0,0.04629,618.0
1753617285747,11:54:45.747,huobi,ACT/USDT:USDT,0.04589,1.0,0.04588,1076.0,0.04628,2946.0,0.04629,618.0
1753617285769,11:54:45.769,huobi,ACT/USDT:USDT,0.04588,1076.0,0.04587,342.0,0.04628,2946.0,0.04629,618.0
1753617285791,11:54:45.791,huobi,ACT/USDT:USDT,0.04588,1076.0,0.04587,342.0,0.04628,2946.0,0.04629,618.0
1753617285814,11:54:45.814,huobi,ACT/USDT:USDT,0.04589,1.0,0.04588,1076.0,0.04628,2946.0,0.04629,618.0
1753617285872,11:54:45.872,huobi,ACT/USDT:USDT,0.04589,2.0,0.04588,1076.0,0.04628,1059.0,0.04629,618.0
1753617285882,11:54:45.882,huobi,ACT/USDT:USDT,0.04589,1.0,0.04588,1076.0,0.04628,1059.0,0.04629,618.0
1753617285939,11:54:45.939,huobi,ACT/USDT:USDT,0.04588,1076.0,0.04587,342.0,0.04628,1059.0,0.04629,618.0
1753617285971,11:54:45.971,huobi,ACT/USDT:USDT,0.04589,2.0,0.04588,1076.0,0.04628,1059.0,0.04629,618.0
1753617286040,11:54:46.040,huobi,ACT/USDT:USDT,0.04589,2.0,0.04588,1076.0,0.04628,1059.0,0.04629,618.0
1753617286058,11:54:46.058,huobi,ACT/USDT:USDT,0.04589,1.0,0.04588,1076.0,0.04628,1059.0,0.04629,618.0
1753617286105,11:54:46.105,huobi,ACT/USDT:USDT,0.04589,1.0,0.04588,1076.0,0.04628,1059.0,0.04629,618.0
1753617286133,11:54:46.133,huobi,ACT/USDT:USDT,0.04589,2.0,0.04588,1076.0,0.04628,1059.0,0.04629,618.0
1753617286170,11:54:46.170,huobi,ACT/USDT:USDT,0.04589,1.0,0.04588,1076.0,0.04628,1059.0,0.04629,618.0
1753617286223,11:54:46.223,huobi,ACT/USDT:USDT,0.04588,1076.0,0.04587,342.0,0.04628,1059.0,0.04629,618.0
1753617286237,11:54:46.237,huobi,ACT/USDT:USDT,0.04589,1.0,0.04588,1076.0,0.04628,1059.0,0.04629,618.0
1753617286275,11:54:46.275,huobi,ACT/USDT:USDT,0.04589,1.0,0.04588,1076.0,0.04628,1059.0,0.04629,618.0
1753617286311,11:54:46.311,huobi,ACT/USDT:USDT,0.04589,1.0,0.04588,1076.0,0.04628,1059.0,0.04629,618.0
1753617286375,11:54:46.375,huobi,ACT/USDT:USDT,0.04588,1076.0,0.04587,342.0,0.04628,1059.0,0.04629,618.0
1753617286397,11:54:46.397,huobi,ACT/USDT:USDT,0.04589,1.0,0.04588,1076.0,0.04628,1059.0,0.04629,618.0
1753617286441,11:54:46.441,huobi,ACT/USDT:USDT,0.04588,1076.0,0.04587,342.0,0.04628,1059.0,0.04629,618.0
1753617286445,11:54:46.445,huobi,ACT/USDT:USDT,0.04589,1.0,0.04588,1076.0,0.04628,1059.0,0.04629,618.0
1753617286477,11:54:46.477,huobi,ACT/USDT:USDT,0.04589,1.0,0.04588,1076.0,0.04628,1059.0,0.04629,618.0
1753617286510,11:54:46.510,huobi,ACT/USDT:USDT,0.04588,1076.0,0.04587,342.0,0.04628,1059.0,0.04629,618.0
1753617286591,11:54:46.591,huobi,ACT/USDT:USDT,0.04588,1076.0,0.04587,342.0,0.04628,1059.0,0.04629,618.0
1753617286593,11:54:46.593,huobi,ACT/USDT:USDT,0.04588,1076.0,0.04587,342.0,0.04628,1059.0,0.04629,618.0
1753617286658,11:54:46.658,huobi,ACT/USDT:USDT,0.04589,1.0,0.04588,1076.0,0.04628,1059.0,0.04629,618.0
1753617286659,11:54:46.659,huobi,ACT/USDT:USDT,0.04589,2.0,0.04588,1076.0,0.04628,1059.0,0.04629,618.0
1753617286696,11:54:46.696,huobi,ACT/USDT:USDT,0.04589,2.0,0.04588,1076.0,0.04628,1059.0,0.04629,618.0
1753617286732,11:54:46.732,huobi,ACT/USDT:USDT,0.04589,1.0,0.04588,1076.0,0.04628,1059.0,0.04629,618.0
1753617286798,11:54:46.798,huobi,ACT/USDT:USDT,0.04589,2.0,0.04588,1076.0,0.04628,1059.0,0.04629,618.0
1753617286864,11:54:46.864,huobi,ACT/USDT:USDT,0.04588,1076.0,0.04587,342.0,0.04628,1059.0,0.04629,618.0
1753617286932,11:54:46.932,huobi,ACT/USDT:USDT,0.04589,2.0,0.04588,1076.0,0.04628,1059.0,0.04629,618.0
1753617286999,11:54:46.999,huobi,ACT/USDT:USDT,0.04589,2.0,0.04588,1076.0,0.04628,1059.0,0.04629,618.0
1753617287063,11:54:47.063,huobi,ACT/USDT:USDT,0.04589,1.0,0.04588,1076.0,0.04628,1059.0,0.04629,618.0
1753617287128,11:54:47.128,huobi,ACT/USDT:USDT,0.04589,1.0,0.04588,1076.0,0.04628,1059.0,0.04629,618.0
1753617287134,11:54:47.134,huobi,ACT/USDT:USDT,0.04589,2.0,0.04588,1076.0,0.04628,1059.0,0.04629,618.0
1753617287198,11:54:47.198,huobi,ACT/USDT:USDT,0.04589,1.0,0.04588,1076.0,0.04628,1059.0,0.04629,618.0
1753617287267,11:54:47.267,huobi,ACT/USDT:USDT,0.04589,1.0,0.04588,1076.0,0.04628,1059.0,0.04629,618.0
1753617287294,11:54:47.294,huobi,ACT/USDT:USDT,0.04589,2.0,0.04588,1076.0,0.04628,1059.0,0.04629,618.0
1753617287333,11:54:47.333,huobi,ACT/USDT:USDT,0.04589,1.0,0.04588,1076.0,0.04628,1059.0,0.04629,618.0
1753617287352,11:54:47.352,huobi,ACT/USDT:USDT,0.04588,1076.0,0.04587,342.0,0.04628,1059.0,0.04629,618.0
1753617287381,11:54:47.381,huobi,ACT/USDT:USDT,0.04588,1076.0,0.04587,342.0,0.04628,1059.0,0.04629,618.0
1753617287411,11:54:47.411,huobi,ACT/USDT:USDT,0.04589,1.0,0.04588,1076.0,0.04628,1059.0,0.04629,618.0
1753617287478,11:54:47.478,huobi,ACT/USDT:USDT,0.04589,1.0,0.04588,1076.0,0.04628,1059.0,0.04629,618.0
1753617287506,11:54:47.506,huobi,ACT/USDT:USDT,0.04588,1076.0,0.04587,342.0,0.04628,1059.0,0.04629,618.0
1753617287546,11:54:47.546,huobi,ACT/USDT:USDT,0.04589,1.0,0.04588,1076.0,0.04628,1059.0,0.04629,618.0
1753617287611,11:54:47.611,huobi,ACT/USDT:USDT,0.04589,1.0,0.04588,1076.0,0.04628,1059.0,0.04629,618.0
1753617287615,11:54:47.615,huobi,ACT/USDT:USDT,0.04588,1076.0,0.04587,342.0,0.04628,1059.0,0.04629,618.0
1753617287681,11:54:47.681,huobi,ACT/USDT:USDT,0.04589,1.0,0.04588,1076.0,0.04628,1059.0,0.04629,618.0
1753617287749,11:54:47.749,huobi,ACT/USDT:USDT,0.04589,1.0,0.04588,1076.0,0.04628,1059.0,0.04629,618.0
1753617287780,11:54:47.780,huobi,ACT/USDT:USDT,0.04588,1076.0,0.04587,342.0,0.04628,1059.0,0.04629,618.0
1753617287816,11:54:47.816,huobi,ACT/USDT:USDT,0.04589,1.0,0.04588,1076.0,0.04628,1059.0,0.04629,618.0
1753617287881,11:54:47.881,huobi,ACT/USDT:USDT,0.04589,1.0,0.04588,1076.0,0.04628,1059.0,0.04629,618.0
1753617287906,11:54:47.906,huobi,ACT/USDT:USDT,0.04588,1076.0,0.04587,342.0,0.04628,1059.0,0.04629,618.0
1753617287949,11:54:47.949,huobi,ACT/USDT:USDT,0.04589,1.0,0.04588,1076.0,0.04628,1059.0,0.04629,618.0
1753617288040,11:54:48.040,huobi,ACT/USDT:USDT,0.04589,1.0,0.04588,1076.0,0.04628,1059.0,0.04629,618.0
1753617288087,11:54:48.087,huobi,ACT/USDT:USDT,0.04588,1076.0,0.04587,342.0,0.04628,1059.0,0.04629,618.0
1753617288094,11:54:48.094,huobi,ACT/USDT:USDT,0.04588,1076.0,0.04587,342.0,0.04628,1059.0,0.04629,618.0
1753617288175,11:54:48.175,huobi,ACT/USDT:USDT,0.04589,1.0,0.04588,1076.0,0.04628,1059.0,0.04629,618.0
1753617288192,11:54:48.192,huobi,ACT/USDT:USDT,0.04588,1076.0,0.04587,342.0,0.04628,1059.0,0.04629,618.0
1753617288240,11:54:48.240,huobi,ACT/USDT:USDT,0.04588,1076.0,0.04587,342.0,0.04628,1059.0,0.04629,618.0
1753617288244,11:54:48.244,huobi,ACT/USDT:USDT,0.04589,1.0,0.04588,1076.0,0.04628,1059.0,0.04629,618.0
1753617288290,11:54:48.290,huobi,ACT/USDT:USDT,0.04589,2.0,0.04588,1076.0,0.04628,1059.0,0.04629,618.0
1753617288311,11:54:48.311,huobi,ACT/USDT:USDT,0.04589,1.0,0.04588,1076.0,0.04628,1059.0,0.04629,618.0
1753617288353,11:54:48.353,huobi,ACT/USDT:USDT,0.04588,1076.0,0.04587,342.0,0.04628,1059.0,0.04629,618.0
1753617288377,11:54:48.377,huobi,ACT/USDT:USDT,0.04589,1.0,0.04588,1076.0,0.04628,1059.0,0.04629,618.0
1753617288442,11:54:48.442,huobi,ACT/USDT:USDT,0.04589,1.0,0.04588,1076.0,0.04628,1059.0,0.04629,618.0
1753617288506,11:54:48.506,huobi,ACT/USDT:USDT,0.04588,1076.0,0.04587,342.0,0.04628,1059.0,0.04629,618.0
1753617288572,11:54:48.572,huobi,ACT/USDT:USDT,0.04589,1.0,0.04588,1076.0,0.04628,1059.0,0.04629,618.0
1753617288575,11:54:48.575,huobi,ACT/USDT:USDT,0.04589,2.0,0.04588,1076.0,0.04628,1059.0,0.04629,618.0
1753617288641,11:54:48.641,huobi,ACT/USDT:USDT,0.04589,2.0,0.04588,1076.0,0.04628,2947.0,0.04629,618.0
1753617288694,11:54:48.694,huobi,ACT/USDT:USDT,0.04589,1.0,0.04588,1076.0,0.04628,2947.0,0.04629,618.0
1753617288696,11:54:48.696,huobi,ACT/USDT:USDT,0.04589,1.0,0.04588,1076.0,0.04628,1059.0,0.04629,618.0
1753617288725,11:54:48.725,huobi,ACT/USDT:USDT,0.04589,1.0,0.04588,1076.0,0.04628,1059.0,0.04629,618.0
1753617288786,11:54:48.786,huobi,ACT/USDT:USDT,0.04589,2.0,0.04588,1076.0,0.04628,1059.0,0.04629,618.0
1753617288852,11:54:48.852,huobi,ACT/USDT:USDT,0.04588,1076.0,0.04587,342.0,0.04628,1059.0,0.04629,618.0
1753617288920,11:54:48.920,huobi,ACT/USDT:USDT,0.04589,2.0,0.04588,1076.0,0.04628,1059.0,0.04629,618.0
1753617288987,11:54:48.987,huobi,ACT/USDT:USDT,0.04589,1.0,0.04588,1076.0,0.04628,1059.0,0.04629,618.0
1753617289053,11:54:49.053,huobi,ACT/USDT:USDT,0.04589,1.0,0.04588,1076.0,0.04628,1059.0,0.04629,618.0
1753617289061,11:54:49.061,huobi,ACT/USDT:USDT,0.04589,2.0,0.04588,1076.0,0.04628,1059.0,0.04629,618.0
1753617289144,11:54:49.144,huobi,ACT/USDT:USDT,0.04589,1.0,0.04588,1076.0,0.04628,1059.0,0.04629,618.0
1753617289160,11:54:49.160,huobi,ACT/USDT:USDT,0.04588,1076.0,0.04587,342.0,0.04628,1059.0,0.04629,618.0
1753617289210,11:54:49.210,huobi,ACT/USDT:USDT,0.04589,1.0,0.04588,1076.0,0.04628,1059.0,0.04629,618.0
1753617289253,11:54:49.253,huobi,ACT/USDT:USDT,0.04589,2.0,0.04588,1076.0,0.04628,1059.0,0.04629,618.0
1753617289276,11:54:49.276,huobi,ACT/USDT:USDT,0.04589,1.0,0.04588,1076.0,0.04628,1059.0,0.04629,618.0
1753617289311,11:54:49.311,huobi,ACT/USDT:USDT,0.04588,1076.0,0.04587,342.0,0.04628,1059.0,0.04629,618.0
1753617289342,11:54:49.342,huobi,ACT/USDT:USDT,0.04589,1.0,0.04588,1076.0,0.04628,1059.0,0.04629,618.0
1753617289376,11:54:49.376,huobi,ACT/USDT:USDT,0.04589,2.0,0.04588,1076.0,0.04628,1059.0,0.04629,618.0
1753617289400,11:54:49.400,huobi,ACT/USDT:USDT,0.04589,2.0,0.04588,1076.0,0.04628,1059.0,0.04629,618.0
1753617289454,11:54:49.454,huobi,ACT/USDT:USDT,0.04588,1076.0,0.04587,342.0,0.04628,1059.0,0.04629,618.0
1753617289474,11:54:49.474,huobi,ACT/USDT:USDT,0.04589,2.0,0.04588,1076.0,0.04628,1059.0,0.04629,618.0
1753617289539,11:54:49.539,huobi,ACT/USDT:USDT,0.04589,1.0,0.04588,1076.0,0.04628,1059.0,0.04629,618.0
1753617289606,11:54:49.606,huobi,ACT/USDT:USDT,0.04589,1.0,0.04588,1076.0,0.04628,1059.0,0.04629,618.0
1753617289746,11:54:49.746,huobi,ACT/USDT:USDT,0.04589,2.0,0.04588,1076.0,0.04628,1059.0,0.04629,618.0
1753617289829,11:54:49.829,huobi,ACT/USDT:USDT,0.04589,1.0,0.04588,1076.0,0.04628,1059.0,0.04629,618.0
1753617289835,11:54:49.835,huobi,ACT/USDT:USDT,0.04589,2.0,0.04588,1076.0,0.04628,1059.0,0.04629,618.0
1753617289894,11:54:49.894,huobi,ACT/USDT:USDT,0.04589,1.0,0.04588,1076.0,0.04628,1059.0,0.04629,618.0
