timestamp,time,exchange,symbol,bid1_price,bid1_volume,bid2_price,bid2_volume,ask1_price,ask1_volume,ask2_price,ask2_volume
1753617172041,11:52:52.041,ascendex,AAVE/USDT:USDT,295.23,40.7,295.18,40.7,295.94,50.7,295.97,50.7
1753617172568,11:52:52.568,ascendex,AAVE/USDT:USDT,295.23,40.7,295.18,40.7,295.94,50.7,295.97,50.7
1753617174029,11:52:54.029,ascendex,AAVE/USDT:USDT,295.23,40.7,295.18,40.7,295.94,50.7,295.97,50.7
1753617174532,11:52:54.532,ascendex,AAVE/USDT:USDT,295.23,40.7,295.18,40.7,295.94,50.7,295.97,50.7
1753617176185,11:52:56.185,ascendex,AAVE/USDT:USDT,295.23,40.7,295.18,40.7,295.94,50.7,295.97,50.7
1753617178576,11:52:58.576,ascendex,AAVE/USDT:USDT,295.23,40.7,295.18,40.7,295.94,50.7,295.97,50.7
1753617182959,11:53:02.959,ascendex,AAVE/USDT:USDT,295.23,40.7,295.18,40.7,295.94,50.7,295.97,50.7
1753617183697,11:53:03.697,ascendex,AAVE/USDT:USDT,295.23,40.7,295.18,40.7,295.94,50.7,296.2,50.6
1753617184053,11:53:04.053,ascendex,AAVE/USDT:USDT,295.32,40.6,295.23,40.7,296.09,46.9,296.2,50.6
1753617184494,11:53:04.494,ascendex,AAVE/USDT:USDT,295.32,40.6,295.23,40.7,296.09,46.9,296.12,50.6
1753617185723,11:53:05.723,ascendex,AAVE/USDT:USDT,295.32,40.6,295.23,40.7,296.09,46.9,296.12,50.6
1753617185972,11:53:05.972,ascendex,AAVE/USDT:USDT,295.32,40.6,295.23,40.7,296.09,46.9,296.12,50.6
1753617186978,11:53:06.978,ascendex,AAVE/USDT:USDT,295.32,40.6,295.23,40.7,296.09,46.9,296.12,50.6
1753617188651,11:53:08.651,ascendex,AAVE/USDT:USDT,295.32,40.6,295.23,40.7,296.09,46.9,296.12,50.6
1753617188991,11:53:08.991,ascendex,AAVE/USDT:USDT,295.32,40.6,295.23,40.7,296.09,46.9,296.12,50.6
1753617197136,11:53:17.136,ascendex,AAVE/USDT:USDT,295.32,40.6,295.23,40.7,296.12,50.6,296.2,50.6
1753617198456,11:53:18.456,ascendex,AAVE/USDT:USDT,295.32,40.6,295.23,40.7,296.12,50.6,296.2,50.6
1753617199660,11:53:19.660,ascendex,AAVE/USDT:USDT,295.41,40.6,295.38,40.7,296.12,50.6,296.2,50.6
1753617200005,11:53:20.005,ascendex,AAVE/USDT:USDT,295.41,40.6,295.38,40.7,296.12,50.6,296.2,50.6
1753617200147,11:53:20.147,ascendex,AAVE/USDT:USDT,295.41,40.6,295.38,40.7,296.12,50.6,296.2,50.6
1753617200681,11:53:20.681,ascendex,AAVE/USDT:USDT,295.41,40.6,295.38,40.7,296.12,50.6,296.2,50.6
1753617205163,11:53:25.163,ascendex,AAVE/USDT:USDT,295.41,40.6,295.38,40.7,296.12,50.6,296.2,50.6
1753617205670,11:53:25.670,ascendex,AAVE/USDT:USDT,295.41,40.6,295.38,40.7,296.12,50.6,296.2,50.6
1753617206663,11:53:26.663,ascendex,AAVE/USDT:USDT,295.41,40.6,295.38,40.7,296.12,50.6,296.2,50.6
1753617206977,11:53:26.977,ascendex,AAVE/USDT:USDT,295.41,40.6,295.38,40.7,296.2,50.6,296.39,50.6
1753617207176,11:53:27.176,ascendex,AAVE/USDT:USDT,295.51,40.6,295.41,40.6,296.2,50.6,296.31,10.3
1753617208168,11:53:28.168,ascendex,AAVE/USDT:USDT,295.51,40.6,295.41,40.6,296.31,10.3,296.34,40.3
1753617208666,11:53:28.666,ascendex,AAVE/USDT:USDT,295.51,40.6,295.41,40.6,296.34,40.3,296.39,50.6
1753617210042,11:53:30.042,ascendex,AAVE/USDT:USDT,295.51,40.6,295.41,40.6,296.34,40.3,296.39,50.6
1753617210187,11:53:30.187,ascendex,AAVE/USDT:USDT,295.51,40.6,295.41,40.6,296.34,40.3,296.39,50.6
1753617210632,11:53:30.632,ascendex,AAVE/USDT:USDT,295.56,40.6,295.51,40.6,296.34,40.3,296.39,50.6
1753617211153,11:53:31.153,ascendex,AAVE/USDT:USDT,295.56,40.6,295.51,40.6,296.34,40.3,296.39,50.6
1753617212218,11:53:32.218,ascendex,AAVE/USDT:USDT,295.6,40.6,295.56,40.6,296.34,40.3,296.39,50.6
1753617212686,11:53:32.686,ascendex,AAVE/USDT:USDT,295.6,40.6,295.56,40.6,296.34,40.3,296.39,50.6
1753617213154,11:53:33.154,ascendex,AAVE/USDT:USDT,295.6,40.6,295.56,40.6,296.34,40.3,296.39,50.6
1753617213691,11:53:33.691,ascendex,AAVE/USDT:USDT,295.6,40.6,295.56,40.6,296.34,40.3,296.39,50.6
1753617214183,11:53:34.183,ascendex,AAVE/USDT:USDT,295.6,40.6,295.56,40.6,296.34,40.3,296.39,50.6
1753617214623,11:53:34.623,ascendex,AAVE/USDT:USDT,295.6,40.6,295.56,40.6,296.34,40.3,296.39,50.6
1753617215180,11:53:35.180,ascendex,AAVE/USDT:USDT,295.6,40.6,295.56,40.6,296.34,40.3,296.39,50.6
1753617215694,11:53:35.694,ascendex,AAVE/USDT:USDT,295.6,40.6,295.56,40.6,296.34,40.3,296.39,50.6
1753617216018,11:53:36.018,ascendex,AAVE/USDT:USDT,295.6,40.6,295.56,40.6,296.34,40.3,296.39,50.6
1753617216209,11:53:36.209,ascendex,AAVE/USDT:USDT,295.6,40.6,295.56,40.6,296.34,40.3,296.39,50.6
1753617216655,11:53:36.655,ascendex,AAVE/USDT:USDT,295.6,40.6,295.56,40.6,296.34,40.3,296.39,50.6
1753617216913,11:53:36.913,ascendex,AAVE/USDT:USDT,295.6,40.6,295.56,40.6,296.34,40.3,296.39,50.6
1753617219469,11:53:39.469,ascendex,AAVE/USDT:USDT,295.6,40.6,295.56,40.6,296.34,40.3,296.39,50.6
1753617222018,11:53:42.018,ascendex,AAVE/USDT:USDT,295.6,40.6,295.56,40.6,296.34,40.3,296.39,50.6
1753617223717,11:53:43.717,ascendex,AAVE/USDT:USDT,295.6,40.6,295.56,40.6,296.34,40.3,296.39,50.6
1753617223719,11:53:43.719,ascendex,AAVE/USDT:USDT,295.7,40.6,295.6,40.6,296.34,40.3,296.39,50.6
1753617226224,11:53:46.224,ascendex,AAVE/USDT:USDT,295.7,40.6,295.56,40.6,296.34,40.3,296.39,50.6
1753617227218,11:53:47.218,ascendex,AAVE/USDT:USDT,295.7,40.6,295.56,40.6,296.34,40.3,296.39,50.6
1753617228241,11:53:48.241,ascendex,AAVE/USDT:USDT,295.7,40.6,295.56,40.6,296.34,40.3,296.39,50.6
1753617228769,11:53:48.769,ascendex,AAVE/USDT:USDT,295.7,40.6,295.56,40.6,296.34,40.3,296.39,50.6
1753617229038,11:53:49.038,ascendex,AAVE/USDT:USDT,295.7,40.6,295.56,40.6,296.34,40.3,296.6,46.1
1753617229234,11:53:49.234,ascendex,AAVE/USDT:USDT,295.7,40.6,295.56,40.6,296.34,40.3,296.48,50.6
1753617231957,11:53:51.957,ascendex,AAVE/USDT:USDT,295.7,40.6,295.56,40.6,296.34,40.3,296.48,50.6
1753617234934,11:53:54.934,ascendex,AAVE/USDT:USDT,295.7,40.6,295.56,40.6,296.34,40.3,296.48,50.6
1753617235742,11:53:55.742,ascendex,AAVE/USDT:USDT,295.56,40.6,295.52,40.4,296.34,40.3,296.36,50.6
1753617236237,11:53:56.237,ascendex,AAVE/USDT:USDT,295.56,40.6,295.52,40.4,296.34,40.3,296.36,50.6
1753617238264,11:53:58.264,ascendex,AAVE/USDT:USDT,295.56,40.6,295.52,40.4,296.34,40.3,296.36,50.6
1753617240488,11:54:00.488,ascendex,AAVE/USDT:USDT,295.56,40.6,295.52,40.4,296.34,40.3,296.36,50.6
1753617240741,11:54:00.741,ascendex,AAVE/USDT:USDT,295.56,40.6,295.52,40.4,296.34,40.3,296.36,50.6
1753617241241,11:54:01.241,ascendex,AAVE/USDT:USDT,295.56,40.6,295.52,40.4,296.34,40.3,296.36,50.6
1753617241749,11:54:01.749,ascendex,AAVE/USDT:USDT,295.56,40.6,295.52,40.4,296.34,40.3,296.36,50.6
1753617242256,11:54:02.256,ascendex,AAVE/USDT:USDT,295.56,40.6,295.52,40.4,296.27,50.6,296.34,40.3
1753617243055,11:54:03.055,ascendex,AAVE/USDT:USDT,295.56,40.6,295.52,40.4,296.27,50.6,296.34,40.3
1753617244663,11:54:04.663,ascendex,AAVE/USDT:USDT,295.56,40.6,295.52,40.4,296.27,50.6,296.34,40.3
1753617246742,11:54:06.742,ascendex,AAVE/USDT:USDT,295.56,40.6,295.52,40.4,296.27,50.6,296.34,40.3
1753617248016,11:54:08.016,ascendex,AAVE/USDT:USDT,295.56,40.6,295.34,35.1,296.27,50.6,296.34,40.3
1753617248698,11:54:08.698,ascendex,AAVE/USDT:USDT,295.34,35.1,295.19,9.1,296.27,50.6,296.34,40.3
1753617248771,11:54:08.771,ascendex,AAVE/USDT:USDT,295.38,31.4,295.34,35.1,296.18,50.6,296.27,50.6
1753617251721,11:54:11.721,ascendex,AAVE/USDT:USDT,295.38,31.4,295.34,35.1,296.18,50.6,296.27,50.6
1753617252066,11:54:12.066,ascendex,AAVE/USDT:USDT,295.38,31.4,295.34,35.1,296.18,50.6,296.27,50.6
1753617254696,11:54:14.696,ascendex,AAVE/USDT:USDT,295.38,31.4,295.34,35.1,296.18,50.6,296.27,50.6
1753617255050,11:54:15.050,ascendex,AAVE/USDT:USDT,295.38,31.4,295.34,35.1,296.18,50.6,296.27,50.6
1753617305178,11:55:05.178,ascendex,AAVE/USDT:USDT,295.34,35.1,295.19,9.1,296.11,50.6,296.18,50.6
1753617305637,11:55:05.637,ascendex,AAVE/USDT:USDT,295.34,35.1,295.19,9.1,296.06,50.7,296.11,50.6
1753617306166,11:55:06.166,ascendex,AAVE/USDT:USDT,295.34,35.1,295.19,9.1,296.06,50.7,296.11,50.6
1753617306599,11:55:06.599,ascendex,AAVE/USDT:USDT,295.34,35.1,295.19,9.1,296.06,50.7,296.11,50.6
1753617307705,11:55:07.705,ascendex,AAVE/USDT:USDT,295.34,35.1,295.19,9.1,296.06,50.7,296.11,50.6
1753617308139,11:55:08.139,ascendex,AAVE/USDT:USDT,295.34,35.1,295.19,9.1,296.06,50.7,296.11,50.6
1753617310143,11:55:10.143,ascendex,AAVE/USDT:USDT,295.34,35.1,295.19,9.1,296.06,50.7,296.11,50.6
1753617310374,11:55:10.374,ascendex,AAVE/USDT:USDT,295.34,35.1,295.19,9.1,296.06,50.7,296.11,50.6
1753617310644,11:55:10.644,ascendex,AAVE/USDT:USDT,295.34,35.1,295.19,9.1,296.06,50.7,296.11,50.6
1753617311376,11:55:11.376,ascendex,AAVE/USDT:USDT,295.34,35.1,295.19,9.1,296.06,50.7,296.11,50.6
1753617311783,11:55:11.783,ascendex,AAVE/USDT:USDT,295.34,35.1,295.19,9.1,296.06,50.7,296.11,50.6
1753617312380,11:55:12.380,ascendex,AAVE/USDT:USDT,295.34,35.1,295.19,9.1,296.06,50.7,296.11,50.6
1753617312876,11:55:12.876,ascendex,AAVE/USDT:USDT,295.34,35.1,295.19,9.1,296.06,50.7,296.11,50.6
1753617315197,11:55:15.197,ascendex,AAVE/USDT:USDT,295.34,35.1,295.19,9.1,296.06,50.7,296.11,50.6
1753617316981,11:55:16.981,ascendex,AAVE/USDT:USDT,295.34,35.1,295.14,38.9,296.06,50.7,296.11,50.6
1753617317658,11:55:17.658,ascendex,AAVE/USDT:USDT,295.34,35.1,295.14,38.9,296.06,50.7,296.11,50.6
1753617317799,11:55:17.799,ascendex,AAVE/USDT:USDT,295.34,35.1,295.14,38.9,296.06,50.7,296.11,50.6
1753617319005,11:55:19.005,ascendex,AAVE/USDT:USDT,295.24,9.2,295.14,38.9,296.06,50.7,296.11,50.6
1753617320005,11:55:20.005,ascendex,AAVE/USDT:USDT,295.24,9.2,295.14,38.9,295.95,50.7,296.06,50.7
1753617320162,11:55:20.162,ascendex,AAVE/USDT:USDT,295.09,36.6,294.96,39.6,295.95,50.7,296.06,50.7
1753617320552,11:55:20.552,ascendex,AAVE/USDT:USDT,295.09,36.6,294.96,39.6,295.95,50.7,296.06,50.7
1753617320686,11:55:20.686,ascendex,AAVE/USDT:USDT,295.09,36.6,294.96,39.6,295.95,50.7,296.06,50.7
1753617321219,11:55:21.219,ascendex,AAVE/USDT:USDT,295.09,36.6,294.96,39.6,295.92,50.7,295.95,50.7
1753617321525,11:55:21.525,ascendex,AAVE/USDT:USDT,295.09,36.6,294.96,39.6,295.92,50.7,295.95,50.7
1753617321695,11:55:21.695,ascendex,AAVE/USDT:USDT,295.09,36.6,294.96,39.6,295.92,50.7,295.95,50.7
1753617322112,11:55:22.112,ascendex,AAVE/USDT:USDT,295.09,36.6,294.96,39.6,295.92,50.7,295.95,50.7
1753617322777,11:55:22.777,ascendex,AAVE/USDT:USDT,295.09,36.6,294.96,39.6,295.92,50.7,295.95,50.7
1753617324188,11:55:24.188,ascendex,AAVE/USDT:USDT,295.09,36.6,294.96,39.6,295.92,50.7,295.95,50.7
1753617324706,11:55:24.706,ascendex,AAVE/USDT:USDT,295.14,40.7,295.09,36.6,295.92,50.7,295.95,50.7
1753617325013,11:55:25.013,ascendex,AAVE/USDT:USDT,295.19,40.7,295.14,40.7,295.92,50.7,295.95,50.7
1753617325199,11:55:25.199,ascendex,AAVE/USDT:USDT,295.19,40.7,295.14,40.7,295.92,50.7,295.95,50.7
1753617325528,11:55:25.528,ascendex,AAVE/USDT:USDT,295.19,40.7,295.14,40.7,295.92,50.7,295.95,50.7
1753617326295,11:55:26.295,ascendex,AAVE/USDT:USDT,295.19,40.7,295.14,40.7,295.92,50.7,295.95,50.7
1753617326698,11:55:26.698,ascendex,AAVE/USDT:USDT,295.19,40.7,295.14,40.7,295.92,50.7,295.95,50.7
1753617329798,11:55:29.798,ascendex,AAVE/USDT:USDT,295.19,40.7,295.14,40.7,295.92,50.7,295.95,50.7
1753617330208,11:55:30.208,ascendex,AAVE/USDT:USDT,295.19,40.7,295.14,40.7,295.92,50.7,295.95,50.7
1753617332118,11:55:32.118,ascendex,AAVE/USDT:USDT,295.14,40.7,294.91,40.7,295.92,50.7,295.95,50.7
1753617332530,11:55:32.530,ascendex,AAVE/USDT:USDT,295.14,40.7,295.1,40.7,295.92,50.7,295.95,50.7
1753617332800,11:55:32.800,ascendex,AAVE/USDT:USDT,295.14,40.7,295.1,40.7,295.92,50.7,295.95,50.7
1753617333624,11:55:33.624,ascendex,AAVE/USDT:USDT,295.14,40.7,295.1,40.7,295.92,50.7,295.95,50.7
1753617334106,11:55:34.106,ascendex,AAVE/USDT:USDT,295.14,40.7,295.1,40.7,295.92,50.7,295.95,50.7
1753617335087,11:55:35.087,ascendex,AAVE/USDT:USDT,295.14,40.7,295.1,40.7,295.86,50.7,295.92,50.7
1753617336239,11:55:36.239,ascendex,AAVE/USDT:USDT,295.14,40.7,295.1,40.7,295.86,50.7,295.92,50.7
1753617337712,11:55:37.712,ascendex,AAVE/USDT:USDT,295.14,40.7,295.1,40.7,295.86,50.7,295.92,50.7
1753617347568,11:55:47.568,ascendex,AAVE/USDT:USDT,295.14,40.7,295.1,40.7,295.86,50.7,295.92,50.7
1753617348041,11:55:48.041,ascendex,AAVE/USDT:USDT,295.14,40.7,295.1,40.7,295.86,50.7,295.92,50.7
1753617348539,11:55:48.539,ascendex,AAVE/USDT:USDT,295.14,40.7,295.1,40.7,295.86,50.7,295.92,50.7
1753617358581,11:55:58.581,ascendex,AAVE/USDT:USDT,295.14,40.7,295.1,40.7,295.86,50.7,295.92,50.7
1753617363595,11:56:03.595,ascendex,AAVE/USDT:USDT,295.14,40.7,295.1,40.7,295.86,50.7,295.92,50.7
1753617364094,11:56:04.094,ascendex,AAVE/USDT:USDT,295.14,40.7,295.1,40.7,295.86,50.7,295.92,50.7
1753617364335,11:56:04.335,ascendex,AAVE/USDT:USDT,295.14,40.7,295.1,40.7,295.92,50.7,296.12,0.6
1753617364613,11:56:04.613,ascendex,AAVE/USDT:USDT,295.14,40.7,295.1,40.7,295.92,50.7,295.95,50.7
1753617365106,11:56:05.106,ascendex,AAVE/USDT:USDT,295.14,40.7,295.1,40.7,295.92,50.7,295.95,50.7
1753617373108,11:56:13.108,ascendex,AAVE/USDT:USDT,295.14,40.7,295.1,40.7,295.92,50.7,295.95,50.7
1753617375623,11:56:15.623,ascendex,AAVE/USDT:USDT,295.2,40.7,295.14,40.7,295.92,50.7,295.95,50.7
1753617381156,11:56:21.156,ascendex,AAVE/USDT:USDT,295.2,40.7,295.14,40.7,295.92,50.7,295.95,50.7
1753617382148,11:56:22.148,ascendex,AAVE/USDT:USDT,295.2,40.7,295.14,40.7,295.92,50.7,295.95,50.7
1753617390757,11:56:30.757,ascendex,AAVE/USDT:USDT,295.14,40.7,294.99,34.4,295.92,50.7,295.95,50.7
1753617391152,11:56:31.152,ascendex,AAVE/USDT:USDT,295.14,40.7,295.09,11.0,295.86,50.7,295.92,50.7
1753617393685,11:56:33.685,ascendex,AAVE/USDT:USDT,295.14,40.7,294.99,34.4,295.86,50.7,295.92,50.7
1753617394131,11:56:34.131,ascendex,AAVE/USDT:USDT,295.14,40.7,294.99,34.4,295.86,50.7,295.92,50.7
1753617394289,11:56:34.289,ascendex,AAVE/USDT:USDT,295.14,40.7,294.99,34.4,295.86,50.7,295.92,50.7
1753617394696,11:56:34.696,ascendex,AAVE/USDT:USDT,295.14,40.7,294.99,34.4,295.86,50.7,295.92,50.7
1753617395289,11:56:35.289,ascendex,AAVE/USDT:USDT,295.14,40.7,294.99,34.4,295.86,50.7,295.92,50.7
1753617396158,11:56:36.158,ascendex,AAVE/USDT:USDT,295.14,40.7,294.99,34.4,295.86,50.7,295.92,50.7
1753617397270,11:56:37.270,ascendex,AAVE/USDT:USDT,295.14,40.7,294.99,34.4,295.86,50.7,295.92,50.7
1753617397699,11:56:37.699,ascendex,AAVE/USDT:USDT,295.14,40.7,294.99,34.4,295.86,50.7,295.92,50.7
1753617400162,11:56:40.162,ascendex,AAVE/USDT:USDT,295.14,40.7,294.99,34.4,295.86,50.7,295.92,50.7
1753617400231,11:56:40.231,ascendex,AAVE/USDT:USDT,295.14,40.7,294.99,34.4,295.86,50.7,295.92,50.7
1753617400718,11:56:40.718,ascendex,AAVE/USDT:USDT,295.14,40.7,294.99,34.4,295.86,50.7,295.92,50.7
1753617413834,11:56:53.834,ascendex,AAVE/USDT:USDT,295.14,40.7,294.99,34.4,295.86,50.7,295.92,50.7
1753617414184,11:56:54.184,ascendex,AAVE/USDT:USDT,295.14,40.7,294.99,34.4,295.86,50.7,295.92,50.7
1753617415843,11:56:55.843,ascendex,AAVE/USDT:USDT,295.14,40.7,294.99,34.4,295.86,50.7,295.92,50.7
1753617416193,11:56:56.193,ascendex,AAVE/USDT:USDT,295.14,40.7,294.99,34.4,295.86,50.7,295.92,50.7
1753617422447,11:57:02.447,ascendex,AAVE/USDT:USDT,295.14,40.7,294.99,34.4,295.86,50.7,295.92,50.7
1753617422714,11:57:02.714,ascendex,AAVE/USDT:USDT,295.14,40.7,294.99,34.4,295.86,50.7,295.92,50.7
1753617426235,11:57:06.235,ascendex,AAVE/USDT:USDT,295.14,40.7,294.86,40.7,295.86,50.7,295.92,50.7
1753617426483,11:57:06.483,ascendex,AAVE/USDT:USDT,295.14,40.7,295.08,40.7,295.86,50.7,295.92,50.7
1753617427759,11:57:07.759,ascendex,AAVE/USDT:USDT,295.14,40.7,295.08,40.7,295.86,50.7,295.92,50.7
1753617429233,11:57:09.233,ascendex,AAVE/USDT:USDT,295.14,40.7,295.08,40.7,295.86,50.7,295.92,50.7
1753617429695,11:57:09.695,ascendex,AAVE/USDT:USDT,295.14,40.7,295.08,40.7,295.86,50.7,295.92,50.7
1753617436241,11:57:16.241,ascendex,AAVE/USDT:USDT,295.14,40.7,295.08,40.7,295.86,50.7,295.92,50.7
1753617436793,11:57:16.793,ascendex,AAVE/USDT:USDT,295.14,40.7,295.08,40.7,295.77,50.7,295.86,50.7
1753617437350,11:57:17.350,ascendex,AAVE/USDT:USDT,295.14,40.7,295.08,40.7,295.77,50.7,295.86,50.7
1753617437637,11:57:17.637,ascendex,AAVE/USDT:USDT,295.14,40.7,295.08,40.7,295.77,50.7,295.86,50.7
1753617438088,11:57:18.088,ascendex,AAVE/USDT:USDT,295.14,40.7,295.08,40.7,295.77,50.7,295.86,50.7
1753617438270,11:57:18.270,ascendex,AAVE/USDT:USDT,295.14,40.7,295.08,40.7,295.77,50.7,295.92,50.7
1753617438772,11:57:18.772,ascendex,AAVE/USDT:USDT,295.14,40.7,295.08,40.7,295.77,50.7,295.92,50.7
1753617439832,11:57:19.832,ascendex,AAVE/USDT:USDT,295.14,40.7,295.08,40.7,295.77,50.7,295.92,50.7
1753617442114,11:57:22.114,ascendex,AAVE/USDT:USDT,295.14,40.7,295.08,40.7,295.92,50.7,295.98,50.0
1753617442261,11:57:22.261,ascendex,AAVE/USDT:USDT,295.14,40.7,295.08,40.7,295.87,50.7,295.92,50.7
1753617448870,11:57:28.870,ascendex,AAVE/USDT:USDT,295.14,40.7,295.08,40.7,295.87,50.7,295.92,50.7
1753617457339,11:57:37.339,ascendex,AAVE/USDT:USDT,295.14,40.7,295.08,40.7,295.78,50.7,295.87,50.7
1753617458371,11:57:38.371,ascendex,AAVE/USDT:USDT,294.98,40.7,294.86,40.7,295.78,50.7,295.87,50.7
1753617458429,11:57:38.429,ascendex,AAVE/USDT:USDT,294.98,40.7,294.95,40.7,295.78,50.7,295.87,50.7
1753617458916,11:57:38.916,ascendex,AAVE/USDT:USDT,294.98,40.7,294.95,40.7,295.78,50.7,295.87,50.7
1753617459419,11:57:39.419,ascendex,AAVE/USDT:USDT,294.98,40.7,294.95,40.7,295.78,50.7,295.87,50.7
1753617459716,11:57:39.716,ascendex,AAVE/USDT:USDT,294.98,40.7,294.95,40.7,295.78,50.7,295.87,50.7
1753617460866,11:57:40.866,ascendex,AAVE/USDT:USDT,294.98,40.7,294.95,40.7,295.78,50.7,295.87,50.7
1753617461386,11:57:41.386,ascendex,AAVE/USDT:USDT,294.98,40.7,294.95,40.7,295.78,50.7,295.87,50.7
1753617462019,11:57:42.019,ascendex,AAVE/USDT:USDT,294.98,40.7,294.95,40.7,295.78,50.7,295.87,50.7
1753617462787,11:57:42.787,ascendex,AAVE/USDT:USDT,294.98,40.7,294.95,40.7,295.78,50.7,295.92,50.7
1753617463331,11:57:43.331,ascendex,AAVE/USDT:USDT,294.98,40.7,294.95,40.7,295.78,50.7,295.92,50.7
1753617463881,11:57:43.881,ascendex,AAVE/USDT:USDT,294.98,40.7,294.95,40.7,295.78,50.7,295.92,50.7
1753617465280,11:57:45.280,ascendex,AAVE/USDT:USDT,294.98,40.7,294.95,40.7,295.78,50.7,295.92,50.7
1753617465426,11:57:45.426,ascendex,AAVE/USDT:USDT,294.98,40.7,294.95,40.7,295.78,50.7,295.92,50.7
1753617465926,11:57:45.926,ascendex,AAVE/USDT:USDT,294.98,40.7,294.95,40.7,295.78,50.7,295.92,50.7
1753617467461,11:57:47.461,ascendex,AAVE/USDT:USDT,294.98,40.7,294.95,40.7,295.78,50.7,295.92,50.7
1753617468824,11:57:48.824,ascendex,AAVE/USDT:USDT,294.98,40.7,294.95,40.7,295.78,50.7,295.92,50.7
1753617469289,11:57:49.289,ascendex,AAVE/USDT:USDT,294.98,40.7,294.95,40.7,295.78,50.7,295.92,50.7
1753617472869,11:57:52.869,ascendex,AAVE/USDT:USDT,294.98,40.7,294.95,40.7,295.78,50.7,295.92,50.7
1753617475874,11:57:55.874,ascendex,AAVE/USDT:USDT,294.98,40.7,294.95,40.7,295.78,50.7,295.92,50.7
1753617476455,11:57:56.455,ascendex,AAVE/USDT:USDT,294.98,40.7,294.95,40.7,295.78,50.7,295.92,50.7
1753617478898,11:57:58.898,ascendex,AAVE/USDT:USDT,294.98,40.7,294.95,40.7,295.78,50.7,295.92,50.7
1753617482835,11:58:02.835,ascendex,AAVE/USDT:USDT,294.98,40.7,294.95,40.7,295.78,50.7,295.92,50.7
1753617483265,11:58:03.265,ascendex,AAVE/USDT:USDT,295.09,40.7,294.98,40.7,295.78,50.7,295.92,50.7
1753617484217,11:58:04.217,ascendex,AAVE/USDT:USDT,295.09,40.7,294.98,40.7,295.92,50.7,295.97,41.0
1753617484358,11:58:04.358,ascendex,AAVE/USDT:USDT,295.09,40.7,294.98,40.7,295.92,50.7,295.97,41.0
1753617484911,11:58:04.911,ascendex,AAVE/USDT:USDT,295.09,40.7,294.98,40.7,295.92,50.7,295.97,41.0
1753617485337,11:58:05.337,ascendex,AAVE/USDT:USDT,295.09,40.7,294.98,40.7,295.92,50.7,295.97,41.0
1753617490018,11:58:10.018,ascendex,AAVE/USDT:USDT,295.09,40.7,294.98,40.7,295.92,50.7,295.97,41.0
1753617490535,11:58:10.535,ascendex,AAVE/USDT:USDT,295.14,40.7,295.09,40.7,295.92,50.7,295.97,41.0
1753617491281,11:58:11.281,ascendex,AAVE/USDT:USDT,295.14,40.7,295.09,40.7,295.92,50.7,295.97,41.0
1753617491562,11:58:11.562,ascendex,AAVE/USDT:USDT,295.14,40.7,295.09,40.7,295.92,50.7,295.97,41.0
1753617492389,11:58:12.389,ascendex,AAVE/USDT:USDT,295.14,40.7,295.09,40.7,295.92,50.7,295.97,41.0
1753617492792,11:58:12.792,ascendex,AAVE/USDT:USDT,295.14,40.7,295.09,40.7,295.92,50.7,295.97,41.0
1753617493339,11:58:13.339,ascendex,AAVE/USDT:USDT,295.14,40.7,295.09,40.7,295.92,50.7,295.97,41.0
1753617494371,11:58:14.371,ascendex,AAVE/USDT:USDT,295.14,40.7,295.09,40.7,295.92,50.7,295.97,41.0
1753617495052,11:58:15.052,ascendex,AAVE/USDT:USDT,295.14,40.7,295.09,40.7,295.92,50.7,295.97,41.0
1753617495337,11:58:15.337,ascendex,AAVE/USDT:USDT,295.14,40.7,295.09,40.7,295.92,50.7,295.97,41.0
1753617496922,11:58:16.922,ascendex,AAVE/USDT:USDT,295.14,40.7,295.09,40.7,295.92,50.7,295.97,41.0
1753617498042,11:58:18.042,ascendex,AAVE/USDT:USDT,295.14,40.7,295.09,40.7,295.92,50.7,295.97,41.0
1753617503406,11:58:23.406,ascendex,AAVE/USDT:USDT,295.14,40.7,295.09,40.7,295.85,50.7,295.92,50.7
1753617512464,11:58:32.464,ascendex,AAVE/USDT:USDT,295.14,40.7,295.09,40.7,295.85,50.7,295.92,50.7
1753617512945,11:58:32.945,ascendex,AAVE/USDT:USDT,295.14,40.7,295.09,40.7,295.85,50.7,295.92,50.7
1753617526035,11:58:46.035,ascendex,AAVE/USDT:USDT,295.14,40.7,295.09,40.7,295.85,50.7,295.92,50.7
1753617526541,11:58:46.541,ascendex,AAVE/USDT:USDT,295.14,40.7,295.09,40.7,295.85,50.7,295.92,50.7
1753617540356,11:59:00.356,ascendex,AAVE/USDT:USDT,295.14,40.7,295.09,40.7,295.92,50.7,296.18,50.6
1753617540614,11:59:00.614,ascendex,AAVE/USDT:USDT,295.14,40.7,295.09,40.7,295.92,50.7,295.96,10.2
1753617541070,11:59:01.070,ascendex,AAVE/USDT:USDT,295.19,40.7,295.14,40.7,295.92,50.7,295.96,10.2
1753617541577,11:59:01.577,ascendex,AAVE/USDT:USDT,295.19,40.7,295.14,40.7,295.92,50.7,295.97,40.4
1753617541875,11:59:01.875,ascendex,AAVE/USDT:USDT,295.19,40.7,295.14,40.7,295.92,50.7,295.97,40.4
1753617545731,11:59:05.731,ascendex,AAVE/USDT:USDT,295.19,40.7,295.14,40.7,295.92,50.7,295.97,40.4
1753617546082,11:59:06.082,ascendex,AAVE/USDT:USDT,295.28,40.7,295.19,40.7,295.92,50.7,295.97,40.4
1753617546705,11:59:06.705,ascendex,AAVE/USDT:USDT,295.28,40.7,295.19,40.7,295.92,50.7,295.97,40.4
1753617547880,11:59:07.880,ascendex,AAVE/USDT:USDT,295.28,40.7,295.19,40.7,295.92,50.7,295.97,40.4
1753617549566,11:59:09.566,ascendex,AAVE/USDT:USDT,295.28,40.7,295.19,40.7,296.18,50.6,296.32,49.7
1753617549710,11:59:09.710,ascendex,AAVE/USDT:USDT,295.28,40.7,295.19,40.7,296.07,5.7,296.18,50.6
1753617550211,11:59:10.211,ascendex,AAVE/USDT:USDT,295.28,40.7,295.19,40.7,296.07,5.7,296.1,4.5
1753617552092,11:59:12.092,ascendex,AAVE/USDT:USDT,295.28,40.7,295.19,40.7,296.1,4.5,296.18,50.6
1753617552328,11:59:12.328,ascendex,AAVE/USDT:USDT,295.28,40.7,295.19,40.7,296.1,4.5,296.18,50.6
1753617553213,11:59:13.213,ascendex,AAVE/USDT:USDT,295.32,40.7,295.28,40.7,296.1,4.5,296.18,50.6
1753617553507,11:59:13.507,ascendex,AAVE/USDT:USDT,295.32,40.7,295.28,40.7,296.1,4.5,296.15,46.1
1753617553905,11:59:13.905,ascendex,AAVE/USDT:USDT,295.32,40.7,295.28,40.7,296.15,46.1,296.18,50.6
1753617554618,11:59:14.618,ascendex,AAVE/USDT:USDT,295.32,40.7,295.28,40.7,296.15,46.1,296.18,50.6
1753617555598,11:59:15.598,ascendex,AAVE/USDT:USDT,295.32,40.7,295.28,40.7,296.15,46.1,296.18,50.6
1753617555916,11:59:15.916,ascendex,AAVE/USDT:USDT,295.38,40.6,295.32,40.7,296.15,46.1,296.18,50.6
1753617557582,11:59:17.582,ascendex,AAVE/USDT:USDT,295.38,40.6,295.32,40.7,296.15,46.1,296.18,50.6
1753617558665,11:59:18.665,ascendex,AAVE/USDT:USDT,295.38,40.6,295.32,40.7,296.15,46.1,296.18,50.6
1753617558774,11:59:18.774,ascendex,AAVE/USDT:USDT,295.38,40.6,295.32,40.7,296.15,46.1,296.18,50.6
1753617560042,11:59:20.042,ascendex,AAVE/USDT:USDT,295.38,40.6,295.32,40.7,296.15,46.1,296.18,50.6
1753617560617,11:59:20.617,ascendex,AAVE/USDT:USDT,295.38,40.6,295.32,40.7,296.15,46.1,296.18,50.6
1753617561071,11:59:21.071,ascendex,AAVE/USDT:USDT,295.38,40.6,295.32,40.7,296.15,46.1,296.18,50.6
1753617561347,11:59:21.347,ascendex,AAVE/USDT:USDT,295.38,40.6,295.32,40.7,296.15,46.1,296.18,50.6
1753617563679,11:59:23.679,ascendex,AAVE/USDT:USDT,295.38,40.6,295.32,40.7,296.15,46.1,296.18,50.6
1753617563925,11:59:23.925,ascendex,AAVE/USDT:USDT,295.48,40.6,295.38,40.6,296.15,46.1,296.18,50.6
1753617564339,11:59:24.339,ascendex,AAVE/USDT:USDT,295.48,40.6,295.38,40.6,296.15,46.1,296.18,50.6
1753617564787,11:59:24.787,ascendex,AAVE/USDT:USDT,295.48,40.6,295.38,40.6,296.15,46.1,296.18,50.6
1753617566451,11:59:26.451,ascendex,AAVE/USDT:USDT,295.48,40.6,295.38,40.6,296.15,46.1,296.18,50.6
1753617566631,11:59:26.631,ascendex,AAVE/USDT:USDT,295.48,40.6,295.32,40.7,296.15,46.1,296.18,50.6
1753617569048,11:59:29.048,ascendex,AAVE/USDT:USDT,295.48,40.6,295.32,40.7,296.15,46.1,296.18,50.6
1753617571336,11:59:31.336,ascendex,AAVE/USDT:USDT,295.48,40.6,295.32,40.7,296.15,46.1,296.18,50.6
1753617584880,11:59:44.880,ascendex,AAVE/USDT:USDT,295.48,40.6,295.32,40.7,296.15,46.1,296.4,50.6
1753617585195,11:59:45.195,ascendex,AAVE/USDT:USDT,295.48,40.6,295.32,40.7,296.15,46.1,296.27,4.3
1753617585670,11:59:45.670,ascendex,AAVE/USDT:USDT,295.48,40.6,295.32,40.7,296.27,4.3,296.3,46.3
1753617585894,11:59:45.894,ascendex,AAVE/USDT:USDT,295.5,40.6,295.48,40.6,296.27,4.3,296.3,46.3
1753617586147,11:59:46.147,ascendex,AAVE/USDT:USDT,295.5,40.6,295.48,40.6,296.3,46.3,296.33,50.6
1753617586894,11:59:46.894,ascendex,AAVE/USDT:USDT,295.5,40.6,295.48,40.6,296.3,46.3,296.33,50.6
1753617587062,11:59:47.062,ascendex,AAVE/USDT:USDT,295.5,40.6,295.48,40.6,296.3,46.3,296.33,50.6
1753617587578,11:59:47.578,ascendex,AAVE/USDT:USDT,295.5,40.6,295.48,40.6,296.3,46.3,296.33,50.6
1753617590077,11:59:50.077,ascendex,AAVE/USDT:USDT,295.57,40.6,295.5,40.6,296.3,46.3,296.33,50.6
1753617590162,11:59:50.162,ascendex,AAVE/USDT:USDT,295.57,40.6,295.5,40.6,296.33,50.6,296.4,50.6
1753617590707,11:59:50.707,ascendex,AAVE/USDT:USDT,295.57,40.6,295.5,40.6,296.3,50.6,296.33,50.6
1753617591011,11:59:51.011,ascendex,AAVE/USDT:USDT,295.57,40.6,295.5,40.6,296.3,50.6,296.33,50.6
1753617597408,11:59:57.408,ascendex,AAVE/USDT:USDT,295.57,40.6,295.5,40.6,296.3,50.6,296.33,50.6
1753617597921,11:59:57.921,ascendex,AAVE/USDT:USDT,295.57,40.6,295.5,40.6,296.3,50.6,296.33,50.6
1753617599643,11:59:59.643,ascendex,AAVE/USDT:USDT,295.5,40.6,295.37,40.6,296.3,50.6,296.33,50.6
1753617600021,12:00:00.021,ascendex,AAVE/USDT:USDT,295.5,40.6,295.49,40.6,296.3,50.6,296.33,50.6
1753617603783,12:00:03.783,ascendex,AAVE/USDT:USDT,295.5,40.6,295.49,40.6,296.3,50.6,296.33,50.6
1753617607915,12:00:07.915,ascendex,AAVE/USDT:USDT,295.5,40.6,295.49,40.6,296.3,50.6,296.33,50.6
1753617612749,12:00:12.749,ascendex,AAVE/USDT:USDT,295.5,40.6,295.49,40.6,296.21,50.6,296.3,50.6
1753617616647,12:00:16.647,ascendex,AAVE/USDT:USDT,295.5,40.6,295.26,40.7,296.21,50.6,296.3,50.6
1753617617146,12:00:17.146,ascendex,AAVE/USDT:USDT,295.5,40.6,295.4,30.0,296.21,50.6,296.3,50.6
1753617621644,12:00:21.644,ascendex,AAVE/USDT:USDT,295.5,40.6,295.4,30.0,296.21,50.6,296.3,50.6
1753617621722,12:00:21.722,ascendex,AAVE/USDT:USDT,295.5,40.6,295.4,30.0,296.21,50.6,296.3,50.6
1753617624768,12:00:24.768,ascendex,AAVE/USDT:USDT,295.5,40.6,295.4,30.0,296.21,50.6,296.33,50.6
1753617625792,12:00:25.792,ascendex,AAVE/USDT:USDT,295.5,40.6,295.4,30.0,296.21,50.6,296.33,50.6
1753617627660,12:00:27.660,ascendex,AAVE/USDT:USDT,295.5,40.6,295.49,40.6,296.21,50.6,296.33,50.6
1753617627735,12:00:27.735,ascendex,AAVE/USDT:USDT,295.5,40.6,295.49,40.6,296.21,50.6,296.33,50.6
1753617629184,12:00:29.184,ascendex,AAVE/USDT:USDT,295.5,40.6,295.49,40.6,296.21,50.6,296.33,50.6
1753617629326,12:00:29.326,ascendex,AAVE/USDT:USDT,295.5,40.6,295.49,40.6,296.21,50.6,296.33,50.6
1753617629731,12:00:29.731,ascendex,AAVE/USDT:USDT,295.5,40.6,295.49,40.6,296.21,50.6,296.33,50.6
1753617633330,12:00:33.330,ascendex,AAVE/USDT:USDT,295.5,40.6,295.49,40.6,296.21,50.6,296.33,50.6
1753617636362,12:00:36.362,ascendex,AAVE/USDT:USDT,295.5,40.6,295.49,40.6,296.21,50.6,296.33,50.6
1753617636762,12:00:36.762,ascendex,AAVE/USDT:USDT,295.5,40.6,295.49,40.6,296.21,50.6,296.33,50.6
1753617639606,12:00:39.606,ascendex,AAVE/USDT:USDT,295.5,40.6,295.26,40.7,296.21,50.6,296.33,50.6
1753617639760,12:00:39.760,ascendex,AAVE/USDT:USDT,295.5,40.6,295.39,40.6,296.21,50.6,296.33,50.6
1753617642388,12:00:42.388,ascendex,AAVE/USDT:USDT,295.5,40.6,295.39,40.6,296.21,50.6,296.33,50.6
1753617645120,12:00:45.120,ascendex,AAVE/USDT:USDT,295.5,40.6,295.39,40.6,296.21,50.6,296.33,50.6
1753617660400,12:01:00.400,ascendex,AAVE/USDT:USDT,295.5,40.6,295.39,40.6,296.21,50.6,296.33,50.6
1753617661291,12:01:01.291,ascendex,AAVE/USDT:USDT,295.5,81.2,295.39,40.6,296.21,50.6,296.33,50.6
1753617666147,12:01:06.147,ascendex,AAVE/USDT:USDT,295.5,81.2,295.39,40.6,296.21,50.6,296.33,50.6
1753617666403,12:01:06.403,ascendex,AAVE/USDT:USDT,295.5,81.2,295.39,40.6,296.21,50.6,296.33,50.6
1753617669435,12:01:09.435,ascendex,AAVE/USDT:USDT,295.5,81.2,295.39,40.6,296.21,50.6,296.33,50.6
1753617677902,12:01:17.902,ascendex,AAVE/USDT:USDT,295.5,81.2,295.28,0.6,296.21,50.6,296.33,50.6
1753617678281,12:01:18.281,ascendex,AAVE/USDT:USDT,295.5,40.6,295.28,0.6,296.21,50.6,296.33,50.6
1753617678437,12:01:18.437,ascendex,AAVE/USDT:USDT,295.5,40.6,295.41,29.1,296.21,50.6,296.33,50.6
1753617684221,12:01:24.221,ascendex,AAVE/USDT:USDT,295.5,40.6,295.41,29.1,296.21,50.6,296.33,50.6
1753617684435,12:01:24.435,ascendex,AAVE/USDT:USDT,295.5,40.6,295.41,29.1,296.21,50.6,296.33,50.6
1753617685511,12:01:25.511,ascendex,AAVE/USDT:USDT,295.5,40.6,295.41,29.1,296.21,50.6,296.33,50.6
1753617685919,12:01:25.919,ascendex,AAVE/USDT:USDT,295.5,40.6,295.41,29.1,296.21,50.6,296.33,50.6
1753617690450,12:01:30.450,ascendex,AAVE/USDT:USDT,295.5,81.2,295.41,29.1,296.21,50.6,296.33,50.6
1753617691681,12:01:31.681,ascendex,AAVE/USDT:USDT,295.5,81.2,295.41,29.1,296.33,50.6,296.37,48.2
1753617691965,12:01:31.965,ascendex,AAVE/USDT:USDT,295.5,81.2,295.41,29.1,296.33,50.6,296.37,48.2
1753617692185,12:01:32.185,ascendex,AAVE/USDT:USDT,295.5,81.2,295.41,29.1,296.33,50.6,296.37,48.2
1753617692434,12:01:32.434,ascendex,AAVE/USDT:USDT,295.61,40.6,295.5,81.2,296.33,50.6,296.37,48.2
1753617692953,12:01:32.953,ascendex,AAVE/USDT:USDT,295.61,40.6,295.5,81.2,296.33,50.6,296.37,48.2
1753617693683,12:01:33.683,ascendex,AAVE/USDT:USDT,295.61,40.6,295.5,81.2,296.33,50.6,296.37,48.2
1753617694290,12:01:34.290,ascendex,AAVE/USDT:USDT,295.61,40.6,295.5,81.2,296.33,50.6,296.37,48.2
1753617694810,12:01:34.810,ascendex,AAVE/USDT:USDT,295.61,40.6,295.5,81.2,296.33,50.6,296.37,48.2
1753617695225,12:01:35.225,ascendex,AAVE/USDT:USDT,295.61,40.6,295.5,81.2,296.33,50.6,296.37,48.2
1753617695343,12:01:35.343,ascendex,AAVE/USDT:USDT,295.61,40.6,295.5,81.2,296.33,50.6,296.37,48.2
1753617696442,12:01:36.442,ascendex,AAVE/USDT:USDT,295.61,40.6,295.5,81.2,296.33,50.6,296.37,48.2
1753617696979,12:01:36.979,ascendex,AAVE/USDT:USDT,295.61,40.6,295.5,81.2,296.33,50.6,296.37,48.2
1753617697464,12:01:37.464,ascendex,AAVE/USDT:USDT,295.61,40.6,295.5,40.6,296.33,50.6,296.37,48.2
1753617697934,12:01:37.934,ascendex,AAVE/USDT:USDT,295.61,40.6,295.5,40.6,296.33,50.6,296.37,48.2
1753617698978,12:01:38.978,ascendex,AAVE/USDT:USDT,295.61,40.6,295.5,40.6,296.33,50.6,296.37,48.2
1753617699218,12:01:39.218,ascendex,AAVE/USDT:USDT,295.61,40.6,295.5,40.6,296.33,50.6,296.66,50.5
1753617699496,12:01:39.496,ascendex,AAVE/USDT:USDT,295.7,40.6,295.61,40.6,296.33,50.6,296.47,50.6
1753617699837,12:01:39.837,ascendex,AAVE/USDT:USDT,295.7,40.6,295.61,40.6,296.47,50.6,296.66,50.5
1753617700199,12:01:40.199,ascendex,AAVE/USDT:USDT,295.7,40.6,295.68,40.6,296.47,50.6,296.66,50.5
1753617700496,12:01:40.496,ascendex,AAVE/USDT:USDT,295.7,40.6,295.68,40.6,296.47,50.6,296.51,50.6
1753617701207,12:01:41.207,ascendex,AAVE/USDT:USDT,295.7,40.6,295.68,40.6,296.47,50.6,296.51,50.6
1753617702450,12:01:42.450,ascendex,AAVE/USDT:USDT,295.7,40.6,295.68,40.6,296.47,50.6,296.51,50.6
1753617703630,12:01:43.630,ascendex,AAVE/USDT:USDT,295.7,40.6,295.68,40.6,296.47,50.6,296.51,50.6
1753617705817,12:01:45.817,ascendex,AAVE/USDT:USDT,295.7,40.6,295.68,40.6,296.47,50.6,296.51,50.6
1753617706230,12:01:46.230,ascendex,AAVE/USDT:USDT,295.7,40.6,295.68,40.6,296.47,50.6,296.51,50.6
1753617706621,12:01:46.621,ascendex,AAVE/USDT:USDT,295.7,40.6,295.68,40.6,296.47,50.6,296.51,50.6
1753617707053,12:01:47.053,ascendex,AAVE/USDT:USDT,295.7,40.6,295.68,40.6,296.47,50.6,296.51,50.6
1753617707664,12:01:47.664,ascendex,AAVE/USDT:USDT,295.7,40.6,295.68,40.6,296.47,50.6,296.51,50.6
1753617708038,12:01:48.038,ascendex,AAVE/USDT:USDT,295.7,40.6,295.68,40.6,296.47,50.6,296.51,50.6
1753617708546,12:01:48.546,ascendex,AAVE/USDT:USDT,295.68,40.6,295.6,20.2,296.37,50.6,296.47,50.6
1753617708823,12:01:48.823,ascendex,AAVE/USDT:USDT,295.68,40.6,295.6,20.2,296.37,50.6,296.47,50.6
1753617709635,12:01:49.635,ascendex,AAVE/USDT:USDT,295.68,40.6,295.6,20.2,296.37,50.6,296.47,50.6
1753617710037,12:01:50.037,ascendex,AAVE/USDT:USDT,295.68,40.6,295.6,20.2,296.37,50.6,296.51,50.6
1753617710170,12:01:50.170,ascendex,AAVE/USDT:USDT,295.68,40.6,295.6,20.2,296.37,50.6,296.51,50.6
1753617710682,12:01:50.682,ascendex,AAVE/USDT:USDT,295.68,40.6,295.6,20.2,296.37,50.6,296.51,50.6
1753617711222,12:01:51.222,ascendex,AAVE/USDT:USDT,295.68,40.6,295.6,20.2,296.37,50.6,296.51,50.6
1753617713170,12:01:53.170,ascendex,AAVE/USDT:USDT,295.68,40.6,295.6,20.2,296.37,50.6,296.51,50.6
1753617715061,12:01:55.061,ascendex,AAVE/USDT:USDT,295.68,40.6,295.6,20.2,296.37,50.6,296.51,50.6
1753617717468,12:01:57.468,ascendex,AAVE/USDT:USDT,295.68,40.6,295.6,20.2,296.37,50.6,296.51,50.6
1753617719058,12:01:59.058,ascendex,AAVE/USDT:USDT,295.68,40.6,295.6,20.2,296.37,50.6,296.51,50.6
1753617719568,12:01:59.568,ascendex,AAVE/USDT:USDT,295.68,40.6,295.6,20.2,296.37,50.6,296.51,50.6
1753617720839,12:02:00.839,ascendex,AAVE/USDT:USDT,295.68,40.6,295.6,20.2,296.37,50.6,296.51,50.6
1753617722633,12:02:02.633,ascendex,AAVE/USDT:USDT,295.68,40.6,295.6,20.2,296.37,50.6,296.51,50.6
1753617723580,12:02:03.580,ascendex,AAVE/USDT:USDT,295.68,40.6,295.6,20.2,296.37,50.6,296.51,50.6
1753617724672,12:02:04.672,ascendex,AAVE/USDT:USDT,295.68,40.6,295.6,20.2,296.37,50.6,296.51,50.6
1753617726864,12:02:06.864,ascendex,AAVE/USDT:USDT,295.68,40.6,295.6,20.2,296.37,50.6,296.51,50.6
1753617727665,12:02:07.665,ascendex,AAVE/USDT:USDT,295.68,40.6,295.6,20.2,296.37,50.6,296.51,50.6
1753617729901,12:02:09.901,ascendex,AAVE/USDT:USDT,295.6,20.2,295.37,40.6,296.32,50.6,296.37,50.6
1753617731103,12:02:11.103,ascendex,AAVE/USDT:USDT,295.49,4.9,295.37,40.6,296.26,50.6,296.32,50.6
1753617732161,12:02:12.161,ascendex,AAVE/USDT:USDT,295.51,35.8,295.49,4.9,296.26,50.6,296.32,50.6
1753617732647,12:02:12.647,ascendex,AAVE/USDT:USDT,295.51,35.8,295.37,40.6,296.26,50.6,296.32,50.6
1753617734222,12:02:14.222,ascendex,AAVE/USDT:USDT,295.51,35.8,295.37,40.6,296.26,50.6,296.32,50.6
1753617734711,12:02:14.711,ascendex,AAVE/USDT:USDT,295.51,35.8,295.37,40.6,296.26,50.6,296.32,50.6
1753617735844,12:02:15.844,ascendex,AAVE/USDT:USDT,295.52,40.6,295.51,35.8,296.26,50.6,296.32,50.6
1753617736324,12:02:16.324,ascendex,AAVE/USDT:USDT,295.52,40.6,295.51,35.8,296.26,50.6,296.32,50.6
1753617736658,12:02:16.658,ascendex,AAVE/USDT:USDT,295.52,40.6,295.51,35.8,296.26,50.6,296.32,50.6
1753617736914,12:02:16.914,ascendex,AAVE/USDT:USDT,295.52,40.6,295.51,35.8,296.26,50.6,296.32,50.6
1753617737251,12:02:17.251,ascendex,AAVE/USDT:USDT,295.52,40.6,295.51,35.8,296.26,50.6,296.32,50.6
1753617739272,12:02:19.272,ascendex,AAVE/USDT:USDT,295.52,40.6,295.51,35.8,296.32,50.6,296.55,50.6
1753617739680,12:02:19.680,ascendex,AAVE/USDT:USDT,295.61,40.6,295.52,40.6,296.32,50.6,296.38,50.6
1753617740173,12:02:20.173,ascendex,AAVE/USDT:USDT,295.61,40.6,295.52,40.6,296.32,50.6,296.38,50.6
1753617740691,12:02:20.691,ascendex,AAVE/USDT:USDT,295.61,40.6,295.52,40.6,296.32,50.6,296.38,50.6
1753617740750,12:02:20.750,ascendex,AAVE/USDT:USDT,295.61,40.6,295.52,40.6,296.32,50.6,296.38,50.6
1753617741171,12:02:21.171,ascendex,AAVE/USDT:USDT,295.61,40.6,295.52,40.6,296.32,50.6,296.38,50.6
1753617743222,12:02:23.222,ascendex,AAVE/USDT:USDT,295.61,40.6,295.52,40.6,296.32,50.6,296.38,50.6
1753617743739,12:02:23.739,ascendex,AAVE/USDT:USDT,295.61,40.6,295.52,40.6,296.32,50.6,296.38,50.6
1753617746231,12:02:26.231,ascendex,AAVE/USDT:USDT,295.61,40.6,295.52,40.6,296.32,50.6,296.38,50.6
1753617750767,12:02:30.767,ascendex,AAVE/USDT:USDT,295.61,40.6,295.52,40.6,296.32,50.6,296.38,50.6
1753617752201,12:02:32.201,ascendex,AAVE/USDT:USDT,295.61,40.6,295.52,40.6,296.32,50.6,296.38,50.6
1753617752730,12:02:32.730,ascendex,AAVE/USDT:USDT,295.61,40.6,295.52,40.6,296.32,50.6,296.38,50.6
1753617755244,12:02:35.244,ascendex,AAVE/USDT:USDT,295.61,40.6,295.52,40.6,296.32,50.6,296.38,50.6
1753617755727,12:02:35.727,ascendex,AAVE/USDT:USDT,295.61,40.6,295.52,40.6,296.32,50.6,296.38,50.6
1753617756214,12:02:36.214,ascendex,AAVE/USDT:USDT,295.61,40.6,295.52,40.6,296.32,50.6,296.38,50.6
1753617764840,12:02:44.840,ascendex,AAVE/USDT:USDT,295.61,40.6,295.52,40.6,296.32,50.6,296.38,50.6
1753617767328,12:02:47.328,ascendex,AAVE/USDT:USDT,295.61,40.6,295.52,40.6,296.32,50.6,296.38,50.6
1753617776332,12:02:56.332,ascendex,AAVE/USDT:USDT,295.61,40.6,295.52,40.6,296.32,50.6,296.38,50.6
1753617779895,12:02:59.895,ascendex,AAVE/USDT:USDT,295.61,40.6,295.52,40.6,296.32,50.6,296.38,50.6
1753617781386,12:03:01.386,ascendex,AAVE/USDT:USDT,295.61,40.6,295.52,40.6,296.55,50.6,296.66,50.5
1753617781761,12:03:01.761,ascendex,AAVE/USDT:USDT,295.7,40.6,295.61,40.6,296.55,50.6,296.66,50.5
1753617782489,12:03:02.489,ascendex,AAVE/USDT:USDT,295.7,40.6,295.61,40.6,296.55,50.6,296.66,50.5
1753617782748,12:03:02.748,ascendex,AAVE/USDT:USDT,295.7,40.6,295.61,40.6,296.55,50.6,296.66,73.4
1753617783518,12:03:03.518,ascendex,AAVE/USDT:USDT,295.7,40.6,295.61,40.6,296.55,50.6,296.66,73.4
1753617785519,12:03:05.519,ascendex,AAVE/USDT:USDT,295.7,40.6,295.61,40.6,296.48,50.6,296.55,50.6
1753617785882,12:03:05.882,ascendex,AAVE/USDT:USDT,295.7,40.6,295.52,40.6,296.45,50.6,296.48,50.6
1753617786302,12:03:06.302,ascendex,AAVE/USDT:USDT,295.7,40.6,295.52,40.6,296.45,50.6,296.48,50.6
1753617787001,12:03:07.001,ascendex,AAVE/USDT:USDT,295.7,40.6,295.52,40.6,296.45,50.6,296.48,50.6
1753617787403,12:03:07.403,ascendex,AAVE/USDT:USDT,295.7,40.6,295.52,40.6,296.45,50.6,296.48,50.6
1753617787713,12:03:07.713,ascendex,AAVE/USDT:USDT,295.7,40.6,295.52,40.6,296.45,50.6,296.48,50.6
1753617788284,12:03:08.284,ascendex,AAVE/USDT:USDT,295.7,40.6,295.52,40.6,296.45,50.6,296.48,50.6
1753617788795,12:03:08.795,ascendex,AAVE/USDT:USDT,295.7,40.6,295.52,40.6,296.45,50.6,296.48,50.6
1753617790553,12:03:10.553,ascendex,AAVE/USDT:USDT,295.7,40.6,295.52,40.6,296.45,50.6,296.48,50.6
1753617790930,12:03:10.930,ascendex,AAVE/USDT:USDT,295.7,40.6,295.52,40.6,296.45,50.6,296.48,50.6
1753617792521,12:03:12.521,ascendex,AAVE/USDT:USDT,295.71,40.6,295.7,40.6,296.45,50.6,296.48,50.6
1753617801526,12:03:21.526,ascendex,AAVE/USDT:USDT,295.71,40.6,295.7,40.6,296.45,50.6,296.48,50.6
1753617801841,12:03:21.841,ascendex,AAVE/USDT:USDT,295.71,40.6,295.7,40.6,296.45,50.6,296.48,50.6
1753617804541,12:03:24.541,ascendex,AAVE/USDT:USDT,295.71,40.6,295.7,40.6,296.45,50.6,296.48,50.6
1753617807315,12:03:27.315,ascendex,AAVE/USDT:USDT,295.71,40.6,295.7,40.6,296.45,50.6,296.48,50.6
1753617807611,12:03:27.611,ascendex,AAVE/USDT:USDT,295.71,40.6,295.7,40.6,296.45,50.6,296.48,50.6
1753617807842,12:03:27.842,ascendex,AAVE/USDT:USDT,295.79,40.6,295.71,40.6,296.48,50.6,296.66,42.9
1753617808316,12:03:28.316,ascendex,AAVE/USDT:USDT,295.79,40.6,295.71,40.6,296.48,50.6,296.56,50.6
1753617818437,12:03:38.437,ascendex,AAVE/USDT:USDT,295.79,40.6,295.71,40.6,296.48,50.6,296.56,50.6
1753617821354,12:03:41.354,ascendex,AAVE/USDT:USDT,295.79,40.6,295.71,40.6,296.56,50.6,296.8,44.4
1753617821646,12:03:41.646,ascendex,AAVE/USDT:USDT,295.79,40.6,295.71,40.6,296.56,50.6,296.67,50.5
1753617821882,12:03:41.882,ascendex,AAVE/USDT:USDT,295.79,40.6,295.71,40.6,296.56,50.6,296.67,50.5
1753617822466,12:03:42.466,ascendex,AAVE/USDT:USDT,295.89,40.6,295.79,40.6,296.66,8.7,296.67,50.5
1753617822677,12:03:42.677,ascendex,AAVE/USDT:USDT,295.89,40.6,295.79,40.6,296.66,8.7,296.67,50.5
1753617823152,12:03:43.152,ascendex,AAVE/USDT:USDT,295.89,40.6,295.79,40.6,296.66,8.7,296.67,50.5
1753617824206,12:03:44.206,ascendex,AAVE/USDT:USDT,295.89,40.6,295.79,40.6,296.66,8.7,296.67,50.5
1753617824470,12:03:44.470,ascendex,AAVE/USDT:USDT,295.89,40.6,295.79,40.6,296.66,8.7,296.67,50.5
1753617825486,12:03:45.486,ascendex,AAVE/USDT:USDT,295.89,40.6,295.79,40.6,296.66,8.7,296.67,50.5
1753617825923,12:03:45.923,ascendex,AAVE/USDT:USDT,295.89,40.6,295.79,40.6,296.66,8.7,296.67,50.5
1753617827196,12:03:47.196,ascendex,AAVE/USDT:USDT,295.89,40.6,295.79,40.6,296.66,8.7,296.67,50.5
1753617829925,12:03:49.925,ascendex,AAVE/USDT:USDT,295.89,40.6,295.79,40.6,296.66,8.7,296.67,50.5
1753617830144,12:03:50.144,ascendex,AAVE/USDT:USDT,295.9,40.6,295.89,40.6,296.66,8.7,296.67,50.5
1753617830498,12:03:50.498,ascendex,AAVE/USDT:USDT,295.9,40.6,295.89,40.6,296.66,8.7,296.67,50.5
1753617830874,12:03:50.874,ascendex,AAVE/USDT:USDT,295.9,40.6,295.89,40.6,296.66,8.7,296.67,50.5
1753617830905,12:03:50.905,ascendex,AAVE/USDT:USDT,295.9,40.6,295.89,40.6,296.67,50.5,296.71,41.9
1753617831425,12:03:51.425,ascendex,AAVE/USDT:USDT,295.9,40.6,295.89,40.6,296.67,50.5,296.71,41.9
1753617831652,12:03:51.652,ascendex,AAVE/USDT:USDT,295.9,40.6,295.89,40.6,296.67,50.5,296.71,41.9
1753617833081,12:03:53.081,ascendex,AAVE/USDT:USDT,295.9,40.6,295.89,40.6,296.67,50.5,296.71,41.9
1753617834721,12:03:54.721,ascendex,AAVE/USDT:USDT,295.9,40.6,295.89,40.6,296.67,50.5,296.71,41.9
1753617834993,12:03:54.993,ascendex,AAVE/USDT:USDT,295.9,40.6,295.89,40.6,296.67,50.5,296.71,41.9
1753617835953,12:03:55.953,ascendex,AAVE/USDT:USDT,295.9,40.6,295.89,40.6,296.67,50.5,296.71,41.9
1753617836443,12:03:56.443,ascendex,AAVE/USDT:USDT,295.9,40.6,295.89,40.6,296.67,50.5,296.71,41.9
1753617838171,12:03:58.171,ascendex,AAVE/USDT:USDT,295.9,40.6,295.89,40.6,296.67,50.5,296.71,41.9
1753617838469,12:03:58.469,ascendex,AAVE/USDT:USDT,295.9,40.6,295.89,40.6,296.62,50.6,296.67,50.5
1753617838996,12:03:58.996,ascendex,AAVE/USDT:USDT,295.77,40.6,295.5,40.6,296.62,50.6,296.67,50.5
1753617839158,12:03:59.158,ascendex,AAVE/USDT:USDT,295.77,40.6,295.71,20.4,296.62,50.6,296.67,50.5
1753617839472,12:03:59.472,ascendex,AAVE/USDT:USDT,295.77,40.6,295.71,20.4,296.51,50.6,296.62,50.6
1753617842256,12:04:02.256,ascendex,AAVE/USDT:USDT,295.71,20.4,295.5,40.6,296.51,50.6,296.62,50.6
1753617842479,12:04:02.479,ascendex,AAVE/USDT:USDT,295.71,20.4,295.66,40.6,296.51,50.6,296.62,50.6
1753617842918,12:04:02.918,ascendex,AAVE/USDT:USDT,295.71,20.4,295.66,40.6,296.46,50.6,296.51,50.6
1753617843158,12:04:03.158,ascendex,AAVE/USDT:USDT,295.71,20.4,295.66,40.6,296.46,50.6,296.51,50.6
1753617843379,12:04:03.379,ascendex,AAVE/USDT:USDT,295.71,20.4,295.66,40.6,296.46,50.6,296.51,50.6
1753617843631,12:04:03.631,ascendex,AAVE/USDT:USDT,295.71,20.4,295.66,40.6,296.46,50.6,296.51,50.6
1753617844111,12:04:04.111,ascendex,AAVE/USDT:USDT,295.71,20.4,295.66,40.6,296.38,50.6,296.46,50.6
1753617844249,12:04:04.249,ascendex,AAVE/USDT:USDT,295.5,40.6,295.3,40.7,296.38,50.6,296.46,50.6
1753617844681,12:04:04.681,ascendex,AAVE/USDT:USDT,295.51,40.6,295.5,40.6,296.38,50.6,296.46,50.6
1753617845007,12:04:05.007,ascendex,AAVE/USDT:USDT,295.51,40.6,295.5,40.6,296.28,50.6,296.38,50.6
1753617845458,12:04:05.458,ascendex,AAVE/USDT:USDT,295.51,40.6,295.5,40.6,296.28,50.6,296.46,50.6
1753617845724,12:04:05.724,ascendex,AAVE/USDT:USDT,295.51,40.6,295.5,40.6,296.28,50.6,296.46,50.6
1753617845978,12:04:05.978,ascendex,AAVE/USDT:USDT,295.51,40.6,295.5,40.6,296.28,50.6,296.46,50.6
1753617846394,12:04:06.394,ascendex,AAVE/USDT:USDT,295.51,40.6,295.5,40.6,296.28,50.6,296.46,50.6
1753617846711,12:04:06.711,ascendex,AAVE/USDT:USDT,295.51,40.6,295.5,40.6,296.28,101.2,296.46,50.6
1753617847071,12:04:07.071,ascendex,AAVE/USDT:USDT,295.51,40.6,295.5,40.6,296.28,101.2,296.51,50.6
1753617847186,12:04:07.186,ascendex,AAVE/USDT:USDT,295.51,40.6,295.5,40.6,296.28,101.2,296.51,50.6
1753617847581,12:04:07.581,ascendex,AAVE/USDT:USDT,295.51,40.6,295.5,40.6,296.28,101.2,296.51,50.6
1753617847771,12:04:07.771,ascendex,AAVE/USDT:USDT,295.51,40.6,295.5,40.6,296.28,101.2,296.51,50.6
1753617848715,12:04:08.715,ascendex,AAVE/USDT:USDT,295.51,40.6,295.5,40.6,296.28,101.2,296.51,50.6
1753617849240,12:04:09.240,ascendex,AAVE/USDT:USDT,295.51,40.6,295.5,40.6,296.28,101.2,296.51,50.6
1753617849459,12:04:09.459,ascendex,AAVE/USDT:USDT,295.51,40.6,295.5,40.6,296.28,101.2,296.51,50.6
1753617849970,12:04:09.970,ascendex,AAVE/USDT:USDT,295.51,40.6,295.5,40.6,296.28,101.2,296.51,50.6
1753617851488,12:04:11.488,ascendex,AAVE/USDT:USDT,295.51,40.6,295.5,40.6,296.28,101.2,296.51,50.6
1753617854001,12:04:14.001,ascendex,AAVE/USDT:USDT,295.6,40.6,295.51,40.6,296.28,50.6,296.37,4.2
1753617854502,12:04:14.502,ascendex,AAVE/USDT:USDT,295.6,40.6,295.51,40.6,296.28,50.6,296.37,4.2
1753617854975,12:04:14.975,ascendex,AAVE/USDT:USDT,295.6,40.6,295.51,40.6,296.28,50.6,296.41,46.4
1753617855965,12:04:15.965,ascendex,AAVE/USDT:USDT,295.6,40.6,295.51,40.6,296.28,50.6,296.41,46.4
1753617856772,12:04:16.772,ascendex,AAVE/USDT:USDT,295.6,40.6,295.51,40.6,296.28,50.6,296.41,46.4
1753617858737,12:04:18.737,ascendex,AAVE/USDT:USDT,295.6,40.6,295.51,40.6,296.41,46.4,296.51,50.6
1753617859086,12:04:19.086,ascendex,AAVE/USDT:USDT,295.69,5.1,295.6,40.6,296.51,50.6,296.64,34.6
1753617859260,12:04:19.260,ascendex,AAVE/USDT:USDT,295.69,5.1,295.6,40.6,296.49,50.6,296.51,50.6
1753617859524,12:04:19.524,ascendex,AAVE/USDT:USDT,295.69,40.6,295.6,40.6,296.49,50.6,296.51,50.6
1753617859961,12:04:19.961,ascendex,AAVE/USDT:USDT,295.69,35.5,295.6,40.6,296.49,50.6,296.51,50.6
1753617860541,12:04:20.541,ascendex,AAVE/USDT:USDT,295.6,40.6,295.51,40.6,296.49,50.6,296.51,50.6
1753617861029,12:04:21.029,ascendex,AAVE/USDT:USDT,295.6,40.6,295.51,40.6,296.42,50.6,296.49,50.6
1753617861677,12:04:21.677,ascendex,AAVE/USDT:USDT,295.6,40.6,295.51,40.6,296.42,50.6,296.49,50.6
1753617862047,12:04:22.047,ascendex,AAVE/USDT:USDT,295.6,40.6,295.51,40.6,296.42,50.6,296.49,50.6
1753617862515,12:04:22.515,ascendex,AAVE/USDT:USDT,295.69,40.6,295.6,40.6,296.42,50.6,296.49,50.6
1753617862807,12:04:22.807,ascendex,AAVE/USDT:USDT,295.69,40.6,295.6,40.6,296.42,50.6,296.49,50.6
1753617863069,12:04:23.069,ascendex,AAVE/USDT:USDT,295.69,40.6,295.6,40.6,296.42,50.6,296.49,50.6
1753617863548,12:04:23.548,ascendex,AAVE/USDT:USDT,295.7,40.6,295.69,40.6,296.49,50.6,296.54,50.6
1753617864053,12:04:24.053,ascendex,AAVE/USDT:USDT,295.7,40.6,295.69,40.6,296.49,50.6,296.54,50.6
1753617864421,12:04:24.421,ascendex,AAVE/USDT:USDT,295.7,40.6,295.69,40.6,296.49,50.6,296.54,50.6
1753617864765,12:04:24.765,ascendex,AAVE/USDT:USDT,295.7,40.6,295.69,40.6,296.49,50.6,296.54,50.6
1753617865046,12:04:25.046,ascendex,AAVE/USDT:USDT,295.7,40.6,295.69,40.6,296.49,50.6,296.54,50.6
1753617865554,12:04:25.554,ascendex,AAVE/USDT:USDT,295.7,40.6,295.69,40.6,296.44,50.6,296.49,50.6
1753617865767,12:04:25.767,ascendex,AAVE/USDT:USDT,295.7,40.6,295.69,40.6,296.44,50.6,296.49,50.6
1753617866116,12:04:26.116,ascendex,AAVE/USDT:USDT,295.7,40.6,295.69,40.6,296.44,50.6,296.49,50.6
1753617867412,12:04:27.412,ascendex,AAVE/USDT:USDT,295.7,40.6,295.69,40.6,296.44,50.6,296.49,50.6
1753617868021,12:04:28.021,ascendex,AAVE/USDT:USDT,295.7,40.6,295.69,40.6,296.44,50.6,296.49,50.6
1753617868815,12:04:28.815,ascendex,AAVE/USDT:USDT,295.7,40.6,295.69,40.6,296.44,50.6,296.49,50.6
1753617870687,12:04:30.687,ascendex,AAVE/USDT:USDT,295.7,40.6,295.69,40.6,296.44,50.6,296.49,50.6
1753617871030,12:04:31.030,ascendex,AAVE/USDT:USDT,295.7,40.6,295.69,40.6,296.44,50.6,296.49,50.6
1753617872012,12:04:32.012,ascendex,AAVE/USDT:USDT,295.7,40.6,295.69,40.6,296.44,50.6,296.49,50.6
1753617872276,12:04:32.276,ascendex,AAVE/USDT:USDT,295.7,40.6,295.69,40.6,296.44,50.6,296.49,50.6
1753617872617,12:04:32.617,ascendex,AAVE/USDT:USDT,295.7,40.6,295.69,40.6,296.44,50.6,296.49,50.6
1753617873416,12:04:33.416,ascendex,AAVE/USDT:USDT,295.7,40.6,295.69,40.6,296.44,50.6,296.49,50.6
1753617873736,12:04:33.736,ascendex,AAVE/USDT:USDT,295.7,40.6,295.69,40.6,296.44,50.6,296.49,50.6
1753617874822,12:04:34.822,ascendex,AAVE/USDT:USDT,295.7,40.6,295.69,40.6,296.44,50.6,296.49,50.6
1753617875121,12:04:35.121,ascendex,AAVE/USDT:USDT,295.78,40.6,295.7,40.6,296.49,50.6,296.55,50.6
1753617875255,12:04:35.255,ascendex,AAVE/USDT:USDT,295.78,40.6,295.7,40.6,296.49,50.6,296.55,50.6
1753617875581,12:04:35.581,ascendex,AAVE/USDT:USDT,295.78,40.6,295.7,40.6,296.49,50.6,296.55,50.6
1753617876099,12:04:36.099,ascendex,AAVE/USDT:USDT,295.78,40.6,295.7,40.6,296.49,50.6,296.55,50.6
1753617876273,12:04:36.273,ascendex,AAVE/USDT:USDT,295.78,40.6,295.7,40.6,296.49,50.6,296.55,50.6
1753617876668,12:04:36.668,ascendex,AAVE/USDT:USDT,295.78,40.6,295.7,40.6,296.49,50.6,296.55,50.6
1753617877301,12:04:37.301,ascendex,AAVE/USDT:USDT,295.78,40.6,295.7,40.6,296.49,50.6,296.55,50.6
1753617877817,12:04:37.817,ascendex,AAVE/USDT:USDT,295.78,40.6,295.7,40.6,296.49,50.6,296.55,50.6
1753617878088,12:04:38.088,ascendex,AAVE/USDT:USDT,295.78,40.6,295.7,40.6,296.49,50.6,296.55,50.6
1753617878484,12:04:38.484,ascendex,AAVE/USDT:USDT,295.78,40.6,295.7,40.6,296.49,50.6,296.55,50.6
1753617879078,12:04:39.078,ascendex,AAVE/USDT:USDT,295.78,40.6,295.7,40.6,296.49,50.6,296.55,50.6
1753617879545,12:04:39.545,ascendex,AAVE/USDT:USDT,295.78,40.6,295.7,40.6,296.49,50.6,296.55,50.6
1753617882239,12:04:42.239,ascendex,AAVE/USDT:USDT,295.78,40.6,295.7,40.6,296.49,50.6,296.55,50.6
1753617882790,12:04:42.790,ascendex,AAVE/USDT:USDT,295.78,40.6,295.7,40.6,296.49,50.6,296.55,50.6
1753617882912,12:04:42.912,ascendex,AAVE/USDT:USDT,295.78,40.6,295.7,40.6,296.49,50.6,296.55,50.6
1753617885109,12:04:45.109,ascendex,AAVE/USDT:USDT,295.7,40.6,295.67,4.0,296.44,50.6,296.49,50.6
1753617885515,12:04:45.515,ascendex,AAVE/USDT:USDT,295.7,40.6,295.67,4.0,296.44,50.6,296.49,50.6
1753617886140,12:04:46.140,ascendex,AAVE/USDT:USDT,295.7,40.6,295.67,38.7,296.44,50.6,296.49,50.6
1753617886579,12:04:46.579,ascendex,AAVE/USDT:USDT,295.7,40.6,295.67,34.7,296.44,50.6,296.49,50.6
1753617887265,12:04:47.265,ascendex,AAVE/USDT:USDT,295.7,40.6,295.67,34.7,296.44,50.6,296.49,50.6
1753617887555,12:04:47.555,ascendex,AAVE/USDT:USDT,295.7,40.6,295.58,40.3,296.44,50.6,296.49,50.6
1753617890122,12:04:50.122,ascendex,AAVE/USDT:USDT,295.7,40.6,295.58,40.3,296.44,50.6,296.49,50.6
1753617891645,12:04:51.645,ascendex,AAVE/USDT:USDT,295.7,40.6,295.58,40.3,296.44,50.6,296.49,50.6
1753617891705,12:04:51.705,ascendex,AAVE/USDT:USDT,295.7,40.6,295.58,40.3,296.44,50.6,296.49,50.6
1753617894506,12:04:54.506,ascendex,AAVE/USDT:USDT,295.7,40.6,295.58,40.3,296.44,50.6,296.49,50.6
1753617894694,12:04:54.694,ascendex,AAVE/USDT:USDT,295.7,40.6,295.58,40.3,296.44,50.6,296.49,50.6
1753617900758,12:05:00.758,ascendex,AAVE/USDT:USDT,295.71,40.6,295.7,40.6,296.44,50.6,296.49,50.6
1753617901107,12:05:01.107,ascendex,AAVE/USDT:USDT,295.71,40.6,295.7,40.6,296.44,50.6,296.49,50.6
1753617901648,12:05:01.648,ascendex,AAVE/USDT:USDT,295.71,40.6,295.7,40.6,296.44,50.6,296.49,50.6
1753617903318,12:05:03.318,ascendex,AAVE/USDT:USDT,295.71,40.6,295.7,40.6,296.44,50.6,296.49,50.6
1753617903703,12:05:03.703,ascendex,AAVE/USDT:USDT,295.71,40.6,295.7,40.6,296.49,50.6,296.66,50.5
1753617903769,12:05:03.769,ascendex,AAVE/USDT:USDT,295.71,40.6,295.7,40.6,296.49,50.6,296.66,50.5
1753617904302,12:05:04.302,ascendex,AAVE/USDT:USDT,295.71,40.6,295.7,40.6,296.49,50.6,296.54,50.6
1753617905833,12:05:05.833,ascendex,AAVE/USDT:USDT,295.71,40.6,295.7,40.6,296.49,50.6,296.54,50.6
1753617907298,12:05:07.298,ascendex,AAVE/USDT:USDT,295.71,40.6,295.7,40.6,296.49,50.6,296.54,50.6
1753617916348,12:05:16.348,ascendex,AAVE/USDT:USDT,295.71,40.6,295.7,40.6,296.49,50.6,296.54,50.6
1753617916791,12:05:16.791,ascendex,AAVE/USDT:USDT,295.8,40.6,295.71,40.6,296.49,50.6,296.54,50.6
1753617917170,12:05:17.170,ascendex,AAVE/USDT:USDT,295.8,40.6,295.71,40.6,296.49,50.6,296.54,50.6
1753617917378,12:05:17.378,ascendex,AAVE/USDT:USDT,295.8,40.6,295.71,40.6,296.49,50.6,296.77,2.7
1753617917671,12:05:17.671,ascendex,AAVE/USDT:USDT,295.8,40.6,295.71,40.6,296.49,50.6,296.63,50.6
1753617918680,12:05:18.680,ascendex,AAVE/USDT:USDT,295.8,40.6,295.71,40.6,296.49,50.6,296.63,50.6
1753617918984,12:05:18.984,ascendex,AAVE/USDT:USDT,295.8,40.6,295.71,40.6,296.63,50.6,296.77,2.7
1753617919357,12:05:19.357,ascendex,AAVE/USDT:USDT,295.89,40.6,295.8,40.6,296.63,50.6,296.69,50.5
1753617921666,12:05:21.666,ascendex,AAVE/USDT:USDT,295.89,40.6,295.7,40.6,296.63,50.6,296.69,50.5
1753617923793,12:05:23.793,ascendex,AAVE/USDT:USDT,295.89,40.6,295.7,40.6,296.63,50.6,296.69,50.5
1753617924003,12:05:24.003,ascendex,AAVE/USDT:USDT,295.89,40.6,295.7,40.6,296.63,50.6,296.69,50.5
1753617924897,12:05:24.897,ascendex,AAVE/USDT:USDT,295.89,40.6,295.7,40.6,296.63,50.6,296.69,50.5
1753617925701,12:05:25.701,ascendex,AAVE/USDT:USDT,295.89,40.6,295.7,40.6,296.63,50.6,296.69,50.5
1753617925860,12:05:25.860,ascendex,AAVE/USDT:USDT,295.89,40.6,295.7,40.6,296.63,50.6,296.69,50.5
1753617926518,12:05:26.518,ascendex,AAVE/USDT:USDT,295.89,40.6,295.7,40.6,296.63,50.6,296.69,50.5
1753617927802,12:05:27.802,ascendex,AAVE/USDT:USDT,295.79,10.2,295.7,40.6,296.63,50.6,296.69,50.5
1753617929232,12:05:29.232,ascendex,AAVE/USDT:USDT,295.79,10.2,295.7,40.6,296.54,50.6,296.63,50.6
1753617929402,12:05:29.402,ascendex,AAVE/USDT:USDT,295.79,10.2,295.7,40.6,296.54,50.6,296.63,50.6
1753617929678,12:05:29.678,ascendex,AAVE/USDT:USDT,295.7,40.6,295.68,13.3,296.54,50.6,296.63,50.6
1753617930318,12:05:30.318,ascendex,AAVE/USDT:USDT,295.7,40.6,295.68,13.3,296.54,50.6,296.63,50.6
1753617930692,12:05:30.692,ascendex,AAVE/USDT:USDT,295.7,40.6,295.68,13.3,296.54,50.6,296.63,50.6
1753617930947,12:05:30.947,ascendex,AAVE/USDT:USDT,295.7,40.6,295.68,13.3,296.54,50.6,296.63,50.6
1753617932373,12:05:32.373,ascendex,AAVE/USDT:USDT,295.7,40.6,295.68,13.3,296.5,50.6,296.54,50.6
1753617932519,12:05:32.519,ascendex,AAVE/USDT:USDT,295.7,40.6,295.68,13.3,296.5,50.6,296.54,50.6
1753617936759,12:05:36.759,ascendex,AAVE/USDT:USDT,295.7,40.6,295.68,13.3,296.44,50.6,296.5,50.6
1753617936938,12:05:36.938,ascendex,AAVE/USDT:USDT,295.7,40.6,295.68,13.3,296.44,50.6,296.5,50.6
1753617938398,12:05:38.398,ascendex,AAVE/USDT:USDT,295.7,40.6,295.68,13.3,296.44,50.6,296.5,50.6
1753617939950,12:05:39.950,ascendex,AAVE/USDT:USDT,295.7,40.6,295.68,13.3,296.44,50.6,296.5,50.6
1753617949859,12:05:49.859,ascendex,AAVE/USDT:USDT,295.7,40.6,295.68,13.3,296.44,50.6,296.5,50.6
1753617950320,12:05:50.320,ascendex,AAVE/USDT:USDT,295.7,40.6,295.68,13.3,296.44,50.6,296.5,50.6
1753617950414,12:05:50.414,ascendex,AAVE/USDT:USDT,295.7,40.6,295.68,13.3,296.44,50.6,296.5,50.6
1753617951419,12:05:51.419,ascendex,AAVE/USDT:USDT,295.7,40.6,295.68,13.3,296.44,50.6,296.5,50.6
1753617951906,12:05:51.906,ascendex,AAVE/USDT:USDT,295.7,40.6,295.68,13.3,296.44,50.6,296.5,50.6
1753617952085,12:05:52.085,ascendex,AAVE/USDT:USDT,295.7,40.6,295.68,13.3,296.5,50.6,296.64,50.6
1753617952393,12:05:52.393,ascendex,AAVE/USDT:USDT,295.7,40.6,295.68,13.3,296.5,50.6,296.53,5.8
1753617952815,12:05:52.815,ascendex,AAVE/USDT:USDT,295.7,40.6,295.68,13.3,296.5,50.6,296.53,50.5
1753617953276,12:05:53.276,ascendex,AAVE/USDT:USDT,295.7,40.6,295.68,13.3,296.5,50.6,296.53,44.7
1753617962818,12:06:02.818,ascendex,AAVE/USDT:USDT,295.7,40.6,295.68,13.3,296.43,50.6,296.5,50.6
1753617963307,12:06:03.307,ascendex,AAVE/USDT:USDT,295.7,40.6,295.57,14.5,296.43,50.6,296.5,50.6
1753617963385,12:06:03.385,ascendex,AAVE/USDT:USDT,295.7,40.6,295.57,14.5,296.43,50.6,296.5,50.6
1753617963753,12:06:03.753,ascendex,AAVE/USDT:USDT,295.7,40.6,295.57,14.5,296.43,50.6,296.5,50.6
1753617964221,12:06:04.221,ascendex,AAVE/USDT:USDT,295.7,40.6,295.57,14.5,296.43,50.6,296.5,50.6
1753617964883,12:06:04.883,ascendex,AAVE/USDT:USDT,295.7,40.6,295.57,14.5,296.43,50.6,296.5,50.6
1753617965384,12:06:05.384,ascendex,AAVE/USDT:USDT,295.7,40.6,295.57,14.5,296.43,50.6,296.5,50.6
1753617966887,12:06:06.887,ascendex,AAVE/USDT:USDT,295.7,40.6,295.57,14.5,296.43,50.6,296.5,50.6
1753617969753,12:06:09.753,ascendex,AAVE/USDT:USDT,295.7,40.6,295.57,14.5,296.43,50.6,296.5,50.6
1753617971572,12:06:11.572,ascendex,AAVE/USDT:USDT,295.7,40.6,295.57,14.5,296.43,50.6,296.5,50.6
1753617973381,12:06:13.381,ascendex,AAVE/USDT:USDT,295.7,40.6,295.57,14.5,296.43,50.6,296.5,50.6
1753617975417,12:06:15.417,ascendex,AAVE/USDT:USDT,295.7,40.6,295.57,14.5,296.43,50.6,296.5,50.6
1753617975773,12:06:15.773,ascendex,AAVE/USDT:USDT,295.7,40.6,295.57,14.5,296.43,50.6,296.5,50.6
1753617976908,12:06:16.908,ascendex,AAVE/USDT:USDT,295.7,40.6,295.57,14.5,296.43,50.6,296.5,50.6
1753617977397,12:06:17.397,ascendex,AAVE/USDT:USDT,295.7,40.6,295.57,14.5,296.43,50.6,296.5,50.6
1753617979971,12:06:19.971,ascendex,AAVE/USDT:USDT,295.71,40.6,295.7,40.6,296.43,50.6,296.5,50.6
1753617981788,12:06:21.788,ascendex,AAVE/USDT:USDT,295.71,40.6,295.7,40.6,296.43,50.6,296.5,50.6
1753617983993,12:06:23.993,ascendex,AAVE/USDT:USDT,295.71,40.6,295.7,40.6,296.43,50.6,296.5,50.6
1753617984784,12:06:24.784,ascendex,AAVE/USDT:USDT,295.71,40.6,295.7,40.6,296.43,50.6,296.5,50.6
1753617987029,12:06:27.029,ascendex,AAVE/USDT:USDT,295.71,40.6,295.7,40.6,296.43,50.6,296.5,50.6
1753617988889,12:06:28.889,ascendex,AAVE/USDT:USDT,295.71,40.6,295.7,40.6,296.43,50.6,296.5,50.6
1753617989569,12:06:29.569,ascendex,AAVE/USDT:USDT,295.71,40.6,295.7,40.6,296.43,50.6,296.5,50.6
1753617991243,12:06:31.243,ascendex,AAVE/USDT:USDT,295.71,40.6,295.7,40.6,296.43,50.6,296.5,50.6
1753617991936,12:06:31.936,ascendex,AAVE/USDT:USDT,295.71,40.6,295.7,40.6,296.43,50.6,296.5,50.6
1753617992582,12:06:32.582,ascendex,AAVE/USDT:USDT,295.71,40.6,295.7,40.6,296.43,50.6,296.5,50.6
1753617992976,12:06:32.976,ascendex,AAVE/USDT:USDT,295.71,40.6,295.7,40.6,296.43,50.6,296.5,50.6
1753617993773,12:06:33.773,ascendex,AAVE/USDT:USDT,295.71,40.6,295.7,40.6,296.43,50.6,296.5,50.6
1753617993987,12:06:33.987,ascendex,AAVE/USDT:USDT,295.71,40.6,295.7,40.6,296.43,50.6,296.5,50.6
1753617994922,12:06:34.922,ascendex,AAVE/USDT:USDT,295.71,40.6,295.7,40.6,296.43,50.6,296.5,50.6
1753617995507,12:06:35.507,ascendex,AAVE/USDT:USDT,295.71,40.6,295.7,40.6,296.43,50.6,296.5,50.6
1753617997257,12:06:37.257,ascendex,AAVE/USDT:USDT,295.7,40.6,295.47,0.6,296.43,50.6,296.5,50.6
1753617997499,12:06:37.499,ascendex,AAVE/USDT:USDT,295.7,40.6,295.61,5.6,296.43,50.6,296.5,50.6
1753617998006,12:06:38.006,ascendex,AAVE/USDT:USDT,295.7,40.6,295.61,5.6,296.43,50.6,296.5,50.6
1753617998502,12:06:38.502,ascendex,AAVE/USDT:USDT,295.7,40.6,295.61,5.6,296.43,50.6,296.5,50.6
1753618003138,12:06:43.138,ascendex,AAVE/USDT:USDT,295.61,5.6,295.52,40.6,296.33,50.6,296.43,50.6
1753618003153,12:06:43.153,ascendex,AAVE/USDT:USDT,295.61,5.6,295.52,40.6,296.33,50.6,296.43,50.6
1753618005003,12:06:45.003,ascendex,AAVE/USDT:USDT,295.61,5.6,295.53,35.0,296.33,50.6,296.43,50.6
1753618005555,12:06:45.555,ascendex,AAVE/USDT:USDT,295.53,35.0,295.52,40.6,296.33,50.6,296.43,50.6
1753618005795,12:06:45.795,ascendex,AAVE/USDT:USDT,295.53,35.0,295.52,40.6,296.33,50.6,296.43,50.6
1753618006257,12:06:46.257,ascendex,AAVE/USDT:USDT,295.53,35.0,295.52,40.6,296.33,50.6,296.43,50.6
1753618006924,12:06:46.924,ascendex,AAVE/USDT:USDT,295.53,35.0,295.52,40.6,296.33,50.6,296.43,50.6
1753618009588,12:06:49.588,ascendex,AAVE/USDT:USDT,295.53,35.0,295.52,40.6,296.33,50.6,296.43,50.6
1753618010058,12:06:50.058,ascendex,AAVE/USDT:USDT,295.53,35.0,295.52,40.6,296.33,50.6,296.43,50.6
1753618020170,12:07:00.170,ascendex,AAVE/USDT:USDT,295.53,35.0,295.52,40.6,296.3,50.6,296.33,50.6
1753618020654,12:07:00.654,ascendex,AAVE/USDT:USDT,295.53,35.0,295.52,40.6,296.3,50.6,296.33,50.6
1753618022158,12:07:02.158,ascendex,AAVE/USDT:USDT,295.53,35.0,295.52,40.6,296.3,50.6,296.33,50.6
1753618022662,12:07:02.662,ascendex,AAVE/USDT:USDT,295.52,40.6,295.37,40.6,296.18,50.6,296.3,50.6
1753618022777,12:07:02.777,ascendex,AAVE/USDT:USDT,295.37,40.6,295.13,39.2,296.18,50.6,296.3,50.6
1753618023178,12:07:03.178,ascendex,AAVE/USDT:USDT,295.37,40.6,295.33,4.3,296.18,50.6,296.3,50.6
1753618023673,12:07:03.673,ascendex,AAVE/USDT:USDT,295.37,40.6,295.33,4.3,296.18,50.6,296.3,50.6
1753618024182,12:07:04.182,ascendex,AAVE/USDT:USDT,295.37,40.6,295.32,36.4,296.18,50.6,296.3,50.6
1753618024602,12:07:04.602,ascendex,AAVE/USDT:USDT,295.37,40.6,295.32,36.4,296.18,50.6,296.3,50.6
1753618024683,12:07:04.683,ascendex,AAVE/USDT:USDT,295.37,40.6,295.32,36.4,296.18,50.6,296.3,50.6
1753618025234,12:07:05.234,ascendex,AAVE/USDT:USDT,295.37,40.6,295.32,36.4,296.18,50.6,296.3,50.6
1753618027616,12:07:07.616,ascendex,AAVE/USDT:USDT,295.37,40.6,295.32,36.4,296.18,50.6,296.3,50.6
1753618028592,12:07:08.592,ascendex,AAVE/USDT:USDT,295.37,40.6,295.32,36.4,296.18,50.6,296.3,50.6
1753618029178,12:07:09.178,ascendex,AAVE/USDT:USDT,295.37,40.6,295.32,36.4,296.18,50.6,296.3,50.6
1753618029801,12:07:09.801,ascendex,AAVE/USDT:USDT,295.37,40.6,295.32,36.4,296.18,50.6,296.3,50.6
1753618030629,12:07:10.629,ascendex,AAVE/USDT:USDT,295.37,40.6,295.32,36.4,296.18,50.6,296.3,50.6
1753618031645,12:07:11.645,ascendex,AAVE/USDT:USDT,295.37,40.6,295.32,36.4,296.18,50.6,296.3,50.6
1753618032125,12:07:12.125,ascendex,AAVE/USDT:USDT,295.37,40.6,295.32,36.4,296.18,50.6,296.3,50.6
1753618032800,12:07:12.800,ascendex,AAVE/USDT:USDT,295.37,40.6,295.32,36.4,296.18,50.6,296.3,50.6
1753618034615,12:07:14.615,ascendex,AAVE/USDT:USDT,295.37,40.6,295.32,36.4,296.18,50.6,296.3,50.6
1753618035078,12:07:15.078,ascendex,AAVE/USDT:USDT,295.37,40.6,295.32,36.4,296.18,50.6,296.3,50.6
1753618037617,12:07:17.617,ascendex,AAVE/USDT:USDT,295.37,40.6,295.32,36.4,296.18,50.6,296.3,50.6
1753618042171,12:07:22.171,ascendex,AAVE/USDT:USDT,295.37,40.6,295.32,36.4,296.18,50.6,296.3,50.6
1753618043137,12:07:23.137,ascendex,AAVE/USDT:USDT,295.37,40.6,295.32,36.4,296.18,50.6,296.3,50.6
1753618044232,12:07:24.232,ascendex,AAVE/USDT:USDT,295.37,40.6,295.32,36.4,296.12,50.6,296.18,50.6
1753618044814,12:07:24.814,ascendex,AAVE/USDT:USDT,295.37,40.6,295.32,36.4,296.09,50.6,296.12,50.6
1753618045184,12:07:25.184,ascendex,AAVE/USDT:USDT,295.32,36.4,295.13,39.2,296.09,50.6,296.12,50.6
1753618045281,12:07:25.281,ascendex,AAVE/USDT:USDT,295.32,36.4,295.13,39.2,296.09,50.6,296.12,50.6
1753618045642,12:07:25.642,ascendex,AAVE/USDT:USDT,295.32,36.4,295.28,40.7,296.09,50.6,296.12,50.6
1753618047680,12:07:27.680,ascendex,AAVE/USDT:USDT,295.32,36.4,295.28,40.7,296.09,50.6,296.12,50.6
1753618047997,12:07:27.997,ascendex,AAVE/USDT:USDT,295.32,36.4,295.28,40.7,296.09,50.6,296.12,50.6
1753618048157,12:07:28.157,ascendex,AAVE/USDT:USDT,295.32,36.4,295.28,40.7,296.09,50.6,296.12,50.6
1753618048945,12:07:28.945,ascendex,AAVE/USDT:USDT,295.32,36.4,295.28,40.7,296.09,50.6,296.12,50.6
1753618051948,12:07:31.948,ascendex,AAVE/USDT:USDT,295.32,36.4,295.28,40.7,296.09,50.6,296.12,50.6
1753618052651,12:07:32.651,ascendex,AAVE/USDT:USDT,295.32,36.4,295.28,40.7,296.09,50.6,296.12,50.6
1753618053646,12:07:33.646,ascendex,AAVE/USDT:USDT,295.32,36.4,295.28,40.7,296.09,50.6,296.12,50.6
1753618053744,12:07:33.744,ascendex,AAVE/USDT:USDT,295.32,36.4,295.28,40.7,295.98,41.9,296.09,50.6
1753618054265,12:07:34.265,ascendex,AAVE/USDT:USDT,295.32,36.4,295.28,40.7,295.98,41.9,296.09,50.6
1753618055239,12:07:35.239,ascendex,AAVE/USDT:USDT,295.32,36.4,295.28,40.7,295.98,41.9,296.09,50.6
1753618055776,12:07:35.776,ascendex,AAVE/USDT:USDT,295.32,36.4,295.28,40.7,295.98,41.9,296.09,50.6
1753618058174,12:07:38.174,ascendex,AAVE/USDT:USDT,295.32,36.4,295.19,8.2,295.98,41.9,296.09,50.6
1753618059863,12:07:39.863,ascendex,AAVE/USDT:USDT,295.32,36.4,295.19,8.2,295.98,41.9,296.09,50.6
1753618063037,12:07:43.037,ascendex,AAVE/USDT:USDT,295.19,8.2,295.03,40.7,295.98,41.9,296.09,50.6
1753618063271,12:07:43.271,ascendex,AAVE/USDT:USDT,295.19,8.2,295.16,40.7,295.98,41.9,296.09,50.6
1753618064279,12:07:44.279,ascendex,AAVE/USDT:USDT,295.19,8.2,295.16,40.7,295.93,38.8,295.98,41.9
1753618064768,12:07:44.768,ascendex,AAVE/USDT:USDT,295.19,8.2,295.16,40.7,295.89,50.7,295.93,38.8
1753618065219,12:07:45.219,ascendex,AAVE/USDT:USDT,295.19,8.2,295.16,40.7,295.89,50.7,295.93,38.8
1753618066860,12:07:46.860,ascendex,AAVE/USDT:USDT,295.19,8.2,295.16,40.7,296.09,50.6,296.12,50.6
1753618067271,12:07:47.271,ascendex,AAVE/USDT:USDT,295.29,40.7,295.16,40.7,296.09,50.6,296.12,50.6
1753618067758,12:07:47.758,ascendex,AAVE/USDT:USDT,295.29,40.7,295.16,40.7,296.09,50.6,296.12,50.6
1753618068208,12:07:48.208,ascendex,AAVE/USDT:USDT,295.29,40.7,295.16,40.7,296.09,50.6,296.12,50.6
1753618070650,12:07:50.650,ascendex,AAVE/USDT:USDT,295.29,40.7,295.16,40.7,296.09,50.6,296.12,50.6
1753618072260,12:07:52.260,ascendex,AAVE/USDT:USDT,295.29,40.7,295.16,40.7,296.09,50.6,296.12,50.6
1753618073644,12:07:53.644,ascendex,AAVE/USDT:USDT,295.29,40.7,295.16,40.7,296.09,50.6,296.12,50.6
1753618073745,12:07:53.745,ascendex,AAVE/USDT:USDT,295.29,40.7,295.16,40.7,296.09,50.6,296.12,50.6
1753618083860,12:08:03.860,ascendex,AAVE/USDT:USDT,295.29,40.7,295.16,40.7,296.09,50.6,296.12,50.6
1753618086270,12:08:06.270,ascendex,AAVE/USDT:USDT,295.29,40.7,295.16,40.7,295.99,50.7,296.09,50.6
1753618086465,12:08:06.465,ascendex,AAVE/USDT:USDT,295.16,40.7,295.03,40.7,295.99,50.7,296.09,50.6
1753618086904,12:08:06.904,ascendex,AAVE/USDT:USDT,295.18,40.7,295.16,40.7,295.99,50.7,296.09,50.6
1753618089108,12:08:09.108,ascendex,AAVE/USDT:USDT,295.18,40.7,295.16,40.7,295.99,50.7,296.09,50.6
1753618091688,12:08:11.688,ascendex,AAVE/USDT:USDT,295.18,40.7,295.16,40.7,295.99,50.7,296.09,50.6
1753618092251,12:08:12.251,ascendex,AAVE/USDT:USDT,295.28,40.7,295.18,40.7,295.99,50.7,296.12,50.6
1753618092433,12:08:12.433,ascendex,AAVE/USDT:USDT,295.28,40.7,295.18,40.7,295.99,50.7,296.12,50.6
1753618092776,12:08:12.776,ascendex,AAVE/USDT:USDT,295.28,40.7,295.18,40.7,295.99,50.7,296.12,50.6
1753618092912,12:08:12.912,ascendex,AAVE/USDT:USDT,295.28,40.7,295.18,40.7,295.99,50.7,296.12,50.6
1753618094353,12:08:14.353,ascendex,AAVE/USDT:USDT,295.28,40.7,295.18,40.7,296.12,50.6,296.23,50.6
1753618094789,12:08:14.789,ascendex,AAVE/USDT:USDT,295.28,40.7,295.18,40.7,296.08,50.6,296.12,50.6
1753618095841,12:08:15.841,ascendex,AAVE/USDT:USDT,295.28,40.7,295.18,40.7,296.08,50.6,296.12,50.6
1753618096770,12:08:16.770,ascendex,AAVE/USDT:USDT,295.28,40.7,295.18,40.7,296.08,50.6,296.12,50.6
1753618097684,12:08:17.684,ascendex,AAVE/USDT:USDT,295.28,40.7,295.18,40.7,296.08,50.6,296.12,50.6
1753618098134,12:08:18.134,ascendex,AAVE/USDT:USDT,295.28,40.7,295.18,40.7,296.08,50.6,296.12,50.6
1753618098252,12:08:18.252,ascendex,AAVE/USDT:USDT,295.28,40.7,295.18,40.7,296.08,50.6,296.12,50.6
1753618098752,12:08:18.752,ascendex,AAVE/USDT:USDT,295.28,40.7,295.18,40.7,296.08,50.6,296.12,50.6
1753618099264,12:08:19.264,ascendex,AAVE/USDT:USDT,295.28,40.7,295.18,40.7,296.08,50.6,296.12,50.6
1753618099953,12:08:19.953,ascendex,AAVE/USDT:USDT,295.34,40.7,295.28,40.7,296.08,50.6,296.12,50.6
1753618100273,12:08:20.273,ascendex,AAVE/USDT:USDT,295.39,40.6,295.34,40.7,296.08,50.6,296.12,50.6
1753618100803,12:08:20.803,ascendex,AAVE/USDT:USDT,295.39,40.6,295.34,40.7,296.08,50.6,296.12,50.6
1753618101123,12:08:21.123,ascendex,AAVE/USDT:USDT,295.39,40.6,295.34,40.7,296.08,50.6,296.12,50.6
1753618101971,12:08:21.971,ascendex,AAVE/USDT:USDT,295.39,40.6,295.34,40.7,296.12,50.6,296.34,50.6
1753618102299,12:08:22.299,ascendex,AAVE/USDT:USDT,295.39,40.6,295.34,40.7,296.12,50.6,296.18,50.6
1753618102836,12:08:22.836,ascendex,AAVE/USDT:USDT,295.39,40.6,295.34,40.7,296.12,50.6,296.18,50.6
1753618103252,12:08:23.252,ascendex,AAVE/USDT:USDT,295.39,40.6,295.34,40.7,296.12,50.6,296.18,50.6
1753618103661,12:08:23.661,ascendex,AAVE/USDT:USDT,295.39,40.6,295.34,40.7,296.12,50.6,296.18,50.6
1753618106676,12:08:26.676,ascendex,AAVE/USDT:USDT,295.39,40.6,295.34,40.7,296.12,50.6,296.18,50.6
1753618107164,12:08:27.164,ascendex,AAVE/USDT:USDT,295.39,40.6,295.34,40.7,296.12,50.6,296.18,50.6
1753618107941,12:08:27.941,ascendex,AAVE/USDT:USDT,295.39,40.6,295.34,40.7,296.34,50.6,296.44,50.6
1753618108338,12:08:28.338,ascendex,AAVE/USDT:USDT,295.39,40.6,295.34,40.7,296.34,50.6,296.44,50.6
1753618108579,12:08:28.579,ascendex,AAVE/USDT:USDT,295.54,40.6,295.52,4.6,296.34,50.6,296.44,50.6
1753618108933,12:08:28.933,ascendex,AAVE/USDT:USDT,295.54,40.6,295.52,4.6,296.34,50.6,296.44,50.6
1753618109064,12:08:29.064,ascendex,AAVE/USDT:USDT,295.54,40.6,295.52,40.6,296.34,50.6,296.44,50.6
1753618109571,12:08:29.571,ascendex,AAVE/USDT:USDT,295.54,40.6,295.52,36.0,296.34,50.6,296.44,50.6
1753618109888,12:08:29.888,ascendex,AAVE/USDT:USDT,295.54,40.6,295.52,36.0,296.34,50.6,296.44,50.6
1753618110893,12:08:30.893,ascendex,AAVE/USDT:USDT,295.54,40.6,295.52,36.0,296.34,50.6,296.44,50.6
1753618111385,12:08:31.385,ascendex,AAVE/USDT:USDT,295.54,40.6,295.52,36.0,296.34,50.6,296.44,50.6
1753618111543,12:08:31.543,ascendex,AAVE/USDT:USDT,295.54,40.6,295.39,40.6,296.34,50.6,296.44,50.6
1753618112068,12:08:32.068,ascendex,AAVE/USDT:USDT,295.54,40.6,295.52,40.6,296.34,50.6,296.44,50.6
1753618115027,12:08:35.027,ascendex,AAVE/USDT:USDT,295.54,40.6,295.52,40.6,296.34,50.6,296.44,50.6
1753618115680,12:08:35.680,ascendex,AAVE/USDT:USDT,295.54,40.6,295.52,40.6,296.34,50.6,296.44,50.6
1753618121979,12:08:41.979,ascendex,AAVE/USDT:USDT,295.54,40.6,295.52,40.6,296.34,50.6,296.44,50.6
1753618123466,12:08:43.466,ascendex,AAVE/USDT:USDT,295.54,40.6,295.52,40.6,296.34,50.6,296.44,50.6
1753618123976,12:08:43.976,ascendex,AAVE/USDT:USDT,295.54,40.6,295.52,40.6,296.34,50.6,296.44,50.6
1753618124489,12:08:44.489,ascendex,AAVE/USDT:USDT,295.54,40.6,295.52,40.6,296.34,50.6,296.44,50.6
1753618133780,12:08:53.780,ascendex,AAVE/USDT:USDT,295.54,40.6,295.52,40.6,296.34,50.6,296.44,50.6
1753618139609,12:08:59.609,ascendex,AAVE/USDT:USDT,295.54,40.6,295.52,40.6,296.34,50.6,296.44,50.6
1753618141117,12:09:01.117,ascendex,AAVE/USDT:USDT,295.54,40.6,295.52,40.6,296.34,50.6,296.44,50.6
1753618141732,12:09:01.732,ascendex,AAVE/USDT:USDT,295.54,40.6,295.52,40.6,296.34,50.6,296.44,50.6
1753618142951,12:09:02.951,ascendex,AAVE/USDT:USDT,295.65,40.6,295.54,40.6,296.34,50.6,296.44,50.6
1753618143159,12:09:03.159,ascendex,AAVE/USDT:USDT,295.65,40.6,295.54,40.6,296.34,50.6,296.44,50.6
1753618143944,12:09:03.944,ascendex,AAVE/USDT:USDT,295.65,40.6,295.54,40.6,296.43,35.8,296.44,50.6
1753618145020,12:09:05.020,ascendex,AAVE/USDT:USDT,295.65,40.6,295.54,40.6,296.43,35.8,296.44,50.6
1753618147334,12:09:07.334,ascendex,AAVE/USDT:USDT,295.65,40.6,295.54,40.6,296.43,35.8,296.44,50.6
1753618148974,12:09:08.974,ascendex,AAVE/USDT:USDT,295.65,40.6,295.54,40.6,296.43,35.8,296.44,50.6
1753618149642,12:09:09.642,ascendex,AAVE/USDT:USDT,295.65,40.6,295.54,40.6,296.43,35.8,296.44,50.6
1753618149901,12:09:09.901,ascendex,AAVE/USDT:USDT,295.65,40.6,295.54,40.6,296.43,35.8,296.44,50.6
1753618150235,12:09:10.235,ascendex,AAVE/USDT:USDT,295.65,40.6,295.54,40.6,296.44,50.6,296.64,50.6
1753618150647,12:09:10.647,ascendex,AAVE/USDT:USDT,295.79,40.6,295.77,40.6,296.44,50.6,296.64,50.6
1753618151272,12:09:11.272,ascendex,AAVE/USDT:USDT,295.79,40.6,295.77,40.6,296.64,50.6,296.74,12.4
1753618151562,12:09:11.562,ascendex,AAVE/USDT:USDT,295.79,40.6,295.77,40.6,296.64,50.6,296.74,12.4
1753618151691,12:09:11.691,ascendex,AAVE/USDT:USDT,295.79,40.6,295.77,40.6,296.64,50.6,296.74,12.4
1753618152074,12:09:12.074,ascendex,AAVE/USDT:USDT,295.79,40.6,295.77,40.6,296.64,50.6,296.65,5.9
1753618152567,12:09:12.567,ascendex,AAVE/USDT:USDT,295.89,40.6,295.79,40.6,296.64,50.6,296.65,5.9
1753618152894,12:09:12.894,ascendex,AAVE/USDT:USDT,295.89,40.6,295.79,40.6,296.64,50.6,296.65,5.9
1753618153054,12:09:13.054,ascendex,AAVE/USDT:USDT,295.89,40.6,295.79,40.6,296.64,50.6,296.69,44.7
1753618153364,12:09:13.364,ascendex,AAVE/USDT:USDT,295.89,40.6,295.79,40.6,296.64,50.6,296.69,44.7
1753618154830,12:09:14.830,ascendex,AAVE/USDT:USDT,295.89,40.6,295.79,40.6,296.64,50.6,296.69,44.7
1753618155498,12:09:15.498,ascendex,AAVE/USDT:USDT,295.89,40.6,295.79,40.6,296.64,50.6,296.69,44.7
1753618155975,12:09:15.975,ascendex,AAVE/USDT:USDT,295.89,40.6,295.77,40.6,296.64,50.6,296.69,44.7
1753618156085,12:09:16.085,ascendex,AAVE/USDT:USDT,295.89,40.6,295.77,40.6,296.64,50.6,296.69,44.7
1753618156526,12:09:16.526,ascendex,AAVE/USDT:USDT,295.89,40.6,295.77,40.6,296.64,50.6,296.69,44.7
1753618156982,12:09:16.982,ascendex,AAVE/USDT:USDT,295.89,40.6,295.77,40.6,296.64,50.6,296.69,44.7
1753618157583,12:09:17.583,ascendex,AAVE/USDT:USDT,295.89,40.6,295.77,40.6,296.64,50.6,296.69,44.7
1753618158979,12:09:18.979,ascendex,AAVE/USDT:USDT,295.89,40.6,295.77,40.6,296.64,50.6,296.69,44.7
1753618159464,12:09:19.464,ascendex,AAVE/USDT:USDT,295.89,40.6,295.77,40.6,296.64,50.6,296.69,44.7
1753618160071,12:09:20.071,ascendex,AAVE/USDT:USDT,295.89,40.6,295.77,40.6,296.64,50.6,296.69,44.7
1753618161897,12:09:21.897,ascendex,AAVE/USDT:USDT,295.89,40.6,295.77,40.6,296.64,50.6,296.69,44.7
1753618162107,12:09:22.107,ascendex,AAVE/USDT:USDT,295.89,40.6,295.77,40.6,296.64,50.6,296.69,44.7
1753618163049,12:09:23.049,ascendex,AAVE/USDT:USDT,295.89,40.6,295.77,40.6,296.64,50.6,296.69,44.7
1753618163604,12:09:23.604,ascendex,AAVE/USDT:USDT,295.89,40.6,295.77,40.6,296.64,50.6,296.69,44.7
1753618164122,12:09:24.122,ascendex,AAVE/USDT:USDT,295.89,40.6,295.77,40.6,296.64,50.6,296.69,44.7
1753618164910,12:09:24.910,ascendex,AAVE/USDT:USDT,295.89,40.6,295.77,40.6,296.64,50.6,296.69,44.7
1753618164910,12:09:24.910,ascendex,AAVE/USDT:USDT,295.89,40.6,295.77,40.6,296.64,50.6,296.69,44.7
1753618165580,12:09:25.580,ascendex,AAVE/USDT:USDT,295.89,40.6,295.77,40.6,296.64,50.6,296.69,44.7
1753618166088,12:09:26.088,ascendex,AAVE/USDT:USDT,295.89,40.6,295.77,40.6,296.64,50.6,296.69,44.7
1753618166574,12:09:26.574,ascendex,AAVE/USDT:USDT,295.89,40.6,295.77,40.6,296.64,50.6,296.69,44.7
1753618167911,12:09:27.911,ascendex,AAVE/USDT:USDT,295.89,40.6,295.77,40.6,296.64,50.6,296.69,44.7
1753618170117,12:09:30.117,ascendex,AAVE/USDT:USDT,295.89,40.6,295.78,21.7,296.69,44.7,296.73,50.5
1753618173116,12:09:33.116,ascendex,AAVE/USDT:USDT,296.03,40.5,295.89,40.6,296.69,44.7,296.73,50.5
1753618173269,12:09:33.269,ascendex,AAVE/USDT:USDT,296.03,40.5,296.01,40.6,296.73,50.5,296.91,50.0
1753618173640,12:09:33.640,ascendex,AAVE/USDT:USDT,296.03,40.5,296.01,40.6,296.73,50.5,296.91,50.0
1753618173938,12:09:33.938,ascendex,AAVE/USDT:USDT,296.03,40.5,296.01,40.6,296.73,50.5,296.91,50.0
1753618174371,12:09:34.371,ascendex,AAVE/USDT:USDT,296.03,40.5,296.01,40.6,296.73,50.5,296.91,50.0
1753618174618,12:09:34.618,ascendex,AAVE/USDT:USDT,296.03,40.5,296.01,40.6,296.91,50.0,297.0,50.5
1753618175306,12:09:35.306,ascendex,AAVE/USDT:USDT,296.03,40.5,296.01,40.6,296.82,14.4,296.91,50.0
1753618175619,12:09:35.619,ascendex,AAVE/USDT:USDT,296.03,40.5,296.01,40.6,296.91,50.0,297.0,50.5
1753618175838,12:09:35.838,ascendex,AAVE/USDT:USDT,296.03,40.5,296.01,40.6,296.91,50.0,297.0,50.5
1753618178119,12:09:38.119,ascendex,AAVE/USDT:USDT,296.03,40.5,296.01,40.6,296.91,50.0,297.0,50.5
1753618178634,12:09:38.634,ascendex,AAVE/USDT:USDT,296.03,40.5,296.01,40.6,296.91,50.0,297.0,50.5
1753618179185,12:09:39.185,ascendex,AAVE/USDT:USDT,296.03,40.5,296.01,40.6,296.82,50.5,296.91,50.0
1753618180172,12:09:40.172,ascendex,AAVE/USDT:USDT,296.03,40.5,296.01,40.6,296.82,50.5,297.0,50.5
1753618180688,12:09:40.688,ascendex,AAVE/USDT:USDT,296.03,40.5,296.01,40.6,296.81,37.2,296.82,50.5
1753618181155,12:09:41.155,ascendex,AAVE/USDT:USDT,296.03,40.5,296.01,40.6,296.82,50.5,297.0,50.5
1753618181848,12:09:41.848,ascendex,AAVE/USDT:USDT,296.03,40.5,296.01,40.6,296.82,50.5,297.0,50.5
1753618182184,12:09:42.184,ascendex,AAVE/USDT:USDT,296.03,40.5,296.01,40.6,296.82,50.5,297.0,50.5
1753618183696,12:09:43.696,ascendex,AAVE/USDT:USDT,296.03,40.5,296.01,40.6,296.82,50.5,297.0,50.5
1753618184092,12:09:44.092,ascendex,AAVE/USDT:USDT,296.03,40.5,296.01,40.6,296.82,50.5,297.0,50.5
1753618184185,12:09:44.185,ascendex,AAVE/USDT:USDT,296.03,40.5,296.01,40.6,296.82,50.5,297.0,50.5
1753618184813,12:09:44.813,ascendex,AAVE/USDT:USDT,296.03,40.5,296.01,40.6,296.82,50.5,297.0,50.5
1753618189172,12:09:49.172,ascendex,AAVE/USDT:USDT,296.03,40.5,296.01,40.6,296.82,101.0,297.0,50.5
1753618190786,12:09:50.786,ascendex,AAVE/USDT:USDT,296.03,40.5,296.01,40.6,296.82,101.0,296.92,1.4
1753618190850,12:09:50.850,ascendex,AAVE/USDT:USDT,296.03,40.5,296.01,40.6,296.82,101.0,296.92,1.4
1753618191282,12:09:51.282,ascendex,AAVE/USDT:USDT,296.03,40.5,296.01,40.6,296.72,50.5,296.82,101.0
1753618191690,12:09:51.690,ascendex,AAVE/USDT:USDT,296.01,40.6,295.94,15.4,296.72,50.5,296.82,101.0
1753618191919,12:09:51.919,ascendex,AAVE/USDT:USDT,296.01,40.6,295.94,15.4,296.72,50.5,296.82,101.0
1753618192107,12:09:52.107,ascendex,AAVE/USDT:USDT,296.01,40.6,295.94,15.4,296.72,50.5,296.82,101.0
1753618192372,12:09:52.372,ascendex,AAVE/USDT:USDT,296.01,40.6,295.94,15.4,296.72,50.5,296.82,101.0
1753618192813,12:09:52.813,ascendex,AAVE/USDT:USDT,296.01,40.6,295.94,15.4,296.72,50.5,296.82,101.0
1753618193523,12:09:53.523,ascendex,AAVE/USDT:USDT,296.01,40.6,295.94,15.4,296.72,50.5,296.82,101.0
1753618193875,12:09:53.875,ascendex,AAVE/USDT:USDT,296.01,40.6,295.94,15.4,296.72,50.5,296.82,101.0
1753618194236,12:09:54.236,ascendex,AAVE/USDT:USDT,296.01,40.6,295.94,15.4,296.72,50.5,296.82,101.0
1753618194312,12:09:54.312,ascendex,AAVE/USDT:USDT,296.01,40.6,295.94,15.4,296.72,50.5,296.82,101.0
1753618196317,12:09:56.317,ascendex,AAVE/USDT:USDT,296.01,40.6,295.94,15.4,296.72,50.5,296.82,50.5
1753618196543,12:09:56.543,ascendex,AAVE/USDT:USDT,296.01,40.6,295.94,15.4,296.82,50.5,296.97,0.8
1753618196837,12:09:56.837,ascendex,AAVE/USDT:USDT,296.03,40.5,296.01,40.6,296.8,50.5,296.82,50.5
1753618197211,12:09:57.211,ascendex,AAVE/USDT:USDT,296.03,40.5,296.01,40.6,296.8,50.5,296.82,50.5
1753618197956,12:09:57.956,ascendex,AAVE/USDT:USDT,296.03,40.5,296.01,40.6,296.8,50.5,296.82,50.5
1753618198330,12:09:58.330,ascendex,AAVE/USDT:USDT,296.03,40.5,296.01,40.6,296.8,50.5,296.82,50.5
1753618198824,12:09:58.824,ascendex,AAVE/USDT:USDT,296.03,40.5,296.01,40.6,296.8,50.5,296.82,50.5
1753618199709,12:09:59.709,ascendex,AAVE/USDT:USDT,296.03,40.5,296.01,40.6,296.8,50.5,296.82,50.5
1753618200192,12:10:00.192,ascendex,AAVE/USDT:USDT,296.03,40.5,296.01,40.6,296.8,50.5,296.82,50.5
1753618202086,12:10:02.086,ascendex,AAVE/USDT:USDT,296.03,40.5,296.01,40.6,296.8,50.5,296.82,50.5
1753618205263,12:10:05.263,ascendex,AAVE/USDT:USDT,296.03,40.5,296.01,40.6,296.8,50.5,296.82,50.5
1753618205558,12:10:05.558,ascendex,AAVE/USDT:USDT,296.03,40.5,296.01,40.6,296.8,50.5,296.82,50.5
1753618206938,12:10:06.938,ascendex,AAVE/USDT:USDT,296.03,40.5,296.01,40.6,296.8,50.5,296.82,50.5
1753618207277,12:10:07.277,ascendex,AAVE/USDT:USDT,296.03,40.5,296.01,40.6,296.8,50.5,296.82,50.5
1753618208538,12:10:08.538,ascendex,AAVE/USDT:USDT,296.03,40.5,296.01,40.6,296.8,50.5,296.82,50.5
1753618208862,12:10:08.862,ascendex,AAVE/USDT:USDT,296.03,40.5,296.01,40.6,296.8,50.5,296.82,50.5
1753618209981,12:10:09.981,ascendex,AAVE/USDT:USDT,296.03,40.5,296.01,40.6,296.8,50.5,296.82,50.5
1753618211556,12:10:11.556,ascendex,AAVE/USDT:USDT,296.03,40.5,296.01,40.6,296.8,50.5,296.82,50.5
1753618211845,12:10:11.845,ascendex,AAVE/USDT:USDT,296.01,40.6,295.91,16.9,296.65,50.5,296.8,50.5
1753618212747,12:10:12.747,ascendex,AAVE/USDT:USDT,296.01,40.6,295.91,16.9,296.65,50.5,296.8,50.5
1753618212977,12:10:12.977,ascendex,AAVE/USDT:USDT,296.01,40.6,295.91,16.9,296.65,50.5,296.8,50.5
1753618213233,12:10:13.233,ascendex,AAVE/USDT:USDT,296.01,40.6,295.91,16.9,296.65,50.5,296.8,50.5
1753618217363,12:10:17.363,ascendex,AAVE/USDT:USDT,296.01,40.6,295.91,16.9,296.65,50.5,296.82,50.5
1753618217860,12:10:17.860,ascendex,AAVE/USDT:USDT,296.01,40.6,295.91,16.9,296.65,50.5,296.82,50.5
1753618219776,12:10:19.776,ascendex,AAVE/USDT:USDT,296.01,40.6,295.91,16.9,296.65,50.5,296.82,50.5
1753618221555,12:10:21.555,ascendex,AAVE/USDT:USDT,296.01,40.6,295.91,16.9,296.82,50.5,296.9,3.4
1753618221983,12:10:21.983,ascendex,AAVE/USDT:USDT,296.01,40.6,295.91,16.9,296.74,50.5,296.82,50.5
1753618222292,12:10:22.292,ascendex,AAVE/USDT:USDT,296.01,40.6,296.0,40.6,296.74,50.5,296.82,50.5
1753618222781,12:10:22.781,ascendex,AAVE/USDT:USDT,296.01,40.6,296.0,40.6,296.74,50.5,296.82,50.5
1753618223571,12:10:23.571,ascendex,AAVE/USDT:USDT,296.01,40.6,296.0,40.6,296.74,50.5,296.82,50.5
1753618225449,12:10:25.449,ascendex,AAVE/USDT:USDT,296.01,40.6,296.0,40.6,296.74,50.5,296.82,50.5
1753618225875,12:10:25.875,ascendex,AAVE/USDT:USDT,296.01,40.6,296.0,40.6,296.74,50.5,296.82,50.5
1753618227978,12:10:27.978,ascendex,AAVE/USDT:USDT,296.01,40.6,296.0,40.6,296.74,50.5,296.82,50.5
1753618228256,12:10:28.256,ascendex,AAVE/USDT:USDT,296.01,40.6,296.0,40.6,296.74,50.5,296.82,50.5
1753618229601,12:10:29.601,ascendex,AAVE/USDT:USDT,296.01,40.6,296.0,40.6,296.74,50.5,296.82,50.5
1753618230816,12:10:30.816,ascendex,AAVE/USDT:USDT,296.01,40.6,296.0,40.6,296.74,50.5,296.82,50.5
1753618230971,12:10:30.971,ascendex,AAVE/USDT:USDT,296.01,40.6,296.0,40.6,296.74,50.5,296.82,50.5
1753618231405,12:10:31.405,ascendex,AAVE/USDT:USDT,296.01,40.6,296.0,40.6,296.82,50.5,296.83,50.5
1753618232320,12:10:32.320,ascendex,AAVE/USDT:USDT,296.01,40.6,296.0,40.6,296.82,50.5,296.83,50.5
1753618242228,12:10:42.228,ascendex,AAVE/USDT:USDT,296.01,40.6,296.0,40.6,296.82,50.5,296.83,50.5
1753618244871,12:10:44.871,ascendex,AAVE/USDT:USDT,296.01,40.6,296.0,40.6,296.82,50.5,296.83,50.5
1753618245976,12:10:45.976,ascendex,AAVE/USDT:USDT,296.01,40.6,296.0,40.6,296.82,50.5,296.83,50.5
1753618247916,12:10:47.916,ascendex,AAVE/USDT:USDT,296.01,40.6,295.88,29.9,296.82,50.5,296.83,50.5
1753618248050,12:10:48.050,ascendex,AAVE/USDT:USDT,295.88,29.9,295.7,1.4,296.64,50.6,296.82,50.5
1753618248522,12:10:48.522,ascendex,AAVE/USDT:USDT,295.88,29.9,295.83,40.6,296.64,50.6,296.82,50.5
1753618248852,12:10:48.852,ascendex,AAVE/USDT:USDT,295.88,29.9,295.83,40.6,296.64,50.6,296.82,50.5
1753618248987,12:10:48.987,ascendex,AAVE/USDT:USDT,295.88,29.9,295.83,40.6,296.64,50.6,296.82,50.5
1753618249360,12:10:49.360,ascendex,AAVE/USDT:USDT,295.88,29.9,295.83,40.6,296.64,50.6,296.82,50.5
1753618249823,12:10:49.823,ascendex,AAVE/USDT:USDT,295.88,29.9,295.83,40.6,296.63,50.5,296.64,50.6
1753618250115,12:10:50.115,ascendex,AAVE/USDT:USDT,295.88,29.9,295.83,40.6,296.63,50.5,296.64,50.6
1753618250584,12:10:50.584,ascendex,AAVE/USDT:USDT,295.88,29.9,295.83,40.6,296.63,50.5,296.64,50.6
1753618250902,12:10:50.902,ascendex,AAVE/USDT:USDT,295.88,29.9,295.83,40.6,296.63,50.5,296.64,50.6
1753618251322,12:10:51.322,ascendex,AAVE/USDT:USDT,295.88,29.9,295.83,40.6,296.63,50.5,296.64,50.6
1753618251996,12:10:51.996,ascendex,AAVE/USDT:USDT,295.88,29.9,295.83,40.6,296.63,50.5,296.64,50.6
1753618252364,12:10:52.364,ascendex,AAVE/USDT:USDT,295.88,29.9,295.83,40.6,296.63,50.5,296.64,50.6
1753618253621,12:10:53.621,ascendex,AAVE/USDT:USDT,295.88,29.9,295.83,40.6,296.63,50.5,296.83,50.5
1753618253877,12:10:53.877,ascendex,AAVE/USDT:USDT,295.97,40.6,295.88,29.9,296.63,50.5,296.83,50.5
1753618253957,12:10:53.957,ascendex,AAVE/USDT:USDT,295.97,40.6,295.88,29.9,296.63,50.5,296.74,50.5
1753618254399,12:10:54.399,ascendex,AAVE/USDT:USDT,295.97,40.6,295.83,40.6,296.63,50.5,296.74,50.5
1753618254889,12:10:54.889,ascendex,AAVE/USDT:USDT,295.97,40.6,295.83,40.6,296.63,50.5,296.74,50.5
1753618255430,12:10:55.430,ascendex,AAVE/USDT:USDT,295.97,40.6,295.83,40.6,296.63,50.5,296.74,50.5
1753618256140,12:10:56.140,ascendex,AAVE/USDT:USDT,295.97,40.6,295.83,40.6,296.63,50.5,296.74,50.5
1753618256596,12:10:56.596,ascendex,AAVE/USDT:USDT,295.97,40.6,295.83,40.6,296.63,50.5,296.74,50.5
1753618258008,12:10:58.008,ascendex,AAVE/USDT:USDT,295.97,40.6,295.83,40.6,296.74,50.5,297.11,50.5
1753618258351,12:10:58.351,ascendex,AAVE/USDT:USDT,295.97,40.6,295.83,40.6,296.74,50.5,296.83,50.5
1753618258473,12:10:58.473,ascendex,AAVE/USDT:USDT,295.97,40.6,295.83,40.6,296.74,50.5,296.83,50.5
1753618259609,12:10:59.609,ascendex,AAVE/USDT:USDT,295.97,40.6,295.83,40.6,296.74,50.5,296.83,50.5
1753618260258,12:11:00.258,ascendex,AAVE/USDT:USDT,295.97,40.6,295.83,40.6,296.74,50.5,296.83,50.5
1753618261435,12:11:01.435,ascendex,AAVE/USDT:USDT,295.97,40.6,295.83,40.6,296.74,50.5,296.83,50.5
1753618267480,12:11:07.480,ascendex,AAVE/USDT:USDT,295.97,40.6,295.83,40.6,296.74,50.5,296.83,50.5
1753618268610,12:11:08.610,ascendex,AAVE/USDT:USDT,295.97,40.6,295.83,40.6,296.74,50.5,296.83,50.5
1753618269505,12:11:09.505,ascendex,AAVE/USDT:USDT,295.97,40.6,295.83,40.6,296.74,50.5,296.83,50.5
1753618271900,12:11:11.900,ascendex,AAVE/USDT:USDT,295.97,40.6,295.83,40.6,296.74,50.5,296.83,50.5
1753618272003,12:11:12.003,ascendex,AAVE/USDT:USDT,295.97,40.6,295.83,40.6,296.74,50.5,296.83,50.5
1753618272516,12:11:12.516,ascendex,AAVE/USDT:USDT,295.97,40.6,295.83,40.6,296.74,50.5,296.83,50.5
1753618273380,12:11:13.380,ascendex,AAVE/USDT:USDT,295.97,40.6,295.83,40.6,296.74,50.5,296.83,50.5
1753618274777,12:11:14.777,ascendex,AAVE/USDT:USDT,295.97,40.6,295.83,40.6,296.74,50.5,296.83,50.5
1753618278000,12:11:18.000,ascendex,AAVE/USDT:USDT,295.97,40.6,295.83,40.6,296.74,50.5,296.83,50.5
1753618278516,12:11:18.516,ascendex,AAVE/USDT:USDT,295.97,40.6,295.83,40.6,296.74,50.5,296.83,50.5
1753618278930,12:11:18.930,ascendex,AAVE/USDT:USDT,296.09,40.5,295.97,40.6,296.83,50.5,296.97,9.8
1753618279155,12:11:19.155,ascendex,AAVE/USDT:USDT,296.09,40.5,296.06,40.6,296.83,50.5,296.86,50.5
1753618280537,12:11:20.537,ascendex,AAVE/USDT:USDT,296.09,40.5,296.06,40.6,296.83,50.5,296.86,50.5
1753618280919,12:11:20.919,ascendex,AAVE/USDT:USDT,296.09,40.5,296.06,40.6,296.83,50.5,296.86,50.5
1753618281442,12:11:21.442,ascendex,AAVE/USDT:USDT,296.09,40.5,296.06,40.6,296.83,50.5,296.86,50.5
1753618282156,12:11:22.156,ascendex,AAVE/USDT:USDT,296.09,40.5,296.06,40.6,296.83,50.5,296.86,50.5
1753618283158,12:11:23.158,ascendex,AAVE/USDT:USDT,296.09,40.5,296.06,40.6,296.83,50.5,296.86,50.5
1753618284263,12:11:24.263,ascendex,AAVE/USDT:USDT,296.09,40.5,296.06,40.6,296.83,50.5,296.86,50.5
1753618284546,12:11:24.546,ascendex,AAVE/USDT:USDT,296.09,40.5,296.06,40.6,296.83,50.5,296.86,50.5
1753618285475,12:11:25.475,ascendex,AAVE/USDT:USDT,296.09,40.5,296.06,40.6,296.83,50.5,296.86,50.5
1753618285945,12:11:25.945,ascendex,AAVE/USDT:USDT,296.09,40.5,296.06,40.6,296.83,50.5,296.86,50.5
1753618286452,12:11:26.452,ascendex,AAVE/USDT:USDT,296.09,40.5,296.06,40.6,296.83,50.5,296.86,50.5
1753618286974,12:11:26.974,ascendex,AAVE/USDT:USDT,296.09,40.5,296.06,40.6,296.83,50.5,296.86,50.5
1753618289140,12:11:29.140,ascendex,AAVE/USDT:USDT,296.09,40.5,296.06,40.6,296.83,50.5,296.86,50.5
1753618290267,12:11:30.267,ascendex,AAVE/USDT:USDT,296.09,40.5,296.06,40.6,296.83,50.5,296.86,50.5
1753618292904,12:11:32.904,ascendex,AAVE/USDT:USDT,296.09,40.5,296.06,40.6,296.83,50.5,296.86,50.5
1753618293502,12:11:33.502,ascendex,AAVE/USDT:USDT,296.09,40.5,296.06,40.6,296.83,50.5,296.86,50.5
1753618293974,12:11:33.974,ascendex,AAVE/USDT:USDT,296.09,40.5,296.06,40.6,296.83,50.5,296.86,50.5
1753618295573,12:11:35.573,ascendex,AAVE/USDT:USDT,296.09,40.5,296.06,40.6,296.83,50.5,296.86,50.5
1753618295924,12:11:35.924,ascendex,AAVE/USDT:USDT,296.09,40.5,296.06,40.6,296.83,50.5,296.86,50.5
1753618299178,12:11:39.178,ascendex,AAVE/USDT:USDT,295.85,40.6,295.7,3.3,296.83,50.5,296.86,50.5
1753618299451,12:11:39.451,ascendex,AAVE/USDT:USDT,295.85,40.6,295.7,3.3,296.65,50.5,296.83,50.5
1753618299693,12:11:39.693,ascendex,AAVE/USDT:USDT,295.85,40.6,295.83,40.6,296.63,8.3,296.65,50.5
1753618300023,12:11:40.023,ascendex,AAVE/USDT:USDT,295.85,40.6,295.83,40.6,296.63,8.3,296.65,50.5
1753618300455,12:11:40.455,ascendex,AAVE/USDT:USDT,295.85,40.6,295.83,40.6,296.63,8.3,296.65,50.5
1753618300664,12:11:40.664,ascendex,AAVE/USDT:USDT,295.85,40.6,295.83,40.6,296.65,50.5,296.86,50.5
1753618301079,12:11:41.079,ascendex,AAVE/USDT:USDT,295.95,40.6,295.85,40.6,296.65,50.5,296.72,50.5
1753618301444,12:11:41.444,ascendex,AAVE/USDT:USDT,295.95,40.6,295.85,40.6,296.65,50.5,296.72,50.5
1753618301754,12:11:41.754,ascendex,AAVE/USDT:USDT,295.95,40.6,295.85,40.6,296.65,50.5,296.72,50.5
1753618303156,12:11:43.156,ascendex,AAVE/USDT:USDT,295.95,40.6,295.85,40.6,296.65,50.5,296.72,50.5
1753618303425,12:11:43.425,ascendex,AAVE/USDT:USDT,295.95,40.6,295.85,40.6,296.65,50.5,296.72,50.5
1753618304750,12:11:44.750,ascendex,AAVE/USDT:USDT,295.95,40.6,295.85,40.6,296.65,50.5,296.72,50.5
1753618304934,12:11:44.934,ascendex,AAVE/USDT:USDT,295.95,40.6,295.85,40.6,296.65,50.5,296.72,50.5
1753618311076,12:11:51.076,ascendex,AAVE/USDT:USDT,295.95,40.6,295.85,40.6,296.65,50.5,296.72,50.5
1753618311207,12:11:51.207,ascendex,AAVE/USDT:USDT,295.95,40.6,295.85,40.6,296.72,50.5,297.03,50.5
1753618311508,12:11:51.508,ascendex,AAVE/USDT:USDT,295.95,40.6,295.85,40.6,296.72,50.5,296.83,50.5
1753618313757,12:11:53.757,ascendex,AAVE/USDT:USDT,295.95,40.6,295.85,40.6,296.72,50.5,296.83,50.5
1753618314285,12:11:54.285,ascendex,AAVE/USDT:USDT,295.95,40.6,295.85,40.6,296.72,50.5,296.83,50.5
1753618314825,12:11:54.825,ascendex,AAVE/USDT:USDT,296.02,40.6,295.95,40.6,296.83,50.5,297.03,50.5
1753618315164,12:11:55.164,ascendex,AAVE/USDT:USDT,296.05,40.5,296.02,40.6,296.82,9.2,296.83,50.5
1753618315473,12:11:55.473,ascendex,AAVE/USDT:USDT,296.05,40.5,296.02,40.6,296.82,9.2,296.83,50.5
1753618316766,12:11:56.766,ascendex,AAVE/USDT:USDT,296.05,40.5,296.02,40.6,296.82,9.2,296.83,50.5
1753618319966,12:11:59.966,ascendex,AAVE/USDT:USDT,296.05,40.5,296.02,40.6,296.82,9.2,296.83,50.5
1753618321660,12:12:01.660,ascendex,AAVE/USDT:USDT,296.05,40.5,296.02,40.6,296.82,9.2,296.83,50.5
1753618322166,12:12:02.166,ascendex,AAVE/USDT:USDT,296.05,40.5,296.02,40.6,296.83,50.5,296.86,41.3
1753618327277,12:12:07.277,ascendex,AAVE/USDT:USDT,296.16,40.5,296.05,40.5,296.83,50.5,296.86,41.3
1753618328843,12:12:08.843,ascendex,AAVE/USDT:USDT,296.16,40.5,296.05,40.5,296.83,50.5,297.03,50.5
1753618329063,12:12:09.063,ascendex,AAVE/USDT:USDT,296.16,40.5,296.05,40.5,297.03,50.5,297.18,37.4
1753618329502,12:12:09.502,ascendex,AAVE/USDT:USDT,296.16,40.5,296.05,40.5,297.03,50.5,297.16,50.5
1753618330271,12:12:10.271,ascendex,AAVE/USDT:USDT,296.16,40.5,296.05,40.5,297.03,50.5,297.16,50.5
1753618331974,12:12:11.974,ascendex,AAVE/USDT:USDT,296.16,40.5,296.05,40.5,297.03,50.5,297.16,50.5
1753618332348,12:12:12.348,ascendex,AAVE/USDT:USDT,296.16,40.5,296.05,40.5,297.03,50.5,297.16,50.5
1753618335001,12:12:15.001,ascendex,AAVE/USDT:USDT,296.16,40.5,296.05,40.5,297.03,50.5,297.16,50.5
1753618337999,12:12:17.999,ascendex,AAVE/USDT:USDT,296.16,40.5,296.05,40.5,297.03,50.5,297.16,50.5
1753618344874,12:12:24.874,ascendex,AAVE/USDT:USDT,296.2,40.5,296.16,40.5,297.03,50.5,297.16,50.5
1753618345474,12:12:25.474,ascendex,AAVE/USDT:USDT,296.2,40.5,296.16,40.5,297.03,50.5,297.16,50.5
1753618346312,12:12:26.312,ascendex,AAVE/USDT:USDT,296.27,40.5,296.2,40.5,297.03,50.5,297.16,50.5
1753618346830,12:12:26.830,ascendex,AAVE/USDT:USDT,296.27,40.5,296.2,40.5,297.03,50.5,297.16,50.5
1753618347346,12:12:27.346,ascendex,AAVE/USDT:USDT,296.27,40.5,296.2,40.5,297.03,50.5,297.18,37.4
1753618347805,12:12:27.805,ascendex,AAVE/USDT:USDT,296.27,40.5,296.2,40.5,297.03,50.5,297.18,37.4
1753618350035,12:12:30.035,ascendex,AAVE/USDT:USDT,296.27,40.5,296.2,40.5,297.03,50.5,297.18,37.4
1753618351345,12:12:31.345,ascendex,AAVE/USDT:USDT,296.27,40.5,296.2,40.5,297.03,50.5,297.18,37.4
1753618352593,12:12:32.593,ascendex,AAVE/USDT:USDT,296.27,40.5,296.2,40.5,297.03,50.5,297.18,37.4
1753618352907,12:12:32.907,ascendex,AAVE/USDT:USDT,296.27,40.5,296.2,40.5,297.03,50.5,297.18,37.4
1753618353326,12:12:33.326,ascendex,AAVE/USDT:USDT,296.27,40.5,296.2,40.5,297.03,50.5,297.17,40.8
1753618353378,12:12:33.378,ascendex,AAVE/USDT:USDT,296.27,40.5,296.2,40.5,297.03,50.5,297.17,40.8
1753618353637,12:12:33.637,ascendex,AAVE/USDT:USDT,296.27,40.5,296.2,40.5,297.03,50.5,297.17,40.8
1753618356327,12:12:36.327,ascendex,AAVE/USDT:USDT,296.27,40.5,296.2,40.5,297.03,50.5,297.18,37.4
1753618356849,12:12:36.849,ascendex,AAVE/USDT:USDT,296.27,40.5,296.2,40.5,297.03,50.5,297.18,37.4
1753618359041,12:12:39.041,ascendex,AAVE/USDT:USDT,296.27,40.5,296.2,40.5,297.03,50.5,297.18,37.4
1753618359329,12:12:39.329,ascendex,AAVE/USDT:USDT,296.27,40.5,296.2,40.5,297.03,50.5,297.18,37.4
1753618360342,12:12:40.342,ascendex,AAVE/USDT:USDT,296.27,40.5,296.2,40.5,297.03,50.5,297.18,37.4
1753618362045,12:12:42.045,ascendex,AAVE/USDT:USDT,296.27,40.5,296.2,40.5,297.03,50.5,297.16,34.2
1753618366365,12:12:46.365,ascendex,AAVE/USDT:USDT,296.27,40.5,296.2,40.5,297.03,50.5,297.18,37.4
1753618366900,12:12:46.900,ascendex,AAVE/USDT:USDT,296.27,40.5,296.2,40.5,297.03,50.5,297.18,37.4
1753618367367,12:12:47.367,ascendex,AAVE/USDT:USDT,296.27,40.5,296.2,40.5,297.03,50.5,297.18,37.4
1753618368075,12:12:48.075,ascendex,AAVE/USDT:USDT,296.27,40.5,296.2,40.5,297.03,50.5,297.18,37.4
1753618369312,12:12:49.312,ascendex,AAVE/USDT:USDT,296.27,40.5,296.2,40.5,297.03,50.5,297.18,37.4
1753618374710,12:12:54.710,ascendex,AAVE/USDT:USDT,296.27,40.5,296.2,40.5,297.03,50.5,297.18,37.4
1753618375586,12:12:55.586,ascendex,AAVE/USDT:USDT,296.27,40.5,296.2,40.5,297.03,50.5,297.18,37.4
1753618378424,12:12:58.424,ascendex,AAVE/USDT:USDT,296.4,40.5,296.27,40.5,297.15,50.5,297.18,37.4
1753618378897,12:12:58.897,ascendex,AAVE/USDT:USDT,296.45,40.5,296.4,40.5,297.15,50.5,297.36,50.4
1753618379084,12:12:59.084,ascendex,AAVE/USDT:USDT,296.45,40.5,296.4,40.5,297.15,50.5,297.36,50.4
1753618379826,12:12:59.826,ascendex,AAVE/USDT:USDT,296.45,40.5,296.4,40.5,297.15,50.5,297.36,50.4
1753618380172,12:13:00.172,ascendex,AAVE/USDT:USDT,296.45,40.5,296.4,40.5,297.36,50.4,297.4,50.4
1753618380468,12:13:00.468,ascendex,AAVE/USDT:USDT,296.45,40.5,296.4,40.5,297.3,50.4,297.36,50.4
1753618380803,12:13:00.803,ascendex,AAVE/USDT:USDT,296.55,40.5,296.45,40.5,297.3,50.4,297.36,50.4
1753618381079,12:13:01.079,ascendex,AAVE/USDT:USDT,296.55,40.5,296.45,40.5,297.3,50.4,297.36,50.4
1753618381399,12:13:01.399,ascendex,AAVE/USDT:USDT,296.55,40.5,296.45,40.5,297.3,50.4,297.36,50.4
1753618381564,12:13:01.564,ascendex,AAVE/USDT:USDT,296.55,40.5,296.45,40.5,297.3,50.4,297.36,50.4
1753618382430,12:13:02.430,ascendex,AAVE/USDT:USDT,296.69,40.5,296.55,40.5,297.36,50.4,297.46,50.4
1753618382630,12:13:02.630,ascendex,AAVE/USDT:USDT,296.69,40.5,296.66,40.5,297.36,50.4,297.46,50.4
1753618382836,12:13:02.836,ascendex,AAVE/USDT:USDT,296.69,40.5,296.66,40.5,297.36,50.4,297.46,50.4
1753618383311,12:13:03.311,ascendex,AAVE/USDT:USDT,296.66,40.5,296.64,40.5,297.36,50.4,297.46,50.4
1753618384132,12:13:04.132,ascendex,AAVE/USDT:USDT,296.66,40.5,296.64,40.5,297.36,50.4,297.46,50.4
1753618384518,12:13:04.518,ascendex,AAVE/USDT:USDT,296.66,40.5,296.64,40.5,297.36,50.4,297.37,50.4
1753618384951,12:13:04.951,ascendex,AAVE/USDT:USDT,296.66,40.5,296.64,40.5,297.36,50.4,297.37,50.4
1753618385182,12:13:05.182,ascendex,AAVE/USDT:USDT,296.66,40.5,296.64,40.5,297.36,50.4,297.37,50.4
1753618385818,12:13:05.818,ascendex,AAVE/USDT:USDT,296.66,40.5,296.53,40.5,297.36,50.4,297.37,50.4
1753618385937,12:13:05.937,ascendex,AAVE/USDT:USDT,296.66,40.5,296.53,40.5,297.36,50.4,297.37,50.4
1753618386345,12:13:06.345,ascendex,AAVE/USDT:USDT,296.66,40.5,296.53,40.5,297.36,50.4,297.37,50.4
1753618386834,12:13:06.834,ascendex,AAVE/USDT:USDT,296.66,40.5,296.53,40.5,297.36,50.4,297.37,50.4
1753618387119,12:13:07.119,ascendex,AAVE/USDT:USDT,296.66,40.5,296.53,40.5,297.36,50.4,297.37,50.4
1753618387326,12:13:07.326,ascendex,AAVE/USDT:USDT,296.66,40.5,296.53,40.5,297.36,50.4,297.37,50.4
1753618394456,12:13:14.456,ascendex,AAVE/USDT:USDT,296.66,40.5,296.53,40.5,297.36,50.4,297.37,50.4
1753618394943,12:13:14.943,ascendex,AAVE/USDT:USDT,296.66,40.5,296.53,40.5,297.36,50.4,297.37,50.4
1753618395363,12:13:15.363,ascendex,AAVE/USDT:USDT,296.66,40.5,296.53,40.5,297.36,50.4,297.37,50.4
1753618395849,12:13:15.849,ascendex,AAVE/USDT:USDT,296.66,40.5,296.64,40.5,297.36,50.4,297.37,50.4
1753618396449,12:13:16.449,ascendex,AAVE/USDT:USDT,296.66,40.5,296.64,40.5,297.36,50.4,297.37,50.4
1753618398115,12:13:18.115,ascendex,AAVE/USDT:USDT,296.66,40.5,296.64,40.5,297.36,50.4,297.37,50.4
1753618398488,12:13:18.488,ascendex,AAVE/USDT:USDT,296.66,40.5,296.64,40.5,297.36,50.4,297.37,50.4
1753618399468,12:13:19.468,ascendex,AAVE/USDT:USDT,296.66,40.5,296.64,40.5,297.36,50.4,297.37,50.4
1753618400177,12:13:20.177,ascendex,AAVE/USDT:USDT,296.66,40.5,296.64,40.5,297.36,50.4,297.7,50.4
1753618400483,12:13:20.483,ascendex,AAVE/USDT:USDT,296.66,40.5,296.64,40.5,297.36,50.4,297.48,50.4
1753618400890,12:13:20.890,ascendex,AAVE/USDT:USDT,296.66,40.5,296.64,40.5,297.36,50.4,297.48,50.4
1753618402096,12:13:22.096,ascendex,AAVE/USDT:USDT,296.66,40.5,296.64,40.5,297.36,50.4,297.38,50.4
1753618402409,12:13:22.409,ascendex,AAVE/USDT:USDT,296.66,40.5,296.64,40.5,297.36,50.4,297.38,50.4
1753618404490,12:13:24.490,ascendex,AAVE/USDT:USDT,296.66,40.5,296.64,40.5,297.36,50.4,297.38,50.4
1753618404912,12:13:24.912,ascendex,AAVE/USDT:USDT,296.66,40.5,296.64,40.5,297.36,50.4,297.38,50.4
1753618408339,12:13:28.339,ascendex,AAVE/USDT:USDT,296.66,40.5,296.64,40.5,297.36,50.4,297.38,50.4
1753618409573,12:13:29.573,ascendex,AAVE/USDT:USDT,296.66,40.5,296.45,36.9,297.36,50.4,297.38,50.4
1753618409932,12:13:29.932,ascendex,AAVE/USDT:USDT,296.66,40.5,296.55,10.0,297.36,50.4,297.38,50.4
1753618410097,12:13:30.097,ascendex,AAVE/USDT:USDT,296.66,40.5,296.55,10.0,297.36,50.4,297.38,50.4
1753618413365,12:13:33.365,ascendex,AAVE/USDT:USDT,296.66,40.5,296.55,10.0,297.36,50.4,297.38,50.4
1753618417522,12:13:37.522,ascendex,AAVE/USDT:USDT,296.66,40.5,296.55,10.0,297.36,50.4,297.38,50.4
1753618419081,12:13:39.081,ascendex,AAVE/USDT:USDT,296.66,40.5,296.55,10.0,297.36,50.4,297.38,50.4
1753618419468,12:13:39.468,ascendex,AAVE/USDT:USDT,296.66,40.5,296.64,40.5,297.36,50.4,297.38,50.4
1753618422130,12:13:42.130,ascendex,AAVE/USDT:USDT,296.66,40.5,296.64,40.5,297.36,50.4,297.38,50.4
1753618433399,12:13:53.399,ascendex,AAVE/USDT:USDT,296.66,40.5,296.45,36.9,297.36,50.4,297.38,50.4
1753618433524,12:13:53.524,ascendex,AAVE/USDT:USDT,296.66,40.5,296.55,40.5,297.36,50.4,297.38,50.4
1753618435803,12:13:55.803,ascendex,AAVE/USDT:USDT,296.55,40.5,296.45,36.9,297.36,50.4,297.38,50.4
1753618436046,12:13:56.046,ascendex,AAVE/USDT:USDT,296.55,40.5,296.48,40.5,297.28,50.4,297.36,50.4
1753618436527,12:13:56.527,ascendex,AAVE/USDT:USDT,296.55,40.5,296.48,40.5,297.28,50.4,297.36,50.4
1753618437402,12:13:57.402,ascendex,AAVE/USDT:USDT,296.55,40.5,296.48,40.5,297.28,50.4,297.36,50.4
1753618439229,12:13:59.229,ascendex,AAVE/USDT:USDT,296.55,40.5,296.48,40.5,297.28,50.4,297.36,50.4
1753618439888,12:13:59.888,ascendex,AAVE/USDT:USDT,296.55,40.5,296.48,40.5,297.28,50.4,297.36,50.4
1753618440127,12:14:00.127,ascendex,AAVE/USDT:USDT,296.55,40.5,296.48,40.5,297.28,50.4,297.36,50.4
1753618441030,12:14:01.030,ascendex,AAVE/USDT:USDT,296.55,40.5,296.48,40.5,297.28,50.4,297.36,50.4
1753618441520,12:14:01.520,ascendex,AAVE/USDT:USDT,296.55,40.5,296.48,40.5,297.28,50.4,297.36,50.4
1753618443109,12:14:03.109,ascendex,AAVE/USDT:USDT,296.55,40.5,296.48,40.5,297.28,50.4,297.36,50.4
1753618446115,12:14:06.115,ascendex,AAVE/USDT:USDT,296.55,40.5,296.48,40.5,297.28,50.4,297.36,50.4
1753618446597,12:14:06.597,ascendex,AAVE/USDT:USDT,296.55,40.5,296.48,40.5,297.28,50.4,297.36,50.4
1753618447063,12:14:07.063,ascendex,AAVE/USDT:USDT,296.55,40.5,296.48,40.5,297.28,50.4,297.36,50.4
1753618447614,12:14:07.614,ascendex,AAVE/USDT:USDT,296.55,40.5,296.48,40.5,297.28,50.4,297.36,50.4
1753618448246,12:14:08.246,ascendex,AAVE/USDT:USDT,296.55,40.5,296.48,40.5,297.28,50.4,297.36,50.4
