timestamp,time,exchange,symbol,bid1_price,bid1_volume,bid2_price,bid2_volume,ask1_price,ask1_volume,ask2_price,ask2_volume
1753617162000,11:52:42.000,gateio,AERO/USDT:USDT,0.897,1.0,0.8966,50.0,0.8984,738.0,0.8988,326.0
1753617164326,11:52:44.326,gateio,AERO/USDT:USDT,0.8971,219.0,0.897,1.0,0.8984,738.0,0.8988,326.0
1753617164784,11:52:44.784,gateio,AERO/USDT:USDT,0.8971,219.0,0.897,1.0,0.8984,738.0,0.8988,326.0
1753617165525,11:52:45.525,gateio,AERO/USDT:USDT,0.897,1.0,0.8966,50.0,0.8984,738.0,0.8988,326.0
1753617166162,11:52:46.162,gateio,AERO/USDT:USDT,0.8971,219.0,0.897,1.0,0.8984,738.0,0.8988,326.0
1753617167828,11:52:47.828,gateio,AERO/USDT:USDT,0.8971,219.0,0.897,1.0,0.8984,738.0,0.8988,326.0
1753617168004,11:52:48.004,gateio,AERO/USDT:USDT,0.8971,219.0,0.897,1.0,0.8984,738.0,0.8988,326.0
1753617169584,11:52:49.584,gateio,AERO/USDT:USDT,0.8971,219.0,0.897,1.0,0.8984,738.0,0.8988,326.0
1753617170021,11:52:50.021,gateio,AERO/USDT:USDT,0.8971,219.0,0.897,1.0,0.8984,738.0,0.8988,326.0
1753617170380,11:52:50.380,gateio,AERO/USDT:USDT,0.897,1.0,0.8966,50.0,0.8984,738.0,0.8988,326.0
1753617171003,11:52:51.003,gateio,AERO/USDT:USDT,0.897,1.0,0.8966,50.0,0.8984,738.0,0.8988,326.0
1753617171102,11:52:51.102,gateio,AERO/USDT:USDT,0.8971,219.0,0.897,1.0,0.8984,738.0,0.8988,326.0
1753617171367,11:52:51.367,gateio,AERO/USDT:USDT,0.897,1.0,0.8966,50.0,0.8984,738.0,0.8988,326.0
1753617171671,11:52:51.671,gateio,AERO/USDT:USDT,0.8971,219.0,0.897,1.0,0.8984,730.0,0.8988,326.0
1753617171754,11:52:51.754,gateio,AERO/USDT:USDT,0.8971,219.0,0.897,1.0,0.8984,242.0,0.8987,488.0
1753617171854,11:52:51.854,gateio,AERO/USDT:USDT,0.8971,219.0,0.897,1.0,0.8984,227.0,0.8986,15.0
1753617174131,11:52:54.131,gateio,AERO/USDT:USDT,0.8971,219.0,0.897,1.0,0.8983,219.0,0.8984,8.0
1753617174384,11:52:54.384,gateio,AERO/USDT:USDT,0.8971,219.0,0.897,1.0,0.8983,219.0,0.8984,8.0
1753617175642,11:52:55.642,gateio,AERO/USDT:USDT,0.8971,219.0,0.897,1.0,0.8984,8.0,0.8986,15.0
1753617175700,11:52:55.700,gateio,AERO/USDT:USDT,0.8971,219.0,0.897,1.0,0.8983,219.0,0.8984,8.0
1753617175878,11:52:55.878,gateio,AERO/USDT:USDT,0.897,1.0,0.8966,50.0,0.8983,219.0,0.8984,8.0
1753617176150,11:52:56.150,gateio,AERO/USDT:USDT,0.8971,219.0,0.897,1.0,0.8983,219.0,0.8984,8.0
1753617178778,11:52:58.778,gateio,AERO/USDT:USDT,0.897,1.0,0.8966,50.0,0.8983,219.0,0.8984,8.0
1753617179006,11:52:59.006,gateio,AERO/USDT:USDT,0.8971,219.0,0.897,1.0,0.8984,8.0,0.8987,503.0
1753617179201,11:52:59.201,gateio,AERO/USDT:USDT,0.897,1.0,0.8966,50.0,0.8983,219.0,0.8984,8.0
1753617179336,11:52:59.336,gateio,AERO/USDT:USDT,0.897,1.0,0.8966,50.0,0.8983,219.0,0.8984,8.0
1753617179348,11:52:59.348,gateio,AERO/USDT:USDT,0.897,1.0,0.8966,50.0,0.8983,219.0,0.8984,8.0
1753617179496,11:52:59.496,gateio,AERO/USDT:USDT,0.897,1.0,0.8966,50.0,0.8982,219.0,0.8984,16.0
1753617179595,11:52:59.595,gateio,AERO/USDT:USDT,0.897,1.0,0.8966,50.0,0.8982,219.0,0.8984,16.0
1753617180008,11:53:00.008,gateio,AERO/USDT:USDT,0.897,1.0,0.8966,50.0,0.8982,219.0,0.8984,16.0
1753617180126,11:53:00.126,gateio,AERO/USDT:USDT,0.897,1.0,0.8966,50.0,0.8982,219.0,0.8984,16.0
1753617180220,11:53:00.220,gateio,AERO/USDT:USDT,0.897,1.0,0.8966,50.0,0.8982,219.0,0.8984,16.0
1753617180341,11:53:00.341,gateio,AERO/USDT:USDT,0.8973,219.0,0.897,1.0,0.8984,16.0,0.8987,503.0
1753617180439,11:53:00.439,gateio,AERO/USDT:USDT,0.8971,219.0,0.897,1.0,0.8984,16.0,0.8987,503.0
1753617180541,11:53:00.541,gateio,AERO/USDT:USDT,0.8971,219.0,0.897,1.0,0.8983,219.0,0.8984,16.0
1753617180710,11:53:00.710,gateio,AERO/USDT:USDT,0.897,1.0,0.8966,50.0,0.8983,219.0,0.8984,16.0
1753617182632,11:53:02.632,gateio,AERO/USDT:USDT,0.8971,227.0,0.897,1.0,0.8983,219.0,0.8984,8.0
1753617183003,11:53:03.003,gateio,AERO/USDT:USDT,0.8971,227.0,0.897,1.0,0.8983,219.0,0.8984,8.0
1753617183204,11:53:03.204,gateio,AERO/USDT:USDT,0.8971,227.0,0.897,1.0,0.8984,8.0,0.8987,503.0
1753617183520,11:53:03.520,gateio,AERO/USDT:USDT,0.8971,227.0,0.897,1.0,0.8983,219.0,0.8984,8.0
1753617183592,11:53:03.592,gateio,AERO/USDT:USDT,0.8971,8.0,0.897,1.0,0.8984,8.0,0.8987,503.0
1753617183716,11:53:03.716,gateio,AERO/USDT:USDT,0.8972,219.0,0.8971,8.0,0.8985,219.0,0.8987,503.0
1753617183820,11:53:03.820,gateio,AERO/USDT:USDT,0.8972,219.0,0.8971,8.0,0.8987,503.0,0.8989,760.0
1753617183914,11:53:03.914,gateio,AERO/USDT:USDT,0.8972,219.0,0.8971,8.0,0.8988,15.0,0.8989,760.0
1753617184028,11:53:04.028,gateio,AERO/USDT:USDT,0.8972,219.0,0.8971,8.0,0.8988,15.0,0.8989,760.0
1753617184088,11:53:04.088,gateio,AERO/USDT:USDT,0.8972,219.0,0.8971,8.0,0.8988,15.0,0.8989,219.0
1753617184235,11:53:04.235,gateio,AERO/USDT:USDT,0.8976,227.0,0.8972,219.0,0.8989,234.0,0.8991,340.0
1753617184342,11:53:04.342,gateio,AERO/USDT:USDT,0.8976,227.0,0.8972,219.0,0.899,15.0,0.8993,707.0
1753617184444,11:53:04.444,gateio,AERO/USDT:USDT,0.8976,227.0,0.8972,219.0,0.8989,219.0,0.8992,15.0
1753617185006,11:53:05.006,gateio,AERO/USDT:USDT,0.8976,227.0,0.8972,219.0,0.8989,219.0,0.8992,15.0
1753617185089,11:53:05.089,gateio,AERO/USDT:USDT,0.8976,227.0,0.8972,219.0,0.8989,219.0,0.8992,15.0
1753617185749,11:53:05.749,gateio,AERO/USDT:USDT,0.8976,8.0,0.8972,219.0,0.8989,219.0,0.8992,15.0
1753617186131,11:53:06.131,gateio,AERO/USDT:USDT,0.8976,8.0,0.8972,219.0,0.8989,219.0,0.8992,15.0
1753617186536,11:53:06.536,gateio,AERO/USDT:USDT,0.8976,8.0,0.8972,219.0,0.8989,219.0,0.8992,15.0
1753617186548,11:53:06.548,gateio,AERO/USDT:USDT,0.8976,8.0,0.8972,219.0,0.8989,219.0,0.8992,329.0
1753617188788,11:53:08.788,gateio,AERO/USDT:USDT,0.8976,8.0,0.8972,219.0,0.8989,219.0,0.8992,329.0
1753617189082,11:53:09.082,gateio,AERO/USDT:USDT,0.8976,8.0,0.8972,219.0,0.8989,219.0,0.8992,329.0
1753617189153,11:53:09.153,gateio,AERO/USDT:USDT,0.8976,8.0,0.8972,219.0,0.8989,219.0,0.8992,329.0
1753617190006,11:53:10.006,gateio,AERO/USDT:USDT,0.8976,8.0,0.8972,219.0,0.8989,219.0,0.8992,329.0
1753617191363,11:53:11.363,gateio,AERO/USDT:USDT,0.8976,8.0,0.8972,219.0,0.8989,219.0,0.8992,329.0
1753617191534,11:53:11.534,gateio,AERO/USDT:USDT,0.8976,8.0,0.8972,219.0,0.8989,219.0,0.8992,329.0
1753617191863,11:53:11.863,gateio,AERO/USDT:USDT,0.8976,8.0,0.8972,548.0,0.8989,219.0,0.8992,329.0
1753617192104,11:53:12.104,gateio,AERO/USDT:USDT,0.8977,219.0,0.8976,8.0,0.8989,219.0,0.8992,329.0
1753617192521,11:53:12.521,gateio,AERO/USDT:USDT,0.8976,8.0,0.8972,548.0,0.8989,219.0,0.8992,329.0
1753617193530,11:53:13.530,gateio,AERO/USDT:USDT,0.8977,219.0,0.8976,8.0,0.8989,219.0,0.8992,329.0
1753617193588,11:53:13.588,gateio,AERO/USDT:USDT,0.8977,219.0,0.8976,8.0,0.8989,219.0,0.8992,329.0
1753617193822,11:53:13.822,gateio,AERO/USDT:USDT,0.8976,8.0,0.8972,548.0,0.8989,219.0,0.8992,329.0
1753617194100,11:53:14.100,gateio,AERO/USDT:USDT,0.8977,219.0,0.8976,8.0,0.8989,219.0,0.8992,329.0
1753617196011,11:53:16.011,gateio,AERO/USDT:USDT,0.8977,219.0,0.8976,8.0,0.8989,219.0,0.8992,329.0
1753617196106,11:53:16.106,gateio,AERO/USDT:USDT,0.8977,219.0,0.8976,8.0,0.8989,219.0,0.8992,329.0
1753617196205,11:53:16.205,gateio,AERO/USDT:USDT,0.8977,219.0,0.8976,8.0,0.8989,219.0,0.8992,329.0
1753617196588,11:53:16.588,gateio,AERO/USDT:USDT,0.8977,219.0,0.8976,8.0,0.8989,219.0,0.8992,329.0
1753617197834,11:53:17.834,gateio,AERO/USDT:USDT,0.8977,219.0,0.8976,8.0,0.8989,219.0,0.8992,329.0
1753617197916,11:53:17.916,gateio,AERO/USDT:USDT,0.8977,219.0,0.8976,8.0,0.8989,219.0,0.8992,329.0
1753617198020,11:53:18.020,gateio,AERO/USDT:USDT,0.8977,219.0,0.8976,8.0,0.8992,329.0,0.8993,1045.0
1753617198068,11:53:18.068,gateio,AERO/USDT:USDT,0.8977,219.0,0.8976,8.0,0.8992,503.0,0.8993,557.0
1753617198225,11:53:18.225,gateio,AERO/USDT:USDT,0.8977,219.0,0.8976,8.0,0.8992,503.0,0.8993,557.0
1753617198339,11:53:18.339,gateio,AERO/USDT:USDT,0.8977,219.0,0.8976,8.0,0.8989,219.0,0.8992,503.0
1753617198385,11:53:18.385,gateio,AERO/USDT:USDT,0.8977,219.0,0.8976,8.0,0.8989,219.0,0.8992,503.0
1753617198651,11:53:18.651,gateio,AERO/USDT:USDT,0.8977,219.0,0.8976,8.0,0.8989,219.0,0.8992,503.0
1753617199539,11:53:19.539,gateio,AERO/USDT:USDT,0.8976,8.0,0.8972,548.0,0.8989,219.0,0.8992,503.0
1753617199615,11:53:19.615,gateio,AERO/USDT:USDT,0.8976,8.0,0.8972,329.0,0.8989,219.0,0.8992,503.0
1753617199933,11:53:19.933,gateio,AERO/USDT:USDT,0.8977,219.0,0.8976,8.0,0.8989,219.0,0.8992,503.0
1753617200017,11:53:20.017,gateio,AERO/USDT:USDT,0.8976,219.0,0.897,599.0,0.8989,219.0,0.8992,503.0
1753617200088,11:53:20.088,gateio,AERO/USDT:USDT,0.8976,219.0,0.8971,279.0,0.8989,219.0,0.8992,503.0
1753617200301,11:53:20.301,gateio,AERO/USDT:USDT,0.8976,219.0,0.8971,279.0,0.8989,219.0,0.8992,503.0
1753617201941,11:53:21.941,gateio,AERO/USDT:USDT,0.8976,219.0,0.8971,279.0,0.8992,503.0,0.8993,557.0
1753617202021,11:53:22.021,gateio,AERO/USDT:USDT,0.8976,219.0,0.8971,279.0,0.8992,503.0,0.8993,557.0
1753617202235,11:53:22.235,gateio,AERO/USDT:USDT,0.8976,219.0,0.8971,279.0,0.8992,503.0,0.8993,557.0
1753617202296,11:53:22.296,gateio,AERO/USDT:USDT,0.8976,219.0,0.8971,279.0,0.8989,219.0,0.8992,503.0
1753617203186,11:53:23.186,gateio,AERO/USDT:USDT,0.8976,219.0,0.8971,279.0,0.8989,219.0,0.8992,503.0
1753617203541,11:53:23.541,gateio,AERO/USDT:USDT,0.8976,219.0,0.8971,279.0,0.8992,503.0,0.8993,557.0
1753617203833,11:53:23.833,gateio,AERO/USDT:USDT,0.8976,219.0,0.8971,279.0,0.8989,219.0,0.8992,503.0
1753617205736,11:53:25.736,gateio,AERO/USDT:USDT,0.8974,219.0,0.8971,279.0,0.8989,219.0,0.8992,503.0
1753617207015,11:53:27.015,gateio,AERO/USDT:USDT,0.8978,235.0,0.8974,219.0,0.8989,235.0,0.8992,503.0
1753617207228,11:53:27.228,gateio,AERO/USDT:USDT,0.8978,235.0,0.8974,219.0,0.8989,235.0,0.8992,503.0
1753617207308,11:53:27.308,gateio,AERO/USDT:USDT,0.8978,235.0,0.8974,219.0,0.8989,235.0,0.8992,503.0
1753617207684,11:53:27.684,gateio,AERO/USDT:USDT,0.8978,16.0,0.8974,219.0,0.8989,16.0,0.8992,503.0
1753617207908,11:53:27.908,gateio,AERO/USDT:USDT,0.8978,16.0,0.8974,219.0,0.8989,8.0,0.8992,503.0
1753617208035,11:53:28.035,gateio,AERO/USDT:USDT,0.8978,16.0,0.8974,219.0,0.8989,8.0,0.8992,503.0
1753617208533,11:53:28.533,gateio,AERO/USDT:USDT,0.8978,16.0,0.8974,219.0,0.8989,8.0,0.8992,503.0
1753617208661,11:53:28.661,gateio,AERO/USDT:USDT,0.8979,219.0,0.8978,16.0,0.8989,8.0,0.8992,503.0
1753617208793,11:53:28.793,gateio,AERO/USDT:USDT,0.8979,219.0,0.8978,16.0,0.8989,8.0,0.8992,503.0
1753617208994,11:53:28.994,gateio,AERO/USDT:USDT,0.8978,16.0,0.8974,219.0,0.8989,8.0,0.8992,503.0
1753617209320,11:53:29.320,gateio,AERO/USDT:USDT,0.8979,219.0,0.8978,16.0,0.8989,8.0,0.8992,503.0
1753617209836,11:53:29.836,gateio,AERO/USDT:USDT,0.8979,219.0,0.8978,16.0,0.8989,8.0,0.8992,503.0
1753617209938,11:53:29.938,gateio,AERO/USDT:USDT,0.8978,16.0,0.8974,219.0,0.8992,503.0,0.8993,219.0
1753617210012,11:53:30.012,gateio,AERO/USDT:USDT,0.8979,219.0,0.8978,16.0,0.8992,503.0,0.8993,219.0
1753617210080,11:53:30.080,gateio,AERO/USDT:USDT,0.8979,219.0,0.8978,16.0,0.8992,503.0,0.8993,219.0
1753617210181,11:53:30.181,gateio,AERO/USDT:USDT,0.8979,219.0,0.8978,16.0,0.8992,15.0,0.8993,219.0
1753617210320,11:53:30.320,gateio,AERO/USDT:USDT,0.8979,219.0,0.8978,16.0,0.8993,234.0,0.8994,541.0
1753617210443,11:53:30.443,gateio,AERO/USDT:USDT,0.8979,219.0,0.8978,16.0,0.899,194.0,0.8993,234.0
1753617210540,11:53:30.540,gateio,AERO/USDT:USDT,0.8979,219.0,0.8978,16.0,0.8993,234.0,0.8994,541.0
1753617210641,11:53:30.641,gateio,AERO/USDT:USDT,0.8979,219.0,0.8978,16.0,0.8993,234.0,0.8994,541.0
1753617210736,11:53:30.736,gateio,AERO/USDT:USDT,0.8979,219.0,0.8978,16.0,0.8993,234.0,0.8994,541.0
1753617210766,11:53:30.766,gateio,AERO/USDT:USDT,0.8979,219.0,0.8978,16.0,0.8993,234.0,0.8994,541.0
1753617211369,11:53:31.369,gateio,AERO/USDT:USDT,0.8979,219.0,0.8978,16.0,0.8993,234.0,0.8994,541.0
1753617211710,11:53:31.710,gateio,AERO/USDT:USDT,0.8979,219.0,0.8978,16.0,0.8993,234.0,0.8996,488.0
1753617211803,11:53:31.803,gateio,AERO/USDT:USDT,0.8979,219.0,0.8978,16.0,0.8995,15.0,0.8996,488.0
1753617211914,11:53:31.914,gateio,AERO/USDT:USDT,0.8979,219.0,0.8978,16.0,0.8996,503.0,0.8997,219.0
1753617212003,11:53:32.003,gateio,AERO/USDT:USDT,0.8979,219.0,0.8978,16.0,0.8996,503.0,0.8997,219.0
1753617212785,11:53:32.785,gateio,AERO/USDT:USDT,0.8979,219.0,0.8978,16.0,0.8996,503.0,0.8997,219.0
1753617213344,11:53:33.344,gateio,AERO/USDT:USDT,0.8979,219.0,0.8978,16.0,0.8996,503.0,0.8997,219.0
1753617213719,11:53:33.719,gateio,AERO/USDT:USDT,0.8983,219.0,0.8979,219.0,0.8996,697.0,0.8997,219.0
1753617213862,11:53:33.862,gateio,AERO/USDT:USDT,0.8979,219.0,0.8974,598.0,0.8996,697.0,0.8997,219.0
1753617214666,11:53:34.666,gateio,AERO/USDT:USDT,0.8979,219.0,0.8974,598.0,0.8996,697.0,0.8997,219.0
1753617215167,11:53:35.167,gateio,AERO/USDT:USDT,0.8979,219.0,0.8974,598.0,0.8996,697.0,0.8997,219.0
1753617216228,11:53:36.228,gateio,AERO/USDT:USDT,0.8979,219.0,0.8974,598.0,0.8996,697.0,0.8997,550.0
1753617216731,11:53:36.731,gateio,AERO/USDT:USDT,0.8979,442.0,0.8974,598.0,0.8996,697.0,0.8997,550.0
1753617217586,11:53:37.586,gateio,AERO/USDT:USDT,0.8979,442.0,0.8974,598.0,0.8996,697.0,0.8997,550.0
1753617218041,11:53:38.041,gateio,AERO/USDT:USDT,0.8983,219.0,0.8979,442.0,0.8996,697.0,0.8997,219.0
1753617218135,11:53:38.135,gateio,AERO/USDT:USDT,0.8983,219.0,0.8979,219.0,0.8996,697.0,0.8997,219.0
1753617218343,11:53:38.343,gateio,AERO/USDT:USDT,0.8983,219.0,0.8979,219.0,0.8996,503.0,0.8997,219.0
1753617218441,11:53:38.441,gateio,AERO/USDT:USDT,0.8983,219.0,0.8979,219.0,0.8996,503.0,0.8997,219.0
1753617218542,11:53:38.542,gateio,AERO/USDT:USDT,0.8979,219.0,0.8975,275.0,0.8996,503.0,0.8997,219.0
1753617218638,11:53:38.638,gateio,AERO/USDT:USDT,0.8979,219.0,0.8975,275.0,0.8996,503.0,0.8997,219.0
1753617218655,11:53:38.655,gateio,AERO/USDT:USDT,0.8983,219.0,0.8979,219.0,0.8996,503.0,0.8997,219.0
1753617219377,11:53:39.377,gateio,AERO/USDT:USDT,0.8983,219.0,0.8979,219.0,0.8996,503.0,0.8997,219.0
1753617219606,11:53:39.606,gateio,AERO/USDT:USDT,0.8983,219.0,0.8979,219.0,0.8996,503.0,0.8997,219.0
1753617219812,11:53:39.812,gateio,AERO/USDT:USDT,0.8983,219.0,0.8979,219.0,0.8996,503.0,0.8997,219.0
1753617220031,11:53:40.031,gateio,AERO/USDT:USDT,0.8979,375.0,0.8977,329.0,0.8996,503.0,0.8997,219.0
1753617220137,11:53:40.137,gateio,AERO/USDT:USDT,0.8983,219.0,0.8979,219.0,0.8996,503.0,0.8997,219.0
1753617220169,11:53:40.169,gateio,AERO/USDT:USDT,0.8979,219.0,0.8977,329.0,0.8996,503.0,0.8997,219.0
1753617220319,11:53:40.319,gateio,AERO/USDT:USDT,0.8983,219.0,0.8979,219.0,0.8996,503.0,0.8997,219.0
1753617220372,11:53:40.372,gateio,AERO/USDT:USDT,0.8983,219.0,0.8979,219.0,0.8996,503.0,0.8997,219.0
1753617220467,11:53:40.467,gateio,AERO/USDT:USDT,0.8983,219.0,0.8979,219.0,0.8996,503.0,0.8997,219.0
1753617221468,11:53:41.468,gateio,AERO/USDT:USDT,0.8983,219.0,0.8979,219.0,0.8996,15.0,0.8997,219.0
1753617221552,11:53:41.552,gateio,AERO/USDT:USDT,0.8983,219.0,0.8979,219.0,0.8997,219.0,0.8998,261.0
1753617222388,11:53:42.388,gateio,AERO/USDT:USDT,0.8983,219.0,0.8979,219.0,0.8997,219.0,0.8998,261.0
1753617222720,11:53:42.720,gateio,AERO/USDT:USDT,0.8983,219.0,0.8979,219.0,0.8997,219.0,0.8998,261.0
1753617223656,11:53:43.656,gateio,AERO/USDT:USDT,0.8983,219.0,0.8979,219.0,0.8997,219.0,0.8998,261.0
1753617223807,11:53:43.807,gateio,AERO/USDT:USDT,0.8983,219.0,0.8979,219.0,0.8997,219.0,0.8998,261.0
1753617224333,11:53:44.333,gateio,AERO/USDT:USDT,0.8979,219.0,0.8977,329.0,0.8997,219.0,0.8998,261.0
1753617224399,11:53:44.399,gateio,AERO/USDT:USDT,0.8983,141.0,0.8979,219.0,0.8997,219.0,0.8998,261.0
1753617224595,11:53:44.595,gateio,AERO/USDT:USDT,0.8983,141.0,0.8979,219.0,0.8997,219.0,0.8998,261.0
1753617224725,11:53:44.725,gateio,AERO/USDT:USDT,0.8979,219.0,0.8977,329.0,0.8997,219.0,0.8998,261.0
1753617224877,11:53:44.877,gateio,AERO/USDT:USDT,0.8983,219.0,0.8979,219.0,0.8998,261.0,0.8999,1493.0
1753617225003,11:53:45.003,gateio,AERO/USDT:USDT,0.8983,219.0,0.8979,219.0,0.8998,480.0,0.8999,1493.0
1753617226481,11:53:46.481,gateio,AERO/USDT:USDT,0.8983,219.0,0.8979,219.0,0.8998,480.0,0.8999,1493.0
1753617227236,11:53:47.236,gateio,AERO/USDT:USDT,0.8979,219.0,0.8977,329.0,0.8998,236.0,0.8999,1169.0
1753617227284,11:53:47.284,gateio,AERO/USDT:USDT,0.8979,219.0,0.8977,329.0,0.8998,236.0,0.8999,1169.0
1753617227376,11:53:47.376,gateio,AERO/USDT:USDT,0.8983,312.0,0.8979,219.0,0.8998,236.0,0.8999,1169.0
1753617227524,11:53:47.524,gateio,AERO/USDT:USDT,0.8983,312.0,0.8979,219.0,0.8998,236.0,0.8999,1169.0
1753617227565,11:53:47.565,gateio,AERO/USDT:USDT,0.8983,312.0,0.8979,219.0,0.8998,236.0,0.8999,1169.0
1753617228030,11:53:48.030,gateio,AERO/USDT:USDT,0.8983,312.0,0.8979,219.0,0.8998,236.0,0.8999,1169.0
1753617228177,11:53:48.177,gateio,AERO/USDT:USDT,0.8983,312.0,0.8979,219.0,0.8998,236.0,0.8999,1169.0
1753617228599,11:53:48.599,gateio,AERO/USDT:USDT,0.8983,93.0,0.8979,219.0,0.8998,236.0,0.8999,1169.0
1753617228718,11:53:48.718,gateio,AERO/USDT:USDT,0.8984,312.0,0.8979,219.0,0.8998,236.0,0.8999,1169.0
1753617229319,11:53:49.319,gateio,AERO/USDT:USDT,0.8984,312.0,0.8979,219.0,0.8998,236.0,0.8999,1169.0
1753617229499,11:53:49.499,gateio,AERO/USDT:USDT,0.8984,312.0,0.8979,219.0,0.8997,2.0,0.8998,236.0
1753617230005,11:53:50.005,gateio,AERO/USDT:USDT,0.8984,312.0,0.8979,219.0,0.8997,2.0,0.8998,236.0
1753617230323,11:53:50.323,gateio,AERO/USDT:USDT,0.8984,312.0,0.8979,219.0,0.8997,2.0,0.8998,236.0
1753617231207,11:53:51.207,gateio,AERO/USDT:USDT,0.8984,219.0,0.8979,219.0,0.8997,2.0,0.8998,236.0
1753617231339,11:53:51.339,gateio,AERO/USDT:USDT,0.8984,219.0,0.8979,219.0,0.8997,490.0,0.8998,236.0
1753617231346,11:53:51.346,gateio,AERO/USDT:USDT,0.8984,219.0,0.8979,219.0,0.8997,490.0,0.8998,236.0
1753617231529,11:53:51.529,gateio,AERO/USDT:USDT,0.8984,219.0,0.8979,219.0,0.8997,684.0,0.8998,236.0
1753617231552,11:53:51.552,gateio,AERO/USDT:USDT,0.8984,219.0,0.8979,219.0,0.8996,15.0,0.8997,684.0
1753617231651,11:53:51.651,gateio,AERO/USDT:USDT,0.8984,219.0,0.8979,219.0,0.8996,15.0,0.8997,682.0
1753617232008,11:53:52.008,gateio,AERO/USDT:USDT,0.8983,219.0,0.8979,219.0,0.8996,15.0,0.8997,682.0
1753617232567,11:53:52.567,gateio,AERO/USDT:USDT,0.8983,219.0,0.8979,219.0,0.8996,503.0,0.8997,194.0
1753617232649,11:53:52.649,gateio,AERO/USDT:USDT,0.8983,219.0,0.8979,219.0,0.8996,503.0,0.8997,194.0
1753617233008,11:53:53.008,gateio,AERO/USDT:USDT,0.8983,219.0,0.8979,219.0,0.8996,503.0,0.8997,194.0
1753617233328,11:53:53.328,gateio,AERO/USDT:USDT,0.8983,219.0,0.8979,219.0,0.8995,488.0,0.8996,15.0
1753617233999,11:53:53.999,gateio,AERO/USDT:USDT,0.8979,219.0,0.8977,329.0,0.8995,488.0,0.8996,15.0
1753617234126,11:53:54.126,gateio,AERO/USDT:USDT,0.8983,219.0,0.8979,219.0,0.8995,496.0,0.8996,15.0
1753617235410,11:53:55.410,gateio,AERO/USDT:USDT,0.8983,227.0,0.8979,219.0,0.8995,496.0,0.8996,15.0
1753617235659,11:53:55.659,gateio,AERO/USDT:USDT,0.8983,8.0,0.8979,219.0,0.8995,496.0,0.8996,15.0
1753617235797,11:53:55.797,gateio,AERO/USDT:USDT,0.8983,219.0,0.8979,219.0,0.8995,496.0,0.8996,15.0
1753617235879,11:53:55.879,gateio,AERO/USDT:USDT,0.8983,219.0,0.8979,219.0,0.8995,496.0,0.8996,15.0
1753617236144,11:53:56.144,gateio,AERO/USDT:USDT,0.8979,275.0,0.8977,329.0,0.8995,496.0,0.8996,15.0
1753617236169,11:53:56.169,gateio,AERO/USDT:USDT,0.8983,219.0,0.8979,219.0,0.8995,496.0,0.8996,15.0
1753617236633,11:53:56.633,gateio,AERO/USDT:USDT,0.8983,219.0,0.8979,219.0,0.8995,496.0,0.8996,15.0
1753617236821,11:53:56.821,gateio,AERO/USDT:USDT,0.8983,219.0,0.8979,219.0,0.8995,496.0,0.8996,15.0
1753617237427,11:53:57.427,gateio,AERO/USDT:USDT,0.8983,8.0,0.8979,219.0,0.8995,488.0,0.8996,15.0
1753617237453,11:53:57.453,gateio,AERO/USDT:USDT,0.8983,109.0,0.8979,219.0,0.8995,488.0,0.8997,15.0
1753617237733,11:53:57.733,gateio,AERO/USDT:USDT,0.8984,219.0,0.8983,8.0,0.8995,496.0,0.8997,15.0
1753617237823,11:53:57.823,gateio,AERO/USDT:USDT,0.8984,8.0,0.8979,219.0,0.8995,504.0,0.8998,236.0
1753617237911,11:53:57.911,gateio,AERO/USDT:USDT,0.8984,8.0,0.8979,219.0,0.8995,504.0,0.8998,236.0
1753617238539,11:53:58.539,gateio,AERO/USDT:USDT,0.8984,8.0,0.8983,8.0,0.8993,219.0,0.8995,504.0
1753617238559,11:53:58.559,gateio,AERO/USDT:USDT,0.8984,8.0,0.8983,8.0,0.8993,509.0,0.8994,15.0
1753617238652,11:53:58.652,gateio,AERO/USDT:USDT,0.8984,8.0,0.8983,8.0,0.8993,509.0,0.8995,16.0
1753617238908,11:53:58.908,gateio,AERO/USDT:USDT,0.8984,8.0,0.8983,8.0,0.8993,509.0,0.8995,16.0
1753617239003,11:53:59.003,gateio,AERO/USDT:USDT,0.8984,8.0,0.8983,8.0,0.8993,509.0,0.8995,16.0
1753617239193,11:53:59.193,gateio,AERO/USDT:USDT,0.8984,8.0,0.8983,8.0,0.8993,509.0,0.8995,16.0
1753617239688,11:53:59.688,gateio,AERO/USDT:USDT,0.8984,8.0,0.8983,8.0,0.8995,16.0,0.8996,509.0
1753617239876,11:53:59.876,gateio,AERO/USDT:USDT,0.8984,8.0,0.8978,219.0,0.8995,16.0,0.8996,509.0
1753617240127,11:54:00.127,gateio,AERO/USDT:USDT,0.8982,219.0,0.8978,219.0,0.8995,525.0,0.8998,236.0
1753617240235,11:54:00.235,gateio,AERO/USDT:USDT,0.8982,219.0,0.8978,219.0,0.8994,509.0,0.8995,16.0
1753617240339,11:54:00.339,gateio,AERO/USDT:USDT,0.8986,219.0,0.8982,219.0,0.8994,509.0,0.8995,16.0
1753617240372,11:54:00.372,gateio,AERO/USDT:USDT,0.8982,219.0,0.8978,219.0,0.8994,509.0,0.8995,16.0
1753617240573,11:54:00.573,gateio,AERO/USDT:USDT,0.8978,219.0,0.8977,329.0,0.8994,509.0,0.8995,16.0
1753617240813,11:54:00.813,gateio,AERO/USDT:USDT,0.8982,219.0,0.8978,219.0,0.8994,509.0,0.8995,16.0
1753617240850,11:54:00.850,gateio,AERO/USDT:USDT,0.8982,219.0,0.8978,219.0,0.8994,509.0,0.8995,16.0
1753617241226,11:54:01.226,gateio,AERO/USDT:USDT,0.8982,219.0,0.8978,219.0,0.8994,509.0,0.8995,16.0
1753617241280,11:54:01.280,gateio,AERO/USDT:USDT,0.8978,219.0,0.8977,329.0,0.8994,509.0,0.8995,16.0
1753617241495,11:54:01.495,gateio,AERO/USDT:USDT,0.8982,219.0,0.8978,219.0,0.8994,509.0,0.8995,16.0
1753617241587,11:54:01.587,gateio,AERO/USDT:USDT,0.8982,219.0,0.8978,219.0,0.8994,509.0,0.8995,16.0
1753617243003,11:54:03.003,gateio,AERO/USDT:USDT,0.8982,219.0,0.8978,219.0,0.8994,509.0,0.8995,16.0
1753617243563,11:54:03.563,gateio,AERO/USDT:USDT,0.8978,219.0,0.8977,329.0,0.8994,509.0,0.8995,16.0
1753617243776,11:54:03.776,gateio,AERO/USDT:USDT,0.8982,219.0,0.8978,219.0,0.8994,509.0,0.8995,16.0
1753617245238,11:54:05.238,gateio,AERO/USDT:USDT,0.8982,219.0,0.8978,219.0,0.8994,509.0,0.8995,16.0
1753617245548,11:54:05.548,gateio,AERO/USDT:USDT,0.8982,219.0,0.8978,219.0,0.8994,509.0,0.8995,16.0
1753617245887,11:54:05.887,gateio,AERO/USDT:USDT,0.8978,219.0,0.8977,329.0,0.8994,509.0,0.8995,16.0
1753617246008,11:54:06.008,gateio,AERO/USDT:USDT,0.8982,219.0,0.8978,219.0,0.8994,509.0,0.8995,16.0
1753617246109,11:54:06.109,gateio,AERO/USDT:USDT,0.8978,219.0,0.8977,329.0,0.8993,219.0,0.8994,509.0
1753617246227,11:54:06.227,gateio,AERO/USDT:USDT,0.8978,219.0,0.8975,275.0,0.8993,743.0,0.8995,16.0
1753617246307,11:54:06.307,gateio,AERO/USDT:USDT,0.8978,219.0,0.8975,275.0,0.8993,743.0,0.8995,16.0
1753617246429,11:54:06.429,gateio,AERO/USDT:USDT,0.8978,219.0,0.8975,275.0,0.8993,743.0,0.8995,16.0
1753617247143,11:54:07.143,gateio,AERO/USDT:USDT,0.8978,219.0,0.8976,326.0,0.8993,743.0,0.8995,16.0
1753617247188,11:54:07.188,gateio,AERO/USDT:USDT,0.8978,219.0,0.8976,326.0,0.8992,509.0,0.8993,234.0
1753617247276,11:54:07.276,gateio,AERO/USDT:USDT,0.8974,219.0,0.8973,476.0,0.8992,509.0,0.8993,234.0
1753617247412,11:54:07.412,gateio,AERO/USDT:USDT,0.8974,219.0,0.8973,476.0,0.8992,509.0,0.8993,234.0
1753617247614,11:54:07.614,gateio,AERO/USDT:USDT,0.8978,219.0,0.8974,219.0,0.8992,509.0,0.8993,234.0
1753617247648,11:54:07.648,gateio,AERO/USDT:USDT,0.8978,219.0,0.8974,219.0,0.8992,509.0,0.8993,234.0
1753617247804,11:54:07.804,gateio,AERO/USDT:USDT,0.8974,219.0,0.8973,859.0,0.8992,509.0,0.8993,234.0
1753617247852,11:54:07.852,gateio,AERO/USDT:USDT,0.8978,219.0,0.8974,219.0,0.8992,509.0,0.8993,234.0
1753617248032,11:54:08.032,gateio,AERO/USDT:USDT,0.8978,219.0,0.8974,219.0,0.8989,235.0,0.8992,509.0
1753617248117,11:54:08.117,gateio,AERO/USDT:USDT,0.8974,275.0,0.8973,476.0,0.8989,235.0,0.8991,15.0
1753617248352,11:54:08.352,gateio,AERO/USDT:USDT,0.8974,275.0,0.8973,476.0,0.8989,235.0,0.8991,15.0
1753617248847,11:54:08.847,gateio,AERO/USDT:USDT,0.8974,275.0,0.8973,476.0,0.8989,235.0,0.8991,15.0
1753617248969,11:54:08.969,gateio,AERO/USDT:USDT,0.8974,612.0,0.8973,476.0,0.8989,235.0,0.8991,15.0
1753617249050,11:54:09.050,gateio,AERO/USDT:USDT,0.8974,612.0,0.8973,476.0,0.8989,16.0,0.8991,15.0
1753617249153,11:54:09.153,gateio,AERO/USDT:USDT,0.8974,612.0,0.8973,476.0,0.8989,16.0,0.8992,524.0
1753617249341,11:54:09.341,gateio,AERO/USDT:USDT,0.8974,612.0,0.8973,476.0,0.8989,16.0,0.8992,524.0
1753617249358,11:54:09.358,gateio,AERO/USDT:USDT,0.8974,612.0,0.8973,476.0,0.8989,16.0,0.8992,524.0
1753617250400,11:54:10.400,gateio,AERO/USDT:USDT,0.8974,668.0,0.8973,476.0,0.8989,16.0,0.8992,524.0
1753617250464,11:54:10.464,gateio,AERO/USDT:USDT,0.8974,612.0,0.8973,476.0,0.8989,16.0,0.8992,524.0
1753617250845,11:54:10.845,gateio,AERO/USDT:USDT,0.8974,668.0,0.8973,476.0,0.8989,16.0,0.8992,524.0
1753617251186,11:54:11.186,gateio,AERO/USDT:USDT,0.8974,668.0,0.8973,476.0,0.8989,16.0,0.8992,524.0
1753617251378,11:54:11.378,gateio,AERO/USDT:USDT,0.8974,668.0,0.8973,476.0,0.8989,16.0,0.8992,524.0
1753617251511,11:54:11.511,gateio,AERO/USDT:USDT,0.8974,710.0,0.8973,476.0,0.8989,16.0,0.8992,524.0
1753617251578,11:54:11.578,gateio,AERO/USDT:USDT,0.8974,710.0,0.8973,476.0,0.8989,16.0,0.8992,524.0
1753617252232,11:54:12.232,gateio,AERO/USDT:USDT,0.8975,230.0,0.8974,710.0,0.8989,16.0,0.8992,524.0
1753617252368,11:54:12.368,gateio,AERO/USDT:USDT,0.8975,286.0,0.8974,710.0,0.8989,16.0,0.8992,524.0
1753617253333,11:54:13.333,gateio,AERO/USDT:USDT,0.8975,230.0,0.8974,598.0,0.8989,16.0,0.8992,524.0
1753617253385,11:54:13.385,gateio,AERO/USDT:USDT,0.8975,230.0,0.8974,598.0,0.8989,16.0,0.8992,524.0
1753617253696,11:54:13.696,gateio,AERO/USDT:USDT,0.8975,230.0,0.8974,598.0,0.8989,16.0,0.8992,524.0
1753617253749,11:54:13.749,gateio,AERO/USDT:USDT,0.8975,230.0,0.8974,598.0,0.8989,16.0,0.8992,524.0
1753617253851,11:54:13.851,gateio,AERO/USDT:USDT,0.8975,230.0,0.8974,598.0,0.8989,16.0,0.8992,524.0
1753617254384,11:54:14.384,gateio,AERO/USDT:USDT,0.8975,230.0,0.8974,598.0,0.8989,16.0,0.8992,524.0
1753617255105,11:54:15.105,gateio,AERO/USDT:USDT,0.8978,227.0,0.8975,230.0,0.8989,16.0,0.8992,524.0
1753617255333,11:54:15.333,gateio,AERO/USDT:USDT,0.8978,235.0,0.8975,230.0,0.8989,16.0,0.8992,524.0
1753617255395,11:54:15.395,gateio,AERO/USDT:USDT,0.8978,235.0,0.8975,230.0,0.8989,16.0,0.8992,524.0
1753617255570,11:54:15.570,gateio,AERO/USDT:USDT,0.8978,235.0,0.8975,230.0,0.8989,16.0,0.8992,524.0
1753617255785,11:54:15.785,gateio,AERO/USDT:USDT,0.8978,16.0,0.8975,230.0,0.8989,16.0,0.8992,524.0
1753617255988,11:54:15.988,gateio,AERO/USDT:USDT,0.8978,16.0,0.8975,230.0,0.8989,16.0,0.8992,524.0
1753617256384,11:54:16.384,gateio,AERO/USDT:USDT,0.8978,16.0,0.8975,230.0,0.8989,16.0,0.8992,524.0
1753617256528,11:54:16.528,gateio,AERO/USDT:USDT,0.8978,16.0,0.8974,556.0,0.8989,16.0,0.8992,524.0
1753617256940,11:54:16.940,gateio,AERO/USDT:USDT,0.8978,16.0,0.8974,556.0,0.8989,16.0,0.8992,524.0
1753617257032,11:54:17.032,gateio,AERO/USDT:USDT,0.8978,16.0,0.8974,556.0,0.8989,16.0,0.8992,524.0
1753617257384,11:54:17.384,gateio,AERO/USDT:USDT,0.8978,16.0,0.8974,556.0,0.8989,16.0,0.8992,524.0
1753617258392,11:54:18.392,gateio,AERO/USDT:USDT,0.8978,16.0,0.8974,556.0,0.8989,16.0,0.8992,524.0
1753617258547,11:54:18.547,gateio,AERO/USDT:USDT,0.8978,16.0,0.8974,556.0,0.8989,16.0,0.8992,524.0
1753617259394,11:54:19.394,gateio,AERO/USDT:USDT,0.8978,16.0,0.8974,556.0,0.8989,16.0,0.8992,524.0
1753617259862,11:54:19.862,gateio,AERO/USDT:USDT,0.8978,16.0,0.8974,556.0,0.8989,16.0,0.8992,524.0
1753617260044,11:54:20.044,gateio,AERO/USDT:USDT,0.8978,16.0,0.8974,556.0,0.8989,16.0,0.8992,524.0
1753617260389,11:54:20.389,gateio,AERO/USDT:USDT,0.8978,16.0,0.8974,556.0,0.8989,16.0,0.8992,524.0
1753617260808,11:54:20.808,gateio,AERO/USDT:USDT,0.8978,16.0,0.8974,556.0,0.8989,16.0,0.8992,524.0
1753617261512,11:54:21.512,gateio,AERO/USDT:USDT,0.8978,58.0,0.8974,556.0,0.8989,16.0,0.8992,524.0
1753617265587,11:54:25.587,gateio,AERO/USDT:USDT,0.8978,58.0,0.8974,556.0,0.8989,16.0,0.8992,524.0
1753617267328,11:54:27.328,gateio,AERO/USDT:USDT,0.8978,58.0,0.8974,556.0,0.8989,16.0,0.8992,524.0
1753617267348,11:54:27.348,gateio,AERO/USDT:USDT,0.8978,58.0,0.8974,556.0,0.8989,16.0,0.8992,524.0
1753617268840,11:54:28.840,gateio,AERO/USDT:USDT,0.8978,58.0,0.8974,556.0,0.8989,16.0,0.8992,524.0
1753617268849,11:54:28.849,gateio,AERO/USDT:USDT,0.8978,58.0,0.8974,556.0,0.8989,16.0,0.8992,524.0
1753617270390,11:54:30.390,gateio,AERO/USDT:USDT,0.8978,58.0,0.8974,556.0,0.8989,16.0,0.8992,524.0
1753617271545,11:54:31.545,gateio,AERO/USDT:USDT,0.8978,50.0,0.8974,556.0,0.8989,16.0,0.8992,524.0
1753617271768,11:54:31.768,gateio,AERO/USDT:USDT,0.8978,50.0,0.8974,556.0,0.8989,16.0,0.8992,524.0
1753617272752,11:54:32.752,gateio,AERO/USDT:USDT,0.8978,50.0,0.8974,556.0,0.8989,16.0,0.8992,524.0
1753617273010,11:54:33.010,gateio,AERO/USDT:USDT,0.8978,50.0,0.8974,556.0,0.8988,219.0,0.8989,16.0
1753617273419,11:54:33.419,gateio,AERO/USDT:USDT,0.8978,42.0,0.8974,219.0,0.8988,219.0,0.8989,16.0
1753617273627,11:54:33.627,gateio,AERO/USDT:USDT,0.8978,42.0,0.8974,219.0,0.8988,219.0,0.8989,16.0
1753617273736,11:54:33.736,gateio,AERO/USDT:USDT,0.8978,42.0,0.8973,476.0,0.8988,219.0,0.8989,16.0
1753617273840,11:54:33.840,gateio,AERO/USDT:USDT,0.8978,42.0,0.8974,219.0,0.8988,219.0,0.8989,16.0
1753617273881,11:54:33.881,gateio,AERO/USDT:USDT,0.8978,42.0,0.8974,219.0,0.8988,219.0,0.8989,16.0
1753617274004,11:54:34.004,gateio,AERO/USDT:USDT,0.8978,42.0,0.8974,219.0,0.8988,219.0,0.8989,16.0
1753617275118,11:54:35.118,gateio,AERO/USDT:USDT,0.8978,42.0,0.8974,219.0,0.8988,219.0,0.8989,16.0
1753617275187,11:54:35.187,gateio,AERO/USDT:USDT,0.8978,42.0,0.8974,219.0,0.8988,219.0,0.8989,16.0
1753617275726,11:54:35.726,gateio,AERO/USDT:USDT,0.8978,42.0,0.8974,219.0,0.8988,219.0,0.8989,16.0
1753617277588,11:54:37.588,gateio,AERO/USDT:USDT,0.8978,42.0,0.8974,219.0,0.8988,219.0,0.8989,16.0
1753617278823,11:54:38.823,gateio,AERO/USDT:USDT,0.8978,42.0,0.8974,219.0,0.8988,219.0,0.8989,16.0
1753617279020,11:54:39.020,gateio,AERO/USDT:USDT,0.8978,42.0,0.8974,219.0,0.8988,219.0,0.8989,16.0
1753617279281,11:54:39.281,gateio,AERO/USDT:USDT,0.8978,42.0,0.8974,219.0,0.8988,219.0,0.8989,16.0
1753617279506,11:54:39.506,gateio,AERO/USDT:USDT,0.8978,42.0,0.8974,219.0,0.8988,219.0,0.8989,16.0
1753617279696,11:54:39.696,gateio,AERO/USDT:USDT,0.8978,42.0,0.8974,219.0,0.8989,16.0,0.8992,524.0
1753617279829,11:54:39.829,gateio,AERO/USDT:USDT,0.8978,42.0,0.8974,219.0,0.8988,219.0,0.8989,16.0
1753617280008,11:54:40.008,gateio,AERO/USDT:USDT,0.8978,42.0,0.8974,219.0,0.8988,219.0,0.8989,16.0
1753617280163,11:54:40.163,gateio,AERO/USDT:USDT,0.8978,42.0,0.8974,219.0,0.8988,219.0,0.8989,16.0
1753617281004,11:54:41.004,gateio,AERO/USDT:USDT,0.8978,42.0,0.8974,219.0,0.8988,219.0,0.8989,16.0
1753617281435,11:54:41.435,gateio,AERO/USDT:USDT,0.8978,42.0,0.8974,219.0,0.8988,219.0,0.8989,16.0
1753617281635,11:54:41.635,gateio,AERO/USDT:USDT,0.8978,42.0,0.8974,219.0,0.8988,219.0,0.8989,16.0
1753617284808,11:54:44.808,gateio,AERO/USDT:USDT,0.8978,42.0,0.8974,219.0,0.8988,219.0,0.8989,16.0
1753617288128,11:54:48.128,gateio,AERO/USDT:USDT,0.8978,42.0,0.8974,219.0,0.8988,219.0,0.8989,16.0
1753617289589,11:54:49.589,gateio,AERO/USDT:USDT,0.8978,42.0,0.8974,219.0,0.8988,219.0,0.8989,16.0
1753617292592,11:54:52.592,gateio,AERO/USDT:USDT,0.8978,42.0,0.8974,219.0,0.8988,219.0,0.8989,16.0
1753617292659,11:54:52.659,gateio,AERO/USDT:USDT,0.8978,42.0,0.8974,219.0,0.8988,219.0,0.8989,16.0
1753617293780,11:54:53.780,gateio,AERO/USDT:USDT,0.8978,42.0,0.8974,219.0,0.8988,219.0,0.8989,16.0
1753617294389,11:54:54.389,gateio,AERO/USDT:USDT,0.8978,42.0,0.8974,219.0,0.8988,219.0,0.8989,16.0
1753617297909,11:54:57.909,gateio,AERO/USDT:USDT,0.8978,42.0,0.8974,219.0,0.8988,219.0,0.8989,16.0
1753617298016,11:54:58.016,gateio,AERO/USDT:USDT,0.8978,42.0,0.8974,219.0,0.8988,219.0,0.8989,16.0
1753617299189,11:54:59.189,gateio,AERO/USDT:USDT,0.8978,42.0,0.8974,219.0,0.8988,219.0,0.8989,16.0
1753617300030,11:55:00.030,gateio,AERO/USDT:USDT,0.8978,42.0,0.8974,219.0,0.8988,219.0,0.8989,16.0
1753617300638,11:55:00.638,gateio,AERO/USDT:USDT,0.8978,42.0,0.8973,476.0,0.8988,219.0,0.8989,16.0
1753617300754,11:55:00.754,gateio,AERO/USDT:USDT,0.8978,42.0,0.8974,219.0,0.8988,219.0,0.8989,16.0
1753617303003,11:55:03.003,gateio,AERO/USDT:USDT,0.8978,42.0,0.8974,219.0,0.8988,219.0,0.8989,16.0
1753617303371,11:55:03.371,gateio,AERO/USDT:USDT,0.8978,42.0,0.8974,219.0,0.8988,219.0,0.8989,16.0
1753617303915,11:55:03.915,gateio,AERO/USDT:USDT,0.8978,42.0,0.8973,476.0,0.8988,219.0,0.8989,16.0
1753617304009,11:55:04.009,gateio,AERO/USDT:USDT,0.8978,42.0,0.8974,219.0,0.8988,219.0,0.8989,16.0
1753617304637,11:55:04.637,gateio,AERO/USDT:USDT,0.8978,42.0,0.8974,219.0,0.8988,219.0,0.8989,16.0
1753617304656,11:55:04.656,gateio,AERO/USDT:USDT,0.8978,42.0,0.8974,219.0,0.8988,219.0,0.8989,16.0
1753617304763,11:55:04.763,gateio,AERO/USDT:USDT,0.8978,42.0,0.8973,476.0,0.8988,219.0,0.8989,16.0
1753617304929,11:55:04.929,gateio,AERO/USDT:USDT,0.8978,42.0,0.8973,476.0,0.8988,219.0,0.8989,16.0
1753617305007,11:55:05.007,gateio,AERO/USDT:USDT,0.8978,42.0,0.8973,476.0,0.8988,219.0,0.8989,16.0
1753617305115,11:55:05.115,gateio,AERO/USDT:USDT,0.8978,42.0,0.8973,476.0,0.8988,728.0,0.8989,16.0
1753617305220,11:55:05.220,gateio,AERO/USDT:USDT,0.8978,42.0,0.8973,476.0,0.8987,15.0,0.8988,728.0
1753617305334,11:55:05.334,gateio,AERO/USDT:USDT,0.8978,42.0,0.8973,476.0,0.8984,219.0,0.8987,15.0
1753617305414,11:55:05.414,gateio,AERO/USDT:USDT,0.8978,42.0,0.8977,9.0,0.8984,219.0,0.8987,15.0
1753617305500,11:55:05.500,gateio,AERO/USDT:USDT,0.8978,42.0,0.8977,9.0,0.8984,219.0,0.8987,15.0
1753617305642,11:55:05.642,gateio,AERO/USDT:USDT,0.8978,42.0,0.8977,9.0,0.8984,219.0,0.8987,15.0
1753617305741,11:55:05.741,gateio,AERO/USDT:USDT,0.8978,42.0,0.8977,9.0,0.8984,219.0,0.8987,15.0
1753617305749,11:55:05.749,gateio,AERO/USDT:USDT,0.8978,42.0,0.8977,9.0,0.8984,219.0,0.8987,15.0
1753617306042,11:55:06.042,gateio,AERO/USDT:USDT,0.8978,42.0,0.8977,9.0,0.8987,15.0,0.8988,728.0
1753617306121,11:55:06.121,gateio,AERO/USDT:USDT,0.8978,42.0,0.8977,9.0,0.8987,15.0,0.8988,728.0
1753617306215,11:55:06.215,gateio,AERO/USDT:USDT,0.8978,42.0,0.8977,9.0,0.8987,15.0,0.8988,728.0
1753617306250,11:55:06.250,gateio,AERO/USDT:USDT,0.8978,42.0,0.8977,9.0,0.8984,219.0,0.8987,15.0
1753617307506,11:55:07.506,gateio,AERO/USDT:USDT,0.8978,42.0,0.8977,9.0,0.8984,219.0,0.8987,15.0
1753617307649,11:55:07.649,gateio,AERO/USDT:USDT,0.8978,42.0,0.8977,9.0,0.8984,219.0,0.8987,15.0
1753617307753,11:55:07.753,gateio,AERO/USDT:USDT,0.8978,42.0,0.8977,9.0,0.8987,15.0,0.8988,728.0
1753617308006,11:55:08.006,gateio,AERO/USDT:USDT,0.8978,42.0,0.8977,9.0,0.8987,15.0,0.8988,728.0
1753617308788,11:55:08.788,gateio,AERO/USDT:USDT,0.8978,42.0,0.8977,9.0,0.8987,15.0,0.8988,728.0
1753617309496,11:55:09.496,gateio,AERO/USDT:USDT,0.8978,42.0,0.8977,9.0,0.8984,219.0,0.8987,15.0
1753617309768,11:55:09.768,gateio,AERO/USDT:USDT,0.8978,42.0,0.8977,18.0,0.8984,219.0,0.8987,15.0
1753617309933,11:55:09.933,gateio,AERO/USDT:USDT,0.8978,42.0,0.8977,18.0,0.8987,15.0,0.8988,728.0
1753617312818,11:55:12.818,gateio,AERO/USDT:USDT,0.8978,42.0,0.8977,18.0,0.8987,15.0,0.8988,728.0
1753617313588,11:55:13.588,gateio,AERO/USDT:USDT,0.8978,42.0,0.8977,18.0,0.8987,15.0,0.8988,728.0
1753617315337,11:55:15.337,gateio,AERO/USDT:USDT,0.8978,42.0,0.8977,18.0,0.8987,234.0,0.8988,509.0
1753617315430,11:55:15.430,gateio,AERO/USDT:USDT,0.8978,42.0,0.8977,18.0,0.8987,234.0,0.899,236.0
1753617315533,11:55:15.533,gateio,AERO/USDT:USDT,0.8978,42.0,0.8977,18.0,0.8987,219.0,0.899,251.0
1753617315554,11:55:15.554,gateio,AERO/USDT:USDT,0.8978,42.0,0.8977,18.0,0.8987,219.0,0.899,251.0
1753617315780,11:55:15.780,gateio,AERO/USDT:USDT,0.8978,42.0,0.8977,18.0,0.8987,219.0,0.899,251.0
1753617316006,11:55:16.006,gateio,AERO/USDT:USDT,0.8978,42.0,0.8977,18.0,0.8987,219.0,0.899,251.0
1753617318108,11:55:18.108,gateio,AERO/USDT:USDT,0.8978,42.0,0.8977,18.0,0.8987,219.0,0.899,251.0
1753617318388,11:55:18.388,gateio,AERO/USDT:USDT,0.8978,42.0,0.8977,18.0,0.8987,219.0,0.899,251.0
1753617318905,11:55:18.905,gateio,AERO/USDT:USDT,0.8978,42.0,0.8977,18.0,0.8987,219.0,0.899,251.0
1753617319288,11:55:19.288,gateio,AERO/USDT:USDT,0.8978,42.0,0.8977,18.0,0.8987,219.0,0.899,251.0
1753617320041,11:55:20.041,gateio,AERO/USDT:USDT,0.8978,42.0,0.897,220.0,0.8987,219.0,0.899,251.0
1753617320139,11:55:20.139,gateio,AERO/USDT:USDT,0.8978,42.0,0.897,220.0,0.8983,228.0,0.8984,9.0
1753617320240,11:55:20.240,gateio,AERO/USDT:USDT,0.8978,42.0,0.897,1.0,0.8983,228.0,0.8984,9.0
1753617320310,11:55:20.310,gateio,AERO/USDT:USDT,0.8978,42.0,0.897,1.0,0.8983,228.0,0.8984,9.0
1753617320436,11:55:20.436,gateio,AERO/USDT:USDT,0.8978,42.0,0.897,1.0,0.8983,228.0,0.8984,9.0
1753617320544,11:55:20.544,gateio,AERO/USDT:USDT,0.8978,42.0,0.897,1.0,0.8983,228.0,0.8984,9.0
1753617320557,11:55:20.557,gateio,AERO/USDT:USDT,0.8978,42.0,0.897,1.0,0.8983,228.0,0.8984,9.0
1753617320688,11:55:20.688,gateio,AERO/USDT:USDT,0.897,1.0,0.8966,686.0,0.8983,228.0,0.8984,9.0
1753617320841,11:55:20.841,gateio,AERO/USDT:USDT,0.897,1.0,0.8966,686.0,0.8982,15.0,0.8983,228.0
1753617320931,11:55:20.931,gateio,AERO/USDT:USDT,0.897,1.0,0.8965,219.0,0.8979,219.0,0.8982,15.0
1753617321008,11:55:21.008,gateio,AERO/USDT:USDT,0.897,1.0,0.8965,219.0,0.8978,24.0,0.8979,219.0
1753617321068,11:55:21.068,gateio,AERO/USDT:USDT,0.897,1.0,0.8965,219.0,0.8978,24.0,0.8979,219.0
1753617321244,11:55:21.244,gateio,AERO/USDT:USDT,0.897,1.0,0.8965,219.0,0.8978,24.0,0.8979,219.0
1753617321280,11:55:21.280,gateio,AERO/USDT:USDT,0.897,1.0,0.8969,9.0,0.8978,24.0,0.8979,219.0
1753617321407,11:55:21.407,gateio,AERO/USDT:USDT,0.897,1.0,0.8969,9.0,0.8978,24.0,0.8979,219.0
1753617321517,11:55:21.517,gateio,AERO/USDT:USDT,0.897,43.0,0.8969,9.0,0.8978,24.0,0.8979,219.0
1753617321823,11:55:21.823,gateio,AERO/USDT:USDT,0.897,43.0,0.8969,9.0,0.8978,24.0,0.8979,219.0
1753617322256,11:55:22.256,gateio,AERO/USDT:USDT,0.897,43.0,0.8969,9.0,0.8978,24.0,0.8979,219.0
1753617322443,11:55:22.443,gateio,AERO/USDT:USDT,0.897,43.0,0.8969,9.0,0.8978,24.0,0.8979,219.0
1753617322639,11:55:22.639,gateio,AERO/USDT:USDT,0.897,43.0,0.8969,9.0,0.8978,24.0,0.8979,219.0
1753617322669,11:55:22.669,gateio,AERO/USDT:USDT,0.897,43.0,0.8969,9.0,0.8978,24.0,0.8979,219.0
1753617322855,11:55:22.855,gateio,AERO/USDT:USDT,0.897,43.0,0.8969,9.0,0.8978,24.0,0.8979,219.0
1753617323102,11:55:23.102,gateio,AERO/USDT:USDT,0.897,43.0,0.8969,9.0,0.8978,24.0,0.8979,219.0
1753617323734,11:55:23.734,gateio,AERO/USDT:USDT,0.897,52.0,0.8969,9.0,0.8978,15.0,0.8979,219.0
1753617323756,11:55:23.756,gateio,AERO/USDT:USDT,0.897,52.0,0.8969,9.0,0.8978,15.0,0.8979,219.0
1753617324020,11:55:24.020,gateio,AERO/USDT:USDT,0.897,52.0,0.8969,9.0,0.8978,15.0,0.8979,219.0
1753617324063,11:55:24.063,gateio,AERO/USDT:USDT,0.897,52.0,0.8969,9.0,0.8978,15.0,0.8979,219.0
1753617324408,11:55:24.408,gateio,AERO/USDT:USDT,0.897,52.0,0.8969,9.0,0.8978,15.0,0.8979,219.0
1753617324711,11:55:24.711,gateio,AERO/USDT:USDT,0.897,52.0,0.8969,9.0,0.8978,15.0,0.8983,219.0
1753617324752,11:55:24.752,gateio,AERO/USDT:USDT,0.897,52.0,0.8969,9.0,0.8982,15.0,0.8983,219.0
1753617324904,11:55:24.904,gateio,AERO/USDT:USDT,0.897,52.0,0.8969,9.0,0.8982,15.0,0.8983,219.0
1753617325045,11:55:25.045,gateio,AERO/USDT:USDT,0.897,52.0,0.8969,9.0,0.8982,15.0,0.8983,219.0
1753617325098,11:55:25.098,gateio,AERO/USDT:USDT,0.897,52.0,0.8969,9.0,0.8982,15.0,0.8983,219.0
1753617325535,11:55:25.535,gateio,AERO/USDT:USDT,0.897,52.0,0.8969,9.0,0.8982,15.0,0.8983,219.0
1753617325548,11:55:25.548,gateio,AERO/USDT:USDT,0.897,52.0,0.8969,9.0,0.8982,15.0,0.8983,219.0
1753617325901,11:55:25.901,gateio,AERO/USDT:USDT,0.897,52.0,0.8969,9.0,0.8982,15.0,0.8983,219.0
1753617326003,11:55:26.003,gateio,AERO/USDT:USDT,0.897,52.0,0.8969,9.0,0.8982,15.0,0.8983,219.0
1753617326940,11:55:26.940,gateio,AERO/USDT:USDT,0.897,52.0,0.8969,9.0,0.8982,15.0,0.8983,219.0
1753617328638,11:55:28.638,gateio,AERO/USDT:USDT,0.897,52.0,0.8969,9.0,0.8982,15.0,0.8983,219.0
1753617328749,11:55:28.749,gateio,AERO/USDT:USDT,0.897,52.0,0.8969,9.0,0.8982,15.0,0.8983,219.0
1753617329043,11:55:29.043,gateio,AERO/USDT:USDT,0.897,52.0,0.8969,9.0,0.8982,15.0,0.8983,219.0
1753617329189,11:55:29.189,gateio,AERO/USDT:USDT,0.897,52.0,0.8969,9.0,0.8982,15.0,0.8983,219.0
1753617330131,11:55:30.131,gateio,AERO/USDT:USDT,0.897,52.0,0.8969,9.0,0.8982,15.0,0.8983,219.0
1753617330151,11:55:30.151,gateio,AERO/USDT:USDT,0.897,52.0,0.8969,9.0,0.8982,15.0,0.8983,219.0
1753617330518,11:55:30.518,gateio,AERO/USDT:USDT,0.897,52.0,0.8969,9.0,0.8977,222.0,0.8982,15.0
1753617330580,11:55:30.580,gateio,AERO/USDT:USDT,0.897,43.0,0.8969,9.0,0.8976,15.0,0.8977,222.0
1753617330645,11:55:30.645,gateio,AERO/USDT:USDT,0.897,43.0,0.8969,9.0,0.8976,15.0,0.8977,222.0
1753617330771,11:55:30.771,gateio,AERO/USDT:USDT,0.897,43.0,0.8969,9.0,0.8976,15.0,0.8977,222.0
1753617332258,11:55:32.258,gateio,AERO/USDT:USDT,0.897,43.0,0.8969,9.0,0.8976,15.0,0.8977,222.0
1753617332832,11:55:32.832,gateio,AERO/USDT:USDT,0.897,43.0,0.8969,9.0,0.8976,15.0,0.8977,222.0
1753617333360,11:55:33.360,gateio,AERO/USDT:USDT,0.897,43.0,0.8969,9.0,0.8976,15.0,0.8983,219.0
1753617333468,11:55:33.468,gateio,AERO/USDT:USDT,0.897,43.0,0.8969,9.0,0.8978,228.0,0.8982,15.0
1753617333553,11:55:33.553,gateio,AERO/USDT:USDT,0.897,43.0,0.8969,9.0,0.8977,15.0,0.8978,228.0
1753617333653,11:55:33.653,gateio,AERO/USDT:USDT,0.897,43.0,0.8969,9.0,0.8977,15.0,0.8978,228.0
1753617334029,11:55:34.029,gateio,AERO/USDT:USDT,0.897,43.0,0.8969,9.0,0.8977,15.0,0.8978,228.0
1753617334072,11:55:34.072,gateio,AERO/USDT:USDT,0.897,43.0,0.8969,9.0,0.8977,15.0,0.8978,228.0
1753617334694,11:55:34.694,gateio,AERO/USDT:USDT,0.897,43.0,0.8969,9.0,0.8977,15.0,0.8978,228.0
1753617334896,11:55:34.896,gateio,AERO/USDT:USDT,0.897,43.0,0.8969,9.0,0.8977,15.0,0.8978,228.0
1753617336267,11:55:36.267,gateio,AERO/USDT:USDT,0.897,43.0,0.8969,9.0,0.8977,15.0,0.8978,9.0
1753617336356,11:55:36.356,gateio,AERO/USDT:USDT,0.897,43.0,0.8969,9.0,0.8978,9.0,0.8982,15.0
1753617336515,11:55:36.515,gateio,AERO/USDT:USDT,0.897,43.0,0.8969,9.0,0.8978,9.0,0.8982,15.0
1753617336965,11:55:36.965,gateio,AERO/USDT:USDT,0.897,43.0,0.8969,9.0,0.8978,9.0,0.8982,15.0
1753617337507,11:55:37.507,gateio,AERO/USDT:USDT,0.897,52.0,0.8969,9.0,0.8978,9.0,0.8982,15.0
1753617337612,11:55:37.612,gateio,AERO/USDT:USDT,0.897,52.0,0.8969,9.0,0.8978,9.0,0.8982,15.0
1753617338789,11:55:38.789,gateio,AERO/USDT:USDT,0.897,52.0,0.8969,9.0,0.8978,9.0,0.8982,15.0
1753617341776,11:55:41.776,gateio,AERO/USDT:USDT,0.897,52.0,0.8969,9.0,0.8978,9.0,0.8982,15.0
1753617343589,11:55:43.589,gateio,AERO/USDT:USDT,0.897,52.0,0.8969,9.0,0.8978,9.0,0.8982,15.0
1753617346697,11:55:46.697,gateio,AERO/USDT:USDT,0.897,52.0,0.8969,9.0,0.8979,219.0,0.8982,15.0
1753617346756,11:55:46.756,gateio,AERO/USDT:USDT,0.897,52.0,0.8969,9.0,0.8978,15.0,0.8979,219.0
1753617346930,11:55:46.930,gateio,AERO/USDT:USDT,0.897,52.0,0.8969,9.0,0.8978,24.0,0.8979,219.0
1753617347468,11:55:47.468,gateio,AERO/USDT:USDT,0.897,52.0,0.8969,9.0,0.8978,15.0,0.8979,219.0
1753617347634,11:55:47.634,gateio,AERO/USDT:USDT,0.897,52.0,0.8969,9.0,0.8978,15.0,0.8983,728.0
1753617347729,11:55:47.729,gateio,AERO/USDT:USDT,0.897,52.0,0.8969,9.0,0.8982,15.0,0.8983,219.0
1753617347882,11:55:47.882,gateio,AERO/USDT:USDT,0.897,52.0,0.8969,9.0,0.8982,15.0,0.8983,219.0
1753617348173,11:55:48.173,gateio,AERO/USDT:USDT,0.897,52.0,0.8969,9.0,0.898,194.0,0.8982,15.0
1753617348252,11:55:48.252,gateio,AERO/USDT:USDT,0.897,52.0,0.8969,9.0,0.8979,15.0,0.898,194.0
1753617348392,11:55:48.392,gateio,AERO/USDT:USDT,0.897,52.0,0.8969,9.0,0.8979,15.0,0.898,194.0
1753617349741,11:55:49.741,gateio,AERO/USDT:USDT,0.897,52.0,0.8969,9.0,0.8979,15.0,0.898,194.0
1753617350003,11:55:50.003,gateio,AERO/USDT:USDT,0.897,52.0,0.8969,9.0,0.8979,15.0,0.898,194.0
1753617350210,11:55:50.210,gateio,AERO/USDT:USDT,0.897,52.0,0.8969,9.0,0.8979,234.0,0.898,194.0
1753617351327,11:55:51.327,gateio,AERO/USDT:USDT,0.897,52.0,0.8969,9.0,0.8979,15.0,0.898,194.0
1753617351522,11:55:51.522,gateio,AERO/USDT:USDT,0.897,52.0,0.8969,9.0,0.8979,15.0,0.898,194.0
1753617351652,11:55:51.652,gateio,AERO/USDT:USDT,0.897,52.0,0.8969,9.0,0.8979,234.0,0.898,194.0
1753617351996,11:55:51.996,gateio,AERO/USDT:USDT,0.897,43.0,0.8969,9.0,0.8979,234.0,0.898,194.0
1753617353190,11:55:53.190,gateio,AERO/USDT:USDT,0.897,43.0,0.8969,9.0,0.8979,234.0,0.898,194.0
1753617353607,11:55:53.607,gateio,AERO/USDT:USDT,0.897,43.0,0.8969,9.0,0.8979,15.0,0.898,194.0
1753617353697,11:55:53.697,gateio,AERO/USDT:USDT,0.897,43.0,0.8969,9.0,0.8979,15.0,0.8983,219.0
1753617353820,11:55:53.820,gateio,AERO/USDT:USDT,0.897,43.0,0.8969,9.0,0.8979,219.0,0.8982,15.0
1753617353856,11:55:53.856,gateio,AERO/USDT:USDT,0.897,52.0,0.8969,9.0,0.8978,15.0,0.8979,219.0
1753617355324,11:55:55.324,gateio,AERO/USDT:USDT,0.897,52.0,0.8969,9.0,0.8978,15.0,0.8983,219.0
1753617355353,11:55:55.353,gateio,AERO/USDT:USDT,0.897,52.0,0.8969,9.0,0.8982,15.0,0.8983,219.0
1753617355627,11:55:55.627,gateio,AERO/USDT:USDT,0.897,52.0,0.8969,9.0,0.8982,15.0,0.8983,219.0
1753617355755,11:55:55.755,gateio,AERO/USDT:USDT,0.897,52.0,0.8969,9.0,0.8979,219.0,0.8982,15.0
1753617355855,11:55:55.855,gateio,AERO/USDT:USDT,0.897,52.0,0.8969,9.0,0.8978,15.0,0.8979,219.0
1753617356405,11:55:56.405,gateio,AERO/USDT:USDT,0.897,52.0,0.8969,9.0,0.8978,15.0,0.8983,219.0
1753617356452,11:55:56.452,gateio,AERO/USDT:USDT,0.897,52.0,0.8969,9.0,0.8982,15.0,0.8983,219.0
1753617356625,11:55:56.625,gateio,AERO/USDT:USDT,0.897,43.0,0.8969,9.0,0.8979,219.0,0.8982,524.0
1753617356698,11:55:56.698,gateio,AERO/USDT:USDT,0.897,43.0,0.8969,9.0,0.8978,24.0,0.8979,219.0
1753617356815,11:55:56.815,gateio,AERO/USDT:USDT,0.897,43.0,0.8969,9.0,0.8978,24.0,0.8979,219.0
1753617356899,11:55:56.899,gateio,AERO/USDT:USDT,0.897,43.0,0.8969,9.0,0.8978,24.0,0.8979,219.0
1753617357004,11:55:57.004,gateio,AERO/USDT:USDT,0.897,43.0,0.8969,9.0,0.8978,24.0,0.8979,219.0
1753617357991,11:55:57.991,gateio,AERO/USDT:USDT,0.897,43.0,0.8969,9.0,0.8978,24.0,0.8979,219.0
1753617358741,11:55:58.741,gateio,AERO/USDT:USDT,0.897,43.0,0.8969,9.0,0.8978,24.0,0.8979,219.0
1753617360844,11:56:00.844,gateio,AERO/USDT:USDT,0.897,52.0,0.8969,9.0,0.8978,24.0,0.8979,219.0
1753617361830,11:56:01.830,gateio,AERO/USDT:USDT,0.897,52.0,0.8969,9.0,0.8978,24.0,0.8979,219.0
1753617361848,11:56:01.848,gateio,AERO/USDT:USDT,0.897,52.0,0.8969,9.0,0.8978,24.0,0.8979,219.0
1753617362812,11:56:02.812,gateio,AERO/USDT:USDT,0.897,52.0,0.8969,9.0,0.8978,24.0,0.8979,219.0
1753617364010,11:56:04.010,gateio,AERO/USDT:USDT,0.897,52.0,0.8969,9.0,0.8978,24.0,0.8979,219.0
1753617364929,11:56:04.929,gateio,AERO/USDT:USDT,0.897,52.0,0.8969,9.0,0.8978,24.0,0.8979,219.0
1753617365005,11:56:05.005,gateio,AERO/USDT:USDT,0.897,52.0,0.8969,9.0,0.8978,24.0,0.8979,219.0
1753617365740,11:56:05.740,gateio,AERO/USDT:USDT,0.897,52.0,0.8969,9.0,0.8978,24.0,0.8979,219.0
1753617365750,11:56:05.750,gateio,AERO/USDT:USDT,0.897,52.0,0.8969,9.0,0.8978,24.0,0.8979,219.0
1753617367590,11:56:07.590,gateio,AERO/USDT:USDT,0.897,52.0,0.8969,9.0,0.8978,24.0,0.8979,219.0
1753617371128,11:56:11.128,gateio,AERO/USDT:USDT,0.897,52.0,0.8969,9.0,0.8978,33.0,0.8979,219.0
1753617371326,11:56:11.326,gateio,AERO/USDT:USDT,0.897,52.0,0.8969,9.0,0.8978,33.0,0.8983,219.0
1753617372237,11:56:12.237,gateio,AERO/USDT:USDT,0.897,52.0,0.8969,9.0,0.8978,24.0,0.8983,219.0
1753617372252,11:56:12.252,gateio,AERO/USDT:USDT,0.897,52.0,0.8969,9.0,0.8978,9.0,0.8982,15.0
1753617372391,11:56:12.391,gateio,AERO/USDT:USDT,0.897,52.0,0.8969,9.0,0.8978,9.0,0.8982,15.0
1753617373004,11:56:13.004,gateio,AERO/USDT:USDT,0.897,52.0,0.8969,9.0,0.8978,9.0,0.8982,15.0
1753617374502,11:56:14.502,gateio,AERO/USDT:USDT,0.897,52.0,0.8969,9.0,0.8978,18.0,0.8982,15.0
1753617374552,11:56:14.552,gateio,AERO/USDT:USDT,0.897,52.0,0.8969,9.0,0.8977,15.0,0.8978,18.0
1753617375030,11:56:15.030,gateio,AERO/USDT:USDT,0.897,52.0,0.8969,9.0,0.8977,15.0,0.8978,18.0
1753617376559,11:56:16.559,gateio,AERO/USDT:USDT,0.897,52.0,0.8969,9.0,0.8977,15.0,0.8978,9.0
1753617376657,11:56:16.657,gateio,AERO/USDT:USDT,0.897,52.0,0.8969,9.0,0.8978,9.0,0.8982,15.0
1753617377004,11:56:17.004,gateio,AERO/USDT:USDT,0.897,52.0,0.8969,9.0,0.8978,9.0,0.8982,15.0
1753617377050,11:56:17.050,gateio,AERO/USDT:USDT,0.897,52.0,0.8969,9.0,0.8978,9.0,0.8982,15.0
1753617377190,11:56:17.190,gateio,AERO/USDT:USDT,0.897,52.0,0.8969,9.0,0.8978,9.0,0.8982,15.0
1753617380639,11:56:20.639,gateio,AERO/USDT:USDT,0.897,52.0,0.8969,9.0,0.8978,9.0,0.8982,15.0
1753617380908,11:56:20.908,gateio,AERO/USDT:USDT,0.897,52.0,0.8969,9.0,0.8978,18.0,0.8982,15.0
1753617380952,11:56:20.952,gateio,AERO/USDT:USDT,0.897,52.0,0.8969,9.0,0.8977,15.0,0.8978,18.0
1753617381104,11:56:21.104,gateio,AERO/USDT:USDT,0.897,52.0,0.8969,9.0,0.8977,15.0,0.8978,18.0
1753617382008,11:56:22.008,gateio,AERO/USDT:USDT,0.897,52.0,0.8969,9.0,0.8977,15.0,0.8978,18.0
1753617386792,11:56:26.792,gateio,AERO/USDT:USDT,0.897,52.0,0.8969,9.0,0.8977,15.0,0.8978,18.0
1753617390439,11:56:30.439,gateio,AERO/USDT:USDT,0.897,43.0,0.8966,50.0,0.8977,15.0,0.8978,18.0
1753617390502,11:56:30.502,gateio,AERO/USDT:USDT,0.897,43.0,0.8966,50.0,0.8977,15.0,0.8978,18.0
1753617390778,11:56:30.778,gateio,AERO/USDT:USDT,0.897,43.0,0.8966,50.0,0.8977,15.0,0.8978,18.0
1753617390941,11:56:30.941,gateio,AERO/USDT:USDT,0.897,43.0,0.8966,50.0,0.8977,15.0,0.8978,18.0
1753617390956,11:56:30.956,gateio,AERO/USDT:USDT,0.897,43.0,0.8966,50.0,0.8977,15.0,0.8978,18.0
1753617391145,11:56:31.145,gateio,AERO/USDT:USDT,0.897,43.0,0.8966,50.0,0.8976,219.0,0.8977,15.0
1753617391204,11:56:31.204,gateio,AERO/USDT:USDT,0.897,43.0,0.8966,50.0,0.8975,33.0,0.8976,237.0
1753617391322,11:56:31.322,gateio,AERO/USDT:USDT,0.897,43.0,0.8966,50.0,0.8975,33.0,0.8976,18.0
1753617391352,11:56:31.352,gateio,AERO/USDT:USDT,0.897,43.0,0.8963,50.0,0.8975,33.0,0.8976,18.0
1753617391448,11:56:31.448,gateio,AERO/USDT:USDT,0.897,43.0,0.8963,50.0,0.8975,33.0,0.8976,18.0
1753617391615,11:56:31.615,gateio,AERO/USDT:USDT,0.897,43.0,0.8963,50.0,0.8975,33.0,0.8976,18.0
1753617393251,11:56:33.251,gateio,AERO/USDT:USDT,0.897,43.0,0.8963,50.0,0.8975,33.0,0.8976,18.0
1753617393928,11:56:33.928,gateio,AERO/USDT:USDT,0.897,43.0,0.8963,50.0,0.8974,219.0,0.8975,33.0
1753617394041,11:56:34.041,gateio,AERO/USDT:USDT,0.897,43.0,0.8963,50.0,0.8973,33.0,0.8974,18.0
1753617394088,11:56:34.088,gateio,AERO/USDT:USDT,0.897,43.0,0.8963,50.0,0.8973,33.0,0.8974,18.0
1753617394239,11:56:34.239,gateio,AERO/USDT:USDT,0.897,43.0,0.8963,50.0,0.8973,33.0,0.8974,18.0
1753617394311,11:56:34.311,gateio,AERO/USDT:USDT,0.897,43.0,0.8963,50.0,0.8973,33.0,0.8974,18.0
1753617394352,11:56:34.352,gateio,AERO/USDT:USDT,0.897,43.0,0.8963,50.0,0.8972,42.0,0.8973,33.0
1753617394681,11:56:34.681,gateio,AERO/USDT:USDT,0.897,43.0,0.8963,50.0,0.8972,42.0,0.8973,33.0
1753617394789,11:56:34.789,gateio,AERO/USDT:USDT,0.897,43.0,0.8963,50.0,0.8972,42.0,0.8973,33.0
1753617394938,11:56:34.938,gateio,AERO/USDT:USDT,0.897,43.0,0.8963,50.0,0.8972,42.0,0.8973,33.0
1753617394997,11:56:34.997,gateio,AERO/USDT:USDT,0.897,43.0,0.8963,50.0,0.8972,42.0,0.8973,33.0
1753617395208,11:56:35.208,gateio,AERO/USDT:USDT,0.897,43.0,0.8963,50.0,0.8972,42.0,0.8973,33.0
1753617396390,11:56:36.390,gateio,AERO/USDT:USDT,0.897,43.0,0.8963,50.0,0.8972,42.0,0.8973,33.0
1753617396526,11:56:36.526,gateio,AERO/USDT:USDT,0.897,1.0,0.8963,50.0,0.8972,42.0,0.8973,33.0
1753617396668,11:56:36.668,gateio,AERO/USDT:USDT,0.897,1.0,0.8963,50.0,0.8972,42.0,0.8973,33.0
1753617396874,11:56:36.874,gateio,AERO/USDT:USDT,0.897,1.0,0.8963,50.0,0.8972,42.0,0.8973,33.0
1753617396990,11:56:36.990,gateio,AERO/USDT:USDT,0.897,1.0,0.8963,50.0,0.8972,42.0,0.8973,33.0
1753617397096,11:56:37.096,gateio,AERO/USDT:USDT,0.897,1.0,0.8963,50.0,0.8972,42.0,0.8973,33.0
1753617397188,11:56:37.188,gateio,AERO/USDT:USDT,0.897,1.0,0.8963,50.0,0.8972,42.0,0.8973,33.0
1753617397284,11:56:37.284,gateio,AERO/USDT:USDT,0.897,1.0,0.8959,279.0,0.8972,42.0,0.8973,33.0
1753617397395,11:56:37.395,gateio,AERO/USDT:USDT,0.897,1.0,0.8959,279.0,0.8972,42.0,0.8973,33.0
1753617397890,11:56:37.890,gateio,AERO/USDT:USDT,0.897,1.0,0.8959,279.0,0.8972,42.0,0.8973,33.0
1753617398280,11:56:38.280,gateio,AERO/USDT:USDT,0.897,1.0,0.8959,279.0,0.8972,42.0,0.8973,33.0
1753617398432,11:56:38.432,gateio,AERO/USDT:USDT,0.897,1.0,0.8959,279.0,0.8972,45.0,0.8973,33.0
1753617398527,11:56:38.527,gateio,AERO/USDT:USDT,0.897,1.0,0.8959,279.0,0.8972,45.0,0.8973,33.0
1753617399296,11:56:39.296,gateio,AERO/USDT:USDT,0.897,1.0,0.8959,279.0,0.8972,45.0,0.8973,33.0
1753617399773,11:56:39.773,gateio,AERO/USDT:USDT,0.897,1.0,0.8959,279.0,0.8972,45.0,0.8973,33.0
1753617400281,11:56:40.281,gateio,AERO/USDT:USDT,0.897,1.0,0.8959,279.0,0.8972,45.0,0.8973,33.0
1753617400628,11:56:40.628,gateio,AERO/USDT:USDT,0.897,1.0,0.8959,279.0,0.8972,45.0,0.8973,33.0
1753617401208,11:56:41.208,gateio,AERO/USDT:USDT,0.897,1.0,0.8959,279.0,0.8972,45.0,0.8973,33.0
1753617401272,11:56:41.272,gateio,AERO/USDT:USDT,0.897,1.0,0.8959,279.0,0.8972,45.0,0.8973,33.0
1753617401766,11:56:41.766,gateio,AERO/USDT:USDT,0.897,1.0,0.8959,279.0,0.8972,45.0,0.8973,33.0
1753617401991,11:56:41.991,gateio,AERO/USDT:USDT,0.897,1.0,0.8959,279.0,0.8972,45.0,0.8973,33.0
1753617402078,11:56:42.078,gateio,AERO/USDT:USDT,0.897,1.0,0.8959,279.0,0.8972,45.0,0.8973,24.0
1753617402239,11:56:42.239,gateio,AERO/USDT:USDT,0.897,1.0,0.8961,219.0,0.8972,45.0,0.8973,24.0
1753617402291,11:56:42.291,gateio,AERO/USDT:USDT,0.897,1.0,0.8961,219.0,0.8972,45.0,0.8973,24.0
1753617402775,11:56:42.775,gateio,AERO/USDT:USDT,0.897,1.0,0.8961,219.0,0.8972,45.0,0.8973,24.0
1753617404006,11:56:44.006,gateio,AERO/USDT:USDT,0.897,1.0,0.8961,219.0,0.8972,45.0,0.8973,24.0
1753617404484,11:56:44.484,gateio,AERO/USDT:USDT,0.897,1.0,0.8961,219.0,0.8972,45.0,0.8973,24.0
1753617405004,11:56:45.004,gateio,AERO/USDT:USDT,0.897,1.0,0.8961,219.0,0.8972,45.0,0.8973,24.0
1753617405837,11:56:45.837,gateio,AERO/USDT:USDT,0.897,1.0,0.8961,219.0,0.8972,45.0,0.8973,33.0
1753617405991,11:56:45.991,gateio,AERO/USDT:USDT,0.897,1.0,0.8961,219.0,0.8972,45.0,0.8973,33.0
1753617406093,11:56:46.093,gateio,AERO/USDT:USDT,0.897,1.0,0.8961,219.0,0.8972,45.0,0.8973,33.0
1753617406521,11:56:46.521,gateio,AERO/USDT:USDT,0.897,42.0,0.8961,219.0,0.8972,45.0,0.8973,33.0
1753617410006,11:56:50.006,gateio,AERO/USDT:USDT,0.897,42.0,0.8961,219.0,0.8972,45.0,0.8973,33.0
1753617410235,11:56:50.235,gateio,AERO/USDT:USDT,0.897,42.0,0.8961,219.0,0.8972,45.0,0.8973,33.0
1753617410297,11:56:50.297,gateio,AERO/USDT:USDT,0.897,42.0,0.8961,219.0,0.8972,45.0,0.8973,33.0
1753617410431,11:56:50.431,gateio,AERO/USDT:USDT,0.897,42.0,0.8961,219.0,0.8972,45.0,0.8973,33.0
1753617410791,11:56:50.791,gateio,AERO/USDT:USDT,0.897,42.0,0.8961,219.0,0.8972,45.0,0.8973,33.0
1753617412005,11:56:52.005,gateio,AERO/USDT:USDT,0.897,42.0,0.8961,219.0,0.8972,45.0,0.8973,33.0
1753617412914,11:56:52.914,gateio,AERO/USDT:USDT,0.897,42.0,0.8961,219.0,0.8972,45.0,0.8973,33.0
1753617414007,11:56:54.007,gateio,AERO/USDT:USDT,0.897,42.0,0.8961,219.0,0.8972,45.0,0.8973,33.0
1753617414267,11:56:54.267,gateio,AERO/USDT:USDT,0.897,42.0,0.8961,219.0,0.8972,45.0,0.8973,33.0
1753617415038,11:56:55.038,gateio,AERO/USDT:USDT,0.897,42.0,0.8961,219.0,0.8972,45.0,0.8973,33.0
1753617415591,11:56:55.591,gateio,AERO/USDT:USDT,0.897,42.0,0.8961,219.0,0.8972,45.0,0.8973,33.0
1753617418199,11:56:58.199,gateio,AERO/USDT:USDT,0.897,42.0,0.896,50.0,0.8972,45.0,0.8973,33.0
1753617418308,11:56:58.308,gateio,AERO/USDT:USDT,0.897,42.0,0.8961,219.0,0.8972,45.0,0.8973,33.0
1753617418396,11:56:58.396,gateio,AERO/USDT:USDT,0.897,42.0,0.8961,219.0,0.8972,45.0,0.8973,33.0
1753617418538,11:56:58.538,gateio,AERO/USDT:USDT,0.897,42.0,0.8961,219.0,0.8972,45.0,0.8973,33.0
1753617420023,11:57:00.023,gateio,AERO/USDT:USDT,0.897,42.0,0.896,50.0,0.8972,45.0,0.8973,33.0
1753617420099,11:57:00.099,gateio,AERO/USDT:USDT,0.897,42.0,0.896,50.0,0.8972,45.0,0.8973,33.0
1753617420221,11:57:00.221,gateio,AERO/USDT:USDT,0.897,42.0,0.8961,219.0,0.8972,45.0,0.8973,33.0
1753617420429,11:57:00.429,gateio,AERO/USDT:USDT,0.897,42.0,0.8961,219.0,0.8972,45.0,0.8973,33.0
1753617420502,11:57:00.502,gateio,AERO/USDT:USDT,0.897,42.0,0.8961,219.0,0.8972,45.0,0.8973,33.0
1753617420644,11:57:00.644,gateio,AERO/USDT:USDT,0.897,42.0,0.8961,219.0,0.8972,45.0,0.8973,33.0
1753617421005,11:57:01.005,gateio,AERO/USDT:USDT,0.897,42.0,0.8961,219.0,0.8972,45.0,0.8973,33.0
1753617421943,11:57:01.943,gateio,AERO/USDT:USDT,0.897,42.0,0.8961,219.0,0.8972,45.0,0.8973,33.0
1753617422040,11:57:02.040,gateio,AERO/USDT:USDT,0.897,42.0,0.8961,219.0,0.8972,45.0,0.8973,33.0
1753617422048,11:57:02.048,gateio,AERO/USDT:USDT,0.897,42.0,0.8961,219.0,0.8972,45.0,0.8973,33.0
1753617422220,11:57:02.220,gateio,AERO/USDT:USDT,0.897,42.0,0.8961,219.0,0.8972,45.0,0.8973,33.0
1753617422342,11:57:02.342,gateio,AERO/USDT:USDT,0.897,42.0,0.8961,219.0,0.8972,45.0,0.8973,24.0
1753617422374,11:57:02.374,gateio,AERO/USDT:USDT,0.897,42.0,0.8961,219.0,0.8972,45.0,0.8973,24.0
1753617423217,11:57:03.217,gateio,AERO/USDT:USDT,0.897,42.0,0.8961,219.0,0.8972,45.0,0.8973,24.0
1753617424003,11:57:04.003,gateio,AERO/USDT:USDT,0.897,42.0,0.8961,219.0,0.8972,45.0,0.8973,24.0
1753617425191,11:57:05.191,gateio,AERO/USDT:USDT,0.897,42.0,0.8961,219.0,0.8972,45.0,0.8973,24.0
1753617425903,11:57:05.903,gateio,AERO/USDT:USDT,0.897,42.0,0.8961,219.0,0.8972,45.0,0.8973,24.0
1753617426041,11:57:06.041,gateio,AERO/USDT:USDT,0.897,42.0,0.8961,219.0,0.8972,45.0,0.8973,24.0
1753617426059,11:57:06.059,gateio,AERO/USDT:USDT,0.897,42.0,0.8961,219.0,0.8972,45.0,0.8973,24.0
1753617427260,11:57:07.260,gateio,AERO/USDT:USDT,0.897,42.0,0.8961,219.0,0.8972,45.0,0.8973,24.0
1753617429421,11:57:09.421,gateio,AERO/USDT:USDT,0.897,42.0,0.8961,219.0,0.8972,45.0,0.8973,33.0
1753617430028,11:57:10.028,gateio,AERO/USDT:USDT,0.897,42.0,0.8961,219.0,0.8972,45.0,0.8973,33.0
1753617432003,11:57:12.003,gateio,AERO/USDT:USDT,0.897,42.0,0.8961,219.0,0.8972,45.0,0.8973,33.0
1753617433003,11:57:13.003,gateio,AERO/USDT:USDT,0.897,42.0,0.8961,219.0,0.8972,45.0,0.8973,33.0
1753617434792,11:57:14.792,gateio,AERO/USDT:USDT,0.897,42.0,0.8961,219.0,0.8972,45.0,0.8973,33.0
1753617435347,11:57:15.347,gateio,AERO/USDT:USDT,0.897,42.0,0.8961,219.0,0.8972,45.0,0.8973,33.0
1753617436007,11:57:16.007,gateio,AERO/USDT:USDT,0.897,42.0,0.8961,219.0,0.8972,45.0,0.8973,33.0
1753617436079,11:57:16.079,gateio,AERO/USDT:USDT,0.897,42.0,0.8961,219.0,0.8972,45.0,0.8973,33.0
1753617436183,11:57:16.183,gateio,AERO/USDT:USDT,0.897,42.0,0.8961,219.0,0.8972,45.0,0.8973,33.0
1753617436260,11:57:16.260,gateio,AERO/USDT:USDT,0.897,42.0,0.8961,219.0,0.8972,45.0,0.8973,33.0
1753617436516,11:57:16.516,gateio,AERO/USDT:USDT,0.897,1.0,0.8961,219.0,0.8972,45.0,0.8973,33.0
1753617437901,11:57:17.901,gateio,AERO/USDT:USDT,0.897,1.0,0.8969,9.0,0.8972,45.0,0.8973,15.0
1753617438008,11:57:18.008,gateio,AERO/USDT:USDT,0.897,1.0,0.8969,9.0,0.8972,45.0,0.8978,15.0
1753617438221,11:57:18.221,gateio,AERO/USDT:USDT,0.897,1.0,0.8969,9.0,0.8972,45.0,0.8978,15.0
1753617439007,11:57:19.007,gateio,AERO/USDT:USDT,0.897,1.0,0.8969,18.0,0.8972,45.0,0.8978,15.0
1753617439446,11:57:19.446,gateio,AERO/USDT:USDT,0.897,1.0,0.8969,18.0,0.8972,45.0,0.8978,15.0
1753617439593,11:57:19.593,gateio,AERO/USDT:USDT,0.897,1.0,0.8969,18.0,0.8972,45.0,0.8978,15.0
1753617439888,11:57:19.888,gateio,AERO/USDT:USDT,0.897,1.0,0.8969,18.0,0.8972,45.0,0.8978,15.0
1753617440005,11:57:20.005,gateio,AERO/USDT:USDT,0.897,1.0,0.8969,18.0,0.8972,45.0,0.8978,15.0
1753617440160,11:57:20.160,gateio,AERO/USDT:USDT,0.897,1.0,0.8969,18.0,0.8972,45.0,0.8978,15.0
1753617440264,11:57:20.264,gateio,AERO/USDT:USDT,0.897,1.0,0.8969,18.0,0.8972,45.0,0.8978,15.0
1753617441006,11:57:21.006,gateio,AERO/USDT:USDT,0.897,1.0,0.8969,18.0,0.8972,45.0,0.8978,15.0
1753617441518,11:57:21.518,gateio,AERO/USDT:USDT,0.897,42.0,0.8969,18.0,0.8972,45.0,0.8978,15.0
1753617442025,11:57:22.025,gateio,AERO/USDT:USDT,0.897,42.0,0.8969,18.0,0.8978,15.0,0.8979,219.0
1753617442097,11:57:22.097,gateio,AERO/USDT:USDT,0.897,42.0,0.8969,18.0,0.8978,15.0,0.8979,219.0
1753617442190,11:57:22.190,gateio,AERO/USDT:USDT,0.897,42.0,0.8969,18.0,0.8978,15.0,0.8979,219.0
1753617442293,11:57:22.293,gateio,AERO/USDT:USDT,0.897,42.0,0.8969,18.0,0.8978,15.0,0.8979,219.0
1753617442772,11:57:22.772,gateio,AERO/USDT:USDT,0.897,42.0,0.8969,18.0,0.8978,15.0,0.8979,219.0
1753617443557,11:57:23.557,gateio,AERO/USDT:USDT,0.897,42.0,0.8969,18.0,0.8978,15.0,0.8979,219.0
1753617444392,11:57:24.392,gateio,AERO/USDT:USDT,0.897,42.0,0.8969,18.0,0.8978,15.0,0.8979,219.0
1753617444525,11:57:24.525,gateio,AERO/USDT:USDT,0.897,42.0,0.8969,18.0,0.8978,15.0,0.8979,219.0
1753617445127,11:57:25.127,gateio,AERO/USDT:USDT,0.897,42.0,0.8969,18.0,0.8978,15.0,0.8979,219.0
1753617445802,11:57:25.802,gateio,AERO/USDT:USDT,0.897,42.0,0.8962,50.0,0.8978,15.0,0.8979,219.0
1753617446521,11:57:26.521,gateio,AERO/USDT:USDT,0.897,1.0,0.8962,50.0,0.8978,15.0,0.8979,219.0
1753617447004,11:57:27.004,gateio,AERO/USDT:USDT,0.897,1.0,0.8962,50.0,0.8978,15.0,0.8979,219.0
1753617448840,11:57:28.840,gateio,AERO/USDT:USDT,0.897,1.0,0.8962,50.0,0.8978,15.0,0.8979,219.0
1753617449005,11:57:29.005,gateio,AERO/USDT:USDT,0.897,1.0,0.8962,50.0,0.8978,15.0,0.8979,219.0
1753617449193,11:57:29.193,gateio,AERO/USDT:USDT,0.897,1.0,0.8962,50.0,0.8978,15.0,0.8979,219.0
1753617449341,11:57:29.341,gateio,AERO/USDT:USDT,0.897,1.0,0.8962,387.0,0.8978,15.0,0.8979,219.0
1753617449368,11:57:29.368,gateio,AERO/USDT:USDT,0.897,1.0,0.8962,387.0,0.8978,15.0,0.8979,219.0
1753617449694,11:57:29.694,gateio,AERO/USDT:USDT,0.897,1.0,0.8962,387.0,0.8978,15.0,0.8979,219.0
1753617451003,11:57:31.003,gateio,AERO/USDT:USDT,0.897,1.0,0.8962,387.0,0.8978,15.0,0.8979,219.0
1753617454008,11:57:34.008,gateio,AERO/USDT:USDT,0.897,1.0,0.8962,387.0,0.8978,15.0,0.8979,219.0
1753617455055,11:57:35.055,gateio,AERO/USDT:USDT,0.897,1.0,0.8962,387.0,0.8978,15.0,0.8979,219.0
1753617456509,11:57:36.509,gateio,AERO/USDT:USDT,0.897,1.0,0.8962,387.0,0.8978,15.0,0.8979,219.0
1753617456795,11:57:36.795,gateio,AERO/USDT:USDT,0.897,1.0,0.8962,50.0,0.8978,15.0,0.8979,219.0
1753617457003,11:57:37.003,gateio,AERO/USDT:USDT,0.897,1.0,0.8962,50.0,0.8978,15.0,0.8979,219.0
1753617458457,11:57:38.457,gateio,AERO/USDT:USDT,0.897,1.0,0.8962,50.0,0.8975,237.0,0.8976,18.0
1753617458553,11:57:38.553,gateio,AERO/USDT:USDT,0.897,1.0,0.8962,50.0,0.8974,15.0,0.8975,237.0
1753617458793,11:57:38.793,gateio,AERO/USDT:USDT,0.897,1.0,0.8962,50.0,0.8974,15.0,0.8975,237.0
1753617458928,11:57:38.928,gateio,AERO/USDT:USDT,0.897,1.0,0.8962,50.0,0.8974,15.0,0.8975,237.0
1753617458965,11:57:38.965,gateio,AERO/USDT:USDT,0.897,1.0,0.8962,50.0,0.8974,15.0,0.8975,18.0
1753617460336,11:57:40.336,gateio,AERO/USDT:USDT,0.897,1.0,0.8969,18.0,0.8974,15.0,0.8979,219.0
1753617460359,11:57:40.359,gateio,AERO/USDT:USDT,0.897,1.0,0.8969,18.0,0.8978,15.0,0.8979,219.0
1753617461373,11:57:41.373,gateio,AERO/USDT:USDT,0.897,1.0,0.8969,18.0,0.8978,24.0,0.8979,219.0
1753617462004,11:57:42.004,gateio,AERO/USDT:USDT,0.897,1.0,0.8969,18.0,0.8978,24.0,0.8979,219.0
1753617462364,11:57:42.364,gateio,AERO/USDT:USDT,0.897,1.0,0.8969,18.0,0.8978,15.0,0.8979,219.0
1753617463435,11:57:43.435,gateio,AERO/USDT:USDT,0.897,1.0,0.8969,18.0,0.8978,15.0,0.8979,219.0
1753617463592,11:57:43.592,gateio,AERO/USDT:USDT,0.897,1.0,0.8969,18.0,0.8978,15.0,0.8979,219.0
1753617464591,11:57:44.591,gateio,AERO/USDT:USDT,0.897,1.0,0.8969,18.0,0.8978,15.0,0.8979,219.0
1753617464820,11:57:44.820,gateio,AERO/USDT:USDT,0.897,1.0,0.8969,18.0,0.8978,15.0,0.8979,219.0
1753617465003,11:57:45.003,gateio,AERO/USDT:USDT,0.897,1.0,0.8969,18.0,0.8978,15.0,0.8979,219.0
1753617465843,11:57:45.843,gateio,AERO/USDT:USDT,0.897,1.0,0.8969,18.0,0.8978,15.0,0.8979,219.0
1753617465848,11:57:45.848,gateio,AERO/USDT:USDT,0.897,1.0,0.8969,18.0,0.8978,15.0,0.8979,219.0
1753617465971,11:57:45.971,gateio,AERO/USDT:USDT,0.897,1.0,0.8969,18.0,0.8978,15.0,0.8979,219.0
1753617466067,11:57:46.067,gateio,AERO/USDT:USDT,0.897,1.0,0.8969,18.0,0.8978,15.0,0.8983,728.0
1753617466202,11:57:46.202,gateio,AERO/USDT:USDT,0.897,1.0,0.8969,18.0,0.8979,219.0,0.8982,15.0
1753617466264,11:57:46.264,gateio,AERO/USDT:USDT,0.897,1.0,0.8969,18.0,0.8978,15.0,0.8979,219.0
1753617467328,11:57:47.328,gateio,AERO/USDT:USDT,0.897,1.0,0.8969,18.0,0.8978,15.0,0.8979,219.0
1753617467962,11:57:47.962,gateio,AERO/USDT:USDT,0.897,1.0,0.8969,18.0,0.8978,15.0,0.8979,219.0
1753617468393,11:57:48.393,gateio,AERO/USDT:USDT,0.897,1.0,0.8969,18.0,0.8978,15.0,0.8979,219.0
1753617473128,11:57:53.128,gateio,AERO/USDT:USDT,0.897,1.0,0.8969,18.0,0.8978,15.0,0.8979,219.0
1753617473196,11:57:53.196,gateio,AERO/USDT:USDT,0.897,1.0,0.8969,18.0,0.8978,15.0,0.8979,219.0
1753617473538,11:57:53.538,gateio,AERO/USDT:USDT,0.897,1.0,0.8969,18.0,0.8978,15.0,0.8979,219.0
1753617474110,11:57:54.110,gateio,AERO/USDT:USDT,0.897,1.0,0.8969,18.0,0.8978,15.0,0.8982,509.0
1753617474152,11:57:54.152,gateio,AERO/USDT:USDT,0.897,1.0,0.8969,18.0,0.8981,15.0,0.8982,509.0
1753617474294,11:57:54.294,gateio,AERO/USDT:USDT,0.897,1.0,0.8969,18.0,0.8979,219.0,0.8981,7.0
1753617474352,11:57:54.352,gateio,AERO/USDT:USDT,0.897,1.0,0.8969,18.0,0.8978,15.0,0.8979,219.0
1753617475324,11:57:55.324,gateio,AERO/USDT:USDT,0.897,1.0,0.8969,18.0,0.8978,15.0,0.8979,219.0
1753617475360,11:57:55.360,gateio,AERO/USDT:USDT,0.897,1.0,0.8969,18.0,0.8978,15.0,0.8979,219.0
1753617475521,11:57:55.521,gateio,AERO/USDT:USDT,0.897,1.0,0.8969,18.0,0.8978,15.0,0.8979,219.0
1753617475596,11:57:55.596,gateio,AERO/USDT:USDT,0.897,1.0,0.8969,18.0,0.8978,15.0,0.8979,219.0
1753617476468,11:57:56.468,gateio,AERO/USDT:USDT,0.897,1.0,0.8969,18.0,0.8978,15.0,0.8979,219.0
1753617477379,11:57:57.379,gateio,AERO/USDT:USDT,0.897,1.0,0.8969,18.0,0.8978,15.0,0.8979,219.0
1753617477707,11:57:57.707,gateio,AERO/USDT:USDT,0.897,1.0,0.8969,18.0,0.8978,15.0,0.8979,219.0
1753617477913,11:57:57.913,gateio,AERO/USDT:USDT,0.897,1.0,0.8969,18.0,0.8978,15.0,0.8982,509.0
1753617478008,11:57:58.008,gateio,AERO/USDT:USDT,0.897,1.0,0.8969,18.0,0.8981,15.0,0.8982,509.0
1753617478371,11:57:58.371,gateio,AERO/USDT:USDT,0.897,1.0,0.8969,18.0,0.8981,15.0,0.8982,509.0
1753617478479,11:57:58.479,gateio,AERO/USDT:USDT,0.897,1.0,0.8969,18.0,0.8981,15.0,0.8982,509.0
1753617478566,11:57:58.566,gateio,AERO/USDT:USDT,0.897,1.0,0.8969,18.0,0.8981,15.0,0.8982,509.0
1753617480106,11:58:00.106,gateio,AERO/USDT:USDT,0.897,1.0,0.8969,18.0,0.8981,15.0,0.8982,509.0
1753617481295,11:58:01.295,gateio,AERO/USDT:USDT,0.897,1.0,0.8969,18.0,0.8981,15.0,0.8982,509.0
1753617482356,11:58:02.356,gateio,AERO/USDT:USDT,0.897,1.0,0.8969,18.0,0.8979,219.0,0.8981,15.0
1753617482534,11:58:02.534,gateio,AERO/USDT:USDT,0.897,1.0,0.8969,18.0,0.8978,15.0,0.8979,219.0
1753617482794,11:58:02.794,gateio,AERO/USDT:USDT,0.897,1.0,0.8969,18.0,0.8978,15.0,0.8979,219.0
1753617483705,11:58:03.705,gateio,AERO/USDT:USDT,0.897,1.0,0.8969,18.0,0.8978,15.0,0.8979,219.0
1753617483795,11:58:03.795,gateio,AERO/USDT:USDT,0.897,1.0,0.8969,18.0,0.8978,15.0,0.8979,219.0
1753617483930,11:58:03.930,gateio,AERO/USDT:USDT,0.897,1.0,0.8969,18.0,0.8978,15.0,0.8982,509.0
1753617484360,11:58:04.360,gateio,AERO/USDT:USDT,0.897,1.0,0.8969,18.0,0.8981,15.0,0.8982,509.0
1753617484572,11:58:04.572,gateio,AERO/USDT:USDT,0.897,1.0,0.8969,18.0,0.8981,15.0,0.8982,509.0
1753617485386,11:58:05.386,gateio,AERO/USDT:USDT,0.897,1.0,0.8969,18.0,0.8981,15.0,0.8982,509.0
1753617487028,11:58:07.028,gateio,AERO/USDT:USDT,0.897,1.0,0.8969,18.0,0.8979,219.0,0.8981,15.0
1753617487052,11:58:07.052,gateio,AERO/USDT:USDT,0.897,1.0,0.8969,18.0,0.8978,15.0,0.8979,219.0
1753617487309,11:58:07.309,gateio,AERO/USDT:USDT,0.897,1.0,0.8969,18.0,0.8978,15.0,0.8982,509.0
1753617487353,11:58:07.353,gateio,AERO/USDT:USDT,0.897,1.0,0.8969,18.0,0.8981,15.0,0.8982,509.0
1753617487593,11:58:07.593,gateio,AERO/USDT:USDT,0.897,1.0,0.8969,18.0,0.8981,15.0,0.8982,509.0
1753617488334,11:58:08.334,gateio,AERO/USDT:USDT,0.897,1.0,0.8969,18.0,0.8981,15.0,0.8982,509.0
1753617488642,11:58:08.642,gateio,AERO/USDT:USDT,0.897,1.0,0.8969,18.0,0.8981,15.0,0.8982,509.0
1753617488650,11:58:08.650,gateio,AERO/USDT:USDT,0.897,1.0,0.8969,18.0,0.8981,15.0,0.8982,509.0
1753617488763,11:58:08.763,gateio,AERO/USDT:USDT,0.897,1.0,0.8969,18.0,0.8981,15.0,0.8982,509.0
1753617488866,11:58:08.866,gateio,AERO/USDT:USDT,0.897,1.0,0.8969,18.0,0.8981,15.0,0.8982,509.0
1753617489004,11:58:09.004,gateio,AERO/USDT:USDT,0.897,1.0,0.8969,18.0,0.8981,15.0,0.8982,509.0
1753617489441,11:58:09.441,gateio,AERO/USDT:USDT,0.897,1.0,0.8969,18.0,0.8981,15.0,0.8982,509.0
1753617489643,11:58:09.643,gateio,AERO/USDT:USDT,0.897,1.0,0.8969,18.0,0.8981,15.0,0.8983,219.0
1753617489737,11:58:09.737,gateio,AERO/USDT:USDT,0.897,1.0,0.8969,18.0,0.8982,15.0,0.8983,219.0
1753617490124,11:58:10.124,gateio,AERO/USDT:USDT,0.897,1.0,0.8969,18.0,0.8982,15.0,0.8983,219.0
1753617490237,11:58:10.237,gateio,AERO/USDT:USDT,0.897,1.0,0.8969,18.0,0.8982,15.0,0.8983,219.0
1753617490600,11:58:10.600,gateio,AERO/USDT:USDT,0.897,1.0,0.8969,18.0,0.8982,15.0,0.8983,219.0
1753617490720,11:58:10.720,gateio,AERO/USDT:USDT,0.897,1.0,0.8969,18.0,0.8982,15.0,0.8983,219.0
1753617491465,11:58:11.465,gateio,AERO/USDT:USDT,0.897,1.0,0.8969,18.0,0.8982,15.0,0.8983,219.0
1753617492393,11:58:12.393,gateio,AERO/USDT:USDT,0.897,1.0,0.8969,18.0,0.8982,15.0,0.8983,219.0
1753617492472,11:58:12.472,gateio,AERO/USDT:USDT,0.897,1.0,0.8969,18.0,0.8982,15.0,0.8983,219.0
1753617493512,11:58:13.512,gateio,AERO/USDT:USDT,0.897,1.0,0.8969,18.0,0.8982,15.0,0.8983,219.0
1753617494043,11:58:14.043,gateio,AERO/USDT:USDT,0.897,1.0,0.8969,18.0,0.8982,15.0,0.8983,219.0
1753617494059,11:58:14.059,gateio,AERO/USDT:USDT,0.897,1.0,0.8969,18.0,0.8979,228.0,0.8982,15.0
1753617494171,11:58:14.171,gateio,AERO/USDT:USDT,0.897,1.0,0.8969,18.0,0.8978,24.0,0.8979,237.0
1753617494794,11:58:14.794,gateio,AERO/USDT:USDT,0.897,1.0,0.8969,18.0,0.8978,24.0,0.8979,18.0
1753617494911,11:58:14.911,gateio,AERO/USDT:USDT,0.897,1.0,0.8965,219.0,0.8978,24.0,0.8979,18.0
1753617495359,11:58:15.359,gateio,AERO/USDT:USDT,0.897,1.0,0.8969,18.0,0.8978,24.0,0.8979,18.0
1753617496005,11:58:16.005,gateio,AERO/USDT:USDT,0.897,1.0,0.8969,18.0,0.8978,24.0,0.8979,18.0
1753617496342,11:58:16.342,gateio,AERO/USDT:USDT,0.897,1.0,0.8969,18.0,0.8978,24.0,0.8979,18.0
1753617497194,11:58:17.194,gateio,AERO/USDT:USDT,0.897,1.0,0.8969,18.0,0.8978,24.0,0.8979,18.0
1753617500005,11:58:20.005,gateio,AERO/USDT:USDT,0.897,1.0,0.8969,18.0,0.8978,24.0,0.8979,18.0
1753617500069,11:58:20.069,gateio,AERO/USDT:USDT,0.897,1.0,0.8965,219.0,0.8978,24.0,0.8979,18.0
1753617500194,11:58:20.194,gateio,AERO/USDT:USDT,0.897,1.0,0.8965,219.0,0.8978,24.0,0.8979,18.0
1753617500321,11:58:20.321,gateio,AERO/USDT:USDT,0.897,1.0,0.8965,219.0,0.8978,24.0,0.8979,18.0
1753617501345,11:58:21.345,gateio,AERO/USDT:USDT,0.897,1.0,0.8965,219.0,0.8978,24.0,0.8979,18.0
1753617502008,11:58:22.008,gateio,AERO/USDT:USDT,0.897,1.0,0.8965,219.0,0.8978,24.0,0.8979,18.0
1753617502434,11:58:22.434,gateio,AERO/USDT:USDT,0.897,1.0,0.8965,219.0,0.8978,24.0,0.8979,18.0
1753617502507,11:58:22.507,gateio,AERO/USDT:USDT,0.897,1.0,0.8965,219.0,0.8978,24.0,0.8979,18.0
1753617502588,11:58:22.588,gateio,AERO/USDT:USDT,0.897,1.0,0.8965,219.0,0.8978,24.0,0.8979,18.0
1753617502885,11:58:22.885,gateio,AERO/USDT:USDT,0.897,1.0,0.8962,50.0,0.8977,219.0,0.8978,24.0
1753617503001,11:58:23.001,gateio,AERO/USDT:USDT,0.897,1.0,0.8962,50.0,0.8976,24.0,0.8977,228.0
1753617503140,11:58:23.140,gateio,AERO/USDT:USDT,0.897,1.0,0.8962,50.0,0.8976,24.0,0.8977,228.0
1753617503440,11:58:23.440,gateio,AERO/USDT:USDT,0.897,1.0,0.8962,50.0,0.8976,24.0,0.8977,9.0
1753617503536,11:58:23.536,gateio,AERO/USDT:USDT,0.897,1.0,0.8962,50.0,0.8975,50.0,0.8976,33.0
1753617503627,11:58:23.627,gateio,AERO/USDT:USDT,0.897,1.0,0.8962,50.0,0.8975,50.0,0.8976,33.0
1753617503731,11:58:23.731,gateio,AERO/USDT:USDT,0.897,1.0,0.8962,50.0,0.8975,50.0,0.8976,33.0
1753617504290,11:58:24.290,gateio,AERO/USDT:USDT,0.897,1.0,0.8962,50.0,0.8974,219.0,0.8975,50.0
1753617504352,11:58:24.352,gateio,AERO/USDT:USDT,0.897,1.0,0.8962,50.0,0.8973,15.0,0.8974,219.0
1753617505024,11:58:25.024,gateio,AERO/USDT:USDT,0.897,1.0,0.8962,50.0,0.8973,15.0,0.8975,9.0
1753617505052,11:58:25.052,gateio,AERO/USDT:USDT,0.897,1.0,0.8962,50.0,0.8975,24.0,0.8976,18.0
1753617505740,11:58:25.740,gateio,AERO/USDT:USDT,0.897,1.0,0.8968,18.0,0.8975,15.0,0.8976,18.0
1753617505785,11:58:25.785,gateio,AERO/USDT:USDT,0.897,1.0,0.8968,18.0,0.8975,15.0,0.8978,219.0
1753617505860,11:58:25.860,gateio,AERO/USDT:USDT,0.897,1.0,0.8968,18.0,0.8977,15.0,0.8978,237.0
1753617506002,11:58:26.002,gateio,AERO/USDT:USDT,0.897,1.0,0.8968,18.0,0.8977,15.0,0.8978,237.0
1753617506794,11:58:26.794,gateio,AERO/USDT:USDT,0.897,1.0,0.8968,18.0,0.8977,15.0,0.8978,237.0
1753617511595,11:58:31.595,gateio,AERO/USDT:USDT,0.897,1.0,0.8968,18.0,0.8977,15.0,0.8978,237.0
1753617511707,11:58:31.707,gateio,AERO/USDT:USDT,0.897,1.0,0.8968,18.0,0.8977,15.0,0.8978,228.0
1753617511866,11:58:31.866,gateio,AERO/USDT:USDT,0.897,1.0,0.8968,18.0,0.8977,15.0,0.8978,228.0
1753617512203,11:58:32.203,gateio,AERO/USDT:USDT,0.897,1.0,0.8968,18.0,0.8977,15.0,0.8978,228.0
1753617512591,11:58:32.591,gateio,AERO/USDT:USDT,0.897,1.0,0.8968,18.0,0.8977,15.0,0.8978,219.0
1753617513004,11:58:33.004,gateio,AERO/USDT:USDT,0.897,1.0,0.8968,18.0,0.8977,15.0,0.8978,219.0
1753617514375,11:58:34.375,gateio,AERO/USDT:USDT,0.897,1.0,0.8968,18.0,0.8977,15.0,0.8978,219.0
1753617514701,11:58:34.701,gateio,AERO/USDT:USDT,0.897,1.0,0.8968,18.0,0.8977,15.0,0.8978,228.0
1753617516396,11:58:36.396,gateio,AERO/USDT:USDT,0.897,1.0,0.8968,18.0,0.8977,15.0,0.8978,228.0
1753617517002,11:58:37.002,gateio,AERO/USDT:USDT,0.897,1.0,0.8968,18.0,0.8977,24.0,0.8978,237.0
1753617517168,11:58:37.168,gateio,AERO/USDT:USDT,0.897,1.0,0.8968,18.0,0.8977,24.0,0.8978,237.0
1753617518235,11:58:38.235,gateio,AERO/USDT:USDT,0.897,1.0,0.8968,9.0,0.8977,24.0,0.8978,237.0
1753617518888,11:58:38.888,gateio,AERO/USDT:USDT,0.897,1.0,0.8968,9.0,0.8977,24.0,0.8978,237.0
1753617521195,11:58:41.195,gateio,AERO/USDT:USDT,0.897,1.0,0.8968,9.0,0.8977,24.0,0.8978,237.0
1753617521870,11:58:41.870,gateio,AERO/USDT:USDT,0.897,1.0,0.8968,9.0,0.8977,24.0,0.8978,237.0
1753617523002,11:58:43.002,gateio,AERO/USDT:USDT,0.897,1.0,0.8968,9.0,0.8977,24.0,0.8978,237.0
1753617524003,11:58:44.003,gateio,AERO/USDT:USDT,0.897,1.0,0.8968,9.0,0.8977,24.0,0.8978,237.0
1753617526005,11:58:46.005,gateio,AERO/USDT:USDT,0.897,1.0,0.8968,9.0,0.8977,24.0,0.8978,237.0
1753617526230,11:58:46.230,gateio,AERO/USDT:USDT,0.897,1.0,0.8968,9.0,0.8977,24.0,0.8978,237.0
1753617526264,11:58:46.264,gateio,AERO/USDT:USDT,0.897,1.0,0.8968,9.0,0.8976,194.0,0.8977,24.0
1753617526359,11:58:46.359,gateio,AERO/USDT:USDT,0.897,1.0,0.8968,9.0,0.8975,24.0,0.8976,203.0
1753617526708,11:58:46.708,gateio,AERO/USDT:USDT,0.897,1.0,0.8962,50.0,0.8975,24.0,0.8976,203.0
1753617526878,11:58:46.878,gateio,AERO/USDT:USDT,0.897,1.0,0.8962,50.0,0.8975,24.0,0.8976,9.0
1753617527391,11:58:47.391,gateio,AERO/USDT:USDT,0.897,1.0,0.8968,9.0,0.8975,24.0,0.8976,9.0
1753617528002,11:58:48.002,gateio,AERO/USDT:USDT,0.897,1.0,0.8968,9.0,0.8975,24.0,0.8976,9.0
1753617529029,11:58:49.029,gateio,AERO/USDT:USDT,0.897,1.0,0.8968,18.0,0.8975,24.0,0.8976,9.0
1753617530501,11:58:50.501,gateio,AERO/USDT:USDT,0.897,1.0,0.8968,18.0,0.8975,24.0,0.8976,9.0
1753617530600,11:58:50.600,gateio,AERO/USDT:USDT,0.897,1.0,0.8968,18.0,0.8975,24.0,0.8976,9.0
1753617530794,11:58:50.794,gateio,AERO/USDT:USDT,0.897,1.0,0.8968,18.0,0.8975,24.0,0.8976,9.0
1753617534004,11:58:54.004,gateio,AERO/USDT:USDT,0.897,1.0,0.8968,18.0,0.8975,24.0,0.8976,9.0
1753617534919,11:58:54.919,gateio,AERO/USDT:USDT,0.897,1.0,0.8968,18.0,0.8975,24.0,0.8976,9.0
1753617535145,11:58:55.145,gateio,AERO/USDT:USDT,0.897,1.0,0.8968,18.0,0.8975,24.0,0.8977,9.0
1753617535163,11:58:55.163,gateio,AERO/USDT:USDT,0.897,1.0,0.8968,18.0,0.8976,15.0,0.8977,9.0
1753617535259,11:58:55.259,gateio,AERO/USDT:USDT,0.897,1.0,0.8968,18.0,0.8977,24.0,0.8978,237.0
1753617535483,11:58:55.483,gateio,AERO/USDT:USDT,0.897,1.0,0.8968,18.0,0.8977,24.0,0.8978,237.0
1753617535595,11:58:55.595,gateio,AERO/USDT:USDT,0.897,1.0,0.8968,18.0,0.8977,24.0,0.8978,237.0
1753617536003,11:58:56.003,gateio,AERO/USDT:USDT,0.897,1.0,0.8968,18.0,0.8977,24.0,0.8978,237.0
1753617536533,11:58:56.533,gateio,AERO/USDT:USDT,0.897,42.0,0.8968,18.0,0.8977,24.0,0.8978,237.0
1753617536849,11:58:56.849,gateio,AERO/USDT:USDT,0.897,42.0,0.8968,18.0,0.8977,24.0,0.8978,237.0
1753617537811,11:58:57.811,gateio,AERO/USDT:USDT,0.897,42.0,0.8968,18.0,0.8977,24.0,0.8978,237.0
1753617539140,11:58:59.140,gateio,AERO/USDT:USDT,0.897,42.0,0.8968,18.0,0.8982,480.0,0.8983,219.0
1753617539240,11:58:59.240,gateio,AERO/USDT:USDT,0.8971,14.0,0.897,42.0,0.8981,3.0,0.8983,219.0
1753617539335,11:58:59.335,gateio,AERO/USDT:USDT,0.8971,14.0,0.897,42.0,0.8982,3.0,0.8983,219.0
1753617539428,11:58:59.428,gateio,AERO/USDT:USDT,0.8971,32.0,0.897,60.0,0.8977,1.0,0.8982,3.0
1753617539518,11:58:59.518,gateio,AERO/USDT:USDT,0.8971,32.0,0.897,60.0,0.8976,3.0,0.8983,219.0
1753617539645,11:58:59.645,gateio,AERO/USDT:USDT,0.8971,32.0,0.897,60.0,0.8982,3.0,0.8983,219.0
1753617539657,11:58:59.657,gateio,AERO/USDT:USDT,0.8971,32.0,0.897,60.0,0.8982,3.0,0.8983,219.0
1753617540033,11:59:00.033,gateio,AERO/USDT:USDT,0.8971,32.0,0.897,60.0,0.8982,3.0,0.8983,219.0
1753617540395,11:59:00.395,gateio,AERO/USDT:USDT,0.8971,32.0,0.897,60.0,0.8982,3.0,0.8983,219.0
1753617540860,11:59:00.860,gateio,AERO/USDT:USDT,0.8971,32.0,0.897,60.0,0.8982,3.0,0.8983,219.0
1753617541518,11:59:01.518,gateio,AERO/USDT:USDT,0.8971,32.0,0.897,19.0,0.8982,3.0,0.8983,219.0
1753617541700,11:59:01.700,gateio,AERO/USDT:USDT,0.8971,32.0,0.897,19.0,0.8982,3.0,0.8983,219.0
1753617541780,11:59:01.780,gateio,AERO/USDT:USDT,0.8971,32.0,0.897,19.0,0.8982,3.0,0.8983,219.0
1753617542207,11:59:02.207,gateio,AERO/USDT:USDT,0.8971,32.0,0.897,19.0,0.8982,3.0,0.8983,219.0
1753617542293,11:59:02.293,gateio,AERO/USDT:USDT,0.8971,32.0,0.897,19.0,0.8982,3.0,0.8983,219.0
1753617542647,11:59:02.647,gateio,AERO/USDT:USDT,0.8971,32.0,0.897,19.0,0.8982,3.0,0.8983,219.0
1753617542941,11:59:02.941,gateio,AERO/USDT:USDT,0.8971,32.0,0.897,19.0,0.8982,3.0,0.8983,219.0
1753617542996,11:59:02.996,gateio,AERO/USDT:USDT,0.8971,32.0,0.897,19.0,0.8982,3.0,0.8983,219.0
1753617543235,11:59:03.235,gateio,AERO/USDT:USDT,0.8971,32.0,0.897,19.0,0.8982,3.0,0.8983,219.0
1753617543369,11:59:03.369,gateio,AERO/USDT:USDT,0.8971,32.0,0.897,19.0,0.8982,3.0,0.8983,219.0
1753617544019,11:59:04.019,gateio,AERO/USDT:USDT,0.8971,32.0,0.897,19.0,0.8982,3.0,0.8983,219.0
1753617544243,11:59:04.243,gateio,AERO/USDT:USDT,0.8971,32.0,0.897,19.0,0.8982,3.0,0.8983,219.0
1753617544527,11:59:04.527,gateio,AERO/USDT:USDT,0.8971,32.0,0.897,19.0,0.8982,3.0,0.8983,219.0
1753617544581,11:59:04.581,gateio,AERO/USDT:USDT,0.8971,32.0,0.897,19.0,0.8982,3.0,0.8983,219.0
1753617544681,11:59:04.681,gateio,AERO/USDT:USDT,0.8971,32.0,0.897,19.0,0.8982,3.0,0.8983,219.0
1753617545140,11:59:05.140,gateio,AERO/USDT:USDT,0.8971,32.0,0.897,19.0,0.8982,3.0,0.8983,219.0
1753617545195,11:59:05.195,gateio,AERO/USDT:USDT,0.8971,32.0,0.897,19.0,0.8982,3.0,0.8983,219.0
1753617545479,11:59:05.479,gateio,AERO/USDT:USDT,0.8971,32.0,0.897,19.0,0.8982,3.0,0.8983,219.0
1753617546072,11:59:06.072,gateio,AERO/USDT:USDT,0.8971,32.0,0.897,19.0,0.8982,3.0,0.8983,219.0
1753617546521,11:59:06.521,gateio,AERO/USDT:USDT,0.8971,73.0,0.897,19.0,0.8982,3.0,0.8983,219.0
1753617546645,11:59:06.645,gateio,AERO/USDT:USDT,0.8971,73.0,0.897,19.0,0.8982,3.0,0.8983,219.0
1753617546711,11:59:06.711,gateio,AERO/USDT:USDT,0.8971,73.0,0.897,19.0,0.8982,3.0,0.8983,219.0
1753617547003,11:59:07.003,gateio,AERO/USDT:USDT,0.8971,73.0,0.897,19.0,0.8982,3.0,0.8983,219.0
1753617547496,11:59:07.496,gateio,AERO/USDT:USDT,0.8971,73.0,0.897,19.0,0.8982,3.0,0.8983,219.0
1753617547571,11:59:07.571,gateio,AERO/USDT:USDT,0.8971,73.0,0.897,19.0,0.8982,3.0,0.8983,219.0
1753617548003,11:59:08.003,gateio,AERO/USDT:USDT,0.8971,73.0,0.897,19.0,0.8982,3.0,0.8983,219.0
1753617548495,11:59:08.495,gateio,AERO/USDT:USDT,0.8971,73.0,0.897,19.0,0.8982,3.0,0.8983,219.0
1753617549069,11:59:09.069,gateio,AERO/USDT:USDT,0.8971,73.0,0.897,19.0,0.8982,3.0,0.8983,219.0
1753617549440,11:59:09.440,gateio,AERO/USDT:USDT,0.8971,73.0,0.897,19.0,0.8982,3.0,0.8983,219.0
1753617549545,11:59:09.545,gateio,AERO/USDT:USDT,0.8972,352.0,0.8971,73.0,0.8982,3.0,0.8983,219.0
1753617549601,11:59:09.601,gateio,AERO/USDT:USDT,0.8973,14.0,0.8972,574.0,0.8982,3.0,0.8986,702.0
1753617549659,11:59:09.659,gateio,AERO/USDT:USDT,0.8973,14.0,0.8972,574.0,0.8985,3.0,0.8986,702.0
1753617549757,11:59:09.757,gateio,AERO/USDT:USDT,0.8973,14.0,0.8972,574.0,0.8985,3.0,0.8986,702.0
1753617550045,11:59:10.045,gateio,AERO/USDT:USDT,0.8973,14.0,0.8972,574.0,0.8985,3.0,0.8986,702.0
1753617550054,11:59:10.054,gateio,AERO/USDT:USDT,0.8973,14.0,0.8972,574.0,0.8985,3.0,0.8986,702.0
1753617550682,11:59:10.682,gateio,AERO/USDT:USDT,0.8973,14.0,0.8972,441.0,0.8985,3.0,0.8986,702.0
1753617550944,11:59:10.944,gateio,AERO/USDT:USDT,0.8973,14.0,0.8972,441.0,0.8985,3.0,0.8986,702.0
1753617551107,11:59:11.107,gateio,AERO/USDT:USDT,0.8973,14.0,0.8972,441.0,0.8985,3.0,0.8986,702.0
1753617551264,11:59:11.264,gateio,AERO/USDT:USDT,0.8973,14.0,0.8972,441.0,0.8985,3.0,0.8986,702.0
1753617551526,11:59:11.526,gateio,AERO/USDT:USDT,0.8973,14.0,0.8972,441.0,0.8985,3.0,0.8986,702.0
1753617552433,11:59:12.433,gateio,AERO/USDT:USDT,0.8973,14.0,0.8972,219.0,0.8985,3.0,0.8986,702.0
1753617552541,11:59:12.541,gateio,AERO/USDT:USDT,0.8973,14.0,0.8972,219.0,0.8985,3.0,0.8986,702.0
1753617553402,11:59:13.402,gateio,AERO/USDT:USDT,0.8973,14.0,0.8972,219.0,0.8985,3.0,0.8986,702.0
1753617553575,11:59:13.575,gateio,AERO/USDT:USDT,0.8973,14.0,0.8972,219.0,0.8985,3.0,0.8986,702.0
1753617554569,11:59:14.569,gateio,AERO/USDT:USDT,0.8973,14.0,0.8972,219.0,0.8985,3.0,0.8986,702.0
1753617554796,11:59:14.796,gateio,AERO/USDT:USDT,0.8973,14.0,0.8972,219.0,0.8985,3.0,0.8986,702.0
1753617554986,11:59:14.986,gateio,AERO/USDT:USDT,0.8973,14.0,0.8972,219.0,0.8985,3.0,0.8986,702.0
1753617555241,11:59:15.241,gateio,AERO/USDT:USDT,0.8973,14.0,0.8972,219.0,0.8985,3.0,0.8986,702.0
1753617555467,11:59:15.467,gateio,AERO/USDT:USDT,0.8973,14.0,0.8972,219.0,0.8985,3.0,0.8986,702.0
1753617555789,11:59:15.789,gateio,AERO/USDT:USDT,0.8973,14.0,0.8972,219.0,0.8985,3.0,0.8986,702.0
1753617555968,11:59:15.968,gateio,AERO/USDT:USDT,0.8973,14.0,0.8972,219.0,0.8985,3.0,0.8986,702.0
1753617556530,11:59:16.530,gateio,AERO/USDT:USDT,0.8973,55.0,0.8972,219.0,0.8985,3.0,0.8986,702.0
1753617557010,11:59:17.010,gateio,AERO/USDT:USDT,0.8973,55.0,0.8972,219.0,0.8985,3.0,0.8986,702.0
1753617557406,11:59:17.406,gateio,AERO/USDT:USDT,0.8973,55.0,0.8972,219.0,0.8985,3.0,0.8986,702.0
1753617558019,11:59:18.019,gateio,AERO/USDT:USDT,0.8973,55.0,0.8972,219.0,0.8985,3.0,0.8986,702.0
1753617558141,11:59:18.141,gateio,AERO/USDT:USDT,0.8973,55.0,0.8972,219.0,0.8985,3.0,0.8987,219.0
1753617558206,11:59:18.206,gateio,AERO/USDT:USDT,0.8973,55.0,0.8972,219.0,0.8985,3.0,0.8989,219.0
1753617558310,11:59:18.310,gateio,AERO/USDT:USDT,0.8976,237.0,0.8974,269.0,0.8985,1.0,0.8986,2.0
1753617558409,11:59:18.409,gateio,AERO/USDT:USDT,0.8977,14.0,0.8976,237.0,0.8988,3.0,0.8989,219.0
1753617558523,11:59:18.523,gateio,AERO/USDT:USDT,0.8977,14.0,0.8976,237.0,0.8988,3.0,0.8989,219.0
1753617558591,11:59:18.591,gateio,AERO/USDT:USDT,0.8977,14.0,0.8976,237.0,0.8988,3.0,0.8989,219.0
1753617558719,11:59:18.719,gateio,AERO/USDT:USDT,0.8977,14.0,0.8976,237.0,0.8988,3.0,0.8989,219.0
1753617558858,11:59:18.858,gateio,AERO/USDT:USDT,0.8977,14.0,0.8976,237.0,0.8988,3.0,0.8989,219.0
1753617559007,11:59:19.007,gateio,AERO/USDT:USDT,0.8977,14.0,0.8976,237.0,0.8988,3.0,0.8989,219.0
1753617559945,11:59:19.945,gateio,AERO/USDT:USDT,0.8977,14.0,0.8976,237.0,0.8988,3.0,0.8989,219.0
1753617560210,11:59:20.210,gateio,AERO/USDT:USDT,0.8977,14.0,0.8976,237.0,0.8988,3.0,0.8989,219.0
1753617560299,11:59:20.299,gateio,AERO/USDT:USDT,0.8977,14.0,0.8976,237.0,0.8988,3.0,0.8989,219.0
1753617560537,11:59:20.537,gateio,AERO/USDT:USDT,0.8977,14.0,0.8976,9.0,0.8988,3.0,0.8989,219.0
1753617560941,11:59:20.941,gateio,AERO/USDT:USDT,0.8977,14.0,0.8974,269.0,0.8988,3.0,0.8989,219.0
1753617561005,11:59:21.005,gateio,AERO/USDT:USDT,0.8975,14.0,0.8973,41.0,0.8988,3.0,0.8989,219.0
1753617561118,11:59:21.118,gateio,AERO/USDT:USDT,0.8974,14.0,0.8973,41.0,0.8988,3.0,0.8989,219.0
1753617561195,11:59:21.195,gateio,AERO/USDT:USDT,0.8974,14.0,0.8973,41.0,0.8988,3.0,0.8989,219.0
1753617561526,11:59:21.526,gateio,AERO/USDT:USDT,0.8974,14.0,0.8972,219.0,0.8988,3.0,0.8989,219.0
1753617561558,11:59:21.558,gateio,AERO/USDT:USDT,0.8973,14.0,0.8972,219.0,0.8988,3.0,0.8989,219.0
1753617562003,11:59:22.003,gateio,AERO/USDT:USDT,0.8973,14.0,0.8972,219.0,0.8988,3.0,0.8989,219.0
1753617562695,11:59:22.695,gateio,AERO/USDT:USDT,0.8973,14.0,0.8972,219.0,0.8988,3.0,0.8989,219.0
1753617562775,11:59:22.775,gateio,AERO/USDT:USDT,0.8976,219.0,0.8973,14.0,0.8988,3.0,0.8989,219.0
1753617562927,11:59:22.927,gateio,AERO/USDT:USDT,0.8977,23.0,0.8976,219.0,0.8988,3.0,0.8989,219.0
1753617563262,11:59:23.262,gateio,AERO/USDT:USDT,0.8977,23.0,0.8976,219.0,0.8988,3.0,0.8989,219.0
1753617563356,11:59:23.356,gateio,AERO/USDT:USDT,0.8977,23.0,0.8976,219.0,0.8988,12.0,0.8989,219.0
1753617563622,11:59:23.622,gateio,AERO/USDT:USDT,0.8977,23.0,0.8976,219.0,0.8988,12.0,0.8989,219.0
1753617565995,11:59:25.995,gateio,AERO/USDT:USDT,0.8977,23.0,0.8976,219.0,0.8988,12.0,0.8989,219.0
1753617566241,11:59:26.241,gateio,AERO/USDT:USDT,0.8977,23.0,0.8973,278.0,0.8988,12.0,0.8989,219.0
1753617566301,11:59:26.301,gateio,AERO/USDT:USDT,0.8977,14.0,0.8973,278.0,0.8988,12.0,0.8989,219.0
1753617566415,11:59:26.415,gateio,AERO/USDT:USDT,0.8974,14.0,0.8973,278.0,0.8988,12.0,0.8989,219.0
1753617566525,11:59:26.525,gateio,AERO/USDT:USDT,0.8974,55.0,0.8973,278.0,0.8988,12.0,0.8989,219.0
1753617568932,11:59:28.932,gateio,AERO/USDT:USDT,0.8974,55.0,0.8973,278.0,0.8988,12.0,0.8989,219.0
1753617570808,11:59:30.808,gateio,AERO/USDT:USDT,0.8974,55.0,0.8973,278.0,0.8988,12.0,0.8989,219.0
1753617572624,11:59:32.624,gateio,AERO/USDT:USDT,0.8974,55.0,0.8973,278.0,0.8988,12.0,0.8989,219.0
1753617572977,11:59:32.977,gateio,AERO/USDT:USDT,0.8974,55.0,0.8973,278.0,0.8988,12.0,0.8989,219.0
1753617573595,11:59:33.595,gateio,AERO/USDT:USDT,0.8976,219.0,0.8974,55.0,0.8988,12.0,0.8989,219.0
1753617573654,11:59:33.654,gateio,AERO/USDT:USDT,0.8977,14.0,0.8976,219.0,0.8988,12.0,0.8989,219.0
1753617573840,11:59:33.840,gateio,AERO/USDT:USDT,0.8977,14.0,0.8974,41.0,0.8988,12.0,0.8989,219.0
1753617573853,11:59:33.853,gateio,AERO/USDT:USDT,0.8975,14.0,0.8974,41.0,0.8988,12.0,0.8989,219.0
1753617575596,11:59:35.596,gateio,AERO/USDT:USDT,0.8975,14.0,0.8974,41.0,0.8988,12.0,0.8989,219.0
1753617576515,11:59:36.515,gateio,AERO/USDT:USDT,0.8975,14.0,0.8973,278.0,0.8988,12.0,0.8989,219.0
1753617576871,11:59:36.871,gateio,AERO/USDT:USDT,0.8974,14.0,0.8973,278.0,0.8988,12.0,0.8989,219.0
1753617577035,11:59:37.035,gateio,AERO/USDT:USDT,0.8976,219.0,0.8974,14.0,0.8988,12.0,0.8989,219.0
1753617577052,11:59:37.052,gateio,AERO/USDT:USDT,0.8977,14.0,0.8976,219.0,0.8988,12.0,0.8989,219.0
1753617577472,11:59:37.472,gateio,AERO/USDT:USDT,0.8977,14.0,0.8976,219.0,0.8988,12.0,0.8989,219.0
1753617579426,11:59:39.426,gateio,AERO/USDT:USDT,0.8977,14.0,0.8976,219.0,0.8988,12.0,0.8989,219.0
1753617579490,11:59:39.490,gateio,AERO/USDT:USDT,0.8977,14.0,0.8976,219.0,0.8988,12.0,0.8989,219.0
1753617579800,11:59:39.800,gateio,AERO/USDT:USDT,0.8977,14.0,0.8976,219.0,0.8988,3.0,0.8989,219.0
1753617580099,11:59:40.099,gateio,AERO/USDT:USDT,0.8977,14.0,0.8973,278.0,0.8988,3.0,0.8989,219.0
1753617580152,11:59:40.152,gateio,AERO/USDT:USDT,0.8974,14.0,0.8973,278.0,0.8988,3.0,0.8989,219.0
1753617580396,11:59:40.396,gateio,AERO/USDT:USDT,0.8974,14.0,0.8973,278.0,0.8988,3.0,0.8989,219.0
1753617581341,11:59:41.341,gateio,AERO/USDT:USDT,0.8974,14.0,0.8973,278.0,0.8988,3.0,0.8989,219.0
1753617581441,11:59:41.441,gateio,AERO/USDT:USDT,0.8974,14.0,0.8973,278.0,0.8985,219.0,0.8988,3.0
1753617581521,11:59:41.521,gateio,AERO/USDT:USDT,0.8976,50.0,0.8975,9.0,0.8984,3.0,0.8991,1210.0
1753617581588,11:59:41.588,gateio,AERO/USDT:USDT,0.8977,14.0,0.8976,41.0,0.8987,237.0,0.899,3.0
1753617581669,11:59:41.669,gateio,AERO/USDT:USDT,0.8977,23.0,0.8976,41.0,0.8986,3.0,0.8987,237.0
1753617581936,11:59:41.936,gateio,AERO/USDT:USDT,0.8977,23.0,0.8976,41.0,0.8986,3.0,0.8987,237.0
1753617582087,11:59:42.087,gateio,AERO/USDT:USDT,0.8977,23.0,0.8976,41.0,0.8986,3.0,0.8987,18.0
1753617582904,11:59:42.904,gateio,AERO/USDT:USDT,0.8977,32.0,0.8976,41.0,0.8986,3.0,0.8987,18.0
1753617584533,11:59:44.533,gateio,AERO/USDT:USDT,0.8977,32.0,0.8976,41.0,0.8986,3.0,0.8987,18.0
1753617584740,11:59:44.740,gateio,AERO/USDT:USDT,0.8977,32.0,0.8976,41.0,0.8986,3.0,0.8987,9.0
1753617584760,11:59:44.760,gateio,AERO/USDT:USDT,0.8977,32.0,0.8976,41.0,0.8986,3.0,0.8987,9.0
1753617585196,11:59:45.196,gateio,AERO/USDT:USDT,0.8977,32.0,0.8976,41.0,0.8986,3.0,0.8987,9.0
1753617586520,11:59:46.520,gateio,AERO/USDT:USDT,0.8977,32.0,0.8973,278.0,0.8986,3.0,0.8987,9.0
1753617586787,11:59:46.787,gateio,AERO/USDT:USDT,0.8977,32.0,0.8973,278.0,0.8986,3.0,0.8987,9.0
1753617587666,11:59:47.666,gateio,AERO/USDT:USDT,0.8977,32.0,0.8973,278.0,0.8986,3.0,0.8987,9.0
1753617587757,11:59:47.757,gateio,AERO/USDT:USDT,0.8977,32.0,0.8973,278.0,0.8986,3.0,0.8987,9.0
1753617588816,11:59:48.816,gateio,AERO/USDT:USDT,0.8977,32.0,0.8973,278.0,0.8986,3.0,0.8987,9.0
1753617589997,11:59:49.997,gateio,AERO/USDT:USDT,0.8977,32.0,0.8973,278.0,0.8986,3.0,0.8987,9.0
1753617590128,11:59:50.128,gateio,AERO/USDT:USDT,0.898,219.0,0.8977,32.0,0.8986,3.0,0.8987,9.0
1753617590188,11:59:50.188,gateio,AERO/USDT:USDT,0.8981,14.0,0.8978,219.0,0.8986,3.0,0.8987,9.0
1753617590323,11:59:50.323,gateio,AERO/USDT:USDT,0.8979,14.0,0.8977,18.0,0.8986,3.0,0.8987,9.0
1753617590429,11:59:50.429,gateio,AERO/USDT:USDT,0.8978,14.0,0.8977,18.0,0.8986,3.0,0.8987,9.0
1753617590805,11:59:50.805,gateio,AERO/USDT:USDT,0.8978,14.0,0.8977,9.0,0.8986,3.0,0.8987,9.0
1753617590914,11:59:50.914,gateio,AERO/USDT:USDT,0.8978,14.0,0.8977,9.0,0.8986,3.0,0.8987,9.0
1753617591140,11:59:51.140,gateio,AERO/USDT:USDT,0.8978,14.0,0.8977,9.0,0.8986,3.0,0.8987,9.0
1753617591147,11:59:51.147,gateio,AERO/USDT:USDT,0.8978,14.0,0.8977,9.0,0.8986,3.0,0.8987,9.0
1753617591521,11:59:51.521,gateio,AERO/USDT:USDT,0.8978,55.0,0.8977,9.0,0.8986,3.0,0.8987,9.0
1753617592441,11:59:52.441,gateio,AERO/USDT:USDT,0.8978,55.0,0.8977,9.0,0.8986,3.0,0.8987,9.0
1753617592656,11:59:52.656,gateio,AERO/USDT:USDT,0.8978,55.0,0.8977,9.0,0.8986,3.0,0.8987,9.0
1753617593770,11:59:53.770,gateio,AERO/USDT:USDT,0.8978,55.0,0.8977,9.0,0.8986,3.0,0.8987,9.0
1753617594084,11:59:54.084,gateio,AERO/USDT:USDT,0.8978,55.0,0.8977,9.0,0.8986,3.0,0.8987,9.0
1753617594808,11:59:54.808,gateio,AERO/USDT:USDT,0.8978,55.0,0.8977,9.0,0.8986,3.0,0.8987,9.0
1753617595946,11:59:55.946,gateio,AERO/USDT:USDT,0.8978,55.0,0.8977,9.0,0.8986,3.0,0.8987,9.0
1753617596094,11:59:56.094,gateio,AERO/USDT:USDT,0.8978,55.0,0.8977,9.0,0.8986,3.0,0.8987,9.0
1753617598181,11:59:58.181,gateio,AERO/USDT:USDT,0.8978,55.0,0.8973,278.0,0.8986,3.0,0.8987,9.0
1753617599005,11:59:59.005,gateio,AERO/USDT:USDT,0.8978,55.0,0.8973,278.0,0.8986,3.0,0.8987,9.0
1753617599597,11:59:59.597,gateio,AERO/USDT:USDT,0.8978,55.0,0.8973,278.0,0.8986,3.0,0.8987,9.0
1753617600586,12:00:00.586,gateio,AERO/USDT:USDT,0.8978,55.0,0.8973,278.0,0.8986,3.0,0.8987,9.0
1753617601058,12:00:01.058,gateio,AERO/USDT:USDT,0.8978,55.0,0.8973,278.0,0.8986,3.0,0.8987,9.0
1753617602009,12:00:02.009,gateio,AERO/USDT:USDT,0.8978,55.0,0.8973,278.0,0.8986,3.0,0.8987,9.0
1753617602063,12:00:02.063,gateio,AERO/USDT:USDT,0.8978,55.0,0.8973,278.0,0.8986,3.0,0.8987,9.0
1753617602589,12:00:02.589,gateio,AERO/USDT:USDT,0.8978,55.0,0.8971,488.0,0.8985,229.0,0.8986,13.0
1753617602691,12:00:02.691,gateio,AERO/USDT:USDT,0.8978,55.0,0.8977,10.0,0.8984,13.0,0.8985,20.0
1753617602813,12:00:02.813,gateio,AERO/USDT:USDT,0.8978,65.0,0.8977,20.0,0.8984,3.0,0.899,268.0
1753617602880,12:00:02.880,gateio,AERO/USDT:USDT,0.8978,65.0,0.8977,20.0,0.8987,219.0,0.8989,3.0
1753617602996,12:00:02.996,gateio,AERO/USDT:USDT,0.8978,55.0,0.8972,268.0,0.8986,3.0,0.8987,219.0
1753617603128,12:00:03.128,gateio,AERO/USDT:USDT,0.8978,55.0,0.8972,268.0,0.8986,13.0,0.8987,219.0
1753617603263,12:00:03.263,gateio,AERO/USDT:USDT,0.8978,55.0,0.8972,268.0,0.8986,13.0,0.8987,219.0
1753617603431,12:00:03.431,gateio,AERO/USDT:USDT,0.8978,55.0,0.8972,268.0,0.8986,3.0,0.8987,219.0
1753617603642,12:00:03.642,gateio,AERO/USDT:USDT,0.8978,65.0,0.8972,268.0,0.8986,3.0,0.8987,219.0
1753617603646,12:00:03.646,gateio,AERO/USDT:USDT,0.8978,75.0,0.8972,268.0,0.8986,3.0,0.8987,219.0
1753617604005,12:00:04.005,gateio,AERO/USDT:USDT,0.8978,75.0,0.8972,268.0,0.8986,3.0,0.8987,219.0
1753617604398,12:00:04.398,gateio,AERO/USDT:USDT,0.8978,75.0,0.8972,268.0,0.8986,3.0,0.8987,219.0
1753617604550,12:00:04.550,gateio,AERO/USDT:USDT,0.8978,75.0,0.8972,268.0,0.8986,3.0,0.899,268.0
1753617604653,12:00:04.653,gateio,AERO/USDT:USDT,0.8978,75.0,0.8972,268.0,0.8989,3.0,0.899,268.0
1753617605198,12:00:05.198,gateio,AERO/USDT:USDT,0.8978,75.0,0.8975,219.0,0.8989,3.0,0.8991,1235.0
1753617605254,12:00:05.254,gateio,AERO/USDT:USDT,0.8978,75.0,0.8975,219.0,0.899,3.0,0.8991,1235.0
1753617605384,12:00:05.384,gateio,AERO/USDT:USDT,0.8978,75.0,0.8975,219.0,0.899,3.0,0.8991,1235.0
1753617605521,12:00:05.521,gateio,AERO/USDT:USDT,0.8978,75.0,0.8975,219.0,0.899,3.0,0.8991,1235.0
1753617606007,12:00:06.007,gateio,AERO/USDT:USDT,0.8978,75.0,0.8975,219.0,0.899,3.0,0.8991,1235.0
1753617606767,12:00:06.767,gateio,AERO/USDT:USDT,0.8978,75.0,0.8975,219.0,0.899,3.0,0.8991,1235.0
1753617606834,12:00:06.834,gateio,AERO/USDT:USDT,0.8978,75.0,0.8972,268.0,0.8986,219.0,0.899,3.0
1753617606953,12:00:06.953,gateio,AERO/USDT:USDT,0.8978,75.0,0.8972,268.0,0.8985,48.0,0.8986,239.0
1753617607420,12:00:07.420,gateio,AERO/USDT:USDT,0.8978,75.0,0.8972,268.0,0.8985,48.0,0.8986,20.0
1753617608004,12:00:08.004,gateio,AERO/USDT:USDT,0.8978,75.0,0.8972,268.0,0.8985,48.0,0.8986,20.0
1753617608113,12:00:08.113,gateio,AERO/USDT:USDT,0.8978,75.0,0.8972,268.0,0.8985,48.0,0.8986,20.0
1753617608319,12:00:08.319,gateio,AERO/USDT:USDT,0.8978,75.0,0.8974,219.0,0.8985,48.0,0.8986,20.0
1753617609197,12:00:09.197,gateio,AERO/USDT:USDT,0.8978,75.0,0.8974,219.0,0.8985,48.0,0.8986,20.0
1753617609643,12:00:09.643,gateio,AERO/USDT:USDT,0.8978,75.0,0.8974,219.0,0.8985,48.0,0.8986,20.0
1753617609662,12:00:09.662,gateio,AERO/USDT:USDT,0.8978,75.0,0.8974,219.0,0.8985,48.0,0.8986,20.0
1753617610210,12:00:10.210,gateio,AERO/USDT:USDT,0.8978,75.0,0.8974,219.0,0.8985,48.0,0.8986,20.0
1753617610893,12:00:10.893,gateio,AERO/USDT:USDT,0.8978,75.0,0.8974,219.0,0.8985,48.0,0.8991,1235.0
1753617611005,12:00:11.005,gateio,AERO/USDT:USDT,0.8978,75.0,0.8974,219.0,0.8985,45.0,0.899,3.0
1753617611757,12:00:11.757,gateio,AERO/USDT:USDT,0.8978,75.0,0.8974,219.0,0.8985,45.0,0.899,3.0
1753617612003,12:00:12.003,gateio,AERO/USDT:USDT,0.8978,75.0,0.8974,219.0,0.8985,45.0,0.899,3.0
1753617612852,12:00:12.852,gateio,AERO/USDT:USDT,0.8978,75.0,0.8974,219.0,0.8985,45.0,0.899,3.0
1753617614030,12:00:14.030,gateio,AERO/USDT:USDT,0.8978,75.0,0.8974,219.0,0.8985,45.0,0.899,3.0
1753617614906,12:00:14.906,gateio,AERO/USDT:USDT,0.8978,75.0,0.8974,219.0,0.8985,45.0,0.899,3.0
1753617615002,12:00:15.002,gateio,AERO/USDT:USDT,0.8978,75.0,0.8974,219.0,0.8985,45.0,0.899,3.0
1753617616035,12:00:16.035,gateio,AERO/USDT:USDT,0.8978,75.0,0.8974,219.0,0.8985,45.0,0.899,3.0
1753617616295,12:00:16.295,gateio,AERO/USDT:USDT,0.8978,75.0,0.8974,219.0,0.8985,45.0,0.899,3.0
1753617616408,12:00:16.408,gateio,AERO/USDT:USDT,0.8978,75.0,0.8974,219.0,0.8985,45.0,0.899,3.0
1753617616510,12:00:16.510,gateio,AERO/USDT:USDT,0.8978,75.0,0.8974,219.0,0.8985,45.0,0.899,3.0
1753617616549,12:00:16.549,gateio,AERO/USDT:USDT,0.8978,75.0,0.8974,219.0,0.8985,55.0,0.899,3.0
1753617616687,12:00:16.687,gateio,AERO/USDT:USDT,0.8978,75.0,0.8974,219.0,0.8984,3.0,0.8985,55.0
1753617616752,12:00:16.752,gateio,AERO/USDT:USDT,0.8978,75.0,0.8974,219.0,0.8984,3.0,0.8985,10.0
1753617617004,12:00:17.004,gateio,AERO/USDT:USDT,0.8978,75.0,0.8974,219.0,0.8984,3.0,0.8985,10.0
1753617618005,12:00:18.005,gateio,AERO/USDT:USDT,0.8978,75.0,0.8974,219.0,0.8984,3.0,0.8985,10.0
1753617618205,12:00:18.205,gateio,AERO/USDT:USDT,0.8978,75.0,0.8974,219.0,0.8984,3.0,0.8985,10.0
1753617618478,12:00:18.478,gateio,AERO/USDT:USDT,0.8978,75.0,0.8974,219.0,0.8984,3.0,0.8985,10.0
1753617618817,12:00:18.817,gateio,AERO/USDT:USDT,0.8978,75.0,0.8974,219.0,0.8984,3.0,0.8985,10.0
1753617623633,12:00:23.633,gateio,AERO/USDT:USDT,0.8978,75.0,0.8974,219.0,0.8984,3.0,0.8985,10.0
1753617623702,12:00:23.702,gateio,AERO/USDT:USDT,0.8978,75.0,0.8974,219.0,0.8984,3.0,0.8985,10.0
1753617624865,12:00:24.865,gateio,AERO/USDT:USDT,0.8978,75.0,0.8974,219.0,0.8984,3.0,0.8985,10.0
1753617626008,12:00:26.008,gateio,AERO/USDT:USDT,0.8978,75.0,0.8974,219.0,0.8984,3.0,0.8985,10.0
1753617628397,12:00:28.397,gateio,AERO/USDT:USDT,0.8978,75.0,0.8974,219.0,0.8984,3.0,0.8985,10.0
1753617628645,12:00:28.645,gateio,AERO/USDT:USDT,0.8978,75.0,0.8974,219.0,0.8984,3.0,0.8985,10.0
1753617629005,12:00:29.005,gateio,AERO/USDT:USDT,0.8978,75.0,0.8974,219.0,0.8984,3.0,0.8985,10.0
1753617629388,12:00:29.388,gateio,AERO/USDT:USDT,0.8978,75.0,0.8974,219.0,0.8984,3.0,0.8985,10.0
1753617629479,12:00:29.479,gateio,AERO/USDT:USDT,0.8978,75.0,0.8973,274.0,0.8984,3.0,0.8985,10.0
1753617629635,12:00:29.635,gateio,AERO/USDT:USDT,0.8978,75.0,0.8973,274.0,0.8984,3.0,0.8985,20.0
1753617630101,12:00:30.101,gateio,AERO/USDT:USDT,0.8978,75.0,0.8973,274.0,0.8984,3.0,0.8985,20.0
1753617630242,12:00:30.242,gateio,AERO/USDT:USDT,0.8978,75.0,0.8973,274.0,0.8984,3.0,0.8985,20.0
1753617630330,12:00:30.330,gateio,AERO/USDT:USDT,0.8978,75.0,0.8974,219.0,0.8984,3.0,0.8985,20.0
1753617631006,12:00:31.006,gateio,AERO/USDT:USDT,0.8978,75.0,0.8974,219.0,0.8984,3.0,0.8985,20.0
1753617632454,12:00:32.454,gateio,AERO/USDT:USDT,0.8978,75.0,0.8973,274.0,0.8984,3.0,0.8985,20.0
1753617632592,12:00:32.592,gateio,AERO/USDT:USDT,0.8978,65.0,0.8973,274.0,0.8984,3.0,0.8985,20.0
1753617632671,12:00:32.671,gateio,AERO/USDT:USDT,0.8978,55.0,0.8973,274.0,0.8984,3.0,0.8985,20.0
1753617632771,12:00:32.771,gateio,AERO/USDT:USDT,0.8978,55.0,0.8971,269.0,0.8984,3.0,0.8985,20.0
1753617632927,12:00:32.927,gateio,AERO/USDT:USDT,0.8978,55.0,0.8971,269.0,0.8984,3.0,0.8985,20.0
1753617633198,12:00:33.198,gateio,AERO/USDT:USDT,0.8978,55.0,0.8971,269.0,0.8984,3.0,0.8985,20.0
1753617633430,12:00:33.430,gateio,AERO/USDT:USDT,0.8978,55.0,0.8971,269.0,0.8984,3.0,0.8985,20.0
1753617634015,12:00:34.015,gateio,AERO/USDT:USDT,0.8978,55.0,0.8971,608.0,0.8984,3.0,0.8985,20.0
1753617636006,12:00:36.006,gateio,AERO/USDT:USDT,0.8978,55.0,0.8971,608.0,0.8984,3.0,0.8985,20.0
1753617638003,12:00:38.003,gateio,AERO/USDT:USDT,0.8978,55.0,0.8971,608.0,0.8984,3.0,0.8985,20.0
