timestamp,time,exchange,symbol,bid1_price,bid1_volume,bid2_price,bid2_volume,ask1_price,ask1_volume,ask2_price,ask2_volume
1753617151542,11:52:31.542,phemex,ACH/USDT:USDT,0.02292,30900.0,0.02291,108254.0,0.02293,5375.0,0.02294,117422.0
1753617163570,11:52:43.570,phemex,ACH/USDT:USDT,0.02292,30900.0,0.02291,108254.0,0.02293,5375.0,0.02294,117422.0
1753617163578,11:52:43.578,phemex,ACH/USDT:USDT,0.02292,30900.0,0.02291,108254.0,0.02293,5375.0,0.02294,117422.0
1753617163779,11:52:43.779,phemex,ACH/USDT:USDT,0.02292,30900.0,0.02291,143538.0,0.02293,5375.0,0.02294,117422.0
1753617164318,11:52:44.318,phemex,ACH/USDT:USDT,0.02292,30900.0,0.02291,143538.0,0.02294,117422.0,0.02295,102311.0
1753617164334,11:52:44.334,phemex,ACH/USDT:USDT,0.02292,30900.0,0.02291,143538.0,0.02294,117422.0,0.02295,102311.0
1753617165274,11:52:45.274,phemex,ACH/USDT:USDT,0.02292,30900.0,0.02291,143538.0,0.02293,5417.0,0.02294,117422.0
1753617165366,11:52:45.366,phemex,ACH/USDT:USDT,0.02292,30900.0,0.02291,143538.0,0.02294,117422.0,0.02295,102311.0
1753617165405,11:52:45.405,phemex,ACH/USDT:USDT,0.02293,5417.0,0.02292,30900.0,0.02294,117422.0,0.02295,102311.0
1753617165452,11:52:45.452,phemex,ACH/USDT:USDT,0.02293,5417.0,0.02292,30900.0,0.02294,117422.0,0.02295,102311.0
1753617165537,11:52:45.537,phemex,ACH/USDT:USDT,0.02293,5417.0,0.02292,30900.0,0.02294,5401.0,0.02295,118032.0
1753617167062,11:52:47.062,phemex,ACH/USDT:USDT,0.02293,5417.0,0.02292,30900.0,0.02294,5401.0,0.02295,118032.0
1753617168928,11:52:48.928,phemex,ACH/USDT:USDT,0.02293,37177.0,0.02292,113119.0,0.02294,5401.0,0.02295,118032.0
1753617171854,11:52:51.854,phemex,ACH/USDT:USDT,0.02293,37177.0,0.02292,113119.0,0.02294,5401.0,0.02295,118032.0
1753617171865,11:52:51.865,phemex,ACH/USDT:USDT,0.02293,37177.0,0.02292,113119.0,0.02294,5401.0,0.02295,118032.0
1753617179431,11:52:59.431,phemex,ACH/USDT:USDT,0.02292,5391.0,0.02291,143538.0,0.02294,38146.0,0.02295,118032.0
1753617179836,11:52:59.836,phemex,ACH/USDT:USDT,0.02292,5391.0,0.02291,143538.0,0.02294,38146.0,0.02295,118032.0
1753617183003,11:53:03.003,phemex,ACH/USDT:USDT,0.02292,14117.0,0.02291,143538.0,0.02294,38146.0,0.02295,118032.0
1753617183071,11:53:03.071,phemex,ACH/USDT:USDT,0.02293,5403.0,0.02292,14117.0,0.02294,38146.0,0.02295,118032.0
1753617183510,11:53:03.510,phemex,ACH/USDT:USDT,0.02293,5403.0,0.02292,14117.0,0.02294,32745.0,0.02295,118032.0
1753617183909,11:53:03.909,phemex,ACH/USDT:USDT,0.02293,5403.0,0.02292,14117.0,0.02294,25511.0,0.02295,102311.0
1753617183910,11:53:03.910,phemex,ACH/USDT:USDT,0.02293,5403.0,0.02292,14117.0,0.02295,5621.0,0.02296,131714.0
1753617183972,11:53:03.972,phemex,ACH/USDT:USDT,0.02293,5403.0,0.02292,14117.0,0.02295,5621.0,0.02296,131714.0
1753617184080,11:53:04.080,phemex,ACH/USDT:USDT,0.02293,5403.0,0.02292,14117.0,0.02295,5621.0,0.02296,131714.0
1753617184156,11:53:04.156,phemex,ACH/USDT:USDT,0.02293,5403.0,0.02292,14117.0,0.02295,5621.0,0.02296,131714.0
1753617184156,11:53:04.156,phemex,ACH/USDT:USDT,0.02293,5403.0,0.02292,14117.0,0.02295,5621.0,0.02296,131714.0
1753617184459,11:53:04.459,phemex,ACH/USDT:USDT,0.02294,27860.0,0.02293,58919.0,0.02295,5621.0,0.02296,131714.0
1753617184699,11:53:04.699,phemex,ACH/USDT:USDT,0.02294,7860.0,0.02293,58919.0,0.02295,5621.0,0.02296,131714.0
1753617185178,11:53:05.178,phemex,ACH/USDT:USDT,0.02294,13263.0,0.02293,58919.0,0.02295,5621.0,0.02296,131714.0
1753617185861,11:53:05.861,phemex,ACH/USDT:USDT,0.02294,7860.0,0.02293,58919.0,0.02295,5621.0,0.02296,131714.0
1753617186117,11:53:06.117,phemex,ACH/USDT:USDT,0.02294,13263.0,0.02293,58919.0,0.02295,5621.0,0.02296,131714.0
1753617186846,11:53:06.846,phemex,ACH/USDT:USDT,0.02294,13263.0,0.02293,58919.0,0.02295,5621.0,0.02296,96386.0
1753617188654,11:53:08.654,phemex,ACH/USDT:USDT,0.02294,13263.0,0.02293,58919.0,0.02295,5621.0,0.02296,96386.0
1753617188918,11:53:08.918,phemex,ACH/USDT:USDT,0.02294,13263.0,0.02293,58919.0,0.02295,5621.0,0.02296,96386.0
1753617193461,11:53:13.461,phemex,ACH/USDT:USDT,0.02294,13263.0,0.02293,58919.0,0.02295,5621.0,0.02296,96386.0
1753617194008,11:53:14.008,phemex,ACH/USDT:USDT,0.02294,12458.0,0.02293,58919.0,0.02295,5621.0,0.02296,96386.0
1753617197000,11:53:17.000,phemex,ACH/USDT:USDT,0.02294,12458.0,0.02293,58919.0,0.02296,96386.0,0.02297,5436.0
1753617197023,11:53:17.023,phemex,ACH/USDT:USDT,0.02294,12458.0,0.02293,58919.0,0.02295,5411.0,0.02296,96386.0
1753617201908,11:53:21.908,phemex,ACH/USDT:USDT,0.02294,11351.0,0.02293,58919.0,0.02295,5411.0,0.02296,96386.0
1753617205751,11:53:25.751,phemex,ACH/USDT:USDT,0.02294,11351.0,0.02293,58919.0,0.02296,96386.0,0.02297,5436.0
1753617205805,11:53:25.805,phemex,ACH/USDT:USDT,0.02294,11351.0,0.02293,58919.0,0.02296,96386.0,0.02297,5436.0
1753617205825,11:53:25.825,phemex,ACH/USDT:USDT,0.02294,11351.0,0.02293,58919.0,0.02295,5471.0,0.02296,96386.0
1753617206169,11:53:26.169,phemex,ACH/USDT:USDT,0.02294,11351.0,0.02293,58919.0,0.02296,96386.0,0.02297,5436.0
1753617206188,11:53:26.188,phemex,ACH/USDT:USDT,0.02294,11351.0,0.02293,58919.0,0.02296,96386.0,0.02297,5436.0
1753617206613,11:53:26.613,phemex,ACH/USDT:USDT,0.02295,24166.0,0.02294,110259.0,0.02296,5594.0,0.02297,15638.0
1753617207958,11:53:27.958,phemex,ACH/USDT:USDT,0.02295,24166.0,0.02294,110259.0,0.02296,5594.0,0.02297,15638.0
1753617208034,11:53:28.034,phemex,ACH/USDT:USDT,0.02295,24166.0,0.02294,110259.0,0.02296,5594.0,0.02297,15638.0
1753617211735,11:53:31.735,phemex,ACH/USDT:USDT,0.02295,29985.0,0.02294,113223.0,0.02296,14273.0,0.02297,24443.0
1753617212108,11:53:32.108,phemex,ACH/USDT:USDT,0.02295,29985.0,0.02294,148407.0,0.02296,14273.0,0.02297,24443.0
1753617212578,11:53:32.578,phemex,ACH/USDT:USDT,0.02295,29985.0,0.02294,148407.0,0.02296,14273.0,0.02297,24443.0
1753617218473,11:53:38.473,phemex,ACH/USDT:USDT,0.02295,29985.0,0.02294,148407.0,0.02296,8679.0,0.02297,24443.0
1753617220854,11:53:40.854,phemex,ACH/USDT:USDT,0.02295,29985.0,0.02294,148407.0,0.02297,24488.0,0.02298,17772.0
1753617220873,11:53:40.873,phemex,ACH/USDT:USDT,0.02295,29985.0,0.02294,148407.0,0.02297,24488.0,0.02298,17772.0
1753617221140,11:53:41.140,phemex,ACH/USDT:USDT,0.02295,29985.0,0.02294,148407.0,0.02297,24488.0,0.02298,17772.0
1753617221897,11:53:41.897,phemex,ACH/USDT:USDT,0.02296,15302.0,0.02295,29985.0,0.02297,24488.0,0.02298,17772.0
1753617221929,11:53:41.929,phemex,ACH/USDT:USDT,0.02296,24374.0,0.02295,97832.0,0.02297,24488.0,0.02298,17772.0
1753617223362,11:53:43.362,phemex,ACH/USDT:USDT,0.02296,20514.0,0.02295,97832.0,0.02297,24488.0,0.02298,17772.0
1753617225071,11:53:45.071,phemex,ACH/USDT:USDT,0.02296,20514.0,0.02295,97832.0,0.02297,24488.0,0.02298,17772.0
1753617228638,11:53:48.638,phemex,ACH/USDT:USDT,0.02296,19724.0,0.02295,97832.0,0.02297,24488.0,0.02298,17772.0
1753617229867,11:53:49.867,phemex,ACH/USDT:USDT,0.02296,19724.0,0.02295,97832.0,0.02297,24488.0,0.02298,17772.0
1753617230207,11:53:50.207,phemex,ACH/USDT:USDT,0.02296,25198.0,0.02295,97832.0,0.02297,24488.0,0.02298,17772.0
1753617237898,11:53:57.898,phemex,ACH/USDT:USDT,0.02296,18748.0,0.02295,97832.0,0.02297,24488.0,0.02298,17772.0
1753617239678,11:53:59.678,phemex,ACH/USDT:USDT,0.02296,13274.0,0.02295,97832.0,0.02297,24488.0,0.02298,17772.0
1753617241135,11:54:01.135,phemex,ACH/USDT:USDT,0.02296,10174.0,0.02295,97832.0,0.02297,24488.0,0.02298,17772.0
1753617241135,11:54:01.135,phemex,ACH/USDT:USDT,0.02296,10174.0,0.02295,97832.0,0.02297,24488.0,0.02298,17772.0
1753617245606,11:54:05.606,phemex,ACH/USDT:USDT,0.02296,10174.0,0.02295,97832.0,0.02297,24488.0,0.02298,17772.0
1753617246036,11:54:06.036,phemex,ACH/USDT:USDT,0.02295,5471.0,0.02294,148407.0,0.02297,31441.0,0.02298,32709.0
1753617246106,11:54:06.106,phemex,ACH/USDT:USDT,0.02295,5471.0,0.02294,148407.0,0.02296,5538.0,0.02297,31441.0
1753617247327,11:54:07.327,phemex,ACH/USDT:USDT,0.02295,5471.0,0.02294,148407.0,0.02296,19874.0,0.02297,87878.0
1753617248029,11:54:08.029,phemex,ACH/USDT:USDT,0.02294,148407.0,0.02293,58919.0,0.02296,19874.0,0.02297,87878.0
1753617248091,11:54:08.091,phemex,ACH/USDT:USDT,0.02294,148407.0,0.02293,58919.0,0.02296,19874.0,0.02297,87878.0
1753617248921,11:54:08.921,phemex,ACH/USDT:USDT,0.02294,148407.0,0.02293,58919.0,0.02295,5538.0,0.02296,19874.0
1753617249070,11:54:09.070,phemex,ACH/USDT:USDT,0.02294,148407.0,0.02293,58919.0,0.02295,5538.0,0.02296,19874.0
1753617249517,11:54:09.517,phemex,ACH/USDT:USDT,0.02294,40587.0,0.02293,58919.0,0.02296,19874.0,0.02297,87878.0
1753617249525,11:54:09.525,phemex,ACH/USDT:USDT,0.02294,40587.0,0.02293,58919.0,0.02296,19874.0,0.02297,87878.0
1753617249797,11:54:09.797,phemex,ACH/USDT:USDT,0.02295,5471.0,0.02294,40587.0,0.02296,19874.0,0.02297,87878.0
1753617250070,11:54:10.070,phemex,ACH/USDT:USDT,0.02294,40587.0,0.02293,58919.0,0.02296,19874.0,0.02297,87878.0
1753617251342,11:54:11.342,phemex,ACH/USDT:USDT,0.02295,5471.0,0.02294,40587.0,0.02296,19874.0,0.02297,87878.0
1753617251384,11:54:11.384,phemex,ACH/USDT:USDT,0.02294,40587.0,0.02293,58919.0,0.02296,19874.0,0.02297,87878.0
1753617251868,11:54:11.868,phemex,ACH/USDT:USDT,0.02295,5471.0,0.02294,40587.0,0.02296,19874.0,0.02297,87878.0
1753617255163,11:54:15.163,phemex,ACH/USDT:USDT,0.02295,5471.0,0.02294,5403.0,0.02296,19874.0,0.02297,87878.0
1753617255195,11:54:15.195,phemex,ACH/USDT:USDT,0.02294,5403.0,0.02293,58919.0,0.02296,19874.0,0.02297,87878.0
1753617255251,11:54:15.251,phemex,ACH/USDT:USDT,0.02294,5403.0,0.02293,94053.0,0.02296,19874.0,0.02297,87878.0
1753617255579,11:54:15.579,phemex,ACH/USDT:USDT,0.02295,22032.0,0.02294,89342.0,0.02296,25730.0,0.02297,92359.0
1753617260367,11:54:20.367,phemex,ACH/USDT:USDT,0.02295,18707.0,0.02294,89342.0,0.02296,25730.0,0.02297,92359.0
1753617265566,11:54:25.566,phemex,ACH/USDT:USDT,0.02295,18137.0,0.02294,89342.0,0.02296,25730.0,0.02297,92359.0
1753617269010,11:54:29.010,phemex,ACH/USDT:USDT,0.02295,18007.0,0.02294,89342.0,0.02296,25730.0,0.02297,92359.0
1753617271084,11:54:31.084,phemex,ACH/USDT:USDT,0.02295,17234.0,0.02294,89342.0,0.02296,25730.0,0.02297,92359.0
1753617273451,11:54:33.451,phemex,ACH/USDT:USDT,0.02294,5403.0,0.02293,104992.0,0.02296,25730.0,0.02297,92359.0
1753617273472,11:54:33.472,phemex,ACH/USDT:USDT,0.02294,5403.0,0.02293,104992.0,0.02295,26711.0,0.02296,78369.0
1753617273543,11:54:33.543,phemex,ACH/USDT:USDT,0.02294,5403.0,0.02293,104992.0,0.02295,32122.0,0.02296,78369.0
1753617273810,11:54:33.810,phemex,ACH/USDT:USDT,0.02294,5403.0,0.02293,104992.0,0.02295,32122.0,0.02296,78369.0
1753617279291,11:54:39.291,phemex,ACH/USDT:USDT,0.02294,5403.0,0.02293,104992.0,0.02295,31416.0,0.02296,78369.0
1753617289256,11:54:49.256,phemex,ACH/USDT:USDT,0.02294,5403.0,0.02293,104992.0,0.02295,30616.0,0.02296,78369.0
1753617289681,11:54:49.681,phemex,ACH/USDT:USDT,0.02294,5403.0,0.02293,104992.0,0.02295,25205.0,0.02296,78369.0
1753617290386,11:54:50.386,phemex,ACH/USDT:USDT,0.02295,5571.0,0.02294,27843.0,0.02296,5538.0,0.02297,92359.0
1753617290665,11:54:50.665,phemex,ACH/USDT:USDT,0.02295,5571.0,0.02294,27843.0,0.02296,5538.0,0.02297,92359.0
1753617290810,11:54:50.810,phemex,ACH/USDT:USDT,0.02295,5571.0,0.02294,27843.0,0.02296,5538.0,0.02297,92359.0
1753617290835,11:54:50.835,phemex,ACH/USDT:USDT,0.02295,5571.0,0.02294,27843.0,0.02296,5538.0,0.02297,92359.0
1753617294788,11:54:54.788,phemex,ACH/USDT:USDT,0.02295,5571.0,0.02294,27843.0,0.02296,5538.0,0.02297,92359.0
1753617295865,11:54:55.865,phemex,ACH/USDT:USDT,0.02295,37379.0,0.02294,79633.0,0.02296,27267.0,0.02297,167188.0
1753617295875,11:54:55.875,phemex,ACH/USDT:USDT,0.02295,37379.0,0.02294,79633.0,0.02296,27267.0,0.02297,167188.0
1753617301060,11:55:01.060,phemex,ACH/USDT:USDT,0.02295,31808.0,0.02294,79633.0,0.02296,27267.0,0.02297,167188.0
1753617301060,11:55:01.060,phemex,ACH/USDT:USDT,0.02295,31808.0,0.02294,79633.0,0.02296,27267.0,0.02297,167188.0
1753617304649,11:55:04.649,phemex,ACH/USDT:USDT,0.02294,5403.0,0.02293,104992.0,0.02296,27267.0,0.02297,167188.0
1753617304691,11:55:04.691,phemex,ACH/USDT:USDT,0.02294,5403.0,0.02293,104992.0,0.02295,28852.0,0.02296,82388.0
1753617304728,11:55:04.728,phemex,ACH/USDT:USDT,0.02294,5403.0,0.02293,104992.0,0.02295,34349.0,0.02296,82388.0
1753617306060,11:55:06.060,phemex,ACH/USDT:USDT,0.02294,5403.0,0.02293,104992.0,0.02295,32919.0,0.02296,82388.0
1753617311080,11:55:11.080,phemex,ACH/USDT:USDT,0.02294,5403.0,0.02293,104992.0,0.02295,27422.0,0.02296,82388.0
1753617312082,11:55:12.082,phemex,ACH/USDT:USDT,0.02294,5403.0,0.02293,104992.0,0.02295,26912.0,0.02296,82388.0
1753617313359,11:55:13.359,phemex,ACH/USDT:USDT,0.02294,5403.0,0.02293,104992.0,0.02295,26587.0,0.02296,82388.0
1753617316706,11:55:16.706,phemex,ACH/USDT:USDT,0.02294,5403.0,0.02293,104992.0,0.02295,26587.0,0.02296,82388.0
1753617319159,11:55:19.159,phemex,ACH/USDT:USDT,0.02293,104992.0,0.02292,100154.0,0.02295,26587.0,0.02296,82388.0
1753617319220,11:55:19.220,phemex,ACH/USDT:USDT,0.02293,104992.0,0.02292,100154.0,0.02295,26587.0,0.02296,82388.0
1753617319892,11:55:19.892,phemex,ACH/USDT:USDT,0.02293,104992.0,0.02292,100154.0,0.02294,5551.0,0.02295,26587.0
1753617319930,11:55:19.930,phemex,ACH/USDT:USDT,0.02293,104992.0,0.02292,100154.0,0.02294,5551.0,0.02295,32138.0
1753617319989,11:55:19.989,phemex,ACH/USDT:USDT,0.02293,40537.0,0.02292,113823.0,0.02294,5551.0,0.02295,32138.0
1753617320221,11:55:20.221,phemex,ACH/USDT:USDT,0.02293,40537.0,0.02292,113823.0,0.02294,34782.0,0.02295,81102.0
1753617320420,11:55:20.420,phemex,ACH/USDT:USDT,0.02293,40537.0,0.02292,113823.0,0.02294,34782.0,0.02295,81102.0
1753617320465,11:55:20.465,phemex,ACH/USDT:USDT,0.02293,40537.0,0.02292,113823.0,0.02294,34782.0,0.02295,81102.0
1753617320488,11:55:20.488,phemex,ACH/USDT:USDT,0.02293,40537.0,0.02292,113823.0,0.02294,34782.0,0.02295,81102.0
1753617320689,11:55:20.689,phemex,ACH/USDT:USDT,0.02293,35134.0,0.02292,113823.0,0.02294,34782.0,0.02295,81102.0
1753617320732,11:55:20.732,phemex,ACH/USDT:USDT,0.02293,35134.0,0.02292,113823.0,0.02294,34782.0,0.02295,81102.0
1753617324343,11:55:24.343,phemex,ACH/USDT:USDT,0.02293,35134.0,0.02292,113823.0,0.02294,29231.0,0.02295,81102.0
1753617325015,11:55:25.015,phemex,ACH/USDT:USDT,0.02293,35134.0,0.02292,113823.0,0.02294,24936.0,0.02295,81102.0
1753617325179,11:55:25.179,phemex,ACH/USDT:USDT,0.02293,35134.0,0.02292,113823.0,0.02294,24936.0,0.02295,81102.0
1753617329878,11:55:29.878,phemex,ACH/USDT:USDT,0.02293,35134.0,0.02292,113823.0,0.02294,24936.0,0.02295,81102.0
1753617331890,11:55:31.890,phemex,ACH/USDT:USDT,0.02293,61787.0,0.02292,123205.0,0.02295,5551.0,0.02296,82388.0
1753617331902,11:55:31.902,phemex,ACH/USDT:USDT,0.02294,5601.0,0.02293,61787.0,0.02295,5551.0,0.02296,82388.0
1753617331904,11:55:31.904,phemex,ACH/USDT:USDT,0.02294,5601.0,0.02293,70509.0,0.02295,5551.0,0.02296,82388.0
1753617331962,11:55:31.962,phemex,ACH/USDT:USDT,0.02293,70509.0,0.02292,114479.0,0.02295,5551.0,0.02296,82388.0
1753617339348,11:55:39.348,phemex,ACH/USDT:USDT,0.02293,70509.0,0.02292,114479.0,0.02294,25583.0,0.02295,21813.0
1753617340600,11:55:40.600,phemex,ACH/USDT:USDT,0.02293,70509.0,0.02292,114479.0,0.02294,21773.0,0.02295,21813.0
1753617341728,11:55:41.728,phemex,ACH/USDT:USDT,0.02293,70509.0,0.02292,114479.0,0.02294,27226.0,0.02295,21813.0
1753617341837,11:55:41.837,phemex,ACH/USDT:USDT,0.02293,61787.0,0.02292,114479.0,0.02294,27226.0,0.02295,21813.0
1753617345198,11:55:45.198,phemex,ACH/USDT:USDT,0.02293,61787.0,0.02292,114479.0,0.02294,24326.0,0.02295,21813.0
1753617347690,11:55:47.690,phemex,ACH/USDT:USDT,0.02293,61787.0,0.02292,114479.0,0.02294,18873.0,0.02295,21813.0
1753617348823,11:55:48.823,phemex,ACH/USDT:USDT,0.02293,61787.0,0.02292,114479.0,0.02294,17513.0,0.02295,21813.0
1753617350638,11:55:50.638,phemex,ACH/USDT:USDT,0.02293,61787.0,0.02292,114479.0,0.02294,22875.0,0.02295,21813.0
1753617358656,11:55:58.656,phemex,ACH/USDT:USDT,0.02293,61787.0,0.02292,114479.0,0.02294,22265.0,0.02295,21813.0
1753617358656,11:55:58.656,phemex,ACH/USDT:USDT,0.02293,61787.0,0.02292,114479.0,0.02294,22265.0,0.02295,21813.0
1753617364773,11:56:04.773,phemex,ACH/USDT:USDT,0.02293,61787.0,0.02292,114479.0,0.02294,21765.0,0.02295,21813.0
1753617372269,11:56:12.269,phemex,ACH/USDT:USDT,0.02293,61787.0,0.02292,114479.0,0.02294,16403.0,0.02295,21813.0
1753617376179,11:56:16.179,phemex,ACH/USDT:USDT,0.02293,61787.0,0.02292,114479.0,0.02294,15003.0,0.02295,21813.0
1753617381673,11:56:21.673,phemex,ACH/USDT:USDT,0.02293,61787.0,0.02292,114479.0,0.02294,20513.0,0.02295,21813.0
1753617386528,11:56:26.528,phemex,ACH/USDT:USDT,0.02293,61787.0,0.02292,114479.0,0.02294,19733.0,0.02295,21813.0
1753617389445,11:56:29.445,phemex,ACH/USDT:USDT,0.02293,61787.0,0.02292,114479.0,0.02294,19733.0,0.02295,21813.0
1753617389455,11:56:29.455,phemex,ACH/USDT:USDT,0.02293,61787.0,0.02292,114479.0,0.02294,19733.0,0.02295,21813.0
1753617390921,11:56:30.921,phemex,ACH/USDT:USDT,0.02293,35134.0,0.02292,5391.0,0.02294,19733.0,0.02295,21813.0
1753617390944,11:56:30.944,phemex,ACH/USDT:USDT,0.02293,35134.0,0.02292,5391.0,0.02294,19733.0,0.02295,21813.0
1753617392688,11:56:32.688,phemex,ACH/USDT:USDT,0.02293,35134.0,0.02292,5391.0,0.02294,16498.0,0.02295,21813.0
1753617392865,11:56:32.865,phemex,ACH/USDT:USDT,0.02293,35134.0,0.02292,5391.0,0.02294,16498.0,0.02295,21813.0
1753617392872,11:56:32.872,phemex,ACH/USDT:USDT,0.02293,35134.0,0.02292,5391.0,0.02294,16498.0,0.02295,21813.0
1753617396352,11:56:36.352,phemex,ACH/USDT:USDT,0.02292,5391.0,0.02291,59298.0,0.02294,16498.0,0.02295,21813.0
1753617396360,11:56:36.360,phemex,ACH/USDT:USDT,0.02292,5391.0,0.02291,59298.0,0.02293,5387.0,0.02294,16498.0
1753617396552,11:56:36.552,phemex,ACH/USDT:USDT,0.02292,29381.0,0.02291,134369.0,0.02293,27105.0,0.02294,149600.0
1753617396567,11:56:36.567,phemex,ACH/USDT:USDT,0.02292,29381.0,0.02291,134369.0,0.02293,27105.0,0.02294,149600.0
1753617397158,11:56:37.158,phemex,ACH/USDT:USDT,0.02292,23990.0,0.02291,134369.0,0.02293,27105.0,0.02294,149600.0
1753617397171,11:56:37.171,phemex,ACH/USDT:USDT,0.02292,23990.0,0.02291,134369.0,0.02293,27105.0,0.02294,149600.0
1753617397674,11:56:37.674,phemex,ACH/USDT:USDT,0.02292,23990.0,0.02291,134369.0,0.02293,27105.0,0.02294,149600.0
1753617401408,11:56:41.408,phemex,ACH/USDT:USDT,0.02292,21090.0,0.02291,134369.0,0.02293,27105.0,0.02294,149600.0
1753617402466,11:56:42.466,phemex,ACH/USDT:USDT,0.02292,21090.0,0.02291,134369.0,0.02293,27105.0,0.02294,149600.0
1753617402730,11:56:42.730,phemex,ACH/USDT:USDT,0.02292,21090.0,0.02291,134369.0,0.02293,27105.0,0.02294,149600.0
1753617406629,11:56:46.629,phemex,ACH/USDT:USDT,0.02292,19760.0,0.02291,134369.0,0.02293,27105.0,0.02294,149600.0
1753617407268,11:56:47.268,phemex,ACH/USDT:USDT,0.02292,19760.0,0.02291,134369.0,0.02293,27105.0,0.02294,149600.0
1753617407274,11:56:47.274,phemex,ACH/USDT:USDT,0.02292,19760.0,0.02291,134369.0,0.02293,27105.0,0.02294,149600.0
1753617414893,11:56:54.893,phemex,ACH/USDT:USDT,0.02292,19260.0,0.02291,134369.0,0.02293,27105.0,0.02294,149600.0
1753617416601,11:56:56.601,phemex,ACH/USDT:USDT,0.02292,19125.0,0.02291,134369.0,0.02293,27105.0,0.02294,149600.0
1753617422192,11:57:02.192,phemex,ACH/USDT:USDT,0.02292,18995.0,0.02291,134369.0,0.02293,27105.0,0.02294,149600.0
1753617422301,11:57:02.301,phemex,ACH/USDT:USDT,0.02292,24528.0,0.02291,134369.0,0.02293,27105.0,0.02294,149600.0
1753617422475,11:57:02.475,phemex,ACH/USDT:USDT,0.02292,24528.0,0.02291,134369.0,0.02293,27105.0,0.02294,149600.0
1753617423235,11:57:03.235,phemex,ACH/USDT:USDT,0.02292,24528.0,0.02291,134369.0,0.02293,21718.0,0.02294,149600.0
1753617423235,11:57:03.235,phemex,ACH/USDT:USDT,0.02292,24528.0,0.02291,134369.0,0.02293,21718.0,0.02294,149600.0
1753617426066,11:57:06.066,phemex,ACH/USDT:USDT,0.02292,24528.0,0.02291,134369.0,0.02293,21718.0,0.02294,149600.0
1753617426078,11:57:06.078,phemex,ACH/USDT:USDT,0.02292,24528.0,0.02291,134369.0,0.02293,21718.0,0.02294,149600.0
1753617427871,11:57:07.871,phemex,ACH/USDT:USDT,0.02292,24528.0,0.02291,134369.0,0.02293,20028.0,0.02294,149600.0
1753617428555,11:57:08.555,phemex,ACH/USDT:USDT,0.02292,24528.0,0.02291,134369.0,0.02293,25561.0,0.02294,149600.0
1753617432581,11:57:12.581,phemex,ACH/USDT:USDT,0.02292,18995.0,0.02291,134369.0,0.02293,25561.0,0.02294,149600.0
1753617435471,11:57:15.471,phemex,ACH/USDT:USDT,0.02292,18435.0,0.02291,134369.0,0.02293,25561.0,0.02294,149600.0
1753617436341,11:57:16.341,phemex,ACH/USDT:USDT,0.02291,11621.0,0.0229,71053.0,0.02293,25561.0,0.02294,149600.0
1753617436398,11:57:16.398,phemex,ACH/USDT:USDT,0.02291,11621.0,0.0229,71053.0,0.02292,31557.0,0.02293,88615.0
1753617436415,11:57:16.415,phemex,ACH/USDT:USDT,0.02291,11621.0,0.0229,71053.0,0.02292,37173.0,0.02293,88615.0
1753617436561,11:57:16.561,phemex,ACH/USDT:USDT,0.02291,11621.0,0.0229,71053.0,0.02292,37173.0,0.02293,88615.0
1753617436569,11:57:16.569,phemex,ACH/USDT:USDT,0.02291,11621.0,0.0229,71053.0,0.02292,37173.0,0.02293,88615.0
1753617437005,11:57:17.005,phemex,ACH/USDT:USDT,0.02291,11621.0,0.0229,71053.0,0.02292,37173.0,0.02293,88615.0
1753617437037,11:57:17.037,phemex,ACH/USDT:USDT,0.02291,11621.0,0.0229,71053.0,0.02292,37173.0,0.02293,88615.0
1753617437902,11:57:17.902,phemex,ACH/USDT:USDT,0.02291,11621.0,0.0229,71053.0,0.02292,31557.0,0.02293,88615.0
1753617438028,11:57:18.028,phemex,ACH/USDT:USDT,0.02292,5616.0,0.02291,11621.0,0.02293,5533.0,0.02294,101893.0
1753617439759,11:57:19.759,phemex,ACH/USDT:USDT,0.02292,5616.0,0.02291,11621.0,0.02293,5533.0,0.02294,101893.0
1753617439798,11:57:19.798,phemex,ACH/USDT:USDT,0.02292,5616.0,0.02291,11621.0,0.02293,5533.0,0.02294,101893.0
1753617440274,11:57:20.274,phemex,ACH/USDT:USDT,0.02292,5616.0,0.02291,11621.0,0.02293,5533.0,0.02294,101893.0
1753617441986,11:57:21.986,phemex,ACH/USDT:USDT,0.02292,5616.0,0.02291,11621.0,0.02294,101893.0,0.02295,85606.0
1753617442011,11:57:22.011,phemex,ACH/USDT:USDT,0.02292,40217.0,0.02291,93410.0,0.02294,101893.0,0.02295,85606.0
1753617442046,11:57:22.046,phemex,ACH/USDT:USDT,0.02292,40217.0,0.02291,93410.0,0.02294,101893.0,0.02295,85606.0
1753617442063,11:57:22.063,phemex,ACH/USDT:USDT,0.02292,40217.0,0.02291,93410.0,0.02293,5589.0,0.02294,101893.0
1753617444822,11:57:24.822,phemex,ACH/USDT:USDT,0.02292,5616.0,0.02291,5571.0,0.02293,36837.0,0.02294,112463.0
1753617444854,11:57:24.854,phemex,ACH/USDT:USDT,0.02291,5571.0,0.0229,98761.0,0.02293,36837.0,0.02294,112463.0
1753617445602,11:57:25.602,phemex,ACH/USDT:USDT,0.02291,5571.0,0.0229,98761.0,0.02292,5589.0,0.02293,36837.0
1753617450394,11:57:30.394,phemex,ACH/USDT:USDT,0.02291,5571.0,0.0229,98761.0,0.02292,5589.0,0.02293,36837.0
1753617450424,11:57:30.424,phemex,ACH/USDT:USDT,0.02291,5571.0,0.0229,63727.0,0.02292,5589.0,0.02293,36837.0
1753617450469,11:57:30.469,phemex,ACH/USDT:USDT,0.02291,5571.0,0.0229,63727.0,0.02292,5589.0,0.02293,36837.0
1753617453453,11:57:33.453,phemex,ACH/USDT:USDT,0.02291,37887.0,0.0229,76317.0,0.02292,29548.0,0.02293,95690.0
1753617453660,11:57:33.660,phemex,ACH/USDT:USDT,0.02291,37887.0,0.0229,76317.0,0.02292,29548.0,0.02293,95690.0
1753617453674,11:57:33.674,phemex,ACH/USDT:USDT,0.02291,37887.0,0.0229,76317.0,0.02292,29548.0,0.02293,95690.0
1753617455558,11:57:35.558,phemex,ACH/USDT:USDT,0.02291,37887.0,0.0229,76317.0,0.02292,29548.0,0.02293,95690.0
1753617455566,11:57:35.566,phemex,ACH/USDT:USDT,0.02291,37887.0,0.0229,76317.0,0.02292,29548.0,0.02293,95690.0
1753617456628,11:57:36.628,phemex,ACH/USDT:USDT,0.02291,37887.0,0.0229,76317.0,0.02292,29548.0,0.02293,95690.0
1753617456678,11:57:36.678,phemex,ACH/USDT:USDT,0.02291,37887.0,0.0229,76317.0,0.02292,29548.0,0.02293,95690.0
1753617457836,11:57:37.836,phemex,ACH/USDT:USDT,0.02291,32316.0,0.0229,76317.0,0.02292,29548.0,0.02293,95690.0
1753617457859,11:57:37.859,phemex,ACH/USDT:USDT,0.02291,32316.0,0.0229,76317.0,0.02292,29548.0,0.02293,95690.0
1753617459294,11:57:39.294,phemex,ACH/USDT:USDT,0.02291,32316.0,0.0229,76317.0,0.02292,29548.0,0.02293,95690.0
1753617461018,11:57:41.018,phemex,ACH/USDT:USDT,0.02291,29246.0,0.0229,76317.0,0.02292,29548.0,0.02293,95690.0
1753617462104,11:57:42.104,phemex,ACH/USDT:USDT,0.02291,29246.0,0.0229,76317.0,0.02292,23959.0,0.02293,95690.0
1753617464089,11:57:44.089,phemex,ACH/USDT:USDT,0.02291,29246.0,0.0229,76317.0,0.02292,23959.0,0.02293,95690.0
1753617464224,11:57:44.224,phemex,ACH/USDT:USDT,0.02291,496.0,0.0229,76317.0,0.02292,23959.0,0.02293,95690.0
1753617464267,11:57:44.267,phemex,ACH/USDT:USDT,0.02291,5925.0,0.0229,76317.0,0.02292,23959.0,0.02293,95690.0
1753617464336,11:57:44.336,phemex,ACH/USDT:USDT,0.02291,5925.0,0.0229,76317.0,0.02292,23959.0,0.02293,95690.0
1753617468201,11:57:48.201,phemex,ACH/USDT:USDT,0.02291,5925.0,0.0229,76317.0,0.02292,23159.0,0.02293,95690.0
1753617470222,11:57:50.222,phemex,ACH/USDT:USDT,0.02291,5925.0,0.0229,76317.0,0.02292,22808.0,0.02293,95690.0
1753617473273,11:57:53.273,phemex,ACH/USDT:USDT,0.02291,15543.0,0.0229,90437.0,0.02293,5589.0,0.02294,102815.0
1753617473305,11:57:53.305,phemex,ACH/USDT:USDT,0.02292,5525.0,0.02291,15543.0,0.02293,5589.0,0.02294,102815.0
1753617473793,11:57:53.793,phemex,ACH/USDT:USDT,0.02292,5525.0,0.02291,15543.0,0.02293,5589.0,0.02294,102815.0
1753617475042,11:57:55.042,phemex,ACH/USDT:USDT,0.02291,15543.0,0.0229,90437.0,0.02293,5589.0,0.02294,102815.0
1753617477656,11:57:57.656,phemex,ACH/USDT:USDT,0.02292,5525.0,0.02291,15543.0,0.02293,5589.0,0.02294,102815.0
1753617477696,11:57:57.696,phemex,ACH/USDT:USDT,0.02292,28836.0,0.02291,108653.0,0.02293,5589.0,0.02294,102815.0
1753617478813,11:57:58.813,phemex,ACH/USDT:USDT,0.02292,36788.0,0.02291,108653.0,0.02293,15330.0,0.02294,102815.0
1753617482345,11:58:02.345,phemex,ACH/USDT:USDT,0.02292,5525.0,0.02291,5429.0,0.02293,34105.0,0.02294,102815.0
1753617482369,11:58:02.369,phemex,ACH/USDT:USDT,0.02291,5429.0,0.0229,63727.0,0.02293,34105.0,0.02294,102815.0
1753617482369,11:58:02.369,phemex,ACH/USDT:USDT,0.02291,5429.0,0.0229,63727.0,0.02293,34105.0,0.02294,102815.0
1753617488265,11:58:08.265,phemex,ACH/USDT:USDT,0.02292,26031.0,0.02291,33310.0,0.02293,34105.0,0.02294,102815.0
1753617488265,11:58:08.265,phemex,ACH/USDT:USDT,0.02292,26031.0,0.02291,33310.0,0.02293,34105.0,0.02294,102815.0
1753617488788,11:58:08.788,phemex,ACH/USDT:USDT,0.02291,22877.0,0.0229,5533.0,0.02293,34105.0,0.02294,102815.0
1753617488797,11:58:08.797,phemex,ACH/USDT:USDT,0.02292,5395.0,0.02291,22877.0,0.02293,34105.0,0.02294,102815.0
1753617488817,11:58:08.817,phemex,ACH/USDT:USDT,0.02292,5395.0,0.02291,22877.0,0.02293,34105.0,0.02294,102815.0
1753617491830,11:58:11.830,phemex,ACH/USDT:USDT,0.02291,22877.0,0.0229,15533.0,0.02293,34105.0,0.02294,102815.0
1753617491880,11:58:11.880,phemex,ACH/USDT:USDT,0.02291,22877.0,0.0229,15533.0,0.02292,37599.0,0.02293,70608.0
1753617492906,11:58:12.906,phemex,ACH/USDT:USDT,0.02291,22877.0,0.0229,15533.0,0.02293,5589.0,0.02294,102815.0
1753617492935,11:58:12.935,phemex,ACH/USDT:USDT,0.02292,5619.0,0.02291,22877.0,0.02293,5589.0,0.02294,102815.0
1753617494796,11:58:14.796,phemex,ACH/USDT:USDT,0.02291,22877.0,0.0229,15533.0,0.02293,5589.0,0.02294,102815.0
1753617494933,11:58:14.933,phemex,ACH/USDT:USDT,0.02291,29398.0,0.0229,15533.0,0.02293,5589.0,0.02294,102815.0
1753617496077,11:58:16.077,phemex,ACH/USDT:USDT,0.02292,5619.0,0.02291,29398.0,0.02293,5589.0,0.02294,102815.0
1753617497658,11:58:17.658,phemex,ACH/USDT:USDT,0.02291,29398.0,0.0229,15533.0,0.02293,5589.0,0.02294,102815.0
1753617497774,11:58:17.774,phemex,ACH/USDT:USDT,0.02292,5619.0,0.02291,29398.0,0.02293,5589.0,0.02294,102815.0
1753617499090,11:58:19.090,phemex,ACH/USDT:USDT,0.02291,29398.0,0.0229,15533.0,0.02293,5589.0,0.02294,102815.0
1753617499973,11:58:19.973,phemex,ACH/USDT:USDT,0.02291,29398.0,0.0229,15533.0,0.02292,27055.0,0.02293,5589.0
1753617503799,11:58:23.799,phemex,ACH/USDT:USDT,0.02291,29398.0,0.0229,15533.0,0.02292,23855.0,0.02293,5589.0
1753617504180,11:58:24.180,phemex,ACH/USDT:USDT,0.02291,29398.0,0.0229,15533.0,0.02292,23855.0,0.02293,5589.0
1753617504211,11:58:24.211,phemex,ACH/USDT:USDT,0.02291,29398.0,0.0229,15533.0,0.02292,23855.0,0.02293,5589.0
1753617504273,11:58:24.273,phemex,ACH/USDT:USDT,0.02291,29398.0,0.0229,15533.0,0.02292,23855.0,0.02293,5589.0
1753617505682,11:58:25.682,phemex,ACH/USDT:USDT,0.02291,29398.0,0.0229,15533.0,0.02292,23855.0,0.02293,5589.0
1753617505693,11:58:25.693,phemex,ACH/USDT:USDT,0.02291,29398.0,0.0229,15533.0,0.02292,23855.0,0.02293,5589.0
1753617509895,11:58:29.895,phemex,ACH/USDT:USDT,0.02291,29398.0,0.0229,15533.0,0.02292,23855.0,0.02293,5589.0
1753617511338,11:58:31.338,phemex,ACH/USDT:USDT,0.02291,29398.0,0.0229,15533.0,0.02292,22805.0,0.02293,5589.0
1753617511850,11:58:31.850,phemex,ACH/USDT:USDT,0.02291,29398.0,0.0229,15533.0,0.02293,34975.0,0.02294,5510.0
1753617511868,11:58:31.868,phemex,ACH/USDT:USDT,0.02292,31057.0,0.02291,177075.0,0.02293,34975.0,0.02294,5510.0
1753617511893,11:58:31.893,phemex,ACH/USDT:USDT,0.02292,31057.0,0.02291,177075.0,0.02293,34975.0,0.02294,5510.0
1753617511912,11:58:31.912,phemex,ACH/USDT:USDT,0.02292,36530.0,0.02291,177075.0,0.02293,34975.0,0.02294,5510.0
1753617511923,11:58:31.923,phemex,ACH/USDT:USDT,0.02292,36530.0,0.02291,177075.0,0.02293,34975.0,0.02294,5510.0
1753617512928,11:58:32.928,phemex,ACH/USDT:USDT,0.02292,29705.0,0.02291,5429.0,0.02293,34975.0,0.02294,5510.0
1753617512928,11:58:32.928,phemex,ACH/USDT:USDT,0.02292,5473.0,0.02291,5429.0,0.02293,34975.0,0.02294,5510.0
1753617512962,11:58:32.962,phemex,ACH/USDT:USDT,0.02291,5429.0,0.0229,19809.0,0.02293,34975.0,0.02294,5510.0
1753617513881,11:58:33.881,phemex,ACH/USDT:USDT,0.02291,5429.0,0.0229,19809.0,0.02293,34975.0,0.02294,15510.0
1753617514701,11:58:34.701,phemex,ACH/USDT:USDT,0.02291,5429.0,0.0229,19809.0,0.02292,5473.0,0.02293,34975.0
1753617514905,11:58:34.905,phemex,ACH/USDT:USDT,0.02291,5429.0,0.0229,19809.0,0.02292,5473.0,0.02293,34975.0
1753617515220,11:58:35.220,phemex,ACH/USDT:USDT,0.02291,5429.0,0.0229,19809.0,0.02293,34975.0,0.02294,15510.0
1753617515237,11:58:35.237,phemex,ACH/USDT:USDT,0.02291,5429.0,0.0229,19809.0,0.02293,34975.0,0.02294,15510.0
1753617516655,11:58:36.655,phemex,ACH/USDT:USDT,0.02291,5429.0,0.0229,19809.0,0.02292,5473.0,0.02293,34975.0
1753617517274,11:58:37.274,phemex,ACH/USDT:USDT,0.02291,5429.0,0.0229,19809.0,0.02293,34975.0,0.02294,15510.0
1753617517315,11:58:37.315,phemex,ACH/USDT:USDT,0.02291,5429.0,0.0229,19809.0,0.02293,34975.0,0.02294,15510.0
1753617517929,11:58:37.929,phemex,ACH/USDT:USDT,0.02292,5582.0,0.02291,5429.0,0.02293,34975.0,0.02294,15510.0
1753617517930,11:58:37.930,phemex,ACH/USDT:USDT,0.02292,21882.0,0.02291,71036.0,0.02293,34975.0,0.02294,15510.0
1753617518223,11:58:38.223,phemex,ACH/USDT:USDT,0.02292,21492.0,0.02291,71036.0,0.02293,34975.0,0.02294,15510.0
1753617519334,11:58:39.334,phemex,ACH/USDT:USDT,0.02291,5429.0,0.0229,79174.0,0.02293,34975.0,0.02294,15510.0
1753617519350,11:58:39.350,phemex,ACH/USDT:USDT,0.02291,5429.0,0.0229,79174.0,0.02292,5555.0,0.02293,34975.0
1753617519372,11:58:39.372,phemex,ACH/USDT:USDT,0.02291,5429.0,0.0229,79174.0,0.02292,25943.0,0.02293,141252.0
1753617519494,11:58:39.494,phemex,ACH/USDT:USDT,0.02291,5429.0,0.0229,79174.0,0.02292,25943.0,0.02293,141252.0
1753617520369,11:58:40.369,phemex,ACH/USDT:USDT,0.02291,5429.0,0.0229,79174.0,0.02292,25943.0,0.02293,141252.0
1753617520379,11:58:40.379,phemex,ACH/USDT:USDT,0.02291,5429.0,0.0229,79174.0,0.02292,25943.0,0.02293,141252.0
1753617524289,11:58:44.289,phemex,ACH/USDT:USDT,0.02291,5429.0,0.0229,79174.0,0.02292,25943.0,0.02293,141252.0
1753617524524,11:58:44.524,phemex,ACH/USDT:USDT,0.02291,5429.0,0.0229,79174.0,0.02292,25943.0,0.02293,141252.0
1753617527887,11:58:47.887,phemex,ACH/USDT:USDT,0.02291,5429.0,0.0229,79174.0,0.02292,20388.0,0.02293,141252.0
1753617529088,11:58:49.088,phemex,ACH/USDT:USDT,0.02291,5429.0,0.0229,79174.0,0.02292,20388.0,0.02293,141252.0
1753617529095,11:58:49.095,phemex,ACH/USDT:USDT,0.02291,5429.0,0.0229,79174.0,0.02292,20388.0,0.02293,141252.0
1753617533574,11:58:53.574,phemex,ACH/USDT:USDT,0.02291,5429.0,0.0229,79174.0,0.02292,18678.0,0.02293,141252.0
1753617539539,11:58:59.539,phemex,ACH/USDT:USDT,0.02291,5429.0,0.0229,79174.0,0.02292,18678.0,0.02293,141252.0
1753617541048,11:59:01.048,phemex,ACH/USDT:USDT,0.02291,5429.0,0.0229,79174.0,0.02292,18358.0,0.02293,141252.0
1753617543298,11:59:03.298,phemex,ACH/USDT:USDT,0.02291,5429.0,0.0229,79174.0,0.02292,18358.0,0.02293,141252.0
1753617543298,11:59:03.298,phemex,ACH/USDT:USDT,0.02291,5429.0,0.0229,79174.0,0.02292,18358.0,0.02293,141252.0
1753617545387,11:59:05.387,phemex,ACH/USDT:USDT,0.02291,40411.0,0.0229,79174.0,0.02293,5589.0,0.02294,128108.0
1753617545433,11:59:05.433,phemex,ACH/USDT:USDT,0.02291,40411.0,0.0229,79174.0,0.02293,5589.0,0.02294,128108.0
1753617545456,11:59:05.456,phemex,ACH/USDT:USDT,0.02292,5413.0,0.02291,40411.0,0.02293,5589.0,0.02294,128108.0
1753617548090,11:59:08.090,phemex,ACH/USDT:USDT,0.02292,5413.0,0.02291,40411.0,0.02293,5589.0,0.02294,128108.0
1753617548097,11:59:08.097,phemex,ACH/USDT:USDT,0.02292,5413.0,0.02291,40411.0,0.02293,5589.0,0.02294,128108.0
1753617550290,11:59:10.290,phemex,ACH/USDT:USDT,0.02292,5413.0,0.02291,40411.0,0.02294,128108.0,0.02295,85606.0
1753617550396,11:59:10.396,phemex,ACH/USDT:USDT,0.02292,34950.0,0.02291,67265.0,0.02293,31140.0,0.02294,140569.0
1753617550470,11:59:10.470,phemex,ACH/USDT:USDT,0.02292,34950.0,0.02291,67265.0,0.02293,36579.0,0.02294,140569.0
1753617551192,11:59:11.192,phemex,ACH/USDT:USDT,0.02292,34950.0,0.02291,67265.0,0.02293,31140.0,0.02294,140569.0
1753617552897,11:59:12.897,phemex,ACH/USDT:USDT,0.02292,34950.0,0.02291,67265.0,0.02293,31140.0,0.02294,140569.0
1753617554602,11:59:14.602,phemex,ACH/USDT:USDT,0.02292,34950.0,0.02291,67265.0,0.02293,27930.0,0.02294,140569.0
1753617555508,11:59:15.508,phemex,ACH/USDT:USDT,0.02292,34950.0,0.02291,67265.0,0.02294,15510.0,0.02295,98674.0
1753617555517,11:59:15.517,phemex,ACH/USDT:USDT,0.02293,5439.0,0.02292,34950.0,0.02294,15510.0,0.02295,98674.0
1753617555616,11:59:15.616,phemex,ACH/USDT:USDT,0.02293,30761.0,0.02292,92097.0,0.02294,15510.0,0.02295,98674.0
1753617557118,11:59:17.118,phemex,ACH/USDT:USDT,0.02293,30761.0,0.02292,92097.0,0.02294,15510.0,0.02295,98674.0
1753617557150,11:59:17.150,phemex,ACH/USDT:USDT,0.02293,30761.0,0.02292,92097.0,0.02294,15510.0,0.02295,98674.0
1753617557351,11:59:17.351,phemex,ACH/USDT:USDT,0.02293,30761.0,0.02292,92097.0,0.02294,5510.0,0.02295,98674.0
1753617557698,11:59:17.698,phemex,ACH/USDT:USDT,0.02293,30761.0,0.02292,92097.0,0.02294,5510.0,0.02295,98674.0
1753617562826,11:59:22.826,phemex,ACH/USDT:USDT,0.02293,30761.0,0.02292,92097.0,0.02294,5510.0,0.02295,98674.0
1753617562870,11:59:22.870,phemex,ACH/USDT:USDT,0.02293,30761.0,0.02292,127029.0,0.02294,5510.0,0.02295,98674.0
1753617562891,11:59:22.891,phemex,ACH/USDT:USDT,0.02293,30761.0,0.02292,127029.0,0.02295,98674.0,0.02296,40522.0
1753617562939,11:59:22.939,phemex,ACH/USDT:USDT,0.02293,30761.0,0.02292,127029.0,0.02295,98674.0,0.02296,40522.0
1753617562999,11:59:22.999,phemex,ACH/USDT:USDT,0.02294,30565.0,0.02293,105572.0,0.02295,5551.0,0.02296,118395.0
1753617563293,11:59:23.293,phemex,ACH/USDT:USDT,0.02294,30565.0,0.02293,105572.0,0.02295,5551.0,0.02296,118395.0
1753617566310,11:59:26.310,phemex,ACH/USDT:USDT,0.02294,24956.0,0.02293,105572.0,0.02295,5551.0,0.02296,118395.0
1753617566557,11:59:26.557,phemex,ACH/USDT:USDT,0.02294,23306.0,0.02293,105572.0,0.02295,5551.0,0.02296,118395.0
1753617573542,11:59:33.542,phemex,ACH/USDT:USDT,0.02294,23306.0,0.02293,105572.0,0.02295,5551.0,0.02296,83411.0
1753617573631,11:59:33.631,phemex,ACH/USDT:USDT,0.02294,23306.0,0.02293,105572.0,0.02295,5551.0,0.02296,83411.0
1753617573638,11:59:33.638,phemex,ACH/USDT:USDT,0.02294,23306.0,0.02293,105572.0,0.02295,5551.0,0.02296,83411.0
1753617574822,11:59:34.822,phemex,ACH/USDT:USDT,0.02294,22761.0,0.02293,105572.0,0.02295,5551.0,0.02296,83411.0
1753617578855,11:59:38.855,phemex,ACH/USDT:USDT,0.02294,22561.0,0.02293,105572.0,0.02295,5551.0,0.02296,83411.0
1753617584788,11:59:44.788,phemex,ACH/USDT:USDT,0.02294,28130.0,0.02293,105572.0,0.02295,5551.0,0.02296,83411.0
1753617585160,11:59:45.160,phemex,ACH/USDT:USDT,0.02294,28130.0,0.02293,105572.0,0.02296,83411.0,0.02297,84105.0
1753617585178,11:59:45.178,phemex,ACH/USDT:USDT,0.02294,28130.0,0.02293,105572.0,0.02296,83411.0,0.02297,84105.0
1753617585195,11:59:45.195,phemex,ACH/USDT:USDT,0.02294,28130.0,0.02293,105572.0,0.02295,5569.0,0.02296,83411.0
1753617589862,11:59:49.862,phemex,ACH/USDT:USDT,0.02294,28130.0,0.02293,105572.0,0.02296,83411.0,0.02297,84105.0
1753617589965,11:59:49.965,phemex,ACH/USDT:USDT,0.02294,28130.0,0.02293,105572.0,0.02296,83411.0,0.02297,84105.0
1753617590008,11:59:50.008,phemex,ACH/USDT:USDT,0.02294,28130.0,0.02293,105572.0,0.02295,5364.0,0.02296,83411.0
1753617590123,11:59:50.123,phemex,ACH/USDT:USDT,0.02294,28130.0,0.02293,105572.0,0.02296,83411.0,0.02297,84105.0
1753617590156,11:59:50.156,phemex,ACH/USDT:USDT,0.02294,28130.0,0.02293,105572.0,0.02296,83411.0,0.02297,84105.0
1753617590202,11:59:50.202,phemex,ACH/USDT:USDT,0.02294,28130.0,0.02293,105572.0,0.02296,83411.0,0.02297,84105.0
1753617590260,11:59:50.260,phemex,ACH/USDT:USDT,0.02294,28130.0,0.02293,105572.0,0.02295,5364.0,0.02296,83411.0
1753617590269,11:59:50.269,phemex,ACH/USDT:USDT,0.02294,28130.0,0.02293,105572.0,0.02295,5364.0,0.02296,83411.0
1753617592638,11:59:52.638,phemex,ACH/USDT:USDT,0.02294,22561.0,0.02293,105572.0,0.02295,5364.0,0.02296,83411.0
1753617592721,11:59:52.721,phemex,ACH/USDT:USDT,0.02294,20726.0,0.02293,105572.0,0.02295,5364.0,0.02296,83411.0
1753617599058,11:59:59.058,phemex,ACH/USDT:USDT,0.02294,19731.0,0.02293,105572.0,0.02295,5364.0,0.02296,83411.0
1753617599819,11:59:59.819,phemex,ACH/USDT:USDT,0.02294,19731.0,0.02293,105572.0,0.02295,5364.0,0.02296,83411.0
1753617603960,12:00:03.960,phemex,ACH/USDT:USDT,0.02294,25203.0,0.02293,105572.0,0.02295,5364.0,0.02296,83411.0
1753617603960,12:00:03.960,phemex,ACH/USDT:USDT,0.02294,25203.0,0.02293,105572.0,0.02295,5364.0,0.02296,83411.0
1753617604532,12:00:04.532,phemex,ACH/USDT:USDT,0.02294,20713.0,0.02293,105572.0,0.02295,5364.0,0.02296,83411.0
1753617612401,12:00:12.401,phemex,ACH/USDT:USDT,0.02294,15241.0,0.02293,105572.0,0.02295,5364.0,0.02296,83411.0
1753617612714,12:00:12.714,phemex,ACH/USDT:USDT,0.02294,13431.0,0.02293,105572.0,0.02295,5364.0,0.02296,83411.0
1753617612738,12:00:12.738,phemex,ACH/USDT:USDT,0.02294,13431.0,0.02293,105572.0,0.02295,5364.0,0.02296,83411.0
1753617618522,12:00:18.522,phemex,ACH/USDT:USDT,0.02293,14701.0,0.02292,127029.0,0.02294,5555.0,0.02295,37835.0
1753617620271,12:00:20.271,phemex,ACH/USDT:USDT,0.02293,14701.0,0.02292,127029.0,0.02294,5555.0,0.02295,37835.0
1753617623766,12:00:23.766,phemex,ACH/USDT:USDT,0.02293,39268.0,0.02292,127029.0,0.02294,31375.0,0.02295,111473.0
1753617628991,12:00:28.991,phemex,ACH/USDT:USDT,0.02293,39268.0,0.02292,127029.0,0.02294,31375.0,0.02295,111473.0
1753617629140,12:00:29.140,phemex,ACH/USDT:USDT,0.02293,39268.0,0.02292,127029.0,0.02294,31375.0,0.02295,111473.0
1753617629423,12:00:29.423,phemex,ACH/USDT:USDT,0.02293,33829.0,0.02292,127029.0,0.02294,31375.0,0.02295,111473.0
1753617632693,12:00:32.693,phemex,ACH/USDT:USDT,0.02293,33829.0,0.02292,127029.0,0.02294,31375.0,0.02295,111473.0
1753617632699,12:00:32.699,phemex,ACH/USDT:USDT,0.02293,33829.0,0.02292,127029.0,0.02294,31375.0,0.02295,111473.0
1753617633847,12:00:33.847,phemex,ACH/USDT:USDT,0.02293,29479.0,0.02292,127029.0,0.02294,31375.0,0.02295,111473.0
1753617635978,12:00:35.978,phemex,ACH/USDT:USDT,0.02293,28279.0,0.02292,127029.0,0.02294,31375.0,0.02295,111473.0
1753617637495,12:00:37.495,phemex,ACH/USDT:USDT,0.02293,28279.0,0.02292,127029.0,0.02294,31375.0,0.02295,111473.0
1753617637507,12:00:37.507,phemex,ACH/USDT:USDT,0.02293,28279.0,0.02292,127029.0,0.02294,31375.0,0.02295,111473.0
1753617641814,12:00:41.814,phemex,ACH/USDT:USDT,0.02293,3712.0,0.02292,49885.0,0.02294,31375.0,0.02295,111473.0
1753617641826,12:00:41.826,phemex,ACH/USDT:USDT,0.02292,40345.0,0.02291,71421.0,0.02294,31375.0,0.02295,111473.0
1753617641863,12:00:41.863,phemex,ACH/USDT:USDT,0.02292,40345.0,0.02291,71421.0,0.02293,5549.0,0.02294,31375.0
1753617642008,12:00:42.008,phemex,ACH/USDT:USDT,0.02292,40345.0,0.02291,71421.0,0.02293,32501.0,0.02294,76366.0
1753617642620,12:00:42.620,phemex,ACH/USDT:USDT,0.02292,40345.0,0.02291,71421.0,0.02293,32501.0,0.02294,76366.0
1753617642692,12:00:42.692,phemex,ACH/USDT:USDT,0.02292,40345.0,0.02291,71421.0,0.02293,32501.0,0.02294,76366.0
1753617642732,12:00:42.732,phemex,ACH/USDT:USDT,0.02292,40345.0,0.02291,71421.0,0.02293,32501.0,0.02294,76366.0
1753617642837,12:00:42.837,phemex,ACH/USDT:USDT,0.02292,34932.0,0.02291,5429.0,0.02293,32501.0,0.02294,76366.0
1753617646486,12:00:46.486,phemex,ACH/USDT:USDT,0.02291,5429.0,0.0229,64898.0,0.02293,32501.0,0.02294,76366.0
1753617646514,12:00:46.514,phemex,ACH/USDT:USDT,0.02291,5429.0,0.0229,64898.0,0.02292,5549.0,0.02293,32501.0
1753617647009,12:00:47.009,phemex,ACH/USDT:USDT,0.02291,5429.0,0.0229,64898.0,0.02292,30973.0,0.02293,68612.0
1753617647292,12:00:47.292,phemex,ACH/USDT:USDT,0.02291,5429.0,0.0229,64898.0,0.02292,30973.0,0.02293,68612.0
1753617647299,12:00:47.299,phemex,ACH/USDT:USDT,0.02291,5429.0,0.0229,64898.0,0.02292,30973.0,0.02293,68612.0
1753617647974,12:00:47.974,phemex,ACH/USDT:USDT,0.02291,29861.0,0.0229,89059.0,0.02293,5549.0,0.02294,76366.0
1753617647988,12:00:47.988,phemex,ACH/USDT:USDT,0.02291,29861.0,0.0229,89059.0,0.02293,5549.0,0.02294,76366.0
1753617648598,12:00:48.598,phemex,ACH/USDT:USDT,0.02292,5549.0,0.02291,29861.0,0.02293,5549.0,0.02294,76366.0
1753617649750,12:00:49.750,phemex,ACH/USDT:USDT,0.02291,29861.0,0.0229,89059.0,0.02293,5549.0,0.02294,76366.0
1753617650062,12:00:50.062,phemex,ACH/USDT:USDT,0.02292,5463.0,0.02291,29861.0,0.02293,5549.0,0.02294,76366.0
1753617650155,12:00:50.155,phemex,ACH/USDT:USDT,0.02291,29861.0,0.0229,89059.0,0.02293,5549.0,0.02294,76366.0
1753617650276,12:00:50.276,phemex,ACH/USDT:USDT,0.02292,5463.0,0.02291,29861.0,0.02293,5549.0,0.02294,76366.0
1753617651503,12:00:51.503,phemex,ACH/USDT:USDT,0.02291,29861.0,0.0229,89059.0,0.02293,5549.0,0.02294,76366.0
1753617653693,12:00:53.693,phemex,ACH/USDT:USDT,0.02291,29861.0,0.0229,89059.0,0.02292,26232.0,0.02293,5549.0
1753617653839,12:00:53.839,phemex,ACH/USDT:USDT,0.02291,29861.0,0.0229,89059.0,0.02292,26232.0,0.02293,5549.0
1753617654575,12:00:54.575,phemex,ACH/USDT:USDT,0.02291,29861.0,0.0229,89059.0,0.02292,20054.0,0.02293,5549.0
1753617654873,12:00:54.873,phemex,ACH/USDT:USDT,0.02291,29861.0,0.0229,89059.0,0.02293,34215.0,0.02294,81224.0
1753617654952,12:00:54.952,phemex,ACH/USDT:USDT,0.02292,5463.0,0.02291,29861.0,0.02293,34215.0,0.02294,81224.0
1753617655062,12:00:55.062,phemex,ACH/USDT:USDT,0.02292,32365.0,0.02291,84309.0,0.02293,34215.0,0.02294,81224.0
1753617656279,12:00:56.279,phemex,ACH/USDT:USDT,0.02292,5463.0,0.02291,5429.0,0.02293,34215.0,0.02294,81224.0
1753617656296,12:00:56.296,phemex,ACH/USDT:USDT,0.02291,5429.0,0.0229,64898.0,0.02293,34215.0,0.02294,81224.0
1753617658293,12:00:58.293,phemex,ACH/USDT:USDT,0.02291,5429.0,0.0229,64898.0,0.02293,34215.0,0.02294,81224.0
1753617658400,12:00:58.400,phemex,ACH/USDT:USDT,0.02291,5429.0,0.0229,64898.0,0.02292,5463.0,0.02293,34215.0
1753617658483,12:00:58.483,phemex,ACH/USDT:USDT,0.02291,5429.0,0.0229,64898.0,0.02292,5463.0,0.02293,34215.0
1753617659411,12:00:59.411,phemex,ACH/USDT:USDT,0.02291,5429.0,0.0229,64898.0,0.02293,34215.0,0.02294,81224.0
1753617659429,12:00:59.429,phemex,ACH/USDT:USDT,0.02291,5429.0,0.0229,64898.0,0.02293,34215.0,0.02294,81224.0
1753617660224,12:01:00.224,phemex,ACH/USDT:USDT,0.02291,5429.0,0.0229,64898.0,0.02292,16828.0,0.02293,64245.0
1753617660231,12:01:00.231,phemex,ACH/USDT:USDT,0.02291,5429.0,0.0229,64898.0,0.02292,25788.0,0.02293,83217.0
1753617660387,12:01:00.387,phemex,ACH/USDT:USDT,0.02291,5429.0,0.0229,64898.0,0.02292,31264.0,0.02293,83217.0
1753617660764,12:01:00.764,phemex,ACH/USDT:USDT,0.02291,5429.0,0.0229,64898.0,0.02292,5476.0,0.02293,5549.0
1753617660853,12:01:00.853,phemex,ACH/USDT:USDT,0.02291,5429.0,0.0229,64898.0,0.02293,5549.0,0.02294,101466.0
1753617661229,12:01:01.229,phemex,ACH/USDT:USDT,0.02291,5429.0,0.0229,64898.0,0.02293,5549.0,0.02294,101466.0
1753617661601,12:01:01.601,phemex,ACH/USDT:USDT,0.02292,33779.0,0.02291,113068.0,0.02293,5549.0,0.02294,101466.0
1753617661797,12:01:01.797,phemex,ACH/USDT:USDT,0.02292,7933.0,0.02291,18444.0,0.02293,5549.0,0.02294,101466.0
1753617661797,12:01:01.797,phemex,ACH/USDT:USDT,0.02291,5429.0,0.0229,76553.0,0.02293,5549.0,0.02294,101466.0
1753617663101,12:01:03.101,phemex,ACH/USDT:USDT,0.02291,5429.0,0.0229,76553.0,0.02293,5549.0,0.02294,101466.0
1753617663101,12:01:03.101,phemex,ACH/USDT:USDT,0.02291,5429.0,0.0229,76553.0,0.02293,5549.0,0.02294,101466.0
1753617666593,12:01:06.593,phemex,ACH/USDT:USDT,0.02291,5429.0,0.0229,76553.0,0.02293,33305.0,0.02294,81224.0
1753617666694,12:01:06.694,phemex,ACH/USDT:USDT,0.02291,5429.0,0.0229,76553.0,0.02292,5476.0,0.02293,33305.0
1753617667026,12:01:07.026,phemex,ACH/USDT:USDT,0.02291,35439.0,0.0229,166742.0,0.02292,5476.0,0.02293,33305.0
1753617667903,12:01:07.903,phemex,ACH/USDT:USDT,0.02291,35439.0,0.0229,166742.0,0.02292,5476.0,0.02293,33305.0
1753617671623,12:01:11.623,phemex,ACH/USDT:USDT,0.02291,35439.0,0.0229,166742.0,0.02292,30593.0,0.02293,103777.0
1753617671623,12:01:11.623,phemex,ACH/USDT:USDT,0.02291,35439.0,0.0229,166742.0,0.02292,30593.0,0.02293,103777.0
1753617674642,12:01:14.642,phemex,ACH/USDT:USDT,0.02291,35439.0,0.0229,166742.0,0.02292,25117.0,0.02293,103777.0
1753617678037,12:01:18.037,phemex,ACH/USDT:USDT,0.02291,30010.0,0.0229,166742.0,0.02292,25117.0,0.02293,103777.0
1753617678126,12:01:18.126,phemex,ACH/USDT:USDT,0.02291,30010.0,0.0229,166742.0,0.02292,25117.0,0.02293,103777.0
1753617678443,12:01:18.443,phemex,ACH/USDT:USDT,0.02291,30010.0,0.0229,166742.0,0.02292,25117.0,0.02293,103777.0
1753617678486,12:01:18.486,phemex,ACH/USDT:USDT,0.02291,30010.0,0.0229,166742.0,0.02292,25117.0,0.02293,103777.0
1753617678502,12:01:18.502,phemex,ACH/USDT:USDT,0.0229,5533.0,0.02289,139339.0,0.02292,25117.0,0.02293,103777.0
1753617678703,12:01:18.703,phemex,ACH/USDT:USDT,0.0229,5533.0,0.02289,139339.0,0.02291,5548.0,0.02292,25117.0
1753617679108,12:01:19.108,phemex,ACH/USDT:USDT,0.0229,5533.0,0.02289,139339.0,0.02291,5548.0,0.02292,30665.0
1753617679600,12:01:19.600,phemex,ACH/USDT:USDT,0.0229,5533.0,0.02289,139339.0,0.02292,30665.0,0.02293,103777.0
1753617679684,12:01:19.684,phemex,ACH/USDT:USDT,0.0229,5533.0,0.02289,139339.0,0.02292,30665.0,0.02293,103777.0
1753617679909,12:01:19.909,phemex,ACH/USDT:USDT,0.0229,5533.0,0.02289,139339.0,0.02291,5413.0,0.02292,30665.0
1753617680242,12:01:20.242,phemex,ACH/USDT:USDT,0.0229,5533.0,0.02289,139339.0,0.02292,30665.0,0.02293,103777.0
1753617680450,12:01:20.450,phemex,ACH/USDT:USDT,0.0229,5533.0,0.02289,139339.0,0.02292,30665.0,0.02293,103777.0
1753617680961,12:01:20.961,phemex,ACH/USDT:USDT,0.0229,5533.0,0.02289,139339.0,0.02291,5413.0,0.02292,30665.0
1753617681935,12:01:21.935,phemex,ACH/USDT:USDT,0.0229,5533.0,0.02289,139339.0,0.02292,30665.0,0.02293,103777.0
1753617681959,12:01:21.959,phemex,ACH/USDT:USDT,0.0229,5533.0,0.02289,139339.0,0.02292,30665.0,0.02293,103777.0
1753617683072,12:01:23.072,phemex,ACH/USDT:USDT,0.0229,5533.0,0.02289,139339.0,0.02292,8095.0,0.02293,103777.0
1753617683203,12:01:23.203,phemex,ACH/USDT:USDT,0.0229,5533.0,0.02289,139339.0,0.02291,5413.0,0.02292,8095.0
1753617683425,12:01:23.425,phemex,ACH/USDT:USDT,0.0229,5533.0,0.02289,139339.0,0.02292,8095.0,0.02293,103777.0
1753617683446,12:01:23.446,phemex,ACH/USDT:USDT,0.0229,5533.0,0.02289,139339.0,0.02292,8095.0,0.02293,103777.0
1753617683494,12:01:23.494,phemex,ACH/USDT:USDT,0.0229,5533.0,0.02289,139339.0,0.02292,17572.0,0.02293,103777.0
1753617683550,12:01:23.550,phemex,ACH/USDT:USDT,0.02291,33063.0,0.0229,113660.0,0.02292,17572.0,0.02293,103777.0
1753617686268,12:01:26.268,phemex,ACH/USDT:USDT,0.02291,31588.0,0.0229,113660.0,0.02292,17572.0,0.02293,103777.0
1753617687586,12:01:27.586,phemex,ACH/USDT:USDT,0.02291,31588.0,0.0229,113660.0,0.02292,12024.0,0.02293,103777.0
1753617687910,12:01:27.910,phemex,ACH/USDT:USDT,0.02291,31588.0,0.0229,113660.0,0.02292,12024.0,0.02293,103777.0
1753617688164,12:01:28.164,phemex,ACH/USDT:USDT,0.02291,31588.0,0.0229,113660.0,0.02292,12024.0,0.02293,103777.0
1753617690248,12:01:30.248,phemex,ACH/USDT:USDT,0.02291,29656.0,0.0229,113660.0,0.02292,12024.0,0.02293,103777.0
1753617691412,12:01:31.412,phemex,ACH/USDT:USDT,0.02291,29656.0,0.0229,113660.0,0.02293,5549.0,0.02294,91600.0
1753617691550,12:01:31.550,phemex,ACH/USDT:USDT,0.02292,21495.0,0.02291,102863.0,0.02293,5549.0,0.02294,91600.0
1753617691652,12:01:31.652,phemex,ACH/USDT:USDT,0.02292,27054.0,0.02291,102863.0,0.02293,5549.0,0.02294,91600.0
1753617691851,12:01:31.851,phemex,ACH/USDT:USDT,0.02292,27054.0,0.02291,102863.0,0.02293,5549.0,0.02294,91600.0
1753617691964,12:01:31.964,phemex,ACH/USDT:USDT,0.02292,27054.0,0.02291,102863.0,0.02293,5549.0,0.02294,91600.0
1753617692142,12:01:32.142,phemex,ACH/USDT:USDT,0.02292,27054.0,0.02291,102863.0,0.02294,91600.0,0.02295,72121.0
1753617692173,12:01:32.173,phemex,ACH/USDT:USDT,0.02292,27054.0,0.02291,102863.0,0.02294,91600.0,0.02295,72121.0
1753617692392,12:01:32.392,phemex,ACH/USDT:USDT,0.02292,27054.0,0.02291,102863.0,0.02294,91600.0,0.02295,72121.0
1753617692471,12:01:32.471,phemex,ACH/USDT:USDT,0.02293,5559.0,0.02292,27054.0,0.02294,91600.0,0.02295,72121.0
1753617692671,12:01:32.671,phemex,ACH/USDT:USDT,0.02293,5559.0,0.02292,27054.0,0.02294,5555.0,0.02295,72121.0
1753617694702,12:01:34.702,phemex,ACH/USDT:USDT,0.02292,27054.0,0.02291,102863.0,0.02294,5555.0,0.02295,72121.0
1753617694875,12:01:34.875,phemex,ACH/USDT:USDT,0.02293,5559.0,0.02292,27054.0,0.02294,5555.0,0.02295,72121.0
1753617695802,12:01:35.802,phemex,ACH/USDT:USDT,0.02292,27054.0,0.02291,102863.0,0.02294,5555.0,0.02295,72121.0
1753617696054,12:01:36.054,phemex,ACH/USDT:USDT,0.02293,5559.0,0.02292,27054.0,0.02294,5555.0,0.02295,72121.0
1753617696493,12:01:36.493,phemex,ACH/USDT:USDT,0.02293,5559.0,0.02292,27054.0,0.02294,5555.0,0.02295,72121.0
1753617696588,12:01:36.588,phemex,ACH/USDT:USDT,0.02293,32974.0,0.02292,99019.0,0.02294,5555.0,0.02295,72121.0
1753617697466,12:01:37.466,phemex,ACH/USDT:USDT,0.02293,23958.0,0.02292,5559.0,0.02294,5555.0,0.02295,72121.0
1753617697466,12:01:37.466,phemex,ACH/USDT:USDT,0.02292,5559.0,0.02291,102863.0,0.02294,5555.0,0.02295,72121.0
1753617698198,12:01:38.198,phemex,ACH/USDT:USDT,0.02292,5559.0,0.02291,102863.0,0.02293,31012.0,0.02294,5555.0
1753617698898,12:01:38.898,phemex,ACH/USDT:USDT,0.02292,5559.0,0.02291,102863.0,0.02294,33457.0,0.02295,14210.0
1753617699111,12:01:39.111,phemex,ACH/USDT:USDT,0.02292,5559.0,0.02291,102863.0,0.02294,27902.0,0.02295,14210.0
1753617699197,12:01:39.197,phemex,ACH/USDT:USDT,0.02292,5559.0,0.02291,102863.0,0.02294,27902.0,0.02295,14210.0
1753617699290,12:01:39.290,phemex,ACH/USDT:USDT,0.02292,5559.0,0.02291,102863.0,0.02294,27902.0,0.02295,14210.0
1753617699503,12:01:39.503,phemex,ACH/USDT:USDT,0.02292,40748.0,0.02291,102863.0,0.02294,27902.0,0.02295,14210.0
1753617699571,12:01:39.571,phemex,ACH/USDT:USDT,0.02293,5455.0,0.02292,40748.0,0.02294,27902.0,0.02295,14210.0
1753617700757,12:01:40.757,phemex,ACH/USDT:USDT,0.02293,5455.0,0.02292,40748.0,0.02294,27902.0,0.02295,14210.0
1753617701300,12:01:41.300,phemex,ACH/USDT:USDT,0.02293,5455.0,0.02292,40748.0,0.02294,27902.0,0.02295,14210.0
1753617705016,12:01:45.016,phemex,ACH/USDT:USDT,0.02293,5455.0,0.02292,40748.0,0.02294,23052.0,0.02295,14210.0
1753617705795,12:01:45.795,phemex,ACH/USDT:USDT,0.02293,29677.0,0.02292,131702.0,0.02294,23052.0,0.02295,14210.0
1753617706077,12:01:46.077,phemex,ACH/USDT:USDT,0.02293,29677.0,0.02292,131702.0,0.02294,21441.0,0.02295,14210.0
1753617706102,12:01:46.102,phemex,ACH/USDT:USDT,0.02293,29677.0,0.02292,131702.0,0.02294,21441.0,0.02295,14210.0
1753617706882,12:01:46.882,phemex,ACH/USDT:USDT,0.02293,29677.0,0.02292,131702.0,0.02294,26896.0,0.02295,14210.0
1753617707002,12:01:47.002,phemex,ACH/USDT:USDT,0.02293,24222.0,0.02292,131702.0,0.02294,26896.0,0.02295,14210.0
1753617707009,12:01:47.009,phemex,ACH/USDT:USDT,0.02292,40748.0,0.02291,102863.0,0.02294,26896.0,0.02295,14210.0
1753617707200,12:01:47.200,phemex,ACH/USDT:USDT,0.02292,40748.0,0.02291,102863.0,0.02293,5455.0,0.02294,26896.0
1753617707729,12:01:47.729,phemex,ACH/USDT:USDT,0.02292,40748.0,0.02291,102863.0,0.02293,27886.0,0.02294,94451.0
1753617710470,12:01:50.470,phemex,ACH/USDT:USDT,0.02292,35189.0,0.02291,102863.0,0.02293,27886.0,0.02294,94451.0
1753617710747,12:01:50.747,phemex,ACH/USDT:USDT,0.02292,35189.0,0.02291,102863.0,0.02293,27886.0,0.02294,94451.0
1753617710895,12:01:50.895,phemex,ACH/USDT:USDT,0.02292,35189.0,0.02291,102863.0,0.02293,27886.0,0.02294,94451.0
1753617711009,12:01:51.009,phemex,ACH/USDT:USDT,0.02292,35189.0,0.02291,102863.0,0.02293,27886.0,0.02294,94451.0
1753617717507,12:01:57.507,phemex,ACH/USDT:USDT,0.02292,35189.0,0.0229,112189.0,0.02293,27886.0,0.02294,94451.0
1753617717533,12:01:57.533,phemex,ACH/USDT:USDT,0.02292,35189.0,0.02291,5600.0,0.02293,27886.0,0.02294,94451.0
1753617717614,12:01:57.614,phemex,ACH/USDT:USDT,0.02292,35189.0,0.02291,5600.0,0.02293,27886.0,0.02294,94451.0
1753617717620,12:01:57.620,phemex,ACH/USDT:USDT,0.02292,35189.0,0.02291,5600.0,0.02293,27886.0,0.02294,94451.0
1753617719625,12:01:59.625,phemex,ACH/USDT:USDT,0.02292,35189.0,0.02291,5600.0,0.02293,27886.0,0.02294,94451.0
1753617719633,12:01:59.633,phemex,ACH/USDT:USDT,0.02292,35189.0,0.02291,5600.0,0.02293,27886.0,0.02294,94451.0
1753617721897,12:02:01.897,phemex,ACH/USDT:USDT,0.02292,35189.0,0.02291,5600.0,0.02293,27886.0,0.02294,94451.0
1753617721904,12:02:01.904,phemex,ACH/USDT:USDT,0.02292,35189.0,0.02291,5600.0,0.02293,27886.0,0.02294,94451.0
1753617722542,12:02:02.542,phemex,ACH/USDT:USDT,0.02292,57981.0,0.02291,74335.0,0.02293,27886.0,0.02294,94451.0
1753617722542,12:02:02.542,phemex,ACH/USDT:USDT,0.02292,57981.0,0.02291,74335.0,0.02293,27886.0,0.02294,94451.0
1753617725950,12:02:05.950,phemex,ACH/USDT:USDT,0.02292,35189.0,0.02291,12340.0,0.02293,27886.0,0.02294,94451.0
1753617726703,12:02:06.703,phemex,ACH/USDT:USDT,0.02292,35189.0,0.02291,12340.0,0.02293,27886.0,0.02294,94451.0
1753617730935,12:02:10.935,phemex,ACH/USDT:USDT,0.02291,12340.0,0.0229,100448.0,0.02293,27886.0,0.02294,94451.0
1753617730962,12:02:10.962,phemex,ACH/USDT:USDT,0.02291,12340.0,0.0229,100448.0,0.02292,5384.0,0.02293,27886.0
1753617731360,12:02:11.360,phemex,ACH/USDT:USDT,0.02291,12340.0,0.0229,100448.0,0.02292,27777.0,0.02293,27886.0
1753617731361,12:02:11.361,phemex,ACH/USDT:USDT,0.02291,28801.0,0.0229,100448.0,0.02292,35759.0,0.02293,109246.0
1753617731429,12:02:11.429,phemex,ACH/USDT:USDT,0.02291,28801.0,0.0229,100448.0,0.02292,35759.0,0.02293,109246.0
1753617735574,12:02:15.574,phemex,ACH/USDT:USDT,0.02291,28801.0,0.0229,100448.0,0.02292,30375.0,0.02293,109246.0
1753617739085,12:02:19.085,phemex,ACH/USDT:USDT,0.02291,28801.0,0.0229,100448.0,0.02293,5455.0,0.02294,94451.0
1753617739134,12:02:19.134,phemex,ACH/USDT:USDT,0.02292,25917.0,0.02291,113079.0,0.02293,5455.0,0.02294,94451.0
1753617739148,12:02:19.148,phemex,ACH/USDT:USDT,0.02292,31326.0,0.02291,113079.0,0.02293,5455.0,0.02294,94451.0
1753617739265,12:02:19.265,phemex,ACH/USDT:USDT,0.02292,31326.0,0.02291,113079.0,0.02293,5455.0,0.02294,94451.0
1753617739435,12:02:19.435,phemex,ACH/USDT:USDT,0.02292,31326.0,0.02291,113079.0,0.02293,5455.0,0.02294,94451.0
1753617739556,12:02:19.556,phemex,ACH/USDT:USDT,0.02292,31326.0,0.02291,113079.0,0.02293,5455.0,0.02294,94451.0
1753617739986,12:02:19.986,phemex,ACH/USDT:USDT,0.02292,25076.0,0.02291,113079.0,0.02293,5455.0,0.02294,94451.0
1753617743166,12:02:23.166,phemex,ACH/USDT:USDT,0.02292,25076.0,0.02291,113079.0,0.02293,5455.0,0.02294,94451.0
1753617745889,12:02:25.889,phemex,ACH/USDT:USDT,0.02292,21676.0,0.02291,113079.0,0.02293,5455.0,0.02294,94451.0
1753617746798,12:02:26.798,phemex,ACH/USDT:USDT,0.02292,21676.0,0.02291,113079.0,0.02294,94451.0,0.02295,101356.0
1753617746860,12:02:26.860,phemex,ACH/USDT:USDT,0.02292,21676.0,0.02291,113079.0,0.02293,5409.0,0.02294,94451.0
1753617747702,12:02:27.702,phemex,ACH/USDT:USDT,0.02292,21676.0,0.02291,113079.0,0.02293,5409.0,0.02294,94451.0
1753617749093,12:02:29.093,phemex,ACH/USDT:USDT,0.02292,20376.0,0.02291,113079.0,0.02293,5409.0,0.02294,94451.0
1753617751469,12:02:31.469,phemex,ACH/USDT:USDT,0.02292,20376.0,0.02291,113079.0,0.02294,94451.0,0.02295,101356.0
1753617751484,12:02:31.484,phemex,ACH/USDT:USDT,0.02292,20376.0,0.02291,113079.0,0.02293,5483.0,0.02294,94451.0
1753617751656,12:02:31.656,phemex,ACH/USDT:USDT,0.02292,20376.0,0.02291,113079.0,0.02294,94451.0,0.02295,101356.0
1753617751690,12:02:31.690,phemex,ACH/USDT:USDT,0.02292,20376.0,0.02291,113079.0,0.02294,94451.0,0.02295,101356.0
1753617751737,12:02:31.737,phemex,ACH/USDT:USDT,0.02292,20376.0,0.02291,113079.0,0.02293,5483.0,0.02294,94451.0
1753617751774,12:02:31.774,phemex,ACH/USDT:USDT,0.02292,20376.0,0.02291,113079.0,0.02294,94451.0,0.02295,101356.0
1753617751810,12:02:31.810,phemex,ACH/USDT:USDT,0.02292,20376.0,0.02291,113079.0,0.02294,94451.0,0.02295,101356.0
1753617751939,12:02:31.939,phemex,ACH/USDT:USDT,0.02293,5483.0,0.02292,20376.0,0.02294,94451.0,0.02295,101356.0
1753617752251,12:02:32.251,phemex,ACH/USDT:USDT,0.02293,5483.0,0.02292,28486.0,0.02294,5455.0,0.02295,101356.0
1753617752497,12:02:32.497,phemex,ACH/USDT:USDT,0.02293,5483.0,0.02292,28486.0,0.02294,5455.0,0.02295,101356.0
1753617752503,12:02:32.503,phemex,ACH/USDT:USDT,0.02293,5483.0,0.02292,28486.0,0.02294,5455.0,0.02295,101356.0
1753617752796,12:02:32.796,phemex,ACH/USDT:USDT,0.02292,28486.0,0.02291,89575.0,0.02294,5455.0,0.02295,101356.0
1753617754257,12:02:34.257,phemex,ACH/USDT:USDT,0.02293,5483.0,0.02292,28486.0,0.02294,5455.0,0.02295,101356.0
1753617754277,12:02:34.277,phemex,ACH/USDT:USDT,0.02292,28486.0,0.02291,89575.0,0.02294,5455.0,0.02295,101356.0
1753617755989,12:02:35.989,phemex,ACH/USDT:USDT,0.02293,5483.0,0.02292,28486.0,0.02294,5455.0,0.02295,101356.0
1753617756012,12:02:36.012,phemex,ACH/USDT:USDT,0.02292,28486.0,0.02291,89575.0,0.02294,5455.0,0.02295,101356.0
1753617756274,12:02:36.274,phemex,ACH/USDT:USDT,0.02293,5483.0,0.02292,28486.0,0.02294,5455.0,0.02295,101356.0
1753617758200,12:02:38.200,phemex,ACH/USDT:USDT,0.02293,28312.0,0.02292,75004.0,0.02294,27696.0,0.02295,128272.0
1753617758309,12:02:38.309,phemex,ACH/USDT:USDT,0.02293,28312.0,0.02292,75004.0,0.02294,27696.0,0.02295,128272.0
1753617759934,12:02:39.934,phemex,ACH/USDT:USDT,0.02293,5483.0,0.02292,5409.0,0.02294,27696.0,0.02295,128272.0
1753617759956,12:02:39.956,phemex,ACH/USDT:USDT,0.02292,5409.0,0.02291,114319.0,0.02294,27696.0,0.02295,128272.0
1753617762704,12:02:42.704,phemex,ACH/USDT:USDT,0.02292,5409.0,0.02291,114319.0,0.02294,27696.0,0.02295,128272.0
1753617762911,12:02:42.911,phemex,ACH/USDT:USDT,0.02292,5409.0,0.02291,114319.0,0.02293,5369.0,0.02294,27696.0
1753617764072,12:02:44.072,phemex,ACH/USDT:USDT,0.02292,5409.0,0.02291,114319.0,0.02294,27696.0,0.02295,128272.0
1753617764095,12:02:44.095,phemex,ACH/USDT:USDT,0.02292,5409.0,0.02291,114319.0,0.02294,27696.0,0.02295,128272.0
1753617765104,12:02:45.104,phemex,ACH/USDT:USDT,0.02293,5468.0,0.02292,5409.0,0.02294,27696.0,0.02295,128272.0
1753617765105,12:02:45.105,phemex,ACH/USDT:USDT,0.02293,23933.0,0.02292,5409.0,0.02294,27696.0,0.02295,128272.0
1753617767504,12:02:47.504,phemex,ACH/USDT:USDT,0.02293,23933.0,0.02292,5409.0,0.02294,27696.0,0.02295,128272.0
1753617767625,12:02:47.625,phemex,ACH/USDT:USDT,0.02293,21858.0,0.02292,5409.0,0.02294,27696.0,0.02295,128272.0
1753617768395,12:02:48.395,phemex,ACH/USDT:USDT,0.02293,27227.0,0.02292,5409.0,0.02294,27696.0,0.02295,128272.0
1753617769082,12:02:49.082,phemex,ACH/USDT:USDT,0.02293,26860.0,0.02292,5409.0,0.02294,27696.0,0.02295,128272.0
1753617771147,12:02:51.147,phemex,ACH/USDT:USDT,0.02293,26585.0,0.02292,5409.0,0.02294,27696.0,0.02295,128272.0
1753617771313,12:02:51.313,phemex,ACH/USDT:USDT,0.02293,21216.0,0.02292,5409.0,0.02294,27696.0,0.02295,128272.0
1753617773168,12:02:53.168,phemex,ACH/USDT:USDT,0.02292,37745.0,0.02291,20999.0,0.02294,27696.0,0.02295,128272.0
1753617773216,12:02:53.216,phemex,ACH/USDT:USDT,0.02292,37745.0,0.02291,20999.0,0.02293,5472.0,0.02294,27696.0
1753617773308,12:02:53.308,phemex,ACH/USDT:USDT,0.02292,37745.0,0.02291,20999.0,0.02293,5472.0,0.02294,27696.0
1753617773681,12:02:53.681,phemex,ACH/USDT:USDT,0.02292,37745.0,0.02291,20999.0,0.02293,33269.0,0.02294,102433.0
1753617775870,12:02:55.870,phemex,ACH/USDT:USDT,0.02292,37745.0,0.02291,20999.0,0.02293,5472.0,0.02294,5455.0
1753617775896,12:02:55.896,phemex,ACH/USDT:USDT,0.02292,37745.0,0.02291,20999.0,0.02294,5455.0,0.02295,114274.0
1753617775936,12:02:55.936,phemex,ACH/USDT:USDT,0.02292,37745.0,0.02291,30999.0,0.02294,5455.0,0.02295,114274.0
1753617776467,12:02:56.467,phemex,ACH/USDT:USDT,0.02293,5472.0,0.02292,37745.0,0.02294,5455.0,0.02295,114274.0
1753617778768,12:02:58.768,phemex,ACH/USDT:USDT,0.02293,5472.0,0.02292,37745.0,0.02294,5455.0,0.02295,114274.0
1753617778779,12:02:58.779,phemex,ACH/USDT:USDT,0.02293,5472.0,0.02292,37745.0,0.02294,5455.0,0.02295,114274.0
1753617778859,12:02:58.859,phemex,ACH/USDT:USDT,0.02293,11984.0,0.02292,37745.0,0.02294,5455.0,0.02295,114274.0
1753617778861,12:02:58.861,phemex,ACH/USDT:USDT,0.02293,31642.0,0.02292,85663.0,0.02294,5455.0,0.02295,114274.0
1753617778861,12:02:58.861,phemex,ACH/USDT:USDT,0.02293,31642.0,0.02292,85663.0,0.02294,5455.0,0.02295,114274.0
1753617787263,12:03:07.263,phemex,ACH/USDT:USDT,0.02293,31642.0,0.02292,85663.0,0.02295,114274.0,0.02296,140251.0
1753617787329,12:03:07.329,phemex,ACH/USDT:USDT,0.02293,31642.0,0.02292,85663.0,0.02295,114274.0,0.02296,140251.0
1753617787356,12:03:07.356,phemex,ACH/USDT:USDT,0.02294,5559.0,0.02293,31642.0,0.02295,114274.0,0.02296,140251.0
1753617787405,12:03:07.405,phemex,ACH/USDT:USDT,0.02294,5559.0,0.02293,31642.0,0.02295,5364.0,0.02296,140251.0
1753617787423,12:03:07.423,phemex,ACH/USDT:USDT,0.02294,26933.0,0.02293,93891.0,0.02295,5364.0,0.02296,140251.0
1753617787434,12:03:07.434,phemex,ACH/USDT:USDT,0.02294,26933.0,0.02293,93891.0,0.02295,5364.0,0.02296,140251.0
1753617787460,12:03:07.460,phemex,ACH/USDT:USDT,0.02294,26933.0,0.02293,93891.0,0.02295,5364.0,0.02296,140251.0
1753617787793,12:03:07.793,phemex,ACH/USDT:USDT,0.02294,26933.0,0.02293,93891.0,0.02295,5364.0,0.02296,140251.0
1753617788519,12:03:08.519,phemex,ACH/USDT:USDT,0.02294,26933.0,0.02293,93891.0,0.02295,5364.0,0.02296,105035.0
1753617788526,12:03:08.526,phemex,ACH/USDT:USDT,0.02294,26933.0,0.02293,93891.0,0.02295,5364.0,0.02296,105035.0
1753617791298,12:03:11.298,phemex,ACH/USDT:USDT,0.02294,26933.0,0.02293,93891.0,0.02295,5364.0,0.02296,105035.0
1753617791339,12:03:11.339,phemex,ACH/USDT:USDT,0.02294,26933.0,0.02293,93891.0,0.02295,5364.0,0.02296,105035.0
1753617793646,12:03:13.646,phemex,ACH/USDT:USDT,0.02293,5472.0,0.02292,121031.0,0.02295,30454.0,0.02296,119167.0
1753617793661,12:03:13.661,phemex,ACH/USDT:USDT,0.02293,5472.0,0.02292,121031.0,0.02294,5372.0,0.02295,30454.0
1753617794864,12:03:14.864,phemex,ACH/USDT:USDT,0.02293,5472.0,0.02292,121031.0,0.02295,30454.0,0.02296,119167.0
1753617794893,12:03:14.893,phemex,ACH/USDT:USDT,0.02293,5472.0,0.02292,121031.0,0.02295,30454.0,0.02296,119167.0
1753617799379,12:03:19.379,phemex,ACH/USDT:USDT,0.02294,27588.0,0.02293,5472.0,0.02295,30454.0,0.02296,119167.0
1753617800607,12:03:20.607,phemex,ACH/USDT:USDT,0.02293,36027.0,0.02292,51202.0,0.02295,30454.0,0.02296,119167.0
1753617800622,12:03:20.622,phemex,ACH/USDT:USDT,0.02294,5587.0,0.02293,36027.0,0.02295,30454.0,0.02296,119167.0
1753617801113,12:03:21.113,phemex,ACH/USDT:USDT,0.02293,36027.0,0.02292,51202.0,0.02295,30454.0,0.02296,119167.0
1753617801228,12:03:21.228,phemex,ACH/USDT:USDT,0.02293,36027.0,0.02292,51202.0,0.02294,5587.0,0.02295,30454.0
1753617802131,12:03:22.131,phemex,ACH/USDT:USDT,0.02293,36027.0,0.02292,51202.0,0.02294,5587.0,0.02295,30454.0
1753617802181,12:03:22.181,phemex,ACH/USDT:USDT,0.02293,36027.0,0.02292,51202.0,0.02294,5587.0,0.02295,30454.0
1753617802558,12:03:22.558,phemex,ACH/USDT:USDT,0.02293,36027.0,0.02292,51202.0,0.02294,32894.0,0.02295,110756.0
1753617802829,12:03:22.829,phemex,ACH/USDT:USDT,0.02293,36027.0,0.02292,51202.0,0.02294,5587.0,0.02295,85666.0
1753617802829,12:03:22.829,phemex,ACH/USDT:USDT,0.02293,36027.0,0.02292,51202.0,0.02294,5587.0,0.02295,5364.0
1753617802860,12:03:22.860,phemex,ACH/USDT:USDT,0.02293,36027.0,0.02292,51202.0,0.02295,5364.0,0.02296,105456.0
1753617802899,12:03:22.899,phemex,ACH/USDT:USDT,0.02293,36027.0,0.02292,51202.0,0.02295,5364.0,0.02296,105456.0
1753617805243,12:03:25.243,phemex,ACH/USDT:USDT,0.02294,5587.0,0.02293,36027.0,0.02295,5364.0,0.02296,105456.0
1753617805371,12:03:25.371,phemex,ACH/USDT:USDT,0.02294,5587.0,0.02293,36027.0,0.02295,5364.0,0.02296,105456.0
1753617805727,12:03:25.727,phemex,ACH/USDT:USDT,0.02294,33407.0,0.02293,159620.0,0.02295,5364.0,0.02296,105456.0
1753617805959,12:03:25.959,phemex,ACH/USDT:USDT,0.02294,33407.0,0.02293,159620.0,0.02295,5364.0,0.02296,105456.0
1753617806009,12:03:26.009,phemex,ACH/USDT:USDT,0.02294,33407.0,0.02293,159620.0,0.02295,5364.0,0.02296,105456.0
1753617816342,12:03:36.342,phemex,ACH/USDT:USDT,0.02294,27820.0,0.02293,159620.0,0.02295,5364.0,0.02296,105456.0
1753617816424,12:03:36.424,phemex,ACH/USDT:USDT,0.02293,5472.0,0.02292,51202.0,0.02295,28652.0,0.02296,105456.0
1753617816442,12:03:36.442,phemex,ACH/USDT:USDT,0.02293,5472.0,0.02292,51202.0,0.02294,5630.0,0.02295,28652.0
1753617818824,12:03:38.824,phemex,ACH/USDT:USDT,0.02293,5472.0,0.02292,51202.0,0.02294,5630.0,0.02295,28652.0
1753617818980,12:03:38.980,phemex,ACH/USDT:USDT,0.02293,5472.0,0.02292,51202.0,0.02295,28652.0,0.02296,105456.0
1753617819007,12:03:39.007,phemex,ACH/USDT:USDT,0.02293,5472.0,0.02292,51202.0,0.02295,28652.0,0.02296,105456.0
1753617820470,12:03:40.470,phemex,ACH/USDT:USDT,0.02293,5472.0,0.02292,51202.0,0.02294,5376.0,0.02295,28652.0
1753617820787,12:03:40.787,phemex,ACH/USDT:USDT,0.02293,5472.0,0.02292,51202.0,0.02295,28652.0,0.02296,105456.0
1753617820790,12:03:40.790,phemex,ACH/USDT:USDT,0.02293,5472.0,0.02292,51202.0,0.02294,5376.0,0.02295,28652.0
1753617821271,12:03:41.271,phemex,ACH/USDT:USDT,0.02293,5472.0,0.02292,51202.0,0.02295,28652.0,0.02296,105456.0
1753617821364,12:03:41.364,phemex,ACH/USDT:USDT,0.02293,5472.0,0.02292,51202.0,0.02295,28652.0,0.02296,105456.0
1753617822505,12:03:42.505,phemex,ACH/USDT:USDT,0.02293,5472.0,0.02292,51202.0,0.02295,28652.0,0.02296,105456.0
1753617822873,12:03:42.873,phemex,ACH/USDT:USDT,0.02294,25649.0,0.02293,162878.0,0.02295,28652.0,0.02296,105456.0
1753617822887,12:03:42.887,phemex,ACH/USDT:USDT,0.02294,25649.0,0.02293,171600.0,0.02295,28652.0,0.02296,105456.0
1753617827628,12:03:47.628,phemex,ACH/USDT:USDT,0.02294,25649.0,0.02293,171600.0,0.02295,28652.0,0.02296,105456.0
1753617827650,12:03:47.650,phemex,ACH/USDT:USDT,0.02294,25649.0,0.02293,171600.0,0.02295,28652.0,0.02296,105456.0
1753617827728,12:03:47.728,phemex,ACH/USDT:USDT,0.02294,25649.0,0.02293,171600.0,0.02295,28652.0,0.02296,105456.0
1753617829714,12:03:49.714,phemex,ACH/USDT:USDT,0.02294,19059.0,0.02293,171600.0,0.02295,28652.0,0.02296,105456.0
1753617830012,12:03:50.012,phemex,ACH/USDT:USDT,0.02294,24497.0,0.02293,171600.0,0.02295,28652.0,0.02296,105456.0
1753617834551,12:03:54.551,phemex,ACH/USDT:USDT,0.02294,23497.0,0.02293,171600.0,0.02295,28652.0,0.02296,105456.0
1753617836829,12:03:56.829,phemex,ACH/USDT:USDT,0.02294,23497.0,0.02293,171600.0,0.02296,5538.0,0.02297,119116.0
1753617836849,12:03:56.849,phemex,ACH/USDT:USDT,0.02295,37952.0,0.02294,78707.0,0.02296,5538.0,0.02297,119116.0
1753617836856,12:03:56.856,phemex,ACH/USDT:USDT,0.02295,37952.0,0.02294,87425.0,0.02296,5538.0,0.02297,119116.0
1753617836947,12:03:56.947,phemex,ACH/USDT:USDT,0.02295,25515.0,0.02294,14156.0,0.02296,5538.0,0.02297,119116.0
1753617836947,12:03:56.947,phemex,ACH/USDT:USDT,0.02294,14156.0,0.02293,113198.0,0.02296,5538.0,0.02297,119116.0
1753617842240,12:04:02.240,phemex,ACH/USDT:USDT,0.02294,40072.0,0.02293,122930.0,0.02295,33952.0,0.02296,76770.0
1753617842340,12:04:02.340,phemex,ACH/USDT:USDT,0.02294,31354.0,0.02293,122930.0,0.02295,33952.0,0.02296,76770.0
1753617842636,12:04:02.636,phemex,ACH/USDT:USDT,0.02294,25916.0,0.02293,122930.0,0.02295,33952.0,0.02296,76770.0
1753617842861,12:04:02.861,phemex,ACH/USDT:USDT,0.02294,25916.0,0.02293,122930.0,0.02295,33952.0,0.02296,76770.0
1753617842873,12:04:02.873,phemex,ACH/USDT:USDT,0.02294,25916.0,0.02293,122930.0,0.02295,33952.0,0.02296,76770.0
1753617843842,12:04:03.842,phemex,ACH/USDT:USDT,0.02293,5472.0,0.02292,184373.0,0.02295,33952.0,0.02296,76770.0
1753617843980,12:04:03.980,phemex,ACH/USDT:USDT,0.02293,5472.0,0.02292,184373.0,0.02294,5386.0,0.02295,33952.0
1753617844033,12:04:04.033,phemex,ACH/USDT:USDT,0.02293,5472.0,0.02292,184373.0,0.02294,5386.0,0.02295,39338.0
1753617844072,12:04:04.072,phemex,ACH/USDT:USDT,0.02293,5472.0,0.02292,184373.0,0.02294,5386.0,0.02295,39338.0
1753617844606,12:04:04.606,phemex,ACH/USDT:USDT,0.02293,5472.0,0.02292,49429.0,0.02294,5386.0,0.02295,39338.0
1753617844681,12:04:04.681,phemex,ACH/USDT:USDT,0.02293,5472.0,0.02292,49429.0,0.02294,5386.0,0.02295,39338.0
1753617844724,12:04:04.724,phemex,ACH/USDT:USDT,0.02292,49429.0,0.02291,31369.0,0.02294,5386.0,0.02295,39338.0
1753617845487,12:04:05.487,phemex,ACH/USDT:USDT,0.02293,5386.0,0.02292,49429.0,0.02294,5386.0,0.02295,39338.0
1753617845775,12:04:05.775,phemex,ACH/USDT:USDT,0.02292,49429.0,0.02291,31369.0,0.02294,5386.0,0.02295,39338.0
1753617846711,12:04:06.711,phemex,ACH/USDT:USDT,0.02292,49429.0,0.02291,31369.0,0.02294,5386.0,0.02295,39338.0
1753617848670,12:04:08.670,phemex,ACH/USDT:USDT,0.02292,49429.0,0.02291,31369.0,0.02294,38987.0,0.02295,111289.0
1753617848690,12:04:08.690,phemex,ACH/USDT:USDT,0.02292,49429.0,0.02291,31369.0,0.02293,5386.0,0.02294,38987.0
1753617849567,12:04:09.567,phemex,ACH/USDT:USDT,0.02292,49429.0,0.02291,31369.0,0.02294,38987.0,0.02295,111289.0
1753617849629,12:04:09.629,phemex,ACH/USDT:USDT,0.02293,23731.0,0.02292,49429.0,0.02294,38987.0,0.02295,111289.0
1753617849667,12:04:09.667,phemex,ACH/USDT:USDT,0.02293,29351.0,0.02292,49429.0,0.02294,38987.0,0.02295,111289.0
1753617849920,12:04:09.920,phemex,ACH/USDT:USDT,0.02293,22601.0,0.02292,49429.0,0.02294,38987.0,0.02295,111289.0
1753617850096,12:04:10.096,phemex,ACH/USDT:USDT,0.02293,5620.0,0.02292,60071.0,0.02294,38987.0,0.02295,111289.0
1753617850417,12:04:10.417,phemex,ACH/USDT:USDT,0.02293,5620.0,0.02292,60071.0,0.02294,38987.0,0.02295,111289.0
1753617850473,12:04:10.473,phemex,ACH/USDT:USDT,0.02293,5620.0,0.02292,60071.0,0.02294,38987.0,0.02295,111289.0
1753617850882,12:04:10.882,phemex,ACH/USDT:USDT,0.02292,60071.0,0.02291,15490.0,0.02294,38987.0,0.02295,111289.0
1753617850920,12:04:10.920,phemex,ACH/USDT:USDT,0.02292,60071.0,0.02291,15490.0,0.02293,5620.0,0.02294,38987.0
1753617851499,12:04:11.499,phemex,ACH/USDT:USDT,0.02292,60071.0,0.02291,15490.0,0.02293,5620.0,0.02294,38987.0
1753617851879,12:04:11.879,phemex,ACH/USDT:USDT,0.02292,60071.0,0.02291,15490.0,0.02293,5620.0,0.02294,38987.0
1753617852775,12:04:12.775,phemex,ACH/USDT:USDT,0.02292,60071.0,0.02291,15490.0,0.02294,38987.0,0.02295,111289.0
1753617852817,12:04:12.817,phemex,ACH/USDT:USDT,0.02293,5620.0,0.02292,60071.0,0.02294,38987.0,0.02295,111289.0
1753617852822,12:04:12.822,phemex,ACH/USDT:USDT,0.02293,5620.0,0.02292,60071.0,0.02294,38987.0,0.02295,111289.0
1753617856369,12:04:16.369,phemex,ACH/USDT:USDT,0.02293,5620.0,0.02292,60071.0,0.02294,38987.0,0.02295,111289.0
1753617856414,12:04:16.414,phemex,ACH/USDT:USDT,0.02293,35885.0,0.02292,120104.0,0.02294,38987.0,0.02295,111289.0
1753617856428,12:04:16.428,phemex,ACH/USDT:USDT,0.02293,30265.0,0.02292,120104.0,0.02294,38987.0,0.02295,111289.0
1753617857732,12:04:17.732,phemex,ACH/USDT:USDT,0.02293,29565.0,0.02292,120104.0,0.02294,38987.0,0.02295,111289.0
1753617860088,12:04:20.088,phemex,ACH/USDT:USDT,0.02292,40553.0,0.02291,86916.0,0.02294,38987.0,0.02295,111289.0
1753617860124,12:04:20.124,phemex,ACH/USDT:USDT,0.02292,40553.0,0.02291,86916.0,0.02293,5463.0,0.02294,38987.0
1753617860897,12:04:20.897,phemex,ACH/USDT:USDT,0.02292,40553.0,0.02291,86916.0,0.02293,26536.0,0.02294,76139.0
1753617861109,12:04:21.109,phemex,ACH/USDT:USDT,0.02292,40553.0,0.02291,86916.0,0.02293,26536.0,0.02294,76139.0
1753617861129,12:04:21.129,phemex,ACH/USDT:USDT,0.02292,40553.0,0.02291,86916.0,0.02293,26536.0,0.02294,76139.0
1753617862372,12:04:22.372,phemex,ACH/USDT:USDT,0.02292,40553.0,0.02291,86916.0,0.02293,5463.0,0.02294,5386.0
1753617862404,12:04:22.404,phemex,ACH/USDT:USDT,0.02292,40553.0,0.02291,86916.0,0.02294,5386.0,0.02295,111289.0
1753617862507,12:04:22.507,phemex,ACH/USDT:USDT,0.02293,5463.0,0.02292,40553.0,0.02294,5386.0,0.02295,111289.0
1753617862660,12:04:22.660,phemex,ACH/USDT:USDT,0.02293,5463.0,0.02292,40553.0,0.02294,5386.0,0.02295,111289.0
1753617864591,12:04:24.591,phemex,ACH/USDT:USDT,0.02292,40553.0,0.02291,86916.0,0.02294,5386.0,0.02295,111289.0
1753617865906,12:04:25.906,phemex,ACH/USDT:USDT,0.02292,40553.0,0.02291,86916.0,0.02294,5386.0,0.02295,111289.0
1753617870708,12:04:30.708,phemex,ACH/USDT:USDT,0.02292,40553.0,0.02291,86916.0,0.02294,5386.0,0.02295,111289.0
1753617871454,12:04:31.454,phemex,ACH/USDT:USDT,0.02293,5625.0,0.02292,40553.0,0.02294,5386.0,0.02295,111289.0
1753617871550,12:04:31.550,phemex,ACH/USDT:USDT,0.02292,40553.0,0.02291,86916.0,0.02294,5386.0,0.02295,111289.0
1753617871683,12:04:31.683,phemex,ACH/USDT:USDT,0.02293,23372.0,0.02292,114475.0,0.02294,40524.0,0.02295,111289.0
1753617874486,12:04:34.486,phemex,ACH/USDT:USDT,0.02292,46942.0,0.02291,86301.0,0.02294,40524.0,0.02295,111289.0
1753617874498,12:04:34.498,phemex,ACH/USDT:USDT,0.02292,46942.0,0.02291,86301.0,0.02293,5625.0,0.02294,40524.0
1753617875507,12:04:35.507,phemex,ACH/USDT:USDT,0.02292,46942.0,0.02291,86301.0,0.02293,5625.0,0.02294,40524.0
1753617877007,12:04:37.007,phemex,ACH/USDT:USDT,0.02292,46942.0,0.02291,86301.0,0.02293,27987.0,0.02294,90944.0
1753617877177,12:04:37.177,phemex,ACH/USDT:USDT,0.02292,41533.0,0.02291,86301.0,0.02293,27987.0,0.02294,90944.0
1753617877461,12:04:37.461,phemex,ACH/USDT:USDT,0.02292,6389.0,0.02291,86301.0,0.02293,27987.0,0.02294,90944.0
1753617880750,12:04:40.750,phemex,ACH/USDT:USDT,0.02292,5709.0,0.02291,86301.0,0.02293,27987.0,0.02294,90944.0
1753617883774,12:04:43.774,phemex,ACH/USDT:USDT,0.02292,5709.0,0.02291,86301.0,0.02293,27987.0,0.02294,90944.0
1753617883854,12:04:43.854,phemex,ACH/USDT:USDT,0.02292,5709.0,0.02291,86301.0,0.02293,27987.0,0.02294,90944.0
1753617883868,12:04:43.868,phemex,ACH/USDT:USDT,0.02291,5386.0,0.0229,78098.0,0.02293,27987.0,0.02294,90944.0
1753617883892,12:04:43.892,phemex,ACH/USDT:USDT,0.02291,5386.0,0.0229,78098.0,0.02292,5615.0,0.02293,27987.0
1753617884183,12:04:44.183,phemex,ACH/USDT:USDT,0.02291,5386.0,0.0229,78098.0,0.02292,33193.0,0.02293,110491.0
1753617887449,12:04:47.449,phemex,ACH/USDT:USDT,0.0229,78098.0,0.02289,123424.0,0.02292,33193.0,0.02293,110491.0
1753617887473,12:04:47.473,phemex,ACH/USDT:USDT,0.0229,78098.0,0.02289,123424.0,0.02292,33193.0,0.02293,110491.0
1753617887519,12:04:47.519,phemex,ACH/USDT:USDT,0.02291,5615.0,0.0229,78098.0,0.02292,33193.0,0.02293,110491.0
1753617889944,12:04:49.944,phemex,ACH/USDT:USDT,0.02291,5615.0,0.0229,78098.0,0.02292,33193.0,0.02293,110491.0
1753617890927,12:04:50.927,phemex,ACH/USDT:USDT,0.02291,5615.0,0.0229,78098.0,0.02292,27578.0,0.02293,110491.0
1753617891949,12:04:51.949,phemex,ACH/USDT:USDT,0.0229,78098.0,0.02289,123424.0,0.02292,27578.0,0.02293,110491.0
1753617891988,12:04:51.988,phemex,ACH/USDT:USDT,0.02291,5617.0,0.0229,78098.0,0.02292,27578.0,0.02293,110491.0
1753617892765,12:04:52.765,phemex,ACH/USDT:USDT,0.0229,78098.0,0.02289,123424.0,0.02292,27578.0,0.02293,110491.0
1753617892799,12:04:52.799,phemex,ACH/USDT:USDT,0.0229,78098.0,0.02289,123424.0,0.02291,5617.0,0.02292,27578.0
1753617892841,12:04:52.841,phemex,ACH/USDT:USDT,0.0229,15058.0,0.02289,135890.0,0.02291,5617.0,0.02292,33195.0
1753617893318,12:04:53.318,phemex,ACH/USDT:USDT,0.0229,15058.0,0.02289,135890.0,0.02291,5617.0,0.02292,33195.0
1753617893501,12:04:53.501,phemex,ACH/USDT:USDT,0.0229,15058.0,0.02289,135890.0,0.02291,5617.0,0.02292,33195.0
1753617894112,12:04:54.112,phemex,ACH/USDT:USDT,0.0229,15058.0,0.02289,135890.0,0.02291,5617.0,0.02292,33195.0
1753617900096,12:05:00.096,phemex,ACH/USDT:USDT,0.0229,29659.0,0.02289,135890.0,0.02291,37664.0,0.02292,74687.0
1753617900122,12:05:00.122,phemex,ACH/USDT:USDT,0.0229,29659.0,0.02289,135890.0,0.02291,37664.0,0.02292,74687.0
1753617900498,12:05:00.498,phemex,ACH/USDT:USDT,0.0229,29659.0,0.02289,135890.0,0.02291,28467.0,0.02292,74687.0
1753617900502,12:05:00.502,phemex,ACH/USDT:USDT,0.0229,29659.0,0.02289,135890.0,0.02291,5617.0,0.02292,5617.0
1753617900599,12:05:00.599,phemex,ACH/USDT:USDT,0.0229,29659.0,0.02289,135890.0,0.02292,5617.0,0.02293,110491.0
1753617900628,12:05:00.628,phemex,ACH/USDT:USDT,0.02291,6926.0,0.0229,29659.0,0.02292,5617.0,0.02293,110491.0
1753617900677,12:05:00.677,phemex,ACH/USDT:USDT,0.02291,6926.0,0.0229,29659.0,0.02292,5617.0,0.02293,110491.0
1753617900754,12:05:00.754,phemex,ACH/USDT:USDT,0.02291,6926.0,0.0229,29659.0,0.02292,5617.0,0.02293,110491.0
1753617900822,12:05:00.822,phemex,ACH/USDT:USDT,0.02291,12529.0,0.0229,29659.0,0.02293,110491.0,0.02294,81909.0
1753617901044,12:05:01.044,phemex,ACH/USDT:USDT,0.02292,5603.0,0.02291,12529.0,0.02293,110491.0,0.02294,81909.0
1753617901057,12:05:01.057,phemex,ACH/USDT:USDT,0.02292,5603.0,0.02291,12529.0,0.02293,110491.0,0.02294,81909.0
1753617901088,12:05:01.088,phemex,ACH/USDT:USDT,0.02292,5603.0,0.02291,12529.0,0.02293,110491.0,0.02294,81909.0
1753617901416,12:05:01.416,phemex,ACH/USDT:USDT,0.02292,5603.0,0.02291,12529.0,0.02293,110491.0,0.02294,81909.0
1753617901507,12:05:01.507,phemex,ACH/USDT:USDT,0.02292,5603.0,0.02291,12529.0,0.02293,5625.0,0.02294,91444.0
1753617903852,12:05:03.852,phemex,ACH/USDT:USDT,0.02292,5603.0,0.02291,12529.0,0.02294,91444.0,0.02295,5386.0
1753617903908,12:05:03.908,phemex,ACH/USDT:USDT,0.02292,5603.0,0.02291,12529.0,0.02294,91444.0,0.02295,5386.0
1753617903908,12:05:03.908,phemex,ACH/USDT:USDT,0.02292,5603.0,0.02291,12529.0,0.02294,91444.0,0.02295,5386.0
1753617904914,12:05:04.914,phemex,ACH/USDT:USDT,0.02292,5603.0,0.02291,12529.0,0.02294,91444.0,0.02295,5386.0
1753617906330,12:05:06.330,phemex,ACH/USDT:USDT,0.02292,5603.0,0.02291,12529.0,0.02293,5603.0,0.02294,91444.0
1753617906405,12:05:06.405,phemex,ACH/USDT:USDT,0.02292,34748.0,0.02291,21310.0,0.02293,5603.0,0.02294,91444.0
1753617909701,12:05:09.701,phemex,ACH/USDT:USDT,0.02292,34748.0,0.02291,21310.0,0.02293,5603.0,0.02294,91444.0
1753617909708,12:05:09.708,phemex,ACH/USDT:USDT,0.02292,34748.0,0.02291,21310.0,0.02293,5603.0,0.02294,91444.0
1753617916275,12:05:16.275,phemex,ACH/USDT:USDT,0.02292,34748.0,0.02291,21310.0,0.02294,91444.0,0.02295,5386.0
1753617916288,12:05:16.288,phemex,ACH/USDT:USDT,0.02292,34748.0,0.02291,21310.0,0.02294,91444.0,0.02295,5386.0
1753617916350,12:05:16.350,phemex,ACH/USDT:USDT,0.02292,34748.0,0.02291,21310.0,0.02293,5519.0,0.02294,91444.0
1753617917151,12:05:17.151,phemex,ACH/USDT:USDT,0.02293,5489.0,0.02292,34748.0,0.02294,65341.0,0.02295,21350.0
1753617917151,12:05:17.151,phemex,ACH/USDT:USDT,0.02293,30728.0,0.02292,191171.0,0.02294,14921.0,0.02295,21350.0
1753617917185,12:05:17.185,phemex,ACH/USDT:USDT,0.02293,36247.0,0.02292,191171.0,0.02294,14921.0,0.02295,21350.0
1753617917193,12:05:17.193,phemex,ACH/USDT:USDT,0.02293,36247.0,0.02292,191171.0,0.02294,14921.0,0.02295,21350.0
1753617917236,12:05:17.236,phemex,ACH/USDT:USDT,0.02293,36247.0,0.02292,191171.0,0.02294,14921.0,0.02295,21350.0
1753617917523,12:05:17.523,phemex,ACH/USDT:USDT,0.02293,36247.0,0.02292,191171.0,0.02294,14921.0,0.02295,21350.0
1753617917657,12:05:17.657,phemex,ACH/USDT:USDT,0.02293,36247.0,0.02292,191171.0,0.02294,14921.0,0.02295,21350.0
1753617918663,12:05:18.663,phemex,ACH/USDT:USDT,0.02293,36247.0,0.02292,226492.0,0.02294,14921.0,0.02295,21350.0
1753617918962,12:05:18.962,phemex,ACH/USDT:USDT,0.02293,36247.0,0.02292,226492.0,0.02294,9535.0,0.02295,21350.0
1753617921375,12:05:21.375,phemex,ACH/USDT:USDT,0.02293,36247.0,0.02292,226492.0,0.02294,14905.0,0.02295,21350.0
1753617921702,12:05:21.702,phemex,ACH/USDT:USDT,0.02293,36247.0,0.02292,226492.0,0.02294,14905.0,0.02295,21350.0
1753617921708,12:05:21.708,phemex,ACH/USDT:USDT,0.02293,36247.0,0.02292,226492.0,0.02294,14905.0,0.02295,21350.0
1753617922546,12:05:22.546,phemex,ACH/USDT:USDT,0.02293,36247.0,0.02292,226492.0,0.02294,9535.0,0.02295,21350.0
1753617922628,12:05:22.628,phemex,ACH/USDT:USDT,0.02293,36247.0,0.02292,226492.0,0.02294,9535.0,0.02295,38977.0
1753617922632,12:05:22.632,phemex,ACH/USDT:USDT,0.02293,36247.0,0.02292,226492.0,0.02295,23013.0,0.02296,49862.0
1753617922655,12:05:22.655,phemex,ACH/USDT:USDT,0.02293,36247.0,0.02292,226492.0,0.02295,23013.0,0.02296,49862.0
1753617922661,12:05:22.661,phemex,ACH/USDT:USDT,0.02294,5370.0,0.02293,36247.0,0.02295,23013.0,0.02296,49862.0
1753617923252,12:05:23.252,phemex,ACH/USDT:USDT,0.02293,36247.0,0.02292,226492.0,0.02295,23013.0,0.02296,49862.0
1753617923298,12:05:23.298,phemex,ACH/USDT:USDT,0.02293,36247.0,0.02292,226492.0,0.02295,23013.0,0.02296,14470.0
1753617923374,12:05:23.374,phemex,ACH/USDT:USDT,0.02293,36247.0,0.02292,226492.0,0.02294,5370.0,0.02295,23013.0
1753617923586,12:05:23.586,phemex,ACH/USDT:USDT,0.02293,36247.0,0.02292,226492.0,0.02295,23013.0,0.02296,14470.0
1753617923678,12:05:23.678,phemex,ACH/USDT:USDT,0.02294,5370.0,0.02293,36247.0,0.02295,23013.0,0.02296,14470.0
1753617923708,12:05:23.708,phemex,ACH/USDT:USDT,0.02293,36247.0,0.02292,226492.0,0.02295,23013.0,0.02296,14470.0
1753617923792,12:05:23.792,phemex,ACH/USDT:USDT,0.02293,36247.0,0.02292,226492.0,0.02294,5370.0,0.02295,23013.0
1753617923813,12:05:23.813,phemex,ACH/USDT:USDT,0.02293,111704.0,0.02292,50227.0,0.02294,5370.0,0.02295,23013.0
1753617923832,12:05:23.832,phemex,ACH/USDT:USDT,0.02293,5519.0,0.02292,50227.0,0.02294,5370.0,0.02295,23013.0
1753617925122,12:05:25.122,phemex,ACH/USDT:USDT,0.02293,5519.0,0.02292,50227.0,0.02294,5370.0,0.02295,23013.0
1753617927894,12:05:27.894,phemex,ACH/USDT:USDT,0.02293,5519.0,0.02292,50227.0,0.02294,5370.0,0.02295,23013.0
1753617928408,12:05:28.408,phemex,ACH/USDT:USDT,0.02293,5519.0,0.02292,50227.0,0.02294,27738.0,0.02295,72687.0
1753617931860,12:05:31.860,phemex,ACH/USDT:USDT,0.02292,50227.0,0.02289,5620.0,0.02294,27738.0,0.02295,72687.0
1753617931872,12:05:31.872,phemex,ACH/USDT:USDT,0.02293,5386.0,0.02292,58953.0,0.02294,27738.0,0.02295,72687.0
1753617931888,12:05:31.888,phemex,ACH/USDT:USDT,0.02293,5386.0,0.02292,58953.0,0.02294,27738.0,0.02295,72687.0
1753617936650,12:05:36.650,phemex,ACH/USDT:USDT,0.02292,58953.0,0.0229,10000.0,0.02294,27738.0,0.02295,72687.0
1753617936688,12:05:36.688,phemex,ACH/USDT:USDT,0.02292,58953.0,0.0229,10000.0,0.02293,5386.0,0.02294,27738.0
1753617936714,12:05:36.714,phemex,ACH/USDT:USDT,0.02292,80627.0,0.02291,60872.0,0.02293,5386.0,0.02294,27738.0
1753617936755,12:05:36.755,phemex,ACH/USDT:USDT,0.02292,80627.0,0.02291,77095.0,0.02293,5386.0,0.02294,27738.0
1753617936948,12:05:36.948,phemex,ACH/USDT:USDT,0.02292,80627.0,0.02291,77095.0,0.02293,5386.0,0.02294,27738.0
1753617939183,12:05:39.183,phemex,ACH/USDT:USDT,0.02292,80627.0,0.02291,77095.0,0.02294,27738.0,0.02295,72687.0
1753617939211,12:05:39.211,phemex,ACH/USDT:USDT,0.02292,80627.0,0.02291,77095.0,0.02294,27738.0,0.02295,72687.0
1753617939244,12:05:39.244,phemex,ACH/USDT:USDT,0.02293,5524.0,0.02292,80627.0,0.02294,27738.0,0.02295,72687.0
1753617939329,12:05:39.329,phemex,ACH/USDT:USDT,0.02292,80627.0,0.02291,77095.0,0.02294,27738.0,0.02295,72687.0
1753617939881,12:05:39.881,phemex,ACH/USDT:USDT,0.02292,80627.0,0.02291,77095.0,0.02293,5524.0,0.02294,27738.0
1753617940403,12:05:40.403,phemex,ACH/USDT:USDT,0.02292,71901.0,0.02291,77095.0,0.02293,38671.0,0.02294,89011.0
1753617940512,12:05:40.512,phemex,ACH/USDT:USDT,0.02292,71901.0,0.02291,77095.0,0.02293,38671.0,0.02294,89011.0
1753617941065,12:05:41.065,phemex,ACH/USDT:USDT,0.02292,71901.0,0.02291,77095.0,0.02293,38671.0,0.02294,89011.0
1753617945313,12:05:45.313,phemex,ACH/USDT:USDT,0.02292,71901.0,0.02291,77095.0,0.02293,38671.0,0.02294,89011.0
1753617945609,12:05:45.609,phemex,ACH/USDT:USDT,0.02292,66298.0,0.02291,77095.0,0.02293,38671.0,0.02294,89011.0
1753617945630,12:05:45.630,phemex,ACH/USDT:USDT,0.02292,66298.0,0.02291,77095.0,0.02293,38671.0,0.02294,89011.0
1753617949067,12:05:49.067,phemex,ACH/USDT:USDT,0.02292,66298.0,0.02291,77095.0,0.02293,38671.0,0.02294,89011.0
1753617950848,12:05:50.848,phemex,ACH/USDT:USDT,0.02292,57298.0,0.02291,77095.0,0.02293,38671.0,0.02294,89011.0
1753617954004,12:05:54.004,phemex,ACH/USDT:USDT,0.02292,57298.0,0.02291,77095.0,0.02293,38671.0,0.02294,89011.0
1753617957556,12:05:57.556,phemex,ACH/USDT:USDT,0.02292,57298.0,0.02291,77095.0,0.02293,38671.0,0.02294,89011.0
1753617959704,12:05:59.704,phemex,ACH/USDT:USDT,0.02292,56995.0,0.02291,77095.0,0.02293,38671.0,0.02294,89011.0
1753617963179,12:06:03.179,phemex,ACH/USDT:USDT,0.02291,5422.0,0.0229,179220.0,0.02292,37881.0,0.02293,78102.0
1753617963179,12:06:03.179,phemex,ACH/USDT:USDT,0.02291,5422.0,0.0229,179220.0,0.02292,37881.0,0.02293,78102.0
1753617964916,12:06:04.916,phemex,ACH/USDT:USDT,0.0229,179220.0,0.02289,40832.0,0.02292,37881.0,0.02293,78102.0
1753617964961,12:06:04.961,phemex,ACH/USDT:USDT,0.02291,5422.0,0.0229,179220.0,0.02292,37881.0,0.02293,78102.0
1753617969569,12:06:09.569,phemex,ACH/USDT:USDT,0.02291,5422.0,0.0229,179220.0,0.02292,36856.0,0.02293,78102.0
1753617971429,12:06:11.429,phemex,ACH/USDT:USDT,0.02291,5422.0,0.0229,179220.0,0.02292,36731.0,0.02293,78102.0
1753617973939,12:06:13.939,phemex,ACH/USDT:USDT,0.02291,5422.0,0.0229,179220.0,0.02292,36731.0,0.02293,78102.0
1753617974070,12:06:14.070,phemex,ACH/USDT:USDT,0.02291,5422.0,0.0229,179220.0,0.02292,36631.0,0.02293,78102.0
1753617979619,12:06:19.619,phemex,ACH/USDT:USDT,0.02291,35367.0,0.0229,40074.0,0.02292,5422.0,0.02293,5524.0
1753617979701,12:06:19.701,phemex,ACH/USDT:USDT,0.02291,35367.0,0.0229,40074.0,0.02293,5524.0,0.02294,89011.0
1753617979890,12:06:19.890,phemex,ACH/USDT:USDT,0.02291,35367.0,0.0229,40074.0,0.02293,5524.0,0.02294,89011.0
1753617980141,12:06:20.141,phemex,ACH/USDT:USDT,0.02291,35367.0,0.0229,40074.0,0.02293,5524.0,0.02294,89011.0
1753617980186,12:06:20.186,phemex,ACH/USDT:USDT,0.02291,35367.0,0.0229,40074.0,0.02293,5524.0,0.02294,89011.0
1753617980329,12:06:20.329,phemex,ACH/USDT:USDT,0.02292,5466.0,0.02291,35367.0,0.02293,5524.0,0.02294,89011.0
1753617980713,12:06:20.713,phemex,ACH/USDT:USDT,0.02292,5466.0,0.02291,35367.0,0.02293,5524.0,0.02294,89011.0
1753617980927,12:06:20.927,phemex,ACH/USDT:USDT,0.02292,5466.0,0.02291,35367.0,0.02293,5524.0,0.02294,89011.0
1753617981438,12:06:21.438,phemex,ACH/USDT:USDT,0.02292,5466.0,0.02291,35367.0,0.02293,5524.0,0.02294,89011.0
1753617983911,12:06:23.911,phemex,ACH/USDT:USDT,0.02292,5466.0,0.02291,35367.0,0.02293,5524.0,0.02294,89011.0
1753617986224,12:06:26.224,phemex,ACH/USDT:USDT,0.02292,30695.0,0.02291,142063.0,0.02293,28550.0,0.02294,101792.0
1753617996840,12:06:36.840,phemex,ACH/USDT:USDT,0.02292,25229.0,0.02291,142063.0,0.02293,28550.0,0.02294,101792.0
1753617996856,12:06:36.856,phemex,ACH/USDT:USDT,0.02292,25229.0,0.02291,142063.0,0.02293,28550.0,0.02294,101792.0
1753617997228,12:06:37.228,phemex,ACH/USDT:USDT,0.02291,5422.0,0.0229,91124.0,0.02293,28550.0,0.02294,101792.0
1753617997250,12:06:37.250,phemex,ACH/USDT:USDT,0.02291,5422.0,0.0229,91124.0,0.02292,27492.0,0.02293,76895.0
1753617997314,12:06:37.314,phemex,ACH/USDT:USDT,0.02291,5422.0,0.0229,91124.0,0.02292,32908.0,0.02293,76895.0
1753617997415,12:06:37.415,phemex,ACH/USDT:USDT,0.02291,5422.0,0.0229,91124.0,0.02292,32908.0,0.02293,76895.0
1753617997428,12:06:37.428,phemex,ACH/USDT:USDT,0.02291,5422.0,0.0229,91124.0,0.02292,32908.0,0.02293,76895.0
1753617998404,12:06:38.404,phemex,ACH/USDT:USDT,0.02291,5422.0,0.0229,91124.0,0.02292,32908.0,0.02293,76895.0
1753618000532,12:06:40.532,phemex,ACH/USDT:USDT,0.02291,5422.0,0.0229,91124.0,0.02292,30765.0,0.02293,76895.0
1753618003673,12:06:43.673,phemex,ACH/USDT:USDT,0.0229,91124.0,0.02289,115372.0,0.02292,30765.0,0.02293,76895.0
1753618003695,12:06:43.695,phemex,ACH/USDT:USDT,0.0229,91124.0,0.02289,115372.0,0.02291,5368.0,0.02292,30765.0
1753618003717,12:06:43.717,phemex,ACH/USDT:USDT,0.0229,15466.0,0.02289,172044.0,0.02291,5368.0,0.02292,30765.0
1753618008297,12:06:48.297,phemex,ACH/USDT:USDT,0.0229,22171.0,0.02289,186971.0,0.02291,5368.0,0.02292,30765.0
1753618019863,12:06:59.863,phemex,ACH/USDT:USDT,0.0229,22171.0,0.02289,186971.0,0.02291,5368.0,0.02292,30765.0
1753618022408,12:07:02.408,phemex,ACH/USDT:USDT,0.0229,42464.0,0.02289,71489.0,0.02291,35997.0,0.02292,112682.0
1753618022500,12:07:02.500,phemex,ACH/USDT:USDT,0.0229,32464.0,0.02289,71489.0,0.02291,35997.0,0.02292,112682.0
1753618023354,12:07:03.354,phemex,ACH/USDT:USDT,0.0229,32464.0,0.02289,71489.0,0.02291,35997.0,0.02292,112682.0
1753618023375,12:07:03.375,phemex,ACH/USDT:USDT,0.0229,26998.0,0.02289,71489.0,0.02291,35997.0,0.02292,112682.0
1753618023405,12:07:03.405,phemex,ACH/USDT:USDT,0.0229,26998.0,0.02289,71489.0,0.02291,35997.0,0.02292,112682.0
1753618023466,12:07:03.466,phemex,ACH/USDT:USDT,0.0229,26998.0,0.02289,71489.0,0.02291,35997.0,0.02292,112682.0
1753618023484,12:07:03.484,phemex,ACH/USDT:USDT,0.0229,26998.0,0.02289,71489.0,0.02291,35997.0,0.02292,112682.0
1753618023864,12:07:03.864,phemex,ACH/USDT:USDT,0.0229,26998.0,0.02289,71489.0,0.02291,35997.0,0.02292,112682.0
1753618024146,12:07:04.146,phemex,ACH/USDT:USDT,0.0229,26998.0,0.02289,71489.0,0.02291,35997.0,0.02292,112682.0
1753618024146,12:07:04.146,phemex,ACH/USDT:USDT,0.0229,26998.0,0.02289,71489.0,0.02291,35997.0,0.02292,112682.0
1753618026864,12:07:06.864,phemex,ACH/USDT:USDT,0.0229,22168.0,0.02289,71489.0,0.02291,35997.0,0.02292,112682.0
1753618028113,12:07:08.113,phemex,ACH/USDT:USDT,0.0229,22168.0,0.02289,71489.0,0.02291,35997.0,0.02292,112682.0
1753618028604,12:07:08.604,phemex,ACH/USDT:USDT,0.02291,30996.0,0.0229,195929.0,0.02292,5416.0,0.02293,76895.0
1753618028662,12:07:08.662,phemex,ACH/USDT:USDT,0.02291,30996.0,0.0229,195929.0,0.02292,5416.0,0.02293,76895.0
1753618028907,12:07:08.907,phemex,ACH/USDT:USDT,0.02291,36387.0,0.0229,195929.0,0.02292,5416.0,0.02293,76895.0
1753618029073,12:07:09.073,phemex,ACH/USDT:USDT,0.02291,33887.0,0.0229,195929.0,0.02292,5416.0,0.02293,76895.0
1753618029194,12:07:09.194,phemex,ACH/USDT:USDT,0.02291,5391.0,0.0229,5391.0,0.02292,5416.0,0.02293,76895.0
1753618029235,12:07:09.235,phemex,ACH/USDT:USDT,0.0229,5391.0,0.02289,40832.0,0.02292,5416.0,0.02293,76895.0
1753618032914,12:07:12.914,phemex,ACH/USDT:USDT,0.0229,5391.0,0.02289,40832.0,0.02292,5416.0,0.02293,76895.0
1753618034316,12:07:14.316,phemex,ACH/USDT:USDT,0.02291,23650.0,0.0229,150792.0,0.02292,34700.0,0.02293,90976.0
1753618034383,12:07:14.383,phemex,ACH/USDT:USDT,0.02291,23650.0,0.0229,150792.0,0.02292,29284.0,0.02293,90976.0
1753618034529,12:07:14.529,phemex,ACH/USDT:USDT,0.02291,23650.0,0.0229,150792.0,0.02292,29284.0,0.02293,90976.0
1753618037472,12:07:17.472,phemex,ACH/USDT:USDT,0.02291,21450.0,0.0229,150792.0,0.02292,29284.0,0.02293,90976.0
1753618037706,12:07:17.706,phemex,ACH/USDT:USDT,0.02291,21450.0,0.0229,150792.0,0.02292,29284.0,0.02293,90976.0
1753618037715,12:07:17.715,phemex,ACH/USDT:USDT,0.02291,21450.0,0.0229,150792.0,0.02292,29284.0,0.02293,90976.0
1753618038345,12:07:18.345,phemex,ACH/USDT:USDT,0.0229,11286.0,0.02289,128559.0,0.02292,29284.0,0.02293,90976.0
1753618038465,12:07:18.465,phemex,ACH/USDT:USDT,0.02291,5521.0,0.0229,11286.0,0.02292,29284.0,0.02293,90976.0
1753618038772,12:07:18.772,phemex,ACH/USDT:USDT,0.02291,5521.0,0.0229,11286.0,0.02292,29284.0,0.02293,90976.0
1753618042970,12:07:22.970,phemex,ACH/USDT:USDT,0.0229,11286.0,0.02289,128559.0,0.02292,29284.0,0.02293,90976.0
1753618043003,12:07:23.003,phemex,ACH/USDT:USDT,0.0229,11286.0,0.02289,128559.0,0.02291,5587.0,0.02292,29284.0
1753618043046,12:07:23.046,phemex,ACH/USDT:USDT,0.0229,11286.0,0.02289,128559.0,0.02291,5587.0,0.02292,34871.0
1753618043106,12:07:23.106,phemex,ACH/USDT:USDT,0.0229,11286.0,0.02289,128559.0,0.02291,5587.0,0.02292,34871.0
1753618043490,12:07:23.490,phemex,ACH/USDT:USDT,0.0229,11286.0,0.02289,128559.0,0.02291,5587.0,0.02292,34871.0
1753618045110,12:07:25.110,phemex,ACH/USDT:USDT,0.0229,26177.0,0.02289,128559.0,0.02291,30891.0,0.02292,106087.0
1753618049068,12:07:29.068,phemex,ACH/USDT:USDT,0.0229,26177.0,0.02289,128559.0,0.02291,30891.0,0.02292,106087.0
1753618058049,12:07:38.049,phemex,ACH/USDT:USDT,0.0229,20786.0,0.02289,128559.0,0.02291,30891.0,0.02292,106087.0
1753618058098,12:07:38.098,phemex,ACH/USDT:USDT,0.0229,20786.0,0.02289,128559.0,0.02291,30891.0,0.02292,106087.0
1753618060435,12:07:40.435,phemex,ACH/USDT:USDT,0.0229,20786.0,0.02289,128559.0,0.02291,30891.0,0.02292,106087.0
1753618060454,12:07:40.454,phemex,ACH/USDT:USDT,0.0229,20786.0,0.02289,128559.0,0.02291,30891.0,0.02292,106087.0
1753618063450,12:07:43.450,phemex,ACH/USDT:USDT,0.0229,19546.0,0.02289,128559.0,0.02291,30891.0,0.02292,106087.0
1753618064401,12:07:44.401,phemex,ACH/USDT:USDT,0.02289,49581.0,0.02288,98028.0,0.0229,35201.0,0.02291,100525.0
1753618064564,12:07:44.564,phemex,ACH/USDT:USDT,0.02289,49581.0,0.02288,98028.0,0.0229,35201.0,0.02291,100525.0
1753618064621,12:07:44.621,phemex,ACH/USDT:USDT,0.02289,49581.0,0.02288,98028.0,0.0229,40641.0,0.02291,100525.0
1753618064769,12:07:44.769,phemex,ACH/USDT:USDT,0.02289,49581.0,0.02288,98028.0,0.0229,40641.0,0.02291,100525.0
1753618064808,12:07:44.808,phemex,ACH/USDT:USDT,0.02289,49581.0,0.02288,98028.0,0.0229,40641.0,0.02291,100525.0
1753618064898,12:07:44.898,phemex,ACH/USDT:USDT,0.02289,49581.0,0.02288,98028.0,0.0229,40641.0,0.02291,100525.0
1753618066747,12:07:46.747,phemex,ACH/USDT:USDT,0.02289,49581.0,0.02288,98028.0,0.0229,5440.0,0.02291,5587.0
1753618066850,12:07:46.850,phemex,ACH/USDT:USDT,0.02289,49581.0,0.02288,98028.0,0.02291,5587.0,0.02292,106087.0
1753618067232,12:07:47.232,phemex,ACH/USDT:USDT,0.02289,49581.0,0.02288,98028.0,0.02291,5587.0,0.02292,106087.0
1753618067352,12:07:47.352,phemex,ACH/USDT:USDT,0.02289,49581.0,0.02288,98028.0,0.02291,5587.0,0.02292,106087.0
1753618067414,12:07:47.414,phemex,ACH/USDT:USDT,0.0229,5440.0,0.02289,49581.0,0.02291,5587.0,0.02292,106087.0
1753618067602,12:07:47.602,phemex,ACH/USDT:USDT,0.0229,5440.0,0.02289,49581.0,0.02291,5587.0,0.02292,106087.0
1753618069107,12:07:49.107,phemex,ACH/USDT:USDT,0.0229,5440.0,0.02289,49581.0,0.02291,5587.0,0.02292,106087.0
1753618069114,12:07:49.114,phemex,ACH/USDT:USDT,0.0229,5440.0,0.02289,49581.0,0.02291,5587.0,0.02292,106087.0
1753618069630,12:07:49.630,phemex,ACH/USDT:USDT,0.0229,13440.0,0.02289,49581.0,0.02291,5587.0,0.02292,106087.0
1753618069630,12:07:49.630,phemex,ACH/USDT:USDT,0.0229,35466.0,0.02289,49581.0,0.02291,5587.0,0.02292,106087.0
1753618074669,12:07:54.669,phemex,ACH/USDT:USDT,0.0229,5440.0,0.02289,56242.0,0.02291,32527.0,0.02292,106087.0
1753618075291,12:07:55.291,phemex,ACH/USDT:USDT,0.0229,5440.0,0.02289,56242.0,0.02291,32527.0,0.02292,106087.0
1753618076108,12:07:56.108,phemex,ACH/USDT:USDT,0.0229,5440.0,0.02289,56242.0,0.02291,32527.0,0.02292,106087.0
1753618079857,12:07:59.857,phemex,ACH/USDT:USDT,0.0229,35903.0,0.02289,178830.0,0.02291,32527.0,0.02292,106087.0
1753618079924,12:07:59.924,phemex,ACH/USDT:USDT,0.0229,35903.0,0.02289,178830.0,0.02291,26940.0,0.02292,106087.0
1753618080107,12:08:00.107,phemex,ACH/USDT:USDT,0.0229,35903.0,0.02289,178830.0,0.02291,26940.0,0.02292,106087.0
1753618083440,12:08:03.440,phemex,ACH/USDT:USDT,0.0229,35903.0,0.02289,178830.0,0.02292,106087.0,0.02293,71360.0
1753618083489,12:08:03.489,phemex,ACH/USDT:USDT,0.0229,35903.0,0.02289,178830.0,0.02292,106087.0,0.02293,71360.0
1753618083516,12:08:03.516,phemex,ACH/USDT:USDT,0.0229,35903.0,0.02289,178830.0,0.02291,5432.0,0.02292,106087.0
1753618083607,12:08:03.607,phemex,ACH/USDT:USDT,0.0229,35903.0,0.02289,178830.0,0.02292,106087.0,0.02293,71360.0
1753618083631,12:08:03.631,phemex,ACH/USDT:USDT,0.0229,35903.0,0.02289,178830.0,0.02292,106087.0,0.02293,71360.0
1753618083651,12:08:03.651,phemex,ACH/USDT:USDT,0.0229,35903.0,0.02289,178830.0,0.02291,5432.0,0.02292,106087.0
1753618083710,12:08:03.710,phemex,ACH/USDT:USDT,0.0229,35903.0,0.02289,178830.0,0.02291,5432.0,0.02292,106087.0
1753618084718,12:08:04.718,phemex,ACH/USDT:USDT,0.0229,35903.0,0.02289,178830.0,0.02291,5432.0,0.02292,106087.0
1753618089072,12:08:09.072,phemex,ACH/USDT:USDT,0.0229,35903.0,0.02289,178830.0,0.02291,5432.0,0.02292,106087.0
1753618089507,12:08:09.507,phemex,ACH/USDT:USDT,0.0229,35903.0,0.02289,178830.0,0.02291,5432.0,0.02292,106087.0
1753618089517,12:08:09.517,phemex,ACH/USDT:USDT,0.0229,35903.0,0.02289,178830.0,0.02291,5432.0,0.02292,106087.0
1753618090492,12:08:10.492,phemex,ACH/USDT:USDT,0.0229,35903.0,0.02289,178830.0,0.02292,106087.0,0.02293,71360.0
1753618090590,12:08:10.590,phemex,ACH/USDT:USDT,0.02291,5519.0,0.0229,35903.0,0.02292,106087.0,0.02293,71360.0
1753618090624,12:08:10.624,phemex,ACH/USDT:USDT,0.02291,5519.0,0.0229,35903.0,0.02292,106087.0,0.02293,71360.0
1753618090771,12:08:10.771,phemex,ACH/USDT:USDT,0.02291,5519.0,0.0229,35903.0,0.02292,14895.0,0.02293,80980.0
1753618090771,12:08:10.771,phemex,ACH/USDT:USDT,0.02291,5519.0,0.0229,35903.0,0.02292,14895.0,0.02293,80980.0
1753618090802,12:08:10.802,phemex,ACH/USDT:USDT,0.0229,35903.0,0.02289,178830.0,0.02292,14895.0,0.02293,80980.0
1753618090910,12:08:10.910,phemex,ACH/USDT:USDT,0.0229,35903.0,0.02289,178830.0,0.02291,5519.0,0.02292,14895.0
1753618092203,12:08:12.203,phemex,ACH/USDT:USDT,0.0229,35903.0,0.02289,178830.0,0.02292,14895.0,0.02293,80980.0
1753618092267,12:08:12.267,phemex,ACH/USDT:USDT,0.0229,35903.0,0.02289,178830.0,0.02292,14895.0,0.02293,80980.0
1753618092369,12:08:12.369,phemex,ACH/USDT:USDT,0.02291,5519.0,0.0229,35903.0,0.02292,14895.0,0.02293,80980.0
1753618094307,12:08:14.307,phemex,ACH/USDT:USDT,0.02291,28372.0,0.0229,78086.0,0.02292,14895.0,0.02293,80980.0
1753618094328,12:08:14.328,phemex,ACH/USDT:USDT,0.02291,28372.0,0.0229,78086.0,0.02292,14895.0,0.02293,80980.0
1753618096369,12:08:16.369,phemex,ACH/USDT:USDT,0.02291,22853.0,0.0229,78086.0,0.02292,14895.0,0.02293,80980.0
1753618097399,12:08:17.399,phemex,ACH/USDT:USDT,0.02291,22853.0,0.0229,78086.0,0.02292,14895.0,0.02293,80980.0
1753618097416,12:08:17.416,phemex,ACH/USDT:USDT,0.02291,22853.0,0.0229,78086.0,0.02292,14895.0,0.02293,80980.0
1753618099040,12:08:19.040,phemex,ACH/USDT:USDT,0.02291,9903.0,0.0229,78086.0,0.02292,14895.0,0.02293,80980.0
1753618099263,12:08:19.263,phemex,ACH/USDT:USDT,0.02291,15421.0,0.0229,78086.0,0.02292,14895.0,0.02293,80980.0
1753618100522,12:08:20.522,phemex,ACH/USDT:USDT,0.02291,15421.0,0.0229,78086.0,0.02292,14895.0,0.02293,80980.0
1753618101948,12:08:21.948,phemex,ACH/USDT:USDT,0.02291,15421.0,0.0229,78086.0,0.02292,14895.0,0.02293,80980.0
1753618102004,12:08:22.004,phemex,ACH/USDT:USDT,0.02291,23514.0,0.0229,78086.0,0.02293,5524.0,0.02294,110600.0
