timestamp,time,exchange,symbol,bid1_price,bid1_volume,bid2_price,bid2_volume,ask1_price,ask1_volume,ask2_price,ask2_volume
1753617163535,11:52:43.535,phemex,AAVE/USDT:USDT,295.51,0.4,295.5,4.4,295.56,1.8,295.57,3.6
1753617163669,11:52:43.669,phemex,AAVE/USDT:USDT,295.51,0.4,295.5,4.4,295.56,1.8,295.57,3.6
1753617163670,11:52:43.670,phemex,AAVE/USDT:USDT,295.51,0.4,295.5,4.4,295.56,1.8,295.57,3.6
1753617164070,11:52:44.070,phemex,AAVE/USDT:USDT,295.51,0.4,295.5,4.4,295.56,1.8,295.57,3.6
1753617164287,11:52:44.287,phemex,AAVE/USDT:USDT,295.51,0.4,295.5,4.4,295.56,1.8,295.57,3.6
1753617164305,11:52:44.305,phemex,AAVE/USDT:USDT,295.51,0.4,295.5,4.4,295.56,1.8,295.57,3.6
1753617164385,11:52:44.385,phemex,AAVE/USDT:USDT,295.51,0.4,295.5,4.4,295.56,1.8,295.57,3.6
1753617164470,11:52:44.470,phemex,AAVE/USDT:USDT,295.51,0.4,295.5,4.4,295.56,1.8,295.57,3.6
1753617164553,11:52:44.553,phemex,AAVE/USDT:USDT,295.51,0.4,295.5,4.4,295.56,1.8,295.57,3.6
1753617164563,11:52:44.563,phemex,AAVE/USDT:USDT,295.51,0.4,295.5,4.4,295.56,1.8,295.57,3.6
1753617164755,11:52:44.755,phemex,AAVE/USDT:USDT,295.51,0.4,295.5,4.4,295.56,1.8,295.57,3.6
1753617164787,11:52:44.787,phemex,AAVE/USDT:USDT,295.51,0.4,295.5,4.4,295.56,1.8,295.57,3.6
1753617164897,11:52:44.897,phemex,AAVE/USDT:USDT,295.51,0.4,295.5,4.4,295.56,1.8,295.57,3.6
1753617164946,11:52:44.946,phemex,AAVE/USDT:USDT,295.51,0.4,295.5,4.4,295.56,1.8,295.57,3.6
1753617165000,11:52:45.000,phemex,AAVE/USDT:USDT,295.51,0.4,295.5,4.4,295.56,1.8,295.57,3.6
1753617165107,11:52:45.107,phemex,AAVE/USDT:USDT,295.51,0.4,295.5,4.4,295.56,1.8,295.57,3.6
1753617165214,11:52:45.214,phemex,AAVE/USDT:USDT,295.51,0.4,295.5,4.4,295.56,1.8,295.57,3.6
1753617167297,11:52:47.297,phemex,AAVE/USDT:USDT,295.51,0.4,295.5,4.4,295.56,1.8,295.57,3.6
1753617168054,11:52:48.054,phemex,AAVE/USDT:USDT,295.51,0.4,295.5,4.4,295.56,1.8,295.57,3.6
1753617168402,11:52:48.402,phemex,AAVE/USDT:USDT,295.51,0.4,295.5,4.4,295.56,1.8,295.57,3.6
1753617168654,11:52:48.654,phemex,AAVE/USDT:USDT,295.51,0.4,295.5,4.4,295.56,1.8,295.59,7.0
1753617168742,11:52:48.742,phemex,AAVE/USDT:USDT,295.51,0.4,295.5,4.4,295.56,1.8,295.59,7.0
1753617168764,11:52:48.764,phemex,AAVE/USDT:USDT,295.51,0.4,295.5,4.4,295.56,1.8,295.59,7.0
1753617168921,11:52:48.921,phemex,AAVE/USDT:USDT,295.51,0.4,295.5,4.4,295.56,1.8,295.59,7.0
1753617169029,11:52:49.029,phemex,AAVE/USDT:USDT,295.51,0.4,295.5,4.4,295.56,1.8,295.59,7.0
1753617169407,11:52:49.407,phemex,AAVE/USDT:USDT,295.51,0.4,295.5,4.4,295.56,1.8,295.59,7.0
1753617170248,11:52:50.248,phemex,AAVE/USDT:USDT,295.51,0.4,295.5,4.4,295.56,1.8,295.59,7.0
1753617170301,11:52:50.301,phemex,AAVE/USDT:USDT,295.51,0.4,295.5,4.4,295.56,1.8,295.59,7.0
1753617170407,11:52:50.407,phemex,AAVE/USDT:USDT,295.51,0.4,295.5,4.4,295.56,1.8,295.59,7.0
1753617170447,11:52:50.447,phemex,AAVE/USDT:USDT,295.51,0.4,295.5,4.4,295.56,1.8,295.59,7.0
1753617170620,11:52:50.620,phemex,AAVE/USDT:USDT,295.51,0.4,295.5,4.4,295.56,1.8,295.59,7.0
1753617170728,11:52:50.728,phemex,AAVE/USDT:USDT,295.51,0.4,295.5,4.4,295.56,1.8,295.59,7.0
1753617171523,11:52:51.523,phemex,AAVE/USDT:USDT,295.51,0.4,295.5,4.4,295.56,1.8,295.6,1.8
1753617171573,11:52:51.573,phemex,AAVE/USDT:USDT,295.51,0.4,295.5,4.4,295.56,1.8,295.6,1.8
1753617171659,11:52:51.659,phemex,AAVE/USDT:USDT,295.51,0.4,295.5,4.4,295.56,1.8,295.6,1.8
1753617171680,11:52:51.680,phemex,AAVE/USDT:USDT,295.51,0.4,295.5,4.4,295.56,1.8,295.6,1.8
1753617171730,11:52:51.730,phemex,AAVE/USDT:USDT,295.51,0.4,295.5,4.4,295.56,1.8,295.6,1.8
1753617171757,11:52:51.757,phemex,AAVE/USDT:USDT,295.51,0.4,295.5,4.4,295.56,1.8,295.6,1.8
1753617171784,11:52:51.784,phemex,AAVE/USDT:USDT,295.51,0.4,295.5,4.4,295.56,1.8,295.6,1.8
1753617171811,11:52:51.811,phemex,AAVE/USDT:USDT,295.51,0.4,295.5,4.4,295.56,1.8,295.6,1.8
1753617171847,11:52:51.847,phemex,AAVE/USDT:USDT,295.51,0.4,295.5,4.4,295.56,1.8,295.6,1.8
1753617171890,11:52:51.890,phemex,AAVE/USDT:USDT,295.51,0.4,295.5,4.4,295.56,1.8,295.6,1.8
1753617171912,11:52:51.912,phemex,AAVE/USDT:USDT,295.51,0.4,295.5,4.4,295.56,1.8,295.6,1.8
1753617171952,11:52:51.952,phemex,AAVE/USDT:USDT,295.51,0.4,295.5,4.4,295.56,1.8,295.6,1.8
1753617171981,11:52:51.981,phemex,AAVE/USDT:USDT,295.51,0.4,295.5,4.4,295.56,1.8,295.6,1.8
1753617172133,11:52:52.133,phemex,AAVE/USDT:USDT,295.51,0.4,295.5,4.4,295.56,1.8,295.6,1.8
1753617172168,11:52:52.168,phemex,AAVE/USDT:USDT,295.51,0.4,295.5,4.4,295.56,1.8,295.6,1.8
1753617172219,11:52:52.219,phemex,AAVE/USDT:USDT,295.51,0.4,295.5,4.4,295.56,1.8,295.6,1.8
1753617172333,11:52:52.333,phemex,AAVE/USDT:USDT,295.51,0.4,295.5,4.4,295.56,1.8,295.6,1.8
1753617172855,11:52:52.855,phemex,AAVE/USDT:USDT,295.51,0.4,295.5,4.4,295.56,1.8,295.6,1.8
1753617172913,11:52:52.913,phemex,AAVE/USDT:USDT,295.51,0.4,295.5,4.4,295.56,1.8,295.6,1.8
1753617172963,11:52:52.963,phemex,AAVE/USDT:USDT,295.51,0.4,295.5,4.4,295.56,1.8,295.6,1.8
1753617173003,11:52:53.003,phemex,AAVE/USDT:USDT,295.51,0.4,295.5,4.4,295.56,1.8,295.6,1.8
1753617173044,11:52:53.044,phemex,AAVE/USDT:USDT,295.51,0.4,295.5,4.4,295.56,1.8,295.6,1.8
1753617173300,11:52:53.300,phemex,AAVE/USDT:USDT,295.51,0.4,295.5,4.4,295.56,1.8,295.6,1.8
1753617173538,11:52:53.538,phemex,AAVE/USDT:USDT,295.51,0.4,295.5,4.4,295.56,1.8,295.6,1.8
1753617173564,11:52:53.564,phemex,AAVE/USDT:USDT,295.51,0.4,295.5,4.4,295.56,1.8,295.6,1.8
1753617173600,11:52:53.600,phemex,AAVE/USDT:USDT,295.51,0.4,295.5,4.4,295.56,1.8,295.6,1.8
1753617174044,11:52:54.044,phemex,AAVE/USDT:USDT,295.51,0.4,295.5,4.4,295.56,1.8,295.6,1.8
1753617174097,11:52:54.097,phemex,AAVE/USDT:USDT,295.51,0.4,295.5,4.4,295.56,1.8,295.6,1.8
1753617174131,11:52:54.131,phemex,AAVE/USDT:USDT,295.51,0.4,295.5,4.4,295.56,1.8,295.6,1.8
1753617174181,11:52:54.181,phemex,AAVE/USDT:USDT,295.51,0.4,295.5,4.4,295.56,1.8,295.6,1.8
1753617174342,11:52:54.342,phemex,AAVE/USDT:USDT,295.51,0.4,295.5,4.4,295.56,1.8,295.6,1.8
1753617174423,11:52:54.423,phemex,AAVE/USDT:USDT,295.51,0.4,295.5,4.4,295.56,1.8,295.6,1.8
1753617174449,11:52:54.449,phemex,AAVE/USDT:USDT,295.51,0.4,295.5,4.4,295.56,1.8,295.6,1.8
1753617174498,11:52:54.498,phemex,AAVE/USDT:USDT,295.51,0.4,295.5,4.4,295.56,1.8,295.6,1.8
1753617174502,11:52:54.502,phemex,AAVE/USDT:USDT,295.51,0.4,295.5,4.4,295.56,1.8,295.6,1.8
1753617174555,11:52:54.555,phemex,AAVE/USDT:USDT,295.51,0.4,295.5,4.4,295.56,1.8,295.6,1.8
1753617176134,11:52:56.134,phemex,AAVE/USDT:USDT,295.51,0.4,295.5,4.4,295.56,1.8,295.6,1.8
1753617176187,11:52:56.187,phemex,AAVE/USDT:USDT,295.51,0.4,295.5,4.4,295.56,1.8,295.6,1.8
1753617176211,11:52:56.211,phemex,AAVE/USDT:USDT,295.51,0.4,295.5,4.4,295.56,1.8,295.6,1.8
1753617176359,11:52:56.359,phemex,AAVE/USDT:USDT,295.51,0.4,295.5,4.4,295.56,1.8,295.6,1.8
1753617176571,11:52:56.571,phemex,AAVE/USDT:USDT,295.51,0.4,295.5,4.4,295.56,1.8,295.6,1.8
1753617176677,11:52:56.677,phemex,AAVE/USDT:USDT,295.51,0.4,295.5,4.4,295.56,1.8,295.6,1.8
1753617176739,11:52:56.739,phemex,AAVE/USDT:USDT,295.51,0.4,295.5,4.4,295.56,1.8,295.6,1.8
1753617176898,11:52:56.898,phemex,AAVE/USDT:USDT,295.51,0.4,295.5,4.4,295.56,1.8,295.6,1.8
1753617177005,11:52:57.005,phemex,AAVE/USDT:USDT,295.51,0.4,295.5,4.4,295.56,1.8,295.6,1.8
1753617177525,11:52:57.525,phemex,AAVE/USDT:USDT,295.51,0.4,295.5,4.4,295.56,1.8,295.6,1.8
1753617177632,11:52:57.632,phemex,AAVE/USDT:USDT,295.51,0.4,295.5,4.4,295.56,1.8,295.6,1.8
1753617179245,11:52:59.245,phemex,AAVE/USDT:USDT,295.51,0.4,295.5,4.4,295.56,1.8,295.6,1.8
1753617180057,11:53:00.057,phemex,AAVE/USDT:USDT,295.51,0.4,295.5,4.4,295.56,1.8,295.6,1.8
1753617180505,11:53:00.505,phemex,AAVE/USDT:USDT,295.51,0.4,295.5,4.4,295.56,1.8,295.6,1.8
1753617180541,11:53:00.541,phemex,AAVE/USDT:USDT,295.51,0.4,295.5,4.4,295.56,1.8,295.6,1.8
1753617180567,11:53:00.567,phemex,AAVE/USDT:USDT,295.51,0.4,295.5,4.4,295.56,1.8,295.6,1.8
1753617180764,11:53:00.764,phemex,AAVE/USDT:USDT,295.51,0.4,295.5,4.4,295.56,1.8,295.59,0.4
1753617180902,11:53:00.902,phemex,AAVE/USDT:USDT,295.51,0.4,295.5,4.4,295.56,1.8,295.6,1.8
1753617181092,11:53:01.092,phemex,AAVE/USDT:USDT,295.51,0.4,295.5,4.4,295.56,1.8,295.59,0.4
1753617181168,11:53:01.168,phemex,AAVE/USDT:USDT,295.51,0.4,295.5,4.4,295.56,1.8,295.59,0.4
1753617181215,11:53:01.215,phemex,AAVE/USDT:USDT,295.51,0.4,295.5,4.4,295.56,1.8,295.59,0.4
1753617181702,11:53:01.702,phemex,AAVE/USDT:USDT,295.51,0.4,295.5,4.4,295.56,1.8,295.59,0.4
1753617181808,11:53:01.808,phemex,AAVE/USDT:USDT,295.51,0.4,295.5,4.4,295.56,1.8,295.59,0.4
1753617181809,11:53:01.809,phemex,AAVE/USDT:USDT,295.51,0.4,295.5,4.4,295.56,1.8,295.59,0.4
1753617182053,11:53:02.053,phemex,AAVE/USDT:USDT,295.51,0.4,295.5,4.4,295.56,1.8,295.59,0.4
1753617182124,11:53:02.124,phemex,AAVE/USDT:USDT,295.51,0.4,295.5,4.4,295.56,1.8,295.59,0.4
1753617182140,11:53:02.140,phemex,AAVE/USDT:USDT,295.51,0.4,295.5,4.4,295.56,1.8,295.6,1.8
1753617182413,11:53:02.413,phemex,AAVE/USDT:USDT,295.51,0.4,295.5,4.4,295.56,1.8,295.6,1.8
1753617182439,11:53:02.439,phemex,AAVE/USDT:USDT,295.51,0.4,295.5,4.4,295.56,1.8,295.6,1.8
1753617182497,11:53:02.497,phemex,AAVE/USDT:USDT,295.51,0.4,295.5,4.4,295.56,1.8,295.6,1.8
1753617182643,11:53:02.643,phemex,AAVE/USDT:USDT,295.51,0.4,295.5,4.4,295.6,1.8,295.63,0.9
1753617182664,11:53:02.664,phemex,AAVE/USDT:USDT,295.51,0.4,295.5,4.4,295.65,1.7,295.67,0.9
1753617182693,11:53:02.693,phemex,AAVE/USDT:USDT,295.51,0.4,295.5,4.4,295.65,1.7,295.67,0.9
1753617182743,11:53:02.743,phemex,AAVE/USDT:USDT,295.51,0.4,295.5,4.4,295.65,1.7,295.67,0.9
1753617182787,11:53:02.787,phemex,AAVE/USDT:USDT,295.51,0.4,295.5,4.4,295.65,1.7,295.67,0.9
1753617182831,11:53:02.831,phemex,AAVE/USDT:USDT,295.51,0.4,295.5,4.4,295.65,1.7,295.67,0.9
1753617182924,11:53:02.924,phemex,AAVE/USDT:USDT,295.51,0.4,295.5,4.4,295.65,1.7,295.67,0.9
1753617183381,11:53:03.381,phemex,AAVE/USDT:USDT,295.51,0.4,295.5,4.4,295.65,1.7,295.67,0.9
1753617183428,11:53:03.428,phemex,AAVE/USDT:USDT,295.51,0.4,295.5,4.4,295.67,0.9,295.69,3.3
1753617183446,11:53:03.446,phemex,AAVE/USDT:USDT,295.51,0.4,295.5,4.4,295.67,0.9,295.69,3.3
1753617183477,11:53:03.477,phemex,AAVE/USDT:USDT,295.51,0.4,295.5,4.4,295.67,0.9,295.69,1.8
1753617183516,11:53:03.516,phemex,AAVE/USDT:USDT,295.51,0.4,295.5,4.4,295.64,1.8,295.67,0.9
1753617183575,11:53:03.575,phemex,AAVE/USDT:USDT,295.51,0.4,295.5,4.4,295.64,1.8,295.67,0.9
1753617183599,11:53:03.599,phemex,AAVE/USDT:USDT,295.51,0.4,295.5,4.4,295.64,1.8,295.67,0.9
1753617183604,11:53:03.604,phemex,AAVE/USDT:USDT,295.51,0.4,295.5,4.4,295.64,1.8,295.67,0.9
1753617183653,11:53:03.653,phemex,AAVE/USDT:USDT,295.51,0.4,295.5,4.4,295.64,1.8,295.67,0.9
1753617183674,11:53:03.674,phemex,AAVE/USDT:USDT,295.51,0.4,295.5,4.4,295.64,1.8,295.69,1.8
1753617183687,11:53:03.687,phemex,AAVE/USDT:USDT,295.51,0.4,295.5,4.4,295.64,1.8,295.69,1.8
1753617183725,11:53:03.725,phemex,AAVE/USDT:USDT,295.51,0.4,295.5,4.4,295.64,1.8,295.69,1.8
1753617183804,11:53:03.804,phemex,AAVE/USDT:USDT,295.51,0.4,295.5,4.4,295.64,1.8,295.69,1.8
1753617183844,11:53:03.844,phemex,AAVE/USDT:USDT,295.51,0.4,295.5,4.4,295.64,1.8,295.69,1.8
1753617183858,11:53:03.858,phemex,AAVE/USDT:USDT,295.51,0.4,295.5,4.4,295.64,1.8,295.69,1.8
1753617183944,11:53:03.944,phemex,AAVE/USDT:USDT,295.51,0.4,295.5,4.4,295.64,1.8,295.69,1.8
1753617183964,11:53:03.964,phemex,AAVE/USDT:USDT,295.51,0.4,295.5,4.4,295.64,1.8,295.69,1.8
1753617184151,11:53:04.151,phemex,AAVE/USDT:USDT,295.51,0.4,295.5,4.4,295.64,1.8,295.69,1.8
1753617184198,11:53:04.198,phemex,AAVE/USDT:USDT,295.51,0.4,295.5,4.4,295.64,1.8,295.69,1.8
1753617184263,11:53:04.263,phemex,AAVE/USDT:USDT,295.51,0.4,295.5,4.4,295.64,1.8,295.69,1.8
1753617184450,11:53:04.450,phemex,AAVE/USDT:USDT,295.51,0.4,295.5,4.4,295.64,1.8,295.69,1.8
1753617184558,11:53:04.558,phemex,AAVE/USDT:USDT,295.51,0.4,295.5,4.4,295.64,1.8,295.69,1.8
1753617184615,11:53:04.615,phemex,AAVE/USDT:USDT,295.51,0.4,295.5,4.4,295.64,1.8,295.69,1.8
1753617184663,11:53:04.663,phemex,AAVE/USDT:USDT,295.51,0.4,295.5,4.4,295.64,1.8,295.69,1.8
1753617184769,11:53:04.769,phemex,AAVE/USDT:USDT,295.51,0.4,295.5,4.4,295.64,1.8,295.69,1.8
1753617184885,11:53:04.885,phemex,AAVE/USDT:USDT,295.51,0.4,295.5,4.4,295.64,1.8,295.69,1.8
1753617184994,11:53:04.994,phemex,AAVE/USDT:USDT,295.51,0.4,295.5,4.4,295.69,1.8,295.72,1.0
1753617185009,11:53:05.009,phemex,AAVE/USDT:USDT,295.51,0.4,295.5,4.4,295.69,1.8,295.72,1.0
1753617185070,11:53:05.070,phemex,AAVE/USDT:USDT,295.51,0.4,295.5,4.4,295.72,1.0,295.73,6.6
1753617185090,11:53:05.090,phemex,AAVE/USDT:USDT,295.51,0.4,295.5,4.4,295.72,1.0,295.73,6.6
1753617185462,11:53:05.462,phemex,AAVE/USDT:USDT,295.51,0.4,295.5,4.4,295.72,2.8,295.73,6.6
1753617185804,11:53:05.804,phemex,AAVE/USDT:USDT,295.51,0.4,295.5,4.4,295.71,0.4,295.72,2.8
1753617185832,11:53:05.832,phemex,AAVE/USDT:USDT,295.51,0.4,295.5,4.4,295.72,2.8,295.73,6.6
1753617185833,11:53:05.833,phemex,AAVE/USDT:USDT,295.51,0.4,295.5,4.4,295.72,2.8,295.73,6.6
1753617185856,11:53:05.856,phemex,AAVE/USDT:USDT,295.51,0.4,295.5,4.4,295.7,0.4,295.72,2.8
1753617185878,11:53:05.878,phemex,AAVE/USDT:USDT,295.51,0.4,295.5,4.4,295.69,0.2,295.7,0.4
1753617185912,11:53:05.912,phemex,AAVE/USDT:USDT,295.51,0.4,295.5,4.4,295.69,0.2,295.72,2.8
1753617185953,11:53:05.953,phemex,AAVE/USDT:USDT,295.51,0.4,295.5,4.4,295.72,2.8,295.73,6.6
1753617185972,11:53:05.972,phemex,AAVE/USDT:USDT,295.51,0.4,295.5,4.4,295.72,2.8,295.73,6.6
1753617186032,11:53:06.032,phemex,AAVE/USDT:USDT,295.51,0.4,295.5,4.4,295.72,2.8,295.73,6.6
1753617186052,11:53:06.052,phemex,AAVE/USDT:USDT,295.51,0.4,295.5,4.4,295.72,2.8,295.73,6.6
1753617186139,11:53:06.139,phemex,AAVE/USDT:USDT,295.7,5.6,295.61,3.7,295.72,2.8,295.73,6.6
1753617186160,11:53:06.160,phemex,AAVE/USDT:USDT,295.7,5.6,295.61,3.7,295.72,2.8,295.73,6.6
1753617186164,11:53:06.164,phemex,AAVE/USDT:USDT,295.7,5.6,295.67,2.4,295.72,2.8,295.73,6.6
1753617186249,11:53:06.249,phemex,AAVE/USDT:USDT,295.7,5.6,295.67,2.4,295.72,2.8,295.73,6.6
1753617186286,11:53:06.286,phemex,AAVE/USDT:USDT,295.7,5.6,295.67,2.8,295.72,2.8,295.73,6.6
1753617186503,11:53:06.503,phemex,AAVE/USDT:USDT,295.7,5.6,295.67,2.8,295.72,2.8,295.73,6.6
1753617186613,11:53:06.613,phemex,AAVE/USDT:USDT,295.7,5.6,295.67,2.8,295.72,2.8,295.73,6.6
1753617186638,11:53:06.638,phemex,AAVE/USDT:USDT,295.7,5.6,295.67,2.8,295.72,2.8,295.73,6.6
1753617186691,11:53:06.691,phemex,AAVE/USDT:USDT,295.7,5.6,295.67,2.8,295.72,2.8,295.73,6.6
1753617186738,11:53:06.738,phemex,AAVE/USDT:USDT,295.71,0.4,295.7,5.6,295.72,2.8,295.73,6.6
1753617186791,11:53:06.791,phemex,AAVE/USDT:USDT,295.71,0.4,295.7,5.6,295.72,2.8,295.73,6.6
1753617186811,11:53:06.811,phemex,AAVE/USDT:USDT,295.71,0.4,295.7,5.6,295.72,2.8,295.73,6.6
1753617186900,11:53:06.900,phemex,AAVE/USDT:USDT,295.71,0.4,295.7,5.6,295.72,2.8,295.73,6.6
1753617187004,11:53:07.004,phemex,AAVE/USDT:USDT,295.71,0.4,295.7,5.6,295.72,2.8,295.73,6.6
1753617187064,11:53:07.064,phemex,AAVE/USDT:USDT,295.71,0.4,295.7,5.6,295.72,2.8,295.73,6.6
1753617187090,11:53:07.090,phemex,AAVE/USDT:USDT,295.71,0.4,295.7,5.6,295.72,2.8,295.73,6.6
1753617187188,11:53:07.188,phemex,AAVE/USDT:USDT,295.71,0.4,295.7,5.6,295.72,2.8,295.73,6.6
1753617187224,11:53:07.224,phemex,AAVE/USDT:USDT,295.71,0.4,295.7,5.6,295.72,2.8,295.73,6.6
1753617187261,11:53:07.261,phemex,AAVE/USDT:USDT,295.71,0.4,295.7,5.6,295.72,2.8,295.73,6.6
1753617187327,11:53:07.327,phemex,AAVE/USDT:USDT,295.71,0.4,295.7,5.6,295.72,2.8,295.73,6.6
1753617187428,11:53:07.428,phemex,AAVE/USDT:USDT,295.7,5.6,295.67,2.8,295.72,2.8,295.73,6.6
1753617187480,11:53:07.480,phemex,AAVE/USDT:USDT,295.7,5.6,295.67,2.8,295.72,2.8,295.73,6.6
1753617188695,11:53:08.695,phemex,AAVE/USDT:USDT,295.7,5.6,295.67,2.8,295.71,0.2,295.72,2.8
1753617188757,11:53:08.757,phemex,AAVE/USDT:USDT,295.7,5.6,295.67,2.8,295.71,0.2,295.72,2.8
1753617188811,11:53:08.811,phemex,AAVE/USDT:USDT,295.7,5.6,295.67,2.8,295.71,0.2,295.72,2.8
1753617188883,11:53:08.883,phemex,AAVE/USDT:USDT,295.7,5.6,295.67,2.8,295.72,2.8,295.73,6.6
1753617188894,11:53:08.894,phemex,AAVE/USDT:USDT,295.7,5.6,295.67,2.8,295.72,2.8,295.73,6.6
1753617189211,11:53:09.211,phemex,AAVE/USDT:USDT,295.7,5.6,295.67,2.8,295.71,0.2,295.72,2.8
1753617189240,11:53:09.240,phemex,AAVE/USDT:USDT,295.7,5.6,295.67,2.8,295.72,2.8,295.73,6.6
1753617189281,11:53:09.281,phemex,AAVE/USDT:USDT,295.7,5.6,295.67,2.8,295.72,2.8,295.73,6.6
1753617189822,11:53:09.822,phemex,AAVE/USDT:USDT,295.7,5.6,295.67,2.8,295.72,2.8,295.73,6.6
1753617189850,11:53:09.850,phemex,AAVE/USDT:USDT,295.7,5.6,295.67,2.8,295.72,2.8,295.73,6.6
1753617190091,11:53:10.091,phemex,AAVE/USDT:USDT,295.71,0.4,295.7,5.6,295.72,2.8,295.73,6.6
1753617190114,11:53:10.114,phemex,AAVE/USDT:USDT,295.71,0.4,295.7,5.6,295.72,2.8,295.73,6.6
1753617190134,11:53:10.134,phemex,AAVE/USDT:USDT,295.71,0.4,295.7,5.6,295.72,2.8,295.73,6.6
1753617190518,11:53:10.518,phemex,AAVE/USDT:USDT,295.71,0.4,295.7,5.6,295.72,2.8,295.73,6.6
1753617190563,11:53:10.563,phemex,AAVE/USDT:USDT,295.7,5.6,295.67,2.8,295.72,2.8,295.73,6.6
1753617190605,11:53:10.605,phemex,AAVE/USDT:USDT,295.7,5.6,295.67,2.8,295.72,2.8,295.73,6.6
1753617190738,11:53:10.738,phemex,AAVE/USDT:USDT,295.71,0.4,295.7,5.6,295.72,2.8,295.73,6.6
1753617191064,11:53:11.064,phemex,AAVE/USDT:USDT,295.71,0.4,295.7,5.6,295.72,2.8,295.73,6.6
1753617191107,11:53:11.107,phemex,AAVE/USDT:USDT,295.71,0.4,295.7,5.6,295.72,2.8,295.73,6.6
1753617191176,11:53:11.176,phemex,AAVE/USDT:USDT,295.71,0.4,295.7,6.5,295.72,2.8,295.73,6.6
1753617191231,11:53:11.231,phemex,AAVE/USDT:USDT,295.71,0.4,295.7,6.5,295.72,2.8,295.73,6.6
1753617191300,11:53:11.300,phemex,AAVE/USDT:USDT,295.71,0.4,295.7,6.5,295.72,2.8,295.73,6.6
1753617191637,11:53:11.637,phemex,AAVE/USDT:USDT,295.71,0.4,295.7,6.5,295.72,2.8,295.73,6.6
1753617191708,11:53:11.708,phemex,AAVE/USDT:USDT,295.71,0.4,295.7,6.5,295.72,2.8,295.73,6.6
1753617191737,11:53:11.737,phemex,AAVE/USDT:USDT,295.71,0.4,295.7,6.5,295.72,2.8,295.73,6.6
1753617192073,11:53:12.073,phemex,AAVE/USDT:USDT,295.71,0.4,295.7,6.5,295.72,1.8,295.73,6.6
1753617192458,11:53:12.458,phemex,AAVE/USDT:USDT,295.71,0.4,295.7,6.5,295.72,1.8,295.73,6.6
1753617192508,11:53:12.508,phemex,AAVE/USDT:USDT,295.71,0.4,295.7,6.5,295.72,1.8,295.73,6.6
1753617192762,11:53:12.762,phemex,AAVE/USDT:USDT,295.7,6.5,295.67,2.8,295.72,1.8,295.73,6.6
1753617192770,11:53:12.770,phemex,AAVE/USDT:USDT,295.7,6.5,295.67,2.8,295.72,1.8,295.73,6.6
1753617192994,11:53:12.994,phemex,AAVE/USDT:USDT,295.7,6.5,295.67,2.8,295.72,1.8,295.73,6.6
1753617193652,11:53:13.652,phemex,AAVE/USDT:USDT,295.7,6.5,295.67,2.8,295.72,1.8,295.73,6.6
1753617193705,11:53:13.705,phemex,AAVE/USDT:USDT,295.7,6.5,295.67,2.8,295.72,1.8,295.73,6.6
1753617193741,11:53:13.741,phemex,AAVE/USDT:USDT,295.67,2.8,295.63,11.9,295.72,1.8,295.73,6.6
1753617193764,11:53:13.764,phemex,AAVE/USDT:USDT,295.68,0.4,295.67,2.4,295.72,1.8,295.73,6.6
1753617193806,11:53:13.806,phemex,AAVE/USDT:USDT,295.68,0.4,295.67,2.4,295.72,1.8,295.73,6.6
1753617193887,11:53:13.887,phemex,AAVE/USDT:USDT,295.67,2.4,295.65,0.4,295.72,1.8,295.73,6.6
1753617193945,11:53:13.945,phemex,AAVE/USDT:USDT,295.67,2.4,295.65,0.4,295.72,1.8,295.73,6.6
1753617193991,11:53:13.991,phemex,AAVE/USDT:USDT,295.68,0.4,295.67,2.4,295.72,1.8,295.73,6.6
1753617196098,11:53:16.098,phemex,AAVE/USDT:USDT,295.68,0.4,295.67,2.4,295.72,1.8,295.73,6.6
1753617196459,11:53:16.459,phemex,AAVE/USDT:USDT,295.68,0.4,295.67,2.4,295.72,1.8,295.73,6.6
1753617196475,11:53:16.475,phemex,AAVE/USDT:USDT,295.68,0.4,295.67,2.4,295.72,1.8,295.73,6.6
1753617196617,11:53:16.617,phemex,AAVE/USDT:USDT,295.68,0.4,295.67,2.4,295.72,1.8,295.73,6.6
1753617197006,11:53:17.006,phemex,AAVE/USDT:USDT,295.71,6.4,295.68,0.4,295.72,1.8,295.75,0.4
1753617197086,11:53:17.086,phemex,AAVE/USDT:USDT,295.71,6.4,295.68,0.4,295.72,1.8,295.75,0.4
1753617197099,11:53:17.099,phemex,AAVE/USDT:USDT,295.71,6.4,295.68,0.4,295.72,1.8,295.75,0.4
1753617197176,11:53:17.176,phemex,AAVE/USDT:USDT,295.71,6.4,295.68,0.4,295.72,1.8,295.76,0.7
1753617197209,11:53:17.209,phemex,AAVE/USDT:USDT,295.71,6.4,295.68,0.4,295.72,1.8,295.76,0.7
1753617197219,11:53:17.219,phemex,AAVE/USDT:USDT,295.71,6.4,295.68,0.4,295.72,1.8,295.76,0.7
1753617197331,11:53:17.331,phemex,AAVE/USDT:USDT,295.71,6.4,295.68,0.4,295.72,1.8,295.76,0.7
1753617197434,11:53:17.434,phemex,AAVE/USDT:USDT,295.71,6.4,295.68,0.4,295.72,1.8,295.76,0.7
1753617197652,11:53:17.652,phemex,AAVE/USDT:USDT,295.71,6.4,295.68,0.4,295.72,1.8,295.76,0.7
1753617197775,11:53:17.775,phemex,AAVE/USDT:USDT,295.71,6.4,295.68,0.4,295.72,1.8,295.76,0.7
1753617197828,11:53:17.828,phemex,AAVE/USDT:USDT,295.71,6.4,295.68,0.4,295.72,1.8,295.76,0.7
1753617198084,11:53:18.084,phemex,AAVE/USDT:USDT,295.71,6.4,295.68,0.4,295.72,1.8,295.76,0.7
1753617199222,11:53:19.222,phemex,AAVE/USDT:USDT,295.71,6.4,295.68,0.4,295.72,1.8,295.82,5.3
1753617199241,11:53:19.241,phemex,AAVE/USDT:USDT,295.71,6.4,295.68,0.4,295.86,0.4,295.89,3.9
1753617199255,11:53:19.255,phemex,AAVE/USDT:USDT,295.71,6.4,295.68,0.4,295.86,0.4,295.89,3.9
1753617199274,11:53:19.274,phemex,AAVE/USDT:USDT,295.71,8.8,295.68,0.4,295.86,2.3,295.89,3.9
1753617199298,11:53:19.298,phemex,AAVE/USDT:USDT,295.73,0.4,295.71,8.8,295.86,2.3,295.89,3.9
1753617199303,11:53:19.303,phemex,AAVE/USDT:USDT,295.73,0.4,295.71,8.8,295.86,2.3,295.89,3.9
1753617199361,11:53:19.361,phemex,AAVE/USDT:USDT,295.73,0.4,295.71,8.8,295.86,2.3,295.89,3.9
1753617199430,11:53:19.430,phemex,AAVE/USDT:USDT,295.73,0.4,295.71,8.8,295.84,0.4,295.86,1.9
1753617199531,11:53:19.531,phemex,AAVE/USDT:USDT,295.73,0.4,295.71,8.8,295.84,0.4,295.86,1.9
1753617199576,11:53:19.576,phemex,AAVE/USDT:USDT,295.73,0.4,295.71,8.8,295.84,0.4,295.86,1.9
1753617199624,11:53:19.624,phemex,AAVE/USDT:USDT,295.73,0.4,295.71,8.8,295.84,0.4,295.86,1.9
1753617199992,11:53:19.992,phemex,AAVE/USDT:USDT,295.73,0.4,295.71,8.8,295.79,0.2,295.84,0.4
1753617200011,11:53:20.011,phemex,AAVE/USDT:USDT,295.73,0.4,295.71,8.8,295.77,0.2,295.79,2.1
1753617200025,11:53:20.025,phemex,AAVE/USDT:USDT,295.71,8.8,295.68,0.4,295.75,0.2,295.76,0.2
1753617200050,11:53:20.050,phemex,AAVE/USDT:USDT,295.71,8.8,295.68,0.4,295.75,0.2,295.76,0.2
1753617200081,11:53:20.081,phemex,AAVE/USDT:USDT,295.71,8.8,295.68,0.4,295.74,0.2,295.75,0.2
1753617200087,11:53:20.087,phemex,AAVE/USDT:USDT,295.71,8.8,295.68,0.4,295.74,0.2,295.75,0.2
1753617200109,11:53:20.109,phemex,AAVE/USDT:USDT,295.71,8.8,295.68,0.4,295.73,0.2,295.74,0.2
1753617200145,11:53:20.145,phemex,AAVE/USDT:USDT,295.72,0.4,295.71,8.8,295.73,0.2,295.74,0.2
1753617200174,11:53:20.174,phemex,AAVE/USDT:USDT,295.72,0.4,295.71,8.8,295.75,0.4,295.77,0.2
1753617200187,11:53:20.187,phemex,AAVE/USDT:USDT,295.72,0.4,295.71,8.8,295.75,0.4,295.79,1.9
1753617200234,11:53:20.234,phemex,AAVE/USDT:USDT,295.72,0.4,295.71,8.8,295.79,1.9,295.84,0.4
1753617200254,11:53:20.254,phemex,AAVE/USDT:USDT,295.71,8.8,295.68,0.4,295.79,1.9,295.84,0.4
1753617200276,11:53:20.276,phemex,AAVE/USDT:USDT,295.71,8.8,295.68,0.4,295.79,1.9,295.84,0.4
1753617200294,11:53:20.294,phemex,AAVE/USDT:USDT,295.71,8.8,295.68,0.4,295.79,1.9,295.84,0.4
1753617200338,11:53:20.338,phemex,AAVE/USDT:USDT,295.74,0.4,295.71,8.8,295.79,1.9,295.84,0.4
1753617200488,11:53:20.488,phemex,AAVE/USDT:USDT,295.74,0.4,295.71,8.8,295.79,1.9,295.84,0.4
1753617200557,11:53:20.557,phemex,AAVE/USDT:USDT,295.74,0.4,295.71,8.8,295.79,1.9,295.84,0.4
1753617200704,11:53:20.704,phemex,AAVE/USDT:USDT,295.74,0.4,295.71,8.8,295.79,1.9,295.84,0.4
1753617200917,11:53:20.917,phemex,AAVE/USDT:USDT,295.74,0.4,295.71,8.8,295.79,1.9,295.84,0.4
1753617201099,11:53:21.099,phemex,AAVE/USDT:USDT,295.74,0.4,295.71,8.8,295.79,1.9,295.86,1.9
1753617201126,11:53:21.126,phemex,AAVE/USDT:USDT,295.74,0.4,295.71,8.8,295.79,1.9,295.86,1.9
1753617201137,11:53:21.137,phemex,AAVE/USDT:USDT,295.74,0.4,295.71,8.8,295.79,1.9,295.85,0.4
1753617201213,11:53:21.213,phemex,AAVE/USDT:USDT,295.74,0.4,295.71,8.8,295.79,1.9,295.84,5.7
1753617201291,11:53:21.291,phemex,AAVE/USDT:USDT,295.74,0.4,295.71,8.8,295.79,1.9,295.84,5.7
1753617201344,11:53:21.344,phemex,AAVE/USDT:USDT,295.74,0.4,295.71,8.8,295.79,1.9,295.84,5.7
1753617201451,11:53:21.451,phemex,AAVE/USDT:USDT,295.74,0.4,295.71,8.8,295.79,1.9,295.84,5.7
1753617201594,11:53:21.594,phemex,AAVE/USDT:USDT,295.74,0.4,295.71,8.8,295.79,1.9,295.84,5.7
1753617202001,11:53:22.001,phemex,AAVE/USDT:USDT,295.74,5.0,295.71,8.8,295.79,1.9,295.84,5.7
1753617202017,11:53:22.017,phemex,AAVE/USDT:USDT,295.76,0.4,295.74,4.6,295.79,1.9,295.84,5.7
1753617202059,11:53:22.059,phemex,AAVE/USDT:USDT,295.76,0.4,295.74,4.6,295.79,1.9,295.84,5.7
1753617202165,11:53:22.165,phemex,AAVE/USDT:USDT,295.76,0.4,295.74,4.6,295.79,1.9,295.84,5.7
1753617202191,11:53:22.191,phemex,AAVE/USDT:USDT,295.76,0.4,295.74,4.6,295.79,1.9,295.84,5.7
1753617202244,11:53:22.244,phemex,AAVE/USDT:USDT,295.76,0.4,295.74,4.6,295.79,1.9,295.84,5.7
1753617202300,11:53:22.300,phemex,AAVE/USDT:USDT,295.76,0.4,295.74,4.6,295.79,1.9,295.84,5.7
1753617202387,11:53:22.387,phemex,AAVE/USDT:USDT,295.76,0.4,295.74,4.6,295.79,1.9,295.84,5.7
1753617202664,11:53:22.664,phemex,AAVE/USDT:USDT,295.76,0.4,295.74,4.6,295.79,1.9,295.84,5.7
1753617203976,11:53:23.976,phemex,AAVE/USDT:USDT,295.76,0.4,295.74,4.6,295.79,1.9,295.82,0.4
1753617204022,11:53:24.022,phemex,AAVE/USDT:USDT,295.76,0.4,295.74,4.6,295.79,1.9,295.82,0.4
1753617204084,11:53:24.084,phemex,AAVE/USDT:USDT,295.76,0.4,295.74,4.6,295.79,1.9,295.82,0.4
1753617204145,11:53:24.145,phemex,AAVE/USDT:USDT,295.76,0.4,295.74,4.6,295.79,1.9,295.82,0.4
1753617204347,11:53:24.347,phemex,AAVE/USDT:USDT,295.76,0.4,295.74,4.6,295.79,1.9,295.82,0.4
1753617204691,11:53:24.691,phemex,AAVE/USDT:USDT,295.76,0.4,295.74,4.6,295.79,1.9,295.84,5.7
1753617205022,11:53:25.022,phemex,AAVE/USDT:USDT,295.76,0.4,295.74,4.6,295.79,1.9,295.84,5.7
1753617205170,11:53:25.170,phemex,AAVE/USDT:USDT,295.76,0.4,295.74,4.6,295.79,1.9,295.84,5.7
1753617205227,11:53:25.227,phemex,AAVE/USDT:USDT,295.76,0.4,295.74,4.6,295.79,1.9,295.84,5.7
1753617205273,11:53:25.273,phemex,AAVE/USDT:USDT,295.76,0.4,295.74,4.6,295.79,1.9,295.84,5.7
1753617205323,11:53:25.323,phemex,AAVE/USDT:USDT,295.76,0.4,295.74,4.6,295.79,1.9,295.84,5.7
1753617205375,11:53:25.375,phemex,AAVE/USDT:USDT,295.76,0.4,295.74,4.6,295.79,1.9,295.84,5.7
1753617205646,11:53:25.646,phemex,AAVE/USDT:USDT,295.76,0.4,295.74,4.6,295.79,1.9,295.84,5.7
1753617205692,11:53:25.692,phemex,AAVE/USDT:USDT,295.76,0.4,295.74,4.6,295.79,1.9,295.84,5.7
1753617205703,11:53:25.703,phemex,AAVE/USDT:USDT,295.76,0.4,295.74,4.6,295.79,1.9,295.84,5.7
1753617205767,11:53:25.767,phemex,AAVE/USDT:USDT,295.76,0.4,295.74,4.6,295.79,1.9,295.84,5.7
1753617205807,11:53:25.807,phemex,AAVE/USDT:USDT,295.76,0.4,295.74,4.6,295.79,1.9,295.84,5.7
1753617205912,11:53:25.912,phemex,AAVE/USDT:USDT,295.76,0.4,295.74,4.6,295.79,1.9,295.84,5.7
1753617206004,11:53:26.004,phemex,AAVE/USDT:USDT,295.76,0.4,295.74,4.6,295.79,1.9,295.84,5.7
1753617206088,11:53:26.088,phemex,AAVE/USDT:USDT,295.76,0.4,295.74,4.6,295.79,1.9,295.84,5.7
1753617206131,11:53:26.131,phemex,AAVE/USDT:USDT,295.76,0.4,295.74,4.6,295.79,1.9,295.84,5.7
1753617206173,11:53:26.173,phemex,AAVE/USDT:USDT,295.76,0.4,295.74,4.6,295.79,1.9,295.84,5.7
1753617206353,11:53:26.353,phemex,AAVE/USDT:USDT,295.76,0.4,295.74,4.6,295.79,1.9,295.86,1.9
1753617206385,11:53:26.385,phemex,AAVE/USDT:USDT,295.76,0.4,295.74,4.6,295.86,1.9,295.87,0.7
1753617206421,11:53:26.421,phemex,AAVE/USDT:USDT,295.76,2.9,295.74,4.6,295.86,1.9,295.87,0.7
1753617206477,11:53:26.477,phemex,AAVE/USDT:USDT,295.78,0.4,295.76,2.5,295.86,1.9,295.87,0.7
1753617206564,11:53:26.564,phemex,AAVE/USDT:USDT,295.78,0.4,295.76,2.5,295.86,1.9,295.89,3.5
1753617206634,11:53:26.634,phemex,AAVE/USDT:USDT,295.78,0.4,295.76,2.5,295.86,1.9,295.89,3.5
1753617206780,11:53:26.780,phemex,AAVE/USDT:USDT,295.78,0.4,295.76,2.5,295.86,1.9,295.89,3.5
1753617206852,11:53:26.852,phemex,AAVE/USDT:USDT,295.78,0.4,295.76,2.5,295.86,1.9,295.9,1.1
1753617206866,11:53:26.866,phemex,AAVE/USDT:USDT,295.78,0.4,295.76,2.5,295.86,1.9,295.9,1.1
1753617206889,11:53:26.889,phemex,AAVE/USDT:USDT,295.78,0.4,295.76,2.5,295.86,1.9,295.9,1.1
1753617206921,11:53:26.921,phemex,AAVE/USDT:USDT,295.78,0.4,295.76,2.5,295.86,1.9,295.9,1.1
1753617207061,11:53:27.061,phemex,AAVE/USDT:USDT,295.8,1.0,295.78,0.4,295.86,1.9,295.9,1.1
1753617207089,11:53:27.089,phemex,AAVE/USDT:USDT,295.82,0.4,295.8,1.0,295.86,1.9,295.9,1.1
1753617207166,11:53:27.166,phemex,AAVE/USDT:USDT,295.82,0.4,295.8,1.0,295.86,1.9,295.9,1.1
1753617207186,11:53:27.186,phemex,AAVE/USDT:USDT,295.82,0.4,295.8,1.0,295.86,1.9,295.9,1.1
1753617207212,11:53:27.212,phemex,AAVE/USDT:USDT,295.82,0.4,295.8,1.0,295.86,1.9,295.9,1.1
1753617207421,11:53:27.421,phemex,AAVE/USDT:USDT,295.82,0.4,295.8,1.0,295.86,1.9,295.9,1.1
1753617207637,11:53:27.637,phemex,AAVE/USDT:USDT,295.82,0.4,295.8,1.0,295.86,1.9,295.9,1.1
1753617207807,11:53:27.807,phemex,AAVE/USDT:USDT,295.82,0.4,295.8,1.0,295.86,1.9,295.9,1.1
1753617207852,11:53:27.852,phemex,AAVE/USDT:USDT,295.82,0.4,295.8,12.9,295.86,1.9,295.9,1.1
1753617207888,11:53:27.888,phemex,AAVE/USDT:USDT,295.82,0.4,295.8,12.9,295.86,1.9,295.93,16.1
1753617207904,11:53:27.904,phemex,AAVE/USDT:USDT,295.82,0.4,295.8,12.9,295.93,16.1,295.97,5.4
1753617207921,11:53:27.921,phemex,AAVE/USDT:USDT,295.82,0.4,295.8,12.9,295.93,16.1,295.97,5.4
1753617207940,11:53:27.940,phemex,AAVE/USDT:USDT,295.82,0.4,295.8,12.9,295.93,16.1,295.97,5.4
1753617207982,11:53:27.982,phemex,AAVE/USDT:USDT,295.82,0.4,295.8,12.9,295.93,5.8,295.97,5.4
1753617208000,11:53:28.000,phemex,AAVE/USDT:USDT,295.82,0.4,295.8,12.9,295.93,5.8,295.96,0.4
1753617208125,11:53:28.125,phemex,AAVE/USDT:USDT,295.82,0.4,295.8,12.9,295.93,5.8,295.96,0.4
1753617208246,11:53:28.246,phemex,AAVE/USDT:USDT,295.82,0.4,295.8,12.9,295.93,5.8,295.96,0.4
1753617208457,11:53:28.457,phemex,AAVE/USDT:USDT,295.82,3.0,295.8,12.9,295.93,7.8,295.96,0.4
1753617208467,11:53:28.467,phemex,AAVE/USDT:USDT,295.84,0.4,295.82,2.6,295.93,7.8,295.96,0.4
1753617208511,11:53:28.511,phemex,AAVE/USDT:USDT,295.84,0.4,295.82,2.6,295.92,0.2,295.93,7.8
1753617208570,11:53:28.570,phemex,AAVE/USDT:USDT,295.84,0.4,295.82,2.6,295.92,0.2,295.93,7.8
1753617208679,11:53:28.679,phemex,AAVE/USDT:USDT,295.84,0.4,295.82,2.6,295.92,0.2,295.93,7.8
1753617208679,11:53:28.679,phemex,AAVE/USDT:USDT,295.84,0.4,295.82,2.6,295.92,0.2,295.93,7.8
1753617208863,11:53:28.863,phemex,AAVE/USDT:USDT,295.84,0.4,295.82,2.6,295.92,0.6,295.93,7.8
1753617208998,11:53:28.998,phemex,AAVE/USDT:USDT,295.84,0.4,295.82,2.6,295.92,0.2,295.93,7.8
1753617209095,11:53:29.095,phemex,AAVE/USDT:USDT,295.84,0.4,295.82,2.6,295.93,7.8,295.96,0.4
1753617209715,11:53:29.715,phemex,AAVE/USDT:USDT,295.84,0.4,295.82,2.6,295.92,0.2,295.93,7.8
1753617209892,11:53:29.892,phemex,AAVE/USDT:USDT,295.84,0.4,295.82,2.6,295.93,2.0,295.96,0.4
1753617209919,11:53:29.919,phemex,AAVE/USDT:USDT,295.84,0.4,295.82,2.6,295.93,2.0,295.97,5.4
1753617209988,11:53:29.988,phemex,AAVE/USDT:USDT,295.84,0.4,295.82,2.6,295.93,2.0,295.97,5.4
1753617210064,11:53:30.064,phemex,AAVE/USDT:USDT,295.84,0.4,295.82,2.6,295.93,2.0,295.98,1.5
1753617210104,11:53:30.104,phemex,AAVE/USDT:USDT,295.84,0.4,295.82,2.6,295.93,2.0,295.98,1.5
1753617210114,11:53:30.114,phemex,AAVE/USDT:USDT,295.84,0.4,295.82,2.6,295.93,2.0,295.98,1.5
1753617210134,11:53:30.134,phemex,AAVE/USDT:USDT,295.84,0.4,295.82,2.6,295.93,2.0,295.98,1.5
1753617210231,11:53:30.231,phemex,AAVE/USDT:USDT,295.84,0.4,295.82,2.6,295.93,2.0,295.98,1.5
1753617210236,11:53:30.236,phemex,AAVE/USDT:USDT,295.84,0.4,295.82,2.6,295.93,2.0,295.98,1.5
1753617210257,11:53:30.257,phemex,AAVE/USDT:USDT,295.84,0.4,295.82,2.6,295.93,2.0,295.98,1.5
1753617210322,11:53:30.322,phemex,AAVE/USDT:USDT,295.84,0.4,295.82,2.6,295.93,2.0,295.98,1.5
1753617210469,11:53:30.469,phemex,AAVE/USDT:USDT,295.84,0.4,295.82,2.6,295.93,2.0,295.98,1.5
1753617210513,11:53:30.513,phemex,AAVE/USDT:USDT,295.84,0.4,295.82,2.6,295.93,2.0,295.98,1.5
1753617210545,11:53:30.545,phemex,AAVE/USDT:USDT,295.84,0.4,295.82,2.6,295.93,2.0,295.98,1.5
1753617210597,11:53:30.597,phemex,AAVE/USDT:USDT,295.84,0.4,295.82,2.6,295.93,2.0,295.98,1.5
1753617211076,11:53:31.076,phemex,AAVE/USDT:USDT,295.84,0.4,295.82,2.6,295.93,2.0,295.99,2.1
1753617211719,11:53:31.719,phemex,AAVE/USDT:USDT,295.84,0.4,295.82,2.6,295.99,2.1,296.03,0.4
1753617211759,11:53:31.759,phemex,AAVE/USDT:USDT,295.84,0.4,295.82,2.6,295.99,0.6,296.03,0.4
1753617211789,11:53:31.789,phemex,AAVE/USDT:USDT,295.84,0.4,295.82,2.6,295.99,0.6,296.0,2.0
1753617211934,11:53:31.934,phemex,AAVE/USDT:USDT,295.84,0.4,295.82,2.6,295.99,0.6,296.0,2.0
1753617212009,11:53:32.009,phemex,AAVE/USDT:USDT,295.84,0.4,295.82,2.6,295.99,0.6,296.0,2.0
1753617212160,11:53:32.160,phemex,AAVE/USDT:USDT,295.97,3.9,295.96,4.6,295.99,0.6,296.0,2.0
1753617212185,11:53:32.185,phemex,AAVE/USDT:USDT,295.97,3.9,295.96,4.6,296.0,2.0,296.03,1.2
1753617212208,11:53:32.208,phemex,AAVE/USDT:USDT,295.98,0.4,295.97,3.9,296.0,2.0,296.03,1.2
1753617212242,11:53:32.242,phemex,AAVE/USDT:USDT,295.98,0.4,295.97,3.9,296.0,2.0,296.03,0.8
1753617212257,11:53:32.257,phemex,AAVE/USDT:USDT,295.98,0.4,295.97,3.9,296.0,2.0,296.05,17.6
1753617212480,11:53:32.480,phemex,AAVE/USDT:USDT,295.98,0.4,295.97,3.9,296.0,2.0,296.05,17.6
1753617212679,11:53:32.679,phemex,AAVE/USDT:USDT,295.98,0.4,295.97,3.9,296.0,2.0,296.05,17.6
1753617212713,11:53:32.713,phemex,AAVE/USDT:USDT,295.98,0.4,295.97,3.9,296.0,2.0,296.05,17.6
1753617213076,11:53:33.076,phemex,AAVE/USDT:USDT,295.98,0.4,295.97,3.9,296.0,2.0,296.05,17.6
1753617214929,11:53:34.929,phemex,AAVE/USDT:USDT,295.98,0.4,295.97,3.9,296.0,2.0,296.05,7.3
1753617214958,11:53:34.958,phemex,AAVE/USDT:USDT,295.98,0.4,295.97,3.9,296.0,2.0,296.05,7.3
1753617215198,11:53:35.198,phemex,AAVE/USDT:USDT,295.98,0.4,295.97,3.9,296.0,2.0,296.05,7.3
1753617215301,11:53:35.301,phemex,AAVE/USDT:USDT,295.98,0.4,295.97,3.9,296.0,2.0,296.05,7.3
1753617215346,11:53:35.346,phemex,AAVE/USDT:USDT,295.98,0.4,295.97,3.9,296.0,2.0,296.05,7.3
1753617216020,11:53:36.020,phemex,AAVE/USDT:USDT,295.98,0.4,295.97,3.9,296.0,2.0,296.05,7.3
1753617216076,11:53:36.076,phemex,AAVE/USDT:USDT,295.98,0.4,295.97,3.9,296.0,2.0,296.05,7.3
1753617216601,11:53:36.601,phemex,AAVE/USDT:USDT,295.98,0.4,295.97,3.9,296.0,2.0,296.05,7.3
1753617216859,11:53:36.859,phemex,AAVE/USDT:USDT,295.98,0.4,295.97,3.9,296.0,2.0,296.05,7.3
1753617217012,11:53:37.012,phemex,AAVE/USDT:USDT,295.98,0.4,295.97,3.9,296.0,2.0,296.05,7.3
1753617217813,11:53:37.813,phemex,AAVE/USDT:USDT,295.98,0.4,295.97,3.9,296.0,2.0,296.05,7.3
1753617218037,11:53:38.037,phemex,AAVE/USDT:USDT,295.98,0.4,295.97,3.9,296.0,2.0,296.05,5.8
1753617218604,11:53:38.604,phemex,AAVE/USDT:USDT,295.98,0.4,295.97,3.9,296.0,2.0,296.05,5.8
1753617218624,11:53:38.624,phemex,AAVE/USDT:USDT,295.98,0.4,295.97,3.9,296.0,2.0,296.05,5.8
1753617218785,11:53:38.785,phemex,AAVE/USDT:USDT,295.98,0.4,295.97,3.9,296.0,2.0,296.05,5.8
1753617218892,11:53:38.892,phemex,AAVE/USDT:USDT,295.98,0.4,295.97,3.9,296.0,2.0,296.05,5.8
1753617220098,11:53:40.098,phemex,AAVE/USDT:USDT,295.98,0.4,295.97,3.9,296.0,2.0,296.05,5.8
1753617220315,11:53:40.315,phemex,AAVE/USDT:USDT,295.98,0.4,295.97,3.9,296.0,2.0,296.05,5.8
1753617220368,11:53:40.368,phemex,AAVE/USDT:USDT,295.98,0.4,295.97,3.9,296.0,2.0,296.05,5.8
1753617222028,11:53:42.028,phemex,AAVE/USDT:USDT,295.98,0.4,295.97,3.9,296.0,2.0,296.05,5.8
1753617222085,11:53:42.085,phemex,AAVE/USDT:USDT,295.98,0.4,295.97,3.9,296.0,2.0,296.05,5.8
1753617222520,11:53:42.520,phemex,AAVE/USDT:USDT,295.98,3.0,295.97,3.9,296.0,2.0,296.05,5.8
1753617222559,11:53:42.559,phemex,AAVE/USDT:USDT,295.99,0.4,295.98,2.6,296.0,2.0,296.05,5.8
1753617222720,11:53:42.720,phemex,AAVE/USDT:USDT,295.99,0.4,295.98,2.6,296.0,2.0,296.05,5.8
1753617222824,11:53:42.824,phemex,AAVE/USDT:USDT,295.99,0.4,295.98,2.6,296.0,2.0,296.05,5.8
1753617222866,11:53:42.866,phemex,AAVE/USDT:USDT,295.99,0.4,295.98,2.6,296.0,2.0,296.05,5.8
1753617222887,11:53:42.887,phemex,AAVE/USDT:USDT,295.99,0.4,295.98,2.6,296.0,2.0,296.06,1.1
1753617222895,11:53:42.895,phemex,AAVE/USDT:USDT,295.99,0.4,295.98,2.6,296.0,2.0,296.06,1.1
1753617222930,11:53:42.930,phemex,AAVE/USDT:USDT,295.99,0.4,295.98,2.6,296.0,2.0,296.06,1.1
1753617222956,11:53:42.956,phemex,AAVE/USDT:USDT,295.99,0.4,295.98,2.6,296.0,2.0,296.06,1.1
1753617222982,11:53:42.982,phemex,AAVE/USDT:USDT,295.99,0.4,295.98,2.6,296.0,2.0,296.06,1.1
1753617223290,11:53:43.290,phemex,AAVE/USDT:USDT,295.99,0.4,295.98,2.6,296.06,1.1,296.09,1.0
1753617223368,11:53:43.368,phemex,AAVE/USDT:USDT,295.99,0.4,295.98,2.6,296.07,2.0,296.11,5.6
1753617223440,11:53:43.440,phemex,AAVE/USDT:USDT,295.99,0.4,295.98,2.6,296.07,2.0,296.1,0.4
1753617223578,11:53:43.578,phemex,AAVE/USDT:USDT,295.99,0.4,295.98,2.6,296.07,2.0,296.11,5.6
1753617223694,11:53:43.694,phemex,AAVE/USDT:USDT,295.99,0.4,295.98,2.6,296.07,2.0,296.11,5.6
1753617224901,11:53:44.901,phemex,AAVE/USDT:USDT,295.99,0.4,295.98,2.6,296.07,2.0,296.11,5.6
1753617224925,11:53:44.925,phemex,AAVE/USDT:USDT,295.99,0.4,295.98,2.6,296.07,2.0,296.11,5.6
1753617225464,11:53:45.464,phemex,AAVE/USDT:USDT,295.99,0.4,295.98,2.6,296.07,2.0,296.11,5.6
1753617225518,11:53:45.518,phemex,AAVE/USDT:USDT,295.99,0.4,295.98,2.6,296.07,2.0,296.1,0.4
1753617225563,11:53:45.563,phemex,AAVE/USDT:USDT,295.99,0.4,295.98,2.6,296.07,2.0,296.1,0.4
1753617225564,11:53:45.564,phemex,AAVE/USDT:USDT,295.99,0.4,295.98,2.6,296.07,2.0,296.1,0.4
1753617225649,11:53:45.649,phemex,AAVE/USDT:USDT,295.99,0.4,295.98,2.6,296.07,2.0,296.1,0.4
1753617225689,11:53:45.689,phemex,AAVE/USDT:USDT,295.99,0.4,295.98,2.6,296.07,2.0,296.1,0.4
1753617225767,11:53:45.767,phemex,AAVE/USDT:USDT,295.99,0.4,295.97,3.9,296.01,0.2,296.02,0.2
1753617225773,11:53:45.773,phemex,AAVE/USDT:USDT,295.99,0.4,295.97,3.9,296.07,2.0,296.1,0.4
1753617225795,11:53:45.795,phemex,AAVE/USDT:USDT,295.99,0.4,295.97,3.9,296.0,0.2,296.07,2.0
1753617225812,11:53:45.812,phemex,AAVE/USDT:USDT,295.99,0.4,295.97,3.9,296.07,2.0,296.1,0.4
1753617225844,11:53:45.844,phemex,AAVE/USDT:USDT,295.99,0.4,295.97,3.9,296.07,2.0,296.1,0.4
1753617225962,11:53:45.962,phemex,AAVE/USDT:USDT,295.99,0.4,295.97,3.9,296.07,2.0,296.1,0.4
1753617226032,11:53:46.032,phemex,AAVE/USDT:USDT,296.0,2.6,295.99,0.4,296.07,2.0,296.1,0.4
1753617226083,11:53:46.083,phemex,AAVE/USDT:USDT,296.02,0.4,296.0,2.6,296.07,2.0,296.1,0.4
1753617226119,11:53:46.119,phemex,AAVE/USDT:USDT,296.02,0.4,296.0,2.6,296.03,0.2,296.07,2.0
1753617226224,11:53:46.224,phemex,AAVE/USDT:USDT,296.02,0.4,296.0,2.6,296.03,0.2,296.07,2.0
1753617226331,11:53:46.331,phemex,AAVE/USDT:USDT,296.02,0.4,296.0,2.6,296.03,0.2,296.07,2.0
1753617226820,11:53:46.820,phemex,AAVE/USDT:USDT,296.02,0.4,296.0,2.6,296.07,2.0,296.08,1.5
1753617226842,11:53:46.842,phemex,AAVE/USDT:USDT,296.02,0.4,296.0,2.6,296.07,2.0,296.1,0.4
1753617226916,11:53:46.916,phemex,AAVE/USDT:USDT,296.02,0.4,296.0,2.6,296.07,2.0,296.1,0.4
1753617227142,11:53:47.142,phemex,AAVE/USDT:USDT,296.02,0.4,296.0,2.6,296.1,0.4,296.11,5.6
1753617227168,11:53:47.168,phemex,AAVE/USDT:USDT,296.02,0.4,296.0,2.6,296.1,0.4,296.11,5.6
1753617227216,11:53:47.216,phemex,AAVE/USDT:USDT,296.02,0.4,296.0,2.6,296.11,5.6,296.12,4.6
1753617227262,11:53:47.262,phemex,AAVE/USDT:USDT,296.02,0.4,296.0,2.6,296.11,5.6,296.12,4.6
1753617227785,11:53:47.785,phemex,AAVE/USDT:USDT,296.02,0.4,296.0,2.6,296.1,2.0,296.11,5.6
1753617227818,11:53:47.818,phemex,AAVE/USDT:USDT,296.02,0.4,296.0,2.6,296.08,0.2,296.1,2.0
1753617227871,11:53:47.871,phemex,AAVE/USDT:USDT,296.04,1.0,296.02,0.4,296.08,0.2,296.1,2.0
1753617227911,11:53:47.911,phemex,AAVE/USDT:USDT,296.06,0.4,296.04,1.0,296.1,2.0,296.11,5.6
1753617227939,11:53:47.939,phemex,AAVE/USDT:USDT,296.06,0.4,296.04,1.0,296.1,2.0,296.11,5.6
1753617227939,11:53:47.939,phemex,AAVE/USDT:USDT,296.06,3.0,296.04,1.0,296.09,0.2,296.1,2.0
1753617228001,11:53:48.001,phemex,AAVE/USDT:USDT,296.08,0.4,296.06,2.6,296.09,0.2,296.1,2.0
1753617228059,11:53:48.059,phemex,AAVE/USDT:USDT,296.08,0.4,296.06,2.6,296.09,0.2,296.1,2.0
1753617228097,11:53:48.097,phemex,AAVE/USDT:USDT,296.08,0.4,296.06,2.6,296.09,0.2,296.1,2.0
1753617228306,11:53:48.306,phemex,AAVE/USDT:USDT,296.08,0.4,296.06,2.6,296.09,0.2,296.1,2.0
1753617228351,11:53:48.351,phemex,AAVE/USDT:USDT,296.08,0.4,296.06,2.6,296.09,0.2,296.1,2.0
1753617228373,11:53:48.373,phemex,AAVE/USDT:USDT,296.08,0.4,296.06,2.6,296.09,0.2,296.1,2.0
1753617228454,11:53:48.454,phemex,AAVE/USDT:USDT,296.08,0.4,296.06,2.6,296.1,2.0,296.11,6.7
1753617228558,11:53:48.558,phemex,AAVE/USDT:USDT,296.08,0.4,296.06,2.6,296.1,2.0,296.11,6.7
1753617228679,11:53:48.679,phemex,AAVE/USDT:USDT,296.08,0.4,296.06,2.6,296.1,2.0,296.11,6.7
1753617228790,11:53:48.790,phemex,AAVE/USDT:USDT,296.08,0.4,296.06,2.6,296.1,2.0,296.11,6.7
1753617228913,11:53:48.913,phemex,AAVE/USDT:USDT,296.08,0.4,296.06,2.6,296.1,2.0,296.11,6.7
1753617228955,11:53:48.955,phemex,AAVE/USDT:USDT,296.08,0.4,296.06,2.6,296.1,2.0,296.11,6.7
1753617228987,11:53:48.987,phemex,AAVE/USDT:USDT,296.08,0.4,296.06,2.6,296.1,2.0,296.11,6.7
1753617229023,11:53:49.023,phemex,AAVE/USDT:USDT,296.08,0.4,296.06,2.6,296.1,2.0,296.11,6.7
1753617229031,11:53:49.031,phemex,AAVE/USDT:USDT,296.08,0.4,296.06,2.6,296.1,2.0,296.11,6.7
1753617229204,11:53:49.204,phemex,AAVE/USDT:USDT,296.08,0.4,296.06,2.6,296.1,2.0,296.11,6.7
1753617229699,11:53:49.699,phemex,AAVE/USDT:USDT,296.08,0.4,296.06,2.6,296.1,2.0,296.11,6.7
1753617230117,11:53:50.117,phemex,AAVE/USDT:USDT,296.08,0.4,296.06,2.6,296.1,2.0,296.11,6.7
1753617230201,11:53:50.201,phemex,AAVE/USDT:USDT,296.08,0.4,296.06,2.6,296.1,2.0,296.11,6.7
1753617230228,11:53:50.228,phemex,AAVE/USDT:USDT,296.08,0.4,296.06,2.6,296.1,2.0,296.11,6.7
1753617230291,11:53:50.291,phemex,AAVE/USDT:USDT,296.08,0.4,296.06,2.6,296.1,2.0,296.11,6.7
1753617230514,11:53:50.514,phemex,AAVE/USDT:USDT,296.08,0.4,296.06,2.6,296.1,2.0,296.11,6.7
1753617231215,11:53:51.215,phemex,AAVE/USDT:USDT,296.08,0.4,296.06,2.6,296.1,2.0,296.11,6.7
1753617231452,11:53:51.452,phemex,AAVE/USDT:USDT,296.06,2.6,296.04,1.0,296.08,0.2,296.09,0.4
1753617231493,11:53:51.493,phemex,AAVE/USDT:USDT,296.06,2.6,296.04,1.0,296.08,0.2,296.09,0.4
1753617231520,11:53:51.520,phemex,AAVE/USDT:USDT,296.06,2.6,296.04,1.0,296.07,0.2,296.08,0.6
1753617231529,11:53:51.529,phemex,AAVE/USDT:USDT,296.06,2.6,296.04,1.0,296.07,0.2,296.08,0.4
1753617231546,11:53:51.546,phemex,AAVE/USDT:USDT,296.06,2.6,296.04,1.0,296.07,0.6,296.1,2.0
1753617231556,11:53:51.556,phemex,AAVE/USDT:USDT,296.06,2.6,296.04,1.0,296.07,0.6,296.1,2.4
1753617231652,11:53:51.652,phemex,AAVE/USDT:USDT,296.06,2.6,296.04,1.0,296.07,0.6,296.1,2.4
1753617232554,11:53:52.554,phemex,AAVE/USDT:USDT,296.02,0.4,296.0,2.6,296.07,0.6,296.1,2.4
1753617232579,11:53:52.579,phemex,AAVE/USDT:USDT,296.0,2.6,295.99,1.1,296.01,0.3,296.03,0.2
1753617232596,11:53:52.596,phemex,AAVE/USDT:USDT,296.0,2.6,295.99,1.1,296.01,0.3,296.07,0.6
1753617232601,11:53:52.601,phemex,AAVE/USDT:USDT,296.0,2.6,295.99,1.1,296.01,0.3,296.07,0.2
1753617232641,11:53:52.641,phemex,AAVE/USDT:USDT,296.0,2.6,295.99,1.1,296.01,0.3,296.05,0.4
1753617232644,11:53:52.644,phemex,AAVE/USDT:USDT,296.0,2.6,295.99,1.1,296.01,0.3,296.03,2.0
1753617232726,11:53:52.726,phemex,AAVE/USDT:USDT,296.0,2.6,295.99,1.1,296.01,0.3,296.03,2.0
1753617232753,11:53:52.753,phemex,AAVE/USDT:USDT,296.0,2.6,295.99,0.7,296.01,0.3,296.03,2.0
1753617232770,11:53:52.770,phemex,AAVE/USDT:USDT,296.0,2.6,295.99,0.7,296.01,0.3,296.03,2.0
1753617232797,11:53:52.797,phemex,AAVE/USDT:USDT,296.0,2.6,295.99,0.7,296.01,0.3,296.03,2.0
1753617232835,11:53:52.835,phemex,AAVE/USDT:USDT,296.0,2.6,295.99,0.7,296.01,0.3,296.03,2.0
1753617232932,11:53:52.932,phemex,AAVE/USDT:USDT,296.0,2.6,295.99,0.7,296.01,0.3,296.03,2.0
1753617232975,11:53:52.975,phemex,AAVE/USDT:USDT,296.0,2.6,295.99,0.7,296.01,0.3,296.03,2.0
1753617233645,11:53:53.645,phemex,AAVE/USDT:USDT,296.0,2.6,295.99,0.7,296.03,2.0,296.05,0.4
1753617233766,11:53:53.766,phemex,AAVE/USDT:USDT,296.0,2.6,295.99,0.7,296.02,0.4,296.03,2.0
1753617233814,11:53:53.814,phemex,AAVE/USDT:USDT,296.0,2.6,295.99,0.7,296.01,0.2,296.03,2.0
1753617234087,11:53:54.087,phemex,AAVE/USDT:USDT,296.0,2.6,295.99,0.7,296.01,0.2,296.03,2.0
1753617234255,11:53:54.255,phemex,AAVE/USDT:USDT,296.0,2.6,295.99,0.7,296.03,2.0,296.05,0.4
1753617234273,11:53:54.273,phemex,AAVE/USDT:USDT,296.0,2.6,295.99,0.7,296.03,2.0,296.05,0.4
1753617234493,11:53:54.493,phemex,AAVE/USDT:USDT,296.0,2.6,295.99,0.7,296.03,2.0,296.05,0.4
1753617234500,11:53:54.500,phemex,AAVE/USDT:USDT,296.0,2.6,295.99,0.7,296.03,2.0,296.05,0.4
1753617235327,11:53:55.327,phemex,AAVE/USDT:USDT,296.0,2.6,295.99,0.7,296.02,0.4,296.03,2.0
1753617235376,11:53:55.376,phemex,AAVE/USDT:USDT,296.0,2.6,295.99,0.7,296.01,0.2,296.02,0.4
1753617235385,11:53:55.385,phemex,AAVE/USDT:USDT,296.0,2.6,295.99,0.7,296.01,0.2,296.02,0.4
1753617235423,11:53:55.423,phemex,AAVE/USDT:USDT,296.0,2.6,295.99,0.7,296.01,0.2,296.02,0.4
1753617235427,11:53:55.427,phemex,AAVE/USDT:USDT,296.0,2.6,295.99,0.7,296.01,0.2,296.02,0.4
1753617235461,11:53:55.461,phemex,AAVE/USDT:USDT,296.0,2.6,295.98,5.7,296.01,0.6,296.03,2.0
1753617235524,11:53:55.524,phemex,AAVE/USDT:USDT,295.98,5.7,295.95,5.5,296.01,0.6,296.03,2.0
1753617235561,11:53:55.561,phemex,AAVE/USDT:USDT,295.98,5.7,295.95,5.5,295.99,0.6,296.03,2.0
1753617235568,11:53:55.568,phemex,AAVE/USDT:USDT,295.98,5.7,295.95,5.5,295.99,0.6,296.02,0.4
1753617235695,11:53:55.695,phemex,AAVE/USDT:USDT,295.95,5.1,295.93,1.2,295.96,0.2,295.98,0.4
1753617235756,11:53:55.756,phemex,AAVE/USDT:USDT,295.95,5.1,295.93,1.2,295.96,0.2,295.98,0.4
1753617235834,11:53:55.834,phemex,AAVE/USDT:USDT,295.95,5.1,295.93,1.2,295.96,0.2,295.98,0.4
1753617235865,11:53:55.865,phemex,AAVE/USDT:USDT,295.95,5.1,295.93,1.2,295.99,2.2,296.02,0.4
1753617235886,11:53:55.886,phemex,AAVE/USDT:USDT,295.95,5.1,295.93,1.2,295.99,2.2,296.02,0.4
1753617235898,11:53:55.898,phemex,AAVE/USDT:USDT,295.96,0.4,295.95,5.1,295.99,2.2,296.02,0.4
1753617235937,11:53:55.937,phemex,AAVE/USDT:USDT,295.96,0.4,295.95,5.1,295.97,0.2,295.99,2.2
1753617236012,11:53:56.012,phemex,AAVE/USDT:USDT,295.96,0.4,295.95,5.1,295.97,0.2,295.99,2.0
1753617236119,11:53:56.119,phemex,AAVE/USDT:USDT,295.96,0.4,295.95,5.1,295.97,0.2,295.99,2.0
1753617236315,11:53:56.315,phemex,AAVE/USDT:USDT,295.95,5.1,295.93,1.2,295.97,0.2,295.99,2.0
1753617236342,11:53:56.342,phemex,AAVE/USDT:USDT,295.95,5.1,295.93,1.2,295.96,0.2,295.97,0.2
1753617236382,11:53:56.382,phemex,AAVE/USDT:USDT,295.95,5.1,295.93,1.2,295.96,0.2,295.99,2.0
1753617236440,11:53:56.440,phemex,AAVE/USDT:USDT,295.95,5.1,295.93,1.2,295.96,0.2,295.99,2.0
1753617236547,11:53:56.547,phemex,AAVE/USDT:USDT,295.95,5.1,295.93,1.2,295.96,0.2,295.99,2.0
1753617237712,11:53:57.712,phemex,AAVE/USDT:USDT,295.95,5.1,295.93,1.2,295.96,0.6,295.99,2.4
1753617237726,11:53:57.726,phemex,AAVE/USDT:USDT,295.92,3.0,295.9,11.9,295.96,0.6,295.99,2.4
1753617237751,11:53:57.751,phemex,AAVE/USDT:USDT,295.92,2.6,295.9,11.9,295.93,0.3,295.96,0.6
1753617237828,11:53:57.828,phemex,AAVE/USDT:USDT,295.92,2.6,295.9,11.9,295.93,0.3,295.96,0.6
1753617237852,11:53:57.852,phemex,AAVE/USDT:USDT,295.92,2.6,295.9,11.9,295.93,0.3,295.96,0.6
1753617237897,11:53:57.897,phemex,AAVE/USDT:USDT,295.92,2.6,295.9,11.9,295.93,0.3,295.96,0.6
1753617237925,11:53:57.925,phemex,AAVE/USDT:USDT,295.92,2.6,295.9,11.9,295.93,0.3,295.96,0.2
1753617237960,11:53:57.960,phemex,AAVE/USDT:USDT,295.92,2.6,295.9,11.9,295.93,0.3,295.95,0.4
1753617237997,11:53:57.997,phemex,AAVE/USDT:USDT,295.92,2.6,295.9,11.9,295.93,0.3,295.95,0.4
1753617238045,11:53:58.045,phemex,AAVE/USDT:USDT,295.92,2.6,295.9,11.9,295.93,0.3,295.95,0.4
1753617238076,11:53:58.076,phemex,AAVE/USDT:USDT,295.92,2.6,295.9,11.9,295.93,0.3,295.95,0.4
1753617239141,11:53:59.141,phemex,AAVE/USDT:USDT,295.92,2.6,295.9,11.9,295.93,0.3,295.94,0.8
1753617239306,11:53:59.306,phemex,AAVE/USDT:USDT,295.92,2.6,295.9,11.9,295.93,0.3,295.94,0.8
1753617239335,11:53:59.335,phemex,AAVE/USDT:USDT,295.92,2.6,295.9,11.9,295.93,0.3,295.94,0.8
1753617239395,11:53:59.395,phemex,AAVE/USDT:USDT,295.92,2.6,295.9,11.9,295.93,0.3,295.94,0.8
1753617239434,11:53:59.434,phemex,AAVE/USDT:USDT,295.92,2.6,295.9,11.9,295.93,0.3,295.94,0.8
1753617239684,11:53:59.684,phemex,AAVE/USDT:USDT,295.92,2.6,295.9,11.9,295.93,0.7,295.94,0.8
1753617239707,11:53:59.707,phemex,AAVE/USDT:USDT,295.92,2.6,295.9,11.9,295.93,0.7,295.94,0.8
1753617240556,11:54:00.556,phemex,AAVE/USDT:USDT,295.92,2.6,295.9,11.9,295.93,0.7,295.94,0.8
1753617241940,11:54:01.940,phemex,AAVE/USDT:USDT,295.92,2.6,295.9,11.9,295.93,0.7,295.94,0.8
1753617241951,11:54:01.951,phemex,AAVE/USDT:USDT,295.9,11.9,295.88,9.5,295.93,0.7,295.94,0.8
1753617241985,11:54:01.985,phemex,AAVE/USDT:USDT,295.9,11.9,295.88,9.5,295.91,0.2,295.93,0.7
1753617242007,11:54:02.007,phemex,AAVE/USDT:USDT,295.9,11.9,295.88,9.5,295.91,0.6,295.94,0.8
1753617242043,11:54:02.043,phemex,AAVE/USDT:USDT,295.9,11.9,295.88,9.5,295.91,0.6,295.94,0.8
1753617242054,11:54:02.054,phemex,AAVE/USDT:USDT,295.9,11.9,295.88,9.5,295.91,0.6,295.94,0.8
1753617242219,11:54:02.219,phemex,AAVE/USDT:USDT,295.9,11.9,295.89,2.6,295.91,0.6,295.93,2.0
1753617242271,11:54:02.271,phemex,AAVE/USDT:USDT,295.9,11.9,295.89,2.6,295.91,0.6,295.93,2.0
1753617242523,11:54:02.523,phemex,AAVE/USDT:USDT,295.9,11.9,295.89,2.6,295.91,0.6,295.93,2.0
1753617242890,11:54:02.890,phemex,AAVE/USDT:USDT,295.9,11.9,295.89,2.6,295.91,0.6,295.93,2.0
1753617242919,11:54:02.919,phemex,AAVE/USDT:USDT,295.9,11.9,295.89,2.6,295.91,0.2,295.93,2.0
1753617243060,11:54:03.060,phemex,AAVE/USDT:USDT,295.9,11.9,295.89,2.6,295.91,0.6,295.93,2.0
1753617243194,11:54:03.194,phemex,AAVE/USDT:USDT,295.9,11.9,295.89,2.6,295.91,0.6,295.93,2.0
1753617243213,11:54:03.213,phemex,AAVE/USDT:USDT,295.9,11.9,295.89,2.6,295.91,0.6,295.93,2.0
1753617243512,11:54:03.512,phemex,AAVE/USDT:USDT,295.9,11.9,295.85,5.6,295.91,0.6,295.93,2.0
1753617243546,11:54:03.546,phemex,AAVE/USDT:USDT,295.9,11.9,295.85,5.6,295.91,0.6,295.93,2.0
1753617244098,11:54:04.098,phemex,AAVE/USDT:USDT,295.9,11.9,295.85,5.6,295.91,0.6,295.93,2.0
1753617244148,11:54:04.148,phemex,AAVE/USDT:USDT,295.9,11.9,295.85,5.6,295.91,0.6,295.93,2.0
1753617244599,11:54:04.599,phemex,AAVE/USDT:USDT,295.9,11.9,295.85,5.6,295.91,0.6,295.93,2.0
1753617245273,11:54:05.273,phemex,AAVE/USDT:USDT,295.9,11.9,295.85,5.6,295.91,0.6,295.93,2.0
1753617245283,11:54:05.283,phemex,AAVE/USDT:USDT,295.9,11.9,295.87,2.6,295.91,0.6,295.93,2.0
1753617245513,11:54:05.513,phemex,AAVE/USDT:USDT,295.9,11.9,295.87,2.6,295.91,0.6,295.93,2.0
1753617245575,11:54:05.575,phemex,AAVE/USDT:USDT,295.9,11.9,295.87,2.6,295.91,0.6,295.93,2.0
1753617245584,11:54:05.584,phemex,AAVE/USDT:USDT,295.9,11.9,295.87,2.6,295.91,0.6,295.93,2.0
1753617246036,11:54:06.036,phemex,AAVE/USDT:USDT,295.9,11.9,295.87,2.6,295.91,0.6,295.93,2.0
1753617246045,11:54:06.045,phemex,AAVE/USDT:USDT,295.9,11.9,295.87,2.6,295.91,0.6,295.93,2.0
1753617246147,11:54:06.147,phemex,AAVE/USDT:USDT,295.9,11.9,295.87,2.6,295.91,0.6,295.93,2.0
1753617246199,11:54:06.199,phemex,AAVE/USDT:USDT,295.9,11.9,295.87,2.6,295.91,0.6,295.93,2.0
1753617246646,11:54:06.646,phemex,AAVE/USDT:USDT,295.87,2.6,295.84,1.2,295.91,0.6,295.93,2.0
1753617246698,11:54:06.698,phemex,AAVE/USDT:USDT,295.87,2.6,295.84,1.2,295.88,0.2,295.91,0.6
1753617246723,11:54:06.723,phemex,AAVE/USDT:USDT,295.87,2.6,295.84,1.2,295.88,0.2,295.89,2.0
1753617246786,11:54:06.786,phemex,AAVE/USDT:USDT,295.87,2.6,295.84,1.2,295.88,0.2,295.89,2.4
1753617246852,11:54:06.852,phemex,AAVE/USDT:USDT,295.87,2.6,295.84,1.2,295.88,0.2,295.89,2.4
1753617246962,11:54:06.962,phemex,AAVE/USDT:USDT,295.87,2.6,295.84,1.2,295.88,0.6,295.89,2.0
1753617246982,11:54:06.982,phemex,AAVE/USDT:USDT,295.87,2.6,295.84,1.2,295.88,0.2,295.89,2.0
1753617247011,11:54:07.011,phemex,AAVE/USDT:USDT,295.87,2.6,295.84,1.6,295.88,0.2,295.89,2.0
1753617247270,11:54:07.270,phemex,AAVE/USDT:USDT,295.87,2.6,295.84,1.2,295.88,0.6,295.89,2.0
1753617247925,11:54:07.925,phemex,AAVE/USDT:USDT,295.87,2.6,295.82,2.6,295.88,0.6,295.89,2.0
1753617247941,11:54:07.941,phemex,AAVE/USDT:USDT,295.87,2.6,295.82,2.6,295.88,0.6,295.89,2.0
1753617247982,11:54:07.982,phemex,AAVE/USDT:USDT,295.87,2.6,295.82,2.6,295.88,0.6,295.89,2.0
1753617247998,11:54:07.998,phemex,AAVE/USDT:USDT,295.87,2.6,295.82,2.6,295.88,0.6,295.89,2.0
1753617248053,11:54:08.053,phemex,AAVE/USDT:USDT,295.8,0.7,295.79,1.0,295.88,0.6,295.89,2.0
1753617248068,11:54:08.068,phemex,AAVE/USDT:USDT,295.8,0.7,295.79,1.0,295.88,0.6,295.89,2.0
1753617248129,11:54:08.129,phemex,AAVE/USDT:USDT,295.8,0.7,295.79,1.0,295.81,0.2,295.88,0.6
1753617248174,11:54:08.174,phemex,AAVE/USDT:USDT,295.8,0.7,295.79,1.0,295.81,2.2,295.88,0.6
1753617248188,11:54:08.188,phemex,AAVE/USDT:USDT,295.8,0.7,295.79,1.0,295.81,2.2,295.87,1.4
1753617248201,11:54:08.201,phemex,AAVE/USDT:USDT,295.8,0.7,295.79,1.0,295.81,2.2,295.87,1.4
1753617248244,11:54:08.244,phemex,AAVE/USDT:USDT,295.8,0.7,295.79,1.0,295.81,2.2,295.87,1.4
1753617248268,11:54:08.268,phemex,AAVE/USDT:USDT,295.8,0.7,295.79,1.0,295.81,2.2,295.86,0.4
1753617248337,11:54:08.337,phemex,AAVE/USDT:USDT,295.8,0.7,295.79,1.0,295.81,2.2,295.86,0.4
1753617248374,11:54:08.374,phemex,AAVE/USDT:USDT,295.8,0.7,295.79,1.0,295.81,2.2,295.86,0.4
1753617248488,11:54:08.488,phemex,AAVE/USDT:USDT,295.8,0.7,295.79,1.0,295.81,2.2,295.86,0.4
1753617248554,11:54:08.554,phemex,AAVE/USDT:USDT,295.78,0.8,295.76,2.5,295.81,2.2,295.86,0.4
1753617248624,11:54:08.624,phemex,AAVE/USDT:USDT,295.78,0.8,295.76,2.5,295.79,0.2,295.81,2.0
1753617248678,11:54:08.678,phemex,AAVE/USDT:USDT,295.78,0.8,295.76,2.5,295.79,0.2,295.81,2.0
1753617249205,11:54:09.205,phemex,AAVE/USDT:USDT,295.78,0.8,295.76,2.5,295.79,0.2,295.8,5.0
1753617249894,11:54:09.894,phemex,AAVE/USDT:USDT,295.78,0.8,295.76,2.5,295.8,5.0,295.81,2.0
1753617249903,11:54:09.903,phemex,AAVE/USDT:USDT,295.78,0.8,295.76,2.5,295.8,5.0,295.81,2.0
1753617249912,11:54:09.912,phemex,AAVE/USDT:USDT,295.79,0.4,295.78,0.8,295.8,5.0,295.81,2.0
1753617250059,11:54:10.059,phemex,AAVE/USDT:USDT,295.79,0.4,295.78,0.8,295.8,5.0,295.81,2.0
1753617250087,11:54:10.087,phemex,AAVE/USDT:USDT,295.78,0.8,295.76,2.5,295.8,5.0,295.81,2.0
1753617250106,11:54:10.106,phemex,AAVE/USDT:USDT,295.78,0.8,295.76,2.5,295.79,0.2,295.8,5.0
1753617250263,11:54:10.263,phemex,AAVE/USDT:USDT,295.76,2.5,295.75,0.4,295.79,0.2,295.8,5.0
1753617250347,11:54:10.347,phemex,AAVE/USDT:USDT,295.77,0.4,295.76,2.5,295.8,5.0,295.81,2.0
1753617252078,11:54:12.078,phemex,AAVE/USDT:USDT,295.77,0.4,295.76,2.5,295.8,5.0,295.81,2.0
1753617252113,11:54:12.113,phemex,AAVE/USDT:USDT,295.77,0.4,295.76,2.5,295.8,5.0,295.81,2.0
1753617252143,11:54:12.143,phemex,AAVE/USDT:USDT,295.77,0.4,295.76,2.5,295.8,5.0,295.81,2.0
1753617252321,11:54:12.321,phemex,AAVE/USDT:USDT,295.77,0.4,295.76,2.5,295.8,5.0,295.81,2.0
1753617253304,11:54:13.304,phemex,AAVE/USDT:USDT,295.77,0.4,295.76,2.5,295.8,5.0,295.81,2.0
1753617253329,11:54:13.329,phemex,AAVE/USDT:USDT,295.76,2.5,295.74,25.1,295.78,0.2,295.8,5.0
1753617253396,11:54:13.396,phemex,AAVE/USDT:USDT,295.76,2.5,295.74,25.1,295.78,0.2,295.8,5.0
1753617253450,11:54:13.450,phemex,AAVE/USDT:USDT,295.76,2.5,295.74,25.1,295.78,0.2,295.8,5.0
1753617253692,11:54:13.692,phemex,AAVE/USDT:USDT,295.76,2.5,295.74,25.1,295.78,0.2,295.8,5.0
1753617253705,11:54:13.705,phemex,AAVE/USDT:USDT,295.76,2.5,295.74,25.1,295.78,0.2,295.8,5.0
1753617253923,11:54:13.923,phemex,AAVE/USDT:USDT,295.76,2.5,295.74,25.1,295.78,0.2,295.8,5.0
1753617253963,11:54:13.963,phemex,AAVE/USDT:USDT,295.77,0.4,295.76,2.5,295.8,5.0,295.81,2.0
1753617253991,11:54:13.991,phemex,AAVE/USDT:USDT,295.77,0.4,295.76,2.5,295.8,5.0,295.81,2.0
1753617254058,11:54:14.058,phemex,AAVE/USDT:USDT,295.77,0.4,295.76,2.5,295.8,5.0,295.81,2.0
1753617254089,11:54:14.089,phemex,AAVE/USDT:USDT,295.77,0.4,295.76,2.5,295.8,5.0,295.81,2.0
1753617254507,11:54:14.507,phemex,AAVE/USDT:USDT,295.77,0.4,295.76,2.5,295.8,5.0,295.81,2.0
1753617255247,11:54:15.247,phemex,AAVE/USDT:USDT,295.77,0.4,295.76,2.5,295.8,5.0,295.81,2.0
1753617255358,11:54:15.358,phemex,AAVE/USDT:USDT,295.77,0.4,295.76,2.5,295.8,5.0,295.81,2.0
1753617256326,11:54:16.326,phemex,AAVE/USDT:USDT,295.76,2.5,295.74,25.1,295.8,5.0,295.81,2.0
1753617256341,11:54:16.341,phemex,AAVE/USDT:USDT,295.76,2.5,295.74,25.1,295.78,0.2,295.8,5.0
1753617256418,11:54:16.418,phemex,AAVE/USDT:USDT,295.76,2.5,295.74,25.1,295.78,0.2,295.8,5.0
1753617257180,11:54:17.180,phemex,AAVE/USDT:USDT,295.77,0.4,295.76,2.5,295.78,0.2,295.8,5.0
1753617257243,11:54:17.243,phemex,AAVE/USDT:USDT,295.77,0.4,295.76,2.5,295.8,5.0,295.81,2.0
1753617258009,11:54:18.009,phemex,AAVE/USDT:USDT,295.77,0.4,295.76,2.5,295.8,5.0,295.81,2.0
1753617258038,11:54:18.038,phemex,AAVE/USDT:USDT,295.77,0.4,295.76,2.5,295.8,5.0,295.81,2.0
1753617258068,11:54:18.068,phemex,AAVE/USDT:USDT,295.77,0.4,295.76,2.5,295.8,5.0,295.81,2.0
1753617258150,11:54:18.150,phemex,AAVE/USDT:USDT,295.77,0.4,295.76,2.5,295.8,5.0,295.81,2.0
1753617258169,11:54:18.169,phemex,AAVE/USDT:USDT,295.77,0.4,295.76,2.5,295.8,5.0,295.81,2.0
1753617258209,11:54:18.209,phemex,AAVE/USDT:USDT,295.77,0.4,295.76,2.5,295.8,5.0,295.81,2.0
1753617258555,11:54:18.555,phemex,AAVE/USDT:USDT,295.77,0.4,295.76,2.5,295.8,5.0,295.81,2.0
1753617258573,11:54:18.573,phemex,AAVE/USDT:USDT,295.77,0.4,295.76,2.5,295.8,5.0,295.81,2.0
1753617258858,11:54:18.858,phemex,AAVE/USDT:USDT,295.77,0.4,295.76,2.5,295.8,5.0,295.81,2.0
1753617258877,11:54:18.877,phemex,AAVE/USDT:USDT,295.77,0.4,295.76,2.5,295.8,5.0,295.81,2.0
1753617259247,11:54:19.247,phemex,AAVE/USDT:USDT,295.77,0.4,295.76,2.5,295.8,5.0,295.81,2.0
1753617260613,11:54:20.613,phemex,AAVE/USDT:USDT,295.77,0.4,295.76,2.5,295.8,5.0,295.81,2.0
1753617260669,11:54:20.669,phemex,AAVE/USDT:USDT,295.76,2.5,295.74,25.1,295.8,5.0,295.81,2.0
1753617260702,11:54:20.702,phemex,AAVE/USDT:USDT,295.76,2.5,295.74,25.1,295.8,5.0,295.81,2.0
1753617262184,11:54:22.184,phemex,AAVE/USDT:USDT,295.77,0.4,295.76,2.5,295.8,5.0,295.81,2.0
1753617262243,11:54:22.243,phemex,AAVE/USDT:USDT,295.77,0.4,295.76,2.5,295.79,0.2,295.8,5.0
1753617262418,11:54:22.418,phemex,AAVE/USDT:USDT,295.77,0.4,295.76,2.5,295.79,0.2,295.8,5.0
1753617262654,11:54:22.654,phemex,AAVE/USDT:USDT,295.77,0.4,295.76,2.5,295.8,5.0,295.81,2.0
1753617262689,11:54:22.689,phemex,AAVE/USDT:USDT,295.77,0.4,295.76,2.5,295.8,5.0,295.81,2.0
1753617263964,11:54:23.964,phemex,AAVE/USDT:USDT,295.76,2.5,295.74,25.1,295.8,5.0,295.81,2.0
1753617263989,11:54:23.989,phemex,AAVE/USDT:USDT,295.76,2.5,295.74,25.1,295.79,0.2,295.8,5.0
1753617264122,11:54:24.122,phemex,AAVE/USDT:USDT,295.76,2.5,295.74,25.1,295.79,0.6,295.8,5.0
1753617264253,11:54:24.253,phemex,AAVE/USDT:USDT,295.76,2.5,295.74,25.1,295.79,0.2,295.8,5.0
1753617265703,11:54:25.703,phemex,AAVE/USDT:USDT,295.76,2.5,295.74,25.1,295.8,5.0,295.81,2.0
1753617265730,11:54:25.730,phemex,AAVE/USDT:USDT,295.76,2.5,295.74,25.1,295.8,5.0,295.81,2.0
1753617265959,11:54:25.959,phemex,AAVE/USDT:USDT,295.77,0.4,295.76,2.5,295.8,5.0,295.81,2.0
1753617266293,11:54:26.293,phemex,AAVE/USDT:USDT,295.76,2.5,295.74,25.1,295.8,5.0,295.81,2.0
1753617266314,11:54:26.314,phemex,AAVE/USDT:USDT,295.76,2.5,295.74,25.1,295.79,0.2,295.8,5.0
1753617266336,11:54:26.336,phemex,AAVE/USDT:USDT,295.76,2.5,295.74,25.1,295.79,0.2,295.8,5.0
1753617267505,11:54:27.505,phemex,AAVE/USDT:USDT,295.76,2.5,295.74,25.1,295.8,5.0,295.81,2.0
1753617267530,11:54:27.530,phemex,AAVE/USDT:USDT,295.76,2.5,295.74,25.1,295.8,5.0,295.81,2.0
1753617267594,11:54:27.594,phemex,AAVE/USDT:USDT,295.77,0.4,295.76,2.5,295.8,5.0,295.81,2.0
1753617267651,11:54:27.651,phemex,AAVE/USDT:USDT,295.77,0.4,295.76,2.5,295.79,0.2,295.8,5.0
1753617267782,11:54:27.782,phemex,AAVE/USDT:USDT,295.77,0.4,295.76,2.5,295.79,0.2,295.8,5.0
1753617267892,11:54:27.892,phemex,AAVE/USDT:USDT,295.77,0.4,295.76,2.5,295.8,5.0,295.81,2.0
1753617268236,11:54:28.236,phemex,AAVE/USDT:USDT,295.77,0.4,295.76,2.5,295.8,5.0,295.81,2.0
1753617268261,11:54:28.261,phemex,AAVE/USDT:USDT,295.77,0.4,295.76,2.5,295.8,5.0,295.81,2.0
1753617268261,11:54:28.261,phemex,AAVE/USDT:USDT,295.77,0.4,295.76,2.5,295.8,5.0,295.81,2.0
1753617268884,11:54:28.884,phemex,AAVE/USDT:USDT,295.77,0.4,295.76,2.5,295.8,5.0,295.81,2.0
1753617268987,11:54:28.987,phemex,AAVE/USDT:USDT,295.76,2.5,295.74,25.1,295.8,5.0,295.81,2.0
1753617269213,11:54:29.213,phemex,AAVE/USDT:USDT,295.76,2.5,295.74,25.1,295.8,5.0,295.81,2.0
1753617269262,11:54:29.262,phemex,AAVE/USDT:USDT,295.76,2.5,295.74,25.1,295.8,5.0,295.81,2.0
1753617269286,11:54:29.286,phemex,AAVE/USDT:USDT,295.77,0.4,295.76,2.5,295.8,5.0,295.81,2.0
1753617269908,11:54:29.908,phemex,AAVE/USDT:USDT,295.77,0.4,295.76,2.5,295.8,5.0,295.81,2.0
1753617270394,11:54:30.394,phemex,AAVE/USDT:USDT,295.76,2.5,295.74,25.1,295.79,0.4,295.8,5.0
1753617270522,11:54:30.522,phemex,AAVE/USDT:USDT,295.76,2.5,295.74,25.1,295.78,0.2,295.79,0.4
1753617270819,11:54:30.819,phemex,AAVE/USDT:USDT,295.76,2.5,295.74,25.1,295.78,0.2,295.79,0.4
1753617271571,11:54:31.571,phemex,AAVE/USDT:USDT,295.76,2.5,295.74,25.1,295.79,0.4,295.8,5.0
1753617271715,11:54:31.715,phemex,AAVE/USDT:USDT,295.76,2.5,295.74,25.1,295.79,0.4,295.8,5.0
1753617271984,11:54:31.984,phemex,AAVE/USDT:USDT,295.76,2.5,295.74,25.1,295.8,5.0,295.81,2.0
1753617272241,11:54:32.241,phemex,AAVE/USDT:USDT,295.76,2.5,295.74,25.1,295.8,5.0,295.81,2.0
1753617272285,11:54:32.285,phemex,AAVE/USDT:USDT,295.76,2.5,295.74,25.1,295.8,5.0,295.81,2.0
1753617272457,11:54:32.457,phemex,AAVE/USDT:USDT,295.76,2.5,295.74,25.1,295.8,5.0,295.81,2.0
1753617273463,11:54:33.463,phemex,AAVE/USDT:USDT,295.76,2.5,295.74,25.1,295.79,0.4,295.8,5.0
1753617273574,11:54:33.574,phemex,AAVE/USDT:USDT,295.76,2.5,295.74,25.1,295.79,0.4,295.8,5.0
1753617273577,11:54:33.577,phemex,AAVE/USDT:USDT,295.76,2.5,295.74,25.1,295.79,0.4,295.8,5.0
1753617273998,11:54:33.998,phemex,AAVE/USDT:USDT,295.76,2.5,295.74,25.1,295.8,5.0,295.81,2.0
1753617274213,11:54:34.213,phemex,AAVE/USDT:USDT,295.76,2.5,295.74,25.1,295.79,0.4,295.8,5.0
1753617274545,11:54:34.545,phemex,AAVE/USDT:USDT,295.76,2.5,295.74,25.1,295.79,0.4,295.8,5.0
1753617275285,11:54:35.285,phemex,AAVE/USDT:USDT,295.76,2.5,295.74,25.1,295.8,5.0,295.81,2.0
1753617275655,11:54:35.655,phemex,AAVE/USDT:USDT,295.76,2.5,295.74,25.1,295.79,0.4,295.8,5.0
1753617275924,11:54:35.924,phemex,AAVE/USDT:USDT,295.76,2.5,295.74,25.1,295.8,5.0,295.81,2.0
1753617276039,11:54:36.039,phemex,AAVE/USDT:USDT,295.76,2.5,295.74,25.1,295.8,5.0,295.81,2.0
1753617276074,11:54:36.074,phemex,AAVE/USDT:USDT,295.76,2.5,295.74,25.1,295.8,5.0,295.81,2.0
1753617276623,11:54:36.623,phemex,AAVE/USDT:USDT,295.76,2.5,295.74,25.1,295.79,0.4,295.8,5.0
1753617276862,11:54:36.862,phemex,AAVE/USDT:USDT,295.76,2.5,295.74,25.1,295.79,0.4,295.8,5.0
1753617276865,11:54:36.865,phemex,AAVE/USDT:USDT,295.76,2.5,295.74,25.1,295.79,0.4,295.8,5.0
1753617277165,11:54:37.165,phemex,AAVE/USDT:USDT,295.76,2.5,295.74,25.1,295.79,0.4,295.8,5.0
1753617277167,11:54:37.167,phemex,AAVE/USDT:USDT,295.76,2.5,295.74,25.1,295.79,0.4,295.8,5.0
1753617277344,11:54:37.344,phemex,AAVE/USDT:USDT,295.76,2.5,295.74,25.1,295.8,5.0,295.81,2.0
1753617277549,11:54:37.549,phemex,AAVE/USDT:USDT,295.76,2.5,295.74,25.1,295.79,0.4,295.8,5.0
1753617277791,11:54:37.791,phemex,AAVE/USDT:USDT,295.76,2.5,295.74,25.1,295.79,0.4,295.8,5.0
1753617278080,11:54:38.080,phemex,AAVE/USDT:USDT,295.76,2.5,295.74,25.1,295.79,0.4,295.8,5.0
1753617278144,11:54:38.144,phemex,AAVE/USDT:USDT,295.76,2.5,295.74,25.1,295.78,0.2,295.79,0.4
1753617278160,11:54:38.160,phemex,AAVE/USDT:USDT,295.76,2.5,295.74,25.1,295.78,0.6,295.8,5.0
1753617278179,11:54:38.179,phemex,AAVE/USDT:USDT,295.76,2.5,295.74,25.1,295.78,0.6,295.8,5.0
1753617278299,11:54:38.299,phemex,AAVE/USDT:USDT,295.76,2.5,295.74,25.1,295.77,0.6,295.78,0.2
1753617278319,11:54:38.319,phemex,AAVE/USDT:USDT,295.76,2.5,295.74,25.1,295.77,0.6,295.8,5.0
1753617278330,11:54:38.330,phemex,AAVE/USDT:USDT,295.76,2.5,295.74,25.1,295.77,0.6,295.8,5.0
1753617278358,11:54:38.358,phemex,AAVE/USDT:USDT,295.76,2.5,295.74,25.1,295.77,0.6,295.8,5.0
1753617278425,11:54:38.425,phemex,AAVE/USDT:USDT,295.76,2.5,295.74,25.1,295.77,0.6,295.8,5.0
1753617278466,11:54:38.466,phemex,AAVE/USDT:USDT,295.76,2.5,295.74,25.1,295.77,0.6,295.8,5.0
1753617278657,11:54:38.657,phemex,AAVE/USDT:USDT,295.76,2.5,295.74,25.1,295.77,0.6,295.8,5.0
1753617278663,11:54:38.663,phemex,AAVE/USDT:USDT,295.76,2.5,295.74,25.1,295.77,0.6,295.8,5.0
1753617279236,11:54:39.236,phemex,AAVE/USDT:USDT,295.76,2.5,295.74,25.1,295.77,0.4,295.8,5.0
1753617279258,11:54:39.258,phemex,AAVE/USDT:USDT,295.76,2.5,295.74,25.1,295.8,5.0,295.81,2.0
1753617279272,11:54:39.272,phemex,AAVE/USDT:USDT,295.76,2.5,295.74,25.1,295.8,5.0,295.81,2.0
1753617279313,11:54:39.313,phemex,AAVE/USDT:USDT,295.76,2.5,295.74,25.1,295.8,5.0,295.81,2.0
1753617279350,11:54:39.350,phemex,AAVE/USDT:USDT,295.77,0.4,295.76,2.5,295.8,5.0,295.81,2.0
1753617279567,11:54:39.567,phemex,AAVE/USDT:USDT,295.76,2.5,295.74,25.1,295.8,5.0,295.81,2.0
1753617279765,11:54:39.765,phemex,AAVE/USDT:USDT,295.76,2.5,295.74,25.1,295.8,5.0,295.81,2.0
1753617279913,11:54:39.913,phemex,AAVE/USDT:USDT,295.76,2.5,295.74,25.1,295.79,0.4,295.8,5.0
1753617280007,11:54:40.007,phemex,AAVE/USDT:USDT,295.76,2.5,295.74,25.1,295.79,0.4,295.8,5.0
1753617280062,11:54:40.062,phemex,AAVE/USDT:USDT,295.76,2.5,295.74,25.1,295.79,0.4,295.8,5.0
1753617280342,11:54:40.342,phemex,AAVE/USDT:USDT,295.76,2.5,295.74,25.1,295.8,5.0,295.81,2.0
1753617280388,11:54:40.388,phemex,AAVE/USDT:USDT,295.76,2.5,295.74,25.1,295.8,5.0,295.81,2.0
1753617280743,11:54:40.743,phemex,AAVE/USDT:USDT,295.76,2.5,295.74,25.1,295.78,0.2,295.79,0.4
1753617280800,11:54:40.800,phemex,AAVE/USDT:USDT,295.76,2.5,295.74,25.1,295.77,0.2,295.78,0.2
1753617280812,11:54:40.812,phemex,AAVE/USDT:USDT,295.76,2.5,295.74,25.1,295.77,0.2,295.79,0.4
1753617280854,11:54:40.854,phemex,AAVE/USDT:USDT,295.76,2.5,295.74,25.1,295.77,0.2,295.79,0.4
1753617280911,11:54:40.911,phemex,AAVE/USDT:USDT,295.76,2.5,295.74,25.1,295.77,0.2,295.79,0.4
1753617281105,11:54:41.105,phemex,AAVE/USDT:USDT,295.76,2.5,295.74,25.1,295.79,0.4,295.8,5.0
1753617281160,11:54:41.160,phemex,AAVE/USDT:USDT,295.76,2.5,295.74,25.1,295.8,5.0,295.81,2.0
1753617281187,11:54:41.187,phemex,AAVE/USDT:USDT,295.76,2.5,295.74,25.1,295.8,5.0,295.81,2.0
1753617281226,11:54:41.226,phemex,AAVE/USDT:USDT,295.76,2.5,295.74,25.1,295.8,5.0,295.81,2.0
1753617281475,11:54:41.475,phemex,AAVE/USDT:USDT,295.76,2.5,295.74,25.1,295.79,0.4,295.8,5.0
1753617281503,11:54:41.503,phemex,AAVE/USDT:USDT,295.76,2.5,295.74,25.1,295.77,0.2,295.79,0.4
1753617281546,11:54:41.546,phemex,AAVE/USDT:USDT,295.76,2.5,295.74,25.1,295.77,0.2,295.79,0.4
1753617281595,11:54:41.595,phemex,AAVE/USDT:USDT,295.76,2.5,295.74,25.1,295.77,0.2,295.79,0.4
1753617281651,11:54:41.651,phemex,AAVE/USDT:USDT,295.76,2.5,295.74,25.1,295.77,0.2,295.79,0.4
1753617282054,11:54:42.054,phemex,AAVE/USDT:USDT,295.76,2.5,295.74,25.1,295.77,0.2,295.79,0.4
1753617282445,11:54:42.445,phemex,AAVE/USDT:USDT,295.76,2.5,295.74,25.1,295.77,0.2,295.79,0.4
1753617282514,11:54:42.514,phemex,AAVE/USDT:USDT,295.76,2.5,295.74,25.1,295.77,0.6,295.79,0.4
1753617282528,11:54:42.528,phemex,AAVE/USDT:USDT,295.76,2.5,295.74,25.1,295.77,0.2,295.79,0.4
1753617282591,11:54:42.591,phemex,AAVE/USDT:USDT,295.76,2.5,295.74,25.1,295.79,0.4,295.8,5.0
1753617283351,11:54:43.351,phemex,AAVE/USDT:USDT,295.78,1.0,295.76,2.5,295.79,0.4,295.8,5.0
1753617283396,11:54:43.396,phemex,AAVE/USDT:USDT,295.78,1.0,295.76,2.5,295.79,0.6,295.8,5.0
1753617283646,11:54:43.646,phemex,AAVE/USDT:USDT,295.78,1.0,295.76,2.5,295.79,0.6,295.8,5.0
1753617283714,11:54:43.714,phemex,AAVE/USDT:USDT,295.78,1.0,295.76,2.5,295.79,0.6,295.8,5.0
1753617283737,11:54:43.737,phemex,AAVE/USDT:USDT,295.78,1.0,295.76,2.5,295.79,0.6,295.8,5.0
1753617284177,11:54:44.177,phemex,AAVE/USDT:USDT,295.78,1.0,295.76,2.5,295.79,0.6,295.8,5.0
1753617285117,11:54:45.117,phemex,AAVE/USDT:USDT,295.78,1.0,295.76,2.5,295.79,0.6,295.8,5.0
1753617285159,11:54:45.159,phemex,AAVE/USDT:USDT,295.76,2.5,295.74,25.1,295.79,0.6,295.8,5.0
1753617285197,11:54:45.197,phemex,AAVE/USDT:USDT,295.76,2.5,295.74,25.1,295.77,0.2,295.79,0.6
1753617285291,11:54:45.291,phemex,AAVE/USDT:USDT,295.76,2.5,295.74,26.1,295.77,0.2,295.79,0.4
1753617286354,11:54:46.354,phemex,AAVE/USDT:USDT,295.76,2.5,295.74,26.1,295.79,0.4,295.8,5.0
1753617286374,11:54:46.374,phemex,AAVE/USDT:USDT,295.76,2.5,295.74,26.1,295.79,0.4,295.8,5.0
1753617287249,11:54:47.249,phemex,AAVE/USDT:USDT,295.76,2.5,295.74,26.1,295.8,5.0,295.81,2.0
1753617287281,11:54:47.281,phemex,AAVE/USDT:USDT,295.76,2.5,295.74,26.1,295.8,5.0,295.81,2.0
1753617287324,11:54:47.324,phemex,AAVE/USDT:USDT,295.76,2.5,295.74,26.1,295.8,5.0,295.81,2.0
1753617287327,11:54:47.327,phemex,AAVE/USDT:USDT,295.76,2.5,295.74,26.1,295.8,5.0,295.81,2.0
1753617287807,11:54:47.807,phemex,AAVE/USDT:USDT,295.76,2.5,295.74,26.1,295.79,0.4,295.8,5.0
1753617288027,11:54:48.027,phemex,AAVE/USDT:USDT,295.74,26.1,295.69,0.4,295.75,0.2,295.79,0.4
1753617288064,11:54:48.064,phemex,AAVE/USDT:USDT,295.74,21.3,295.69,0.4,295.75,0.2,295.79,0.4
1753617288095,11:54:48.095,phemex,AAVE/USDT:USDT,295.74,21.3,295.73,2.7,295.75,2.1,295.79,0.4
1753617288123,11:54:48.123,phemex,AAVE/USDT:USDT,295.74,21.3,295.73,2.7,295.75,2.1,295.79,0.4
1753617288219,11:54:48.219,phemex,AAVE/USDT:USDT,295.74,21.3,295.73,2.7,295.75,2.1,295.79,0.4
1753617289099,11:54:49.099,phemex,AAVE/USDT:USDT,295.74,21.3,295.73,2.7,295.8,5.0,295.81,3.5
1753617289109,11:54:49.109,phemex,AAVE/USDT:USDT,295.74,21.3,295.73,2.7,295.8,5.0,295.81,2.0
1753617289126,11:54:49.126,phemex,AAVE/USDT:USDT,295.75,0.4,295.74,21.3,295.8,5.0,295.81,2.0
1753617289151,11:54:49.151,phemex,AAVE/USDT:USDT,295.75,0.4,295.74,21.3,295.8,5.0,295.81,2.0
1753617289221,11:54:49.221,phemex,AAVE/USDT:USDT,295.75,0.4,295.74,21.3,295.8,5.0,295.81,2.0
1753617289274,11:54:49.274,phemex,AAVE/USDT:USDT,295.75,0.4,295.74,21.3,295.8,5.0,295.81,2.0
1753617290462,11:54:50.462,phemex,AAVE/USDT:USDT,295.75,0.4,295.74,21.3,295.8,5.0,295.81,2.0
1753617291057,11:54:51.057,phemex,AAVE/USDT:USDT,295.75,0.4,295.74,21.3,295.81,2.0,295.83,0.4
1753617291079,11:54:51.079,phemex,AAVE/USDT:USDT,295.75,0.4,295.74,21.3,295.81,2.0,295.83,0.4
1753617292442,11:54:52.442,phemex,AAVE/USDT:USDT,295.75,0.4,295.74,21.3,295.8,0.4,295.81,2.0
1753617292455,11:54:52.455,phemex,AAVE/USDT:USDT,295.75,0.4,295.74,21.3,295.77,0.2,295.81,2.0
1753617292502,11:54:52.502,phemex,AAVE/USDT:USDT,295.75,0.4,295.74,21.3,295.77,0.2,295.81,2.0
1753617292517,11:54:52.517,phemex,AAVE/USDT:USDT,295.75,0.4,295.74,21.3,295.77,0.2,295.81,2.0
1753617292575,11:54:52.575,phemex,AAVE/USDT:USDT,295.75,0.4,295.74,21.3,295.77,0.2,295.81,2.0
1753617292583,11:54:52.583,phemex,AAVE/USDT:USDT,295.75,0.4,295.74,21.3,295.77,0.2,295.81,2.0
1753617292701,11:54:52.701,phemex,AAVE/USDT:USDT,295.75,0.4,295.74,21.3,295.77,0.2,295.81,2.0
1753617292834,11:54:52.834,phemex,AAVE/USDT:USDT,295.75,0.4,295.74,21.3,295.77,0.2,295.81,2.0
1753617293094,11:54:53.094,phemex,AAVE/USDT:USDT,295.75,0.4,295.74,21.3,295.81,2.0,295.82,1.5
1753617293123,11:54:53.123,phemex,AAVE/USDT:USDT,295.75,0.4,295.74,21.3,295.81,2.0,295.83,0.4
1753617293166,11:54:53.166,phemex,AAVE/USDT:USDT,295.75,0.4,295.74,21.3,295.81,2.0,295.83,0.4
1753617294030,11:54:54.030,phemex,AAVE/USDT:USDT,295.75,0.4,295.74,21.3,295.81,2.0,295.83,0.4
1753617294035,11:54:54.035,phemex,AAVE/USDT:USDT,295.75,0.4,295.74,21.3,295.81,2.0,295.83,0.4
1753617294078,11:54:54.078,phemex,AAVE/USDT:USDT,295.75,0.4,295.74,21.3,295.81,2.0,295.83,0.4
1753617294470,11:54:54.470,phemex,AAVE/USDT:USDT,295.75,0.4,295.74,21.3,295.81,2.0,295.83,0.4
1753617294730,11:54:54.730,phemex,AAVE/USDT:USDT,295.75,0.4,295.74,21.3,295.8,0.4,295.81,2.0
1753617294756,11:54:54.756,phemex,AAVE/USDT:USDT,295.75,0.4,295.74,21.3,295.77,0.2,295.8,0.4
1753617294787,11:54:54.787,phemex,AAVE/USDT:USDT,295.75,0.4,295.74,21.3,295.77,0.2,295.8,0.4
1753617294810,11:54:54.810,phemex,AAVE/USDT:USDT,295.75,0.4,295.74,21.3,295.77,0.2,295.8,0.4
1753617295325,11:54:55.325,phemex,AAVE/USDT:USDT,295.74,21.3,295.73,2.7,295.77,0.6,295.8,0.4
1753617295333,11:54:55.333,phemex,AAVE/USDT:USDT,295.74,21.3,295.73,2.7,295.77,0.2,295.8,0.4
1753617295756,11:54:55.756,phemex,AAVE/USDT:USDT,295.74,21.3,295.73,2.7,295.77,0.2,295.8,0.4
1753617297457,11:54:57.457,phemex,AAVE/USDT:USDT,295.74,21.3,295.73,2.7,295.8,0.4,295.81,2.0
1753617297524,11:54:57.524,phemex,AAVE/USDT:USDT,295.74,21.3,295.73,2.7,295.8,0.4,295.81,2.0
1753617297561,11:54:57.561,phemex,AAVE/USDT:USDT,295.74,21.3,295.73,2.7,295.8,0.4,295.81,2.0
1753617297911,11:54:57.911,phemex,AAVE/USDT:USDT,295.75,0.4,295.74,21.3,295.8,0.4,295.81,2.0
1753617298147,11:54:58.147,phemex,AAVE/USDT:USDT,295.75,0.4,295.74,21.3,295.8,0.4,295.81,2.0
1753617298149,11:54:58.149,phemex,AAVE/USDT:USDT,295.75,0.4,295.74,21.3,295.8,0.4,295.81,2.0
1753617298296,11:54:58.296,phemex,AAVE/USDT:USDT,295.75,0.4,295.74,21.3,295.8,0.4,295.81,2.0
1753617298296,11:54:58.296,phemex,AAVE/USDT:USDT,295.75,0.4,295.74,21.3,295.8,0.4,295.81,2.0
1753617299135,11:54:59.135,phemex,AAVE/USDT:USDT,295.74,21.3,295.73,2.7,295.8,0.4,295.81,2.0
1753617299169,11:54:59.169,phemex,AAVE/USDT:USDT,295.74,21.3,295.73,2.7,295.8,0.4,295.81,2.0
1753617300025,11:55:00.025,phemex,AAVE/USDT:USDT,295.74,21.3,295.73,2.7,295.8,0.4,295.81,2.0
1753617300031,11:55:00.031,phemex,AAVE/USDT:USDT,295.74,21.3,295.73,2.7,295.8,0.4,295.81,2.0
1753617300083,11:55:00.083,phemex,AAVE/USDT:USDT,295.74,21.3,295.73,2.7,295.8,0.4,295.81,2.0
1753617300672,11:55:00.672,phemex,AAVE/USDT:USDT,295.75,0.4,295.74,21.3,295.8,0.4,295.81,2.0
1753617300686,11:55:00.686,phemex,AAVE/USDT:USDT,295.75,0.4,295.74,21.3,295.77,0.2,295.8,0.4
1753617300751,11:55:00.751,phemex,AAVE/USDT:USDT,295.75,0.4,295.74,21.3,295.77,0.2,295.8,0.4
1753617300851,11:55:00.851,phemex,AAVE/USDT:USDT,295.75,0.4,295.74,21.3,295.77,0.2,295.8,0.4
1753617301017,11:55:01.017,phemex,AAVE/USDT:USDT,295.74,21.3,295.73,2.7,295.77,0.2,295.8,0.4
1753617301054,11:55:01.054,phemex,AAVE/USDT:USDT,295.74,21.3,295.73,2.7,295.77,0.6,295.8,0.4
1753617301082,11:55:01.082,phemex,AAVE/USDT:USDT,295.74,21.3,295.73,2.7,295.77,0.2,295.8,0.4
1753617301243,11:55:01.243,phemex,AAVE/USDT:USDT,295.75,0.4,295.74,21.3,295.77,0.2,295.8,0.4
1753617301254,11:55:01.254,phemex,AAVE/USDT:USDT,295.75,0.4,295.74,21.3,295.8,0.4,295.81,2.0
1753617301282,11:55:01.282,phemex,AAVE/USDT:USDT,295.75,0.4,295.74,21.3,295.8,0.4,295.81,2.0
1753617301327,11:55:01.327,phemex,AAVE/USDT:USDT,295.75,0.4,295.74,21.3,295.8,0.4,295.81,2.0
1753617301352,11:55:01.352,phemex,AAVE/USDT:USDT,295.75,0.4,295.74,21.3,295.8,0.4,295.81,2.0
1753617301409,11:55:01.409,phemex,AAVE/USDT:USDT,295.75,0.4,295.74,21.3,295.8,0.4,295.81,2.0
1753617301511,11:55:01.511,phemex,AAVE/USDT:USDT,295.75,0.4,295.74,21.3,295.8,0.4,295.81,2.0
1753617301802,11:55:01.802,phemex,AAVE/USDT:USDT,295.75,0.4,295.74,21.3,295.8,0.4,295.81,2.0
1753617301811,11:55:01.811,phemex,AAVE/USDT:USDT,295.75,0.4,295.74,21.3,295.8,0.4,295.81,2.0
1753617302414,11:55:02.414,phemex,AAVE/USDT:USDT,295.74,21.3,295.73,2.7,295.8,0.4,295.81,2.0
1753617303183,11:55:03.183,phemex,AAVE/USDT:USDT,295.75,0.4,295.74,21.3,295.8,0.4,295.81,2.0
1753617303397,11:55:03.397,phemex,AAVE/USDT:USDT,295.74,21.3,295.73,2.7,295.8,0.4,295.81,2.0
1753617303413,11:55:03.413,phemex,AAVE/USDT:USDT,295.74,21.3,295.73,2.7,295.76,0.2,295.8,0.4
1753617303434,11:55:03.434,phemex,AAVE/USDT:USDT,295.74,21.3,295.73,2.7,295.75,0.2,295.76,0.2
1753617303456,11:55:03.456,phemex,AAVE/USDT:USDT,295.74,21.3,295.73,2.7,295.75,0.2,295.8,0.4
1753617303515,11:55:03.515,phemex,AAVE/USDT:USDT,295.74,21.3,295.73,2.7,295.75,0.2,295.8,0.4
1753617303549,11:55:03.549,phemex,AAVE/USDT:USDT,295.74,21.3,295.73,2.7,295.75,0.2,295.8,0.4
1753617303577,11:55:03.577,phemex,AAVE/USDT:USDT,295.74,21.3,295.73,2.7,295.75,0.2,295.8,0.4
1753617303614,11:55:03.614,phemex,AAVE/USDT:USDT,295.74,21.3,295.73,2.7,295.75,0.2,295.8,0.4
1753617303665,11:55:03.665,phemex,AAVE/USDT:USDT,295.74,21.3,295.73,2.7,295.8,0.4,295.81,3.5
1753617303684,11:55:03.684,phemex,AAVE/USDT:USDT,295.74,21.3,295.73,2.7,295.77,0.2,295.81,2.0
1753617303707,11:55:03.707,phemex,AAVE/USDT:USDT,295.74,21.3,295.73,2.7,295.77,0.6,295.81,2.0
1753617303736,11:55:03.736,phemex,AAVE/USDT:USDT,295.74,21.3,295.73,2.7,295.77,0.6,295.81,2.0
1753617303766,11:55:03.766,phemex,AAVE/USDT:USDT,295.74,21.3,295.73,2.7,295.76,0.4,295.77,0.2
1753617303779,11:55:03.779,phemex,AAVE/USDT:USDT,295.74,21.3,295.73,2.7,295.76,0.4,295.81,2.0
1753617303826,11:55:03.826,phemex,AAVE/USDT:USDT,295.74,21.3,295.73,2.7,295.79,0.4,295.81,3.5
1753617303840,11:55:03.840,phemex,AAVE/USDT:USDT,295.74,21.3,295.73,2.7,295.79,0.4,295.81,2.0
1753617303855,11:55:03.855,phemex,AAVE/USDT:USDT,295.74,21.3,295.73,2.7,295.79,0.4,295.81,2.0
1753617303975,11:55:03.975,phemex,AAVE/USDT:USDT,295.74,21.3,295.73,2.7,295.79,0.4,295.81,2.0
1753617304092,11:55:04.092,phemex,AAVE/USDT:USDT,295.74,21.3,295.73,2.7,295.79,0.4,295.81,2.0
1753617304185,11:55:04.185,phemex,AAVE/USDT:USDT,295.74,21.3,295.73,2.7,295.76,0.2,295.79,0.4
1753617304212,11:55:04.212,phemex,AAVE/USDT:USDT,295.74,21.3,295.73,2.7,295.76,0.2,295.79,0.4
1753617304257,11:55:04.257,phemex,AAVE/USDT:USDT,295.74,21.3,295.73,2.7,295.76,0.2,295.79,0.4
1753617304288,11:55:04.288,phemex,AAVE/USDT:USDT,295.74,21.3,295.73,2.7,295.76,0.2,295.79,0.4
1753617304512,11:55:04.512,phemex,AAVE/USDT:USDT,295.74,21.3,295.69,0.4,295.76,0.2,295.79,0.4
1753617304520,11:55:04.520,phemex,AAVE/USDT:USDT,295.74,21.3,295.69,0.4,295.76,0.6,295.79,0.4
1753617304592,11:55:04.592,phemex,AAVE/USDT:USDT,295.74,21.3,295.69,0.4,295.76,0.2,295.79,0.4
1753617304618,11:55:04.618,phemex,AAVE/USDT:USDT,295.74,21.3,295.73,2.7,295.76,2.2,295.79,0.4
1753617304637,11:55:04.637,phemex,AAVE/USDT:USDT,295.74,12.9,295.73,2.7,295.76,2.2,295.79,0.4
1753617304660,11:55:04.660,phemex,AAVE/USDT:USDT,295.74,12.9,295.73,2.7,295.76,2.2,295.79,0.4
1753617304685,11:55:04.685,phemex,AAVE/USDT:USDT,295.74,12.9,295.73,2.7,295.75,0.2,295.76,2.2
1753617304697,11:55:04.697,phemex,AAVE/USDT:USDT,295.74,12.9,295.73,2.7,295.75,0.2,295.76,2.2
1753617304757,11:55:04.757,phemex,AAVE/USDT:USDT,295.74,12.9,295.73,2.7,295.75,0.2,295.76,2.2
1753617304794,11:55:04.794,phemex,AAVE/USDT:USDT,295.74,11.9,295.73,2.7,295.75,0.2,295.76,2.2
1753617304833,11:55:04.833,phemex,AAVE/USDT:USDT,295.74,11.9,295.73,2.7,295.75,0.6,295.76,2.2
1753617304850,11:55:04.850,phemex,AAVE/USDT:USDT,295.74,11.9,295.73,2.7,295.75,0.6,295.76,2.0
1753617304903,11:55:04.903,phemex,AAVE/USDT:USDT,295.74,11.9,295.73,2.7,295.75,0.6,295.76,2.0
1753617304904,11:55:04.904,phemex,AAVE/USDT:USDT,295.74,11.9,295.73,2.7,295.75,0.6,295.76,2.0
1753617304965,11:55:04.965,phemex,AAVE/USDT:USDT,295.74,11.9,295.73,2.7,295.75,0.6,295.76,2.0
1753617304975,11:55:04.975,phemex,AAVE/USDT:USDT,295.74,11.9,295.73,2.7,295.75,0.6,295.76,2.0
1753617304999,11:55:04.999,phemex,AAVE/USDT:USDT,295.74,11.9,295.69,0.4,295.75,0.6,295.76,2.0
1753617305034,11:55:05.034,phemex,AAVE/USDT:USDT,295.74,11.9,295.71,2.7,295.75,0.6,295.76,2.0
1753617305111,11:55:05.111,phemex,AAVE/USDT:USDT,295.74,11.9,295.71,2.7,295.75,0.6,295.76,2.0
1753617305118,11:55:05.118,phemex,AAVE/USDT:USDT,295.74,11.9,295.71,2.7,295.75,0.6,295.76,2.0
1753617305154,11:55:05.154,phemex,AAVE/USDT:USDT,295.74,11.9,295.71,2.7,295.75,0.6,295.76,2.0
1753617305218,11:55:05.218,phemex,AAVE/USDT:USDT,295.74,11.9,295.71,2.7,295.75,0.6,295.76,2.0
1753617305241,11:55:05.241,phemex,AAVE/USDT:USDT,295.74,11.9,295.71,2.7,295.75,0.6,295.76,2.0
1753617305250,11:55:05.250,phemex,AAVE/USDT:USDT,295.74,11.9,295.71,2.7,295.75,0.6,295.76,2.0
1753617305283,11:55:05.283,phemex,AAVE/USDT:USDT,295.71,2.7,295.66,3.4,295.75,0.6,295.76,2.0
1753617305319,11:55:05.319,phemex,AAVE/USDT:USDT,295.66,3.4,295.65,0.4,295.72,0.2,295.75,0.6
1753617305356,11:55:05.356,phemex,AAVE/USDT:USDT,295.66,3.4,295.64,0.8,295.67,0.2,295.72,0.2
1753617305373,11:55:05.373,phemex,AAVE/USDT:USDT,295.66,3.4,295.64,0.8,295.67,0.2,295.72,2.2
1753617305535,11:55:05.535,phemex,AAVE/USDT:USDT,295.66,3.4,295.64,0.8,295.7,0.4,295.72,2.2
1753617305559,11:55:05.559,phemex,AAVE/USDT:USDT,295.66,3.4,295.64,0.8,295.67,0.2,295.7,0.4
1753617305594,11:55:05.594,phemex,AAVE/USDT:USDT,295.66,3.4,295.64,0.8,295.67,0.2,295.7,0.4
1753617305645,11:55:05.645,phemex,AAVE/USDT:USDT,295.66,3.4,295.64,0.8,295.67,0.2,295.7,0.4
1753617305715,11:55:05.715,phemex,AAVE/USDT:USDT,295.66,3.4,295.64,0.8,295.67,0.2,295.7,0.4
1753617305881,11:55:05.881,phemex,AAVE/USDT:USDT,295.66,3.4,295.64,0.8,295.67,0.2,295.68,5.5
1753617305881,11:55:05.881,phemex,AAVE/USDT:USDT,295.66,3.4,295.64,0.8,295.67,0.2,295.68,5.5
1753617305918,11:55:05.918,phemex,AAVE/USDT:USDT,295.66,3.4,295.64,0.8,295.67,0.2,295.68,5.5
1753617305928,11:55:05.928,phemex,AAVE/USDT:USDT,295.66,3.4,295.64,0.8,295.67,0.2,295.68,5.5
1753617305944,11:55:05.944,phemex,AAVE/USDT:USDT,295.66,3.4,295.64,0.8,295.67,0.2,295.68,5.5
1753617305969,11:55:05.969,phemex,AAVE/USDT:USDT,295.66,3.4,295.64,0.8,295.67,0.2,295.68,5.5
1753617305993,11:55:05.993,phemex,AAVE/USDT:USDT,295.66,3.4,295.64,0.8,295.67,0.2,295.68,5.5
1753617306698,11:55:06.698,phemex,AAVE/USDT:USDT,295.64,0.8,295.62,7.9,295.67,0.2,295.68,5.5
1753617306713,11:55:06.713,phemex,AAVE/USDT:USDT,295.64,3.5,295.62,7.9,295.67,0.2,295.68,5.5
1753617306861,11:55:06.861,phemex,AAVE/USDT:USDT,295.65,0.4,295.64,3.5,295.68,5.5,295.7,0.4
1753617308545,11:55:08.545,phemex,AAVE/USDT:USDT,295.65,0.4,295.64,3.5,295.68,5.5,295.7,0.4
1753617309133,11:55:09.133,phemex,AAVE/USDT:USDT,295.65,0.4,295.64,3.5,295.68,5.5,295.72,2.0
1753617309884,11:55:09.884,phemex,AAVE/USDT:USDT,295.65,0.4,295.64,3.5,295.72,2.0,295.73,1.5
1753617309932,11:55:09.932,phemex,AAVE/USDT:USDT,295.65,0.4,295.64,3.5,295.72,2.0,295.76,3.3
1753617310035,11:55:10.035,phemex,AAVE/USDT:USDT,295.65,0.4,295.64,3.5,295.76,3.3,295.77,1.5
1753617310053,11:55:10.053,phemex,AAVE/USDT:USDT,295.65,0.4,295.64,3.5,295.76,3.3,295.78,4.9
1753617310075,11:55:10.075,phemex,AAVE/USDT:USDT,295.65,0.4,295.64,3.5,295.76,2.9,295.78,4.9
1753617310493,11:55:10.493,phemex,AAVE/USDT:USDT,295.65,0.4,295.64,3.5,295.76,2.9,295.78,4.9
1753617310501,11:55:10.501,phemex,AAVE/USDT:USDT,295.65,0.4,295.64,3.5,295.76,2.9,295.78,4.9
1753617310672,11:55:10.672,phemex,AAVE/USDT:USDT,295.71,3.4,295.65,0.4,295.76,2.9,295.78,4.9
1753617310706,11:55:10.706,phemex,AAVE/USDT:USDT,295.72,0.4,295.71,6.0,295.74,0.2,295.76,2.9
1753617310747,11:55:10.747,phemex,AAVE/USDT:USDT,295.72,0.4,295.71,6.0,295.74,0.2,295.76,2.9
1753617310890,11:55:10.890,phemex,AAVE/USDT:USDT,295.72,0.4,295.71,6.0,295.74,0.2,295.76,2.9
1753617311180,11:55:11.180,phemex,AAVE/USDT:USDT,295.72,0.4,295.71,6.0,295.74,0.2,295.76,2.9
1753617311192,11:55:11.192,phemex,AAVE/USDT:USDT,295.72,0.4,295.71,6.0,295.74,0.2,295.76,2.9
1753617311196,11:55:11.196,phemex,AAVE/USDT:USDT,295.72,0.4,295.71,6.0,295.74,0.2,295.76,2.9
1753617312090,11:55:12.090,phemex,AAVE/USDT:USDT,295.72,0.4,295.71,6.0,295.74,0.2,295.76,2.9
1753617312435,11:55:12.435,phemex,AAVE/USDT:USDT,295.72,0.4,295.71,6.0,295.76,2.9,295.78,4.9
1753617312941,11:55:12.941,phemex,AAVE/USDT:USDT,295.71,6.0,295.65,0.4,295.75,0.4,295.76,2.9
1753617312964,11:55:12.964,phemex,AAVE/USDT:USDT,295.71,6.0,295.65,0.4,295.72,0.2,295.75,0.4
1753617313014,11:55:13.014,phemex,AAVE/USDT:USDT,295.71,2.6,295.67,4.8,295.72,0.2,295.75,0.4
1753617313077,11:55:13.077,phemex,AAVE/USDT:USDT,295.71,2.6,295.67,4.8,295.72,0.2,295.75,0.4
1753617313152,11:55:13.152,phemex,AAVE/USDT:USDT,295.71,2.6,295.67,4.8,295.72,0.6,295.75,0.4
1753617313158,11:55:13.158,phemex,AAVE/USDT:USDT,295.71,2.6,295.67,4.8,295.72,0.2,295.75,0.4
1753617313239,11:55:13.239,phemex,AAVE/USDT:USDT,295.71,2.6,295.68,0.4,295.72,0.2,295.75,0.4
1753617313552,11:55:13.552,phemex,AAVE/USDT:USDT,295.71,2.6,295.68,0.4,295.72,0.6,295.75,0.4
1753617313557,11:55:13.557,phemex,AAVE/USDT:USDT,295.71,2.6,295.68,0.4,295.72,0.2,295.75,0.4
1753617313874,11:55:13.874,phemex,AAVE/USDT:USDT,295.71,2.6,295.68,0.4,295.72,0.2,295.75,0.4
1753617313976,11:55:13.976,phemex,AAVE/USDT:USDT,295.71,2.6,295.67,4.8,295.72,0.2,295.75,0.4
1753617314118,11:55:14.118,phemex,AAVE/USDT:USDT,295.71,2.6,295.67,4.8,295.72,0.6,295.75,0.4
1753617314123,11:55:14.123,phemex,AAVE/USDT:USDT,295.71,2.6,295.67,4.8,295.72,0.2,295.75,0.4
1753617314271,11:55:14.271,phemex,AAVE/USDT:USDT,295.71,2.6,295.67,4.8,295.72,0.6,295.75,0.4
1753617314275,11:55:14.275,phemex,AAVE/USDT:USDT,295.71,2.6,295.67,4.8,295.72,0.2,295.75,0.4
1753617314448,11:55:14.448,phemex,AAVE/USDT:USDT,295.71,2.6,295.68,0.4,295.72,0.2,295.75,0.4
1753617314515,11:55:14.515,phemex,AAVE/USDT:USDT,295.71,2.6,295.68,0.4,295.72,0.2,295.75,0.4
1753617314544,11:55:14.544,phemex,AAVE/USDT:USDT,295.71,2.6,295.67,4.8,295.72,0.2,295.75,0.4
1753617314675,11:55:14.675,phemex,AAVE/USDT:USDT,295.71,2.6,295.67,4.8,295.72,0.2,295.75,0.4
1753617314825,11:55:14.825,phemex,AAVE/USDT:USDT,295.71,2.6,295.67,4.8,295.72,0.2,295.75,0.4
1753617314981,11:55:14.981,phemex,AAVE/USDT:USDT,295.71,2.6,295.67,4.8,295.72,0.2,295.75,0.4
1753617315020,11:55:15.020,phemex,AAVE/USDT:USDT,295.71,2.6,295.67,4.8,295.72,0.2,295.75,0.4
1753617315132,11:55:15.132,phemex,AAVE/USDT:USDT,295.71,2.6,295.67,4.8,295.72,0.2,295.75,0.4
1753617315280,11:55:15.280,phemex,AAVE/USDT:USDT,295.71,2.6,295.67,4.8,295.72,0.6,295.75,0.4
1753617315293,11:55:15.293,phemex,AAVE/USDT:USDT,295.71,2.6,295.67,4.8,295.72,0.2,295.75,0.4
1753617315320,11:55:15.320,phemex,AAVE/USDT:USDT,295.71,2.6,295.67,4.8,295.72,0.2,295.75,0.4
1753617315438,11:55:15.438,phemex,AAVE/USDT:USDT,295.71,2.6,295.67,4.8,295.72,0.2,295.75,0.4
1753617315592,11:55:15.592,phemex,AAVE/USDT:USDT,295.71,2.6,295.67,4.8,295.72,0.2,295.75,0.4
1753617315740,11:55:15.740,phemex,AAVE/USDT:USDT,295.71,2.6,295.67,4.8,295.72,0.2,295.75,0.4
1753617315892,11:55:15.892,phemex,AAVE/USDT:USDT,295.71,2.6,295.67,4.8,295.72,0.2,295.75,0.4
1753617316046,11:55:16.046,phemex,AAVE/USDT:USDT,295.71,2.6,295.67,4.8,295.72,0.2,295.75,0.4
1753617316193,11:55:16.193,phemex,AAVE/USDT:USDT,295.71,2.6,295.67,4.8,295.72,0.6,295.75,0.4
1753617316197,11:55:16.197,phemex,AAVE/USDT:USDT,295.71,2.6,295.67,4.8,295.72,0.2,295.75,0.4
1753617316255,11:55:16.255,phemex,AAVE/USDT:USDT,295.71,2.6,295.65,0.4,295.72,0.2,295.75,0.4
1753617316309,11:55:16.309,phemex,AAVE/USDT:USDT,295.71,2.6,295.64,3.5,295.72,0.2,295.75,0.4
1753617316330,11:55:16.330,phemex,AAVE/USDT:USDT,295.71,2.6,295.64,3.5,295.72,0.2,295.75,0.4
1753617316350,11:55:16.350,phemex,AAVE/USDT:USDT,295.71,2.6,295.65,0.4,295.72,0.2,295.75,0.4
1753617316497,11:55:16.497,phemex,AAVE/USDT:USDT,295.71,2.6,295.65,0.4,295.72,0.6,295.75,0.4
1753617316513,11:55:16.513,phemex,AAVE/USDT:USDT,295.71,2.6,295.65,0.4,295.72,0.2,295.75,0.4
1753617316681,11:55:16.681,phemex,AAVE/USDT:USDT,295.71,2.6,295.64,3.5,295.72,0.2,295.75,0.4
1753617316719,11:55:16.719,phemex,AAVE/USDT:USDT,295.64,3.5,295.62,13.5,295.72,0.2,295.75,0.4
1753617316732,11:55:16.732,phemex,AAVE/USDT:USDT,295.64,3.5,295.62,13.5,295.65,0.2,295.72,0.2
1753617316733,11:55:16.733,phemex,AAVE/USDT:USDT,295.64,3.5,295.62,13.5,295.65,0.2,295.72,0.2
1753617316783,11:55:16.783,phemex,AAVE/USDT:USDT,295.64,2.7,295.62,13.5,295.65,0.2,295.7,1.5
1753617316794,11:55:16.794,phemex,AAVE/USDT:USDT,295.64,2.7,295.62,13.5,295.65,0.2,295.7,1.5
1753617317080,11:55:17.080,phemex,AAVE/USDT:USDT,295.64,2.7,295.62,13.5,295.65,0.2,295.69,2.0
1753617318054,11:55:18.054,phemex,AAVE/USDT:USDT,295.64,2.7,295.62,13.5,295.65,0.2,295.69,2.0
1753617318677,11:55:18.677,phemex,AAVE/USDT:USDT,295.64,2.7,295.62,13.5,295.65,0.6,295.69,2.0
1753617318778,11:55:18.778,phemex,AAVE/USDT:USDT,295.64,2.7,295.62,7.5,295.65,0.6,295.69,2.0
1753617318804,11:55:18.804,phemex,AAVE/USDT:USDT,295.64,2.7,295.62,7.5,295.65,0.6,295.69,2.0
1753617318850,11:55:18.850,phemex,AAVE/USDT:USDT,295.64,2.7,295.62,7.5,295.65,0.6,295.69,2.0
1753617318903,11:55:18.903,phemex,AAVE/USDT:USDT,295.64,2.7,295.62,7.5,295.65,0.6,295.69,2.0
1753617318927,11:55:18.927,phemex,AAVE/USDT:USDT,295.64,2.7,295.62,7.5,295.65,0.6,295.69,2.0
1753617319072,11:55:19.072,phemex,AAVE/USDT:USDT,295.64,2.7,295.62,7.5,295.65,0.6,295.69,2.0
1753617319108,11:55:19.108,phemex,AAVE/USDT:USDT,295.64,2.7,295.62,7.5,295.65,0.6,295.69,2.0
1753617319129,11:55:19.129,phemex,AAVE/USDT:USDT,295.61,11.9,295.6,6.0,295.65,0.6,295.69,2.0
1753617319150,11:55:19.150,phemex,AAVE/USDT:USDT,295.61,11.9,295.6,6.0,295.62,0.2,295.65,0.6
1753617319164,11:55:19.164,phemex,AAVE/USDT:USDT,295.61,11.9,295.6,6.0,295.62,0.2,295.63,0.4
1753617319317,11:55:19.317,phemex,AAVE/USDT:USDT,295.61,11.9,295.6,6.0,295.62,0.2,295.65,0.2
1753617319725,11:55:19.725,phemex,AAVE/USDT:USDT,295.61,11.9,295.6,6.0,295.62,0.6,295.65,0.2
1753617319765,11:55:19.765,phemex,AAVE/USDT:USDT,295.61,11.9,295.59,1.2,295.62,0.6,295.65,0.2
1753617319784,11:55:19.784,phemex,AAVE/USDT:USDT,295.61,11.9,295.59,1.2,295.62,0.6,295.65,2.2
1753617319867,11:55:19.867,phemex,AAVE/USDT:USDT,295.61,11.9,295.59,1.2,295.62,0.6,295.65,2.2
1753617319877,11:55:19.877,phemex,AAVE/USDT:USDT,295.61,11.9,295.59,1.2,295.62,0.6,295.65,2.2
1753617319903,11:55:19.903,phemex,AAVE/USDT:USDT,295.61,11.9,295.55,0.4,295.62,0.6,295.65,2.2
1753617319921,11:55:19.921,phemex,AAVE/USDT:USDT,295.61,11.9,295.55,0.4,295.62,0.6,295.65,2.2
1753617319951,11:55:19.951,phemex,AAVE/USDT:USDT,295.61,11.9,295.53,0.7,295.62,0.6,295.65,2.2
1753617319965,11:55:19.965,phemex,AAVE/USDT:USDT,295.61,11.9,295.53,0.7,295.62,0.6,295.65,2.2
1753617319982,11:55:19.982,phemex,AAVE/USDT:USDT,295.61,11.9,295.53,0.7,295.62,0.6,295.65,2.2
1753617319996,11:55:19.996,phemex,AAVE/USDT:USDT,295.61,11.9,295.53,0.7,295.62,0.6,295.65,2.2
1753617320053,11:55:20.053,phemex,AAVE/USDT:USDT,295.61,11.9,295.58,2.7,295.62,0.6,295.65,2.2
1753617320236,11:55:20.236,phemex,AAVE/USDT:USDT,295.61,11.9,295.49,0.4,295.62,0.6,295.65,2.2
1753617320308,11:55:20.308,phemex,AAVE/USDT:USDT,295.49,0.4,295.47,5.0,295.62,0.6,295.65,2.2
1753617320331,11:55:20.331,phemex,AAVE/USDT:USDT,295.49,0.4,295.48,2.7,295.62,0.6,295.65,2.2
1753617320375,11:55:20.375,phemex,AAVE/USDT:USDT,295.49,0.4,295.48,2.7,295.62,0.6,295.65,2.2
1753617320472,11:55:20.472,phemex,AAVE/USDT:USDT,295.49,0.4,295.48,2.7,295.62,0.2,295.65,2.2
1753617320493,11:55:20.493,phemex,AAVE/USDT:USDT,295.49,0.4,295.48,2.7,295.62,0.2,295.65,2.2
1753617320541,11:55:20.541,phemex,AAVE/USDT:USDT,295.49,0.4,295.48,2.7,295.62,0.2,295.65,2.2
1753617320621,11:55:20.621,phemex,AAVE/USDT:USDT,295.48,2.7,295.47,5.0,295.62,0.2,295.65,2.2
1753617320641,11:55:20.641,phemex,AAVE/USDT:USDT,295.48,2.7,295.47,5.0,295.49,0.2,295.6,0.4
1753617320652,11:55:20.652,phemex,AAVE/USDT:USDT,295.48,2.7,295.47,0.6,295.49,0.2,295.51,2.0
1753617320700,11:55:20.700,phemex,AAVE/USDT:USDT,295.48,2.7,295.47,0.6,295.49,0.2,295.51,2.0
1753617320789,11:55:20.789,phemex,AAVE/USDT:USDT,295.48,2.7,295.47,0.6,295.51,2.0,295.52,0.4
1753617320941,11:55:20.941,phemex,AAVE/USDT:USDT,295.48,2.7,295.47,0.6,295.51,2.0,295.52,0.4
1753617321013,11:55:21.013,phemex,AAVE/USDT:USDT,295.48,2.7,295.47,0.6,295.52,0.4,295.55,1.5
1753617321365,11:55:21.365,phemex,AAVE/USDT:USDT,295.48,2.7,295.47,0.6,295.5,0.2,295.54,2.0
1753617321422,11:55:21.422,phemex,AAVE/USDT:USDT,295.48,2.7,295.47,0.6,295.49,0.2,295.5,0.2
1753617321439,11:55:21.439,phemex,AAVE/USDT:USDT,295.48,2.7,295.47,0.6,295.49,0.2,295.54,2.0
1753617321443,11:55:21.443,phemex,AAVE/USDT:USDT,295.48,2.7,295.47,0.6,295.49,0.2,295.55,1.5
1753617321511,11:55:21.511,phemex,AAVE/USDT:USDT,295.48,2.7,295.47,0.6,295.49,0.2,295.55,1.5
1753617321559,11:55:21.559,phemex,AAVE/USDT:USDT,295.48,2.7,295.47,0.6,295.49,0.2,295.55,1.5
1753617321577,11:55:21.577,phemex,AAVE/USDT:USDT,295.48,2.7,295.47,0.6,295.49,0.2,295.55,1.5
1753617321597,11:55:21.597,phemex,AAVE/USDT:USDT,295.48,2.7,295.47,0.6,295.49,0.2,295.52,0.4
1753617321734,11:55:21.734,phemex,AAVE/USDT:USDT,295.48,2.7,295.47,0.6,295.49,0.2,295.52,0.4
1753617321767,11:55:21.767,phemex,AAVE/USDT:USDT,295.48,2.7,295.47,0.6,295.49,0.2,295.52,0.4
1753617321986,11:55:21.986,phemex,AAVE/USDT:USDT,295.48,2.7,295.47,0.6,295.49,0.2,295.55,1.9
1753617322008,11:55:22.008,phemex,AAVE/USDT:USDT,295.48,2.7,295.47,0.6,295.49,0.2,295.55,1.9
1753617323514,11:55:23.514,phemex,AAVE/USDT:USDT,295.48,2.7,295.47,0.6,295.55,1.9,295.56,2.0
1753617323544,11:55:23.544,phemex,AAVE/USDT:USDT,295.49,0.4,295.48,2.7,295.55,0.4,295.56,2.0
1753617323587,11:55:23.587,phemex,AAVE/USDT:USDT,295.49,0.4,295.48,2.7,295.5,0.2,295.55,0.4
1753617323627,11:55:23.627,phemex,AAVE/USDT:USDT,295.49,0.4,295.48,2.7,295.5,0.2,295.55,0.4
1753617323719,11:55:23.719,phemex,AAVE/USDT:USDT,295.49,0.4,295.48,2.7,295.5,0.2,295.56,3.5
1753617323736,11:55:23.736,phemex,AAVE/USDT:USDT,295.49,0.4,295.48,2.7,295.56,3.5,295.6,0.4
1753617323769,11:55:23.769,phemex,AAVE/USDT:USDT,295.49,0.4,295.48,2.7,295.56,3.5,295.6,0.4
1753617323786,11:55:23.786,phemex,AAVE/USDT:USDT,295.49,0.4,295.48,2.7,295.56,2.0,295.6,0.4
1753617323914,11:55:23.914,phemex,AAVE/USDT:USDT,295.49,0.4,295.48,2.7,295.56,2.0,295.6,0.4
1753617324093,11:55:24.093,phemex,AAVE/USDT:USDT,295.49,0.4,295.48,2.7,295.56,2.0,295.6,0.4
1753617324149,11:55:24.149,phemex,AAVE/USDT:USDT,295.49,0.4,295.48,2.7,295.56,2.0,295.6,0.4
1753617324306,11:55:24.306,phemex,AAVE/USDT:USDT,295.49,0.4,295.48,2.7,295.56,2.0,295.62,1.5
1753617324338,11:55:24.338,phemex,AAVE/USDT:USDT,295.49,0.4,295.48,2.7,295.56,2.0,295.62,1.5
1753617324354,11:55:24.354,phemex,AAVE/USDT:USDT,295.49,0.4,295.48,2.7,295.56,2.0,295.62,1.5
1753617324377,11:55:24.377,phemex,AAVE/USDT:USDT,295.49,0.4,295.48,2.7,295.56,2.0,295.62,1.5
1753617324466,11:55:24.466,phemex,AAVE/USDT:USDT,295.49,0.4,295.48,2.7,295.56,2.0,295.62,1.5
1753617324500,11:55:24.500,phemex,AAVE/USDT:USDT,295.49,0.4,295.48,2.7,295.56,2.0,295.62,1.5
1753617324557,11:55:24.557,phemex,AAVE/USDT:USDT,295.49,0.4,295.48,2.7,295.56,2.0,295.62,1.5
1753617324603,11:55:24.603,phemex,AAVE/USDT:USDT,295.49,0.4,295.48,2.7,295.56,2.0,295.62,1.5
1753617324640,11:55:24.640,phemex,AAVE/USDT:USDT,295.49,0.4,295.48,2.7,295.56,2.0,295.62,1.5
1753617324729,11:55:24.729,phemex,AAVE/USDT:USDT,295.49,0.4,295.48,2.7,295.56,2.0,295.62,1.5
1753617324742,11:55:24.742,phemex,AAVE/USDT:USDT,295.49,0.4,295.48,2.7,295.56,2.0,295.62,1.5
1753617324895,11:55:24.895,phemex,AAVE/USDT:USDT,295.49,0.4,295.48,2.7,295.56,2.0,295.62,1.5
1753617324902,11:55:24.902,phemex,AAVE/USDT:USDT,295.49,0.4,295.48,2.7,295.56,2.0,295.62,1.5
1753617324972,11:55:24.972,phemex,AAVE/USDT:USDT,295.49,0.4,295.48,2.7,295.65,2.0,295.66,0.4
1753617324990,11:55:24.990,phemex,AAVE/USDT:USDT,295.49,0.4,295.48,2.7,295.65,2.0,295.66,0.4
1753617325014,11:55:25.014,phemex,AAVE/USDT:USDT,295.49,0.4,295.48,2.7,295.65,2.0,295.66,0.4
1753617325052,11:55:25.052,phemex,AAVE/USDT:USDT,295.49,0.4,295.48,2.7,295.65,2.0,295.66,0.4
1753617325291,11:55:25.291,phemex,AAVE/USDT:USDT,295.49,0.4,295.48,2.7,295.56,0.2,295.58,0.2
1753617325364,11:55:25.364,phemex,AAVE/USDT:USDT,295.49,0.4,295.48,2.7,295.54,0.2,295.59,0.4
1753617325797,11:55:25.797,phemex,AAVE/USDT:USDT,295.53,5.1,295.49,0.4,295.54,0.2,295.59,0.4
1753617325815,11:55:25.815,phemex,AAVE/USDT:USDT,295.53,7.7,295.49,0.4,295.54,0.2,295.59,0.4
1753617326490,11:55:26.490,phemex,AAVE/USDT:USDT,295.53,7.7,295.49,0.4,295.54,0.6,295.56,2.0
1753617327217,11:55:27.217,phemex,AAVE/USDT:USDT,295.53,7.7,295.49,0.4,295.54,0.2,295.56,2.0
1753617328506,11:55:28.506,phemex,AAVE/USDT:USDT,295.53,2.6,295.49,0.4,295.54,0.2,295.56,2.0
1753617328506,11:55:28.506,phemex,AAVE/USDT:USDT,295.53,2.6,295.49,0.4,295.54,0.2,295.56,2.0
1753617328710,11:55:28.710,phemex,AAVE/USDT:USDT,295.53,2.6,295.49,0.4,295.54,0.2,295.56,2.0
1753617329488,11:55:29.488,phemex,AAVE/USDT:USDT,295.53,2.6,295.49,0.4,295.54,0.2,295.56,2.0
1753617329701,11:55:29.701,phemex,AAVE/USDT:USDT,295.53,2.6,295.49,0.4,295.54,0.2,295.56,2.0
1753617329892,11:55:29.892,phemex,AAVE/USDT:USDT,295.53,2.6,295.48,2.7,295.54,0.6,295.56,2.0
1753617329934,11:55:29.934,phemex,AAVE/USDT:USDT,295.53,2.6,295.48,2.7,295.54,0.6,295.56,2.0
1753617330003,11:55:30.003,phemex,AAVE/USDT:USDT,295.53,2.6,295.48,2.7,295.54,0.6,295.56,2.0
1753617330069,11:55:30.069,phemex,AAVE/USDT:USDT,295.53,2.6,295.48,2.7,295.54,0.6,295.56,2.0
1753617330318,11:55:30.318,phemex,AAVE/USDT:USDT,295.48,2.7,295.47,0.6,295.54,0.6,295.56,2.0
1753617330386,11:55:30.386,phemex,AAVE/USDT:USDT,295.48,2.7,295.47,0.6,295.49,0.2,295.53,0.4
1753617330418,11:55:30.418,phemex,AAVE/USDT:USDT,295.48,2.7,295.47,0.6,295.49,0.2,295.5,2.0
1753617330435,11:55:30.435,phemex,AAVE/USDT:USDT,295.48,2.7,295.47,0.6,295.49,0.2,295.5,2.0
1753617330505,11:55:30.505,phemex,AAVE/USDT:USDT,295.48,2.7,295.47,0.6,295.49,0.2,295.5,2.0
1753617330608,11:55:30.608,phemex,AAVE/USDT:USDT,295.48,2.7,295.47,0.6,295.49,0.2,295.5,2.0
1753617330658,11:55:30.658,phemex,AAVE/USDT:USDT,295.48,2.7,295.47,0.6,295.49,0.2,295.5,2.0
1753617330659,11:55:30.659,phemex,AAVE/USDT:USDT,295.48,2.7,295.47,0.6,295.49,0.2,295.5,2.0
1753617330863,11:55:30.863,phemex,AAVE/USDT:USDT,295.48,2.7,295.47,0.6,295.49,0.6,295.5,2.0
1753617330895,11:55:30.895,phemex,AAVE/USDT:USDT,295.48,2.7,295.47,0.6,295.49,0.6,295.5,2.0
1753617330926,11:55:30.926,phemex,AAVE/USDT:USDT,295.48,2.7,295.47,0.6,295.49,0.6,295.5,2.0
1753617331050,11:55:31.050,phemex,AAVE/USDT:USDT,295.48,2.7,295.47,0.6,295.49,0.6,295.5,2.0
1753617331616,11:55:31.616,phemex,AAVE/USDT:USDT,295.48,2.7,295.47,0.6,295.49,0.6,295.5,2.0
1753617331631,11:55:31.631,phemex,AAVE/USDT:USDT,295.48,2.7,295.47,0.6,295.49,0.6,295.5,2.0
1753617331705,11:55:31.705,phemex,AAVE/USDT:USDT,295.48,2.7,295.47,0.6,295.49,0.2,295.5,2.0
1753617334192,11:55:34.192,phemex,AAVE/USDT:USDT,295.48,2.7,295.47,0.6,295.49,0.2,295.5,2.0
1753617334202,11:55:34.202,phemex,AAVE/USDT:USDT,295.48,2.7,295.47,0.6,295.49,0.2,295.5,2.0
1753617334500,11:55:34.500,phemex,AAVE/USDT:USDT,295.48,2.7,295.47,0.6,295.49,0.2,295.5,2.0
1753617334705,11:55:34.705,phemex,AAVE/USDT:USDT,295.48,2.7,295.47,0.6,295.49,0.2,295.5,2.0
1753617334741,11:55:34.741,phemex,AAVE/USDT:USDT,295.48,2.7,295.47,0.6,295.49,0.6,295.51,2.0
1753617334786,11:55:34.786,phemex,AAVE/USDT:USDT,295.48,2.7,295.47,0.6,295.49,0.6,295.51,2.0
1753617334836,11:55:34.836,phemex,AAVE/USDT:USDT,295.48,2.7,295.47,0.6,295.49,0.6,295.51,2.0
1753617334920,11:55:34.920,phemex,AAVE/USDT:USDT,295.48,2.7,295.47,0.6,295.49,0.6,295.51,2.0
1753617335149,11:55:35.149,phemex,AAVE/USDT:USDT,295.48,2.7,295.47,0.6,295.49,0.2,295.51,2.0
1753617335435,11:55:35.435,phemex,AAVE/USDT:USDT,295.48,2.7,295.47,0.6,295.51,2.0,295.53,1.5
1753617336047,11:55:36.047,phemex,AAVE/USDT:USDT,295.48,2.7,295.47,0.6,295.51,2.0,295.53,1.5
1753617336094,11:55:36.094,phemex,AAVE/USDT:USDT,295.48,2.7,295.47,0.6,295.51,2.0,295.53,1.5
1753617336417,11:55:36.417,phemex,AAVE/USDT:USDT,295.48,2.7,295.47,0.6,295.51,2.0,295.53,1.5
1753617336435,11:55:36.435,phemex,AAVE/USDT:USDT,295.48,2.7,295.47,0.6,295.51,2.0,295.53,1.5
1753617336501,11:55:36.501,phemex,AAVE/USDT:USDT,295.48,2.7,295.47,0.6,295.5,0.4,295.51,2.0
1753617336510,11:55:36.510,phemex,AAVE/USDT:USDT,295.48,2.7,295.47,0.6,295.49,0.2,295.5,0.4
1753617336811,11:55:36.811,phemex,AAVE/USDT:USDT,295.48,2.7,295.47,0.6,295.49,0.2,295.5,0.4
1753617336824,11:55:36.824,phemex,AAVE/USDT:USDT,295.48,2.7,295.47,0.6,295.49,0.2,295.5,0.4
1753617337194,11:55:37.194,phemex,AAVE/USDT:USDT,295.48,2.7,295.47,0.6,295.49,0.6,295.5,0.4
1753617337201,11:55:37.201,phemex,AAVE/USDT:USDT,295.48,2.7,295.47,0.6,295.49,0.6,295.51,2.0
