timestamp,time,exchange,symbol,bid1_price,bid1_volume,bid2_price,bid2_volume,ask1_price,ask1_volume,ask2_price,ask2_volume
1753617161000,11:52:41.000,gateio,1INCH/USDT:USDT,0.2866,215.0,0.2865,1112.0,0.2869,213.0,0.287,906.0
1753617163544,11:52:43.544,gateio,1INCH/USDT:USDT,0.2866,215.0,0.2865,1112.0,0.2869,3694.0,0.287,214.0
1753617163758,11:52:43.758,gateio,1INCH/USDT:USDT,0.2866,215.0,0.2865,1112.0,0.2869,3694.0,0.287,906.0
1753617163790,11:52:43.790,gateio,1INCH/USDT:USDT,0.2866,215.0,0.2865,1112.0,0.2869,3694.0,0.287,906.0
1753617167986,11:52:47.986,gateio,1INCH/USDT:USDT,0.2866,215.0,0.2865,1112.0,0.2869,3694.0,0.287,906.0
1753617170151,11:52:50.151,gateio,1INCH/USDT:USDT,0.2866,215.0,0.2865,1112.0,0.2868,218.0,0.2869,3694.0
1753617170240,11:52:50.240,gateio,1INCH/USDT:USDT,0.2866,215.0,0.2865,1112.0,0.2868,218.0,0.2869,3694.0
1753617170538,11:52:50.538,gateio,1INCH/USDT:USDT,0.2866,215.0,0.2865,1112.0,0.287,214.0,0.2871,2138.0
1753617170672,11:52:50.672,gateio,1INCH/USDT:USDT,0.2866,215.0,0.2865,1112.0,0.287,214.0,0.2871,2138.0
1753617171006,11:52:51.006,gateio,1INCH/USDT:USDT,0.2866,215.0,0.2865,1112.0,0.2869,218.0,0.287,906.0
1753617171078,11:52:51.078,gateio,1INCH/USDT:USDT,0.2866,215.0,0.2865,1112.0,0.2869,218.0,0.287,906.0
1753617171559,11:52:51.559,gateio,1INCH/USDT:USDT,0.2866,215.0,0.2865,1112.0,0.287,214.0,0.2871,2138.0
1753617171671,11:52:51.671,gateio,1INCH/USDT:USDT,0.2868,212.0,0.2867,692.0,0.287,214.0,0.2871,2138.0
1753617171764,11:52:51.764,gateio,1INCH/USDT:USDT,0.2868,212.0,0.2867,692.0,0.287,214.0,0.2871,2138.0
1753617171850,11:52:51.850,gateio,1INCH/USDT:USDT,0.2868,212.0,0.2867,692.0,0.287,214.0,0.2871,2138.0
1753617171961,11:52:51.961,gateio,1INCH/USDT:USDT,0.2868,212.0,0.2867,692.0,0.287,214.0,0.2871,412.0
1753617172137,11:52:52.137,gateio,1INCH/USDT:USDT,0.2868,212.0,0.2867,692.0,0.287,214.0,0.2871,412.0
1753617172271,11:52:52.271,gateio,1INCH/USDT:USDT,0.2868,212.0,0.2867,692.0,0.287,214.0,0.2871,412.0
1753617172534,11:52:52.534,gateio,1INCH/USDT:USDT,0.2868,212.0,0.2867,692.0,0.287,214.0,0.2871,412.0
1753617172785,11:52:52.785,gateio,1INCH/USDT:USDT,0.2868,212.0,0.2867,692.0,0.287,214.0,0.2871,412.0
1753617173146,11:52:53.146,gateio,1INCH/USDT:USDT,0.2868,212.0,0.2867,692.0,0.287,214.0,0.2871,412.0
1753617176038,11:52:56.038,gateio,1INCH/USDT:USDT,0.2868,212.0,0.2867,692.0,0.287,214.0,0.2871,412.0
1753617176376,11:52:56.376,gateio,1INCH/USDT:USDT,0.2868,212.0,0.2867,692.0,0.287,214.0,0.2871,412.0
1753617177585,11:52:57.585,gateio,1INCH/USDT:USDT,0.2868,212.0,0.2867,692.0,0.287,214.0,0.2871,412.0
1753617180047,11:53:00.047,gateio,1INCH/USDT:USDT,0.2868,212.0,0.2867,692.0,0.287,214.0,0.2871,412.0
1753617180104,11:53:00.104,gateio,1INCH/USDT:USDT,0.2866,215.0,0.2865,1112.0,0.287,214.0,0.2871,412.0
1753617180179,11:53:00.179,gateio,1INCH/USDT:USDT,0.2867,692.0,0.2866,215.0,0.287,214.0,0.2871,412.0
1753617180412,11:53:00.412,gateio,1INCH/USDT:USDT,0.2867,692.0,0.2866,215.0,0.287,214.0,0.2871,412.0
1753617181026,11:53:01.026,gateio,1INCH/USDT:USDT,0.2868,212.0,0.2867,692.0,0.287,214.0,0.2871,412.0
1753617181235,11:53:01.235,gateio,1INCH/USDT:USDT,0.2868,212.0,0.2867,692.0,0.287,214.0,0.2871,412.0
1753617182385,11:53:02.385,gateio,1INCH/USDT:USDT,0.2868,212.0,0.2867,692.0,0.287,214.0,0.2871,412.0
1753617182567,11:53:02.567,gateio,1INCH/USDT:USDT,0.2868,212.0,0.2867,692.0,0.287,214.0,0.2871,412.0
1753617183473,11:53:03.473,gateio,1INCH/USDT:USDT,0.2868,212.0,0.2867,692.0,0.2871,412.0,0.2873,35601.0
1753617183567,11:53:03.567,gateio,1INCH/USDT:USDT,0.2868,212.0,0.2867,692.0,0.2871,212.0,0.2873,35601.0
1753617183670,11:53:03.670,gateio,1INCH/USDT:USDT,0.2868,212.0,0.2867,692.0,0.2872,220.0,0.2873,2141.0
1753617183765,11:53:03.765,gateio,1INCH/USDT:USDT,0.2868,212.0,0.2867,692.0,0.2872,220.0,0.2873,2141.0
1753617183811,11:53:03.811,gateio,1INCH/USDT:USDT,0.2868,212.0,0.2867,692.0,0.2872,220.0,0.2873,2141.0
1753617183904,11:53:03.904,gateio,1INCH/USDT:USDT,0.2868,212.0,0.2867,692.0,0.2872,220.0,0.2873,2141.0
1753617184038,11:53:04.038,gateio,1INCH/USDT:USDT,0.2868,212.0,0.2867,692.0,0.2872,220.0,0.2873,2141.0
1753617184175,11:53:04.175,gateio,1INCH/USDT:USDT,0.2869,692.0,0.2868,212.0,0.2872,220.0,0.2873,2141.0
1753617184251,11:53:04.251,gateio,1INCH/USDT:USDT,0.287,220.0,0.2869,692.0,0.2872,220.0,0.2873,2141.0
1753617184360,11:53:04.360,gateio,1INCH/USDT:USDT,0.2868,212.0,0.2867,692.0,0.2872,220.0,0.2873,2141.0
1753617184634,11:53:04.634,gateio,1INCH/USDT:USDT,0.2868,212.0,0.2867,692.0,0.2871,979.0,0.2872,220.0
1753617185045,11:53:05.045,gateio,1INCH/USDT:USDT,0.2868,692.0,0.2866,220.0,0.287,220.0,0.2871,979.0
1753617185422,11:53:05.422,gateio,1INCH/USDT:USDT,0.2868,692.0,0.2866,220.0,0.287,220.0,0.2871,979.0
1753617185587,11:53:05.587,gateio,1INCH/USDT:USDT,0.2868,692.0,0.2866,220.0,0.287,220.0,0.2872,912.0
1753617187985,11:53:07.985,gateio,1INCH/USDT:USDT,0.2868,692.0,0.2866,220.0,0.287,220.0,0.2872,912.0
1753617188252,11:53:08.252,gateio,1INCH/USDT:USDT,0.2868,692.0,0.2866,220.0,0.287,220.0,0.2872,912.0
1753617188304,11:53:08.304,gateio,1INCH/USDT:USDT,0.2868,692.0,0.2866,220.0,0.2872,220.0,0.2873,2141.0
1753617188385,11:53:08.385,gateio,1INCH/USDT:USDT,0.2868,692.0,0.2866,220.0,0.2871,220.0,0.2872,912.0
1753617188512,11:53:08.512,gateio,1INCH/USDT:USDT,0.2868,692.0,0.2866,220.0,0.287,220.0,0.2871,1019.0
1753617192790,11:53:12.790,gateio,1INCH/USDT:USDT,0.2868,692.0,0.2866,220.0,0.287,220.0,0.2871,1019.0
1753617193087,11:53:13.087,gateio,1INCH/USDT:USDT,0.2868,692.0,0.2866,220.0,0.287,220.0,0.2871,1019.0
1753617193363,11:53:13.363,gateio,1INCH/USDT:USDT,0.2868,692.0,0.2866,220.0,0.287,220.0,0.2871,220.0
1753617193381,11:53:13.381,gateio,1INCH/USDT:USDT,0.2868,692.0,0.2866,220.0,0.2871,220.0,0.2872,912.0
1753617193501,11:53:13.501,gateio,1INCH/USDT:USDT,0.2868,692.0,0.2866,220.0,0.2871,220.0,0.2872,912.0
1753617195169,11:53:15.169,gateio,1INCH/USDT:USDT,0.2868,692.0,0.2866,220.0,0.2871,220.0,0.2872,912.0
1753617195439,11:53:15.439,gateio,1INCH/USDT:USDT,0.2868,692.0,0.2866,220.0,0.2872,220.0,0.2873,2141.0
1753617195534,11:53:15.534,gateio,1INCH/USDT:USDT,0.2868,692.0,0.2866,220.0,0.2872,220.0,0.2873,2141.0
1753617195590,11:53:15.590,gateio,1INCH/USDT:USDT,0.2868,692.0,0.2866,220.0,0.2871,215.0,0.2872,912.0
1753617195951,11:53:15.951,gateio,1INCH/USDT:USDT,0.2868,692.0,0.2866,220.0,0.2871,215.0,0.2872,912.0
1753617196041,11:53:16.041,gateio,1INCH/USDT:USDT,0.2868,692.0,0.2866,220.0,0.2871,215.0,0.2872,912.0
1753617197625,11:53:17.625,gateio,1INCH/USDT:USDT,0.2868,692.0,0.2866,220.0,0.2872,220.0,0.2873,2141.0
1753617199057,11:53:19.057,gateio,1INCH/USDT:USDT,0.2868,692.0,0.2866,220.0,0.2871,71.0,0.2872,220.0
1753617199221,11:53:19.221,gateio,1INCH/USDT:USDT,0.2868,692.0,0.2867,215.0,0.2872,220.0,0.2873,2141.0
1753617199400,11:53:19.400,gateio,1INCH/USDT:USDT,0.2868,692.0,0.2867,215.0,0.2872,220.0,0.2873,2141.0
1753617199574,11:53:19.574,gateio,1INCH/USDT:USDT,0.2868,692.0,0.2867,215.0,0.2872,912.0,0.2873,2141.0
1753617199667,11:53:19.667,gateio,1INCH/USDT:USDT,0.2868,692.0,0.2867,215.0,0.2871,215.0,0.2872,912.0
1753617199744,11:53:19.744,gateio,1INCH/USDT:USDT,0.2868,692.0,0.2867,215.0,0.2871,215.0,0.2872,220.0
1753617199950,11:53:19.950,gateio,1INCH/USDT:USDT,0.2868,692.0,0.2867,215.0,0.2871,215.0,0.2872,912.0
1753617199993,11:53:19.993,gateio,1INCH/USDT:USDT,0.2868,692.0,0.2867,215.0,0.2871,215.0,0.2872,912.0
1753617200120,11:53:20.120,gateio,1INCH/USDT:USDT,0.2868,692.0,0.2866,220.0,0.2871,215.0,0.2872,912.0
1753617200698,11:53:20.698,gateio,1INCH/USDT:USDT,0.2868,692.0,0.2866,220.0,0.2872,220.0,0.2873,2141.0
1753617200869,11:53:20.869,gateio,1INCH/USDT:USDT,0.2868,692.0,0.2866,1946.0,0.2871,215.0,0.2872,220.0
1753617200956,11:53:20.956,gateio,1INCH/USDT:USDT,0.2868,692.0,0.2867,215.0,0.2872,220.0,0.2873,2141.0
1753617201034,11:53:21.034,gateio,1INCH/USDT:USDT,0.2868,692.0,0.2867,215.0,0.2872,220.0,0.2873,2141.0
1753617202093,11:53:22.093,gateio,1INCH/USDT:USDT,0.2868,692.0,0.2867,215.0,0.2872,220.0,0.2873,2141.0
1753617202252,11:53:22.252,gateio,1INCH/USDT:USDT,0.2868,692.0,0.2866,220.0,0.2872,220.0,0.2873,2141.0
1753617202386,11:53:22.386,gateio,1INCH/USDT:USDT,0.2868,692.0,0.2866,220.0,0.2872,220.0,0.2873,2141.0
1753617202509,11:53:22.509,gateio,1INCH/USDT:USDT,0.2868,692.0,0.2866,420.0,0.2872,220.0,0.2873,2141.0
1753617203562,11:53:23.562,gateio,1INCH/USDT:USDT,0.2868,692.0,0.2866,420.0,0.2872,220.0,0.2873,2141.0
1753617203649,11:53:23.649,gateio,1INCH/USDT:USDT,0.2868,692.0,0.2866,420.0,0.2872,220.0,0.2873,2141.0
1753617204968,11:53:24.968,gateio,1INCH/USDT:USDT,0.2868,692.0,0.2866,2146.0,0.2872,220.0,0.2873,2141.0
1753617204978,11:53:24.978,gateio,1INCH/USDT:USDT,0.2868,692.0,0.2867,210.0,0.2872,220.0,0.2873,2141.0
1753617207209,11:53:27.209,gateio,1INCH/USDT:USDT,0.2868,692.0,0.2867,210.0,0.2872,220.0,0.2873,2141.0
1753617208588,11:53:28.588,gateio,1INCH/USDT:USDT,0.2868,692.0,0.2867,210.0,0.2872,220.0,0.2873,2141.0
1753617210140,11:53:30.140,gateio,1INCH/USDT:USDT,0.2868,692.0,0.2867,210.0,0.2872,220.0,0.2873,2141.0
1753617210193,11:53:30.193,gateio,1INCH/USDT:USDT,0.2868,692.0,0.2867,210.0,0.2872,220.0,0.2873,2141.0
1753617210501,11:53:30.501,gateio,1INCH/USDT:USDT,0.2868,692.0,0.2867,210.0,0.2872,220.0,0.2873,2141.0
1753617210835,11:53:30.835,gateio,1INCH/USDT:USDT,0.2868,692.0,0.2867,210.0,0.2872,220.0,0.2873,2141.0
1753617211298,11:53:31.298,gateio,1INCH/USDT:USDT,0.2868,692.0,0.2867,210.0,0.2872,220.0,0.2873,2141.0
1753617211986,11:53:31.986,gateio,1INCH/USDT:USDT,0.2868,692.0,0.2867,210.0,0.2872,220.0,0.2873,2141.0
1753617213863,11:53:33.863,gateio,1INCH/USDT:USDT,0.2868,692.0,0.2867,210.0,0.2872,220.0,0.2873,2141.0
1753617213952,11:53:33.952,gateio,1INCH/USDT:USDT,0.2868,692.0,0.2867,210.0,0.2872,220.0,0.2873,2141.0
1753617216681,11:53:36.681,gateio,1INCH/USDT:USDT,0.2868,692.0,0.2867,210.0,0.2872,220.0,0.2873,2141.0
1753617216786,11:53:36.786,gateio,1INCH/USDT:USDT,0.2868,692.0,0.2867,210.0,0.2872,220.0,0.2873,2141.0
1753617217570,11:53:37.570,gateio,1INCH/USDT:USDT,0.2868,692.0,0.2867,210.0,0.2872,220.0,0.2873,2141.0
1753617218972,11:53:38.972,gateio,1INCH/USDT:USDT,0.2868,692.0,0.2867,8994.0,0.2872,220.0,0.2873,2141.0
1753617221054,11:53:41.054,gateio,1INCH/USDT:USDT,0.2868,692.0,0.2867,8994.0,0.2872,220.0,0.2873,2141.0
1753617221598,11:53:41.598,gateio,1INCH/USDT:USDT,0.2868,692.0,0.2867,8994.0,0.2872,220.0,0.2873,2141.0
1753617222662,11:53:42.662,gateio,1INCH/USDT:USDT,0.2868,692.0,0.2867,8994.0,0.2872,220.0,0.2873,2141.0
1753617222749,11:53:42.749,gateio,1INCH/USDT:USDT,0.2868,692.0,0.2867,8994.0,0.2872,220.0,0.2873,2141.0
1753617222938,11:53:42.938,gateio,1INCH/USDT:USDT,0.287,692.0,0.2869,220.0,0.2872,220.0,0.2873,2141.0
1753617223473,11:53:43.473,gateio,1INCH/USDT:USDT,0.287,692.0,0.2869,220.0,0.2873,2141.0,0.2874,692.0
1753617223573,11:53:43.573,gateio,1INCH/USDT:USDT,0.287,692.0,0.2869,220.0,0.2872,220.0,0.2873,415.0
1753617223585,11:53:43.585,gateio,1INCH/USDT:USDT,0.287,692.0,0.2869,220.0,0.2873,415.0,0.2875,1946.0
1753617223863,11:53:43.863,gateio,1INCH/USDT:USDT,0.287,692.0,0.2869,220.0,0.2873,415.0,0.2874,692.0
1753617223887,11:53:43.887,gateio,1INCH/USDT:USDT,0.287,692.0,0.2869,220.0,0.2873,415.0,0.2874,692.0
1753617225702,11:53:45.702,gateio,1INCH/USDT:USDT,0.287,692.0,0.2869,220.0,0.2872,220.0,0.2873,415.0
1753617225910,11:53:45.910,gateio,1INCH/USDT:USDT,0.287,692.0,0.2869,220.0,0.2872,220.0,0.2873,415.0
1753617226386,11:53:46.386,gateio,1INCH/USDT:USDT,0.287,692.0,0.2869,220.0,0.2872,220.0,0.2873,415.0
1753617226767,11:53:46.767,gateio,1INCH/USDT:USDT,0.287,692.0,0.2869,220.0,0.2872,220.0,0.2873,415.0
1753617226848,11:53:46.848,gateio,1INCH/USDT:USDT,0.287,692.0,0.2869,220.0,0.2872,220.0,0.2873,415.0
1753617227168,11:53:47.168,gateio,1INCH/USDT:USDT,0.287,692.0,0.2869,220.0,0.2873,415.0,0.2875,1946.0
1753617227326,11:53:47.326,gateio,1INCH/USDT:USDT,0.287,692.0,0.2869,220.0,0.2873,415.0,0.2874,692.0
1753617227528,11:53:47.528,gateio,1INCH/USDT:USDT,0.287,692.0,0.2869,220.0,0.2873,415.0,0.2874,692.0
1753617227892,11:53:47.892,gateio,1INCH/USDT:USDT,0.287,692.0,0.2869,220.0,0.2872,220.0,0.2873,415.0
1753617229191,11:53:49.191,gateio,1INCH/USDT:USDT,0.287,692.0,0.2869,220.0,0.2873,415.0,0.2874,692.0
1753617229552,11:53:49.552,gateio,1INCH/USDT:USDT,0.287,692.0,0.2869,220.0,0.2873,415.0,0.2874,692.0
1753617230261,11:53:50.261,gateio,1INCH/USDT:USDT,0.287,692.0,0.2869,220.0,0.2873,215.0,0.2875,1946.0
1753617230354,11:53:50.354,gateio,1INCH/USDT:USDT,0.287,692.0,0.2869,220.0,0.2873,215.0,0.2875,1946.0
1753617230434,11:53:50.434,gateio,1INCH/USDT:USDT,0.287,692.0,0.2869,220.0,0.2873,215.0,0.2875,1946.0
1753617231188,11:53:51.188,gateio,1INCH/USDT:USDT,0.287,692.0,0.2869,220.0,0.2873,215.0,0.2875,1946.0
1753617232302,11:53:52.302,gateio,1INCH/USDT:USDT,0.287,692.0,0.2869,220.0,0.2873,215.0,0.2875,1946.0
1753617233736,11:53:53.736,gateio,1INCH/USDT:USDT,0.2869,220.0,0.2868,692.0,0.2873,215.0,0.2874,692.0
1753617233840,11:53:53.840,gateio,1INCH/USDT:USDT,0.287,692.0,0.2869,220.0,0.2873,215.0,0.2874,692.0
1753617235987,11:53:55.987,gateio,1INCH/USDT:USDT,0.287,692.0,0.2869,220.0,0.2873,215.0,0.2874,692.0
1753617239450,11:53:59.450,gateio,1INCH/USDT:USDT,0.2869,220.0,0.2868,692.0,0.2873,215.0,0.2874,692.0
1753617239540,11:53:59.540,gateio,1INCH/USDT:USDT,0.287,692.0,0.2869,220.0,0.2873,215.0,0.2874,692.0
1753617240786,11:54:00.786,gateio,1INCH/USDT:USDT,0.287,692.0,0.2869,220.0,0.2873,215.0,0.2874,692.0
1753617245586,11:54:05.586,gateio,1INCH/USDT:USDT,0.287,692.0,0.2869,220.0,0.2873,215.0,0.2874,692.0
1753617247143,11:54:07.143,gateio,1INCH/USDT:USDT,0.2869,220.0,0.2868,692.0,0.2873,215.0,0.2874,692.0
1753617247263,11:54:07.263,gateio,1INCH/USDT:USDT,0.2869,220.0,0.2868,692.0,0.2871,217.0,0.2872,1726.0
1753617247350,11:54:07.350,gateio,1INCH/USDT:USDT,0.2869,220.0,0.2868,692.0,0.2871,217.0,0.2872,1726.0
1753617247452,11:54:07.452,gateio,1INCH/USDT:USDT,0.2869,220.0,0.2868,692.0,0.2872,217.0,0.2873,1941.0
1753617247636,11:54:07.636,gateio,1INCH/USDT:USDT,0.2869,220.0,0.2868,692.0,0.2872,217.0,0.2873,1941.0
1753617247680,11:54:07.680,gateio,1INCH/USDT:USDT,0.2869,220.0,0.2868,692.0,0.2872,217.0,0.2873,1941.0
1753617247972,11:54:07.972,gateio,1INCH/USDT:USDT,0.2869,220.0,0.2868,692.0,0.2871,217.0,0.2872,909.0
1753617248141,11:54:08.141,gateio,1INCH/USDT:USDT,0.2867,210.0,0.2866,420.0,0.2871,217.0,0.2872,909.0
1753617248223,11:54:08.223,gateio,1INCH/USDT:USDT,0.2868,217.0,0.2867,902.0,0.2871,217.0,0.2872,909.0
1753617249356,11:54:09.356,gateio,1INCH/USDT:USDT,0.2868,217.0,0.2867,902.0,0.287,4624.0,0.2871,1943.0
1753617249464,11:54:09.464,gateio,1INCH/USDT:USDT,0.2867,902.0,0.2866,420.0,0.287,217.0,0.2871,217.0
1753617249479,11:54:09.479,gateio,1INCH/USDT:USDT,0.2868,217.0,0.2867,902.0,0.2871,217.0,0.2872,909.0
1753617249722,11:54:09.722,gateio,1INCH/USDT:USDT,0.2868,217.0,0.2867,902.0,0.2871,217.0,0.2872,909.0
1753617250388,11:54:10.388,gateio,1INCH/USDT:USDT,0.2868,217.0,0.2867,902.0,0.2871,217.0,0.2872,909.0
1753617250548,11:54:10.548,gateio,1INCH/USDT:USDT,0.2868,217.0,0.2867,902.0,0.2871,217.0,0.2872,909.0
1753617255187,11:54:15.187,gateio,1INCH/USDT:USDT,0.2868,217.0,0.2867,902.0,0.2871,217.0,0.2872,909.0
1753617260008,11:54:20.008,gateio,1INCH/USDT:USDT,0.2868,217.0,0.2867,902.0,0.2871,217.0,0.2872,909.0
1753617263364,11:54:23.364,gateio,1INCH/USDT:USDT,0.2868,217.0,0.2867,902.0,0.2872,217.0,0.2873,10717.0
1753617263449,11:54:23.449,gateio,1INCH/USDT:USDT,0.2868,217.0,0.2867,902.0,0.2872,217.0,0.2873,10717.0
1753617263550,11:54:23.550,gateio,1INCH/USDT:USDT,0.2868,217.0,0.2867,902.0,0.2872,217.0,0.2873,1941.0
1753617263977,11:54:23.977,gateio,1INCH/USDT:USDT,0.2868,217.0,0.2867,902.0,0.2872,217.0,0.2873,1941.0
1753617264787,11:54:24.787,gateio,1INCH/USDT:USDT,0.2868,217.0,0.2867,902.0,0.2872,217.0,0.2873,1941.0
1753617265049,11:54:25.049,gateio,1INCH/USDT:USDT,0.2868,217.0,0.2867,902.0,0.2872,217.0,0.2873,1941.0
1753617267258,11:54:27.258,gateio,1INCH/USDT:USDT,0.2868,217.0,0.2867,902.0,0.2872,217.0,0.2873,1941.0
1753617267547,11:54:27.547,gateio,1INCH/USDT:USDT,0.2868,217.0,0.2867,902.0,0.2872,217.0,0.2873,1941.0
1753617268474,11:54:28.474,gateio,1INCH/USDT:USDT,0.287,219.0,0.2869,692.0,0.2872,217.0,0.2873,1941.0
1753617268549,11:54:28.549,gateio,1INCH/USDT:USDT,0.287,219.0,0.2869,692.0,0.2872,217.0,0.2873,1941.0
1753617268650,11:54:28.650,gateio,1INCH/USDT:USDT,0.287,219.0,0.2869,692.0,0.2872,217.0,0.2873,1941.0
1753617268679,11:54:28.679,gateio,1INCH/USDT:USDT,0.287,219.0,0.2869,692.0,0.2872,217.0,0.2873,1941.0
1753617269587,11:54:29.587,gateio,1INCH/USDT:USDT,0.287,219.0,0.2869,692.0,0.2872,217.0,0.2873,1941.0
1753617270434,11:54:30.434,gateio,1INCH/USDT:USDT,0.287,219.0,0.2869,692.0,0.2872,217.0,0.2873,1941.0
1753617273405,11:54:33.405,gateio,1INCH/USDT:USDT,0.2869,692.0,0.2868,217.0,0.2872,217.0,0.2873,1941.0
1753617273521,11:54:33.521,gateio,1INCH/USDT:USDT,0.2869,692.0,0.2868,217.0,0.2872,217.0,0.2873,1941.0
1753617273862,11:54:33.862,gateio,1INCH/USDT:USDT,0.287,216.0,0.2869,692.0,0.2872,217.0,0.2873,1941.0
1753617273935,11:54:33.935,gateio,1INCH/USDT:USDT,0.287,216.0,0.2869,692.0,0.2872,217.0,0.2873,1941.0
1753617274387,11:54:34.387,gateio,1INCH/USDT:USDT,0.287,216.0,0.2869,692.0,0.2872,217.0,0.2873,1941.0
1753617274513,11:54:34.513,gateio,1INCH/USDT:USDT,0.2869,692.0,0.2868,217.0,0.2872,217.0,0.2873,1941.0
1753617274751,11:54:34.751,gateio,1INCH/USDT:USDT,0.2869,692.0,0.2868,217.0,0.2872,217.0,0.2873,1941.0
1753617275198,11:54:35.198,gateio,1INCH/USDT:USDT,0.287,216.0,0.2869,692.0,0.2872,217.0,0.2873,1941.0
1753617275565,11:54:35.565,gateio,1INCH/USDT:USDT,0.287,216.0,0.2869,692.0,0.2872,217.0,0.2873,1941.0
1753617275979,11:54:35.979,gateio,1INCH/USDT:USDT,0.287,216.0,0.2869,692.0,0.2872,217.0,0.2873,1941.0
1753617278006,11:54:38.006,gateio,1INCH/USDT:USDT,0.2869,692.0,0.2868,217.0,0.2872,217.0,0.2873,1941.0
1753617278169,11:54:38.169,gateio,1INCH/USDT:USDT,0.2868,217.0,0.2867,902.0,0.2872,217.0,0.2873,1941.0
1753617278767,11:54:38.767,gateio,1INCH/USDT:USDT,0.2868,217.0,0.2867,902.0,0.2872,909.0,0.2873,1941.0
1753617278825,11:54:38.825,gateio,1INCH/USDT:USDT,0.2868,217.0,0.2867,902.0,0.2871,216.0,0.2872,909.0
1753617279239,11:54:39.239,gateio,1INCH/USDT:USDT,0.2868,217.0,0.2867,902.0,0.2872,217.0,0.2873,1941.0
1753617279643,11:54:39.643,gateio,1INCH/USDT:USDT,0.2868,217.0,0.2867,902.0,0.2872,217.0,0.2873,1941.0
1753617279716,11:54:39.716,gateio,1INCH/USDT:USDT,0.2868,217.0,0.2867,902.0,0.2872,217.0,0.2873,1941.0
1753617284009,11:54:44.009,gateio,1INCH/USDT:USDT,0.2868,217.0,0.2867,902.0,0.2872,217.0,0.2873,1941.0
1753617284475,11:54:44.475,gateio,1INCH/USDT:USDT,0.2868,217.0,0.2867,902.0,0.2872,217.0,0.2873,1941.0
1753617286804,11:54:46.804,gateio,1INCH/USDT:USDT,0.2868,217.0,0.2867,902.0,0.287,213.0,0.2871,213.0
1753617286956,11:54:46.956,gateio,1INCH/USDT:USDT,0.2868,217.0,0.2867,902.0,0.2871,213.0,0.2872,909.0
1753617287315,11:54:47.315,gateio,1INCH/USDT:USDT,0.2868,217.0,0.2867,902.0,0.2871,213.0,0.2872,909.0
1753617288788,11:54:48.788,gateio,1INCH/USDT:USDT,0.2868,217.0,0.2867,902.0,0.2871,213.0,0.2872,909.0
1753617288936,11:54:48.936,gateio,1INCH/USDT:USDT,0.2868,217.0,0.2867,902.0,0.2871,213.0,0.2872,909.0
1753617289599,11:54:49.599,gateio,1INCH/USDT:USDT,0.2868,217.0,0.2867,902.0,0.2872,217.0,0.2873,1941.0
1753617289754,11:54:49.754,gateio,1INCH/USDT:USDT,0.2868,217.0,0.2867,902.0,0.2872,217.0,0.2873,1941.0
1753617289908,11:54:49.908,gateio,1INCH/USDT:USDT,0.2868,217.0,0.2867,902.0,0.2871,213.0,0.2872,909.0
1753617290167,11:54:50.167,gateio,1INCH/USDT:USDT,0.2868,217.0,0.2867,902.0,0.2871,213.0,0.2872,909.0
1753617292057,11:54:52.057,gateio,1INCH/USDT:USDT,0.2868,217.0,0.2867,902.0,0.2871,213.0,0.2872,217.0
1753617292078,11:54:52.078,gateio,1INCH/USDT:USDT,0.2868,217.0,0.2867,902.0,0.2872,217.0,0.2873,1941.0
1753617292193,11:54:52.193,gateio,1INCH/USDT:USDT,0.2868,217.0,0.2867,902.0,0.2872,217.0,0.2873,1941.0
1753617292427,11:54:52.427,gateio,1INCH/USDT:USDT,0.2868,217.0,0.2867,902.0,0.2871,219.0,0.2872,909.0
1753617292614,11:54:52.614,gateio,1INCH/USDT:USDT,0.2868,217.0,0.2867,902.0,0.2871,219.0,0.2872,909.0
1753617293588,11:54:53.588,gateio,1INCH/USDT:USDT,0.2868,217.0,0.2867,902.0,0.2871,219.0,0.2872,909.0
1753617293825,11:54:53.825,gateio,1INCH/USDT:USDT,0.2868,217.0,0.2867,902.0,0.2871,219.0,0.2872,909.0
1753617294429,11:54:54.429,gateio,1INCH/USDT:USDT,0.2868,217.0,0.2867,902.0,0.2871,219.0,0.2872,909.0
1753617294643,11:54:54.643,gateio,1INCH/USDT:USDT,0.2868,217.0,0.2867,902.0,0.2871,219.0,0.2872,909.0
1753617295059,11:54:55.059,gateio,1INCH/USDT:USDT,0.2868,217.0,0.2867,902.0,0.2871,219.0,0.2872,909.0
1753617298390,11:54:58.390,gateio,1INCH/USDT:USDT,0.2868,217.0,0.2867,902.0,0.2871,219.0,0.2872,909.0
1753617302269,11:55:02.269,gateio,1INCH/USDT:USDT,0.2868,217.0,0.2867,902.0,0.2871,219.0,0.2872,909.0
1753617302552,11:55:02.552,gateio,1INCH/USDT:USDT,0.2868,217.0,0.2867,902.0,0.2871,219.0,0.2872,909.0
1753617303188,11:55:03.188,gateio,1INCH/USDT:USDT,0.2868,217.0,0.2867,902.0,0.2871,219.0,0.2872,909.0
1753617305061,11:55:05.061,gateio,1INCH/USDT:USDT,0.2867,902.0,0.2866,420.0,0.287,215.0,0.2871,1945.0
1753617305166,11:55:05.166,gateio,1INCH/USDT:USDT,0.2867,210.0,0.2866,420.0,0.287,215.0,0.2871,1945.0
1753617305257,11:55:05.257,gateio,1INCH/USDT:USDT,0.2867,210.0,0.2866,420.0,0.2869,215.0,0.287,215.0
1753617305395,11:55:05.395,gateio,1INCH/USDT:USDT,0.2867,210.0,0.2866,420.0,0.287,215.0,0.2871,1945.0
1753617305717,11:55:05.717,gateio,1INCH/USDT:USDT,0.2867,210.0,0.2866,420.0,0.287,215.0,0.2871,1945.0
1753617308989,11:55:08.989,gateio,1INCH/USDT:USDT,0.2867,210.0,0.2866,420.0,0.287,215.0,0.2871,1945.0
1753617309197,11:55:09.197,gateio,1INCH/USDT:USDT,0.2867,210.0,0.2866,420.0,0.287,215.0,0.2871,1945.0
1753617311068,11:55:11.068,gateio,1INCH/USDT:USDT,0.2867,210.0,0.2866,420.0,0.2869,2337.0,0.287,907.0
1753617311138,11:55:11.138,gateio,1INCH/USDT:USDT,0.2867,210.0,0.2866,420.0,0.287,215.0,0.2871,1945.0
1753617311221,11:55:11.221,gateio,1INCH/USDT:USDT,0.2867,210.0,0.2866,420.0,0.287,215.0,0.2871,1945.0
1753617311605,11:55:11.605,gateio,1INCH/USDT:USDT,0.2867,210.0,0.2866,420.0,0.2869,1373.0,0.287,215.0
1753617311755,11:55:11.755,gateio,1INCH/USDT:USDT,0.2867,210.0,0.2866,420.0,0.287,215.0,0.2871,1945.0
1753617311806,11:55:11.806,gateio,1INCH/USDT:USDT,0.2867,210.0,0.2866,420.0,0.2869,86.0,0.287,215.0
1753617311961,11:55:11.961,gateio,1INCH/USDT:USDT,0.2867,210.0,0.2866,420.0,0.2869,86.0,0.287,215.0
1753617312036,11:55:12.036,gateio,1INCH/USDT:USDT,0.2867,210.0,0.2866,420.0,0.2869,86.0,0.287,215.0
1753617312112,11:55:12.112,gateio,1INCH/USDT:USDT,0.2867,210.0,0.2866,420.0,0.2869,301.0,0.287,215.0
1753617312452,11:55:12.452,gateio,1INCH/USDT:USDT,0.2867,210.0,0.2866,420.0,0.2869,301.0,0.287,215.0
1753617312641,11:55:12.641,gateio,1INCH/USDT:USDT,0.2867,210.0,0.2866,420.0,0.2869,301.0,0.287,215.0
1753617312929,11:55:12.929,gateio,1INCH/USDT:USDT,0.2866,420.0,0.2865,1112.0,0.2868,215.0,0.2869,215.0
1753617313059,11:55:13.059,gateio,1INCH/USDT:USDT,0.2866,420.0,0.2865,1112.0,0.287,215.0,0.2871,1945.0
1753617313078,11:55:13.078,gateio,1INCH/USDT:USDT,0.2867,215.0,0.2866,420.0,0.287,215.0,0.2871,1945.0
1753617313267,11:55:13.267,gateio,1INCH/USDT:USDT,0.2867,215.0,0.2866,420.0,0.287,215.0,0.2871,1945.0
1753617313679,11:55:13.679,gateio,1INCH/USDT:USDT,0.2867,215.0,0.2866,420.0,0.287,215.0,0.2871,1945.0
1753617313789,11:55:13.789,gateio,1INCH/USDT:USDT,0.2867,215.0,0.2866,420.0,0.287,215.0,0.2871,1945.0
1753617315458,11:55:15.458,gateio,1INCH/USDT:USDT,0.2866,420.0,0.2865,1112.0,0.2869,3966.0,0.287,907.0
1753617315484,11:55:15.484,gateio,1INCH/USDT:USDT,0.2866,420.0,0.2865,1112.0,0.2868,215.0,0.2869,215.0
1753617315632,11:55:15.632,gateio,1INCH/USDT:USDT,0.2866,420.0,0.2865,1112.0,0.2869,215.0,0.287,907.0
1753617315726,11:55:15.726,gateio,1INCH/USDT:USDT,0.2866,420.0,0.2865,1112.0,0.2869,215.0,0.287,907.0
1753617315837,11:55:15.837,gateio,1INCH/USDT:USDT,0.2866,420.0,0.2865,1112.0,0.2869,215.0,0.287,907.0
1753617316300,11:55:16.300,gateio,1INCH/USDT:USDT,0.2866,420.0,0.2865,1112.0,0.2869,215.0,0.287,907.0
1753617318588,11:55:18.588,gateio,1INCH/USDT:USDT,0.2866,420.0,0.2865,1112.0,0.2869,215.0,0.287,907.0
1753617318840,11:55:18.840,gateio,1INCH/USDT:USDT,0.2866,420.0,0.2865,1112.0,0.2868,215.0,0.2869,1941.0
1753617318961,11:55:18.961,gateio,1INCH/USDT:USDT,0.2866,420.0,0.2865,1112.0,0.2868,215.0,0.2869,215.0
1753617318993,11:55:18.993,gateio,1INCH/USDT:USDT,0.2866,420.0,0.2865,1112.0,0.2869,215.0,0.287,907.0
1753617319380,11:55:19.380,gateio,1INCH/USDT:USDT,0.2866,420.0,0.2865,1112.0,0.2869,215.0,0.287,907.0
1753617319959,11:55:19.959,gateio,1INCH/USDT:USDT,0.2866,220.0,0.2865,1112.0,0.2868,215.0,0.2869,1941.0
1753617320101,11:55:20.101,gateio,1INCH/USDT:USDT,0.2866,220.0,0.2865,1112.0,0.2868,215.0,0.2869,1941.0
1753617320224,11:55:20.224,gateio,1INCH/USDT:USDT,0.2865,1112.0,0.2864,413.0,0.2868,215.0,0.2869,1941.0
1753617320365,11:55:20.365,gateio,1INCH/USDT:USDT,0.2865,1112.0,0.2864,413.0,0.2868,215.0,0.2869,1941.0
1753617320656,11:55:20.656,gateio,1INCH/USDT:USDT,0.2865,1112.0,0.2864,413.0,0.2868,215.0,0.2869,1941.0
1753617320753,11:55:20.753,gateio,1INCH/USDT:USDT,0.2865,220.0,0.2864,413.0,0.2868,215.0,0.2869,1941.0
1753617320852,11:55:20.852,gateio,1INCH/USDT:USDT,0.2865,220.0,0.2864,413.0,0.2868,215.0,0.2869,1941.0
1753617321341,11:55:21.341,gateio,1INCH/USDT:USDT,0.2865,220.0,0.2864,413.0,0.2868,215.0,0.2869,1941.0
1753617321478,11:55:21.478,gateio,1INCH/USDT:USDT,0.2865,220.0,0.2864,413.0,0.2868,215.0,0.2869,1941.0
1753617322352,11:55:22.352,gateio,1INCH/USDT:USDT,0.2865,220.0,0.2864,413.0,0.2867,2507.0,0.2868,907.0
1753617322453,11:55:22.453,gateio,1INCH/USDT:USDT,0.2864,413.0,0.2863,911.0,0.2866,220.0,0.2867,220.0
1753617322491,11:55:22.491,gateio,1INCH/USDT:USDT,0.2864,413.0,0.2863,911.0,0.2866,220.0,0.2867,220.0
1753617322665,11:55:22.665,gateio,1INCH/USDT:USDT,0.2865,220.0,0.2864,413.0,0.2868,215.0,0.2869,1941.0
1753617322697,11:55:22.697,gateio,1INCH/USDT:USDT,0.2865,220.0,0.2864,413.0,0.2868,215.0,0.2869,1941.0
1753617323188,11:55:23.188,gateio,1INCH/USDT:USDT,0.2865,220.0,0.2864,413.0,0.2867,2243.0,0.2868,907.0
1753617323514,11:55:23.514,gateio,1INCH/USDT:USDT,0.2865,220.0,0.2864,413.0,0.2867,2243.0,0.2868,907.0
1753617323692,11:55:23.692,gateio,1INCH/USDT:USDT,0.2865,220.0,0.2864,413.0,0.2868,215.0,0.2869,1941.0
1753617323927,11:55:23.927,gateio,1INCH/USDT:USDT,0.2865,220.0,0.2864,413.0,0.2868,215.0,0.2869,1941.0
1753617324333,11:55:24.333,gateio,1INCH/USDT:USDT,0.2865,220.0,0.2864,413.0,0.2868,215.0,0.2869,1941.0
1753617325324,11:55:25.324,gateio,1INCH/USDT:USDT,0.2865,220.0,0.2864,413.0,0.2868,215.0,0.2869,1941.0
1753617325400,11:55:25.400,gateio,1INCH/USDT:USDT,0.2865,220.0,0.2864,413.0,0.2868,215.0,0.2869,1941.0
1753617325546,11:55:25.546,gateio,1INCH/USDT:USDT,0.2865,220.0,0.2864,413.0,0.2868,215.0,0.2869,1941.0
1753617325726,11:55:25.726,gateio,1INCH/USDT:USDT,0.2865,220.0,0.2864,413.0,0.2868,215.0,0.2869,1941.0
1753617326372,11:55:26.372,gateio,1INCH/USDT:USDT,0.2865,220.0,0.2864,413.0,0.2867,1803.0,0.2868,907.0
1753617326381,11:55:26.381,gateio,1INCH/USDT:USDT,0.2865,220.0,0.2864,413.0,0.2866,220.0,0.2867,1803.0
1753617326766,11:55:26.766,gateio,1INCH/USDT:USDT,0.2865,220.0,0.2864,413.0,0.2868,215.0,0.2869,1941.0
1753617327346,11:55:27.346,gateio,1INCH/USDT:USDT,0.2865,220.0,0.2864,413.0,0.2867,220.0,0.2868,907.0
1753617327611,11:55:27.611,gateio,1INCH/USDT:USDT,0.2865,220.0,0.2864,413.0,0.2867,220.0,0.2868,907.0
1753617327994,11:55:27.994,gateio,1INCH/USDT:USDT,0.2865,220.0,0.2864,413.0,0.2867,220.0,0.2868,907.0
1753617329639,11:55:29.639,gateio,1INCH/USDT:USDT,0.2865,220.0,0.2864,413.0,0.2867,4175.0,0.2868,215.0
1753617329754,11:55:29.754,gateio,1INCH/USDT:USDT,0.2865,220.0,0.2864,413.0,0.2868,215.0,0.2869,1941.0
1753617330019,11:55:30.019,gateio,1INCH/USDT:USDT,0.2865,220.0,0.2864,413.0,0.2868,215.0,0.2869,1941.0
1753617330189,11:55:30.189,gateio,1INCH/USDT:USDT,0.2865,220.0,0.2864,413.0,0.2868,215.0,0.2869,1941.0
1753617330568,11:55:30.568,gateio,1INCH/USDT:USDT,0.2864,413.0,0.2863,911.0,0.2866,220.0,0.2868,215.0
1753617330699,11:55:30.699,gateio,1INCH/USDT:USDT,0.2865,220.0,0.2864,413.0,0.2868,215.0,0.2869,1941.0
1753617330850,11:55:30.850,gateio,1INCH/USDT:USDT,0.2864,413.0,0.2863,911.0,0.2866,220.0,0.2868,907.0
1753617331254,11:55:31.254,gateio,1INCH/USDT:USDT,0.2864,413.0,0.2863,911.0,0.2866,220.0,0.2868,907.0
1753617331779,11:55:31.779,gateio,1INCH/USDT:USDT,0.2865,219.0,0.2864,413.0,0.2866,220.0,0.2868,907.0
1753617332073,11:55:32.073,gateio,1INCH/USDT:USDT,0.2865,219.0,0.2864,413.0,0.2866,220.0,0.2868,907.0
1753617332204,11:55:32.204,gateio,1INCH/USDT:USDT,0.2865,219.0,0.2864,413.0,0.2866,220.0,0.2868,907.0
1753617333145,11:55:33.145,gateio,1INCH/USDT:USDT,0.2864,413.0,0.2863,911.0,0.2866,220.0,0.2868,907.0
1753617333311,11:55:33.311,gateio,1INCH/USDT:USDT,0.2864,413.0,0.2863,911.0,0.2866,220.0,0.2868,907.0
1753617334989,11:55:34.989,gateio,1INCH/USDT:USDT,0.2864,413.0,0.2863,911.0,0.2866,220.0,0.2868,907.0
1753617335118,11:55:35.118,gateio,1INCH/USDT:USDT,0.2865,219.0,0.2864,413.0,0.2867,219.0,0.2868,907.0
1753617335318,11:55:35.318,gateio,1INCH/USDT:USDT,0.2865,219.0,0.2864,413.0,0.2867,219.0,0.2868,907.0
1753617338383,11:55:38.383,gateio,1INCH/USDT:USDT,0.2865,219.0,0.2864,413.0,0.2867,1945.0,0.2868,907.0
1753617338552,11:55:38.552,gateio,1INCH/USDT:USDT,0.2865,219.0,0.2864,413.0,0.2867,219.0,0.2868,907.0
1753617338970,11:55:38.970,gateio,1INCH/USDT:USDT,0.2865,219.0,0.2864,413.0,0.2867,219.0,0.2868,907.0
1753617339789,11:55:39.789,gateio,1INCH/USDT:USDT,0.2865,219.0,0.2864,413.0,0.2867,219.0,0.2868,907.0
1753617340175,11:55:40.175,gateio,1INCH/USDT:USDT,0.2865,219.0,0.2864,413.0,0.2867,219.0,0.2868,907.0
1753617341648,11:55:41.648,gateio,1INCH/USDT:USDT,0.2864,413.0,0.2863,911.0,0.2867,219.0,0.2868,907.0
1753617341797,11:55:41.797,gateio,1INCH/USDT:USDT,0.2864,413.0,0.2863,911.0,0.2867,219.0,0.2868,907.0
1753617343309,11:55:43.309,gateio,1INCH/USDT:USDT,0.2865,219.0,0.2864,413.0,0.2867,219.0,0.2868,907.0
1753617343418,11:55:43.418,gateio,1INCH/USDT:USDT,0.2865,219.0,0.2864,413.0,0.2867,219.0,0.2868,907.0
1753617343734,11:55:43.734,gateio,1INCH/USDT:USDT,0.2864,413.0,0.2863,911.0,0.2867,219.0,0.2868,907.0
1753617343833,11:55:43.833,gateio,1INCH/USDT:USDT,0.2864,413.0,0.2863,911.0,0.2867,219.0,0.2868,907.0
1753617344557,11:55:44.557,gateio,1INCH/USDT:USDT,0.2865,219.0,0.2864,413.0,0.2867,219.0,0.2868,907.0
1753617344652,11:55:44.652,gateio,1INCH/USDT:USDT,0.2865,219.0,0.2864,413.0,0.2867,219.0,0.2868,907.0
1753617345104,11:55:45.104,gateio,1INCH/USDT:USDT,0.2864,413.0,0.2863,911.0,0.2867,219.0,0.2868,907.0
1753617345346,11:55:45.346,gateio,1INCH/USDT:USDT,0.2865,219.0,0.2864,413.0,0.2867,219.0,0.2868,907.0
1753617347616,11:55:47.616,gateio,1INCH/USDT:USDT,0.2865,219.0,0.2864,413.0,0.2868,907.0,0.2869,1941.0
1753617347726,11:55:47.726,gateio,1INCH/USDT:USDT,0.2865,219.0,0.2864,413.0,0.2868,215.0,0.2869,1941.0
1753617347882,11:55:47.882,gateio,1INCH/USDT:USDT,0.2865,219.0,0.2864,413.0,0.2868,215.0,0.2869,1941.0
1753617349390,11:55:49.390,gateio,1INCH/USDT:USDT,0.2865,219.0,0.2864,413.0,0.2868,215.0,0.2869,1941.0
1753617350397,11:55:50.397,gateio,1INCH/USDT:USDT,0.2865,219.0,0.2864,413.0,0.2868,215.0,0.2869,1941.0
1753617350551,11:55:50.551,gateio,1INCH/USDT:USDT,0.2865,219.0,0.2864,413.0,0.2868,215.0,0.2869,1941.0
1753617350579,11:55:50.579,gateio,1INCH/USDT:USDT,0.2865,219.0,0.2864,413.0,0.2868,215.0,0.2869,1941.0
1753617350756,11:55:50.756,gateio,1INCH/USDT:USDT,0.2865,219.0,0.2864,413.0,0.2868,907.0,0.2869,1941.0
1753617350842,11:55:50.842,gateio,1INCH/USDT:USDT,0.2865,219.0,0.2864,413.0,0.2867,219.0,0.2868,215.0
1753617350966,11:55:50.966,gateio,1INCH/USDT:USDT,0.2865,219.0,0.2864,413.0,0.2867,219.0,0.2868,907.0
1753617351139,11:55:51.139,gateio,1INCH/USDT:USDT,0.2865,219.0,0.2864,413.0,0.2867,219.0,0.2868,907.0
1753617351287,11:55:51.287,gateio,1INCH/USDT:USDT,0.2865,219.0,0.2864,413.0,0.2867,219.0,0.2868,907.0
1753617352018,11:55:52.018,gateio,1INCH/USDT:USDT,0.2865,219.0,0.2864,413.0,0.2868,215.0,0.2869,1941.0
1753617352359,11:55:52.359,gateio,1INCH/USDT:USDT,0.2865,219.0,0.2864,413.0,0.2868,215.0,0.2869,1941.0
1753617353318,11:55:53.318,gateio,1INCH/USDT:USDT,0.2865,219.0,0.2864,413.0,0.2868,215.0,0.2869,1941.0
1753617354199,11:55:54.199,gateio,1INCH/USDT:USDT,0.2865,219.0,0.2864,413.0,0.2868,215.0,0.2869,1941.0
1753617354292,11:55:54.292,gateio,1INCH/USDT:USDT,0.2865,219.0,0.2864,413.0,0.2868,215.0,0.2869,1941.0
1753617354450,11:55:54.450,gateio,1INCH/USDT:USDT,0.2865,219.0,0.2864,413.0,0.2868,215.0,0.2869,1941.0
1753617358990,11:55:58.990,gateio,1INCH/USDT:USDT,0.2865,219.0,0.2864,413.0,0.2868,215.0,0.2869,1941.0
1753617360349,11:56:00.349,gateio,1INCH/USDT:USDT,0.2865,219.0,0.2864,413.0,0.2868,215.0,0.2869,1941.0
1753617360452,11:56:00.452,gateio,1INCH/USDT:USDT,0.2865,219.0,0.2864,413.0,0.2868,215.0,0.2869,1941.0
1753617360939,11:56:00.939,gateio,1INCH/USDT:USDT,0.2865,219.0,0.2864,413.0,0.2869,215.0,0.287,907.0
1753617361043,11:56:01.043,gateio,1INCH/USDT:USDT,0.2865,219.0,0.2864,413.0,0.2868,212.0,0.2869,1941.0
1753617361133,11:56:01.133,gateio,1INCH/USDT:USDT,0.2865,219.0,0.2864,413.0,0.2868,1209.0,0.2869,1941.0
1753617362238,11:56:02.238,gateio,1INCH/USDT:USDT,0.2865,219.0,0.2864,413.0,0.2868,212.0,0.2869,1941.0
1753617363789,11:56:03.789,gateio,1INCH/USDT:USDT,0.2865,219.0,0.2864,413.0,0.2868,212.0,0.2869,1941.0
1753617364745,11:56:04.745,gateio,1INCH/USDT:USDT,0.2865,219.0,0.2864,413.0,0.2868,212.0,0.2869,1941.0
1753617368590,11:56:08.590,gateio,1INCH/USDT:USDT,0.2865,219.0,0.2864,413.0,0.2868,212.0,0.2869,1941.0
1753617369858,11:56:09.858,gateio,1INCH/USDT:USDT,0.2865,219.0,0.2864,413.0,0.2869,215.0,0.287,907.0
1753617369966,11:56:09.966,gateio,1INCH/USDT:USDT,0.2867,212.0,0.2866,692.0,0.2869,3291.0,0.287,907.0
1753617370054,11:56:10.054,gateio,1INCH/USDT:USDT,0.2867,212.0,0.2866,692.0,0.2869,3291.0,0.287,907.0
1753617370168,11:56:10.168,gateio,1INCH/USDT:USDT,0.2867,212.0,0.2866,692.0,0.2869,3291.0,0.287,907.0
1753617370245,11:56:10.245,gateio,1INCH/USDT:USDT,0.2867,212.0,0.2866,692.0,0.2869,3291.0,0.287,907.0
1753617373389,11:56:13.389,gateio,1INCH/USDT:USDT,0.2867,212.0,0.2866,692.0,0.2869,3291.0,0.287,907.0
1753617373681,11:56:13.681,gateio,1INCH/USDT:USDT,0.2867,212.0,0.2866,692.0,0.2869,3291.0,0.287,907.0
1753617377768,11:56:17.768,gateio,1INCH/USDT:USDT,0.2867,212.0,0.2866,692.0,0.2869,3291.0,0.287,907.0
1753617378190,11:56:18.190,gateio,1INCH/USDT:USDT,0.2867,212.0,0.2866,692.0,0.2869,3291.0,0.287,907.0
1753617380931,11:56:20.931,gateio,1INCH/USDT:USDT,0.2866,692.0,0.2865,219.0,0.2868,218.0,0.287,907.0
1753617381034,11:56:21.034,gateio,1INCH/USDT:USDT,0.2866,692.0,0.2865,219.0,0.2868,218.0,0.287,907.0
1753617381345,11:56:21.345,gateio,1INCH/USDT:USDT,0.2865,219.0,0.2864,413.0,0.2868,218.0,0.287,907.0
1753617381608,11:56:21.608,gateio,1INCH/USDT:USDT,0.2866,692.0,0.2865,219.0,0.2868,218.0,0.287,907.0
1753617382990,11:56:22.990,gateio,1INCH/USDT:USDT,0.2866,692.0,0.2865,219.0,0.2868,218.0,0.287,907.0
1753617383372,11:56:23.372,gateio,1INCH/USDT:USDT,0.2866,692.0,0.2865,219.0,0.2868,218.0,0.287,907.0
1753617386292,11:56:26.292,gateio,1INCH/USDT:USDT,0.2865,219.0,0.2864,413.0,0.2868,218.0,0.2869,1726.0
1753617386603,11:56:26.603,gateio,1INCH/USDT:USDT,0.2865,219.0,0.2864,413.0,0.2868,218.0,0.2869,1726.0
1753617387809,11:56:27.809,gateio,1INCH/USDT:USDT,0.2865,219.0,0.2864,413.0,0.2868,218.0,0.2869,1726.0
1753617390649,11:56:30.649,gateio,1INCH/USDT:USDT,0.2865,219.0,0.2864,413.0,0.2868,218.0,0.2869,1726.0
1753617390769,11:56:30.769,gateio,1INCH/USDT:USDT,0.2864,413.0,0.2863,1111.0,0.2868,218.0,0.2869,1726.0
1753617391038,11:56:31.038,gateio,1INCH/USDT:USDT,0.2864,413.0,0.2863,1111.0,0.2868,218.0,0.2869,1726.0
1753617391491,11:56:31.491,gateio,1INCH/USDT:USDT,0.2864,413.0,0.2863,1111.0,0.2867,220.0,0.2868,910.0
1753617391854,11:56:31.854,gateio,1INCH/USDT:USDT,0.2864,413.0,0.2863,1111.0,0.2867,220.0,0.2868,910.0
1753617392271,11:56:32.271,gateio,1INCH/USDT:USDT,0.2864,413.0,0.2863,1111.0,0.2867,220.0,0.2868,910.0
1753617392591,11:56:32.591,gateio,1INCH/USDT:USDT,0.2864,413.0,0.2863,1111.0,0.2867,220.0,0.2868,910.0
1753617393773,11:56:33.773,gateio,1INCH/USDT:USDT,0.2864,413.0,0.2863,1111.0,0.2867,220.0,0.2868,910.0
1753617393853,11:56:33.853,gateio,1INCH/USDT:USDT,0.2864,413.0,0.2863,1111.0,0.2867,220.0,0.2868,910.0
1753617393936,11:56:33.936,gateio,1INCH/USDT:USDT,0.2864,413.0,0.2863,1111.0,0.2866,1863.0,0.2867,220.0
1753617394158,11:56:34.158,gateio,1INCH/USDT:USDT,0.2864,213.0,0.2863,1111.0,0.2866,1863.0,0.2867,220.0
1753617394296,11:56:34.296,gateio,1INCH/USDT:USDT,0.2864,213.0,0.2863,1111.0,0.2866,1863.0,0.2867,220.0
1753617394544,11:56:34.544,gateio,1INCH/USDT:USDT,0.2863,1111.0,0.2862,413.0,0.2865,220.0,0.2867,220.0
1753617394665,11:56:34.665,gateio,1INCH/USDT:USDT,0.2863,1111.0,0.2862,413.0,0.2867,220.0,0.2868,910.0
1753617394697,11:56:34.697,gateio,1INCH/USDT:USDT,0.2864,220.0,0.2863,1111.0,0.2866,220.0,0.2867,1946.0
1753617394973,11:56:34.973,gateio,1INCH/USDT:USDT,0.2864,220.0,0.2863,1111.0,0.2866,220.0,0.2867,1946.0
1753617395008,11:56:35.008,gateio,1INCH/USDT:USDT,0.2864,220.0,0.2863,1111.0,0.2866,220.0,0.2867,1946.0
1753617395112,11:56:35.112,gateio,1INCH/USDT:USDT,0.2864,220.0,0.2863,1111.0,0.2866,220.0,0.2867,1946.0
1753617395854,11:56:35.854,gateio,1INCH/USDT:USDT,0.2864,220.0,0.2863,1111.0,0.2866,220.0,0.2867,1946.0
1753617395930,11:56:35.930,gateio,1INCH/USDT:USDT,0.2864,220.0,0.2863,1111.0,0.2866,220.0,0.2867,1946.0
1753617397392,11:56:37.392,gateio,1INCH/USDT:USDT,0.2864,220.0,0.2863,1111.0,0.2866,220.0,0.2867,1946.0
1753617397565,11:56:37.565,gateio,1INCH/USDT:USDT,0.2864,220.0,0.2863,1111.0,0.2866,220.0,0.2867,1946.0
1753617400048,11:56:40.048,gateio,1INCH/USDT:USDT,0.2863,1111.0,0.2862,413.0,0.2866,220.0,0.2867,1946.0
1753617400081,11:56:40.081,gateio,1INCH/USDT:USDT,0.2863,1111.0,0.2862,413.0,0.2866,220.0,0.2867,1946.0
1753617400262,11:56:40.262,gateio,1INCH/USDT:USDT,0.2863,1111.0,0.2862,413.0,0.2866,220.0,0.2867,1946.0
1753617400450,11:56:40.450,gateio,1INCH/USDT:USDT,0.2864,220.0,0.2863,1111.0,0.2866,220.0,0.2867,1946.0
1753617402087,11:56:42.087,gateio,1INCH/USDT:USDT,0.2864,220.0,0.2863,1111.0,0.2866,220.0,0.2867,1946.0
1753617402191,11:56:42.191,gateio,1INCH/USDT:USDT,0.2864,220.0,0.2863,1111.0,0.2866,220.0,0.2867,1946.0
1753617403785,11:56:43.785,gateio,1INCH/USDT:USDT,0.2864,220.0,0.2863,1111.0,0.2866,220.0,0.2867,1946.0
1753617407009,11:56:47.009,gateio,1INCH/USDT:USDT,0.2864,220.0,0.2863,1111.0,0.2866,220.0,0.2867,1946.0
1753617411791,11:56:51.791,gateio,1INCH/USDT:USDT,0.2864,220.0,0.2863,1111.0,0.2866,220.0,0.2867,1946.0
1753617413614,11:56:53.614,gateio,1INCH/USDT:USDT,0.2863,1111.0,0.2862,413.0,0.2866,220.0,0.2867,1946.0
1753617413776,11:56:53.776,gateio,1INCH/USDT:USDT,0.2864,211.0,0.2863,1111.0,0.2866,220.0,0.2867,1946.0
1753617415011,11:56:55.011,gateio,1INCH/USDT:USDT,0.2863,1111.0,0.2862,413.0,0.2866,220.0,0.2867,1946.0
1753617415768,11:56:55.768,gateio,1INCH/USDT:USDT,0.2864,211.0,0.2863,1111.0,0.2866,220.0,0.2867,1946.0
1753617416590,11:56:56.590,gateio,1INCH/USDT:USDT,0.2864,211.0,0.2863,1111.0,0.2866,220.0,0.2867,1946.0
1753617421392,11:57:01.392,gateio,1INCH/USDT:USDT,0.2864,211.0,0.2863,1111.0,0.2866,220.0,0.2867,1946.0
1753617421550,11:57:01.550,gateio,1INCH/USDT:USDT,0.2864,211.0,0.2863,1111.0,0.2866,220.0,0.2867,1946.0
1753617423333,11:57:03.333,gateio,1INCH/USDT:USDT,0.2864,211.0,0.2863,1111.0,0.2867,220.0,0.2868,910.0
1753617423454,11:57:03.454,gateio,1INCH/USDT:USDT,0.2864,211.0,0.2863,1111.0,0.2866,295.0,0.2867,220.0
1753617423643,11:57:03.643,gateio,1INCH/USDT:USDT,0.2864,211.0,0.2863,1111.0,0.2866,81.0,0.2867,220.0
1753617423706,11:57:03.706,gateio,1INCH/USDT:USDT,0.2864,211.0,0.2863,1111.0,0.2866,81.0,0.2867,220.0
1753617423794,11:57:03.794,gateio,1INCH/USDT:USDT,0.2864,211.0,0.2863,1111.0,0.2866,81.0,0.2867,220.0
1753617423945,11:57:03.945,gateio,1INCH/USDT:USDT,0.2864,211.0,0.2863,1111.0,0.2866,295.0,0.2867,220.0
1753617426191,11:57:06.191,gateio,1INCH/USDT:USDT,0.2864,211.0,0.2863,1111.0,0.2866,295.0,0.2867,220.0
1753617426548,11:57:06.548,gateio,1INCH/USDT:USDT,0.2864,211.0,0.2863,1111.0,0.2866,295.0,0.2867,220.0
1753617430266,11:57:10.266,gateio,1INCH/USDT:USDT,0.2864,211.0,0.2863,1111.0,0.2866,295.0,0.2867,220.0
1753617430348,11:57:10.348,gateio,1INCH/USDT:USDT,0.2864,211.0,0.2863,1111.0,0.2866,295.0,0.2867,1946.0
1753617431010,11:57:11.010,gateio,1INCH/USDT:USDT,0.2864,211.0,0.2863,1111.0,0.2866,295.0,0.2867,1946.0
1753617431572,11:57:11.572,gateio,1INCH/USDT:USDT,0.2864,211.0,0.2863,1111.0,0.2866,295.0,0.2867,1946.0
1753617431649,11:57:11.649,gateio,1INCH/USDT:USDT,0.2864,211.0,0.2863,1111.0,0.2866,295.0,0.2867,1946.0
1753617431809,11:57:11.809,gateio,1INCH/USDT:USDT,0.2864,211.0,0.2863,1111.0,0.2866,295.0,0.2867,1946.0
1753617435565,11:57:15.565,gateio,1INCH/USDT:USDT,0.2864,211.0,0.2863,1111.0,0.2865,214.0,0.2866,295.0
1753617435636,11:57:15.636,gateio,1INCH/USDT:USDT,0.2863,1111.0,0.2862,413.0,0.2865,214.0,0.2866,214.0
1753617435720,11:57:15.720,gateio,1INCH/USDT:USDT,0.2863,1111.0,0.2862,413.0,0.2866,214.0,0.2867,1946.0
1753617435841,11:57:15.841,gateio,1INCH/USDT:USDT,0.2863,1111.0,0.2862,413.0,0.2866,214.0,0.2867,1946.0
1753617436067,11:57:16.067,gateio,1INCH/USDT:USDT,0.2863,419.0,0.2862,413.0,0.2866,214.0,0.2867,1946.0
1753617436074,11:57:16.074,gateio,1INCH/USDT:USDT,0.2863,419.0,0.2862,413.0,0.2866,214.0,0.2867,1946.0
1753617436423,11:57:16.423,gateio,1INCH/USDT:USDT,0.2863,419.0,0.2862,413.0,0.2865,2180.0,0.2866,906.0
1753617436570,11:57:16.570,gateio,1INCH/USDT:USDT,0.2863,419.0,0.2862,413.0,0.2865,214.0,0.2866,214.0
1753617436728,11:57:16.728,gateio,1INCH/USDT:USDT,0.2863,419.0,0.2862,413.0,0.2866,214.0,0.2867,1946.0
1753617437062,11:57:17.062,gateio,1INCH/USDT:USDT,0.2863,419.0,0.2862,413.0,0.2866,214.0,0.2867,1946.0
1753617437797,11:57:17.797,gateio,1INCH/USDT:USDT,0.2864,214.0,0.2863,419.0,0.2866,214.0,0.2867,1946.0
1753617437880,11:57:17.880,gateio,1INCH/USDT:USDT,0.2864,214.0,0.2863,419.0,0.2866,214.0,0.2867,1946.0
1753617438303,11:57:18.303,gateio,1INCH/USDT:USDT,0.2864,214.0,0.2863,419.0,0.2866,214.0,0.2867,1946.0
1753617440592,11:57:20.592,gateio,1INCH/USDT:USDT,0.2864,214.0,0.2863,419.0,0.2866,214.0,0.2867,1946.0
1753617441139,11:57:21.139,gateio,1INCH/USDT:USDT,0.2864,214.0,0.2863,419.0,0.2866,214.0,0.2867,1946.0
1753617441574,11:57:21.574,gateio,1INCH/USDT:USDT,0.2864,214.0,0.2863,419.0,0.2867,220.0,0.2868,910.0
1753617441574,11:57:21.574,gateio,1INCH/USDT:USDT,0.2864,214.0,0.2863,419.0,0.2867,220.0,0.2868,910.0
1753617441970,11:57:21.970,gateio,1INCH/USDT:USDT,0.2864,214.0,0.2863,419.0,0.2867,220.0,0.2868,910.0
1753617442036,11:57:22.036,gateio,1INCH/USDT:USDT,0.2864,214.0,0.2863,419.0,0.2867,220.0,0.2868,910.0
1753617442195,11:57:22.195,gateio,1INCH/USDT:USDT,0.2864,214.0,0.2863,1111.0,0.2867,220.0,0.2868,910.0
1753617442364,11:57:22.364,gateio,1INCH/USDT:USDT,0.2864,214.0,0.2863,1111.0,0.2867,220.0,0.2868,910.0
1753617442806,11:57:22.806,gateio,1INCH/USDT:USDT,0.2864,214.0,0.2863,1111.0,0.2867,220.0,0.2868,910.0
1753617443245,11:57:23.245,gateio,1INCH/USDT:USDT,0.2864,214.0,0.2863,1111.0,0.2868,218.0,0.2869,1726.0
1753617443442,11:57:23.442,gateio,1INCH/USDT:USDT,0.2864,214.0,0.2863,1111.0,0.2867,109.0,0.2868,910.0
1753617443595,11:57:23.595,gateio,1INCH/USDT:USDT,0.2864,214.0,0.2863,1111.0,0.2867,327.0,0.2868,910.0
1753617445391,11:57:25.391,gateio,1INCH/USDT:USDT,0.2864,214.0,0.2863,1111.0,0.2867,327.0,0.2868,910.0
1753617445569,11:57:25.569,gateio,1INCH/USDT:USDT,0.2864,214.0,0.2863,1111.0,0.2866,218.0,0.2867,218.0
1753617445738,11:57:25.738,gateio,1INCH/USDT:USDT,0.2864,214.0,0.2863,1111.0,0.2866,218.0,0.2867,1944.0
1753617446739,11:57:26.739,gateio,1INCH/USDT:USDT,0.2864,214.0,0.2863,1111.0,0.2867,218.0,0.2868,910.0
1753617446814,11:57:26.814,gateio,1INCH/USDT:USDT,0.2864,214.0,0.2863,1111.0,0.2867,218.0,0.2868,910.0
1753617447372,11:57:27.372,gateio,1INCH/USDT:USDT,0.2864,214.0,0.2863,1111.0,0.2866,218.0,0.2867,1944.0
1753617447629,11:57:27.629,gateio,1INCH/USDT:USDT,0.2864,214.0,0.2863,1111.0,0.2866,218.0,0.2867,1944.0
1753617449759,11:57:29.759,gateio,1INCH/USDT:USDT,0.2864,214.0,0.2863,1111.0,0.2867,218.0,0.2868,910.0
1753617450060,11:57:30.060,gateio,1INCH/USDT:USDT,0.2864,214.0,0.2863,1111.0,0.2867,218.0,0.2868,910.0
1753617450192,11:57:30.192,gateio,1INCH/USDT:USDT,0.2864,214.0,0.2863,1111.0,0.2867,218.0,0.2868,910.0
1753617452037,11:57:32.037,gateio,1INCH/USDT:USDT,0.2864,214.0,0.2863,1111.0,0.2867,218.0,0.2868,910.0
1753617452099,11:57:32.099,gateio,1INCH/USDT:USDT,0.2864,214.0,0.2863,1111.0,0.2867,218.0,0.2868,910.0
1753617452200,11:57:32.200,gateio,1INCH/USDT:USDT,0.2864,214.0,0.2863,1111.0,0.2867,218.0,0.2868,910.0
1753617452484,11:57:32.484,gateio,1INCH/USDT:USDT,0.2864,214.0,0.2863,1111.0,0.2867,218.0,0.2868,910.0
1753617453249,11:57:33.249,gateio,1INCH/USDT:USDT,0.2864,214.0,0.2863,1111.0,0.2867,218.0,0.2868,910.0
1753617453302,11:57:33.302,gateio,1INCH/USDT:USDT,0.2864,214.0,0.2863,1111.0,0.2867,218.0,0.2868,910.0
1753617454107,11:57:34.107,gateio,1INCH/USDT:USDT,0.2864,214.0,0.2863,1111.0,0.2867,218.0,0.2868,910.0
1753617454569,11:57:34.569,gateio,1INCH/USDT:USDT,0.2864,214.0,0.2863,1111.0,0.2867,218.0,0.2868,910.0
1753617454959,11:57:34.959,gateio,1INCH/USDT:USDT,0.2864,214.0,0.2863,1111.0,0.2867,218.0,0.2868,910.0
1753617454992,11:57:34.992,gateio,1INCH/USDT:USDT,0.2864,214.0,0.2863,1111.0,0.2867,218.0,0.2868,910.0
1753617455349,11:57:35.349,gateio,1INCH/USDT:USDT,0.2864,214.0,0.2863,1111.0,0.2867,218.0,0.2868,910.0
1753617455440,11:57:35.440,gateio,1INCH/USDT:USDT,0.2864,214.0,0.2863,1111.0,0.2867,218.0,0.2868,910.0
1753617455643,11:57:35.643,gateio,1INCH/USDT:USDT,0.2864,214.0,0.2863,1111.0,0.2867,218.0,0.2868,910.0
1753617455773,11:57:35.773,gateio,1INCH/USDT:USDT,0.2864,214.0,0.2863,1111.0,0.2867,218.0,0.2868,910.0
1753617456257,11:57:36.257,gateio,1INCH/USDT:USDT,0.2864,214.0,0.2863,1111.0,0.2867,218.0,0.2868,910.0
1753617456743,11:57:36.743,gateio,1INCH/USDT:USDT,0.2864,214.0,0.2863,1111.0,0.2867,218.0,0.2868,910.0
1753617456786,11:57:36.786,gateio,1INCH/USDT:USDT,0.2864,214.0,0.2863,1111.0,0.2867,218.0,0.2868,910.0
1753617457003,11:57:37.003,gateio,1INCH/USDT:USDT,0.2864,214.0,0.2863,1111.0,0.2867,218.0,0.2868,910.0
1753617459791,11:57:39.791,gateio,1INCH/USDT:USDT,0.2864,214.0,0.2863,1111.0,0.2867,218.0,0.2868,910.0
1753617460154,11:57:40.154,gateio,1INCH/USDT:USDT,0.2864,214.0,0.2863,419.0,0.2866,3348.0,0.2867,218.0
1753617460229,11:57:40.229,gateio,1INCH/USDT:USDT,0.2864,214.0,0.2863,419.0,0.2866,3348.0,0.2867,218.0
1753617460392,11:57:40.392,gateio,1INCH/USDT:USDT,0.2864,214.0,0.2863,419.0,0.2866,3348.0,0.2867,218.0
1753617461953,11:57:41.953,gateio,1INCH/USDT:USDT,0.2864,214.0,0.2863,419.0,0.2867,218.0,0.2868,910.0
1753617462122,11:57:42.122,gateio,1INCH/USDT:USDT,0.2864,214.0,0.2863,419.0,0.2867,218.0,0.2868,910.0
1753617462250,11:57:42.250,gateio,1INCH/USDT:USDT,0.2864,214.0,0.2863,419.0,0.2867,218.0,0.2868,910.0
1753617462441,11:57:42.441,gateio,1INCH/USDT:USDT,0.2864,214.0,0.2863,419.0,0.2867,218.0,0.2868,910.0
1753617464241,11:57:44.241,gateio,1INCH/USDT:USDT,0.2864,214.0,0.2863,419.0,0.2867,218.0,0.2868,910.0
1753617464528,11:57:44.528,gateio,1INCH/USDT:USDT,0.2864,214.0,0.2863,419.0,0.2866,896.0,0.2867,218.0
1753617464592,11:57:44.592,gateio,1INCH/USDT:USDT,0.2864,214.0,0.2863,419.0,0.2866,896.0,0.2867,218.0
1753617464730,11:57:44.730,gateio,1INCH/USDT:USDT,0.2864,214.0,0.2863,419.0,0.2866,896.0,0.2867,218.0
1753617465464,11:57:45.464,gateio,1INCH/USDT:USDT,0.2864,214.0,0.2863,419.0,0.2867,218.0,0.2868,910.0
1753617465546,11:57:45.546,gateio,1INCH/USDT:USDT,0.2864,214.0,0.2863,419.0,0.2867,218.0,0.2868,910.0
1753617469392,11:57:49.392,gateio,1INCH/USDT:USDT,0.2864,214.0,0.2863,419.0,0.2867,218.0,0.2868,910.0
1753617469579,11:57:49.579,gateio,1INCH/USDT:USDT,0.2864,214.0,0.2863,419.0,0.2867,218.0,0.2868,910.0
1753617471491,11:57:51.491,gateio,1INCH/USDT:USDT,0.2864,214.0,0.2863,419.0,0.2867,218.0,0.2868,910.0
1753617471644,11:57:51.644,gateio,1INCH/USDT:USDT,0.2864,214.0,0.2863,1111.0,0.2868,218.0,0.2869,1726.0
1753617471682,11:57:51.682,gateio,1INCH/USDT:USDT,0.2864,214.0,0.2863,1111.0,0.2867,219.0,0.2868,910.0
1753617473856,11:57:53.856,gateio,1INCH/USDT:USDT,0.2864,214.0,0.2863,1111.0,0.2867,2688.0,0.2868,910.0
1753617474192,11:57:54.192,gateio,1INCH/USDT:USDT,0.2864,214.0,0.2863,1111.0,0.2867,2688.0,0.2868,910.0
1753617475028,11:57:55.028,gateio,1INCH/USDT:USDT,0.2864,214.0,0.2863,1111.0,0.2866,219.0,0.2867,219.0
1753617475170,11:57:55.170,gateio,1INCH/USDT:USDT,0.2864,214.0,0.2863,1111.0,0.2866,219.0,0.2867,1945.0
1753617477152,11:57:57.152,gateio,1INCH/USDT:USDT,0.2864,214.0,0.2863,1111.0,0.2866,219.0,0.2867,1945.0
1753617477770,11:57:57.770,gateio,1INCH/USDT:USDT,0.2864,214.0,0.2863,1111.0,0.2867,219.0,0.2868,910.0
1753617477805,11:57:57.805,gateio,1INCH/USDT:USDT,0.2864,214.0,0.2863,1111.0,0.2867,4332.0,0.2868,218.0
1753617478041,11:57:58.041,gateio,1INCH/USDT:USDT,0.2864,214.0,0.2863,1111.0,0.2867,4332.0,0.2868,218.0
1753617478824,11:57:58.824,gateio,1INCH/USDT:USDT,0.2864,214.0,0.2863,1111.0,0.2867,219.0,0.2868,910.0
1753617478992,11:57:58.992,gateio,1INCH/USDT:USDT,0.2864,214.0,0.2863,1111.0,0.2867,219.0,0.2868,910.0
1753617479257,11:57:59.257,gateio,1INCH/USDT:USDT,0.2864,214.0,0.2863,1111.0,0.2867,219.0,0.2868,910.0
1753617481342,11:58:01.342,gateio,1INCH/USDT:USDT,0.2864,214.0,0.2863,1111.0,0.2867,219.0,0.2868,910.0
1753617481690,11:58:01.690,gateio,1INCH/USDT:USDT,0.2864,214.0,0.2863,1111.0,0.2867,219.0,0.2868,910.0
1753617481827,11:58:01.827,gateio,1INCH/USDT:USDT,0.2864,214.0,0.2863,1111.0,0.2867,219.0,0.2868,910.0
1753617483792,11:58:03.792,gateio,1INCH/USDT:USDT,0.2864,214.0,0.2863,1111.0,0.2867,219.0,0.2868,910.0
1753617483915,11:58:03.915,gateio,1INCH/USDT:USDT,0.2864,214.0,0.2863,1111.0,0.2867,219.0,0.2868,910.0
1753617484750,11:58:04.750,gateio,1INCH/USDT:USDT,0.2864,214.0,0.2863,1111.0,0.2867,219.0,0.2868,910.0
1753617488592,11:58:08.592,gateio,1INCH/USDT:USDT,0.2864,214.0,0.2863,1111.0,0.2867,219.0,0.2868,910.0
1753617489622,11:58:09.622,gateio,1INCH/USDT:USDT,0.2864,214.0,0.2863,1111.0,0.2867,219.0,0.2868,910.0
1753617490305,11:58:10.305,gateio,1INCH/USDT:USDT,0.2864,214.0,0.2863,1111.0,0.2867,219.0,0.2868,910.0
1753617492535,11:58:12.535,gateio,1INCH/USDT:USDT,0.2864,214.0,0.2863,1111.0,0.2867,219.0,0.2868,910.0
1753617492798,11:58:12.798,gateio,1INCH/USDT:USDT,0.2864,214.0,0.2863,1111.0,0.2867,219.0,0.2868,910.0
1753617493392,11:58:13.392,gateio,1INCH/USDT:USDT,0.2864,214.0,0.2863,1111.0,0.2867,219.0,0.2868,910.0
1753617494161,11:58:14.161,gateio,1INCH/USDT:USDT,0.2864,214.0,0.2863,1111.0,0.2867,219.0,0.2868,910.0
1753617494853,11:58:14.853,gateio,1INCH/USDT:USDT,0.2864,214.0,0.2863,1111.0,0.2867,219.0,0.2868,910.0
1753617495047,11:58:15.047,gateio,1INCH/USDT:USDT,0.2864,214.0,0.2863,1111.0,0.2866,214.0,0.2867,1945.0
1753617495139,11:58:15.139,gateio,1INCH/USDT:USDT,0.2864,214.0,0.2863,1111.0,0.2866,214.0,0.2867,219.0
1753617495200,11:58:15.200,gateio,1INCH/USDT:USDT,0.2864,214.0,0.2863,1111.0,0.2867,219.0,0.2868,910.0
1753617495382,11:58:15.382,gateio,1INCH/USDT:USDT,0.2864,214.0,0.2863,1111.0,0.2867,219.0,0.2868,910.0
1753617498193,11:58:18.193,gateio,1INCH/USDT:USDT,0.2864,214.0,0.2863,1111.0,0.2867,219.0,0.2868,910.0
1753617502858,11:58:22.858,gateio,1INCH/USDT:USDT,0.2863,419.0,0.2862,413.0,0.2865,219.0,0.2866,1806.0
1753617502937,11:58:22.937,gateio,1INCH/USDT:USDT,0.2863,419.0,0.2862,413.0,0.2865,219.0,0.2867,1945.0
1753617503041,11:58:23.041,gateio,1INCH/USDT:USDT,0.2863,419.0,0.2862,413.0,0.2865,219.0,0.2867,1945.0
1753617505729,11:58:25.729,gateio,1INCH/USDT:USDT,0.2864,219.0,0.2863,419.0,0.2865,219.0,0.2867,1945.0
1753617505876,11:58:25.876,gateio,1INCH/USDT:USDT,0.2864,219.0,0.2863,419.0,0.2865,219.0,0.2867,1945.0
1753617506581,11:58:26.581,gateio,1INCH/USDT:USDT,0.2863,419.0,0.2862,413.0,0.2865,219.0,0.2867,1945.0
1753617506693,11:58:26.693,gateio,1INCH/USDT:USDT,0.2863,419.0,0.2862,413.0,0.2865,219.0,0.2867,1945.0
1753617507843,11:58:27.843,gateio,1INCH/USDT:USDT,0.2863,419.0,0.2862,413.0,0.2865,219.0,0.2867,1945.0
1753617507910,11:58:27.910,gateio,1INCH/USDT:USDT,0.2863,419.0,0.2862,413.0,0.2865,219.0,0.2867,1945.0
1753617508437,11:58:28.437,gateio,1INCH/USDT:USDT,0.2863,419.0,0.2862,413.0,0.2865,219.0,0.2867,1945.0
1753617511438,11:58:31.438,gateio,1INCH/USDT:USDT,0.2864,214.0,0.2863,419.0,0.2866,214.0,0.2867,1945.0
1753617511669,11:58:31.669,gateio,1INCH/USDT:USDT,0.2864,214.0,0.2863,419.0,0.2866,2109.0,0.2867,1945.0
1753617511874,11:58:31.874,gateio,1INCH/USDT:USDT,0.2864,214.0,0.2863,419.0,0.2866,214.0,0.2867,1945.0
1753617511941,11:58:31.941,gateio,1INCH/USDT:USDT,0.2864,214.0,0.2863,419.0,0.2866,214.0,0.2867,1945.0
1753617512543,11:58:32.543,gateio,1INCH/USDT:USDT,0.2864,214.0,0.2863,419.0,0.2867,219.0,0.2868,910.0
1753617512634,11:58:32.634,gateio,1INCH/USDT:USDT,0.2864,214.0,0.2863,1111.0,0.2867,219.0,0.2868,910.0
1753617512747,11:58:32.747,gateio,1INCH/USDT:USDT,0.2864,214.0,0.2863,1111.0,0.2867,219.0,0.2868,910.0
1753617512934,11:58:32.934,gateio,1INCH/USDT:USDT,0.2864,214.0,0.2863,1111.0,0.2866,214.0,0.2867,1945.0
1753617513014,11:58:33.014,gateio,1INCH/USDT:USDT,0.2864,214.0,0.2863,1111.0,0.2866,214.0,0.2867,219.0
1753617513123,11:58:33.123,gateio,1INCH/USDT:USDT,0.2864,214.0,0.2863,1111.0,0.2866,214.0,0.2867,1945.0
1753617513224,11:58:33.224,gateio,1INCH/USDT:USDT,0.2864,214.0,0.2863,1111.0,0.2866,1327.0,0.2867,1945.0
1753617513561,11:58:33.561,gateio,1INCH/USDT:USDT,0.2864,214.0,0.2863,1111.0,0.2866,1327.0,0.2867,1945.0
1753617513973,11:58:33.973,gateio,1INCH/USDT:USDT,0.2864,214.0,0.2863,1111.0,0.2866,1327.0,0.2867,1945.0
1753617514764,11:58:34.764,gateio,1INCH/USDT:USDT,0.2864,214.0,0.2863,1111.0,0.2866,1327.0,0.2867,1945.0
1753617514850,11:58:34.850,gateio,1INCH/USDT:USDT,0.2864,214.0,0.2863,1111.0,0.2866,1327.0,0.2867,1945.0
1753617516628,11:58:36.628,gateio,1INCH/USDT:USDT,0.2863,1111.0,0.2862,413.0,0.2865,214.0,0.2866,214.0
1753617516761,11:58:36.761,gateio,1INCH/USDT:USDT,0.2863,1111.0,0.2862,413.0,0.2866,214.0,0.2867,1945.0
1753617516823,11:58:36.823,gateio,1INCH/USDT:USDT,0.2864,214.0,0.2863,1111.0,0.2866,214.0,0.2867,1945.0
1753617517209,11:58:37.209,gateio,1INCH/USDT:USDT,0.2864,214.0,0.2863,1111.0,0.2866,214.0,0.2867,1945.0
1753617517394,11:58:37.394,gateio,1INCH/USDT:USDT,0.2864,214.0,0.2863,1111.0,0.2866,214.0,0.2867,1945.0
1753617520853,11:58:40.853,gateio,1INCH/USDT:USDT,0.2864,214.0,0.2863,1111.0,0.2866,214.0,0.2867,1945.0
1753617521244,11:58:41.244,gateio,1INCH/USDT:USDT,0.2864,214.0,0.2863,1111.0,0.2866,214.0,0.2867,1945.0
1753617522193,11:58:42.193,gateio,1INCH/USDT:USDT,0.2864,214.0,0.2863,1111.0,0.2866,214.0,0.2867,1945.0
1753617524962,11:58:44.962,gateio,1INCH/USDT:USDT,0.2864,214.0,0.2863,1111.0,0.2866,214.0,0.2867,1945.0
1753617525250,11:58:45.250,gateio,1INCH/USDT:USDT,0.2864,214.0,0.2863,1111.0,0.2866,214.0,0.2867,1945.0
1753617527009,11:58:47.009,gateio,1INCH/USDT:USDT,0.2864,214.0,0.2863,1111.0,0.2866,214.0,0.2867,1945.0
1753617531794,11:58:51.794,gateio,1INCH/USDT:USDT,0.2864,214.0,0.2863,1111.0,0.2866,214.0,0.2867,1945.0
1753617534059,11:58:54.059,gateio,1INCH/USDT:USDT,0.2864,214.0,0.2863,1111.0,0.2867,219.0,0.2868,910.0
1753617534120,11:58:54.120,gateio,1INCH/USDT:USDT,0.2864,214.0,0.2863,1111.0,0.2867,219.0,0.2868,910.0
1753617536593,11:58:56.593,gateio,1INCH/USDT:USDT,0.2864,214.0,0.2863,1111.0,0.2867,219.0,0.2868,910.0
1753617537070,11:58:57.070,gateio,1INCH/USDT:USDT,0.2864,214.0,0.2863,1111.0,0.2868,910.0,0.2869,1726.0
1753617537149,11:58:57.149,gateio,1INCH/USDT:USDT,0.2864,214.0,0.2863,1111.0,0.2868,218.0,0.2869,1726.0
1753617537250,11:58:57.250,gateio,1INCH/USDT:USDT,0.2864,214.0,0.2863,1111.0,0.2868,218.0,0.2869,1726.0
1753617537353,11:58:57.353,gateio,1INCH/USDT:USDT,0.2864,214.0,0.2863,1111.0,0.2867,220.0,0.2868,218.0
1753617537395,11:58:57.395,gateio,1INCH/USDT:USDT,0.2864,214.0,0.2863,1111.0,0.2867,220.0,0.2868,910.0
1753617537539,11:58:57.539,gateio,1INCH/USDT:USDT,0.2864,214.0,0.2863,1111.0,0.2868,218.0,0.2869,1726.0
1753617537590,11:58:57.590,gateio,1INCH/USDT:USDT,0.2864,214.0,0.2863,1111.0,0.2867,220.0,0.2868,910.0
1753617537758,11:58:57.758,gateio,1INCH/USDT:USDT,0.2864,214.0,0.2863,1111.0,0.2867,220.0,0.2868,910.0
1753617537851,11:58:57.851,gateio,1INCH/USDT:USDT,0.2864,214.0,0.2863,1111.0,0.2867,220.0,0.2868,218.0
1753617537971,11:58:57.971,gateio,1INCH/USDT:USDT,0.2864,214.0,0.2863,1111.0,0.2867,220.0,0.2868,218.0
1753617538023,11:58:58.023,gateio,1INCH/USDT:USDT,0.2864,214.0,0.2863,1111.0,0.2867,220.0,0.2868,218.0
1753617538094,11:58:58.094,gateio,1INCH/USDT:USDT,0.2864,214.0,0.2863,1111.0,0.2868,218.0,0.2869,1726.0
1753617540155,11:59:00.155,gateio,1INCH/USDT:USDT,0.2864,214.0,0.2863,1111.0,0.2868,218.0,0.2869,1726.0
1753617540408,11:59:00.408,gateio,1INCH/USDT:USDT,0.2864,214.0,0.2863,1111.0,0.2868,218.0,0.2869,1726.0
1753617540570,11:59:00.570,gateio,1INCH/USDT:USDT,0.2864,214.0,0.2863,1111.0,0.2868,218.0,0.2869,1726.0
1753617540790,11:59:00.790,gateio,1INCH/USDT:USDT,0.2866,220.0,0.2865,692.0,0.2868,218.0,0.2869,1726.0
1753617541394,11:59:01.394,gateio,1INCH/USDT:USDT,0.2866,220.0,0.2865,692.0,0.2868,218.0,0.2869,1726.0
1753617542463,11:59:02.463,gateio,1INCH/USDT:USDT,0.2866,220.0,0.2865,692.0,0.2868,218.0,0.287,907.0
1753617542549,11:59:02.549,gateio,1INCH/USDT:USDT,0.2866,220.0,0.2865,692.0,0.2868,218.0,0.287,907.0
1753617542652,11:59:02.652,gateio,1INCH/USDT:USDT,0.2866,220.0,0.2865,692.0,0.2868,218.0,0.287,907.0
1753617542945,11:59:02.945,gateio,1INCH/USDT:USDT,0.2866,220.0,0.2865,692.0,0.2868,218.0,0.2869,1726.0
1753617546193,11:59:06.193,gateio,1INCH/USDT:USDT,0.2866,220.0,0.2865,692.0,0.2868,218.0,0.2869,1726.0
1753617546647,11:59:06.647,gateio,1INCH/USDT:USDT,0.2866,220.0,0.2865,692.0,0.2868,218.0,0.2869,1726.0
1753617546867,11:59:06.867,gateio,1INCH/USDT:USDT,0.2866,220.0,0.2865,692.0,0.2868,218.0,0.2869,1726.0
1753617549472,11:59:09.472,gateio,1INCH/USDT:USDT,0.2866,220.0,0.2865,692.0,0.287,907.0,0.2871,44213.0
1753617549557,11:59:09.557,gateio,1INCH/USDT:USDT,0.2866,220.0,0.2865,692.0,0.2869,143.0,0.287,215.0
1753617549630,11:59:09.630,gateio,1INCH/USDT:USDT,0.2866,220.0,0.2865,692.0,0.2869,211.0,0.287,907.0
1753617549762,11:59:09.762,gateio,1INCH/USDT:USDT,0.2866,220.0,0.2865,692.0,0.2869,211.0,0.287,907.0
1753617549813,11:59:09.813,gateio,1INCH/USDT:USDT,0.2866,220.0,0.2865,692.0,0.2869,211.0,0.287,907.0
1753617550353,11:59:10.353,gateio,1INCH/USDT:USDT,0.2866,220.0,0.2865,692.0,0.2869,211.0,0.287,907.0
1753617552594,11:59:12.594,gateio,1INCH/USDT:USDT,0.2866,220.0,0.2865,692.0,0.2869,211.0,0.287,907.0
1753617552708,11:59:12.708,gateio,1INCH/USDT:USDT,0.2866,220.0,0.2865,692.0,0.2869,211.0,0.287,907.0
1753617553349,11:59:13.349,gateio,1INCH/USDT:USDT,0.2866,220.0,0.2865,692.0,0.287,215.0,0.2871,10724.0
1753617553466,11:59:13.466,gateio,1INCH/USDT:USDT,0.2867,692.0,0.2866,220.0,0.287,215.0,0.2871,1945.0
1753617553530,11:59:13.530,gateio,1INCH/USDT:USDT,0.2868,220.0,0.2867,692.0,0.287,215.0,0.2871,1945.0
1753617558169,11:59:18.169,gateio,1INCH/USDT:USDT,0.2868,220.0,0.2867,692.0,0.287,215.0,0.2871,1945.0
1753617558250,11:59:18.250,gateio,1INCH/USDT:USDT,0.2868,220.0,0.2867,692.0,0.287,215.0,0.2871,1945.0
1753617558375,11:59:18.375,gateio,1INCH/USDT:USDT,0.2868,220.0,0.2867,692.0,0.287,215.0,0.2871,1945.0
1753617559889,11:59:19.889,gateio,1INCH/USDT:USDT,0.2868,220.0,0.2867,692.0,0.287,215.0,0.2871,1945.0
1753617562995,11:59:22.995,gateio,1INCH/USDT:USDT,0.2868,220.0,0.2867,692.0,0.287,215.0,0.2871,1945.0
1753617567795,11:59:27.795,gateio,1INCH/USDT:USDT,0.2868,220.0,0.2867,692.0,0.287,215.0,0.2871,1945.0
1753617572594,11:59:32.594,gateio,1INCH/USDT:USDT,0.2868,220.0,0.2867,692.0,0.287,215.0,0.2871,1945.0
1753617573118,11:59:33.118,gateio,1INCH/USDT:USDT,0.2868,220.0,0.2867,692.0,0.2871,219.0,0.2872,909.0
1753617573216,11:59:33.216,gateio,1INCH/USDT:USDT,0.2868,220.0,0.2867,692.0,0.2871,219.0,0.2872,909.0
1753617573288,11:59:33.288,gateio,1INCH/USDT:USDT,0.2868,220.0,0.2867,692.0,0.2871,219.0,0.2872,909.0
1753617574466,11:59:34.466,gateio,1INCH/USDT:USDT,0.2868,220.0,0.2867,692.0,0.2871,219.0,0.2872,909.0
1753617574509,11:59:34.509,gateio,1INCH/USDT:USDT,0.2868,220.0,0.2867,692.0,0.2871,219.0,0.2872,909.0
1753617575162,11:59:35.162,gateio,1INCH/USDT:USDT,0.2866,220.0,0.2865,692.0,0.2869,220.0,0.287,220.0
1753617575225,11:59:35.225,gateio,1INCH/USDT:USDT,0.2866,220.0,0.2865,692.0,0.2869,220.0,0.287,220.0
1753617575335,11:59:35.335,gateio,1INCH/USDT:USDT,0.2867,692.0,0.2866,220.0,0.287,220.0,0.2871,1945.0
1753617575520,11:59:35.520,gateio,1INCH/USDT:USDT,0.2866,220.0,0.2865,692.0,0.287,220.0,0.2871,1945.0
1753617575625,11:59:35.625,gateio,1INCH/USDT:USDT,0.2867,692.0,0.2866,220.0,0.287,220.0,0.2871,1945.0
1753617575751,11:59:35.751,gateio,1INCH/USDT:USDT,0.2867,692.0,0.2866,220.0,0.287,220.0,0.2871,1945.0
1753617577130,11:59:37.130,gateio,1INCH/USDT:USDT,0.2866,220.0,0.2865,692.0,0.287,220.0,0.2871,1945.0
1753617577373,11:59:37.373,gateio,1INCH/USDT:USDT,0.2866,220.0,0.2865,692.0,0.287,220.0,0.2871,1945.0
1753617577398,11:59:37.398,gateio,1INCH/USDT:USDT,0.2867,692.0,0.2866,220.0,0.287,220.0,0.2871,1945.0
1753617577863,11:59:37.863,gateio,1INCH/USDT:USDT,0.2866,220.0,0.2865,692.0,0.287,220.0,0.2871,1945.0
1753617577935,11:59:37.935,gateio,1INCH/USDT:USDT,0.2866,220.0,0.2865,692.0,0.287,220.0,0.2871,1945.0
1753617578139,11:59:38.139,gateio,1INCH/USDT:USDT,0.2866,220.0,0.2865,692.0,0.2869,2401.0,0.287,912.0
1753617578254,11:59:38.254,gateio,1INCH/USDT:USDT,0.2866,220.0,0.2865,692.0,0.2869,220.0,0.287,220.0
1753617578339,11:59:38.339,gateio,1INCH/USDT:USDT,0.2866,220.0,0.2865,692.0,0.2869,115.0,0.287,220.0
1753617578444,11:59:38.444,gateio,1INCH/USDT:USDT,0.2866,220.0,0.2865,692.0,0.2869,115.0,0.287,220.0
1753617578626,11:59:38.626,gateio,1INCH/USDT:USDT,0.2866,220.0,0.2865,692.0,0.2869,115.0,0.287,220.0
1753617578794,11:59:38.794,gateio,1INCH/USDT:USDT,0.2866,220.0,0.2865,692.0,0.2869,115.0,0.287,220.0
1753617580823,11:59:40.823,gateio,1INCH/USDT:USDT,0.2866,220.0,0.2865,692.0,0.2869,115.0,0.287,220.0
1753617580976,11:59:40.976,gateio,1INCH/USDT:USDT,0.2866,220.0,0.2865,692.0,0.2869,115.0,0.287,220.0
1753617581047,11:59:41.047,gateio,1INCH/USDT:USDT,0.2866,220.0,0.2865,692.0,0.2869,115.0,0.287,220.0
1753617581134,11:59:41.134,gateio,1INCH/USDT:USDT,0.2866,220.0,0.2865,692.0,0.2869,115.0,0.287,220.0
1753617581280,11:59:41.280,gateio,1INCH/USDT:USDT,0.2866,220.0,0.2865,692.0,0.2869,115.0,0.287,220.0
1753617581444,11:59:41.444,gateio,1INCH/USDT:USDT,0.2866,220.0,0.2865,692.0,0.2869,115.0,0.287,220.0
1753617581584,11:59:41.584,gateio,1INCH/USDT:USDT,0.2866,220.0,0.2865,692.0,0.2869,335.0,0.287,220.0
1753617582195,11:59:42.195,gateio,1INCH/USDT:USDT,0.2866,220.0,0.2865,692.0,0.2869,335.0,0.287,220.0
1753617585908,11:59:45.908,gateio,1INCH/USDT:USDT,0.2866,220.0,0.2865,692.0,0.2869,335.0,0.287,220.0
1753617585989,11:59:45.989,gateio,1INCH/USDT:USDT,0.2866,220.0,0.2865,692.0,0.2869,335.0,0.287,220.0
1753617586995,11:59:46.995,gateio,1INCH/USDT:USDT,0.2866,220.0,0.2865,692.0,0.2869,335.0,0.287,220.0
1753617589774,11:59:49.774,gateio,1INCH/USDT:USDT,0.2866,220.0,0.2865,692.0,0.287,220.0,0.2871,1945.0
1753617589856,11:59:49.856,gateio,1INCH/USDT:USDT,0.2868,220.0,0.2867,692.0,0.287,220.0,0.2871,1945.0
1753617589959,11:59:49.959,gateio,1INCH/USDT:USDT,0.2868,220.0,0.2867,692.0,0.2871,219.0,0.2872,909.0
1753617589978,11:59:49.978,gateio,1INCH/USDT:USDT,0.2868,220.0,0.2867,692.0,0.2871,219.0,0.2872,909.0
1753617590151,11:59:50.151,gateio,1INCH/USDT:USDT,0.2868,220.0,0.2867,692.0,0.287,220.0,0.2871,1945.0
1753617590339,11:59:50.339,gateio,1INCH/USDT:USDT,0.2868,220.0,0.2867,692.0,0.287,220.0,0.2871,1945.0
1753617591795,11:59:51.795,gateio,1INCH/USDT:USDT,0.2868,220.0,0.2867,692.0,0.287,220.0,0.2871,1945.0
1753617591937,11:59:51.937,gateio,1INCH/USDT:USDT,0.2868,220.0,0.2867,692.0,0.287,220.0,0.2871,1945.0
1753617592614,11:59:52.614,gateio,1INCH/USDT:USDT,0.2866,220.0,0.2865,692.0,0.287,220.0,0.2871,1945.0
1753617592756,11:59:52.756,gateio,1INCH/USDT:USDT,0.2866,220.0,0.2865,692.0,0.287,220.0,0.2871,1945.0
1753617592821,11:59:52.821,gateio,1INCH/USDT:USDT,0.2866,220.0,0.2865,692.0,0.287,220.0,0.2871,1945.0
1753617593174,11:59:53.174,gateio,1INCH/USDT:USDT,0.2866,220.0,0.2865,692.0,0.287,220.0,0.2871,1945.0
1753617596609,11:59:56.609,gateio,1INCH/USDT:USDT,0.2866,220.0,0.2865,692.0,0.287,220.0,0.2871,1945.0
1753617596687,11:59:56.687,gateio,1INCH/USDT:USDT,0.2866,220.0,0.2865,692.0,0.287,220.0,0.2871,1945.0
1753617599469,11:59:59.469,gateio,1INCH/USDT:USDT,0.2866,220.0,0.2865,692.0,0.2868,220.0,0.2869,1473.0
1753617599549,11:59:59.549,gateio,1INCH/USDT:USDT,0.2866,220.0,0.2865,692.0,0.2868,220.0,0.287,912.0
1753617599618,11:59:59.618,gateio,1INCH/USDT:USDT,0.2866,220.0,0.2865,692.0,0.2868,220.0,0.287,912.0
1753617600519,12:00:00.519,gateio,1INCH/USDT:USDT,0.2866,220.0,0.2864,214.0,0.2868,220.0,0.287,912.0
1753617600656,12:00:00.656,gateio,1INCH/USDT:USDT,0.2866,220.0,0.2865,692.0,0.2868,220.0,0.2869,1726.0
1753617600838,12:00:00.838,gateio,1INCH/USDT:USDT,0.2866,220.0,0.2865,692.0,0.2868,220.0,0.2869,1726.0
1753617601456,12:00:01.456,gateio,1INCH/USDT:USDT,0.2866,220.0,0.2865,692.0,0.2868,220.0,0.287,912.0
1753617602631,12:00:02.631,gateio,1INCH/USDT:USDT,0.2866,220.0,0.2865,692.0,0.2869,215.0,0.287,912.0
1753617602849,12:00:02.849,gateio,1INCH/USDT:USDT,0.2866,220.0,0.2865,692.0,0.2868,215.0,0.2869,1941.0
1753617602894,12:00:02.894,gateio,1INCH/USDT:USDT,0.2866,220.0,0.2865,692.0,0.2868,215.0,0.2869,1941.0
1753617603199,12:00:03.199,gateio,1INCH/USDT:USDT,0.2866,220.0,0.2865,692.0,0.2869,215.0,0.287,912.0
1753617603844,12:00:03.844,gateio,1INCH/USDT:USDT,0.2866,220.0,0.2865,692.0,0.287,220.0,0.2871,1945.0
1753617604029,12:00:04.029,gateio,1INCH/USDT:USDT,0.2866,220.0,0.2865,692.0,0.2869,547.0,0.287,220.0
1753617604129,12:00:04.129,gateio,1INCH/USDT:USDT,0.2866,220.0,0.2865,692.0,0.2868,215.0,0.287,220.0
1753617604226,12:00:04.226,gateio,1INCH/USDT:USDT,0.2866,220.0,0.2865,692.0,0.2868,215.0,0.287,912.0
1753617604343,12:00:04.343,gateio,1INCH/USDT:USDT,0.2866,220.0,0.2865,692.0,0.2869,215.0,0.287,912.0
1753617604439,12:00:04.439,gateio,1INCH/USDT:USDT,0.2866,220.0,0.2865,692.0,0.2869,1136.0,0.287,912.0
1753617604544,12:00:04.544,gateio,1INCH/USDT:USDT,0.2866,220.0,0.2865,692.0,0.2869,215.0,0.287,912.0
1753617605441,12:00:05.441,gateio,1INCH/USDT:USDT,0.2866,220.0,0.2865,692.0,0.2869,215.0,0.287,912.0
1753617605661,12:00:05.661,gateio,1INCH/USDT:USDT,0.2868,215.0,0.2867,692.0,0.287,220.0,0.2871,219.0
1753617605766,12:00:05.766,gateio,1INCH/USDT:USDT,0.2868,215.0,0.2867,692.0,0.2871,219.0,0.2872,909.0
1753617605863,12:00:05.863,gateio,1INCH/USDT:USDT,0.2866,220.0,0.2865,9443.0,0.2871,1945.0,0.2872,909.0
1753617605879,12:00:05.879,gateio,1INCH/USDT:USDT,0.2866,220.0,0.2865,9443.0,0.287,215.0,0.2871,1945.0
1753617606039,12:00:06.039,gateio,1INCH/USDT:USDT,0.2867,693.0,0.2866,220.0,0.287,215.0,0.2871,1945.0
1753617606135,12:00:06.135,gateio,1INCH/USDT:USDT,0.2867,692.0,0.2866,220.0,0.287,215.0,0.2871,1945.0
1753617606198,12:00:06.198,gateio,1INCH/USDT:USDT,0.2868,215.0,0.2867,692.0,0.287,215.0,0.2871,1945.0
1753617606629,12:00:06.629,gateio,1INCH/USDT:USDT,0.2868,215.0,0.2867,692.0,0.287,215.0,0.2871,1945.0
1753617606859,12:00:06.859,gateio,1INCH/USDT:USDT,0.2868,215.0,0.2867,692.0,0.287,215.0,0.2871,1945.0
1753617607042,12:00:07.042,gateio,1INCH/USDT:USDT,0.2868,215.0,0.2867,692.0,0.287,215.0,0.2871,1945.0
1753617608371,12:00:08.371,gateio,1INCH/USDT:USDT,0.2866,220.0,0.2865,9443.0,0.287,215.0,0.2871,1945.0
1753617608678,12:00:08.678,gateio,1INCH/USDT:USDT,0.2866,220.0,0.2865,9443.0,0.287,215.0,0.2871,1945.0
1753617609138,12:00:09.138,gateio,1INCH/USDT:USDT,0.2867,215.0,0.2866,221.0,0.287,215.0,0.2871,1945.0
1753617609235,12:00:09.235,gateio,1INCH/USDT:USDT,0.2867,215.0,0.2866,220.0,0.287,215.0,0.2871,1945.0
1753617609290,12:00:09.290,gateio,1INCH/USDT:USDT,0.2866,220.0,0.2865,9443.0,0.287,215.0,0.2871,1945.0
1753617609437,12:00:09.437,gateio,1INCH/USDT:USDT,0.2867,215.0,0.2866,221.0,0.287,215.0,0.2871,1945.0
1753617609535,12:00:09.535,gateio,1INCH/USDT:USDT,0.2867,215.0,0.2866,220.0,0.287,215.0,0.2871,1945.0
1753617609590,12:00:09.590,gateio,1INCH/USDT:USDT,0.2866,220.0,0.2865,9443.0,0.287,215.0,0.2871,1945.0
1753617609896,12:00:09.896,gateio,1INCH/USDT:USDT,0.2866,220.0,0.2865,9443.0,0.287,215.0,0.2871,1945.0
1753617610177,12:00:10.177,gateio,1INCH/USDT:USDT,0.2867,692.0,0.2866,220.0,0.287,215.0,0.2871,1945.0
1753617610311,12:00:10.311,gateio,1INCH/USDT:USDT,0.2867,692.0,0.2866,220.0,0.287,215.0,0.2871,1945.0
1753617610435,12:00:10.435,gateio,1INCH/USDT:USDT,0.2867,692.0,0.2866,220.0,0.287,215.0,0.2871,1945.0
1753617610997,12:00:10.997,gateio,1INCH/USDT:USDT,0.2866,220.0,0.2865,9443.0,0.287,215.0,0.2871,1945.0
1753617611248,12:00:11.248,gateio,1INCH/USDT:USDT,0.2867,692.0,0.2866,220.0,0.287,215.0,0.2871,1945.0
1753617611346,12:00:11.346,gateio,1INCH/USDT:USDT,0.2866,220.0,0.2865,9443.0,0.287,215.0,0.2871,1945.0
1753617612416,12:00:12.416,gateio,1INCH/USDT:USDT,0.2866,220.0,0.2865,9443.0,0.287,215.0,0.2871,1945.0
1753617615835,12:00:15.835,gateio,1INCH/USDT:USDT,0.2866,220.0,0.2865,9443.0,0.287,215.0,0.2871,1945.0
1753617616533,12:00:16.533,gateio,1INCH/USDT:USDT,0.2866,220.0,0.2865,9443.0,0.2869,211.0,0.287,907.0
1753617616668,12:00:16.668,gateio,1INCH/USDT:USDT,0.2866,220.0,0.2865,692.0,0.2869,211.0,0.287,907.0
1753617616757,12:00:16.757,gateio,1INCH/USDT:USDT,0.2866,220.0,0.2865,692.0,0.2869,211.0,0.287,907.0
1753617618599,12:00:18.599,gateio,1INCH/USDT:USDT,0.2866,220.0,0.2865,692.0,0.2869,211.0,0.287,907.0
1753617618789,12:00:18.789,gateio,1INCH/USDT:USDT,0.2866,220.0,0.2865,692.0,0.2869,211.0,0.287,907.0
1753617620192,12:00:20.192,gateio,1INCH/USDT:USDT,0.2866,220.0,0.2865,692.0,0.2869,211.0,0.287,907.0
1753617620413,12:00:20.413,gateio,1INCH/USDT:USDT,0.2866,220.0,0.2865,692.0,0.2869,211.0,0.287,907.0
1753617620765,12:00:20.765,gateio,1INCH/USDT:USDT,0.2864,214.0,0.2863,1111.0,0.2867,211.0,0.2869,1937.0
1753617620837,12:00:20.837,gateio,1INCH/USDT:USDT,0.2865,692.0,0.2864,214.0,0.2867,211.0,0.2869,1937.0
1753617621395,12:00:21.395,gateio,1INCH/USDT:USDT,0.2865,692.0,0.2864,214.0,0.2867,211.0,0.2869,1937.0
1753617621657,12:00:21.657,gateio,1INCH/USDT:USDT,0.2865,692.0,0.2864,214.0,0.2867,211.0,0.2869,1937.0
1753617622370,12:00:22.370,gateio,1INCH/USDT:USDT,0.2865,692.0,0.2864,214.0,0.2867,211.0,0.2869,1937.0
1753617624734,12:00:24.734,gateio,1INCH/USDT:USDT,0.2865,692.0,0.2864,214.0,0.2867,211.0,0.2869,1937.0
1753617624911,12:00:24.911,gateio,1INCH/USDT:USDT,0.2865,692.0,0.2864,214.0,0.2867,211.0,0.2869,1937.0
1753617625560,12:00:25.560,gateio,1INCH/USDT:USDT,0.2864,214.0,0.2863,1111.0,0.2867,211.0,0.2869,1937.0
1753617625625,12:00:25.625,gateio,1INCH/USDT:USDT,0.2864,214.0,0.2863,1111.0,0.2867,211.0,0.2869,1937.0
1753617625688,12:00:25.688,gateio,1INCH/USDT:USDT,0.2864,214.0,0.2863,1111.0,0.2867,211.0,0.2869,1937.0
1753617626196,12:00:26.196,gateio,1INCH/USDT:USDT,0.2864,214.0,0.2863,1111.0,0.2867,211.0,0.2869,1937.0
1753617626770,12:00:26.770,gateio,1INCH/USDT:USDT,0.2864,214.0,0.2863,1111.0,0.2867,211.0,0.2869,1937.0
1753617627236,12:00:27.236,gateio,1INCH/USDT:USDT,0.2864,214.0,0.2863,1111.0,0.2868,212.0,0.2869,1937.0
1753617627833,12:00:27.833,gateio,1INCH/USDT:USDT,0.2864,214.0,0.2863,1111.0,0.2867,212.0,0.2868,1278.0
1753617628112,12:00:28.112,gateio,1INCH/USDT:USDT,0.2864,214.0,0.2863,1111.0,0.2867,212.0,0.2868,1278.0
1753617628629,12:00:28.629,gateio,1INCH/USDT:USDT,0.2866,212.0,0.2865,692.0,0.2868,212.0,0.2869,1937.0
1753617628819,12:00:28.819,gateio,1INCH/USDT:USDT,0.2865,692.0,0.2864,214.0,0.2868,212.0,0.2869,1937.0
1753617628950,12:00:28.950,gateio,1INCH/USDT:USDT,0.2864,214.0,0.2863,1111.0,0.2868,212.0,0.2869,1937.0
1753617629328,12:00:29.328,gateio,1INCH/USDT:USDT,0.2864,214.0,0.2863,1111.0,0.2868,212.0,0.2869,1937.0
1753617630996,12:00:30.996,gateio,1INCH/USDT:USDT,0.2864,214.0,0.2863,1111.0,0.2868,212.0,0.2869,1937.0
1753617631250,12:00:31.250,gateio,1INCH/USDT:USDT,0.2864,214.0,0.2863,1111.0,0.2868,212.0,0.2869,1937.0
1753617631357,12:00:31.357,gateio,1INCH/USDT:USDT,0.2864,214.0,0.2863,1111.0,0.2868,212.0,0.2869,1937.0
1753617635796,12:00:35.796,gateio,1INCH/USDT:USDT,0.2864,214.0,0.2863,1111.0,0.2868,212.0,0.2869,1937.0
1753617640609,12:00:40.609,gateio,1INCH/USDT:USDT,0.2864,214.0,0.2863,1111.0,0.2868,212.0,0.2869,1937.0
1753617641174,12:00:41.174,gateio,1INCH/USDT:USDT,0.2864,214.0,0.2863,1111.0,0.2867,220.0,0.2868,904.0
1753617641420,12:00:41.420,gateio,1INCH/USDT:USDT,0.2864,214.0,0.2863,1111.0,0.2867,220.0,0.2868,904.0
1753617642212,12:00:42.212,gateio,1INCH/USDT:USDT,0.2864,214.0,0.2863,1111.0,0.2867,220.0,0.2868,904.0
1753617642639,12:00:42.639,gateio,1INCH/USDT:USDT,0.2864,214.0,0.2863,1111.0,0.2867,220.0,0.2868,904.0
1753617642850,12:00:42.850,gateio,1INCH/USDT:USDT,0.2864,214.0,0.2863,419.0,0.2866,2118.0,0.2867,1946.0
1753617642950,12:00:42.950,gateio,1INCH/USDT:USDT,0.2864,214.0,0.2863,419.0,0.2866,2118.0,0.2867,1946.0
1753617643053,12:00:43.053,gateio,1INCH/USDT:USDT,0.2864,214.0,0.2863,419.0,0.2866,2118.0,0.2867,1946.0
1753617643138,12:00:43.138,gateio,1INCH/USDT:USDT,0.2863,419.0,0.2862,213.0,0.2865,212.0,0.2867,1946.0
1753617643261,12:00:43.261,gateio,1INCH/USDT:USDT,0.2863,419.0,0.2862,213.0,0.2865,212.0,0.2867,1946.0
1753617643471,12:00:43.471,gateio,1INCH/USDT:USDT,0.2863,419.0,0.2862,213.0,0.2865,212.0,0.2867,1946.0
1753617643548,12:00:43.548,gateio,1INCH/USDT:USDT,0.2863,419.0,0.2862,213.0,0.2865,212.0,0.2867,1946.0
1753617644165,12:00:44.165,gateio,1INCH/USDT:USDT,0.2863,419.0,0.2862,213.0,0.2865,212.0,0.2867,1946.0
1753617645396,12:00:45.396,gateio,1INCH/USDT:USDT,0.2863,419.0,0.2862,213.0,0.2865,212.0,0.2867,1946.0
1753617647419,12:00:47.419,gateio,1INCH/USDT:USDT,0.2863,419.0,0.2862,213.0,0.2865,212.0,0.2867,1946.0
1753617648861,12:00:48.861,gateio,1INCH/USDT:USDT,0.2863,419.0,0.2862,213.0,0.2865,212.0,0.2867,1946.0
1753617648884,12:00:48.884,gateio,1INCH/USDT:USDT,0.2863,419.0,0.2862,213.0,0.2865,212.0,0.2867,1946.0
1753617649182,12:00:49.182,gateio,1INCH/USDT:USDT,0.2863,419.0,0.2862,213.0,0.2865,212.0,0.2867,1946.0
1753617649734,12:00:49.734,gateio,1INCH/USDT:USDT,0.2863,419.0,0.2862,213.0,0.2865,212.0,0.2867,1946.0
1753617650247,12:00:50.247,gateio,1INCH/USDT:USDT,0.2863,419.0,0.2862,213.0,0.2865,212.0,0.2867,1946.0
1753617650670,12:00:50.670,gateio,1INCH/USDT:USDT,0.2863,419.0,0.2862,213.0,0.2865,212.0,0.2867,1946.0
1753617650677,12:00:50.677,gateio,1INCH/USDT:USDT,0.2863,419.0,0.2862,213.0,0.2865,212.0,0.2867,1946.0
1753617650927,12:00:50.927,gateio,1INCH/USDT:USDT,0.2863,419.0,0.2862,213.0,0.2865,212.0,0.2867,1946.0
1753617651207,12:00:51.207,gateio,1INCH/USDT:USDT,0.2863,419.0,0.2862,213.0,0.2865,212.0,0.2866,692.0
1753617651515,12:00:51.515,gateio,1INCH/USDT:USDT,0.2863,200.0,0.2862,213.0,0.2865,212.0,0.2866,692.0
1753617651685,12:00:51.685,gateio,1INCH/USDT:USDT,0.2863,200.0,0.2862,213.0,0.2865,212.0,0.2867,1946.0
1753617652801,12:00:52.801,gateio,1INCH/USDT:USDT,0.2863,200.0,0.2862,213.0,0.2865,212.0,0.2866,692.0
1753617654719,12:00:54.719,gateio,1INCH/USDT:USDT,0.2863,200.0,0.2862,213.0,0.2865,212.0,0.2866,692.0
1753617654868,12:00:54.868,gateio,1INCH/USDT:USDT,0.2863,200.0,0.2862,213.0,0.2865,212.0,0.2867,1946.0
1753617655024,12:00:55.024,gateio,1INCH/USDT:USDT,0.2863,200.0,0.2862,213.0,0.2865,212.0,0.2867,1946.0
1753617655177,12:00:55.177,gateio,1INCH/USDT:USDT,0.2863,200.0,0.2862,213.0,0.2865,212.0,0.2867,1946.0
1753617655330,12:00:55.330,gateio,1INCH/USDT:USDT,0.2863,412.0,0.2862,213.0,0.2865,212.0,0.2867,1946.0
1753617655997,12:00:55.997,gateio,1INCH/USDT:USDT,0.2863,412.0,0.2862,213.0,0.2865,212.0,0.2867,1946.0
1753617656305,12:00:56.305,gateio,1INCH/USDT:USDT,0.2863,412.0,0.2862,213.0,0.2865,212.0,0.2867,1946.0
1753617660250,12:01:00.250,gateio,1INCH/USDT:USDT,0.2862,213.0,0.2861,904.0,0.2865,212.0,0.2866,692.0
1753617660352,12:01:00.352,gateio,1INCH/USDT:USDT,0.2862,213.0,0.2861,904.0,0.2865,212.0,0.2866,692.0
1753617660458,12:01:00.458,gateio,1INCH/USDT:USDT,0.2862,213.0,0.2861,904.0,0.2865,212.0,0.2866,692.0
1753617660552,12:01:00.552,gateio,1INCH/USDT:USDT,0.2862,213.0,0.2861,904.0,0.2865,212.0,0.2867,1946.0
1753617660618,12:01:00.618,gateio,1INCH/USDT:USDT,0.2862,213.0,0.2861,904.0,0.2865,212.0,0.2866,692.0
1753617660738,12:01:00.738,gateio,1INCH/USDT:USDT,0.2862,213.0,0.2861,904.0,0.2865,212.0,0.2866,692.0
1753617662744,12:01:02.744,gateio,1INCH/USDT:USDT,0.2862,213.0,0.2861,904.0,0.2865,212.0,0.2866,692.0
1753617662796,12:01:02.796,gateio,1INCH/USDT:USDT,0.2862,213.0,0.2861,904.0,0.2865,212.0,0.2866,692.0
1753617663798,12:01:03.798,gateio,1INCH/USDT:USDT,0.2862,213.0,0.2861,904.0,0.2865,212.0,0.2866,692.0
1753617664961,12:01:04.961,gateio,1INCH/USDT:USDT,0.2862,213.0,0.2861,904.0,0.2865,212.0,0.2866,692.0
1753617665274,12:01:05.274,gateio,1INCH/USDT:USDT,0.2862,213.0,0.2861,904.0,0.2865,212.0,0.2866,692.0
1753617665918,12:01:05.918,gateio,1INCH/USDT:USDT,0.2862,213.0,0.2861,904.0,0.2865,212.0,0.2866,692.0
1753617666107,12:01:06.107,gateio,1INCH/USDT:USDT,0.2862,213.0,0.2861,904.0,0.2865,212.0,0.2866,692.0
1753617666523,12:01:06.523,gateio,1INCH/USDT:USDT,0.2862,213.0,0.2861,904.0,0.2865,212.0,0.2866,692.0
1753617667599,12:01:07.599,gateio,1INCH/USDT:USDT,0.2862,213.0,0.2861,904.0,0.2865,212.0,0.2866,692.0
1753617672411,12:01:12.411,gateio,1INCH/USDT:USDT,0.2862,213.0,0.2861,904.0,0.2865,212.0,0.2866,692.0
1753617674579,12:01:14.579,gateio,1INCH/USDT:USDT,0.2862,213.0,0.2861,904.0,0.2865,212.0,0.2866,692.0
1753617676940,12:01:16.940,gateio,1INCH/USDT:USDT,0.2862,213.0,0.2861,904.0,0.2865,212.0,0.2866,692.0
1753617677197,12:01:17.197,gateio,1INCH/USDT:USDT,0.2862,213.0,0.2861,904.0,0.2865,212.0,0.2866,692.0
1753617677956,12:01:17.956,gateio,1INCH/USDT:USDT,0.2861,904.0,0.286,213.0,0.2865,212.0,0.2866,692.0
1753617678005,12:01:18.005,gateio,1INCH/USDT:USDT,0.2861,904.0,0.286,213.0,0.2865,212.0,0.2866,692.0
1753617678168,12:01:18.168,gateio,1INCH/USDT:USDT,0.286,905.0,0.2859,2038.0,0.2865,212.0,0.2866,692.0
1753617678178,12:01:18.178,gateio,1INCH/USDT:USDT,0.2861,218.0,0.286,905.0,0.2865,212.0,0.2866,692.0
1753617678473,12:01:18.473,gateio,1INCH/USDT:USDT,0.286,905.0,0.2859,219.0,0.2863,218.0,0.2864,692.0
1753617678550,12:01:18.550,gateio,1INCH/USDT:USDT,0.2859,219.0,0.2858,11496.0,0.2863,218.0,0.2864,692.0
1753617678650,12:01:18.650,gateio,1INCH/USDT:USDT,0.286,218.0,0.2859,220.0,0.2863,218.0,0.2864,692.0
1753617678736,12:01:18.736,gateio,1INCH/USDT:USDT,0.286,218.0,0.2859,219.0,0.2863,218.0,0.2864,692.0
1753617678838,12:01:18.838,gateio,1INCH/USDT:USDT,0.2859,219.0,0.2858,9676.0,0.2863,218.0,0.2864,692.0
1753617678939,12:01:18.939,gateio,1INCH/USDT:USDT,0.286,218.0,0.2859,220.0,0.2863,218.0,0.2864,692.0
1753617679037,12:01:19.037,gateio,1INCH/USDT:USDT,0.286,218.0,0.2859,219.0,0.2863,218.0,0.2864,692.0
1753617679101,12:01:19.101,gateio,1INCH/USDT:USDT,0.2859,219.0,0.2858,9676.0,0.2863,218.0,0.2864,692.0
1753617679337,12:01:19.337,gateio,1INCH/USDT:USDT,0.286,218.0,0.2859,220.0,0.2863,218.0,0.2864,692.0
1753617679446,12:01:19.446,gateio,1INCH/USDT:USDT,0.286,218.0,0.2859,219.0,0.2863,218.0,0.2864,692.0
1753617679492,12:01:19.492,gateio,1INCH/USDT:USDT,0.2859,219.0,0.2858,9676.0,0.2863,218.0,0.2864,692.0
1753617679640,12:01:19.640,gateio,1INCH/USDT:USDT,0.286,218.0,0.2859,220.0,0.2863,218.0,0.2864,692.0
1753617679737,12:01:19.737,gateio,1INCH/USDT:USDT,0.286,218.0,0.2859,219.0,0.2863,218.0,0.2864,692.0
1753617679863,12:01:19.863,gateio,1INCH/USDT:USDT,0.2859,219.0,0.2858,9676.0,0.2863,218.0,0.2864,692.0
1753617679938,12:01:19.938,gateio,1INCH/USDT:USDT,0.286,218.0,0.2859,220.0,0.2863,218.0,0.2864,692.0
1753617680036,12:01:20.036,gateio,1INCH/USDT:USDT,0.286,218.0,0.2859,219.0,0.2863,218.0,0.2864,692.0
1753617680090,12:01:20.090,gateio,1INCH/USDT:USDT,0.2859,219.0,0.2858,9676.0,0.2863,218.0,0.2864,692.0
1753617680252,12:01:20.252,gateio,1INCH/USDT:USDT,0.286,218.0,0.2859,420.0,0.2863,218.0,0.2864,692.0
1753617680336,12:01:20.336,gateio,1INCH/USDT:USDT,0.286,218.0,0.2859,419.0,0.2863,218.0,0.2864,692.0
1753617681999,12:01:21.999,gateio,1INCH/USDT:USDT,0.286,218.0,0.2859,419.0,0.2863,218.0,0.2864,692.0
1753617682310,12:01:22.310,gateio,1INCH/USDT:USDT,0.286,218.0,0.2859,419.0,0.2863,218.0,0.2864,692.0
1753617683857,12:01:23.857,gateio,1INCH/USDT:USDT,0.286,218.0,0.2859,419.0,0.2863,218.0,0.2864,692.0
1753617683991,12:01:23.991,gateio,1INCH/USDT:USDT,0.286,218.0,0.2859,419.0,0.2863,218.0,0.2864,692.0
1753617684370,12:01:24.370,gateio,1INCH/USDT:USDT,0.286,218.0,0.2859,419.0,0.2863,218.0,0.2864,692.0
1753617684953,12:01:24.953,gateio,1INCH/USDT:USDT,0.286,218.0,0.2859,419.0,0.2863,218.0,0.2864,692.0
1753617685328,12:01:25.328,gateio,1INCH/USDT:USDT,0.2861,217.0,0.286,910.0,0.2864,649.0,0.2865,212.0
1753617685470,12:01:25.470,gateio,1INCH/USDT:USDT,0.2861,217.0,0.286,910.0,0.2865,212.0,0.2866,692.0
1753617685538,12:01:25.538,gateio,1INCH/USDT:USDT,0.2861,217.0,0.286,910.0,0.2865,212.0,0.2866,692.0
1753617685740,12:01:25.740,gateio,1INCH/USDT:USDT,0.2861,217.0,0.286,910.0,0.2864,217.0,0.2865,1938.0
1753617685953,12:01:25.953,gateio,1INCH/USDT:USDT,0.2861,217.0,0.286,910.0,0.2864,217.0,0.2865,1938.0
1753617686797,12:01:26.797,gateio,1INCH/USDT:USDT,0.2861,217.0,0.286,910.0,0.2864,217.0,0.2865,1938.0
1753617687174,12:01:27.174,gateio,1INCH/USDT:USDT,0.2861,217.0,0.286,910.0,0.2864,217.0,0.2865,1938.0
1753617687568,12:01:27.568,gateio,1INCH/USDT:USDT,0.2861,217.0,0.286,910.0,0.2864,217.0,0.2865,212.0
1753617687635,12:01:27.635,gateio,1INCH/USDT:USDT,0.2861,217.0,0.286,910.0,0.2865,212.0,0.2866,692.0
1753617687995,12:01:27.995,gateio,1INCH/USDT:USDT,0.2861,217.0,0.286,910.0,0.2865,212.0,0.2866,692.0
1753617688337,12:01:28.337,gateio,1INCH/USDT:USDT,0.2862,217.0,0.2861,218.0,0.2865,212.0,0.2866,692.0
1753617688434,12:01:28.434,gateio,1INCH/USDT:USDT,0.2862,217.0,0.2861,217.0,0.2865,212.0,0.2866,692.0
1753617688490,12:01:28.490,gateio,1INCH/USDT:USDT,0.2861,217.0,0.286,910.0,0.2865,212.0,0.2866,692.0
1753617688657,12:01:28.657,gateio,1INCH/USDT:USDT,0.2862,217.0,0.2861,218.0,0.2865,212.0,0.2866,692.0
1753617688769,12:01:28.769,gateio,1INCH/USDT:USDT,0.2862,217.0,0.2861,217.0,0.2865,212.0,0.2866,692.0
1753617688853,12:01:28.853,gateio,1INCH/USDT:USDT,0.2861,217.0,0.286,910.0,0.2865,212.0,0.2866,692.0
1753617688948,12:01:28.948,gateio,1INCH/USDT:USDT,0.2861,217.0,0.286,910.0,0.2863,217.0,0.2864,2189.0
1753617689157,12:01:29.157,gateio,1INCH/USDT:USDT,0.2861,217.0,0.286,910.0,0.2865,212.0,0.2866,692.0
1753617689646,12:01:29.646,gateio,1INCH/USDT:USDT,0.2861,217.0,0.286,910.0,0.2864,2189.0,0.2865,212.0
1753617689951,12:01:29.951,gateio,1INCH/USDT:USDT,0.2861,217.0,0.286,910.0,0.2864,2189.0,0.2865,212.0
1753617690538,12:01:30.538,gateio,1INCH/USDT:USDT,0.2861,217.0,0.286,910.0,0.2863,217.0,0.2865,212.0
1753617690684,12:01:30.684,gateio,1INCH/USDT:USDT,0.2861,217.0,0.286,910.0,0.2865,212.0,0.2866,692.0
1753617690866,12:01:30.866,gateio,1INCH/USDT:USDT,0.2861,217.0,0.286,910.0,0.2865,212.0,0.2866,692.0
1753617691358,12:01:31.358,gateio,1INCH/USDT:USDT,0.2862,215.0,0.2861,218.0,0.2865,212.0,0.2866,692.0
1753617691437,12:01:31.437,gateio,1INCH/USDT:USDT,0.2862,215.0,0.2861,217.0,0.2865,212.0,0.2866,692.0
1753617691514,12:01:31.514,gateio,1INCH/USDT:USDT,0.2861,217.0,0.286,910.0,0.2865,212.0,0.2866,692.0
1753617691669,12:01:31.669,gateio,1INCH/USDT:USDT,0.2863,215.0,0.2862,692.0,0.2865,212.0,0.2866,692.0
1753617691775,12:01:31.775,gateio,1INCH/USDT:USDT,0.2863,215.0,0.2861,217.0,0.2865,212.0,0.2866,692.0
1753617691838,12:01:31.838,gateio,1INCH/USDT:USDT,0.2863,215.0,0.2862,692.0,0.2865,212.0,0.2866,692.0
1753617691962,12:01:31.962,gateio,1INCH/USDT:USDT,0.2863,215.0,0.2862,692.0,0.2867,220.0,0.2868,904.0
1753617692152,12:01:32.152,gateio,1INCH/USDT:USDT,0.2863,215.0,0.2862,692.0,0.2867,220.0,0.2868,904.0
1753617692238,12:01:32.238,gateio,1INCH/USDT:USDT,0.2863,215.0,0.2862,692.0,0.2867,220.0,0.2868,904.0
1753617692422,12:01:32.422,gateio,1INCH/USDT:USDT,0.2863,215.0,0.2862,692.0,0.2866,215.0,0.2867,1946.0
1753617692565,12:01:32.565,gateio,1INCH/USDT:USDT,0.2863,215.0,0.2862,692.0,0.2866,215.0,0.2867,1946.0
1753617693250,12:01:33.250,gateio,1INCH/USDT:USDT,0.2863,215.0,0.2862,692.0,0.2866,215.0,0.2867,1946.0
1753617693350,12:01:33.350,gateio,1INCH/USDT:USDT,0.2863,215.0,0.2862,692.0,0.2867,220.0,0.2868,904.0
1753617693558,12:01:33.558,gateio,1INCH/USDT:USDT,0.2863,215.0,0.2862,692.0,0.2866,215.0,0.2867,1946.0
1753617693787,12:01:33.787,gateio,1INCH/USDT:USDT,0.2863,215.0,0.2862,692.0,0.2866,215.0,0.2867,1946.0
1753617694772,12:01:34.772,gateio,1INCH/USDT:USDT,0.2863,215.0,0.2862,692.0,0.2865,215.0,0.2866,907.0
1753617694790,12:01:34.790,gateio,1INCH/USDT:USDT,0.2863,215.0,0.2862,692.0,0.2865,215.0,0.2866,907.0
1753617695008,12:01:35.008,gateio,1INCH/USDT:USDT,0.2863,215.0,0.2862,692.0,0.2865,215.0,0.2866,907.0
1753617696397,12:01:36.397,gateio,1INCH/USDT:USDT,0.2863,215.0,0.2862,692.0,0.2865,215.0,0.2866,907.0
1753617698298,12:01:38.298,gateio,1INCH/USDT:USDT,0.2863,215.0,0.2862,692.0,0.2866,215.0,0.2867,1946.0
1753617698641,12:01:38.641,gateio,1INCH/USDT:USDT,0.2863,215.0,0.2862,692.0,0.2866,215.0,0.2867,1946.0
1753617698685,12:01:38.685,gateio,1INCH/USDT:USDT,0.2863,215.0,0.2862,692.0,0.2866,215.0,0.2867,1946.0
1753617698856,12:01:38.856,gateio,1INCH/USDT:USDT,0.2863,215.0,0.2862,692.0,0.2867,1946.0,0.2868,904.0
1753617698933,12:01:38.933,gateio,1INCH/USDT:USDT,0.2863,215.0,0.2862,692.0,0.2866,215.0,0.2867,220.0
1753617699078,12:01:39.078,gateio,1INCH/USDT:USDT,0.2863,215.0,0.2862,692.0,0.2867,220.0,0.2868,904.0
1753617699359,12:01:39.359,gateio,1INCH/USDT:USDT,0.2863,215.0,0.2862,692.0,0.2866,215.0,0.2867,1946.0
1753617699950,12:01:39.950,gateio,1INCH/USDT:USDT,0.2865,215.0,0.2864,692.0,0.2867,220.0,0.2868,904.0
1753617700051,12:01:40.051,gateio,1INCH/USDT:USDT,0.2865,215.0,0.2864,692.0,0.2867,220.0,0.2868,904.0
1753617700270,12:01:40.270,gateio,1INCH/USDT:USDT,0.2865,215.0,0.2864,692.0,0.2867,220.0,0.2868,904.0
1753617701197,12:01:41.197,gateio,1INCH/USDT:USDT,0.2865,215.0,0.2864,692.0,0.2867,220.0,0.2868,904.0
1753617701479,12:01:41.479,gateio,1INCH/USDT:USDT,0.2865,215.0,0.2864,692.0,0.2867,220.0,0.2868,904.0
1753617702150,12:01:42.150,gateio,1INCH/USDT:USDT,0.2865,215.0,0.2864,692.0,0.2868,212.0,0.2869,1937.0
1753617702248,12:01:42.248,gateio,1INCH/USDT:USDT,0.2865,215.0,0.2864,692.0,0.2868,212.0,0.2869,1937.0
1753617702297,12:01:42.297,gateio,1INCH/USDT:USDT,0.2865,215.0,0.2864,692.0,0.2868,212.0,0.2869,1937.0
1753617702460,12:01:42.460,gateio,1INCH/USDT:USDT,0.2865,215.0,0.2864,692.0,0.2868,212.0,0.2869,1937.0
1753617702962,12:01:42.962,gateio,1INCH/USDT:USDT,0.2865,215.0,0.2864,692.0,0.2868,212.0,0.2869,1937.0
1753617704583,12:01:44.583,gateio,1INCH/USDT:USDT,0.2865,215.0,0.2864,692.0,0.2867,221.0,0.2868,904.0
1753617704725,12:01:44.725,gateio,1INCH/USDT:USDT,0.2865,215.0,0.2864,692.0,0.2867,221.0,0.2868,904.0
1753617706019,12:01:46.019,gateio,1INCH/USDT:USDT,0.2865,215.0,0.2864,692.0,0.2868,212.0,0.2869,1937.0
1753617706156,12:01:46.156,gateio,1INCH/USDT:USDT,0.2865,215.0,0.2864,692.0,0.2867,221.0,0.2868,904.0
1753617706344,12:01:46.344,gateio,1INCH/USDT:USDT,0.2865,215.0,0.2864,692.0,0.2867,221.0,0.2868,904.0
1753617710392,12:01:50.392,gateio,1INCH/USDT:USDT,0.2864,221.0,0.2863,415.0,0.2867,221.0,0.2868,904.0
1753617710798,12:01:50.798,gateio,1INCH/USDT:USDT,0.2864,221.0,0.2863,415.0,0.2867,221.0,0.2868,904.0
1753617712789,12:01:52.789,gateio,1INCH/USDT:USDT,0.2864,221.0,0.2863,415.0,0.2867,221.0,0.2868,904.0
1753617715598,12:01:55.598,gateio,1INCH/USDT:USDT,0.2864,221.0,0.2863,415.0,0.2867,221.0,0.2868,904.0
1753617716581,12:01:56.581,gateio,1INCH/USDT:USDT,0.2864,221.0,0.2863,415.0,0.2867,221.0,0.2868,904.0
1753617719967,12:01:59.967,gateio,1INCH/USDT:USDT,0.2864,221.0,0.2863,415.0,0.2867,213.0,0.2868,904.0
1753617720049,12:02:00.049,gateio,1INCH/USDT:USDT,0.2864,221.0,0.2863,415.0,0.2867,213.0,0.2868,212.0
1753617720119,12:02:00.119,gateio,1INCH/USDT:USDT,0.2864,221.0,0.2863,415.0,0.2868,212.0,0.2869,1937.0
1753617720186,12:02:00.186,gateio,1INCH/USDT:USDT,0.2864,221.0,0.2863,415.0,0.2867,213.0,0.2868,904.0
1753617720476,12:02:00.476,gateio,1INCH/USDT:USDT,0.2865,213.0,0.2864,913.0,0.2868,212.0,0.2869,1937.0
1753617720476,12:02:00.476,gateio,1INCH/USDT:USDT,0.2865,213.0,0.2864,913.0,0.2868,212.0,0.2869,1937.0
1753617720708,12:02:00.708,gateio,1INCH/USDT:USDT,0.2865,213.0,0.2864,913.0,0.2867,213.0,0.2868,904.0
1753617721719,12:02:01.719,gateio,1INCH/USDT:USDT,0.2865,213.0,0.2864,913.0,0.2868,212.0,0.2869,1937.0
1753617722097,12:02:02.097,gateio,1INCH/USDT:USDT,0.2865,213.0,0.2864,913.0,0.2868,212.0,0.2869,1937.0
1753617722330,12:02:02.330,gateio,1INCH/USDT:USDT,0.2864,913.0,0.2863,415.0,0.2867,220.0,0.2868,904.0
1753617722381,12:02:02.381,gateio,1INCH/USDT:USDT,0.2864,913.0,0.2863,415.0,0.2867,220.0,0.2868,904.0
1753617722522,12:02:02.522,gateio,1INCH/USDT:USDT,0.2865,220.0,0.2864,913.0,0.2867,220.0,0.2868,904.0
1753617722590,12:02:02.590,gateio,1INCH/USDT:USDT,0.2865,220.0,0.2864,913.0,0.2867,220.0,0.2868,904.0
1753617723493,12:02:03.493,gateio,1INCH/USDT:USDT,0.2865,220.0,0.2864,913.0,0.2867,220.0,0.2868,904.0
1753617723604,12:02:03.604,gateio,1INCH/USDT:USDT,0.2865,220.0,0.2864,913.0,0.2867,220.0,0.2868,904.0
1753617723751,12:02:03.751,gateio,1INCH/USDT:USDT,0.2864,221.0,0.2863,415.0,0.2867,220.0,0.2868,904.0
1753617725202,12:02:05.202,gateio,1INCH/USDT:USDT,0.2864,221.0,0.2863,415.0,0.2867,220.0,0.2868,904.0
1753617725370,12:02:05.370,gateio,1INCH/USDT:USDT,0.2864,221.0,0.2863,415.0,0.2867,220.0,0.2868,904.0
1753617725406,12:02:05.406,gateio,1INCH/USDT:USDT,0.2864,221.0,0.2863,415.0,0.2867,220.0,0.2868,904.0
1753617728975,12:02:08.975,gateio,1INCH/USDT:USDT,0.2864,221.0,0.2863,415.0,0.2867,220.0,0.2868,904.0
1753617729050,12:02:09.050,gateio,1INCH/USDT:USDT,0.2864,221.0,0.2863,415.0,0.2867,220.0,0.2868,904.0
1753617729998,12:02:09.998,gateio,1INCH/USDT:USDT,0.2864,221.0,0.2863,415.0,0.2867,220.0,0.2868,904.0
1753617731569,12:02:11.569,gateio,1INCH/USDT:USDT,0.2864,217.0,0.2863,415.0,0.2866,2850.0,0.2867,220.0
1753617731656,12:02:11.656,gateio,1INCH/USDT:USDT,0.2864,217.0,0.2863,415.0,0.2867,220.0,0.2868,904.0
1753617731832,12:02:11.832,gateio,1INCH/USDT:USDT,0.2864,217.0,0.2863,415.0,0.2867,220.0,0.2868,904.0
1753617733735,12:02:13.735,gateio,1INCH/USDT:USDT,0.2864,217.0,0.2863,415.0,0.2867,220.0,0.2868,904.0
1753617733867,12:02:13.867,gateio,1INCH/USDT:USDT,0.2864,217.0,0.2863,415.0,0.2867,220.0,0.2868,904.0
1753617734139,12:02:14.139,gateio,1INCH/USDT:USDT,0.2864,217.0,0.2863,415.0,0.2867,220.0,0.2868,904.0
1753617734798,12:02:14.798,gateio,1INCH/USDT:USDT,0.2864,217.0,0.2863,415.0,0.2867,220.0,0.2868,904.0
1753617735287,12:02:15.287,gateio,1INCH/USDT:USDT,0.2864,217.0,0.2863,415.0,0.2867,220.0,0.2868,904.0
1753617735410,12:02:15.410,gateio,1INCH/USDT:USDT,0.2864,217.0,0.2863,415.0,0.2867,220.0,0.2868,904.0
1753617735551,12:02:15.551,gateio,1INCH/USDT:USDT,0.2864,217.0,0.2863,415.0,0.2867,220.0,0.2868,904.0
1753617735723,12:02:15.723,gateio,1INCH/USDT:USDT,0.2864,217.0,0.2863,415.0,0.2867,220.0,0.2868,904.0
1753617737224,12:02:17.224,gateio,1INCH/USDT:USDT,0.2864,217.0,0.2863,415.0,0.2867,220.0,0.2868,904.0
1753617739073,12:02:19.073,gateio,1INCH/USDT:USDT,0.2864,217.0,0.2863,415.0,0.2867,217.0,0.2868,904.0
1753617739171,12:02:19.171,gateio,1INCH/USDT:USDT,0.2864,217.0,0.2863,415.0,0.2867,217.0,0.2868,212.0
1753617739274,12:02:19.274,gateio,1INCH/USDT:USDT,0.2865,217.0,0.2864,909.0,0.2868,212.0,0.2869,1937.0
1753617739353,12:02:19.353,gateio,1INCH/USDT:USDT,0.2865,217.0,0.2864,909.0,0.2868,212.0,0.2869,211.0
1753617739438,12:02:19.438,gateio,1INCH/USDT:USDT,0.2865,217.0,0.2864,909.0,0.2869,211.0,0.287,907.0
1753617739558,12:02:19.558,gateio,1INCH/USDT:USDT,0.2865,217.0,0.2864,909.0,0.2867,217.0,0.2868,692.0
1753617739989,12:02:19.989,gateio,1INCH/USDT:USDT,0.2865,217.0,0.2864,909.0,0.2867,217.0,0.2868,692.0
1753617741399,12:02:21.399,gateio,1INCH/USDT:USDT,0.2865,217.0,0.2864,909.0,0.2867,217.0,0.2868,692.0
1753617741620,12:02:21.620,gateio,1INCH/USDT:USDT,0.2865,217.0,0.2864,909.0,0.2867,217.0,0.2868,692.0
1753617741837,12:02:21.837,gateio,1INCH/USDT:USDT,0.2865,217.0,0.2864,909.0,0.2867,217.0,0.2868,692.0
1753617741985,12:02:21.985,gateio,1INCH/USDT:USDT,0.2865,217.0,0.2864,909.0,0.2867,217.0,0.2868,692.0
1753617742136,12:02:22.136,gateio,1INCH/USDT:USDT,0.2865,217.0,0.2864,909.0,0.2867,217.0,0.2868,692.0
1753617742438,12:02:22.438,gateio,1INCH/USDT:USDT,0.2865,217.0,0.2864,909.0,0.2868,903.0,0.2869,1937.0
1753617742565,12:02:22.565,gateio,1INCH/USDT:USDT,0.2865,217.0,0.2864,909.0,0.2867,211.0,0.2868,903.0
1753617742841,12:02:22.841,gateio,1INCH/USDT:USDT,0.2865,217.0,0.2864,909.0,0.2867,211.0,0.2868,903.0
1753617742992,12:02:22.992,gateio,1INCH/USDT:USDT,0.2865,217.0,0.2864,909.0,0.2867,211.0,0.2868,211.0
1753617743127,12:02:23.127,gateio,1INCH/USDT:USDT,0.2865,217.0,0.2864,909.0,0.2868,211.0,0.2869,1937.0
1753617743262,12:02:23.262,gateio,1INCH/USDT:USDT,0.2865,217.0,0.2864,909.0,0.2868,211.0,0.2869,1937.0
1753617743434,12:02:23.434,gateio,1INCH/USDT:USDT,0.2865,217.0,0.2864,909.0,0.2867,211.0,0.2868,903.0
1753617743671,12:02:23.671,gateio,1INCH/USDT:USDT,0.2865,217.0,0.2864,909.0,0.2867,211.0,0.2868,903.0
1753617746198,12:02:26.198,gateio,1INCH/USDT:USDT,0.2865,217.0,0.2864,909.0,0.2867,211.0,0.2868,903.0
1753617748808,12:02:28.808,gateio,1INCH/USDT:USDT,0.2865,217.0,0.2864,909.0,0.2867,211.0,0.2868,903.0
1753617749129,12:02:29.129,gateio,1INCH/USDT:USDT,0.2865,217.0,0.2864,909.0,0.2867,211.0,0.2868,903.0
1753617750998,12:02:30.998,gateio,1INCH/USDT:USDT,0.2865,217.0,0.2864,909.0,0.2867,211.0,0.2868,903.0
1753617755799,12:02:35.799,gateio,1INCH/USDT:USDT,0.2865,217.0,0.2864,909.0,0.2867,211.0,0.2868,903.0
1753617758017,12:02:38.017,gateio,1INCH/USDT:USDT,0.2865,217.0,0.2864,909.0,0.2867,211.0,0.2868,903.0
1753617758119,12:02:38.119,gateio,1INCH/USDT:USDT,0.2864,217.0,0.2863,415.0,0.2867,211.0,0.2868,903.0
1753617758260,12:02:38.260,gateio,1INCH/USDT:USDT,0.2864,217.0,0.2863,415.0,0.2866,214.0,0.2867,211.0
1753617758350,12:02:38.350,gateio,1INCH/USDT:USDT,0.2864,217.0,0.2863,415.0,0.2867,211.0,0.2868,903.0
1753617758433,12:02:38.433,gateio,1INCH/USDT:USDT,0.2864,218.0,0.2863,415.0,0.2867,211.0,0.2868,903.0
1753617758555,12:02:38.555,gateio,1INCH/USDT:USDT,0.2864,217.0,0.2863,415.0,0.2867,211.0,0.2868,903.0
1753617758808,12:02:38.808,gateio,1INCH/USDT:USDT,0.2864,218.0,0.2863,415.0,0.2867,211.0,0.2868,903.0
1753617758937,12:02:38.937,gateio,1INCH/USDT:USDT,0.2864,217.0,0.2863,415.0,0.2867,211.0,0.2868,903.0
1753617759037,12:02:39.037,gateio,1INCH/USDT:USDT,0.2864,218.0,0.2863,415.0,0.2867,211.0,0.2868,903.0
1753617759235,12:02:39.235,gateio,1INCH/USDT:USDT,0.2864,217.0,0.2863,415.0,0.2867,211.0,0.2868,903.0
1753617759372,12:02:39.372,gateio,1INCH/USDT:USDT,0.2864,217.0,0.2863,415.0,0.2867,211.0,0.2868,903.0
1753617760649,12:02:40.649,gateio,1INCH/USDT:USDT,0.2864,217.0,0.2863,415.0,0.2867,211.0,0.2868,903.0
1753617761105,12:02:41.105,gateio,1INCH/USDT:USDT,0.2864,217.0,0.2863,415.0,0.2867,211.0,0.2868,903.0
1753617762236,12:02:42.236,gateio,1INCH/USDT:USDT,0.2864,217.0,0.2863,415.0,0.2867,211.0,0.2868,903.0
1753617762433,12:02:42.433,gateio,1INCH/USDT:USDT,0.2864,217.0,0.2863,415.0,0.2867,211.0,0.2868,903.0
1753617765399,12:02:45.399,gateio,1INCH/USDT:USDT,0.2864,217.0,0.2863,415.0,0.2867,211.0,0.2868,903.0
1753617768003,12:02:48.003,gateio,1INCH/USDT:USDT,0.2864,217.0,0.2863,415.0,0.2867,211.0,0.2868,903.0
1753617770199,12:02:50.199,gateio,1INCH/USDT:USDT,0.2864,217.0,0.2863,415.0,0.2867,211.0,0.2868,903.0
1753617770319,12:02:50.319,gateio,1INCH/USDT:USDT,0.2864,217.0,0.2863,415.0,0.2867,211.0,0.2868,903.0
1753617770950,12:02:50.950,gateio,1INCH/USDT:USDT,0.2864,217.0,0.2863,415.0,0.2867,211.0,0.2868,903.0
1753617773338,12:02:53.338,gateio,1INCH/USDT:USDT,0.2864,217.0,0.2863,415.0,0.2866,212.0,0.2867,211.0
1753617773469,12:02:53.469,gateio,1INCH/USDT:USDT,0.2864,217.0,0.2863,415.0,0.2866,212.0,0.2867,211.0
1753617773490,12:02:53.490,gateio,1INCH/USDT:USDT,0.2864,217.0,0.2863,415.0,0.2867,211.0,0.2868,903.0
1753617773884,12:02:53.884,gateio,1INCH/USDT:USDT,0.2864,217.0,0.2863,415.0,0.2867,211.0,0.2868,903.0
1753617774572,12:02:54.572,gateio,1INCH/USDT:USDT,0.2864,217.0,0.2863,415.0,0.2867,211.0,0.2868,903.0
1753617774706,12:02:54.706,gateio,1INCH/USDT:USDT,0.2864,217.0,0.2863,415.0,0.2867,211.0,0.2868,903.0
1753617774999,12:02:54.999,gateio,1INCH/USDT:USDT,0.2864,217.0,0.2863,415.0,0.2867,211.0,0.2868,903.0
1753617776663,12:02:56.663,gateio,1INCH/USDT:USDT,0.2864,217.0,0.2863,415.0,0.2867,211.0,0.2868,903.0
1753617776734,12:02:56.734,gateio,1INCH/USDT:USDT,0.2864,217.0,0.2863,415.0,0.2867,211.0,0.2868,903.0
1753617779799,12:02:59.799,gateio,1INCH/USDT:USDT,0.2864,217.0,0.2863,415.0,0.2867,211.0,0.2868,903.0
1753617781858,12:03:01.858,gateio,1INCH/USDT:USDT,0.2864,217.0,0.2863,415.0,0.2867,211.0,0.2868,903.0
1753617781940,12:03:01.940,gateio,1INCH/USDT:USDT,0.2864,217.0,0.2863,415.0,0.2868,211.0,0.2869,1937.0
1753617782056,12:03:02.056,gateio,1INCH/USDT:USDT,0.2865,215.0,0.2864,417.0,0.2868,903.0,0.2869,1937.0
1753617782162,12:03:02.162,gateio,1INCH/USDT:USDT,0.2865,215.0,0.2864,417.0,0.2868,903.0,0.2869,1937.0
1753617782315,12:03:02.315,gateio,1INCH/USDT:USDT,0.2865,215.0,0.2864,417.0,0.2867,215.0,0.2868,903.0
1753617782394,12:03:02.394,gateio,1INCH/USDT:USDT,0.2865,215.0,0.2864,417.0,0.2867,215.0,0.2868,903.0
1753617784842,12:03:04.842,gateio,1INCH/USDT:USDT,0.2864,417.0,0.2863,415.0,0.2867,215.0,0.2868,903.0
1753617784978,12:03:04.978,gateio,1INCH/USDT:USDT,0.2864,417.0,0.2863,415.0,0.2867,215.0,0.2868,903.0
1753617785808,12:03:05.808,gateio,1INCH/USDT:USDT,0.2865,215.0,0.2864,417.0,0.2867,215.0,0.2868,903.0
1753617787455,12:03:07.455,gateio,1INCH/USDT:USDT,0.2865,215.0,0.2864,417.0,0.2867,215.0,0.2868,211.0
1753617787524,12:03:07.524,gateio,1INCH/USDT:USDT,0.2865,215.0,0.2864,417.0,0.2867,215.0,0.2868,903.0
1753617787650,12:03:07.650,gateio,1INCH/USDT:USDT,0.2865,215.0,0.2864,417.0,0.2867,215.0,0.2868,903.0
1753617790599,12:03:10.599,gateio,1INCH/USDT:USDT,0.2865,215.0,0.2864,417.0,0.2867,215.0,0.2868,903.0
1753617793141,12:03:13.141,gateio,1INCH/USDT:USDT,0.2865,215.0,0.2864,417.0,0.2867,215.0,0.2868,903.0
1753617793758,12:03:13.758,gateio,1INCH/USDT:USDT,0.2865,215.0,0.2864,417.0,0.2867,215.0,0.2868,903.0
1753617793790,12:03:13.790,gateio,1INCH/USDT:USDT,0.2865,215.0,0.2864,417.0,0.2867,215.0,0.2868,903.0
1753617795400,12:03:15.400,gateio,1INCH/USDT:USDT,0.2865,215.0,0.2864,417.0,0.2867,215.0,0.2868,903.0
1753617795758,12:03:15.758,gateio,1INCH/USDT:USDT,0.2864,217.0,0.2863,415.0,0.2866,213.0,0.2867,1941.0
1753617795854,12:03:15.854,gateio,1INCH/USDT:USDT,0.2864,217.0,0.2863,415.0,0.2866,213.0,0.2867,1941.0
1753617796081,12:03:16.081,gateio,1INCH/USDT:USDT,0.2864,217.0,0.2863,415.0,0.2866,213.0,0.2867,1941.0
1753617796257,12:03:16.257,gateio,1INCH/USDT:USDT,0.2864,217.0,0.2863,415.0,0.2867,215.0,0.2868,903.0
