timestamp,time,exchange,symbol,bid1_price,bid1_volume,bid2_price,bid2_volume,ask1_price,ask1_volume,ask2_price,ask2_volume
1753617170013,11:52:50.013,mexc,ACH/USDT:USDT,0.022928,8305.0,0.022927,8086.0,0.022929,7423.0,0.02293,34413.0
1753617170303,11:52:50.303,mexc,ACH/USDT:USDT,0.022928,8305.0,0.022927,8086.0,0.022929,7423.0,0.02293,34413.0
1753617170619,11:52:50.619,mexc,ACH/USDT:USDT,0.022928,8305.0,0.022927,8086.0,0.022929,7423.0,0.02293,34413.0
1753617170764,11:52:50.764,mexc,ACH/USDT:USDT,0.022932,11751,0.022931,8001,0.022935,13088.0,0.022936,120255.0
1753617171413,11:52:51.413,mexc,ACH/USDT:USDT,0.022932,11751,0.022931,9336,0.022935,13088.0,0.022936,120255.0
1753617171502,11:52:51.502,mexc,ACH/USDT:USDT,0.022932,11751,0.022931,9336,0.022935,13088.0,0.022936,120677
1753617171816,11:52:51.816,mexc,ACH/USDT:USDT,0.022932,11751,0.022931,8001,0.022935,13088.0,0.022936,120677
1753617171905,11:52:51.905,mexc,ACH/USDT:USDT,0.022932,11751,0.022931,8001,0.022935,13088.0,0.022936,120255
1753617172612,11:52:52.612,mexc,ACH/USDT:USDT,0.022932,11751,0.022931,8001,0.022935,13088.0,0.022936,120255
1753617172703,11:52:52.703,mexc,ACH/USDT:USDT,0.022932,11751,0.022931,8001,0.022935,13088.0,0.022936,120255
1753617173015,11:52:53.015,mexc,ACH/USDT:USDT,0.022932,11751,0.022931,8001,0.022935,13088.0,0.022936,120255
1753617173138,11:52:53.138,mexc,ACH/USDT:USDT,0.022932,11751,0.022931,8001,0.022935,13088.0,0.022936,120255
1753617173814,11:52:53.814,mexc,ACH/USDT:USDT,0.022932,11751,0.022931,8001,0.022935,13088.0,0.022936,120255
1753617173902,11:52:53.902,mexc,ACH/USDT:USDT,0.022932,11751,0.022931,8001,0.022935,13088.0,0.022936,121342
1753617174216,11:52:54.216,mexc,ACH/USDT:USDT,0.022932,11751,0.022931,8001,0.022935,13088.0,0.022936,121342
1753617174316,11:52:54.316,mexc,ACH/USDT:USDT,0.022932,11751,0.022931,8001,0.022935,13088.0,0.022936,120255
1753617175014,11:52:55.014,mexc,ACH/USDT:USDT,0.022932,11751,0.022931,8001,0.022935,13088.0,0.022936,120255
1753617175105,11:52:55.105,mexc,ACH/USDT:USDT,0.022932,11751,0.022931,8001,0.022935,13088.0,0.022936,120255
1753617175417,11:52:55.417,mexc,ACH/USDT:USDT,0.022932,11751,0.022931,8001,0.022935,13088.0,0.022936,120255
1753617175507,11:52:55.507,mexc,ACH/USDT:USDT,0.022932,11751,0.022931,8001,0.022935,13088.0,0.022936,120255
1753617176169,11:52:56.169,mexc,ACH/USDT:USDT,0.022932,11751,0.022931,8001,0.022935,14154,0.022936,120255
1753617176304,11:52:56.304,mexc,ACH/USDT:USDT,0.022934,6989,0.022933,4704,0.022935,1066,0.022936,3282
1753617176616,11:52:56.616,mexc,ACH/USDT:USDT,0.022934,6989,0.022933,4704,0.022935,1066,0.022936,3282
1753617176706,11:52:56.706,mexc,ACH/USDT:USDT,0.022934,6989,0.022933,4704,0.022935,1066,0.022936,3282
1753617177414,11:52:57.414,mexc,ACH/USDT:USDT,0.022934,6989,0.022933,6419,0.022935,1066,0.022936,3282
1753617177504,11:52:57.504,mexc,ACH/USDT:USDT,0.022934,6989,0.022933,6419,0.022935,1066,0.022936,4185
1753617177816,11:52:57.816,mexc,ACH/USDT:USDT,0.022934,6989,0.022933,4704,0.022935,1066,0.022936,4185
1753617177907,11:52:57.907,mexc,ACH/USDT:USDT,0.022934,6989,0.022933,4704,0.022935,1066,0.022936,3282
1753617178614,11:52:58.614,mexc,ACH/USDT:USDT,0.022934,6989,0.022933,4704,0.022935,1066,0.022936,3282
1753617178706,11:52:58.706,mexc,ACH/USDT:USDT,0.022934,6989,0.022933,4704,0.022935,1066,0.022936,4767
1753617179017,11:52:59.017,mexc,ACH/USDT:USDT,0.022934,6989,0.022933,4704,0.022935,1066,0.022936,4767
1753617179140,11:52:59.140,mexc,ACH/USDT:USDT,0.022934,6989,0.022933,4704,0.022935,1066,0.022936,3282
1753617179814,11:52:59.814,mexc,ACH/USDT:USDT,0.022934,6989,0.022933,4704,0.022935,1066,0.022936,3282
1753617179908,11:52:59.908,mexc,ACH/USDT:USDT,0.022934,6989,0.022933,5890,0.022935,1066,0.022936,3282
1753617180221,11:53:00.221,mexc,ACH/USDT:USDT,0.022934,6989,0.022933,4704,0.022935,1066,0.022936,3282
1753617180309,11:53:00.309,mexc,ACH/USDT:USDT,0.022934,6989,0.022933,4704,0.022935,1066,0.022936,3282
1753617181015,11:53:01.015,mexc,ACH/USDT:USDT,0.022934,6989,0.022933,4704,0.022935,1066,0.022936,3282
1753617181105,11:53:01.105,mexc,ACH/USDT:USDT,0.022934,6989,0.022933,4704,0.022935,1066,0.022936,4848
1753617181419,11:53:01.419,mexc,ACH/USDT:USDT,0.022934,6989,0.022933,4704,0.022935,1066,0.022936,4848
1753617181510,11:53:01.510,mexc,ACH/USDT:USDT,0.022934,6989,0.022933,4704,0.022935,1066,0.022936,3282
1753617182171,11:53:02.171,mexc,ACH/USDT:USDT,0.022934,6989,0.022933,4704,0.022935,1066,0.022936,3282
1753617182306,11:53:02.306,mexc,ACH/USDT:USDT,0.022932,8138,0.022931,5514,0.022934,48163,0.022935,30606
1753617182619,11:53:02.619,mexc,ACH/USDT:USDT,0.022932,8138,0.022931,5514,0.022934,48163,0.022935,30606
1753617182709,11:53:02.709,mexc,ACH/USDT:USDT,0.022932,8138,0.022931,5514,0.022934,48163,0.022935,30606
1753617183415,11:53:03.415,mexc,ACH/USDT:USDT,0.022932,8138,0.022931,5514,0.022934,48163,0.022935,30606
1753617183591,11:53:03.591,mexc,ACH/USDT:USDT,0.022937,14138,0.022936,5837,0.022939,72750,0.02294,81311
1753617184616,11:53:04.616,mexc,ACH/USDT:USDT,0.022937,14138,0.022936,5837,0.022939,72750,0.02294,81311
1753617184723,11:53:04.723,mexc,ACH/USDT:USDT,0.022937,14138,0.022936,5837,0.022939,72750,0.02294,81884
1753617185019,11:53:05.019,mexc,ACH/USDT:USDT,0.022937,14138,0.022936,5837,0.022939,72750,0.02294,81884
1753617185144,11:53:05.144,mexc,ACH/USDT:USDT,0.022937,14138,0.022936,5837,0.022939,72750,0.02294,81311
1753617185816,11:53:05.816,mexc,ACH/USDT:USDT,0.022937,14138,0.022936,5837,0.022939,72750,0.02294,81311
1753617185907,11:53:05.907,mexc,ACH/USDT:USDT,0.022937,14138,0.022936,5837,0.022939,72750,0.02294,81311
1753617186223,11:53:06.223,mexc,ACH/USDT:USDT,0.022937,14138,0.022936,5837,0.022939,72750,0.02294,81311
1753617186310,11:53:06.310,mexc,ACH/USDT:USDT,0.022937,14138,0.022936,5837,0.022939,72750,0.02294,81311
1753617187017,11:53:07.017,mexc,ACH/USDT:USDT,0.022937,14138,0.022936,5837,0.022939,72750,0.02294,81311
1753617187106,11:53:07.106,mexc,ACH/USDT:USDT,0.022937,14138,0.022936,5837,0.022939,72750,0.02294,81813
1753617187420,11:53:07.420,mexc,ACH/USDT:USDT,0.022937,14138,0.022936,5837,0.022939,72750,0.02294,81813
1753617187510,11:53:07.510,mexc,ACH/USDT:USDT,0.022937,14138,0.022936,5837,0.022939,72750,0.02294,81311
1753617187729,11:53:07.729,mexc,ACH/USDT:USDT,0.022942,45697,0.022941,29524,0.022945,372600,0.022946,171518
1753617188218,11:53:08.218,mexc,ACH/USDT:USDT,0.022942,45697,0.022941,29524,0.022945,372600,0.022946,171518
1753617188306,11:53:08.306,mexc,ACH/USDT:USDT,0.022942,45697,0.022941,29524,0.022945,372600,0.022946,171518
1753617188621,11:53:08.621,mexc,ACH/USDT:USDT,0.022942,45697,0.022941,29524,0.022945,372600,0.022946,171518
1753617188708,11:53:08.708,mexc,ACH/USDT:USDT,0.022942,45697,0.022941,29524,0.022945,372600,0.022946,171518
1753617189328,11:53:09.328,mexc,ACH/USDT:USDT,0.022942,45697,0.022941,29524,0.022945,351738,0.022946,171518
1753617189507,11:53:09.507,mexc,ACH/USDT:USDT,0.022942,45697,0.022941,33239,0.022945,351738,0.022946,172762
1753617189820,11:53:09.820,mexc,ACH/USDT:USDT,0.022942,45697,0.022941,33239,0.022945,351738,0.022946,172762
1753617189918,11:53:09.918,mexc,ACH/USDT:USDT,0.022942,45697,0.022941,29524,0.022945,351738,0.022946,171518
1753617190617,11:53:10.617,mexc,ACH/USDT:USDT,0.022942,45697,0.022941,33101,0.022945,351738,0.022946,171518
1753617190707,11:53:10.707,mexc,ACH/USDT:USDT,0.022942,45697,0.022941,40034,0.022945,351738,0.022946,173051
1753617191021,11:53:11.021,mexc,ACH/USDT:USDT,0.022942,45697,0.022941,36457,0.022945,351738,0.022946,173051
1753617191147,11:53:11.147,mexc,ACH/USDT:USDT,0.022942,45697,0.022941,29524,0.022945,351738,0.022946,171518
1753617191818,11:53:11.818,mexc,ACH/USDT:USDT,0.022942,45697,0.022941,29524,0.022945,351738,0.022946,171518
1753617191907,11:53:11.907,mexc,ACH/USDT:USDT,0.022942,45697,0.022941,29524,0.022945,351738,0.022946,171886
1753617192221,11:53:12.221,mexc,ACH/USDT:USDT,0.022942,45697,0.022941,29524,0.022945,351738,0.022946,171886
1753617192310,11:53:12.310,mexc,ACH/USDT:USDT,0.022942,45697,0.022941,29524,0.022945,351738,0.022946,171518
1753617193018,11:53:13.018,mexc,ACH/USDT:USDT,0.022942,45697,0.022941,29524,0.022945,351738,0.022946,171518
1753617193192,11:53:13.192,mexc,ACH/USDT:USDT,0.022946,15007,0.022945,1511,0.022947,3208,0.022948,3310
1753617194218,11:53:14.218,mexc,ACH/USDT:USDT,0.022946,15007,0.022945,1511,0.022947,3208,0.022948,3310
1753617194309,11:53:14.309,mexc,ACH/USDT:USDT,0.022946,15007,0.022945,2222,0.022947,3208,0.022948,3310
1753617194621,11:53:14.621,mexc,ACH/USDT:USDT,0.022946,15007,0.022945,2222,0.022947,3208,0.022948,3310
1753617194713,11:53:14.713,mexc,ACH/USDT:USDT,0.022946,15007,0.022945,1511,0.022947,3208,0.022948,3310
1753617195418,11:53:15.418,mexc,ACH/USDT:USDT,0.022946,15007,0.022945,1511,0.022947,3208,0.022948,3310
1753617195509,11:53:15.509,mexc,ACH/USDT:USDT,0.022946,15007,0.022945,1511,0.022947,3208,0.022948,3310
1753617195823,11:53:15.823,mexc,ACH/USDT:USDT,0.022946,15007,0.022945,1511,0.022947,3208,0.022948,3310
1753617195913,11:53:15.913,mexc,ACH/USDT:USDT,0.022946,15007,0.022945,1511,0.022947,3208,0.022948,3310
1753617196620,11:53:16.620,mexc,ACH/USDT:USDT,0.022946,15007,0.022945,1511,0.022947,3208,0.022948,3310
1753617196710,11:53:16.710,mexc,ACH/USDT:USDT,0.022946,15007,0.022945,1918,0.022947,3208,0.022948,3310
1753617197024,11:53:17.024,mexc,ACH/USDT:USDT,0.022946,15007,0.022945,1918,0.022947,3208,0.022948,3310
1753617197149,11:53:17.149,mexc,ACH/USDT:USDT,0.022946,15007,0.022945,1511,0.022947,3208,0.022948,3310
1753617197819,11:53:17.819,mexc,ACH/USDT:USDT,0.022946,15007,0.022945,1511,0.022947,3208,0.022948,3310
1753617197909,11:53:17.909,mexc,ACH/USDT:USDT,0.022946,15007,0.022945,1511,0.022947,3208,0.022948,3310
1753617198224,11:53:18.224,mexc,ACH/USDT:USDT,0.022946,15007,0.022945,1511,0.022947,3208,0.022948,3310
1753617198313,11:53:18.313,mexc,ACH/USDT:USDT,0.022946,15007,0.022945,1511,0.022947,3208,0.022948,3310
1753617199021,11:53:19.021,mexc,ACH/USDT:USDT,0.022946,15007,0.022945,1511,0.022947,3208,0.022948,3310
1753617199192,11:53:19.192,mexc,ACH/USDT:USDT,0.022947,9059,0.022946,18692,0.022948,11343,0.022949,32319
1753617200219,11:53:20.219,mexc,ACH/USDT:USDT,0.022947,9059,0.022946,18692,0.022948,11343,0.022949,32319
1753617200310,11:53:20.310,mexc,ACH/USDT:USDT,0.022947,9059,0.022946,27413,0.022948,11343,0.022949,32319
1753617200622,11:53:20.622,mexc,ACH/USDT:USDT,0.022947,9059,0.022946,27413,0.022948,11343,0.022949,32319
1753617200714,11:53:20.714,mexc,ACH/USDT:USDT,0.022947,9059,0.022946,18692,0.022948,11343,0.022949,32319
1753617201420,11:53:21.420,mexc,ACH/USDT:USDT,0.022947,9059,0.022946,21399,0.022948,11343,0.022949,32319
1753617201511,11:53:21.511,mexc,ACH/USDT:USDT,0.022947,9059,0.022946,21399,0.022948,11343,0.022949,32319
1753617201824,11:53:21.824,mexc,ACH/USDT:USDT,0.022947,9059,0.022946,18692,0.022948,11343,0.022949,32319
1753617201918,11:53:21.918,mexc,ACH/USDT:USDT,0.022947,9059,0.022946,18692,0.022948,11343,0.022949,32319
1753617202620,11:53:22.620,mexc,ACH/USDT:USDT,0.022947,9059,0.022946,18692,0.022948,11343,0.022949,32319
1753617202712,11:53:22.712,mexc,ACH/USDT:USDT,0.022947,9059,0.022946,18692,0.022948,11343,0.022949,32319
1753617203025,11:53:23.025,mexc,ACH/USDT:USDT,0.022947,9059,0.022946,18692,0.022948,11343,0.022949,32319
1753617203149,11:53:23.149,mexc,ACH/USDT:USDT,0.022947,9059,0.022946,18692,0.022948,11343,0.022949,32319
1753617203822,11:53:23.822,mexc,ACH/USDT:USDT,0.022947,9059,0.022946,18692,0.022948,11343,0.022949,32319
1753617203910,11:53:23.910,mexc,ACH/USDT:USDT,0.022947,9059,0.022946,18692,0.022948,11343,0.022949,32319
1753617204223,11:53:24.223,mexc,ACH/USDT:USDT,0.022947,9059,0.022946,18692,0.022948,11343,0.022949,32319
1753617204315,11:53:24.315,mexc,ACH/USDT:USDT,0.022947,9059,0.022946,18692,0.022948,11343,0.022949,32319
1753617205023,11:53:25.023,mexc,ACH/USDT:USDT,0.022947,9059,0.022946,18692,0.022948,11343,0.022949,32319
1753617205197,11:53:25.197,mexc,ACH/USDT:USDT,0.022948,11801,0.022947,3477,0.022949,41058,0.02295,4563
1753617206221,11:53:26.221,mexc,ACH/USDT:USDT,0.022948,11801,0.022947,3477,0.022949,41058,0.02295,4563
1753617206312,11:53:26.312,mexc,ACH/USDT:USDT,0.022948,11801,0.022947,3477,0.022949,41058,0.02295,4563
1753617206622,11:53:26.622,mexc,ACH/USDT:USDT,0.022948,11801,0.022947,3477,0.022949,41058,0.02295,4563
1753617206714,11:53:26.714,mexc,ACH/USDT:USDT,0.022948,11801,0.022947,3477,0.022949,41058,0.02295,4563
1753617207420,11:53:27.420,mexc,ACH/USDT:USDT,0.022948,11801,0.022947,3477,0.022949,41058,0.02295,4563
1753617207511,11:53:27.511,mexc,ACH/USDT:USDT,0.022948,11801,0.022947,3477,0.022949,41058,0.02295,5366
1753617207825,11:53:27.825,mexc,ACH/USDT:USDT,0.022948,11801,0.022947,3477,0.022949,41058,0.02295,5366
1753617207919,11:53:27.919,mexc,ACH/USDT:USDT,0.022948,11801,0.022947,3477,0.022949,41058,0.02295,4563
1753617208619,11:53:28.619,mexc,ACH/USDT:USDT,0.022948,11801,0.022947,3477,0.022949,41058,0.02295,4563
1753617208713,11:53:28.713,mexc,ACH/USDT:USDT,0.022948,11801,0.022947,3477,0.022949,41058,0.02295,5390
1753617209022,11:53:29.022,mexc,ACH/USDT:USDT,0.022948,11801,0.022947,3477,0.022949,41058,0.02295,5390
1753617209155,11:53:29.155,mexc,ACH/USDT:USDT,0.022948,11801,0.022947,3477,0.022949,41058,0.02295,4563
1753617209820,11:53:29.820,mexc,ACH/USDT:USDT,0.022948,11801,0.022947,3477,0.022949,41058,0.02295,4563
1753617209912,11:53:29.912,mexc,ACH/USDT:USDT,0.022948,11801,0.022947,3477,0.022949,41058,0.02295,4563
1753617210224,11:53:30.224,mexc,ACH/USDT:USDT,0.022948,11801,0.022947,3477,0.022949,41058,0.02295,4563
1753617210317,11:53:30.317,mexc,ACH/USDT:USDT,0.022948,11801,0.022947,3477,0.022949,41058,0.02295,4563
1753617211020,11:53:31.020,mexc,ACH/USDT:USDT,0.022948,11801,0.022947,3477,0.022949,41058,0.02295,4563
1753617211213,11:53:31.213,mexc,ACH/USDT:USDT,0.022952,20745,0.022951,4349,0.022953,949,0.022954,8744
1753617212220,11:53:32.220,mexc,ACH/USDT:USDT,0.022952,20745,0.022951,6457,0.022953,949,0.022954,8744
1753617212313,11:53:32.313,mexc,ACH/USDT:USDT,0.022952,20745,0.022951,6457,0.022953,949,0.022954,12828
1753617212624,11:53:32.624,mexc,ACH/USDT:USDT,0.022952,20745,0.022951,4349,0.022953,949,0.022954,12828
1753617212715,11:53:32.715,mexc,ACH/USDT:USDT,0.022952,20745,0.022951,4349,0.022953,949,0.022954,8744
1753617213421,11:53:33.421,mexc,ACH/USDT:USDT,0.022952,20745,0.022951,4349,0.022953,949,0.022954,8744
1753617213512,11:53:33.512,mexc,ACH/USDT:USDT,0.022952,20745,0.022951,6446,0.022953,949,0.022954,11260
1753617213825,11:53:33.825,mexc,ACH/USDT:USDT,0.022952,20745,0.022951,6446,0.022953,949,0.022954,11260
1753617213918,11:53:33.918,mexc,ACH/USDT:USDT,0.022952,20745,0.022951,4349,0.022953,949,0.022954,8744
1753617214621,11:53:34.621,mexc,ACH/USDT:USDT,0.022952,20745,0.022951,5903,0.022953,949,0.022954,8744
1753617214713,11:53:34.713,mexc,ACH/USDT:USDT,0.022952,20745,0.022951,6953,0.022953,949,0.022954,8744
1753617215024,11:53:35.024,mexc,ACH/USDT:USDT,0.022952,20745,0.022951,5399,0.022953,949,0.022954,8744
1753617215154,11:53:35.154,mexc,ACH/USDT:USDT,0.022952,20745,0.022951,4349,0.022953,949,0.022954,8744
1753617215327,11:53:35.327,mexc,ACH/USDT:USDT,0.022952,20745,0.022951,4349,0.022953,949,0.022954,8744
1753617215615,11:53:35.615,mexc,ACH/USDT:USDT,0.022957,6090,0.022956,7784,0.022958,224443,0.022959,239517
1753617215913,11:53:35.913,mexc,ACH/USDT:USDT,0.022957,6090,0.022956,7784,0.022958,224443,0.022959,246370
1753617216224,11:53:36.224,mexc,ACH/USDT:USDT,0.022957,6090,0.022956,7784,0.022958,224443,0.022959,246370
1753617216316,11:53:36.316,mexc,ACH/USDT:USDT,0.022957,6090,0.022956,7784,0.022958,224443,0.022959,239517
1753617217022,11:53:37.022,mexc,ACH/USDT:USDT,0.022957,6090,0.022956,7784,0.022958,224443,0.022959,239517
1753617217113,11:53:37.113,mexc,ACH/USDT:USDT,0.022957,6090,0.022956,7784,0.022958,224443,0.022959,239517
1753617217425,11:53:37.425,mexc,ACH/USDT:USDT,0.022957,6090,0.022956,7784,0.022958,224443,0.022959,239517
1753617217516,11:53:37.516,mexc,ACH/USDT:USDT,0.022957,6090,0.022956,7784,0.022958,224443,0.022959,239517
1753617218219,11:53:38.219,mexc,ACH/USDT:USDT,0.022957,6090,0.022956,7784,0.022958,224443,0.022959,239517
1753617218314,11:53:38.314,mexc,ACH/USDT:USDT,0.022957,6090,0.022956,7784,0.022958,224443,0.022959,239517
1753617218623,11:53:38.623,mexc,ACH/USDT:USDT,0.022957,6090,0.022956,7784,0.022958,224443,0.022959,239517
1753617218716,11:53:38.716,mexc,ACH/USDT:USDT,0.022957,6090,0.022956,7784,0.022958,224443,0.022959,239517
1753617219421,11:53:39.421,mexc,ACH/USDT:USDT,0.022957,6090,0.022956,7784,0.022958,224443,0.022959,239517
1753617219514,11:53:39.514,mexc,ACH/USDT:USDT,0.022957,6090,0.022956,9971,0.022958,224443,0.022959,246387
1753617219824,11:53:39.824,mexc,ACH/USDT:USDT,0.022957,6090,0.022956,9971,0.022958,224443,0.022959,246387
1753617219917,11:53:39.917,mexc,ACH/USDT:USDT,0.022957,6090,0.022956,7784,0.022958,224443,0.022959,239517
1753617220622,11:53:40.622,mexc,ACH/USDT:USDT,0.022957,6090,0.022956,7784,0.022958,224443,0.022959,239517
1753617220713,11:53:40.713,mexc,ACH/USDT:USDT,0.022957,6090,0.022956,7784,0.022958,224443,0.022959,246062
1753617221024,11:53:41.024,mexc,ACH/USDT:USDT,0.022957,6090,0.022956,7784,0.022958,224443,0.022959,246062
1753617221197,11:53:41.197,mexc,ACH/USDT:USDT,0.02296,8907,0.022959,3231,0.022961,47415,0.022962,1325
1753617221331,11:53:41.331,mexc,ACH/USDT:USDT,0.02296,8907,0.022959,3231,0.022961,47415,0.022962,1325
1753617221822,11:53:41.822,mexc,ACH/USDT:USDT,0.02296,8907,0.022959,3231,0.022961,47415,0.022962,1325
1753617221916,11:53:41.916,mexc,ACH/USDT:USDT,0.02296,8907,0.022959,3231,0.022961,47415,0.022962,1325
1753617222225,11:53:42.225,mexc,ACH/USDT:USDT,0.02296,8907,0.022959,3231,0.022961,47415,0.022962,1325
1753617222317,11:53:42.317,mexc,ACH/USDT:USDT,0.02296,8907,0.022959,3231,0.022961,47415,0.022962,1325
1753617223021,11:53:43.021,mexc,ACH/USDT:USDT,0.02296,8907,0.022959,3231,0.022961,47415,0.022962,1325
1753617223113,11:53:43.113,mexc,ACH/USDT:USDT,0.02296,8907,0.022959,3928,0.022961,47415,0.022962,1325
1753617223425,11:53:43.425,mexc,ACH/USDT:USDT,0.02296,8907,0.022959,3928,0.022961,47415,0.022962,1325
1753617223516,11:53:43.516,mexc,ACH/USDT:USDT,0.02296,8907,0.022959,3231,0.022961,47415,0.022962,1325
1753617224221,11:53:44.221,mexc,ACH/USDT:USDT,0.02296,8907,0.022959,3231,0.022961,47415,0.022962,1325
1753617224313,11:53:44.313,mexc,ACH/USDT:USDT,0.02296,8907,0.022959,4638,0.022961,47415,0.022962,2023
1753617224625,11:53:44.625,mexc,ACH/USDT:USDT,0.02296,8907,0.022959,4638,0.022961,47415,0.022962,2023
1753617224719,11:53:44.719,mexc,ACH/USDT:USDT,0.02296,8907,0.022959,3231,0.022961,47415,0.022962,1325
1753617225421,11:53:45.421,mexc,ACH/USDT:USDT,0.02296,8907,0.022959,4569,0.022961,47415,0.022962,1325
1753617225515,11:53:45.515,mexc,ACH/USDT:USDT,0.02296,8907,0.022959,6131,0.022961,47415,0.022962,1325
1753617225827,11:53:45.827,mexc,ACH/USDT:USDT,0.02296,8907,0.022959,4793,0.022961,47415,0.022962,1325
1753617225917,11:53:45.917,mexc,ACH/USDT:USDT,0.02296,8907,0.022959,3231,0.022961,47415,0.022962,1325
1753617226622,11:53:46.622,mexc,ACH/USDT:USDT,0.02296,8907,0.022959,3231,0.022961,47415,0.022962,1325
1753617226714,11:53:46.714,mexc,ACH/USDT:USDT,0.02296,8907,0.022959,3583,0.022961,47415,0.022962,1939
1753617227027,11:53:47.027,mexc,ACH/USDT:USDT,0.02296,8907,0.022959,3583,0.022961,47415,0.022962,1939
1753617227198,11:53:47.198,mexc,ACH/USDT:USDT,0.02296,30149,0.022959,2944,0.022964,47698,0.022965,1028
1753617227334,11:53:47.334,mexc,ACH/USDT:USDT,0.02296,30149,0.022959,2944,0.022964,47698,0.022965,1028
1753617227822,11:53:47.822,mexc,ACH/USDT:USDT,0.02296,30149,0.022959,2944,0.022964,47698,0.022965,1028
1753617227914,11:53:47.914,mexc,ACH/USDT:USDT,0.02296,30149,0.022959,3825,0.022964,47698,0.022965,1028
1753617228225,11:53:48.225,mexc,ACH/USDT:USDT,0.02296,30149,0.022959,3825,0.022964,47698,0.022965,1028
1753617228317,11:53:48.317,mexc,ACH/USDT:USDT,0.02296,30149,0.022959,2944,0.022964,47698,0.022965,1028
1753617229021,11:53:49.021,mexc,ACH/USDT:USDT,0.02296,30149,0.022959,3863,0.022964,47698,0.022965,1028
1753617229117,11:53:49.117,mexc,ACH/USDT:USDT,0.02296,30149,0.022959,3863,0.022964,47698,0.022965,1028
1753617229425,11:53:49.425,mexc,ACH/USDT:USDT,0.02296,30149,0.022959,2944,0.022964,47698,0.022965,1028
1753617229518,11:53:49.518,mexc,ACH/USDT:USDT,0.02296,30149,0.022959,2944,0.022964,47698,0.022965,1028
1753617230223,11:53:50.223,mexc,ACH/USDT:USDT,0.02296,30149,0.022959,2944,0.022964,47698,0.022965,1028
1753617230388,11:53:50.388,mexc,ACH/USDT:USDT,0.022966,8373,0.022965,95916,0.022968,134532,0.022969,49858
1753617231424,11:53:51.424,mexc,ACH/USDT:USDT,0.022966,8373,0.022965,95916,0.022968,134532,0.022969,49858
1753617231517,11:53:51.517,mexc,ACH/USDT:USDT,0.022966,8373,0.022965,139207,0.022968,134532,0.022969,53312
1753617231826,11:53:51.826,mexc,ACH/USDT:USDT,0.022966,8373,0.022965,139207,0.022968,134532,0.022969,53312
1753617231920,11:53:51.920,mexc,ACH/USDT:USDT,0.022966,8373,0.022965,95916,0.022968,134532,0.022969,49858
1753617232624,11:53:52.624,mexc,ACH/USDT:USDT,0.022966,8373,0.022965,128167,0.022968,134532,0.022969,49858
1753617232716,11:53:52.716,mexc,ACH/USDT:USDT,0.022966,8373,0.022965,128167,0.022968,134532,0.022969,53517
1753617233063,11:53:53.063,mexc,ACH/USDT:USDT,0.022966,8373,0.022965,95916,0.022968,134532,0.022969,53517
1753617233163,11:53:53.163,mexc,ACH/USDT:USDT,0.022966,8373,0.022965,95916,0.022968,134532,0.022969,49858
1753617233337,11:53:53.337,mexc,ACH/USDT:USDT,0.022966,8373,0.022965,95916,0.022968,134532,0.022969,49858
1753617233823,11:53:53.823,mexc,ACH/USDT:USDT,0.022966,8373,0.022965,95916,0.022968,134532,0.022969,49858
1753617233915,11:53:53.915,mexc,ACH/USDT:USDT,0.022966,8373,0.022965,95916,0.022968,134532,0.022969,49858
1753617234228,11:53:54.228,mexc,ACH/USDT:USDT,0.022966,8373,0.022965,95916,0.022968,134532,0.022969,49858
1753617234319,11:53:54.319,mexc,ACH/USDT:USDT,0.022966,8373,0.022965,95916,0.022968,134532,0.022969,49858
1753617235025,11:53:55.025,mexc,ACH/USDT:USDT,0.022966,8373,0.022965,95916,0.022968,134532,0.022969,49858
1753617235118,11:53:55.118,mexc,ACH/USDT:USDT,0.022966,8373,0.022965,95916,0.022968,134532,0.022969,49858
1753617235428,11:53:55.428,mexc,ACH/USDT:USDT,0.022966,8373,0.022965,95916,0.022968,134532,0.022969,49858
1753617235521,11:53:55.521,mexc,ACH/USDT:USDT,0.022966,8373,0.022965,95916,0.022968,134532,0.022969,49858
1753617236190,11:53:56.190,mexc,ACH/USDT:USDT,0.022966,8373,0.022965,95916,0.022968,134532,0.022969,49858
1753617236316,11:53:56.316,mexc,ACH/USDT:USDT,0.022964,32341,0.022963,1663,0.022968,51255,0.022969,34350
1753617236628,11:53:56.628,mexc,ACH/USDT:USDT,0.022964,32341,0.022963,1239,0.022968,51255,0.022969,34350
1753617236720,11:53:56.720,mexc,ACH/USDT:USDT,0.022964,32341,0.022963,1239,0.022968,51255,0.022969,24104
1753617237425,11:53:57.425,mexc,ACH/USDT:USDT,0.022964,32341,0.022963,1239,0.022968,51255,0.022969,24104
1753617237517,11:53:57.517,mexc,ACH/USDT:USDT,0.022964,32341,0.022963,1239,0.022968,51255,0.022969,32191
1753617237828,11:53:57.828,mexc,ACH/USDT:USDT,0.022964,32341,0.022963,1239,0.022968,51255,0.022969,32191
1753617237919,11:53:57.919,mexc,ACH/USDT:USDT,0.022964,32341,0.022963,1239,0.022968,51255,0.022969,24104
1753617238212,11:53:58.212,mexc,ACH/USDT:USDT,0.022964,32341,0.022963,1239,0.022968,51255,0.022969,24104
1753617238626,11:53:58.626,mexc,ACH/USDT:USDT,0.022964,32341,0.022963,1586,0.022968,51255,0.022969,24104
1753617238716,11:53:58.716,mexc,ACH/USDT:USDT,0.022964,32341,0.022963,1586,0.022968,51255,0.022969,29902
1753617239031,11:53:59.031,mexc,ACH/USDT:USDT,0.022964,32341,0.022963,1239,0.022968,51255,0.022969,29902
1753617239122,11:53:59.122,mexc,ACH/USDT:USDT,0.022964,32341,0.022963,1239,0.022968,51255,0.022969,24104
1753617239343,11:53:59.343,mexc,ACH/USDT:USDT,0.022964,32341,0.022963,1239,0.022968,51255,0.022969,24104
1753617239827,11:53:59.827,mexc,ACH/USDT:USDT,0.022964,32341,0.022963,1239,0.022968,51255,0.022969,24104
1753617239916,11:53:59.916,mexc,ACH/USDT:USDT,0.022964,32341,0.022963,1239,0.022968,51255,0.022969,31881
1753617240229,11:54:00.229,mexc,ACH/USDT:USDT,0.022964,32341,0.022963,1239,0.022968,51255,0.022969,31881
1753617240320,11:54:00.320,mexc,ACH/USDT:USDT,0.022964,32341,0.022963,1239,0.022968,51255,0.022969,24104
1753617241027,11:54:01.027,mexc,ACH/USDT:USDT,0.022964,32341,0.022963,1239,0.022968,51255,0.022969,24104
1753617241118,11:54:01.118,mexc,ACH/USDT:USDT,0.022964,32341,0.022963,1816,0.022968,51255,0.022969,24104
1753617241430,11:54:01.430,mexc,ACH/USDT:USDT,0.022964,32341,0.022963,1816,0.022968,51255,0.022969,24104
1753617241522,11:54:01.522,mexc,ACH/USDT:USDT,0.022964,32341,0.022963,1239,0.022968,51255,0.022969,24104
1753617242190,11:54:02.190,mexc,ACH/USDT:USDT,0.022964,32341,0.022963,7705,0.022968,51255,0.022969,24104
1753617242316,11:54:02.316,mexc,ACH/USDT:USDT,0.022963,6466,0.022962,5900,0.022967,44151,0.022968,22979
1753617242630,11:54:02.630,mexc,ACH/USDT:USDT,0.022963,6466,0.022962,5900,0.022967,44151,0.022968,22979
1753617242721,11:54:02.721,mexc,ACH/USDT:USDT,0.022963,6466,0.022962,5900,0.022967,44151,0.022968,20016
1753617243427,11:54:03.427,mexc,ACH/USDT:USDT,0.022963,6466,0.022962,7982,0.022967,44151,0.022968,20016
1753617243518,11:54:03.518,mexc,ACH/USDT:USDT,0.022963,6466,0.022962,10773,0.022967,44151,0.022968,20016
1753617243830,11:54:03.830,mexc,ACH/USDT:USDT,0.022963,6466,0.022962,8691,0.022967,44151,0.022968,20016
1753617243921,11:54:03.921,mexc,ACH/USDT:USDT,0.022963,6466,0.022962,5900,0.022967,44151,0.022968,20016
1753617244212,11:54:04.212,mexc,ACH/USDT:USDT,0.022963,6466,0.022962,5900,0.022967,44151,0.022968,20016
1753617244626,11:54:04.626,mexc,ACH/USDT:USDT,0.022963,6466,0.022962,5900,0.022967,44151,0.022968,20016
1753617244745,11:54:04.745,mexc,ACH/USDT:USDT,0.022963,6466,0.022962,5900,0.022967,44151,0.022968,20016
1753617245030,11:54:05.030,mexc,ACH/USDT:USDT,0.022963,6466,0.022962,5900,0.022967,44151,0.022968,20016
1753617245120,11:54:05.120,mexc,ACH/USDT:USDT,0.022963,6466,0.022962,5900,0.022967,44151,0.022968,20016
1753617245344,11:54:05.344,mexc,ACH/USDT:USDT,0.022963,6466,0.022962,5900,0.022967,44151,0.022968,20016
1753617245828,11:54:05.828,mexc,ACH/USDT:USDT,0.022963,6466,0.022962,5900,0.022967,44151,0.022968,20016
1753617245917,11:54:05.917,mexc,ACH/USDT:USDT,0.022963,6466,0.022962,5900,0.022967,44151,0.022968,20016
1753617246234,11:54:06.234,mexc,ACH/USDT:USDT,0.022963,6466,0.022962,5900,0.022967,44151,0.022968,20016
1753617246322,11:54:06.322,mexc,ACH/USDT:USDT,0.022963,6466,0.022962,5900,0.022967,44151,0.022968,20016
1753617247026,11:54:07.026,mexc,ACH/USDT:USDT,0.022963,6466,0.022962,5900,0.022967,44151,0.022968,20016
1753617247119,11:54:07.119,mexc,ACH/USDT:USDT,0.022963,6466,0.022962,5900,0.022967,44151,0.022968,20016
1753617247249,11:54:07.249,mexc,ACH/USDT:USDT,0.022959,19533,0.022958,31236,0.022961,75410,0.022962,57053
1753617248063,11:54:08.063,mexc,ACH/USDT:USDT,0.022959,19533,0.022958,31236,0.022961,75410,0.022962,57053
1753617248226,11:54:08.226,mexc,ACH/USDT:USDT,0.022954,24665,0.022953,120509,0.022956,59181,0.022957,28584
1753617248318,11:54:08.318,mexc,ACH/USDT:USDT,0.022954,24665,0.022953,120509,0.022956,59181,0.022957,32039
1753617248721,11:54:08.721,mexc,ACH/USDT:USDT,0.022954,24665,0.022953,117123,0.022956,59181,0.022957,32039
1753617248721,11:54:08.721,mexc,ACH/USDT:USDT,0.022954,24665,0.022953,117123,0.022956,59181,0.022957,28584
1753617249428,11:54:09.428,mexc,ACH/USDT:USDT,0.022954,24665,0.022953,121699,0.022956,59181,0.022957,28584
1753617249520,11:54:09.520,mexc,ACH/USDT:USDT,0.022954,24665,0.022953,121699,0.022956,59181,0.022957,28584
1753617249831,11:54:09.831,mexc,ACH/USDT:USDT,0.022954,24665,0.022953,117123,0.022956,59181,0.022957,28584
1753617249922,11:54:09.922,mexc,ACH/USDT:USDT,0.022954,24665,0.022953,117123,0.022956,59181,0.022957,28584
1753617250215,11:54:10.215,mexc,ACH/USDT:USDT,0.022954,24665,0.022953,117123,0.022956,59181,0.022957,28584
1753617250628,11:54:10.628,mexc,ACH/USDT:USDT,0.022954,24665,0.022953,117123,0.022956,59181,0.022957,28584
1753617250719,11:54:10.719,mexc,ACH/USDT:USDT,0.022954,24665,0.022953,117123,0.022956,59181,0.022957,28584
1753617251122,11:54:11.122,mexc,ACH/USDT:USDT,0.022954,24665,0.022953,117123,0.022956,59181,0.022957,28584
1753617251122,11:54:11.122,mexc,ACH/USDT:USDT,0.022954,24665,0.022953,117123,0.022956,59181,0.022957,28584
1753617251350,11:54:11.350,mexc,ACH/USDT:USDT,0.022954,24665,0.022953,117123,0.022956,59181,0.022957,28584
1753617251828,11:54:11.828,mexc,ACH/USDT:USDT,0.022954,24665,0.022953,117123,0.022956,59181,0.022957,28584
1753617251919,11:54:11.919,mexc,ACH/USDT:USDT,0.022954,24665,0.022953,117123,0.022956,59181,0.022957,28584
1753617252231,11:54:12.231,mexc,ACH/USDT:USDT,0.022954,24665,0.022953,117123,0.022956,59181,0.022957,28584
1753617252323,11:54:12.323,mexc,ACH/USDT:USDT,0.022954,24665,0.022953,117123,0.022956,59181,0.022957,28584
1753617253028,11:54:13.028,mexc,ACH/USDT:USDT,0.022954,24665,0.022953,117123,0.022956,59181,0.022957,28584
1753617253209,11:54:13.209,mexc,ACH/USDT:USDT,0.022953,7229,0.022952,12156,0.022956,62782,0.022957,14041
1753617254263,11:54:14.263,mexc,ACH/USDT:USDT,0.022953,7229,0.022952,18204,0.022956,62782,0.022957,14041
1753617254319,11:54:14.319,mexc,ACH/USDT:USDT,0.022953,7229,0.022952,18204,0.022956,62782,0.022957,16304
1753617254723,11:54:14.723,mexc,ACH/USDT:USDT,0.022953,7229,0.022952,12156,0.022956,62782,0.022957,14041
1753617254723,11:54:14.723,mexc,ACH/USDT:USDT,0.022953,7229,0.022952,12156,0.022956,62782,0.022957,14041
1753617255463,11:54:15.463,mexc,ACH/USDT:USDT,0.022953,7229,0.022952,17359,0.022956,62782,0.022957,14041
1753617255521,11:54:15.521,mexc,ACH/USDT:USDT,0.022953,7229,0.022952,17359,0.022956,62782,0.022957,17641
1753617255867,11:54:15.867,mexc,ACH/USDT:USDT,0.022953,7229,0.022952,12156,0.022956,62782,0.022957,17641
1753617255924,11:54:15.924,mexc,ACH/USDT:USDT,0.022953,7229,0.022952,12156,0.022956,62782,0.022957,14041
1753617256215,11:54:16.215,mexc,ACH/USDT:USDT,0.022953,7229,0.022952,12156,0.022956,62782,0.022957,14041
1753617256664,11:54:16.664,mexc,ACH/USDT:USDT,0.022953,7229,0.022952,12156,0.022956,62782,0.022957,14041
1753617256721,11:54:16.721,mexc,ACH/USDT:USDT,0.022953,7229,0.022952,12156,0.022956,62782,0.022957,14041
1753617257068,11:54:17.068,mexc,ACH/USDT:USDT,0.022953,7229,0.022952,12156,0.022956,62782,0.022957,14041
1753617257124,11:54:17.124,mexc,ACH/USDT:USDT,0.022953,7229,0.022952,12156,0.022956,62782,0.022957,14041
1753617257351,11:54:17.351,mexc,ACH/USDT:USDT,0.022953,7229,0.022952,12156,0.022956,62782,0.022957,14041
1753617257863,11:54:17.863,mexc,ACH/USDT:USDT,0.022953,7229,0.022952,15589,0.022956,62782,0.022957,14041
1753617257922,11:54:17.922,mexc,ACH/USDT:USDT,0.022953,7229,0.022952,17355,0.022956,62782,0.022957,20096
1753617258267,11:54:18.267,mexc,ACH/USDT:USDT,0.022953,7229,0.022952,13922,0.022956,62782,0.022957,20096
1753617258325,11:54:18.325,mexc,ACH/USDT:USDT,0.022953,7229,0.022952,12156,0.022956,62782,0.022957,14041
1753617259063,11:54:19.063,mexc,ACH/USDT:USDT,0.022953,7229,0.022952,15458,0.022956,62782,0.022957,14041
1753617259210,11:54:19.210,mexc,ACH/USDT:USDT,0.022953,23622,0.022952,19301,0.022954,36164,0.022955,2452
1753617260271,11:54:20.271,mexc,ACH/USDT:USDT,0.022953,23622,0.022952,19301,0.022954,36164,0.022955,2452
1753617260321,11:54:20.321,mexc,ACH/USDT:USDT,0.022953,23622,0.022952,19301,0.022954,36164,0.022955,2823
1753617260725,11:54:20.725,mexc,ACH/USDT:USDT,0.022953,23622,0.022952,19301,0.022954,36164,0.022955,2452
1753617260725,11:54:20.725,mexc,ACH/USDT:USDT,0.022953,23622,0.022952,19301,0.022954,36164,0.022955,2452
1753617261466,11:54:21.466,mexc,ACH/USDT:USDT,0.022953,23622,0.022952,19301,0.022954,36164,0.022955,2452
1753617261563,11:54:21.563,mexc,ACH/USDT:USDT,0.022953,23622,0.022952,19301,0.022954,36164,0.022955,2987
1753617261870,11:54:21.870,mexc,ACH/USDT:USDT,0.022953,23622,0.022952,19301,0.022954,36164,0.022955,2987
1753617261966,11:54:21.966,mexc,ACH/USDT:USDT,0.022953,23622,0.022952,19301,0.022954,36164,0.022955,2452
1753617262219,11:54:22.219,mexc,ACH/USDT:USDT,0.022953,23622,0.022952,19301,0.022954,36164,0.022955,2452
1753617262664,11:54:22.664,mexc,ACH/USDT:USDT,0.022953,23622,0.022952,19301,0.022954,36164,0.022955,2452
1753617262762,11:54:22.762,mexc,ACH/USDT:USDT,0.022953,23622,0.022952,19301,0.022954,36164,0.022955,4347
1753617263066,11:54:23.066,mexc,ACH/USDT:USDT,0.022953,23622,0.022952,19301,0.022954,36164,0.022955,4347
1753617263166,11:54:23.166,mexc,ACH/USDT:USDT,0.022953,23622,0.022952,19301,0.022954,36164,0.022955,2452
1753617263354,11:54:23.354,mexc,ACH/USDT:USDT,0.022953,23622,0.022952,19301,0.022954,36164,0.022955,2452
1753617263864,11:54:23.864,mexc,ACH/USDT:USDT,0.022953,23622,0.022952,19301,0.022954,36164,0.022955,2452
1753617263964,11:54:23.964,mexc,ACH/USDT:USDT,0.022953,23622,0.022952,19301,0.022954,36164,0.022955,3033
1753617264269,11:54:24.269,mexc,ACH/USDT:USDT,0.022953,23622,0.022952,19301,0.022954,36164,0.022955,3033
1753617264367,11:54:24.367,mexc,ACH/USDT:USDT,0.022953,23622,0.022952,19301,0.022954,36164,0.022955,2452
1753617265064,11:54:25.064,mexc,ACH/USDT:USDT,0.022953,23622,0.022952,19301,0.022954,36164,0.022955,2452
1753617265212,11:54:25.212,mexc,ACH/USDT:USDT,0.022953,29356,0.022952,19203,0.022954,18049,0.022955,1765
1753617266266,11:54:26.266,mexc,ACH/USDT:USDT,0.022953,29356,0.022952,19203,0.022954,18049,0.022955,1765
1753617266363,11:54:26.363,mexc,ACH/USDT:USDT,0.022953,29356,0.022952,26562,0.022954,18049,0.022955,1765
1753617266667,11:54:26.667,mexc,ACH/USDT:USDT,0.022953,29356,0.022952,26562,0.022954,18049,0.022955,1765
1753617266767,11:54:26.767,mexc,ACH/USDT:USDT,0.022953,29356,0.022952,19203,0.022954,18049,0.022955,1765
1753617267464,11:54:27.464,mexc,ACH/USDT:USDT,0.022953,29356,0.022952,19203,0.022954,18049,0.022955,1765
1753617267563,11:54:27.563,mexc,ACH/USDT:USDT,0.022953,29356,0.022952,27056,0.022954,18049,0.022955,2607
1753617267869,11:54:27.869,mexc,ACH/USDT:USDT,0.022953,29356,0.022952,27056,0.022954,18049,0.022955,2607
1753617267967,11:54:27.967,mexc,ACH/USDT:USDT,0.022953,29356,0.022952,19203,0.022954,18049,0.022955,1765
1753617268222,11:54:28.222,mexc,ACH/USDT:USDT,0.022953,29356,0.022952,19203,0.022954,18049,0.022955,1765
1753617268664,11:54:28.664,mexc,ACH/USDT:USDT,0.022953,29356,0.022952,19203,0.022954,18049,0.022955,1765
1753617268764,11:54:28.764,mexc,ACH/USDT:USDT,0.022953,29356,0.022952,19203,0.022954,18049,0.022955,1765
1753617269069,11:54:29.069,mexc,ACH/USDT:USDT,0.022953,29356,0.022952,19203,0.022954,18049,0.022955,1765
1753617269167,11:54:29.167,mexc,ACH/USDT:USDT,0.022953,29356,0.022952,19203,0.022954,18049,0.022955,1765
1753617269425,11:54:29.425,mexc,ACH/USDT:USDT,0.022953,29356,0.022952,19203,0.022954,18049,0.022955,1765
1753617269865,11:54:29.865,mexc,ACH/USDT:USDT,0.022953,29356,0.022952,19203,0.022954,18049,0.022955,1765
1753617269965,11:54:29.965,mexc,ACH/USDT:USDT,0.022953,29356,0.022952,19203,0.022954,18049,0.022955,1765
1753617270269,11:54:30.269,mexc,ACH/USDT:USDT,0.022953,29356,0.022952,19203,0.022954,18049,0.022955,1765
1753617270368,11:54:30.368,mexc,ACH/USDT:USDT,0.022953,29356,0.022952,19203,0.022954,18049,0.022955,1765
1753617271066,11:54:31.066,mexc,ACH/USDT:USDT,0.022953,29356,0.022952,27685,0.022954,18049,0.022955,1765
1753617271214,11:54:31.214,mexc,ACH/USDT:USDT,0.022951,5816,0.02295,1722,0.022952,51716,0.022953,18998
1753617272267,11:54:32.267,mexc,ACH/USDT:USDT,0.022951,5816,0.02295,1722,0.022952,51716,0.022953,18998
1753617272366,11:54:32.366,mexc,ACH/USDT:USDT,0.022951,5816,0.02295,1722,0.022952,51716,0.022953,28149
1753617272670,11:54:32.670,mexc,ACH/USDT:USDT,0.022951,5816,0.02295,1722,0.022952,51716,0.022953,28149
1753617272772,11:54:32.772,mexc,ACH/USDT:USDT,0.022951,5816,0.02295,1722,0.022952,51716,0.022953,18998
1753617273466,11:54:33.466,mexc,ACH/USDT:USDT,0.022951,5816,0.02295,2367,0.022952,51716,0.022953,18998
1753617273565,11:54:33.565,mexc,ACH/USDT:USDT,0.022951,5816,0.02295,2367,0.022952,51716,0.022953,18998
1753617273870,11:54:33.870,mexc,ACH/USDT:USDT,0.022951,5816,0.02295,1722,0.022952,51716,0.022953,18998
1753617273970,11:54:33.970,mexc,ACH/USDT:USDT,0.022951,5816,0.02295,1722,0.022952,51716,0.022953,18998
1753617274223,11:54:34.223,mexc,ACH/USDT:USDT,0.022951,5816,0.02295,1722,0.022952,51716,0.022953,18998
1753617274666,11:54:34.666,mexc,ACH/USDT:USDT,0.022951,5816,0.02295,1722,0.022952,51716,0.022953,18998
1753617274766,11:54:34.766,mexc,ACH/USDT:USDT,0.022951,5816,0.02295,1722,0.022952,51716,0.022953,18998
1753617275069,11:54:35.069,mexc,ACH/USDT:USDT,0.022951,5816,0.02295,1722,0.022952,51716,0.022953,18998
1753617275171,11:54:35.171,mexc,ACH/USDT:USDT,0.022951,5816,0.02295,1722,0.022952,51716,0.022953,18998
1753617275423,11:54:35.423,mexc,ACH/USDT:USDT,0.022951,5816,0.02295,1722,0.022952,51716,0.022953,18998
1753617275866,11:54:35.866,mexc,ACH/USDT:USDT,0.022951,5816,0.02295,1722,0.022952,51716,0.022953,18998
1753617275966,11:54:35.966,mexc,ACH/USDT:USDT,0.022951,5816,0.02295,1722,0.022952,51716,0.022953,25828
1753617276269,11:54:36.269,mexc,ACH/USDT:USDT,0.022951,5816,0.02295,1722,0.022952,51716,0.022953,25828
1753617276369,11:54:36.369,mexc,ACH/USDT:USDT,0.022951,5816,0.02295,1722,0.022952,51716,0.022953,18998
1753617276861,11:54:36.861,mexc,ACH/USDT:USDT,0.022951,5816,0.02295,1722,0.022952,51716,0.022953,18998
1753617277067,11:54:37.067,mexc,ACH/USDT:USDT,0.022951,5816,0.02295,1722,0.022952,51716,0.022953,18998
1753617277219,11:54:37.219,mexc,ACH/USDT:USDT,0.022949,3083,0.022948,11824,0.02295,15682,0.022951,26636
1753617278268,11:54:38.268,mexc,ACH/USDT:USDT,0.022949,3083,0.022948,16871,0.02295,15682,0.022951,26636
1753617278366,11:54:38.366,mexc,ACH/USDT:USDT,0.022949,3083,0.022948,21323,0.02295,15682,0.022951,26636
1753617278671,11:54:38.671,mexc,ACH/USDT:USDT,0.022949,3083,0.022948,16276,0.02295,15682,0.022951,26636
1753617278771,11:54:38.771,mexc,ACH/USDT:USDT,0.022949,3083,0.022948,11824,0.02295,15682,0.022951,26636
1753617279467,11:54:39.467,mexc,ACH/USDT:USDT,0.022949,3083,0.022948,11824,0.02295,15682,0.022951,26636
1753617279566,11:54:39.566,mexc,ACH/USDT:USDT,0.022949,3083,0.022948,11824,0.02295,15682,0.022951,26636
1753617279869,11:54:39.869,mexc,ACH/USDT:USDT,0.022949,3083,0.022948,11824,0.02295,15682,0.022951,26636
1753617279970,11:54:39.970,mexc,ACH/USDT:USDT,0.022949,3083,0.022948,11824,0.02295,15682,0.022951,26636
1753617280222,11:54:40.222,mexc,ACH/USDT:USDT,0.022949,3083,0.022948,11824,0.02295,15682,0.022951,26636
1753617280667,11:54:40.667,mexc,ACH/USDT:USDT,0.022949,3083,0.022948,11824,0.02295,15682,0.022951,26636
1753617280765,11:54:40.765,mexc,ACH/USDT:USDT,0.022949,3083,0.022948,11824,0.02295,15682,0.022951,30980
1753617281071,11:54:41.071,mexc,ACH/USDT:USDT,0.022949,3083,0.022948,11824,0.02295,15682,0.022951,30980
1753617281170,11:54:41.170,mexc,ACH/USDT:USDT,0.022949,3083,0.022948,11824,0.02295,15682,0.022951,26636
1753617281427,11:54:41.427,mexc,ACH/USDT:USDT,0.022949,3083,0.022948,11824,0.02295,15682,0.022951,26636
1753617281868,11:54:41.868,mexc,ACH/USDT:USDT,0.022949,3083,0.022948,15173,0.02295,15682,0.022951,26636
1753617281968,11:54:41.968,mexc,ACH/USDT:USDT,0.022949,3083,0.022948,15173,0.02295,15682,0.022951,30392
1753617282271,11:54:42.271,mexc,ACH/USDT:USDT,0.022949,3083,0.022948,11824,0.02295,15682,0.022951,30392
1753617282372,11:54:42.372,mexc,ACH/USDT:USDT,0.022949,3083,0.022948,11824,0.02295,15682,0.022951,26636
1753617283068,11:54:43.068,mexc,ACH/USDT:USDT,0.022949,3083,0.022948,15161,0.02295,15682,0.022951,26636
1753617283225,11:54:43.225,mexc,ACH/USDT:USDT,0.022948,25584,0.022947,13239,0.022949,17724,0.02295,9817
1753617284268,11:54:44.268,mexc,ACH/USDT:USDT,0.022948,25584,0.022947,13239,0.022949,17724,0.02295,9817
1753617284368,11:54:44.368,mexc,ACH/USDT:USDT,0.022948,25584,0.022947,13239,0.022949,17724,0.02295,9817
1753617284674,11:54:44.674,mexc,ACH/USDT:USDT,0.022948,25584,0.022947,13239,0.022949,17724,0.02295,9817
1753617284772,11:54:44.772,mexc,ACH/USDT:USDT,0.022948,25584,0.022947,13239,0.022949,17724,0.02295,9817
1753617285469,11:54:45.469,mexc,ACH/USDT:USDT,0.022948,25584,0.022947,13239,0.022949,17724,0.02295,9817
1753617285569,11:54:45.569,mexc,ACH/USDT:USDT,0.022948,25584,0.022947,15350,0.022949,17724,0.02295,9817
1753617285873,11:54:45.873,mexc,ACH/USDT:USDT,0.022948,25584,0.022947,15350,0.022949,17724,0.02295,9817
1753617285972,11:54:45.972,mexc,ACH/USDT:USDT,0.022948,25584,0.022947,13239,0.022949,17724,0.02295,9817
1753617286225,11:54:46.225,mexc,ACH/USDT:USDT,0.022948,25584,0.022947,13239,0.022949,17724,0.02295,9817
1753617286669,11:54:46.669,mexc,ACH/USDT:USDT,0.022948,25584,0.022947,15239,0.022949,17724,0.02295,9817
1753617286769,11:54:46.769,mexc,ACH/USDT:USDT,0.022948,25584,0.022947,15239,0.022949,17724,0.02295,9817
1753617287073,11:54:47.073,mexc,ACH/USDT:USDT,0.022948,25584,0.022947,13239,0.022949,17724,0.02295,9817
1753617287174,11:54:47.174,mexc,ACH/USDT:USDT,0.022948,25584,0.022947,13239,0.022949,17724,0.02295,9817
1753617287430,11:54:47.430,mexc,ACH/USDT:USDT,0.022948,25584,0.022947,13239,0.022949,17724,0.02295,9817
1753617287869,11:54:47.869,mexc,ACH/USDT:USDT,0.022948,25584,0.022947,18541,0.022949,17724,0.02295,9817
1753617287970,11:54:47.970,mexc,ACH/USDT:USDT,0.022948,25584,0.022947,22418,0.022949,17724,0.02295,9817
1753617288272,11:54:48.272,mexc,ACH/USDT:USDT,0.022948,25584,0.022947,17116,0.022949,17724,0.02295,9817
1753617288374,11:54:48.374,mexc,ACH/USDT:USDT,0.022948,25584,0.022947,13239,0.022949,17724,0.02295,9817
1753617289069,11:54:49.069,mexc,ACH/USDT:USDT,0.022948,25584,0.022947,16012,0.022949,17724,0.02295,9817
1753617289227,11:54:49.227,mexc,ACH/USDT:USDT,0.022948,5664,0.022947,13605,0.022949,52392,0.02295,6579
1753617290268,11:54:50.268,mexc,ACH/USDT:USDT,0.022948,5664,0.022947,13605,0.022949,52392,0.02295,6579
1753617290369,11:54:50.369,mexc,ACH/USDT:USDT,0.022948,5664,0.022947,13605,0.022949,52392,0.02295,6579
1753617290673,11:54:50.673,mexc,ACH/USDT:USDT,0.022948,5664,0.022947,13605,0.022949,52392,0.02295,6579
1753617290774,11:54:50.774,mexc,ACH/USDT:USDT,0.022948,5664,0.022947,13605,0.022949,52392,0.02295,6579
1753617291172,11:54:51.172,mexc,ACH/USDT:USDT,0.022948,5664,0.022947,13605,0.022949,52392,0.02295,6579
1753617291183,11:54:51.183,mexc,ACH/USDT:USDT,0.022953,13738,0.022952,4669,0.022954,64007,0.022955,98552
1753617291571,11:54:51.571,mexc,ACH/USDT:USDT,0.022953,13738,0.022952,5840,0.022954,64007,0.022955,99179
1753617291875,11:54:51.875,mexc,ACH/USDT:USDT,0.022953,13738,0.022952,5840,0.022954,64007,0.022955,99179
1753617291976,11:54:51.976,mexc,ACH/USDT:USDT,0.022953,13738,0.022952,4669,0.022954,64007,0.022955,98552
1753617292226,11:54:52.226,mexc,ACH/USDT:USDT,0.022953,13738,0.022952,4669,0.022954,64007,0.022955,98552
1753617292669,11:54:52.669,mexc,ACH/USDT:USDT,0.022953,13738,0.022952,4669,0.022954,64007,0.022955,98552
1753617292771,11:54:52.771,mexc,ACH/USDT:USDT,0.022953,13738,0.022952,4669,0.022954,64007,0.022955,98552
1753617293072,11:54:53.072,mexc,ACH/USDT:USDT,0.022953,13738,0.022952,4669,0.022954,64007,0.022955,98552
1753617293175,11:54:53.175,mexc,ACH/USDT:USDT,0.022953,13738,0.022952,4669,0.022954,64007,0.022955,98552
1753617293434,11:54:53.434,mexc,ACH/USDT:USDT,0.022953,13738,0.022952,4669,0.022954,64007,0.022955,98552
1753617293869,11:54:53.869,mexc,ACH/USDT:USDT,0.022953,13738,0.022952,4669,0.022954,64007,0.022955,98552
1753617293971,11:54:53.971,mexc,ACH/USDT:USDT,0.022953,13738,0.022952,4669,0.022954,64007,0.022955,102468
1753617294273,11:54:54.273,mexc,ACH/USDT:USDT,0.022953,13738,0.022952,4669,0.022954,64007,0.022955,102468
1753617294375,11:54:54.375,mexc,ACH/USDT:USDT,0.022953,13738,0.022952,4669,0.022954,64007,0.022955,98552
1753617295070,11:54:55.070,mexc,ACH/USDT:USDT,0.022953,13738,0.022952,4669,0.022954,64007,0.022955,98552
1753617295173,11:54:55.173,mexc,ACH/USDT:USDT,0.022953,13738,0.022952,4669,0.022954,64007,0.022955,98552
1753617295474,11:54:55.474,mexc,ACH/USDT:USDT,0.022953,13738,0.022952,4669,0.022954,64007,0.022955,98552
1753617295575,11:54:55.575,mexc,ACH/USDT:USDT,0.022953,13738,0.022952,4669,0.022954,64007,0.022955,98552
1753617296212,11:54:56.212,mexc,ACH/USDT:USDT,0.022953,13738,0.022952,4669,0.022954,64007,0.022955,102658
1753617296372,11:54:56.372,mexc,ACH/USDT:USDT,0.022954,15671,0.022953,9861,0.022955,4106,0.022956,12363
1753617296674,11:54:56.674,mexc,ACH/USDT:USDT,0.022954,15671,0.022953,9861,0.022955,4106,0.022956,12363
1753617296774,11:54:56.774,mexc,ACH/USDT:USDT,0.022954,15671,0.022953,9861,0.022955,4106,0.022956,9089
1753617297470,11:54:57.470,mexc,ACH/USDT:USDT,0.022954,15671,0.022953,9861,0.022955,4106,0.022956,9089
1753617297572,11:54:57.572,mexc,ACH/USDT:USDT,0.022954,15671,0.022953,9861,0.022955,4106,0.022956,9089
1753617297874,11:54:57.874,mexc,ACH/USDT:USDT,0.022954,15671,0.022953,9861,0.022955,4106,0.022956,9089
1753617297976,11:54:57.976,mexc,ACH/USDT:USDT,0.022954,15671,0.022953,9861,0.022955,4106,0.022956,9089
1753617298231,11:54:58.231,mexc,ACH/USDT:USDT,0.022954,15671,0.022953,9861,0.022955,4106,0.022956,9089
1753617298671,11:54:58.671,mexc,ACH/USDT:USDT,0.022954,15671,0.022953,9861,0.022955,4106,0.022956,9089
1753617298774,11:54:58.774,mexc,ACH/USDT:USDT,0.022954,15671,0.022953,9861,0.022955,4106,0.022956,9089
1753617299075,11:54:59.075,mexc,ACH/USDT:USDT,0.022954,15671,0.022953,9861,0.022955,4106,0.022956,9089
1753617299177,11:54:59.177,mexc,ACH/USDT:USDT,0.022954,15671,0.022953,9861,0.022955,4106,0.022956,9089
1753617299440,11:54:59.440,mexc,ACH/USDT:USDT,0.022954,15671,0.022953,9861,0.022955,4106,0.022956,9089
1753617299871,11:54:59.871,mexc,ACH/USDT:USDT,0.022954,15671,0.022953,13010,0.022955,4106,0.022956,9089
1753617299973,11:54:59.973,mexc,ACH/USDT:USDT,0.022954,15671,0.022953,13010,0.022955,4106,0.022956,9089
1753617300275,11:55:00.275,mexc,ACH/USDT:USDT,0.022954,15671,0.022953,9861,0.022955,4106,0.022956,9089
1753617300376,11:55:00.376,mexc,ACH/USDT:USDT,0.022954,15671,0.022953,9861,0.022955,4106,0.022956,9089
1753617301071,11:55:01.071,mexc,ACH/USDT:USDT,0.022954,15671,0.022953,9861,0.022955,4106,0.022956,9089
1753617301173,11:55:01.173,mexc,ACH/USDT:USDT,0.022954,15671,0.022953,9861,0.022955,4106,0.022956,11917
1753617301475,11:55:01.475,mexc,ACH/USDT:USDT,0.022954,15671,0.022953,9861,0.022955,4106,0.022956,11917
1753617301578,11:55:01.578,mexc,ACH/USDT:USDT,0.022954,15671,0.022953,9861,0.022955,4106,0.022956,9089
1753617302213,11:55:02.213,mexc,ACH/USDT:USDT,0.022954,15671,0.022953,17408,0.022955,4106,0.022956,9089
1753617302373,11:55:02.373,mexc,ACH/USDT:USDT,0.022953,7547,0.022952,6425,0.022955,11370,0.022956,15463
1753617302676,11:55:02.676,mexc,ACH/USDT:USDT,0.022953,7547,0.022952,6425,0.022955,11370,0.022956,15463
1753617302777,11:55:02.777,mexc,ACH/USDT:USDT,0.022953,7547,0.022952,5309,0.022955,11370,0.022956,13516
1753617303301,11:55:03.301,mexc,ACH/USDT:USDT,0.022953,7547,0.022952,5309,0.022955,11370,0.022956,13516
1753617303472,11:55:03.472,mexc,ACH/USDT:USDT,0.022953,7547,0.022952,5309,0.022955,11370,0.022956,13516
1753617303573,11:55:03.573,mexc,ACH/USDT:USDT,0.022953,7547,0.022952,5309,0.022955,11370,0.022956,13516
1753617303977,11:55:03.977,mexc,ACH/USDT:USDT,0.022953,7547,0.022952,5309,0.022955,11370,0.022956,13516
1753617303977,11:55:03.977,mexc,ACH/USDT:USDT,0.022953,7547,0.022952,5309,0.022955,11370,0.022956,13516
1753617304665,11:55:04.665,mexc,ACH/USDT:USDT,0.022953,7547,0.022952,5309,0.022955,11370,0.022956,13516
1753617304775,11:55:04.775,mexc,ACH/USDT:USDT,0.022948,17517,0.022947,37549,0.02295,29918,0.022951,37782
1753617305179,11:55:05.179,mexc,ACH/USDT:USDT,0.022948,17517,0.022947,37549,0.02295,29918,0.022951,37782
1753617305179,11:55:05.179,mexc,ACH/USDT:USDT,0.022948,17517,0.022947,37549,0.02295,29918,0.022951,37782
1753617305445,11:55:05.445,mexc,ACH/USDT:USDT,0.022948,17517,0.022947,37549,0.02295,29918,0.022951,37782
1753617305873,11:55:05.873,mexc,ACH/USDT:USDT,0.022948,17517,0.022947,37549,0.02295,29918,0.022951,37782
1753617305974,11:55:05.974,mexc,ACH/USDT:USDT,0.022948,17517,0.022947,37549,0.02295,29918,0.022951,37782
1753617306282,11:55:06.282,mexc,ACH/USDT:USDT,0.022948,17517,0.022947,37549,0.02295,29918,0.022951,37782
1753617306378,11:55:06.378,mexc,ACH/USDT:USDT,0.022948,17517,0.022947,37549,0.02295,29918,0.022951,37782
1753617307075,11:55:07.075,mexc,ACH/USDT:USDT,0.022948,17517,0.022947,37549,0.02295,29918,0.022951,37782
1753617307174,11:55:07.174,mexc,ACH/USDT:USDT,0.022948,17517,0.022947,37549,0.02295,29918,0.022951,44123
1753617307579,11:55:07.579,mexc,ACH/USDT:USDT,0.022948,17517,0.022947,37549,0.02295,29918,0.022951,37782
1753617307579,11:55:07.579,mexc,ACH/USDT:USDT,0.022948,17517,0.022947,37549,0.02295,29918,0.022951,37782
1753617308275,11:55:08.275,mexc,ACH/USDT:USDT,0.022948,17517,0.022947,40773,0.02295,29918,0.022951,37782
1753617308374,11:55:08.374,mexc,ACH/USDT:USDT,0.022948,17517,0.022947,40773,0.02295,29918,0.022951,56028
1753617308679,11:55:08.679,mexc,ACH/USDT:USDT,0.022948,17517,0.022947,37549,0.02295,29918,0.022951,56028
1753617308779,11:55:08.779,mexc,ACH/USDT:USDT,0.022948,17517,0.022947,37549,0.02295,29918,0.022951,37782
1753617309300,11:55:09.300,mexc,ACH/USDT:USDT,0.022948,17517,0.022947,37549,0.02295,29918,0.022951,37782
1753617309475,11:55:09.475,mexc,ACH/USDT:USDT,0.022948,17517,0.022947,37549,0.02295,29918,0.022951,37782
1753617309574,11:55:09.574,mexc,ACH/USDT:USDT,0.022948,17517,0.022947,37549,0.02295,29918,0.022951,37782
1753617309979,11:55:09.979,mexc,ACH/USDT:USDT,0.022948,17517,0.022947,37549,0.02295,29918,0.022951,37782
1753617309979,11:55:09.979,mexc,ACH/USDT:USDT,0.022948,17517,0.022947,37549,0.02295,29918,0.022951,37782
1753617310229,11:55:10.229,mexc,ACH/USDT:USDT,0.022947,17775,0.022946,40283,0.022948,15321,0.022949,2173
1753617310675,11:55:10.675,mexc,ACH/USDT:USDT,0.022947,17775,0.022946,40283,0.022948,15321,0.022949,2173
1753617310775,11:55:10.775,mexc,ACH/USDT:USDT,0.022947,17775,0.022946,40283,0.022948,15321,0.022949,2732
1753617311078,11:55:11.078,mexc,ACH/USDT:USDT,0.022947,17775,0.022946,40283,0.022948,15321,0.022949,2732
1753617311181,11:55:11.181,mexc,ACH/USDT:USDT,0.022947,17775,0.022946,40283,0.022948,15321,0.022949,2173
1753617311444,11:55:11.444,mexc,ACH/USDT:USDT,0.022947,17775,0.022946,40283,0.022948,15321,0.022949,2173
1753617311877,11:55:11.877,mexc,ACH/USDT:USDT,0.022947,17775,0.022946,50737,0.022948,15321,0.022949,2173
1753617311975,11:55:11.975,mexc,ACH/USDT:USDT,0.022947,17775,0.022946,69971,0.022948,15321,0.022949,2173
1753617312282,11:55:12.282,mexc,ACH/USDT:USDT,0.022947,17775,0.022946,59517,0.022948,15321,0.022949,2173
1753617312380,11:55:12.380,mexc,ACH/USDT:USDT,0.022947,17775,0.022946,40283,0.022948,15321,0.022949,2173
1753617313076,11:55:13.076,mexc,ACH/USDT:USDT,0.022947,17775,0.022946,56896,0.022948,15321,0.022949,2173
1753617313181,11:55:13.181,mexc,ACH/USDT:USDT,0.022947,17775,0.022946,56896,0.022948,15321,0.022949,2585
1753617313479,11:55:13.479,mexc,ACH/USDT:USDT,0.022947,17775,0.022946,40283,0.022948,15321,0.022949,2585
1753617313579,11:55:13.579,mexc,ACH/USDT:USDT,0.022947,17775,0.022946,40283,0.022948,15321,0.022949,2173
1753617314274,11:55:14.274,mexc,ACH/USDT:USDT,0.022947,17775,0.022946,40283,0.022948,15321,0.022949,2173
1753617314376,11:55:14.376,mexc,ACH/USDT:USDT,0.022947,17775,0.022946,40283,0.022948,15321,0.022949,2173
1753617314679,11:55:14.679,mexc,ACH/USDT:USDT,0.022947,17775,0.022946,40283,0.022948,15321,0.022949,2173
1753617314779,11:55:14.779,mexc,ACH/USDT:USDT,0.022947,17775,0.022946,40283,0.022948,15321,0.022949,2173
1753617315302,11:55:15.302,mexc,ACH/USDT:USDT,0.022947,17775,0.022946,40283,0.022948,15321,0.022949,2173
1753617315477,11:55:15.477,mexc,ACH/USDT:USDT,0.022947,17775,0.022946,40283,0.022948,15321,0.022949,2173
1753617315577,11:55:15.577,mexc,ACH/USDT:USDT,0.022947,17775,0.022946,40283,0.022948,15321,0.022949,2774
1753617315981,11:55:15.981,mexc,ACH/USDT:USDT,0.022947,17775,0.022946,40283,0.022948,15321,0.022949,2774
1753617315981,11:55:15.981,mexc,ACH/USDT:USDT,0.022947,17775,0.022946,40283,0.022948,15321,0.022949,2173
1753617316231,11:55:16.231,mexc,ACH/USDT:USDT,0.022948,114181,0.022947,48388,0.022949,33382,0.02295,3280
1753617316674,11:55:16.674,mexc,ACH/USDT:USDT,0.022948,114181,0.022947,48388,0.022949,33382,0.02295,3280
1753617316775,11:55:16.775,mexc,ACH/USDT:USDT,0.022948,114181,0.022947,48388,0.022949,33382,0.02295,4508
1753617317086,11:55:17.086,mexc,ACH/USDT:USDT,0.022948,114181,0.022947,48388,0.022949,33382,0.02295,4508
1753617317263,11:55:17.263,mexc,ACH/USDT:USDT,0.022948,114181,0.022947,48388,0.022949,33382,0.02295,3280
1753617317449,11:55:17.449,mexc,ACH/USDT:USDT,0.022948,114181,0.022947,48388,0.022949,33382,0.02295,3280
1753617317875,11:55:17.875,mexc,ACH/USDT:USDT,0.022948,114181,0.022947,48388,0.022949,33382,0.02295,3280
1753617317976,11:55:17.976,mexc,ACH/USDT:USDT,0.022948,114181,0.022947,48388,0.022949,33382,0.02295,3280
1753617318279,11:55:18.279,mexc,ACH/USDT:USDT,0.022948,114181,0.022947,48388,0.022949,33382,0.02295,3280
1753617318381,11:55:18.381,mexc,ACH/USDT:USDT,0.022948,114181,0.022947,48388,0.022949,33382,0.02295,3280
1753617319075,11:55:19.075,mexc,ACH/USDT:USDT,0.022948,114181,0.022947,48388,0.022949,33382,0.02295,3280
1753617319177,11:55:19.177,mexc,ACH/USDT:USDT,0.022948,114181,0.022947,48388,0.022949,33382,0.02295,3280
1753617319479,11:55:19.479,mexc,ACH/USDT:USDT,0.022948,114181,0.022947,48388,0.022949,33382,0.02295,3280
1753617319580,11:55:19.580,mexc,ACH/USDT:USDT,0.022948,114181,0.022947,48388,0.022949,33382,0.02295,3280
1753617319966,11:55:19.966,mexc,ACH/USDT:USDT,0.022948,114181,0.022947,48388,0.022949,33382,0.02295,3280
1753617319981,11:55:19.981,mexc,ACH/USDT:USDT,0.022941,39776,0.02294,28590,0.022945,187361,0.022946,82990
1753617320375,11:55:20.375,mexc,ACH/USDT:USDT,0.022937,34323,0.022936,48567,0.022939,83363,0.02294,78895
1753617320375,11:55:20.375,mexc,ACH/USDT:USDT,0.022937,34323,0.022936,48567,0.022939,83363,0.02294,78895
1753617320779,11:55:20.779,mexc,ACH/USDT:USDT,0.022937,34323,0.022936,48567,0.022939,83363,0.02294,78895
1753617320779,11:55:20.779,mexc,ACH/USDT:USDT,0.022937,34323,0.022936,48567,0.022939,83363,0.02294,78895
1753617321303,11:55:21.303,mexc,ACH/USDT:USDT,0.022937,34323,0.022936,48567,0.022939,83363,0.02294,78895
1753617321476,11:55:21.476,mexc,ACH/USDT:USDT,0.022937,34323,0.022936,48567,0.022939,83363,0.02294,78895
1753617321576,11:55:21.576,mexc,ACH/USDT:USDT,0.022937,34323,0.022936,48567,0.022939,83363,0.02294,116133
1753617321986,11:55:21.986,mexc,ACH/USDT:USDT,0.022937,34323,0.022936,48567,0.022939,83363,0.02294,78895
1753617321986,11:55:21.986,mexc,ACH/USDT:USDT,0.022937,34323,0.022936,48567,0.022939,83363,0.02294,78895
1753617322676,11:55:22.676,mexc,ACH/USDT:USDT,0.022937,34323,0.022936,48567,0.022939,83363,0.02294,78895
1753617322776,11:55:22.776,mexc,ACH/USDT:USDT,0.022937,34323,0.022936,48890,0.022939,83363,0.02294,78895
1753617323078,11:55:23.078,mexc,ACH/USDT:USDT,0.022937,34323,0.022936,48890,0.022939,83363,0.02294,78895
1753617323182,11:55:23.182,mexc,ACH/USDT:USDT,0.022937,34323,0.022936,48567,0.022939,83363,0.02294,78895
1753617323451,11:55:23.451,mexc,ACH/USDT:USDT,0.022937,34323,0.022936,48567,0.022939,83363,0.02294,78895
1753617323875,11:55:23.875,mexc,ACH/USDT:USDT,0.022937,34323,0.022936,48567,0.022939,83363,0.02294,78895
1753617323978,11:55:23.978,mexc,ACH/USDT:USDT,0.022937,34323,0.022936,48567,0.022939,83363,0.02294,78895
1753617324281,11:55:24.281,mexc,ACH/USDT:USDT,0.022937,34323,0.022936,48567,0.022939,83363,0.02294,78895
1753617324380,11:55:24.380,mexc,ACH/USDT:USDT,0.022937,34323,0.022936,48567,0.022939,83363,0.02294,78895
1753617325078,11:55:25.078,mexc,ACH/USDT:USDT,0.022937,34323,0.022936,49087,0.022939,83363,0.02294,78895
1753617325179,11:55:25.179,mexc,ACH/USDT:USDT,0.022937,34323,0.022936,49475,0.022939,83363,0.02294,87816
1753617325479,11:55:25.479,mexc,ACH/USDT:USDT,0.022937,34323,0.022936,48955,0.022939,83363,0.02294,87816
1753617325584,11:55:25.584,mexc,ACH/USDT:USDT,0.022937,34323,0.022936,48567,0.022939,83363,0.02294,78895
1753617326219,11:55:26.219,mexc,ACH/USDT:USDT,0.022937,34323,0.022936,48567,0.022939,83363,0.02294,133715
1753617326378,11:55:26.378,mexc,ACH/USDT:USDT,0.022939,15670,0.022938,39136,0.02294,54820,0.022941,6209
1753617326679,11:55:26.679,mexc,ACH/USDT:USDT,0.022939,15670,0.022938,34972,0.02294,54820,0.022941,6209
1753617326780,11:55:26.780,mexc,ACH/USDT:USDT,0.022939,15670,0.022938,34972,0.02294,54820,0.022941,6209
1753617327304,11:55:27.304,mexc,ACH/USDT:USDT,0.022939,15670,0.022938,34972,0.02294,54820,0.022941,6209
1753617327476,11:55:27.476,mexc,ACH/USDT:USDT,0.022939,15670,0.022938,34972,0.02294,54820,0.022941,6209
1753617327577,11:55:27.577,mexc,ACH/USDT:USDT,0.022939,15670,0.022938,34972,0.02294,54820,0.022941,6209
1753617327980,11:55:27.980,mexc,ACH/USDT:USDT,0.022939,15670,0.022938,34972,0.02294,54820,0.022941,6209
1753617327980,11:55:27.980,mexc,ACH/USDT:USDT,0.022939,15670,0.022938,34972,0.02294,54820,0.022941,6209
1753617328676,11:55:28.676,mexc,ACH/USDT:USDT,0.022939,15670,0.022938,48591,0.02294,54820,0.022941,6209
1753617328777,11:55:28.777,mexc,ACH/USDT:USDT,0.022939,15670,0.022938,48591,0.02294,54820,0.022941,8109
1753617329080,11:55:29.080,mexc,ACH/USDT:USDT,0.022939,15670,0.022938,34972,0.02294,54820,0.022941,8109
1753617329182,11:55:29.182,mexc,ACH/USDT:USDT,0.022939,15670,0.022938,34972,0.02294,54820,0.022941,6209
1753617329453,11:55:29.453,mexc,ACH/USDT:USDT,0.022939,15670,0.022938,34972,0.02294,54820,0.022941,6209
1753617329876,11:55:29.876,mexc,ACH/USDT:USDT,0.022939,15670,0.022938,34972,0.02294,54820,0.022941,6209
1753617329977,11:55:29.977,mexc,ACH/USDT:USDT,0.022939,15670,0.022938,34972,0.02294,54820,0.022941,6209
1753617330280,11:55:30.280,mexc,ACH/USDT:USDT,0.022939,15670,0.022938,34972,0.02294,54820,0.022941,6209
1753617330381,11:55:30.381,mexc,ACH/USDT:USDT,0.022939,15670,0.022938,34972,0.02294,54820,0.022941,6209
1753617331079,11:55:31.079,mexc,ACH/USDT:USDT,0.022939,15670,0.022938,34972,0.02294,54820,0.022941,6209
1753617331178,11:55:31.178,mexc,ACH/USDT:USDT,0.022939,15670,0.022938,50138,0.02294,54820,0.022941,6209
1753617331581,11:55:31.581,mexc,ACH/USDT:USDT,0.022939,15670,0.022938,34972,0.02294,54820,0.022941,6209
1753617331581,11:55:31.581,mexc,ACH/USDT:USDT,0.022939,15670,0.022938,34972,0.02294,54820,0.022941,6209
1753617331872,11:55:31.872,mexc,ACH/USDT:USDT,0.022943,18317,0.022942,16231,0.022946,160063,0.022947,246750
1753617332277,11:55:32.277,mexc,ACH/USDT:USDT,0.022943,18317,0.022942,16231,0.022946,160063,0.022947,246750
1753617332378,11:55:32.378,mexc,ACH/USDT:USDT,0.022943,18317,0.022942,16231,0.022946,160063,0.022947,246750
1753617332680,11:55:32.680,mexc,ACH/USDT:USDT,0.022943,18317,0.022942,16231,0.022946,160063,0.022947,246750
1753617332781,11:55:32.781,mexc,ACH/USDT:USDT,0.022943,18317,0.022942,16231,0.022946,160063,0.022947,246750
1753617333305,11:55:33.305,mexc,ACH/USDT:USDT,0.022943,18317,0.022942,16231,0.022946,160063,0.022947,246750
1753617333479,11:55:33.479,mexc,ACH/USDT:USDT,0.022943,18317,0.022942,16231,0.022946,160063,0.022947,246750
1753617333578,11:55:33.578,mexc,ACH/USDT:USDT,0.022943,18317,0.022942,16231,0.022946,160063,0.022947,246750
1753617333981,11:55:33.981,mexc,ACH/USDT:USDT,0.022943,18317,0.022942,16231,0.022946,160063,0.022947,246750
1753617333981,11:55:33.981,mexc,ACH/USDT:USDT,0.022943,18317,0.022942,16231,0.022946,160063,0.022947,246750
1753617334680,11:55:34.680,mexc,ACH/USDT:USDT,0.022943,18317,0.022942,23775,0.022946,160063,0.022947,246750
1753617334777,11:55:34.777,mexc,ACH/USDT:USDT,0.022939,15670,0.022938,34972,0.02294,78887,0.022941,85633
1753617335182,11:55:35.182,mexc,ACH/USDT:USDT,0.022939,15670,0.022938,34972,0.02294,78887,0.022941,62562
1753617335182,11:55:35.182,mexc,ACH/USDT:USDT,0.022939,15670,0.022938,34972,0.02294,78887,0.022941,46385
1753617335458,11:55:35.458,mexc,ACH/USDT:USDT,0.022939,15670,0.022938,34972,0.02294,78887,0.022941,46385
1753617335878,11:55:35.878,mexc,ACH/USDT:USDT,0.022939,15670,0.022938,34972,0.02294,78887,0.022941,46385
1753617335977,11:55:35.977,mexc,ACH/USDT:USDT,0.022939,15670,0.022938,35803,0.02294,78887,0.022941,46385
1753617336282,11:55:36.282,mexc,ACH/USDT:USDT,0.022939,15670,0.022938,35803,0.02294,78887,0.022941,46385
1753617336381,11:55:36.381,mexc,ACH/USDT:USDT,0.022939,15670,0.022938,34972,0.02294,78887,0.022941,46385
1753617337080,11:55:37.080,mexc,ACH/USDT:USDT,0.022939,15670,0.022938,34972,0.02294,78887,0.022941,46385
1753617337177,11:55:37.177,mexc,ACH/USDT:USDT,0.022939,15670,0.022938,34972,0.02294,78887,0.022941,66107
1753617337483,11:55:37.483,mexc,ACH/USDT:USDT,0.022939,15670,0.022938,34972,0.02294,78887,0.022941,66107
1753617337582,11:55:37.582,mexc,ACH/USDT:USDT,0.022939,15670,0.022938,34972,0.02294,78887,0.022941,46385
1753617338279,11:55:38.279,mexc,ACH/USDT:USDT,0.022939,15670,0.022938,35401,0.02294,78887,0.022941,46385
1753617338379,11:55:38.379,mexc,ACH/USDT:USDT,0.022939,15670,0.022938,35401,0.02294,78887,0.022941,46385
1753617338682,11:55:38.682,mexc,ACH/USDT:USDT,0.022939,15670,0.022938,34972,0.02294,78887,0.022941,46385
1753617338784,11:55:38.784,mexc,ACH/USDT:USDT,0.022939,15670,0.022938,34972,0.02294,78887,0.022941,46385
1753617339308,11:55:39.308,mexc,ACH/USDT:USDT,0.022939,15670,0.022938,34972,0.02294,78887,0.022941,46385
1753617339480,11:55:39.480,mexc,ACH/USDT:USDT,0.022939,15670,0.022938,34972,0.02294,78887,0.022941,46385
1753617339577,11:55:39.577,mexc,ACH/USDT:USDT,0.022939,15670,0.022938,34972,0.02294,78887,0.022941,57665
1753617339982,11:55:39.982,mexc,ACH/USDT:USDT,0.022939,15670,0.022938,34972,0.02294,78887,0.022941,57665
1753617339982,11:55:39.982,mexc,ACH/USDT:USDT,0.022939,15670,0.022938,34972,0.02294,78887,0.022941,46385
1753617340237,11:55:40.237,mexc,ACH/USDT:USDT,0.022939,60343,0.022938,1347,0.02294,109101,0.022941,27281
1753617340680,11:55:40.680,mexc,ACH/USDT:USDT,0.022939,60343,0.022938,1894,0.02294,109101,0.022941,27281
1753617340779,11:55:40.779,mexc,ACH/USDT:USDT,0.022939,60343,0.022938,1894,0.02294,109101,0.022941,27281
1753617341165,11:55:41.165,mexc,ACH/USDT:USDT,0.022939,60343,0.022938,1347,0.02294,109101,0.022941,27281
1753617341182,11:55:41.182,mexc,ACH/USDT:USDT,0.022939,60343,0.022938,1347,0.02294,109101,0.022941,27281
1753617341524,11:55:41.524,mexc,ACH/USDT:USDT,0.022939,60343,0.022938,1347,0.02294,109101,0.022941,27281
1753617341980,11:55:41.980,mexc,ACH/USDT:USDT,0.022939,60343,0.022938,2146,0.02294,109101,0.022941,27281
1753617341980,11:55:41.980,mexc,ACH/USDT:USDT,0.022939,60343,0.022938,2146,0.02294,109101,0.022941,32468
1753617342384,11:55:42.384,mexc,ACH/USDT:USDT,0.022939,60343,0.022938,1347,0.02294,109101,0.022941,32468
1753617342384,11:55:42.384,mexc,ACH/USDT:USDT,0.022939,60343,0.022938,1347,0.02294,109101,0.022941,27281
1753617343080,11:55:43.080,mexc,ACH/USDT:USDT,0.022939,60343,0.022938,1629,0.02294,109101,0.022941,27281
1753617343179,11:55:43.179,mexc,ACH/USDT:USDT,0.022939,60343,0.022938,1629,0.02294,109101,0.022941,38544
1753617343489,11:55:43.489,mexc,ACH/USDT:USDT,0.022939,60343,0.022938,1347,0.02294,109101,0.022941,38544
1753617343585,11:55:43.585,mexc,ACH/USDT:USDT,0.022939,60343,0.022938,1347,0.02294,109101,0.022941,27281
1753617344280,11:55:44.280,mexc,ACH/USDT:USDT,0.022939,60343,0.022938,1347,0.02294,109101,0.022941,27281
1753617344381,11:55:44.381,mexc,ACH/USDT:USDT,0.022939,60343,0.022938,1702,0.02294,109101,0.022941,30225
1753617344684,11:55:44.684,mexc,ACH/USDT:USDT,0.022939,60343,0.022938,1702,0.02294,109101,0.022941,30225
1753617344784,11:55:44.784,mexc,ACH/USDT:USDT,0.022939,60343,0.022938,1347,0.02294,109101,0.022941,27281
1753617345310,11:55:45.310,mexc,ACH/USDT:USDT,0.022939,60343,0.022938,1347,0.02294,109101,0.022941,27281
1753617345482,11:55:45.482,mexc,ACH/USDT:USDT,0.022939,60343,0.022938,1347,0.02294,109101,0.022941,27281
1753617345581,11:55:45.581,mexc,ACH/USDT:USDT,0.022939,60343,0.022938,1347,0.02294,109101,0.022941,36264
1753617345983,11:55:45.983,mexc,ACH/USDT:USDT,0.022939,60343,0.022938,1347,0.02294,109101,0.022941,27281
1753617345983,11:55:45.983,mexc,ACH/USDT:USDT,0.022939,60343,0.022938,1347,0.02294,109101,0.022941,27281
1753617346241,11:55:46.241,mexc,ACH/USDT:USDT,0.022936,10019,0.022935,26115,0.022937,55993,0.022938,13877
1753617346680,11:55:46.680,mexc,ACH/USDT:USDT,0.022936,10019,0.022935,26115,0.022937,55993,0.022938,13877
1753617346781,11:55:46.781,mexc,ACH/USDT:USDT,0.022936,10019,0.022935,26115,0.022937,55993,0.022938,13877
1753617347084,11:55:47.084,mexc,ACH/USDT:USDT,0.022936,10019,0.022935,26115,0.022937,55993,0.022938,13877
1753617347187,11:55:47.187,mexc,ACH/USDT:USDT,0.022936,10019,0.022935,26115,0.022937,55993,0.022938,13877
1753617347514,11:55:47.514,mexc,ACH/USDT:USDT,0.022936,10019,0.022935,26115,0.022937,55993,0.022938,13877
1753617347526,11:55:47.526,mexc,ACH/USDT:USDT,0.022936,10019,0.022935,26115,0.022937,55993,0.022938,13877
1753617347980,11:55:47.980,mexc,ACH/USDT:USDT,0.022936,10019,0.022935,33240,0.022937,55993,0.022938,13877
1753617347980,11:55:47.980,mexc,ACH/USDT:USDT,0.022936,10019,0.022935,33240,0.022937,55993,0.022938,13877
1753617348383,11:55:48.383,mexc,ACH/USDT:USDT,0.022936,10019,0.022935,26115,0.022937,55993,0.022938,13877
1753617348383,11:55:48.383,mexc,ACH/USDT:USDT,0.022936,10019,0.022935,26115,0.022937,55993,0.022938,13877
1753617349082,11:55:49.082,mexc,ACH/USDT:USDT,0.022936,10019,0.022935,26115,0.022937,55993,0.022938,13877
1753617349179,11:55:49.179,mexc,ACH/USDT:USDT,0.022936,10019,0.022935,26115,0.022937,55993,0.022938,13877
1753617349488,11:55:49.488,mexc,ACH/USDT:USDT,0.022936,10019,0.022935,26115,0.022937,55993,0.022938,13877
1753617349583,11:55:49.583,mexc,ACH/USDT:USDT,0.022936,10019,0.022935,26115,0.022937,55993,0.022938,13877
1753617350285,11:55:50.285,mexc,ACH/USDT:USDT,0.022936,10019,0.022935,32760,0.022937,55993,0.022938,13877
1753617350380,11:55:50.380,mexc,ACH/USDT:USDT,0.022936,10019,0.022935,41467,0.022937,55993,0.022938,20437
1753617350685,11:55:50.685,mexc,ACH/USDT:USDT,0.022936,10019,0.022935,34822,0.022937,55993,0.022938,20437
1753617350785,11:55:50.785,mexc,ACH/USDT:USDT,0.022936,10019,0.022935,26115,0.022937,55993,0.022938,13877
1753617351314,11:55:51.314,mexc,ACH/USDT:USDT,0.022936,10019,0.022935,26115,0.022937,55993,0.022938,13877
1753617351482,11:55:51.482,mexc,ACH/USDT:USDT,0.022936,10019,0.022935,34668,0.022937,55993,0.022938,13877
1753617351582,11:55:51.582,mexc,ACH/USDT:USDT,0.022936,10019,0.022935,34668,0.022937,55993,0.022938,21965
1753617351985,11:55:51.985,mexc,ACH/USDT:USDT,0.022936,10019,0.022935,26115,0.022937,55993,0.022938,19493
1753617351985,11:55:51.985,mexc,ACH/USDT:USDT,0.022936,10019,0.022935,26115,0.022937,55993,0.022938,13877
1753617352247,11:55:52.247,mexc,ACH/USDT:USDT,0.022936,12017,0.022935,23458,0.022937,1148,0.022938,54950
1753617352683,11:55:52.683,mexc,ACH/USDT:USDT,0.022936,12017,0.022935,31392,0.022937,1148,0.022938,54950
1753617352781,11:55:52.781,mexc,ACH/USDT:USDT,0.022936,12017,0.022935,31392,0.022937,1148,0.022938,54950
1753617353086,11:55:53.086,mexc,ACH/USDT:USDT,0.022936,12017,0.022935,23458,0.022937,1148,0.022938,54950
1753617353184,11:55:53.184,mexc,ACH/USDT:USDT,0.022936,12017,0.022935,23458,0.022937,1148,0.022938,54950
1753617353883,11:55:53.883,mexc,ACH/USDT:USDT,0.022936,12017,0.022935,23458,0.022937,1148,0.022938,54950
1753617353982,11:55:53.982,mexc,ACH/USDT:USDT,0.022936,12017,0.022935,23458,0.022937,1148,0.022938,73092
1753617354290,11:55:54.290,mexc,ACH/USDT:USDT,0.022936,12017,0.022935,23458,0.022937,1148,0.022938,73092
1753617354386,11:55:54.386,mexc,ACH/USDT:USDT,0.022936,12017,0.022935,23458,0.022937,1148,0.022938,54950
1753617355085,11:55:55.085,mexc,ACH/USDT:USDT,0.022936,12017,0.022935,23458,0.022937,1148,0.022938,54950
1753617355183,11:55:55.183,mexc,ACH/USDT:USDT,0.022936,12017,0.022935,23458,0.022937,1148,0.022938,71395
1753617355592,11:55:55.592,mexc,ACH/USDT:USDT,0.022936,12017,0.022935,23458,0.022937,1148,0.022938,71395
1753617355592,11:55:55.592,mexc,ACH/USDT:USDT,0.022936,12017,0.022935,23458,0.022937,1148,0.022938,54950
1753617356285,11:55:56.285,mexc,ACH/USDT:USDT,0.022936,12017,0.022935,23458,0.022937,1148,0.022938,54950
1753617356383,11:55:56.383,mexc,ACH/USDT:USDT,0.022936,12017,0.022935,34903,0.022937,1148,0.022938,54950
1753617356686,11:55:56.686,mexc,ACH/USDT:USDT,0.022936,12017,0.022935,34903,0.022937,1148,0.022938,54950
1753617356786,11:55:56.786,mexc,ACH/USDT:USDT,0.022936,12017,0.022935,23458,0.022937,1148,0.022938,54950
1753617357263,11:55:57.263,mexc,ACH/USDT:USDT,0.022936,12017,0.022935,23458,0.022937,35379,0.022938,54950
1753617357333,11:55:57.333,mexc,ACH/USDT:USDT,0.022936,11178,0.022935,18477,0.022937,34231,0.022938,16231
1753617357583,11:55:57.583,mexc,ACH/USDT:USDT,0.022936,11178,0.022935,18477,0.022937,34231,0.022938,22243
1753617357889,11:55:57.889,mexc,ACH/USDT:USDT,0.022936,11178,0.022935,18477,0.022937,34231,0.022938,22243
1753617357986,11:55:57.986,mexc,ACH/USDT:USDT,0.022936,11178,0.022935,18477,0.022937,34231,0.022938,16231
1753617358617,11:55:58.617,mexc,ACH/USDT:USDT,0.022936,11178,0.022935,18477,0.022937,34231,0.022938,16231
1753617358784,11:55:58.784,mexc,ACH/USDT:USDT,0.022936,11178,0.022935,18477,0.022937,34231,0.022938,16231
1753617359088,11:55:59.088,mexc,ACH/USDT:USDT,0.022936,11178,0.022935,18477,0.022937,34231,0.022938,16231
1753617359186,11:55:59.186,mexc,ACH/USDT:USDT,0.022936,11178,0.022935,18477,0.022937,34231,0.022938,16231
1753617359884,11:55:59.884,mexc,ACH/USDT:USDT,0.022936,11178,0.022935,18477,0.022937,34231,0.022938,16231
1753617359982,11:55:59.982,mexc,ACH/USDT:USDT,0.022936,11178,0.022935,18477,0.022937,34231,0.022938,24073
1753617360292,11:56:00.292,mexc,ACH/USDT:USDT,0.022936,11178,0.022935,18477,0.022937,34231,0.022938,24073
1753617360385,11:56:00.385,mexc,ACH/USDT:USDT,0.022936,11178,0.022935,18477,0.022937,34231,0.022938,16231
1753617361084,11:56:01.084,mexc,ACH/USDT:USDT,0.022936,11178,0.022935,18477,0.022937,34231,0.022938,16231
1753617361183,11:56:01.183,mexc,ACH/USDT:USDT,0.022936,11178,0.022935,23417,0.022937,34231,0.022938,16231
1753617361486,11:56:01.486,mexc,ACH/USDT:USDT,0.022936,11178,0.022935,23417,0.022937,34231,0.022938,16231
1753617361588,11:56:01.588,mexc,ACH/USDT:USDT,0.022936,11178,0.022935,18477,0.022937,34231,0.022938,16231
1753617362286,11:56:02.286,mexc,ACH/USDT:USDT,0.022936,11178,0.022935,18477,0.022937,34231,0.022938,16231
1753617362383,11:56:02.383,mexc,ACH/USDT:USDT,0.022936,11178,0.022935,18477,0.022937,34231,0.022938,16231
1753617362690,11:56:02.690,mexc,ACH/USDT:USDT,0.022936,11178,0.022935,18477,0.022937,34231,0.022938,16231
1753617362786,11:56:02.786,mexc,ACH/USDT:USDT,0.022936,11178,0.022935,18477,0.022937,34231,0.022938,16231
1753617363267,11:56:03.267,mexc,ACH/USDT:USDT,0.022936,11178,0.022935,18477,0.022937,40066,0.022938,16231
1753617363335,11:56:03.335,mexc,ACH/USDT:USDT,0.022936,16248,0.022935,24171,0.022937,5835,0.022938,32262
1753617363582,11:56:03.582,mexc,ACH/USDT:USDT,0.022936,16248,0.022935,24171,0.022937,5835,0.022938,32262
1753617363889,11:56:03.889,mexc,ACH/USDT:USDT,0.022936,16248,0.022935,24171,0.022937,5835,0.022938,32262
1753617363987,11:56:03.987,mexc,ACH/USDT:USDT,0.022936,16248,0.022935,24171,0.022937,5835,0.022938,32262
1753617364619,11:56:04.619,mexc,ACH/USDT:USDT,0.022936,16248,0.022935,24171,0.022937,5835,0.022938,32262
1753617364783,11:56:04.783,mexc,ACH/USDT:USDT,0.022936,16248,0.022935,33253,0.022937,5835,0.022938,38728
1753617365090,11:56:05.090,mexc,ACH/USDT:USDT,0.022936,16248,0.022935,26730,0.022937,5835,0.022938,38728
1753617365187,11:56:05.187,mexc,ACH/USDT:USDT,0.022936,16248,0.022935,24171,0.022937,5835,0.022938,32262
1753617365890,11:56:05.890,mexc,ACH/USDT:USDT,0.022936,16248,0.022935,24171,0.022937,5835,0.022938,32262
1753617365983,11:56:05.983,mexc,ACH/USDT:USDT,0.022936,16248,0.022935,28395,0.022937,5835,0.022938,38179
1753617366293,11:56:06.293,mexc,ACH/USDT:USDT,0.022936,16248,0.022935,28395,0.022937,5835,0.022938,38179
1753617366388,11:56:06.388,mexc,ACH/USDT:USDT,0.022936,16248,0.022935,24171,0.022937,5835,0.022938,32262
1753617367087,11:56:07.087,mexc,ACH/USDT:USDT,0.022936,16248,0.022935,24171,0.022937,5835,0.022938,32262
1753617367184,11:56:07.184,mexc,ACH/USDT:USDT,0.022936,16248,0.022935,24171,0.022937,5835,0.022938,32262
1753617367589,11:56:07.589,mexc,ACH/USDT:USDT,0.022936,16248,0.022935,24171,0.022937,5835,0.022938,32262
1753617367589,11:56:07.589,mexc,ACH/USDT:USDT,0.022936,16248,0.022935,24171,0.022937,5835,0.022938,32262
1753617368284,11:56:08.284,mexc,ACH/USDT:USDT,0.022936,16248,0.022935,24171,0.022937,5835,0.022938,32262
1753617368385,11:56:08.385,mexc,ACH/USDT:USDT,0.022936,16248,0.022935,24171,0.022937,5835,0.022938,32262
1753617368689,11:56:08.689,mexc,ACH/USDT:USDT,0.022936,16248,0.022935,24171,0.022937,5835,0.022938,32262
1753617368788,11:56:08.788,mexc,ACH/USDT:USDT,0.022936,16248,0.022935,24171,0.022937,5835,0.022938,32262
1753617369269,11:56:09.269,mexc,ACH/USDT:USDT,0.022936,16248,0.022935,24171,0.022937,12383,0.022938,32262
1753617369330,11:56:09.330,mexc,ACH/USDT:USDT,0.022936,37432,0.022935,18544,0.022937,6548,0.022938,26851
1753617369585,11:56:09.585,mexc,ACH/USDT:USDT,0.022936,37432,0.022935,18544,0.022937,6548,0.022938,26851
1753617369889,11:56:09.889,mexc,ACH/USDT:USDT,0.022936,37432,0.022935,18544,0.022937,6548,0.022938,26851
1753617369988,11:56:09.988,mexc,ACH/USDT:USDT,0.022936,37432,0.022935,18544,0.022937,6548,0.022938,26851
1753617370622,11:56:10.622,mexc,ACH/USDT:USDT,0.022936,37432,0.022935,18544,0.022937,6548,0.022938,26851
1753617370784,11:56:10.784,mexc,ACH/USDT:USDT,0.022936,37432,0.022935,18544,0.022937,6548,0.022938,26851
1753617371093,11:56:11.093,mexc,ACH/USDT:USDT,0.022936,37432,0.022935,18544,0.022937,6548,0.022938,26851
1753617371188,11:56:11.188,mexc,ACH/USDT:USDT,0.022936,37432,0.022935,18544,0.022937,6548,0.022938,26851
1753617371886,11:56:11.886,mexc,ACH/USDT:USDT,0.022936,37432,0.022935,18544,0.022937,6548,0.022938,26851
1753617371989,11:56:11.989,mexc,ACH/USDT:USDT,0.022936,37432,0.022935,20769,0.022937,6548,0.022938,33061
1753617372291,11:56:12.291,mexc,ACH/USDT:USDT,0.022936,37432,0.022935,20769,0.022937,6548,0.022938,33061
1753617372392,11:56:12.392,mexc,ACH/USDT:USDT,0.022936,37432,0.022935,18544,0.022937,6548,0.022938,26851
1753617373086,11:56:13.086,mexc,ACH/USDT:USDT,0.022936,37432,0.022935,18544,0.022937,6548,0.022938,26851
1753617373185,11:56:13.185,mexc,ACH/USDT:USDT,0.022936,37432,0.022935,18544,0.022937,6548,0.022938,26851
1753617373490,11:56:13.490,mexc,ACH/USDT:USDT,0.022936,37432,0.022935,18544,0.022937,6548,0.022938,26851
1753617373591,11:56:13.591,mexc,ACH/USDT:USDT,0.022936,37432,0.022935,18544,0.022937,6548,0.022938,26851
1753617374287,11:56:14.287,mexc,ACH/USDT:USDT,0.022936,37432,0.022935,18544,0.022937,6548,0.022938,26851
1753617374385,11:56:14.385,mexc,ACH/USDT:USDT,0.022936,37432,0.022935,26153,0.022937,6548,0.022938,26851
1753617374692,11:56:14.692,mexc,ACH/USDT:USDT,0.022936,37432,0.022935,26153,0.022937,6548,0.022938,26851
1753617374789,11:56:14.789,mexc,ACH/USDT:USDT,0.022936,37432,0.022935,18544,0.022937,6548,0.022938,26851
1753617375273,11:56:15.273,mexc,ACH/USDT:USDT,0.022936,37432,0.022935,18544,0.022937,6548,0.022938,26851
1753617375365,11:56:15.365,mexc,ACH/USDT:USDT,0.022938,34592,0.022937,6464,0.022939,60425,0.02294,108398
1753617375584,11:56:15.584,mexc,ACH/USDT:USDT,0.022938,34592,0.022937,8623,0.022939,60425,0.02294,108398
1753617375893,11:56:15.893,mexc,ACH/USDT:USDT,0.022938,34592,0.022937,6464,0.022939,60425,0.02294,108398
1753617375989,11:56:15.989,mexc,ACH/USDT:USDT,0.022938,34592,0.022937,6464,0.022939,60425,0.02294,108398
1753617376628,11:56:16.628,mexc,ACH/USDT:USDT,0.022938,34592,0.022937,6464,0.022939,60425,0.02294,108398
1753617376810,11:56:16.810,mexc,ACH/USDT:USDT,0.022938,34592,0.022937,8872,0.022939,60425,0.02294,108398
1753617377090,11:56:17.090,mexc,ACH/USDT:USDT,0.022938,34592,0.022937,6464,0.022939,60425,0.02294,108398
1753617377190,11:56:17.190,mexc,ACH/USDT:USDT,0.022938,34592,0.022937,6464,0.022939,60425,0.02294,108398
1753617377887,11:56:17.887,mexc,ACH/USDT:USDT,0.022938,34592,0.022937,6464,0.022939,60425,0.02294,108398
1753617377985,11:56:17.985,mexc,ACH/USDT:USDT,0.022938,34592,0.022937,6464,0.022939,60425,0.02294,108398
1753617378290,11:56:18.290,mexc,ACH/USDT:USDT,0.022938,34592,0.022937,6464,0.022939,60425,0.02294,108398
1753617378463,11:56:18.463,mexc,ACH/USDT:USDT,0.022938,34592,0.022937,6464,0.022939,60425,0.02294,108398
1753617379090,11:56:19.090,mexc,ACH/USDT:USDT,0.022938,34592,0.022937,6464,0.022939,60425,0.02294,108398
1753617379192,11:56:19.192,mexc,ACH/USDT:USDT,0.022938,34592,0.022937,6464,0.022939,60425,0.02294,108398
1753617379491,11:56:19.491,mexc,ACH/USDT:USDT,0.022938,34592,0.022937,6464,0.022939,60425,0.02294,108398
1753617379596,11:56:19.596,mexc,ACH/USDT:USDT,0.022938,34592,0.022937,6464,0.022939,60425,0.02294,108398
1753617380288,11:56:20.288,mexc,ACH/USDT:USDT,0.022938,34592,0.022937,6464,0.022939,60425,0.02294,108398
1753617380385,11:56:20.385,mexc,ACH/USDT:USDT,0.022938,34592,0.022937,9579,0.022939,60425,0.02294,108398
1753617380691,11:56:20.691,mexc,ACH/USDT:USDT,0.022938,34592,0.022937,9579,0.022939,60425,0.02294,108398
1753617380789,11:56:20.789,mexc,ACH/USDT:USDT,0.022938,34592,0.022937,6464,0.022939,60425,0.02294,108398
1753617381274,11:56:21.274,mexc,ACH/USDT:USDT,0.022938,34592,0.022937,6464,0.022939,120087,0.02294,108398
1753617381333,11:56:21.333,mexc,ACH/USDT:USDT,0.022938,30610,0.022937,4976,0.022939,59662,0.02294,127813
1753617381585,11:56:21.585,mexc,ACH/USDT:USDT,0.022938,30610,0.022937,4976,0.022939,59662,0.02294,127813
1753617381892,11:56:21.892,mexc,ACH/USDT:USDT,0.022938,30610,0.022937,4976,0.022939,59662,0.02294,127813
1753617381990,11:56:21.990,mexc,ACH/USDT:USDT,0.022938,30610,0.022937,4976,0.022939,59662,0.02294,127813
1753617382628,11:56:22.628,mexc,ACH/USDT:USDT,0.022938,30610,0.022937,4976,0.022939,59662,0.02294,127813
1753617382786,11:56:22.786,mexc,ACH/USDT:USDT,0.022938,30610,0.022937,4976,0.022939,59662,0.02294,164288
1753617383092,11:56:23.092,mexc,ACH/USDT:USDT,0.022938,30610,0.022937,4976,0.022939,59662,0.02294,164288
1753617383192,11:56:23.192,mexc,ACH/USDT:USDT,0.022938,30610,0.022937,4976,0.022939,59662,0.02294,127813
1753617383889,11:56:23.889,mexc,ACH/USDT:USDT,0.022938,30610,0.022937,4976,0.022939,59662,0.02294,127813
1753617383986,11:56:23.986,mexc,ACH/USDT:USDT,0.022938,30610,0.022937,4976,0.022939,59662,0.02294,146170
1753617384292,11:56:24.292,mexc,ACH/USDT:USDT,0.022938,30610,0.022937,4976,0.022939,59662,0.02294,146170
1753617384389,11:56:24.389,mexc,ACH/USDT:USDT,0.022938,30610,0.022937,4976,0.022939,59662,0.02294,127813
1753617385090,11:56:25.090,mexc,ACH/USDT:USDT,0.022938,30610,0.022937,6223,0.022939,59662,0.02294,127813
1753617385187,11:56:25.187,mexc,ACH/USDT:USDT,0.022938,30610,0.022937,6223,0.022939,59662,0.02294,228039
1753617385491,11:56:25.491,mexc,ACH/USDT:USDT,0.022938,30610,0.022937,4976,0.022939,59662,0.02294,228039
1753617385589,11:56:25.589,mexc,ACH/USDT:USDT,0.022938,30610,0.022937,4976,0.022939,59662,0.02294,127813
1753617386289,11:56:26.289,mexc,ACH/USDT:USDT,0.022938,30610,0.022937,6006,0.022939,59662,0.02294,127813
1753617386386,11:56:26.386,mexc,ACH/USDT:USDT,0.022938,30610,0.022937,8412,0.022939,59662,0.02294,127813
1753617386692,11:56:26.692,mexc,ACH/USDT:USDT,0.022938,30610,0.022937,7382,0.022939,59662,0.02294,127813
1753617386790,11:56:26.790,mexc,ACH/USDT:USDT,0.022938,30610,0.022937,4976,0.022939,59662,0.02294,127813
1753617387275,11:56:27.275,mexc,ACH/USDT:USDT,0.022938,30610,0.022937,4976,0.022939,79407,0.02294,127813
1753617387336,11:56:27.336,mexc,ACH/USDT:USDT,0.022938,5758,0.022937,4864,0.022939,19745,0.02294,121623
1753617387586,11:56:27.586,mexc,ACH/USDT:USDT,0.022938,5758,0.022937,4864,0.022939,19745,0.02294,121623
1753617387893,11:56:27.893,mexc,ACH/USDT:USDT,0.022938,5758,0.022937,4864,0.022939,19745,0.02294,121623
1753617387991,11:56:27.991,mexc,ACH/USDT:USDT,0.022938,5758,0.022937,4864,0.022939,19745,0.02294,121623
1753617388631,11:56:28.631,mexc,ACH/USDT:USDT,0.022938,5758,0.022937,4864,0.022939,19745,0.02294,121623
1753617388787,11:56:28.787,mexc,ACH/USDT:USDT,0.022938,5758,0.022937,4864,0.022939,19745,0.02294,121623
1753617389092,11:56:29.092,mexc,ACH/USDT:USDT,0.022938,5758,0.022937,4864,0.022939,19745,0.02294,121623
1753617389191,11:56:29.191,mexc,ACH/USDT:USDT,0.022938,5758,0.022937,4864,0.022939,19745,0.02294,121623
1753617389890,11:56:29.890,mexc,ACH/USDT:USDT,0.022938,5758,0.022937,4864,0.022939,19745,0.02294,121623
1753617389987,11:56:29.987,mexc,ACH/USDT:USDT,0.022938,5758,0.022937,4864,0.022939,19745,0.02294,121623
1753617390292,11:56:30.292,mexc,ACH/USDT:USDT,0.022938,5758,0.022937,4864,0.022939,19745,0.02294,121623
1753617390390,11:56:30.390,mexc,ACH/USDT:USDT,0.022938,5758,0.022937,4864,0.022939,19745,0.02294,121623
1753617390745,11:56:30.745,mexc,ACH/USDT:USDT,0.022938,5758,0.022937,4864,0.022939,19745,0.02294,121623
1753617390758,11:56:30.758,mexc,ACH/USDT:USDT,0.022932,11340,0.022931,68398,0.022933,70736,0.022934,47391
1753617391188,11:56:31.188,mexc,ACH/USDT:USDT,0.022932,11340,0.022931,77441,0.022933,70736,0.022934,69835
1753617391188,11:56:31.188,mexc,ACH/USDT:USDT,0.022932,11340,0.022931,77441,0.022933,70736,0.022934,69835
1753617391591,11:56:31.591,mexc,ACH/USDT:USDT,0.022932,11340,0.022931,68398,0.022933,70736,0.022934,47391
1753617391591,11:56:31.591,mexc,ACH/USDT:USDT,0.022932,11340,0.022931,68398,0.022933,70736,0.022934,47391
1753617392290,11:56:32.290,mexc,ACH/USDT:USDT,0.022932,11340,0.022931,68398,0.022933,70736,0.022934,47391
1753617392389,11:56:32.389,mexc,ACH/USDT:USDT,0.022932,11340,0.022931,68398,0.022933,70736,0.022934,47391
1753617392694,11:56:32.694,mexc,ACH/USDT:USDT,0.022932,11340,0.022931,68398,0.022933,70736,0.022934,47391
1753617392793,11:56:32.793,mexc,ACH/USDT:USDT,0.022932,11340,0.022931,68398,0.022933,70736,0.022934,47391
1753617393326,11:56:33.326,mexc,ACH/USDT:USDT,0.022932,11340,0.022931,68398,0.022933,70736,0.022934,47391
1753617393491,11:56:33.491,mexc,ACH/USDT:USDT,0.022932,11340,0.022931,68398,0.022933,70736,0.022934,47391
1753617393589,11:56:33.589,mexc,ACH/USDT:USDT,0.022932,11340,0.022931,68398,0.022933,70736,0.022934,47391
1753617393993,11:56:33.993,mexc,ACH/USDT:USDT,0.022932,11340,0.022931,68398,0.022933,70736,0.022934,47391
1753617393993,11:56:33.993,mexc,ACH/USDT:USDT,0.022932,11340,0.022931,68398,0.022933,70736,0.022934,47391
1753617394634,11:56:34.634,mexc,ACH/USDT:USDT,0.022932,11340,0.022931,68398,0.022933,70736,0.022934,47391
1753617394789,11:56:34.789,mexc,ACH/USDT:USDT,0.022932,11340,0.022931,68398,0.022933,70736,0.022934,61519
1753617395097,11:56:35.097,mexc,ACH/USDT:USDT,0.022932,11340,0.022931,68398,0.022933,70736,0.022934,61519
1753617395193,11:56:35.193,mexc,ACH/USDT:USDT,0.022932,11340,0.022931,68398,0.022933,70736,0.022934,47391
1753617395892,11:56:35.892,mexc,ACH/USDT:USDT,0.022932,11340,0.022931,68398,0.022933,70736,0.022934,47391
1753617395990,11:56:35.990,mexc,ACH/USDT:USDT,0.022932,11340,0.022931,75739,0.022933,70736,0.022934,47391
1753617396292,11:56:36.292,mexc,ACH/USDT:USDT,0.022929,1396,0.022928,12414,0.02293,64752,0.022933,70736
1753617396313,11:56:36.313,mexc,ACH/USDT:USDT,0.022929,1396,0.022928,12414,0.02293,64752,0.022931,18410
1753617397094,11:56:37.094,mexc,ACH/USDT:USDT,0.022929,1396,0.022928,16781,0.02293,64752,0.022931,18410
1753617397191,11:56:37.191,mexc,ACH/USDT:USDT,0.022922,20903,0.022921,21229,0.022925,55991,0.022926,15962
1753617397594,11:56:37.594,mexc,ACH/USDT:USDT,0.022922,20903,0.022921,21229,0.022925,55991,0.022926,15962
1753617397594,11:56:37.594,mexc,ACH/USDT:USDT,0.022922,20903,0.022921,21229,0.022925,55991,0.022926,11681
1753617398292,11:56:38.292,mexc,ACH/USDT:USDT,0.022922,20903,0.022921,21229,0.022925,55991,0.022926,11681
1753617398390,11:56:38.390,mexc,ACH/USDT:USDT,0.022922,20903,0.022921,21229,0.022925,55991,0.022926,11681
1753617398698,11:56:38.698,mexc,ACH/USDT:USDT,0.022922,20903,0.022921,21229,0.022925,55991,0.022926,11681
1753617398793,11:56:38.793,mexc,ACH/USDT:USDT,0.022922,20903,0.022921,21229,0.022925,55991,0.022926,11681
1753617399330,11:56:39.330,mexc,ACH/USDT:USDT,0.022922,20903,0.022921,21229,0.022925,55991,0.022926,11681
1753617399500,11:56:39.500,mexc,ACH/USDT:USDT,0.022922,20903,0.022921,21229,0.022925,55991,0.022926,11681
1753617399616,11:56:39.616,mexc,ACH/USDT:USDT,0.022922,20903,0.022921,21229,0.022925,55991,0.022926,11681
1753617400019,11:56:40.019,mexc,ACH/USDT:USDT,0.022922,20903,0.022921,21229,0.022925,55991,0.022926,11681
1753617400019,11:56:40.019,mexc,ACH/USDT:USDT,0.022922,20903,0.022921,21229,0.022925,55991,0.022926,11681
1753617400639,11:56:40.639,mexc,ACH/USDT:USDT,0.022922,20903,0.022921,21229,0.022925,55991,0.022926,11681
1753617400790,11:56:40.790,mexc,ACH/USDT:USDT,0.022922,20903,0.022921,21229,0.022925,55991,0.022926,11681
1753617401097,11:56:41.097,mexc,ACH/USDT:USDT,0.022922,20903,0.022921,21229,0.022925,55991,0.022926,11681
1753617401193,11:56:41.193,mexc,ACH/USDT:USDT,0.022922,20903,0.022921,21229,0.022925,55991,0.022926,11681
1753617401893,11:56:41.893,mexc,ACH/USDT:USDT,0.022922,20903,0.022921,21229,0.022925,55991,0.022926,11681
1753617401990,11:56:41.990,mexc,ACH/USDT:USDT,0.022922,20903,0.022921,21229,0.022925,55991,0.022926,13609
1753617402293,11:56:42.293,mexc,ACH/USDT:USDT,0.022922,53314,0.022921,38281,0.022923,3121,0.022924,2661
1753617402293,11:56:42.293,mexc,ACH/USDT:USDT,0.022922,32411,0.022921,17052,0.022923,3121,0.022924,2661
1753617403092,11:56:43.092,mexc,ACH/USDT:USDT,0.022922,32411,0.022921,17052,0.022923,3121,0.022924,2661
1753617403191,11:56:43.191,mexc,ACH/USDT:USDT,0.022922,32411,0.022921,22347,0.022923,3121,0.022924,2661
1753617403496,11:56:43.496,mexc,ACH/USDT:USDT,0.022922,32411,0.022921,22347,0.022923,3121,0.022924,2661
1753617403592,11:56:43.592,mexc,ACH/USDT:USDT,0.022922,32411,0.022921,17052,0.022923,3121,0.022924,2661
1753617404293,11:56:44.293,mexc,ACH/USDT:USDT,0.022922,32411,0.022921,17052,0.022923,3121,0.022924,2661
1753617404391,11:56:44.391,mexc,ACH/USDT:USDT,0.022922,32411,0.022921,24684,0.022923,3121,0.022924,2661
1753617404695,11:56:44.695,mexc,ACH/USDT:USDT,0.022922,32411,0.022921,24684,0.022923,3121,0.022924,2661
1753617404794,11:56:44.794,mexc,ACH/USDT:USDT,0.022922,32411,0.022921,17052,0.022923,3121,0.022924,2661
1753617405331,11:56:45.331,mexc,ACH/USDT:USDT,0.022922,32411,0.022921,17052,0.022923,3121,0.022924,2661
1753617405494,11:56:45.494,mexc,ACH/USDT:USDT,0.022922,32411,0.022921,24644,0.022923,3121,0.022924,2661
1753617405590,11:56:45.590,mexc,ACH/USDT:USDT,0.022922,32411,0.022921,24644,0.022923,3121,0.022924,2661
1753617405995,11:56:45.995,mexc,ACH/USDT:USDT,0.022922,32411,0.022921,17052,0.022923,3121,0.022924,2661
1753617405995,11:56:45.995,mexc,ACH/USDT:USDT,0.022922,32411,0.022921,17052,0.022923,3121,0.022924,2661
1753617406641,11:56:46.641,mexc,ACH/USDT:USDT,0.022922,32411,0.022921,17052,0.022923,3121,0.022924,2661
1753617406790,11:56:46.790,mexc,ACH/USDT:USDT,0.022922,32411,0.022921,17052,0.022923,3121,0.022924,3031
1753617407096,11:56:47.096,mexc,ACH/USDT:USDT,0.022922,32411,0.022921,17052,0.022923,3121,0.022924,3031
1753617407202,11:56:47.202,mexc,ACH/USDT:USDT,0.022922,32411,0.022921,17052,0.022923,3121,0.022924,2661
1753617407894,11:56:47.894,mexc,ACH/USDT:USDT,0.022922,32411,0.022921,25120,0.022923,3121,0.022924,2661
1753617407991,11:56:47.991,mexc,ACH/USDT:USDT,0.022922,32411,0.022921,25120,0.022923,3121,0.022924,2661
1753617408292,11:56:48.292,mexc,ACH/USDT:USDT,0.022922,54220,0.022921,25120,0.022923,12006,0.022924,2858
1753617408294,11:56:48.294,mexc,ACH/USDT:USDT,0.022922,21809,0.022921,17057,0.022923,12006,0.022924,2858
1753617409094,11:56:49.094,mexc,ACH/USDT:USDT,0.022922,21809,0.022921,17057,0.022923,12006,0.022924,2858
1753617409193,11:56:49.193,mexc,ACH/USDT:USDT,0.022922,21809,0.022921,21343,0.022923,12006,0.022924,2858
1753617409497,11:56:49.497,mexc,ACH/USDT:USDT,0.022922,21809,0.022921,21343,0.022923,12006,0.022924,2858
1753617409594,11:56:49.594,mexc,ACH/USDT:USDT,0.022922,21809,0.022921,17057,0.022923,12006,0.022924,2858
1753617410293,11:56:50.293,mexc,ACH/USDT:USDT,0.022922,21809,0.022921,17057,0.022923,12006,0.022924,2858
1753617410394,11:56:50.394,mexc,ACH/USDT:USDT,0.022922,21809,0.022921,17057,0.022923,12006,0.022924,4168
1753617410695,11:56:50.695,mexc,ACH/USDT:USDT,0.022922,21809,0.022921,17057,0.022923,12006,0.022924,4168
1753617410795,11:56:50.795,mexc,ACH/USDT:USDT,0.022922,21809,0.022921,17057,0.022923,12006,0.022924,2858
1753617411332,11:56:51.332,mexc,ACH/USDT:USDT,0.022922,21809,0.022921,17057,0.022923,12006,0.022924,2858
1753617411345,11:56:51.345,mexc,ACH/USDT:USDT,0.022922,21809,0.022921,17057,0.022923,12006,0.022924,2858
1753617411591,11:56:51.591,mexc,ACH/USDT:USDT,0.022922,21809,0.022921,23652,0.022923,12006,0.022924,2858
1753617411995,11:56:51.995,mexc,ACH/USDT:USDT,0.022922,21809,0.022921,17057,0.022923,12006,0.022924,2858
1753617411995,11:56:51.995,mexc,ACH/USDT:USDT,0.022922,21809,0.022921,17057,0.022923,12006,0.022924,2858
1753617412648,11:56:52.648,mexc,ACH/USDT:USDT,0.022922,21809,0.022921,17057,0.022923,12006,0.022924,2858
1753617412794,11:56:52.794,mexc,ACH/USDT:USDT,0.022922,21809,0.022921,17057,0.022923,12006,0.022924,3822
1753617413098,11:56:53.098,mexc,ACH/USDT:USDT,0.022922,21809,0.022921,17057,0.022923,12006,0.022924,3822
1753617413195,11:56:53.195,mexc,ACH/USDT:USDT,0.022922,21809,0.022921,17057,0.022923,12006,0.022924,2858
1753617413894,11:56:53.894,mexc,ACH/USDT:USDT,0.022922,21809,0.022921,19716,0.022923,12006,0.022924,2858
1753617413992,11:56:53.992,mexc,ACH/USDT:USDT,0.022922,21809,0.022921,19716,0.022923,12006,0.022924,2858
1753617414295,11:56:54.295,mexc,ACH/USDT:USDT,0.022921,12951,0.02292,1642,0.022923,81773,0.022924,23083
1753617414296,11:56:54.296,mexc,ACH/USDT:USDT,0.022921,12951,0.02292,1642,0.022923,69767,0.022924,20225
1753617415095,11:56:55.095,mexc,ACH/USDT:USDT,0.022921,12951,0.02292,1642,0.022923,69767,0.022924,20225
1753617415194,11:56:55.194,mexc,ACH/USDT:USDT,0.022921,12951,0.02292,1642,0.022923,69767,0.022924,20225
1753617415498,11:56:55.498,mexc,ACH/USDT:USDT,0.022921,12951,0.02292,1642,0.022923,69767,0.022924,20225
1753617415595,11:56:55.595,mexc,ACH/USDT:USDT,0.022921,12951,0.02292,1642,0.022923,69767,0.022924,20225
1753617416295,11:56:56.295,mexc,ACH/USDT:USDT,0.022921,12951,0.02292,2029,0.022923,69767,0.022924,20225
1753617416392,11:56:56.392,mexc,ACH/USDT:USDT,0.022921,12951,0.02292,2029,0.022923,69767,0.022924,30311
1753617416698,11:56:56.698,mexc,ACH/USDT:USDT,0.022921,12951,0.02292,1642,0.022923,69767,0.022924,30311
1753617416795,11:56:56.795,mexc,ACH/USDT:USDT,0.022921,12951,0.02292,1642,0.022923,69767,0.022924,20225
1753617417333,11:56:57.333,mexc,ACH/USDT:USDT,0.022921,12951,0.02292,1642,0.022923,69767,0.022924,20225
1753617417495,11:56:57.495,mexc,ACH/USDT:USDT,0.022921,12951,0.02292,2453,0.022923,69767,0.022924,20225
1753617417593,11:56:57.593,mexc,ACH/USDT:USDT,0.022921,12951,0.02292,2453,0.022923,69767,0.022924,25274
1753617417997,11:56:57.997,mexc,ACH/USDT:USDT,0.022921,12951,0.02292,1642,0.022923,69767,0.022924,20225
1753617417997,11:56:57.997,mexc,ACH/USDT:USDT,0.022921,12951,0.02292,1642,0.022923,69767,0.022924,20225
1753617418651,11:56:58.651,mexc,ACH/USDT:USDT,0.022921,12951,0.02292,1642,0.022923,69767,0.022924,20225
1753617418797,11:56:58.797,mexc,ACH/USDT:USDT,0.022921,12951,0.02292,1642,0.022923,69767,0.022924,20225
1753617419098,11:56:59.098,mexc,ACH/USDT:USDT,0.022921,12951,0.02292,1642,0.022923,69767,0.022924,20225
1753617419195,11:56:59.195,mexc,ACH/USDT:USDT,0.022921,12951,0.02292,1642,0.022923,69767,0.022924,20225
1753617419897,11:56:59.897,mexc,ACH/USDT:USDT,0.022921,12951,0.02292,1642,0.022923,69767,0.022924,20225
1753617419994,11:56:59.994,mexc,ACH/USDT:USDT,0.022921,12951,0.02292,1642,0.022923,69767,0.022924,29517
1753617420298,11:57:00.298,mexc,ACH/USDT:USDT,0.022921,32026,0.02292,3253,0.022922,22604,0.022923,46658
1753617420300,11:57:00.300,mexc,ACH/USDT:USDT,0.022921,19075,0.02292,1611,0.022922,22604,0.022923,46658
1753617421095,11:57:01.095,mexc,ACH/USDT:USDT,0.022921,19075,0.02292,1611,0.022922,22604,0.022923,46658
1753617421203,11:57:01.203,mexc,ACH/USDT:USDT,0.022921,19075,0.02292,1611,0.022922,22604,0.022923,46658
1753617421498,11:57:01.498,mexc,ACH/USDT:USDT,0.022921,19075,0.02292,1611,0.022922,22604,0.022923,46658
1753617421596,11:57:01.596,mexc,ACH/USDT:USDT,0.022921,19075,0.02292,1611,0.022922,22604,0.022923,46658
1753617422295,11:57:02.295,mexc,ACH/USDT:USDT,0.022921,19075,0.02292,1611,0.022922,22604,0.022923,46658
1753617422393,11:57:02.393,mexc,ACH/USDT:USDT,0.022921,19075,0.02292,1611,0.022922,22604,0.022923,46658
1753617422698,11:57:02.698,mexc,ACH/USDT:USDT,0.022921,19075,0.02292,1611,0.022922,22604,0.022923,46658
1753617422799,11:57:02.799,mexc,ACH/USDT:USDT,0.022921,19075,0.02292,1611,0.022922,22604,0.022923,46658
1753617423221,11:57:03.221,mexc,ACH/USDT:USDT,0.022921,19075,0.02292,1611,0.022922,22604,0.022923,46658
1753617423347,11:57:03.347,mexc,ACH/USDT:USDT,0.022925,21366,0.022924,8473,0.022928,47981,0.022929,59519
1753617423594,11:57:03.594,mexc,ACH/USDT:USDT,0.022925,21366,0.022924,11040,0.022928,47981,0.022929,59519
1753617423899,11:57:03.899,mexc,ACH/USDT:USDT,0.022925,21366,0.022924,11040,0.022928,47981,0.022929,59519
1753617423996,11:57:03.996,mexc,ACH/USDT:USDT,0.022925,21366,0.022924,8473,0.022928,47981,0.022929,59519
1753617424697,11:57:04.697,mexc,ACH/USDT:USDT,0.022925,21366,0.022924,8473,0.022928,47981,0.022929,59519
1753617424796,11:57:04.796,mexc,ACH/USDT:USDT,0.022925,21366,0.022924,8473,0.022928,47981,0.022929,59519
1753617425098,11:57:05.098,mexc,ACH/USDT:USDT,0.022925,21366,0.022924,8473,0.022928,47981,0.022929,59519
1753617425198,11:57:05.198,mexc,ACH/USDT:USDT,0.022925,21366,0.022924,8473,0.022928,47981,0.022929,59519
1753617425898,11:57:05.898,mexc,ACH/USDT:USDT,0.022925,21366,0.022924,8473,0.022928,47981,0.022929,59519
1753617425994,11:57:05.994,mexc,ACH/USDT:USDT,0.022925,21366,0.022924,8473,0.022928,47981,0.022929,61297
1753617426398,11:57:06.398,mexc,ACH/USDT:USDT,0.022925,21366,0.022924,8473,0.022928,47981,0.022929,60258
1753617426398,11:57:06.398,mexc,ACH/USDT:USDT,0.022925,21366,0.022924,8473,0.022928,47981,0.022929,59519
1753617427096,11:57:07.096,mexc,ACH/USDT:USDT,0.022925,21366,0.022924,8473,0.022928,47981,0.022929,59519
1753617427266,11:57:07.266,mexc,ACH/USDT:USDT,0.022925,21366,0.022924,8473,0.022928,47981,0.022929,60735
1753617427499,11:57:07.499,mexc,ACH/USDT:USDT,0.022925,21366,0.022924,8473,0.022928,47981,0.022929,60735
1753617427668,11:57:07.668,mexc,ACH/USDT:USDT,0.022925,21366,0.022924,8473,0.022928,47981,0.022929,59519
1753617428287,11:57:08.287,mexc,ACH/USDT:USDT,0.022925,21366,0.022924,8473,0.022928,47981,0.022929,59519
1753617428466,11:57:08.466,mexc,ACH/USDT:USDT,0.022921,16674,0.02292,1927,0.022925,43210,0.022926,6433
1753617428869,11:57:08.869,mexc,ACH/USDT:USDT,0.022921,16674,0.02292,1927,0.022925,43210,0.022926,6433
1753617428869,11:57:08.869,mexc,ACH/USDT:USDT,0.022921,16674,0.02292,1927,0.022925,43210,0.022926,6433
1753617429339,11:57:09.339,mexc,ACH/USDT:USDT,0.022921,16674,0.02292,1927,0.022925,43210,0.022926,6433
1753617429505,11:57:09.505,mexc,ACH/USDT:USDT,0.022921,16674,0.02292,1927,0.022925,43210,0.022926,6433
1753617429730,11:57:09.730,mexc,ACH/USDT:USDT,0.022921,16674,0.02292,1927,0.022925,43210,0.022926,6433
1753617430068,11:57:10.068,mexc,ACH/USDT:USDT,0.022921,16674,0.02292,1927,0.022925,43210,0.022926,6433
1753617430069,11:57:10.069,mexc,ACH/USDT:USDT,0.022921,16674,0.02292,1927,0.022925,43210,0.022926,6433
1753617430697,11:57:10.697,mexc,ACH/USDT:USDT,0.022921,16674,0.02292,1927,0.022925,43210,0.022926,6433
1753617430865,11:57:10.865,mexc,ACH/USDT:USDT,0.022921,16674,0.02292,1927,0.022925,43210,0.022926,8573
1753617431102,11:57:11.102,mexc,ACH/USDT:USDT,0.022921,16674,0.02292,1927,0.022925,43210,0.022926,8573
1753617431269,11:57:11.269,mexc,ACH/USDT:USDT,0.022921,16674,0.02292,1927,0.022925,43210,0.022926,6433
1753617431899,11:57:11.899,mexc,ACH/USDT:USDT,0.022921,16674,0.02292,1927,0.022925,43210,0.022926,6433
1753617432066,11:57:12.066,mexc,ACH/USDT:USDT,0.022921,16674,0.02292,1927,0.022925,43210,0.022926,11677
1753617432301,11:57:12.301,mexc,ACH/USDT:USDT,0.022921,16674,0.02292,1927,0.022925,43210,0.022926,11677
1753617432469,11:57:12.469,mexc,ACH/USDT:USDT,0.022921,16674,0.02292,1927,0.022925,43210,0.022926,6433
1753617433097,11:57:13.097,mexc,ACH/USDT:USDT,0.022921,16674,0.02292,1927,0.022925,43210,0.022926,6433
1753617433265,11:57:13.265,mexc,ACH/USDT:USDT,0.022921,16674,0.02292,1927,0.022925,43210,0.022926,6433
1753617433499,11:57:13.499,mexc,ACH/USDT:USDT,0.022921,16674,0.02292,1927,0.022925,43210,0.022926,6433
1753617433669,11:57:13.669,mexc,ACH/USDT:USDT,0.022921,16674,0.02292,1927,0.022925,43210,0.022926,6433
1753617434289,11:57:14.289,mexc,ACH/USDT:USDT,0.022921,16674,0.02292,1927,0.022923,11453,0.022925,43210
1753617434466,11:57:14.466,mexc,ACH/USDT:USDT,0.022921,12278,0.02292,1780,0.022923,11453,0.022924,2187
1753617434873,11:57:14.873,mexc,ACH/USDT:USDT,0.022921,12278,0.02292,1780,0.022923,11453,0.022924,2187
1753617434873,11:57:14.873,mexc,ACH/USDT:USDT,0.022921,12278,0.02292,1780,0.022923,11453,0.022924,2187
1753617435340,11:57:15.340,mexc,ACH/USDT:USDT,0.022921,12278,0.02292,1780,0.022923,11453,0.022924,2187
1753617435511,11:57:15.511,mexc,ACH/USDT:USDT,0.022921,12278,0.02292,1780,0.022923,11453,0.022924,2187
1753617435734,11:57:15.734,mexc,ACH/USDT:USDT,0.022921,12278,0.02292,1780,0.022923,11453,0.022924,2187
1753617436075,11:57:16.075,mexc,ACH/USDT:USDT,0.022921,12278,0.02292,1780,0.022923,11453,0.022924,2187
1753617436075,11:57:16.075,mexc,ACH/USDT:USDT,0.022921,12278,0.02292,1780,0.022923,11453,0.022924,2187
1753617436699,11:57:16.699,mexc,ACH/USDT:USDT,0.022921,12278,0.02292,1780,0.022923,11453,0.022924,2187
1753617436869,11:57:16.869,mexc,ACH/USDT:USDT,0.022921,12278,0.02292,1985,0.022923,11453,0.022924,3753
1753617437101,11:57:17.101,mexc,ACH/USDT:USDT,0.022921,12278,0.02292,1985,0.022923,11453,0.022924,3753
1753617437271,11:57:17.271,mexc,ACH/USDT:USDT,0.022921,12278,0.02292,1780,0.022923,11453,0.022924,2187
1753617437903,11:57:17.903,mexc,ACH/USDT:USDT,0.022921,12278,0.02292,1780,0.022923,11453,0.022924,2187
1753617438066,11:57:18.066,mexc,ACH/USDT:USDT,0.022921,12278,0.02292,1780,0.022923,11453,0.022924,3176
1753617438305,11:57:18.305,mexc,ACH/USDT:USDT,0.022921,12278,0.02292,1780,0.022923,11453,0.022924,3176
1753617438470,11:57:18.470,mexc,ACH/USDT:USDT,0.022921,12278,0.02292,1780,0.022923,11453,0.022924,2187
1753617439104,11:57:19.104,mexc,ACH/USDT:USDT,0.022921,12278,0.02292,2205,0.022923,11453,0.022924,2187
1753617439268,11:57:19.268,mexc,ACH/USDT:USDT,0.022921,12278,0.02292,2205,0.022923,11453,0.022924,2937
1753617439503,11:57:19.503,mexc,ACH/USDT:USDT,0.022921,12278,0.02292,1780,0.022923,11453,0.022924,2937
