timestamp,time,exchange,symbol,bid1_price,bid1_volume,bid2_price,bid2_volume,ask1_price,ask1_volume,ask2_price,ask2_volume
1753617166257,11:52:46.257,ascendex,AEVO/USDT:USDT,0.1111,900495.3,0.1106,180995.4,0.1111,900495.3,0.1116,335921.3
1753617166763,11:52:46.763,ascendex,AEVO/USDT:USDT,0.1106,180995.4,0.1104,90661.8,0.1111,900495.3,0.1116,335921.3
1753617167551,11:52:47.551,ascendex,AEVO/USDT:USDT,0.1106,180995.4,0.1104,90661.8,0.1111,900495.3,0.1116,335921.3
1753617168058,11:52:48.058,ascendex,AEVO/USDT:USDT,0.1106,180995.4,0.1104,90661.8,0.1116,335921.3,0.1117,111806.8
1753617169347,11:52:49.347,ascendex,AEVO/USDT:USDT,0.1106,271411.3,0.1104,90661.8,0.1116,335921.3,0.1118,94345.9
1753617169531,11:52:49.531,ascendex,AEVO/USDT:USDT,0.1106,180995.4,0.1104,90661.8,0.1116,335921.3,0.1118,94345.9
1753617169963,11:52:49.963,ascendex,AEVO/USDT:USDT,0.1106,271411.3,0.1104,90661.8,0.1116,335921.3,0.1118,94345.9
1753617170135,11:52:50.135,ascendex,AEVO/USDT:USDT,0.1106,180995.4,0.1104,90661.8,0.1116,335921.3,0.1118,94345.9
1753617170585,11:52:50.585,ascendex,AEVO/USDT:USDT,0.1106,271411.3,0.1104,90661.8,0.1116,335921.3,0.1118,94345.9
1753617170771,11:52:50.771,ascendex,AEVO/USDT:USDT,0.1106,180995.4,0.1104,90661.8,0.1116,335921.3,0.1118,94345.9
1753617171166,11:52:51.166,ascendex,AEVO/USDT:USDT,0.1106,271411.3,0.1104,90661.8,0.1116,335921.3,0.1118,94345.9
1753617171364,11:52:51.364,ascendex,AEVO/USDT:USDT,0.1106,180995.4,0.1104,90661.8,0.1116,335921.3,0.1118,94345.9
1753617171772,11:52:51.772,ascendex,AEVO/USDT:USDT,0.1106,271411.3,0.1104,90661.8,0.1116,335921.3,0.1118,94345.9
1753617171971,11:52:51.971,ascendex,AEVO/USDT:USDT,0.1106,180995.4,0.1104,90661.8,0.1116,335921.3,0.1118,94345.9
1753617172412,11:52:52.412,ascendex,AEVO/USDT:USDT,0.1106,271411.3,0.1104,90661.8,0.1116,335921.3,0.1118,94345.9
1753617172568,11:52:52.568,ascendex,AEVO/USDT:USDT,0.1106,180995.4,0.1104,90661.8,0.1116,335921.3,0.1118,94345.9
1753617172973,11:52:52.973,ascendex,AEVO/USDT:USDT,0.1106,271411.3,0.1104,90661.8,0.1116,335921.3,0.1118,94345.9
1753617173371,11:52:53.371,ascendex,AEVO/USDT:USDT,0.1106,180995.4,0.1104,90661.8,0.1116,335921.3,0.1118,94345.9
1753617173660,11:52:53.660,ascendex,AEVO/USDT:USDT,0.1106,271411.3,0.1104,90661.8,0.1116,335921.3,0.1118,94345.9
1753617173993,11:52:53.993,ascendex,AEVO/USDT:USDT,0.1106,180995.4,0.1104,90661.8,0.1116,335921.3,0.1118,94345.9
1753617174229,11:52:54.229,ascendex,AEVO/USDT:USDT,0.1106,271411.3,0.1104,90661.8,0.1116,335921.3,0.1118,94345.9
1753617174617,11:52:54.617,ascendex,AEVO/USDT:USDT,0.1106,180995.4,0.1104,90661.8,0.1116,335921.3,0.1118,94345.9
1753617174993,11:52:54.993,ascendex,AEVO/USDT:USDT,0.1106,180995.4,0.1104,90661.8,0.1116,335921.3,0.1118,94345.9
1753617175236,11:52:55.236,ascendex,AEVO/USDT:USDT,0.1106,271411.3,0.1104,90661.8,0.1116,335921.3,0.1118,94345.9
1753617175418,11:52:55.418,ascendex,AEVO/USDT:USDT,0.1106,180995.4,0.1104,90661.8,0.1116,335921.3,0.1118,94345.9
1753617175837,11:52:55.837,ascendex,AEVO/USDT:USDT,0.1106,271411.3,0.1104,90661.8,0.1116,335921.3,0.1118,94345.9
1753617176065,11:52:56.065,ascendex,AEVO/USDT:USDT,0.1106,180995.4,0.1104,90661.8,0.1116,335921.3,0.1118,94345.9
1753617176472,11:52:56.472,ascendex,AEVO/USDT:USDT,0.1106,271411.3,0.1104,90661.8,0.1116,335921.3,0.1118,94345.9
1753617176632,11:52:56.632,ascendex,AEVO/USDT:USDT,0.1106,180995.4,0.1104,90661.8,0.1116,335921.3,0.1118,94345.9
1753617177045,11:52:57.045,ascendex,AEVO/USDT:USDT,0.1106,271411.3,0.1104,90661.8,0.1116,335921.3,0.1118,94345.9
1753617177256,11:52:57.256,ascendex,AEVO/USDT:USDT,0.1106,180995.4,0.1104,90661.8,0.1116,335921.3,0.1118,94345.9
1753617177651,11:52:57.651,ascendex,AEVO/USDT:USDT,0.1106,271411.3,0.1104,90661.8,0.1116,335921.3,0.1118,94345.9
1753617177882,11:52:57.882,ascendex,AEVO/USDT:USDT,0.1106,180995.4,0.1104,90661.8,0.1116,335921.3,0.1118,94345.9
1753617178488,11:52:58.488,ascendex,AEVO/USDT:USDT,0.1106,271411.3,0.1104,90661.8,0.1116,335921.3,0.1118,94345.9
1753617178649,11:52:58.649,ascendex,AEVO/USDT:USDT,0.1106,180995.4,0.1104,90661.8,0.1116,335921.3,0.1118,94345.9
1753617179101,11:52:59.101,ascendex,AEVO/USDT:USDT,0.1106,271411.3,0.1104,90661.8,0.1116,335921.3,0.1118,94345.9
1753617179265,11:52:59.265,ascendex,AEVO/USDT:USDT,0.1106,180995.4,0.1104,90661.8,0.1116,335921.3,0.1118,94345.9
1753617179777,11:52:59.777,ascendex,AEVO/USDT:USDT,0.1106,180995.4,0.1104,90661.8,0.1116,335921.3,0.1118,94345.9
1753617179987,11:52:59.987,ascendex,AEVO/USDT:USDT,0.1111,900495.3,0.1106,180995.4,0.1116,335921.3,0.1118,94345.9
1753617180403,11:53:00.403,ascendex,AEVO/USDT:USDT,0.1106,180995.4,0.1104,90661.8,0.1116,335921.3,0.1118,94345.9
1753617180606,11:53:00.606,ascendex,AEVO/USDT:USDT,0.1106,180995.4,0.1104,90661.8,0.1116,335921.3,0.1118,94345.9
1753617180817,11:53:00.817,ascendex,AEVO/USDT:USDT,0.1106,180995.4,0.1104,90661.8,0.1116,335921.3,0.1118,94345.9
1753617181088,11:53:01.088,ascendex,AEVO/USDT:USDT,0.1106,180995.4,0.1104,90661.8,0.1111,900495.3,0.1116,335921.3
1753617181609,11:53:01.609,ascendex,AEVO/USDT:USDT,0.1106,180995.4,0.1104,90661.8,0.1116,335921.3,0.1118,94345.9
1753617182920,11:53:02.920,ascendex,AEVO/USDT:USDT,0.1106,271411.3,0.1104,90661.8,0.1116,335921.3,0.1118,94345.9
1753617183136,11:53:03.136,ascendex,AEVO/USDT:USDT,0.1106,271411.3,0.1104,90661.8,0.1116,335921.3,0.1118,94345.9
1753617183560,11:53:03.560,ascendex,AEVO/USDT:USDT,0.1106,271411.3,0.1104,90661.8,0.1116,335921.3,0.1118,94345.9
1753617183823,11:53:03.823,ascendex,AEVO/USDT:USDT,0.1106,271411.3,0.1104,90661.8,0.1116,335921.3,0.1118,94345.9
1753617184150,11:53:04.150,ascendex,AEVO/USDT:USDT,0.1106,180995.4,0.1104,90661.8,0.1116,335921.3,0.1118,94345.9
1753617184730,11:53:04.730,ascendex,AEVO/USDT:USDT,0.1106,180995.4,0.1104,90661.8,0.1116,335921.3,0.1118,94345.9
1753617185391,11:53:05.391,ascendex,AEVO/USDT:USDT,0.1106,271411.3,0.1104,90661.8,0.1116,335921.3,0.1118,94345.9
1753617185749,11:53:05.749,ascendex,AEVO/USDT:USDT,0.1106,180995.4,0.1104,90661.8,0.1116,335921.3,0.1118,94345.9
1753617186008,11:53:06.008,ascendex,AEVO/USDT:USDT,0.1106,180995.4,0.1104,90661.8,0.1116,335921.3,0.1118,94345.9
1753617186355,11:53:06.355,ascendex,AEVO/USDT:USDT,0.1106,180995.4,0.1104,90661.8,0.1116,335921.3,0.1118,94345.9
1753617186959,11:53:06.959,ascendex,AEVO/USDT:USDT,0.1106,180995.4,0.1104,90661.8,0.1116,335921.3,0.1118,94345.9
1753617187599,11:53:07.599,ascendex,AEVO/USDT:USDT,0.1106,180995.4,0.1104,90661.8,0.1116,335921.3,0.1118,94345.9
1753617188188,11:53:08.188,ascendex,AEVO/USDT:USDT,0.1106,180995.4,0.1104,90661.8,0.1116,335921.3,0.1118,94345.9
1753617188855,11:53:08.855,ascendex,AEVO/USDT:USDT,0.1106,271411.3,0.1104,90661.8,0.1116,335921.3,0.1118,94345.9
1753617189267,11:53:09.267,ascendex,AEVO/USDT:USDT,0.1106,271411.3,0.1104,90661.8,0.1116,335921.3,0.1118,94345.9
1753617189452,11:53:09.452,ascendex,AEVO/USDT:USDT,0.1106,271411.3,0.1104,90661.8,0.1116,335921.3,0.1118,94345.9
1753617189672,11:53:09.672,ascendex,AEVO/USDT:USDT,0.1106,180995.4,0.1104,90661.8,0.1116,335921.3,0.1118,94345.9
1753617190096,11:53:10.096,ascendex,AEVO/USDT:USDT,0.1106,271411.3,0.1104,90661.8,0.1116,335921.3,0.1118,94345.9
1753617190473,11:53:10.473,ascendex,AEVO/USDT:USDT,0.1106,180995.4,0.1104,90661.8,0.1116,335921.3,0.1118,94345.9
1753617191058,11:53:11.058,ascendex,AEVO/USDT:USDT,0.1106,180995.4,0.1104,90661.8,0.1116,335921.3,0.1118,94345.9
1753617191490,11:53:11.490,ascendex,AEVO/USDT:USDT,0.1106,271411.3,0.1104,90661.8,0.1116,335921.3,0.1118,94345.9
1753617191682,11:53:11.682,ascendex,AEVO/USDT:USDT,0.1106,180995.4,0.1104,90661.8,0.1116,335921.3,0.1118,94345.9
1753617192089,11:53:12.089,ascendex,AEVO/USDT:USDT,0.1106,271411.3,0.1104,90661.8,0.1116,335921.3,0.1118,94345.9
1753617192310,11:53:12.310,ascendex,AEVO/USDT:USDT,0.1106,271411.3,0.1104,90661.8,0.1116,335921.3,0.1118,94345.9
1753617192713,11:53:12.713,ascendex,AEVO/USDT:USDT,0.1106,271411.3,0.1104,90661.8,0.1116,335921.3,0.1118,94345.9
1753617193089,11:53:13.089,ascendex,AEVO/USDT:USDT,0.1106,180995.4,0.1104,90661.8,0.1116,335921.3,0.1118,94345.9
1753617193353,11:53:13.353,ascendex,AEVO/USDT:USDT,0.1111,899685.1,0.1106,271411.3,0.1116,335921.3,0.1118,94345.9
1753617193527,11:53:13.527,ascendex,AEVO/USDT:USDT,0.1111,899685.1,0.1106,271411.3,0.1116,335921.3,0.1118,94345.9
1753617193919,11:53:13.919,ascendex,AEVO/USDT:USDT,0.1106,180995.4,0.1104,90661.8,0.1116,335921.3,0.1118,94345.9
1753617194344,11:53:14.344,ascendex,AEVO/USDT:USDT,0.1106,271411.3,0.1104,90661.8,0.1116,335921.3,0.1118,94345.9
1753617194670,11:53:14.670,ascendex,AEVO/USDT:USDT,0.1111,899685.1,0.1106,180995.4,0.1116,335921.3,0.1118,94345.9
1753617194965,11:53:14.965,ascendex,AEVO/USDT:USDT,0.1111,899685.1,0.1108,90334.2,0.1116,112007.2,0.1117,111806.8
1753617195293,11:53:15.293,ascendex,AEVO/USDT:USDT,0.1108,90334.2,0.1107,90415.9,0.1116,112007.2,0.1117,111806.8
1753617195457,11:53:15.457,ascendex,AEVO/USDT:USDT,0.1108,90334.2,0.1107,90415.9,0.1116,112007.2,0.1117,111806.8
1753617195748,11:53:15.748,ascendex,AEVO/USDT:USDT,0.1108,90334.2,0.1107,90415.9,0.1116,112007.2,0.1117,111806.8
1753617195969,11:53:15.969,ascendex,AEVO/USDT:USDT,0.1108,90334.2,0.1107,90415.9,0.1116,112007.2,0.1117,111806.8
1753617196753,11:53:16.753,ascendex,AEVO/USDT:USDT,0.1108,90334.2,0.1107,90415.9,0.1116,112007.2,0.1117,111806.8
1753617197616,11:53:17.616,ascendex,AEVO/USDT:USDT,0.1108,90334.2,0.1107,90415.9,0.1116,112007.2,0.1117,111806.8
1753617200524,11:53:20.524,ascendex,AEVO/USDT:USDT,0.1108,90334.2,0.1107,90415.9,0.1116,112007.2,0.1117,111806.8
1753617206878,11:53:26.878,ascendex,AEVO/USDT:USDT,0.1108,90334.2,0.1107,90415.9,0.1112,898876.4,0.1116,112007.2
1753617207386,11:53:27.386,ascendex,AEVO/USDT:USDT,0.1108,90334.2,0.1107,90415.9,0.1116,112007.2,0.1117,111806.8
1753617208173,11:53:28.173,ascendex,AEVO/USDT:USDT,0.1108,90334.2,0.1107,90415.9,0.1112,898876.4,0.1116,112007.2
1753617208669,11:53:28.669,ascendex,AEVO/USDT:USDT,0.1108,90334.2,0.1107,90415.9,0.1116,112007.2,0.1117,111806.8
1753617212638,11:53:32.638,ascendex,AEVO/USDT:USDT,0.1108,180668.4,0.1107,90415.9,0.1116,112007.2,0.1118,206052.8
1753617212869,11:53:32.869,ascendex,AEVO/USDT:USDT,0.1108,270921.1,0.1107,90415.9,0.1116,112007.2,0.1118,206052.8
1753617213066,11:53:33.066,ascendex,AEVO/USDT:USDT,0.1108,180668.4,0.1107,90415.9,0.1116,112007.2,0.1118,206052.8
1753617213558,11:53:33.558,ascendex,AEVO/USDT:USDT,0.1108,270921.1,0.1107,90415.9,0.1116,112007.2,0.1118,206052.8
1753617213829,11:53:33.829,ascendex,AEVO/USDT:USDT,0.1108,180668.4,0.1107,90415.9,0.1116,112007.2,0.1118,206052.8
1753617214073,11:53:34.073,ascendex,AEVO/USDT:USDT,0.1108,270921.1,0.1107,90415.9,0.1116,112007.2,0.1118,206052.8
1753617214289,11:53:34.289,ascendex,AEVO/USDT:USDT,0.1108,180668.4,0.1107,90415.9,0.1116,112007.2,0.1118,206052.8
1753617214712,11:53:34.712,ascendex,AEVO/USDT:USDT,0.1108,270921.1,0.1107,90415.9,0.1116,112007.2,0.1118,206052.8
1753617214914,11:53:34.914,ascendex,AEVO/USDT:USDT,0.1108,180668.4,0.1107,90415.9,0.1116,112007.2,0.1118,206052.8
1753617215294,11:53:35.294,ascendex,AEVO/USDT:USDT,0.1108,270921.1,0.1107,90415.9,0.1116,112007.2,0.1118,206052.8
1753617215509,11:53:35.509,ascendex,AEVO/USDT:USDT,0.1108,180668.4,0.1107,90415.9,0.1116,112007.2,0.1118,206052.8
1753617215945,11:53:35.945,ascendex,AEVO/USDT:USDT,0.1108,270921.1,0.1107,90415.9,0.1116,112007.2,0.1118,206052.8
1753617216261,11:53:36.261,ascendex,AEVO/USDT:USDT,0.1108,180668.4,0.1107,90415.9,0.1116,112007.2,0.1118,206052.8
1753617216565,11:53:36.565,ascendex,AEVO/USDT:USDT,0.1108,270921.1,0.1107,90415.9,0.1116,112007.2,0.1118,206052.8
1753617216736,11:53:36.736,ascendex,AEVO/USDT:USDT,0.1108,180668.4,0.1107,90415.9,0.1116,112007.2,0.1118,206052.8
1753617217126,11:53:37.126,ascendex,AEVO/USDT:USDT,0.1108,270921.1,0.1107,90415.9,0.1116,112007.2,0.1118,206052.8
1753617217381,11:53:37.381,ascendex,AEVO/USDT:USDT,0.1108,180668.4,0.1107,90415.9,0.1116,112007.2,0.1118,206052.8
1753617217941,11:53:37.941,ascendex,AEVO/USDT:USDT,0.1108,270921.1,0.1107,90415.9,0.1116,112007.2,0.1118,206052.8
1753617218127,11:53:38.127,ascendex,AEVO/USDT:USDT,0.1108,180668.4,0.1107,90415.9,0.1116,112007.2,0.1118,206052.8
1753617218344,11:53:38.344,ascendex,AEVO/USDT:USDT,0.1108,270921.1,0.1107,90415.9,0.1116,112007.2,0.1118,206052.8
1753617218835,11:53:38.835,ascendex,AEVO/USDT:USDT,0.1108,180668.4,0.1107,90415.9,0.1116,112007.2,0.1118,206052.8
1753617219207,11:53:39.207,ascendex,AEVO/USDT:USDT,0.1108,270921.1,0.1107,90415.9,0.1116,112007.2,0.1118,206052.8
1753617219420,11:53:39.420,ascendex,AEVO/USDT:USDT,0.1108,270921.1,0.1107,90415.9,0.1116,112007.2,0.1118,206052.8
1753617219841,11:53:39.841,ascendex,AEVO/USDT:USDT,0.1108,270921.1,0.1107,90415.9,0.1116,112007.2,0.1118,206052.8
1753617220040,11:53:40.040,ascendex,AEVO/USDT:USDT,0.1108,270921.1,0.1107,90415.9,0.1116,112007.2,0.1118,206052.8
1753617220441,11:53:40.441,ascendex,AEVO/USDT:USDT,0.1108,270921.1,0.1107,90415.9,0.1114,898069.2,0.1116,112007.2
1753617220651,11:53:40.651,ascendex,AEVO/USDT:USDT,0.1108,270921.1,0.1107,90415.9,0.1114,898069.2,0.1116,112007.2
1753617220921,11:53:40.921,ascendex,AEVO/USDT:USDT,0.1108,180668.4,0.1107,90415.9,0.1116,112007.2,0.1118,206052.8
1753617221441,11:53:41.441,ascendex,AEVO/USDT:USDT,0.1108,180668.4,0.1107,90415.9,0.1116,112007.2,0.1118,206052.8
1753617221706,11:53:41.706,ascendex,AEVO/USDT:USDT,0.1114,898069.2,0.1108,270921.1,0.1116,112007.2,0.1118,206052.8
1753617222060,11:53:42.060,ascendex,AEVO/USDT:USDT,0.1114,898069.2,0.1108,180668.4,0.1116,112007.2,0.1118,206052.8
1753617222212,11:53:42.212,ascendex,AEVO/USDT:USDT,0.1108,180668.4,0.1107,90415.9,0.1116,112007.2,0.1118,206052.8
1753617222665,11:53:42.665,ascendex,AEVO/USDT:USDT,0.1108,180668.4,0.1107,90415.9,0.1116,112007.2,0.1118,206052.8
1753617223268,11:53:43.268,ascendex,AEVO/USDT:USDT,0.1108,180668.4,0.1107,90415.9,0.1116,112007.2,0.1118,206052.8
1753617223679,11:53:43.679,ascendex,AEVO/USDT:USDT,0.1108,270921.1,0.1107,90415.9,0.1116,112007.2,0.1118,206052.8
1753617223888,11:53:43.888,ascendex,AEVO/USDT:USDT,0.1108,270921.1,0.1107,90415.9,0.1116,112007.2,0.1118,206052.8
1753617224321,11:53:44.321,ascendex,AEVO/USDT:USDT,0.1108,270921.1,0.1107,90415.9,0.1116,112007.2,0.1118,206052.8
1753617224501,11:53:44.501,ascendex,AEVO/USDT:USDT,0.1108,270921.1,0.1107,90415.9,0.1116,112007.2,0.1118,206052.8
1753617224903,11:53:44.903,ascendex,AEVO/USDT:USDT,0.1108,180668.4,0.1107,90415.9,0.1116,112007.2,0.1118,206052.8
1753617225126,11:53:45.126,ascendex,AEVO/USDT:USDT,0.1108,270921.1,0.1107,90415.9,0.1116,112007.2,0.1118,206052.8
1753617225542,11:53:45.542,ascendex,AEVO/USDT:USDT,0.1108,180668.4,0.1107,90415.9,0.1116,112007.2,0.1118,206052.8
1753617225923,11:53:45.923,ascendex,AEVO/USDT:USDT,0.1108,270921.1,0.1107,90415.9,0.1116,112007.2,0.1118,206052.8
1753617226113,11:53:46.113,ascendex,AEVO/USDT:USDT,0.1108,180668.4,0.1107,90415.9,0.1116,112007.2,0.1118,206052.8
1753617226541,11:53:46.541,ascendex,AEVO/USDT:USDT,0.1108,270921.1,0.1107,90415.9,0.1116,112007.2,0.1118,206052.8
1753617226728,11:53:46.728,ascendex,AEVO/USDT:USDT,0.1108,180668.4,0.1107,90415.9,0.1116,112007.2,0.1118,206052.8
1753617227141,11:53:47.141,ascendex,AEVO/USDT:USDT,0.1108,270921.1,0.1107,90415.9,0.1116,112007.2,0.1118,206052.8
1753617227331,11:53:47.331,ascendex,AEVO/USDT:USDT,0.1108,180668.4,0.1107,90415.9,0.1116,112007.2,0.1118,206052.8
1753617227751,11:53:47.751,ascendex,AEVO/USDT:USDT,0.1108,270921.1,0.1107,90415.9,0.1116,112007.2,0.1118,206052.8
1753617227931,11:53:47.931,ascendex,AEVO/USDT:USDT,0.1108,180668.4,0.1107,90415.9,0.1116,112007.2,0.1118,206052.8
1753617228355,11:53:48.355,ascendex,AEVO/USDT:USDT,0.1108,270921.1,0.1107,90415.9,0.1116,112007.2,0.1118,206052.8
1753617228561,11:53:48.561,ascendex,AEVO/USDT:USDT,0.1108,180668.4,0.1107,90415.9,0.1116,112007.2,0.1118,206052.8
1753617228985,11:53:48.985,ascendex,AEVO/USDT:USDT,0.1108,270921.1,0.1107,90415.9,0.1116,112007.2,0.1118,206052.8
1753617229151,11:53:49.151,ascendex,AEVO/USDT:USDT,0.1108,180668.4,0.1107,90415.9,0.1116,112007.2,0.1118,206052.8
1753617229756,11:53:49.756,ascendex,AEVO/USDT:USDT,0.1108,180668.4,0.1107,90415.9,0.1116,112007.2,0.1118,206052.8
1753617229960,11:53:49.960,ascendex,AEVO/USDT:USDT,0.1108,180668.4,0.1107,90415.9,0.1116,112007.2,0.1118,206052.8
1753617230381,11:53:50.381,ascendex,AEVO/USDT:USDT,0.1108,270921.1,0.1107,90415.9,0.1116,112007.2,0.1118,206052.8
1753617230619,11:53:50.619,ascendex,AEVO/USDT:USDT,0.1108,270921.1,0.1107,90415.9,0.1116,112007.2,0.1118,206052.8
1753617230796,11:53:50.796,ascendex,AEVO/USDT:USDT,0.1108,180668.4,0.1107,90415.9,0.1116,112007.2,0.1118,206052.8
1753617231218,11:53:51.218,ascendex,AEVO/USDT:USDT,0.1108,270921.1,0.1107,90415.9,0.1116,112007.2,0.1118,206052.8
1753617231372,11:53:51.372,ascendex,AEVO/USDT:USDT,0.1108,180668.4,0.1107,90415.9,0.1116,112007.2,0.1118,206052.8
1753617231811,11:53:51.811,ascendex,AEVO/USDT:USDT,0.1108,270921.1,0.1107,90415.9,0.1116,112007.2,0.1118,206052.8
1753617231989,11:53:51.989,ascendex,AEVO/USDT:USDT,0.1108,180668.4,0.1107,90415.9,0.1116,112007.2,0.1118,206052.8
1753617232473,11:53:52.473,ascendex,AEVO/USDT:USDT,0.1108,270921.1,0.1107,90415.9,0.1116,112007.2,0.1118,206052.8
1753617232685,11:53:52.685,ascendex,AEVO/USDT:USDT,0.1108,180668.4,0.1107,90415.9,0.1116,112007.2,0.1118,206052.8
1753617233089,11:53:53.089,ascendex,AEVO/USDT:USDT,0.1108,270921.1,0.1107,90415.9,0.1116,112007.2,0.1118,206052.8
1753617233292,11:53:53.292,ascendex,AEVO/USDT:USDT,0.1108,180668.4,0.1107,90415.9,0.1116,112007.2,0.1118,206052.8
1753617233693,11:53:53.693,ascendex,AEVO/USDT:USDT,0.1108,270921.1,0.1107,90415.9,0.1116,112007.2,0.1118,206052.8
1753617233948,11:53:53.948,ascendex,AEVO/USDT:USDT,0.1114,898069.2,0.1108,180668.4,0.1116,112007.2,0.1118,206052.8
1753617234499,11:53:54.499,ascendex,AEVO/USDT:USDT,0.1108,180668.4,0.1107,90415.9,0.1116,112007.2,0.1118,206052.8
1753617235083,11:53:55.083,ascendex,AEVO/USDT:USDT,0.1108,180668.4,0.1107,90415.9,0.1116,112007.2,0.1118,206052.8
1753617235260,11:53:55.260,ascendex,AEVO/USDT:USDT,0.1108,180668.4,0.1107,90415.9,0.1114,898069.2,0.1116,112007.2
1753617235713,11:53:55.713,ascendex,AEVO/USDT:USDT,0.1108,270921.1,0.1107,90415.9,0.1114,898069.2,0.1116,112007.2
1753617235916,11:53:55.916,ascendex,AEVO/USDT:USDT,0.1108,180668.4,0.1107,90415.9,0.1116,112007.2,0.1118,206052.8
1753617236320,11:53:56.320,ascendex,AEVO/USDT:USDT,0.1108,270921.1,0.1107,90415.9,0.1116,112007.2,0.1118,206052.8
1753617236522,11:53:56.522,ascendex,AEVO/USDT:USDT,0.1108,270921.1,0.1107,90415.9,0.1116,112007.2,0.1118,206052.8
1753617236750,11:53:56.750,ascendex,AEVO/USDT:USDT,0.1108,180668.4,0.1107,90415.9,0.1116,112007.2,0.1118,206052.8
1753617237137,11:53:57.137,ascendex,AEVO/USDT:USDT,0.1108,270921.1,0.1107,90415.9,0.1116,112007.2,0.1118,206052.8
1753617237369,11:53:57.369,ascendex,AEVO/USDT:USDT,0.1108,180668.4,0.1107,90415.9,0.1116,112007.2,0.1118,206052.8
1753617237948,11:53:57.948,ascendex,AEVO/USDT:USDT,0.1108,180668.4,0.1107,90415.9,0.1116,112007.2,0.1118,206052.8
1753617238540,11:53:58.540,ascendex,AEVO/USDT:USDT,0.1108,180668.4,0.1107,90415.9,0.1116,112007.2,0.1118,206052.8
1753617239139,11:53:59.139,ascendex,AEVO/USDT:USDT,0.1108,180668.4,0.1107,90415.9,0.1116,112007.2,0.1118,206052.8
1753617239566,11:53:59.566,ascendex,AEVO/USDT:USDT,0.1108,270921.1,0.1107,90415.9,0.1116,112007.2,0.1118,206052.8
1753617239770,11:53:59.770,ascendex,AEVO/USDT:USDT,0.1108,270921.1,0.1107,90415.9,0.1116,112007.2,0.1118,206052.8
1753617240188,11:54:00.188,ascendex,AEVO/USDT:USDT,0.1108,270921.1,0.1107,90415.9,0.1116,112007.2,0.1118,206052.8
1753617240556,11:54:00.556,ascendex,AEVO/USDT:USDT,0.1108,180668.4,0.1107,90415.9,0.1116,112007.2,0.1118,206052.8
1753617240775,11:54:00.775,ascendex,AEVO/USDT:USDT,0.1108,180668.4,0.1107,90415.9,0.1116,112007.2,0.1118,206052.8
1753617241436,11:54:01.436,ascendex,AEVO/USDT:USDT,0.1108,180668.4,0.1107,90415.9,0.1118,206052.8,0.112,97694.1
1753617241749,11:54:01.749,ascendex,AEVO/USDT:USDT,0.1108,180668.4,0.1107,90415.9,0.1118,206052.8,0.112,97694.1
1753617242059,11:54:02.059,ascendex,AEVO/USDT:USDT,0.1108,180668.4,0.1106,90497.7,0.1117,111806.8,0.1118,206052.8
1753617242315,11:54:02.315,ascendex,AEVO/USDT:USDT,0.1108,180668.4,0.1106,90497.7,0.1117,111806.8,0.1118,206052.8
1753617242664,11:54:02.664,ascendex,AEVO/USDT:USDT,0.1108,180668.4,0.1106,90497.7,0.1117,111806.8,0.1118,206052.8
1753617243533,11:54:03.533,ascendex,AEVO/USDT:USDT,0.1108,180668.4,0.1106,90497.7,0.1117,111806.8,0.1118,206052.8
1753617243928,11:54:03.928,ascendex,AEVO/USDT:USDT,0.1108,180668.4,0.1106,90497.7,0.1117,111806.8,0.1118,206052.8
1753617245116,11:54:05.116,ascendex,AEVO/USDT:USDT,0.1108,180668.4,0.1106,90497.7,0.1117,111806.8,0.1118,206052.8
1753617246274,11:54:06.274,ascendex,AEVO/USDT:USDT,0.1108,180668.4,0.1106,90497.7,0.1117,111806.8,0.1118,206052.8
1753617247512,11:54:07.512,ascendex,AEVO/USDT:USDT,0.1112,898876.4,0.1108,180668.4,0.1117,111806.8,0.1118,206052.8
1753617248010,11:54:08.010,ascendex,AEVO/USDT:USDT,0.1108,180668.4,0.1106,90497.7,0.1117,111806.8,0.1118,206052.8
1753617248682,11:54:08.682,ascendex,AEVO/USDT:USDT,0.1108,180668.4,0.1106,90497.7,0.1117,111806.8,0.1118,206052.8
1753617248896,11:54:08.896,ascendex,AEVO/USDT:USDT,0.1112,898876.4,0.1108,180668.4,0.1117,111806.8,0.1118,206052.8
1753617249445,11:54:09.445,ascendex,AEVO/USDT:USDT,0.1108,180668.4,0.1106,90497.7,0.1117,111806.8,0.1118,206052.8
1753617261046,11:54:21.046,ascendex,AEVO/USDT:USDT,0.1108,180668.4,0.1106,90497.7,0.1112,898876.4,0.1117,111806.8
1753617261592,11:54:21.592,ascendex,AEVO/USDT:USDT,0.1108,180668.4,0.1106,90497.7,0.1117,111806.8,0.1118,206052.8
1753617262424,11:54:22.424,ascendex,AEVO/USDT:USDT,0.1108,180668.4,0.1106,90497.7,0.1112,898876.4,0.1117,111806.8
1753617262944,11:54:22.944,ascendex,AEVO/USDT:USDT,0.1108,180668.4,0.1106,90497.7,0.1117,111806.8,0.1118,206052.8
1753617270137,11:54:30.137,ascendex,AEVO/USDT:USDT,0.1106,271411.3,0.1104,83421.7,0.1116,111906.9,0.1117,111806.8
1753617270343,11:54:30.343,ascendex,AEVO/USDT:USDT,0.1106,271411.3,0.1104,83421.7,0.1116,111906.9,0.1117,223613.6
1753617270732,11:54:30.732,ascendex,AEVO/USDT:USDT,0.1106,180995.4,0.1104,83421.7,0.1116,111906.9,0.1117,223613.6
1753617270998,11:54:30.998,ascendex,AEVO/USDT:USDT,0.1106,271411.3,0.1104,83421.7,0.1116,111906.9,0.1117,223613.6
1753617271329,11:54:31.329,ascendex,AEVO/USDT:USDT,0.1106,180995.4,0.1104,83421.7,0.1116,111906.9,0.1117,223613.6
1753617271736,11:54:31.736,ascendex,AEVO/USDT:USDT,0.1106,180995.4,0.1104,83421.7,0.1116,111906.9,0.1117,223613.6
1753617271932,11:54:31.932,ascendex,AEVO/USDT:USDT,0.1106,180995.4,0.1104,83421.7,0.1116,111906.9,0.1117,223613.6
1753617272347,11:54:32.347,ascendex,AEVO/USDT:USDT,0.1106,180995.4,0.1104,83421.7,0.1116,111906.9,0.1117,223613.6
1753617272496,11:54:32.496,ascendex,AEVO/USDT:USDT,0.1106,180995.4,0.1104,83421.7,0.1116,111906.9,0.1117,223613.6
1753617272958,11:54:32.958,ascendex,AEVO/USDT:USDT,0.1106,180995.4,0.1104,83421.7,0.1116,111906.9,0.1117,223613.6
1753617273572,11:54:33.572,ascendex,AEVO/USDT:USDT,0.1106,180995.4,0.1104,83421.7,0.1116,111906.9,0.1117,223613.6
1753617274165,11:54:34.165,ascendex,AEVO/USDT:USDT,0.1106,180995.4,0.1104,83421.7,0.1116,111906.9,0.1117,223613.6
1753617274828,11:54:34.828,ascendex,AEVO/USDT:USDT,0.1106,271411.3,0.1104,83421.7,0.1111,899685.1,0.1116,111906.9
1753617275217,11:54:35.217,ascendex,AEVO/USDT:USDT,0.1106,271411.3,0.1104,83421.7,0.1116,111906.9,0.1117,223613.6
1753617275402,11:54:35.402,ascendex,AEVO/USDT:USDT,0.1106,271411.3,0.1104,83421.7,0.1116,111906.9,0.1117,223613.6
1753617275821,11:54:35.821,ascendex,AEVO/USDT:USDT,0.1106,271411.3,0.1104,83421.7,0.1116,111906.9,0.1117,223613.6
1753617276014,11:54:36.014,ascendex,AEVO/USDT:USDT,0.1106,271411.3,0.1104,83421.7,0.1111,899685.1,0.1116,111906.9
1753617276450,11:54:36.450,ascendex,AEVO/USDT:USDT,0.1106,271411.3,0.1104,83421.7,0.1116,111906.9,0.1117,223613.6
1753617276638,11:54:36.638,ascendex,AEVO/USDT:USDT,0.1106,271411.3,0.1104,83421.7,0.1116,111906.9,0.1117,223613.6
1753617277010,11:54:37.010,ascendex,AEVO/USDT:USDT,0.1106,180995.4,0.1104,83421.7,0.1116,111906.9,0.1117,223613.6
1753617277627,11:54:37.627,ascendex,AEVO/USDT:USDT,0.1106,180995.4,0.1104,83421.7,0.1116,111906.9,0.1117,223613.6
1753617278239,11:54:38.239,ascendex,AEVO/USDT:USDT,0.1106,180995.4,0.1104,83421.7,0.1116,111906.9,0.1117,223613.6
1753617278684,11:54:38.684,ascendex,AEVO/USDT:USDT,0.1106,271411.3,0.1104,83421.7,0.1116,111906.9,0.1117,223613.6
1753617278873,11:54:38.873,ascendex,AEVO/USDT:USDT,0.1106,271411.3,0.1104,83421.7,0.1116,111906.9,0.1117,223613.6
1753617279277,11:54:39.277,ascendex,AEVO/USDT:USDT,0.1106,271411.3,0.1104,83421.7,0.1116,111906.9,0.1117,223613.6
1753617279498,11:54:39.498,ascendex,AEVO/USDT:USDT,0.1106,271411.3,0.1104,83421.7,0.1116,111906.9,0.1117,223613.6
1753617279884,11:54:39.884,ascendex,AEVO/USDT:USDT,0.1106,271411.3,0.1104,83421.7,0.1116,111906.9,0.1117,223613.6
1753617280100,11:54:40.100,ascendex,AEVO/USDT:USDT,0.1106,271411.3,0.1104,83421.7,0.1116,111906.9,0.1117,223613.6
1753617280528,11:54:40.528,ascendex,AEVO/USDT:USDT,0.1106,180995.4,0.1104,83421.7,0.1116,111906.9,0.1117,223613.6
1753617280763,11:54:40.763,ascendex,AEVO/USDT:USDT,0.1106,271411.3,0.1104,83421.7,0.1116,111906.9,0.1117,223613.6
1753617281154,11:54:41.154,ascendex,AEVO/USDT:USDT,0.1106,180995.4,0.1104,83421.7,0.1116,111906.9,0.1117,223613.6
1753617281372,11:54:41.372,ascendex,AEVO/USDT:USDT,0.1106,271411.3,0.1104,83421.7,0.1116,111906.9,0.1117,223613.6
1753617281767,11:54:41.767,ascendex,AEVO/USDT:USDT,0.1106,180995.4,0.1104,83421.7,0.1116,111906.9,0.1117,223613.6
1753617282174,11:54:42.174,ascendex,AEVO/USDT:USDT,0.1106,271411.3,0.1104,83421.7,0.1116,111906.9,0.1117,223613.6
1753617282369,11:54:42.369,ascendex,AEVO/USDT:USDT,0.1106,180995.4,0.1104,83421.7,0.1116,111906.9,0.1117,223613.6
1753617282779,11:54:42.779,ascendex,AEVO/USDT:USDT,0.1106,271411.3,0.1104,83421.7,0.1116,111906.9,0.1117,223613.6
1753617282985,11:54:42.985,ascendex,AEVO/USDT:USDT,0.1106,180995.4,0.1104,83421.7,0.1116,111906.9,0.1117,223613.6
1753617283391,11:54:43.391,ascendex,AEVO/USDT:USDT,0.1106,271411.3,0.1104,83421.7,0.1116,111906.9,0.1117,223613.6
1753617283576,11:54:43.576,ascendex,AEVO/USDT:USDT,0.1106,180995.4,0.1104,83421.7,0.1116,111906.9,0.1117,223613.6
1753617283989,11:54:43.989,ascendex,AEVO/USDT:USDT,0.1106,271411.3,0.1104,83421.7,0.1116,111906.9,0.1117,223613.6
1753617284193,11:54:44.193,ascendex,AEVO/USDT:USDT,0.1106,180995.4,0.1104,83421.7,0.1116,111906.9,0.1117,223613.6
1753617284597,11:54:44.597,ascendex,AEVO/USDT:USDT,0.1106,271411.3,0.1104,83421.7,0.1116,111906.9,0.1117,223613.6
1753617284778,11:54:44.778,ascendex,AEVO/USDT:USDT,0.1106,180995.4,0.1104,83421.7,0.1116,111906.9,0.1117,223613.6
1753617285202,11:54:45.202,ascendex,AEVO/USDT:USDT,0.1106,271411.3,0.1104,83421.7,0.1116,111906.9,0.1117,223613.6
1753617285635,11:54:45.635,ascendex,AEVO/USDT:USDT,0.1106,271411.3,0.1104,83421.7,0.1116,111906.9,0.1117,223613.6
1753617285807,11:54:45.807,ascendex,AEVO/USDT:USDT,0.1106,180995.4,0.1104,83421.7,0.1116,111906.9,0.1117,223613.6
1753617286267,11:54:46.267,ascendex,AEVO/USDT:USDT,0.1106,271411.3,0.1104,83421.7,0.1116,111906.9,0.1117,223613.6
1753617286408,11:54:46.408,ascendex,AEVO/USDT:USDT,0.1106,180995.4,0.1104,83421.7,0.1116,111906.9,0.1117,223613.6
1753617286850,11:54:46.850,ascendex,AEVO/USDT:USDT,0.1106,271411.3,0.1104,83421.7,0.1116,111906.9,0.1117,223613.6
1753617287012,11:54:47.012,ascendex,AEVO/USDT:USDT,0.1106,180995.4,0.1104,83421.7,0.1116,111906.9,0.1117,223613.6
1753617287476,11:54:47.476,ascendex,AEVO/USDT:USDT,0.1106,271411.3,0.1104,83421.7,0.1116,111906.9,0.1117,223613.6
1753617287609,11:54:47.609,ascendex,AEVO/USDT:USDT,0.1106,180995.4,0.1104,83421.7,0.1116,111906.9,0.1117,223613.6
1753617288169,11:54:48.169,ascendex,AEVO/USDT:USDT,0.1106,271411.3,0.1104,83421.7,0.1111,899685.1,0.1116,111906.9
1753617288229,11:54:48.229,ascendex,AEVO/USDT:USDT,0.1106,180995.4,0.1104,83421.7,0.1111,899685.1,0.1116,111906.9
1753617288856,11:54:48.856,ascendex,AEVO/USDT:USDT,0.1106,271411.3,0.1104,83421.7,0.1116,111906.9,0.1117,223613.6
1753617289068,11:54:49.068,ascendex,AEVO/USDT:USDT,0.1106,180995.4,0.1104,83421.7,0.1116,111906.9,0.1117,223613.6
1753617289458,11:54:49.458,ascendex,AEVO/USDT:USDT,0.1106,180995.4,0.1104,83421.7,0.1116,111906.9,0.1117,223613.6
1753617289500,11:54:49.500,ascendex,AEVO/USDT:USDT,0.1106,180995.4,0.1104,83421.7,0.1111,899685.1,0.1116,111906.9
1753617290097,11:54:50.097,ascendex,AEVO/USDT:USDT,0.1106,271411.3,0.1104,83421.7,0.1116,111906.9,0.1117,223613.6
1753617290250,11:54:50.250,ascendex,AEVO/USDT:USDT,0.1106,180995.4,0.1104,83421.7,0.1116,111906.9,0.1117,223613.6
1753617290723,11:54:50.723,ascendex,AEVO/USDT:USDT,0.1106,271411.3,0.1104,83421.7,0.1116,111906.9,0.1117,223613.6
1753617290875,11:54:50.875,ascendex,AEVO/USDT:USDT,0.1106,180995.4,0.1104,83421.7,0.1116,111906.9,0.1117,223613.6
1753617291320,11:54:51.320,ascendex,AEVO/USDT:USDT,0.1106,271411.3,0.1104,83421.7,0.1116,111906.9,0.1117,223613.6
1753617291533,11:54:51.533,ascendex,AEVO/USDT:USDT,0.1106,271411.3,0.1104,83421.7,0.1116,111906.9,0.1117,223613.6
1753617291709,11:54:51.709,ascendex,AEVO/USDT:USDT,0.1106,180995.4,0.1104,83421.7,0.1116,111906.9,0.1117,223613.6
1753617292297,11:54:52.297,ascendex,AEVO/USDT:USDT,0.1106,180995.4,0.1104,83421.7,0.1116,111906.9,0.1117,223613.6
1753617292896,11:54:52.896,ascendex,AEVO/USDT:USDT,0.1106,180995.4,0.1104,83421.7,0.1116,111906.9,0.1117,223613.6
1753617293550,11:54:53.550,ascendex,AEVO/USDT:USDT,0.1108,90334.2,0.1107,90415.9,0.1117,223613.6,0.1119,60641.8
1753617293629,11:54:53.629,ascendex,AEVO/USDT:USDT,0.1108,90334.2,0.1107,90415.9,0.1117,223613.6,0.1119,60641.8
1753617294136,11:54:54.136,ascendex,AEVO/USDT:USDT,0.1108,90334.2,0.1107,90415.9,0.1117,223613.6,0.1119,60641.8
1753617294504,11:54:54.504,ascendex,AEVO/USDT:USDT,0.1108,90334.2,0.1107,90415.9,0.1117,223613.6,0.1119,60641.8
1753617295450,11:54:55.450,ascendex,AEVO/USDT:USDT,0.1108,90334.2,0.1107,90415.9,0.1117,223613.6,0.1119,60641.8
1753617301659,11:55:01.659,ascendex,AEVO/USDT:USDT,0.1108,90334.2,0.1107,90415.9,0.1112,898876.4,0.1117,223613.6
1753617302166,11:55:02.166,ascendex,AEVO/USDT:USDT,0.1108,90334.2,0.1107,90415.9,0.1117,223613.6,0.1119,60641.8
1753617303030,11:55:03.030,ascendex,AEVO/USDT:USDT,0.1112,898876.4,0.1108,90334.2,0.1117,223613.6,0.1119,60641.8
1753617303655,11:55:03.655,ascendex,AEVO/USDT:USDT,0.1107,90415.9,0.1106,180913.6,0.1117,223613.6,0.1119,60641.8
1753617303895,11:55:03.895,ascendex,AEVO/USDT:USDT,0.1107,90415.9,0.1106,180913.6,0.1116,111906.9,0.1117,223613.6
1753617304224,11:55:04.224,ascendex,AEVO/USDT:USDT,0.1107,90415.9,0.1106,180913.6,0.1116,111906.9,0.1117,223613.6
1753617304439,11:55:04.439,ascendex,AEVO/USDT:USDT,0.1107,90415.9,0.1106,180913.6,0.1116,111906.9,0.1117,223613.6
1753617304854,11:55:04.854,ascendex,AEVO/USDT:USDT,0.1107,90415.9,0.1106,180913.6,0.1116,111906.9,0.1117,223613.6
1753617305278,11:55:05.278,ascendex,AEVO/USDT:USDT,0.1107,90415.9,0.1106,180913.6,0.1116,111906.9,0.1117,223613.6
1753617305497,11:55:05.497,ascendex,AEVO/USDT:USDT,0.1107,90415.9,0.1106,180913.6,0.1116,111906.9,0.1117,223613.6
1753617305926,11:55:05.926,ascendex,AEVO/USDT:USDT,0.1107,90415.9,0.1106,180913.6,0.1116,111906.9,0.1117,223613.6
1753617306324,11:55:06.324,ascendex,AEVO/USDT:USDT,0.1107,90415.9,0.1106,90497.7,0.1116,111906.9,0.1117,223613.6
1753617306581,11:55:06.581,ascendex,AEVO/USDT:USDT,0.1107,90415.9,0.1106,180913.6,0.1116,111906.9,0.1117,223613.6
1753617306940,11:55:06.940,ascendex,AEVO/USDT:USDT,0.1107,90415.9,0.1106,90497.7,0.1116,111906.9,0.1117,223613.6
1753617307176,11:55:07.176,ascendex,AEVO/USDT:USDT,0.1107,90415.9,0.1106,180913.6,0.1116,111906.9,0.1117,223613.6
1753617307599,11:55:07.599,ascendex,AEVO/USDT:USDT,0.1107,90415.9,0.1106,180913.6,0.1116,111906.9,0.1117,223613.6
1753617307786,11:55:07.786,ascendex,AEVO/USDT:USDT,0.1107,90415.9,0.1106,180913.6,0.1116,111906.9,0.1117,223613.6
1753617308203,11:55:08.203,ascendex,AEVO/USDT:USDT,0.1107,90415.9,0.1106,180913.6,0.1116,111906.9,0.1117,223613.6
1753617308413,11:55:08.413,ascendex,AEVO/USDT:USDT,0.1107,90415.9,0.1106,180913.6,0.1116,111906.9,0.1117,223613.6
1753617308844,11:55:08.844,ascendex,AEVO/USDT:USDT,0.1107,90415.9,0.1106,180913.6,0.1116,111906.9,0.1117,223613.6
1753617309012,11:55:09.012,ascendex,AEVO/USDT:USDT,0.1107,90415.9,0.1106,180913.6,0.1116,111906.9,0.1117,223613.6
1753617309439,11:55:09.439,ascendex,AEVO/USDT:USDT,0.1107,90415.9,0.1106,180913.6,0.1116,111906.9,0.1117,223613.6
1753617309800,11:55:09.800,ascendex,AEVO/USDT:USDT,0.1107,90415.9,0.1106,90497.7,0.1116,111906.9,0.1117,223613.6
1753617310072,11:55:10.072,ascendex,AEVO/USDT:USDT,0.1107,90415.9,0.1106,180913.6,0.1116,111906.9,0.1117,223613.6
1753617310455,11:55:10.455,ascendex,AEVO/USDT:USDT,0.1107,90415.9,0.1106,180913.6,0.1116,111906.9,0.1117,223613.6
1753617310757,11:55:10.757,ascendex,AEVO/USDT:USDT,0.1107,90415.9,0.1106,180913.6,0.1117,223613.6,0.1119,60641.8
1753617310901,11:55:10.901,ascendex,AEVO/USDT:USDT,0.1108,90334.2,0.1107,90415.9,0.1117,223613.6,0.1119,60641.8
1753617311673,11:55:11.673,ascendex,AEVO/USDT:USDT,0.1108,90334.2,0.1107,90415.9,0.1117,223613.6,0.1119,60641.8
1753617311846,11:55:11.846,ascendex,AEVO/USDT:USDT,0.1108,90334.2,0.1107,90415.9,0.1117,223613.6,0.1119,60641.8
1753617312169,11:55:12.169,ascendex,AEVO/USDT:USDT,0.1108,90334.2,0.1107,90415.9,0.1117,223613.6,0.1119,60641.8
1753617313313,11:55:13.313,ascendex,AEVO/USDT:USDT,0.1107,90415.9,0.1106,180913.6,0.1116,111906.9,0.1117,223613.6
1753617313553,11:55:13.553,ascendex,AEVO/USDT:USDT,0.1107,90415.9,0.1106,180913.6,0.1116,111906.9,0.1117,223613.6
1753617313918,11:55:13.918,ascendex,AEVO/USDT:USDT,0.1107,90415.9,0.1106,180913.6,0.1116,111906.9,0.1117,223613.6
1753617314267,11:55:14.267,ascendex,AEVO/USDT:USDT,0.1107,90415.9,0.1106,90497.7,0.1116,111906.9,0.1117,223613.6
1753617314535,11:55:14.535,ascendex,AEVO/USDT:USDT,0.1107,90415.9,0.1106,180913.6,0.1116,111906.9,0.1117,223613.6
1753617314879,11:55:14.879,ascendex,AEVO/USDT:USDT,0.1107,90415.9,0.1106,90497.7,0.1116,111906.9,0.1117,223613.6
1753617315208,11:55:15.208,ascendex,AEVO/USDT:USDT,0.1107,90415.9,0.1106,180913.6,0.1111,899685.1,0.1116,111906.9
1753617315492,11:55:15.492,ascendex,AEVO/USDT:USDT,0.1107,90415.9,0.1106,90497.7,0.1111,899685.1,0.1116,111906.9
1753617315788,11:55:15.788,ascendex,AEVO/USDT:USDT,0.1107,90415.9,0.1106,180913.6,0.1116,111906.9,0.1117,223613.6
1753617316000,11:55:16.000,ascendex,AEVO/USDT:USDT,0.1107,90415.9,0.1106,180913.6,0.1116,111906.9,0.1117,223613.6
1753617316422,11:55:16.422,ascendex,AEVO/USDT:USDT,0.1107,90415.9,0.1106,180913.6,0.1116,111906.9,0.1117,223613.6
1753617316612,11:55:16.612,ascendex,AEVO/USDT:USDT,0.1111,899685.1,0.1107,90415.9,0.1116,111906.9,0.1117,223613.6
1753617317076,11:55:17.076,ascendex,AEVO/USDT:USDT,0.1107,90415.9,0.1106,180913.6,0.1116,111906.9,0.1117,223613.6
1753617317230,11:55:17.230,ascendex,AEVO/USDT:USDT,0.1107,90415.9,0.1106,180913.6,0.1116,111906.9,0.1117,223613.6
1753617317654,11:55:17.654,ascendex,AEVO/USDT:USDT,0.1107,90415.9,0.1106,180913.6,0.1116,111906.9,0.1117,223613.6
1753617318085,11:55:18.085,ascendex,AEVO/USDT:USDT,0.1107,90415.9,0.1106,180913.6,0.1116,111906.9,0.1117,223613.6
1753617318261,11:55:18.261,ascendex,AEVO/USDT:USDT,0.1107,90415.9,0.1106,180913.6,0.1116,111906.9,0.1117,223613.6
1753617318675,11:55:18.675,ascendex,AEVO/USDT:USDT,0.1107,90415.9,0.1106,180913.6,0.1116,111906.9,0.1117,223613.6
1753617318864,11:55:18.864,ascendex,AEVO/USDT:USDT,0.1107,90415.9,0.1106,180913.6,0.1116,111906.9,0.1117,223613.6
1753617319273,11:55:19.273,ascendex,AEVO/USDT:USDT,0.1107,90415.9,0.1106,180913.6,0.1116,111906.9,0.1117,223613.6
1753617319681,11:55:19.681,ascendex,AEVO/USDT:USDT,0.1107,90415.9,0.1106,180913.6,0.1116,111906.9,0.1117,223613.6
1753617319900,11:55:19.900,ascendex,AEVO/USDT:USDT,0.1107,90415.9,0.1106,180913.6,0.1116,111906.9,0.1117,223613.6
1753617320323,11:55:20.323,ascendex,AEVO/USDT:USDT,0.1107,90415.9,0.1106,180913.6,0.1116,111906.9,0.1117,223613.6
1753617320552,11:55:20.552,ascendex,AEVO/USDT:USDT,0.1107,90415.9,0.1106,180913.6,0.1116,111906.9,0.1117,223613.6
1753617320938,11:55:20.938,ascendex,AEVO/USDT:USDT,0.1106,90497.7,0.1104,50950.1,0.1116,111906.9,0.1117,223613.6
1753617321219,11:55:21.219,ascendex,AEVO/USDT:USDT,0.1106,90497.7,0.1105,90579.7,0.1116,223813.8,0.1117,111806.8
1753617321839,11:55:21.839,ascendex,AEVO/USDT:USDT,0.1106,90497.7,0.1105,90579.7,0.1116,335821.0,0.1117,111806.8
1753617322021,11:55:22.021,ascendex,AEVO/USDT:USDT,0.1106,90497.7,0.1105,90579.7,0.1116,335821.0,0.1117,111806.8
1753617322437,11:55:22.437,ascendex,AEVO/USDT:USDT,0.1106,90497.7,0.1105,90579.7,0.1116,335821.0,0.1117,111806.8
1753617322841,11:55:22.841,ascendex,AEVO/USDT:USDT,0.1106,90497.7,0.1105,90579.7,0.1116,223813.8,0.1117,111806.8
1753617323048,11:55:23.048,ascendex,AEVO/USDT:USDT,0.1106,90497.7,0.1105,90579.7,0.1116,335821.0,0.1117,111806.8
1753617323461,11:55:23.461,ascendex,AEVO/USDT:USDT,0.1106,90497.7,0.1105,90579.7,0.1116,223813.8,0.1117,111806.8
1753617323683,11:55:23.683,ascendex,AEVO/USDT:USDT,0.1106,90497.7,0.1105,90579.7,0.1116,335821.0,0.1117,111806.8
1753617324060,11:55:24.060,ascendex,AEVO/USDT:USDT,0.1106,90497.7,0.1105,90579.7,0.1116,223813.8,0.1117,111806.8
1753617324332,11:55:24.332,ascendex,AEVO/USDT:USDT,0.1106,90497.7,0.1105,90579.7,0.1116,331101.9,0.1117,111806.8
1753617324616,11:55:24.616,ascendex,AEVO/USDT:USDT,0.1106,271411.3,0.1105,90579.7,0.1116,223813.8,0.1119,60641.8
1753617325028,11:55:25.028,ascendex,AEVO/USDT:USDT,0.1106,180995.4,0.1105,90579.7,0.1116,223813.8,0.1119,60641.8
1753617325227,11:55:25.227,ascendex,AEVO/USDT:USDT,0.1106,271411.3,0.1105,90579.7,0.1116,223813.8,0.1119,60641.8
1753617325642,11:55:25.642,ascendex,AEVO/USDT:USDT,0.1106,271411.3,0.1105,90579.7,0.1116,223813.8,0.1119,60641.8
1753617325681,11:55:25.681,ascendex,AEVO/USDT:USDT,0.1106,271411.3,0.1105,90579.7,0.1116,223813.8,0.1118,93406.4
1753617326091,11:55:26.091,ascendex,AEVO/USDT:USDT,0.1106,271411.3,0.1105,90579.7,0.1116,223813.8,0.1118,93406.4
1753617326559,11:55:26.559,ascendex,AEVO/USDT:USDT,0.1106,271411.3,0.1105,90579.7,0.1116,223813.8,0.1118,93406.4
1753617326891,11:55:26.891,ascendex,AEVO/USDT:USDT,0.1106,271411.3,0.1104,50950.1,0.1116,335821.0,0.1118,93406.4
1753617327254,11:55:27.254,ascendex,AEVO/USDT:USDT,0.1106,271411.3,0.1104,50950.1,0.1116,223813.8,0.1118,93406.4
1753617327534,11:55:27.534,ascendex,AEVO/USDT:USDT,0.1106,271411.3,0.1104,50950.1,0.1116,335821.0,0.1118,93406.4
1753617327778,11:55:27.778,ascendex,AEVO/USDT:USDT,0.1106,271411.3,0.1104,50950.1,0.1116,223813.8,0.1118,93406.4
1753617328126,11:55:28.126,ascendex,AEVO/USDT:USDT,0.1106,271411.3,0.1104,50950.1,0.1116,335821.0,0.1118,93406.4
1753617328498,11:55:28.498,ascendex,AEVO/USDT:USDT,0.1106,271411.3,0.1104,50950.1,0.1116,223813.8,0.1118,93406.4
1753617328816,11:55:28.816,ascendex,AEVO/USDT:USDT,0.1111,900495.3,0.1106,271411.3,0.1116,335821.0,0.1118,93406.4
1753617328921,11:55:28.921,ascendex,AEVO/USDT:USDT,0.1111,900495.3,0.1106,271411.3,0.1116,223813.8,0.1118,93406.4
1753617329318,11:55:29.318,ascendex,AEVO/USDT:USDT,0.1106,271411.3,0.1104,50950.1,0.1116,335821.0,0.1118,93406.4
1753617329527,11:55:29.527,ascendex,AEVO/USDT:USDT,0.1106,271411.3,0.1104,50950.1,0.1116,223813.8,0.1118,93406.4
1753617330089,11:55:30.089,ascendex,AEVO/USDT:USDT,0.1111,900495.3,0.1106,271411.3,0.1116,335821.0,0.1118,93406.4
1753617330322,11:55:30.322,ascendex,AEVO/USDT:USDT,0.1111,900495.3,0.1106,271411.3,0.1116,223813.8,0.1118,93406.4
1753617330747,11:55:30.747,ascendex,AEVO/USDT:USDT,0.1106,271411.3,0.1104,50950.1,0.1116,335821.0,0.1118,93406.4
1753617330959,11:55:30.959,ascendex,AEVO/USDT:USDT,0.1106,271411.3,0.1104,50950.1,0.1116,223813.8,0.1118,93406.4
1753617331361,11:55:31.361,ascendex,AEVO/USDT:USDT,0.1106,271411.3,0.1104,50950.1,0.1116,335821.0,0.1118,93406.4
1753617331570,11:55:31.570,ascendex,AEVO/USDT:USDT,0.1106,271411.3,0.1104,50950.1,0.1116,223813.8,0.1118,93406.4
1753617331977,11:55:31.977,ascendex,AEVO/USDT:USDT,0.1106,271411.3,0.1104,50950.1,0.1116,335821.0,0.1118,93406.4
1753617332178,11:55:32.178,ascendex,AEVO/USDT:USDT,0.1106,271411.3,0.1104,50950.1,0.1116,223813.8,0.1118,93406.4
1753617332570,11:55:32.570,ascendex,AEVO/USDT:USDT,0.1106,271411.3,0.1104,50950.1,0.1116,335821.0,0.1118,93406.4
1753617332771,11:55:32.771,ascendex,AEVO/USDT:USDT,0.1106,271411.3,0.1104,50950.1,0.1116,223813.8,0.1118,93406.4
1753617333216,11:55:33.216,ascendex,AEVO/USDT:USDT,0.1106,271411.3,0.1104,50950.1,0.1116,335821.0,0.1118,93406.4
1753617333380,11:55:33.380,ascendex,AEVO/USDT:USDT,0.1106,271411.3,0.1104,50950.1,0.1116,223813.8,0.1118,93406.4
1753617333821,11:55:33.821,ascendex,AEVO/USDT:USDT,0.1106,271411.3,0.1104,50950.1,0.1116,335821.0,0.1118,93406.4
1753617333999,11:55:33.999,ascendex,AEVO/USDT:USDT,0.1106,271411.3,0.1104,50950.1,0.1116,223813.8,0.1118,93406.4
1753617334433,11:55:34.433,ascendex,AEVO/USDT:USDT,0.1106,271411.3,0.1104,50950.1,0.1116,335821.0,0.1118,93406.4
1753617334603,11:55:34.603,ascendex,AEVO/USDT:USDT,0.1106,271411.3,0.1104,50950.1,0.1116,223813.8,0.1118,93406.4
1753617335051,11:55:35.051,ascendex,AEVO/USDT:USDT,0.1106,271411.3,0.1104,50950.1,0.1116,335821.0,0.1118,93406.4
1753617335275,11:55:35.275,ascendex,AEVO/USDT:USDT,0.1106,271411.3,0.1104,50950.1,0.1116,223813.8,0.1118,93406.4
1753617335808,11:55:35.808,ascendex,AEVO/USDT:USDT,0.1106,271411.3,0.1104,50950.1,0.1116,223813.8,0.1118,93406.4
1753617336260,11:55:36.260,ascendex,AEVO/USDT:USDT,0.1106,271411.3,0.1104,50950.1,0.1116,335821.0,0.1118,93406.4
1753617336456,11:55:36.456,ascendex,AEVO/USDT:USDT,0.1106,271411.3,0.1104,50950.1,0.1116,223813.8,0.1118,93406.4
1753617337042,11:55:37.042,ascendex,AEVO/USDT:USDT,0.1106,271411.3,0.1104,50950.1,0.1116,223813.8,0.1118,93406.4
1753617337662,11:55:37.662,ascendex,AEVO/USDT:USDT,0.1106,271411.3,0.1104,50950.1,0.1116,335821.0,0.1118,93406.4
1753617337842,11:55:37.842,ascendex,AEVO/USDT:USDT,0.1106,271411.3,0.1104,50950.1,0.1116,223813.8,0.1118,93406.4
1753617338285,11:55:38.285,ascendex,AEVO/USDT:USDT,0.1106,271411.3,0.1104,50950.1,0.1116,223813.8,0.1118,93406.4
1753617338478,11:55:38.478,ascendex,AEVO/USDT:USDT,0.1106,271411.3,0.1104,50950.1,0.1116,223813.8,0.1118,93406.4
1753617338899,11:55:38.899,ascendex,AEVO/USDT:USDT,0.1106,271411.3,0.1104,50950.1,0.1116,335821.0,0.1118,93406.4
1753617339267,11:55:39.267,ascendex,AEVO/USDT:USDT,0.1106,271411.3,0.1104,50950.1,0.1116,223813.8,0.1118,93406.4
1753617339880,11:55:39.880,ascendex,AEVO/USDT:USDT,0.1106,271411.3,0.1104,50950.1,0.1116,223813.8,0.1118,93406.4
1753617340483,11:55:40.483,ascendex,AEVO/USDT:USDT,0.1106,271411.3,0.1104,50950.1,0.1116,223813.8,0.1118,93406.4
1753617342398,11:55:42.398,ascendex,AEVO/USDT:USDT,0.1111,900495.3,0.1106,271411.3,0.1116,223813.8,0.1118,93406.4
1753617342885,11:55:42.885,ascendex,AEVO/USDT:USDT,0.1106,271411.3,0.1104,50950.1,0.1116,223813.8,0.1118,93406.4
1753617343657,11:55:43.657,ascendex,AEVO/USDT:USDT,0.1106,271411.3,0.1104,50950.1,0.1111,900495.3,0.1116,223813.8
1753617344160,11:55:44.160,ascendex,AEVO/USDT:USDT,0.1106,271411.3,0.1104,50950.1,0.1116,223813.8,0.1118,93406.4
1753617348021,11:55:48.021,ascendex,AEVO/USDT:USDT,0.1106,361827.2,0.1104,50950.1,0.1116,223813.8,0.1118,93406.4
1753617348356,11:55:48.356,ascendex,AEVO/USDT:USDT,0.1106,361827.2,0.1104,50950.1,0.1116,223813.8,0.1118,93406.4
1753617348566,11:55:48.566,ascendex,AEVO/USDT:USDT,0.1106,361827.2,0.1104,50950.1,0.1116,223813.8,0.1118,93406.4
1753617349011,11:55:49.011,ascendex,AEVO/USDT:USDT,0.1106,361827.2,0.1104,50950.1,0.1116,223813.8,0.1118,93406.4
1753617349221,11:55:49.221,ascendex,AEVO/USDT:USDT,0.1106,361827.2,0.1104,50950.1,0.1116,223813.8,0.1118,93406.4
1753617349588,11:55:49.588,ascendex,AEVO/USDT:USDT,0.1106,361827.2,0.1104,50950.1,0.1116,223813.8,0.1118,93406.4
1753617349992,11:55:49.992,ascendex,AEVO/USDT:USDT,0.1106,271411.3,0.1104,50950.1,0.1116,223813.8,0.1118,93406.4
1753617350608,11:55:50.608,ascendex,AEVO/USDT:USDT,0.1106,271411.3,0.1104,50950.1,0.1116,223813.8,0.1118,93406.4
1753617351198,11:55:51.198,ascendex,AEVO/USDT:USDT,0.1106,271411.3,0.1104,50950.1,0.1116,223813.8,0.1118,93406.4
1753617351821,11:55:51.821,ascendex,AEVO/USDT:USDT,0.1106,271411.3,0.1104,50950.1,0.1116,223813.8,0.1118,93406.4
1753617352434,11:55:52.434,ascendex,AEVO/USDT:USDT,0.1106,361827.2,0.1104,50950.1,0.1116,223813.8,0.1118,93406.4
1753617352620,11:55:52.620,ascendex,AEVO/USDT:USDT,0.1106,271411.3,0.1104,50950.1,0.1116,223813.8,0.1118,93406.4
1753617353043,11:55:53.043,ascendex,AEVO/USDT:USDT,0.1106,361827.2,0.1104,50950.1,0.1116,223813.8,0.1118,93406.4
1753617353451,11:55:53.451,ascendex,AEVO/USDT:USDT,0.1106,361827.2,0.1104,50950.1,0.1116,223813.8,0.1118,93406.4
1753617353649,11:55:53.649,ascendex,AEVO/USDT:USDT,0.1106,361827.2,0.1104,50950.1,0.1116,223813.8,0.1118,93406.4
1753617353841,11:55:53.841,ascendex,AEVO/USDT:USDT,0.1106,271411.3,0.1104,50950.1,0.1116,223813.8,0.1118,93406.4
1753617355923,11:55:55.923,ascendex,AEVO/USDT:USDT,0.1111,899685.1,0.1106,271411.3,0.1116,223813.8,0.1118,93406.4
1753617356443,11:55:56.443,ascendex,AEVO/USDT:USDT,0.1106,271411.3,0.1104,50950.1,0.1116,223813.8,0.1118,93406.4
1753617356843,11:55:56.843,ascendex,AEVO/USDT:USDT,0.1106,271411.3,0.1104,50950.1,0.1116,335821.0,0.1118,93406.4
1753617357186,11:55:57.186,ascendex,AEVO/USDT:USDT,0.1106,271411.3,0.1104,50950.1,0.1111,900495.3,0.1116,223813.8
1753617357523,11:55:57.523,ascendex,AEVO/USDT:USDT,0.1106,271411.3,0.1104,50950.1,0.1111,900495.3,0.1116,223813.8
1753617357830,11:55:57.830,ascendex,AEVO/USDT:USDT,0.1106,271411.3,0.1104,50950.1,0.1116,223813.8,0.1118,93406.4
1753617360213,11:56:00.213,ascendex,AEVO/USDT:USDT,0.1106,271411.3,0.1104,50950.1,0.1116,223813.8,0.1118,93406.4
1753617360682,11:56:00.682,ascendex,AEVO/USDT:USDT,0.1106,271411.3,0.1104,50950.1,0.1116,223813.8,0.1118,93406.4
1753617360940,11:56:00.940,ascendex,AEVO/USDT:USDT,0.1106,271411.3,0.1104,50950.1,0.1116,223813.8,0.1118,93406.4
1753617361269,11:56:01.269,ascendex,AEVO/USDT:USDT,0.1106,271411.3,0.1104,50950.1,0.1116,223813.8,0.1118,93406.4
1753617361520,11:56:01.520,ascendex,AEVO/USDT:USDT,0.1106,271411.3,0.1104,50950.1,0.1116,223813.8,0.1118,93406.4
1753617361887,11:56:01.887,ascendex,AEVO/USDT:USDT,0.1106,271411.3,0.1104,50950.1,0.1116,223813.8,0.1118,93406.4
1753617365078,11:56:05.078,ascendex,AEVO/USDT:USDT,0.1106,271411.3,0.1104,50950.1,0.1116,223813.8,0.1118,93406.4
1753617369449,11:56:09.449,ascendex,AEVO/USDT:USDT,0.1111,899685.1,0.1106,271411.3,0.1116,223813.8,0.1118,93406.4
1753617369959,11:56:09.959,ascendex,AEVO/USDT:USDT,0.1106,271411.3,0.1104,50950.1,0.1116,223813.8,0.1118,93406.4
1753617370738,11:56:10.738,ascendex,AEVO/USDT:USDT,0.1111,899685.1,0.1106,271411.3,0.1116,223813.8,0.1118,93406.4
1753617371209,11:56:11.209,ascendex,AEVO/USDT:USDT,0.1106,271411.3,0.1104,50950.1,0.1116,223813.8,0.1118,93406.4
1753617382993,11:56:22.993,ascendex,AEVO/USDT:USDT,0.1106,271411.3,0.1104,50950.1,0.1111,899685.1,0.1116,223813.8
1753617383490,11:56:23.490,ascendex,AEVO/USDT:USDT,0.1106,271411.3,0.1104,50950.1,0.1116,223813.8,0.1118,93406.4
1753617384263,11:56:24.263,ascendex,AEVO/USDT:USDT,0.1106,271411.3,0.1104,50950.1,0.1111,899685.1,0.1116,223813.8
1753617384756,11:56:24.756,ascendex,AEVO/USDT:USDT,0.1106,271411.3,0.1104,50950.1,0.1116,223813.8,0.1118,93406.4
1753617394116,11:56:34.116,ascendex,AEVO/USDT:USDT,0.1106,271411.3,0.1104,50950.1,0.1116,223813.8,0.1118,93406.4
1753617394430,11:56:34.430,ascendex,AEVO/USDT:USDT,0.1106,271411.3,0.1104,50950.1,0.1116,223813.8,0.1118,93406.4
1753617394514,11:56:34.514,ascendex,AEVO/USDT:USDT,0.1106,271411.3,0.1104,50950.1,0.1116,223813.8,0.1118,93406.4
1753617394908,11:56:34.908,ascendex,AEVO/USDT:USDT,0.1106,271411.3,0.1104,50950.1,0.1116,223813.8,0.1118,93406.4
1753617395310,11:56:35.310,ascendex,AEVO/USDT:USDT,0.1106,271411.3,0.1104,50950.1,0.1116,223813.8,0.1118,93406.4
1753617396539,11:56:36.539,ascendex,AEVO/USDT:USDT,0.1106,271411.3,0.1104,50950.1,0.1111,900495.3,0.1116,223813.8
1753617397060,11:56:37.060,ascendex,AEVO/USDT:USDT,0.1106,271411.3,0.1104,50950.1,0.1116,223813.8,0.1118,93406.4
1753617397792,11:56:37.792,ascendex,AEVO/USDT:USDT,0.1106,271411.3,0.1104,50950.1,0.1111,900495.3,0.1116,223813.8
1753617398301,11:56:38.301,ascendex,AEVO/USDT:USDT,0.1106,271411.3,0.1104,50950.1,0.1116,223813.8,0.1118,93406.4
1753617410056,11:56:50.056,ascendex,AEVO/USDT:USDT,0.1106,271411.3,0.1104,50950.1,0.1111,900495.3,0.1116,223813.8
1753617410558,11:56:50.558,ascendex,AEVO/USDT:USDT,0.1106,271411.3,0.1104,50950.1,0.1116,223813.8,0.1118,93406.4
1753617411328,11:56:51.328,ascendex,AEVO/USDT:USDT,0.1111,900495.3,0.1106,271411.3,0.1116,223813.8,0.1118,93406.4
1753617411845,11:56:51.845,ascendex,AEVO/USDT:USDT,0.1106,271411.3,0.1104,50950.1,0.1116,223813.8,0.1118,93406.4
1753617413408,11:56:53.408,ascendex,AEVO/USDT:USDT,0.1106,271411.3,0.1104,50950.1,0.1116,335821.0,0.1118,93406.4
1753617413623,11:56:53.623,ascendex,AEVO/USDT:USDT,0.1106,271411.3,0.1104,50950.1,0.1116,447828.2,0.1118,93406.4
1753617413812,11:56:53.812,ascendex,AEVO/USDT:USDT,0.1106,271411.3,0.1104,50950.1,0.1116,335821.0,0.1118,93406.4
1753617420427,11:57:00.427,ascendex,AEVO/USDT:USDT,0.1106,271411.3,0.1104,50950.1,0.1116,335821.0,0.1118,93406.4
1753617421646,11:57:01.646,ascendex,AEVO/USDT:USDT,0.1106,180995.4,0.1104,50950.1,0.1116,335921.3,0.1118,93406.4
1753617422808,11:57:02.808,ascendex,AEVO/USDT:USDT,0.1106,180995.4,0.1104,50950.1,0.1116,335921.3,0.1118,93406.4
1753617423646,11:57:03.646,ascendex,AEVO/USDT:USDT,0.1111,900495.3,0.1106,180995.4,0.1116,335921.3,0.1118,93406.4
1753617424095,11:57:04.095,ascendex,AEVO/USDT:USDT,0.1106,180995.4,0.1104,50950.1,0.1116,335921.3,0.1118,93406.4
1753617424887,11:57:04.887,ascendex,AEVO/USDT:USDT,0.1111,900495.3,0.1106,180995.4,0.1116,335921.3,0.1118,93406.4
1753617425385,11:57:05.385,ascendex,AEVO/USDT:USDT,0.1106,180995.4,0.1104,50950.1,0.1116,335921.3,0.1118,93406.4
1753617437170,11:57:17.170,ascendex,AEVO/USDT:USDT,0.1106,180995.4,0.1104,50950.1,0.1111,900495.3,0.1116,335921.3
1753617437644,11:57:17.644,ascendex,AEVO/USDT:USDT,0.1106,180995.4,0.1104,50950.1,0.1116,335921.3,0.1118,93406.4
1753617438418,11:57:18.418,ascendex,AEVO/USDT:USDT,0.1106,180995.4,0.1104,50950.1,0.1111,900495.3,0.1116,335921.3
1753617438921,11:57:18.921,ascendex,AEVO/USDT:USDT,0.1106,180995.4,0.1104,50950.1,0.1116,335921.3,0.1118,93406.4
1753617442171,11:57:22.171,ascendex,AEVO/USDT:USDT,0.1106,180995.4,0.1104,50950.1,0.1116,335921.3,0.1118,93406.4
1753617442551,11:57:22.551,ascendex,AEVO/USDT:USDT,0.1106,180995.4,0.1102,169238.2,0.1116,335921.3,0.1118,93406.4
1753617442766,11:57:22.766,ascendex,AEVO/USDT:USDT,0.1106,271411.3,0.1102,169238.2,0.1116,335921.3,0.1118,93406.4
1753617443146,11:57:23.146,ascendex,AEVO/USDT:USDT,0.1106,180995.4,0.1102,169238.2,0.1116,335921.3,0.1118,93406.4
1753617443309,11:57:23.309,ascendex,AEVO/USDT:USDT,0.1106,180995.4,0.1102,169238.2,0.1116,335921.3,0.1118,93406.4
1753617443756,11:57:23.756,ascendex,AEVO/USDT:USDT,0.1106,180995.4,0.1102,169238.2,0.1116,335921.3,0.1118,93406.4
1753617444360,11:57:24.360,ascendex,AEVO/USDT:USDT,0.1106,180995.4,0.1102,169238.2,0.1116,335921.3,0.1118,93406.4
1753617444771,11:57:24.771,ascendex,AEVO/USDT:USDT,0.1106,271411.3,0.1102,169238.2,0.1116,335921.3,0.1118,93406.4
1753617444969,11:57:24.969,ascendex,AEVO/USDT:USDT,0.1106,180995.4,0.1102,169238.2,0.1116,335921.3,0.1118,93406.4
1753617445396,11:57:25.396,ascendex,AEVO/USDT:USDT,0.1106,271411.3,0.1102,169238.2,0.1116,335921.3,0.1118,93406.4
1753617445574,11:57:25.574,ascendex,AEVO/USDT:USDT,0.1106,180995.4,0.1102,169238.2,0.1116,335921.3,0.1118,93406.4
1753617446003,11:57:26.003,ascendex,AEVO/USDT:USDT,0.1106,264529.3,0.1102,169238.2,0.1116,335921.3,0.1118,93406.4
1753617446191,11:57:26.191,ascendex,AEVO/USDT:USDT,0.1106,180995.4,0.1102,169238.2,0.1116,335921.3,0.1118,93406.4
1753617446409,11:57:26.409,ascendex,AEVO/USDT:USDT,0.1106,180995.4,0.1104,90661.8,0.1116,335921.3,0.1118,93406.4
1753617446775,11:57:26.775,ascendex,AEVO/USDT:USDT,0.1106,180995.4,0.1104,90661.8,0.1116,335921.3,0.1118,93406.4
1753617450663,11:57:30.663,ascendex,AEVO/USDT:USDT,0.1111,900495.3,0.1106,180995.4,0.1116,335921.3,0.1118,93406.4
1753617451174,11:57:31.174,ascendex,AEVO/USDT:USDT,0.1106,180995.4,0.1104,90661.8,0.1116,335921.3,0.1118,93406.4
1753617451955,11:57:31.955,ascendex,AEVO/USDT:USDT,0.1106,180995.4,0.1104,90661.8,0.1111,900495.3,0.1116,335921.3
1753617452465,11:57:32.465,ascendex,AEVO/USDT:USDT,0.1106,180995.4,0.1104,90661.8,0.1116,335921.3,0.1118,93406.4
1753617455848,11:57:35.848,ascendex,AEVO/USDT:USDT,0.1106,271411.3,0.1104,90661.8,0.1116,335921.3,0.1118,93406.4
1753617456065,11:57:36.065,ascendex,AEVO/USDT:USDT,0.1106,271411.3,0.1104,90661.8,0.1116,335921.3,0.1118,93406.4
1753617456487,11:57:36.487,ascendex,AEVO/USDT:USDT,0.1106,271411.3,0.1104,90661.8,0.1116,335921.3,0.1118,93406.4
1753617456703,11:57:36.703,ascendex,AEVO/USDT:USDT,0.1106,271411.3,0.1104,90661.8,0.1116,335921.3,0.1118,93406.4
1753617456856,11:57:36.856,ascendex,AEVO/USDT:USDT,0.1106,180995.4,0.1104,90661.8,0.1116,335921.3,0.1118,93406.4
1753617457293,11:57:37.293,ascendex,AEVO/USDT:USDT,0.1106,271411.3,0.1104,90661.8,0.1116,335921.3,0.1118,93406.4
1753617457464,11:57:37.464,ascendex,AEVO/USDT:USDT,0.1106,180995.4,0.1104,90661.8,0.1116,335921.3,0.1118,93406.4
1753617458084,11:57:38.084,ascendex,AEVO/USDT:USDT,0.1106,180995.4,0.1104,90661.8,0.1116,335921.3,0.1118,93406.4
1753617458708,11:57:38.708,ascendex,AEVO/USDT:USDT,0.1106,271411.3,0.1104,90661.8,0.1116,335921.3,0.1118,93406.4
1753617458916,11:57:38.916,ascendex,AEVO/USDT:USDT,0.1106,271411.3,0.1104,90661.8,0.1116,335921.3,0.1118,93406.4
1753617459092,11:57:39.092,ascendex,AEVO/USDT:USDT,0.1106,180995.4,0.1104,90661.8,0.1116,335921.3,0.1118,93406.4
1753617459535,11:57:39.535,ascendex,AEVO/USDT:USDT,0.1106,271411.3,0.1104,90661.8,0.1116,335921.3,0.1118,93406.4
1753617459685,11:57:39.685,ascendex,AEVO/USDT:USDT,0.1106,180995.4,0.1104,90661.8,0.1116,335921.3,0.1118,93406.4
1753617460142,11:57:40.142,ascendex,AEVO/USDT:USDT,0.1106,271411.3,0.1104,90661.8,0.1116,335921.3,0.1118,93406.4
1753617460335,11:57:40.335,ascendex,AEVO/USDT:USDT,0.1106,180995.4,0.1104,90661.8,0.1116,335921.3,0.1118,93406.4
1753617460747,11:57:40.747,ascendex,AEVO/USDT:USDT,0.1106,271411.3,0.1104,90661.8,0.1116,335921.3,0.1118,93406.4
1753617461190,11:57:41.190,ascendex,AEVO/USDT:USDT,0.1106,180995.4,0.1104,90661.8,0.1116,335921.3,0.1118,93406.4
1753617461379,11:57:41.379,ascendex,AEVO/USDT:USDT,0.1106,271411.3,0.1104,90661.8,0.1116,335921.3,0.1118,93406.4
1753617461544,11:57:41.544,ascendex,AEVO/USDT:USDT,0.1106,180995.4,0.1104,90661.8,0.1116,335921.3,0.1118,93406.4
1753617462168,11:57:42.168,ascendex,AEVO/USDT:USDT,0.1106,180995.4,0.1104,90661.8,0.1116,335921.3,0.1118,93406.4
1753617462407,11:57:42.407,ascendex,AEVO/USDT:USDT,0.1106,180995.4,0.1104,90661.8,0.1116,335921.3,0.1118,93406.4
1753617462787,11:57:42.787,ascendex,AEVO/USDT:USDT,0.1106,271411.3,0.1104,90661.8,0.1116,335921.3,0.1118,93406.4
1753617462982,11:57:42.982,ascendex,AEVO/USDT:USDT,0.1106,271411.3,0.1104,90661.8,0.1116,335921.3,0.1118,93406.4
1753617463390,11:57:43.390,ascendex,AEVO/USDT:USDT,0.1106,271411.3,0.1104,90661.8,0.1116,335921.3,0.1118,93406.4
1753617463603,11:57:43.603,ascendex,AEVO/USDT:USDT,0.1106,271411.3,0.1104,90661.8,0.1116,335921.3,0.1118,93406.4
1753617464025,11:57:44.025,ascendex,AEVO/USDT:USDT,0.1106,271411.3,0.1104,90661.8,0.1116,335921.3,0.1118,93406.4
1753617464232,11:57:44.232,ascendex,AEVO/USDT:USDT,0.1106,271411.3,0.1104,90661.8,0.1111,899685.1,0.1116,335921.3
1753617464615,11:57:44.615,ascendex,AEVO/USDT:USDT,0.1106,361827.2,0.1104,90661.8,0.1111,899685.1,0.1116,335921.3
1753617464818,11:57:44.818,ascendex,AEVO/USDT:USDT,0.1106,271411.3,0.1104,90661.8,0.1116,335921.3,0.1118,93406.4
1753617465549,11:57:45.549,ascendex,AEVO/USDT:USDT,0.1106,271411.3,0.1104,90661.8,0.1111,899685.1,0.1116,335921.3
1753617465982,11:57:45.982,ascendex,AEVO/USDT:USDT,0.1106,271411.3,0.1104,90661.8,0.1116,335921.3,0.1118,93406.4
1753617477795,11:57:57.795,ascendex,AEVO/USDT:USDT,0.1106,271411.3,0.1104,90661.8,0.1111,899685.1,0.1116,335921.3
1753617478236,11:57:58.236,ascendex,AEVO/USDT:USDT,0.1106,271411.3,0.1104,90661.8,0.1116,335921.3,0.1118,93406.4
1753617479025,11:57:59.025,ascendex,AEVO/USDT:USDT,0.1106,271411.3,0.1104,90661.8,0.1111,899685.1,0.1116,335921.3
1753617479533,11:57:59.533,ascendex,AEVO/USDT:USDT,0.1106,271411.3,0.1104,90661.8,0.1116,335921.3,0.1118,93406.4
1753617484094,11:58:04.094,ascendex,AEVO/USDT:USDT,0.1106,271411.3,0.1104,90661.8,0.1116,335921.3,0.1118,93406.4
1753617484452,11:58:04.452,ascendex,AEVO/USDT:USDT,0.1106,271411.3,0.1104,90661.8,0.1116,335921.3,0.1118,93406.4
1753617485268,11:58:05.268,ascendex,AEVO/USDT:USDT,0.1106,271411.3,0.1104,90661.8,0.1116,335921.3,0.1118,93406.4
1753617486503,11:58:06.503,ascendex,AEVO/USDT:USDT,0.1106,271411.3,0.1104,90661.8,0.1116,335921.3,0.1118,93406.4
1753617489882,11:58:09.882,ascendex,AEVO/USDT:USDT,0.1106,271411.3,0.1104,90661.8,0.1116,335921.3,0.1118,93406.4
1753617490258,11:58:10.258,ascendex,AEVO/USDT:USDT,0.1106,271411.3,0.1104,90661.8,0.1116,335921.3,0.1118,93406.4
1753617490473,11:58:10.473,ascendex,AEVO/USDT:USDT,0.1106,271411.3,0.1104,90661.8,0.1116,335921.3,0.1118,93406.4
1753617491286,11:58:11.286,ascendex,AEVO/USDT:USDT,0.1106,271411.3,0.1104,90661.8,0.1111,899685.1,0.1116,335921.3
1753617491787,11:58:11.787,ascendex,AEVO/USDT:USDT,0.1106,271411.3,0.1104,90661.8,0.1116,335921.3,0.1118,93406.4
1753617492569,11:58:12.569,ascendex,AEVO/USDT:USDT,0.1111,899685.1,0.1106,271411.3,0.1116,335921.3,0.1118,93406.4
1753617493063,11:58:13.063,ascendex,AEVO/USDT:USDT,0.1106,271411.3,0.1104,90661.8,0.1116,335921.3,0.1118,93406.4
1753617493701,11:58:13.701,ascendex,AEVO/USDT:USDT,0.1106,271411.3,0.1104,90661.8,0.1116,335921.3,0.1118,93406.4
1753617494892,11:58:14.892,ascendex,AEVO/USDT:USDT,0.1106,271411.3,0.1104,90661.8,0.1116,335921.3,0.1118,93406.4
1753617495291,11:58:15.291,ascendex,AEVO/USDT:USDT,0.1106,271411.3,0.1104,90661.8,0.1116,335921.3,0.1118,93406.4
1753617495484,11:58:15.484,ascendex,AEVO/USDT:USDT,0.1106,271411.3,0.1104,90661.8,0.1116,335921.3,0.1118,93406.4
1753617495886,11:58:15.886,ascendex,AEVO/USDT:USDT,0.1106,271411.3,0.1104,90661.8,0.1116,335921.3,0.1118,93406.4
1753617496108,11:58:16.108,ascendex,AEVO/USDT:USDT,0.1106,271411.3,0.1104,90661.8,0.1116,335921.3,0.1118,93406.4
1753617504824,11:58:24.824,ascendex,AEVO/USDT:USDT,0.1106,271411.3,0.1104,90661.8,0.1111,900495.3,0.1116,335921.3
1753617505324,11:58:25.324,ascendex,AEVO/USDT:USDT,0.1106,271411.3,0.1104,90661.8,0.1116,335921.3,0.1118,93406.4
1753617506103,11:58:26.103,ascendex,AEVO/USDT:USDT,0.1106,271411.3,0.1104,90661.8,0.1111,900495.3,0.1116,335921.3
1753617506618,11:58:26.618,ascendex,AEVO/USDT:USDT,0.1106,271411.3,0.1104,90661.8,0.1116,335921.3,0.1118,93406.4
1753617518343,11:58:38.343,ascendex,AEVO/USDT:USDT,0.1106,271411.3,0.1104,90661.8,0.1111,900495.3,0.1116,335921.3
1753617518856,11:58:38.856,ascendex,AEVO/USDT:USDT,0.1106,271411.3,0.1104,90661.8,0.1116,335921.3,0.1118,93406.4
1753617519634,11:58:39.634,ascendex,AEVO/USDT:USDT,0.1111,900495.3,0.1106,271411.3,0.1116,335921.3,0.1118,93406.4
1753617520180,11:58:40.180,ascendex,AEVO/USDT:USDT,0.1106,271411.3,0.1104,90661.8,0.1116,335921.3,0.1118,93406.4
1753617531882,11:58:51.882,ascendex,AEVO/USDT:USDT,0.1106,271411.3,0.1104,90661.8,0.1111,900495.3,0.1116,335921.3
1753617532379,11:58:52.379,ascendex,AEVO/USDT:USDT,0.1106,271411.3,0.1104,90661.8,0.1116,335921.3,0.1118,93406.4
1753617533213,11:58:53.213,ascendex,AEVO/USDT:USDT,0.1111,900495.3,0.1106,271411.3,0.1116,335921.3,0.1118,93406.4
1753617533676,11:58:53.676,ascendex,AEVO/USDT:USDT,0.1106,271411.3,0.1104,90661.8,0.1116,335921.3,0.1118,93406.4
1753617545436,11:59:05.436,ascendex,AEVO/USDT:USDT,0.1111,900495.3,0.1106,271411.3,0.1116,335921.3,0.1118,93406.4
1753617545934,11:59:05.934,ascendex,AEVO/USDT:USDT,0.1106,271411.3,0.1104,90661.8,0.1116,335921.3,0.1118,93406.4
1753617546710,11:59:06.710,ascendex,AEVO/USDT:USDT,0.1111,900495.3,0.1106,271411.3,0.1116,335921.3,0.1118,93406.4
1753617547236,11:59:07.236,ascendex,AEVO/USDT:USDT,0.1106,271411.3,0.1104,90661.8,0.1116,335921.3,0.1118,93406.4
1753617558960,11:59:18.960,ascendex,AEVO/USDT:USDT,0.1111,900495.3,0.1106,271411.3,0.1116,335921.3,0.1118,93406.4
1753617559480,11:59:19.480,ascendex,AEVO/USDT:USDT,0.1106,271411.3,0.1104,90661.8,0.1116,335921.3,0.1118,93406.4
1753617560246,11:59:20.246,ascendex,AEVO/USDT:USDT,0.1111,900495.3,0.1106,271411.3,0.1116,335921.3,0.1118,93406.4
1753617560755,11:59:20.755,ascendex,AEVO/USDT:USDT,0.1106,271411.3,0.1104,90661.8,0.1116,335921.3,0.1118,93406.4
1753617568488,11:59:28.488,ascendex,AEVO/USDT:USDT,0.1106,271411.3,0.1104,90661.8,0.1116,335921.3,0.1118,93406.4
1753617569073,11:59:29.073,ascendex,AEVO/USDT:USDT,0.1106,271411.3,0.1104,90661.8,0.1116,335921.3,0.1118,93406.4
1753617569402,11:59:29.402,ascendex,AEVO/USDT:USDT,0.1106,271411.3,0.1104,90661.8,0.1116,335921.3,0.1118,93406.4
1753617570691,11:59:30.691,ascendex,AEVO/USDT:USDT,0.1106,271411.3,0.1104,90661.8,0.1116,335921.3,0.1118,93406.4
1753617571820,11:59:31.820,ascendex,AEVO/USDT:USDT,0.1106,271411.3,0.1104,90661.8,0.1116,335921.3,0.1118,93406.4
1753617572558,11:59:32.558,ascendex,AEVO/USDT:USDT,0.1111,899685.1,0.1106,271411.3,0.1116,335921.3,0.1118,93406.4
1753617573044,11:59:33.044,ascendex,AEVO/USDT:USDT,0.1106,271411.3,0.1104,90661.8,0.1116,335921.3,0.1118,93406.4
1753617573796,11:59:33.796,ascendex,AEVO/USDT:USDT,0.1111,899685.1,0.1106,271411.3,0.1116,335921.3,0.1118,93406.4
1753617574308,11:59:34.308,ascendex,AEVO/USDT:USDT,0.1106,271411.3,0.1104,90661.8,0.1116,335921.3,0.1118,93406.4
1753617586063,11:59:46.063,ascendex,AEVO/USDT:USDT,0.1106,271411.3,0.1104,90661.8,0.1111,899685.1,0.1116,335921.3
1753617586582,11:59:46.582,ascendex,AEVO/USDT:USDT,0.1106,271411.3,0.1104,90661.8,0.1116,335921.3,0.1118,93406.4
1753617587342,11:59:47.342,ascendex,AEVO/USDT:USDT,0.1106,271411.3,0.1104,90661.8,0.1111,899685.1,0.1116,335921.3
1753617587849,11:59:47.849,ascendex,AEVO/USDT:USDT,0.1106,271411.3,0.1104,90661.8,0.1116,335921.3,0.1118,93406.4
1753617590062,11:59:50.062,ascendex,AEVO/USDT:USDT,0.1108,90334.2,0.1107,90415.9,0.1116,112007.2,0.1117,111806.8
1753617590273,11:59:50.273,ascendex,AEVO/USDT:USDT,0.1108,90334.2,0.1107,90415.9,0.1116,112007.2,0.1117,111806.8
1753617590654,11:59:50.654,ascendex,AEVO/USDT:USDT,0.1107,90415.9,0.1106,180913.6,0.1116,223914.1,0.1117,223613.6
1753617590841,11:59:50.841,ascendex,AEVO/USDT:USDT,0.1107,90415.9,0.1106,180913.6,0.1116,223914.1,0.1117,223613.6
1753617591247,11:59:51.247,ascendex,AEVO/USDT:USDT,0.1107,90415.9,0.1106,180913.6,0.1116,223914.1,0.1117,223613.6
1753617591599,11:59:51.599,ascendex,AEVO/USDT:USDT,0.1107,90415.9,0.1106,180913.6,0.1116,223914.1,0.1117,223613.6
1753617591940,11:59:51.940,ascendex,AEVO/USDT:USDT,0.1107,90415.9,0.1106,361745.4,0.1116,223914.1,0.1117,223613.6
1753617592272,11:59:52.272,ascendex,AEVO/USDT:USDT,0.1107,90415.9,0.1106,271329.5,0.1116,223914.1,0.1117,223613.6
1753617592448,11:59:52.448,ascendex,AEVO/USDT:USDT,0.1107,90415.9,0.1106,271329.5,0.1116,223914.1,0.1117,223613.6
1753617593653,11:59:53.653,ascendex,AEVO/USDT:USDT,0.1107,90415.9,0.1106,271329.5,0.1116,223914.1,0.1117,223613.6
1753617599643,11:59:59.643,ascendex,AEVO/USDT:USDT,0.1107,90415.9,0.1106,271329.5,0.1111,899685.1,0.1116,223914.1
1753617600122,12:00:00.122,ascendex,AEVO/USDT:USDT,0.1107,90415.9,0.1106,271329.5,0.1116,223914.1,0.1117,223613.6
1753617600850,12:00:00.850,ascendex,AEVO/USDT:USDT,0.1107,90415.9,0.1106,271329.5,0.1111,899685.1,0.1116,223914.1
1753617600850,12:00:00.850,ascendex,AEVO/USDT:USDT,0.1111,899685.1,0.1107,90415.9,0.1116,223914.1,0.1117,223613.6
1753617601371,12:00:01.371,ascendex,AEVO/USDT:USDT,0.1107,90415.9,0.1106,271329.5,0.1116,223914.1,0.1117,223613.6
1753617601512,12:00:01.512,ascendex,AEVO/USDT:USDT,0.1107,90415.9,0.1106,90497.7,0.1116,112007.2,0.1117,223613.6
1753617601942,12:00:01.942,ascendex,AEVO/USDT:USDT,0.1107,90415.9,0.1106,180913.6,0.1116,112007.2,0.1117,223613.6
1753617602337,12:00:02.337,ascendex,AEVO/USDT:USDT,0.1107,90415.9,0.1106,361745.4,0.1116,112007.2,0.1117,223613.6
1753617602697,12:00:02.697,ascendex,AEVO/USDT:USDT,0.1106,361745.4,0.1104,90661.8,0.1116,215582.3,0.1117,111806.8
1753617602929,12:00:02.929,ascendex,AEVO/USDT:USDT,0.1106,361745.4,0.1105,90579.7,0.1116,112007.2,0.1117,111806.8
1753617603316,12:00:03.316,ascendex,AEVO/USDT:USDT,0.1106,361745.4,0.1105,90579.7,0.1116,335921.3,0.1117,111806.8
1753617603537,12:00:03.537,ascendex,AEVO/USDT:USDT,0.1106,361745.4,0.1105,90579.7,0.1116,223914.1,0.1117,111806.8
1753617604269,12:00:04.269,ascendex,AEVO/USDT:USDT,0.1106,361745.4,0.1105,90579.7,0.1116,223914.1,0.1117,111806.8
1753617606187,12:00:06.187,ascendex,AEVO/USDT:USDT,0.1106,271247.7,0.1105,90579.7,0.1116,223914.1,0.1117,111806.8
1753617606514,12:00:06.514,ascendex,AEVO/USDT:USDT,0.1106,271247.7,0.1105,90579.7,0.1114,112107.6,0.1115,112007.2
1753617606760,12:00:06.760,ascendex,AEVO/USDT:USDT,0.1106,271247.7,0.1105,90579.7,0.1114,112107.6,0.1115,112007.2
1753617607170,12:00:07.170,ascendex,AEVO/USDT:USDT,0.1106,271247.7,0.1105,90579.7,0.1114,112107.6,0.1115,112007.2
1753617607361,12:00:07.361,ascendex,AEVO/USDT:USDT,0.1106,271247.7,0.1105,90579.7,0.1114,112107.6,0.1115,112007.2
1753617607767,12:00:07.767,ascendex,AEVO/USDT:USDT,0.1106,271247.7,0.1105,90579.7,0.1114,112107.6,0.1115,112007.2
1753617608080,12:00:08.080,ascendex,AEVO/USDT:USDT,0.1106,271247.7,0.1105,90579.7,0.1114,112107.6,0.1115,112007.2
1753617608298,12:00:08.298,ascendex,AEVO/USDT:USDT,0.1106,271247.7,0.1105,90579.7,0.1114,112107.6,0.1115,112007.2
1753617608697,12:00:08.697,ascendex,AEVO/USDT:USDT,0.1106,271247.7,0.1105,90579.7,0.1114,112107.6,0.1115,112007.2
1753617609279,12:00:09.279,ascendex,AEVO/USDT:USDT,0.1106,271247.7,0.1105,90579.7,0.1114,112107.6,0.1115,112007.2
1753617609996,12:00:09.996,ascendex,AEVO/USDT:USDT,0.1106,271247.7,0.1105,90579.7,0.1114,112107.6,0.1115,112007.2
1753617610551,12:00:10.551,ascendex,AEVO/USDT:USDT,0.1106,271247.7,0.1105,90579.7,0.1114,112107.6,0.1115,112007.2
1753617610822,12:00:10.822,ascendex,AEVO/USDT:USDT,0.1106,271247.7,0.1105,90579.7,0.1114,112107.6,0.1115,112007.2
1753617610986,12:00:10.986,ascendex,AEVO/USDT:USDT,0.1106,271247.7,0.1105,90579.7,0.1114,112107.6,0.1115,112007.2
1753617611419,12:00:11.419,ascendex,AEVO/USDT:USDT,0.1106,271247.7,0.1105,90579.7,0.1114,112107.6,0.1115,112007.2
1753617611859,12:00:11.859,ascendex,AEVO/USDT:USDT,0.1106,271247.7,0.1105,90579.7,0.1114,112107.6,0.1115,112007.2
1753617612208,12:00:12.208,ascendex,AEVO/USDT:USDT,0.1106,271247.7,0.1105,90579.7,0.1114,112107.6,0.1115,112007.2
1753617612444,12:00:12.444,ascendex,AEVO/USDT:USDT,0.1106,271247.7,0.1105,90579.7,0.1114,112107.6,0.1115,112007.2
1753617612813,12:00:12.813,ascendex,AEVO/USDT:USDT,0.1106,271247.7,0.1105,90579.7,0.1114,112107.6,0.1115,112007.2
1753617612932,12:00:12.932,ascendex,AEVO/USDT:USDT,0.1106,271247.7,0.1105,90579.7,0.1114,112107.6,0.1115,112007.2
1753617613417,12:00:13.417,ascendex,AEVO/USDT:USDT,0.1109,901306.9,0.1106,271247.7,0.1114,112107.6,0.1115,112007.2
1753617613690,12:00:13.690,ascendex,AEVO/USDT:USDT,0.1106,271247.7,0.1105,90579.7,0.1114,112107.6,0.1115,112007.2
1753617614035,12:00:14.035,ascendex,AEVO/USDT:USDT,0.1106,271247.7,0.1105,90579.7,0.1114,112107.6,0.1115,112007.2
1753617614396,12:00:14.396,ascendex,AEVO/USDT:USDT,0.1106,271247.7,0.1105,90579.7,0.1109,901306.9,0.1114,112107.6
1753617614630,12:00:14.630,ascendex,AEVO/USDT:USDT,0.1106,271247.7,0.1105,90579.7,0.1109,901306.9,0.1114,112107.6
1753617614902,12:00:14.902,ascendex,AEVO/USDT:USDT,0.1106,271247.7,0.1105,90579.7,0.1114,112107.6,0.1115,112007.2
1753617615235,12:00:15.235,ascendex,AEVO/USDT:USDT,0.1106,271247.7,0.1105,90579.7,0.1114,112107.6,0.1115,112007.2
1753617615843,12:00:15.843,ascendex,AEVO/USDT:USDT,0.1106,271247.7,0.1105,90579.7,0.1114,112107.6,0.1115,112007.2
1753617616459,12:00:16.459,ascendex,AEVO/USDT:USDT,0.1106,271247.7,0.1105,90579.7,0.1114,112107.6,0.1115,112007.2
1753617616927,12:00:16.927,ascendex,AEVO/USDT:USDT,0.1106,271247.7,0.1105,90579.7,0.1114,112107.6,0.1115,112007.2
1753617617138,12:00:17.138,ascendex,AEVO/USDT:USDT,0.1106,271247.7,0.1105,90579.7,0.1114,112107.6,0.1115,112007.2
1753617617521,12:00:17.521,ascendex,AEVO/USDT:USDT,0.1106,271247.7,0.1105,90579.7,0.1114,112107.6,0.1115,112007.2
1753617617728,12:00:17.728,ascendex,AEVO/USDT:USDT,0.1106,271247.7,0.1105,90579.7,0.1114,112107.6,0.1115,112007.2
1753617618099,12:00:18.099,ascendex,AEVO/USDT:USDT,0.1106,271247.7,0.1105,90579.7,0.1114,112107.6,0.1115,112007.2
1753617618739,12:00:18.739,ascendex,AEVO/USDT:USDT,0.1106,271247.7,0.1105,90579.7,0.1114,112107.6,0.1115,112007.2
1753617619132,12:00:19.132,ascendex,AEVO/USDT:USDT,0.1106,271247.7,0.1105,90579.7,0.1114,112107.6,0.1115,112007.2
1753617619303,12:00:19.303,ascendex,AEVO/USDT:USDT,0.1106,271247.7,0.1105,90579.7,0.1114,112107.6,0.1115,112007.2
1753617619743,12:00:19.743,ascendex,AEVO/USDT:USDT,0.1106,271247.7,0.1105,90579.7,0.1114,112107.6,0.1115,112007.2
1753617619926,12:00:19.926,ascendex,AEVO/USDT:USDT,0.1106,271247.7,0.1105,90579.7,0.1114,112107.6,0.1115,112007.2
1753617620353,12:00:20.353,ascendex,AEVO/USDT:USDT,0.1106,271247.7,0.1105,90579.7,0.1114,112107.6,0.1115,112007.2
1753617620582,12:00:20.582,ascendex,AEVO/USDT:USDT,0.1106,271247.7,0.1105,90579.7,0.1114,112107.6,0.1115,112007.2
1753617620971,12:00:20.971,ascendex,AEVO/USDT:USDT,0.1106,271247.7,0.1105,90579.7,0.1114,112107.6,0.1115,112007.2
1753617621360,12:00:21.360,ascendex,AEVO/USDT:USDT,0.1106,271247.7,0.1105,90579.7,0.1114,112107.6,0.1115,112007.2
1753617621566,12:00:21.566,ascendex,AEVO/USDT:USDT,0.1106,271247.7,0.1105,90579.7,0.1114,112107.6,0.1115,112007.2
1753617621941,12:00:21.941,ascendex,AEVO/USDT:USDT,0.1106,271247.7,0.1105,90579.7,0.1114,112107.6,0.1115,112007.2
1753617622147,12:00:22.147,ascendex,AEVO/USDT:USDT,0.1106,271247.7,0.1105,90579.7,0.1114,112107.6,0.1115,112007.2
1753617622592,12:00:22.592,ascendex,AEVO/USDT:USDT,0.1106,271247.7,0.1105,90579.7,0.1114,112107.6,0.1115,112007.2
1753617622777,12:00:22.777,ascendex,AEVO/USDT:USDT,0.1106,271247.7,0.1105,90579.7,0.1114,112107.6,0.1115,112007.2
1753617623200,12:00:23.200,ascendex,AEVO/USDT:USDT,0.1106,271247.7,0.1105,90579.7,0.1114,112107.6,0.1115,112007.2
1753617623352,12:00:23.352,ascendex,AEVO/USDT:USDT,0.1106,271247.7,0.1105,90579.7,0.1114,112107.6,0.1115,112007.2
1753617623801,12:00:23.801,ascendex,AEVO/USDT:USDT,0.1106,271247.7,0.1105,90579.7,0.1114,112107.6,0.1115,112007.2
1753617623981,12:00:23.981,ascendex,AEVO/USDT:USDT,0.1106,271247.7,0.1105,90579.7,0.1114,112107.6,0.1115,112007.2
1753617624402,12:00:24.402,ascendex,AEVO/USDT:USDT,0.1106,271247.7,0.1105,90579.7,0.1114,112107.6,0.1115,112007.2
1753617624620,12:00:24.620,ascendex,AEVO/USDT:USDT,0.1106,271247.7,0.1105,90579.7,0.1114,112107.6,0.1115,112007.2
1753617625021,12:00:25.021,ascendex,AEVO/USDT:USDT,0.1106,271247.7,0.1105,90579.7,0.1114,112107.6,0.1115,112007.2
1753617625188,12:00:25.188,ascendex,AEVO/USDT:USDT,0.1106,271247.7,0.1105,90579.7,0.1114,112107.6,0.1115,112007.2
1753617625783,12:00:25.783,ascendex,AEVO/USDT:USDT,0.1106,271247.7,0.1105,90579.7,0.1114,112107.6,0.1115,112007.2
1753617626039,12:00:26.039,ascendex,AEVO/USDT:USDT,0.1106,271247.7,0.1105,90579.7,0.1114,112107.6,0.1115,112007.2
1753617626205,12:00:26.205,ascendex,AEVO/USDT:USDT,0.1106,271247.7,0.1105,90579.7,0.1114,112107.6,0.1115,112007.2
1753617626724,12:00:26.724,ascendex,AEVO/USDT:USDT,0.1106,271247.7,0.1105,90579.7,0.1109,901306.9,0.1114,112107.6
1753617626804,12:00:26.804,ascendex,AEVO/USDT:USDT,0.1109,901306.9,0.1106,271247.7,0.1114,112107.6,0.1115,112007.2
1753617627279,12:00:27.279,ascendex,AEVO/USDT:USDT,0.1106,271247.7,0.1105,90579.7,0.1114,112107.6,0.1115,112007.2
1753617627451,12:00:27.451,ascendex,AEVO/USDT:USDT,0.1106,271247.7,0.1105,90579.7,0.1114,112107.6,0.1115,112007.2
1753617627956,12:00:27.956,ascendex,AEVO/USDT:USDT,0.1109,901306.9,0.1106,271247.7,0.1114,112107.6,0.1115,112007.2
1753617628048,12:00:28.048,ascendex,AEVO/USDT:USDT,0.1109,901306.9,0.1106,271247.7,0.1114,112107.6,0.1115,112007.2
1753617628632,12:00:28.632,ascendex,AEVO/USDT:USDT,0.1106,271247.7,0.1105,90579.7,0.1114,112107.6,0.1115,112007.2
1753617629225,12:00:29.225,ascendex,AEVO/USDT:USDT,0.1106,271247.7,0.1105,90579.7,0.1114,112107.6,0.1115,112007.2
1753617629517,12:00:29.517,ascendex,AEVO/USDT:USDT,0.1106,271247.7,0.1105,90579.7,0.1114,112107.6,0.1115,112007.2
1753617629682,12:00:29.682,ascendex,AEVO/USDT:USDT,0.1106,271247.7,0.1105,90579.7,0.1114,112107.6,0.1115,112007.2
1753617630114,12:00:30.114,ascendex,AEVO/USDT:USDT,0.1106,271247.7,0.1105,90579.7,0.1114,112107.6,0.1115,112007.2
1753617630271,12:00:30.271,ascendex,AEVO/USDT:USDT,0.1106,271247.7,0.1105,90579.7,0.1114,112107.6,0.1115,112007.2
1753617630765,12:00:30.765,ascendex,AEVO/USDT:USDT,0.1106,271247.7,0.1104,181241.5,0.1114,336423.5,0.1115,112007.2
1753617631141,12:00:31.141,ascendex,AEVO/USDT:USDT,0.1106,271247.7,0.1104,181241.5,0.1114,224215.2,0.1115,112007.2
1753617631264,12:00:31.264,ascendex,AEVO/USDT:USDT,0.1106,271247.7,0.1104,181241.5,0.1114,224215.2,0.1115,112007.2
1753617634710,12:00:34.710,ascendex,AEVO/USDT:USDT,0.1106,271247.7,0.1104,181241.5,0.1114,224215.2,0.1115,112007.2
1753617640247,12:00:40.247,ascendex,AEVO/USDT:USDT,0.1106,271247.7,0.1104,181241.5,0.1109,902120.0,0.1114,224215.2
1753617640753,12:00:40.753,ascendex,AEVO/USDT:USDT,0.1106,271247.7,0.1104,181241.5,0.1114,224215.2,0.1115,112007.2
1753617641487,12:00:41.487,ascendex,AEVO/USDT:USDT,0.1109,902120.0,0.1106,271247.7,0.1114,224215.2,0.1115,112007.2
1753617642031,12:00:42.031,ascendex,AEVO/USDT:USDT,0.1106,271247.7,0.1104,181241.5,0.1114,224215.2,0.1115,112007.2
1753617653811,12:00:53.811,ascendex,AEVO/USDT:USDT,0.1109,902120.0,0.1106,271247.7,0.1114,224215.2,0.1115,112007.2
1753617654319,12:00:54.319,ascendex,AEVO/USDT:USDT,0.1106,271247.7,0.1104,181241.5,0.1114,224215.2,0.1115,112007.2
1753617655035,12:00:55.035,ascendex,AEVO/USDT:USDT,0.1109,902120.0,0.1106,271247.7,0.1114,224215.2,0.1115,112007.2
1753617655560,12:00:55.560,ascendex,AEVO/USDT:USDT,0.1106,271247.7,0.1104,181241.5,0.1114,224215.2,0.1115,112007.2
1753617661112,12:01:01.112,ascendex,AEVO/USDT:USDT,0.1106,271247.7,0.1104,271903.3,0.1114,224215.2,0.1116,112007.2
1753617661428,12:01:01.428,ascendex,AEVO/USDT:USDT,0.1106,271247.7,0.1104,271903.3,0.1114,224215.2,0.1116,112007.2
1753617661764,12:01:01.764,ascendex,AEVO/USDT:USDT,0.1106,271247.7,0.1104,362483.0,0.1114,224215.2,0.1116,112007.2
1753617661923,12:01:01.923,ascendex,AEVO/USDT:USDT,0.1106,271247.7,0.1104,271903.3,0.1114,224215.2,0.1116,112007.2
1753617664806,12:01:04.806,ascendex,AEVO/USDT:USDT,0.1106,271247.7,0.1104,271903.3,0.1114,224215.2,0.1116,112007.2
1753617667361,12:01:07.361,ascendex,AEVO/USDT:USDT,0.1109,902120.0,0.1106,271247.7,0.1114,224215.2,0.1116,112007.2
1753617667838,12:01:07.838,ascendex,AEVO/USDT:USDT,0.1106,271247.7,0.1104,271903.3,0.1114,224215.2,0.1116,112007.2
1753617668590,12:01:08.590,ascendex,AEVO/USDT:USDT,0.1109,902120.0,0.1106,271247.7,0.1114,336423.5,0.1116,112007.2
1753617668984,12:01:08.984,ascendex,AEVO/USDT:USDT,0.1109,902120.0,0.1106,271247.7,0.1114,336423.5,0.1116,112007.2
1753617669211,12:01:09.211,ascendex,AEVO/USDT:USDT,0.1106,271247.7,0.1104,271903.3,0.1114,336423.5,0.1116,112007.2
1753617669601,12:01:09.601,ascendex,AEVO/USDT:USDT,0.1106,271247.7,0.1104,271903.3,0.1114,336423.5,0.1116,112007.2
1753617670030,12:01:10.030,ascendex,AEVO/USDT:USDT,0.1106,271247.7,0.1104,271903.3,0.1114,224215.2,0.1116,112007.2
1753617670220,12:01:10.220,ascendex,AEVO/USDT:USDT,0.1106,271247.7,0.1104,271903.3,0.1114,336423.5,0.1116,112007.2
1753617670626,12:01:10.626,ascendex,AEVO/USDT:USDT,0.1106,271247.7,0.1104,271903.3,0.1114,224215.2,0.1116,112007.2
1753617671235,12:01:11.235,ascendex,AEVO/USDT:USDT,0.1106,271247.7,0.1104,271903.3,0.1114,224215.2,0.1116,112007.2
1753617671836,12:01:11.836,ascendex,AEVO/USDT:USDT,0.1106,271247.7,0.1104,271903.3,0.1114,224215.2,0.1116,112007.2
1753617672440,12:01:12.440,ascendex,AEVO/USDT:USDT,0.1106,271247.7,0.1104,271903.3,0.1114,224215.2,0.1116,112007.2
1753617673070,12:01:13.070,ascendex,AEVO/USDT:USDT,0.1106,271247.7,0.1104,271903.3,0.1114,224215.2,0.1116,112007.2
1753617673498,12:01:13.498,ascendex,AEVO/USDT:USDT,0.1106,271247.7,0.1104,271903.3,0.1114,336423.5,0.1116,112007.2
1753617673685,12:01:13.685,ascendex,AEVO/USDT:USDT,0.1106,271247.7,0.1104,271903.3,0.1114,224215.2,0.1116,112007.2
1753617674095,12:01:14.095,ascendex,AEVO/USDT:USDT,0.1106,271247.7,0.1104,271903.3,0.1114,336423.5,0.1116,112007.2
1753617674292,12:01:14.292,ascendex,AEVO/USDT:USDT,0.1106,271247.7,0.1104,271903.3,0.1114,224215.2,0.1116,112007.2
1753617674715,12:01:14.715,ascendex,AEVO/USDT:USDT,0.1106,271247.7,0.1104,271903.3,0.1114,336423.5,0.1116,112007.2
1753617674892,12:01:14.892,ascendex,AEVO/USDT:USDT,0.1106,271247.7,0.1104,271903.3,0.1114,224215.2,0.1116,112007.2
1753617675300,12:01:15.300,ascendex,AEVO/USDT:USDT,0.1106,271247.7,0.1104,271903.3,0.1114,336423.5,0.1116,112007.2
1753617675503,12:01:15.503,ascendex,AEVO/USDT:USDT,0.1106,271247.7,0.1104,271903.3,0.1114,224215.2,0.1116,112007.2
1753617680872,12:01:20.872,ascendex,AEVO/USDT:USDT,0.1109,902120.0,0.1106,271247.7,0.1114,224215.2,0.1116,112007.2
1753617681379,12:01:21.379,ascendex,AEVO/USDT:USDT,0.1106,271247.7,0.1104,271903.3,0.1114,224215.2,0.1116,112007.2
1753617682123,12:01:22.123,ascendex,AEVO/USDT:USDT,0.1106,271247.7,0.1104,271903.3,0.1109,902120.0,0.1114,224215.2
1753617682647,12:01:22.647,ascendex,AEVO/USDT:USDT,0.1106,271247.7,0.1104,271903.3,0.1114,224215.2,0.1116,112007.2
1753617686175,12:01:26.175,ascendex,AEVO/USDT:USDT,0.1106,271247.7,0.1104,90579.7,0.1112,112309.1,0.1114,224215.2
1753617686563,12:01:26.563,ascendex,AEVO/USDT:USDT,0.1106,271247.7,0.1104,90579.7,0.1112,112309.1,0.1113,112208.3
1753617686832,12:01:26.832,ascendex,AEVO/USDT:USDT,0.1106,271247.7,0.1104,90579.7,0.1112,112309.1,0.1113,112208.3
1753617687119,12:01:27.119,ascendex,AEVO/USDT:USDT,0.1106,271247.7,0.1104,90579.7,0.1112,112309.1,0.1113,112208.3
1753617687555,12:01:27.555,ascendex,AEVO/USDT:USDT,0.1106,271247.7,0.1104,90579.7,0.1112,112309.1,0.1113,112208.3
1753617687824,12:01:27.824,ascendex,AEVO/USDT:USDT,0.1106,271247.7,0.1104,90579.7,0.1112,112309.1,0.1113,112208.3
1753617688160,12:01:28.160,ascendex,AEVO/USDT:USDT,0.1106,271247.7,0.1104,90579.7,0.1112,112309.1,0.1113,112208.3
1753617688442,12:01:28.442,ascendex,AEVO/USDT:USDT,0.1106,271247.7,0.1104,90579.7,0.1112,112309.1,0.1113,112208.3
1753617688767,12:01:28.767,ascendex,AEVO/USDT:USDT,0.1106,271247.7,0.1104,90579.7,0.1112,112309.1,0.1113,112208.3
1753617689054,12:01:29.054,ascendex,AEVO/USDT:USDT,0.1106,271247.7,0.1104,90579.7,0.1112,112309.1,0.1113,112208.3
1753617689383,12:01:29.383,ascendex,AEVO/USDT:USDT,0.1106,271247.7,0.1104,90579.7,0.1112,112309.1,0.1113,112208.3
1753617689797,12:01:29.797,ascendex,AEVO/USDT:USDT,0.1106,271247.7,0.1104,90579.7,0.1112,112309.1,0.1113,112208.3
1753617690080,12:01:30.080,ascendex,AEVO/USDT:USDT,0.1106,271247.7,0.1104,90579.7,0.1112,112309.1,0.1113,112208.3
1753617690450,12:01:30.450,ascendex,AEVO/USDT:USDT,0.1106,271247.7,0.1104,90579.7,0.1112,112309.1,0.1113,112208.3
1753617690749,12:01:30.749,ascendex,AEVO/USDT:USDT,0.1106,271247.7,0.1104,90579.7,0.1112,112309.1,0.1113,112208.3
1753617691029,12:01:31.029,ascendex,AEVO/USDT:USDT,0.1106,271247.7,0.1104,90579.7,0.1112,112309.1,0.1113,112208.3
1753617691381,12:01:31.381,ascendex,AEVO/USDT:USDT,0.1106,271247.7,0.1104,90579.7,0.1112,112309.1,0.1113,112208.3
1753617691607,12:01:31.607,ascendex,AEVO/USDT:USDT,0.1106,271247.7,0.1104,181241.5,0.1113,112208.3,0.1114,112107.6
1753617692021,12:01:32.021,ascendex,AEVO/USDT:USDT,0.1106,271247.7,0.1104,181241.5,0.1113,112208.3,0.1114,112107.6
1753617692185,12:01:32.185,ascendex,AEVO/USDT:USDT,0.1106,271247.7,0.1104,181241.5,0.1113,112208.3,0.1114,112107.6
1753617692620,12:01:32.620,ascendex,AEVO/USDT:USDT,0.1106,271247.7,0.1104,181241.5,0.1113,112208.3,0.1114,112107.6
1753617693235,12:01:33.235,ascendex,AEVO/USDT:USDT,0.1106,271247.7,0.1104,181241.5,0.1113,112208.3,0.1114,224315.9
1753617693447,12:01:33.447,ascendex,AEVO/USDT:USDT,0.1106,271247.7,0.1104,181241.5,0.1113,112208.3,0.1114,112107.6
1753617693832,12:01:33.832,ascendex,AEVO/USDT:USDT,0.1106,271247.7,0.1104,181241.5,0.1113,112208.3,0.1114,224315.9
1753617694261,12:01:34.261,ascendex,AEVO/USDT:USDT,0.1106,271247.7,0.1104,181241.5,0.1113,112208.3,0.1114,224315.9
1753617694433,12:01:34.433,ascendex,AEVO/USDT:USDT,0.1106,271247.7,0.1104,181241.5,0.1109,902120.0,0.1113,112208.3
1753617694841,12:01:34.841,ascendex,AEVO/USDT:USDT,0.1106,271247.7,0.1104,181241.5,0.1109,902120.0,0.1113,112208.3
1753617695242,12:01:35.242,ascendex,AEVO/USDT:USDT,0.1106,271247.7,0.1104,181241.5,0.1113,112208.3,0.1114,112107.6
1753617695455,12:01:35.455,ascendex,AEVO/USDT:USDT,0.1106,271247.7,0.1104,181241.5,0.1113,112208.3,0.1114,224315.9
1753617695674,12:01:35.674,ascendex,AEVO/USDT:USDT,0.1109,902120.0,0.1106,271247.7,0.1113,112208.3,0.1114,224315.9
1753617696169,12:01:36.169,ascendex,AEVO/USDT:USDT,0.1106,271247.7,0.1104,181241.5,0.1113,112208.3,0.1114,224315.9
1753617696466,12:01:36.466,ascendex,AEVO/USDT:USDT,0.1106,271247.7,0.1104,181241.5,0.1113,112208.3,0.1114,112107.6
1753617696681,12:01:36.681,ascendex,AEVO/USDT:USDT,0.1106,271247.7,0.1104,181241.5,0.1113,112208.3,0.1114,224315.9
1753617697104,12:01:37.104,ascendex,AEVO/USDT:USDT,0.1106,271247.7,0.1104,181241.5,0.1113,112208.3,0.1114,112107.6
1753617697285,12:01:37.285,ascendex,AEVO/USDT:USDT,0.1106,271247.7,0.1104,90579.7,0.1112,112309.1,0.1113,112208.3
1753617697701,12:01:37.701,ascendex,AEVO/USDT:USDT,0.1106,271247.7,0.1104,90579.7,0.1112,112309.1,0.1113,112208.3
1753617698055,12:01:38.055,ascendex,AEVO/USDT:USDT,0.1106,271247.7,0.1104,90579.7,0.1112,112309.1,0.1113,112208.3
1753617698341,12:01:38.341,ascendex,AEVO/USDT:USDT,0.1106,271247.7,0.1104,90579.7,0.1112,112309.1,0.1113,112208.3
1753617698639,12:01:38.639,ascendex,AEVO/USDT:USDT,0.1106,271247.7,0.1104,90579.7,0.1112,112309.1,0.1113,112208.3
1753617698923,12:01:38.923,ascendex,AEVO/USDT:USDT,0.1106,271247.7,0.1104,90579.7,0.1113,112208.3,0.1114,224315.9
1753617699301,12:01:39.301,ascendex,AEVO/USDT:USDT,0.1106,271247.7,0.1104,181241.5,0.1113,112208.3,0.1114,112107.6
1753617699536,12:01:39.536,ascendex,AEVO/USDT:USDT,0.1106,271247.7,0.1104,271903.3,0.1114,112107.6,0.1115,112007.2
1753617699931,12:01:39.931,ascendex,AEVO/USDT:USDT,0.1106,271247.7,0.1104,271903.3,0.1114,112107.6,0.1115,112007.2
1753617700128,12:01:40.128,ascendex,AEVO/USDT:USDT,0.1106,271247.7,0.1104,271903.3,0.1114,112107.6,0.1115,112007.2
1753617700496,12:01:40.496,ascendex,AEVO/USDT:USDT,0.1106,271247.7,0.1104,362483.0,0.1114,112107.6,0.1115,112007.2
1753617700744,12:01:40.744,ascendex,AEVO/USDT:USDT,0.1106,271247.7,0.1104,271903.3,0.1114,112107.6,0.1115,112007.2
1753617701159,12:01:41.159,ascendex,AEVO/USDT:USDT,0.1106,271247.7,0.1104,271903.3,0.1114,112107.6,0.1115,112007.2
1753617701378,12:01:41.378,ascendex,AEVO/USDT:USDT,0.1106,271247.7,0.1104,271903.3,0.1114,112107.6,0.1115,112007.2
1753617701777,12:01:41.777,ascendex,AEVO/USDT:USDT,0.1106,271247.7,0.1104,271903.3,0.1114,112107.6,0.1115,112007.2
1753617701986,12:01:41.986,ascendex,AEVO/USDT:USDT,0.1106,271247.7,0.1104,271903.3,0.1114,112107.6,0.1115,112007.2
1753617702789,12:01:42.789,ascendex,AEVO/USDT:USDT,0.1106,271247.7,0.1104,271903.3,0.1114,112107.6,0.1115,112007.2
1753617703134,12:01:43.134,ascendex,AEVO/USDT:USDT,0.1106,271247.7,0.1104,362483.0,0.1114,112107.6,0.1115,112007.2
1753617703350,12:01:43.350,ascendex,AEVO/USDT:USDT,0.1106,271247.7,0.1104,271903.3,0.1114,112107.6,0.1115,112007.2
1753617703736,12:01:43.736,ascendex,AEVO/USDT:USDT,0.1106,271247.7,0.1104,362483.0,0.1114,112107.6,0.1115,112007.2
1753617703998,12:01:43.998,ascendex,AEVO/USDT:USDT,0.1106,271247.7,0.1104,271903.3,0.1114,112107.6,0.1115,112007.2
1753617704368,12:01:44.368,ascendex,AEVO/USDT:USDT,0.1106,271247.7,0.1104,362483.0,0.1114,112107.6,0.1115,112007.2
1753617704640,12:01:44.640,ascendex,AEVO/USDT:USDT,0.1106,271247.7,0.1104,271903.3,0.1114,112107.6,0.1115,112007.2
1753617704789,12:01:44.789,ascendex,AEVO/USDT:USDT,0.1106,271247.7,0.1104,362483.0,0.1114,112107.6,0.1115,112007.2
1753617705643,12:01:45.643,ascendex,AEVO/USDT:USDT,0.1106,271247.7,0.1104,362483.0,0.1114,224215.2,0.1115,112007.2
1753617705817,12:01:45.817,ascendex,AEVO/USDT:USDT,0.1106,271247.7,0.1104,362483.0,0.1114,336423.5,0.1115,112007.2
1753617706027,12:01:46.027,ascendex,AEVO/USDT:USDT,0.1106,271247.7,0.1104,362483.0,0.1114,224215.2,0.1115,112007.2
1753617706971,12:01:46.971,ascendex,AEVO/USDT:USDT,0.1106,271247.7,0.1104,362483.0,0.1114,224215.2,0.1115,112007.2
1753617707958,12:01:47.958,ascendex,AEVO/USDT:USDT,0.1109,902120.0,0.1106,271247.7,0.1114,224215.2,0.1115,112007.2
1753617708448,12:01:48.448,ascendex,AEVO/USDT:USDT,0.1106,271247.7,0.1104,362483.0,0.1114,224215.2,0.1115,112007.2
1753617709207,12:01:49.207,ascendex,AEVO/USDT:USDT,0.1106,271247.7,0.1104,362483.0,0.1109,902120.0,0.1114,224215.2
1753617709711,12:01:49.711,ascendex,AEVO/USDT:USDT,0.1106,271247.7,0.1104,362483.0,0.1114,224215.2,0.1115,112007.2
1753617720510,12:02:00.510,ascendex,AEVO/USDT:USDT,0.1106,271247.7,0.1104,362483.0,0.1114,224215.2,0.1116,112007.2
1753617720731,12:02:00.731,ascendex,AEVO/USDT:USDT,0.1106,271247.7,0.1104,362483.0,0.1114,224215.2,0.1116,112007.2
1753617721373,12:02:01.373,ascendex,AEVO/USDT:USDT,0.1106,271247.7,0.1104,362483.0,0.1114,224215.2,0.1116,112007.2
1753617721523,12:02:01.523,ascendex,AEVO/USDT:USDT,0.1109,901306.9,0.1106,271247.7,0.1114,224215.2,0.1116,112007.2
1753617722011,12:02:02.011,ascendex,AEVO/USDT:USDT,0.1106,271247.7,0.1104,362483.0,0.1114,224215.2,0.1116,112007.2
1753617722329,12:02:02.329,ascendex,AEVO/USDT:USDT,0.1106,271247.7,0.1104,362483.0,0.1114,224215.2,0.1116,112007.2
1753617722633,12:02:02.633,ascendex,AEVO/USDT:USDT,0.1106,271247.7,0.1104,362483.0,0.1114,224215.2,0.1116,112007.2
1753617722952,12:02:02.952,ascendex,AEVO/USDT:USDT,0.1106,271247.7,0.1104,362483.0,0.1109,902120.0,0.1114,224215.2
1753617723258,12:02:03.258,ascendex,AEVO/USDT:USDT,0.1106,271247.7,0.1104,362483.0,0.1114,224215.2,0.1116,112007.2
1753617728576,12:02:08.576,ascendex,AEVO/USDT:USDT,0.1106,271247.7,0.1104,362483.0,0.1114,224215.2,0.1116,112007.2
1753617735081,12:02:15.081,ascendex,AEVO/USDT:USDT,0.1109,902120.0,0.1106,271247.7,0.1114,224215.2,0.1116,112007.2
1753617735557,12:02:15.557,ascendex,AEVO/USDT:USDT,0.1106,271247.7,0.1104,362483.0,0.1114,224215.2,0.1116,112007.2
1753617736320,12:02:16.320,ascendex,AEVO/USDT:USDT,0.1106,271247.7,0.1104,362483.0,0.1109,902120.0,0.1114,224215.2
1753617736809,12:02:16.809,ascendex,AEVO/USDT:USDT,0.1106,271247.7,0.1104,362483.0,0.1114,224215.2,0.1116,112007.2
1753617748581,12:02:28.581,ascendex,AEVO/USDT:USDT,0.1109,902120.0,0.1106,271247.7,0.1114,224215.2,0.1116,112007.2
1753617749122,12:02:29.122,ascendex,AEVO/USDT:USDT,0.1106,271247.7,0.1104,362483.0,0.1114,224215.2,0.1116,112007.2
1753617749824,12:02:29.824,ascendex,AEVO/USDT:USDT,0.1109,902120.0,0.1106,271247.7,0.1114,224215.2,0.1116,112007.2
1753617750333,12:02:30.333,ascendex,AEVO/USDT:USDT,0.1106,271247.7,0.1104,362483.0,0.1114,224215.2,0.1116,112007.2
1753617752413,12:02:32.413,ascendex,AEVO/USDT:USDT,0.1106,271247.7,0.1104,362483.0,0.1114,224215.2,0.1116,112007.2
1753617752601,12:02:32.601,ascendex,AEVO/USDT:USDT,0.1106,271247.7,0.1104,362483.0,0.1114,224215.2,0.1116,112007.2
1753617755054,12:02:35.054,ascendex,AEVO/USDT:USDT,0.1106,271247.7,0.1104,362483.0,0.1114,224215.2,0.1116,112007.2
1753617761611,12:02:41.611,ascendex,AEVO/USDT:USDT,0.1106,271247.7,0.1104,362483.0,0.1114,224215.2,0.1116,112007.2
1753617761825,12:02:41.825,ascendex,AEVO/USDT:USDT,0.1106,271247.7,0.1104,362483.0,0.1114,224215.2,0.1116,112007.2
1753617762130,12:02:42.130,ascendex,AEVO/USDT:USDT,0.1109,902120.0,0.1106,271247.7,0.1114,224215.2,0.1116,112007.2
1753617762461,12:02:42.461,ascendex,AEVO/USDT:USDT,0.1109,902120.0,0.1106,271247.7,0.1114,224215.2,0.1116,112007.2
1753617762629,12:02:42.629,ascendex,AEVO/USDT:USDT,0.1106,271247.7,0.1104,362483.0,0.1114,224215.2,0.1116,112007.2
1753617763238,12:02:43.238,ascendex,AEVO/USDT:USDT,0.1106,271247.7,0.1104,362483.0,0.1114,224215.2,0.1116,112007.2
1753617763399,12:02:43.399,ascendex,AEVO/USDT:USDT,0.1109,902120.0,0.1106,271247.7,0.1114,224215.2,0.1116,112007.2
1753617763886,12:02:43.886,ascendex,AEVO/USDT:USDT,0.1106,271247.7,0.1104,362483.0,0.1114,224215.2,0.1116,112007.2
1753617768055,12:02:48.055,ascendex,AEVO/USDT:USDT,0.1106,271247.7,0.1104,362483.0,0.1114,224215.2,0.1116,112007.2
1753617775651,12:02:55.651,ascendex,AEVO/USDT:USDT,0.1109,901306.9,0.1106,271247.7,0.1114,224215.2,0.1116,112007.2
1753617776157,12:02:56.157,ascendex,AEVO/USDT:USDT,0.1106,271247.7,0.1104,362483.0,0.1114,224215.2,0.1116,112007.2
1753617776904,12:02:56.904,ascendex,AEVO/USDT:USDT,0.1106,271247.7,0.1104,362483.0,0.1109,901306.9,0.1114,224215.2
1753617777400,12:02:57.400,ascendex,AEVO/USDT:USDT,0.1106,271247.7,0.1104,362483.0,0.1114,224215.2,0.1116,112007.2
1753617777933,12:02:57.933,ascendex,AEVO/USDT:USDT,0.1106,271247.7,0.1104,362483.0,0.1116,224014.4,0.1118,135409.7
1753617778334,12:02:58.334,ascendex,AEVO/USDT:USDT,0.1106,271247.7,0.1105,90579.7,0.1116,223914.1,0.1118,91825.8
1753617778528,12:02:58.528,ascendex,AEVO/USDT:USDT,0.1106,271247.7,0.1105,90579.7,0.1116,223914.1,0.1118,91825.8
1753617779021,12:02:59.021,ascendex,AEVO/USDT:USDT,0.1106,271247.7,0.1105,90579.7,0.1116,335921.3,0.1118,91825.8
1753617779144,12:02:59.144,ascendex,AEVO/USDT:USDT,0.1106,271247.7,0.1105,90579.7,0.1116,223914.1,0.1118,91825.8
1753617779582,12:02:59.582,ascendex,AEVO/USDT:USDT,0.1106,271247.7,0.1105,90579.7,0.1116,335921.3,0.1118,91825.8
1753617779978,12:02:59.978,ascendex,AEVO/USDT:USDT,0.1106,271247.7,0.1105,90579.7,0.1116,335921.3,0.1118,91825.8
1753617780174,12:03:00.174,ascendex,AEVO/USDT:USDT,0.1106,271247.7,0.1105,90579.7,0.1116,335921.3,0.1118,91825.8
1753617780590,12:03:00.590,ascendex,AEVO/USDT:USDT,0.1106,271247.7,0.1105,90579.7,0.1116,335921.3,0.1118,91825.8
1753617780817,12:03:00.817,ascendex,AEVO/USDT:USDT,0.1106,271247.7,0.1105,90579.7,0.1116,335921.3,0.1118,91825.8
1753617780992,12:03:00.992,ascendex,AEVO/USDT:USDT,0.1106,271247.7,0.1105,90579.7,0.1116,223914.1,0.1118,91825.8
1753617781539,12:03:01.539,ascendex,AEVO/USDT:USDT,0.1106,90415.9,0.1105,90579.7,0.1116,335921.3,0.1118,91825.8
1753617781789,12:03:01.789,ascendex,AEVO/USDT:USDT,0.1106,90415.9,0.1105,90579.7,0.1116,223914.1,0.1118,91825.8
1753617782402,12:03:02.402,ascendex,AEVO/USDT:USDT,0.1106,90415.9,0.1105,90579.7,0.1116,223914.1,0.1118,91825.8
1753617783004,12:03:03.004,ascendex,AEVO/USDT:USDT,0.1106,90415.9,0.1105,90579.7,0.1116,223914.1,0.1118,91825.8
1753617783687,12:03:03.687,ascendex,AEVO/USDT:USDT,0.1106,90415.9,0.1105,90579.7,0.1116,223914.1,0.1118,91825.8
1753617785254,12:03:05.254,ascendex,AEVO/USDT:USDT,0.1106,90415.9,0.1105,90579.7,0.1116,335921.3,0.1118,91825.8
1753617785639,12:03:05.639,ascendex,AEVO/USDT:USDT,0.1106,90415.9,0.1105,90579.7,0.1116,223914.1,0.1118,91825.8
1753617785874,12:03:05.874,ascendex,AEVO/USDT:USDT,0.1106,90415.9,0.1105,90579.7,0.1116,335921.3,0.1118,91825.8
1753617786243,12:03:06.243,ascendex,AEVO/USDT:USDT,0.1106,90415.9,0.1105,90579.7,0.1116,223914.1,0.1118,91825.8
1753617786439,12:03:06.439,ascendex,AEVO/USDT:USDT,0.1106,90415.9,0.1105,90579.7,0.1116,223914.1,0.1118,91825.8
1753617787065,12:03:07.065,ascendex,AEVO/USDT:USDT,0.1106,90415.9,0.1105,90579.7,0.1116,223914.1,0.1118,91825.8
1753617787523,12:03:07.523,ascendex,AEVO/USDT:USDT,0.1106,90415.9,0.1105,90579.7,0.1116,335921.3,0.1118,91825.8
1753617787857,12:03:07.857,ascendex,AEVO/USDT:USDT,0.1106,90415.9,0.1105,90579.7,0.1116,223914.1,0.1118,91825.8
1753617788115,12:03:08.115,ascendex,AEVO/USDT:USDT,0.1106,90415.9,0.1105,90579.7,0.1116,335921.3,0.1118,91825.8
1753617788301,12:03:08.301,ascendex,AEVO/USDT:USDT,0.1106,90415.9,0.1105,90579.7,0.1116,335921.3,0.1118,91825.8
1753617788685,12:03:08.685,ascendex,AEVO/USDT:USDT,0.1106,90415.9,0.1105,90579.7,0.1116,223914.1,0.1118,91825.8
1753617789323,12:03:09.323,ascendex,AEVO/USDT:USDT,0.1111,900495.3,0.1106,90415.9,0.1116,223914.1,0.1118,91825.8
1753617789881,12:03:09.881,ascendex,AEVO/USDT:USDT,0.1106,90415.9,0.1105,90579.7,0.1116,223914.1,0.1118,91825.8
1753617790343,12:03:10.343,ascendex,AEVO/USDT:USDT,0.1106,90415.9,0.1105,90579.7,0.1116,335921.3,0.1118,91825.8
1753617790553,12:03:10.553,ascendex,AEVO/USDT:USDT,0.1111,900495.3,0.1106,90415.9,0.1116,223914.1,0.1118,91825.8
1753617790976,12:03:10.976,ascendex,AEVO/USDT:USDT,0.1106,90415.9,0.1105,90579.7,0.1116,335921.3,0.1118,91825.8
1753617791109,12:03:11.109,ascendex,AEVO/USDT:USDT,0.1106,90415.9,0.1105,90579.7,0.1116,223914.1,0.1118,91825.8
1753617791538,12:03:11.538,ascendex,AEVO/USDT:USDT,0.1106,90415.9,0.1105,90579.7,0.1116,335921.3,0.1118,91825.8
1753617791922,12:03:11.922,ascendex,AEVO/USDT:USDT,0.1106,90415.9,0.1105,90579.7,0.1116,223914.1,0.1118,91825.8
1753617792116,12:03:12.116,ascendex,AEVO/USDT:USDT,0.1106,90415.9,0.1105,90579.7,0.1116,223914.1,0.1118,91825.8
1753617792574,12:03:12.574,ascendex,AEVO/USDT:USDT,0.1106,90415.9,0.1105,90579.7,0.1116,335921.3,0.1118,91825.8
1753617792750,12:03:12.750,ascendex,AEVO/USDT:USDT,0.1106,90415.9,0.1105,90579.7,0.1116,223914.1,0.1118,91825.8
1753617793181,12:03:13.181,ascendex,AEVO/USDT:USDT,0.1106,90415.9,0.1105,90579.7,0.1116,335921.3,0.1118,91825.8
1753617793320,12:03:13.320,ascendex,AEVO/USDT:USDT,0.1106,90415.9,0.1105,90579.7,0.1116,223914.1,0.1118,91825.8
1753617793790,12:03:13.790,ascendex,AEVO/USDT:USDT,0.1106,90415.9,0.1105,90579.7,0.1116,335921.3,0.1118,91825.8
1753617793930,12:03:13.930,ascendex,AEVO/USDT:USDT,0.1106,90415.9,0.1105,90579.7,0.1116,223914.1,0.1118,91825.8
1753617794761,12:03:14.761,ascendex,AEVO/USDT:USDT,0.1106,90415.9,0.1105,90579.7,0.1116,223914.1,0.1118,91825.8
1753617795113,12:03:15.113,ascendex,AEVO/USDT:USDT,0.1106,90415.9,0.1105,90579.7,0.1116,335921.3,0.1118,91825.8
1753617795195,12:03:15.195,ascendex,AEVO/USDT:USDT,0.1106,90415.9,0.1105,90579.7,0.1116,223914.1,0.1118,91825.8
1753617795686,12:03:15.686,ascendex,AEVO/USDT:USDT,0.1106,90415.9,0.1105,90579.7,0.1116,223914.1,0.1118,91825.8
1753617795883,12:03:15.883,ascendex,AEVO/USDT:USDT,0.1106,271329.5,0.1105,90579.7,0.1116,223914.1,0.1118,91825.8
1753617796301,12:03:16.301,ascendex,AEVO/USDT:USDT,0.1106,180913.6,0.1105,90579.7,0.1116,223914.1,0.1118,91825.8
1753617796607,12:03:16.607,ascendex,AEVO/USDT:USDT,0.1106,180913.6,0.1105,90579.7,0.1116,223914.1,0.1118,91825.8
1753617798058,12:03:18.058,ascendex,AEVO/USDT:USDT,0.1106,180913.6,0.1104,90661.8,0.1116,223914.1,0.1118,91825.8
1753617798519,12:03:18.519,ascendex,AEVO/USDT:USDT,0.1106,180913.6,0.1104,90661.8,0.1116,223914.1,0.1118,91825.8
1753617798719,12:03:18.719,ascendex,AEVO/USDT:USDT,0.1106,180913.6,0.1104,90661.8,0.1116,223914.1,0.1118,91825.8
1753617799207,12:03:19.207,ascendex,AEVO/USDT:USDT,0.1106,180913.6,0.1104,90661.8,0.1116,223914.1,0.1118,91825.8
1753617800211,12:03:20.211,ascendex,AEVO/USDT:USDT,0.1106,180913.6,0.1104,90661.8,0.1116,223914.1,0.1118,91825.8
1753617801442,12:03:21.442,ascendex,AEVO/USDT:USDT,0.1106,180913.6,0.1104,90661.8,0.1116,223914.1,0.1118,91825.8
1753617802774,12:03:22.774,ascendex,AEVO/USDT:USDT,0.1106,180913.6,0.1104,90661.8,0.1111,900495.3,0.1116,223914.1
1753617803237,12:03:23.237,ascendex,AEVO/USDT:USDT,0.1106,180913.6,0.1104,90661.8,0.1116,223914.1,0.1118,91825.8
1753617803982,12:03:23.982,ascendex,AEVO/USDT:USDT,0.1106,180913.6,0.1104,90661.8,0.1111,900495.3,0.1116,223914.1
1753617804525,12:03:24.525,ascendex,AEVO/USDT:USDT,0.1106,180913.6,0.1104,90661.8,0.1116,223914.1,0.1118,91825.8
1753617807438,12:03:27.438,ascendex,AEVO/USDT:USDT,0.1106,180913.6,0.1104,90661.8,0.1116,223914.1,0.1118,91825.8
1753617808641,12:03:28.641,ascendex,AEVO/USDT:USDT,0.1106,180913.6,0.1104,90661.8,0.1116,223914.1,0.1118,91825.8
1753617812766,12:03:32.766,ascendex,AEVO/USDT:USDT,0.1106,180913.6,0.1104,90661.8,0.1116,223914.1,0.1118,91825.8
1753617812982,12:03:32.982,ascendex,AEVO/USDT:USDT,0.1106,180913.6,0.1104,90661.8,0.1116,223914.1,0.1118,91825.8
1753617813388,12:03:33.388,ascendex,AEVO/USDT:USDT,0.1106,271329.5,0.1104,90661.8,0.1116,223914.1,0.1118,91825.8
1753617813637,12:03:33.637,ascendex,AEVO/USDT:USDT,0.1106,180913.6,0.1104,90661.8,0.1116,223914.1,0.1118,91825.8
1753617814018,12:03:34.018,ascendex,AEVO/USDT:USDT,0.1106,271329.5,0.1104,90661.8,0.1116,223914.1,0.1118,91825.8
1753617814426,12:03:34.426,ascendex,AEVO/USDT:USDT,0.1106,180913.6,0.1104,90661.8,0.1116,223914.1,0.1118,91825.8
1753617815809,12:03:35.809,ascendex,AEVO/USDT:USDT,0.1106,271329.5,0.1104,90661.8,0.1116,223914.1,0.1118,91825.8
1753617816285,12:03:36.285,ascendex,AEVO/USDT:USDT,0.1111,899685.1,0.1106,180913.6,0.1116,223914.1,0.1118,91825.8
1753617816428,12:03:36.428,ascendex,AEVO/USDT:USDT,0.1111,899685.1,0.1106,271329.5,0.1116,223914.1,0.1118,91825.8
1753617816807,12:03:36.807,ascendex,AEVO/USDT:USDT,0.1106,180913.6,0.1104,90661.8,0.1116,223914.1,0.1118,91825.8
1753617817260,12:03:37.260,ascendex,AEVO/USDT:USDT,0.1106,180913.6,0.1104,90661.8,0.1116,223914.1,0.1118,91825.8
1753617817522,12:03:37.522,ascendex,AEVO/USDT:USDT,0.1111,899685.1,0.1106,180913.6,0.1116,223914.1,0.1118,91825.8
1753617817831,12:03:37.831,ascendex,AEVO/USDT:USDT,0.1111,899685.1,0.1106,180913.6,0.1116,223914.1,0.1118,91825.8
1753617818007,12:03:38.007,ascendex,AEVO/USDT:USDT,0.1106,180913.6,0.1104,90661.8,0.1116,223914.1,0.1118,91825.8
1753617818480,12:03:38.480,ascendex,AEVO/USDT:USDT,0.1106,271329.5,0.1104,90661.8,0.1116,223914.1,0.1118,91825.8
1753617818657,12:03:38.657,ascendex,AEVO/USDT:USDT,0.1106,180913.6,0.1104,90661.8,0.1116,223914.1,0.1118,91825.8
1753617819080,12:03:39.080,ascendex,AEVO/USDT:USDT,0.1106,180913.6,0.1104,90661.8,0.1116,223914.1,0.1118,91825.8
1753617819479,12:03:39.479,ascendex,AEVO/USDT:USDT,0.1106,271329.5,0.1104,90661.8,0.1116,223914.1,0.1118,91825.8
1753617819693,12:03:39.693,ascendex,AEVO/USDT:USDT,0.1106,180913.6,0.1104,90661.8,0.1116,223914.1,0.1118,91825.8
1753617820316,12:03:40.316,ascendex,AEVO/USDT:USDT,0.1106,271329.5,0.1104,90661.8,0.1116,223914.1,0.1118,91825.8
1753617820705,12:03:40.705,ascendex,AEVO/USDT:USDT,0.1106,271329.5,0.1104,90661.8,0.1116,223914.1,0.1118,91825.8
1753617820921,12:03:40.921,ascendex,AEVO/USDT:USDT,0.1106,271329.5,0.1104,90661.8,0.1116,223914.1,0.1118,91825.8
1753617821320,12:03:41.320,ascendex,AEVO/USDT:USDT,0.1106,271329.5,0.1104,90661.8,0.1116,223914.1,0.1118,91825.8
1753617821493,12:03:41.493,ascendex,AEVO/USDT:USDT,0.1106,180913.6,0.1104,90661.8,0.1116,223914.1,0.1118,91825.8
1753617823152,12:03:43.152,ascendex,AEVO/USDT:USDT,0.1106,271329.5,0.1104,90661.8,0.1116,223914.1,0.1118,91825.8
1753617823519,12:03:43.519,ascendex,AEVO/USDT:USDT,0.1106,180913.6,0.1104,90661.8,0.1116,223914.1,0.1118,91825.8
