timestamp,time,exchange,symbol,bid1_price,bid1_volume,bid2_price,bid2_volume,ask1_price,ask1_volume,ask2_price,ask2_volume
1753617161532,11:52:41.532,huobi,ADA/USDT:USDT,0.823599,122.0,0.823586,27.0,0.8236,160.0,0.823619,48.0
1753617161756,11:52:41.756,huobi,ADA/USDT:USDT,0.823599,122.0,0.823586,27.0,0.8236,253.0,0.823619,48.0
1753617161836,11:52:41.836,huobi,ADA/USDT:USDT,0.823599,122.0,0.823586,27.0,0.8236,253.0,0.823619,48.0
1753617161867,11:52:41.867,huobi,ADA/USDT:USDT,0.823599,122.0,0.823586,27.0,0.8236,253.0,0.823619,48.0
1753617162004,11:52:42.004,huobi,ADA/USDT:USDT,0.823599,122.0,0.823586,27.0,0.8236,253.0,0.823619,48.0
1753617162770,11:52:42.770,huobi,ADA/USDT:USDT,0.823599,122.0,0.823586,27.0,0.8236,253.0,0.823625,300.0
1753617162794,11:52:42.794,huobi,ADA/USDT:USDT,0.823624,27.0,0.823599,27.0,0.823625,300.0,0.823638,327.0
1753617162822,11:52:42.822,huobi,ADA/USDT:USDT,0.823624,120.0,0.823599,27.0,0.823625,300.0,0.823638,327.0
1753617162852,11:52:42.852,huobi,ADA/USDT:USDT,0.823624,120.0,0.823599,27.0,0.823625,300.0,0.823638,327.0
1753617162919,11:52:42.919,huobi,ADA/USDT:USDT,0.823624,120.0,0.823599,27.0,0.823625,300.0,0.823638,327.0
1753617162963,11:52:42.963,huobi,ADA/USDT:USDT,0.823624,120.0,0.823599,27.0,0.823625,300.0,0.823638,327.0
1753617162973,11:52:42.973,huobi,ADA/USDT:USDT,0.823624,120.0,0.823599,27.0,0.823625,300.0,0.823638,327.0
1753617163127,11:52:43.127,huobi,ADA/USDT:USDT,0.823624,120.0,0.823599,27.0,0.823625,300.0,0.823638,327.0
1753617163170,11:52:43.170,huobi,ADA/USDT:USDT,0.823624,120.0,0.823599,27.0,0.823625,300.0,0.823638,327.0
1753617163390,11:52:43.390,huobi,ADA/USDT:USDT,0.823624,120.0,0.823599,27.0,0.823625,300.0,0.823638,300.0
1753617163416,11:52:43.416,huobi,ADA/USDT:USDT,0.823637,27.0,0.823636,93.0,0.823714,122.0,0.823765,95.0
1753617163454,11:52:43.454,huobi,ADA/USDT:USDT,0.823647,93.0,0.823637,27.0,0.823672,300.0,0.823673,93.0
1753617163478,11:52:43.478,huobi,ADA/USDT:USDT,0.823648,27.0,0.823637,27.0,0.823671,93.0,0.823672,300.0
1753617163517,11:52:43.517,huobi,ADA/USDT:USDT,0.823649,93.0,0.823648,27.0,0.82367,300.0,0.823671,93.0
1753617163576,11:52:43.576,huobi,ADA/USDT:USDT,0.823655,93.0,0.82365,27.0,0.82367,300.0,0.823671,93.0
1753617163596,11:52:43.596,huobi,ADA/USDT:USDT,0.823656,27.0,0.82365,27.0,0.82367,300.0,0.823671,93.0
1753617163697,11:52:43.697,huobi,ADA/USDT:USDT,0.823657,93.0,0.823656,27.0,0.82367,300.0,0.823671,93.0
1753617163749,11:52:43.749,huobi,ADA/USDT:USDT,0.823657,93.0,0.823656,27.0,0.82367,300.0,0.823671,93.0
1753617163814,11:52:43.814,huobi,ADA/USDT:USDT,0.823657,93.0,0.823656,27.0,0.82367,300.0,0.823671,93.0
1753617163857,11:52:43.857,huobi,ADA/USDT:USDT,0.823669,120.0,0.823656,27.0,0.82367,300.0,0.823672,300.0
1753617163910,11:52:43.910,huobi,ADA/USDT:USDT,0.823669,120.0,0.823656,27.0,0.82367,300.0,0.823672,300.0
1753617163926,11:52:43.926,huobi,ADA/USDT:USDT,0.823669,120.0,0.823656,27.0,0.82367,300.0,0.823672,300.0
1753617164214,11:52:44.214,huobi,ADA/USDT:USDT,0.823669,120.0,0.823656,27.0,0.82367,300.0,0.823672,300.0
1753617164224,11:52:44.224,huobi,ADA/USDT:USDT,0.823669,120.0,0.823656,27.0,0.823765,95.0,0.823787,106.0
1753617164255,11:52:44.255,huobi,ADA/USDT:USDT,0.823752,93.0,0.823711,27.0,0.823765,95.0,0.823787,106.0
1753617164289,11:52:44.289,huobi,ADA/USDT:USDT,0.823752,93.0,0.823711,27.0,0.823764,300.0,0.823765,95.0
1753617164318,11:52:44.318,huobi,ADA/USDT:USDT,0.823752,93.0,0.823711,27.0,0.823764,300.0,0.823765,95.0
1753617164352,11:52:44.352,huobi,ADA/USDT:USDT,0.823752,93.0,0.823711,27.0,0.823763,93.0,0.823764,300.0
1753617164377,11:52:44.377,huobi,ADA/USDT:USDT,0.823711,27.0,0.82371,93.0,0.823762,300.0,0.823763,93.0
1753617164407,11:52:44.407,huobi,ADA/USDT:USDT,0.823718,93.0,0.823711,27.0,0.823752,300.0,0.823753,93.0
1753617164435,11:52:44.435,huobi,ADA/USDT:USDT,0.823721,93.0,0.823719,27.0,0.823752,300.0,0.823762,300.0
1753617164467,11:52:44.467,huobi,ADA/USDT:USDT,0.823721,93.0,0.823719,27.0,0.823752,300.0,0.823762,300.0
1753617164511,11:52:44.511,huobi,ADA/USDT:USDT,0.823751,93.0,0.823722,27.0,0.823752,300.0,0.823762,300.0
1753617164524,11:52:44.524,huobi,ADA/USDT:USDT,0.823751,93.0,0.823722,27.0,0.823752,300.0,0.823762,300.0
1753617164560,11:52:44.560,huobi,ADA/USDT:USDT,0.823761,27.0,0.823751,93.0,0.823808,95.0,0.82381,197.0
1753617164584,11:52:44.584,huobi,ADA/USDT:USDT,0.823768,93.0,0.823761,27.0,0.823808,95.0,0.82381,197.0
1753617164622,11:52:44.622,huobi,ADA/USDT:USDT,0.823768,93.0,0.823761,27.0,0.823785,93.0,0.823807,300.0
1753617164654,11:52:44.654,huobi,ADA/USDT:USDT,0.823768,93.0,0.823761,27.0,0.823785,93.0,0.823807,300.0
1753617164687,11:52:44.687,huobi,ADA/USDT:USDT,0.823768,93.0,0.823761,27.0,0.823785,93.0,0.823807,300.0
1753617164711,11:52:44.711,huobi,ADA/USDT:USDT,0.823784,120.0,0.823768,93.0,0.823785,93.0,0.823807,300.0
1753617164763,11:52:44.763,huobi,ADA/USDT:USDT,0.823784,120.0,0.823761,27.0,0.823785,93.0,0.823807,300.0
1753617164770,11:52:44.770,huobi,ADA/USDT:USDT,0.823784,120.0,0.823761,27.0,0.823785,93.0,0.823807,300.0
1753617164800,11:52:44.800,huobi,ADA/USDT:USDT,0.823787,93.0,0.823784,27.0,0.823807,300.0,0.82381,197.0
1753617164855,11:52:44.855,huobi,ADA/USDT:USDT,0.823806,93.0,0.823788,27.0,0.823807,300.0,0.82381,197.0
1753617164895,11:52:44.895,huobi,ADA/USDT:USDT,0.823806,93.0,0.823788,27.0,0.823807,300.0,0.82381,197.0
1753617164918,11:52:44.918,huobi,ADA/USDT:USDT,0.823806,93.0,0.823788,27.0,0.823807,300.0,0.82381,197.0
1753617164951,11:52:44.951,huobi,ADA/USDT:USDT,0.823806,93.0,0.823788,27.0,0.823807,300.0,0.82381,197.0
1753617164975,11:52:44.975,huobi,ADA/USDT:USDT,0.823806,93.0,0.823788,27.0,0.823807,300.0,0.82381,197.0
1753617165016,11:52:45.016,huobi,ADA/USDT:USDT,0.823806,93.0,0.823788,27.0,0.823807,300.0,0.82381,197.0
1753617165080,11:52:45.080,huobi,ADA/USDT:USDT,0.823806,93.0,0.823788,27.0,0.823807,300.0,0.82381,197.0
1753617165347,11:52:45.347,huobi,ADA/USDT:USDT,0.823806,93.0,0.823788,27.0,0.823807,300.0,0.82381,197.0
1753617165406,11:52:45.406,huobi,ADA/USDT:USDT,0.823806,93.0,0.823788,27.0,0.823807,300.0,0.82381,197.0
1753617165571,11:52:45.571,huobi,ADA/USDT:USDT,0.823806,93.0,0.823788,27.0,0.823807,300.0,0.82381,197.0
1753617165579,11:52:45.579,huobi,ADA/USDT:USDT,0.823806,93.0,0.823788,27.0,0.823807,300.0,0.82381,197.0
1753617165638,11:52:45.638,huobi,ADA/USDT:USDT,0.823806,93.0,0.823788,27.0,0.823807,300.0,0.82381,197.0
1753617165720,11:52:45.720,huobi,ADA/USDT:USDT,0.823806,93.0,0.823788,27.0,0.823807,300.0,0.82381,197.0
1753617165728,11:52:45.728,huobi,ADA/USDT:USDT,0.823806,93.0,0.823788,27.0,0.823807,300.0,0.82381,197.0
1753617165774,11:52:45.774,huobi,ADA/USDT:USDT,0.823788,27.0,0.823784,27.0,0.823807,300.0,0.82381,197.0
1753617165789,11:52:45.789,huobi,ADA/USDT:USDT,0.823788,27.0,0.823784,27.0,0.823807,300.0,0.82381,197.0
1753617165830,11:52:45.830,huobi,ADA/USDT:USDT,0.823788,27.0,0.823784,27.0,0.823789,93.0,0.823807,300.0
1753617165946,11:52:45.946,huobi,ADA/USDT:USDT,0.823788,27.0,0.823784,27.0,0.823789,93.0,0.823807,300.0
1753617165983,11:52:45.983,huobi,ADA/USDT:USDT,0.823788,27.0,0.823784,27.0,0.823789,93.0,0.823807,300.0
1753617166026,11:52:46.026,huobi,ADA/USDT:USDT,0.823788,27.0,0.823784,27.0,0.823789,93.0,0.823807,300.0
1753617166054,11:52:46.054,huobi,ADA/USDT:USDT,0.823788,27.0,0.823784,27.0,0.823789,93.0,0.823807,300.0
1753617166119,11:52:46.119,huobi,ADA/USDT:USDT,0.823788,27.0,0.823784,27.0,0.823789,93.0,0.823807,300.0
1753617166148,11:52:46.148,huobi,ADA/USDT:USDT,0.823788,27.0,0.823784,27.0,0.823789,93.0,0.823807,300.0
1753617166210,11:52:46.210,huobi,ADA/USDT:USDT,0.823788,27.0,0.823784,27.0,0.823789,93.0,0.823807,300.0
1753617166253,11:52:46.253,huobi,ADA/USDT:USDT,0.823788,27.0,0.823784,27.0,0.823789,93.0,0.823807,300.0
1753617166288,11:52:46.288,huobi,ADA/USDT:USDT,0.823788,27.0,0.823784,27.0,0.823789,93.0,0.823807,300.0
1753617166361,11:52:46.361,huobi,ADA/USDT:USDT,0.823788,27.0,0.823784,27.0,0.823789,93.0,0.823807,300.0
1753617166426,11:52:46.426,huobi,ADA/USDT:USDT,0.823788,27.0,0.823784,27.0,0.823789,93.0,0.823807,300.0
1753617166522,11:52:46.522,huobi,ADA/USDT:USDT,0.823788,27.0,0.823784,27.0,0.823789,93.0,0.823807,300.0
1753617166615,11:52:46.615,huobi,ADA/USDT:USDT,0.823788,27.0,0.823784,27.0,0.823789,93.0,0.823807,300.0
1753617166652,11:52:46.652,huobi,ADA/USDT:USDT,0.823788,27.0,0.823784,27.0,0.823789,93.0,0.823807,300.0
1753617166727,11:52:46.727,huobi,ADA/USDT:USDT,0.823788,27.0,0.823784,27.0,0.823789,93.0,0.823807,300.0
1753617166769,11:52:46.769,huobi,ADA/USDT:USDT,0.823788,27.0,0.823784,27.0,0.823789,93.0,0.823807,300.0
1753617166774,11:52:46.774,huobi,ADA/USDT:USDT,0.823788,27.0,0.823784,27.0,0.823789,93.0,0.823807,300.0
1753617166823,11:52:46.823,huobi,ADA/USDT:USDT,0.823788,27.0,0.823784,27.0,0.823789,93.0,0.823807,300.0
1753617166834,11:52:46.834,huobi,ADA/USDT:USDT,0.823788,27.0,0.823669,93.0,0.823789,173.0,0.823807,300.0
1753617166941,11:52:46.941,huobi,ADA/USDT:USDT,0.823669,93.0,0.823626,859.0,0.823748,93.0,0.823788,27.0
1753617166965,11:52:46.965,huobi,ADA/USDT:USDT,0.823669,93.0,0.823626,859.0,0.823748,93.0,0.823788,27.0
1753617166996,11:52:46.996,huobi,ADA/USDT:USDT,0.823672,64.0,0.823669,93.0,0.823748,93.0,0.823788,27.0
1753617167144,11:52:47.144,huobi,ADA/USDT:USDT,0.823713,93.0,0.823673,27.0,0.823748,93.0,0.823788,27.0
1753617167354,11:52:47.354,huobi,ADA/USDT:USDT,0.823713,93.0,0.823673,27.0,0.823748,93.0,0.823788,27.0
1753617167552,11:52:47.552,huobi,ADA/USDT:USDT,0.823713,93.0,0.823673,27.0,0.823748,93.0,0.823788,27.0
1753617167765,11:52:47.765,huobi,ADA/USDT:USDT,0.823713,93.0,0.823673,27.0,0.823748,93.0,0.823788,27.0
1753617167794,11:52:47.794,huobi,ADA/USDT:USDT,0.823713,93.0,0.823673,27.0,0.823748,93.0,0.823788,27.0
1753617167837,11:52:47.837,huobi,ADA/USDT:USDT,0.823714,27.0,0.823713,93.0,0.823748,93.0,0.823788,27.0
1753617167859,11:52:47.859,huobi,ADA/USDT:USDT,0.823714,27.0,0.823713,93.0,0.823748,93.0,0.823788,27.0
1753617167886,11:52:47.886,huobi,ADA/USDT:USDT,0.823714,27.0,0.823713,93.0,0.823748,93.0,0.823788,27.0
1753617167935,11:52:47.935,huobi,ADA/USDT:USDT,0.823714,27.0,0.823713,93.0,0.823748,93.0,0.823788,27.0
1753617167943,11:52:47.943,huobi,ADA/USDT:USDT,0.823714,27.0,0.823713,93.0,0.823748,93.0,0.823788,27.0
1753617167993,11:52:47.993,huobi,ADA/USDT:USDT,0.823714,27.0,0.823713,93.0,0.823748,93.0,0.823788,27.0
1753617168012,11:52:48.012,huobi,ADA/USDT:USDT,0.823714,27.0,0.823673,27.0,0.823748,93.0,0.823788,27.0
1753617168038,11:52:48.038,huobi,ADA/USDT:USDT,0.823716,27.0,0.823714,27.0,0.823748,93.0,0.823788,27.0
1753617168104,11:52:48.104,huobi,ADA/USDT:USDT,0.823717,93.0,0.823716,27.0,0.823748,93.0,0.823788,27.0
1753617168161,11:52:48.161,huobi,ADA/USDT:USDT,0.823718,27.0,0.823716,27.0,0.823748,93.0,0.823788,27.0
1753617168189,11:52:48.189,huobi,ADA/USDT:USDT,0.823725,93.0,0.823718,27.0,0.823748,93.0,0.823788,27.0
1753617168227,11:52:48.227,huobi,ADA/USDT:USDT,0.823725,93.0,0.823718,27.0,0.823748,93.0,0.823788,27.0
1753617168267,11:52:48.267,huobi,ADA/USDT:USDT,0.823725,93.0,0.823718,27.0,0.823748,93.0,0.823788,27.0
1753617168331,11:52:48.331,huobi,ADA/USDT:USDT,0.823725,93.0,0.823718,27.0,0.823748,93.0,0.823788,27.0
1753617168336,11:52:48.336,huobi,ADA/USDT:USDT,0.823725,93.0,0.823718,27.0,0.823748,93.0,0.823788,27.0
1753617168408,11:52:48.408,huobi,ADA/USDT:USDT,0.823725,93.0,0.823718,27.0,0.823748,93.0,0.823788,27.0
1753617168437,11:52:48.437,huobi,ADA/USDT:USDT,0.823725,93.0,0.823718,27.0,0.823748,93.0,0.823788,27.0
1753617168486,11:52:48.486,huobi,ADA/USDT:USDT,0.823725,93.0,0.823718,27.0,0.823748,93.0,0.823788,27.0
1753617168577,11:52:48.577,huobi,ADA/USDT:USDT,0.823725,93.0,0.823718,27.0,0.823748,93.0,0.823788,27.0
1753617168612,11:52:48.612,huobi,ADA/USDT:USDT,0.823725,93.0,0.823718,27.0,0.823748,93.0,0.823788,27.0
1753617168653,11:52:48.653,huobi,ADA/USDT:USDT,0.823725,93.0,0.823718,27.0,0.823748,93.0,0.823788,27.0
1753617168665,11:52:48.665,huobi,ADA/USDT:USDT,0.823725,93.0,0.823718,27.0,0.823748,93.0,0.823788,27.0
1753617168770,11:52:48.770,huobi,ADA/USDT:USDT,0.823725,93.0,0.823718,27.0,0.823748,93.0,0.823788,27.0
1753617168830,11:52:48.830,huobi,ADA/USDT:USDT,0.823725,93.0,0.823718,27.0,0.823748,93.0,0.823788,27.0
1753617168844,11:52:48.844,huobi,ADA/USDT:USDT,0.823725,93.0,0.823718,27.0,0.823788,27.0,0.823807,300.0
1753617168883,11:52:48.883,huobi,ADA/USDT:USDT,0.823726,120.0,0.823718,27.0,0.823788,27.0,0.823807,300.0
1753617168911,11:52:48.911,huobi,ADA/USDT:USDT,0.823767,93.0,0.823726,120.0,0.823807,300.0,0.82381,197.0
1753617168965,11:52:48.965,huobi,ADA/USDT:USDT,0.823806,93.0,0.823787,27.0,0.823807,300.0,0.82381,197.0
1753617169045,11:52:49.045,huobi,ADA/USDT:USDT,0.823806,93.0,0.823787,27.0,0.823807,300.0,0.82381,197.0
1753617169143,11:52:49.143,huobi,ADA/USDT:USDT,0.823806,93.0,0.823787,27.0,0.823807,300.0,0.82381,197.0
1753617169152,11:52:49.152,huobi,ADA/USDT:USDT,0.823806,93.0,0.823787,27.0,0.823807,300.0,0.82381,197.0
1753617169258,11:52:49.258,huobi,ADA/USDT:USDT,0.823806,93.0,0.823787,27.0,0.823807,300.0,0.82381,197.0
1753617169283,11:52:49.283,huobi,ADA/USDT:USDT,0.823806,93.0,0.823787,27.0,0.823807,300.0,0.82381,197.0
1753617169294,11:52:49.294,huobi,ADA/USDT:USDT,0.823806,93.0,0.823787,27.0,0.823807,300.0,0.82381,197.0
1753617169341,11:52:49.341,huobi,ADA/USDT:USDT,0.823806,93.0,0.823787,27.0,0.823807,300.0,0.82381,197.0
1753617169478,11:52:49.478,huobi,ADA/USDT:USDT,0.823806,93.0,0.823787,27.0,0.823807,300.0,0.82381,197.0
1753617169559,11:52:49.559,huobi,ADA/USDT:USDT,0.823806,93.0,0.823787,27.0,0.823807,300.0,0.82381,197.0
1753617169587,11:52:49.587,huobi,ADA/USDT:USDT,0.823806,93.0,0.823787,27.0,0.823807,300.0,0.82381,197.0
1753617169754,11:52:49.754,huobi,ADA/USDT:USDT,0.823806,93.0,0.823787,27.0,0.823807,300.0,0.82381,197.0
1753617169786,11:52:49.786,huobi,ADA/USDT:USDT,0.823806,93.0,0.823787,27.0,0.823807,300.0,0.82381,197.0
1753617169861,11:52:49.861,huobi,ADA/USDT:USDT,0.823806,93.0,0.823787,27.0,0.823807,300.0,0.82381,197.0
1753617169898,11:52:49.898,huobi,ADA/USDT:USDT,0.823806,93.0,0.823787,27.0,0.823807,300.0,0.82381,197.0
1753617169988,11:52:49.988,huobi,ADA/USDT:USDT,0.823806,93.0,0.823787,27.0,0.823807,300.0,0.82381,197.0
1753617170143,11:52:50.143,huobi,ADA/USDT:USDT,0.823806,93.0,0.823787,27.0,0.823807,348.0,0.82381,197.0
1753617170167,11:52:50.167,huobi,ADA/USDT:USDT,0.823726,120.0,0.823669,93.0,0.823788,283.0,0.823807,300.0
1753617170211,11:52:50.211,huobi,ADA/USDT:USDT,0.823726,120.0,0.823669,93.0,0.823747,93.0,0.823788,123.0
1753617170225,11:52:50.225,huobi,ADA/USDT:USDT,0.823727,93.0,0.823726,27.0,0.823747,93.0,0.823788,123.0
1753617170296,11:52:50.296,huobi,ADA/USDT:USDT,0.823726,27.0,0.823669,93.0,0.823747,93.0,0.823788,123.0
1753617170366,11:52:50.366,huobi,ADA/USDT:USDT,0.823726,27.0,0.823669,93.0,0.823747,93.0,0.823788,123.0
1753617170377,11:52:50.377,huobi,ADA/USDT:USDT,0.823746,93.0,0.823726,27.0,0.823747,93.0,0.823788,123.0
1753617170406,11:52:50.406,huobi,ADA/USDT:USDT,0.823747,27.0,0.823746,93.0,0.823788,27.0,0.823807,300.0
1753617170439,11:52:50.439,huobi,ADA/USDT:USDT,0.823782,93.0,0.823747,27.0,0.823788,27.0,0.823807,300.0
1753617170502,11:52:50.502,huobi,ADA/USDT:USDT,0.823782,93.0,0.823747,27.0,0.823788,27.0,0.823807,300.0
1753617170511,11:52:50.511,huobi,ADA/USDT:USDT,0.823782,93.0,0.823747,27.0,0.823788,27.0,0.823807,300.0
1753617170564,11:52:50.564,huobi,ADA/USDT:USDT,0.823782,93.0,0.823747,27.0,0.823788,27.0,0.823807,300.0
1753617170666,11:52:50.666,huobi,ADA/USDT:USDT,0.823782,93.0,0.823747,27.0,0.823788,27.0,0.823807,300.0
1753617170694,11:52:50.694,huobi,ADA/USDT:USDT,0.823782,93.0,0.823747,27.0,0.823788,27.0,0.823807,300.0
1753617170737,11:52:50.737,huobi,ADA/USDT:USDT,0.823782,93.0,0.823747,27.0,0.823807,300.0,0.82381,197.0
1753617170778,11:52:50.778,huobi,ADA/USDT:USDT,0.823806,93.0,0.823787,27.0,0.823807,300.0,0.82381,197.0
1753617170901,11:52:50.901,huobi,ADA/USDT:USDT,0.823806,93.0,0.823787,27.0,0.823807,300.0,0.82381,197.0
1753617171094,11:52:51.094,huobi,ADA/USDT:USDT,0.823806,93.0,0.823787,27.0,0.823807,300.0,0.82381,197.0
1753617171142,11:52:51.142,huobi,ADA/USDT:USDT,0.823806,93.0,0.823787,27.0,0.823807,300.0,0.82381,197.0
1753617171228,11:52:51.228,huobi,ADA/USDT:USDT,0.823806,93.0,0.823787,27.0,0.823807,300.0,0.82381,197.0
1753617171251,11:52:51.251,huobi,ADA/USDT:USDT,0.823806,93.0,0.823787,27.0,0.823807,300.0,0.82381,197.0
1753617171408,11:52:51.408,huobi,ADA/USDT:USDT,0.823806,93.0,0.823787,27.0,0.823807,300.0,0.82381,197.0
1753617171458,11:52:51.458,huobi,ADA/USDT:USDT,0.823806,93.0,0.823787,27.0,0.823807,300.0,0.82381,197.0
1753617171511,11:52:51.511,huobi,ADA/USDT:USDT,0.823806,93.0,0.823787,27.0,0.823807,300.0,0.82381,197.0
1753617171584,11:52:51.584,huobi,ADA/USDT:USDT,0.823806,93.0,0.823787,27.0,0.823807,300.0,0.82381,197.0
1753617171604,11:52:51.604,huobi,ADA/USDT:USDT,0.823806,93.0,0.823787,27.0,0.823925,64.0,0.823934,80.0
1753617171635,11:52:51.635,huobi,ADA/USDT:USDT,0.823806,93.0,0.823787,27.0,0.823923,96.0,0.823924,300.0
1753617171668,11:52:51.668,huobi,ADA/USDT:USDT,0.823848,96.0,0.823807,27.0,0.823922,300.0,0.823923,96.0
1753617171695,11:52:51.695,huobi,ADA/USDT:USDT,0.823849,27.0,0.823848,96.0,0.823922,300.0,0.823924,300.0
1753617171738,11:52:51.738,huobi,ADA/USDT:USDT,0.82389,96.0,0.823849,27.0,0.823922,300.0,0.823977,93.0
1753617171765,11:52:51.765,huobi,ADA/USDT:USDT,0.823932,96.0,0.823891,27.0,0.823977,93.0,0.823999,197.0
1753617171790,11:52:51.790,huobi,ADA/USDT:USDT,0.823932,96.0,0.823891,27.0,0.823976,300.0,0.823977,93.0
1753617171820,11:52:51.820,huobi,ADA/USDT:USDT,0.823976,27.0,0.823932,96.0,0.823977,93.0,0.823999,197.0
1753617171852,11:52:51.852,huobi,ADA/USDT:USDT,0.823976,27.0,0.823932,96.0,0.823977,93.0,0.823999,197.0
1753617171894,11:52:51.894,huobi,ADA/USDT:USDT,0.823976,27.0,0.823932,96.0,0.823977,93.0,0.823999,197.0
1753617171911,11:52:51.911,huobi,ADA/USDT:USDT,0.823976,27.0,0.823932,96.0,0.823977,93.0,0.823999,197.0
1753617171934,11:52:51.934,huobi,ADA/USDT:USDT,0.823976,27.0,0.823932,96.0,0.823977,93.0,0.823999,197.0
1753617172023,11:52:52.023,huobi,ADA/USDT:USDT,0.823976,27.0,0.823932,96.0,0.823977,93.0,0.823999,197.0
1753617172036,11:52:52.036,huobi,ADA/USDT:USDT,0.823976,27.0,0.823932,96.0,0.823977,93.0,0.823999,197.0
1753617172064,11:52:52.064,huobi,ADA/USDT:USDT,0.823976,27.0,0.823932,96.0,0.823977,93.0,0.823999,197.0
1753617172093,11:52:52.093,huobi,ADA/USDT:USDT,0.823976,27.0,0.823932,96.0,0.823977,93.0,0.823999,197.0
1753617172152,11:52:52.152,huobi,ADA/USDT:USDT,0.823976,27.0,0.823932,96.0,0.823977,93.0,0.823999,197.0
1753617172360,11:52:52.360,huobi,ADA/USDT:USDT,0.823976,123.0,0.823932,96.0,0.823977,93.0,0.823999,197.0
1753617172408,11:52:52.408,huobi,ADA/USDT:USDT,0.823976,27.0,0.823932,96.0,0.823977,93.0,0.823999,197.0
1753617172425,11:52:52.425,huobi,ADA/USDT:USDT,0.823976,27.0,0.823932,96.0,0.823977,93.0,0.823999,197.0
1753617172575,11:52:52.575,huobi,ADA/USDT:USDT,0.823976,123.0,0.823932,96.0,0.823977,93.0,0.823999,197.0
1753617172798,11:52:52.798,huobi,ADA/USDT:USDT,0.823976,27.0,0.823932,96.0,0.823977,173.0,0.823999,197.0
1753617172804,11:52:52.804,huobi,ADA/USDT:USDT,0.823976,27.0,0.823932,96.0,0.823977,473.0,0.823999,197.0
1753617172841,11:52:52.841,huobi,ADA/USDT:USDT,0.823891,27.0,0.82389,96.0,0.823956,64.0,0.823966,128.0
1753617172866,11:52:52.866,huobi,ADA/USDT:USDT,0.823893,96.0,0.823891,27.0,0.823955,107.0,0.823956,64.0
1753617173118,11:52:53.118,huobi,ADA/USDT:USDT,0.823893,96.0,0.823891,27.0,0.823936,96.0,0.823948,64.0
1753617173136,11:52:53.136,huobi,ADA/USDT:USDT,0.823893,96.0,0.823891,27.0,0.823936,96.0,0.823948,64.0
1753617173498,11:52:53.498,huobi,ADA/USDT:USDT,0.823893,96.0,0.823891,27.0,0.823935,27.0,0.823936,96.0
1753617173525,11:52:53.525,huobi,ADA/USDT:USDT,0.823806,93.0,0.823778,859.0,0.823893,80.0,0.823894,96.0
1753617173560,11:52:53.560,huobi,ADA/USDT:USDT,0.823807,27.0,0.823806,93.0,0.823853,96.0,0.823892,48.0
1753617173584,11:52:53.584,huobi,ADA/USDT:USDT,0.823807,27.0,0.823778,859.0,0.823852,80.0,0.823853,96.0
1753617173621,11:52:53.621,huobi,ADA/USDT:USDT,0.823807,27.0,0.823778,859.0,0.823808,256.0,0.823851,64.0
1753617173648,11:52:53.648,huobi,ADA/USDT:USDT,0.823807,27.0,0.823778,859.0,0.823808,256.0,0.823851,64.0
1753617173678,11:52:53.678,huobi,ADA/USDT:USDT,0.823807,27.0,0.823778,859.0,0.823808,256.0,0.823851,64.0
1753617173781,11:52:53.781,huobi,ADA/USDT:USDT,0.823778,859.0,0.823669,93.0,0.823808,256.0,0.823851,64.0
1753617173794,11:52:53.794,huobi,ADA/USDT:USDT,0.823778,859.0,0.823669,93.0,0.823779,123.0,0.823808,160.0
1753617173834,11:52:53.834,huobi,ADA/USDT:USDT,0.823669,93.0,0.823627,96.0,0.823779,219.0,0.823851,64.0
1753617173857,11:52:53.857,huobi,ADA/USDT:USDT,0.823711,96.0,0.823705,859.0,0.823771,96.0,0.823779,123.0
1753617173906,11:52:53.906,huobi,ADA/USDT:USDT,0.823712,27.0,0.823711,96.0,0.823771,96.0,0.823779,123.0
1753617173919,11:52:53.919,huobi,ADA/USDT:USDT,0.823712,27.0,0.823711,96.0,0.823771,96.0,0.823779,27.0
1753617173961,11:52:53.961,huobi,ADA/USDT:USDT,0.823751,96.0,0.823712,27.0,0.823815,96.0,0.823851,64.0
1753617173980,11:52:53.980,huobi,ADA/USDT:USDT,0.823752,27.0,0.823712,27.0,0.823815,96.0,0.823851,64.0
1753617174050,11:52:54.050,huobi,ADA/USDT:USDT,0.82377,96.0,0.823752,27.0,0.823815,96.0,0.823852,300.0
1753617174075,11:52:54.075,huobi,ADA/USDT:USDT,0.823812,96.0,0.823771,27.0,0.823815,96.0,0.823852,300.0
1753617174457,11:52:54.457,huobi,ADA/USDT:USDT,0.823771,27.0,0.82377,96.0,0.823815,96.0,0.823852,300.0
1753617174579,11:52:54.579,huobi,ADA/USDT:USDT,0.823771,27.0,0.82377,96.0,0.823815,96.0,0.823852,300.0
1753617174637,11:52:54.637,huobi,ADA/USDT:USDT,0.823771,27.0,0.823752,27.0,0.823815,96.0,0.823852,300.0
1753617174705,11:52:54.705,huobi,ADA/USDT:USDT,0.823771,27.0,0.823752,27.0,0.823815,96.0,0.823852,300.0
1753617175607,11:52:55.607,huobi,ADA/USDT:USDT,0.823771,27.0,0.823752,27.0,0.823815,96.0,0.823852,300.0
1753617175629,11:52:55.629,huobi,ADA/USDT:USDT,0.823771,27.0,0.823752,27.0,0.823814,107.0,0.823815,96.0
1753617175804,11:52:55.804,huobi,ADA/USDT:USDT,0.823771,27.0,0.823752,27.0,0.823773,96.0,0.823814,27.0
1753617176166,11:52:56.166,huobi,ADA/USDT:USDT,0.823771,123.0,0.823752,27.0,0.823773,96.0,0.823814,27.0
1753617176229,11:52:56.229,huobi,ADA/USDT:USDT,0.823772,96.0,0.823771,27.0,0.823814,27.0,0.823815,96.0
1753617176254,11:52:56.254,huobi,ADA/USDT:USDT,0.823813,96.0,0.823773,27.0,0.823814,27.0,0.823815,96.0
1753617176691,11:52:56.691,huobi,ADA/USDT:USDT,0.823813,96.0,0.823773,27.0,0.823815,96.0,0.823852,300.0
1753617177122,11:52:57.122,huobi,ADA/USDT:USDT,0.823814,27.0,0.823773,27.0,0.823815,96.0,0.823852,300.0
1753617177128,11:52:57.128,huobi,ADA/USDT:USDT,0.823814,123.0,0.823773,27.0,0.823815,96.0,0.823852,300.0
1753617177280,11:52:57.280,huobi,ADA/USDT:USDT,0.823814,123.0,0.823773,27.0,0.823815,96.0,0.823852,300.0
1753617177388,11:52:57.388,huobi,ADA/USDT:USDT,0.823814,123.0,0.823773,27.0,0.823815,96.0,0.823852,300.0
1753617177886,11:52:57.886,huobi,ADA/USDT:USDT,0.823814,27.0,0.823773,27.0,0.823815,96.0,0.823852,300.0
1753617177959,11:52:57.959,huobi,ADA/USDT:USDT,0.823814,27.0,0.823773,27.0,0.823815,96.0,0.823852,300.0
1753617177989,11:52:57.989,huobi,ADA/USDT:USDT,0.823814,27.0,0.823773,27.0,0.823815,96.0,0.823852,300.0
1753617178685,11:52:58.685,huobi,ADA/USDT:USDT,0.823814,27.0,0.823773,27.0,0.823815,96.0,0.823852,300.0
1753617179184,11:52:59.184,huobi,ADA/USDT:USDT,0.823814,27.0,0.823773,27.0,0.823815,176.0,0.823852,300.0
1753617179196,11:52:59.196,huobi,ADA/USDT:USDT,0.823711,96.0,0.823705,859.0,0.823815,144.0,0.823852,300.0
1753617179234,11:52:59.234,huobi,ADA/USDT:USDT,0.823711,96.0,0.823705,859.0,0.823744,96.0,0.823774,203.0
1753617179320,11:52:59.320,huobi,ADA/USDT:USDT,0.823711,96.0,0.823705,859.0,0.823744,96.0,0.823774,123.0
1753617179531,11:52:59.531,huobi,ADA/USDT:USDT,0.823711,96.0,0.823627,96.0,0.823744,96.0,0.823774,123.0
1753617179560,11:52:59.560,huobi,ADA/USDT:USDT,0.823661,859.0,0.823637,64.0,0.823743,80.0,0.823744,96.0
1753617179593,11:52:59.593,huobi,ADA/USDT:USDT,0.823675,96.0,0.823661,859.0,0.823743,80.0,0.823774,123.0
1753617180060,11:53:00.060,huobi,ADA/USDT:USDT,0.823675,96.0,0.823661,859.0,0.823712,96.0,0.823774,123.0
1753617180065,11:53:00.065,huobi,ADA/USDT:USDT,0.823661,859.0,0.823637,64.0,0.823712,96.0,0.823774,123.0
1753617180101,11:53:00.101,huobi,ADA/USDT:USDT,0.823661,859.0,0.823628,27.0,0.82367,96.0,0.823712,123.0
1753617180170,11:53:00.170,huobi,ADA/USDT:USDT,0.823661,859.0,0.823628,27.0,0.82367,96.0,0.823712,123.0
1753617180183,11:53:00.183,huobi,ADA/USDT:USDT,0.823661,859.0,0.823628,27.0,0.82367,96.0,0.823712,123.0
1753617180271,11:53:00.271,huobi,ADA/USDT:USDT,0.823661,859.0,0.823628,27.0,0.823662,80.0,0.82367,96.0
1753617180275,11:53:00.275,huobi,ADA/USDT:USDT,0.823661,859.0,0.823628,27.0,0.823662,160.0,0.82367,96.0
1753617180314,11:53:00.314,huobi,ADA/USDT:USDT,0.823628,27.0,0.8236,197.0,0.823629,96.0,0.823662,160.0
1753617180341,11:53:00.341,huobi,ADA/USDT:USDT,0.823628,27.0,0.823585,93.0,0.823629,96.0,0.823712,123.0
1753617180378,11:53:00.378,huobi,ADA/USDT:USDT,0.823459,96.0,0.823401,93.0,0.823628,27.0,0.823629,96.0
1753617180398,11:53:00.398,huobi,ADA/USDT:USDT,0.823469,64.0,0.823411,64.0,0.823588,96.0,0.823628,27.0
1753617180425,11:53:00.425,huobi,ADA/USDT:USDT,0.823502,27.0,0.823501,96.0,0.823588,96.0,0.823628,27.0
1753617180457,11:53:00.457,huobi,ADA/USDT:USDT,0.823513,96.0,0.823502,27.0,0.823588,96.0,0.823628,27.0
1753617180528,11:53:00.528,huobi,ADA/USDT:USDT,0.823514,859.0,0.823513,96.0,0.823588,96.0,0.823628,27.0
1753617180545,11:53:00.545,huobi,ADA/USDT:USDT,0.823515,27.0,0.823514,859.0,0.823588,96.0,0.823628,27.0
1753617180593,11:53:00.593,huobi,ADA/USDT:USDT,0.823555,96.0,0.823515,91.0,0.823588,96.0,0.823628,27.0
1753617180606,11:53:00.606,huobi,ADA/USDT:USDT,0.823556,27.0,0.823515,91.0,0.823588,96.0,0.823628,27.0
1753617180757,11:53:00.757,huobi,ADA/USDT:USDT,0.823587,96.0,0.823556,27.0,0.823588,96.0,0.823628,27.0
1753617181082,11:53:01.082,huobi,ADA/USDT:USDT,0.823587,96.0,0.823556,27.0,0.823588,96.0,0.823628,27.0
1753617181083,11:53:01.083,huobi,ADA/USDT:USDT,0.823587,96.0,0.823556,27.0,0.823588,96.0,0.823628,27.0
1753617181501,11:53:01.501,huobi,ADA/USDT:USDT,0.823587,96.0,0.823556,27.0,0.823588,96.0,0.823628,27.0
1753617181520,11:53:01.520,huobi,ADA/USDT:USDT,0.823587,96.0,0.823556,27.0,0.823588,96.0,0.823628,27.0
1753617181604,11:53:01.604,huobi,ADA/USDT:USDT,0.823587,96.0,0.823556,27.0,0.823628,27.0,0.823629,96.0
1753617181623,11:53:01.623,huobi,ADA/USDT:USDT,0.823601,93.0,0.823588,27.0,0.823628,27.0,0.823629,96.0
1753617181654,11:53:01.654,huobi,ADA/USDT:USDT,0.823601,93.0,0.823588,27.0,0.823622,93.0,0.823628,27.0
1753617181761,11:53:01.761,huobi,ADA/USDT:USDT,0.823601,93.0,0.823588,27.0,0.823622,93.0,0.823628,27.0
1753617181931,11:53:01.931,huobi,ADA/USDT:USDT,0.823602,27.0,0.823601,93.0,0.823622,93.0,0.823628,27.0
1753617181970,11:53:01.970,huobi,ADA/USDT:USDT,0.823602,27.0,0.823601,93.0,0.823622,93.0,0.823628,27.0
1753617182069,11:53:02.069,huobi,ADA/USDT:USDT,0.823602,27.0,0.823588,27.0,0.823622,93.0,0.823628,27.0
1753617182074,11:53:02.074,huobi,ADA/USDT:USDT,0.823621,27.0,0.823602,27.0,0.823622,93.0,0.823712,123.0
1753617182112,11:53:02.112,huobi,ADA/USDT:USDT,0.823662,93.0,0.823626,64.0,0.823726,300.0,0.823774,123.0
1753617182135,11:53:02.135,huobi,ADA/USDT:USDT,0.823662,93.0,0.823626,64.0,0.823768,93.0,0.823774,123.0
1753617182164,11:53:02.164,huobi,ADA/USDT:USDT,0.823725,27.0,0.823662,93.0,0.823872,859.0,0.823894,96.0
1753617182194,11:53:02.194,huobi,ADA/USDT:USDT,0.823766,93.0,0.823736,27.0,0.823892,64.0,0.823893,300.0
1753617182225,11:53:02.225,huobi,ADA/USDT:USDT,0.82377,64.0,0.823766,93.0,0.823891,300.0,0.823894,96.0
1753617182256,11:53:02.256,huobi,ADA/USDT:USDT,0.823816,64.0,0.823812,27.0,0.823967,64.0,0.823977,93.0
1753617182287,11:53:02.287,huobi,ADA/USDT:USDT,0.823857,93.0,0.823816,64.0,0.823933,93.0,0.823958,300.0
1753617182317,11:53:02.317,huobi,ADA/USDT:USDT,0.823858,27.0,0.823857,93.0,0.823933,93.0,0.823958,300.0
1753617182361,11:53:02.361,huobi,ADA/USDT:USDT,0.823893,93.0,0.823858,27.0,0.823933,93.0,0.823958,300.0
1753617182374,11:53:02.374,huobi,ADA/USDT:USDT,0.823894,27.0,0.823893,93.0,0.823933,93.0,0.823958,300.0
1753617182404,11:53:02.404,huobi,ADA/USDT:USDT,0.823906,93.0,0.823894,27.0,0.823933,93.0,0.823958,300.0
1753617182467,11:53:02.467,huobi,ADA/USDT:USDT,0.823906,93.0,0.823894,27.0,0.823933,93.0,0.823958,300.0
1753617182503,11:53:02.503,huobi,ADA/USDT:USDT,0.823907,27.0,0.823894,27.0,0.823933,93.0,0.823958,300.0
1753617182523,11:53:02.523,huobi,ADA/USDT:USDT,0.823912,93.0,0.823907,27.0,0.823933,93.0,0.823958,300.0
1753617182577,11:53:02.577,huobi,ADA/USDT:USDT,0.823932,27.0,0.823912,93.0,0.823933,93.0,0.823958,300.0
1753617182600,11:53:02.600,huobi,ADA/USDT:USDT,0.823932,27.0,0.823907,27.0,0.823933,93.0,0.823958,300.0
1753617182619,11:53:02.619,huobi,ADA/USDT:USDT,0.823932,120.0,0.823907,27.0,0.823999,197.0,0.824019,93.0
1753617182645,11:53:02.645,huobi,ADA/USDT:USDT,0.823973,93.0,0.823932,120.0,0.824019,93.0,0.824028,300.0
1753617182676,11:53:02.676,huobi,ADA/USDT:USDT,0.824,93.0,0.823998,27.0,0.824024,93.0,0.824095,96.0
1753617182709,11:53:02.709,huobi,ADA/USDT:USDT,0.824,93.0,0.823998,27.0,0.824044,93.0,0.824051,300.0
1753617182755,11:53:02.755,huobi,ADA/USDT:USDT,0.824,93.0,0.823998,27.0,0.824044,93.0,0.824051,300.0
1753617182785,11:53:02.785,huobi,ADA/USDT:USDT,0.824,93.0,0.823998,27.0,0.824044,93.0,0.824051,300.0
1753617182800,11:53:02.800,huobi,ADA/USDT:USDT,0.824043,120.0,0.824,93.0,0.824044,93.0,0.824051,300.0
1753617182902,11:53:02.902,huobi,ADA/USDT:USDT,0.824043,27.0,0.824,93.0,0.824051,300.0,0.824084,27.0
1753617182940,11:53:02.940,huobi,ADA/USDT:USDT,0.82405,27.0,0.824043,27.0,0.824051,300.0,0.824084,27.0
1753617182952,11:53:02.952,huobi,ADA/USDT:USDT,0.82405,27.0,0.824049,93.0,0.824051,300.0,0.824084,27.0
1753617182976,11:53:02.976,huobi,ADA/USDT:USDT,0.82405,120.0,0.824043,27.0,0.824051,300.0,0.824084,27.0
1753617183021,11:53:03.021,huobi,ADA/USDT:USDT,0.82405,120.0,0.824043,27.0,0.824051,300.0,0.824084,27.0
1753617183035,11:53:03.035,huobi,ADA/USDT:USDT,0.82405,120.0,0.824043,27.0,0.824084,27.0,0.824095,96.0
1753617183071,11:53:03.071,huobi,ADA/USDT:USDT,0.824068,93.0,0.82405,27.0,0.824081,93.0,0.824084,27.0
1753617183116,11:53:03.116,huobi,ADA/USDT:USDT,0.824069,27.0,0.824068,93.0,0.824081,93.0,0.824084,27.0
1753617183124,11:53:03.124,huobi,ADA/USDT:USDT,0.824069,27.0,0.824068,93.0,0.824081,93.0,0.824084,27.0
1753617183153,11:53:03.153,huobi,ADA/USDT:USDT,0.824069,27.0,0.824068,93.0,0.824081,93.0,0.824084,27.0
1753617183346,11:53:03.346,huobi,ADA/USDT:USDT,0.824069,27.0,0.82405,27.0,0.824081,93.0,0.824084,27.0
1753617183372,11:53:03.372,huobi,ADA/USDT:USDT,0.824079,93.0,0.824069,27.0,0.824136,300.0,0.824137,93.0
1753617183397,11:53:03.397,huobi,ADA/USDT:USDT,0.824079,93.0,0.824069,27.0,0.824136,300.0,0.824141,300.0
1753617183493,11:53:03.493,huobi,ADA/USDT:USDT,0.824135,120.0,0.824079,93.0,0.824256,93.0,0.824312,197.0
1753617183494,11:53:03.494,huobi,ADA/USDT:USDT,0.824135,27.0,0.82408,27.0,0.824246,64.0,0.824255,380.0
1753617183494,11:53:03.494,huobi,ADA/USDT:USDT,0.824135,27.0,0.82408,27.0,0.824195,64.0,0.824205,93.0
1753617183519,11:53:03.519,huobi,ADA/USDT:USDT,0.824135,27.0,0.82408,27.0,0.824195,93.0,0.824245,327.0
1753617183571,11:53:03.571,huobi,ADA/USDT:USDT,0.824176,93.0,0.824135,27.0,0.824194,93.0,0.824235,64.0
1753617183574,11:53:03.574,huobi,ADA/USDT:USDT,0.824193,27.0,0.824176,93.0,0.824235,64.0,0.824245,327.0
1753617183603,11:53:03.603,huobi,ADA/USDT:USDT,0.824193,120.0,0.824176,93.0,0.824312,197.0,0.824362,95.0
1753617183638,11:53:03.638,huobi,ADA/USDT:USDT,0.824235,27.0,0.824234,93.0,0.824308,64.0,0.824311,300.0
1753617183664,11:53:03.664,huobi,ADA/USDT:USDT,0.824276,93.0,0.824235,27.0,0.824305,64.0,0.824311,300.0
1753617183699,11:53:03.699,huobi,ADA/USDT:USDT,0.824277,27.0,0.824276,93.0,0.824302,64.0,0.824404,93.0
1753617183729,11:53:03.729,huobi,ADA/USDT:USDT,0.824301,93.0,0.824277,27.0,0.824394,64.0,0.824403,48.0
1753617183757,11:53:03.757,huobi,ADA/USDT:USDT,0.824301,93.0,0.824277,27.0,0.824394,64.0,0.824403,48.0
1753617183789,11:53:03.789,huobi,ADA/USDT:USDT,0.824301,93.0,0.824277,27.0,0.824393,48.0,0.824394,64.0
1753617183814,11:53:03.814,huobi,ADA/USDT:USDT,0.824343,93.0,0.824303,64.0,0.824394,64.0,0.824488,93.0
1753617183847,11:53:03.847,huobi,ADA/USDT:USDT,0.824352,64.0,0.824344,27.0,0.824485,64.0,0.824502,300.0
1753617183884,11:53:03.884,huobi,ADA/USDT:USDT,0.824393,93.0,0.824352,64.0,0.824485,64.0,0.824487,300.0
1753617183907,11:53:03.907,huobi,ADA/USDT:USDT,0.824394,27.0,0.824393,93.0,0.824485,64.0,0.824487,300.0
1753617183941,11:53:03.941,huobi,ADA/USDT:USDT,0.824435,93.0,0.824394,27.0,0.824487,300.0,0.824572,93.0
1753617183963,11:53:03.963,huobi,ADA/USDT:USDT,0.824435,93.0,0.824394,27.0,0.824546,859.0,0.824562,64.0
1753617183999,11:53:03.999,huobi,ADA/USDT:USDT,0.824435,93.0,0.824394,27.0,0.824533,48.0,0.824534,93.0
1753617184027,11:53:04.027,huobi,ADA/USDT:USDT,0.824435,93.0,0.824394,27.0,0.824524,64.0,0.824532,93.0
1753617184070,11:53:04.070,huobi,ADA/USDT:USDT,0.824435,93.0,0.824394,27.0,0.824524,64.0,0.824533,48.0
1753617184089,11:53:04.089,huobi,ADA/USDT:USDT,0.824435,93.0,0.824394,27.0,0.824524,64.0,0.824533,48.0
1753617184115,11:53:04.115,huobi,ADA/USDT:USDT,0.824435,93.0,0.824394,27.0,0.824524,64.0,0.824533,48.0
1753617184159,11:53:04.159,huobi,ADA/USDT:USDT,0.824435,93.0,0.824394,27.0,0.824524,64.0,0.824533,48.0
1753617184175,11:53:04.175,huobi,ADA/USDT:USDT,0.824477,93.0,0.824436,27.0,0.824533,48.0,0.824571,27.0
1753617184220,11:53:04.220,huobi,ADA/USDT:USDT,0.824477,93.0,0.824436,27.0,0.824533,48.0,0.824571,27.0
1753617184236,11:53:04.236,huobi,ADA/USDT:USDT,0.824478,27.0,0.824477,93.0,0.824533,48.0,0.824571,27.0
1753617184272,11:53:04.272,huobi,ADA/USDT:USDT,0.824519,93.0,0.824478,27.0,0.824533,48.0,0.824571,27.0
1753617184296,11:53:04.296,huobi,ADA/USDT:USDT,0.824519,93.0,0.824478,27.0,0.824533,48.0,0.824571,27.0
1753617184342,11:53:04.342,huobi,ADA/USDT:USDT,0.824519,93.0,0.824478,27.0,0.824533,48.0,0.824571,27.0
1753617184387,11:53:04.387,huobi,ADA/USDT:USDT,0.824519,93.0,0.824478,27.0,0.824533,48.0,0.824571,27.0
1753617184421,11:53:04.421,huobi,ADA/USDT:USDT,0.824478,27.0,0.824477,93.0,0.82452,123.0,0.82453,93.0
1753617184443,11:53:04.443,huobi,ADA/USDT:USDT,0.824478,27.0,0.824477,93.0,0.824489,93.0,0.824518,48.0
1753617184482,11:53:04.482,huobi,ADA/USDT:USDT,0.824478,27.0,0.824477,93.0,0.824489,93.0,0.824517,64.0
1753617184524,11:53:04.524,huobi,ADA/USDT:USDT,0.824478,27.0,0.824477,93.0,0.824489,93.0,0.824517,64.0
1753617184553,11:53:04.553,huobi,ADA/USDT:USDT,0.824478,27.0,0.824477,93.0,0.824489,93.0,0.824517,64.0
1753617184719,11:53:04.719,huobi,ADA/USDT:USDT,0.82448,93.0,0.824478,27.0,0.824489,93.0,0.824517,64.0
1753617184831,11:53:04.831,huobi,ADA/USDT:USDT,0.82448,93.0,0.824478,27.0,0.824489,93.0,0.824517,64.0
1753617184883,11:53:04.883,huobi,ADA/USDT:USDT,0.82448,93.0,0.824478,27.0,0.824489,93.0,0.824517,64.0
1753617184931,11:53:04.931,huobi,ADA/USDT:USDT,0.82448,93.0,0.824478,27.0,0.824489,93.0,0.824517,64.0
1753617184980,11:53:04.980,huobi,ADA/USDT:USDT,0.82448,93.0,0.824478,27.0,0.824489,93.0,0.824517,64.0
1753617184994,11:53:04.994,huobi,ADA/USDT:USDT,0.82448,93.0,0.824478,27.0,0.824489,93.0,0.824517,64.0
1753617185035,11:53:05.035,huobi,ADA/USDT:USDT,0.82448,93.0,0.824478,27.0,0.824517,64.0,0.824518,348.0
1753617185050,11:53:05.050,huobi,ADA/USDT:USDT,0.824488,27.0,0.82448,93.0,0.824518,300.0,0.82452,327.0
1753617185106,11:53:05.106,huobi,ADA/USDT:USDT,0.824517,93.0,0.824488,27.0,0.824518,300.0,0.82452,327.0
1753617185141,11:53:05.141,huobi,ADA/USDT:USDT,0.824517,93.0,0.824488,27.0,0.824518,300.0,0.82452,327.0
1753617185174,11:53:05.174,huobi,ADA/USDT:USDT,0.824517,93.0,0.824488,27.0,0.824518,300.0,0.82452,327.0
1753617185213,11:53:05.213,huobi,ADA/USDT:USDT,0.824517,93.0,0.824488,27.0,0.824518,300.0,0.82452,327.0
1753617185316,11:53:05.316,huobi,ADA/USDT:USDT,0.824517,93.0,0.824488,27.0,0.824518,300.0,0.82452,327.0
1753617185473,11:53:05.473,huobi,ADA/USDT:USDT,0.824488,27.0,0.824478,27.0,0.824518,300.0,0.82452,327.0
1753617185570,11:53:05.570,huobi,ADA/USDT:USDT,0.824489,93.0,0.824488,27.0,0.82449,93.0,0.824518,300.0
1753617185670,11:53:05.670,huobi,ADA/USDT:USDT,0.824489,93.0,0.824488,27.0,0.82449,93.0,0.824518,300.0
1753617185697,11:53:05.697,huobi,ADA/USDT:USDT,0.824489,93.0,0.824488,27.0,0.82449,93.0,0.824518,300.0
1753617185711,11:53:05.711,huobi,ADA/USDT:USDT,0.824489,93.0,0.824488,27.0,0.824518,300.0,0.82452,327.0
1753617185742,11:53:05.742,huobi,ADA/USDT:USDT,0.824489,93.0,0.824488,27.0,0.824518,300.0,0.82452,327.0
1753617185777,11:53:05.777,huobi,ADA/USDT:USDT,0.824489,93.0,0.824488,27.0,0.824518,300.0,0.82452,327.0
1753617185796,11:53:05.796,huobi,ADA/USDT:USDT,0.824489,93.0,0.824435,93.0,0.82449,283.0,0.824516,300.0
1753617185829,11:53:05.829,huobi,ADA/USDT:USDT,0.824393,93.0,0.824381,859.0,0.824449,93.0,0.82449,676.0
1753617185860,11:53:05.860,huobi,ADA/USDT:USDT,0.824393,93.0,0.824381,859.0,0.824449,93.0,0.82449,516.0
1753617185896,11:53:05.896,huobi,ADA/USDT:USDT,0.824435,93.0,0.824394,27.0,0.824449,93.0,0.82449,516.0
1753617185924,11:53:05.924,huobi,ADA/USDT:USDT,0.824435,93.0,0.824394,27.0,0.824449,93.0,0.82449,516.0
1753617185945,11:53:05.945,huobi,ADA/USDT:USDT,0.824436,27.0,0.824435,93.0,0.82449,516.0,0.824509,64.0
1753617185978,11:53:05.978,huobi,ADA/USDT:USDT,0.824477,93.0,0.824436,120.0,0.82449,516.0,0.824516,300.0
1753617186047,11:53:06.047,huobi,ADA/USDT:USDT,0.824477,93.0,0.824436,120.0,0.82449,516.0,0.824516,300.0
1753617186068,11:53:06.068,huobi,ADA/USDT:USDT,0.824477,93.0,0.824436,120.0,0.82449,516.0,0.824516,300.0
1753617186128,11:53:06.128,huobi,ADA/USDT:USDT,0.824477,93.0,0.824436,120.0,0.82449,516.0,0.824516,300.0
1753617186177,11:53:06.177,huobi,ADA/USDT:USDT,0.824477,93.0,0.824436,120.0,0.82449,516.0,0.824516,300.0
1753617186209,11:53:06.209,huobi,ADA/USDT:USDT,0.824477,93.0,0.824436,120.0,0.82449,516.0,0.824516,300.0
1753617186245,11:53:06.245,huobi,ADA/USDT:USDT,0.824477,93.0,0.824436,120.0,0.82449,516.0,0.824516,300.0
1753617186365,11:53:06.365,huobi,ADA/USDT:USDT,0.824477,93.0,0.824436,120.0,0.82449,516.0,0.824516,300.0
1753617186410,11:53:06.410,huobi,ADA/USDT:USDT,0.824477,93.0,0.824436,120.0,0.82449,516.0,0.824516,300.0
1753617186503,11:53:06.503,huobi,ADA/USDT:USDT,0.824477,93.0,0.824436,120.0,0.82449,516.0,0.824516,300.0
1753617186519,11:53:06.519,huobi,ADA/USDT:USDT,0.824489,120.0,0.824477,93.0,0.82449,393.0,0.824516,300.0
1753617186562,11:53:06.562,huobi,ADA/USDT:USDT,0.824489,120.0,0.824436,120.0,0.82449,393.0,0.824516,300.0
1753617186761,11:53:06.761,huobi,ADA/USDT:USDT,0.824489,120.0,0.824436,120.0,0.82449,393.0,0.824516,300.0
1753617187033,11:53:07.033,huobi,ADA/USDT:USDT,0.824489,120.0,0.824436,120.0,0.82449,300.0,0.824516,300.0
1753617187057,11:53:07.057,huobi,ADA/USDT:USDT,0.824489,120.0,0.824436,120.0,0.82449,300.0,0.824516,300.0
1753617187392,11:53:07.392,huobi,ADA/USDT:USDT,0.824489,120.0,0.824436,120.0,0.82449,300.0,0.824516,300.0
1753617187415,11:53:07.415,huobi,ADA/USDT:USDT,0.824489,120.0,0.824436,120.0,0.82449,300.0,0.824516,300.0
1753617187754,11:53:07.754,huobi,ADA/USDT:USDT,0.824489,120.0,0.824436,120.0,0.82449,300.0,0.824516,300.0
1753617187782,11:53:07.782,huobi,ADA/USDT:USDT,0.824489,120.0,0.824436,120.0,0.82449,300.0,0.824516,300.0
1753617187849,11:53:07.849,huobi,ADA/USDT:USDT,0.824489,120.0,0.824436,120.0,0.82449,300.0,0.824516,300.0
1753617187875,11:53:07.875,huobi,ADA/USDT:USDT,0.824489,120.0,0.824436,120.0,0.82449,300.0,0.824516,300.0
1753617187900,11:53:07.900,huobi,ADA/USDT:USDT,0.824489,120.0,0.824436,120.0,0.82449,300.0,0.824516,300.0
1753617187949,11:53:07.949,huobi,ADA/USDT:USDT,0.824489,120.0,0.824436,120.0,0.82449,300.0,0.824516,300.0
1753617188014,11:53:08.014,huobi,ADA/USDT:USDT,0.824489,120.0,0.824436,120.0,0.82449,300.0,0.824516,300.0
1753617188063,11:53:08.063,huobi,ADA/USDT:USDT,0.824489,120.0,0.824436,120.0,0.82449,300.0,0.824516,300.0
1753617188120,11:53:08.120,huobi,ADA/USDT:USDT,0.824489,120.0,0.824436,120.0,0.82449,300.0,0.824516,300.0
1753617188195,11:53:08.195,huobi,ADA/USDT:USDT,0.824489,120.0,0.824436,120.0,0.82449,300.0,0.824516,300.0
1753617188252,11:53:08.252,huobi,ADA/USDT:USDT,0.824489,120.0,0.824436,120.0,0.82449,300.0,0.824516,300.0
1753617188278,11:53:08.278,huobi,ADA/USDT:USDT,0.824489,120.0,0.824436,120.0,0.82449,300.0,0.824516,300.0
1753617188390,11:53:08.390,huobi,ADA/USDT:USDT,0.824489,120.0,0.824436,120.0,0.82449,300.0,0.824516,300.0
1753617189334,11:53:09.334,huobi,ADA/USDT:USDT,0.824489,120.0,0.824436,120.0,0.82449,300.0,0.824516,300.0
1753617189366,11:53:09.366,huobi,ADA/USDT:USDT,0.824489,120.0,0.824436,120.0,0.82449,300.0,0.824516,300.0
1753617189620,11:53:09.620,huobi,ADA/USDT:USDT,0.824489,120.0,0.824436,120.0,0.82449,300.0,0.824516,300.0
1753617190066,11:53:10.066,huobi,ADA/USDT:USDT,0.824489,120.0,0.824436,120.0,0.824516,300.0,0.824532,93.0
1753617190084,11:53:10.084,huobi,ADA/USDT:USDT,0.824515,120.0,0.824489,27.0,0.824516,300.0,0.824532,93.0
1753617190121,11:53:10.121,huobi,ADA/USDT:USDT,0.824515,120.0,0.824489,27.0,0.824516,300.0,0.824532,93.0
1753617190215,11:53:10.215,huobi,ADA/USDT:USDT,0.824515,120.0,0.824489,27.0,0.824516,300.0,0.824532,93.0
1753617191891,11:53:11.891,huobi,ADA/USDT:USDT,0.824515,120.0,0.824489,27.0,0.824532,93.0,0.824546,197.0
1753617191942,11:53:11.942,huobi,ADA/USDT:USDT,0.824531,27.0,0.824516,96.0,0.824532,93.0,0.824546,197.0
1753617192078,11:53:12.078,huobi,ADA/USDT:USDT,0.824531,27.0,0.824516,96.0,0.824532,93.0,0.824546,197.0
1753617192094,11:53:12.094,huobi,ADA/USDT:USDT,0.824531,27.0,0.824516,96.0,0.824532,93.0,0.824546,197.0
1753617192157,11:53:12.157,huobi,ADA/USDT:USDT,0.824531,27.0,0.824516,96.0,0.824532,93.0,0.824546,197.0
1753617192200,11:53:12.200,huobi,ADA/USDT:USDT,0.824531,27.0,0.824516,96.0,0.824532,93.0,0.824546,197.0
1753617193545,11:53:13.545,huobi,ADA/USDT:USDT,0.824531,27.0,0.824515,27.0,0.824532,93.0,0.824546,197.0
1753617193968,11:53:13.968,huobi,ADA/USDT:USDT,0.824531,27.0,0.824515,27.0,0.824532,93.0,0.824546,197.0
1753617194537,11:53:14.537,huobi,ADA/USDT:USDT,0.824531,27.0,0.824515,27.0,0.824532,157.0,0.824546,197.0
1753617194559,11:53:14.559,huobi,ADA/USDT:USDT,0.824531,27.0,0.824515,27.0,0.824532,237.0,0.824546,197.0
1753617194703,11:53:14.703,huobi,ADA/USDT:USDT,0.824531,27.0,0.824515,27.0,0.824532,237.0,0.824546,197.0
1753617194792,11:53:14.792,huobi,ADA/USDT:USDT,0.824531,27.0,0.824515,27.0,0.824532,237.0,0.824546,197.0
1753617194832,11:53:14.832,huobi,ADA/USDT:USDT,0.824531,27.0,0.824515,27.0,0.824532,237.0,0.824546,197.0
1753617194874,11:53:14.874,huobi,ADA/USDT:USDT,0.824531,27.0,0.824515,27.0,0.824532,157.0,0.824546,197.0
1753617194949,11:53:14.949,huobi,ADA/USDT:USDT,0.824531,27.0,0.824515,27.0,0.824532,93.0,0.824546,197.0
1753617195027,11:53:15.027,huobi,ADA/USDT:USDT,0.824531,123.0,0.824515,27.0,0.824532,93.0,0.824546,197.0
1753617195034,11:53:15.034,huobi,ADA/USDT:USDT,0.824531,123.0,0.824515,27.0,0.824532,93.0,0.824546,197.0
1753617195111,11:53:15.111,huobi,ADA/USDT:USDT,0.824531,123.0,0.824515,27.0,0.824546,197.0,0.824566,300.0
1753617195123,11:53:15.123,huobi,ADA/USDT:USDT,0.824545,27.0,0.824531,123.0,0.824546,197.0,0.824566,300.0
1753617195319,11:53:15.319,huobi,ADA/USDT:USDT,0.824545,27.0,0.824531,27.0,0.824546,197.0,0.824566,300.0
1753617195338,11:53:15.338,huobi,ADA/USDT:USDT,0.824545,27.0,0.824531,27.0,0.824546,261.0,0.824566,300.0
1753617195376,11:53:15.376,huobi,ADA/USDT:USDT,0.824545,27.0,0.824531,27.0,0.824546,561.0,0.824566,300.0
1753617195427,11:53:15.427,huobi,ADA/USDT:USDT,0.824545,27.0,0.824531,27.0,0.824546,561.0,0.824566,300.0
1753617195458,11:53:15.458,huobi,ADA/USDT:USDT,0.824545,27.0,0.824531,27.0,0.824546,561.0,0.824566,300.0
1753617195485,11:53:15.485,huobi,ADA/USDT:USDT,0.824545,27.0,0.824531,27.0,0.824546,561.0,0.824566,300.0
1753617195527,11:53:15.527,huobi,ADA/USDT:USDT,0.824545,27.0,0.824531,27.0,0.824546,561.0,0.824566,300.0
1753617195560,11:53:15.560,huobi,ADA/USDT:USDT,0.824545,27.0,0.824531,27.0,0.824546,561.0,0.824566,300.0
1753617195703,11:53:15.703,huobi,ADA/USDT:USDT,0.824545,27.0,0.824531,27.0,0.824546,561.0,0.824566,300.0
1753617196436,11:53:16.436,huobi,ADA/USDT:USDT,0.824545,123.0,0.824531,27.0,0.824546,561.0,0.824566,300.0
1753617196961,11:53:16.961,huobi,ADA/USDT:USDT,0.824545,123.0,0.824531,27.0,0.824546,497.0,0.824656,93.0
1753617196989,11:53:16.989,huobi,ADA/USDT:USDT,0.824545,123.0,0.824531,27.0,0.824546,197.0,0.824656,93.0
1753617197023,11:53:17.023,huobi,ADA/USDT:USDT,0.824545,123.0,0.824531,27.0,0.824656,93.0,0.824731,859.0
1753617197045,11:53:17.045,huobi,ADA/USDT:USDT,0.824601,96.0,0.824587,27.0,0.824646,64.0,0.824656,93.0
1753617197074,11:53:17.074,huobi,ADA/USDT:USDT,0.824587,27.0,0.824545,123.0,0.824633,96.0,0.824646,64.0
1753617197108,11:53:17.108,huobi,ADA/USDT:USDT,0.824587,27.0,0.824545,123.0,0.824633,96.0,0.824646,64.0
1753617197148,11:53:17.148,huobi,ADA/USDT:USDT,0.824587,27.0,0.824545,123.0,0.824633,96.0,0.824646,64.0
1753617197181,11:53:17.181,huobi,ADA/USDT:USDT,0.824587,27.0,0.824545,123.0,0.824633,96.0,0.824646,64.0
1753617197203,11:53:17.203,huobi,ADA/USDT:USDT,0.824587,123.0,0.824545,123.0,0.824633,96.0,0.824646,64.0
1753617197232,11:53:17.232,huobi,ADA/USDT:USDT,0.824597,96.0,0.824587,27.0,0.824633,96.0,0.824646,64.0
1753617197328,11:53:17.328,huobi,ADA/USDT:USDT,0.824598,27.0,0.824597,96.0,0.824633,96.0,0.824646,64.0
1753617197352,11:53:17.352,huobi,ADA/USDT:USDT,0.824598,27.0,0.824597,96.0,0.824633,96.0,0.824646,64.0
1753617197387,11:53:17.387,huobi,ADA/USDT:USDT,0.824598,27.0,0.824597,96.0,0.824633,96.0,0.824646,64.0
1753617197410,11:53:17.410,huobi,ADA/USDT:USDT,0.824598,27.0,0.824587,27.0,0.824633,96.0,0.824646,64.0
1753617197435,11:53:17.435,huobi,ADA/USDT:USDT,0.824632,27.0,0.824598,123.0,0.824633,96.0,0.824675,300.0
1753617197463,11:53:17.463,huobi,ADA/USDT:USDT,0.824673,96.0,0.824632,123.0,0.824803,128.0,0.824804,96.0
1753617197495,11:53:17.495,huobi,ADA/USDT:USDT,0.824673,96.0,0.824632,123.0,0.824762,96.0,0.824763,300.0
1753617197522,11:53:17.522,huobi,ADA/USDT:USDT,0.824673,96.0,0.824632,123.0,0.824756,300.0,0.824757,64.0
1753617197560,11:53:17.560,huobi,ADA/USDT:USDT,0.824674,27.0,0.824673,96.0,0.824734,96.0,0.824756,300.0
1753617197585,11:53:17.585,huobi,ADA/USDT:USDT,0.824674,27.0,0.824673,96.0,0.824734,96.0,0.824756,300.0
1753617197644,11:53:17.644,huobi,ADA/USDT:USDT,0.824674,27.0,0.824673,96.0,0.824734,96.0,0.824756,300.0
1753617197648,11:53:17.648,huobi,ADA/USDT:USDT,0.824674,27.0,0.824673,96.0,0.824733,300.0,0.824734,96.0
1753617197674,11:53:17.674,huobi,ADA/USDT:USDT,0.824674,27.0,0.824673,96.0,0.824692,96.0,0.824733,300.0
1753617197724,11:53:17.724,huobi,ADA/USDT:USDT,0.824674,27.0,0.824673,96.0,0.824692,96.0,0.824733,300.0
1753617197748,11:53:17.748,huobi,ADA/USDT:USDT,0.824674,27.0,0.824673,96.0,0.824692,96.0,0.824733,300.0
1753617197769,11:53:17.769,huobi,ADA/USDT:USDT,0.824674,27.0,0.824673,96.0,0.824692,96.0,0.824733,300.0
1753617197820,11:53:17.820,huobi,ADA/USDT:USDT,0.824674,27.0,0.824673,96.0,0.824692,96.0,0.824733,300.0
1753617197831,11:53:17.831,huobi,ADA/USDT:USDT,0.824674,27.0,0.824673,96.0,0.824692,96.0,0.824733,300.0
1753617197935,11:53:17.935,huobi,ADA/USDT:USDT,0.824674,27.0,0.824673,96.0,0.824692,96.0,0.824733,300.0
1753617197955,11:53:17.955,huobi,ADA/USDT:USDT,0.824674,27.0,0.824673,96.0,0.824692,96.0,0.824733,300.0
1753617197999,11:53:17.999,huobi,ADA/USDT:USDT,0.824679,96.0,0.824674,27.0,0.824692,96.0,0.824733,300.0
1753617198003,11:53:18.003,huobi,ADA/USDT:USDT,0.824679,96.0,0.824674,27.0,0.824692,96.0,0.824733,300.0
1753617198119,11:53:18.119,huobi,ADA/USDT:USDT,0.82468,27.0,0.824679,96.0,0.824692,96.0,0.824733,300.0
1753617198178,11:53:18.178,huobi,ADA/USDT:USDT,0.824691,27.0,0.82468,27.0,0.824692,96.0,0.824733,300.0
1753617198224,11:53:18.224,huobi,ADA/USDT:USDT,0.824691,27.0,0.82468,27.0,0.824692,96.0,0.824733,300.0
1753617198259,11:53:18.259,huobi,ADA/USDT:USDT,0.824691,27.0,0.82468,27.0,0.824692,96.0,0.824733,300.0
1753617198302,11:53:18.302,huobi,ADA/USDT:USDT,0.824691,27.0,0.82468,27.0,0.824692,96.0,0.824733,300.0
1753617198375,11:53:18.375,huobi,ADA/USDT:USDT,0.824691,27.0,0.82468,27.0,0.824692,96.0,0.824733,300.0
1753617198409,11:53:18.409,huobi,ADA/USDT:USDT,0.824691,27.0,0.82468,27.0,0.824692,96.0,0.824733,300.0
1753617198428,11:53:18.428,huobi,ADA/USDT:USDT,0.824691,27.0,0.82468,27.0,0.824692,96.0,0.824733,300.0
1753617198473,11:53:18.473,huobi,ADA/USDT:USDT,0.824691,27.0,0.82468,27.0,0.824692,96.0,0.824733,300.0
1753617198520,11:53:18.520,huobi,ADA/USDT:USDT,0.824691,27.0,0.82468,27.0,0.824692,96.0,0.824733,300.0
1753617198570,11:53:18.570,huobi,ADA/USDT:USDT,0.824691,27.0,0.82468,27.0,0.824692,96.0,0.824733,300.0
1753617198584,11:53:18.584,huobi,ADA/USDT:USDT,0.824691,27.0,0.82468,27.0,0.824692,96.0,0.824733,300.0
1753617198680,11:53:18.680,huobi,ADA/USDT:USDT,0.824691,27.0,0.82468,27.0,0.824692,96.0,0.824733,300.0
1753617198827,11:53:18.827,huobi,ADA/USDT:USDT,0.824691,27.0,0.82468,27.0,0.824692,96.0,0.824733,300.0
1753617198900,11:53:18.900,huobi,ADA/USDT:USDT,0.824691,27.0,0.82468,27.0,0.824692,96.0,0.824733,300.0
1753617199070,11:53:19.070,huobi,ADA/USDT:USDT,0.824691,27.0,0.82468,27.0,0.824692,96.0,0.824733,300.0
1753617199186,11:53:19.186,huobi,ADA/USDT:USDT,0.824691,27.0,0.82468,27.0,0.824692,96.0,0.824733,300.0
1753617199211,11:53:19.211,huobi,ADA/USDT:USDT,0.824732,27.0,0.824691,123.0,0.824733,300.0,0.824734,96.0
1753617199239,11:53:19.239,huobi,ADA/USDT:USDT,0.824732,27.0,0.824691,123.0,0.824756,300.0,0.824773,197.0
1753617199266,11:53:19.266,huobi,ADA/USDT:USDT,0.824732,27.0,0.824691,123.0,0.824741,96.0,0.824773,197.0
1753617199310,11:53:19.310,huobi,ADA/USDT:USDT,0.824732,27.0,0.824691,123.0,0.824741,96.0,0.824773,197.0
1753617199326,11:53:19.326,huobi,ADA/USDT:USDT,0.824732,27.0,0.824691,123.0,0.824741,96.0,0.824773,197.0
1753617199357,11:53:19.357,huobi,ADA/USDT:USDT,0.824555,64.0,0.824545,96.0,0.824692,192.0,0.824731,64.0
1753617199390,11:53:19.390,huobi,ADA/USDT:USDT,0.824594,96.0,0.824555,64.0,0.824651,96.0,0.824692,192.0
1753617199420,11:53:19.420,huobi,ADA/USDT:USDT,0.824594,96.0,0.824555,64.0,0.824651,96.0,0.824691,300.0
1753617199506,11:53:19.506,huobi,ADA/USDT:USDT,0.824594,123.0,0.824545,96.0,0.824651,96.0,0.824691,300.0
1753617199620,11:53:19.620,huobi,ADA/USDT:USDT,0.824594,27.0,0.824545,96.0,0.824651,96.0,0.824691,300.0
1753617199635,11:53:19.635,huobi,ADA/USDT:USDT,0.824594,27.0,0.824545,96.0,0.824651,96.0,0.824691,300.0
1753617199690,11:53:19.690,huobi,ADA/USDT:USDT,0.824594,27.0,0.824545,96.0,0.824651,96.0,0.824691,300.0
1753617199760,11:53:19.760,huobi,ADA/USDT:USDT,0.824594,27.0,0.824545,96.0,0.824607,96.0,0.824648,64.0
1753617199939,11:53:19.939,huobi,ADA/USDT:USDT,0.824594,27.0,0.824545,96.0,0.824607,123.0,0.824648,64.0
1753617199959,11:53:19.959,huobi,ADA/USDT:USDT,0.824522,858.0,0.824393,93.0,0.824546,96.0,0.824594,80.0
1753617199988,11:53:19.988,huobi,ADA/USDT:USDT,0.824522,858.0,0.824393,93.0,0.824523,192.0,0.824559,300.0
1753617200018,11:53:20.018,huobi,ADA/USDT:USDT,0.824522,858.0,0.824393,93.0,0.824523,272.0,0.824559,300.0
1753617200088,11:53:20.088,huobi,ADA/USDT:USDT,0.824522,858.0,0.824393,93.0,0.824523,272.0,0.824559,300.0
1753617200111,11:53:20.111,huobi,ADA/USDT:USDT,0.824403,64.0,0.824394,27.0,0.824523,272.0,0.824559,300.0
1753617200138,11:53:20.138,huobi,ADA/USDT:USDT,0.824403,64.0,0.824394,27.0,0.824523,176.0,0.824559,300.0
1753617200168,11:53:20.168,huobi,ADA/USDT:USDT,0.824436,27.0,0.824435,96.0,0.824498,96.0,0.824523,176.0
1753617200204,11:53:20.204,huobi,ADA/USDT:USDT,0.824466,96.0,0.824436,27.0,0.824498,96.0,0.824523,176.0
1753617200296,11:53:20.296,huobi,ADA/USDT:USDT,0.824475,96.0,0.824467,27.0,0.824523,96.0,0.824559,300.0
1753617200319,11:53:20.319,huobi,ADA/USDT:USDT,0.824558,96.0,0.824522,27.0,0.824559,300.0,0.824595,96.0
1753617200416,11:53:20.416,huobi,ADA/USDT:USDT,0.824558,96.0,0.824522,27.0,0.824559,300.0,0.824595,96.0
1753617200435,11:53:20.435,huobi,ADA/USDT:USDT,0.824558,96.0,0.824522,27.0,0.824559,300.0,0.824595,96.0
1753617200474,11:53:20.474,huobi,ADA/USDT:USDT,0.824558,96.0,0.824522,27.0,0.824559,300.0,0.824595,96.0
1753617200508,11:53:20.508,huobi,ADA/USDT:USDT,0.824558,96.0,0.824522,27.0,0.824559,300.0,0.824595,96.0
1753617200556,11:53:20.556,huobi,ADA/USDT:USDT,0.824558,96.0,0.824522,27.0,0.824559,300.0,0.824595,96.0
1753617200875,11:53:20.875,huobi,ADA/USDT:USDT,0.824558,96.0,0.824522,27.0,0.824595,96.0,0.824607,27.0
1753617200911,11:53:20.911,huobi,ADA/USDT:USDT,0.824559,27.0,0.824522,27.0,0.824595,96.0,0.824607,27.0
1753617200914,11:53:20.914,huobi,ADA/USDT:USDT,0.824593,96.0,0.824559,27.0,0.824595,96.0,0.824607,27.0
1753617200956,11:53:20.956,huobi,ADA/USDT:USDT,0.824593,96.0,0.824559,27.0,0.824595,96.0,0.824607,27.0
1753617200984,11:53:20.984,huobi,ADA/USDT:USDT,0.824594,123.0,0.824559,27.0,0.82465,300.0,0.824651,96.0
1753617201007,11:53:21.007,huobi,ADA/USDT:USDT,0.824634,96.0,0.824594,123.0,0.82465,300.0,0.824691,300.0
1753617201054,11:53:21.054,huobi,ADA/USDT:USDT,0.824635,27.0,0.824634,96.0,0.824648,300.0,0.82465,300.0
1753617201078,11:53:21.078,huobi,ADA/USDT:USDT,0.824635,27.0,0.824634,96.0,0.824647,96.0,0.824648,300.0
1753617201096,11:53:21.096,huobi,ADA/USDT:USDT,0.824635,27.0,0.824634,96.0,0.824647,96.0,0.824648,300.0
1753617201130,11:53:21.130,huobi,ADA/USDT:USDT,0.824635,27.0,0.824634,96.0,0.824646,300.0,0.824647,96.0
1753617201160,11:53:21.160,huobi,ADA/USDT:USDT,0.824645,27.0,0.824635,27.0,0.824646,300.0,0.824648,300.0
1753617201188,11:53:21.188,huobi,ADA/USDT:USDT,0.824647,27.0,0.824645,27.0,0.824733,27.0,0.824741,96.0
1753617201214,11:53:21.214,huobi,ADA/USDT:USDT,0.824688,96.0,0.824657,64.0,0.824733,123.0,0.824748,300.0
1753617201245,11:53:21.245,huobi,ADA/USDT:USDT,0.824689,27.0,0.824688,96.0,0.824731,94.0,0.824732,300.0
1753617201280,11:53:21.280,huobi,ADA/USDT:USDT,0.824696,94.0,0.824689,27.0,0.824731,94.0,0.824732,300.0
1753617201322,11:53:21.322,huobi,ADA/USDT:USDT,0.824697,27.0,0.824696,94.0,0.824731,94.0,0.824733,27.0
1753617201340,11:53:21.340,huobi,ADA/USDT:USDT,0.824697,27.0,0.824696,94.0,0.824731,94.0,0.824733,27.0
1753617201365,11:53:21.365,huobi,ADA/USDT:USDT,0.824697,27.0,0.824696,94.0,0.824731,94.0,0.824733,27.0
1753617201419,11:53:21.419,huobi,ADA/USDT:USDT,0.824697,27.0,0.824696,94.0,0.824731,94.0,0.824733,27.0
1753617201479,11:53:21.479,huobi,ADA/USDT:USDT,0.824697,27.0,0.824696,94.0,0.824731,94.0,0.824733,27.0
1753617201496,11:53:21.496,huobi,ADA/USDT:USDT,0.824697,27.0,0.824696,94.0,0.824731,94.0,0.824733,27.0
1753617201518,11:53:21.518,huobi,ADA/USDT:USDT,0.824697,27.0,0.824696,94.0,0.824731,94.0,0.824733,27.0
1753617201559,11:53:21.559,huobi,ADA/USDT:USDT,0.824697,27.0,0.824696,94.0,0.824731,94.0,0.824733,27.0
1753617201728,11:53:21.728,huobi,ADA/USDT:USDT,0.82473,27.0,0.824697,27.0,0.824731,94.0,0.824773,197.0
1753617201796,11:53:21.796,huobi,ADA/USDT:USDT,0.82473,27.0,0.824697,27.0,0.824731,158.0,0.824773,197.0
1753617201849,11:53:21.849,huobi,ADA/USDT:USDT,0.82473,27.0,0.824697,27.0,0.824731,238.0,0.824773,197.0
1753617201970,11:53:21.970,huobi,ADA/USDT:USDT,0.82473,27.0,0.824697,27.0,0.824731,238.0,0.824773,197.0
1753617202037,11:53:22.037,huobi,ADA/USDT:USDT,0.82473,27.0,0.824697,27.0,0.824731,238.0,0.824773,197.0
1753617202086,11:53:22.086,huobi,ADA/USDT:USDT,0.82473,27.0,0.824697,27.0,0.824731,238.0,0.824773,197.0
1753617202140,11:53:22.140,huobi,ADA/USDT:USDT,0.82473,27.0,0.824697,27.0,0.824731,238.0,0.824773,197.0
1753617202163,11:53:22.163,huobi,ADA/USDT:USDT,0.82473,27.0,0.824697,27.0,0.824731,238.0,0.824773,197.0
1753617202336,11:53:22.336,huobi,ADA/USDT:USDT,0.82473,27.0,0.824697,27.0,0.824731,238.0,0.824773,197.0
1753617202396,11:53:22.396,huobi,ADA/USDT:USDT,0.824697,27.0,0.824645,96.0,0.824731,238.0,0.824773,197.0
1753617202417,11:53:22.417,huobi,ADA/USDT:USDT,0.824697,27.0,0.824594,96.0,0.824729,144.0,0.82473,75.0
1753617202459,11:53:22.459,huobi,ADA/USDT:USDT,0.824697,27.0,0.824594,96.0,0.824698,94.0,0.824729,144.0
1753617202705,11:53:22.705,huobi,ADA/USDT:USDT,0.824697,27.0,0.824594,96.0,0.824698,174.0,0.824729,64.0
1753617202713,11:53:22.713,huobi,ADA/USDT:USDT,0.824594,96.0,0.824475,96.0,0.824698,222.0,0.824729,64.0
1753617202744,11:53:22.744,huobi,ADA/USDT:USDT,0.824475,96.0,0.824424,96.0,0.824585,64.0,0.824595,583.0
1753617202775,11:53:22.775,huobi,ADA/USDT:USDT,0.824424,96.0,0.824382,96.0,0.824574,64.0,0.824584,128.0
1753617202805,11:53:22.805,huobi,ADA/USDT:USDT,0.824425,27.0,0.824382,96.0,0.824562,128.0,0.824563,64.0
1753617202835,11:53:22.835,huobi,ADA/USDT:USDT,0.824466,94.0,0.824425,885.0,0.824533,64.0,0.824541,27.0
1753617202876,11:53:22.876,huobi,ADA/USDT:USDT,0.824466,94.0,0.824425,885.0,0.824518,94.0,0.824522,64.0
1753617202904,11:53:22.904,huobi,ADA/USDT:USDT,0.824466,94.0,0.824425,885.0,0.824517,75.0,0.824518,94.0
1753617202925,11:53:22.925,huobi,ADA/USDT:USDT,0.824466,94.0,0.824425,885.0,0.824513,64.0,0.824517,75.0
1753617202964,11:53:22.964,huobi,ADA/USDT:USDT,0.824466,94.0,0.824425,27.0,0.824513,64.0,0.824517,75.0
1753617202994,11:53:22.994,huobi,ADA/USDT:USDT,0.824466,94.0,0.824425,27.0,0.824513,64.0,0.824517,75.0
1753617203018,11:53:23.018,huobi,ADA/USDT:USDT,0.824466,94.0,0.824425,27.0,0.824512,27.0,0.824513,94.0
1753617203111,11:53:23.111,huobi,ADA/USDT:USDT,0.824466,94.0,0.824425,27.0,0.824502,64.0,0.824512,27.0
1753617203143,11:53:23.143,huobi,ADA/USDT:USDT,0.824467,27.0,0.824425,27.0,0.824502,64.0,0.824512,27.0
1753617203169,11:53:23.169,huobi,ADA/USDT:USDT,0.824501,94.0,0.824467,27.0,0.824512,27.0,0.824517,27.0
1753617203217,11:53:23.217,huobi,ADA/USDT:USDT,0.824501,94.0,0.824467,27.0,0.824512,27.0,0.824517,27.0
1753617203231,11:53:23.231,huobi,ADA/USDT:USDT,0.824511,27.0,0.824467,27.0,0.824532,300.0,0.824541,27.0
1753617203356,11:53:23.356,huobi,ADA/USDT:USDT,0.824516,94.0,0.824511,27.0,0.824532,300.0,0.824573,300.0
1753617203440,11:53:23.440,huobi,ADA/USDT:USDT,0.824531,121.0,0.824511,27.0,0.824532,300.0,0.824573,300.0
1753617203509,11:53:23.509,huobi,ADA/USDT:USDT,0.824531,121.0,0.824511,27.0,0.824573,300.0,0.824657,94.0
1753617203525,11:53:23.525,huobi,ADA/USDT:USDT,0.824572,121.0,0.824531,121.0,0.824657,94.0,0.824698,94.0
1753617203574,11:53:23.574,huobi,ADA/USDT:USDT,0.824613,94.0,0.824572,121.0,0.824633,94.0,0.824648,300.0
1753617203585,11:53:23.585,huobi,ADA/USDT:USDT,0.824613,94.0,0.824572,121.0,0.824633,94.0,0.824648,300.0
1753617203616,11:53:23.616,huobi,ADA/USDT:USDT,0.824613,94.0,0.824572,121.0,0.824619,27.0,0.82462,94.0
1753617203653,11:53:23.653,huobi,ADA/USDT:USDT,0.824572,121.0,0.824531,121.0,0.824573,94.0,0.824614,254.0
1753617203674,11:53:23.674,huobi,ADA/USDT:USDT,0.824572,121.0,0.824531,121.0,0.824573,94.0,0.824614,94.0
1753617203721,11:53:23.721,huobi,ADA/USDT:USDT,0.824572,121.0,0.824531,121.0,0.824573,394.0,0.824614,394.0
1753617203733,11:53:23.733,huobi,ADA/USDT:USDT,0.824572,121.0,0.824531,121.0,0.824573,394.0,0.824614,394.0
1753617203852,11:53:23.852,huobi,ADA/USDT:USDT,0.824572,27.0,0.824531,121.0,0.824573,458.0,0.824614,394.0
1753617203950,11:53:23.950,huobi,ADA/USDT:USDT,0.824572,27.0,0.824531,121.0,0.824573,538.0,0.824614,394.0
1753617203973,11:53:23.973,huobi,ADA/USDT:USDT,0.824531,27.0,0.824382,96.0,0.824532,94.0,0.824563,64.0
1753617204039,11:53:24.039,huobi,ADA/USDT:USDT,0.824531,27.0,0.824382,96.0,0.824532,94.0,0.824563,64.0
1753617204073,11:53:24.073,huobi,ADA/USDT:USDT,0.824531,27.0,0.824382,96.0,0.824532,94.0,0.824563,64.0
1753617204603,11:53:24.603,huobi,ADA/USDT:USDT,0.824531,121.0,0.824382,96.0,0.824532,94.0,0.824563,64.0
1753617204611,11:53:24.611,huobi,ADA/USDT:USDT,0.824531,27.0,0.824382,96.0,0.824532,94.0,0.824563,64.0
1753617204892,11:53:24.892,huobi,ADA/USDT:USDT,0.824531,121.0,0.824382,96.0,0.824532,94.0,0.824563,64.0
1753617204908,11:53:24.908,huobi,ADA/USDT:USDT,0.824531,27.0,0.824382,96.0,0.824562,300.0,0.824563,64.0
1753617204989,11:53:24.989,huobi,ADA/USDT:USDT,0.824531,27.0,0.824382,96.0,0.824562,300.0,0.824563,64.0
1753617204994,11:53:24.994,huobi,ADA/USDT:USDT,0.824531,27.0,0.824382,96.0,0.824562,300.0,0.824563,64.0
1753617205032,11:53:25.032,huobi,ADA/USDT:USDT,0.824531,27.0,0.824382,96.0,0.824562,300.0,0.824571,300.0
1753617205113,11:53:25.113,huobi,ADA/USDT:USDT,0.824561,27.0,0.824531,27.0,0.824562,300.0,0.824571,300.0
1753617205167,11:53:25.167,huobi,ADA/USDT:USDT,0.824561,121.0,0.824531,27.0,0.824562,300.0,0.824571,300.0
1753617205224,11:53:25.224,huobi,ADA/USDT:USDT,0.824561,121.0,0.824531,27.0,0.824562,300.0,0.824571,300.0
1753617205249,11:53:25.249,huobi,ADA/USDT:USDT,0.824561,121.0,0.824531,27.0,0.824562,300.0,0.824571,300.0
1753617205365,11:53:25.365,huobi,ADA/USDT:USDT,0.824561,121.0,0.824531,27.0,0.824571,300.0,0.824619,27.0
1753617205395,11:53:25.395,huobi,ADA/USDT:USDT,0.824611,94.0,0.82457,121.0,0.824619,27.0,0.824698,94.0
1753617205418,11:53:25.418,huobi,ADA/USDT:USDT,0.824611,94.0,0.82457,121.0,0.824618,300.0,0.824619,27.0
1753617205517,11:53:25.517,huobi,ADA/USDT:USDT,0.824611,94.0,0.82457,121.0,0.824618,300.0,0.824619,27.0
1753617205555,11:53:25.555,huobi,ADA/USDT:USDT,0.824617,27.0,0.824611,94.0,0.824688,64.0,0.824698,94.0
1753617205567,11:53:25.567,huobi,ADA/USDT:USDT,0.824646,94.0,0.824617,27.0,0.824687,300.0,0.824688,64.0
1753617205609,11:53:25.609,huobi,ADA/USDT:USDT,0.824646,94.0,0.824617,27.0,0.824687,300.0,0.824688,64.0
1753617205627,11:53:25.627,huobi,ADA/USDT:USDT,0.824646,94.0,0.824617,27.0,0.824669,94.0,0.824687,300.0
1753617205661,11:53:25.661,huobi,ADA/USDT:USDT,0.824646,94.0,0.824617,27.0,0.824669,94.0,0.824687,300.0
1753617205816,11:53:25.816,huobi,ADA/USDT:USDT,0.824646,94.0,0.824617,27.0,0.824669,94.0,0.824687,300.0
1753617205839,11:53:25.839,huobi,ADA/USDT:USDT,0.824646,94.0,0.824617,27.0,0.824669,94.0,0.824687,300.0
1753617205891,11:53:25.891,huobi,ADA/USDT:USDT,0.824646,94.0,0.824617,27.0,0.824669,94.0,0.824687,300.0
1753617205903,11:53:25.903,huobi,ADA/USDT:USDT,0.824646,94.0,0.824617,27.0,0.824669,94.0,0.824687,300.0
1753617205935,11:53:25.935,huobi,ADA/USDT:USDT,0.824646,94.0,0.824617,27.0,0.824669,94.0,0.824687,300.0
1753617205959,11:53:25.959,huobi,ADA/USDT:USDT,0.824646,94.0,0.824617,27.0,0.824669,94.0,0.824687,300.0
1753617206036,11:53:26.036,huobi,ADA/USDT:USDT,0.824646,94.0,0.824617,27.0,0.824669,94.0,0.824687,300.0
1753617206270,11:53:26.270,huobi,ADA/USDT:USDT,0.824646,94.0,0.824617,27.0,0.824669,94.0,0.824687,300.0
1753617206287,11:53:26.287,huobi,ADA/USDT:USDT,0.824647,121.0,0.824646,94.0,0.824669,94.0,0.824687,300.0
1753617206398,11:53:26.398,huobi,ADA/USDT:USDT,0.824649,94.0,0.824647,27.0,0.824669,94.0,0.824687,300.0
1753617206449,11:53:26.449,huobi,ADA/USDT:USDT,0.824668,27.0,0.824649,94.0,0.824669,94.0,0.824687,300.0
1753617206522,11:53:26.522,huobi,ADA/USDT:USDT,0.824668,27.0,0.824649,94.0,0.824669,94.0,0.824687,300.0
1753617206531,11:53:26.531,huobi,ADA/USDT:USDT,0.824668,27.0,0.824649,94.0,0.824669,94.0,0.824687,300.0
1753617206602,11:53:26.602,huobi,ADA/USDT:USDT,0.824668,121.0,0.824649,94.0,0.824669,94.0,0.824687,300.0
1753617206841,11:53:26.841,huobi,ADA/USDT:USDT,0.824668,121.0,0.824647,27.0,0.824687,300.0,0.824704,300.0
1753617206854,11:53:26.854,huobi,ADA/USDT:USDT,0.824686,27.0,0.824668,121.0,0.824773,197.0,0.824804,96.0
1753617206897,11:53:26.897,huobi,ADA/USDT:USDT,0.824686,121.0,0.824668,27.0,0.824772,394.0,0.824773,197.0
1753617206919,11:53:26.919,huobi,ADA/USDT:USDT,0.824727,94.0,0.824686,121.0,0.824772,394.0,0.824773,197.0
1753617206944,11:53:26.944,huobi,ADA/USDT:USDT,0.824727,94.0,0.824686,121.0,0.824762,94.0,0.82493,93.0
1753617207019,11:53:27.019,huobi,ADA/USDT:USDT,0.824727,94.0,0.824686,121.0,0.824762,94.0,0.824798,300.0
1753617207041,11:53:27.041,huobi,ADA/USDT:USDT,0.824728,27.0,0.824686,121.0,0.824762,94.0,0.824798,300.0
1753617207089,11:53:27.089,huobi,ADA/USDT:USDT,0.824728,121.0,0.824686,121.0,0.824762,94.0,0.824798,300.0
1753617207112,11:53:27.112,huobi,ADA/USDT:USDT,0.82473,94.0,0.824728,121.0,0.824762,94.0,0.824798,300.0
1753617207147,11:53:27.147,huobi,ADA/USDT:USDT,0.82473,94.0,0.824728,27.0,0.824762,94.0,0.824798,300.0
1753617207193,11:53:27.193,huobi,ADA/USDT:USDT,0.82473,94.0,0.824728,27.0,0.824762,94.0,0.824798,300.0
1753617207242,11:53:27.242,huobi,ADA/USDT:USDT,0.82473,94.0,0.824728,27.0,0.824762,94.0,0.824798,300.0
1753617207251,11:53:27.251,huobi,ADA/USDT:USDT,0.82473,94.0,0.824728,27.0,0.824762,94.0,0.824798,300.0
1753617207339,11:53:27.339,huobi,ADA/USDT:USDT,0.824731,27.0,0.82473,94.0,0.824762,94.0,0.824798,300.0
1753617207508,11:53:27.508,huobi,ADA/USDT:USDT,0.824731,27.0,0.82473,94.0,0.824762,94.0,0.824798,300.0
1753617207543,11:53:27.543,huobi,ADA/USDT:USDT,0.824731,27.0,0.82473,94.0,0.824762,94.0,0.824798,300.0
1753617207576,11:53:27.576,huobi,ADA/USDT:USDT,0.824731,27.0,0.82473,94.0,0.824762,94.0,0.824798,300.0
1753617207620,11:53:27.620,huobi,ADA/USDT:USDT,0.824731,27.0,0.82473,94.0,0.824762,94.0,0.824798,300.0
1753617207634,11:53:27.634,huobi,ADA/USDT:USDT,0.824731,27.0,0.824728,27.0,0.824732,94.0,0.824761,300.0
1753617207669,11:53:27.669,huobi,ADA/USDT:USDT,0.824731,27.0,0.824728,27.0,0.824732,94.0,0.824761,300.0
1753617207712,11:53:27.712,huobi,ADA/USDT:USDT,0.824731,27.0,0.824728,27.0,0.824732,94.0,0.824761,300.0
1753617207743,11:53:27.743,huobi,ADA/USDT:USDT,0.824731,27.0,0.824728,27.0,0.824732,94.0,0.824761,300.0
1753617207789,11:53:27.789,huobi,ADA/USDT:USDT,0.824731,27.0,0.824728,27.0,0.824732,94.0,0.824761,300.0
1753617207828,11:53:27.828,huobi,ADA/USDT:USDT,0.824731,27.0,0.824728,27.0,0.824732,94.0,0.824761,300.0
1753617207854,11:53:27.854,huobi,ADA/USDT:USDT,0.824731,27.0,0.824728,27.0,0.824732,94.0,0.824761,300.0
1753617207874,11:53:27.874,huobi,ADA/USDT:USDT,0.824731,121.0,0.824728,27.0,0.824798,300.0,0.824846,94.0
1753617207927,11:53:27.927,huobi,ADA/USDT:USDT,0.824731,27.0,0.824728,27.0,0.824798,300.0,0.824846,94.0
1753617207936,11:53:27.936,huobi,ADA/USDT:USDT,0.824731,27.0,0.824728,27.0,0.824797,27.0,0.824798,300.0
1753617207965,11:53:27.965,huobi,ADA/USDT:USDT,0.824731,27.0,0.824728,27.0,0.824754,94.0,0.824793,48.0
1753617208046,11:53:28.046,huobi,ADA/USDT:USDT,0.824731,27.0,0.824728,27.0,0.824754,94.0,0.824788,64.0
1753617208062,11:53:28.062,huobi,ADA/USDT:USDT,0.824731,27.0,0.824728,27.0,0.824753,300.0,0.824788,64.0
1753617208091,11:53:28.091,huobi,ADA/USDT:USDT,0.824731,27.0,0.824728,27.0,0.824735,94.0,0.824753,300.0
1753617208126,11:53:28.126,huobi,ADA/USDT:USDT,0.824731,27.0,0.824728,27.0,0.824735,94.0,0.824753,300.0
1753617208165,11:53:28.165,huobi,ADA/USDT:USDT,0.824731,27.0,0.824728,27.0,0.824735,94.0,0.824753,300.0
1753617208214,11:53:28.214,huobi,ADA/USDT:USDT,0.824731,27.0,0.824728,27.0,0.824735,94.0,0.824753,300.0
1753617208259,11:53:28.259,huobi,ADA/USDT:USDT,0.824731,27.0,0.824728,27.0,0.824735,94.0,0.824753,300.0
1753617208267,11:53:28.267,huobi,ADA/USDT:USDT,0.824731,27.0,0.824728,27.0,0.824735,94.0,0.824753,300.0
1753617208343,11:53:28.343,huobi,ADA/USDT:USDT,0.824731,27.0,0.824728,27.0,0.824735,94.0,0.824753,300.0
1753617208365,11:53:28.365,huobi,ADA/USDT:USDT,0.824731,27.0,0.824728,27.0,0.824735,94.0,0.824753,300.0
1753617208417,11:53:28.417,huobi,ADA/USDT:USDT,0.824731,27.0,0.824728,27.0,0.824735,94.0,0.824753,300.0
1753617208445,11:53:28.445,huobi,ADA/USDT:USDT,0.824731,121.0,0.824728,27.0,0.824735,94.0,0.824753,300.0
1753617208486,11:53:28.486,huobi,ADA/USDT:USDT,0.824734,94.0,0.824731,27.0,0.824735,94.0,0.824753,300.0
1753617208511,11:53:28.511,huobi,ADA/USDT:USDT,0.824734,94.0,0.824731,27.0,0.824735,94.0,0.824753,300.0
1753617208568,11:53:28.568,huobi,ADA/USDT:USDT,0.824734,94.0,0.824731,27.0,0.824735,94.0,0.824753,300.0
1753617208600,11:53:28.600,huobi,ADA/USDT:USDT,0.824734,94.0,0.824731,27.0,0.824735,94.0,0.824753,300.0
1753617208660,11:53:28.660,huobi,ADA/USDT:USDT,0.824734,94.0,0.824731,27.0,0.824735,94.0,0.824753,300.0
1753617208684,11:53:28.684,huobi,ADA/USDT:USDT,0.824734,94.0,0.824731,27.0,0.824735,94.0,0.824753,300.0
1753617208734,11:53:28.734,huobi,ADA/USDT:USDT,0.824734,94.0,0.824731,27.0,0.824735,94.0,0.824753,300.0
1753617208781,11:53:28.781,huobi,ADA/USDT:USDT,0.824734,94.0,0.824731,27.0,0.824735,94.0,0.824753,300.0
1753617208820,11:53:28.820,huobi,ADA/USDT:USDT,0.824734,94.0,0.824731,27.0,0.824735,94.0,0.824753,300.0
1753617208837,11:53:28.837,huobi,ADA/USDT:USDT,0.824731,27.0,0.824728,27.0,0.824732,27.0,0.824735,174.0
1753617208876,11:53:28.876,huobi,ADA/USDT:USDT,0.824728,27.0,0.82457,94.0,0.824732,187.0,0.824733,64.0
1753617208898,11:53:28.898,huobi,ADA/USDT:USDT,0.824728,27.0,0.82457,94.0,0.824729,94.0,0.824732,107.0
1753617209072,11:53:29.072,huobi,ADA/USDT:USDT,0.824728,27.0,0.82457,94.0,0.824729,174.0,0.824732,27.0
1753617209096,11:53:29.096,huobi,ADA/USDT:USDT,0.824728,121.0,0.82457,94.0,0.824729,174.0,0.824732,27.0
1753617209738,11:53:29.738,huobi,ADA/USDT:USDT,0.824728,121.0,0.82457,94.0,0.824729,174.0,0.824732,27.0
1753617209766,11:53:29.766,huobi,ADA/USDT:USDT,0.824728,27.0,0.82457,94.0,0.824729,174.0,0.824753,300.0
1753617209846,11:53:29.846,huobi,ADA/USDT:USDT,0.824728,27.0,0.82457,94.0,0.824753,300.0,0.824793,48.0
1753617209898,11:53:29.898,huobi,ADA/USDT:USDT,0.824752,121.0,0.824728,27.0,0.824753,300.0,0.824794,300.0
1753617209916,11:53:29.916,huobi,ADA/USDT:USDT,0.824752,121.0,0.824728,27.0,0.824753,300.0,0.824794,300.0
1753617209984,11:53:29.984,huobi,ADA/USDT:USDT,0.824793,94.0,0.824752,121.0,0.824794,300.0,0.824796,94.0
1753617210029,11:53:30.029,huobi,ADA/USDT:USDT,0.824793,94.0,0.824752,121.0,0.824794,300.0,0.824796,94.0
1753617210040,11:53:30.040,huobi,ADA/USDT:USDT,0.824793,94.0,0.824752,121.0,0.824794,300.0,0.824796,94.0
1753617210069,11:53:30.069,huobi,ADA/USDT:USDT,0.824793,94.0,0.824752,121.0,0.824794,300.0,0.824796,94.0
1753617210131,11:53:30.131,huobi,ADA/USDT:USDT,0.824793,94.0,0.824752,121.0,0.824794,300.0,0.824796,94.0
1753617210155,11:53:30.155,huobi,ADA/USDT:USDT,0.824793,94.0,0.824752,121.0,0.824794,300.0,0.824796,94.0
1753617210200,11:53:30.200,huobi,ADA/USDT:USDT,0.824793,94.0,0.824752,121.0,0.824794,300.0,0.824796,94.0
1753617210240,11:53:30.240,huobi,ADA/USDT:USDT,0.824793,121.0,0.824752,121.0,0.824794,300.0,0.824796,94.0
1753617210279,11:53:30.279,huobi,ADA/USDT:USDT,0.824793,121.0,0.824752,121.0,0.824794,300.0,0.824846,94.0
1753617210331,11:53:30.331,huobi,ADA/USDT:USDT,0.824793,121.0,0.824752,121.0,0.824794,300.0,0.824846,94.0
1753617210418,11:53:30.418,huobi,ADA/USDT:USDT,0.824793,121.0,0.824752,121.0,0.824794,300.0,0.824846,94.0
1753617210437,11:53:30.437,huobi,ADA/USDT:USDT,0.824793,121.0,0.824752,121.0,0.824794,300.0,0.824846,94.0
1753617210472,11:53:30.472,huobi,ADA/USDT:USDT,0.824793,121.0,0.824752,121.0,0.824794,327.0,0.824846,94.0
1753617210524,11:53:30.524,huobi,ADA/USDT:USDT,0.824793,121.0,0.824752,121.0,0.824794,327.0,0.824846,94.0
1753617210566,11:53:30.566,huobi,ADA/USDT:USDT,0.824793,121.0,0.824752,121.0,0.824794,327.0,0.824846,94.0
1753617210665,11:53:30.665,huobi,ADA/USDT:USDT,0.824793,121.0,0.824752,121.0,0.824794,327.0,0.824846,94.0
1753617210729,11:53:30.729,huobi,ADA/USDT:USDT,0.824793,121.0,0.824752,121.0,0.824794,327.0,0.824846,94.0
1753617210761,11:53:30.761,huobi,ADA/USDT:USDT,0.824793,121.0,0.824752,121.0,0.824794,327.0,0.824846,94.0
1753617210791,11:53:30.791,huobi,ADA/USDT:USDT,0.824793,121.0,0.824752,121.0,0.824794,327.0,0.824846,94.0
1753617211009,11:53:31.009,huobi,ADA/USDT:USDT,0.824793,121.0,0.824752,121.0,0.824794,327.0,0.824846,94.0
1753617211108,11:53:31.108,huobi,ADA/USDT:USDT,0.824793,121.0,0.824752,121.0,0.824794,327.0,0.824846,94.0
1753617211115,11:53:31.115,huobi,ADA/USDT:USDT,0.824793,121.0,0.824752,121.0,0.824794,327.0,0.824846,94.0
1753617211206,11:53:31.206,huobi,ADA/USDT:USDT,0.824793,121.0,0.824752,121.0,0.824794,327.0,0.824846,94.0
1753617211259,11:53:31.259,huobi,ADA/USDT:USDT,0.824793,121.0,0.824752,121.0,0.824794,327.0,0.824846,94.0
1753617211273,11:53:31.273,huobi,ADA/USDT:USDT,0.824793,121.0,0.824752,121.0,0.824794,327.0,0.824846,94.0
1753617211320,11:53:31.320,huobi,ADA/USDT:USDT,0.824793,121.0,0.824752,121.0,0.824794,327.0,0.824846,94.0
1753617211342,11:53:31.342,huobi,ADA/USDT:USDT,0.824793,121.0,0.824752,121.0,0.824794,327.0,0.824846,94.0
1753617211363,11:53:31.363,huobi,ADA/USDT:USDT,0.824793,121.0,0.824752,121.0,0.824794,327.0,0.824846,94.0
1753617211502,11:53:31.502,huobi,ADA/USDT:USDT,0.824793,121.0,0.824752,121.0,0.824794,327.0,0.824846,94.0
1753617211506,11:53:31.506,huobi,ADA/USDT:USDT,0.824793,121.0,0.824752,121.0,0.824794,327.0,0.824846,94.0
1753617211533,11:53:31.533,huobi,ADA/USDT:USDT,0.824793,121.0,0.824752,121.0,0.824794,327.0,0.824846,94.0
1753617211688,11:53:31.688,huobi,ADA/USDT:USDT,0.824793,121.0,0.824752,121.0,0.824794,300.0,0.824846,94.0
1753617211716,11:53:31.716,huobi,ADA/USDT:USDT,0.824834,96.0,0.824793,121.0,0.824892,197.0,0.82493,93.0
1753617211744,11:53:31.744,huobi,ADA/USDT:USDT,0.824839,96.0,0.824835,27.0,0.824874,96.0,0.824881,300.0
1753617211778,11:53:31.778,huobi,ADA/USDT:USDT,0.824839,96.0,0.824835,27.0,0.824868,96.0,0.824881,300.0
1753617211812,11:53:31.812,huobi,ADA/USDT:USDT,0.824839,96.0,0.824835,27.0,0.824868,96.0,0.82493,93.0
1753617211840,11:53:31.840,huobi,ADA/USDT:USDT,0.824841,96.0,0.82484,27.0,0.824868,96.0,0.82491,300.0
1753617211877,11:53:31.877,huobi,ADA/USDT:USDT,0.824841,96.0,0.82484,27.0,0.824868,96.0,0.82491,300.0
1753617211900,11:53:31.900,huobi,ADA/USDT:USDT,0.824846,96.0,0.824842,27.0,0.824868,96.0,0.82491,300.0
1753617212034,11:53:32.034,huobi,ADA/USDT:USDT,0.824846,96.0,0.824842,27.0,0.824868,96.0,0.82493,93.0
1753617212047,11:53:32.047,huobi,ADA/USDT:USDT,0.824867,27.0,0.824846,96.0,0.82493,93.0,0.824993,95.0
1753617212074,11:53:32.074,huobi,ADA/USDT:USDT,0.824867,27.0,0.824849,64.0,0.824992,300.0,0.824993,95.0
1753617212120,11:53:32.120,huobi,ADA/USDT:USDT,0.824902,96.0,0.824868,64.0,0.824951,96.0,0.824992,300.0
1753617212140,11:53:32.140,huobi,ADA/USDT:USDT,0.824913,96.0,0.824903,27.0,0.824992,348.0,0.824993,95.0
1753617212168,11:53:32.168,huobi,ADA/USDT:USDT,0.824913,96.0,0.824903,27.0,0.824992,300.0,0.824993,95.0
1753617212200,11:53:32.200,huobi,ADA/USDT:USDT,0.824914,27.0,0.824913,96.0,0.824991,96.0,0.824992,300.0
1753617212225,11:53:32.225,huobi,ADA/USDT:USDT,0.824955,96.0,0.824914,27.0,0.824991,96.0,0.824992,300.0
1753617212259,11:53:32.259,huobi,ADA/USDT:USDT,0.824955,96.0,0.824914,27.0,0.824956,96.0,0.82499,300.0
1753617212364,11:53:32.364,huobi,ADA/USDT:USDT,0.824914,27.0,0.824913,96.0,0.824956,96.0,0.82499,300.0
1753617212387,11:53:32.387,huobi,ADA/USDT:USDT,0.824914,27.0,0.824913,96.0,0.824956,96.0,0.82499,300.0
1753617212454,11:53:32.454,huobi,ADA/USDT:USDT,0.824916,96.0,0.824914,27.0,0.824956,96.0,0.82499,300.0
1753617212465,11:53:32.465,huobi,ADA/USDT:USDT,0.824916,123.0,0.824914,27.0,0.824956,96.0,0.82499,300.0
1753617212522,11:53:32.522,huobi,ADA/USDT:USDT,0.82492,96.0,0.824916,123.0,0.824956,96.0,0.82499,300.0
1753617212529,11:53:32.529,huobi,ADA/USDT:USDT,0.82492,96.0,0.824916,27.0,0.824956,96.0,0.82499,300.0
1753617212557,11:53:32.557,huobi,ADA/USDT:USDT,0.824925,96.0,0.824921,27.0,0.824956,96.0,0.82499,300.0
1753617212602,11:53:32.602,huobi,ADA/USDT:USDT,0.824925,96.0,0.824921,27.0,0.824956,96.0,0.82499,300.0
1753617212700,11:53:32.700,huobi,ADA/USDT:USDT,0.824955,123.0,0.824925,96.0,0.824956,96.0,0.82499,300.0
1753617212762,11:53:32.762,huobi,ADA/USDT:USDT,0.824955,123.0,0.824921,27.0,0.824956,96.0,0.82499,300.0
1753617212838,11:53:32.838,huobi,ADA/USDT:USDT,0.824955,123.0,0.824921,27.0,0.824956,96.0,0.82499,300.0
1753617212866,11:53:32.866,huobi,ADA/USDT:USDT,0.824955,123.0,0.824921,27.0,0.824956,96.0,0.82499,300.0
1753617212987,11:53:32.987,huobi,ADA/USDT:USDT,0.824955,123.0,0.824921,27.0,0.824956,96.0,0.82499,300.0
1753617213041,11:53:33.041,huobi,ADA/USDT:USDT,0.824955,123.0,0.824921,27.0,0.824956,96.0,0.82499,300.0
1753617213067,11:53:33.067,huobi,ADA/USDT:USDT,0.824989,27.0,0.824955,123.0,0.82499,300.0,0.824992,300.0
1753617213098,11:53:33.098,huobi,ADA/USDT:USDT,0.824989,123.0,0.824955,27.0,0.825077,96.0,0.825119,94.0
1753617213134,11:53:33.134,huobi,ADA/USDT:USDT,0.824996,27.0,0.824995,96.0,0.825035,96.0,0.825076,300.0
1753617213152,11:53:33.152,huobi,ADA/USDT:USDT,0.824996,27.0,0.824995,96.0,0.824997,96.0,0.825034,300.0
1753617213184,11:53:33.184,huobi,ADA/USDT:USDT,0.824996,27.0,0.824989,27.0,0.824997,96.0,0.825034,300.0
1753617213246,11:53:33.246,huobi,ADA/USDT:USDT,0.824996,27.0,0.824989,27.0,0.824997,96.0,0.825034,300.0
1753617213298,11:53:33.298,huobi,ADA/USDT:USDT,0.824996,27.0,0.824989,27.0,0.824997,396.0,0.825034,300.0
1753617213310,11:53:33.310,huobi,ADA/USDT:USDT,0.824996,27.0,0.824989,27.0,0.824997,396.0,0.825034,300.0
1753617213394,11:53:33.394,huobi,ADA/USDT:USDT,0.824996,27.0,0.824989,27.0,0.824997,396.0,0.825034,300.0
1753617213397,11:53:33.397,huobi,ADA/USDT:USDT,0.824996,27.0,0.824989,27.0,0.824997,396.0,0.825034,300.0
1753617213429,11:53:33.429,huobi,ADA/USDT:USDT,0.824996,27.0,0.824989,27.0,0.824997,396.0,0.825034,300.0
1753617213484,11:53:33.484,huobi,ADA/USDT:USDT,0.824996,27.0,0.824989,27.0,0.824997,396.0,0.825034,300.0
1753617213487,11:53:33.487,huobi,ADA/USDT:USDT,0.824996,27.0,0.824989,27.0,0.824997,396.0,0.825034,300.0
1753617213515,11:53:33.515,huobi,ADA/USDT:USDT,0.824996,27.0,0.824989,27.0,0.824997,396.0,0.825034,300.0
1753617213553,11:53:33.553,huobi,ADA/USDT:USDT,0.824996,27.0,0.824989,27.0,0.824997,396.0,0.825034,300.0
1753617213577,11:53:33.577,huobi,ADA/USDT:USDT,0.824996,27.0,0.824989,27.0,0.824997,396.0,0.825034,300.0
1753617213607,11:53:33.607,huobi,ADA/USDT:USDT,0.824996,27.0,0.824989,27.0,0.824997,396.0,0.825034,300.0
1753617213638,11:53:33.638,huobi,ADA/USDT:USDT,0.824996,27.0,0.824989,27.0,0.824997,396.0,0.825034,300.0
1753617213679,11:53:33.679,huobi,ADA/USDT:USDT,0.824996,27.0,0.824989,27.0,0.824997,396.0,0.825034,300.0
1753617213708,11:53:33.708,huobi,ADA/USDT:USDT,0.824996,27.0,0.824989,27.0,0.824997,396.0,0.825034,300.0
1753617213736,11:53:33.736,huobi,ADA/USDT:USDT,0.824996,27.0,0.824989,27.0,0.824997,396.0,0.825034,300.0
1753617213754,11:53:33.754,huobi,ADA/USDT:USDT,0.824996,27.0,0.824989,27.0,0.824997,540.0,0.825034,300.0
1753617213787,11:53:33.787,huobi,ADA/USDT:USDT,0.824996,27.0,0.824989,27.0,0.824997,540.0,0.825034,300.0
1753617213819,11:53:33.819,huobi,ADA/USDT:USDT,0.824996,27.0,0.824989,27.0,0.824997,540.0,0.825034,300.0
1753617213843,11:53:33.843,huobi,ADA/USDT:USDT,0.824803,64.0,0.824752,94.0,0.824989,300.0,0.82499,379.0
1753617213874,11:53:33.874,huobi,ADA/USDT:USDT,0.824844,96.0,0.824752,94.0,0.824949,96.0,0.824989,300.0
1753617213969,11:53:33.969,huobi,ADA/USDT:USDT,0.824895,27.0,0.824894,96.0,0.824949,96.0,0.824989,300.0
1753617214040,11:53:34.040,huobi,ADA/USDT:USDT,0.824901,96.0,0.824895,27.0,0.824949,96.0,0.824989,300.0
1753617214088,11:53:34.088,huobi,ADA/USDT:USDT,0.824902,27.0,0.824901,96.0,0.824949,96.0,0.824989,300.0
1753617214118,11:53:34.118,huobi,ADA/USDT:USDT,0.824902,27.0,0.824901,96.0,0.824949,96.0,0.824989,300.0
1753617214152,11:53:34.152,huobi,ADA/USDT:USDT,0.824902,27.0,0.824901,96.0,0.824949,96.0,0.824989,300.0
1753617214246,11:53:34.246,huobi,ADA/USDT:USDT,0.824902,27.0,0.824901,96.0,0.824949,96.0,0.824989,300.0
1753617214279,11:53:34.279,huobi,ADA/USDT:USDT,0.824902,27.0,0.824901,96.0,0.824949,96.0,0.824989,300.0
1753617214320,11:53:34.320,huobi,ADA/USDT:USDT,0.824902,27.0,0.824901,96.0,0.824949,96.0,0.824989,300.0
1753617214324,11:53:34.324,huobi,ADA/USDT:USDT,0.824902,27.0,0.824901,96.0,0.824949,96.0,0.824989,300.0
1753617214357,11:53:34.357,huobi,ADA/USDT:USDT,0.824902,27.0,0.824901,96.0,0.824949,96.0,0.824989,300.0
1753617214421,11:53:34.421,huobi,ADA/USDT:USDT,0.824902,27.0,0.824901,96.0,0.824949,96.0,0.824989,300.0
1753617214444,11:53:34.444,huobi,ADA/USDT:USDT,0.824948,27.0,0.824902,27.0,0.824949,96.0,0.824989,300.0
1753617214504,11:53:34.504,huobi,ADA/USDT:USDT,0.824948,27.0,0.824902,27.0,0.824949,96.0,0.824989,300.0
1753617214566,11:53:34.566,huobi,ADA/USDT:USDT,0.824948,27.0,0.824902,27.0,0.824949,96.0,0.824989,300.0
1753617214656,11:53:34.656,huobi,ADA/USDT:USDT,0.824948,27.0,0.824902,27.0,0.824949,96.0,0.824989,300.0
1753617214686,11:53:34.686,huobi,ADA/USDT:USDT,0.824948,27.0,0.824902,27.0,0.824949,96.0,0.824989,300.0
1753617214719,11:53:34.719,huobi,ADA/USDT:USDT,0.824902,27.0,0.824844,96.0,0.824908,96.0,0.824949,476.0
1753617214750,11:53:34.750,huobi,ADA/USDT:USDT,0.824902,27.0,0.824844,96.0,0.824908,96.0,0.824949,396.0
1753617214828,11:53:34.828,huobi,ADA/USDT:USDT,0.824902,123.0,0.824844,96.0,0.824908,96.0,0.824949,396.0
1753617214836,11:53:34.836,huobi,ADA/USDT:USDT,0.824902,27.0,0.824844,96.0,0.824908,96.0,0.824949,396.0
1753617214877,11:53:34.877,huobi,ADA/USDT:USDT,0.824907,27.0,0.824902,27.0,0.824908,96.0,0.824949,396.0
1753617214905,11:53:34.905,huobi,ADA/USDT:USDT,0.824907,27.0,0.824902,27.0,0.824908,96.0,0.824949,396.0
1753617214926,11:53:34.926,huobi,ADA/USDT:USDT,0.824907,27.0,0.824902,27.0,0.824908,96.0,0.824949,396.0
1753617214991,11:53:34.991,huobi,ADA/USDT:USDT,0.824907,27.0,0.824902,27.0,0.824908,96.0,0.824949,396.0
1753617215020,11:53:35.020,huobi,ADA/USDT:USDT,0.824907,27.0,0.824902,27.0,0.824908,96.0,0.824949,396.0
1753617215047,11:53:35.047,huobi,ADA/USDT:USDT,0.824907,27.0,0.824902,27.0,0.824908,96.0,0.824949,396.0
1753617215100,11:53:35.100,huobi,ADA/USDT:USDT,0.824907,27.0,0.824902,27.0,0.824908,96.0,0.824949,396.0
1753617215103,11:53:35.103,huobi,ADA/USDT:USDT,0.824907,27.0,0.824902,27.0,0.824908,96.0,0.824949,396.0
1753617215134,11:53:35.134,huobi,ADA/USDT:USDT,0.824907,27.0,0.824902,27.0,0.824908,96.0,0.824949,396.0
1753617215164,11:53:35.164,huobi,ADA/USDT:USDT,0.824907,123.0,0.824844,96.0,0.824949,396.0,0.824989,300.0
1753617215241,11:53:35.241,huobi,ADA/USDT:USDT,0.824948,123.0,0.824907,123.0,0.824949,396.0,0.824989,300.0
1753617215279,11:53:35.279,huobi,ADA/USDT:USDT,0.824948,123.0,0.824907,123.0,0.824949,396.0,0.824989,300.0
1753617215319,11:53:35.319,huobi,ADA/USDT:USDT,0.824948,123.0,0.824907,123.0,0.824949,396.0,0.824989,300.0
1753617215355,11:53:35.355,huobi,ADA/USDT:USDT,0.824948,123.0,0.824907,123.0,0.824949,396.0,0.824989,300.0
1753617215397,11:53:35.397,huobi,ADA/USDT:USDT,0.824948,123.0,0.824907,123.0,0.824949,396.0,0.824989,300.0
1753617215422,11:53:35.422,huobi,ADA/USDT:USDT,0.824948,123.0,0.824907,123.0,0.824949,396.0,0.824989,300.0
1753617215444,11:53:35.444,huobi,ADA/USDT:USDT,0.824948,123.0,0.824907,123.0,0.824949,300.0,0.824989,300.0
1753617215466,11:53:35.466,huobi,ADA/USDT:USDT,0.824948,123.0,0.824907,123.0,0.824949,300.0,0.824989,300.0
1753617215510,11:53:35.510,huobi,ADA/USDT:USDT,0.824948,123.0,0.824907,123.0,0.824949,300.0,0.824989,300.0
1753617215537,11:53:35.537,huobi,ADA/USDT:USDT,0.824948,123.0,0.824907,123.0,0.824949,300.0,0.824989,300.0
1753617215582,11:53:35.582,huobi,ADA/USDT:USDT,0.824948,123.0,0.824907,123.0,0.824949,300.0,0.824989,300.0
1753617215609,11:53:35.609,huobi,ADA/USDT:USDT,0.824948,123.0,0.824907,123.0,0.824949,300.0,0.824989,300.0
1753617215630,11:53:35.630,huobi,ADA/USDT:USDT,0.824948,123.0,0.824907,123.0,0.824949,300.0,0.824989,300.0
1753617215687,11:53:35.687,huobi,ADA/USDT:USDT,0.824948,123.0,0.824907,123.0,0.824949,300.0,0.824989,300.0
1753617215746,11:53:35.746,huobi,ADA/USDT:USDT,0.824948,123.0,0.824907,123.0,0.824949,300.0,0.824989,300.0
1753617215781,11:53:35.781,huobi,ADA/USDT:USDT,0.824948,123.0,0.824907,123.0,0.824949,300.0,0.824989,300.0
1753617215811,11:53:35.811,huobi,ADA/USDT:USDT,0.824948,123.0,0.824907,123.0,0.824949,300.0,0.824989,300.0
1753617215834,11:53:35.834,huobi,ADA/USDT:USDT,0.824948,123.0,0.824907,123.0,0.824949,300.0,0.824989,300.0
1753617215861,11:53:35.861,huobi,ADA/USDT:USDT,0.824948,123.0,0.824907,123.0,0.824949,300.0,0.824989,300.0
1753617215934,11:53:35.934,huobi,ADA/USDT:USDT,0.824948,123.0,0.824907,123.0,0.824949,300.0,0.824989,300.0
1753617216119,11:53:36.119,huobi,ADA/USDT:USDT,0.824948,123.0,0.824907,123.0,0.824949,300.0,0.824989,300.0
1753617216124,11:53:36.124,huobi,ADA/USDT:USDT,0.824948,123.0,0.824907,123.0,0.824949,300.0,0.824989,300.0
1753617216229,11:53:36.229,huobi,ADA/USDT:USDT,0.824948,123.0,0.824907,123.0,0.824949,300.0,0.824989,300.0
1753617216245,11:53:36.245,huobi,ADA/USDT:USDT,0.824948,123.0,0.824907,123.0,0.824949,300.0,0.824989,300.0
1753617216296,11:53:36.296,huobi,ADA/USDT:USDT,0.824948,123.0,0.824907,123.0,0.824949,300.0,0.824989,300.0
1753617216305,11:53:36.305,huobi,ADA/USDT:USDT,0.824948,123.0,0.824907,123.0,0.824989,300.0,0.82499,96.0
1753617216335,11:53:36.335,huobi,ADA/USDT:USDT,0.824988,27.0,0.824948,27.0,0.82499,96.0,0.825039,96.0
1753617216372,11:53:36.372,huobi,ADA/USDT:USDT,0.824988,123.0,0.824948,27.0,0.825001,96.0,0.825002,300.0
1753617216398,11:53:36.398,huobi,ADA/USDT:USDT,0.824988,123.0,0.824948,27.0,0.825,300.0,0.825002,300.0
1753617216437,11:53:36.437,huobi,ADA/USDT:USDT,0.824988,123.0,0.824948,27.0,0.824993,96.0,0.825106,300.0
1753617216463,11:53:36.463,huobi,ADA/USDT:USDT,0.824988,123.0,0.824948,27.0,0.824992,300.0,0.824993,96.0
1753617216493,11:53:36.493,huobi,ADA/USDT:USDT,0.824988,123.0,0.824948,27.0,0.82499,300.0,0.824991,96.0
1753617216519,11:53:36.519,huobi,ADA/USDT:USDT,0.824988,123.0,0.824948,27.0,0.824989,96.0,0.82499,300.0
1753617216562,11:53:36.562,huobi,ADA/USDT:USDT,0.824988,123.0,0.824948,27.0,0.824989,396.0,0.82499,300.0
1753617216675,11:53:36.675,huobi,ADA/USDT:USDT,0.824988,123.0,0.824948,27.0,0.824989,396.0,0.82499,300.0
1753617216709,11:53:36.709,huobi,ADA/USDT:USDT,0.824988,27.0,0.824948,27.0,0.824989,396.0,0.82499,300.0
1753617216740,11:53:36.740,huobi,ADA/USDT:USDT,0.824988,27.0,0.824948,27.0,0.824989,396.0,0.82499,300.0
1753617216770,11:53:36.770,huobi,ADA/USDT:USDT,0.824988,27.0,0.824948,27.0,0.824989,396.0,0.82499,300.0
1753617216820,11:53:36.820,huobi,ADA/USDT:USDT,0.824988,27.0,0.824948,27.0,0.824989,396.0,0.82499,300.0
1753617216919,11:53:36.919,huobi,ADA/USDT:USDT,0.824988,27.0,0.824948,27.0,0.824989,396.0,0.82499,300.0
1753617216972,11:53:36.972,huobi,ADA/USDT:USDT,0.824988,27.0,0.824948,27.0,0.824989,396.0,0.82499,300.0
1753617216999,11:53:36.999,huobi,ADA/USDT:USDT,0.824988,27.0,0.824948,27.0,0.824989,396.0,0.82499,300.0
1753617217038,11:53:37.038,huobi,ADA/USDT:USDT,0.824988,27.0,0.824948,27.0,0.824989,396.0,0.82499,300.0
1753617217059,11:53:37.059,huobi,ADA/USDT:USDT,0.824988,27.0,0.824948,27.0,0.824989,396.0,0.82499,300.0
1753617217100,11:53:37.100,huobi,ADA/USDT:USDT,0.824988,27.0,0.824948,27.0,0.824989,396.0,0.82499,300.0
1753617217121,11:53:37.121,huobi,ADA/USDT:USDT,0.824988,27.0,0.824948,27.0,0.824989,396.0,0.82499,300.0
1753617217192,11:53:37.192,huobi,ADA/USDT:USDT,0.824988,27.0,0.824948,27.0,0.824989,396.0,0.82499,300.0
1753617217218,11:53:37.218,huobi,ADA/USDT:USDT,0.824988,27.0,0.824948,27.0,0.824989,396.0,0.82499,300.0
1753617217306,11:53:37.306,huobi,ADA/USDT:USDT,0.824988,27.0,0.824948,27.0,0.824989,396.0,0.82499,300.0
1753617217333,11:53:37.333,huobi,ADA/USDT:USDT,0.824988,27.0,0.824948,27.0,0.824989,396.0,0.82499,300.0
1753617217359,11:53:37.359,huobi,ADA/USDT:USDT,0.824988,27.0,0.824948,27.0,0.824989,396.0,0.82499,300.0
1753617217396,11:53:37.396,huobi,ADA/USDT:USDT,0.824988,27.0,0.824948,27.0,0.824989,396.0,0.82499,300.0
1753617217436,11:53:37.436,huobi,ADA/USDT:USDT,0.824988,27.0,0.824948,27.0,0.824989,396.0,0.82499,300.0
1753617217465,11:53:37.465,huobi,ADA/USDT:USDT,0.824988,27.0,0.824948,27.0,0.824989,396.0,0.82499,300.0
1753617217504,11:53:37.504,huobi,ADA/USDT:USDT,0.824988,27.0,0.824948,27.0,0.824989,396.0,0.82499,300.0
1753617217540,11:53:37.540,huobi,ADA/USDT:USDT,0.824988,27.0,0.824948,27.0,0.824989,396.0,0.82499,300.0
1753617217599,11:53:37.599,huobi,ADA/USDT:USDT,0.824988,27.0,0.824948,27.0,0.824989,396.0,0.82499,300.0
1753617217633,11:53:37.633,huobi,ADA/USDT:USDT,0.824988,27.0,0.824948,27.0,0.824989,396.0,0.82499,300.0
1753617217737,11:53:37.737,huobi,ADA/USDT:USDT,0.824988,27.0,0.824948,27.0,0.824989,396.0,0.82499,300.0
1753617217753,11:53:37.753,huobi,ADA/USDT:USDT,0.824988,27.0,0.824948,27.0,0.824989,396.0,0.82499,300.0
1753617217828,11:53:37.828,huobi,ADA/USDT:USDT,0.824988,27.0,0.824948,27.0,0.824989,396.0,0.82499,300.0
1753617217850,11:53:37.850,huobi,ADA/USDT:USDT,0.824988,27.0,0.824948,27.0,0.824989,396.0,0.82499,300.0
1753617217925,11:53:37.925,huobi,ADA/USDT:USDT,0.824988,27.0,0.824948,27.0,0.824989,396.0,0.82499,300.0
1753617217963,11:53:37.963,huobi,ADA/USDT:USDT,0.824988,27.0,0.824948,27.0,0.824989,396.0,0.82499,300.0
1753617218039,11:53:38.039,huobi,ADA/USDT:USDT,0.824988,27.0,0.824948,27.0,0.824989,396.0,0.82499,300.0
1753617218052,11:53:38.052,huobi,ADA/USDT:USDT,0.824988,123.0,0.824948,27.0,0.824989,396.0,0.82499,300.0
1753617218132,11:53:38.132,huobi,ADA/USDT:USDT,0.824988,123.0,0.824948,27.0,0.824989,396.0,0.82499,300.0
1753617218137,11:53:38.137,huobi,ADA/USDT:USDT,0.824988,123.0,0.824948,27.0,0.824989,396.0,0.82499,300.0
1753617218180,11:53:38.180,huobi,ADA/USDT:USDT,0.824988,123.0,0.824948,27.0,0.824989,396.0,0.82499,300.0
1753617218220,11:53:38.220,huobi,ADA/USDT:USDT,0.824988,123.0,0.824948,27.0,0.824989,396.0,0.82499,300.0
1753617218238,11:53:38.238,huobi,ADA/USDT:USDT,0.824988,123.0,0.824948,27.0,0.824989,396.0,0.82499,300.0
1753617218258,11:53:38.258,huobi,ADA/USDT:USDT,0.824988,123.0,0.824948,27.0,0.824989,396.0,0.82499,300.0
1753617218307,11:53:38.307,huobi,ADA/USDT:USDT,0.824988,27.0,0.824948,27.0,0.824989,396.0,0.82499,300.0
1753617218330,11:53:38.330,huobi,ADA/USDT:USDT,0.824988,27.0,0.824948,27.0,0.824989,396.0,0.82499,300.0
1753617218352,11:53:38.352,huobi,ADA/USDT:USDT,0.824988,27.0,0.824948,27.0,0.824989,396.0,0.82499,300.0
1753617218442,11:53:38.442,huobi,ADA/USDT:USDT,0.824988,27.0,0.824948,27.0,0.824989,396.0,0.82499,300.0
1753617218465,11:53:38.465,huobi,ADA/USDT:USDT,0.824988,27.0,0.824948,27.0,0.824989,396.0,0.82499,300.0
1753617218517,11:53:38.517,huobi,ADA/USDT:USDT,0.824988,123.0,0.824948,27.0,0.824989,396.0,0.82499,300.0
1753617218530,11:53:38.530,huobi,ADA/USDT:USDT,0.824988,123.0,0.824948,27.0,0.824989,300.0,0.82499,300.0
1753617218555,11:53:38.555,huobi,ADA/USDT:USDT,0.824988,27.0,0.824948,27.0,0.82516,155.0,0.825161,96.0
1753617218586,11:53:38.586,huobi,ADA/USDT:USDT,0.824989,96.0,0.824988,27.0,0.825109,64.0,0.825118,128.0
1753617218621,11:53:38.621,huobi,ADA/USDT:USDT,0.824989,96.0,0.824988,27.0,0.825076,300.0,0.825077,96.0
1753617218643,11:53:38.643,huobi,ADA/USDT:USDT,0.82499,27.0,0.824989,96.0,0.825034,300.0,0.825035,96.0
1753617218682,11:53:38.682,huobi,ADA/USDT:USDT,0.824998,27.0,0.82499,27.0,0.825022,96.0,0.825034,300.0
1753617218714,11:53:38.714,huobi,ADA/USDT:USDT,0.825,96.0,0.824998,27.0,0.825022,96.0,0.825034,300.0
1753617218741,11:53:38.741,huobi,ADA/USDT:USDT,0.82502,27.0,0.825,96.0,0.825021,300.0,0.825022,96.0
1753617218803,11:53:38.803,huobi,ADA/USDT:USDT,0.82502,27.0,0.825,96.0,0.825021,300.0,0.825022,96.0
1753617218833,11:53:38.833,huobi,ADA/USDT:USDT,0.82502,27.0,0.825,96.0,0.825021,300.0,0.825022,96.0
1753617218887,11:53:38.887,huobi,ADA/USDT:USDT,0.82502,27.0,0.825,96.0,0.825021,300.0,0.825022,96.0
1753617218888,11:53:38.888,huobi,ADA/USDT:USDT,0.82502,27.0,0.825,96.0,0.825021,300.0,0.825022,96.0
1753617218934,11:53:38.934,huobi,ADA/USDT:USDT,0.82502,27.0,0.825,96.0,0.825021,300.0,0.825022,96.0
1753617218965,11:53:38.965,huobi,ADA/USDT:USDT,0.82502,27.0,0.825,96.0,0.825021,300.0,0.825022,96.0
1753617219247,11:53:39.247,huobi,ADA/USDT:USDT,0.82502,27.0,0.825,96.0,0.825021,300.0,0.825022,96.0
1753617219291,11:53:39.291,huobi,ADA/USDT:USDT,0.82502,27.0,0.825,96.0,0.825021,300.0,0.825022,96.0
1753617219321,11:53:39.321,huobi,ADA/USDT:USDT,0.82502,27.0,0.825,96.0,0.825021,300.0,0.825022,96.0
1753617219358,11:53:39.358,huobi,ADA/USDT:USDT,0.82502,27.0,0.825,96.0,0.825021,300.0,0.825022,96.0
1753617219369,11:53:39.369,huobi,ADA/USDT:USDT,0.82502,27.0,0.825,96.0,0.825021,300.0,0.825022,96.0
1753617219406,11:53:39.406,huobi,ADA/USDT:USDT,0.82502,27.0,0.825,96.0,0.825021,300.0,0.825022,96.0
1753617219472,11:53:39.472,huobi,ADA/USDT:USDT,0.82502,27.0,0.824998,27.0,0.825021,300.0,0.825022,96.0
1753617219498,11:53:39.498,huobi,ADA/USDT:USDT,0.82502,27.0,0.824998,27.0,0.825021,300.0,0.825022,96.0
1753617219518,11:53:39.518,huobi,ADA/USDT:USDT,0.82502,27.0,0.824998,27.0,0.825021,300.0,0.825022,96.0
1753617219559,11:53:39.559,huobi,ADA/USDT:USDT,0.82502,27.0,0.824998,27.0,0.825021,300.0,0.825022,96.0
1753617219609,11:53:39.609,huobi,ADA/USDT:USDT,0.82502,27.0,0.824998,27.0,0.825021,300.0,0.825022,96.0
1753617219635,11:53:39.635,huobi,ADA/USDT:USDT,0.82502,27.0,0.824998,27.0,0.825021,300.0,0.825022,96.0
1753617219729,11:53:39.729,huobi,ADA/USDT:USDT,0.82502,27.0,0.824998,27.0,0.825021,300.0,0.825022,96.0
1753617219760,11:53:39.760,huobi,ADA/USDT:USDT,0.82502,27.0,0.824998,27.0,0.825021,300.0,0.825022,96.0
1753617219790,11:53:39.790,huobi,ADA/USDT:USDT,0.82502,27.0,0.824998,27.0,0.825021,300.0,0.825022,96.0
1753617219824,11:53:39.824,huobi,ADA/USDT:USDT,0.82502,27.0,0.824998,27.0,0.825021,300.0,0.825022,96.0
1753617219876,11:53:39.876,huobi,ADA/USDT:USDT,0.82502,27.0,0.824998,27.0,0.825021,300.0,0.825022,96.0
1753617219917,11:53:39.917,huobi,ADA/USDT:USDT,0.82502,27.0,0.824998,27.0,0.825021,300.0,0.825022,96.0
1753617220041,11:53:40.041,huobi,ADA/USDT:USDT,0.82502,27.0,0.824998,27.0,0.825021,300.0,0.825022,96.0
1753617220055,11:53:40.055,huobi,ADA/USDT:USDT,0.82502,27.0,0.824998,27.0,0.825021,300.0,0.825022,96.0
1753617220099,11:53:40.099,huobi,ADA/USDT:USDT,0.82502,27.0,0.824998,27.0,0.825021,300.0,0.825022,96.0
1753617220140,11:53:40.140,huobi,ADA/USDT:USDT,0.82502,27.0,0.824998,27.0,0.825021,300.0,0.825022,96.0
1753617220145,11:53:40.145,huobi,ADA/USDT:USDT,0.82502,27.0,0.824998,27.0,0.825021,300.0,0.825022,96.0
1753617220172,11:53:40.172,huobi,ADA/USDT:USDT,0.82502,123.0,0.824998,27.0,0.825021,300.0,0.825034,300.0
1753617220205,11:53:40.205,huobi,ADA/USDT:USDT,0.82502,123.0,0.824998,27.0,0.825021,300.0,0.825034,300.0
1753617220233,11:53:40.233,huobi,ADA/USDT:USDT,0.825061,27.0,0.82506,96.0,0.825077,96.0,0.825118,48.0
1753617220265,11:53:40.265,huobi,ADA/USDT:USDT,0.825076,96.0,0.825061,27.0,0.825118,48.0,0.825119,96.0
1753617220348,11:53:40.348,huobi,ADA/USDT:USDT,0.825076,96.0,0.825061,27.0,0.825116,96.0,0.825118,48.0
1753617220363,11:53:40.363,huobi,ADA/USDT:USDT,0.825076,96.0,0.825061,27.0,0.825116,96.0,0.825118,48.0
1753617220419,11:53:40.419,huobi,ADA/USDT:USDT,0.825076,96.0,0.825061,27.0,0.825116,96.0,0.825118,48.0
1753617220447,11:53:40.447,huobi,ADA/USDT:USDT,0.825076,96.0,0.825061,27.0,0.825116,96.0,0.825118,48.0
1753617220486,11:53:40.486,huobi,ADA/USDT:USDT,0.825076,96.0,0.825061,27.0,0.825116,96.0,0.825118,48.0
1753617220522,11:53:40.522,huobi,ADA/USDT:USDT,0.825076,96.0,0.825061,27.0,0.825116,96.0,0.825118,48.0
1753617220549,11:53:40.549,huobi,ADA/USDT:USDT,0.825076,96.0,0.825061,27.0,0.825116,96.0,0.825118,48.0
1753617220588,11:53:40.588,huobi,ADA/USDT:USDT,0.825076,96.0,0.825061,27.0,0.825116,96.0,0.825118,48.0
1753617220595,11:53:40.595,huobi,ADA/USDT:USDT,0.825076,96.0,0.825061,27.0,0.825115,80.0,0.825116,96.0
1753617220624,11:53:40.624,huobi,ADA/USDT:USDT,0.825089,96.0,0.825077,27.0,0.825114,96.0,0.825143,300.0
1753617220668,11:53:40.668,huobi,ADA/USDT:USDT,0.825089,96.0,0.825077,27.0,0.825114,96.0,0.825143,300.0
1753617220696,11:53:40.696,huobi,ADA/USDT:USDT,0.825089,96.0,0.825077,27.0,0.825114,96.0,0.825143,300.0
1753617220718,11:53:40.718,huobi,ADA/USDT:USDT,0.825089,96.0,0.825077,27.0,0.825114,96.0,0.825143,300.0
1753617220745,11:53:40.745,huobi,ADA/USDT:USDT,0.825089,96.0,0.825077,27.0,0.825114,96.0,0.82516,27.0
1753617220785,11:53:40.785,huobi,ADA/USDT:USDT,0.825113,123.0,0.825077,27.0,0.825114,96.0,0.82516,27.0
1753617220806,11:53:40.806,huobi,ADA/USDT:USDT,0.825113,27.0,0.825077,27.0,0.82516,27.0,0.825161,96.0
1753617220845,11:53:40.845,huobi,ADA/USDT:USDT,0.825127,27.0,0.825126,96.0,0.825152,96.0,0.82516,27.0
1753617220891,11:53:40.891,huobi,ADA/USDT:USDT,0.825127,27.0,0.825126,96.0,0.825152,96.0,0.82516,27.0
1753617220894,11:53:40.894,huobi,ADA/USDT:USDT,0.825127,27.0,0.825126,96.0,0.825152,96.0,0.82516,27.0
1753617220933,11:53:40.933,huobi,ADA/USDT:USDT,0.825127,27.0,0.825126,96.0,0.825152,96.0,0.82516,27.0
1753617221016,11:53:41.016,huobi,ADA/USDT:USDT,0.825127,27.0,0.825126,96.0,0.825152,96.0,0.82516,27.0
1753617221069,11:53:41.069,huobi,ADA/USDT:USDT,0.825127,27.0,0.825126,96.0,0.825152,96.0,0.82516,27.0
1753617221106,11:53:41.106,huobi,ADA/USDT:USDT,0.825127,27.0,0.825126,96.0,0.825152,96.0,0.82516,27.0
1753617221145,11:53:41.145,huobi,ADA/USDT:USDT,0.825151,27.0,0.825127,27.0,0.825152,96.0,0.82516,27.0
1753617221170,11:53:41.170,huobi,ADA/USDT:USDT,0.825151,27.0,0.825127,27.0,0.825152,96.0,0.82516,27.0
1753617221202,11:53:41.202,huobi,ADA/USDT:USDT,0.825151,27.0,0.825127,27.0,0.825152,96.0,0.82516,27.0
1753617221238,11:53:41.238,huobi,ADA/USDT:USDT,0.825151,27.0,0.825127,27.0,0.825152,96.0,0.82516,27.0
1753617221294,11:53:41.294,huobi,ADA/USDT:USDT,0.825151,27.0,0.825127,27.0,0.825152,96.0,0.82516,27.0
1753617221329,11:53:41.329,huobi,ADA/USDT:USDT,0.825151,27.0,0.825127,27.0,0.825152,96.0,0.82516,27.0
1753617221342,11:53:41.342,huobi,ADA/USDT:USDT,0.825151,27.0,0.825127,27.0,0.825152,96.0,0.82516,27.0
1753617221392,11:53:41.392,huobi,ADA/USDT:USDT,0.825151,27.0,0.825127,27.0,0.825152,96.0,0.82516,27.0
1753617221409,11:53:41.409,huobi,ADA/USDT:USDT,0.825151,27.0,0.825127,27.0,0.825152,96.0,0.82516,27.0
1753617221449,11:53:41.449,huobi,ADA/USDT:USDT,0.825151,27.0,0.825127,27.0,0.825152,96.0,0.82516,27.0
1753617221498,11:53:41.498,huobi,ADA/USDT:USDT,0.825151,27.0,0.825127,27.0,0.825152,96.0,0.82516,27.0
1753617221564,11:53:41.564,huobi,ADA/USDT:USDT,0.825151,27.0,0.825127,27.0,0.825152,96.0,0.82516,27.0
1753617221586,11:53:41.586,huobi,ADA/USDT:USDT,0.825151,27.0,0.825127,27.0,0.825152,96.0,0.82516,27.0
1753617221614,11:53:41.614,huobi,ADA/USDT:USDT,0.825151,27.0,0.825127,27.0,0.825152,96.0,0.82516,27.0
1753617221719,11:53:41.719,huobi,ADA/USDT:USDT,0.825151,27.0,0.825127,27.0,0.825152,96.0,0.82516,27.0
1753617221759,11:53:41.759,huobi,ADA/USDT:USDT,0.825151,27.0,0.825127,27.0,0.825152,96.0,0.82516,27.0
1753617221781,11:53:41.781,huobi,ADA/USDT:USDT,0.825151,27.0,0.825127,27.0,0.825152,96.0,0.82516,27.0
1753617221839,11:53:41.839,huobi,ADA/USDT:USDT,0.825151,27.0,0.825127,27.0,0.825152,96.0,0.82516,27.0
1753617221928,11:53:41.928,huobi,ADA/USDT:USDT,0.825151,27.0,0.825127,27.0,0.825152,96.0,0.82516,27.0
1753617221928,11:53:41.928,huobi,ADA/USDT:USDT,0.825151,27.0,0.825127,27.0,0.825152,96.0,0.82516,27.0
1753617221970,11:53:41.970,huobi,ADA/USDT:USDT,0.825151,27.0,0.825127,27.0,0.825152,96.0,0.82516,27.0
1753617221978,11:53:41.978,huobi,ADA/USDT:USDT,0.825151,27.0,0.825127,27.0,0.825152,96.0,0.82516,27.0
1753617222011,11:53:42.011,huobi,ADA/USDT:USDT,0.825151,27.0,0.825127,27.0,0.825152,96.0,0.82516,27.0
1753617222035,11:53:42.035,huobi,ADA/USDT:USDT,0.825151,27.0,0.825127,27.0,0.825152,160.0,0.82516,27.0
1753617222096,11:53:42.096,huobi,ADA/USDT:USDT,0.825151,27.0,0.825127,27.0,0.825152,160.0,0.82516,27.0
1753617222134,11:53:42.134,huobi,ADA/USDT:USDT,0.825151,27.0,0.825127,27.0,0.825152,160.0,0.82516,27.0
