timestamp,time,exchange,symbol,bid1_price,bid1_volume,bid2_price,bid2_volume,ask1_price,ask1_volume,ask2_price,ask2_volume
1753617160000,11:52:40.000,gateio,ACE/USDT:USDT,0.5947,366.0,0.5945,1000.0,0.5955,1275.0,0.5963,1000.0
1753617160891,11:52:40.891,gateio,ACE/USDT:USDT,0.5947,376.0,0.5945,1000.0,0.5955,1275.0,0.5963,1000.0
1753617161329,11:52:41.329,gateio,ACE/USDT:USDT,0.5947,11008.0,0.5945,1000.0,0.5955,1275.0,0.5963,1000.0
1753617161340,11:52:41.340,gateio,ACE/USDT:USDT,0.5947,10456.0,0.5945,1000.0,0.5955,1275.0,0.5963,1000.0
1753617162534,11:52:42.534,gateio,ACE/USDT:USDT,0.5948,1798.0,0.5947,5410.0,0.5955,1275.0,0.5963,1000.0
1753617162541,11:52:42.541,gateio,ACE/USDT:USDT,0.5948,1798.0,0.5947,5410.0,0.5955,1275.0,0.5963,1000.0
1753617162766,11:52:42.766,gateio,ACE/USDT:USDT,0.5948,1798.0,0.5947,5410.0,0.5955,1275.0,0.5963,1000.0
1753617163050,11:52:43.050,gateio,ACE/USDT:USDT,0.5948,1798.0,0.5947,5410.0,0.5955,1275.0,0.5966,136.0
1753617163283,11:52:43.283,gateio,ACE/USDT:USDT,0.5948,841.0,0.5947,5410.0,0.5955,1275.0,0.5966,136.0
1753617163676,11:52:43.676,gateio,ACE/USDT:USDT,0.5948,5885.0,0.5947,5410.0,0.5955,1275.0,0.5966,136.0
1753617164483,11:52:44.483,gateio,ACE/USDT:USDT,0.5948,5044.0,0.5947,5410.0,0.5967,1000.0,0.5968,1136.0
1753617164934,11:52:44.934,gateio,ACE/USDT:USDT,0.5948,5044.0,0.5947,5410.0,0.5964,5030.0,0.5965,1000.0
1753617165029,11:52:45.029,gateio,ACE/USDT:USDT,0.5948,5044.0,0.5947,5410.0,0.5964,5030.0,0.5967,1000.0
1753617165335,11:52:45.335,gateio,ACE/USDT:USDT,0.5948,4650.0,0.5947,15500.0,0.5963,4527.0,0.5964,15090.0
1753617165359,11:52:45.359,gateio,ACE/USDT:USDT,0.5948,4650.0,0.5947,15500.0,0.5962,6031.0,0.5964,10060.0
1753617165453,11:52:45.453,gateio,ACE/USDT:USDT,0.5948,4650.0,0.5947,15500.0,0.5962,6031.0,0.5964,10060.0
1753617165790,11:52:45.790,gateio,ACE/USDT:USDT,0.5948,4650.0,0.5947,15500.0,0.5962,6031.0,0.5964,10060.0
1753617165969,11:52:45.969,gateio,ACE/USDT:USDT,0.5948,4650.0,0.5947,15500.0,0.5962,6031.0,0.5964,10060.0
1753617166256,11:52:46.256,gateio,ACE/USDT:USDT,0.5948,4650.0,0.5947,15500.0,0.5962,6031.0,0.5964,10060.0
1753617166718,11:52:46.718,gateio,ACE/USDT:USDT,0.5948,4650.0,0.5947,15500.0,0.5962,6031.0,0.5964,10060.0
1753617166820,11:52:46.820,gateio,ACE/USDT:USDT,0.5948,4650.0,0.5947,15500.0,0.5962,6031.0,0.5967,1000.0
1753617166875,11:52:46.875,gateio,ACE/USDT:USDT,0.5948,4650.0,0.5947,15500.0,0.5961,4829.0,0.5962,16095.0
1753617167006,11:52:47.006,gateio,ACE/USDT:USDT,0.5948,4650.0,0.5947,15500.0,0.5961,4829.0,0.5962,15095.0
1753617167139,11:52:47.139,gateio,ACE/USDT:USDT,0.5948,4650.0,0.5947,15500.0,0.5961,4829.0,0.5962,15095.0
1753617167245,11:52:47.245,gateio,ACE/USDT:USDT,0.5948,4650.0,0.5947,15500.0,0.596,195.0,0.5961,4829.0
1753617167553,11:52:47.553,gateio,ACE/USDT:USDT,0.5948,4650.0,0.5947,15500.0,0.596,195.0,0.5961,4829.0
1753617168082,11:52:48.082,gateio,ACE/USDT:USDT,0.5948,4650.0,0.5947,15500.0,0.596,195.0,0.5961,4829.0
1753617168426,11:52:48.426,gateio,ACE/USDT:USDT,0.5948,4650.0,0.5947,15500.0,0.596,195.0,0.5961,4829.0
1753617170199,11:52:50.199,gateio,ACE/USDT:USDT,0.5948,4650.0,0.5947,15500.0,0.596,10068.0,0.5962,5031.0
1753617170252,11:52:50.252,gateio,ACE/USDT:USDT,0.5948,4650.0,0.5947,15500.0,0.596,10068.0,0.5962,5031.0
1753617171276,11:52:51.276,gateio,ACE/USDT:USDT,0.5948,4650.0,0.5947,15500.0,0.596,10068.0,0.5962,5031.0
1753617171377,11:52:51.377,gateio,ACE/USDT:USDT,0.5948,4650.0,0.5947,15500.0,0.596,10263.0,0.5962,5031.0
1753617171594,11:52:51.594,gateio,ACE/USDT:USDT,0.5948,4650.0,0.5947,15500.0,0.5962,5031.0,0.5967,1000.0
1753617171732,11:52:51.732,gateio,ACE/USDT:USDT,0.595,1000.0,0.5949,5042.0,0.5966,5028.0,0.5967,11056.0
1753617171802,11:52:51.802,gateio,ACE/USDT:USDT,0.595,6042.0,0.5949,5042.0,0.5966,5028.0,0.5967,6028.0
1753617171902,11:52:51.902,gateio,ACE/USDT:USDT,0.595,6042.0,0.5949,5042.0,0.5966,5028.0,0.5967,1000.0
1753617171997,11:52:51.997,gateio,ACE/USDT:USDT,0.595,11084.0,0.5949,5042.0,0.5966,5028.0,0.5969,1000.0
1753617172110,11:52:52.110,gateio,ACE/USDT:USDT,0.595,11084.0,0.5949,5042.0,0.5966,5028.0,0.5969,1000.0
1753617172505,11:52:52.505,gateio,ACE/USDT:USDT,0.595,11084.0,0.5949,5042.0,0.5966,5028.0,0.5969,1000.0
1753617172544,11:52:52.544,gateio,ACE/USDT:USDT,0.595,11084.0,0.5949,5042.0,0.5966,5028.0,0.5969,1000.0
1753617172698,11:52:52.698,gateio,ACE/USDT:USDT,0.595,1000.0,0.5949,5042.0,0.5965,4525.0,0.5966,15084.0
1753617172960,11:52:52.960,gateio,ACE/USDT:USDT,0.595,11084.0,0.5949,5042.0,0.5965,4525.0,0.5966,15084.0
1753617173045,11:52:53.045,gateio,ACE/USDT:USDT,0.5951,3433.0,0.595,11444.0,0.5965,4525.0,0.5966,15084.0
1753617173153,11:52:53.153,gateio,ACE/USDT:USDT,0.5951,3433.0,0.595,11084.0,0.5965,4525.0,0.5966,15084.0
1753617173332,11:52:53.332,gateio,ACE/USDT:USDT,0.5951,3433.0,0.595,11084.0,0.5965,4525.0,0.5966,15084.0
1753617173359,11:52:53.359,gateio,ACE/USDT:USDT,0.595,1000.0,0.5949,5042.0,0.5965,4525.0,0.5966,15084.0
1753617173465,11:52:53.465,gateio,ACE/USDT:USDT,0.595,1000.0,0.5949,5042.0,0.5965,4525.0,0.5966,15084.0
1753617173729,11:52:53.729,gateio,ACE/USDT:USDT,0.595,1000.0,0.5949,5042.0,0.5965,4525.0,0.5966,15084.0
1753617173776,11:52:53.776,gateio,ACE/USDT:USDT,0.595,1000.0,0.5949,5042.0,0.5965,4525.0,0.5966,15084.0
1753617173877,11:52:53.877,gateio,ACE/USDT:USDT,0.595,1000.0,0.5949,5042.0,0.5965,4525.0,0.5966,15084.0
1753617174019,11:52:54.019,gateio,ACE/USDT:USDT,0.595,1000.0,0.5949,5042.0,0.5965,4525.0,0.5966,15084.0
1753617174083,11:52:54.083,gateio,ACE/USDT:USDT,0.595,1943.0,0.5949,5042.0,0.5965,4525.0,0.5966,15084.0
1753617174616,11:52:54.616,gateio,ACE/USDT:USDT,0.595,1943.0,0.5949,5042.0,0.5965,4525.0,0.5966,15084.0
1753617174644,11:52:54.644,gateio,ACE/USDT:USDT,0.595,1943.0,0.5949,5042.0,0.5965,4525.0,0.5966,15084.0
1753617174742,11:52:54.742,gateio,ACE/USDT:USDT,0.595,1943.0,0.5949,5042.0,0.5965,4525.0,0.5966,15084.0
1753617174837,11:52:54.837,gateio,ACE/USDT:USDT,0.595,1943.0,0.5949,5042.0,0.5965,4525.0,0.5966,15084.0
1753617175034,11:52:55.034,gateio,ACE/USDT:USDT,0.595,1943.0,0.5949,5042.0,0.5965,9554.0,0.5966,10056.0
1753617175125,11:52:55.125,gateio,ACE/USDT:USDT,0.595,12027.0,0.5949,5042.0,0.5964,4526.0,0.5965,15087.0
1753617175223,11:52:55.223,gateio,ACE/USDT:USDT,0.595,11243.0,0.5949,5042.0,0.5964,4526.0,0.5965,15087.0
1753617175239,11:52:55.239,gateio,ACE/USDT:USDT,0.5951,3373.0,0.595,11243.0,0.5964,4526.0,0.5965,15087.0
1753617175453,11:52:55.453,gateio,ACE/USDT:USDT,0.5951,3373.0,0.595,11243.0,0.5964,4526.0,0.5965,15087.0
1753617175629,11:52:55.629,gateio,ACE/USDT:USDT,0.5951,8414.0,0.595,11243.0,0.5965,5029.0,0.5969,1000.0
1753617175738,11:52:55.738,gateio,ACE/USDT:USDT,0.5951,5041.0,0.595,1000.0,0.5964,4526.0,0.5965,15087.0
1753617175803,11:52:55.803,gateio,ACE/USDT:USDT,0.5951,5041.0,0.595,1000.0,0.5964,4526.0,0.5965,15087.0
1753617175906,11:52:55.906,gateio,ACE/USDT:USDT,0.5951,5041.0,0.5941,140.0,0.5964,4526.0,0.5965,15087.0
1753617176288,11:52:56.288,gateio,ACE/USDT:USDT,0.5951,5041.0,0.5941,140.0,0.5964,4526.0,0.5965,15087.0
1753617176347,11:52:56.347,gateio,ACE/USDT:USDT,0.5951,5041.0,0.5941,140.0,0.5964,4526.0,0.5965,15087.0
1753617176443,11:52:56.443,gateio,ACE/USDT:USDT,0.5951,5041.0,0.5941,140.0,0.5964,4526.0,0.5965,15087.0
1753617176808,11:52:56.808,gateio,ACE/USDT:USDT,0.5951,6005.0,0.5941,140.0,0.5964,4526.0,0.5965,15087.0
1753617176932,11:52:56.932,gateio,ACE/USDT:USDT,0.5952,4269.0,0.5951,16087.0,0.5964,5030.0,0.5965,5029.0
1753617177019,11:52:57.019,gateio,ACE/USDT:USDT,0.5951,5041.0,0.5941,140.0,0.5964,10060.0,0.5965,5029.0
1753617177136,11:52:57.136,gateio,ACE/USDT:USDT,0.5952,3365.0,0.5951,10649.0,0.5964,10060.0,0.5965,5029.0
1753617177219,11:52:57.219,gateio,ACE/USDT:USDT,0.5952,8405.0,0.5951,10649.0,0.5964,10060.0,0.5965,5029.0
1753617177533,11:52:57.533,gateio,ACE/USDT:USDT,0.5952,8405.0,0.5951,10649.0,0.5964,10060.0,0.5965,5029.0
1753617177543,11:52:57.543,gateio,ACE/USDT:USDT,0.5952,8405.0,0.5951,10649.0,0.5964,10060.0,0.5965,5029.0
1753617177643,11:52:57.643,gateio,ACE/USDT:USDT,0.5952,8405.0,0.5951,10649.0,0.5964,10060.0,0.5965,5029.0
1753617178656,11:52:58.656,gateio,ACE/USDT:USDT,0.5952,8405.0,0.5951,10649.0,0.5964,10060.0,0.5965,5029.0
1753617178758,11:52:58.758,gateio,ACE/USDT:USDT,0.5952,8405.0,0.5951,10649.0,0.5964,10060.0,0.5965,5029.0
1753617178872,11:52:58.872,gateio,ACE/USDT:USDT,0.5952,8405.0,0.5951,10649.0,0.5964,10060.0,0.5965,5029.0
1753617179186,11:52:59.186,gateio,ACE/USDT:USDT,0.5951,6175.0,0.5941,140.0,0.5964,10060.0,0.5965,5029.0
1753617179579,11:52:59.579,gateio,ACE/USDT:USDT,0.5951,6175.0,0.5941,140.0,0.5964,10060.0,0.5965,5029.0
1753617179819,11:52:59.819,gateio,ACE/USDT:USDT,0.5951,6175.0,0.5941,140.0,0.5964,10060.0,0.5965,5029.0
1753617179998,11:52:59.998,gateio,ACE/USDT:USDT,0.5951,6175.0,0.5941,140.0,0.5964,10060.0,0.5965,5029.0
1753617180169,11:53:00.169,gateio,ACE/USDT:USDT,0.5951,6175.0,0.5941,140.0,0.5964,10060.0,0.5965,5029.0
1753617180308,11:53:00.308,gateio,ACE/USDT:USDT,0.5951,6175.0,0.5941,140.0,0.5963,4527.0,0.5964,15090.0
1753617180422,11:53:00.422,gateio,ACE/USDT:USDT,0.5951,5041.0,0.5941,140.0,0.5964,15090.0,0.5969,1000.0
1753617180439,11:53:00.439,gateio,ACE/USDT:USDT,0.5951,5041.0,0.5941,140.0,0.5963,4527.0,0.5964,15090.0
1753617180819,11:53:00.819,gateio,ACE/USDT:USDT,0.5951,5041.0,0.5941,140.0,0.5963,4527.0,0.5964,15090.0
1753617180871,11:53:00.871,gateio,ACE/USDT:USDT,0.5951,5041.0,0.5941,140.0,0.5963,4527.0,0.5964,15090.0
1753617181233,11:53:01.233,gateio,ACE/USDT:USDT,0.5951,5041.0,0.5941,140.0,0.5963,4527.0,0.5964,15090.0
1753617181649,11:53:01.649,gateio,ACE/USDT:USDT,0.5951,5041.0,0.5941,140.0,0.5963,4527.0,0.5964,15090.0
1753617182018,11:53:02.018,gateio,ACE/USDT:USDT,0.5951,5041.0,0.5941,140.0,0.5963,4527.0,0.5964,15090.0
1753617182065,11:53:02.065,gateio,ACE/USDT:USDT,0.5951,5041.0,0.5941,140.0,0.5963,4527.0,0.5964,15090.0
1753617183079,11:53:03.079,gateio,ACE/USDT:USDT,0.5951,5041.0,0.5941,140.0,0.5964,5030.0,0.5969,1000.0
1753617183330,11:53:03.330,gateio,ACE/USDT:USDT,0.5951,5041.0,0.5941,140.0,0.5964,15090.0,0.5969,1000.0
1753617183340,11:53:03.340,gateio,ACE/USDT:USDT,0.5951,5041.0,0.5941,140.0,0.5963,4527.0,0.5964,15090.0
1753617183521,11:53:03.521,gateio,ACE/USDT:USDT,0.5952,3367.0,0.5951,6181.0,0.5964,5030.0,0.5969,1000.0
1753617183603,11:53:03.603,gateio,ACE/USDT:USDT,0.5952,3367.0,0.5951,11222.0,0.5964,5030.0,0.5969,1000.0
1753617183720,11:53:03.720,gateio,ACE/USDT:USDT,0.5952,8407.0,0.5951,10082.0,0.5964,5030.0,0.5969,1000.0
1753617183814,11:53:03.814,gateio,ACE/USDT:USDT,0.5952,9077.0,0.5951,10082.0,0.5964,5030.0,0.5969,1000.0
1753617183927,11:53:03.927,gateio,ACE/USDT:USDT,0.5953,1000.0,0.5952,9747.0,0.5969,1000.0,0.597,3876.0
1753617184024,11:53:04.024,gateio,ACE/USDT:USDT,0.5953,6039.0,0.5952,1340.0,0.5969,6025.0,0.597,1191.0
1753617184120,11:53:04.120,gateio,ACE/USDT:USDT,0.5953,11078.0,0.5952,1340.0,0.5969,6025.0,0.597,1191.0
1753617184228,11:53:04.228,gateio,ACE/USDT:USDT,0.5954,4835.0,0.5953,16117.0,0.5968,4823.0,0.5969,16077.0
1753617184288,11:53:04.288,gateio,ACE/USDT:USDT,0.5954,4835.0,0.5953,16117.0,0.5968,4823.0,0.5969,16077.0
1753617184728,11:53:04.728,gateio,ACE/USDT:USDT,0.5954,4835.0,0.5953,16117.0,0.5968,4823.0,0.5969,16077.0
1753617185079,11:53:05.079,gateio,ACE/USDT:USDT,0.5954,4835.0,0.5953,16117.0,0.5968,4823.0,0.5969,16077.0
1753617185478,11:53:05.478,gateio,ACE/USDT:USDT,0.5954,4835.0,0.5953,16117.0,0.5968,4823.0,0.5969,16077.0
1753617185828,11:53:05.828,gateio,ACE/USDT:USDT,0.5954,4835.0,0.5953,6039.0,0.5968,4823.0,0.5969,6025.0
1753617185903,11:53:05.903,gateio,ACE/USDT:USDT,0.5954,4835.0,0.5953,16117.0,0.5968,4823.0,0.5969,16077.0
1753617186819,11:53:06.819,gateio,ACE/USDT:USDT,0.5954,4835.0,0.5953,16117.0,0.5968,4823.0,0.5969,16077.0
1753617186861,11:53:06.861,gateio,ACE/USDT:USDT,0.5954,5999.0,0.5953,16117.0,0.5968,4823.0,0.5969,16077.0
1753617187581,11:53:07.581,gateio,ACE/USDT:USDT,0.5954,5999.0,0.5953,16117.0,0.5968,4823.0,0.5969,16077.0
1753617187772,11:53:07.772,gateio,ACE/USDT:USDT,0.5954,5999.0,0.5953,15117.0,0.5968,4823.0,0.5969,16077.0
1753617187847,11:53:07.847,gateio,ACE/USDT:USDT,0.5954,5999.0,0.5953,15117.0,0.5968,4823.0,0.5969,16077.0
1753617188632,11:53:08.632,gateio,ACE/USDT:USDT,0.5954,5999.0,0.5953,15117.0,0.5968,4823.0,0.5969,16077.0
1753617188679,11:53:08.679,gateio,ACE/USDT:USDT,0.5954,1164.0,0.5953,5039.0,0.5969,6025.0,0.597,1191.0
1753617188827,11:53:08.827,gateio,ACE/USDT:USDT,0.5955,3556.0,0.5954,11608.0,0.5968,4823.0,0.5969,16077.0
1753617188849,11:53:08.849,gateio,ACE/USDT:USDT,0.5955,3556.0,0.5954,11608.0,0.5968,4823.0,0.5969,16077.0
1753617189626,11:53:09.626,gateio,ACE/USDT:USDT,0.5955,3556.0,0.5954,11608.0,0.5968,4823.0,0.5969,16077.0
1753617189643,11:53:09.643,gateio,ACE/USDT:USDT,0.5955,3556.0,0.5954,11608.0,0.5968,4823.0,0.5969,16077.0
1753617189744,11:53:09.744,gateio,ACE/USDT:USDT,0.5955,3556.0,0.5954,11608.0,0.5968,4823.0,0.5969,16077.0
1753617190157,11:53:10.157,gateio,ACE/USDT:USDT,0.5955,4720.0,0.5954,10444.0,0.5968,4823.0,0.5969,16077.0
1753617190255,11:53:10.255,gateio,ACE/USDT:USDT,0.5955,4720.0,0.5954,10444.0,0.5968,4823.0,0.5969,16077.0
1753617192241,11:53:12.241,gateio,ACE/USDT:USDT,0.5955,4720.0,0.5954,10444.0,0.5968,4823.0,0.5969,16077.0
1753617192345,11:53:12.345,gateio,ACE/USDT:USDT,0.5955,4720.0,0.5954,10444.0,0.5968,4823.0,0.5969,16077.0
1753617192443,11:53:12.443,gateio,ACE/USDT:USDT,0.5955,4720.0,0.5954,10444.0,0.5968,4823.0,0.5969,16077.0
1753617195079,11:53:15.079,gateio,ACE/USDT:USDT,0.5956,3427.0,0.5955,11423.0,0.5968,4823.0,0.5969,16077.0
1753617195164,11:53:15.164,gateio,ACE/USDT:USDT,0.5955,183.0,0.5954,366.0,0.5968,4823.0,0.5969,16077.0
1753617195512,11:53:15.512,gateio,ACE/USDT:USDT,0.5955,10841.0,0.5954,366.0,0.5968,4823.0,0.5969,16077.0
1753617195919,11:53:15.919,gateio,ACE/USDT:USDT,0.5955,10841.0,0.5954,366.0,0.5968,4823.0,0.5969,16077.0
1753617195943,11:53:15.943,gateio,ACE/USDT:USDT,0.5955,10841.0,0.5954,366.0,0.5968,4823.0,0.5969,16077.0
1753617196043,11:53:16.043,gateio,ACE/USDT:USDT,0.5955,10841.0,0.5954,366.0,0.5968,4823.0,0.5969,16077.0
1753617196912,11:53:16.912,gateio,ACE/USDT:USDT,0.5955,10841.0,0.5954,366.0,0.5968,4823.0,0.5969,16077.0
1753617197034,11:53:17.034,gateio,ACE/USDT:USDT,0.5955,5802.0,0.5954,366.0,0.5968,10054.0,0.5969,6025.0
1753617197115,11:53:17.115,gateio,ACE/USDT:USDT,0.5956,3992.0,0.5955,15878.0,0.5968,10054.0,0.5969,6025.0
1753617197692,11:53:17.692,gateio,ACE/USDT:USDT,0.5956,3992.0,0.5955,15878.0,0.5968,10054.0,0.5969,6025.0
1753617197746,11:53:17.746,gateio,ACE/USDT:USDT,0.5956,3992.0,0.5955,15878.0,0.5968,10054.0,0.5969,6025.0
1753617197844,11:53:17.844,gateio,ACE/USDT:USDT,0.5956,3992.0,0.5955,15878.0,0.5968,10054.0,0.5969,6025.0
1753617198507,11:53:18.507,gateio,ACE/USDT:USDT,0.5956,4568.0,0.5955,15296.0,0.5968,10054.0,0.5969,6025.0
1753617198544,11:53:18.544,gateio,ACE/USDT:USDT,0.5956,4568.0,0.5955,15296.0,0.5968,10054.0,0.5969,6025.0
1753617198644,11:53:18.644,gateio,ACE/USDT:USDT,0.5956,4568.0,0.5955,15296.0,0.5968,10054.0,0.5969,6025.0
1753617199035,11:53:19.035,gateio,ACE/USDT:USDT,0.5956,10650.0,0.5955,5220.0,0.5969,6025.0,0.597,1191.0
1753617199132,11:53:19.132,gateio,ACE/USDT:USDT,0.5955,5220.0,0.5954,183.0,0.5969,6025.0,0.597,1191.0
1753617199223,11:53:19.223,gateio,ACE/USDT:USDT,0.5955,5220.0,0.5954,183.0,0.5969,16077.0,0.597,1191.0
1753617199333,11:53:19.333,gateio,ACE/USDT:USDT,0.5956,4140.0,0.5955,16028.0,0.5968,4823.0,0.5969,6025.0
1753617199394,11:53:19.394,gateio,ACE/USDT:USDT,0.5956,4140.0,0.5955,16028.0,0.5968,10054.0,0.5969,6025.0
1753617200131,11:53:20.131,gateio,ACE/USDT:USDT,0.5955,183.0,0.5954,183.0,0.5962,366.0,0.5966,1000.0
1753617200144,11:53:20.144,gateio,ACE/USDT:USDT,0.5955,183.0,0.5954,183.0,0.5962,366.0,0.5966,1000.0
1753617200243,11:53:20.243,gateio,ACE/USDT:USDT,0.5955,183.0,0.5954,183.0,0.5962,366.0,0.5966,1000.0
1753617200627,11:53:20.627,gateio,ACE/USDT:USDT,0.5955,183.0,0.5954,183.0,0.5962,366.0,0.5968,5026.0
1753617200649,11:53:20.649,gateio,ACE/USDT:USDT,0.5955,183.0,0.5954,183.0,0.5962,366.0,0.5967,1000.0
1753617200746,11:53:20.746,gateio,ACE/USDT:USDT,0.5955,183.0,0.5954,183.0,0.5962,366.0,0.5967,1000.0
1753617200857,11:53:20.857,gateio,ACE/USDT:USDT,0.5955,183.0,0.5954,183.0,0.5962,366.0,0.5967,1000.0
1753617201323,11:53:21.323,gateio,ACE/USDT:USDT,0.5955,10995.0,0.5954,183.0,0.5967,1000.0,0.5968,5026.0
1753617201396,11:53:21.396,gateio,ACE/USDT:USDT,0.5955,11731.0,0.5954,183.0,0.5967,1000.0,0.5968,5026.0
1753617201616,11:53:21.616,gateio,ACE/USDT:USDT,0.5955,11731.0,0.5954,183.0,0.5967,1000.0,0.5968,5026.0
1753617201680,11:53:21.680,gateio,ACE/USDT:USDT,0.5955,11731.0,0.5954,183.0,0.5967,1000.0,0.5968,5026.0
1753617201813,11:53:21.813,gateio,ACE/USDT:USDT,0.5956,3519.0,0.5955,11731.0,0.5967,1000.0,0.5968,5026.0
1753617201848,11:53:21.848,gateio,ACE/USDT:USDT,0.5956,3519.0,0.5955,11731.0,0.5967,1000.0,0.5968,5026.0
1753617201945,11:53:21.945,gateio,ACE/USDT:USDT,0.5956,3519.0,0.5955,11731.0,0.5967,1000.0,0.5968,5026.0
1753617202633,11:53:22.633,gateio,ACE/USDT:USDT,0.5956,3519.0,0.5955,11731.0,0.5967,1000.0,0.5968,5026.0
1753617202644,11:53:22.644,gateio,ACE/USDT:USDT,0.5956,3519.0,0.5955,11731.0,0.5967,1000.0,0.5968,5026.0
1753617202753,11:53:22.753,gateio,ACE/USDT:USDT,0.5956,3519.0,0.5955,11731.0,0.5967,1000.0,0.5968,5026.0
1753617203050,11:53:23.050,gateio,ACE/USDT:USDT,0.5956,3519.0,0.5955,11731.0,0.5967,1000.0,0.5968,5026.0
1753617203232,11:53:23.232,gateio,ACE/USDT:USDT,0.5956,4277.0,0.5955,11731.0,0.5967,1000.0,0.5968,5026.0
1753617203244,11:53:23.244,gateio,ACE/USDT:USDT,0.5956,3519.0,0.5955,11731.0,0.5967,1000.0,0.5968,5026.0
1753617203342,11:53:23.342,gateio,ACE/USDT:USDT,0.5956,3519.0,0.5955,11731.0,0.5967,1000.0,0.5968,5026.0
1753617204039,11:53:24.039,gateio,ACE/USDT:USDT,0.5956,3519.0,0.5955,11731.0,0.5967,1000.0,0.5968,5026.0
1753617204143,11:53:24.143,gateio,ACE/USDT:USDT,0.5956,3519.0,0.5955,11731.0,0.5967,1000.0,0.5968,5026.0
1753617204243,11:53:24.243,gateio,ACE/USDT:USDT,0.5956,3519.0,0.5955,11731.0,0.5967,1000.0,0.5968,5026.0
1753617205061,11:53:25.061,gateio,ACE/USDT:USDT,0.5956,5055.0,0.5955,10259.0,0.5967,1000.0,0.5968,5026.0
1753617205872,11:53:25.872,gateio,ACE/USDT:USDT,0.5956,5055.0,0.5955,10259.0,0.5967,1000.0,0.5968,5026.0
1753617206578,11:53:26.578,gateio,ACE/USDT:USDT,0.5956,5055.0,0.5955,10259.0,0.5967,1000.0,0.5968,5026.0
1753617210158,11:53:30.158,gateio,ACE/USDT:USDT,0.5956,5139.0,0.5955,10259.0,0.5967,1000.0,0.5968,5026.0
1753617210451,11:53:30.451,gateio,ACE/USDT:USDT,0.5956,5139.0,0.5955,10259.0,0.5967,1000.0,0.5968,5026.0
1753617210634,11:53:30.634,gateio,ACE/USDT:USDT,0.5956,11693.0,0.5955,183.0,0.597,11241.0,0.5974,1000.0
1753617210723,11:53:30.723,gateio,ACE/USDT:USDT,0.5958,1000.0,0.5957,8544.0,0.597,1191.0,0.5974,1000.0
1753617210783,11:53:30.783,gateio,ACE/USDT:USDT,0.5958,1000.0,0.5957,8544.0,0.597,1191.0,0.5974,1000.0
1753617211135,11:53:31.135,gateio,ACE/USDT:USDT,0.5958,1000.0,0.5957,5036.0,0.597,1191.0,0.5974,1000.0
1753617211225,11:53:31.225,gateio,ACE/USDT:USDT,0.5958,12204.0,0.5957,5036.0,0.5969,3372.0,0.597,11241.0
1753617211297,11:53:31.297,gateio,ACE/USDT:USDT,0.5958,2134.0,0.5957,5036.0,0.5969,3372.0,0.597,11241.0
1753617211529,11:53:31.529,gateio,ACE/USDT:USDT,0.5959,3661.0,0.5958,12204.0,0.597,1191.0,0.5975,1000.0
1753617211582,11:53:31.582,gateio,ACE/USDT:USDT,0.5959,3661.0,0.5958,12204.0,0.597,1191.0,0.5975,1000.0
1753617212514,11:53:32.514,gateio,ACE/USDT:USDT,0.5959,3661.0,0.5958,12204.0,0.597,1191.0,0.5975,1000.0
1753617212814,11:53:32.814,gateio,ACE/USDT:USDT,0.5959,3661.0,0.5958,12204.0,0.597,1191.0,0.5975,1000.0
1753617212837,11:53:32.837,gateio,ACE/USDT:USDT,0.5959,3661.0,0.5958,12204.0,0.597,1191.0,0.5975,1000.0
1753617213485,11:53:33.485,gateio,ACE/USDT:USDT,0.5959,3661.0,0.5958,12204.0,0.597,1191.0,0.5975,1000.0
1753617213867,11:53:33.867,gateio,ACE/USDT:USDT,0.5959,3661.0,0.5958,12204.0,0.597,1191.0,0.5975,1000.0
1753617214349,11:53:34.349,gateio,ACE/USDT:USDT,0.5959,3661.0,0.5958,11070.0,0.597,1191.0,0.5975,1000.0
1753617214530,11:53:34.530,gateio,ACE/USDT:USDT,0.5959,5331.0,0.5958,11070.0,0.597,1191.0,0.5975,1000.0
1753617214552,11:53:34.552,gateio,ACE/USDT:USDT,0.5959,5331.0,0.5958,11070.0,0.597,6216.0,0.5975,1000.0
1753617214876,11:53:34.876,gateio,ACE/USDT:USDT,0.5959,5331.0,0.5958,11070.0,0.597,6216.0,0.5975,1000.0
1753617214957,11:53:34.957,gateio,ACE/USDT:USDT,0.5959,5331.0,0.5958,11070.0,0.597,6216.0,0.5975,1000.0
1753617215167,11:53:35.167,gateio,ACE/USDT:USDT,0.5959,5331.0,0.5958,11070.0,0.597,6216.0,0.5975,1000.0
1753617215246,11:53:35.246,gateio,ACE/USDT:USDT,0.5959,5331.0,0.5958,11070.0,0.597,6216.0,0.5975,1000.0
1753617215343,11:53:35.343,gateio,ACE/USDT:USDT,0.5959,5331.0,0.5958,11070.0,0.597,6216.0,0.5975,1000.0
1753617217035,11:53:37.035,gateio,ACE/USDT:USDT,0.5959,5331.0,0.5958,11070.0,0.597,6216.0,0.5975,1000.0
1753617217043,11:53:37.043,gateio,ACE/USDT:USDT,0.5959,5331.0,0.5958,11070.0,0.597,6216.0,0.5975,1000.0
1753617217142,11:53:37.142,gateio,ACE/USDT:USDT,0.5959,5331.0,0.5958,11070.0,0.597,6216.0,0.5975,1000.0
1753617217786,11:53:37.786,gateio,ACE/USDT:USDT,0.5959,5331.0,0.5958,11070.0,0.597,6216.0,0.5975,1000.0
1753617217844,11:53:37.844,gateio,ACE/USDT:USDT,0.5959,5331.0,0.5958,11070.0,0.597,6216.0,0.5975,1000.0
1753617217947,11:53:37.947,gateio,ACE/USDT:USDT,0.5959,5331.0,0.5958,11070.0,0.597,6216.0,0.5975,1000.0
1753617219633,11:53:39.633,gateio,ACE/USDT:USDT,0.5959,5331.0,0.5958,11070.0,0.597,6216.0,0.5975,1000.0
1753617219668,11:53:39.668,gateio,ACE/USDT:USDT,0.5959,4515.0,0.5958,11070.0,0.597,6216.0,0.5975,1000.0
1753617220051,11:53:40.051,gateio,ACE/USDT:USDT,0.5959,5373.0,0.5958,11070.0,0.597,6216.0,0.5975,1000.0
1753617220404,11:53:40.404,gateio,ACE/USDT:USDT,0.5959,5373.0,0.5958,11070.0,0.597,6216.0,0.5975,1000.0
1753617220443,11:53:40.443,gateio,ACE/USDT:USDT,0.5959,5373.0,0.5958,11070.0,0.597,6216.0,0.5975,1000.0
1753617220565,11:53:40.565,gateio,ACE/USDT:USDT,0.5959,5373.0,0.5958,11070.0,0.5969,3372.0,0.597,11241.0
1753617220722,11:53:40.722,gateio,ACE/USDT:USDT,0.5959,1712.0,0.5958,1000.0,0.597,6216.0,0.5975,1000.0
1753617220879,11:53:40.879,gateio,ACE/USDT:USDT,0.5959,1712.0,0.5958,1000.0,0.5969,3372.0,0.597,11241.0
1753617221299,11:53:41.299,gateio,ACE/USDT:USDT,0.5959,1712.0,0.5958,1000.0,0.597,6216.0,0.5975,1000.0
1753617221364,11:53:41.364,gateio,ACE/USDT:USDT,0.5959,1712.0,0.5958,1000.0,0.5969,3372.0,0.597,11444.0
1753617221507,11:53:41.507,gateio,ACE/USDT:USDT,0.5959,1712.0,0.5958,1000.0,0.5969,3372.0,0.597,11444.0
1753617221714,11:53:41.714,gateio,ACE/USDT:USDT,0.5959,1712.0,0.5958,1000.0,0.5969,3372.0,0.597,11444.0
1753617222543,11:53:42.543,gateio,ACE/USDT:USDT,0.5959,1712.0,0.5958,1000.0,0.5969,3372.0,0.597,11444.0
1753617222963,11:53:42.963,gateio,ACE/USDT:USDT,0.5959,1712.0,0.5958,1000.0,0.5969,3372.0,0.597,11444.0
1753617226367,11:53:46.367,gateio,ACE/USDT:USDT,0.5959,1712.0,0.5958,1000.0,0.5969,3372.0,0.597,11444.0
1753617226611,11:53:46.611,gateio,ACE/USDT:USDT,0.5959,1712.0,0.5958,1000.0,0.5969,3372.0,0.597,11444.0
1753617226790,11:53:46.790,gateio,ACE/USDT:USDT,0.5959,1748.0,0.5958,1000.0,0.5969,3372.0,0.597,11241.0
1753617226843,11:53:46.843,gateio,ACE/USDT:USDT,0.5959,1748.0,0.5958,1000.0,0.5969,3372.0,0.597,11435.0
1753617227735,11:53:47.735,gateio,ACE/USDT:USDT,0.596,8463.0,0.5959,5034.0,0.5969,10052.0,0.597,1191.0
1753617227830,11:53:47.830,gateio,ACE/USDT:USDT,0.5961,6032.0,0.5945,142.0,0.597,1191.0,0.5979,1000.0
1753617227934,11:53:47.934,gateio,ACE/USDT:USDT,0.5961,6032.0,0.5945,142.0,0.597,1191.0,0.5979,1000.0
1753617227976,11:53:47.976,gateio,ACE/USDT:USDT,0.5961,6032.0,0.5945,142.0,0.597,1191.0,0.5979,1000.0
1753617228335,11:53:48.335,gateio,ACE/USDT:USDT,0.5961,6032.0,0.5946,1000.0,0.597,1191.0,0.5979,1000.0
1753617228343,11:53:48.343,gateio,ACE/USDT:USDT,0.5961,6032.0,0.5946,1000.0,0.597,1191.0,0.5979,1000.0
1753617228535,11:53:48.535,gateio,ACE/USDT:USDT,0.5961,6032.0,0.5951,141.0,0.597,1191.0,0.5979,1000.0
1753617228685,11:53:48.685,gateio,ACE/USDT:USDT,0.5961,6032.0,0.5951,141.0,0.597,1394.0,0.5979,1000.0
1753617229120,11:53:49.120,gateio,ACE/USDT:USDT,0.5961,6032.0,0.5951,141.0,0.597,1191.0,0.5979,1000.0
1753617229143,11:53:49.143,gateio,ACE/USDT:USDT,0.5961,6032.0,0.5951,141.0,0.597,1191.0,0.5979,1000.0
1753617229312,11:53:49.312,gateio,ACE/USDT:USDT,0.5961,5032.0,0.5951,141.0,0.597,1394.0,0.5979,1000.0
1753617229485,11:53:49.485,gateio,ACE/USDT:USDT,0.5961,5032.0,0.5951,141.0,0.597,1191.0,0.5979,1000.0
1753617233346,11:53:53.346,gateio,ACE/USDT:USDT,0.5961,5032.0,0.5951,141.0,0.597,1394.0,0.5979,1000.0
1753617233523,11:53:53.523,gateio,ACE/USDT:USDT,0.5961,5032.0,0.5951,141.0,0.597,1191.0,0.5979,1000.0
1753617233539,11:53:53.539,gateio,ACE/USDT:USDT,0.5961,5032.0,0.5951,141.0,0.597,1191.0,0.5979,1000.0
1753617233930,11:53:53.930,gateio,ACE/USDT:USDT,0.5961,5032.0,0.5951,141.0,0.597,1191.0,0.5979,1000.0
1753617234036,11:53:54.036,gateio,ACE/USDT:USDT,0.5961,20114.0,0.5951,141.0,0.597,1191.0,0.5979,1000.0
1753617234080,11:53:54.080,gateio,ACE/USDT:USDT,0.5961,5032.0,0.5951,141.0,0.597,1191.0,0.5979,1000.0
1753617234234,11:53:54.234,gateio,ACE/USDT:USDT,0.5961,5083.0,0.5951,141.0,0.597,1191.0,0.5979,1000.0
1753617234255,11:53:54.255,gateio,ACE/USDT:USDT,0.5961,5383.0,0.5951,141.0,0.597,1191.0,0.5979,1000.0
1753617234729,11:53:54.729,gateio,ACE/USDT:USDT,0.5961,5383.0,0.5951,141.0,0.597,1191.0,0.5979,1000.0
1753617234744,11:53:54.744,gateio,ACE/USDT:USDT,0.5961,5383.0,0.5951,141.0,0.597,1191.0,0.5979,1000.0
1753617234843,11:53:54.843,gateio,ACE/USDT:USDT,0.5961,5383.0,0.5951,141.0,0.597,1191.0,0.5979,1000.0
1753617235236,11:53:55.236,gateio,ACE/USDT:USDT,0.5961,5383.0,0.5951,141.0,0.597,1191.0,0.5979,1000.0
1753617235266,11:53:55.266,gateio,ACE/USDT:USDT,0.5961,5383.0,0.5951,141.0,0.597,1191.0,0.5979,1000.0
1753617235342,11:53:55.342,gateio,ACE/USDT:USDT,0.5961,5383.0,0.5951,141.0,0.597,1191.0,0.5979,1000.0
1753617235622,11:53:55.622,gateio,ACE/USDT:USDT,0.5961,5383.0,0.596,366.0,0.5964,2.0,0.597,1191.0
1753617235717,11:53:55.717,gateio,ACE/USDT:USDT,0.5961,5383.0,0.596,366.0,0.597,1191.0,0.5979,1000.0
1753617236226,11:53:56.226,gateio,ACE/USDT:USDT,0.5961,5383.0,0.596,366.0,0.597,1191.0,0.5979,1000.0
1753617236363,11:53:56.363,gateio,ACE/USDT:USDT,0.5961,5383.0,0.596,366.0,0.597,1191.0,0.5979,1000.0
1753617236611,11:53:56.611,gateio,ACE/USDT:USDT,0.5961,5383.0,0.596,366.0,0.597,1191.0,0.5979,1000.0
1753617236781,11:53:56.781,gateio,ACE/USDT:USDT,0.5961,5383.0,0.596,366.0,0.597,1191.0,0.5979,1000.0
1753617237595,11:53:57.595,gateio,ACE/USDT:USDT,0.5961,5383.0,0.596,366.0,0.597,1191.0,0.5979,1000.0
1753617237979,11:53:57.979,gateio,ACE/USDT:USDT,0.5961,5383.0,0.596,366.0,0.597,1191.0,0.5979,1000.0
1753617239527,11:53:59.527,gateio,ACE/USDT:USDT,0.5961,5383.0,0.596,366.0,0.597,1191.0,0.5979,1000.0
1753617239881,11:53:59.881,gateio,ACE/USDT:USDT,0.5961,5383.0,0.596,366.0,0.597,1191.0,0.5979,1000.0
1753617240016,11:54:00.016,gateio,ACE/USDT:USDT,0.5961,5383.0,0.596,366.0,0.597,1191.0,0.5979,1000.0
1753617240328,11:54:00.328,gateio,ACE/USDT:USDT,0.5961,5042.0,0.596,366.0,0.597,1191.0,0.5979,1000.0
1753617240389,11:54:00.389,gateio,ACE/USDT:USDT,0.5961,5032.0,0.596,366.0,0.597,1191.0,0.5979,1000.0
1753617240452,11:54:00.452,gateio,ACE/USDT:USDT,0.5961,5032.0,0.596,366.0,0.597,1191.0,0.5979,1000.0
1753617240548,11:54:00.548,gateio,ACE/USDT:USDT,0.5961,5032.0,0.596,366.0,0.597,1191.0,0.5979,1000.0
1753617243426,11:54:03.426,gateio,ACE/USDT:USDT,0.5961,5032.0,0.596,366.0,0.597,1191.0,0.5979,1000.0
1753617245402,11:54:05.402,gateio,ACE/USDT:USDT,0.5961,5032.0,0.596,366.0,0.597,1191.0,0.5979,1000.0
1753617245534,11:54:05.534,gateio,ACE/USDT:USDT,0.5961,5032.0,0.596,366.0,0.597,6216.0,0.5979,1000.0
1753617245600,11:54:05.600,gateio,ACE/USDT:USDT,0.5961,5032.0,0.596,366.0,0.597,6216.0,0.5979,1000.0
1753617245679,11:54:05.679,gateio,ACE/USDT:USDT,0.5961,5032.0,0.596,366.0,0.597,11444.0,0.5979,1000.0
1753617245833,11:54:05.833,gateio,ACE/USDT:USDT,0.5961,15098.0,0.596,366.0,0.597,1191.0,0.5979,1000.0
1753617245849,11:54:05.849,gateio,ACE/USDT:USDT,0.5961,5032.0,0.596,366.0,0.597,1191.0,0.5979,1000.0
1753617246135,11:54:06.135,gateio,ACE/USDT:USDT,0.5961,5032.0,0.596,366.0,0.597,1191.0,0.5979,1000.0
1753617247133,11:54:07.133,gateio,ACE/USDT:USDT,0.5961,5032.0,0.596,366.0,0.597,1191.0,0.5979,1000.0
1753617247147,11:54:07.147,gateio,ACE/USDT:USDT,0.5961,5032.0,0.596,366.0,0.597,1191.0,0.5979,1000.0
1753617247276,11:54:07.276,gateio,ACE/USDT:USDT,0.5961,5032.0,0.596,366.0,0.597,1191.0,0.5979,1000.0
1753617248026,11:54:08.026,gateio,ACE/USDT:USDT,0.596,366.0,0.5959,366.0,0.597,1191.0,0.5979,1000.0
1753617248118,11:54:08.118,gateio,ACE/USDT:USDT,0.596,183.0,0.5959,183.0,0.597,11241.0,0.5979,1140.0
1753617248234,11:54:08.234,gateio,ACE/USDT:USDT,0.5952,5040.0,0.5951,1511.0,0.5969,3372.0,0.597,11241.0
1753617248325,11:54:08.325,gateio,ACE/USDT:USDT,0.5954,5608.0,0.5953,1000.0,0.5969,3372.0,0.597,11241.0
1753617248399,11:54:08.399,gateio,ACE/USDT:USDT,0.5956,5036.0,0.5954,10078.0,0.5969,3372.0,0.597,11241.0
1753617248500,11:54:08.500,gateio,ACE/USDT:USDT,0.5956,5036.0,0.5949,1000.0,0.5969,3372.0,0.597,11241.0
1753617248547,11:54:08.547,gateio,ACE/USDT:USDT,0.5956,5036.0,0.5949,1000.0,0.5969,3372.0,0.597,11435.0
1753617249060,11:54:09.060,gateio,ACE/USDT:USDT,0.5956,5366.0,0.5949,1000.0,0.5969,3372.0,0.597,11241.0
1753617249144,11:54:09.144,gateio,ACE/USDT:USDT,0.5956,5366.0,0.5949,1000.0,0.5969,3372.0,0.597,11435.0
1753617249731,11:54:09.731,gateio,ACE/USDT:USDT,0.5956,5366.0,0.5949,1000.0,0.5969,3372.0,0.597,11435.0
1753617250148,11:54:10.148,gateio,ACE/USDT:USDT,0.5956,5366.0,0.5949,1000.0,0.5969,3372.0,0.597,11435.0
1753617251979,11:54:11.979,gateio,ACE/USDT:USDT,0.5956,5366.0,0.5949,1000.0,0.597,1385.0,0.5979,1140.0
1753617252059,11:54:12.059,gateio,ACE/USDT:USDT,0.5956,5366.0,0.5949,1000.0,0.5969,3431.0,0.597,11435.0
1753617252175,11:54:12.175,gateio,ACE/USDT:USDT,0.5956,5366.0,0.5949,1000.0,0.5969,3431.0,0.597,11435.0
1753617252891,11:54:12.891,gateio,ACE/USDT:USDT,0.5956,5366.0,0.5949,1000.0,0.5969,3431.0,0.597,11435.0
1753617255318,11:54:15.318,gateio,ACE/USDT:USDT,0.5957,5090.0,0.5956,15110.0,0.597,1191.0,0.5979,1140.0
1753617255410,11:54:15.410,gateio,ACE/USDT:USDT,0.5957,5090.0,0.5956,15110.0,0.597,1191.0,0.5979,1140.0
1753617255659,11:54:15.659,gateio,ACE/USDT:USDT,0.5957,5606.0,0.5956,10074.0,0.597,1191.0,0.5979,1140.0
1753617255926,11:54:15.926,gateio,ACE/USDT:USDT,0.5957,5036.0,0.5956,183.0,0.596,203.0,0.5969,3372.0
1753617256025,11:54:16.025,gateio,ACE/USDT:USDT,0.5958,3542.0,0.5957,5036.0,0.5969,3372.0,0.597,11435.0
1753617256044,11:54:16.044,gateio,ACE/USDT:USDT,0.5957,5036.0,0.5956,183.0,0.5969,3372.0,0.597,11241.0
1753617256233,11:54:16.233,gateio,ACE/USDT:USDT,0.5957,5036.0,0.5956,183.0,0.5969,3372.0,0.597,11241.0
1753617256566,11:54:16.566,gateio,ACE/USDT:USDT,0.5957,5321.0,0.5956,183.0,0.5969,3372.0,0.597,11241.0
1753617256724,11:54:16.724,gateio,ACE/USDT:USDT,0.5957,5321.0,0.5956,183.0,0.5969,3372.0,0.597,11435.0
1753617258680,11:54:18.680,gateio,ACE/USDT:USDT,0.5957,5321.0,0.5956,183.0,0.5969,3372.0,0.597,11435.0
1753617259335,11:54:19.335,gateio,ACE/USDT:USDT,0.5957,5321.0,0.5956,183.0,0.5969,3372.0,0.597,11241.0
1753617259343,11:54:19.343,gateio,ACE/USDT:USDT,0.5957,5321.0,0.5956,183.0,0.5969,3372.0,0.597,11435.0
1753617260504,11:54:20.504,gateio,ACE/USDT:USDT,0.5957,5036.0,0.5956,366.0,0.5968,1000.0,0.5969,3372.0
1753617260545,11:54:20.545,gateio,ACE/USDT:USDT,0.5957,5036.0,0.5956,366.0,0.5968,1000.0,0.5969,3372.0
1753617260676,11:54:20.676,gateio,ACE/USDT:USDT,0.5957,5036.0,0.5956,366.0,0.5968,1000.0,0.5969,3372.0
1753617260816,11:54:20.816,gateio,ACE/USDT:USDT,0.5957,5036.0,0.5956,366.0,0.5968,1000.0,0.5969,3372.0
1753617261671,11:54:21.671,gateio,ACE/USDT:USDT,0.5957,5036.0,0.5956,366.0,0.5968,1000.0,0.5969,3372.0
1753617261743,11:54:21.743,gateio,ACE/USDT:USDT,0.5957,5036.0,0.5956,366.0,0.5968,1000.0,0.5969,3372.0
1753617261843,11:54:21.843,gateio,ACE/USDT:USDT,0.5957,5036.0,0.5956,366.0,0.5968,1000.0,0.5969,3372.0
1753617263459,11:54:23.459,gateio,ACE/USDT:USDT,0.5957,5036.0,0.5956,366.0,0.5968,1000.0,0.597,1191.0
1753617263548,11:54:23.548,gateio,ACE/USDT:USDT,0.5957,5036.0,0.5956,366.0,0.5968,11054.0,0.597,1385.0
1753617263643,11:54:23.643,gateio,ACE/USDT:USDT,0.5957,5036.0,0.5956,366.0,0.5968,11054.0,0.597,1191.0
1753617264519,11:54:24.519,gateio,ACE/USDT:USDT,0.5957,5036.0,0.5956,366.0,0.5968,11054.0,0.597,1191.0
1753617264544,11:54:24.544,gateio,ACE/USDT:USDT,0.5957,5036.0,0.5956,366.0,0.5968,11054.0,0.597,1385.0
1753617264642,11:54:24.642,gateio,ACE/USDT:USDT,0.5957,5036.0,0.5956,366.0,0.5968,11054.0,0.597,1191.0
1753617264933,11:54:24.933,gateio,ACE/USDT:USDT,0.5957,5036.0,0.5956,366.0,0.5968,11054.0,0.597,1191.0
1753617270163,11:54:30.163,gateio,ACE/USDT:USDT,0.5957,5036.0,0.5956,366.0,0.5968,11054.0,0.597,1191.0
1753617270268,11:54:30.268,gateio,ACE/USDT:USDT,0.5957,5036.0,0.5956,366.0,0.5968,11054.0,0.597,1385.0
1753617270399,11:54:30.399,gateio,ACE/USDT:USDT,0.5957,5036.0,0.5956,366.0,0.5968,11054.0,0.597,1191.0
1753617270613,11:54:30.613,gateio,ACE/USDT:USDT,0.5957,5036.0,0.5956,366.0,0.5968,11054.0,0.597,1191.0
1753617271435,11:54:31.435,gateio,ACE/USDT:USDT,0.5957,5036.0,0.5956,366.0,0.5968,11054.0,0.597,1191.0
1753617273512,11:54:33.512,gateio,ACE/USDT:USDT,0.5957,5036.0,0.5956,366.0,0.5968,11054.0,0.597,1191.0
1753617275107,11:54:35.107,gateio,ACE/USDT:USDT,0.5957,5036.0,0.5956,366.0,0.5968,11054.0,0.597,1191.0
1753617277922,11:54:37.922,gateio,ACE/USDT:USDT,0.5957,5036.0,0.5956,366.0,0.5968,11054.0,0.597,1191.0
1753617277938,11:54:37.938,gateio,ACE/USDT:USDT,0.5957,5036.0,0.5956,366.0,0.5968,11054.0,0.597,1191.0
1753617278099,11:54:38.099,gateio,ACE/USDT:USDT,0.5956,366.0,0.5955,366.0,0.5968,11054.0,0.597,1191.0
1753617278230,11:54:38.230,gateio,ACE/USDT:USDT,0.5956,366.0,0.5955,366.0,0.5968,11054.0,0.597,1191.0
1753617278649,11:54:38.649,gateio,ACE/USDT:USDT,0.5956,366.0,0.5955,366.0,0.5968,11054.0,0.597,1191.0
1753617278786,11:54:38.786,gateio,ACE/USDT:USDT,0.5956,366.0,0.5955,366.0,0.5968,11054.0,0.597,1191.0
1753617279296,11:54:39.296,gateio,ACE/USDT:USDT,0.5956,366.0,0.5955,366.0,0.5968,11054.0,0.597,1191.0
1753617279473,11:54:39.473,gateio,ACE/USDT:USDT,0.5956,366.0,0.5955,366.0,0.5968,11054.0,0.597,1191.0
1753617279756,11:54:39.756,gateio,ACE/USDT:USDT,0.5956,366.0,0.5955,366.0,0.5968,11054.0,0.597,1191.0
1753617279890,11:54:39.890,gateio,ACE/USDT:USDT,0.5956,366.0,0.5955,366.0,0.5968,11054.0,0.597,1191.0
1753617280229,11:54:40.229,gateio,ACE/USDT:USDT,0.5956,366.0,0.5955,366.0,0.5967,10056.0,0.5968,6026.0
1753617280308,11:54:40.308,gateio,ACE/USDT:USDT,0.5956,366.0,0.5955,366.0,0.5967,10056.0,0.5968,6026.0
1753617280729,11:54:40.729,gateio,ACE/USDT:USDT,0.5956,366.0,0.5955,366.0,0.5967,10056.0,0.5968,5026.0
1753617282708,11:54:42.708,gateio,ACE/USDT:USDT,0.5956,366.0,0.5955,366.0,0.5966,10056.0,0.5967,5027.0
1753617284938,11:54:44.938,gateio,ACE/USDT:USDT,0.5956,366.0,0.5955,366.0,0.5965,5029.0,0.5966,10056.0
1753617284977,11:54:44.977,gateio,ACE/USDT:USDT,0.5956,366.0,0.5955,366.0,0.5965,5029.0,0.597,1191.0
1753617285105,11:54:45.105,gateio,ACE/USDT:USDT,0.5956,366.0,0.5955,366.0,0.5964,366.0,0.5965,5029.0
1753617285234,11:54:45.234,gateio,ACE/USDT:USDT,0.5956,366.0,0.5955,366.0,0.5964,366.0,0.5965,5029.0
1753617285332,11:54:45.332,gateio,ACE/USDT:USDT,0.5956,366.0,0.5955,366.0,0.5964,10426.0,0.5965,5029.0
1753617285604,11:54:45.604,gateio,ACE/USDT:USDT,0.5956,366.0,0.5955,366.0,0.596,366.0,0.5961,366.0
1753617285675,11:54:45.675,gateio,ACE/USDT:USDT,0.5956,366.0,0.5955,366.0,0.596,366.0,0.5961,366.0
1753617285817,11:54:45.817,gateio,ACE/USDT:USDT,0.5956,366.0,0.5955,366.0,0.596,366.0,0.5961,366.0
1753617286004,11:54:46.004,gateio,ACE/USDT:USDT,0.5956,366.0,0.5955,366.0,0.596,366.0,0.5961,366.0
1753617286423,11:54:46.423,gateio,ACE/USDT:USDT,0.5956,366.0,0.5955,366.0,0.596,366.0,0.5961,366.0
1753617286481,11:54:46.481,gateio,ACE/USDT:USDT,0.5956,366.0,0.5955,366.0,0.596,561.0,0.5961,366.0
1753617286614,11:54:46.614,gateio,ACE/USDT:USDT,0.5956,366.0,0.5955,366.0,0.596,366.0,0.5961,366.0
1753617286735,11:54:46.735,gateio,ACE/USDT:USDT,0.5948,1000.0,0.5947,5044.0,0.596,366.0,0.5961,366.0
1753617286803,11:54:46.803,gateio,ACE/USDT:USDT,0.595,1000.0,0.5949,5042.0,0.596,366.0,0.5961,366.0
1753617286856,11:54:46.856,gateio,ACE/USDT:USDT,0.595,1000.0,0.5949,5042.0,0.596,366.0,0.5961,366.0
1753617287034,11:54:47.034,gateio,ACE/USDT:USDT,0.595,1000.0,0.5949,5042.0,0.596,561.0,0.5961,366.0
1753617287043,11:54:47.043,gateio,ACE/USDT:USDT,0.595,1000.0,0.5949,5042.0,0.596,366.0,0.5961,366.0
1753617287293,11:54:47.293,gateio,ACE/USDT:USDT,0.595,1000.0,0.5949,5042.0,0.596,366.0,0.5961,366.0
1753617287720,11:54:47.720,gateio,ACE/USDT:USDT,0.595,1000.0,0.5949,5042.0,0.596,366.0,0.5961,366.0
1753617287744,11:54:47.744,gateio,ACE/USDT:USDT,0.595,1000.0,0.5949,5042.0,0.596,561.0,0.5961,366.0
1753617287843,11:54:47.843,gateio,ACE/USDT:USDT,0.595,1000.0,0.5949,5042.0,0.596,366.0,0.5961,366.0
1753617288420,11:54:48.420,gateio,ACE/USDT:USDT,0.595,1000.0,0.5949,5042.0,0.596,366.0,0.5961,366.0
1753617288445,11:54:48.445,gateio,ACE/USDT:USDT,0.595,1000.0,0.5949,5042.0,0.596,561.0,0.5961,366.0
1753617288635,11:54:48.635,gateio,ACE/USDT:USDT,0.595,1000.0,0.5949,5042.0,0.596,366.0,0.5961,366.0
1753617288655,11:54:48.655,gateio,ACE/USDT:USDT,0.595,1000.0,0.5949,5042.0,0.596,366.0,0.5961,366.0
1753617289343,11:54:49.343,gateio,ACE/USDT:USDT,0.595,1000.0,0.5949,5042.0,0.596,366.0,0.5961,366.0
1753617289444,11:54:49.444,gateio,ACE/USDT:USDT,0.595,1000.0,0.5949,5042.0,0.596,561.0,0.5961,366.0
1753617289543,11:54:49.543,gateio,ACE/USDT:USDT,0.595,1000.0,0.5949,5042.0,0.596,366.0,0.5961,366.0
1753617290374,11:54:50.374,gateio,ACE/USDT:USDT,0.595,11084.0,0.5949,5042.0,0.596,569.0,0.5961,366.0
1753617290444,11:54:50.444,gateio,ACE/USDT:USDT,0.595,11084.0,0.5949,5042.0,0.596,366.0,0.5961,366.0
1753617291922,11:54:51.922,gateio,ACE/USDT:USDT,0.595,11084.0,0.5949,5042.0,0.596,366.0,0.5961,366.0
1753617291949,11:54:51.949,gateio,ACE/USDT:USDT,0.595,11084.0,0.5949,5042.0,0.596,561.0,0.5961,366.0
1753617292042,11:54:52.042,gateio,ACE/USDT:USDT,0.595,11084.0,0.5949,5042.0,0.596,366.0,0.5961,366.0
1753617292184,11:54:52.184,gateio,ACE/USDT:USDT,0.595,11084.0,0.5949,5042.0,0.596,366.0,0.5961,366.0
1753617292868,11:54:52.868,gateio,ACE/USDT:USDT,0.595,11084.0,0.5949,5042.0,0.596,366.0,0.5961,366.0
1753617292943,11:54:52.943,gateio,ACE/USDT:USDT,0.595,11084.0,0.5949,5042.0,0.596,561.0,0.5961,366.0
1753617293042,11:54:53.042,gateio,ACE/USDT:USDT,0.595,11084.0,0.5949,5042.0,0.596,366.0,0.5961,366.0
1753617293538,11:54:53.538,gateio,ACE/USDT:USDT,0.595,11084.0,0.5949,5042.0,0.596,366.0,0.5961,366.0
1753617293643,11:54:53.643,gateio,ACE/USDT:USDT,0.595,11084.0,0.5949,5042.0,0.596,561.0,0.5961,366.0
1753617293758,11:54:53.758,gateio,ACE/USDT:USDT,0.595,11084.0,0.5949,5042.0,0.596,366.0,0.5961,366.0
1753617295353,11:54:55.353,gateio,ACE/USDT:USDT,0.595,1000.0,0.5949,5042.0,0.596,569.0,0.5961,366.0
1753617295449,11:54:55.449,gateio,ACE/USDT:USDT,0.595,11084.0,0.5949,5042.0,0.596,366.0,0.5961,366.0
1753617295578,11:54:55.578,gateio,ACE/USDT:USDT,0.595,1000.0,0.5949,5042.0,0.596,366.0,0.5961,366.0
1753617295826,11:54:55.826,gateio,ACE/USDT:USDT,0.595,1000.0,0.5949,5042.0,0.596,366.0,0.5961,366.0
1753617296349,11:54:56.349,gateio,ACE/USDT:USDT,0.595,11084.0,0.5949,5042.0,0.596,569.0,0.5961,366.0
1753617296496,11:54:56.496,gateio,ACE/USDT:USDT,0.595,11084.0,0.5949,5042.0,0.596,366.0,0.5961,366.0
1753617296726,11:54:56.726,gateio,ACE/USDT:USDT,0.595,11267.0,0.5949,5408.0,0.5953,2.0,0.596,183.0
1753617296821,11:54:56.821,gateio,ACE/USDT:USDT,0.5951,3380.0,0.595,11267.0,0.596,183.0,0.5961,183.0
1753617297065,11:54:57.065,gateio,ACE/USDT:USDT,0.5951,3380.0,0.595,11267.0,0.596,183.0,0.5961,183.0
1753617297148,11:54:57.148,gateio,ACE/USDT:USDT,0.5951,3380.0,0.595,11267.0,0.596,378.0,0.5961,183.0
1753617297243,11:54:57.243,gateio,ACE/USDT:USDT,0.5951,3380.0,0.595,11267.0,0.596,183.0,0.5961,183.0
1753617297889,11:54:57.889,gateio,ACE/USDT:USDT,0.5951,3380.0,0.595,11267.0,0.596,183.0,0.5961,183.0
1753617297985,11:54:57.985,gateio,ACE/USDT:USDT,0.5951,3380.0,0.595,11267.0,0.596,183.0,0.5961,183.0
1753617298306,11:54:58.306,gateio,ACE/USDT:USDT,0.5951,3380.0,0.595,11267.0,0.596,183.0,0.5961,183.0
1753617298719,11:54:58.719,gateio,ACE/USDT:USDT,0.595,1183.0,0.5949,5225.0,0.596,183.0,0.5961,183.0
1753617298771,11:54:58.771,gateio,ACE/USDT:USDT,0.595,1183.0,0.5949,5225.0,0.596,378.0,0.5961,183.0
1753617298842,11:54:58.842,gateio,ACE/USDT:USDT,0.595,1183.0,0.5949,5225.0,0.596,183.0,0.5961,183.0
1753617299121,11:54:59.121,gateio,ACE/USDT:USDT,0.5951,3380.0,0.595,11267.0,0.596,183.0,0.5961,183.0
1753617299142,11:54:59.142,gateio,ACE/USDT:USDT,0.5951,3380.0,0.595,11267.0,0.596,183.0,0.5961,183.0
1753617299253,11:54:59.253,gateio,ACE/USDT:USDT,0.5951,3380.0,0.595,11267.0,0.596,183.0,0.5961,183.0
1753617299536,11:54:59.536,gateio,ACE/USDT:USDT,0.5951,3380.0,0.595,11267.0,0.596,183.0,0.5961,183.0
1753617299536,11:54:59.536,gateio,ACE/USDT:USDT,0.5951,3380.0,0.595,11267.0,0.596,183.0,0.5961,183.0
1753617300159,11:55:00.159,gateio,ACE/USDT:USDT,0.5951,3380.0,0.595,11267.0,0.596,183.0,0.5961,183.0
1753617300254,11:55:00.254,gateio,ACE/USDT:USDT,0.5951,3380.0,0.595,11267.0,0.596,183.0,0.5961,183.0
1753617300379,11:55:00.379,gateio,ACE/USDT:USDT,0.595,1183.0,0.5949,5225.0,0.596,183.0,0.5961,183.0
1753617300795,11:55:00.795,gateio,ACE/USDT:USDT,0.5951,3380.0,0.595,11267.0,0.596,183.0,0.5961,183.0
1753617301219,11:55:01.219,gateio,ACE/USDT:USDT,0.5951,3380.0,0.595,11267.0,0.596,183.0,0.5961,183.0
1753617301619,11:55:01.619,gateio,ACE/USDT:USDT,0.5951,3380.0,0.595,11267.0,0.596,183.0,0.5961,183.0
1753617302731,11:55:02.731,gateio,ACE/USDT:USDT,0.595,1183.0,0.5949,5225.0,0.596,183.0,0.5961,183.0
1753617302851,11:55:02.851,gateio,ACE/USDT:USDT,0.595,1183.0,0.5949,5225.0,0.596,183.0,0.5961,183.0
1753617303531,11:55:03.531,gateio,ACE/USDT:USDT,0.595,1183.0,0.5949,5225.0,0.596,183.0,0.5961,183.0
1753617303674,11:55:03.674,gateio,ACE/USDT:USDT,0.595,1183.0,0.5949,5225.0,0.596,183.0,0.5961,183.0
1753617305575,11:55:05.575,gateio,ACE/USDT:USDT,0.595,1183.0,0.5949,5225.0,0.596,183.0,0.5961,183.0
1753617305708,11:55:05.708,gateio,ACE/USDT:USDT,0.595,1183.0,0.5949,5225.0,0.596,183.0,0.5961,183.0
1753617306957,11:55:06.957,gateio,ACE/USDT:USDT,0.595,1183.0,0.5949,5225.0,0.596,183.0,0.5961,183.0
1753617307309,11:55:07.309,gateio,ACE/USDT:USDT,0.595,1183.0,0.5949,5225.0,0.596,183.0,0.5961,183.0
1753617308094,11:55:08.094,gateio,ACE/USDT:USDT,0.595,1183.0,0.5949,5225.0,0.596,183.0,0.5961,183.0
1753617308216,11:55:08.216,gateio,ACE/USDT:USDT,0.595,1183.0,0.5949,5225.0,0.596,183.0,0.5961,183.0
1753617308262,11:55:08.262,gateio,ACE/USDT:USDT,0.595,1183.0,0.5949,5225.0,0.596,10251.0,0.5961,183.0
1753617308550,11:55:08.550,gateio,ACE/USDT:USDT,0.595,1183.0,0.5949,5225.0,0.596,5217.0,0.5961,183.0
1753617308732,11:55:08.732,gateio,ACE/USDT:USDT,0.595,1183.0,0.5949,5225.0,0.596,5217.0,0.5961,183.0
1753617308811,11:55:08.811,gateio,ACE/USDT:USDT,0.595,1183.0,0.5949,183.0,0.596,5217.0,0.5961,183.0
1753617308892,11:55:08.892,gateio,ACE/USDT:USDT,0.595,1183.0,0.5949,183.0,0.596,10251.0,0.5961,183.0
1753617310407,11:55:10.407,gateio,ACE/USDT:USDT,0.595,1183.0,0.5949,183.0,0.596,10251.0,0.5961,183.0
1753617310646,11:55:10.646,gateio,ACE/USDT:USDT,0.595,1183.0,0.5949,183.0,0.596,10251.0,0.5961,183.0
1753617313834,11:55:13.834,gateio,ACE/USDT:USDT,0.595,1183.0,0.5949,183.0,0.596,183.0,0.5961,183.0
1753617313843,11:55:13.843,gateio,ACE/USDT:USDT,0.595,1183.0,0.5949,183.0,0.596,386.0,0.5961,183.0
1753617313943,11:55:13.943,gateio,ACE/USDT:USDT,0.595,1183.0,0.5949,183.0,0.596,183.0,0.5961,183.0
1753617314314,11:55:14.314,gateio,ACE/USDT:USDT,0.595,1183.0,0.5949,183.0,0.596,10251.0,0.5961,183.0
1753617314343,11:55:14.343,gateio,ACE/USDT:USDT,0.595,1183.0,0.5949,183.0,0.596,10446.0,0.5961,183.0
1753617314443,11:55:14.443,gateio,ACE/USDT:USDT,0.595,1183.0,0.5949,183.0,0.596,10251.0,0.5961,183.0
1753617317985,11:55:17.985,gateio,ACE/USDT:USDT,0.595,1183.0,0.5949,183.0,0.596,10251.0,0.5961,183.0
1753617318045,11:55:18.045,gateio,ACE/USDT:USDT,0.595,1183.0,0.5949,183.0,0.596,10446.0,0.5961,183.0
1753617318146,11:55:18.146,gateio,ACE/USDT:USDT,0.595,1183.0,0.5949,183.0,0.596,10251.0,0.5961,183.0
1753617318824,11:55:18.824,gateio,ACE/USDT:USDT,0.595,1183.0,0.5949,183.0,0.596,10251.0,0.5961,183.0
1753617318846,11:55:18.846,gateio,ACE/USDT:USDT,0.595,1183.0,0.5949,183.0,0.596,10446.0,0.5961,183.0
1753617318942,11:55:18.942,gateio,ACE/USDT:USDT,0.595,1183.0,0.5949,183.0,0.596,10251.0,0.5961,183.0
1753617319193,11:55:19.193,gateio,ACE/USDT:USDT,0.595,1183.0,0.5949,183.0,0.596,10251.0,0.5961,183.0
1753617319289,11:55:19.289,gateio,ACE/USDT:USDT,0.595,1183.0,0.5949,183.0,0.596,10251.0,0.5961,183.0
1753617319657,11:55:19.657,gateio,ACE/USDT:USDT,0.595,1183.0,0.5949,183.0,0.596,386.0,0.5961,183.0
1753617319831,11:55:19.831,gateio,ACE/USDT:USDT,0.595,1183.0,0.5949,183.0,0.596,183.0,0.5961,183.0
1753617319935,11:55:19.935,gateio,ACE/USDT:USDT,0.595,1183.0,0.5949,183.0,0.596,5217.0,0.5961,183.0
1753617319954,11:55:19.954,gateio,ACE/USDT:USDT,0.595,183.0,0.5949,183.0,0.596,10251.0,0.5961,183.0
1753617320320,11:55:20.320,gateio,ACE/USDT:USDT,0.595,183.0,0.5949,183.0,0.5959,1000.0,0.596,10251.0
1753617320367,11:55:20.367,gateio,ACE/USDT:USDT,0.595,183.0,0.5949,183.0,0.5959,1000.0,0.596,10454.0
1753617320724,11:55:20.724,gateio,ACE/USDT:USDT,0.595,183.0,0.5949,183.0,0.5959,1000.0,0.596,10454.0
1753617320979,11:55:20.979,gateio,ACE/USDT:USDT,0.595,183.0,0.5949,183.0,0.5959,1000.0,0.596,10454.0
1753617321287,11:55:21.287,gateio,ACE/USDT:USDT,0.595,183.0,0.5949,183.0,0.5959,1000.0,0.596,10454.0
1753617321570,11:55:21.570,gateio,ACE/USDT:USDT,0.595,183.0,0.5949,183.0,0.5959,1000.0,0.596,10454.0
1753617321994,11:55:21.994,gateio,ACE/USDT:USDT,0.595,183.0,0.5949,183.0,0.5959,1000.0,0.596,10454.0
1753617322277,11:55:22.277,gateio,ACE/USDT:USDT,0.595,183.0,0.5949,183.0,0.5959,1000.0,0.596,10454.0
1753617324294,11:55:24.294,gateio,ACE/USDT:USDT,0.595,183.0,0.5949,183.0,0.5959,1000.0,0.596,386.0
1753617324349,11:55:24.349,gateio,ACE/USDT:USDT,0.595,183.0,0.5949,183.0,0.5959,1000.0,0.596,183.0
1753617324492,11:55:24.492,gateio,ACE/USDT:USDT,0.595,183.0,0.5949,183.0,0.5959,1000.0,0.596,378.0
1753617324544,11:55:24.544,gateio,ACE/USDT:USDT,0.595,183.0,0.5949,183.0,0.5959,1000.0,0.596,183.0
1753617337927,11:55:37.927,gateio,ACE/USDT:USDT,0.595,183.0,0.5949,183.0,0.5959,1000.0,0.596,183.0
1753617337943,11:55:37.943,gateio,ACE/USDT:USDT,0.595,183.0,0.5949,183.0,0.5959,1000.0,0.596,378.0
1753617338043,11:55:38.043,gateio,ACE/USDT:USDT,0.595,183.0,0.5949,183.0,0.5959,1000.0,0.596,183.0
1753617338331,11:55:38.331,gateio,ACE/USDT:USDT,0.595,183.0,0.5949,183.0,0.5959,1000.0,0.596,183.0
1753617341834,11:55:41.834,gateio,ACE/USDT:USDT,0.595,183.0,0.5949,183.0,0.5959,11068.0,0.596,386.0
1753617341882,11:55:41.882,gateio,ACE/USDT:USDT,0.595,183.0,0.5949,183.0,0.5959,11068.0,0.596,183.0
1753617342033,11:55:42.033,gateio,ACE/USDT:USDT,0.595,183.0,0.5949,183.0,0.5959,11068.0,0.596,183.0
1753617342055,11:55:42.055,gateio,ACE/USDT:USDT,0.595,183.0,0.5949,183.0,0.5959,11068.0,0.596,183.0
1753617342145,11:55:42.145,gateio,ACE/USDT:USDT,0.595,183.0,0.5949,183.0,0.5959,11068.0,0.596,183.0
1753617347533,11:55:47.533,gateio,ACE/USDT:USDT,0.5951,5209.0,0.595,183.0,0.5959,10236.0,0.596,183.0
1753617347615,11:55:47.615,gateio,ACE/USDT:USDT,0.5953,5039.0,0.5952,3367.0,0.5967,1000.0,0.5968,1000.0
1753617347677,11:55:47.677,gateio,ACE/USDT:USDT,0.5953,5039.0,0.5951,168.0,0.5967,1000.0,0.5968,1000.0
1753617347816,11:55:47.816,gateio,ACE/USDT:USDT,0.5953,5039.0,0.5951,168.0,0.5967,1000.0,0.5968,1000.0
1753617347929,11:55:47.929,gateio,ACE/USDT:USDT,0.5953,5039.0,0.5951,168.0,0.5967,1000.0,0.5968,1000.0
1753617347967,11:55:47.967,gateio,ACE/USDT:USDT,0.5953,5039.0,0.5951,168.0,0.5969,1000.0,0.597,1191.0
1753617348134,11:55:48.134,gateio,ACE/USDT:USDT,0.5953,5039.0,0.5951,168.0,0.5969,6025.0,0.597,1191.0
1753617348231,11:55:48.231,gateio,ACE/USDT:USDT,0.5953,5039.0,0.5951,168.0,0.5969,6025.0,0.597,1191.0
1753617348311,11:55:48.311,gateio,ACE/USDT:USDT,0.5953,5039.0,0.5951,168.0,0.5968,4823.0,0.5969,16077.0
1753617348355,11:55:48.355,gateio,ACE/USDT:USDT,0.5953,5039.0,0.5951,168.0,0.5968,4823.0,0.5969,16077.0
1753617348753,11:55:48.753,gateio,ACE/USDT:USDT,0.5953,5039.0,0.5951,168.0,0.5968,4823.0,0.5969,16077.0
1753617348843,11:55:48.843,gateio,ACE/USDT:USDT,0.5953,5039.0,0.5951,168.0,0.5968,4823.0,0.5969,16077.0
1753617348943,11:55:48.943,gateio,ACE/USDT:USDT,0.5953,5039.0,0.5951,168.0,0.5968,4823.0,0.5969,16077.0
1753617349834,11:55:49.834,gateio,ACE/USDT:USDT,0.5953,5039.0,0.5944,141.0,0.5968,10054.0,0.5969,6025.0
1753617349858,11:55:49.858,gateio,ACE/USDT:USDT,0.5954,4535.0,0.5953,15117.0,0.5968,10054.0,0.5969,6025.0
1753617350022,11:55:50.022,gateio,ACE/USDT:USDT,0.5954,4535.0,0.5953,5039.0,0.5967,4524.0,0.5968,15080.0
1753617350119,11:55:50.119,gateio,ACE/USDT:USDT,0.5953,5039.0,0.5944,141.0,0.5967,4524.0,0.5968,15080.0
1753617350219,11:55:50.219,gateio,ACE/USDT:USDT,0.5953,5039.0,0.5944,141.0,0.5967,4524.0,0.5968,15080.0
1753617350336,11:55:50.336,gateio,ACE/USDT:USDT,0.5954,4498.0,0.5953,10078.0,0.5967,4524.0,0.5968,15080.0
1753617350399,11:55:50.399,gateio,ACE/USDT:USDT,0.5953,10078.0,0.5944,141.0,0.5967,4524.0,0.5968,15080.0
1753617350825,11:55:50.825,gateio,ACE/USDT:USDT,0.5954,4256.0,0.5953,5039.0,0.5967,4524.0,0.5968,15080.0
1753617350846,11:55:50.846,gateio,ACE/USDT:USDT,0.5953,10078.0,0.5944,141.0,0.5967,4524.0,0.5968,15080.0
1753617350979,11:55:50.979,gateio,ACE/USDT:USDT,0.5954,4489.0,0.5953,15117.0,0.5967,4524.0,0.5968,15080.0
1753617351219,11:55:51.219,gateio,ACE/USDT:USDT,0.5954,4489.0,0.5953,5039.0,0.5967,4524.0,0.5968,15080.0
1753617351336,11:55:51.336,gateio,ACE/USDT:USDT,0.5954,4230.0,0.5953,15117.0,0.5967,4524.0,0.5968,5026.0
1753617351365,11:55:51.365,gateio,ACE/USDT:USDT,0.5954,4230.0,0.5953,15117.0,0.5967,4524.0,0.5968,15080.0
1753617351505,11:55:51.505,gateio,ACE/USDT:USDT,0.5954,4398.0,0.5953,15453.0,0.5966,11056.0,0.5968,5026.0
1753617351547,11:55:51.547,gateio,ACE/USDT:USDT,0.5954,4398.0,0.5953,15453.0,0.5966,11056.0,0.5968,5026.0
1753617351643,11:55:51.643,gateio,ACE/USDT:USDT,0.5954,4398.0,0.5953,15453.0,0.5966,11056.0,0.5968,5026.0
1753617351889,11:55:51.889,gateio,ACE/USDT:USDT,0.5954,4398.0,0.5953,15453.0,0.5966,11056.0,0.5968,5026.0
1753617352077,11:55:52.077,gateio,ACE/USDT:USDT,0.5954,4398.0,0.5953,15453.0,0.5966,11056.0,0.5968,5026.0
1753617352170,11:55:52.170,gateio,ACE/USDT:USDT,0.5954,4398.0,0.5953,15453.0,0.5966,11056.0,0.5968,5026.0
1753617352242,11:55:52.242,gateio,ACE/USDT:USDT,0.5954,4398.0,0.5953,15453.0,0.5966,11056.0,0.5968,5026.0
1753617355095,11:55:55.095,gateio,ACE/USDT:USDT,0.5954,4398.0,0.5953,15453.0,0.5966,11056.0,0.5968,5026.0
1753617355144,11:55:55.144,gateio,ACE/USDT:USDT,0.5954,4398.0,0.5953,15453.0,0.5966,11056.0,0.5968,5026.0
1753617355243,11:55:55.243,gateio,ACE/USDT:USDT,0.5954,4398.0,0.5953,15453.0,0.5966,11056.0,0.5968,5026.0
1753617356366,11:55:56.366,gateio,ACE/USDT:USDT,0.5954,168.0,0.5953,5375.0,0.5966,11056.0,0.5968,5026.0
1753617356518,11:55:56.518,gateio,ACE/USDT:USDT,0.5954,168.0,0.5953,5375.0,0.5966,11056.0,0.5968,5026.0
1753617356627,11:55:56.627,gateio,ACE/USDT:USDT,0.5953,168.0,0.5943,141.0,0.5965,5029.0,0.5966,11056.0
1753617356731,11:55:56.731,gateio,ACE/USDT:USDT,0.5953,168.0,0.5941,1141.0,0.5962,5031.0,0.5963,1336.0
1753617356833,11:55:56.833,gateio,ACE/USDT:USDT,0.5945,6046.0,0.5944,1000.0,0.596,5033.0,0.5961,1000.0
1753617356915,11:55:56.915,gateio,ACE/USDT:USDT,0.5945,6046.0,0.5944,1000.0,0.596,5033.0,0.5968,2929.0
1753617357028,11:55:57.028,gateio,ACE/USDT:USDT,0.5945,6046.0,0.5944,1000.0,0.596,5033.0,0.5967,136.0
1753617357052,11:55:57.052,gateio,ACE/USDT:USDT,0.5945,6046.0,0.5944,1000.0,0.596,5033.0,0.5967,136.0
1753617357560,11:55:57.560,gateio,ACE/USDT:USDT,0.5945,6046.0,0.5944,1000.0,0.596,5033.0,0.5967,136.0
1753617357919,11:55:57.919,gateio,ACE/USDT:USDT,0.5945,5046.0,0.5941,1000.0,0.5959,4530.0,0.596,15101.0
1753617357999,11:55:57.999,gateio,ACE/USDT:USDT,0.5945,5046.0,0.5941,1000.0,0.5959,4530.0,0.596,15101.0
1753617358609,11:55:58.609,gateio,ACE/USDT:USDT,0.5945,5046.0,0.5941,1000.0,0.5959,4530.0,0.596,15101.0
1753617358717,11:55:58.717,gateio,ACE/USDT:USDT,0.5945,5046.0,0.5941,1000.0,0.5959,4530.0,0.596,15101.0
1753617358853,11:55:58.853,gateio,ACE/USDT:USDT,0.5945,5046.0,0.5941,1000.0,0.5959,4530.0,0.596,15101.0
1753617359680,11:55:59.680,gateio,ACE/USDT:USDT,0.5945,5046.0,0.5941,1000.0,0.5959,4530.0,0.596,15101.0
1753617359944,11:55:59.944,gateio,ACE/USDT:USDT,0.5945,5046.0,0.5941,1000.0,0.5959,4530.0,0.596,15101.0
1753617360060,11:56:00.060,gateio,ACE/USDT:USDT,0.5945,5046.0,0.5941,1000.0,0.5959,10068.0,0.596,5033.0
1753617360296,11:56:00.296,gateio,ACE/USDT:USDT,0.5945,5046.0,0.5941,1000.0,0.5959,10068.0,0.596,5033.0
1753617360358,11:56:00.358,gateio,ACE/USDT:USDT,0.5945,5046.0,0.5941,1000.0,0.5959,10068.0,0.596,5033.0
1753617362078,11:56:02.078,gateio,ACE/USDT:USDT,0.5945,5046.0,0.5941,1000.0,0.5959,10068.0,0.596,5033.0
1753617362370,11:56:02.370,gateio,ACE/USDT:USDT,0.5945,5046.0,0.5941,1000.0,0.5959,10068.0,0.596,5033.0
1753617362812,11:56:02.812,gateio,ACE/USDT:USDT,0.5945,5046.0,0.5941,1000.0,0.5959,10068.0,0.596,5033.0
1753617362838,11:56:02.838,gateio,ACE/USDT:USDT,0.5945,5046.0,0.5941,1000.0,0.5959,10068.0,0.596,5033.0
1753617365630,11:56:05.630,gateio,ACE/USDT:USDT,0.5945,5046.0,0.5941,1000.0,0.5959,10068.0,0.596,5033.0
1753617366020,11:56:06.020,gateio,ACE/USDT:USDT,0.5945,5046.0,0.5941,1000.0,0.5959,10068.0,0.596,5033.0
1753617366840,11:56:06.840,gateio,ACE/USDT:USDT,0.5945,5046.0,0.5941,1000.0,0.5959,10068.0,0.596,5033.0
1753617366943,11:56:06.943,gateio,ACE/USDT:USDT,0.5945,5046.0,0.5941,1000.0,0.5959,10068.0,0.596,5228.0
1753617369215,11:56:09.215,gateio,ACE/USDT:USDT,0.5945,5046.0,0.5941,1000.0,0.5959,10068.0,0.596,5228.0
1753617369665,11:56:09.665,gateio,ACE/USDT:USDT,0.5945,5046.0,0.5941,1000.0,0.5959,10068.0,0.596,5228.0
1753617370014,11:56:10.014,gateio,ACE/USDT:USDT,0.5945,5046.0,0.5941,1000.0,0.5959,10068.0,0.596,5228.0
1753617371620,11:56:11.620,gateio,ACE/USDT:USDT,0.5945,5046.0,0.5941,1000.0,0.5959,10068.0,0.596,5228.0
1753617372307,11:56:12.307,gateio,ACE/USDT:USDT,0.5945,5046.0,0.5941,1000.0,0.5959,10068.0,0.596,5228.0
1753617372725,11:56:12.725,gateio,ACE/USDT:USDT,0.5945,5046.0,0.5941,1000.0,0.5959,10068.0,0.596,5228.0
1753617372832,11:56:12.832,gateio,ACE/USDT:USDT,0.5945,5046.0,0.5941,1000.0,0.5959,10068.0,0.596,5228.0
1753617372853,11:56:12.853,gateio,ACE/USDT:USDT,0.5945,5046.0,0.5941,1000.0,0.5959,10068.0,0.596,5228.0
1753617373025,11:56:13.025,gateio,ACE/USDT:USDT,0.5945,5046.0,0.5941,1000.0,0.5958,4531.0,0.5959,15102.0
1753617373087,11:56:13.087,gateio,ACE/USDT:USDT,0.5945,5046.0,0.5941,1000.0,0.5959,10068.0,0.5966,136.0
1753617373165,11:56:13.165,gateio,ACE/USDT:USDT,0.5945,5046.0,0.5941,1000.0,0.5958,4531.0,0.5959,15102.0
1753617373295,11:56:13.295,gateio,ACE/USDT:USDT,0.5945,5046.0,0.5941,1000.0,0.5958,4531.0,0.5959,15102.0
1753617373715,11:56:13.715,gateio,ACE/USDT:USDT,0.5945,5046.0,0.5941,1000.0,0.5958,4531.0,0.5959,15102.0
1753617373934,11:56:13.934,gateio,ACE/USDT:USDT,0.5945,5046.0,0.5941,1000.0,0.5958,4531.0,0.5959,15102.0
1753617373943,11:56:13.943,gateio,ACE/USDT:USDT,0.5945,5046.0,0.5941,1000.0,0.5958,4531.0,0.5959,15102.0
1753617374135,11:56:14.135,gateio,ACE/USDT:USDT,0.5945,5046.0,0.5941,1000.0,0.5958,4531.0,0.5959,15102.0
1753617376419,11:56:16.419,gateio,ACE/USDT:USDT,0.5945,5046.0,0.5941,1000.0,0.5959,5034.0,0.5966,136.0
1753617376499,11:56:16.499,gateio,ACE/USDT:USDT,0.5945,5214.0,0.5944,336.0,0.595,203.0,0.5959,5034.0
1753617376619,11:56:16.619,gateio,ACE/USDT:USDT,0.5946,3547.0,0.5945,5214.0,0.595,203.0,0.5959,5034.0
1753617376663,11:56:16.663,gateio,ACE/USDT:USDT,0.5945,5214.0,0.5944,336.0,0.5959,5034.0,0.5966,136.0
1753617376779,11:56:16.779,gateio,ACE/USDT:USDT,0.5945,5214.0,0.5944,336.0,0.5959,5034.0,0.5966,136.0
1753617377000,11:56:17.000,gateio,ACE/USDT:USDT,0.5945,5214.0,0.5944,336.0,0.5959,5034.0,0.5966,136.0
1753617377043,11:56:17.043,gateio,ACE/USDT:USDT,0.5945,5214.0,0.5944,336.0,0.5959,5034.0,0.5966,136.0
1753617377235,11:56:17.235,gateio,ACE/USDT:USDT,0.5946,1000.0,0.5945,5214.0,0.5959,5034.0,0.5966,136.0
1753617377279,11:56:17.279,gateio,ACE/USDT:USDT,0.5946,1000.0,0.5945,5214.0,0.5959,5034.0,0.5966,136.0
1753617377430,11:56:17.430,gateio,ACE/USDT:USDT,0.5946,1000.0,0.5945,5214.0,0.5959,5034.0,0.5966,136.0
1753617377479,11:56:17.479,gateio,ACE/USDT:USDT,0.5946,1000.0,0.5945,5214.0,0.5959,5034.0,0.5966,136.0
1753617377681,11:56:17.681,gateio,ACE/USDT:USDT,0.5946,1000.0,0.5945,5214.0,0.5959,5034.0,0.5966,136.0
1753617377913,11:56:17.913,gateio,ACE/USDT:USDT,0.5946,1000.0,0.5945,5214.0,0.5959,5034.0,0.5966,136.0
1753617377987,11:56:17.987,gateio,ACE/USDT:USDT,0.5946,1000.0,0.5945,5214.0,0.5959,5034.0,0.5966,136.0
1753617378236,11:56:18.236,gateio,ACE/USDT:USDT,0.5946,1000.0,0.5945,5214.0,0.5959,5034.0,0.5966,136.0
1753617378283,11:56:18.283,gateio,ACE/USDT:USDT,0.5946,1000.0,0.5945,5214.0,0.5959,10068.0,0.5966,136.0
1753617378631,11:56:18.631,gateio,ACE/USDT:USDT,0.5946,1000.0,0.5945,5214.0,0.5959,10068.0,0.5966,136.0
1753617378691,11:56:18.691,gateio,ACE/USDT:USDT,0.5946,1000.0,0.5945,5214.0,0.5959,10068.0,0.5966,136.0
1753617378743,11:56:18.743,gateio,ACE/USDT:USDT,0.5946,1000.0,0.5945,5214.0,0.5959,10068.0,0.5966,136.0
1753617379150,11:56:19.150,gateio,ACE/USDT:USDT,0.5946,1000.0,0.5945,5214.0,0.5958,4531.0,0.5959,15102.0
1753617379259,11:56:19.259,gateio,ACE/USDT:USDT,0.5946,1000.0,0.5945,5214.0,0.5959,10068.0,0.5966,136.0
1753617379379,11:56:19.379,gateio,ACE/USDT:USDT,0.5946,1000.0,0.5945,5214.0,0.5959,10068.0,0.5966,136.0
1753617380204,11:56:20.204,gateio,ACE/USDT:USDT,0.5946,1000.0,0.5945,5214.0,0.595,203.0,0.5959,5034.0
1753617380326,11:56:20.326,gateio,ACE/USDT:USDT,0.5946,1000.0,0.5945,5214.0,0.595,203.0,0.5959,5034.0
1753617380343,11:56:20.343,gateio,ACE/USDT:USDT,0.5946,1000.0,0.5945,5214.0,0.595,203.0,0.5959,5034.0
1753617380629,11:56:20.629,gateio,ACE/USDT:USDT,0.5946,1000.0,0.5945,5214.0,0.595,203.0,0.5958,1000.0
1753617380761,11:56:20.761,gateio,ACE/USDT:USDT,0.5946,1000.0,0.5945,5214.0,0.595,203.0,0.5958,1000.0
1753617380843,11:56:20.843,gateio,ACE/USDT:USDT,0.5946,1000.0,0.5945,5214.0,0.595,203.0,0.5958,1000.0
1753617380943,11:56:20.943,gateio,ACE/USDT:USDT,0.5946,1000.0,0.5945,5214.0,0.595,203.0,0.5958,1000.0
1753617381619,11:56:21.619,gateio,ACE/USDT:USDT,0.5946,1000.0,0.5945,5214.0,0.595,203.0,0.5958,1000.0
1753617381646,11:56:21.646,gateio,ACE/USDT:USDT,0.5946,1000.0,0.5945,5214.0,0.595,203.0,0.5958,1000.0
1753617381757,11:56:21.757,gateio,ACE/USDT:USDT,0.5946,1000.0,0.5945,5214.0,0.595,203.0,0.5958,1000.0
1753617382001,11:56:22.001,gateio,ACE/USDT:USDT,0.5946,1000.0,0.5945,5214.0,0.595,203.0,0.5958,1000.0
1753617382185,11:56:22.185,gateio,ACE/USDT:USDT,0.5946,1000.0,0.5945,5214.0,0.595,203.0,0.5958,1000.0
1753617382243,11:56:22.243,gateio,ACE/USDT:USDT,0.5946,1000.0,0.5945,5214.0,0.595,203.0,0.5958,1000.0
1753617382347,11:56:22.347,gateio,ACE/USDT:USDT,0.5946,1000.0,0.5945,5214.0,0.595,203.0,0.5958,1000.0
1753617382588,11:56:22.588,gateio,ACE/USDT:USDT,0.5946,1000.0,0.5945,5214.0,0.595,203.0,0.5958,1000.0
1753617382821,11:56:22.821,gateio,ACE/USDT:USDT,0.5946,1000.0,0.5945,5214.0,0.595,203.0,0.5958,1000.0
1753617382843,11:56:22.843,gateio,ACE/USDT:USDT,0.5946,1000.0,0.5945,5214.0,0.595,203.0,0.5958,1000.0
1753617383026,11:56:23.026,gateio,ACE/USDT:USDT,0.5946,1000.0,0.5945,5214.0,0.595,203.0,0.5958,1000.0
1753617383237,11:56:23.237,gateio,ACE/USDT:USDT,0.5946,1000.0,0.5945,5214.0,0.595,203.0,0.5958,1000.0
1753617383857,11:56:23.857,gateio,ACE/USDT:USDT,0.5946,1000.0,0.5945,5214.0,0.595,203.0,0.5958,1000.0
1753617383945,11:56:23.945,gateio,ACE/USDT:USDT,0.5946,1000.0,0.5945,5214.0,0.595,203.0,0.5958,1000.0
1753617384043,11:56:24.043,gateio,ACE/USDT:USDT,0.5946,1000.0,0.5945,5214.0,0.595,203.0,0.5958,1000.0
1753617385904,11:56:25.904,gateio,ACE/USDT:USDT,0.5946,1000.0,0.5945,168.0,0.595,203.0,0.5958,1000.0
1753617385981,11:56:25.981,gateio,ACE/USDT:USDT,0.5946,1000.0,0.5945,168.0,0.595,203.0,0.5958,1000.0
1753617386065,11:56:26.065,gateio,ACE/USDT:USDT,0.5946,1000.0,0.5945,168.0,0.595,203.0,0.5958,1000.0
1753617386330,11:56:26.330,gateio,ACE/USDT:USDT,0.5946,1000.0,0.5945,168.0,0.595,203.0,0.5958,1000.0
1753617386402,11:56:26.402,gateio,ACE/USDT:USDT,0.5946,1000.0,0.5945,168.0,0.595,203.0,0.5958,1000.0
1753617387560,11:56:27.560,gateio,ACE/USDT:USDT,0.5946,1000.0,0.5945,168.0,0.595,203.0,0.5958,1000.0
1753617389533,11:56:29.533,gateio,ACE/USDT:USDT,0.5945,168.0,0.5944,168.0,0.5958,1000.0,0.5959,5034.0
1753617389573,11:56:29.573,gateio,ACE/USDT:USDT,0.5945,168.0,0.5944,168.0,0.5958,1000.0,0.5959,5034.0
1753617389724,11:56:29.724,gateio,ACE/USDT:USDT,0.5945,168.0,0.5944,168.0,0.5958,1000.0,0.5959,5034.0
1753617390500,11:56:30.500,gateio,ACE/USDT:USDT,0.5945,168.0,0.5944,168.0,0.5958,1000.0,0.5959,5034.0
1753617391105,11:56:31.105,gateio,ACE/USDT:USDT,0.5945,168.0,0.5944,168.0,0.5958,1000.0,0.5959,5034.0
1753617391383,11:56:31.383,gateio,ACE/USDT:USDT,0.5945,168.0,0.5944,168.0,0.5958,1000.0,0.5959,5034.0
1753617391506,11:56:31.506,gateio,ACE/USDT:USDT,0.5945,168.0,0.5944,168.0,0.5958,1000.0,0.5959,5034.0
1753617393579,11:56:33.579,gateio,ACE/USDT:USDT,0.5945,168.0,0.5944,168.0,0.5958,1000.0,0.5959,5034.0
1753617393733,11:56:33.733,gateio,ACE/USDT:USDT,0.5945,168.0,0.5944,168.0,0.5958,11070.0,0.5959,5034.0
1753617393826,11:56:33.826,gateio,ACE/USDT:USDT,0.5945,168.0,0.5944,168.0,0.5957,4832.0,0.5958,16105.0
1753617394225,11:56:34.225,gateio,ACE/USDT:USDT,0.5945,168.0,0.5944,168.0,0.5957,4832.0,0.5958,16105.0
1753617394475,11:56:34.475,gateio,ACE/USDT:USDT,0.5945,168.0,0.5944,168.0,0.5956,1000.0,0.5957,4832.0
1753617394725,11:56:34.725,gateio,ACE/USDT:USDT,0.5945,168.0,0.5941,1000.0,0.5952,1000.0,0.5953,6039.0
1753617394836,11:56:34.836,gateio,ACE/USDT:USDT,0.5941,1000.0,0.594,308.0,0.5952,11080.0,0.5953,6039.0
1753617394932,11:56:34.932,gateio,ACE/USDT:USDT,0.5941,1000.0,0.594,308.0,0.5952,1000.0,0.5953,6039.0
1753617394979,11:56:34.979,gateio,ACE/USDT:USDT,0.5941,1000.0,0.594,308.0,0.5952,1000.0,0.5953,6039.0
1753617395081,11:56:35.081,gateio,ACE/USDT:USDT,0.5941,1000.0,0.594,308.0,0.5952,1000.0,0.5953,6039.0
1753617395441,11:56:35.441,gateio,ACE/USDT:USDT,0.5941,1000.0,0.594,308.0,0.5952,1000.0,0.5953,6039.0
1753617395902,11:56:35.902,gateio,ACE/USDT:USDT,0.5941,1000.0,0.594,308.0,0.5952,1000.0,0.5953,6039.0
1753617396036,11:56:36.036,gateio,ACE/USDT:USDT,0.5941,1000.0,0.594,308.0,0.5952,1000.0,0.5953,6039.0
1753617396323,11:56:36.323,gateio,ACE/USDT:USDT,0.5941,1000.0,0.594,308.0,0.5952,1000.0,0.5953,6039.0
1753617396511,11:56:36.511,gateio,ACE/USDT:USDT,0.5941,1000.0,0.594,308.0,0.5952,1000.0,0.5953,6039.0
1753617396760,11:56:36.760,gateio,ACE/USDT:USDT,0.5941,1000.0,0.594,308.0,0.5952,11080.0,0.5953,6039.0
1753617397113,11:56:37.113,gateio,ACE/USDT:USDT,0.594,308.0,0.5932,1000.0,0.5952,11080.0,0.5953,6039.0
1753617397219,11:56:37.219,gateio,ACE/USDT:USDT,0.594,308.0,0.5932,1000.0,0.5952,11080.0,0.5953,6039.0
1753617397258,11:56:37.258,gateio,ACE/USDT:USDT,0.594,308.0,0.5932,1000.0,0.5952,11080.0,0.5953,6039.0
1753617397416,11:56:37.416,gateio,ACE/USDT:USDT,0.594,308.0,0.5932,1000.0,0.5952,11080.0,0.5953,6039.0
1753617397440,11:56:37.440,gateio,ACE/USDT:USDT,0.594,308.0,0.5932,1000.0,0.5952,11080.0,0.5953,6039.0
1753617398032,11:56:38.032,gateio,ACE/USDT:USDT,0.594,308.0,0.5932,1000.0,0.5952,11080.0,0.5953,6039.0
1753617398081,11:56:38.081,gateio,ACE/USDT:USDT,0.594,308.0,0.5932,1000.0,0.595,168.0,0.5952,11080.0
1753617398428,11:56:38.428,gateio,ACE/USDT:USDT,0.594,308.0,0.5932,1000.0,0.595,168.0,0.5952,11080.0
1753617398517,11:56:38.517,gateio,ACE/USDT:USDT,0.594,308.0,0.5932,1000.0,0.595,168.0,0.5952,11080.0
1753617398920,11:56:38.920,gateio,ACE/USDT:USDT,0.594,308.0,0.5932,1000.0,0.595,168.0,0.5952,1000.0
1753617398990,11:56:38.990,gateio,ACE/USDT:USDT,0.594,476.0,0.5932,1000.0,0.595,336.0,0.5952,1000.0
1753617399117,11:56:39.117,gateio,ACE/USDT:USDT,0.594,476.0,0.5932,1000.0,0.595,10420.0,0.5952,1000.0
1753617399397,11:56:39.397,gateio,ACE/USDT:USDT,0.594,476.0,0.5932,1000.0,0.595,10420.0,0.5952,1000.0
1753617399444,11:56:39.444,gateio,ACE/USDT:USDT,0.594,476.0,0.5932,1000.0,0.595,10615.0,0.5952,1000.0
1753617399583,11:56:39.583,gateio,ACE/USDT:USDT,0.594,476.0,0.5932,1000.0,0.595,10420.0,0.5952,1000.0
1753617399854,11:56:39.854,gateio,ACE/USDT:USDT,0.594,476.0,0.5932,1000.0,0.595,336.0,0.5952,1000.0
1753617400152,11:56:40.152,gateio,ACE/USDT:USDT,0.594,476.0,0.5932,1000.0,0.595,5378.0,0.5952,1000.0
1753617400245,11:56:40.245,gateio,ACE/USDT:USDT,0.594,476.0,0.5932,1000.0,0.595,5573.0,0.5952,1000.0
1753617400343,11:56:40.343,gateio,ACE/USDT:USDT,0.594,476.0,0.5932,1000.0,0.595,5378.0,0.5952,1000.0
1753617400489,11:56:40.489,gateio,ACE/USDT:USDT,0.594,476.0,0.5932,1000.0,0.595,10420.0,0.5952,1000.0
1753617400615,11:56:40.615,gateio,ACE/USDT:USDT,0.594,476.0,0.5932,1000.0,0.595,5378.0,0.5952,1000.0
1753617401324,11:56:41.324,gateio,ACE/USDT:USDT,0.594,476.0,0.5932,1000.0,0.595,5378.0,0.5952,1000.0
1753617401345,11:56:41.345,gateio,ACE/USDT:USDT,0.594,476.0,0.5932,1000.0,0.595,5573.0,0.5952,1000.0
1753617401442,11:56:41.442,gateio,ACE/USDT:USDT,0.594,476.0,0.5932,1000.0,0.595,5378.0,0.5952,1000.0
1753617401560,11:56:41.560,gateio,ACE/USDT:USDT,0.594,476.0,0.5932,1000.0,0.595,5378.0,0.5952,1000.0
1753617401835,11:56:41.835,gateio,ACE/USDT:USDT,0.594,476.0,0.5932,1000.0,0.595,5378.0,0.5952,1000.0
1753617402232,11:56:42.232,gateio,ACE/USDT:USDT,0.594,476.0,0.5932,1000.0,0.595,5378.0,0.5952,1000.0
1753617402248,11:56:42.248,gateio,ACE/USDT:USDT,0.594,476.0,0.5932,1000.0,0.595,5573.0,0.5952,1000.0
1753617402351,11:56:42.351,gateio,ACE/USDT:USDT,0.594,476.0,0.5932,1000.0,0.595,5378.0,0.5952,1000.0
1753617403778,11:56:43.778,gateio,ACE/USDT:USDT,0.594,476.0,0.5932,1000.0,0.595,540.0,0.5952,1000.0
1753617403843,11:56:43.843,gateio,ACE/USDT:USDT,0.594,476.0,0.5932,1000.0,0.595,336.0,0.5952,1000.0
1753617404526,11:56:44.526,gateio,ACE/USDT:USDT,0.594,476.0,0.5932,1000.0,0.595,336.0,0.5952,1000.0
1753617404590,11:56:44.590,gateio,ACE/USDT:USDT,0.594,476.0,0.5932,1000.0,0.595,531.0,0.5952,1000.0
1753617404643,11:56:44.643,gateio,ACE/USDT:USDT,0.594,476.0,0.5932,1000.0,0.595,336.0,0.5952,1000.0
1753617404900,11:56:44.900,gateio,ACE/USDT:USDT,0.594,476.0,0.5932,1000.0,0.595,336.0,0.5952,1000.0
1753617405073,11:56:45.073,gateio,ACE/USDT:USDT,0.594,476.0,0.5932,1000.0,0.595,336.0,0.5952,1000.0
1753617405144,11:56:45.144,gateio,ACE/USDT:USDT,0.594,476.0,0.5932,1000.0,0.595,531.0,0.5952,1000.0
1753617405243,11:56:45.243,gateio,ACE/USDT:USDT,0.594,476.0,0.5932,1000.0,0.595,336.0,0.5952,1000.0
1753617405361,11:56:45.361,gateio,ACE/USDT:USDT,0.594,476.0,0.5932,1000.0,0.595,336.0,0.5952,1000.0
1753617405886,11:56:45.886,gateio,ACE/USDT:USDT,0.594,476.0,0.5932,1000.0,0.595,336.0,0.5952,1000.0
1753617405944,11:56:45.944,gateio,ACE/USDT:USDT,0.594,476.0,0.5932,1000.0,0.595,531.0,0.5952,1000.0
1753617406055,11:56:46.055,gateio,ACE/USDT:USDT,0.594,476.0,0.5932,1000.0,0.595,336.0,0.5952,1000.0
1753617407786,11:56:47.786,gateio,ACE/USDT:USDT,0.594,476.0,0.5932,1000.0,0.595,10420.0,0.5952,1000.0
1753617407912,11:56:47.912,gateio,ACE/USDT:USDT,0.594,476.0,0.5932,1000.0,0.595,10420.0,0.5952,1000.0
1753617408322,11:56:48.322,gateio,ACE/USDT:USDT,0.594,476.0,0.5932,1000.0,0.595,10420.0,0.5952,1000.0
1753617408344,11:56:48.344,gateio,ACE/USDT:USDT,0.594,476.0,0.5932,1000.0,0.595,10615.0,0.5952,1000.0
1753617408443,11:56:48.443,gateio,ACE/USDT:USDT,0.594,476.0,0.5932,1000.0,0.595,10420.0,0.5952,1000.0
1753617408731,11:56:48.731,gateio,ACE/USDT:USDT,0.594,476.0,0.5932,1000.0,0.595,10420.0,0.5952,1000.0
1753617409106,11:56:49.106,gateio,ACE/USDT:USDT,0.594,476.0,0.5932,1000.0,0.595,10420.0,0.5952,1000.0
1753617409146,11:56:49.146,gateio,ACE/USDT:USDT,0.594,476.0,0.5932,1000.0,0.595,10615.0,0.5952,1000.0
1753617409315,11:56:49.315,gateio,ACE/USDT:USDT,0.594,476.0,0.5932,1000.0,0.595,10420.0,0.5952,1000.0
1753617409551,11:56:49.551,gateio,ACE/USDT:USDT,0.594,476.0,0.5932,1000.0,0.595,10420.0,0.5952,1000.0
1753617411781,11:56:51.781,gateio,ACE/USDT:USDT,0.594,476.0,0.5932,1000.0,0.595,10420.0,0.5952,1000.0
1753617411850,11:56:51.850,gateio,ACE/USDT:USDT,0.594,476.0,0.5932,1000.0,0.595,10615.0,0.5952,1000.0
1753617411944,11:56:51.944,gateio,ACE/USDT:USDT,0.594,476.0,0.5932,1000.0,0.595,10420.0,0.5952,1000.0
1753617413879,11:56:53.879,gateio,ACE/USDT:USDT,0.594,476.0,0.5932,1000.0,0.595,10420.0,0.5952,1000.0
1753617413943,11:56:53.943,gateio,ACE/USDT:USDT,0.594,476.0,0.5932,1000.0,0.595,10615.0,0.5952,1000.0
1753617414043,11:56:54.043,gateio,ACE/USDT:USDT,0.594,476.0,0.5932,1000.0,0.595,10420.0,0.5952,1000.0
1753617415157,11:56:55.157,gateio,ACE/USDT:USDT,0.594,476.0,0.5932,1000.0,0.595,10420.0,0.5952,1000.0
1753617415246,11:56:55.246,gateio,ACE/USDT:USDT,0.594,476.0,0.5932,1000.0,0.595,10615.0,0.5952,1000.0
1753617415342,11:56:55.342,gateio,ACE/USDT:USDT,0.594,476.0,0.5932,1000.0,0.595,10420.0,0.5952,1000.0
1753617415734,11:56:55.734,gateio,ACE/USDT:USDT,0.594,476.0,0.5932,1000.0,0.595,10420.0,0.5952,1000.0
1753617415753,11:56:55.753,gateio,ACE/USDT:USDT,0.594,476.0,0.5932,1000.0,0.595,10420.0,0.5952,1000.0
1753617415927,11:56:55.927,gateio,ACE/USDT:USDT,0.594,476.0,0.5932,1000.0,0.595,10615.0,0.5952,1000.0
1753617415947,11:56:55.947,gateio,ACE/USDT:USDT,0.594,476.0,0.5932,1000.0,0.595,10420.0,0.5952,1000.0
1753617418135,11:56:58.135,gateio,ACE/USDT:USDT,0.5932,1000.0,0.5931,1000.0,0.595,10420.0,0.5952,1000.0
1753617418229,11:56:58.229,gateio,ACE/USDT:USDT,0.5931,1000.0,0.593,1191.0,0.5947,5044.0,0.5948,1000.0
1753617418302,11:56:58.302,gateio,ACE/USDT:USDT,0.5931,1000.0,0.593,1191.0,0.5947,10089.0,0.5948,1000.0
1753617418436,11:56:58.436,gateio,ACE/USDT:USDT,0.5931,1000.0,0.593,1191.0,0.5946,5045.0,0.5953,140.0
1753617418470,11:56:58.470,gateio,ACE/USDT:USDT,0.5931,1000.0,0.593,1191.0,0.5946,5045.0,0.5953,140.0
1753617418862,11:56:58.862,gateio,ACE/USDT:USDT,0.5931,1000.0,0.593,1191.0,0.5946,5045.0,0.5953,140.0
1753617418943,11:56:58.943,gateio,ACE/USDT:USDT,0.5931,1000.0,0.593,1191.0,0.5946,5045.0,0.595,195.0
1753617419042,11:56:59.042,gateio,ACE/USDT:USDT,0.5931,1000.0,0.593,1191.0,0.5946,5045.0,0.5953,140.0
1753617419200,11:56:59.200,gateio,ACE/USDT:USDT,0.5931,11116.0,0.593,1191.0,0.5945,4541.0,0.5946,15135.0
1753617419350,11:56:59.350,gateio,ACE/USDT:USDT,0.5931,11116.0,0.593,1191.0,0.5945,4541.0,0.5946,15135.0
1753617419484,11:56:59.484,gateio,ACE/USDT:USDT,0.5931,11116.0,0.593,1191.0,0.5945,4541.0,0.5946,15135.0
1753617419542,11:56:59.542,gateio,ACE/USDT:USDT,0.5931,11116.0,0.593,1191.0,0.5945,4541.0,0.5946,15135.0
1753617419793,11:56:59.793,gateio,ACE/USDT:USDT,0.5931,11116.0,0.593,1191.0,0.5945,4541.0,0.5946,15135.0
1753617420173,11:57:00.173,gateio,ACE/USDT:USDT,0.5931,11116.0,0.593,1191.0,0.5945,4541.0,0.5946,15135.0
1753617420332,11:57:00.332,gateio,ACE/USDT:USDT,0.5931,11116.0,0.593,1191.0,0.5945,4541.0,0.5946,15135.0
1753617420458,11:57:00.458,gateio,ACE/USDT:USDT,0.5932,4074.0,0.5931,16174.0,0.5945,4541.0,0.5946,15135.0
1753617420621,11:57:00.621,gateio,ACE/USDT:USDT,0.5932,4074.0,0.5931,16174.0,0.5945,4541.0,0.5946,15135.0
1753617420647,11:57:00.647,gateio,ACE/USDT:USDT,0.5932,4074.0,0.5931,16174.0,0.5945,4541.0,0.5946,15135.0
1753617420741,11:57:00.741,gateio,ACE/USDT:USDT,0.5932,4074.0,0.5931,16174.0,0.5945,4541.0,0.5946,15135.0
1753617421127,11:57:01.127,gateio,ACE/USDT:USDT,0.5932,10114.0,0.5931,6058.0,0.5946,15135.0,0.5953,140.0
1753617421139,11:57:01.139,gateio,ACE/USDT:USDT,0.5932,10114.0,0.5931,6058.0,0.5945,4541.0,0.5946,15135.0
1753617421360,11:57:01.360,gateio,ACE/USDT:USDT,0.5934,1000.0,0.5933,5056.0,0.5945,4541.0,0.5946,15135.0
1753617421493,11:57:01.493,gateio,ACE/USDT:USDT,0.5934,1000.0,0.5933,5056.0,0.595,5042.0,0.5951,1000.0
1753617421636,11:57:01.636,gateio,ACE/USDT:USDT,0.5934,6055.0,0.5931,1000.0,0.595,5042.0,0.5951,1000.0
1753617421703,11:57:01.703,gateio,ACE/USDT:USDT,0.5935,5054.0,0.5934,1000.0,0.595,5042.0,0.5951,1000.0
1753617421756,11:57:01.756,gateio,ACE/USDT:USDT,0.5935,5054.0,0.5934,1000.0,0.595,5042.0,0.5951,1000.0
1753617421886,11:57:01.886,gateio,ACE/USDT:USDT,0.5935,5054.0,0.5934,1000.0,0.595,5042.0,0.5951,1000.0
1753617422117,11:57:02.117,gateio,ACE/USDT:USDT,0.5935,5054.0,0.5934,1000.0,0.595,5042.0,0.5951,1000.0
1753617422150,11:57:02.150,gateio,ACE/USDT:USDT,0.5935,5054.0,0.5931,1000.0,0.595,5042.0,0.5951,1000.0
1753617422430,11:57:02.430,gateio,ACE/USDT:USDT,0.5935,5054.0,0.5931,1000.0,0.595,5042.0,0.5951,1000.0
1753617422445,11:57:02.445,gateio,ACE/USDT:USDT,0.5935,5054.0,0.5931,1000.0,0.595,5042.0,0.5951,1000.0
1753617422727,11:57:02.727,gateio,ACE/USDT:USDT,0.5935,10109.0,0.5931,1000.0,0.5949,4538.0,0.595,15126.0
1753617422754,11:57:02.754,gateio,ACE/USDT:USDT,0.5935,10109.0,0.5931,1000.0,0.5949,4538.0,0.595,15126.0
1753617422899,11:57:02.899,gateio,ACE/USDT:USDT,0.5935,5054.0,0.5931,1000.0,0.5949,4538.0,0.595,15126.0
1753617423016,11:57:03.016,gateio,ACE/USDT:USDT,0.5935,5054.0,0.5931,1000.0,0.5949,4538.0,0.595,15126.0
1753617423147,11:57:03.147,gateio,ACE/USDT:USDT,0.5935,5054.0,0.5931,1000.0,0.5949,4538.0,0.595,15126.0
1753617424032,11:57:04.032,gateio,ACE/USDT:USDT,0.5935,5054.0,0.5931,1000.0,0.5949,4538.0,0.595,15126.0
1753617424220,11:57:04.220,gateio,ACE/USDT:USDT,0.5937,5053.0,0.5935,11110.0,0.595,5042.0,0.5952,1000.0
1753617424248,11:57:04.248,gateio,ACE/USDT:USDT,0.5937,5053.0,0.5935,11110.0,0.595,10084.0,0.5952,1000.0
1753617424396,11:57:04.396,gateio,ACE/USDT:USDT,0.5937,5053.0,0.5935,6055.0,0.595,10084.0,0.5952,1000.0
1753617424519,11:57:04.519,gateio,ACE/USDT:USDT,0.5937,5053.0,0.5935,6055.0,0.5949,4538.0,0.595,15126.0
1753617424585,11:57:04.585,gateio,ACE/USDT:USDT,0.5937,5053.0,0.5935,1000.0,0.5949,4538.0,0.595,15126.0
1753617424827,11:57:04.827,gateio,ACE/USDT:USDT,0.5937,5053.0,0.5935,1000.0,0.5949,4538.0,0.595,15126.0
1753617425126,11:57:05.126,gateio,ACE/USDT:USDT,0.5937,5053.0,0.5931,1000.0,0.5949,4538.0,0.595,15126.0
1753617425257,11:57:05.257,gateio,ACE/USDT:USDT,0.5937,5053.0,0.5931,1000.0,0.5949,4538.0,0.595,15126.0
1753617426072,11:57:06.072,gateio,ACE/USDT:USDT,0.5937,5053.0,0.5931,1000.0,0.5949,4538.0,0.595,15126.0
1753617426600,11:57:06.600,gateio,ACE/USDT:USDT,0.5937,5053.0,0.5931,1000.0,0.5949,4538.0,0.595,15126.0
1753617426899,11:57:06.899,gateio,ACE/USDT:USDT,0.5937,5053.0,0.5931,1000.0,0.5949,4538.0,0.595,15126.0
1753617427125,11:57:07.125,gateio,ACE/USDT:USDT,0.5937,5053.0,0.5931,1000.0,0.5949,4538.0,0.595,15126.0
1753617427233,11:57:07.233,gateio,ACE/USDT:USDT,0.5937,5053.0,0.5931,1000.0,0.5949,4538.0,0.595,15126.0
1753617427311,11:57:07.311,gateio,ACE/USDT:USDT,0.5937,5053.0,0.5931,1000.0,0.5949,4538.0,0.595,15126.0
1753617427792,11:57:07.792,gateio,ACE/USDT:USDT,0.5937,5053.0,0.5931,1000.0,0.5949,4538.0,0.595,15126.0
1753617428208,11:57:08.208,gateio,ACE/USDT:USDT,0.5937,5053.0,0.5931,1000.0,0.5949,4538.0,0.595,15126.0
1753617428288,11:57:08.288,gateio,ACE/USDT:USDT,0.5937,5053.0,0.5931,1000.0,0.5949,4538.0,0.595,15126.0
1753617429301,11:57:09.301,gateio,ACE/USDT:USDT,0.5937,5053.0,0.5931,1000.0,0.5949,4538.0,0.595,15126.0
1753617429380,11:57:09.380,gateio,ACE/USDT:USDT,0.5937,5053.0,0.5931,1000.0,0.5949,4538.0,0.595,15126.0
1753617430097,11:57:10.097,gateio,ACE/USDT:USDT,0.5937,5053.0,0.5931,1000.0,0.5949,4538.0,0.595,15126.0
1753617431060,11:57:11.060,gateio,ACE/USDT:USDT,0.5937,5053.0,0.5931,1000.0,0.5949,4538.0,0.595,15126.0
1753617431144,11:57:11.144,gateio,ACE/USDT:USDT,0.5937,5053.0,0.5931,1000.0,0.5949,4538.0,0.595,15321.0
1753617432132,11:57:12.132,gateio,ACE/USDT:USDT,0.5937,5053.0,0.5931,1000.0,0.5949,4538.0,0.595,15321.0
1753617432180,11:57:12.180,gateio,ACE/USDT:USDT,0.5937,5053.0,0.5931,1000.0,0.5949,4538.0,0.595,15321.0
1753617432344,11:57:12.344,gateio,ACE/USDT:USDT,0.5937,5053.0,0.5931,1000.0,0.5949,4538.0,0.595,15321.0
1753617433727,11:57:13.727,gateio,ACE/USDT:USDT,0.5937,5053.0,0.5931,1000.0,0.5949,4538.0,0.595,15321.0
1753617433761,11:57:13.761,gateio,ACE/USDT:USDT,0.5937,5053.0,0.5931,1000.0,0.5949,4538.0,0.595,15321.0
1753617435827,11:57:15.827,gateio,ACE/USDT:USDT,0.5933,1000.0,0.5932,5057.0,0.594,204.0,0.5947,4539.0
1753617435934,11:57:15.934,gateio,ACE/USDT:USDT,0.5933,1168.0,0.5932,5225.0,0.594,204.0,0.5948,5043.0
1753617435970,11:57:15.970,gateio,ACE/USDT:USDT,0.5933,1405.0,0.5932,5225.0,0.5947,4539.0,0.5948,15131.0
1753617436183,11:57:16.183,gateio,ACE/USDT:USDT,0.5933,1405.0,0.5932,5225.0,0.5947,4539.0,0.5948,15131.0
1753617437019,11:57:17.019,gateio,ACE/USDT:USDT,0.5933,1405.0,0.5932,5225.0,0.5947,4539.0,0.5948,15131.0
1753617437045,11:57:17.045,gateio,ACE/USDT:USDT,0.5933,1405.0,0.5932,5225.0,0.5947,4539.0,0.5948,15131.0
1753617437142,11:57:17.142,gateio,ACE/USDT:USDT,0.5933,1405.0,0.5932,5225.0,0.5947,4539.0,0.5948,15131.0
1753617437455,11:57:17.455,gateio,ACE/USDT:USDT,0.5933,1405.0,0.5932,5225.0,0.5947,4539.0,0.5948,15131.0
1753617437545,11:57:17.545,gateio,ACE/USDT:USDT,0.5933,1405.0,0.5932,5225.0,0.5947,4539.0,0.5948,15131.0
1753617437643,11:57:17.643,gateio,ACE/USDT:USDT,0.5933,1405.0,0.5932,5225.0,0.5947,4539.0,0.5948,15131.0
1753617437928,11:57:17.928,gateio,ACE/USDT:USDT,0.5934,5055.0,0.5933,1168.0,0.5948,15131.0,0.5953,1000.0
1753617438019,11:57:18.019,gateio,ACE/USDT:USDT,0.5934,5055.0,0.5933,1168.0,0.5947,4539.0,0.5948,15131.0
1753617438049,11:57:18.049,gateio,ACE/USDT:USDT,0.5934,5055.0,0.5933,1168.0,0.5947,4539.0,0.5948,15131.0
1753617438148,11:57:18.148,gateio,ACE/USDT:USDT,0.5934,5055.0,0.5933,1168.0,0.5947,4539.0,0.5948,15131.0
1753617438280,11:57:18.280,gateio,ACE/USDT:USDT,0.5934,5055.0,0.5933,1168.0,0.5947,4539.0,0.5948,15131.0
1753617439108,11:57:19.108,gateio,ACE/USDT:USDT,0.5934,5055.0,0.5933,1168.0,0.5947,4539.0,0.5948,15131.0
1753617439148,11:57:19.148,gateio,ACE/USDT:USDT,0.5934,5055.0,0.5933,1168.0,0.5947,4539.0,0.5948,15131.0
1753617439243,11:57:19.243,gateio,ACE/USDT:USDT,0.5934,5055.0,0.5933,1168.0,0.5947,4539.0,0.5948,15131.0
1753617439620,11:57:19.620,gateio,ACE/USDT:USDT,0.5935,4396.0,0.5934,15167.0,0.5948,5043.0,0.5953,1000.0
1753617439699,11:57:19.699,gateio,ACE/USDT:USDT,0.5934,5055.0,0.5933,1168.0,0.5947,4539.0,0.5948,15131.0
1753617440427,11:57:20.427,gateio,ACE/USDT:USDT,0.5935,4550.0,0.5934,5055.0,0.5947,4539.0,0.5948,15131.0
1753617440525,11:57:20.525,gateio,ACE/USDT:USDT,0.5934,15167.0,0.5933,1168.0,0.5947,4539.0,0.5948,15131.0
1753617440627,11:57:20.627,gateio,ACE/USDT:USDT,0.5935,4550.0,0.5934,5055.0,0.5947,4539.0,0.5948,15131.0
1753617440726,11:57:20.726,gateio,ACE/USDT:USDT,0.5934,15167.0,0.5933,1168.0,0.5947,4539.0,0.5948,15131.0
1753617440826,11:57:20.826,gateio,ACE/USDT:USDT,0.5934,15167.0,0.5933,1168.0,0.5947,4539.0,0.5948,15131.0
1753617440879,11:57:20.879,gateio,ACE/USDT:USDT,0.5935,4550.0,0.5934,15167.0,0.5947,4539.0,0.5948,15131.0
1753617440979,11:57:20.979,gateio,ACE/USDT:USDT,0.5935,4550.0,0.5934,15167.0,0.5947,4539.0,0.5948,15131.0
1753617441219,11:57:21.219,gateio,ACE/USDT:USDT,0.5934,5055.0,0.5933,1168.0,0.5947,4539.0,0.5948,15131.0
1753617441299,11:57:21.299,gateio,ACE/USDT:USDT,0.5934,5055.0,0.5933,1168.0,0.5947,10090.0,0.5948,5043.0
1753617441630,11:57:21.630,gateio,ACE/USDT:USDT,0.5934,5055.0,0.5933,1168.0,0.5947,10090.0,0.5948,5043.0
1753617441646,11:57:21.646,gateio,ACE/USDT:USDT,0.5934,5055.0,0.5933,1168.0,0.5947,10090.0,0.5948,5043.0
1753617441793,11:57:21.793,gateio,ACE/USDT:USDT,0.5934,5055.0,0.5933,1168.0,0.5947,10090.0,0.5948,5043.0
1753617442020,11:57:22.020,gateio,ACE/USDT:USDT,0.5934,5055.0,0.5933,1168.0,0.5948,5043.0,0.5953,1000.0
1753617442126,11:57:22.126,gateio,ACE/USDT:USDT,0.5934,5055.0,0.5933,1168.0,0.5948,5043.0,0.5953,1000.0
1753617442234,11:57:22.234,gateio,ACE/USDT:USDT,0.5937,1000.0,0.5936,6053.0,0.5951,1000.0,0.5952,5040.0
1753617442319,11:57:22.319,gateio,ACE/USDT:USDT,0.5938,5894.0,0.5937,1000.0,0.5951,1000.0,0.5952,5040.0
1753617442403,11:57:22.403,gateio,ACE/USDT:USDT,0.5938,5894.0,0.5937,1000.0,0.5951,1000.0,0.5952,5040.0
1753617442528,11:57:22.528,gateio,ACE/USDT:USDT,0.5938,5894.0,0.5937,1000.0,0.5951,1000.0,0.5952,5040.0
1753617442573,11:57:22.573,gateio,ACE/USDT:USDT,0.5938,5894.0,0.5937,1000.0,0.5951,1000.0,0.5952,5040.0
1753617442927,11:57:22.927,gateio,ACE/USDT:USDT,0.5938,5052.0,0.5937,1000.0,0.5951,11082.0,0.5952,5040.0
1753617442946,11:57:22.946,gateio,ACE/USDT:USDT,0.5938,5052.0,0.5937,1000.0,0.595,195.0,0.5951,11082.0
1753617443432,11:57:23.432,gateio,ACE/USDT:USDT,0.5938,5894.0,0.5937,1000.0,0.5951,1000.0,0.5952,5040.0
1753617443502,11:57:23.502,gateio,ACE/USDT:USDT,0.5938,5894.0,0.5937,1000.0,0.5951,1000.0,0.5952,5040.0
1753617443552,11:57:23.552,gateio,ACE/USDT:USDT,0.5938,5894.0,0.5937,1000.0,0.5951,1000.0,0.5952,5040.0
1753617443815,11:57:23.815,gateio,ACE/USDT:USDT,0.5938,5894.0,0.5937,1000.0,0.5951,1000.0,0.5952,5040.0
1753617443935,11:57:23.935,gateio,ACE/USDT:USDT,0.5938,5894.0,0.5931,1000.0,0.5951,1000.0,0.5952,5040.0
1753617443977,11:57:23.977,gateio,ACE/USDT:USDT,0.5938,5894.0,0.5931,1000.0,0.5951,1000.0,0.5952,5040.0
1753617444043,11:57:24.043,gateio,ACE/USDT:USDT,0.5938,5894.0,0.5931,1000.0,0.595,195.0,0.5951,1000.0
1753617444182,11:57:24.182,gateio,ACE/USDT:USDT,0.5938,5894.0,0.5931,1000.0,0.5951,11082.0,0.5952,5040.0
1753617444584,11:57:24.584,gateio,ACE/USDT:USDT,0.5938,5052.0,0.5931,1000.0,0.5951,11082.0,0.5952,5040.0
1753617444649,11:57:24.649,gateio,ACE/USDT:USDT,0.5938,5052.0,0.5931,1000.0,0.5951,6041.0,0.5952,5040.0
1753617445001,11:57:25.001,gateio,ACE/USDT:USDT,0.5938,5052.0,0.5931,1000.0,0.5951,11082.0,0.5952,5040.0
1753617445416,11:57:25.416,gateio,ACE/USDT:USDT,0.5938,5052.0,0.5931,1000.0,0.5951,11082.0,0.5952,5040.0
1753617445444,11:57:25.444,gateio,ACE/USDT:USDT,0.5938,5052.0,0.5931,1000.0,0.595,195.0,0.5951,11082.0
1753617445923,11:57:25.923,gateio,ACE/USDT:USDT,0.5938,5052.0,0.5931,1000.0,0.595,6237.0,0.5951,6041.0
1753617446987,11:57:26.987,gateio,ACE/USDT:USDT,0.5938,5052.0,0.5931,1000.0,0.595,6042.0,0.5951,1000.0
1753617447043,11:57:27.043,gateio,ACE/USDT:USDT,0.5938,5052.0,0.5931,1000.0,0.595,6237.0,0.5951,1000.0
1753617447153,11:57:27.153,gateio,ACE/USDT:USDT,0.5938,5052.0,0.5931,1000.0,0.595,6042.0,0.5951,1000.0
1753617447870,11:57:27.870,gateio,ACE/USDT:USDT,0.5938,5052.0,0.5931,1000.0,0.595,5042.0,0.5951,1000.0
1753617448394,11:57:28.394,gateio,ACE/USDT:USDT,0.5938,5052.0,0.5931,1000.0,0.5951,1000.0,0.5952,5040.0
1753617448493,11:57:28.493,gateio,ACE/USDT:USDT,0.5938,5052.0,0.5931,1000.0,0.595,10084.0,0.5951,1000.0
1753617448670,11:57:28.670,gateio,ACE/USDT:USDT,0.5938,5052.0,0.5931,1000.0,0.595,10084.0,0.5951,1000.0
1753617451084,11:57:31.084,gateio,ACE/USDT:USDT,0.5938,5052.0,0.5931,1000.0,0.595,10084.0,0.5951,1000.0
1753617451508,11:57:31.508,gateio,ACE/USDT:USDT,0.5938,5052.0,0.5931,1000.0,0.595,10084.0,0.5951,1000.0
1753617453223,11:57:33.223,gateio,ACE/USDT:USDT,0.5938,5052.0,0.5931,1000.0,0.595,10084.0,0.5951,1000.0
1753617456731,11:57:36.731,gateio,ACE/USDT:USDT,0.5934,5055.0,0.5933,1000.0,0.595,10084.0,0.5951,1000.0
1753617456749,11:57:36.749,gateio,ACE/USDT:USDT,0.5934,5055.0,0.5933,1000.0,0.595,10084.0,0.5951,1000.0
1753617457177,11:57:37.177,gateio,ACE/USDT:USDT,0.5934,5055.0,0.5933,1000.0,0.595,10084.0,0.5951,1000.0
1753617457399,11:57:37.399,gateio,ACE/USDT:USDT,0.5934,5055.0,0.5933,1000.0,0.5949,4538.0,0.595,15126.0
1753617457619,11:57:37.619,gateio,ACE/USDT:USDT,0.5934,5055.0,0.5933,1000.0,0.595,10084.0,0.5958,1136.0
1753617457779,11:57:37.779,gateio,ACE/USDT:USDT,0.5934,5055.0,0.5932,1000.0,0.5949,4538.0,0.595,15126.0
1753617458031,11:57:38.031,gateio,ACE/USDT:USDT,0.5934,5055.0,0.5932,1000.0,0.594,204.0,0.5949,4538.0
1753617458107,11:57:38.107,gateio,ACE/USDT:USDT,0.5934,5223.0,0.5933,168.0,0.5948,1000.0,0.595,5042.0
1753617458327,11:57:38.327,gateio,ACE/USDT:USDT,0.5934,5223.0,0.5933,168.0,0.5948,1000.0,0.595,5042.0
1753617458473,11:57:38.473,gateio,ACE/USDT:USDT,0.5934,5223.0,0.5933,168.0,0.5948,1000.0,0.595,5042.0
1753617458545,11:57:38.545,gateio,ACE/USDT:USDT,0.5934,5223.0,0.5933,168.0,0.5948,1000.0,0.595,5237.0
1753617458870,11:57:38.870,gateio,ACE/USDT:USDT,0.5934,5223.0,0.5933,168.0,0.5948,1000.0,0.595,5237.0
1753617459289,11:57:39.289,gateio,ACE/USDT:USDT,0.5934,5223.0,0.5933,168.0,0.5948,1000.0,0.595,5237.0
1753617459710,11:57:39.710,gateio,ACE/USDT:USDT,0.5934,5223.0,0.5933,168.0,0.5948,1000.0,0.595,5237.0
1753617459746,11:57:39.746,gateio,ACE/USDT:USDT,0.5934,5223.0,0.5933,168.0,0.5948,1000.0,0.595,5237.0
1753617460234,11:57:40.234,gateio,ACE/USDT:USDT,0.5934,5223.0,0.5933,168.0,0.5948,6044.0,0.595,5237.0
1753617460321,11:57:40.321,gateio,ACE/USDT:USDT,0.5934,6098.0,0.5933,168.0,0.5948,6044.0,0.595,5042.0
1753617460423,11:57:40.423,gateio,ACE/USDT:USDT,0.5935,4560.0,0.5934,6098.0,0.5948,6044.0,0.595,5042.0
1753617460529,11:57:40.529,gateio,ACE/USDT:USDT,0.5934,16210.0,0.5933,168.0,0.5948,6044.0,0.595,5042.0
1753617460617,11:57:40.617,gateio,ACE/USDT:USDT,0.5934,11154.0,0.5933,168.0,0.5948,6044.0,0.595,5042.0
1753617460754,11:57:40.754,gateio,ACE/USDT:USDT,0.5934,6098.0,0.5933,168.0,0.5948,6044.0,0.595,5042.0
1753617460931,11:57:40.931,gateio,ACE/USDT:USDT,0.5934,6098.0,0.5933,168.0,0.5948,6044.0,0.595,5042.0
1753617460944,11:57:40.944,gateio,ACE/USDT:USDT,0.5934,6098.0,0.5933,168.0,0.5948,6044.0,0.595,5237.0
1753617462021,11:57:42.021,gateio,ACE/USDT:USDT,0.5935,4173.0,0.5934,16210.0,0.5948,1000.0,0.595,5042.0
1753617462068,11:57:42.068,gateio,ACE/USDT:USDT,0.5936,1000.0,0.5934,5223.0,0.5948,11088.0,0.595,5042.0
1753617462201,11:57:42.201,gateio,ACE/USDT:USDT,0.5936,1000.0,0.5934,5223.0,0.5948,1000.0,0.595,5042.0
1753617462632,11:57:42.632,gateio,ACE/USDT:USDT,0.5936,1000.0,0.5934,5223.0,0.5948,1000.0,0.595,5042.0
1753617462643,11:57:42.643,gateio,ACE/USDT:USDT,0.5936,1000.0,0.5934,5223.0,0.5948,1000.0,0.595,5237.0
1753617462980,11:57:42.980,gateio,ACE/USDT:USDT,0.5936,1000.0,0.5934,5223.0,0.5948,1000.0,0.595,5237.0
1753617463853,11:57:43.853,gateio,ACE/USDT:USDT,0.5936,1000.0,0.5934,5223.0,0.5948,11088.0,0.595,5042.0
1753617464034,11:57:44.034,gateio,ACE/USDT:USDT,0.5936,1000.0,0.5934,5223.0,0.5948,11088.0,0.595,5042.0
1753617464208,11:57:44.208,gateio,ACE/USDT:USDT,0.5936,1000.0,0.5934,5223.0,0.5948,11088.0,0.595,5042.0
1753617465548,11:57:45.548,gateio,ACE/USDT:USDT,0.5936,1000.0,0.5934,5223.0,0.5948,11088.0,0.595,5042.0
1753617465734,11:57:45.734,gateio,ACE/USDT:USDT,0.5936,1000.0,0.5935,1000.0,0.5948,1000.0,0.595,5237.0
1753617465739,11:57:45.739,gateio,ACE/USDT:USDT,0.5936,1000.0,0.5935,1000.0,0.5948,1000.0,0.595,5042.0
1753617465873,11:57:45.873,gateio,ACE/USDT:USDT,0.5936,1000.0,0.5935,1000.0,0.5948,11088.0,0.595,5042.0
1753617466695,11:57:46.695,gateio,ACE/USDT:USDT,0.5936,1000.0,0.5935,1000.0,0.5948,11088.0,0.595,5042.0
1753617466743,11:57:46.743,gateio,ACE/USDT:USDT,0.5936,1000.0,0.5935,1000.0,0.5948,11088.0,0.595,5237.0
1753617467664,11:57:47.664,gateio,ACE/USDT:USDT,0.5935,1000.0,0.5934,5223.0,0.5948,11088.0,0.595,5042.0
1753617467747,11:57:47.747,gateio,ACE/USDT:USDT,0.5935,1000.0,0.5934,5223.0,0.5948,11088.0,0.595,5237.0
1753617467876,11:57:47.876,gateio,ACE/USDT:USDT,0.5935,1000.0,0.5934,5223.0,0.5948,11088.0,0.595,5237.0
1753617472006,11:57:52.006,gateio,ACE/USDT:USDT,0.5935,1000.0,0.5934,5223.0,0.5948,11088.0,0.595,5237.0
1753617472260,11:57:52.260,gateio,ACE/USDT:USDT,0.5935,1875.0,0.5934,5223.0,0.5948,11088.0,0.595,5042.0
1753617472345,11:57:52.345,gateio,ACE/USDT:USDT,0.5935,1875.0,0.5934,5223.0,0.5948,11088.0,0.595,5237.0
1753617474138,11:57:54.138,gateio,ACE/USDT:USDT,0.5935,1875.0,0.5934,5223.0,0.5948,11088.0,0.595,5237.0
1753617476414,11:57:56.414,gateio,ACE/USDT:USDT,0.5935,1000.0,0.5934,5223.0,0.5948,11088.0,0.595,5042.0
1753617476443,11:57:56.443,gateio,ACE/USDT:USDT,0.5935,1000.0,0.5934,5223.0,0.5948,11088.0,0.595,5237.0
1753617476577,11:57:56.577,gateio,ACE/USDT:USDT,0.5935,1000.0,0.5934,5223.0,0.5948,11088.0,0.595,5237.0
1753617476670,11:57:56.670,gateio,ACE/USDT:USDT,0.5935,1000.0,0.5934,5223.0,0.5948,11088.0,0.595,5237.0
1753617478134,11:57:58.134,gateio,ACE/USDT:USDT,0.5935,6054.0,0.5934,5223.0,0.5948,11088.0,0.595,5237.0
1753617478140,11:57:58.140,gateio,ACE/USDT:USDT,0.5935,6054.0,0.5934,168.0,0.5948,11088.0,0.595,5042.0
1753617478243,11:57:58.243,gateio,ACE/USDT:USDT,0.5935,6054.0,0.5934,168.0,0.5948,11088.0,0.595,5237.0
1753617478389,11:57:58.389,gateio,ACE/USDT:USDT,0.5935,6054.0,0.5934,168.0,0.5948,11088.0,0.595,5237.0
1753617481291,11:58:01.291,gateio,ACE/USDT:USDT,0.5935,6054.0,0.5934,168.0,0.5948,11088.0,0.595,5237.0
1753617481583,11:58:01.583,gateio,ACE/USDT:USDT,0.5935,6054.0,0.5934,168.0,0.5948,11088.0,0.595,5237.0
1753617483315,11:58:03.315,gateio,ACE/USDT:USDT,0.5936,4018.0,0.5935,6054.0,0.5948,11088.0,0.595,5042.0
1753617483347,11:58:03.347,gateio,ACE/USDT:USDT,0.5936,4018.0,0.5935,6054.0,0.5948,11088.0,0.595,5237.0
1753617483611,11:58:03.611,gateio,ACE/USDT:USDT,0.5936,4018.0,0.5935,6054.0,0.5948,11088.0,0.595,5237.0
1753617484027,11:58:04.027,gateio,ACE/USDT:USDT,0.5936,4018.0,0.5935,6054.0,0.5948,11088.0,0.595,5237.0
1753617487161,11:58:07.161,gateio,ACE/USDT:USDT,0.5936,4018.0,0.5935,6054.0,0.5948,11088.0,0.595,5237.0
1753617487731,11:58:07.731,gateio,ACE/USDT:USDT,0.5936,4018.0,0.5935,6054.0,0.5948,11088.0,0.595,5042.0
1753617487837,11:58:07.837,gateio,ACE/USDT:USDT,0.5936,4018.0,0.5935,6054.0,0.5948,11088.0,0.595,5237.0
1753617488626,11:58:08.626,gateio,ACE/USDT:USDT,0.5936,4018.0,0.5935,6054.0,0.5948,11088.0,0.595,5237.0
1753617488910,11:58:08.910,gateio,ACE/USDT:USDT,0.5936,4018.0,0.5935,6054.0,0.5948,11088.0,0.595,5237.0
1753617489639,11:58:09.639,gateio,ACE/USDT:USDT,0.5936,4018.0,0.5935,6054.0,0.5948,1000.0,0.595,5042.0
1753617489751,11:58:09.751,gateio,ACE/USDT:USDT,0.5936,4018.0,0.5935,6054.0,0.5948,1000.0,0.595,5042.0
1753617493831,11:58:13.831,gateio,ACE/USDT:USDT,0.5936,4018.0,0.5935,6054.0,0.5948,11088.0,0.595,5042.0
1753617493849,11:58:13.849,gateio,ACE/USDT:USDT,0.5936,4018.0,0.5935,6054.0,0.5948,11088.0,0.595,5042.0
1753617494877,11:58:14.877,gateio,ACE/USDT:USDT,0.5935,6054.0,0.5934,168.0,0.5948,11088.0,0.595,5042.0
1753617494949,11:58:14.949,gateio,ACE/USDT:USDT,0.5935,6054.0,0.5934,168.0,0.5948,11088.0,0.595,5237.0
1753617496196,11:58:16.196,gateio,ACE/USDT:USDT,0.5935,6054.0,0.5934,168.0,0.5948,11088.0,0.595,5237.0
1753617497688,11:58:17.688,gateio,ACE/USDT:USDT,0.5935,6054.0,0.5934,168.0,0.5948,11088.0,0.595,5237.0
1753617497920,11:58:17.920,gateio,ACE/USDT:USDT,0.5935,6054.0,0.5934,336.0,0.5946,1000.0,0.5947,5044.0
1753617497994,11:58:17.994,gateio,ACE/USDT:USDT,0.5935,1000.0,0.5934,336.0,0.5946,1000.0,0.5947,5044.0
1753617498096,11:58:18.096,gateio,ACE/USDT:USDT,0.5935,1000.0,0.5934,336.0,0.5946,1000.0,0.5947,5044.0
1753617498231,11:58:18.231,gateio,ACE/USDT:USDT,0.5935,1000.0,0.5934,336.0,0.5946,1000.0,0.5947,5044.0
1753617498332,11:58:18.332,gateio,ACE/USDT:USDT,0.5935,1000.0,0.5934,336.0,0.5946,1000.0,0.5947,5044.0
1753617499079,11:58:19.079,gateio,ACE/USDT:USDT,0.5935,1000.0,0.5934,336.0,0.5946,1000.0,0.5947,5044.0
1753617499321,11:58:19.321,gateio,ACE/USDT:USDT,0.5935,1000.0,0.5934,336.0,0.5946,1000.0,0.5947,5044.0
1753617499511,11:58:19.511,gateio,ACE/USDT:USDT,0.5935,1000.0,0.5934,336.0,0.5946,1000.0,0.5947,5044.0
1753617500159,11:58:20.159,gateio,ACE/USDT:USDT,0.5935,1000.0,0.5934,336.0,0.5946,1000.0,0.5947,5044.0
1753617500310,11:58:20.310,gateio,ACE/USDT:USDT,0.5935,1000.0,0.5934,336.0,0.5946,1000.0,0.5947,5044.0
1753617501278,11:58:21.278,gateio,ACE/USDT:USDT,0.5935,1000.0,0.5934,336.0,0.5946,1000.0,0.5947,5044.0
1753617503282,11:58:23.282,gateio,ACE/USDT:USDT,0.5935,1000.0,0.5934,336.0,0.5945,4841.0,0.5946,16135.0
1753617503434,11:58:23.434,gateio,ACE/USDT:USDT,0.5935,1000.0,0.5934,336.0,0.5945,4841.0,0.5946,16135.0
1753617503579,11:58:23.579,gateio,ACE/USDT:USDT,0.5935,1000.0,0.5934,336.0,0.5945,4841.0,0.5946,16135.0
1753617503995,11:58:23.995,gateio,ACE/USDT:USDT,0.5935,1000.0,0.5934,336.0,0.5945,4841.0,0.5946,16135.0
1753617504245,11:58:24.245,gateio,ACE/USDT:USDT,0.5935,1000.0,0.5934,336.0,0.5945,4841.0,0.5946,15135.0
1753617507882,11:58:27.882,gateio,ACE/USDT:USDT,0.5935,1000.0,0.5934,336.0,0.5945,4841.0,0.5946,15135.0
1753617507943,11:58:27.943,gateio,ACE/USDT:USDT,0.5935,1000.0,0.5934,336.0,0.5945,4841.0,0.5946,15135.0
1753617508043,11:58:28.043,gateio,ACE/USDT:USDT,0.5935,1000.0,0.5934,336.0,0.5945,4841.0,0.5946,15135.0
1753617511219,11:58:31.219,gateio,ACE/USDT:USDT,0.5935,1000.0,0.5934,336.0,0.5946,5045.0,0.5953,1000.0
1753617511298,11:58:31.298,gateio,ACE/USDT:USDT,0.5935,1000.0,0.5934,336.0,0.5945,4541.0,0.5946,15135.0
1753617511579,11:58:31.579,gateio,ACE/USDT:USDT,0.5935,1000.0,0.5934,336.0,0.5946,5045.0,0.5953,1000.0
1753617512080,11:58:32.080,gateio,ACE/USDT:USDT,0.5935,1000.0,0.5934,336.0,0.5946,5045.0,0.5953,1000.0
1753617512206,11:58:32.206,gateio,ACE/USDT:USDT,0.5935,1000.0,0.5934,336.0,0.5946,5045.0,0.595,195.0
1753617512280,11:58:32.280,gateio,ACE/USDT:USDT,0.5935,1000.0,0.5934,336.0,0.5946,5045.0,0.5953,1000.0
1753617512516,11:58:32.516,gateio,ACE/USDT:USDT,0.5935,1000.0,0.5934,336.0,0.5952,5040.0,0.5953,11078.0
1753617512634,11:58:32.634,gateio,ACE/USDT:USDT,0.5935,1000.0,0.5934,336.0,0.5952,5040.0,0.5953,11078.0
1753617512708,11:58:32.708,gateio,ACE/USDT:USDT,0.5935,1000.0,0.5934,336.0,0.5952,5040.0,0.5953,11078.0
1753617512761,11:58:32.761,gateio,ACE/USDT:USDT,0.5935,1000.0,0.5934,336.0,0.595,6042.0,0.5951,1000.0
1753617513009,11:58:33.009,gateio,ACE/USDT:USDT,0.5935,1000.0,0.5934,336.0,0.595,6042.0,0.5951,1000.0
1753617513145,11:58:33.145,gateio,ACE/USDT:USDT,0.5935,1000.0,0.5934,336.0,0.595,6042.0,0.5953,11078.0
1753617513243,11:58:33.243,gateio,ACE/USDT:USDT,0.5935,1000.0,0.5934,336.0,0.595,6237.0,0.5953,11078.0
1753617513434,11:58:33.434,gateio,ACE/USDT:USDT,0.5935,1000.0,0.5934,336.0,0.5949,5042.0,0.595,1195.0
1753617513439,11:58:33.439,gateio,ACE/USDT:USDT,0.5935,1000.0,0.5934,336.0,0.5949,5042.0,0.595,1000.0
1753617513837,11:58:33.837,gateio,ACE/USDT:USDT,0.5935,1000.0,0.5934,336.0,0.5949,5042.0,0.595,1000.0
1753617513944,11:58:33.944,gateio,ACE/USDT:USDT,0.5935,1000.0,0.5934,336.0,0.5949,5042.0,0.595,1195.0
1753617514133,11:58:34.133,gateio,ACE/USDT:USDT,0.5935,1000.0,0.5934,336.0,0.5949,5042.0,0.5953,11078.0
1753617514600,11:58:34.600,gateio,ACE/USDT:USDT,0.5935,1000.0,0.5934,336.0,0.5949,6727.0,0.5953,1000.0
1753617514683,11:58:34.683,gateio,ACE/USDT:USDT,0.5935,1000.0,0.5934,336.0,0.5947,1000.0,0.5948,5043.0
1753617515036,11:58:35.036,gateio,ACE/USDT:USDT,0.5923,1000.0,0.5922,1000.0,0.5945,6046.0,0.5946,8083.0
1753617515135,11:58:35.135,gateio,ACE/USDT:USDT,0.5923,6233.0,0.5922,1336.0,0.5944,16141.0,0.5945,1140.0
1753617515233,11:58:35.233,gateio,ACE/USDT:USDT,0.5923,6233.0,0.5922,1336.0,0.594,5050.0,0.5942,10098.0
1753617515328,11:58:35.328,gateio,ACE/USDT:USDT,0.5923,6233.0,0.5922,1336.0,0.594,5245.0,0.5942,10098.0
1753617515430,11:58:35.430,gateio,ACE/USDT:USDT,0.5923,6233.0,0.5922,1336.0,0.594,5245.0,0.5942,10098.0
1753617515491,11:58:35.491,gateio,ACE/USDT:USDT,0.5923,6233.0,0.5922,1336.0,0.594,5245.0,0.5942,10098.0
1753617516135,11:58:36.135,gateio,ACE/USDT:USDT,0.5923,6236.0,0.5922,1336.0,0.594,5245.0,0.5942,10098.0
1753617516235,11:58:36.235,gateio,ACE/USDT:USDT,0.5923,6233.0,0.5922,1336.0,0.594,5245.0,0.5942,10098.0
1753617516322,11:58:36.322,gateio,ACE/USDT:USDT,0.5923,6233.0,0.5922,1336.0,0.594,5050.0,0.5942,10098.0
1753617516381,11:58:36.381,gateio,ACE/USDT:USDT,0.5923,6233.0,0.5922,1336.0,0.594,5050.0,0.5942,10098.0
1753617516476,11:58:36.476,gateio,ACE/USDT:USDT,0.5923,6233.0,0.5922,1336.0,0.594,5050.0,0.5942,10098.0
1753617517100,11:58:37.100,gateio,ACE/USDT:USDT,0.5923,6233.0,0.5922,1336.0,0.594,5050.0,0.5942,10098.0
1753617517144,11:58:37.144,gateio,ACE/USDT:USDT,0.5923,6233.0,0.5922,1336.0,0.594,5245.0,0.5942,10098.0
1753617517332,11:58:37.332,gateio,ACE/USDT:USDT,0.5925,6063.0,0.5924,1000.0,0.5939,4546.0,0.594,5050.0
1753617517434,11:58:37.434,gateio,ACE/USDT:USDT,0.5927,1168.0,0.5926,6062.0,0.594,168.0,0.5944,1000.0
1753617517575,11:58:37.575,gateio,ACE/USDT:USDT,0.5927,1168.0,0.5926,6062.0,0.594,168.0,0.5944,1000.0
1753617518028,11:58:38.028,gateio,ACE/USDT:USDT,0.5927,1168.0,0.5926,6062.0,0.594,168.0,0.5944,1000.0
1753617518112,11:58:38.112,gateio,ACE/USDT:USDT,0.5927,1168.0,0.5926,5062.0,0.594,363.0,0.5944,1000.0
1753617518145,11:58:38.145,gateio,ACE/USDT:USDT,0.5927,1168.0,0.5926,5062.0,0.594,10270.0,0.5944,1000.0
1753617518486,11:58:38.486,gateio,ACE/USDT:USDT,0.5927,1168.0,0.5926,5062.0,0.594,10270.0,0.5944,1000.0
1753617519102,11:58:39.102,gateio,ACE/USDT:USDT,0.5927,1168.0,0.5926,5062.0,0.594,10270.0,0.5944,1000.0
1753617519143,11:58:39.143,gateio,ACE/USDT:USDT,0.5927,1168.0,0.5926,5062.0,0.594,10465.0,0.5944,1000.0
1753617519316,11:58:39.316,gateio,ACE/USDT:USDT,0.5927,1168.0,0.5926,5062.0,0.594,10270.0,0.5944,1000.0
1753617519690,11:58:39.690,gateio,ACE/USDT:USDT,0.5927,1168.0,0.5926,5062.0,0.594,168.0,0.5944,1000.0
1753617519828,11:58:39.828,gateio,ACE/USDT:USDT,0.5927,1168.0,0.5926,5062.0,0.594,168.0,0.5944,1000.0
1753617520103,11:58:40.103,gateio,ACE/USDT:USDT,0.5927,1168.0,0.5926,5062.0,0.594,168.0,0.5944,1000.0
1753617520219,11:58:40.219,gateio,ACE/USDT:USDT,0.5928,3388.0,0.5927,11292.0,0.594,168.0,0.5944,1000.0
1753617520323,11:58:40.323,gateio,ACE/USDT:USDT,0.5928,3388.0,0.5927,1168.0,0.594,168.0,0.5944,1000.0
1753617520419,11:58:40.419,gateio,ACE/USDT:USDT,0.5927,1168.0,0.5926,5062.0,0.594,168.0,0.5944,1000.0
1753617520579,11:58:40.579,gateio,ACE/USDT:USDT,0.5928,3388.0,0.5927,11292.0,0.594,168.0,0.5944,1000.0
1753617521000,11:58:41.000,gateio,ACE/USDT:USDT,0.5927,1168.0,0.5926,5062.0,0.594,168.0,0.5944,1000.0
1753617521056,11:58:41.056,gateio,ACE/USDT:USDT,0.5927,1168.0,0.5926,5062.0,0.594,168.0,0.5945,1000.0
1753617521144,11:58:41.144,gateio,ACE/USDT:USDT,0.5927,1168.0,0.5926,5062.0,0.594,168.0,0.5945,1000.0
1753617521300,11:58:41.300,gateio,ACE/USDT:USDT,0.5928,4906.0,0.5927,16353.0,0.594,168.0,0.5945,1000.0
1753617522060,11:58:42.060,gateio,ACE/USDT:USDT,0.5927,5229.0,0.5921,1000.0,0.594,168.0,0.5945,1000.0
1753617522221,11:58:42.221,gateio,ACE/USDT:USDT,0.5927,5229.0,0.5921,1000.0,0.594,168.0,0.5945,1000.0
1753617523053,11:58:43.053,gateio,ACE/USDT:USDT,0.5927,5229.0,0.5921,1000.0,0.594,168.0,0.5945,1000.0
1753617524022,11:58:44.022,gateio,ACE/USDT:USDT,0.5927,5229.0,0.5921,1000.0,0.594,168.0,0.5945,1000.0
1753617524042,11:58:44.042,gateio,ACE/USDT:USDT,0.5927,5229.0,0.5921,1000.0,0.594,168.0,0.5945,1000.0
1753617524480,11:58:44.480,gateio,ACE/USDT:USDT,0.5927,5229.0,0.5921,1000.0,0.594,168.0,0.5945,1000.0
1753617525031,11:58:45.031,gateio,ACE/USDT:USDT,0.5927,5229.0,0.5921,1000.0,0.594,168.0,0.5945,1000.0
1753617525079,11:58:45.079,gateio,ACE/USDT:USDT,0.5927,5229.0,0.5921,1000.0,0.594,168.0,0.5945,1000.0
1753617525179,11:58:45.179,gateio,ACE/USDT:USDT,0.5927,5229.0,0.5921,1000.0,0.594,168.0,0.5945,1000.0
