timestamp,time,exchange,symbol,bid1_price,bid1_volume,bid2_price,bid2_volume,ask1_price,ask1_volume,ask2_price,ask2_volume
1753617167833,11:52:47.833,mexc,AAVE/USDT:USDT,295.56,49589,295.53,14987.0,295.57,97,295.58,351
1753617168329,11:52:48.329,mexc,AAVE/USDT:USDT,295.56,49589,295.55,26597,295.57,97,295.58,415
1753617168734,11:52:48.734,mexc,AAVE/USDT:USDT,295.56,49589,295.55,26597,295.57,97,295.58,415
1753617168734,11:52:48.734,mexc,AAVE/USDT:USDT,295.56,49589,295.55,26597,295.57,97,295.58,351
1753617169138,11:52:49.138,mexc,AAVE/USDT:USDT,295.56,49589,295.55,26597,295.6,15502,295.61,18372
1753617169530,11:52:49.530,mexc,AAVE/USDT:USDT,295.56,49589,295.55,26597,295.6,19129,295.61,18372
1753617169530,11:52:49.530,mexc,AAVE/USDT:USDT,295.56,49589,295.55,26597,295.58,127,295.6,19129
1753617169935,11:52:49.935,mexc,AAVE/USDT:USDT,295.56,49589,295.55,26597,295.58,127,295.6,15502
1753617169935,11:52:49.935,mexc,AAVE/USDT:USDT,295.56,49589,295.55,26597,295.6,15502,295.61,18372
1753617170156,11:52:50.156,mexc,AAVE/USDT:USDT,295.56,49589,295.55,26597,295.6,15502,295.61,18372
1753617170731,11:52:50.731,mexc,AAVE/USDT:USDT,295.56,49589,295.55,26597,295.58,121,295.6,15502
1753617170731,11:52:50.731,mexc,AAVE/USDT:USDT,295.56,49589,295.55,26597,295.58,263,295.6,15502
1753617171137,11:52:51.137,mexc,AAVE/USDT:USDT,295.56,49589,295.55,26597,295.58,142,295.6,15502
1753617171137,11:52:51.137,mexc,AAVE/USDT:USDT,295.56,49589,295.55,26597,295.6,15502,295.61,18372
1753617171353,11:52:51.353,mexc,AAVE/USDT:USDT,295.56,49589,295.55,26597,295.6,15502,295.61,18372
1753617171931,11:52:51.931,mexc,AAVE/USDT:USDT,295.56,49589,295.55,26597,295.58,128,295.6,15502
1753617171931,11:52:51.931,mexc,AAVE/USDT:USDT,295.56,49589,295.55,26597,295.58,204,295.6,15502
1753617172334,11:52:52.334,mexc,AAVE/USDT:USDT,295.56,49589,295.55,39585,295.58,76,295.6,15502
1753617172334,11:52:52.334,mexc,AAVE/USDT:USDT,295.56,49589,295.55,39585,295.6,15502,295.61,18372
1753617172554,11:52:52.554,mexc,AAVE/USDT:USDT,295.56,49589,295.55,26597,295.6,15502,295.61,18372
1753617173132,11:52:53.132,mexc,AAVE/USDT:USDT,295.56,49589,295.55,26597,295.6,21401,295.61,18372
1753617173132,11:52:53.132,mexc,AAVE/USDT:USDT,295.56,49589,295.55,26597,295.6,21401,295.61,22154
1753617173534,11:52:53.534,mexc,AAVE/USDT:USDT,295.56,49589,295.55,26597,295.6,15502,295.61,22154
1753617173534,11:52:53.534,mexc,AAVE/USDT:USDT,295.56,49589,295.55,26597,295.6,15502,295.61,18372
1753617173836,11:52:53.836,mexc,AAVE/USDT:USDT,295.56,49589,295.55,26597,295.6,15502,295.61,18372
1753617174160,11:52:54.160,mexc,AAVE/USDT:USDT,295.61,25288,295.56,49589,295.62,11129,295.63,1341
1753617174332,11:52:54.332,mexc,AAVE/USDT:USDT,295.61,25288,295.6,14271,295.62,11129,295.63,1723
1753617174736,11:52:54.736,mexc,AAVE/USDT:USDT,295.61,25288,295.6,18486,295.62,11129,295.63,1341
1753617174736,11:52:54.736,mexc,AAVE/USDT:USDT,295.61,25288,295.6,18486,295.62,11129,295.63,1341
1753617174954,11:52:54.954,mexc,AAVE/USDT:USDT,295.61,25288,295.6,14271,295.62,11129,295.63,1341
1753617175530,11:52:55.530,mexc,AAVE/USDT:USDT,295.61,25288,295.6,14271,295.62,11129,295.63,1341
1753617175530,11:52:55.530,mexc,AAVE/USDT:USDT,295.61,25288,295.6,14271,295.62,11129,295.63,1341
1753617175934,11:52:55.934,mexc,AAVE/USDT:USDT,295.61,25288,295.6,14271,295.62,11129,295.63,1341
1753617175934,11:52:55.934,mexc,AAVE/USDT:USDT,295.61,25288,295.6,14271,295.62,11129,295.63,1341
1753617176155,11:52:56.155,mexc,AAVE/USDT:USDT,295.61,25288,295.6,14271,295.62,11129,295.63,1341
1753617176685,11:52:56.685,mexc,AAVE/USDT:USDT,295.61,25288,295.6,14271,295.62,11025,295.63,1341
1753617176732,11:52:56.732,mexc,AAVE/USDT:USDT,295.61,25288,295.6,14271,295.62,11025,295.63,1992
1753617177136,11:52:57.136,mexc,AAVE/USDT:USDT,295.61,25288,295.6,16877,295.62,11025,295.63,1992
1753617177136,11:52:57.136,mexc,AAVE/USDT:USDT,295.61,25288,295.6,16877,295.62,11025,295.63,1341
1753617177355,11:52:57.355,mexc,AAVE/USDT:USDT,295.61,25288,295.6,14271,295.62,11025,295.63,1341
1753617177933,11:52:57.933,mexc,AAVE/USDT:USDT,295.61,25288,295.6,14271,295.62,11025,295.63,1341
1753617177933,11:52:57.933,mexc,AAVE/USDT:USDT,295.61,25288,295.6,14271,295.62,11025,295.63,1341
1753617178337,11:52:58.337,mexc,AAVE/USDT:USDT,295.61,25288,295.6,17096,295.62,11025,295.63,1341
1753617178337,11:52:58.337,mexc,AAVE/USDT:USDT,295.61,25288,295.6,17096,295.62,11025,295.63,1341
1753617178554,11:52:58.554,mexc,AAVE/USDT:USDT,295.61,25288,295.6,14271,295.62,11025,295.63,1341
1753617179135,11:52:59.135,mexc,AAVE/USDT:USDT,295.61,25288,295.6,14271,295.62,11025,295.63,1926
1753617179135,11:52:59.135,mexc,AAVE/USDT:USDT,295.61,25288,295.6,14271,295.62,11025,295.63,1926
1753617179536,11:52:59.536,mexc,AAVE/USDT:USDT,295.61,25288,295.6,16959,295.62,11025,295.63,1341
1753617179536,11:52:59.536,mexc,AAVE/USDT:USDT,295.61,25288,295.6,16959,295.62,11025,295.63,1341
1753617179839,11:52:59.839,mexc,AAVE/USDT:USDT,295.61,25175,295.6,14271,295.62,11025,295.63,1341
1753617180154,11:53:00.154,mexc,AAVE/USDT:USDT,295.61,25175,295.6,14271,295.62,11025,295.63,1341
1753617180333,11:53:00.333,mexc,AAVE/USDT:USDT,295.61,5214,295.6,8815,295.62,30665,295.63,21578
1753617180735,11:53:00.735,mexc,AAVE/USDT:USDT,295.61,5214,295.6,8815,295.62,30665,295.63,21578
1753617180735,11:53:00.735,mexc,AAVE/USDT:USDT,295.61,5214,295.6,8815,295.62,30665,295.63,21578
1753617180955,11:53:00.955,mexc,AAVE/USDT:USDT,295.61,5214,295.6,8815,295.62,30665,295.63,21578
1753617181533,11:53:01.533,mexc,AAVE/USDT:USDT,295.61,5214,295.6,8815,295.62,30665,295.63,27492
1753617181533,11:53:01.533,mexc,AAVE/USDT:USDT,295.61,5214,295.6,8815,295.62,30665,295.63,37563
1753617181936,11:53:01.936,mexc,AAVE/USDT:USDT,295.61,5214,295.6,8815,295.62,30665,295.63,31649
1753617181936,11:53:01.936,mexc,AAVE/USDT:USDT,295.61,5214,295.6,8815,295.62,30665,295.63,21578
1753617182156,11:53:02.156,mexc,AAVE/USDT:USDT,295.61,5214,295.6,8815,295.62,30665,295.63,21578
1753617182769,11:53:02.769,mexc,AAVE/USDT:USDT,295.61,5214,295.6,8815,295.62,30665,295.63,21578
1753617182953,11:53:02.953,mexc,AAVE/USDT:USDT,295.61,5214,295.6,8815,295.62,30665,295.63,27891
1753617183172,11:53:03.172,mexc,AAVE/USDT:USDT,295.61,5214,295.6,8815,295.62,30665,295.63,27891
1753617183355,11:53:03.355,mexc,AAVE/USDT:USDT,295.61,5214,295.6,8815,295.62,30665,295.63,21578
1753617183631,11:53:03.631,mexc,AAVE/USDT:USDT,295.61,5214,295.6,8815,295.62,30665,295.63,21578
1753617183645,11:53:03.645,mexc,AAVE/USDT:USDT,295.67,70044,295.66,27145,295.68,12007,295.69,14900
1753617183934,11:53:03.934,mexc,AAVE/USDT:USDT,295.67,70044,295.66,27145,295.68,12007,295.69,14900
1753617184336,11:53:04.336,mexc,AAVE/USDT:USDT,295.67,70044,295.66,27145,295.68,12007,295.69,14900
1753617184556,11:53:04.556,mexc,AAVE/USDT:USDT,295.67,70044,295.66,27145,295.68,12007,295.69,14900
1753617184556,11:53:04.556,mexc,AAVE/USDT:USDT,295.67,70044,295.66,27145,295.68,12007,295.69,14900
1753617185135,11:53:05.135,mexc,AAVE/USDT:USDT,295.67,70044,295.66,27145,295.68,12007,295.69,14982
1753617185135,11:53:05.135,mexc,AAVE/USDT:USDT,295.67,70044,295.66,27145,295.68,12007,295.69,15011
1753617185537,11:53:05.537,mexc,AAVE/USDT:USDT,295.67,70044,295.66,31647,295.68,12007,295.69,14929
1753617185537,11:53:05.537,mexc,AAVE/USDT:USDT,295.67,70044,295.66,31647,295.68,12007,295.69,14900
1753617185843,11:53:05.843,mexc,AAVE/USDT:USDT,295.67,70044,295.66,27145,295.68,12007,295.69,14900
1753617186224,11:53:06.224,mexc,AAVE/USDT:USDT,295.67,70044,295.66,27145,295.68,12007,295.69,14900
1753617186404,11:53:06.404,mexc,AAVE/USDT:USDT,295.67,70044,295.66,27145,295.68,12007,295.69,14900
1753617186737,11:53:06.737,mexc,AAVE/USDT:USDT,295.67,70044,295.66,27145,295.68,12007,295.69,14900
1753617186737,11:53:06.737,mexc,AAVE/USDT:USDT,295.67,70044,295.66,27145,295.68,12007,295.69,14900
1753617186956,11:53:06.956,mexc,AAVE/USDT:USDT,295.67,70044,295.66,27145,295.68,12007,295.69,14900
1753617187536,11:53:07.536,mexc,AAVE/USDT:USDT,295.67,70044,295.66,27145,295.68,12007,295.69,14900
1753617187536,11:53:07.536,mexc,AAVE/USDT:USDT,295.67,70044,295.66,27145,295.68,12007,295.69,14900
1753617187939,11:53:07.939,mexc,AAVE/USDT:USDT,295.67,70044,295.66,27145,295.68,12007,295.69,14900
1753617187939,11:53:07.939,mexc,AAVE/USDT:USDT,295.67,70044,295.66,27145,295.68,12007,295.69,14900
1753617188156,11:53:08.156,mexc,AAVE/USDT:USDT,295.67,70044,295.66,27145,295.68,12007,295.69,14900
1753617188737,11:53:08.737,mexc,AAVE/USDT:USDT,295.67,70044,295.66,27145,295.68,12007,295.69,14967
1753617188737,11:53:08.737,mexc,AAVE/USDT:USDT,295.67,70044,295.66,27145,295.68,12007,295.69,14967
1753617189142,11:53:09.142,mexc,AAVE/USDT:USDT,295.67,70044,295.66,27145,295.68,12007,295.69,14900
1753617189248,11:53:09.248,mexc,AAVE/USDT:USDT,295.71,21794,295.7,23398,295.72,8636,295.73,1179
1753617189937,11:53:09.937,mexc,AAVE/USDT:USDT,295.71,21794,295.7,23398,295.72,8636,295.73,1179
1753617189937,11:53:09.937,mexc,AAVE/USDT:USDT,295.71,21794,295.7,23398,295.72,8636,295.73,1179
1753617190341,11:53:10.341,mexc,AAVE/USDT:USDT,295.71,21794,295.7,28546,295.72,8636,295.73,1179
1753617190341,11:53:10.341,mexc,AAVE/USDT:USDT,295.71,21794,295.7,28546,295.72,8636,295.73,1179
1753617190556,11:53:10.556,mexc,AAVE/USDT:USDT,295.71,21794,295.7,23398,295.72,8636,295.73,1179
1753617191140,11:53:11.140,mexc,AAVE/USDT:USDT,295.71,21794,295.7,23398,295.72,8636,295.73,1179
1753617191140,11:53:11.140,mexc,AAVE/USDT:USDT,295.71,21794,295.7,23398,295.72,8636,295.73,1735
1753617191551,11:53:11.551,mexc,AAVE/USDT:USDT,295.71,21794,295.7,23398,295.72,8636,295.73,1735
1753617191551,11:53:11.551,mexc,AAVE/USDT:USDT,295.71,21794,295.7,23398,295.72,8636,295.73,1179
1753617191846,11:53:11.846,mexc,AAVE/USDT:USDT,295.71,21794,295.7,23398,295.72,8636,295.73,1179
1753617192227,11:53:12.227,mexc,AAVE/USDT:USDT,295.71,21794,295.7,23398,295.72,8636,295.73,1179
1753617192337,11:53:12.337,mexc,AAVE/USDT:USDT,295.71,21794,295.7,23398,295.72,8636,295.73,1640
1753617192741,11:53:12.741,mexc,AAVE/USDT:USDT,295.71,21794,295.7,30089,295.72,8636,295.73,1640
1753617192741,11:53:12.741,mexc,AAVE/USDT:USDT,295.71,21794,295.7,30089,295.72,8636,295.73,1179
1753617192960,11:53:12.960,mexc,AAVE/USDT:USDT,295.71,21794,295.7,23398,295.72,8636,295.73,1179
1753617193537,11:53:13.537,mexc,AAVE/USDT:USDT,295.71,21794,295.7,23398,295.72,8636,295.73,1179
1753617193537,11:53:13.537,mexc,AAVE/USDT:USDT,295.71,21794,295.7,23398,295.72,8636,295.73,1179
1753617193941,11:53:13.941,mexc,AAVE/USDT:USDT,295.71,21794,295.7,23398,295.72,8636,295.73,1179
1753617193941,11:53:13.941,mexc,AAVE/USDT:USDT,295.71,21794,295.7,23398,295.72,8636,295.73,1179
1753617194159,11:53:14.159,mexc,AAVE/USDT:USDT,295.71,21794,295.7,23398,295.72,8636,295.73,1179
1753617194738,11:53:14.738,mexc,AAVE/USDT:USDT,295.71,21794,295.7,23398,295.72,8636,295.73,1179
1753617194803,11:53:14.803,mexc,AAVE/USDT:USDT,295.71,21794,295.7,23398,295.72,7878,295.73,1179
1753617195146,11:53:15.146,mexc,AAVE/USDT:USDT,295.71,21794,295.7,33455,295.72,7878,295.73,1179
1753617195235,11:53:15.235,mexc,AAVE/USDT:USDT,295.71,11265,295.7,29662,295.72,55488,295.73,281
1753617195937,11:53:15.937,mexc,AAVE/USDT:USDT,295.71,11265,295.7,29662,295.72,55488,295.73,281
1753617195937,11:53:15.937,mexc,AAVE/USDT:USDT,295.71,11265,295.7,29662,295.72,55488,295.73,281
1753617196340,11:53:16.340,mexc,AAVE/USDT:USDT,295.71,11265,295.7,38031,295.72,55488,295.73,281
1753617196342,11:53:16.342,mexc,AAVE/USDT:USDT,295.71,11265,295.7,38031,295.72,55488,295.73,281
1753617196558,11:53:16.558,mexc,AAVE/USDT:USDT,295.71,11265,295.7,29662,295.72,55488,295.73,281
1753617197139,11:53:17.139,mexc,AAVE/USDT:USDT,295.71,11265,295.7,29662,295.72,55488,295.73,281
1753617197139,11:53:17.139,mexc,AAVE/USDT:USDT,295.71,11265,295.7,29662,295.72,55488,295.73,281
1753617197541,11:53:17.541,mexc,AAVE/USDT:USDT,295.71,11265,295.7,29662,295.72,55488,295.73,281
1753617197541,11:53:17.541,mexc,AAVE/USDT:USDT,295.71,11265,295.7,29662,295.72,55488,295.73,281
1753617197851,11:53:17.851,mexc,AAVE/USDT:USDT,295.71,11265,295.7,29662,295.72,55488,295.73,281
1753617198228,11:53:18.228,mexc,AAVE/USDT:USDT,295.71,11265,295.7,29662,295.72,55488,295.73,281
1753617198337,11:53:18.337,mexc,AAVE/USDT:USDT,295.71,11265,295.7,29662,295.72,55488,295.73,281
1753617198742,11:53:18.742,mexc,AAVE/USDT:USDT,295.71,11265,295.7,29662,295.72,55488,295.73,281
1753617198742,11:53:18.742,mexc,AAVE/USDT:USDT,295.71,11265,295.7,29662,295.72,55488,295.73,281
1753617198962,11:53:18.962,mexc,AAVE/USDT:USDT,295.71,11265,295.7,29662,295.72,55488,295.73,281
1753617199231,11:53:19.231,mexc,AAVE/USDT:USDT,295.79,52644,295.78,20952,295.8,58944,295.81,74748
1753617199538,11:53:19.538,mexc,AAVE/USDT:USDT,295.79,52644,295.78,20952,295.8,58944,295.81,74748
1753617199942,11:53:19.942,mexc,AAVE/USDT:USDT,295.79,52644,295.78,27998,295.8,58944,295.81,74748
1753617199942,11:53:19.942,mexc,AAVE/USDT:USDT,295.79,52644,295.78,27998,295.8,58944,295.81,74748
1753617200159,11:53:20.159,mexc,AAVE/USDT:USDT,295.79,52644,295.78,20952,295.8,58944,295.81,74748
1753617200737,11:53:20.737,mexc,AAVE/USDT:USDT,295.79,52644,295.78,20952,295.8,58944,295.81,74748
1753617200737,11:53:20.737,mexc,AAVE/USDT:USDT,295.79,52644,295.78,20952,295.8,58944,295.81,74748
1753617200956,11:53:20.956,mexc,AAVE/USDT:USDT,295.79,52644,295.78,36451,295.8,58944,295.81,74748
1753617201359,11:53:21.359,mexc,AAVE/USDT:USDT,295.79,52644,295.78,26142,295.8,58944,295.81,74748
1753617201359,11:53:21.359,mexc,AAVE/USDT:USDT,295.79,52644,295.78,20952,295.8,58944,295.81,74748
1753617201938,11:53:21.938,mexc,AAVE/USDT:USDT,295.79,52644,295.78,20952,295.8,58944,295.81,74748
1753617201938,11:53:21.938,mexc,AAVE/USDT:USDT,295.79,52644,295.78,20952,295.8,58944,295.81,75094
1753617202341,11:53:22.341,mexc,AAVE/USDT:USDT,295.79,52644,295.78,25246,295.8,58944,295.81,75094
1753617202341,11:53:22.341,mexc,AAVE/USDT:USDT,295.79,52644,295.78,25246,295.8,58944,295.81,74748
1753617202561,11:53:22.561,mexc,AAVE/USDT:USDT,295.79,52644,295.78,20952,295.8,58944,295.81,74748
1753617202926,11:53:22.926,mexc,AAVE/USDT:USDT,295.79,52644,295.78,20952,295.8,58944,295.81,74748
1753617203138,11:53:23.138,mexc,AAVE/USDT:USDT,295.79,52644,295.78,20952,295.8,58944,295.81,75172
1753617203541,11:53:23.541,mexc,AAVE/USDT:USDT,295.79,52644,295.78,20952,295.8,58944,295.81,74748
1753617203541,11:53:23.541,mexc,AAVE/USDT:USDT,295.79,52644,295.78,20952,295.8,58944,295.81,74748
1753617203817,11:53:23.817,mexc,AAVE/USDT:USDT,295.79,52644,295.78,20952,295.8,58944,295.81,74748
1753617204236,11:53:24.236,mexc,AAVE/USDT:USDT,295.79,52644,295.78,20952,295.8,58944,295.81,74748
1753617204339,11:53:24.339,mexc,AAVE/USDT:USDT,295.79,52644,295.78,20952,295.8,58944,295.81,74748
1753617204742,11:53:24.742,mexc,AAVE/USDT:USDT,295.79,52644,295.78,26331,295.8,58944,295.81,74748
1753617204742,11:53:24.742,mexc,AAVE/USDT:USDT,295.79,52644,295.78,26331,295.8,58944,295.81,74748
1753617205018,11:53:25.018,mexc,AAVE/USDT:USDT,295.79,52644,295.78,20952,295.8,58944,295.81,74748
1753617205235,11:53:25.235,mexc,AAVE/USDT:USDT,295.81,26931,295.8,15345,295.82,10982,295.83,330
1753617205538,11:53:25.538,mexc,AAVE/USDT:USDT,295.81,26931,295.8,15345,295.82,10982,295.83,478
1753617205942,11:53:25.942,mexc,AAVE/USDT:USDT,295.81,26931,295.8,19812,295.82,10982,295.83,478
1753617205942,11:53:25.942,mexc,AAVE/USDT:USDT,295.81,26931,295.8,19812,295.82,10982,295.83,330
1753617206217,11:53:26.217,mexc,AAVE/USDT:USDT,295.81,26931,295.8,15345,295.82,10982,295.83,330
1753617206546,11:53:26.546,mexc,AAVE/USDT:USDT,295.87,54575,295.86,56999,295.88,21300,295.89,14196
1753617206739,11:53:26.739,mexc,AAVE/USDT:USDT,295.87,54575,295.86,56999,295.88,21300,295.89,14196
1753617207143,11:53:27.143,mexc,AAVE/USDT:USDT,295.87,54575,295.86,56999,295.88,21300,295.89,14196
1753617207143,11:53:27.143,mexc,AAVE/USDT:USDT,295.87,54575,295.86,56999,295.88,21300,295.89,14196
1753617207419,11:53:27.419,mexc,AAVE/USDT:USDT,295.87,54575,295.86,56999,295.88,21300,295.89,14196
1753617207941,11:53:27.941,mexc,AAVE/USDT:USDT,295.87,54575,295.86,56999,295.88,21300,295.89,14196
1753617207942,11:53:27.942,mexc,AAVE/USDT:USDT,295.87,54575,295.86,56999,295.88,21300,295.89,14196
1753617208343,11:53:28.343,mexc,AAVE/USDT:USDT,295.87,54575,295.86,68824,295.88,21300,295.89,14196
1753617208618,11:53:28.618,mexc,AAVE/USDT:USDT,295.87,54575,295.86,68824,295.88,21300,295.89,14196
1753617208618,11:53:28.618,mexc,AAVE/USDT:USDT,295.87,54575,295.86,56999,295.88,21300,295.89,14196
1753617208928,11:53:28.928,mexc,AAVE/USDT:USDT,295.87,54575,295.86,56999,295.88,21300,295.89,14196
1753617209139,11:53:29.139,mexc,AAVE/USDT:USDT,295.87,54575,295.86,56999,295.88,21300,295.89,14196
1753617209543,11:53:29.543,mexc,AAVE/USDT:USDT,295.87,54575,295.86,80586,295.88,21300,295.89,14196
1753617209543,11:53:29.543,mexc,AAVE/USDT:USDT,295.87,54575,295.86,80586,295.88,21300,295.89,14196
1753617209897,11:53:29.897,mexc,AAVE/USDT:USDT,295.93,38666,295.92,15933,295.94,54950,295.95,59623
1753617210238,11:53:30.238,mexc,AAVE/USDT:USDT,295.93,38666,295.92,15933,295.94,54950,295.95,59623
1753617210341,11:53:30.341,mexc,AAVE/USDT:USDT,295.93,38666,295.92,15933,295.94,54950,295.95,59623
1753617210743,11:53:30.743,mexc,AAVE/USDT:USDT,295.93,38666,295.92,17809,295.94,54950,295.95,59623
1753617210743,11:53:30.743,mexc,AAVE/USDT:USDT,295.93,38666,295.92,17809,295.94,54950,295.95,59623
1753617211018,11:53:31.018,mexc,AAVE/USDT:USDT,295.93,38666,295.92,15933,295.94,54950,295.95,59623
1753617211541,11:53:31.541,mexc,AAVE/USDT:USDT,295.93,38666,295.92,15933,295.94,54950,295.95,59623
1753617211541,11:53:31.541,mexc,AAVE/USDT:USDT,295.93,38666,295.92,15933,295.94,54950,295.95,59623
1753617211945,11:53:31.945,mexc,AAVE/USDT:USDT,295.93,38666,295.92,15933,295.94,54815,295.95,59623
1753617211945,11:53:31.945,mexc,AAVE/USDT:USDT,295.93,38666,295.92,15933,295.94,54815,295.95,59623
1753617212164,11:53:32.164,mexc,AAVE/USDT:USDT,295.99,47000,295.98,32406,296.0,105013,296.01,14420
1753617212740,11:53:32.740,mexc,AAVE/USDT:USDT,295.99,47000,295.98,32406,296.0,105013,296.01,14420
1753617212740,11:53:32.740,mexc,AAVE/USDT:USDT,295.99,47000,295.98,32406,296.0,105013,296.01,14420
1753617213143,11:53:33.143,mexc,AAVE/USDT:USDT,295.99,47000,295.98,32406,296.0,105013,296.01,14420
1753617213143,11:53:33.143,mexc,AAVE/USDT:USDT,295.99,47000,295.98,32406,296.0,105013,296.01,14420
1753617213418,11:53:33.418,mexc,AAVE/USDT:USDT,295.99,47000,295.98,32406,296.0,105013,296.01,14420
1753617213947,11:53:33.947,mexc,AAVE/USDT:USDT,295.99,47000,295.98,32406,296.0,105013,296.01,14420
1753617213947,11:53:33.947,mexc,AAVE/USDT:USDT,295.99,47000,295.98,32406,296.0,105013,296.01,14420
1753617214413,11:53:34.413,mexc,AAVE/USDT:USDT,295.99,47000,295.98,42161,296.0,105013,296.01,14420
1753617214413,11:53:34.413,mexc,AAVE/USDT:USDT,295.99,47000,295.98,42161,296.0,105013,296.01,14420
1753617214618,11:53:34.618,mexc,AAVE/USDT:USDT,295.99,47000,295.98,32406,296.0,105013,296.01,14420
1753617215013,11:53:35.013,mexc,AAVE/USDT:USDT,295.99,47000,295.98,32406,296.0,105013,296.01,14420
1753617215326,11:53:35.326,mexc,AAVE/USDT:USDT,295.99,47000,295.98,32406,296.0,105013,296.01,15280
1753617215552,11:53:35.552,mexc,AAVE/USDT:USDT,295.99,47000,295.98,32406,296.0,105013,296.01,15280
1753617215552,11:53:35.552,mexc,AAVE/USDT:USDT,295.99,47000,295.98,32406,296.0,105013,296.01,14420
1753617215819,11:53:35.819,mexc,AAVE/USDT:USDT,295.99,47000,295.98,32406,296.0,105013,296.01,14420
1753617216345,11:53:36.345,mexc,AAVE/USDT:USDT,295.99,47000,295.98,32406,296.0,105013,296.01,15356
1753617216345,11:53:36.345,mexc,AAVE/USDT:USDT,295.99,47000,295.98,32406,296.0,105013,296.01,15356
1753617216749,11:53:36.749,mexc,AAVE/USDT:USDT,295.99,47000,295.98,41459,296.0,105013,296.01,14420
1753617216749,11:53:36.749,mexc,AAVE/USDT:USDT,295.99,47000,295.98,41459,296.0,105013,296.01,14420
1753617217018,11:53:37.018,mexc,AAVE/USDT:USDT,295.99,47000,295.98,32406,296.0,105013,296.01,14420
1753617217258,11:53:37.258,mexc,AAVE/USDT:USDT,296.02,24382,296.01,2525,296.03,11584,296.04,5291
1753617217546,11:53:37.546,mexc,AAVE/USDT:USDT,296.02,24382,296.01,2525,296.03,11584,296.04,5291
1753617217949,11:53:37.949,mexc,AAVE/USDT:USDT,296.02,24382,296.01,2525,296.03,11584,296.04,5291
1753617217949,11:53:37.949,mexc,AAVE/USDT:USDT,296.02,24382,296.01,2525,296.03,11584,296.04,5291
1753617218219,11:53:38.219,mexc,AAVE/USDT:USDT,296.02,24382,296.01,2525,296.03,11584,296.04,5291
1753617218746,11:53:38.746,mexc,AAVE/USDT:USDT,296.02,24382,296.01,2525,296.03,11584,296.04,5291
1753617218746,11:53:38.746,mexc,AAVE/USDT:USDT,296.02,24382,296.01,2525,296.03,11584,296.04,5291
1753617219150,11:53:39.150,mexc,AAVE/USDT:USDT,296.02,23882,296.01,2525,296.03,11584,296.04,5291
1753617219150,11:53:39.150,mexc,AAVE/USDT:USDT,296.02,23882,296.01,2525,296.03,11584,296.04,5291
1753617219420,11:53:39.420,mexc,AAVE/USDT:USDT,296.02,23882,296.01,2525,296.03,11584,296.04,5291
1753617219946,11:53:39.946,mexc,AAVE/USDT:USDT,296.02,23882,296.01,2525,296.03,11584,296.04,5291
1753617219946,11:53:39.946,mexc,AAVE/USDT:USDT,296.02,23882,296.01,2525,296.03,11584,296.04,5291
1753617220349,11:53:40.349,mexc,AAVE/USDT:USDT,296.02,23882,296.01,2525,296.03,11584,296.04,5291
1753617220349,11:53:40.349,mexc,AAVE/USDT:USDT,296.02,23882,296.01,2525,296.03,11584,296.04,5291
1753617220618,11:53:40.618,mexc,AAVE/USDT:USDT,296.02,23882,296.01,2525,296.03,11584,296.04,5291
1753617220938,11:53:40.938,mexc,AAVE/USDT:USDT,296.02,23882,296.01,2525,296.03,11584,296.04,5291
1753617221326,11:53:41.326,mexc,AAVE/USDT:USDT,296.02,23882,296.01,2525,296.03,11584,296.04,5291
1753617221416,11:53:41.416,mexc,AAVE/USDT:USDT,296.02,23882,296.01,3232,296.03,11584,296.04,5291
1753617221550,11:53:41.550,mexc,AAVE/USDT:USDT,296.02,23882,296.01,3232,296.03,11584,296.04,5291
1753617221819,11:53:41.819,mexc,AAVE/USDT:USDT,296.02,23882,296.01,2525,296.03,11584,296.04,5291
1753617222420,11:53:42.420,mexc,AAVE/USDT:USDT,296.02,23882,296.01,2525,296.03,11584,296.04,5291
1753617222615,11:53:42.615,mexc,AAVE/USDT:USDT,296.02,23882,296.01,2525,296.03,11584,296.04,5291
1753617222823,11:53:42.823,mexc,AAVE/USDT:USDT,296.02,23882,296.01,2525,296.03,11584,296.04,5291
1753617223018,11:53:43.018,mexc,AAVE/USDT:USDT,296.02,23882,296.01,2525,296.03,11584,296.04,5291
1753617223225,11:53:43.225,mexc,AAVE/USDT:USDT,296.02,23882,296.01,2525,296.03,11584,296.04,5291
1753617223255,11:53:43.255,mexc,AAVE/USDT:USDT,296.05,26337,296.04,40869,296.06,7347,296.07,18113
1753617223816,11:53:43.816,mexc,AAVE/USDT:USDT,296.05,26337,296.04,40869,296.06,7347,296.07,18113
1753617223816,11:53:43.816,mexc,AAVE/USDT:USDT,296.05,26337,296.04,40869,296.06,7347,296.07,18113
1753617224219,11:53:44.219,mexc,AAVE/USDT:USDT,296.05,26153,296.04,40869,296.06,7347,296.07,18113
1753617224219,11:53:44.219,mexc,AAVE/USDT:USDT,296.05,26153,296.04,40869,296.06,7347,296.07,18113
1753617224745,11:53:44.745,mexc,AAVE/USDT:USDT,296.05,26153,296.04,40869,296.06,7302,296.07,18113
1753617224821,11:53:44.821,mexc,AAVE/USDT:USDT,296.05,26153,296.04,40869,296.06,7302,296.07,18113
1753617225019,11:53:45.019,mexc,AAVE/USDT:USDT,296.05,26153,296.04,78605,296.06,7302,296.07,18113
1753617225221,11:53:45.221,mexc,AAVE/USDT:USDT,296.05,26153,296.04,78605,296.06,7302,296.07,18113
1753617225421,11:53:45.421,mexc,AAVE/USDT:USDT,296.05,26153,296.04,40869,296.06,7302,296.07,18113
1753617226018,11:53:46.018,mexc,AAVE/USDT:USDT,296.05,26153,296.04,40869,296.06,7302,296.07,22162
1753617226019,11:53:46.019,mexc,AAVE/USDT:USDT,296.05,26153,296.04,40869,296.06,7302,296.07,22162
1753617226218,11:53:46.218,mexc,AAVE/USDT:USDT,296.05,26153,296.04,48286,296.06,7302,296.07,22162
1753617226621,11:53:46.621,mexc,AAVE/USDT:USDT,296.05,26153,296.04,48286,296.06,7302,296.07,18113
1753617226621,11:53:46.621,mexc,AAVE/USDT:USDT,296.05,26153,296.04,40869,296.06,7302,296.07,18113
1753617226941,11:53:46.941,mexc,AAVE/USDT:USDT,296.05,26153,296.04,40869,296.06,7302,296.07,18113
1753617227333,11:53:47.333,mexc,AAVE/USDT:USDT,296.05,26153,296.04,40869,296.06,7302,296.07,21582
1753617227419,11:53:47.419,mexc,AAVE/USDT:USDT,296.05,26153,296.04,40869,296.06,7302,296.07,21582
1753617227821,11:53:47.821,mexc,AAVE/USDT:USDT,296.05,26153,296.04,40869,296.06,7302,296.07,18113
1753617227821,11:53:47.821,mexc,AAVE/USDT:USDT,296.05,26153,296.04,40869,296.06,7302,296.07,18113
1753617228422,11:53:48.422,mexc,AAVE/USDT:USDT,296.05,26153,296.04,40869,296.06,7302,296.07,18113
1753617228618,11:53:48.618,mexc,AAVE/USDT:USDT,296.05,26153,296.04,40869,296.06,7302,296.07,23814
1753617228828,11:53:48.828,mexc,AAVE/USDT:USDT,296.05,26153,296.04,40869,296.06,7302,296.07,23814
1753617229021,11:53:49.021,mexc,AAVE/USDT:USDT,296.05,26153,296.04,40869,296.06,7302,296.07,18113
1753617229233,11:53:49.233,mexc,AAVE/USDT:USDT,296.05,26153,296.04,40869,296.06,7302,296.07,18113
1753617229242,11:53:49.242,mexc,AAVE/USDT:USDT,296.09,59214,296.08,47520,296.1,151975,296.11,217
1753617229819,11:53:49.819,mexc,AAVE/USDT:USDT,296.09,59214,296.08,47520,296.1,151975,296.11,217
1753617229819,11:53:49.819,mexc,AAVE/USDT:USDT,296.09,59214,296.08,47520,296.1,151975,296.11,217
1753617230222,11:53:50.222,mexc,AAVE/USDT:USDT,296.09,59214,296.08,47520,296.1,151975,296.11,217
1753617230222,11:53:50.222,mexc,AAVE/USDT:USDT,296.09,59214,296.08,47520,296.1,151975,296.11,217
1753617230821,11:53:50.821,mexc,AAVE/USDT:USDT,296.09,59214,296.08,47520,296.1,151975,296.11,217
1753617230997,11:53:50.997,mexc,AAVE/USDT:USDT,296.09,59214,296.08,47520,296.1,151716,296.11,242
1753617231226,11:53:51.226,mexc,AAVE/USDT:USDT,296.09,59214,296.08,47520,296.1,150701,296.11,242
1753617231423,11:53:51.423,mexc,AAVE/USDT:USDT,296.09,59214,296.08,47520,296.1,150701,296.11,217
1753617232023,11:53:52.023,mexc,AAVE/USDT:USDT,296.09,59214,296.08,47520,296.1,150701,296.11,300
1753617232220,11:53:52.220,mexc,AAVE/USDT:USDT,296.09,59214,296.08,52610,296.1,150701,296.11,300
1753617232427,11:53:52.427,mexc,AAVE/USDT:USDT,296.09,59214,296.08,52610,296.1,150701,296.11,217
1753617232535,11:53:52.535,mexc,AAVE/USDT:USDT,296.02,32015,296.01,32652,296.04,33711,296.05,30498
1753617232726,11:53:52.726,mexc,AAVE/USDT:USDT,296.02,32015,296.01,32652,296.04,33711,296.05,30498
1753617232943,11:53:52.943,mexc,AAVE/USDT:USDT,296.02,32015,296.01,32652,296.04,33711,296.05,30498
1753617233333,11:53:53.333,mexc,AAVE/USDT:USDT,296.02,32015,296.01,32652,296.04,33711,296.05,30498
1753617233420,11:53:53.420,mexc,AAVE/USDT:USDT,296.02,32015,296.01,32652,296.04,33711,296.05,30498
1753617233823,11:53:53.823,mexc,AAVE/USDT:USDT,296.02,32015,296.01,32652,296.04,33710,296.05,30498
1753617233824,11:53:53.824,mexc,AAVE/USDT:USDT,296.02,32015,296.01,32652,296.04,33710,296.05,30498
1753617234424,11:53:54.424,mexc,AAVE/USDT:USDT,296.02,32015,296.01,32652,296.04,33710,296.05,30498
1753617234621,11:53:54.621,mexc,AAVE/USDT:USDT,296.02,32015,296.01,32755,296.04,33710,296.05,30498
1753617234828,11:53:54.828,mexc,AAVE/USDT:USDT,296.02,32015,296.01,32755,296.04,33710,296.05,30498
1753617235023,11:53:55.023,mexc,AAVE/USDT:USDT,296.02,32015,296.01,32652,296.04,33710,296.05,30498
1753617235624,11:53:55.624,mexc,AAVE/USDT:USDT,296.02,32015,296.01,32652,296.04,33710,296.05,33770
1753617235821,11:53:55.821,mexc,AAVE/USDT:USDT,296.02,32015,296.01,32652,296.04,33710,296.05,33770
1753617236028,11:53:56.028,mexc,AAVE/USDT:USDT,296.02,32015,296.01,32652,296.04,33710,296.05,30498
1753617236223,11:53:56.223,mexc,AAVE/USDT:USDT,296.02,31913,296.01,32652,296.04,33710,296.05,30498
1753617236825,11:53:56.825,mexc,AAVE/USDT:USDT,296.02,31913,296.01,32652,296.04,33710,296.05,44785
1753617237020,11:53:57.020,mexc,AAVE/USDT:USDT,296.02,31913,296.01,32652,296.04,33710,296.05,53331
1753617237227,11:53:57.227,mexc,AAVE/USDT:USDT,296.02,31913,296.01,32652,296.04,33710,296.05,39044
1753617237423,11:53:57.423,mexc,AAVE/USDT:USDT,296.02,31913,296.01,32652,296.04,33710,296.05,30498
1753617237682,11:53:57.682,mexc,AAVE/USDT:USDT,296.02,31913,296.01,32652,296.04,33710,296.05,30498
1753617237696,11:53:57.696,mexc,AAVE/USDT:USDT,295.96,26803,295.95,24980,295.97,21860,295.98,41662
1753617238026,11:53:58.026,mexc,AAVE/USDT:USDT,295.96,26803,295.95,24980,295.97,21860,295.98,52057
1753617238221,11:53:58.221,mexc,AAVE/USDT:USDT,295.96,26803,295.95,24980,295.97,21860,295.98,52057
1753617238440,11:53:58.440,mexc,AAVE/USDT:USDT,295.96,26803,295.95,24980,295.97,21860,295.98,41662
1753617238625,11:53:58.625,mexc,AAVE/USDT:USDT,295.96,26803,295.95,24980,295.97,21860,295.98,41662
1753617239225,11:53:59.225,mexc,AAVE/USDT:USDT,295.96,26803,295.95,24980,295.97,21860,295.98,60516
1753617239225,11:53:59.225,mexc,AAVE/USDT:USDT,295.96,26803,295.95,24980,295.97,21860,295.98,73005
1753617239427,11:53:59.427,mexc,AAVE/USDT:USDT,295.96,26803,295.95,24980,295.97,21860,295.98,73005
1753617239664,11:53:59.664,mexc,AAVE/USDT:USDT,295.9,3341,295.89,35965,295.91,45814,295.92,9833
1753617240197,11:54:00.197,mexc,AAVE/USDT:USDT,295.9,3341,295.89,35965,295.91,45712,295.92,9833
1753617240427,11:54:00.427,mexc,AAVE/USDT:USDT,295.9,3341,295.89,35965,295.91,45712,295.92,12417
1753617240622,11:54:00.622,mexc,AAVE/USDT:USDT,295.9,3341,295.89,35965,295.91,45712,295.92,12417
1753617240830,11:54:00.830,mexc,AAVE/USDT:USDT,295.9,3341,295.89,35965,295.91,45712,295.92,9833
1753617241025,11:54:01.025,mexc,AAVE/USDT:USDT,295.9,3341,295.89,35965,295.91,45712,295.92,9833
1753617241627,11:54:01.627,mexc,AAVE/USDT:USDT,295.9,3341,295.89,35965,295.91,45712,295.92,10932
1753617241822,11:54:01.822,mexc,AAVE/USDT:USDT,295.9,3341,295.89,35965,295.91,45712,295.92,10932
1753617242225,11:54:02.225,mexc,AAVE/USDT:USDT,295.9,3341,295.89,35965,295.91,45712,295.92,9833
1753617242227,11:54:02.227,mexc,AAVE/USDT:USDT,295.9,3341,295.89,35965,295.91,45712,295.92,9833
1753617242826,11:54:02.826,mexc,AAVE/USDT:USDT,295.9,3341,295.89,35965,295.91,45712,295.92,9833
1753617243022,11:54:03.022,mexc,AAVE/USDT:USDT,295.9,3341,295.89,36423,295.91,45528,295.92,9833
1753617243230,11:54:03.230,mexc,AAVE/USDT:USDT,295.9,3341,295.89,36423,295.91,45528,295.92,9833
1753617243426,11:54:03.426,mexc,AAVE/USDT:USDT,295.9,3341,295.89,35965,295.91,45528,295.92,9833
1753617244019,11:54:04.019,mexc,AAVE/USDT:USDT,295.9,3341,295.89,35965,295.91,45528,295.92,9833
1753617244030,11:54:04.030,mexc,AAVE/USDT:USDT,295.9,3341,295.89,35965,295.91,45528,295.92,9833
1753617244222,11:54:04.222,mexc,AAVE/USDT:USDT,295.9,3341,295.89,35965,295.91,45528,295.92,9833
1753617244626,11:54:04.626,mexc,AAVE/USDT:USDT,295.9,3341,295.89,35965,295.91,45528,295.92,9833
1753617244626,11:54:04.626,mexc,AAVE/USDT:USDT,295.9,3341,295.89,35965,295.91,45528,295.92,9833
1753617245228,11:54:05.228,mexc,AAVE/USDT:USDT,295.9,3341,295.89,35965,295.91,45528,295.92,9833
1753617245423,11:54:05.423,mexc,AAVE/USDT:USDT,295.87,5706,295.86,185,295.88,36697,295.89,36663
1753617245828,11:54:05.828,mexc,AAVE/USDT:USDT,295.87,5706,295.86,185,295.88,36697,295.89,36663
1753617245828,11:54:05.828,mexc,AAVE/USDT:USDT,295.87,5706,295.86,185,295.88,36697,295.89,36663
1753617246426,11:54:06.426,mexc,AAVE/USDT:USDT,295.87,5706,295.86,185,295.88,36697,295.89,36663
1753617246623,11:54:06.623,mexc,AAVE/USDT:USDT,295.87,5706,295.86,185,295.88,36697,295.89,54592
1753617246829,11:54:06.829,mexc,AAVE/USDT:USDT,295.87,5706,295.86,185,295.88,36697,295.89,54592
1753617246829,11:54:06.829,mexc,AAVE/USDT:USDT,295.87,5706,295.86,185,295.88,36697,295.89,36663
1753617247026,11:54:07.026,mexc,AAVE/USDT:USDT,295.87,5706,295.86,185,295.88,36697,295.89,36663
1753617247626,11:54:07.626,mexc,AAVE/USDT:USDT,295.87,5706,295.86,185,295.88,36697,295.89,36663
1753617247824,11:54:07.824,mexc,AAVE/USDT:USDT,295.87,5706,295.86,185,295.88,36697,295.89,45932
1753617247922,11:54:07.922,mexc,AAVE/USDT:USDT,295.8,7551,295.79,50064,295.83,24918,295.84,31879
1753617248827,11:54:08.827,mexc,AAVE/USDT:USDT,295.8,7551,295.79,50064,295.83,24918,295.84,31879
1753617249025,11:54:09.025,mexc,AAVE/USDT:USDT,295.8,7551,295.79,59230,295.83,24918,295.84,31879
1753617249233,11:54:09.233,mexc,AAVE/USDT:USDT,295.8,7551,295.79,59230,295.83,24918,295.84,31879
1753617249429,11:54:09.429,mexc,AAVE/USDT:USDT,295.8,7551,295.79,50064,295.83,24918,295.84,31879
1753617250023,11:54:10.023,mexc,AAVE/USDT:USDT,295.8,7551,295.79,50064,295.83,24918,295.84,31879
1753617250224,11:54:10.224,mexc,AAVE/USDT:USDT,295.8,7551,295.79,50064,295.83,24918,295.84,31879
1753617250224,11:54:10.224,mexc,AAVE/USDT:USDT,295.8,7551,295.79,52898,295.83,24918,295.84,31879
1753617250444,11:54:10.444,mexc,AAVE/USDT:USDT,295.8,7551,295.79,52898,295.83,24918,295.84,31879
1753617250628,11:54:10.628,mexc,AAVE/USDT:USDT,295.8,7551,295.79,50064,295.83,24918,295.84,31879
1753617250924,11:54:10.924,mexc,AAVE/USDT:USDT,295.8,7551,295.79,50064,295.83,24047,295.84,31879
1753617251426,11:54:11.426,mexc,AAVE/USDT:USDT,295.8,7551,295.79,50064,295.83,24047,295.84,31879
1753617251426,11:54:11.426,mexc,AAVE/USDT:USDT,295.8,7551,295.79,51199,295.83,24047,295.84,31879
1753617251829,11:54:11.829,mexc,AAVE/USDT:USDT,295.8,7551,295.79,51199,295.83,24047,295.84,31879
1753617251829,11:54:11.829,mexc,AAVE/USDT:USDT,295.8,7551,295.79,50064,295.83,24047,295.84,31879
1753617252389,11:54:12.389,mexc,AAVE/USDT:USDT,295.8,7551,295.79,50064,295.83,23967,295.84,31879
1753617252427,11:54:12.427,mexc,AAVE/USDT:USDT,295.8,7551,295.79,50064,295.83,23967,295.84,47434
1753617252625,11:54:12.625,mexc,AAVE/USDT:USDT,295.8,7551,295.79,60049,295.83,23967,295.84,47434
1753617252830,11:54:12.830,mexc,AAVE/USDT:USDT,295.8,7551,295.79,60049,295.83,23967,295.84,31879
1753617253231,11:54:13.231,mexc,AAVE/USDT:USDT,295.8,7551,295.79,72010,295.83,23967,295.84,31879
1753617253246,11:54:13.246,mexc,AAVE/USDT:USDT,295.79,21946,295.78,20167,295.8,11477,295.81,4690
1753617253628,11:54:13.628,mexc,AAVE/USDT:USDT,295.79,21946,295.78,20167,295.8,11477,295.81,4690
1753617253825,11:54:13.825,mexc,AAVE/USDT:USDT,295.79,21946,295.78,29561,295.8,11477,295.81,6100
1753617254033,11:54:14.033,mexc,AAVE/USDT:USDT,295.79,21946,295.78,29561,295.8,11477,295.81,6100
1753617254230,11:54:14.230,mexc,AAVE/USDT:USDT,295.79,21946,295.78,20167,295.8,11477,295.81,4690
1753617254829,11:54:14.829,mexc,AAVE/USDT:USDT,295.79,21946,295.78,20167,295.8,11477,295.81,4690
1753617255025,11:54:15.025,mexc,AAVE/USDT:USDT,295.79,21946,295.78,20167,295.8,11477,295.81,6982
1753617255232,11:54:15.232,mexc,AAVE/USDT:USDT,295.79,21946,295.78,20167,295.8,11477,295.81,6982
1753617255428,11:54:15.428,mexc,AAVE/USDT:USDT,295.79,21946,295.78,20167,295.8,11477,295.81,4690
1753617256022,11:54:16.022,mexc,AAVE/USDT:USDT,295.79,21946,295.78,20167,295.8,11477,295.81,4690
1753617256033,11:54:16.033,mexc,AAVE/USDT:USDT,295.79,21946,295.78,20167,295.8,11477,295.81,4690
1753617256226,11:54:16.226,mexc,AAVE/USDT:USDT,295.79,21946,295.78,24868,295.8,11477,295.81,4690
1753617256630,11:54:16.630,mexc,AAVE/USDT:USDT,295.79,21946,295.78,20167,295.8,11477,295.81,4690
1753617256630,11:54:16.630,mexc,AAVE/USDT:USDT,295.79,21946,295.78,20167,295.8,11477,295.81,4690
1753617257229,11:54:17.229,mexc,AAVE/USDT:USDT,295.79,21946,295.78,20167,295.8,11477,295.81,4690
1753617257425,11:54:17.425,mexc,AAVE/USDT:USDT,295.79,21946,295.78,20167,295.8,11477,295.81,4690
1753617257632,11:54:17.632,mexc,AAVE/USDT:USDT,295.79,21946,295.78,20167,295.8,11477,295.81,4690
1753617257829,11:54:17.829,mexc,AAVE/USDT:USDT,295.79,21946,295.78,20167,295.8,11477,295.81,4690
1753617258436,11:54:18.436,mexc,AAVE/USDT:USDT,295.79,21946,295.78,20167,295.8,11477,295.81,6019
1753617258626,11:54:18.626,mexc,AAVE/USDT:USDT,295.79,21946,295.78,24017,295.8,11477,295.81,7160
1753617258843,11:54:18.843,mexc,AAVE/USDT:USDT,295.79,21946,295.78,24017,295.8,11477,295.81,5831
1753617259029,11:54:19.029,mexc,AAVE/USDT:USDT,295.79,21946,295.78,20167,295.8,11477,295.81,4690
1753617259245,11:54:19.245,mexc,AAVE/USDT:USDT,295.79,33697,295.78,41548,295.8,3428,295.81,2055
1753617259245,11:54:19.245,mexc,AAVE/USDT:USDT,295.79,11751,295.78,21381,295.8,3428,295.81,2055
1753617259825,11:54:19.825,mexc,AAVE/USDT:USDT,295.79,11751,295.78,21381,295.8,3428,295.81,2055
1753617259825,11:54:19.825,mexc,AAVE/USDT:USDT,295.79,11751,295.78,21381,295.8,3428,295.81,2055
1753617260229,11:54:20.229,mexc,AAVE/USDT:USDT,295.79,11751,295.78,21381,295.8,3428,295.81,2055
1753617260229,11:54:20.229,mexc,AAVE/USDT:USDT,295.79,11751,295.78,21381,295.8,3428,295.81,2055
1753617260837,11:54:20.837,mexc,AAVE/USDT:USDT,295.79,11751,295.78,21381,295.8,3428,295.81,2055
1753617261027,11:54:21.027,mexc,AAVE/USDT:USDT,295.79,11751,295.78,21381,295.8,3428,295.81,2055
1753617261244,11:54:21.244,mexc,AAVE/USDT:USDT,295.79,11751,295.78,21381,295.8,3428,295.81,2055
1753617261431,11:54:21.431,mexc,AAVE/USDT:USDT,295.79,11751,295.78,21381,295.8,3428,295.81,2055
1753617262024,11:54:22.024,mexc,AAVE/USDT:USDT,295.79,11751,295.78,21381,295.8,3428,295.81,2055
1753617262037,11:54:22.037,mexc,AAVE/USDT:USDT,295.79,11751,295.78,21381,295.8,3428,295.81,2055
1753617262227,11:54:22.227,mexc,AAVE/USDT:USDT,295.79,11751,295.78,21381,295.8,3428,295.81,2055
1753617262450,11:54:22.450,mexc,AAVE/USDT:USDT,295.79,11751,295.78,21381,295.8,3428,295.81,2055
1753617262630,11:54:22.630,mexc,AAVE/USDT:USDT,295.79,11751,295.78,21381,295.8,3428,295.81,2055
1753617263239,11:54:23.239,mexc,AAVE/USDT:USDT,295.79,11751,295.78,21381,295.8,3428,295.81,2881
1753617263427,11:54:23.427,mexc,AAVE/USDT:USDT,295.79,11751,295.78,21381,295.8,3428,295.81,3897
1753617263830,11:54:23.830,mexc,AAVE/USDT:USDT,295.79,11751,295.78,21381,295.8,3428,295.81,2055
1753617263830,11:54:23.830,mexc,AAVE/USDT:USDT,295.79,11751,295.78,21381,295.8,3428,295.81,2055
1753617264438,11:54:24.438,mexc,AAVE/USDT:USDT,295.79,11751,295.78,21381,295.8,3428,295.81,3081
1753617264627,11:54:24.627,mexc,AAVE/USDT:USDT,295.79,11751,295.78,21381,295.8,3428,295.81,3081
1753617264843,11:54:24.843,mexc,AAVE/USDT:USDT,295.79,11751,295.78,21381,295.8,3428,295.81,2055
1753617265031,11:54:25.031,mexc,AAVE/USDT:USDT,295.79,11751,295.78,21381,295.8,3428,295.81,2055
1753617265247,11:54:25.247,mexc,AAVE/USDT:USDT,295.79,27762,295.78,35554,295.8,19603,295.81,17310
1753617265248,11:54:25.248,mexc,AAVE/USDT:USDT,295.79,16011,295.78,14173,295.8,19603,295.81,17310
1753617265827,11:54:25.827,mexc,AAVE/USDT:USDT,295.79,16011,295.78,14173,295.8,19603,295.81,17310
1753617265827,11:54:25.827,mexc,AAVE/USDT:USDT,295.79,16011,295.78,14173,295.8,19603,295.81,17310
1753617266231,11:54:26.231,mexc,AAVE/USDT:USDT,295.79,16011,295.78,14173,295.8,19603,295.81,17310
1753617266231,11:54:26.231,mexc,AAVE/USDT:USDT,295.79,16011,295.78,14173,295.8,19603,295.81,17310
1753617266837,11:54:26.837,mexc,AAVE/USDT:USDT,295.79,16011,295.78,14173,295.8,19603,295.81,17310
1753617267029,11:54:27.029,mexc,AAVE/USDT:USDT,295.79,16011,295.78,14173,295.8,19603,295.81,17310
1753617267241,11:54:27.241,mexc,AAVE/USDT:USDT,295.79,16011,295.78,14173,295.8,19603,295.81,17310
1753617267432,11:54:27.432,mexc,AAVE/USDT:USDT,295.79,16011,295.78,14173,295.8,19603,295.81,17310
1753617268030,11:54:28.030,mexc,AAVE/USDT:USDT,295.79,16011,295.78,14173,295.8,19603,295.81,17310
1753617268229,11:54:28.229,mexc,AAVE/USDT:USDT,295.79,16011,295.78,14173,295.8,19603,295.81,17310
1753617268441,11:54:28.441,mexc,AAVE/USDT:USDT,295.79,16011,295.78,14173,295.8,19603,295.81,17310
1753617268632,11:54:28.632,mexc,AAVE/USDT:USDT,295.79,16011,295.78,14173,295.8,19603,295.81,17310
1753617269241,11:54:29.241,mexc,AAVE/USDT:USDT,295.79,16011,295.78,14173,295.8,19603,295.81,17310
1753617269429,11:54:29.429,mexc,AAVE/USDT:USDT,295.79,16011,295.78,19804,295.8,19603,295.81,25148
1753617269643,11:54:29.643,mexc,AAVE/USDT:USDT,295.79,16011,295.78,19804,295.8,19603,295.81,25148
1753617269832,11:54:29.832,mexc,AAVE/USDT:USDT,295.79,16011,295.78,14173,295.8,19603,295.81,17310
1753617270439,11:54:30.439,mexc,AAVE/USDT:USDT,295.79,16011,295.78,14173,295.8,19603,295.81,17310
1753617270629,11:54:30.629,mexc,AAVE/USDT:USDT,295.79,16011,295.78,14173,295.8,19603,295.81,17310
1753617270844,11:54:30.844,mexc,AAVE/USDT:USDT,295.79,16011,295.78,14173,295.8,19603,295.81,17310
1753617271034,11:54:31.034,mexc,AAVE/USDT:USDT,295.79,16011,295.78,14173,295.8,19603,295.81,17310
1753617271243,11:54:31.243,mexc,AAVE/USDT:USDT,295.79,33782,295.78,14173,295.8,18143,295.81,13087
1753617271247,11:54:31.247,mexc,AAVE/USDT:USDT,295.79,17771,295.78,21307,295.8,18143,295.81,13087
1753617271829,11:54:31.829,mexc,AAVE/USDT:USDT,295.79,17771,295.78,24612,295.8,18143,295.81,13087
1753617271829,11:54:31.829,mexc,AAVE/USDT:USDT,295.79,17771,295.78,24612,295.8,18143,295.81,13087
1753617272236,11:54:32.236,mexc,AAVE/USDT:USDT,295.79,17771,295.78,21307,295.8,18143,295.81,13087
1753617272237,11:54:32.237,mexc,AAVE/USDT:USDT,295.79,17771,295.78,21307,295.8,18143,295.81,13087
1753617272840,11:54:32.840,mexc,AAVE/USDT:USDT,295.79,17771,295.78,21307,295.8,18143,295.81,13087
1753617273030,11:54:33.030,mexc,AAVE/USDT:USDT,295.79,17771,295.78,21307,295.8,18143,295.81,13087
1753617273243,11:54:33.243,mexc,AAVE/USDT:USDT,295.79,17771,295.78,21307,295.8,18143,295.81,13087
1753617273434,11:54:33.434,mexc,AAVE/USDT:USDT,295.79,17771,295.78,21307,295.8,18143,295.81,13087
1753617274039,11:54:34.039,mexc,AAVE/USDT:USDT,295.79,17771,295.78,21307,295.8,18143,295.81,15902
1753617274230,11:54:34.230,mexc,AAVE/USDT:USDT,295.79,17771,295.78,21307,295.8,18143,295.81,15902
1753617274443,11:54:34.443,mexc,AAVE/USDT:USDT,295.79,17771,295.78,21307,295.8,18143,295.81,13087
1753617274635,11:54:34.635,mexc,AAVE/USDT:USDT,295.79,17771,295.78,21307,295.8,18143,295.81,13087
1753617275240,11:54:35.240,mexc,AAVE/USDT:USDT,295.79,17771,295.78,21307,295.8,18143,295.81,13087
1753617275431,11:54:35.431,mexc,AAVE/USDT:USDT,295.79,17771,295.78,27512,295.8,18143,295.81,17667
1753617275643,11:54:35.643,mexc,AAVE/USDT:USDT,295.79,17771,295.78,27512,295.8,18143,295.81,17667
1753617275834,11:54:35.834,mexc,AAVE/USDT:USDT,295.79,17771,295.78,21307,295.8,18143,295.81,13087
1753617276439,11:54:36.439,mexc,AAVE/USDT:USDT,295.79,17771,295.78,21307,295.8,18143,295.81,13087
1753617276631,11:54:36.631,mexc,AAVE/USDT:USDT,295.79,17771,295.78,28428,295.8,18143,295.81,14629
1753617276844,11:54:36.844,mexc,AAVE/USDT:USDT,295.79,17771,295.78,28428,295.8,18143,295.81,14629
1753617277033,11:54:37.033,mexc,AAVE/USDT:USDT,295.79,17771,295.78,21307,295.8,18143,295.81,13087
1753617277246,11:54:37.246,mexc,AAVE/USDT:USDT,295.79,35551,295.78,21307,295.8,14284,295.81,13874
1753617277250,11:54:37.250,mexc,AAVE/USDT:USDT,295.79,17780,295.78,13456,295.8,14284,295.81,13874
1753617277831,11:54:37.831,mexc,AAVE/USDT:USDT,295.79,17780,295.78,17951,295.8,14284,295.81,13874
1753617277831,11:54:37.831,mexc,AAVE/USDT:USDT,295.79,17780,295.78,20758,295.8,14284,295.81,13874
1753617278234,11:54:38.234,mexc,AAVE/USDT:USDT,295.79,17780,295.78,13456,295.8,14284,295.81,13874
1753617278840,11:54:38.840,mexc,AAVE/USDT:USDT,295.79,17780,295.78,13456,295.8,14284,295.81,13874
1753617279031,11:54:39.031,mexc,AAVE/USDT:USDT,295.79,17780,295.78,13456,295.8,14284,295.81,13874
1753617279243,11:54:39.243,mexc,AAVE/USDT:USDT,295.79,17780,295.78,13456,295.8,14284,295.81,13874
1753617279434,11:54:39.434,mexc,AAVE/USDT:USDT,295.79,17780,295.78,13456,295.8,14284,295.81,13874
1753617280039,11:54:40.039,mexc,AAVE/USDT:USDT,295.79,17780,295.78,13456,295.8,14284,295.81,13874
1753617280231,11:54:40.231,mexc,AAVE/USDT:USDT,295.79,17780,295.78,13456,295.8,14284,295.81,13874
1753617280444,11:54:40.444,mexc,AAVE/USDT:USDT,295.79,17780,295.78,13456,295.8,14284,295.81,13874
1753617280636,11:54:40.636,mexc,AAVE/USDT:USDT,295.79,17780,295.78,13456,295.8,14284,295.81,13874
1753617281240,11:54:41.240,mexc,AAVE/USDT:USDT,295.79,17780,295.78,13456,295.8,14284,295.81,13874
1753617281433,11:54:41.433,mexc,AAVE/USDT:USDT,295.79,17780,295.78,13456,295.8,14284,295.81,13874
1753617281643,11:54:41.643,mexc,AAVE/USDT:USDT,295.79,17780,295.78,13456,295.8,14284,295.81,13874
1753617281836,11:54:41.836,mexc,AAVE/USDT:USDT,295.79,17780,295.78,13456,295.8,14284,295.81,13874
1753617282441,11:54:42.441,mexc,AAVE/USDT:USDT,295.79,17780,295.78,13456,295.8,14284,295.81,13874
1753617282634,11:54:42.634,mexc,AAVE/USDT:USDT,295.79,17780,295.78,15138,295.8,14284,295.81,13874
1753617282843,11:54:42.843,mexc,AAVE/USDT:USDT,295.79,17780,295.78,15138,295.8,14284,295.81,13874
1753617283036,11:54:43.036,mexc,AAVE/USDT:USDT,295.79,17780,295.78,13456,295.8,14284,295.81,13874
1753617283248,11:54:43.248,mexc,AAVE/USDT:USDT,295.79,17780,295.78,13456,295.8,14284,295.81,13874
1753617283436,11:54:43.436,mexc,AAVE/USDT:USDT,295.78,6518,295.77,1099,295.79,28223,295.8,35901
1753617283832,11:54:43.832,mexc,AAVE/USDT:USDT,295.78,6518,295.77,1099,295.79,28223,295.8,35901
1753617283832,11:54:43.832,mexc,AAVE/USDT:USDT,295.78,6518,295.77,1099,295.79,28223,295.8,35901
1753617284236,11:54:44.236,mexc,AAVE/USDT:USDT,295.78,6518,295.77,1099,295.79,28223,295.8,35901
1753617284236,11:54:44.236,mexc,AAVE/USDT:USDT,295.78,6518,295.77,1099,295.79,28223,295.8,35901
1753617284656,11:54:44.656,mexc,AAVE/USDT:USDT,295.78,6518,295.77,1099,295.79,28223,295.8,35901
1753617284840,11:54:44.840,mexc,AAVE/USDT:USDT,295.78,6518,295.77,1099,295.79,28223,295.8,35901
1753617285032,11:54:45.032,mexc,AAVE/USDT:USDT,295.78,6518,295.77,1099,295.79,28223,295.8,35901
1753617285436,11:54:45.436,mexc,AAVE/USDT:USDT,295.78,6518,295.77,1099,295.79,28223,295.8,35901
1753617285436,11:54:45.436,mexc,AAVE/USDT:USDT,295.78,6518,295.77,1099,295.79,28223,295.8,35901
1753617286041,11:54:46.041,mexc,AAVE/USDT:USDT,295.78,6518,295.77,1099,295.79,28223,295.8,35901
1753617286233,11:54:46.233,mexc,AAVE/USDT:USDT,295.78,6518,295.77,1866,295.79,28223,295.8,53820
1753617286444,11:54:46.444,mexc,AAVE/USDT:USDT,295.78,6518,295.77,1866,295.79,28223,295.8,53820
1753617286637,11:54:46.637,mexc,AAVE/USDT:USDT,295.78,6518,295.77,1099,295.79,28223,295.8,35901
1753617286734,11:54:46.734,mexc,AAVE/USDT:USDT,295.78,6518,295.77,1099,295.79,25730,295.8,35901
1753617287241,11:54:47.241,mexc,AAVE/USDT:USDT,295.78,6518,295.77,1099,295.79,25730,295.8,35901
1753617287434,11:54:47.434,mexc,AAVE/USDT:USDT,295.78,6518,295.77,1448,295.79,25730,295.8,39946
1753617287646,11:54:47.646,mexc,AAVE/USDT:USDT,295.78,6518,295.77,1448,295.79,25730,295.8,39946
1753617287837,11:54:47.837,mexc,AAVE/USDT:USDT,295.78,6518,295.77,1099,295.79,25730,295.8,35901
1753617288441,11:54:48.441,mexc,AAVE/USDT:USDT,295.78,6518,295.77,1099,295.79,25730,295.8,35901
1753617288636,11:54:48.636,mexc,AAVE/USDT:USDT,295.78,6518,295.77,1099,295.79,25730,295.8,51326
1753617288845,11:54:48.845,mexc,AAVE/USDT:USDT,295.78,6518,295.77,1099,295.79,25730,295.8,51326
1753617289038,11:54:49.038,mexc,AAVE/USDT:USDT,295.78,6518,295.77,1099,295.79,25730,295.8,35901
1753617289244,11:54:49.244,mexc,AAVE/USDT:USDT,295.78,6518,295.77,1099,295.79,26367,295.8,54031
1753617289254,11:54:49.254,mexc,AAVE/USDT:USDT,295.78,9812,295.77,6919,295.79,26367,295.8,18130
1753617289642,11:54:49.642,mexc,AAVE/USDT:USDT,295.78,9812,295.77,6919,295.79,26367,295.8,18130
1753617289835,11:54:49.835,mexc,AAVE/USDT:USDT,295.78,9812,295.77,6919,295.79,26367,295.8,18130
1753617290045,11:54:50.045,mexc,AAVE/USDT:USDT,295.78,9812,295.77,6919,295.79,26367,295.8,18130
1753617290239,11:54:50.239,mexc,AAVE/USDT:USDT,295.78,9812,295.77,6919,295.79,26367,295.8,18130
1753617290843,11:54:50.843,mexc,AAVE/USDT:USDT,295.78,9812,295.77,6919,295.79,26367,295.8,26242
1753617290843,11:54:50.843,mexc,AAVE/USDT:USDT,295.78,9812,295.77,6919,295.79,26367,295.8,26242
1753617291244,11:54:51.244,mexc,AAVE/USDT:USDT,295.78,9812,295.77,6919,295.79,26367,295.8,18130
1753617291244,11:54:51.244,mexc,AAVE/USDT:USDT,295.78,9812,295.77,6919,295.79,26367,295.8,18130
1753617291517,11:54:51.517,mexc,AAVE/USDT:USDT,295.78,9812,295.77,6919,295.79,26367,295.8,18130
1753617292042,11:54:52.042,mexc,AAVE/USDT:USDT,295.78,9812,295.77,6919,295.79,26367,295.8,18130
1753617292135,11:54:52.135,mexc,AAVE/USDT:USDT,295.78,9812,295.77,6919,295.79,26367,295.8,18130
1753617292445,11:54:52.445,mexc,AAVE/USDT:USDT,295.78,9812,295.77,8835,295.79,26367,295.8,18130
1753617292468,11:54:52.468,mexc,AAVE/USDT:USDT,295.78,9812,295.77,8835,295.79,26367,295.8,18130
1753617292717,11:54:52.717,mexc,AAVE/USDT:USDT,295.78,9812,295.77,6919,295.79,26367,295.8,18130
1753617293243,11:54:53.243,mexc,AAVE/USDT:USDT,295.78,9812,295.77,6919,295.79,26367,295.8,18130
1753617293243,11:54:53.243,mexc,AAVE/USDT:USDT,295.78,9812,295.77,6919,295.79,26367,295.8,18130
1753617293646,11:54:53.646,mexc,AAVE/USDT:USDT,295.78,9812,295.77,6919,295.79,26367,295.8,18130
1753617293646,11:54:53.646,mexc,AAVE/USDT:USDT,295.78,9812,295.77,6919,295.79,26367,295.8,18130
1753617293920,11:54:53.920,mexc,AAVE/USDT:USDT,295.78,9812,295.77,6919,295.79,26367,295.8,18130
1753617294443,11:54:54.443,mexc,AAVE/USDT:USDT,295.78,9812,295.77,6919,295.79,26367,295.8,21484
1753617294443,11:54:54.443,mexc,AAVE/USDT:USDT,295.78,9812,295.77,6919,295.79,26367,295.8,21484
1753617294846,11:54:54.846,mexc,AAVE/USDT:USDT,295.78,9812,295.77,6919,295.79,26367,295.8,18130
1753617294846,11:54:54.846,mexc,AAVE/USDT:USDT,295.78,9812,295.77,6919,295.79,26367,295.8,18130
1753617295246,11:54:55.246,mexc,AAVE/USDT:USDT,295.78,9812,295.77,6919,295.79,51885,295.8,51590
1753617295255,11:54:55.255,mexc,AAVE/USDT:USDT,295.78,1177,295.77,770,295.79,25518,295.8,33460
1753617295642,11:54:55.642,mexc,AAVE/USDT:USDT,295.78,1177,295.77,770,295.79,25518,295.8,33460
1753617296046,11:54:56.046,mexc,AAVE/USDT:USDT,295.78,1177,295.77,897,295.79,25518,295.8,33460
1753617296046,11:54:56.046,mexc,AAVE/USDT:USDT,295.78,1177,295.77,897,295.79,25518,295.8,33460
1753617296319,11:54:56.319,mexc,AAVE/USDT:USDT,295.78,1177,295.77,770,295.79,25518,295.8,33460
1753617296842,11:54:56.842,mexc,AAVE/USDT:USDT,295.78,1177,295.77,770,295.79,25518,295.8,33460
1753617296842,11:54:56.842,mexc,AAVE/USDT:USDT,295.78,1177,295.77,770,295.79,25518,295.8,33460
1753617297246,11:54:57.246,mexc,AAVE/USDT:USDT,295.78,1177,295.77,1054,295.79,25518,295.8,33460
1753617297246,11:54:57.246,mexc,AAVE/USDT:USDT,295.78,1177,295.77,1054,295.79,25518,295.8,33460
1753617297517,11:54:57.517,mexc,AAVE/USDT:USDT,295.78,1177,295.77,770,295.79,25518,295.8,33460
1753617298043,11:54:58.043,mexc,AAVE/USDT:USDT,295.78,1177,295.77,770,295.79,25518,295.8,33460
1753617298141,11:54:58.141,mexc,AAVE/USDT:USDT,295.78,1177,295.77,770,295.79,25518,295.8,33460
1753617298448,11:54:58.448,mexc,AAVE/USDT:USDT,295.78,1177,295.77,770,295.79,25518,295.8,33460
1753617298472,11:54:58.472,mexc,AAVE/USDT:USDT,295.78,1177,295.77,770,295.79,25518,295.8,33460
1753617298718,11:54:58.718,mexc,AAVE/USDT:USDT,295.78,1177,295.77,770,295.79,25518,295.8,33460
1753617299242,11:54:59.242,mexc,AAVE/USDT:USDT,295.78,1177,295.77,770,295.79,25518,295.8,33460
1753617299242,11:54:59.242,mexc,AAVE/USDT:USDT,295.78,1177,295.77,770,295.79,25518,295.8,33460
1753617299646,11:54:59.646,mexc,AAVE/USDT:USDT,295.78,1177,295.77,770,295.79,25518,295.8,33460
1753617299646,11:54:59.646,mexc,AAVE/USDT:USDT,295.78,1177,295.77,770,295.79,25518,295.8,33460
1753617299920,11:54:59.920,mexc,AAVE/USDT:USDT,295.78,1177,295.77,770,295.79,25518,295.8,33460
1753617300445,11:55:00.445,mexc,AAVE/USDT:USDT,295.78,1177,295.77,770,295.79,25518,295.8,33460
1753617300445,11:55:00.445,mexc,AAVE/USDT:USDT,295.78,1177,295.77,770,295.79,25518,295.8,33460
1753617300847,11:55:00.847,mexc,AAVE/USDT:USDT,295.78,1177,295.77,1078,295.79,25518,295.8,33460
1753617300847,11:55:00.847,mexc,AAVE/USDT:USDT,295.78,1177,295.77,1078,295.79,25518,295.8,33460
1753617301247,11:55:01.247,mexc,AAVE/USDT:USDT,295.78,1177,295.77,15393,295.79,25518,295.8,33460
1753617301256,11:55:01.256,mexc,AAVE/USDT:USDT,295.77,14623,295.76,7057,295.78,21798,295.79,19863
1753617301645,11:55:01.645,mexc,AAVE/USDT:USDT,295.77,14623,295.76,7057,295.78,21798,295.79,28390
1753617302048,11:55:02.048,mexc,AAVE/USDT:USDT,295.77,14623,295.76,10049,295.78,21798,295.79,28390
1753617302048,11:55:02.048,mexc,AAVE/USDT:USDT,295.77,14623,295.76,10049,295.78,21798,295.79,19863
1753617302320,11:55:02.320,mexc,AAVE/USDT:USDT,295.77,14623,295.76,7057,295.78,21798,295.79,19863
1753617302844,11:55:02.844,mexc,AAVE/USDT:USDT,295.77,14623,295.76,7057,295.78,21798,295.79,19863
1753617302844,11:55:02.844,mexc,AAVE/USDT:USDT,295.77,14623,295.76,7057,295.78,21798,295.79,19863
1753617303250,11:55:03.250,mexc,AAVE/USDT:USDT,295.77,14623,295.76,7057,295.78,21768,295.79,19863
1753617303250,11:55:03.250,mexc,AAVE/USDT:USDT,295.77,14623,295.76,7057,295.78,21768,295.79,19863
1753617303520,11:55:03.520,mexc,AAVE/USDT:USDT,295.77,14623,295.76,7057,295.78,21768,295.79,19863
1753617304046,11:55:04.046,mexc,AAVE/USDT:USDT,295.77,14623,295.76,7057,295.78,21768,295.79,19863
1753617304144,11:55:04.144,mexc,AAVE/USDT:USDT,295.77,14623,295.76,7057,295.78,21768,295.79,19863
1753617304450,11:55:04.450,mexc,AAVE/USDT:USDT,295.77,14623,295.76,9463,295.78,21768,295.79,19863
1753617304475,11:55:04.475,mexc,AAVE/USDT:USDT,295.77,14623,295.76,9463,295.78,21768,295.79,19863
1753617304722,11:55:04.722,mexc,AAVE/USDT:USDT,295.77,14623,295.76,7057,295.78,21768,295.79,19863
1753617305117,11:55:05.117,mexc,AAVE/USDT:USDT,295.71,43418,295.7,12891,295.72,43431,295.73,42552
1753617305247,11:55:05.247,mexc,AAVE/USDT:USDT,295.71,43418,295.7,12891,295.72,43431,295.73,52452
1753617305651,11:55:05.651,mexc,AAVE/USDT:USDT,295.71,43418,295.7,12891,295.72,43431,295.73,52452
1753617305651,11:55:05.651,mexc,AAVE/USDT:USDT,295.71,43418,295.7,12891,295.72,43431,295.73,42552
1753617305920,11:55:05.920,mexc,AAVE/USDT:USDT,295.71,43418,295.7,12891,295.72,43431,295.73,42552
1753617306446,11:55:06.446,mexc,AAVE/USDT:USDT,295.71,43418,295.7,12891,295.72,43431,295.73,60740
1753617306446,11:55:06.446,mexc,AAVE/USDT:USDT,295.71,43418,295.7,12891,295.72,43431,295.73,66017
1753617306849,11:55:06.849,mexc,AAVE/USDT:USDT,295.71,43418,295.7,14042,295.72,43431,295.73,47829
1753617306849,11:55:06.849,mexc,AAVE/USDT:USDT,295.71,43418,295.7,14042,295.72,43431,295.73,42552
1753617307121,11:55:07.121,mexc,AAVE/USDT:USDT,295.71,43418,295.7,12891,295.72,43431,295.73,42552
1753617307647,11:55:07.647,mexc,AAVE/USDT:USDT,295.71,43418,295.7,12891,295.72,43431,295.73,42552
1753617307647,11:55:07.647,mexc,AAVE/USDT:USDT,295.71,43418,295.7,12891,295.72,43431,295.73,42552
1753617308050,11:55:08.050,mexc,AAVE/USDT:USDT,295.71,43418,295.7,14245,295.72,43431,295.73,42552
1753617308050,11:55:08.050,mexc,AAVE/USDT:USDT,295.71,43418,295.7,14245,295.72,43431,295.73,42552
1753617308321,11:55:08.321,mexc,AAVE/USDT:USDT,295.71,43418,295.7,12891,295.72,43431,295.73,42552
1753617308621,11:55:08.621,mexc,AAVE/USDT:USDT,295.71,43418,295.7,12891,295.72,43161,295.73,42552
1753617308847,11:55:08.847,mexc,AAVE/USDT:USDT,295.71,43418,295.7,12891,295.72,43161,295.73,42552
1753617309252,11:55:09.252,mexc,AAVE/USDT:USDT,295.71,43418,295.7,14431,295.72,43161,295.73,42552
1753617309252,11:55:09.252,mexc,AAVE/USDT:USDT,295.71,43418,295.7,14431,295.72,43161,295.73,42552
1753617309520,11:55:09.520,mexc,AAVE/USDT:USDT,295.71,43418,295.7,12891,295.72,43161,295.73,42552
1753617310050,11:55:10.050,mexc,AAVE/USDT:USDT,295.71,43418,295.7,12891,295.72,43161,295.73,42552
1753617310248,11:55:10.248,mexc,AAVE/USDT:USDT,295.71,43418,295.7,12891,295.73,11688,295.74,8015
1753617310318,11:55:10.318,mexc,AAVE/USDT:USDT,295.72,29858,295.71,11659,295.73,11688,295.74,8015
1753617310476,11:55:10.476,mexc,AAVE/USDT:USDT,295.72,29858,295.71,11659,295.73,11688,295.74,8015
1753617310723,11:55:10.723,mexc,AAVE/USDT:USDT,295.72,29858,295.71,11659,295.73,11688,295.74,8015
1753617311247,11:55:11.247,mexc,AAVE/USDT:USDT,295.72,29858,295.71,11659,295.73,11688,295.74,8015
1753617311247,11:55:11.247,mexc,AAVE/USDT:USDT,295.72,29858,295.71,11659,295.73,11688,295.74,10849
1753617311651,11:55:11.651,mexc,AAVE/USDT:USDT,295.72,29858,295.71,11659,295.73,11688,295.74,10849
1753617311651,11:55:11.651,mexc,AAVE/USDT:USDT,295.72,29858,295.71,11659,295.73,11688,295.74,8015
1753617311921,11:55:11.921,mexc,AAVE/USDT:USDT,295.72,29858,295.71,11659,295.73,11688,295.74,8015
1753617312447,11:55:12.447,mexc,AAVE/USDT:USDT,295.72,29858,295.71,11659,295.73,11688,295.74,8015
1753617312447,11:55:12.447,mexc,AAVE/USDT:USDT,295.72,29858,295.71,11659,295.73,11688,295.74,8015
1753617312850,11:55:12.850,mexc,AAVE/USDT:USDT,295.72,29858,295.71,18530,295.73,11688,295.74,8015
1753617312850,11:55:12.850,mexc,AAVE/USDT:USDT,295.72,29858,295.71,18530,295.73,11688,295.74,8015
1753617313123,11:55:13.123,mexc,AAVE/USDT:USDT,295.72,29858,295.71,11659,295.73,11688,295.74,8015
1753617313647,11:55:13.647,mexc,AAVE/USDT:USDT,295.72,29858,295.71,11659,295.73,11688,295.74,8015
1753617313647,11:55:13.647,mexc,AAVE/USDT:USDT,295.72,29858,295.71,11659,295.73,11688,295.74,8015
1753617314051,11:55:14.051,mexc,AAVE/USDT:USDT,295.72,29858,295.71,16436,295.73,11688,295.74,8015
1753617314051,11:55:14.051,mexc,AAVE/USDT:USDT,295.72,29858,295.71,16436,295.73,11688,295.74,8015
1753617314323,11:55:14.323,mexc,AAVE/USDT:USDT,295.72,29858,295.71,11659,295.73,11688,295.74,8015
1753617314848,11:55:14.848,mexc,AAVE/USDT:USDT,295.72,29858,295.71,11659,295.73,11688,295.74,8015
1753617314848,11:55:14.848,mexc,AAVE/USDT:USDT,295.72,29858,295.71,11659,295.73,11688,295.74,8015
1753617315251,11:55:15.251,mexc,AAVE/USDT:USDT,295.72,29858,295.71,11659,295.73,11688,295.74,8015
1753617315251,11:55:15.251,mexc,AAVE/USDT:USDT,295.72,29858,295.71,11659,295.73,11688,295.74,8015
1753617315522,11:55:15.522,mexc,AAVE/USDT:USDT,295.72,29858,295.71,11659,295.73,11688,295.74,8015
1753617316049,11:55:16.049,mexc,AAVE/USDT:USDT,295.72,29858,295.71,11659,295.73,11688,295.74,8015
1753617316237,11:55:16.237,mexc,AAVE/USDT:USDT,295.66,16774,295.65,8139,295.67,64497,295.68,26120
1753617316466,11:55:16.466,mexc,AAVE/USDT:USDT,295.66,16774,295.65,8139,295.67,64497,295.68,26120
1753617316482,11:55:16.482,mexc,AAVE/USDT:USDT,295.66,16774,295.65,8139,295.67,64497,295.68,26120
1753617316724,11:55:16.724,mexc,AAVE/USDT:USDT,295.66,16774,295.65,8139,295.67,64497,295.68,26120
1753617317247,11:55:17.247,mexc,AAVE/USDT:USDT,295.66,16774,295.65,8139,295.67,64497,295.68,26120
1753617317247,11:55:17.247,mexc,AAVE/USDT:USDT,295.66,16774,295.65,8139,295.67,64497,295.68,26120
1753617317653,11:55:17.653,mexc,AAVE/USDT:USDT,295.66,16774,295.65,8592,295.67,64497,295.68,26120
1753617317653,11:55:17.653,mexc,AAVE/USDT:USDT,295.66,16774,295.65,8592,295.67,64497,295.68,26120
1753617317922,11:55:17.922,mexc,AAVE/USDT:USDT,295.66,16774,295.65,8139,295.67,64497,295.68,26120
1753617318447,11:55:18.447,mexc,AAVE/USDT:USDT,295.66,16774,295.65,8139,295.67,64497,295.68,33477
1753617318447,11:55:18.447,mexc,AAVE/USDT:USDT,295.66,16774,295.65,8139,295.67,64497,295.68,33477
1753617318852,11:55:18.852,mexc,AAVE/USDT:USDT,295.66,16774,295.65,8329,295.67,64497,295.68,26120
1753617318852,11:55:18.852,mexc,AAVE/USDT:USDT,295.66,16774,295.65,8329,295.67,64497,295.68,26120
1753617319124,11:55:19.124,mexc,AAVE/USDT:USDT,295.66,16774,295.65,8139,295.67,64497,295.68,26120
1753617319393,11:55:19.393,mexc,AAVE/USDT:USDT,295.66,16774,295.65,8139,295.67,64497,295.68,26120
1753617319747,11:55:19.747,mexc,AAVE/USDT:USDT,295.6,68597,295.59,37664,295.61,31611,295.62,43828
1753617320020,11:55:20.020,mexc,AAVE/USDT:USDT,295.6,68597,295.59,37786,295.61,31611,295.62,43828
1753617320061,11:55:20.061,mexc,AAVE/USDT:USDT,295.54,27772,295.53,16938,295.55,45403,295.56,31521
1753617320849,11:55:20.849,mexc,AAVE/USDT:USDT,295.54,27772,295.53,16938,295.55,45403,295.56,31521
1753617320849,11:55:20.849,mexc,AAVE/USDT:USDT,295.54,27772,295.53,16938,295.55,45403,295.56,41750
1753617321251,11:55:21.251,mexc,AAVE/USDT:USDT,295.54,27772,295.53,16986,295.55,45403,295.56,41750
1753617321251,11:55:21.251,mexc,AAVE/USDT:USDT,295.54,27772,295.53,16986,295.55,45403,295.56,31521
1753617321523,11:55:21.523,mexc,AAVE/USDT:USDT,295.54,27772,295.53,16938,295.55,45403,295.56,31521
1753617321967,11:55:21.967,mexc,AAVE/USDT:USDT,295.54,26520,295.53,16938,295.55,45403,295.56,31521
1753617322160,11:55:22.160,mexc,AAVE/USDT:USDT,295.54,26520,295.53,16938,295.55,45403,295.56,31521
1753617322453,11:55:22.453,mexc,AAVE/USDT:USDT,295.54,26520,295.53,17068,295.55,45403,295.56,31521
1753617322482,11:55:22.482,mexc,AAVE/USDT:USDT,295.54,26520,295.53,17068,295.55,45403,295.56,31521
1753617322723,11:55:22.723,mexc,AAVE/USDT:USDT,295.54,26520,295.53,16938,295.55,45403,295.56,31521
1753617323249,11:55:23.249,mexc,AAVE/USDT:USDT,295.54,26520,295.53,16938,295.55,45403,295.56,31521
1753617323249,11:55:23.249,mexc,AAVE/USDT:USDT,295.54,26520,295.53,16938,295.55,45403,295.56,42941
1753617323653,11:55:23.653,mexc,AAVE/USDT:USDT,295.54,26520,295.53,16938,295.55,45403,295.56,42941
1753617323653,11:55:23.653,mexc,AAVE/USDT:USDT,295.54,26520,295.53,16938,295.55,45403,295.56,31521
1753617323925,11:55:23.925,mexc,AAVE/USDT:USDT,295.54,26520,295.53,16938,295.55,45403,295.56,31521
1753617324448,11:55:24.448,mexc,AAVE/USDT:USDT,295.54,26520,295.53,16938,295.55,45403,295.56,31521
1753617324448,11:55:24.448,mexc,AAVE/USDT:USDT,295.54,26520,295.53,16938,295.55,45403,295.56,31521
1753617324853,11:55:24.853,mexc,AAVE/USDT:USDT,295.54,26520,295.53,17044,295.55,45403,295.56,31521
1753617325045,11:55:25.045,mexc,AAVE/USDT:USDT,295.6,65537,295.59,30269,295.61,31611,295.62,43828
1753617325651,11:55:25.651,mexc,AAVE/USDT:USDT,295.6,65537,295.59,30269,295.61,31611,295.62,43917
1753617325780,11:55:25.780,mexc,AAVE/USDT:USDT,295.53,16938,295.52,34024,295.55,34872,295.56,34793
1753617325920,11:55:25.920,mexc,AAVE/USDT:USDT,295.53,16938,295.52,34024,295.55,34872,295.56,34793
1753617326325,11:55:26.325,mexc,AAVE/USDT:USDT,295.53,16938,295.52,34024,295.55,34872,295.56,34793
1753617326325,11:55:26.325,mexc,AAVE/USDT:USDT,295.53,16938,295.52,34024,295.55,34872,295.56,34793
1753617326850,11:55:26.850,mexc,AAVE/USDT:USDT,295.53,16938,295.52,34024,295.55,34872,295.56,34793
1753617326850,11:55:26.850,mexc,AAVE/USDT:USDT,295.53,16938,295.52,34024,295.55,34872,295.56,34793
1753617327253,11:55:27.253,mexc,AAVE/USDT:USDT,295.53,16938,295.52,34024,295.55,34872,295.56,34793
1753617327253,11:55:27.253,mexc,AAVE/USDT:USDT,295.53,16938,295.52,34024,295.55,34872,295.56,34793
1753617327524,11:55:27.524,mexc,AAVE/USDT:USDT,295.53,16938,295.52,34024,295.55,34872,295.56,34793
1753617328049,11:55:28.049,mexc,AAVE/USDT:USDT,295.53,16938,295.52,34024,295.55,34872,295.56,34793
1753617328165,11:55:28.165,mexc,AAVE/USDT:USDT,295.53,16938,295.52,34024,295.55,34872,295.56,45558
1753617328454,11:55:28.454,mexc,AAVE/USDT:USDT,295.53,16938,295.52,34024,295.55,34872,295.56,45558
1753617328487,11:55:28.487,mexc,AAVE/USDT:USDT,295.53,16938,295.52,34024,295.55,34872,295.56,34793
1753617328725,11:55:28.725,mexc,AAVE/USDT:USDT,295.53,16938,295.52,34024,295.55,34872,295.56,34793
1753617329250,11:55:29.250,mexc,AAVE/USDT:USDT,295.53,16938,295.52,34024,295.55,34872,295.56,34793
1753617329250,11:55:29.250,mexc,AAVE/USDT:USDT,295.53,16938,295.52,34024,295.55,34872,295.56,34793
1753617329654,11:55:29.654,mexc,AAVE/USDT:USDT,295.53,16938,295.52,34024,295.55,34872,295.56,34793
1753617329654,11:55:29.654,mexc,AAVE/USDT:USDT,295.53,16938,295.52,34024,295.55,34872,295.56,34793
1753617329925,11:55:29.925,mexc,AAVE/USDT:USDT,295.53,16938,295.52,34024,295.55,34872,295.56,34793
1753617330450,11:55:30.450,mexc,AAVE/USDT:USDT,295.53,16938,295.52,34024,295.55,34872,295.56,47011
1753617330450,11:55:30.450,mexc,AAVE/USDT:USDT,295.53,16938,295.52,34024,295.55,34872,295.56,47011
1753617330853,11:55:30.853,mexc,AAVE/USDT:USDT,295.53,16938,295.52,34024,295.55,34872,295.56,34793
1753617330853,11:55:30.853,mexc,AAVE/USDT:USDT,295.53,16938,295.52,34024,295.55,34872,295.56,34793
1753617331258,11:55:31.258,mexc,AAVE/USDT:USDT,295.49,110,295.48,5974,295.5,39866,295.55,34005
1753617331279,11:55:31.279,mexc,AAVE/USDT:USDT,295.49,110,295.48,5974,295.5,39866,295.51,31366
1753617331650,11:55:31.650,mexc,AAVE/USDT:USDT,295.49,110,295.48,5974,295.5,39866,295.51,31366
1753617332061,11:55:32.061,mexc,AAVE/USDT:USDT,295.49,110,295.48,5974,295.5,39866,295.51,31366
1753617332061,11:55:32.061,mexc,AAVE/USDT:USDT,295.49,110,295.48,5974,295.5,39866,295.51,31366
1753617332325,11:55:32.325,mexc,AAVE/USDT:USDT,295.49,110,295.48,5974,295.5,39866,295.51,31366
1753617332851,11:55:32.851,mexc,AAVE/USDT:USDT,295.49,110,295.48,5974,295.5,39866,295.51,39597
1753617332851,11:55:32.851,mexc,AAVE/USDT:USDT,295.49,110,295.48,5974,295.5,39866,295.51,44184
1753617333254,11:55:33.254,mexc,AAVE/USDT:USDT,295.49,110,295.48,5974,295.5,39866,295.51,35953
1753617333254,11:55:33.254,mexc,AAVE/USDT:USDT,295.49,110,295.48,5974,295.5,39866,295.51,31366
1753617333527,11:55:33.527,mexc,AAVE/USDT:USDT,295.49,110,295.48,5974,295.5,39866,295.51,31366
1753617334115,11:55:34.115,mexc,AAVE/USDT:USDT,295.49,110,295.48,5974,295.5,39866,295.51,31366
1753617334115,11:55:34.115,mexc,AAVE/USDT:USDT,295.49,110,295.48,5974,295.5,39866,295.51,31366
1753617334517,11:55:34.517,mexc,AAVE/USDT:USDT,295.49,110,295.48,7816,295.5,39866,295.51,31366
1753617334517,11:55:34.517,mexc,AAVE/USDT:USDT,295.49,110,295.48,7816,295.5,39866,295.51,31366
1753617334727,11:55:34.727,mexc,AAVE/USDT:USDT,295.49,110,295.48,5974,295.5,39866,295.51,31366
1753617335313,11:55:35.313,mexc,AAVE/USDT:USDT,295.49,110,295.48,5974,295.5,39866,295.51,31366
1753617335313,11:55:35.313,mexc,AAVE/USDT:USDT,295.49,110,295.48,5974,295.5,39866,295.51,31366
1753617335718,11:55:35.718,mexc,AAVE/USDT:USDT,295.49,110,295.48,5974,295.5,39866,295.51,31366
1753617335718,11:55:35.718,mexc,AAVE/USDT:USDT,295.49,110,295.48,5974,295.5,39866,295.51,31366
1753617335926,11:55:35.926,mexc,AAVE/USDT:USDT,295.49,110,295.48,5974,295.5,39866,295.51,31366
1753617336513,11:55:36.513,mexc,AAVE/USDT:USDT,295.49,110,295.48,5974,295.5,39866,295.51,31366
1753617336513,11:55:36.513,mexc,AAVE/USDT:USDT,295.49,110,295.48,5974,295.5,39866,295.51,31366
1753617336917,11:55:36.917,mexc,AAVE/USDT:USDT,295.49,110,295.48,10949,295.5,39866,295.51,31366
1753617337129,11:55:37.129,mexc,AAVE/USDT:USDT,295.49,110,295.48,8220,295.5,39866,295.51,31366
1753617337280,11:55:37.280,mexc,AAVE/USDT:USDT,295.46,5194,295.45,4909,295.48,25069,295.49,22515
1753617337714,11:55:37.714,mexc,AAVE/USDT:USDT,295.46,5194,295.45,4909,295.48,25069,295.49,33489
1753617337714,11:55:37.714,mexc,AAVE/USDT:USDT,295.46,5194,295.45,4909,295.48,25069,295.49,33489
1753617338117,11:55:38.117,mexc,AAVE/USDT:USDT,295.46,5194,295.45,4909,295.48,25069,295.49,22515
1753617338117,11:55:38.117,mexc,AAVE/USDT:USDT,295.46,5194,295.45,4909,295.48,25069,295.49,22515
1753617338329,11:55:38.329,mexc,AAVE/USDT:USDT,295.46,5194,295.45,4909,295.48,25069,295.49,22515
1753617338912,11:55:38.912,mexc,AAVE/USDT:USDT,295.46,5194,295.45,4909,295.48,25069,295.49,22515
1753617338912,11:55:38.912,mexc,AAVE/USDT:USDT,295.46,5194,295.45,4909,295.48,25069,295.49,32323
1753617339317,11:55:39.317,mexc,AAVE/USDT:USDT,295.46,6885,295.45,5416,295.48,25069,295.49,32323
1753617339418,11:55:39.418,mexc,AAVE/USDT:USDT,295.46,6885,295.45,5416,295.48,25069,295.49,22515
1753617339530,11:55:39.530,mexc,AAVE/USDT:USDT,295.46,5194,295.45,4909,295.48,25069,295.49,22515
1753617340115,11:55:40.115,mexc,AAVE/USDT:USDT,295.46,5194,295.45,4909,295.48,25069,295.49,22515
1753617340116,11:55:40.116,mexc,AAVE/USDT:USDT,295.46,5194,295.45,4909,295.48,25069,295.49,22515
1753617340517,11:55:40.517,mexc,AAVE/USDT:USDT,295.46,7726,295.45,4909,295.48,25069,295.49,22515
1753617340518,11:55:40.518,mexc,AAVE/USDT:USDT,295.46,7726,295.45,4909,295.48,25069,295.49,22515
1753617340730,11:55:40.730,mexc,AAVE/USDT:USDT,295.46,5194,295.45,4909,295.48,25069,295.49,22515
1753617341314,11:55:41.314,mexc,AAVE/USDT:USDT,295.46,5194,295.45,4909,295.48,25069,295.49,22515
1753617341314,11:55:41.314,mexc,AAVE/USDT:USDT,295.46,5194,295.45,4909,295.48,25069,295.49,26675
1753617341720,11:55:41.720,mexc,AAVE/USDT:USDT,295.46,7722,295.45,6862,295.48,25069,295.49,26675
1753617341720,11:55:41.720,mexc,AAVE/USDT:USDT,295.46,7722,295.45,6862,295.48,25069,295.49,22515
1753617341930,11:55:41.930,mexc,AAVE/USDT:USDT,295.46,5194,295.45,4909,295.48,25069,295.49,22515
1753617342514,11:55:42.514,mexc,AAVE/USDT:USDT,295.46,5194,295.45,4909,295.48,25069,295.49,22515
1753617342514,11:55:42.514,mexc,AAVE/USDT:USDT,295.46,5194,295.45,4909,295.48,25069,295.49,22515
1753617342921,11:55:42.921,mexc,AAVE/USDT:USDT,295.46,5194,295.45,6546,295.48,25069,295.49,22515
1753617342921,11:55:42.921,mexc,AAVE/USDT:USDT,295.46,5194,295.45,6546,295.48,25069,295.49,22515
1753617343263,11:55:43.263,mexc,AAVE/USDT:USDT,295.45,512,295.44,12881,295.46,50708,295.47,37917
1753617343714,11:55:43.714,mexc,AAVE/USDT:USDT,295.45,512,295.44,12881,295.46,50708,295.47,37917
1753617343714,11:55:43.714,mexc,AAVE/USDT:USDT,295.45,512,295.44,12881,295.46,50708,295.47,37917
1753617344118,11:55:44.118,mexc,AAVE/USDT:USDT,295.45,512,295.44,16873,295.46,50708,295.47,37917
1753617344118,11:55:44.118,mexc,AAVE/USDT:USDT,295.45,512,295.44,16873,295.46,50708,295.47,37917
1753617344331,11:55:44.331,mexc,AAVE/USDT:USDT,295.45,512,295.44,12881,295.46,50708,295.47,37917
1753617344914,11:55:44.914,mexc,AAVE/USDT:USDT,295.45,512,295.44,12881,295.46,50708,295.47,37917
1753617344914,11:55:44.914,mexc,AAVE/USDT:USDT,295.45,512,295.44,12881,295.46,50708,295.47,37917
1753617345317,11:55:45.317,mexc,AAVE/USDT:USDT,295.45,512,295.44,12881,295.46,50708,295.47,37917
1753617345512,11:55:45.512,mexc,AAVE/USDT:USDT,295.45,512,295.44,12881,295.46,50708,295.47,37917
1753617345530,11:55:45.530,mexc,AAVE/USDT:USDT,295.45,512,295.44,12881,295.46,50708,295.47,37917
1753617346117,11:55:46.117,mexc,AAVE/USDT:USDT,295.45,512,295.44,12881,295.46,50708,295.47,37917
1753617346117,11:55:46.117,mexc,AAVE/USDT:USDT,295.45,512,295.44,12881,295.46,50708,295.47,37917
1753617346520,11:55:46.520,mexc,AAVE/USDT:USDT,295.45,512,295.44,18265,295.46,50708,295.47,37917
1753617346520,11:55:46.520,mexc,AAVE/USDT:USDT,295.45,512,295.44,18265,295.46,50708,295.47,37917
1753617346731,11:55:46.731,mexc,AAVE/USDT:USDT,295.45,512,295.44,12881,295.46,50708,295.47,37917
1753617347317,11:55:47.317,mexc,AAVE/USDT:USDT,295.45,512,295.44,12881,295.46,50708,295.47,37917
1753617347497,11:55:47.497,mexc,AAVE/USDT:USDT,295.51,40677,295.5,39996,295.52,14607,295.53,29921
1753617347527,11:55:47.527,mexc,AAVE/USDT:USDT,295.51,40677,295.5,57897,295.52,14607,295.53,29921
1753617347931,11:55:47.931,mexc,AAVE/USDT:USDT,295.51,40677,295.5,39996,295.52,14607,295.53,29921
1753617347931,11:55:47.931,mexc,AAVE/USDT:USDT,295.51,40677,295.5,39996,295.52,14607,295.53,29921
1753617348518,11:55:48.518,mexc,AAVE/USDT:USDT,295.51,40677,295.5,39996,295.52,14607,295.53,29921
1753617348518,11:55:48.518,mexc,AAVE/USDT:USDT,295.51,40677,295.5,39996,295.52,14607,295.53,29921
1753617348921,11:55:48.921,mexc,AAVE/USDT:USDT,295.51,40677,295.5,39996,295.52,14607,295.53,29921
1753617348921,11:55:48.921,mexc,AAVE/USDT:USDT,295.51,40677,295.5,39996,295.52,14607,295.53,29921
1753617349131,11:55:49.131,mexc,AAVE/USDT:USDT,295.51,40677,295.5,39996,295.52,14607,295.53,29921
1753617349697,11:55:49.697,mexc,AAVE/USDT:USDT,295.51,40677,295.5,39996,295.52,14307,295.53,29921
1753617349717,11:55:49.717,mexc,AAVE/USDT:USDT,295.51,40677,295.5,39996,295.52,14307,295.53,32793
1753617350121,11:55:50.121,mexc,AAVE/USDT:USDT,295.51,40677,295.5,39996,295.52,14307,295.53,29921
1753617350121,11:55:50.121,mexc,AAVE/USDT:USDT,295.51,40677,295.5,39996,295.52,14307,295.53,29921
1753617350332,11:55:50.332,mexc,AAVE/USDT:USDT,295.51,40677,295.5,39996,295.52,14307,295.53,29921
1753617350624,11:55:50.624,mexc,AAVE/USDT:USDT,295.51,40677,295.5,39996,295.52,14307,295.53,29921
1753617350919,11:55:50.919,mexc,AAVE/USDT:USDT,295.51,40677,295.5,39996,295.52,14307,295.53,29921
1753617351321,11:55:51.321,mexc,AAVE/USDT:USDT,295.51,40677,295.5,39996,295.52,14307,295.53,29921
1753617351335,11:55:51.335,mexc,AAVE/USDT:USDT,295.51,40677,295.5,39996,295.52,14307,295.53,29921
1753617351533,11:55:51.533,mexc,AAVE/USDT:USDT,295.51,40677,295.5,39996,295.52,14307,295.53,29921
1753617352118,11:55:52.118,mexc,AAVE/USDT:USDT,295.51,40677,295.5,39996,295.52,14307,295.53,29921
1753617352118,11:55:52.118,mexc,AAVE/USDT:USDT,295.51,40677,295.5,39996,295.52,14307,295.53,29921
1753617352521,11:55:52.521,mexc,AAVE/USDT:USDT,295.51,40677,295.5,44738,295.52,14307,295.53,29921
1753617352521,11:55:52.521,mexc,AAVE/USDT:USDT,295.51,40677,295.5,44738,295.52,14307,295.53,29921
1753617352731,11:55:52.731,mexc,AAVE/USDT:USDT,295.51,40677,295.5,39996,295.52,14307,295.53,29921
1753617353317,11:55:53.317,mexc,AAVE/USDT:USDT,295.51,40677,295.5,39996,295.52,56781,295.53,29921
1753617353333,11:55:53.333,mexc,AAVE/USDT:USDT,295.51,320,295.5,186,295.52,42474,295.53,26241
1753617353529,11:55:53.529,mexc,AAVE/USDT:USDT,295.51,320,295.5,186,295.52,42474,295.53,26241
1753617353932,11:55:53.932,mexc,AAVE/USDT:USDT,295.51,320,295.5,186,295.52,42474,295.53,26241
1753617353932,11:55:53.932,mexc,AAVE/USDT:USDT,295.51,320,295.5,186,295.52,42474,295.53,26241
1753617354518,11:55:54.518,mexc,AAVE/USDT:USDT,295.51,320,295.5,186,295.52,42474,295.53,26241
1753617354518,11:55:54.518,mexc,AAVE/USDT:USDT,295.51,320,295.5,186,295.52,42474,295.53,26241
1753617354923,11:55:54.923,mexc,AAVE/USDT:USDT,295.51,320,295.5,186,295.52,42474,295.53,26241
1753617354923,11:55:54.923,mexc,AAVE/USDT:USDT,295.51,320,295.5,186,295.52,42474,295.53,26241
1753617355133,11:55:55.133,mexc,AAVE/USDT:USDT,295.51,320,295.5,186,295.52,42474,295.53,26241
1753617355719,11:55:55.719,mexc,AAVE/USDT:USDT,295.51,320,295.5,186,295.52,42474,295.53,26241
1753617355719,11:55:55.719,mexc,AAVE/USDT:USDT,295.51,320,295.5,186,295.52,42474,295.53,26241
1753617356123,11:55:56.123,mexc,AAVE/USDT:USDT,295.51,320,295.5,205,295.52,42474,295.53,26241
1753617356123,11:55:56.123,mexc,AAVE/USDT:USDT,295.51,320,295.5,205,295.52,42474,295.53,26241
1753617356333,11:55:56.333,mexc,AAVE/USDT:USDT,295.51,320,295.5,186,295.52,42474,295.53,26241
1753617356629,11:55:56.629,mexc,AAVE/USDT:USDT,295.51,320,295.5,186,295.52,42474,295.53,26241
1753617356918,11:55:56.918,mexc,AAVE/USDT:USDT,295.51,320,295.5,186,295.52,42474,295.53,26241
1753617357323,11:55:57.323,mexc,AAVE/USDT:USDT,295.51,320,295.5,186,295.52,42474,295.53,26241
1753617357336,11:55:57.336,mexc,AAVE/USDT:USDT,295.51,320,295.5,186,295.52,42474,295.53,26241
1753617357532,11:55:57.532,mexc,AAVE/USDT:USDT,295.51,320,295.5,186,295.52,42474,295.53,26241
1753617358118,11:55:58.118,mexc,AAVE/USDT:USDT,295.51,320,295.5,186,295.52,42474,295.53,26241
1753617358251,11:55:58.251,mexc,AAVE/USDT:USDT,295.45,8182,295.44,51935,295.46,41223,295.47,50856
1753617358330,11:55:58.330,mexc,AAVE/USDT:USDT,295.45,8182,295.44,51935,295.46,41223,295.47,50856
1753617358733,11:55:58.733,mexc,AAVE/USDT:USDT,295.45,8182,295.44,51935,295.46,41223,295.47,50856
1753617358733,11:55:58.733,mexc,AAVE/USDT:USDT,295.45,8182,295.44,51935,295.46,41223,295.47,50856
1753617359320,11:55:59.320,mexc,AAVE/USDT:USDT,295.45,8182,295.44,51935,295.46,41223,295.47,50856
1753617359320,11:55:59.320,mexc,AAVE/USDT:USDT,295.45,8182,295.44,51935,295.46,41223,295.47,50856
1753617359723,11:55:59.723,mexc,AAVE/USDT:USDT,295.45,8182,295.44,51935,295.46,41223,295.47,50856
1753617359723,11:55:59.723,mexc,AAVE/USDT:USDT,295.45,8182,295.44,51935,295.46,41223,295.47,50856
1753617359933,11:55:59.933,mexc,AAVE/USDT:USDT,295.45,8182,295.44,51935,295.46,41223,295.47,50856
1753617360519,11:56:00.519,mexc,AAVE/USDT:USDT,295.45,8182,295.44,51935,295.46,41223,295.47,50856
1753617360519,11:56:00.519,mexc,AAVE/USDT:USDT,295.45,8182,295.44,51935,295.46,41223,295.47,50856
1753617360923,11:56:00.923,mexc,AAVE/USDT:USDT,295.45,8182,295.44,51935,295.46,41223,295.47,50856
1753617360923,11:56:00.923,mexc,AAVE/USDT:USDT,295.45,8182,295.44,51935,295.46,41223,295.47,50856
1753617361133,11:56:01.133,mexc,AAVE/USDT:USDT,295.45,8182,295.44,51935,295.46,41223,295.47,50856
1753617361524,11:56:01.524,mexc,AAVE/USDT:USDT,295.51,10832,295.5,17855,295.52,42474,295.53,26241
1753617361720,11:56:01.720,mexc,AAVE/USDT:USDT,295.51,10832,295.5,17855,295.52,42474,295.53,26280
1753617362125,11:56:02.125,mexc,AAVE/USDT:USDT,295.51,10832,295.5,25251,295.52,42474,295.53,26241
1753617362125,11:56:02.125,mexc,AAVE/USDT:USDT,295.51,10832,295.5,25251,295.52,42474,295.53,26241
1753617362337,11:56:02.337,mexc,AAVE/USDT:USDT,295.51,10832,295.5,17855,295.52,42474,295.53,26241
1753617362630,11:56:02.630,mexc,AAVE/USDT:USDT,295.51,10832,295.5,17855,295.52,42474,295.53,26241
1753617362921,11:56:02.921,mexc,AAVE/USDT:USDT,295.51,10832,295.5,17855,295.52,42474,295.53,26289
1753617363324,11:56:03.324,mexc,AAVE/USDT:USDT,295.51,10832,295.5,17855,295.52,42474,295.53,26241
1753617363341,11:56:03.341,mexc,AAVE/USDT:USDT,295.51,10832,295.5,17855,295.52,42474,295.53,26241
1753617363533,11:56:03.533,mexc,AAVE/USDT:USDT,295.51,10832,295.5,17855,295.52,42474,295.53,26241
1753617364122,11:56:04.122,mexc,AAVE/USDT:USDT,295.51,10832,295.5,17855,295.52,42474,295.53,26241
1753617364122,11:56:04.122,mexc,AAVE/USDT:USDT,295.51,10832,295.5,17855,295.52,42474,295.53,26241
1753617364524,11:56:04.524,mexc,AAVE/USDT:USDT,295.51,10832,295.5,20006,295.52,42474,295.53,26241
1753617364524,11:56:04.524,mexc,AAVE/USDT:USDT,295.51,10832,295.5,20006,295.52,42474,295.53,26241
1753617364735,11:56:04.735,mexc,AAVE/USDT:USDT,295.51,10832,295.5,17855,295.52,42474,295.53,26241
1753617365328,11:56:05.328,mexc,AAVE/USDT:USDT,295.51,10832,295.5,17855,295.52,42474,295.53,26345
1753617365329,11:56:05.329,mexc,AAVE/USDT:USDT,295.51,10832,295.5,17855,295.52,42474,295.53,26434
1753617365724,11:56:05.724,mexc,AAVE/USDT:USDT,295.51,10832,295.5,17855,295.52,42474,295.53,26241
1753617365934,11:56:05.934,mexc,AAVE/USDT:USDT,295.51,10832,295.5,17855,295.52,42474,295.53,26241
1753617365934,11:56:05.934,mexc,AAVE/USDT:USDT,295.51,10832,295.5,17855,295.52,42474,295.53,26241
1753617366525,11:56:06.525,mexc,AAVE/USDT:USDT,295.51,10832,295.5,17855,295.52,42474,295.53,26358
1753617366525,11:56:06.525,mexc,AAVE/USDT:USDT,295.51,10832,295.5,17855,295.52,42474,295.53,26358
1753617366925,11:56:06.925,mexc,AAVE/USDT:USDT,295.51,10832,295.5,24731,295.52,42474,295.53,26241
1753617367167,11:56:07.167,mexc,AAVE/USDT:USDT,295.51,10832,295.5,20104,295.52,42474,295.53,26241
1753617367273,11:56:07.273,mexc,AAVE/USDT:USDT,295.56,19869,295.55,743,295.57,8679,295.58,12718
1753617367722,11:56:07.722,mexc,AAVE/USDT:USDT,295.56,19869,295.55,743,295.57,8679,295.58,12718
1753617367722,11:56:07.722,mexc,AAVE/USDT:USDT,295.56,19869,295.55,743,295.57,8679,295.58,12718
1753617368126,11:56:08.126,mexc,AAVE/USDT:USDT,295.56,19869,295.55,890,295.57,8679,295.58,12718
1753617368126,11:56:08.126,mexc,AAVE/USDT:USDT,295.56,19869,295.55,890,295.57,8679,295.58,12718
1753617368335,11:56:08.335,mexc,AAVE/USDT:USDT,295.56,19869,295.55,743,295.57,8679,295.58,12718
1753617368638,11:56:08.638,mexc,AAVE/USDT:USDT,295.56,19869,295.55,743,295.57,8679,295.58,12718
1753617368923,11:56:08.923,mexc,AAVE/USDT:USDT,295.56,19869,295.55,743,295.57,8679,295.58,17111
1753617369328,11:56:09.328,mexc,AAVE/USDT:USDT,295.56,19869,295.55,743,295.57,8679,295.58,17111
1753617369337,11:56:09.337,mexc,AAVE/USDT:USDT,295.56,19869,295.55,743,295.57,8679,295.58,12718
1753617369536,11:56:09.536,mexc,AAVE/USDT:USDT,295.56,19869,295.55,743,295.57,8679,295.58,12718
1753617370123,11:56:10.123,mexc,AAVE/USDT:USDT,295.56,19869,295.55,743,295.57,8679,295.58,12718
1753617370123,11:56:10.123,mexc,AAVE/USDT:USDT,295.56,19869,295.55,743,295.57,8679,295.58,14679
1753617370526,11:56:10.526,mexc,AAVE/USDT:USDT,295.56,19869,295.55,989,295.57,8679,295.58,14679
1753617370526,11:56:10.526,mexc,AAVE/USDT:USDT,295.56,19869,295.55,989,295.57,8679,295.58,12718
1753617370736,11:56:10.736,mexc,AAVE/USDT:USDT,295.56,19869,295.55,743,295.57,8679,295.58,12718
1753617371323,11:56:11.323,mexc,AAVE/USDT:USDT,295.56,19869,295.55,743,295.57,8679,295.58,16425
1753617371323,11:56:11.323,mexc,AAVE/USDT:USDT,295.56,19869,295.55,743,295.57,8679,295.58,16425
1753617371728,11:56:11.728,mexc,AAVE/USDT:USDT,295.56,19869,295.55,743,295.57,8679,295.58,12718
1753617371728,11:56:11.728,mexc,AAVE/USDT:USDT,295.56,19869,295.55,743,295.57,8679,295.58,12718
1753617371936,11:56:11.936,mexc,AAVE/USDT:USDT,295.56,19869,295.55,743,295.57,8679,295.58,12718
1753617372525,11:56:12.525,mexc,AAVE/USDT:USDT,295.56,19869,295.55,743,295.57,8679,295.58,12718
1753617372525,11:56:12.525,mexc,AAVE/USDT:USDT,295.56,19869,295.55,743,295.57,8679,295.58,12718
1753617372927,11:56:12.927,mexc,AAVE/USDT:USDT,295.56,19869,295.55,995,295.57,8679,295.58,12718
1753617372927,11:56:12.927,mexc,AAVE/USDT:USDT,295.56,19869,295.55,995,295.57,8679,295.58,12718
1753617373271,11:56:13.271,mexc,AAVE/USDT:USDT,295.55,9797,295.54,163,295.56,47797,295.57,21865
1753617373724,11:56:13.724,mexc,AAVE/USDT:USDT,295.55,9797,295.54,163,295.56,47797,295.57,21865
1753617373724,11:56:13.724,mexc,AAVE/USDT:USDT,295.55,9797,295.54,163,295.56,47797,295.57,21865
1753617374127,11:56:14.127,mexc,AAVE/USDT:USDT,295.55,9797,295.54,210,295.56,47797,295.57,21865
1753617374127,11:56:14.127,mexc,AAVE/USDT:USDT,295.55,9797,295.54,210,295.56,47797,295.57,21865
1753617374337,11:56:14.337,mexc,AAVE/USDT:USDT,295.55,9797,295.54,163,295.56,47797,295.57,21865
1753617374638,11:56:14.638,mexc,AAVE/USDT:USDT,295.55,9797,295.54,163,295.56,47797,295.57,21865
1753617374925,11:56:14.925,mexc,AAVE/USDT:USDT,295.55,9797,295.54,163,295.56,47797,295.57,33443
1753617375328,11:56:15.328,mexc,AAVE/USDT:USDT,295.55,9797,295.54,163,295.56,47797,295.57,27558
1753617375349,11:56:15.349,mexc,AAVE/USDT:USDT,295.55,9797,295.54,163,295.56,47797,295.57,21865
1753617375539,11:56:15.539,mexc,AAVE/USDT:USDT,295.55,9797,295.54,163,295.56,47797,295.57,21865
1753617376125,11:56:16.125,mexc,AAVE/USDT:USDT,295.55,9797,295.54,163,295.56,47797,295.57,21865
1753617376125,11:56:16.125,mexc,AAVE/USDT:USDT,295.55,9797,295.54,163,295.56,47797,295.57,21865
1753617376529,11:56:16.529,mexc,AAVE/USDT:USDT,295.55,9797,295.54,221,295.56,47797,295.57,21865
1753617376529,11:56:16.529,mexc,AAVE/USDT:USDT,295.55,9797,295.54,221,295.56,47797,295.57,21865
1753617376737,11:56:16.737,mexc,AAVE/USDT:USDT,295.55,9797,295.54,163,295.56,47797,295.57,21865
1753617377324,11:56:17.324,mexc,AAVE/USDT:USDT,295.55,9797,295.54,163,295.56,47797,295.57,28718
1753617377324,11:56:17.324,mexc,AAVE/USDT:USDT,295.55,9797,295.54,163,295.56,47797,295.57,28718
1753617377728,11:56:17.728,mexc,AAVE/USDT:USDT,295.55,9797,295.54,163,295.56,47797,295.57,21865
1753617377728,11:56:17.728,mexc,AAVE/USDT:USDT,295.55,9797,295.54,163,295.56,47797,295.57,21865
1753617378091,11:56:18.091,mexc,AAVE/USDT:USDT,295.55,9797,295.54,163,295.56,45290,295.57,21865
1753617378529,11:56:18.529,mexc,AAVE/USDT:USDT,295.55,9797,295.54,163,295.56,45290,295.57,24809
1753617378529,11:56:18.529,mexc,AAVE/USDT:USDT,295.55,9797,295.54,163,295.56,45290,295.57,24809
1753617378929,11:56:18.929,mexc,AAVE/USDT:USDT,295.55,9797,295.54,163,295.56,45290,295.57,21865
1753617379138,11:56:19.138,mexc,AAVE/USDT:USDT,295.55,9797,295.54,163,295.56,45290,295.57,21865
1753617379275,11:56:19.275,mexc,AAVE/USDT:USDT,295.58,11218,295.57,1601,295.59,13757,295.6,8352
1753617379726,11:56:19.726,mexc,AAVE/USDT:USDT,295.58,11218,295.57,1601,295.59,13757,295.6,9376
1753617379726,11:56:19.726,mexc,AAVE/USDT:USDT,295.58,11218,295.57,1601,295.59,13757,295.6,9376
1753617380128,11:56:20.128,mexc,AAVE/USDT:USDT,295.58,11218,295.57,2022,295.59,13757,295.6,8352
1753617380128,11:56:20.128,mexc,AAVE/USDT:USDT,295.58,11218,295.57,2022,295.59,13757,295.6,8352
1753617380339,11:56:20.339,mexc,AAVE/USDT:USDT,295.58,11218,295.57,1601,295.59,13757,295.6,8352
1753617380640,11:56:20.640,mexc,AAVE/USDT:USDT,295.58,11218,295.57,1601,295.59,13757,295.6,8352
1753617380925,11:56:20.925,mexc,AAVE/USDT:USDT,295.58,11218,295.57,1601,295.59,13757,295.6,11724
1753617381331,11:56:21.331,mexc,AAVE/USDT:USDT,295.58,11218,295.57,1882,295.59,13757,295.6,8352
1753617381358,11:56:21.358,mexc,AAVE/USDT:USDT,295.58,11218,295.57,1882,295.59,13757,295.6,8352
1753617381546,11:56:21.546,mexc,AAVE/USDT:USDT,295.58,11218,295.57,1601,295.59,13757,295.6,8352
1753617382126,11:56:22.126,mexc,AAVE/USDT:USDT,295.58,11218,295.57,1601,295.59,13757,295.6,8352
1753617382126,11:56:22.126,mexc,AAVE/USDT:USDT,295.58,11218,295.57,1601,295.59,13757,295.6,8352
1753617382529,11:56:22.529,mexc,AAVE/USDT:USDT,295.58,11218,295.57,1601,295.59,13757,295.6,8352
1753617382529,11:56:22.529,mexc,AAVE/USDT:USDT,295.58,11218,295.57,1601,295.59,13757,295.6,8352
1753617382740,11:56:22.740,mexc,AAVE/USDT:USDT,295.58,11218,295.57,1601,295.59,13757,295.6,8352
1753617383326,11:56:23.326,mexc,AAVE/USDT:USDT,295.58,11218,295.57,1601,295.59,13757,295.6,8352
1753617383535,11:56:23.535,mexc,AAVE/USDT:USDT,295.58,11218,295.57,2218,295.59,13757,295.6,9485
1753617383729,11:56:23.729,mexc,AAVE/USDT:USDT,295.58,11218,295.57,2218,295.59,13757,295.6,8352
1753617383938,11:56:23.938,mexc,AAVE/USDT:USDT,295.58,11218,295.57,1601,295.59,13757,295.6,8352
1753617384332,11:56:24.332,mexc,AAVE/USDT:USDT,295.55,12712,295.54,230,295.56,27477,295.57,28335
1753617384526,11:56:24.526,mexc,AAVE/USDT:USDT,295.55,12712,295.54,230,295.56,27477,295.57,28335
1753617384929,11:56:24.929,mexc,AAVE/USDT:USDT,295.55,12712,295.54,230,295.56,27477,295.57,28335
1753617384929,11:56:24.929,mexc,AAVE/USDT:USDT,295.55,12712,295.54,230,295.56,27477,295.57,28335
1753617385139,11:56:25.139,mexc,AAVE/USDT:USDT,295.55,12712,295.54,230,295.56,27477,295.57,28335
1753617385728,11:56:25.728,mexc,AAVE/USDT:USDT,295.55,12712,295.54,230,295.56,27477,295.57,28335
1753617385728,11:56:25.728,mexc,AAVE/USDT:USDT,295.55,12712,295.54,230,295.56,27477,295.57,28335
1753617386130,11:56:26.130,mexc,AAVE/USDT:USDT,295.55,12712,295.54,230,295.56,27477,295.57,28335
1753617386130,11:56:26.130,mexc,AAVE/USDT:USDT,295.55,12712,295.54,230,295.56,27477,295.57,28335
1753617386427,11:56:26.427,mexc,AAVE/USDT:USDT,295.55,12712,295.54,230,295.56,27477,295.57,28335
1753617386649,11:56:26.649,mexc,AAVE/USDT:USDT,295.55,12712,295.54,230,295.56,27477,295.57,28335
1753617386926,11:56:26.926,mexc,AAVE/USDT:USDT,295.55,12712,295.54,230,295.56,27477,295.57,28335
1753617387330,11:56:27.330,mexc,AAVE/USDT:USDT,295.55,12712,295.54,316,295.56,27477,295.57,28335
1753617387330,11:56:27.330,mexc,AAVE/USDT:USDT,295.55,12712,295.54,316,295.56,27477,295.57,28335
1753617387542,11:56:27.542,mexc,AAVE/USDT:USDT,295.55,12712,295.54,230,295.56,27477,295.57,28335
1753617388126,11:56:28.126,mexc,AAVE/USDT:USDT,295.55,12712,295.54,230,295.56,27477,295.57,28335
1753617388126,11:56:28.126,mexc,AAVE/USDT:USDT,295.55,12712,295.54,230,295.56,27477,295.57,28335
1753617388530,11:56:28.530,mexc,AAVE/USDT:USDT,295.55,12712,295.54,292,295.56,27477,295.57,28335
1753617388530,11:56:28.530,mexc,AAVE/USDT:USDT,295.55,12712,295.54,292,295.56,27477,295.57,28335
1753617388741,11:56:28.741,mexc,AAVE/USDT:USDT,295.55,12712,295.54,230,295.56,27477,295.57,28335
1753617389246,11:56:29.246,mexc,AAVE/USDT:USDT,295.55,12712,295.54,230,295.56,22972,295.57,28335
1753617389327,11:56:29.327,mexc,AAVE/USDT:USDT,295.55,12712,295.54,230,295.56,22972,295.57,28335
1753617389729,11:56:29.729,mexc,AAVE/USDT:USDT,295.55,12712,295.54,290,295.56,22972,295.57,28335
1753617389729,11:56:29.729,mexc,AAVE/USDT:USDT,295.55,12712,295.54,290,295.56,22972,295.57,28335
1753617389943,11:56:29.943,mexc,AAVE/USDT:USDT,295.55,12712,295.54,230,295.56,22972,295.57,28335
1753617390336,11:56:30.336,mexc,AAVE/USDT:USDT,295.53,105,295.52,379,295.54,45898,295.55,50302
1753617390528,11:56:30.528,mexc,AAVE/USDT:USDT,295.53,105,295.52,379,295.54,45898,295.55,62236
1753617390811,11:56:30.811,mexc,AAVE/USDT:USDT,295.47,9216,295.46,21448,295.48,50711,295.49,44365
1753617391727,11:56:31.727,mexc,AAVE/USDT:USDT,295.47,9216,295.46,21448,295.48,50711,295.49,44365
1753617391727,11:56:31.727,mexc,AAVE/USDT:USDT,295.47,9216,295.46,21448,295.48,50711,295.49,44365
1753617392129,11:56:32.129,mexc,AAVE/USDT:USDT,295.47,9216,295.46,21843,295.48,50711,295.49,44365
1753617392129,11:56:32.129,mexc,AAVE/USDT:USDT,295.47,9216,295.46,21843,295.48,50711,295.49,44365
1753617392432,11:56:32.432,mexc,AAVE/USDT:USDT,295.47,9216,295.46,21448,295.48,50711,295.49,44365
1753617392648,11:56:32.648,mexc,AAVE/USDT:USDT,295.47,9216,295.46,21448,295.48,50711,295.49,44365
1753617392927,11:56:32.927,mexc,AAVE/USDT:USDT,295.47,9216,295.46,21448,295.48,50711,295.49,44365
1753617393331,11:56:33.331,mexc,AAVE/USDT:USDT,295.47,9216,295.46,22099,295.48,50711,295.49,44365
1753617393331,11:56:33.331,mexc,AAVE/USDT:USDT,295.47,9216,295.46,22099,295.48,50711,295.49,44365
1753617393738,11:56:33.738,mexc,AAVE/USDT:USDT,295.41,28502,295.4,17224,295.42,45499,295.48,50711
1753617393741,11:56:33.741,mexc,AAVE/USDT:USDT,295.41,28502,295.4,17224,295.42,45499,295.43,63083
1753617394128,11:56:34.128,mexc,AAVE/USDT:USDT,295.41,28502,295.4,17224,295.42,45499,295.43,72429
1753617394530,11:56:34.530,mexc,AAVE/USDT:USDT,295.41,28502,295.4,17640,295.42,45499,295.43,72429
1753617394530,11:56:34.530,mexc,AAVE/USDT:USDT,295.41,28502,295.4,17640,295.42,45499,295.43,63083
1753617394741,11:56:34.741,mexc,AAVE/USDT:USDT,295.41,28502,295.4,17224,295.42,45499,295.43,63083
1753617395327,11:56:35.327,mexc,AAVE/USDT:USDT,295.41,28502,295.4,17224,295.42,45499,295.43,63083
1753617395327,11:56:35.327,mexc,AAVE/USDT:USDT,295.41,28502,295.4,17224,295.42,45499,295.43,92807
1753617395729,11:56:35.729,mexc,AAVE/USDT:USDT,295.41,28502,295.4,17783,295.42,45499,295.43,92807
1753617395729,11:56:35.729,mexc,AAVE/USDT:USDT,295.41,28502,295.4,17783,295.42,45499,295.43,63083
1753617395943,11:56:35.943,mexc,AAVE/USDT:USDT,295.41,28502,295.4,17224,295.42,45499,295.43,63083
1753617396527,11:56:36.527,mexc,AAVE/USDT:USDT,295.41,28502,295.4,17224,295.42,45499,295.43,63083
1753617396527,11:56:36.527,mexc,AAVE/USDT:USDT,295.41,28502,295.4,17224,295.42,45499,295.43,63083
1753617396937,11:56:36.937,mexc,AAVE/USDT:USDT,295.41,28502,295.4,17224,295.42,45499,295.43,63083
1753617396937,11:56:36.937,mexc,AAVE/USDT:USDT,295.41,28502,295.4,17224,295.42,45499,295.43,63083
1753617397140,11:56:37.140,mexc,AAVE/USDT:USDT,295.41,28502,295.4,17224,295.42,45499,295.43,63083
1753617397612,11:56:37.612,mexc,AAVE/USDT:USDT,295.41,28502,295.4,17224,295.42,45396,295.43,63083
1753617397727,11:56:37.727,mexc,AAVE/USDT:USDT,295.41,28502,295.4,17224,295.42,45396,295.43,75180
1753617398133,11:56:38.133,mexc,AAVE/USDT:USDT,295.41,28502,295.4,17224,295.42,45396,295.43,75180
1753617398133,11:56:38.133,mexc,AAVE/USDT:USDT,295.41,28502,295.4,17224,295.42,45396,295.43,63083
1753617398517,11:56:38.517,mexc,AAVE/USDT:USDT,295.41,28502,295.4,17224,295.42,45396,295.43,63083
1753617398763,11:56:38.763,mexc,AAVE/USDT:USDT,295.41,28502,295.4,17224,295.42,45363,295.43,63083
1753617398927,11:56:38.927,mexc,AAVE/USDT:USDT,295.41,28502,295.4,17224,295.42,45363,295.43,78538
1753617399328,11:56:39.328,mexc,AAVE/USDT:USDT,295.41,28502,295.4,17224,295.42,52881,295.43,83883
1753617399342,11:56:39.342,mexc,AAVE/USDT:USDT,295.41,34913,295.4,17162,295.42,7518,295.43,5345
1753617400128,11:56:40.128,mexc,AAVE/USDT:USDT,295.41,34913,295.4,17162,295.42,7518,295.43,5345
1753617400128,11:56:40.128,mexc,AAVE/USDT:USDT,295.41,34913,295.4,17162,295.42,7518,295.43,6139
1753617400531,11:56:40.531,mexc,AAVE/USDT:USDT,295.41,34913,295.4,21801,295.42,7518,295.43,6139
1753617400531,11:56:40.531,mexc,AAVE/USDT:USDT,295.41,34913,295.4,21801,295.42,7518,295.43,5345
1753617400743,11:56:40.743,mexc,AAVE/USDT:USDT,295.41,34913,295.4,17162,295.42,7518,295.43,5345
1753617401327,11:56:41.327,mexc,AAVE/USDT:USDT,295.41,34913,295.4,17162,295.42,7518,295.43,7412
1753617401327,11:56:41.327,mexc,AAVE/USDT:USDT,295.41,34913,295.4,17162,295.42,7518,295.43,7412
1753617401731,11:56:41.731,mexc,AAVE/USDT:USDT,295.41,34913,295.4,17162,295.42,7518,295.43,5345
1753617401731,11:56:41.731,mexc,AAVE/USDT:USDT,295.41,34913,295.4,17162,295.42,7518,295.43,5345
1753617401943,11:56:41.943,mexc,AAVE/USDT:USDT,295.41,34913,295.4,17162,295.42,7518,295.43,5345
1753617402530,11:56:42.530,mexc,AAVE/USDT:USDT,295.41,34913,295.4,17162,295.42,7518,295.43,6365
1753617402530,11:56:42.530,mexc,AAVE/USDT:USDT,295.41,34913,295.4,17162,295.42,7518,295.43,6365
1753617402932,11:56:42.932,mexc,AAVE/USDT:USDT,295.41,34913,295.4,20263,295.42,7518,295.43,5345
1753617402932,11:56:42.932,mexc,AAVE/USDT:USDT,295.41,34913,295.4,20263,295.42,7518,295.43,5345
1753617403143,11:56:43.143,mexc,AAVE/USDT:USDT,295.41,34913,295.4,17162,295.42,7518,295.43,5345
1753617403730,11:56:43.730,mexc,AAVE/USDT:USDT,295.41,34913,295.4,17162,295.42,7518,295.43,5345
1753617403730,11:56:43.730,mexc,AAVE/USDT:USDT,295.41,34913,295.4,17162,295.42,7518,295.43,7202
1753617404133,11:56:44.133,mexc,AAVE/USDT:USDT,295.41,34913,295.4,23916,295.42,7518,295.43,7202
1753617404133,11:56:44.133,mexc,AAVE/USDT:USDT,295.41,34913,295.4,23916,295.42,7518,295.43,5345
1753617404444,11:56:44.444,mexc,AAVE/USDT:USDT,295.41,34913,295.4,17162,295.42,7518,295.43,5345
1753617404656,11:56:44.656,mexc,AAVE/USDT:USDT,295.41,34913,295.4,17162,295.42,7518,295.43,5345
1753617404930,11:56:44.930,mexc,AAVE/USDT:USDT,295.41,34913,295.4,17162,295.42,7518,295.43,5345
1753617405330,11:56:45.330,mexc,AAVE/USDT:USDT,295.41,34913,295.4,17162,295.42,31687,295.43,25777
1753617405343,11:56:45.343,mexc,AAVE/USDT:USDT,295.41,433,295.4,7181,295.42,24169,295.43,20432
1753617406028,11:56:46.028,mexc,AAVE/USDT:USDT,295.4,7172,295.39,1507,295.42,24169,295.43,20432
1753617406132,11:56:46.132,mexc,AAVE/USDT:USDT,295.4,7172,295.39,1507,295.42,24169,295.43,20432
1753617406533,11:56:46.533,mexc,AAVE/USDT:USDT,295.4,7172,295.39,1507,295.42,24169,295.43,20432
1753617406533,11:56:46.533,mexc,AAVE/USDT:USDT,295.4,7172,295.39,1507,295.42,24169,295.43,20432
1753617406744,11:56:46.744,mexc,AAVE/USDT:USDT,295.4,7172,295.39,1507,295.42,24169,295.43,20432
1753617407331,11:56:47.331,mexc,AAVE/USDT:USDT,295.4,7172,295.39,1507,295.42,24169,295.43,24563
1753617407331,11:56:47.331,mexc,AAVE/USDT:USDT,295.4,7172,295.39,1507,295.42,24169,295.43,24563
1753617407733,11:56:47.733,mexc,AAVE/USDT:USDT,295.4,8422,295.39,1507,295.42,24169,295.43,20432
1753617407733,11:56:47.733,mexc,AAVE/USDT:USDT,295.4,8422,295.39,1507,295.42,24169,295.43,20432
1753617407945,11:56:47.945,mexc,AAVE/USDT:USDT,295.4,7172,295.39,1507,295.42,24169,295.43,20432
1753617408532,11:56:48.532,mexc,AAVE/USDT:USDT,295.4,7172,295.39,1507,295.42,24169,295.43,20432
1753617408532,11:56:48.532,mexc,AAVE/USDT:USDT,295.4,7172,295.39,1507,295.42,24169,295.43,20432
1753617408934,11:56:48.934,mexc,AAVE/USDT:USDT,295.4,7172,295.39,1507,295.42,24169,295.43,20432
1753617409128,11:56:49.128,mexc,AAVE/USDT:USDT,295.4,6472,295.39,1507,295.42,24169,295.43,20432
1753617409143,11:56:49.143,mexc,AAVE/USDT:USDT,295.4,6472,295.39,1507,295.42,24169,295.43,20432
1753617409731,11:56:49.731,mexc,AAVE/USDT:USDT,295.4,6472,295.39,1507,295.42,24169,295.43,20432
1753617409731,11:56:49.731,mexc,AAVE/USDT:USDT,295.4,6472,295.39,1507,295.42,24169,295.43,20432
1753617410133,11:56:50.133,mexc,AAVE/USDT:USDT,295.4,6472,295.39,1507,295.42,24169,295.43,20432
1753617410133,11:56:50.133,mexc,AAVE/USDT:USDT,295.4,6472,295.39,1507,295.42,24169,295.43,20432
1753617410449,11:56:50.449,mexc,AAVE/USDT:USDT,295.4,6472,295.39,1507,295.42,24169,295.43,20432
1753617410658,11:56:50.658,mexc,AAVE/USDT:USDT,295.4,6472,295.39,1507,295.42,24169,295.43,20432
1753617410931,11:56:50.931,mexc,AAVE/USDT:USDT,295.4,6472,295.39,1507,295.42,24169,295.43,23039
1753617411336,11:56:51.336,mexc,AAVE/USDT:USDT,295.41,6501,295.4,8975,295.42,18631,295.43,4525
1753617411340,11:56:51.340,mexc,AAVE/USDT:USDT,295.41,6501,295.4,7624,295.42,18631,295.43,4525
1753617412130,11:56:52.130,mexc,AAVE/USDT:USDT,295.41,6501,295.4,7624,295.42,18631,295.43,4525
1753617412130,11:56:52.130,mexc,AAVE/USDT:USDT,295.41,6501,295.4,7624,295.42,18631,295.43,4525
1753617412536,11:56:52.536,mexc,AAVE/USDT:USDT,295.41,6501,295.4,7624,295.42,18631,295.43,4525
1753617412536,11:56:52.536,mexc,AAVE/USDT:USDT,295.41,6501,295.4,7624,295.42,18631,295.43,4525
1753617412932,11:56:52.932,mexc,AAVE/USDT:USDT,295.41,6201,295.4,7624,295.42,18631,295.43,4525
1753617413331,11:56:53.331,mexc,AAVE/USDT:USDT,295.41,6201,295.4,7624,295.42,18631,295.43,4525
1753617413331,11:56:53.331,mexc,AAVE/USDT:USDT,295.41,6201,295.4,7624,295.42,18631,295.43,4525
1753617413735,11:56:53.735,mexc,AAVE/USDT:USDT,295.41,6201,295.4,7624,295.42,18631,295.43,4525
1753617413735,11:56:53.735,mexc,AAVE/USDT:USDT,295.41,6201,295.4,7624,295.42,18631,295.43,4525
1753617414023,11:56:54.023,mexc,AAVE/USDT:USDT,295.41,6201,295.4,7624,295.42,18631,295.43,4525
1753617414531,11:56:54.531,mexc,AAVE/USDT:USDT,295.41,6201,295.4,7624,295.42,18631,295.43,4525
1753617414531,11:56:54.531,mexc,AAVE/USDT:USDT,295.41,6201,295.4,7624,295.42,18631,295.43,4525
1753617414934,11:56:54.934,mexc,AAVE/USDT:USDT,295.41,6201,295.4,8755,295.42,18631,295.43,4525
1753617414934,11:56:54.934,mexc,AAVE/USDT:USDT,295.41,6201,295.4,8755,295.42,18631,295.43,4525
1753617415218,11:56:55.218,mexc,AAVE/USDT:USDT,295.41,6201,295.4,7624,295.42,18631,295.43,4525
1753617415731,11:56:55.731,mexc,AAVE/USDT:USDT,295.41,6201,295.4,7624,295.42,18631,295.43,5606
1753617415731,11:56:55.731,mexc,AAVE/USDT:USDT,295.41,6201,295.4,7624,295.42,18631,295.43,5606
1753617416134,11:56:56.134,mexc,AAVE/USDT:USDT,295.41,6201,295.4,7624,295.42,18631,295.43,4525
1753617416135,11:56:56.135,mexc,AAVE/USDT:USDT,295.41,6201,295.4,7624,295.42,18631,295.43,4525
1753617416512,11:56:56.512,mexc,AAVE/USDT:USDT,295.41,6201,295.4,7624,295.42,18631,295.43,4525
1753617416670,11:56:56.670,mexc,AAVE/USDT:USDT,295.41,6201,295.4,7624,295.42,18631,295.43,4525
1753617416931,11:56:56.931,mexc,AAVE/USDT:USDT,295.41,6201,295.4,7624,295.42,18631,295.43,5665
1753617417332,11:56:57.332,mexc,AAVE/USDT:USDT,295.41,6201,295.4,2728,295.42,18631,295.43,5665
1753617417343,11:56:57.343,mexc,AAVE/USDT:USDT,295.39,350,295.38,1040,295.4,29485,295.41,20834
1753617418132,11:56:58.132,mexc,AAVE/USDT:USDT,295.39,350,295.38,1040,295.4,29485,295.41,20834
1753617418132,11:56:58.132,mexc,AAVE/USDT:USDT,295.39,350,295.38,1040,295.4,29485,295.41,20834
1753617418535,11:56:58.535,mexc,AAVE/USDT:USDT,295.39,350,295.38,1040,295.4,29485,295.41,20834
1753617418535,11:56:58.535,mexc,AAVE/USDT:USDT,295.39,350,295.38,1040,295.4,29485,295.41,20834
1753617418820,11:56:58.820,mexc,AAVE/USDT:USDT,295.39,350,295.38,1040,295.4,29485,295.41,20834
1753617419333,11:56:59.333,mexc,AAVE/USDT:USDT,295.39,350,295.38,1040,295.4,29485,295.41,20834
1753617419333,11:56:59.333,mexc,AAVE/USDT:USDT,295.39,350,295.38,1040,295.4,29485,295.41,22928
1753617419735,11:56:59.735,mexc,AAVE/USDT:USDT,295.39,350,295.38,1040,295.4,29485,295.41,22928
1753617419735,11:56:59.735,mexc,AAVE/USDT:USDT,295.39,350,295.38,1040,295.4,29485,295.41,20834
1753617420021,11:57:00.021,mexc,AAVE/USDT:USDT,295.39,350,295.38,1040,295.4,29485,295.41,20834
1753617420533,11:57:00.533,mexc,AAVE/USDT:USDT,295.39,350,295.38,1040,295.4,29485,295.41,20834
1753617420533,11:57:00.533,mexc,AAVE/USDT:USDT,295.39,350,295.38,1040,295.4,29485,295.41,20834
1753617420937,11:57:00.937,mexc,AAVE/USDT:USDT,295.39,350,295.38,1040,295.4,29485,295.41,20834
1753617420937,11:57:00.937,mexc,AAVE/USDT:USDT,295.39,350,295.38,1040,295.4,29485,295.41,20834
