timestamp,time,exchange,symbol,bid1_price,bid1_volume,bid2_price,bid2_volume,ask1_price,ask1_volume,ask2_price,ask2_volume
1753617163000,11:52:43.000,gateio,ACT/USDT:USDT,0.04603,3.0,0.04602,175.0,0.04605,1060.0,0.04606,430.0
1753617163781,11:52:43.781,gateio,ACT/USDT:USDT,0.04603,3.0,0.04602,175.0,0.04605,1060.0,0.04606,430.0
1753617164398,11:52:44.398,gateio,ACT/USDT:USDT,0.04603,3.0,0.04602,175.0,0.04605,1060.0,0.04607,950.0
1753617164483,11:52:44.483,gateio,ACT/USDT:USDT,0.04603,3.0,0.04602,175.0,0.04604,1038.0,0.04605,22.0
1753617164602,11:52:44.602,gateio,ACT/USDT:USDT,0.04603,3.0,0.04602,175.0,0.04604,1038.0,0.04605,22.0
1753617165824,11:52:45.824,gateio,ACT/USDT:USDT,0.04603,3.0,0.04602,175.0,0.04604,1038.0,0.04605,22.0
1753617166636,11:52:46.636,gateio,ACT/USDT:USDT,0.04603,3.0,0.04602,175.0,0.04605,1060.0,0.04606,212.0
1753617166682,11:52:46.682,gateio,ACT/USDT:USDT,0.04603,3.0,0.04602,175.0,0.04605,1082.0,0.04606,185.0
1753617168918,11:52:48.918,gateio,ACT/USDT:USDT,0.04603,3.0,0.04602,175.0,0.04605,1082.0,0.04606,185.0
1753617169250,11:52:49.250,gateio,ACT/USDT:USDT,0.04603,3.0,0.04602,175.0,0.04605,1038.0,0.04607,431.0
1753617169864,11:52:49.864,gateio,ACT/USDT:USDT,0.04603,3.0,0.04602,175.0,0.04605,1038.0,0.04607,431.0
1753617169891,11:52:49.891,gateio,ACT/USDT:USDT,0.04603,3.0,0.04602,175.0,0.04605,1038.0,0.04607,431.0
1753617170720,11:52:50.720,gateio,ACT/USDT:USDT,0.04603,25.0,0.04602,175.0,0.04605,1038.0,0.04607,431.0
1753617170857,11:52:50.857,gateio,ACT/USDT:USDT,0.04603,3.0,0.04602,175.0,0.04605,1038.0,0.04607,431.0
1753617171576,11:52:51.576,gateio,ACT/USDT:USDT,0.04604,108.0,0.04603,25.0,0.04605,1038.0,0.04607,1.0
1753617171666,11:52:51.666,gateio,ACT/USDT:USDT,0.04604,108.0,0.04603,201.0,0.04606,1038.0,0.04607,28.0
1753617171766,11:52:51.766,gateio,ACT/USDT:USDT,0.04604,130.0,0.04603,179.0,0.04607,1039.0,0.04608,180.0
1753617171875,11:52:51.875,gateio,ACT/USDT:USDT,0.04605,3.0,0.04604,130.0,0.04606,27.0,0.04607,1039.0
1753617171907,11:52:51.907,gateio,ACT/USDT:USDT,0.04605,3.0,0.04604,130.0,0.04606,27.0,0.04607,1039.0
1753617172638,11:52:52.638,gateio,ACT/USDT:USDT,0.04605,3.0,0.04604,108.0,0.04606,27.0,0.04607,1039.0
1753617172739,11:52:52.739,gateio,ACT/USDT:USDT,0.04605,108.0,0.04604,152.0,0.04606,27.0,0.04607,1039.0
1753617172814,11:52:52.814,gateio,ACT/USDT:USDT,0.04605,111.0,0.04604,108.0,0.04606,27.0,0.04607,1039.0
1753617172882,11:52:52.882,gateio,ACT/USDT:USDT,0.04605,108.0,0.04604,108.0,0.04606,27.0,0.04607,1039.0
1753617173167,11:52:53.167,gateio,ACT/USDT:USDT,0.04605,108.0,0.04604,108.0,0.04606,27.0,0.04607,1039.0
1753617173578,11:52:53.578,gateio,ACT/USDT:USDT,0.04605,108.0,0.04604,108.0,0.04606,27.0,0.04607,1039.0
1753617173678,11:52:53.678,gateio,ACT/USDT:USDT,0.04605,108.0,0.04604,108.0,0.04606,27.0,0.04607,1039.0
1753617173989,11:52:53.989,gateio,ACT/USDT:USDT,0.04605,108.0,0.04604,108.0,0.04606,27.0,0.04607,1039.0
1753617174405,11:52:54.405,gateio,ACT/USDT:USDT,0.04605,108.0,0.04604,108.0,0.04606,27.0,0.04607,1039.0
1753617174822,11:52:54.822,gateio,ACT/USDT:USDT,0.04605,108.0,0.04604,108.0,0.04606,27.0,0.04607,1039.0
1753617175024,11:52:55.024,gateio,ACT/USDT:USDT,0.04605,108.0,0.04604,108.0,0.04606,27.0,0.04607,1039.0
1753617175751,11:52:55.751,gateio,ACT/USDT:USDT,0.04605,108.0,0.04604,108.0,0.04606,27.0,0.04607,1039.0
1753617176067,11:52:56.067,gateio,ACT/USDT:USDT,0.04605,108.0,0.04604,108.0,0.04606,27.0,0.04607,1039.0
1753617176078,11:52:56.078,gateio,ACT/USDT:USDT,0.04605,108.0,0.04604,108.0,0.04606,27.0,0.04607,1039.0
1753617177285,11:52:57.285,gateio,ACT/USDT:USDT,0.04605,108.0,0.04604,108.0,0.04606,27.0,0.04607,1039.0
1753617177648,11:52:57.648,gateio,ACT/USDT:USDT,0.04605,108.0,0.04604,108.0,0.04606,27.0,0.04607,1039.0
1753617178912,11:52:58.912,gateio,ACT/USDT:USDT,0.04605,108.0,0.04604,108.0,0.04606,49.0,0.04607,1039.0
1753617179033,11:52:59.033,gateio,ACT/USDT:USDT,0.04604,108.0,0.04603,176.0,0.04606,49.0,0.04607,1039.0
1753617179086,11:52:59.086,gateio,ACT/USDT:USDT,0.04604,111.0,0.04603,176.0,0.04606,49.0,0.04607,1039.0
1753617179268,11:52:59.268,gateio,ACT/USDT:USDT,0.04604,111.0,0.04603,176.0,0.04606,49.0,0.04607,1039.0
1753617179529,11:52:59.529,gateio,ACT/USDT:USDT,0.04604,111.0,0.04603,176.0,0.04606,49.0,0.04607,1039.0
1753617179581,11:52:59.581,gateio,ACT/USDT:USDT,0.04604,3.0,0.04603,176.0,0.04606,71.0,0.04607,1039.0
1753617179720,11:52:59.720,gateio,ACT/USDT:USDT,0.04604,3.0,0.04603,176.0,0.04606,71.0,0.04607,1039.0
1753617180339,11:53:00.339,gateio,ACT/USDT:USDT,0.04604,3.0,0.04603,176.0,0.04606,1109.0,0.04607,186.0
1753617180382,11:53:00.382,gateio,ACT/USDT:USDT,0.04604,3.0,0.04603,176.0,0.04606,1082.0,0.04607,186.0
1753617180510,11:53:00.510,gateio,ACT/USDT:USDT,0.04604,3.0,0.04603,176.0,0.04606,1082.0,0.04607,186.0
1753617181882,11:53:01.882,gateio,ACT/USDT:USDT,0.04604,3.0,0.04603,176.0,0.04606,1082.0,0.04607,186.0
1753617182124,11:53:02.124,gateio,ACT/USDT:USDT,0.04604,3.0,0.04603,176.0,0.04606,1082.0,0.04607,186.0
1753617182639,11:53:02.639,gateio,ACT/USDT:USDT,0.04604,3.0,0.04603,176.0,0.04606,1038.0,0.04607,1.0
1753617182711,11:53:02.711,gateio,ACT/USDT:USDT,0.04604,3.0,0.04603,176.0,0.04607,1039.0,0.04609,434.0
1753617182797,11:53:02.797,gateio,ACT/USDT:USDT,0.04605,108.0,0.04604,3.0,0.04607,1039.0,0.04609,434.0
1753617182939,11:53:02.939,gateio,ACT/USDT:USDT,0.04605,108.0,0.04604,3.0,0.04606,27.0,0.04607,1039.0
1753617182984,11:53:02.984,gateio,ACT/USDT:USDT,0.04605,108.0,0.04604,179.0,0.04606,27.0,0.04607,1039.0
1753617183089,11:53:03.089,gateio,ACT/USDT:USDT,0.04605,108.0,0.04604,179.0,0.04606,27.0,0.04607,1039.0
1753617183360,11:53:03.360,gateio,ACT/USDT:USDT,0.04605,108.0,0.04604,179.0,0.04606,27.0,0.04607,1039.0
1753617183601,11:53:03.601,gateio,ACT/USDT:USDT,0.04605,108.0,0.04604,179.0,0.04607,1039.0,0.0461,955.0
1753617183697,11:53:03.697,gateio,ACT/USDT:USDT,0.04605,132.0,0.04604,179.0,0.04607,1039.0,0.0461,955.0
1753617183849,11:53:03.849,gateio,ACT/USDT:USDT,0.04605,132.0,0.04604,179.0,0.04607,1039.0,0.0461,705.0
1753617183922,11:53:03.922,gateio,ACT/USDT:USDT,0.04605,339.0,0.04604,179.0,0.04607,1039.0,0.0461,705.0
1753617184018,11:53:04.018,gateio,ACT/USDT:USDT,0.04605,337.0,0.04604,176.0,0.04607,1039.0,0.0461,705.0
1753617184079,11:53:04.079,gateio,ACT/USDT:USDT,0.04605,315.0,0.04604,176.0,0.04607,1039.0,0.0461,705.0
1753617184327,11:53:04.327,gateio,ACT/USDT:USDT,0.04605,337.0,0.04604,176.0,0.04607,1039.0,0.0461,705.0
1753617184381,11:53:04.381,gateio,ACT/USDT:USDT,0.04605,315.0,0.04604,176.0,0.04607,1039.0,0.0461,705.0
1753617184749,11:53:04.749,gateio,ACT/USDT:USDT,0.04605,315.0,0.04604,176.0,0.04607,1039.0,0.0461,705.0
1753617185112,11:53:05.112,gateio,ACT/USDT:USDT,0.04605,337.0,0.04604,176.0,0.04607,1039.0,0.0461,705.0
1753617185838,11:53:05.838,gateio,ACT/USDT:USDT,0.04605,108.0,0.04604,176.0,0.04607,1061.0,0.04609,185.0
1753617185883,11:53:05.883,gateio,ACT/USDT:USDT,0.04605,135.0,0.04604,176.0,0.04607,1061.0,0.04609,185.0
1753617186047,11:53:06.047,gateio,ACT/USDT:USDT,0.04605,135.0,0.04604,176.0,0.04607,1039.0,0.04609,185.0
1753617187658,11:53:07.658,gateio,ACT/USDT:USDT,0.04605,135.0,0.04604,176.0,0.04607,1039.0,0.04609,185.0
1753617187981,11:53:07.981,gateio,ACT/USDT:USDT,0.04605,135.0,0.04604,176.0,0.04607,1039.0,0.04609,185.0
1753617188821,11:53:08.821,gateio,ACT/USDT:USDT,0.04605,135.0,0.04604,176.0,0.04607,1061.0,0.04609,185.0
1753617189203,11:53:09.203,gateio,ACT/USDT:USDT,0.04605,135.0,0.04604,176.0,0.04607,1039.0,0.04609,185.0
1753617190062,11:53:10.062,gateio,ACT/USDT:USDT,0.04605,135.0,0.04604,176.0,0.04607,1039.0,0.04609,185.0
1753617190255,11:53:10.255,gateio,ACT/USDT:USDT,0.04605,135.0,0.04604,176.0,0.04607,1061.0,0.04609,185.0
1753617191348,11:53:11.348,gateio,ACT/USDT:USDT,0.04605,135.0,0.04604,176.0,0.04607,1083.0,0.04609,185.0
1753617191698,11:53:11.698,gateio,ACT/USDT:USDT,0.04605,135.0,0.04604,176.0,0.04607,1061.0,0.04609,185.0
1753617191828,11:53:11.828,gateio,ACT/USDT:USDT,0.04605,135.0,0.04604,176.0,0.04607,1083.0,0.04609,185.0
1753617194725,11:53:14.725,gateio,ACT/USDT:USDT,0.04605,135.0,0.04604,176.0,0.04607,1039.0,0.04609,185.0
1753617194785,11:53:14.785,gateio,ACT/USDT:USDT,0.04605,135.0,0.04604,176.0,0.04607,1061.0,0.04609,185.0
1753617195374,11:53:15.374,gateio,ACT/USDT:USDT,0.04606,108.0,0.04605,135.0,0.04607,1039.0,0.04609,185.0
1753617195440,11:53:15.440,gateio,ACT/USDT:USDT,0.04606,108.0,0.04605,135.0,0.04607,1039.0,0.04608,2.0
1753617195482,11:53:15.482,gateio,ACT/USDT:USDT,0.04606,108.0,0.04605,108.0,0.04607,1039.0,0.04608,2.0
1753617195713,11:53:15.713,gateio,ACT/USDT:USDT,0.04606,108.0,0.04605,108.0,0.04607,1039.0,0.04608,2.0
1753617197005,11:53:17.005,gateio,ACT/USDT:USDT,0.04606,108.0,0.04605,108.0,0.04607,1039.0,0.04608,2.0
1753617197334,11:53:17.334,gateio,ACT/USDT:USDT,0.04606,108.0,0.04605,108.0,0.04607,1039.0,0.04608,2.0
1753617198018,11:53:18.018,gateio,ACT/USDT:USDT,0.04606,108.0,0.04605,108.0,0.04607,1039.0,0.04608,2.0
1753617198088,11:53:18.088,gateio,ACT/USDT:USDT,0.04606,108.0,0.04605,108.0,0.04607,1039.0,0.04609,2.0
1753617198834,11:53:18.834,gateio,ACT/USDT:USDT,0.04606,108.0,0.04605,108.0,0.04607,1039.0,0.04609,2.0
1753617198957,11:53:18.957,gateio,ACT/USDT:USDT,0.04606,108.0,0.04605,108.0,0.04607,1039.0,0.04609,2.0
1753617199268,11:53:19.268,gateio,ACT/USDT:USDT,0.04606,108.0,0.04605,108.0,0.04607,1039.0,0.04609,2.0
1753617199954,11:53:19.954,gateio,ACT/USDT:USDT,0.04605,108.0,0.04602,27.0,0.04607,1083.0,0.04609,187.0
1753617199985,11:53:19.985,gateio,ACT/USDT:USDT,0.04605,108.0,0.04604,176.0,0.04607,1083.0,0.04609,185.0
1753617200094,11:53:20.094,gateio,ACT/USDT:USDT,0.04605,27.0,0.04604,176.0,0.04607,1083.0,0.04609,185.0
1753617200196,11:53:20.196,gateio,ACT/USDT:USDT,0.04605,27.0,0.04604,176.0,0.04607,1083.0,0.04609,185.0
1753617200558,11:53:20.558,gateio,ACT/USDT:USDT,0.04605,27.0,0.04604,176.0,0.04607,1.0,0.04609,185.0
1753617200624,11:53:20.624,gateio,ACT/USDT:USDT,0.04605,27.0,0.04604,176.0,0.04607,1.0,0.04608,2.0
1753617201167,11:53:21.167,gateio,ACT/USDT:USDT,0.04606,108.0,0.04605,71.0,0.04607,1.0,0.04608,2.0
1753617201269,11:53:21.269,gateio,ACT/USDT:USDT,0.04606,152.0,0.04605,203.0,0.04607,1.0,0.04608,2.0
1753617201282,11:53:21.282,gateio,ACT/USDT:USDT,0.04606,152.0,0.04605,203.0,0.04607,1.0,0.04609,2.0
1753617202069,11:53:22.069,gateio,ACT/USDT:USDT,0.04606,108.0,0.04605,203.0,0.04607,1.0,0.04609,2.0
1753617202399,11:53:22.399,gateio,ACT/USDT:USDT,0.04606,108.0,0.04605,203.0,0.04607,1.0,0.04609,2.0
1753617207475,11:53:27.475,gateio,ACT/USDT:USDT,0.04606,152.0,0.04605,203.0,0.04607,1.0,0.04609,2.0
1753617207679,11:53:27.679,gateio,ACT/USDT:USDT,0.04606,152.0,0.04605,203.0,0.04607,1.0,0.04609,2.0
1753617207881,11:53:27.881,gateio,ACT/USDT:USDT,0.04606,152.0,0.04605,203.0,0.04607,1.0,0.04609,2.0
1753617209848,11:53:29.848,gateio,ACT/USDT:USDT,0.04606,339.0,0.04605,203.0,0.04607,1.0,0.04609,2.0
1753617209890,11:53:29.890,gateio,ACT/USDT:USDT,0.04606,339.0,0.04605,203.0,0.04607,1.0,0.0461,2.0
1753617210205,11:53:30.205,gateio,ACT/USDT:USDT,0.04606,339.0,0.04605,203.0,0.04607,1.0,0.0461,2.0
1753617210305,11:53:30.305,gateio,ACT/USDT:USDT,0.04606,339.0,0.04605,203.0,0.04607,1.0,0.0461,2.0
1753617210434,11:53:30.434,gateio,ACT/USDT:USDT,0.04606,339.0,0.04605,203.0,0.04607,1.0,0.0461,2.0
1753617210921,11:53:30.921,gateio,ACT/USDT:USDT,0.04606,339.0,0.04605,203.0,0.04607,1.0,0.0461,2.0
1753617211438,11:53:31.438,gateio,ACT/USDT:USDT,0.04606,339.0,0.04605,203.0,0.04607,1.0,0.0461,2.0
1753617211752,11:53:31.752,gateio,ACT/USDT:USDT,0.04606,339.0,0.04605,203.0,0.04607,1.0,0.0461,2.0
1753617212137,11:53:32.137,gateio,ACT/USDT:USDT,0.04606,339.0,0.04605,203.0,0.04607,1.0,0.0461,2.0
1753617212244,11:53:32.244,gateio,ACT/USDT:USDT,0.04606,339.0,0.04605,203.0,0.04607,1.0,0.0461,2.0
1753617212284,11:53:32.284,gateio,ACT/USDT:USDT,0.04606,339.0,0.04605,203.0,0.04607,1.0,0.0461,2.0
1753617212412,11:53:32.412,gateio,ACT/USDT:USDT,0.04606,339.0,0.04605,203.0,0.04607,1.0,0.0461,2.0
1753617212978,11:53:32.978,gateio,ACT/USDT:USDT,0.04606,339.0,0.04605,203.0,0.04607,1.0,0.0461,2.0
1753617213400,11:53:33.400,gateio,ACT/USDT:USDT,0.04606,339.0,0.04605,203.0,0.04607,1.0,0.0461,2.0
1753617214065,11:53:34.065,gateio,ACT/USDT:USDT,0.04609,162.0,0.04607,187.0,0.0461,2.0,0.04611,250.0
1753617214147,11:53:34.147,gateio,ACT/USDT:USDT,0.04609,162.0,0.04608,203.0,0.0461,2.0,0.04611,272.0
1753617214267,11:53:34.267,gateio,ACT/USDT:USDT,0.04609,162.0,0.04608,203.0,0.0461,2.0,0.04611,272.0
1753617214367,11:53:34.367,gateio,ACT/USDT:USDT,0.04609,162.0,0.04608,203.0,0.0461,2.0,0.04611,294.0
1753617214386,11:53:34.386,gateio,ACT/USDT:USDT,0.04609,162.0,0.04608,203.0,0.0461,2.0,0.04611,294.0
1753617214730,11:53:34.730,gateio,ACT/USDT:USDT,0.04608,203.0,0.04607,800.0,0.0461,46.0,0.04611,250.0
1753617214783,11:53:34.783,gateio,ACT/USDT:USDT,0.04608,176.0,0.04607,800.0,0.0461,46.0,0.04611,250.0
1753617215030,11:53:35.030,gateio,ACT/USDT:USDT,0.04608,176.0,0.04607,800.0,0.0461,46.0,0.04611,250.0
1753617215236,11:53:35.236,gateio,ACT/USDT:USDT,0.04608,176.0,0.04607,800.0,0.0461,46.0,0.04611,250.0
1753617215352,11:53:35.352,gateio,ACT/USDT:USDT,0.04609,108.0,0.04608,176.0,0.0461,2.0,0.04611,294.0
1753617215384,11:53:35.384,gateio,ACT/USDT:USDT,0.04609,135.0,0.04608,176.0,0.0461,2.0,0.04611,294.0
1753617215821,11:53:35.821,gateio,ACT/USDT:USDT,0.04609,135.0,0.04608,176.0,0.0461,2.0,0.04611,272.0
1753617215880,11:53:35.880,gateio,ACT/USDT:USDT,0.04609,135.0,0.04608,176.0,0.0461,2.0,0.04611,294.0
1753617216777,11:53:36.777,gateio,ACT/USDT:USDT,0.04609,135.0,0.04608,176.0,0.0461,2.0,0.04611,294.0
1753617217519,11:53:37.519,gateio,ACT/USDT:USDT,0.04609,135.0,0.04608,176.0,0.0461,2.0,0.04611,294.0
1753617217874,11:53:37.874,gateio,ACT/USDT:USDT,0.04609,135.0,0.04608,176.0,0.0461,2.0,0.04611,294.0
1753617219336,11:53:39.336,gateio,ACT/USDT:USDT,0.04609,135.0,0.04608,176.0,0.0461,2.0,0.04611,272.0
1753617219527,11:53:39.527,gateio,ACT/USDT:USDT,0.04609,135.0,0.04608,176.0,0.0461,1040.0,0.04611,294.0
1753617221471,11:53:41.471,gateio,ACT/USDT:USDT,0.04609,135.0,0.04608,176.0,0.0461,1040.0,0.04611,272.0
1753617222866,11:53:42.866,gateio,ACT/USDT:USDT,0.04609,135.0,0.04608,176.0,0.0461,1040.0,0.04612,4309.0
1753617222884,11:53:42.884,gateio,ACT/USDT:USDT,0.04609,135.0,0.04608,176.0,0.0461,1038.0,0.04611,2.0
1753617223638,11:53:43.638,gateio,ACT/USDT:USDT,0.0461,108.0,0.04609,135.0,0.04611,2.0,0.04612,1038.0
1753617223765,11:53:43.765,gateio,ACT/USDT:USDT,0.0461,108.0,0.04609,135.0,0.04611,2.0,0.04612,1038.0
1753617223798,11:53:43.798,gateio,ACT/USDT:USDT,0.0461,108.0,0.04609,108.0,0.04611,2.0,0.04612,1038.0
1753617223953,11:53:43.953,gateio,ACT/USDT:USDT,0.0461,108.0,0.04609,108.0,0.04611,2.0,0.04612,1038.0
1753617224392,11:53:44.392,gateio,ACT/USDT:USDT,0.0461,108.0,0.04609,108.0,0.04611,2.0,0.04612,1038.0
1753617224696,11:53:44.696,gateio,ACT/USDT:USDT,0.0461,108.0,0.04609,108.0,0.04611,24.0,0.04612,1038.0
1753617225774,11:53:45.774,gateio,ACT/USDT:USDT,0.04608,175.0,0.04607,27.0,0.04611,46.0,0.04612,1038.0
1753617225863,11:53:45.863,gateio,ACT/USDT:USDT,0.04609,27.0,0.04608,175.0,0.04611,46.0,0.04612,1038.0
1753617226020,11:53:46.020,gateio,ACT/USDT:USDT,0.04609,27.0,0.04608,175.0,0.04611,46.0,0.04612,1038.0
1753617226840,11:53:46.840,gateio,ACT/USDT:USDT,0.04609,27.0,0.04608,175.0,0.04611,46.0,0.04612,1038.0
1753617227034,11:53:47.034,gateio,ACT/USDT:USDT,0.04609,27.0,0.04608,175.0,0.04611,24.0,0.04612,1038.0
1753617227174,11:53:47.174,gateio,ACT/USDT:USDT,0.0461,108.0,0.04609,49.0,0.04611,2.0,0.04612,1038.0
1753617227259,11:53:47.259,gateio,ACT/USDT:USDT,0.0461,108.0,0.04609,202.0,0.04611,2.0,0.04612,1038.0
1753617227316,11:53:47.316,gateio,ACT/USDT:USDT,0.0461,108.0,0.04609,202.0,0.04611,2.0,0.04612,1038.0
1753617227718,11:53:47.718,gateio,ACT/USDT:USDT,0.0461,108.0,0.04609,202.0,0.04611,2.0,0.04612,1038.0
1753617228075,11:53:48.075,gateio,ACT/USDT:USDT,0.0461,108.0,0.04609,202.0,0.04611,2.0,0.04612,1038.0
1753617228077,11:53:48.077,gateio,ACT/USDT:USDT,0.0461,108.0,0.04609,202.0,0.04611,2.0,0.04612,1038.0
1753617228198,11:53:48.198,gateio,ACT/USDT:USDT,0.0461,108.0,0.04609,202.0,0.04611,2.0,0.04613,187.0
1753617228298,11:53:48.298,gateio,ACT/USDT:USDT,0.0461,108.0,0.04609,202.0,0.04612,24.0,0.04613,187.0
1753617228398,11:53:48.398,gateio,ACT/USDT:USDT,0.0461,108.0,0.04609,202.0,0.04612,1062.0,0.04613,187.0
1753617228540,11:53:48.540,gateio,ACT/USDT:USDT,0.0461,108.0,0.04609,202.0,0.04612,1060.0,0.04613,187.0
1753617230260,11:53:50.260,gateio,ACT/USDT:USDT,0.04613,108.0,0.04611,108.0,0.04614,1.0,0.04615,188.0
1753617230375,11:53:50.375,gateio,ACT/USDT:USDT,0.04613,108.0,0.04612,175.0,0.04614,1039.0,0.04615,188.0
1753617230458,11:53:50.458,gateio,ACT/USDT:USDT,0.04613,135.0,0.04612,175.0,0.04614,25.0,0.04615,1226.0
1753617230633,11:53:50.633,gateio,ACT/USDT:USDT,0.04613,135.0,0.04612,175.0,0.04614,3.0,0.04615,1226.0
1753617230807,11:53:50.807,gateio,ACT/USDT:USDT,0.04613,135.0,0.04612,175.0,0.04614,3.0,0.04615,1226.0
1753617231148,11:53:51.148,gateio,ACT/USDT:USDT,0.04613,135.0,0.04612,175.0,0.04614,3.0,0.04615,1248.0
1753617231269,11:53:51.269,gateio,ACT/USDT:USDT,0.04612,175.0,0.04611,175.0,0.04613,108.0,0.04614,207.0
1753617231284,11:53:51.284,gateio,ACT/USDT:USDT,0.04612,178.0,0.04611,175.0,0.04613,133.0,0.04614,207.0
1753617231419,11:53:51.419,gateio,ACT/USDT:USDT,0.04612,178.0,0.04611,175.0,0.04613,155.0,0.04614,229.0
1753617231558,11:53:51.558,gateio,ACT/USDT:USDT,0.04611,175.0,0.0461,175.0,0.04613,359.0,0.04614,479.0
1753617231583,11:53:51.583,gateio,ACT/USDT:USDT,0.04611,175.0,0.0461,175.0,0.04613,334.0,0.04614,477.0
1753617231830,11:53:51.830,gateio,ACT/USDT:USDT,0.04611,175.0,0.0461,175.0,0.04613,334.0,0.04614,477.0
1753617232189,11:53:52.189,gateio,ACT/USDT:USDT,0.04611,175.0,0.0461,175.0,0.04613,334.0,0.04614,477.0
1753617232572,11:53:52.572,gateio,ACT/USDT:USDT,0.04611,175.0,0.0461,175.0,0.04613,334.0,0.04614,477.0
1753617232671,11:53:52.671,gateio,ACT/USDT:USDT,0.04609,175.0,0.04608,182.0,0.04613,334.0,0.04614,477.0
1753617232734,11:53:52.734,gateio,ACT/USDT:USDT,0.04609,175.0,0.04608,357.0,0.04612,73.0,0.04613,290.0
1753617232858,11:53:52.858,gateio,ACT/USDT:USDT,0.0461,33.0,0.04609,197.0,0.04612,51.0,0.04613,290.0
1753617232926,11:53:52.926,gateio,ACT/USDT:USDT,0.0461,33.0,0.04609,197.0,0.04612,73.0,0.04613,290.0
1753617233080,11:53:53.080,gateio,ACT/USDT:USDT,0.0461,33.0,0.04609,197.0,0.04612,73.0,0.04613,290.0
1753617233774,11:53:53.774,gateio,ACT/USDT:USDT,0.04609,197.0,0.04607,250.0,0.04612,255.0,0.04613,290.0
1753617233871,11:53:53.871,gateio,ACT/USDT:USDT,0.04609,175.0,0.04608,175.0,0.04612,255.0,0.04613,290.0
1753617233943,11:53:53.943,gateio,ACT/USDT:USDT,0.04609,175.0,0.04608,175.0,0.04612,255.0,0.04613,290.0
1753617234298,11:53:54.298,gateio,ACT/USDT:USDT,0.04609,175.0,0.04608,175.0,0.04612,255.0,0.04613,290.0
1753617234759,11:53:54.759,gateio,ACT/USDT:USDT,0.04609,175.0,0.04608,175.0,0.04612,255.0,0.04613,290.0
1753617236904,11:53:56.904,gateio,ACT/USDT:USDT,0.04609,175.0,0.04608,175.0,0.04612,1293.0,0.04613,290.0
1753617237133,11:53:57.133,gateio,ACT/USDT:USDT,0.04609,175.0,0.04608,175.0,0.04612,1293.0,0.04613,290.0
1753617237232,11:53:57.232,gateio,ACT/USDT:USDT,0.04609,175.0,0.04608,175.0,0.04612,1293.0,0.04613,290.0
1753617238356,11:53:58.356,gateio,ACT/USDT:USDT,0.04609,175.0,0.04608,175.0,0.04611,1038.0,0.04612,255.0
1753617238382,11:53:58.382,gateio,ACT/USDT:USDT,0.04609,175.0,0.04608,175.0,0.04612,1264.0,0.04613,1370.0
1753617238498,11:53:58.498,gateio,ACT/USDT:USDT,0.04609,175.0,0.04608,175.0,0.04611,51.0,0.04612,1242.0
1753617238861,11:53:58.861,gateio,ACT/USDT:USDT,0.04609,175.0,0.04608,175.0,0.04611,29.0,0.04612,1242.0
1753617238958,11:53:58.958,gateio,ACT/USDT:USDT,0.0461,33.0,0.04609,175.0,0.04611,73.0,0.04612,1220.0
1753617239239,11:53:59.239,gateio,ACT/USDT:USDT,0.04609,175.0,0.04608,175.0,0.04611,73.0,0.04612,1220.0
1753617239754,11:53:59.754,gateio,ACT/USDT:USDT,0.04609,175.0,0.04608,175.0,0.04611,1294.0,0.04612,182.0
1753617239865,11:53:59.865,gateio,ACT/USDT:USDT,0.04607,33.0,0.04606,362.0,0.0461,1060.0,0.04611,183.0
1753617239906,11:53:59.906,gateio,ACT/USDT:USDT,0.04607,33.0,0.04606,362.0,0.04609,29.0,0.0461,1038.0
1753617239998,11:53:59.998,gateio,ACT/USDT:USDT,0.04607,33.0,0.04606,362.0,0.04609,29.0,0.0461,1038.0
1753617240081,11:54:00.081,gateio,ACT/USDT:USDT,0.04607,33.0,0.04606,362.0,0.04609,29.0,0.0461,1038.0
1753617240388,11:54:00.388,gateio,ACT/USDT:USDT,0.04607,55.0,0.04606,362.0,0.04609,29.0,0.0461,1038.0
1753617240524,11:54:00.524,gateio,ACT/USDT:USDT,0.04607,55.0,0.04606,362.0,0.04609,29.0,0.0461,1038.0
1753617240900,11:54:00.900,gateio,ACT/USDT:USDT,0.04607,55.0,0.04606,362.0,0.04609,29.0,0.0461,1038.0
1753617241365,11:54:01.365,gateio,ACT/USDT:USDT,0.04607,55.0,0.04606,362.0,0.04609,29.0,0.0461,1038.0
1753617241919,11:54:01.919,gateio,ACT/USDT:USDT,0.04607,33.0,0.04606,362.0,0.04609,29.0,0.0461,1038.0
1753617242241,11:54:02.241,gateio,ACT/USDT:USDT,0.04607,33.0,0.04606,362.0,0.04609,29.0,0.0461,1038.0
1753617242330,11:54:02.330,gateio,ACT/USDT:USDT,0.04607,33.0,0.04606,362.0,0.04609,29.0,0.0461,1038.0
1753617242498,11:54:02.498,gateio,ACT/USDT:USDT,0.04606,175.0,0.04605,183.0,0.04609,1111.0,0.04612,182.0
1753617242583,11:54:02.583,gateio,ACT/USDT:USDT,0.04606,175.0,0.04605,358.0,0.04609,1111.0,0.04612,182.0
1753617242808,11:54:02.808,gateio,ACT/USDT:USDT,0.04606,197.0,0.04605,358.0,0.04609,1089.0,0.04612,182.0
1753617242905,11:54:02.905,gateio,ACT/USDT:USDT,0.04606,197.0,0.04605,358.0,0.04609,1111.0,0.04612,182.0
1753617243065,11:54:03.065,gateio,ACT/USDT:USDT,0.04606,197.0,0.04605,358.0,0.04609,1111.0,0.04612,182.0
1753617243353,11:54:03.353,gateio,ACT/USDT:USDT,0.04606,197.0,0.04605,358.0,0.04609,1089.0,0.04612,182.0
1753617243416,11:54:03.416,gateio,ACT/USDT:USDT,0.04606,219.0,0.04605,358.0,0.04609,1067.0,0.04612,182.0
1753617243490,11:54:03.490,gateio,ACT/USDT:USDT,0.04606,219.0,0.04605,358.0,0.04609,1067.0,0.04612,182.0
1753617243582,11:54:03.582,gateio,ACT/USDT:USDT,0.04606,197.0,0.04605,358.0,0.04609,1089.0,0.04612,182.0
1753617243909,11:54:03.909,gateio,ACT/USDT:USDT,0.04606,197.0,0.04605,358.0,0.04609,1067.0,0.04612,182.0
1753617244639,11:54:04.639,gateio,ACT/USDT:USDT,0.04606,197.0,0.04605,358.0,0.04609,1089.0,0.0461,183.0
1753617245059,11:54:05.059,gateio,ACT/USDT:USDT,0.04606,175.0,0.04605,358.0,0.04609,1111.0,0.0461,183.0
1753617245138,11:54:05.138,gateio,ACT/USDT:USDT,0.04606,175.0,0.04605,358.0,0.04609,1111.0,0.0461,183.0
1753617245459,11:54:05.459,gateio,ACT/USDT:USDT,0.04606,175.0,0.04605,358.0,0.04609,1111.0,0.0461,183.0
1753617245956,11:54:05.956,gateio,ACT/USDT:USDT,0.04606,175.0,0.04605,358.0,0.04609,1111.0,0.0461,183.0
1753617246058,11:54:06.058,gateio,ACT/USDT:USDT,0.04607,33.0,0.04606,175.0,0.04608,1038.0,0.04609,51.0
1753617246120,11:54:06.120,gateio,ACT/USDT:USDT,0.04607,33.0,0.04606,175.0,0.04608,1060.0,0.04609,51.0
1753617246182,11:54:06.182,gateio,ACT/USDT:USDT,0.04607,33.0,0.04606,175.0,0.04608,1060.0,0.04609,51.0
1753617247143,11:54:07.143,gateio,ACT/USDT:USDT,0.04606,175.0,0.04605,175.0,0.04608,1082.0,0.04609,73.0
1753617247260,11:54:07.260,gateio,ACT/USDT:USDT,0.04605,175.0,0.04604,358.0,0.04608,1082.0,0.04609,44.0
1753617247313,11:54:07.313,gateio,ACT/USDT:USDT,0.04605,175.0,0.04604,358.0,0.04607,29.0,0.04608,1060.0
1753617247461,11:54:07.461,gateio,ACT/USDT:USDT,0.04606,33.0,0.04605,197.0,0.04607,29.0,0.04608,1038.0
1753617247573,11:54:07.573,gateio,ACT/USDT:USDT,0.04606,33.0,0.04605,175.0,0.04607,29.0,0.04608,1082.0
1753617247582,11:54:07.582,gateio,ACT/USDT:USDT,0.04606,33.0,0.04605,175.0,0.04607,29.0,0.04608,1082.0
1753617247938,11:54:07.938,gateio,ACT/USDT:USDT,0.04604,183.0,0.04603,250.0,0.04607,51.0,0.04608,1082.0
1753617248042,11:54:08.042,gateio,ACT/USDT:USDT,0.04604,183.0,0.04603,425.0,0.04607,1111.0,0.04608,22.0
1753617248078,11:54:08.078,gateio,ACT/USDT:USDT,0.04604,183.0,0.04603,425.0,0.04607,1111.0,0.04608,22.0
1753617248187,11:54:08.187,gateio,ACT/USDT:USDT,0.04604,183.0,0.04603,425.0,0.04607,1111.0,0.04608,22.0
1753617248865,11:54:08.865,gateio,ACT/USDT:USDT,0.04604,183.0,0.04603,425.0,0.04607,1111.0,0.04608,22.0
1753617250038,11:54:10.038,gateio,ACT/USDT:USDT,0.04603,425.0,0.04602,609.0,0.04607,1111.0,0.04608,22.0
1753617250911,11:54:10.911,gateio,ACT/USDT:USDT,0.04603,425.0,0.04602,609.0,0.04607,1111.0,0.04608,22.0
1753617251959,11:54:11.959,gateio,ACT/USDT:USDT,0.04605,33.0,0.04604,175.0,0.04607,1111.0,0.04608,22.0
1753617252037,11:54:12.037,gateio,ACT/USDT:USDT,0.04605,33.0,0.04604,175.0,0.04607,1082.0,0.04608,22.0
1753617252937,11:54:12.937,gateio,ACT/USDT:USDT,0.04605,33.0,0.04604,175.0,0.04607,1082.0,0.04608,22.0
1753617255245,11:54:15.245,gateio,ACT/USDT:USDT,0.04605,33.0,0.04604,363.0,0.04607,1082.0,0.04608,22.0
1753617255371,11:54:15.371,gateio,ACT/USDT:USDT,0.04605,33.0,0.04604,363.0,0.04607,1082.0,0.04608,22.0
1753617257918,11:54:17.918,gateio,ACT/USDT:USDT,0.04605,33.0,0.04604,363.0,0.04607,1082.0,0.04608,22.0
1753617258581,11:54:18.581,gateio,ACT/USDT:USDT,0.04605,33.0,0.04604,363.0,0.04607,1060.0,0.04608,22.0
1753617259017,11:54:19.017,gateio,ACT/USDT:USDT,0.04605,33.0,0.04604,363.0,0.04607,1082.0,0.04608,22.0
1753617259458,11:54:19.458,gateio,ACT/USDT:USDT,0.04605,33.0,0.04604,363.0,0.04607,44.0,0.04608,22.0
1753617259485,11:54:19.485,gateio,ACT/USDT:USDT,0.04605,33.0,0.04604,363.0,0.04607,22.0,0.04608,51.0
1753617259876,11:54:19.876,gateio,ACT/USDT:USDT,0.04605,33.0,0.04604,363.0,0.04607,22.0,0.04608,51.0
1753617260208,11:54:20.208,gateio,ACT/USDT:USDT,0.04605,33.0,0.04604,363.0,0.04607,22.0,0.04608,51.0
1753617260734,11:54:20.734,gateio,ACT/USDT:USDT,0.04606,33.0,0.04605,175.0,0.04607,22.0,0.04608,51.0
1753617261032,11:54:21.032,gateio,ACT/USDT:USDT,0.04606,33.0,0.04605,175.0,0.04607,22.0,0.04608,51.0
1753617263394,11:54:23.394,gateio,ACT/USDT:USDT,0.04606,33.0,0.04605,175.0,0.04608,73.0,0.04609,1038.0
1753617263518,11:54:23.518,gateio,ACT/USDT:USDT,0.04606,33.0,0.04605,175.0,0.04608,73.0,0.04609,1038.0
1753617263945,11:54:23.945,gateio,ACT/USDT:USDT,0.04606,33.0,0.04605,175.0,0.04608,73.0,0.04609,1038.0
1753617271658,11:54:31.658,gateio,ACT/USDT:USDT,0.04606,33.0,0.04605,175.0,0.04608,1630.0,0.0461,183.0
1753617271683,11:54:31.683,gateio,ACT/USDT:USDT,0.04606,33.0,0.04605,175.0,0.04608,1601.0,0.0461,183.0
1753617272007,11:54:32.007,gateio,ACT/USDT:USDT,0.04606,33.0,0.04605,175.0,0.04608,1601.0,0.0461,183.0
1753617273561,11:54:33.561,gateio,ACT/USDT:USDT,0.04604,198.0,0.04603,614.0,0.04606,1038.0,0.04608,699.0
1753617273638,11:54:33.638,gateio,ACT/USDT:USDT,0.04604,176.0,0.04603,614.0,0.04608,1737.0,0.0461,433.0
1753617273683,11:54:33.683,gateio,ACT/USDT:USDT,0.04604,176.0,0.04603,614.0,0.04605,1038.0,0.04607,23.0
1753617273787,11:54:33.787,gateio,ACT/USDT:USDT,0.04604,176.0,0.04603,614.0,0.04607,1061.0,0.04608,699.0
1753617274054,11:54:34.054,gateio,ACT/USDT:USDT,0.04604,176.0,0.04603,614.0,0.04607,1083.0,0.04608,699.0
1753617274079,11:54:34.079,gateio,ACT/USDT:USDT,0.04604,176.0,0.04603,614.0,0.04607,1105.0,0.04608,699.0
1753617274504,11:54:34.504,gateio,ACT/USDT:USDT,0.04604,198.0,0.04603,614.0,0.04607,1105.0,0.04608,699.0
1753617274882,11:54:34.882,gateio,ACT/USDT:USDT,0.04604,176.0,0.04603,614.0,0.04607,1105.0,0.04608,699.0
1753617275301,11:54:35.301,gateio,ACT/USDT:USDT,0.04604,198.0,0.04603,614.0,0.04607,1105.0,0.04608,699.0
1753617275693,11:54:35.693,gateio,ACT/USDT:USDT,0.04604,176.0,0.04603,614.0,0.04607,1105.0,0.04608,699.0
1753617283245,11:54:43.245,gateio,ACT/USDT:USDT,0.04604,176.0,0.04603,426.0,0.04605,1038.0,0.04606,22.0
1753617283368,11:54:43.368,gateio,ACT/USDT:USDT,0.04605,33.0,0.04604,176.0,0.04606,1082.0,0.04607,233.0
1753617283697,11:54:43.697,gateio,ACT/USDT:USDT,0.04605,33.0,0.04604,176.0,0.04606,1060.0,0.04607,255.0
1753617283793,11:54:43.793,gateio,ACT/USDT:USDT,0.04605,33.0,0.04604,176.0,0.04606,1060.0,0.04607,255.0
1753617284076,11:54:44.076,gateio,ACT/USDT:USDT,0.04605,33.0,0.04604,176.0,0.04606,1060.0,0.04607,255.0
1753617284193,11:54:44.193,gateio,ACT/USDT:USDT,0.04605,33.0,0.04604,176.0,0.04606,1060.0,0.04607,255.0
1753617285450,11:54:45.450,gateio,ACT/USDT:USDT,0.04604,176.0,0.04603,250.0,0.04606,1082.0,0.04607,233.0
1753617285482,11:54:45.482,gateio,ACT/USDT:USDT,0.04604,176.0,0.04603,426.0,0.04606,1082.0,0.04607,210.0
1753617285822,11:54:45.822,gateio,ACT/USDT:USDT,0.04604,176.0,0.04603,426.0,0.04606,1082.0,0.04607,210.0
1753617286036,11:54:46.036,gateio,ACT/USDT:USDT,0.04604,176.0,0.04603,426.0,0.04606,1060.0,0.04607,210.0
1753617286242,11:54:46.242,gateio,ACT/USDT:USDT,0.04604,176.0,0.04603,426.0,0.04606,1082.0,0.04607,210.0
1753617289047,11:54:49.047,gateio,ACT/USDT:USDT,0.04604,176.0,0.04603,426.0,0.04606,1060.0,0.04607,210.0
1753617289642,11:54:49.642,gateio,ACT/USDT:USDT,0.04604,176.0,0.04603,426.0,0.04606,1038.0,0.04607,188.0
1753617290346,11:54:50.346,gateio,ACT/USDT:USDT,0.04604,198.0,0.04603,610.0,0.04606,1038.0,0.04608,699.0
1753617290564,11:54:50.564,gateio,ACT/USDT:USDT,0.04604,176.0,0.04603,610.0,0.04606,1038.0,0.04608,699.0
1753617290687,11:54:50.687,gateio,ACT/USDT:USDT,0.04604,176.0,0.04603,610.0,0.04606,1060.0,0.04608,699.0
1753617291082,11:54:51.082,gateio,ACT/USDT:USDT,0.04604,176.0,0.04603,610.0,0.04606,1060.0,0.04608,699.0
1753617291283,11:54:51.283,gateio,ACT/USDT:USDT,0.04604,176.0,0.04603,610.0,0.04606,1082.0,0.04608,699.0
1753617294732,11:54:54.732,gateio,ACT/USDT:USDT,0.04604,176.0,0.04603,610.0,0.04606,1082.0,0.04607,184.0
1753617295126,11:54:55.126,gateio,ACT/USDT:USDT,0.04604,176.0,0.04603,610.0,0.04606,1082.0,0.04607,184.0
1753617295354,11:54:55.354,gateio,ACT/USDT:USDT,0.04604,176.0,0.04603,426.0,0.04606,1082.0,0.04607,184.0
1753617303458,11:55:03.458,gateio,ACT/USDT:USDT,0.04603,426.0,0.04602,610.0,0.04606,1082.0,0.04607,184.0
1753617303559,11:55:03.559,gateio,ACT/USDT:USDT,0.04604,33.0,0.04603,426.0,0.04605,23.0,0.04606,1038.0
1753617303667,11:55:03.667,gateio,ACT/USDT:USDT,0.04604,33.0,0.04603,426.0,0.04605,43.0,0.04606,1038.0
1753617303707,11:55:03.707,gateio,ACT/USDT:USDT,0.04604,33.0,0.04603,426.0,0.04605,23.0,0.04606,1038.0
1753617304022,11:55:04.022,gateio,ACT/USDT:USDT,0.04604,33.0,0.04603,426.0,0.04605,23.0,0.04606,1038.0
1753617304542,11:55:04.542,gateio,ACT/USDT:USDT,0.04604,33.0,0.04603,176.0,0.04605,23.0,0.04606,1038.0
1753617304640,11:55:04.640,gateio,ACT/USDT:USDT,0.04602,177.0,0.04601,435.0,0.04605,63.0,0.04606,1038.0
1753617304774,11:55:04.774,gateio,ACT/USDT:USDT,0.04602,177.0,0.04601,611.0,0.04605,63.0,0.04606,1038.0
1753617304865,11:55:04.865,gateio,ACT/USDT:USDT,0.04602,177.0,0.04601,611.0,0.04605,248.0,0.04606,1038.0
1753617304972,11:55:04.972,gateio,ACT/USDT:USDT,0.04602,1.0,0.04601,176.0,0.04605,248.0,0.04606,1038.0
1753617305059,11:55:05.059,gateio,ACT/USDT:USDT,0.04602,1.0,0.04601,176.0,0.04604,205.0,0.04605,228.0
1753617305124,11:55:05.124,gateio,ACT/USDT:USDT,0.04602,1.0,0.04601,176.0,0.04603,55.0,0.04604,205.0
1753617305206,11:55:05.206,gateio,ACT/USDT:USDT,0.04602,1.0,0.04601,176.0,0.04603,63.0,0.04604,1243.0
1753617305281,11:55:05.281,gateio,ACT/USDT:USDT,0.04602,1.0,0.04601,176.0,0.04603,63.0,0.04604,1243.0
1753617306136,11:55:06.136,gateio,ACT/USDT:USDT,0.04602,1.0,0.04601,176.0,0.04603,63.0,0.04604,1243.0
1753617306874,11:55:06.874,gateio,ACT/USDT:USDT,0.04602,1.0,0.04601,176.0,0.04603,63.0,0.04604,1243.0
1753617306959,11:55:06.959,gateio,ACT/USDT:USDT,0.04602,1.0,0.04601,176.0,0.04603,63.0,0.04604,1243.0
1753617307044,11:55:07.044,gateio,ACT/USDT:USDT,0.04602,1.0,0.04601,176.0,0.04603,63.0,0.04604,1243.0
1753617309262,11:55:09.262,gateio,ACT/USDT:USDT,0.04602,34.0,0.04601,176.0,0.04603,63.0,0.04604,1058.0
1753617309300,11:55:09.300,gateio,ACT/USDT:USDT,0.04602,34.0,0.04601,176.0,0.04603,63.0,0.04604,1058.0
1753617309484,11:55:09.484,gateio,ACT/USDT:USDT,0.04602,34.0,0.04601,176.0,0.04603,63.0,0.04604,1058.0
1753617310361,11:55:10.361,gateio,ACT/USDT:USDT,0.04602,34.0,0.04601,176.0,0.04603,43.0,0.04604,1058.0
1753617310468,11:55:10.468,gateio,ACT/USDT:USDT,0.04602,1.0,0.04601,176.0,0.04603,63.0,0.04604,1058.0
1753617311038,11:55:11.038,gateio,ACT/USDT:USDT,0.04602,1.0,0.04601,176.0,0.04603,1101.0,0.04604,20.0
1753617311087,11:55:11.087,gateio,ACT/USDT:USDT,0.04602,1.0,0.04601,176.0,0.04603,1078.0,0.04604,43.0
1753617311318,11:55:11.318,gateio,ACT/USDT:USDT,0.04602,1.0,0.04601,176.0,0.04603,1078.0,0.04604,43.0
1753617311459,11:55:11.459,gateio,ACT/USDT:USDT,0.04602,1.0,0.04601,176.0,0.04603,1078.0,0.04604,43.0
1753617311938,11:55:11.938,gateio,ACT/USDT:USDT,0.04602,1.0,0.04601,176.0,0.04603,1078.0,0.04604,43.0
1753617312132,11:55:12.132,gateio,ACT/USDT:USDT,0.04602,1.0,0.04601,176.0,0.04603,1078.0,0.04604,43.0
1753617312286,11:55:12.286,gateio,ACT/USDT:USDT,0.04602,1.0,0.04601,176.0,0.04603,1078.0,0.04604,43.0
1753617312461,11:55:12.461,gateio,ACT/USDT:USDT,0.04602,1.0,0.046,361.0,0.04603,1078.0,0.04604,43.0
1753617313039,11:55:13.039,gateio,ACT/USDT:USDT,0.04602,1.0,0.046,361.0,0.04603,1078.0,0.04604,43.0
1753617313279,11:55:13.279,gateio,ACT/USDT:USDT,0.04602,1.0,0.046,361.0,0.04603,1078.0,0.04604,43.0
1753617315119,11:55:15.119,gateio,ACT/USDT:USDT,0.04602,1.0,0.046,361.0,0.04603,1078.0,0.04604,43.0
1753617317466,11:55:17.466,gateio,ACT/USDT:USDT,0.04602,1.0,0.046,176.0,0.04603,1078.0,0.04604,43.0
1753617317565,11:55:17.565,gateio,ACT/USDT:USDT,0.04602,1.0,0.04598,188.0,0.04603,1078.0,0.04604,43.0
1753617317647,11:55:17.647,gateio,ACT/USDT:USDT,0.04602,1.0,0.046,176.0,0.04603,1078.0,0.04604,43.0
1753617317751,11:55:17.751,gateio,ACT/USDT:USDT,0.04602,1.0,0.046,176.0,0.04603,1078.0,0.04604,43.0
1753617318219,11:55:18.219,gateio,ACT/USDT:USDT,0.04602,1.0,0.046,176.0,0.04603,1078.0,0.04604,43.0
1753617318289,11:55:18.289,gateio,ACT/USDT:USDT,0.04602,1.0,0.046,176.0,0.04603,1078.0,0.04604,43.0
1753617319112,11:55:19.112,gateio,ACT/USDT:USDT,0.04602,1.0,0.046,176.0,0.04603,1078.0,0.04604,43.0
1753617319936,11:55:19.936,gateio,ACT/USDT:USDT,0.046,176.0,0.04599,176.0,0.04603,1078.0,0.04604,43.0
1753617320041,11:55:20.041,gateio,ACT/USDT:USDT,0.04599,176.0,0.04598,364.0,0.04601,1078.0,0.04602,15.0
1753617320135,11:55:20.135,gateio,ACT/USDT:USDT,0.04599,176.0,0.04598,364.0,0.04601,1078.0,0.04603,185.0
1753617320229,11:55:20.229,gateio,ACT/USDT:USDT,0.04599,176.0,0.04598,176.0,0.04601,1078.0,0.04603,185.0
1753617320357,11:55:20.357,gateio,ACT/USDT:USDT,0.04599,176.0,0.04598,176.0,0.04601,1078.0,0.04603,185.0
1753617321169,11:55:21.169,gateio,ACT/USDT:USDT,0.04599,176.0,0.04598,176.0,0.04601,1078.0,0.04603,185.0
1753617321193,11:55:21.193,gateio,ACT/USDT:USDT,0.04599,176.0,0.04598,176.0,0.04601,1078.0,0.04603,185.0
1753617321620,11:55:21.620,gateio,ACT/USDT:USDT,0.04599,176.0,0.04598,176.0,0.04601,1078.0,0.04603,185.0
1753617322428,11:55:22.428,gateio,ACT/USDT:USDT,0.04599,176.0,0.04598,176.0,0.04601,1078.0,0.04603,185.0
1753617322527,11:55:22.527,gateio,ACT/USDT:USDT,0.04598,176.0,0.04597,426.0,0.04601,1078.0,0.04603,185.0
1753617322628,11:55:22.628,gateio,ACT/USDT:USDT,0.04598,176.0,0.04597,426.0,0.04599,1038.0,0.046,15.0
1753617322745,11:55:22.745,gateio,ACT/USDT:USDT,0.04599,33.0,0.04598,176.0,0.046,1086.0,0.04602,15.0
1753617322849,11:55:22.849,gateio,ACT/USDT:USDT,0.04599,33.0,0.04598,176.0,0.046,1078.0,0.04602,23.0
1753617323163,11:55:23.163,gateio,ACT/USDT:USDT,0.04599,33.0,0.04598,176.0,0.046,1078.0,0.04602,23.0
1753617323272,11:55:23.272,gateio,ACT/USDT:USDT,0.04599,33.0,0.04598,176.0,0.046,1078.0,0.04602,23.0
1753617323375,11:55:23.375,gateio,ACT/USDT:USDT,0.04599,33.0,0.04598,176.0,0.046,1058.0,0.04601,20.0
1753617323382,11:55:23.382,gateio,ACT/USDT:USDT,0.04599,33.0,0.04598,176.0,0.046,1058.0,0.04601,20.0
1753617323555,11:55:23.555,gateio,ACT/USDT:USDT,0.04599,33.0,0.04598,176.0,0.046,1078.0,0.04602,15.0
1753617323582,11:55:23.582,gateio,ACT/USDT:USDT,0.04599,33.0,0.04598,176.0,0.046,1078.0,0.04602,23.0
1753617323696,11:55:23.696,gateio,ACT/USDT:USDT,0.04599,33.0,0.04598,176.0,0.046,1078.0,0.04602,23.0
1753617323960,11:55:23.960,gateio,ACT/USDT:USDT,0.04599,33.0,0.04598,176.0,0.046,1038.0,0.04601,20.0
1753617323982,11:55:23.982,gateio,ACT/USDT:USDT,0.04599,33.0,0.04598,176.0,0.046,1038.0,0.04601,20.0
1753617324154,11:55:24.154,gateio,ACT/USDT:USDT,0.04599,33.0,0.04598,176.0,0.046,1058.0,0.04601,20.0
1753617324331,11:55:24.331,gateio,ACT/USDT:USDT,0.04599,33.0,0.04598,361.0,0.046,1038.0,0.04602,15.0
1753617324383,11:55:24.383,gateio,ACT/USDT:USDT,0.04599,33.0,0.04598,361.0,0.046,1038.0,0.04602,23.0
1753617325075,11:55:25.075,gateio,ACT/USDT:USDT,0.04601,22.0,0.04599,218.0,0.04602,1061.0,0.04603,185.0
1753617325161,11:55:25.161,gateio,ACT/USDT:USDT,0.04601,22.0,0.04599,361.0,0.04602,1058.0,0.04603,208.0
1753617325217,11:55:25.217,gateio,ACT/USDT:USDT,0.04601,22.0,0.04599,176.0,0.04602,1058.0,0.04603,208.0
1753617325339,11:55:25.339,gateio,ACT/USDT:USDT,0.04601,22.0,0.04599,176.0,0.04602,1078.0,0.04603,228.0
1753617325393,11:55:25.393,gateio,ACT/USDT:USDT,0.04599,176.0,0.04598,185.0,0.04602,1078.0,0.04603,228.0
1753617325504,11:55:25.504,gateio,ACT/USDT:USDT,0.04599,176.0,0.04598,185.0,0.04601,63.0,0.04602,1038.0
1753617325659,11:55:25.659,gateio,ACT/USDT:USDT,0.04599,176.0,0.04598,361.0,0.04601,63.0,0.04602,1038.0
1753617325734,11:55:25.734,gateio,ACT/USDT:USDT,0.04599,176.0,0.04598,361.0,0.04601,63.0,0.04602,1038.0
1753617325782,11:55:25.782,gateio,ACT/USDT:USDT,0.04599,176.0,0.04598,361.0,0.04601,63.0,0.04602,1038.0
1753617325882,11:55:25.882,gateio,ACT/USDT:USDT,0.04599,176.0,0.04598,361.0,0.04601,63.0,0.04602,1038.0
1753617325996,11:55:25.996,gateio,ACT/USDT:USDT,0.04599,176.0,0.04598,361.0,0.04601,63.0,0.04602,1038.0
1753617326156,11:55:26.156,gateio,ACT/USDT:USDT,0.04599,176.0,0.04598,361.0,0.04601,63.0,0.04602,1038.0
1753617326247,11:55:26.247,gateio,ACT/USDT:USDT,0.04599,176.0,0.04598,361.0,0.04601,63.0,0.04602,1058.0
1753617326284,11:55:26.284,gateio,ACT/USDT:USDT,0.04599,176.0,0.04598,361.0,0.04601,63.0,0.04602,1058.0
1753617326385,11:55:26.385,gateio,ACT/USDT:USDT,0.04599,176.0,0.04598,361.0,0.04601,63.0,0.04602,1058.0
1753617326482,11:55:26.482,gateio,ACT/USDT:USDT,0.04599,176.0,0.04598,361.0,0.04601,63.0,0.04602,1058.0
1753617326583,11:55:26.583,gateio,ACT/USDT:USDT,0.04599,176.0,0.04598,361.0,0.04601,63.0,0.04602,1058.0
1753617326683,11:55:26.683,gateio,ACT/USDT:USDT,0.04599,176.0,0.04598,361.0,0.04601,63.0,0.04602,1058.0
1753617326785,11:55:26.785,gateio,ACT/USDT:USDT,0.04599,176.0,0.04598,361.0,0.04601,63.0,0.04602,1058.0
1753617326884,11:55:26.884,gateio,ACT/USDT:USDT,0.04599,176.0,0.04598,361.0,0.04601,63.0,0.04602,1058.0
1753617327033,11:55:27.033,gateio,ACT/USDT:USDT,0.04599,176.0,0.04598,361.0,0.04601,63.0,0.04602,1058.0
1753617327082,11:55:27.082,gateio,ACT/USDT:USDT,0.04599,176.0,0.04598,361.0,0.04601,63.0,0.04602,1058.0
1753617327182,11:55:27.182,gateio,ACT/USDT:USDT,0.04599,176.0,0.04598,361.0,0.04601,63.0,0.04602,1058.0
1753617327283,11:55:27.283,gateio,ACT/USDT:USDT,0.04599,176.0,0.04598,361.0,0.04601,63.0,0.04602,1058.0
1753617327383,11:55:27.383,gateio,ACT/USDT:USDT,0.04599,176.0,0.04598,361.0,0.04601,63.0,0.04602,1058.0
1753617327544,11:55:27.544,gateio,ACT/USDT:USDT,0.04599,176.0,0.04598,176.0,0.04601,63.0,0.04602,1058.0
1753617327583,11:55:27.583,gateio,ACT/USDT:USDT,0.04599,176.0,0.04598,176.0,0.04601,63.0,0.04602,1058.0
1753617327684,11:55:27.684,gateio,ACT/USDT:USDT,0.04599,176.0,0.04598,176.0,0.04601,63.0,0.04602,1058.0
1753617327784,11:55:27.784,gateio,ACT/USDT:USDT,0.04599,176.0,0.04598,176.0,0.04601,63.0,0.04602,1058.0
1753617327883,11:55:27.883,gateio,ACT/USDT:USDT,0.04599,176.0,0.04598,176.0,0.04601,63.0,0.04602,1058.0
1753617327983,11:55:27.983,gateio,ACT/USDT:USDT,0.04599,176.0,0.04598,176.0,0.04601,63.0,0.04602,1058.0
1753617328085,11:55:28.085,gateio,ACT/USDT:USDT,0.04599,176.0,0.04598,176.0,0.04601,63.0,0.04602,1058.0
1753617328183,11:55:28.183,gateio,ACT/USDT:USDT,0.04599,176.0,0.04598,176.0,0.04601,63.0,0.04602,1058.0
1753617328283,11:55:28.283,gateio,ACT/USDT:USDT,0.04599,176.0,0.04598,176.0,0.04601,63.0,0.04602,1058.0
1753617328383,11:55:28.383,gateio,ACT/USDT:USDT,0.04599,176.0,0.04598,176.0,0.04601,63.0,0.04602,1058.0
1753617328483,11:55:28.483,gateio,ACT/USDT:USDT,0.04599,176.0,0.04598,176.0,0.04601,63.0,0.04602,1058.0
1753617328582,11:55:28.582,gateio,ACT/USDT:USDT,0.04599,176.0,0.04598,176.0,0.04601,63.0,0.04602,1058.0
1753617328682,11:55:28.682,gateio,ACT/USDT:USDT,0.04599,176.0,0.04598,176.0,0.04601,63.0,0.04602,1058.0
1753617328783,11:55:28.783,gateio,ACT/USDT:USDT,0.04599,176.0,0.04598,176.0,0.04601,63.0,0.04602,1058.0
1753617328882,11:55:28.882,gateio,ACT/USDT:USDT,0.04599,176.0,0.04598,176.0,0.04601,63.0,0.04602,1058.0
1753617328983,11:55:28.983,gateio,ACT/USDT:USDT,0.04599,176.0,0.04598,176.0,0.04601,63.0,0.04602,1058.0
1753617329082,11:55:29.082,gateio,ACT/USDT:USDT,0.04599,176.0,0.04598,176.0,0.04601,63.0,0.04602,1058.0
1753617329182,11:55:29.182,gateio,ACT/USDT:USDT,0.04599,176.0,0.04598,176.0,0.04601,63.0,0.04602,1058.0
1753617329283,11:55:29.283,gateio,ACT/USDT:USDT,0.04599,176.0,0.04598,176.0,0.04601,63.0,0.04602,1058.0
1753617329425,11:55:29.425,gateio,ACT/USDT:USDT,0.04599,176.0,0.04598,176.0,0.04601,63.0,0.04602,1058.0
1753617329562,11:55:29.562,gateio,ACT/USDT:USDT,0.04599,176.0,0.04598,176.0,0.04601,1101.0,0.04602,20.0
1753617329582,11:55:29.582,gateio,ACT/USDT:USDT,0.04599,176.0,0.04598,176.0,0.04601,1078.0,0.04602,20.0
1753617330458,11:55:30.458,gateio,ACT/USDT:USDT,0.04598,176.0,0.04597,426.0,0.04601,1078.0,0.04602,20.0
1753617330498,11:55:30.498,gateio,ACT/USDT:USDT,0.04597,426.0,0.04596,364.0,0.046,23.0,0.04601,1058.0
1753617330674,11:55:30.674,gateio,ACT/USDT:USDT,0.04597,426.0,0.04596,364.0,0.046,1081.0,0.04601,181.0
1753617331094,11:55:31.094,gateio,ACT/USDT:USDT,0.04597,446.0,0.04596,364.0,0.046,1101.0,0.04601,181.0
1753617331899,11:55:31.899,gateio,ACT/USDT:USDT,0.04597,426.0,0.04596,364.0,0.046,1101.0,0.04601,181.0
1753617332209,11:55:32.209,gateio,ACT/USDT:USDT,0.04597,426.0,0.04596,364.0,0.046,1101.0,0.04601,181.0
1753617333124,11:55:33.124,gateio,ACT/USDT:USDT,0.04597,426.0,0.04596,364.0,0.046,1101.0,0.04601,181.0
1753617333661,11:55:33.661,gateio,ACT/USDT:USDT,0.04594,363.0,0.04593,362.0,0.04599,1219.0,0.046,23.0
1753617333759,11:55:33.759,gateio,ACT/USDT:USDT,0.04594,363.0,0.04593,362.0,0.04598,23.0,0.04599,1219.0
1753617333971,11:55:33.971,gateio,ACT/USDT:USDT,0.04594,363.0,0.04593,362.0,0.04598,23.0,0.04599,1219.0
1753617334003,11:55:34.003,gateio,ACT/USDT:USDT,0.04594,363.0,0.04593,362.0,0.04598,23.0,0.04599,1219.0
1753617335465,11:55:35.465,gateio,ACT/USDT:USDT,0.04594,363.0,0.04593,362.0,0.04598,23.0,0.04599,1219.0
1753617335572,11:55:35.572,gateio,ACT/USDT:USDT,0.04595,181.0,0.04594,363.0,0.04598,23.0,0.04599,1219.0
1753617335655,11:55:35.655,gateio,ACT/USDT:USDT,0.04595,181.0,0.04594,363.0,0.04598,63.0,0.04599,1219.0
1753617335682,11:55:35.682,gateio,ACT/USDT:USDT,0.04595,181.0,0.04594,363.0,0.04598,63.0,0.04599,1219.0
1753617335783,11:55:35.783,gateio,ACT/USDT:USDT,0.04595,181.0,0.04594,363.0,0.04598,63.0,0.04599,1219.0
1753617335975,11:55:35.975,gateio,ACT/USDT:USDT,0.04595,181.0,0.04594,363.0,0.04598,63.0,0.04599,1219.0
1753617335983,11:55:35.983,gateio,ACT/USDT:USDT,0.04595,181.0,0.04594,363.0,0.04598,63.0,0.04599,1219.0
1753617336085,11:55:36.085,gateio,ACT/USDT:USDT,0.04595,181.0,0.04594,363.0,0.04598,63.0,0.04599,1219.0
1753617336182,11:55:36.182,gateio,ACT/USDT:USDT,0.04595,181.0,0.04594,363.0,0.04598,63.0,0.04599,1219.0
1753617336284,11:55:36.284,gateio,ACT/USDT:USDT,0.04595,181.0,0.04594,363.0,0.04598,63.0,0.04599,1219.0
1753617336383,11:55:36.383,gateio,ACT/USDT:USDT,0.04595,181.0,0.04594,363.0,0.04598,63.0,0.04599,1219.0
1753617336483,11:55:36.483,gateio,ACT/USDT:USDT,0.04595,181.0,0.04594,363.0,0.04598,63.0,0.04599,1219.0
1753617336583,11:55:36.583,gateio,ACT/USDT:USDT,0.04595,181.0,0.04594,363.0,0.04598,63.0,0.04599,1219.0
1753617336682,11:55:36.682,gateio,ACT/USDT:USDT,0.04595,181.0,0.04594,363.0,0.04598,63.0,0.04599,1219.0
1753617336800,11:55:36.800,gateio,ACT/USDT:USDT,0.04595,181.0,0.04594,363.0,0.04598,63.0,0.04599,1219.0
1753617336882,11:55:36.882,gateio,ACT/USDT:USDT,0.04595,181.0,0.04594,363.0,0.04598,63.0,0.04599,1219.0
1753617336982,11:55:36.982,gateio,ACT/USDT:USDT,0.04595,181.0,0.04594,363.0,0.04598,63.0,0.04599,1219.0
1753617337082,11:55:37.082,gateio,ACT/USDT:USDT,0.04595,181.0,0.04594,363.0,0.04598,63.0,0.04599,1219.0
1753617337182,11:55:37.182,gateio,ACT/USDT:USDT,0.04595,181.0,0.04594,363.0,0.04598,63.0,0.04599,1219.0
1753617337283,11:55:37.283,gateio,ACT/USDT:USDT,0.04595,181.0,0.04594,363.0,0.04598,63.0,0.04599,1219.0
1753617337383,11:55:37.383,gateio,ACT/USDT:USDT,0.04595,181.0,0.04594,363.0,0.04598,63.0,0.04599,1219.0
1753617337483,11:55:37.483,gateio,ACT/USDT:USDT,0.04595,181.0,0.04594,363.0,0.04598,63.0,0.04599,1219.0
1753617337584,11:55:37.584,gateio,ACT/USDT:USDT,0.04595,181.0,0.04594,363.0,0.04598,63.0,0.04599,1219.0
1753617337712,11:55:37.712,gateio,ACT/USDT:USDT,0.04595,181.0,0.04594,363.0,0.04598,63.0,0.04599,1219.0
1753617337782,11:55:37.782,gateio,ACT/USDT:USDT,0.04595,181.0,0.04594,363.0,0.04598,63.0,0.04599,1219.0
1753617337882,11:55:37.882,gateio,ACT/USDT:USDT,0.04595,181.0,0.04594,363.0,0.04598,63.0,0.04599,1219.0
1753617337983,11:55:37.983,gateio,ACT/USDT:USDT,0.04595,181.0,0.04594,363.0,0.04598,63.0,0.04599,1219.0
1753617338158,11:55:38.158,gateio,ACT/USDT:USDT,0.04595,357.0,0.04594,363.0,0.04598,43.0,0.04599,1219.0
1753617338249,11:55:38.249,gateio,ACT/USDT:USDT,0.04595,377.0,0.04594,363.0,0.04598,43.0,0.04599,1219.0
1753617338282,11:55:38.282,gateio,ACT/USDT:USDT,0.04595,377.0,0.04594,363.0,0.04598,43.0,0.04599,1219.0
1753617338382,11:55:38.382,gateio,ACT/USDT:USDT,0.04595,377.0,0.04594,363.0,0.04598,43.0,0.04599,1219.0
1753617338498,11:55:38.498,gateio,ACT/USDT:USDT,0.04595,357.0,0.04594,363.0,0.04598,43.0,0.04599,1219.0
1753617338598,11:55:38.598,gateio,ACT/USDT:USDT,0.04595,357.0,0.04594,363.0,0.04598,63.0,0.04599,1219.0
1753617338718,11:55:38.718,gateio,ACT/USDT:USDT,0.04595,357.0,0.04594,363.0,0.04598,63.0,0.04599,1219.0
1753617338783,11:55:38.783,gateio,ACT/USDT:USDT,0.04595,357.0,0.04594,363.0,0.04598,63.0,0.04599,1219.0
1753617338882,11:55:38.882,gateio,ACT/USDT:USDT,0.04595,357.0,0.04594,363.0,0.04598,63.0,0.04599,1219.0
1753617338986,11:55:38.986,gateio,ACT/USDT:USDT,0.04595,357.0,0.04594,363.0,0.04598,63.0,0.04599,1219.0
1753617339082,11:55:39.082,gateio,ACT/USDT:USDT,0.04595,357.0,0.04594,363.0,0.04598,63.0,0.04599,1219.0
1753617339183,11:55:39.183,gateio,ACT/USDT:USDT,0.04595,357.0,0.04594,363.0,0.04598,63.0,0.04599,1219.0
1753617339283,11:55:39.283,gateio,ACT/USDT:USDT,0.04595,357.0,0.04594,363.0,0.04598,63.0,0.04599,1219.0
1753617339382,11:55:39.382,gateio,ACT/USDT:USDT,0.04595,357.0,0.04594,363.0,0.04598,63.0,0.04599,1219.0
1753617339483,11:55:39.483,gateio,ACT/USDT:USDT,0.04595,357.0,0.04594,363.0,0.04598,63.0,0.04599,1219.0
1753617339583,11:55:39.583,gateio,ACT/USDT:USDT,0.04595,357.0,0.04594,363.0,0.04598,63.0,0.04599,1219.0
1753617339682,11:55:39.682,gateio,ACT/USDT:USDT,0.04595,357.0,0.04594,363.0,0.04598,63.0,0.04599,1219.0
1753617339783,11:55:39.783,gateio,ACT/USDT:USDT,0.04595,357.0,0.04594,363.0,0.04598,63.0,0.04599,1219.0
1753617339883,11:55:39.883,gateio,ACT/USDT:USDT,0.04595,357.0,0.04594,363.0,0.04598,63.0,0.04599,1219.0
1753617339982,11:55:39.982,gateio,ACT/USDT:USDT,0.04595,357.0,0.04594,363.0,0.04598,63.0,0.04599,1219.0
1753617340084,11:55:40.084,gateio,ACT/USDT:USDT,0.04595,357.0,0.04594,363.0,0.04598,63.0,0.04599,1219.0
1753617340182,11:55:40.182,gateio,ACT/USDT:USDT,0.04595,357.0,0.04594,363.0,0.04598,63.0,0.04599,1219.0
1753617340283,11:55:40.283,gateio,ACT/USDT:USDT,0.04595,357.0,0.04594,363.0,0.04598,63.0,0.04599,1219.0
1753617340382,11:55:40.382,gateio,ACT/USDT:USDT,0.04595,357.0,0.04594,363.0,0.04598,63.0,0.04599,1219.0
1753617340482,11:55:40.482,gateio,ACT/USDT:USDT,0.04595,357.0,0.04594,363.0,0.04598,63.0,0.04599,1219.0
1753617340582,11:55:40.582,gateio,ACT/USDT:USDT,0.04595,357.0,0.04594,363.0,0.04598,63.0,0.04599,1219.0
1753617340683,11:55:40.683,gateio,ACT/USDT:USDT,0.04595,357.0,0.04594,363.0,0.04598,63.0,0.04599,1219.0
1753617340782,11:55:40.782,gateio,ACT/USDT:USDT,0.04595,357.0,0.04594,363.0,0.04598,63.0,0.04599,1219.0
1753617340882,11:55:40.882,gateio,ACT/USDT:USDT,0.04595,357.0,0.04594,363.0,0.04598,63.0,0.04599,1219.0
1753617341047,11:55:41.047,gateio,ACT/USDT:USDT,0.04595,357.0,0.04594,363.0,0.04598,43.0,0.04599,1219.0
1753617341084,11:55:41.084,gateio,ACT/USDT:USDT,0.04595,377.0,0.04594,363.0,0.04598,43.0,0.04599,1219.0
1753617341182,11:55:41.182,gateio,ACT/USDT:USDT,0.04595,377.0,0.04594,363.0,0.04598,43.0,0.04599,1219.0
1753617341282,11:55:41.282,gateio,ACT/USDT:USDT,0.04595,377.0,0.04594,363.0,0.04598,43.0,0.04599,1219.0
1753617341382,11:55:41.382,gateio,ACT/USDT:USDT,0.04595,377.0,0.04594,363.0,0.04598,43.0,0.04599,1219.0
1753617341494,11:55:41.494,gateio,ACT/USDT:USDT,0.04595,357.0,0.04594,363.0,0.04598,63.0,0.04599,1219.0
1753617341582,11:55:41.582,gateio,ACT/USDT:USDT,0.04595,357.0,0.04594,363.0,0.04598,63.0,0.04599,1219.0
1753617341686,11:55:41.686,gateio,ACT/USDT:USDT,0.04595,357.0,0.04594,363.0,0.04598,63.0,0.04599,1219.0
1753617341782,11:55:41.782,gateio,ACT/USDT:USDT,0.04595,357.0,0.04594,363.0,0.04598,63.0,0.04599,1219.0
1753617341883,11:55:41.883,gateio,ACT/USDT:USDT,0.04595,357.0,0.04594,363.0,0.04598,63.0,0.04599,1219.0
1753617341983,11:55:41.983,gateio,ACT/USDT:USDT,0.04595,357.0,0.04594,363.0,0.04598,63.0,0.04599,1219.0
1753617342087,11:55:42.087,gateio,ACT/USDT:USDT,0.04595,357.0,0.04594,363.0,0.04598,63.0,0.04599,1219.0
1753617342184,11:55:42.184,gateio,ACT/USDT:USDT,0.04595,357.0,0.04594,363.0,0.04598,63.0,0.04599,1219.0
1753617342283,11:55:42.283,gateio,ACT/USDT:USDT,0.04595,357.0,0.04594,363.0,0.04598,63.0,0.04599,1219.0
1753617342388,11:55:42.388,gateio,ACT/USDT:USDT,0.04595,357.0,0.04594,363.0,0.04598,63.0,0.04599,1219.0
1753617342482,11:55:42.482,gateio,ACT/USDT:USDT,0.04595,357.0,0.04594,363.0,0.04598,63.0,0.04599,1219.0
1753617342593,11:55:42.593,gateio,ACT/USDT:USDT,0.04595,176.0,0.04594,363.0,0.04598,63.0,0.04599,1219.0
1753617342683,11:55:42.683,gateio,ACT/USDT:USDT,0.04595,176.0,0.04594,363.0,0.04598,63.0,0.04599,1219.0
1753617342783,11:55:42.783,gateio,ACT/USDT:USDT,0.04595,176.0,0.04594,363.0,0.04598,63.0,0.04599,1219.0
1753617342883,11:55:42.883,gateio,ACT/USDT:USDT,0.04595,176.0,0.04594,363.0,0.04598,63.0,0.04599,1219.0
1753617342983,11:55:42.983,gateio,ACT/USDT:USDT,0.04595,176.0,0.04594,363.0,0.04598,63.0,0.04599,1219.0
1753617343082,11:55:43.082,gateio,ACT/USDT:USDT,0.04595,176.0,0.04594,363.0,0.04598,63.0,0.04599,1219.0
1753617343182,11:55:43.182,gateio,ACT/USDT:USDT,0.04595,176.0,0.04594,363.0,0.04598,63.0,0.04599,1219.0
1753617343283,11:55:43.283,gateio,ACT/USDT:USDT,0.04595,176.0,0.04594,363.0,0.04598,63.0,0.04599,1219.0
1753617343382,11:55:43.382,gateio,ACT/USDT:USDT,0.04595,176.0,0.04594,363.0,0.04598,63.0,0.04599,1219.0
1753617343482,11:55:43.482,gateio,ACT/USDT:USDT,0.04595,176.0,0.04594,363.0,0.04598,63.0,0.04599,1219.0
1753617343582,11:55:43.582,gateio,ACT/USDT:USDT,0.04595,176.0,0.04594,363.0,0.04598,63.0,0.04599,1219.0
1753617343687,11:55:43.687,gateio,ACT/USDT:USDT,0.04595,176.0,0.04594,363.0,0.04598,63.0,0.04599,1219.0
1753617343832,11:55:43.832,gateio,ACT/USDT:USDT,0.04595,176.0,0.04594,363.0,0.04598,63.0,0.04599,1219.0
1753617343929,11:55:43.929,gateio,ACT/USDT:USDT,0.04595,176.0,0.04594,363.0,0.04598,63.0,0.04599,1219.0
1753617344058,11:55:44.058,gateio,ACT/USDT:USDT,0.04595,176.0,0.04594,363.0,0.04598,1101.0,0.04599,181.0
1753617344078,11:55:44.078,gateio,ACT/USDT:USDT,0.04595,176.0,0.04594,363.0,0.04598,1101.0,0.04599,181.0
1753617344462,11:55:44.462,gateio,ACT/USDT:USDT,0.04595,176.0,0.04594,363.0,0.04598,1101.0,0.04599,181.0
1753617344478,11:55:44.478,gateio,ACT/USDT:USDT,0.04595,176.0,0.04594,363.0,0.04598,1101.0,0.04599,181.0
1753617344819,11:55:44.819,gateio,ACT/USDT:USDT,0.04595,359.0,0.04594,363.0,0.04598,1081.0,0.04599,181.0
1753617344922,11:55:44.922,gateio,ACT/USDT:USDT,0.04595,359.0,0.04594,363.0,0.04598,1101.0,0.04599,181.0
1753617345111,11:55:45.111,gateio,ACT/USDT:USDT,0.04595,176.0,0.04594,363.0,0.04598,1101.0,0.04601,181.0
1753617345275,11:55:45.275,gateio,ACT/USDT:USDT,0.04595,176.0,0.04594,363.0,0.04598,1101.0,0.04601,181.0
1753617346672,11:55:46.672,gateio,ACT/USDT:USDT,0.04596,33.0,0.04595,399.0,0.04598,1081.0,0.04601,181.0
1753617346748,11:55:46.748,gateio,ACT/USDT:USDT,0.04596,33.0,0.04595,379.0,0.04598,1058.0,0.04601,181.0
1753617346911,11:55:46.911,gateio,ACT/USDT:USDT,0.04596,33.0,0.04595,359.0,0.04598,1078.0,0.04601,181.0
1753617347261,11:55:47.261,gateio,ACT/USDT:USDT,0.04597,33.0,0.04596,33.0,0.046,187.0,0.04601,1219.0
1753617347351,11:55:47.351,gateio,ACT/USDT:USDT,0.04597,33.0,0.04596,176.0,0.046,230.0,0.04601,1219.0
1753617347572,11:55:47.572,gateio,ACT/USDT:USDT,0.04597,220.0,0.04596,363.0,0.046,43.0,0.04601,1219.0
1753617347665,11:55:47.665,gateio,ACT/USDT:USDT,0.04598,33.0,0.04597,363.0,0.046,23.0,0.04601,1219.0
1753617347757,11:55:47.757,gateio,ACT/USDT:USDT,0.04598,33.0,0.04597,363.0,0.046,23.0,0.04601,1219.0
1753617348175,11:55:48.175,gateio,ACT/USDT:USDT,0.04598,33.0,0.04597,363.0,0.046,23.0,0.04601,1219.0
1753617348176,11:55:48.176,gateio,ACT/USDT:USDT,0.04598,33.0,0.04597,363.0,0.046,23.0,0.04601,1219.0
1753617348649,11:55:48.649,gateio,ACT/USDT:USDT,0.04598,33.0,0.04597,363.0,0.046,43.0,0.04601,1219.0
1753617348685,11:55:48.685,gateio,ACT/USDT:USDT,0.04598,33.0,0.04597,363.0,0.046,23.0,0.04601,1219.0
1753617350144,11:55:50.144,gateio,ACT/USDT:USDT,0.04598,33.0,0.04597,363.0,0.046,23.0,0.04601,1219.0
1753617350334,11:55:50.334,gateio,ACT/USDT:USDT,0.04598,33.0,0.04597,363.0,0.046,23.0,0.04601,1219.0
1753617350429,11:55:50.429,gateio,ACT/USDT:USDT,0.04598,33.0,0.04597,363.0,0.046,43.0,0.04601,1219.0
1753617350483,11:55:50.483,gateio,ACT/USDT:USDT,0.04598,33.0,0.04597,363.0,0.046,43.0,0.04601,1219.0
1753617350646,11:55:50.646,gateio,ACT/USDT:USDT,0.04597,176.0,0.04596,175.0,0.046,43.0,0.04601,1219.0
1753617350683,11:55:50.683,gateio,ACT/USDT:USDT,0.04597,176.0,0.04596,175.0,0.046,43.0,0.04601,1219.0
1753617350784,11:55:50.784,gateio,ACT/USDT:USDT,0.04597,176.0,0.04596,175.0,0.046,43.0,0.04601,1219.0
1753617350884,11:55:50.884,gateio,ACT/USDT:USDT,0.04597,176.0,0.04596,175.0,0.046,43.0,0.04601,1219.0
1753617351016,11:55:51.016,gateio,ACT/USDT:USDT,0.04597,176.0,0.04596,175.0,0.046,43.0,0.04601,1219.0
1753617351086,11:55:51.086,gateio,ACT/USDT:USDT,0.04597,176.0,0.04596,175.0,0.046,43.0,0.04601,1219.0
1753617351185,11:55:51.185,gateio,ACT/USDT:USDT,0.04597,176.0,0.04596,175.0,0.046,43.0,0.04601,1219.0
1753617351282,11:55:51.282,gateio,ACT/USDT:USDT,0.04597,176.0,0.04596,175.0,0.046,43.0,0.04601,1219.0
1753617351432,11:55:51.432,gateio,ACT/USDT:USDT,0.04597,176.0,0.04596,175.0,0.046,43.0,0.04601,1219.0
1753617351482,11:55:51.482,gateio,ACT/USDT:USDT,0.04597,176.0,0.04596,175.0,0.046,43.0,0.04601,1219.0
1753617351582,11:55:51.582,gateio,ACT/USDT:USDT,0.04597,176.0,0.04596,175.0,0.046,43.0,0.04601,1219.0
1753617351684,11:55:51.684,gateio,ACT/USDT:USDT,0.04597,176.0,0.04596,175.0,0.046,43.0,0.04601,1219.0
1753617351786,11:55:51.786,gateio,ACT/USDT:USDT,0.04597,176.0,0.04596,175.0,0.046,43.0,0.04601,1219.0
1753617351898,11:55:51.898,gateio,ACT/USDT:USDT,0.04597,176.0,0.04596,175.0,0.046,43.0,0.04601,1219.0
1753617351982,11:55:51.982,gateio,ACT/USDT:USDT,0.04597,176.0,0.04596,175.0,0.046,43.0,0.04601,1219.0
1753617352084,11:55:52.084,gateio,ACT/USDT:USDT,0.04597,176.0,0.04596,175.0,0.046,43.0,0.04601,1219.0
1753617352248,11:55:52.248,gateio,ACT/USDT:USDT,0.04597,176.0,0.04596,175.0,0.046,43.0,0.04601,1219.0
1753617352282,11:55:52.282,gateio,ACT/USDT:USDT,0.04597,176.0,0.04596,175.0,0.046,43.0,0.04601,1219.0
1753617352383,11:55:52.383,gateio,ACT/USDT:USDT,0.04597,176.0,0.04596,175.0,0.046,43.0,0.04601,1219.0
1753617352482,11:55:52.482,gateio,ACT/USDT:USDT,0.04597,176.0,0.04596,175.0,0.046,43.0,0.04601,1219.0
1753617352662,11:55:52.662,gateio,ACT/USDT:USDT,0.04597,176.0,0.04596,175.0,0.046,43.0,0.04601,1219.0
1753617352732,11:55:52.732,gateio,ACT/USDT:USDT,0.04597,196.0,0.04596,175.0,0.046,43.0,0.04601,1219.0
1753617352782,11:55:52.782,gateio,ACT/USDT:USDT,0.04597,196.0,0.04596,175.0,0.046,43.0,0.04601,1219.0
1753617352882,11:55:52.882,gateio,ACT/USDT:USDT,0.04597,176.0,0.04596,175.0,0.046,43.0,0.04601,1219.0
1753617352983,11:55:52.983,gateio,ACT/USDT:USDT,0.04597,176.0,0.04596,175.0,0.046,43.0,0.04601,1219.0
1753617353085,11:55:53.085,gateio,ACT/USDT:USDT,0.04597,176.0,0.04596,175.0,0.046,43.0,0.04601,1219.0
1753617353184,11:55:53.184,gateio,ACT/USDT:USDT,0.04597,176.0,0.04596,175.0,0.046,43.0,0.04601,1219.0
1753617353282,11:55:53.282,gateio,ACT/USDT:USDT,0.04597,176.0,0.04596,175.0,0.046,43.0,0.04601,1219.0
1753617353385,11:55:53.385,gateio,ACT/USDT:USDT,0.04597,176.0,0.04596,175.0,0.046,43.0,0.04601,1219.0
1753617353556,11:55:53.556,gateio,ACT/USDT:USDT,0.04597,196.0,0.04596,175.0,0.046,43.0,0.04601,1219.0
1753617353582,11:55:53.582,gateio,ACT/USDT:USDT,0.04597,196.0,0.04596,175.0,0.046,43.0,0.04601,1219.0
1753617353683,11:55:53.683,gateio,ACT/USDT:USDT,0.04597,196.0,0.04596,175.0,0.046,43.0,0.04601,1219.0
1753617353786,11:55:53.786,gateio,ACT/USDT:USDT,0.04597,196.0,0.04596,175.0,0.046,43.0,0.04601,1219.0
1753617353884,11:55:53.884,gateio,ACT/USDT:USDT,0.04597,196.0,0.04596,175.0,0.046,43.0,0.04601,1219.0
1753617353982,11:55:53.982,gateio,ACT/USDT:USDT,0.04597,196.0,0.04596,175.0,0.046,43.0,0.04601,1219.0
1753617354086,11:55:54.086,gateio,ACT/USDT:USDT,0.04597,196.0,0.04596,175.0,0.046,43.0,0.04601,1219.0
1753617354224,11:55:54.224,gateio,ACT/USDT:USDT,0.04597,196.0,0.04596,175.0,0.046,43.0,0.04601,1219.0
1753617354283,11:55:54.283,gateio,ACT/USDT:USDT,0.04597,196.0,0.04596,175.0,0.046,43.0,0.04601,1219.0
1753617354383,11:55:54.383,gateio,ACT/USDT:USDT,0.04597,196.0,0.04596,175.0,0.046,43.0,0.04601,1219.0
1753617354483,11:55:54.483,gateio,ACT/USDT:USDT,0.04597,196.0,0.04596,175.0,0.046,43.0,0.04601,1219.0
1753617354583,11:55:54.583,gateio,ACT/USDT:USDT,0.04597,196.0,0.04596,175.0,0.046,43.0,0.04601,1219.0
1753617354683,11:55:54.683,gateio,ACT/USDT:USDT,0.04597,196.0,0.04596,175.0,0.046,43.0,0.04601,1219.0
1753617354784,11:55:54.784,gateio,ACT/USDT:USDT,0.04597,196.0,0.04596,175.0,0.046,43.0,0.04601,1219.0
1753617354882,11:55:54.882,gateio,ACT/USDT:USDT,0.04597,196.0,0.04596,175.0,0.046,43.0,0.04601,1219.0
1753617354984,11:55:54.984,gateio,ACT/USDT:USDT,0.04597,196.0,0.04596,175.0,0.046,43.0,0.04601,1219.0
1753617355084,11:55:55.084,gateio,ACT/USDT:USDT,0.04597,176.0,0.04596,175.0,0.046,63.0,0.04601,1219.0
1753617355186,11:55:55.186,gateio,ACT/USDT:USDT,0.04597,196.0,0.04596,175.0,0.046,43.0,0.04601,1219.0
1753617355341,11:55:55.341,gateio,ACT/USDT:USDT,0.04598,33.0,0.04597,196.0,0.046,23.0,0.04601,1219.0
1753617355412,11:55:55.412,gateio,ACT/USDT:USDT,0.04598,33.0,0.04597,196.0,0.046,23.0,0.04601,1219.0
1753617355513,11:55:55.513,gateio,ACT/USDT:USDT,0.04598,33.0,0.04597,196.0,0.046,23.0,0.04601,1219.0
1753617355800,11:55:55.800,gateio,ACT/USDT:USDT,0.04598,33.0,0.04597,196.0,0.046,23.0,0.04601,1219.0
1753617356329,11:55:56.329,gateio,ACT/USDT:USDT,0.04598,33.0,0.04597,196.0,0.046,23.0,0.04601,1219.0
1753617356629,11:55:56.629,gateio,ACT/USDT:USDT,0.04597,196.0,0.04596,187.0,0.046,210.0,0.04601,1219.0
1753617356750,11:55:56.750,gateio,ACT/USDT:USDT,0.04597,196.0,0.04596,362.0,0.046,210.0,0.04601,1219.0
1753617356784,11:55:56.784,gateio,ACT/USDT:USDT,0.04597,196.0,0.04596,362.0,0.046,210.0,0.04601,1219.0
1753617357176,11:55:57.176,gateio,ACT/USDT:USDT,0.04597,196.0,0.04596,362.0,0.046,210.0,0.04601,1219.0
1753617357178,11:55:57.178,gateio,ACT/USDT:USDT,0.04597,216.0,0.04596,362.0,0.046,210.0,0.04601,1219.0
1753617358538,11:55:58.538,gateio,ACT/USDT:USDT,0.04597,196.0,0.04596,362.0,0.046,1248.0,0.04601,181.0
1753617358578,11:55:58.578,gateio,ACT/USDT:USDT,0.04597,196.0,0.04596,362.0,0.046,1248.0,0.04601,181.0
1753617358761,11:55:58.761,gateio,ACT/USDT:USDT,0.04597,196.0,0.04596,362.0,0.046,1248.0,0.04601,181.0
1753617358885,11:55:58.885,gateio,ACT/USDT:USDT,0.04597,196.0,0.04596,362.0,0.046,1248.0,0.04601,181.0
1753617359068,11:55:59.068,gateio,ACT/USDT:USDT,0.04597,196.0,0.04596,362.0,0.046,1268.0,0.04601,181.0
1753617359168,11:55:59.168,gateio,ACT/USDT:USDT,0.04597,196.0,0.04596,362.0,0.046,1248.0,0.04601,181.0
1753617359215,11:55:59.215,gateio,ACT/USDT:USDT,0.04597,196.0,0.04596,362.0,0.046,1248.0,0.04601,181.0
1753617360655,11:56:00.655,gateio,ACT/USDT:USDT,0.04597,176.0,0.04596,362.0,0.046,1288.0,0.04601,181.0
1753617361865,11:56:01.865,gateio,ACT/USDT:USDT,0.04597,176.0,0.04596,362.0,0.046,1101.0,0.04601,181.0
1753617361931,11:56:01.931,gateio,ACT/USDT:USDT,0.04597,216.0,0.04596,362.0,0.046,1081.0,0.04601,181.0
1753617362044,11:56:02.044,gateio,ACT/USDT:USDT,0.04597,196.0,0.04596,362.0,0.046,1081.0,0.04601,181.0
1753617362168,11:56:02.168,gateio,ACT/USDT:USDT,0.04597,216.0,0.04596,362.0,0.046,1081.0,0.04601,181.0
1753617363033,11:56:03.033,gateio,ACT/USDT:USDT,0.04597,216.0,0.04596,362.0,0.046,1101.0,0.04601,181.0
1753617364319,11:56:04.319,gateio,ACT/USDT:USDT,0.04597,176.0,0.04596,402.0,0.04598,1038.0,0.046,43.0
1753617364473,11:56:04.473,gateio,ACT/USDT:USDT,0.04598,33.0,0.04597,176.0,0.046,1078.0,0.04601,181.0
1753617364508,11:56:04.508,gateio,ACT/USDT:USDT,0.04598,33.0,0.04597,176.0,0.046,1038.0,0.04601,181.0
1753617365895,11:56:05.895,gateio,ACT/USDT:USDT,0.04598,33.0,0.04597,176.0,0.046,1058.0,0.04601,181.0
1753617366079,11:56:06.079,gateio,ACT/USDT:USDT,0.04598,33.0,0.04597,176.0,0.046,1058.0,0.04601,181.0
1753617367134,11:56:07.134,gateio,ACT/USDT:USDT,0.04598,33.0,0.04597,176.0,0.046,1058.0,0.04601,181.0
1753617367181,11:56:07.181,gateio,ACT/USDT:USDT,0.04598,33.0,0.04597,176.0,0.046,1038.0,0.04601,181.0
1753617367375,11:56:07.375,gateio,ACT/USDT:USDT,0.04598,33.0,0.04597,176.0,0.046,1078.0,0.04601,181.0
1753617367462,11:56:07.462,gateio,ACT/USDT:USDT,0.04597,176.0,0.04596,362.0,0.046,1078.0,0.04601,181.0
1753617367738,11:56:07.738,gateio,ACT/USDT:USDT,0.04597,176.0,0.04596,362.0,0.04599,43.0,0.046,1058.0
1753617367782,11:56:07.782,gateio,ACT/USDT:USDT,0.04597,176.0,0.04596,362.0,0.04599,23.0,0.046,1058.0
1753617368466,11:56:08.466,gateio,ACT/USDT:USDT,0.04597,176.0,0.04596,362.0,0.04599,43.0,0.046,1058.0
1753617368482,11:56:08.482,gateio,ACT/USDT:USDT,0.04597,176.0,0.04596,362.0,0.04599,43.0,0.046,1058.0
1753617368582,11:56:08.582,gateio,ACT/USDT:USDT,0.04597,176.0,0.04596,362.0,0.04599,43.0,0.046,1058.0
1753617368686,11:56:08.686,gateio,ACT/USDT:USDT,0.04597,176.0,0.04596,362.0,0.04599,43.0,0.046,1058.0
1753617368783,11:56:08.783,gateio,ACT/USDT:USDT,0.04597,176.0,0.04596,362.0,0.04599,43.0,0.046,1058.0
1753617368882,11:56:08.882,gateio,ACT/USDT:USDT,0.04597,176.0,0.04596,362.0,0.04599,43.0,0.046,1058.0
1753617368982,11:56:08.982,gateio,ACT/USDT:USDT,0.04597,176.0,0.04596,362.0,0.04599,43.0,0.046,1058.0
1753617369083,11:56:09.083,gateio,ACT/USDT:USDT,0.04597,176.0,0.04596,362.0,0.04599,43.0,0.046,1058.0
1753617369184,11:56:09.184,gateio,ACT/USDT:USDT,0.04597,176.0,0.04596,362.0,0.04599,43.0,0.046,1058.0
1753617369358,11:56:09.358,gateio,ACT/USDT:USDT,0.04598,33.0,0.04597,176.0,0.04599,23.0,0.046,1078.0
1753617369453,11:56:09.453,gateio,ACT/USDT:USDT,0.04598,33.0,0.04597,176.0,0.04599,23.0,0.046,1078.0
1753617370139,11:56:10.139,gateio,ACT/USDT:USDT,0.04598,33.0,0.04597,176.0,0.04599,1061.0,0.046,40.0
1753617370207,11:56:10.207,gateio,ACT/USDT:USDT,0.04597,176.0,0.04596,362.0,0.04599,1038.0,0.046,43.0
1753617370283,11:56:10.283,gateio,ACT/USDT:USDT,0.04597,176.0,0.04596,362.0,0.04599,1038.0,0.046,20.0
1753617375918,11:56:15.918,gateio,ACT/USDT:USDT,0.04598,33.0,0.04597,176.0,0.046,1078.0,0.04601,181.0
1753617375982,11:56:15.982,gateio,ACT/USDT:USDT,0.04598,33.0,0.04597,176.0,0.046,1078.0,0.04601,181.0
1753617376563,11:56:16.563,gateio,ACT/USDT:USDT,0.04598,33.0,0.04597,176.0,0.046,1058.0,0.04603,707.0
1753617376579,11:56:16.579,gateio,ACT/USDT:USDT,0.04598,33.0,0.04597,176.0,0.046,1038.0,0.04602,188.0
1753617378141,11:56:18.141,gateio,ACT/USDT:USDT,0.04598,33.0,0.04597,176.0,0.046,1078.0,0.04602,188.0
1753617378651,11:56:18.651,gateio,ACT/USDT:USDT,0.04598,33.0,0.04597,176.0,0.046,1038.0,0.04602,188.0
1753617378681,11:56:18.681,gateio,ACT/USDT:USDT,0.04598,33.0,0.04597,176.0,0.046,1058.0,0.04602,188.0
1753617380205,11:56:20.205,gateio,ACT/USDT:USDT,0.04598,33.0,0.04597,176.0,0.046,1078.0,0.04602,188.0
1753617380454,11:56:20.454,gateio,ACT/USDT:USDT,0.04598,33.0,0.04597,176.0,0.046,1078.0,0.04602,188.0
1753617381637,11:56:21.637,gateio,ACT/USDT:USDT,0.04597,176.0,0.04596,362.0,0.046,1078.0,0.04602,188.0
1753617381718,11:56:21.718,gateio,ACT/USDT:USDT,0.04597,176.0,0.04596,362.0,0.04599,23.0,0.046,1078.0
1753617382468,11:56:22.468,gateio,ACT/USDT:USDT,0.04597,216.0,0.04596,362.0,0.04599,23.0,0.046,1058.0
1753617382538,11:56:22.538,gateio,ACT/USDT:USDT,0.04598,33.0,0.04597,196.0,0.04599,23.0,0.046,1078.0
1753617385211,11:56:25.211,gateio,ACT/USDT:USDT,0.04597,216.0,0.04596,362.0,0.04599,23.0,0.046,1058.0
1753617390346,11:56:30.346,gateio,ACT/USDT:USDT,0.04597,176.0,0.04596,362.0,0.04599,43.0,0.046,1038.0
1753617390384,11:56:30.384,gateio,ACT/USDT:USDT,0.04597,176.0,0.04596,362.0,0.04599,43.0,0.046,1038.0
1753617390483,11:56:30.483,gateio,ACT/USDT:USDT,0.04597,176.0,0.04596,362.0,0.04599,43.0,0.046,1038.0
1753617390582,11:56:30.582,gateio,ACT/USDT:USDT,0.04597,176.0,0.04596,362.0,0.04599,43.0,0.046,1038.0
1753617390754,11:56:30.754,gateio,ACT/USDT:USDT,0.04597,176.0,0.04596,175.0,0.04599,43.0,0.046,1038.0
1753617390786,11:56:30.786,gateio,ACT/USDT:USDT,0.04597,176.0,0.04596,175.0,0.04599,43.0,0.046,1038.0
1753617390883,11:56:30.883,gateio,ACT/USDT:USDT,0.04597,176.0,0.04596,175.0,0.04599,43.0,0.046,1038.0
1753617390985,11:56:30.985,gateio,ACT/USDT:USDT,0.04597,176.0,0.04596,175.0,0.04599,43.0,0.046,1038.0
1753617391086,11:56:31.086,gateio,ACT/USDT:USDT,0.04597,176.0,0.04596,175.0,0.04599,43.0,0.046,1038.0
1753617391182,11:56:31.182,gateio,ACT/USDT:USDT,0.04597,176.0,0.04596,175.0,0.04599,43.0,0.046,1038.0
1753617391317,11:56:31.317,gateio,ACT/USDT:USDT,0.04597,176.0,0.04596,175.0,0.04599,23.0,0.046,1038.0
1753617391417,11:56:31.417,gateio,ACT/USDT:USDT,0.04597,176.0,0.04596,175.0,0.04599,43.0,0.046,1038.0
1753617391483,11:56:31.483,gateio,ACT/USDT:USDT,0.04597,176.0,0.04596,175.0,0.04599,43.0,0.046,1038.0
1753617391583,11:56:31.583,gateio,ACT/USDT:USDT,0.04597,176.0,0.04596,175.0,0.04599,43.0,0.046,1038.0
1753617391684,11:56:31.684,gateio,ACT/USDT:USDT,0.04597,176.0,0.04596,175.0,0.04599,43.0,0.046,1038.0
1753617391782,11:56:31.782,gateio,ACT/USDT:USDT,0.04597,176.0,0.04596,175.0,0.04599,43.0,0.046,1038.0
1753617391885,11:56:31.885,gateio,ACT/USDT:USDT,0.04597,176.0,0.04596,175.0,0.04599,23.0,0.046,1038.0
1753617393017,11:56:33.017,gateio,ACT/USDT:USDT,0.04597,176.0,0.04596,175.0,0.04599,43.0,0.046,1038.0
1753617393083,11:56:33.083,gateio,ACT/USDT:USDT,0.04597,176.0,0.04596,175.0,0.04599,43.0,0.046,1038.0
1753617393182,11:56:33.182,gateio,ACT/USDT:USDT,0.04597,176.0,0.04596,175.0,0.04599,43.0,0.046,1038.0
1753617393282,11:56:33.282,gateio,ACT/USDT:USDT,0.04597,176.0,0.04596,175.0,0.04599,43.0,0.046,1038.0
1753617393383,11:56:33.383,gateio,ACT/USDT:USDT,0.04597,176.0,0.04596,175.0,0.04599,43.0,0.046,1038.0
1753617393482,11:56:33.482,gateio,ACT/USDT:USDT,0.04597,176.0,0.04596,175.0,0.04599,43.0,0.046,1038.0
1753617393646,11:56:33.646,gateio,ACT/USDT:USDT,0.04597,176.0,0.04596,175.0,0.04599,43.0,0.046,1038.0
1753617393773,11:56:33.773,gateio,ACT/USDT:USDT,0.04596,33.0,0.04595,175.0,0.04597,1078.0,0.04599,204.0
1753617393873,11:56:33.873,gateio,ACT/USDT:USDT,0.04595,175.0,0.04594,175.0,0.04597,1078.0,0.04599,181.0
1753617393958,11:56:33.958,gateio,ACT/USDT:USDT,0.04595,175.0,0.04594,175.0,0.04597,40.0,0.04598,1038.0
1753617393983,11:56:33.983,gateio,ACT/USDT:USDT,0.04595,175.0,0.04594,175.0,0.04597,63.0,0.04598,1038.0
1753617394088,11:56:34.088,gateio,ACT/USDT:USDT,0.04595,175.0,0.04594,175.0,0.04597,63.0,0.04598,1038.0
1753617394276,11:56:34.276,gateio,ACT/USDT:USDT,0.04595,175.0,0.04594,175.0,0.04597,63.0,0.04598,1038.0
1753617394283,11:56:34.283,gateio,ACT/USDT:USDT,0.04595,175.0,0.04594,175.0,0.04597,63.0,0.04598,1038.0
1753617394388,11:56:34.388,gateio,ACT/USDT:USDT,0.04595,175.0,0.04594,175.0,0.04597,63.0,0.04598,1038.0
1753617394482,11:56:34.482,gateio,ACT/USDT:USDT,0.04595,175.0,0.04594,175.0,0.04597,63.0,0.04598,1038.0
1753617394582,11:56:34.582,gateio,ACT/USDT:USDT,0.04595,175.0,0.04594,175.0,0.04597,63.0,0.04598,1038.0
1753617394684,11:56:34.684,gateio,ACT/USDT:USDT,0.04595,175.0,0.04594,175.0,0.04597,63.0,0.04598,1038.0
1753617394783,11:56:34.783,gateio,ACT/USDT:USDT,0.04595,175.0,0.04594,175.0,0.04597,63.0,0.04598,1038.0
1753617394883,11:56:34.883,gateio,ACT/USDT:USDT,0.04595,175.0,0.04594,175.0,0.04597,63.0,0.04598,1038.0
1753617394983,11:56:34.983,gateio,ACT/USDT:USDT,0.04595,175.0,0.04594,175.0,0.04597,63.0,0.04598,1038.0
1753617395085,11:56:35.085,gateio,ACT/USDT:USDT,0.04595,175.0,0.04594,175.0,0.04597,63.0,0.04598,1038.0
1753617395182,11:56:35.182,gateio,ACT/USDT:USDT,0.04595,175.0,0.04594,175.0,0.04597,63.0,0.04598,1038.0
1753617395286,11:56:35.286,gateio,ACT/USDT:USDT,0.04595,175.0,0.04594,175.0,0.04597,63.0,0.04598,1038.0
1753617395382,11:56:35.382,gateio,ACT/USDT:USDT,0.04595,175.0,0.04594,175.0,0.04597,63.0,0.04598,1038.0
1753617395482,11:56:35.482,gateio,ACT/USDT:USDT,0.04595,175.0,0.04594,175.0,0.04597,63.0,0.04598,1038.0
1753617395585,11:56:35.585,gateio,ACT/USDT:USDT,0.04595,175.0,0.04594,175.0,0.04597,63.0,0.04598,1038.0
1753617395682,11:56:35.682,gateio,ACT/USDT:USDT,0.04595,175.0,0.04594,175.0,0.04597,63.0,0.04598,1038.0
1753617395783,11:56:35.783,gateio,ACT/USDT:USDT,0.04595,175.0,0.04594,175.0,0.04597,63.0,0.04598,1038.0
1753617395884,11:56:35.884,gateio,ACT/USDT:USDT,0.04595,175.0,0.04594,175.0,0.04597,63.0,0.04598,1038.0
1753617395984,11:56:35.984,gateio,ACT/USDT:USDT,0.04595,175.0,0.04594,175.0,0.04597,63.0,0.04598,1038.0
1753617396085,11:56:36.085,gateio,ACT/USDT:USDT,0.04595,175.0,0.04594,175.0,0.04597,63.0,0.04598,1038.0
1753617396182,11:56:36.182,gateio,ACT/USDT:USDT,0.04595,175.0,0.04594,175.0,0.04597,63.0,0.04598,1038.0
1753617396283,11:56:36.283,gateio,ACT/USDT:USDT,0.04595,175.0,0.04594,175.0,0.04597,63.0,0.04598,1038.0
1753617396382,11:56:36.382,gateio,ACT/USDT:USDT,0.04595,175.0,0.04594,175.0,0.04597,63.0,0.04598,1038.0
1753617396482,11:56:36.482,gateio,ACT/USDT:USDT,0.04595,175.0,0.04594,175.0,0.04597,63.0,0.04598,1038.0
1753617396582,11:56:36.582,gateio,ACT/USDT:USDT,0.04595,175.0,0.04594,175.0,0.04597,63.0,0.04598,1038.0
1753617396727,11:56:36.727,gateio,ACT/USDT:USDT,0.04595,175.0,0.04594,175.0,0.04597,63.0,0.04598,1038.0
1753617396784,11:56:36.784,gateio,ACT/USDT:USDT,0.04595,175.0,0.04594,175.0,0.04597,63.0,0.04598,1038.0
1753617396883,11:56:36.883,gateio,ACT/USDT:USDT,0.04595,175.0,0.04594,175.0,0.04597,63.0,0.04598,1038.0
1753617396982,11:56:36.982,gateio,ACT/USDT:USDT,0.04595,175.0,0.04594,175.0,0.04597,63.0,0.04598,1038.0
1753617397084,11:56:37.084,gateio,ACT/USDT:USDT,0.04595,175.0,0.04594,175.0,0.04597,63.0,0.04598,1038.0
1753617397260,11:56:37.260,gateio,ACT/USDT:USDT,0.04593,1.0,0.04592,363.0,0.04597,246.0,0.04598,1038.0
1753617397338,11:56:37.338,gateio,ACT/USDT:USDT,0.04593,1.0,0.04592,363.0,0.04597,1284.0,0.04599,1261.0
1753617397405,11:56:37.405,gateio,ACT/USDT:USDT,0.04593,1.0,0.04592,363.0,0.04597,1284.0,0.04599,1261.0
1753617397507,11:56:37.507,gateio,ACT/USDT:USDT,0.04593,1.0,0.04592,363.0,0.04597,1284.0,0.04599,1261.0
1753617398348,11:56:38.348,gateio,ACT/USDT:USDT,0.04593,1.0,0.04592,363.0,0.04596,290.0,0.04597,1244.0
1753617398449,11:56:38.449,gateio,ACT/USDT:USDT,0.04593,1.0,0.04592,363.0,0.04595,23.0,0.04596,290.0
1753617398762,11:56:38.762,gateio,ACT/USDT:USDT,0.04593,1.0,0.04592,363.0,0.04595,23.0,0.04596,290.0
1753617399218,11:56:39.218,gateio,ACT/USDT:USDT,0.04593,1.0,0.04592,363.0,0.04595,1081.0,0.04596,270.0
1753617399282,11:56:39.282,gateio,ACT/USDT:USDT,0.04593,1.0,0.04592,363.0,0.04595,1073.0,0.04596,270.0
1753617400172,11:56:40.172,gateio,ACT/USDT:USDT,0.04593,1.0,0.04592,175.0,0.04595,1073.0,0.04596,270.0
1753617400237,11:56:40.237,gateio,ACT/USDT:USDT,0.04593,1.0,0.04592,175.0,0.04595,1093.0,0.04596,250.0
1753617400410,11:56:40.410,gateio,ACT/USDT:USDT,0.04593,1.0,0.04592,175.0,0.04595,1093.0,0.04596,250.0
1753617400480,11:56:40.480,gateio,ACT/USDT:USDT,0.04593,1.0,0.04592,175.0,0.04595,1073.0,0.04596,250.0
1753617402000,11:56:42.000,gateio,ACT/USDT:USDT,0.04593,1.0,0.04592,175.0,0.04595,1053.0,0.04596,250.0
1753617404863,11:56:44.863,gateio,ACT/USDT:USDT,0.04593,1.0,0.04592,175.0,0.04595,1053.0,0.04596,250.0
1753617404879,11:56:44.879,gateio,ACT/USDT:USDT,0.04593,1.0,0.04592,175.0,0.04595,1053.0,0.04596,250.0
1753617405039,11:56:45.039,gateio,ACT/USDT:USDT,0.04594,33.0,0.04593,1.0,0.04595,1053.0,0.04596,270.0
1753617405090,11:56:45.090,gateio,ACT/USDT:USDT,0.04594,33.0,0.04593,1.0,0.04595,1061.0,0.04596,290.0
1753617405238,11:56:45.238,gateio,ACT/USDT:USDT,0.04594,33.0,0.04593,1.0,0.04595,1061.0,0.04596,290.0
1753617405894,11:56:45.894,gateio,ACT/USDT:USDT,0.04594,33.0,0.04593,1.0,0.04595,1061.0,0.04596,40.0
1753617405984,11:56:45.984,gateio,ACT/USDT:USDT,0.04594,33.0,0.04593,1.0,0.04595,1038.0,0.04596,63.0
1753617406084,11:56:46.084,gateio,ACT/USDT:USDT,0.04593,1.0,0.04592,175.0,0.04595,1038.0,0.04596,43.0
1753617406217,11:56:46.217,gateio,ACT/USDT:USDT,0.04593,34.0,0.04592,215.0,0.04594,15.0,0.04595,1038.0
1753617406282,11:56:46.282,gateio,ACT/USDT:USDT,0.04593,34.0,0.04592,215.0,0.04594,23.0,0.04595,1038.0
1753617406461,11:56:46.461,gateio,ACT/USDT:USDT,0.04593,34.0,0.04592,215.0,0.04594,23.0,0.04595,1038.0
1753617408150,11:56:48.150,gateio,ACT/USDT:USDT,0.04593,34.0,0.04592,195.0,0.04594,23.0,0.04595,1038.0
1753617408489,11:56:48.489,gateio,ACT/USDT:USDT,0.04593,34.0,0.04592,195.0,0.04594,23.0,0.04595,1038.0
1753617410140,11:56:50.140,gateio,ACT/USDT:USDT,0.04593,34.0,0.04592,175.0,0.04594,23.0,0.04595,1038.0
1753617410347,11:56:50.347,gateio,ACT/USDT:USDT,0.04593,34.0,0.04592,175.0,0.04594,23.0,0.04595,1038.0
1753617413618,11:56:53.618,gateio,ACT/USDT:USDT,0.04593,34.0,0.04592,175.0,0.04594,23.0,0.04595,1038.0
1753617413741,11:56:53.741,gateio,ACT/USDT:USDT,0.04593,1.0,0.04592,175.0,0.04594,23.0,0.04595,1038.0
1753617414499,11:56:54.499,gateio,ACT/USDT:USDT,0.04593,34.0,0.04592,175.0,0.04594,23.0,0.04595,1038.0
1753617415342,11:56:55.342,gateio,ACT/USDT:USDT,0.04593,34.0,0.04592,175.0,0.04594,23.0,0.04595,1038.0
1753617417518,11:56:57.518,gateio,ACT/USDT:USDT,0.04593,34.0,0.04592,175.0,0.04594,23.0,0.04595,1038.0
1753617418638,11:56:58.638,gateio,ACT/USDT:USDT,0.04593,1.0,0.04592,175.0,0.04594,63.0,0.04595,1038.0
1753617418875,11:56:58.875,gateio,ACT/USDT:USDT,0.04593,34.0,0.04592,175.0,0.04594,1061.0,0.04595,20.0
1753617418898,11:56:58.898,gateio,ACT/USDT:USDT,0.04593,34.0,0.04592,175.0,0.04594,1038.0,0.04597,206.0
1753617419649,11:56:59.649,gateio,ACT/USDT:USDT,0.04593,34.0,0.04592,175.0,0.04594,1038.0,0.04597,206.0
1753617420072,11:57:00.072,gateio,ACT/USDT:USDT,0.04593,34.0,0.04592,175.0,0.04594,1038.0,0.04597,206.0
1753617420186,11:57:00.186,gateio,ACT/USDT:USDT,0.04593,34.0,0.04592,175.0,0.04594,1038.0,0.04597,206.0
1753617420327,11:57:00.327,gateio,ACT/USDT:USDT,0.04593,34.0,0.04592,175.0,0.04594,1038.0,0.04597,206.0
1753617420801,11:57:00.801,gateio,ACT/USDT:USDT,0.04593,34.0,0.04592,175.0,0.04597,1244.0,0.04598,250.0
1753617420883,11:57:00.883,gateio,ACT/USDT:USDT,0.04593,34.0,0.04592,175.0,0.04597,1244.0,0.04598,250.0
1753617421001,11:57:01.001,gateio,ACT/USDT:USDT,0.04593,34.0,0.04592,175.0,0.04597,1244.0,0.04598,250.0
1753617421419,11:57:01.419,gateio,ACT/USDT:USDT,0.04593,34.0,0.04592,175.0,0.04597,1244.0,0.04598,250.0
1753617422362,11:57:02.362,gateio,ACT/USDT:USDT,0.04595,33.0,0.04594,33.0,0.04597,1061.0,0.04598,250.0
1753617422475,11:57:02.475,gateio,ACT/USDT:USDT,0.04595,33.0,0.04594,175.0,0.04597,1058.0,0.04598,436.0
1753617422476,11:57:02.476,gateio,ACT/USDT:USDT,0.04595,33.0,0.04594,175.0,0.04597,1058.0,0.04598,436.0
1753617422639,11:57:02.639,gateio,ACT/USDT:USDT,0.04595,33.0,0.04594,175.0,0.04597,1058.0,0.04598,436.0
1753617423056,11:57:03.056,gateio,ACT/USDT:USDT,0.04595,33.0,0.04594,175.0,0.04597,1058.0,0.04598,436.0
1753617423258,11:57:03.258,gateio,ACT/USDT:USDT,0.04596,33.0,0.04595,33.0,0.04599,181.0,0.046,2118.0
1753617423329,11:57:03.329,gateio,ACT/USDT:USDT,0.04596,33.0,0.04595,175.0,0.04599,224.0,0.046,2118.0
1753617423476,11:57:03.476,gateio,ACT/USDT:USDT,0.04596,33.0,0.04595,175.0,0.04599,224.0,0.046,2118.0
1753617423724,11:57:03.724,gateio,ACT/USDT:USDT,0.04596,33.0,0.04595,175.0,0.04599,224.0,0.046,2118.0
1753617424297,11:57:04.297,gateio,ACT/USDT:USDT,0.04596,33.0,0.04595,175.0,0.04599,224.0,0.046,2118.0
1753617425214,11:57:05.214,gateio,ACT/USDT:USDT,0.04596,33.0,0.04595,175.0,0.04599,244.0,0.046,2118.0
1753617425632,11:57:05.632,gateio,ACT/USDT:USDT,0.04595,175.0,0.04594,175.0,0.04599,244.0,0.046,2118.0
1753617425925,11:57:05.925,gateio,ACT/USDT:USDT,0.04595,175.0,0.04594,175.0,0.04599,244.0,0.046,2118.0
1753617426340,11:57:06.340,gateio,ACT/USDT:USDT,0.04595,175.0,0.04594,175.0,0.04599,244.0,0.046,2118.0
1753617426757,11:57:06.757,gateio,ACT/USDT:USDT,0.04595,175.0,0.04594,175.0,0.04599,244.0,0.046,2118.0
1753617427044,11:57:07.044,gateio,ACT/USDT:USDT,0.04595,175.0,0.04594,175.0,0.04599,224.0,0.046,2118.0
1753617427175,11:57:07.175,gateio,ACT/USDT:USDT,0.04595,175.0,0.04594,175.0,0.04599,224.0,0.046,2118.0
1753617427221,11:57:07.221,gateio,ACT/USDT:USDT,0.04595,175.0,0.04594,175.0,0.04599,224.0,0.046,2118.0
1753617428031,11:57:08.031,gateio,ACT/USDT:USDT,0.04595,175.0,0.04594,175.0,0.04599,224.0,0.046,2118.0
1753617428405,11:57:08.405,gateio,ACT/USDT:USDT,0.04595,175.0,0.04594,175.0,0.04599,224.0,0.046,2118.0
1753617428973,11:57:08.973,gateio,ACT/USDT:USDT,0.04595,175.0,0.04594,175.0,0.04599,474.0,0.046,2118.0
1753617431471,11:57:11.471,gateio,ACT/USDT:USDT,0.04595,175.0,0.04594,175.0,0.04599,474.0,0.046,1038.0
1753617431477,11:57:11.477,gateio,ACT/USDT:USDT,0.04595,175.0,0.04594,175.0,0.04599,474.0,0.046,1038.0
1753617433575,11:57:13.575,gateio,ACT/USDT:USDT,0.04596,33.0,0.04595,175.0,0.04599,474.0,0.04601,250.0
1753617433669,11:57:13.669,gateio,ACT/USDT:USDT,0.04596,33.0,0.04595,175.0,0.04599,1532.0,0.04601,250.0
1753617433678,11:57:13.678,gateio,ACT/USDT:USDT,0.04596,33.0,0.04595,175.0,0.04599,1532.0,0.04601,250.0
1753617433919,11:57:13.919,gateio,ACT/USDT:USDT,0.04596,33.0,0.04595,175.0,0.04599,1282.0,0.04601,250.0
1753617434081,11:57:14.081,gateio,ACT/USDT:USDT,0.04596,33.0,0.04595,175.0,0.04599,1282.0,0.04601,250.0
1753617434398,11:57:14.398,gateio,ACT/USDT:USDT,0.04596,33.0,0.04595,175.0,0.04599,1262.0,0.04601,250.0
1753617434735,11:57:14.735,gateio,ACT/USDT:USDT,0.04596,33.0,0.04595,175.0,0.04599,1282.0,0.04601,250.0
1753617434900,11:57:14.900,gateio,ACT/USDT:USDT,0.04596,33.0,0.04595,175.0,0.04599,1282.0,0.04601,250.0
1753617435573,11:57:15.573,gateio,ACT/USDT:USDT,0.04595,175.0,0.04593,187.0,0.04599,1282.0,0.04601,250.0
1753617435577,11:57:15.577,gateio,ACT/USDT:USDT,0.04595,175.0,0.04594,175.0,0.04599,1282.0,0.04601,250.0
1753617435761,11:57:15.761,gateio,ACT/USDT:USDT,0.04594,175.0,0.04593,187.0,0.04598,1265.0,0.04599,204.0
1753617435866,11:57:15.866,gateio,ACT/USDT:USDT,0.04593,1.0,0.04592,612.0,0.04597,250.0,0.04598,1225.0
1753617436138,11:57:16.138,gateio,ACT/USDT:USDT,0.04593,1.0,0.04592,612.0,0.04597,250.0,0.04598,1225.0
1753617437857,11:57:17.857,gateio,ACT/USDT:USDT,0.04593,1.0,0.04592,612.0,0.04597,250.0,0.04598,1225.0
1753617437928,11:57:17.928,gateio,ACT/USDT:USDT,0.04594,53.0,0.04593,357.0,0.04597,23.0,0.04598,1225.0
1753617438066,11:57:18.066,gateio,ACT/USDT:USDT,0.04594,53.0,0.04593,357.0,0.04597,23.0,0.04598,1225.0
1753617438168,11:57:18.168,gateio,ACT/USDT:USDT,0.04594,53.0,0.04593,357.0,0.04597,23.0,0.04598,1225.0
1753617438994,11:57:18.994,gateio,ACT/USDT:USDT,0.04594,53.0,0.04593,357.0,0.04597,23.0,0.04598,1225.0
1753617439358,11:57:19.358,gateio,ACT/USDT:USDT,0.04595,33.0,0.04594,215.0,0.04597,1061.0,0.04598,187.0
1753617439403,11:57:19.403,gateio,ACT/USDT:USDT,0.04595,33.0,0.04594,195.0,0.04597,1038.0,0.04598,187.0
1753617439952,11:57:19.952,gateio,ACT/USDT:USDT,0.04595,33.0,0.04594,175.0,0.04597,1058.0,0.04598,187.0
1753617440070,11:57:20.070,gateio,ACT/USDT:USDT,0.04595,33.0,0.04594,175.0,0.04597,1078.0,0.04598,187.0
1753617440147,11:57:20.147,gateio,ACT/USDT:USDT,0.04595,33.0,0.04594,175.0,0.04597,1078.0,0.04599,181.0
1753617440256,11:57:20.256,gateio,ACT/USDT:USDT,0.04595,33.0,0.04594,175.0,0.04597,1058.0,0.04599,181.0
1753617440493,11:57:20.493,gateio,ACT/USDT:USDT,0.04595,33.0,0.04594,175.0,0.04597,1058.0,0.04599,181.0
1753617440837,11:57:20.837,gateio,ACT/USDT:USDT,0.04595,33.0,0.04594,175.0,0.04597,1058.0,0.04599,181.0
1753617440969,11:57:20.969,gateio,ACT/USDT:USDT,0.04595,33.0,0.04594,175.0,0.04597,1038.0,0.04599,181.0
1753617441456,11:57:21.456,gateio,ACT/USDT:USDT,0.04595,33.0,0.04594,175.0,0.04597,1038.0,0.04599,181.0
1753617441664,11:57:21.664,gateio,ACT/USDT:USDT,0.04596,33.0,0.04595,175.0,0.04598,1058.0,0.046,181.0
1753617441698,11:57:21.698,gateio,ACT/USDT:USDT,0.04596,33.0,0.04595,175.0,0.04598,1058.0,0.046,181.0
1753617441875,11:57:21.875,gateio,ACT/USDT:USDT,0.04596,33.0,0.04595,175.0,0.04598,1058.0,0.046,181.0
1753617442059,11:57:22.059,gateio,ACT/USDT:USDT,0.04596,33.0,0.04595,175.0,0.04598,1038.0,0.046,181.0
1753617442170,11:57:22.170,gateio,ACT/USDT:USDT,0.04596,53.0,0.04595,175.0,0.04598,1038.0,0.046,181.0
1753617442221,11:57:22.221,gateio,ACT/USDT:USDT,0.04597,53.0,0.04596,215.0,0.04598,1038.0,0.04601,181.0
1753617442306,11:57:22.306,gateio,ACT/USDT:USDT,0.04597,33.0,0.04596,215.0,0.04598,1038.0,0.04601,204.0
1753617442620,11:57:22.620,gateio,ACT/USDT:USDT,0.04597,33.0,0.04596,215.0,0.04598,1038.0,0.04601,204.0
1753617442814,11:57:22.814,gateio,ACT/USDT:USDT,0.04597,33.0,0.04596,215.0,0.04598,1038.0,0.04601,204.0
1753617443201,11:57:23.201,gateio,ACT/USDT:USDT,0.04597,53.0,0.04596,215.0,0.04598,1038.0,0.04601,204.0
1753617443409,11:57:23.409,gateio,ACT/USDT:USDT,0.04597,53.0,0.04596,215.0,0.04598,1038.0,0.04601,204.0
1753617443615,11:57:23.615,gateio,ACT/USDT:USDT,0.04597,33.0,0.04596,215.0,0.04598,1038.0,0.04601,204.0
1753617443808,11:57:23.808,gateio,ACT/USDT:USDT,0.04597,33.0,0.04596,215.0,0.04598,1038.0,0.04601,204.0
1753617444016,11:57:24.016,gateio,ACT/USDT:USDT,0.04597,33.0,0.04596,215.0,0.04598,1038.0,0.04601,204.0
1753617444249,11:57:24.249,gateio,ACT/USDT:USDT,0.04597,53.0,0.04596,215.0,0.04598,1038.0,0.04601,204.0
1753617444547,11:57:24.547,gateio,ACT/USDT:USDT,0.04597,33.0,0.04596,215.0,0.04598,1038.0,0.04601,204.0
1753617444674,11:57:24.674,gateio,ACT/USDT:USDT,0.04598,33.0,0.04597,175.0,0.04601,1242.0,0.04602,957.0
1753617444689,11:57:24.689,gateio,ACT/USDT:USDT,0.04598,33.0,0.04597,175.0,0.04601,204.0,0.04602,957.0
1753617444839,11:57:24.839,gateio,ACT/USDT:USDT,0.04598,33.0,0.04597,175.0,0.04601,474.0,0.04602,957.0
1753617445269,11:57:25.269,gateio,ACT/USDT:USDT,0.04598,33.0,0.04597,175.0,0.04601,474.0,0.04602,957.0
1753617445450,11:57:25.450,gateio,ACT/USDT:USDT,0.04598,33.0,0.04597,175.0,0.04601,494.0,0.04602,957.0
1753617445563,11:57:25.563,gateio,ACT/USDT:USDT,0.04595,431.0,0.04594,431.0,0.04601,494.0,0.04602,957.0
1753617445660,11:57:25.660,gateio,ACT/USDT:USDT,0.04595,431.0,0.04594,605.0,0.04598,1058.0,0.046,181.0
1753617445766,11:57:25.766,gateio,ACT/USDT:USDT,0.04595,250.0,0.04594,605.0,0.04597,23.0,0.04598,1038.0
1753617445809,11:57:25.809,gateio,ACT/USDT:USDT,0.04595,250.0,0.04594,605.0,0.04597,23.0,0.04598,1038.0
1753617446127,11:57:26.127,gateio,ACT/USDT:USDT,0.04595,250.0,0.04594,605.0,0.04597,23.0,0.04598,1038.0
1753617446559,11:57:26.559,gateio,ACT/USDT:USDT,0.04596,33.0,0.04595,270.0,0.04597,23.0,0.04598,1038.0
1753617446652,11:57:26.652,gateio,ACT/USDT:USDT,0.04596,33.0,0.04595,444.0,0.04597,23.0,0.04598,1058.0
1753617447521,11:57:27.521,gateio,ACT/USDT:USDT,0.04596,33.0,0.04595,424.0,0.04597,23.0,0.04598,1058.0
1753617448511,11:57:28.511,gateio,ACT/USDT:USDT,0.04596,33.0,0.04595,424.0,0.04597,23.0,0.04598,1038.0
1753617449932,11:57:29.932,gateio,ACT/USDT:USDT,0.04596,33.0,0.04595,424.0,0.04597,23.0,0.04598,1058.0
1753617450200,11:57:30.200,gateio,ACT/USDT:USDT,0.04596,33.0,0.04595,424.0,0.04597,23.0,0.04598,1058.0
1753617450488,11:57:30.488,gateio,ACT/USDT:USDT,0.04596,33.0,0.04595,444.0,0.04597,23.0,0.04598,1058.0
1753617451239,11:57:31.239,gateio,ACT/USDT:USDT,0.04596,33.0,0.04595,444.0,0.04597,1061.0,0.04598,20.0
1753617451283,11:57:31.283,gateio,ACT/USDT:USDT,0.04596,33.0,0.04595,444.0,0.04597,1038.0,0.04598,20.0
1753617451518,11:57:31.518,gateio,ACT/USDT:USDT,0.04595,444.0,0.04594,606.0,0.04597,1038.0,0.046,204.0
1753617451582,11:57:31.582,gateio,ACT/USDT:USDT,0.04595,444.0,0.04594,606.0,0.04597,1038.0,0.046,181.0
1753617452242,11:57:32.242,gateio,ACT/USDT:USDT,0.04595,444.0,0.04594,606.0,0.04597,1038.0,0.046,181.0
1753617452372,11:57:32.372,gateio,ACT/USDT:USDT,0.04595,464.0,0.04594,606.0,0.04597,1038.0,0.046,181.0
1753617453770,11:57:33.770,gateio,ACT/USDT:USDT,0.04595,444.0,0.04594,606.0,0.04597,1038.0,0.046,181.0
1753617453867,11:57:33.867,gateio,ACT/USDT:USDT,0.04595,424.0,0.04594,606.0,0.04597,1038.0,0.046,181.0
1753617453948,11:57:33.948,gateio,ACT/USDT:USDT,0.04595,444.0,0.04594,606.0,0.04597,1038.0,0.046,181.0
1753617454268,11:57:34.268,gateio,ACT/USDT:USDT,0.04595,424.0,0.04594,606.0,0.04597,1038.0,0.046,181.0
1753617455438,11:57:35.438,gateio,ACT/USDT:USDT,0.04595,444.0,0.04594,606.0,0.04597,1038.0,0.046,181.0
1753617457005,11:57:37.005,gateio,ACT/USDT:USDT,0.04596,33.0,0.04595,424.0,0.046,1219.0,0.04601,431.0
1753617457098,11:57:37.098,gateio,ACT/USDT:USDT,0.04596,33.0,0.04595,424.0,0.04597,1038.0,0.04598,20.0
1753617457183,11:57:37.183,gateio,ACT/USDT:USDT,0.04596,33.0,0.04595,424.0,0.04598,1058.0,0.046,204.0
1753617457282,11:57:37.282,gateio,ACT/USDT:USDT,0.04596,33.0,0.04595,424.0,0.04598,1078.0,0.046,181.0
1753617458281,11:57:38.281,gateio,ACT/USDT:USDT,0.04596,33.0,0.04595,424.0,0.04598,1078.0,0.046,181.0
1753617460617,11:57:40.617,gateio,ACT/USDT:USDT,0.04596,33.0,0.04595,424.0,0.04598,1058.0,0.046,181.0
1753617461870,11:57:41.870,gateio,ACT/USDT:USDT,0.04597,33.0,0.04595,424.0,0.04598,1038.0,0.046,181.0
1753617461910,11:57:41.910,gateio,ACT/USDT:USDT,0.04597,33.0,0.04595,424.0,0.04598,1038.0,0.046,204.0
1753617462137,11:57:42.137,gateio,ACT/USDT:USDT,0.04597,33.0,0.04595,611.0,0.04598,1038.0,0.046,204.0
1753617462371,11:57:42.371,gateio,ACT/USDT:USDT,0.04597,53.0,0.04596,20.0,0.04598,1038.0,0.046,204.0
1753617462858,11:57:42.858,gateio,ACT/USDT:USDT,0.04598,33.0,0.04597,174.0,0.046,1061.0,0.04601,431.0
1753617462941,11:57:42.941,gateio,ACT/USDT:USDT,0.04598,33.0,0.04597,174.0,0.04601,431.0,0.04602,957.0
1753617462986,11:57:42.986,gateio,ACT/USDT:USDT,0.04598,33.0,0.04597,174.0,0.046,23.0,0.04601,431.0
1753617463150,11:57:43.150,gateio,ACT/USDT:USDT,0.04598,33.0,0.04597,174.0,0.046,63.0,0.04601,431.0
1753617463182,11:57:43.182,gateio,ACT/USDT:USDT,0.04598,33.0,0.04597,174.0,0.046,63.0,0.04601,431.0
1753617463282,11:57:43.282,gateio,ACT/USDT:USDT,0.04598,33.0,0.04597,174.0,0.046,63.0,0.04601,431.0
1753617463382,11:57:43.382,gateio,ACT/USDT:USDT,0.04598,33.0,0.04597,174.0,0.046,63.0,0.04601,431.0
1753617463482,11:57:43.482,gateio,ACT/USDT:USDT,0.04598,33.0,0.04597,174.0,0.046,63.0,0.04601,431.0
1753617463582,11:57:43.582,gateio,ACT/USDT:USDT,0.04598,33.0,0.04597,174.0,0.046,63.0,0.04601,431.0
1753617463682,11:57:43.682,gateio,ACT/USDT:USDT,0.04598,33.0,0.04597,174.0,0.046,63.0,0.04601,431.0
1753617463783,11:57:43.783,gateio,ACT/USDT:USDT,0.04598,33.0,0.04597,174.0,0.046,63.0,0.04601,431.0
1753617463966,11:57:43.966,gateio,ACT/USDT:USDT,0.04596,187.0,0.04595,437.0,0.046,63.0,0.04601,431.0
1753617464061,11:57:44.061,gateio,ACT/USDT:USDT,0.04596,174.0,0.04595,611.0,0.04598,1078.0,0.046,210.0
1753617464166,11:57:44.166,gateio,ACT/USDT:USDT,0.04596,174.0,0.04595,611.0,0.04598,1038.0,0.046,187.0
1753617464178,11:57:44.178,gateio,ACT/USDT:USDT,0.04596,174.0,0.04595,611.0,0.04598,1038.0,0.046,187.0
1753617464358,11:57:44.358,gateio,ACT/USDT:USDT,0.04596,174.0,0.04595,611.0,0.04598,1038.0,0.046,187.0
1753617464641,11:57:44.641,gateio,ACT/USDT:USDT,0.04596,194.0,0.04595,611.0,0.04598,1038.0,0.046,187.0
1753617465203,11:57:45.203,gateio,ACT/USDT:USDT,0.04596,174.0,0.04595,611.0,0.04598,1058.0,0.046,187.0
1753617465414,11:57:45.414,gateio,ACT/USDT:USDT,0.04596,194.0,0.04595,611.0,0.04598,1038.0,0.046,187.0
1753617465652,11:57:45.652,gateio,ACT/USDT:USDT,0.04596,214.0,0.04595,611.0,0.04598,1038.0,0.046,187.0
1753617466852,11:57:46.852,gateio,ACT/USDT:USDT,0.04596,214.0,0.04595,611.0,0.04598,1038.0,0.046,187.0
1753617466967,11:57:46.967,gateio,ACT/USDT:USDT,0.04597,33.0,0.04596,194.0,0.04598,1038.0,0.04601,431.0
1753617466982,11:57:46.982,gateio,ACT/USDT:USDT,0.04597,33.0,0.04596,194.0,0.04598,1038.0,0.046,23.0
1753617467214,11:57:47.214,gateio,ACT/USDT:USDT,0.04597,33.0,0.04596,194.0,0.04598,1038.0,0.046,23.0
1753617467361,11:57:47.361,gateio,ACT/USDT:USDT,0.04596,194.0,0.04595,611.0,0.04598,1058.0,0.046,204.0
1753617467410,11:57:47.410,gateio,ACT/USDT:USDT,0.04596,174.0,0.04595,611.0,0.04598,1058.0,0.046,181.0
1753617467644,11:57:47.644,gateio,ACT/USDT:USDT,0.04596,174.0,0.04595,611.0,0.04598,1058.0,0.046,181.0
1753617468486,11:57:48.486,gateio,ACT/USDT:USDT,0.04596,194.0,0.04595,611.0,0.04598,1038.0,0.046,181.0
1753617468638,11:57:48.638,gateio,ACT/USDT:USDT,0.04596,174.0,0.04595,611.0,0.04598,1038.0,0.046,181.0
1753617470216,11:57:50.216,gateio,ACT/USDT:USDT,0.04596,194.0,0.04595,611.0,0.04598,1038.0,0.046,181.0
1753617474102,11:57:54.102,gateio,ACT/USDT:USDT,0.04596,174.0,0.04595,611.0,0.04598,1038.0,0.046,181.0
1753617474371,11:57:54.371,gateio,ACT/USDT:USDT,0.04596,174.0,0.04595,611.0,0.046,1219.0,0.04601,431.0
1753617474454,11:57:54.454,gateio,ACT/USDT:USDT,0.04597,33.0,0.04596,174.0,0.04598,1058.0,0.04599,23.0
1753617474520,11:57:54.520,gateio,ACT/USDT:USDT,0.04597,33.0,0.04596,174.0,0.04598,1058.0,0.046,204.0
1753617475998,11:57:55.998,gateio,ACT/USDT:USDT,0.04596,174.0,0.04595,611.0,0.04598,1038.0,0.046,204.0
1753617476140,11:57:56.140,gateio,ACT/USDT:USDT,0.04596,174.0,0.04595,611.0,0.04598,1038.0,0.046,181.0
1753617476179,11:57:56.179,gateio,ACT/USDT:USDT,0.04596,174.0,0.04595,611.0,0.04598,1058.0,0.046,181.0
1753617477719,11:57:57.719,gateio,ACT/USDT:USDT,0.04596,214.0,0.04595,611.0,0.04598,1038.0,0.046,181.0
1753617478915,11:57:58.915,gateio,ACT/USDT:USDT,0.04596,214.0,0.04595,611.0,0.04598,1038.0,0.046,181.0
1753617480164,11:58:00.164,gateio,ACT/USDT:USDT,0.04597,33.0,0.04596,214.0,0.046,1038.0,0.04601,431.0
1753617480232,11:58:00.232,gateio,ACT/USDT:USDT,0.04597,33.0,0.04596,194.0,0.04599,23.0,0.04601,1469.0
1753617480285,11:58:00.285,gateio,ACT/USDT:USDT,0.04597,33.0,0.04596,194.0,0.046,23.0,0.04601,1469.0
1753617480433,11:58:00.433,gateio,ACT/USDT:USDT,0.04597,33.0,0.04596,174.0,0.046,23.0,0.04601,1469.0
1753617481418,11:58:01.418,gateio,ACT/USDT:USDT,0.04597,33.0,0.04596,174.0,0.046,23.0,0.04601,1469.0
1753617485954,11:58:05.954,gateio,ACT/USDT:USDT,0.04597,33.0,0.04596,174.0,0.046,1061.0,0.04601,431.0
1753617488125,11:58:08.125,gateio,ACT/USDT:USDT,0.04597,33.0,0.04596,362.0,0.046,1061.0,0.04601,431.0
1753617490213,11:58:10.213,gateio,ACT/USDT:USDT,0.04597,33.0,0.04596,362.0,0.046,1061.0,0.04601,181.0
1753617490594,11:58:10.594,gateio,ACT/USDT:USDT,0.04597,33.0,0.04596,362.0,0.046,1061.0,0.04601,181.0
1753617491758,11:58:11.758,gateio,ACT/USDT:USDT,0.04599,33.0,0.04597,174.0,0.046,1061.0,0.04601,181.0
1753617491819,11:58:11.819,gateio,ACT/USDT:USDT,0.04597,174.0,0.04596,817.0,0.046,1038.0,0.04601,204.0
1753617491946,11:58:11.946,gateio,ACT/USDT:USDT,0.04598,53.0,0.04597,174.0,0.04599,23.0,0.04601,1038.0
1753617491999,11:58:11.999,gateio,ACT/USDT:USDT,0.04598,73.0,0.04597,174.0,0.046,23.0,0.04601,1038.0
1753617492305,11:58:12.305,gateio,ACT/USDT:USDT,0.04598,53.0,0.04597,174.0,0.046,23.0,0.04601,1038.0
1753617492775,11:58:12.775,gateio,ACT/USDT:USDT,0.04599,33.0,0.04598,194.0,0.046,23.0,0.04601,1038.0
1753617492777,11:58:12.777,gateio,ACT/USDT:USDT,0.04599,33.0,0.04598,214.0,0.046,23.0,0.04601,1038.0
1753617493123,11:58:13.123,gateio,ACT/USDT:USDT,0.04599,33.0,0.04598,214.0,0.046,23.0,0.04601,1038.0
1753617493540,11:58:13.540,gateio,ACT/USDT:USDT,0.04598,214.0,0.04597,174.0,0.046,23.0,0.04601,1038.0
1753617494363,11:58:14.363,gateio,ACT/USDT:USDT,0.04598,214.0,0.04597,174.0,0.046,23.0,0.04601,1038.0
1753617494760,11:58:14.760,gateio,ACT/USDT:USDT,0.04598,174.0,0.04597,174.0,0.046,43.0,0.04601,1038.0
1753617494864,11:58:14.864,gateio,ACT/USDT:USDT,0.04598,174.0,0.04597,174.0,0.046,43.0,0.04601,1038.0
1753617494955,11:58:14.955,gateio,ACT/USDT:USDT,0.04597,174.0,0.04596,174.0,0.046,63.0,0.04601,1038.0
1753617495058,11:58:15.058,gateio,ACT/USDT:USDT,0.04597,174.0,0.04596,174.0,0.046,63.0,0.04601,1038.0
1753617495083,11:58:15.083,gateio,ACT/USDT:USDT,0.04597,174.0,0.04596,174.0,0.046,63.0,0.04601,1038.0
1753617495201,11:58:15.201,gateio,ACT/USDT:USDT,0.04597,174.0,0.04596,174.0,0.046,63.0,0.04601,1038.0
1753617495283,11:58:15.283,gateio,ACT/USDT:USDT,0.04597,174.0,0.04596,174.0,0.046,63.0,0.04601,1038.0
1753617495382,11:58:15.382,gateio,ACT/USDT:USDT,0.04597,174.0,0.04596,174.0,0.046,63.0,0.04601,1038.0
1753617495484,11:58:15.484,gateio,ACT/USDT:USDT,0.04597,174.0,0.04596,174.0,0.046,63.0,0.04601,1038.0
1753617495627,11:58:15.627,gateio,ACT/USDT:USDT,0.04597,174.0,0.04596,174.0,0.046,63.0,0.04601,1038.0
1753617495683,11:58:15.683,gateio,ACT/USDT:USDT,0.04597,174.0,0.04596,174.0,0.046,63.0,0.04601,1038.0
1753617495841,11:58:15.841,gateio,ACT/USDT:USDT,0.04597,174.0,0.04596,174.0,0.046,63.0,0.04601,1038.0
1753617495884,11:58:15.884,gateio,ACT/USDT:USDT,0.04597,174.0,0.04596,174.0,0.046,63.0,0.04601,1038.0
1753617496044,11:58:16.044,gateio,ACT/USDT:USDT,0.04597,174.0,0.04596,174.0,0.046,63.0,0.04601,1038.0
1753617496085,11:58:16.085,gateio,ACT/USDT:USDT,0.04597,174.0,0.04596,174.0,0.046,63.0,0.04601,1038.0
1753617496182,11:58:16.182,gateio,ACT/USDT:USDT,0.04597,174.0,0.04596,174.0,0.046,63.0,0.04601,1038.0
1753617496283,11:58:16.283,gateio,ACT/USDT:USDT,0.04597,174.0,0.04596,174.0,0.046,63.0,0.04601,1038.0
1753617496465,11:58:16.465,gateio,ACT/USDT:USDT,0.04597,174.0,0.04596,174.0,0.046,63.0,0.04601,1038.0
1753617496483,11:58:16.483,gateio,ACT/USDT:USDT,0.04597,174.0,0.04596,174.0,0.046,63.0,0.04601,1038.0
1753617496582,11:58:16.582,gateio,ACT/USDT:USDT,0.04597,174.0,0.04596,174.0,0.046,63.0,0.04601,1038.0
1753617496688,11:58:16.688,gateio,ACT/USDT:USDT,0.04597,174.0,0.04596,174.0,0.046,63.0,0.04601,1038.0
1753617496782,11:58:16.782,gateio,ACT/USDT:USDT,0.04597,174.0,0.04596,174.0,0.046,63.0,0.04601,1038.0
1753617496884,11:58:16.884,gateio,ACT/USDT:USDT,0.04597,174.0,0.04596,174.0,0.046,63.0,0.04601,1038.0
1753617496984,11:58:16.984,gateio,ACT/USDT:USDT,0.04597,174.0,0.04596,174.0,0.046,63.0,0.04601,1038.0
1753617497083,11:58:17.083,gateio,ACT/USDT:USDT,0.04597,174.0,0.04596,174.0,0.046,63.0,0.04601,1038.0
1753617497182,11:58:17.182,gateio,ACT/USDT:USDT,0.04597,174.0,0.04596,174.0,0.046,63.0,0.04601,1038.0
1753617497318,11:58:17.318,gateio,ACT/USDT:USDT,0.04597,194.0,0.04596,174.0,0.046,63.0,0.04601,1038.0
1753617497387,11:58:17.387,gateio,ACT/USDT:USDT,0.04597,194.0,0.04596,174.0,0.046,63.0,0.04601,1038.0
1753617497482,11:58:17.482,gateio,ACT/USDT:USDT,0.04597,194.0,0.04596,174.0,0.046,63.0,0.04601,1038.0
1753617497588,11:58:17.588,gateio,ACT/USDT:USDT,0.04597,174.0,0.04596,174.0,0.046,63.0,0.04601,1038.0
1753617497738,11:58:17.738,gateio,ACT/USDT:USDT,0.04596,174.0,0.04595,610.0,0.046,1101.0,0.04601,180.0
1753617497778,11:58:17.778,gateio,ACT/USDT:USDT,0.04596,174.0,0.04595,610.0,0.046,1101.0,0.04601,180.0
1753617498103,11:58:18.103,gateio,ACT/USDT:USDT,0.04596,174.0,0.04595,610.0,0.046,1101.0,0.04601,180.0
1753617498520,11:58:18.520,gateio,ACT/USDT:USDT,0.04596,174.0,0.04595,610.0,0.046,1101.0,0.04601,180.0
1753617498941,11:58:18.941,gateio,ACT/USDT:USDT,0.04596,174.0,0.04595,610.0,0.046,1101.0,0.04601,180.0
1753617500439,11:58:20.439,gateio,ACT/USDT:USDT,0.04596,174.0,0.04595,610.0,0.046,1101.0,0.04601,180.0
1753617500512,11:58:20.512,gateio,ACT/USDT:USDT,0.04596,174.0,0.04595,423.0,0.046,1101.0,0.04601,180.0
1753617502919,11:58:22.919,gateio,ACT/USDT:USDT,0.04595,423.0,0.04594,604.0,0.04599,220.0,0.046,1061.0
1753617503019,11:58:23.019,gateio,ACT/USDT:USDT,0.04595,423.0,0.04594,604.0,0.04598,63.0,0.04599,180.0
1753617503150,11:58:23.150,gateio,ACT/USDT:USDT,0.04596,33.0,0.04595,423.0,0.04598,63.0,0.04599,180.0
1753617503238,11:58:23.238,gateio,ACT/USDT:USDT,0.04596,33.0,0.04595,423.0,0.04598,63.0,0.04599,180.0
1753617503374,11:58:23.374,gateio,ACT/USDT:USDT,0.04596,33.0,0.04595,423.0,0.04598,63.0,0.04599,180.0
1753617503442,11:58:23.442,gateio,ACT/USDT:USDT,0.04595,423.0,0.04594,423.0,0.04598,63.0,0.04599,180.0
1753617503482,11:58:23.482,gateio,ACT/USDT:USDT,0.04595,423.0,0.04594,423.0,0.04598,63.0,0.04599,180.0
1753617503582,11:58:23.582,gateio,ACT/USDT:USDT,0.04595,423.0,0.04594,423.0,0.04598,63.0,0.04599,180.0
1753617503682,11:58:23.682,gateio,ACT/USDT:USDT,0.04595,423.0,0.04594,423.0,0.04598,63.0,0.04599,180.0
1753617503782,11:58:23.782,gateio,ACT/USDT:USDT,0.04595,423.0,0.04594,423.0,0.04598,63.0,0.04599,180.0
1753617503883,11:58:23.883,gateio,ACT/USDT:USDT,0.04595,423.0,0.04594,423.0,0.04598,63.0,0.04599,180.0
1753617503984,11:58:23.984,gateio,ACT/USDT:USDT,0.04595,423.0,0.04594,423.0,0.04598,63.0,0.04599,180.0
1753617504086,11:58:24.086,gateio,ACT/USDT:USDT,0.04595,423.0,0.04594,423.0,0.04598,63.0,0.04599,180.0
1753617504182,11:58:24.182,gateio,ACT/USDT:USDT,0.04595,423.0,0.04594,423.0,0.04598,63.0,0.04599,180.0
1753617504282,11:58:24.282,gateio,ACT/USDT:USDT,0.04595,423.0,0.04594,423.0,0.04598,63.0,0.04599,180.0
1753617504383,11:58:24.383,gateio,ACT/USDT:USDT,0.04595,423.0,0.04594,423.0,0.04598,63.0,0.04599,180.0
1753617504483,11:58:24.483,gateio,ACT/USDT:USDT,0.04595,423.0,0.04594,423.0,0.04598,63.0,0.04599,180.0
1753617504582,11:58:24.582,gateio,ACT/USDT:USDT,0.04595,423.0,0.04594,423.0,0.04598,63.0,0.04599,180.0
1753617504682,11:58:24.682,gateio,ACT/USDT:USDT,0.04595,423.0,0.04594,423.0,0.04598,63.0,0.04599,180.0
1753617504784,11:58:24.784,gateio,ACT/USDT:USDT,0.04595,423.0,0.04594,423.0,0.04598,63.0,0.04599,180.0
1753617504882,11:58:24.882,gateio,ACT/USDT:USDT,0.04595,423.0,0.04594,423.0,0.04598,63.0,0.04599,180.0
1753617504984,11:58:24.984,gateio,ACT/USDT:USDT,0.04595,423.0,0.04594,423.0,0.04598,63.0,0.04599,180.0
1753617505084,11:58:25.084,gateio,ACT/USDT:USDT,0.04595,423.0,0.04594,423.0,0.04598,63.0,0.04599,180.0
1753617505182,11:58:25.182,gateio,ACT/USDT:USDT,0.04595,423.0,0.04594,423.0,0.04598,63.0,0.04599,180.0
1753617505283,11:58:25.283,gateio,ACT/USDT:USDT,0.04595,423.0,0.04594,423.0,0.04598,63.0,0.04599,180.0
1753617505382,11:58:25.382,gateio,ACT/USDT:USDT,0.04595,423.0,0.04594,423.0,0.04598,63.0,0.04599,180.0
1753617505482,11:58:25.482,gateio,ACT/USDT:USDT,0.04595,423.0,0.04594,423.0,0.04598,63.0,0.04599,180.0
