timestamp,time,exchange,symbol,bid1_price,bid1_volume,bid2_price,bid2_volume,ask1_price,ask1_volume,ask2_price,ask2_volume
1753617167917,11:52:47.917,mexc,AERO/USDT:USDT,0.8977,23.0,0.8976,139.0,0.8978,28.0,0.8979,67
1753617168501,11:52:48.501,mexc,AERO/USDT:USDT,0.8977,23.0,0.8976,139.0,0.8978,28.0,0.8979,45
1753617168901,11:52:48.901,mexc,AERO/USDT:USDT,0.8977,23.0,0.8976,139.0,0.8978,28.0,0.8979,45
1753617169000,11:52:49.000,mexc,AERO/USDT:USDT,0.8977,23.0,0.8976,139.0,0.8978,28.0,0.8979,52
1753617169408,11:52:49.408,mexc,AERO/USDT:USDT,0.8977,23.0,0.8976,139.0,0.8978,28.0,0.8979,52
1753617169499,11:52:49.499,mexc,AERO/USDT:USDT,0.8977,23.0,0.8976,139.0,0.8978,28.0,0.8979,73
1753617169904,11:52:49.904,mexc,AERO/USDT:USDT,0.8977,23.0,0.8976,139.0,0.8978,28.0,0.8979,73
1753617170001,11:52:50.001,mexc,AERO/USDT:USDT,0.8977,23.0,0.8976,139.0,0.8978,28.0,0.8979,45
1753617170402,11:52:50.402,mexc,AERO/USDT:USDT,0.8977,23.0,0.8976,139.0,0.8978,28.0,0.8979,45
1753617170498,11:52:50.498,mexc,AERO/USDT:USDT,0.8977,23.0,0.8976,139.0,0.8978,28.0,0.8979,58
1753617170901,11:52:50.901,mexc,AERO/USDT:USDT,0.8977,23.0,0.8976,139.0,0.8978,28.0,0.8979,58
1753617171000,11:52:51.000,mexc,AERO/USDT:USDT,0.8977,23.0,0.8976,139.0,0.8978,28.0,0.8979,45
1753617171402,11:52:51.402,mexc,AERO/USDT:USDT,0.8977,23.0,0.8976,139.0,0.8978,28.0,0.8979,45
1753617171500,11:52:51.500,mexc,AERO/USDT:USDT,0.8977,23.0,0.8976,198,0.8978,28.0,0.8979,45
1753617171805,11:52:51.805,mexc,AERO/USDT:USDT,0.8977,23.0,0.8976,198,0.8978,28.0,0.8979,71
1753617172000,11:52:52.000,mexc,AERO/USDT:USDT,0.8978,24,0.8977,47,0.8979,26,0.898,27
1753617172401,11:52:52.401,mexc,AERO/USDT:USDT,0.8978,24,0.8977,47,0.8979,26,0.898,27
1753617172502,11:52:52.502,mexc,AERO/USDT:USDT,0.8978,24,0.8977,36,0.8979,26,0.898,44
1753617172902,11:52:52.902,mexc,AERO/USDT:USDT,0.8978,24,0.8977,36,0.8979,26,0.898,44
1753617173002,11:52:53.002,mexc,AERO/USDT:USDT,0.8978,24,0.8977,36,0.8979,26,0.898,27
1753617173402,11:52:53.402,mexc,AERO/USDT:USDT,0.8978,24,0.8977,36,0.8979,26,0.898,27
1753617173501,11:52:53.501,mexc,AERO/USDT:USDT,0.8978,24,0.8977,49,0.8979,26,0.898,29
1753617173902,11:52:53.902,mexc,AERO/USDT:USDT,0.8978,24,0.8977,49,0.8979,26,0.898,29
1753617174000,11:52:54.000,mexc,AERO/USDT:USDT,0.8978,24,0.8977,36,0.8979,26,0.898,27
1753617174403,11:52:54.403,mexc,AERO/USDT:USDT,0.8978,24,0.8977,36,0.8979,26,0.898,27
1753617174503,11:52:54.503,mexc,AERO/USDT:USDT,0.8978,24,0.8977,43,0.8979,26,0.898,27
1753617174902,11:52:54.902,mexc,AERO/USDT:USDT,0.8978,24,0.8977,43,0.8979,26,0.898,27
1753617175001,11:52:55.001,mexc,AERO/USDT:USDT,0.8978,24,0.8977,43,0.8979,26,0.898,27
1753617175405,11:52:55.405,mexc,AERO/USDT:USDT,0.8978,24,0.8977,43,0.8979,26,0.898,27
1753617175502,11:52:55.502,mexc,AERO/USDT:USDT,0.8978,24,0.8977,49,0.8979,26,0.898,32
1753617175904,11:52:55.904,mexc,AERO/USDT:USDT,0.8978,24,0.8977,49,0.8979,26,0.898,32
1753617176004,11:52:56.004,mexc,AERO/USDT:USDT,0.8978,24,0.8977,45,0.8979,26,0.898,27
1753617176405,11:52:56.405,mexc,AERO/USDT:USDT,0.8978,24,0.8977,45,0.8979,26,0.898,27
1753617176503,11:52:56.503,mexc,AERO/USDT:USDT,0.8978,24,0.8977,36,0.8979,26,0.898,27
1753617176906,11:52:56.906,mexc,AERO/USDT:USDT,0.8978,24,0.8977,36,0.8979,26,0.898,27
1753617177007,11:52:57.007,mexc,AERO/USDT:USDT,0.8978,24,0.8977,36,0.8979,26,0.898,40
1753617177406,11:52:57.406,mexc,AERO/USDT:USDT,0.8978,24,0.8977,36,0.8979,26,0.898,27
1753617177504,11:52:57.504,mexc,AERO/USDT:USDT,0.8978,24,0.8977,49,0.8979,26,0.898,35
1753617177811,11:52:57.811,mexc,AERO/USDT:USDT,0.8978,24,0.8977,72,0.8979,26,0.898,35
1753617178004,11:52:58.004,mexc,AERO/USDT:USDT,0.8977,23,0.8976,199,0.8979,29,0.898,170
1753617178407,11:52:58.407,mexc,AERO/USDT:USDT,0.8977,23,0.8976,199,0.8979,29,0.898,170
1753617178505,11:52:58.505,mexc,AERO/USDT:USDT,0.8977,23,0.8976,215,0.8979,29,0.898,118
1753617178909,11:52:58.909,mexc,AERO/USDT:USDT,0.8977,23,0.8976,160,0.8979,29,0.898,118
1753617179006,11:52:59.006,mexc,AERO/USDT:USDT,0.8977,23,0.8976,160,0.8979,29,0.898,118
1753617179407,11:52:59.407,mexc,AERO/USDT:USDT,0.8977,23,0.8976,160,0.8979,29,0.898,118
1753617179506,11:52:59.506,mexc,AERO/USDT:USDT,0.8977,23,0.8976,160,0.8979,29,0.898,118
1753617179908,11:52:59.908,mexc,AERO/USDT:USDT,0.8977,23,0.8976,160,0.8979,29,0.898,118
1753617180007,11:53:00.007,mexc,AERO/USDT:USDT,0.8977,23,0.8976,160,0.8979,29,0.898,118
1753617180410,11:53:00.410,mexc,AERO/USDT:USDT,0.8977,23,0.8976,160,0.8979,29,0.898,118
1753617180506,11:53:00.506,mexc,AERO/USDT:USDT,0.8977,23,0.8976,160,0.8979,29,0.898,118
1753617180909,11:53:00.909,mexc,AERO/USDT:USDT,0.8977,23,0.8976,160,0.8979,29,0.898,118
1753617181007,11:53:01.007,mexc,AERO/USDT:USDT,0.8977,23,0.8976,220,0.8979,29,0.898,131
1753617181408,11:53:01.408,mexc,AERO/USDT:USDT,0.8977,23,0.8976,220,0.8979,29,0.898,118
1753617181509,11:53:01.509,mexc,AERO/USDT:USDT,0.8977,23,0.8976,182,0.8979,29,0.898,118
1753617181911,11:53:01.911,mexc,AERO/USDT:USDT,0.8977,23,0.8976,182,0.8979,29,0.898,118
1753617182008,11:53:02.008,mexc,AERO/USDT:USDT,0.8977,23,0.8976,160,0.8979,29,0.898,159
1753617182410,11:53:02.410,mexc,AERO/USDT:USDT,0.8977,23,0.8976,160,0.8979,29,0.898,159
1753617182508,11:53:02.508,mexc,AERO/USDT:USDT,0.8977,23,0.8976,178,0.8979,29,0.898,118
1753617182909,11:53:02.909,mexc,AERO/USDT:USDT,0.8977,23,0.8976,178,0.8979,29,0.898,118
1753617183010,11:53:03.010,mexc,AERO/USDT:USDT,0.8977,23,0.8976,183,0.8979,29,0.898,118
1753617183412,11:53:03.412,mexc,AERO/USDT:USDT,0.8977,23,0.8976,183,0.8979,29,0.898,118
1753617183509,11:53:03.509,mexc,AERO/USDT:USDT,0.8977,23,0.8976,160,0.8979,29,0.898,143
1753617183808,11:53:03.808,mexc,AERO/USDT:USDT,0.8977,23,0.8976,160,0.8979,29,0.898,143
1753617184008,11:53:04.008,mexc,AERO/USDT:USDT,0.8979,121,0.8978,230,0.8981,29,0.8982,45
1753617184411,11:53:04.411,mexc,AERO/USDT:USDT,0.8979,121,0.8978,230,0.8981,29,0.8982,45
1753617184509,11:53:04.509,mexc,AERO/USDT:USDT,0.8979,121,0.8978,230,0.8981,29,0.8982,34
1753617184911,11:53:04.911,mexc,AERO/USDT:USDT,0.8979,121,0.8978,230,0.8981,29,0.8982,34
1753617185010,11:53:05.010,mexc,AERO/USDT:USDT,0.8979,121,0.8978,301,0.8981,29,0.8982,34
1753617185412,11:53:05.412,mexc,AERO/USDT:USDT,0.8979,121,0.8978,301,0.8981,29,0.8982,34
1753617185580,11:53:05.580,mexc,AERO/USDT:USDT,0.8979,121,0.8978,278,0.8981,29,0.8982,49
1753617185909,11:53:05.909,mexc,AERO/USDT:USDT,0.8979,121,0.8978,278,0.8981,29,0.8982,49
1753617186081,11:53:06.081,mexc,AERO/USDT:USDT,0.8979,121,0.8978,230,0.8981,29,0.8982,49
1753617186483,11:53:06.483,mexc,AERO/USDT:USDT,0.8979,121,0.8978,230,0.8981,29,0.8982,34
1753617186582,11:53:06.582,mexc,AERO/USDT:USDT,0.8979,121,0.8978,230,0.8981,29,0.8982,34
1753617186986,11:53:06.986,mexc,AERO/USDT:USDT,0.8979,121,0.8978,230,0.8981,29,0.8982,34
1753617187087,11:53:07.087,mexc,AERO/USDT:USDT,0.8979,121,0.8978,294,0.8981,29,0.8982,34
1753617187485,11:53:07.485,mexc,AERO/USDT:USDT,0.8979,121,0.8978,294,0.8981,29,0.8982,34
1753617187581,11:53:07.581,mexc,AERO/USDT:USDT,0.8979,121,0.8978,230,0.8981,29,0.8982,34
1753617187984,11:53:07.984,mexc,AERO/USDT:USDT,0.8979,121,0.8978,230,0.8981,29,0.8982,34
1753617188082,11:53:08.082,mexc,AERO/USDT:USDT,0.8979,121,0.8978,400,0.8981,29,0.8982,44
1753617188485,11:53:08.485,mexc,AERO/USDT:USDT,0.8979,121,0.8978,320,0.8981,29,0.8982,44
1753617188582,11:53:08.582,mexc,AERO/USDT:USDT,0.8979,121,0.8978,230,0.8981,29,0.8982,46
1753617188989,11:53:08.989,mexc,AERO/USDT:USDT,0.8979,121,0.8978,230,0.8981,29,0.8982,34
1753617189091,11:53:09.091,mexc,AERO/USDT:USDT,0.8979,121,0.8978,230,0.8981,29,0.8982,34
1753617189488,11:53:09.488,mexc,AERO/USDT:USDT,0.8979,121,0.8978,230,0.8981,29,0.8982,34
1753617189589,11:53:09.589,mexc,AERO/USDT:USDT,0.8979,121,0.8978,279,0.8981,29,0.8982,34
1753617189972,11:53:09.972,mexc,AERO/USDT:USDT,0.8982,145,0.8981,231,0.8983,26,0.8984,28
1753617190090,11:53:10.090,mexc,AERO/USDT:USDT,0.8982,145,0.8981,231,0.8983,26,0.8984,37
1753617190487,11:53:10.487,mexc,AERO/USDT:USDT,0.8982,145,0.8981,231,0.8983,26,0.8984,37
1753617190585,11:53:10.585,mexc,AERO/USDT:USDT,0.8982,145,0.8981,317,0.8983,26,0.8984,31
1753617190988,11:53:10.988,mexc,AERO/USDT:USDT,0.8982,145,0.8981,317,0.8983,26,0.8984,28
1753617191090,11:53:11.090,mexc,AERO/USDT:USDT,0.8982,145,0.8981,260,0.8983,26,0.8984,28
1753617191487,11:53:11.487,mexc,AERO/USDT:USDT,0.8982,145,0.8981,260,0.8983,26,0.8984,28
1753617191585,11:53:11.585,mexc,AERO/USDT:USDT,0.8982,145,0.8981,231,0.8983,26,0.8984,48
1753617191910,11:53:11.910,mexc,AERO/USDT:USDT,0.8982,145,0.8981,231,0.8983,26,0.8984,48
1753617192089,11:53:12.089,mexc,AERO/USDT:USDT,0.8982,145,0.8981,231,0.8983,26,0.8984,32
1753617192490,11:53:12.490,mexc,AERO/USDT:USDT,0.8982,145,0.8981,231,0.8983,26,0.8984,32
1753617192587,11:53:12.587,mexc,AERO/USDT:USDT,0.8982,145,0.8981,231,0.8983,26,0.8984,28
1753617192991,11:53:12.991,mexc,AERO/USDT:USDT,0.8982,145,0.8981,231,0.8983,26,0.8984,28
1753617193096,11:53:13.096,mexc,AERO/USDT:USDT,0.8982,145,0.8981,231,0.8983,26,0.8984,28
1753617193493,11:53:13.493,mexc,AERO/USDT:USDT,0.8982,145,0.8981,231,0.8983,26,0.8984,28
1753617193589,11:53:13.589,mexc,AERO/USDT:USDT,0.8982,145,0.8981,231,0.8983,26,0.8984,28
1753617193991,11:53:13.991,mexc,AERO/USDT:USDT,0.8982,145,0.8981,231,0.8983,26,0.8984,28
1753617194089,11:53:14.089,mexc,AERO/USDT:USDT,0.8982,145,0.8981,231,0.8983,26,0.8984,38
1753617194492,11:53:14.492,mexc,AERO/USDT:USDT,0.8982,145,0.8981,231,0.8983,26,0.8984,38
1753617194589,11:53:14.589,mexc,AERO/USDT:USDT,0.8982,145,0.8981,231,0.8983,26,0.8984,37
1753617195001,11:53:15.001,mexc,AERO/USDT:USDT,0.8982,145,0.8981,231,0.8983,26,0.8984,37
1753617195088,11:53:15.088,mexc,AERO/USDT:USDT,0.8982,145,0.8981,231,0.8983,26,0.8984,28
1753617195492,11:53:15.492,mexc,AERO/USDT:USDT,0.8982,145,0.8981,231,0.8983,26,0.8984,28
1753617195588,11:53:15.588,mexc,AERO/USDT:USDT,0.8982,145,0.8981,231,0.8983,26,0.8984,36
1753617195974,11:53:15.974,mexc,AERO/USDT:USDT,0.8982,176,0.8981,200,0.8983,30,0.8984,25
1753617196091,11:53:16.091,mexc,AERO/USDT:USDT,0.8982,176,0.8981,235,0.8983,30,0.8984,33
1753617196492,11:53:16.492,mexc,AERO/USDT:USDT,0.8982,176,0.8981,235,0.8983,30,0.8984,33
1753617196590,11:53:16.590,mexc,AERO/USDT:USDT,0.8982,176,0.8981,244,0.8983,30,0.8984,25
1753617196997,11:53:16.997,mexc,AERO/USDT:USDT,0.8982,176,0.8981,244,0.8983,30,0.8984,25
1753617197092,11:53:17.092,mexc,AERO/USDT:USDT,0.8982,176,0.8981,200,0.8983,30,0.8984,40
1753617197491,11:53:17.491,mexc,AERO/USDT:USDT,0.8982,176,0.8981,200,0.8983,30,0.8984,40
1753617197589,11:53:17.589,mexc,AERO/USDT:USDT,0.8982,176,0.8981,200,0.8983,30,0.8984,35
1753617197917,11:53:17.917,mexc,AERO/USDT:USDT,0.8982,176,0.8981,200,0.8983,30,0.8984,35
1753617198093,11:53:18.093,mexc,AERO/USDT:USDT,0.8982,176,0.8981,200,0.8983,30,0.8984,25
1753617198494,11:53:18.494,mexc,AERO/USDT:USDT,0.8982,176,0.8981,200,0.8983,30,0.8984,25
1753617198591,11:53:18.591,mexc,AERO/USDT:USDT,0.8982,176,0.8981,200,0.8983,30,0.8984,25
1753617199001,11:53:19.001,mexc,AERO/USDT:USDT,0.8982,176,0.8981,200,0.8983,30,0.8984,25
1753617199094,11:53:19.094,mexc,AERO/USDT:USDT,0.8982,176,0.8981,261,0.8983,30,0.8984,25
1753617199495,11:53:19.495,mexc,AERO/USDT:USDT,0.8982,176,0.8981,261,0.8983,30,0.8984,25
1753617199591,11:53:19.591,mexc,AERO/USDT:USDT,0.8982,176,0.8981,200,0.8983,30,0.8984,25
1753617199992,11:53:19.992,mexc,AERO/USDT:USDT,0.8982,176,0.8981,200,0.8983,30,0.8984,25
1753617200090,11:53:20.090,mexc,AERO/USDT:USDT,0.8982,176,0.8981,200,0.8983,30,0.8984,30
1753617200494,11:53:20.494,mexc,AERO/USDT:USDT,0.8982,176,0.8981,200,0.8983,30,0.8984,30
1753617200592,11:53:20.592,mexc,AERO/USDT:USDT,0.8982,176,0.8981,227,0.8983,30,0.8984,25
1753617201007,11:53:21.007,mexc,AERO/USDT:USDT,0.8982,176,0.8981,200,0.8983,30,0.8984,25
1753617201093,11:53:21.093,mexc,AERO/USDT:USDT,0.8982,176,0.8981,243,0.8983,30,0.8984,25
1753617201495,11:53:21.495,mexc,AERO/USDT:USDT,0.8982,176,0.8981,243,0.8983,30,0.8984,25
1753617201593,11:53:21.593,mexc,AERO/USDT:USDT,0.8982,176,0.8981,291,0.8983,30,0.8984,25
1753617201972,11:53:21.972,mexc,AERO/USDT:USDT,0.8983,30,0.8982,133,0.8984,23,0.8985,31
1753617202096,11:53:22.096,mexc,AERO/USDT:USDT,0.8983,30,0.8982,165,0.8984,23,0.8985,48
1753617202494,11:53:22.494,mexc,AERO/USDT:USDT,0.8983,30,0.8982,165,0.8984,23,0.8985,48
1753617202593,11:53:22.593,mexc,AERO/USDT:USDT,0.8983,30,0.8982,133,0.8984,23,0.8985,44
1753617202997,11:53:22.997,mexc,AERO/USDT:USDT,0.8983,30,0.8982,133,0.8984,23,0.8985,44
1753617203094,11:53:23.094,mexc,AERO/USDT:USDT,0.8983,30,0.8982,192,0.8984,23,0.8985,31
1753617203497,11:53:23.497,mexc,AERO/USDT:USDT,0.8983,30,0.8982,192,0.8984,23,0.8985,31
1753617203595,11:53:23.595,mexc,AERO/USDT:USDT,0.8983,30,0.8982,133,0.8984,23,0.8985,35
1753617203919,11:53:23.919,mexc,AERO/USDT:USDT,0.8983,30,0.8982,133,0.8984,23,0.8985,35
1753617204104,11:53:24.104,mexc,AERO/USDT:USDT,0.8983,30,0.8982,150,0.8984,23,0.8985,45
1753617204496,11:53:24.496,mexc,AERO/USDT:USDT,0.8983,30,0.8982,150,0.8984,23,0.8985,45
1753617204599,11:53:24.599,mexc,AERO/USDT:USDT,0.8983,30,0.8982,133,0.8984,23,0.8985,38
1753617204998,11:53:24.998,mexc,AERO/USDT:USDT,0.8983,30,0.8982,133,0.8984,23,0.8985,31
1753617205106,11:53:25.106,mexc,AERO/USDT:USDT,0.8983,30,0.8982,219,0.8984,23,0.8985,44
1753617205499,11:53:25.499,mexc,AERO/USDT:USDT,0.8983,30,0.8982,219,0.8984,23,0.8985,31
1753617205598,11:53:25.598,mexc,AERO/USDT:USDT,0.8983,30,0.8982,133,0.8984,23,0.8985,31
1753617206001,11:53:26.001,mexc,AERO/USDT:USDT,0.8983,30,0.8982,133,0.8984,23,0.8985,31
1753617206098,11:53:26.098,mexc,AERO/USDT:USDT,0.8983,30,0.8982,165,0.8984,23,0.8985,31
1753617206498,11:53:26.498,mexc,AERO/USDT:USDT,0.8983,30,0.8982,165,0.8984,23,0.8985,31
1753617206596,11:53:26.596,mexc,AERO/USDT:USDT,0.8983,30,0.8982,182,0.8984,23,0.8985,36
1753617206898,11:53:26.898,mexc,AERO/USDT:USDT,0.8983,27,0.8982,186,0.8984,29,0.8985,46
1753617206898,11:53:26.898,mexc,AERO/USDT:USDT,0.8983,27,0.8982,137,0.8984,29,0.8985,46
1753617207099,11:53:27.099,mexc,AERO/USDT:USDT,0.8983,27,0.8982,137,0.8984,29,0.8985,46
1753617207500,11:53:27.500,mexc,AERO/USDT:USDT,0.8983,27,0.8982,137,0.8984,29,0.8985,46
1753617207596,11:53:27.596,mexc,AERO/USDT:USDT,0.8983,27,0.8982,184,0.8984,29,0.8985,55
1753617207974,11:53:27.974,mexc,AERO/USDT:USDT,0.8983,27,0.8982,184,0.8984,29,0.8985,55
1753617208098,11:53:28.098,mexc,AERO/USDT:USDT,0.8983,27,0.8982,137,0.8984,29,0.8985,46
1753617208499,11:53:28.499,mexc,AERO/USDT:USDT,0.8983,27,0.8982,137,0.8984,29,0.8985,46
1753617208597,11:53:28.597,mexc,AERO/USDT:USDT,0.8983,27,0.8982,166,0.8984,29,0.8985,67
1753617208999,11:53:28.999,mexc,AERO/USDT:USDT,0.8983,27,0.8982,166,0.8984,29,0.8985,67
1753617209098,11:53:29.098,mexc,AERO/USDT:USDT,0.8983,27,0.8982,137,0.8984,29,0.8985,46
1753617209500,11:53:29.500,mexc,AERO/USDT:USDT,0.8983,27,0.8982,137,0.8984,29,0.8985,46
1753617209598,11:53:29.598,mexc,AERO/USDT:USDT,0.8983,27,0.8982,137,0.8984,29,0.8985,67
1753617209923,11:53:29.923,mexc,AERO/USDT:USDT,0.8983,27,0.8982,137,0.8984,29,0.8985,67
1753617210098,11:53:30.098,mexc,AERO/USDT:USDT,0.8983,27,0.8982,162,0.8984,29,0.8985,46
1753617210501,11:53:30.501,mexc,AERO/USDT:USDT,0.8983,27,0.8982,162,0.8984,29,0.8985,46
1753617210599,11:53:30.599,mexc,AERO/USDT:USDT,0.8983,27,0.8982,137,0.8984,29,0.8985,46
1753617211001,11:53:31.001,mexc,AERO/USDT:USDT,0.8983,27,0.8982,137,0.8984,29,0.8985,46
1753617211104,11:53:31.104,mexc,AERO/USDT:USDT,0.8983,27,0.8982,137,0.8984,29,0.8985,46
1753617211502,11:53:31.502,mexc,AERO/USDT:USDT,0.8983,27,0.8982,137,0.8984,29,0.8985,46
1753617211600,11:53:31.600,mexc,AERO/USDT:USDT,0.8983,26,0.8982,163,0.8984,29,0.8985,46
1753617211745,11:53:31.745,mexc,AERO/USDT:USDT,0.8988,111,0.8987,190,0.8989,283,0.899,569
1753617212101,11:53:32.101,mexc,AERO/USDT:USDT,0.8988,111,0.8987,246,0.8989,283,0.899,587
1753617212501,11:53:32.501,mexc,AERO/USDT:USDT,0.8988,111,0.8987,246,0.8989,283,0.899,577
1753617212601,11:53:32.601,mexc,AERO/USDT:USDT,0.8988,111,0.8987,190,0.8989,283,0.899,569
1753617213006,11:53:33.006,mexc,AERO/USDT:USDT,0.8988,111,0.8987,190,0.8989,283,0.899,569
1753617213101,11:53:33.101,mexc,AERO/USDT:USDT,0.8988,111,0.8987,190,0.8989,283,0.899,569
1753617213503,11:53:33.503,mexc,AERO/USDT:USDT,0.8988,111,0.8987,190,0.8989,283,0.899,569
1753617213603,11:53:33.603,mexc,AERO/USDT:USDT,0.8988,111,0.8987,249,0.8989,283,0.899,569
1753617214004,11:53:34.004,mexc,AERO/USDT:USDT,0.8988,111,0.8987,249,0.8989,283,0.899,569
1753617214103,11:53:34.103,mexc,AERO/USDT:USDT,0.8988,111,0.8987,190,0.8989,283,0.899,581
1753617214503,11:53:34.503,mexc,AERO/USDT:USDT,0.8988,111,0.8987,190,0.8989,283,0.899,581
1753617214603,11:53:34.603,mexc,AERO/USDT:USDT,0.8988,111,0.8987,250,0.8989,283,0.899,592
1753617215004,11:53:35.004,mexc,AERO/USDT:USDT,0.8988,111,0.8987,250,0.8989,283,0.899,581
1753617215103,11:53:35.103,mexc,AERO/USDT:USDT,0.8988,111,0.8987,269,0.8989,283,0.899,573
1753617215502,11:53:35.502,mexc,AERO/USDT:USDT,0.8988,111,0.8987,269,0.8989,283,0.899,573
1753617215606,11:53:35.606,mexc,AERO/USDT:USDT,0.8988,111,0.8987,235,0.8989,283,0.899,577
1753617215926,11:53:35.926,mexc,AERO/USDT:USDT,0.8988,111,0.8987,235,0.8989,283,0.899,577
1753617216106,11:53:36.106,mexc,AERO/USDT:USDT,0.8988,111,0.8987,255,0.8989,283,0.899,569
1753617216510,11:53:36.510,mexc,AERO/USDT:USDT,0.8988,111,0.8987,255,0.8989,283,0.899,569
1753617216603,11:53:36.603,mexc,AERO/USDT:USDT,0.8988,111,0.8987,272,0.8989,283,0.899,569
1753617216904,11:53:36.904,mexc,AERO/USDT:USDT,0.8988,93,0.8987,133,0.8989,30,0.899,26
1753617217104,11:53:37.104,mexc,AERO/USDT:USDT,0.8988,93,0.8987,182,0.8989,30,0.899,26
1753617217506,11:53:37.506,mexc,AERO/USDT:USDT,0.8988,93,0.8987,182,0.8989,30,0.899,26
1753617217606,11:53:37.606,mexc,AERO/USDT:USDT,0.8988,93,0.8987,133,0.8989,30,0.899,26
1753617218008,11:53:38.008,mexc,AERO/USDT:USDT,0.8988,93,0.8987,133,0.8989,30,0.899,26
1753617218114,11:53:38.114,mexc,AERO/USDT:USDT,0.8988,93,0.8987,133,0.8989,30,0.899,37
1753617218509,11:53:38.509,mexc,AERO/USDT:USDT,0.8988,93,0.8987,133,0.8989,30,0.899,37
1753617218605,11:53:38.605,mexc,AERO/USDT:USDT,0.8988,93,0.8987,133,0.8989,30,0.899,26
1753617219015,11:53:39.015,mexc,AERO/USDT:USDT,0.8988,93,0.8987,133,0.8989,30,0.899,26
1753617219105,11:53:39.105,mexc,AERO/USDT:USDT,0.8988,93,0.8987,133,0.8989,30,0.899,26
1753617219506,11:53:39.506,mexc,AERO/USDT:USDT,0.8988,93,0.8987,133,0.8989,30,0.899,26
1753617219604,11:53:39.604,mexc,AERO/USDT:USDT,0.8988,93,0.8987,172,0.8989,30,0.899,26
1753617220008,11:53:40.008,mexc,AERO/USDT:USDT,0.8988,93,0.8987,172,0.8989,30,0.899,26
1753617220107,11:53:40.107,mexc,AERO/USDT:USDT,0.8988,93,0.8987,133,0.8989,30,0.899,26
1753617220508,11:53:40.508,mexc,AERO/USDT:USDT,0.8988,93,0.8987,133,0.8989,30,0.899,26
1753617220606,11:53:40.606,mexc,AERO/USDT:USDT,0.8988,93,0.8987,133,0.8989,30,0.899,34
1753617221008,11:53:41.008,mexc,AERO/USDT:USDT,0.8988,93,0.8987,133,0.8989,30,0.899,34
1753617221106,11:53:41.106,mexc,AERO/USDT:USDT,0.8988,93,0.8987,133,0.8989,30,0.899,29
1753617221508,11:53:41.508,mexc,AERO/USDT:USDT,0.8988,93,0.8987,133,0.8989,30,0.899,29
1753617221608,11:53:41.608,mexc,AERO/USDT:USDT,0.8988,93,0.8987,133,0.8989,30,0.899,26
1753617221930,11:53:41.930,mexc,AERO/USDT:USDT,0.8988,93,0.8987,133,0.8989,30,0.899,26
1753617222106,11:53:42.106,mexc,AERO/USDT:USDT,0.8988,93,0.8987,133,0.8989,30,0.899,26
1753617222509,11:53:42.509,mexc,AERO/USDT:USDT,0.8988,93,0.8987,133,0.8989,30,0.899,26
1753617222608,11:53:42.608,mexc,AERO/USDT:USDT,0.8988,93,0.8987,133,0.8989,30,0.899,26
1753617222903,11:53:42.903,mexc,AERO/USDT:USDT,0.8989,224,0.8988,39,0.899,263,0.8991,29
1753617223107,11:53:43.107,mexc,AERO/USDT:USDT,0.8989,224,0.8988,39,0.899,263,0.8991,40
1753617223510,11:53:43.510,mexc,AERO/USDT:USDT,0.8989,224,0.8988,39,0.899,263,0.8991,40
1753617223608,11:53:43.608,mexc,AERO/USDT:USDT,0.8989,224,0.8988,39,0.899,263,0.8991,29
1753617224010,11:53:44.010,mexc,AERO/USDT:USDT,0.8989,224,0.8988,39,0.899,263,0.8991,29
1753617224107,11:53:44.107,mexc,AERO/USDT:USDT,0.8989,224,0.8988,39,0.899,263,0.8991,29
1753617224509,11:53:44.509,mexc,AERO/USDT:USDT,0.8989,224,0.8988,39,0.899,263,0.8991,29
1753617224610,11:53:44.610,mexc,AERO/USDT:USDT,0.8989,224,0.8988,54,0.899,263,0.8991,29
1753617225019,11:53:45.019,mexc,AERO/USDT:USDT,0.8989,224,0.8988,54,0.899,263,0.8991,29
1753617225109,11:53:45.109,mexc,AERO/USDT:USDT,0.8989,224,0.8988,39,0.899,263,0.8991,39
1753617225512,11:53:45.512,mexc,AERO/USDT:USDT,0.8989,224,0.8988,39,0.899,263,0.8991,29
1753617225609,11:53:45.609,mexc,AERO/USDT:USDT,0.8989,224,0.8988,39,0.899,263,0.8991,29
1753617226011,11:53:46.011,mexc,AERO/USDT:USDT,0.8989,224,0.8988,39,0.899,263,0.8991,29
1753617226112,11:53:46.112,mexc,AERO/USDT:USDT,0.8989,224,0.8988,53,0.899,263,0.8991,29
1753617226515,11:53:46.515,mexc,AERO/USDT:USDT,0.8989,224,0.8988,53,0.899,263,0.8991,29
1753617226610,11:53:46.610,mexc,AERO/USDT:USDT,0.8989,224,0.8988,53,0.899,263,0.8991,29
1753617227015,11:53:47.015,mexc,AERO/USDT:USDT,0.8989,224,0.8988,53,0.899,263,0.8991,29
1753617227112,11:53:47.112,mexc,AERO/USDT:USDT,0.8989,224,0.8988,39,0.899,263,0.8991,29
1753617227513,11:53:47.513,mexc,AERO/USDT:USDT,0.8989,224,0.8988,39,0.899,263,0.8991,29
1753617227612,11:53:47.612,mexc,AERO/USDT:USDT,0.8989,224,0.8988,45,0.899,263,0.8991,29
1753617227932,11:53:47.932,mexc,AERO/USDT:USDT,0.8989,224,0.8988,45,0.899,263,0.8991,29
1753617228111,11:53:48.111,mexc,AERO/USDT:USDT,0.8989,224,0.8988,50,0.899,263,0.8991,33
1753617228514,11:53:48.514,mexc,AERO/USDT:USDT,0.8989,224,0.8988,50,0.899,263,0.8991,33
1753617228609,11:53:48.609,mexc,AERO/USDT:USDT,0.8989,224,0.8988,49,0.899,263,0.8991,29
1753617228907,11:53:48.907,mexc,AERO/USDT:USDT,0.8991,66,0.899,39,0.8992,24,0.8993,144
1753617229112,11:53:49.112,mexc,AERO/USDT:USDT,0.8991,66,0.899,39,0.8992,24,0.8993,144
1753617229514,11:53:49.514,mexc,AERO/USDT:USDT,0.8991,66,0.899,39,0.8992,24,0.8993,144
1753617229611,11:53:49.611,mexc,AERO/USDT:USDT,0.8991,66,0.899,46,0.8992,24,0.8993,214
1753617230014,11:53:50.014,mexc,AERO/USDT:USDT,0.8991,66,0.899,46,0.8992,24,0.8993,214
1753617230114,11:53:50.114,mexc,AERO/USDT:USDT,0.8991,66,0.899,45,0.8992,24,0.8993,144
1753617230515,11:53:50.515,mexc,AERO/USDT:USDT,0.8991,66,0.899,39,0.8992,24,0.8993,144
1753617230613,11:53:50.613,mexc,AERO/USDT:USDT,0.8991,66,0.899,39,0.8992,24,0.8993,192
1753617231025,11:53:51.025,mexc,AERO/USDT:USDT,0.8991,66,0.899,39,0.8992,24,0.8993,192
1753617231113,11:53:51.113,mexc,AERO/USDT:USDT,0.8991,66,0.899,55,0.8992,24,0.8993,144
1753617231515,11:53:51.515,mexc,AERO/USDT:USDT,0.8991,66,0.899,55,0.8992,24,0.8993,144
1753617231613,11:53:51.613,mexc,AERO/USDT:USDT,0.8991,66,0.899,56,0.8992,24,0.8993,144
1753617232016,11:53:52.016,mexc,AERO/USDT:USDT,0.8991,66,0.899,39,0.8992,24,0.8993,144
1753617232113,11:53:52.113,mexc,AERO/USDT:USDT,0.8991,66,0.899,39,0.8992,24,0.8993,144
1753617232515,11:53:52.515,mexc,AERO/USDT:USDT,0.8991,66,0.899,39,0.8992,24,0.8993,144
1753617232613,11:53:52.613,mexc,AERO/USDT:USDT,0.8991,66,0.899,53,0.8992,24,0.8993,144
1753617233015,11:53:53.015,mexc,AERO/USDT:USDT,0.8991,66,0.899,53,0.8992,24,0.8993,144
1753617233113,11:53:53.113,mexc,AERO/USDT:USDT,0.8991,66,0.899,39,0.8992,24,0.8993,144
1753617233516,11:53:53.516,mexc,AERO/USDT:USDT,0.8991,66,0.899,39,0.8992,24,0.8993,144
1753617233615,11:53:53.615,mexc,AERO/USDT:USDT,0.8991,66,0.899,39,0.8992,24,0.8993,172
1753617233937,11:53:53.937,mexc,AERO/USDT:USDT,0.8991,66,0.899,39,0.8992,24,0.8993,172
1753617234115,11:53:54.115,mexc,AERO/USDT:USDT,0.8991,66,0.899,39,0.8992,24,0.8993,144
1753617234517,11:53:54.517,mexc,AERO/USDT:USDT,0.8991,66,0.899,39,0.8992,24,0.8993,144
1753617234633,11:53:54.633,mexc,AERO/USDT:USDT,0.8991,66,0.899,52,0.8992,24,0.8993,216
1753617234909,11:53:54.909,mexc,AERO/USDT:USDT,0.899,23,0.8989,26,0.8991,27,0.8992,143
1753617235117,11:53:55.117,mexc,AERO/USDT:USDT,0.899,23,0.8989,26,0.8991,27,0.8992,206
1753617235518,11:53:55.518,mexc,AERO/USDT:USDT,0.899,23,0.8989,26,0.8991,27,0.8992,143
1753617235616,11:53:55.616,mexc,AERO/USDT:USDT,0.899,23,0.8989,26,0.8991,27,0.8992,143
1753617236017,11:53:56.017,mexc,AERO/USDT:USDT,0.899,23,0.8989,26,0.8991,27,0.8992,143
1753617236115,11:53:56.115,mexc,AERO/USDT:USDT,0.899,23,0.8989,26,0.8991,27,0.8992,143
1753617236518,11:53:56.518,mexc,AERO/USDT:USDT,0.899,23,0.8989,26,0.8991,27,0.8992,143
1753617236618,11:53:56.618,mexc,AERO/USDT:USDT,0.899,23,0.8989,26,0.8991,27,0.8992,143
1753617237018,11:53:57.018,mexc,AERO/USDT:USDT,0.899,23,0.8989,26,0.8991,27,0.8992,143
1753617237117,11:53:57.117,mexc,AERO/USDT:USDT,0.899,23,0.8989,32,0.8991,27,0.8992,160
1753617237519,11:53:57.519,mexc,AERO/USDT:USDT,0.899,23,0.8989,32,0.8991,27,0.8992,143
1753617237618,11:53:57.618,mexc,AERO/USDT:USDT,0.899,23,0.8989,34,0.8991,27,0.8992,143
1753617238023,11:53:58.023,mexc,AERO/USDT:USDT,0.899,23,0.8989,30,0.8991,27,0.8992,143
1753617238117,11:53:58.117,mexc,AERO/USDT:USDT,0.899,23,0.8989,26,0.8991,27,0.8992,143
1753617238520,11:53:58.520,mexc,AERO/USDT:USDT,0.899,23,0.8989,26,0.8991,27,0.8992,143
1753617238619,11:53:58.619,mexc,AERO/USDT:USDT,0.899,23,0.8989,26,0.8991,27,0.8992,191
1753617239020,11:53:59.020,mexc,AERO/USDT:USDT,0.899,23,0.8989,26,0.8991,27,0.8992,143
1753617239118,11:53:59.118,mexc,AERO/USDT:USDT,0.899,23,0.8989,26,0.8991,27,0.8992,174
1753617239520,11:53:59.520,mexc,AERO/USDT:USDT,0.899,23,0.8989,26,0.8991,27,0.8992,174
1753617239618,11:53:59.618,mexc,AERO/USDT:USDT,0.899,23,0.8989,38,0.8991,27,0.8992,143
1753617239939,11:53:59.939,mexc,AERO/USDT:USDT,0.899,23,0.8989,38,0.8991,27,0.8992,143
1753617240118,11:54:00.118,mexc,AERO/USDT:USDT,0.899,23,0.8989,26,0.8991,27,0.8992,143
1753617240522,11:54:00.522,mexc,AERO/USDT:USDT,0.899,23,0.8989,26,0.8991,27,0.8992,143
1753617240619,11:54:00.619,mexc,AERO/USDT:USDT,0.899,23,0.8989,26,0.8991,27,0.8992,183
1753617240917,11:54:00.917,mexc,AERO/USDT:USDT,0.8988,25,0.8987,100,0.899,29,0.8991,39
1753617241120,11:54:01.120,mexc,AERO/USDT:USDT,0.8988,25,0.8987,100,0.899,29,0.8991,39
1753617241522,11:54:01.522,mexc,AERO/USDT:USDT,0.8988,25,0.8987,100,0.899,29,0.8991,39
1753617241619,11:54:01.619,mexc,AERO/USDT:USDT,0.8988,25,0.8987,100,0.899,29,0.8991,49
1753617242022,11:54:02.022,mexc,AERO/USDT:USDT,0.8988,25,0.8987,100,0.899,29,0.8991,49
1753617242118,11:54:02.118,mexc,AERO/USDT:USDT,0.8988,25,0.8987,100,0.899,29,0.8991,49
1753617242521,11:54:02.521,mexc,AERO/USDT:USDT,0.8988,25,0.8987,100,0.899,29,0.8991,49
1753617242621,11:54:02.621,mexc,AERO/USDT:USDT,0.8988,25,0.8987,100,0.899,29,0.8991,39
1753617243022,11:54:03.022,mexc,AERO/USDT:USDT,0.8988,25,0.8987,100,0.899,29,0.8991,39
1753617243127,11:54:03.127,mexc,AERO/USDT:USDT,0.8988,25,0.8987,124,0.899,29,0.8991,45
1753617243521,11:54:03.521,mexc,AERO/USDT:USDT,0.8988,25,0.8987,124,0.899,29,0.8991,45
1753617243618,11:54:03.618,mexc,AERO/USDT:USDT,0.8988,25,0.8987,118,0.899,29,0.8991,50
1753617244021,11:54:04.021,mexc,AERO/USDT:USDT,0.8988,25,0.8987,118,0.899,29,0.8991,50
1753617244120,11:54:04.120,mexc,AERO/USDT:USDT,0.8988,25,0.8987,111,0.899,29,0.8991,39
1753617244521,11:54:04.521,mexc,AERO/USDT:USDT,0.8988,25,0.8987,111,0.899,29,0.8991,39
1753617244621,11:54:04.621,mexc,AERO/USDT:USDT,0.8988,25,0.8987,100,0.899,29,0.8991,39
1753617245000,11:54:05.000,mexc,AERO/USDT:USDT,0.8988,25,0.8987,100,0.899,29,0.8991,39
1753617245119,11:54:05.119,mexc,AERO/USDT:USDT,0.8988,25,0.8987,135,0.899,29,0.8991,39
1753617245521,11:54:05.521,mexc,AERO/USDT:USDT,0.8988,25,0.8987,135,0.899,29,0.8991,39
1753617245618,11:54:05.618,mexc,AERO/USDT:USDT,0.8988,25,0.8987,100,0.899,29,0.8991,39
1753617246022,11:54:06.022,mexc,AERO/USDT:USDT,0.8988,25,0.8987,100,0.899,29,0.8991,39
1753617246119,11:54:06.119,mexc,AERO/USDT:USDT,0.8988,25,0.8987,100,0.899,29,0.8991,39
1753617246522,11:54:06.522,mexc,AERO/USDT:USDT,0.8988,25,0.8987,100,0.899,29,0.8991,39
1753617246620,11:54:06.620,mexc,AERO/USDT:USDT,0.8988,25,0.8987,143,0.899,29,0.8991,39
1753617246910,11:54:06.910,mexc,AERO/USDT:USDT,0.8986,23,0.8985,133,0.8987,25,0.8988,26
1753617247119,11:54:07.119,mexc,AERO/USDT:USDT,0.8986,23,0.8985,133,0.8987,25,0.8988,26
1753617247523,11:54:07.523,mexc,AERO/USDT:USDT,0.8986,23,0.8985,133,0.8987,25,0.8988,26
1753617247620,11:54:07.620,mexc,AERO/USDT:USDT,0.8986,23,0.8985,191,0.8987,25,0.8988,26
1753617248022,11:54:08.022,mexc,AERO/USDT:USDT,0.8986,23,0.8985,191,0.8987,25,0.8988,26
1753617248119,11:54:08.119,mexc,AERO/USDT:USDT,0.8986,23,0.8985,133,0.8987,25,0.8988,44
1753617248524,11:54:08.524,mexc,AERO/USDT:USDT,0.8986,23,0.8985,133,0.8987,25,0.8988,33
1753617248622,11:54:08.622,mexc,AERO/USDT:USDT,0.8986,23,0.8985,133,0.8987,25,0.8988,26
1753617249023,11:54:09.023,mexc,AERO/USDT:USDT,0.8986,23,0.8985,133,0.8987,25,0.8988,26
1753617249120,11:54:09.120,mexc,AERO/USDT:USDT,0.8986,23,0.8985,133,0.8987,25,0.8988,26
1753617249524,11:54:09.524,mexc,AERO/USDT:USDT,0.8986,23,0.8985,133,0.8987,25,0.8988,26
1753617249624,11:54:09.624,mexc,AERO/USDT:USDT,0.8986,23,0.8985,166,0.8987,25,0.8988,26
1753617250024,11:54:10.024,mexc,AERO/USDT:USDT,0.8986,23,0.8985,166,0.8987,25,0.8988,26
1753617250121,11:54:10.121,mexc,AERO/USDT:USDT,0.8986,23,0.8985,133,0.8987,25,0.8988,26
1753617250524,11:54:10.524,mexc,AERO/USDT:USDT,0.8986,23,0.8985,133,0.8987,25,0.8988,26
1753617250623,11:54:10.623,mexc,AERO/USDT:USDT,0.8986,23,0.8985,177,0.8987,25,0.8988,31
1753617251025,11:54:11.025,mexc,AERO/USDT:USDT,0.8986,23,0.8985,133,0.8987,25,0.8988,31
1753617251123,11:54:11.123,mexc,AERO/USDT:USDT,0.8986,23,0.8985,133,0.8987,25,0.8988,26
1753617251531,11:54:11.531,mexc,AERO/USDT:USDT,0.8986,23,0.8985,133,0.8987,25,0.8988,26
1753617251627,11:54:11.627,mexc,AERO/USDT:USDT,0.8986,23,0.8985,183,0.8987,25,0.8988,26
1753617252026,11:54:12.026,mexc,AERO/USDT:USDT,0.8986,23,0.8985,183,0.8987,25,0.8988,26
1753617252123,11:54:12.123,mexc,AERO/USDT:USDT,0.8986,23,0.8985,147,0.8987,25,0.8988,26
1753617252526,11:54:12.526,mexc,AERO/USDT:USDT,0.8986,23,0.8985,147,0.8987,25,0.8988,26
1753617252625,11:54:12.625,mexc,AERO/USDT:USDT,0.8986,23,0.8985,133,0.8987,25,0.8988,26
1753617252914,11:54:12.914,mexc,AERO/USDT:USDT,0.8984,29,0.8983,26,0.8985,37,0.8986,84
1753617253125,11:54:13.125,mexc,AERO/USDT:USDT,0.8984,29,0.8983,26,0.8985,37,0.8986,99
1753617253583,11:54:13.583,mexc,AERO/USDT:USDT,0.8984,29,0.8983,26,0.8985,37,0.8986,99
1753617253626,11:54:13.626,mexc,AERO/USDT:USDT,0.8984,29,0.8983,26,0.8985,37,0.8986,84
1753617254031,11:54:14.031,mexc,AERO/USDT:USDT,0.8984,29,0.8983,26,0.8985,37,0.8986,84
1753617254126,11:54:14.126,mexc,AERO/USDT:USDT,0.8984,29,0.8983,26,0.8985,37,0.8986,102
1753617254528,11:54:14.528,mexc,AERO/USDT:USDT,0.8984,29,0.8983,26,0.8985,37,0.8986,84
1753617254631,11:54:14.631,mexc,AERO/USDT:USDT,0.8984,29,0.8983,32,0.8985,37,0.8986,123
1753617255029,11:54:15.029,mexc,AERO/USDT:USDT,0.8984,29,0.8983,32,0.8985,37,0.8986,123
1753617255126,11:54:15.126,mexc,AERO/USDT:USDT,0.8984,29,0.8983,37,0.8985,37,0.8986,84
1753617255534,11:54:15.534,mexc,AERO/USDT:USDT,0.8984,29,0.8983,37,0.8985,37,0.8986,84
1753617255627,11:54:15.627,mexc,AERO/USDT:USDT,0.8984,29,0.8983,26,0.8985,37,0.8986,155
1753617256030,11:54:16.030,mexc,AERO/USDT:USDT,0.8984,29,0.8983,26,0.8985,37,0.8986,115
1753617256128,11:54:16.128,mexc,AERO/USDT:USDT,0.8984,29,0.8983,26,0.8985,37,0.8986,94
1753617256530,11:54:16.530,mexc,AERO/USDT:USDT,0.8984,29,0.8983,26,0.8985,37,0.8986,94
1753617256630,11:54:16.630,mexc,AERO/USDT:USDT,0.8984,29,0.8983,32,0.8985,37,0.8986,84
1753617257031,11:54:17.031,mexc,AERO/USDT:USDT,0.8984,29,0.8983,32,0.8985,37,0.8986,84
1753617257128,11:54:17.128,mexc,AERO/USDT:USDT,0.8984,29,0.8983,33,0.8985,37,0.8986,133
1753617257530,11:54:17.530,mexc,AERO/USDT:USDT,0.8984,29,0.8983,26,0.8985,37,0.8986,133
1753617257630,11:54:17.630,mexc,AERO/USDT:USDT,0.8984,29,0.8983,26,0.8985,37,0.8986,84
1753617258031,11:54:18.031,mexc,AERO/USDT:USDT,0.8984,29,0.8983,26,0.8985,37,0.8986,84
1753617258130,11:54:18.130,mexc,AERO/USDT:USDT,0.8984,29,0.8983,26,0.8985,37,0.8986,84
1753617258532,11:54:18.532,mexc,AERO/USDT:USDT,0.8984,29,0.8983,26,0.8985,37,0.8986,84
1753617258630,11:54:18.630,mexc,AERO/USDT:USDT,0.8984,29,0.8983,33,0.8985,37,0.8986,97
1753617258910,11:54:18.910,mexc,AERO/USDT:USDT,0.8984,30,0.8983,136,0.8985,34,0.8986,30
1753617259130,11:54:19.130,mexc,AERO/USDT:USDT,0.8984,30,0.8983,220,0.8985,34,0.8986,37
1753617259532,11:54:19.532,mexc,AERO/USDT:USDT,0.8984,30,0.8983,220,0.8985,34,0.8986,37
1753617259631,11:54:19.631,mexc,AERO/USDT:USDT,0.8984,30,0.8983,183,0.8985,34,0.8986,30
1753617260033,11:54:20.033,mexc,AERO/USDT:USDT,0.8984,30,0.8983,183,0.8985,34,0.8986,30
1753617260132,11:54:20.132,mexc,AERO/USDT:USDT,0.8984,30,0.8983,243,0.8985,34,0.8986,30
1753617260534,11:54:20.534,mexc,AERO/USDT:USDT,0.8984,30,0.8983,243,0.8985,34,0.8986,30
1753617260634,11:54:20.634,mexc,AERO/USDT:USDT,0.8984,30,0.8983,196,0.8985,34,0.8986,42
1753617261034,11:54:21.034,mexc,AERO/USDT:USDT,0.8984,30,0.8983,196,0.8985,34,0.8986,42
1753617261133,11:54:21.133,mexc,AERO/USDT:USDT,0.8984,30,0.8983,165,0.8985,34,0.8986,30
1753617261534,11:54:21.534,mexc,AERO/USDT:USDT,0.8984,30,0.8983,165,0.8985,34,0.8986,30
1753617261633,11:54:21.633,mexc,AERO/USDT:USDT,0.8984,30,0.8983,136,0.8985,34,0.8986,30
1753617262033,11:54:22.033,mexc,AERO/USDT:USDT,0.8984,30,0.8983,136,0.8985,34,0.8986,30
1753617262131,11:54:22.131,mexc,AERO/USDT:USDT,0.8984,30,0.8983,136,0.8985,34,0.8986,33
1753617262534,11:54:22.534,mexc,AERO/USDT:USDT,0.8984,30,0.8983,136,0.8985,34,0.8986,33
1753617262632,11:54:22.632,mexc,AERO/USDT:USDT,0.8984,30,0.8983,136,0.8985,34,0.8986,30
1753617263034,11:54:23.034,mexc,AERO/USDT:USDT,0.8984,30,0.8983,136,0.8985,34,0.8986,30
1753617263132,11:54:23.132,mexc,AERO/USDT:USDT,0.8984,30,0.8983,179,0.8985,34,0.8986,37
1753617263534,11:54:23.534,mexc,AERO/USDT:USDT,0.8984,30,0.8983,136,0.8985,34,0.8986,37
1753617263632,11:54:23.632,mexc,AERO/USDT:USDT,0.8984,30,0.8983,136,0.8985,34,0.8986,30
1753617264036,11:54:24.036,mexc,AERO/USDT:USDT,0.8984,30,0.8983,136,0.8985,34,0.8986,30
1753617264133,11:54:24.133,mexc,AERO/USDT:USDT,0.8984,30,0.8983,190,0.8985,34,0.8986,35
1753617264536,11:54:24.536,mexc,AERO/USDT:USDT,0.8984,30,0.8983,190,0.8985,34,0.8986,35
1753617264635,11:54:24.635,mexc,AERO/USDT:USDT,0.8984,30,0.8983,166,0.8985,34,0.8986,51
1753617264912,11:54:24.912,mexc,AERO/USDT:USDT,0.8984,25,0.8983,118,0.8985,48,0.8986,26
1753617265132,11:54:25.132,mexc,AERO/USDT:USDT,0.8984,25,0.8983,168,0.8985,48,0.8986,26
1753617265538,11:54:25.538,mexc,AERO/USDT:USDT,0.8984,25,0.8983,168,0.8985,48,0.8986,26
1753617265634,11:54:25.634,mexc,AERO/USDT:USDT,0.8984,25,0.8983,118,0.8985,48,0.8986,37
1753617266038,11:54:26.038,mexc,AERO/USDT:USDT,0.8984,25,0.8983,118,0.8985,48,0.8986,26
1753617266136,11:54:26.136,mexc,AERO/USDT:USDT,0.8984,25,0.8983,153,0.8985,48,0.8986,26
1753617266537,11:54:26.537,mexc,AERO/USDT:USDT,0.8984,25,0.8983,153,0.8985,48,0.8986,26
1753617266635,11:54:26.635,mexc,AERO/USDT:USDT,0.8984,25,0.8983,156,0.8985,48,0.8986,30
1753617267037,11:54:27.037,mexc,AERO/USDT:USDT,0.8984,25,0.8983,156,0.8985,48,0.8986,30
1753617267155,11:54:27.155,mexc,AERO/USDT:USDT,0.8984,25,0.8983,148,0.8985,48,0.8986,26
1753617267538,11:54:27.538,mexc,AERO/USDT:USDT,0.8984,25,0.8983,148,0.8985,48,0.8986,26
1753617267636,11:54:27.636,mexc,AERO/USDT:USDT,0.8984,25,0.8983,118,0.8985,48,0.8986,26
1753617268038,11:54:28.038,mexc,AERO/USDT:USDT,0.8984,25,0.8983,118,0.8985,48,0.8986,26
1753617268137,11:54:28.137,mexc,AERO/USDT:USDT,0.8984,25,0.8983,118,0.8985,48,0.8986,34
1753617268540,11:54:28.540,mexc,AERO/USDT:USDT,0.8984,25,0.8983,118,0.8985,48,0.8986,34
1753617268637,11:54:28.637,mexc,AERO/USDT:USDT,0.8984,25,0.8983,165,0.8985,48,0.8986,26
1753617269039,11:54:29.039,mexc,AERO/USDT:USDT,0.8984,25,0.8983,165,0.8985,48,0.8986,26
1753617269137,11:54:29.137,mexc,AERO/USDT:USDT,0.8984,25,0.8983,143,0.8985,48,0.8986,31
1753617269540,11:54:29.540,mexc,AERO/USDT:USDT,0.8984,25,0.8983,143,0.8985,48,0.8986,31
1753617269638,11:54:29.638,mexc,AERO/USDT:USDT,0.8984,25,0.8983,130,0.8985,48,0.8986,26
1753617270040,11:54:30.040,mexc,AERO/USDT:USDT,0.8984,25,0.8983,130,0.8985,48,0.8986,26
1753617270138,11:54:30.138,mexc,AERO/USDT:USDT,0.8984,25,0.8983,118,0.8985,48,0.8986,26
1753617270542,11:54:30.542,mexc,AERO/USDT:USDT,0.8984,25,0.8983,118,0.8985,48,0.8986,26
1753617270639,11:54:30.639,mexc,AERO/USDT:USDT,0.8984,25,0.8983,166,0.8985,48,0.8986,35
1753617270910,11:54:30.910,mexc,AERO/USDT:USDT,0.8984,24,0.8983,24,0.8985,90,0.8986,145
1753617271140,11:54:31.140,mexc,AERO/USDT:USDT,0.8984,24,0.8983,28,0.8985,90,0.8986,145
1753617271542,11:54:31.542,mexc,AERO/USDT:USDT,0.8984,24,0.8983,28,0.8985,90,0.8986,145
1753617271640,11:54:31.640,mexc,AERO/USDT:USDT,0.8984,24,0.8983,24,0.8985,90,0.8986,145
1753617272043,11:54:32.043,mexc,AERO/USDT:USDT,0.8984,24,0.8983,24,0.8985,90,0.8986,145
1753617272140,11:54:32.140,mexc,AERO/USDT:USDT,0.8984,24,0.8983,39,0.8985,90,0.8986,145
1753617272542,11:54:32.542,mexc,AERO/USDT:USDT,0.8984,24,0.8983,39,0.8985,90,0.8986,145
1753617272640,11:54:32.640,mexc,AERO/USDT:USDT,0.8984,24,0.8983,24,0.8985,90,0.8986,145
1753617273042,11:54:33.042,mexc,AERO/USDT:USDT,0.8984,24,0.8983,24,0.8985,90,0.8986,145
1753617273148,11:54:33.148,mexc,AERO/USDT:USDT,0.8984,24,0.8983,24,0.8985,90,0.8986,145
1753617273547,11:54:33.547,mexc,AERO/USDT:USDT,0.8984,24,0.8983,24,0.8985,90,0.8986,145
1753617273648,11:54:33.648,mexc,AERO/USDT:USDT,0.8984,24,0.8983,24,0.8985,90,0.8986,145
1753617274043,11:54:34.043,mexc,AERO/USDT:USDT,0.8984,24,0.8983,24,0.8985,90,0.8986,145
1753617274151,11:54:34.151,mexc,AERO/USDT:USDT,0.8984,24,0.8983,24,0.8985,90,0.8986,186
1753617274544,11:54:34.544,mexc,AERO/USDT:USDT,0.8984,24,0.8983,24,0.8985,90,0.8986,186
1753617274650,11:54:34.650,mexc,AERO/USDT:USDT,0.8984,24,0.8983,24,0.8985,90,0.8986,145
1753617275043,11:54:35.043,mexc,AERO/USDT:USDT,0.8984,24,0.8983,24,0.8985,90,0.8986,145
1753617275149,11:54:35.149,mexc,AERO/USDT:USDT,0.8984,24,0.8983,24,0.8985,90,0.8986,160
1753617275544,11:54:35.544,mexc,AERO/USDT:USDT,0.8984,24,0.8983,24,0.8985,90,0.8986,160
1753617275648,11:54:35.648,mexc,AERO/USDT:USDT,0.8984,24,0.8983,29,0.8985,90,0.8986,172
1753617276044,11:54:36.044,mexc,AERO/USDT:USDT,0.8984,24,0.8983,29,0.8985,90,0.8986,172
1753617276149,11:54:36.149,mexc,AERO/USDT:USDT,0.8984,24,0.8983,24,0.8985,90,0.8986,145
1753617276545,11:54:36.545,mexc,AERO/USDT:USDT,0.8984,24,0.8983,24,0.8985,90,0.8986,145
1753617276648,11:54:36.648,mexc,AERO/USDT:USDT,0.8984,24,0.8983,32,0.8985,90,0.8986,192
1753617276913,11:54:36.913,mexc,AERO/USDT:USDT,0.8982,23,0.8981,99,0.8983,42,0.8984,127
1753617277149,11:54:37.149,mexc,AERO/USDT:USDT,0.8982,23,0.8981,161,0.8983,42,0.8984,127
1753617277544,11:54:37.544,mexc,AERO/USDT:USDT,0.8982,23,0.8981,161,0.8983,42,0.8984,127
1753617277649,11:54:37.649,mexc,AERO/USDT:USDT,0.8982,23,0.8981,129,0.8983,42,0.8984,127
1753617278044,11:54:38.044,mexc,AERO/USDT:USDT,0.8982,23,0.8981,129,0.8983,42,0.8984,127
1753617278150,11:54:38.150,mexc,AERO/USDT:USDT,0.8982,23,0.8981,99,0.8983,42,0.8984,127
1753617278546,11:54:38.546,mexc,AERO/USDT:USDT,0.8982,23,0.8981,99,0.8983,42,0.8984,127
1753617278648,11:54:38.648,mexc,AERO/USDT:USDT,0.8982,23,0.8981,99,0.8983,42,0.8984,127
1753617279044,11:54:39.044,mexc,AERO/USDT:USDT,0.8982,23,0.8981,99,0.8983,42,0.8984,127
1753617279149,11:54:39.149,mexc,AERO/USDT:USDT,0.8982,23,0.8981,99,0.8983,42,0.8984,149
1753617279545,11:54:39.545,mexc,AERO/USDT:USDT,0.8982,23,0.8981,99,0.8983,42,0.8984,149
1753617279649,11:54:39.649,mexc,AERO/USDT:USDT,0.8982,23,0.8981,99,0.8983,42,0.8984,149
1753617280046,11:54:40.046,mexc,AERO/USDT:USDT,0.8982,23,0.8981,99,0.8983,42,0.8984,149
1753617280149,11:54:40.149,mexc,AERO/USDT:USDT,0.8982,23,0.8981,99,0.8983,42,0.8984,160
1753617280546,11:54:40.546,mexc,AERO/USDT:USDT,0.8982,23,0.8981,99,0.8983,42,0.8984,127
1753617280649,11:54:40.649,mexc,AERO/USDT:USDT,0.8982,23,0.8981,115,0.8983,42,0.8984,127
1753617281046,11:54:41.046,mexc,AERO/USDT:USDT,0.8982,23,0.8981,115,0.8983,42,0.8984,127
1753617281149,11:54:41.149,mexc,AERO/USDT:USDT,0.8982,23,0.8981,125,0.8983,42,0.8984,127
1753617281547,11:54:41.547,mexc,AERO/USDT:USDT,0.8982,23,0.8981,125,0.8983,42,0.8984,127
1753617281650,11:54:41.650,mexc,AERO/USDT:USDT,0.8982,23,0.8981,134,0.8983,42,0.8984,127
1753617282046,11:54:42.046,mexc,AERO/USDT:USDT,0.8982,23,0.8981,134,0.8983,42,0.8984,127
1753617282150,11:54:42.150,mexc,AERO/USDT:USDT,0.8982,23,0.8981,99,0.8983,42,0.8984,127
1753617282548,11:54:42.548,mexc,AERO/USDT:USDT,0.8982,23,0.8981,99,0.8983,42,0.8984,127
1753617282650,11:54:42.650,mexc,AERO/USDT:USDT,0.8982,23,0.8981,99,0.8983,42,0.8984,143
1753617282914,11:54:42.914,mexc,AERO/USDT:USDT,0.8981,23,0.898,39,0.8982,37,0.8983,101
1753617283152,11:54:43.152,mexc,AERO/USDT:USDT,0.8981,23,0.898,55,0.8982,37,0.8983,101
1753617283548,11:54:43.548,mexc,AERO/USDT:USDT,0.8981,23,0.898,55,0.8982,37,0.8983,101
1753617283656,11:54:43.656,mexc,AERO/USDT:USDT,0.8981,23,0.898,39,0.8982,37,0.8983,101
1753617284049,11:54:44.049,mexc,AERO/USDT:USDT,0.8981,23,0.898,39,0.8982,37,0.8983,101
1753617284160,11:54:44.160,mexc,AERO/USDT:USDT,0.8981,23,0.898,39,0.8982,37,0.8983,134
1753617284550,11:54:44.550,mexc,AERO/USDT:USDT,0.8981,23,0.898,39,0.8982,37,0.8983,134
1753617284652,11:54:44.652,mexc,AERO/USDT:USDT,0.8981,23,0.898,39,0.8982,37,0.8983,101
1753617285049,11:54:45.049,mexc,AERO/USDT:USDT,0.8981,23,0.898,39,0.8982,37,0.8983,101
1753617285153,11:54:45.153,mexc,AERO/USDT:USDT,0.8981,23,0.898,39,0.8982,37,0.8983,121
1753617285549,11:54:45.549,mexc,AERO/USDT:USDT,0.8981,23,0.898,39,0.8982,37,0.8983,121
1753617285653,11:54:45.653,mexc,AERO/USDT:USDT,0.8981,23,0.898,39,0.8982,37,0.8983,151
1753617286049,11:54:46.049,mexc,AERO/USDT:USDT,0.8981,23,0.898,39,0.8982,37,0.8983,101
1753617286152,11:54:46.152,mexc,AERO/USDT:USDT,0.8981,23,0.898,52,0.8982,37,0.8983,101
1753617286550,11:54:46.550,mexc,AERO/USDT:USDT,0.8981,23,0.898,52,0.8982,37,0.8983,101
1753617286654,11:54:46.654,mexc,AERO/USDT:USDT,0.8981,23,0.898,39,0.8982,37,0.8983,128
1753617287052,11:54:47.052,mexc,AERO/USDT:USDT,0.8981,23,0.898,39,0.8982,37,0.8983,101
1753617287154,11:54:47.154,mexc,AERO/USDT:USDT,0.8981,23,0.898,55,0.8982,37,0.8983,121
1753617287551,11:54:47.551,mexc,AERO/USDT:USDT,0.8981,23,0.898,55,0.8982,37,0.8983,121
1753617287654,11:54:47.654,mexc,AERO/USDT:USDT,0.8981,23,0.898,39,0.8982,37,0.8983,101
1753617288051,11:54:48.051,mexc,AERO/USDT:USDT,0.8981,23,0.898,39,0.8982,37,0.8983,101
1753617288154,11:54:48.154,mexc,AERO/USDT:USDT,0.8981,23,0.898,39,0.8982,37,0.8983,101
1753617288553,11:54:48.553,mexc,AERO/USDT:USDT,0.8981,23,0.898,39,0.8982,37,0.8983,101
1753617288655,11:54:48.655,mexc,AERO/USDT:USDT,0.8981,23,0.898,39,0.8982,37,0.8983,101
1753617288943,11:54:48.943,mexc,AERO/USDT:USDT,0.8981,23,0.898,41,0.8982,38,0.8983,110
1753617289156,11:54:49.156,mexc,AERO/USDT:USDT,0.8981,23,0.898,56,0.8982,38,0.8983,110
1753617289553,11:54:49.553,mexc,AERO/USDT:USDT,0.8981,23,0.898,56,0.8982,38,0.8983,110
1753617289655,11:54:49.655,mexc,AERO/USDT:USDT,0.8981,23,0.898,45,0.8982,38,0.8983,110
1753617290053,11:54:50.053,mexc,AERO/USDT:USDT,0.8981,23,0.898,45,0.8982,38,0.8983,110
1753617290155,11:54:50.155,mexc,AERO/USDT:USDT,0.8981,23,0.898,47,0.8982,38,0.8983,110
1753617290552,11:54:50.552,mexc,AERO/USDT:USDT,0.8981,23,0.898,47,0.8982,38,0.8983,110
1753617290656,11:54:50.656,mexc,AERO/USDT:USDT,0.8981,23,0.898,54,0.8982,38,0.8983,110
1753617291054,11:54:51.054,mexc,AERO/USDT:USDT,0.8981,23,0.898,54,0.8982,38,0.8983,110
1753617291181,11:54:51.181,mexc,AERO/USDT:USDT,0.8981,23,0.898,47,0.8982,38,0.8983,145
1753617291585,11:54:51.585,mexc,AERO/USDT:USDT,0.8981,23,0.898,47,0.8982,38,0.8983,145
1753617291691,11:54:51.691,mexc,AERO/USDT:USDT,0.8981,23,0.898,41,0.8982,38,0.8983,161
1753617292088,11:54:52.088,mexc,AERO/USDT:USDT,0.8981,23,0.898,41,0.8982,38,0.8983,161
1753617292181,11:54:52.181,mexc,AERO/USDT:USDT,0.8981,23,0.898,41,0.8982,38,0.8983,110
1753617292584,11:54:52.584,mexc,AERO/USDT:USDT,0.8981,23,0.898,41,0.8982,38,0.8983,110
1753617292681,11:54:52.681,mexc,AERO/USDT:USDT,0.8981,23,0.898,54,0.8982,38,0.8983,150
1753617293084,11:54:53.084,mexc,AERO/USDT:USDT,0.8981,23,0.898,54,0.8982,38,0.8983,150
1753617293180,11:54:53.180,mexc,AERO/USDT:USDT,0.8981,23,0.898,52,0.8982,38,0.8983,131
1753617293584,11:54:53.584,mexc,AERO/USDT:USDT,0.8981,23,0.898,52,0.8982,38,0.8983,110
1753617293682,11:54:53.682,mexc,AERO/USDT:USDT,0.8981,23,0.898,41,0.8982,38,0.8983,110
1753617294085,11:54:54.085,mexc,AERO/USDT:USDT,0.8981,23,0.898,41,0.8982,38,0.8983,110
1753617294183,11:54:54.183,mexc,AERO/USDT:USDT,0.8981,23,0.898,41,0.8982,38,0.8983,110
1753617294587,11:54:54.587,mexc,AERO/USDT:USDT,0.8981,23,0.898,41,0.8982,38,0.8983,110
1753617294683,11:54:54.683,mexc,AERO/USDT:USDT,0.8981,23,0.898,58,0.8982,38,0.8983,110
1753617294917,11:54:54.917,mexc,AERO/USDT:USDT,0.8981,34,0.898,57,0.8983,101,0.8984,39
1753617295183,11:54:55.183,mexc,AERO/USDT:USDT,0.8981,34,0.898,99,0.8983,101,0.8984,39
1753617295589,11:54:55.589,mexc,AERO/USDT:USDT,0.8981,34,0.898,77,0.8983,101,0.8984,39
1753617295688,11:54:55.688,mexc,AERO/USDT:USDT,0.8981,34,0.898,57,0.8983,101,0.8984,44
1753617296088,11:54:56.088,mexc,AERO/USDT:USDT,0.8981,34,0.898,57,0.8983,101,0.8984,44
1753617296185,11:54:56.185,mexc,AERO/USDT:USDT,0.8981,34,0.898,74,0.8983,101,0.8984,39
1753617296587,11:54:56.587,mexc,AERO/USDT:USDT,0.8981,34,0.898,68,0.8983,101,0.8984,39
1753617296685,11:54:56.685,mexc,AERO/USDT:USDT,0.8981,34,0.898,74,0.8983,101,0.8984,39
1753617297089,11:54:57.089,mexc,AERO/USDT:USDT,0.8981,34,0.898,74,0.8983,101,0.8984,39
1753617297186,11:54:57.186,mexc,AERO/USDT:USDT,0.8981,34,0.898,57,0.8983,101,0.8984,56
1753617297587,11:54:57.587,mexc,AERO/USDT:USDT,0.8981,34,0.898,57,0.8983,101,0.8984,56
1753617297687,11:54:57.687,mexc,AERO/USDT:USDT,0.8981,34,0.898,85,0.8983,101,0.8984,39
1753617298088,11:54:58.088,mexc,AERO/USDT:USDT,0.8981,34,0.898,85,0.8983,101,0.8984,39
1753617298186,11:54:58.186,mexc,AERO/USDT:USDT,0.8981,34,0.898,57,0.8983,101,0.8984,65
1753617298588,11:54:58.588,mexc,AERO/USDT:USDT,0.8981,34,0.898,57,0.8983,101,0.8984,46
1753617298687,11:54:58.687,mexc,AERO/USDT:USDT,0.8981,34,0.898,74,0.8983,101,0.8984,39
1753617299089,11:54:59.089,mexc,AERO/USDT:USDT,0.8981,34,0.898,74,0.8983,101,0.8984,39
1753617299187,11:54:59.187,mexc,AERO/USDT:USDT,0.8981,34,0.898,57,0.8983,101,0.8984,43
1753617299590,11:54:59.590,mexc,AERO/USDT:USDT,0.8981,34,0.898,57,0.8983,101,0.8984,39
1753617299689,11:54:59.689,mexc,AERO/USDT:USDT,0.8981,34,0.898,84,0.8983,101,0.8984,53
1753617300091,11:55:00.091,mexc,AERO/USDT:USDT,0.8981,34,0.898,84,0.8983,101,0.8984,53
1753617300188,11:55:00.188,mexc,AERO/USDT:USDT,0.8981,34,0.898,57,0.8983,101,0.8984,54
1753617300591,11:55:00.591,mexc,AERO/USDT:USDT,0.8981,34,0.898,57,0.8983,101,0.8984,39
1753617300688,11:55:00.688,mexc,AERO/USDT:USDT,0.8981,34,0.898,57,0.8983,101,0.8984,39
1753617300930,11:55:00.930,mexc,AERO/USDT:USDT,0.8981,23,0.898,38,0.8982,23,0.8983,106
1753617301188,11:55:01.188,mexc,AERO/USDT:USDT,0.8981,23,0.898,51,0.8982,23,0.8983,106
1753617301591,11:55:01.591,mexc,AERO/USDT:USDT,0.8981,23,0.898,51,0.8982,23,0.8983,106
1753617301689,11:55:01.689,mexc,AERO/USDT:USDT,0.8981,23,0.898,52,0.8982,23,0.8983,123
1753617302100,11:55:02.100,mexc,AERO/USDT:USDT,0.8981,23,0.898,52,0.8982,23,0.8983,106
1753617302189,11:55:02.189,mexc,AERO/USDT:USDT,0.8981,23,0.898,44,0.8982,23,0.8983,106
1753617302592,11:55:02.592,mexc,AERO/USDT:USDT,0.8981,23,0.898,44,0.8982,23,0.8983,106
1753617302690,11:55:02.690,mexc,AERO/USDT:USDT,0.8981,23,0.898,38,0.8982,23,0.8983,106
1753617303098,11:55:03.098,mexc,AERO/USDT:USDT,0.8981,23,0.898,38,0.8982,23,0.8983,106
1753617303190,11:55:03.190,mexc,AERO/USDT:USDT,0.8981,23,0.898,38,0.8982,23,0.8983,158
1753617303595,11:55:03.595,mexc,AERO/USDT:USDT,0.8981,23,0.898,38,0.8982,23,0.8983,106
1753617303700,11:55:03.700,mexc,AERO/USDT:USDT,0.8981,23,0.898,56,0.8982,23,0.8983,140
1753617304094,11:55:04.094,mexc,AERO/USDT:USDT,0.8981,23,0.898,56,0.8982,23,0.8983,140
1753617304196,11:55:04.196,mexc,AERO/USDT:USDT,0.8981,23,0.898,38,0.8982,23,0.8983,128
1753617304595,11:55:04.595,mexc,AERO/USDT:USDT,0.8981,23,0.898,38,0.8982,23,0.8983,128
1753617304690,11:55:04.690,mexc,AERO/USDT:USDT,0.8981,23,0.898,41,0.8982,23,0.8983,106
1753617305094,11:55:05.094,mexc,AERO/USDT:USDT,0.8981,23,0.898,38,0.8982,23,0.8983,106
1753617305190,11:55:05.190,mexc,AERO/USDT:USDT,0.8981,23,0.898,56,0.8982,23,0.8983,106
1753617305596,11:55:05.596,mexc,AERO/USDT:USDT,0.8981,23,0.898,56,0.8982,23,0.8983,106
1753617305691,11:55:05.691,mexc,AERO/USDT:USDT,0.8981,23,0.898,38,0.8982,23,0.8983,106
1753617306094,11:55:06.094,mexc,AERO/USDT:USDT,0.8981,23,0.898,38,0.8982,23,0.8983,106
1753617306190,11:55:06.190,mexc,AERO/USDT:USDT,0.8981,23,0.898,38,0.8982,23,0.8983,106
1753617306595,11:55:06.595,mexc,AERO/USDT:USDT,0.8981,23,0.898,38,0.8982,23,0.8983,106
1753617306691,11:55:06.691,mexc,AERO/USDT:USDT,0.8981,23,0.898,38,0.8982,23,0.8983,106
1753617306923,11:55:06.923,mexc,AERO/USDT:USDT,0.8978,85,0.8977,99,0.898,54,0.8981,112
1753617307191,11:55:07.191,mexc,AERO/USDT:USDT,0.8978,85,0.8977,109,0.898,54,0.8981,149
1753617307596,11:55:07.596,mexc,AERO/USDT:USDT,0.8978,85,0.8977,109,0.898,54,0.8981,112
1753617307693,11:55:07.693,mexc,AERO/USDT:USDT,0.8978,85,0.8977,134,0.898,54,0.8981,112
1753617308099,11:55:08.099,mexc,AERO/USDT:USDT,0.8978,85,0.8977,134,0.898,54,0.8981,112
1753617308192,11:55:08.192,mexc,AERO/USDT:USDT,0.8978,85,0.8977,125,0.898,54,0.8981,143
1753617308595,11:55:08.595,mexc,AERO/USDT:USDT,0.8978,85,0.8977,125,0.898,54,0.8981,143
1753617308693,11:55:08.693,mexc,AERO/USDT:USDT,0.8978,85,0.8977,138,0.898,54,0.8981,128
1753617309097,11:55:09.097,mexc,AERO/USDT:USDT,0.8978,85,0.8977,138,0.898,54,0.8981,112
1753617309192,11:55:09.192,mexc,AERO/USDT:USDT,0.8978,85,0.8977,144,0.898,54,0.8981,112
1753617309596,11:55:09.596,mexc,AERO/USDT:USDT,0.8978,85,0.8977,144,0.898,54,0.8981,112
1753617309694,11:55:09.694,mexc,AERO/USDT:USDT,0.8978,85,0.8977,99,0.898,54,0.8981,141
1753617310096,11:55:10.096,mexc,AERO/USDT:USDT,0.8978,85,0.8977,99,0.898,54,0.8981,141
1753617310193,11:55:10.193,mexc,AERO/USDT:USDT,0.8978,85,0.8977,99,0.898,54,0.8981,154
1753617310597,11:55:10.597,mexc,AERO/USDT:USDT,0.8978,85,0.8977,99,0.898,54,0.8981,154
1753617310694,11:55:10.694,mexc,AERO/USDT:USDT,0.8978,85,0.8977,99,0.898,54,0.8981,165
1753617311099,11:55:11.099,mexc,AERO/USDT:USDT,0.8978,85,0.8977,99,0.898,54,0.8981,165
1753617311196,11:55:11.196,mexc,AERO/USDT:USDT,0.8978,85,0.8977,147,0.898,54,0.8981,112
1753617311602,11:55:11.602,mexc,AERO/USDT:USDT,0.8978,85,0.8977,147,0.898,54,0.8981,112
1753617311696,11:55:11.696,mexc,AERO/USDT:USDT,0.8978,85,0.8977,99,0.898,54,0.8981,138
1753617312099,11:55:12.099,mexc,AERO/USDT:USDT,0.8978,85,0.8977,99,0.898,54,0.8981,138
1753617312196,11:55:12.196,mexc,AERO/USDT:USDT,0.8978,85,0.8977,99,0.898,54,0.8981,112
1753617312600,11:55:12.600,mexc,AERO/USDT:USDT,0.8978,85,0.8977,99,0.898,54,0.8981,112
1753617312696,11:55:12.696,mexc,AERO/USDT:USDT,0.8978,85,0.8977,99,0.898,54,0.8981,112
1753617312923,11:55:12.923,mexc,AERO/USDT:USDT,0.8978,153,0.8977,112,0.898,33,0.8981,123
1753617313197,11:55:13.197,mexc,AERO/USDT:USDT,0.8978,153,0.8977,112,0.898,33,0.8981,123
1753617313600,11:55:13.600,mexc,AERO/USDT:USDT,0.8978,153,0.8977,112,0.898,33,0.8981,123
1753617313698,11:55:13.698,mexc,AERO/USDT:USDT,0.8978,153,0.8977,130,0.898,33,0.8981,166
1753617314101,11:55:14.101,mexc,AERO/USDT:USDT,0.8978,153,0.8977,130,0.898,33,0.8981,166
1753617314196,11:55:14.196,mexc,AERO/USDT:USDT,0.8978,153,0.8977,151,0.898,33,0.8981,149
1753617314601,11:55:14.601,mexc,AERO/USDT:USDT,0.8978,153,0.8977,151,0.898,33,0.8981,123
1753617314697,11:55:14.697,mexc,AERO/USDT:USDT,0.8978,153,0.8977,203,0.898,33,0.8981,135
1753617315100,11:55:15.100,mexc,AERO/USDT:USDT,0.8978,153,0.8977,203,0.898,33,0.8981,135
1753617315198,11:55:15.198,mexc,AERO/USDT:USDT,0.8978,153,0.8977,112,0.898,33,0.8981,123
1753617315401,11:55:15.401,mexc,AERO/USDT:USDT,0.898,355,0.8979,366,0.8981,27,0.8982,129
1753617315698,11:55:15.698,mexc,AERO/USDT:USDT,0.898,355,0.8979,366,0.8981,27,0.8982,185
1753617316101,11:55:16.101,mexc,AERO/USDT:USDT,0.898,355,0.8979,366,0.8981,27,0.8982,185
1753617316198,11:55:16.198,mexc,AERO/USDT:USDT,0.898,355,0.8979,366,0.8981,27,0.8982,190
1753617316601,11:55:16.601,mexc,AERO/USDT:USDT,0.898,355,0.8979,366,0.8981,27,0.8982,190
1753617316698,11:55:16.698,mexc,AERO/USDT:USDT,0.898,355,0.8979,395,0.8981,27,0.8982,192
1753617317101,11:55:17.101,mexc,AERO/USDT:USDT,0.898,355,0.8979,395,0.8981,27,0.8982,192
1753617317202,11:55:17.202,mexc,AERO/USDT:USDT,0.898,355,0.8979,399,0.8981,27,0.8982,129
1753617317603,11:55:17.603,mexc,AERO/USDT:USDT,0.898,355,0.8979,399,0.8981,27,0.8982,129
1753617317699,11:55:17.699,mexc,AERO/USDT:USDT,0.898,355,0.8979,366,0.8981,27,0.8982,129
1753617318102,11:55:18.102,mexc,AERO/USDT:USDT,0.898,355,0.8979,366,0.8981,27,0.8982,129
1753617318200,11:55:18.200,mexc,AERO/USDT:USDT,0.898,355,0.8979,366,0.8981,27,0.8982,129
1753617318601,11:55:18.601,mexc,AERO/USDT:USDT,0.898,355,0.8979,366,0.8981,27,0.8982,129
1753617318698,11:55:18.698,mexc,AERO/USDT:USDT,0.898,355,0.8979,366,0.8981,27,0.8982,129
1753617319101,11:55:19.101,mexc,AERO/USDT:USDT,0.898,355,0.8979,366,0.8981,27,0.8982,129
1753617319199,11:55:19.199,mexc,AERO/USDT:USDT,0.898,355,0.8979,402,0.8981,27,0.8982,129
1753617319602,11:55:19.602,mexc,AERO/USDT:USDT,0.898,355,0.8979,402,0.8981,27,0.8982,129
1753617319700,11:55:19.700,mexc,AERO/USDT:USDT,0.898,355,0.8979,366,0.8981,27,0.8982,148
1753617320103,11:55:20.103,mexc,AERO/USDT:USDT,0.898,355,0.8979,366,0.8981,27,0.8982,129
1753617320200,11:55:20.200,mexc,AERO/USDT:USDT,0.898,355,0.8979,401,0.8981,27,0.8982,129
1753617320326,11:55:20.326,mexc,AERO/USDT:USDT,0.8975,348,0.8974,257,0.8976,53,0.8977,39
1753617320701,11:55:20.701,mexc,AERO/USDT:USDT,0.8975,348,0.8974,263,0.8976,53,0.8977,39
1753617321163,11:55:21.163,mexc,AERO/USDT:USDT,0.8975,348,0.8974,257,0.8976,53,0.8977,39
1753617321201,11:55:21.201,mexc,AERO/USDT:USDT,0.8975,348,0.8974,257,0.8976,53,0.8977,39
1753617321603,11:55:21.603,mexc,AERO/USDT:USDT,0.8975,348,0.8974,257,0.8976,53,0.8977,39
1753617321701,11:55:21.701,mexc,AERO/USDT:USDT,0.8975,348,0.8974,257,0.8976,53,0.8977,57
1753617322102,11:55:22.102,mexc,AERO/USDT:USDT,0.8975,348,0.8974,257,0.8976,53,0.8977,39
1753617322200,11:55:22.200,mexc,AERO/USDT:USDT,0.8975,348,0.8974,262,0.8976,53,0.8977,39
1753617322603,11:55:22.603,mexc,AERO/USDT:USDT,0.8975,348,0.8974,262,0.8976,53,0.8977,39
1753617322701,11:55:22.701,mexc,AERO/USDT:USDT,0.8975,348,0.8974,265,0.8976,53,0.8977,48
1753617323103,11:55:23.103,mexc,AERO/USDT:USDT,0.8975,348,0.8974,265,0.8976,53,0.8977,39
1753617323201,11:55:23.201,mexc,AERO/USDT:USDT,0.8975,348,0.8974,257,0.8976,53,0.8977,39
1753617323604,11:55:23.604,mexc,AERO/USDT:USDT,0.8975,348,0.8974,257,0.8976,53,0.8977,39
1753617323702,11:55:23.702,mexc,AERO/USDT:USDT,0.8975,348,0.8974,257,0.8976,53,0.8977,57
1753617324103,11:55:24.103,mexc,AERO/USDT:USDT,0.8975,348,0.8974,257,0.8976,53,0.8977,48
1753617324203,11:55:24.203,mexc,AERO/USDT:USDT,0.8975,348,0.8974,257,0.8976,53,0.8977,39
1753617324605,11:55:24.605,mexc,AERO/USDT:USDT,0.8975,348,0.8974,257,0.8976,53,0.8977,39
1753617324703,11:55:24.703,mexc,AERO/USDT:USDT,0.8975,348,0.8974,265,0.8976,53,0.8977,39
1753617325106,11:55:25.106,mexc,AERO/USDT:USDT,0.8975,348,0.8974,265,0.8976,53,0.8977,39
1753617325204,11:55:25.204,mexc,AERO/USDT:USDT,0.8975,348,0.8974,260,0.8976,53,0.8977,39
1753617325604,11:55:25.604,mexc,AERO/USDT:USDT,0.8975,348,0.8974,260,0.8976,53,0.8977,39
1753617325704,11:55:25.704,mexc,AERO/USDT:USDT,0.8975,348,0.8974,272,0.8976,53,0.8977,43
1753617325927,11:55:25.927,mexc,AERO/USDT:USDT,0.8975,23,0.8974,28,0.8976,84,0.8977,75
1753617326205,11:55:26.205,mexc,AERO/USDT:USDT,0.8975,23,0.8974,28,0.8976,84,0.8977,75
1753617326603,11:55:26.603,mexc,AERO/USDT:USDT,0.8975,23,0.8974,28,0.8976,84,0.8977,75
1753617326706,11:55:26.706,mexc,AERO/USDT:USDT,0.8975,23,0.8974,34,0.8976,84,0.8977,75
1753617327105,11:55:27.105,mexc,AERO/USDT:USDT,0.8975,23,0.8974,34,0.8976,84,0.8977,75
1753617327205,11:55:27.205,mexc,AERO/USDT:USDT,0.8975,23,0.8974,28,0.8976,84,0.8977,75
1753617327605,11:55:27.605,mexc,AERO/USDT:USDT,0.8975,23,0.8974,28,0.8976,84,0.8977,75
1753617327707,11:55:27.707,mexc,AERO/USDT:USDT,0.8975,23,0.8974,40,0.8976,84,0.8977,75
1753617328105,11:55:28.105,mexc,AERO/USDT:USDT,0.8975,23,0.8974,40,0.8976,84,0.8977,75
1753617328205,11:55:28.205,mexc,AERO/USDT:USDT,0.8975,23,0.8974,33,0.8976,84,0.8977,83
1753617328605,11:55:28.605,mexc,AERO/USDT:USDT,0.8975,23,0.8974,33,0.8976,84,0.8977,75
1753617328707,11:55:28.707,mexc,AERO/USDT:USDT,0.8975,23,0.8974,28,0.8976,84,0.8977,75
1753617329105,11:55:29.105,mexc,AERO/USDT:USDT,0.8975,23,0.8974,28,0.8976,84,0.8977,75
1753617329206,11:55:29.206,mexc,AERO/USDT:USDT,0.8975,23,0.8974,31,0.8976,84,0.8977,75
1753617329607,11:55:29.607,mexc,AERO/USDT:USDT,0.8975,23,0.8974,31,0.8976,84,0.8977,75
1753617329706,11:55:29.706,mexc,AERO/USDT:USDT,0.8975,23,0.8974,28,0.8976,84,0.8977,75
1753617330105,11:55:30.105,mexc,AERO/USDT:USDT,0.8975,23,0.8974,28,0.8976,84,0.8977,75
1753617330206,11:55:30.206,mexc,AERO/USDT:USDT,0.8975,23,0.8974,30,0.8976,84,0.8977,97
1753617330608,11:55:30.608,mexc,AERO/USDT:USDT,0.8975,23,0.8974,30,0.8976,84,0.8977,75
1753617330706,11:55:30.706,mexc,AERO/USDT:USDT,0.8975,23,0.8974,28,0.8976,84,0.8977,111
1753617331106,11:55:31.106,mexc,AERO/USDT:USDT,0.8975,23,0.8974,28,0.8976,84,0.8977,75
1753617331206,11:55:31.206,mexc,AERO/USDT:USDT,0.8975,23,0.8974,28,0.8976,84,0.8977,75
1753617331606,11:55:31.606,mexc,AERO/USDT:USDT,0.8975,23,0.8974,28,0.8976,84,0.8977,75
1753617331706,11:55:31.706,mexc,AERO/USDT:USDT,0.8975,23,0.8974,43,0.8976,84,0.8977,99
1753617331930,11:55:31.930,mexc,AERO/USDT:USDT,0.8974,23,0.8973,23,0.8975,179,0.8976,152
1753617332206,11:55:32.206,mexc,AERO/USDT:USDT,0.8974,23,0.8973,23,0.8975,179,0.8976,188
1753617332606,11:55:32.606,mexc,AERO/USDT:USDT,0.8974,23,0.8973,23,0.8975,179,0.8976,188
1753617332707,11:55:32.707,mexc,AERO/USDT:USDT,0.8974,23,0.8973,23,0.8975,179,0.8976,152
1753617333106,11:55:33.106,mexc,AERO/USDT:USDT,0.8974,23,0.8973,23,0.8975,179,0.8976,152
1753617333207,11:55:33.207,mexc,AERO/USDT:USDT,0.8974,23,0.8973,23,0.8975,179,0.8976,152
1753617333606,11:55:33.606,mexc,AERO/USDT:USDT,0.8974,23,0.8973,23,0.8975,179,0.8976,152
1753617333739,11:55:33.739,mexc,AERO/USDT:USDT,0.8974,23,0.8973,40,0.8975,179,0.8976,206
1753617334109,11:55:34.109,mexc,AERO/USDT:USDT,0.8974,23,0.8973,33,0.8975,179,0.8976,206
1753617334207,11:55:34.207,mexc,AERO/USDT:USDT,0.8974,23,0.8973,23,0.8975,179,0.8976,179
1753617334607,11:55:34.607,mexc,AERO/USDT:USDT,0.8974,23,0.8973,23,0.8975,179,0.8976,152
1753617334707,11:55:34.707,mexc,AERO/USDT:USDT,0.8974,23,0.8973,23,0.8975,179,0.8976,182
1753617335106,11:55:35.106,mexc,AERO/USDT:USDT,0.8974,23,0.8973,23,0.8975,179,0.8976,182
1753617335209,11:55:35.209,mexc,AERO/USDT:USDT,0.8974,23,0.8973,29,0.8975,179,0.8976,152
1753617335614,11:55:35.614,mexc,AERO/USDT:USDT,0.8974,23,0.8973,26,0.8975,179,0.8976,152
1753617335707,11:55:35.707,mexc,AERO/USDT:USDT,0.8974,23,0.8973,38,0.8975,179,0.8976,171
1753617336107,11:55:36.107,mexc,AERO/USDT:USDT,0.8974,23,0.8973,38,0.8975,179,0.8976,152
1753617336208,11:55:36.208,mexc,AERO/USDT:USDT,0.8974,23,0.8973,29,0.8975,179,0.8976,152
1753617336610,11:55:36.610,mexc,AERO/USDT:USDT,0.8974,23,0.8973,29,0.8975,179,0.8976,152
1753617336708,11:55:36.708,mexc,AERO/USDT:USDT,0.8974,23,0.8973,29,0.8975,179,0.8976,152
1753617337109,11:55:37.109,mexc,AERO/USDT:USDT,0.8974,23,0.8973,29,0.8975,179,0.8976,152
1753617337207,11:55:37.207,mexc,AERO/USDT:USDT,0.8974,23,0.8973,23,0.8975,179,0.8976,218
1753617337610,11:55:37.610,mexc,AERO/USDT:USDT,0.8974,23,0.8973,23,0.8975,179,0.8976,184
1753617337707,11:55:37.707,mexc,AERO/USDT:USDT,0.8974,23,0.8973,23,0.8975,179,0.8976,152
1753617337932,11:55:37.932,mexc,AERO/USDT:USDT,0.8974,23,0.8973,24,0.8975,34,0.8976,175
1753617338208,11:55:38.208,mexc,AERO/USDT:USDT,0.8974,23,0.8973,33,0.8975,34,0.8976,211
1753617338610,11:55:38.610,mexc,AERO/USDT:USDT,0.8974,23,0.8973,33,0.8975,34,0.8976,211
1753617338707,11:55:38.707,mexc,AERO/USDT:USDT,0.8974,23,0.8973,38,0.8975,34,0.8976,175
1753617339110,11:55:39.110,mexc,AERO/USDT:USDT,0.8974,23,0.8973,38,0.8975,34,0.8976,175
1753617339208,11:55:39.208,mexc,AERO/USDT:USDT,0.8974,23,0.8973,32,0.8975,34,0.8976,206
1753617339611,11:55:39.611,mexc,AERO/USDT:USDT,0.8974,23,0.8973,32,0.8975,34,0.8976,206
1753617339708,11:55:39.708,mexc,AERO/USDT:USDT,0.8974,23,0.8973,33,0.8975,34,0.8976,175
1753617340113,11:55:40.113,mexc,AERO/USDT:USDT,0.8974,23,0.8973,33,0.8975,34,0.8976,175
1753617340209,11:55:40.209,mexc,AERO/USDT:USDT,0.8974,23,0.8973,24,0.8975,34,0.8976,203
1753617340613,11:55:40.613,mexc,AERO/USDT:USDT,0.8974,23,0.8973,24,0.8975,34,0.8976,203
1753617340709,11:55:40.709,mexc,AERO/USDT:USDT,0.8974,23,0.8973,24,0.8975,34,0.8976,199
1753617341110,11:55:41.110,mexc,AERO/USDT:USDT,0.8974,23,0.8973,24,0.8975,34,0.8976,175
1753617341209,11:55:41.209,mexc,AERO/USDT:USDT,0.8974,23,0.8973,24,0.8975,34,0.8976,175
1753617341612,11:55:41.612,mexc,AERO/USDT:USDT,0.8974,23,0.8973,24,0.8975,34,0.8976,175
1753617341709,11:55:41.709,mexc,AERO/USDT:USDT,0.8974,23,0.8973,24,0.8975,34,0.8976,215
1753617342111,11:55:42.111,mexc,AERO/USDT:USDT,0.8974,23,0.8973,24,0.8975,34,0.8976,194
1753617342209,11:55:42.209,mexc,AERO/USDT:USDT,0.8974,23,0.8973,33,0.8975,34,0.8976,175
1753617342613,11:55:42.613,mexc,AERO/USDT:USDT,0.8974,23,0.8973,33,0.8975,34,0.8976,175
1753617342709,11:55:42.709,mexc,AERO/USDT:USDT,0.8974,23,0.8973,24,0.8975,34,0.8976,175
1753617343112,11:55:43.112,mexc,AERO/USDT:USDT,0.8974,23,0.8973,24,0.8975,34,0.8976,175
1753617343210,11:55:43.210,mexc,AERO/USDT:USDT,0.8974,23,0.8973,24,0.8975,34,0.8976,221
1753617343612,11:55:43.612,mexc,AERO/USDT:USDT,0.8974,23,0.8973,24,0.8975,34,0.8976,175
1753617343710,11:55:43.710,mexc,AERO/USDT:USDT,0.8974,23,0.8973,24,0.8975,34,0.8976,214
1753617343995,11:55:43.995,mexc,AERO/USDT:USDT,0.8972,28,0.8971,119,0.8973,25,0.8974,26
1753617344210,11:55:44.210,mexc,AERO/USDT:USDT,0.8972,28,0.8971,119,0.8973,25,0.8974,28
1753617344615,11:55:44.615,mexc,AERO/USDT:USDT,0.8972,28,0.8971,119,0.8973,25,0.8974,28
1753617344711,11:55:44.711,mexc,AERO/USDT:USDT,0.8972,28,0.8971,153,0.8973,25,0.8974,26
1753617345112,11:55:45.112,mexc,AERO/USDT:USDT,0.8972,28,0.8971,153,0.8973,25,0.8974,26
1753617345210,11:55:45.210,mexc,AERO/USDT:USDT,0.8972,28,0.8971,119,0.8973,25,0.8974,36
1753617345614,11:55:45.614,mexc,AERO/USDT:USDT,0.8972,28,0.8971,119,0.8973,25,0.8974,36
1753617345712,11:55:45.712,mexc,AERO/USDT:USDT,0.8972,28,0.8971,119,0.8973,25,0.8974,26
1753617346112,11:55:46.112,mexc,AERO/USDT:USDT,0.8972,28,0.8971,119,0.8973,25,0.8974,26
1753617346212,11:55:46.212,mexc,AERO/USDT:USDT,0.8972,28,0.8971,143,0.8973,25,0.8974,26
1753617346613,11:55:46.613,mexc,AERO/USDT:USDT,0.8972,28,0.8971,119,0.8973,25,0.8974,26
1753617346710,11:55:46.710,mexc,AERO/USDT:USDT,0.8972,28,0.8971,153,0.8973,25,0.8974,49
1753617347113,11:55:47.113,mexc,AERO/USDT:USDT,0.8972,28,0.8971,153,0.8973,25,0.8974,37
1753617347212,11:55:47.212,mexc,AERO/USDT:USDT,0.8972,28,0.8971,119,0.8973,25,0.8974,29
1753617347615,11:55:47.615,mexc,AERO/USDT:USDT,0.8972,28,0.8971,119,0.8973,25,0.8974,29
1753617347712,11:55:47.712,mexc,AERO/USDT:USDT,0.8972,28,0.8971,119,0.8973,25,0.8974,26
1753617348115,11:55:48.115,mexc,AERO/USDT:USDT,0.8972,28,0.8971,119,0.8973,25,0.8974,26
1753617348212,11:55:48.212,mexc,AERO/USDT:USDT,0.8972,28,0.8971,119,0.8973,25,0.8974,31
1753617348616,11:55:48.616,mexc,AERO/USDT:USDT,0.8972,28,0.8971,119,0.8973,25,0.8974,31
1753617348715,11:55:48.715,mexc,AERO/USDT:USDT,0.8972,28,0.8971,169,0.8973,25,0.8974,26
1753617349115,11:55:49.115,mexc,AERO/USDT:USDT,0.8972,28,0.8971,169,0.8973,25,0.8974,26
1753617349214,11:55:49.214,mexc,AERO/USDT:USDT,0.8972,28,0.8971,164,0.8973,25,0.8974,38
1753617349616,11:55:49.616,mexc,AERO/USDT:USDT,0.8972,28,0.8971,164,0.8973,25,0.8974,38
1753617349714,11:55:49.714,mexc,AERO/USDT:USDT,0.8972,28,0.8971,153,0.8973,25,0.8974,41
1753617349932,11:55:49.932,mexc,AERO/USDT:USDT,0.8975,106,0.8974,109,0.8977,23,0.8978,91
1753617350216,11:55:50.216,mexc,AERO/USDT:USDT,0.8975,106,0.8974,140,0.8977,23,0.8978,91
1753617350618,11:55:50.618,mexc,AERO/USDT:USDT,0.8975,106,0.8974,140,0.8977,23,0.8978,91
1753617350714,11:55:50.714,mexc,AERO/USDT:USDT,0.8975,106,0.8974,174,0.8977,23,0.8978,91
1753617351121,11:55:51.121,mexc,AERO/USDT:USDT,0.8975,106,0.8974,174,0.8977,23,0.8978,91
1753617351216,11:55:51.216,mexc,AERO/USDT:USDT,0.8975,106,0.8974,109,0.8977,23,0.8978,123
1753617351618,11:55:51.618,mexc,AERO/USDT:USDT,0.8975,106,0.8974,109,0.8977,23,0.8978,123
1753617351716,11:55:51.716,mexc,AERO/USDT:USDT,0.8975,106,0.8974,109,0.8977,23,0.8978,136
1753617352120,11:55:52.120,mexc,AERO/USDT:USDT,0.8975,106,0.8974,109,0.8977,23,0.8978,91
1753617352218,11:55:52.218,mexc,AERO/USDT:USDT,0.8975,106,0.8974,138,0.8977,23,0.8978,91
1753617352620,11:55:52.620,mexc,AERO/USDT:USDT,0.8975,106,0.8974,109,0.8977,23,0.8978,91
1753617352717,11:55:52.717,mexc,AERO/USDT:USDT,0.8975,106,0.8974,128,0.8977,23,0.8978,91
1753617353119,11:55:53.119,mexc,AERO/USDT:USDT,0.8975,106,0.8974,128,0.8977,23,0.8978,91
1753617353217,11:55:53.217,mexc,AERO/USDT:USDT,0.8975,106,0.8974,147,0.8977,23,0.8978,136
1753617353618,11:55:53.618,mexc,AERO/USDT:USDT,0.8975,106,0.8974,147,0.8977,23,0.8978,136
1753617353717,11:55:53.717,mexc,AERO/USDT:USDT,0.8975,106,0.8974,123,0.8977,23,0.8978,108
1753617354119,11:55:54.119,mexc,AERO/USDT:USDT,0.8975,106,0.8974,123,0.8977,23,0.8978,91
1753617354218,11:55:54.218,mexc,AERO/USDT:USDT,0.8975,106,0.8974,140,0.8977,23,0.8978,122
1753617354620,11:55:54.620,mexc,AERO/USDT:USDT,0.8975,106,0.8974,109,0.8977,23,0.8978,122
1753617354721,11:55:54.721,mexc,AERO/USDT:USDT,0.8975,106,0.8974,185,0.8977,23,0.8978,91
1753617355124,11:55:55.124,mexc,AERO/USDT:USDT,0.8975,106,0.8974,185,0.8977,23,0.8978,91
1753617355218,11:55:55.218,mexc,AERO/USDT:USDT,0.8975,106,0.8974,126,0.8977,23,0.8978,91
1753617355620,11:55:55.620,mexc,AERO/USDT:USDT,0.8975,106,0.8974,109,0.8977,23,0.8978,91
1753617355719,11:55:55.719,mexc,AERO/USDT:USDT,0.8975,106,0.8974,109,0.8977,23,0.8978,122
1753617355933,11:55:55.933,mexc,AERO/USDT:USDT,0.8975,38,0.8974,25,0.8976,23,0.8977,182
1753617356218,11:55:56.218,mexc,AERO/USDT:USDT,0.8975,38,0.8974,37,0.8976,23,0.8977,182
1753617356621,11:55:56.621,mexc,AERO/USDT:USDT,0.8975,38,0.8974,32,0.8976,23,0.8977,182
1753617356718,11:55:56.718,mexc,AERO/USDT:USDT,0.8975,38,0.8974,36,0.8976,23,0.8977,242
1753617357120,11:55:57.120,mexc,AERO/USDT:USDT,0.8975,38,0.8974,36,0.8976,23,0.8977,182
1753617357254,11:55:57.254,mexc,AERO/USDT:USDT,0.8975,38,0.8974,29,0.8976,23,0.8977,311
1753617357656,11:55:57.656,mexc,AERO/USDT:USDT,0.8975,38,0.8974,25,0.8976,23,0.8977,311
1753617357720,11:55:57.720,mexc,AERO/USDT:USDT,0.8975,38,0.8974,25,0.8976,23,0.8977,182
1753617358123,11:55:58.123,mexc,AERO/USDT:USDT,0.8975,38,0.8974,25,0.8976,23,0.8977,182
1753617358220,11:55:58.220,mexc,AERO/USDT:USDT,0.8975,38,0.8974,39,0.8976,23,0.8977,254
1753617358623,11:55:58.623,mexc,AERO/USDT:USDT,0.8975,38,0.8974,39,0.8976,23,0.8977,254
1753617358720,11:55:58.720,mexc,AERO/USDT:USDT,0.8975,38,0.8974,25,0.8976,23,0.8977,182
1753617359123,11:55:59.123,mexc,AERO/USDT:USDT,0.8975,38,0.8974,25,0.8976,23,0.8977,182
1753617359221,11:55:59.221,mexc,AERO/USDT:USDT,0.8975,38,0.8974,25,0.8976,23,0.8977,200
1753617359623,11:55:59.623,mexc,AERO/USDT:USDT,0.8975,38,0.8974,25,0.8976,23,0.8977,200
1753617359721,11:55:59.721,mexc,AERO/USDT:USDT,0.8975,38,0.8974,25,0.8976,23,0.8977,182
1753617360124,11:56:00.124,mexc,AERO/USDT:USDT,0.8975,38,0.8974,25,0.8976,23,0.8977,182
1753617360221,11:56:00.221,mexc,AERO/USDT:USDT,0.8975,38,0.8974,25,0.8976,23,0.8977,182
1753617360624,11:56:00.624,mexc,AERO/USDT:USDT,0.8975,38,0.8974,25,0.8976,23,0.8977,182
1753617360721,11:56:00.721,mexc,AERO/USDT:USDT,0.8975,38,0.8974,25,0.8976,23,0.8977,182
1753617361123,11:56:01.123,mexc,AERO/USDT:USDT,0.8975,38,0.8974,25,0.8976,23,0.8977,182
1753617361221,11:56:01.221,mexc,AERO/USDT:USDT,0.8975,38,0.8974,25,0.8976,23,0.8977,182
1753617361624,11:56:01.624,mexc,AERO/USDT:USDT,0.8975,38,0.8974,25,0.8976,23,0.8977,182
1753617361721,11:56:01.721,mexc,AERO/USDT:USDT,0.8975,38,0.8974,25,0.8976,23,0.8977,182
1753617361978,11:56:01.978,mexc,AERO/USDT:USDT,0.8974,107,0.8973,100,0.8975,100,0.8976,84
1753617362223,11:56:02.223,mexc,AERO/USDT:USDT,0.8974,107,0.8973,100,0.8975,100,0.8976,84
1753617362625,11:56:02.625,mexc,AERO/USDT:USDT,0.8974,107,0.8973,100,0.8975,100,0.8976,84
1753617362723,11:56:02.723,mexc,AERO/USDT:USDT,0.8974,107,0.8973,134,0.8975,100,0.8976,98
1753617363126,11:56:03.126,mexc,AERO/USDT:USDT,0.8974,107,0.8973,134,0.8975,100,0.8976,98
1753617363299,11:56:03.299,mexc,AERO/USDT:USDT,0.8974,107,0.8973,100,0.8975,100,0.8976,115
1753617363626,11:56:03.626,mexc,AERO/USDT:USDT,0.8974,107,0.8973,100,0.8975,100,0.8976,115
1753617363723,11:56:03.723,mexc,AERO/USDT:USDT,0.8974,107,0.8973,100,0.8975,100,0.8976,84
1753617364125,11:56:04.125,mexc,AERO/USDT:USDT,0.8974,107,0.8973,100,0.8975,100,0.8976,84
1753617364224,11:56:04.224,mexc,AERO/USDT:USDT,0.8974,107,0.8973,135,0.8975,100,0.8976,97
1753617364626,11:56:04.626,mexc,AERO/USDT:USDT,0.8974,107,0.8973,135,0.8975,100,0.8976,84
1753617364725,11:56:04.725,mexc,AERO/USDT:USDT,0.8974,107,0.8973,110,0.8975,100,0.8976,84
1753617365127,11:56:05.127,mexc,AERO/USDT:USDT,0.8974,107,0.8973,110,0.8975,100,0.8976,84
1753617365225,11:56:05.225,mexc,AERO/USDT:USDT,0.8974,107,0.8973,168,0.8975,100,0.8976,106
1753617365628,11:56:05.628,mexc,AERO/USDT:USDT,0.8974,107,0.8973,168,0.8975,100,0.8976,106
1753617365725,11:56:05.725,mexc,AERO/USDT:USDT,0.8974,107,0.8973,100,0.8975,100,0.8976,114
1753617366129,11:56:06.129,mexc,AERO/USDT:USDT,0.8974,107,0.8973,100,0.8975,100,0.8976,114
1753617366225,11:56:06.225,mexc,AERO/USDT:USDT,0.8974,107,0.8973,127,0.8975,100,0.8976,112
1753617366628,11:56:06.628,mexc,AERO/USDT:USDT,0.8974,107,0.8973,127,0.8975,100,0.8976,112
1753617366726,11:56:06.726,mexc,AERO/USDT:USDT,0.8974,107,0.8973,100,0.8975,100,0.8976,84
1753617367128,11:56:07.128,mexc,AERO/USDT:USDT,0.8974,107,0.8973,100,0.8975,100,0.8976,84
1753617367226,11:56:07.226,mexc,AERO/USDT:USDT,0.8974,107,0.8973,130,0.8975,100,0.8976,93
1753617367628,11:56:07.628,mexc,AERO/USDT:USDT,0.8974,107,0.8973,130,0.8975,100,0.8976,84
1753617367727,11:56:07.727,mexc,AERO/USDT:USDT,0.8974,107,0.8973,125,0.8975,100,0.8976,84
1753617367936,11:56:07.936,mexc,AERO/USDT:USDT,0.8974,23,0.8973,26,0.8975,128,0.8976,107
1753617368226,11:56:08.226,mexc,AERO/USDT:USDT,0.8974,23,0.8973,37,0.8975,128,0.8976,126
1753617368629,11:56:08.629,mexc,AERO/USDT:USDT,0.8974,23,0.8973,34,0.8975,128,0.8976,126
1753617368727,11:56:08.727,mexc,AERO/USDT:USDT,0.8974,23,0.8973,31,0.8975,128,0.8976,123
1753617369129,11:56:09.129,mexc,AERO/USDT:USDT,0.8974,23,0.8973,31,0.8975,128,0.8976,123
1753617369314,11:56:09.314,mexc,AERO/USDT:USDT,0.8974,23,0.8973,38,0.8975,128,0.8976,107
1753617369628,11:56:09.628,mexc,AERO/USDT:USDT,0.8974,23,0.8973,38,0.8975,128,0.8976,107
1753617369728,11:56:09.728,mexc,AERO/USDT:USDT,0.8974,23,0.8973,26,0.8975,128,0.8976,159
1753617370130,11:56:10.130,mexc,AERO/USDT:USDT,0.8974,23,0.8973,26,0.8975,128,0.8976,159
1753617370228,11:56:10.228,mexc,AERO/USDT:USDT,0.8974,23,0.8973,30,0.8975,128,0.8976,107
1753617370629,11:56:10.629,mexc,AERO/USDT:USDT,0.8974,23,0.8973,30,0.8975,128,0.8976,107
1753617370729,11:56:10.729,mexc,AERO/USDT:USDT,0.8974,23,0.8973,26,0.8975,128,0.8976,107
1753617371128,11:56:11.128,mexc,AERO/USDT:USDT,0.8974,23,0.8973,26,0.8975,128,0.8976,107
1753617371227,11:56:11.227,mexc,AERO/USDT:USDT,0.8974,23,0.8973,26,0.8975,128,0.8976,107
1753617371631,11:56:11.631,mexc,AERO/USDT:USDT,0.8974,23,0.8973,26,0.8975,128,0.8976,107
1753617371728,11:56:11.728,mexc,AERO/USDT:USDT,0.8974,23,0.8973,36,0.8975,128,0.8976,107
1753617372131,11:56:12.131,mexc,AERO/USDT:USDT,0.8974,23,0.8973,36,0.8975,128,0.8976,107
1753617372230,11:56:12.230,mexc,AERO/USDT:USDT,0.8974,23,0.8973,26,0.8975,128,0.8976,107
1753617372632,11:56:12.632,mexc,AERO/USDT:USDT,0.8974,23,0.8973,26,0.8975,128,0.8976,107
1753617372728,11:56:12.728,mexc,AERO/USDT:USDT,0.8974,23,0.8973,26,0.8975,128,0.8976,149
1753617373140,11:56:13.140,mexc,AERO/USDT:USDT,0.8974,23,0.8973,26,0.8975,128,0.8976,149
1753617373230,11:56:13.230,mexc,AERO/USDT:USDT,0.8974,23,0.8973,36,0.8975,128,0.8976,107
1753617373631,11:56:13.631,mexc,AERO/USDT:USDT,0.8974,23,0.8973,26,0.8975,128,0.8976,107
1753617373729,11:56:13.729,mexc,AERO/USDT:USDT,0.8974,23,0.8973,26,0.8975,128,0.8976,107
1753617373939,11:56:13.939,mexc,AERO/USDT:USDT,0.8974,71,0.8973,115,0.8976,27,0.8977,56
1753617374230,11:56:14.230,mexc,AERO/USDT:USDT,0.8974,71,0.8973,115,0.8976,27,0.8977,56
1753617374634,11:56:14.634,mexc,AERO/USDT:USDT,0.8974,71,0.8973,115,0.8976,27,0.8977,56
1753617374730,11:56:14.730,mexc,AERO/USDT:USDT,0.8974,71,0.8973,115,0.8976,27,0.8977,56
1753617375134,11:56:15.134,mexc,AERO/USDT:USDT,0.8974,71,0.8973,115,0.8976,27,0.8977,56
1753617375314,11:56:15.314,mexc,AERO/USDT:USDT,0.8974,71,0.8973,115,0.8976,27,0.8977,56
1753617375633,11:56:15.633,mexc,AERO/USDT:USDT,0.8974,71,0.8973,115,0.8976,27,0.8977,56
1753617375730,11:56:15.730,mexc,AERO/USDT:USDT,0.8974,71,0.8973,156,0.8976,27,0.8977,84
1753617376132,11:56:16.132,mexc,AERO/USDT:USDT,0.8974,71,0.8973,156,0.8976,27,0.8977,65
1753617376230,11:56:16.230,mexc,AERO/USDT:USDT,0.8974,71,0.8973,209,0.8976,27,0.8977,56
1753617376634,11:56:16.634,mexc,AERO/USDT:USDT,0.8974,71,0.8973,158,0.8976,27,0.8977,56
1753617376731,11:56:16.731,mexc,AERO/USDT:USDT,0.8974,71,0.8973,168,0.8976,27,0.8977,56
1753617377132,11:56:17.132,mexc,AERO/USDT:USDT,0.8974,71,0.8973,168,0.8976,27,0.8977,56
1753617377233,11:56:17.233,mexc,AERO/USDT:USDT,0.8974,71,0.8973,115,0.8976,27,0.8977,56
1753617377633,11:56:17.633,mexc,AERO/USDT:USDT,0.8974,71,0.8973,115,0.8976,27,0.8977,56
1753617377760,11:56:17.760,mexc,AERO/USDT:USDT,0.8974,71,0.8973,129,0.8976,27,0.8977,71
1753617378133,11:56:18.133,mexc,AERO/USDT:USDT,0.8974,71,0.8973,129,0.8976,27,0.8977,71
1753617378232,11:56:18.232,mexc,AERO/USDT:USDT,0.8974,71,0.8973,156,0.8976,27,0.8977,77
1753617378634,11:56:18.634,mexc,AERO/USDT:USDT,0.8974,71,0.8973,115,0.8976,27,0.8977,77
1753617378733,11:56:18.733,mexc,AERO/USDT:USDT,0.8974,71,0.8973,115,0.8976,27,0.8977,89
1753617379134,11:56:19.134,mexc,AERO/USDT:USDT,0.8974,71,0.8973,115,0.8976,27,0.8977,89
1753617379232,11:56:19.232,mexc,AERO/USDT:USDT,0.8974,71,0.8973,115,0.8976,27,0.8977,67
1753617379634,11:56:19.634,mexc,AERO/USDT:USDT,0.8974,71,0.8973,115,0.8976,27,0.8977,56
1753617379732,11:56:19.732,mexc,AERO/USDT:USDT,0.8974,71,0.8973,166,0.8976,27,0.8977,56
1753617379964,11:56:19.964,mexc,AERO/USDT:USDT,0.8975,133,0.8974,23,0.8976,23,0.8977,32
1753617380234,11:56:20.234,mexc,AERO/USDT:USDT,0.8975,133,0.8974,23,0.8976,23,0.8977,32
1753617380637,11:56:20.637,mexc,AERO/USDT:USDT,0.8975,133,0.8974,23,0.8976,23,0.8977,32
1753617380736,11:56:20.736,mexc,AERO/USDT:USDT,0.8975,133,0.8974,23,0.8976,23,0.8977,32
1753617381137,11:56:21.137,mexc,AERO/USDT:USDT,0.8975,133,0.8974,23,0.8976,23,0.8977,32
1753617381317,11:56:21.317,mexc,AERO/USDT:USDT,0.8975,133,0.8974,33,0.8976,23,0.8977,32
1753617381639,11:56:21.639,mexc,AERO/USDT:USDT,0.8975,133,0.8974,33,0.8976,23,0.8977,32
1753617381736,11:56:21.736,mexc,AERO/USDT:USDT,0.8975,133,0.8974,28,0.8976,23,0.8977,32
1753617382138,11:56:22.138,mexc,AERO/USDT:USDT,0.8975,133,0.8974,23,0.8976,23,0.8977,32
1753617382236,11:56:22.236,mexc,AERO/USDT:USDT,0.8975,133,0.8974,23,0.8976,23,0.8977,47
1753617382638,11:56:22.638,mexc,AERO/USDT:USDT,0.8975,133,0.8974,23,0.8976,23,0.8977,47
1753617382740,11:56:22.740,mexc,AERO/USDT:USDT,0.8975,133,0.8974,23,0.8976,23,0.8977,32
1753617383141,11:56:23.141,mexc,AERO/USDT:USDT,0.8975,133,0.8974,23,0.8976,23,0.8977,32
1753617383237,11:56:23.237,mexc,AERO/USDT:USDT,0.8975,133,0.8974,36,0.8976,23,0.8977,40
1753617383644,11:56:23.644,mexc,AERO/USDT:USDT,0.8975,133,0.8974,33,0.8976,23,0.8977,40
1753617383738,11:56:23.738,mexc,AERO/USDT:USDT,0.8975,133,0.8974,23,0.8976,23,0.8977,32
1753617384141,11:56:24.141,mexc,AERO/USDT:USDT,0.8975,133,0.8974,23,0.8976,23,0.8977,32
1753617384238,11:56:24.238,mexc,AERO/USDT:USDT,0.8975,133,0.8974,23,0.8976,23,0.8977,35
1753617384640,11:56:24.640,mexc,AERO/USDT:USDT,0.8975,133,0.8974,23,0.8976,23,0.8977,35
1753617384738,11:56:24.738,mexc,AERO/USDT:USDT,0.8975,133,0.8974,23,0.8976,23,0.8977,42
1753617384996,11:56:24.996,mexc,AERO/USDT:USDT,0.8974,29,0.8973,105,0.8975,28,0.8976,51
1753617385238,11:56:25.238,mexc,AERO/USDT:USDT,0.8974,29,0.8973,105,0.8975,28,0.8976,51
1753617385640,11:56:25.640,mexc,AERO/USDT:USDT,0.8974,29,0.8973,105,0.8975,28,0.8976,51
1753617385739,11:56:25.739,mexc,AERO/USDT:USDT,0.8974,29,0.8973,105,0.8975,28,0.8976,75
1753617386141,11:56:26.141,mexc,AERO/USDT:USDT,0.8974,29,0.8973,105,0.8975,28,0.8976,51
1753617386265,11:56:26.265,mexc,AERO/USDT:USDT,0.8974,29,0.8973,105,0.8975,28,0.8976,51
1753617386641,11:56:26.641,mexc,AERO/USDT:USDT,0.8974,29,0.8973,105,0.8975,28,0.8976,51
1753617386739,11:56:26.739,mexc,AERO/USDT:USDT,0.8974,29,0.8973,105,0.8975,28,0.8976,51
1753617387140,11:56:27.140,mexc,AERO/USDT:USDT,0.8974,29,0.8973,105,0.8975,28,0.8976,51
1753617387323,11:56:27.323,mexc,AERO/USDT:USDT,0.8974,29,0.8973,105,0.8975,28,0.8976,72
1753617387641,11:56:27.641,mexc,AERO/USDT:USDT,0.8974,29,0.8973,105,0.8975,28,0.8976,72
1753617387739,11:56:27.739,mexc,AERO/USDT:USDT,0.8974,29,0.8973,134,0.8975,28,0.8976,75
1753617388143,11:56:28.143,mexc,AERO/USDT:USDT,0.8974,29,0.8973,134,0.8975,28,0.8976,75
1753617388239,11:56:28.239,mexc,AERO/USDT:USDT,0.8974,29,0.8973,105,0.8975,28,0.8976,51
1753617388642,11:56:28.642,mexc,AERO/USDT:USDT,0.8974,29,0.8973,105,0.8975,28,0.8976,51
1753617388739,11:56:28.739,mexc,AERO/USDT:USDT,0.8974,29,0.8973,156,0.8975,28,0.8976,65
1753617389141,11:56:29.141,mexc,AERO/USDT:USDT,0.8974,29,0.8973,128,0.8975,28,0.8976,65
1753617389240,11:56:29.240,mexc,AERO/USDT:USDT,0.8974,29,0.8973,105,0.8975,28,0.8976,51
1753617389643,11:56:29.643,mexc,AERO/USDT:USDT,0.8974,29,0.8973,105,0.8975,28,0.8976,51
1753617389740,11:56:29.740,mexc,AERO/USDT:USDT,0.8974,29,0.8973,105,0.8975,28,0.8976,51
1753617390142,11:56:30.142,mexc,AERO/USDT:USDT,0.8974,29,0.8973,105,0.8975,28,0.8976,51
1753617390239,11:56:30.239,mexc,AERO/USDT:USDT,0.8974,29,0.8973,154,0.8975,28,0.8976,51
1753617390642,11:56:30.642,mexc,AERO/USDT:USDT,0.8974,29,0.8973,154,0.8975,28,0.8976,51
1753617390741,11:56:30.741,mexc,AERO/USDT:USDT,0.8974,29,0.8973,105,0.8975,28,0.8976,51
1753617390997,11:56:30.997,mexc,AERO/USDT:USDT,0.8971,30,0.897,29,0.8972,42,0.8973,147
1753617391240,11:56:31.240,mexc,AERO/USDT:USDT,0.8971,30,0.897,42,0.8972,42,0.8973,147
1753617391642,11:56:31.642,mexc,AERO/USDT:USDT,0.8971,30,0.897,42,0.8972,42,0.8973,147
1753617391740,11:56:31.740,mexc,AERO/USDT:USDT,0.8971,30,0.897,29,0.8972,42,0.8973,147
1753617392142,11:56:32.142,mexc,AERO/USDT:USDT,0.8971,30,0.897,29,0.8972,42,0.8973,147
1753617392267,11:56:32.267,mexc,AERO/USDT:USDT,0.8971,30,0.897,29,0.8972,42,0.8973,147
1753617392644,11:56:32.644,mexc,AERO/USDT:USDT,0.8971,30,0.897,29,0.8972,42,0.8973,147
1753617392740,11:56:32.740,mexc,AERO/USDT:USDT,0.8971,30,0.897,29,0.8972,42,0.8973,147
1753617393144,11:56:33.144,mexc,AERO/USDT:USDT,0.8971,30,0.897,29,0.8972,42,0.8973,147
1753617393327,11:56:33.327,mexc,AERO/USDT:USDT,0.8971,30,0.897,33,0.8972,42,0.8973,147
1753617393643,11:56:33.643,mexc,AERO/USDT:USDT,0.8971,30,0.897,33,0.8972,42,0.8973,147
1753617393742,11:56:33.742,mexc,AERO/USDT:USDT,0.8971,30,0.897,39,0.8972,42,0.8973,147
1753617394144,11:56:34.144,mexc,AERO/USDT:USDT,0.8971,30,0.897,39,0.8972,42,0.8973,147
1753617394242,11:56:34.242,mexc,AERO/USDT:USDT,0.8971,30,0.897,29,0.8972,42,0.8973,204
1753617394645,11:56:34.645,mexc,AERO/USDT:USDT,0.8971,30,0.897,29,0.8972,42,0.8973,204
1753617394743,11:56:34.743,mexc,AERO/USDT:USDT,0.8971,30,0.897,38,0.8972,42,0.8973,147
1753617395144,11:56:35.144,mexc,AERO/USDT:USDT,0.8971,30,0.897,38,0.8972,42,0.8973,147
1753617395243,11:56:35.243,mexc,AERO/USDT:USDT,0.8971,30,0.897,36,0.8972,42,0.8973,147
1753617395646,11:56:35.646,mexc,AERO/USDT:USDT,0.8971,30,0.897,36,0.8972,42,0.8973,147
1753617395743,11:56:35.743,mexc,AERO/USDT:USDT,0.8971,30,0.897,32,0.8972,42,0.8973,147
1753617396147,11:56:36.147,mexc,AERO/USDT:USDT,0.8971,30,0.897,32,0.8972,42,0.8973,147
1753617396243,11:56:36.243,mexc,AERO/USDT:USDT,0.8971,30,0.897,29,0.8972,42,0.8973,147
1753617396647,11:56:36.647,mexc,AERO/USDT:USDT,0.8971,30,0.897,29,0.8972,42,0.8973,147
1753617396745,11:56:36.745,mexc,AERO/USDT:USDT,0.8971,30,0.897,29,0.8972,42,0.8973,147
1753617397016,11:56:37.016,mexc,AERO/USDT:USDT,0.8968,25,0.8967,102,0.8969,21,0.897,59
1753617397244,11:56:37.244,mexc,AERO/USDT:USDT,0.8968,25,0.8967,102,0.8969,21,0.897,59
1753617397647,11:56:37.647,mexc,AERO/USDT:USDT,0.8968,25,0.8967,102,0.8969,21,0.897,59
1753617397744,11:56:37.744,mexc,AERO/USDT:USDT,0.8968,25,0.8967,141,0.8969,21,0.897,59
1753617398146,11:56:38.146,mexc,AERO/USDT:USDT,0.8968,25,0.8967,116,0.8969,21,0.897,59
1753617398271,11:56:38.271,mexc,AERO/USDT:USDT,0.8968,25,0.8967,102,0.8969,21,0.897,80
1753617398646,11:56:38.646,mexc,AERO/USDT:USDT,0.8968,25,0.8967,102,0.8969,21,0.897,80
1753617398745,11:56:38.745,mexc,AERO/USDT:USDT,0.8968,25,0.8967,118,0.8969,21,0.897,59
1753617399147,11:56:39.147,mexc,AERO/USDT:USDT,0.8968,25,0.8967,118,0.8969,21,0.897,59
1753617399244,11:56:39.244,mexc,AERO/USDT:USDT,0.8968,25,0.8967,102,0.8969,21,0.897,77
1753617399411,11:56:39.411,mexc,AERO/USDT:USDT,0.8968,25,0.8967,102,0.8969,21,0.897,77
1753617399744,11:56:39.744,mexc,AERO/USDT:USDT,0.8968,25,0.8967,102,0.8969,21,0.897,59
1753617400147,11:56:40.147,mexc,AERO/USDT:USDT,0.8968,25,0.8967,102,0.8969,21,0.897,59
1753617400245,11:56:40.245,mexc,AERO/USDT:USDT,0.8968,25,0.8967,135,0.8969,21,0.897,85
1753617400648,11:56:40.648,mexc,AERO/USDT:USDT,0.8968,25,0.8967,135,0.8969,21,0.897,74
1753617400745,11:56:40.745,mexc,AERO/USDT:USDT,0.8968,25,0.8967,102,0.8969,21,0.897,68
1753617401147,11:56:41.147,mexc,AERO/USDT:USDT,0.8968,25,0.8967,102,0.8969,21,0.897,68
1753617401244,11:56:41.244,mexc,AERO/USDT:USDT,0.8968,25,0.8967,143,0.8969,21,0.897,77
1753617401648,11:56:41.648,mexc,AERO/USDT:USDT,0.8968,25,0.8967,143,0.8969,21,0.897,77
1753617401745,11:56:41.745,mexc,AERO/USDT:USDT,0.8968,25,0.8967,102,0.8969,21,0.897,70
1753617402147,11:56:42.147,mexc,AERO/USDT:USDT,0.8968,25,0.8967,102,0.8969,21,0.897,70
1753617402245,11:56:42.245,mexc,AERO/USDT:USDT,0.8968,25,0.8967,102,0.8969,21,0.897,75
1753617402647,11:56:42.647,mexc,AERO/USDT:USDT,0.8968,25,0.8967,102,0.8969,21,0.897,66
1753617402747,11:56:42.747,mexc,AERO/USDT:USDT,0.8968,25,0.8967,102,0.8969,21,0.897,66
1753617403002,11:56:43.002,mexc,AERO/USDT:USDT,0.8969,91,0.8968,103,0.897,27,0.8971,33
1753617403248,11:56:43.248,mexc,AERO/USDT:USDT,0.8969,91,0.8968,128,0.897,27,0.8971,33
1753617403649,11:56:43.649,mexc,AERO/USDT:USDT,0.8969,91,0.8968,128,0.897,27,0.8971,33
1753617403748,11:56:43.748,mexc,AERO/USDT:USDT,0.8969,91,0.8968,103,0.897,27,0.8971,39
1753617404150,11:56:44.150,mexc,AERO/USDT:USDT,0.8969,91,0.8968,103,0.897,27,0.8971,39
1753617404264,11:56:44.264,mexc,AERO/USDT:USDT,0.8969,91,0.8968,103,0.897,27,0.8971,42
1753617404357,11:56:44.357,mexc,AERO/USDT:USDT,0.8969,91,0.8968,103,0.897,27,0.8971,42
1753617404750,11:56:44.750,mexc,AERO/USDT:USDT,0.8969,91,0.8968,103,0.897,27,0.8971,53
1753617405150,11:56:45.150,mexc,AERO/USDT:USDT,0.8969,91,0.8968,103,0.897,27,0.8971,43
1753617405249,11:56:45.249,mexc,AERO/USDT:USDT,0.8969,91,0.8968,103,0.897,27,0.8971,37
1753617405415,11:56:45.415,mexc,AERO/USDT:USDT,0.8969,91,0.8968,103,0.897,27,0.8971,37
1753617405749,11:56:45.749,mexc,AERO/USDT:USDT,0.8969,91,0.8968,131,0.897,27,0.8971,38
1753617406152,11:56:46.152,mexc,AERO/USDT:USDT,0.8969,91,0.8968,103,0.897,27,0.8971,38
1753617406281,11:56:46.281,mexc,AERO/USDT:USDT,0.8969,91,0.8968,103,0.897,27,0.8971,33
1753617406686,11:56:46.686,mexc,AERO/USDT:USDT,0.8969,91,0.8968,103,0.897,27,0.8971,33
1753617406783,11:56:46.783,mexc,AERO/USDT:USDT,0.8969,91,0.8968,139,0.897,27,0.8971,33
1753617407185,11:56:47.185,mexc,AERO/USDT:USDT,0.8969,91,0.8968,139,0.897,27,0.8971,33
1753617407283,11:56:47.283,mexc,AERO/USDT:USDT,0.8969,91,0.8968,103,0.897,27,0.8971,54
1753617407684,11:56:47.684,mexc,AERO/USDT:USDT,0.8969,91,0.8968,103,0.897,27,0.8971,42
1753617407786,11:56:47.786,mexc,AERO/USDT:USDT,0.8969,91,0.8968,103,0.897,27,0.8971,33
1753617408193,11:56:48.193,mexc,AERO/USDT:USDT,0.8969,91,0.8968,103,0.897,27,0.8971,33
1753617408284,11:56:48.284,mexc,AERO/USDT:USDT,0.8969,91,0.8968,152,0.897,27,0.8971,40
1753617408686,11:56:48.686,mexc,AERO/USDT:USDT,0.8969,91,0.8968,152,0.897,27,0.8971,40
1753617408783,11:56:48.783,mexc,AERO/USDT:USDT,0.8969,91,0.8968,149,0.897,27,0.8971,40
1753617409002,11:56:49.002,mexc,AERO/USDT:USDT,0.8969,99,0.8968,140,0.897,26,0.8971,23
1753617409282,11:56:49.282,mexc,AERO/USDT:USDT,0.8969,99,0.8968,157,0.897,26,0.8971,23
1753617409686,11:56:49.686,mexc,AERO/USDT:USDT,0.8969,99,0.8968,157,0.897,26,0.8971,23
1753617409785,11:56:49.785,mexc,AERO/USDT:USDT,0.8969,99,0.8968,162,0.897,26,0.8971,23
1753617410189,11:56:50.189,mexc,AERO/USDT:USDT,0.8969,99,0.8968,162,0.897,26,0.8971,23
1753617410284,11:56:50.284,mexc,AERO/USDT:USDT,0.8969,99,0.8968,140,0.897,26,0.8971,33
1753617410687,11:56:50.687,mexc,AERO/USDT:USDT,0.8969,99,0.8968,140,0.897,26,0.8971,23
1753617410785,11:56:50.785,mexc,AERO/USDT:USDT,0.8969,99,0.8968,140,0.897,26,0.8971,32
1753617411187,11:56:51.187,mexc,AERO/USDT:USDT,0.8969,99,0.8968,140,0.897,26,0.8971,23
1753617411285,11:56:51.285,mexc,AERO/USDT:USDT,0.8969,99,0.8968,169,0.897,26,0.8971,31
1753617411420,11:56:51.420,mexc,AERO/USDT:USDT,0.8969,99,0.8968,169,0.897,26,0.8971,31
1753617411787,11:56:51.787,mexc,AERO/USDT:USDT,0.8969,99,0.8968,140,0.897,26,0.8971,23
1753617412192,11:56:52.192,mexc,AERO/USDT:USDT,0.8969,99,0.8968,140,0.897,26,0.8971,23
1753617412288,11:56:52.288,mexc,AERO/USDT:USDT,0.8969,99,0.8968,180,0.897,26,0.8971,40
1753617412691,11:56:52.691,mexc,AERO/USDT:USDT,0.8969,99,0.8968,180,0.897,26,0.8971,33
1753617412790,11:56:52.790,mexc,AERO/USDT:USDT,0.8969,99,0.8968,140,0.897,26,0.8971,29
1753617413193,11:56:53.193,mexc,AERO/USDT:USDT,0.8969,99,0.8968,140,0.897,26,0.8971,29
1753617413287,11:56:53.287,mexc,AERO/USDT:USDT,0.8969,99,0.8968,140,0.897,26,0.8971,28
1753617413692,11:56:53.692,mexc,AERO/USDT:USDT,0.8969,99,0.8968,140,0.897,26,0.8971,23
1753617413787,11:56:53.787,mexc,AERO/USDT:USDT,0.8969,99,0.8968,203,0.897,26,0.8971,23
1753617414194,11:56:54.194,mexc,AERO/USDT:USDT,0.8969,99,0.8968,203,0.897,26,0.8971,23
1753617414291,11:56:54.291,mexc,AERO/USDT:USDT,0.8969,99,0.8968,140,0.897,26,0.8971,23
1753617414694,11:56:54.694,mexc,AERO/USDT:USDT,0.8969,99,0.8968,140,0.897,26,0.8971,23
1753617414790,11:56:54.790,mexc,AERO/USDT:USDT,0.8969,99,0.8968,180,0.897,26,0.8971,23
1753617415003,11:56:55.003,mexc,AERO/USDT:USDT,0.8969,29,0.8968,124,0.897,36,0.8971,27
1753617415287,11:56:55.287,mexc,AERO/USDT:USDT,0.8969,29,0.8968,153,0.897,36,0.8971,38
1753617415695,11:56:55.695,mexc,AERO/USDT:USDT,0.8969,29,0.8968,153,0.897,36,0.8971,27
1753617415788,11:56:55.788,mexc,AERO/USDT:USDT,0.8969,29,0.8968,124,0.897,36,0.8971,27
1753617416193,11:56:56.193,mexc,AERO/USDT:USDT,0.8969,29,0.8968,124,0.897,36,0.8971,27
1753617416290,11:56:56.290,mexc,AERO/USDT:USDT,0.8969,29,0.8968,124,0.897,36,0.8971,27
1753617416691,11:56:56.691,mexc,AERO/USDT:USDT,0.8969,29,0.8968,124,0.897,36,0.8971,27
1753617416790,11:56:56.790,mexc,AERO/USDT:USDT,0.8969,29,0.8968,124,0.897,36,0.8971,38
1753617417191,11:56:57.191,mexc,AERO/USDT:USDT,0.8969,29,0.8968,124,0.897,36,0.8971,38
1753617417289,11:56:57.289,mexc,AERO/USDT:USDT,0.8969,29,0.8968,124,0.897,36,0.8971,30
1753617417421,11:56:57.421,mexc,AERO/USDT:USDT,0.8969,29,0.8968,124,0.897,36,0.8971,30
1753617417790,11:56:57.790,mexc,AERO/USDT:USDT,0.8969,29,0.8968,124,0.897,36,0.8971,27
1753617418195,11:56:58.195,mexc,AERO/USDT:USDT,0.8969,29,0.8968,124,0.897,36,0.8971,27
1753617418291,11:56:58.291,mexc,AERO/USDT:USDT,0.8969,29,0.8968,124,0.897,36,0.8971,27
1753617418692,11:56:58.692,mexc,AERO/USDT:USDT,0.8969,29,0.8968,124,0.897,36,0.8971,27
1753617418793,11:56:58.793,mexc,AERO/USDT:USDT,0.8969,29,0.8968,238,0.897,36,0.8971,27
1753617419192,11:56:59.192,mexc,AERO/USDT:USDT,0.8969,29,0.8968,238,0.897,36,0.8971,27
1753617419290,11:56:59.290,mexc,AERO/USDT:USDT,0.8969,29,0.8968,138,0.897,36,0.8971,27
1753617419697,11:56:59.697,mexc,AERO/USDT:USDT,0.8969,29,0.8968,124,0.897,36,0.8971,27
1753617419792,11:56:59.792,mexc,AERO/USDT:USDT,0.8969,29,0.8968,203,0.897,36,0.8971,27
1753617420195,11:57:00.195,mexc,AERO/USDT:USDT,0.8969,29,0.8968,179,0.897,36,0.8971,27
1753617420292,11:57:00.292,mexc,AERO/USDT:USDT,0.8969,29,0.8968,139,0.897,36,0.8971,31
1753617420693,11:57:00.693,mexc,AERO/USDT:USDT,0.8969,29,0.8968,139,0.897,36,0.8971,27
1753617420794,11:57:00.794,mexc,AERO/USDT:USDT,0.8969,29,0.8968,180,0.897,36,0.8971,36
1753617421007,11:57:01.007,mexc,AERO/USDT:USDT,0.8969,34,0.8968,109,0.897,32,0.8971,100
1753617421291,11:57:01.291,mexc,AERO/USDT:USDT,0.8969,34,0.8968,109,0.897,32,0.8971,100
1753617421693,11:57:01.693,mexc,AERO/USDT:USDT,0.8969,34,0.8968,109,0.897,32,0.8971,100
1753617421790,11:57:01.790,mexc,AERO/USDT:USDT,0.8969,34,0.8968,130,0.897,32,0.8971,100
1753617422199,11:57:02.199,mexc,AERO/USDT:USDT,0.8969,34,0.8968,130,0.897,32,0.8971,100
1753617422293,11:57:02.293,mexc,AERO/USDT:USDT,0.8969,34,0.8968,109,0.897,32,0.8971,116
1753617422694,11:57:02.694,mexc,AERO/USDT:USDT,0.8969,34,0.8968,109,0.897,32,0.8971,116
1753617422796,11:57:02.796,mexc,AERO/USDT:USDT,0.8969,34,0.8968,109,0.897,32,0.8971,100
1753617423199,11:57:03.199,mexc,AERO/USDT:USDT,0.8969,34,0.8968,109,0.897,32,0.8971,100
1753617423295,11:57:03.295,mexc,AERO/USDT:USDT,0.8969,34,0.8968,109,0.897,32,0.8971,149
1753617423423,11:57:03.423,mexc,AERO/USDT:USDT,0.8969,34,0.8968,109,0.897,32,0.8971,149
1753617423794,11:57:03.794,mexc,AERO/USDT:USDT,0.8969,34,0.8968,109,0.897,32,0.8971,100
1753617424197,11:57:04.197,mexc,AERO/USDT:USDT,0.8969,34,0.8968,109,0.897,32,0.8971,100
1753617424293,11:57:04.293,mexc,AERO/USDT:USDT,0.8969,34,0.8968,109,0.897,32,0.8971,156
1753617424696,11:57:04.696,mexc,AERO/USDT:USDT,0.8969,34,0.8968,109,0.897,32,0.8971,156
1753617424798,11:57:04.798,mexc,AERO/USDT:USDT,0.8969,34,0.8968,152,0.897,32,0.8971,100
1753617425198,11:57:05.198,mexc,AERO/USDT:USDT,0.8969,34,0.8968,152,0.897,32,0.8971,100
1753617425294,11:57:05.294,mexc,AERO/USDT:USDT,0.8969,34,0.8968,148,0.897,32,0.8971,100
1753617425699,11:57:05.699,mexc,AERO/USDT:USDT,0.8969,34,0.8968,148,0.897,32,0.8971,100
1753617425796,11:57:05.796,mexc,AERO/USDT:USDT,0.8969,34,0.8968,186,0.897,32,0.8971,110
1753617426199,11:57:06.199,mexc,AERO/USDT:USDT,0.8969,34,0.8968,163,0.897,32,0.8971,110
1753617426297,11:57:06.297,mexc,AERO/USDT:USDT,0.8969,34,0.8968,109,0.897,32,0.8971,146
1753617426700,11:57:06.700,mexc,AERO/USDT:USDT,0.8969,34,0.8968,109,0.897,32,0.8971,100
1753617426797,11:57:06.797,mexc,AERO/USDT:USDT,0.8969,34,0.8968,133,0.897,32,0.8971,143
1753617427012,11:57:07.012,mexc,AERO/USDT:USDT,0.8971,123,0.897,128,0.8972,23,0.8973,27
1753617427295,11:57:07.295,mexc,AERO/USDT:USDT,0.8971,123,0.897,128,0.8972,23,0.8973,27
1753617427697,11:57:07.697,mexc,AERO/USDT:USDT,0.8971,123,0.897,128,0.8972,23,0.8973,27
1753617427797,11:57:07.797,mexc,AERO/USDT:USDT,0.8971,123,0.897,128,0.8972,23,0.8973,33
1753617428199,11:57:08.199,mexc,AERO/USDT:USDT,0.8971,123,0.897,128,0.8972,23,0.8973,33
1753617428295,11:57:08.295,mexc,AERO/USDT:USDT,0.8971,123,0.897,153,0.8972,23,0.8973,36
1753617428698,11:57:08.698,mexc,AERO/USDT:USDT,0.8971,123,0.897,153,0.8972,23,0.8973,36
1753617428797,11:57:08.797,mexc,AERO/USDT:USDT,0.8971,123,0.897,150,0.8972,23,0.8973,27
1753617429200,11:57:09.200,mexc,AERO/USDT:USDT,0.8971,123,0.897,150,0.8972,23,0.8973,27
1753617429299,11:57:09.299,mexc,AERO/USDT:USDT,0.8971,123,0.897,128,0.8972,23,0.8973,45
1753617429432,11:57:09.432,mexc,AERO/USDT:USDT,0.8971,123,0.897,128,0.8972,23,0.8973,45
1753617429800,11:57:09.800,mexc,AERO/USDT:USDT,0.8971,123,0.897,215,0.8972,23,0.8973,27
1753617430205,11:57:10.205,mexc,AERO/USDT:USDT,0.8971,123,0.897,191,0.8972,23,0.8973,27
1753617430300,11:57:10.300,mexc,AERO/USDT:USDT,0.8971,123,0.897,128,0.8972,23,0.8973,27
1753617430702,11:57:10.702,mexc,AERO/USDT:USDT,0.8971,123,0.897,128,0.8972,23,0.8973,27
1753617430807,11:57:10.807,mexc,AERO/USDT:USDT,0.8971,123,0.897,128,0.8972,23,0.8973,27
1753617431204,11:57:11.204,mexc,AERO/USDT:USDT,0.8971,123,0.897,128,0.8972,23,0.8973,27
1753617431300,11:57:11.300,mexc,AERO/USDT:USDT,0.8971,123,0.897,175,0.8972,23,0.8973,35
1753617431703,11:57:11.703,mexc,AERO/USDT:USDT,0.8971,123,0.897,175,0.8972,23,0.8973,35
1753617431801,11:57:11.801,mexc,AERO/USDT:USDT,0.8971,123,0.897,141,0.8972,23,0.8973,27
1753617432201,11:57:12.201,mexc,AERO/USDT:USDT,0.8971,123,0.897,141,0.8972,23,0.8973,27
1753617432301,11:57:12.301,mexc,AERO/USDT:USDT,0.8971,123,0.897,177,0.8972,23,0.8973,27
1753617432703,11:57:12.703,mexc,AERO/USDT:USDT,0.8971,123,0.897,128,0.8972,23,0.8973,27
1753617432802,11:57:12.802,mexc,AERO/USDT:USDT,0.8971,123,0.897,128,0.8972,23,0.8973,34
1753617433014,11:57:13.014,mexc,AERO/USDT:USDT,0.8971,24,0.897,33,0.8972,26,0.8973,109
1753617433301,11:57:13.301,mexc,AERO/USDT:USDT,0.8971,24,0.897,43,0.8972,26,0.8973,140
1753617433703,11:57:13.703,mexc,AERO/USDT:USDT,0.8971,24,0.897,43,0.8972,26,0.8973,140
1753617433802,11:57:13.802,mexc,AERO/USDT:USDT,0.8971,24,0.897,33,0.8972,26,0.8973,109
1753617434205,11:57:14.205,mexc,AERO/USDT:USDT,0.8971,24,0.897,33,0.8972,26,0.8973,109
1753617434301,11:57:14.301,mexc,AERO/USDT:USDT,0.8971,24,0.897,40,0.8972,26,0.8973,109
1753617434703,11:57:14.703,mexc,AERO/USDT:USDT,0.8971,24,0.897,33,0.8972,26,0.8973,109
1753617434804,11:57:14.804,mexc,AERO/USDT:USDT,0.8971,24,0.897,33,0.8972,26,0.8973,109
1753617435207,11:57:15.207,mexc,AERO/USDT:USDT,0.8971,24,0.897,33,0.8972,26,0.8973,109
1753617435304,11:57:15.304,mexc,AERO/USDT:USDT,0.8971,24,0.897,33,0.8972,26,0.8973,109
1753617435434,11:57:15.434,mexc,AERO/USDT:USDT,0.8971,24,0.897,33,0.8972,26,0.8973,109
1753617435807,11:57:15.807,mexc,AERO/USDT:USDT,0.8971,24,0.897,33,0.8972,26,0.8973,109
1753617436208,11:57:16.208,mexc,AERO/USDT:USDT,0.8971,24,0.897,33,0.8972,26,0.8973,109
1753617436303,11:57:16.303,mexc,AERO/USDT:USDT,0.8971,24,0.897,33,0.8972,26,0.8973,182
1753617436705,11:57:16.705,mexc,AERO/USDT:USDT,0.8971,24,0.897,33,0.8972,26,0.8973,182
1753617436809,11:57:16.809,mexc,AERO/USDT:USDT,0.8971,24,0.897,33,0.8972,26,0.8973,143
1753617437207,11:57:17.207,mexc,AERO/USDT:USDT,0.8971,24,0.897,33,0.8972,26,0.8973,143
1753617437304,11:57:17.304,mexc,AERO/USDT:USDT,0.8971,24,0.897,33,0.8972,26,0.8973,162
1753617437706,11:57:17.706,mexc,AERO/USDT:USDT,0.8971,24,0.897,33,0.8972,26,0.8973,135
1753617437804,11:57:17.804,mexc,AERO/USDT:USDT,0.8971,24,0.897,43,0.8972,26,0.8973,109
1753617438206,11:57:18.206,mexc,AERO/USDT:USDT,0.8971,24,0.897,33,0.8972,26,0.8973,109
1753617438305,11:57:18.305,mexc,AERO/USDT:USDT,0.8971,24,0.897,33,0.8972,26,0.8973,152
1753617438706,11:57:18.706,mexc,AERO/USDT:USDT,0.8971,24,0.897,33,0.8972,26,0.8973,152
1753617438806,11:57:18.806,mexc,AERO/USDT:USDT,0.8971,24,0.897,45,0.8972,26,0.8973,144
1753617439014,11:57:19.014,mexc,AERO/USDT:USDT,0.8971,26,0.897,128,0.8972,23,0.8973,124
1753617439307,11:57:19.307,mexc,AERO/USDT:USDT,0.8971,26,0.897,171,0.8972,23,0.8973,194
1753617439707,11:57:19.707,mexc,AERO/USDT:USDT,0.8971,26,0.897,128,0.8972,23,0.8973,194
1753617439806,11:57:19.806,mexc,AERO/USDT:USDT,0.8971,26,0.897,128,0.8972,23,0.8973,152
1753617440208,11:57:20.208,mexc,AERO/USDT:USDT,0.8971,26,0.897,128,0.8972,23,0.8973,124
1753617440305,11:57:20.305,mexc,AERO/USDT:USDT,0.8971,26,0.897,164,0.8972,23,0.8973,124
1753617440513,11:57:20.513,mexc,AERO/USDT:USDT,0.8971,26,0.897,164,0.8972,23,0.8973,124
1753617440808,11:57:20.808,mexc,AERO/USDT:USDT,0.8971,26,0.897,128,0.8972,23,0.8973,153
1753617441212,11:57:21.212,mexc,AERO/USDT:USDT,0.8971,26,0.897,128,0.8972,23,0.8973,153
1753617441309,11:57:21.309,mexc,AERO/USDT:USDT,0.8971,26,0.897,128,0.8972,23,0.8973,150
1753617441710,11:57:21.710,mexc,AERO/USDT:USDT,0.8971,26,0.897,128,0.8972,23,0.8973,150
1753617441808,11:57:21.808,mexc,AERO/USDT:USDT,0.8971,26,0.897,144,0.8972,23,0.8973,124
1753617442210,11:57:22.210,mexc,AERO/USDT:USDT,0.8971,26,0.897,144,0.8972,23,0.8973,124
1753617442307,11:57:22.307,mexc,AERO/USDT:USDT,0.8971,26,0.897,170,0.8972,23,0.8973,161
1753617442710,11:57:22.710,mexc,AERO/USDT:USDT,0.8971,26,0.897,170,0.8972,23,0.8973,161
1753617442808,11:57:22.808,mexc,AERO/USDT:USDT,0.8971,26,0.897,128,0.8972,23,0.8973,124
1753617443210,11:57:23.210,mexc,AERO/USDT:USDT,0.8971,26,0.897,128,0.8972,23,0.8973,124
1753617443308,11:57:23.308,mexc,AERO/USDT:USDT,0.8971,26,0.897,128,0.8972,23,0.8973,124
1753617443710,11:57:23.710,mexc,AERO/USDT:USDT,0.8971,26,0.897,128,0.8972,23,0.8973,124
1753617443810,11:57:23.810,mexc,AERO/USDT:USDT,0.8971,26,0.897,163,0.8972,23,0.8973,160
1753617444210,11:57:24.210,mexc,AERO/USDT:USDT,0.8971,26,0.897,163,0.8972,23,0.8973,160
1753617444310,11:57:24.310,mexc,AERO/USDT:USDT,0.8971,26,0.897,128,0.8972,23,0.8973,124
1753617444712,11:57:24.712,mexc,AERO/USDT:USDT,0.8971,26,0.897,128,0.8972,23,0.8973,124
1753617444808,11:57:24.808,mexc,AERO/USDT:USDT,0.8971,26,0.897,128,0.8972,23,0.8973,124
1753617445017,11:57:25.017,mexc,AERO/USDT:USDT,0.8973,22,0.8972,127,0.8974,33,0.8975,29
1753617445309,11:57:25.309,mexc,AERO/USDT:USDT,0.8973,22,0.8972,171,0.8974,33,0.8975,36
1753617445712,11:57:25.712,mexc,AERO/USDT:USDT,0.8973,22,0.8972,171,0.8974,33,0.8975,36
1753617445811,11:57:25.811,mexc,AERO/USDT:USDT,0.8973,22,0.8972,127,0.8974,33,0.8975,41
1753617446212,11:57:26.212,mexc,AERO/USDT:USDT,0.8973,22,0.8972,127,0.8974,33,0.8975,41
1753617446311,11:57:26.311,mexc,AERO/USDT:USDT,0.8973,22,0.8972,127,0.8974,33,0.8975,33
1753617446522,11:57:26.522,mexc,AERO/USDT:USDT,0.8973,22,0.8972,127,0.8974,33,0.8975,33
1753617446809,11:57:26.809,mexc,AERO/USDT:USDT,0.8973,22,0.8972,127,0.8974,33,0.8975,29
1753617447212,11:57:27.212,mexc,AERO/USDT:USDT,0.8973,22,0.8972,127,0.8974,33,0.8975,29
1753617447311,11:57:27.311,mexc,AERO/USDT:USDT,0.8973,22,0.8972,127,0.8974,33,0.8975,35
1753617447713,11:57:27.713,mexc,AERO/USDT:USDT,0.8973,22,0.8972,127,0.8974,33,0.8975,29
1753617447812,11:57:27.812,mexc,AERO/USDT:USDT,0.8973,22,0.8972,149,0.8974,33,0.8975,29
1753617448211,11:57:28.211,mexc,AERO/USDT:USDT,0.8973,22,0.8972,149,0.8974,33,0.8975,29
1753617448311,11:57:28.311,mexc,AERO/USDT:USDT,0.8973,22,0.8972,127,0.8974,33,0.8975,29
1753617448713,11:57:28.713,mexc,AERO/USDT:USDT,0.8973,22,0.8972,127,0.8974,33,0.8975,29
