timestamp,time,exchange,symbol,bid1_price,bid1_volume,bid2_price,bid2_volume,ask1_price,ask1_volume,ask2_price,ask2_volume
1753617162381,11:52:42.381,phemex,ACE/USDT:USDT,0.595,1154.0,0.5949,2135.0,0.5956,43.0,0.5957,3920.0
1753617164308,11:52:44.308,phemex,ACE/USDT:USDT,0.595,1154.0,0.5949,2178.0,0.5956,43.0,0.5957,3920.0
1753617168684,11:52:48.684,phemex,ACE/USDT:USDT,0.5952,886.0,0.5951,2100.0,0.5954,926.0,0.5955,3704.0
1753617168702,11:52:48.702,phemex,ACE/USDT:USDT,0.5952,886.0,0.5951,2100.0,0.5954,926.0,0.5955,3704.0
1753617168711,11:52:48.711,phemex,ACE/USDT:USDT,0.5952,886.0,0.5951,2100.0,0.5954,926.0,0.5955,3704.0
1753617170137,11:52:50.137,phemex,ACE/USDT:USDT,0.5952,886.0,0.5951,2100.0,0.5956,43.0,0.5957,3564.0
1753617170151,11:52:50.151,phemex,ACE/USDT:USDT,0.5952,886.0,0.5951,2100.0,0.5956,43.0,0.5957,3564.0
1753617170461,11:52:50.461,phemex,ACE/USDT:USDT,0.5952,886.0,0.5951,2100.0,0.5956,43.0,0.5957,3564.0
1753617170495,11:52:50.495,phemex,ACE/USDT:USDT,0.5953,43.0,0.5952,886.0,0.5956,43.0,0.5957,3564.0
1753617170715,11:52:50.715,phemex,ACE/USDT:USDT,0.5953,43.0,0.5952,929.0,0.5956,43.0,0.5957,3564.0
1753617171195,11:52:51.195,phemex,ACE/USDT:USDT,0.5952,929.0,0.5951,2100.0,0.5956,43.0,0.5957,3564.0
1753617171227,11:52:51.227,phemex,ACE/USDT:USDT,0.5953,43.0,0.5952,929.0,0.5956,43.0,0.5957,3564.0
1753617171500,11:52:51.500,phemex,ACE/USDT:USDT,0.5953,43.0,0.5952,929.0,0.5956,43.0,0.5957,3564.0
1753617171514,11:52:51.514,phemex,ACE/USDT:USDT,0.5953,43.0,0.5952,929.0,0.5957,3564.0,0.5958,2387.0
1753617171581,11:52:51.581,phemex,ACE/USDT:USDT,0.5953,43.0,0.5952,929.0,0.5957,43.0,0.5958,4793.0
1753617171602,11:52:51.602,phemex,ACE/USDT:USDT,0.5953,43.0,0.5952,929.0,0.5957,43.0,0.5958,4793.0
1753617171657,11:52:51.657,phemex,ACE/USDT:USDT,0.5953,43.0,0.5952,929.0,0.5958,4793.0,0.5959,2375.0
1753617171730,11:52:51.730,phemex,ACE/USDT:USDT,0.5953,43.0,0.5952,929.0,0.5958,42.0,0.5959,620.0
1753617171743,11:52:51.743,phemex,ACE/USDT:USDT,0.5953,43.0,0.5952,929.0,0.5957,43.0,0.5958,42.0
1753617171801,11:52:51.801,phemex,ACE/USDT:USDT,0.5953,43.0,0.5952,929.0,0.5958,42.0,0.5959,620.0
1753617171936,11:52:51.936,phemex,ACE/USDT:USDT,0.5953,43.0,0.5952,929.0,0.5958,42.0,0.5959,620.0
1753617171953,11:52:51.953,phemex,ACE/USDT:USDT,0.5953,43.0,0.5952,929.0,0.5959,620.0,0.596,3778.0
1753617172004,11:52:52.004,phemex,ACE/USDT:USDT,0.5953,43.0,0.5952,929.0,0.5958,43.0,0.5959,620.0
1753617172076,11:52:52.076,phemex,ACE/USDT:USDT,0.5953,43.0,0.5952,929.0,0.5959,620.0,0.596,3778.0
1753617172687,11:52:52.687,phemex,ACE/USDT:USDT,0.5953,43.0,0.5952,929.0,0.5959,620.0,0.596,3778.0
1753617172705,11:52:52.705,phemex,ACE/USDT:USDT,0.5953,43.0,0.5952,929.0,0.5959,620.0,0.596,3778.0
1753617172824,11:52:52.824,phemex,ACE/USDT:USDT,0.5953,43.0,0.5952,929.0,0.5958,43.0,0.5959,620.0
1753617172846,11:52:52.846,phemex,ACE/USDT:USDT,0.5953,43.0,0.5952,929.0,0.5959,620.0,0.596,3778.0
1753617172869,11:52:52.869,phemex,ACE/USDT:USDT,0.5953,43.0,0.5952,929.0,0.5959,620.0,0.596,3778.0
1753617172925,11:52:52.925,phemex,ACE/USDT:USDT,0.5953,43.0,0.5952,929.0,0.5959,620.0,0.596,3778.0
1753617173074,11:52:53.074,phemex,ACE/USDT:USDT,0.5953,43.0,0.5952,929.0,0.5958,43.0,0.5959,620.0
1753617174190,11:52:54.190,phemex,ACE/USDT:USDT,0.5953,983.0,0.5952,5187.0,0.5958,43.0,0.5959,620.0
1753617174210,11:52:54.210,phemex,ACE/USDT:USDT,0.5954,43.0,0.5953,983.0,0.5958,43.0,0.5959,620.0
1753617175663,11:52:55.663,phemex,ACE/USDT:USDT,0.5954,43.0,0.5953,983.0,0.5958,43.0,0.5959,620.0
1753617176830,11:52:56.830,phemex,ACE/USDT:USDT,0.5954,43.0,0.5953,983.0,0.5958,43.0,0.5959,620.0
1753617176839,11:52:56.839,phemex,ACE/USDT:USDT,0.5954,43.0,0.5953,983.0,0.5958,790.0,0.5959,6225.0
1753617176890,11:52:56.890,phemex,ACE/USDT:USDT,0.5954,43.0,0.5953,983.0,0.5958,43.0,0.5959,1857.0
1753617176896,11:52:56.896,phemex,ACE/USDT:USDT,0.5954,43.0,0.5953,983.0,0.5958,43.0,0.5959,43.0
1753617176926,11:52:56.926,phemex,ACE/USDT:USDT,0.5954,43.0,0.5953,983.0,0.5959,43.0,0.596,3796.0
1753617176949,11:52:56.949,phemex,ACE/USDT:USDT,0.5954,43.0,0.5953,983.0,0.5959,43.0,0.596,3796.0
1753617180438,11:53:00.438,phemex,ACE/USDT:USDT,0.5953,983.0,0.5952,5187.0,0.5959,43.0,0.596,3796.0
1753617180905,11:53:00.905,phemex,ACE/USDT:USDT,0.5954,43.0,0.5953,983.0,0.5959,43.0,0.596,3796.0
1753617180958,11:53:00.958,phemex,ACE/USDT:USDT,0.5953,983.0,0.5952,5187.0,0.5959,43.0,0.596,3796.0
1753617181065,11:53:01.065,phemex,ACE/USDT:USDT,0.5954,43.0,0.5953,983.0,0.5959,43.0,0.596,3796.0
1753617181097,11:53:01.097,phemex,ACE/USDT:USDT,0.5953,983.0,0.5952,5187.0,0.5959,43.0,0.596,3796.0
1753617181590,11:53:01.590,phemex,ACE/USDT:USDT,0.5954,43.0,0.5953,983.0,0.5959,43.0,0.596,3796.0
1753617181915,11:53:01.915,phemex,ACE/USDT:USDT,0.5953,983.0,0.5952,5187.0,0.5956,973.0,0.5957,2121.0
1753617181931,11:53:01.931,phemex,ACE/USDT:USDT,0.5953,983.0,0.5952,5187.0,0.5955,43.0,0.5956,973.0
1753617182182,11:53:02.182,phemex,ACE/USDT:USDT,0.5953,983.0,0.5952,5187.0,0.5956,973.0,0.5957,2121.0
1753617182343,11:53:02.343,phemex,ACE/USDT:USDT,0.5954,43.0,0.5953,983.0,0.5956,973.0,0.5957,2121.0
1753617183429,11:53:03.429,phemex,ACE/USDT:USDT,0.5954,43.0,0.5953,983.0,0.5957,481.0,0.5958,2857.0
1753617183454,11:53:03.454,phemex,ACE/USDT:USDT,0.5954,1062.0,0.5953,4504.0,0.5957,481.0,0.5958,2857.0
1753617183522,11:53:03.522,phemex,ACE/USDT:USDT,0.5955,43.0,0.5954,1062.0,0.5957,481.0,0.5958,2857.0
1753617183540,11:53:03.540,phemex,ACE/USDT:USDT,0.5955,43.0,0.5954,1062.0,0.5957,481.0,0.5958,2857.0
1753617183642,11:53:03.642,phemex,ACE/USDT:USDT,0.5955,43.0,0.5954,1062.0,0.5959,4676.0,0.596,4580.0
1753617183673,11:53:03.673,phemex,ACE/USDT:USDT,0.5955,43.0,0.5954,1062.0,0.5959,4676.0,0.596,4580.0
1753617183706,11:53:03.706,phemex,ACE/USDT:USDT,0.5955,43.0,0.5954,1062.0,0.5959,4676.0,0.596,4580.0
1753617183757,11:53:03.757,phemex,ACE/USDT:USDT,0.5955,43.0,0.5954,1062.0,0.5959,4676.0,0.596,4580.0
1753617183788,11:53:03.788,phemex,ACE/USDT:USDT,0.5955,43.0,0.5954,1062.0,0.5959,4633.0,0.596,4580.0
1753617183849,11:53:03.849,phemex,ACE/USDT:USDT,0.5955,43.0,0.5954,1062.0,0.596,6169.0,0.5961,2135.0
1753617183866,11:53:03.866,phemex,ACE/USDT:USDT,0.5955,43.0,0.5954,1062.0,0.596,6169.0,0.5961,2135.0
1753617183940,11:53:03.940,phemex,ACE/USDT:USDT,0.5955,43.0,0.5954,1062.0,0.5961,3956.0,0.5962,2426.0
1753617183965,11:53:03.965,phemex,ACE/USDT:USDT,0.5955,43.0,0.5954,1334.0,0.5961,3956.0,0.5962,2426.0
1753617183981,11:53:03.981,phemex,ACE/USDT:USDT,0.5955,43.0,0.5954,1062.0,0.5961,42.0,0.5962,4828.0
1753617183986,11:53:03.986,phemex,ACE/USDT:USDT,0.5955,43.0,0.5954,1062.0,0.5961,42.0,0.5962,4828.0
1753617184086,11:53:04.086,phemex,ACE/USDT:USDT,0.5955,43.0,0.5954,1062.0,0.5961,42.0,0.5962,664.0
1753617184092,11:53:04.092,phemex,ACE/USDT:USDT,0.5955,43.0,0.5954,1062.0,0.5961,42.0,0.5962,664.0
1753617184168,11:53:04.168,phemex,ACE/USDT:USDT,0.5955,43.0,0.5954,1062.0,0.5961,42.0,0.5962,43.0
1753617184186,11:53:04.186,phemex,ACE/USDT:USDT,0.5955,43.0,0.5954,1062.0,0.5961,42.0,0.5962,43.0
1753617184202,11:53:04.202,phemex,ACE/USDT:USDT,0.5955,43.0,0.5954,1062.0,0.5962,43.0,0.5963,339.0
1753617184265,11:53:04.265,phemex,ACE/USDT:USDT,0.5955,43.0,0.5954,1062.0,0.5962,43.0,0.5963,339.0
1753617184325,11:53:04.325,phemex,ACE/USDT:USDT,0.5955,43.0,0.5954,1062.0,0.5961,43.0,0.5962,43.0
1753617184372,11:53:04.372,phemex,ACE/USDT:USDT,0.5955,43.0,0.5954,1062.0,0.5961,43.0,0.5962,43.0
1753617184390,11:53:04.390,phemex,ACE/USDT:USDT,0.5955,43.0,0.5954,1062.0,0.5961,43.0,0.5962,43.0
1753617184439,11:53:04.439,phemex,ACE/USDT:USDT,0.5955,43.0,0.5954,1062.0,0.5962,43.0,0.5963,382.0
1753617184558,11:53:04.558,phemex,ACE/USDT:USDT,0.5955,43.0,0.5954,1062.0,0.5962,43.0,0.5963,382.0
1753617184606,11:53:04.606,phemex,ACE/USDT:USDT,0.5955,43.0,0.5954,1062.0,0.5961,43.0,0.5962,43.0
1753617184674,11:53:04.674,phemex,ACE/USDT:USDT,0.5955,43.0,0.5954,1062.0,0.5962,43.0,0.5963,382.0
1753617184754,11:53:04.754,phemex,ACE/USDT:USDT,0.5955,43.0,0.5954,1062.0,0.5961,43.0,0.5962,43.0
1753617184793,11:53:04.793,phemex,ACE/USDT:USDT,0.5955,43.0,0.5954,1062.0,0.5962,43.0,0.5963,382.0
1753617186199,11:53:06.199,phemex,ACE/USDT:USDT,0.5955,43.0,0.5954,1062.0,0.5962,43.0,0.5963,382.0
1753617186259,11:53:06.259,phemex,ACE/USDT:USDT,0.5955,43.0,0.5954,1062.0,0.5962,43.0,0.5963,382.0
1753617188570,11:53:08.570,phemex,ACE/USDT:USDT,0.5957,906.0,0.5956,6236.0,0.5962,43.0,0.5963,382.0
1753617188595,11:53:08.595,phemex,ACE/USDT:USDT,0.5958,43.0,0.5957,906.0,0.5962,43.0,0.5963,382.0
1753617188611,11:53:08.611,phemex,ACE/USDT:USDT,0.5958,43.0,0.5957,906.0,0.5962,43.0,0.5963,382.0
1753617188621,11:53:08.621,phemex,ACE/USDT:USDT,0.5958,43.0,0.5957,949.0,0.5962,43.0,0.5963,382.0
1753617188943,11:53:08.943,phemex,ACE/USDT:USDT,0.5958,43.0,0.5957,949.0,0.5962,43.0,0.5963,382.0
1753617189341,11:53:09.341,phemex,ACE/USDT:USDT,0.5958,43.0,0.5957,949.0,0.5962,1075.0,0.5963,3798.0
1753617189360,11:53:09.360,phemex,ACE/USDT:USDT,0.5958,43.0,0.5957,949.0,0.5961,43.0,0.5962,1075.0
1753617191797,11:53:11.797,phemex,ACE/USDT:USDT,0.5958,43.0,0.5957,949.0,0.5961,43.0,0.5962,1075.0
1753617194002,11:53:14.002,phemex,ACE/USDT:USDT,0.5958,43.0,0.5957,949.0,0.5961,43.0,0.5962,1075.0
1753617195036,11:53:15.036,phemex,ACE/USDT:USDT,0.5958,1236.0,0.5957,4371.0,0.5961,43.0,0.5962,1075.0
1753617195045,11:53:15.045,phemex,ACE/USDT:USDT,0.5959,43.0,0.5958,1236.0,0.5961,43.0,0.5962,1075.0
1753617195046,11:53:15.046,phemex,ACE/USDT:USDT,0.5959,43.0,0.5958,1236.0,0.5961,43.0,0.5962,1075.0
1753617196984,11:53:16.984,phemex,ACE/USDT:USDT,0.5959,43.0,0.5958,1236.0,0.5962,1075.0,0.5963,3798.0
1753617197007,11:53:17.007,phemex,ACE/USDT:USDT,0.5959,43.0,0.5958,1236.0,0.5962,1075.0,0.5963,3798.0
1753617197032,11:53:17.032,phemex,ACE/USDT:USDT,0.5959,43.0,0.5958,1236.0,0.5962,1075.0,0.5963,3798.0
1753617197078,11:53:17.078,phemex,ACE/USDT:USDT,0.5959,43.0,0.5958,1236.0,0.5962,1075.0,0.5963,3798.0
1753617197153,11:53:17.153,phemex,ACE/USDT:USDT,0.5959,43.0,0.5958,1236.0,0.5961,43.0,0.5962,1075.0
1753617197296,11:53:17.296,phemex,ACE/USDT:USDT,0.5959,43.0,0.5958,1236.0,0.5961,43.0,0.5962,1075.0
1753617197474,11:53:17.474,phemex,ACE/USDT:USDT,0.5959,43.0,0.5958,1236.0,0.5962,1075.0,0.5963,3798.0
1753617197510,11:53:17.510,phemex,ACE/USDT:USDT,0.5959,43.0,0.5958,1236.0,0.5961,43.0,0.5962,1075.0
1753617198397,11:53:18.397,phemex,ACE/USDT:USDT,0.5959,43.0,0.5958,1236.0,0.5962,1075.0,0.5963,3798.0
1753617198414,11:53:18.414,phemex,ACE/USDT:USDT,0.5959,43.0,0.5958,1236.0,0.5962,1075.0,0.5963,3798.0
1753617198453,11:53:18.453,phemex,ACE/USDT:USDT,0.5959,43.0,0.5958,1236.0,0.5961,43.0,0.5962,1075.0
1753617199000,11:53:19.000,phemex,ACE/USDT:USDT,0.5959,43.0,0.5958,1236.0,0.5962,43.0,0.5963,43.0
1753617199023,11:53:19.023,phemex,ACE/USDT:USDT,0.5959,43.0,0.5958,1236.0,0.5963,43.0,0.5964,664.0
1753617199978,11:53:19.978,phemex,ACE/USDT:USDT,0.5958,1236.0,0.5957,4371.0,0.5963,43.0,0.5964,664.0
1753617200028,11:53:20.028,phemex,ACE/USDT:USDT,0.5958,1193.0,0.5957,4371.0,0.5963,43.0,0.5964,664.0
1753617200094,11:53:20.094,phemex,ACE/USDT:USDT,0.5957,43.0,0.5956,43.0,0.5963,43.0,0.5964,664.0
1753617200138,11:53:20.138,phemex,ACE/USDT:USDT,0.5957,43.0,0.5956,43.0,0.5963,43.0,0.5964,664.0
1753617200196,11:53:20.196,phemex,ACE/USDT:USDT,0.5956,43.0,0.5955,43.0,0.5963,43.0,0.5964,664.0
1753617200224,11:53:20.224,phemex,ACE/USDT:USDT,0.5955,43.0,0.5954,43.0,0.5963,43.0,0.5964,664.0
1753617200267,11:53:20.267,phemex,ACE/USDT:USDT,0.5955,43.0,0.5954,43.0,0.5963,378.0,0.5964,664.0
1753617200324,11:53:20.324,phemex,ACE/USDT:USDT,0.5954,43.0,0.5953,3962.0,0.5963,378.0,0.5964,664.0
1753617200331,11:53:20.331,phemex,ACE/USDT:USDT,0.5954,43.0,0.5953,3962.0,0.5962,42.0,0.5963,378.0
1753617200331,11:53:20.331,phemex,ACE/USDT:USDT,0.5954,43.0,0.5953,3962.0,0.5962,42.0,0.5963,378.0
1753617201211,11:53:21.211,phemex,ACE/USDT:USDT,0.5954,43.0,0.5953,3962.0,0.5962,42.0,0.5963,378.0
1753617201339,11:53:21.339,phemex,ACE/USDT:USDT,0.5954,43.0,0.5953,3962.0,0.5962,42.0,0.5963,43.0
1753617201361,11:53:21.361,phemex,ACE/USDT:USDT,0.5954,43.0,0.5953,3962.0,0.5963,43.0,0.5964,664.0
1753617201602,11:53:21.602,phemex,ACE/USDT:USDT,0.5954,43.0,0.5953,3962.0,0.5963,43.0,0.5964,664.0
1753617202934,11:53:22.934,phemex,ACE/USDT:USDT,0.5954,43.0,0.5953,3962.0,0.5963,43.0,0.5964,664.0
1753617205441,11:53:25.441,phemex,ACE/USDT:USDT,0.5956,1097.0,0.5955,3677.0,0.5962,829.0,0.5963,5259.0
1753617205479,11:53:25.479,phemex,ACE/USDT:USDT,0.5956,1097.0,0.5955,3677.0,0.5961,42.0,0.5962,871.0
1753617207916,11:53:27.916,phemex,ACE/USDT:USDT,0.5956,1097.0,0.5955,3677.0,0.5962,871.0,0.5963,5259.0
1753617208048,11:53:28.048,phemex,ACE/USDT:USDT,0.5956,1097.0,0.5955,3677.0,0.5961,42.0,0.5962,871.0
1753617209304,11:53:29.304,phemex,ACE/USDT:USDT,0.5956,1097.0,0.5955,3677.0,0.5961,42.0,0.5962,871.0
1753617209941,11:53:29.941,phemex,ACE/USDT:USDT,0.5956,1097.0,0.5955,3677.0,0.5962,871.0,0.5963,5259.0
1753617210066,11:53:30.066,phemex,ACE/USDT:USDT,0.5956,1097.0,0.5955,3677.0,0.5961,43.0,0.5962,871.0
1753617210622,11:53:30.622,phemex,ACE/USDT:USDT,0.5958,471.0,0.5957,1348.0,0.5962,42.0,0.5963,43.0
1753617210637,11:53:30.637,phemex,ACE/USDT:USDT,0.5958,1012.0,0.5957,1391.0,0.5966,43.0,0.5967,1947.0
1753617210663,11:53:30.663,phemex,ACE/USDT:USDT,0.5959,43.0,0.5958,1012.0,0.5966,43.0,0.5967,1947.0
1753617210677,11:53:30.677,phemex,ACE/USDT:USDT,0.5959,43.0,0.5958,1055.0,0.5966,43.0,0.5967,1947.0
1753617215290,11:53:35.290,phemex,ACE/USDT:USDT,0.5959,43.0,0.5958,1055.0,0.5966,43.0,0.5967,1947.0
1753617218246,11:53:38.246,phemex,ACE/USDT:USDT,0.5961,761.0,0.596,3286.0,0.5965,757.0,0.5966,43.0
1753617218264,11:53:38.264,phemex,ACE/USDT:USDT,0.5962,43.0,0.5961,761.0,0.5965,757.0,0.5966,43.0
1753617218278,11:53:38.278,phemex,ACE/USDT:USDT,0.5962,43.0,0.5961,761.0,0.5965,757.0,0.5966,43.0
1753617218302,11:53:38.302,phemex,ACE/USDT:USDT,0.5962,43.0,0.5961,804.0,0.5965,757.0,0.5966,43.0
1753617218323,11:53:38.323,phemex,ACE/USDT:USDT,0.5962,43.0,0.5961,804.0,0.5964,43.0,0.5965,757.0
1753617218548,11:53:38.548,phemex,ACE/USDT:USDT,0.5962,43.0,0.5961,804.0,0.5965,757.0,0.5966,43.0
1753617218715,11:53:38.715,phemex,ACE/USDT:USDT,0.5962,43.0,0.5961,804.0,0.5964,43.0,0.5965,757.0
1753617219309,11:53:39.309,phemex,ACE/USDT:USDT,0.5962,43.0,0.5961,804.0,0.5964,43.0,0.5965,757.0
1753617219941,11:53:39.941,phemex,ACE/USDT:USDT,0.5962,43.0,0.5961,804.0,0.5965,757.0,0.5966,43.0
1753617220068,11:53:40.068,phemex,ACE/USDT:USDT,0.5962,43.0,0.5961,804.0,0.5964,43.0,0.5965,757.0
1753617220167,11:53:40.167,phemex,ACE/USDT:USDT,0.5962,43.0,0.5961,804.0,0.5965,757.0,0.5966,43.0
1753617220532,11:53:40.532,phemex,ACE/USDT:USDT,0.5962,43.0,0.5961,804.0,0.5964,43.0,0.5965,757.0
1753617220551,11:53:40.551,phemex,ACE/USDT:USDT,0.5962,43.0,0.5961,804.0,0.5964,43.0,0.5965,757.0
1753617223081,11:53:43.081,phemex,ACE/USDT:USDT,0.5962,43.0,0.5961,804.0,0.5964,43.0,0.5965,757.0
1753617223982,11:53:43.982,phemex,ACE/USDT:USDT,0.5962,43.0,0.5961,804.0,0.5965,757.0,0.5966,43.0
1753617224042,11:53:44.042,phemex,ACE/USDT:USDT,0.5962,43.0,0.5961,804.0,0.5964,43.0,0.5965,757.0
1753617227163,11:53:47.163,phemex,ACE/USDT:USDT,0.5962,43.0,0.5961,804.0,0.5965,757.0,0.5966,43.0
1753617227294,11:53:47.294,phemex,ACE/USDT:USDT,0.5962,43.0,0.5961,804.0,0.5965,757.0,0.5966,43.0
1753617227304,11:53:47.304,phemex,ACE/USDT:USDT,0.5962,43.0,0.5961,804.0,0.5965,757.0,0.5966,43.0
1753617227692,11:53:47.692,phemex,ACE/USDT:USDT,0.5962,43.0,0.5961,804.0,0.5964,1198.0,0.5965,3158.0
1753617227743,11:53:47.743,phemex,ACE/USDT:USDT,0.5962,43.0,0.5961,804.0,0.5966,3599.0,0.5967,329.0
1753617227755,11:53:47.755,phemex,ACE/USDT:USDT,0.5962,43.0,0.5961,1076.0,0.5967,669.0,0.5968,1676.0
1753617227782,11:53:47.782,phemex,ACE/USDT:USDT,0.5964,931.0,0.5963,2134.0,0.5968,629.0,0.5969,4109.0
1753617227796,11:53:47.796,phemex,ACE/USDT:USDT,0.5965,43.0,0.5964,931.0,0.5967,43.0,0.5968,629.0
1753617227827,11:53:47.827,phemex,ACE/USDT:USDT,0.5965,43.0,0.5964,974.0,0.5968,629.0,0.5969,3822.0
1753617227853,11:53:47.853,phemex,ACE/USDT:USDT,0.5965,43.0,0.5964,974.0,0.5968,629.0,0.5969,3822.0
1753617227950,11:53:47.950,phemex,ACE/USDT:USDT,0.5965,43.0,0.5964,974.0,0.5967,43.0,0.5968,629.0
1753617227983,11:53:47.983,phemex,ACE/USDT:USDT,0.5965,43.0,0.5964,974.0,0.5968,629.0,0.5969,3822.0
1753617228052,11:53:48.052,phemex,ACE/USDT:USDT,0.5965,43.0,0.5964,974.0,0.5968,629.0,0.5969,3822.0
1753617228103,11:53:48.103,phemex,ACE/USDT:USDT,0.5965,43.0,0.5964,974.0,0.5967,43.0,0.5968,629.0
1753617228143,11:53:48.143,phemex,ACE/USDT:USDT,0.5965,43.0,0.5964,974.0,0.5968,629.0,0.5969,3822.0
1753617228287,11:53:48.287,phemex,ACE/USDT:USDT,0.5965,43.0,0.5964,974.0,0.5968,629.0,0.5969,3822.0
1753617228808,11:53:48.808,phemex,ACE/USDT:USDT,0.5965,43.0,0.5964,43.0,0.5967,43.0,0.5968,629.0
1753617228829,11:53:48.829,phemex,ACE/USDT:USDT,0.5964,43.0,0.5962,43.0,0.5967,43.0,0.5968,629.0
1753617228883,11:53:48.883,phemex,ACE/USDT:USDT,0.5962,43.0,0.5961,43.0,0.5967,43.0,0.5968,629.0
1753617228921,11:53:48.921,phemex,ACE/USDT:USDT,0.5961,43.0,0.596,2756.0,0.5967,43.0,0.5968,629.0
1753617229047,11:53:49.047,phemex,ACE/USDT:USDT,0.5961,315.0,0.596,2527.0,0.5967,43.0,0.5968,629.0
1753617229054,11:53:49.054,phemex,ACE/USDT:USDT,0.5962,43.0,0.5961,315.0,0.5967,43.0,0.5968,629.0
1753617229230,11:53:49.230,phemex,ACE/USDT:USDT,0.5962,43.0,0.5961,315.0,0.5968,629.0,0.5969,3822.0
1753617229240,11:53:49.240,phemex,ACE/USDT:USDT,0.5962,43.0,0.5961,315.0,0.5968,629.0,0.5969,3822.0
1753617229265,11:53:49.265,phemex,ACE/USDT:USDT,0.5962,43.0,0.5961,315.0,0.5967,43.0,0.5968,629.0
1753617230212,11:53:50.212,phemex,ACE/USDT:USDT,0.5962,43.0,0.5961,315.0,0.5968,629.0,0.5969,3822.0
1753617230329,11:53:50.329,phemex,ACE/USDT:USDT,0.5962,43.0,0.5961,315.0,0.5968,629.0,0.5969,3822.0
1753617230398,11:53:50.398,phemex,ACE/USDT:USDT,0.5962,43.0,0.5961,315.0,0.5967,42.0,0.5968,629.0
1753617231395,11:53:51.395,phemex,ACE/USDT:USDT,0.5961,43.0,0.596,2799.0,0.5967,42.0,0.5968,629.0
1753617232377,11:53:52.377,phemex,ACE/USDT:USDT,0.5961,315.0,0.596,2527.0,0.5967,42.0,0.5968,629.0
1753617232400,11:53:52.400,phemex,ACE/USDT:USDT,0.5962,42.0,0.5961,315.0,0.5967,42.0,0.5968,629.0
1753617233737,11:53:53.737,phemex,ACE/USDT:USDT,0.5962,42.0,0.5961,315.0,0.5967,965.0,0.5968,4161.0
1753617233759,11:53:53.759,phemex,ACE/USDT:USDT,0.5962,42.0,0.5961,315.0,0.5966,42.0,0.5967,965.0
1753617234048,11:53:54.048,phemex,ACE/USDT:USDT,0.5964,42.0,0.5963,1015.0,0.5969,42.0,0.597,329.0
1753617237726,11:53:57.726,phemex,ACE/USDT:USDT,0.5964,42.0,0.5963,1015.0,0.5969,42.0,0.597,42.0
1753617237748,11:53:57.748,phemex,ACE/USDT:USDT,0.5964,42.0,0.5963,1015.0,0.5969,42.0,0.597,42.0
1753617237892,11:53:57.892,phemex,ACE/USDT:USDT,0.5964,42.0,0.5963,1015.0,0.597,42.0,0.5971,2169.0
1753617237914,11:53:57.914,phemex,ACE/USDT:USDT,0.5964,42.0,0.5963,1015.0,0.597,42.0,0.5971,1882.0
1753617237994,11:53:57.994,phemex,ACE/USDT:USDT,0.5964,42.0,0.5963,1015.0,0.5968,42.0,0.597,42.0
1753617238040,11:53:58.040,phemex,ACE/USDT:USDT,0.5964,42.0,0.5963,1015.0,0.597,329.0,0.5971,1882.0
1753617238070,11:53:58.070,phemex,ACE/USDT:USDT,0.5964,42.0,0.5963,1015.0,0.597,42.0,0.5971,1882.0
1753617238091,11:53:58.091,phemex,ACE/USDT:USDT,0.5964,42.0,0.5963,1015.0,0.597,42.0,0.5971,1882.0
1753617240211,11:54:00.211,phemex,ACE/USDT:USDT,0.5965,474.0,0.5964,1446.0,0.5968,872.0,0.5969,2113.0
1753617240240,11:54:00.240,phemex,ACE/USDT:USDT,0.5965,870.0,0.5964,1446.0,0.5967,42.0,0.5968,872.0
1753617240322,11:54:00.322,phemex,ACE/USDT:USDT,0.5964,558.0,0.5963,1991.0,0.5967,42.0,0.5968,914.0
1753617240478,11:54:00.478,phemex,ACE/USDT:USDT,0.5964,516.0,0.5963,1991.0,0.5967,42.0,0.5968,914.0
1753617240496,11:54:00.496,phemex,ACE/USDT:USDT,0.5964,516.0,0.5963,1991.0,0.5967,42.0,0.5968,914.0
1753617242910,11:54:02.910,phemex,ACE/USDT:USDT,0.5965,42.0,0.5964,516.0,0.5967,42.0,0.5968,914.0
1753617242941,11:54:02.941,phemex,ACE/USDT:USDT,0.5964,516.0,0.5963,1991.0,0.5967,42.0,0.5968,914.0
1753617243390,11:54:03.390,phemex,ACE/USDT:USDT,0.5965,42.0,0.5964,516.0,0.5967,42.0,0.5968,914.0
1753617243395,11:54:03.395,phemex,ACE/USDT:USDT,0.5964,516.0,0.5963,1991.0,0.5967,42.0,0.5968,914.0
1753617243858,11:54:03.858,phemex,ACE/USDT:USDT,0.5964,516.0,0.5963,1991.0,0.5967,42.0,0.5968,914.0
1753617245313,11:54:05.313,phemex,ACE/USDT:USDT,0.5964,516.0,0.5963,1991.0,0.5967,1003.0,0.5968,5755.0
1753617245335,11:54:05.335,phemex,ACE/USDT:USDT,0.5963,42.0,0.5962,42.0,0.5967,1003.0,0.5968,5755.0
1753617245385,11:54:05.385,phemex,ACE/USDT:USDT,0.5962,42.0,0.5961,6462.0,0.5966,42.0,0.5967,1003.0
1753617245463,11:54:05.463,phemex,ACE/USDT:USDT,0.5961,6462.0,0.596,43.0,0.5966,42.0,0.5967,1003.0
1753617245470,11:54:05.470,phemex,ACE/USDT:USDT,0.5961,6462.0,0.596,43.0,0.5966,42.0,0.5967,1003.0
1753617245497,11:54:05.497,phemex,ACE/USDT:USDT,0.5961,6419.0,0.596,43.0,0.5966,42.0,0.5967,1003.0
1753617245677,11:54:05.677,phemex,ACE/USDT:USDT,0.5962,42.0,0.5961,6419.0,0.5966,42.0,0.5967,1003.0
1753617246216,11:54:06.216,phemex,ACE/USDT:USDT,0.5962,42.0,0.5961,6419.0,0.5966,42.0,0.5967,1003.0
1753617247309,11:54:07.309,phemex,ACE/USDT:USDT,0.5962,42.0,0.5961,6419.0,0.5966,42.0,0.5967,1003.0
1753617247316,11:54:07.316,phemex,ACE/USDT:USDT,0.5962,42.0,0.5961,6419.0,0.5966,42.0,0.5967,1003.0
1753617247346,11:54:07.346,phemex,ACE/USDT:USDT,0.5961,6419.0,0.5959,43.0,0.5966,42.0,0.5967,1003.0
1753617247420,11:54:07.420,phemex,ACE/USDT:USDT,0.5961,6419.0,0.5959,43.0,0.5966,42.0,0.5967,1003.0
1753617247816,11:54:07.816,phemex,ACE/USDT:USDT,0.5962,42.0,0.5961,6419.0,0.5966,42.0,0.5967,1003.0
1753617247924,11:54:07.924,phemex,ACE/USDT:USDT,0.5961,6419.0,0.5959,43.0,0.5966,42.0,0.5967,1003.0
1753617247993,11:54:07.993,phemex,ACE/USDT:USDT,0.5961,272.0,0.596,3212.0,0.5966,42.0,0.5967,1003.0
1753617248053,11:54:08.053,phemex,ACE/USDT:USDT,0.596,3212.0,0.5959,4204.0,0.5966,42.0,0.5967,1003.0
1753617248097,11:54:08.097,phemex,ACE/USDT:USDT,0.596,3212.0,0.5959,4204.0,0.5966,42.0,0.5967,1003.0
1753617248147,11:54:08.147,phemex,ACE/USDT:USDT,0.596,3212.0,0.5959,4204.0,0.5966,42.0,0.5967,1003.0
1753617248152,11:54:08.152,phemex,ACE/USDT:USDT,0.596,567.0,0.5959,2131.0,0.5966,42.0,0.5967,1003.0
1753617251292,11:54:11.292,phemex,ACE/USDT:USDT,0.596,567.0,0.5959,2131.0,0.5966,42.0,0.5967,1003.0
1753617251594,11:54:11.594,phemex,ACE/USDT:USDT,0.596,567.0,0.5959,2131.0,0.5964,1236.0,0.5965,4599.0
1753617251606,11:54:11.606,phemex,ACE/USDT:USDT,0.596,567.0,0.5959,2131.0,0.5963,42.0,0.5964,1236.0
1753617251653,11:54:11.653,phemex,ACE/USDT:USDT,0.596,567.0,0.5959,2131.0,0.5963,42.0,0.5964,1278.0
1753617251955,11:54:11.955,phemex,ACE/USDT:USDT,0.5961,42.0,0.596,567.0,0.5963,42.0,0.5964,1278.0
1753617251989,11:54:11.989,phemex,ACE/USDT:USDT,0.596,567.0,0.5959,2131.0,0.5963,42.0,0.5964,1278.0
1753617255249,11:54:15.249,phemex,ACE/USDT:USDT,0.5961,42.0,0.596,567.0,0.5963,42.0,0.5964,1278.0
1753617255275,11:54:15.275,phemex,ACE/USDT:USDT,0.5961,42.0,0.596,567.0,0.5963,42.0,0.5964,1278.0
1753617255304,11:54:15.304,phemex,ACE/USDT:USDT,0.5961,42.0,0.596,609.0,0.5963,42.0,0.5964,1278.0
1753617255675,11:54:15.675,phemex,ACE/USDT:USDT,0.5961,1079.0,0.596,4043.0,0.5964,1278.0,0.5965,4599.0
1753617255698,11:54:15.698,phemex,ACE/USDT:USDT,0.5962,42.0,0.5961,1079.0,0.5964,1278.0,0.5965,4599.0
1753617255761,11:54:15.761,phemex,ACE/USDT:USDT,0.5962,42.0,0.5961,42.0,0.5964,1278.0,0.5965,4599.0
1753617255779,11:54:15.779,phemex,ACE/USDT:USDT,0.5961,42.0,0.596,382.0,0.5963,42.0,0.5964,1278.0
1753617255943,11:54:15.943,phemex,ACE/USDT:USDT,0.596,382.0,0.5959,1721.0,0.5963,42.0,0.5964,1278.0
1753617255962,11:54:15.962,phemex,ACE/USDT:USDT,0.596,382.0,0.5959,1449.0,0.5963,42.0,0.5964,1278.0
1753617260427,11:54:20.427,phemex,ACE/USDT:USDT,0.596,382.0,0.5959,1449.0,0.5963,1007.0,0.5964,4378.0
1753617260453,11:54:20.453,phemex,ACE/USDT:USDT,0.596,42.0,0.5959,653.0,0.5962,43.0,0.5963,1007.0
1753617260458,11:54:20.458,phemex,ACE/USDT:USDT,0.5959,43.0,0.5958,667.0,0.5962,43.0,0.5963,1007.0
1753617260488,11:54:20.488,phemex,ACE/USDT:USDT,0.5959,43.0,0.5958,667.0,0.5962,43.0,0.5963,1007.0
1753617260488,11:54:20.488,phemex,ACE/USDT:USDT,0.5959,43.0,0.5958,667.0,0.5962,43.0,0.5963,1007.0
1753617263221,11:54:23.221,phemex,ACE/USDT:USDT,0.5959,43.0,0.5958,667.0,0.5962,43.0,0.5963,1007.0
1753617266296,11:54:26.296,phemex,ACE/USDT:USDT,0.5959,43.0,0.5958,667.0,0.5962,43.0,0.5963,1007.0
1753617267634,11:54:27.634,phemex,ACE/USDT:USDT,0.5959,43.0,0.5958,667.0,0.5962,43.0,0.5963,1007.0
1753617267891,11:54:27.891,phemex,ACE/USDT:USDT,0.5959,1170.0,0.5958,6122.0,0.5962,43.0,0.5963,1007.0
1753617269891,11:54:29.891,phemex,ACE/USDT:USDT,0.5959,1127.0,0.5958,6122.0,0.5962,43.0,0.5963,1007.0
1753617270452,11:54:30.452,phemex,ACE/USDT:USDT,0.5959,1127.0,0.5958,6079.0,0.5962,43.0,0.5963,1007.0
1753617274632,11:54:34.632,phemex,ACE/USDT:USDT,0.5959,675.0,0.5958,6079.0,0.5962,43.0,0.5963,1007.0
1753617277855,11:54:37.855,phemex,ACE/USDT:USDT,0.5959,675.0,0.5958,6079.0,0.5962,881.0,0.5963,4137.0
1753617277880,11:54:37.880,phemex,ACE/USDT:USDT,0.5959,675.0,0.5958,6079.0,0.5961,43.0,0.5962,881.0
1753617278120,11:54:38.120,phemex,ACE/USDT:USDT,0.5957,605.0,0.5956,2063.0,0.5961,43.0,0.5962,881.0
1753617278145,11:54:38.145,phemex,ACE/USDT:USDT,0.5957,562.0,0.5956,1791.0,0.5961,43.0,0.5962,881.0
1753617278149,11:54:38.149,phemex,ACE/USDT:USDT,0.5957,562.0,0.5956,1791.0,0.5961,43.0,0.5962,881.0
1753617279330,11:54:39.330,phemex,ACE/USDT:USDT,0.5958,43.0,0.5957,562.0,0.5961,43.0,0.5962,881.0
1753617279371,11:54:39.371,phemex,ACE/USDT:USDT,0.5958,43.0,0.5957,605.0,0.5961,43.0,0.5962,881.0
1753617279675,11:54:39.675,phemex,ACE/USDT:USDT,0.5957,605.0,0.5956,1791.0,0.5961,43.0,0.5962,881.0
1753617279836,11:54:39.836,phemex,ACE/USDT:USDT,0.5958,42.0,0.5957,605.0,0.5961,43.0,0.5962,881.0
1753617279914,11:54:39.914,phemex,ACE/USDT:USDT,0.5957,605.0,0.5956,1791.0,0.5961,43.0,0.5962,881.0
1753617281290,11:54:41.290,phemex,ACE/USDT:USDT,0.5957,605.0,0.5956,1791.0,0.5961,43.0,0.5962,881.0
1753617281294,11:54:41.294,phemex,ACE/USDT:USDT,0.5957,605.0,0.5956,2063.0,0.5961,43.0,0.5962,881.0
1753617282520,11:54:42.520,phemex,ACE/USDT:USDT,0.5957,562.0,0.5956,1791.0,0.5961,43.0,0.5962,881.0
1753617282531,11:54:42.531,phemex,ACE/USDT:USDT,0.5956,391.0,0.5955,3117.0,0.5961,43.0,0.5962,881.0
1753617284109,11:54:44.109,phemex,ACE/USDT:USDT,0.5956,391.0,0.5955,3117.0,0.5959,983.0,0.596,3491.0
1753617284121,11:54:44.121,phemex,ACE/USDT:USDT,0.5956,391.0,0.5955,3117.0,0.5958,42.0,0.5959,983.0
1753617284153,11:54:44.153,phemex,ACE/USDT:USDT,0.5956,391.0,0.5955,3117.0,0.5958,42.0,0.5959,983.0
1753617284834,11:54:44.834,phemex,ACE/USDT:USDT,0.5956,348.0,0.5955,3074.0,0.5958,42.0,0.5959,1025.0
1753617284860,11:54:44.860,phemex,ACE/USDT:USDT,0.5954,43.0,0.5953,43.0,0.5958,42.0,0.5959,1025.0
1753617284873,11:54:44.873,phemex,ACE/USDT:USDT,0.5953,43.0,0.5952,43.0,0.5958,42.0,0.5959,1025.0
1753617284887,11:54:44.887,phemex,ACE/USDT:USDT,0.5952,43.0,0.5951,4237.0,0.5958,42.0,0.5959,1025.0
1753617284899,11:54:44.899,phemex,ACE/USDT:USDT,0.5952,43.0,0.5951,4237.0,0.5958,42.0,0.5959,1025.0
1753617285981,11:54:45.981,phemex,ACE/USDT:USDT,0.5952,43.0,0.5951,4237.0,0.5958,42.0,0.5959,1025.0
1753617288772,11:54:48.772,phemex,ACE/USDT:USDT,0.5952,43.0,0.5951,4237.0,0.5958,42.0,0.5959,1025.0
1753617290324,11:54:50.324,phemex,ACE/USDT:USDT,0.5954,1071.0,0.5953,2045.0,0.5958,409.0,0.5959,3774.0
1753617290325,11:54:50.325,phemex,ACE/USDT:USDT,0.5954,1071.0,0.5953,2045.0,0.5959,42.0,0.596,5899.0
1753617290409,11:54:50.409,phemex,ACE/USDT:USDT,0.5955,42.0,0.5954,1113.0,0.5959,42.0,0.596,5899.0
1753617290482,11:54:50.482,phemex,ACE/USDT:USDT,0.5955,42.0,0.5954,1113.0,0.5959,42.0,0.596,5899.0
1753617290483,11:54:50.483,phemex,ACE/USDT:USDT,0.5955,42.0,0.5954,1113.0,0.5959,42.0,0.596,5899.0
1753617290740,11:54:50.740,phemex,ACE/USDT:USDT,0.5955,42.0,0.5954,1113.0,0.5959,42.0,0.596,5899.0
1753617290962,11:54:50.962,phemex,ACE/USDT:USDT,0.5955,42.0,0.5954,1113.0,0.5959,42.0,0.596,5899.0
1753617296293,11:54:56.293,phemex,ACE/USDT:USDT,0.5955,42.0,0.5954,1113.0,0.5959,42.0,0.596,5899.0
1753617296305,11:54:56.305,phemex,ACE/USDT:USDT,0.5955,42.0,0.5954,1113.0,0.5959,42.0,0.596,5899.0
1753617296333,11:54:56.333,phemex,ACE/USDT:USDT,0.5955,42.0,0.5954,1113.0,0.5959,42.0,0.596,5899.0
1753617296348,11:54:56.348,phemex,ACE/USDT:USDT,0.5955,42.0,0.5954,1113.0,0.5957,1016.0,0.5958,2072.0
1753617298996,11:54:58.996,phemex,ACE/USDT:USDT,0.5955,42.0,0.5954,1113.0,0.5958,595.0,0.5959,4307.0
1753617299010,11:54:59.010,phemex,ACE/USDT:USDT,0.5955,42.0,0.5954,1113.0,0.5957,42.0,0.5958,595.0
1753617299557,11:54:59.557,phemex,ACE/USDT:USDT,0.5955,42.0,0.5954,1113.0,0.5957,42.0,0.5958,637.0
1753617300433,11:55:00.433,phemex,ACE/USDT:USDT,0.5954,1113.0,0.5953,2045.0,0.5957,42.0,0.5958,637.0
1753617300433,11:55:00.433,phemex,ACE/USDT:USDT,0.5954,1113.0,0.5953,2045.0,0.5957,42.0,0.5958,637.0
1753617300505,11:55:00.505,phemex,ACE/USDT:USDT,0.5955,42.0,0.5954,1113.0,0.5957,42.0,0.5958,637.0
1753617300855,11:55:00.855,phemex,ACE/USDT:USDT,0.5954,1113.0,0.5953,2045.0,0.5957,42.0,0.5958,637.0
1753617301110,11:55:01.110,phemex,ACE/USDT:USDT,0.5954,1071.0,0.5953,2045.0,0.5957,42.0,0.5958,637.0
1753617301249,11:55:01.249,phemex,ACE/USDT:USDT,0.5955,42.0,0.5954,1071.0,0.5957,42.0,0.5958,637.0
1753617301591,11:55:01.591,phemex,ACE/USDT:USDT,0.5954,1071.0,0.5953,2045.0,0.5957,42.0,0.5958,637.0
1753617302897,11:55:02.897,phemex,ACE/USDT:USDT,0.5954,921.0,0.5953,2045.0,0.5957,42.0,0.5958,637.0
1753617304643,11:55:04.643,phemex,ACE/USDT:USDT,0.5954,921.0,0.5953,2045.0,0.5957,912.0,0.5958,6151.0
1753617304808,11:55:04.808,phemex,ACE/USDT:USDT,0.5954,921.0,0.5953,2045.0,0.5956,42.0,0.5957,912.0
1753617307169,11:55:07.169,phemex,ACE/USDT:USDT,0.5954,921.0,0.5953,2045.0,0.5956,42.0,0.5957,912.0
1753617307172,11:55:07.172,phemex,ACE/USDT:USDT,0.5954,921.0,0.5953,2045.0,0.5956,42.0,0.5957,912.0
1753617308136,11:55:08.136,phemex,ACE/USDT:USDT,0.5951,43.0,0.595,2273.0,0.5956,42.0,0.5957,912.0
1753617308161,11:55:08.161,phemex,ACE/USDT:USDT,0.595,2273.0,0.5949,2391.0,0.5956,42.0,0.5957,912.0
1753617308176,11:55:08.176,phemex,ACE/USDT:USDT,0.595,2273.0,0.5949,2391.0,0.5956,42.0,0.5957,912.0
1753617308205,11:55:08.205,phemex,ACE/USDT:USDT,0.5951,42.0,0.595,2273.0,0.5956,42.0,0.5957,912.0
1753617308234,11:55:08.234,phemex,ACE/USDT:USDT,0.595,2273.0,0.5949,2391.0,0.5956,42.0,0.5957,912.0
1753617308846,11:55:08.846,phemex,ACE/USDT:USDT,0.595,575.0,0.5949,4426.0,0.5956,42.0,0.5957,912.0
1753617308864,11:55:08.864,phemex,ACE/USDT:USDT,0.5951,42.0,0.595,575.0,0.5956,42.0,0.5957,912.0
1753617309953,11:55:09.953,phemex,ACE/USDT:USDT,0.5951,42.0,0.595,575.0,0.5954,913.0,0.5956,8396.0
1753617309987,11:55:09.987,phemex,ACE/USDT:USDT,0.5951,42.0,0.595,575.0,0.5953,42.0,0.5954,913.0
1753617310456,11:55:10.456,phemex,ACE/USDT:USDT,0.5951,42.0,0.595,575.0,0.5953,42.0,0.5955,1082.0
1753617310476,11:55:10.476,phemex,ACE/USDT:USDT,0.5951,42.0,0.595,575.0,0.5955,1082.0,0.5956,42.0
1753617310492,11:55:10.492,phemex,ACE/USDT:USDT,0.5951,42.0,0.595,575.0,0.5954,42.0,0.5955,1082.0
1753617311156,11:55:11.156,phemex,ACE/USDT:USDT,0.5951,42.0,0.595,575.0,0.5954,42.0,0.5955,1082.0
1753617313159,11:55:13.159,phemex,ACE/USDT:USDT,0.5951,42.0,0.595,575.0,0.5954,42.0,0.5955,1082.0
1753617313161,11:55:13.161,phemex,ACE/USDT:USDT,0.5951,42.0,0.595,575.0,0.5954,42.0,0.5955,1082.0
1753617313853,11:55:13.853,phemex,ACE/USDT:USDT,0.5951,924.0,0.595,3920.0,0.5954,42.0,0.5955,1082.0
1753617314023,11:55:14.023,phemex,ACE/USDT:USDT,0.5951,924.0,0.595,3920.0,0.5954,42.0,0.5955,1082.0
1753617314057,11:55:14.057,phemex,ACE/USDT:USDT,0.5951,924.0,0.595,3920.0,0.5954,42.0,0.5955,1082.0
1753617314324,11:55:14.324,phemex,ACE/USDT:USDT,0.5951,42.0,0.595,43.0,0.5954,42.0,0.5955,1082.0
1753617314342,11:55:14.342,phemex,ACE/USDT:USDT,0.595,43.0,0.5949,4426.0,0.5954,42.0,0.5955,1082.0
1753617314363,11:55:14.363,phemex,ACE/USDT:USDT,0.595,43.0,0.5949,43.0,0.5954,42.0,0.5955,1082.0
1753617314385,11:55:14.385,phemex,ACE/USDT:USDT,0.5949,43.0,0.5948,6119.0,0.5954,42.0,0.5955,1082.0
1753617314403,11:55:14.403,phemex,ACE/USDT:USDT,0.5949,43.0,0.5948,5847.0,0.5954,42.0,0.5955,1082.0
1753617315735,11:55:15.735,phemex,ACE/USDT:USDT,0.5949,43.0,0.5948,5847.0,0.5954,925.0,0.5955,4251.0
1753617315750,11:55:15.750,phemex,ACE/USDT:USDT,0.5949,43.0,0.5948,5847.0,0.5953,42.0,0.5954,925.0
1753617315772,11:55:15.772,phemex,ACE/USDT:USDT,0.5949,43.0,0.5948,5847.0,0.5953,42.0,0.5954,925.0
1753617319544,11:55:19.544,phemex,ACE/USDT:USDT,0.5951,957.0,0.595,3588.0,0.5953,42.0,0.5954,925.0
1753617319574,11:55:19.574,phemex,ACE/USDT:USDT,0.5951,957.0,0.595,3588.0,0.5953,42.0,0.5954,925.0
1753617320149,11:55:20.149,phemex,ACE/USDT:USDT,0.5951,566.0,0.595,2055.0,0.5953,42.0,0.5954,925.0
1753617320858,11:55:20.858,phemex,ACE/USDT:USDT,0.5951,566.0,0.595,2055.0,0.5953,996.0,0.5954,3303.0
1753617321197,11:55:21.197,phemex,ACE/USDT:USDT,0.5951,566.0,0.595,2055.0,0.5952,43.0,0.5953,996.0
1753617322234,11:55:22.234,phemex,ACE/USDT:USDT,0.5949,2252.0,0.5948,2024.0,0.5952,43.0,0.5953,996.0
1753617322654,11:55:22.654,phemex,ACE/USDT:USDT,0.595,43.0,0.5949,2252.0,0.5952,43.0,0.5953,996.0
1753617322707,11:55:22.707,phemex,ACE/USDT:USDT,0.5949,2252.0,0.5948,2024.0,0.5952,43.0,0.5953,996.0
1753617323217,11:55:23.217,phemex,ACE/USDT:USDT,0.595,43.0,0.5949,2252.0,0.5952,43.0,0.5953,996.0
1753617323759,11:55:23.759,phemex,ACE/USDT:USDT,0.595,43.0,0.5949,2252.0,0.5953,996.0,0.5954,3303.0
1753617324270,11:55:24.270,phemex,ACE/USDT:USDT,0.595,43.0,0.5949,2252.0,0.5953,996.0,0.5954,3303.0
1753617324271,11:55:24.271,phemex,ACE/USDT:USDT,0.595,43.0,0.5949,2252.0,0.5953,954.0,0.5954,3303.0
1753617324330,11:55:24.330,phemex,ACE/USDT:USDT,0.595,43.0,0.5949,2252.0,0.5953,954.0,0.5954,3303.0
1753617324365,11:55:24.365,phemex,ACE/USDT:USDT,0.595,43.0,0.5949,2252.0,0.5954,42.0,0.5955,4251.0
1753617324373,11:55:24.373,phemex,ACE/USDT:USDT,0.595,43.0,0.5949,2252.0,0.5955,4251.0,0.5956,3902.0
1753617324401,11:55:24.401,phemex,ACE/USDT:USDT,0.595,43.0,0.5949,2252.0,0.5955,4251.0,0.5956,3902.0
1753617324455,11:55:24.455,phemex,ACE/USDT:USDT,0.595,43.0,0.5949,2252.0,0.5954,43.0,0.5955,42.0
1753617324582,11:55:24.582,phemex,ACE/USDT:USDT,0.595,43.0,0.5949,2252.0,0.5955,42.0,0.5956,8383.0
1753617324975,11:55:24.975,phemex,ACE/USDT:USDT,0.595,43.0,0.5949,2252.0,0.5955,42.0,0.5956,8383.0
1753617325064,11:55:25.064,phemex,ACE/USDT:USDT,0.595,43.0,0.5949,2295.0,0.5955,42.0,0.5956,8383.0
1753617327997,11:55:27.997,phemex,ACE/USDT:USDT,0.5952,582.0,0.5951,555.0,0.5955,42.0,0.5956,8383.0
1753617328003,11:55:28.003,phemex,ACE/USDT:USDT,0.5952,582.0,0.5951,555.0,0.5955,42.0,0.5956,8383.0
1753617328010,11:55:28.010,phemex,ACE/USDT:USDT,0.5952,582.0,0.5951,598.0,0.5955,42.0,0.5956,8383.0
1753617329885,11:55:29.885,phemex,ACE/USDT:USDT,0.5951,558.0,0.595,43.0,0.5954,917.0,0.5955,42.0
1753617329900,11:55:29.900,phemex,ACE/USDT:USDT,0.5951,558.0,0.595,43.0,0.5953,43.0,0.5954,917.0
1753617329912,11:55:29.912,phemex,ACE/USDT:USDT,0.5951,558.0,0.595,43.0,0.5953,43.0,0.5954,917.0
1753617329930,11:55:29.930,phemex,ACE/USDT:USDT,0.5951,558.0,0.595,43.0,0.5953,43.0,0.5954,917.0
1753617329972,11:55:29.972,phemex,ACE/USDT:USDT,0.5951,558.0,0.595,43.0,0.5953,43.0,0.5954,917.0
1753617330058,11:55:30.058,phemex,ACE/USDT:USDT,0.5951,558.0,0.595,43.0,0.5953,43.0,0.5954,917.0
1753617330094,11:55:30.094,phemex,ACE/USDT:USDT,0.5951,558.0,0.595,43.0,0.5954,917.0,0.5956,42.0
1753617330117,11:55:30.117,phemex,ACE/USDT:USDT,0.5951,558.0,0.595,43.0,0.5954,917.0,0.5956,42.0
1753617330131,11:55:30.131,phemex,ACE/USDT:USDT,0.5952,43.0,0.5951,558.0,0.5954,917.0,0.5956,42.0
1753617330200,11:55:30.200,phemex,ACE/USDT:USDT,0.5951,558.0,0.595,43.0,0.5954,917.0,0.5956,42.0
1753617330295,11:55:30.295,phemex,ACE/USDT:USDT,0.5951,558.0,0.595,43.0,0.5953,43.0,0.5954,917.0
1753617330840,11:55:30.840,phemex,ACE/USDT:USDT,0.5951,515.0,0.595,43.0,0.5953,43.0,0.5954,917.0
1753617331276,11:55:31.276,phemex,ACE/USDT:USDT,0.5951,515.0,0.595,43.0,0.5953,43.0,0.5954,545.0
1753617331277,11:55:31.277,phemex,ACE/USDT:USDT,0.5951,515.0,0.595,43.0,0.5953,43.0,0.5955,857.0
1753617331308,11:55:31.308,phemex,ACE/USDT:USDT,0.5951,515.0,0.595,43.0,0.5953,43.0,0.5955,900.0
1753617331925,11:55:31.925,phemex,ACE/USDT:USDT,0.5951,515.0,0.595,43.0,0.5955,900.0,0.5956,3022.0
1753617331956,11:55:31.956,phemex,ACE/USDT:USDT,0.5952,43.0,0.5951,515.0,0.5955,900.0,0.5956,3022.0
1753617331965,11:55:31.965,phemex,ACE/USDT:USDT,0.5952,43.0,0.5951,515.0,0.5954,43.0,0.5955,900.0
1753617333068,11:55:33.068,phemex,ACE/USDT:USDT,0.5951,515.0,0.595,43.0,0.5954,43.0,0.5955,900.0
1753617335204,11:55:35.204,phemex,ACE/USDT:USDT,0.5951,892.0,0.595,43.0,0.5954,43.0,0.5955,900.0
1753617335295,11:55:35.295,phemex,ACE/USDT:USDT,0.5952,534.0,0.5951,2432.0,0.5954,43.0,0.5955,900.0
1753617336477,11:55:36.477,phemex,ACE/USDT:USDT,0.5952,534.0,0.5951,2432.0,0.5954,974.0,0.5955,2944.0
1753617336986,11:55:36.986,phemex,ACE/USDT:USDT,0.5951,43.0,0.595,2171.0,0.5953,43.0,0.5954,974.0
1753617339765,11:55:39.765,phemex,ACE/USDT:USDT,0.595,2171.0,0.5949,2295.0,0.5953,43.0,0.5954,974.0
1753617339888,11:55:39.888,phemex,ACE/USDT:USDT,0.5951,43.0,0.595,2171.0,0.5953,43.0,0.5954,974.0
1753617340200,11:55:40.200,phemex,ACE/USDT:USDT,0.5951,43.0,0.595,2171.0,0.5953,43.0,0.5954,43.0
1753617340202,11:55:40.202,phemex,ACE/USDT:USDT,0.5951,43.0,0.595,2171.0,0.5954,43.0,0.5955,43.0
1753617340229,11:55:40.229,phemex,ACE/USDT:USDT,0.5951,43.0,0.595,2171.0,0.5955,43.0,0.5956,5377.0
1753617340247,11:55:40.247,phemex,ACE/USDT:USDT,0.5951,43.0,0.595,2171.0,0.5955,43.0,0.5956,5377.0
1753617340252,11:55:40.252,phemex,ACE/USDT:USDT,0.5951,43.0,0.595,2171.0,0.5955,43.0,0.5956,5377.0
1753617341736,11:55:41.736,phemex,ACE/USDT:USDT,0.595,2171.0,0.5949,2295.0,0.5955,43.0,0.5956,5377.0
1753617341771,11:55:41.771,phemex,ACE/USDT:USDT,0.595,606.0,0.5949,2295.0,0.5955,43.0,0.5956,5377.0
1753617341776,11:55:41.776,phemex,ACE/USDT:USDT,0.595,606.0,0.5949,2295.0,0.5955,43.0,0.5956,5377.0
1753617342615,11:55:42.615,phemex,ACE/USDT:USDT,0.595,563.0,0.5949,2295.0,0.5955,43.0,0.5956,5377.0
1753617342929,11:55:42.929,phemex,ACE/USDT:USDT,0.5951,512.0,0.595,3635.0,0.5955,43.0,0.5956,5377.0
1753617343397,11:55:43.397,phemex,ACE/USDT:USDT,0.5951,469.0,0.595,3635.0,0.5955,43.0,0.5956,5377.0
1753617344852,11:55:44.852,phemex,ACE/USDT:USDT,0.5952,43.0,0.5951,469.0,0.5955,43.0,0.5956,5377.0
1753617344874,11:55:44.874,phemex,ACE/USDT:USDT,0.5951,469.0,0.595,3635.0,0.5955,43.0,0.5956,5377.0
1753617344990,11:55:44.990,phemex,ACE/USDT:USDT,0.5952,43.0,0.5951,469.0,0.5955,43.0,0.5956,5377.0
1753617345160,11:55:45.160,phemex,ACE/USDT:USDT,0.5952,43.0,0.5951,469.0,0.5955,43.0,0.5956,5377.0
1753617345224,11:55:45.224,phemex,ACE/USDT:USDT,0.5952,43.0,0.5951,469.0,0.5955,764.0,0.5956,1637.0
1753617345227,11:55:45.227,phemex,ACE/USDT:USDT,0.5952,43.0,0.5951,512.0,0.5955,764.0,0.5956,1637.0
1753617345282,11:55:45.282,phemex,ACE/USDT:USDT,0.5952,43.0,0.5951,512.0,0.5954,43.0,0.5955,764.0
1753617346575,11:55:46.575,phemex,ACE/USDT:USDT,0.5952,43.0,0.5951,512.0,0.5955,764.0,0.5956,1637.0
1753617346613,11:55:46.613,phemex,ACE/USDT:USDT,0.5952,43.0,0.5951,512.0,0.5955,764.0,0.5956,1637.0
1753617346635,11:55:46.635,phemex,ACE/USDT:USDT,0.5952,43.0,0.5951,512.0,0.5954,43.0,0.5955,764.0
1753617346730,11:55:46.730,phemex,ACE/USDT:USDT,0.5952,43.0,0.5951,512.0,0.5955,764.0,0.5956,1637.0
1753617346824,11:55:46.824,phemex,ACE/USDT:USDT,0.5952,43.0,0.5951,512.0,0.5955,764.0,0.5956,1637.0
1753617346947,11:55:46.947,phemex,ACE/USDT:USDT,0.5952,43.0,0.5951,512.0,0.5954,43.0,0.5955,764.0
1753617347211,11:55:47.211,phemex,ACE/USDT:USDT,0.5952,43.0,0.5951,512.0,0.5955,764.0,0.5956,1637.0
1753617347244,11:55:47.244,phemex,ACE/USDT:USDT,0.5952,43.0,0.5951,512.0,0.5955,764.0,0.5956,1637.0
1753617347450,11:55:47.450,phemex,ACE/USDT:USDT,0.5952,43.0,0.5951,512.0,0.5955,721.0,0.5956,1637.0
1753617347514,11:55:47.514,phemex,ACE/USDT:USDT,0.5953,456.0,0.5952,43.0,0.5956,42.0,0.5957,2446.0
1753617347526,11:55:47.526,phemex,ACE/USDT:USDT,0.5952,43.0,0.5951,512.0,0.5956,42.0,0.5957,42.0
1753617347554,11:55:47.554,phemex,ACE/USDT:USDT,0.5954,43.0,0.5952,43.0,0.5959,42.0,0.596,481.0
1753617347609,11:55:47.609,phemex,ACE/USDT:USDT,0.5952,43.0,0.5951,512.0,0.596,43.0,0.5961,43.0
1753617347687,11:55:47.687,phemex,ACE/USDT:USDT,0.5954,43.0,0.5953,335.0,0.5961,43.0,0.5962,43.0
1753617347900,11:55:47.900,phemex,ACE/USDT:USDT,0.5954,43.0,0.5953,335.0,0.5962,43.0,0.5963,2550.0
1753617347994,11:55:47.994,phemex,ACE/USDT:USDT,0.5954,43.0,0.5953,335.0,0.5959,43.0,0.5962,43.0
1753617348233,11:55:48.233,phemex,ACE/USDT:USDT,0.5954,43.0,0.5953,335.0,0.5962,43.0,0.5963,2550.0
1753617348274,11:55:48.274,phemex,ACE/USDT:USDT,0.5954,43.0,0.5953,335.0,0.5959,43.0,0.5962,43.0
1753617348341,11:55:48.341,phemex,ACE/USDT:USDT,0.5957,375.0,0.5956,2248.0,0.5959,43.0,0.5962,43.0
1753617348391,11:55:48.391,phemex,ACE/USDT:USDT,0.5957,375.0,0.5956,2248.0,0.5962,43.0,0.5963,2550.0
1753617348494,11:55:48.494,phemex,ACE/USDT:USDT,0.5958,43.0,0.5957,418.0,0.5962,43.0,0.5963,2550.0
1753617349185,11:55:49.185,phemex,ACE/USDT:USDT,0.5958,43.0,0.5957,418.0,0.5962,43.0,0.5963,2550.0
1753617349236,11:55:49.236,phemex,ACE/USDT:USDT,0.5958,43.0,0.5957,418.0,0.5962,43.0,0.5963,2550.0
1753617350151,11:55:50.151,phemex,ACE/USDT:USDT,0.5958,43.0,0.5957,418.0,0.5962,43.0,0.5963,2550.0
1753617350573,11:55:50.573,phemex,ACE/USDT:USDT,0.5957,418.0,0.5956,2248.0,0.5962,43.0,0.5963,2550.0
1753617350825,11:55:50.825,phemex,ACE/USDT:USDT,0.5958,42.0,0.5957,418.0,0.5962,43.0,0.5963,2550.0
1753617351116,11:55:51.116,phemex,ACE/USDT:USDT,0.5957,418.0,0.5956,2248.0,0.5962,43.0,0.5963,2550.0
1753617351323,11:55:51.323,phemex,ACE/USDT:USDT,0.5958,42.0,0.5957,418.0,0.5962,43.0,0.5963,2550.0
1753617351466,11:55:51.466,phemex,ACE/USDT:USDT,0.5957,418.0,0.5956,2248.0,0.5962,43.0,0.5963,2550.0
1753617353295,11:55:53.295,phemex,ACE/USDT:USDT,0.5957,418.0,0.5956,2248.0,0.5962,43.0,0.5963,2550.0
1753617353973,11:55:53.973,phemex,ACE/USDT:USDT,0.5957,920.0,0.5956,2248.0,0.5959,42.0,0.596,873.0
1753617354506,11:55:54.506,phemex,ACE/USDT:USDT,0.5957,545.0,0.5956,2248.0,0.5959,42.0,0.596,873.0
1753617354553,11:55:54.553,phemex,ACE/USDT:USDT,0.5957,545.0,0.5956,2248.0,0.5959,42.0,0.596,915.0
1753617354756,11:55:54.756,phemex,ACE/USDT:USDT,0.5957,545.0,0.5956,2248.0,0.5959,42.0,0.596,915.0
1753617354775,11:55:54.775,phemex,ACE/USDT:USDT,0.5957,545.0,0.5956,2248.0,0.5959,42.0,0.596,915.0
1753617356078,11:55:56.078,phemex,ACE/USDT:USDT,0.5957,502.0,0.5956,2248.0,0.5959,42.0,0.596,915.0
1753617356083,11:55:56.083,phemex,ACE/USDT:USDT,0.5957,502.0,0.5956,2248.0,0.5959,42.0,0.596,915.0
1753617356592,11:55:56.592,phemex,ACE/USDT:USDT,0.5956,472.0,0.5955,2471.0,0.5959,42.0,0.596,915.0
1753617356619,11:55:56.619,phemex,ACE/USDT:USDT,0.5956,472.0,0.5955,2471.0,0.5959,42.0,0.596,915.0
1753617356634,11:55:56.634,phemex,ACE/USDT:USDT,0.5954,43.0,0.5953,1702.0,0.5959,42.0,0.596,42.0
1753617356659,11:55:56.659,phemex,ACE/USDT:USDT,0.5954,43.0,0.5953,1702.0,0.596,42.0,0.5962,4868.0
1753617356680,11:55:56.680,phemex,ACE/USDT:USDT,0.5954,43.0,0.5953,553.0,0.596,42.0,0.5962,4868.0
1753617356717,11:55:56.717,phemex,ACE/USDT:USDT,0.5953,553.0,0.5952,5388.0,0.596,42.0,0.5962,4868.0
1753617356744,11:55:56.744,phemex,ACE/USDT:USDT,0.5953,553.0,0.5952,1549.0,0.596,42.0,0.5962,4868.0
1753617356745,11:55:56.745,phemex,ACE/USDT:USDT,0.5951,43.0,0.5949,3722.0,0.596,42.0,0.5962,4868.0
1753617356772,11:55:56.772,phemex,ACE/USDT:USDT,0.5951,43.0,0.5949,3722.0,0.596,42.0,0.5962,4868.0
1753617356792,11:55:56.792,phemex,ACE/USDT:USDT,0.5951,43.0,0.5949,3722.0,0.596,42.0,0.5962,4868.0
1753617356823,11:55:56.823,phemex,ACE/USDT:USDT,0.5951,43.0,0.5949,3722.0,0.596,42.0,0.5962,4910.0
1753617356915,11:55:56.915,phemex,ACE/USDT:USDT,0.5949,3722.0,0.5948,4093.0,0.596,42.0,0.5962,4910.0
1753617357526,11:55:57.526,phemex,ACE/USDT:USDT,0.5949,3722.0,0.5948,4093.0,0.5956,42.0,0.5957,335.0
1753617357970,11:55:57.970,phemex,ACE/USDT:USDT,0.5949,43.0,0.5948,4093.0,0.5956,42.0,0.5957,335.0
1753617357982,11:55:57.982,phemex,ACE/USDT:USDT,0.5949,43.0,0.5948,4093.0,0.5956,42.0,0.5957,335.0
1753617358851,11:55:58.851,phemex,ACE/USDT:USDT,0.5949,43.0,0.5948,2388.0,0.5956,42.0,0.5957,335.0
1753617360651,11:56:00.651,phemex,ACE/USDT:USDT,0.5948,2388.0,0.5947,2143.0,0.5956,42.0,0.5957,335.0
1753617364361,11:56:04.361,phemex,ACE/USDT:USDT,0.5949,604.0,0.5948,4445.0,0.5952,855.0,0.5953,4280.0
1753617364398,11:56:04.398,phemex,ACE/USDT:USDT,0.5949,604.0,0.5948,4445.0,0.5951,42.0,0.5952,855.0
1753617364402,11:56:04.402,phemex,ACE/USDT:USDT,0.5949,604.0,0.5948,4445.0,0.5951,42.0,0.5952,855.0
1753617364504,11:56:04.504,phemex,ACE/USDT:USDT,0.5949,604.0,0.5948,4445.0,0.5951,42.0,0.5952,897.0
1753617371038,11:56:11.038,phemex,ACE/USDT:USDT,0.5949,604.0,0.5948,4445.0,0.5952,897.0,0.5953,4280.0
1753617371075,11:56:11.075,phemex,ACE/USDT:USDT,0.5948,4445.0,0.5947,2143.0,0.5952,897.0,0.5953,4280.0
1753617371106,11:56:11.106,phemex,ACE/USDT:USDT,0.5948,4445.0,0.5947,2143.0,0.5951,43.0,0.5952,897.0
1753617373065,11:56:13.065,phemex,ACE/USDT:USDT,0.5949,415.0,0.5948,631.0,0.5951,1018.0,0.5952,6353.0
1753617373085,11:56:13.085,phemex,ACE/USDT:USDT,0.5949,415.0,0.5948,631.0,0.595,43.0,0.5951,1018.0
1753617373201,11:56:13.201,phemex,ACE/USDT:USDT,0.5948,393.0,0.5947,2017.0,0.595,43.0,0.5951,1018.0
1753617375268,11:56:15.268,phemex,ACE/USDT:USDT,0.5948,393.0,0.5947,2017.0,0.5951,1018.0,0.5952,6353.0
1753617375301,11:56:15.301,phemex,ACE/USDT:USDT,0.5948,393.0,0.5947,2017.0,0.5951,1018.0,0.5952,6353.0
1753617375843,11:56:15.843,phemex,ACE/USDT:USDT,0.5948,393.0,0.5947,2017.0,0.595,43.0,0.5951,1018.0
1753617375865,11:56:15.865,phemex,ACE/USDT:USDT,0.5948,393.0,0.5947,2017.0,0.5951,1018.0,0.5952,6353.0
1753617375923,11:56:15.923,phemex,ACE/USDT:USDT,0.5948,393.0,0.5947,2017.0,0.5951,1018.0,0.5952,6353.0
1753617376398,11:56:16.398,phemex,ACE/USDT:USDT,0.5948,393.0,0.5947,2017.0,0.5951,43.0,0.5952,3976.0
1753617376403,11:56:16.403,phemex,ACE/USDT:USDT,0.5948,393.0,0.5947,2017.0,0.5952,42.0,0.5953,2153.0
1753617376435,11:56:16.435,phemex,ACE/USDT:USDT,0.5948,393.0,0.5947,2017.0,0.5952,42.0,0.5953,2153.0
1753617376727,11:56:16.727,phemex,ACE/USDT:USDT,0.5948,393.0,0.5947,1745.0,0.5953,2153.0,0.5954,3236.0
1753617376757,11:56:16.757,phemex,ACE/USDT:USDT,0.5948,665.0,0.5947,1745.0,0.5953,2153.0,0.5954,3236.0
1753617376879,11:56:16.879,phemex,ACE/USDT:USDT,0.5948,393.0,0.5947,1745.0,0.5955,1487.0,0.5956,4101.0
1753617376890,11:56:16.890,phemex,ACE/USDT:USDT,0.5948,393.0,0.5947,1745.0,0.5954,43.0,0.5955,1487.0
1753617378261,11:56:18.261,phemex,ACE/USDT:USDT,0.595,371.0,0.5949,553.0,0.5954,43.0,0.5955,1530.0
1753617378289,11:56:18.289,phemex,ACE/USDT:USDT,0.595,414.0,0.5949,596.0,0.5954,43.0,0.5955,1530.0
1753617378419,11:56:18.419,phemex,ACE/USDT:USDT,0.595,43.0,0.5949,596.0,0.5954,43.0,0.5955,1530.0
1753617379944,11:56:19.944,phemex,ACE/USDT:USDT,0.5949,410.0,0.5948,381.0,0.5954,43.0,0.5955,1530.0
1753617379944,11:56:19.944,phemex,ACE/USDT:USDT,0.5949,410.0,0.5948,381.0,0.5954,43.0,0.5955,1530.0
1753617382308,11:56:22.308,phemex,ACE/USDT:USDT,0.5949,410.0,0.5948,381.0,0.5953,786.0,0.5954,43.0
1753617382333,11:56:22.333,phemex,ACE/USDT:USDT,0.5949,410.0,0.5948,381.0,0.5952,42.0,0.5953,786.0
1753617383198,11:56:23.198,phemex,ACE/USDT:USDT,0.5949,410.0,0.5948,381.0,0.5953,786.0,0.5954,43.0
1753617383241,11:56:23.241,phemex,ACE/USDT:USDT,0.5949,410.0,0.5948,381.0,0.5952,42.0,0.5953,786.0
1753617385940,11:56:25.940,phemex,ACE/USDT:USDT,0.5948,43.0,0.5947,42.0,0.5952,42.0,0.5953,786.0
1753617385976,11:56:25.976,phemex,ACE/USDT:USDT,0.5947,42.0,0.5946,43.0,0.5952,42.0,0.5953,786.0
1753617385991,11:56:25.991,phemex,ACE/USDT:USDT,0.5947,42.0,0.5946,43.0,0.5952,42.0,0.5953,786.0
1753617386001,11:56:26.001,phemex,ACE/USDT:USDT,0.5946,43.0,0.5945,400.0,0.5952,42.0,0.5953,786.0
1753617386058,11:56:26.058,phemex,ACE/USDT:USDT,0.5946,43.0,0.5945,400.0,0.5952,42.0,0.5953,786.0
1753617388793,11:56:28.793,phemex,ACE/USDT:USDT,0.5946,43.0,0.5945,400.0,0.5951,902.0,0.5952,3826.0
1753617388802,11:56:28.802,phemex,ACE/USDT:USDT,0.5946,43.0,0.5945,400.0,0.595,42.0,0.5951,902.0
1753617388828,11:56:28.828,phemex,ACE/USDT:USDT,0.5946,43.0,0.5945,400.0,0.595,42.0,0.5951,944.0
1753617392301,11:56:32.301,phemex,ACE/USDT:USDT,0.5946,43.0,0.5945,400.0,0.595,42.0,0.5951,944.0
1753617393259,11:56:33.259,phemex,ACE/USDT:USDT,0.5946,454.0,0.5945,2459.0,0.595,42.0,0.5951,944.0
1753617393831,11:56:33.831,phemex,ACE/USDT:USDT,0.5946,411.0,0.5945,2459.0,0.595,42.0,0.5951,944.0
1753617393948,11:56:33.948,phemex,ACE/USDT:USDT,0.5946,411.0,0.5945,2459.0,0.595,1114.0,0.5951,3517.0
1753617393957,11:56:33.957,phemex,ACE/USDT:USDT,0.5946,411.0,0.5945,2459.0,0.5949,43.0,0.595,1114.0
1753617394684,11:56:34.684,phemex,ACE/USDT:USDT,0.5943,42.0,0.5942,506.0,0.5949,43.0,0.595,1114.0
1753617394699,11:56:34.699,phemex,ACE/USDT:USDT,0.5943,42.0,0.5942,506.0,0.5949,43.0,0.595,1114.0
1753617394719,11:56:34.719,phemex,ACE/USDT:USDT,0.5942,506.0,0.5941,43.0,0.5949,43.0,0.595,1114.0
1753617394743,11:56:34.743,phemex,ACE/USDT:USDT,0.5941,439.0,0.594,42.0,0.5949,43.0,0.595,1114.0
1753617394764,11:56:34.764,phemex,ACE/USDT:USDT,0.5941,439.0,0.594,42.0,0.5949,43.0,0.595,1114.0
1753617394767,11:56:34.767,phemex,ACE/USDT:USDT,0.5941,243.0,0.594,42.0,0.5949,43.0,0.595,1114.0
1753617394780,11:56:34.780,phemex,ACE/USDT:USDT,0.594,42.0,0.5939,5678.0,0.5949,43.0,0.595,1114.0
1753617397146,11:56:37.146,phemex,ACE/USDT:USDT,0.594,42.0,0.5939,42.0,0.5949,43.0,0.595,1114.0
1753617397184,11:56:37.184,phemex,ACE/USDT:USDT,0.5939,42.0,0.5938,2552.0,0.5949,43.0,0.595,1114.0
1753617397211,11:56:37.211,phemex,ACE/USDT:USDT,0.5939,42.0,0.5938,2552.0,0.5949,43.0,0.595,1114.0
1753617397437,11:56:37.437,phemex,ACE/USDT:USDT,0.5939,42.0,0.5938,2552.0,0.5949,43.0,0.595,1114.0
1753617399064,11:56:39.064,phemex,ACE/USDT:USDT,0.5939,42.0,0.5938,2552.0,0.5945,1205.0,0.5946,4346.0
1753617399090,11:56:39.090,phemex,ACE/USDT:USDT,0.5939,42.0,0.5938,2552.0,0.5944,43.0,0.5945,1205.0
1753617400116,11:56:40.116,phemex,ACE/USDT:USDT,0.5939,42.0,0.5938,2552.0,0.5944,43.0,0.5945,1205.0
1753617400144,11:56:40.144,phemex,ACE/USDT:USDT,0.5939,42.0,0.5938,2552.0,0.5944,43.0,0.5945,1205.0
1753617400464,11:56:40.464,phemex,ACE/USDT:USDT,0.5939,42.0,0.5938,2552.0,0.5944,43.0,0.5945,1248.0
1753617400504,11:56:40.504,phemex,ACE/USDT:USDT,0.5939,42.0,0.5938,2552.0,0.5944,43.0,0.5945,1248.0
1753617400506,11:56:40.506,phemex,ACE/USDT:USDT,0.5939,42.0,0.5938,2552.0,0.5944,43.0,0.5945,1248.0
1753617400640,11:56:40.640,phemex,ACE/USDT:USDT,0.5939,42.0,0.5938,2552.0,0.5945,1248.0,0.5946,4346.0
1753617400761,11:56:40.761,phemex,ACE/USDT:USDT,0.5939,42.0,0.5938,2552.0,0.5944,43.0,0.5945,1248.0
1753617402100,11:56:42.100,phemex,ACE/USDT:USDT,0.5939,42.0,0.5938,2552.0,0.5945,1248.0,0.5946,4346.0
1753617402150,11:56:42.150,phemex,ACE/USDT:USDT,0.594,1121.0,0.5939,5314.0,0.5945,1248.0,0.5946,4346.0
1753617402649,11:56:42.649,phemex,ACE/USDT:USDT,0.594,1121.0,0.5939,5314.0,0.5944,43.0,0.5945,1248.0
1753617402828,11:56:42.828,phemex,ACE/USDT:USDT,0.594,1121.0,0.5939,5314.0,0.5945,1248.0,0.5946,4346.0
1753617402888,11:56:42.888,phemex,ACE/USDT:USDT,0.594,1121.0,0.5939,5314.0,0.5944,43.0,0.5945,1248.0
1753617404256,11:56:44.256,phemex,ACE/USDT:USDT,0.594,1121.0,0.5939,5314.0,0.5944,840.0,0.5945,2934.0
1753617404266,11:56:44.266,phemex,ACE/USDT:USDT,0.594,1121.0,0.5939,5314.0,0.5943,43.0,0.5944,840.0
1753617404471,11:56:44.471,phemex,ACE/USDT:USDT,0.5939,42.0,0.5938,2552.0,0.5943,43.0,0.5944,840.0
1753617406000,11:56:46.000,phemex,ACE/USDT:USDT,0.5939,314.0,0.5938,2552.0,0.5944,840.0,0.5945,2934.0
1753617406390,11:56:46.390,phemex,ACE/USDT:USDT,0.5939,314.0,0.5938,2552.0,0.5943,43.0,0.5944,840.0
1753617407241,11:56:47.241,phemex,ACE/USDT:USDT,0.5939,314.0,0.5938,2552.0,0.5944,840.0,0.5945,2934.0
1753617407442,11:56:47.442,phemex,ACE/USDT:USDT,0.5939,314.0,0.5938,2552.0,0.5943,43.0,0.5944,840.0
1753617410045,11:56:50.045,phemex,ACE/USDT:USDT,0.5939,1197.0,0.5938,2552.0,0.5944,43.0,0.5945,43.0
1753617410076,11:56:50.076,phemex,ACE/USDT:USDT,0.5939,1197.0,0.5938,2552.0,0.5945,43.0,0.5946,1471.0
1753617412735,11:56:52.735,phemex,ACE/USDT:USDT,0.5939,925.0,0.5938,2824.0,0.5945,43.0,0.5946,1471.0
1753617415083,11:56:55.083,phemex,ACE/USDT:USDT,0.5939,925.0,0.5938,2824.0,0.5944,858.0,0.5945,4166.0
1753617415100,11:56:55.100,phemex,ACE/USDT:USDT,0.5939,925.0,0.5938,2824.0,0.5943,42.0,0.5944,858.0
1753617415145,11:56:55.145,phemex,ACE/USDT:USDT,0.5939,925.0,0.5938,2824.0,0.5943,42.0,0.5944,900.0
1753617416533,11:56:56.533,phemex,ACE/USDT:USDT,0.594,498.0,0.5939,2733.0,0.5943,42.0,0.5944,900.0
1753617416608,11:56:56.608,phemex,ACE/USDT:USDT,0.594,995.0,0.5939,4818.0,0.5943,42.0,0.5944,900.0
1753617418165,11:56:58.165,phemex,ACE/USDT:USDT,0.594,498.0,0.5939,2301.0,0.5943,42.0,0.5944,900.0
1753617418180,11:56:58.180,phemex,ACE/USDT:USDT,0.5937,43.0,0.5936,42.0,0.5943,42.0,0.5944,900.0
1753617418202,11:56:58.202,phemex,ACE/USDT:USDT,0.5936,42.0,0.5935,43.0,0.5942,336.0,0.5943,42.0
1753617418226,11:56:58.226,phemex,ACE/USDT:USDT,0.5935,43.0,0.5934,43.0,0.5941,42.0,0.5942,336.0
1753617418245,11:56:58.245,phemex,ACE/USDT:USDT,0.5934,43.0,0.5933,42.0,0.5941,42.0,0.5942,336.0
1753617418256,11:56:58.256,phemex,ACE/USDT:USDT,0.5933,42.0,0.5932,1754.0,0.5941,42.0,0.5942,336.0
1753617418271,11:56:58.271,phemex,ACE/USDT:USDT,0.5933,42.0,0.5932,1754.0,0.5941,42.0,0.5942,336.0
1753617418285,11:56:58.285,phemex,ACE/USDT:USDT,0.5933,42.0,0.5932,605.0,0.5941,42.0,0.5942,336.0
1753617420480,11:57:00.480,phemex,ACE/USDT:USDT,0.5933,42.0,0.5932,605.0,0.5938,1062.0,0.5939,3212.0
1753617420495,11:57:00.495,phemex,ACE/USDT:USDT,0.5933,42.0,0.5932,605.0,0.5938,1062.0,0.5939,3212.0
1753617420880,11:57:00.880,phemex,ACE/USDT:USDT,0.5933,42.0,0.5932,605.0,0.5938,1062.0,0.5939,3212.0
1753617420929,11:57:00.929,phemex,ACE/USDT:USDT,0.5933,42.0,0.5932,605.0,0.5938,1062.0,0.5939,3212.0
1753617421384,11:57:01.384,phemex,ACE/USDT:USDT,0.5933,42.0,0.5932,605.0,0.5941,42.0,0.5942,7294.0
1753617421401,11:57:01.401,phemex,ACE/USDT:USDT,0.5933,42.0,0.5932,605.0,0.5941,42.0,0.5942,6958.0
1753617421417,11:57:01.417,phemex,ACE/USDT:USDT,0.5933,42.0,0.5932,605.0,0.5941,42.0,0.5942,6958.0
1753617421489,11:57:01.489,phemex,ACE/USDT:USDT,0.5933,42.0,0.5932,605.0,0.5941,42.0,0.5942,451.0
1753617421502,11:57:01.502,phemex,ACE/USDT:USDT,0.5933,42.0,0.5932,605.0,0.5941,42.0,0.5942,493.0
1753617421588,11:57:01.588,phemex,ACE/USDT:USDT,0.5933,42.0,0.5932,605.0,0.5941,42.0,0.5942,42.0
1753617421603,11:57:01.603,phemex,ACE/USDT:USDT,0.5933,42.0,0.5932,605.0,0.5942,42.0,0.5943,414.0
1753617421701,11:57:01.701,phemex,ACE/USDT:USDT,0.5934,379.0,0.5933,42.0,0.5942,42.0,0.5943,414.0
1753617422323,11:57:02.323,phemex,ACE/USDT:USDT,0.5934,379.0,0.5933,42.0,0.5942,42.0,0.5943,414.0
1753617423244,11:57:03.244,phemex,ACE/USDT:USDT,0.5938,997.0,0.5936,7561.0,0.5942,42.0,0.5943,42.0
1753617423255,11:57:03.255,phemex,ACE/USDT:USDT,0.5938,997.0,0.5936,7561.0,0.5942,42.0,0.5943,42.0
1753617423323,11:57:03.323,phemex,ACE/USDT:USDT,0.5938,997.0,0.5936,7561.0,0.5942,42.0,0.5943,42.0
1753617423352,11:57:03.352,phemex,ACE/USDT:USDT,0.5938,997.0,0.5937,42.0,0.5942,42.0,0.5944,42.0
1753617423385,11:57:03.385,phemex,ACE/USDT:USDT,0.5938,997.0,0.5937,42.0,0.5944,42.0,0.5945,4166.0
1753617423517,11:57:03.517,phemex,ACE/USDT:USDT,0.5938,997.0,0.5937,42.0,0.5944,42.0,0.5945,4166.0
1753617424152,11:57:04.152,phemex,ACE/USDT:USDT,0.5937,42.0,0.5935,7698.0,0.5944,42.0,0.5945,4166.0
1753617424173,11:57:04.173,phemex,ACE/USDT:USDT,0.5937,42.0,0.5935,7698.0,0.5944,42.0,0.5945,4166.0
1753617427822,11:57:07.822,phemex,ACE/USDT:USDT,0.5937,42.0,0.5935,7698.0,0.5944,42.0,0.5945,4166.0
1753617427829,11:57:07.829,phemex,ACE/USDT:USDT,0.5937,42.0,0.5935,7698.0,0.5944,42.0,0.5945,4166.0
1753617428306,11:57:08.306,phemex,ACE/USDT:USDT,0.5937,42.0,0.5935,7698.0,0.5942,860.0,0.5943,2047.0
1753617428318,11:57:08.318,phemex,ACE/USDT:USDT,0.5937,42.0,0.5935,7698.0,0.5941,42.0,0.5942,860.0
1753617428344,11:57:08.344,phemex,ACE/USDT:USDT,0.5937,42.0,0.5935,7698.0,0.5941,42.0,0.5942,902.0
1753617430225,11:57:10.225,phemex,ACE/USDT:USDT,0.5937,1212.0,0.5936,1560.0,0.5941,42.0,0.5942,902.0
1753617434304,11:57:14.304,phemex,ACE/USDT:USDT,0.5937,1212.0,0.5936,1832.0,0.5941,42.0,0.5942,902.0
1753617434317,11:57:14.317,phemex,ACE/USDT:USDT,0.5937,1212.0,0.5936,1832.0,0.5941,42.0,0.5942,902.0
1753617435795,11:57:15.795,phemex,ACE/USDT:USDT,0.5937,1212.0,0.5936,1832.0,0.5941,1050.0,0.5942,3665.0
1753617435812,11:57:15.812,phemex,ACE/USDT:USDT,0.5937,42.0,0.5936,547.0,0.5941,42.0,0.5942,42.0
1753617435825,11:57:15.825,phemex,ACE/USDT:USDT,0.5937,42.0,0.5935,1191.0,0.5941,42.0,0.5942,42.0
1753617435832,11:57:15.832,phemex,ACE/USDT:USDT,0.5937,42.0,0.5935,1191.0,0.5941,42.0,0.5942,42.0
1753617435860,11:57:15.860,phemex,ACE/USDT:USDT,0.5937,42.0,0.5935,1191.0,0.594,44.0,0.5941,42.0
1753617435989,11:57:15.989,phemex,ACE/USDT:USDT,0.5937,42.0,0.5935,1191.0,0.5942,42.0,0.5944,7598.0
1753617436004,11:57:16.004,phemex,ACE/USDT:USDT,0.5937,42.0,0.5935,1191.0,0.5942,42.0,0.5944,7598.0
1753617436093,11:57:16.093,phemex,ACE/USDT:USDT,0.5937,42.0,0.5935,1191.0,0.5939,44.0,0.5942,42.0
1753617436131,11:57:16.131,phemex,ACE/USDT:USDT,0.5937,42.0,0.5935,1191.0,0.5939,44.0,0.5942,42.0
1753617436159,11:57:16.159,phemex,ACE/USDT:USDT,0.5937,42.0,0.5935,1191.0,0.5942,42.0,0.5944,7598.0
1753617436350,11:57:16.350,phemex,ACE/USDT:USDT,0.5935,1191.0,0.5934,4642.0,0.5942,42.0,0.5944,7598.0
1753617436383,11:57:16.383,phemex,ACE/USDT:USDT,0.5935,42.0,0.5934,4642.0,0.5942,42.0,0.5944,7598.0
1753617436387,11:57:16.387,phemex,ACE/USDT:USDT,0.5935,42.0,0.5934,4642.0,0.5942,42.0,0.5944,7598.0
1753617436402,11:57:16.402,phemex,ACE/USDT:USDT,0.5937,44.0,0.5935,42.0,0.5942,42.0,0.5944,7598.0
1753617436430,11:57:16.430,phemex,ACE/USDT:USDT,0.5937,44.0,0.5935,42.0,0.5942,42.0,0.5944,7598.0
1753617436458,11:57:16.458,phemex,ACE/USDT:USDT,0.5935,1191.0,0.5934,4642.0,0.5942,42.0,0.5944,7598.0
1753617436480,11:57:16.480,phemex,ACE/USDT:USDT,0.5935,42.0,0.5934,4642.0,0.5942,42.0,0.5944,7598.0
1753617436521,11:57:16.521,phemex,ACE/USDT:USDT,0.5937,44.0,0.5935,42.0,0.5942,42.0,0.5944,7598.0
1753617436564,11:57:16.564,phemex,ACE/USDT:USDT,0.5935,1191.0,0.5934,4642.0,0.5942,42.0,0.5944,7598.0
1753617436577,11:57:16.577,phemex,ACE/USDT:USDT,0.5935,42.0,0.5934,4642.0,0.5942,42.0,0.5944,7598.0
1753617437940,11:57:17.940,phemex,ACE/USDT:USDT,0.5935,42.0,0.5934,4642.0,0.5942,42.0,0.5944,7598.0
1753617438012,11:57:18.012,phemex,ACE/USDT:USDT,0.5935,42.0,0.5934,4642.0,0.5942,42.0,0.5944,7598.0
1753617439624,11:57:19.624,phemex,ACE/USDT:USDT,0.5935,314.0,0.5934,4642.0,0.5942,42.0,0.5944,7598.0
1753617441138,11:57:21.138,phemex,ACE/USDT:USDT,0.5937,842.0,0.5936,2321.0,0.5942,850.0,0.5944,42.0
1753617441138,11:57:21.138,phemex,ACE/USDT:USDT,0.5937,842.0,0.5936,2321.0,0.5942,850.0,0.5944,42.0
1753617441152,11:57:21.152,phemex,ACE/USDT:USDT,0.5937,1114.0,0.5936,2321.0,0.5941,42.0,0.5942,850.0
1753617441542,11:57:21.542,phemex,ACE/USDT:USDT,0.5937,1114.0,0.5936,2321.0,0.5942,850.0,0.5944,42.0
1753617441616,11:57:21.616,phemex,ACE/USDT:USDT,0.5937,1114.0,0.5936,2321.0,0.5941,42.0,0.5942,850.0
1753617441740,11:57:21.740,phemex,ACE/USDT:USDT,0.5937,1114.0,0.5936,2321.0,0.5942,850.0,0.5944,42.0
1753617441799,11:57:21.799,phemex,ACE/USDT:USDT,0.5937,1114.0,0.5936,2321.0,0.5941,42.0,0.5942,850.0
1753617442000,11:57:22.000,phemex,ACE/USDT:USDT,0.5937,842.0,0.5936,2593.0,0.5941,42.0,0.5942,850.0
1753617442023,11:57:22.023,phemex,ACE/USDT:USDT,0.5937,842.0,0.5936,2593.0,0.5942,850.0,0.5944,42.0
1753617442063,11:57:22.063,phemex,ACE/USDT:USDT,0.5937,842.0,0.5936,2635.0,0.5942,808.0,0.5944,42.0
1753617442096,11:57:22.096,phemex,ACE/USDT:USDT,0.5937,842.0,0.5936,2635.0,0.5943,1137.0,0.5944,1711.0
1753617442156,11:57:22.156,phemex,ACE/USDT:USDT,0.5937,842.0,0.5936,2635.0,0.5944,474.0,0.5945,2275.0
1753617442228,11:57:22.228,phemex,ACE/USDT:USDT,0.5937,842.0,0.5936,2635.0,0.5944,42.0,0.5945,391.0
1753617442244,11:57:22.244,phemex,ACE/USDT:USDT,0.5937,842.0,0.5936,2363.0,0.5944,42.0,0.5945,391.0
1753617442250,11:57:22.250,phemex,ACE/USDT:USDT,0.5937,842.0,0.5936,2363.0,0.5944,42.0,0.5945,43.0
1753617442288,11:57:22.288,phemex,ACE/USDT:USDT,0.5937,842.0,0.5936,2363.0,0.5944,42.0,0.5945,43.0
1753617442333,11:57:22.333,phemex,ACE/USDT:USDT,0.5937,842.0,0.5936,2363.0,0.5942,42.0,0.5944,42.0
1753617442350,11:57:22.350,phemex,ACE/USDT:USDT,0.5937,842.0,0.5936,2363.0,0.5942,42.0,0.5945,43.0
1753617442505,11:57:22.505,phemex,ACE/USDT:USDT,0.5937,842.0,0.5936,2363.0,0.5945,43.0,0.5946,43.0
1753617442521,11:57:22.521,phemex,ACE/USDT:USDT,0.5937,842.0,0.5936,2363.0,0.5945,43.0,0.5946,43.0
1753617442636,11:57:22.636,phemex,ACE/USDT:USDT,0.5937,842.0,0.5936,2363.0,0.5946,43.0,0.5947,4362.0
1753617442731,11:57:22.731,phemex,ACE/USDT:USDT,0.5937,842.0,0.5936,2363.0,0.5946,43.0,0.5947,4362.0
1753617443385,11:57:23.385,phemex,ACE/USDT:USDT,0.5937,1178.0,0.5936,2363.0,0.5946,43.0,0.5947,4362.0
1753617443477,11:57:23.477,phemex,ACE/USDT:USDT,0.5937,1178.0,0.5936,2363.0,0.5946,43.0,0.5947,42.0
1753617443502,11:57:23.502,phemex,ACE/USDT:USDT,0.5937,1178.0,0.5936,2363.0,0.5947,42.0,0.5948,4188.0
1753617443560,11:57:23.560,phemex,ACE/USDT:USDT,0.5937,1178.0,0.5936,2363.0,0.5947,42.0,0.5948,4188.0
1753617445328,11:57:25.328,phemex,ACE/USDT:USDT,0.5937,1178.0,0.5936,2363.0,0.5947,42.0,0.5948,4188.0
1753617445898,11:57:25.898,phemex,ACE/USDT:USDT,0.5937,1178.0,0.5936,2363.0,0.5947,42.0,0.5948,4188.0
1753617445906,11:57:25.906,phemex,ACE/USDT:USDT,0.5937,1178.0,0.5936,2363.0,0.5947,42.0,0.5948,4188.0
1753617446146,11:57:26.146,phemex,ACE/USDT:USDT,0.5939,989.0,0.5938,3638.0,0.5947,42.0,0.5948,4188.0
1753617446161,11:57:26.161,phemex,ACE/USDT:USDT,0.5939,989.0,0.5938,3638.0,0.5947,42.0,0.5948,4188.0
1753617448345,11:57:28.345,phemex,ACE/USDT:USDT,0.5939,989.0,0.5938,3638.0,0.5947,42.0,0.5948,4188.0
1753617448498,11:57:28.498,phemex,ACE/USDT:USDT,0.5939,989.0,0.5938,3638.0,0.5946,7007.0,0.5947,2526.0
1753617448517,11:57:28.517,phemex,ACE/USDT:USDT,0.5939,989.0,0.5938,3638.0,0.5945,42.0,0.5946,7007.0
1753617450028,11:57:30.028,phemex,ACE/USDT:USDT,0.5938,3638.0,0.5937,4416.0,0.5945,42.0,0.5946,7007.0
1753617450044,11:57:30.044,phemex,ACE/USDT:USDT,0.5938,3638.0,0.5937,4416.0,0.5945,42.0,0.5947,6104.0
1753617454386,11:57:34.386,phemex,ACE/USDT:USDT,0.5941,535.0,0.594,2128.0,0.5945,42.0,0.5947,6104.0
1753617454405,11:57:34.405,phemex,ACE/USDT:USDT,0.5941,535.0,0.594,2128.0,0.5945,42.0,0.5947,6104.0
1753617454411,11:57:34.411,phemex,ACE/USDT:USDT,0.5941,535.0,0.594,2128.0,0.5945,42.0,0.5947,6104.0
1753617455049,11:57:35.049,phemex,ACE/USDT:USDT,0.5941,535.0,0.594,2128.0,0.5945,42.0,0.5946,497.0
1753617455062,11:57:35.062,phemex,ACE/USDT:USDT,0.5941,535.0,0.594,2128.0,0.5945,42.0,0.5946,539.0
1753617456704,11:57:36.704,phemex,ACE/USDT:USDT,0.594,588.0,0.5939,5532.0,0.5945,42.0,0.5946,905.0
1753617456720,11:57:36.720,phemex,ACE/USDT:USDT,0.5938,1447.0,0.5937,5861.0,0.5945,42.0,0.5946,905.0
1753617456735,11:57:36.735,phemex,ACE/USDT:USDT,0.5939,42.0,0.5938,1447.0,0.5945,42.0,0.5946,905.0
1753617456792,11:57:36.792,phemex,ACE/USDT:USDT,0.5939,42.0,0.5938,1447.0,0.5945,42.0,0.5946,905.0
1753617457428,11:57:37.428,phemex,ACE/USDT:USDT,0.5939,42.0,0.5938,1447.0,0.5945,42.0,0.5946,905.0
1753617457430,11:57:37.430,phemex,ACE/USDT:USDT,0.5939,42.0,0.5938,1447.0,0.5945,42.0,0.5946,905.0
1753617457849,11:57:37.849,phemex,ACE/USDT:USDT,0.5938,1447.0,0.5937,5861.0,0.5945,42.0,0.5946,905.0
1753617459133,11:57:39.133,phemex,ACE/USDT:USDT,0.5939,42.0,0.5938,1447.0,0.5945,42.0,0.5946,905.0
1753617460222,11:57:40.222,phemex,ACE/USDT:USDT,0.5938,1447.0,0.5937,5861.0,0.5942,421.0,0.5944,3918.0
1753617460247,11:57:40.247,phemex,ACE/USDT:USDT,0.5938,1447.0,0.5937,5861.0,0.5941,42.0,0.5942,421.0
1753617460380,11:57:40.380,phemex,ACE/USDT:USDT,0.5939,42.0,0.5938,1447.0,0.5941,42.0,0.5942,421.0
1753617460438,11:57:40.438,phemex,ACE/USDT:USDT,0.5938,1447.0,0.5937,5861.0,0.5941,42.0,0.5942,421.0
1753617460554,11:57:40.554,phemex,ACE/USDT:USDT,0.5939,42.0,0.5938,1447.0,0.5941,42.0,0.5942,421.0
1753617460599,11:57:40.599,phemex,ACE/USDT:USDT,0.5938,1447.0,0.5937,5861.0,0.5941,42.0,0.5942,421.0
1753617460622,11:57:40.622,phemex,ACE/USDT:USDT,0.5939,42.0,0.5938,1447.0,0.5941,42.0,0.5942,421.0
1753617461262,11:57:41.262,phemex,ACE/USDT:USDT,0.5938,1447.0,0.5937,5861.0,0.5941,42.0,0.5942,421.0
1753617461341,11:57:41.341,phemex,ACE/USDT:USDT,0.5939,42.0,0.5938,1447.0,0.5941,42.0,0.5942,421.0
1753617462006,11:57:42.006,phemex,ACE/USDT:USDT,0.5939,42.0,0.5938,1447.0,0.5942,421.0,0.5943,42.0
1753617462056,11:57:42.056,phemex,ACE/USDT:USDT,0.594,959.0,0.5939,3556.0,0.5942,899.0,0.5943,3833.0
1753617462086,11:57:42.086,phemex,ACE/USDT:USDT,0.594,959.0,0.5939,3556.0,0.5942,899.0,0.5943,3833.0
1753617462103,11:57:42.103,phemex,ACE/USDT:USDT,0.594,959.0,0.5939,3556.0,0.5942,899.0,0.5943,3833.0
1753617462133,11:57:42.133,phemex,ACE/USDT:USDT,0.594,959.0,0.5939,3556.0,0.5941,42.0,0.5942,899.0
1753617462189,11:57:42.189,phemex,ACE/USDT:USDT,0.5939,548.0,0.5938,1750.0,0.5941,42.0,0.5942,899.0
1753617462293,11:57:42.293,phemex,ACE/USDT:USDT,0.594,42.0,0.5939,548.0,0.5941,42.0,0.5942,899.0
1753617462341,11:57:42.341,phemex,ACE/USDT:USDT,0.594,42.0,0.5939,548.0,0.5942,899.0,0.5943,3833.0
1753617462561,11:57:42.561,phemex,ACE/USDT:USDT,0.594,42.0,0.5939,548.0,0.5942,899.0,0.5943,3833.0
1753617462575,11:57:42.575,phemex,ACE/USDT:USDT,0.594,42.0,0.5939,548.0,0.5942,899.0,0.5943,3833.0
1753617462642,11:57:42.642,phemex,ACE/USDT:USDT,0.5939,548.0,0.5938,2899.0,0.5942,899.0,0.5943,3833.0
1753617462708,11:57:42.708,phemex,ACE/USDT:USDT,0.5939,548.0,0.5938,2899.0,0.5941,42.0,0.5942,899.0
1753617462934,11:57:42.934,phemex,ACE/USDT:USDT,0.594,42.0,0.5939,548.0,0.5942,899.0,0.5943,3833.0
1753617462973,11:57:42.973,phemex,ACE/USDT:USDT,0.5939,548.0,0.5938,1750.0,0.5942,899.0,0.5943,3833.0
1753617463121,11:57:43.121,phemex,ACE/USDT:USDT,0.5939,548.0,0.5938,1750.0,0.5941,42.0,0.5942,899.0
1753617464017,11:57:44.017,phemex,ACE/USDT:USDT,0.5939,506.0,0.5938,1750.0,0.5941,42.0,0.5942,941.0
1753617465224,11:57:45.224,phemex,ACE/USDT:USDT,0.5939,506.0,0.5938,1750.0,0.5941,42.0,0.5942,941.0
1753617465718,11:57:45.718,phemex,ACE/USDT:USDT,0.5939,506.0,0.5938,1750.0,0.5942,941.0,0.5943,3833.0
1753617465756,11:57:45.756,phemex,ACE/USDT:USDT,0.594,42.0,0.5939,506.0,0.5942,941.0,0.5943,3833.0
1753617465791,11:57:45.791,phemex,ACE/USDT:USDT,0.5939,506.0,0.5938,1750.0,0.5942,941.0,0.5943,3833.0
1753617465847,11:57:45.847,phemex,ACE/USDT:USDT,0.5939,506.0,0.5938,1750.0,0.5941,42.0,0.5942,941.0
1753617468183,11:57:48.183,phemex,ACE/USDT:USDT,0.5938,1750.0,0.5937,3279.0,0.5941,42.0,0.5942,941.0
1753617468215,11:57:48.215,phemex,ACE/USDT:USDT,0.5938,1750.0,0.5937,2130.0,0.5941,42.0,0.5942,941.0
1753617470163,11:57:50.163,phemex,ACE/USDT:USDT,0.5939,42.0,0.5938,1750.0,0.5941,42.0,0.5942,941.0
1753617473297,11:57:53.297,phemex,ACE/USDT:USDT,0.5939,42.0,0.5938,1750.0,0.5941,42.0,0.5942,941.0
1753617475027,11:57:55.027,phemex,ACE/USDT:USDT,0.5938,1750.0,0.5937,3551.0,0.5941,42.0,0.5942,941.0
1753617476297,11:57:56.297,phemex,ACE/USDT:USDT,0.5938,1750.0,0.5937,2402.0,0.5941,42.0,0.5942,941.0
1753617477675,11:57:57.675,phemex,ACE/USDT:USDT,0.5939,42.0,0.5938,1750.0,0.5941,42.0,0.5942,941.0
1753617477715,11:57:57.715,phemex,ACE/USDT:USDT,0.5938,1750.0,0.5937,2402.0,0.5941,42.0,0.5942,941.0
1753617477775,11:57:57.775,phemex,ACE/USDT:USDT,0.5939,42.0,0.5938,1750.0,0.5941,42.0,0.5942,941.0
1753617478763,11:57:58.763,phemex,ACE/USDT:USDT,0.5939,42.0,0.5938,1750.0,0.5942,941.0,0.5943,3833.0
1753617479110,11:57:59.110,phemex,ACE/USDT:USDT,0.5939,42.0,0.5938,1750.0,0.5941,42.0,0.5942,941.0
1753617480316,11:58:00.316,phemex,ACE/USDT:USDT,0.5939,42.0,0.5938,1750.0,0.5942,941.0,0.5943,3833.0
1753617480412,11:58:00.412,phemex,ACE/USDT:USDT,0.594,790.0,0.5939,2167.0,0.5942,941.0,0.5943,3833.0
1753617480427,11:58:00.427,phemex,ACE/USDT:USDT,0.594,790.0,0.5939,2167.0,0.5942,941.0,0.5943,3833.0
1753617482391,11:58:02.391,phemex,ACE/USDT:USDT,0.5939,2167.0,0.5938,7219.0,0.5942,941.0,0.5943,3833.0
1753617482414,11:58:02.414,phemex,ACE/USDT:USDT,0.5939,2167.0,0.5938,7219.0,0.5941,42.0,0.5942,941.0
1753617482583,11:58:02.583,phemex,ACE/USDT:USDT,0.5939,487.0,0.5938,3171.0,0.5941,42.0,0.5942,941.0
1753617483187,11:58:03.187,phemex,ACE/USDT:USDT,0.594,42.0,0.5939,487.0,0.5942,941.0,0.5943,3833.0
1753617483201,11:58:03.201,phemex,ACE/USDT:USDT,0.5939,487.0,0.5938,3171.0,0.5942,941.0,0.5943,3833.0
1753617483242,11:58:03.242,phemex,ACE/USDT:USDT,0.5939,487.0,0.5938,3171.0,0.5941,42.0,0.5942,941.0
1753617485296,11:58:05.296,phemex,ACE/USDT:USDT,0.5939,487.0,0.5938,2022.0,0.5941,42.0,0.5942,941.0
1753617487077,11:58:07.077,phemex,ACE/USDT:USDT,0.594,42.0,0.5939,487.0,0.5942,941.0,0.5943,3833.0
1753617487683,11:58:07.683,phemex,ACE/USDT:USDT,0.594,1033.0,0.5939,4995.0,0.5942,941.0,0.5943,3833.0
1753617488165,11:58:08.165,phemex,ACE/USDT:USDT,0.5941,42.0,0.594,1033.0,0.5942,899.0,0.5943,3833.0
1753617488178,11:58:08.178,phemex,ACE/USDT:USDT,0.5941,42.0,0.594,1033.0,0.5942,899.0,0.5943,3833.0
1753617488299,11:58:08.299,phemex,ACE/USDT:USDT,0.594,1033.0,0.5939,4995.0,0.5942,899.0,0.5943,3833.0
1753617488590,11:58:08.590,phemex,ACE/USDT:USDT,0.5941,42.0,0.594,1033.0,0.5942,899.0,0.5943,3833.0
1753617488648,11:58:08.648,phemex,ACE/USDT:USDT,0.594,1033.0,0.5939,4995.0,0.5942,899.0,0.5943,3833.0
1753617489587,11:58:09.587,phemex,ACE/USDT:USDT,0.594,1033.0,0.5939,4995.0,0.5942,899.0,0.5943,3833.0
1753617489594,11:58:09.594,phemex,ACE/USDT:USDT,0.594,1033.0,0.5939,4995.0,0.5942,899.0,0.5943,3791.0
1753617489626,11:58:09.626,phemex,ACE/USDT:USDT,0.594,1033.0,0.5939,4995.0,0.5942,899.0,0.5943,3791.0
1753617489642,11:58:09.642,phemex,ACE/USDT:USDT,0.594,1033.0,0.5939,4995.0,0.5942,899.0,0.5943,3791.0
1753617493859,11:58:13.859,phemex,ACE/USDT:USDT,0.5939,42.0,0.5938,4999.0,0.5941,42.0,0.5942,899.0
1753617493865,11:58:13.865,phemex,ACE/USDT:USDT,0.5939,42.0,0.5938,4999.0,0.5941,42.0,0.5942,899.0
1753617494821,11:58:14.821,phemex,ACE/USDT:USDT,0.5939,42.0,0.5938,4999.0,0.5941,42.0,0.5942,941.0
1753617494839,11:58:14.839,phemex,ACE/USDT:USDT,0.5938,4999.0,0.5937,2130.0,0.5941,42.0,0.5942,941.0
1753617494874,11:58:14.874,phemex,ACE/USDT:USDT,0.5938,3850.0,0.5937,2130.0,0.5941,42.0,0.5942,941.0
1753617494891,11:58:14.891,phemex,ACE/USDT:USDT,0.5938,3850.0,0.5937,2130.0,0.5941,1017.0,0.5942,3657.0
1753617494911,11:58:14.911,phemex,ACE/USDT:USDT,0.5937,4108.0,0.5936,2867.0,0.5941,1017.0,0.5942,3657.0
1753617494928,11:58:14.928,phemex,ACE/USDT:USDT,0.5936,4714.0,0.5935,4616.0,0.5941,1017.0,0.5942,3657.0
1753617494959,11:58:14.959,phemex,ACE/USDT:USDT,0.5936,3565.0,0.5935,2282.0,0.5941,1017.0,0.5942,3657.0
1753617494963,11:58:14.963,phemex,ACE/USDT:USDT,0.5936,3565.0,0.5935,2282.0,0.5941,1017.0,0.5942,3657.0
1753617494992,11:58:14.992,phemex,ACE/USDT:USDT,0.5936,3565.0,0.5935,2282.0,0.5941,1017.0,0.5942,3657.0
1753617495079,11:58:15.079,phemex,ACE/USDT:USDT,0.5936,3565.0,0.5935,2282.0,0.594,42.0,0.5941,1017.0
1753617495477,11:58:15.477,phemex,ACE/USDT:USDT,0.5936,3565.0,0.5935,2282.0,0.594,42.0,0.5941,1017.0
1753617497911,11:58:17.911,phemex,ACE/USDT:USDT,0.5936,3523.0,0.5935,2282.0,0.594,42.0,0.5941,1017.0
1753617497920,11:58:17.920,phemex,ACE/USDT:USDT,0.5936,3523.0,0.5935,2282.0,0.594,42.0,0.5941,1017.0
1753617497953,11:58:17.953,phemex,ACE/USDT:USDT,0.5936,3523.0,0.5935,2282.0,0.594,42.0,0.5941,1017.0
1753617498021,11:58:18.021,phemex,ACE/USDT:USDT,0.5935,42.0,0.5934,4668.0,0.594,42.0,0.5941,1017.0
1753617498023,11:58:18.023,phemex,ACE/USDT:USDT,0.5935,42.0,0.5934,4668.0,0.594,42.0,0.5941,1017.0
1753617500095,11:58:20.095,phemex,ACE/USDT:USDT,0.5935,42.0,0.5934,42.0,0.5939,757.0,0.594,1527.0
1753617500119,11:58:20.119,phemex,ACE/USDT:USDT,0.5935,42.0,0.5934,42.0,0.5939,757.0,0.594,1527.0
1753617500187,11:58:20.187,phemex,ACE/USDT:USDT,0.5934,42.0,0.5933,2168.0,0.5939,757.0,0.594,1527.0
1753617500248,11:58:20.248,phemex,ACE/USDT:USDT,0.5935,43.0,0.5934,42.0,0.5938,43.0,0.5939,757.0
1753617500267,11:58:20.267,phemex,ACE/USDT:USDT,0.5934,42.0,0.5933,2168.0,0.5938,43.0,0.5939,757.0
1753617500372,11:58:20.372,phemex,ACE/USDT:USDT,0.5934,42.0,0.5933,2168.0,0.5938,43.0,0.5939,800.0
1753617500372,11:58:20.372,phemex,ACE/USDT:USDT,0.5934,42.0,0.5933,2168.0,0.5938,43.0,0.5939,800.0
1753617503279,11:58:23.279,phemex,ACE/USDT:USDT,0.5934,42.0,0.5933,2168.0,0.5938,43.0,0.5939,800.0
1753617503297,11:58:23.297,phemex,ACE/USDT:USDT,0.5934,42.0,0.5933,2168.0,0.5938,43.0,0.5939,800.0
1753617503303,11:58:23.303,phemex,ACE/USDT:USDT,0.5934,42.0,0.5933,2168.0,0.5938,43.0,0.5939,800.0
1753617503383,11:58:23.383,phemex,ACE/USDT:USDT,0.5934,42.0,0.5933,398.0,0.5938,43.0,0.5939,800.0
1753617503390,11:58:23.390,phemex,ACE/USDT:USDT,0.5933,398.0,0.5932,5138.0,0.5938,43.0,0.5939,800.0
1753617503418,11:58:23.418,phemex,ACE/USDT:USDT,0.5933,398.0,0.5932,3989.0,0.5938,43.0,0.5939,800.0
1753617503433,11:58:23.433,phemex,ACE/USDT:USDT,0.5934,43.0,0.5933,398.0,0.5938,43.0,0.5939,800.0
1753617505244,11:58:25.244,phemex,ACE/USDT:USDT,0.5934,43.0,0.5933,398.0,0.5938,842.0,0.5939,4316.0
1753617505263,11:58:25.263,phemex,ACE/USDT:USDT,0.5934,43.0,0.5933,398.0,0.5937,43.0,0.5938,842.0
1753617505844,11:58:25.844,phemex,ACE/USDT:USDT,0.5934,43.0,0.5933,398.0,0.5938,842.0,0.5939,4316.0
1753617505915,11:58:25.915,phemex,ACE/USDT:USDT,0.5934,43.0,0.5933,398.0,0.5938,842.0,0.5939,4316.0
1753617505939,11:58:25.939,phemex,ACE/USDT:USDT,0.5934,43.0,0.5933,398.0,0.5937,43.0,0.5938,842.0
1753617507310,11:58:27.310,phemex,ACE/USDT:USDT,0.5934,43.0,0.5933,398.0,0.5937,43.0,0.5938,842.0
1753617507363,11:58:27.363,phemex,ACE/USDT:USDT,0.5934,43.0,0.5933,398.0,0.5937,43.0,0.5938,842.0
1753617508506,11:58:28.506,phemex,ACE/USDT:USDT,0.5934,961.0,0.5933,2459.0,0.5937,43.0,0.5938,842.0
1753617509291,11:58:29.291,phemex,ACE/USDT:USDT,0.5934,961.0,0.5933,2459.0,0.5937,43.0,0.5938,842.0
1753617509301,11:58:29.301,phemex,ACE/USDT:USDT,0.5934,961.0,0.5933,2459.0,0.5937,43.0,0.5938,842.0
1753617511185,11:58:31.185,phemex,ACE/USDT:USDT,0.5934,961.0,0.5933,2459.0,0.5938,842.0,0.5939,4316.0
1753617511402,11:58:31.402,phemex,ACE/USDT:USDT,0.5934,961.0,0.5933,2459.0,0.5938,799.0,0.5939,4316.0
1753617511497,11:58:31.497,phemex,ACE/USDT:USDT,0.5934,961.0,0.5933,2459.0,0.5939,43.0,0.594,5851.0
1753617511549,11:58:31.549,phemex,ACE/USDT:USDT,0.5934,961.0,0.5933,2459.0,0.5939,43.0,0.594,5851.0
1753617511591,11:58:31.591,phemex,ACE/USDT:USDT,0.5934,1233.0,0.5933,2459.0,0.5939,43.0,0.594,5851.0
1753617511968,11:58:31.968,phemex,ACE/USDT:USDT,0.5934,1233.0,0.5933,2459.0,0.594,5851.0,0.5941,2229.0
1753617511995,11:58:31.995,phemex,ACE/USDT:USDT,0.5935,272.0,0.5934,961.0,0.594,5851.0,0.5941,2229.0
1753617512060,11:58:32.060,phemex,ACE/USDT:USDT,0.5935,314.0,0.5934,961.0,0.594,5851.0,0.5941,2229.0
1753617512155,11:58:32.155,phemex,ACE/USDT:USDT,0.5935,314.0,0.5934,961.0,0.5939,42.0,0.594,5851.0
1753617512173,11:58:32.173,phemex,ACE/USDT:USDT,0.5935,314.0,0.5934,961.0,0.594,5851.0,0.5941,2229.0
1753617512207,11:58:32.207,phemex,ACE/USDT:USDT,0.5935,314.0,0.5934,961.0,0.594,5851.0,0.5941,2229.0
1753617512513,11:58:32.513,phemex,ACE/USDT:USDT,0.5935,314.0,0.5934,961.0,0.594,42.0,0.5941,4201.0
1753617512520,11:58:32.520,phemex,ACE/USDT:USDT,0.5935,314.0,0.5934,961.0,0.5941,42.0,0.5942,42.0
1753617512541,11:58:32.541,phemex,ACE/USDT:USDT,0.5935,314.0,0.5934,961.0,0.5942,42.0,0.5943,2560.0
1753617512590,11:58:32.590,phemex,ACE/USDT:USDT,0.5935,314.0,0.5934,961.0,0.5942,42.0,0.5943,2560.0
1753617512636,11:58:32.636,phemex,ACE/USDT:USDT,0.5935,314.0,0.5934,961.0,0.5942,42.0,0.5943,2560.0
1753617513520,11:58:33.520,phemex,ACE/USDT:USDT,0.5938,889.0,0.5937,4613.0,0.5942,42.0,0.5943,2560.0
1753617513541,11:58:33.541,phemex,ACE/USDT:USDT,0.5938,889.0,0.5937,4613.0,0.5942,42.0,0.5943,2560.0
1753617513548,11:58:33.548,phemex,ACE/USDT:USDT,0.5938,889.0,0.5937,4613.0,0.5942,42.0,0.5943,2560.0
1753617514667,11:58:34.667,phemex,ACE/USDT:USDT,0.5938,434.0,0.5937,2201.0,0.5942,42.0,0.5943,2560.0
1753617514667,11:58:34.667,phemex,ACE/USDT:USDT,0.5936,1149.0,0.5935,4338.0,0.5942,42.0,0.5943,2560.0
1753617515056,11:58:35.056,phemex,ACE/USDT:USDT,0.5932,42.0,0.5929,42.0,0.5942,42.0,0.5943,2560.0
1753617515074,11:58:35.074,phemex,ACE/USDT:USDT,0.5928,42.0,0.5927,42.0,0.5941,336.0,0.5942,42.0
1753617515089,11:58:35.089,phemex,ACE/USDT:USDT,0.5928,42.0,0.5927,42.0,0.594,42.0,0.5941,336.0
1753617515106,11:58:35.106,phemex,ACE/USDT:USDT,0.5927,42.0,0.5926,42.0,0.5939,336.0,0.594,42.0
1753617515123,11:58:35.123,phemex,ACE/USDT:USDT,0.5927,42.0,0.5926,42.0,0.5938,42.0,0.5939,336.0
1753617515160,11:58:35.160,phemex,ACE/USDT:USDT,0.5926,42.0,0.5925,2164.0,0.5937,336.0,0.5938,42.0
1753617515189,11:58:35.189,phemex,ACE/USDT:USDT,0.5926,42.0,0.5925,2164.0,0.5936,42.0,0.5937,336.0
1753617515226,11:58:35.226,phemex,ACE/USDT:USDT,0.5926,42.0,0.5925,2164.0,0.5935,336.0,0.5936,42.0
1753617515264,11:58:35.264,phemex,ACE/USDT:USDT,0.5926,42.0,0.5925,2164.0,0.5934,42.0,0.5935,336.0
1753617515327,11:58:35.327,phemex,ACE/USDT:USDT,0.5926,42.0,0.5925,2164.0,0.5934,42.0,0.5935,336.0
1753617517285,11:58:37.285,phemex,ACE/USDT:USDT,0.5926,42.0,0.5925,2164.0,0.5934,42.0,0.5935,336.0
1753617517309,11:58:37.309,phemex,ACE/USDT:USDT,0.5926,42.0,0.5925,2164.0,0.5934,42.0,0.5936,42.0
1753617517335,11:58:37.335,phemex,ACE/USDT:USDT,0.5926,42.0,0.5925,2164.0,0.5936,42.0,0.594,42.0
1753617517371,11:58:37.371,phemex,ACE/USDT:USDT,0.5926,42.0,0.5925,2164.0,0.594,42.0,0.5942,42.0
1753617517391,11:58:37.391,phemex,ACE/USDT:USDT,0.5926,42.0,0.5925,2164.0,0.5939,336.0,0.594,42.0
1753617517405,11:58:37.405,phemex,ACE/USDT:USDT,0.5926,42.0,0.5925,2164.0,0.5939,336.0,0.5942,42.0
1753617517435,11:58:37.435,phemex,ACE/USDT:USDT,0.5926,42.0,0.5925,2164.0,0.5938,42.0,0.5939,336.0
1753617517454,11:58:37.454,phemex,ACE/USDT:USDT,0.5926,42.0,0.5925,2164.0,0.5938,42.0,0.5939,336.0
1753617517460,11:58:37.460,phemex,ACE/USDT:USDT,0.5926,42.0,0.5925,2164.0,0.5938,42.0,0.5939,336.0
1753617517562,11:58:37.562,phemex,ACE/USDT:USDT,0.5926,42.0,0.5925,2164.0,0.5935,959.0,0.5936,8158.0
1753617517575,11:58:37.575,phemex,ACE/USDT:USDT,0.5926,42.0,0.5925,2164.0,0.5934,42.0,0.5935,959.0
1753617517602,11:58:37.602,phemex,ACE/USDT:USDT,0.5926,42.0,0.5925,2164.0,0.5934,42.0,0.5935,1001.0
1753617518120,11:58:38.120,phemex,ACE/USDT:USDT,0.5926,42.0,0.5925,2164.0,0.5934,42.0,0.5935,1001.0
1753617519694,11:58:39.694,phemex,ACE/USDT:USDT,0.5926,42.0,0.5925,2164.0,0.5934,42.0,0.5935,42.0
1753617519705,11:58:39.705,phemex,ACE/USDT:USDT,0.5926,42.0,0.5925,2164.0,0.5935,42.0,0.5937,2357.0
1753617519707,11:58:39.707,phemex,ACE/USDT:USDT,0.5926,42.0,0.5925,2164.0,0.5935,42.0,0.5937,2357.0
1753617519856,11:58:39.856,phemex,ACE/USDT:USDT,0.5926,42.0,0.5925,2164.0,0.5935,42.0,0.5937,513.0
1753617519867,11:58:39.867,phemex,ACE/USDT:USDT,0.5926,42.0,0.5925,2164.0,0.5935,42.0,0.5937,513.0
1753617520103,11:58:40.103,phemex,ACE/USDT:USDT,0.593,435.0,0.5929,2407.0,0.5935,42.0,0.5937,513.0
1753617520117,11:58:40.117,phemex,ACE/USDT:USDT,0.593,840.0,0.5929,4492.0,0.5935,42.0,0.5937,513.0
1753617520131,11:58:40.131,phemex,ACE/USDT:USDT,0.593,840.0,0.5929,4492.0,0.5935,42.0,0.5937,513.0
1753617520152,11:58:40.152,phemex,ACE/USDT:USDT,0.593,840.0,0.5929,4492.0,0.5935,42.0,0.5937,513.0
1753617520848,11:58:40.848,phemex,ACE/USDT:USDT,0.593,840.0,0.5929,4492.0,0.5935,42.0,0.5937,513.0
1753617520887,11:58:40.887,phemex,ACE/USDT:USDT,0.593,840.0,0.5929,4492.0,0.5935,42.0,0.5937,513.0
1753617523574,11:58:43.574,phemex,ACE/USDT:USDT,0.593,840.0,0.5929,4492.0,0.5935,42.0,0.5937,513.0
1753617527303,11:58:47.303,phemex,ACE/USDT:USDT,0.593,840.0,0.5929,4492.0,0.5935,42.0,0.5937,513.0
1753617527304,11:58:47.304,phemex,ACE/USDT:USDT,0.593,840.0,0.5929,4492.0,0.5935,42.0,0.5937,513.0
1753617528430,11:58:48.430,phemex,ACE/USDT:USDT,0.5931,714.0,0.593,4761.0,0.5934,757.0,0.5935,1648.0
1753617528494,11:58:48.494,phemex,ACE/USDT:USDT,0.5931,714.0,0.593,4761.0,0.5933,43.0,0.5934,757.0
1753617528510,11:58:48.510,phemex,ACE/USDT:USDT,0.5931,714.0,0.593,4761.0,0.5933,43.0,0.5934,757.0
1753617528583,11:58:48.583,phemex,ACE/USDT:USDT,0.5929,7349.0,0.5928,2421.0,0.5935,42.0,0.5937,2503.0
1753617528617,11:58:48.617,phemex,ACE/USDT:USDT,0.5929,6200.0,0.5928,2421.0,0.5935,42.0,0.5937,2503.0
1753617528673,11:58:48.673,phemex,ACE/USDT:USDT,0.5929,6200.0,0.5928,2421.0,0.5935,42.0,0.5937,643.0
1753617528695,11:58:48.695,phemex,ACE/USDT:USDT,0.5929,6200.0,0.5928,2421.0,0.5935,42.0,0.5937,643.0
1753617529336,11:58:49.336,phemex,ACE/USDT:USDT,0.5929,5229.0,0.5928,2421.0,0.5935,42.0,0.5937,643.0
1753617532241,11:58:52.241,phemex,ACE/USDT:USDT,0.5929,5229.0,0.5928,2421.0,0.5935,42.0,0.5937,643.0
1753617533978,11:58:53.978,phemex,ACE/USDT:USDT,0.5929,5229.0,0.5928,2464.0,0.5935,42.0,0.5937,643.0
1753617535319,11:58:55.319,phemex,ACE/USDT:USDT,0.5929,5229.0,0.5928,2464.0,0.5936,43.0,0.5937,643.0
1753617535674,11:58:55.674,phemex,ACE/USDT:USDT,0.5932,698.0,0.5931,1563.0,0.5936,43.0,0.5937,1100.0
1753617535696,11:58:55.696,phemex,ACE/USDT:USDT,0.5932,698.0,0.5931,1563.0,0.5936,43.0,0.5937,1100.0
1753617535702,11:58:55.702,phemex,ACE/USDT:USDT,0.5932,698.0,0.5931,1563.0,0.5936,43.0,0.5937,1100.0
1753617537885,11:58:57.885,phemex,ACE/USDT:USDT,0.5932,698.0,0.5931,1563.0,0.5936,43.0,0.5937,1100.0
1753617540113,11:59:00.113,phemex,ACE/USDT:USDT,0.5932,698.0,0.5931,1605.0,0.5936,43.0,0.5937,1100.0
1753617542690,11:59:02.690,phemex,ACE/USDT:USDT,0.5932,548.0,0.5931,1605.0,0.5936,43.0,0.5937,1100.0
1753617545300,11:59:05.300,phemex,ACE/USDT:USDT,0.5932,548.0,0.5931,1605.0,0.5936,43.0,0.5937,1100.0
1753617548659,11:59:08.659,phemex,ACE/USDT:USDT,0.5933,42.0,0.5932,548.0,0.5936,43.0,0.5937,1100.0
1753617548712,11:59:08.712,phemex,ACE/USDT:USDT,0.5933,42.0,0.5932,590.0,0.5936,43.0,0.5937,1100.0
1753617549413,11:59:09.413,phemex,ACE/USDT:USDT,0.5933,42.0,0.5932,590.0,0.5937,1100.0,0.5938,4245.0
1753617549439,11:59:09.439,phemex,ACE/USDT:USDT,0.5933,42.0,0.5932,590.0,0.5937,1100.0,0.5938,4245.0
1753617549519,11:59:09.519,phemex,ACE/USDT:USDT,0.5933,42.0,0.5932,590.0,0.5936,42.0,0.5937,1100.0
1753617549581,11:59:09.581,phemex,ACE/USDT:USDT,0.5933,42.0,0.5932,590.0,0.5937,1100.0,0.5938,4245.0
1753617549640,11:59:09.640,phemex,ACE/USDT:USDT,0.5933,42.0,0.5932,590.0,0.5937,1100.0,0.5938,4245.0
1753617549642,11:59:09.642,phemex,ACE/USDT:USDT,0.5933,42.0,0.5932,590.0,0.5936,42.0,0.5937,1100.0
1753617550009,11:59:10.009,phemex,ACE/USDT:USDT,0.5933,42.0,0.5932,590.0,0.5937,1100.0,0.5938,4245.0
1753617550042,11:59:10.042,phemex,ACE/USDT:USDT,0.5933,42.0,0.5932,590.0,0.5937,1100.0,0.5938,4245.0
1753617551296,11:59:11.296,phemex,ACE/USDT:USDT,0.5933,42.0,0.5932,590.0,0.5937,1100.0,0.5938,4245.0
1753617553172,11:59:13.172,phemex,ACE/USDT:USDT,0.5933,42.0,0.5932,590.0,0.5937,1058.0,0.5938,4245.0
1753617554112,11:59:14.112,phemex,ACE/USDT:USDT,0.5933,42.0,0.5932,590.0,0.5937,1012.0,0.5938,4245.0
1753617554751,11:59:14.751,phemex,ACE/USDT:USDT,0.5933,42.0,0.5932,590.0,0.5936,42.0,0.5937,1012.0
1753617554895,11:59:14.895,phemex,ACE/USDT:USDT,0.5933,42.0,0.5932,590.0,0.5937,1012.0,0.5938,4245.0
1753617554925,11:59:14.925,phemex,ACE/USDT:USDT,0.5933,42.0,0.5932,590.0,0.5937,1012.0,0.5938,4245.0
1753617555223,11:59:15.223,phemex,ACE/USDT:USDT,0.5933,42.0,0.5932,590.0,0.5936,1034.0,0.5937,3884.0
1753617556788,11:59:16.788,phemex,ACE/USDT:USDT,0.5933,42.0,0.5932,590.0,0.5936,992.0,0.5937,3884.0
1753617557304,11:59:17.304,phemex,ACE/USDT:USDT,0.5933,42.0,0.5932,590.0,0.5936,992.0,0.5937,3884.0
1753617558591,11:59:18.591,phemex,ACE/USDT:USDT,0.5933,42.0,0.5932,590.0,0.5938,6153.0,0.5939,1429.0
1753617558655,11:59:18.655,phemex,ACE/USDT:USDT,0.5933,42.0,0.5932,590.0,0.5937,42.0,0.5938,6153.0
1753617560350,11:59:20.350,phemex,ACE/USDT:USDT,0.5933,42.0,0.5932,590.0,0.5937,42.0,0.5938,6153.0
1753617560350,11:59:20.350,phemex,ACE/USDT:USDT,0.5933,42.0,0.5932,590.0,0.5937,42.0,0.5938,6153.0
1753617572297,11:59:32.297,phemex,ACE/USDT:USDT,0.5933,42.0,0.5932,590.0,0.5937,42.0,0.5938,6153.0
1753617574104,11:59:34.104,phemex,ACE/USDT:USDT,0.5933,596.0,0.5932,4291.0,0.5937,463.0,0.5938,6153.0
1753617574169,11:59:34.169,phemex,ACE/USDT:USDT,0.5934,42.0,0.5933,596.0,0.5937,463.0,0.5938,6153.0
1753617574870,11:59:34.870,phemex,ACE/USDT:USDT,0.5934,42.0,0.5933,1061.0,0.5937,975.0,0.5938,2305.0
1753617577810,11:59:37.810,phemex,ACE/USDT:USDT,0.5934,42.0,0.5933,1061.0,0.5936,42.0,0.5937,975.0
1753617577988,11:59:37.988,phemex,ACE/USDT:USDT,0.5934,42.0,0.5933,1061.0,0.5937,975.0,0.5938,2305.0
1753617578019,11:59:38.019,phemex,ACE/USDT:USDT,0.5934,42.0,0.5933,1061.0,0.5937,975.0,0.5938,2305.0
1753617580124,11:59:40.124,phemex,ACE/USDT:USDT,0.5934,1173.0,0.5933,3984.0,0.5938,42.0,0.5939,3586.0
1753617580131,11:59:40.131,phemex,ACE/USDT:USDT,0.5935,42.0,0.5934,1173.0,0.5938,42.0,0.5939,3586.0
1753617580806,11:59:40.806,phemex,ACE/USDT:USDT,0.5934,1173.0,0.5933,3984.0,0.5938,42.0,0.5939,3586.0
1753617580825,11:59:40.825,phemex,ACE/USDT:USDT,0.5935,42.0,0.5934,1173.0,0.5938,42.0,0.5939,3586.0
1753617582840,11:59:42.840,phemex,ACE/USDT:USDT,0.5935,42.0,0.5934,1173.0,0.5938,42.0,0.5939,3586.0
1753617584301,11:59:44.301,phemex,ACE/USDT:USDT,0.5935,42.0,0.5934,1173.0,0.5938,42.0,0.5939,3586.0
1753617584970,11:59:44.970,phemex,ACE/USDT:USDT,0.5935,42.0,0.5934,1173.0,0.5939,3586.0,0.594,2335.0
1753617585275,11:59:45.275,phemex,ACE/USDT:USDT,0.5935,42.0,0.5934,1173.0,0.5938,42.0,0.5939,3586.0
1753617585604,11:59:45.604,phemex,ACE/USDT:USDT,0.5935,42.0,0.5934,1173.0,0.5939,3586.0,0.594,2335.0
1753617585687,11:59:45.687,phemex,ACE/USDT:USDT,0.5935,42.0,0.5934,1173.0,0.5938,42.0,0.5939,3586.0
1753617586400,11:59:46.400,phemex,ACE/USDT:USDT,0.5936,1162.0,0.5935,1645.0,0.5938,804.0,0.5939,3586.0
1753617586413,11:59:46.413,phemex,ACE/USDT:USDT,0.5936,1162.0,0.5935,1645.0,0.5938,762.0,0.5939,3586.0
1753617586422,11:59:46.422,phemex,ACE/USDT:USDT,0.5936,1162.0,0.5935,1645.0,0.5938,762.0,0.5939,3586.0
1753617587088,11:59:47.088,phemex,ACE/USDT:USDT,0.5937,42.0,0.5936,1162.0,0.5938,762.0,0.5939,3586.0
1753617587118,11:59:47.118,phemex,ACE/USDT:USDT,0.5936,1162.0,0.5935,1645.0,0.5938,762.0,0.5939,3586.0
1753617588065,11:59:48.065,phemex,ACE/USDT:USDT,0.5936,1130.0,0.5935,1645.0,0.5938,762.0,0.5939,3586.0
1753617589747,11:59:49.747,phemex,ACE/USDT:USDT,0.5937,43.0,0.5936,1130.0,0.5938,762.0,0.5939,3586.0
1753617589782,11:59:49.782,phemex,ACE/USDT:USDT,0.5936,1130.0,0.5935,1645.0,0.5938,762.0,0.5939,3586.0
1753617589811,11:59:49.811,phemex,ACE/USDT:USDT,0.5937,43.0,0.5936,1130.0,0.5938,762.0,0.5939,3586.0
1753617589843,11:59:49.843,phemex,ACE/USDT:USDT,0.5936,1130.0,0.5935,1645.0,0.5938,762.0,0.5939,3586.0
1753617589860,11:59:49.860,phemex,ACE/USDT:USDT,0.5936,1130.0,0.5935,1645.0,0.5939,43.0,0.594,3819.0
1753617589890,11:59:49.890,phemex,ACE/USDT:USDT,0.5936,1130.0,0.5935,1645.0,0.5939,43.0,0.594,3819.0
1753617589928,11:59:49.928,phemex,ACE/USDT:USDT,0.5937,43.0,0.5936,1130.0,0.5939,43.0,0.594,3819.0
1753617590029,11:59:50.029,phemex,ACE/USDT:USDT,0.5936,1130.0,0.5935,1645.0,0.5939,43.0,0.594,3819.0
1753617590164,11:59:50.164,phemex,ACE/USDT:USDT,0.5937,43.0,0.5936,1130.0,0.5939,43.0,0.594,3819.0
1753617590263,11:59:50.263,phemex,ACE/USDT:USDT,0.5936,1130.0,0.5935,1645.0,0.5939,43.0,0.594,3819.0
1753617590305,11:59:50.305,phemex,ACE/USDT:USDT,0.5937,43.0,0.5936,1130.0,0.5939,43.0,0.594,3819.0
1753617590332,11:59:50.332,phemex,ACE/USDT:USDT,0.5936,1130.0,0.5935,1645.0,0.5939,43.0,0.594,3819.0
1753617592658,11:59:52.658,phemex,ACE/USDT:USDT,0.5936,1130.0,0.5935,1603.0,0.5939,43.0,0.594,3819.0
1753617592727,11:59:52.727,phemex,ACE/USDT:USDT,0.5936,1130.0,0.5935,1603.0,0.5939,43.0,0.594,3819.0
1753617593303,11:59:53.303,phemex,ACE/USDT:USDT,0.5936,1130.0,0.5935,1603.0,0.5939,43.0,0.594,3819.0
1753617596297,11:59:56.297,phemex,ACE/USDT:USDT,0.5936,1130.0,0.5935,1603.0,0.5939,43.0,0.594,3819.0
1753617598151,11:59:58.151,phemex,ACE/USDT:USDT,0.5936,1130.0,0.5935,1603.0,0.5938,570.0,0.5939,43.0
1753617598159,11:59:58.159,phemex,ACE/USDT:USDT,0.5936,1130.0,0.5935,1603.0,0.5937,43.0,0.5938,1056.0
1753617598213,11:59:58.213,phemex,ACE/USDT:USDT,0.5934,1420.0,0.5933,4527.0,0.5937,43.0,0.5938,1056.0
1753617598226,11:59:58.226,phemex,ACE/USDT:USDT,0.5934,42.0,0.5933,4527.0,0.5937,43.0,0.5938,1099.0
1753617598244,11:59:58.244,phemex,ACE/USDT:USDT,0.5933,4527.0,0.5932,3896.0,0.5937,43.0,0.5938,1099.0
1753617598293,11:59:58.293,phemex,ACE/USDT:USDT,0.5933,4527.0,0.5932,3896.0,0.5937,43.0,0.5938,1099.0
1753617598462,11:59:58.462,phemex,ACE/USDT:USDT,0.5934,43.0,0.5933,4527.0,0.5937,43.0,0.5938,1099.0
1753617599414,11:59:59.414,phemex,ACE/USDT:USDT,0.5934,43.0,0.5933,4527.0,0.5937,43.0,0.5938,1099.0
1753617599624,11:59:59.624,phemex,ACE/USDT:USDT,0.5934,42.0,0.5933,4527.0,0.5937,43.0,0.5938,1099.0
1753617601627,12:00:01.627,phemex,ACE/USDT:USDT,0.5934,42.0,0.5933,4527.0,0.5937,43.0,0.5938,1099.0
1753617602690,12:00:02.690,phemex,ACE/USDT:USDT,0.5934,42.0,0.5933,4527.0,0.5938,1099.0,0.5939,2541.0
1753617602820,12:00:02.820,phemex,ACE/USDT:USDT,0.5934,42.0,0.5933,4527.0,0.5938,1099.0,0.5939,2541.0
1753617603217,12:00:03.217,phemex,ACE/USDT:USDT,0.5936,1022.0,0.5935,8639.0,0.5939,547.0,0.594,2335.0
1753617603340,12:00:03.340,phemex,ACE/USDT:USDT,0.5936,1022.0,0.5935,8639.0,0.5938,42.0,0.5939,547.0
1753617603500,12:00:03.500,phemex,ACE/USDT:USDT,0.5936,1022.0,0.5935,8639.0,0.5938,42.0,0.5939,547.0
1753617603612,12:00:03.612,phemex,ACE/USDT:USDT,0.5936,1022.0,0.5935,8639.0,0.5939,547.0,0.594,2335.0
1753617603651,12:00:03.651,phemex,ACE/USDT:USDT,0.5937,42.0,0.5936,1022.0,0.5939,547.0,0.594,2335.0
1753617603744,12:00:03.744,phemex,ACE/USDT:USDT,0.5937,42.0,0.5936,1022.0,0.5939,547.0,0.594,2335.0
1753617603853,12:00:03.853,phemex,ACE/USDT:USDT,0.5937,42.0,0.5936,1022.0,0.5939,504.0,0.594,2335.0
1753617604030,12:00:04.030,phemex,ACE/USDT:USDT,0.5936,1022.0,0.5935,8639.0,0.5939,504.0,0.594,2335.0
1753617604314,12:00:04.314,phemex,ACE/USDT:USDT,0.5938,42.0,0.5936,1022.0,0.5939,504.0,0.594,2335.0
1753617604340,12:00:04.340,phemex,ACE/USDT:USDT,0.5936,1022.0,0.5935,8639.0,0.5939,504.0,0.594,2335.0
1753617604592,12:00:04.592,phemex,ACE/USDT:USDT,0.5938,42.0,0.5936,1022.0,0.5939,504.0,0.594,2335.0
1753617604616,12:00:04.616,phemex,ACE/USDT:USDT,0.5938,42.0,0.5936,1022.0,0.5939,504.0,0.594,2335.0
1753617604783,12:00:04.783,phemex,ACE/USDT:USDT,0.5936,1022.0,0.5935,8639.0,0.5939,504.0,0.594,2335.0
1753617605911,12:00:05.911,phemex,ACE/USDT:USDT,0.5936,1022.0,0.5935,8639.0,0.5938,42.0,0.5939,504.0
1753617605971,12:00:05.971,phemex,ACE/USDT:USDT,0.5936,1022.0,0.5935,8639.0,0.5939,504.0,0.594,2335.0
1753617606893,12:00:06.893,phemex,ACE/USDT:USDT,0.5936,1022.0,0.5935,8639.0,0.5938,42.0,0.5939,504.0
1753617606922,12:00:06.922,phemex,ACE/USDT:USDT,0.5936,1022.0,0.5935,8639.0,0.5939,546.0,0.594,2335.0
1753617606999,12:00:06.999,phemex,ACE/USDT:USDT,0.5936,1022.0,0.5935,8639.0,0.5938,42.0,0.5939,546.0
1753617607075,12:00:07.075,phemex,ACE/USDT:USDT,0.5936,1022.0,0.5935,8639.0,0.5939,546.0,0.594,2335.0
1753617607125,12:00:07.125,phemex,ACE/USDT:USDT,0.5936,1022.0,0.5935,8639.0,0.5939,42.0,0.594,386.0
1753617607160,12:00:07.160,phemex,ACE/USDT:USDT,0.5936,1022.0,0.5935,8639.0,0.5939,42.0,0.594,386.0
1753617607337,12:00:07.337,phemex,ACE/USDT:USDT,0.5936,1022.0,0.5935,8639.0,0.5939,42.0,0.594,386.0
1753617607562,12:00:07.562,phemex,ACE/USDT:USDT,0.5936,1022.0,0.5935,8639.0,0.5939,42.0,0.594,386.0
1753617607610,12:00:07.610,phemex,ACE/USDT:USDT,0.5936,1022.0,0.5935,8639.0,0.594,386.0,0.5941,4510.0
1753617608279,12:00:08.279,phemex,ACE/USDT:USDT,0.5936,1022.0,0.5935,8639.0,0.5939,42.0,0.594,386.0
1753617608294,12:00:08.294,phemex,ACE/USDT:USDT,0.5936,1022.0,0.5935,8639.0,0.594,386.0,0.5941,4510.0
1753617608405,12:00:08.405,phemex,ACE/USDT:USDT,0.5936,1022.0,0.5935,8639.0,0.5939,42.0,0.594,386.0
1753617608435,12:00:08.435,phemex,ACE/USDT:USDT,0.5937,741.0,0.5936,3108.0,0.5939,42.0,0.594,386.0
1753617608475,12:00:08.475,phemex,ACE/USDT:USDT,0.5937,741.0,0.5936,3108.0,0.594,344.0,0.5941,4510.0
1753617608480,12:00:08.480,phemex,ACE/USDT:USDT,0.5937,741.0,0.5936,3108.0,0.594,344.0,0.5941,4510.0
1753617608530,12:00:08.530,phemex,ACE/USDT:USDT,0.5937,741.0,0.5936,3108.0,0.594,344.0,0.5941,4510.0
1753617609047,12:00:09.047,phemex,ACE/USDT:USDT,0.5937,741.0,0.5936,3108.0,0.594,386.0,0.5941,4510.0
1753617609720,12:00:09.720,phemex,ACE/USDT:USDT,0.5937,741.0,0.5936,3108.0,0.594,386.0,0.5941,4510.0
1753617609746,12:00:09.746,phemex,ACE/USDT:USDT,0.5937,741.0,0.5936,3108.0,0.594,386.0,0.5941,4510.0
1753617609881,12:00:09.881,phemex,ACE/USDT:USDT,0.5937,741.0,0.5936,3108.0,0.5939,43.0,0.594,386.0
1753617610171,12:00:10.171,phemex,ACE/USDT:USDT,0.5937,741.0,0.5936,3108.0,0.594,386.0,0.5941,4510.0
1753617610216,12:00:10.216,phemex,ACE/USDT:USDT,0.5937,741.0,0.5936,3108.0,0.594,386.0,0.5941,4510.0
1753617611341,12:00:11.341,phemex,ACE/USDT:USDT,0.5937,741.0,0.5936,3108.0,0.5939,43.0,0.594,386.0
1753617612400,12:00:12.400,phemex,ACE/USDT:USDT,0.5937,741.0,0.5936,3108.0,0.5939,1094.0,0.594,1722.0
1753617612496,12:00:12.496,phemex,ACE/USDT:USDT,0.5937,741.0,0.5936,3108.0,0.5938,43.0,0.5939,1094.0
1753617612540,12:00:12.540,phemex,ACE/USDT:USDT,0.5937,741.0,0.5936,3108.0,0.5938,43.0,0.5939,1094.0
1753617613155,12:00:13.155,phemex,ACE/USDT:USDT,0.5937,402.0,0.5935,1439.0,0.5938,43.0,0.5939,1094.0
1753617613155,12:00:13.155,phemex,ACE/USDT:USDT,0.5935,3549.0,0.5934,3230.0,0.5938,43.0,0.5939,1094.0
1753617613199,12:00:13.199,phemex,ACE/USDT:USDT,0.5935,3549.0,0.5934,3230.0,0.5938,43.0,0.5939,1094.0
1753617613378,12:00:13.378,phemex,ACE/USDT:USDT,0.5935,3549.0,0.5934,3230.0,0.5938,43.0,0.5939,1094.0
1753617613390,12:00:13.390,phemex,ACE/USDT:USDT,0.5935,3549.0,0.5934,3459.0,0.5938,43.0,0.5939,1094.0
1753617613418,12:00:13.418,phemex,ACE/USDT:USDT,0.5935,3549.0,0.5934,3459.0,0.5938,43.0,0.5939,1094.0
1753617616629,12:00:16.629,phemex,ACE/USDT:USDT,0.5935,2110.0,0.5934,3459.0,0.5938,43.0,0.5939,1094.0
1753617616639,12:00:16.639,phemex,ACE/USDT:USDT,0.5934,42.0,0.5933,42.0,0.5938,43.0,0.5939,1094.0
1753617616649,12:00:16.649,phemex,ACE/USDT:USDT,0.5934,42.0,0.5933,42.0,0.5938,43.0,0.5939,1094.0
1753617616664,12:00:16.664,phemex,ACE/USDT:USDT,0.5933,42.0,0.5932,2518.0,0.5938,43.0,0.5939,1094.0
1753617616750,12:00:16.750,phemex,ACE/USDT:USDT,0.5933,42.0,0.5932,2518.0,0.5938,43.0,0.5939,1094.0
1753617616777,12:00:16.777,phemex,ACE/USDT:USDT,0.5933,42.0,0.5932,2518.0,0.5938,43.0,0.5939,1094.0
1753617617620,12:00:17.620,phemex,ACE/USDT:USDT,0.5933,42.0,0.5932,2518.0,0.5938,43.0,0.5939,1094.0
1753617617879,12:00:17.879,phemex,ACE/USDT:USDT,0.5933,42.0,0.5932,2518.0,0.5935,941.0,0.5936,5022.0
1753617617900,12:00:17.900,phemex,ACE/USDT:USDT,0.5932,2518.0,0.5931,3941.0,0.5935,941.0,0.5936,5022.0
1753617617938,12:00:17.938,phemex,ACE/USDT:USDT,0.5932,2518.0,0.5931,3941.0,0.5934,43.0,0.5935,941.0
1753617618517,12:00:18.517,phemex,ACE/USDT:USDT,0.5932,544.0,0.5931,42.0,0.5934,43.0,0.5935,941.0
1753617618964,12:00:18.964,phemex,ACE/USDT:USDT,0.5932,544.0,0.5931,42.0,0.5935,941.0,0.5936,5022.0
1753617619008,12:00:19.008,phemex,ACE/USDT:USDT,0.5932,544.0,0.5931,42.0,0.5935,941.0,0.5936,5022.0
1753617619245,12:00:19.245,phemex,ACE/USDT:USDT,0.5932,544.0,0.5931,42.0,0.5935,791.0,0.5936,5022.0
1753617620433,12:00:20.433,phemex,ACE/USDT:USDT,0.5932,544.0,0.593,42.0,0.5935,791.0,0.5936,5022.0
1753617620522,12:00:20.522,phemex,ACE/USDT:USDT,0.5932,544.0,0.593,42.0,0.5934,42.0,0.5935,791.0
1753617620570,12:00:20.570,phemex,ACE/USDT:USDT,0.5932,544.0,0.593,42.0,0.5934,42.0,0.5935,791.0
1753617621451,12:00:21.451,phemex,ACE/USDT:USDT,0.5932,544.0,0.593,42.0,0.5934,42.0,0.5935,833.0
1753617621518,12:00:21.518,phemex,ACE/USDT:USDT,0.5932,502.0,0.593,42.0,0.5934,42.0,0.5935,833.0
1753617621542,12:00:21.542,phemex,ACE/USDT:USDT,0.5932,502.0,0.593,42.0,0.5934,42.0,0.5935,833.0
1753617622404,12:00:22.404,phemex,ACE/USDT:USDT,0.5932,502.0,0.593,42.0,0.5935,833.0,0.5936,5022.0
1753617622490,12:00:22.490,phemex,ACE/USDT:USDT,0.5932,502.0,0.593,42.0,0.5935,833.0,0.5936,5022.0
1753617622567,12:00:22.567,phemex,ACE/USDT:USDT,0.5932,502.0,0.593,42.0,0.5934,42.0,0.5935,833.0
1753617623198,12:00:23.198,phemex,ACE/USDT:USDT,0.5932,502.0,0.593,42.0,0.5935,833.0,0.5936,5022.0
1753617623252,12:00:23.252,phemex,ACE/USDT:USDT,0.5932,502.0,0.593,42.0,0.5935,833.0,0.5936,5022.0
1753617624580,12:00:24.580,phemex,ACE/USDT:USDT,0.5933,714.0,0.5932,4432.0,0.5935,833.0,0.5936,5022.0
1753617625421,12:00:25.421,phemex,ACE/USDT:USDT,0.5933,714.0,0.5932,4432.0,0.5937,6271.0,0.5938,43.0
1753617625435,12:00:25.435,phemex,ACE/USDT:USDT,0.5933,714.0,0.5932,4432.0,0.5936,42.0,0.5937,6271.0
1753617625495,12:00:25.495,phemex,ACE/USDT:USDT,0.5933,714.0,0.5932,4432.0,0.5936,42.0,0.5938,1462.0
1753617625520,12:00:25.520,phemex,ACE/USDT:USDT,0.5933,714.0,0.5932,4432.0,0.5936,42.0,0.5938,1462.0
1753617626296,12:00:26.296,phemex,ACE/USDT:USDT,0.5933,714.0,0.5932,4432.0,0.5936,42.0,0.5938,1462.0
1753617626307,12:00:26.307,phemex,ACE/USDT:USDT,0.5933,714.0,0.5932,4661.0,0.5936,42.0,0.5938,1462.0
1753617626338,12:00:26.338,phemex,ACE/USDT:USDT,0.5933,714.0,0.5932,4661.0,0.5936,42.0,0.5938,1462.0
1753617626800,12:00:26.800,phemex,ACE/USDT:USDT,0.5933,714.0,0.5932,4661.0,0.5936,42.0,0.5938,665.0
1753617626802,12:00:26.802,phemex,ACE/USDT:USDT,0.5933,714.0,0.5932,4661.0,0.5938,665.0,0.5939,2332.0
1753617626861,12:00:26.861,phemex,ACE/USDT:USDT,0.5933,714.0,0.5932,4661.0,0.5937,42.0,0.5938,665.0
1753617627845,12:00:27.845,phemex,ACE/USDT:USDT,0.5933,714.0,0.5932,4661.0,0.5937,42.0,0.5938,43.0
1753617627863,12:00:27.863,phemex,ACE/USDT:USDT,0.5933,714.0,0.5932,4432.0,0.5938,43.0,0.5939,525.0
1753617628626,12:00:28.626,phemex,ACE/USDT:USDT,0.5933,714.0,0.5932,4432.0,0.5938,43.0,0.5939,525.0
1753617628720,12:00:28.720,phemex,ACE/USDT:USDT,0.5933,714.0,0.5932,4432.0,0.5938,43.0,0.5939,525.0
1753617629199,12:00:29.199,phemex,ACE/USDT:USDT,0.5932,630.0,0.5931,1774.0,0.5938,43.0,0.5939,525.0
1753617629207,12:00:29.207,phemex,ACE/USDT:USDT,0.5932,630.0,0.5931,1774.0,0.5938,43.0,0.5939,525.0
1753617631680,12:00:31.680,phemex,ACE/USDT:USDT,0.5932,532.0,0.5931,1774.0,0.5938,43.0,0.5939,525.0
1753617632297,12:00:32.297,phemex,ACE/USDT:USDT,0.5932,532.0,0.5931,1774.0,0.5938,43.0,0.5939,525.0
1753617633057,12:00:33.057,phemex,ACE/USDT:USDT,0.5932,532.0,0.5931,1774.0,0.5937,410.0,0.5938,43.0
1753617633079,12:00:33.079,phemex,ACE/USDT:USDT,0.5932,532.0,0.5931,1774.0,0.5936,42.0,0.5937,894.0
1753617633113,12:00:33.113,phemex,ACE/USDT:USDT,0.5932,532.0,0.5931,1774.0,0.5936,42.0,0.5937,936.0
1753617634216,12:00:34.216,phemex,ACE/USDT:USDT,0.5933,954.0,0.5932,1722.0,0.5936,42.0,0.5937,936.0
1753617635292,12:00:35.292,phemex,ACE/USDT:USDT,0.5933,954.0,0.5932,1722.0,0.5936,42.0,0.5937,936.0
1753617635591,12:00:35.591,phemex,ACE/USDT:USDT,0.5933,954.0,0.5932,1722.0,0.5936,42.0,0.5937,936.0
1753617636985,12:00:36.985,phemex,ACE/USDT:USDT,0.5933,954.0,0.5932,1722.0,0.5936,42.0,0.5937,42.0
1753617636997,12:00:36.997,phemex,ACE/USDT:USDT,0.5933,954.0,0.5932,1722.0,0.5937,42.0,0.5938,43.0
