timestamp,time,exchange,symbol,bid1_price,bid1_volume,bid2_price,bid2_volume,ask1_price,ask1_volume,ask2_price,ask2_volume
1753617143117,11:52:23.117,huobi,AERGO/USDT:USDT,0.13339,116.0,0.13312,37.0,0.13378,121.0,0.13384,1961.0
1753617163367,11:52:43.367,huobi,AERGO/USDT:USDT,0.13339,116.0,0.13312,37.0,0.13378,121.0,0.13384,1961.0
1753617164500,11:52:44.500,huobi,AERGO/USDT:USDT,0.13339,116.0,0.13311,1077.0,0.13378,121.0,0.13384,1961.0
1753617164535,11:52:44.535,huobi,AERGO/USDT:USDT,0.13339,116.0,0.13312,37.0,0.13378,121.0,0.13384,1961.0
1753617170748,11:52:50.748,huobi,AERGO/USDT:USDT,0.13339,116.0,0.13311,1077.0,0.13378,121.0,0.13384,1961.0
1753617170796,11:52:50.796,huobi,AERGO/USDT:USDT,0.1334,37.0,0.13339,116.0,0.13378,121.0,0.13384,1961.0
1753617170930,11:52:50.930,huobi,AERGO/USDT:USDT,0.13341,120.0,0.1334,997.0,0.13378,121.0,0.13384,1961.0
1753617171053,11:52:51.053,huobi,AERGO/USDT:USDT,0.13341,120.0,0.1334,997.0,0.13378,121.0,0.13384,1076.0
1753617171064,11:52:51.064,huobi,AERGO/USDT:USDT,0.13341,120.0,0.1334,997.0,0.13378,121.0,0.13384,116.0
1753617171111,11:52:51.111,huobi,AERGO/USDT:USDT,0.13341,120.0,0.1334,997.0,0.13386,120.0,0.13387,960.0
1753617171509,11:52:51.509,huobi,AERGO/USDT:USDT,0.13341,120.0,0.1334,997.0,0.13386,120.0,0.13387,960.0
1753617171529,11:52:51.529,huobi,AERGO/USDT:USDT,0.13341,120.0,0.1334,960.0,0.13386,120.0,0.13388,116.0
1753617171548,11:52:51.548,huobi,AERGO/USDT:USDT,0.13341,120.0,0.1334,960.0,0.13389,960.0,0.1339,116.0
1753617171590,11:52:51.590,huobi,AERGO/USDT:USDT,0.13341,120.0,0.1334,960.0,0.13388,120.0,0.13389,960.0
1753617171610,11:52:51.610,huobi,AERGO/USDT:USDT,0.13341,120.0,0.1334,960.0,0.13388,120.0,0.13389,960.0
1753617171649,11:52:51.649,huobi,AERGO/USDT:USDT,0.13341,120.0,0.1334,960.0,0.13388,120.0,0.13389,960.0
1753617171665,11:52:51.665,huobi,AERGO/USDT:USDT,0.13341,120.0,0.1334,997.0,0.13388,120.0,0.13389,960.0
1753617171804,11:52:51.804,huobi,AERGO/USDT:USDT,0.13341,120.0,0.1334,960.0,0.13388,120.0,0.13389,960.0
1753617171837,11:52:51.837,huobi,AERGO/USDT:USDT,0.13341,157.0,0.1334,960.0,0.13388,120.0,0.13389,960.0
1753617171855,11:52:51.855,huobi,AERGO/USDT:USDT,0.13341,157.0,0.1334,960.0,0.13388,120.0,0.1339,116.0
1753617171876,11:52:51.876,huobi,AERGO/USDT:USDT,0.13342,120.0,0.13341,37.0,0.1339,116.0,0.13398,960.0
1753617171908,11:52:51.908,huobi,AERGO/USDT:USDT,0.13342,120.0,0.13339,116.0,0.1339,116.0,0.13398,960.0
1753617171951,11:52:51.951,huobi,AERGO/USDT:USDT,0.13342,120.0,0.1334,960.0,0.1339,116.0,0.13398,960.0
1753617171968,11:52:51.968,huobi,AERGO/USDT:USDT,0.13342,120.0,0.1334,37.0,0.1339,116.0,0.13397,37.0
1753617172046,11:52:52.046,huobi,AERGO/USDT:USDT,0.13342,120.0,0.1334,37.0,0.1339,116.0,0.13397,37.0
1753617172071,11:52:52.071,huobi,AERGO/USDT:USDT,0.13342,120.0,0.13312,960.0,0.1339,116.0,0.13397,37.0
1753617172110,11:52:52.110,huobi,AERGO/USDT:USDT,0.13342,120.0,0.13313,37.0,0.1339,116.0,0.13397,37.0
1753617174527,11:52:54.527,huobi,AERGO/USDT:USDT,0.13342,120.0,0.13313,37.0,0.1339,116.0,0.13397,37.0
1753617174547,11:52:54.547,huobi,AERGO/USDT:USDT,0.13342,120.0,0.13313,37.0,0.1339,116.0,0.13397,37.0
1753617174576,11:52:54.576,huobi,AERGO/USDT:USDT,0.13342,120.0,0.13295,960.0,0.1339,116.0,0.13409,960.0
1753617174637,11:52:54.637,huobi,AERGO/USDT:USDT,0.13342,120.0,0.13296,37.0,0.1339,116.0,0.13408,37.0
1753617174688,11:52:54.688,huobi,AERGO/USDT:USDT,0.13342,120.0,0.13296,37.0,0.1339,116.0,0.13401,621.0
1753617174702,11:52:54.702,huobi,AERGO/USDT:USDT,0.13342,120.0,0.13296,37.0,0.1339,116.0,0.134,960.0
1753617174742,11:52:54.742,huobi,AERGO/USDT:USDT,0.13342,120.0,0.13308,894.0,0.1339,116.0,0.134,1080.0
1753617174756,11:52:54.756,huobi,AERGO/USDT:USDT,0.13342,120.0,0.13308,1014.0,0.1339,116.0,0.134,1080.0
1753617174808,11:52:54.808,huobi,AERGO/USDT:USDT,0.13342,120.0,0.13309,997.0,0.1339,116.0,0.13399,37.0
1753617174864,11:52:54.864,huobi,AERGO/USDT:USDT,0.13342,120.0,0.13309,997.0,0.1339,116.0,0.13399,37.0
1753617176861,11:52:56.861,huobi,AERGO/USDT:USDT,0.13342,120.0,0.13309,960.0,0.1339,116.0,0.13399,37.0
1753617176902,11:52:56.902,huobi,AERGO/USDT:USDT,0.13342,120.0,0.1331,37.0,0.1339,116.0,0.13399,37.0
1753617177194,11:52:57.194,huobi,AERGO/USDT:USDT,0.13342,120.0,0.1331,37.0,0.1339,116.0,0.13399,37.0
1753617179719,11:52:59.719,huobi,AERGO/USDT:USDT,0.13342,120.0,0.1331,37.0,0.1339,116.0,0.13399,37.0
1753617180839,11:53:00.839,huobi,AERGO/USDT:USDT,0.13342,120.0,0.1331,37.0,0.1339,116.0,0.13399,37.0
1753617180865,11:53:00.865,huobi,AERGO/USDT:USDT,0.13342,120.0,0.1331,37.0,0.1339,116.0,0.13395,907.0
1753617180879,11:53:00.879,huobi,AERGO/USDT:USDT,0.13342,120.0,0.1331,37.0,0.13388,119.0,0.13389,1568.0
1753617180913,11:53:00.913,huobi,AERGO/USDT:USDT,0.13342,120.0,0.1331,37.0,0.13388,1079.0,0.13389,1568.0
1753617180943,11:53:00.943,huobi,AERGO/USDT:USDT,0.13342,120.0,0.1331,37.0,0.13387,119.0,0.13388,960.0
1753617180975,11:53:00.975,huobi,AERGO/USDT:USDT,0.13342,120.0,0.1331,37.0,0.13387,119.0,0.13388,960.0
1753617181020,11:53:01.020,huobi,AERGO/USDT:USDT,0.13342,120.0,0.1331,37.0,0.13387,119.0,0.13388,960.0
1753617181054,11:53:01.054,huobi,AERGO/USDT:USDT,0.13342,120.0,0.1331,37.0,0.13387,119.0,0.13388,960.0
1753617181087,11:53:01.087,huobi,AERGO/USDT:USDT,0.13342,120.0,0.1331,37.0,0.13387,119.0,0.13388,960.0
1753617181432,11:53:01.432,huobi,AERGO/USDT:USDT,0.13342,120.0,0.1331,37.0,0.13387,119.0,0.13388,960.0
1753617181468,11:53:01.468,huobi,AERGO/USDT:USDT,0.13342,120.0,0.1331,37.0,0.13387,119.0,0.13389,960.0
1753617182341,11:53:02.341,huobi,AERGO/USDT:USDT,0.13342,120.0,0.1331,37.0,0.13387,119.0,0.1339,116.0
1753617182356,11:53:02.356,huobi,AERGO/USDT:USDT,0.13342,120.0,0.1331,37.0,0.13387,119.0,0.1339,1076.0
1753617182377,11:53:02.377,huobi,AERGO/USDT:USDT,0.13342,120.0,0.1331,37.0,0.1339,1076.0,0.13395,37.0
1753617182430,11:53:02.430,huobi,AERGO/USDT:USDT,0.13342,120.0,0.1331,37.0,0.13389,119.0,0.1339,960.0
1753617182456,11:53:02.456,huobi,AERGO/USDT:USDT,0.13342,120.0,0.1331,37.0,0.13389,119.0,0.1339,960.0
1753617182492,11:53:02.492,huobi,AERGO/USDT:USDT,0.13342,120.0,0.1331,37.0,0.13389,119.0,0.1339,960.0
1753617183621,11:53:03.621,huobi,AERGO/USDT:USDT,0.13342,120.0,0.1331,37.0,0.13389,119.0,0.13399,37.0
1753617183718,11:53:03.718,huobi,AERGO/USDT:USDT,0.13342,120.0,0.1331,37.0,0.13389,119.0,0.13399,997.0
1753617183776,11:53:03.776,huobi,AERGO/USDT:USDT,0.13342,120.0,0.1331,37.0,0.13389,119.0,0.13399,37.0
1753617183927,11:53:03.927,huobi,AERGO/USDT:USDT,0.13342,120.0,0.1331,37.0,0.13389,119.0,0.13399,37.0
1753617183983,11:53:03.983,huobi,AERGO/USDT:USDT,0.13342,120.0,0.1331,37.0,0.13389,119.0,0.13399,37.0
1753617184034,11:53:04.034,huobi,AERGO/USDT:USDT,0.13342,120.0,0.1331,37.0,0.13389,119.0,0.13399,37.0
1753617184122,11:53:04.122,huobi,AERGO/USDT:USDT,0.13342,120.0,0.1331,37.0,0.13389,119.0,0.13399,37.0
1753617184218,11:53:04.218,huobi,AERGO/USDT:USDT,0.13342,120.0,0.1331,37.0,0.13389,119.0,0.13399,37.0
1753617184244,11:53:04.244,huobi,AERGO/USDT:USDT,0.13342,120.0,0.1331,37.0,0.13389,119.0,0.13399,37.0
1753617184331,11:53:04.331,huobi,AERGO/USDT:USDT,0.13342,120.0,0.1331,37.0,0.13389,119.0,0.13399,37.0
1753617184479,11:53:04.479,huobi,AERGO/USDT:USDT,0.13342,120.0,0.1331,37.0,0.13388,429.0,0.13389,119.0
1753617184512,11:53:04.512,huobi,AERGO/USDT:USDT,0.13342,120.0,0.1331,37.0,0.13387,960.0,0.13388,429.0
1753617184543,11:53:04.543,huobi,AERGO/USDT:USDT,0.13342,120.0,0.1331,37.0,0.13386,119.0,0.13387,960.0
1753617184574,11:53:04.574,huobi,AERGO/USDT:USDT,0.13342,120.0,0.1331,37.0,0.13386,119.0,0.13387,960.0
1753617184601,11:53:04.601,huobi,AERGO/USDT:USDT,0.13342,120.0,0.1331,37.0,0.13386,119.0,0.13387,960.0
1753617184651,11:53:04.651,huobi,AERGO/USDT:USDT,0.13342,120.0,0.1331,37.0,0.13386,119.0,0.13387,960.0
1753617184713,11:53:04.713,huobi,AERGO/USDT:USDT,0.13342,120.0,0.1331,37.0,0.13386,119.0,0.13387,960.0
1753617184735,11:53:04.735,huobi,AERGO/USDT:USDT,0.13342,120.0,0.1331,37.0,0.13386,119.0,0.13387,960.0
1753617184773,11:53:04.773,huobi,AERGO/USDT:USDT,0.13342,120.0,0.1331,37.0,0.13386,119.0,0.13387,960.0
1753617185712,11:53:05.712,huobi,AERGO/USDT:USDT,0.13342,120.0,0.1331,37.0,0.13386,119.0,0.13389,119.0
1753617185735,11:53:05.735,huobi,AERGO/USDT:USDT,0.13342,120.0,0.1331,37.0,0.13389,119.0,0.13409,997.0
1753617185839,11:53:05.839,huobi,AERGO/USDT:USDT,0.13342,120.0,0.1331,37.0,0.13389,119.0,0.13409,37.0
1753617185906,11:53:05.906,huobi,AERGO/USDT:USDT,0.13342,120.0,0.1331,37.0,0.13389,119.0,0.13399,1029.0
1753617185920,11:53:05.920,huobi,AERGO/USDT:USDT,0.13342,120.0,0.1331,37.0,0.13389,119.0,0.13398,960.0
1753617185980,11:53:05.980,huobi,AERGO/USDT:USDT,0.13342,120.0,0.1331,37.0,0.13389,119.0,0.13397,37.0
1753617186028,11:53:06.028,huobi,AERGO/USDT:USDT,0.13342,120.0,0.1331,37.0,0.13389,119.0,0.13397,37.0
1753617187655,11:53:07.655,huobi,AERGO/USDT:USDT,0.13342,120.0,0.1331,37.0,0.13389,119.0,0.13397,37.0
1753617187708,11:53:07.708,huobi,AERGO/USDT:USDT,0.13342,120.0,0.1331,37.0,0.13389,119.0,0.13398,621.0
1753617187715,11:53:07.715,huobi,AERGO/USDT:USDT,0.13342,120.0,0.1331,37.0,0.13389,119.0,0.13396,37.0
1753617187754,11:53:07.754,huobi,AERGO/USDT:USDT,0.13342,120.0,0.1331,37.0,0.13389,119.0,0.13398,621.0
1753617187957,11:53:07.957,huobi,AERGO/USDT:USDT,0.13342,120.0,0.1331,37.0,0.13389,119.0,0.13397,37.0
1753617187999,11:53:07.999,huobi,AERGO/USDT:USDT,0.13342,120.0,0.1331,37.0,0.13389,119.0,0.13397,37.0
1753617188019,11:53:08.019,huobi,AERGO/USDT:USDT,0.13342,120.0,0.1331,37.0,0.13389,119.0,0.13409,960.0
1753617188056,11:53:08.056,huobi,AERGO/USDT:USDT,0.13342,120.0,0.1331,37.0,0.13389,119.0,0.13408,37.0
1753617188076,11:53:08.076,huobi,AERGO/USDT:USDT,0.13342,120.0,0.1331,37.0,0.13389,119.0,0.13409,960.0
1753617188118,11:53:08.118,huobi,AERGO/USDT:USDT,0.13342,120.0,0.1331,37.0,0.13389,119.0,0.13408,37.0
1753617188138,11:53:08.138,huobi,AERGO/USDT:USDT,0.13342,120.0,0.1331,37.0,0.13389,119.0,0.13409,960.0
1753617188193,11:53:08.193,huobi,AERGO/USDT:USDT,0.13342,120.0,0.1331,37.0,0.13389,119.0,0.13408,37.0
1753617188846,11:53:08.846,huobi,AERGO/USDT:USDT,0.13342,120.0,0.1331,37.0,0.13389,119.0,0.13397,621.0
1753617188872,11:53:08.872,huobi,AERGO/USDT:USDT,0.13342,120.0,0.1331,37.0,0.13389,119.0,0.13396,960.0
1753617188893,11:53:08.893,huobi,AERGO/USDT:USDT,0.13342,120.0,0.1331,37.0,0.13389,119.0,0.13396,960.0
1753617188967,11:53:08.967,huobi,AERGO/USDT:USDT,0.13342,120.0,0.1331,37.0,0.13389,119.0,0.13396,960.0
1753617189696,11:53:09.696,huobi,AERGO/USDT:USDT,0.13342,120.0,0.1331,37.0,0.13371,9.0,0.13389,119.0
1753617189737,11:53:09.737,huobi,AERGO/USDT:USDT,0.13342,120.0,0.1331,37.0,0.13388,76.0,0.13389,119.0
1753617189755,11:53:09.755,huobi,AERGO/USDT:USDT,0.13342,120.0,0.1331,37.0,0.13388,1036.0,0.13389,119.0
1753617189792,11:53:09.792,huobi,AERGO/USDT:USDT,0.13342,120.0,0.1331,37.0,0.13387,116.0,0.13388,76.0
1753617189815,11:53:09.815,huobi,AERGO/USDT:USDT,0.13342,120.0,0.1331,37.0,0.13387,116.0,0.13388,76.0
1753617189850,11:53:09.850,huobi,AERGO/USDT:USDT,0.13342,120.0,0.1331,37.0,0.13387,116.0,0.13388,76.0
1753617189875,11:53:09.875,huobi,AERGO/USDT:USDT,0.13342,120.0,0.1331,37.0,0.13387,116.0,0.13388,76.0
1753617189922,11:53:09.922,huobi,AERGO/USDT:USDT,0.13342,120.0,0.1331,37.0,0.13387,116.0,0.13388,76.0
1753617189935,11:53:09.935,huobi,AERGO/USDT:USDT,0.13342,120.0,0.1331,37.0,0.13387,116.0,0.13388,76.0
1753617190042,11:53:10.042,huobi,AERGO/USDT:USDT,0.13342,120.0,0.1331,37.0,0.13387,116.0,0.13388,76.0
1753617190064,11:53:10.064,huobi,AERGO/USDT:USDT,0.13342,120.0,0.1331,37.0,0.13387,116.0,0.13388,76.0
1753617190102,11:53:10.102,huobi,AERGO/USDT:USDT,0.13342,120.0,0.1331,37.0,0.13387,116.0,0.13388,76.0
1753617190317,11:53:10.317,huobi,AERGO/USDT:USDT,0.13342,120.0,0.1331,37.0,0.13387,116.0,0.13389,119.0
1753617190329,11:53:10.329,huobi,AERGO/USDT:USDT,0.13342,120.0,0.1331,37.0,0.13389,119.0,0.13392,960.0
1753617190355,11:53:10.355,huobi,AERGO/USDT:USDT,0.13342,120.0,0.1331,37.0,0.13389,119.0,0.13393,116.0
1753617190397,11:53:10.397,huobi,AERGO/USDT:USDT,0.13342,120.0,0.1331,37.0,0.13393,116.0,0.13394,997.0
1753617190414,11:53:10.414,huobi,AERGO/USDT:USDT,0.13342,120.0,0.1331,37.0,0.13391,116.0,0.13392,1115.0
1753617190464,11:53:10.464,huobi,AERGO/USDT:USDT,0.13342,120.0,0.1331,37.0,0.13391,116.0,0.13392,960.0
1753617190525,11:53:10.525,huobi,AERGO/USDT:USDT,0.13342,120.0,0.1331,37.0,0.13391,116.0,0.13392,960.0
1753617190546,11:53:10.546,huobi,AERGO/USDT:USDT,0.13342,120.0,0.1331,37.0,0.13391,116.0,0.13392,960.0
1753617190570,11:53:10.570,huobi,AERGO/USDT:USDT,0.13342,120.0,0.1331,37.0,0.13391,960.0,0.13392,960.0
1753617190666,11:53:10.666,huobi,AERGO/USDT:USDT,0.13342,120.0,0.1331,37.0,0.1339,116.0,0.13391,960.0
1753617192404,11:53:12.404,huobi,AERGO/USDT:USDT,0.13342,120.0,0.1331,37.0,0.1339,116.0,0.13391,960.0
1753617192440,11:53:12.440,huobi,AERGO/USDT:USDT,0.13342,120.0,0.1331,37.0,0.1339,116.0,0.13392,960.0
1753617192474,11:53:12.474,huobi,AERGO/USDT:USDT,0.13342,120.0,0.1331,37.0,0.1339,116.0,0.13392,960.0
1753617192509,11:53:12.509,huobi,AERGO/USDT:USDT,0.13342,120.0,0.1331,37.0,0.1339,116.0,0.13392,960.0
1753617192522,11:53:12.522,huobi,AERGO/USDT:USDT,0.13342,120.0,0.1331,37.0,0.1339,116.0,0.13392,960.0
1753617192720,11:53:12.720,huobi,AERGO/USDT:USDT,0.13342,120.0,0.1331,37.0,0.1339,116.0,0.13392,960.0
1753617193952,11:53:13.952,huobi,AERGO/USDT:USDT,0.13342,120.0,0.1331,37.0,0.13389,147.0,0.1339,116.0
1753617193968,11:53:13.968,huobi,AERGO/USDT:USDT,0.13342,120.0,0.1331,37.0,0.13389,1107.0,0.1339,116.0
1753617193994,11:53:13.994,huobi,AERGO/USDT:USDT,0.13342,120.0,0.1331,37.0,0.13388,116.0,0.13389,960.0
1753617194080,11:53:14.080,huobi,AERGO/USDT:USDT,0.13342,120.0,0.1331,37.0,0.13388,116.0,0.13389,960.0
1753617195027,11:53:15.027,huobi,AERGO/USDT:USDT,0.13342,120.0,0.1331,37.0,0.13388,116.0,0.13389,960.0
1753617195041,11:53:15.041,huobi,AERGO/USDT:USDT,0.13342,120.0,0.1331,37.0,0.13388,1076.0,0.13389,960.0
1753617195148,11:53:15.148,huobi,AERGO/USDT:USDT,0.13342,120.0,0.1331,37.0,0.13387,116.0,0.13388,960.0
1753617196020,11:53:16.020,huobi,AERGO/USDT:USDT,0.13342,120.0,0.1331,37.0,0.13387,116.0,0.13393,116.0
1753617196026,11:53:16.026,huobi,AERGO/USDT:USDT,0.13342,120.0,0.1331,37.0,0.13387,116.0,0.13393,116.0
1753617196056,11:53:16.056,huobi,AERGO/USDT:USDT,0.13342,120.0,0.1331,37.0,0.13391,118.0,0.13392,960.0
1753617196149,11:53:16.149,huobi,AERGO/USDT:USDT,0.13342,120.0,0.1331,37.0,0.13391,118.0,0.13392,960.0
1753617196230,11:53:16.230,huobi,AERGO/USDT:USDT,0.13342,120.0,0.1331,37.0,0.13391,118.0,0.13392,960.0
1753617196263,11:53:16.263,huobi,AERGO/USDT:USDT,0.13342,120.0,0.1331,37.0,0.13391,118.0,0.13392,960.0
1753617196292,11:53:16.292,huobi,AERGO/USDT:USDT,0.13342,120.0,0.1331,37.0,0.13391,118.0,0.13392,960.0
1753617196317,11:53:16.317,huobi,AERGO/USDT:USDT,0.13342,120.0,0.1331,37.0,0.13391,118.0,0.13392,960.0
1753617196327,11:53:16.327,huobi,AERGO/USDT:USDT,0.13342,120.0,0.1331,37.0,0.13391,118.0,0.13393,116.0
1753617196362,11:53:16.362,huobi,AERGO/USDT:USDT,0.13342,120.0,0.1331,37.0,0.13393,116.0,0.13394,997.0
1753617196425,11:53:16.425,huobi,AERGO/USDT:USDT,0.13342,120.0,0.1331,37.0,0.13393,116.0,0.13394,997.0
1753617196474,11:53:16.474,huobi,AERGO/USDT:USDT,0.13342,120.0,0.13311,37.0,0.13393,116.0,0.13394,960.0
1753617196497,11:53:16.497,huobi,AERGO/USDT:USDT,0.13342,120.0,0.13311,37.0,0.13393,116.0,0.13394,997.0
1753617196505,11:53:16.505,huobi,AERGO/USDT:USDT,0.13342,120.0,0.13309,960.0,0.13393,116.0,0.13394,997.0
1753617196537,11:53:16.537,huobi,AERGO/USDT:USDT,0.13342,120.0,0.1331,37.0,0.13393,116.0,0.13394,997.0
1753617197105,11:53:17.105,huobi,AERGO/USDT:USDT,0.13342,120.0,0.13309,960.0,0.13393,116.0,0.13394,997.0
1753617197142,11:53:17.142,huobi,AERGO/USDT:USDT,0.13342,120.0,0.1331,37.0,0.13393,116.0,0.13394,960.0
1753617197329,11:53:17.329,huobi,AERGO/USDT:USDT,0.13342,120.0,0.13309,960.0,0.13393,116.0,0.13394,997.0
1753617197352,11:53:17.352,huobi,AERGO/USDT:USDT,0.13343,37.0,0.13342,120.0,0.13393,116.0,0.13394,960.0
1753617197385,11:53:17.385,huobi,AERGO/USDT:USDT,0.13344,118.0,0.13343,37.0,0.13393,116.0,0.13394,960.0
1753617197507,11:53:17.507,huobi,AERGO/USDT:USDT,0.13344,118.0,0.13343,997.0,0.13393,116.0,0.13394,960.0
1753617197660,11:53:17.660,huobi,AERGO/USDT:USDT,0.13344,118.0,0.13343,997.0,0.13393,116.0,0.13394,960.0
1753617197701,11:53:17.701,huobi,AERGO/USDT:USDT,0.13344,118.0,0.13343,997.0,0.13393,116.0,0.13394,960.0
1753617197720,11:53:17.720,huobi,AERGO/USDT:USDT,0.13344,118.0,0.13343,997.0,0.13393,116.0,0.13394,960.0
1753617197759,11:53:17.759,huobi,AERGO/USDT:USDT,0.13344,118.0,0.13343,997.0,0.13393,116.0,0.13394,960.0
1753617197796,11:53:17.796,huobi,AERGO/USDT:USDT,0.13344,118.0,0.13343,997.0,0.13393,116.0,0.13394,960.0
1753617197851,11:53:17.851,huobi,AERGO/USDT:USDT,0.13344,118.0,0.13343,997.0,0.13393,116.0,0.13394,960.0
1753617197951,11:53:17.951,huobi,AERGO/USDT:USDT,0.13344,118.0,0.13343,997.0,0.13393,116.0,0.13394,960.0
1753617197986,11:53:17.986,huobi,AERGO/USDT:USDT,0.13344,118.0,0.13343,997.0,0.13393,116.0,0.13394,960.0
1753617198047,11:53:18.047,huobi,AERGO/USDT:USDT,0.13344,118.0,0.13343,997.0,0.13393,116.0,0.13394,960.0
1753617198070,11:53:18.070,huobi,AERGO/USDT:USDT,0.13344,118.0,0.13343,997.0,0.13393,116.0,0.13394,960.0
1753617198127,11:53:18.127,huobi,AERGO/USDT:USDT,0.13344,118.0,0.13343,997.0,0.13393,116.0,0.13394,960.0
1753617198670,11:53:18.670,huobi,AERGO/USDT:USDT,0.13344,118.0,0.13343,997.0,0.13393,116.0,0.13394,960.0
1753617198701,11:53:18.701,huobi,AERGO/USDT:USDT,0.13344,118.0,0.13343,997.0,0.13393,116.0,0.13394,960.0
1753617199695,11:53:19.695,huobi,AERGO/USDT:USDT,0.13344,118.0,0.13343,960.0,0.13393,116.0,0.13394,960.0
1753617199725,11:53:19.725,huobi,AERGO/USDT:USDT,0.13344,155.0,0.13343,960.0,0.13393,116.0,0.13394,960.0
1753617199752,11:53:19.752,huobi,AERGO/USDT:USDT,0.13345,118.0,0.13343,960.0,0.13393,116.0,0.13394,960.0
1753617199788,11:53:19.788,huobi,AERGO/USDT:USDT,0.13345,118.0,0.13342,120.0,0.13393,116.0,0.13394,997.0
1753617199809,11:53:19.809,huobi,AERGO/USDT:USDT,0.13345,118.0,0.13342,120.0,0.13393,116.0,0.13394,997.0
1753617199846,11:53:19.846,huobi,AERGO/USDT:USDT,0.13345,118.0,0.13343,37.0,0.13393,116.0,0.13394,960.0
1753617199891,11:53:19.891,huobi,AERGO/USDT:USDT,0.13345,118.0,0.13343,37.0,0.13393,116.0,0.13394,960.0
1753617200042,11:53:20.042,huobi,AERGO/USDT:USDT,0.13345,118.0,0.13343,37.0,0.13393,116.0,0.13394,960.0
1753617200076,11:53:20.076,huobi,AERGO/USDT:USDT,0.13345,118.0,0.13343,37.0,0.13393,116.0,0.13394,960.0
1753617200128,11:53:20.128,huobi,AERGO/USDT:USDT,0.13345,118.0,0.13342,120.0,0.13393,116.0,0.13394,997.0
1753617200139,11:53:20.139,huobi,AERGO/USDT:USDT,0.13345,118.0,0.13342,120.0,0.13393,116.0,0.13394,997.0
1753617200184,11:53:20.184,huobi,AERGO/USDT:USDT,0.13342,120.0,0.1331,37.0,0.13393,116.0,0.13394,997.0
1753617200231,11:53:20.231,huobi,AERGO/USDT:USDT,0.13342,120.0,0.13311,960.0,0.13393,116.0,0.13394,997.0
1753617200269,11:53:20.269,huobi,AERGO/USDT:USDT,0.13342,120.0,0.1331,155.0,0.13393,116.0,0.13394,997.0
1753617200388,11:53:20.388,huobi,AERGO/USDT:USDT,0.13342,120.0,0.13311,960.0,0.13393,116.0,0.13394,997.0
1753617202488,11:53:22.488,huobi,AERGO/USDT:USDT,0.13342,120.0,0.13311,960.0,0.13393,116.0,0.13394,997.0
1753617202520,11:53:22.520,huobi,AERGO/USDT:USDT,0.13342,120.0,0.1331,118.0,0.13393,116.0,0.13394,997.0
1753617202538,11:53:22.538,huobi,AERGO/USDT:USDT,0.1331,118.0,0.13309,960.0,0.13393,116.0,0.13394,997.0
1753617202575,11:53:22.575,huobi,AERGO/USDT:USDT,0.1331,118.0,0.13309,960.0,0.13393,116.0,0.13394,997.0
1753617202598,11:53:22.598,huobi,AERGO/USDT:USDT,0.13312,118.0,0.13311,37.0,0.13393,116.0,0.13394,997.0
1753617202643,11:53:22.643,huobi,AERGO/USDT:USDT,0.13312,118.0,0.1331,118.0,0.13393,116.0,0.13394,2022.0
1753617202656,11:53:22.656,huobi,AERGO/USDT:USDT,0.13313,37.0,0.13312,118.0,0.13393,116.0,0.13394,2022.0
1753617202704,11:53:22.704,huobi,AERGO/USDT:USDT,0.13313,37.0,0.13312,118.0,0.13391,118.0,0.13392,851.0
1753617202725,11:53:22.725,huobi,AERGO/USDT:USDT,0.13314,118.0,0.13313,37.0,0.13391,118.0,0.13393,116.0
1753617202764,11:53:22.764,huobi,AERGO/USDT:USDT,0.13315,37.0,0.13314,118.0,0.13391,118.0,0.13393,116.0
1753617202781,11:53:22.781,huobi,AERGO/USDT:USDT,0.13315,37.0,0.13314,118.0,0.13391,118.0,0.13393,116.0
1753617202807,11:53:22.807,huobi,AERGO/USDT:USDT,0.13315,37.0,0.13314,118.0,0.13391,118.0,0.13393,116.0
1753617202856,11:53:22.856,huobi,AERGO/USDT:USDT,0.13316,118.0,0.13315,37.0,0.13393,116.0,0.13394,960.0
1753617202923,11:53:22.923,huobi,AERGO/USDT:USDT,0.13316,118.0,0.13314,118.0,0.13393,116.0,0.13394,960.0
1753617202932,11:53:22.932,huobi,AERGO/USDT:USDT,0.13317,37.0,0.13316,118.0,0.13393,116.0,0.13394,960.0
1753617202959,11:53:22.959,huobi,AERGO/USDT:USDT,0.13318,118.0,0.13317,37.0,0.13393,116.0,0.13394,960.0
1753617203036,11:53:23.036,huobi,AERGO/USDT:USDT,0.13319,37.0,0.13318,118.0,0.13393,116.0,0.13394,960.0
1753617203069,11:53:23.069,huobi,AERGO/USDT:USDT,0.1332,118.0,0.13319,37.0,0.13393,116.0,0.13394,960.0
1753617203084,11:53:23.084,huobi,AERGO/USDT:USDT,0.1332,118.0,0.13319,37.0,0.13393,116.0,0.13394,960.0
1753617203134,11:53:23.134,huobi,AERGO/USDT:USDT,0.13321,37.0,0.1332,118.0,0.13393,116.0,0.13394,960.0
1753617203173,11:53:23.173,huobi,AERGO/USDT:USDT,0.13322,118.0,0.1332,118.0,0.13393,116.0,0.13394,960.0
1753617203220,11:53:23.220,huobi,AERGO/USDT:USDT,0.13323,37.0,0.13322,118.0,0.13391,118.0,0.13392,434.0
1753617203234,11:53:23.234,huobi,AERGO/USDT:USDT,0.13324,118.0,0.13323,37.0,0.13391,118.0,0.13392,434.0
1753617203296,11:53:23.296,huobi,AERGO/USDT:USDT,0.13325,37.0,0.13324,118.0,0.13391,118.0,0.13393,116.0
1753617203339,11:53:23.339,huobi,AERGO/USDT:USDT,0.13326,118.0,0.13324,118.0,0.13391,118.0,0.13393,116.0
1753617203350,11:53:23.350,huobi,AERGO/USDT:USDT,0.13326,118.0,0.13324,118.0,0.13393,116.0,0.13394,960.0
1753617203379,11:53:23.379,huobi,AERGO/USDT:USDT,0.13328,118.0,0.13327,37.0,0.13393,116.0,0.13394,960.0
1753617203514,11:53:23.514,huobi,AERGO/USDT:USDT,0.13328,118.0,0.13327,997.0,0.13393,116.0,0.13394,960.0
1753617203559,11:53:23.559,huobi,AERGO/USDT:USDT,0.13328,118.0,0.13327,997.0,0.13393,116.0,0.13394,960.0
1753617203583,11:53:23.583,huobi,AERGO/USDT:USDT,0.13328,118.0,0.13327,997.0,0.13393,116.0,0.13394,960.0
1753617203619,11:53:23.619,huobi,AERGO/USDT:USDT,0.13328,118.0,0.13327,997.0,0.13393,116.0,0.13394,960.0
1753617203653,11:53:23.653,huobi,AERGO/USDT:USDT,0.13328,118.0,0.13327,997.0,0.13393,116.0,0.13394,960.0
1753617203825,11:53:23.825,huobi,AERGO/USDT:USDT,0.13328,118.0,0.13327,997.0,0.13392,737.0,0.13393,116.0
1753617204022,11:53:24.022,huobi,AERGO/USDT:USDT,0.13328,118.0,0.13327,960.0,0.13391,118.0,0.13392,737.0
1753617204060,11:53:24.060,huobi,AERGO/USDT:USDT,0.13329,37.0,0.13328,118.0,0.13391,118.0,0.13392,737.0
1753617204075,11:53:24.075,huobi,AERGO/USDT:USDT,0.1333,118.0,0.13329,37.0,0.13391,118.0,0.13392,737.0
1753617204197,11:53:24.197,huobi,AERGO/USDT:USDT,0.1333,118.0,0.13329,997.0,0.13391,118.0,0.13393,116.0
1753617205239,11:53:25.239,huobi,AERGO/USDT:USDT,0.1333,118.0,0.13329,997.0,0.13393,116.0,0.13394,960.0
1753617205304,11:53:25.304,huobi,AERGO/USDT:USDT,0.1333,118.0,0.13329,37.0,0.13393,116.0,0.13394,960.0
1753617205418,11:53:25.418,huobi,AERGO/USDT:USDT,0.1333,118.0,0.13329,37.0,0.13392,737.0,0.13393,116.0
1753617205430,11:53:25.430,huobi,AERGO/USDT:USDT,0.1333,118.0,0.13329,37.0,0.13391,121.0,0.13392,737.0
1753617205457,11:53:25.457,huobi,AERGO/USDT:USDT,0.1333,118.0,0.13329,37.0,0.13391,121.0,0.13393,116.0
1753617205590,11:53:25.590,huobi,AERGO/USDT:USDT,0.1333,118.0,0.13327,960.0,0.13391,121.0,0.13393,116.0
1753617205613,11:53:25.613,huobi,AERGO/USDT:USDT,0.1333,118.0,0.13326,118.0,0.13393,116.0,0.13394,960.0
1753617205627,11:53:25.627,huobi,AERGO/USDT:USDT,0.13331,37.0,0.13326,118.0,0.13393,116.0,0.13394,960.0
1753617205659,11:53:25.659,huobi,AERGO/USDT:USDT,0.13332,121.0,0.13326,118.0,0.13393,116.0,0.13394,960.0
1753617205699,11:53:25.699,huobi,AERGO/USDT:USDT,0.13333,37.0,0.13332,121.0,0.13393,116.0,0.13394,960.0
1753617205716,11:53:25.716,huobi,AERGO/USDT:USDT,0.13334,121.0,0.13333,37.0,0.13393,116.0,0.13394,960.0
1753617205763,11:53:25.763,huobi,AERGO/USDT:USDT,0.13334,121.0,0.13332,121.0,0.13393,116.0,0.13394,960.0
1753617205801,11:53:25.801,huobi,AERGO/USDT:USDT,0.13335,37.0,0.13334,121.0,0.13393,116.0,0.13394,960.0
1753617205814,11:53:25.814,huobi,AERGO/USDT:USDT,0.13336,121.0,0.13335,37.0,0.13393,116.0,0.13394,960.0
1753617205870,11:53:25.870,huobi,AERGO/USDT:USDT,0.13337,37.0,0.13336,121.0,0.13393,116.0,0.13394,960.0
1753617205897,11:53:25.897,huobi,AERGO/USDT:USDT,0.13338,121.0,0.13337,37.0,0.13393,116.0,0.13394,960.0
1753617205931,11:53:25.931,huobi,AERGO/USDT:USDT,0.13338,121.0,0.13336,121.0,0.13393,116.0,0.13394,960.0
1753617205965,11:53:25.965,huobi,AERGO/USDT:USDT,0.1334,121.0,0.13339,37.0,0.13393,116.0,0.13394,960.0
1753617206024,11:53:26.024,huobi,AERGO/USDT:USDT,0.13341,37.0,0.1334,121.0,0.13393,116.0,0.13394,960.0
1753617206060,11:53:26.060,huobi,AERGO/USDT:USDT,0.13342,121.0,0.1334,121.0,0.13393,116.0,0.13394,960.0
1753617206091,11:53:26.091,huobi,AERGO/USDT:USDT,0.13342,121.0,0.1334,121.0,0.13393,116.0,0.13394,960.0
1753617206110,11:53:26.110,huobi,AERGO/USDT:USDT,0.13344,121.0,0.13343,37.0,0.13393,116.0,0.13394,960.0
1753617206138,11:53:26.138,huobi,AERGO/USDT:USDT,0.13344,121.0,0.13343,37.0,0.13393,116.0,0.13394,960.0
1753617206183,11:53:26.183,huobi,AERGO/USDT:USDT,0.13344,121.0,0.13343,37.0,0.13393,116.0,0.13413,997.0
1753617206202,11:53:26.202,huobi,AERGO/USDT:USDT,0.13344,121.0,0.13343,37.0,0.13393,116.0,0.13413,960.0
1753617206234,11:53:26.234,huobi,AERGO/USDT:USDT,0.13344,121.0,0.13343,37.0,0.13393,116.0,0.13412,37.0
1753617206607,11:53:26.607,huobi,AERGO/USDT:USDT,0.13344,121.0,0.13343,37.0,0.13393,116.0,0.13412,37.0
1753617206643,11:53:26.643,huobi,AERGO/USDT:USDT,0.13344,121.0,0.13343,37.0,0.13393,116.0,0.13412,37.0
1753617206687,11:53:26.687,huobi,AERGO/USDT:USDT,0.13344,121.0,0.13343,37.0,0.13392,573.0,0.13393,116.0
1753617206710,11:53:26.710,huobi,AERGO/USDT:USDT,0.13344,121.0,0.13343,997.0,0.13391,121.0,0.13392,573.0
1753617206738,11:53:26.738,huobi,AERGO/USDT:USDT,0.13344,121.0,0.13343,960.0,0.13391,1081.0,0.13392,573.0
1753617206767,11:53:26.767,huobi,AERGO/USDT:USDT,0.13344,121.0,0.13343,960.0,0.1339,121.0,0.13391,960.0
1753617206817,11:53:26.817,huobi,AERGO/USDT:USDT,0.13345,121.0,0.13344,37.0,0.1339,121.0,0.13393,116.0
1753617206828,11:53:26.828,huobi,AERGO/USDT:USDT,0.13345,121.0,0.13344,37.0,0.1339,121.0,0.13393,116.0
1753617206875,11:53:26.875,huobi,AERGO/USDT:USDT,0.13345,121.0,0.13343,37.0,0.1339,121.0,0.13393,116.0
1753617206916,11:53:26.916,huobi,AERGO/USDT:USDT,0.13345,121.0,0.13343,37.0,0.13393,116.0,0.13407,1118.0
1753617207760,11:53:27.760,huobi,AERGO/USDT:USDT,0.13345,121.0,0.13343,37.0,0.13393,116.0,0.13407,1118.0
1753617207812,11:53:27.812,huobi,AERGO/USDT:USDT,0.13345,121.0,0.13344,37.0,0.13393,116.0,0.13407,1118.0
1753617207830,11:53:27.830,huobi,AERGO/USDT:USDT,0.13345,121.0,0.13341,960.0,0.13393,116.0,0.13407,1118.0
1753617207871,11:53:27.871,huobi,AERGO/USDT:USDT,0.13345,121.0,0.13342,37.0,0.13393,116.0,0.13407,1118.0
1753617208020,11:53:28.020,huobi,AERGO/USDT:USDT,0.13345,121.0,0.13342,37.0,0.13393,116.0,0.13407,1118.0
1753617208052,11:53:28.052,huobi,AERGO/USDT:USDT,0.13345,121.0,0.13342,37.0,0.13393,116.0,0.13407,1118.0
1753617208599,11:53:28.599,huobi,AERGO/USDT:USDT,0.13345,121.0,0.13342,37.0,0.13393,116.0,0.13407,1081.0
1753617208631,11:53:28.631,huobi,AERGO/USDT:USDT,0.13345,121.0,0.13342,37.0,0.13391,121.0,0.13392,508.0
1753617208739,11:53:28.739,huobi,AERGO/USDT:USDT,0.13345,121.0,0.13342,37.0,0.1339,121.0,0.13391,960.0
1753617208768,11:53:28.768,huobi,AERGO/USDT:USDT,0.13345,121.0,0.13342,37.0,0.1339,121.0,0.13391,960.0
1753617208790,11:53:28.790,huobi,AERGO/USDT:USDT,0.13345,121.0,0.13342,37.0,0.1339,121.0,0.13391,960.0
1753617208828,11:53:28.828,huobi,AERGO/USDT:USDT,0.13345,121.0,0.13342,37.0,0.1339,121.0,0.13391,960.0
1753617209784,11:53:29.784,huobi,AERGO/USDT:USDT,0.13345,121.0,0.13342,37.0,0.1339,121.0,0.13393,116.0
1753617209797,11:53:29.797,huobi,AERGO/USDT:USDT,0.13345,121.0,0.13342,37.0,0.13393,116.0,0.13402,960.0
1753617209863,11:53:29.863,huobi,AERGO/USDT:USDT,0.13345,121.0,0.13342,37.0,0.13393,116.0,0.13401,37.0
1753617210239,11:53:30.239,huobi,AERGO/USDT:USDT,0.13345,121.0,0.13342,37.0,0.13393,116.0,0.13401,37.0
1753617210255,11:53:30.255,huobi,AERGO/USDT:USDT,0.13345,121.0,0.13342,37.0,0.13393,116.0,0.13401,37.0
1753617210277,11:53:30.277,huobi,AERGO/USDT:USDT,0.13345,121.0,0.13339,960.0,0.13393,116.0,0.13401,37.0
1753617210317,11:53:30.317,huobi,AERGO/USDT:USDT,0.13345,121.0,0.1334,37.0,0.13393,116.0,0.13401,37.0
1753617212379,11:53:32.379,huobi,AERGO/USDT:USDT,0.13345,121.0,0.1334,37.0,0.13392,320.0,0.13393,116.0
1753617212420,11:53:32.420,huobi,AERGO/USDT:USDT,0.13345,121.0,0.1334,37.0,0.13391,1081.0,0.13392,320.0
1753617212447,11:53:32.447,huobi,AERGO/USDT:USDT,0.13345,121.0,0.1334,37.0,0.1339,121.0,0.13391,960.0
1753617212503,11:53:32.503,huobi,AERGO/USDT:USDT,0.13345,121.0,0.1334,37.0,0.1339,121.0,0.13393,116.0
1753617212530,11:53:32.530,huobi,AERGO/USDT:USDT,0.13345,121.0,0.1334,37.0,0.1339,121.0,0.13393,116.0
1753617212573,11:53:32.573,huobi,AERGO/USDT:USDT,0.13345,121.0,0.1334,37.0,0.13393,116.0,0.134,960.0
1753617212740,11:53:32.740,huobi,AERGO/USDT:USDT,0.13345,121.0,0.1334,37.0,0.13393,116.0,0.13399,37.0
1753617212766,11:53:32.766,huobi,AERGO/USDT:USDT,0.13345,121.0,0.1334,37.0,0.13393,116.0,0.13399,37.0
1753617212823,11:53:32.823,huobi,AERGO/USDT:USDT,0.13345,121.0,0.13341,37.0,0.13393,116.0,0.13399,37.0
1753617212834,11:53:32.834,huobi,AERGO/USDT:USDT,0.13345,121.0,0.13341,37.0,0.13393,116.0,0.13399,37.0
1753617212859,11:53:32.859,huobi,AERGO/USDT:USDT,0.13345,121.0,0.13337,960.0,0.13393,116.0,0.13414,116.0
1753617212885,11:53:32.885,huobi,AERGO/USDT:USDT,0.13345,121.0,0.13342,37.0,0.13414,116.0,0.13416,439.0
1753617212931,11:53:32.931,huobi,AERGO/USDT:USDT,0.13345,121.0,0.13337,960.0,0.13412,121.0,0.13413,960.0
1753617212968,11:53:32.968,huobi,AERGO/USDT:USDT,0.13345,121.0,0.13337,960.0,0.13411,37.0,0.13412,121.0
1753617212984,11:53:32.984,huobi,AERGO/USDT:USDT,0.13345,121.0,0.13337,960.0,0.1341,121.0,0.13411,37.0
1753617213004,11:53:33.004,huobi,AERGO/USDT:USDT,0.13345,121.0,0.13338,37.0,0.1341,121.0,0.13411,960.0
1753617213047,11:53:33.047,huobi,AERGO/USDT:USDT,0.13345,121.0,0.13338,37.0,0.13409,37.0,0.1341,121.0
1753617213080,11:53:33.080,huobi,AERGO/USDT:USDT,0.13345,121.0,0.13338,37.0,0.13408,121.0,0.1341,121.0
1753617213106,11:53:33.106,huobi,AERGO/USDT:USDT,0.13345,121.0,0.13338,37.0,0.13408,121.0,0.1341,121.0
1753617213138,11:53:33.138,huobi,AERGO/USDT:USDT,0.13345,121.0,0.13338,37.0,0.13408,121.0,0.13409,960.0
1753617213161,11:53:33.161,huobi,AERGO/USDT:USDT,0.13345,121.0,0.13338,37.0,0.13406,121.0,0.13407,37.0
1753617213194,11:53:33.194,huobi,AERGO/USDT:USDT,0.13345,121.0,0.13338,37.0,0.13392,1025.0,0.13406,121.0
1753617213218,11:53:33.218,huobi,AERGO/USDT:USDT,0.13345,121.0,0.13338,37.0,0.13391,121.0,0.13392,1025.0
1753617213434,11:53:33.434,huobi,AERGO/USDT:USDT,0.13345,121.0,0.13338,37.0,0.13391,121.0,0.13392,1025.0
1753617213455,11:53:33.455,huobi,AERGO/USDT:USDT,0.13345,121.0,0.13338,37.0,0.13391,1081.0,0.13392,1025.0
1753617213555,11:53:33.555,huobi,AERGO/USDT:USDT,0.13345,121.0,0.13338,37.0,0.1339,121.0,0.13391,960.0
1753617213605,11:53:33.605,huobi,AERGO/USDT:USDT,0.13345,121.0,0.13338,37.0,0.1339,121.0,0.13391,960.0
1753617215247,11:53:35.247,huobi,AERGO/USDT:USDT,0.13345,121.0,0.13338,37.0,0.1339,121.0,0.13391,960.0
1753617215258,11:53:35.258,huobi,AERGO/USDT:USDT,0.13345,121.0,0.13338,37.0,0.1339,121.0,0.13391,960.0
1753617215307,11:53:35.307,huobi,AERGO/USDT:USDT,0.13345,121.0,0.13338,37.0,0.13389,121.0,0.1339,960.0
1753617215323,11:53:35.323,huobi,AERGO/USDT:USDT,0.13345,121.0,0.13335,960.0,0.13389,121.0,0.1339,960.0
1753617215355,11:53:35.355,huobi,AERGO/USDT:USDT,0.13345,121.0,0.13336,37.0,0.13389,121.0,0.1339,960.0
1753617215375,11:53:35.375,huobi,AERGO/USDT:USDT,0.13345,121.0,0.13336,37.0,0.13389,121.0,0.1339,960.0
1753617215443,11:53:35.443,huobi,AERGO/USDT:USDT,0.13345,121.0,0.13337,37.0,0.13389,121.0,0.1339,960.0
1753617215465,11:53:35.465,huobi,AERGO/USDT:USDT,0.13345,121.0,0.13335,960.0,0.13389,1081.0,0.1339,960.0
1753617215543,11:53:35.543,huobi,AERGO/USDT:USDT,0.13345,121.0,0.13336,37.0,0.13388,116.0,0.13389,960.0
1753617215563,11:53:35.563,huobi,AERGO/USDT:USDT,0.13345,121.0,0.13336,37.0,0.13388,116.0,0.13389,960.0
1753617215851,11:53:35.851,huobi,AERGO/USDT:USDT,0.13345,121.0,0.13336,37.0,0.13388,116.0,0.13391,121.0
1753617215864,11:53:35.864,huobi,AERGO/USDT:USDT,0.13345,121.0,0.13336,37.0,0.13391,121.0,0.13407,37.0
1753617217098,11:53:37.098,huobi,AERGO/USDT:USDT,0.13345,121.0,0.13336,37.0,0.13391,121.0,0.13396,620.0
1753617217126,11:53:37.126,huobi,AERGO/USDT:USDT,0.13345,121.0,0.13336,37.0,0.13391,121.0,0.13395,960.0
1753617217144,11:53:37.144,huobi,AERGO/USDT:USDT,0.13345,121.0,0.13336,37.0,0.13391,121.0,0.13395,960.0
1753617217176,11:53:37.176,huobi,AERGO/USDT:USDT,0.13345,121.0,0.13336,37.0,0.13391,121.0,0.13395,1076.0
1753617217219,11:53:37.219,huobi,AERGO/USDT:USDT,0.13345,121.0,0.13336,37.0,0.13391,121.0,0.13395,1076.0
1753617217737,11:53:37.737,huobi,AERGO/USDT:USDT,0.13345,121.0,0.13336,37.0,0.13391,121.0,0.13395,1076.0
1753617217745,11:53:37.745,huobi,AERGO/USDT:USDT,0.13345,121.0,0.13336,37.0,0.13391,121.0,0.13395,1076.0
1753617217843,11:53:37.843,huobi,AERGO/USDT:USDT,0.13345,121.0,0.13336,37.0,0.13391,121.0,0.13395,1076.0
1753617220388,11:53:40.388,huobi,AERGO/USDT:USDT,0.13345,121.0,0.13336,37.0,0.13391,121.0,0.13395,1076.0
1753617220437,11:53:40.437,huobi,AERGO/USDT:USDT,0.13345,121.0,0.13337,37.0,0.13391,121.0,0.13395,1076.0
1753617220445,11:53:40.445,huobi,AERGO/USDT:USDT,0.13345,121.0,0.13337,37.0,0.13391,121.0,0.13395,1076.0
1753617220487,11:53:40.487,huobi,AERGO/USDT:USDT,0.13345,121.0,0.13327,960.0,0.13391,121.0,0.13395,1076.0
1753617220507,11:53:40.507,huobi,AERGO/USDT:USDT,0.13345,121.0,0.13338,37.0,0.13391,121.0,0.13395,1076.0
1753617220544,11:53:40.544,huobi,AERGO/USDT:USDT,0.13345,121.0,0.13328,37.0,0.13391,121.0,0.13395,1076.0
1753617222997,11:53:42.997,huobi,AERGO/USDT:USDT,0.13345,121.0,0.13328,37.0,0.13391,121.0,0.13395,1076.0
1753617223038,11:53:43.038,huobi,AERGO/USDT:USDT,0.13345,121.0,0.13328,37.0,0.13391,121.0,0.13395,1076.0
1753617223060,11:53:43.060,huobi,AERGO/USDT:USDT,0.13345,121.0,0.13325,960.0,0.13391,121.0,0.13395,1076.0
1753617223105,11:53:43.105,huobi,AERGO/USDT:USDT,0.13345,121.0,0.13326,37.0,0.13391,121.0,0.13395,1076.0
1753617223420,11:53:43.420,huobi,AERGO/USDT:USDT,0.13345,121.0,0.13326,37.0,0.13391,121.0,0.13395,1076.0
1753617223444,11:53:43.444,huobi,AERGO/USDT:USDT,0.13345,121.0,0.13326,37.0,0.13391,212.0,0.13395,1076.0
1753617223487,11:53:43.487,huobi,AERGO/USDT:USDT,0.13345,121.0,0.13325,960.0,0.1339,116.0,0.13391,91.0
1753617223507,11:53:43.507,huobi,AERGO/USDT:USDT,0.13345,121.0,0.13324,118.0,0.1339,1076.0,0.13391,91.0
1753617223534,11:53:43.534,huobi,AERGO/USDT:USDT,0.13347,116.0,0.13346,37.0,0.13389,116.0,0.1339,960.0
1753617223572,11:53:43.572,huobi,AERGO/USDT:USDT,0.13347,116.0,0.13346,37.0,0.13389,116.0,0.1339,960.0
1753617223597,11:53:43.597,huobi,AERGO/USDT:USDT,0.13347,116.0,0.13325,960.0,0.13389,116.0,0.1339,960.0
1753617223627,11:53:43.627,huobi,AERGO/USDT:USDT,0.13348,37.0,0.13347,116.0,0.13389,116.0,0.1339,960.0
1753617223661,11:53:43.661,huobi,AERGO/USDT:USDT,0.13349,116.0,0.13348,997.0,0.13389,116.0,0.1339,960.0
1753617223727,11:53:43.727,huobi,AERGO/USDT:USDT,0.13349,116.0,0.13348,997.0,0.13389,116.0,0.13392,116.0
1753617223763,11:53:43.763,huobi,AERGO/USDT:USDT,0.13349,116.0,0.13348,997.0,0.13395,116.0,0.13396,620.0
1753617223795,11:53:43.795,huobi,AERGO/USDT:USDT,0.13349,116.0,0.13348,997.0,0.13391,76.0,0.13395,116.0
1753617223810,11:53:43.810,huobi,AERGO/USDT:USDT,0.13349,116.0,0.13348,997.0,0.1339,116.0,0.13391,76.0
1753617223852,11:53:43.852,huobi,AERGO/USDT:USDT,0.13349,116.0,0.13348,997.0,0.1339,116.0,0.13395,116.0
1753617223967,11:53:43.967,huobi,AERGO/USDT:USDT,0.13349,116.0,0.13348,997.0,0.13395,116.0,0.13411,37.0
1753617224008,11:53:44.008,huobi,AERGO/USDT:USDT,0.13349,116.0,0.13348,997.0,0.13395,116.0,0.13411,37.0
1753617224017,11:53:44.017,huobi,AERGO/USDT:USDT,0.13349,116.0,0.13348,997.0,0.13395,116.0,0.13411,37.0
1753617224875,11:53:44.875,huobi,AERGO/USDT:USDT,0.13349,116.0,0.13348,960.0,0.13395,116.0,0.13411,37.0
1753617224904,11:53:44.904,huobi,AERGO/USDT:USDT,0.13349,116.0,0.13348,997.0,0.13395,116.0,0.13411,37.0
1753617225584,11:53:45.584,huobi,AERGO/USDT:USDT,0.13349,116.0,0.13348,997.0,0.13395,116.0,0.13411,37.0
1753617225605,11:53:45.605,huobi,AERGO/USDT:USDT,0.13349,116.0,0.13348,37.0,0.13395,116.0,0.13411,37.0
1753617225656,11:53:45.656,huobi,AERGO/USDT:USDT,0.13349,116.0,0.13326,37.0,0.13395,116.0,0.13411,37.0
1753617225753,11:53:45.753,huobi,AERGO/USDT:USDT,0.13349,116.0,0.13326,37.0,0.13395,116.0,0.13411,37.0
1753617226172,11:53:46.172,huobi,AERGO/USDT:USDT,0.13349,116.0,0.13326,37.0,0.13395,116.0,0.13412,121.0
1753617226182,11:53:46.182,huobi,AERGO/USDT:USDT,0.13349,116.0,0.13325,960.0,0.13395,116.0,0.13412,121.0
1753617226211,11:53:46.211,huobi,AERGO/USDT:USDT,0.13349,116.0,0.13324,118.0,0.13413,960.0,0.13414,116.0
1753617226280,11:53:46.280,huobi,AERGO/USDT:USDT,0.13324,118.0,0.13323,960.0,0.13413,2206.0,0.13414,116.0
1753617226294,11:53:46.294,huobi,AERGO/USDT:USDT,0.13324,118.0,0.13323,960.0,0.13412,1078.0,0.13414,116.0
1753617226306,11:53:46.306,huobi,AERGO/USDT:USDT,0.13324,118.0,0.13323,960.0,0.13412,118.0,0.13414,116.0
1753617226351,11:53:46.351,huobi,AERGO/USDT:USDT,0.13325,37.0,0.13324,118.0,0.13412,155.0,0.13414,116.0
1753617226364,11:53:46.364,huobi,AERGO/USDT:USDT,0.13325,37.0,0.13324,118.0,0.13412,155.0,0.13414,116.0
1753617226383,11:53:46.383,huobi,AERGO/USDT:USDT,0.13326,118.0,0.13325,37.0,0.13411,118.0,0.13412,37.0
1753617226427,11:53:46.427,huobi,AERGO/USDT:USDT,0.13326,118.0,0.13325,37.0,0.13411,118.0,0.13414,116.0
1753617226448,11:53:46.448,huobi,AERGO/USDT:USDT,0.13326,118.0,0.13325,37.0,0.13409,118.0,0.1341,37.0
1753617226491,11:53:46.491,huobi,AERGO/USDT:USDT,0.13326,118.0,0.13325,37.0,0.13409,118.0,0.13411,118.0
1753617226513,11:53:46.513,huobi,AERGO/USDT:USDT,0.13326,118.0,0.13324,118.0,0.13407,118.0,0.13408,37.0
1753617226541,11:53:46.541,huobi,AERGO/USDT:USDT,0.13324,118.0,0.13322,118.0,0.13407,118.0,0.13409,118.0
1753617226568,11:53:46.568,huobi,AERGO/USDT:USDT,0.13327,37.0,0.13322,118.0,0.13407,118.0,0.13409,118.0
1753617226596,11:53:46.596,huobi,AERGO/USDT:USDT,0.13328,118.0,0.13323,960.0,0.13397,621.0,0.13406,37.0
1753617226626,11:53:46.626,huobi,AERGO/USDT:USDT,0.13329,37.0,0.13328,118.0,0.13396,118.0,0.13397,621.0
1753617226662,11:53:46.662,huobi,AERGO/USDT:USDT,0.1333,118.0,0.13329,37.0,0.13396,118.0,0.13397,621.0
1753617226694,11:53:46.694,huobi,AERGO/USDT:USDT,0.1333,118.0,0.13329,37.0,0.13396,118.0,0.13397,621.0
1753617226855,11:53:46.855,huobi,AERGO/USDT:USDT,0.1333,118.0,0.13329,37.0,0.13396,118.0,0.13397,621.0
1753617226986,11:53:46.986,huobi,AERGO/USDT:USDT,0.1333,118.0,0.13329,37.0,0.13396,118.0,0.13397,621.0
1753617227369,11:53:47.369,huobi,AERGO/USDT:USDT,0.1333,118.0,0.13328,118.0,0.13396,118.0,0.13397,621.0
1753617227381,11:53:47.381,huobi,AERGO/USDT:USDT,0.13328,118.0,0.13323,960.0,0.13396,118.0,0.13397,621.0
1753617227409,11:53:47.409,huobi,AERGO/USDT:USDT,0.13329,37.0,0.13328,118.0,0.13395,118.0,0.13396,960.0
1753617227449,11:53:47.449,huobi,AERGO/USDT:USDT,0.1333,118.0,0.13328,118.0,0.13395,118.0,0.13396,960.0
1753617227490,11:53:47.490,huobi,AERGO/USDT:USDT,0.13331,37.0,0.1333,118.0,0.13395,118.0,0.13396,960.0
1753617227503,11:53:47.503,huobi,AERGO/USDT:USDT,0.13332,118.0,0.13331,37.0,0.13395,118.0,0.13396,960.0
1753617227525,11:53:47.525,huobi,AERGO/USDT:USDT,0.13332,118.0,0.1333,118.0,0.13395,118.0,0.13396,960.0
1753617227570,11:53:47.570,huobi,AERGO/USDT:USDT,0.13333,37.0,0.13332,118.0,0.13395,118.0,0.13396,960.0
1753617227604,11:53:47.604,huobi,AERGO/USDT:USDT,0.13334,118.0,0.13332,118.0,0.13395,118.0,0.13396,960.0
1753617227644,11:53:47.644,huobi,AERGO/USDT:USDT,0.13335,37.0,0.13334,118.0,0.13395,118.0,0.13396,960.0
1753617227711,11:53:47.711,huobi,AERGO/USDT:USDT,0.13337,37.0,0.13336,118.0,0.13395,118.0,0.13396,960.0
1753617227743,11:53:47.743,huobi,AERGO/USDT:USDT,0.13338,118.0,0.13337,997.0,0.13395,118.0,0.13396,960.0
1753617227789,11:53:47.789,huobi,AERGO/USDT:USDT,0.13339,37.0,0.13338,118.0,0.13395,118.0,0.13396,960.0
1753617227803,11:53:47.803,huobi,AERGO/USDT:USDT,0.1334,118.0,0.13339,37.0,0.13395,118.0,0.13396,960.0
1753617227851,11:53:47.851,huobi,AERGO/USDT:USDT,0.1334,118.0,0.13339,37.0,0.13395,118.0,0.13396,960.0
1753617227862,11:53:47.862,huobi,AERGO/USDT:USDT,0.1334,118.0,0.13338,118.0,0.13395,118.0,0.13396,960.0
1753617227898,11:53:47.898,huobi,AERGO/USDT:USDT,0.13341,37.0,0.1334,118.0,0.13395,118.0,0.13396,960.0
1753617227937,11:53:47.937,huobi,AERGO/USDT:USDT,0.13342,118.0,0.1334,118.0,0.13395,118.0,0.13396,960.0
1753617227969,11:53:47.969,huobi,AERGO/USDT:USDT,0.13343,37.0,0.13342,118.0,0.13395,118.0,0.13396,960.0
1753617227985,11:53:47.985,huobi,AERGO/USDT:USDT,0.13343,37.0,0.13342,118.0,0.13395,118.0,0.13396,960.0
1753617228041,11:53:48.041,huobi,AERGO/USDT:USDT,0.13344,118.0,0.13343,37.0,0.13395,118.0,0.13396,960.0
1753617228065,11:53:48.065,huobi,AERGO/USDT:USDT,0.13344,118.0,0.13343,997.0,0.13395,118.0,0.13396,960.0
1753617228115,11:53:48.115,huobi,AERGO/USDT:USDT,0.13345,37.0,0.13344,118.0,0.13395,118.0,0.13396,960.0
1753617228131,11:53:48.131,huobi,AERGO/USDT:USDT,0.13346,118.0,0.13345,37.0,0.13395,118.0,0.13396,960.0
1753617228172,11:53:48.172,huobi,AERGO/USDT:USDT,0.13346,118.0,0.13344,118.0,0.13395,118.0,0.13396,960.0
1753617228195,11:53:48.195,huobi,AERGO/USDT:USDT,0.13348,118.0,0.13347,37.0,0.13395,118.0,0.13396,960.0
1753617228284,11:53:48.284,huobi,AERGO/USDT:USDT,0.13348,118.0,0.13347,37.0,0.13395,118.0,0.13396,960.0
1753617228319,11:53:48.319,huobi,AERGO/USDT:USDT,0.13348,118.0,0.13347,37.0,0.13395,118.0,0.13398,118.0
1753617228351,11:53:48.351,huobi,AERGO/USDT:USDT,0.13348,118.0,0.13347,997.0,0.13398,118.0,0.13406,37.0
1753617228373,11:53:48.373,huobi,AERGO/USDT:USDT,0.13348,118.0,0.13347,997.0,0.13396,118.0,0.13397,960.0
1753617228436,11:53:48.436,huobi,AERGO/USDT:USDT,0.13348,155.0,0.13347,960.0,0.13396,118.0,0.13397,960.0
1753617228459,11:53:48.459,huobi,AERGO/USDT:USDT,0.13349,118.0,0.13348,37.0,0.13396,118.0,0.13397,960.0
1753617228724,11:53:48.724,huobi,AERGO/USDT:USDT,0.13349,118.0,0.13348,37.0,0.13396,118.0,0.13398,118.0
1753617228799,11:53:48.799,huobi,AERGO/USDT:USDT,0.13349,118.0,0.13348,37.0,0.13398,118.0,0.13406,997.0
1753617229181,11:53:49.181,huobi,AERGO/USDT:USDT,0.13349,118.0,0.13348,37.0,0.13398,118.0,0.13406,997.0
1753617229267,11:53:49.267,huobi,AERGO/USDT:USDT,0.13349,118.0,0.13348,37.0,0.13398,118.0,0.13406,997.0
1753617229705,11:53:49.705,huobi,AERGO/USDT:USDT,0.13349,118.0,0.13348,37.0,0.13398,118.0,0.13406,997.0
1753617229756,11:53:49.756,huobi,AERGO/USDT:USDT,0.13349,118.0,0.13348,37.0,0.13398,118.0,0.13406,997.0
1753617230207,11:53:50.207,huobi,AERGO/USDT:USDT,0.13349,118.0,0.13348,37.0,0.13398,118.0,0.13406,960.0
1753617230302,11:53:50.302,huobi,AERGO/USDT:USDT,0.13349,118.0,0.13348,37.0,0.13398,118.0,0.13406,960.0
1753617230578,11:53:50.578,huobi,AERGO/USDT:USDT,0.13349,118.0,0.13348,37.0,0.13398,118.0,0.13405,37.0
1753617230605,11:53:50.605,huobi,AERGO/USDT:USDT,0.13349,118.0,0.13348,37.0,0.13398,118.0,0.13405,37.0
1753617230614,11:53:50.614,huobi,AERGO/USDT:USDT,0.13349,118.0,0.13348,37.0,0.13398,118.0,0.13405,37.0
1753617230678,11:53:50.678,huobi,AERGO/USDT:USDT,0.13349,118.0,0.13346,37.0,0.13398,118.0,0.13405,37.0
1753617230745,11:53:50.745,huobi,AERGO/USDT:USDT,0.13349,118.0,0.13346,37.0,0.13398,118.0,0.13407,37.0
1753617233014,11:53:53.014,huobi,AERGO/USDT:USDT,0.13349,118.0,0.13346,37.0,0.13398,118.0,0.13407,37.0
1753617233016,11:53:53.016,huobi,AERGO/USDT:USDT,0.13349,118.0,0.13346,37.0,0.13398,118.0,0.13407,37.0
1753617233066,11:53:53.066,huobi,AERGO/USDT:USDT,0.13349,118.0,0.13346,37.0,0.13398,118.0,0.13407,37.0
1753617233087,11:53:53.087,huobi,AERGO/USDT:USDT,0.13349,118.0,0.13346,37.0,0.13398,118.0,0.13413,960.0
1753617233127,11:53:53.127,huobi,AERGO/USDT:USDT,0.13349,118.0,0.13342,37.0,0.13398,118.0,0.13413,960.0
1753617233135,11:53:53.135,huobi,AERGO/USDT:USDT,0.13349,118.0,0.13342,37.0,0.13398,118.0,0.13412,37.0
1753617233182,11:53:53.182,huobi,AERGO/USDT:USDT,0.13349,118.0,0.13343,37.0,0.13398,118.0,0.13412,37.0
1753617233522,11:53:53.522,huobi,AERGO/USDT:USDT,0.13349,118.0,0.13341,960.0,0.13398,118.0,0.13412,37.0
1753617233531,11:53:53.531,huobi,AERGO/USDT:USDT,0.13349,118.0,0.1334,118.0,0.13398,118.0,0.13412,37.0
1753617233562,11:53:53.562,huobi,AERGO/USDT:USDT,0.13339,960.0,0.13338,118.0,0.13398,118.0,0.13412,37.0
1753617233582,11:53:53.582,huobi,AERGO/USDT:USDT,0.1334,118.0,0.13339,960.0,0.13398,118.0,0.134,621.0
1753617233622,11:53:53.622,huobi,AERGO/USDT:USDT,0.13343,118.0,0.13342,37.0,0.13398,118.0,0.13399,960.0
1753617233689,11:53:53.689,huobi,AERGO/USDT:USDT,0.13344,37.0,0.13343,118.0,0.13398,118.0,0.13399,960.0
1753617233727,11:53:53.727,huobi,AERGO/USDT:USDT,0.13345,118.0,0.13343,118.0,0.13398,118.0,0.13399,960.0
1753617233742,11:53:53.742,huobi,AERGO/USDT:USDT,0.13345,118.0,0.13343,118.0,0.13398,118.0,0.13399,960.0
1753617233794,11:53:53.794,huobi,AERGO/USDT:USDT,0.13347,118.0,0.13346,37.0,0.13398,118.0,0.13399,960.0
1753617233833,11:53:53.833,huobi,AERGO/USDT:USDT,0.13347,118.0,0.13345,118.0,0.13398,118.0,0.13399,960.0
1753617233878,11:53:53.878,huobi,AERGO/USDT:USDT,0.13348,37.0,0.13347,118.0,0.13398,118.0,0.13399,960.0
1753617233886,11:53:53.886,huobi,AERGO/USDT:USDT,0.13348,37.0,0.13347,118.0,0.13398,118.0,0.13399,960.0
1753617234013,11:53:54.013,huobi,AERGO/USDT:USDT,0.13349,118.0,0.13348,37.0,0.13398,118.0,0.13399,960.0
1753617234041,11:53:54.041,huobi,AERGO/USDT:USDT,0.13349,118.0,0.13348,997.0,0.13398,118.0,0.13399,960.0
1753617234152,11:53:54.152,huobi,AERGO/USDT:USDT,0.13349,118.0,0.13348,997.0,0.13398,118.0,0.13399,960.0
1753617234982,11:53:54.982,huobi,AERGO/USDT:USDT,0.13349,118.0,0.13348,997.0,0.13397,779.0,0.13398,118.0
1753617234994,11:53:54.994,huobi,AERGO/USDT:USDT,0.13349,118.0,0.13348,997.0,0.13396,118.0,0.13397,779.0
1753617235025,11:53:55.025,huobi,AERGO/USDT:USDT,0.13349,118.0,0.13348,997.0,0.13396,118.0,0.13398,118.0
1753617235055,11:53:55.055,huobi,AERGO/USDT:USDT,0.13349,118.0,0.13348,997.0,0.13396,1078.0,0.13398,118.0
1753617235094,11:53:55.094,huobi,AERGO/USDT:USDT,0.13349,118.0,0.13348,997.0,0.13395,180.0,0.13398,118.0
1753617235162,11:53:55.162,huobi,AERGO/USDT:USDT,0.13349,118.0,0.13348,997.0,0.13395,180.0,0.13397,960.0
1753617235232,11:53:55.232,huobi,AERGO/USDT:USDT,0.13349,118.0,0.13348,997.0,0.13394,118.0,0.13395,180.0
1753617235245,11:53:55.245,huobi,AERGO/USDT:USDT,0.13349,118.0,0.13348,997.0,0.13394,1078.0,0.13395,180.0
1753617235285,11:53:55.285,huobi,AERGO/USDT:USDT,0.13349,118.0,0.13348,997.0,0.13393,118.0,0.13394,960.0
1753617235297,11:53:55.297,huobi,AERGO/USDT:USDT,0.13349,118.0,0.13348,997.0,0.13393,118.0,0.13396,118.0
1753617235353,11:53:55.353,huobi,AERGO/USDT:USDT,0.13349,118.0,0.13348,997.0,0.13393,118.0,0.13396,118.0
1753617235354,11:53:55.354,huobi,AERGO/USDT:USDT,0.13349,118.0,0.13348,997.0,0.13393,118.0,0.13396,118.0
1753617235418,11:53:55.418,huobi,AERGO/USDT:USDT,0.13349,118.0,0.13348,997.0,0.13396,118.0,0.13398,118.0
1753617235511,11:53:55.511,huobi,AERGO/USDT:USDT,0.13349,118.0,0.13348,997.0,0.13398,118.0,0.13399,960.0
1753617235537,11:53:55.537,huobi,AERGO/USDT:USDT,0.13349,118.0,0.13348,37.0,0.13398,118.0,0.13399,960.0
1753617235587,11:53:55.587,huobi,AERGO/USDT:USDT,0.13349,118.0,0.13346,997.0,0.13398,118.0,0.13399,960.0
1753617235959,11:53:55.959,huobi,AERGO/USDT:USDT,0.13349,118.0,0.13346,997.0,0.13397,928.0,0.13398,118.0
1753617235983,11:53:55.983,huobi,AERGO/USDT:USDT,0.13349,118.0,0.13346,997.0,0.13396,121.0,0.13397,928.0
1753617236234,11:53:56.234,huobi,AERGO/USDT:USDT,0.13349,118.0,0.13346,997.0,0.13396,121.0,0.13398,118.0
1753617236525,11:53:56.525,huobi,AERGO/USDT:USDT,0.13349,118.0,0.13346,960.0,0.13398,118.0,0.13399,960.0
1753617236565,11:53:56.565,huobi,AERGO/USDT:USDT,0.13349,118.0,0.13347,37.0,0.13398,118.0,0.13399,960.0
1753617238088,11:53:58.088,huobi,AERGO/USDT:USDT,0.13349,118.0,0.13347,37.0,0.13398,118.0,0.13399,960.0
1753617239384,11:53:59.384,huobi,AERGO/USDT:USDT,0.13349,118.0,0.13347,37.0,0.13398,118.0,0.13399,960.0
1753617239406,11:53:59.406,huobi,AERGO/USDT:USDT,0.13349,118.0,0.13343,118.0,0.13398,118.0,0.13399,960.0
1753617239435,11:53:59.435,huobi,AERGO/USDT:USDT,0.13344,960.0,0.1334,118.0,0.13398,118.0,0.13399,960.0
1753617239475,11:53:59.475,huobi,AERGO/USDT:USDT,0.13345,121.0,0.13344,960.0,0.13397,884.0,0.13398,118.0
1753617239505,11:53:59.505,huobi,AERGO/USDT:USDT,0.13346,37.0,0.13345,121.0,0.13396,121.0,0.13397,884.0
1753617239530,11:53:59.530,huobi,AERGO/USDT:USDT,0.13347,121.0,0.13346,37.0,0.13396,121.0,0.13398,118.0
1753617239580,11:53:59.580,huobi,AERGO/USDT:USDT,0.13348,37.0,0.13347,121.0,0.13396,121.0,0.13398,118.0
1753617239596,11:53:59.596,huobi,AERGO/USDT:USDT,0.13349,121.0,0.13348,37.0,0.13396,121.0,0.13398,118.0
1753617239647,11:53:59.647,huobi,AERGO/USDT:USDT,0.13349,121.0,0.13348,37.0,0.13396,121.0,0.13398,118.0
1753617239778,11:53:59.778,huobi,AERGO/USDT:USDT,0.13349,121.0,0.13348,997.0,0.13398,118.0,0.13399,960.0
1753617239963,11:53:59.963,huobi,AERGO/USDT:USDT,0.13349,121.0,0.13348,997.0,0.13398,118.0,0.13399,960.0
1753617239990,11:53:59.990,huobi,AERGO/USDT:USDT,0.13349,121.0,0.13348,997.0,0.13398,118.0,0.13399,960.0
1753617240051,11:54:00.051,huobi,AERGO/USDT:USDT,0.13349,121.0,0.13348,997.0,0.13398,118.0,0.13399,960.0
1753617240305,11:54:00.305,huobi,AERGO/USDT:USDT,0.13349,121.0,0.13348,997.0,0.13398,118.0,0.13399,960.0
1753617240339,11:54:00.339,huobi,AERGO/USDT:USDT,0.13349,121.0,0.13348,997.0,0.13398,118.0,0.13399,960.0
1753617240613,11:54:00.613,huobi,AERGO/USDT:USDT,0.13349,121.0,0.13348,997.0,0.13398,118.0,0.13399,960.0
1753617240637,11:54:00.637,huobi,AERGO/USDT:USDT,0.13349,121.0,0.13348,960.0,0.13398,118.0,0.13399,960.0
1753617240666,11:54:00.666,huobi,AERGO/USDT:USDT,0.13349,121.0,0.13348,960.0,0.13398,118.0,0.13399,960.0
1753617240812,11:54:00.812,huobi,AERGO/USDT:USDT,0.13349,121.0,0.13348,960.0,0.13397,685.0,0.13398,118.0
1753617240825,11:54:00.825,huobi,AERGO/USDT:USDT,0.13349,121.0,0.13348,960.0,0.13396,121.0,0.13397,685.0
1753617240981,11:54:00.981,huobi,AERGO/USDT:USDT,0.13349,121.0,0.13348,960.0,0.13396,121.0,0.13398,118.0
1753617240998,11:54:00.998,huobi,AERGO/USDT:USDT,0.13349,121.0,0.13348,960.0,0.13398,118.0,0.13399,960.0
1753617241287,11:54:01.287,huobi,AERGO/USDT:USDT,0.13349,121.0,0.13348,960.0,0.13366,41.0,0.13398,118.0
1753617241294,11:54:01.294,huobi,AERGO/USDT:USDT,0.13349,121.0,0.13348,960.0,0.13398,118.0,0.13399,960.0
1753617243049,11:54:03.049,huobi,AERGO/USDT:USDT,0.13349,121.0,0.13348,960.0,0.13398,118.0,0.13399,960.0
1753617243117,11:54:03.117,huobi,AERGO/USDT:USDT,0.13349,121.0,0.1334,118.0,0.13398,118.0,0.13399,960.0
1753617243123,11:54:03.123,huobi,AERGO/USDT:USDT,0.13338,118.0,0.13336,118.0,0.13398,118.0,0.13399,960.0
1753617243128,11:54:03.128,huobi,AERGO/USDT:USDT,0.13342,121.0,0.13341,960.0,0.13398,118.0,0.13399,960.0
1753617243165,11:54:03.165,huobi,AERGO/USDT:USDT,0.13344,121.0,0.13343,37.0,0.13398,118.0,0.13399,960.0
1753617243190,11:54:03.190,huobi,AERGO/USDT:USDT,0.13344,121.0,0.13342,121.0,0.13398,118.0,0.13399,960.0
1753617243224,11:54:03.224,huobi,AERGO/USDT:USDT,0.13345,37.0,0.13344,121.0,0.13398,118.0,0.13399,960.0
1753617243251,11:54:03.251,huobi,AERGO/USDT:USDT,0.13346,121.0,0.13345,37.0,0.13398,118.0,0.13399,960.0
1753617243293,11:54:03.293,huobi,AERGO/USDT:USDT,0.13347,37.0,0.13346,121.0,0.13398,118.0,0.13399,960.0
1753617243308,11:54:03.308,huobi,AERGO/USDT:USDT,0.13348,121.0,0.13347,37.0,0.13398,118.0,0.13399,960.0
1753617243358,11:54:03.358,huobi,AERGO/USDT:USDT,0.13348,121.0,0.13347,997.0,0.13398,118.0,0.13399,960.0
1753617243378,11:54:03.378,huobi,AERGO/USDT:USDT,0.13348,121.0,0.13347,960.0,0.13398,118.0,0.13399,960.0
1753617243430,11:54:03.430,huobi,AERGO/USDT:USDT,0.13348,158.0,0.13347,960.0,0.13398,118.0,0.13399,960.0
1753617244266,11:54:04.266,huobi,AERGO/USDT:USDT,0.13349,121.0,0.13348,37.0,0.13398,118.0,0.13399,960.0
1753617244296,11:54:04.296,huobi,AERGO/USDT:USDT,0.13349,121.0,0.13348,37.0,0.13398,118.0,0.13399,997.0
1753617244340,11:54:04.340,huobi,AERGO/USDT:USDT,0.13349,121.0,0.13348,37.0,0.13398,118.0,0.13399,960.0
1753617244369,11:54:04.369,huobi,AERGO/USDT:USDT,0.13349,121.0,0.13348,37.0,0.13398,118.0,0.13399,960.0
1753617244683,11:54:04.683,huobi,AERGO/USDT:USDT,0.13349,121.0,0.13348,37.0,0.13397,598.0,0.13398,118.0
1753617244697,11:54:04.697,huobi,AERGO/USDT:USDT,0.13349,121.0,0.13348,37.0,0.13396,121.0,0.13397,598.0
1753617244944,11:54:04.944,huobi,AERGO/USDT:USDT,0.13349,121.0,0.13348,37.0,0.13396,121.0,0.13398,118.0
1753617244956,11:54:04.956,huobi,AERGO/USDT:USDT,0.13349,121.0,0.13348,37.0,0.13398,118.0,0.13399,960.0
1753617245261,11:54:05.261,huobi,AERGO/USDT:USDT,0.13349,121.0,0.13348,37.0,0.13398,118.0,0.13399,960.0
1753617245297,11:54:05.297,huobi,AERGO/USDT:USDT,0.13349,121.0,0.13348,37.0,0.13398,118.0,0.13399,960.0
1753617245331,11:54:05.331,huobi,AERGO/USDT:USDT,0.13349,121.0,0.13348,37.0,0.13398,118.0,0.13399,960.0
1753617245368,11:54:05.368,huobi,AERGO/USDT:USDT,0.13349,121.0,0.13348,37.0,0.13398,118.0,0.13399,997.0
1753617245522,11:54:05.522,huobi,AERGO/USDT:USDT,0.13349,121.0,0.13348,37.0,0.13398,118.0,0.13399,997.0
1753617245533,11:54:05.533,huobi,AERGO/USDT:USDT,0.13349,121.0,0.13348,37.0,0.13398,118.0,0.13399,997.0
1753617245585,11:54:05.585,huobi,AERGO/USDT:USDT,0.13349,121.0,0.13345,997.0,0.13398,118.0,0.13399,997.0
1753617245865,11:54:05.865,huobi,AERGO/USDT:USDT,0.13349,121.0,0.13345,997.0,0.13398,118.0,0.13399,960.0
1753617245890,11:54:05.890,huobi,AERGO/USDT:USDT,0.13349,121.0,0.13345,960.0,0.13396,960.0,0.13397,696.0
1753617245921,11:54:05.921,huobi,AERGO/USDT:USDT,0.13349,121.0,0.13346,37.0,0.13395,117.0,0.13396,960.0
1753617245996,11:54:05.996,huobi,AERGO/USDT:USDT,0.13349,121.0,0.13346,37.0,0.13395,117.0,0.13398,118.0
1753617246072,11:54:06.072,huobi,AERGO/USDT:USDT,0.13349,121.0,0.13346,37.0,0.13398,118.0,0.13399,37.0
1753617246099,11:54:06.099,huobi,AERGO/USDT:USDT,0.13349,121.0,0.13346,37.0,0.13397,117.0,0.13398,1078.0
1753617246426,11:54:06.426,huobi,AERGO/USDT:USDT,0.13349,121.0,0.13346,37.0,0.13397,117.0,0.13398,960.0
1753617246457,11:54:06.457,huobi,AERGO/USDT:USDT,0.13349,121.0,0.13346,37.0,0.13397,117.0,0.13399,960.0
1753617246719,11:54:06.719,huobi,AERGO/USDT:USDT,0.13349,121.0,0.13346,37.0,0.13397,117.0,0.13399,960.0
1753617246758,11:54:06.758,huobi,AERGO/USDT:USDT,0.13349,121.0,0.13346,37.0,0.13397,117.0,0.13399,960.0
1753617246809,11:54:06.809,huobi,AERGO/USDT:USDT,0.13349,121.0,0.13346,37.0,0.13397,117.0,0.13399,960.0
1753617246830,11:54:06.830,huobi,AERGO/USDT:USDT,0.13349,121.0,0.13346,37.0,0.13397,117.0,0.13399,960.0
1753617246870,11:54:06.870,huobi,AERGO/USDT:USDT,0.13349,121.0,0.13346,37.0,0.13397,117.0,0.13399,960.0
1753617247015,11:54:07.015,huobi,AERGO/USDT:USDT,0.13349,121.0,0.13346,37.0,0.13397,117.0,0.13399,960.0
1753617247049,11:54:07.049,huobi,AERGO/USDT:USDT,0.13349,121.0,0.13346,37.0,0.13397,117.0,0.13399,997.0
1753617247573,11:54:07.573,huobi,AERGO/USDT:USDT,0.13349,121.0,0.13346,37.0,0.13397,117.0,0.13399,960.0
1753617247609,11:54:07.609,huobi,AERGO/USDT:USDT,0.13349,121.0,0.13346,37.0,0.13397,117.0,0.13399,960.0
1753617247928,11:54:07.928,huobi,AERGO/USDT:USDT,0.13349,121.0,0.13346,37.0,0.13397,117.0,0.13399,960.0
1753617247972,11:54:07.972,huobi,AERGO/USDT:USDT,0.13349,121.0,0.13346,37.0,0.13397,117.0,0.13399,960.0
1753617247987,11:54:07.987,huobi,AERGO/USDT:USDT,0.13349,121.0,0.13346,37.0,0.13397,117.0,0.13399,960.0
1753617248018,11:54:08.018,huobi,AERGO/USDT:USDT,0.13349,121.0,0.13346,37.0,0.13397,117.0,0.13399,960.0
1753617248091,11:54:08.091,huobi,AERGO/USDT:USDT,0.13349,121.0,0.13344,37.0,0.13397,117.0,0.13399,997.0
1753617248107,11:54:08.107,huobi,AERGO/USDT:USDT,0.13349,121.0,0.13343,960.0,0.13397,117.0,0.13399,960.0
1753617248149,11:54:08.149,huobi,AERGO/USDT:USDT,0.13349,121.0,0.13343,960.0,0.13397,117.0,0.13399,960.0
1753617248206,11:54:08.206,huobi,AERGO/USDT:USDT,0.13349,121.0,0.13344,37.0,0.13397,117.0,0.13399,997.0
1753617248340,11:54:08.340,huobi,AERGO/USDT:USDT,0.13349,121.0,0.13344,37.0,0.13397,117.0,0.13399,960.0
1753617248379,11:54:08.379,huobi,AERGO/USDT:USDT,0.13349,121.0,0.13344,37.0,0.13397,117.0,0.13399,960.0
1753617248530,11:54:08.530,huobi,AERGO/USDT:USDT,0.13349,121.0,0.13344,37.0,0.13397,117.0,0.13399,960.0
1753617248559,11:54:08.559,huobi,AERGO/USDT:USDT,0.13349,121.0,0.13344,37.0,0.13397,117.0,0.13399,960.0
1753617249194,11:54:09.194,huobi,AERGO/USDT:USDT,0.13349,121.0,0.13344,37.0,0.13396,373.0,0.13397,117.0
1753617249229,11:54:09.229,huobi,AERGO/USDT:USDT,0.13349,121.0,0.13344,37.0,0.13395,117.0,0.13397,117.0
1753617249368,11:54:09.368,huobi,AERGO/USDT:USDT,0.13349,121.0,0.13344,37.0,0.13397,117.0,0.13399,960.0
1753617250542,11:54:10.542,huobi,AERGO/USDT:USDT,0.13349,121.0,0.13344,37.0,0.13397,117.0,0.13399,960.0
1753617250618,11:54:10.618,huobi,AERGO/USDT:USDT,0.13349,121.0,0.13344,37.0,0.13397,117.0,0.13399,960.0
1753617250642,11:54:10.642,huobi,AERGO/USDT:USDT,0.13349,121.0,0.13337,960.0,0.13397,117.0,0.13399,960.0
1753617250680,11:54:10.680,huobi,AERGO/USDT:USDT,0.13349,121.0,0.13338,37.0,0.13397,117.0,0.13399,960.0
1753617250944,11:54:10.944,huobi,AERGO/USDT:USDT,0.13349,121.0,0.13338,37.0,0.13397,610.0,0.13399,960.0
1753617250958,11:54:10.958,huobi,AERGO/USDT:USDT,0.13349,121.0,0.13338,37.0,0.13396,960.0,0.13397,610.0
1753617250997,11:54:10.997,huobi,AERGO/USDT:USDT,0.13349,121.0,0.13338,37.0,0.13395,117.0,0.13396,960.0
1753617251068,11:54:11.068,huobi,AERGO/USDT:USDT,0.13349,121.0,0.13338,37.0,0.13395,117.0,0.13398,117.0
1753617251150,11:54:11.150,huobi,AERGO/USDT:USDT,0.13349,121.0,0.13338,37.0,0.13395,117.0,0.13398,117.0
1753617251152,11:54:11.152,huobi,AERGO/USDT:USDT,0.13349,121.0,0.13338,37.0,0.13398,117.0,0.13399,960.0
1753617251364,11:54:11.364,huobi,AERGO/USDT:USDT,0.13349,121.0,0.13338,37.0,0.13398,117.0,0.13399,960.0
1753617251402,11:54:11.402,huobi,AERGO/USDT:USDT,0.13349,121.0,0.13338,37.0,0.13398,117.0,0.13399,960.0
1753617251482,11:54:11.482,huobi,AERGO/USDT:USDT,0.13349,121.0,0.13338,37.0,0.13393,648.0,0.13398,117.0
1753617251496,11:54:11.496,huobi,AERGO/USDT:USDT,0.13349,121.0,0.13338,37.0,0.13392,117.0,0.13393,648.0
1753617251603,11:54:11.603,huobi,AERGO/USDT:USDT,0.13349,121.0,0.13338,37.0,0.13391,117.0,0.13392,960.0
1753617253265,11:54:13.265,huobi,AERGO/USDT:USDT,0.13349,121.0,0.13338,37.0,0.13391,117.0,0.13392,960.0
1753617253298,11:54:13.298,huobi,AERGO/USDT:USDT,0.13349,121.0,0.13338,37.0,0.13391,117.0,0.13392,960.0
1753617253351,11:54:13.351,huobi,AERGO/USDT:USDT,0.13349,121.0,0.13339,37.0,0.13391,117.0,0.13392,960.0
1753617253379,11:54:13.379,huobi,AERGO/USDT:USDT,0.13349,121.0,0.13335,960.0,0.13391,117.0,0.13392,960.0
1753617253416,11:54:13.416,huobi,AERGO/USDT:USDT,0.13349,121.0,0.13336,37.0,0.13391,117.0,0.13392,960.0
1753617253778,11:54:13.778,huobi,AERGO/USDT:USDT,0.13349,121.0,0.13336,37.0,0.13391,117.0,0.13392,960.0
1753617253816,11:54:13.816,huobi,AERGO/USDT:USDT,0.13349,121.0,0.13336,37.0,0.13391,117.0,0.13392,960.0
1753617254416,11:54:14.416,huobi,AERGO/USDT:USDT,0.13349,121.0,0.13336,37.0,0.13391,117.0,0.13392,960.0
1753617254452,11:54:14.452,huobi,AERGO/USDT:USDT,0.13349,121.0,0.13336,37.0,0.13391,117.0,0.13392,960.0
1753617255943,11:54:15.943,huobi,AERGO/USDT:USDT,0.13349,121.0,0.13336,37.0,0.13391,117.0,0.13392,960.0
1753617255996,11:54:15.996,huobi,AERGO/USDT:USDT,0.13349,121.0,0.13336,37.0,0.13391,117.0,0.13392,960.0
1753617256062,11:54:16.062,huobi,AERGO/USDT:USDT,0.13349,121.0,0.13337,37.0,0.13391,117.0,0.13392,960.0
1753617256113,11:54:16.113,huobi,AERGO/USDT:USDT,0.13349,121.0,0.13338,37.0,0.13391,117.0,0.13392,960.0
1753617256134,11:54:16.134,huobi,AERGO/USDT:USDT,0.13349,121.0,0.13333,960.0,0.13391,117.0,0.13392,960.0
1753617256194,11:54:16.194,huobi,AERGO/USDT:USDT,0.13349,121.0,0.13334,37.0,0.13391,117.0,0.13392,960.0
1753617258582,11:54:18.582,huobi,AERGO/USDT:USDT,0.13349,121.0,0.13334,37.0,0.13391,117.0,0.13392,960.0
1753617258604,11:54:18.604,huobi,AERGO/USDT:USDT,0.13349,121.0,0.13334,37.0,0.13391,117.0,0.13392,960.0
1753617258664,11:54:18.664,huobi,AERGO/USDT:USDT,0.13349,121.0,0.13335,37.0,0.13391,117.0,0.13392,960.0
1753617258718,11:54:18.718,huobi,AERGO/USDT:USDT,0.13349,121.0,0.13336,37.0,0.13391,117.0,0.13392,960.0
1753617258742,11:54:18.742,huobi,AERGO/USDT:USDT,0.13349,121.0,0.13331,960.0,0.13391,117.0,0.13392,960.0
1753617258782,11:54:18.782,huobi,AERGO/USDT:USDT,0.13349,121.0,0.13332,37.0,0.13391,117.0,0.13392,960.0
1753617261406,11:54:21.406,huobi,AERGO/USDT:USDT,0.13349,121.0,0.13332,37.0,0.13391,117.0,0.13392,960.0
1753617261408,11:54:21.408,huobi,AERGO/USDT:USDT,0.13349,121.0,0.13332,37.0,0.13391,117.0,0.13392,960.0
1753617261452,11:54:21.452,huobi,AERGO/USDT:USDT,0.13349,121.0,0.13333,37.0,0.13391,117.0,0.13392,960.0
1753617261477,11:54:21.477,huobi,AERGO/USDT:USDT,0.13349,121.0,0.13329,960.0,0.13391,117.0,0.13392,960.0
1753617261517,11:54:21.517,huobi,AERGO/USDT:USDT,0.13349,121.0,0.1333,37.0,0.13391,117.0,0.13392,960.0
1753617262505,11:54:22.505,huobi,AERGO/USDT:USDT,0.13349,121.0,0.1333,37.0,0.13391,117.0,0.13392,960.0
1753617264022,11:54:24.022,huobi,AERGO/USDT:USDT,0.13349,121.0,0.1333,37.0,0.13391,117.0,0.13392,960.0
1753617264058,11:54:24.058,huobi,AERGO/USDT:USDT,0.13349,121.0,0.1333,37.0,0.13391,117.0,0.13392,960.0
1753617265781,11:54:25.781,huobi,AERGO/USDT:USDT,0.13349,121.0,0.1333,37.0,0.13391,117.0,0.13392,960.0
1753617265813,11:54:25.813,huobi,AERGO/USDT:USDT,0.13349,121.0,0.1333,37.0,0.13391,117.0,0.13392,960.0
1753617266743,11:54:26.743,huobi,AERGO/USDT:USDT,0.13349,121.0,0.1333,37.0,0.13391,117.0,0.13392,960.0
1753617269404,11:54:29.404,huobi,AERGO/USDT:USDT,0.13349,121.0,0.1333,37.0,0.13391,117.0,0.13392,960.0
1753617270186,11:54:30.186,huobi,AERGO/USDT:USDT,0.13349,121.0,0.1333,37.0,0.13391,117.0,0.13392,960.0
1753617270231,11:54:30.231,huobi,AERGO/USDT:USDT,0.13349,121.0,0.1333,37.0,0.13391,117.0,0.13392,960.0
1753617270481,11:54:30.481,huobi,AERGO/USDT:USDT,0.13349,121.0,0.13329,960.0,0.13391,117.0,0.13392,960.0
1753617270525,11:54:30.525,huobi,AERGO/USDT:USDT,0.1335,37.0,0.13349,121.0,0.13391,117.0,0.13392,960.0
1753617270557,11:54:30.557,huobi,AERGO/USDT:USDT,0.13351,118.0,0.1335,997.0,0.13391,117.0,0.13392,960.0
1753617270586,11:54:30.586,huobi,AERGO/USDT:USDT,0.13352,37.0,0.13351,118.0,0.13391,117.0,0.13392,960.0
1753617270659,11:54:30.659,huobi,AERGO/USDT:USDT,0.13353,118.0,0.13352,37.0,0.13391,117.0,0.13392,960.0
1753617270674,11:54:30.674,huobi,AERGO/USDT:USDT,0.13353,118.0,0.13352,997.0,0.13391,117.0,0.13392,960.0
1753617270781,11:54:30.781,huobi,AERGO/USDT:USDT,0.13353,118.0,0.13352,997.0,0.13391,117.0,0.13392,960.0
1753617270896,11:54:30.896,huobi,AERGO/USDT:USDT,0.13353,118.0,0.13352,997.0,0.13391,117.0,0.13392,960.0
1753617270962,11:54:30.962,huobi,AERGO/USDT:USDT,0.13353,118.0,0.13352,997.0,0.13391,117.0,0.13392,960.0
1753617270972,11:54:30.972,huobi,AERGO/USDT:USDT,0.13353,118.0,0.13352,997.0,0.13391,117.0,0.13398,117.0
1753617271018,11:54:31.018,huobi,AERGO/USDT:USDT,0.13353,118.0,0.13352,997.0,0.13398,117.0,0.13399,960.0
1753617271174,11:54:31.174,huobi,AERGO/USDT:USDT,0.13353,118.0,0.13352,997.0,0.13398,117.0,0.13399,960.0
1753617271206,11:54:31.206,huobi,AERGO/USDT:USDT,0.13353,118.0,0.13352,997.0,0.13398,117.0,0.13399,960.0
1753617271249,11:54:31.249,huobi,AERGO/USDT:USDT,0.13353,118.0,0.13352,997.0,0.13398,117.0,0.13399,960.0
1753617271284,11:54:31.284,huobi,AERGO/USDT:USDT,0.13353,118.0,0.13352,997.0,0.13398,117.0,0.13399,960.0
1753617271399,11:54:31.399,huobi,AERGO/USDT:USDT,0.13353,118.0,0.13352,997.0,0.13398,117.0,0.13399,960.0
1753617271417,11:54:31.417,huobi,AERGO/USDT:USDT,0.13353,118.0,0.13352,997.0,0.13398,117.0,0.13399,960.0
1753617271449,11:54:31.449,huobi,AERGO/USDT:USDT,0.13353,118.0,0.13352,997.0,0.13398,117.0,0.13399,960.0
1753617271490,11:54:31.490,huobi,AERGO/USDT:USDT,0.13353,118.0,0.13352,997.0,0.13398,117.0,0.13399,960.0
1753617271583,11:54:31.583,huobi,AERGO/USDT:USDT,0.13353,118.0,0.13352,997.0,0.13398,117.0,0.13399,960.0
1753617271622,11:54:31.622,huobi,AERGO/USDT:USDT,0.13353,118.0,0.13352,997.0,0.13398,117.0,0.13399,960.0
1753617271729,11:54:31.729,huobi,AERGO/USDT:USDT,0.13353,118.0,0.13352,997.0,0.13396,960.0,0.13397,576.0
1753617271823,11:54:31.823,huobi,AERGO/USDT:USDT,0.13353,118.0,0.13352,997.0,0.13395,118.0,0.13396,960.0
1753617271834,11:54:31.834,huobi,AERGO/USDT:USDT,0.13353,118.0,0.13352,997.0,0.13395,118.0,0.13398,117.0
1753617271893,11:54:31.893,huobi,AERGO/USDT:USDT,0.13353,118.0,0.13352,997.0,0.13398,117.0,0.13399,960.0
1753617271928,11:54:31.928,huobi,AERGO/USDT:USDT,0.13353,118.0,0.13352,997.0,0.13398,117.0,0.13399,960.0
1753617272011,11:54:32.011,huobi,AERGO/USDT:USDT,0.13353,118.0,0.13352,997.0,0.13398,117.0,0.13399,960.0
1753617272028,11:54:32.028,huobi,AERGO/USDT:USDT,0.13353,118.0,0.13352,37.0,0.13398,117.0,0.13399,960.0
1753617272074,11:54:32.074,huobi,AERGO/USDT:USDT,0.13353,118.0,0.1335,997.0,0.13398,117.0,0.13399,960.0
1753617272130,11:54:32.130,huobi,AERGO/USDT:USDT,0.13353,118.0,0.13351,37.0,0.13398,117.0,0.13399,960.0
1753617273174,11:54:33.174,huobi,AERGO/USDT:USDT,0.13353,118.0,0.13351,37.0,0.13398,117.0,0.13399,960.0
1753617274588,11:54:34.588,huobi,AERGO/USDT:USDT,0.13353,118.0,0.13351,37.0,0.13398,117.0,0.13399,960.0
1753617274601,11:54:34.601,huobi,AERGO/USDT:USDT,0.13353,118.0,0.13351,37.0,0.13398,117.0,0.13399,960.0
1753617274632,11:54:34.632,huobi,AERGO/USDT:USDT,0.13353,118.0,0.13329,960.0,0.13398,117.0,0.134,118.0
1753617274654,11:54:34.654,huobi,AERGO/USDT:USDT,0.13353,118.0,0.13329,960.0,0.134,118.0,0.13412,960.0
1753617274701,11:54:34.701,huobi,AERGO/USDT:USDT,0.13353,118.0,0.1333,37.0,0.134,118.0,0.13411,37.0
1753617275248,11:54:35.248,huobi,AERGO/USDT:USDT,0.13353,118.0,0.1333,37.0,0.13399,1178.0,0.134,118.0
1753617275262,11:54:35.262,huobi,AERGO/USDT:USDT,0.13353,118.0,0.1333,37.0,0.13398,118.0,0.13399,1178.0
1753617275343,11:54:35.343,huobi,AERGO/USDT:USDT,0.13353,118.0,0.1333,37.0,0.13398,118.0,0.13399,960.0
1753617275359,11:54:35.359,huobi,AERGO/USDT:USDT,0.13353,118.0,0.1333,37.0,0.13398,118.0,0.13399,960.0
1753617275390,11:54:35.390,huobi,AERGO/USDT:USDT,0.13353,118.0,0.1333,37.0,0.13398,118.0,0.13399,960.0
1753617275406,11:54:35.406,huobi,AERGO/USDT:USDT,0.13353,118.0,0.1333,37.0,0.13398,1078.0,0.13399,960.0
1753617275511,11:54:35.511,huobi,AERGO/USDT:USDT,0.13353,118.0,0.1333,37.0,0.13397,118.0,0.13398,960.0
1753617275580,11:54:35.580,huobi,AERGO/USDT:USDT,0.13353,118.0,0.1333,37.0,0.13397,118.0,0.13399,675.0
1753617275595,11:54:35.595,huobi,AERGO/USDT:USDT,0.13353,118.0,0.1333,37.0,0.13397,118.0,0.13398,960.0
1753617276231,11:54:36.231,huobi,AERGO/USDT:USDT,0.13353,118.0,0.1333,37.0,0.13397,118.0,0.13398,960.0
1753617276264,11:54:36.264,huobi,AERGO/USDT:USDT,0.13353,118.0,0.1333,37.0,0.13397,118.0,0.13398,960.0
1753617276360,11:54:36.360,huobi,AERGO/USDT:USDT,0.13353,118.0,0.1333,37.0,0.13396,417.0,0.13397,118.0
1753617276373,11:54:36.373,huobi,AERGO/USDT:USDT,0.13353,118.0,0.1333,37.0,0.13395,118.0,0.13396,417.0
1753617276779,11:54:36.779,huobi,AERGO/USDT:USDT,0.13353,118.0,0.1333,37.0,0.13395,118.0,0.13397,118.0
1753617276793,11:54:36.793,huobi,AERGO/USDT:USDT,0.13353,118.0,0.1333,37.0,0.13397,118.0,0.13398,960.0
1753617277288,11:54:37.288,huobi,AERGO/USDT:USDT,0.13353,118.0,0.1333,37.0,0.13397,118.0,0.13398,960.0
1753617277294,11:54:37.294,huobi,AERGO/USDT:USDT,0.13353,118.0,0.1333,37.0,0.13397,118.0,0.13398,960.0
1753617278569,11:54:38.569,huobi,AERGO/USDT:USDT,0.13353,118.0,0.1333,37.0,0.13397,118.0,0.13398,960.0
1753617278603,11:54:38.603,huobi,AERGO/USDT:USDT,0.13353,118.0,0.1333,37.0,0.13397,118.0,0.13398,960.0
1753617278617,11:54:38.617,huobi,AERGO/USDT:USDT,0.13353,118.0,0.1333,37.0,0.13396,1222.0,0.13397,118.0
1753617278647,11:54:38.647,huobi,AERGO/USDT:USDT,0.13353,118.0,0.1333,37.0,0.13394,118.0,0.13395,960.0
1753617278736,11:54:38.736,huobi,AERGO/USDT:USDT,0.13353,118.0,0.1333,37.0,0.13394,118.0,0.13397,118.0
1753617278793,11:54:38.793,huobi,AERGO/USDT:USDT,0.13353,118.0,0.1333,37.0,0.13394,118.0,0.13397,118.0
1753617278797,11:54:38.797,huobi,AERGO/USDT:USDT,0.13353,118.0,0.1333,37.0,0.13397,118.0,0.134,118.0
1753617278839,11:54:38.839,huobi,AERGO/USDT:USDT,0.13353,118.0,0.1333,37.0,0.13398,118.0,0.13399,960.0
1753617279776,11:54:39.776,huobi,AERGO/USDT:USDT,0.13353,118.0,0.1333,37.0,0.13398,118.0,0.13399,960.0
1753617279786,11:54:39.786,huobi,AERGO/USDT:USDT,0.13353,118.0,0.1333,37.0,0.13398,118.0,0.134,118.0
1753617279912,11:54:39.912,huobi,AERGO/USDT:USDT,0.13353,118.0,0.1333,37.0,0.134,118.0,0.13403,37.0
1753617281421,11:54:41.421,huobi,AERGO/USDT:USDT,0.13353,118.0,0.1333,37.0,0.13399,2151.0,0.134,118.0
1753617281435,11:54:41.435,huobi,AERGO/USDT:USDT,0.13353,118.0,0.1333,37.0,0.13398,960.0,0.13399,2151.0
1753617281475,11:54:41.475,huobi,AERGO/USDT:USDT,0.13353,118.0,0.1333,37.0,0.13397,118.0,0.13398,960.0
1753617281553,11:54:41.553,huobi,AERGO/USDT:USDT,0.13353,118.0,0.1333,37.0,0.13396,1544.0,0.13397,118.0
1753617281565,11:54:41.565,huobi,AERGO/USDT:USDT,0.13353,118.0,0.1333,37.0,0.13395,118.0,0.13396,1544.0
1753617281595,11:54:41.595,huobi,AERGO/USDT:USDT,0.13353,118.0,0.1333,37.0,0.13394,118.0,0.13395,960.0
1753617281674,11:54:41.674,huobi,AERGO/USDT:USDT,0.13353,118.0,0.1333,37.0,0.13394,118.0,0.13397,118.0
1753617281689,11:54:41.689,huobi,AERGO/USDT:USDT,0.13353,118.0,0.1333,37.0,0.13394,118.0,0.13397,118.0
1753617281738,11:54:41.738,huobi,AERGO/USDT:USDT,0.13353,118.0,0.1333,37.0,0.13397,118.0,0.13399,960.0
1753617281773,11:54:41.773,huobi,AERGO/USDT:USDT,0.13353,118.0,0.1333,37.0,0.13396,1544.0,0.13397,118.0
1753617281803,11:54:41.803,huobi,AERGO/USDT:USDT,0.13353,118.0,0.1333,37.0,0.13395,960.0,0.13396,1544.0
1753617281858,11:54:41.858,huobi,AERGO/USDT:USDT,0.13353,118.0,0.1333,37.0,0.13393,263.0,0.13394,118.0
1753617281896,11:54:41.896,huobi,AERGO/USDT:USDT,0.13353,118.0,0.1333,37.0,0.13392,118.0,0.13394,118.0
1753617282007,11:54:42.007,huobi,AERGO/USDT:USDT,0.13353,118.0,0.1333,37.0,0.13392,235.0,0.13394,118.0
1753617282045,11:54:42.045,huobi,AERGO/USDT:USDT,0.13353,118.0,0.1333,37.0,0.13391,118.0,0.13394,118.0
1753617282131,11:54:42.131,huobi,AERGO/USDT:USDT,0.13353,118.0,0.1333,37.0,0.13391,118.0,0.13394,118.0
1753617282180,11:54:42.180,huobi,AERGO/USDT:USDT,0.13353,118.0,0.1333,37.0,0.13394,118.0,0.13397,118.0
1753617282191,11:54:42.191,huobi,AERGO/USDT:USDT,0.13353,118.0,0.1333,37.0,0.13397,118.0,0.134,118.0
1753617282237,11:54:42.237,huobi,AERGO/USDT:USDT,0.13353,118.0,0.1333,37.0,0.13396,960.0,0.134,118.0
1753617282253,11:54:42.253,huobi,AERGO/USDT:USDT,0.13353,118.0,0.1333,37.0,0.13395,1005.0,0.13396,960.0
1753617282277,11:54:42.277,huobi,AERGO/USDT:USDT,0.13353,118.0,0.1333,37.0,0.13394,1078.0,0.13396,960.0
1753617282314,11:54:42.314,huobi,AERGO/USDT:USDT,0.13353,118.0,0.1333,37.0,0.13394,118.0,0.13396,960.0
1753617282339,11:54:42.339,huobi,AERGO/USDT:USDT,0.13353,118.0,0.1333,37.0,0.13394,118.0,0.13396,960.0
1753617282369,11:54:42.369,huobi,AERGO/USDT:USDT,0.13353,118.0,0.1333,37.0,0.13392,118.0,0.13393,430.0
1753617282396,11:54:42.396,huobi,AERGO/USDT:USDT,0.13353,118.0,0.1333,37.0,0.13392,1078.0,0.13394,118.0
1753617282460,11:54:42.460,huobi,AERGO/USDT:USDT,0.13353,118.0,0.1333,37.0,0.13391,118.0,0.13394,118.0
1753617282502,11:54:42.502,huobi,AERGO/USDT:USDT,0.13353,118.0,0.1333,37.0,0.13391,118.0,0.13399,37.0
1753617284342,11:54:44.342,huobi,AERGO/USDT:USDT,0.13353,118.0,0.1333,37.0,0.1339,27.0,0.13391,118.0
1753617284358,11:54:44.358,huobi,AERGO/USDT:USDT,0.13353,118.0,0.1333,37.0,0.13389,118.0,0.1339,27.0
1753617284376,11:54:44.376,huobi,AERGO/USDT:USDT,0.13353,118.0,0.1333,37.0,0.13389,118.0,0.1339,987.0
1753617284415,11:54:44.415,huobi,AERGO/USDT:USDT,0.13353,118.0,0.1333,37.0,0.13389,118.0,0.1339,987.0
1753617284484,11:54:44.484,huobi,AERGO/USDT:USDT,0.13353,118.0,0.1333,37.0,0.13389,118.0,0.1339,987.0
1753617284507,11:54:44.507,huobi,AERGO/USDT:USDT,0.13353,118.0,0.1333,37.0,0.13389,118.0,0.1339,987.0
1753617284540,11:54:44.540,huobi,AERGO/USDT:USDT,0.13353,118.0,0.1333,37.0,0.13389,118.0,0.1339,987.0
1753617284945,11:54:44.945,huobi,AERGO/USDT:USDT,0.13353,118.0,0.1333,37.0,0.13389,118.0,0.1339,960.0
1753617285115,11:54:45.115,huobi,AERGO/USDT:USDT,0.13353,118.0,0.1333,37.0,0.13389,118.0,0.1339,960.0
1753617287574,11:54:47.574,huobi,AERGO/USDT:USDT,0.13353,118.0,0.1333,37.0,0.13389,118.0,0.1339,960.0
1753617287843,11:54:47.843,huobi,AERGO/USDT:USDT,0.13353,118.0,0.1333,37.0,0.13389,118.0,0.1339,960.0
1753617287940,11:54:47.940,huobi,AERGO/USDT:USDT,0.13353,118.0,0.1333,37.0,0.13389,118.0,0.1339,960.0
1753617287987,11:54:47.987,huobi,AERGO/USDT:USDT,0.13353,118.0,0.1333,37.0,0.13389,118.0,0.1339,960.0
1753617288009,11:54:48.009,huobi,AERGO/USDT:USDT,0.13353,118.0,0.1333,37.0,0.13389,118.0,0.1339,960.0
1753617288044,11:54:48.044,huobi,AERGO/USDT:USDT,0.13353,118.0,0.1333,37.0,0.13389,118.0,0.1339,960.0
1753617288204,11:54:48.204,huobi,AERGO/USDT:USDT,0.13353,118.0,0.1333,37.0,0.13389,118.0,0.1339,960.0
1753617288430,11:54:48.430,huobi,AERGO/USDT:USDT,0.13353,118.0,0.1333,37.0,0.13389,118.0,0.1339,960.0
1753617290410,11:54:50.410,huobi,AERGO/USDT:USDT,0.13353,118.0,0.1333,37.0,0.13389,118.0,0.1339,960.0
1753617290462,11:54:50.462,huobi,AERGO/USDT:USDT,0.13353,118.0,0.1333,37.0,0.13389,118.0,0.1339,960.0
1753617290472,11:54:50.472,huobi,AERGO/USDT:USDT,0.13353,118.0,0.1333,37.0,0.13389,118.0,0.1339,960.0
1753617290540,11:54:50.540,huobi,AERGO/USDT:USDT,0.13353,118.0,0.13311,997.0,0.13389,118.0,0.1339,960.0
1753617290565,11:54:50.565,huobi,AERGO/USDT:USDT,0.13353,118.0,0.13311,960.0,0.13389,118.0,0.1339,960.0
1753617290585,11:54:50.585,huobi,AERGO/USDT:USDT,0.13353,118.0,0.13312,37.0,0.13389,118.0,0.1339,960.0
1753617290678,11:54:50.678,huobi,AERGO/USDT:USDT,0.13353,118.0,0.13312,37.0,0.13389,118.0,0.1339,960.0
1753617290734,11:54:50.734,huobi,AERGO/USDT:USDT,0.13353,118.0,0.13312,37.0,0.13389,118.0,0.1339,960.0
1753617290893,11:54:50.893,huobi,AERGO/USDT:USDT,0.13364,5.0,0.13353,118.0,0.13389,118.0,0.1339,960.0
1753617290913,11:54:50.913,huobi,AERGO/USDT:USDT,0.13354,120.0,0.13312,37.0,0.13389,118.0,0.1339,960.0
1753617290961,11:54:50.961,huobi,AERGO/USDT:USDT,0.13354,120.0,0.13312,37.0,0.13389,118.0,0.1339,960.0
1753617290975,11:54:50.975,huobi,AERGO/USDT:USDT,0.13354,120.0,0.13312,37.0,0.13389,118.0,0.1339,960.0
1753617291009,11:54:51.009,huobi,AERGO/USDT:USDT,0.13354,120.0,0.13312,37.0,0.13389,118.0,0.1339,960.0
1753617291052,11:54:51.052,huobi,AERGO/USDT:USDT,0.13354,120.0,0.13312,37.0,0.13389,118.0,0.1339,960.0
1753617291078,11:54:51.078,huobi,AERGO/USDT:USDT,0.13354,120.0,0.13312,37.0,0.13389,118.0,0.1339,960.0
1753617291104,11:54:51.104,huobi,AERGO/USDT:USDT,0.13354,120.0,0.13312,37.0,0.13389,118.0,0.1339,960.0
1753617291129,11:54:51.129,huobi,AERGO/USDT:USDT,0.13354,120.0,0.13312,37.0,0.13389,118.0,0.1339,960.0
1753617291181,11:54:51.181,huobi,AERGO/USDT:USDT,0.13354,120.0,0.13312,37.0,0.13389,118.0,0.1339,960.0
1753617291233,11:54:51.233,huobi,AERGO/USDT:USDT,0.13354,120.0,0.13312,37.0,0.13389,118.0,0.1339,960.0
1753617291275,11:54:51.275,huobi,AERGO/USDT:USDT,0.13354,120.0,0.13312,37.0,0.13389,118.0,0.1339,960.0
1753617291306,11:54:51.306,huobi,AERGO/USDT:USDT,0.13354,120.0,0.13312,37.0,0.13385,621.0,0.13389,118.0
1753617291442,11:54:51.442,huobi,AERGO/USDT:USDT,0.13354,120.0,0.13312,37.0,0.13383,120.0,0.13384,960.0
1753617291456,11:54:51.456,huobi,AERGO/USDT:USDT,0.13354,120.0,0.13312,37.0,0.13383,120.0,0.13384,960.0
1753617291632,11:54:51.632,huobi,AERGO/USDT:USDT,0.13354,120.0,0.13312,37.0,0.13383,120.0,0.13384,960.0
1753617291792,11:54:51.792,huobi,AERGO/USDT:USDT,0.13354,120.0,0.13312,37.0,0.13383,120.0,0.13384,960.0
1753617291831,11:54:51.831,huobi,AERGO/USDT:USDT,0.13354,120.0,0.13312,37.0,0.13383,120.0,0.13384,960.0
1753617292107,11:54:52.107,huobi,AERGO/USDT:USDT,0.13354,120.0,0.13312,37.0,0.13383,120.0,0.13384,960.0
1753617292147,11:54:52.147,huobi,AERGO/USDT:USDT,0.13354,120.0,0.13312,37.0,0.13383,120.0,0.13384,960.0
1753617292826,11:54:52.826,huobi,AERGO/USDT:USDT,0.13354,120.0,0.13312,37.0,0.13383,120.0,0.13384,960.0
1753617292866,11:54:52.866,huobi,AERGO/USDT:USDT,0.13354,120.0,0.13312,37.0,0.13383,120.0,0.13384,960.0
1753617292912,11:54:52.912,huobi,AERGO/USDT:USDT,0.13354,120.0,0.13312,37.0,0.13383,120.0,0.13384,960.0
1753617292927,11:54:52.927,huobi,AERGO/USDT:USDT,0.13354,120.0,0.13312,37.0,0.13383,120.0,0.13384,960.0
1753617292954,11:54:52.954,huobi,AERGO/USDT:USDT,0.13354,120.0,0.13312,37.0,0.13383,120.0,0.13384,960.0
1753617292998,11:54:52.998,huobi,AERGO/USDT:USDT,0.13354,120.0,0.13312,37.0,0.13383,120.0,0.13384,960.0
1753617293039,11:54:53.039,huobi,AERGO/USDT:USDT,0.13354,120.0,0.13312,37.0,0.13383,120.0,0.13384,960.0
1753617293047,11:54:53.047,huobi,AERGO/USDT:USDT,0.13354,120.0,0.13312,37.0,0.13383,120.0,0.13384,960.0
1753617293078,11:54:53.078,huobi,AERGO/USDT:USDT,0.13354,120.0,0.13312,37.0,0.13383,120.0,0.13384,960.0
1753617293118,11:54:53.118,huobi,AERGO/USDT:USDT,0.13354,120.0,0.13312,37.0,0.13383,120.0,0.13384,960.0
1753617293146,11:54:53.146,huobi,AERGO/USDT:USDT,0.13354,120.0,0.13312,37.0,0.13383,120.0,0.13384,960.0
1753617293188,11:54:53.188,huobi,AERGO/USDT:USDT,0.13354,120.0,0.13312,37.0,0.13383,120.0,0.13384,960.0
1753617293209,11:54:53.209,huobi,AERGO/USDT:USDT,0.13354,120.0,0.13312,37.0,0.13383,120.0,0.13384,960.0
1753617293247,11:54:53.247,huobi,AERGO/USDT:USDT,0.13354,120.0,0.13312,37.0,0.13383,120.0,0.13384,960.0
1753617295876,11:54:55.876,huobi,AERGO/USDT:USDT,0.13354,120.0,0.13312,37.0,0.13383,120.0,0.13384,960.0
1753617297553,11:54:57.553,huobi,AERGO/USDT:USDT,0.13354,120.0,0.13312,37.0,0.13383,120.0,0.13384,960.0
1753617297587,11:54:57.587,huobi,AERGO/USDT:USDT,0.13354,120.0,0.13312,37.0,0.13383,120.0,0.13384,960.0
1753617297630,11:54:57.630,huobi,AERGO/USDT:USDT,0.13354,120.0,0.13312,37.0,0.13383,120.0,0.13384,960.0
1753617297648,11:54:57.648,huobi,AERGO/USDT:USDT,0.13354,120.0,0.13312,37.0,0.13383,120.0,0.13385,621.0
1753617297679,11:54:57.679,huobi,AERGO/USDT:USDT,0.13354,120.0,0.13312,37.0,0.13383,120.0,0.13391,118.0
1753617297696,11:54:57.696,huobi,AERGO/USDT:USDT,0.13354,120.0,0.13312,37.0,0.13391,118.0,0.13413,37.0
1753617297728,11:54:57.728,huobi,AERGO/USDT:USDT,0.13354,120.0,0.13312,37.0,0.13412,119.0,0.13413,37.0
1753617297796,11:54:57.796,huobi,AERGO/USDT:USDT,0.13354,120.0,0.13312,37.0,0.13411,37.0,0.13412,119.0
1753617297835,11:54:57.835,huobi,AERGO/USDT:USDT,0.13354,120.0,0.13312,37.0,0.1341,119.0,0.13412,119.0
1753617297847,11:54:57.847,huobi,AERGO/USDT:USDT,0.13354,120.0,0.13312,37.0,0.1341,119.0,0.13412,119.0
1753617297879,11:54:57.879,huobi,AERGO/USDT:USDT,0.13354,120.0,0.13312,37.0,0.13408,119.0,0.13409,37.0
1753617297954,11:54:57.954,huobi,AERGO/USDT:USDT,0.13354,120.0,0.13312,37.0,0.13401,1079.0,0.13402,621.0
1753617297965,11:54:57.965,huobi,AERGO/USDT:USDT,0.13354,120.0,0.13312,37.0,0.134,37.0,0.13401,960.0
1753617297995,11:54:57.995,huobi,AERGO/USDT:USDT,0.13354,120.0,0.13312,37.0,0.13399,119.0,0.134,997.0
1753617298096,11:54:58.096,huobi,AERGO/USDT:USDT,0.13354,120.0,0.13312,37.0,0.13399,119.0,0.134,997.0
1753617298125,11:54:58.125,huobi,AERGO/USDT:USDT,0.13354,120.0,0.13312,37.0,0.13398,119.0,0.13399,1079.0
1753617298169,11:54:58.169,huobi,AERGO/USDT:USDT,0.13354,120.0,0.13312,37.0,0.13396,934.0,0.13398,119.0
1753617298174,11:54:58.174,huobi,AERGO/USDT:USDT,0.13354,120.0,0.13312,37.0,0.13396,934.0,0.13398,119.0
1753617298214,11:54:58.214,huobi,AERGO/USDT:USDT,0.13354,120.0,0.13312,37.0,0.13395,119.0,0.13396,934.0
1753617298289,11:54:58.289,huobi,AERGO/USDT:USDT,0.13354,120.0,0.13312,37.0,0.13395,119.0,0.13396,934.0
1753617298303,11:54:58.303,huobi,AERGO/USDT:USDT,0.13354,120.0,0.13312,37.0,0.13395,1079.0,0.13396,934.0
1753617298328,11:54:58.328,huobi,AERGO/USDT:USDT,0.13354,120.0,0.13312,37.0,0.13394,119.0,0.13395,960.0
1753617298392,11:54:58.392,huobi,AERGO/USDT:USDT,0.13354,120.0,0.13312,37.0,0.13394,119.0,0.13395,960.0
1753617298620,11:54:58.620,huobi,AERGO/USDT:USDT,0.13354,120.0,0.13312,37.0,0.13394,119.0,0.13395,960.0
1753617298662,11:54:58.662,huobi,AERGO/USDT:USDT,0.13354,120.0,0.13312,37.0,0.13394,119.0,0.13395,960.0
1753617298693,11:54:58.693,huobi,AERGO/USDT:USDT,0.13354,120.0,0.13312,37.0,0.13392,119.0,0.13393,76.0
1753617298818,11:54:58.818,huobi,AERGO/USDT:USDT,0.13354,120.0,0.13312,37.0,0.13392,119.0,0.13393,76.0
1753617298837,11:54:58.837,huobi,AERGO/USDT:USDT,0.13354,120.0,0.13312,37.0,0.13392,119.0,0.13393,1036.0
1753617298945,11:54:58.945,huobi,AERGO/USDT:USDT,0.13354,120.0,0.13312,37.0,0.13392,119.0,0.13393,1036.0
1753617299101,11:54:59.101,huobi,AERGO/USDT:USDT,0.13354,120.0,0.13312,37.0,0.13392,119.0,0.13393,960.0
1753617300304,11:55:00.304,huobi,AERGO/USDT:USDT,0.13354,120.0,0.13312,37.0,0.13392,119.0,0.13393,960.0
1753617300311,11:55:00.311,huobi,AERGO/USDT:USDT,0.13354,120.0,0.13312,37.0,0.13392,119.0,0.13394,119.0
1753617301277,11:55:01.277,huobi,AERGO/USDT:USDT,0.13354,120.0,0.13312,37.0,0.13394,119.0,0.13397,960.0
1753617301300,11:55:01.300,huobi,AERGO/USDT:USDT,0.13354,120.0,0.13312,37.0,0.13394,119.0,0.13398,119.0
1753617301429,11:55:01.429,huobi,AERGO/USDT:USDT,0.13354,120.0,0.13312,37.0,0.13398,892.0,0.134,960.0
1753617301443,11:55:01.443,huobi,AERGO/USDT:USDT,0.13354,120.0,0.13312,37.0,0.13397,119.0,0.13398,773.0
1753617301552,11:55:01.552,huobi,AERGO/USDT:USDT,0.13354,120.0,0.13312,37.0,0.13396,119.0,0.13397,960.0
1753617303359,11:55:03.359,huobi,AERGO/USDT:USDT,0.13354,120.0,0.13312,37.0,0.13396,119.0,0.13397,960.0
1753617303391,11:55:03.391,huobi,AERGO/USDT:USDT,0.13354,120.0,0.13312,37.0,0.13396,119.0,0.13397,960.0
1753617303882,11:55:03.882,huobi,AERGO/USDT:USDT,0.13354,120.0,0.13312,37.0,0.13396,119.0,0.13397,960.0
1753617304539,11:55:04.539,huobi,AERGO/USDT:USDT,0.13354,120.0,0.13312,37.0,0.13396,119.0,0.13397,960.0
1753617304614,11:55:04.614,huobi,AERGO/USDT:USDT,0.13354,120.0,0.13312,37.0,0.13396,119.0,0.13397,960.0
1753617304660,11:55:04.660,huobi,AERGO/USDT:USDT,0.13354,120.0,0.13312,37.0,0.13396,119.0,0.13397,960.0
1753617304688,11:55:04.688,huobi,AERGO/USDT:USDT,0.13354,120.0,0.13312,37.0,0.13396,119.0,0.13399,119.0
1753617304721,11:55:04.721,huobi,AERGO/USDT:USDT,0.13354,120.0,0.13312,37.0,0.13399,119.0,0.134,997.0
1753617304755,11:55:04.755,huobi,AERGO/USDT:USDT,0.13354,120.0,0.13312,37.0,0.13399,1079.0,0.134,997.0
1753617304799,11:55:04.799,huobi,AERGO/USDT:USDT,0.13354,120.0,0.13312,37.0,0.13398,119.0,0.134,997.0
1753617304847,11:55:04.847,huobi,AERGO/USDT:USDT,0.13354,120.0,0.13312,37.0,0.13398,119.0,0.134,37.0
1753617304933,11:55:04.933,huobi,AERGO/USDT:USDT,0.13354,120.0,0.13312,37.0,0.13398,119.0,0.134,37.0
1753617305942,11:55:05.942,huobi,AERGO/USDT:USDT,0.13354,120.0,0.13312,37.0,0.13398,119.0,0.13401,119.0
1753617305948,11:55:05.948,huobi,AERGO/USDT:USDT,0.13354,120.0,0.13312,37.0,0.13401,119.0,0.13414,116.0
1753617306021,11:55:06.021,huobi,AERGO/USDT:USDT,0.13354,120.0,0.13312,37.0,0.13414,116.0,0.13415,960.0
1753617306040,11:55:06.040,huobi,AERGO/USDT:USDT,0.13354,120.0,0.13312,37.0,0.13414,116.0,0.13415,960.0
1753617306065,11:55:06.065,huobi,AERGO/USDT:USDT,0.13354,120.0,0.13312,37.0,0.13412,118.0,0.13414,116.0
1753617306107,11:55:06.107,huobi,AERGO/USDT:USDT,0.13354,120.0,0.13312,37.0,0.13414,116.0,0.13415,960.0
1753617306139,11:55:06.139,huobi,AERGO/USDT:USDT,0.13354,120.0,0.13312,37.0,0.13413,37.0,0.13414,116.0
1753617306155,11:55:06.155,huobi,AERGO/USDT:USDT,0.13354,120.0,0.13312,37.0,0.13412,118.0,0.13413,37.0
1753617306269,11:55:06.269,huobi,AERGO/USDT:USDT,0.13354,120.0,0.13312,37.0,0.13412,118.0,0.13413,37.0
1753617307195,11:55:07.195,huobi,AERGO/USDT:USDT,0.13354,120.0,0.13312,37.0,0.13412,118.0,0.13414,116.0
1753617307208,11:55:07.208,huobi,AERGO/USDT:USDT,0.13354,120.0,0.13312,37.0,0.13414,116.0,0.13415,960.0
1753617307245,11:55:07.245,huobi,AERGO/USDT:USDT,0.13354,120.0,0.13312,37.0,0.13412,118.0,0.13413,37.0
1753617307266,11:55:07.266,huobi,AERGO/USDT:USDT,0.13354,120.0,0.13312,37.0,0.13412,118.0,0.13414,116.0
1753617307313,11:55:07.313,huobi,AERGO/USDT:USDT,0.13354,120.0,0.13312,37.0,0.13411,37.0,0.13412,118.0
1753617307326,11:55:07.326,huobi,AERGO/USDT:USDT,0.13354,120.0,0.13312,37.0,0.13411,37.0,0.13412,118.0
1753617307434,11:55:07.434,huobi,AERGO/USDT:USDT,0.13354,120.0,0.13312,37.0,0.1341,118.0,0.13411,37.0
1753617307449,11:55:07.449,huobi,AERGO/USDT:USDT,0.13354,120.0,0.13312,37.0,0.1341,118.0,0.13411,997.0
1753617307526,11:55:07.526,huobi,AERGO/USDT:USDT,0.13354,120.0,0.13312,37.0,0.13409,37.0,0.1341,118.0
1753617307541,11:55:07.541,huobi,AERGO/USDT:USDT,0.13354,120.0,0.13312,37.0,0.13408,118.0,0.13409,37.0
1753617307566,11:55:07.566,huobi,AERGO/USDT:USDT,0.13354,120.0,0.13312,37.0,0.13408,118.0,0.1341,118.0
1753617307601,11:55:07.601,huobi,AERGO/USDT:USDT,0.13354,120.0,0.13312,37.0,0.13407,37.0,0.13408,118.0
1753617307640,11:55:07.640,huobi,AERGO/USDT:USDT,0.13354,120.0,0.13312,37.0,0.13406,118.0,0.13408,118.0
1753617307672,11:55:07.672,huobi,AERGO/USDT:USDT,0.13354,120.0,0.13312,37.0,0.13405,37.0,0.13406,118.0
1753617307686,11:55:07.686,huobi,AERGO/USDT:USDT,0.13354,120.0,0.13312,37.0,0.13404,118.0,0.13405,37.0
1753617307750,11:55:07.750,huobi,AERGO/USDT:USDT,0.13354,120.0,0.13312,37.0,0.13403,37.0,0.13404,118.0
1753617307806,11:55:07.806,huobi,AERGO/USDT:USDT,0.13354,120.0,0.13312,37.0,0.13402,118.0,0.13404,118.0
1753617307838,11:55:07.838,huobi,AERGO/USDT:USDT,0.13354,120.0,0.13312,37.0,0.134,118.0,0.13401,37.0
1753617307929,11:55:07.929,huobi,AERGO/USDT:USDT,0.13354,120.0,0.13312,37.0,0.134,118.0,0.13401,37.0
1753617307995,11:55:07.995,huobi,AERGO/USDT:USDT,0.13354,120.0,0.13312,37.0,0.134,739.0,0.13401,37.0
1753617308020,11:55:08.020,huobi,AERGO/USDT:USDT,0.13354,120.0,0.13312,37.0,0.13399,960.0,0.134,621.0
1753617308056,11:55:08.056,huobi,AERGO/USDT:USDT,0.13354,120.0,0.13312,37.0,0.13398,118.0,0.13399,960.0
1753617308116,11:55:08.116,huobi,AERGO/USDT:USDT,0.13354,120.0,0.13312,37.0,0.13398,118.0,0.13399,960.0
1753617308139,11:55:08.139,huobi,AERGO/USDT:USDT,0.13354,120.0,0.13312,37.0,0.13398,118.0,0.13399,1965.0
1753617308883,11:55:08.883,huobi,AERGO/USDT:USDT,0.13354,120.0,0.13312,37.0,0.13398,118.0,0.13399,1965.0
1753617308906,11:55:08.906,huobi,AERGO/USDT:USDT,0.13354,120.0,0.13312,37.0,0.13398,118.0,0.13399,1965.0
1753617308939,11:55:08.939,huobi,AERGO/USDT:USDT,0.13354,120.0,0.13312,37.0,0.13398,118.0,0.13399,1965.0
1753617310854,11:55:10.854,huobi,AERGO/USDT:USDT,0.13354,120.0,0.13312,37.0,0.13397,1705.0,0.13398,118.0
1753617310869,11:55:10.869,huobi,AERGO/USDT:USDT,0.13354,120.0,0.13312,37.0,0.13396,118.0,0.13397,1705.0
1753617310904,11:55:10.904,huobi,AERGO/USDT:USDT,0.13354,120.0,0.13312,37.0,0.13395,118.0,0.13396,960.0
1753617310938,11:55:10.938,huobi,AERGO/USDT:USDT,0.13354,120.0,0.13312,37.0,0.13394,574.0,0.13395,118.0
1753617310963,11:55:10.963,huobi,AERGO/USDT:USDT,0.13354,120.0,0.13312,37.0,0.13393,960.0,0.13394,574.0
1753617311419,11:55:11.419,huobi,AERGO/USDT:USDT,0.13354,120.0,0.13312,37.0,0.13392,118.0,0.13393,960.0
1753617311438,11:55:11.438,huobi,AERGO/USDT:USDT,0.13354,120.0,0.13312,37.0,0.13392,118.0,0.13398,1078.0
1753617313591,11:55:13.591,huobi,AERGO/USDT:USDT,0.13354,120.0,0.13312,37.0,0.13392,118.0,0.13398,1078.0
1753617313933,11:55:13.933,huobi,AERGO/USDT:USDT,0.13354,120.0,0.13312,37.0,0.13392,118.0,0.13398,1078.0
1753617313954,11:55:13.954,huobi,AERGO/USDT:USDT,0.13354,120.0,0.13312,37.0,0.13392,118.0,0.13398,1078.0
1753617313991,11:55:13.991,huobi,AERGO/USDT:USDT,0.13354,120.0,0.13312,37.0,0.13392,118.0,0.13398,1078.0
1753617316034,11:55:16.034,huobi,AERGO/USDT:USDT,0.13354,120.0,0.13312,37.0,0.13392,118.0,0.13398,1078.0
1753617316071,11:55:16.071,huobi,AERGO/USDT:USDT,0.13354,120.0,0.13312,37.0,0.13392,118.0,0.13398,1078.0
1753617316134,11:55:16.134,huobi,AERGO/USDT:USDT,0.13354,120.0,0.13312,37.0,0.13392,118.0,0.13398,1078.0
1753617316160,11:55:16.160,huobi,AERGO/USDT:USDT,0.13354,120.0,0.13312,37.0,0.13392,118.0,0.13398,1078.0
1753617316376,11:55:16.376,huobi,AERGO/USDT:USDT,0.13354,120.0,0.13312,37.0,0.13392,118.0,0.13398,1078.0
1753617316414,11:55:16.414,huobi,AERGO/USDT:USDT,0.13354,120.0,0.13312,37.0,0.13392,118.0,0.13398,1115.0
1753617316484,11:55:16.484,huobi,AERGO/USDT:USDT,0.13354,120.0,0.13312,37.0,0.13392,118.0,0.13398,1115.0
1753617316700,11:55:16.700,huobi,AERGO/USDT:USDT,0.13354,120.0,0.13312,37.0,0.13392,118.0,0.13398,1115.0
1753617316735,11:55:16.735,huobi,AERGO/USDT:USDT,0.13354,120.0,0.13312,37.0,0.13392,118.0,0.13398,1115.0
1753617316838,11:55:16.838,huobi,AERGO/USDT:USDT,0.13354,120.0,0.13312,37.0,0.13392,118.0,0.13398,1078.0
1753617316884,11:55:16.884,huobi,AERGO/USDT:USDT,0.13354,120.0,0.13312,37.0,0.13392,118.0,0.13397,37.0
1753617316898,11:55:16.898,huobi,AERGO/USDT:USDT,0.13354,120.0,0.13312,37.0,0.13392,118.0,0.13397,997.0
1753617317006,11:55:17.006,huobi,AERGO/USDT:USDT,0.13354,120.0,0.13312,37.0,0.13392,118.0,0.13397,997.0
1753617317166,11:55:17.166,huobi,AERGO/USDT:USDT,0.13354,120.0,0.13312,37.0,0.13392,118.0,0.13397,997.0
1753617317201,11:55:17.201,huobi,AERGO/USDT:USDT,0.13354,120.0,0.13312,37.0,0.13392,118.0,0.13397,997.0
1753617317249,11:55:17.249,huobi,AERGO/USDT:USDT,0.13354,120.0,0.13312,37.0,0.13392,118.0,0.13397,960.0
1753617317261,11:55:17.261,huobi,AERGO/USDT:USDT,0.13354,120.0,0.13312,37.0,0.13392,118.0,0.13398,118.0
1753617317301,11:55:17.301,huobi,AERGO/USDT:USDT,0.13354,120.0,0.13312,37.0,0.13392,118.0,0.13398,1078.0
1753617317317,11:55:17.317,huobi,AERGO/USDT:USDT,0.13354,120.0,0.13312,37.0,0.13398,1078.0,0.13399,1005.0
1753617317353,11:55:17.353,huobi,AERGO/USDT:USDT,0.13354,120.0,0.13312,37.0,0.13397,37.0,0.13398,960.0
1753617317377,11:55:17.377,huobi,AERGO/USDT:USDT,0.13354,120.0,0.13312,37.0,0.13396,118.0,0.13397,37.0
1753617317446,11:55:17.446,huobi,AERGO/USDT:USDT,0.13354,120.0,0.13312,37.0,0.13396,118.0,0.13397,37.0
1753617318831,11:55:18.831,huobi,AERGO/USDT:USDT,0.13354,120.0,0.1332,893.0,0.13396,118.0,0.13397,37.0
1753617318846,11:55:18.846,huobi,AERGO/USDT:USDT,0.13354,120.0,0.1332,1011.0,0.13396,118.0,0.13397,37.0
1753617318894,11:55:18.894,huobi,AERGO/USDT:USDT,0.13354,120.0,0.13321,997.0,0.13396,118.0,0.13397,37.0
1753617318954,11:55:18.954,huobi,AERGO/USDT:USDT,0.13354,120.0,0.13321,997.0,0.13396,118.0,0.13397,37.0
1753617319038,11:55:19.038,huobi,AERGO/USDT:USDT,0.13354,120.0,0.13321,997.0,0.13396,118.0,0.13397,37.0
1753617319899,11:55:19.899,huobi,AERGO/USDT:USDT,0.13354,120.0,0.13321,960.0,0.13396,118.0,0.13397,37.0
1753617319995,11:55:19.995,huobi,AERGO/USDT:USDT,0.13354,120.0,0.13322,37.0,0.13396,118.0,0.13397,37.0
1753617320028,11:55:20.028,huobi,AERGO/USDT:USDT,0.13354,120.0,0.13322,37.0,0.13396,118.0,0.13398,960.0
1753617320082,11:55:20.082,huobi,AERGO/USDT:USDT,0.13354,120.0,0.13323,37.0,0.13396,118.0,0.13398,960.0
1753617320108,11:55:20.108,huobi,AERGO/USDT:USDT,0.13354,120.0,0.13321,960.0,0.13396,118.0,0.13397,37.0
1753617320147,11:55:20.147,huobi,AERGO/USDT:USDT,0.13354,120.0,0.13322,37.0,0.13396,118.0,0.13397,37.0
1753617320591,11:55:20.591,huobi,AERGO/USDT:USDT,0.13354,120.0,0.13322,37.0,0.13396,118.0,0.13397,37.0
1753617320623,11:55:20.623,huobi,AERGO/USDT:USDT,0.13354,120.0,0.13322,37.0,0.13396,118.0,0.13397,37.0
1753617321377,11:55:21.377,huobi,AERGO/USDT:USDT,0.13354,120.0,0.13322,37.0,0.13396,118.0,0.13397,37.0
1753617323815,11:55:23.815,huobi,AERGO/USDT:USDT,0.13354,120.0,0.13322,37.0,0.13396,118.0,0.13397,37.0
1753617326064,11:55:26.064,huobi,AERGO/USDT:USDT,0.13354,120.0,0.13322,37.0,0.1339,837.0,0.13396,118.0
1753617326077,11:55:26.077,huobi,AERGO/USDT:USDT,0.13354,120.0,0.13322,37.0,0.13389,117.0,0.1339,837.0
1753617326187,11:55:26.187,huobi,AERGO/USDT:USDT,0.13354,120.0,0.13322,37.0,0.13388,117.0,0.13389,960.0
1753617326207,11:55:26.207,huobi,AERGO/USDT:USDT,0.13354,120.0,0.13322,37.0,0.13388,117.0,0.13389,960.0
1753617326248,11:55:26.248,huobi,AERGO/USDT:USDT,0.13354,120.0,0.13322,37.0,0.13388,117.0,0.13389,960.0
1753617331092,11:55:31.092,huobi,AERGO/USDT:USDT,0.13354,120.0,0.13322,37.0,0.13388,117.0,0.13389,960.0
1753617331118,11:55:31.118,huobi,AERGO/USDT:USDT,0.13354,120.0,0.13322,37.0,0.13388,117.0,0.13389,960.0
1753617331148,11:55:31.148,huobi,AERGO/USDT:USDT,0.13354,120.0,0.13322,37.0,0.13388,117.0,0.13389,960.0
1753617331178,11:55:31.178,huobi,AERGO/USDT:USDT,0.13354,120.0,0.13322,37.0,0.13388,117.0,0.13389,960.0
1753617331255,11:55:31.255,huobi,AERGO/USDT:USDT,0.13354,120.0,0.13322,37.0,0.13388,117.0,0.13389,960.0
1753617331724,11:55:31.724,huobi,AERGO/USDT:USDT,0.13354,120.0,0.13322,37.0,0.13386,621.0,0.13388,117.0
1753617331751,11:55:31.751,huobi,AERGO/USDT:USDT,0.13354,120.0,0.13322,37.0,0.13385,960.0,0.13386,621.0
1753617331847,11:55:31.847,huobi,AERGO/USDT:USDT,0.13354,120.0,0.13322,37.0,0.13384,117.0,0.13385,960.0
1753617333191,11:55:33.191,huobi,AERGO/USDT:USDT,0.13354,120.0,0.13322,37.0,0.13384,117.0,0.13385,960.0
1753617333238,11:55:33.238,huobi,AERGO/USDT:USDT,0.13354,120.0,0.13322,37.0,0.13384,117.0,0.13385,960.0
1753617333622,11:55:33.622,huobi,AERGO/USDT:USDT,0.13354,120.0,0.13322,37.0,0.13384,117.0,0.13385,960.0
1753617333644,11:55:33.644,huobi,AERGO/USDT:USDT,0.13354,120.0,0.13322,37.0,0.13384,117.0,0.13385,960.0
1753617333683,11:55:33.683,huobi,AERGO/USDT:USDT,0.13354,120.0,0.13322,37.0,0.13384,117.0,0.13385,960.0
1753617336250,11:55:36.250,huobi,AERGO/USDT:USDT,0.13354,120.0,0.13322,37.0,0.13384,117.0,0.13385,960.0
1753617338082,11:55:38.082,huobi,AERGO/USDT:USDT,0.13354,120.0,0.13322,37.0,0.13369,11.0,0.13384,117.0
1753617338252,11:55:38.252,huobi,AERGO/USDT:USDT,0.13354,120.0,0.13322,37.0,0.13384,117.0,0.13385,960.0
1753617338257,11:55:38.257,huobi,AERGO/USDT:USDT,0.13354,120.0,0.13322,37.0,0.13384,117.0,0.13385,960.0
1753617338290,11:55:38.290,huobi,AERGO/USDT:USDT,0.13354,120.0,0.13322,37.0,0.13384,117.0,0.13385,960.0
1753617338396,11:55:38.396,huobi,AERGO/USDT:USDT,0.13354,120.0,0.13322,37.0,0.13384,117.0,0.13385,960.0
1753617338565,11:55:38.565,huobi,AERGO/USDT:USDT,0.13354,120.0,0.13322,37.0,0.13384,117.0,0.13385,960.0
1753617338609,11:55:38.609,huobi,AERGO/USDT:USDT,0.13354,120.0,0.13322,37.0,0.13384,117.0,0.13385,960.0
1753617338624,11:55:38.624,huobi,AERGO/USDT:USDT,0.13354,120.0,0.13322,37.0,0.13384,117.0,0.13385,960.0
1753617338690,11:55:38.690,huobi,AERGO/USDT:USDT,0.13354,120.0,0.13322,37.0,0.13384,117.0,0.13385,960.0
1753617338737,11:55:38.737,huobi,AERGO/USDT:USDT,0.13354,120.0,0.13322,37.0,0.13384,117.0,0.13385,960.0
1753617338949,11:55:38.949,huobi,AERGO/USDT:USDT,0.13354,120.0,0.13322,37.0,0.13384,117.0,0.13385,960.0
1753617345155,11:55:45.155,huobi,AERGO/USDT:USDT,0.13354,120.0,0.13322,37.0,0.13384,117.0,0.13385,960.0
1753617345190,11:55:45.190,huobi,AERGO/USDT:USDT,0.13354,120.0,0.13322,37.0,0.13384,117.0,0.13385,960.0
1753617347883,11:55:47.883,huobi,AERGO/USDT:USDT,0.13354,120.0,0.13322,37.0,0.13384,117.0,0.13385,960.0
1753617347927,11:55:47.927,huobi,AERGO/USDT:USDT,0.13354,120.0,0.13322,37.0,0.13384,117.0,0.13385,960.0
1753617347951,11:55:47.951,huobi,AERGO/USDT:USDT,0.13354,120.0,0.13322,37.0,0.13384,117.0,0.13385,960.0
1753617347985,11:55:47.985,huobi,AERGO/USDT:USDT,0.13354,120.0,0.13322,37.0,0.13384,117.0,0.13385,960.0
1753617348465,11:55:48.465,huobi,AERGO/USDT:USDT,0.13354,120.0,0.13322,37.0,0.13384,117.0,0.13385,960.0
1753617348499,11:55:48.499,huobi,AERGO/USDT:USDT,0.13354,120.0,0.13322,37.0,0.13384,117.0,0.13385,960.0
1753617348519,11:55:48.519,huobi,AERGO/USDT:USDT,0.13354,120.0,0.13322,37.0,0.13384,117.0,0.13385,960.0
1753617350844,11:55:50.844,huobi,AERGO/USDT:USDT,0.13354,120.0,0.13322,37.0,0.13384,117.0,0.13385,960.0
1753617350897,11:55:50.897,huobi,AERGO/USDT:USDT,0.13354,120.0,0.13322,37.0,0.13384,117.0,0.13385,960.0
1753617356561,11:55:56.561,huobi,AERGO/USDT:USDT,0.13354,120.0,0.13322,37.0,0.13384,117.0,0.13385,960.0
1753617356638,11:55:56.638,huobi,AERGO/USDT:USDT,0.13354,120.0,0.13322,37.0,0.13384,117.0,0.13385,960.0
1753617356935,11:55:56.935,huobi,AERGO/USDT:USDT,0.13354,120.0,0.13322,37.0,0.13384,117.0,0.13385,960.0
1753617358029,11:55:58.029,huobi,AERGO/USDT:USDT,0.13354,120.0,0.13322,37.0,0.13384,117.0,0.13385,960.0
1753617358064,11:55:58.064,huobi,AERGO/USDT:USDT,0.13354,120.0,0.13322,37.0,0.13384,117.0,0.13385,960.0
1753617358296,11:55:58.296,huobi,AERGO/USDT:USDT,0.13354,120.0,0.13322,37.0,0.13384,117.0,0.13385,960.0
1753617358340,11:55:58.340,huobi,AERGO/USDT:USDT,0.13354,120.0,0.1332,118.0,0.13384,117.0,0.13385,960.0
1753617358357,11:55:58.357,huobi,AERGO/USDT:USDT,0.13323,37.0,0.1332,118.0,0.13384,117.0,0.13385,960.0
1753617358385,11:55:58.385,huobi,AERGO/USDT:USDT,0.13294,116.0,0.13291,265.0,0.13384,117.0,0.13385,960.0
1753617358422,11:55:58.422,huobi,AERGO/USDT:USDT,0.13296,116.0,0.13295,37.0,0.13384,117.0,0.13385,960.0
1753617358451,11:55:58.451,huobi,AERGO/USDT:USDT,0.13311,894.0,0.13296,116.0,0.13384,117.0,0.13385,960.0
1753617358533,11:55:58.533,huobi,AERGO/USDT:USDT,0.13313,37.0,0.13312,116.0,0.13384,117.0,0.13385,960.0
1753617358549,11:55:58.549,huobi,AERGO/USDT:USDT,0.13314,116.0,0.13313,37.0,0.13384,117.0,0.13385,960.0
1753617358563,11:55:58.563,huobi,AERGO/USDT:USDT,0.13314,116.0,0.13313,37.0,0.13384,117.0,0.13385,960.0
1753617358599,11:55:58.599,huobi,AERGO/USDT:USDT,0.13314,116.0,0.13313,960.0,0.13384,117.0,0.13385,960.0
1753617358630,11:55:58.630,huobi,AERGO/USDT:USDT,0.13316,116.0,0.13315,37.0,0.13384,117.0,0.13385,960.0
1753617358656,11:55:58.656,huobi,AERGO/USDT:USDT,0.13316,116.0,0.13315,960.0,0.13384,117.0,0.13385,960.0
1753617358687,11:55:58.687,huobi,AERGO/USDT:USDT,0.13317,37.0,0.13316,116.0,0.13384,117.0,0.13385,960.0
1753617358720,11:55:58.720,huobi,AERGO/USDT:USDT,0.13318,116.0,0.13316,116.0,0.13384,117.0,0.13385,960.0
1753617358746,11:55:58.746,huobi,AERGO/USDT:USDT,0.13318,116.0,0.13316,116.0,0.13384,117.0,0.13385,960.0
1753617358791,11:55:58.791,huobi,AERGO/USDT:USDT,0.1332,116.0,0.13318,116.0,0.13384,117.0,0.13385,960.0
1753617358830,11:55:58.830,huobi,AERGO/USDT:USDT,0.13321,37.0,0.1332,116.0,0.13384,117.0,0.13385,960.0
1753617358842,11:55:58.842,huobi,AERGO/USDT:USDT,0.13322,116.0,0.13321,37.0,0.13384,117.0,0.13385,960.0
1753617358878,11:55:58.878,huobi,AERGO/USDT:USDT,0.13322,116.0,0.1332,116.0,0.13384,117.0,0.13385,960.0
1753617358902,11:55:58.902,huobi,AERGO/USDT:USDT,0.13323,37.0,0.13322,116.0,0.13384,117.0,0.13385,960.0
1753617358929,11:55:58.929,huobi,AERGO/USDT:USDT,0.13324,116.0,0.13323,37.0,0.13384,1077.0,0.13388,117.0
1753617358965,11:55:58.965,huobi,AERGO/USDT:USDT,0.13325,37.0,0.13324,116.0,0.13383,116.0,0.13388,117.0
1753617358997,11:55:58.997,huobi,AERGO/USDT:USDT,0.13326,116.0,0.13324,116.0,0.13383,116.0,0.13388,117.0
