timestamp,time,exchange,symbol,bid1_price,bid1_volume,bid2_price,bid2_volume,ask1_price,ask1_volume,ask2_price,ask2_volume
1753617162905,11:52:42.905,okx,ADA/USDT:USDT,0.8229,247.7,0.8228,657.0,0.823,146.1,0.8231,628.1
1753617163105,11:52:43.105,okx,ADA/USDT:USDT,0.8229,241.1,0.8228,656.7,0.823,156.9,0.8231,628.5
1753617163205,11:52:43.205,okx,ADA/USDT:USDT,0.8229,241.1,0.8228,656.7,0.823,166.2,0.8231,628.1
1753617163605,11:52:43.605,okx,ADA/USDT:USDT,0.8229,251.0,0.8228,656.7,0.823,31.5,0.8231,558.3
1753617163805,11:52:43.805,okx,ADA/USDT:USDT,0.8229,251.0,0.8228,704.6,0.823,31.3,0.8231,551.1
1753617163905,11:52:43.905,okx,ADA/USDT:USDT,0.8229,257.0,0.8228,704.3,0.823,32.0,0.8231,551.1
1753617164005,11:52:44.005,okx,ADA/USDT:USDT,0.8229,256.2,0.8228,693.3,0.823,32.4,0.8231,551.1
1753617164105,11:52:44.105,okx,ADA/USDT:USDT,0.8229,256.2,0.8228,693.3,0.823,52.5,0.8231,530.3
1753617164205,11:52:44.205,okx,ADA/USDT:USDT,0.8229,256.2,0.8228,704.4,0.823,52.5,0.8231,530.3
1753617164305,11:52:44.305,okx,ADA/USDT:USDT,0.823,797.2,0.8229,617.6,0.8231,5.8,0.8232,600.8
1753617164705,11:52:44.705,okx,ADA/USDT:USDT,0.8231,356.4,0.823,849.4,0.8232,155.0,0.8233,1117.3
1753617165505,11:52:45.505,okx,ADA/USDT:USDT,0.8231,315.5,0.823,843.1,0.8232,168.9,0.8233,1091.0
1753617165605,11:52:45.605,okx,ADA/USDT:USDT,0.8231,299.2,0.823,842.8,0.8232,169.3,0.8233,1101.2
1753617165705,11:52:45.705,okx,ADA/USDT:USDT,0.8231,299.2,0.823,831.9,0.8232,179.5,0.8233,1101.2
1753617165805,11:52:45.805,okx,ADA/USDT:USDT,0.8231,276.6,0.823,786.2,0.8232,349.7,0.8233,1101.2
1753617166105,11:52:46.105,okx,ADA/USDT:USDT,0.8231,132.4,0.823,732.8,0.8232,359.5,0.8233,1101.6
1753617166205,11:52:46.205,okx,ADA/USDT:USDT,0.8231,132.4,0.823,732.8,0.8232,359.4,0.8233,1101.6
1753617166405,11:52:46.405,okx,ADA/USDT:USDT,0.8231,120.6,0.823,732.8,0.8232,365.9,0.8233,1101.0
1753617166705,11:52:46.705,okx,ADA/USDT:USDT,0.8231,128.2,0.823,732.8,0.8232,366.0,0.8233,1101.7
1753617166805,11:52:46.805,okx,ADA/USDT:USDT,0.8231,148.2,0.823,743.0,0.8232,349.7,0.8233,1101.7
1753617167005,11:52:47.005,okx,ADA/USDT:USDT,0.8231,127.9,0.823,778.4,0.8232,305.7,0.8233,1106.8
1753617167205,11:52:47.205,okx,ADA/USDT:USDT,0.8231,147.9,0.823,778.4,0.8232,303.9,0.8233,1106.8
1753617167505,11:52:47.505,okx,ADA/USDT:USDT,0.8231,72.7,0.823,788.4,0.8232,366.4,0.8233,1106.8
1753617167605,11:52:47.605,okx,ADA/USDT:USDT,0.8231,72.7,0.823,778.4,0.8232,306.4,0.8233,1106.8
1753617167705,11:52:47.705,okx,ADA/USDT:USDT,0.8231,72.7,0.823,788.4,0.8232,312.4,0.8233,1106.8
1753617167805,11:52:47.805,okx,ADA/USDT:USDT,0.8231,3.7,0.823,551.1,0.8232,374.2,0.8233,1115.5
1753617167905,11:52:47.905,okx,ADA/USDT:USDT,0.8231,3.7,0.823,551.1,0.8232,374.2,0.8233,1115.5
1753617168005,11:52:48.005,okx,ADA/USDT:USDT,0.8231,86.5,0.823,699.1,0.8232,297.2,0.8233,1115.2
1753617168105,11:52:48.105,okx,ADA/USDT:USDT,0.8231,87.1,0.823,699.1,0.8232,297.2,0.8233,1115.2
1753617168605,11:52:48.605,okx,ADA/USDT:USDT,0.8231,200.2,0.823,755.1,0.8232,256.8,0.8233,1104.9
1753617168705,11:52:48.705,okx,ADA/USDT:USDT,0.8231,194.2,0.823,755.1,0.8232,256.8,0.8233,1104.9
1753617168805,11:52:48.805,okx,ADA/USDT:USDT,0.8231,184.2,0.823,755.1,0.8232,256.8,0.8233,1114.9
1753617168905,11:52:48.905,okx,ADA/USDT:USDT,0.8231,248.1,0.823,755.1,0.8232,152.4,0.8233,1063.9
1753617169005,11:52:49.005,okx,ADA/USDT:USDT,0.8231,248.1,0.823,755.1,0.8232,152.4,0.8233,1063.9
1753617169605,11:52:49.605,okx,ADA/USDT:USDT,0.8231,312.6,0.823,755.1,0.8232,151.9,0.8233,1062.9
1753617169705,11:52:49.705,okx,ADA/USDT:USDT,0.8231,312.6,0.823,755.1,0.8232,151.9,0.8233,1062.9
1753617169805,11:52:49.805,okx,ADA/USDT:USDT,0.8231,315.8,0.823,755.1,0.8232,149.0,0.8233,1062.9
1753617169905,11:52:49.905,okx,ADA/USDT:USDT,0.8231,315.8,0.823,755.1,0.8232,149.7,0.8233,1062.9
1753617170105,11:52:50.105,okx,ADA/USDT:USDT,0.8231,174.4,0.823,754.8,0.8232,189.7,0.8233,1062.9
1753617170205,11:52:50.205,okx,ADA/USDT:USDT,0.8231,83.4,0.823,699.1,0.8232,309.9,0.8233,1063.3
1753617170305,11:52:50.305,okx,ADA/USDT:USDT,0.8231,83.4,0.823,699.1,0.8232,309.6,0.8233,1063.3
1753617170805,11:52:50.805,okx,ADA/USDT:USDT,0.8231,221.2,0.823,745.1,0.8232,151.1,0.8233,1062.9
1753617171105,11:52:51.105,okx,ADA/USDT:USDT,0.8231,221.2,0.823,745.1,0.8232,151.1,0.8233,1062.9
1753617171505,11:52:51.505,okx,ADA/USDT:USDT,0.8231,302.8,0.823,754.1,0.8232,131.3,0.8233,1062.9
1753617171605,11:52:51.605,okx,ADA/USDT:USDT,0.8231,304.9,0.823,754.1,0.8232,13.1,0.8233,373.6
1753617171705,11:52:51.705,okx,ADA/USDT:USDT,0.8232,650.9,0.8231,575.7,0.8233,23.7,0.8234,228.9
1753617171805,11:52:51.805,okx,ADA/USDT:USDT,0.8232,644.7,0.8231,730.1,0.8233,2.2,0.8234,135.4
1753617172005,11:52:52.005,okx,ADA/USDT:USDT,0.8232,645.0,0.8231,730.1,0.8233,2.4,0.8234,283.8
1753617172105,11:52:52.105,okx,ADA/USDT:USDT,0.8232,630.3,0.8231,735.5,0.8233,7.0,0.8234,518.8
1753617172205,11:52:52.205,okx,ADA/USDT:USDT,0.8232,644.7,0.8231,735.5,0.8233,22.3,0.8234,503.5
1753617172305,11:52:52.305,okx,ADA/USDT:USDT,0.8232,645.9,0.8231,735.5,0.8233,22.1,0.8234,179.4
1753617172405,11:52:52.405,okx,ADA/USDT:USDT,0.8232,636.9,0.8231,599.6,0.8233,22.4,0.8234,179.4
1753617172505,11:52:52.505,okx,ADA/USDT:USDT,0.8232,636.9,0.8231,599.6,0.8233,24.4,0.8234,179.8
1753617172605,11:52:52.605,okx,ADA/USDT:USDT,0.8232,646.2,0.8231,599.6,0.8233,20.1,0.8234,179.8
1753617173005,11:52:53.005,okx,ADA/USDT:USDT,0.8232,593.8,0.8231,544.5,0.8233,167.6,0.8234,538.3
1753617173105,11:52:53.105,okx,ADA/USDT:USDT,0.8232,593.8,0.8231,544.5,0.8233,181.8,0.8234,538.3
1753617173205,11:52:53.205,okx,ADA/USDT:USDT,0.8232,593.8,0.8231,544.5,0.8233,181.8,0.8234,538.3
1753617173405,11:52:53.405,okx,ADA/USDT:USDT,0.8232,593.0,0.8231,544.5,0.8233,181.8,0.8234,538.2
1753617173505,11:52:53.505,okx,ADA/USDT:USDT,0.8232,593.0,0.8231,544.5,0.8233,181.8,0.8234,538.2
1753617173805,11:52:53.805,okx,ADA/USDT:USDT,0.8232,16.0,0.8231,282.9,0.8233,395.8,0.8234,693.2
1753617173905,11:52:53.905,okx,ADA/USDT:USDT,0.8232,0.4,0.8231,282.9,0.8233,396.1,0.8234,693.2
1753617174105,11:52:54.105,okx,ADA/USDT:USDT,0.8232,41.5,0.8231,439.8,0.8233,299.5,0.8234,677.3
1753617174205,11:52:54.205,okx,ADA/USDT:USDT,0.8232,41.5,0.8231,430.9,0.8233,300.7,0.8234,687.4
1753617174305,11:52:54.305,okx,ADA/USDT:USDT,0.8232,36.9,0.8231,430.9,0.8233,310.8,0.8234,687.7
1753617174705,11:52:54.705,okx,ADA/USDT:USDT,0.8231,220.1,0.823,633.7,0.8232,156.8,0.8233,810.1
1753617174805,11:52:54.805,okx,ADA/USDT:USDT,0.8231,223.8,0.823,633.8,0.8232,150.3,0.8233,810.1
1753617174905,11:52:54.905,okx,ADA/USDT:USDT,0.8231,223.8,0.823,633.8,0.8232,149.1,0.8233,810.1
1753617175005,11:52:55.005,okx,ADA/USDT:USDT,0.8231,223.8,0.823,633.8,0.8232,149.1,0.8233,810.1
1753617175205,11:52:55.205,okx,ADA/USDT:USDT,0.8231,223.9,0.823,633.8,0.8232,149.5,0.8233,808.9
1753617175505,11:52:55.505,okx,ADA/USDT:USDT,0.8231,219.2,0.823,633.6,0.8232,149.5,0.8233,808.9
1753617175705,11:52:55.705,okx,ADA/USDT:USDT,0.8231,219.2,0.823,624.9,0.8232,184.1,0.8233,803.9
1753617175805,11:52:55.805,okx,ADA/USDT:USDT,0.8231,219.2,0.823,633.6,0.8232,179.7,0.8233,803.8
1753617176205,11:52:56.205,okx,ADA/USDT:USDT,0.8231,242.5,0.823,636.9,0.8232,81.1,0.8233,794.9
1753617176405,11:52:56.405,okx,ADA/USDT:USDT,0.8231,242.2,0.823,636.9,0.8232,80.7,0.8233,795.3
1753617176605,11:52:56.605,okx,ADA/USDT:USDT,0.8231,237.6,0.823,636.9,0.8232,148.0,0.8233,795.3
1753617176705,11:52:56.705,okx,ADA/USDT:USDT,0.8231,237.6,0.823,636.9,0.8232,126.3,0.8233,794.9
1753617176805,11:52:56.805,okx,ADA/USDT:USDT,0.8231,237.6,0.823,636.9,0.8232,126.3,0.8233,794.9
1753617177205,11:52:57.205,okx,ADA/USDT:USDT,0.8231,231.1,0.823,636.9,0.8232,125.9,0.8233,803.9
1753617178105,11:52:58.105,okx,ADA/USDT:USDT,0.8231,232.3,0.823,636.6,0.8232,157.1,0.8233,795.3
1753617178305,11:52:58.305,okx,ADA/USDT:USDT,0.8231,232.4,0.823,636.6,0.8232,166.4,0.8233,795.3
1753617178905,11:52:58.905,okx,ADA/USDT:USDT,0.8231,232.4,0.823,628.0,0.8232,157.8,0.8233,803.9
1753617179205,11:52:59.205,okx,ADA/USDT:USDT,0.8231,216.1,0.823,628.0,0.8232,191.6,0.8233,795.3
1753617179405,11:52:59.405,okx,ADA/USDT:USDT,0.8231,9.5,0.823,434.3,0.8232,478.0,0.8233,796.5
1753617179705,11:52:59.705,okx,ADA/USDT:USDT,0.8231,3.5,0.823,434.3,0.8232,480.0,0.8233,796.6
1753617179905,11:52:59.905,okx,ADA/USDT:USDT,0.8231,3.5,0.823,434.3,0.8232,480.0,0.8233,801.8
1753617180005,11:53:00.005,okx,ADA/USDT:USDT,0.8231,3.5,0.823,582.1,0.8232,480.0,0.8233,810.4
1753617180105,11:53:00.105,okx,ADA/USDT:USDT,0.8231,3.5,0.823,310.6,0.8232,360.7,0.8233,810.4
1753617180605,11:53:00.605,okx,ADA/USDT:USDT,0.823,16.7,0.8229,308.4,0.8231,887.0,0.8232,939.4
1753617180705,11:53:00.705,okx,ADA/USDT:USDT,0.823,16.7,0.8229,358.9,0.8231,961.5,0.8232,876.9
1753617180805,11:53:00.805,okx,ADA/USDT:USDT,0.823,3.6,0.8229,359.1,0.8231,961.8,0.8232,876.9
1753617180905,11:53:00.905,okx,ADA/USDT:USDT,0.823,21.2,0.8229,359.1,0.8231,892.2,0.8232,868.0
1753617181605,11:53:01.605,okx,ADA/USDT:USDT,0.823,21.5,0.8229,359.1,0.8231,887.1,0.8232,882.0
1753617181805,11:53:01.805,okx,ADA/USDT:USDT,0.823,9.9,0.8229,359.1,0.8231,888.5,0.8232,882.0
1753617181905,11:53:01.905,okx,ADA/USDT:USDT,0.823,40.5,0.8229,359.1,0.8231,879.6,0.8232,882.0
1753617182005,11:53:02.005,okx,ADA/USDT:USDT,0.823,133.3,0.8229,566.4,0.8231,813.7,0.8232,871.9
1753617182205,11:53:02.205,okx,ADA/USDT:USDT,0.8232,482.7,0.8231,817.2,0.8233,48.0,0.8234,668.2
1753617182605,11:53:02.605,okx,ADA/USDT:USDT,0.8232,491.9,0.8231,777.3,0.8233,33.9,0.8234,226.2
1753617182705,11:53:02.705,okx,ADA/USDT:USDT,0.8233,518.2,0.8232,786.1,0.8234,124.1,0.8235,458.1
1753617182805,11:53:02.805,okx,ADA/USDT:USDT,0.8233,530.3,0.8232,786.1,0.8234,16.1,0.8235,131.4
1753617182905,11:53:02.905,okx,ADA/USDT:USDT,0.8233,530.3,0.8232,786.1,0.8234,20.7,0.8235,196.3
1753617183205,11:53:03.205,okx,ADA/USDT:USDT,0.8233,529.8,0.8232,828.5,0.8234,16.1,0.8235,192.2
1753617183305,11:53:03.305,okx,ADA/USDT:USDT,0.8233,532.8,0.8232,828.5,0.8234,16.1,0.8235,192.2
1753617183405,11:53:03.405,okx,ADA/USDT:USDT,0.8234,771.5,0.8233,786.7,0.8235,1.9,0.8236,185.7
1753617183505,11:53:03.505,okx,ADA/USDT:USDT,0.8234,772.7,0.8233,806.9,0.8235,1.9,0.8236,196.3
1753617183605,11:53:03.605,okx,ADA/USDT:USDT,0.8235,704.2,0.8234,905.8,0.8236,5.4,0.8237,105.5
1753617183705,11:53:03.705,okx,ADA/USDT:USDT,0.8236,713.4,0.8235,831.0,0.8237,221.9,0.8238,483.9
1753617183905,11:53:03.905,okx,ADA/USDT:USDT,0.8237,453.9,0.8236,895.5,0.8238,0.4,0.8239,223.7
1753617184005,11:53:04.005,okx,ADA/USDT:USDT,0.8238,401.2,0.8237,693.8,0.8239,140.4,0.824,657.7
1753617184105,11:53:04.105,okx,ADA/USDT:USDT,0.8238,301.8,0.8237,615.1,0.8239,173.6,0.824,632.5
1753617184205,11:53:04.205,okx,ADA/USDT:USDT,0.8238,301.7,0.8237,602.5,0.8239,175.7,0.824,647.5
1753617184805,11:53:04.805,okx,ADA/USDT:USDT,0.8238,124.4,0.8237,466.4,0.8239,287.4,0.824,646.6
1753617185105,11:53:05.105,okx,ADA/USDT:USDT,0.8238,250.6,0.8237,479.0,0.8239,142.7,0.824,671.9
1753617185205,11:53:05.205,okx,ADA/USDT:USDT,0.8238,351.2,0.8237,479.3,0.8239,142.7,0.824,671.9
1753617185405,11:53:05.405,okx,ADA/USDT:USDT,0.8238,169.7,0.8237,478.9,0.8239,148.6,0.824,658.8
1753617185505,11:53:05.505,okx,ADA/USDT:USDT,0.8238,169.3,0.8237,466.4,0.8239,243.0,0.824,666.2
1753617185905,11:53:05.905,okx,ADA/USDT:USDT,0.8238,108.3,0.8237,347.7,0.8239,264.5,0.824,670.5
1753617186005,11:53:06.005,okx,ADA/USDT:USDT,0.8238,180.5,0.8237,360.2,0.8239,220.0,0.824,657.7
1753617186205,11:53:06.205,okx,ADA/USDT:USDT,0.8238,305.2,0.8237,360.2,0.8239,209.1,0.824,654.1
1753617186405,11:53:06.405,okx,ADA/USDT:USDT,0.8238,152.7,0.8237,360.2,0.8239,209.1,0.824,666.2
1753617186505,11:53:06.505,okx,ADA/USDT:USDT,0.8238,152.7,0.8237,360.2,0.8239,209.1,0.824,666.6
1753617186605,11:53:06.605,okx,ADA/USDT:USDT,0.8238,152.7,0.8237,360.2,0.8239,209.1,0.824,658.4
1753617186805,11:53:06.805,okx,ADA/USDT:USDT,0.8238,172.7,0.8237,360.2,0.8239,188.7,0.824,666.6
1753617186905,11:53:06.905,okx,ADA/USDT:USDT,0.8238,172.7,0.8237,360.2,0.8239,188.7,0.824,666.6
1753617187005,11:53:07.005,okx,ADA/USDT:USDT,0.8238,172.7,0.8237,347.7,0.8239,215.7,0.824,686.6
1753617187605,11:53:07.605,okx,ADA/USDT:USDT,0.8238,173.0,0.8237,355.5,0.8239,213.2,0.824,686.2
1753617187705,11:53:07.705,okx,ADA/USDT:USDT,0.8238,173.0,0.8237,360.2,0.8239,213.2,0.824,678.4
1753617188605,11:53:08.605,okx,ADA/USDT:USDT,0.8238,261.4,0.8237,360.1,0.8239,208.0,0.824,686.5
1753617188705,11:53:08.705,okx,ADA/USDT:USDT,0.8238,261.4,0.8237,360.1,0.8239,208.0,0.824,686.1
1753617188805,11:53:08.805,okx,ADA/USDT:USDT,0.8238,261.4,0.8237,355.5,0.8239,213.4,0.824,686.1
1753617189205,11:53:09.205,okx,ADA/USDT:USDT,0.8238,301.4,0.8237,360.1,0.8239,233.0,0.824,686.0
1753617189305,11:53:09.305,okx,ADA/USDT:USDT,0.8238,309.2,0.8237,360.1,0.8239,233.0,0.824,678.3
1753617189405,11:53:09.405,okx,ADA/USDT:USDT,0.8238,301.5,0.8237,360.1,0.8239,180.0,0.824,686.0
1753617189605,11:53:09.605,okx,ADA/USDT:USDT,0.8238,181.5,0.8237,355.5,0.8239,223.9,0.824,686.0
1753617190305,11:53:10.305,okx,ADA/USDT:USDT,0.8238,307.7,0.8237,371.6,0.8239,35.8,0.824,204.0
1753617190505,11:53:10.505,okx,ADA/USDT:USDT,0.8238,303.4,0.8237,359.7,0.8239,84.6,0.824,589.6
1753617190605,11:53:10.605,okx,ADA/USDT:USDT,0.8238,303.4,0.8237,355.1,0.8239,89.3,0.824,589.2
1753617190905,11:53:10.905,okx,ADA/USDT:USDT,0.8238,301.6,0.8237,362.2,0.8239,77.9,0.824,593.5
1753617191005,11:53:11.005,okx,ADA/USDT:USDT,0.8238,301.6,0.8237,362.2,0.8239,77.9,0.824,593.5
1753617191105,11:53:11.105,okx,ADA/USDT:USDT,0.8238,303.4,0.8237,362.2,0.8239,77.9,0.824,593.5
1753617191205,11:53:11.205,okx,ADA/USDT:USDT,0.8238,303.4,0.8237,362.2,0.8239,77.9,0.824,593.5
1753617191605,11:53:11.605,okx,ADA/USDT:USDT,0.8238,303.4,0.8237,362.2,0.8239,77.8,0.824,555.6
1753617191905,11:53:11.905,okx,ADA/USDT:USDT,0.8238,310.5,0.8237,362.2,0.8239,77.8,0.824,555.6
1753617192105,11:53:12.105,okx,ADA/USDT:USDT,0.8238,303.4,0.8237,362.2,0.8239,41.5,0.824,551.3
1753617192405,11:53:12.405,okx,ADA/USDT:USDT,0.8238,278.6,0.8237,362.2,0.8239,45.3,0.824,550.1
1753617192505,11:53:12.505,okx,ADA/USDT:USDT,0.8238,278.6,0.8237,362.2,0.8239,45.3,0.824,550.1
1753617192805,11:53:12.805,okx,ADA/USDT:USDT,0.8238,201.8,0.8237,347.8,0.8239,195.9,0.824,550.1
1753617192905,11:53:12.905,okx,ADA/USDT:USDT,0.8238,201.8,0.8237,347.8,0.8239,195.9,0.824,550.1
1753617193005,11:53:13.005,okx,ADA/USDT:USDT,0.8238,201.8,0.8237,347.8,0.8239,195.9,0.824,550.1
1753617193205,11:53:13.205,okx,ADA/USDT:USDT,0.8238,297.7,0.8237,354.9,0.8239,188.8,0.824,550.1
1753617193405,11:53:13.405,okx,ADA/USDT:USDT,0.8238,299.3,0.8237,354.9,0.8239,195.4,0.824,550.1
1753617193605,11:53:13.605,okx,ADA/USDT:USDT,0.8238,183.4,0.8237,347.8,0.8239,195.4,0.824,550.1
1753617193705,11:53:13.705,okx,ADA/USDT:USDT,0.8238,190.0,0.8237,354.9,0.8239,195.4,0.824,550.1
1753617193805,11:53:13.805,okx,ADA/USDT:USDT,0.8238,190.0,0.8237,347.8,0.8239,195.4,0.824,550.1
1753617193905,11:53:13.905,okx,ADA/USDT:USDT,0.8238,190.0,0.8237,347.8,0.8239,195.4,0.824,550.1
1753617194005,11:53:14.005,okx,ADA/USDT:USDT,0.8238,190.0,0.8237,354.9,0.8239,195.4,0.824,551.3
1753617194305,11:53:14.305,okx,ADA/USDT:USDT,0.8238,190.0,0.8237,354.9,0.8239,183.3,0.824,551.3
1753617194505,11:53:14.505,okx,ADA/USDT:USDT,0.8238,192.9,0.8237,354.9,0.8239,191.2,0.824,551.3
1753617194605,11:53:14.605,okx,ADA/USDT:USDT,0.8238,199.3,0.8237,347.8,0.8239,195.5,0.824,551.6
1753617194705,11:53:14.705,okx,ADA/USDT:USDT,0.8238,199.3,0.8237,354.9,0.8239,195.5,0.824,551.3
1753617194805,11:53:14.805,okx,ADA/USDT:USDT,0.8238,215.5,0.8237,354.9,0.8239,184.1,0.824,551.3
1753617194905,11:53:14.905,okx,ADA/USDT:USDT,0.8238,271.4,0.8237,355.0,0.8239,76.9,0.824,544.2
1753617195105,11:53:15.105,okx,ADA/USDT:USDT,0.8238,393.7,0.8237,386.3,0.8239,63.3,0.824,388.3
1753617195205,11:53:15.205,okx,ADA/USDT:USDT,0.8238,397.0,0.8237,386.6,0.8239,63.3,0.824,546.2
1753617195605,11:53:15.605,okx,ADA/USDT:USDT,0.8238,240.3,0.8237,382.4,0.8239,115.8,0.824,549.5
1753617196105,11:53:16.105,okx,ADA/USDT:USDT,0.8238,361.8,0.8237,382.4,0.8239,73.1,0.824,549.5
1753617196505,11:53:16.505,okx,ADA/USDT:USDT,0.8238,363.0,0.8237,382.5,0.8239,75.3,0.824,542.8
1753617196605,11:53:16.605,okx,ADA/USDT:USDT,0.8238,363.2,0.8237,382.4,0.8239,74.9,0.824,542.8
1753617196905,11:53:16.905,okx,ADA/USDT:USDT,0.8238,373.9,0.8237,382.4,0.8239,74.9,0.824,542.8
1753617197005,11:53:17.005,okx,ADA/USDT:USDT,0.8239,887.5,0.8238,671.2,0.824,55.7,0.8241,258.5
1753617197705,11:53:17.705,okx,ADA/USDT:USDT,0.8239,883.2,0.8238,600.1,0.824,49.7,0.8241,484.1
1753617197805,11:53:17.805,okx,ADA/USDT:USDT,0.8239,895.3,0.8238,599.8,0.824,50.1,0.8241,483.7
1753617198105,11:53:18.105,okx,ADA/USDT:USDT,0.8239,895.7,0.8238,599.7,0.824,49.7,0.8241,483.7
1753617198205,11:53:18.205,okx,ADA/USDT:USDT,0.8239,896.0,0.8238,599.4,0.824,49.7,0.8241,483.7
1753617198505,11:53:18.505,okx,ADA/USDT:USDT,0.8239,897.6,0.8238,599.0,0.824,51.6,0.8241,82.9
1753617198605,11:53:18.605,okx,ADA/USDT:USDT,0.8239,902.1,0.8238,595.7,0.824,51.6,0.8241,82.9
1753617198705,11:53:18.705,okx,ADA/USDT:USDT,0.8239,902.1,0.8238,595.7,0.824,51.6,0.8241,82.9
1753617198905,11:53:18.905,okx,ADA/USDT:USDT,0.8239,890.7,0.8238,600.0,0.824,55.2,0.8241,397.0
1753617199005,11:53:19.005,okx,ADA/USDT:USDT,0.8239,902.1,0.8238,600.0,0.824,55.2,0.8241,458.1
1753617199105,11:53:19.105,okx,ADA/USDT:USDT,0.8239,902.1,0.8238,600.0,0.824,51.6,0.8241,464.1
1753617199405,11:53:19.405,okx,ADA/USDT:USDT,0.824,124.1,0.8239,650.9,0.8241,454.0,0.8242,824.0
1753617199505,11:53:19.505,okx,ADA/USDT:USDT,0.824,104.1,0.8239,566.8,0.8241,459.2,0.8242,826.8
1753617199805,11:53:19.805,okx,ADA/USDT:USDT,0.824,0.3,0.8239,393.1,0.8241,459.2,0.8242,827.7
1753617200005,11:53:20.005,okx,ADA/USDT:USDT,0.8239,29.1,0.8238,236.5,0.824,958.2,0.8241,979.3
1753617200105,11:53:20.105,okx,ADA/USDT:USDT,0.8239,42.1,0.8238,219.2,0.824,961.1,0.8241,978.6
1753617200405,11:53:20.405,okx,ADA/USDT:USDT,0.8239,174.8,0.8238,515.1,0.824,875.0,0.8241,912.5
1753617200605,11:53:20.605,okx,ADA/USDT:USDT,0.8239,186.6,0.8238,503.1,0.824,883.3,0.8241,912.5
1753617200705,11:53:20.705,okx,ADA/USDT:USDT,0.8239,186.6,0.8238,503.1,0.824,883.3,0.8241,912.5
1753617201405,11:53:21.405,okx,ADA/USDT:USDT,0.824,560.7,0.8239,648.5,0.8241,121.3,0.8242,622.5
1753617201505,11:53:21.505,okx,ADA/USDT:USDT,0.824,567.9,0.8239,655.8,0.8241,75.5,0.8242,615.6
1753617201605,11:53:21.605,okx,ADA/USDT:USDT,0.824,601.4,0.8239,635.7,0.8241,10.6,0.8242,612.5
1753617201705,11:53:21.705,okx,ADA/USDT:USDT,0.824,588.1,0.8239,623.8,0.8241,143.2,0.8242,619.8
1753617201805,11:53:21.805,okx,ADA/USDT:USDT,0.824,205.3,0.8239,574.3,0.8241,237.3,0.8242,725.6
1753617201905,11:53:21.905,okx,ADA/USDT:USDT,0.824,209.0,0.8239,570.6,0.8241,237.3,0.8242,726.0
1753617202005,11:53:22.005,okx,ADA/USDT:USDT,0.824,203.0,0.8239,570.6,0.8241,237.3,0.8242,726.0
1753617202205,11:53:22.205,okx,ADA/USDT:USDT,0.824,203.6,0.8239,627.8,0.8241,158.2,0.8242,632.0
1753617202305,11:53:22.305,okx,ADA/USDT:USDT,0.824,203.6,0.8239,627.8,0.8241,159.0,0.8242,636.4
1753617202405,11:53:22.405,okx,ADA/USDT:USDT,0.824,203.0,0.8239,616.1,0.8241,166.3,0.8242,636.4
1753617202605,11:53:22.605,okx,ADA/USDT:USDT,0.824,183.2,0.8239,570.6,0.8241,256.4,0.8242,727.8
1753617202705,11:53:22.705,okx,ADA/USDT:USDT,0.8239,173.3,0.8238,384.5,0.824,925.4,0.8241,501.1
1753617202805,11:53:22.805,okx,ADA/USDT:USDT,0.8238,161.5,0.8237,660.8,0.8239,651.3,0.824,1153.0
1753617202905,11:53:22.905,okx,ADA/USDT:USDT,0.8238,152.7,0.8237,660.7,0.8239,672.8,0.824,1163.8
1753617203505,11:53:23.505,okx,ADA/USDT:USDT,0.8238,297.1,0.8237,603.5,0.8239,4.9,0.824,358.6
1753617203805,11:53:23.805,okx,ADA/USDT:USDT,0.8238,265.2,0.8237,584.0,0.8239,115.9,0.824,753.2
1753617203905,11:53:23.905,okx,ADA/USDT:USDT,0.8238,265.2,0.8237,572.5,0.8239,135.1,0.824,764.7
1753617204005,11:53:24.005,okx,ADA/USDT:USDT,0.8238,263.8,0.8237,572.5,0.8239,280.1,0.824,919.1
1753617204105,11:53:24.105,okx,ADA/USDT:USDT,0.8238,263.8,0.8237,572.5,0.8239,280.4,0.824,918.8
1753617204205,11:53:24.205,okx,ADA/USDT:USDT,0.8238,265.0,0.8237,603.2,0.8239,116.2,0.824,918.8
1753617204305,11:53:24.305,okx,ADA/USDT:USDT,0.8238,265.0,0.8237,603.3,0.8239,117.0,0.824,918.8
1753617204405,11:53:24.405,okx,ADA/USDT:USDT,0.8238,265.0,0.8237,603.2,0.8239,117.0,0.824,918.8
1753617204905,11:53:24.905,okx,ADA/USDT:USDT,0.8238,265.0,0.8237,603.2,0.8239,117.8,0.824,888.1
1753617205005,11:53:25.005,okx,ADA/USDT:USDT,0.8238,380.2,0.8237,603.6,0.8239,11.4,0.824,376.2
1753617205105,11:53:25.105,okx,ADA/USDT:USDT,0.8238,380.6,0.8237,603.6,0.8239,6.8,0.824,356.2
1753617205205,11:53:25.205,okx,ADA/USDT:USDT,0.8238,382.1,0.8237,603.6,0.8239,6.8,0.824,356.2
1753617205405,11:53:25.405,okx,ADA/USDT:USDT,0.8239,391.4,0.8238,734.8,0.824,335.9,0.8241,849.2
1753617205805,11:53:25.805,okx,ADA/USDT:USDT,0.8239,432.7,0.8238,708.4,0.824,119.1,0.8241,643.9
1753617205905,11:53:25.905,okx,ADA/USDT:USDT,0.8239,438.7,0.8238,708.4,0.824,119.1,0.8241,625.0
1753617206305,11:53:26.305,okx,ADA/USDT:USDT,0.8239,469.0,0.8238,588.4,0.824,16.2,0.8241,625.0
1753617206405,11:53:26.405,okx,ADA/USDT:USDT,0.8239,438.7,0.8238,588.4,0.824,16.2,0.8241,625.0
1753617206705,11:53:26.705,okx,ADA/USDT:USDT,0.8239,438.7,0.8238,588.4,0.824,17.1,0.8241,605.0
1753617206805,11:53:26.805,okx,ADA/USDT:USDT,0.8239,469.0,0.8238,588.4,0.824,12.5,0.8241,605.0
1753617207305,11:53:27.305,okx,ADA/USDT:USDT,0.824,700.7,0.8239,601.8,0.8241,6.6,0.8242,340.4
1753617207505,11:53:27.505,okx,ADA/USDT:USDT,0.824,721.0,0.8239,602.1,0.8241,6.6,0.8242,340.8
1753617207605,11:53:27.605,okx,ADA/USDT:USDT,0.824,689.6,0.8239,582.9,0.8241,110.2,0.8242,578.2
1753617207705,11:53:27.705,okx,ADA/USDT:USDT,0.824,514.8,0.8239,565.8,0.8241,239.8,0.8242,654.7
1753617207805,11:53:27.805,okx,ADA/USDT:USDT,0.824,514.8,0.8239,565.8,0.8241,239.6,0.8242,654.7
1753617207905,11:53:27.905,okx,ADA/USDT:USDT,0.824,547.4,0.8239,596.4,0.8241,9.1,0.8242,318.3
1753617208005,11:53:28.005,okx,ADA/USDT:USDT,0.824,514.8,0.8239,565.8,0.8241,222.4,0.8242,647.4
1753617208105,11:53:28.105,okx,ADA/USDT:USDT,0.824,514.8,0.8239,565.8,0.8241,222.6,0.8242,647.4
1753617208205,11:53:28.205,okx,ADA/USDT:USDT,0.824,518.1,0.8239,565.8,0.8241,222.6,0.8242,649.8
1753617208405,11:53:28.405,okx,ADA/USDT:USDT,0.824,518.5,0.8239,596.0,0.8241,204.5,0.8242,638.5
1753617208805,11:53:28.805,okx,ADA/USDT:USDT,0.824,518.5,0.8239,565.8,0.8241,154.6,0.8242,649.4
1753617208905,11:53:28.905,okx,ADA/USDT:USDT,0.824,300.1,0.8239,565.8,0.8241,359.6,0.8242,754.0
1753617209305,11:53:29.305,okx,ADA/USDT:USDT,0.824,307.0,0.8239,590.0,0.8241,179.0,0.8242,721.4
1753617209405,11:53:29.405,okx,ADA/USDT:USDT,0.824,307.0,0.8239,559.8,0.8241,155.3,0.8242,752.0
1753617209505,11:53:29.505,okx,ADA/USDT:USDT,0.824,307.0,0.8239,590.0,0.8241,136.4,0.8242,752.0
1753617209605,11:53:29.605,okx,ADA/USDT:USDT,0.824,307.0,0.8239,590.0,0.8241,136.4,0.8242,752.0
1753617209805,11:53:29.805,okx,ADA/USDT:USDT,0.824,327.2,0.8239,590.1,0.8241,37.6,0.8242,720.7
1753617209905,11:53:29.905,okx,ADA/USDT:USDT,0.824,358.6,0.8239,596.0,0.8241,4.4,0.8242,221.7
1753617210005,11:53:30.005,okx,ADA/USDT:USDT,0.824,464.6,0.8239,596.0,0.8241,4.4,0.8242,618.5
1753617210105,11:53:30.105,okx,ADA/USDT:USDT,0.824,464.6,0.8239,596.0,0.8241,4.4,0.8242,597.5
1753617210205,11:53:30.205,okx,ADA/USDT:USDT,0.824,466.4,0.8239,596.0,0.8241,4.4,0.8242,597.1
1753617210305,11:53:30.305,okx,ADA/USDT:USDT,0.824,455.3,0.8239,576.8,0.8241,28.6,0.8242,616.4
1753617210505,11:53:30.505,okx,ADA/USDT:USDT,0.824,335.3,0.8239,576.8,0.8241,10.8,0.8242,616.4
1753617210605,11:53:30.605,okx,ADA/USDT:USDT,0.824,335.3,0.8239,565.4,0.8241,123.0,0.8242,667.7
1753617210705,11:53:30.705,okx,ADA/USDT:USDT,0.824,335.3,0.8239,590.1,0.8241,36.8,0.8242,656.4
1753617210905,11:53:30.905,okx,ADA/USDT:USDT,0.824,415.3,0.8239,590.1,0.8241,10.8,0.8242,637.5
1753617211005,11:53:31.005,okx,ADA/USDT:USDT,0.824,445.5,0.8239,590.1,0.8241,6.2,0.8242,617.5
1753617211105,11:53:31.105,okx,ADA/USDT:USDT,0.824,335.3,0.8239,571.2,0.8241,37.4,0.8242,636.0
1753617211205,11:53:31.205,okx,ADA/USDT:USDT,0.824,335.3,0.8239,559.9,0.8241,37.4,0.8242,647.3
1753617211305,11:53:31.305,okx,ADA/USDT:USDT,0.824,335.3,0.8239,590.1,0.8241,6.2,0.8242,617.5
1753617211505,11:53:31.505,okx,ADA/USDT:USDT,0.824,334.2,0.8239,571.2,0.8241,37.0,0.8242,639.1
1753617211605,11:53:31.605,okx,ADA/USDT:USDT,0.824,335.4,0.8239,590.1,0.8241,37.0,0.8242,607.5
1753617211705,11:53:31.705,okx,ADA/USDT:USDT,0.8241,172.7,0.824,485.6,0.8242,519.2,0.8243,499.7
1753617211805,11:53:31.805,okx,ADA/USDT:USDT,0.8241,729.9,0.824,615.3,0.8242,106.4,0.8243,268.5
1753617211905,11:53:31.905,okx,ADA/USDT:USDT,0.8241,743.5,0.824,615.6,0.8242,2.5,0.8243,357.7
1753617212105,11:53:32.105,okx,ADA/USDT:USDT,0.8242,431.0,0.8241,918.2,0.8243,111.1,0.8244,450.3
1753617212405,11:53:32.405,okx,ADA/USDT:USDT,0.8242,301.5,0.8241,912.9,0.8243,111.9,0.8244,515.9
1753617212505,11:53:32.505,okx,ADA/USDT:USDT,0.8242,290.5,0.8241,912.9,0.8243,111.8,0.8244,515.9
1753617212705,11:53:32.705,okx,ADA/USDT:USDT,0.8242,331.8,0.8241,918.3,0.8243,8.2,0.8244,488.0
1753617212905,11:53:32.905,okx,ADA/USDT:USDT,0.8242,396.8,0.8241,918.4,0.8243,3.6,0.8244,488.4
1753617213005,11:53:33.005,okx,ADA/USDT:USDT,0.8242,367.7,0.8241,918.4,0.8243,4.0,0.8244,488.4
1753617213105,11:53:33.105,okx,ADA/USDT:USDT,0.8242,417.0,0.8241,898.2,0.8243,4.0,0.8244,400.1
1753617213305,11:53:33.305,okx,ADA/USDT:USDT,0.8242,332.2,0.8241,892.8,0.8243,112.0,0.8244,486.6
1753617213605,11:53:33.605,okx,ADA/USDT:USDT,0.8242,329.7,0.8241,863.1,0.8243,152.8,0.8244,497.7
1753617213705,11:53:33.705,okx,ADA/USDT:USDT,0.8242,331.1,0.8241,892.2,0.8243,112.2,0.8244,479.9
1753617213905,11:53:33.905,okx,ADA/USDT:USDT,0.8242,332.3,0.8241,874.0,0.8243,243.6,0.8244,487.2
1753617214005,11:53:34.005,okx,ADA/USDT:USDT,0.8242,329.7,0.8241,874.0,0.8243,243.8,0.8244,498.1
1753617214305,11:53:34.305,okx,ADA/USDT:USDT,0.8242,329.7,0.8241,892.2,0.8243,135.3,0.8244,518.1
1753617214505,11:53:34.505,okx,ADA/USDT:USDT,0.8242,330.5,0.8241,892.2,0.8243,137.0,0.8244,518.1
1753617214605,11:53:34.605,okx,ADA/USDT:USDT,0.8242,330.5,0.8241,892.2,0.8243,137.0,0.8244,517.7
1753617214805,11:53:34.805,okx,ADA/USDT:USDT,0.8242,210.5,0.8241,863.1,0.8243,236.1,0.8244,625.1
1753617215005,11:53:35.005,okx,ADA/USDT:USDT,0.8242,212.3,0.8241,892.2,0.8243,155.8,0.8244,596.4
1753617215105,11:53:35.105,okx,ADA/USDT:USDT,0.8242,226.4,0.8241,891.8,0.8243,155.8,0.8244,596.4
1753617215605,11:53:35.605,okx,ADA/USDT:USDT,0.8242,254.4,0.8241,892.2,0.8243,6.0,0.8244,420.7
1753617215705,11:53:35.705,okx,ADA/USDT:USDT,0.8242,237.8,0.8241,892.2,0.8243,10.6,0.8244,352.1
1753617216005,11:53:36.005,okx,ADA/USDT:USDT,0.8242,233.7,0.8241,873.8,0.8243,121.9,0.8244,517.5
1753617216105,11:53:36.105,okx,ADA/USDT:USDT,0.8242,233.7,0.8241,873.8,0.8243,104.1,0.8244,517.5
1753617216605,11:53:36.605,okx,ADA/USDT:USDT,0.8242,258.6,0.8241,863.2,0.8243,30.1,0.8244,517.5
1753617216905,11:53:36.905,okx,ADA/USDT:USDT,0.8242,257.4,0.8241,863.1,0.8243,123.6,0.8244,517.5
1753617217105,11:53:37.105,okx,ADA/USDT:USDT,0.8242,257.9,0.8241,891.6,0.8243,105.8,0.8244,517.5
1753617217305,11:53:37.305,okx,ADA/USDT:USDT,0.8242,257.9,0.8241,891.7,0.8243,38.5,0.8244,499.7
1753617217505,11:53:37.505,okx,ADA/USDT:USDT,0.8242,284.9,0.8241,892.0,0.8243,13.1,0.8244,489.0
1753617217905,11:53:37.905,okx,ADA/USDT:USDT,0.8242,284.9,0.8241,863.1,0.8243,126.6,0.8244,517.5
1753617218105,11:53:38.105,okx,ADA/USDT:USDT,0.8242,284.9,0.8241,891.7,0.8243,41.5,0.8244,499.7
1753617218205,11:53:38.205,okx,ADA/USDT:USDT,0.8242,313.4,0.8241,892.0,0.8243,41.0,0.8244,420.7
1753617218305,11:53:38.305,okx,ADA/USDT:USDT,0.8242,284.9,0.8241,873.9,0.8243,41.9,0.8244,517.5
1753617218505,11:53:38.505,okx,ADA/USDT:USDT,0.8242,295.9,0.8241,892.0,0.8243,8.6,0.8244,162.0
1753617218605,11:53:38.605,okx,ADA/USDT:USDT,0.8242,314.9,0.8241,892.0,0.8243,8.6,0.8244,162.0
1753617219005,11:53:39.005,okx,ADA/USDT:USDT,0.8242,314.9,0.8241,892.0,0.8243,9.4,0.8244,449.0
1753617219105,11:53:39.105,okx,ADA/USDT:USDT,0.8242,314.9,0.8241,892.0,0.8243,9.4,0.8244,449.0
1753617219305,11:53:39.305,okx,ADA/USDT:USDT,0.8242,317.3,0.8241,892.0,0.8243,9.4,0.8244,449.0
1753617219405,11:53:39.405,okx,ADA/USDT:USDT,0.8242,299.3,0.8241,892.0,0.8243,11.2,0.8244,449.0
1753617219505,11:53:39.505,okx,ADA/USDT:USDT,0.8242,299.1,0.8241,892.0,0.8243,11.2,0.8244,449.0
1753617219705,11:53:39.705,okx,ADA/USDT:USDT,0.8242,317.2,0.8241,892.0,0.8243,11.2,0.8244,449.0
1753617219805,11:53:39.805,okx,ADA/USDT:USDT,0.8242,327.8,0.8241,896.6,0.8243,11.2,0.8244,449.0
1753617219905,11:53:39.905,okx,ADA/USDT:USDT,0.8242,325.1,0.8241,896.6,0.8243,7.9,0.8244,449.0
1753617220105,11:53:40.105,okx,ADA/USDT:USDT,0.8242,327.8,0.8241,896.6,0.8243,7.5,0.8244,70.2
1753617220405,11:53:40.405,okx,ADA/USDT:USDT,0.8243,695.3,0.8242,752.5,0.8244,74.4,0.8245,225.1
1753617220505,11:53:40.505,okx,ADA/USDT:USDT,0.8243,695.4,0.8242,752.5,0.8244,101.6,0.8245,498.4
1753617221205,11:53:41.205,okx,ADA/USDT:USDT,0.8244,295.0,0.8243,895.0,0.8245,187.6,0.8246,566.9
1753617221305,11:53:41.305,okx,ADA/USDT:USDT,0.8244,295.0,0.8243,895.1,0.8245,187.9,0.8246,566.9
1753617221405,11:53:41.405,okx,ADA/USDT:USDT,0.8244,335.0,0.8243,895.1,0.8245,207.0,0.8246,566.9
1753617221505,11:53:41.505,okx,ADA/USDT:USDT,0.8244,338.4,0.8243,912.4,0.8245,189.7,0.8246,566.9
1753617221805,11:53:41.805,okx,ADA/USDT:USDT,0.8244,366.1,0.8243,912.4,0.8245,189.7,0.8246,539.2
1753617221905,11:53:41.905,okx,ADA/USDT:USDT,0.8244,366.5,0.8243,912.7,0.8245,140.0,0.8246,539.2
1753617222005,11:53:42.005,okx,ADA/USDT:USDT,0.8244,367.0,0.8243,912.7,0.8245,140.0,0.8246,539.2
1753617222205,11:53:42.205,okx,ADA/USDT:USDT,0.8244,367.0,0.8243,912.7,0.8245,140.3,0.8246,545.3
1753617222405,11:53:42.405,okx,ADA/USDT:USDT,0.8244,457.0,0.8243,860.8,0.8245,41.1,0.8246,230.3
1753617222605,11:53:42.605,okx,ADA/USDT:USDT,0.8244,340.5,0.8243,856.2,0.8245,109.3,0.8246,544.8
1753617223305,11:53:43.305,okx,ADA/USDT:USDT,0.8245,341.0,0.8244,599.5,0.8246,208.7,0.8247,854.5
1753617223505,11:53:43.505,okx,ADA/USDT:USDT,0.8245,377.1,0.8244,559.5,0.8246,208.7,0.8247,827.5
1753617223605,11:53:43.605,okx,ADA/USDT:USDT,0.8245,377.1,0.8244,559.5,0.8246,208.7,0.8247,827.5
1753617223805,11:53:43.805,okx,ADA/USDT:USDT,0.8245,378.5,0.8244,559.5,0.8246,220.9,0.8247,827.5
1753617223905,11:53:43.905,okx,ADA/USDT:USDT,0.8245,378.5,0.8244,559.5,0.8246,220.9,0.8247,827.5
1753617224005,11:53:44.005,okx,ADA/USDT:USDT,0.8245,332.4,0.8244,564.0,0.8246,220.9,0.8247,827.5
1753617224105,11:53:44.105,okx,ADA/USDT:USDT,0.8245,335.5,0.8244,600.7,0.8246,221.1,0.8247,707.4
1753617224205,11:53:44.205,okx,ADA/USDT:USDT,0.8245,336.5,0.8244,600.7,0.8246,221.1,0.8247,707.4
1753617224305,11:53:44.305,okx,ADA/USDT:USDT,0.8245,336.5,0.8244,564.6,0.8246,29.2,0.8247,372.5
1753617224405,11:53:44.405,okx,ADA/USDT:USDT,0.8245,336.5,0.8244,564.3,0.8246,30.0,0.8247,372.5
1753617225005,11:53:45.005,okx,ADA/USDT:USDT,0.8245,424.7,0.8244,561.2,0.8246,46.4,0.8247,352.5
1753617225105,11:53:45.105,okx,ADA/USDT:USDT,0.8245,349.6,0.8244,560.9,0.8246,51.2,0.8247,352.5
1753617225305,11:53:45.305,okx,ADA/USDT:USDT,0.8245,371.0,0.8244,577.2,0.8246,25.6,0.8247,259.8
1753617225405,11:53:45.405,okx,ADA/USDT:USDT,0.8245,370.8,0.8244,576.9,0.8246,25.6,0.8247,350.8
1753617225505,11:53:45.505,okx,ADA/USDT:USDT,0.8245,376.8,0.8244,577.2,0.8246,21.0,0.8247,350.8
1753617225605,11:53:45.605,okx,ADA/USDT:USDT,0.8245,350.0,0.8244,576.9,0.8246,25.6,0.8247,419.0
1753617225705,11:53:45.705,okx,ADA/USDT:USDT,0.8245,338.1,0.8244,576.9,0.8246,49.2,0.8247,464.5
1753617225805,11:53:45.805,okx,ADA/USDT:USDT,0.8245,319.7,0.8244,549.6,0.8246,276.5,0.8247,704.0
1753617225905,11:53:45.905,okx,ADA/USDT:USDT,0.8245,319.7,0.8244,539.6,0.8246,266.5,0.8247,704.4
1753617226105,11:53:46.105,okx,ADA/USDT:USDT,0.8245,347.7,0.8244,539.7,0.8246,135.7,0.8247,677.4
1753617226205,11:53:46.205,okx,ADA/USDT:USDT,0.8246,403.5,0.8245,724.5,0.8247,196.3,0.8248,121.0
1753617226305,11:53:46.305,okx,ADA/USDT:USDT,0.8246,262.2,0.8245,590.0,0.8247,194.9,0.8248,138.0
1753617226405,11:53:46.405,okx,ADA/USDT:USDT,0.8246,252.2,0.8245,586.0,0.8247,231.3,0.8248,148.2
1753617226505,11:53:46.505,okx,ADA/USDT:USDT,0.8246,252.2,0.8245,575.9,0.8247,232.3,0.8248,169.2
1753617226705,11:53:46.705,okx,ADA/USDT:USDT,0.8246,295.9,0.8245,536.0,0.8247,208.2,0.8248,381.4
1753617226805,11:53:46.805,okx,ADA/USDT:USDT,0.8246,296.4,0.8245,552.6,0.8247,208.2,0.8248,381.4
1753617227105,11:53:47.105,okx,ADA/USDT:USDT,0.8247,501.1,0.8246,706.8,0.8248,42.4,0.8249,403.3
1753617227205,11:53:47.205,okx,ADA/USDT:USDT,0.8248,565.7,0.8247,542.9,0.8249,50.1,0.825,595.8
1753617227305,11:53:47.305,okx,ADA/USDT:USDT,0.8248,367.3,0.8247,467.3,0.8249,160.8,0.825,184.8
1753617227405,11:53:47.405,okx,ADA/USDT:USDT,0.8248,36.6,0.8247,245.2,0.8249,305.4,0.825,685.8
1753617228005,11:53:48.005,okx,ADA/USDT:USDT,0.8247,121.8,0.8246,326.2,0.8248,409.0,0.8249,811.7
1753617228405,11:53:48.405,okx,ADA/USDT:USDT,0.8247,108.7,0.8246,499.1,0.8248,421.6,0.8249,803.6
1753617228505,11:53:48.505,okx,ADA/USDT:USDT,0.8247,300.0,0.8246,509.1,0.8248,231.0,0.8249,803.6
1753617228605,11:53:48.605,okx,ADA/USDT:USDT,0.8247,310.0,0.8246,509.4,0.8248,130.7,0.8249,799.1
1753617228705,11:53:48.705,okx,ADA/USDT:USDT,0.8247,437.8,0.8246,509.5,0.8248,42.8,0.8249,418.3
1753617228805,11:53:48.805,okx,ADA/USDT:USDT,0.8247,457.9,0.8246,509.5,0.8248,38.2,0.8249,243.3
1753617228905,11:53:48.905,okx,ADA/USDT:USDT,0.8247,457.9,0.8246,509.5,0.8248,38.2,0.8249,193.1
1753617229105,11:53:49.105,okx,ADA/USDT:USDT,0.8248,502.4,0.8247,434.4,0.8249,212.9,0.825,747.5
1753617229205,11:53:49.205,okx,ADA/USDT:USDT,0.8248,485.7,0.8247,434.4,0.8249,212.9,0.825,747.5
1753617229305,11:53:49.305,okx,ADA/USDT:USDT,0.8248,502.4,0.8247,428.5,0.8249,181.7,0.825,747.1
1753617229605,11:53:49.605,okx,ADA/USDT:USDT,0.8248,491.7,0.8247,428.2,0.8249,202.6,0.825,747.1
1753617229705,11:53:49.705,okx,ADA/USDT:USDT,0.8248,491.7,0.8247,428.2,0.8249,202.8,0.825,747.1
1753617229905,11:53:49.905,okx,ADA/USDT:USDT,0.8248,547.7,0.8247,412.5,0.8249,32.8,0.825,183.4
1753617230005,11:53:50.005,okx,ADA/USDT:USDT,0.8248,547.4,0.8247,412.5,0.8249,32.8,0.825,183.4
1753617230105,11:53:50.105,okx,ADA/USDT:USDT,0.8249,406.4,0.8248,661.8,0.825,288.8,0.8251,738.7
1753617230205,11:53:50.205,okx,ADA/USDT:USDT,0.8249,425.0,0.8248,662.2,0.825,268.8,0.8251,945.6
1753617230405,11:53:50.405,okx,ADA/USDT:USDT,0.8249,167.6,0.8248,463.8,0.825,419.2,0.8251,771.0
1753617230605,11:53:50.605,okx,ADA/USDT:USDT,0.8249,155.4,0.8248,489.7,0.825,365.5,0.8251,886.6
1753617231005,11:53:51.005,okx,ADA/USDT:USDT,0.8249,205.4,0.8248,535.1,0.825,196.8,0.8251,877.0
1753617231205,11:53:51.205,okx,ADA/USDT:USDT,0.8248,361.5,0.8247,529.0,0.8249,340.8,0.825,513.8
1753617231505,11:53:51.505,okx,ADA/USDT:USDT,0.8247,69.9,0.8246,315.0,0.8248,526.5,0.8249,1049.7
1753617231605,11:53:51.605,okx,ADA/USDT:USDT,0.8247,49.9,0.8246,286.3,0.8248,548.6,0.8249,922.4
1753617231805,11:53:51.805,okx,ADA/USDT:USDT,0.8247,87.7,0.8246,436.7,0.8248,546.8,0.8249,922.1
1753617232205,11:53:52.205,okx,ADA/USDT:USDT,0.8247,36.0,0.8246,248.3,0.8248,587.7,0.8249,920.8
1753617232305,11:53:52.305,okx,ADA/USDT:USDT,0.8247,36.2,0.8246,248.3,0.8248,588.4,0.8249,924.4
1753617232605,11:53:52.605,okx,ADA/USDT:USDT,0.8246,76.6,0.8245,336.9,0.8247,915.5,0.8248,639.6
1753617232705,11:53:52.705,okx,ADA/USDT:USDT,0.8246,1.7,0.8245,225.9,0.8247,923.8,0.8248,636.4
1753617232805,11:53:52.805,okx,ADA/USDT:USDT,0.8245,240.7,0.8244,519.3,0.8246,836.5,0.8247,1074.0
1753617232905,11:53:52.905,okx,ADA/USDT:USDT,0.8245,296.6,0.8244,520.0,0.8246,747.5,0.8247,973.5
1753617233005,11:53:53.005,okx,ADA/USDT:USDT,0.8245,302.6,0.8244,504.8,0.8246,776.4,0.8247,988.7
1753617233105,11:53:53.105,okx,ADA/USDT:USDT,0.8245,302.6,0.8244,504.8,0.8246,777.4,0.8247,988.7
1753617233205,11:53:53.205,okx,ADA/USDT:USDT,0.8245,302.6,0.8244,504.8,0.8246,777.4,0.8247,987.5
1753617233405,11:53:53.405,okx,ADA/USDT:USDT,0.8245,304.3,0.8244,530.3,0.8246,165.1,0.8247,959.0
1753617233605,11:53:53.605,okx,ADA/USDT:USDT,0.8245,304.3,0.8244,515.1,0.8246,169.7,0.8247,896.3
1753617233705,11:53:53.705,okx,ADA/USDT:USDT,0.8245,282.6,0.8244,506.0,0.8246,236.5,0.8247,972.5
1753617233905,11:53:53.905,okx,ADA/USDT:USDT,0.8245,106.7,0.8244,460.7,0.8246,317.1,0.8247,972.5
1753617234005,11:53:54.005,okx,ADA/USDT:USDT,0.8245,143.0,0.8244,460.7,0.8246,317.1,0.8247,972.5
1753617234205,11:53:54.205,okx,ADA/USDT:USDT,0.8245,267.3,0.8244,530.6,0.8246,192.2,0.8247,948.1
1753617234305,11:53:54.305,okx,ADA/USDT:USDT,0.8245,267.3,0.8244,530.6,0.8246,193.1,0.8247,948.2
1753617234505,11:53:54.505,okx,ADA/USDT:USDT,0.8245,237.0,0.8244,515.1,0.8246,228.5,0.8247,833.2
1753617234605,11:53:54.605,okx,ADA/USDT:USDT,0.8245,237.0,0.8244,506.0,0.8246,237.5,0.8247,993.5
1753617234805,11:53:54.805,okx,ADA/USDT:USDT,0.8245,149.0,0.8244,506.0,0.8246,298.1,0.8247,993.6
1753617234905,11:53:54.905,okx,ADA/USDT:USDT,0.8245,149.0,0.8244,506.0,0.8246,298.1,0.8247,993.6
1753617235105,11:53:55.105,okx,ADA/USDT:USDT,0.8245,149.0,0.8244,521.1,0.8246,298.1,0.8247,993.6
1753617235305,11:53:55.305,okx,ADA/USDT:USDT,0.8245,112.7,0.8244,506.0,0.8246,301.5,0.8247,993.8
1753617235505,11:53:55.505,okx,ADA/USDT:USDT,0.8244,87.4,0.8243,366.4,0.8245,899.6,0.8246,893.3
1753617235605,11:53:55.605,okx,ADA/USDT:USDT,0.8244,90.5,0.8243,349.7,0.8245,904.6,0.8246,890.1
1753617235805,11:53:55.805,okx,ADA/USDT:USDT,0.8244,96.5,0.8243,477.0,0.8245,904.6,0.8246,889.8
1753617235905,11:53:55.905,okx,ADA/USDT:USDT,0.8244,181.4,0.8243,533.5,0.8245,195.6,0.8246,480.1
1753617236005,11:53:56.005,okx,ADA/USDT:USDT,0.8244,181.6,0.8243,523.5,0.8245,205.8,0.8246,616.2
1753617236105,11:53:56.105,okx,ADA/USDT:USDT,0.8244,181.6,0.8243,523.5,0.8245,205.8,0.8246,614.9
1753617236205,11:53:56.205,okx,ADA/USDT:USDT,0.8244,184.8,0.8243,523.9,0.8245,195.8,0.8246,614.9
1753617236305,11:53:56.305,okx,ADA/USDT:USDT,0.8244,184.8,0.8243,572.6,0.8245,166.7,0.8246,614.9
1753617236405,11:53:56.405,okx,ADA/USDT:USDT,0.8244,164.8,0.8243,545.9,0.8245,236.2,0.8246,614.9
1753617236505,11:53:56.505,okx,ADA/USDT:USDT,0.8244,184.8,0.8243,545.9,0.8245,237.0,0.8246,614.9
1753617236605,11:53:56.605,okx,ADA/USDT:USDT,0.8244,184.8,0.8243,545.9,0.8245,237.0,0.8246,614.9
1753617236905,11:53:56.905,okx,ADA/USDT:USDT,0.8244,184.8,0.8243,572.6,0.8245,190.1,0.8246,614.9
1753617237005,11:53:57.005,okx,ADA/USDT:USDT,0.8244,184.8,0.8243,572.7,0.8245,190.3,0.8246,614.9
1753617237105,11:53:57.105,okx,ADA/USDT:USDT,0.8244,184.8,0.8243,572.7,0.8245,187.3,0.8246,614.9
1753617237205,11:53:57.205,okx,ADA/USDT:USDT,0.8244,184.8,0.8243,556.0,0.8245,187.3,0.8246,614.9
1753617237305,11:53:57.305,okx,ADA/USDT:USDT,0.8244,184.7,0.8243,572.7,0.8245,187.3,0.8246,614.9
1753617237505,11:53:57.505,okx,ADA/USDT:USDT,0.8244,184.7,0.8243,592.6,0.8245,167.8,0.8246,614.7
1753617237605,11:53:57.605,okx,ADA/USDT:USDT,0.8244,249.7,0.8243,592.7,0.8245,168.0,0.8246,614.7
1753617238405,11:53:58.405,okx,ADA/USDT:USDT,0.8244,19.0,0.8243,419.8,0.8245,426.5,0.8246,836.8
1753617238705,11:53:58.705,okx,ADA/USDT:USDT,0.8244,3.0,0.8243,170.9,0.8245,547.3,0.8246,838.0
1753617238905,11:53:58.905,okx,ADA/USDT:USDT,0.8244,3.0,0.8243,170.9,0.8245,547.3,0.8246,839.2
1753617239005,11:53:59.005,okx,ADA/USDT:USDT,0.8244,3.0,0.8243,170.9,0.8245,547.3,0.8246,839.2
1753617239205,11:53:59.205,okx,ADA/USDT:USDT,0.8244,3.0,0.8243,170.9,0.8245,410.0,0.8246,839.2
1753617239305,11:53:59.305,okx,ADA/USDT:USDT,0.8244,3.0,0.8243,318.0,0.8245,427.3,0.8246,839.2
1753617239405,11:53:59.405,okx,ADA/USDT:USDT,0.8244,3.0,0.8243,318.0,0.8245,427.3,0.8246,839.2
1753617239505,11:53:59.505,okx,ADA/USDT:USDT,0.8244,3.0,0.8243,170.9,0.8245,427.3,0.8246,839.6
1753617239805,11:53:59.805,okx,ADA/USDT:USDT,0.8243,0.1,0.8242,291.3,0.8244,860.4,0.8245,899.6
1753617239905,11:53:59.905,okx,ADA/USDT:USDT,0.8243,0.1,0.8242,271.3,0.8244,901.5,0.8245,899.4
1753617240005,11:54:00.005,okx,ADA/USDT:USDT,0.8243,0.1,0.8242,271.3,0.8244,885.1,0.8245,898.0
1753617240105,11:54:00.105,okx,ADA/USDT:USDT,0.8243,0.1,0.8242,271.3,0.8244,901.5,0.8245,898.0
1753617240205,11:54:00.205,okx,ADA/USDT:USDT,0.8243,0.1,0.8242,271.3,0.8244,901.8,0.8245,898.0
1753617240305,11:54:00.305,okx,ADA/USDT:USDT,0.8243,0.1,0.8242,271.3,0.8244,901.8,0.8245,898.0
1753617240405,11:54:00.405,okx,ADA/USDT:USDT,0.8243,0.1,0.8242,271.3,0.8244,901.9,0.8245,898.0
1753617240505,11:54:00.505,okx,ADA/USDT:USDT,0.8243,0.1,0.8242,271.3,0.8244,903.6,0.8245,898.0
1753617240705,11:54:00.705,okx,ADA/USDT:USDT,0.8242,239.1,0.8241,672.5,0.8243,655.2,0.8244,1058.7
1753617240805,11:54:00.805,okx,ADA/USDT:USDT,0.8242,259.1,0.8241,686.4,0.8243,613.0,0.8244,977.8
1753617241205,11:54:01.205,okx,ADA/USDT:USDT,0.8242,227.1,0.8241,735.7,0.8243,35.3,0.8244,686.9
1753617241405,11:54:01.405,okx,ADA/USDT:USDT,0.8242,228.3,0.8241,701.5,0.8243,37.1,0.8244,686.5
1753617241805,11:54:01.805,okx,ADA/USDT:USDT,0.8242,227.1,0.8241,701.3,0.8243,100.8,0.8244,689.8
1753617241905,11:54:01.905,okx,ADA/USDT:USDT,0.8242,179.4,0.8241,696.5,0.8243,221.7,0.8244,714.0
1753617242005,11:54:02.005,okx,ADA/USDT:USDT,0.8242,90.8,0.8241,696.5,0.8243,218.0,0.8244,900.9
1753617242705,11:54:02.705,okx,ADA/USDT:USDT,0.8241,103.4,0.824,462.0,0.8242,781.3,0.8243,824.4
1753617242805,11:54:02.805,okx,ADA/USDT:USDT,0.8241,104.1,0.824,462.0,0.8242,769.7,0.8243,824.4
1753617242905,11:54:02.905,okx,ADA/USDT:USDT,0.8241,260.7,0.824,526.8,0.8242,165.6,0.8243,796.4
1753617243105,11:54:03.105,okx,ADA/USDT:USDT,0.8241,266.2,0.824,524.8,0.8242,167.1,0.8243,802.0
1753617243205,11:54:03.205,okx,ADA/USDT:USDT,0.8241,266.2,0.824,526.0,0.8242,167.1,0.8243,812.9
1753617243305,11:54:03.305,okx,ADA/USDT:USDT,0.8241,266.2,0.824,516.3,0.8242,190.0,0.8243,812.9
1753617243405,11:54:03.405,okx,ADA/USDT:USDT,0.8241,266.2,0.824,539.3,0.8242,271.2,0.8243,812.9
1753617243605,11:54:03.605,okx,ADA/USDT:USDT,0.8241,90.4,0.824,521.8,0.8242,279.7,0.8243,813.2
1753617244005,11:54:04.005,okx,ADA/USDT:USDT,0.8241,214.4,0.824,555.5,0.8242,271.2,0.8243,802.0
1753617244705,11:54:04.705,okx,ADA/USDT:USDT,0.8241,62.5,0.824,482.8,0.8242,445.4,0.8243,805.2
1753617244805,11:54:04.805,okx,ADA/USDT:USDT,0.8241,79.4,0.824,500.3,0.8242,379.2,0.8243,817.0
1753617244905,11:54:04.905,okx,ADA/USDT:USDT,0.8241,81.5,0.824,538.5,0.8242,328.3,0.8243,817.0
1753617245205,11:54:05.205,okx,ADA/USDT:USDT,0.8241,63.8,0.824,329.2,0.8242,377.8,0.8243,817.0
1753617245305,11:54:05.305,okx,ADA/USDT:USDT,0.8241,20.5,0.824,218.9,0.8242,423.7,0.8243,824.2
1753617245405,11:54:05.405,okx,ADA/USDT:USDT,0.8241,20.6,0.824,255.8,0.8242,414.4,0.8243,824.6
1753617245505,11:54:05.505,okx,ADA/USDT:USDT,0.8241,20.6,0.824,255.7,0.8242,543.7,0.8243,824.2
1753617245705,11:54:05.705,okx,ADA/USDT:USDT,0.8241,20.6,0.824,255.7,0.8242,543.7,0.8243,824.2
1753617245905,11:54:05.905,okx,ADA/USDT:USDT,0.8241,20.6,0.824,255.7,0.8242,543.7,0.8243,824.2
1753617246005,11:54:06.005,okx,ADA/USDT:USDT,0.8241,20.6,0.824,255.8,0.8242,543.7,0.8243,824.2
1753617246105,11:54:06.105,okx,ADA/USDT:USDT,0.824,86.1,0.8239,125.0,0.8241,906.0,0.8242,1072.5
1753617246205,11:54:06.205,okx,ADA/USDT:USDT,0.824,206.9,0.8239,338.0,0.8241,793.5,0.8242,1069.2
1753617246305,11:54:06.305,okx,ADA/USDT:USDT,0.824,114.4,0.8239,362.2,0.8241,799.3,0.8242,1072.0
1753617246405,11:54:06.405,okx,ADA/USDT:USDT,0.824,99.9,0.8239,362.2,0.8241,799.3,0.8242,1000.5
1753617246605,11:54:06.605,okx,ADA/USDT:USDT,0.8239,250.2,0.8238,400.9,0.824,256.8,0.8241,910.9
1753617246705,11:54:06.705,okx,ADA/USDT:USDT,0.8239,280.4,0.8238,405.9,0.824,196.7,0.8241,911.1
1753617246805,11:54:06.805,okx,ADA/USDT:USDT,0.8239,271.1,0.8238,405.9,0.824,196.7,0.8241,911.1
1753617246905,11:54:06.905,okx,ADA/USDT:USDT,0.8239,277.1,0.8238,400.8,0.824,216.6,0.8241,919.6
1753617247005,11:54:07.005,okx,ADA/USDT:USDT,0.8239,101.2,0.8238,392.3,0.824,291.7,0.8241,1075.8
1753617247105,11:54:07.105,okx,ADA/USDT:USDT,0.8239,6.3,0.8238,138.2,0.824,426.9,0.8241,1081.5
1753617247205,11:54:07.205,okx,ADA/USDT:USDT,0.8238,108.2,0.8237,284.0,0.8239,719.7,0.824,956.4
1753617247305,11:54:07.305,okx,ADA/USDT:USDT,0.8238,66.3,0.8237,285.2,0.8239,770.6,0.824,760.8
1753617247505,11:54:07.505,okx,ADA/USDT:USDT,0.8238,4.9,0.8237,201.4,0.8239,725.5,0.824,766.8
1753617247605,11:54:07.605,okx,ADA/USDT:USDT,0.8238,5.1,0.8237,201.4,0.8239,717.3,0.824,767.2
1753617247705,11:54:07.705,okx,ADA/USDT:USDT,0.8238,5.3,0.8237,201.4,0.8239,717.3,0.824,766.8
1753617247805,11:54:07.805,okx,ADA/USDT:USDT,0.8238,5.3,0.8237,201.4,0.8239,717.3,0.824,766.8
1753617247905,11:54:07.905,okx,ADA/USDT:USDT,0.8238,0.7,0.8237,142.2,0.8239,784.6,0.824,766.8
1753617248005,11:54:08.005,okx,ADA/USDT:USDT,0.8237,154.4,0.8236,343.0,0.8238,696.5,0.8239,891.7
1753617248105,11:54:08.105,okx,ADA/USDT:USDT,0.8237,269.4,0.8236,349.4,0.8238,294.9,0.8239,883.6
1753617248305,11:54:08.305,okx,ADA/USDT:USDT,0.8237,248.5,0.8236,349.4,0.8238,357.8,0.8239,883.6
1753617248505,11:54:08.505,okx,ADA/USDT:USDT,0.8237,254.6,0.8236,361.5,0.8238,365.1,0.8239,896.7
1753617248805,11:54:08.805,okx,ADA/USDT:USDT,0.8237,184.3,0.8236,353.3,0.8238,379.8,0.8239,897.0
1753617249005,11:54:09.005,okx,ADA/USDT:USDT,0.8237,127.7,0.8236,295.9,0.8238,371.8,0.8239,897.0
1753617249105,11:54:09.105,okx,ADA/USDT:USDT,0.8237,147.0,0.8236,368.5,0.8238,365.1,0.8239,897.0
1753617249305,11:54:09.305,okx,ADA/USDT:USDT,0.8237,147.0,0.8236,372.8,0.8238,365.1,0.8239,891.1
1753617249405,11:54:09.405,okx,ADA/USDT:USDT,0.8237,147.0,0.8236,372.8,0.8238,365.1,0.8239,882.9
1753617249705,11:54:09.705,okx,ADA/USDT:USDT,0.8237,242.0,0.8236,372.8,0.8238,231.7,0.8239,889.5
1753617249805,11:54:09.805,okx,ADA/USDT:USDT,0.8237,255.2,0.8236,372.8,0.8238,231.7,0.8239,877.9
1753617250205,11:54:10.205,okx,ADA/USDT:USDT,0.8237,191.7,0.8236,372.8,0.8238,235.3,0.8239,878.0
1753617250305,11:54:10.305,okx,ADA/USDT:USDT,0.8237,260.1,0.8236,372.8,0.8238,235.3,0.8239,878.0
1753617250405,11:54:10.405,okx,ADA/USDT:USDT,0.8237,254.1,0.8236,372.8,0.8238,231.9,0.8239,878.0
1753617250505,11:54:10.505,okx,ADA/USDT:USDT,0.8237,260.1,0.8236,372.8,0.8238,231.9,0.8239,878.0
1753617250605,11:54:10.605,okx,ADA/USDT:USDT,0.8237,252.9,0.8236,372.8,0.8238,235.6,0.8239,889.5
1753617250705,11:54:10.705,okx,ADA/USDT:USDT,0.8237,252.9,0.8236,372.8,0.8238,235.6,0.8239,889.5
1753617250805,11:54:10.805,okx,ADA/USDT:USDT,0.8237,252.9,0.8236,372.8,0.8238,235.6,0.8239,889.5
1753617250905,11:54:10.905,okx,ADA/USDT:USDT,0.8237,252.9,0.8236,372.8,0.8238,235.6,0.8239,889.5
1753617251105,11:54:11.105,okx,ADA/USDT:USDT,0.8237,260.6,0.8236,372.8,0.8238,235.6,0.8239,882.3
1753617251205,11:54:11.205,okx,ADA/USDT:USDT,0.8237,260.6,0.8236,372.8,0.8238,235.6,0.8239,878.0
1753617251305,11:54:11.305,okx,ADA/USDT:USDT,0.8237,260.6,0.8236,372.8,0.8238,235.6,0.8239,878.0
1753617251605,11:54:11.605,okx,ADA/USDT:USDT,0.8237,253.4,0.8236,372.8,0.8238,246.4,0.8239,885.2
1753617251705,11:54:11.705,okx,ADA/USDT:USDT,0.8237,253.4,0.8236,361.3,0.8238,246.4,0.8239,885.2
1753617251905,11:54:11.905,okx,ADA/USDT:USDT,0.8237,253.4,0.8236,368.5,0.8238,234.8,0.8239,889.5
1753617252005,11:54:12.005,okx,ADA/USDT:USDT,0.8237,253.4,0.8236,368.5,0.8238,239.4,0.8239,889.5
1753617252105,11:54:12.105,okx,ADA/USDT:USDT,0.8237,253.4,0.8236,368.5,0.8238,214.8,0.8239,882.3
1753617252205,11:54:12.205,okx,ADA/USDT:USDT,0.8237,253.4,0.8236,368.5,0.8238,214.8,0.8239,889.5
1753617252305,11:54:12.305,okx,ADA/USDT:USDT,0.8237,190.2,0.8236,368.5,0.8238,219.2,0.8239,889.5
1753617252405,11:54:12.405,okx,ADA/USDT:USDT,0.8237,190.2,0.8236,368.5,0.8238,219.2,0.8239,889.5
1753617252605,11:54:12.605,okx,ADA/USDT:USDT,0.8237,270.2,0.8236,368.5,0.8238,214.7,0.8239,882.2
1753617252705,11:54:12.705,okx,ADA/USDT:USDT,0.8237,190.2,0.8236,368.5,0.8238,214.7,0.8239,882.2
1753617252805,11:54:12.805,okx,ADA/USDT:USDT,0.8237,190.2,0.8236,368.5,0.8238,214.7,0.8239,882.2
1753617253305,11:54:13.305,okx,ADA/USDT:USDT,0.8237,190.2,0.8236,368.5,0.8238,214.7,0.8239,882.2
1753617253405,11:54:13.405,okx,ADA/USDT:USDT,0.8237,190.2,0.8236,368.5,0.8238,214.7,0.8239,882.5
1753617253505,11:54:13.505,okx,ADA/USDT:USDT,0.8237,190.2,0.8236,367.3,0.8238,214.7,0.8239,882.5
1753617253605,11:54:13.605,okx,ADA/USDT:USDT,0.8237,190.2,0.8236,367.3,0.8238,214.6,0.8239,882.5
1753617254405,11:54:14.405,okx,ADA/USDT:USDT,0.8237,250.2,0.8236,367.7,0.8238,215.1,0.8239,882.5
1753617254605,11:54:14.605,okx,ADA/USDT:USDT,0.8237,250.2,0.8236,367.7,0.8238,215.6,0.8239,882.5
1753617255205,11:54:15.205,okx,ADA/USDT:USDT,0.8237,233.1,0.8236,404.1,0.8238,146.6,0.8239,870.7
1753617255505,11:54:15.505,okx,ADA/USDT:USDT,0.8237,254.5,0.8236,411.0,0.8238,94.6,0.8239,633.3
1753617255705,11:54:15.705,okx,ADA/USDT:USDT,0.8237,254.5,0.8236,411.0,0.8238,95.8,0.8239,678.7
1753617255805,11:54:15.805,okx,ADA/USDT:USDT,0.8237,254.5,0.8236,411.0,0.8238,95.8,0.8239,678.7
1753617256005,11:54:16.005,okx,ADA/USDT:USDT,0.8237,252.7,0.8236,403.8,0.8238,119.1,0.8239,699.0
1753617256105,11:54:16.105,okx,ADA/USDT:USDT,0.8237,252.7,0.8236,403.8,0.8238,119.1,0.8239,699.0
1753617256405,11:54:16.405,okx,ADA/USDT:USDT,0.8237,252.7,0.8236,396.6,0.8238,155.6,0.8239,699.0
1753617256505,11:54:16.505,okx,ADA/USDT:USDT,0.8237,252.7,0.8236,396.6,0.8238,148.2,0.8239,699.0
1753617256905,11:54:16.905,okx,ADA/USDT:USDT,0.8237,135.6,0.8236,396.6,0.8238,252.5,0.8239,821.0
1753617257705,11:54:17.705,okx,ADA/USDT:USDT,0.8237,196.5,0.8236,403.8,0.8238,121.5,0.8239,813.5
1753617257805,11:54:17.805,okx,ADA/USDT:USDT,0.8237,196.5,0.8236,404.2,0.8238,121.5,0.8239,813.5
1753617257905,11:54:17.905,okx,ADA/USDT:USDT,0.8237,196.5,0.8236,404.2,0.8238,121.5,0.8239,813.5
1753617258205,11:54:18.205,okx,ADA/USDT:USDT,0.8237,196.5,0.8236,403.8,0.8238,242.5,0.8239,813.8
1753617258305,11:54:18.305,okx,ADA/USDT:USDT,0.8237,196.5,0.8236,403.8,0.8238,242.5,0.8239,813.8
1753617258405,11:54:18.405,okx,ADA/USDT:USDT,0.8237,196.5,0.8236,403.8,0.8238,249.7,0.8239,813.8
1753617258505,11:54:18.505,okx,ADA/USDT:USDT,0.8237,196.5,0.8236,403.8,0.8238,242.5,0.8239,813.8
1753617258605,11:54:18.605,okx,ADA/USDT:USDT,0.8237,196.5,0.8236,403.8,0.8238,243.0,0.8239,813.8
1753617258905,11:54:18.905,okx,ADA/USDT:USDT,0.8237,247.2,0.8236,396.9,0.8238,122.0,0.8239,813.5
1753617259005,11:54:19.005,okx,ADA/USDT:USDT,0.8237,235.7,0.8236,396.6,0.8238,122.0,0.8239,813.5
1753617259105,11:54:19.105,okx,ADA/USDT:USDT,0.8237,234.2,0.8236,396.6,0.8238,122.0,0.8239,813.5
1753617259205,11:54:19.205,okx,ADA/USDT:USDT,0.8237,235.8,0.8236,396.6,0.8238,122.0,0.8239,813.5
1753617259405,11:54:19.405,okx,ADA/USDT:USDT,0.8237,297.3,0.8236,397.3,0.8238,121.9,0.8239,813.5
1753617259905,11:54:19.905,okx,ADA/USDT:USDT,0.8237,196.3,0.8236,396.6,0.8238,241.0,0.8239,818.3
1753617260105,11:54:20.105,okx,ADA/USDT:USDT,0.8237,204.4,0.8236,397.0,0.8238,237.5,0.8239,813.5
1753617260205,11:54:20.205,okx,ADA/USDT:USDT,0.8237,212.4,0.8236,397.3,0.8238,211.1,0.8239,813.5
1753617260405,11:54:20.405,okx,ADA/USDT:USDT,0.8237,212.4,0.8236,397.3,0.8238,210.9,0.8239,813.5
1753617260605,11:54:20.605,okx,ADA/USDT:USDT,0.8237,196.5,0.8236,397.0,0.8238,234.5,0.8239,813.5
1753617260705,11:54:20.705,okx,ADA/USDT:USDT,0.8237,196.5,0.8236,397.0,0.8238,245.7,0.8239,813.8
1753617260805,11:54:20.805,okx,ADA/USDT:USDT,0.8237,196.5,0.8236,397.0,0.8238,245.7,0.8239,813.8
1753617260905,11:54:20.905,okx,ADA/USDT:USDT,0.8237,196.5,0.8236,396.6,0.8238,246.0,0.8239,813.8
1753617261005,11:54:21.005,okx,ADA/USDT:USDT,0.8237,196.5,0.8236,396.6,0.8238,245.7,0.8239,813.8
1753617261205,11:54:21.205,okx,ADA/USDT:USDT,0.8237,208.7,0.8236,396.6,0.8238,110.5,0.8239,813.5
1753617261305,11:54:21.305,okx,ADA/USDT:USDT,0.8237,197.2,0.8236,396.6,0.8238,142.8,0.8239,814.2
1753617261405,11:54:21.405,okx,ADA/USDT:USDT,0.8237,197.2,0.8236,396.6,0.8238,146.8,0.8239,814.2
1753617262205,11:54:22.205,okx,ADA/USDT:USDT,0.8237,197.2,0.8236,396.6,0.8238,131.5,0.8239,813.6
1753617262305,11:54:22.305,okx,ADA/USDT:USDT,0.8237,197.2,0.8236,396.6,0.8238,131.5,0.8239,813.9
1753617262405,11:54:22.405,okx,ADA/USDT:USDT,0.8237,208.1,0.8236,396.6,0.8238,110.9,0.8239,813.6
1753617262505,11:54:22.505,okx,ADA/USDT:USDT,0.8237,197.2,0.8236,396.6,0.8238,124.4,0.8239,813.6
1753617262605,11:54:22.605,okx,ADA/USDT:USDT,0.8237,197.2,0.8236,396.6,0.8238,124.4,0.8239,813.6
1753617262705,11:54:22.705,okx,ADA/USDT:USDT,0.8237,197.2,0.8236,396.6,0.8238,124.4,0.8239,813.6
1753617263005,11:54:23.005,okx,ADA/USDT:USDT,0.8237,197.2,0.8236,396.6,0.8238,152.3,0.8239,813.9
1753617263105,11:54:23.105,okx,ADA/USDT:USDT,0.8237,197.2,0.8236,396.6,0.8238,152.0,0.8239,813.9
1753617263705,11:54:23.705,okx,ADA/USDT:USDT,0.8237,305.5,0.8236,404.6,0.8238,20.2,0.8239,432.5
1753617263905,11:54:23.905,okx,ADA/USDT:USDT,0.8237,301.5,0.8236,404.6,0.8238,20.2,0.8239,605.3
1753617264005,11:54:24.005,okx,ADA/USDT:USDT,0.8237,299.7,0.8236,399.0,0.8238,134.7,0.8239,645.6
1753617264105,11:54:24.105,okx,ADA/USDT:USDT,0.8237,298.5,0.8236,399.0,0.8238,134.7,0.8239,645.6
1753617264205,11:54:24.205,okx,ADA/USDT:USDT,0.8237,298.5,0.8236,399.0,0.8238,134.7,0.8239,645.6
1753617264305,11:54:24.305,okx,ADA/USDT:USDT,0.8237,298.5,0.8236,399.0,0.8238,123.8,0.8239,652.1
1753617264505,11:54:24.505,okx,ADA/USDT:USDT,0.8237,298.5,0.8236,399.0,0.8238,124.3,0.8239,652.1
1753617264805,11:54:24.805,okx,ADA/USDT:USDT,0.8237,298.5,0.8236,399.0,0.8238,124.3,0.8239,652.1
1753617264905,11:54:24.905,okx,ADA/USDT:USDT,0.8237,298.5,0.8236,399.0,0.8238,124.3,0.8239,652.1
1753617265005,11:54:25.005,okx,ADA/USDT:USDT,0.8237,296.6,0.8236,399.0,0.8238,120.7,0.8239,652.1
1753617265505,11:54:25.505,okx,ADA/USDT:USDT,0.8238,525.1,0.8237,350.3,0.8239,108.4,0.824,713.7
1753617265605,11:54:25.605,okx,ADA/USDT:USDT,0.8238,525.1,0.8237,336.0,0.8239,108.6,0.824,713.7
1753617265805,11:54:25.805,okx,ADA/USDT:USDT,0.8239,381.0,0.8238,702.1,0.824,182.7,0.8241,920.8
1753617266105,11:54:26.105,okx,ADA/USDT:USDT,0.8239,258.0,0.8238,702.1,0.824,224.7,0.8241,927.6
1753617266605,11:54:26.605,okx,ADA/USDT:USDT,0.8239,173.2,0.8238,672.9,0.824,271.3,0.8241,927.9
1753617266705,11:54:26.705,okx,ADA/USDT:USDT,0.8239,176.9,0.8238,672.9,0.824,264.4,0.8241,927.9
1753617266805,11:54:26.805,okx,ADA/USDT:USDT,0.8239,176.9,0.8238,672.9,0.824,271.3,0.8241,927.9
1753617267005,11:54:27.005,okx,ADA/USDT:USDT,0.8239,176.9,0.8238,616.7,0.824,271.3,0.8241,927.9
1753617267105,11:54:27.105,okx,ADA/USDT:USDT,0.8239,176.9,0.8238,616.7,0.824,271.3,0.8241,927.9
1753617267205,11:54:27.205,okx,ADA/USDT:USDT,0.8239,176.9,0.8238,616.7,0.824,260.3,0.8241,932.8
1753617267305,11:54:27.305,okx,ADA/USDT:USDT,0.8239,176.9,0.8238,616.7,0.824,371.3,0.8241,932.8
1753617267405,11:54:27.405,okx,ADA/USDT:USDT,0.8239,176.9,0.8238,616.7,0.824,371.3,0.8241,932.8
1753617267505,11:54:27.505,okx,ADA/USDT:USDT,0.8239,176.9,0.8238,616.7,0.824,271.3,0.8241,932.8
1753617267705,11:54:27.705,okx,ADA/USDT:USDT,0.8239,270.6,0.8238,653.2,0.824,219.0,0.8241,634.6
1753617267805,11:54:27.805,okx,ADA/USDT:USDT,0.8239,272.4,0.8238,653.5,0.824,42.6,0.8241,341.0
1753617268005,11:54:28.005,okx,ADA/USDT:USDT,0.8239,267.4,0.8238,660.1,0.824,42.4,0.8241,602.2
1753617268305,11:54:28.305,okx,ADA/USDT:USDT,0.8239,358.6,0.8238,639.9,0.824,6.1,0.8241,647.6
1753617268405,11:54:28.405,okx,ADA/USDT:USDT,0.8239,372.3,0.8238,640.2,0.824,6.7,0.8241,647.6
1753617268705,11:54:28.705,okx,ADA/USDT:USDT,0.8239,308.3,0.8238,639.9,0.824,30.0,0.8241,724.9
1753617268905,11:54:28.905,okx,ADA/USDT:USDT,0.8239,308.5,0.8238,639.9,0.824,97.3,0.8241,724.9
1753617269105,11:54:29.105,okx,ADA/USDT:USDT,0.8239,211.9,0.8238,633.0,0.824,345.6,0.8241,725.2
1753617269305,11:54:29.305,okx,ADA/USDT:USDT,0.8239,231.9,0.8238,639.7,0.824,212.5,0.8241,883.0
1753617269405,11:54:29.405,okx,ADA/USDT:USDT,0.8239,231.9,0.8238,639.7,0.824,236.5,0.8241,876.4
1753617269505,11:54:29.505,okx,ADA/USDT:USDT,0.8239,211.9,0.8238,640.1,0.824,236.5,0.8241,876.4
1753617269605,11:54:29.605,okx,ADA/USDT:USDT,0.8239,211.9,0.8238,633.4,0.824,244.0,0.8241,876.4
1753617269705,11:54:29.705,okx,ADA/USDT:USDT,0.8239,192.0,0.8238,633.4,0.824,245.8,0.8241,876.4
1753617269905,11:54:29.905,okx,ADA/USDT:USDT,0.8239,195.3,0.8238,633.4,0.824,233.6,0.8241,876.1
1753617270005,11:54:30.005,okx,ADA/USDT:USDT,0.8239,188.9,0.8238,640.0,0.824,229.6,0.8241,876.1
1753617270105,11:54:30.105,okx,ADA/USDT:USDT,0.8239,188.9,0.8238,640.0,0.824,229.6,0.8241,876.1
1753617270405,11:54:30.405,okx,ADA/USDT:USDT,0.8239,16.8,0.8238,275.3,0.824,416.7,0.8241,883.2
1753617270605,11:54:30.605,okx,ADA/USDT:USDT,0.8239,18.6,0.8238,275.3,0.824,416.7,0.8241,882.8
1753617270705,11:54:30.705,okx,ADA/USDT:USDT,0.8239,397.3,0.8238,524.6,0.824,147.3,0.8241,341.0
1753617271105,11:54:31.105,okx,ADA/USDT:USDT,0.8239,186.7,0.8238,595.3,0.824,239.4,0.8241,724.8
1753617271205,11:54:31.205,okx,ADA/USDT:USDT,0.8239,186.7,0.8238,595.3,0.824,235.5,0.8241,724.8
1753617271305,11:54:31.305,okx,ADA/USDT:USDT,0.8239,186.7,0.8238,595.3,0.824,239.4,0.8241,724.8
1753617271405,11:54:31.405,okx,ADA/USDT:USDT,0.8239,186.6,0.8238,595.3,0.824,235.5,0.8241,724.5
1753617271505,11:54:31.505,okx,ADA/USDT:USDT,0.8239,186.6,0.8238,595.3,0.824,235.5,0.8241,724.5
1753617271605,11:54:31.605,okx,ADA/USDT:USDT,0.8239,186.6,0.8238,595.3,0.824,235.5,0.8241,724.5
1753617271705,11:54:31.705,okx,ADA/USDT:USDT,0.8239,186.6,0.8238,595.3,0.824,235.5,0.8241,724.5
1753617271905,11:54:31.905,okx,ADA/USDT:USDT,0.8239,206.6,0.8238,595.3,0.824,236.0,0.8241,724.5
1753617272005,11:54:32.005,okx,ADA/USDT:USDT,0.8239,212.9,0.8238,560.7,0.824,95.1,0.8241,581.7
1753617272105,11:54:32.105,okx,ADA/USDT:USDT,0.8239,216.7,0.8238,560.7,0.824,95.1,0.8241,536.3
1753617272205,11:54:32.205,okx,ADA/USDT:USDT,0.8239,206.6,0.8238,567.0,0.824,95.1,0.8241,718.0
1753617272405,11:54:32.405,okx,ADA/USDT:USDT,0.8239,206.6,0.8238,567.0,0.824,95.1,0.8241,718.0
1753617272605,11:54:32.605,okx,ADA/USDT:USDT,0.8239,206.6,0.8238,567.0,0.824,95.1,0.8241,718.0
1753617272805,11:54:32.805,okx,ADA/USDT:USDT,0.8239,206.6,0.8238,579.0,0.824,95.1,0.8241,718.0
1753617273005,11:54:33.005,okx,ADA/USDT:USDT,0.8239,212.9,0.8238,579.0,0.824,95.1,0.8241,718.0
1753617273605,11:54:33.605,okx,ADA/USDT:USDT,0.8238,41.6,0.8237,261.2,0.8239,693.1,0.824,1012.8
1753617273705,11:54:33.705,okx,ADA/USDT:USDT,0.8238,0.1,0.8237,261.2,0.8239,686.8,0.824,923.1
1753617273805,11:54:33.805,okx,ADA/USDT:USDT,0.8238,84.8,0.8237,261.2,0.8239,686.8,0.824,803.1
1753617273905,11:54:33.905,okx,ADA/USDT:USDT,0.8238,84.8,0.8237,267.8,0.8239,681.1,0.824,796.5
1753617274005,11:54:34.005,okx,ADA/USDT:USDT,0.8238,108.2,0.8237,267.8,0.8239,675.5,0.824,796.5
1753617274205,11:54:34.205,okx,ADA/USDT:USDT,0.8238,108.2,0.8237,267.8,0.8239,675.5,0.824,796.5
1753617274305,11:54:34.305,okx,ADA/USDT:USDT,0.8238,108.2,0.8237,261.2,0.8239,687.8,0.824,803.4
1753617274605,11:54:34.605,okx,ADA/USDT:USDT,0.8238,120.3,0.8237,273.1,0.8239,677.8,0.824,803.4
1753617274705,11:54:34.705,okx,ADA/USDT:USDT,0.8238,120.3,0.8237,273.1,0.8239,681.7,0.824,803.4
1753617274805,11:54:34.805,okx,ADA/USDT:USDT,0.8238,133.9,0.8237,273.1,0.8239,681.7,0.824,803.4
1753617274905,11:54:34.905,okx,ADA/USDT:USDT,0.8238,66.9,0.8237,273.1,0.8239,681.7,0.824,803.4
1753617275005,11:54:35.005,okx,ADA/USDT:USDT,0.8238,66.9,0.8237,273.1,0.8239,682.0,0.824,803.4
1753617275105,11:54:35.105,okx,ADA/USDT:USDT,0.8238,214.8,0.8237,273.1,0.8239,676.0,0.824,803.1
1753617275205,11:54:35.205,okx,ADA/USDT:USDT,0.8238,257.6,0.8237,293.1,0.8239,180.0,0.824,794.1
1753617275305,11:54:35.305,okx,ADA/USDT:USDT,0.8238,268.1,0.8237,293.4,0.8239,148.9,0.824,471.3
1753617275405,11:54:35.405,okx,ADA/USDT:USDT,0.8238,264.2,0.8237,293.4,0.8239,53.4,0.824,471.3
1753617275505,11:54:35.505,okx,ADA/USDT:USDT,0.8238,264.2,0.8237,293.1,0.8239,53.4,0.824,471.3
1753617275605,11:54:35.605,okx,ADA/USDT:USDT,0.8238,289.6,0.8237,306.0,0.8239,0.7,0.824,309.5
1753617276005,11:54:36.005,okx,ADA/USDT:USDT,0.8239,266.5,0.8238,508.6,0.824,141.9,0.8241,922.8
1753617276205,11:54:36.205,okx,ADA/USDT:USDT,0.8239,266.5,0.8238,528.6,0.824,197.2,0.8241,929.2
1753617276305,11:54:36.305,okx,ADA/USDT:USDT,0.8239,266.5,0.8238,535.0,0.824,197.2,0.8241,929.2
1753617276505,11:54:36.505,okx,ADA/USDT:USDT,0.8239,266.5,0.8238,528.6,0.824,197.7,0.8241,929.2
1753617276605,11:54:36.605,okx,ADA/USDT:USDT,0.8239,266.5,0.8238,535.0,0.824,197.7,0.8241,929.2
1753617276705,11:54:36.705,okx,ADA/USDT:USDT,0.8239,266.5,0.8238,528.6,0.824,197.7,0.8241,929.2
1753617276905,11:54:36.905,okx,ADA/USDT:USDT,0.8239,49.2,0.8238,315.8,0.824,345.1,0.8241,929.5
1753617277005,11:54:37.005,okx,ADA/USDT:USDT,0.8239,49.2,0.8238,515.0,0.824,341.3,0.8241,929.2
1753617277205,11:54:37.205,okx,ADA/USDT:USDT,0.8239,44.6,0.8238,507.3,0.824,413.3,0.8241,929.5
1753617277405,11:54:37.405,okx,ADA/USDT:USDT,0.8239,49.2,0.8238,507.3,0.824,357.8,0.8241,929.5
1753617277505,11:54:37.505,okx,ADA/USDT:USDT,0.8239,49.2,0.8238,507.3,0.824,322.6,0.8241,929.5
1753617277705,11:54:37.705,okx,ADA/USDT:USDT,0.8238,178.2,0.8237,424.9,0.8239,300.5,0.824,851.6
1753617277905,11:54:37.905,okx,ADA/USDT:USDT,0.8238,158.2,0.8237,431.3,0.8239,302.3,0.824,849.5
1753617278105,11:54:38.105,okx,ADA/USDT:USDT,0.8238,44.2,0.8237,351.1,0.8239,338.1,0.824,886.8
1753617278205,11:54:38.205,okx,ADA/USDT:USDT,0.8238,44.2,0.8237,351.1,0.8239,338.1,0.824,886.8
1753617278605,11:54:38.605,okx,ADA/USDT:USDT,0.8238,10.7,0.8237,208.7,0.8239,350.0,0.824,876.4
1753617278805,11:54:38.805,okx,ADA/USDT:USDT,0.8237,69.7,0.8236,292.7,0.8238,739.7,0.8239,545.2
1753617278905,11:54:38.905,okx,ADA/USDT:USDT,0.8237,9.6,0.8236,221.9,0.8238,815.8,0.8239,714.6
1753617279005,11:54:39.005,okx,ADA/USDT:USDT,0.8237,45.9,0.8236,233.8,0.8238,809.4,0.8239,714.6
1753617279205,11:54:39.205,okx,ADA/USDT:USDT,0.8237,46.1,0.8236,400.5,0.8238,803.7,0.8239,739.7
1753617279305,11:54:39.305,okx,ADA/USDT:USDT,0.8237,362.5,0.8236,400.8,0.8238,45.9,0.8239,177.6
1753617279605,11:54:39.605,okx,ADA/USDT:USDT,0.8237,349.3,0.8236,394.2,0.8238,124.4,0.8239,496.3
1753617280005,11:54:40.005,okx,ADA/USDT:USDT,0.8237,322.6,0.8236,394.2,0.8238,189.1,0.8239,687.3
1753617280405,11:54:40.405,okx,ADA/USDT:USDT,0.8237,254.3,0.8236,376.2,0.8238,39.8,0.8239,354.4
1753617280505,11:54:40.505,okx,ADA/USDT:USDT,0.8237,254.3,0.8236,372.5,0.8238,39.8,0.8239,364.3
1753617280705,11:54:40.705,okx,ADA/USDT:USDT,0.8237,260.3,0.8236,372.5,0.8238,42.2,0.8239,683.4
1753617280805,11:54:40.805,okx,ADA/USDT:USDT,0.8237,260.3,0.8236,376.2,0.8238,42.2,0.8239,683.4
1753617280905,11:54:40.905,okx,ADA/USDT:USDT,0.8237,259.8,0.8236,372.5,0.8238,127.2,0.8239,650.5
1753617281005,11:54:41.005,okx,ADA/USDT:USDT,0.8237,259.8,0.8236,372.5,0.8238,127.2,0.8239,650.5
1753617281705,11:54:41.705,okx,ADA/USDT:USDT,0.8237,260.0,0.8236,372.3,0.8238,40.5,0.8239,667.1
1753617282105,11:54:42.105,okx,ADA/USDT:USDT,0.8237,203.9,0.8236,366.3,0.8238,339.1,0.8239,687.0
1753617282305,11:54:42.305,okx,ADA/USDT:USDT,0.8237,144.4,0.8236,366.3,0.8238,372.3,0.8239,691.0
1753617282405,11:54:42.405,okx,ADA/USDT:USDT,0.8237,76.6,0.8236,320.9,0.8238,372.9,0.8239,691.0
1753617282505,11:54:42.505,okx,ADA/USDT:USDT,0.8237,76.6,0.8236,286.9,0.8238,372.9,0.8239,691.0
1753617282605,11:54:42.605,okx,ADA/USDT:USDT,0.8237,40.3,0.8236,286.9,0.8238,372.9,0.8239,691.0
1753617282705,11:54:42.705,okx,ADA/USDT:USDT,0.8237,12.2,0.8236,286.9,0.8238,372.9,0.8239,691.0
1753617282805,11:54:42.805,okx,ADA/USDT:USDT,0.8237,63.9,0.8236,286.9,0.8238,372.9,0.8239,691.0
1753617282905,11:54:42.905,okx,ADA/USDT:USDT,0.8237,63.9,0.8236,320.9,0.8238,372.6,0.8239,691.0
1753617283305,11:54:43.305,okx,ADA/USDT:USDT,0.8237,48.8,0.8236,366.3,0.8238,366.6,0.8239,691.0
1753617283405,11:54:43.405,okx,ADA/USDT:USDT,0.8237,48.8,0.8236,366.3,0.8238,366.6,0.8239,691.0
1753617283905,11:54:43.905,okx,ADA/USDT:USDT,0.8237,176.2,0.8236,372.0,0.8238,215.5,0.8239,680.7
1753617284005,11:54:44.005,okx,ADA/USDT:USDT,0.8237,175.7,0.8236,366.3,0.8238,215.5,0.8239,680.7
1753617284105,11:54:44.105,okx,ADA/USDT:USDT,0.8237,175.7,0.8236,366.3,0.8238,215.5,0.8239,681.1
1753617284205,11:54:44.205,okx,ADA/USDT:USDT,0.8237,175.7,0.8236,366.3,0.8238,215.5,0.8239,680.7
1753617284405,11:54:44.405,okx,ADA/USDT:USDT,0.8237,175.8,0.8236,371.9,0.8238,81.1,0.8239,680.7
1753617284505,11:54:44.505,okx,ADA/USDT:USDT,0.8237,181.8,0.8236,371.9,0.8238,81.1,0.8239,680.7
1753617284605,11:54:44.605,okx,ADA/USDT:USDT,0.8237,181.8,0.8236,371.9,0.8238,81.1,0.8239,680.7
1753617284705,11:54:44.705,okx,ADA/USDT:USDT,0.8237,181.8,0.8236,366.3,0.8238,104.4,0.8239,681.0
1753617284805,11:54:44.805,okx,ADA/USDT:USDT,0.8237,181.8,0.8236,366.3,0.8238,138.6,0.8239,681.0
1753617284905,11:54:44.905,okx,ADA/USDT:USDT,0.8237,181.8,0.8236,366.3,0.8238,138.6,0.8239,681.0
1753617285105,11:54:45.105,okx,ADA/USDT:USDT,0.8237,175.8,0.8236,371.9,0.8238,135.3,0.8239,680.7
1753617285205,11:54:45.205,okx,ADA/USDT:USDT,0.8237,175.8,0.8236,371.9,0.8238,135.3,0.8239,680.7
1753617285405,11:54:45.405,okx,ADA/USDT:USDT,0.8237,175.8,0.8236,371.9,0.8238,105.6,0.8239,680.7
1753617285505,11:54:45.505,okx,ADA/USDT:USDT,0.8237,175.8,0.8236,366.3,0.8238,109.4,0.8239,680.7
1753617285605,11:54:45.605,okx,ADA/USDT:USDT,0.8237,175.8,0.8236,366.3,0.8238,109.4,0.8239,681.0
1753617285705,11:54:45.705,okx,ADA/USDT:USDT,0.8237,175.8,0.8236,366.3,0.8238,101.6,0.8239,680.7
1753617285905,11:54:45.905,okx,ADA/USDT:USDT,0.8237,181.9,0.8236,366.3,0.8238,101.6,0.8239,680.7
1753617286405,11:54:46.405,okx,ADA/USDT:USDT,0.8237,61.3,0.8236,173.5,0.8238,337.4,0.8239,684.4
1753617286605,11:54:46.605,okx,ADA/USDT:USDT,0.8237,43.8,0.8236,173.5,0.8238,338.0,0.8239,684.8
1753617286705,11:54:46.705,okx,ADA/USDT:USDT,0.8237,48.4,0.8236,173.5,0.8238,338.0,0.8239,684.8
1753617286805,11:54:46.805,okx,ADA/USDT:USDT,0.8237,48.4,0.8236,286.9,0.8238,337.7,0.8239,684.4
1753617286905,11:54:46.905,okx,ADA/USDT:USDT,0.8237,48.4,0.8236,320.9,0.8238,337.7,0.8239,684.4
1753617287005,11:54:47.005,okx,ADA/USDT:USDT,0.8237,47.8,0.8236,320.9,0.8238,338.0,0.8239,684.4
1753617287205,11:54:47.205,okx,ADA/USDT:USDT,0.8237,171.4,0.8236,386.3,0.8238,142.8,0.8239,680.7
1753617287705,11:54:47.705,okx,ADA/USDT:USDT,0.8237,171.4,0.8236,386.3,0.8238,268.3,0.8239,680.7
1753617287805,11:54:47.805,okx,ADA/USDT:USDT,0.8237,47.8,0.8236,386.3,0.8238,300.7,0.8239,721.1
1753617287905,11:54:47.905,okx,ADA/USDT:USDT,0.8237,47.8,0.8236,173.5,0.8238,301.0,0.8239,721.5
1753617288205,11:54:48.205,okx,ADA/USDT:USDT,0.8237,5.4,0.8236,307.3,0.8238,298.4,0.8239,735.3
1753617288305,11:54:48.305,okx,ADA/USDT:USDT,0.8237,39.5,0.8236,307.3,0.8238,178.2,0.8239,733.8
1753617288505,11:54:48.505,okx,ADA/USDT:USDT,0.8237,37.5,0.8236,307.3,0.8238,271.2,0.8239,736.9
1753617288605,11:54:48.605,okx,ADA/USDT:USDT,0.8237,42.1,0.8236,307.3,0.8238,271.2,0.8239,740.0
1753617288705,11:54:48.705,okx,ADA/USDT:USDT,0.8237,42.1,0.8236,307.3,0.8238,268.1,0.8239,740.0
1753617288905,11:54:48.905,okx,ADA/USDT:USDT,0.8237,41.6,0.8236,319.1,0.8238,381.2,0.8239,740.3
1753617289205,11:54:49.205,okx,ADA/USDT:USDT,0.8237,236.2,0.8236,385.0,0.8238,84.5,0.8239,729.9
1753617289305,11:54:49.305,okx,ADA/USDT:USDT,0.8237,236.2,0.8236,385.0,0.8238,84.5,0.8239,726.3
1753617289405,11:54:49.405,okx,ADA/USDT:USDT,0.8237,236.3,0.8236,379.6,0.8238,84.5,0.8239,726.3
1753617289605,11:54:49.605,okx,ADA/USDT:USDT,0.8237,247.2,0.8236,385.0,0.8238,39.8,0.8239,310.3
1753617289705,11:54:49.705,okx,ADA/USDT:USDT,0.8237,267.4,0.8236,385.4,0.8238,16.4,0.8239,303.2
1753617289805,11:54:49.805,okx,ADA/USDT:USDT,0.8237,271.6,0.8236,385.0,0.8238,43.9,0.8239,716.9
1753617289905,11:54:49.905,okx,ADA/USDT:USDT,0.8237,271.6,0.8236,385.0,0.8238,43.9,0.8239,716.9
1753617290105,11:54:50.105,okx,ADA/USDT:USDT,0.8237,331.0,0.8236,385.0,0.8238,43.9,0.8239,717.3
1753617290205,11:54:50.205,okx,ADA/USDT:USDT,0.8237,331.0,0.8236,385.0,0.8238,15.9,0.8239,716.9
1753617290305,11:54:50.305,okx,ADA/USDT:USDT,0.8237,328.0,0.8236,412.7,0.8238,16.4,0.8239,506.1
1753617290505,11:54:50.505,okx,ADA/USDT:USDT,0.8237,299.7,0.8236,412.7,0.8238,18.3,0.8239,506.1
1753617290705,11:54:50.705,okx,ADA/USDT:USDT,0.8237,327.9,0.8236,412.7,0.8238,17.8,0.8239,506.1
1753617290805,11:54:50.805,okx,ADA/USDT:USDT,0.8237,317.6,0.8236,410.6,0.8238,17.8,0.8239,506.1
1753617290905,11:54:50.905,okx,ADA/USDT:USDT,0.8237,321.9,0.8236,415.5,0.8238,17.8,0.8239,506.1
1753617291505,11:54:51.505,okx,ADA/USDT:USDT,0.8237,383.1,0.8236,416.7,0.8238,17.2,0.8239,506.1
1753617291605,11:54:51.605,okx,ADA/USDT:USDT,0.8237,380.1,0.8236,416.4,0.8238,17.7,0.8239,509.1
1753617291705,11:54:51.705,okx,ADA/USDT:USDT,0.8237,388.0,0.8236,416.7,0.8238,17.7,0.8239,506.1
1753617291805,11:54:51.805,okx,ADA/USDT:USDT,0.8237,388.0,0.8236,416.7,0.8238,17.7,0.8239,506.1
1753617291905,11:54:51.905,okx,ADA/USDT:USDT,0.8237,390.4,0.8236,416.7,0.8238,17.2,0.8239,506.1
1753617292005,11:54:52.005,okx,ADA/USDT:USDT,0.8237,390.4,0.8236,416.7,0.8238,17.2,0.8239,506.1
1753617292205,11:54:52.205,okx,ADA/USDT:USDT,0.8237,320.7,0.8236,416.7,0.8238,17.2,0.8239,509.1
1753617292305,11:54:52.305,okx,ADA/USDT:USDT,0.8237,320.7,0.8236,416.4,0.8238,18.3,0.8239,509.0
1753617292405,11:54:52.405,okx,ADA/USDT:USDT,0.8237,320.7,0.8236,452.9,0.8238,18.9,0.8239,509.0
1753617292605,11:54:52.605,okx,ADA/USDT:USDT,0.8237,259.5,0.8236,416.2,0.8238,46.3,0.8239,529.0
1753617292705,11:54:52.705,okx,ADA/USDT:USDT,0.8237,259.5,0.8236,416.5,0.8238,18.3,0.8239,526.1
1753617293005,11:54:53.005,okx,ADA/USDT:USDT,0.8237,381.8,0.8236,453.0,0.8238,18.3,0.8239,526.1
1753617293105,11:54:53.105,okx,ADA/USDT:USDT,0.8237,381.8,0.8236,453.0,0.8238,17.8,0.8239,506.1
1753617293305,11:54:53.305,okx,ADA/USDT:USDT,0.8237,389.9,0.8236,418.9,0.8238,15.9,0.8239,506.1
1753617293505,11:54:53.505,okx,ADA/USDT:USDT,0.8237,269.6,0.8236,418.9,0.8238,16.4,0.8239,506.1
1753617293605,11:54:53.605,okx,ADA/USDT:USDT,0.8237,266.7,0.8236,419.3,0.8238,16.4,0.8239,506.1
1753617293705,11:54:53.705,okx,ADA/USDT:USDT,0.8237,269.5,0.8236,455.8,0.8238,16.4,0.8239,506.1
1753617293805,11:54:53.805,okx,ADA/USDT:USDT,0.8237,269.8,0.8236,455.8,0.8238,16.4,0.8239,506.1
1753617293905,11:54:53.905,okx,ADA/USDT:USDT,0.8237,269.5,0.8236,419.3,0.8238,16.4,0.8239,506.1
1753617294005,11:54:54.005,okx,ADA/USDT:USDT,0.8237,359.8,0.8236,418.9,0.8238,16.4,0.8239,506.1
1753617294205,11:54:54.205,okx,ADA/USDT:USDT,0.8237,359.5,0.8236,418.9,0.8238,16.4,0.8239,506.1
1753617294305,11:54:54.305,okx,ADA/USDT:USDT,0.8237,269.5,0.8236,420.5,0.8238,16.4,0.8239,506.1
1753617294605,11:54:54.605,okx,ADA/USDT:USDT,0.8237,269.8,0.8236,420.1,0.8238,16.9,0.8239,506.1
1753617294705,11:54:54.705,okx,ADA/USDT:USDT,0.8237,269.8,0.8236,456.6,0.8238,16.9,0.8239,506.1
1753617294805,11:54:54.805,okx,ADA/USDT:USDT,0.8237,258.9,0.8236,448.6,0.8238,69.9,0.8239,666.6
1753617294905,11:54:54.905,okx,ADA/USDT:USDT,0.8237,258.9,0.8236,453.3,0.8238,16.9,0.8239,666.6
1753617295505,11:54:55.505,okx,ADA/USDT:USDT,0.8237,226.9,0.8236,453.3,0.8238,94.5,0.8239,666.6
1753617295805,11:54:55.805,okx,ADA/USDT:USDT,0.8237,226.9,0.8236,447.4,0.8238,174.9,0.8239,666.6
1753617295905,11:54:55.905,okx,ADA/USDT:USDT,0.8237,226.9,0.8236,447.4,0.8238,174.9,0.8239,666.9
1753617296305,11:54:56.305,okx,ADA/USDT:USDT,0.8237,232.1,0.8236,452.1,0.8238,55.9,0.8239,667.0
1753617296805,11:54:56.805,okx,ADA/USDT:USDT,0.8237,148.2,0.8236,502.5,0.8238,402.3,0.8239,669.8
1753617297005,11:54:57.005,okx,ADA/USDT:USDT,0.8237,237.5,0.8236,497.8,0.8238,162.9,0.8239,531.4
1753617297205,11:54:57.205,okx,ADA/USDT:USDT,0.8237,237.5,0.8236,502.5,0.8238,165.4,0.8239,667.0
1753617297305,11:54:57.305,okx,ADA/USDT:USDT,0.8237,237.5,0.8236,497.8,0.8238,168.2,0.8239,667.0
1753617297505,11:54:57.505,okx,ADA/USDT:USDT,0.8237,237.5,0.8236,497.8,0.8238,165.4,0.8239,667.0
1753617297705,11:54:57.705,okx,ADA/USDT:USDT,0.8237,237.5,0.8236,502.5,0.8238,145.9,0.8239,667.0
1753617297905,11:54:57.905,okx,ADA/USDT:USDT,0.8237,237.5,0.8236,502.5,0.8238,103.6,0.8239,667.0
1753617298205,11:54:58.205,okx,ADA/USDT:USDT,0.8237,294.8,0.8236,502.8,0.8238,15.4,0.8239,460.2
1753617298405,11:54:58.405,okx,ADA/USDT:USDT,0.8237,296.6,0.8236,504.0,0.8238,19.7,0.8239,460.2
1753617298705,11:54:58.705,okx,ADA/USDT:USDT,0.8237,238.8,0.8236,503.7,0.8238,42.6,0.8239,664.7
1753617298905,11:54:58.905,okx,ADA/USDT:USDT,0.8237,311.5,0.8236,503.7,0.8238,42.6,0.8239,665.1
1753617299005,11:54:59.005,okx,ADA/USDT:USDT,0.8237,311.5,0.8236,503.7,0.8238,19.2,0.8239,665.1
1753617299105,11:54:59.105,okx,ADA/USDT:USDT,0.8237,236.3,0.8236,499.0,0.8238,55.5,0.8239,665.1
1753617299305,11:54:59.305,okx,ADA/USDT:USDT,0.8237,237.7,0.8236,503.5,0.8238,19.2,0.8239,664.7
1753617299405,11:54:59.405,okx,ADA/USDT:USDT,0.8237,237.7,0.8236,503.5,0.8238,42.6,0.8239,664.7
1753617299505,11:54:59.505,okx,ADA/USDT:USDT,0.8237,237.7,0.8236,306.2,0.8238,261.0,0.8239,664.7
1753617299705,11:54:59.705,okx,ADA/USDT:USDT,0.8237,197.0,0.8236,499.1,0.8238,263.3,0.8239,667.8
1753617300405,11:55:00.405,okx,ADA/USDT:USDT,0.8237,195.3,0.8236,496.7,0.8238,263.5,0.8239,667.8
1753617300605,11:55:00.605,okx,ADA/USDT:USDT,0.8237,195.2,0.8236,496.7,0.8238,263.0,0.8239,667.8
1753617300705,11:55:00.705,okx,ADA/USDT:USDT,0.8237,195.2,0.8236,496.7,0.8238,265.4,0.8239,667.8
1753617300805,11:55:00.805,okx,ADA/USDT:USDT,0.8237,174.4,0.8236,496.7,0.8238,335.4,0.8239,667.8
1753617300905,11:55:00.905,okx,ADA/USDT:USDT,0.8237,152.1,0.8236,496.7,0.8238,265.4,0.8239,668.0
1753617301005,11:55:01.005,okx,ADA/USDT:USDT,0.8237,131.9,0.8236,496.7,0.8238,335.7,0.8239,668.0
1753617301105,11:55:01.105,okx,ADA/USDT:USDT,0.8237,7.0,0.8236,113.3,0.8238,444.5,0.8239,670.9
1753617301205,11:55:01.205,okx,ADA/USDT:USDT,0.8237,13.9,0.8236,153.6,0.8238,444.2,0.8239,670.9
1753617301305,11:55:01.305,okx,ADA/USDT:USDT,0.8237,127.5,0.8236,461.5,0.8238,228.2,0.8239,667.3
1753617301405,11:55:01.405,okx,ADA/USDT:USDT,0.8237,127.5,0.8236,461.8,0.8238,228.2,0.8239,667.3
1753617301505,11:55:01.505,okx,ADA/USDT:USDT,0.8237,128.9,0.8236,473.7,0.8238,230.4,0.8239,667.3
1753617301605,11:55:01.605,okx,ADA/USDT:USDT,0.8237,128.9,0.8236,473.7,0.8238,230.9,0.8239,667.3
1753617301705,11:55:01.705,okx,ADA/USDT:USDT,0.8237,128.7,0.8236,469.2,0.8238,230.9,0.8239,667.3
1753617301805,11:55:01.805,okx,ADA/USDT:USDT,0.8237,108.7,0.8236,355.7,0.8238,231.6,0.8239,667.3
1753617302005,11:55:02.005,okx,ADA/USDT:USDT,0.8237,111.8,0.8236,423.8,0.8238,288.4,0.8239,670.7
1753617302205,11:55:02.205,okx,ADA/USDT:USDT,0.8237,112.0,0.8236,423.8,0.8238,290.7,0.8239,670.7
1753617302305,11:55:02.305,okx,ADA/USDT:USDT,0.8237,112.0,0.8236,443.8,0.8238,236.3,0.8239,670.7
1753617302405,11:55:02.405,okx,ADA/USDT:USDT,0.8237,112.0,0.8236,443.8,0.8238,236.8,0.8239,670.7
1753617302505,11:55:02.505,okx,ADA/USDT:USDT,0.8237,112.2,0.8236,443.8,0.8238,236.8,0.8239,670.7
1753617302705,11:55:02.705,okx,ADA/USDT:USDT,0.8237,112.2,0.8236,443.8,0.8238,233.8,0.8239,670.7
1753617303205,11:55:03.205,okx,ADA/USDT:USDT,0.8237,72.4,0.8236,443.8,0.8238,283.8,0.8239,670.7
1753617303305,11:55:03.305,okx,ADA/USDT:USDT,0.8237,72.4,0.8236,431.6,0.8238,283.8,0.8239,670.7
1753617303505,11:55:03.505,okx,ADA/USDT:USDT,0.8237,5.6,0.8236,173.6,0.8238,344.8,0.8239,671.9
1753617303605,11:55:03.605,okx,ADA/USDT:USDT,0.8237,5.6,0.8236,153.6,0.8238,344.8,0.8239,673.1
1753617303705,11:55:03.705,okx,ADA/USDT:USDT,0.8237,5.6,0.8236,46.4,0.8238,345.5,0.8239,683.9
1753617304305,11:55:04.305,okx,ADA/USDT:USDT,0.8236,43.2,0.8235,232.9,0.8237,774.7,0.8238,391.2
1753617304405,11:55:04.405,okx,ADA/USDT:USDT,0.8236,43.2,0.8235,232.9,0.8237,775.3,0.8238,391.2
1753617304505,11:55:04.505,okx,ADA/USDT:USDT,0.8235,7.6,0.8234,173.4,0.8236,301.6,0.8237,939.0
1753617304605,11:55:04.605,okx,ADA/USDT:USDT,0.8235,4.7,0.8234,125.9,0.8236,406.3,0.8237,941.6
1753617304705,11:55:04.705,okx,ADA/USDT:USDT,0.8234,97.2,0.8233,119.0,0.8235,839.6,0.8236,925.8
1753617304905,11:55:04.905,okx,ADA/USDT:USDT,0.8234,90.6,0.8233,84.0,0.8235,900.3,0.8236,808.4
1753617305005,11:55:05.005,okx,ADA/USDT:USDT,0.8232,218.0,0.8231,175.0,0.8233,458.0,0.8234,1450.9
1753617305205,11:55:05.205,okx,ADA/USDT:USDT,0.8232,348.4,0.8231,396.2,0.8233,339.4,0.8234,1272.7
1753617305305,11:55:05.305,okx,ADA/USDT:USDT,0.8232,354.4,0.8231,398.8,0.8233,249.4,0.8234,1265.1
1753617305405,11:55:05.405,okx,ADA/USDT:USDT,0.8232,354.4,0.8231,398.8,0.8233,113.0,0.8234,1265.1
1753617305605,11:55:05.605,okx,ADA/USDT:USDT,0.8232,354.4,0.8231,398.8,0.8233,113.0,0.8234,1265.1
1753617305705,11:55:05.705,okx,ADA/USDT:USDT,0.8232,354.5,0.8231,398.8,0.8233,113.0,0.8234,1265.1
1753617305905,11:55:05.905,okx,ADA/USDT:USDT,0.8233,428.5,0.8232,539.6,0.8234,96.3,0.8235,608.3
1753617306105,11:55:06.105,okx,ADA/USDT:USDT,0.8233,452.4,0.8232,606.8,0.8234,23.2,0.8235,304.6
1753617306305,11:55:06.305,okx,ADA/USDT:USDT,0.8233,446.0,0.8232,605.5,0.8234,53.8,0.8235,682.4
1753617306505,11:55:06.505,okx,ADA/USDT:USDT,0.8233,457.7,0.8232,596.2,0.8234,121.1,0.8235,685.9
1753617306605,11:55:06.605,okx,ADA/USDT:USDT,0.8233,457.7,0.8232,602.0,0.8234,121.1,0.8235,682.4
1753617307005,11:55:07.005,okx,ADA/USDT:USDT,0.8233,273.9,0.8232,596.2,0.8234,213.2,0.8235,833.9
1753617307805,11:55:07.805,okx,ADA/USDT:USDT,0.8233,185.2,0.8232,459.6,0.8234,148.7,0.8235,831.6
1753617308105,11:55:08.105,okx,ADA/USDT:USDT,0.8233,185.2,0.8232,459.7,0.8234,126.9,0.8235,828.5
1753617308405,11:55:08.405,okx,ADA/USDT:USDT,0.8233,191.2,0.8232,454.5,0.8234,106.9,0.8235,831.6
1753617308505,11:55:08.505,okx,ADA/USDT:USDT,0.8233,191.2,0.8232,454.9,0.8234,106.9,0.8235,831.6
1753617308605,11:55:08.605,okx,ADA/USDT:USDT,0.8233,191.5,0.8232,454.9,0.8234,106.9,0.8235,831.6
1753617308705,11:55:08.705,okx,ADA/USDT:USDT,0.8233,228.5,0.8232,459.7,0.8234,106.9,0.8235,828.5
1753617308805,11:55:08.805,okx,ADA/USDT:USDT,0.8233,308.5,0.8232,459.7,0.8234,106.9,0.8235,544.8
1753617308905,11:55:08.905,okx,ADA/USDT:USDT,0.8233,308.5,0.8232,459.7,0.8234,106.9,0.8235,761.1
1753617309005,11:55:09.005,okx,ADA/USDT:USDT,0.8233,228.5,0.8232,460.1,0.8234,39.6,0.8235,828.5
1753617309405,11:55:09.405,okx,ADA/USDT:USDT,0.8233,250.5,0.8232,459.7,0.8234,107.9,0.8235,700.6
1753617309505,11:55:09.505,okx,ADA/USDT:USDT,0.8233,249.9,0.8232,451.4,0.8234,128.4,0.8235,700.6
1753617309605,11:55:09.605,okx,ADA/USDT:USDT,0.8233,249.9,0.8232,451.4,0.8234,128.4,0.8235,700.6
1753617309805,11:55:09.805,okx,ADA/USDT:USDT,0.8233,249.9,0.8232,457.8,0.8234,107.9,0.8235,700.6
1753617310005,11:55:10.005,okx,ADA/USDT:USDT,0.8233,259.6,0.8232,458.1,0.8234,36.0,0.8235,673.3
1753617310205,11:55:10.205,okx,ADA/USDT:USDT,0.8233,263.1,0.8232,458.1,0.8234,36.0,0.8235,673.3
1753617310505,11:55:10.505,okx,ADA/USDT:USDT,0.8233,263.1,0.8232,461.2,0.8234,17.5,0.8235,673.3
1753617310705,11:55:10.705,okx,ADA/USDT:USDT,0.8233,265.5,0.8232,461.2,0.8234,17.5,0.8235,653.3
1753617310905,11:55:10.905,okx,ADA/USDT:USDT,0.8233,257.2,0.8232,460.9,0.8234,103.2,0.8235,653.3
1753617311105,11:55:11.105,okx,ADA/USDT:USDT,0.8233,259.1,0.8232,468.4,0.8234,17.5,0.8235,312.5
1753617311305,11:55:11.305,okx,ADA/USDT:USDT,0.8234,376.4,0.8233,606.3,0.8235,173.4,0.8236,736.9
1753617311605,11:55:11.605,okx,ADA/USDT:USDT,0.8234,184.9,0.8233,580.1,0.8235,200.1,0.8236,737.2
1753617311705,11:55:11.705,okx,ADA/USDT:USDT,0.8234,117.6,0.8233,580.1,0.8235,200.4,0.8236,737.2
1753617312205,11:55:12.205,okx,ADA/USDT:USDT,0.8234,97.5,0.8233,579.0,0.8235,200.1,0.8236,736.9
1753617312305,11:55:12.305,okx,ADA/USDT:USDT,0.8234,164.8,0.8233,579.0,0.8235,208.4,0.8236,736.9
1753617312705,11:55:12.705,okx,ADA/USDT:USDT,0.8234,164.8,0.8233,579.0,0.8235,229.9,0.8236,736.9
1753617312905,11:55:12.905,okx,ADA/USDT:USDT,0.8234,164.8,0.8233,579.0,0.8235,225.0,0.8236,736.9
1753617313005,11:55:13.005,okx,ADA/USDT:USDT,0.8234,62.9,0.8233,349.3,0.8235,229.9,0.8236,773.8
1753617313105,11:55:13.105,okx,ADA/USDT:USDT,0.8234,42.5,0.8233,349.3,0.8235,232.0,0.8236,773.8
1753617313205,11:55:13.205,okx,ADA/USDT:USDT,0.8234,53.8,0.8233,348.9,0.8235,231.8,0.8236,773.8
1753617313505,11:55:13.505,okx,ADA/USDT:USDT,0.8234,51.1,0.8233,569.2,0.8235,232.7,0.8236,777.1
1753617314005,11:55:14.005,okx,ADA/USDT:USDT,0.8234,11.4,0.8233,223.2,0.8235,295.0,0.8236,778.6
1753617314605,11:55:14.605,okx,ADA/USDT:USDT,0.8234,11.2,0.8233,223.3,0.8235,416.9,0.8236,1120.2
1753617314705,11:55:14.705,okx,ADA/USDT:USDT,0.8234,11.2,0.8233,223.3,0.8235,416.9,0.8236,1120.2
1753617314805,11:55:14.805,okx,ADA/USDT:USDT,0.8234,11.2,0.8233,223.3,0.8235,420.1,0.8236,1120.2
1753617314905,11:55:14.905,okx,ADA/USDT:USDT,0.8234,11.2,0.8233,223.3,0.8235,420.1,0.8236,1120.2
1753617315005,11:55:15.005,okx,ADA/USDT:USDT,0.8234,11.2,0.8233,223.3,0.8235,420.1,0.8236,1120.2
1753617315305,11:55:15.305,okx,ADA/USDT:USDT,0.8234,14.8,0.8233,238.5,0.8235,418.6,0.8236,1121.4
1753617315505,11:55:15.505,okx,ADA/USDT:USDT,0.8234,14.8,0.8233,223.2,0.8235,421.1,0.8236,1141.9
1753617315905,11:55:15.905,okx,ADA/USDT:USDT,0.8234,14.8,0.8233,223.2,0.8235,416.7,0.8236,1141.9
1753617316005,11:55:16.005,okx,ADA/USDT:USDT,0.8234,14.8,0.8233,223.2,0.8235,416.7,0.8236,1142.0
1753617316205,11:55:16.205,okx,ADA/USDT:USDT,0.8234,14.8,0.8233,223.3,0.8235,416.7,0.8236,1142.0
1753617316405,11:55:16.405,okx,ADA/USDT:USDT,0.8232,250.6,0.8231,450.2,0.8233,43.5,0.8234,1141.6
1753617316505,11:55:16.505,okx,ADA/USDT:USDT,0.8232,250.5,0.8231,444.9,0.8233,43.6,0.8234,1141.6
1753617316605,11:55:16.605,okx,ADA/USDT:USDT,0.8232,256.5,0.8231,444.8,0.8233,95.7,0.8234,1078.4
1753617316705,11:55:16.705,okx,ADA/USDT:USDT,0.8232,145.0,0.8231,444.8,0.8233,292.6,0.8234,1079.8
1753617316805,11:55:16.805,okx,ADA/USDT:USDT,0.8232,145.0,0.8231,444.8,0.8233,227.8,0.8234,1079.8
1753617317005,11:55:17.005,okx,ADA/USDT:USDT,0.8232,206.8,0.8231,450.2,0.8233,135.1,0.8234,1079.5
1753617317105,11:55:17.105,okx,ADA/USDT:USDT,0.8232,206.8,0.8231,444.9,0.8233,135.1,0.8234,1079.5
1753617317205,11:55:17.205,okx,ADA/USDT:USDT,0.8232,206.8,0.8231,399.8,0.8233,135.1,0.8234,1079.5
1753617317405,11:55:17.405,okx,ADA/USDT:USDT,0.8232,139.5,0.8231,399.8,0.8233,158.2,0.8234,1078.5
1753617317605,11:55:17.605,okx,ADA/USDT:USDT,0.8232,139.5,0.8231,399.8,0.8233,162.7,0.8234,1078.8
1753617317705,11:55:17.705,okx,ADA/USDT:USDT,0.8232,119.5,0.8231,399.8,0.8233,252.7,0.8234,1078.8
1753617318405,11:55:18.405,okx,ADA/USDT:USDT,0.8232,205.8,0.8231,402.6,0.8233,76.1,0.8234,1078.5
1753617318505,11:55:18.505,okx,ADA/USDT:USDT,0.8232,205.8,0.8231,402.6,0.8233,76.1,0.8234,1078.5
1753617318605,11:55:18.605,okx,ADA/USDT:USDT,0.8232,205.8,0.8231,402.6,0.8233,79.5,0.8234,1078.8
1753617319005,11:55:19.005,okx,ADA/USDT:USDT,0.8231,121.4,0.823,219.4,0.8232,690.9,0.8233,796.6
1753617319205,11:55:19.205,okx,ADA/USDT:USDT,0.8231,0.1,0.823,164.7,0.8232,691.3,0.8233,796.6
1753617319405,11:55:19.405,okx,ADA/USDT:USDT,0.8231,69.8,0.823,284.0,0.8232,691.5,0.8233,796.6
1753617319705,11:55:19.705,okx,ADA/USDT:USDT,0.8231,48.9,0.823,283.9,0.8232,695.3,0.8233,792.7
1753617319805,11:55:19.805,okx,ADA/USDT:USDT,0.8231,48.9,0.823,283.9,0.8232,695.3,0.8233,792.7
1753617319905,11:55:19.905,okx,ADA/USDT:USDT,0.8231,0.6,0.823,132.5,0.8232,799.5,0.8233,802.2
1753617320005,11:55:20.005,okx,ADA/USDT:USDT,0.823,51.1,0.8229,183.0,0.8231,722.4,0.8232,986.6
1753617320105,11:55:20.105,okx,ADA/USDT:USDT,0.8229,163.1,0.8228,285.5,0.823,732.4,0.8231,1042.0
1753617320205,11:55:20.205,okx,ADA/USDT:USDT,0.8229,151.5,0.8228,446.0,0.823,501.2,0.8231,926.0
1753617320305,11:55:20.305,okx,ADA/USDT:USDT,0.8229,137.3,0.8228,400.5,0.823,525.3,0.8231,889.5
1753617320405,11:55:20.405,okx,ADA/USDT:USDT,0.8229,73.2,0.8228,400.5,0.823,525.3,0.8231,889.5
1753617320505,11:55:20.505,okx,ADA/USDT:USDT,0.8229,86.9,0.8228,351.0,0.823,538.0,0.8231,889.5
1753617320605,11:55:20.605,okx,ADA/USDT:USDT,0.8229,86.0,0.8228,351.0,0.823,538.0,0.8231,889.5
1753617320705,11:55:20.705,okx,ADA/USDT:USDT,0.8229,53.5,0.8228,61.5,0.823,755.7,0.8231,893.4
1753617321005,11:55:21.005,okx,ADA/USDT:USDT,0.8229,53.5,0.8228,83.2,0.823,705.4,0.8231,893.4
1753617321105,11:55:21.105,okx,ADA/USDT:USDT,0.8229,58.1,0.8228,150.6,0.823,645.5,0.8231,893.4
1753617321305,11:55:21.305,okx,ADA/USDT:USDT,0.8229,58.1,0.8228,275.7,0.823,582.6,0.8231,893.4
1753617321405,11:55:21.405,okx,ADA/USDT:USDT,0.8229,58.2,0.8228,275.7,0.823,582.6,0.8231,893.4
1753617321705,11:55:21.705,okx,ADA/USDT:USDT,0.8229,371.3,0.8228,355.9,0.823,328.2,0.8231,924.2
1753617321805,11:55:21.805,okx,ADA/USDT:USDT,0.8229,335.0,0.8228,355.8,0.823,333.9,0.8231,924.1
1753617321905,11:55:21.905,okx,ADA/USDT:USDT,0.8229,145.6,0.8228,355.8,0.823,333.9,0.8231,924.1
1753617322005,11:55:22.005,okx,ADA/USDT:USDT,0.8229,147.3,0.8228,355.8,0.823,328.0,0.8231,924.7
1753617322605,11:55:22.605,okx,ADA/USDT:USDT,0.8229,3.0,0.8228,298.3,0.823,522.1,0.8231,1126.3
1753617322805,11:55:22.805,okx,ADA/USDT:USDT,0.8229,139.8,0.8228,363.9,0.823,329.8,0.8231,1119.9
1753617322905,11:55:22.905,okx,ADA/USDT:USDT,0.8229,51.4,0.8228,363.9,0.823,341.4,0.8231,1120.2
1753617323105,11:55:23.105,okx,ADA/USDT:USDT,0.8229,51.4,0.8228,360.8,0.823,334.0,0.8231,1120.2
1753617323305,11:55:23.305,okx,ADA/USDT:USDT,0.8229,268.0,0.8228,372.1,0.823,327.9,0.8231,1112.8
1753617323405,11:55:23.405,okx,ADA/USDT:USDT,0.8229,268.0,0.8228,360.8,0.823,341.6,0.8231,1119.9
1753617323505,11:55:23.505,okx,ADA/USDT:USDT,0.8229,136.7,0.8228,360.8,0.823,343.7,0.8231,1120.2
1753617323605,11:55:23.605,okx,ADA/USDT:USDT,0.8229,135.0,0.8228,360.8,0.823,343.7,0.8231,1120.2
1753617323705,11:55:23.705,okx,ADA/USDT:USDT,0.8229,327.6,0.8228,372.1,0.823,167.0,0.8231,617.8
1753617323805,11:55:23.805,okx,ADA/USDT:USDT,0.8229,327.6,0.8228,372.1,0.823,104.3,0.8231,613.9
1753617324005,11:55:24.005,okx,ADA/USDT:USDT,0.8229,322.3,0.8228,372.0,0.823,103.3,0.8231,944.5
1753617324205,11:55:24.205,okx,ADA/USDT:USDT,0.8229,329.2,0.8228,372.0,0.823,103.3,0.8231,937.6
1753617324305,11:55:24.305,okx,ADA/USDT:USDT,0.823,438.5,0.8229,581.8,0.8231,36.8,0.8232,467.8
1753617324405,11:55:24.405,okx,ADA/USDT:USDT,0.8231,552.9,0.823,732.5,0.8232,52.7,0.8233,389.3
1753617325205,11:55:25.205,okx,ADA/USDT:USDT,0.8232,398.5,0.8231,721.9,0.8233,226.9,0.8234,760.5
1753617325305,11:55:25.305,okx,ADA/USDT:USDT,0.8232,4.1,0.8231,212.1,0.8233,321.2,0.8234,998.0
1753617325405,11:55:25.405,okx,ADA/USDT:USDT,0.8232,4.1,0.8231,266.6,0.8233,321.2,0.8234,999.1
1753617325705,11:55:25.705,okx,ADA/USDT:USDT,0.823,246.4,0.8229,598.1,0.8231,220.2,0.8232,1212.6
1753617325905,11:55:25.905,okx,ADA/USDT:USDT,0.823,95.1,0.8229,361.2,0.8231,343.2,0.8232,1166.7
1753617327005,11:55:27.005,okx,ADA/USDT:USDT,0.8229,109.9,0.8228,380.9,0.823,273.1,0.8231,919.5
1753617327205,11:55:27.205,okx,ADA/USDT:USDT,0.8229,131.4,0.8228,426.4,0.823,135.9,0.8231,925.9
1753617327605,11:55:27.605,okx,ADA/USDT:USDT,0.8229,225.4,0.8228,426.4,0.823,120.9,0.8231,925.8
1753617327705,11:55:27.705,okx,ADA/USDT:USDT,0.8229,131.4,0.8228,426.4,0.823,188.1,0.8231,925.8
1753617327805,11:55:27.805,okx,ADA/USDT:USDT,0.8229,131.4,0.8228,426.4,0.823,188.0,0.8231,925.8
1753617328005,11:55:28.005,okx,ADA/USDT:USDT,0.8229,34.3,0.8228,193.3,0.823,365.9,0.8231,930.4
1753617328205,11:55:28.205,okx,ADA/USDT:USDT,0.8229,132.1,0.8228,440.6,0.823,293.8,0.8231,930.1
1753617328305,11:55:28.305,okx,ADA/USDT:USDT,0.8229,132.1,0.8228,440.6,0.823,200.5,0.8231,930.2
1753617328405,11:55:28.405,okx,ADA/USDT:USDT,0.8229,131.4,0.8228,440.6,0.823,207.2,0.8231,930.9
1753617329005,11:55:29.005,okx,ADA/USDT:USDT,0.8229,131.4,0.8228,447.3,0.823,200.4,0.8231,930.2
1753617329505,11:55:29.505,okx,ADA/USDT:USDT,0.8229,131.4,0.8228,440.6,0.823,207.1,0.8231,930.5
1753617329605,11:55:29.605,okx,ADA/USDT:USDT,0.8229,131.4,0.8228,440.6,0.823,207.7,0.8231,930.5
1753617330005,11:55:30.005,okx,ADA/USDT:USDT,0.8229,3.8,0.8228,207.3,0.823,229.3,0.8231,889.0
1753617330105,11:55:30.105,okx,ADA/USDT:USDT,0.8229,171.8,0.8228,263.5,0.823,157.4,0.8231,888.7
1753617330205,11:55:30.205,okx,ADA/USDT:USDT,0.8229,171.8,0.8228,411.3,0.823,157.4,0.8231,888.7
1753617330305,11:55:30.305,okx,ADA/USDT:USDT,0.8229,171.9,0.8228,407.3,0.823,159.3,0.8231,888.4
1753617330405,11:55:30.405,okx,ADA/USDT:USDT,0.8229,171.9,0.8228,400.6,0.823,165.8,0.8231,926.4
1753617330505,11:55:30.505,okx,ADA/USDT:USDT,0.8229,76.5,0.8228,400.6,0.823,165.8,0.8231,926.4
1753617330605,11:55:30.605,okx,ADA/USDT:USDT,0.8229,3.9,0.8228,207.3,0.823,354.2,0.8231,926.4
1753617330805,11:55:30.805,okx,ADA/USDT:USDT,0.8229,3.9,0.8228,207.3,0.823,354.2,0.8231,940.8
1753617331005,11:55:31.005,okx,ADA/USDT:USDT,0.8228,58.6,0.8227,341.6,0.8229,861.8,0.823,759.9
1753617331505,11:55:31.505,okx,ADA/USDT:USDT,0.8227,139.5,0.8226,248.6,0.8228,790.5,0.8229,984.1
1753617331805,11:55:31.805,okx,ADA/USDT:USDT,0.8227,305.9,0.8226,432.0,0.8228,81.2,0.8229,891.8
1753617331905,11:55:31.905,okx,ADA/USDT:USDT,0.8227,327.9,0.8226,465.4,0.8228,33.0,0.8229,245.2
1753617332005,11:55:32.005,okx,ADA/USDT:USDT,0.8227,327.9,0.8226,465.4,0.8228,33.3,0.8229,381.6
1753617332205,11:55:32.205,okx,ADA/USDT:USDT,0.8227,336.1,0.8226,467.8,0.8228,31.7,0.8229,338.6
1753617332705,11:55:32.705,okx,ADA/USDT:USDT,0.8228,545.4,0.8227,375.6,0.8229,38.5,0.823,625.9
1753617332805,11:55:32.805,okx,ADA/USDT:USDT,0.8228,541.6,0.8227,369.6,0.8229,41.6,0.823,625.9
1753617332905,11:55:32.905,okx,ADA/USDT:USDT,0.8228,532.3,0.8227,369.6,0.8229,41.6,0.823,636.0
1753617333105,11:55:33.105,okx,ADA/USDT:USDT,0.8228,302.4,0.8227,355.4,0.8229,196.3,0.823,672.9
1753617333305,11:55:33.305,okx,ADA/USDT:USDT,0.8228,45.3,0.8227,332.8,0.8229,284.2,0.823,709.5
1753617333505,11:55:33.505,okx,ADA/USDT:USDT,0.8228,124.9,0.8227,332.4,0.8229,225.1,0.823,709.5
1753617333705,11:55:33.705,okx,ADA/USDT:USDT,0.8228,165.6,0.8227,342.5,0.8229,180.4,0.823,709.2
1753617333805,11:55:33.805,okx,ADA/USDT:USDT,0.8228,165.6,0.8227,342.5,0.8229,180.4,0.823,709.2
1753617333905,11:55:33.905,okx,ADA/USDT:USDT,0.8228,185.6,0.8227,342.5,0.8229,180.4,0.823,709.2
1753617334005,11:55:34.005,okx,ADA/USDT:USDT,0.8228,185.6,0.8227,342.5,0.8229,180.4,0.823,709.2
1753617334105,11:55:34.105,okx,ADA/USDT:USDT,0.8228,200.2,0.8227,342.9,0.8229,161.0,0.823,699.1
1753617334505,11:55:34.505,okx,ADA/USDT:USDT,0.8228,167.5,0.8227,332.4,0.8229,256.4,0.823,709.7
1753617334605,11:55:34.605,okx,ADA/USDT:USDT,0.8228,167.5,0.8227,339.1,0.8229,166.7,0.823,709.7
1753617334705,11:55:34.705,okx,ADA/USDT:USDT,0.8228,16.1,0.8227,332.8,0.8229,287.2,0.823,709.7
1753617334905,11:55:34.905,okx,ADA/USDT:USDT,0.8228,104.1,0.8227,359.1,0.8229,216.2,0.823,709.7
1753617335005,11:55:35.005,okx,ADA/USDT:USDT,0.8228,104.1,0.8227,359.1,0.8229,216.2,0.823,709.7
1753617335105,11:55:35.105,okx,ADA/USDT:USDT,0.8228,108.0,0.8227,359.1,0.8229,214.1,0.823,709.7
1753617335205,11:55:35.205,okx,ADA/USDT:USDT,0.8228,323.3,0.8227,375.5,0.8229,122.6,0.823,699.3
1753617335405,11:55:35.405,okx,ADA/USDT:USDT,0.8228,318.8,0.8227,378.9,0.8229,43.6,0.823,248.0
1753617335505,11:55:35.505,okx,ADA/USDT:USDT,0.8228,380.2,0.8227,382.7,0.8229,43.6,0.823,248.0
1753617335705,11:55:35.705,okx,ADA/USDT:USDT,0.8228,259.2,0.8227,368.5,0.8229,170.9,0.823,293.6
1753617335805,11:55:35.805,okx,ADA/USDT:USDT,0.8228,259.2,0.8227,368.9,0.8229,220.5,0.823,293.6
1753617335905,11:55:35.905,okx,ADA/USDT:USDT,0.8228,259.3,0.8227,375.0,0.8229,43.6,0.823,293.3
1753617336005,11:55:36.005,okx,ADA/USDT:USDT,0.8228,259.2,0.8227,368.9,0.8229,117.7,0.823,293.6
1753617336105,11:55:36.105,okx,ADA/USDT:USDT,0.8228,265.3,0.8227,375.0,0.8229,111.6,0.823,293.4
1753617336205,11:55:36.205,okx,ADA/USDT:USDT,0.8228,265.3,0.8227,375.0,0.8229,111.6,0.823,287.1
1753617336705,11:55:36.705,okx,ADA/USDT:USDT,0.8228,258.5,0.8227,374.5,0.8229,111.6,0.823,293.2
1753617337005,11:55:37.005,okx,ADA/USDT:USDT,0.8228,258.5,0.8227,374.9,0.8229,111.6,0.823,669.2
1753617337205,11:55:37.205,okx,ADA/USDT:USDT,0.8228,103.2,0.8227,368.3,0.8229,415.6,0.823,705.8
1753617337405,11:55:37.405,okx,ADA/USDT:USDT,0.8228,72.6,0.8227,367.9,0.8229,416.2,0.823,705.8
1753617337505,11:55:37.505,okx,ADA/USDT:USDT,0.8228,72.6,0.8227,367.9,0.8229,416.2,0.823,705.3
1753617337705,11:55:37.705,okx,ADA/USDT:USDT,0.8228,125.6,0.8227,374.3,0.8229,349.0,0.823,705.0
1753617337805,11:55:37.805,okx,ADA/USDT:USDT,0.8228,125.6,0.8227,374.3,0.8229,345.4,0.823,705.0
1753617338305,11:55:38.305,okx,ADA/USDT:USDT,0.8228,233.3,0.8227,374.6,0.8229,48.4,0.823,445.1
1753617338605,11:55:38.605,okx,ADA/USDT:USDT,0.8228,226.8,0.8227,373.7,0.8229,116.8,0.823,661.6
1753617338705,11:55:38.705,okx,ADA/USDT:USDT,0.8228,167.0,0.8227,367.9,0.8229,199.2,0.823,661.9
1753617338805,11:55:38.805,okx,ADA/USDT:USDT,0.8228,147.0,0.8227,368.3,0.8229,212.6,0.823,661.9
1753617338905,11:55:38.905,okx,ADA/USDT:USDT,0.8228,147.0,0.8227,368.3,0.8229,212.6,0.823,661.9
1753617339005,11:55:39.005,okx,ADA/USDT:USDT,0.8228,147.0,0.8227,368.3,0.8229,212.6,0.823,698.5
1753617339105,11:55:39.105,okx,ADA/USDT:USDT,0.8228,147.0,0.8227,374.1,0.8229,208.8,0.823,698.5
1753617339205,11:55:39.205,okx,ADA/USDT:USDT,0.8228,147.0,0.8227,368.3,0.8229,211.1,0.823,698.5
1753617339405,11:55:39.405,okx,ADA/USDT:USDT,0.8228,187.0,0.8227,374.0,0.8229,198.2,0.823,698.2
1753617339505,11:55:39.505,okx,ADA/USDT:USDT,0.8228,187.0,0.8227,374.0,0.8229,198.2,0.823,698.2
1753617340005,11:55:40.005,okx,ADA/USDT:USDT,0.8228,183.9,0.8227,373.6,0.8229,171.1,0.823,697.6
1753617340105,11:55:40.105,okx,ADA/USDT:USDT,0.8228,189.4,0.8227,373.6,0.8229,171.1,0.823,697.6
1753617340205,11:55:40.205,okx,ADA/USDT:USDT,0.8228,192.0,0.8227,373.9,0.8229,137.5,0.823,696.9
1753617340305,11:55:40.305,okx,ADA/USDT:USDT,0.8228,192.6,0.8227,373.9,0.8229,137.5,0.823,696.9
1753617340405,11:55:40.405,okx,ADA/USDT:USDT,0.8228,128.9,0.8227,367.9,0.8229,188.4,0.823,697.2
1753617340805,11:55:40.805,okx,ADA/USDT:USDT,0.8228,187.7,0.8227,367.9,0.8229,185.1,0.823,697.6
1753617341005,11:55:41.005,okx,ADA/USDT:USDT,0.8228,196.5,0.8227,367.9,0.8229,118.5,0.823,696.9
1753617341105,11:55:41.105,okx,ADA/USDT:USDT,0.8228,193.2,0.8227,367.9,0.8229,139.7,0.823,696.9
1753617341205,11:55:41.205,okx,ADA/USDT:USDT,0.8228,187.7,0.8227,373.4,0.8229,140.2,0.823,696.9
1753617341305,11:55:41.305,okx,ADA/USDT:USDT,0.8228,187.7,0.8227,367.9,0.8229,140.5,0.823,697.2
1753617341505,11:55:41.505,okx,ADA/USDT:USDT,0.8228,187.7,0.8227,367.9,0.8229,140.5,0.823,697.2
1753617341705,11:55:41.705,okx,ADA/USDT:USDT,0.8228,59.9,0.8227,351.8,0.8229,427.1,0.823,697.2
1753617341805,11:55:41.805,okx,ADA/USDT:USDT,0.8228,59.4,0.8227,281.1,0.8229,430.7,0.823,698.7
1753617341905,11:55:41.905,okx,ADA/USDT:USDT,0.8228,59.4,0.8227,281.1,0.8229,443.1,0.823,698.7
1753617342005,11:55:42.005,okx,ADA/USDT:USDT,0.8228,59.4,0.8227,261.1,0.8229,443.8,0.823,698.7
1753617342105,11:55:42.105,okx,ADA/USDT:USDT,0.8228,59.4,0.8227,261.1,0.8229,443.8,0.823,698.7
1753617342205,11:55:42.205,okx,ADA/USDT:USDT,0.8228,64.0,0.8227,261.1,0.8229,443.8,0.823,698.7
1753617342405,11:55:42.405,okx,ADA/USDT:USDT,0.8228,59.4,0.8227,261.1,0.8229,448.0,0.823,702.5
1753617342805,11:55:42.805,okx,ADA/USDT:USDT,0.8227,233.9,0.8226,377.9,0.8228,619.2,0.8229,881.3
1753617342905,11:55:42.905,okx,ADA/USDT:USDT,0.8227,233.9,0.8226,377.9,0.8228,618.0,0.8229,878.9
1753617343005,11:55:43.005,okx,ADA/USDT:USDT,0.8227,109.4,0.8226,334.4,0.8228,489.5,0.8229,878.9
1753617343105,11:55:43.105,okx,ADA/USDT:USDT,0.8227,166.1,0.8226,402.6,0.8228,461.5,0.8229,878.9
1753617343205,11:55:43.205,okx,ADA/USDT:USDT,0.8227,133.4,0.8226,402.6,0.8228,470.8,0.8229,870.0
1753617343305,11:55:43.305,okx,ADA/USDT:USDT,0.8227,153.4,0.8226,397.1,0.8228,477.9,0.8229,870.3
1753617343405,11:55:43.405,okx,ADA/USDT:USDT,0.8227,173.4,0.8226,402.6,0.8228,473.0,0.8229,870.0
1753617343705,11:55:43.705,okx,ADA/USDT:USDT,0.8227,132.8,0.8226,249.3,0.8228,484.0,0.8229,869.1
1753617343805,11:55:43.805,okx,ADA/USDT:USDT,0.8227,64.4,0.8226,203.8,0.8228,484.0,0.8229,869.1
1753617344105,11:55:44.105,okx,ADA/USDT:USDT,0.8227,55.0,0.8226,203.8,0.8228,484.0,0.8229,869.5
1753617344205,11:55:44.205,okx,ADA/USDT:USDT,0.8227,2.5,0.8226,203.8,0.8228,545.4,0.8229,870.7
1753617344505,11:55:44.505,okx,ADA/USDT:USDT,0.8227,89.7,0.8226,274.9,0.8228,484.5,0.8229,868.5
1753617344705,11:55:44.705,okx,ADA/USDT:USDT,0.8227,157.0,0.8226,274.9,0.8228,481.3,0.8229,868.5
1753617344805,11:55:44.805,okx,ADA/USDT:USDT,0.8227,382.0,0.8226,376.8,0.8228,60.4,0.8229,167.4
1753617344905,11:55:44.905,okx,ADA/USDT:USDT,0.8227,393.4,0.8226,376.8,0.8228,47.0,0.8229,131.5
1753617345605,11:55:45.605,okx,ADA/USDT:USDT,0.8227,237.2,0.8226,379.7,0.8228,71.1,0.8229,690.5
1753617345705,11:55:45.705,okx,ADA/USDT:USDT,0.8227,236.7,0.8226,374.4,0.8228,71.1,0.8229,690.5
1753617345805,11:55:45.805,okx,ADA/USDT:USDT,0.8227,236.7,0.8226,374.4,0.8228,71.1,0.8229,690.8
1753617345905,11:55:45.905,okx,ADA/USDT:USDT,0.8227,236.8,0.8226,380.0,0.8228,71.1,0.8229,690.5
1753617346105,11:55:46.105,okx,ADA/USDT:USDT,0.8227,196.7,0.8226,303.0,0.8228,279.6,0.8229,693.9
1753617346405,11:55:46.405,okx,ADA/USDT:USDT,0.8227,215.8,0.8226,376.4,0.8228,117.6,0.8229,689.8
1753617346505,11:55:46.505,okx,ADA/USDT:USDT,0.8227,253.8,0.8226,376.7,0.8228,51.9,0.8229,366.2
1753617346605,11:55:46.605,okx,ADA/USDT:USDT,0.8227,255.6,0.8226,376.7,0.8228,20.4,0.8229,275.2
1753617346705,11:55:46.705,okx,ADA/USDT:USDT,0.8228,661.3,0.8227,301.1,0.8229,40.6,0.823,282.1
1753617346805,11:55:46.805,okx,ADA/USDT:USDT,0.8228,661.3,0.8227,301.1,0.8229,40.0,0.823,282.1
1753617346905,11:55:46.905,okx,ADA/USDT:USDT,0.8228,433.1,0.8227,290.0,0.8229,261.6,0.823,543.8
1753617347005,11:55:47.005,okx,ADA/USDT:USDT,0.8228,82.2,0.8227,290.0,0.8229,347.9,0.823,724.5
1753617347105,11:55:47.105,okx,ADA/USDT:USDT,0.8228,4.2,0.8227,242.3,0.8229,396.1,0.823,725.6
1753617347205,11:55:47.205,okx,ADA/USDT:USDT,0.8228,126.9,0.8227,247.7,0.8229,331.7,0.823,728.8
1753617347305,11:55:47.305,okx,ADA/USDT:USDT,0.8228,288.2,0.8227,305.2,0.8229,45.2,0.823,687.6
1753617347405,11:55:47.405,okx,ADA/USDT:USDT,0.8228,411.4,0.8227,353.0,0.8229,4.5,0.823,109.2
1753617347505,11:55:47.505,okx,ADA/USDT:USDT,0.8229,478.4,0.8228,678.6,0.823,108.5,0.8231,952.8
1753617347905,11:55:47.905,okx,ADA/USDT:USDT,0.8231,227.4,0.823,575.5,0.8232,328.9,0.8233,1048.9
1753617348005,11:55:48.005,okx,ADA/USDT:USDT,0.8231,249.5,0.823,575.3,0.8232,349.5,0.8233,946.9
1753617348205,11:55:48.205,okx,ADA/USDT:USDT,0.8231,112.4,0.823,472.2,0.8232,412.8,0.8233,951.0
1753617348305,11:55:48.305,okx,ADA/USDT:USDT,0.8231,61.1,0.823,472.2,0.8232,437.2,0.8233,955.8
1753617348605,11:55:48.605,okx,ADA/USDT:USDT,0.8231,121.4,0.823,480.0,0.8232,378.5,0.8233,952.9
1753617348705,11:55:48.705,okx,ADA/USDT:USDT,0.8231,121.4,0.823,480.0,0.8232,378.5,0.8233,952.9
1753617349005,11:55:49.005,okx,ADA/USDT:USDT,0.8231,166.6,0.823,480.0,0.8232,378.5,0.8233,885.3
1753617349505,11:55:49.505,okx,ADA/USDT:USDT,0.8231,190.4,0.823,492.4,0.8232,381.9,0.8233,882.9
1753617349605,11:55:49.605,okx,ADA/USDT:USDT,0.8231,185.5,0.823,492.1,0.8232,383.8,0.8233,885.8
1753617349805,11:55:49.805,okx,ADA/USDT:USDT,0.8231,185.8,0.823,492.1,0.8232,383.7,0.8233,885.8
1753617350005,11:55:50.005,okx,ADA/USDT:USDT,0.8231,145.8,0.823,446.6,0.8232,383.8,0.8233,885.8
1753617350305,11:55:50.305,okx,ADA/USDT:USDT,0.8231,125.5,0.823,472.3,0.8232,387.7,0.8233,886.1
1753617350605,11:55:50.605,okx,ADA/USDT:USDT,0.8231,4.5,0.823,108.9,0.8232,451.9,0.8233,917.3
1753617350705,11:55:50.705,okx,ADA/USDT:USDT,0.8231,4.5,0.823,172.9,0.8232,451.9,0.8233,948.6
1753617350905,11:55:50.905,okx,ADA/USDT:USDT,0.823,131.2,0.8229,467.2,0.8231,968.7,0.8232,1023.8
1753617351105,11:55:51.105,okx,ADA/USDT:USDT,0.823,159.3,0.8229,467.2,0.8231,908.0,0.8232,1023.8
1753617351405,11:55:51.405,okx,ADA/USDT:USDT,0.823,159.3,0.8229,467.3,0.8231,913.4,0.8232,1018.6
1753617351605,11:55:51.605,okx,ADA/USDT:USDT,0.823,83.9,0.8229,319.5,0.8231,974.1,0.8232,1018.6
1753617351905,11:55:51.905,okx,ADA/USDT:USDT,0.8229,192.5,0.8228,642.1,0.823,255.7,0.8231,1248.0
