timestamp,time,exchange,symbol,bid1_price,bid1_volume,bid2_price,bid2_volume,ask1_price,ask1_volume,ask2_price,ask2_volume
1753617155198,11:52:35.198,bitget,ACT/USDT:USDT,0.04606,2776.0,0.04605,52829.0,0.04607,10000.0,0.04608,57367.0
1753617155348,11:52:35.348,bitget,ACT/USDT:USDT,0.04606,2776.0,0.04605,52829.0,0.04607,10000.0,0.04608,57367.0
1753617155498,11:52:35.498,bitget,ACT/USDT:USDT,0.04606,2776.0,0.04605,52829.0,0.04607,10000.0,0.04608,57367.0
1753617155648,11:52:35.648,bitget,ACT/USDT:USDT,0.04606,2776.0,0.04605,52829.0,0.04607,10000.0,0.04608,57367.0
1753617155798,11:52:35.798,bitget,ACT/USDT:USDT,0.04606,2776.0,0.04605,52829.0,0.04607,10000.0,0.04608,57367.0
1753617155949,11:52:35.949,bitget,ACT/USDT:USDT,0.04606,2776.0,0.04605,52829.0,0.04607,10000.0,0.04608,57367.0
1753617156399,11:52:36.399,bitget,ACT/USDT:USDT,0.04606,2776.0,0.04605,52829.0,0.04607,10000.0,0.04608,57367.0
1753617156549,11:52:36.549,bitget,ACT/USDT:USDT,0.04606,2776.0,0.04605,52829.0,0.04607,10000.0,0.04608,57367.0
1753617156699,11:52:36.699,bitget,ACT/USDT:USDT,0.04606,2776.0,0.04605,52829.0,0.04607,10000.0,0.04608,57367.0
1753617156849,11:52:36.849,bitget,ACT/USDT:USDT,0.04606,2776.0,0.04605,52829.0,0.04607,10000.0,0.04608,57367.0
1753617156999,11:52:36.999,bitget,ACT/USDT:USDT,0.04606,2776.0,0.04605,52829.0,0.04607,10000.0,0.04608,57367.0
1753617157149,11:52:37.149,bitget,ACT/USDT:USDT,0.04606,2776.0,0.04605,52829.0,0.04607,10000.0,0.04608,57367.0
1753617157299,11:52:37.299,bitget,ACT/USDT:USDT,0.04606,2776.0,0.04605,52829.0,0.04607,10000.0,0.04608,57367.0
1753617157750,11:52:37.750,bitget,ACT/USDT:USDT,0.04606,2776.0,0.04605,52829.0,0.04607,10000.0,0.04608,57367.0
1753617157900,11:52:37.900,bitget,ACT/USDT:USDT,0.04606,2776.0,0.04605,52829.0,0.04607,10000.0,0.04608,57367.0
1753617158050,11:52:38.050,bitget,ACT/USDT:USDT,0.04606,2776.0,0.04605,52829.0,0.04607,10000.0,0.04608,57367.0
1753617158200,11:52:38.200,bitget,ACT/USDT:USDT,0.04606,2776.0,0.04605,52829.0,0.04607,10000.0,0.04608,57367.0
1753617158500,11:52:38.500,bitget,ACT/USDT:USDT,0.04606,2776.0,0.04605,52829.0,0.04607,10000.0,0.04608,57367.0
1753617158650,11:52:38.650,bitget,ACT/USDT:USDT,0.04606,2776.0,0.04605,52829.0,0.04607,10000.0,0.04608,57367.0
1753617158800,11:52:38.800,bitget,ACT/USDT:USDT,0.04606,2776.0,0.04605,52829.0,0.04607,10000.0,0.04608,57367.0
1753617158950,11:52:38.950,bitget,ACT/USDT:USDT,0.04606,2776.0,0.04605,52829.0,0.04607,10000.0,0.04608,57367.0
1753617159101,11:52:39.101,bitget,ACT/USDT:USDT,0.04606,2776.0,0.04605,52829.0,0.04607,10000.0,0.04608,57367.0
1753617160001,11:52:40.001,bitget,ACT/USDT:USDT,0.04606,2776.0,0.04605,52829.0,0.04607,10000.0,0.04608,57367.0
1753617160151,11:52:40.151,bitget,ACT/USDT:USDT,0.04606,2776.0,0.04605,52829.0,0.04607,10000.0,0.04608,57367.0
1753617160451,11:52:40.451,bitget,ACT/USDT:USDT,0.04606,2776.0,0.04605,52829.0,0.04607,10000.0,0.04608,57367.0
1753617160601,11:52:40.601,bitget,ACT/USDT:USDT,0.04606,2776.0,0.04605,52829.0,0.04607,10000.0,0.04608,57367.0
1753617161202,11:52:41.202,bitget,ACT/USDT:USDT,0.04606,2776.0,0.04605,52829.0,0.04607,10000.0,0.04608,57367.0
1753617161952,11:52:41.952,bitget,ACT/USDT:USDT,0.04606,2776.0,0.04605,52829.0,0.04607,10000.0,0.04608,57367.0
1753617162703,11:52:42.703,bitget,ACT/USDT:USDT,0.04606,2776.0,0.04605,52829.0,0.04607,10000.0,0.04608,57367.0
1753617162853,11:52:42.853,bitget,ACT/USDT:USDT,0.04606,2776.0,0.04605,52829.0,0.04607,10000.0,0.04608,57367.0
1753617163003,11:52:43.003,bitget,ACT/USDT:USDT,0.04606,2776.0,0.04605,52829.0,0.04607,10000.0,0.04608,57367.0
1753617163153,11:52:43.153,bitget,ACT/USDT:USDT,0.04606,2776.0,0.04605,52829.0,0.04607,10000.0,0.04608,57367.0
1753617163603,11:52:43.603,bitget,ACT/USDT:USDT,0.04606,2776.0,0.04605,52829.0,0.04607,10000.0,0.04608,57367.0
1753617163753,11:52:43.753,bitget,ACT/USDT:USDT,0.04606,2776.0,0.04605,52829.0,0.04607,10000.0,0.04608,57367.0
1753617163903,11:52:43.903,bitget,ACT/USDT:USDT,0.04606,2776.0,0.04605,52829.0,0.04607,10000.0,0.04608,57367.0
1753617164054,11:52:44.054,bitget,ACT/USDT:USDT,0.04606,2776.0,0.04605,52829.0,0.04607,10000.0,0.04608,57367.0
1753617164204,11:52:44.204,bitget,ACT/USDT:USDT,0.04606,2776.0,0.04605,52829.0,0.04607,10000.0,0.04608,57367.0
1753617164354,11:52:44.354,bitget,ACT/USDT:USDT,0.04606,12776.0,0.04605,52829.0,0.04608,47367.0,0.04609,69073.0
1753617164504,11:52:44.504,bitget,ACT/USDT:USDT,0.04606,14662.0,0.04605,63556.0,0.04608,45481.0,0.04609,57136.0
1753617164654,11:52:44.654,bitget,ACT/USDT:USDT,0.04606,14662.0,0.04605,63556.0,0.04608,45481.0,0.04609,57136.0
1753617164954,11:52:44.954,bitget,ACT/USDT:USDT,0.04606,14662.0,0.04605,63556.0,0.04608,45481.0,0.04609,57136.0
1753617165554,11:52:45.554,bitget,ACT/USDT:USDT,0.04606,14662.0,0.04605,63556.0,0.04608,45481.0,0.04609,57136.0
1753617165705,11:52:45.705,bitget,ACT/USDT:USDT,0.04606,14662.0,0.04605,63556.0,0.04608,45481.0,0.04609,57136.0
1753617165855,11:52:45.855,bitget,ACT/USDT:USDT,0.04606,14662.0,0.04605,63556.0,0.04608,45481.0,0.04609,57136.0
1753617166005,11:52:46.005,bitget,ACT/USDT:USDT,0.04606,14662.0,0.04605,63556.0,0.04608,45481.0,0.04609,57136.0
1753617166155,11:52:46.155,bitget,ACT/USDT:USDT,0.04606,14662.0,0.04605,63556.0,0.04608,45481.0,0.04609,57136.0
1753617166305,11:52:46.305,bitget,ACT/USDT:USDT,0.04606,14662.0,0.04605,63556.0,0.04608,45481.0,0.04609,57136.0
1753617166455,11:52:46.455,bitget,ACT/USDT:USDT,0.04606,14662.0,0.04605,63556.0,0.04608,45481.0,0.04609,57136.0
1753617166605,11:52:46.605,bitget,ACT/USDT:USDT,0.04606,14662.0,0.04605,55142.0,0.04608,45481.0,0.04609,57136.0
1753617166755,11:52:46.755,bitget,ACT/USDT:USDT,0.04606,14662.0,0.04605,10000.0,0.04608,45481.0,0.04609,57136.0
1753617166905,11:52:46.905,bitget,ACT/USDT:USDT,0.04606,14662.0,0.04605,19753.0,0.04608,45481.0,0.04609,52752.0
1753617167055,11:52:47.055,bitget,ACT/USDT:USDT,0.04606,14662.0,0.04605,19753.0,0.04608,45481.0,0.04609,52752.0
1753617167206,11:52:47.206,bitget,ACT/USDT:USDT,0.04606,14662.0,0.04605,19753.0,0.04608,45481.0,0.04609,52752.0
1753617167356,11:52:47.356,bitget,ACT/USDT:USDT,0.04606,14662.0,0.04605,19753.0,0.04608,55481.0,0.04609,52752.0
1753617167506,11:52:47.506,bitget,ACT/USDT:USDT,0.04606,14662.0,0.04605,19753.0,0.04608,55481.0,0.04609,52752.0
1753617167656,11:52:47.656,bitget,ACT/USDT:USDT,0.04606,14662.0,0.04605,19753.0,0.04608,55481.0,0.04609,52752.0
1753617167806,11:52:47.806,bitget,ACT/USDT:USDT,0.04606,14662.0,0.04605,19753.0,0.04608,55481.0,0.04609,52752.0
1753617167956,11:52:47.956,bitget,ACT/USDT:USDT,0.04606,14662.0,0.04605,19753.0,0.04608,55481.0,0.04609,52752.0
1753617168106,11:52:48.106,bitget,ACT/USDT:USDT,0.04606,14662.0,0.04605,19753.0,0.04608,55481.0,0.04609,52752.0
1753617168256,11:52:48.256,bitget,ACT/USDT:USDT,0.04606,14662.0,0.04605,19753.0,0.04608,55481.0,0.04609,52752.0
1753617168406,11:52:48.406,bitget,ACT/USDT:USDT,0.04606,14662.0,0.04605,19753.0,0.04608,55481.0,0.04609,52752.0
1753617168557,11:52:48.557,bitget,ACT/USDT:USDT,0.04606,14662.0,0.04605,19753.0,0.04608,55481.0,0.04609,52752.0
1753617168707,11:52:48.707,bitget,ACT/USDT:USDT,0.04606,14662.0,0.04605,19753.0,0.04608,45481.0,0.04609,52752.0
1753617168857,11:52:48.857,bitget,ACT/USDT:USDT,0.04606,14662.0,0.04605,19753.0,0.04608,45481.0,0.04609,52752.0
1753617169007,11:52:49.007,bitget,ACT/USDT:USDT,0.04606,14662.0,0.04605,19753.0,0.04608,45481.0,0.04609,52752.0
1753617169157,11:52:49.157,bitget,ACT/USDT:USDT,0.04606,14662.0,0.04605,19753.0,0.04608,45481.0,0.04609,52752.0
1753617169307,11:52:49.307,bitget,ACT/USDT:USDT,0.04607,2776.0,0.04606,11886.0,0.04608,12971.0,0.04609,20242.0
1753617169457,11:52:49.457,bitget,ACT/USDT:USDT,0.04607,12776.0,0.04606,60367.0,0.04609,52752.0,0.0461,48481.0
1753617169607,11:52:49.607,bitget,ACT/USDT:USDT,0.04607,12776.0,0.04606,60367.0,0.04609,52752.0,0.0461,48481.0
1753617169757,11:52:49.757,bitget,ACT/USDT:USDT,0.04607,12776.0,0.04606,60367.0,0.04609,52752.0,0.0461,48481.0
1753617169908,11:52:49.908,bitget,ACT/USDT:USDT,0.04607,12776.0,0.04606,60367.0,0.04609,52752.0,0.0461,48481.0
1753617170156,11:52:50.156,bitget,ACT/USDT:USDT,0.04607,12776.0,0.04606,60367.0,0.04609,52752.0,0.0461,48481.0
1753617170342,11:52:50.342,bitget,ACT/USDT:USDT,0.04607,12776.0,0.04606,60367.0,0.04609,52752.0,0.0461,48481.0
1753617170508,11:52:50.508,bitget,ACT/USDT:USDT,0.04607,12776.0,0.04606,60367.0,0.04609,52752.0,0.0461,48481.0
1753617170658,11:52:50.658,bitget,ACT/USDT:USDT,0.04607,12776.0,0.04606,60367.0,0.04609,52752.0,0.0461,48481.0
1753617170808,11:52:50.808,bitget,ACT/USDT:USDT,0.04607,12776.0,0.04606,60367.0,0.04609,52752.0,0.0461,48481.0
1753617170958,11:52:50.958,bitget,ACT/USDT:USDT,0.04607,12776.0,0.04606,60367.0,0.04609,52752.0,0.0461,48481.0
1753617171108,11:52:51.108,bitget,ACT/USDT:USDT,0.04607,12776.0,0.04606,60367.0,0.04609,52752.0,0.0461,48481.0
1753617171258,11:52:51.258,bitget,ACT/USDT:USDT,0.04607,12776.0,0.04606,44396.0,0.04609,52752.0,0.0461,48481.0
1753617171409,11:52:51.409,bitget,ACT/USDT:USDT,0.04607,12776.0,0.04606,60367.0,0.04609,52752.0,0.0461,48481.0
1753617171579,11:52:51.579,bitget,ACT/USDT:USDT,0.04607,12776.0,0.04606,60367.0,0.04609,52752.0,0.0461,48481.0
1753617171732,11:52:51.732,bitget,ACT/USDT:USDT,0.04607,12776.0,0.04606,60367.0,0.04609,9515.0,0.0461,48481.0
1753617171885,11:52:51.885,bitget,ACT/USDT:USDT,0.04608,2776.0,0.04607,66556.0,0.04609,9515.0,0.0461,15971.0
1753617172050,11:52:52.050,bitget,ACT/USDT:USDT,0.04608,14662.0,0.04607,68442.0,0.0461,15971.0,0.04611,53315.0
1753617172205,11:52:52.205,bitget,ACT/USDT:USDT,0.04608,32270.0,0.04607,68442.0,0.0461,15971.0,0.04611,53315.0
1753617172416,11:52:52.416,bitget,ACT/USDT:USDT,0.04608,32270.0,0.04607,68442.0,0.0461,15971.0,0.04611,53315.0
1753617172609,11:52:52.609,bitget,ACT/USDT:USDT,0.04608,32270.0,0.04607,68442.0,0.0461,15971.0,0.04611,53315.0
1753617172759,11:52:52.759,bitget,ACT/USDT:USDT,0.04608,32270.0,0.04607,68442.0,0.0461,15971.0,0.04611,53315.0
1753617172909,11:52:52.909,bitget,ACT/USDT:USDT,0.04608,32270.0,0.04607,68442.0,0.0461,15971.0,0.04611,53315.0
1753617173059,11:52:53.059,bitget,ACT/USDT:USDT,0.04608,32270.0,0.04607,68442.0,0.0461,15971.0,0.04611,53315.0
1753617173209,11:52:53.209,bitget,ACT/USDT:USDT,0.04608,32270.0,0.04607,68442.0,0.0461,15971.0,0.04611,53315.0
1753617173359,11:52:53.359,bitget,ACT/USDT:USDT,0.04608,32270.0,0.04607,68442.0,0.0461,25971.0,0.04611,53315.0
1753617173510,11:52:53.510,bitget,ACT/USDT:USDT,0.04608,32270.0,0.04607,68442.0,0.0461,25971.0,0.04611,53315.0
1753617173660,11:52:53.660,bitget,ACT/USDT:USDT,0.04608,32270.0,0.04607,68442.0,0.0461,25971.0,0.04611,53315.0
1753617173810,11:52:53.810,bitget,ACT/USDT:USDT,0.04608,32270.0,0.04607,68442.0,0.0461,25971.0,0.04611,53315.0
1753617173960,11:52:53.960,bitget,ACT/USDT:USDT,0.04608,14662.0,0.04607,68442.0,0.0461,25971.0,0.04611,53315.0
1753617174110,11:52:54.110,bitget,ACT/USDT:USDT,0.04608,14662.0,0.04607,68442.0,0.0461,25971.0,0.04611,53315.0
1753617174260,11:52:54.260,bitget,ACT/USDT:USDT,0.04608,14662.0,0.04607,68442.0,0.0461,25971.0,0.04611,53315.0
1753617174410,11:52:54.410,bitget,ACT/USDT:USDT,0.04608,14662.0,0.04607,68442.0,0.0461,25971.0,0.04611,53315.0
1753617174560,11:52:54.560,bitget,ACT/USDT:USDT,0.04608,14662.0,0.04607,68442.0,0.0461,25971.0,0.04611,53315.0
1753617174710,11:52:54.710,bitget,ACT/USDT:USDT,0.04608,14662.0,0.04607,68442.0,0.0461,25971.0,0.04611,53315.0
1753617174860,11:52:54.860,bitget,ACT/USDT:USDT,0.04608,14662.0,0.04607,68442.0,0.0461,25971.0,0.04611,53315.0
1753617175010,11:52:55.010,bitget,ACT/USDT:USDT,0.04608,14662.0,0.04607,68442.0,0.0461,25971.0,0.04611,53315.0
1753617175161,11:52:55.161,bitget,ACT/USDT:USDT,0.04608,14662.0,0.04607,68442.0,0.0461,25971.0,0.04611,53315.0
1753617175311,11:52:55.311,bitget,ACT/USDT:USDT,0.04608,14662.0,0.04607,68442.0,0.0461,25971.0,0.04611,53315.0
1753617175461,11:52:55.461,bitget,ACT/USDT:USDT,0.04608,14662.0,0.04607,68442.0,0.0461,25971.0,0.04611,53315.0
1753617175611,11:52:55.611,bitget,ACT/USDT:USDT,0.04608,14662.0,0.04607,68442.0,0.0461,25971.0,0.04611,53315.0
1753617175761,11:52:55.761,bitget,ACT/USDT:USDT,0.04608,14662.0,0.04607,68442.0,0.0461,25971.0,0.04611,53315.0
1753617175911,11:52:55.911,bitget,ACT/USDT:USDT,0.04608,14662.0,0.04607,68442.0,0.0461,25971.0,0.04611,53315.0
1753617176061,11:52:56.061,bitget,ACT/USDT:USDT,0.04608,14662.0,0.04607,68442.0,0.0461,25971.0,0.04611,53315.0
1753617176211,11:52:56.211,bitget,ACT/USDT:USDT,0.04608,14662.0,0.04607,68442.0,0.0461,25971.0,0.04611,53315.0
1753617176361,11:52:56.361,bitget,ACT/USDT:USDT,0.04608,14662.0,0.04607,68442.0,0.0461,25971.0,0.04611,53315.0
1753617176511,11:52:56.511,bitget,ACT/USDT:USDT,0.04608,14662.0,0.04607,68442.0,0.0461,25971.0,0.04611,53315.0
1753617176661,11:52:56.661,bitget,ACT/USDT:USDT,0.04608,14662.0,0.04607,68442.0,0.0461,25971.0,0.04611,53315.0
1753617176812,11:52:56.812,bitget,ACT/USDT:USDT,0.04608,14662.0,0.04607,68442.0,0.0461,25971.0,0.04611,53315.0
1753617176962,11:52:56.962,bitget,ACT/USDT:USDT,0.04608,14662.0,0.04607,68442.0,0.0461,25971.0,0.04611,53315.0
1753617177112,11:52:57.112,bitget,ACT/USDT:USDT,0.04608,14662.0,0.04607,68442.0,0.0461,25971.0,0.04611,53315.0
1753617177262,11:52:57.262,bitget,ACT/USDT:USDT,0.04608,14662.0,0.04607,68442.0,0.0461,25971.0,0.04611,53315.0
1753617177412,11:52:57.412,bitget,ACT/USDT:USDT,0.04608,14662.0,0.04607,68442.0,0.0461,25971.0,0.04611,53315.0
1753617177562,11:52:57.562,bitget,ACT/USDT:USDT,0.04608,14662.0,0.04607,68442.0,0.0461,25971.0,0.04611,53315.0
1753617177712,11:52:57.712,bitget,ACT/USDT:USDT,0.04608,14662.0,0.04607,68442.0,0.0461,25971.0,0.04611,53315.0
1753617177862,11:52:57.862,bitget,ACT/USDT:USDT,0.04608,14662.0,0.04607,68442.0,0.0461,25971.0,0.04611,53315.0
1753617178012,11:52:58.012,bitget,ACT/USDT:USDT,0.04608,14662.0,0.04607,68442.0,0.0461,25971.0,0.04611,53315.0
1753617178162,11:52:58.162,bitget,ACT/USDT:USDT,0.04608,14662.0,0.04607,68442.0,0.0461,25971.0,0.04611,53315.0
1753617178313,11:52:58.313,bitget,ACT/USDT:USDT,0.04608,14662.0,0.04607,68442.0,0.0461,25971.0,0.04611,53315.0
1753617178463,11:52:58.463,bitget,ACT/USDT:USDT,0.04608,14662.0,0.04607,68442.0,0.0461,25971.0,0.04611,53315.0
1753617178763,11:52:58.763,bitget,ACT/USDT:USDT,0.04608,14662.0,0.04607,68442.0,0.0461,25971.0,0.04611,53315.0
1753617178913,11:52:58.913,bitget,ACT/USDT:USDT,0.04608,14662.0,0.04607,68442.0,0.0461,25971.0,0.04611,53315.0
1753617179063,11:52:59.063,bitget,ACT/USDT:USDT,0.04608,14662.0,0.04607,68442.0,0.0461,58481.0,0.04611,53315.0
1753617179213,11:52:59.213,bitget,ACT/USDT:USDT,0.04608,14662.0,0.04607,68442.0,0.0461,58481.0,0.04611,53315.0
1753617179363,11:52:59.363,bitget,ACT/USDT:USDT,0.04608,14662.0,0.04607,68442.0,0.04609,10000.0,0.0461,58481.0
1753617179513,11:52:59.513,bitget,ACT/USDT:USDT,0.04608,4662.0,0.04607,68442.0,0.04609,10000.0,0.0461,58481.0
1753617179663,11:52:59.663,bitget,ACT/USDT:USDT,0.04607,66556.0,0.04606,58481.0,0.04609,10000.0,0.0461,58481.0
1753617179813,11:52:59.813,bitget,ACT/USDT:USDT,0.04607,34046.0,0.04606,58481.0,0.04609,22753.0,0.0461,58481.0
1753617179964,11:52:59.964,bitget,ACT/USDT:USDT,0.04607,34046.0,0.04606,58481.0,0.04609,22753.0,0.0461,58481.0
1753617180114,11:53:00.114,bitget,ACT/USDT:USDT,0.04607,34046.0,0.04606,58481.0,0.04609,22753.0,0.0461,58481.0
1753617180264,11:53:00.264,bitget,ACT/USDT:USDT,0.04607,34046.0,0.04606,58481.0,0.04609,22753.0,0.0461,58481.0
1753617180414,11:53:00.414,bitget,ACT/USDT:USDT,0.04607,10000.0,0.04606,58481.0,0.04609,55263.0,0.0461,58481.0
1753617180564,11:53:00.564,bitget,ACT/USDT:USDT,0.04607,10000.0,0.04606,58481.0,0.04609,55263.0,0.0461,58481.0
1753617180714,11:53:00.714,bitget,ACT/USDT:USDT,0.04607,10000.0,0.04606,58481.0,0.04609,55263.0,0.0461,58481.0
1753617180864,11:53:00.864,bitget,ACT/USDT:USDT,0.04607,10000.0,0.04606,58481.0,0.04609,55263.0,0.0461,58481.0
1753617181014,11:53:01.014,bitget,ACT/USDT:USDT,0.04607,10000.0,0.04606,58481.0,0.04609,55263.0,0.0461,58481.0
1753617181164,11:53:01.164,bitget,ACT/USDT:USDT,0.04607,10000.0,0.04606,58481.0,0.04609,55263.0,0.0461,58481.0
1753617181315,11:53:01.315,bitget,ACT/USDT:USDT,0.04607,10000.0,0.04606,58481.0,0.04609,55263.0,0.0461,58481.0
1753617181465,11:53:01.465,bitget,ACT/USDT:USDT,0.04607,10000.0,0.04606,58481.0,0.04609,55263.0,0.0461,58481.0
1753617181615,11:53:01.615,bitget,ACT/USDT:USDT,0.04607,10000.0,0.04606,58481.0,0.04609,55263.0,0.0461,58481.0
1753617181765,11:53:01.765,bitget,ACT/USDT:USDT,0.04607,10000.0,0.04606,58481.0,0.04609,55263.0,0.0461,58481.0
1753617181915,11:53:01.915,bitget,ACT/USDT:USDT,0.04607,10000.0,0.04606,58481.0,0.04609,55263.0,0.0461,58481.0
1753617182065,11:53:02.065,bitget,ACT/USDT:USDT,0.04607,10000.0,0.04606,58481.0,0.04609,55263.0,0.0461,58481.0
1753617182215,11:53:02.215,bitget,ACT/USDT:USDT,0.04607,10000.0,0.04606,58481.0,0.04609,22753.0,0.0461,58481.0
1753617182365,11:53:02.365,bitget,ACT/USDT:USDT,0.04607,10000.0,0.04606,58481.0,0.04609,22753.0,0.0461,58481.0
1753617182515,11:53:02.515,bitget,ACT/USDT:USDT,0.04607,10000.0,0.04606,58481.0,0.04609,22753.0,0.0461,58481.0
1753617182665,11:53:02.665,bitget,ACT/USDT:USDT,0.04607,10000.0,0.04606,58481.0,0.04609,22753.0,0.0461,58481.0
1753617182815,11:53:02.815,bitget,ACT/USDT:USDT,0.04608,2776.0,0.04607,67876.0,0.04609,9753.0,0.0461,48481.0
1753617182966,11:53:02.966,bitget,ACT/USDT:USDT,0.04608,12776.0,0.04607,67876.0,0.0461,15971.0,0.04611,53315.0
1753617183116,11:53:03.116,bitget,ACT/USDT:USDT,0.04608,29696.0,0.04607,67876.0,0.0461,15971.0,0.04611,53315.0
1753617183266,11:53:03.266,bitget,ACT/USDT:USDT,0.04608,29696.0,0.04607,67876.0,0.0461,48481.0,0.04611,53315.0
1753617183416,11:53:03.416,bitget,ACT/USDT:USDT,0.04608,29696.0,0.04607,67876.0,0.0461,48481.0,0.04611,53315.0
1753617183566,11:53:03.566,bitget,ACT/USDT:USDT,0.04608,29696.0,0.04607,67876.0,0.0461,15971.0,0.04611,53315.0
1753617183716,11:53:03.716,bitget,ACT/USDT:USDT,0.04609,2776.0,0.04608,62158.0,0.04611,10078.0,0.04612,45962.0
1753617183866,11:53:03.866,bitget,ACT/USDT:USDT,0.04609,12776.0,0.04608,62158.0,0.04611,10078.0,0.04612,45962.0
1753617184016,11:53:04.016,bitget,ACT/USDT:USDT,0.04609,14662.0,0.04608,62158.0,0.04611,10078.0,0.04612,45962.0
1753617184166,11:53:04.166,bitget,ACT/USDT:USDT,0.04609,27995.0,0.04608,62158.0,0.04611,10078.0,0.04612,45962.0
1753617184316,11:53:04.316,bitget,ACT/USDT:USDT,0.04609,27995.0,0.04608,62158.0,0.04611,10078.0,0.04612,45962.0
1753617184467,11:53:04.467,bitget,ACT/USDT:USDT,0.04609,27995.0,0.04608,62158.0,0.04611,10078.0,0.04612,45962.0
1753617184617,11:53:04.617,bitget,ACT/USDT:USDT,0.04609,27995.0,0.04608,62158.0,0.04611,10078.0,0.04612,45962.0
1753617184767,11:53:04.767,bitget,ACT/USDT:USDT,0.04609,27995.0,0.04608,62158.0,0.04611,10078.0,0.04612,45962.0
1753617184917,11:53:04.917,bitget,ACT/USDT:USDT,0.04609,27995.0,0.04608,62158.0,0.04611,10078.0,0.04612,45962.0
1753617185067,11:53:05.067,bitget,ACT/USDT:USDT,0.04609,27995.0,0.04608,62158.0,0.04611,10078.0,0.04612,45962.0
1753617185217,11:53:05.217,bitget,ACT/USDT:USDT,0.04609,27995.0,0.04608,62158.0,0.04611,10078.0,0.04612,45962.0
1753617185367,11:53:05.367,bitget,ACT/USDT:USDT,0.04609,27995.0,0.04608,62158.0,0.04611,10078.0,0.04612,45962.0
1753617185517,11:53:05.517,bitget,ACT/USDT:USDT,0.04609,27995.0,0.04608,62158.0,0.04611,10078.0,0.04612,45962.0
1753617185667,11:53:05.667,bitget,ACT/USDT:USDT,0.04609,27995.0,0.04608,62158.0,0.04611,10078.0,0.04612,45962.0
1753617185817,11:53:05.817,bitget,ACT/USDT:USDT,0.04609,27995.0,0.04608,62158.0,0.04611,10078.0,0.04612,45962.0
1753617185968,11:53:05.968,bitget,ACT/USDT:USDT,0.04609,27415.0,0.04608,62158.0,0.04611,10078.0,0.04612,45962.0
1753617186118,11:53:06.118,bitget,ACT/USDT:USDT,0.04609,27415.0,0.04608,62158.0,0.04611,10078.0,0.04612,45962.0
1753617186268,11:53:06.268,bitget,ACT/USDT:USDT,0.04609,27415.0,0.04608,62158.0,0.04611,20078.0,0.04612,45962.0
1753617186418,11:53:06.418,bitget,ACT/USDT:USDT,0.04609,27415.0,0.04608,62158.0,0.04611,20078.0,0.04612,45962.0
1753617186568,11:53:06.568,bitget,ACT/USDT:USDT,0.04609,27415.0,0.04608,62158.0,0.04611,20078.0,0.04612,45962.0
1753617186718,11:53:06.718,bitget,ACT/USDT:USDT,0.04609,27415.0,0.04608,62158.0,0.04611,20078.0,0.04612,45962.0
1753617186868,11:53:06.868,bitget,ACT/USDT:USDT,0.04609,27415.0,0.04608,62158.0,0.04611,20078.0,0.04612,45962.0
1753617187018,11:53:07.018,bitget,ACT/USDT:USDT,0.04609,27415.0,0.04608,62158.0,0.04611,20078.0,0.04612,45962.0
1753617187168,11:53:07.168,bitget,ACT/USDT:USDT,0.04609,27415.0,0.04608,62158.0,0.04611,20078.0,0.04612,45962.0
1753617187318,11:53:07.318,bitget,ACT/USDT:USDT,0.04609,14662.0,0.04608,62158.0,0.04611,20078.0,0.04612,45962.0
1753617187468,11:53:07.468,bitget,ACT/USDT:USDT,0.04609,14662.0,0.04608,62158.0,0.04611,20078.0,0.04612,45962.0
1753617187619,11:53:07.619,bitget,ACT/USDT:USDT,0.04609,14662.0,0.04608,62158.0,0.04611,20078.0,0.04612,45962.0
1753617187769,11:53:07.769,bitget,ACT/USDT:USDT,0.04609,14662.0,0.04608,62158.0,0.04611,20078.0,0.04612,45962.0
1753617187919,11:53:07.919,bitget,ACT/USDT:USDT,0.04609,14662.0,0.04608,62158.0,0.04611,20078.0,0.04612,45962.0
1753617188069,11:53:08.069,bitget,ACT/USDT:USDT,0.04609,14662.0,0.04608,62158.0,0.04611,20078.0,0.04612,45962.0
1753617188219,11:53:08.219,bitget,ACT/USDT:USDT,0.04609,14662.0,0.04608,62158.0,0.04611,20078.0,0.04612,45962.0
1753617188369,11:53:08.369,bitget,ACT/USDT:USDT,0.04609,14662.0,0.04608,62158.0,0.04611,20078.0,0.04612,45962.0
1753617188519,11:53:08.519,bitget,ACT/USDT:USDT,0.04609,14662.0,0.04608,62158.0,0.04611,20078.0,0.04612,45962.0
1753617188669,11:53:08.669,bitget,ACT/USDT:USDT,0.04609,14662.0,0.04608,62158.0,0.04611,20078.0,0.04612,45962.0
1753617188819,11:53:08.819,bitget,ACT/USDT:USDT,0.04609,14662.0,0.04608,62158.0,0.04611,20078.0,0.04612,45962.0
1753617188970,11:53:08.970,bitget,ACT/USDT:USDT,0.04609,14662.0,0.04608,62158.0,0.04611,20078.0,0.04612,45962.0
1753617189120,11:53:09.120,bitget,ACT/USDT:USDT,0.04609,14662.0,0.04608,62158.0,0.04611,20078.0,0.04612,45962.0
1753617189270,11:53:09.270,bitget,ACT/USDT:USDT,0.04609,14662.0,0.04608,62158.0,0.04611,20078.0,0.04612,45962.0
1753617189420,11:53:09.420,bitget,ACT/USDT:USDT,0.04609,14662.0,0.04608,62158.0,0.04611,20078.0,0.04612,45962.0
1753617189570,11:53:09.570,bitget,ACT/USDT:USDT,0.04609,14662.0,0.04608,62158.0,0.04611,20078.0,0.04612,45962.0
1753617189720,11:53:09.720,bitget,ACT/USDT:USDT,0.04609,14662.0,0.04608,62158.0,0.04611,20078.0,0.04612,45962.0
1753617189870,11:53:09.870,bitget,ACT/USDT:USDT,0.04609,14662.0,0.04608,62158.0,0.04611,20078.0,0.04612,45962.0
1753617190020,11:53:10.020,bitget,ACT/USDT:USDT,0.04609,14662.0,0.04608,62158.0,0.04611,20078.0,0.04612,45962.0
1753617190170,11:53:10.170,bitget,ACT/USDT:USDT,0.04609,14662.0,0.04608,62158.0,0.04611,20078.0,0.04612,45962.0
1753617190320,11:53:10.320,bitget,ACT/USDT:USDT,0.04609,14662.0,0.04608,62158.0,0.04611,20078.0,0.04612,45962.0
1753617190470,11:53:10.470,bitget,ACT/USDT:USDT,0.04609,14662.0,0.04608,62158.0,0.04611,20078.0,0.04612,45962.0
1753617190621,11:53:10.621,bitget,ACT/USDT:USDT,0.04609,14662.0,0.04608,62158.0,0.04611,20078.0,0.04612,45962.0
1753617190771,11:53:10.771,bitget,ACT/USDT:USDT,0.04609,14662.0,0.04608,62158.0,0.04611,20078.0,0.04612,45962.0
1753617190921,11:53:10.921,bitget,ACT/USDT:USDT,0.04609,14662.0,0.04608,62158.0,0.04611,20078.0,0.04612,45962.0
1753617191071,11:53:11.071,bitget,ACT/USDT:USDT,0.04609,14662.0,0.04608,62158.0,0.04611,20078.0,0.04612,45962.0
1753617191221,11:53:11.221,bitget,ACT/USDT:USDT,0.04609,14662.0,0.04608,62158.0,0.04611,20078.0,0.04612,45962.0
1753617191371,11:53:11.371,bitget,ACT/USDT:USDT,0.04609,14662.0,0.04608,62158.0,0.04611,20078.0,0.04612,45962.0
1753617191521,11:53:11.521,bitget,ACT/USDT:USDT,0.04609,14662.0,0.04608,62158.0,0.04611,20078.0,0.04612,45962.0
1753617191671,11:53:11.671,bitget,ACT/USDT:USDT,0.04609,14662.0,0.04608,62158.0,0.04611,20078.0,0.04612,45962.0
1753617191821,11:53:11.821,bitget,ACT/USDT:USDT,0.04609,14662.0,0.04608,62158.0,0.04611,20078.0,0.04612,45962.0
1753617191971,11:53:11.971,bitget,ACT/USDT:USDT,0.04609,14662.0,0.04608,62158.0,0.04611,20078.0,0.04612,45962.0
1753617192121,11:53:12.121,bitget,ACT/USDT:USDT,0.04609,14662.0,0.04608,62158.0,0.04611,20078.0,0.04612,45962.0
1753617192272,11:53:12.272,bitget,ACT/USDT:USDT,0.04609,14662.0,0.04608,62158.0,0.04611,20078.0,0.04612,45962.0
1753617192422,11:53:12.422,bitget,ACT/USDT:USDT,0.04609,14662.0,0.04608,62158.0,0.04611,20078.0,0.04612,45962.0
1753617192572,11:53:12.572,bitget,ACT/USDT:USDT,0.04609,14662.0,0.04608,62158.0,0.04611,20078.0,0.04612,45962.0
1753617192722,11:53:12.722,bitget,ACT/USDT:USDT,0.04609,14662.0,0.04608,62158.0,0.04611,20078.0,0.04612,45962.0
1753617192872,11:53:12.872,bitget,ACT/USDT:USDT,0.04609,14662.0,0.04608,62158.0,0.04611,20078.0,0.04612,45962.0
1753617193022,11:53:13.022,bitget,ACT/USDT:USDT,0.04609,14662.0,0.04608,62158.0,0.04611,20078.0,0.04612,45962.0
1753617193172,11:53:13.172,bitget,ACT/USDT:USDT,0.04609,14662.0,0.04608,62158.0,0.04611,20078.0,0.04612,45962.0
1753617193322,11:53:13.322,bitget,ACT/USDT:USDT,0.04609,14662.0,0.04608,62158.0,0.04611,20078.0,0.04612,45962.0
1753617193472,11:53:13.472,bitget,ACT/USDT:USDT,0.04609,14662.0,0.04608,62158.0,0.04611,20078.0,0.04612,45962.0
1753617193622,11:53:13.622,bitget,ACT/USDT:USDT,0.04609,14662.0,0.04608,62158.0,0.04611,20078.0,0.04612,45962.0
1753617193772,11:53:13.772,bitget,ACT/USDT:USDT,0.04609,14662.0,0.04608,62158.0,0.04611,20078.0,0.04612,45962.0
1753617193923,11:53:13.923,bitget,ACT/USDT:USDT,0.04609,14662.0,0.04608,62158.0,0.04611,20078.0,0.04612,45962.0
1753617194073,11:53:14.073,bitget,ACT/USDT:USDT,0.04609,14662.0,0.04608,62158.0,0.04611,20078.0,0.04612,45962.0
1753617194223,11:53:14.223,bitget,ACT/USDT:USDT,0.04609,14662.0,0.04608,62158.0,0.04611,20078.0,0.04612,45962.0
1753617194373,11:53:14.373,bitget,ACT/USDT:USDT,0.04609,14662.0,0.04608,62158.0,0.04611,20078.0,0.04612,45962.0
1753617194523,11:53:14.523,bitget,ACT/USDT:USDT,0.04609,14662.0,0.04608,62158.0,0.04611,20078.0,0.04612,45962.0
1753617194673,11:53:14.673,bitget,ACT/USDT:USDT,0.04609,14662.0,0.04608,62158.0,0.04611,20078.0,0.04612,45962.0
1753617194823,11:53:14.823,bitget,ACT/USDT:USDT,0.04609,14662.0,0.04608,62158.0,0.04611,20078.0,0.04612,45962.0
1753617194973,11:53:14.973,bitget,ACT/USDT:USDT,0.04609,14662.0,0.04608,62158.0,0.04611,20078.0,0.04612,45962.0
1753617195123,11:53:15.123,bitget,ACT/USDT:USDT,0.04609,14662.0,0.04608,62158.0,0.04611,20078.0,0.04612,45962.0
1753617195273,11:53:15.273,bitget,ACT/USDT:USDT,0.04609,14662.0,0.04608,62158.0,0.04611,20078.0,0.04612,45962.0
1753617195424,11:53:15.424,bitget,ACT/USDT:USDT,0.04609,14662.0,0.04608,62158.0,0.04611,20078.0,0.04612,45962.0
1753617195574,11:53:15.574,bitget,ACT/USDT:USDT,0.04609,23840.0,0.04608,62158.0,0.04611,20078.0,0.04612,45962.0
1753617195724,11:53:15.724,bitget,ACT/USDT:USDT,0.04609,14662.0,0.04608,62158.0,0.04611,20078.0,0.04612,45962.0
1753617195874,11:53:15.874,bitget,ACT/USDT:USDT,0.04609,14662.0,0.04608,62158.0,0.04611,20078.0,0.04612,45962.0
1753617196024,11:53:16.024,bitget,ACT/USDT:USDT,0.04609,14662.0,0.04608,62158.0,0.04611,20078.0,0.04612,45962.0
1753617196174,11:53:16.174,bitget,ACT/USDT:USDT,0.04609,14662.0,0.04608,62158.0,0.04611,20078.0,0.04612,45962.0
1753617196324,11:53:16.324,bitget,ACT/USDT:USDT,0.04609,14662.0,0.04608,62158.0,0.04611,20078.0,0.04612,45962.0
1753617196474,11:53:16.474,bitget,ACT/USDT:USDT,0.04609,14662.0,0.04608,62158.0,0.04611,20078.0,0.04612,45962.0
1753617196624,11:53:16.624,bitget,ACT/USDT:USDT,0.04609,14662.0,0.04608,62158.0,0.04611,20078.0,0.04612,45962.0
1753617196774,11:53:16.774,bitget,ACT/USDT:USDT,0.04609,14662.0,0.04608,62158.0,0.04611,20078.0,0.04612,45962.0
1753617196925,11:53:16.925,bitget,ACT/USDT:USDT,0.04609,14662.0,0.04608,62158.0,0.04611,20078.0,0.04612,45962.0
1753617197075,11:53:17.075,bitget,ACT/USDT:USDT,0.04609,69769.0,0.04608,62158.0,0.04611,10078.0,0.04612,45962.0
1753617197225,11:53:17.225,bitget,ACT/USDT:USDT,0.0461,2776.0,0.04609,66993.0,0.04611,10078.0,0.04612,45962.0
1753617197375,11:53:17.375,bitget,ACT/USDT:USDT,0.0461,12776.0,0.04609,66993.0,0.04612,45962.0,0.04613,55246.0
1753617197525,11:53:17.525,bitget,ACT/USDT:USDT,0.0461,12776.0,0.04609,66993.0,0.04612,45962.0,0.04613,55246.0
1753617197675,11:53:17.675,bitget,ACT/USDT:USDT,0.0461,12776.0,0.04609,66993.0,0.04612,45962.0,0.04613,55246.0
1753617197825,11:53:17.825,bitget,ACT/USDT:USDT,0.0461,12776.0,0.04609,66993.0,0.04612,45962.0,0.04613,55246.0
1753617197975,11:53:17.975,bitget,ACT/USDT:USDT,0.0461,12776.0,0.04609,66993.0,0.04612,45962.0,0.04613,55246.0
1753617198125,11:53:18.125,bitget,ACT/USDT:USDT,0.0461,12776.0,0.04609,66993.0,0.04612,45962.0,0.04613,55246.0
1753617198275,11:53:18.275,bitget,ACT/USDT:USDT,0.0461,12776.0,0.04609,66993.0,0.04612,45962.0,0.04613,55246.0
1753617198425,11:53:18.425,bitget,ACT/USDT:USDT,0.0461,12776.0,0.04609,66993.0,0.04612,45962.0,0.04613,55246.0
1753617198575,11:53:18.575,bitget,ACT/USDT:USDT,0.0461,12776.0,0.04609,66993.0,0.04612,45962.0,0.04613,55246.0
1753617198726,11:53:18.726,bitget,ACT/USDT:USDT,0.0461,12776.0,0.04609,66993.0,0.04612,45962.0,0.04613,55246.0
1753617198876,11:53:18.876,bitget,ACT/USDT:USDT,0.0461,12776.0,0.04609,66993.0,0.04612,45962.0,0.04613,55246.0
1753617199026,11:53:19.026,bitget,ACT/USDT:USDT,0.0461,12776.0,0.04609,66993.0,0.04612,45962.0,0.04613,55246.0
1753617199176,11:53:19.176,bitget,ACT/USDT:USDT,0.0461,12776.0,0.04609,66993.0,0.04612,45962.0,0.04613,55246.0
1753617199326,11:53:19.326,bitget,ACT/USDT:USDT,0.0461,12776.0,0.04609,66993.0,0.04612,45962.0,0.04613,55246.0
1753617199476,11:53:19.476,bitget,ACT/USDT:USDT,0.0461,12776.0,0.04609,66993.0,0.04612,45962.0,0.04613,55246.0
1753617199626,11:53:19.626,bitget,ACT/USDT:USDT,0.0461,12776.0,0.04609,66993.0,0.04612,45962.0,0.04613,55246.0
1753617199776,11:53:19.776,bitget,ACT/USDT:USDT,0.0461,12776.0,0.04609,66993.0,0.04612,45962.0,0.04613,55246.0
1753617199926,11:53:19.926,bitget,ACT/USDT:USDT,0.0461,12776.0,0.04609,66993.0,0.04612,55962.0,0.04613,55246.0
1753617200076,11:53:20.076,bitget,ACT/USDT:USDT,0.0461,2776.0,0.04609,10000.0,0.04612,57848.0,0.04613,55246.0
1753617200227,11:53:20.227,bitget,ACT/USDT:USDT,0.0461,2776.0,0.04609,10000.0,0.04612,57848.0,0.04613,55246.0
1753617200377,11:53:20.377,bitget,ACT/USDT:USDT,0.0461,2776.0,0.04609,10000.0,0.04612,57848.0,0.04613,55246.0
1753617200527,11:53:20.527,bitget,ACT/USDT:USDT,0.0461,2776.0,0.04609,10000.0,0.04612,57848.0,0.04613,55246.0
1753617200677,11:53:20.677,bitget,ACT/USDT:USDT,0.0461,2776.0,0.04609,10000.0,0.04612,57848.0,0.04613,55246.0
1753617200827,11:53:20.827,bitget,ACT/USDT:USDT,0.0461,2776.0,0.04609,10000.0,0.04612,57848.0,0.04613,55246.0
1753617200977,11:53:20.977,bitget,ACT/USDT:USDT,0.0461,2776.0,0.04609,10000.0,0.04611,10000.0,0.04612,57848.0
1753617201127,11:53:21.127,bitget,ACT/USDT:USDT,0.04609,10000.0,0.04608,45243.0,0.04611,10000.0,0.04612,57848.0
1753617201277,11:53:21.277,bitget,ACT/USDT:USDT,0.04609,10000.0,0.04608,45243.0,0.04611,23319.0,0.04612,57848.0
1753617201427,11:53:21.427,bitget,ACT/USDT:USDT,0.0461,12776.0,0.04609,54149.0,0.04611,11905.0,0.04612,45962.0
1753617201577,11:53:21.577,bitget,ACT/USDT:USDT,0.0461,12776.0,0.04609,54149.0,0.04611,10000.0,0.04612,45962.0
1753617201728,11:53:21.728,bitget,ACT/USDT:USDT,0.0461,12776.0,0.04609,54149.0,0.04611,10000.0,0.04612,45962.0
1753617201878,11:53:21.878,bitget,ACT/USDT:USDT,0.0461,12776.0,0.04609,54149.0,0.04611,10000.0,0.04612,45962.0
1753617202028,11:53:22.028,bitget,ACT/USDT:USDT,0.0461,12776.0,0.04609,54149.0,0.04611,10000.0,0.04612,45962.0
1753617202178,11:53:22.178,bitget,ACT/USDT:USDT,0.0461,12776.0,0.04609,54149.0,0.04611,10000.0,0.04612,45962.0
1753617202328,11:53:22.328,bitget,ACT/USDT:USDT,0.0461,12776.0,0.04609,54149.0,0.04611,10000.0,0.04612,45962.0
1753617202478,11:53:22.478,bitget,ACT/USDT:USDT,0.0461,12776.0,0.04609,54149.0,0.04611,10000.0,0.04612,45962.0
1753617202628,11:53:22.628,bitget,ACT/USDT:USDT,0.0461,12776.0,0.04609,54149.0,0.04611,10000.0,0.04612,45962.0
1753617202778,11:53:22.778,bitget,ACT/USDT:USDT,0.0461,12776.0,0.04609,54149.0,0.04611,10000.0,0.04612,45962.0
1753617202928,11:53:22.928,bitget,ACT/USDT:USDT,0.0461,2776.0,0.04609,21639.0,0.04611,10000.0,0.04612,45962.0
1753617203078,11:53:23.078,bitget,ACT/USDT:USDT,0.0461,2776.0,0.04609,21639.0,0.04611,10000.0,0.04612,45962.0
1753617203229,11:53:23.229,bitget,ACT/USDT:USDT,0.0461,2776.0,0.04609,21639.0,0.04611,10000.0,0.04612,45962.0
1753617203379,11:53:23.379,bitget,ACT/USDT:USDT,0.0461,2776.0,0.04609,21639.0,0.04611,10000.0,0.04612,45962.0
1753617203529,11:53:23.529,bitget,ACT/USDT:USDT,0.0461,2776.0,0.04609,21639.0,0.04611,10000.0,0.04612,45962.0
1753617203679,11:53:23.679,bitget,ACT/USDT:USDT,0.0461,2776.0,0.04609,21639.0,0.04611,10000.0,0.04612,45962.0
1753617203829,11:53:23.829,bitget,ACT/USDT:USDT,0.0461,2776.0,0.04609,21639.0,0.04611,10000.0,0.04612,45962.0
1753617203979,11:53:23.979,bitget,ACT/USDT:USDT,0.0461,2776.0,0.04609,21639.0,0.04611,10000.0,0.04612,45962.0
1753617204129,11:53:24.129,bitget,ACT/USDT:USDT,0.0461,2776.0,0.04609,21639.0,0.04611,10000.0,0.04612,45962.0
1753617204279,11:53:24.279,bitget,ACT/USDT:USDT,0.0461,2776.0,0.04609,21639.0,0.04611,10000.0,0.04612,45962.0
1753617204429,11:53:24.429,bitget,ACT/USDT:USDT,0.0461,2776.0,0.04609,21639.0,0.04611,10000.0,0.04612,45962.0
1753617204579,11:53:24.579,bitget,ACT/USDT:USDT,0.0461,2776.0,0.04609,21639.0,0.04611,10000.0,0.04612,45962.0
1753617204730,11:53:24.730,bitget,ACT/USDT:USDT,0.0461,2776.0,0.04609,21639.0,0.04611,10000.0,0.04612,45962.0
1753617204880,11:53:24.880,bitget,ACT/USDT:USDT,0.0461,2776.0,0.04609,21639.0,0.04611,10000.0,0.04612,45962.0
1753617205030,11:53:25.030,bitget,ACT/USDT:USDT,0.0461,2776.0,0.04609,21639.0,0.04611,10000.0,0.04612,45962.0
1753617205180,11:53:25.180,bitget,ACT/USDT:USDT,0.0461,2776.0,0.04609,21639.0,0.04611,10000.0,0.04612,45962.0
1753617205330,11:53:25.330,bitget,ACT/USDT:USDT,0.0461,2776.0,0.04609,21639.0,0.04611,10000.0,0.04612,45962.0
1753617205480,11:53:25.480,bitget,ACT/USDT:USDT,0.0461,2776.0,0.04609,21639.0,0.04611,10000.0,0.04612,45962.0
1753617205630,11:53:25.630,bitget,ACT/USDT:USDT,0.0461,2776.0,0.04609,21639.0,0.04611,10000.0,0.04612,45962.0
1753617205780,11:53:25.780,bitget,ACT/USDT:USDT,0.0461,2776.0,0.04609,21639.0,0.04611,10000.0,0.04612,45962.0
1753617205930,11:53:25.930,bitget,ACT/USDT:USDT,0.0461,2776.0,0.04609,21639.0,0.04611,10000.0,0.04612,45962.0
1753617206080,11:53:26.080,bitget,ACT/USDT:USDT,0.0461,2776.0,0.04609,21639.0,0.04611,10000.0,0.04612,45962.0
1753617206231,11:53:26.231,bitget,ACT/USDT:USDT,0.0461,2776.0,0.04609,21639.0,0.04611,10000.0,0.04612,45962.0
1753617206381,11:53:26.381,bitget,ACT/USDT:USDT,0.0461,2776.0,0.04609,21639.0,0.04611,10000.0,0.04612,45962.0
1753617206531,11:53:26.531,bitget,ACT/USDT:USDT,0.0461,2776.0,0.04609,21639.0,0.04611,10000.0,0.04612,45962.0
1753617206681,11:53:26.681,bitget,ACT/USDT:USDT,0.0461,2776.0,0.04609,21639.0,0.04611,10000.0,0.04612,45962.0
1753617206831,11:53:26.831,bitget,ACT/USDT:USDT,0.0461,2776.0,0.04609,21639.0,0.04611,10000.0,0.04612,45962.0
1753617206981,11:53:26.981,bitget,ACT/USDT:USDT,0.0461,12776.0,0.04609,21639.0,0.04611,10000.0,0.04612,45962.0
1753617207131,11:53:27.131,bitget,ACT/USDT:USDT,0.0461,12776.0,0.04609,21639.0,0.04612,45962.0,0.04613,55246.0
1753617207281,11:53:27.281,bitget,ACT/USDT:USDT,0.0461,12776.0,0.04609,21639.0,0.04612,45962.0,0.04613,55246.0
1753617207431,11:53:27.431,bitget,ACT/USDT:USDT,0.0461,12776.0,0.04609,21639.0,0.04612,45962.0,0.04613,55246.0
1753617207581,11:53:27.581,bitget,ACT/USDT:USDT,0.0461,12776.0,0.04609,21639.0,0.04612,13452.0,0.04613,55246.0
1753617207731,11:53:27.731,bitget,ACT/USDT:USDT,0.04611,2776.0,0.0461,10000.0,0.04613,44519.0,0.04614,45764.0
1753617207882,11:53:27.882,bitget,ACT/USDT:USDT,0.04611,2776.0,0.0461,26537.0,0.04612,10000.0,0.04613,65246.0
1753617208032,11:53:28.032,bitget,ACT/USDT:USDT,0.04611,4662.0,0.0461,28423.0,0.04612,10000.0,0.04613,65246.0
1753617208182,11:53:28.182,bitget,ACT/USDT:USDT,0.04611,4662.0,0.0461,60933.0,0.04612,10000.0,0.04613,65246.0
1753617208332,11:53:28.332,bitget,ACT/USDT:USDT,0.04611,4662.0,0.0461,60933.0,0.04612,10000.0,0.04613,65246.0
1753617208482,11:53:28.482,bitget,ACT/USDT:USDT,0.04611,4662.0,0.0461,60933.0,0.04612,10000.0,0.04613,65246.0
1753617208632,11:53:28.632,bitget,ACT/USDT:USDT,0.04611,4662.0,0.0461,60933.0,0.04612,10000.0,0.04613,65246.0
1753617208782,11:53:28.782,bitget,ACT/USDT:USDT,0.04611,4662.0,0.0461,60933.0,0.04612,10000.0,0.04613,65246.0
1753617208932,11:53:28.932,bitget,ACT/USDT:USDT,0.04611,4662.0,0.0461,60933.0,0.04612,10000.0,0.04613,65246.0
1753617209082,11:53:29.082,bitget,ACT/USDT:USDT,0.04611,4662.0,0.0461,60933.0,0.04612,10000.0,0.04613,65246.0
1753617209232,11:53:29.232,bitget,ACT/USDT:USDT,0.04611,4662.0,0.0461,60933.0,0.04612,10000.0,0.04613,65246.0
1753617209383,11:53:29.383,bitget,ACT/USDT:USDT,0.04611,4662.0,0.0461,60933.0,0.04612,10000.0,0.04613,65246.0
1753617209533,11:53:29.533,bitget,ACT/USDT:USDT,0.04611,4662.0,0.0461,60933.0,0.04612,10000.0,0.04613,65246.0
1753617209683,11:53:29.683,bitget,ACT/USDT:USDT,0.04611,4662.0,0.0461,60933.0,0.04612,10000.0,0.04613,65246.0
1753617209833,11:53:29.833,bitget,ACT/USDT:USDT,0.04611,4662.0,0.0461,60933.0,0.04612,10000.0,0.04613,65246.0
1753617209983,11:53:29.983,bitget,ACT/USDT:USDT,0.04612,2776.0,0.04611,11886.0,0.04613,43237.0,0.04614,45764.0
1753617210133,11:53:30.133,bitget,ACT/USDT:USDT,0.04611,11886.0,0.0461,60933.0,0.04613,52990.0,0.04614,45764.0
1753617210283,11:53:30.283,bitget,ACT/USDT:USDT,0.04611,11886.0,0.0461,60933.0,0.04613,52990.0,0.04614,45764.0
1753617210433,11:53:30.433,bitget,ACT/USDT:USDT,0.04611,11886.0,0.0461,60933.0,0.04613,52990.0,0.04614,45764.0
1753617210583,11:53:30.583,bitget,ACT/USDT:USDT,0.04611,11886.0,0.0461,60933.0,0.04613,52990.0,0.04614,45764.0
1753617210733,11:53:30.733,bitget,ACT/USDT:USDT,0.04611,11886.0,0.0461,60933.0,0.04613,52990.0,0.04614,45764.0
1753617210884,11:53:30.884,bitget,ACT/USDT:USDT,0.04611,11886.0,0.0461,60933.0,0.04613,52990.0,0.04614,45764.0
1753617211034,11:53:31.034,bitget,ACT/USDT:USDT,0.04611,11886.0,0.0461,60933.0,0.04613,52990.0,0.04614,45764.0
1753617211184,11:53:31.184,bitget,ACT/USDT:USDT,0.04611,11886.0,0.0461,60933.0,0.04613,52990.0,0.04614,45764.0
1753617211334,11:53:31.334,bitget,ACT/USDT:USDT,0.04611,11886.0,0.0461,60933.0,0.04613,52990.0,0.04614,45764.0
1753617211484,11:53:31.484,bitget,ACT/USDT:USDT,0.04611,11886.0,0.0461,60933.0,0.04613,52990.0,0.04614,45764.0
1753617211634,11:53:31.634,bitget,ACT/USDT:USDT,0.04611,11886.0,0.0461,60933.0,0.04613,52990.0,0.04614,45764.0
1753617211784,11:53:31.784,bitget,ACT/USDT:USDT,0.04611,11886.0,0.0461,60933.0,0.04613,51085.0,0.04614,45764.0
1753617211934,11:53:31.934,bitget,ACT/USDT:USDT,0.04611,11886.0,0.0461,60933.0,0.04613,43237.0,0.04614,45764.0
1753617212084,11:53:32.084,bitget,ACT/USDT:USDT,0.04611,24718.0,0.0461,60933.0,0.04613,52990.0,0.04614,45764.0
1753617212234,11:53:32.234,bitget,ACT/USDT:USDT,0.04611,24718.0,0.0461,60933.0,0.04613,9753.0,0.04614,45764.0
1753617212384,11:53:32.384,bitget,ACT/USDT:USDT,0.04611,67955.0,0.0461,60933.0,0.04614,13254.0,0.04615,54490.0
1753617212535,11:53:32.535,bitget,ACT/USDT:USDT,0.04611,67955.0,0.0461,60933.0,0.04614,13254.0,0.04615,52752.0
1753617212685,11:53:32.685,bitget,ACT/USDT:USDT,0.04611,67955.0,0.0461,60933.0,0.04614,45764.0,0.04615,52752.0
1753617212835,11:53:32.835,bitget,ACT/USDT:USDT,0.04611,67955.0,0.0461,60933.0,0.04614,45764.0,0.04615,52752.0
1753617212985,11:53:32.985,bitget,ACT/USDT:USDT,0.04611,67955.0,0.0461,60933.0,0.04614,45764.0,0.04615,52752.0
1753617213135,11:53:33.135,bitget,ACT/USDT:USDT,0.04611,67955.0,0.0461,60933.0,0.04613,3757.0,0.04614,45764.0
1753617213285,11:53:33.285,bitget,ACT/USDT:USDT,0.04611,67955.0,0.0461,60933.0,0.04613,3757.0,0.04614,45764.0
1753617213435,11:53:33.435,bitget,ACT/USDT:USDT,0.04611,67955.0,0.0461,60933.0,0.04613,3757.0,0.04614,45764.0
1753617213585,11:53:33.585,bitget,ACT/USDT:USDT,0.04611,67955.0,0.0461,60933.0,0.04613,3757.0,0.04614,45764.0
1753617213735,11:53:33.735,bitget,ACT/USDT:USDT,0.04611,67955.0,0.0461,60933.0,0.04613,8888.0,0.04614,45764.0
1753617213885,11:53:33.885,bitget,ACT/USDT:USDT,0.04611,67955.0,0.0461,60933.0,0.04613,8888.0,0.04614,45764.0
1753617214036,11:53:34.036,bitget,ACT/USDT:USDT,0.04611,67955.0,0.0461,60933.0,0.04613,8888.0,0.04614,45764.0
1753617214186,11:53:34.186,bitget,ACT/USDT:USDT,0.04611,67955.0,0.0461,60933.0,0.04613,8888.0,0.04614,45764.0
1753617214336,11:53:34.336,bitget,ACT/USDT:USDT,0.04611,67955.0,0.0461,60933.0,0.04613,8888.0,0.04614,45764.0
1753617214486,11:53:34.486,bitget,ACT/USDT:USDT,0.04611,67955.0,0.0461,60933.0,0.04613,8888.0,0.04614,45764.0
1753617214636,11:53:34.636,bitget,ACT/USDT:USDT,0.04611,67955.0,0.0461,60933.0,0.04613,8888.0,0.04614,45764.0
1753617214786,11:53:34.786,bitget,ACT/USDT:USDT,0.04611,24718.0,0.0461,60933.0,0.04613,18888.0,0.04614,45764.0
1753617214936,11:53:34.936,bitget,ACT/USDT:USDT,0.04611,24718.0,0.0461,60933.0,0.04613,18888.0,0.04614,45764.0
1753617215086,11:53:35.086,bitget,ACT/USDT:USDT,0.04611,24718.0,0.0461,60933.0,0.04613,18888.0,0.04614,45764.0
1753617215236,11:53:35.236,bitget,ACT/USDT:USDT,0.04611,11886.0,0.0461,60933.0,0.04613,18888.0,0.04614,45764.0
1753617215386,11:53:35.386,bitget,ACT/USDT:USDT,0.04611,65750.0,0.0461,60933.0,0.04613,8888.0,0.04614,45764.0
1753617215537,11:53:35.537,bitget,ACT/USDT:USDT,0.04611,65750.0,0.0461,60933.0,0.04613,8888.0,0.04614,45764.0
1753617215687,11:53:35.687,bitget,ACT/USDT:USDT,0.04611,65750.0,0.0461,60933.0,0.04613,8888.0,0.04614,45764.0
1753617215837,11:53:35.837,bitget,ACT/USDT:USDT,0.04611,65750.0,0.0461,60933.0,0.04613,8888.0,0.04614,45764.0
1753617215987,11:53:35.987,bitget,ACT/USDT:USDT,0.04611,65750.0,0.0461,60933.0,0.04613,8888.0,0.04614,45764.0
1753617216137,11:53:36.137,bitget,ACT/USDT:USDT,0.04611,65750.0,0.0461,60933.0,0.04613,8888.0,0.04614,45764.0
1753617216287,11:53:36.287,bitget,ACT/USDT:USDT,0.04611,65750.0,0.0461,60933.0,0.04613,8888.0,0.04614,45764.0
1753617216437,11:53:36.437,bitget,ACT/USDT:USDT,0.04611,65750.0,0.0461,60933.0,0.04613,8888.0,0.04614,45764.0
1753617216587,11:53:36.587,bitget,ACT/USDT:USDT,0.04611,65750.0,0.0461,60933.0,0.04613,8888.0,0.04614,45764.0
1753617216737,11:53:36.737,bitget,ACT/USDT:USDT,0.04611,65750.0,0.0461,60933.0,0.04613,8888.0,0.04614,45764.0
1753617216887,11:53:36.887,bitget,ACT/USDT:USDT,0.04611,65750.0,0.0461,60933.0,0.04613,8888.0,0.04614,45764.0
1753617217038,11:53:37.038,bitget,ACT/USDT:USDT,0.04611,65750.0,0.0461,60933.0,0.04613,8888.0,0.04614,45764.0
1753617217188,11:53:37.188,bitget,ACT/USDT:USDT,0.04611,65750.0,0.0461,60933.0,0.04613,8888.0,0.04614,45764.0
1753617217338,11:53:37.338,bitget,ACT/USDT:USDT,0.04611,65750.0,0.0461,60933.0,0.04613,8888.0,0.04614,45764.0
1753617217488,11:53:37.488,bitget,ACT/USDT:USDT,0.04611,65750.0,0.0461,60933.0,0.04613,8888.0,0.04614,45764.0
1753617217638,11:53:37.638,bitget,ACT/USDT:USDT,0.04611,65750.0,0.0461,60933.0,0.04613,8888.0,0.04614,45764.0
1753617217788,11:53:37.788,bitget,ACT/USDT:USDT,0.04611,65750.0,0.0461,60933.0,0.04613,8888.0,0.04614,45764.0
1753617217938,11:53:37.938,bitget,ACT/USDT:USDT,0.04611,65750.0,0.0461,60933.0,0.04613,8888.0,0.04614,45764.0
1753617218088,11:53:38.088,bitget,ACT/USDT:USDT,0.04611,65750.0,0.0461,60933.0,0.04613,8888.0,0.04614,45764.0
1753617218238,11:53:38.238,bitget,ACT/USDT:USDT,0.04611,65750.0,0.0461,60933.0,0.04613,8888.0,0.04614,45764.0
1753617218388,11:53:38.388,bitget,ACT/USDT:USDT,0.04611,65750.0,0.0461,60933.0,0.04613,8888.0,0.04614,45764.0
1753617218538,11:53:38.538,bitget,ACT/USDT:USDT,0.04611,65750.0,0.0461,60933.0,0.04613,8888.0,0.04614,45764.0
1753617218689,11:53:38.689,bitget,ACT/USDT:USDT,0.04611,65750.0,0.0461,60933.0,0.04614,45764.0,0.04615,52752.0
1753617218839,11:53:38.839,bitget,ACT/USDT:USDT,0.04611,65750.0,0.0461,60933.0,0.04613,9310.0,0.04614,45764.0
1753617218989,11:53:38.989,bitget,ACT/USDT:USDT,0.04611,65750.0,0.0461,60933.0,0.04613,9310.0,0.04614,45764.0
1753617219139,11:53:39.139,bitget,ACT/USDT:USDT,0.04611,65750.0,0.0461,60933.0,0.04613,9310.0,0.04614,45764.0
1753617219289,11:53:39.289,bitget,ACT/USDT:USDT,0.04611,65750.0,0.0461,60933.0,0.04613,9310.0,0.04614,45764.0
1753617219439,11:53:39.439,bitget,ACT/USDT:USDT,0.04611,65750.0,0.0461,60933.0,0.04613,9310.0,0.04614,45764.0
1753617219589,11:53:39.589,bitget,ACT/USDT:USDT,0.04611,65750.0,0.0461,60933.0,0.04613,9310.0,0.04614,45764.0
1753617219739,11:53:39.739,bitget,ACT/USDT:USDT,0.04611,65750.0,0.0461,60933.0,0.04613,9310.0,0.04614,45764.0
1753617219889,11:53:39.889,bitget,ACT/USDT:USDT,0.04611,65750.0,0.0461,60933.0,0.04613,9310.0,0.04614,45764.0
1753617220039,11:53:40.039,bitget,ACT/USDT:USDT,0.04611,65750.0,0.0461,60933.0,0.04613,9310.0,0.04614,45764.0
1753617220190,11:53:40.190,bitget,ACT/USDT:USDT,0.04611,65750.0,0.0461,60933.0,0.04613,9310.0,0.04614,45764.0
1753617220340,11:53:40.340,bitget,ACT/USDT:USDT,0.04611,65750.0,0.0461,60933.0,0.04613,9310.0,0.04614,45764.0
1753617220490,11:53:40.490,bitget,ACT/USDT:USDT,0.04611,65750.0,0.0461,60933.0,0.04613,9310.0,0.04614,45764.0
1753617220640,11:53:40.640,bitget,ACT/USDT:USDT,0.04611,65750.0,0.0461,60933.0,0.04613,9310.0,0.04614,45764.0
1753617220790,11:53:40.790,bitget,ACT/USDT:USDT,0.04611,65750.0,0.0461,60933.0,0.04613,9310.0,0.04614,45764.0
1753617220940,11:53:40.940,bitget,ACT/USDT:USDT,0.04611,65750.0,0.0461,60933.0,0.04613,9310.0,0.04614,45764.0
1753617221090,11:53:41.090,bitget,ACT/USDT:USDT,0.04611,65750.0,0.0461,60933.0,0.04613,9310.0,0.04614,45764.0
1753617221240,11:53:41.240,bitget,ACT/USDT:USDT,0.04611,65750.0,0.0461,60933.0,0.04613,9310.0,0.04614,45764.0
1753617221390,11:53:41.390,bitget,ACT/USDT:USDT,0.04611,65750.0,0.0461,60933.0,0.04613,9310.0,0.04614,45764.0
1753617221540,11:53:41.540,bitget,ACT/USDT:USDT,0.04611,65750.0,0.0461,60933.0,0.04613,9310.0,0.04614,45764.0
1753617221690,11:53:41.690,bitget,ACT/USDT:USDT,0.04611,65750.0,0.0461,60933.0,0.04613,9310.0,0.04614,45764.0
1753617221841,11:53:41.841,bitget,ACT/USDT:USDT,0.04611,65750.0,0.0461,60933.0,0.04613,9310.0,0.04614,45764.0
1753617221991,11:53:41.991,bitget,ACT/USDT:USDT,0.04611,65750.0,0.0461,60933.0,0.04613,9310.0,0.04614,45764.0
1753617222141,11:53:42.141,bitget,ACT/USDT:USDT,0.04611,65750.0,0.0461,60933.0,0.04613,9310.0,0.04614,45764.0
1753617222291,11:53:42.291,bitget,ACT/USDT:USDT,0.04611,65750.0,0.0461,60933.0,0.04613,9310.0,0.04614,45764.0
1753617222441,11:53:42.441,bitget,ACT/USDT:USDT,0.04611,65750.0,0.0461,60933.0,0.04613,9310.0,0.04614,45764.0
1753617222591,11:53:42.591,bitget,ACT/USDT:USDT,0.04611,65750.0,0.0461,60933.0,0.04613,9310.0,0.04614,45764.0
1753617222741,11:53:42.741,bitget,ACT/USDT:USDT,0.04611,65750.0,0.0461,60933.0,0.04613,9310.0,0.04614,45764.0
1753617222891,11:53:42.891,bitget,ACT/USDT:USDT,0.04611,65750.0,0.0461,60933.0,0.04613,9310.0,0.04614,45764.0
1753617223041,11:53:43.041,bitget,ACT/USDT:USDT,0.04611,65750.0,0.0461,60933.0,0.04614,13254.0,0.04615,52752.0
1753617223191,11:53:43.191,bitget,ACT/USDT:USDT,0.04612,16165.0,0.04611,65750.0,0.04614,13254.0,0.04615,52752.0
1753617223341,11:53:43.341,bitget,ACT/USDT:USDT,0.04612,26165.0,0.04611,65750.0,0.04614,13254.0,0.04615,52752.0
1753617223492,11:53:43.492,bitget,ACT/USDT:USDT,0.04612,26165.0,0.04611,65750.0,0.04614,13254.0,0.04615,52752.0
1753617223642,11:53:43.642,bitget,ACT/USDT:USDT,0.04612,26165.0,0.04611,65750.0,0.04614,13254.0,0.04615,52752.0
1753617223792,11:53:43.792,bitget,ACT/USDT:USDT,0.04613,10000.0,0.04612,58675.0,0.04614,13254.0,0.04615,52752.0
1753617223942,11:53:43.942,bitget,ACT/USDT:USDT,0.04613,10000.0,0.04612,59047.0,0.04614,12971.0,0.04615,42025.0
1753617224092,11:53:44.092,bitget,ACT/USDT:USDT,0.04613,10000.0,0.04612,59047.0,0.04615,42025.0,0.04616,48366.0
1753617224242,11:53:44.242,bitget,ACT/USDT:USDT,0.04613,10000.0,0.04612,59047.0,0.04615,42025.0,0.04616,48366.0
1753617224392,11:53:44.392,bitget,ACT/USDT:USDT,0.04613,10000.0,0.04612,59047.0,0.04615,42025.0,0.04616,48366.0
1753617224542,11:53:44.542,bitget,ACT/USDT:USDT,0.04613,10000.0,0.04612,59047.0,0.04615,42025.0,0.04616,48366.0
1753617224692,11:53:44.692,bitget,ACT/USDT:USDT,0.04613,10000.0,0.04612,59047.0,0.04615,42025.0,0.04616,48366.0
1753617224842,11:53:44.842,bitget,ACT/USDT:USDT,0.04613,10000.0,0.04612,59047.0,0.04615,42025.0,0.04616,48366.0
1753617224993,11:53:44.993,bitget,ACT/USDT:USDT,0.04613,10000.0,0.04612,59047.0,0.04615,42025.0,0.04616,48366.0
1753617225143,11:53:45.143,bitget,ACT/USDT:USDT,0.04613,10000.0,0.04612,59047.0,0.04615,42025.0,0.04616,48366.0
1753617225293,11:53:45.293,bitget,ACT/USDT:USDT,0.04613,10000.0,0.04612,59047.0,0.04615,42025.0,0.04616,48366.0
1753617225443,11:53:45.443,bitget,ACT/USDT:USDT,0.04613,10000.0,0.04612,59047.0,0.04615,42025.0,0.04616,48366.0
1753617225593,11:53:45.593,bitget,ACT/USDT:USDT,0.04613,10000.0,0.04612,59047.0,0.04615,42025.0,0.04616,48366.0
1753617225743,11:53:45.743,bitget,ACT/USDT:USDT,0.04613,10000.0,0.04612,59047.0,0.04615,42025.0,0.04616,48366.0
1753617225893,11:53:45.893,bitget,ACT/USDT:USDT,0.04612,10000.0,0.04611,63864.0,0.04614,2776.0,0.04615,54685.0
1753617226043,11:53:46.043,bitget,ACT/USDT:USDT,0.04612,10000.0,0.04611,63864.0,0.04614,22529.0,0.04615,54685.0
1753617226193,11:53:46.193,bitget,ACT/USDT:USDT,0.04612,10000.0,0.04611,63864.0,0.04614,22529.0,0.04615,54685.0
1753617226343,11:53:46.343,bitget,ACT/USDT:USDT,0.04612,10000.0,0.04611,63864.0,0.04614,22529.0,0.04615,54685.0
1753617226493,11:53:46.493,bitget,ACT/USDT:USDT,0.04612,10000.0,0.04611,63864.0,0.04614,22529.0,0.04615,54685.0
1753617226644,11:53:46.644,bitget,ACT/USDT:USDT,0.04612,10000.0,0.04611,63864.0,0.04614,22529.0,0.04615,54685.0
1753617226794,11:53:46.794,bitget,ACT/USDT:USDT,0.04612,10000.0,0.04611,63864.0,0.04614,22529.0,0.04615,54685.0
1753617226944,11:53:46.944,bitget,ACT/USDT:USDT,0.04612,10000.0,0.04611,63864.0,0.04614,22529.0,0.04615,54685.0
1753617227094,11:53:47.094,bitget,ACT/USDT:USDT,0.04612,10000.0,0.04611,63864.0,0.04614,12529.0,0.04615,54685.0
1753617227244,11:53:47.244,bitget,ACT/USDT:USDT,0.04612,11933.0,0.04611,63864.0,0.04614,12529.0,0.04615,54685.0
1753617227394,11:53:47.394,bitget,ACT/USDT:USDT,0.04612,11933.0,0.04611,63864.0,0.04614,9753.0,0.04615,52752.0
1753617227544,11:53:47.544,bitget,ACT/USDT:USDT,0.04612,11933.0,0.04611,63864.0,0.04614,9753.0,0.04615,52752.0
1753617227694,11:53:47.694,bitget,ACT/USDT:USDT,0.04612,27904.0,0.04611,63864.0,0.04614,9753.0,0.04615,52752.0
1753617227844,11:53:47.844,bitget,ACT/USDT:USDT,0.04612,27904.0,0.04611,63864.0,0.04614,9753.0,0.04615,52752.0
1753617227994,11:53:47.994,bitget,ACT/USDT:USDT,0.04612,27904.0,0.04611,63864.0,0.04614,9753.0,0.04615,52752.0
1753617228144,11:53:48.144,bitget,ACT/USDT:USDT,0.04612,27904.0,0.04611,63864.0,0.04614,9753.0,0.04615,52752.0
1753617228295,11:53:48.295,bitget,ACT/USDT:USDT,0.04612,27904.0,0.04611,63864.0,0.04614,9753.0,0.04615,52752.0
1753617228445,11:53:48.445,bitget,ACT/USDT:USDT,0.04612,27904.0,0.04611,63864.0,0.04614,9753.0,0.04615,52752.0
1753617228595,11:53:48.595,bitget,ACT/USDT:USDT,0.04612,27904.0,0.04611,63864.0,0.04614,9753.0,0.04615,52752.0
1753617228745,11:53:48.745,bitget,ACT/USDT:USDT,0.04612,27904.0,0.04611,63864.0,0.04614,9753.0,0.04615,52752.0
1753617228895,11:53:48.895,bitget,ACT/USDT:USDT,0.04612,27904.0,0.04611,63864.0,0.04614,9753.0,0.04615,52752.0
1753617229045,11:53:49.045,bitget,ACT/USDT:USDT,0.04612,27904.0,0.04611,63864.0,0.04614,9753.0,0.04615,52752.0
1753617229195,11:53:49.195,bitget,ACT/USDT:USDT,0.04612,27904.0,0.04611,63864.0,0.04614,9753.0,0.04615,52752.0
1753617229345,11:53:49.345,bitget,ACT/USDT:USDT,0.04612,27904.0,0.04611,63864.0,0.04614,9753.0,0.04615,52752.0
1753617229495,11:53:49.495,bitget,ACT/USDT:USDT,0.04612,60414.0,0.04611,63864.0,0.04614,7848.0,0.04615,9515.0
1753617229645,11:53:49.645,bitget,ACT/USDT:USDT,0.04612,60414.0,0.04611,63864.0,0.04615,9515.0,0.04616,48366.0
1753617229796,11:53:49.796,bitget,ACT/USDT:USDT,0.04612,60414.0,0.04611,63864.0,0.04615,9515.0,0.04616,48366.0
1753617229946,11:53:49.946,bitget,ACT/USDT:USDT,0.04612,60414.0,0.04611,63864.0,0.04615,9515.0,0.04616,48366.0
1753617230096,11:53:50.096,bitget,ACT/USDT:USDT,0.04612,60414.0,0.04611,63864.0,0.04615,9515.0,0.04616,48366.0
1753617230246,11:53:50.246,bitget,ACT/USDT:USDT,0.04612,60414.0,0.04611,63864.0,0.04615,9515.0,0.04616,48366.0
1753617230396,11:53:50.396,bitget,ACT/USDT:USDT,0.04615,9515.0,0.04614,43237.0,0.04616,15856.0,0.04617,15734.0
1753617230546,11:53:50.546,bitget,ACT/USDT:USDT,0.04615,9515.0,0.04614,60525.0,0.04617,42263.0,0.04618,44960.0
1753617230696,11:53:50.696,bitget,ACT/USDT:USDT,0.04615,9515.0,0.04614,60525.0,0.04616,10000.0,0.04617,52263.0
1753617230846,11:53:50.846,bitget,ACT/USDT:USDT,0.04615,9515.0,0.04614,62500.0,0.04616,10000.0,0.04617,52263.0
1753617230996,11:53:50.996,bitget,ACT/USDT:USDT,0.04615,9515.0,0.04614,62500.0,0.04616,10000.0,0.04617,52263.0
1753617231146,11:53:51.146,bitget,ACT/USDT:USDT,0.04615,9515.0,0.04614,62500.0,0.04616,10000.0,0.04617,52263.0
1753617231296,11:53:51.296,bitget,ACT/USDT:USDT,0.04614,62500.0,0.04613,55843.0,0.04616,10000.0,0.04617,52263.0
1753617231447,11:53:51.447,bitget,ACT/USDT:USDT,0.04614,25217.0,0.04613,55843.0,0.04616,10000.0,0.04617,52263.0
1753617231597,11:53:51.597,bitget,ACT/USDT:USDT,0.04613,55843.0,0.04612,58481.0,0.04616,10000.0,0.04617,62990.0
1753617231747,11:53:51.747,bitget,ACT/USDT:USDT,0.04613,66570.0,0.04612,58481.0,0.04615,12776.0,0.04616,57238.0
1753617231897,11:53:51.897,bitget,ACT/USDT:USDT,0.04613,66570.0,0.04612,60456.0,0.04615,12776.0,0.04616,57238.0
1753617232047,11:53:52.047,bitget,ACT/USDT:USDT,0.04613,66570.0,0.04612,60456.0,0.04615,12776.0,0.04616,57238.0
1753617232197,11:53:52.197,bitget,ACT/USDT:USDT,0.04613,66570.0,0.04612,60456.0,0.04615,12776.0,0.04616,57238.0
1753617232347,11:53:52.347,bitget,ACT/USDT:USDT,0.04613,66570.0,0.04612,60456.0,0.04615,12776.0,0.04616,57238.0
1753617232497,11:53:52.497,bitget,ACT/USDT:USDT,0.04613,66570.0,0.04612,60456.0,0.04615,12776.0,0.04616,57238.0
1753617232647,11:53:52.647,bitget,ACT/USDT:USDT,0.04613,12632.0,0.04612,50456.0,0.04615,12776.0,0.04616,57238.0
1753617232798,11:53:52.798,bitget,ACT/USDT:USDT,0.04612,15971.0,0.04611,21354.0,0.04614,2776.0,0.04615,66583.0
1753617232948,11:53:52.948,bitget,ACT/USDT:USDT,0.04612,1905.0,0.04611,55839.0,0.04614,12776.0,0.04615,55856.0
1753617233098,11:53:53.098,bitget,ACT/USDT:USDT,0.04612,45835.0,0.04611,55839.0,0.04614,12776.0,0.04615,23346.0
1753617233248,11:53:53.248,bitget,ACT/USDT:USDT,0.04612,45835.0,0.04611,55839.0,0.04614,12776.0,0.04615,23346.0
1753617233398,11:53:53.398,bitget,ACT/USDT:USDT,0.04612,45835.0,0.04611,55839.0,0.04614,12776.0,0.04615,23346.0
1753617233548,11:53:53.548,bitget,ACT/USDT:USDT,0.04612,45835.0,0.04611,55839.0,0.04614,12776.0,0.04615,23346.0
1753617233698,11:53:53.698,bitget,ACT/USDT:USDT,0.04612,55835.0,0.04611,55839.0,0.04614,12776.0,0.04615,23346.0
1753617233848,11:53:53.848,bitget,ACT/USDT:USDT,0.04612,13325.0,0.04611,55839.0,0.04614,12776.0,0.04615,55856.0
1753617233998,11:53:53.998,bitget,ACT/USDT:USDT,0.04611,53864.0,0.0461,49047.0,0.04614,12776.0,0.04615,55856.0
1753617234148,11:53:54.148,bitget,ACT/USDT:USDT,0.04611,55839.0,0.0461,49047.0,0.04614,25529.0,0.04615,57831.0
1753617234299,11:53:54.299,bitget,ACT/USDT:USDT,0.04612,13564.0,0.04611,55839.0,0.04614,25529.0,0.04615,57831.0
1753617234449,11:53:54.449,bitget,ACT/USDT:USDT,0.04612,23564.0,0.04611,55839.0,0.04614,25529.0,0.04615,57831.0
1753617234599,11:53:54.599,bitget,ACT/USDT:USDT,0.04612,23564.0,0.04611,55839.0,0.04614,25529.0,0.04615,57831.0
1753617234749,11:53:54.749,bitget,ACT/USDT:USDT,0.04612,56074.0,0.04611,55839.0,0.04614,25529.0,0.04615,57831.0
1753617234899,11:53:54.899,bitget,ACT/USDT:USDT,0.04612,56074.0,0.04611,55839.0,0.04614,25529.0,0.04615,57831.0
1753617235049,11:53:55.049,bitget,ACT/USDT:USDT,0.04612,56074.0,0.04611,55839.0,0.04614,25529.0,0.04615,57831.0
1753617235199,11:53:55.199,bitget,ACT/USDT:USDT,0.04612,56074.0,0.04611,55839.0,0.04614,25529.0,0.04615,57831.0
1753617235349,11:53:55.349,bitget,ACT/USDT:USDT,0.04612,56074.0,0.04611,55839.0,0.04614,25529.0,0.04615,57831.0
1753617235499,11:53:55.499,bitget,ACT/USDT:USDT,0.04612,46074.0,0.04611,55839.0,0.04614,25529.0,0.04615,57831.0
1753617235649,11:53:55.649,bitget,ACT/USDT:USDT,0.04612,13564.0,0.04611,55839.0,0.04614,25529.0,0.04615,57831.0
1753617235799,11:53:55.799,bitget,ACT/USDT:USDT,0.04612,13564.0,0.04611,55839.0,0.04614,25529.0,0.04615,57831.0
1753617235950,11:53:55.950,bitget,ACT/USDT:USDT,0.04612,13564.0,0.04611,55839.0,0.04614,25529.0,0.04615,57831.0
1753617236100,11:53:56.100,bitget,ACT/USDT:USDT,0.04612,13564.0,0.04611,55839.0,0.04614,25529.0,0.04615,57831.0
1753617236400,11:53:56.400,bitget,ACT/USDT:USDT,0.04612,13564.0,0.04611,55839.0,0.04614,25529.0,0.04615,57831.0
1753617236700,11:53:56.700,bitget,ACT/USDT:USDT,0.04612,23564.0,0.04611,55839.0,0.04614,25529.0,0.04615,57831.0
1753617236850,11:53:56.850,bitget,ACT/USDT:USDT,0.04612,23564.0,0.04611,55839.0,0.04614,25529.0,0.04615,57831.0
1753617237000,11:53:57.000,bitget,ACT/USDT:USDT,0.04612,23564.0,0.04611,55839.0,0.04614,25529.0,0.04615,57831.0
1753617237150,11:53:57.150,bitget,ACT/USDT:USDT,0.04612,23564.0,0.04611,55839.0,0.04614,25529.0,0.04615,57831.0
1753617237300,11:53:57.300,bitget,ACT/USDT:USDT,0.04612,23564.0,0.04611,55839.0,0.04614,25529.0,0.04615,57831.0
1753617237450,11:53:57.450,bitget,ACT/USDT:USDT,0.04612,23564.0,0.04611,55839.0,0.04614,25529.0,0.04615,57831.0
1753617237601,11:53:57.601,bitget,ACT/USDT:USDT,0.04612,23564.0,0.04611,55839.0,0.04614,25529.0,0.04615,57831.0
1753617237751,11:53:57.751,bitget,ACT/USDT:USDT,0.04612,10000.0,0.04611,55839.0,0.04614,25529.0,0.04615,57831.0
1753617237901,11:53:57.901,bitget,ACT/USDT:USDT,0.04612,10000.0,0.04611,55839.0,0.04614,25529.0,0.04615,57831.0
1753617238051,11:53:58.051,bitget,ACT/USDT:USDT,0.04612,10000.0,0.04611,55839.0,0.04614,25529.0,0.04615,57831.0
1753617238201,11:53:58.201,bitget,ACT/USDT:USDT,0.04612,10000.0,0.04611,55839.0,0.04614,25529.0,0.04615,57831.0
1753617238351,11:53:58.351,bitget,ACT/USDT:USDT,0.04612,10000.0,0.04611,55839.0,0.04614,25529.0,0.04615,57831.0
1753617238501,11:53:58.501,bitget,ACT/USDT:USDT,0.04612,23564.0,0.04611,55839.0,0.04614,25529.0,0.04615,57831.0
1753617238651,11:53:58.651,bitget,ACT/USDT:USDT,0.04612,23564.0,0.04611,55839.0,0.04614,25529.0,0.04615,57831.0
1753617238801,11:53:58.801,bitget,ACT/USDT:USDT,0.04612,23564.0,0.04611,55839.0,0.04614,25529.0,0.04615,57831.0
1753617238951,11:53:58.951,bitget,ACT/USDT:USDT,0.04612,23564.0,0.04611,55839.0,0.04614,25529.0,0.04615,57831.0
1753617239102,11:53:59.102,bitget,ACT/USDT:USDT,0.04612,23564.0,0.04611,55839.0,0.04614,25529.0,0.04615,68558.0
1753617239252,11:53:59.252,bitget,ACT/USDT:USDT,0.04612,23564.0,0.04611,55839.0,0.04614,58039.0,0.04615,68558.0
1753617239402,11:53:59.402,bitget,ACT/USDT:USDT,0.04612,10000.0,0.04611,55839.0,0.04614,58039.0,0.04615,68558.0
1753617239552,11:53:59.552,bitget,ACT/USDT:USDT,0.04612,10000.0,0.04611,55839.0,0.04614,58039.0,0.04615,68558.0
1753617239702,11:53:59.702,bitget,ACT/USDT:USDT,0.04612,10000.0,0.04611,55839.0,0.04614,58039.0,0.04615,64727.0
1753617239852,11:53:59.852,bitget,ACT/USDT:USDT,0.04611,45112.0,0.0461,49047.0,0.04613,2776.0,0.04614,55263.0
1753617240002,11:54:00.002,bitget,ACT/USDT:USDT,0.0461,16537.0,0.04609,9753.0,0.04613,37089.0,0.04614,57238.0
1753617240152,11:54:00.152,bitget,ACT/USDT:USDT,0.0461,32510.0,0.04609,52990.0,0.04612,13903.0,0.04613,34313.0
1753617240302,11:54:00.302,bitget,ACT/USDT:USDT,0.0461,45481.0,0.04609,52990.0,0.04612,13903.0,0.04613,34313.0
1753617240452,11:54:00.452,bitget,ACT/USDT:USDT,0.0461,45481.0,0.04609,52990.0,0.04612,2776.0,0.04613,34313.0
1753617240602,11:54:00.602,bitget,ACT/USDT:USDT,0.04611,10000.0,0.0461,55481.0,0.04612,2776.0,0.04613,34313.0
1753617240753,11:54:00.753,bitget,ACT/USDT:USDT,0.04611,10000.0,0.0461,55481.0,0.04612,2776.0,0.04613,34313.0
1753617240903,11:54:00.903,bitget,ACT/USDT:USDT,0.04611,10000.0,0.0461,55481.0,0.04612,2776.0,0.04613,34313.0
1753617241053,11:54:01.053,bitget,ACT/USDT:USDT,0.04611,10000.0,0.0461,55481.0,0.04612,2776.0,0.04613,23586.0
1753617241203,11:54:01.203,bitget,ACT/USDT:USDT,0.04611,10000.0,0.0461,57456.0,0.04612,2776.0,0.04613,23586.0
1753617241353,11:54:01.353,bitget,ACT/USDT:USDT,0.04611,10000.0,0.0461,57456.0,0.04612,2776.0,0.04613,23586.0
1753617241503,11:54:01.503,bitget,ACT/USDT:USDT,0.04611,10000.0,0.0461,57456.0,0.04612,2776.0,0.04613,23586.0
1753617241653,11:54:01.653,bitget,ACT/USDT:USDT,0.04611,10000.0,0.0461,57456.0,0.04612,2776.0,0.04613,23586.0
1753617241803,11:54:01.803,bitget,ACT/USDT:USDT,0.04611,10000.0,0.0461,57456.0,0.04612,2776.0,0.04613,23586.0
1753617241953,11:54:01.953,bitget,ACT/USDT:USDT,0.0461,57456.0,0.04609,52990.0,0.04612,2776.0,0.04613,23586.0
1753617242104,11:54:02.104,bitget,ACT/USDT:USDT,0.0461,45481.0,0.04609,52990.0,0.04612,2776.0,0.04613,56096.0
1753617242254,11:54:02.254,bitget,ACT/USDT:USDT,0.0461,45481.0,0.04609,52990.0,0.04612,2776.0,0.04613,56096.0
1753617242404,11:54:02.404,bitget,ACT/USDT:USDT,0.0461,45481.0,0.04609,52990.0,0.04612,2776.0,0.04613,56096.0
1753617242554,11:54:02.554,bitget,ACT/USDT:USDT,0.0461,45481.0,0.04609,52990.0,0.04612,12776.0,0.04613,56096.0
1753617242704,11:54:02.704,bitget,ACT/USDT:USDT,0.04609,52990.0,0.04608,45243.0,0.04611,2776.0,0.04612,20856.0
1753617242854,11:54:02.854,bitget,ACT/USDT:USDT,0.0461,1540.0,0.04609,52990.0,0.04611,12776.0,0.04612,24861.0
1753617243004,11:54:03.004,bitget,ACT/USDT:USDT,0.0461,1540.0,0.04609,52990.0,0.04611,12776.0,0.04612,24861.0
1753617243154,11:54:03.154,bitget,ACT/USDT:USDT,0.0461,1540.0,0.04609,52990.0,0.04611,12776.0,0.04612,24861.0
1753617243304,11:54:03.304,bitget,ACT/USDT:USDT,0.0461,1540.0,0.04609,52990.0,0.04611,12776.0,0.04612,24861.0
1753617243454,11:54:03.454,bitget,ACT/USDT:USDT,0.0461,11540.0,0.04609,52990.0,0.04611,12776.0,0.04612,24861.0
1753617243604,11:54:03.604,bitget,ACT/USDT:USDT,0.0461,11540.0,0.04609,54965.0,0.04611,12776.0,0.04612,24861.0
1753617243755,11:54:03.755,bitget,ACT/USDT:USDT,0.0461,11540.0,0.04609,54965.0,0.04611,12776.0,0.04612,24861.0
1753617243905,11:54:03.905,bitget,ACT/USDT:USDT,0.0461,11540.0,0.04609,54965.0,0.04611,12776.0,0.04612,24861.0
1753617244055,11:54:04.055,bitget,ACT/USDT:USDT,0.0461,11540.0,0.04609,54965.0,0.04611,12776.0,0.04612,24861.0
1753617244205,11:54:04.205,bitget,ACT/USDT:USDT,0.0461,11540.0,0.04609,54965.0,0.04611,12776.0,0.04612,24861.0
1753617244355,11:54:04.355,bitget,ACT/USDT:USDT,0.0461,11540.0,0.04609,54965.0,0.04611,12776.0,0.04612,24861.0
1753617244505,11:54:04.505,bitget,ACT/USDT:USDT,0.0461,11540.0,0.04609,54965.0,0.04611,12776.0,0.04612,24861.0
1753617244655,11:54:04.655,bitget,ACT/USDT:USDT,0.0461,11540.0,0.04609,54965.0,0.04611,12776.0,0.04612,24861.0
1753617244805,11:54:04.805,bitget,ACT/USDT:USDT,0.0461,1540.0,0.04609,54965.0,0.04611,12776.0,0.04612,24861.0
1753617244955,11:54:04.955,bitget,ACT/USDT:USDT,0.0461,1540.0,0.04609,54965.0,0.04611,12776.0,0.04612,24861.0
1753617245105,11:54:05.105,bitget,ACT/USDT:USDT,0.0461,1540.0,0.04609,54965.0,0.04611,12776.0,0.04612,24861.0
1753617245256,11:54:05.256,bitget,ACT/USDT:USDT,0.0461,1540.0,0.04609,54965.0,0.04611,12776.0,0.04612,24861.0
1753617245406,11:54:05.406,bitget,ACT/USDT:USDT,0.0461,1540.0,0.04609,54965.0,0.04611,12776.0,0.04612,24861.0
1753617245556,11:54:05.556,bitget,ACT/USDT:USDT,0.0461,1540.0,0.04609,54965.0,0.04611,12776.0,0.04612,24861.0
1753617245706,11:54:05.706,bitget,ACT/USDT:USDT,0.0461,1540.0,0.04609,54965.0,0.04611,12776.0,0.04612,24861.0
1753617245856,11:54:05.856,bitget,ACT/USDT:USDT,0.0461,1540.0,0.04609,54965.0,0.04611,12776.0,0.04612,24861.0
1753617246006,11:54:06.006,bitget,ACT/USDT:USDT,0.0461,1540.0,0.04609,54965.0,0.04611,12776.0,0.04612,24861.0
1753617246156,11:54:06.156,bitget,ACT/USDT:USDT,0.0461,1540.0,0.04609,9753.0,0.04611,12776.0,0.04612,57371.0
1753617246306,11:54:06.306,bitget,ACT/USDT:USDT,0.0461,1540.0,0.04609,42263.0,0.04611,12776.0,0.04612,59346.0
1753617246456,11:54:06.456,bitget,ACT/USDT:USDT,0.0461,1540.0,0.04609,42263.0,0.04611,12776.0,0.04612,59346.0
1753617246606,11:54:06.606,bitget,ACT/USDT:USDT,0.0461,1540.0,0.04609,42263.0,0.04611,12776.0,0.04612,59346.0
1753617246756,11:54:06.756,bitget,ACT/USDT:USDT,0.0461,1540.0,0.04609,42263.0,0.04611,12776.0,0.04612,59346.0
1753617246907,11:54:06.907,bitget,ACT/USDT:USDT,0.0461,1540.0,0.04609,42263.0,0.04611,12776.0,0.04612,59346.0
1753617247057,11:54:07.057,bitget,ACT/USDT:USDT,0.0461,1540.0,0.04609,42263.0,0.04611,12776.0,0.04612,59346.0
1753617247207,11:54:07.207,bitget,ACT/USDT:USDT,0.04609,42263.0,0.04608,45243.0,0.04611,12776.0,0.04612,59346.0
1753617247357,11:54:07.357,bitget,ACT/USDT:USDT,0.04608,45243.0,0.04607,55990.0,0.0461,2776.0,0.04611,20492.0
1753617247507,11:54:07.507,bitget,ACT/USDT:USDT,0.04608,45243.0,0.04607,55990.0,0.0461,12776.0,0.04611,20492.0
1753617247657,11:54:07.657,bitget,ACT/USDT:USDT,0.04608,45243.0,0.04607,55990.0,0.0461,12776.0,0.04611,20492.0
1753617247807,11:54:07.807,bitget,ACT/USDT:USDT,0.04608,45243.0,0.04607,55990.0,0.0461,12776.0,0.04611,20492.0
1753617247957,11:54:07.957,bitget,ACT/USDT:USDT,0.04608,12733.0,0.04607,55990.0,0.0461,11947.0,0.04611,53002.0
1753617248107,11:54:08.107,bitget,ACT/USDT:USDT,0.04607,55990.0,0.04606,48481.0,0.04609,2776.0,0.0461,11947.0
1753617248257,11:54:08.257,bitget,ACT/USDT:USDT,0.04607,55990.0,0.04606,48481.0,0.04609,12776.0,0.0461,31066.0
1753617248408,11:54:08.408,bitget,ACT/USDT:USDT,0.04607,55990.0,0.04606,48481.0,0.04609,12776.0,0.0461,63576.0
1753617248558,11:54:08.558,bitget,ACT/USDT:USDT,0.04607,55990.0,0.04606,48481.0,0.04609,12776.0,0.0461,63576.0
1753617248708,11:54:08.708,bitget,ACT/USDT:USDT,0.04607,55990.0,0.04606,48481.0,0.04609,12776.0,0.0461,63576.0
1753617248858,11:54:08.858,bitget,ACT/USDT:USDT,0.04607,55990.0,0.04606,48481.0,0.04609,12776.0,0.0461,63576.0
1753617249008,11:54:09.008,bitget,ACT/USDT:USDT,0.04607,55990.0,0.04606,48481.0,0.04609,12776.0,0.0461,63576.0
1753617249158,11:54:09.158,bitget,ACT/USDT:USDT,0.04607,55990.0,0.04606,48481.0,0.04609,12776.0,0.0461,63576.0
1753617249308,11:54:09.308,bitget,ACT/USDT:USDT,0.04607,55990.0,0.04606,48481.0,0.04609,12776.0,0.0461,63576.0
1753617249458,11:54:09.458,bitget,ACT/USDT:USDT,0.04607,55990.0,0.04606,48481.0,0.04609,12776.0,0.0461,63576.0
1753617249608,11:54:09.608,bitget,ACT/USDT:USDT,0.04607,55990.0,0.04606,48481.0,0.04609,12776.0,0.0461,63576.0
1753617249758,11:54:09.758,bitget,ACT/USDT:USDT,0.04607,55990.0,0.04606,48481.0,0.04609,12776.0,0.0461,63576.0
1753617249909,11:54:09.909,bitget,ACT/USDT:USDT,0.04607,55990.0,0.04606,48481.0,0.04609,12776.0,0.0461,63576.0
1753617250059,11:54:10.059,bitget,ACT/USDT:USDT,0.04607,55990.0,0.04606,48481.0,0.04609,12776.0,0.0461,63576.0
1753617250209,11:54:10.209,bitget,ACT/USDT:USDT,0.04607,55990.0,0.04606,48481.0,0.04609,12776.0,0.0461,63576.0
1753617250359,11:54:10.359,bitget,ACT/USDT:USDT,0.04607,55990.0,0.04606,48481.0,0.04609,12776.0,0.0461,63576.0
1753617250509,11:54:10.509,bitget,ACT/USDT:USDT,0.04607,55990.0,0.04606,48481.0,0.04609,12776.0,0.0461,63576.0
1753617250659,11:54:10.659,bitget,ACT/USDT:USDT,0.04607,55990.0,0.04606,48481.0,0.04609,12776.0,0.0461,63576.0
1753617250809,11:54:10.809,bitget,ACT/USDT:USDT,0.04607,55990.0,0.04606,48481.0,0.04609,12776.0,0.0461,63576.0
1753617250959,11:54:10.959,bitget,ACT/USDT:USDT,0.04607,55990.0,0.04606,48481.0,0.04609,12776.0,0.0461,63576.0
1753617251109,11:54:11.109,bitget,ACT/USDT:USDT,0.04607,55990.0,0.04606,48481.0,0.04609,12776.0,0.0461,63576.0
1753617251259,11:54:11.259,bitget,ACT/USDT:USDT,0.04607,55990.0,0.04606,48481.0,0.04609,12776.0,0.0461,63576.0
1753617251410,11:54:11.410,bitget,ACT/USDT:USDT,0.04607,55990.0,0.04606,48481.0,0.04609,12776.0,0.0461,63576.0
1753617251560,11:54:11.560,bitget,ACT/USDT:USDT,0.04607,55990.0,0.04606,48481.0,0.04609,12776.0,0.0461,63576.0
1753617251710,11:54:11.710,bitget,ACT/USDT:USDT,0.04607,55990.0,0.04606,48481.0,0.04609,12776.0,0.0461,63576.0
1753617251860,11:54:11.860,bitget,ACT/USDT:USDT,0.04607,55990.0,0.04606,48481.0,0.04609,12776.0,0.0461,63576.0
1753617252010,11:54:12.010,bitget,ACT/USDT:USDT,0.04607,55990.0,0.04606,48481.0,0.04609,12776.0,0.0461,63576.0
1753617252160,11:54:12.160,bitget,ACT/USDT:USDT,0.04607,55990.0,0.04606,48481.0,0.04609,12776.0,0.0461,63576.0
1753617252310,11:54:12.310,bitget,ACT/USDT:USDT,0.04607,55990.0,0.04606,48481.0,0.04609,12776.0,0.0461,63576.0
1753617252460,11:54:12.460,bitget,ACT/USDT:USDT,0.04607,55990.0,0.04606,48481.0,0.04609,12776.0,0.0461,29119.0
1753617252610,11:54:12.610,bitget,ACT/USDT:USDT,0.04607,55990.0,0.04606,48481.0,0.04609,12776.0,0.0461,29119.0
1753617252760,11:54:12.760,bitget,ACT/USDT:USDT,0.04607,55990.0,0.04606,48481.0,0.04609,12776.0,0.0461,29119.0
1753617252910,11:54:12.910,bitget,ACT/USDT:USDT,0.04607,55990.0,0.04606,48481.0,0.04609,12776.0,0.0461,29119.0
1753617253060,11:54:13.060,bitget,ACT/USDT:USDT,0.04607,55990.0,0.04606,48481.0,0.04609,12776.0,0.0461,29119.0
1753617253211,11:54:13.211,bitget,ACT/USDT:USDT,0.04607,55990.0,0.04606,48481.0,0.04609,12776.0,0.0461,29119.0
1753617253361,11:54:13.361,bitget,ACT/USDT:USDT,0.04608,10000.0,0.04607,65990.0,0.04609,12776.0,0.0461,29119.0
1753617253511,11:54:13.511,bitget,ACT/USDT:USDT,0.04608,10000.0,0.04607,65990.0,0.04609,12776.0,0.0461,29119.0
1753617253661,11:54:13.661,bitget,ACT/USDT:USDT,0.04608,10000.0,0.04607,65990.0,0.04609,12776.0,0.0461,29119.0
1753617253811,11:54:13.811,bitget,ACT/USDT:USDT,0.04608,10000.0,0.04607,65990.0,0.04609,12776.0,0.0461,29119.0
1753617253961,11:54:13.961,bitget,ACT/USDT:USDT,0.04608,10000.0,0.04607,65990.0,0.04609,12776.0,0.0461,29119.0
1753617254111,11:54:14.111,bitget,ACT/USDT:USDT,0.04608,10000.0,0.04607,65990.0,0.04609,12776.0,0.0461,29119.0
1753617254261,11:54:14.261,bitget,ACT/USDT:USDT,0.04608,10000.0,0.04607,65990.0,0.04609,12776.0,0.0461,29119.0
1753617254411,11:54:14.411,bitget,ACT/USDT:USDT,0.04608,10000.0,0.04607,65990.0,0.04609,12776.0,0.0461,29119.0
1753617254561,11:54:14.561,bitget,ACT/USDT:USDT,0.04608,10000.0,0.04607,65990.0,0.04609,12776.0,0.0461,29119.0
1753617254712,11:54:14.712,bitget,ACT/USDT:USDT,0.04608,10000.0,0.04607,65990.0,0.04609,12776.0,0.0461,29119.0
1753617254862,11:54:14.862,bitget,ACT/USDT:USDT,0.04608,10000.0,0.04607,65990.0,0.04609,12776.0,0.0461,29119.0
1753617255012,11:54:15.012,bitget,ACT/USDT:USDT,0.04608,10000.0,0.04607,65990.0,0.04609,12776.0,0.0461,29119.0
1753617255162,11:54:15.162,bitget,ACT/USDT:USDT,0.04608,10000.0,0.04607,65990.0,0.04609,12776.0,0.0461,29119.0
1753617255312,11:54:15.312,bitget,ACT/USDT:USDT,0.04608,10000.0,0.04607,65990.0,0.04609,2776.0,0.0461,29119.0
1753617255462,11:54:15.462,bitget,ACT/USDT:USDT,0.04608,10000.0,0.04607,65990.0,0.04609,2776.0,0.0461,29119.0
1753617255612,11:54:15.612,bitget,ACT/USDT:USDT,0.04608,10000.0,0.04607,65990.0,0.04609,2776.0,0.0461,29119.0
1753617255762,11:54:15.762,bitget,ACT/USDT:USDT,0.04608,10000.0,0.04607,65990.0,0.04609,2776.0,0.0461,29119.0
1753617255912,11:54:15.912,bitget,ACT/USDT:USDT,0.04608,10000.0,0.04607,65990.0,0.04609,2776.0,0.0461,29119.0
1753617256062,11:54:16.062,bitget,ACT/USDT:USDT,0.04608,10000.0,0.04607,65990.0,0.04609,2776.0,0.0461,29119.0
1753617256212,11:54:16.212,bitget,ACT/USDT:USDT,0.04608,10000.0,0.04607,65990.0,0.04609,2776.0,0.0461,29119.0
1753617256363,11:54:16.363,bitget,ACT/USDT:USDT,0.04608,10000.0,0.04607,65990.0,0.04609,2776.0,0.0461,29119.0
1753617256513,11:54:16.513,bitget,ACT/USDT:USDT,0.04608,10000.0,0.04607,65990.0,0.04609,2776.0,0.0461,29119.0
1753617256663,11:54:16.663,bitget,ACT/USDT:USDT,0.04608,10000.0,0.04607,65990.0,0.04609,2776.0,0.0461,29119.0
1753617256813,11:54:16.813,bitget,ACT/USDT:USDT,0.04608,10000.0,0.04607,65990.0,0.04609,2776.0,0.0461,29119.0
1753617256963,11:54:16.963,bitget,ACT/USDT:USDT,0.04608,10000.0,0.04607,65990.0,0.04609,2776.0,0.0461,29119.0
1753617257113,11:54:17.113,bitget,ACT/USDT:USDT,0.04608,10000.0,0.04607,65990.0,0.04609,2776.0,0.0461,29119.0
1753617257263,11:54:17.263,bitget,ACT/USDT:USDT,0.04608,10000.0,0.04607,65990.0,0.04609,2776.0,0.0461,29119.0
1753617257413,11:54:17.413,bitget,ACT/USDT:USDT,0.04608,10000.0,0.04607,65990.0,0.04609,2776.0,0.0461,29119.0
1753617257563,11:54:17.563,bitget,ACT/USDT:USDT,0.04608,10000.0,0.04607,65990.0,0.04609,2776.0,0.0461,29119.0
1753617257713,11:54:17.713,bitget,ACT/USDT:USDT,0.04608,10000.0,0.04607,65990.0,0.04609,2776.0,0.0461,29119.0
1753617257863,11:54:17.863,bitget,ACT/USDT:USDT,0.04608,10000.0,0.04607,65990.0,0.04609,2776.0,0.0461,29119.0
1753617258014,11:54:18.014,bitget,ACT/USDT:USDT,0.04608,10000.0,0.04607,65990.0,0.04609,2776.0,0.0461,29119.0
1753617258164,11:54:18.164,bitget,ACT/USDT:USDT,0.04608,10000.0,0.04607,65990.0,0.04609,2776.0,0.0461,29119.0
1753617258314,11:54:18.314,bitget,ACT/USDT:USDT,0.04608,10000.0,0.04607,65990.0,0.04609,2776.0,0.0461,29119.0
1753617258464,11:54:18.464,bitget,ACT/USDT:USDT,0.04608,10000.0,0.04607,65990.0,0.04609,2776.0,0.0461,29119.0
1753617258614,11:54:18.614,bitget,ACT/USDT:USDT,0.04608,10000.0,0.04607,65990.0,0.04609,2776.0,0.0461,29119.0
1753617258764,11:54:18.764,bitget,ACT/USDT:USDT,0.04608,10000.0,0.04607,65990.0,0.04609,2776.0,0.0461,29119.0
1753617258914,11:54:18.914,bitget,ACT/USDT:USDT,0.04608,10000.0,0.04607,65990.0,0.04609,2776.0,0.0461,29119.0
1753617259064,11:54:19.064,bitget,ACT/USDT:USDT,0.04608,10000.0,0.04607,65990.0,0.04609,2776.0,0.0461,29119.0
1753617259214,11:54:19.214,bitget,ACT/USDT:USDT,0.04608,10000.0,0.04607,65990.0,0.04609,2776.0,0.0461,29119.0
1753617259364,11:54:19.364,bitget,ACT/USDT:USDT,0.04608,10000.0,0.04607,65990.0,0.04609,2776.0,0.0461,29119.0
1753617259515,11:54:19.515,bitget,ACT/USDT:USDT,0.04608,10000.0,0.04607,65990.0,0.04609,2776.0,0.0461,29119.0
1753617259665,11:54:19.665,bitget,ACT/USDT:USDT,0.04608,10000.0,0.04607,65990.0,0.04609,2776.0,0.0461,29119.0
1753617259815,11:54:19.815,bitget,ACT/USDT:USDT,0.04608,10000.0,0.04607,65990.0,0.04609,2776.0,0.0461,29119.0
1753617259965,11:54:19.965,bitget,ACT/USDT:USDT,0.04608,10000.0,0.04607,65990.0,0.04609,2776.0,0.0461,29119.0
1753617260115,11:54:20.115,bitget,ACT/USDT:USDT,0.04608,10000.0,0.04607,65990.0,0.04609,2776.0,0.0461,29119.0
1753617260265,11:54:20.265,bitget,ACT/USDT:USDT,0.04608,10000.0,0.04607,65990.0,0.04609,2776.0,0.0461,29119.0
1753617260415,11:54:20.415,bitget,ACT/USDT:USDT,0.04608,10000.0,0.04607,65990.0,0.04609,2776.0,0.0461,29119.0
1753617260565,11:54:20.565,bitget,ACT/USDT:USDT,0.04608,10000.0,0.04607,65990.0,0.04609,2776.0,0.0461,29119.0
1753617260715,11:54:20.715,bitget,ACT/USDT:USDT,0.04608,10000.0,0.04607,65990.0,0.04609,2776.0,0.0461,29119.0
1753617260865,11:54:20.865,bitget,ACT/USDT:USDT,0.04608,10000.0,0.04607,65990.0,0.04609,2776.0,0.0461,29119.0
1753617261015,11:54:21.015,bitget,ACT/USDT:USDT,0.04608,10000.0,0.04607,65990.0,0.04609,2776.0,0.0461,29119.0
1753617261166,11:54:21.166,bitget,ACT/USDT:USDT,0.04608,10000.0,0.04607,65990.0,0.04609,2776.0,0.0461,29119.0
1753617261316,11:54:21.316,bitget,ACT/USDT:USDT,0.04608,10000.0,0.04607,65990.0,0.04609,2776.0,0.0461,29119.0
1753617261466,11:54:21.466,bitget,ACT/USDT:USDT,0.04608,10000.0,0.04607,65990.0,0.04609,2776.0,0.0461,29119.0
1753617261616,11:54:21.616,bitget,ACT/USDT:USDT,0.04608,10000.0,0.04607,65990.0,0.04609,2776.0,0.0461,29119.0
1753617261766,11:54:21.766,bitget,ACT/USDT:USDT,0.04608,10000.0,0.04607,65990.0,0.04609,2776.0,0.0461,29119.0
1753617261916,11:54:21.916,bitget,ACT/USDT:USDT,0.04608,10000.0,0.04607,65990.0,0.04609,2776.0,0.0461,29119.0
1753617262066,11:54:22.066,bitget,ACT/USDT:USDT,0.04608,10000.0,0.04607,65990.0,0.04609,2776.0,0.0461,29119.0
1753617262366,11:54:22.366,bitget,ACT/USDT:USDT,0.04608,10000.0,0.04607,65990.0,0.04609,2776.0,0.0461,29119.0
1753617262517,11:54:22.517,bitget,ACT/USDT:USDT,0.04608,10000.0,0.04607,65990.0,0.04609,2776.0,0.0461,29119.0
1753617262667,11:54:22.667,bitget,ACT/USDT:USDT,0.04608,10000.0,0.04607,65990.0,0.04609,2776.0,0.0461,29119.0
1753617262817,11:54:22.817,bitget,ACT/USDT:USDT,0.04608,10000.0,0.04607,65990.0,0.04609,2776.0,0.0461,29119.0
1753617262967,11:54:22.967,bitget,ACT/USDT:USDT,0.04608,10000.0,0.04607,65990.0,0.04609,2776.0,0.0461,29119.0
1753617263117,11:54:23.117,bitget,ACT/USDT:USDT,0.04608,10000.0,0.04607,65990.0,0.04609,2776.0,0.0461,29119.0
1753617263267,11:54:23.267,bitget,ACT/USDT:USDT,0.04608,10000.0,0.04607,65990.0,0.04609,2776.0,0.0461,29119.0
1753617263417,11:54:23.417,bitget,ACT/USDT:USDT,0.04608,10000.0,0.04607,65990.0,0.04609,2776.0,0.0461,29119.0
1753617263567,11:54:23.567,bitget,ACT/USDT:USDT,0.04608,10000.0,0.04607,65990.0,0.04609,2776.0,0.0461,29119.0
1753617263717,11:54:23.717,bitget,ACT/USDT:USDT,0.04608,10000.0,0.04607,65990.0,0.04609,2776.0,0.0461,29119.0
1753617263868,11:54:23.868,bitget,ACT/USDT:USDT,0.04608,10000.0,0.04607,65990.0,0.04609,2776.0,0.0461,29119.0
1753617264018,11:54:24.018,bitget,ACT/USDT:USDT,0.04608,10000.0,0.04607,65990.0,0.04609,2776.0,0.0461,29119.0
1753617264168,11:54:24.168,bitget,ACT/USDT:USDT,0.04608,10000.0,0.04607,65990.0,0.04609,2776.0,0.0461,29119.0
1753617264318,11:54:24.318,bitget,ACT/USDT:USDT,0.04608,10000.0,0.04607,65990.0,0.04609,2776.0,0.0461,29119.0
1753617264468,11:54:24.468,bitget,ACT/USDT:USDT,0.04608,10000.0,0.04607,67937.0,0.04609,2776.0,0.0461,29119.0
1753617264618,11:54:24.618,bitget,ACT/USDT:USDT,0.04608,10000.0,0.04607,67937.0,0.04609,2776.0,0.0461,29119.0
1753617264768,11:54:24.768,bitget,ACT/USDT:USDT,0.04608,10000.0,0.04607,67937.0,0.04609,2776.0,0.0461,29119.0
1753617264918,11:54:24.918,bitget,ACT/USDT:USDT,0.04608,10000.0,0.04607,67937.0,0.04609,2776.0,0.0461,29119.0
1753617265068,11:54:25.068,bitget,ACT/USDT:USDT,0.04608,10000.0,0.04607,67937.0,0.04609,2776.0,0.0461,29119.0
1753617265218,11:54:25.218,bitget,ACT/USDT:USDT,0.04608,10000.0,0.04607,67937.0,0.04609,2776.0,0.0461,29119.0
1753617265368,11:54:25.368,bitget,ACT/USDT:USDT,0.04608,10000.0,0.04607,67937.0,0.04609,2776.0,0.0461,29119.0
1753617265519,11:54:25.519,bitget,ACT/USDT:USDT,0.04608,10000.0,0.04607,67937.0,0.04609,2776.0,0.0461,29119.0
1753617265669,11:54:25.669,bitget,ACT/USDT:USDT,0.04608,10000.0,0.04607,67937.0,0.04609,2776.0,0.0461,29119.0
1753617265819,11:54:25.819,bitget,ACT/USDT:USDT,0.04608,10000.0,0.04607,67937.0,0.04609,2776.0,0.0461,29119.0
1753617265969,11:54:25.969,bitget,ACT/USDT:USDT,0.04608,10000.0,0.04607,67937.0,0.04609,2776.0,0.0461,29119.0
1753617266119,11:54:26.119,bitget,ACT/USDT:USDT,0.04608,10000.0,0.04607,67937.0,0.04609,2776.0,0.0461,31066.0
1753617266269,11:54:26.269,bitget,ACT/USDT:USDT,0.04608,10000.0,0.04607,67937.0,0.04609,2776.0,0.0461,31066.0
1753617266419,11:54:26.419,bitget,ACT/USDT:USDT,0.04608,10000.0,0.04607,67937.0,0.04609,2776.0,0.0461,31066.0
1753617266569,11:54:26.569,bitget,ACT/USDT:USDT,0.04608,10000.0,0.04607,67937.0,0.04609,2776.0,0.0461,31066.0
1753617266719,11:54:26.719,bitget,ACT/USDT:USDT,0.04608,10000.0,0.04607,67937.0,0.04609,2776.0,0.0461,31066.0
1753617266869,11:54:26.869,bitget,ACT/USDT:USDT,0.04608,10000.0,0.04607,67937.0,0.04609,2776.0,0.0461,31066.0
1753617267020,11:54:27.020,bitget,ACT/USDT:USDT,0.04608,10000.0,0.04607,67937.0,0.04609,2776.0,0.0461,31066.0
1753617267170,11:54:27.170,bitget,ACT/USDT:USDT,0.04608,10000.0,0.04607,67937.0,0.04609,2776.0,0.0461,31066.0
1753617267320,11:54:27.320,bitget,ACT/USDT:USDT,0.04608,10000.0,0.04607,67937.0,0.04609,2776.0,0.0461,31066.0
1753617267470,11:54:27.470,bitget,ACT/USDT:USDT,0.04608,10000.0,0.04607,67937.0,0.04609,2776.0,0.0461,31066.0
1753617267620,11:54:27.620,bitget,ACT/USDT:USDT,0.04608,10000.0,0.04607,67937.0,0.04609,2776.0,0.0461,31066.0
1753617267770,11:54:27.770,bitget,ACT/USDT:USDT,0.04608,10000.0,0.04607,67937.0,0.04609,2776.0,0.0461,31066.0
1753617268070,11:54:28.070,bitget,ACT/USDT:USDT,0.04608,10000.0,0.04607,67937.0,0.04609,2776.0,0.0461,31066.0
1753617268220,11:54:28.220,bitget,ACT/USDT:USDT,0.04608,10000.0,0.04607,67937.0,0.04609,2776.0,0.0461,31066.0
1753617268370,11:54:28.370,bitget,ACT/USDT:USDT,0.04608,10000.0,0.04607,67937.0,0.04609,2776.0,0.0461,31066.0
1753617268520,11:54:28.520,bitget,ACT/USDT:USDT,0.04608,10000.0,0.04607,67937.0,0.04609,2776.0,0.0461,31066.0
1753617268670,11:54:28.670,bitget,ACT/USDT:USDT,0.04608,10000.0,0.04607,67937.0,0.04609,2776.0,0.0461,31066.0
1753617268821,11:54:28.821,bitget,ACT/USDT:USDT,0.04608,10000.0,0.04607,67937.0,0.04609,2776.0,0.0461,31066.0
1753617268971,11:54:28.971,bitget,ACT/USDT:USDT,0.04608,10000.0,0.04607,67937.0,0.04609,2776.0,0.0461,31066.0
1753617269121,11:54:29.121,bitget,ACT/USDT:USDT,0.04608,10000.0,0.04607,67937.0,0.04609,2776.0,0.0461,31066.0
1753617269271,11:54:29.271,bitget,ACT/USDT:USDT,0.04608,10000.0,0.04607,67937.0,0.04609,2776.0,0.0461,31066.0
1753617269421,11:54:29.421,bitget,ACT/USDT:USDT,0.04608,10000.0,0.04607,67937.0,0.04609,2776.0,0.0461,31066.0
1753617269571,11:54:29.571,bitget,ACT/USDT:USDT,0.04608,10000.0,0.04607,67937.0,0.04609,2776.0,0.0461,31066.0
1753617269721,11:54:29.721,bitget,ACT/USDT:USDT,0.04608,10000.0,0.04607,67937.0,0.04609,2776.0,0.0461,31066.0
1753617269871,11:54:29.871,bitget,ACT/USDT:USDT,0.04608,10000.0,0.04607,67937.0,0.04609,2776.0,0.0461,31066.0
1753617270021,11:54:30.021,bitget,ACT/USDT:USDT,0.04608,10000.0,0.04607,67937.0,0.04609,2776.0,0.0461,31066.0
1753617270171,11:54:30.171,bitget,ACT/USDT:USDT,0.04608,10000.0,0.04607,67937.0,0.04609,2776.0,0.0461,31066.0
1753617270322,11:54:30.322,bitget,ACT/USDT:USDT,0.04608,10000.0,0.04607,67937.0,0.04609,2776.0,0.0461,31066.0
1753617270472,11:54:30.472,bitget,ACT/USDT:USDT,0.04607,57937.0,0.04606,48481.0,0.04609,2776.0,0.0461,31066.0
1753617270622,11:54:30.622,bitget,ACT/USDT:USDT,0.04607,57937.0,0.04606,48481.0,0.04609,2776.0,0.0461,31066.0
1753617270772,11:54:30.772,bitget,ACT/USDT:USDT,0.04607,57937.0,0.04606,48481.0,0.04609,2776.0,0.0461,31066.0
1753617270922,11:54:30.922,bitget,ACT/USDT:USDT,0.04607,57937.0,0.04606,48481.0,0.04609,2776.0,0.0461,31066.0
1753617271072,11:54:31.072,bitget,ACT/USDT:USDT,0.04607,57937.0,0.04606,48481.0,0.04609,2776.0,0.0461,31066.0
1753617271222,11:54:31.222,bitget,ACT/USDT:USDT,0.04607,57937.0,0.04606,48481.0,0.04609,12776.0,0.0461,31066.0
1753617271372,11:54:31.372,bitget,ACT/USDT:USDT,0.04607,57937.0,0.04606,48481.0,0.04609,12776.0,0.0461,31066.0
1753617271522,11:54:31.522,bitget,ACT/USDT:USDT,0.04607,57937.0,0.04606,48481.0,0.04609,12776.0,0.0461,31066.0
1753617271672,11:54:31.672,bitget,ACT/USDT:USDT,0.04607,57937.0,0.04606,48481.0,0.04609,12776.0,0.0461,31066.0
1753617271822,11:54:31.822,bitget,ACT/USDT:USDT,0.04607,57937.0,0.04606,48481.0,0.04609,12776.0,0.0461,31066.0
1753617271973,11:54:31.973,bitget,ACT/USDT:USDT,0.04607,57937.0,0.04606,48481.0,0.04609,12776.0,0.0461,31066.0
1753617272123,11:54:32.123,bitget,ACT/USDT:USDT,0.04607,57937.0,0.04606,48481.0,0.04609,12776.0,0.0461,31066.0
1753617272273,11:54:32.273,bitget,ACT/USDT:USDT,0.04607,57937.0,0.04606,48481.0,0.04609,12776.0,0.0461,31066.0
1753617272423,11:54:32.423,bitget,ACT/USDT:USDT,0.04607,57937.0,0.04606,48481.0,0.04609,12776.0,0.0461,31066.0
1753617272573,11:54:32.573,bitget,ACT/USDT:USDT,0.04607,57937.0,0.04606,48481.0,0.04609,12776.0,0.0461,31066.0
1753617272723,11:54:32.723,bitget,ACT/USDT:USDT,0.04607,57937.0,0.04606,48481.0,0.04609,12776.0,0.0461,31066.0
1753617272873,11:54:32.873,bitget,ACT/USDT:USDT,0.04607,57937.0,0.04606,48481.0,0.04609,12776.0,0.0461,31066.0
1753617273023,11:54:33.023,bitget,ACT/USDT:USDT,0.04607,57937.0,0.04606,48481.0,0.04609,12776.0,0.0461,31066.0
1753617273173,11:54:33.173,bitget,ACT/USDT:USDT,0.04607,57937.0,0.04606,48481.0,0.04609,12776.0,0.0461,31066.0
1753617273323,11:54:33.323,bitget,ACT/USDT:USDT,0.04607,57937.0,0.04606,48481.0,0.04609,12776.0,0.0461,31066.0
1753617273473,11:54:33.473,bitget,ACT/USDT:USDT,0.04607,57937.0,0.04606,48481.0,0.04609,12776.0,0.0461,31066.0
1753617273623,11:54:33.623,bitget,ACT/USDT:USDT,0.04607,12753.0,0.04606,48481.0,0.04609,12776.0,0.0461,63576.0
1753617273774,11:54:33.774,bitget,ACT/USDT:USDT,0.04606,48481.0,0.04605,52752.0,0.04608,2776.0,0.04609,17994.0
1753617273924,11:54:33.924,bitget,ACT/USDT:USDT,0.04606,48481.0,0.04605,52752.0,0.04608,14723.0,0.04609,22338.0
1753617274074,11:54:34.074,bitget,ACT/USDT:USDT,0.04606,48481.0,0.04605,52752.0,0.04608,14723.0,0.04609,22338.0
1753617274224,11:54:34.224,bitget,ACT/USDT:USDT,0.04606,58481.0,0.04605,52752.0,0.04608,14723.0,0.04609,22338.0
1753617274374,11:54:34.374,bitget,ACT/USDT:USDT,0.04606,58481.0,0.04605,52752.0,0.04608,14723.0,0.04609,22338.0
1753617274524,11:54:34.524,bitget,ACT/USDT:USDT,0.04606,58481.0,0.04605,52752.0,0.04608,14723.0,0.04609,22338.0
1753617274674,11:54:34.674,bitget,ACT/USDT:USDT,0.04606,58481.0,0.04605,52752.0,0.04608,14723.0,0.04609,22338.0
1753617274824,11:54:34.824,bitget,ACT/USDT:USDT,0.04606,58481.0,0.04605,52752.0,0.04608,14723.0,0.04609,22338.0
1753617274974,11:54:34.974,bitget,ACT/USDT:USDT,0.04606,58481.0,0.04605,52752.0,0.04608,14723.0,0.04609,22338.0
1753617275125,11:54:35.125,bitget,ACT/USDT:USDT,0.04606,58481.0,0.04605,52752.0,0.04608,14723.0,0.04609,22338.0
1753617275275,11:54:35.275,bitget,ACT/USDT:USDT,0.04606,58481.0,0.04605,52752.0,0.04608,14723.0,0.04609,22338.0
1753617275425,11:54:35.425,bitget,ACT/USDT:USDT,0.04606,58481.0,0.04605,52752.0,0.04608,14723.0,0.04609,22338.0
1753617275575,11:54:35.575,bitget,ACT/USDT:USDT,0.04606,58481.0,0.04605,52752.0,0.04608,14723.0,0.04609,22338.0
1753617275725,11:54:35.725,bitget,ACT/USDT:USDT,0.04606,58481.0,0.04605,52752.0,0.04608,14723.0,0.04609,22338.0
1753617275875,11:54:35.875,bitget,ACT/USDT:USDT,0.04606,58481.0,0.04605,52752.0,0.04608,14723.0,0.04609,22338.0
1753617276025,11:54:36.025,bitget,ACT/USDT:USDT,0.04606,58481.0,0.04605,52752.0,0.04608,14723.0,0.04609,22338.0
1753617276175,11:54:36.175,bitget,ACT/USDT:USDT,0.04606,58481.0,0.04605,52752.0,0.04608,14723.0,0.04609,22338.0
1753617276325,11:54:36.325,bitget,ACT/USDT:USDT,0.04606,58481.0,0.04605,52752.0,0.04608,14723.0,0.04609,22338.0
1753617276475,11:54:36.475,bitget,ACT/USDT:USDT,0.04606,58481.0,0.04605,52752.0,0.04608,14723.0,0.04609,22338.0
1753617276625,11:54:36.625,bitget,ACT/USDT:USDT,0.04606,58481.0,0.04605,52752.0,0.04608,14723.0,0.04609,22338.0
1753617276775,11:54:36.775,bitget,ACT/USDT:USDT,0.04606,58481.0,0.04605,52752.0,0.04608,14723.0,0.04609,22338.0
1753617276926,11:54:36.926,bitget,ACT/USDT:USDT,0.04606,58481.0,0.04605,52752.0,0.04608,14723.0,0.04609,22338.0
1753617277076,11:54:37.076,bitget,ACT/USDT:USDT,0.04606,58481.0,0.04605,52752.0,0.04608,14723.0,0.04609,22338.0
1753617277226,11:54:37.226,bitget,ACT/USDT:USDT,0.04606,58481.0,0.04605,52752.0,0.04608,14723.0,0.04609,22338.0
1753617277376,11:54:37.376,bitget,ACT/USDT:USDT,0.04606,58481.0,0.04605,52752.0,0.04608,14723.0,0.04609,22338.0
1753617277526,11:54:37.526,bitget,ACT/USDT:USDT,0.04606,48481.0,0.04605,52752.0,0.04608,14723.0,0.04609,22338.0
1753617277676,11:54:37.676,bitget,ACT/USDT:USDT,0.04606,48481.0,0.04605,52752.0,0.04608,14723.0,0.04609,22338.0
1753617277826,11:54:37.826,bitget,ACT/USDT:USDT,0.04606,48481.0,0.04605,52752.0,0.04608,14723.0,0.04609,22338.0
1753617277976,11:54:37.976,bitget,ACT/USDT:USDT,0.04606,48481.0,0.04605,52752.0,0.04608,14723.0,0.04609,22338.0
1753617278126,11:54:38.126,bitget,ACT/USDT:USDT,0.04606,48481.0,0.04605,52752.0,0.04608,14723.0,0.04609,22338.0
1753617278277,11:54:38.277,bitget,ACT/USDT:USDT,0.04606,48481.0,0.04605,52752.0,0.04608,14723.0,0.04609,22338.0
1753617278427,11:54:38.427,bitget,ACT/USDT:USDT,0.04606,48481.0,0.04605,52752.0,0.04608,14723.0,0.04609,22338.0
1753617278577,11:54:38.577,bitget,ACT/USDT:USDT,0.04606,48481.0,0.04605,52752.0,0.04608,14723.0,0.04609,22338.0
1753617278727,11:54:38.727,bitget,ACT/USDT:USDT,0.04606,48481.0,0.04605,52752.0,0.04608,14723.0,0.04609,22338.0
1753617278877,11:54:38.877,bitget,ACT/USDT:USDT,0.04606,48481.0,0.04605,52752.0,0.04608,14723.0,0.04609,22338.0
1753617279027,11:54:39.027,bitget,ACT/USDT:USDT,0.04606,48481.0,0.04605,52752.0,0.04608,14723.0,0.04609,22338.0
1753617279177,11:54:39.177,bitget,ACT/USDT:USDT,0.04606,48481.0,0.04605,52752.0,0.04608,14723.0,0.04609,22338.0
1753617279327,11:54:39.327,bitget,ACT/USDT:USDT,0.04606,48481.0,0.04605,52752.0,0.04608,14723.0,0.04609,17994.0
1753617279477,11:54:39.477,bitget,ACT/USDT:USDT,0.04606,48481.0,0.04605,52752.0,0.04608,14723.0,0.04609,10000.0
1753617279627,11:54:39.627,bitget,ACT/USDT:USDT,0.04606,48481.0,0.04605,52752.0,0.04608,14723.0,0.04609,22753.0
1753617279777,11:54:39.777,bitget,ACT/USDT:USDT,0.04606,48481.0,0.04605,52752.0,0.04608,14723.0,0.04609,22753.0
1753617279928,11:54:39.928,bitget,ACT/USDT:USDT,0.04606,48481.0,0.04605,52752.0,0.04608,14723.0,0.04609,22753.0
1753617280078,11:54:40.078,bitget,ACT/USDT:USDT,0.04606,48481.0,0.04605,52752.0,0.04608,14723.0,0.04609,22753.0
1753617280378,11:54:40.378,bitget,ACT/USDT:USDT,0.04606,48481.0,0.04605,52752.0,0.04608,14723.0,0.04609,22753.0
1753617280528,11:54:40.528,bitget,ACT/USDT:USDT,0.04606,48481.0,0.04605,52752.0,0.04608,14723.0,0.04609,22753.0
1753617280678,11:54:40.678,bitget,ACT/USDT:USDT,0.04606,48481.0,0.04605,52752.0,0.04608,14723.0,0.04609,22753.0
1753617280828,11:54:40.828,bitget,ACT/USDT:USDT,0.04606,48481.0,0.04605,52752.0,0.04608,14723.0,0.04609,22753.0
1753617280978,11:54:40.978,bitget,ACT/USDT:USDT,0.04606,48481.0,0.04605,52752.0,0.04608,14723.0,0.04609,22753.0
1753617281128,11:54:41.128,bitget,ACT/USDT:USDT,0.04606,48481.0,0.04605,52752.0,0.04608,14723.0,0.04609,22753.0
1753617281278,11:54:41.278,bitget,ACT/USDT:USDT,0.04606,48481.0,0.04605,52752.0,0.04608,14723.0,0.04609,22753.0
1753617281429,11:54:41.429,bitget,ACT/USDT:USDT,0.04606,48481.0,0.04605,52752.0,0.04608,14723.0,0.04609,22753.0
1753617281579,11:54:41.579,bitget,ACT/USDT:USDT,0.04606,48481.0,0.04605,52752.0,0.04608,14723.0,0.04609,22753.0
1753617281729,11:54:41.729,bitget,ACT/USDT:USDT,0.04606,48481.0,0.04605,52752.0,0.04608,14723.0,0.04609,22753.0
1753617281879,11:54:41.879,bitget,ACT/USDT:USDT,0.04606,48481.0,0.04605,52752.0,0.04608,14723.0,0.04609,22753.0
1753617282029,11:54:42.029,bitget,ACT/USDT:USDT,0.04606,48481.0,0.04605,52752.0,0.04608,14723.0,0.04609,22753.0
1753617282179,11:54:42.179,bitget,ACT/USDT:USDT,0.04606,48481.0,0.04605,52752.0,0.04608,14723.0,0.04609,22753.0
1753617282329,11:54:42.329,bitget,ACT/USDT:USDT,0.04606,48481.0,0.04605,52752.0,0.04608,14723.0,0.04609,22753.0
1753617282479,11:54:42.479,bitget,ACT/USDT:USDT,0.04606,48481.0,0.04605,52752.0,0.04608,14723.0,0.04609,22753.0
1753617282629,11:54:42.629,bitget,ACT/USDT:USDT,0.04606,48481.0,0.04605,52752.0,0.04608,14723.0,0.04609,22753.0
1753617282779,11:54:42.779,bitget,ACT/USDT:USDT,0.04606,48481.0,0.04605,52752.0,0.04608,14723.0,0.04609,22753.0
1753617282929,11:54:42.929,bitget,ACT/USDT:USDT,0.04606,48481.0,0.04605,52752.0,0.04608,14723.0,0.04609,22753.0
1753617283080,11:54:43.080,bitget,ACT/USDT:USDT,0.04606,48481.0,0.04605,52752.0,0.04608,14723.0,0.04609,22753.0
1753617283230,11:54:43.230,bitget,ACT/USDT:USDT,0.04606,48481.0,0.04605,52752.0,0.04608,14723.0,0.04609,22753.0
1753617283380,11:54:43.380,bitget,ACT/USDT:USDT,0.04606,48481.0,0.04605,52752.0,0.04608,14723.0,0.04609,22753.0
1753617283530,11:54:43.530,bitget,ACT/USDT:USDT,0.04606,48481.0,0.04605,52752.0,0.04608,14723.0,0.04609,22753.0
1753617283680,11:54:43.680,bitget,ACT/USDT:USDT,0.04606,48481.0,0.04605,52752.0,0.04608,14723.0,0.04609,22753.0
1753617283830,11:54:43.830,bitget,ACT/USDT:USDT,0.04606,48481.0,0.04605,52752.0,0.04608,14723.0,0.04609,22753.0
1753617283980,11:54:43.980,bitget,ACT/USDT:USDT,0.04606,58481.0,0.04605,52752.0,0.04608,14723.0,0.04609,22753.0
1753617284130,11:54:44.130,bitget,ACT/USDT:USDT,0.04606,58481.0,0.04605,52752.0,0.04608,14723.0,0.04609,22753.0
1753617284280,11:54:44.280,bitget,ACT/USDT:USDT,0.04606,58481.0,0.04605,52752.0,0.04608,14723.0,0.04609,22753.0
1753617284430,11:54:44.430,bitget,ACT/USDT:USDT,0.04606,58481.0,0.04605,52752.0,0.04608,14723.0,0.04609,22753.0
1753617284581,11:54:44.581,bitget,ACT/USDT:USDT,0.04606,58481.0,0.04605,52752.0,0.04608,14723.0,0.04609,22753.0
1753617284731,11:54:44.731,bitget,ACT/USDT:USDT,0.04606,58481.0,0.04605,52752.0,0.04608,14723.0,0.04609,22753.0
1753617284881,11:54:44.881,bitget,ACT/USDT:USDT,0.04606,58481.0,0.04605,52752.0,0.04608,14723.0,0.04609,22753.0
1753617285031,11:54:45.031,bitget,ACT/USDT:USDT,0.04606,58481.0,0.04605,52752.0,0.04608,14723.0,0.04609,22753.0
1753617285181,11:54:45.181,bitget,ACT/USDT:USDT,0.04606,58481.0,0.04605,52752.0,0.04608,14723.0,0.04609,22753.0
1753617285331,11:54:45.331,bitget,ACT/USDT:USDT,0.04606,58481.0,0.04605,52752.0,0.04608,14723.0,0.04609,22753.0
1753617285481,11:54:45.481,bitget,ACT/USDT:USDT,0.04606,58481.0,0.04605,52752.0,0.04608,14723.0,0.04609,22753.0
1753617285631,11:54:45.631,bitget,ACT/USDT:USDT,0.04606,58481.0,0.04605,52752.0,0.04608,14723.0,0.04609,22753.0
1753617285781,11:54:45.781,bitget,ACT/USDT:USDT,0.04606,48481.0,0.04605,52752.0,0.04608,14723.0,0.04609,22753.0
1753617285931,11:54:45.931,bitget,ACT/USDT:USDT,0.04606,48481.0,0.04605,52752.0,0.04608,14723.0,0.04609,22753.0
1753617286081,11:54:46.081,bitget,ACT/USDT:USDT,0.04606,48481.0,0.04605,52752.0,0.04608,14723.0,0.04609,22753.0
1753617286232,11:54:46.232,bitget,ACT/USDT:USDT,0.04606,48481.0,0.04605,52752.0,0.04608,14723.0,0.04609,22753.0
1753617286382,11:54:46.382,bitget,ACT/USDT:USDT,0.04606,48481.0,0.04605,52752.0,0.04608,14723.0,0.04609,22753.0
1753617286532,11:54:46.532,bitget,ACT/USDT:USDT,0.04606,48481.0,0.04605,52752.0,0.04608,14723.0,0.04609,22753.0
1753617286682,11:54:46.682,bitget,ACT/USDT:USDT,0.04606,48481.0,0.04605,52752.0,0.04608,14723.0,0.04609,22753.0
1753617286832,11:54:46.832,bitget,ACT/USDT:USDT,0.04606,48481.0,0.04605,52752.0,0.04608,14723.0,0.04609,22753.0
1753617286982,11:54:46.982,bitget,ACT/USDT:USDT,0.04606,48481.0,0.04605,52752.0,0.04608,14723.0,0.04609,22753.0
1753617287132,11:54:47.132,bitget,ACT/USDT:USDT,0.04606,48481.0,0.04605,52752.0,0.04608,14723.0,0.04609,22753.0
1753617287282,11:54:47.282,bitget,ACT/USDT:USDT,0.04606,48481.0,0.04605,52752.0,0.04608,14723.0,0.04609,22753.0
1753617287432,11:54:47.432,bitget,ACT/USDT:USDT,0.04606,48481.0,0.04605,52752.0,0.04608,14723.0,0.04609,22753.0
1753617287582,11:54:47.582,bitget,ACT/USDT:USDT,0.04606,48481.0,0.04605,52752.0,0.04608,14723.0,0.04609,22753.0
1753617287732,11:54:47.732,bitget,ACT/USDT:USDT,0.04606,48481.0,0.04605,52752.0,0.04608,14723.0,0.04609,22753.0
1753617287883,11:54:47.883,bitget,ACT/USDT:USDT,0.04606,48481.0,0.04605,52752.0,0.04608,14723.0,0.04609,22753.0
1753617288033,11:54:48.033,bitget,ACT/USDT:USDT,0.04606,48481.0,0.04605,52752.0,0.04608,14723.0,0.04609,22753.0
1753617288183,11:54:48.183,bitget,ACT/USDT:USDT,0.04606,48481.0,0.04605,52752.0,0.04608,14723.0,0.04609,22753.0
1753617288333,11:54:48.333,bitget,ACT/USDT:USDT,0.04606,48481.0,0.04605,52752.0,0.04608,14723.0,0.04609,22753.0
1753617288483,11:54:48.483,bitget,ACT/USDT:USDT,0.04606,48481.0,0.04605,52752.0,0.04608,14723.0,0.04609,22753.0
1753617288633,11:54:48.633,bitget,ACT/USDT:USDT,0.04606,48481.0,0.04605,52752.0,0.04608,14723.0,0.04609,22753.0
1753617288783,11:54:48.783,bitget,ACT/USDT:USDT,0.04606,48481.0,0.04605,52752.0,0.04608,14723.0,0.04609,22753.0
1753617288933,11:54:48.933,bitget,ACT/USDT:USDT,0.04606,48481.0,0.04605,52752.0,0.04608,14723.0,0.04609,22753.0
1753617289083,11:54:49.083,bitget,ACT/USDT:USDT,0.04606,48481.0,0.04605,52752.0,0.04608,14723.0,0.04609,22753.0
1753617289233,11:54:49.233,bitget,ACT/USDT:USDT,0.04606,48481.0,0.04605,52752.0,0.04608,14723.0,0.04609,22753.0
1753617289384,11:54:49.384,bitget,ACT/USDT:USDT,0.04606,48481.0,0.04605,52752.0,0.04608,14723.0,0.04609,22753.0
1753617289534,11:54:49.534,bitget,ACT/USDT:USDT,0.04606,48481.0,0.04605,52752.0,0.04608,14723.0,0.04609,22753.0
1753617289684,11:54:49.684,bitget,ACT/USDT:USDT,0.04606,48481.0,0.04605,52752.0,0.04608,14723.0,0.04609,22753.0
1753617289834,11:54:49.834,bitget,ACT/USDT:USDT,0.04606,48481.0,0.04605,52752.0,0.04608,4723.0,0.04609,22753.0
1753617289984,11:54:49.984,bitget,ACT/USDT:USDT,0.04607,10000.0,0.04606,48481.0,0.04608,4723.0,0.04609,22753.0
1753617290134,11:54:50.134,bitget,ACT/USDT:USDT,0.04607,10000.0,0.04606,58481.0,0.04608,1947.0,0.04609,22753.0
1753617290284,11:54:50.284,bitget,ACT/USDT:USDT,0.04607,10000.0,0.04606,58481.0,0.04608,1947.0,0.04609,22753.0
1753617290434,11:54:50.434,bitget,ACT/USDT:USDT,0.04607,10000.0,0.04606,58481.0,0.04608,1947.0,0.04609,22753.0
1753617290584,11:54:50.584,bitget,ACT/USDT:USDT,0.04607,10000.0,0.04606,58481.0,0.04608,1947.0,0.04609,22753.0
1753617290734,11:54:50.734,bitget,ACT/USDT:USDT,0.04607,10000.0,0.04606,58481.0,0.04608,1947.0,0.04609,22753.0
1753617290884,11:54:50.884,bitget,ACT/USDT:USDT,0.04607,10000.0,0.04606,58481.0,0.04608,1947.0,0.04609,22753.0
1753617291035,11:54:51.035,bitget,ACT/USDT:USDT,0.04607,10000.0,0.04606,58481.0,0.04608,1947.0,0.04609,22753.0
1753617291185,11:54:51.185,bitget,ACT/USDT:USDT,0.04607,10000.0,0.04606,58481.0,0.04608,1947.0,0.04609,22753.0
1753617291335,11:54:51.335,bitget,ACT/USDT:USDT,0.04607,10000.0,0.04606,58481.0,0.04608,1947.0,0.04609,22753.0
1753617291485,11:54:51.485,bitget,ACT/USDT:USDT,0.04607,10000.0,0.04606,58481.0,0.04608,1947.0,0.04609,22753.0
1753617291635,11:54:51.635,bitget,ACT/USDT:USDT,0.04607,10000.0,0.04606,58481.0,0.04608,1947.0,0.04609,22753.0
1753617291785,11:54:51.785,bitget,ACT/USDT:USDT,0.04607,10000.0,0.04606,58481.0,0.04608,1947.0,0.04609,22753.0
1753617292085,11:54:52.085,bitget,ACT/USDT:USDT,0.04607,10000.0,0.04606,58481.0,0.04608,1947.0,0.04609,22753.0
1753617292235,11:54:52.235,bitget,ACT/USDT:USDT,0.04607,10000.0,0.04606,58481.0,0.04608,1947.0,0.04609,22753.0
1753617292385,11:54:52.385,bitget,ACT/USDT:USDT,0.04607,10000.0,0.04606,58481.0,0.04608,1947.0,0.04609,22753.0
1753617292536,11:54:52.536,bitget,ACT/USDT:USDT,0.04607,10000.0,0.04606,58481.0,0.04608,1947.0,0.04609,22753.0
1753617292686,11:54:52.686,bitget,ACT/USDT:USDT,0.04607,10000.0,0.04606,58481.0,0.04608,1947.0,0.04609,22753.0
1753617292836,11:54:52.836,bitget,ACT/USDT:USDT,0.04607,10000.0,0.04606,58481.0,0.04608,1947.0,0.04609,22753.0
1753617292986,11:54:52.986,bitget,ACT/USDT:USDT,0.04607,10000.0,0.04606,58481.0,0.04608,1947.0,0.04609,22753.0
1753617293136,11:54:53.136,bitget,ACT/USDT:USDT,0.04607,10000.0,0.04606,58481.0,0.04608,1947.0,0.04609,22753.0
1753617293286,11:54:53.286,bitget,ACT/USDT:USDT,0.04607,10000.0,0.04606,58481.0,0.04608,1947.0,0.04609,22753.0
1753617293436,11:54:53.436,bitget,ACT/USDT:USDT,0.04607,10000.0,0.04606,58481.0,0.04608,1947.0,0.04609,22753.0
1753617293586,11:54:53.586,bitget,ACT/USDT:USDT,0.04607,10000.0,0.04606,58481.0,0.04608,1947.0,0.04609,22753.0
1753617293736,11:54:53.736,bitget,ACT/USDT:USDT,0.04607,10000.0,0.04606,58481.0,0.04608,1947.0,0.04609,22753.0
1753617293886,11:54:53.886,bitget,ACT/USDT:USDT,0.04607,10000.0,0.04606,58481.0,0.04608,1947.0,0.04609,22753.0
1753617294037,11:54:54.037,bitget,ACT/USDT:USDT,0.04607,10000.0,0.04606,58481.0,0.04608,1947.0,0.04609,22753.0
1753617294187,11:54:54.187,bitget,ACT/USDT:USDT,0.04607,10000.0,0.04606,58481.0,0.04608,1947.0,0.04609,22753.0
1753617294337,11:54:54.337,bitget,ACT/USDT:USDT,0.04607,10000.0,0.04606,58481.0,0.04608,1947.0,0.04609,22753.0
