timestamp,time,exchange,symbol,bid1_price,bid1_volume,bid2_price,bid2_volume,ask1_price,ask1_volume,ask2_price,ask2_volume
1753617162905,11:52:42.905,okx,AAVE/USDT:USDT,295.61,34.7,295.6,77.6,295.62,73.6,295.63,91.8
1753617163105,11:52:43.105,okx,AAVE/USDT:USDT,295.61,34.7,295.6,77.6,295.62,98.6,295.63,91.8
1753617163605,11:52:43.605,okx,AAVE/USDT:USDT,295.61,172.7,295.6,43.7,295.62,117.7,295.63,31.7
1753617164105,11:52:44.105,okx,AAVE/USDT:USDT,295.61,53.3,295.6,58.5,295.62,107.6,295.63,6.7
1753617164305,11:52:44.305,okx,AAVE/USDT:USDT,295.61,197.3,295.6,83.1,295.62,107.6,295.63,6.7
1753617164405,11:52:44.405,okx,AAVE/USDT:USDT,295.61,212.1,295.6,83.1,295.62,107.6,295.63,6.7
1753617164505,11:52:44.505,okx,AAVE/USDT:USDT,295.62,360.2,295.61,116.0,295.63,6.9,295.64,0.3
1753617164605,11:52:44.605,okx,AAVE/USDT:USDT,295.62,366.9,295.61,132.9,295.63,6.9,295.64,0.3
1753617164905,11:52:44.905,okx,AAVE/USDT:USDT,295.65,276.6,295.64,188.4,295.66,1.3,295.67,8.7
1753617165605,11:52:45.605,okx,AAVE/USDT:USDT,295.65,251.9,295.64,168.2,295.66,1.8,295.67,8.7
1753617165905,11:52:45.905,okx,AAVE/USDT:USDT,295.65,132.5,295.64,168.2,295.66,1.8,295.67,8.7
1753617166405,11:52:46.405,okx,AAVE/USDT:USDT,295.65,275.9,295.64,168.2,295.66,1.8,295.67,8.7
1753617166505,11:52:46.505,okx,AAVE/USDT:USDT,295.65,275.9,295.64,168.2,295.66,1.8,295.67,8.7
1753617167205,11:52:47.205,okx,AAVE/USDT:USDT,295.65,275.9,295.64,168.2,295.66,1.8,295.67,8.7
1753617167305,11:52:47.305,okx,AAVE/USDT:USDT,295.65,275.9,295.64,168.2,295.66,1.8,295.67,8.7
1753617167505,11:52:47.505,okx,AAVE/USDT:USDT,295.65,116.9,295.64,143.5,295.66,1.8,295.67,8.7
1753617167905,11:52:47.905,okx,AAVE/USDT:USDT,295.65,275.9,295.64,168.2,295.66,1.8,295.67,8.7
1753617168205,11:52:48.205,okx,AAVE/USDT:USDT,295.65,275.9,295.64,168.2,295.66,1.8,295.67,8.7
1753617168905,11:52:48.905,okx,AAVE/USDT:USDT,295.65,275.9,295.64,168.2,295.66,1.8,295.67,8.7
1753617169005,11:52:49.005,okx,AAVE/USDT:USDT,295.65,275.9,295.64,168.2,295.66,1.8,295.67,8.7
1753617169205,11:52:49.205,okx,AAVE/USDT:USDT,295.65,275.9,295.64,168.2,295.66,1.8,295.67,8.7
1753617169705,11:52:49.705,okx,AAVE/USDT:USDT,295.65,275.9,295.64,168.2,295.66,1.8,295.67,8.7
1753617169905,11:52:49.905,okx,AAVE/USDT:USDT,295.65,251.2,295.64,143.5,295.66,1.8,295.67,8.7
1753617170205,11:52:50.205,okx,AAVE/USDT:USDT,295.67,156.5,295.66,98.1,295.68,25.1,295.69,49.6
1753617170405,11:52:50.405,okx,AAVE/USDT:USDT,295.67,302.0,295.66,130.6,295.68,1.0,295.7,33.9
1753617170605,11:52:50.605,okx,AAVE/USDT:USDT,295.67,295.1,295.66,123.7,295.68,9.2,295.7,33.9
1753617170905,11:52:50.905,okx,AAVE/USDT:USDT,295.67,295.3,295.66,123.7,295.68,9.2,295.7,1.6
1753617171105,11:52:51.105,okx,AAVE/USDT:USDT,295.67,295.1,295.66,123.7,295.68,9.2,295.7,1.6
1753617171205,11:52:51.205,okx,AAVE/USDT:USDT,295.67,156.5,295.66,123.7,295.68,9.2,295.7,30.8
1753617171605,11:52:51.605,okx,AAVE/USDT:USDT,295.67,332.4,295.66,162.1,295.68,9.3,295.7,1.6
1753617171805,11:52:51.805,okx,AAVE/USDT:USDT,295.69,290.3,295.68,135.8,295.7,1.4,295.71,12.5
1753617172005,11:52:52.005,okx,AAVE/USDT:USDT,295.69,307.6,295.68,135.8,295.7,1.4,295.71,12.5
1753617172405,11:52:52.405,okx,AAVE/USDT:USDT,295.69,307.2,295.68,135.8,295.7,1.3,295.71,12.5
1753617172505,11:52:52.505,okx,AAVE/USDT:USDT,295.69,307.2,295.68,135.4,295.7,1.3,295.71,12.5
1753617172805,11:52:52.805,okx,AAVE/USDT:USDT,295.69,164.0,295.68,111.1,295.7,1.3,295.71,12.5
1753617173105,11:52:53.105,okx,AAVE/USDT:USDT,295.69,132.5,295.68,76.7,295.7,1.3,295.71,12.5
1753617173505,11:52:53.505,okx,AAVE/USDT:USDT,295.69,132.5,295.68,76.7,295.7,54.6,295.71,35.8
1753617173605,11:52:53.605,okx,AAVE/USDT:USDT,295.68,35.8,295.67,33.3,295.69,30.4,295.7,77.5
1753617173905,11:52:53.905,okx,AAVE/USDT:USDT,295.67,7.0,295.66,98.1,295.68,53.0,295.69,30.4
1753617174105,11:52:54.105,okx,AAVE/USDT:USDT,295.69,184.0,295.68,105.4,295.7,31.1,295.71,12.2
1753617174305,11:52:54.305,okx,AAVE/USDT:USDT,295.69,41.6,295.68,56.7,295.7,31.0,295.71,12.2
1753617174405,11:52:54.405,okx,AAVE/USDT:USDT,295.69,27.6,295.68,56.7,295.7,31.0,295.71,12.2
1753617174505,11:52:54.505,okx,AAVE/USDT:USDT,295.68,29.2,295.67,47.5,295.7,121.8,295.71,61.4
1753617174605,11:52:54.605,okx,AAVE/USDT:USDT,295.68,29.4,295.67,47.5,295.69,30.2,295.7,88.7
1753617174905,11:52:54.905,okx,AAVE/USDT:USDT,295.68,29.4,295.67,47.5,295.69,30.0,295.7,88.7
1753617175005,11:52:55.005,okx,AAVE/USDT:USDT,295.68,29.4,295.67,47.5,295.69,7.0,295.7,88.7
1753617175205,11:52:55.205,okx,AAVE/USDT:USDT,295.68,29.4,295.67,47.5,295.69,7.0,295.7,64.8
1753617175405,11:52:55.405,okx,AAVE/USDT:USDT,295.68,29.4,295.67,47.5,295.69,30.2,295.7,88.7
1753617175705,11:52:55.705,okx,AAVE/USDT:USDT,295.68,29.4,295.67,47.5,295.69,30.2,295.7,88.7
1753617176205,11:52:56.205,okx,AAVE/USDT:USDT,295.69,54.7,295.68,49.7,295.7,65.1,295.71,11.2
1753617176305,11:52:56.305,okx,AAVE/USDT:USDT,295.69,54.7,295.68,49.7,295.7,65.0,295.71,11.2
1753617176705,11:52:56.705,okx,AAVE/USDT:USDT,295.69,54.7,295.68,49.7,295.7,35.8,295.71,11.2
1753617176805,11:52:56.805,okx,AAVE/USDT:USDT,295.69,54.7,295.68,49.7,295.7,35.8,295.71,11.2
1753617177105,11:52:57.105,okx,AAVE/USDT:USDT,295.69,54.7,295.68,36.1,295.7,35.8,295.71,11.2
1753617177905,11:52:57.905,okx,AAVE/USDT:USDT,295.69,47.9,295.68,36.1,295.7,55.4,295.71,11.2
1753617178205,11:52:58.205,okx,AAVE/USDT:USDT,295.69,7.0,295.68,36.1,295.7,78.8,295.71,34.6
1753617178405,11:52:58.405,okx,AAVE/USDT:USDT,295.69,7.0,295.68,36.1,295.7,78.8,295.71,34.6
1753617179205,11:52:59.205,okx,AAVE/USDT:USDT,295.69,7.0,295.68,36.1,295.7,79.2,295.71,34.6
1753617179405,11:52:59.405,okx,AAVE/USDT:USDT,295.67,18.4,295.66,92.5,295.69,141.1,295.7,121.9
1753617179605,11:52:59.605,okx,AAVE/USDT:USDT,295.66,64.2,295.65,77.2,295.67,29.4,295.68,69.4
1753617180005,11:53:00.005,okx,AAVE/USDT:USDT,295.66,64.2,295.65,77.2,295.67,21.9,295.68,62.6
1753617180205,11:53:00.205,okx,AAVE/USDT:USDT,295.66,64.2,295.65,77.2,295.67,22.1,295.68,62.6
1753617180405,11:53:00.405,okx,AAVE/USDT:USDT,295.66,64.2,295.65,43.0,295.67,20.4,295.68,62.6
1753617180505,11:53:00.505,okx,AAVE/USDT:USDT,295.66,64.2,295.65,43.0,295.67,20.4,295.68,61.7
1753617180605,11:53:00.605,okx,AAVE/USDT:USDT,295.66,64.2,295.65,43.0,295.67,20.4,295.68,61.7
1753617180705,11:53:00.705,okx,AAVE/USDT:USDT,295.66,64.2,295.65,43.0,295.67,20.4,295.68,61.7
1753617181805,11:53:01.805,okx,AAVE/USDT:USDT,295.66,29.2,295.65,0.2,295.67,218.1,295.68,74.5
1753617181905,11:53:01.905,okx,AAVE/USDT:USDT,295.66,29.2,295.65,0.2,295.67,99.9,295.68,73.8
1753617182005,11:53:02.005,okx,AAVE/USDT:USDT,295.65,7.0,295.64,42.5,295.66,48.8,295.67,201.5
1753617182105,11:53:02.105,okx,AAVE/USDT:USDT,295.65,75.8,295.64,71.7,295.67,41.4,295.68,40.6
1753617182205,11:53:02.205,okx,AAVE/USDT:USDT,295.66,233.6,295.65,48.6,295.67,22.9,295.68,0.3
1753617182405,11:53:02.405,okx,AAVE/USDT:USDT,295.66,135.9,295.65,48.6,295.67,22.9,295.68,0.3
1753617182605,11:53:02.605,okx,AAVE/USDT:USDT,295.66,255.1,295.65,48.6,295.67,22.9,295.68,0.3
1753617182805,11:53:02.805,okx,AAVE/USDT:USDT,295.7,293.3,295.69,79.1,295.71,11.6,295.72,0.6
1753617182905,11:53:02.905,okx,AAVE/USDT:USDT,295.7,313.4,295.69,79.1,295.71,11.6,295.72,0.6
1753617183005,11:53:03.005,okx,AAVE/USDT:USDT,295.7,313.4,295.69,59.4,295.71,11.6,295.72,0.6
1753617183305,11:53:03.305,okx,AAVE/USDT:USDT,295.7,281.2,295.69,27.2,295.71,11.6,295.72,0.6
1753617183405,11:53:03.405,okx,AAVE/USDT:USDT,295.72,281.0,295.71,129.0,295.73,1.2,295.74,1.6
1753617183705,11:53:03.705,okx,AAVE/USDT:USDT,295.76,335.2,295.75,128.0,295.77,1.0,295.78,1.5
1753617184005,11:53:04.005,okx,AAVE/USDT:USDT,295.78,297.4,295.77,102.7,295.79,47.5,295.8,0.4
1753617184705,11:53:04.705,okx,AAVE/USDT:USDT,295.78,65.6,295.77,40.1,295.79,53.0,295.8,48.5
1753617185505,11:53:05.505,okx,AAVE/USDT:USDT,295.78,65.0,295.77,80.3,295.79,7.1,295.8,19.3
1753617185605,11:53:05.605,okx,AAVE/USDT:USDT,295.78,185.5,295.77,54.9,295.79,7.1,295.8,19.3
1753617185705,11:53:05.705,okx,AAVE/USDT:USDT,295.78,204.3,295.77,54.9,295.79,7.1,295.8,0.2
1753617186105,11:53:06.105,okx,AAVE/USDT:USDT,295.78,182.4,295.77,65.5,295.79,7.1,295.8,0.2
1753617186705,11:53:06.705,okx,AAVE/USDT:USDT,295.82,44.4,295.8,29.6,295.83,7.8,295.84,30.9
1753617186805,11:53:06.805,okx,AAVE/USDT:USDT,295.82,190.7,295.8,55.8,295.83,1.2,295.84,30.9
1753617187005,11:53:07.005,okx,AAVE/USDT:USDT,295.82,44.4,295.8,29.6,295.83,8.0,295.84,30.9
1753617187405,11:53:07.405,okx,AAVE/USDT:USDT,295.82,23.8,295.8,55.8,295.83,18.1,295.84,30.6
1753617188105,11:53:08.105,okx,AAVE/USDT:USDT,295.8,36.3,295.79,34.8,295.81,7.0,295.82,44.5
1753617188205,11:53:08.205,okx,AAVE/USDT:USDT,295.81,13.4,295.8,36.1,295.82,37.9,295.83,77.9
1753617188805,11:53:08.805,okx,AAVE/USDT:USDT,295.79,7.2,295.78,29.2,295.8,29.4,295.81,15.6
1753617188905,11:53:08.905,okx,AAVE/USDT:USDT,295.79,7.0,295.78,27.8,295.8,29.4,295.81,16.3
1753617189005,11:53:09.005,okx,AAVE/USDT:USDT,295.79,1.6,295.78,27.8,295.8,29.4,295.81,16.3
1753617189405,11:53:09.405,okx,AAVE/USDT:USDT,295.79,12.0,295.78,17.5,295.8,56.2,295.81,15.6
1753617190405,11:53:10.405,okx,AAVE/USDT:USDT,295.79,92.3,295.78,38.7,295.8,17.2,295.82,29.6
1753617190505,11:53:10.505,okx,AAVE/USDT:USDT,295.79,82.3,295.78,28.7,295.8,33.8,295.81,16.6
1753617190605,11:53:10.605,okx,AAVE/USDT:USDT,295.79,201.7,295.78,28.7,295.8,17.0,295.82,46.2
1753617190805,11:53:10.805,okx,AAVE/USDT:USDT,295.79,182.7,295.78,28.7,295.8,17.2,295.82,46.2
1753617191105,11:53:11.105,okx,AAVE/USDT:USDT,295.79,192.9,295.78,55.3,295.8,16.7,295.82,0.3
1753617191405,11:53:11.405,okx,AAVE/USDT:USDT,295.79,182.9,295.78,55.3,295.8,20.3,295.82,0.3
1753617191605,11:53:11.605,okx,AAVE/USDT:USDT,295.79,192.9,295.78,55.3,295.8,20.3,295.82,0.3
1753617192105,11:53:12.105,okx,AAVE/USDT:USDT,295.79,182.9,295.78,55.3,295.8,19.9,295.82,0.3
1753617192905,11:53:12.905,okx,AAVE/USDT:USDT,295.79,12.0,295.78,28.7,295.8,24.8,295.81,16.6
1753617193405,11:53:13.405,okx,AAVE/USDT:USDT,295.79,12.0,295.78,28.7,295.8,41.9,295.81,16.6
1753617193905,11:53:13.905,okx,AAVE/USDT:USDT,295.78,17.5,295.77,85.2,295.79,23.4,295.8,78.5
1753617194705,11:53:14.705,okx,AAVE/USDT:USDT,295.78,142.3,295.77,85.2,295.79,7.0,295.8,77.8
1753617195005,11:53:15.005,okx,AAVE/USDT:USDT,295.78,22.9,295.77,85.2,295.79,7.2,295.8,60.9
1753617196005,11:53:16.005,okx,AAVE/USDT:USDT,295.78,163.9,295.77,85.2,295.79,6.8,295.8,0.4
1753617196105,11:53:16.105,okx,AAVE/USDT:USDT,295.78,163.9,295.77,85.2,295.79,6.8,295.8,0.4
1753617196205,11:53:16.205,okx,AAVE/USDT:USDT,295.81,127.7,295.8,70.9,295.82,27.1,295.83,32.1
1753617196505,11:53:16.505,okx,AAVE/USDT:USDT,295.81,247.3,295.8,46.2,295.82,27.1,295.83,6.8
1753617197005,11:53:17.005,okx,AAVE/USDT:USDT,295.83,251.7,295.82,129.2,295.84,0.9,295.85,0.3
1753617197905,11:53:17.905,okx,AAVE/USDT:USDT,295.83,128.3,295.82,92.9,295.84,1.1,295.85,0.3
1753617199105,11:53:19.105,okx,AAVE/USDT:USDT,295.83,272.9,295.82,109.2,295.84,1.1,295.85,0.3
1753617199405,11:53:19.405,okx,AAVE/USDT:USDT,295.86,149.2,295.84,126.6,295.87,8.0,295.88,48.1
1753617199505,11:53:19.505,okx,AAVE/USDT:USDT,295.86,149.2,295.84,126.6,295.87,8.0,295.88,48.1
1753617200005,11:53:20.005,okx,AAVE/USDT:USDT,295.86,29.7,295.84,46.3,295.87,218.1,295.88,68.5
1753617200105,11:53:20.105,okx,AAVE/USDT:USDT,295.86,0.4,295.84,39.5,295.87,211.8,295.88,59.4
1753617201005,11:53:21.005,okx,AAVE/USDT:USDT,295.86,197.1,295.85,24.3,295.87,1.5,295.88,3.1
1753617201405,11:53:21.405,okx,AAVE/USDT:USDT,295.86,195.3,295.85,131.2,295.87,1.5,295.88,3.1
1753617201505,11:53:21.505,okx,AAVE/USDT:USDT,295.86,195.3,295.85,96.7,295.87,1.5,295.88,3.1
1753617201605,11:53:21.605,okx,AAVE/USDT:USDT,295.86,208.7,295.85,105.2,295.87,1.6,295.88,3.1
1753617201805,11:53:21.805,okx,AAVE/USDT:USDT,295.86,208.7,295.85,90.0,295.87,1.6,295.88,3.1
1753617201905,11:53:21.905,okx,AAVE/USDT:USDT,295.86,208.7,295.85,90.0,295.87,1.6,295.88,3.1
1753617202305,11:53:22.305,okx,AAVE/USDT:USDT,295.86,202.0,295.85,81.6,295.87,10.5,295.88,3.1
1753617202405,11:53:22.405,okx,AAVE/USDT:USDT,295.86,202.0,295.85,81.6,295.87,10.5,295.88,3.1
1753617202805,11:53:22.805,okx,AAVE/USDT:USDT,295.86,66.6,295.85,72.5,295.87,17.3,295.88,18.3
1753617203305,11:53:23.305,okx,AAVE/USDT:USDT,295.86,175.2,295.85,11.5,295.87,10.5,295.88,3.1
1753617203405,11:53:23.405,okx,AAVE/USDT:USDT,295.86,175.2,295.85,38.7,295.87,10.5,295.88,3.1
1753617203505,11:53:23.505,okx,AAVE/USDT:USDT,295.86,199.5,295.85,63.0,295.87,12.5,295.88,3.1
1753617203805,11:53:23.805,okx,AAVE/USDT:USDT,295.86,175.0,295.85,38.7,295.87,12.5,295.88,3.1
1753617203905,11:53:23.905,okx,AAVE/USDT:USDT,295.86,155.9,295.85,11.5,295.87,15.0,295.88,3.1
1753617204005,11:53:24.005,okx,AAVE/USDT:USDT,295.86,36.5,295.85,11.4,295.87,30.9,295.88,19.0
1753617204405,11:53:24.405,okx,AAVE/USDT:USDT,295.86,36.5,295.85,11.4,295.87,31.4,295.88,47.5
1753617204505,11:53:24.505,okx,AAVE/USDT:USDT,295.86,36.5,295.85,11.4,295.87,31.4,295.88,47.5
1753617205405,11:53:25.405,okx,AAVE/USDT:USDT,295.87,342.9,295.86,101.4,295.88,3.3,295.89,0.3
1753617205605,11:53:25.605,okx,AAVE/USDT:USDT,295.89,210.6,295.88,117.3,295.9,0.2,295.91,0.3
1753617206005,11:53:26.005,okx,AAVE/USDT:USDT,295.89,235.5,295.88,111.9,295.9,0.2,295.91,0.3
1753617206105,11:53:26.105,okx,AAVE/USDT:USDT,295.89,242.2,295.88,139.9,295.9,0.2,295.91,0.3
1753617206205,11:53:26.205,okx,AAVE/USDT:USDT,295.89,242.2,295.88,139.9,295.9,0.2,295.91,0.3
1753617206305,11:53:26.305,okx,AAVE/USDT:USDT,295.91,227.2,295.9,170.9,295.92,0.1,295.93,0.3
1753617206805,11:53:26.805,okx,AAVE/USDT:USDT,295.97,244.9,295.96,52.3,295.98,3.0,295.99,7.6
1753617207105,11:53:27.105,okx,AAVE/USDT:USDT,295.97,248.3,295.96,52.3,295.98,3.0,295.99,7.6
1753617207405,11:53:27.405,okx,AAVE/USDT:USDT,295.97,248.3,295.96,37.9,295.98,3.0,295.99,7.6
1753617207505,11:53:27.505,okx,AAVE/USDT:USDT,295.97,248.3,295.96,37.9,295.98,3.0,295.99,7.6
1753617208105,11:53:28.105,okx,AAVE/USDT:USDT,295.99,191.1,295.98,111.8,296.0,773.4,296.01,20.1
1753617208205,11:53:28.205,okx,AAVE/USDT:USDT,295.99,191.3,295.98,111.8,296.0,773.3,296.02,21.5
1753617208305,11:53:28.305,okx,AAVE/USDT:USDT,295.99,328.2,295.98,123.9,296.0,773.2,296.02,1.4
1753617208505,11:53:28.505,okx,AAVE/USDT:USDT,295.99,213.1,295.98,107.5,296.0,773.2,296.02,1.4
1753617209105,11:53:29.105,okx,AAVE/USDT:USDT,295.99,283.1,295.98,81.0,296.0,773.2,296.02,1.3
1753617209405,11:53:29.405,okx,AAVE/USDT:USDT,295.99,416.6,295.98,93.1,296.0,774.4,296.02,1.3
1753617209605,11:53:29.605,okx,AAVE/USDT:USDT,295.99,396.5,295.98,93.1,296.0,774.4,296.02,1.3
1753617209805,11:53:29.805,okx,AAVE/USDT:USDT,295.99,384.2,295.98,93.1,296.0,774.4,296.02,1.3
1753617209905,11:53:29.905,okx,AAVE/USDT:USDT,295.99,424.0,295.98,93.8,296.0,224.9,296.02,1.3
1753617210105,11:53:30.105,okx,AAVE/USDT:USDT,295.99,571.3,295.98,145.6,296.0,224.9,296.02,1.3
1753617210205,11:53:30.205,okx,AAVE/USDT:USDT,295.99,578.0,295.98,145.6,296.0,225.6,296.02,1.3
1753617210405,11:53:30.405,okx,AAVE/USDT:USDT,295.99,603.3,295.98,156.7,296.0,225.8,296.02,1.3
1753617210605,11:53:30.605,okx,AAVE/USDT:USDT,295.99,572.1,295.98,156.7,296.0,226.0,296.02,1.3
1753617210905,11:53:30.905,okx,AAVE/USDT:USDT,295.99,603.3,295.98,190.3,296.0,226.0,296.02,1.3
1753617211205,11:53:31.205,okx,AAVE/USDT:USDT,295.99,572.1,295.98,186.3,296.0,214.5,296.02,1.3
1753617211705,11:53:31.705,okx,AAVE/USDT:USDT,296.02,195.9,296.01,221.3,296.03,0.4,296.04,0.5
1753617211805,11:53:31.805,okx,AAVE/USDT:USDT,296.04,170.1,296.03,107.1,296.05,13.6,296.06,32.3
1753617211905,11:53:31.905,okx,AAVE/USDT:USDT,296.04,338.6,296.03,132.6,296.05,4.8,296.06,32.3
1753617212705,11:53:32.705,okx,AAVE/USDT:USDT,296.07,79.6,296.06,105.1,296.08,6.8,296.09,34.1
1753617213505,11:53:33.505,okx,AAVE/USDT:USDT,296.08,257.4,296.07,60.3,296.09,34.3,296.1,33.3
1753617213705,11:53:33.705,okx,AAVE/USDT:USDT,296.08,132.2,296.07,16.9,296.09,41.3,296.1,33.3
1753617213805,11:53:33.805,okx,AAVE/USDT:USDT,296.08,132.2,296.07,16.9,296.09,41.3,296.1,33.3
1753617214305,11:53:34.305,okx,AAVE/USDT:USDT,296.08,132.2,296.07,16.9,296.09,41.3,296.1,33.3
1753617214505,11:53:34.505,okx,AAVE/USDT:USDT,296.08,132.2,296.07,16.9,296.09,41.3,296.1,33.3
1753617214705,11:53:34.705,okx,AAVE/USDT:USDT,296.08,132.2,296.07,16.9,296.09,41.3,296.1,33.3
1753617214805,11:53:34.805,okx,AAVE/USDT:USDT,296.08,132.2,296.07,16.9,296.09,68.0,296.1,60.0
1753617215005,11:53:35.005,okx,AAVE/USDT:USDT,296.08,132.5,296.07,16.9,296.09,41.3,296.1,33.3
1753617215305,11:53:35.305,okx,AAVE/USDT:USDT,296.08,283.5,296.07,16.9,296.09,34.5,296.1,33.3
1753617215905,11:53:35.905,okx,AAVE/USDT:USDT,296.08,161.6,296.07,32.9,296.09,34.5,296.1,33.3
1753617216005,11:53:36.005,okx,AAVE/USDT:USDT,296.08,145.6,296.07,16.9,296.09,34.5,296.1,33.3
1753617216105,11:53:36.105,okx,AAVE/USDT:USDT,296.08,145.6,296.07,16.9,296.09,34.5,296.1,33.3
1753617216605,11:53:36.605,okx,AAVE/USDT:USDT,296.11,131.5,296.1,17.0,296.12,73.8,296.13,127.0
1753617216905,11:53:36.905,okx,AAVE/USDT:USDT,296.11,103.3,296.1,0.1,296.12,98.5,296.13,37.3
1753617217005,11:53:37.005,okx,AAVE/USDT:USDT,296.11,103.3,296.1,0.1,296.12,98.5,296.13,37.3
1753617217105,11:53:37.105,okx,AAVE/USDT:USDT,296.11,103.3,296.1,0.1,296.12,217.9,296.13,37.3
1753617217205,11:53:37.205,okx,AAVE/USDT:USDT,296.11,103.3,296.1,0.1,296.12,98.5,296.13,37.3
1753617217405,11:53:37.405,okx,AAVE/USDT:USDT,296.11,227.3,296.1,0.1,296.12,70.1,296.13,9.0
1753617217505,11:53:37.505,okx,AAVE/USDT:USDT,296.11,227.3,296.1,0.1,296.12,98.4,296.13,37.3
1753617218405,11:53:38.405,okx,AAVE/USDT:USDT,296.11,227.6,296.1,0.1,296.12,83.8,296.13,35.6
1753617218805,11:53:38.805,okx,AAVE/USDT:USDT,296.11,365.1,296.1,0.1,296.12,26.5,296.13,9.0
1753617219205,11:53:39.205,okx,AAVE/USDT:USDT,296.11,346.8,296.1,0.1,296.12,26.5,296.13,9.0
1753617219705,11:53:39.705,okx,AAVE/USDT:USDT,296.11,227.5,296.1,0.1,296.12,102.9,296.13,35.6
1753617219905,11:53:39.905,okx,AAVE/USDT:USDT,296.11,227.5,296.1,0.1,296.12,102.9,296.13,35.6
1753617220105,11:53:40.105,okx,AAVE/USDT:USDT,296.11,227.8,296.1,0.1,296.12,96.1,296.13,35.6
1753617220205,11:53:40.205,okx,AAVE/USDT:USDT,296.11,366.5,296.1,0.1,296.12,44.1,296.13,9.0
1753617220305,11:53:40.305,okx,AAVE/USDT:USDT,296.11,247.1,296.1,0.1,296.12,37.3,296.13,9.0
1753617220505,11:53:40.505,okx,AAVE/USDT:USDT,296.11,347.2,296.1,0.1,296.12,37.3,296.13,9.0
1753617220905,11:53:40.905,okx,AAVE/USDT:USDT,296.11,364.4,296.1,0.1,296.12,37.3,296.13,9.0
1753617221005,11:53:41.005,okx,AAVE/USDT:USDT,296.11,364.4,296.1,0.1,296.12,37.3,296.13,9.0
1753617221205,11:53:41.205,okx,AAVE/USDT:USDT,296.11,245.0,296.1,0.1,296.12,37.3,296.13,35.6
1753617221305,11:53:41.305,okx,AAVE/USDT:USDT,296.11,245.0,296.1,0.1,296.12,37.3,296.13,9.0
1753617221705,11:53:41.705,okx,AAVE/USDT:USDT,296.11,227.8,296.1,0.1,296.12,63.9,296.13,35.6
1753617221805,11:53:41.805,okx,AAVE/USDT:USDT,296.11,234.5,296.1,0.1,296.12,37.1,296.13,35.6
1753617221905,11:53:41.905,okx,AAVE/USDT:USDT,296.11,227.8,296.1,0.1,296.12,37.3,296.13,9.0
1753617222005,11:53:42.005,okx,AAVE/USDT:USDT,296.11,373.9,296.1,26.0,296.12,27.1,296.13,9.0
1753617222205,11:53:42.205,okx,AAVE/USDT:USDT,296.11,227.8,296.1,0.1,296.12,27.1,296.13,9.0
1753617222405,11:53:42.405,okx,AAVE/USDT:USDT,296.11,365.8,296.1,0.1,296.12,27.1,296.13,9.0
1753617222605,11:53:42.605,okx,AAVE/USDT:USDT,296.15,103.0,296.14,32.2,296.16,115.0,296.17,33.8
1753617222905,11:53:42.905,okx,AAVE/USDT:USDT,296.15,74.8,296.14,32.2,296.16,16.6,296.17,6.1
1753617223205,11:53:43.205,okx,AAVE/USDT:USDT,296.15,75.0,296.14,32.2,296.16,60.9,296.17,33.6
1753617223305,11:53:43.305,okx,AAVE/USDT:USDT,296.15,103.3,296.14,54.0,296.16,67.8,296.17,33.6
1753617223705,11:53:43.705,okx,AAVE/USDT:USDT,296.19,162.6,296.18,32.2,296.2,105.9,296.21,44.1
1753617223805,11:53:43.805,okx,AAVE/USDT:USDT,296.19,162.6,296.18,32.2,296.2,105.9,296.21,44.1
1753617223905,11:53:43.905,okx,AAVE/USDT:USDT,296.19,165.3,296.18,32.2,296.2,105.9,296.21,44.1
1753617224105,11:53:44.105,okx,AAVE/USDT:USDT,296.19,165.3,296.18,32.2,296.2,105.9,296.21,44.1
1753617224305,11:53:44.305,okx,AAVE/USDT:USDT,296.19,165.3,296.18,32.2,296.2,69.8,296.23,22.3
1753617224405,11:53:44.405,okx,AAVE/USDT:USDT,296.19,165.3,296.18,32.2,296.2,69.8,296.23,65.5
1753617224705,11:53:44.705,okx,AAVE/USDT:USDT,296.19,165.3,296.18,32.2,296.2,76.6,296.22,75.4
1753617224805,11:53:44.805,okx,AAVE/USDT:USDT,296.19,165.3,296.18,32.2,296.2,69.8,296.22,75.4
1753617225505,11:53:45.505,okx,AAVE/USDT:USDT,296.19,124.5,296.18,32.2,296.2,252.0,296.21,70.0
1753617226005,11:53:46.005,okx,AAVE/USDT:USDT,296.14,32.5,296.13,181.1,296.15,69.0,296.16,84.9
1753617226205,11:53:46.205,okx,AAVE/USDT:USDT,296.14,57.3,296.13,181.1,296.15,69.0,296.16,57.5
1753617226705,11:53:46.705,okx,AAVE/USDT:USDT,296.14,32.5,296.13,181.1,296.15,76.7,296.16,101.6
1753617227105,11:53:47.105,okx,AAVE/USDT:USDT,296.14,89.4,296.13,226.8,296.15,14.7,296.16,39.0
1753617227605,11:53:47.605,okx,AAVE/USDT:USDT,296.14,282.9,296.13,290.0,296.15,7.9,296.17,0.3
1753617227805,11:53:47.805,okx,AAVE/USDT:USDT,296.14,237.2,296.13,244.3,296.15,7.9,296.17,0.3
1753617228105,11:53:48.105,okx,AAVE/USDT:USDT,296.14,203.1,296.13,201.1,296.15,7.9,296.17,0.3
1753617228205,11:53:48.205,okx,AAVE/USDT:USDT,296.14,209.6,296.13,216.2,296.15,7.9,296.17,0.3
1753617228605,11:53:48.605,okx,AAVE/USDT:USDT,296.19,169.1,296.18,153.6,296.2,45.3,296.22,32.7
1753617228705,11:53:48.705,okx,AAVE/USDT:USDT,296.19,49.7,296.18,76.3,296.2,45.3,296.22,32.7
1753617228905,11:53:48.905,okx,AAVE/USDT:USDT,296.19,169.1,296.18,120.5,296.2,13.1,296.22,32.7
1753617229405,11:53:49.405,okx,AAVE/USDT:USDT,296.19,106.0,296.18,152.5,296.2,13.0,296.22,0.5
1753617229605,11:53:49.605,okx,AAVE/USDT:USDT,296.19,106.0,296.18,120.5,296.2,13.0,296.22,0.5
1753617230105,11:53:50.105,okx,AAVE/USDT:USDT,296.19,225.6,296.18,120.5,296.2,13.0,296.22,0.5
1753617230205,11:53:50.205,okx,AAVE/USDT:USDT,296.22,437.5,296.21,110.1,296.23,13.7,296.24,67.3
1753617230305,11:53:50.305,okx,AAVE/USDT:USDT,296.22,169.9,296.21,16.9,296.23,13.9,296.24,67.3
1753617230405,11:53:50.405,okx,AAVE/USDT:USDT,296.22,105.1,296.2,76.5,296.23,13.9,296.24,139.0
1753617230805,11:53:50.805,okx,AAVE/USDT:USDT,296.22,74.4,296.2,39.2,296.23,51.1,296.24,139.0
1753617230905,11:53:50.905,okx,AAVE/USDT:USDT,296.22,82.3,296.2,39.2,296.23,42.8,296.24,99.5
1753617231105,11:53:51.105,okx,AAVE/USDT:USDT,296.22,82.3,296.2,39.2,296.23,49.5,296.24,139.0
1753617231605,11:53:51.605,okx,AAVE/USDT:USDT,296.14,24.6,296.13,0.2,296.15,209.7,296.16,136.7
1753617232005,11:53:52.005,okx,AAVE/USDT:USDT,296.14,24.8,296.12,40.2,296.15,209.0,296.16,147.3
1753617232205,11:53:52.205,okx,AAVE/USDT:USDT,296.14,24.8,296.12,40.2,296.15,209.0,296.16,123.1
1753617232305,11:53:52.305,okx,AAVE/USDT:USDT,296.14,24.8,296.12,40.2,296.15,89.6,296.16,123.1
1753617232605,11:53:52.605,okx,AAVE/USDT:USDT,296.1,6.9,296.09,0.3,296.11,258.8,296.12,201.0
1753617233005,11:53:53.005,okx,AAVE/USDT:USDT,296.1,7.1,296.09,0.3,296.11,43.9,296.12,114.9
1753617233105,11:53:53.105,okx,AAVE/USDT:USDT,296.1,7.1,296.09,0.3,296.11,60.7,296.12,114.9
1753617233305,11:53:53.305,okx,AAVE/USDT:USDT,296.1,8.1,296.09,0.3,296.11,60.6,296.12,75.9
1753617233605,11:53:53.605,okx,AAVE/USDT:USDT,296.1,8.1,296.08,88.8,296.11,60.8,296.12,114.9
1753617233705,11:53:53.705,okx,AAVE/USDT:USDT,296.1,7.9,296.08,88.8,296.11,180.0,296.12,114.9
1753617233805,11:53:53.805,okx,AAVE/USDT:USDT,296.1,8.1,296.08,41.5,296.11,180.0,296.12,114.9
1753617234005,11:53:54.005,okx,AAVE/USDT:USDT,296.1,8.1,296.08,41.5,296.11,60.8,296.12,114.9
1753617234105,11:53:54.105,okx,AAVE/USDT:USDT,296.1,8.1,296.08,41.5,296.11,50.5,296.12,114.9
1753617234205,11:53:54.205,okx,AAVE/USDT:USDT,296.1,8.1,296.08,73.7,296.11,50.7,296.12,75.9
1753617234505,11:53:54.505,okx,AAVE/USDT:USDT,296.1,8.1,296.08,88.8,296.11,50.7,296.12,113.7
1753617234905,11:53:54.905,okx,AAVE/USDT:USDT,296.1,21.9,296.08,88.8,296.11,50.5,296.12,113.7
1753617235105,11:53:55.105,okx,AAVE/USDT:USDT,296.1,21.9,296.08,88.8,296.11,50.7,296.12,113.7
1753617235405,11:53:55.405,okx,AAVE/USDT:USDT,296.1,21.9,296.08,41.5,296.11,192.8,296.12,137.1
1753617235505,11:53:55.505,okx,AAVE/USDT:USDT,296.07,48.3,296.06,0.4,296.08,385.6,296.09,52.6
1753617235605,11:53:55.605,okx,AAVE/USDT:USDT,296.04,60.4,296.03,0.3,296.05,338.0,296.06,148.6
1753617235705,11:53:55.705,okx,AAVE/USDT:USDT,296.04,33.1,296.02,50.9,296.05,236.7,296.06,149.3
1753617235805,11:53:55.805,okx,AAVE/USDT:USDT,296.04,33.3,296.02,50.9,296.05,197.0,296.06,126.9
1753617236105,11:53:56.105,okx,AAVE/USDT:USDT,296.04,32.5,296.03,11.4,296.05,17.8,296.06,69.2
1753617236905,11:53:56.905,okx,AAVE/USDT:USDT,296.04,0.1,296.03,11.4,296.05,88.3,296.06,69.2
1753617237705,11:53:57.705,okx,AAVE/USDT:USDT,296.02,0.1,296.01,0.4,296.03,298.2,296.04,151.9
1753617237905,11:53:57.905,okx,AAVE/USDT:USDT,296.0,27.8,295.99,2.0,296.01,253.5,296.02,208.4
1753617238005,11:53:58.005,okx,AAVE/USDT:USDT,296.0,28.0,295.99,2.0,296.01,253.7,296.02,208.4
1753617238105,11:53:58.105,okx,AAVE/USDT:USDT,296.0,28.0,295.99,2.0,296.01,253.7,296.02,208.4
1753617238505,11:53:58.505,okx,AAVE/USDT:USDT,296.0,27.8,295.99,2.0,296.01,128.4,296.02,208.4
1753617238605,11:53:58.605,okx,AAVE/USDT:USDT,296.0,27.8,295.99,2.0,296.01,265.1,296.02,208.4
1753617239005,11:53:59.005,okx,AAVE/USDT:USDT,296.0,27.8,295.99,2.0,296.01,265.3,296.02,208.4
1753617239205,11:53:59.205,okx,AAVE/USDT:USDT,296.0,27.8,295.99,2.0,296.01,54.1,296.02,158.6
1753617239305,11:53:59.305,okx,AAVE/USDT:USDT,296.0,27.8,295.99,2.0,296.01,78.1,296.02,90.6
1753617239905,11:53:59.905,okx,AAVE/USDT:USDT,295.99,2.2,295.98,0.4,296.0,267.1,296.01,136.9
1753617240105,11:54:00.105,okx,AAVE/USDT:USDT,295.99,2.2,295.98,0.4,296.0,267.1,296.01,122.8
1753617240205,11:54:00.205,okx,AAVE/USDT:USDT,295.99,2.2,295.98,0.4,296.0,267.1,296.01,122.8
1753617240405,11:54:00.405,okx,AAVE/USDT:USDT,295.99,2.2,295.98,0.4,296.0,249.6,296.01,71.5
1753617240605,11:54:00.605,okx,AAVE/USDT:USDT,295.99,2.2,295.98,0.4,296.0,249.6,296.01,71.5
1753617240705,11:54:00.705,okx,AAVE/USDT:USDT,295.99,2.2,295.98,0.4,296.0,270.8,296.01,92.7
1753617240805,11:54:00.805,okx,AAVE/USDT:USDT,295.99,21.0,295.98,0.1,296.0,162.0,296.01,42.3
1753617240905,11:54:00.905,okx,AAVE/USDT:USDT,295.99,21.6,295.98,34.6,296.0,84.7,296.01,42.3
1753617241405,11:54:01.405,okx,AAVE/USDT:USDT,295.99,2.8,295.98,34.6,296.0,205.6,296.01,42.3
1753617241705,11:54:01.705,okx,AAVE/USDT:USDT,295.99,2.8,295.98,0.8,296.0,231.9,296.01,98.8
1753617241905,11:54:01.905,okx,AAVE/USDT:USDT,295.99,2.9,295.98,0.8,296.0,231.9,296.01,98.8
1753617242205,11:54:02.205,okx,AAVE/USDT:USDT,295.97,2.3,295.96,1.1,295.98,269.4,295.99,106.2
1753617242405,11:54:02.405,okx,AAVE/USDT:USDT,295.97,2.5,295.96,1.1,295.98,277.8,295.99,106.2
1753617242505,11:54:02.505,okx,AAVE/USDT:USDT,295.97,2.5,295.96,1.1,295.98,275.2,295.99,106.2
1753617243005,11:54:03.005,okx,AAVE/USDT:USDT,295.97,2.6,295.96,1.1,295.98,53.1,295.99,49.6
1753617243605,11:54:03.605,okx,AAVE/USDT:USDT,295.97,2.5,295.96,1.1,295.98,273.6,295.99,106.9
1753617244005,11:54:04.005,okx,AAVE/USDT:USDT,295.97,2.5,295.96,1.1,295.98,218.3,295.99,50.3
1753617244105,11:54:04.105,okx,AAVE/USDT:USDT,295.97,2.5,295.96,1.1,295.98,218.3,295.99,49.6
1753617244205,11:54:04.205,okx,AAVE/USDT:USDT,295.97,2.5,295.96,1.1,295.98,198.5,295.99,49.6
1753617244505,11:54:04.505,okx,AAVE/USDT:USDT,295.97,2.5,295.96,1.1,295.98,274.3,295.99,106.2
1753617244605,11:54:04.605,okx,AAVE/USDT:USDT,295.97,2.5,295.96,1.1,295.98,274.3,295.99,106.2
1753617244705,11:54:04.705,okx,AAVE/USDT:USDT,295.97,2.5,295.96,1.1,295.98,274.3,295.99,106.2
1753617244805,11:54:04.805,okx,AAVE/USDT:USDT,295.97,2.5,295.96,1.1,295.98,274.3,295.99,106.2
1753617244905,11:54:04.905,okx,AAVE/USDT:USDT,295.97,2.5,295.96,1.1,295.98,274.3,295.99,106.2
1753617245005,11:54:05.005,okx,AAVE/USDT:USDT,295.97,2.5,295.96,1.1,295.98,274.3,295.99,106.2
1753617245105,11:54:05.105,okx,AAVE/USDT:USDT,295.97,2.5,295.96,1.1,295.98,240.0,295.99,70.6
1753617245505,11:54:05.505,okx,AAVE/USDT:USDT,295.95,0.9,295.94,2.3,295.96,315.5,295.97,102.5
1753617245605,11:54:05.605,okx,AAVE/USDT:USDT,295.95,0.9,295.94,2.3,295.96,315.5,295.97,102.5
1753617245705,11:54:05.705,okx,AAVE/USDT:USDT,295.95,0.9,295.94,2.3,295.96,318.6,295.97,102.5
1753617245805,11:54:05.805,okx,AAVE/USDT:USDT,295.95,0.9,295.94,2.3,295.96,318.6,295.97,102.5
1753617246305,11:54:06.305,okx,AAVE/USDT:USDT,295.93,1.3,295.92,0.9,295.94,266.1,295.95,160.4
1753617246405,11:54:06.405,okx,AAVE/USDT:USDT,295.93,1.3,295.92,0.9,295.94,274.5,295.95,160.4
1753617246705,11:54:06.705,okx,AAVE/USDT:USDT,295.91,59.6,295.9,126.5,295.92,12.5,295.94,46.1
1753617247205,11:54:07.205,okx,AAVE/USDT:USDT,295.91,35.5,295.9,91.9,295.92,74.7,295.93,68.0
1753617247305,11:54:07.305,okx,AAVE/USDT:USDT,295.91,32.2,295.9,69.5,295.92,40.8,295.93,34.6
1753617247505,11:54:07.505,okx,AAVE/USDT:USDT,295.9,69.7,295.89,73.0,295.91,7.0,295.92,74.7
1753617247605,11:54:07.605,okx,AAVE/USDT:USDT,295.9,69.7,295.89,73.0,295.91,7.0,295.92,40.7
1753617247905,11:54:07.905,okx,AAVE/USDT:USDT,295.9,7.0,295.89,37.4,295.91,122.8,295.92,40.7
1753617248205,11:54:08.205,okx,AAVE/USDT:USDT,295.88,41.0,295.86,45.5,295.89,181.9,295.9,74.1
1753617248405,11:54:08.405,okx,AAVE/USDT:USDT,295.88,25.7,295.86,45.5,295.89,24.9,295.9,40.7
1753617248505,11:54:08.505,okx,AAVE/USDT:USDT,295.88,59.7,295.86,45.5,295.89,144.3,295.9,74.1
1753617248805,11:54:08.805,okx,AAVE/USDT:USDT,295.88,0.1,295.86,11.7,295.89,153.7,295.9,40.7
1753617249305,11:54:09.305,okx,AAVE/USDT:USDT,295.88,0.1,295.86,11.7,295.89,222.2,295.9,93.1
1753617249905,11:54:09.905,okx,AAVE/USDT:USDT,295.87,41.4,295.86,47.6,295.88,41.9,295.89,30.5
1753617250005,11:54:10.005,okx,AAVE/USDT:USDT,295.87,41.4,295.86,47.6,295.88,50.3,295.89,30.5
1753617250105,11:54:10.105,okx,AAVE/USDT:USDT,295.87,41.4,295.86,47.6,295.88,50.3,295.89,30.5
1753617250305,11:54:10.305,okx,AAVE/USDT:USDT,295.87,69.3,295.86,47.6,295.88,43.5,295.89,19.0
1753617250605,11:54:10.605,okx,AAVE/USDT:USDT,295.86,36.6,295.85,63.5,295.87,6.8,295.88,43.3
1753617250905,11:54:10.905,okx,AAVE/USDT:USDT,295.86,55.2,295.85,63.5,295.87,7.0,295.88,43.3
1753617251005,11:54:11.005,okx,AAVE/USDT:USDT,295.86,55.2,295.85,63.5,295.87,7.0,295.88,43.3
1753617251105,11:54:11.105,okx,AAVE/USDT:USDT,295.86,55.2,295.85,63.5,295.87,7.0,295.88,43.3
1753617251205,11:54:11.205,okx,AAVE/USDT:USDT,295.86,55.2,295.85,63.5,295.87,7.0,295.88,43.3
1753617251305,11:54:11.305,okx,AAVE/USDT:USDT,295.86,55.2,295.85,63.5,295.87,7.0,295.88,43.3
1753617251605,11:54:11.605,okx,AAVE/USDT:USDT,295.87,19.0,295.86,36.5,295.88,45.9,295.89,19.0
1753617251705,11:54:11.705,okx,AAVE/USDT:USDT,295.87,19.0,295.86,36.5,295.88,45.9,295.89,19.0
1753617251905,11:54:11.905,okx,AAVE/USDT:USDT,295.87,19.0,295.86,36.5,295.88,50.1,295.89,19.0
1753617252305,11:54:12.305,okx,AAVE/USDT:USDT,295.91,89.8,295.9,0.1,295.92,75.9,295.93,13.6
1753617252405,11:54:12.405,okx,AAVE/USDT:USDT,295.9,0.1,295.88,13.7,295.91,167.1,295.92,118.1
1753617252705,11:54:12.705,okx,AAVE/USDT:USDT,295.9,0.1,295.88,13.7,295.91,186.9,295.92,112.1
1753617253005,11:54:13.005,okx,AAVE/USDT:USDT,295.88,47.3,295.87,21.8,295.89,63.9,295.9,119.9
1753617253305,11:54:13.305,okx,AAVE/USDT:USDT,295.88,6.8,295.87,21.8,295.89,6.8,295.9,41.0
1753617253505,11:54:13.505,okx,AAVE/USDT:USDT,295.88,6.8,295.87,21.8,295.89,183.3,295.9,41.7
1753617253805,11:54:13.805,okx,AAVE/USDT:USDT,295.88,22.6,295.87,21.8,295.89,45.1,295.9,63.8
1753617254105,11:54:14.105,okx,AAVE/USDT:USDT,295.89,28.4,295.88,61.8,295.9,38.1,295.91,7.0
1753617255005,11:54:15.005,okx,AAVE/USDT:USDT,295.89,28.4,295.88,51.1,295.9,38.0,295.91,7.0
1753617255105,11:54:15.105,okx,AAVE/USDT:USDT,295.89,28.4,295.88,51.1,295.9,38.0,295.91,7.0
1753617255205,11:54:15.205,okx,AAVE/USDT:USDT,295.89,28.4,295.88,84.9,295.9,38.0,295.91,7.0
1753617255805,11:54:15.805,okx,AAVE/USDT:USDT,295.89,28.4,295.88,71.1,295.9,34.4,295.91,7.0
1753617256405,11:54:16.405,okx,AAVE/USDT:USDT,295.88,25.6,295.87,21.8,295.89,41.3,295.9,95.9
1753617256505,11:54:16.505,okx,AAVE/USDT:USDT,295.87,7.0,295.86,44.9,295.88,29.0,295.89,63.8
1753617256705,11:54:16.705,okx,AAVE/USDT:USDT,295.87,62.3,295.86,44.9,295.88,7.0,295.89,7.5
1753617256905,11:54:16.905,okx,AAVE/USDT:USDT,295.87,62.3,295.86,44.9,295.88,7.1,295.89,7.5
1753617257605,11:54:17.605,okx,AAVE/USDT:USDT,295.87,201.1,295.86,44.9,295.88,0.1,295.89,0.7
1753617258005,11:54:18.005,okx,AAVE/USDT:USDT,295.87,201.1,295.86,44.9,295.88,0.1,295.89,0.7
1753617258105,11:54:18.105,okx,AAVE/USDT:USDT,295.87,81.7,295.86,44.9,295.88,0.1,295.89,0.7
1753617258205,11:54:18.205,okx,AAVE/USDT:USDT,295.87,81.7,295.86,44.9,295.88,0.1,295.89,0.7
1753617259605,11:54:19.605,okx,AAVE/USDT:USDT,295.87,71.0,295.86,44.9,295.88,4.1,295.89,0.7
1753617260105,11:54:20.105,okx,AAVE/USDT:USDT,295.87,190.4,295.86,81.5,295.88,0.1,295.89,0.7
1753617260305,11:54:20.305,okx,AAVE/USDT:USDT,295.87,74.3,295.86,107.2,295.88,0.1,295.89,0.7
1753617260605,11:54:20.605,okx,AAVE/USDT:USDT,295.87,171.9,295.86,107.2,295.88,0.1,295.89,0.7
1753617260805,11:54:20.805,okx,AAVE/USDT:USDT,295.87,52.5,295.86,107.2,295.88,0.1,295.89,0.7
1753617261005,11:54:21.005,okx,AAVE/USDT:USDT,295.87,181.5,295.86,107.2,295.88,0.1,295.89,0.7
1753617261105,11:54:21.105,okx,AAVE/USDT:USDT,295.87,182.2,295.86,107.9,295.88,0.1,295.89,0.7
1753617261205,11:54:21.205,okx,AAVE/USDT:USDT,295.87,204.4,295.86,129.9,295.88,0.1,295.89,0.7
1753617261305,11:54:21.305,okx,AAVE/USDT:USDT,295.87,62.3,295.86,107.2,295.88,0.1,295.89,0.7
1753617261405,11:54:21.405,okx,AAVE/USDT:USDT,295.87,62.3,295.86,44.9,295.88,0.1,295.89,0.7
1753617261705,11:54:21.705,okx,AAVE/USDT:USDT,295.87,171.9,295.86,81.5,295.88,0.1,295.89,0.7
1753617261905,11:54:21.905,okx,AAVE/USDT:USDT,295.87,172.1,295.86,81.5,295.88,0.1,295.89,0.7
1753617262005,11:54:22.005,okx,AAVE/USDT:USDT,295.87,78.4,295.86,107.2,295.88,0.1,295.89,0.7
1753617262205,11:54:22.205,okx,AAVE/USDT:USDT,295.87,239.0,295.86,129.9,295.88,0.1,295.89,0.7
1753617262405,11:54:22.405,okx,AAVE/USDT:USDT,295.87,275.6,295.86,129.9,295.88,0.1,295.89,0.7
1753617262905,11:54:22.905,okx,AAVE/USDT:USDT,295.87,275.6,295.86,129.9,295.88,0.1,295.89,0.7
1753617263005,11:54:23.005,okx,AAVE/USDT:USDT,295.87,216.3,295.86,107.2,295.88,0.1,295.89,0.7
1753617263105,11:54:23.105,okx,AAVE/USDT:USDT,295.87,252.9,295.86,107.2,295.88,0.1,295.89,0.7
1753617263405,11:54:23.405,okx,AAVE/USDT:USDT,295.87,216.3,295.86,107.2,295.88,0.1,295.89,0.7
1753617263705,11:54:23.705,okx,AAVE/USDT:USDT,295.87,274.9,295.86,129.2,295.88,0.1,295.89,0.7
1753617264205,11:54:24.205,okx,AAVE/USDT:USDT,295.87,60.9,295.86,44.9,295.88,4.1,295.89,0.7
1753617264405,11:54:24.405,okx,AAVE/USDT:USDT,295.87,179.8,295.86,44.9,295.88,0.1,295.89,0.7
1753617264605,11:54:24.605,okx,AAVE/USDT:USDT,295.87,180.0,295.86,44.9,295.88,0.1,295.89,0.7
1753617264905,11:54:24.905,okx,AAVE/USDT:USDT,295.87,60.6,295.86,44.9,295.88,12.4,295.89,0.7
1753617265205,11:54:25.205,okx,AAVE/USDT:USDT,295.87,60.6,295.86,44.9,295.88,12.4,295.89,0.7
1753617265605,11:54:25.605,okx,AAVE/USDT:USDT,295.87,61.2,295.86,44.9,295.88,12.4,295.89,0.7
1753617265705,11:54:25.705,okx,AAVE/USDT:USDT,295.87,61.0,295.86,44.9,295.88,12.4,295.89,0.7
1753617265805,11:54:25.805,okx,AAVE/USDT:USDT,295.87,180.4,295.86,44.9,295.88,12.4,295.89,0.7
1753617266105,11:54:26.105,okx,AAVE/USDT:USDT,295.87,180.6,295.86,45.6,295.88,12.4,295.89,0.7
1753617266205,11:54:26.205,okx,AAVE/USDT:USDT,295.87,30.9,295.86,44.9,295.88,33.3,295.89,0.7
1753617266405,11:54:26.405,okx,AAVE/USDT:USDT,295.87,58.0,295.86,44.9,295.88,33.3,295.89,0.7
1753617266505,11:54:26.505,okx,AAVE/USDT:USDT,295.87,58.0,295.86,44.9,295.88,33.3,295.89,0.7
1753617266605,11:54:26.605,okx,AAVE/USDT:USDT,295.87,57.8,295.86,44.9,295.88,33.3,295.89,0.7
1753617267005,11:54:27.005,okx,AAVE/USDT:USDT,295.87,58.0,295.86,44.9,295.88,33.3,295.89,0.7
1753617267305,11:54:27.305,okx,AAVE/USDT:USDT,295.87,94.6,295.86,81.5,295.88,33.3,295.89,0.7
1753617267505,11:54:27.505,okx,AAVE/USDT:USDT,295.87,58.0,295.86,81.5,295.88,33.3,295.89,0.7
1753617267805,11:54:27.805,okx,AAVE/USDT:USDT,295.88,358.1,295.87,148.4,295.89,0.9,295.9,0.1
1753617267905,11:54:27.905,okx,AAVE/USDT:USDT,295.88,377.8,295.87,148.4,295.89,0.9,295.9,0.1
1753617268005,11:54:28.005,okx,AAVE/USDT:USDT,295.88,222.5,295.87,147.7,295.89,0.9,295.9,0.1
1753617268105,11:54:28.105,okx,AAVE/USDT:USDT,295.88,341.9,295.87,147.7,295.89,0.9,295.9,0.1
1753617268305,11:54:28.305,okx,AAVE/USDT:USDT,295.88,377.8,295.87,146.6,295.89,0.9,295.9,0.1
1753617268505,11:54:28.505,okx,AAVE/USDT:USDT,295.88,377.8,295.87,147.4,295.89,20.0,295.9,0.1
1753617268605,11:54:28.605,okx,AAVE/USDT:USDT,295.88,258.4,295.87,147.4,295.89,20.0,295.9,0.1
1753617268705,11:54:28.705,okx,AAVE/USDT:USDT,295.88,222.3,295.87,147.4,295.89,20.0,295.9,0.1
1753617268905,11:54:28.905,okx,AAVE/USDT:USDT,295.88,174.4,295.87,57.9,295.89,20.0,295.9,32.2
1753617269005,11:54:29.005,okx,AAVE/USDT:USDT,295.88,167.8,295.87,57.8,295.89,26.8,295.9,32.2
1753617269205,11:54:29.205,okx,AAVE/USDT:USDT,295.88,133.1,295.87,57.8,295.89,26.8,295.9,32.2
1753617269305,11:54:29.305,okx,AAVE/USDT:USDT,295.88,133.1,295.87,57.8,295.89,26.8,295.9,32.2
1753617269605,11:54:29.605,okx,AAVE/USDT:USDT,295.88,135.1,295.87,57.8,295.89,20.0,295.9,32.2
1753617269905,11:54:29.905,okx,AAVE/USDT:USDT,295.88,135.1,295.87,57.8,295.89,26.8,295.9,32.2
1753617270005,11:54:30.005,okx,AAVE/USDT:USDT,295.88,135.1,295.87,57.8,295.89,26.8,295.9,32.2
1753617270705,11:54:30.705,okx,AAVE/USDT:USDT,295.88,24.6,295.86,45.4,295.89,165.3,295.9,90.3
1753617270905,11:54:30.905,okx,AAVE/USDT:USDT,295.88,54.0,295.86,45.4,295.89,79.4,295.9,32.2
1753617271005,11:54:31.005,okx,AAVE/USDT:USDT,295.88,54.2,295.86,45.4,295.89,162.5,295.9,90.3
1753617271905,11:54:31.905,okx,AAVE/USDT:USDT,295.88,24.8,295.86,45.4,295.89,48.1,295.9,90.3
1753617272105,11:54:32.105,okx,AAVE/USDT:USDT,295.88,54.1,295.86,45.4,295.89,26.8,295.9,54.4
1753617272205,11:54:32.205,okx,AAVE/USDT:USDT,295.88,24.8,295.86,45.4,295.89,48.3,295.9,90.3
1753617272405,11:54:32.405,okx,AAVE/USDT:USDT,295.88,47.1,295.86,45.4,295.89,48.3,295.9,54.4
1753617272805,11:54:32.805,okx,AAVE/USDT:USDT,295.88,24.8,295.86,45.4,295.89,48.3,295.9,90.3
1753617272905,11:54:32.905,okx,AAVE/USDT:USDT,295.88,58.0,295.86,45.4,295.89,26.8,295.9,32.2
1753617273805,11:54:33.805,okx,AAVE/USDT:USDT,295.88,24.3,295.86,45.4,295.89,77.7,295.9,68.8
1753617274005,11:54:34.005,okx,AAVE/USDT:USDT,295.88,57.5,295.86,45.4,295.89,26.8,295.9,32.2
1753617274205,11:54:34.205,okx,AAVE/USDT:USDT,295.88,62.4,295.86,45.4,295.89,27.2,295.9,68.1
1753617274605,11:54:34.605,okx,AAVE/USDT:USDT,295.88,29.2,295.86,45.4,295.89,196.7,295.9,94.4
1753617274705,11:54:34.705,okx,AAVE/USDT:USDT,295.88,29.2,295.86,45.4,295.89,63.8,295.9,94.4
1753617274905,11:54:34.905,okx,AAVE/USDT:USDT,295.88,29.2,295.86,45.4,295.89,132.5,295.9,94.4
1753617275005,11:54:35.005,okx,AAVE/USDT:USDT,295.88,29.2,295.86,45.4,295.89,132.5,295.9,94.4
1753617275505,11:54:35.505,okx,AAVE/USDT:USDT,295.88,26.3,295.86,45.4,295.89,106.5,295.9,89.6
1753617275805,11:54:35.805,okx,AAVE/USDT:USDT,295.88,26.3,295.86,45.4,295.89,245.9,295.9,90.3
1753617275905,11:54:35.905,okx,AAVE/USDT:USDT,295.88,26.3,295.86,45.4,295.89,75.5,295.9,90.3
1753617276005,11:54:36.005,okx,AAVE/USDT:USDT,295.88,26.3,295.86,45.4,295.89,206.4,295.9,90.3
1753617276205,11:54:36.205,okx,AAVE/USDT:USDT,295.88,26.3,295.86,45.4,295.89,239.1,295.9,90.3
1753617276305,11:54:36.305,okx,AAVE/USDT:USDT,295.88,26.3,295.86,45.4,295.89,176.1,295.9,90.3
1753617276405,11:54:36.405,okx,AAVE/USDT:USDT,295.88,26.3,295.86,45.4,295.89,104.3,295.9,90.3
1753617276905,11:54:36.905,okx,AAVE/USDT:USDT,295.88,51.4,295.86,45.4,295.89,245.0,295.9,90.3
1753617277005,11:54:37.005,okx,AAVE/USDT:USDT,295.88,26.3,295.86,45.4,295.89,104.3,295.9,90.3
1753617277105,11:54:37.105,okx,AAVE/USDT:USDT,295.88,8.8,295.86,45.4,295.89,72.6,295.9,90.3
1753617278305,11:54:38.305,okx,AAVE/USDT:USDT,295.88,16.6,295.86,11.6,295.89,252.2,295.9,90.3
1753617278405,11:54:38.405,okx,AAVE/USDT:USDT,295.88,16.6,295.86,0.4,295.89,252.2,295.9,124.6
1753617278505,11:54:38.505,okx,AAVE/USDT:USDT,295.88,16.6,295.86,0.4,295.89,252.2,295.9,124.6
1753617278805,11:54:38.805,okx,AAVE/USDT:USDT,295.88,16.6,295.86,0.4,295.89,252.2,295.9,90.3
1753617278905,11:54:38.905,okx,AAVE/USDT:USDT,295.88,16.6,295.86,0.4,295.89,252.2,295.9,90.3
1753617279005,11:54:39.005,okx,AAVE/USDT:USDT,295.88,16.6,295.86,0.4,295.89,252.2,295.9,90.3
1753617279605,11:54:39.605,okx,AAVE/USDT:USDT,295.88,16.6,295.86,43.7,295.89,34.2,295.9,68.1
1753617279805,11:54:39.805,okx,AAVE/USDT:USDT,295.88,16.6,295.86,43.7,295.89,55.7,295.9,89.6
1753617281005,11:54:41.005,okx,AAVE/USDT:USDT,295.88,16.6,295.86,43.7,295.89,226.9,295.9,89.6
1753617281105,11:54:41.105,okx,AAVE/USDT:USDT,295.88,16.6,295.86,43.7,295.89,107.5,295.9,89.6
1753617281205,11:54:41.205,okx,AAVE/USDT:USDT,295.88,16.6,295.86,43.7,295.89,87.2,295.9,89.6
1753617281405,11:54:41.405,okx,AAVE/USDT:USDT,295.88,16.6,295.86,43.7,295.89,223.8,295.9,89.6
1753617281605,11:54:41.605,okx,AAVE/USDT:USDT,295.88,16.6,295.86,11.6,295.89,223.8,295.9,89.6
1753617281805,11:54:41.805,okx,AAVE/USDT:USDT,295.88,16.6,295.86,11.6,295.89,223.8,295.9,89.6
1753617281905,11:54:41.905,okx,AAVE/USDT:USDT,295.88,16.6,295.86,11.6,295.89,223.8,295.9,89.6
1753617282005,11:54:42.005,okx,AAVE/USDT:USDT,295.88,16.6,295.86,11.6,295.89,223.8,295.9,89.6
1753617282405,11:54:42.405,okx,AAVE/USDT:USDT,295.88,16.5,295.86,11.6,295.89,224.2,295.9,89.6
1753617282505,11:54:42.505,okx,AAVE/USDT:USDT,295.88,16.5,295.86,11.6,295.89,224.2,295.9,89.6
1753617283705,11:54:43.705,okx,AAVE/USDT:USDT,295.88,16.5,295.86,11.6,295.89,105.7,295.9,89.7
1753617283805,11:54:43.805,okx,AAVE/USDT:USDT,295.88,16.5,295.86,11.6,295.89,224.9,295.9,89.7
1753617283905,11:54:43.905,okx,AAVE/USDT:USDT,295.88,16.5,295.86,11.6,295.89,224.9,295.9,89.7
1753617284705,11:54:44.705,okx,AAVE/USDT:USDT,295.88,16.5,295.86,11.6,295.89,225.1,295.9,89.7
1753617285005,11:54:45.005,okx,AAVE/USDT:USDT,295.88,16.5,295.86,11.6,295.89,225.1,295.9,89.7
1753617285905,11:54:45.905,okx,AAVE/USDT:USDT,295.88,16.3,295.86,11.6,295.89,193.4,295.9,53.8
1753617286005,11:54:46.005,okx,AAVE/USDT:USDT,295.88,16.3,295.86,11.6,295.89,193.2,295.9,53.8
1753617286105,11:54:46.105,okx,AAVE/USDT:USDT,295.88,16.3,295.86,11.6,295.89,74.0,295.9,53.8
1753617286405,11:54:46.405,okx,AAVE/USDT:USDT,295.88,16.3,295.86,11.6,295.89,100.0,295.9,91.3
1753617286505,11:54:46.505,okx,AAVE/USDT:USDT,295.88,16.3,295.86,11.6,295.89,219.4,295.9,91.3
1753617287105,11:54:47.105,okx,AAVE/USDT:USDT,295.88,16.3,295.86,43.7,295.89,100.2,295.9,91.3
1753617287905,11:54:47.905,okx,AAVE/USDT:USDT,295.88,16.3,295.86,11.6,295.89,219.7,295.9,92.0
1753617288005,11:54:48.005,okx,AAVE/USDT:USDT,295.84,41.4,295.83,11.4,295.85,115.8,295.86,121.7
1753617288205,11:54:48.205,okx,AAVE/USDT:USDT,295.84,39.1,295.83,11.4,295.85,41.3,295.86,41.0
1753617288405,11:54:48.405,okx,AAVE/USDT:USDT,295.84,39.1,295.83,11.4,295.85,41.3,295.86,41.0
1753617288605,11:54:48.605,okx,AAVE/USDT:USDT,295.84,39.1,295.83,11.4,295.85,41.3,295.86,41.0
1753617288705,11:54:48.705,okx,AAVE/USDT:USDT,295.84,39.1,295.83,11.4,295.85,41.3,295.86,75.2
1753617289005,11:54:49.005,okx,AAVE/USDT:USDT,295.84,39.1,295.83,11.4,295.85,7.1,295.86,41.0
1753617289305,11:54:49.305,okx,AAVE/USDT:USDT,295.84,184.3,295.83,47.6,295.85,0.1,295.87,0.3
1753617289505,11:54:49.505,okx,AAVE/USDT:USDT,295.84,218.3,295.83,82.0,295.85,0.1,295.87,0.3
1753617289705,11:54:49.705,okx,AAVE/USDT:USDT,295.84,218.5,295.83,82.2,295.85,0.1,295.87,0.3
1753617289905,11:54:49.905,okx,AAVE/USDT:USDT,295.84,238.5,295.83,102.2,295.85,0.1,295.87,0.3
1753617290105,11:54:50.105,okx,AAVE/USDT:USDT,295.84,238.5,295.83,95.5,295.85,0.1,295.87,0.3
1753617290705,11:54:50.705,okx,AAVE/USDT:USDT,295.88,121.5,295.86,84.6,295.89,25.5,295.9,33.3
1753617291005,11:54:51.005,okx,AAVE/USDT:USDT,295.88,121.5,295.86,32.4,295.89,25.5,295.9,33.3
1753617291205,11:54:51.205,okx,AAVE/USDT:USDT,295.88,121.5,295.87,32.7,295.89,25.5,295.9,33.3
1753617291305,11:54:51.305,okx,AAVE/USDT:USDT,295.88,121.5,295.87,27.8,295.89,25.5,295.9,33.3
1753617292205,11:54:52.205,okx,AAVE/USDT:USDT,295.88,122.6,295.87,58.1,295.89,25.5,295.9,33.3
1753617292305,11:54:52.305,okx,AAVE/USDT:USDT,295.88,121.5,295.87,25.4,295.89,26.5,295.9,33.3
1753617292405,11:54:52.405,okx,AAVE/USDT:USDT,295.88,121.5,295.86,32.4,295.89,26.5,295.9,33.3
1753617292505,11:54:52.505,okx,AAVE/USDT:USDT,295.88,32.3,295.86,32.4,295.89,84.2,295.9,52.9
1753617293205,11:54:53.205,okx,AAVE/USDT:USDT,295.88,39.1,295.86,79.5,295.89,59.1,295.9,33.3
1753617293505,11:54:53.505,okx,AAVE/USDT:USDT,295.88,39.1,295.86,79.5,295.89,27.2,295.9,33.3
1753617293805,11:54:53.805,okx,AAVE/USDT:USDT,295.88,39.1,295.86,79.5,295.89,27.2,295.9,33.3
1753617294405,11:54:54.405,okx,AAVE/USDT:USDT,295.88,7.0,295.86,59.9,295.89,27.2,295.9,33.3
1753617294905,11:54:54.905,okx,AAVE/USDT:USDT,295.88,1.4,295.86,32.4,295.89,59.1,295.9,33.3
1753617295605,11:54:55.605,okx,AAVE/USDT:USDT,295.88,1.4,295.86,0.3,295.89,222.8,295.9,85.6
1753617295705,11:54:55.705,okx,AAVE/USDT:USDT,295.88,1.4,295.86,0.3,295.89,222.8,295.9,85.6
1753617295805,11:54:55.805,okx,AAVE/USDT:USDT,295.88,1.4,295.86,0.3,295.89,222.8,295.9,85.6
1753617296205,11:54:56.205,okx,AAVE/USDT:USDT,295.88,1.4,295.86,0.3,295.89,222.8,295.9,52.9
1753617296305,11:54:56.305,okx,AAVE/USDT:USDT,295.88,1.4,295.86,0.3,295.89,222.8,295.9,85.6
1753617296605,11:54:56.605,okx,AAVE/USDT:USDT,295.88,1.4,295.86,0.3,295.89,222.8,295.9,85.6
1753617296805,11:54:56.805,okx,AAVE/USDT:USDT,295.88,1.4,295.86,0.3,295.89,222.8,295.9,85.6
1753617297305,11:54:57.305,okx,AAVE/USDT:USDT,295.88,1.4,295.86,0.3,295.89,203.4,295.9,66.0
1753617297905,11:54:57.905,okx,AAVE/USDT:USDT,295.88,1.4,295.86,0.3,295.89,203.4,295.9,33.3
1753617298305,11:54:58.305,okx,AAVE/USDT:USDT,295.88,40.3,295.86,54.4,295.89,64.6,295.9,33.3
1753617299105,11:54:59.105,okx,AAVE/USDT:USDT,295.88,1.4,295.86,22.3,295.89,223.7,295.9,86.3
1753617299205,11:54:59.205,okx,AAVE/USDT:USDT,295.88,1.4,295.86,22.3,295.89,223.7,295.9,86.3
1753617299305,11:54:59.305,okx,AAVE/USDT:USDT,295.88,1.4,295.86,22.3,295.89,223.7,295.9,85.6
1753617299405,11:54:59.405,okx,AAVE/USDT:USDT,295.88,1.4,295.86,22.3,295.89,223.7,295.9,85.6
1753617299605,11:54:59.605,okx,AAVE/USDT:USDT,295.88,1.4,295.86,22.3,295.89,223.8,295.9,85.6
1753617299705,11:54:59.705,okx,AAVE/USDT:USDT,295.88,1.4,295.86,22.3,295.89,223.8,295.9,85.6
1753617299805,11:54:59.805,okx,AAVE/USDT:USDT,295.88,1.4,295.86,22.3,295.89,223.8,295.9,85.6
1753617300805,11:55:00.805,okx,AAVE/USDT:USDT,295.88,1.4,295.86,22.3,295.89,224.7,295.9,85.6
1753617301105,11:55:01.105,okx,AAVE/USDT:USDT,295.88,1.4,295.86,22.3,295.89,225.4,295.9,111.4
1753617301205,11:55:01.205,okx,AAVE/USDT:USDT,295.88,1.4,295.86,22.3,295.89,105.3,295.9,52.9
1753617301605,11:55:01.605,okx,AAVE/USDT:USDT,295.88,1.4,295.87,0.6,295.89,258.7,295.9,85.6
1753617301705,11:55:01.705,okx,AAVE/USDT:USDT,295.88,1.4,295.87,0.6,295.89,258.6,295.9,85.6
1753617301805,11:55:01.805,okx,AAVE/USDT:USDT,295.88,1.4,295.87,0.6,295.89,225.9,295.9,52.9
1753617302105,11:55:02.105,okx,AAVE/USDT:USDT,295.88,1.6,295.87,0.6,295.89,225.9,295.9,52.9
1753617302805,11:55:02.805,okx,AAVE/USDT:USDT,295.88,1.8,295.87,0.6,295.89,206.3,295.9,33.3
1753617303305,11:55:03.305,okx,AAVE/USDT:USDT,295.88,4.9,295.87,0.6,295.89,223.8,295.9,33.3
1753617303505,11:55:03.505,okx,AAVE/USDT:USDT,295.85,7.0,295.84,63.3,295.86,22.8,295.87,6.8
1753617303605,11:55:03.605,okx,AAVE/USDT:USDT,295.85,42.0,295.84,63.3,295.86,79.5,295.87,6.8
1753617303905,11:55:03.905,okx,AAVE/USDT:USDT,295.84,13.4,295.83,0.2,295.85,41.6,295.86,32.1
1753617304005,11:55:04.005,okx,AAVE/USDT:USDT,295.84,96.2,295.83,15.3,295.85,168.3,295.86,32.1
1753617304205,11:55:04.205,okx,AAVE/USDT:USDT,295.84,85.1,295.83,15.3,295.85,195.8,295.86,64.4
1753617304405,11:55:04.405,okx,AAVE/USDT:USDT,295.84,83.8,295.83,15.3,295.85,163.5,295.86,32.1
1753617304505,11:55:04.505,okx,AAVE/USDT:USDT,295.84,39.2,295.83,15.3,295.85,195.8,295.86,64.2
1753617304805,11:55:04.805,okx,AAVE/USDT:USDT,295.82,10.8,295.81,26.4,295.83,302.2,295.84,66.1
1753617305605,11:55:05.605,okx,AAVE/USDT:USDT,295.75,62.5,295.74,32.4,295.76,106.7,295.77,6.8
1753617305905,11:55:05.905,okx,AAVE/USDT:USDT,295.75,61.7,295.74,32.4,295.76,75.3,295.78,34.8
1753617306005,11:55:06.005,okx,AAVE/USDT:USDT,295.75,61.7,295.74,88.1,295.76,75.3,295.78,34.8
1753617306605,11:55:06.605,okx,AAVE/USDT:USDT,295.75,43.3,295.74,32.4,295.76,76.3,295.78,34.8
1753617306805,11:55:06.805,okx,AAVE/USDT:USDT,295.75,43.3,295.74,32.4,295.76,76.3,295.78,34.1
1753617307205,11:55:07.205,okx,AAVE/USDT:USDT,295.75,43.6,295.74,32.4,295.76,196.3,295.78,64.5
1753617307605,11:55:07.605,okx,AAVE/USDT:USDT,295.75,9.7,295.74,32.4,295.76,77.7,295.78,34.1
1753617307805,11:55:07.805,okx,AAVE/USDT:USDT,295.75,9.7,295.74,32.4,295.76,77.7,295.78,34.1
1753617307905,11:55:07.905,okx,AAVE/USDT:USDT,295.75,9.7,295.74,32.4,295.76,77.7,295.78,34.1
1753617308505,11:55:08.505,okx,AAVE/USDT:USDT,295.75,10.2,295.74,32.4,295.76,77.7,295.78,34.1
1753617308805,11:55:08.805,okx,AAVE/USDT:USDT,295.75,10.2,295.74,32.4,295.76,77.7,295.78,34.1
1753617309005,11:55:09.005,okx,AAVE/USDT:USDT,295.75,7.5,295.74,32.4,295.76,77.7,295.78,34.1
1753617309505,11:55:09.505,okx,AAVE/USDT:USDT,295.75,3.0,295.74,32.4,295.76,97.7,295.78,34.1
1753617309805,11:55:09.805,okx,AAVE/USDT:USDT,295.77,210.1,295.76,70.2,295.78,2.2,295.79,0.3
1753617310105,11:55:10.105,okx,AAVE/USDT:USDT,295.8,256.9,295.79,116.9,295.81,1.0,295.82,0.4
1753617310605,11:55:10.605,okx,AAVE/USDT:USDT,295.8,254.8,295.79,23.6,295.81,2.3,295.82,0.4
1753617310805,11:55:10.805,okx,AAVE/USDT:USDT,295.8,254.8,295.79,49.5,295.81,2.3,295.82,0.4
1753617311105,11:55:11.105,okx,AAVE/USDT:USDT,295.8,254.7,295.79,95.2,295.81,2.3,295.82,0.4
1753617311405,11:55:11.405,okx,AAVE/USDT:USDT,295.8,241.3,295.79,49.5,295.81,12.3,295.82,0.1
1753617312005,11:55:12.005,okx,AAVE/USDT:USDT,295.8,224.2,295.79,42.8,295.81,12.3,295.82,0.1
1753617312105,11:55:12.105,okx,AAVE/USDT:USDT,295.8,224.2,295.79,42.8,295.81,5.5,295.82,0.1
1753617312205,11:55:12.205,okx,AAVE/USDT:USDT,295.8,224.2,295.79,42.8,295.81,5.5,295.82,0.1
1753617312305,11:55:12.305,okx,AAVE/USDT:USDT,295.8,224.4,295.79,42.8,295.81,5.5,295.82,0.1
1753617312505,11:55:12.505,okx,AAVE/USDT:USDT,295.8,241.7,295.79,42.8,295.81,5.7,295.82,0.1
1753617312605,11:55:12.605,okx,AAVE/USDT:USDT,295.8,191.3,295.79,42.8,295.81,99.5,295.82,0.1
1753617312705,11:55:12.705,okx,AAVE/USDT:USDT,295.8,191.0,295.79,42.8,295.81,99.5,295.82,0.1
1753617312805,11:55:12.805,okx,AAVE/USDT:USDT,295.8,191.0,295.79,42.8,295.81,99.5,295.82,0.1
1753617313005,11:55:13.005,okx,AAVE/USDT:USDT,295.8,0.6,295.78,30.8,295.81,210.9,295.82,76.3
1753617313105,11:55:13.105,okx,AAVE/USDT:USDT,295.8,2.9,295.78,30.8,295.81,210.9,295.82,75.6
1753617313205,11:55:13.205,okx,AAVE/USDT:USDT,295.8,2.3,295.78,0.3,295.81,210.9,295.82,75.6
1753617313305,11:55:13.305,okx,AAVE/USDT:USDT,295.8,2.5,295.78,0.3,295.81,194.0,295.82,58.7
1753617313605,11:55:13.605,okx,AAVE/USDT:USDT,295.8,2.3,295.78,0.3,295.81,196.6,295.82,58.7
1753617313705,11:55:13.705,okx,AAVE/USDT:USDT,295.8,2.3,295.78,0.3,295.81,196.6,295.82,58.7
1753617313805,11:55:13.805,okx,AAVE/USDT:USDT,295.8,2.3,295.78,0.3,295.81,196.6,295.82,58.7
1753617313905,11:55:13.905,okx,AAVE/USDT:USDT,295.8,2.3,295.78,0.3,295.81,196.6,295.82,58.7
1753617314005,11:55:14.005,okx,AAVE/USDT:USDT,295.8,2.3,295.78,0.3,295.81,196.6,295.82,58.7
1753617314205,11:55:14.205,okx,AAVE/USDT:USDT,295.8,2.3,295.78,0.3,295.81,224.7,295.82,58.7
1753617314505,11:55:14.505,okx,AAVE/USDT:USDT,295.8,2.3,295.78,0.3,295.81,241.6,295.82,76.3
1753617314705,11:55:14.705,okx,AAVE/USDT:USDT,295.8,2.3,295.78,0.3,295.81,241.9,295.82,76.3
1753617314905,11:55:14.905,okx,AAVE/USDT:USDT,295.8,2.3,295.78,0.3,295.81,241.9,295.82,76.3
1753617315705,11:55:15.705,okx,AAVE/USDT:USDT,295.8,1.9,295.78,0.3,295.81,239.0,295.82,75.6
1753617315905,11:55:15.905,okx,AAVE/USDT:USDT,295.8,1.9,295.78,0.3,295.81,242.9,295.82,76.3
1753617316005,11:55:16.005,okx,AAVE/USDT:USDT,295.8,1.9,295.78,0.3,295.81,242.9,295.82,76.3
1753617316305,11:55:16.305,okx,AAVE/USDT:USDT,295.76,0.1,295.75,0.3,295.77,153.5,295.78,116.1
1753617316405,11:55:16.405,okx,AAVE/USDT:USDT,295.76,1.2,295.75,0.3,295.77,261.7,295.78,115.4
1753617316705,11:55:16.705,okx,AAVE/USDT:USDT,295.74,0.1,295.73,0.3,295.75,301.1,295.76,102.6
1753617316905,11:55:16.905,okx,AAVE/USDT:USDT,295.73,7.4,295.72,33.4,295.74,211.5,295.75,44.5
1753617317005,11:55:17.005,okx,AAVE/USDT:USDT,295.73,42.2,295.72,33.4,295.74,193.8,295.75,44.5
1753617317105,11:55:17.105,okx,AAVE/USDT:USDT,295.73,7.4,295.72,33.4,295.74,101.9,295.75,0.1
1753617317305,11:55:17.305,okx,AAVE/USDT:USDT,295.73,36.5,295.72,33.4,295.74,248.9,295.75,27.7
1753617317405,11:55:17.405,okx,AAVE/USDT:USDT,295.73,42.8,295.72,33.4,295.74,101.9,295.75,0.1
1753617317505,11:55:17.505,okx,AAVE/USDT:USDT,295.73,32.0,295.72,33.4,295.74,130.1,295.75,27.7
1753617317705,11:55:17.705,okx,AAVE/USDT:USDT,295.73,32.2,295.72,33.4,295.74,222.1,295.75,0.1
1753617318205,11:55:18.205,okx,AAVE/USDT:USDT,295.73,32.2,295.72,33.4,295.74,183.6,295.75,44.3
1753617318505,11:55:18.505,okx,AAVE/USDT:USDT,295.73,32.2,295.72,33.4,295.74,270.0,295.75,44.3
1753617318605,11:55:18.605,okx,AAVE/USDT:USDT,295.73,25.4,295.72,33.4,295.74,286.6,295.75,44.3
1753617318805,11:55:18.805,okx,AAVE/USDT:USDT,295.73,0.4,295.72,1.3,295.74,286.6,295.75,45.0
1753617319005,11:55:19.005,okx,AAVE/USDT:USDT,295.73,0.7,295.72,1.3,295.74,286.6,295.75,45.0
1753617319205,11:55:19.205,okx,AAVE/USDT:USDT,295.7,0.2,295.68,75.8,295.71,261.7,295.72,81.2
1753617319905,11:55:19.905,okx,AAVE/USDT:USDT,295.67,230.9,295.66,2.5,295.68,270.7,295.69,48.4
1753617320105,11:55:20.105,okx,AAVE/USDT:USDT,295.62,24.6,295.6,88.4,295.63,322.3,295.64,84.0
1753617320905,11:55:20.905,okx,AAVE/USDT:USDT,295.6,88.1,295.59,0.2,295.61,336.5,295.62,97.0
1753617321005,11:55:21.005,okx,AAVE/USDT:USDT,295.6,88.1,295.59,0.2,295.61,336.5,295.62,97.0
1753617321405,11:55:21.405,okx,AAVE/USDT:USDT,295.6,88.1,295.59,0.2,295.61,226.2,295.62,97.0
1753617321505,11:55:21.505,okx,AAVE/USDT:USDT,295.6,88.0,295.59,0.2,295.61,226.0,295.62,97.0
1753617321705,11:55:21.705,okx,AAVE/USDT:USDT,295.6,88.0,295.59,0.2,295.61,345.6,295.62,97.0
1753617321805,11:55:21.805,okx,AAVE/USDT:USDT,295.6,88.0,295.59,0.2,295.61,345.6,295.62,97.0
1753617322105,11:55:22.105,okx,AAVE/USDT:USDT,295.6,88.0,295.59,0.2,295.61,345.6,295.62,97.0
1753617322305,11:55:22.305,okx,AAVE/USDT:USDT,295.6,88.0,295.58,0.2,295.61,313.0,295.62,97.0
1753617322605,11:55:22.605,okx,AAVE/USDT:USDT,295.6,88.0,295.58,0.2,295.61,227.0,295.62,97.0
1753617322905,11:55:22.905,okx,AAVE/USDT:USDT,295.6,88.0,295.58,0.2,295.61,184.5,295.62,77.1
1753617323005,11:55:23.005,okx,AAVE/USDT:USDT,295.6,88.0,295.58,0.2,295.61,211.8,295.62,97.0
1753617323505,11:55:23.505,okx,AAVE/USDT:USDT,295.6,88.0,295.58,0.2,295.61,204.4,295.62,97.0
1753617323905,11:55:23.905,okx,AAVE/USDT:USDT,295.6,145.7,295.58,11.3,295.61,112.9,295.63,20.5
1753617324005,11:55:24.005,okx,AAVE/USDT:USDT,295.6,145.7,295.58,11.3,295.61,112.9,295.63,53.7
1753617324105,11:55:24.105,okx,AAVE/USDT:USDT,295.6,145.7,295.58,11.3,295.61,112.9,295.63,53.7
1753617324905,11:55:24.905,okx,AAVE/USDT:USDT,295.65,397.8,295.64,115.8,295.66,2.0,295.68,0.4
1753617325105,11:55:25.105,okx,AAVE/USDT:USDT,295.69,463.2,295.68,160.1,295.7,0.2,295.71,0.3
1753617325605,11:55:25.605,okx,AAVE/USDT:USDT,295.64,0.1,295.62,48.6,295.65,224.1,295.66,84.3
1753617325705,11:55:25.705,okx,AAVE/USDT:USDT,295.64,0.1,295.62,48.6,295.65,224.1,295.66,84.3
1753617325805,11:55:25.805,okx,AAVE/USDT:USDT,295.64,0.1,295.62,37.5,295.65,224.1,295.66,84.3
1753617326105,11:55:26.105,okx,AAVE/USDT:USDT,295.6,118.5,295.59,61.3,295.61,40.1,295.62,38.8
1753617326505,11:55:26.505,okx,AAVE/USDT:USDT,295.6,118.5,295.59,39.2,295.61,40.2,295.62,38.8
1753617326605,11:55:26.605,okx,AAVE/USDT:USDT,295.6,118.5,295.59,39.2,295.61,40.2,295.62,38.8
1753617326805,11:55:26.805,okx,AAVE/USDT:USDT,295.6,118.5,295.59,39.2,295.61,40.2,295.62,38.8
1753617327005,11:55:27.005,okx,AAVE/USDT:USDT,295.6,88.0,295.59,39.2,295.61,205.2,295.62,67.4
1753617327105,11:55:27.105,okx,AAVE/USDT:USDT,295.6,88.0,295.59,39.2,295.61,40.2,295.62,38.8
1753617327305,11:55:27.305,okx,AAVE/USDT:USDT,295.6,88.0,295.59,39.2,295.61,33.4,295.62,32.0
1753617327405,11:55:27.405,okx,AAVE/USDT:USDT,295.6,88.0,295.59,39.2,295.61,33.4,295.62,32.0
1753617327705,11:55:27.705,okx,AAVE/USDT:USDT,295.6,80.6,295.59,0.2,295.61,79.3,295.62,60.6
1753617327805,11:55:27.805,okx,AAVE/USDT:USDT,295.6,80.6,295.59,0.2,295.61,62.0,295.62,60.6
1753617327905,11:55:27.905,okx,AAVE/USDT:USDT,295.6,80.6,295.59,0.2,295.61,62.0,295.62,60.6
1753617328105,11:55:28.105,okx,AAVE/USDT:USDT,295.6,80.6,295.59,0.2,295.61,33.4,295.62,32.0
1753617328205,11:55:28.205,okx,AAVE/USDT:USDT,295.6,80.6,295.59,0.2,295.61,33.4,295.62,32.0
1753617328805,11:55:28.805,okx,AAVE/USDT:USDT,295.6,80.6,295.59,0.2,295.61,61.4,295.62,77.4
1753617328905,11:55:28.905,okx,AAVE/USDT:USDT,295.6,80.6,295.59,0.2,295.61,61.4,295.62,77.4
1753617329005,11:55:29.005,okx,AAVE/USDT:USDT,295.6,80.6,295.59,0.2,295.61,61.4,295.62,77.4
1753617329205,11:55:29.205,okx,AAVE/USDT:USDT,295.6,80.6,295.59,0.2,295.61,61.4,295.62,77.4
1753617329305,11:55:29.305,okx,AAVE/USDT:USDT,295.6,82.6,295.59,0.2,295.61,61.4,295.62,77.4
1753617329405,11:55:29.405,okx,AAVE/USDT:USDT,295.6,82.6,295.59,0.2,295.61,38.0,295.62,77.4
1753617329605,11:55:29.605,okx,AAVE/USDT:USDT,295.6,82.6,295.59,0.2,295.61,38.0,295.62,77.4
1753617329705,11:55:29.705,okx,AAVE/USDT:USDT,295.6,82.6,295.59,0.2,295.61,157.7,295.62,77.4
1753617330005,11:55:30.005,okx,AAVE/USDT:USDT,295.58,43.5,295.57,0.1,295.59,245.2,295.6,160.8
1753617330105,11:55:30.105,okx,AAVE/USDT:USDT,295.58,0.1,295.57,0.1,295.59,87.0,295.6,114.7
1753617330205,11:55:30.205,okx,AAVE/USDT:USDT,295.58,52.9,295.57,0.1,295.59,110.7,295.6,114.7
1753617330305,11:55:30.305,okx,AAVE/USDT:USDT,295.58,9.4,295.57,0.1,295.59,104.2,295.6,144.2
1753617330605,11:55:30.605,okx,AAVE/USDT:USDT,295.58,49.0,295.57,0.1,295.59,187.9,295.6,161.9
1753617330905,11:55:30.905,okx,AAVE/USDT:USDT,295.58,0.1,295.57,0.1,295.59,109.6,295.6,161.9
1753617331105,11:55:31.105,okx,AAVE/USDT:USDT,295.58,0.1,295.57,0.1,295.59,109.6,295.6,161.9
1753617331305,11:55:31.305,okx,AAVE/USDT:USDT,295.58,0.1,295.57,0.1,295.59,108.9,295.6,161.9
1753617331805,11:55:31.805,okx,AAVE/USDT:USDT,295.58,7.4,295.57,0.1,295.59,44.3,295.6,132.4
1753617332005,11:55:32.005,okx,AAVE/USDT:USDT,295.58,7.4,295.57,0.1,295.59,44.3,295.6,114.7
1753617332405,11:55:32.405,okx,AAVE/USDT:USDT,295.58,7.4,295.57,0.1,295.59,64.5,295.6,114.7
1753617332605,11:55:32.605,okx,AAVE/USDT:USDT,295.58,7.6,295.57,0.1,295.59,53.1,295.6,108.1
1753617332805,11:55:32.805,okx,AAVE/USDT:USDT,295.58,14.4,295.57,0.1,295.59,154.5,295.6,108.1
1753617333105,11:55:33.105,okx,AAVE/USDT:USDT,295.58,7.6,295.57,0.1,295.59,191.8,295.6,155.3
1753617333305,11:55:33.305,okx,AAVE/USDT:USDT,295.58,7.6,295.57,0.1,295.59,192.5,295.6,156.0
1753617333505,11:55:33.505,okx,AAVE/USDT:USDT,295.58,6.4,295.57,0.1,295.59,191.8,295.6,125.8
1753617333705,11:55:33.705,okx,AAVE/USDT:USDT,295.58,6.4,295.57,0.1,295.59,72.4,295.6,108.1
1753617333905,11:55:33.905,okx,AAVE/USDT:USDT,295.58,6.4,295.57,0.1,295.59,72.4,295.6,108.1
1753617334005,11:55:34.005,okx,AAVE/USDT:USDT,295.58,6.4,295.57,0.1,295.59,72.4,295.6,108.1
1753617334105,11:55:34.105,okx,AAVE/USDT:USDT,295.58,6.4,295.57,56.8,295.59,53.1,295.6,108.1
1753617335005,11:55:35.005,okx,AAVE/USDT:USDT,295.56,29.2,295.54,61.9,295.57,80.2,295.58,91.4
1753617335305,11:55:35.305,okx,AAVE/USDT:USDT,295.57,44.8,295.56,75.0,295.58,58.3,295.59,23.3
1753617335405,11:55:35.405,okx,AAVE/USDT:USDT,295.57,16.3,295.56,29.0,295.58,67.2,295.59,23.3
1753617335805,11:55:35.805,okx,AAVE/USDT:USDT,295.57,40.7,295.56,61.0,295.58,67.2,295.59,23.3
1753617336005,11:55:36.005,okx,AAVE/USDT:USDT,295.57,41.2,295.56,61.0,295.58,197.8,295.59,52.7
1753617336105,11:55:36.105,okx,AAVE/USDT:USDT,295.57,40.3,295.56,61.0,295.58,67.1,295.59,23.3
1753617336305,11:55:36.305,okx,AAVE/USDT:USDT,295.57,54.6,295.56,61.0,295.58,186.7,295.59,23.3
1753617336505,11:55:36.505,okx,AAVE/USDT:USDT,295.57,35.9,295.56,60.6,295.58,250.1,295.59,69.3
1753617336705,11:55:36.705,okx,AAVE/USDT:USDT,295.57,9.5,295.56,60.6,295.58,221.4,295.59,69.3
1753617336905,11:55:36.905,okx,AAVE/USDT:USDT,295.57,9.5,295.56,28.6,295.58,250.3,295.59,69.3
1753617337105,11:55:37.105,okx,AAVE/USDT:USDT,295.57,9.5,295.56,28.6,295.58,250.8,295.59,69.4
1753617337305,11:55:37.305,okx,AAVE/USDT:USDT,295.56,28.8,295.54,29.9,295.57,193.3,295.58,113.6
1753617337405,11:55:37.405,okx,AAVE/USDT:USDT,295.56,28.8,295.54,29.9,295.57,238.2,295.58,105.6
1753617337505,11:55:37.505,okx,AAVE/USDT:USDT,295.56,28.8,295.54,29.9,295.57,238.2,295.58,105.6
1753617337605,11:55:37.605,okx,AAVE/USDT:USDT,295.56,28.8,295.54,29.9,295.57,208.8,295.58,104.9
1753617337705,11:55:37.705,okx,AAVE/USDT:USDT,295.56,28.8,295.54,29.9,295.57,237.3,295.58,104.9
1753617337805,11:55:37.805,okx,AAVE/USDT:USDT,295.56,28.8,295.54,29.9,295.57,117.9,295.58,104.9
1753617338405,11:55:38.405,okx,AAVE/USDT:USDT,295.56,38.1,295.54,61.9,295.57,111.2,295.58,104.9
1753617338505,11:55:38.505,okx,AAVE/USDT:USDT,295.56,38.1,295.54,61.9,295.57,111.2,295.58,104.9
1753617338605,11:55:38.605,okx,AAVE/USDT:USDT,295.56,38.1,295.54,61.9,295.57,230.4,295.58,104.9
1753617338705,11:55:38.705,okx,AAVE/USDT:USDT,295.56,28.8,295.54,29.9,295.57,250.3,295.58,105.6
1753617339205,11:55:39.205,okx,AAVE/USDT:USDT,295.56,28.8,295.54,29.8,295.57,250.3,295.58,105.6
1753617339305,11:55:39.305,okx,AAVE/USDT:USDT,295.56,28.8,295.54,29.8,295.57,251.5,295.58,105.6
1753617339405,11:55:39.405,okx,AAVE/USDT:USDT,295.56,28.8,295.54,29.8,295.57,114.8,295.58,104.9
1753617339705,11:55:39.705,okx,AAVE/USDT:USDT,295.56,38.1,295.54,61.8,295.57,100.8,295.58,104.9
1753617339805,11:55:39.805,okx,AAVE/USDT:USDT,295.56,28.8,295.54,29.8,295.57,235.1,295.58,105.6
1753617339905,11:55:39.905,okx,AAVE/USDT:USDT,295.56,28.8,295.54,29.8,295.57,205.7,295.58,104.9
1753617340405,11:55:40.405,okx,AAVE/USDT:USDT,295.56,38.1,295.54,29.8,295.57,235.0,295.58,105.5
1753617340605,11:55:40.605,okx,AAVE/USDT:USDT,295.56,38.1,295.54,29.8,295.57,235.2,295.58,105.5
1753617340805,11:55:40.805,okx,AAVE/USDT:USDT,295.56,38.1,295.54,29.8,295.57,235.2,295.58,105.5
1753617341005,11:55:41.005,okx,AAVE/USDT:USDT,295.56,38.1,295.54,61.8,295.57,171.3,295.58,58.8
1753617341205,11:55:41.205,okx,AAVE/USDT:USDT,295.56,38.1,295.54,61.8,295.57,235.2,295.58,104.8
1753617341405,11:55:41.405,okx,AAVE/USDT:USDT,295.56,38.1,295.54,61.8,295.57,245.2,295.58,104.8
1753617341505,11:55:41.505,okx,AAVE/USDT:USDT,295.56,38.1,295.54,61.8,295.57,245.9,295.58,105.5
1753617341605,11:55:41.605,okx,AAVE/USDT:USDT,295.56,38.1,295.54,29.8,295.57,245.9,295.58,105.5
1753617341905,11:55:41.905,okx,AAVE/USDT:USDT,295.54,44.7,295.53,49.9,295.55,225.0,295.56,59.1
1753617342005,11:55:42.005,okx,AAVE/USDT:USDT,295.54,42.8,295.53,0.2,295.55,203.0,295.56,73.8
1753617342905,11:55:42.905,okx,AAVE/USDT:USDT,295.54,7.8,295.52,22.0,295.55,245.2,295.56,91.4
1753617343105,11:55:43.105,okx,AAVE/USDT:USDT,295.54,7.8,295.52,22.0,295.55,245.2,295.56,120.7
1753617343205,11:55:43.205,okx,AAVE/USDT:USDT,295.54,7.8,295.52,22.0,295.55,245.2,295.56,120.7
1753617343305,11:55:43.305,okx,AAVE/USDT:USDT,295.54,7.8,295.52,22.0,295.55,245.2,295.56,120.7
1753617343605,11:55:43.605,okx,AAVE/USDT:USDT,295.54,7.8,295.52,22.0,295.55,276.1,295.56,120.7
1753617344005,11:55:44.005,okx,AAVE/USDT:USDT,295.54,7.8,295.52,22.0,295.55,276.8,295.56,121.4
1753617344105,11:55:44.105,okx,AAVE/USDT:USDT,295.54,7.8,295.52,22.0,295.55,276.8,295.56,121.4
1753617344205,11:55:44.205,okx,AAVE/USDT:USDT,295.54,7.8,295.52,22.0,295.55,276.8,295.56,121.4
1753617344305,11:55:44.305,okx,AAVE/USDT:USDT,295.54,7.8,295.52,22.0,295.55,276.8,295.56,121.4
1753617344705,11:55:44.705,okx,AAVE/USDT:USDT,295.54,7.8,295.52,22.0,295.55,247.5,295.56,121.4
1753617345105,11:55:45.105,okx,AAVE/USDT:USDT,295.54,46.5,295.52,54.0,295.55,246.7,295.56,47.6
1753617345505,11:55:45.505,okx,AAVE/USDT:USDT,295.54,46.5,295.52,54.0,295.55,56.5,295.56,32.0
1753617345805,11:55:45.805,okx,AAVE/USDT:USDT,295.54,46.5,295.52,54.0,295.55,65.9,295.56,32.0
1753617346105,11:55:46.105,okx,AAVE/USDT:USDT,295.54,35.9,295.52,54.0,295.55,204.1,295.56,49.3
1753617346505,11:55:46.505,okx,AAVE/USDT:USDT,295.54,69.8,295.53,53.6,295.55,76.0,295.56,32.0
1753617346605,11:55:46.605,okx,AAVE/USDT:USDT,295.54,69.8,295.53,60.3,295.55,76.0,295.56,32.0
1753617346905,11:55:46.905,okx,AAVE/USDT:USDT,295.54,194.8,295.53,42.1,295.55,44.2,295.57,22.6
1753617347205,11:55:47.205,okx,AAVE/USDT:USDT,295.54,194.9,295.53,70.9,295.55,44.2,295.57,22.6
1753617347405,11:55:47.405,okx,AAVE/USDT:USDT,295.59,208.6,295.58,141.3,295.6,1.2,295.61,0.4
1753617347705,11:55:47.705,okx,AAVE/USDT:USDT,295.62,407.8,295.61,166.6,295.63,1.6,295.64,0.4
1753617347905,11:55:47.905,okx,AAVE/USDT:USDT,295.62,407.3,295.61,125.6,295.63,1.6,295.64,0.4
1753617348305,11:55:48.305,okx,AAVE/USDT:USDT,295.62,60.2,295.61,22.0,295.63,3.4,295.64,0.1
1753617348405,11:55:48.405,okx,AAVE/USDT:USDT,295.62,179.6,295.61,78.9,295.63,3.4,295.64,0.1
1753617348705,11:55:48.705,okx,AAVE/USDT:USDT,295.62,179.8,295.61,78.9,295.63,3.4,295.64,0.1
1753617349105,11:55:49.105,okx,AAVE/USDT:USDT,295.62,198.3,295.61,78.9,295.63,25.7,295.64,0.1
1753617349205,11:55:49.205,okx,AAVE/USDT:USDT,295.62,198.3,295.61,78.9,295.63,25.7,295.64,0.1
1753617349705,11:55:49.705,okx,AAVE/USDT:USDT,295.62,180.0,295.61,78.9,295.63,25.7,295.64,0.1
1753617349805,11:55:49.805,okx,AAVE/USDT:USDT,295.62,60.6,295.61,52.8,295.63,25.7,295.64,0.1
1753617349905,11:55:49.905,okx,AAVE/USDT:USDT,295.62,60.6,295.61,22.0,295.63,25.7,295.64,0.1
1753617350005,11:55:50.005,okx,AAVE/USDT:USDT,295.62,180.0,295.61,48.1,295.63,25.7,295.64,0.1
1753617350105,11:55:50.105,okx,AAVE/USDT:USDT,295.62,60.6,295.61,22.0,295.63,25.7,295.64,0.1
1753617350205,11:55:50.205,okx,AAVE/USDT:USDT,295.62,180.0,295.61,22.0,295.63,25.7,295.64,0.1
1753617350405,11:55:50.405,okx,AAVE/USDT:USDT,295.62,180.0,295.61,78.9,295.63,25.7,295.64,0.1
1753617350905,11:55:50.905,okx,AAVE/USDT:USDT,295.62,58.5,295.61,58.6,295.63,58.5,295.64,32.1
1753617351005,11:55:51.005,okx,AAVE/USDT:USDT,295.62,58.5,295.61,58.6,295.63,58.5,295.64,32.1
1753617351305,11:55:51.305,okx,AAVE/USDT:USDT,295.62,58.5,295.61,58.6,295.63,58.5,295.64,32.1
1753617351405,11:55:51.405,okx,AAVE/USDT:USDT,295.62,89.1,295.61,32.5,295.63,56.7,295.64,32.1
1753617351505,11:55:51.505,okx,AAVE/USDT:USDT,295.62,89.1,295.61,32.5,295.63,56.7,295.64,32.1
1753617351605,11:55:51.605,okx,AAVE/USDT:USDT,295.62,89.1,295.61,32.5,295.63,56.7,295.64,32.1
1753617352005,11:55:52.005,okx,AAVE/USDT:USDT,295.62,57.1,295.6,32.5,295.63,80.3,295.64,32.1
1753617352505,11:55:52.505,okx,AAVE/USDT:USDT,295.62,57.1,295.6,32.5,295.63,144.5,295.64,74.5
1753617352605,11:55:52.605,okx,AAVE/USDT:USDT,295.62,57.1,295.6,32.5,295.63,144.5,295.64,74.5
1753617352705,11:55:52.705,okx,AAVE/USDT:USDT,295.62,57.1,295.6,32.5,295.63,144.5,295.64,74.5
1753617354805,11:55:54.805,okx,AAVE/USDT:USDT,295.6,39.3,295.58,48.6,295.61,25.2,295.62,74.3
1753617355605,11:55:55.605,okx,AAVE/USDT:USDT,295.6,0.7,295.58,32.4,295.61,86.9,295.62,91.2
1753617356105,11:55:56.105,okx,AAVE/USDT:USDT,295.6,32.7,295.58,32.4,295.61,61.1,295.62,74.3
1753617356405,11:55:56.405,okx,AAVE/USDT:USDT,295.6,32.7,295.58,32.4,295.61,61.1,295.62,75.0
1753617356605,11:55:56.605,okx,AAVE/USDT:USDT,295.6,0.8,295.58,0.4,295.61,241.8,295.62,118.3
1753617356905,11:55:56.905,okx,AAVE/USDT:USDT,295.56,0.3,295.54,61.5,295.57,53.0,295.58,96.6
1753617357605,11:55:57.605,okx,AAVE/USDT:USDT,295.56,0.1,295.54,7.9,295.57,226.0,295.58,122.4
1753617358005,11:55:58.005,okx,AAVE/USDT:USDT,295.56,0.1,295.54,7.9,295.57,231.6,295.58,122.4
1753617358505,11:55:58.505,okx,AAVE/USDT:USDT,295.56,0.1,295.54,7.9,295.57,231.6,295.58,122.4
1753617358805,11:55:58.805,okx,AAVE/USDT:USDT,295.56,0.1,295.54,7.9,295.57,231.6,295.58,122.4
1753617359105,11:55:59.105,okx,AAVE/USDT:USDT,295.56,0.1,295.54,7.9,295.57,231.6,295.58,122.4
1753617359205,11:55:59.205,okx,AAVE/USDT:USDT,295.56,0.1,295.54,7.9,295.57,231.6,295.58,122.4
1753617359305,11:55:59.305,okx,AAVE/USDT:USDT,295.56,0.1,295.54,7.9,295.57,231.6,295.58,122.4
1753617359605,11:55:59.605,okx,AAVE/USDT:USDT,295.56,0.2,295.54,7.9,295.57,205.3,295.58,96.3
1753617359705,11:55:59.705,okx,AAVE/USDT:USDT,295.56,0.2,295.54,7.9,295.57,205.3,295.58,96.3
1753617360305,11:56:00.305,okx,AAVE/USDT:USDT,295.56,0.2,295.54,2.3,295.57,237.3,295.58,122.4
1753617360505,11:56:00.505,okx,AAVE/USDT:USDT,295.56,0.2,295.54,2.3,295.57,211.2,295.58,96.3
1753617360605,11:56:00.605,okx,AAVE/USDT:USDT,295.56,0.2,295.54,2.3,295.57,211.2,295.58,96.3
1753617361005,11:56:01.005,okx,AAVE/USDT:USDT,295.56,271.3,295.55,120.1,295.57,11.3,295.59,0.8
1753617361505,11:56:01.505,okx,AAVE/USDT:USDT,295.56,267.4,295.55,84.0,295.57,26.6,295.59,0.5
1753617361905,11:56:01.905,okx,AAVE/USDT:USDT,295.59,371.4,295.58,38.7,295.6,32.4,295.61,1.0
1753617362505,11:56:02.505,okx,AAVE/USDT:USDT,295.6,340.1,295.59,82.2,295.61,2.4,295.62,1.0
1753617362605,11:56:02.605,okx,AAVE/USDT:USDT,295.6,340.1,295.59,82.2,295.61,2.4,295.62,1.0
1753617363405,11:56:03.405,okx,AAVE/USDT:USDT,295.62,382.7,295.61,151.1,295.63,2.0,295.64,0.9
1753617363805,11:56:03.805,okx,AAVE/USDT:USDT,295.62,368.2,295.61,109.1,295.63,2.2,295.64,0.9
1753617363905,11:56:03.905,okx,AAVE/USDT:USDT,295.62,368.2,295.61,133.5,295.63,2.2,295.64,0.9
1753617364105,11:56:04.105,okx,AAVE/USDT:USDT,295.62,368.4,295.61,133.5,295.63,2.2,295.64,0.9
1753617364205,11:56:04.205,okx,AAVE/USDT:USDT,295.62,367.7,295.61,109.1,295.63,2.2,295.64,0.9
1753617364505,11:56:04.505,okx,AAVE/USDT:USDT,295.62,331.3,295.61,89.1,295.63,2.2,295.64,0.9
1753617364605,11:56:04.605,okx,AAVE/USDT:USDT,295.62,307.1,295.61,74.3,295.63,2.2,295.64,0.9
1753617364705,11:56:04.705,okx,AAVE/USDT:USDT,295.62,145.7,295.61,74.3,295.63,2.2,295.64,0.9
1753617364805,11:56:04.805,okx,AAVE/USDT:USDT,295.62,67.8,295.61,76.1,295.63,2.2,295.64,0.9
1753617364905,11:56:04.905,okx,AAVE/USDT:USDT,295.62,55.3,295.61,76.1,295.63,2.2,295.64,0.9
1753617365105,11:56:05.105,okx,AAVE/USDT:USDT,295.62,207.9,295.61,113.1,295.63,2.2,295.64,0.9
1753617365405,11:56:05.405,okx,AAVE/USDT:USDT,295.62,61.5,295.61,113.1,295.63,2.7,295.64,0.9
1753617365505,11:56:05.505,okx,AAVE/USDT:USDT,295.62,45.3,295.61,76.1,295.63,33.3,295.64,33.3
1753617365605,11:56:05.605,okx,AAVE/USDT:USDT,295.62,45.3,295.61,76.1,295.63,33.3,295.64,33.3
1753617365705,11:56:05.705,okx,AAVE/USDT:USDT,295.62,45.3,295.61,76.1,295.63,33.3,295.64,32.6
1753617365805,11:56:05.805,okx,AAVE/USDT:USDT,295.62,45.3,295.61,76.1,295.63,33.3,295.64,32.6
1753617365905,11:56:05.905,okx,AAVE/USDT:USDT,295.62,38.5,295.61,76.1,295.63,39.6,295.64,33.3
1753617366305,11:56:06.305,okx,AAVE/USDT:USDT,295.62,177.7,295.61,112.9,295.63,2.4,295.64,0.6
1753617366405,11:56:06.405,okx,AAVE/USDT:USDT,295.62,177.7,295.61,89.9,295.63,2.4,295.64,0.6
1753617366605,11:56:06.605,okx,AAVE/USDT:USDT,295.62,58.3,295.61,76.1,295.63,2.4,295.64,0.6
1753617366705,11:56:06.705,okx,AAVE/USDT:USDT,295.62,51.9,295.61,76.1,295.63,2.4,295.64,0.6
1753617366905,11:56:06.905,okx,AAVE/USDT:USDT,295.62,203.3,295.61,76.1,295.63,2.4,295.64,0.6
1753617367005,11:56:07.005,okx,AAVE/USDT:USDT,295.62,83.9,295.61,76.1,295.63,2.4,295.64,0.6
1753617367305,11:56:07.305,okx,AAVE/USDT:USDT,295.62,203.3,295.61,76.1,295.63,2.4,295.64,0.6
1753617367405,11:56:07.405,okx,AAVE/USDT:USDT,295.62,64.1,295.61,76.1,295.63,2.4,295.64,0.6
1753617367505,11:56:07.505,okx,AAVE/USDT:USDT,295.62,64.1,295.61,76.1,295.63,39.6,295.64,1.3
1753617368005,11:56:08.005,okx,AAVE/USDT:USDT,295.62,32.2,295.61,76.1,295.63,39.6,295.64,33.3
1753617368205,11:56:08.205,okx,AAVE/USDT:USDT,295.62,55.5,295.61,99.0,295.63,32.8,295.64,32.6
1753617368705,11:56:08.705,okx,AAVE/USDT:USDT,295.62,32.6,295.61,76.1,295.63,32.8,295.64,32.6
1753617368805,11:56:08.805,okx,AAVE/USDT:USDT,295.62,32.6,295.61,76.1,295.63,32.8,295.64,32.6
1753617368905,11:56:08.905,okx,AAVE/USDT:USDT,295.62,32.6,295.61,76.1,295.63,32.8,295.64,32.6
1753617369005,11:56:09.005,okx,AAVE/USDT:USDT,295.62,32.6,295.61,76.1,295.63,32.8,295.64,32.6
1753617369105,11:56:09.105,okx,AAVE/USDT:USDT,295.62,32.6,295.61,76.1,295.63,32.8,295.64,32.6
1753617369205,11:56:09.205,okx,AAVE/USDT:USDT,295.62,32.6,295.61,76.1,295.63,33.1,295.64,32.6
1753617369305,11:56:09.305,okx,AAVE/USDT:USDT,295.62,45.3,295.61,99.0,295.63,33.1,295.64,32.6
1753617369705,11:56:09.705,okx,AAVE/USDT:USDT,295.62,183.3,295.61,112.7,295.63,2.7,295.64,0.6
1753617369805,11:56:09.805,okx,AAVE/USDT:USDT,295.62,183.2,295.61,112.7,295.63,2.7,295.64,0.6
1753617369905,11:56:09.905,okx,AAVE/USDT:USDT,295.62,183.2,295.61,112.7,295.63,2.7,295.64,0.6
1753617370005,11:56:10.005,okx,AAVE/USDT:USDT,295.62,183.2,295.61,89.8,295.63,2.7,295.64,0.6
1753617370405,11:56:10.405,okx,AAVE/USDT:USDT,295.62,184.8,295.61,89.8,295.63,3.7,295.64,0.6
1753617370605,11:56:10.605,okx,AAVE/USDT:USDT,295.62,196.2,295.61,89.8,295.63,3.7,295.64,0.6
1753617371305,11:56:11.305,okx,AAVE/USDT:USDT,295.62,196.2,295.61,112.4,295.63,3.7,295.64,0.6
1753617371405,11:56:11.405,okx,AAVE/USDT:USDT,295.62,192.9,295.61,112.4,295.63,3.7,295.64,0.6
1753617371505,11:56:11.505,okx,AAVE/USDT:USDT,295.62,192.9,295.61,112.4,295.63,3.7,295.64,0.6
1753617371905,11:56:11.905,okx,AAVE/USDT:USDT,295.62,192.9,295.61,76.1,295.63,3.7,295.64,0.6
1753617372005,11:56:12.005,okx,AAVE/USDT:USDT,295.62,192.7,295.61,89.6,295.63,3.7,295.64,0.6
1753617372305,11:56:12.305,okx,AAVE/USDT:USDT,295.62,215.5,295.61,112.2,295.63,4.0,295.64,0.6
1753617372405,11:56:12.405,okx,AAVE/USDT:USDT,295.62,192.7,295.61,89.6,295.63,4.0,295.64,0.6
1753617372605,11:56:12.605,okx,AAVE/USDT:USDT,295.62,54.9,295.61,76.1,295.63,4.0,295.64,0.6
1753617372805,11:56:12.805,okx,AAVE/USDT:USDT,295.61,11.2,295.6,32.2,295.62,120.2,295.63,41.8
1753617372905,11:56:12.905,okx,AAVE/USDT:USDT,295.61,11.2,295.6,32.2,295.62,74.2,295.63,26.6
1753617373105,11:56:13.105,okx,AAVE/USDT:USDT,295.61,11.2,295.6,32.2,295.62,74.2,295.63,29.3
1753617373205,11:56:13.205,okx,AAVE/USDT:USDT,295.61,11.2,295.6,32.2,295.62,74.2,295.63,29.3
1753617373405,11:56:13.405,okx,AAVE/USDT:USDT,295.61,11.2,295.6,32.2,295.62,75.9,295.63,27.7
1753617373805,11:56:13.805,okx,AAVE/USDT:USDT,295.61,11.2,295.6,32.2,295.62,75.9,295.63,1.7
1753617373905,11:56:13.905,okx,AAVE/USDT:USDT,295.61,186.1,295.6,83.8,295.62,9.5,295.63,1.7
1753617374205,11:56:14.205,okx,AAVE/USDT:USDT,295.61,190.3,295.6,99.0,295.62,9.7,295.63,1.7
1753617374705,11:56:14.705,okx,AAVE/USDT:USDT,295.61,294.5,295.6,57.5,295.62,2.9,295.63,1.7
1753617374805,11:56:14.805,okx,AAVE/USDT:USDT,295.61,294.5,295.6,57.5,295.62,2.9,295.63,1.7
1753617374905,11:56:14.905,okx,AAVE/USDT:USDT,295.61,294.5,295.6,57.5,295.62,2.9,295.63,1.7
1753617375605,11:56:15.605,okx,AAVE/USDT:USDT,295.61,352.3,295.6,84.3,295.62,3.1,295.63,1.7
1753617375905,11:56:15.905,okx,AAVE/USDT:USDT,295.61,311.0,295.6,63.1,295.62,3.1,295.63,1.7
1753617376005,11:56:16.005,okx,AAVE/USDT:USDT,295.61,311.0,295.6,63.1,295.62,3.1,295.63,1.7
1753617376505,11:56:16.505,okx,AAVE/USDT:USDT,295.62,348.1,295.61,181.8,295.63,1.7,295.64,0.6
1753617376605,11:56:16.605,okx,AAVE/USDT:USDT,295.64,347.1,295.63,165.3,295.65,2.4,295.66,0.7
1753617376705,11:56:16.705,okx,AAVE/USDT:USDT,295.64,323.5,295.63,141.7,295.65,2.6,295.66,0.7
1753617377005,11:56:17.005,okx,AAVE/USDT:USDT,295.64,323.5,295.63,114.4,295.65,2.6,295.66,0.7
1753617377105,11:56:17.105,okx,AAVE/USDT:USDT,295.64,323.5,295.63,114.4,295.65,2.6,295.66,0.7
1753617377605,11:56:17.605,okx,AAVE/USDT:USDT,295.64,309.3,295.63,100.2,295.65,3.0,295.66,0.7
1753617377805,11:56:17.805,okx,AAVE/USDT:USDT,295.64,172.9,295.63,70.0,295.65,3.0,295.66,0.7
1753617377905,11:56:17.905,okx,AAVE/USDT:USDT,295.64,156.0,295.63,70.0,295.65,3.0,295.66,0.7
1753617378105,11:56:18.105,okx,AAVE/USDT:USDT,295.64,95.2,295.63,70.0,295.65,9.8,295.66,24.7
1753617378405,11:56:18.405,okx,AAVE/USDT:USDT,295.64,95.2,295.63,70.0,295.65,9.8,295.66,0.7
1753617379305,11:56:19.305,okx,AAVE/USDT:USDT,295.64,95.2,295.63,66.2,295.65,37.8,295.66,55.7
1753617379505,11:56:19.505,okx,AAVE/USDT:USDT,295.64,172.2,295.63,26.0,295.65,70.0,295.66,70.4
1753617379905,11:56:19.905,okx,AAVE/USDT:USDT,295.64,172.2,295.63,26.0,295.65,84.1,295.66,55.7
1753617380305,11:56:20.305,okx,AAVE/USDT:USDT,295.64,174.0,295.63,26.0,295.65,66.6,295.66,55.7
1753617380505,11:56:20.505,okx,AAVE/USDT:USDT,295.64,142.0,295.62,32.4,295.65,145.2,295.66,69.7
1753617380905,11:56:20.905,okx,AAVE/USDT:USDT,295.64,111.3,295.62,0.4,295.65,160.3,295.66,70.4
1753617381405,11:56:21.405,okx,AAVE/USDT:USDT,295.61,27.4,295.6,0.3,295.62,364.9,295.63,41.8
1753617381705,11:56:21.705,okx,AAVE/USDT:USDT,295.61,27.4,295.6,0.3,295.62,385.1,295.63,41.8
1753617382405,11:56:22.405,okx,AAVE/USDT:USDT,295.61,27.4,295.6,0.3,295.62,173.8,295.63,42.2
1753617382505,11:56:22.505,okx,AAVE/USDT:USDT,295.61,27.4,295.6,0.3,295.62,308.3,295.63,42.2
1753617382705,11:56:22.705,okx,AAVE/USDT:USDT,295.6,37.5,295.59,11.2,295.61,7.0,295.62,13.4
1753617382805,11:56:22.805,okx,AAVE/USDT:USDT,295.6,37.5,295.59,11.2,295.61,7.0,295.62,13.4
1753617383005,11:56:23.005,okx,AAVE/USDT:USDT,295.61,230.1,295.6,78.3,295.62,6.8,295.63,0.4
1753617383405,11:56:23.405,okx,AAVE/USDT:USDT,295.61,43.4,295.6,78.3,295.62,6.8,295.63,0.4
1753617383505,11:56:23.505,okx,AAVE/USDT:USDT,295.61,43.4,295.6,52.4,295.62,6.8,295.63,0.4
1753617384305,11:56:24.305,okx,AAVE/USDT:USDT,295.61,43.6,295.6,37.3,295.62,6.8,295.63,0.4
1753617384705,11:56:24.705,okx,AAVE/USDT:USDT,295.61,67.2,295.6,32.3,295.62,193.6,295.63,26.3
1753617385405,11:56:25.405,okx,AAVE/USDT:USDT,295.61,63.7,295.6,32.3,295.62,75.9,295.63,26.3
1753617385605,11:56:25.605,okx,AAVE/USDT:USDT,295.61,24.4,295.6,32.3,295.62,75.4,295.63,0.4
1753617385805,11:56:25.805,okx,AAVE/USDT:USDT,295.61,24.4,295.6,32.3,295.62,75.4,295.63,0.4
1753617386505,11:56:26.505,okx,AAVE/USDT:USDT,295.61,53.0,295.6,32.3,295.62,209.6,295.63,26.3
1753617386605,11:56:26.605,okx,AAVE/USDT:USDT,295.61,55.5,295.6,32.3,295.62,65.0,295.63,0.4
1753617386805,11:56:26.805,okx,AAVE/USDT:USDT,295.61,64.2,295.6,32.3,295.62,209.6,295.63,41.4
1753617386905,11:56:26.905,okx,AAVE/USDT:USDT,295.61,57.6,295.6,32.3,295.62,90.0,295.63,26.3
1753617387105,11:56:27.105,okx,AAVE/USDT:USDT,295.61,24.4,295.6,32.3,295.62,64.8,295.63,0.4
1753617387205,11:56:27.205,okx,AAVE/USDT:USDT,295.61,24.4,295.6,32.3,295.62,65.0,295.63,0.4
1753617387305,11:56:27.305,okx,AAVE/USDT:USDT,295.61,24.4,295.6,32.3,295.62,90.2,295.63,25.6
1753617387605,11:56:27.605,okx,AAVE/USDT:USDT,295.61,58.4,295.6,32.3,295.62,210.1,295.63,41.4
1753617387705,11:56:27.705,okx,AAVE/USDT:USDT,295.61,58.6,295.6,32.3,295.62,210.3,295.63,26.3
1753617388005,11:56:28.005,okx,AAVE/USDT:USDT,295.61,58.6,295.6,32.3,295.62,90.2,295.63,25.6
1753617388205,11:56:28.205,okx,AAVE/USDT:USDT,295.61,24.4,295.6,32.3,295.62,70.0,295.63,0.4
1753617388405,11:56:28.405,okx,AAVE/USDT:USDT,295.61,50.6,295.6,32.3,295.62,162.1,295.63,26.3
1753617388605,11:56:28.605,okx,AAVE/USDT:USDT,295.61,63.2,295.6,32.3,295.62,69.8,295.63,25.6
1753617388705,11:56:28.705,okx,AAVE/USDT:USDT,295.61,24.3,295.6,32.3,295.62,95.2,295.63,25.6
1753617388805,11:56:28.805,okx,AAVE/USDT:USDT,295.61,49.5,295.6,32.3,295.62,103.4,295.63,25.6
1753617388905,11:56:28.905,okx,AAVE/USDT:USDT,295.61,24.3,295.6,32.3,295.62,70.0,295.63,0.4
1753617389005,11:56:29.005,okx,AAVE/USDT:USDT,295.61,56.3,295.6,32.3,295.62,145.5,295.63,25.6
1753617389105,11:56:29.105,okx,AAVE/USDT:USDT,295.61,57.0,295.6,32.3,295.62,214.4,295.63,40.7
1753617389505,11:56:29.505,okx,AAVE/USDT:USDT,295.61,26.3,295.6,32.3,295.62,131.1,295.63,40.7
1753617389605,11:56:29.605,okx,AAVE/USDT:USDT,295.61,57.1,295.6,0.3,295.62,229.5,295.63,40.7
1753617389805,11:56:29.805,okx,AAVE/USDT:USDT,295.61,26.3,295.6,0.3,295.62,230.4,295.63,41.5
1753617390005,11:56:30.005,okx,AAVE/USDT:USDT,295.61,26.3,295.6,0.3,295.62,229.7,295.63,40.8
1753617390205,11:56:30.205,okx,AAVE/USDT:USDT,295.61,26.3,295.6,0.3,295.62,229.7,295.63,40.8
1753617390405,11:56:30.405,okx,AAVE/USDT:USDT,295.6,0.3,295.59,0.3,295.61,345.4,295.62,110.7
1753617390605,11:56:30.605,okx,AAVE/USDT:USDT,295.56,44.0,295.55,129.4,295.57,238.5,295.58,170.4
1753617390705,11:56:30.705,okx,AAVE/USDT:USDT,295.56,44.0,295.55,129.4,295.57,258.2,295.58,170.4
1753617390805,11:56:30.805,okx,AAVE/USDT:USDT,295.54,0.5,295.53,11.6,295.55,160.0,295.56,73.0
1753617390905,11:56:30.905,okx,AAVE/USDT:USDT,295.54,31.2,295.53,0.2,295.55,148.9,295.56,112.7
1753617391105,11:56:31.105,okx,AAVE/USDT:USDT,295.54,31.2,295.53,0.2,295.55,286.2,295.56,112.7
1753617391205,11:56:31.205,okx,AAVE/USDT:USDT,295.54,31.2,295.53,0.2,295.55,286.2,295.56,112.7
1753617391505,11:56:31.505,okx,AAVE/USDT:USDT,295.54,32.8,295.53,0.2,295.55,289.6,295.56,112.7
1753617391905,11:56:31.905,okx,AAVE/USDT:USDT,295.54,32.8,295.53,0.2,295.55,269.5,295.56,112.0
1753617392105,11:56:32.105,okx,AAVE/USDT:USDT,295.54,32.8,295.53,0.2,295.55,294.2,295.56,112.0
1753617392305,11:56:32.305,okx,AAVE/USDT:USDT,295.54,32.8,295.53,0.2,295.55,294.6,295.56,112.0
1753617393205,11:56:33.205,okx,AAVE/USDT:USDT,295.54,32.8,295.53,0.2,295.55,294.6,295.56,112.0
1753617393305,11:56:33.305,okx,AAVE/USDT:USDT,295.52,0.5,295.51,55.9,295.53,244.5,295.54,188.1
1753617393705,11:56:33.705,okx,AAVE/USDT:USDT,295.52,25.4,295.51,55.5,295.53,241.0,295.54,119.9
1753617394405,11:56:34.405,okx,AAVE/USDT:USDT,295.48,3.1,295.47,153.9,295.49,374.1,295.5,99.9
1753617394705,11:56:34.705,okx,AAVE/USDT:USDT,295.48,3.1,295.47,153.9,295.49,254.0,295.5,99.2
1753617394805,11:56:34.805,okx,AAVE/USDT:USDT,295.48,3.1,295.47,153.9,295.49,180.5,295.5,99.2
1753617395405,11:56:35.405,okx,AAVE/USDT:USDT,295.48,3.0,295.47,153.9,295.49,157.2,295.5,99.2
1753617395505,11:56:35.505,okx,AAVE/USDT:USDT,295.48,3.0,295.47,153.9,295.49,219.8,295.5,99.2
1753617395605,11:56:35.605,okx,AAVE/USDT:USDT,295.48,3.0,295.47,153.9,295.49,157.2,295.5,99.2
1753617395705,11:56:35.705,okx,AAVE/USDT:USDT,295.48,3.0,295.47,153.9,295.49,157.0,295.5,99.2
1753617395805,11:56:35.805,okx,AAVE/USDT:USDT,295.47,146.9,295.46,0.5,295.49,156.5,295.5,99.2
1753617395905,11:56:35.905,okx,AAVE/USDT:USDT,295.47,146.8,295.46,0.1,295.48,158.2,295.49,69.7
1753617396005,11:56:36.005,okx,AAVE/USDT:USDT,295.48,122.9,295.47,280.9,295.49,28.7,295.5,32.1
1753617396205,11:56:36.205,okx,AAVE/USDT:USDT,295.48,32.2,295.47,146.6,295.49,89.2,295.5,71.8
1753617396405,11:56:36.405,okx,AAVE/USDT:USDT,295.48,186.7,295.47,146.6,295.49,44.5,295.5,32.1
1753617396505,11:56:36.505,okx,AAVE/USDT:USDT,295.48,67.5,295.47,146.6,295.49,49.5,295.5,32.1
1753617396605,11:56:36.605,okx,AAVE/USDT:USDT,295.48,39.0,295.47,146.6,295.49,74.3,295.5,71.8
1753617397005,11:56:37.005,okx,AAVE/USDT:USDT,295.47,146.8,295.46,32.1,295.48,101.1,295.49,89.7
1753617397305,11:56:37.305,okx,AAVE/USDT:USDT,295.47,146.8,295.46,0.1,295.48,104.8,295.49,89.7
1753617397405,11:56:37.405,okx,AAVE/USDT:USDT,295.51,149.1,295.5,91.5,295.52,30.6,295.54,40.4
1753617397505,11:56:37.505,okx,AAVE/USDT:USDT,295.51,45.2,295.5,32.1,295.52,84.8,295.53,45.2
1753617397805,11:56:37.805,okx,AAVE/USDT:USDT,295.51,45.4,295.5,32.1,295.52,103.9,295.53,45.2
1753617398105,11:56:38.105,okx,AAVE/USDT:USDT,295.51,52.2,295.5,32.1,295.52,35.8,295.54,57.1
1753617398605,11:56:38.605,okx,AAVE/USDT:USDT,295.51,33.4,295.5,32.1,295.52,187.4,295.54,84.9
1753617398705,11:56:38.705,okx,AAVE/USDT:USDT,295.51,26.6,295.5,0.1,295.52,212.2,295.53,70.6
1753617398905,11:56:38.905,okx,AAVE/USDT:USDT,295.48,44.4,295.47,147.1,295.49,22.6,295.5,405.9
1753617399105,11:56:39.105,okx,AAVE/USDT:USDT,295.49,115.4,295.48,72.9,295.5,32.1,295.51,34.2
1753617399305,11:56:39.305,okx,AAVE/USDT:USDT,295.49,115.6,295.48,72.9,295.5,32.3,295.51,61.5
1753617399405,11:56:39.405,okx,AAVE/USDT:USDT,295.49,67.7,295.48,72.9,295.5,61.2,295.51,61.5
1753617399805,11:56:39.805,okx,AAVE/USDT:USDT,295.49,33.4,295.48,72.9,295.5,29.1,295.51,34.2
1753617399905,11:56:39.905,okx,AAVE/USDT:USDT,295.49,33.4,295.48,72.9,295.5,29.1,295.51,34.2
1753617400005,11:56:40.005,okx,AAVE/USDT:USDT,295.49,33.4,295.48,72.9,295.5,29.1,295.51,34.2
1753617400405,11:56:40.405,okx,AAVE/USDT:USDT,295.46,42.5,295.45,2.5,295.47,310.8,295.48,86.7
1753617400905,11:56:40.905,okx,AAVE/USDT:USDT,295.47,35.1,295.46,38.9,295.48,22.9,295.49,29.0
1753617401105,11:56:41.105,okx,AAVE/USDT:USDT,295.47,35.1,295.46,38.9,295.48,22.9,295.49,29.0
1753617402505,11:56:42.505,okx,AAVE/USDT:USDT,295.47,190.8,295.46,80.6,295.48,1.4,295.5,32.4
1753617402705,11:56:42.705,okx,AAVE/USDT:USDT,295.47,71.6,295.46,49.8,295.48,1.6,295.5,32.4
1753617403405,11:56:43.405,okx,AAVE/USDT:USDT,295.47,31.0,295.46,49.8,295.48,1.6,295.5,32.4
1753617403505,11:56:43.505,okx,AAVE/USDT:USDT,295.47,31.0,295.46,49.8,295.48,1.6,295.5,32.4
1753617403605,11:56:43.605,okx,AAVE/USDT:USDT,295.47,31.0,295.46,49.8,295.48,1.6,295.5,32.4
1753617403705,11:56:43.705,okx,AAVE/USDT:USDT,295.47,150.2,295.46,49.8,295.48,1.6,295.5,32.4
1753617403805,11:56:43.805,okx,AAVE/USDT:USDT,295.47,150.4,295.46,49.8,295.48,1.6,295.5,32.4
1753617404405,11:56:44.405,okx,AAVE/USDT:USDT,295.47,31.0,295.46,49.8,295.48,33.6,295.5,62.1
1753617404505,11:56:44.505,okx,AAVE/USDT:USDT,295.47,21.1,295.46,38.9,295.48,61.8,295.5,62.1
1753617404705,11:56:44.705,okx,AAVE/USDT:USDT,295.47,21.1,295.46,38.9,295.48,61.8,295.5,62.1
1753617404805,11:56:44.805,okx,AAVE/USDT:USDT,295.47,12.2,295.46,38.9,295.48,61.8,295.5,62.1
1753617404905,11:56:44.905,okx,AAVE/USDT:USDT,295.47,12.8,295.46,38.9,295.48,61.8,295.5,32.5
1753617405405,11:56:45.405,okx,AAVE/USDT:USDT,295.47,11.1,295.46,38.9,295.48,81.1,295.5,32.5
1753617405505,11:56:45.505,okx,AAVE/USDT:USDT,295.47,17.8,295.46,38.9,295.48,61.8,295.5,32.5
1753617406005,11:56:46.005,okx,AAVE/USDT:USDT,295.47,156.4,295.46,79.1,295.48,23.5,295.5,32.5
1753617406205,11:56:46.205,okx,AAVE/USDT:USDT,295.49,25.6,295.48,39.5,295.5,44.6,295.52,75.1
1753617406505,11:56:46.505,okx,AAVE/USDT:USDT,295.49,28.0,295.48,38.8,295.5,12.6,295.52,75.1
1753617406605,11:56:46.605,okx,AAVE/USDT:USDT,295.49,28.0,295.48,38.8,295.5,12.5,295.52,75.1
1753617406905,11:56:46.905,okx,AAVE/USDT:USDT,295.49,7.0,295.48,38.8,295.5,44.3,295.51,28.6
1753617407005,11:56:47.005,okx,AAVE/USDT:USDT,295.49,7.0,295.48,38.8,295.5,44.5,295.51,64.9
1753617407105,11:56:47.105,okx,AAVE/USDT:USDT,295.48,25.6,295.47,58.6,295.49,39.7,295.5,90.2
1753617407305,11:56:47.305,okx,AAVE/USDT:USDT,295.48,25.8,295.47,58.6,295.49,35.4,295.5,90.2
1753617407405,11:56:47.405,okx,AAVE/USDT:USDT,295.48,25.9,295.47,58.6,295.49,35.4,295.5,90.2
1753617407505,11:56:47.505,okx,AAVE/USDT:USDT,295.48,25.9,295.47,58.6,295.49,35.4,295.5,90.2
1753617407805,11:56:47.805,okx,AAVE/USDT:USDT,295.49,7.0,295.48,6.9,295.5,44.4,295.51,36.3
1753617407905,11:56:47.905,okx,AAVE/USDT:USDT,295.49,7.0,295.48,38.9,295.5,44.6,295.52,75.1
1753617408005,11:56:48.005,okx,AAVE/USDT:USDT,295.49,7.0,295.48,38.9,295.5,44.6,295.52,75.1
1753617408205,11:56:48.205,okx,AAVE/USDT:USDT,295.49,14.6,295.48,38.9,295.5,45.2,295.52,75.1
1753617408305,11:56:48.305,okx,AAVE/USDT:USDT,295.49,14.6,295.48,38.9,295.5,45.4,295.52,103.7
1753617408505,11:56:48.505,okx,AAVE/USDT:USDT,295.49,14.6,295.48,38.9,295.5,74.0,295.51,59.7
1753617408605,11:56:48.605,okx,AAVE/USDT:USDT,295.49,14.6,295.48,38.9,295.5,73.9,295.51,59.7
1753617408705,11:56:48.705,okx,AAVE/USDT:USDT,295.49,14.6,295.48,38.9,295.5,193.1,295.51,59.7
1753617408905,11:56:48.905,okx,AAVE/USDT:USDT,295.49,14.6,295.48,38.9,295.5,73.7,295.51,59.7
1753617409805,11:56:49.805,okx,AAVE/USDT:USDT,295.49,45.2,295.48,38.9,295.5,45.3,295.52,104.8
1753617410105,11:56:50.105,okx,AAVE/USDT:USDT,295.49,14.6,295.48,38.9,295.5,45.3,295.51,28.6
1753617410305,11:56:50.305,okx,AAVE/USDT:USDT,295.49,14.6,295.48,38.9,295.5,73.9,295.51,46.5
1753617410405,11:56:50.405,okx,AAVE/USDT:USDT,295.49,14.6,295.48,38.9,295.5,90.9,295.51,83.3
1753617410805,11:56:50.805,okx,AAVE/USDT:USDT,295.49,14.6,295.48,38.9,295.5,177.7,295.51,83.3
1753617411005,11:56:51.005,okx,AAVE/USDT:USDT,295.49,14.6,295.48,38.9,295.5,91.1,295.51,83.3
1753617411105,11:56:51.105,okx,AAVE/USDT:USDT,295.49,14.6,295.48,38.9,295.5,74.3,295.51,83.3
1753617411405,11:56:51.405,okx,AAVE/USDT:USDT,295.49,14.6,295.48,38.9,295.5,124.6,295.51,65.4
1753617411905,11:56:51.905,okx,AAVE/USDT:USDT,295.49,14.6,295.48,38.9,295.5,52.0,295.51,65.4
1753617412105,11:56:52.105,okx,AAVE/USDT:USDT,295.49,14.6,295.48,38.9,295.5,52.0,295.51,65.4
1753617412205,11:56:52.205,okx,AAVE/USDT:USDT,295.49,14.6,295.48,38.9,295.5,97.8,295.51,82.6
1753617412405,11:56:52.405,okx,AAVE/USDT:USDT,295.49,14.6,295.48,38.9,295.5,69.2,295.51,54.0
1753617412705,11:56:52.705,okx,AAVE/USDT:USDT,295.49,14.6,295.48,38.9,295.5,96.8,295.51,82.0
1753617412905,11:56:52.905,okx,AAVE/USDT:USDT,295.49,14.6,295.48,38.9,295.5,216.2,295.51,82.7
1753617413005,11:56:53.005,okx,AAVE/USDT:USDT,295.49,14.6,295.48,6.9,295.5,236.6,295.51,82.7
1753617413105,11:56:53.105,okx,AAVE/USDT:USDT,295.49,14.6,295.48,6.9,295.5,217.0,295.51,82.7
1753617413205,11:56:53.205,okx,AAVE/USDT:USDT,295.49,14.6,295.48,6.9,295.5,117.2,295.51,82.7
1753617413305,11:56:53.305,okx,AAVE/USDT:USDT,295.49,7.8,295.48,0.1,295.5,236.6,295.51,82.7
1753617413605,11:56:53.605,okx,AAVE/USDT:USDT,295.49,5.1,295.48,0.1,295.5,236.6,295.51,85.8
1753617413805,11:56:53.805,okx,AAVE/USDT:USDT,295.49,5.1,295.48,0.1,295.5,236.6,295.51,85.8
1753617414505,11:56:54.505,okx,AAVE/USDT:USDT,295.49,5.1,295.48,0.1,295.5,236.6,295.51,85.8
1753617414705,11:56:54.705,okx,AAVE/USDT:USDT,295.49,5.1,295.48,0.1,295.5,236.6,295.51,85.8
1753617414905,11:56:54.905,okx,AAVE/USDT:USDT,295.49,5.1,295.48,0.1,295.5,191.8,295.51,45.2
1753617415005,11:56:55.005,okx,AAVE/USDT:USDT,295.49,5.1,295.48,0.1,295.5,236.6,295.51,74.6
1753617415805,11:56:55.805,okx,AAVE/USDT:USDT,295.49,5.1,295.47,22.1,295.5,110.9,295.51,74.2
1753617416505,11:56:56.505,okx,AAVE/USDT:USDT,295.49,0.7,295.47,22.1,295.5,227.9,295.51,73.5
1753617416605,11:56:56.605,okx,AAVE/USDT:USDT,295.49,0.7,295.47,22.1,295.5,238.0,295.51,73.5
1753617416805,11:56:56.805,okx,AAVE/USDT:USDT,295.49,0.7,295.47,22.1,295.5,238.0,295.51,73.5
1753617417405,11:56:57.405,okx,AAVE/USDT:USDT,295.46,7.1,295.45,13.4,295.47,11.8,295.48,102.9
1753617417605,11:56:57.605,okx,AAVE/USDT:USDT,295.46,7.1,295.45,13.4,295.47,11.8,295.48,102.9
1753617417805,11:56:57.805,okx,AAVE/USDT:USDT,295.46,13.8,295.45,13.4,295.47,131.2,295.48,75.2
1753617418405,11:56:58.405,okx,AAVE/USDT:USDT,295.46,13.8,295.45,13.4,295.47,1.7,295.48,30.4
1753617418805,11:56:58.805,okx,AAVE/USDT:USDT,295.46,13.8,295.45,13.4,295.47,29.1,295.48,74.2
1753617420205,11:57:00.205,okx,AAVE/USDT:USDT,295.46,13.8,295.45,13.4,295.47,45.2,295.48,30.4
1753617420405,11:57:00.405,okx,AAVE/USDT:USDT,295.46,13.8,295.45,13.4,295.47,45.2,295.48,30.4
1753617420505,11:57:00.505,okx,AAVE/USDT:USDT,295.46,13.8,295.45,13.4,295.47,45.2,295.48,30.4
1753617421205,11:57:01.205,okx,AAVE/USDT:USDT,295.46,13.8,295.45,13.9,295.47,89.0,295.48,74.8
1753617421605,11:57:01.605,okx,AAVE/USDT:USDT,295.46,57.0,295.45,39.8,295.47,4.7,295.48,31.0
1753617422105,11:57:02.105,okx,AAVE/USDT:USDT,295.46,240.5,295.45,83.5,295.47,6.7,295.48,0.6
1753617422205,11:57:02.205,okx,AAVE/USDT:USDT,295.46,240.5,295.45,83.5,295.47,6.1,295.48,0.6
1753617422405,11:57:02.405,okx,AAVE/USDT:USDT,295.48,325.3,295.47,135.4,295.49,0.9,295.5,25.8
1753617422705,11:57:02.705,okx,AAVE/USDT:USDT,295.48,199.0,295.47,135.4,295.49,0.9,295.5,25.8
1753617423005,11:57:03.005,okx,AAVE/USDT:USDT,295.48,199.0,295.47,135.4,295.49,0.9,295.5,25.8
1753617423105,11:57:03.105,okx,AAVE/USDT:USDT,295.48,318.6,295.47,135.4,295.49,0.9,295.5,25.8
1753617423205,11:57:03.205,okx,AAVE/USDT:USDT,295.48,318.6,295.47,135.4,295.49,0.9,295.5,25.8
1753617423405,11:57:03.405,okx,AAVE/USDT:USDT,295.48,325.3,295.47,143.8,295.49,1.0,295.5,25.8
1753617423605,11:57:03.605,okx,AAVE/USDT:USDT,295.48,165.1,295.47,118.3,295.49,17.2,295.5,11.4
1753617423905,11:57:03.905,okx,AAVE/USDT:USDT,295.5,151.2,295.49,114.7,295.51,1.5,295.52,11.8
1753617424005,11:57:04.005,okx,AAVE/USDT:USDT,295.5,151.2,295.49,114.7,295.51,1.5,295.52,11.8
1753617424405,11:57:04.405,okx,AAVE/USDT:USDT,295.5,315.3,295.49,146.3,295.51,1.5,295.52,41.9
1753617424605,11:57:04.605,okx,AAVE/USDT:USDT,295.5,289.7,295.49,120.7,295.51,1.5,295.52,41.9
1753617425505,11:57:05.505,okx,AAVE/USDT:USDT,295.51,331.0,295.5,104.3,295.52,11.5,295.53,1.1
1753617425605,11:57:05.605,okx,AAVE/USDT:USDT,295.51,331.0,295.5,104.3,295.52,11.5,295.53,1.1
1753617425705,11:57:05.705,okx,AAVE/USDT:USDT,295.51,312.8,295.5,97.7,295.52,11.5,295.53,1.1
1753617425905,11:57:05.905,okx,AAVE/USDT:USDT,295.51,337.7,295.5,97.7,295.52,11.5,295.53,1.1
1753617426205,11:57:06.205,okx,AAVE/USDT:USDT,295.52,399.5,295.51,122.9,295.53,1.2,295.54,20.6
1753617426505,11:57:06.505,okx,AAVE/USDT:USDT,295.52,261.8,295.51,120.3,295.53,1.2,295.54,20.6
1753617426605,11:57:06.605,okx,AAVE/USDT:USDT,295.52,424.9,295.51,120.3,295.53,1.2,295.54,20.6
1753617426905,11:57:06.905,okx,AAVE/USDT:USDT,295.52,424.9,295.51,120.3,295.53,1.2,295.54,17.3
1753617427005,11:57:07.005,okx,AAVE/USDT:USDT,295.52,424.9,295.51,120.3,295.53,1.2,295.54,17.3
1753617427205,11:57:07.205,okx,AAVE/USDT:USDT,295.52,424.9,295.51,120.3,295.53,1.2,295.54,17.3
1753617427305,11:57:07.305,okx,AAVE/USDT:USDT,295.55,367.5,295.54,112.0,295.56,38.3,295.58,1.4
1753617427605,11:57:07.605,okx,AAVE/USDT:USDT,295.55,385.1,295.54,115.0,295.56,28.3,295.58,1.7
1753617427805,11:57:07.805,okx,AAVE/USDT:USDT,295.55,132.7,295.54,63.8,295.56,76.2,295.57,21.9
1753617428005,11:57:08.005,okx,AAVE/USDT:USDT,295.55,2.4,295.54,36.9,295.56,58.5,295.57,21.1
1753617428105,11:57:08.105,okx,AAVE/USDT:USDT,295.55,6.8,295.54,62.8,295.56,58.7,295.57,0.1
1753617428205,11:57:08.205,okx,AAVE/USDT:USDT,295.55,33.2,295.54,95.1,295.56,58.7,295.57,0.1
1753617428405,11:57:08.405,okx,AAVE/USDT:USDT,295.55,8.9,295.54,62.8,295.56,58.7,295.57,20.0
1753617429005,11:57:09.005,okx,AAVE/USDT:USDT,295.55,67.2,295.54,30.4,295.56,58.7,295.57,0.1
1753617429205,11:57:09.205,okx,AAVE/USDT:USDT,295.54,30.6,295.53,48.2,295.55,6.8,295.56,77.7
1753617429605,11:57:09.605,okx,AAVE/USDT:USDT,295.54,30.6,295.53,48.2,295.55,7.0,295.56,58.5
1753617429705,11:57:09.705,okx,AAVE/USDT:USDT,295.54,30.6,295.53,48.2,295.55,7.0,295.56,77.7
1753617429805,11:57:09.805,okx,AAVE/USDT:USDT,295.54,30.6,295.53,48.2,295.55,7.0,295.56,58.5
1753617430105,11:57:10.105,okx,AAVE/USDT:USDT,295.54,37.4,295.53,48.2,295.55,7.0,295.56,58.5
1753617430205,11:57:10.205,okx,AAVE/USDT:USDT,295.54,37.4,295.53,48.2,295.55,7.0,295.56,58.5
1753617430405,11:57:10.405,okx,AAVE/USDT:USDT,295.54,37.4,295.53,48.2,295.55,7.1,295.56,58.5
1753617430705,11:57:10.705,okx,AAVE/USDT:USDT,295.54,37.4,295.53,48.2,295.55,0.1,295.56,58.5
1753617431105,11:57:11.105,okx,AAVE/USDT:USDT,295.54,193.9,295.53,79.6,295.55,0.1,295.56,28.1
1753617431505,11:57:11.505,okx,AAVE/USDT:USDT,295.54,199.9,295.53,79.6,295.55,4.2,295.56,28.1
1753617432005,11:57:12.005,okx,AAVE/USDT:USDT,295.54,36.8,295.53,48.2,295.55,11.0,295.56,58.5
1753617432205,11:57:12.205,okx,AAVE/USDT:USDT,295.54,36.8,295.53,48.2,295.55,37.9,295.56,31.6
1753617432505,11:57:12.505,okx,AAVE/USDT:USDT,295.54,36.8,295.53,48.2,295.55,37.9,295.56,50.8
1753617432605,11:57:12.605,okx,AAVE/USDT:USDT,295.54,36.8,295.53,48.2,295.55,37.9,295.56,31.6
1753617432905,11:57:12.905,okx,AAVE/USDT:USDT,295.54,36.8,295.53,48.2,295.55,38.6,295.56,31.6
1753617433305,11:57:13.305,okx,AAVE/USDT:USDT,295.54,36.8,295.53,48.2,295.55,31.8,295.56,31.6
1753617433905,11:57:13.905,okx,AAVE/USDT:USDT,295.54,37.3,295.53,48.2,295.55,31.8,295.56,31.6
1753617434305,11:57:14.305,okx,AAVE/USDT:USDT,295.54,37.3,295.53,48.2,295.55,34.3,295.56,31.6
1753617434505,11:57:14.505,okx,AAVE/USDT:USDT,295.54,37.3,295.53,48.2,295.55,34.3,295.56,50.8
1753617434605,11:57:14.605,okx,AAVE/USDT:USDT,295.54,37.3,295.53,48.2,295.55,34.3,295.56,50.8
1753617434905,11:57:14.905,okx,AAVE/USDT:USDT,295.54,175.9,295.53,78.8,295.55,19.9,295.56,31.6
1753617435005,11:57:15.005,okx,AAVE/USDT:USDT,295.54,65.2,295.53,79.5,295.55,19.9,295.56,31.6
1753617435605,11:57:15.605,okx,AAVE/USDT:USDT,295.54,6.9,295.53,0.1,295.55,221.1,295.56,62.7
1753617435705,11:57:15.705,okx,AAVE/USDT:USDT,295.51,0.1,295.5,20.0,295.52,102.8,295.53,133.1
1753617435905,11:57:15.905,okx,AAVE/USDT:USDT,295.5,0.4,295.49,0.1,295.51,99.7,295.52,102.1
1753617436905,11:57:16.905,okx,AAVE/USDT:USDT,295.46,37.8,295.45,2.6,295.47,182.8,295.48,91.3
1753617437305,11:57:17.305,okx,AAVE/USDT:USDT,295.46,31.2,295.45,2.6,295.47,65.5,295.48,91.3
1753617437705,11:57:17.705,okx,AAVE/USDT:USDT,295.46,0.1,295.45,2.6,295.47,83.2,295.48,91.3
1753617437805,11:57:17.805,okx,AAVE/USDT:USDT,295.46,7.1,295.45,2.6,295.47,36.0,295.48,63.0
1753617437905,11:57:17.905,okx,AAVE/USDT:USDT,295.46,248.8,295.45,68.1,295.47,29.1,295.48,0.1
1753617438005,11:57:18.005,okx,AAVE/USDT:USDT,295.46,262.4,295.45,83.2,295.47,29.1,295.48,0.1
1753617438205,11:57:18.205,okx,AAVE/USDT:USDT,295.46,78.1,295.45,39.8,295.47,29.1,295.48,0.1
1753617438405,11:57:18.405,okx,AAVE/USDT:USDT,295.46,64.5,295.45,20.2,295.47,29.1,295.48,0.1
1753617438705,11:57:18.705,okx,AAVE/USDT:USDT,295.46,184.1,295.45,20.2,295.47,29.3,295.48,0.1
1753617439405,11:57:19.405,okx,AAVE/USDT:USDT,295.48,427.7,295.47,122.6,295.49,2.3,295.5,0.4
1753617439605,11:57:19.605,okx,AAVE/USDT:USDT,295.48,217.1,295.47,54.2,295.49,2.3,295.5,17.7
1753617439805,11:57:19.805,okx,AAVE/USDT:USDT,295.48,264.3,295.47,54.2,295.49,2.3,295.5,0.4
1753617439905,11:57:19.905,okx,AAVE/USDT:USDT,295.48,65.4,295.47,66.4,295.49,9.1,295.5,30.8
1753617440005,11:57:20.005,okx,AAVE/USDT:USDT,295.48,31.8,295.47,66.4,295.49,9.1,295.5,30.8
1753617440105,11:57:20.105,okx,AAVE/USDT:USDT,295.48,31.8,295.47,66.4,295.49,9.1,295.5,30.8
1753617440305,11:57:20.305,okx,AAVE/USDT:USDT,295.48,31.8,295.47,66.4,295.49,9.2,295.5,30.8
1753617440805,11:57:20.805,okx,AAVE/USDT:USDT,295.48,195.1,295.47,109.2,295.49,2.4,295.5,0.4
1753617440905,11:57:20.905,okx,AAVE/USDT:USDT,295.48,195.1,295.47,117.6,295.49,2.4,295.5,0.4
1753617441105,11:57:21.105,okx,AAVE/USDT:USDT,295.48,188.4,295.47,85.2,295.49,2.4,295.5,0.4
1753617441405,11:57:21.405,okx,AAVE/USDT:USDT,295.48,188.4,295.47,85.2,295.49,7.9,295.5,0.4
1753617441505,11:57:21.505,okx,AAVE/USDT:USDT,295.48,212.4,295.47,102.5,295.49,7.9,295.5,0.4
1753617441605,11:57:21.605,okx,AAVE/USDT:USDT,295.48,219.1,295.47,136.4,295.49,7.9,295.5,0.4
1753617441705,11:57:21.705,okx,AAVE/USDT:USDT,295.48,219.1,295.47,136.4,295.49,7.9,295.5,0.4
1753617441805,11:57:21.805,okx,AAVE/USDT:USDT,295.48,240.3,295.47,147.3,295.49,1.1,295.5,0.4
1753617441905,11:57:21.905,okx,AAVE/USDT:USDT,295.48,240.3,295.47,147.3,295.49,1.1,295.5,0.4
1753617442105,11:57:22.105,okx,AAVE/USDT:USDT,295.54,227.6,295.53,67.2,295.55,0.9,295.56,1.4
1753617442305,11:57:22.305,okx,AAVE/USDT:USDT,295.54,227.8,295.53,67.0,295.55,4.6,295.56,1.4
1753617442505,11:57:22.505,okx,AAVE/USDT:USDT,295.54,227.8,295.53,67.0,295.55,4.6,295.56,1.4
1753617442805,11:57:22.805,okx,AAVE/USDT:USDT,295.54,227.8,295.53,67.0,295.55,4.6,295.56,1.4
1753617443005,11:57:23.005,okx,AAVE/USDT:USDT,295.54,227.8,295.53,67.0,295.55,4.6,295.56,1.4
1753617443105,11:57:23.105,okx,AAVE/USDT:USDT,295.54,212.2,295.53,51.4,295.55,4.6,295.56,1.4
1753617443605,11:57:23.605,okx,AAVE/USDT:USDT,295.54,261.2,295.53,87.1,295.55,4.6,295.56,1.4
