timestamp,time,exchange,symbol,bid1_price,bid1_volume,bid2_price,bid2_volume,ask1_price,ask1_volume,ask2_price,ask2_volume
1753617155514,11:52:35.514,bitget,ADA/USDT:USDT,0.823,43000.0,0.8229,98311.0,0.8231,49987.0,0.8232,85905.0
1753617155814,11:52:35.814,bitget,ADA/USDT:USDT,0.823,43000.0,0.8229,98311.0,0.8231,49987.0,0.8232,85298.0
1753617155964,11:52:35.964,bitget,ADA/USDT:USDT,0.823,43000.0,0.8229,98311.0,0.8231,49987.0,0.8232,81320.0
1753617156414,11:52:36.414,bitget,ADA/USDT:USDT,0.823,43000.0,0.8229,98311.0,0.8231,49987.0,0.8232,81320.0
1753617156864,11:52:36.864,bitget,ADA/USDT:USDT,0.823,43000.0,0.8229,98311.0,0.8231,49987.0,0.8232,81320.0
1753617157015,11:52:37.015,bitget,ADA/USDT:USDT,0.823,43000.0,0.8229,98311.0,0.8231,49987.0,0.8232,81320.0
1753617157315,11:52:37.315,bitget,ADA/USDT:USDT,0.823,21000.0,0.8229,98311.0,0.8231,49987.0,0.8232,81320.0
1753617157765,11:52:37.765,bitget,ADA/USDT:USDT,0.823,20187.0,0.8229,98311.0,0.8231,49987.0,0.8232,82281.0
1753617158065,11:52:38.065,bitget,ADA/USDT:USDT,0.823,27687.0,0.8229,98311.0,0.8231,49987.0,0.8232,82281.0
1753617158515,11:52:38.515,bitget,ADA/USDT:USDT,0.823,28500.0,0.8229,102290.0,0.8231,49987.0,0.8232,81927.0
1753617158665,11:52:38.665,bitget,ADA/USDT:USDT,0.823,28960.0,0.8229,102290.0,0.8231,49987.0,0.8232,81927.0
1753617158816,11:52:38.816,bitget,ADA/USDT:USDT,0.823,43460.0,0.8229,102290.0,0.8231,49987.0,0.8232,81927.0
1753617158966,11:52:38.966,bitget,ADA/USDT:USDT,0.823,43460.0,0.8229,102290.0,0.8231,49987.0,0.8232,81320.0
1753617159116,11:52:39.116,bitget,ADA/USDT:USDT,0.823,43460.0,0.8229,102290.0,0.8231,49329.0,0.8232,81320.0
1753617159866,11:52:39.866,bitget,ADA/USDT:USDT,0.823,43460.0,0.8229,96549.0,0.8231,49987.0,0.8232,81314.0
1753617160017,11:52:40.017,bitget,ADA/USDT:USDT,0.823,43460.0,0.8229,96549.0,0.8231,49987.0,0.8232,81314.0
1753617160166,11:52:40.166,bitget,ADA/USDT:USDT,0.823,43460.0,0.8229,96549.0,0.8231,49987.0,0.8232,81314.0
1753617160467,11:52:40.467,bitget,ADA/USDT:USDT,0.823,28960.0,0.8229,103450.0,0.8231,49987.0,0.8232,81314.0
1753617161067,11:52:41.067,bitget,ADA/USDT:USDT,0.823,28500.0,0.8229,98924.0,0.8231,49987.0,0.8232,82882.0
1753617161217,11:52:41.217,bitget,ADA/USDT:USDT,0.823,28500.0,0.8229,92813.0,0.8231,49987.0,0.8232,82882.0
1753617161817,11:52:41.817,bitget,ADA/USDT:USDT,0.823,30404.0,0.8229,97691.0,0.8231,36166.0,0.8232,81921.0
1753617161967,11:52:41.967,bitget,ADA/USDT:USDT,0.823,28500.0,0.8229,91488.0,0.8231,36166.0,0.8232,81921.0
1753617162718,11:52:42.718,bitget,ADA/USDT:USDT,0.823,28909.0,0.8229,96397.0,0.8231,36166.0,0.8232,81921.0
1753617162868,11:52:42.868,bitget,ADA/USDT:USDT,0.823,43409.0,0.8229,96397.0,0.8231,21109.0,0.8232,81921.0
1753617163018,11:52:43.018,bitget,ADA/USDT:USDT,0.823,43409.0,0.8229,96397.0,0.8231,17637.0,0.8232,80501.0
1753617163468,11:52:43.468,bitget,ADA/USDT:USDT,0.823,43409.0,0.8229,92450.0,0.8231,15339.0,0.8232,53405.0
1753617163618,11:52:43.618,bitget,ADA/USDT:USDT,0.8231,24412.0,0.823,63883.0,0.8232,53239.0,0.8233,81278.0
1753617163768,11:52:43.768,bitget,ADA/USDT:USDT,0.8231,24412.0,0.823,107020.0,0.8232,48097.0,0.8233,81278.0
1753617163919,11:52:43.919,bitget,ADA/USDT:USDT,0.8231,39751.0,0.823,107020.0,0.8232,48097.0,0.8233,103775.0
1753617164069,11:52:44.069,bitget,ADA/USDT:USDT,0.8231,54808.0,0.823,94736.0,0.8232,48097.0,0.8233,103775.0
1753617164369,11:52:44.369,bitget,ADA/USDT:USDT,0.8231,59612.0,0.823,94736.0,0.8232,1838.0,0.8233,71844.0
1753617164519,11:52:44.519,bitget,ADA/USDT:USDT,0.8231,60572.0,0.823,95817.0,0.8232,1838.0,0.8233,71723.0
1753617164669,11:52:44.669,bitget,ADA/USDT:USDT,0.8231,60572.0,0.823,95817.0,0.8232,8.0,0.8233,71723.0
1753617165419,11:52:45.419,bitget,ADA/USDT:USDT,0.8231,83069.0,0.823,101344.0,0.8232,8.0,0.8233,10392.0
1753617165569,11:52:45.569,bitget,ADA/USDT:USDT,0.8231,83069.0,0.823,95938.0,0.8232,8.0,0.8233,9565.0
1753617165720,11:52:45.720,bitget,ADA/USDT:USDT,0.8231,83069.0,0.823,95938.0,0.8232,8.0,0.8233,10392.0
1753617165870,11:52:45.870,bitget,ADA/USDT:USDT,0.8231,83069.0,0.823,95938.0,0.8232,8.0,0.8233,10392.0
1753617166020,11:52:46.020,bitget,ADA/USDT:USDT,0.8231,83069.0,0.823,95938.0,0.8232,8.0,0.8233,21496.0
1753617166170,11:52:46.170,bitget,ADA/USDT:USDT,0.8231,82109.0,0.823,94978.0,0.8232,8.0,0.8233,42579.0
1753617166320,11:52:46.320,bitget,ADA/USDT:USDT,0.8231,82109.0,0.823,94857.0,0.8232,8.0,0.8233,42579.0
1753617166470,11:52:46.470,bitget,ADA/USDT:USDT,0.8231,82109.0,0.823,95817.0,0.8232,8.0,0.8233,58605.0
1753617166620,11:52:46.620,bitget,ADA/USDT:USDT,0.8231,82109.0,0.823,95817.0,0.8232,8.0,0.8233,58605.0
1753617166770,11:52:46.770,bitget,ADA/USDT:USDT,0.8231,82109.0,0.823,95817.0,0.8232,8.0,0.8233,58605.0
1753617166920,11:52:46.920,bitget,ADA/USDT:USDT,0.8231,82109.0,0.823,95817.0,0.8232,8.0,0.8233,58605.0
1753617167070,11:52:47.070,bitget,ADA/USDT:USDT,0.8231,82109.0,0.823,95817.0,0.8232,8.0,0.8233,58605.0
1753617167371,11:52:47.371,bitget,ADA/USDT:USDT,0.8231,82109.0,0.823,95817.0,0.8232,8.0,0.8233,31475.0
1753617167521,11:52:47.521,bitget,ADA/USDT:USDT,0.8231,82109.0,0.823,95817.0,0.8232,8.0,0.8233,58607.0
1753617167671,11:52:47.671,bitget,ADA/USDT:USDT,0.8231,82109.0,0.823,95817.0,0.8232,8.0,0.8233,58607.0
1753617167971,11:52:47.971,bitget,ADA/USDT:USDT,0.8231,82109.0,0.823,94857.0,0.8232,1607.0,0.8233,59567.0
1753617168271,11:52:48.271,bitget,ADA/USDT:USDT,0.8231,82109.0,0.823,95817.0,0.8232,2265.0,0.8233,59567.0
1753617168571,11:52:48.571,bitget,ADA/USDT:USDT,0.8231,82109.0,0.823,95817.0,0.8232,666.0,0.8233,31475.0
1753617168871,11:52:48.871,bitget,ADA/USDT:USDT,0.8231,82109.0,0.823,95817.0,0.8232,666.0,0.8233,15309.0
1753617169021,11:52:49.021,bitget,ADA/USDT:USDT,0.8231,82109.0,0.823,99795.0,0.8232,666.0,0.8233,15309.0
1753617169172,11:52:49.172,bitget,ADA/USDT:USDT,0.8231,59612.0,0.823,99795.0,0.8232,666.0,0.8233,15309.0
1753617169322,11:52:49.322,bitget,ADA/USDT:USDT,0.8231,82108.0,0.823,99795.0,0.8232,666.0,0.8233,9565.0
1753617169472,11:52:49.472,bitget,ADA/USDT:USDT,0.8231,82108.0,0.823,99795.0,0.8232,666.0,0.8233,15309.0
1753617169622,11:52:49.622,bitget,ADA/USDT:USDT,0.8231,82108.0,0.823,99795.0,0.8232,666.0,0.8233,15309.0
1753617169922,11:52:49.922,bitget,ADA/USDT:USDT,0.8231,82108.0,0.823,99795.0,0.8232,8.0,0.8233,15309.0
1753617170072,11:52:50.072,bitget,ADA/USDT:USDT,0.8231,82108.0,0.823,99795.0,0.8232,8.0,0.8233,15309.0
1753617170222,11:52:50.222,bitget,ADA/USDT:USDT,0.8231,82108.0,0.823,99795.0,0.8232,8.0,0.8233,30648.0
1753617170372,11:52:50.372,bitget,ADA/USDT:USDT,0.8231,82108.0,0.823,98835.0,0.8232,1607.0,0.8233,31475.0
1753617170522,11:52:50.522,bitget,ADA/USDT:USDT,0.8231,82108.0,0.823,98835.0,0.8232,8.0,0.8233,24904.0
1753617170672,11:52:50.672,bitget,ADA/USDT:USDT,0.8231,82108.0,0.823,99795.0,0.8232,8.0,0.8233,28744.0
1753617171123,11:52:51.123,bitget,ADA/USDT:USDT,0.8231,82108.0,0.823,99795.0,0.8232,8.0,0.8233,28744.0
1753617171273,11:52:51.273,bitget,ADA/USDT:USDT,0.8231,82108.0,0.823,99795.0,0.8232,8.0,0.8233,28744.0
1753617171423,11:52:51.423,bitget,ADA/USDT:USDT,0.8231,82108.0,0.823,99795.0,0.8232,8.0,0.8233,28744.0
1753617171723,11:52:51.723,bitget,ADA/USDT:USDT,0.8232,76734.0,0.8231,93520.0,0.8234,30449.0,0.8235,73643.0
1753617171873,11:52:51.873,bitget,ADA/USDT:USDT,0.8234,6607.0,0.8233,98790.0,0.8235,50321.0,0.8236,26408.0
1753617172023,11:52:52.023,bitget,ADA/USDT:USDT,0.8234,78593.0,0.8233,123317.0,0.8235,25544.0,0.8236,49508.0
1753617172173,11:52:52.173,bitget,ADA/USDT:USDT,0.8234,61591.0,0.8233,123317.0,0.8235,51427.0,0.8236,75358.0
1753617172473,11:52:52.473,bitget,ADA/USDT:USDT,0.8234,61591.0,0.8233,123317.0,0.8235,51427.0,0.8236,75358.0
1753617172623,11:52:52.623,bitget,ADA/USDT:USDT,0.8234,61591.0,0.8233,123317.0,0.8235,51427.0,0.8236,75358.0
1753617173074,11:52:53.074,bitget,ADA/USDT:USDT,0.8234,1599.0,0.8233,80993.0,0.8235,45769.0,0.8236,69852.0
1753617173224,11:52:53.224,bitget,ADA/USDT:USDT,0.8234,1599.0,0.8233,80993.0,0.8235,46375.0,0.8236,69852.0
1753617173374,11:52:53.374,bitget,ADA/USDT:USDT,0.8234,1599.0,0.8233,80993.0,0.8235,46375.0,0.8236,69852.0
1753617173524,11:52:53.524,bitget,ADA/USDT:USDT,0.8233,79815.0,0.8232,32494.0,0.8234,955.0,0.8235,45769.0
1753617173824,11:52:53.824,bitget,ADA/USDT:USDT,0.8233,22494.0,0.8232,62419.0,0.8234,71533.0,0.8235,44395.0
1753617173974,11:52:53.974,bitget,ADA/USDT:USDT,0.8232,80384.0,0.8231,32038.0,0.8233,955.0,0.8234,70573.0
1753617174274,11:52:54.274,bitget,ADA/USDT:USDT,0.8232,63390.0,0.8231,65049.0,0.8233,4646.0,0.8234,47028.0
1753617174424,11:52:54.424,bitget,ADA/USDT:USDT,0.8232,63390.0,0.8231,65049.0,0.8233,4646.0,0.8234,47028.0
1753617174875,11:52:54.875,bitget,ADA/USDT:USDT,0.8232,63390.0,0.8231,64089.0,0.8233,12970.0,0.8234,58130.0
1753617175025,11:52:55.025,bitget,ADA/USDT:USDT,0.8232,63390.0,0.8231,64089.0,0.8233,12970.0,0.8234,58130.0
1753617175175,11:52:55.175,bitget,ADA/USDT:USDT,0.8232,63390.0,0.8231,64089.0,0.8233,12970.0,0.8234,58130.0
1753617175475,11:52:55.475,bitget,ADA/USDT:USDT,0.8232,63390.0,0.8231,65049.0,0.8233,12970.0,0.8234,58130.0
1753617175625,11:52:55.625,bitget,ADA/USDT:USDT,0.8232,63390.0,0.8231,76151.0,0.8233,12970.0,0.8234,58130.0
1753617176225,11:52:56.225,bitget,ADA/USDT:USDT,0.8232,63390.0,0.8231,76151.0,0.8233,12970.0,0.8234,30998.0
1753617176375,11:52:56.375,bitget,ADA/USDT:USDT,0.8232,63390.0,0.8231,76151.0,0.8233,3897.0,0.8234,30998.0
1753617176826,11:52:56.826,bitget,ADA/USDT:USDT,0.8232,63390.0,0.8231,76151.0,0.8233,3897.0,0.8234,47037.0
1753617176976,11:52:56.976,bitget,ADA/USDT:USDT,0.8232,63390.0,0.8231,76151.0,0.8233,3897.0,0.8234,47037.0
1753617177276,11:52:57.276,bitget,ADA/USDT:USDT,0.8232,63390.0,0.8231,76151.0,0.8233,3897.0,0.8234,47037.0
1753617177876,11:52:57.876,bitget,ADA/USDT:USDT,0.8232,63390.0,0.8231,76151.0,0.8233,5464.0,0.8234,47997.0
1753617178176,11:52:58.176,bitget,ADA/USDT:USDT,0.8232,63390.0,0.8231,76151.0,0.8233,5464.0,0.8234,47997.0
1753617178326,11:52:58.326,bitget,ADA/USDT:USDT,0.8232,63390.0,0.8231,76151.0,0.8233,4646.0,0.8234,47997.0
1753617178777,11:52:58.777,bitget,ADA/USDT:USDT,0.8232,63390.0,0.8231,76151.0,0.8233,5464.0,0.8234,47997.0
1753617178927,11:52:58.927,bitget,ADA/USDT:USDT,0.8232,63390.0,0.8231,76151.0,0.8233,5464.0,0.8234,47997.0
1753617179077,11:52:59.077,bitget,ADA/USDT:USDT,0.8232,63390.0,0.8231,76151.0,0.8233,5464.0,0.8234,47997.0
1753617179227,11:52:59.227,bitget,ADA/USDT:USDT,0.8232,63390.0,0.8231,76151.0,0.8233,5464.0,0.8234,47997.0
1753617179377,11:52:59.377,bitget,ADA/USDT:USDT,0.8232,39201.0,0.8231,75191.0,0.8233,50790.0,0.8234,47997.0
1753617179827,11:52:59.827,bitget,ADA/USDT:USDT,0.8232,1651.0,0.8231,97681.0,0.8233,50790.0,0.8234,48604.0
1753617179978,11:52:59.978,bitget,ADA/USDT:USDT,0.8232,14795.0,0.8231,97681.0,0.8233,50132.0,0.8234,48604.0
1753617180127,11:53:00.127,bitget,ADA/USDT:USDT,0.8232,1651.0,0.8231,95851.0,0.8233,50790.0,0.8234,48604.0
1753617180728,11:53:00.728,bitget,ADA/USDT:USDT,0.8231,1607.0,0.823,105537.0,0.8232,57514.0,0.8233,87835.0
1753617181178,11:53:01.178,bitget,ADA/USDT:USDT,0.8231,29504.0,0.823,105537.0,0.8232,57514.0,0.8233,88916.0
1753617181328,11:53:01.328,bitget,ADA/USDT:USDT,0.8231,29504.0,0.823,105537.0,0.8232,57514.0,0.8233,88916.0
1753617181628,11:53:01.628,bitget,ADA/USDT:USDT,0.8231,29504.0,0.823,105537.0,0.8232,57514.0,0.8233,88916.0
1753617181778,11:53:01.778,bitget,ADA/USDT:USDT,0.8231,29504.0,0.823,105537.0,0.8232,57514.0,0.8233,88916.0
1753617181929,11:53:01.929,bitget,ADA/USDT:USDT,0.8231,29504.0,0.823,105537.0,0.8232,57514.0,0.8233,88916.0
1753617182229,11:53:02.229,bitget,ADA/USDT:USDT,0.8232,20152.0,0.8231,53938.0,0.8234,28748.0,0.8235,34751.0
1753617182379,11:53:02.379,bitget,ADA/USDT:USDT,0.8233,64894.0,0.8232,82851.0,0.8234,1830.0,0.8235,56634.0
1753617182529,11:53:02.529,bitget,ADA/USDT:USDT,0.8233,64894.0,0.8232,114489.0,0.8234,1830.0,0.8235,56634.0
1753617183279,11:53:03.279,bitget,ADA/USDT:USDT,0.8235,54078.0,0.8234,139756.0,0.8236,37523.0,0.8237,51987.0
1753617183429,11:53:03.429,bitget,ADA/USDT:USDT,0.8235,69135.0,0.8234,106723.0,0.8236,37523.0,0.8237,58184.0
1753617183729,11:53:03.729,bitget,ADA/USDT:USDT,0.8237,567.0,0.8236,70539.0,0.8238,51338.0,0.8239,32915.0
1753617184030,11:53:04.030,bitget,ADA/USDT:USDT,0.8239,5587.0,0.8238,66201.0,0.824,75485.0,0.8241,100932.0
1753617184480,11:53:04.480,bitget,ADA/USDT:USDT,0.8239,67168.0,0.8238,129109.0,0.824,21315.0,0.8241,68726.0
1753617185831,11:53:05.831,bitget,ADA/USDT:USDT,0.8239,39581.0,0.8238,98149.0,0.824,43452.0,0.8241,69249.0
1753617186281,11:53:06.281,bitget,ADA/USDT:USDT,0.8239,39581.0,0.8238,98149.0,0.824,43452.0,0.8241,41168.0
1753617186431,11:53:06.431,bitget,ADA/USDT:USDT,0.8239,39581.0,0.8238,99108.0,0.824,45282.0,0.8241,41168.0
1753617187032,11:53:07.032,bitget,ADA/USDT:USDT,0.8239,61581.0,0.8238,99108.0,0.824,44624.0,0.8241,70120.0
1753617187332,11:53:07.332,bitget,ADA/USDT:USDT,0.8239,61581.0,0.8238,99108.0,0.824,44624.0,0.8241,70120.0
1753617187782,11:53:07.782,bitget,ADA/USDT:USDT,0.8239,54813.0,0.8238,99108.0,0.824,44624.0,0.8241,70120.0
1753617187932,11:53:07.932,bitget,ADA/USDT:USDT,0.8239,32813.0,0.8238,99108.0,0.824,44624.0,0.8241,70120.0
1753617188382,11:53:08.382,bitget,ADA/USDT:USDT,0.8239,32813.0,0.8238,98149.0,0.824,45282.0,0.8241,71079.0
1753617188833,11:53:08.833,bitget,ADA/USDT:USDT,0.8239,57222.0,0.8238,97187.0,0.824,25716.0,0.8241,66271.0
1753617189133,11:53:09.133,bitget,ADA/USDT:USDT,0.8239,57222.0,0.8238,98141.0,0.824,22045.0,0.8241,87794.0
1753617189283,11:53:09.283,bitget,ADA/USDT:USDT,0.8239,57222.0,0.8238,98141.0,0.824,22045.0,0.8241,76878.0
1753617189583,11:53:09.583,bitget,ADA/USDT:USDT,0.8239,57222.0,0.8238,94452.0,0.824,21533.0,0.8241,76878.0
1753617189733,11:53:09.733,bitget,ADA/USDT:USDT,0.8239,57222.0,0.8238,94452.0,0.824,21533.0,0.8241,77837.0
1753617189883,11:53:09.883,bitget,ADA/USDT:USDT,0.8239,57222.0,0.8238,94452.0,0.824,23226.0,0.8241,77837.0
1753617190183,11:53:10.183,bitget,ADA/USDT:USDT,0.824,2766.0,0.8239,57222.0,0.8241,27278.0,0.8242,64525.0
1753617190333,11:53:10.333,bitget,ADA/USDT:USDT,0.824,69148.0,0.8239,110763.0,0.8241,21653.0,0.8242,90378.0
1753617190484,11:53:10.484,bitget,ADA/USDT:USDT,0.824,69148.0,0.8239,110763.0,0.8241,35255.0,0.8242,91327.0
1753617190784,11:53:10.784,bitget,ADA/USDT:USDT,0.824,61942.0,0.8239,99174.0,0.8241,43778.0,0.8242,91327.0
1753617190934,11:53:10.934,bitget,ADA/USDT:USDT,0.824,61942.0,0.8239,99174.0,0.8241,45117.0,0.8242,91327.0
1753617191084,11:53:11.084,bitget,ADA/USDT:USDT,0.824,61942.0,0.8239,99174.0,0.8241,45117.0,0.8242,91327.0
1753617191234,11:53:11.234,bitget,ADA/USDT:USDT,0.824,61942.0,0.8239,99174.0,0.8241,45117.0,0.8242,91327.0
1753617191684,11:53:11.684,bitget,ADA/USDT:USDT,0.824,61942.0,0.8239,99174.0,0.8241,45117.0,0.8242,83295.0
1753617191834,11:53:11.834,bitget,ADA/USDT:USDT,0.824,61942.0,0.8239,99174.0,0.8241,45117.0,0.8242,83295.0
1753617191984,11:53:11.984,bitget,ADA/USDT:USDT,0.824,61942.0,0.8239,99174.0,0.8241,45117.0,0.8242,82336.0
1753617192134,11:53:12.134,bitget,ADA/USDT:USDT,0.824,61942.0,0.8239,99174.0,0.8241,45117.0,0.8242,83295.0
1753617192434,11:53:12.434,bitget,ADA/USDT:USDT,0.824,61942.0,0.8239,79674.0,0.8241,45117.0,0.8242,83295.0
1753617192885,11:53:12.885,bitget,ADA/USDT:USDT,0.824,24603.0,0.8239,79674.0,0.8241,46910.0,0.8242,83295.0
1753617193035,11:53:13.035,bitget,ADA/USDT:USDT,0.824,23425.0,0.8239,79674.0,0.8241,46910.0,0.8242,79346.0
1753617193335,11:53:13.335,bitget,ADA/USDT:USDT,0.824,23425.0,0.8239,79674.0,0.8241,45117.0,0.8242,78387.0
1753617193485,11:53:13.485,bitget,ADA/USDT:USDT,0.824,45425.0,0.8239,79674.0,0.8241,45117.0,0.8242,79346.0
1753617193635,11:53:13.635,bitget,ADA/USDT:USDT,0.824,16656.0,0.8239,68581.0,0.8241,45117.0,0.8242,78387.0
1753617193785,11:53:13.785,bitget,ADA/USDT:USDT,0.824,16656.0,0.8239,68581.0,0.8241,45117.0,0.8242,78993.0
1753617193935,11:53:13.935,bitget,ADA/USDT:USDT,0.824,16656.0,0.8239,68581.0,0.8241,45117.0,0.8242,78993.0
1753617194236,11:53:14.236,bitget,ADA/USDT:USDT,0.824,16656.0,0.8239,68581.0,0.8241,45117.0,0.8242,78993.0
1753617194386,11:53:14.386,bitget,ADA/USDT:USDT,0.824,38656.0,0.8239,68581.0,0.8241,45117.0,0.8242,78993.0
1753617194536,11:53:14.536,bitget,ADA/USDT:USDT,0.824,38656.0,0.8239,68581.0,0.8241,45117.0,0.8242,78387.0
1753617194836,11:53:14.836,bitget,ADA/USDT:USDT,0.824,6599.0,0.8239,68581.0,0.8241,45117.0,0.8242,83901.0
1753617195286,11:53:15.286,bitget,ADA/USDT:USDT,0.824,22472.0,0.8239,68581.0,0.8241,45079.0,0.8242,82942.0
1753617195436,11:53:15.436,bitget,ADA/USDT:USDT,0.824,23599.0,0.8239,68581.0,0.8241,45079.0,0.8242,82942.0
1753617195586,11:53:15.586,bitget,ADA/USDT:USDT,0.824,6599.0,0.8239,68575.0,0.8241,45079.0,0.8242,82942.0
1753617195736,11:53:15.736,bitget,ADA/USDT:USDT,0.824,6599.0,0.8239,68575.0,0.8241,45079.0,0.8242,82942.0
1753617196337,11:53:16.337,bitget,ADA/USDT:USDT,0.824,9912.0,0.8239,68575.0,0.8241,45079.0,0.8242,82942.0
1753617196487,11:53:16.487,bitget,ADA/USDT:USDT,0.824,26912.0,0.8239,68575.0,0.8241,45079.0,0.8242,82942.0
1753617196937,11:53:16.937,bitget,ADA/USDT:USDT,0.824,26912.0,0.8239,79667.0,0.8241,45079.0,0.8242,82942.0
1753617197087,11:53:17.087,bitget,ADA/USDT:USDT,0.824,45456.0,0.8239,80626.0,0.8241,6720.0,0.8242,29273.0
1753617197537,11:53:17.537,bitget,ADA/USDT:USDT,0.8241,72481.0,0.824,103829.0,0.8242,8453.0,0.8243,54231.0
1753617197688,11:53:17.688,bitget,ADA/USDT:USDT,0.8241,72481.0,0.824,128129.0,0.8242,40298.0,0.8243,81998.0
1753617197838,11:53:17.838,bitget,ADA/USDT:USDT,0.8241,72481.0,0.824,118153.0,0.8242,25702.0,0.8243,104468.0
1753617198138,11:53:18.138,bitget,ADA/USDT:USDT,0.8241,71522.0,0.824,118153.0,0.8242,29064.0,0.8243,104302.0
1753617198438,11:53:18.438,bitget,ADA/USDT:USDT,0.8241,71522.0,0.824,118153.0,0.8242,29064.0,0.8243,104302.0
1753617198588,11:53:18.588,bitget,ADA/USDT:USDT,0.8241,71522.0,0.824,118153.0,0.8242,29064.0,0.8243,76535.0
1753617198738,11:53:18.738,bitget,ADA/USDT:USDT,0.8241,71522.0,0.824,118153.0,0.8242,28315.0,0.8243,76535.0
1753617198888,11:53:18.888,bitget,ADA/USDT:USDT,0.8241,71522.0,0.824,118153.0,0.8242,28315.0,0.8243,76535.0
1753617199038,11:53:19.038,bitget,ADA/USDT:USDT,0.8241,71522.0,0.824,95683.0,0.8242,23354.0,0.8243,81167.0
1753617199188,11:53:19.188,bitget,ADA/USDT:USDT,0.8241,71522.0,0.824,118153.0,0.8242,26222.0,0.8243,81751.0
1753617199639,11:53:19.639,bitget,ADA/USDT:USDT,0.8241,42331.0,0.824,95202.0,0.8242,37199.0,0.8243,92007.0
1753617199789,11:53:19.789,bitget,ADA/USDT:USDT,0.8241,41153.0,0.824,95202.0,0.8242,46240.0,0.8243,92007.0
1753617199939,11:53:19.939,bitget,ADA/USDT:USDT,0.8241,41153.0,0.824,95202.0,0.8242,45582.0,0.8243,91048.0
1753617200239,11:53:20.239,bitget,ADA/USDT:USDT,0.824,10856.0,0.8239,87277.0,0.8241,70342.0,0.8242,59101.0
1753617200389,11:53:20.389,bitget,ADA/USDT:USDT,0.824,42892.0,0.8239,82343.0,0.8241,42336.0,0.8242,43696.0
1753617200539,11:53:20.539,bitget,ADA/USDT:USDT,0.824,43708.0,0.8239,82343.0,0.8241,41824.0,0.8242,52843.0
1753617200839,11:53:20.839,bitget,ADA/USDT:USDT,0.824,43708.0,0.8239,82343.0,0.8241,41824.0,0.8242,52843.0
1753617200989,11:53:20.989,bitget,ADA/USDT:USDT,0.824,43708.0,0.8239,82343.0,0.8241,15997.0,0.8242,36832.0
1753617201290,11:53:21.290,bitget,ADA/USDT:USDT,0.8242,1178.0,0.8241,26280.0,0.8243,27102.0,0.8244,65478.0
1753617201589,11:53:21.589,bitget,ADA/USDT:USDT,0.8242,27166.0,0.8241,87492.0,0.8243,40832.0,0.8244,87893.0
1753617201740,11:53:21.740,bitget,ADA/USDT:USDT,0.8242,27166.0,0.8241,98702.0,0.8243,58602.0,0.8244,98982.0
1753617201890,11:53:21.890,bitget,ADA/USDT:USDT,0.8242,2389.0,0.8241,97743.0,0.8243,61635.0,0.8244,99941.0
1753617202040,11:53:22.040,bitget,ADA/USDT:USDT,0.8242,3988.0,0.8241,96565.0,0.8243,62241.0,0.8244,103282.0
1753617202190,11:53:22.190,bitget,ADA/USDT:USDT,0.8242,3988.0,0.8241,96565.0,0.8243,62241.0,0.8244,103282.0
1753617202340,11:53:22.340,bitget,ADA/USDT:USDT,0.8242,3988.0,0.8241,87895.0,0.8243,62241.0,0.8244,103282.0
1753617202490,11:53:22.490,bitget,ADA/USDT:USDT,0.8242,1640.0,0.8241,67429.0,0.8243,62241.0,0.8244,103282.0
1753617202640,11:53:22.640,bitget,ADA/USDT:USDT,0.8242,1640.0,0.8241,97347.0,0.8243,62241.0,0.8244,103282.0
1753617202791,11:53:22.791,bitget,ADA/USDT:USDT,0.8241,60158.0,0.824,39817.0,0.8242,955.0,0.8243,62241.0
1753617202941,11:53:22.941,bitget,ADA/USDT:USDT,0.824,1607.0,0.8239,22657.0,0.8241,37436.0,0.8242,78991.0
1753617203091,11:53:23.091,bitget,ADA/USDT:USDT,0.824,2356.0,0.8239,33542.0,0.8241,69096.0,0.8242,62266.0
1753617203391,11:53:23.391,bitget,ADA/USDT:USDT,0.824,41869.0,0.8239,71481.0,0.8241,47535.0,0.8242,61307.0
1753617203541,11:53:23.541,bitget,ADA/USDT:USDT,0.824,41869.0,0.8239,76285.0,0.8241,30401.0,0.8242,61307.0
1753617203691,11:53:23.691,bitget,ADA/USDT:USDT,0.824,41869.0,0.8239,76285.0,0.8241,24219.0,0.8242,61307.0
1753617203991,11:53:23.991,bitget,ADA/USDT:USDT,0.824,19053.0,0.8239,70178.0,0.8241,40841.0,0.8242,51201.0
1753617204141,11:53:24.141,bitget,ADA/USDT:USDT,0.824,19053.0,0.8239,70178.0,0.8241,40841.0,0.8242,51807.0
1753617204291,11:53:24.291,bitget,ADA/USDT:USDT,0.824,19053.0,0.8239,70178.0,0.8241,40841.0,0.8242,55259.0
1753617204441,11:53:24.441,bitget,ADA/USDT:USDT,0.824,19053.0,0.8239,70178.0,0.8241,40841.0,0.8242,55259.0
1753617204592,11:53:24.592,bitget,ADA/USDT:USDT,0.824,19053.0,0.8239,70178.0,0.8241,40841.0,0.8242,55259.0
1753617204742,11:53:24.742,bitget,ADA/USDT:USDT,0.824,19053.0,0.8239,70178.0,0.8241,40841.0,0.8242,55259.0
1753617205792,11:53:25.792,bitget,ADA/USDT:USDT,0.824,60086.0,0.8239,81225.0,0.8241,658.0,0.8242,49746.0
1753617205942,11:53:25.942,bitget,ADA/USDT:USDT,0.8241,1178.0,0.824,82550.0,0.8242,27281.0,0.8243,85736.0
1753617206092,11:53:26.092,bitget,ADA/USDT:USDT,0.8241,56199.0,0.824,126223.0,0.8242,25784.0,0.8243,85078.0
1753617206242,11:53:26.242,bitget,ADA/USDT:USDT,0.8241,56199.0,0.824,115588.0,0.8242,30031.0,0.8243,85078.0
1753617206393,11:53:26.393,bitget,ADA/USDT:USDT,0.8241,56199.0,0.824,115588.0,0.8242,33064.0,0.8243,85078.0
1753617206843,11:53:26.843,bitget,ADA/USDT:USDT,0.8241,56199.0,0.824,115588.0,0.8242,33064.0,0.8243,73986.0
1753617206993,11:53:26.993,bitget,ADA/USDT:USDT,0.8242,1178.0,0.8241,77301.0,0.8243,28993.0,0.8244,50370.0
1753617207143,11:53:27.143,bitget,ADA/USDT:USDT,0.8242,63928.0,0.8241,107119.0,0.8243,20881.0,0.8244,72834.0
1753617207593,11:53:27.593,bitget,ADA/USDT:USDT,0.8242,63928.0,0.8241,95703.0,0.8243,26956.0,0.8244,73161.0
1753617207743,11:53:27.743,bitget,ADA/USDT:USDT,0.8242,27952.0,0.8241,72744.0,0.8243,27614.0,0.8244,85209.0
1753617208194,11:53:28.194,bitget,ADA/USDT:USDT,0.8242,26774.0,0.8241,72744.0,0.8243,41855.0,0.8244,85815.0
1753617208343,11:53:28.343,bitget,ADA/USDT:USDT,0.8242,26774.0,0.8241,72744.0,0.8243,41855.0,0.8244,85815.0
1753617208494,11:53:28.494,bitget,ADA/USDT:USDT,0.8242,26774.0,0.8241,72744.0,0.8243,41855.0,0.8244,81058.0
1753617208944,11:53:28.944,bitget,ADA/USDT:USDT,0.8242,3988.0,0.8241,72744.0,0.8243,41855.0,0.8244,81058.0
1753617209544,11:53:29.544,bitget,ADA/USDT:USDT,0.8242,3988.0,0.8241,67940.0,0.8243,41855.0,0.8244,85005.0
1753617209695,11:53:29.695,bitget,ADA/USDT:USDT,0.8242,3988.0,0.8241,67940.0,0.8243,41855.0,0.8244,85005.0
1753617209995,11:53:29.995,bitget,ADA/USDT:USDT,0.8242,39454.0,0.8241,62824.0,0.8243,18375.0,0.8244,52395.0
1753617210145,11:53:30.145,bitget,ADA/USDT:USDT,0.8242,35216.0,0.8241,62824.0,0.8243,23135.0,0.8244,72331.0
1753617210295,11:53:30.295,bitget,ADA/USDT:USDT,0.8242,57216.0,0.8241,62824.0,0.8243,20723.0,0.8244,72331.0
1753617210445,11:53:30.445,bitget,ADA/USDT:USDT,0.8242,57216.0,0.8241,62824.0,0.8243,25844.0,0.8244,72331.0
1753617210745,11:53:30.745,bitget,ADA/USDT:USDT,0.8242,35216.0,0.8241,61865.0,0.8243,38418.0,0.8244,73290.0
1753617210895,11:53:30.895,bitget,ADA/USDT:USDT,0.8242,35216.0,0.8241,72954.0,0.8243,38418.0,0.8244,80432.0
1753617211045,11:53:31.045,bitget,ADA/USDT:USDT,0.8242,35216.0,0.8241,73913.0,0.8243,38418.0,0.8244,80432.0
1753617211195,11:53:31.195,bitget,ADA/USDT:USDT,0.8242,35216.0,0.8241,73913.0,0.8243,38418.0,0.8244,84379.0
1753617211345,11:53:31.345,bitget,ADA/USDT:USDT,0.8242,57216.0,0.8241,73913.0,0.8243,38418.0,0.8244,84379.0
1753617211496,11:53:31.496,bitget,ADA/USDT:USDT,0.8242,57216.0,0.8241,73913.0,0.8243,38418.0,0.8244,84379.0
1753617211795,11:53:31.795,bitget,ADA/USDT:USDT,0.8243,8076.0,0.8242,57216.0,0.8244,49728.0,0.8245,42138.0
1753617212246,11:53:32.246,bitget,ADA/USDT:USDT,0.8244,1178.0,0.8243,81505.0,0.8245,35125.0,0.8246,57335.0
1753617212696,11:53:32.696,bitget,ADA/USDT:USDT,0.8244,47528.0,0.8243,70470.0,0.8245,41281.0,0.8246,91136.0
1753617212996,11:53:32.996,bitget,ADA/USDT:USDT,0.8244,47528.0,0.8243,69508.0,0.8245,39362.0,0.8246,91136.0
1753617213146,11:53:33.146,bitget,ADA/USDT:USDT,0.8244,69528.0,0.8243,80594.0,0.8245,36273.0,0.8246,88129.0
1753617213447,11:53:33.447,bitget,ADA/USDT:USDT,0.8244,47528.0,0.8243,80594.0,0.8245,38530.0,0.8246,87471.0
1753617213747,11:53:33.747,bitget,ADA/USDT:USDT,0.8244,34384.0,0.8243,80594.0,0.8245,37872.0,0.8246,75498.0
1753617214047,11:53:34.047,bitget,ADA/USDT:USDT,0.8244,34384.0,0.8243,80594.0,0.8245,38530.0,0.8246,75498.0
1753617214647,11:53:34.647,bitget,ADA/USDT:USDT,0.8244,34384.0,0.8243,80594.0,0.8245,38530.0,0.8246,75498.0
1753617214948,11:53:34.948,bitget,ADA/USDT:USDT,0.8244,19045.0,0.8243,79643.0,0.8245,37872.0,0.8246,82642.0
1753617215248,11:53:35.248,bitget,ADA/USDT:USDT,0.8244,19045.0,0.8243,80602.0,0.8245,38530.0,0.8246,69645.0
1753617215548,11:53:35.548,bitget,ADA/USDT:USDT,0.8244,41045.0,0.8243,80602.0,0.8245,28908.0,0.8246,69645.0
1753617215698,11:53:35.698,bitget,ADA/USDT:USDT,0.8244,41045.0,0.8243,80602.0,0.8245,33357.0,0.8246,69645.0
1753617215998,11:53:35.998,bitget,ADA/USDT:USDT,0.8244,41045.0,0.8243,80602.0,0.8245,34106.0,0.8246,70604.0
1753617216298,11:53:36.298,bitget,ADA/USDT:USDT,0.8244,41045.0,0.8243,80602.0,0.8245,34106.0,0.8246,70604.0
1753617216448,11:53:36.448,bitget,ADA/USDT:USDT,0.8244,41045.0,0.8243,80602.0,0.8245,30781.0,0.8246,58559.0
1753617216749,11:53:36.749,bitget,ADA/USDT:USDT,0.8244,41045.0,0.8243,80602.0,0.8245,32716.0,0.8246,59518.0
1753617216899,11:53:36.899,bitget,ADA/USDT:USDT,0.8244,22045.0,0.8243,79643.0,0.8245,32716.0,0.8246,59518.0
1753617217199,11:53:37.199,bitget,ADA/USDT:USDT,0.8244,22045.0,0.8243,79643.0,0.8245,30474.0,0.8246,60124.0
1753617217499,11:53:37.499,bitget,ADA/USDT:USDT,0.8244,22045.0,0.8243,80602.0,0.8245,30474.0,0.8246,71192.0
1753617218099,11:53:38.099,bitget,ADA/USDT:USDT,0.8244,40045.0,0.8243,79643.0,0.8245,30474.0,0.8246,72151.0
1753617218399,11:53:38.399,bitget,ADA/USDT:USDT,0.8244,40045.0,0.8243,80602.0,0.8245,30474.0,0.8246,70586.0
1753617218550,11:53:38.550,bitget,ADA/USDT:USDT,0.8244,55384.0,0.8243,80602.0,0.8245,28126.0,0.8246,54617.0
1753617218850,11:53:38.850,bitget,ADA/USDT:USDT,0.8244,55384.0,0.8243,80602.0,0.8245,10553.0,0.8246,54617.0
1753617219000,11:53:39.000,bitget,ADA/USDT:USDT,0.8244,55384.0,0.8243,80602.0,0.8245,14232.0,0.8246,54617.0
1753617219150,11:53:39.150,bitget,ADA/USDT:USDT,0.8244,55384.0,0.8243,103057.0,0.8245,14232.0,0.8246,70574.0
1753617219300,11:53:39.300,bitget,ADA/USDT:USDT,0.8244,55384.0,0.8243,93877.0,0.8245,14232.0,0.8246,70574.0
1753617219750,11:53:39.750,bitget,ADA/USDT:USDT,0.8244,55384.0,0.8243,97322.0,0.8245,17277.0,0.8246,70574.0
1753617220351,11:53:40.351,bitget,ADA/USDT:USDT,0.8245,6725.0,0.8244,55384.0,0.8246,30326.0,0.8247,32593.0
1753617220951,11:53:40.951,bitget,ADA/USDT:USDT,0.8246,40222.0,0.8245,103746.0,0.8247,19890.0,0.8248,97378.0
1753617221101,11:53:41.101,bitget,ADA/USDT:USDT,0.8246,55279.0,0.8245,130749.0,0.8247,27000.0,0.8248,97378.0
1753617221401,11:53:41.401,bitget,ADA/USDT:USDT,0.8246,55279.0,0.8245,116409.0,0.8247,45003.0,0.8248,89356.0
1753617221851,11:53:41.851,bitget,ADA/USDT:USDT,0.8246,33279.0,0.8245,108189.0,0.8247,45003.0,0.8248,88397.0
1753617222001,11:53:42.001,bitget,ADA/USDT:USDT,0.8246,33279.0,0.8245,108189.0,0.8247,45003.0,0.8248,88397.0
1753617222152,11:53:42.152,bitget,ADA/USDT:USDT,0.8246,33279.0,0.8245,108189.0,0.8247,45003.0,0.8248,89003.0
1753617222302,11:53:42.302,bitget,ADA/USDT:USDT,0.8246,33279.0,0.8245,108189.0,0.8247,45003.0,0.8248,89003.0
1753617222752,11:53:42.752,bitget,ADA/USDT:USDT,0.8246,33279.0,0.8245,121103.0,0.8247,45003.0,0.8248,89003.0
1753617222902,11:53:42.902,bitget,ADA/USDT:USDT,0.8246,48618.0,0.8245,121103.0,0.8247,29120.0,0.8248,88999.0
1753617223652,11:53:43.652,bitget,ADA/USDT:USDT,0.8247,41045.0,0.8246,99342.0,0.8248,31057.0,0.8249,81122.0
1753617223953,11:53:43.953,bitget,ADA/USDT:USDT,0.8247,41045.0,0.8246,99342.0,0.8248,31057.0,0.8249,81122.0
1753617224103,11:53:44.103,bitget,ADA/USDT:USDT,0.8247,1599.0,0.8246,50147.0,0.8248,40851.0,0.8249,82081.0
1753617224403,11:53:44.403,bitget,ADA/USDT:USDT,0.8247,16656.0,0.8246,72597.0,0.8248,45668.0,0.8249,52403.0
1753617224553,11:53:44.553,bitget,ADA/USDT:USDT,0.8247,16656.0,0.8246,72597.0,0.8248,45668.0,0.8249,74755.0
1753617225303,11:53:45.303,bitget,ADA/USDT:USDT,0.8247,39615.0,0.8246,89608.0,0.8248,33570.0,0.8249,58999.0
1753617225453,11:53:45.453,bitget,ADA/USDT:USDT,0.8247,54954.0,0.8246,89608.0,0.8248,33570.0,0.8249,74945.0
1753617227104,11:53:47.104,bitget,ADA/USDT:USDT,0.8248,27691.0,0.8247,70262.0,0.8249,37077.0,0.825,51710.0
1753617227405,11:53:47.405,bitget,ADA/USDT:USDT,0.825,7542.0,0.8249,63342.0,0.8251,28479.0,0.8252,65585.0
1753617227555,11:53:47.555,bitget,ADA/USDT:USDT,0.8249,72751.0,0.8248,78692.0,0.825,34327.0,0.8251,25746.0
1753617227855,11:53:47.855,bitget,ADA/USDT:USDT,0.8249,56813.0,0.8248,81193.0,0.825,28281.0,0.8251,44027.0
1753617228005,11:53:48.005,bitget,ADA/USDT:USDT,0.8249,15057.0,0.8248,47503.0,0.825,63338.0,0.8251,56065.0
1753617228155,11:53:48.155,bitget,ADA/USDT:USDT,0.8249,15057.0,0.8248,50572.0,0.825,63338.0,0.8251,56670.0
1753617228305,11:53:48.305,bitget,ADA/USDT:USDT,0.8248,19185.0,0.8247,91162.0,0.8249,51574.0,0.825,69340.0
1753617228455,11:53:48.455,bitget,ADA/USDT:USDT,0.8248,18296.0,0.8247,91162.0,0.8249,67289.0,0.825,54145.0
1753617228605,11:53:48.605,bitget,ADA/USDT:USDT,0.8248,34479.0,0.8247,91162.0,0.8249,658.0,0.825,54145.0
1753617228755,11:53:48.755,bitget,ADA/USDT:USDT,0.8249,1178.0,0.8248,34479.0,0.825,21680.0,0.8251,30595.0
1753617229055,11:53:49.055,bitget,ADA/USDT:USDT,0.8249,55391.0,0.8248,76915.0,0.825,16183.0,0.8251,60429.0
1753617229506,11:53:49.506,bitget,ADA/USDT:USDT,0.825,32008.0,0.8249,109734.0,0.8251,76518.0,0.8252,74904.0
1753617229656,11:53:49.656,bitget,ADA/USDT:USDT,0.825,30409.0,0.8249,100164.0,0.8251,75913.0,0.8252,75509.0
1753617229956,11:53:49.956,bitget,ADA/USDT:USDT,0.825,62404.0,0.8249,103300.0,0.8251,1599.0,0.8252,64426.0
1753617230106,11:53:50.106,bitget,ADA/USDT:USDT,0.825,62404.0,0.8249,80979.0,0.8251,17782.0,0.8252,41974.0
1753617230256,11:53:50.256,bitget,ADA/USDT:USDT,0.8251,1178.0,0.825,62404.0,0.8252,52821.0,0.8253,49039.0
1753617230406,11:53:50.406,bitget,ADA/USDT:USDT,0.8251,5613.0,0.825,89318.0,0.8252,35895.0,0.8253,38082.0
1753617230706,11:53:50.706,bitget,ADA/USDT:USDT,0.8251,4435.0,0.825,66416.0,0.8252,36608.0,0.8253,90005.0
1753617231007,11:53:51.007,bitget,ADA/USDT:USDT,0.8251,19178.0,0.825,66416.0,0.8252,57666.0,0.8253,78022.0
1753617231157,11:53:51.157,bitget,ADA/USDT:USDT,0.8251,19178.0,0.825,66416.0,0.8252,57666.0,0.8253,78022.0
1753617231307,11:53:51.307,bitget,ADA/USDT:USDT,0.8249,71087.0,0.8248,62827.0,0.8251,57964.0,0.8252,59947.0
1753617231457,11:53:51.457,bitget,ADA/USDT:USDT,0.8249,25681.0,0.8248,61871.0,0.825,46796.0,0.8251,60835.0
1753617231607,11:53:51.607,bitget,ADA/USDT:USDT,0.8248,16568.0,0.8247,130251.0,0.825,67470.0,0.8251,56699.0
1753617231907,11:53:51.907,bitget,ADA/USDT:USDT,0.8248,19686.0,0.8247,99868.0,0.8249,53107.0,0.825,43835.0
1753617232057,11:53:52.057,bitget,ADA/USDT:USDT,0.8248,3239.0,0.8247,83698.0,0.8249,58869.0,0.825,44793.0
1753617232207,11:53:52.207,bitget,ADA/USDT:USDT,0.8248,3239.0,0.8247,88580.0,0.8249,59474.0,0.825,44793.0
1753617232507,11:53:52.507,bitget,ADA/USDT:USDT,0.8248,3239.0,0.8247,66926.0,0.8249,58516.0,0.825,43956.0
1753617232658,11:53:52.658,bitget,ADA/USDT:USDT,0.8247,24280.0,0.8246,79448.0,0.8248,955.0,0.8249,58516.0
1753617232958,11:53:52.958,bitget,ADA/USDT:USDT,0.8247,8.0,0.8246,101886.0,0.8248,63529.0,0.8249,72637.0
1753617233107,11:53:53.107,bitget,ADA/USDT:USDT,0.8247,1607.0,0.8246,86184.0,0.8248,63529.0,0.8249,72637.0
1753617233258,11:53:53.258,bitget,ADA/USDT:USDT,0.8247,1607.0,0.8246,86184.0,0.8248,63529.0,0.8249,72637.0
1753617233409,11:53:53.409,bitget,ADA/USDT:USDT,0.8247,16391.0,0.8246,63746.0,0.8248,61913.0,0.8249,71679.0
1753617233758,11:53:53.758,bitget,ADA/USDT:USDT,0.8247,18304.0,0.8246,46939.0,0.8248,61965.0,0.8249,73243.0
1753617233913,11:53:53.913,bitget,ADA/USDT:USDT,0.8247,8.0,0.8246,46939.0,0.8248,64965.0,0.8249,89174.0
1753617234258,11:53:54.258,bitget,ADA/USDT:USDT,0.8247,3247.0,0.8246,64483.0,0.8248,62571.0,0.8249,88569.0
1753617234445,11:53:54.445,bitget,ADA/USDT:USDT,0.8247,24679.0,0.8246,65442.0,0.8248,61965.0,0.8249,88215.0
1753617234609,11:53:54.609,bitget,ADA/USDT:USDT,0.8247,18304.0,0.8246,65442.0,0.8248,61965.0,0.8249,88215.0
1753617234759,11:53:54.759,bitget,ADA/USDT:USDT,0.8247,3247.0,0.8246,48552.0,0.8248,61965.0,0.8249,89174.0
1753617235209,11:53:55.209,bitget,ADA/USDT:USDT,0.8247,3247.0,0.8246,64477.0,0.8248,62571.0,0.8249,88569.0
1753617235509,11:53:55.509,bitget,ADA/USDT:USDT,0.8247,8.0,0.8245,26559.0,0.8248,62656.0,0.8249,88569.0
1753617235659,11:53:55.659,bitget,ADA/USDT:USDT,0.8245,33062.0,0.8244,56134.0,0.8247,388.0,0.8248,66597.0
1753617235809,11:53:55.809,bitget,ADA/USDT:USDT,0.8245,5069.0,0.8244,94504.0,0.8246,40868.0,0.8247,94952.0
1753617235959,11:53:55.959,bitget,ADA/USDT:USDT,0.8245,77113.0,0.8244,95463.0,0.8246,17192.0,0.8247,79762.0
1753617236109,11:53:56.109,bitget,ADA/USDT:USDT,0.8245,77113.0,0.8244,95463.0,0.8246,17687.0,0.8247,75109.0
1753617236410,11:53:56.410,bitget,ADA/USDT:USDT,0.8245,77113.0,0.8244,95463.0,0.8246,15339.0,0.8247,59406.0
1753617236710,11:53:56.710,bitget,ADA/USDT:USDT,0.8245,77113.0,0.8244,105588.0,0.8246,16938.0,0.8247,70490.0
1753617236860,11:53:56.860,bitget,ADA/USDT:USDT,0.8245,77113.0,0.8244,105588.0,0.8246,16938.0,0.8247,70490.0
1753617237010,11:53:57.010,bitget,ADA/USDT:USDT,0.8245,77113.0,0.8244,106547.0,0.8246,16938.0,0.8247,66548.0
1753617237160,11:53:57.160,bitget,ADA/USDT:USDT,0.8245,77113.0,0.8244,106547.0,0.8246,16938.0,0.8247,39537.0
1753617237460,11:53:57.460,bitget,ADA/USDT:USDT,0.8245,77113.0,0.8244,106547.0,0.8246,16088.0,0.8247,39537.0
1753617237610,11:53:57.610,bitget,ADA/USDT:USDT,0.8245,77113.0,0.8244,106547.0,0.8246,16088.0,0.8247,39537.0
1753617237760,11:53:57.760,bitget,ADA/USDT:USDT,0.8245,77113.0,0.8244,106547.0,0.8246,16088.0,0.8247,39537.0
1753617237910,11:53:57.910,bitget,ADA/USDT:USDT,0.8244,74497.0,0.8243,45799.0,0.8245,749.0,0.8246,40845.0
1753617238061,11:53:58.061,bitget,ADA/USDT:USDT,0.8244,42641.0,0.8243,67738.0,0.8245,3168.0,0.8246,40845.0
1753617238211,11:53:58.211,bitget,ADA/USDT:USDT,0.8244,57698.0,0.8243,62689.0,0.8245,3168.0,0.8246,51930.0
1753617238661,11:53:58.661,bitget,ADA/USDT:USDT,0.8244,57698.0,0.8243,62689.0,0.8245,3019.0,0.8246,36215.0
1753617238811,11:53:58.811,bitget,ADA/USDT:USDT,0.8244,57698.0,0.8243,62689.0,0.8245,5015.0,0.8246,52138.0
1753617239111,11:53:59.111,bitget,ADA/USDT:USDT,0.8244,57699.0,0.8243,62689.0,0.8245,12393.0,0.8246,52138.0
1753617239261,11:53:59.261,bitget,ADA/USDT:USDT,0.8244,57699.0,0.8243,62689.0,0.8245,10397.0,0.8246,59722.0
1753617239411,11:53:59.411,bitget,ADA/USDT:USDT,0.8244,57699.0,0.8243,62689.0,0.8245,2199.0,0.8246,59722.0
1753617239711,11:53:59.711,bitget,ADA/USDT:USDT,0.8244,57699.0,0.8243,61730.0,0.8245,13530.0,0.8246,59174.0
1753617239861,11:53:59.861,bitget,ADA/USDT:USDT,0.8243,63275.0,0.8242,64552.0,0.8245,68730.0,0.8246,59174.0
1753617240012,11:54:00.012,bitget,ADA/USDT:USDT,0.8243,50462.0,0.8242,92445.0,0.8244,32902.0,0.8245,34742.0
1753617240162,11:54:00.162,bitget,ADA/USDT:USDT,0.8243,46198.0,0.8242,91990.0,0.8244,35250.0,0.8245,58439.0
1753617240312,11:54:00.312,bitget,ADA/USDT:USDT,0.8243,57026.0,0.8242,92111.0,0.8244,35250.0,0.8245,58439.0
1753617240462,11:54:00.462,bitget,ADA/USDT:USDT,0.8243,57026.0,0.8242,92111.0,0.8244,35250.0,0.8245,54595.0
1753617240612,11:54:00.612,bitget,ADA/USDT:USDT,0.8243,57026.0,0.8242,92111.0,0.8244,35250.0,0.8245,54595.0
1753617240762,11:54:00.762,bitget,ADA/USDT:USDT,0.8243,57026.0,0.8242,92111.0,0.8244,35250.0,0.8245,54595.0
1753617240912,11:54:00.912,bitget,ADA/USDT:USDT,0.8243,75526.0,0.8242,93070.0,0.8244,30396.0,0.8245,37717.0
1753617241212,11:54:01.212,bitget,ADA/USDT:USDT,0.8244,39202.0,0.8243,92404.0,0.8245,30443.0,0.8246,47920.0
1753617241512,11:54:01.512,bitget,ADA/USDT:USDT,0.8244,16382.0,0.8243,116840.0,0.8245,45500.0,0.8246,48273.0
1753617241813,11:54:01.813,bitget,ADA/USDT:USDT,0.8244,16382.0,0.8243,104288.0,0.8245,44842.0,0.8246,48273.0
1753617241963,11:54:01.963,bitget,ADA/USDT:USDT,0.8243,60520.0,0.8242,77019.0,0.8244,834.0,0.8245,45500.0
1753617242113,11:54:02.113,bitget,ADA/USDT:USDT,0.8243,56085.0,0.8242,91985.0,0.8244,61699.0,0.8245,44531.0
1753617242263,11:54:02.263,bitget,ADA/USDT:USDT,0.8243,56085.0,0.8242,91985.0,0.8244,61699.0,0.8245,43873.0
1753617242413,11:54:02.413,bitget,ADA/USDT:USDT,0.8243,41028.0,0.8242,91985.0,0.8244,61699.0,0.8245,43873.0
1753617242563,11:54:02.563,bitget,ADA/USDT:USDT,0.8242,48103.0,0.8241,33197.0,0.8243,834.0,0.8244,66588.0
1753617242713,11:54:02.713,bitget,ADA/USDT:USDT,0.8242,25868.0,0.8241,60233.0,0.8243,67119.0,0.8244,42862.0
1753617242863,11:54:02.863,bitget,ADA/USDT:USDT,0.8242,43667.0,0.8241,61313.0,0.8243,45550.0,0.8244,42509.0
1753617243013,11:54:03.013,bitget,ADA/USDT:USDT,0.8242,64799.0,0.8241,61313.0,0.8243,43403.0,0.8244,41903.0
1753617243163,11:54:03.163,bitget,ADA/USDT:USDT,0.8242,64799.0,0.8241,61313.0,0.8243,31230.0,0.8244,52992.0
1753617243314,11:54:03.314,bitget,ADA/USDT:USDT,0.8242,64799.0,0.8241,61313.0,0.8243,31230.0,0.8244,52992.0
1753617243464,11:54:03.464,bitget,ADA/USDT:USDT,0.8242,64799.0,0.8241,61313.0,0.8243,33377.0,0.8244,52992.0
1753617243614,11:54:03.614,bitget,ADA/USDT:USDT,0.8242,64799.0,0.8241,61313.0,0.8243,32543.0,0.8244,68909.0
1753617243764,11:54:03.764,bitget,ADA/USDT:USDT,0.8242,58724.0,0.8241,59899.0,0.8243,35064.0,0.8244,69868.0
1753617243914,11:54:03.914,bitget,ADA/USDT:USDT,0.8242,58724.0,0.8241,59778.0,0.8243,35064.0,0.8244,69868.0
1753617244064,11:54:04.064,bitget,ADA/USDT:USDT,0.8242,58724.0,0.8241,60737.0,0.8243,33980.0,0.8244,65938.0
1753617244214,11:54:04.214,bitget,ADA/USDT:USDT,0.8242,58724.0,0.8241,60737.0,0.8243,33980.0,0.8244,65938.0
1753617244364,11:54:04.364,bitget,ADA/USDT:USDT,0.8242,57904.0,0.8241,60737.0,0.8243,33980.0,0.8244,65938.0
1753617244514,11:54:04.514,bitget,ADA/USDT:USDT,0.8242,35465.0,0.8241,59778.0,0.8243,34800.0,0.8244,65938.0
1753617244814,11:54:04.814,bitget,ADA/USDT:USDT,0.8242,20126.0,0.8241,82219.0,0.8243,34800.0,0.8244,65938.0
1753617244965,11:54:04.965,bitget,ADA/USDT:USDT,0.8242,38126.0,0.8241,82219.0,0.8243,34800.0,0.8244,66544.0
1753617245264,11:54:05.264,bitget,ADA/USDT:USDT,0.8242,5069.0,0.8241,93308.0,0.8243,34800.0,0.8244,70475.0
1753617245565,11:54:05.565,bitget,ADA/USDT:USDT,0.8241,52665.0,0.824,91372.0,0.8242,26056.0,0.8243,66386.0
1753617245715,11:54:05.715,bitget,ADA/USDT:USDT,0.8241,52665.0,0.824,91372.0,0.8242,26056.0,0.8243,60595.0
1753617245865,11:54:05.865,bitget,ADA/USDT:USDT,0.8241,52665.0,0.824,91372.0,0.8242,26056.0,0.8243,60595.0
1753617246015,11:54:06.015,bitget,ADA/USDT:USDT,0.8241,46705.0,0.824,91372.0,0.8242,26056.0,0.8243,60595.0
1753617246165,11:54:06.165,bitget,ADA/USDT:USDT,0.8241,1599.0,0.824,64079.0,0.8242,45493.0,0.8243,87268.0
1753617246315,11:54:06.315,bitget,ADA/USDT:USDT,0.8241,4063.0,0.824,102436.0,0.8242,44482.0,0.8243,87268.0
1753617246465,11:54:06.465,bitget,ADA/USDT:USDT,0.8241,4063.0,0.824,102436.0,0.8242,38695.0,0.8243,87389.0
1753617246916,11:54:06.916,bitget,ADA/USDT:USDT,0.8241,4063.0,0.824,113526.0,0.8242,38695.0,0.8243,87389.0
1753617247066,11:54:07.066,bitget,ADA/USDT:USDT,0.824,86520.0,0.8239,103342.0,0.8241,446.0,0.8242,38695.0
1753617247216,11:54:07.216,bitget,ADA/USDT:USDT,0.824,1599.0,0.8239,53707.0,0.8241,85462.0,0.8242,73550.0
1753617247366,11:54:07.366,bitget,ADA/USDT:USDT,0.8239,37780.0,0.8238,79479.0,0.824,834.0,0.8241,86068.0
1753617247516,11:54:07.516,bitget,ADA/USDT:USDT,0.8239,24081.0,0.8238,63276.0,0.824,75909.0,0.8241,59817.0
1753617247666,11:54:07.666,bitget,ADA/USDT:USDT,0.8239,24081.0,0.8238,79192.0,0.824,75909.0,0.8241,60544.0
1753617247816,11:54:07.816,bitget,ADA/USDT:USDT,0.8239,3239.0,0.8238,112728.0,0.824,75909.0,0.8241,94080.0
1753617247966,11:54:07.966,bitget,ADA/USDT:USDT,0.8238,56359.0,0.8237,107580.0,0.824,75909.0,0.8241,93474.0
1753617248116,11:54:08.116,bitget,ADA/USDT:USDT,0.8238,51752.0,0.8237,65853.0,0.8239,47199.0,0.824,72106.0
1753617248266,11:54:08.266,bitget,ADA/USDT:USDT,0.8238,43669.0,0.8237,60420.0,0.8239,35250.0,0.824,85513.0
1753617248416,11:54:08.416,bitget,ADA/USDT:USDT,0.8238,63778.0,0.8237,58590.0,0.8239,35250.0,0.824,72877.0
1753617248567,11:54:08.567,bitget,ADA/USDT:USDT,0.8238,63778.0,0.8237,58590.0,0.8239,35250.0,0.824,83970.0
1753617248717,11:54:08.717,bitget,ADA/USDT:USDT,0.8238,63778.0,0.8237,58590.0,0.8239,35250.0,0.824,83970.0
1753617248867,11:54:08.867,bitget,ADA/USDT:USDT,0.8238,63778.0,0.8237,58590.0,0.8239,35250.0,0.824,83970.0
1753617249017,11:54:09.017,bitget,ADA/USDT:USDT,0.8238,62960.0,0.8237,58590.0,0.8239,36074.0,0.824,83970.0
1753617249167,11:54:09.167,bitget,ADA/USDT:USDT,0.8238,62960.0,0.8237,58590.0,0.8239,37022.0,0.824,83970.0
1753617249317,11:54:09.317,bitget,ADA/USDT:USDT,0.8238,56078.0,0.8237,58590.0,0.8239,37022.0,0.824,83970.0
1753617249467,11:54:09.467,bitget,ADA/USDT:USDT,0.8238,56078.0,0.8237,58590.0,0.8239,37022.0,0.824,83312.0
1753617249617,11:54:09.617,bitget,ADA/USDT:USDT,0.8238,56078.0,0.8237,60005.0,0.8239,36074.0,0.824,63312.0
1753617249767,11:54:09.767,bitget,ADA/USDT:USDT,0.8238,66578.0,0.8237,60005.0,0.8239,36074.0,0.824,63312.0
1753617249917,11:54:09.917,bitget,ADA/USDT:USDT,0.8238,66578.0,0.8237,60005.0,0.8239,36074.0,0.824,63312.0
1753617250067,11:54:10.067,bitget,ADA/USDT:USDT,0.8238,56078.0,0.8237,60005.0,0.8239,35240.0,0.824,63312.0
1753617250218,11:54:10.218,bitget,ADA/USDT:USDT,0.8238,56078.0,0.8237,60005.0,0.8239,35240.0,0.824,63312.0
1753617250368,11:54:10.368,bitget,ADA/USDT:USDT,0.8238,56078.0,0.8237,59550.0,0.8239,35240.0,0.824,63312.0
1753617250518,11:54:10.518,bitget,ADA/USDT:USDT,0.8238,56078.0,0.8237,59550.0,0.8239,35240.0,0.824,63312.0
1753617250668,11:54:10.668,bitget,ADA/USDT:USDT,0.8238,56078.0,0.8237,59550.0,0.8239,35240.0,0.824,63312.0
1753617250818,11:54:10.818,bitget,ADA/USDT:USDT,0.8238,56078.0,0.8237,59550.0,0.8239,35240.0,0.824,63312.0
1753617250968,11:54:10.968,bitget,ADA/USDT:USDT,0.8238,57908.0,0.8237,59550.0,0.8239,35240.0,0.824,63312.0
1753617251118,11:54:11.118,bitget,ADA/USDT:USDT,0.8238,57908.0,0.8237,59550.0,0.8239,35240.0,0.824,63312.0
1753617251268,11:54:11.268,bitget,ADA/USDT:USDT,0.8238,57908.0,0.8237,59550.0,0.8239,35240.0,0.824,63312.0
1753617251418,11:54:11.418,bitget,ADA/USDT:USDT,0.8238,57908.0,0.8237,59550.0,0.8239,35240.0,0.824,63312.0
1753617251568,11:54:11.568,bitget,ADA/USDT:USDT,0.8238,57908.0,0.8237,59550.0,0.8239,35240.0,0.824,63312.0
1753617251718,11:54:11.718,bitget,ADA/USDT:USDT,0.8238,57908.0,0.8237,59550.0,0.8239,35240.0,0.824,63312.0
1753617251868,11:54:11.868,bitget,ADA/USDT:USDT,0.8238,57908.0,0.8237,59550.0,0.8239,35240.0,0.824,63312.0
1753617252019,11:54:12.019,bitget,ADA/USDT:USDT,0.8238,57908.0,0.8237,59550.0,0.8239,33667.0,0.824,63312.0
1753617252169,11:54:12.169,bitget,ADA/USDT:USDT,0.8238,57908.0,0.8237,59550.0,0.8239,33667.0,0.824,63312.0
1753617252319,11:54:12.319,bitget,ADA/USDT:USDT,0.8238,57908.0,0.8237,59550.0,0.8239,33667.0,0.824,63312.0
1753617252469,11:54:12.469,bitget,ADA/USDT:USDT,0.8238,57908.0,0.8237,59550.0,0.8239,30695.0,0.824,63312.0
1753617252619,11:54:12.619,bitget,ADA/USDT:USDT,0.8238,79908.0,0.8237,61380.0,0.8239,30695.0,0.824,63312.0
1753617252919,11:54:12.919,bitget,ADA/USDT:USDT,0.8238,79908.0,0.8237,61380.0,0.8239,30695.0,0.824,59379.0
1753617253069,11:54:13.069,bitget,ADA/USDT:USDT,0.8238,79908.0,0.8237,61380.0,0.8239,30695.0,0.824,59379.0
1753617253219,11:54:13.219,bitget,ADA/USDT:USDT,0.8238,79908.0,0.8237,61380.0,0.8239,30695.0,0.824,59379.0
1753617253369,11:54:13.369,bitget,ADA/USDT:USDT,0.8238,79908.0,0.8237,61380.0,0.8239,30695.0,0.824,59379.0
1753617253670,11:54:13.670,bitget,ADA/USDT:USDT,0.8238,76408.0,0.8237,61380.0,0.8239,29901.0,0.824,59379.0
1753617253820,11:54:13.820,bitget,ADA/USDT:USDT,0.8238,76408.0,0.8237,61380.0,0.8239,29901.0,0.824,59379.0
1753617253970,11:54:13.970,bitget,ADA/USDT:USDT,0.8238,76408.0,0.8237,61380.0,0.8239,29901.0,0.824,59379.0
1753617254120,11:54:14.120,bitget,ADA/USDT:USDT,0.8238,76408.0,0.8237,61380.0,0.8239,29901.0,0.824,59379.0
1753617254270,11:54:14.270,bitget,ADA/USDT:USDT,0.8238,76408.0,0.8237,61380.0,0.8239,29901.0,0.824,59379.0
1753617254420,11:54:14.420,bitget,ADA/USDT:USDT,0.8238,76408.0,0.8237,61380.0,0.8239,29901.0,0.824,59379.0
1753617254570,11:54:14.570,bitget,ADA/USDT:USDT,0.8238,76408.0,0.8237,61380.0,0.8239,29901.0,0.824,59379.0
1753617254720,11:54:14.720,bitget,ADA/USDT:USDT,0.8238,76408.0,0.8237,61380.0,0.8239,29901.0,0.824,59379.0
1753617254870,11:54:14.870,bitget,ADA/USDT:USDT,0.8238,57908.0,0.8237,61380.0,0.8239,29901.0,0.824,59379.0
1753617255020,11:54:15.020,bitget,ADA/USDT:USDT,0.8238,57908.0,0.8237,61380.0,0.8239,30650.0,0.824,59379.0
1753617255170,11:54:15.170,bitget,ADA/USDT:USDT,0.8238,57908.0,0.8237,61380.0,0.8239,30650.0,0.824,59379.0
1753617255321,11:54:15.321,bitget,ADA/USDT:USDT,0.8238,57908.0,0.8237,66184.0,0.8239,13994.0,0.824,32367.0
1753617255621,11:54:15.621,bitget,ADA/USDT:USDT,0.8238,57908.0,0.8237,66184.0,0.8239,14844.0,0.824,67036.0
1753617255771,11:54:15.771,bitget,ADA/USDT:USDT,0.8238,57908.0,0.8237,66184.0,0.8239,14844.0,0.824,67036.0
1753617255921,11:54:15.921,bitget,ADA/USDT:USDT,0.8238,57908.0,0.8237,66184.0,0.8239,14844.0,0.824,67036.0
1753617256071,11:54:16.071,bitget,ADA/USDT:USDT,0.8238,57908.0,0.8237,66184.0,0.8239,14844.0,0.824,67036.0
1753617256221,11:54:16.221,bitget,ADA/USDT:USDT,0.8238,57908.0,0.8237,66184.0,0.8239,14844.0,0.824,67036.0
1753617256371,11:54:16.371,bitget,ADA/USDT:USDT,0.8238,57908.0,0.8237,66184.0,0.8239,30650.0,0.824,67036.0
1753617256521,11:54:16.521,bitget,ADA/USDT:USDT,0.8238,57908.0,0.8237,65224.0,0.8239,30650.0,0.824,67036.0
1753617256821,11:54:16.821,bitget,ADA/USDT:USDT,0.8238,57908.0,0.8237,65224.0,0.8239,30650.0,0.824,67996.0
1753617256971,11:54:16.971,bitget,ADA/USDT:USDT,0.8238,57908.0,0.8237,65224.0,0.8239,30650.0,0.824,67996.0
1753617257122,11:54:17.122,bitget,ADA/USDT:USDT,0.8238,57908.0,0.8237,65224.0,0.8239,30650.0,0.824,67996.0
1753617257272,11:54:17.272,bitget,ADA/USDT:USDT,0.8238,57908.0,0.8237,65224.0,0.8239,30650.0,0.824,67996.0
1753617257572,11:54:17.572,bitget,ADA/USDT:USDT,0.8238,57908.0,0.8237,65224.0,0.8239,29901.0,0.824,67036.0
1753617257722,11:54:17.722,bitget,ADA/USDT:USDT,0.8238,77908.0,0.8237,65224.0,0.8239,29901.0,0.824,67036.0
1753617258022,11:54:18.022,bitget,ADA/USDT:USDT,0.8238,77908.0,0.8237,66184.0,0.8239,29901.0,0.824,67036.0
1753617258172,11:54:18.172,bitget,ADA/USDT:USDT,0.8238,57908.0,0.8237,66184.0,0.8239,29901.0,0.824,67036.0
1753617258322,11:54:18.322,bitget,ADA/USDT:USDT,0.8238,57908.0,0.8237,66184.0,0.8239,29901.0,0.824,67036.0
1753617258472,11:54:18.472,bitget,ADA/USDT:USDT,0.8238,57908.0,0.8237,66184.0,0.8239,29901.0,0.824,67036.0
1753617258772,11:54:18.772,bitget,ADA/USDT:USDT,0.8238,57908.0,0.8237,66184.0,0.8239,29901.0,0.824,67036.0
1753617258922,11:54:18.922,bitget,ADA/USDT:USDT,0.8238,57908.0,0.8237,66184.0,0.8239,29901.0,0.824,67036.0
1753617259073,11:54:19.073,bitget,ADA/USDT:USDT,0.8238,57908.0,0.8237,66184.0,0.8239,29901.0,0.824,67036.0
1753617259223,11:54:19.223,bitget,ADA/USDT:USDT,0.8238,57908.0,0.8237,66184.0,0.8239,29901.0,0.824,67036.0
1753617259373,11:54:19.373,bitget,ADA/USDT:USDT,0.8238,57908.0,0.8237,66184.0,0.8239,29901.0,0.824,67036.0
1753617259523,11:54:19.523,bitget,ADA/USDT:USDT,0.8238,57908.0,0.8237,66184.0,0.8239,29901.0,0.824,67036.0
1753617259673,11:54:19.673,bitget,ADA/USDT:USDT,0.8238,57908.0,0.8237,66184.0,0.8239,29901.0,0.824,67036.0
1753617259823,11:54:19.823,bitget,ADA/USDT:USDT,0.8238,57908.0,0.8237,66184.0,0.8239,29901.0,0.824,67036.0
1753617259973,11:54:19.973,bitget,ADA/USDT:USDT,0.8238,57908.0,0.8237,66184.0,0.8239,30650.0,0.824,67036.0
1753617260123,11:54:20.123,bitget,ADA/USDT:USDT,0.8238,57908.0,0.8237,66184.0,0.8239,30650.0,0.824,67036.0
1753617260273,11:54:20.273,bitget,ADA/USDT:USDT,0.8238,57908.0,0.8237,66184.0,0.8239,30650.0,0.824,67036.0
1753617260423,11:54:20.423,bitget,ADA/USDT:USDT,0.8238,57908.0,0.8237,66184.0,0.8239,30650.0,0.824,67036.0
1753617260573,11:54:20.573,bitget,ADA/USDT:USDT,0.8238,57908.0,0.8237,66184.0,0.8239,30650.0,0.824,67036.0
1753617260724,11:54:20.724,bitget,ADA/USDT:USDT,0.8238,57908.0,0.8237,66184.0,0.8239,30650.0,0.824,67036.0
1753617260874,11:54:20.874,bitget,ADA/USDT:USDT,0.8238,57908.0,0.8237,66184.0,0.8239,30650.0,0.824,67036.0
1753617261024,11:54:21.024,bitget,ADA/USDT:USDT,0.8238,57908.0,0.8237,66184.0,0.8239,30650.0,0.824,67036.0
1753617261173,11:54:21.173,bitget,ADA/USDT:USDT,0.8238,57908.0,0.8237,66184.0,0.8239,30650.0,0.824,67036.0
1753617261323,11:54:21.323,bitget,ADA/USDT:USDT,0.8238,57908.0,0.8237,66184.0,0.8239,30650.0,0.824,67036.0
1753617261474,11:54:21.474,bitget,ADA/USDT:USDT,0.8238,57908.0,0.8237,66184.0,0.8239,30650.0,0.824,67036.0
1753617261624,11:54:21.624,bitget,ADA/USDT:USDT,0.8238,70908.0,0.8237,66184.0,0.8239,30650.0,0.824,67036.0
1753617261774,11:54:21.774,bitget,ADA/USDT:USDT,0.8238,70908.0,0.8237,66184.0,0.8239,30650.0,0.824,67036.0
1753617261924,11:54:21.924,bitget,ADA/USDT:USDT,0.8238,70908.0,0.8237,66184.0,0.8239,30650.0,0.824,67036.0
1753617262074,11:54:22.074,bitget,ADA/USDT:USDT,0.8238,70908.0,0.8237,66184.0,0.8239,30650.0,0.824,67036.0
1753617262374,11:54:22.374,bitget,ADA/USDT:USDT,0.8238,70915.0,0.8237,66184.0,0.8239,30650.0,0.824,67036.0
1753617262525,11:54:22.525,bitget,ADA/USDT:USDT,0.8238,70915.0,0.8237,61945.0,0.8239,30650.0,0.824,67036.0
1753617262675,11:54:22.675,bitget,ADA/USDT:USDT,0.8238,57915.0,0.8237,66039.0,0.8239,30650.0,0.824,67036.0
1753617262825,11:54:22.825,bitget,ADA/USDT:USDT,0.8238,57915.0,0.8237,66039.0,0.8239,30650.0,0.824,67036.0
1753617262975,11:54:22.975,bitget,ADA/USDT:USDT,0.8238,57915.0,0.8237,66039.0,0.8239,30650.0,0.824,67036.0
1753617263125,11:54:23.125,bitget,ADA/USDT:USDT,0.8238,57915.0,0.8237,66039.0,0.8239,30650.0,0.824,67036.0
1753617263275,11:54:23.275,bitget,ADA/USDT:USDT,0.8238,57915.0,0.8237,66039.0,0.8239,30650.0,0.824,55942.0
1753617263425,11:54:23.425,bitget,ADA/USDT:USDT,0.8239,17071.0,0.8238,57915.0,0.824,40011.0,0.8241,86204.0
1753617263575,11:54:23.575,bitget,ADA/USDT:USDT,0.8239,42310.0,0.8238,103616.0,0.824,24586.0,0.8241,87163.0
1753617263725,11:54:23.725,bitget,ADA/USDT:USDT,0.8239,32748.0,0.8238,94239.0,0.824,25244.0,0.8241,86557.0
1753617263875,11:54:23.875,bitget,ADA/USDT:USDT,0.8239,32748.0,0.8238,94239.0,0.824,40301.0,0.8241,86557.0
1753617264025,11:54:24.025,bitget,ADA/USDT:USDT,0.8239,10748.0,0.8238,78300.0,0.824,40301.0,0.8241,87163.0
1753617264175,11:54:24.175,bitget,ADA/USDT:USDT,0.8239,3239.0,0.8238,80633.0,0.824,40301.0,0.8241,87163.0
1753617264325,11:54:24.325,bitget,ADA/USDT:USDT,0.8239,3239.0,0.8238,96570.0,0.824,40907.0,0.8241,86557.0
1753617264476,11:54:24.476,bitget,ADA/USDT:USDT,0.8239,3239.0,0.8238,90273.0,0.824,40907.0,0.8241,86557.0
1753617264626,11:54:24.626,bitget,ADA/USDT:USDT,0.8239,25239.0,0.8238,97210.0,0.824,40301.0,0.8241,86557.0
1753617264776,11:54:24.776,bitget,ADA/USDT:USDT,0.8239,25239.0,0.8238,97210.0,0.824,39643.0,0.8241,83231.0
1753617264926,11:54:24.926,bitget,ADA/USDT:USDT,0.8239,25239.0,0.8238,97210.0,0.824,39643.0,0.8241,82272.0
1753617265076,11:54:25.076,bitget,ADA/USDT:USDT,0.8239,25239.0,0.8238,97210.0,0.824,39643.0,0.8241,82272.0
1753617265226,11:54:25.226,bitget,ADA/USDT:USDT,0.8239,25239.0,0.8238,97210.0,0.824,39643.0,0.8241,82272.0
1753617265376,11:54:25.376,bitget,ADA/USDT:USDT,0.8239,25239.0,0.8238,98169.0,0.824,40301.0,0.8241,82272.0
1753617265676,11:54:25.676,bitget,ADA/USDT:USDT,0.8239,56471.0,0.8238,94607.0,0.824,37220.0,0.8241,81666.0
1753617265826,11:54:25.826,bitget,ADA/USDT:USDT,0.824,19210.0,0.8239,56471.0,0.8241,10320.0,0.8242,62031.0
1753617265976,11:54:25.976,bitget,ADA/USDT:USDT,0.824,64140.0,0.8239,102973.0,0.8241,3172.0,0.8242,67922.0
1753617266127,11:54:26.127,bitget,ADA/USDT:USDT,0.824,63304.0,0.8239,102973.0,0.8241,3172.0,0.8242,69251.0
1753617266427,11:54:26.427,bitget,ADA/USDT:USDT,0.824,62345.0,0.8239,90538.0,0.8241,18229.0,0.8242,81302.0
1753617266577,11:54:26.577,bitget,ADA/USDT:USDT,0.824,62345.0,0.8239,89579.0,0.8241,24508.0,0.8242,81302.0
1753617266727,11:54:26.727,bitget,ADA/USDT:USDT,0.824,62345.0,0.8239,89579.0,0.8241,24508.0,0.8242,81302.0
1753617266877,11:54:26.877,bitget,ADA/USDT:USDT,0.824,62345.0,0.8239,89579.0,0.8241,24508.0,0.8242,81302.0
1753617267027,11:54:27.027,bitget,ADA/USDT:USDT,0.824,62338.0,0.8239,89579.0,0.8241,18433.0,0.8242,81302.0
1753617267177,11:54:27.177,bitget,ADA/USDT:USDT,0.824,62338.0,0.8239,89579.0,0.8241,22394.0,0.8242,81302.0
1753617267327,11:54:27.327,bitget,ADA/USDT:USDT,0.824,62338.0,0.8239,91409.0,0.8241,22394.0,0.8242,81302.0
1753617267627,11:54:27.627,bitget,ADA/USDT:USDT,0.824,62338.0,0.8239,91409.0,0.8241,24646.0,0.8242,81302.0
1753617267778,11:54:27.778,bitget,ADA/USDT:USDT,0.8241,611.0,0.824,84787.0,0.8242,30571.0,0.8243,90974.0
1753617267928,11:54:27.928,bitget,ADA/USDT:USDT,0.8241,70793.0,0.824,117934.0,0.8242,19173.0,0.8243,41563.0
1753617268078,11:54:28.078,bitget,ADA/USDT:USDT,0.8241,69957.0,0.824,107221.0,0.8242,43646.0,0.8243,63406.0
1753617268228,11:54:28.228,bitget,ADA/USDT:USDT,0.8241,69957.0,0.824,107221.0,0.8242,46679.0,0.8243,63406.0
1753617268378,11:54:28.378,bitget,ADA/USDT:USDT,0.8241,69957.0,0.824,107221.0,0.8242,46679.0,0.8243,63406.0
1753617268528,11:54:28.528,bitget,ADA/USDT:USDT,0.8241,69957.0,0.824,107221.0,0.8242,46679.0,0.8243,79347.0
1753617268678,11:54:28.678,bitget,ADA/USDT:USDT,0.8241,69957.0,0.824,100520.0,0.8242,46679.0,0.8243,72976.0
1753617268828,11:54:28.828,bitget,ADA/USDT:USDT,0.8241,69957.0,0.824,91020.0,0.8242,46679.0,0.8243,77549.0
1753617268978,11:54:28.978,bitget,ADA/USDT:USDT,0.8241,69957.0,0.824,78520.0,0.8242,46679.0,0.8243,73814.0
1753617269128,11:54:29.128,bitget,ADA/USDT:USDT,0.8241,25676.0,0.824,56071.0,0.8242,47337.0,0.8243,54979.0
1753617269278,11:54:29.278,bitget,ADA/USDT:USDT,0.8241,10008.0,0.824,78520.0,0.8242,47337.0,0.8243,73814.0
1753617269428,11:54:29.428,bitget,ADA/USDT:USDT,0.8241,10008.0,0.824,78520.0,0.8242,47337.0,0.8243,82246.0
1753617269579,11:54:29.579,bitget,ADA/USDT:USDT,0.8241,10008.0,0.824,78520.0,0.8242,47943.0,0.8243,85933.0
1753617269729,11:54:29.729,bitget,ADA/USDT:USDT,0.824,61411.0,0.8239,51208.0,0.8241,841.0,0.8242,47285.0
1753617269879,11:54:29.879,bitget,ADA/USDT:USDT,0.824,41027.0,0.8239,67156.0,0.8241,24069.0,0.8242,55212.0
1753617270179,11:54:30.179,bitget,ADA/USDT:USDT,0.824,56893.0,0.8239,68115.0,0.8241,25668.0,0.8242,44531.0
1753617270329,11:54:30.329,bitget,ADA/USDT:USDT,0.824,56893.0,0.8239,68115.0,0.8241,25668.0,0.8242,44531.0
1753617270479,11:54:30.479,bitget,ADA/USDT:USDT,0.8239,61182.0,0.8238,75447.0,0.824,5273.0,0.8241,52116.0
1753617270629,11:54:30.629,bitget,ADA/USDT:USDT,0.8239,45234.0,0.8238,91397.0,0.824,19041.0,0.8241,64095.0
1753617270779,11:54:30.779,bitget,ADA/USDT:USDT,0.8241,1178.0,0.824,17456.0,0.8242,54002.0,0.8243,24722.0
1753617270929,11:54:30.929,bitget,ADA/USDT:USDT,0.8241,13144.0,0.824,85573.0,0.8242,50044.0,0.8243,57915.0
1753617271079,11:54:31.079,bitget,ADA/USDT:USDT,0.8241,13144.0,0.824,106757.0,0.8242,47803.0,0.8243,55801.0
1753617271230,11:54:31.230,bitget,ADA/USDT:USDT,0.8241,13144.0,0.824,106757.0,0.8242,43445.0,0.8243,78249.0
1753617271380,11:54:31.380,bitget,ADA/USDT:USDT,0.8241,13144.0,0.824,106757.0,0.8242,43445.0,0.8243,79208.0
1753617271530,11:54:31.530,bitget,ADA/USDT:USDT,0.8241,13144.0,0.824,106757.0,0.8242,43445.0,0.8243,79208.0
1753617271680,11:54:31.680,bitget,ADA/USDT:USDT,0.8241,13144.0,0.824,106757.0,0.8242,43445.0,0.8243,79208.0
1753617271830,11:54:31.830,bitget,ADA/USDT:USDT,0.8241,13144.0,0.824,99291.0,0.8242,43445.0,0.8243,79208.0
1753617272130,11:54:32.130,bitget,ADA/USDT:USDT,0.8241,16383.0,0.824,97651.0,0.8242,43445.0,0.8243,78128.0
1753617272280,11:54:32.280,bitget,ADA/USDT:USDT,0.8241,16383.0,0.824,97651.0,0.8242,43445.0,0.8243,78128.0
1753617272430,11:54:32.430,bitget,ADA/USDT:USDT,0.8241,16383.0,0.824,97651.0,0.8242,43445.0,0.8243,78128.0
1753617272580,11:54:32.580,bitget,ADA/USDT:USDT,0.8241,16383.0,0.824,97651.0,0.8242,43445.0,0.8243,78128.0
1753617272730,11:54:32.730,bitget,ADA/USDT:USDT,0.8241,16383.0,0.824,97651.0,0.8242,43445.0,0.8243,78128.0
1753617272881,11:54:32.881,bitget,ADA/USDT:USDT,0.8241,16383.0,0.824,97651.0,0.8242,43445.0,0.8243,78128.0
1753617273031,11:54:33.031,bitget,ADA/USDT:USDT,0.8241,16383.0,0.824,97651.0,0.8242,43445.0,0.8243,78128.0
1753617273181,11:54:33.181,bitget,ADA/USDT:USDT,0.8241,10008.0,0.824,97651.0,0.8242,43445.0,0.8243,79087.0
1753617273331,11:54:33.331,bitget,ADA/USDT:USDT,0.8241,10008.0,0.824,97651.0,0.8242,43445.0,0.8243,79087.0
1753617273481,11:54:33.481,bitget,ADA/USDT:USDT,0.8239,31839.0,0.8238,57710.0,0.8241,841.0,0.8242,63445.0
1753617273631,11:54:33.631,bitget,ADA/USDT:USDT,0.8239,27515.0,0.8238,78052.0,0.824,35591.0,0.8241,60096.0
1753617273781,11:54:33.781,bitget,ADA/USDT:USDT,0.8239,5069.0,0.8238,84437.0,0.824,35591.0,0.8241,76647.0
1753617273931,11:54:33.931,bitget,ADA/USDT:USDT,0.8239,3239.0,0.8238,91024.0,0.824,38625.0,0.8241,76647.0
1753617274081,11:54:34.081,bitget,ADA/USDT:USDT,0.8239,4075.0,0.8238,102114.0,0.824,38625.0,0.8241,76768.0
1753617274231,11:54:34.231,bitget,ADA/USDT:USDT,0.8239,4075.0,0.8238,93386.0,0.824,38625.0,0.8241,75809.0
1753617274381,11:54:34.381,bitget,ADA/USDT:USDT,0.8239,18134.0,0.8238,93386.0,0.824,38625.0,0.8241,76768.0
1753617274531,11:54:34.531,bitget,ADA/USDT:USDT,0.8239,46903.0,0.8238,93386.0,0.824,37967.0,0.8241,87861.0
1753617274832,11:54:34.832,bitget,ADA/USDT:USDT,0.8239,24903.0,0.8238,93386.0,0.824,38625.0,0.8241,87861.0
1753617274982,11:54:34.982,bitget,ADA/USDT:USDT,0.8239,24903.0,0.8238,93386.0,0.824,38625.0,0.8241,87861.0
1753617275282,11:54:35.282,bitget,ADA/USDT:USDT,0.8239,43272.0,0.8238,94345.0,0.824,33151.0,0.8241,39864.0
1753617275432,11:54:35.432,bitget,ADA/USDT:USDT,0.824,1178.0,0.8239,66971.0,0.8241,39137.0,0.8242,74433.0
1753617275582,11:54:35.582,bitget,ADA/USDT:USDT,0.824,39561.0,0.8239,111371.0,0.8241,29402.0,0.8242,74433.0
1753617275732,11:54:35.732,bitget,ADA/USDT:USDT,0.824,67792.0,0.8239,87515.0,0.8241,16924.0,0.8242,57876.0
1753617275882,11:54:35.882,bitget,ADA/USDT:USDT,0.824,67792.0,0.8239,87515.0,0.8241,16924.0,0.8242,57876.0
1753617276032,11:54:36.032,bitget,ADA/USDT:USDT,0.824,67792.0,0.8239,87515.0,0.8241,19958.0,0.8242,57876.0
1753617276182,11:54:36.182,bitget,ADA/USDT:USDT,0.824,67792.0,0.8239,87625.0,0.8241,19958.0,0.8242,73826.0
1753617276333,11:54:36.333,bitget,ADA/USDT:USDT,0.824,67792.0,0.8239,98717.0,0.8241,21557.0,0.8242,73826.0
1753617276483,11:54:36.483,bitget,ADA/USDT:USDT,0.824,66833.0,0.8239,98717.0,0.8241,24591.0,0.8242,74785.0
1753617276633,11:54:36.633,bitget,ADA/USDT:USDT,0.824,66833.0,0.8239,98717.0,0.8241,27204.0,0.8242,74785.0
1753617276933,11:54:36.933,bitget,ADA/USDT:USDT,0.824,59280.0,0.8239,64556.0,0.8241,42663.0,0.8242,74785.0
1753617277233,11:54:37.233,bitget,ADA/USDT:USDT,0.824,59280.0,0.8239,64556.0,0.8241,42663.0,0.8242,74785.0
1753617277383,11:54:37.383,bitget,ADA/USDT:USDT,0.824,59280.0,0.8239,75648.0,0.8241,42663.0,0.8242,74785.0
1753617277533,11:54:37.533,bitget,ADA/USDT:USDT,0.824,37280.0,0.8239,75648.0,0.8241,43321.0,0.8242,74127.0
1753617277683,11:54:37.683,bitget,ADA/USDT:USDT,0.824,13573.0,0.8239,48610.0,0.8241,48125.0,0.8242,74127.0
1753617277833,11:54:37.833,bitget,ADA/USDT:USDT,0.8239,47802.0,0.8238,97092.0,0.8241,48125.0,0.8242,74733.0
1753617277983,11:54:37.983,bitget,ADA/USDT:USDT,0.8239,51455.0,0.8238,97814.0,0.824,39941.0,0.8241,51222.0
1753617278133,11:54:38.133,bitget,ADA/USDT:USDT,0.8239,27177.0,0.8238,113033.0,0.824,42297.0,0.8241,58492.0
1753617278284,11:54:38.284,bitget,ADA/USDT:USDT,0.8239,27177.0,0.8238,113033.0,0.824,42297.0,0.8241,58492.0
1753617278433,11:54:38.433,bitget,ADA/USDT:USDT,0.8239,3429.0,0.8238,85876.0,0.824,43914.0,0.8241,73929.0
1753617278584,11:54:38.584,bitget,ADA/USDT:USDT,0.8239,1599.0,0.8238,101825.0,0.824,55239.0,0.8241,73929.0
1753617278734,11:54:38.734,bitget,ADA/USDT:USDT,0.8239,1599.0,0.8238,101825.0,0.824,55239.0,0.8241,73929.0
1753617278884,11:54:38.884,bitget,ADA/USDT:USDT,0.8238,69366.0,0.8237,44106.0,0.8239,388.0,0.824,55845.0
1753617279034,11:54:39.034,bitget,ADA/USDT:USDT,0.8238,1599.0,0.8237,47954.0,0.8239,81440.0,0.824,61963.0
1753617279184,11:54:39.184,bitget,ADA/USDT:USDT,0.8238,1599.0,0.8237,63903.0,0.8239,81440.0,0.824,32728.0
1753617279334,11:54:39.334,bitget,ADA/USDT:USDT,0.8238,34443.0,0.8237,92111.0,0.8239,16838.0,0.824,40947.0
1753617279484,11:54:39.484,bitget,ADA/USDT:USDT,0.8238,62518.0,0.8237,88843.0,0.824,40797.0,0.8241,69772.0
1753617279634,11:54:39.634,bitget,ADA/USDT:USDT,0.8239,11131.0,0.8238,57600.0,0.824,25229.0,0.8241,94046.0
1753617279784,11:54:39.784,bitget,ADA/USDT:USDT,0.8239,11131.0,0.8238,73562.0,0.824,25229.0,0.8241,95005.0
1753617279935,11:54:39.935,bitget,ADA/USDT:USDT,0.8239,11131.0,0.8238,73562.0,0.824,25958.0,0.8241,95005.0
1753617280085,11:54:40.085,bitget,ADA/USDT:USDT,0.8239,11131.0,0.8238,74457.0,0.824,46030.0,0.8241,95005.0
1753617280384,11:54:40.384,bitget,ADA/USDT:USDT,0.8238,42348.0,0.8237,93246.0,0.8239,16180.0,0.824,76515.0
1753617280535,11:54:40.535,bitget,ADA/USDT:USDT,0.8238,57977.0,0.8237,88452.0,0.8239,15339.0,0.824,43922.0
1753617280835,11:54:40.835,bitget,ADA/USDT:USDT,0.8238,57405.0,0.8237,88452.0,0.8239,15339.0,0.824,43922.0
1753617280985,11:54:40.985,bitget,ADA/USDT:USDT,0.8238,57405.0,0.8237,88222.0,0.8239,16938.0,0.824,43922.0
1753617281135,11:54:41.135,bitget,ADA/USDT:USDT,0.8238,35405.0,0.8237,88222.0,0.8239,15339.0,0.824,43922.0
1753617281435,11:54:41.435,bitget,ADA/USDT:USDT,0.8238,59763.0,0.8237,88222.0,0.8239,15339.0,0.824,49035.0
1753617281585,11:54:41.585,bitget,ADA/USDT:USDT,0.8238,59763.0,0.8237,88222.0,0.8239,15339.0,0.824,49035.0
1753617282036,11:54:42.036,bitget,ADA/USDT:USDT,0.8238,38547.0,0.8237,87262.0,0.8239,32803.0,0.824,49995.0
1753617282186,11:54:42.186,bitget,ADA/USDT:USDT,0.8238,36955.0,0.8237,87262.0,0.8239,33552.0,0.824,49995.0
1753617282336,11:54:42.336,bitget,ADA/USDT:USDT,0.8238,36955.0,0.8237,87262.0,0.8239,33552.0,0.824,49995.0
1753617282486,11:54:42.486,bitget,ADA/USDT:USDT,0.8238,18578.0,0.8237,87096.0,0.8239,41052.0,0.824,49995.0
1753617282636,11:54:42.636,bitget,ADA/USDT:USDT,0.8238,18578.0,0.8237,87096.0,0.8239,41052.0,0.824,50601.0
1753617282936,11:54:42.936,bitget,ADA/USDT:USDT,0.8238,18578.0,0.8237,87096.0,0.8239,41052.0,0.824,50601.0
1753617283086,11:54:43.086,bitget,ADA/USDT:USDT,0.8238,18578.0,0.8237,87096.0,0.8239,41052.0,0.824,50601.0
1753617283236,11:54:43.236,bitget,ADA/USDT:USDT,0.8238,18578.0,0.8237,87096.0,0.8239,41052.0,0.824,50601.0
1753617283386,11:54:43.386,bitget,ADA/USDT:USDT,0.8238,40578.0,0.8237,86641.0,0.8239,33552.0,0.824,50601.0
1753617283537,11:54:43.537,bitget,ADA/USDT:USDT,0.8238,25578.0,0.8237,86641.0,0.8239,33552.0,0.824,49995.0
1753617283687,11:54:43.687,bitget,ADA/USDT:USDT,0.8238,25578.0,0.8237,86641.0,0.8239,33552.0,0.824,50601.0
1753617283837,11:54:43.837,bitget,ADA/USDT:USDT,0.8238,26560.0,0.8237,87601.0,0.8239,28939.0,0.824,60735.0
1753617283987,11:54:43.987,bitget,ADA/USDT:USDT,0.8238,41617.0,0.8237,87601.0,0.8239,28939.0,0.824,60129.0
1753617284137,11:54:44.137,bitget,ADA/USDT:USDT,0.8238,41617.0,0.8237,87601.0,0.8239,28939.0,0.824,60129.0
1753617284287,11:54:44.287,bitget,ADA/USDT:USDT,0.8238,41617.0,0.8237,87601.0,0.8239,28939.0,0.824,60129.0
1753617284437,11:54:44.437,bitget,ADA/USDT:USDT,0.8238,41617.0,0.8237,87601.0,0.8239,28131.0,0.824,60129.0
1753617284587,11:54:44.587,bitget,ADA/USDT:USDT,0.8238,41617.0,0.8237,87601.0,0.8239,28131.0,0.824,60129.0
1753617284737,11:54:44.737,bitget,ADA/USDT:USDT,0.8238,41617.0,0.8237,87601.0,0.8239,28131.0,0.824,61089.0
1753617284887,11:54:44.887,bitget,ADA/USDT:USDT,0.8238,40635.0,0.8237,87601.0,0.8239,28131.0,0.824,61089.0
1753617285037,11:54:45.037,bitget,ADA/USDT:USDT,0.8238,40635.0,0.8237,87601.0,0.8239,28131.0,0.824,61089.0
1753617285187,11:54:45.187,bitget,ADA/USDT:USDT,0.8238,40635.0,0.8237,87601.0,0.8239,28131.0,0.824,60129.0
1753617285338,11:54:45.338,bitget,ADA/USDT:USDT,0.8238,47635.0,0.8237,87601.0,0.8239,28131.0,0.824,60129.0
1753617285488,11:54:45.488,bitget,ADA/USDT:USDT,0.8238,33635.0,0.8237,87601.0,0.8239,28131.0,0.824,60129.0
1753617285638,11:54:45.638,bitget,ADA/USDT:USDT,0.8238,33635.0,0.8237,87601.0,0.8239,28131.0,0.824,60129.0
1753617285788,11:54:45.788,bitget,ADA/USDT:USDT,0.8238,33635.0,0.8237,87601.0,0.8239,28131.0,0.824,60129.0
1753617285938,11:54:45.938,bitget,ADA/USDT:USDT,0.8238,33635.0,0.8237,87601.0,0.8239,28131.0,0.824,60129.0
1753617286088,11:54:46.088,bitget,ADA/USDT:USDT,0.8238,33635.0,0.8237,86641.0,0.8239,28131.0,0.824,61089.0
1753617286238,11:54:46.238,bitget,ADA/USDT:USDT,0.8238,33635.0,0.8237,70689.0,0.8239,28789.0,0.824,61089.0
1753617286388,11:54:46.388,bitget,ADA/USDT:USDT,0.8238,33635.0,0.8237,70689.0,0.8239,29601.0,0.824,61089.0
1753617286688,11:54:46.688,bitget,ADA/USDT:USDT,0.8238,33635.0,0.8237,86648.0,0.8239,29601.0,0.824,61089.0
1753617286839,11:54:46.839,bitget,ADA/USDT:USDT,0.8238,18578.0,0.8237,86648.0,0.8239,29601.0,0.824,61089.0
1753617286989,11:54:46.989,bitget,ADA/USDT:USDT,0.8238,18578.0,0.8237,86648.0,0.8239,29601.0,0.824,61695.0
1753617287139,11:54:47.139,bitget,ADA/USDT:USDT,0.8238,18578.0,0.8237,86648.0,0.8239,29601.0,0.824,61695.0
1753617287289,11:54:47.289,bitget,ADA/USDT:USDT,0.8238,41390.0,0.8237,87608.0,0.8239,29601.0,0.824,61695.0
1753617287439,11:54:47.439,bitget,ADA/USDT:USDT,0.8238,56447.0,0.8237,87608.0,0.8239,29601.0,0.824,61089.0
1753617287589,11:54:47.589,bitget,ADA/USDT:USDT,0.8238,56447.0,0.8237,87608.0,0.8239,29601.0,0.824,61089.0
1753617287739,11:54:47.739,bitget,ADA/USDT:USDT,0.8238,34447.0,0.8237,87608.0,0.8239,29601.0,0.824,61089.0
1753617287889,11:54:47.889,bitget,ADA/USDT:USDT,0.8238,33635.0,0.8237,87608.0,0.8239,29601.0,0.824,61089.0
1753617288039,11:54:48.039,bitget,ADA/USDT:USDT,0.8238,1640.0,0.8237,48957.0,0.8239,34405.0,0.824,61210.0
1753617288189,11:54:48.189,bitget,ADA/USDT:USDT,0.8238,16383.0,0.8237,80896.0,0.8239,36781.0,0.824,65739.0
1753617288339,11:54:48.339,bitget,ADA/USDT:USDT,0.8238,32008.0,0.8237,77627.0,0.8239,37439.0,0.824,65739.0
1753617288489,11:54:48.489,bitget,ADA/USDT:USDT,0.8238,32008.0,0.8237,77627.0,0.8239,37439.0,0.824,64779.0
1753617288640,11:54:48.640,bitget,ADA/USDT:USDT,0.8238,10008.0,0.8237,77627.0,0.8239,37439.0,0.824,64173.0
1753617288790,11:54:48.790,bitget,ADA/USDT:USDT,0.8238,10008.0,0.8237,77627.0,0.8239,37439.0,0.824,64779.0
1753617288940,11:54:48.940,bitget,ADA/USDT:USDT,0.8238,10008.0,0.8237,77627.0,0.8239,37439.0,0.824,64779.0
1753617289090,11:54:49.090,bitget,ADA/USDT:USDT,0.8238,10008.0,0.8237,77627.0,0.8239,37439.0,0.824,64779.0
1753617289240,11:54:49.240,bitget,ADA/USDT:USDT,0.8238,32662.0,0.8237,78587.0,0.8239,34405.0,0.824,64779.0
1753617289390,11:54:49.390,bitget,ADA/USDT:USDT,0.8238,67619.0,0.8237,78587.0,0.8239,37439.0,0.824,64173.0
1753617289540,11:54:49.540,bitget,ADA/USDT:USDT,0.8238,67619.0,0.8237,78587.0,0.8239,36627.0,0.824,65133.0
1753617289690,11:54:49.690,bitget,ADA/USDT:USDT,0.8238,67619.0,0.8237,78708.0,0.824,60129.0,0.8241,90527.0
1753617289840,11:54:49.840,bitget,ADA/USDT:USDT,0.8239,8440.0,0.8238,81509.0,0.824,34718.0,0.8241,102580.0
1753617289990,11:54:49.990,bitget,ADA/USDT:USDT,0.8239,32039.0,0.8238,106688.0,0.824,27981.0,0.8241,101922.0
1753617290140,11:54:50.140,bitget,ADA/USDT:USDT,0.8239,32039.0,0.8238,82329.0,0.824,43038.0,0.8241,101316.0
1753617290290,11:54:50.290,bitget,ADA/USDT:USDT,0.8239,32039.0,0.8238,93422.0,0.824,43038.0,0.8241,101316.0
1753617290441,11:54:50.441,bitget,ADA/USDT:USDT,0.8239,43464.0,0.8238,93422.0,0.824,42230.0,0.8241,101922.0
1753617290591,11:54:50.591,bitget,ADA/USDT:USDT,0.8239,43464.0,0.8238,93422.0,0.824,42230.0,0.8241,101316.0
1753617290741,11:54:50.741,bitget,ADA/USDT:USDT,0.8239,43464.0,0.8238,93422.0,0.824,42230.0,0.8241,101316.0
1753617290891,11:54:50.891,bitget,ADA/USDT:USDT,0.8239,43464.0,0.8238,93422.0,0.824,42230.0,0.8241,101316.0
1753617291041,11:54:51.041,bitget,ADA/USDT:USDT,0.8239,43464.0,0.8238,93422.0,0.824,45264.0,0.8241,101316.0
1753617291191,11:54:51.191,bitget,ADA/USDT:USDT,0.8239,43464.0,0.8238,93422.0,0.824,45264.0,0.8241,101316.0
1753617291341,11:54:51.341,bitget,ADA/USDT:USDT,0.8239,43464.0,0.8238,93422.0,0.824,45264.0,0.8241,101316.0
1753617291641,11:54:51.641,bitget,ADA/USDT:USDT,0.8239,42652.0,0.8238,93422.0,0.824,45264.0,0.8241,101316.0
1753617291791,11:54:51.791,bitget,ADA/USDT:USDT,0.8239,42652.0,0.8238,93422.0,0.824,45264.0,0.8241,101316.0
1753617292092,11:54:52.092,bitget,ADA/USDT:USDT,0.8239,42652.0,0.8238,93422.0,0.824,45264.0,0.8241,101316.0
1753617292242,11:54:52.242,bitget,ADA/USDT:USDT,0.8239,42652.0,0.8238,93422.0,0.824,45264.0,0.8241,102275.0
1753617292392,11:54:52.392,bitget,ADA/USDT:USDT,0.8239,42652.0,0.8238,93422.0,0.824,45264.0,0.8241,102275.0
1753617292692,11:54:52.692,bitget,ADA/USDT:USDT,0.8239,20652.0,0.8238,71422.0,0.824,45264.0,0.8241,102881.0
1753617292842,11:54:52.842,bitget,ADA/USDT:USDT,0.8239,20652.0,0.8238,73252.0,0.824,45264.0,0.8241,102881.0
1753617292992,11:54:52.992,bitget,ADA/USDT:USDT,0.8239,20652.0,0.8238,73252.0,0.824,45264.0,0.8241,102881.0
1753617293142,11:54:53.142,bitget,ADA/USDT:USDT,0.8239,20652.0,0.8238,73252.0,0.824,45264.0,0.8241,102881.0
1753617293292,11:54:53.292,bitget,ADA/USDT:USDT,0.8239,21464.0,0.8238,73252.0,0.824,45437.0,0.8241,101922.0
1753617293442,11:54:53.442,bitget,ADA/USDT:USDT,0.8239,43464.0,0.8238,73252.0,0.824,45264.0,0.8241,102881.0
1753617293742,11:54:53.742,bitget,ADA/USDT:USDT,0.8239,43464.0,0.8238,73252.0,0.824,45264.0,0.8241,106202.0
1753617293892,11:54:53.892,bitget,ADA/USDT:USDT,0.8239,43464.0,0.8238,73252.0,0.824,45264.0,0.8241,106202.0
1753617294043,11:54:54.043,bitget,ADA/USDT:USDT,0.8239,43464.0,0.8238,73252.0,0.824,45264.0,0.8241,106202.0
1753617294493,11:54:54.493,bitget,ADA/USDT:USDT,0.8239,43464.0,0.8238,73252.0,0.824,45264.0,0.8241,106202.0
1753617294793,11:54:54.793,bitget,ADA/USDT:USDT,0.8239,10039.0,0.8238,73252.0,0.824,45264.0,0.8241,106202.0
1753617294943,11:54:54.943,bitget,ADA/USDT:USDT,0.8239,10039.0,0.8238,61613.0,0.824,45264.0,0.8241,106202.0
1753617295093,11:54:55.093,bitget,ADA/USDT:USDT,0.8239,10039.0,0.8238,77393.0,0.824,45870.0,0.8241,106202.0
1753617295243,11:54:55.243,bitget,ADA/USDT:USDT,0.8239,31539.0,0.8238,77393.0,0.824,45870.0,0.8241,106202.0
1753617295393,11:54:55.393,bitget,ADA/USDT:USDT,0.8239,8915.0,0.8238,50332.0,0.824,46296.0,0.8241,106808.0
1753617295543,11:54:55.543,bitget,ADA/USDT:USDT,0.8239,548.0,0.8238,50332.0,0.824,46902.0,0.8241,106202.0
1753617295844,11:54:55.844,bitget,ADA/USDT:USDT,0.8239,11548.0,0.8238,66307.0,0.824,45241.0,0.8241,106808.0
1753617295994,11:54:55.994,bitget,ADA/USDT:USDT,0.8239,11548.0,0.8238,66307.0,0.824,45241.0,0.8241,106808.0
1753617296294,11:54:56.294,bitget,ADA/USDT:USDT,0.8239,24147.0,0.8238,66307.0,0.824,45241.0,0.8241,106808.0
1753617296444,11:54:56.444,bitget,ADA/USDT:USDT,0.8239,11548.0,0.8238,66307.0,0.824,45241.0,0.8241,106808.0
1753617296594,11:54:56.594,bitget,ADA/USDT:USDT,0.8238,16576.0,0.8237,43279.0,0.8239,841.0,0.824,49253.0
1753617296744,11:54:56.744,bitget,ADA/USDT:USDT,0.8238,1139.0,0.8237,59264.0,0.8239,35555.0,0.824,59956.0
1753617296894,11:54:56.894,bitget,ADA/USDT:USDT,0.8238,66681.0,0.8237,79419.0,0.8239,21614.0,0.824,59956.0
1753617297194,11:54:57.194,bitget,ADA/USDT:USDT,0.8238,50754.0,0.8237,80379.0,0.8239,23201.0,0.824,85951.0
1753617297344,11:54:57.344,bitget,ADA/USDT:USDT,0.8238,50754.0,0.8237,80379.0,0.8239,23201.0,0.824,85951.0
1753617297495,11:54:57.495,bitget,ADA/USDT:USDT,0.8238,50754.0,0.8237,80379.0,0.8239,23201.0,0.824,81159.0
1753617297645,11:54:57.645,bitget,ADA/USDT:USDT,0.8238,50754.0,0.8237,80379.0,0.8239,20167.0,0.824,81159.0
1753617297795,11:54:57.795,bitget,ADA/USDT:USDT,0.8238,50754.0,0.8237,80379.0,0.8239,20167.0,0.824,81159.0
1753617297945,11:54:57.945,bitget,ADA/USDT:USDT,0.8238,50754.0,0.8237,80500.0,0.824,56706.0,0.8241,62140.0
1753617298095,11:54:58.095,bitget,ADA/USDT:USDT,0.8239,17164.0,0.8238,65374.0,0.824,51636.0,0.8241,74199.0
1753617298245,11:54:58.245,bitget,ADA/USDT:USDT,0.8239,38414.0,0.8238,86030.0,0.824,42199.0,0.8241,96638.0
1753617298395,11:54:58.395,bitget,ADA/USDT:USDT,0.8239,38414.0,0.8238,86030.0,0.824,45233.0,0.8241,96032.0
1753617298545,11:54:58.545,bitget,ADA/USDT:USDT,0.8239,41610.0,0.8238,61421.0,0.824,45233.0,0.8241,96991.0
1753617298695,11:54:58.695,bitget,ADA/USDT:USDT,0.8239,35235.0,0.8238,61421.0,0.824,45233.0,0.8241,96991.0
1753617298845,11:54:58.845,bitget,ADA/USDT:USDT,0.8239,35235.0,0.8238,61421.0,0.824,45233.0,0.8241,106201.0
1753617298995,11:54:58.995,bitget,ADA/USDT:USDT,0.8239,35235.0,0.8238,61421.0,0.824,45233.0,0.8241,106807.0
1753617299146,11:54:59.146,bitget,ADA/USDT:USDT,0.8239,13235.0,0.8238,83859.0,0.824,45233.0,0.8241,106806.0
1753617299296,11:54:59.296,bitget,ADA/USDT:USDT,0.8239,13235.0,0.8238,78243.0,0.824,46124.0,0.8241,82436.0
1753617299446,11:54:59.446,bitget,ADA/USDT:USDT,0.8239,13235.0,0.8238,78243.0,0.824,46124.0,0.8241,82436.0
1753617299596,11:54:59.596,bitget,ADA/USDT:USDT,0.8238,56188.0,0.8237,47885.0,0.8239,841.0,0.824,46124.0
1753617299746,11:54:59.746,bitget,ADA/USDT:USDT,0.8238,18308.0,0.8237,86313.0,0.8239,27103.0,0.824,64064.0
1753617299896,11:54:59.896,bitget,ADA/USDT:USDT,0.8238,38245.0,0.8237,86190.0,0.8239,27103.0,0.824,64670.0
1753617300046,11:55:00.046,bitget,ADA/USDT:USDT,0.8238,38245.0,0.8237,86190.0,0.8239,34660.0,0.824,49007.0
1753617300196,11:55:00.196,bitget,ADA/USDT:USDT,0.8238,56245.0,0.8237,86190.0,0.8239,34660.0,0.824,49007.0
1753617300346,11:55:00.346,bitget,ADA/USDT:USDT,0.8238,38245.0,0.8237,86190.0,0.8239,34660.0,0.824,49007.0
1753617300496,11:55:00.496,bitget,ADA/USDT:USDT,0.8238,38245.0,0.8237,81433.0,0.8239,34660.0,0.824,49007.0
1753617300646,11:55:00.646,bitget,ADA/USDT:USDT,0.8238,38245.0,0.8237,81433.0,0.8239,34660.0,0.824,49007.0
1753617300796,11:55:00.796,bitget,ADA/USDT:USDT,0.8238,38245.0,0.8237,81433.0,0.8239,34660.0,0.824,49007.0
1753617300947,11:55:00.947,bitget,ADA/USDT:USDT,0.8238,38245.0,0.8237,81433.0,0.8239,34660.0,0.824,49007.0
1753617301097,11:55:01.097,bitget,ADA/USDT:USDT,0.8237,64520.0,0.8236,65067.0,0.8238,841.0,0.8239,55763.0
1753617301246,11:55:01.246,bitget,ADA/USDT:USDT,0.8237,49482.0,0.8236,81063.0,0.8238,30970.0,0.8239,48437.0
1753617301397,11:55:01.397,bitget,ADA/USDT:USDT,0.8238,17851.0,0.8237,70724.0,0.8239,35638.0,0.824,48476.0
1753617301547,11:55:01.547,bitget,ADA/USDT:USDT,0.8238,53565.0,0.8237,87647.0,0.8239,33126.0,0.824,49082.0
1753617301697,11:55:01.697,bitget,ADA/USDT:USDT,0.8238,53565.0,0.8237,79261.0,0.8239,36160.0,0.824,48476.0
1753617301847,11:55:01.847,bitget,ADA/USDT:USDT,0.8238,31565.0,0.8237,79261.0,0.8239,51217.0,0.824,48476.0
1753617301997,11:55:01.997,bitget,ADA/USDT:USDT,0.8238,31565.0,0.8237,79261.0,0.8239,52452.0,0.824,48476.0
1753617302147,11:55:02.147,bitget,ADA/USDT:USDT,0.8238,38065.0,0.8237,79261.0,0.8239,52452.0,0.824,50042.0
1753617302297,11:55:02.297,bitget,ADA/USDT:USDT,0.8238,31565.0,0.8237,79261.0,0.8239,52452.0,0.824,50042.0
1753617302597,11:55:02.597,bitget,ADA/USDT:USDT,0.8238,31565.0,0.8237,79261.0,0.8239,52452.0,0.824,50042.0
1753617302748,11:55:02.748,bitget,ADA/USDT:USDT,0.8238,31565.0,0.8237,79261.0,0.8239,52452.0,0.824,50042.0
1753617302898,11:55:02.898,bitget,ADA/USDT:USDT,0.8238,31565.0,0.8237,79261.0,0.8239,52452.0,0.824,50042.0
1753617303048,11:55:03.048,bitget,ADA/USDT:USDT,0.8238,31565.0,0.8237,79261.0,0.8239,52452.0,0.824,50042.0
1753617303198,11:55:03.198,bitget,ADA/USDT:USDT,0.8238,31565.0,0.8237,79261.0,0.8239,52452.0,0.824,50042.0
1753617303348,11:55:03.348,bitget,ADA/USDT:USDT,0.8238,31565.0,0.8237,79261.0,0.8239,54414.0,0.824,50042.0
1753617303498,11:55:03.498,bitget,ADA/USDT:USDT,0.8238,31017.0,0.8237,63277.0,0.8239,54414.0,0.824,50042.0
1753617303648,11:55:03.648,bitget,ADA/USDT:USDT,0.8238,1124.0,0.8237,67104.0,0.8239,54414.0,0.824,50042.0
1753617303798,11:55:03.798,bitget,ADA/USDT:USDT,0.8237,51580.0,0.8236,80439.0,0.8238,841.0,0.8239,55020.0
1753617303948,11:55:03.948,bitget,ADA/USDT:USDT,0.8237,56811.0,0.8236,80439.0,0.8238,21331.0,0.8239,69040.0
1753617304098,11:55:04.098,bitget,ADA/USDT:USDT,0.8237,56811.0,0.8236,80439.0,0.8238,33246.0,0.8239,47483.0
1753617304248,11:55:04.248,bitget,ADA/USDT:USDT,0.8237,1830.0,0.8236,80439.0,0.8238,48585.0,0.8239,69919.0
1753617304399,11:55:04.399,bitget,ADA/USDT:USDT,0.8237,1830.0,0.8236,103331.0,0.8238,49243.0,0.8239,69867.0
1753617304548,11:55:04.548,bitget,ADA/USDT:USDT,0.8236,40061.0,0.8235,45228.0,0.8237,841.0,0.8238,50203.0
1753617304699,11:55:04.699,bitget,ADA/USDT:USDT,0.8234,49177.0,0.8233,100518.0,0.8236,54024.0,0.8237,80585.0
1753617304849,11:55:04.849,bitget,ADA/USDT:USDT,0.8234,71764.0,0.8233,63687.0,0.8235,34047.0,0.8236,62883.0
1753617304999,11:55:04.999,bitget,ADA/USDT:USDT,0.8233,47072.0,0.8232,62868.0,0.8235,37215.0,0.8236,62883.0
1753617305149,11:55:05.149,bitget,ADA/USDT:USDT,0.8233,33213.0,0.8232,78418.0,0.8234,32877.0,0.8235,55346.0
1753617305299,11:55:05.299,bitget,ADA/USDT:USDT,0.8233,61175.0,0.8232,87689.0,0.8234,32785.0,0.8235,57181.0
1753617305449,11:55:05.449,bitget,ADA/USDT:USDT,0.8233,61175.0,0.8232,87689.0,0.8234,32785.0,0.8235,49974.0
1753617305599,11:55:05.599,bitget,ADA/USDT:USDT,0.8233,61175.0,0.8232,87689.0,0.8234,32785.0,0.8235,49974.0
1753617305749,11:55:05.749,bitget,ADA/USDT:USDT,0.8233,61175.0,0.8232,87689.0,0.8234,32785.0,0.8235,49974.0
1753617305899,11:55:05.899,bitget,ADA/USDT:USDT,0.8233,61054.0,0.8232,88649.0,0.8234,32785.0,0.8235,55000.0
1753617306049,11:55:06.049,bitget,ADA/USDT:USDT,0.8235,18610.0,0.8234,105020.0,0.8236,52174.0,0.8237,33315.0
1753617306200,11:55:06.200,bitget,ADA/USDT:USDT,0.8235,55667.0,0.8234,99892.0,0.8236,63715.0,0.8237,49328.0
1753617306350,11:55:06.350,bitget,ADA/USDT:USDT,0.8235,33667.0,0.8234,99892.0,0.8236,41937.0,0.8237,70500.0
1753617306500,11:55:06.500,bitget,ADA/USDT:USDT,0.8235,33667.0,0.8234,99892.0,0.8236,41937.0,0.8237,71460.0
1753617306650,11:55:06.650,bitget,ADA/USDT:USDT,0.8235,33667.0,0.8234,99892.0,0.8236,48007.0,0.8237,72066.0
1753617306800,11:55:06.800,bitget,ADA/USDT:USDT,0.8235,33667.0,0.8234,98932.0,0.8236,48007.0,0.8237,72066.0
1753617307100,11:55:07.100,bitget,ADA/USDT:USDT,0.8234,81750.0,0.8233,56904.0,0.8235,841.0,0.8236,48007.0
1753617307250,11:55:07.250,bitget,ADA/USDT:USDT,0.8234,58176.0,0.8233,88915.0,0.8235,37191.0,0.8236,72095.0
1753617307400,11:55:07.400,bitget,ADA/USDT:USDT,0.8234,52101.0,0.8233,88915.0,0.8235,52248.0,0.8236,53294.0
1753617307550,11:55:07.550,bitget,ADA/USDT:USDT,0.8234,52101.0,0.8233,100975.0,0.8235,42490.0,0.8236,64394.0
1753617307700,11:55:07.700,bitget,ADA/USDT:USDT,0.8234,67158.0,0.8233,100975.0,0.8235,33697.0,0.8236,63736.0
1753617307850,11:55:07.850,bitget,ADA/USDT:USDT,0.8234,67158.0,0.8233,100975.0,0.8235,32856.0,0.8236,63736.0
1753617308151,11:55:08.151,bitget,ADA/USDT:USDT,0.8234,67158.0,0.8233,100975.0,0.8235,34455.0,0.8236,63736.0
1753617308301,11:55:08.301,bitget,ADA/USDT:USDT,0.8234,67158.0,0.8233,100975.0,0.8235,34455.0,0.8236,63736.0
1753617308451,11:55:08.451,bitget,ADA/USDT:USDT,0.8234,67158.0,0.8233,100975.0,0.8235,34455.0,0.8236,63736.0
1753617308601,11:55:08.601,bitget,ADA/USDT:USDT,0.8234,67158.0,0.8233,100975.0,0.8235,34455.0,0.8236,63736.0
1753617308901,11:55:08.901,bitget,ADA/USDT:USDT,0.8234,67158.0,0.8233,100975.0,0.8235,34455.0,0.8236,52640.0
1753617309051,11:55:09.051,bitget,ADA/USDT:USDT,0.8234,67158.0,0.8233,100975.0,0.8235,32856.0,0.8236,52640.0
1753617309201,11:55:09.201,bitget,ADA/USDT:USDT,0.8234,67158.0,0.8233,100975.0,0.8235,17799.0,0.8236,52640.0
1753617309351,11:55:09.351,bitget,ADA/USDT:USDT,0.8234,67158.0,0.8233,100975.0,0.8235,18578.0,0.8236,52640.0
1753617309501,11:55:09.501,bitget,ADA/USDT:USDT,0.8234,67158.0,0.8233,100975.0,0.8235,18578.0,0.8236,52640.0
1753617309652,11:55:09.652,bitget,ADA/USDT:USDT,0.8234,67158.0,0.8233,100975.0,0.8235,20147.0,0.8236,63740.0
1753617309802,11:55:09.802,bitget,ADA/USDT:USDT,0.8234,67158.0,0.8233,100975.0,0.8235,20147.0,0.8236,63740.0
1753617309952,11:55:09.952,bitget,ADA/USDT:USDT,0.8234,67158.0,0.8233,100975.0,0.8235,18578.0,0.8236,63740.0
1753617310102,11:55:10.102,bitget,ADA/USDT:USDT,0.8234,67158.0,0.8233,78539.0,0.8235,16979.0,0.8236,63740.0
1753617310402,11:55:10.402,bitget,ADA/USDT:USDT,0.8234,89596.0,0.8233,74659.0,0.8235,1640.0,0.8236,62405.0
1753617310552,11:55:10.552,bitget,ADA/USDT:USDT,0.8234,89596.0,0.8233,78289.0,0.8235,1640.0,0.8236,62405.0
1753617310702,11:55:10.702,bitget,ADA/USDT:USDT,0.8234,75697.0,0.8233,78289.0,0.8235,1640.0,0.8236,62405.0
1753617310852,11:55:10.852,bitget,ADA/USDT:USDT,0.8234,75697.0,0.8233,78289.0,0.8235,1640.0,0.8236,62405.0
1753617311002,11:55:11.002,bitget,ADA/USDT:USDT,0.8234,75697.0,0.8233,78289.0,0.8235,3239.0,0.8236,62405.0
1753617311152,11:55:11.152,bitget,ADA/USDT:USDT,0.8235,611.0,0.8234,79197.0,0.8236,35291.0,0.8237,85776.0
1753617311303,11:55:11.303,bitget,ADA/USDT:USDT,0.8235,84758.0,0.8234,115022.0,0.8236,26222.0,0.8237,85776.0
1753617311453,11:55:11.453,bitget,ADA/USDT:USDT,0.8235,78383.0,0.8234,105469.0,0.8236,24125.0,0.8237,85776.0
1753617311603,11:55:11.603,bitget,ADA/USDT:USDT,0.8235,78383.0,0.8234,105469.0,0.8236,42870.0,0.8237,86736.0
1753617311753,11:55:11.753,bitget,ADA/USDT:USDT,0.8235,78383.0,0.8234,105469.0,0.8236,42870.0,0.8237,86736.0
1753617311903,11:55:11.903,bitget,ADA/USDT:USDT,0.8235,56383.0,0.8234,83083.0,0.8236,45905.0,0.8237,86736.0
1753617312053,11:55:12.053,bitget,ADA/USDT:USDT,0.8235,55563.0,0.8234,83083.0,0.8236,45905.0,0.8237,86736.0
1753617312203,11:55:12.203,bitget,ADA/USDT:USDT,0.8235,54952.0,0.8234,83083.0,0.8236,45905.0,0.8237,86736.0
1753617312353,11:55:12.353,bitget,ADA/USDT:USDT,0.8235,54952.0,0.8234,94181.0,0.8236,45905.0,0.8237,86736.0
1753617312503,11:55:12.503,bitget,ADA/USDT:USDT,0.8235,54952.0,0.8234,94181.0,0.8236,45905.0,0.8237,86736.0
1753617312653,11:55:12.653,bitget,ADA/USDT:USDT,0.8235,54952.0,0.8234,94181.0,0.8236,45905.0,0.8237,86736.0
1753617312803,11:55:12.803,bitget,ADA/USDT:USDT,0.8235,54952.0,0.8234,94181.0,0.8236,45905.0,0.8237,86736.0
1753617312953,11:55:12.953,bitget,ADA/USDT:USDT,0.8235,40436.0,0.8234,94181.0,0.8236,45247.0,0.8237,86736.0
1753617313104,11:55:13.104,bitget,ADA/USDT:USDT,0.8235,18328.0,0.8234,67081.0,0.8236,45905.0,0.8237,86736.0
1753617313254,11:55:13.254,bitget,ADA/USDT:USDT,0.8235,16181.0,0.8234,71475.0,0.8236,45905.0,0.8237,87342.0
1753617313404,11:55:13.404,bitget,ADA/USDT:USDT,0.8235,17780.0,0.8234,87477.0,0.8236,45905.0,0.8237,87342.0
1753617313704,11:55:13.704,bitget,ADA/USDT:USDT,0.8235,17780.0,0.8234,83083.0,0.8236,45905.0,0.8237,87342.0
1753617314004,11:55:14.004,bitget,ADA/USDT:USDT,0.8235,15057.0,0.8234,67081.0,0.8236,45905.0,0.8237,87342.0
1753617314154,11:55:14.154,bitget,ADA/USDT:USDT,0.8234,67081.0,0.8233,61165.0,0.8235,841.0,0.8236,52405.0
1753617314304,11:55:14.304,bitget,ADA/USDT:USDT,0.8234,41754.0,0.8233,77182.0,0.8235,44162.0,0.8236,67227.0
1753617314454,11:55:14.454,bitget,ADA/USDT:USDT,0.8234,41754.0,0.8233,77182.0,0.8235,33662.0,0.8236,57692.0
1753617314604,11:55:14.604,bitget,ADA/USDT:USDT,0.8234,41754.0,0.8233,78142.0,0.8235,33662.0,0.8236,50910.0
1753617314754,11:55:14.754,bitget,ADA/USDT:USDT,0.8234,41754.0,0.8233,78142.0,0.8235,33662.0,0.8236,50910.0
1753617314905,11:55:14.905,bitget,ADA/USDT:USDT,0.8234,41754.0,0.8233,77182.0,0.8235,33662.0,0.8236,50252.0
1753617315205,11:55:15.205,bitget,ADA/USDT:USDT,0.8234,41754.0,0.8233,78142.0,0.8235,33662.0,0.8236,50252.0
1753617315355,11:55:15.355,bitget,ADA/USDT:USDT,0.8234,52387.0,0.8233,78142.0,0.8235,33662.0,0.8236,50252.0
1753617315505,11:55:15.505,bitget,ADA/USDT:USDT,0.8234,52387.0,0.8233,78142.0,0.8235,33662.0,0.8236,61352.0
1753617315655,11:55:15.655,bitget,ADA/USDT:USDT,0.8234,52387.0,0.8233,78142.0,0.8235,33662.0,0.8236,61352.0
1753617315805,11:55:15.805,bitget,ADA/USDT:USDT,0.8234,52387.0,0.8233,78142.0,0.8235,33662.0,0.8236,61352.0
1753617315955,11:55:15.955,bitget,ADA/USDT:USDT,0.8234,52387.0,0.8233,78142.0,0.8235,33662.0,0.8236,61352.0
1753617316255,11:55:16.255,bitget,ADA/USDT:USDT,0.8234,41754.0,0.8233,78142.0,0.8235,33662.0,0.8236,61352.0
1753617316405,11:55:16.405,bitget,ADA/USDT:USDT,0.8234,1599.0,0.8233,67592.0,0.8235,59359.0,0.8236,66369.0
1753617316556,11:55:16.556,bitget,ADA/USDT:USDT,0.8234,1599.0,0.8233,67592.0,0.8235,62395.0,0.8236,66975.0
1753617316706,11:55:16.706,bitget,ADA/USDT:USDT,0.8233,50755.0,0.8232,50836.0,0.8234,388.0,0.8235,63001.0
1753617317006,11:55:17.006,bitget,ADA/USDT:USDT,0.8233,67803.0,0.8232,82866.0,0.8234,44087.0,0.8235,74287.0
1753617317156,11:55:17.156,bitget,ADA/USDT:USDT,0.8233,82860.0,0.8232,93966.0,0.8234,44087.0,0.8235,85387.0
1753617317306,11:55:17.306,bitget,ADA/USDT:USDT,0.8233,66360.0,0.8232,93966.0,0.8234,35737.0,0.8235,85387.0
1753617317456,11:55:17.456,bitget,ADA/USDT:USDT,0.8233,66360.0,0.8232,93966.0,0.8234,35737.0,0.8235,85387.0
1753617317606,11:55:17.606,bitget,ADA/USDT:USDT,0.8233,66360.0,0.8232,93966.0,0.8234,35737.0,0.8235,85387.0
1753617317757,11:55:17.757,bitget,ADA/USDT:USDT,0.8233,66360.0,0.8232,93966.0,0.8234,35737.0,0.8235,85387.0
1753617317906,11:55:17.906,bitget,ADA/USDT:USDT,0.8233,66360.0,0.8232,93966.0,0.8234,35737.0,0.8235,85387.0
1753617318057,11:55:18.057,bitget,ADA/USDT:USDT,0.8233,66360.0,0.8232,93966.0,0.8234,35737.0,0.8235,84427.0
1753617318206,11:55:18.206,bitget,ADA/USDT:USDT,0.8233,66360.0,0.8232,93966.0,0.8234,35737.0,0.8235,84427.0
1753617318357,11:55:18.357,bitget,ADA/USDT:USDT,0.8233,66360.0,0.8232,93966.0,0.8234,35737.0,0.8235,83769.0
1753617318507,11:55:18.507,bitget,ADA/USDT:USDT,0.8233,66360.0,0.8232,93966.0,0.8234,35737.0,0.8235,86413.0
1753617318657,11:55:18.657,bitget,ADA/USDT:USDT,0.8233,66360.0,0.8232,93966.0,0.8234,35737.0,0.8235,86413.0
1753617318957,11:55:18.957,bitget,ADA/USDT:USDT,0.8232,34390.0,0.8231,49499.0,0.8233,841.0,0.8234,37238.0
1753617319107,11:55:19.107,bitget,ADA/USDT:USDT,0.8232,1599.0,0.8231,45015.0,0.8233,73110.0,0.8234,77764.0
1753617319257,11:55:19.257,bitget,ADA/USDT:USDT,0.8231,70563.0,0.823,44010.0,0.8232,841.0,0.8233,72452.0
1753617319407,11:55:19.407,bitget,ADA/USDT:USDT,0.8231,56563.0,0.823,80157.0,0.8232,3283.0,0.8233,96373.0
1753617319557,11:55:19.557,bitget,ADA/USDT:USDT,0.8231,56563.0,0.823,80157.0,0.8232,3283.0,0.8233,96373.0
1753617319707,11:55:19.707,bitget,ADA/USDT:USDT,0.8231,56563.0,0.823,80157.0,0.8232,3283.0,0.8233,89519.0
1753617319857,11:55:19.857,bitget,ADA/USDT:USDT,0.8231,56563.0,0.823,80157.0,0.8232,3283.0,0.8233,74462.0
1753617320158,11:55:20.158,bitget,ADA/USDT:USDT,0.823,39455.0,0.8229,114038.0,0.8231,43583.0,0.8232,48480.0
1753617320308,11:55:20.308,bitget,ADA/USDT:USDT,0.823,39781.0,0.8229,48610.0,0.8231,58640.0,0.8232,49458.0
1753617320458,11:55:20.458,bitget,ADA/USDT:USDT,0.823,39781.0,0.8229,53535.0,0.8231,59298.0,0.8232,52712.0
1753617320758,11:55:20.758,bitget,ADA/USDT:USDT,0.823,406.0,0.8229,55011.0,0.8231,64102.0,0.8232,74262.0
1753617321058,11:55:21.058,bitget,ADA/USDT:USDT,0.823,7.0,0.8229,70223.0,0.8231,67746.0,0.8232,81445.0
1753617321358,11:55:21.358,bitget,ADA/USDT:USDT,0.823,8375.0,0.8229,70223.0,0.8231,66786.0,0.8232,89909.0
1753617321658,11:55:21.658,bitget,ADA/USDT:USDT,0.823,49006.0,0.8229,92013.0,0.8231,39375.0,0.8232,90516.0
1753617321809,11:55:21.809,bitget,ADA/USDT:USDT,0.823,49006.0,0.8229,83655.0,0.8231,38922.0,0.8232,89909.0
1753617321959,11:55:21.959,bitget,ADA/USDT:USDT,0.823,49006.0,0.8229,80822.0,0.8231,38922.0,0.8232,90870.0
1753617322409,11:55:22.409,bitget,ADA/USDT:USDT,0.823,7.0,0.8229,60594.0,0.8231,38922.0,0.8232,81446.0
1753617322559,11:55:22.559,bitget,ADA/USDT:USDT,0.823,7.0,0.8229,76621.0,0.8231,38922.0,0.8232,81446.0
1753617322709,11:55:22.709,bitget,ADA/USDT:USDT,0.823,2154.0,0.8229,99066.0,0.8231,39529.0,0.8232,81446.0
1753617322859,11:55:22.859,bitget,ADA/USDT:USDT,0.823,7482.0,0.8229,99066.0,0.8231,38922.0,0.8232,82053.0
1753617323159,11:55:23.159,bitget,ADA/USDT:USDT,0.823,7482.0,0.8229,99066.0,0.8231,38922.0,0.8232,82053.0
1753617323309,11:55:23.309,bitget,ADA/USDT:USDT,0.823,7482.0,0.8229,99066.0,0.8231,38922.0,0.8232,82053.0
1753617323459,11:55:23.459,bitget,ADA/USDT:USDT,0.823,24917.0,0.8229,92991.0,0.8231,38922.0,0.8232,78116.0
1753617323760,11:55:23.760,bitget,ADA/USDT:USDT,0.823,26644.0,0.8229,97513.0,0.8232,61000.0,0.8233,82328.0
1753617323910,11:55:23.910,bitget,ADA/USDT:USDT,0.8231,28940.0,0.823,65746.0,0.8232,58161.0,0.8233,82277.0
1753617324060,11:55:24.060,bitget,ADA/USDT:USDT,0.8231,30539.0,0.823,97818.0,0.8232,46310.0,0.8233,82277.0
1753617324210,11:55:24.210,bitget,ADA/USDT:USDT,0.8231,30539.0,0.823,97818.0,0.8232,23873.0,0.8233,104716.0
1753617324360,11:55:24.360,bitget,ADA/USDT:USDT,0.8231,61895.0,0.823,88649.0,0.8232,3045.0,0.8233,54402.0
1753617324510,11:55:24.510,bitget,ADA/USDT:USDT,0.8233,1178.0,0.8232,8508.0,0.8234,29294.0,0.8235,66985.0
1753617324660,11:55:24.660,bitget,ADA/USDT:USDT,0.8233,15291.0,0.8232,91299.0,0.8234,57331.0,0.8235,83141.0
1753617324810,11:55:24.810,bitget,ADA/USDT:USDT,0.8233,15291.0,0.8232,85091.0,0.8234,38921.0,0.8235,106307.0
1753617324960,11:55:24.960,bitget,ADA/USDT:USDT,0.8233,53308.0,0.8232,85091.0,0.8234,38921.0,0.8235,106307.0
1753617325110,11:55:25.110,bitget,ADA/USDT:USDT,0.8234,40097.0,0.8233,98430.0,0.8235,54665.0,0.8236,65926.0
1753617325261,11:55:25.261,bitget,ADA/USDT:USDT,0.8234,24147.0,0.8233,57238.0,0.8235,60251.0,0.8236,65268.0
1753617325561,11:55:25.561,bitget,ADA/USDT:USDT,0.8232,2378.0,0.8231,87538.0,0.8233,49929.0,0.8234,66800.0
1753617325711,11:55:25.711,bitget,ADA/USDT:USDT,0.8232,2147.0,0.8231,102877.0,0.8233,52884.0,0.8234,73323.0
1753617325861,11:55:25.861,bitget,ADA/USDT:USDT,0.8231,26301.0,0.823,31393.0,0.8232,841.0,0.8233,52884.0
1753617326011,11:55:26.011,bitget,ADA/USDT:USDT,0.8231,3565.0,0.823,69751.0,0.8232,81125.0,0.8233,76935.0
1753617326161,11:55:26.161,bitget,ADA/USDT:USDT,0.8231,3271.0,0.823,85777.0,0.8232,59125.0,0.8233,77542.0
1753617326311,11:55:26.311,bitget,ADA/USDT:USDT,0.8231,2147.0,0.823,85777.0,0.8232,59125.0,0.8233,77542.0
1753617326461,11:55:26.461,bitget,ADA/USDT:USDT,0.8231,2147.0,0.823,85777.0,0.8232,59125.0,0.8233,77663.0
1753617326611,11:55:26.611,bitget,ADA/USDT:USDT,0.8231,548.0,0.823,69751.0,0.8232,59125.0,0.8233,77784.0
1753617326761,11:55:26.761,bitget,ADA/USDT:USDT,0.8231,2147.0,0.823,69751.0,0.8232,59125.0,0.8233,77784.0
1753617326911,11:55:26.911,bitget,ADA/USDT:USDT,0.8231,2147.0,0.823,75738.0,0.8232,59732.0,0.8233,77177.0
1753617327062,11:55:27.062,bitget,ADA/USDT:USDT,0.823,59699.0,0.8229,80187.0,0.8231,841.0,0.8232,63660.0
1753617327212,11:55:27.212,bitget,ADA/USDT:USDT,0.823,41771.0,0.8229,80187.0,0.8231,50437.0,0.8232,53945.0
1753617327362,11:55:27.362,bitget,ADA/USDT:USDT,0.823,41583.0,0.8229,91129.0,0.8231,39610.0,0.8232,37547.0
1753617327512,11:55:27.512,bitget,ADA/USDT:USDT,0.823,61169.0,0.8229,92090.0,0.8231,32694.0,0.8232,36940.0
1753617327662,11:55:27.662,bitget,ADA/USDT:USDT,0.823,61169.0,0.8229,64950.0,0.8231,34293.0,0.8232,37901.0
1753617327812,11:55:27.812,bitget,ADA/USDT:USDT,0.823,54998.0,0.8229,80025.0,0.8231,33635.0,0.8232,37901.0
1753617327962,11:55:27.962,bitget,ADA/USDT:USDT,0.823,32558.0,0.8229,80025.0,0.8231,34293.0,0.8232,53949.0
1753617328112,11:55:28.112,bitget,ADA/USDT:USDT,0.823,2162.0,0.8229,81504.0,0.8231,35871.0,0.8232,54070.0
1753617328262,11:55:28.262,bitget,ADA/USDT:USDT,0.823,2162.0,0.8229,97540.0,0.8231,35871.0,0.8232,54677.0
1753617328412,11:55:28.412,bitget,ADA/USDT:USDT,0.823,2162.0,0.8229,97540.0,0.8231,35871.0,0.8232,54677.0
1753617328562,11:55:28.562,bitget,ADA/USDT:USDT,0.823,17501.0,0.8229,108645.0,0.8231,35871.0,0.8232,53716.0
1753617329163,11:55:29.163,bitget,ADA/USDT:USDT,0.823,39501.0,0.8229,109606.0,0.8231,35871.0,0.8232,75549.0
1753617329313,11:55:29.313,bitget,ADA/USDT:USDT,0.823,39501.0,0.8229,90824.0,0.8231,35871.0,0.8232,67128.0
1753617329463,11:55:29.463,bitget,ADA/USDT:USDT,0.823,39501.0,0.8229,90824.0,0.8231,35871.0,0.8232,67128.0
1753617329613,11:55:29.613,bitget,ADA/USDT:USDT,0.823,39501.0,0.8229,96929.0,0.8231,35871.0,0.8232,67128.0
1753617329763,11:55:29.763,bitget,ADA/USDT:USDT,0.823,39501.0,0.8229,97269.0,0.8231,35871.0,0.8232,67128.0
1753617329913,11:55:29.913,bitget,ADA/USDT:USDT,0.823,54558.0,0.8229,97269.0,0.8231,35871.0,0.8232,67128.0
1753617330063,11:55:30.063,bitget,ADA/USDT:USDT,0.823,17219.0,0.8229,68827.0,0.8231,35871.0,0.8232,79194.0
1753617330213,11:55:30.213,bitget,ADA/USDT:USDT,0.823,17219.0,0.8229,84868.0,0.8231,35871.0,0.8232,78233.0
1753617330363,11:55:30.363,bitget,ADA/USDT:USDT,0.823,17219.0,0.8229,85829.0,0.8231,35871.0,0.8232,78233.0
1753617330514,11:55:30.514,bitget,ADA/USDT:USDT,0.823,17219.0,0.8229,79724.0,0.8231,35871.0,0.8232,78840.0
1753617330663,11:55:30.663,bitget,ADA/USDT:USDT,0.823,17219.0,0.8229,78766.0,0.8231,35871.0,0.8232,79801.0
1753617330814,11:55:30.814,bitget,ADA/USDT:USDT,0.823,17219.0,0.8229,69083.0,0.8231,57871.0,0.8232,79801.0
1753617330965,11:55:30.965,bitget,ADA/USDT:USDT,0.823,15.0,0.8229,68240.0,0.8231,50371.0,0.8232,79801.0
1753617331114,11:55:31.114,bitget,ADA/USDT:USDT,0.823,15.0,0.8229,39757.0,0.8231,55782.0,0.8232,79194.0
1753617331264,11:55:31.264,bitget,ADA/USDT:USDT,0.823,15.0,0.8229,148.0,0.8231,59710.0,0.8232,84205.0
1753617331414,11:55:31.414,bitget,ADA/USDT:USDT,0.823,15.0,0.8229,148.0,0.8231,59795.0,0.8232,86045.0
1753617331564,11:55:31.564,bitget,ADA/USDT:USDT,0.8229,148.0,0.8228,38499.0,0.823,58034.0,0.8231,67226.0
1753617331714,11:55:31.714,bitget,ADA/USDT:USDT,0.8229,148.0,0.8228,16058.0,0.823,106109.0,0.8231,52733.0
1753617331864,11:55:31.864,bitget,ADA/USDT:USDT,0.8229,2295.0,0.8228,53397.0,0.823,69694.0,0.8231,44139.0
1753617332014,11:55:32.014,bitget,ADA/USDT:USDT,0.8229,36429.0,0.8228,71235.0,0.823,71293.0,0.8231,40126.0
1753617332315,11:55:32.315,bitget,ADA/USDT:USDT,0.8229,24389.0,0.8228,89283.0,0.823,47353.0,0.8231,62567.0
1753617332465,11:55:32.465,bitget,ADA/USDT:USDT,0.8229,26536.0,0.8228,89283.0,0.823,31995.0,0.8231,62567.0
1753617332615,11:55:32.615,bitget,ADA/USDT:USDT,0.8229,40557.0,0.8228,89623.0,0.823,30396.0,0.8231,62567.0
1753617332765,11:55:32.765,bitget,ADA/USDT:USDT,0.8229,40557.0,0.8228,93939.0,0.823,30396.0,0.8231,78020.0
1753617332915,11:55:32.915,bitget,ADA/USDT:USDT,0.8229,62557.0,0.8228,93939.0,0.823,15339.0,0.8231,78020.0
1753617333065,11:55:33.065,bitget,ADA/USDT:USDT,0.8229,62557.0,0.8228,98031.0,0.823,15339.0,0.8231,78020.0
1753617333215,11:55:33.215,bitget,ADA/USDT:USDT,0.8229,40557.0,0.8228,98031.0,0.823,17767.0,0.8231,78020.0
1753617333365,11:55:33.365,bitget,ADA/USDT:USDT,0.8229,32691.0,0.8228,47576.0,0.823,37922.0,0.8231,78981.0
1753617333515,11:55:33.515,bitget,ADA/USDT:USDT,0.8229,32691.0,0.8228,63627.0,0.823,38580.0,0.8231,78981.0
1753617333665,11:55:33.665,bitget,ADA/USDT:USDT,0.8229,32691.0,0.8228,63627.0,0.823,38580.0,0.8231,79588.0
1753617333815,11:55:33.815,bitget,ADA/USDT:USDT,0.8229,53014.0,0.8228,63627.0,0.823,38580.0,0.8231,79588.0
1753617333965,11:55:33.965,bitget,ADA/USDT:USDT,0.8229,53014.0,0.8228,64588.0,0.823,38580.0,0.8231,78981.0
1753617334115,11:55:34.115,bitget,ADA/USDT:USDT,0.8229,53014.0,0.8228,64588.0,0.823,37751.0,0.8231,78020.0
1753617334266,11:55:34.266,bitget,ADA/USDT:USDT,0.8229,53014.0,0.8228,64588.0,0.823,37751.0,0.8231,78020.0
1753617334416,11:55:34.416,bitget,ADA/USDT:USDT,0.8229,33014.0,0.8228,64588.0,0.823,37751.0,0.8231,78020.0
1753617334566,11:55:34.566,bitget,ADA/USDT:USDT,0.8229,33014.0,0.8228,64588.0,0.823,34384.0,0.8231,78981.0
1753617334716,11:55:34.716,bitget,ADA/USDT:USDT,0.8229,33896.0,0.8228,64588.0,0.823,34384.0,0.8231,78981.0
1753617334866,11:55:34.866,bitget,ADA/USDT:USDT,0.8229,32691.0,0.8228,67977.0,0.823,35848.0,0.8231,78981.0
1753617335016,11:55:35.016,bitget,ADA/USDT:USDT,0.8229,32691.0,0.8228,67977.0,0.823,35848.0,0.8231,78981.0
1753617335166,11:55:35.166,bitget,ADA/USDT:USDT,0.8229,32691.0,0.8228,67977.0,0.823,35848.0,0.8231,82918.0
1753617335316,11:55:35.316,bitget,ADA/USDT:USDT,0.8229,33497.0,0.8228,67977.0,0.823,35042.0,0.8231,82918.0
1753617335466,11:55:35.466,bitget,ADA/USDT:USDT,0.823,25325.0,0.8229,41636.0,0.8231,55323.0,0.8232,43229.0
1753617335616,11:55:35.616,bitget,ADA/USDT:USDT,0.823,25325.0,0.8229,92110.0,0.8231,22652.0,0.8232,65013.0
1753617335766,11:55:35.766,bitget,ADA/USDT:USDT,0.823,3325.0,0.8229,77053.0,0.8231,62791.0,0.8232,65367.0
1753617335916,11:55:35.916,bitget,ADA/USDT:USDT,0.823,2147.0,0.8229,72054.0,0.8231,40791.0,0.8232,65974.0
1753617336067,11:55:36.067,bitget,ADA/USDT:USDT,0.823,2147.0,0.8229,88106.0,0.8231,40791.0,0.8232,65367.0
1753617336217,11:55:36.217,bitget,ADA/USDT:USDT,0.823,2147.0,0.8229,81967.0,0.8231,40791.0,0.8232,65367.0
1753617336367,11:55:36.367,bitget,ADA/USDT:USDT,0.823,2147.0,0.8229,81967.0,0.8231,41398.0,0.8232,65367.0
1753617336517,11:55:36.517,bitget,ADA/USDT:USDT,0.823,2147.0,0.8229,81967.0,0.8231,41398.0,0.8232,81420.0
1753617336667,11:55:36.667,bitget,ADA/USDT:USDT,0.823,2147.0,0.8229,81967.0,0.8231,41398.0,0.8232,81420.0
1753617336817,11:55:36.817,bitget,ADA/USDT:USDT,0.823,2147.0,0.8229,81967.0,0.8231,41398.0,0.8232,81420.0
1753617337117,11:55:37.117,bitget,ADA/USDT:USDT,0.823,2147.0,0.8229,81967.0,0.8231,40791.0,0.8232,82027.0
1753617337267,11:55:37.267,bitget,ADA/USDT:USDT,0.8229,45048.0,0.8228,32867.0,0.823,841.0,0.8231,46202.0
1753617337417,11:55:37.417,bitget,ADA/USDT:USDT,0.8229,24737.0,0.8228,48475.0,0.823,71521.0,0.8231,46919.0
1753617337567,11:55:37.567,bitget,ADA/USDT:USDT,0.8229,2295.0,0.8228,86969.0,0.823,72179.0,0.8231,46261.0
1753617337717,11:55:37.717,bitget,ADA/USDT:USDT,0.8229,31584.0,0.8228,86969.0,0.823,65076.0,0.8231,46868.0
1753617337868,11:55:37.868,bitget,ADA/USDT:USDT,0.8229,30778.0,0.8228,87930.0,0.823,65076.0,0.8231,46868.0
1753617338018,11:55:38.018,bitget,ADA/USDT:USDT,0.8229,30778.0,0.8228,87930.0,0.823,65734.0,0.8231,62933.0
1753617338168,11:55:38.168,bitget,ADA/USDT:USDT,0.8229,30778.0,0.8228,87930.0,0.823,43076.0,0.8231,62933.0
1753617338318,11:55:38.318,bitget,ADA/USDT:USDT,0.8229,48703.0,0.8228,87930.0,0.823,15851.0,0.8231,42064.0
1753617338618,11:55:38.618,bitget,ADA/USDT:USDT,0.8229,54313.0,0.8228,88270.0,0.823,15339.0,0.8231,41457.0
1753617338768,11:55:38.768,bitget,ADA/USDT:USDT,0.8229,48962.0,0.8228,87930.0,0.823,43190.0,0.8231,57527.0
1753617338918,11:55:38.918,bitget,ADA/USDT:USDT,0.8229,48962.0,0.8228,86969.0,0.823,43190.0,0.8231,58488.0
