timestamp,time,exchange,symbol,bid1_price,bid1_volume,bid2_price,bid2_volume,ask1_price,ask1_volume,ask2_price,ask2_volume
1753617155062,11:52:35.062,bitget,AERGO/USDT:USDT,0.13373,466.0,0.13372,4116.0,0.13378,466.0,0.13381,320.0
1753617155212,11:52:35.212,bitget,AERGO/USDT:USDT,0.13373,466.0,0.13372,4116.0,0.13378,466.0,0.13381,320.0
1753617155362,11:52:35.362,bitget,AERGO/USDT:USDT,0.13373,466.0,0.13372,4116.0,0.13378,466.0,0.13381,320.0
1753617155513,11:52:35.513,bitget,AERGO/USDT:USDT,0.13373,466.0,0.13372,4116.0,0.13378,466.0,0.13381,320.0
1753617155663,11:52:35.663,bitget,AERGO/USDT:USDT,0.13373,466.0,0.13372,4116.0,0.13378,466.0,0.13381,320.0
1753617156413,11:52:36.413,bitget,AERGO/USDT:USDT,0.13373,466.0,0.13372,4116.0,0.13378,466.0,0.13381,320.0
1753617156563,11:52:36.563,bitget,AERGO/USDT:USDT,0.13373,466.0,0.13372,4116.0,0.13378,466.0,0.13381,320.0
1753617156713,11:52:36.713,bitget,AERGO/USDT:USDT,0.13373,466.0,0.13372,4116.0,0.13378,466.0,0.13381,320.0
1753617156863,11:52:36.863,bitget,AERGO/USDT:USDT,0.13373,466.0,0.13372,4116.0,0.13378,466.0,0.13381,320.0
1753617157013,11:52:37.013,bitget,AERGO/USDT:USDT,0.13373,466.0,0.13372,4116.0,0.13378,466.0,0.13381,320.0
1753617157164,11:52:37.164,bitget,AERGO/USDT:USDT,0.13373,466.0,0.13372,4116.0,0.13378,466.0,0.13381,320.0
1753617157764,11:52:37.764,bitget,AERGO/USDT:USDT,0.13373,466.0,0.13372,4116.0,0.13378,466.0,0.13381,320.0
1753617157914,11:52:37.914,bitget,AERGO/USDT:USDT,0.13373,466.0,0.13372,4116.0,0.13378,466.0,0.13381,320.0
1753617158064,11:52:38.064,bitget,AERGO/USDT:USDT,0.13372,473.0,0.13371,362.0,0.13378,466.0,0.13381,320.0
1753617158214,11:52:38.214,bitget,AERGO/USDT:USDT,0.13372,473.0,0.13371,362.0,0.13378,466.0,0.13381,320.0
1753617158514,11:52:38.514,bitget,AERGO/USDT:USDT,0.13372,473.0,0.13371,362.0,0.13378,466.0,0.13381,320.0
1753617158664,11:52:38.664,bitget,AERGO/USDT:USDT,0.13372,473.0,0.13371,362.0,0.13378,466.0,0.13381,320.0
1753617158815,11:52:38.815,bitget,AERGO/USDT:USDT,0.13372,473.0,0.13371,362.0,0.13378,466.0,0.13381,320.0
1753617158965,11:52:38.965,bitget,AERGO/USDT:USDT,0.13372,473.0,0.13371,362.0,0.13378,466.0,0.13381,320.0
1753617160015,11:52:40.015,bitget,AERGO/USDT:USDT,0.13373,473.0,0.13371,835.0,0.13378,466.0,0.13381,320.0
1753617160165,11:52:40.165,bitget,AERGO/USDT:USDT,0.13373,473.0,0.13371,835.0,0.13378,466.0,0.13381,320.0
1753617160466,11:52:40.466,bitget,AERGO/USDT:USDT,0.13373,3389.0,0.13371,835.0,0.13378,466.0,0.13381,320.0
1753617160616,11:52:40.616,bitget,AERGO/USDT:USDT,0.13373,3389.0,0.13371,835.0,0.13378,466.0,0.13381,320.0
1753617160766,11:52:40.766,bitget,AERGO/USDT:USDT,0.13373,3389.0,0.13371,835.0,0.13378,466.0,0.13381,320.0
1753617161216,11:52:41.216,bitget,AERGO/USDT:USDT,0.13372,473.0,0.13371,362.0,0.13378,466.0,0.13381,320.0
1753617161966,11:52:41.966,bitget,AERGO/USDT:USDT,0.13373,473.0,0.13372,1012.0,0.13378,466.0,0.13381,320.0
1753617162717,11:52:42.717,bitget,AERGO/USDT:USDT,0.13373,1089.0,0.13371,835.0,0.13378,466.0,0.13381,320.0
1753617162867,11:52:42.867,bitget,AERGO/USDT:USDT,0.13373,1089.0,0.13371,835.0,0.13378,466.0,0.13381,320.0
1753617163017,11:52:43.017,bitget,AERGO/USDT:USDT,0.13373,473.0,0.13371,835.0,0.13378,466.0,0.13381,320.0
1753617163617,11:52:43.617,bitget,AERGO/USDT:USDT,0.13373,473.0,0.13371,835.0,0.13378,466.0,0.13381,320.0
1753617163767,11:52:43.767,bitget,AERGO/USDT:USDT,0.13373,473.0,0.13371,835.0,0.13378,466.0,0.13381,320.0
1753617163918,11:52:43.918,bitget,AERGO/USDT:USDT,0.13373,775.0,0.13371,835.0,0.13378,466.0,0.13381,320.0
1753617164218,11:52:44.218,bitget,AERGO/USDT:USDT,0.13373,1049.0,0.13371,835.0,0.13378,466.0,0.13381,320.0
1753617164518,11:52:44.518,bitget,AERGO/USDT:USDT,0.13373,1049.0,0.13371,835.0,0.13378,466.0,0.13381,320.0
1753617164968,11:52:44.968,bitget,AERGO/USDT:USDT,0.13374,473.0,0.13373,576.0,0.13378,466.0,0.13381,320.0
1753617165569,11:52:45.569,bitget,AERGO/USDT:USDT,0.13372,473.0,0.13371,362.0,0.13378,466.0,0.13381,320.0
1753617165719,11:52:45.719,bitget,AERGO/USDT:USDT,0.13372,473.0,0.13371,362.0,0.13378,466.0,0.13381,320.0
1753617165869,11:52:45.869,bitget,AERGO/USDT:USDT,0.13372,473.0,0.13371,362.0,0.13378,466.0,0.13381,320.0
1753617166019,11:52:46.019,bitget,AERGO/USDT:USDT,0.13372,473.0,0.13371,362.0,0.13378,466.0,0.13381,320.0
1753617166169,11:52:46.169,bitget,AERGO/USDT:USDT,0.13372,473.0,0.13371,362.0,0.13378,466.0,0.13381,320.0
1753617166319,11:52:46.319,bitget,AERGO/USDT:USDT,0.13372,473.0,0.13371,362.0,0.13378,466.0,0.13381,320.0
1753617166619,11:52:46.619,bitget,AERGO/USDT:USDT,0.13371,835.0,0.1337,362.0,0.13378,466.0,0.13381,320.0
1753617166769,11:52:46.769,bitget,AERGO/USDT:USDT,0.13372,473.0,0.13371,362.0,0.13378,466.0,0.13381,320.0
1753617166919,11:52:46.919,bitget,AERGO/USDT:USDT,0.13372,473.0,0.13371,362.0,0.13378,466.0,0.13381,320.0
1753617167069,11:52:47.069,bitget,AERGO/USDT:USDT,0.13372,473.0,0.13371,362.0,0.13378,466.0,0.13381,320.0
1753617167370,11:52:47.370,bitget,AERGO/USDT:USDT,0.13372,473.0,0.13371,362.0,0.13378,466.0,0.13381,320.0
1753617167520,11:52:47.520,bitget,AERGO/USDT:USDT,0.13372,1161.0,0.13371,362.0,0.13378,466.0,0.13381,320.0
1753617167670,11:52:47.670,bitget,AERGO/USDT:USDT,0.13373,473.0,0.13371,362.0,0.13378,466.0,0.13381,320.0
1753617167820,11:52:47.820,bitget,AERGO/USDT:USDT,0.13372,452.0,0.13371,362.0,0.13378,466.0,0.13381,320.0
1753617167970,11:52:47.970,bitget,AERGO/USDT:USDT,0.13372,452.0,0.13371,362.0,0.13378,466.0,0.13381,320.0
1753617168270,11:52:48.270,bitget,AERGO/USDT:USDT,0.13372,452.0,0.13371,362.0,0.13378,466.0,0.13381,320.0
1753617168420,11:52:48.420,bitget,AERGO/USDT:USDT,0.13372,452.0,0.13371,362.0,0.13378,466.0,0.13381,320.0
1753617168570,11:52:48.570,bitget,AERGO/USDT:USDT,0.13372,452.0,0.13371,362.0,0.13378,466.0,0.13381,320.0
1753617168720,11:52:48.720,bitget,AERGO/USDT:USDT,0.13372,770.0,0.13371,362.0,0.13378,466.0,0.13381,320.0
1753617168871,11:52:48.871,bitget,AERGO/USDT:USDT,0.13373,452.0,0.13372,300.0,0.13378,466.0,0.13381,320.0
1753617169021,11:52:49.021,bitget,AERGO/USDT:USDT,0.13373,452.0,0.13372,300.0,0.13378,466.0,0.13381,320.0
1753617169171,11:52:49.171,bitget,AERGO/USDT:USDT,0.13373,452.0,0.13372,300.0,0.13378,466.0,0.13381,320.0
1753617169321,11:52:49.321,bitget,AERGO/USDT:USDT,0.13373,452.0,0.13372,300.0,0.13378,466.0,0.13381,320.0
1753617169471,11:52:49.471,bitget,AERGO/USDT:USDT,0.13373,452.0,0.13372,300.0,0.13378,466.0,0.13381,320.0
1753617169621,11:52:49.621,bitget,AERGO/USDT:USDT,0.13373,452.0,0.13372,300.0,0.13378,466.0,0.13381,320.0
1753617169771,11:52:49.771,bitget,AERGO/USDT:USDT,0.13373,452.0,0.13372,300.0,0.13378,466.0,0.13381,320.0
1753617169921,11:52:49.921,bitget,AERGO/USDT:USDT,0.13373,452.0,0.13372,300.0,0.13378,466.0,0.13381,320.0
1753617170371,11:52:50.371,bitget,AERGO/USDT:USDT,0.13373,752.0,0.13372,300.0,0.13378,466.0,0.13381,320.0
1753617170521,11:52:50.521,bitget,AERGO/USDT:USDT,0.13373,752.0,0.13372,300.0,0.13378,466.0,0.13381,320.0
1753617170672,11:52:50.672,bitget,AERGO/USDT:USDT,0.13373,300.0,0.13372,300.0,0.13378,466.0,0.13381,320.0
1753617170822,11:52:50.822,bitget,AERGO/USDT:USDT,0.13374,452.0,0.13373,300.0,0.13378,466.0,0.13381,320.0
1753617170972,11:52:50.972,bitget,AERGO/USDT:USDT,0.13374,452.0,0.13373,300.0,0.13378,466.0,0.13381,320.0
1753617171122,11:52:51.122,bitget,AERGO/USDT:USDT,0.13374,452.0,0.13373,300.0,0.13378,466.0,0.13381,320.0
1753617171272,11:52:51.272,bitget,AERGO/USDT:USDT,0.13374,452.0,0.13373,300.0,0.13378,466.0,0.13381,320.0
1753617171422,11:52:51.422,bitget,AERGO/USDT:USDT,0.13374,452.0,0.13373,300.0,0.13378,466.0,0.13381,320.0
1753617171572,11:52:51.572,bitget,AERGO/USDT:USDT,0.13374,452.0,0.13373,300.0,0.13378,466.0,0.13381,320.0
1753617171722,11:52:51.722,bitget,AERGO/USDT:USDT,0.13374,452.0,0.13373,300.0,0.13378,466.0,0.13381,320.0
1753617171872,11:52:51.872,bitget,AERGO/USDT:USDT,0.13374,452.0,0.13373,300.0,0.13378,466.0,0.13381,320.0
1753617172022,11:52:52.022,bitget,AERGO/USDT:USDT,0.13374,452.0,0.13373,300.0,0.13378,466.0,0.13381,320.0
1753617172173,11:52:52.173,bitget,AERGO/USDT:USDT,0.13374,452.0,0.13373,300.0,0.13378,466.0,0.13381,320.0
1753617172323,11:52:52.323,bitget,AERGO/USDT:USDT,0.13374,452.0,0.13373,300.0,0.13378,466.0,0.13381,320.0
1753617172473,11:52:52.473,bitget,AERGO/USDT:USDT,0.13374,452.0,0.13373,300.0,0.13378,466.0,0.13381,320.0
1753617172623,11:52:52.623,bitget,AERGO/USDT:USDT,0.13374,452.0,0.13373,300.0,0.13378,466.0,0.13381,320.0
1753617173073,11:52:53.073,bitget,AERGO/USDT:USDT,0.13374,452.0,0.13373,300.0,0.13378,466.0,0.13381,320.0
1753617173223,11:52:53.223,bitget,AERGO/USDT:USDT,0.13374,452.0,0.13373,300.0,0.13378,466.0,0.13381,320.0
1753617173373,11:52:53.373,bitget,AERGO/USDT:USDT,0.13374,452.0,0.13373,300.0,0.13378,466.0,0.13381,320.0
1753617173673,11:52:53.673,bitget,AERGO/USDT:USDT,0.13374,452.0,0.13373,300.0,0.13378,466.0,0.13381,320.0
1753617173823,11:52:53.823,bitget,AERGO/USDT:USDT,0.13374,452.0,0.13373,300.0,0.13378,466.0,0.13381,320.0
1753617174124,11:52:54.124,bitget,AERGO/USDT:USDT,0.13374,452.0,0.13373,300.0,0.13378,466.0,0.13381,320.0
1753617174574,11:52:54.574,bitget,AERGO/USDT:USDT,0.13374,452.0,0.13373,300.0,0.13378,466.0,0.13381,320.0
1753617174724,11:52:54.724,bitget,AERGO/USDT:USDT,0.13374,452.0,0.13373,300.0,0.13378,466.0,0.13381,320.0
1753617174874,11:52:54.874,bitget,AERGO/USDT:USDT,0.13374,452.0,0.13373,300.0,0.13378,466.0,0.13381,320.0
1753617175174,11:52:55.174,bitget,AERGO/USDT:USDT,0.13374,452.0,0.13373,300.0,0.13378,466.0,0.13381,320.0
1753617175324,11:52:55.324,bitget,AERGO/USDT:USDT,0.13374,452.0,0.13373,300.0,0.13378,466.0,0.13381,320.0
1753617175625,11:52:55.625,bitget,AERGO/USDT:USDT,0.13374,452.0,0.13373,300.0,0.13378,466.0,0.13381,320.0
1753617175775,11:52:55.775,bitget,AERGO/USDT:USDT,0.13374,452.0,0.13373,300.0,0.13378,466.0,0.13381,320.0
1753617175925,11:52:55.925,bitget,AERGO/USDT:USDT,0.13374,452.0,0.13373,300.0,0.13378,466.0,0.13381,320.0
1753617176075,11:52:56.075,bitget,AERGO/USDT:USDT,0.13374,452.0,0.13373,300.0,0.13378,466.0,0.13381,320.0
1753617176225,11:52:56.225,bitget,AERGO/USDT:USDT,0.13374,452.0,0.13373,300.0,0.13378,466.0,0.13381,320.0
1753617176375,11:52:56.375,bitget,AERGO/USDT:USDT,0.13374,452.0,0.13373,300.0,0.13378,466.0,0.13381,320.0
1753617176525,11:52:56.525,bitget,AERGO/USDT:USDT,0.13374,452.0,0.13373,300.0,0.13378,466.0,0.13381,320.0
1753617176675,11:52:56.675,bitget,AERGO/USDT:USDT,0.13374,452.0,0.13373,300.0,0.13378,466.0,0.13381,320.0
1753617176825,11:52:56.825,bitget,AERGO/USDT:USDT,0.13374,452.0,0.13373,300.0,0.13378,466.0,0.13381,320.0
1753617176975,11:52:56.975,bitget,AERGO/USDT:USDT,0.13374,452.0,0.13373,300.0,0.13378,466.0,0.13381,320.0
1753617177126,11:52:57.126,bitget,AERGO/USDT:USDT,0.13374,452.0,0.13373,300.0,0.13378,466.0,0.13381,320.0
1753617177276,11:52:57.276,bitget,AERGO/USDT:USDT,0.13374,452.0,0.13373,300.0,0.13378,466.0,0.13381,320.0
1753617177426,11:52:57.426,bitget,AERGO/USDT:USDT,0.13374,452.0,0.13373,300.0,0.13378,466.0,0.13381,320.0
1753617177576,11:52:57.576,bitget,AERGO/USDT:USDT,0.13374,452.0,0.13373,300.0,0.13378,466.0,0.13381,320.0
1753617177726,11:52:57.726,bitget,AERGO/USDT:USDT,0.13374,452.0,0.13373,300.0,0.13378,466.0,0.13381,320.0
1753617177876,11:52:57.876,bitget,AERGO/USDT:USDT,0.13374,452.0,0.13373,300.0,0.13378,466.0,0.13381,320.0
1753617178026,11:52:58.026,bitget,AERGO/USDT:USDT,0.13374,452.0,0.13373,300.0,0.13378,466.0,0.13381,320.0
1753617178176,11:52:58.176,bitget,AERGO/USDT:USDT,0.13374,452.0,0.13373,300.0,0.13378,466.0,0.13381,320.0
1753617178326,11:52:58.326,bitget,AERGO/USDT:USDT,0.13374,452.0,0.13373,300.0,0.13378,466.0,0.13381,320.0
1753617178626,11:52:58.626,bitget,AERGO/USDT:USDT,0.13374,452.0,0.13373,300.0,0.13378,466.0,0.13381,320.0
1753617178777,11:52:58.777,bitget,AERGO/USDT:USDT,0.13374,452.0,0.13373,300.0,0.13378,466.0,0.13381,320.0
1753617178927,11:52:58.927,bitget,AERGO/USDT:USDT,0.13374,452.0,0.13373,300.0,0.13378,466.0,0.13381,320.0
1753617179227,11:52:59.227,bitget,AERGO/USDT:USDT,0.13374,452.0,0.13373,300.0,0.13378,466.0,0.13381,320.0
1753617179377,11:52:59.377,bitget,AERGO/USDT:USDT,0.13374,452.0,0.13373,300.0,0.13378,466.0,0.13381,320.0
1753617179527,11:52:59.527,bitget,AERGO/USDT:USDT,0.13374,452.0,0.13373,300.0,0.13378,466.0,0.13381,320.0
1753617179677,11:52:59.677,bitget,AERGO/USDT:USDT,0.13374,452.0,0.13373,300.0,0.13378,466.0,0.13381,320.0
1753617179827,11:52:59.827,bitget,AERGO/USDT:USDT,0.13374,452.0,0.13373,300.0,0.13378,466.0,0.13381,320.0
1753617179977,11:52:59.977,bitget,AERGO/USDT:USDT,0.13374,452.0,0.13373,300.0,0.13378,466.0,0.13381,320.0
1753617180127,11:53:00.127,bitget,AERGO/USDT:USDT,0.13374,452.0,0.13373,300.0,0.13378,466.0,0.13381,320.0
1753617180277,11:53:00.277,bitget,AERGO/USDT:USDT,0.13374,452.0,0.13373,300.0,0.13378,466.0,0.13381,320.0
1753617180427,11:53:00.427,bitget,AERGO/USDT:USDT,0.13374,452.0,0.13373,300.0,0.13378,466.0,0.13381,320.0
1753617180578,11:53:00.578,bitget,AERGO/USDT:USDT,0.13374,452.0,0.13373,300.0,0.13378,466.0,0.13381,320.0
1753617180728,11:53:00.728,bitget,AERGO/USDT:USDT,0.13374,452.0,0.13373,300.0,0.13378,466.0,0.13381,320.0
1753617181028,11:53:01.028,bitget,AERGO/USDT:USDT,0.13374,452.0,0.13373,300.0,0.13378,466.0,0.13381,320.0
1753617181178,11:53:01.178,bitget,AERGO/USDT:USDT,0.13374,452.0,0.13373,300.0,0.13378,466.0,0.13381,320.0
1753617181328,11:53:01.328,bitget,AERGO/USDT:USDT,0.13374,452.0,0.13373,300.0,0.13378,466.0,0.13381,320.0
1753617181478,11:53:01.478,bitget,AERGO/USDT:USDT,0.13374,452.0,0.13373,300.0,0.13378,466.0,0.13381,320.0
1753617181628,11:53:01.628,bitget,AERGO/USDT:USDT,0.13374,452.0,0.13373,300.0,0.13378,466.0,0.13381,320.0
1753617181778,11:53:01.778,bitget,AERGO/USDT:USDT,0.13374,452.0,0.13373,300.0,0.13378,466.0,0.13381,320.0
1753617181928,11:53:01.928,bitget,AERGO/USDT:USDT,0.13374,452.0,0.13373,300.0,0.13378,466.0,0.13381,320.0
1753617182079,11:53:02.079,bitget,AERGO/USDT:USDT,0.13374,452.0,0.13373,300.0,0.13378,466.0,0.13381,320.0
1753617182379,11:53:02.379,bitget,AERGO/USDT:USDT,0.13374,452.0,0.13373,300.0,0.13378,466.0,0.13381,320.0
1753617182679,11:53:02.679,bitget,AERGO/USDT:USDT,0.13374,452.0,0.13373,300.0,0.13378,466.0,0.13381,320.0
1753617182829,11:53:02.829,bitget,AERGO/USDT:USDT,0.13374,452.0,0.13373,300.0,0.13378,466.0,0.13381,320.0
1753617182979,11:53:02.979,bitget,AERGO/USDT:USDT,0.13374,452.0,0.13373,300.0,0.13378,466.0,0.13381,320.0
1753617183129,11:53:03.129,bitget,AERGO/USDT:USDT,0.13374,452.0,0.13373,300.0,0.13378,466.0,0.13381,320.0
1753617183279,11:53:03.279,bitget,AERGO/USDT:USDT,0.13374,452.0,0.13373,300.0,0.13378,466.0,0.13381,320.0
1753617183429,11:53:03.429,bitget,AERGO/USDT:USDT,0.13374,452.0,0.13373,300.0,0.13378,466.0,0.13381,320.0
1753617183580,11:53:03.580,bitget,AERGO/USDT:USDT,0.13374,452.0,0.13373,300.0,0.13378,466.0,0.13381,320.0
1753617183880,11:53:03.880,bitget,AERGO/USDT:USDT,0.13376,461.0,0.13375,362.0,0.13386,466.0,0.13387,1521.0
1753617184180,11:53:04.180,bitget,AERGO/USDT:USDT,0.13377,461.0,0.13376,362.0,0.13386,466.0,0.13388,758.0
1753617184330,11:53:04.330,bitget,AERGO/USDT:USDT,0.13377,823.0,0.13376,362.0,0.13386,466.0,0.13388,758.0
1753617184630,11:53:04.630,bitget,AERGO/USDT:USDT,0.13378,461.0,0.13377,362.0,0.13386,828.0,0.13388,758.0
1753617184780,11:53:04.780,bitget,AERGO/USDT:USDT,0.13378,461.0,0.13377,362.0,0.13385,461.0,0.13386,362.0
1753617184930,11:53:04.930,bitget,AERGO/USDT:USDT,0.13378,461.0,0.13377,362.0,0.13385,461.0,0.13386,362.0
1753617185080,11:53:05.080,bitget,AERGO/USDT:USDT,0.13378,461.0,0.13377,362.0,0.13385,461.0,0.13386,362.0
1753617185231,11:53:05.231,bitget,AERGO/USDT:USDT,0.13378,461.0,0.13377,362.0,0.13385,461.0,0.13386,362.0
1753617185381,11:53:05.381,bitget,AERGO/USDT:USDT,0.13378,461.0,0.13377,362.0,0.13385,461.0,0.13386,362.0
1753617185531,11:53:05.531,bitget,AERGO/USDT:USDT,0.13378,461.0,0.13377,362.0,0.13385,461.0,0.13386,362.0
1753617185681,11:53:05.681,bitget,AERGO/USDT:USDT,0.13378,461.0,0.13377,362.0,0.13385,461.0,0.13386,362.0
1753617185831,11:53:05.831,bitget,AERGO/USDT:USDT,0.13378,461.0,0.13377,362.0,0.13385,461.0,0.13386,362.0
1753617185981,11:53:05.981,bitget,AERGO/USDT:USDT,0.13378,461.0,0.13377,362.0,0.13385,461.0,0.13386,362.0
1753617186131,11:53:06.131,bitget,AERGO/USDT:USDT,0.13378,461.0,0.13377,362.0,0.13385,461.0,0.13386,362.0
1753617186581,11:53:06.581,bitget,AERGO/USDT:USDT,0.13378,461.0,0.13377,362.0,0.13385,461.0,0.13386,656.0
1753617186731,11:53:06.731,bitget,AERGO/USDT:USDT,0.13378,461.0,0.13377,362.0,0.13385,461.0,0.13386,656.0
1753617186881,11:53:06.881,bitget,AERGO/USDT:USDT,0.13378,461.0,0.13377,362.0,0.13385,461.0,0.13386,656.0
1753617187182,11:53:07.182,bitget,AERGO/USDT:USDT,0.13378,461.0,0.13377,362.0,0.13385,823.0,0.13386,294.0
1753617187482,11:53:07.482,bitget,AERGO/USDT:USDT,0.13378,461.0,0.13377,362.0,0.13384,461.0,0.13385,362.0
1753617187632,11:53:07.632,bitget,AERGO/USDT:USDT,0.13378,461.0,0.13377,362.0,0.13384,461.0,0.13385,362.0
1753617187932,11:53:07.932,bitget,AERGO/USDT:USDT,0.13378,461.0,0.13377,362.0,0.13384,461.0,0.13385,362.0
1753617188082,11:53:08.082,bitget,AERGO/USDT:USDT,0.13378,461.0,0.13377,362.0,0.13384,461.0,0.13385,362.0
1753617188232,11:53:08.232,bitget,AERGO/USDT:USDT,0.13378,461.0,0.13377,362.0,0.13384,461.0,0.13385,362.0
1753617188382,11:53:08.382,bitget,AERGO/USDT:USDT,0.13378,461.0,0.13377,362.0,0.13384,461.0,0.13385,362.0
1753617188533,11:53:08.533,bitget,AERGO/USDT:USDT,0.13378,461.0,0.13377,362.0,0.13384,461.0,0.13385,362.0
1753617188683,11:53:08.683,bitget,AERGO/USDT:USDT,0.13378,461.0,0.13377,362.0,0.13384,461.0,0.13385,362.0
1753617188833,11:53:08.833,bitget,AERGO/USDT:USDT,0.13378,461.0,0.13377,362.0,0.13384,461.0,0.13385,362.0
1753617188983,11:53:08.983,bitget,AERGO/USDT:USDT,0.13378,461.0,0.13377,362.0,0.13384,461.0,0.13385,362.0
1753617189133,11:53:09.133,bitget,AERGO/USDT:USDT,0.13378,461.0,0.13377,362.0,0.13384,461.0,0.13385,362.0
1753617189433,11:53:09.433,bitget,AERGO/USDT:USDT,0.13378,461.0,0.13377,362.0,0.13384,461.0,0.13385,362.0
1753617190033,11:53:10.033,bitget,AERGO/USDT:USDT,0.13378,461.0,0.13377,362.0,0.13384,461.0,0.13385,362.0
1753617190184,11:53:10.184,bitget,AERGO/USDT:USDT,0.13378,461.0,0.13377,362.0,0.13384,461.0,0.13385,362.0
1753617190634,11:53:10.634,bitget,AERGO/USDT:USDT,0.13378,461.0,0.13377,362.0,0.13384,461.0,0.13385,362.0
1753617190784,11:53:10.784,bitget,AERGO/USDT:USDT,0.13378,461.0,0.13377,362.0,0.13384,461.0,0.13385,362.0
1753617190934,11:53:10.934,bitget,AERGO/USDT:USDT,0.13378,461.0,0.13377,362.0,0.13384,461.0,0.13385,362.0
1753617191234,11:53:11.234,bitget,AERGO/USDT:USDT,0.13378,461.0,0.13377,362.0,0.13384,461.0,0.13385,362.0
1753617191384,11:53:11.384,bitget,AERGO/USDT:USDT,0.13378,461.0,0.13377,362.0,0.13384,461.0,0.13385,362.0
1753617191534,11:53:11.534,bitget,AERGO/USDT:USDT,0.13378,461.0,0.13377,362.0,0.13384,461.0,0.13385,362.0
1753617191684,11:53:11.684,bitget,AERGO/USDT:USDT,0.13378,461.0,0.13377,362.0,0.13384,461.0,0.13385,362.0
1753617191985,11:53:11.985,bitget,AERGO/USDT:USDT,0.13378,461.0,0.13377,362.0,0.13384,461.0,0.13385,362.0
1753617192285,11:53:12.285,bitget,AERGO/USDT:USDT,0.13378,461.0,0.13377,362.0,0.13384,461.0,0.13385,362.0
1753617192585,11:53:12.585,bitget,AERGO/USDT:USDT,0.13378,461.0,0.13377,362.0,0.13384,461.0,0.13385,362.0
1753617192735,11:53:12.735,bitget,AERGO/USDT:USDT,0.13378,461.0,0.13377,362.0,0.13384,461.0,0.13385,362.0
1753617193185,11:53:13.185,bitget,AERGO/USDT:USDT,0.13378,461.0,0.13377,362.0,0.13384,461.0,0.13385,362.0
1753617194086,11:53:14.086,bitget,AERGO/USDT:USDT,0.13378,461.0,0.13377,362.0,0.13384,461.0,0.13385,362.0
1753617194387,11:53:14.387,bitget,AERGO/USDT:USDT,0.13378,461.0,0.13377,362.0,0.13384,461.0,0.13385,362.0
1753617194687,11:53:14.687,bitget,AERGO/USDT:USDT,0.13378,461.0,0.13377,362.0,0.13384,461.0,0.13385,362.0
1753617194837,11:53:14.837,bitget,AERGO/USDT:USDT,0.13378,461.0,0.13377,362.0,0.13384,461.0,0.13385,362.0
1753617194987,11:53:14.987,bitget,AERGO/USDT:USDT,0.13378,461.0,0.13377,362.0,0.13384,461.0,0.13385,362.0
1753617195137,11:53:15.137,bitget,AERGO/USDT:USDT,0.13378,461.0,0.13377,362.0,0.13384,461.0,0.13385,362.0
1753617195887,11:53:15.887,bitget,AERGO/USDT:USDT,0.13378,461.0,0.13377,362.0,0.13384,461.0,0.13385,362.0
1753617196037,11:53:16.037,bitget,AERGO/USDT:USDT,0.13378,461.0,0.13377,362.0,0.13384,461.0,0.13385,362.0
1753617196188,11:53:16.188,bitget,AERGO/USDT:USDT,0.13378,461.0,0.13377,362.0,0.13384,461.0,0.13388,758.0
1753617196638,11:53:16.638,bitget,AERGO/USDT:USDT,0.13379,472.0,0.13378,3737.0,0.13384,461.0,0.13388,758.0
1753617196788,11:53:16.788,bitget,AERGO/USDT:USDT,0.13379,472.0,0.13378,3737.0,0.13384,461.0,0.13388,758.0
1753617197238,11:53:17.238,bitget,AERGO/USDT:USDT,0.13379,472.0,0.13378,3737.0,0.13384,461.0,0.13388,758.0
1753617197388,11:53:17.388,bitget,AERGO/USDT:USDT,0.13379,472.0,0.13378,3737.0,0.13384,461.0,0.13388,758.0
1753617197839,11:53:17.839,bitget,AERGO/USDT:USDT,0.13379,472.0,0.13378,3737.0,0.13384,461.0,0.13388,758.0
1753617197989,11:53:17.989,bitget,AERGO/USDT:USDT,0.13379,472.0,0.13378,3737.0,0.13384,461.0,0.13388,758.0
1753617198289,11:53:18.289,bitget,AERGO/USDT:USDT,0.13379,472.0,0.13378,3737.0,0.13384,461.0,0.13388,758.0
1753617198439,11:53:18.439,bitget,AERGO/USDT:USDT,0.13379,472.0,0.13378,3737.0,0.13384,461.0,0.13388,758.0
1753617198589,11:53:18.589,bitget,AERGO/USDT:USDT,0.13379,472.0,0.13378,3737.0,0.13384,461.0,0.13388,758.0
1753617198739,11:53:18.739,bitget,AERGO/USDT:USDT,0.13379,472.0,0.13378,3737.0,0.13384,461.0,0.13388,758.0
1753617198889,11:53:18.889,bitget,AERGO/USDT:USDT,0.13379,472.0,0.13378,3737.0,0.13384,461.0,0.13388,758.0
1753617199039,11:53:19.039,bitget,AERGO/USDT:USDT,0.13379,472.0,0.13378,3737.0,0.13384,461.0,0.13388,758.0
1753617199189,11:53:19.189,bitget,AERGO/USDT:USDT,0.13379,472.0,0.13378,3737.0,0.13384,461.0,0.13388,758.0
1753617199489,11:53:19.489,bitget,AERGO/USDT:USDT,0.13379,472.0,0.13378,3737.0,0.13386,460.0,0.13388,758.0
1753617200090,11:53:20.090,bitget,AERGO/USDT:USDT,0.13379,332.0,0.13378,460.0,0.13385,460.0,0.13386,157.0
1753617200690,11:53:20.690,bitget,AERGO/USDT:USDT,0.13379,792.0,0.13377,362.0,0.13385,460.0,0.13386,157.0
1753617200840,11:53:20.840,bitget,AERGO/USDT:USDT,0.13379,792.0,0.13377,362.0,0.13385,460.0,0.13386,157.0
1753617201140,11:53:21.140,bitget,AERGO/USDT:USDT,0.1338,460.0,0.13378,460.0,0.13385,460.0,0.13387,454.0
1753617201441,11:53:21.441,bitget,AERGO/USDT:USDT,0.1338,460.0,0.13379,234.0,0.13385,460.0,0.13387,454.0
1753617201591,11:53:21.591,bitget,AERGO/USDT:USDT,0.1338,460.0,0.13378,460.0,0.13385,460.0,0.13387,454.0
1753617202041,11:53:22.041,bitget,AERGO/USDT:USDT,0.13379,460.0,0.13378,704.0,0.13385,460.0,0.13387,454.0
1753617202341,11:53:22.341,bitget,AERGO/USDT:USDT,0.13379,460.0,0.13378,704.0,0.13385,460.0,0.13387,454.0
1753617202491,11:53:22.491,bitget,AERGO/USDT:USDT,0.13379,460.0,0.13378,704.0,0.13385,460.0,0.13387,454.0
1753617202791,11:53:22.791,bitget,AERGO/USDT:USDT,0.13379,460.0,0.13378,704.0,0.13385,460.0,0.13387,454.0
1753617203242,11:53:23.242,bitget,AERGO/USDT:USDT,0.13379,460.0,0.13378,704.0,0.13385,460.0,0.13388,758.0
1753617203392,11:53:23.392,bitget,AERGO/USDT:USDT,0.13379,460.0,0.13378,704.0,0.13385,460.0,0.13388,758.0
1753617203842,11:53:23.842,bitget,AERGO/USDT:USDT,0.13379,460.0,0.13378,704.0,0.13385,460.0,0.13388,758.0
1753617204592,11:53:24.592,bitget,AERGO/USDT:USDT,0.13379,460.0,0.13378,704.0,0.13385,460.0,0.13388,758.0
1753617204893,11:53:24.893,bitget,AERGO/USDT:USDT,0.13379,460.0,0.13378,704.0,0.13385,460.0,0.13388,758.0
1753617205043,11:53:25.043,bitget,AERGO/USDT:USDT,0.13379,460.0,0.13378,704.0,0.13385,460.0,0.13388,758.0
1753617205193,11:53:25.193,bitget,AERGO/USDT:USDT,0.13379,460.0,0.13378,704.0,0.13385,460.0,0.13388,758.0
1753617205343,11:53:25.343,bitget,AERGO/USDT:USDT,0.13379,460.0,0.13378,704.0,0.13385,460.0,0.13388,758.0
1753617205643,11:53:25.643,bitget,AERGO/USDT:USDT,0.13379,460.0,0.13378,704.0,0.13385,460.0,0.13388,758.0
1753617206394,11:53:26.394,bitget,AERGO/USDT:USDT,0.13379,460.0,0.13378,704.0,0.13385,460.0,0.13388,758.0
1753617206544,11:53:26.544,bitget,AERGO/USDT:USDT,0.13379,460.0,0.13378,704.0,0.13385,460.0,0.13388,758.0
1753617206694,11:53:26.694,bitget,AERGO/USDT:USDT,0.13379,460.0,0.13378,704.0,0.13385,460.0,0.13388,758.0
1753617207294,11:53:27.294,bitget,AERGO/USDT:USDT,0.1338,460.0,0.13379,676.0,0.13385,460.0,0.13388,758.0
1753617207444,11:53:27.444,bitget,AERGO/USDT:USDT,0.1338,460.0,0.13379,676.0,0.13385,460.0,0.13388,758.0
1753617207594,11:53:27.594,bitget,AERGO/USDT:USDT,0.1338,460.0,0.13379,676.0,0.13385,460.0,0.13388,758.0
1753617207744,11:53:27.744,bitget,AERGO/USDT:USDT,0.1338,460.0,0.13379,676.0,0.13385,460.0,0.13388,758.0
1753617207894,11:53:27.894,bitget,AERGO/USDT:USDT,0.1338,460.0,0.13379,676.0,0.13385,460.0,0.13388,758.0
1753617208045,11:53:28.045,bitget,AERGO/USDT:USDT,0.1338,460.0,0.13379,676.0,0.13385,460.0,0.13388,758.0
1753617208195,11:53:28.195,bitget,AERGO/USDT:USDT,0.1338,460.0,0.13379,676.0,0.13385,460.0,0.13388,758.0
1753617208345,11:53:28.345,bitget,AERGO/USDT:USDT,0.1338,460.0,0.13379,676.0,0.13385,460.0,0.13388,758.0
1753617208645,11:53:28.645,bitget,AERGO/USDT:USDT,0.1338,460.0,0.13379,676.0,0.13385,460.0,0.13388,758.0
1753617208795,11:53:28.795,bitget,AERGO/USDT:USDT,0.1338,460.0,0.13379,676.0,0.13385,460.0,0.13388,758.0
1753617209095,11:53:29.095,bitget,AERGO/USDT:USDT,0.1338,460.0,0.13379,676.0,0.13385,460.0,0.13388,758.0
1753617209245,11:53:29.245,bitget,AERGO/USDT:USDT,0.1338,460.0,0.13379,676.0,0.13385,460.0,0.13388,758.0
1753617209395,11:53:29.395,bitget,AERGO/USDT:USDT,0.1338,460.0,0.13379,676.0,0.13385,460.0,0.13388,758.0
1753617209846,11:53:29.846,bitget,AERGO/USDT:USDT,0.1338,460.0,0.13379,676.0,0.13385,460.0,0.13388,758.0
1753617210296,11:53:30.296,bitget,AERGO/USDT:USDT,0.1338,460.0,0.13379,676.0,0.13388,758.0,0.13389,465.0
1753617210596,11:53:30.596,bitget,AERGO/USDT:USDT,0.1338,460.0,0.13379,676.0,0.13387,468.0,0.13388,758.0
1753617210896,11:53:30.896,bitget,AERGO/USDT:USDT,0.1338,460.0,0.13379,676.0,0.13387,468.0,0.13388,758.0
1753617211196,11:53:31.196,bitget,AERGO/USDT:USDT,0.1338,460.0,0.13379,676.0,0.13387,468.0,0.13388,758.0
1753617211347,11:53:31.347,bitget,AERGO/USDT:USDT,0.1338,460.0,0.13379,676.0,0.13387,468.0,0.13388,758.0
1753617211497,11:53:31.497,bitget,AERGO/USDT:USDT,0.1338,460.0,0.13379,676.0,0.13387,468.0,0.13388,758.0
1753617211647,11:53:31.647,bitget,AERGO/USDT:USDT,0.1338,460.0,0.13379,676.0,0.13387,468.0,0.13388,758.0
1753617211797,11:53:31.797,bitget,AERGO/USDT:USDT,0.1338,460.0,0.13379,676.0,0.13387,468.0,0.13388,758.0
1753617211947,11:53:31.947,bitget,AERGO/USDT:USDT,0.1338,460.0,0.13379,676.0,0.13387,468.0,0.13388,758.0
1753617212097,11:53:32.097,bitget,AERGO/USDT:USDT,0.1338,460.0,0.13379,676.0,0.13387,468.0,0.13388,758.0
1753617212247,11:53:32.247,bitget,AERGO/USDT:USDT,0.1338,460.0,0.13379,676.0,0.13387,468.0,0.13388,758.0
1753617212397,11:53:32.397,bitget,AERGO/USDT:USDT,0.1338,460.0,0.13379,676.0,0.13387,468.0,0.13388,758.0
1753617212547,11:53:32.547,bitget,AERGO/USDT:USDT,0.1338,460.0,0.13379,676.0,0.13387,468.0,0.13388,758.0
1753617212697,11:53:32.697,bitget,AERGO/USDT:USDT,0.1338,460.0,0.13379,676.0,0.13387,468.0,0.13388,758.0
1753617212847,11:53:32.847,bitget,AERGO/USDT:USDT,0.1338,460.0,0.13379,676.0,0.13387,468.0,0.13388,758.0
1753617212998,11:53:32.998,bitget,AERGO/USDT:USDT,0.1338,460.0,0.13379,676.0,0.13387,468.0,0.13388,758.0
1753617213298,11:53:33.298,bitget,AERGO/USDT:USDT,0.1338,460.0,0.13379,676.0,0.13387,468.0,0.13388,758.0
1753617213598,11:53:33.598,bitget,AERGO/USDT:USDT,0.13381,468.0,0.1338,362.0,0.13387,468.0,0.13388,758.0
1753617214048,11:53:34.048,bitget,AERGO/USDT:USDT,0.13381,468.0,0.1338,362.0,0.13387,468.0,0.13388,758.0
1753617214198,11:53:34.198,bitget,AERGO/USDT:USDT,0.13381,468.0,0.1338,362.0,0.13387,468.0,0.13388,758.0
1753617214348,11:53:34.348,bitget,AERGO/USDT:USDT,0.13381,468.0,0.1338,362.0,0.13387,468.0,0.13388,758.0
1753617214498,11:53:34.498,bitget,AERGO/USDT:USDT,0.13381,468.0,0.1338,362.0,0.13387,468.0,0.13388,758.0
1753617214649,11:53:34.649,bitget,AERGO/USDT:USDT,0.13381,468.0,0.1338,362.0,0.13387,468.0,0.13388,758.0
1753617214799,11:53:34.799,bitget,AERGO/USDT:USDT,0.13381,468.0,0.1338,362.0,0.13387,468.0,0.13388,758.0
1753617214949,11:53:34.949,bitget,AERGO/USDT:USDT,0.13381,468.0,0.1338,362.0,0.13387,468.0,0.13388,758.0
1753617215099,11:53:35.099,bitget,AERGO/USDT:USDT,0.13381,468.0,0.1338,362.0,0.13387,468.0,0.13388,758.0
1753617215399,11:53:35.399,bitget,AERGO/USDT:USDT,0.13381,468.0,0.1338,362.0,0.13387,468.0,0.13388,758.0
1753617215849,11:53:35.849,bitget,AERGO/USDT:USDT,0.13381,468.0,0.1338,362.0,0.13387,468.0,0.13388,758.0
1753617216000,11:53:36.000,bitget,AERGO/USDT:USDT,0.13381,468.0,0.1338,362.0,0.13387,468.0,0.13388,758.0
1753617216450,11:53:36.450,bitget,AERGO/USDT:USDT,0.13381,468.0,0.1338,362.0,0.13387,468.0,0.13388,758.0
1753617216600,11:53:36.600,bitget,AERGO/USDT:USDT,0.13381,468.0,0.1338,362.0,0.13387,468.0,0.13388,758.0
1753617216750,11:53:36.750,bitget,AERGO/USDT:USDT,0.13381,468.0,0.1338,362.0,0.13387,468.0,0.13388,758.0
1753617216900,11:53:36.900,bitget,AERGO/USDT:USDT,0.13381,468.0,0.1338,362.0,0.13387,468.0,0.13388,758.0
1753617217050,11:53:37.050,bitget,AERGO/USDT:USDT,0.13381,468.0,0.1338,362.0,0.13387,468.0,0.13388,758.0
1753617217651,11:53:37.651,bitget,AERGO/USDT:USDT,0.13381,468.0,0.1338,362.0,0.13387,468.0,0.13388,758.0
1753617217801,11:53:37.801,bitget,AERGO/USDT:USDT,0.13381,468.0,0.1338,362.0,0.13387,468.0,0.13388,758.0
1753617217951,11:53:37.951,bitget,AERGO/USDT:USDT,0.13381,468.0,0.1338,362.0,0.13387,468.0,0.13388,758.0
1753617218101,11:53:38.101,bitget,AERGO/USDT:USDT,0.13381,468.0,0.1338,362.0,0.13387,468.0,0.13388,758.0
1753617218251,11:53:38.251,bitget,AERGO/USDT:USDT,0.13381,468.0,0.1338,362.0,0.13387,468.0,0.13388,758.0
1753617218551,11:53:38.551,bitget,AERGO/USDT:USDT,0.13381,468.0,0.1338,362.0,0.13387,468.0,0.13388,758.0
1753617218701,11:53:38.701,bitget,AERGO/USDT:USDT,0.13381,468.0,0.1338,362.0,0.13387,468.0,0.13388,758.0
1753617219001,11:53:39.001,bitget,AERGO/USDT:USDT,0.13381,468.0,0.1338,362.0,0.13387,468.0,0.13388,758.0
1753617219451,11:53:39.451,bitget,AERGO/USDT:USDT,0.13381,468.0,0.1338,362.0,0.13387,468.0,0.13388,758.0
1753617219602,11:53:39.602,bitget,AERGO/USDT:USDT,0.13381,468.0,0.1338,362.0,0.13387,468.0,0.13388,758.0
1753617219752,11:53:39.752,bitget,AERGO/USDT:USDT,0.13381,468.0,0.1338,362.0,0.13387,468.0,0.13388,758.0
1753617219902,11:53:39.902,bitget,AERGO/USDT:USDT,0.13381,468.0,0.1338,362.0,0.13387,468.0,0.13388,758.0
1753617220052,11:53:40.052,bitget,AERGO/USDT:USDT,0.13381,468.0,0.1338,362.0,0.13387,468.0,0.13388,758.0
1753617220202,11:53:40.202,bitget,AERGO/USDT:USDT,0.13381,4204.0,0.1338,362.0,0.13387,468.0,0.13388,758.0
1753617220352,11:53:40.352,bitget,AERGO/USDT:USDT,0.13382,465.0,0.13381,3736.0,0.13387,468.0,0.13388,758.0
1753617220503,11:53:40.503,bitget,AERGO/USDT:USDT,0.13382,465.0,0.13381,3736.0,0.13387,468.0,0.13388,758.0
1753617220652,11:53:40.652,bitget,AERGO/USDT:USDT,0.13382,465.0,0.13381,3736.0,0.13387,468.0,0.13388,758.0
1753617220802,11:53:40.802,bitget,AERGO/USDT:USDT,0.13382,465.0,0.13381,3736.0,0.13387,468.0,0.13388,758.0
1753617221103,11:53:41.103,bitget,AERGO/USDT:USDT,0.13382,465.0,0.13381,3736.0,0.13387,468.0,0.13388,758.0
1753617221253,11:53:41.253,bitget,AERGO/USDT:USDT,0.13382,465.0,0.13381,3736.0,0.13387,468.0,0.13388,758.0
1753617221403,11:53:41.403,bitget,AERGO/USDT:USDT,0.13382,465.0,0.13381,3736.0,0.13387,468.0,0.13388,758.0
1753617221553,11:53:41.553,bitget,AERGO/USDT:USDT,0.13382,465.0,0.13381,3736.0,0.13387,468.0,0.13388,758.0
1753617221703,11:53:41.703,bitget,AERGO/USDT:USDT,0.13382,465.0,0.13381,3736.0,0.13387,468.0,0.13388,758.0
1753617221853,11:53:41.853,bitget,AERGO/USDT:USDT,0.13382,465.0,0.13381,3736.0,0.13387,468.0,0.13388,758.0
1753617222304,11:53:42.304,bitget,AERGO/USDT:USDT,0.13382,465.0,0.13381,3736.0,0.13387,468.0,0.13388,758.0
1753617222453,11:53:42.453,bitget,AERGO/USDT:USDT,0.13382,465.0,0.13381,3736.0,0.13387,468.0,0.13388,758.0
1753617222604,11:53:42.604,bitget,AERGO/USDT:USDT,0.13382,465.0,0.13381,3736.0,0.13387,468.0,0.13388,758.0
1753617223054,11:53:43.054,bitget,AERGO/USDT:USDT,0.13382,465.0,0.13381,3736.0,0.13387,468.0,0.13388,758.0
1753617223504,11:53:43.504,bitget,AERGO/USDT:USDT,0.13383,362.0,0.13382,465.0,0.13389,465.0,0.1339,2279.0
1753617223654,11:53:43.654,bitget,AERGO/USDT:USDT,0.13384,465.0,0.13383,362.0,0.13389,465.0,0.1339,2279.0
1753617223804,11:53:43.804,bitget,AERGO/USDT:USDT,0.13384,465.0,0.13383,362.0,0.13389,465.0,0.1339,2279.0
1753617223954,11:53:43.954,bitget,AERGO/USDT:USDT,0.13384,465.0,0.13383,362.0,0.13389,465.0,0.1339,2279.0
1753617224255,11:53:44.255,bitget,AERGO/USDT:USDT,0.13384,465.0,0.13383,362.0,0.13389,465.0,0.1339,2279.0
1753617224555,11:53:44.555,bitget,AERGO/USDT:USDT,0.13384,465.0,0.13383,362.0,0.13389,465.0,0.1339,2279.0
1753617224855,11:53:44.855,bitget,AERGO/USDT:USDT,0.13384,465.0,0.13383,362.0,0.13389,465.0,0.1339,2279.0
1753617225005,11:53:45.005,bitget,AERGO/USDT:USDT,0.13384,465.0,0.13383,362.0,0.13389,465.0,0.1339,2279.0
1753617225305,11:53:45.305,bitget,AERGO/USDT:USDT,0.13384,465.0,0.13383,362.0,0.13389,465.0,0.1339,2279.0
1753617225605,11:53:45.605,bitget,AERGO/USDT:USDT,0.13384,465.0,0.13383,362.0,0.13389,465.0,0.1339,2279.0
1753617225755,11:53:45.755,bitget,AERGO/USDT:USDT,0.13384,465.0,0.13383,362.0,0.13389,465.0,0.1339,2279.0
1753617225906,11:53:45.906,bitget,AERGO/USDT:USDT,0.13384,465.0,0.13383,362.0,0.13389,465.0,0.1339,2279.0
1753617226056,11:53:46.056,bitget,AERGO/USDT:USDT,0.13384,465.0,0.13383,362.0,0.13389,465.0,0.1339,2279.0
1753617226206,11:53:46.206,bitget,AERGO/USDT:USDT,0.13384,465.0,0.13383,362.0,0.13389,465.0,0.1339,2279.0
1753617226356,11:53:46.356,bitget,AERGO/USDT:USDT,0.13384,465.0,0.13383,362.0,0.13389,465.0,0.1339,2279.0
1753617226506,11:53:46.506,bitget,AERGO/USDT:USDT,0.13384,465.0,0.13383,362.0,0.13389,465.0,0.1339,2279.0
1753617226656,11:53:46.656,bitget,AERGO/USDT:USDT,0.13384,465.0,0.13383,362.0,0.13389,465.0,0.1339,2279.0
1753617226806,11:53:46.806,bitget,AERGO/USDT:USDT,0.13384,465.0,0.13383,362.0,0.13389,465.0,0.1339,2279.0
1753617226956,11:53:46.956,bitget,AERGO/USDT:USDT,0.13384,465.0,0.13383,362.0,0.13389,465.0,0.1339,2279.0
1753617227106,11:53:47.106,bitget,AERGO/USDT:USDT,0.13384,465.0,0.13383,362.0,0.13389,465.0,0.1339,2279.0
1753617227256,11:53:47.256,bitget,AERGO/USDT:USDT,0.13384,465.0,0.13383,362.0,0.13389,465.0,0.1339,2279.0
1753617227406,11:53:47.406,bitget,AERGO/USDT:USDT,0.13384,465.0,0.13383,362.0,0.13389,465.0,0.1339,2279.0
1753617227557,11:53:47.557,bitget,AERGO/USDT:USDT,0.13384,465.0,0.13383,362.0,0.13389,465.0,0.1339,2279.0
1753617227707,11:53:47.707,bitget,AERGO/USDT:USDT,0.13384,465.0,0.13383,362.0,0.13389,465.0,0.1339,2279.0
1753617227857,11:53:47.857,bitget,AERGO/USDT:USDT,0.13384,465.0,0.13383,362.0,0.13389,465.0,0.1339,2279.0
1753617228007,11:53:48.007,bitget,AERGO/USDT:USDT,0.13384,465.0,0.13383,362.0,0.13389,465.0,0.1339,2279.0
1753617228157,11:53:48.157,bitget,AERGO/USDT:USDT,0.13384,465.0,0.13383,362.0,0.13389,465.0,0.1339,2279.0
1753617228307,11:53:48.307,bitget,AERGO/USDT:USDT,0.13384,465.0,0.13383,362.0,0.13389,465.0,0.1339,2279.0
1753617228607,11:53:48.607,bitget,AERGO/USDT:USDT,0.13384,465.0,0.13383,362.0,0.13389,465.0,0.1339,2279.0
1753617228757,11:53:48.757,bitget,AERGO/USDT:USDT,0.13384,465.0,0.13383,362.0,0.13389,465.0,0.1339,2279.0
1753617228907,11:53:48.907,bitget,AERGO/USDT:USDT,0.13384,465.0,0.13383,362.0,0.1339,2279.0,0.13391,468.0
1753617229057,11:53:49.057,bitget,AERGO/USDT:USDT,0.13384,465.0,0.13383,362.0,0.13389,465.0,0.1339,2279.0
1753617229207,11:53:49.207,bitget,AERGO/USDT:USDT,0.13384,465.0,0.13383,362.0,0.13389,465.0,0.1339,2279.0
1753617229358,11:53:49.358,bitget,AERGO/USDT:USDT,0.13384,465.0,0.13383,362.0,0.13389,465.0,0.1339,2279.0
1753617229508,11:53:49.508,bitget,AERGO/USDT:USDT,0.13384,465.0,0.13383,362.0,0.13389,465.0,0.1339,2279.0
1753617229658,11:53:49.658,bitget,AERGO/USDT:USDT,0.13384,465.0,0.13383,362.0,0.13389,465.0,0.1339,2279.0
1753617229808,11:53:49.808,bitget,AERGO/USDT:USDT,0.13384,465.0,0.13383,362.0,0.13389,465.0,0.1339,2279.0
1753617229958,11:53:49.958,bitget,AERGO/USDT:USDT,0.13384,465.0,0.13383,362.0,0.13389,465.0,0.1339,2279.0
1753617230108,11:53:50.108,bitget,AERGO/USDT:USDT,0.13384,465.0,0.13383,362.0,0.13389,465.0,0.1339,2279.0
1753617230258,11:53:50.258,bitget,AERGO/USDT:USDT,0.13384,465.0,0.13383,362.0,0.13389,465.0,0.1339,2279.0
1753617230408,11:53:50.408,bitget,AERGO/USDT:USDT,0.13384,465.0,0.13383,362.0,0.13389,465.0,0.1339,2279.0
1753617230558,11:53:50.558,bitget,AERGO/USDT:USDT,0.13384,465.0,0.13383,362.0,0.13389,465.0,0.1339,2279.0
1753617230708,11:53:50.708,bitget,AERGO/USDT:USDT,0.13384,465.0,0.13383,362.0,0.13389,465.0,0.1339,2279.0
1753617231009,11:53:51.009,bitget,AERGO/USDT:USDT,0.13384,465.0,0.13383,362.0,0.13389,465.0,0.1339,2279.0
1753617231309,11:53:51.309,bitget,AERGO/USDT:USDT,0.13384,465.0,0.13383,362.0,0.13389,465.0,0.1339,2279.0
1753617231459,11:53:51.459,bitget,AERGO/USDT:USDT,0.13384,465.0,0.13383,362.0,0.13389,465.0,0.1339,2279.0
1753617231609,11:53:51.609,bitget,AERGO/USDT:USDT,0.13384,465.0,0.13383,362.0,0.13389,465.0,0.1339,2279.0
1753617231759,11:53:51.759,bitget,AERGO/USDT:USDT,0.13384,465.0,0.13383,362.0,0.13389,465.0,0.1339,2279.0
1753617231909,11:53:51.909,bitget,AERGO/USDT:USDT,0.13384,465.0,0.13383,362.0,0.13389,465.0,0.1339,2279.0
1753617232209,11:53:52.209,bitget,AERGO/USDT:USDT,0.13384,465.0,0.13383,362.0,0.13389,465.0,0.1339,2279.0
1753617232359,11:53:52.359,bitget,AERGO/USDT:USDT,0.13384,465.0,0.13383,362.0,0.13389,465.0,0.1339,2279.0
1753617232510,11:53:52.510,bitget,AERGO/USDT:USDT,0.13384,465.0,0.13383,362.0,0.13389,465.0,0.1339,2279.0
1753617232660,11:53:52.660,bitget,AERGO/USDT:USDT,0.13384,465.0,0.13383,362.0,0.13389,465.0,0.1339,2279.0
1753617232810,11:53:52.810,bitget,AERGO/USDT:USDT,0.13384,465.0,0.13383,362.0,0.13389,465.0,0.1339,2279.0
1753617233110,11:53:53.110,bitget,AERGO/USDT:USDT,0.13384,465.0,0.13383,362.0,0.13389,465.0,0.1339,2279.0
1753617233560,11:53:53.560,bitget,AERGO/USDT:USDT,0.13384,465.0,0.13383,362.0,0.13389,465.0,0.1339,2279.0
1753617233710,11:53:53.710,bitget,AERGO/USDT:USDT,0.13384,465.0,0.13383,362.0,0.13389,465.0,0.1339,2279.0
1753617233860,11:53:53.860,bitget,AERGO/USDT:USDT,0.13384,465.0,0.13383,362.0,0.13389,465.0,0.1339,2279.0
1753617234010,11:53:54.010,bitget,AERGO/USDT:USDT,0.13384,465.0,0.13383,362.0,0.13389,465.0,0.1339,2279.0
1753617234161,11:53:54.161,bitget,AERGO/USDT:USDT,0.13384,465.0,0.13383,362.0,0.13389,465.0,0.1339,2279.0
1753617234461,11:53:54.461,bitget,AERGO/USDT:USDT,0.13384,465.0,0.13383,362.0,0.13389,465.0,0.1339,2279.0
1753617234611,11:53:54.611,bitget,AERGO/USDT:USDT,0.13384,465.0,0.13383,362.0,0.13389,465.0,0.13391,468.0
1753617234761,11:53:54.761,bitget,AERGO/USDT:USDT,0.13384,465.0,0.13383,362.0,0.13391,468.0,0.13397,758.0
1753617234911,11:53:54.911,bitget,AERGO/USDT:USDT,0.13384,465.0,0.13383,362.0,0.13391,468.0,0.13397,758.0
1753617235211,11:53:55.211,bitget,AERGO/USDT:USDT,0.13384,465.0,0.13383,362.0,0.13391,468.0,0.13397,758.0
1753617235511,11:53:55.511,bitget,AERGO/USDT:USDT,0.13384,465.0,0.13383,362.0,0.13391,468.0,0.13397,758.0
1753617235661,11:53:55.661,bitget,AERGO/USDT:USDT,0.13384,465.0,0.13383,362.0,0.13391,468.0,0.13397,758.0
1753617235811,11:53:55.811,bitget,AERGO/USDT:USDT,0.13384,465.0,0.13383,362.0,0.13391,468.0,0.13397,758.0
1753617235962,11:53:55.962,bitget,AERGO/USDT:USDT,0.13384,465.0,0.13383,362.0,0.13391,468.0,0.13397,758.0
1753617236412,11:53:56.412,bitget,AERGO/USDT:USDT,0.13384,465.0,0.13383,362.0,0.13391,468.0,0.13397,758.0
1753617236562,11:53:56.562,bitget,AERGO/USDT:USDT,0.13384,465.0,0.13383,362.0,0.13391,468.0,0.13397,758.0
1753617236712,11:53:56.712,bitget,AERGO/USDT:USDT,0.13384,465.0,0.13383,362.0,0.13391,468.0,0.13397,758.0
1753617236862,11:53:56.862,bitget,AERGO/USDT:USDT,0.13384,465.0,0.13383,362.0,0.13391,468.0,0.13397,758.0
1753617237012,11:53:57.012,bitget,AERGO/USDT:USDT,0.13384,465.0,0.13383,362.0,0.13391,468.0,0.13397,758.0
1753617237462,11:53:57.462,bitget,AERGO/USDT:USDT,0.13384,465.0,0.13383,362.0,0.13391,468.0,0.13397,758.0
1753617237613,11:53:57.613,bitget,AERGO/USDT:USDT,0.13384,465.0,0.13383,362.0,0.13391,468.0,0.13397,758.0
1753617237763,11:53:57.763,bitget,AERGO/USDT:USDT,0.13384,465.0,0.13383,362.0,0.13391,468.0,0.13397,758.0
1753617238063,11:53:58.063,bitget,AERGO/USDT:USDT,0.13385,454.0,0.13384,362.0,0.13391,468.0,0.13397,758.0
1753617238363,11:53:58.363,bitget,AERGO/USDT:USDT,0.13385,454.0,0.13384,362.0,0.13391,468.0,0.13397,758.0
1753617238513,11:53:58.513,bitget,AERGO/USDT:USDT,0.13385,454.0,0.13384,362.0,0.13391,468.0,0.13397,758.0
1753617238663,11:53:58.663,bitget,AERGO/USDT:USDT,0.13385,454.0,0.13384,362.0,0.13391,468.0,0.13397,758.0
1753617238813,11:53:58.813,bitget,AERGO/USDT:USDT,0.13385,454.0,0.13384,362.0,0.13391,468.0,0.13397,758.0
1753617238963,11:53:58.963,bitget,AERGO/USDT:USDT,0.13385,454.0,0.13384,362.0,0.13391,468.0,0.13397,758.0
1753617239114,11:53:59.114,bitget,AERGO/USDT:USDT,0.13385,454.0,0.13384,362.0,0.13391,468.0,0.13397,758.0
1753617239264,11:53:59.264,bitget,AERGO/USDT:USDT,0.13385,454.0,0.13384,362.0,0.13391,468.0,0.13397,758.0
1753617239414,11:53:59.414,bitget,AERGO/USDT:USDT,0.13385,454.0,0.13384,362.0,0.13391,468.0,0.13393,301.0
1753617239564,11:53:59.564,bitget,AERGO/USDT:USDT,0.13386,362.0,0.13385,454.0,0.13391,468.0,0.13397,758.0
1753617239714,11:53:59.714,bitget,AERGO/USDT:USDT,0.13387,454.0,0.13386,362.0,0.13391,468.0,0.13397,758.0
1753617239864,11:53:59.864,bitget,AERGO/USDT:USDT,0.13387,454.0,0.13386,362.0,0.13391,468.0,0.13397,758.0
1753617240014,11:54:00.014,bitget,AERGO/USDT:USDT,0.13387,454.0,0.13386,362.0,0.13391,468.0,0.13397,758.0
1753617240164,11:54:00.164,bitget,AERGO/USDT:USDT,0.13387,454.0,0.13386,362.0,0.13391,468.0,0.13397,758.0
1753617240314,11:54:00.314,bitget,AERGO/USDT:USDT,0.13387,454.0,0.13386,362.0,0.13391,468.0,0.13397,758.0
1753617240464,11:54:00.464,bitget,AERGO/USDT:USDT,0.13387,454.0,0.13386,362.0,0.13391,468.0,0.13397,758.0
1753617240614,11:54:00.614,bitget,AERGO/USDT:USDT,0.13387,454.0,0.13386,362.0,0.13391,468.0,0.13397,758.0
1753617240765,11:54:00.765,bitget,AERGO/USDT:USDT,0.13387,454.0,0.13386,362.0,0.13391,468.0,0.13397,758.0
1753617240915,11:54:00.915,bitget,AERGO/USDT:USDT,0.13387,454.0,0.13386,362.0,0.13391,468.0,0.13397,758.0
1753617241065,11:54:01.065,bitget,AERGO/USDT:USDT,0.13387,454.0,0.13386,362.0,0.13391,468.0,0.13397,758.0
1753617241215,11:54:01.215,bitget,AERGO/USDT:USDT,0.13387,454.0,0.13386,362.0,0.13391,468.0,0.13397,758.0
1753617241515,11:54:01.515,bitget,AERGO/USDT:USDT,0.13387,454.0,0.13386,362.0,0.13391,468.0,0.13397,758.0
1753617241665,11:54:01.665,bitget,AERGO/USDT:USDT,0.13387,454.0,0.13386,362.0,0.13391,468.0,0.13397,758.0
1753617241815,11:54:01.815,bitget,AERGO/USDT:USDT,0.13387,454.0,0.13386,362.0,0.13391,468.0,0.13397,758.0
1753617241965,11:54:01.965,bitget,AERGO/USDT:USDT,0.13387,454.0,0.13386,362.0,0.13391,468.0,0.13397,758.0
1753617242115,11:54:02.115,bitget,AERGO/USDT:USDT,0.13387,454.0,0.13386,362.0,0.13391,468.0,0.13397,758.0
1753617242266,11:54:02.266,bitget,AERGO/USDT:USDT,0.13387,454.0,0.13386,362.0,0.13391,468.0,0.13397,758.0
1753617242416,11:54:02.416,bitget,AERGO/USDT:USDT,0.13387,454.0,0.13386,362.0,0.13391,468.0,0.13397,758.0
1753617242566,11:54:02.566,bitget,AERGO/USDT:USDT,0.13387,454.0,0.13386,362.0,0.13391,468.0,0.13397,758.0
1753617242716,11:54:02.716,bitget,AERGO/USDT:USDT,0.13387,454.0,0.13386,362.0,0.13391,468.0,0.13397,758.0
1753617242866,11:54:02.866,bitget,AERGO/USDT:USDT,0.13387,454.0,0.13386,362.0,0.13391,468.0,0.13397,758.0
1753617243016,11:54:03.016,bitget,AERGO/USDT:USDT,0.13387,454.0,0.13386,362.0,0.13391,468.0,0.13397,758.0
1753617243166,11:54:03.166,bitget,AERGO/USDT:USDT,0.13387,454.0,0.13386,362.0,0.13391,468.0,0.13397,758.0
1753617243466,11:54:03.466,bitget,AERGO/USDT:USDT,0.13387,454.0,0.13386,362.0,0.13391,468.0,0.13397,758.0
1753617243616,11:54:03.616,bitget,AERGO/USDT:USDT,0.13387,454.0,0.13386,362.0,0.13391,468.0,0.13397,758.0
1753617243766,11:54:03.766,bitget,AERGO/USDT:USDT,0.13387,454.0,0.13386,362.0,0.13391,468.0,0.13397,758.0
1753617243917,11:54:03.917,bitget,AERGO/USDT:USDT,0.13387,454.0,0.13386,362.0,0.13391,468.0,0.13397,758.0
1753617244067,11:54:04.067,bitget,AERGO/USDT:USDT,0.13387,454.0,0.13386,362.0,0.13391,468.0,0.13397,758.0
1753617244217,11:54:04.217,bitget,AERGO/USDT:USDT,0.13387,454.0,0.13386,362.0,0.13391,468.0,0.13397,758.0
1753617244367,11:54:04.367,bitget,AERGO/USDT:USDT,0.13387,454.0,0.13386,362.0,0.13391,468.0,0.13397,758.0
1753617244517,11:54:04.517,bitget,AERGO/USDT:USDT,0.13387,454.0,0.13386,362.0,0.13391,468.0,0.13397,758.0
1753617244817,11:54:04.817,bitget,AERGO/USDT:USDT,0.13387,454.0,0.13386,362.0,0.13391,468.0,0.13397,758.0
1753617244967,11:54:04.967,bitget,AERGO/USDT:USDT,0.13387,454.0,0.13386,362.0,0.13391,468.0,0.13397,758.0
1753617245117,11:54:05.117,bitget,AERGO/USDT:USDT,0.13387,454.0,0.13386,362.0,0.13391,468.0,0.13397,758.0
1753617245267,11:54:05.267,bitget,AERGO/USDT:USDT,0.13387,454.0,0.13386,362.0,0.13391,468.0,0.13397,758.0
1753617245417,11:54:05.417,bitget,AERGO/USDT:USDT,0.13387,454.0,0.13386,362.0,0.13391,468.0,0.13397,758.0
1753617245568,11:54:05.568,bitget,AERGO/USDT:USDT,0.13386,362.0,0.13385,454.0,0.13391,468.0,0.13397,758.0
1753617245718,11:54:05.718,bitget,AERGO/USDT:USDT,0.13386,816.0,0.13384,362.0,0.13391,468.0,0.13397,758.0
1753617245868,11:54:05.868,bitget,AERGO/USDT:USDT,0.13387,454.0,0.13386,362.0,0.13391,468.0,0.13397,758.0
1753617246018,11:54:06.018,bitget,AERGO/USDT:USDT,0.13387,454.0,0.13386,362.0,0.13391,468.0,0.13397,758.0
1753617246168,11:54:06.168,bitget,AERGO/USDT:USDT,0.13386,362.0,0.13385,454.0,0.13391,468.0,0.13397,758.0
1753617246318,11:54:06.318,bitget,AERGO/USDT:USDT,0.13386,816.0,0.13384,362.0,0.13391,468.0,0.13397,758.0
1753617246468,11:54:06.468,bitget,AERGO/USDT:USDT,0.13386,816.0,0.13384,362.0,0.13391,468.0,0.13397,758.0
1753617246618,11:54:06.618,bitget,AERGO/USDT:USDT,0.13386,816.0,0.13384,362.0,0.13391,468.0,0.13397,758.0
1753617246918,11:54:06.918,bitget,AERGO/USDT:USDT,0.13387,454.0,0.13386,362.0,0.13391,468.0,0.13397,758.0
1753617247068,11:54:07.068,bitget,AERGO/USDT:USDT,0.13387,454.0,0.13386,362.0,0.13391,468.0,0.13397,758.0
1753617247218,11:54:07.218,bitget,AERGO/USDT:USDT,0.13386,362.0,0.13385,454.0,0.13391,468.0,0.13397,758.0
1753617247669,11:54:07.669,bitget,AERGO/USDT:USDT,0.13386,816.0,0.13384,362.0,0.13391,468.0,0.13397,758.0
1753617247969,11:54:07.969,bitget,AERGO/USDT:USDT,0.13386,362.0,0.13384,362.0,0.13391,468.0,0.13397,758.0
1753617248269,11:54:08.269,bitget,AERGO/USDT:USDT,0.13386,821.0,0.13384,362.0,0.13391,468.0,0.13397,758.0
1753617248569,11:54:08.569,bitget,AERGO/USDT:USDT,0.13386,821.0,0.13384,362.0,0.13391,468.0,0.13397,758.0
1753617248719,11:54:08.719,bitget,AERGO/USDT:USDT,0.13386,821.0,0.13384,362.0,0.13391,468.0,0.13397,758.0
1753617248869,11:54:08.869,bitget,AERGO/USDT:USDT,0.13386,821.0,0.13384,362.0,0.13391,468.0,0.13397,758.0
1753617249020,11:54:09.020,bitget,AERGO/USDT:USDT,0.13386,821.0,0.13384,362.0,0.13391,468.0,0.13397,758.0
1753617249170,11:54:09.170,bitget,AERGO/USDT:USDT,0.13386,821.0,0.13384,362.0,0.13391,468.0,0.13397,758.0
1753617249320,11:54:09.320,bitget,AERGO/USDT:USDT,0.13386,821.0,0.13384,362.0,0.13391,468.0,0.13397,758.0
1753617249470,11:54:09.470,bitget,AERGO/USDT:USDT,0.13386,821.0,0.13384,362.0,0.13391,468.0,0.13397,758.0
1753617249770,11:54:09.770,bitget,AERGO/USDT:USDT,0.13386,821.0,0.13384,362.0,0.13391,468.0,0.13397,758.0
1753617249920,11:54:09.920,bitget,AERGO/USDT:USDT,0.13386,821.0,0.13384,362.0,0.13391,468.0,0.13397,758.0
1753617250070,11:54:10.070,bitget,AERGO/USDT:USDT,0.13386,821.0,0.13384,362.0,0.13391,468.0,0.13397,758.0
1753617250220,11:54:10.220,bitget,AERGO/USDT:USDT,0.13386,821.0,0.13384,362.0,0.13391,468.0,0.13397,758.0
1753617250370,11:54:10.370,bitget,AERGO/USDT:USDT,0.13386,821.0,0.13384,362.0,0.13391,468.0,0.13397,758.0
1753617250520,11:54:10.520,bitget,AERGO/USDT:USDT,0.13386,821.0,0.13384,362.0,0.13391,468.0,0.13397,758.0
1753617250821,11:54:10.821,bitget,AERGO/USDT:USDT,0.13386,821.0,0.13384,362.0,0.13391,468.0,0.13397,758.0
1753617250971,11:54:10.971,bitget,AERGO/USDT:USDT,0.13387,459.0,0.13386,362.0,0.13391,468.0,0.13397,758.0
1753617251121,11:54:11.121,bitget,AERGO/USDT:USDT,0.13387,459.0,0.13386,362.0,0.13391,468.0,0.13397,758.0
1753617251271,11:54:11.271,bitget,AERGO/USDT:USDT,0.13387,459.0,0.13386,362.0,0.13391,468.0,0.13397,758.0
1753617252171,11:54:12.171,bitget,AERGO/USDT:USDT,0.13386,362.0,0.13385,459.0,0.13391,468.0,0.13397,3658.0
1753617252321,11:54:12.321,bitget,AERGO/USDT:USDT,0.13386,362.0,0.13384,362.0,0.13391,468.0,0.13397,3658.0
1753617252922,11:54:12.922,bitget,AERGO/USDT:USDT,0.13386,362.0,0.13384,362.0,0.13391,468.0,0.13397,3658.0
1753617253072,11:54:13.072,bitget,AERGO/USDT:USDT,0.13386,362.0,0.13384,362.0,0.13391,468.0,0.13397,3658.0
1753617253222,11:54:13.222,bitget,AERGO/USDT:USDT,0.13386,362.0,0.13384,362.0,0.13391,468.0,0.13397,3658.0
1753617253372,11:54:13.372,bitget,AERGO/USDT:USDT,0.13384,362.0,0.13383,4550.0,0.13391,468.0,0.13397,3658.0
1753617253672,11:54:13.672,bitget,AERGO/USDT:USDT,0.13384,821.0,0.13383,4096.0,0.13391,468.0,0.13397,3658.0
1753617253822,11:54:13.822,bitget,AERGO/USDT:USDT,0.13384,362.0,0.13383,4096.0,0.13391,468.0,0.13397,3529.0
1753617254123,11:54:14.123,bitget,AERGO/USDT:USDT,0.13385,459.0,0.13384,362.0,0.13391,468.0,0.13397,758.0
1753617254273,11:54:14.273,bitget,AERGO/USDT:USDT,0.13385,459.0,0.13384,362.0,0.13391,468.0,0.13397,758.0
1753617254423,11:54:14.423,bitget,AERGO/USDT:USDT,0.13385,459.0,0.13384,362.0,0.13391,468.0,0.13397,758.0
1753617254573,11:54:14.573,bitget,AERGO/USDT:USDT,0.13385,459.0,0.13384,362.0,0.13391,468.0,0.13397,758.0
1753617254723,11:54:14.723,bitget,AERGO/USDT:USDT,0.13385,459.0,0.13384,362.0,0.13391,468.0,0.13397,758.0
1753617254873,11:54:14.873,bitget,AERGO/USDT:USDT,0.13385,459.0,0.13384,362.0,0.13391,468.0,0.13397,758.0
1753617255023,11:54:15.023,bitget,AERGO/USDT:USDT,0.13385,459.0,0.13384,362.0,0.13391,468.0,0.13397,758.0
1753617255173,11:54:15.173,bitget,AERGO/USDT:USDT,0.13385,459.0,0.13384,362.0,0.13391,468.0,0.13397,758.0
1753617255323,11:54:15.323,bitget,AERGO/USDT:USDT,0.13385,459.0,0.13384,362.0,0.13391,468.0,0.13397,758.0
1753617255623,11:54:15.623,bitget,AERGO/USDT:USDT,0.13385,459.0,0.13384,362.0,0.13391,468.0,0.13397,758.0
1753617256224,11:54:16.224,bitget,AERGO/USDT:USDT,0.13385,459.0,0.13384,362.0,0.13391,468.0,0.13397,758.0
1753617256374,11:54:16.374,bitget,AERGO/USDT:USDT,0.13385,459.0,0.13384,362.0,0.13391,468.0,0.13397,758.0
1753617256524,11:54:16.524,bitget,AERGO/USDT:USDT,0.13385,459.0,0.13384,362.0,0.13391,468.0,0.13397,758.0
1753617256674,11:54:16.674,bitget,AERGO/USDT:USDT,0.13385,459.0,0.13384,362.0,0.13391,468.0,0.13397,758.0
1753617256824,11:54:16.824,bitget,AERGO/USDT:USDT,0.13385,459.0,0.13384,362.0,0.13391,468.0,0.13397,758.0
1753617256974,11:54:16.974,bitget,AERGO/USDT:USDT,0.13385,459.0,0.13384,362.0,0.13391,468.0,0.13397,758.0
1753617257124,11:54:17.124,bitget,AERGO/USDT:USDT,0.13385,459.0,0.13384,362.0,0.13391,468.0,0.13397,758.0
1753617257274,11:54:17.274,bitget,AERGO/USDT:USDT,0.13385,459.0,0.13384,362.0,0.13391,468.0,0.13397,758.0
1753617257575,11:54:17.575,bitget,AERGO/USDT:USDT,0.13385,459.0,0.13384,362.0,0.13391,468.0,0.13397,758.0
1753617257725,11:54:17.725,bitget,AERGO/USDT:USDT,0.13385,459.0,0.13384,362.0,0.13391,468.0,0.13397,758.0
1753617258025,11:54:18.025,bitget,AERGO/USDT:USDT,0.13385,459.0,0.13384,362.0,0.13391,468.0,0.13397,758.0
1753617258175,11:54:18.175,bitget,AERGO/USDT:USDT,0.13385,459.0,0.13384,362.0,0.13391,468.0,0.13397,758.0
1753617258325,11:54:18.325,bitget,AERGO/USDT:USDT,0.13385,459.0,0.13384,362.0,0.13391,468.0,0.13397,758.0
1753617258475,11:54:18.475,bitget,AERGO/USDT:USDT,0.13385,459.0,0.13384,362.0,0.13391,468.0,0.13397,758.0
1753617258775,11:54:18.775,bitget,AERGO/USDT:USDT,0.13385,459.0,0.13384,362.0,0.13391,468.0,0.13397,758.0
1753617258925,11:54:18.925,bitget,AERGO/USDT:USDT,0.13385,459.0,0.13384,362.0,0.13391,468.0,0.13397,758.0
1753617259076,11:54:19.076,bitget,AERGO/USDT:USDT,0.13385,459.0,0.13384,362.0,0.13391,468.0,0.13397,758.0
1753617259226,11:54:19.226,bitget,AERGO/USDT:USDT,0.13385,459.0,0.13384,362.0,0.13391,468.0,0.13397,758.0
1753617259526,11:54:19.526,bitget,AERGO/USDT:USDT,0.13385,1363.0,0.13384,362.0,0.13391,468.0,0.13397,758.0
1753617259676,11:54:19.676,bitget,AERGO/USDT:USDT,0.13386,464.0,0.13385,904.0,0.13391,468.0,0.13397,758.0
1753617259826,11:54:19.826,bitget,AERGO/USDT:USDT,0.13386,464.0,0.13385,904.0,0.13391,468.0,0.13397,758.0
1753617259976,11:54:19.976,bitget,AERGO/USDT:USDT,0.13386,464.0,0.13385,904.0,0.13391,468.0,0.13397,758.0
1753617260126,11:54:20.126,bitget,AERGO/USDT:USDT,0.13386,464.0,0.13385,904.0,0.13391,468.0,0.13397,758.0
1753617260276,11:54:20.276,bitget,AERGO/USDT:USDT,0.13386,464.0,0.13385,904.0,0.13391,468.0,0.13397,758.0
1753617260426,11:54:20.426,bitget,AERGO/USDT:USDT,0.13386,464.0,0.13385,904.0,0.13391,468.0,0.13397,758.0
1753617260727,11:54:20.727,bitget,AERGO/USDT:USDT,0.13386,464.0,0.13385,904.0,0.13391,468.0,0.13397,758.0
1753617260877,11:54:20.877,bitget,AERGO/USDT:USDT,0.13386,464.0,0.13385,904.0,0.13391,468.0,0.13397,758.0
1753617261027,11:54:21.027,bitget,AERGO/USDT:USDT,0.13386,464.0,0.13385,904.0,0.13391,468.0,0.13397,758.0
1753617261177,11:54:21.177,bitget,AERGO/USDT:USDT,0.13386,464.0,0.13385,904.0,0.13391,468.0,0.13397,758.0
1753617261327,11:54:21.327,bitget,AERGO/USDT:USDT,0.13386,464.0,0.13385,904.0,0.13391,468.0,0.13397,758.0
1753617261477,11:54:21.477,bitget,AERGO/USDT:USDT,0.13386,464.0,0.13385,904.0,0.13391,468.0,0.13397,758.0
1753617261627,11:54:21.627,bitget,AERGO/USDT:USDT,0.13386,464.0,0.13385,904.0,0.13391,468.0,0.13397,758.0
1753617261777,11:54:21.777,bitget,AERGO/USDT:USDT,0.13386,464.0,0.13385,904.0,0.13391,468.0,0.13397,758.0
1753617261927,11:54:21.927,bitget,AERGO/USDT:USDT,0.13386,464.0,0.13385,904.0,0.13391,468.0,0.13397,758.0
1753617262077,11:54:22.077,bitget,AERGO/USDT:USDT,0.13386,464.0,0.13385,904.0,0.13391,468.0,0.13397,758.0
1753617262227,11:54:22.227,bitget,AERGO/USDT:USDT,0.13386,464.0,0.13385,904.0,0.13391,468.0,0.13397,758.0
1753617262528,11:54:22.528,bitget,AERGO/USDT:USDT,0.13386,464.0,0.13385,904.0,0.13391,468.0,0.13397,758.0
1753617262678,11:54:22.678,bitget,AERGO/USDT:USDT,0.13386,464.0,0.13385,904.0,0.13391,468.0,0.13397,758.0
1753617262828,11:54:22.828,bitget,AERGO/USDT:USDT,0.13386,464.0,0.13385,904.0,0.13391,468.0,0.13397,758.0
1753617262978,11:54:22.978,bitget,AERGO/USDT:USDT,0.13386,464.0,0.13385,904.0,0.13391,468.0,0.13397,758.0
1753617263728,11:54:23.728,bitget,AERGO/USDT:USDT,0.13386,464.0,0.13385,904.0,0.13391,468.0,0.13397,758.0
1753617263878,11:54:23.878,bitget,AERGO/USDT:USDT,0.13386,464.0,0.13385,904.0,0.13391,468.0,0.13397,758.0
1753617264029,11:54:24.029,bitget,AERGO/USDT:USDT,0.13386,464.0,0.13385,904.0,0.13391,468.0,0.13397,758.0
1753617264179,11:54:24.179,bitget,AERGO/USDT:USDT,0.13386,464.0,0.13385,904.0,0.13391,468.0,0.13397,758.0
1753617264329,11:54:24.329,bitget,AERGO/USDT:USDT,0.13386,464.0,0.13385,904.0,0.13391,468.0,0.13397,758.0
1753617264779,11:54:24.779,bitget,AERGO/USDT:USDT,0.13386,464.0,0.13385,904.0,0.13391,468.0,0.13397,758.0
1753617264929,11:54:24.929,bitget,AERGO/USDT:USDT,0.13386,464.0,0.13385,904.0,0.13391,468.0,0.13397,758.0
1753617265079,11:54:25.079,bitget,AERGO/USDT:USDT,0.13386,464.0,0.13385,904.0,0.13391,468.0,0.13397,758.0
1753617265229,11:54:25.229,bitget,AERGO/USDT:USDT,0.13386,464.0,0.13385,904.0,0.13391,468.0,0.13397,758.0
1753617265529,11:54:25.529,bitget,AERGO/USDT:USDT,0.13386,464.0,0.13385,904.0,0.13391,468.0,0.13397,758.0
1753617265680,11:54:25.680,bitget,AERGO/USDT:USDT,0.13386,464.0,0.13385,904.0,0.13391,468.0,0.13397,758.0
1753617265830,11:54:25.830,bitget,AERGO/USDT:USDT,0.13386,464.0,0.13385,904.0,0.13391,468.0,0.13397,758.0
1753617265980,11:54:25.980,bitget,AERGO/USDT:USDT,0.13386,464.0,0.13385,904.0,0.13391,468.0,0.13397,758.0
1753617266130,11:54:26.130,bitget,AERGO/USDT:USDT,0.13386,464.0,0.13385,904.0,0.13391,468.0,0.13397,758.0
1753617266280,11:54:26.280,bitget,AERGO/USDT:USDT,0.13386,464.0,0.13385,904.0,0.13391,468.0,0.13397,758.0
1753617266580,11:54:26.580,bitget,AERGO/USDT:USDT,0.13386,464.0,0.13385,904.0,0.13391,468.0,0.13397,758.0
1753617266880,11:54:26.880,bitget,AERGO/USDT:USDT,0.13386,464.0,0.13385,904.0,0.13391,468.0,0.13397,758.0
1753617267181,11:54:27.181,bitget,AERGO/USDT:USDT,0.13386,464.0,0.13385,904.0,0.13391,468.0,0.13397,758.0
1753617267331,11:54:27.331,bitget,AERGO/USDT:USDT,0.13386,464.0,0.13385,904.0,0.13391,468.0,0.13397,758.0
1753617267631,11:54:27.631,bitget,AERGO/USDT:USDT,0.13386,464.0,0.13385,904.0,0.13391,468.0,0.13397,758.0
1753617267781,11:54:27.781,bitget,AERGO/USDT:USDT,0.13386,464.0,0.13385,904.0,0.13391,468.0,0.13397,758.0
1753617267931,11:54:27.931,bitget,AERGO/USDT:USDT,0.13386,464.0,0.13385,904.0,0.13391,468.0,0.13397,758.0
1753617268081,11:54:28.081,bitget,AERGO/USDT:USDT,0.13386,464.0,0.13385,904.0,0.13391,468.0,0.13397,758.0
1753617268681,11:54:28.681,bitget,AERGO/USDT:USDT,0.13386,464.0,0.13385,904.0,0.13391,468.0,0.13397,758.0
1753617268831,11:54:28.831,bitget,AERGO/USDT:USDT,0.13386,464.0,0.13385,904.0,0.13391,468.0,0.13397,758.0
1753617268982,11:54:28.982,bitget,AERGO/USDT:USDT,0.13386,464.0,0.13385,904.0,0.13391,468.0,0.13397,758.0
1753617269132,11:54:29.132,bitget,AERGO/USDT:USDT,0.13386,464.0,0.13385,904.0,0.13391,468.0,0.13397,758.0
1753617269432,11:54:29.432,bitget,AERGO/USDT:USDT,0.13386,464.0,0.13385,904.0,0.13391,468.0,0.13397,758.0
1753617269582,11:54:29.582,bitget,AERGO/USDT:USDT,0.13386,464.0,0.13385,904.0,0.13391,468.0,0.13397,758.0
1753617269732,11:54:29.732,bitget,AERGO/USDT:USDT,0.13386,464.0,0.13385,904.0,0.13391,468.0,0.13397,758.0
1753617269882,11:54:29.882,bitget,AERGO/USDT:USDT,0.13386,464.0,0.13385,904.0,0.13391,468.0,0.13397,758.0
1753617270182,11:54:30.182,bitget,AERGO/USDT:USDT,0.13386,464.0,0.13385,904.0,0.13391,468.0,0.13397,758.0
1753617270332,11:54:30.332,bitget,AERGO/USDT:USDT,0.13386,464.0,0.13384,826.0,0.13391,468.0,0.13397,758.0
1753617270783,11:54:30.783,bitget,AERGO/USDT:USDT,0.13386,464.0,0.13384,826.0,0.13391,468.0,0.13397,758.0
1753617270933,11:54:30.933,bitget,AERGO/USDT:USDT,0.13386,464.0,0.13384,826.0,0.13391,468.0,0.13397,758.0
1753617271083,11:54:31.083,bitget,AERGO/USDT:USDT,0.13386,464.0,0.13384,826.0,0.13391,468.0,0.13397,758.0
1753617271233,11:54:31.233,bitget,AERGO/USDT:USDT,0.13386,464.0,0.13384,826.0,0.13391,468.0,0.13397,758.0
1753617271533,11:54:31.533,bitget,AERGO/USDT:USDT,0.13386,464.0,0.13384,826.0,0.13391,468.0,0.13397,758.0
1753617271683,11:54:31.683,bitget,AERGO/USDT:USDT,0.13386,464.0,0.13384,826.0,0.13391,468.0,0.13397,758.0
1753617271833,11:54:31.833,bitget,AERGO/USDT:USDT,0.13386,464.0,0.13384,826.0,0.13391,468.0,0.13397,758.0
1753617271983,11:54:31.983,bitget,AERGO/USDT:USDT,0.13386,464.0,0.13384,826.0,0.13391,468.0,0.13397,758.0
1753617272134,11:54:32.134,bitget,AERGO/USDT:USDT,0.13386,464.0,0.13384,826.0,0.13391,468.0,0.13397,758.0
1753617272284,11:54:32.284,bitget,AERGO/USDT:USDT,0.13386,464.0,0.13384,826.0,0.13391,468.0,0.13397,758.0
1753617272434,11:54:32.434,bitget,AERGO/USDT:USDT,0.13386,464.0,0.13384,826.0,0.13391,468.0,0.13397,758.0
1753617272584,11:54:32.584,bitget,AERGO/USDT:USDT,0.13386,464.0,0.13384,826.0,0.13391,468.0,0.13397,758.0
1753617272884,11:54:32.884,bitget,AERGO/USDT:USDT,0.13386,464.0,0.13384,826.0,0.13391,468.0,0.13397,758.0
1753617273034,11:54:33.034,bitget,AERGO/USDT:USDT,0.13386,464.0,0.13384,826.0,0.13391,468.0,0.13397,758.0
1753617273334,11:54:33.334,bitget,AERGO/USDT:USDT,0.13386,464.0,0.13384,826.0,0.13391,468.0,0.13397,758.0
1753617273484,11:54:33.484,bitget,AERGO/USDT:USDT,0.13386,464.0,0.13384,826.0,0.13391,468.0,0.13397,758.0
1753617273634,11:54:33.634,bitget,AERGO/USDT:USDT,0.13386,464.0,0.13384,826.0,0.13391,468.0,0.13397,758.0
1753617273785,11:54:33.785,bitget,AERGO/USDT:USDT,0.13386,464.0,0.13384,826.0,0.13391,468.0,0.13397,758.0
1753617273935,11:54:33.935,bitget,AERGO/USDT:USDT,0.13386,464.0,0.13384,826.0,0.13391,468.0,0.13397,758.0
1753617274085,11:54:34.085,bitget,AERGO/USDT:USDT,0.13386,464.0,0.13384,826.0,0.13391,468.0,0.13397,758.0
1753617274235,11:54:34.235,bitget,AERGO/USDT:USDT,0.13386,464.0,0.13384,826.0,0.13391,468.0,0.13397,758.0
1753617274385,11:54:34.385,bitget,AERGO/USDT:USDT,0.13386,464.0,0.13384,826.0,0.13391,468.0,0.13397,758.0
1753617274535,11:54:34.535,bitget,AERGO/USDT:USDT,0.13384,826.0,0.13383,362.0,0.13391,468.0,0.13397,758.0
1753617274835,11:54:34.835,bitget,AERGO/USDT:USDT,0.13385,468.0,0.13384,362.0,0.13391,468.0,0.13397,758.0
1753617275586,11:54:35.586,bitget,AERGO/USDT:USDT,0.13386,468.0,0.13385,616.0,0.13391,468.0,0.13397,758.0
1753617275736,11:54:35.736,bitget,AERGO/USDT:USDT,0.13386,468.0,0.13385,616.0,0.13391,468.0,0.13397,758.0
1753617275886,11:54:35.886,bitget,AERGO/USDT:USDT,0.13386,468.0,0.13385,616.0,0.13391,468.0,0.13397,758.0
1753617276186,11:54:36.186,bitget,AERGO/USDT:USDT,0.13386,468.0,0.13385,616.0,0.13391,468.0,0.13397,758.0
1753617276336,11:54:36.336,bitget,AERGO/USDT:USDT,0.13386,468.0,0.13385,616.0,0.13391,468.0,0.13397,758.0
1753617276486,11:54:36.486,bitget,AERGO/USDT:USDT,0.13385,616.0,0.13384,830.0,0.13391,468.0,0.13397,758.0
1753617276936,11:54:36.936,bitget,AERGO/USDT:USDT,0.13386,468.0,0.13385,616.0,0.13391,468.0,0.13397,758.0
1753617277236,11:54:37.236,bitget,AERGO/USDT:USDT,0.13386,468.0,0.13385,616.0,0.13391,468.0,0.13397,758.0
1753617277387,11:54:37.387,bitget,AERGO/USDT:USDT,0.13386,468.0,0.13385,616.0,0.13391,468.0,0.13397,758.0
1753617277537,11:54:37.537,bitget,AERGO/USDT:USDT,0.13386,468.0,0.13385,616.0,0.13391,468.0,0.13397,758.0
1753617277837,11:54:37.837,bitget,AERGO/USDT:USDT,0.13386,468.0,0.13385,616.0,0.13391,468.0,0.13397,758.0
1753617277987,11:54:37.987,bitget,AERGO/USDT:USDT,0.13386,468.0,0.13385,616.0,0.13391,468.0,0.13397,758.0
1753617278137,11:54:38.137,bitget,AERGO/USDT:USDT,0.13386,468.0,0.13385,616.0,0.13391,468.0,0.13397,758.0
1753617278437,11:54:38.437,bitget,AERGO/USDT:USDT,0.13385,616.0,0.13384,830.0,0.13391,468.0,0.13397,758.0
1753617278887,11:54:38.887,bitget,AERGO/USDT:USDT,0.13382,464.0,0.1338,465.0,0.13389,603.0,0.1339,676.0
1753617279638,11:54:39.638,bitget,AERGO/USDT:USDT,0.13383,451.0,0.13382,492.0,0.13388,451.0,0.13389,152.0
1753617279938,11:54:39.938,bitget,AERGO/USDT:USDT,0.13383,451.0,0.13382,492.0,0.13388,451.0,0.13389,152.0
1753617280839,11:54:40.839,bitget,AERGO/USDT:USDT,0.13383,451.0,0.13382,492.0,0.13388,451.0,0.13389,152.0
1753617281139,11:54:41.139,bitget,AERGO/USDT:USDT,0.13383,451.0,0.13382,492.0,0.13388,451.0,0.13389,152.0
1753617281439,11:54:41.439,bitget,AERGO/USDT:USDT,0.13383,451.0,0.13382,492.0,0.13388,451.0,0.13389,152.0
1753617281589,11:54:41.589,bitget,AERGO/USDT:USDT,0.13383,451.0,0.13382,492.0,0.13388,451.0,0.13389,152.0
1753617281739,11:54:41.739,bitget,AERGO/USDT:USDT,0.13383,451.0,0.13382,492.0,0.13388,451.0,0.13389,152.0
1753617281889,11:54:41.889,bitget,AERGO/USDT:USDT,0.13383,451.0,0.13382,492.0,0.13388,451.0,0.13389,152.0
1753617282039,11:54:42.039,bitget,AERGO/USDT:USDT,0.13383,451.0,0.13382,492.0,0.13388,451.0,0.13389,152.0
1753617282189,11:54:42.189,bitget,AERGO/USDT:USDT,0.13383,451.0,0.13382,492.0,0.13388,451.0,0.13389,152.0
1753617282340,11:54:42.340,bitget,AERGO/USDT:USDT,0.13383,451.0,0.13382,492.0,0.13388,451.0,0.13389,152.0
1753617282640,11:54:42.640,bitget,AERGO/USDT:USDT,0.13378,460.0,0.13376,51276.0,0.13386,451.0,0.13387,362.0
1753617282790,11:54:42.790,bitget,AERGO/USDT:USDT,0.13378,822.0,0.13376,51276.0,0.13386,451.0,0.13387,362.0
1753617282940,11:54:42.940,bitget,AERGO/USDT:USDT,0.13379,451.0,0.13378,362.0,0.13386,451.0,0.13387,362.0
1753617283090,11:54:43.090,bitget,AERGO/USDT:USDT,0.13379,451.0,0.13378,362.0,0.13386,451.0,0.13387,362.0
1753617283240,11:54:43.240,bitget,AERGO/USDT:USDT,0.13379,451.0,0.13378,362.0,0.13386,451.0,0.13387,362.0
1753617283390,11:54:43.390,bitget,AERGO/USDT:USDT,0.13379,451.0,0.13378,362.0,0.13386,451.0,0.13387,362.0
1753617283540,11:54:43.540,bitget,AERGO/USDT:USDT,0.13379,451.0,0.13378,362.0,0.13386,451.0,0.13387,362.0
1753617283690,11:54:43.690,bitget,AERGO/USDT:USDT,0.13379,451.0,0.13378,362.0,0.13386,451.0,0.13387,362.0
1753617283991,11:54:43.991,bitget,AERGO/USDT:USDT,0.13379,451.0,0.13378,362.0,0.13386,451.0,0.13387,362.0
1753617284141,11:54:44.141,bitget,AERGO/USDT:USDT,0.13379,451.0,0.13378,362.0,0.13386,451.0,0.13387,362.0
1753617284291,11:54:44.291,bitget,AERGO/USDT:USDT,0.13379,451.0,0.13378,362.0,0.13386,451.0,0.13387,362.0
1753617284441,11:54:44.441,bitget,AERGO/USDT:USDT,0.13379,7923.0,0.13378,362.0,0.13386,451.0,0.13387,362.0
1753617284591,11:54:44.591,bitget,AERGO/USDT:USDT,0.1338,451.0,0.13379,7834.0,0.13386,451.0,0.13387,362.0
1753617284741,11:54:44.741,bitget,AERGO/USDT:USDT,0.1338,451.0,0.13379,7834.0,0.13386,451.0,0.13387,362.0
1753617284891,11:54:44.891,bitget,AERGO/USDT:USDT,0.1338,451.0,0.13379,7834.0,0.13386,451.0,0.13387,362.0
1753617285041,11:54:45.041,bitget,AERGO/USDT:USDT,0.1338,451.0,0.13379,7834.0,0.13386,451.0,0.13387,362.0
1753617285191,11:54:45.191,bitget,AERGO/USDT:USDT,0.1338,451.0,0.13379,7834.0,0.13386,451.0,0.13387,362.0
1753617285341,11:54:45.341,bitget,AERGO/USDT:USDT,0.1338,451.0,0.13379,7834.0,0.13386,451.0,0.13387,362.0
1753617285642,11:54:45.642,bitget,AERGO/USDT:USDT,0.1338,451.0,0.13379,362.0,0.13386,451.0,0.13387,362.0
1753617285792,11:54:45.792,bitget,AERGO/USDT:USDT,0.1338,451.0,0.13379,362.0,0.13386,451.0,0.13387,362.0
1753617286092,11:54:46.092,bitget,AERGO/USDT:USDT,0.1338,451.0,0.13379,362.0,0.13386,451.0,0.13387,362.0
1753617286242,11:54:46.242,bitget,AERGO/USDT:USDT,0.1338,451.0,0.13379,362.0,0.13386,451.0,0.13387,362.0
1753617286542,11:54:46.542,bitget,AERGO/USDT:USDT,0.1338,451.0,0.13379,362.0,0.13386,451.0,0.13387,362.0
1753617286692,11:54:46.692,bitget,AERGO/USDT:USDT,0.1338,451.0,0.13379,362.0,0.13386,451.0,0.13387,362.0
1753617286842,11:54:46.842,bitget,AERGO/USDT:USDT,0.1338,451.0,0.13379,362.0,0.13386,451.0,0.13387,362.0
1753617286992,11:54:46.992,bitget,AERGO/USDT:USDT,0.1338,451.0,0.13379,362.0,0.13386,451.0,0.13387,362.0
1753617287142,11:54:47.142,bitget,AERGO/USDT:USDT,0.1338,451.0,0.13379,362.0,0.13386,451.0,0.13387,362.0
1753617287443,11:54:47.443,bitget,AERGO/USDT:USDT,0.1338,451.0,0.13379,362.0,0.13386,451.0,0.13387,362.0
1753617288231,11:54:48.231,bitget,AERGO/USDT:USDT,0.13377,454.0,0.13376,362.0,0.13384,816.0,0.13385,152.0
1753617288600,11:54:48.600,bitget,AERGO/USDT:USDT,0.13377,454.0,0.13375,684.0,0.13383,454.0,0.13384,362.0
1753617288794,11:54:48.794,bitget,AERGO/USDT:USDT,0.13377,454.0,0.13375,684.0,0.13383,454.0,0.13384,362.0
1753617289244,11:54:49.244,bitget,AERGO/USDT:USDT,0.13377,454.0,0.13375,684.0,0.13383,454.0,0.13384,362.0
1753617289544,11:54:49.544,bitget,AERGO/USDT:USDT,0.13377,454.0,0.13375,684.0,0.13383,454.0,0.13384,362.0
1753617289994,11:54:49.994,bitget,AERGO/USDT:USDT,0.13376,454.0,0.13375,684.0,0.13382,454.0,0.13383,362.0
1753617290294,11:54:50.294,bitget,AERGO/USDT:USDT,0.13376,454.0,0.13375,684.0,0.13382,454.0,0.13383,362.0
1753617290445,11:54:50.445,bitget,AERGO/USDT:USDT,0.13376,454.0,0.13375,684.0,0.13382,454.0,0.13383,362.0
1753617290595,11:54:50.595,bitget,AERGO/USDT:USDT,0.13376,454.0,0.13375,684.0,0.13382,454.0,0.13383,362.0
1753617290895,11:54:50.895,bitget,AERGO/USDT:USDT,0.13376,454.0,0.13375,684.0,0.13382,454.0,0.13383,362.0
1753617291345,11:54:51.345,bitget,AERGO/USDT:USDT,0.13376,454.0,0.13375,684.0,0.13382,454.0,0.13383,362.0
1753617291495,11:54:51.495,bitget,AERGO/USDT:USDT,0.13376,454.0,0.13375,684.0,0.13382,454.0,0.13383,362.0
1753617292246,11:54:52.246,bitget,AERGO/USDT:USDT,0.13376,454.0,0.13375,684.0,0.13382,454.0,0.13383,362.0
1753617292396,11:54:52.396,bitget,AERGO/USDT:USDT,0.13376,454.0,0.13375,684.0,0.13382,454.0,0.13383,362.0
1753617292696,11:54:52.696,bitget,AERGO/USDT:USDT,0.13376,454.0,0.13375,684.0,0.13382,454.0,0.13383,362.0
1753617292846,11:54:52.846,bitget,AERGO/USDT:USDT,0.13376,454.0,0.13375,684.0,0.13382,454.0,0.13383,362.0
1753617293296,11:54:53.296,bitget,AERGO/USDT:USDT,0.13376,454.0,0.13375,684.0,0.13382,454.0,0.13383,362.0
1753617293446,11:54:53.446,bitget,AERGO/USDT:USDT,0.13376,454.0,0.13375,684.0,0.13382,454.0,0.13383,362.0
1753617294047,11:54:54.047,bitget,AERGO/USDT:USDT,0.13376,454.0,0.13375,684.0,0.13382,454.0,0.13383,362.0
1753617294197,11:54:54.197,bitget,AERGO/USDT:USDT,0.13376,454.0,0.13375,684.0,0.13382,454.0,0.13383,362.0
1753617294347,11:54:54.347,bitget,AERGO/USDT:USDT,0.13376,454.0,0.13375,684.0,0.13382,454.0,0.13383,362.0
1753617294797,11:54:54.797,bitget,AERGO/USDT:USDT,0.13375,684.0,0.13371,452.0,0.13382,454.0,0.13383,362.0
1753617294947,11:54:54.947,bitget,AERGO/USDT:USDT,0.13375,1138.0,0.13371,452.0,0.13382,454.0,0.13383,362.0
1753617295247,11:54:55.247,bitget,AERGO/USDT:USDT,0.13375,1138.0,0.13371,452.0,0.13382,454.0,0.13383,362.0
1753617295397,11:54:55.397,bitget,AERGO/USDT:USDT,0.13375,1138.0,0.13371,452.0,0.13382,454.0,0.13383,362.0
1753617295698,11:54:55.698,bitget,AERGO/USDT:USDT,0.13375,1138.0,0.13371,452.0,0.13382,454.0,0.13383,362.0
1753617295848,11:54:55.848,bitget,AERGO/USDT:USDT,0.13375,1138.0,0.13371,452.0,0.13382,454.0,0.13383,362.0
1753617295998,11:54:55.998,bitget,AERGO/USDT:USDT,0.13375,1138.0,0.13371,452.0,0.13382,454.0,0.13383,362.0
1753617296448,11:54:56.448,bitget,AERGO/USDT:USDT,0.13375,1138.0,0.13371,452.0,0.13382,454.0,0.13383,362.0
1753617296598,11:54:56.598,bitget,AERGO/USDT:USDT,0.13375,1138.0,0.13371,452.0,0.13382,454.0,0.13383,362.0
1753617296748,11:54:56.748,bitget,AERGO/USDT:USDT,0.13375,1138.0,0.13371,452.0,0.13382,454.0,0.13383,362.0
1753617297199,11:54:57.199,bitget,AERGO/USDT:USDT,0.13373,454.0,0.13372,362.0,0.13382,454.0,0.13383,362.0
1753617297349,11:54:57.349,bitget,AERGO/USDT:USDT,0.13373,816.0,0.13372,362.0,0.13382,454.0,0.13383,362.0
1753617297799,11:54:57.799,bitget,AERGO/USDT:USDT,0.13377,816.0,0.13376,758.0,0.13388,451.0,0.13389,2279.0
1753617297949,11:54:57.949,bitget,AERGO/USDT:USDT,0.13379,362.0,0.13378,472.0,0.13388,451.0,0.13389,2279.0
1753617298099,11:54:58.099,bitget,AERGO/USDT:USDT,0.1338,472.0,0.13379,7834.0,0.13388,451.0,0.13389,2279.0
1753617298249,11:54:58.249,bitget,AERGO/USDT:USDT,0.1338,834.0,0.13379,7834.0,0.13388,451.0,0.13389,2279.0
1753617298399,11:54:58.399,bitget,AERGO/USDT:USDT,0.13381,472.0,0.1338,362.0,0.13388,451.0,0.13389,2279.0
1753617298549,11:54:58.549,bitget,AERGO/USDT:USDT,0.13382,472.0,0.13381,362.0,0.13388,451.0,0.13389,2279.0
1753617298700,11:54:58.700,bitget,AERGO/USDT:USDT,0.13382,472.0,0.13381,362.0,0.13388,451.0,0.13389,2279.0
1753617298850,11:54:58.850,bitget,AERGO/USDT:USDT,0.13382,472.0,0.13381,362.0,0.13388,451.0,0.13391,468.0
1753617299150,11:54:59.150,bitget,AERGO/USDT:USDT,0.13383,472.0,0.13382,362.0,0.13391,468.0,0.13393,1521.0
1753617299300,11:54:59.300,bitget,AERGO/USDT:USDT,0.13383,472.0,0.13382,362.0,0.13391,468.0,0.13393,1521.0
1753617299750,11:54:59.750,bitget,AERGO/USDT:USDT,0.13383,472.0,0.13382,362.0,0.13391,468.0,0.13393,1521.0
1753617299900,11:54:59.900,bitget,AERGO/USDT:USDT,0.13383,472.0,0.13382,362.0,0.13391,468.0,0.13393,1521.0
1753617300050,11:55:00.050,bitget,AERGO/USDT:USDT,0.13383,472.0,0.13382,362.0,0.13391,468.0,0.13393,1521.0
1753617300200,11:55:00.200,bitget,AERGO/USDT:USDT,0.13383,472.0,0.13382,362.0,0.13391,468.0,0.13393,1521.0
1753617300351,11:55:00.351,bitget,AERGO/USDT:USDT,0.13383,472.0,0.13382,362.0,0.13391,468.0,0.13393,1521.0
1753617300651,11:55:00.651,bitget,AERGO/USDT:USDT,0.13383,472.0,0.13382,362.0,0.13391,468.0,0.13393,1521.0
1753617300801,11:55:00.801,bitget,AERGO/USDT:USDT,0.13383,472.0,0.13382,362.0,0.13391,468.0,0.13393,1521.0
1753617300951,11:55:00.951,bitget,AERGO/USDT:USDT,0.13383,472.0,0.13382,362.0,0.13391,468.0,0.13393,1521.0
1753617301851,11:55:01.851,bitget,AERGO/USDT:USDT,0.13383,472.0,0.13382,362.0,0.13391,468.0,0.13393,1521.0
1753617302152,11:55:02.152,bitget,AERGO/USDT:USDT,0.13383,472.0,0.13382,362.0,0.13391,468.0,0.13393,1521.0
1753617302602,11:55:02.602,bitget,AERGO/USDT:USDT,0.13383,472.0,0.13382,362.0,0.13391,468.0,0.13393,1521.0
1753617302752,11:55:02.752,bitget,AERGO/USDT:USDT,0.13383,472.0,0.13382,362.0,0.13391,468.0,0.13393,1521.0
1753617303052,11:55:03.052,bitget,AERGO/USDT:USDT,0.13383,472.0,0.13382,362.0,0.13391,468.0,0.13393,1521.0
1753617303202,11:55:03.202,bitget,AERGO/USDT:USDT,0.13383,472.0,0.13382,362.0,0.13391,468.0,0.13393,1521.0
1753617303353,11:55:03.353,bitget,AERGO/USDT:USDT,0.13383,472.0,0.13382,362.0,0.13391,468.0,0.13393,1521.0
1753617303503,11:55:03.503,bitget,AERGO/USDT:USDT,0.13383,834.0,0.13382,362.0,0.13391,468.0,0.13393,454.0
1753617303653,11:55:03.653,bitget,AERGO/USDT:USDT,0.13384,472.0,0.13383,362.0,0.13391,468.0,0.13393,454.0
1753617303953,11:55:03.953,bitget,AERGO/USDT:USDT,0.13384,834.0,0.13383,2230.0,0.13391,468.0,0.13393,454.0
1753617304103,11:55:04.103,bitget,AERGO/USDT:USDT,0.13385,472.0,0.13384,362.0,0.13391,468.0,0.13393,454.0
1753617304403,11:55:04.403,bitget,AERGO/USDT:USDT,0.13385,472.0,0.13384,362.0,0.13391,468.0,0.13393,454.0
1753617304553,11:55:04.553,bitget,AERGO/USDT:USDT,0.13385,472.0,0.13384,362.0,0.13391,468.0,0.13393,454.0
1753617304703,11:55:04.703,bitget,AERGO/USDT:USDT,0.13383,2090.0,0.13382,834.0,0.1339,362.0,0.13391,468.0
1753617304854,11:55:04.854,bitget,AERGO/USDT:USDT,0.13383,2090.0,0.13382,834.0,0.13389,472.0,0.1339,362.0
1753617305004,11:55:05.004,bitget,AERGO/USDT:USDT,0.13383,2090.0,0.13382,834.0,0.13389,472.0,0.1339,362.0
1753617305304,11:55:05.304,bitget,AERGO/USDT:USDT,0.13383,2090.0,0.13382,834.0,0.13389,472.0,0.1339,362.0
1753617305454,11:55:05.454,bitget,AERGO/USDT:USDT,0.13383,2090.0,0.13382,834.0,0.13389,472.0,0.1339,362.0
1753617305604,11:55:05.604,bitget,AERGO/USDT:USDT,0.13383,2090.0,0.13382,834.0,0.13389,472.0,0.1339,362.0
1753617305754,11:55:05.754,bitget,AERGO/USDT:USDT,0.13383,2090.0,0.13382,834.0,0.13389,472.0,0.1339,362.0
1753617306054,11:55:06.054,bitget,AERGO/USDT:USDT,0.13383,2090.0,0.13382,834.0,0.13389,472.0,0.1339,362.0
1753617306204,11:55:06.204,bitget,AERGO/USDT:USDT,0.13383,2090.0,0.13382,834.0,0.13389,472.0,0.1339,362.0
1753617306354,11:55:06.354,bitget,AERGO/USDT:USDT,0.13383,2090.0,0.13382,834.0,0.13389,472.0,0.1339,362.0
1753617306504,11:55:06.504,bitget,AERGO/USDT:USDT,0.13383,2090.0,0.13382,834.0,0.13389,472.0,0.1339,362.0
1753617306655,11:55:06.655,bitget,AERGO/USDT:USDT,0.13383,2090.0,0.13382,834.0,0.13389,472.0,0.1339,362.0
1753617307105,11:55:07.105,bitget,AERGO/USDT:USDT,0.13383,2090.0,0.13382,834.0,0.13389,472.0,0.1339,362.0
1753617307255,11:55:07.255,bitget,AERGO/USDT:USDT,0.13383,2090.0,0.13382,834.0,0.13389,472.0,0.1339,362.0
1753617307405,11:55:07.405,bitget,AERGO/USDT:USDT,0.13383,2090.0,0.13382,834.0,0.13389,472.0,0.1339,362.0
1753617307555,11:55:07.555,bitget,AERGO/USDT:USDT,0.13383,2090.0,0.13382,834.0,0.13389,472.0,0.1339,362.0
1753617307705,11:55:07.705,bitget,AERGO/USDT:USDT,0.13383,2090.0,0.13382,834.0,0.13389,472.0,0.1339,362.0
1753617307855,11:55:07.855,bitget,AERGO/USDT:USDT,0.13383,2090.0,0.13382,834.0,0.13389,472.0,0.1339,362.0
1753617308155,11:55:08.155,bitget,AERGO/USDT:USDT,0.13383,2090.0,0.13382,834.0,0.13389,472.0,0.1339,362.0
1753617308456,11:55:08.456,bitget,AERGO/USDT:USDT,0.13383,2090.0,0.13382,834.0,0.13389,472.0,0.1339,362.0
1753617308756,11:55:08.756,bitget,AERGO/USDT:USDT,0.13383,2090.0,0.13382,834.0,0.13389,472.0,0.1339,362.0
1753617308906,11:55:08.906,bitget,AERGO/USDT:USDT,0.13383,2090.0,0.13382,834.0,0.13389,472.0,0.1339,362.0
1753617309056,11:55:09.056,bitget,AERGO/USDT:USDT,0.13383,2090.0,0.13382,834.0,0.13389,472.0,0.1339,362.0
1753617309206,11:55:09.206,bitget,AERGO/USDT:USDT,0.13383,2090.0,0.13382,834.0,0.13389,472.0,0.1339,362.0
1753617309356,11:55:09.356,bitget,AERGO/USDT:USDT,0.13383,2090.0,0.13382,834.0,0.13389,472.0,0.1339,362.0
1753617309656,11:55:09.656,bitget,AERGO/USDT:USDT,0.13383,2090.0,0.13382,834.0,0.13389,472.0,0.1339,362.0
1753617309956,11:55:09.956,bitget,AERGO/USDT:USDT,0.13383,2090.0,0.13382,834.0,0.13389,472.0,0.1339,362.0
1753617310107,11:55:10.107,bitget,AERGO/USDT:USDT,0.13383,2090.0,0.13382,834.0,0.13389,472.0,0.1339,362.0
1753617310407,11:55:10.407,bitget,AERGO/USDT:USDT,0.13383,2090.0,0.13382,834.0,0.13389,472.0,0.1339,362.0
1753617310857,11:55:10.857,bitget,AERGO/USDT:USDT,0.13383,2090.0,0.13382,834.0,0.13389,472.0,0.1339,362.0
1753617311007,11:55:11.007,bitget,AERGO/USDT:USDT,0.13383,2090.0,0.13382,834.0,0.13389,472.0,0.1339,362.0
1753617311158,11:55:11.158,bitget,AERGO/USDT:USDT,0.13383,2090.0,0.13382,834.0,0.13389,472.0,0.1339,362.0
1753617311308,11:55:11.308,bitget,AERGO/USDT:USDT,0.13383,2090.0,0.13382,834.0,0.13389,472.0,0.1339,362.0
1753617311458,11:55:11.458,bitget,AERGO/USDT:USDT,0.13383,2090.0,0.13382,834.0,0.13389,472.0,0.1339,362.0
1753617311608,11:55:11.608,bitget,AERGO/USDT:USDT,0.13383,2090.0,0.13382,834.0,0.13389,472.0,0.1339,362.0
1753617311908,11:55:11.908,bitget,AERGO/USDT:USDT,0.13383,2090.0,0.13382,834.0,0.13389,472.0,0.1339,362.0
1753617312058,11:55:12.058,bitget,AERGO/USDT:USDT,0.13383,2090.0,0.13382,834.0,0.13389,472.0,0.1339,362.0
1753617312208,11:55:12.208,bitget,AERGO/USDT:USDT,0.13383,2090.0,0.13382,834.0,0.13389,472.0,0.1339,362.0
1753617312358,11:55:12.358,bitget,AERGO/USDT:USDT,0.13383,2090.0,0.13382,834.0,0.13389,472.0,0.1339,362.0
1753617312508,11:55:12.508,bitget,AERGO/USDT:USDT,0.13383,2090.0,0.13382,834.0,0.13389,472.0,0.1339,362.0
1753617312659,11:55:12.659,bitget,AERGO/USDT:USDT,0.13383,2090.0,0.13382,834.0,0.13389,472.0,0.1339,362.0
1753617312809,11:55:12.809,bitget,AERGO/USDT:USDT,0.13383,2090.0,0.13382,834.0,0.13389,472.0,0.1339,362.0
1753617312959,11:55:12.959,bitget,AERGO/USDT:USDT,0.13383,2090.0,0.13382,834.0,0.13389,472.0,0.1339,362.0
1753617313109,11:55:13.109,bitget,AERGO/USDT:USDT,0.13383,2090.0,0.13382,834.0,0.13389,472.0,0.1339,362.0
1753617313259,11:55:13.259,bitget,AERGO/USDT:USDT,0.13383,2090.0,0.13382,834.0,0.13389,472.0,0.1339,362.0
1753617313709,11:55:13.709,bitget,AERGO/USDT:USDT,0.13383,2090.0,0.13382,834.0,0.13389,472.0,0.1339,362.0
1753617314009,11:55:14.009,bitget,AERGO/USDT:USDT,0.13382,834.0,0.1338,472.0,0.13389,472.0,0.1339,362.0
1753617314159,11:55:14.159,bitget,AERGO/USDT:USDT,0.13382,834.0,0.1338,472.0,0.13389,472.0,0.1339,362.0
1753617314310,11:55:14.310,bitget,AERGO/USDT:USDT,0.13382,834.0,0.1338,472.0,0.13389,472.0,0.1339,362.0
1753617314610,11:55:14.610,bitget,AERGO/USDT:USDT,0.13382,834.0,0.1338,472.0,0.13389,472.0,0.1339,362.0
1753617314760,11:55:14.760,bitget,AERGO/USDT:USDT,0.13382,834.0,0.1338,472.0,0.13389,472.0,0.1339,362.0
1753617315210,11:55:15.210,bitget,AERGO/USDT:USDT,0.13382,834.0,0.1338,472.0,0.13389,472.0,0.1339,362.0
1753617315360,11:55:15.360,bitget,AERGO/USDT:USDT,0.13383,2090.0,0.13382,834.0,0.13388,471.0,0.13389,151.0
1753617315510,11:55:15.510,bitget,AERGO/USDT:USDT,0.13383,2090.0,0.13382,834.0,0.13388,471.0,0.13389,151.0
1753617315660,11:55:15.660,bitget,AERGO/USDT:USDT,0.13383,2090.0,0.13382,834.0,0.13388,471.0,0.1339,704.0
1753617315960,11:55:15.960,bitget,AERGO/USDT:USDT,0.13382,834.0,0.1338,472.0,0.13388,471.0,0.1339,362.0
1753617316111,11:55:16.111,bitget,AERGO/USDT:USDT,0.13382,2206.0,0.1338,472.0,0.13386,471.0,0.13387,362.0
1753617316261,11:55:16.261,bitget,AERGO/USDT:USDT,0.13382,2206.0,0.1338,472.0,0.13386,471.0,0.13387,362.0
1753617316411,11:55:16.411,bitget,AERGO/USDT:USDT,0.13382,2206.0,0.1338,472.0,0.13386,471.0,0.13387,362.0
1753617316561,11:55:16.561,bitget,AERGO/USDT:USDT,0.13382,2206.0,0.1338,472.0,0.13386,471.0,0.13387,362.0
1753617316861,11:55:16.861,bitget,AERGO/USDT:USDT,0.1338,472.0,0.13378,472.0,0.13386,471.0,0.13387,362.0
1753617317011,11:55:17.011,bitget,AERGO/USDT:USDT,0.13378,472.0,0.13376,2424.0,0.13386,471.0,0.13387,362.0
1753617317161,11:55:17.161,bitget,AERGO/USDT:USDT,0.13379,471.0,0.13378,362.0,0.13386,471.0,0.13387,362.0
1753617317311,11:55:17.311,bitget,AERGO/USDT:USDT,0.13379,2455.0,0.13378,362.0,0.13386,471.0,0.13387,362.0
1753617317762,11:55:17.762,bitget,AERGO/USDT:USDT,0.1338,471.0,0.13379,4330.0,0.13386,471.0,0.13387,362.0
1753617318062,11:55:18.062,bitget,AERGO/USDT:USDT,0.1338,471.0,0.13379,4330.0,0.13386,471.0,0.13387,362.0
1753617318362,11:55:18.362,bitget,AERGO/USDT:USDT,0.1338,471.0,0.13379,4330.0,0.13386,471.0,0.13387,362.0
1753617318512,11:55:18.512,bitget,AERGO/USDT:USDT,0.1338,471.0,0.13379,4330.0,0.13386,471.0,0.13387,362.0
1753617318662,11:55:18.662,bitget,AERGO/USDT:USDT,0.1338,471.0,0.13379,4330.0,0.13386,471.0,0.13387,362.0
1753617318812,11:55:18.812,bitget,AERGO/USDT:USDT,0.1338,471.0,0.13379,4330.0,0.13386,471.0,0.13387,362.0
1753617319112,11:55:19.112,bitget,AERGO/USDT:USDT,0.1338,471.0,0.13379,4330.0,0.13386,471.0,0.13387,362.0
1753617319263,11:55:19.263,bitget,AERGO/USDT:USDT,0.1338,471.0,0.13379,4330.0,0.13386,471.0,0.13387,362.0
1753617319511,11:55:19.511,bitget,AERGO/USDT:USDT,0.1338,471.0,0.13379,4330.0,0.13386,471.0,0.13387,362.0
1753617319664,11:55:19.664,bitget,AERGO/USDT:USDT,0.1338,471.0,0.13379,4330.0,0.13386,471.0,0.13387,362.0
1753617320013,11:55:20.013,bitget,AERGO/USDT:USDT,0.1338,471.0,0.13379,4330.0,0.13386,471.0,0.13387,362.0
1753617320163,11:55:20.163,bitget,AERGO/USDT:USDT,0.1338,471.0,0.13379,4330.0,0.13386,471.0,0.13387,362.0
1753617320463,11:55:20.463,bitget,AERGO/USDT:USDT,0.13379,4330.0,0.13378,833.0,0.13386,471.0,0.13387,362.0
1753617320764,11:55:20.764,bitget,AERGO/USDT:USDT,0.13379,4330.0,0.13378,833.0,0.13386,471.0,0.13387,362.0
1753617321364,11:55:21.364,bitget,AERGO/USDT:USDT,0.13379,4330.0,0.13378,833.0,0.13386,471.0,0.13387,362.0
1753617321664,11:55:21.664,bitget,AERGO/USDT:USDT,0.13379,4330.0,0.13378,833.0,0.13386,471.0,0.13387,362.0
1753617321814,11:55:21.814,bitget,AERGO/USDT:USDT,0.13379,4330.0,0.13378,833.0,0.13386,471.0,0.13387,362.0
1753617322114,11:55:22.114,bitget,AERGO/USDT:USDT,0.13379,4330.0,0.13378,833.0,0.13386,471.0,0.13387,362.0
1753617322564,11:55:22.564,bitget,AERGO/USDT:USDT,0.13379,4330.0,0.13378,833.0,0.13386,471.0,0.13387,362.0
1753617322714,11:55:22.714,bitget,AERGO/USDT:USDT,0.13379,4330.0,0.13378,833.0,0.13386,471.0,0.13387,362.0
1753617322865,11:55:22.865,bitget,AERGO/USDT:USDT,0.13379,4330.0,0.13378,833.0,0.13386,471.0,0.13387,362.0
1753617323015,11:55:23.015,bitget,AERGO/USDT:USDT,0.13379,4330.0,0.13378,833.0,0.13386,471.0,0.13387,362.0
1753617323465,11:55:23.465,bitget,AERGO/USDT:USDT,0.13379,4330.0,0.13378,833.0,0.13386,471.0,0.13387,362.0
1753617323765,11:55:23.765,bitget,AERGO/USDT:USDT,0.13379,3968.0,0.13378,833.0,0.13386,362.0,0.13388,471.0
1753617323915,11:55:23.915,bitget,AERGO/USDT:USDT,0.1338,454.0,0.13379,4330.0,0.13385,454.0,0.13386,362.0
1753617324065,11:55:24.065,bitget,AERGO/USDT:USDT,0.1338,454.0,0.13379,4330.0,0.13385,454.0,0.13386,362.0
1753617324215,11:55:24.215,bitget,AERGO/USDT:USDT,0.1338,454.0,0.13379,4330.0,0.13385,454.0,0.13386,362.0
1753617324666,11:55:24.666,bitget,AERGO/USDT:USDT,0.1338,454.0,0.13379,4330.0,0.13385,454.0,0.13386,362.0
1753617324816,11:55:24.816,bitget,AERGO/USDT:USDT,0.1338,454.0,0.13379,4330.0,0.13385,454.0,0.13386,362.0
1753617324966,11:55:24.966,bitget,AERGO/USDT:USDT,0.1338,454.0,0.13379,4330.0,0.13385,454.0,0.13386,362.0
1753617325116,11:55:25.116,bitget,AERGO/USDT:USDT,0.1338,454.0,0.13379,4330.0,0.13385,454.0,0.13386,362.0
1753617325266,11:55:25.266,bitget,AERGO/USDT:USDT,0.1338,454.0,0.13379,4330.0,0.13385,454.0,0.13386,362.0
1753617325416,11:55:25.416,bitget,AERGO/USDT:USDT,0.1338,454.0,0.13379,4330.0,0.13385,454.0,0.13386,362.0
1753617325716,11:55:25.716,bitget,AERGO/USDT:USDT,0.1338,454.0,0.13379,4330.0,0.13385,454.0,0.13386,362.0
1753617325867,11:55:25.867,bitget,AERGO/USDT:USDT,0.1338,454.0,0.13379,4330.0,0.13385,454.0,0.13386,362.0
1753617326017,11:55:26.017,bitget,AERGO/USDT:USDT,0.1338,454.0,0.13379,4330.0,0.13385,454.0,0.13386,362.0
1753617326167,11:55:26.167,bitget,AERGO/USDT:USDT,0.1338,454.0,0.13379,4330.0,0.13385,454.0,0.13386,362.0
1753617326317,11:55:26.317,bitget,AERGO/USDT:USDT,0.1338,454.0,0.13379,4330.0,0.13385,454.0,0.13386,362.0
1753617326467,11:55:26.467,bitget,AERGO/USDT:USDT,0.13379,4330.0,0.13378,833.0,0.13385,454.0,0.13386,362.0
1753617326617,11:55:26.617,bitget,AERGO/USDT:USDT,0.13379,4330.0,0.13378,833.0,0.13385,454.0,0.13386,362.0
1753617326767,11:55:26.767,bitget,AERGO/USDT:USDT,0.13379,4330.0,0.13378,833.0,0.13385,454.0,0.13386,362.0
1753617326917,11:55:26.917,bitget,AERGO/USDT:USDT,0.13379,4330.0,0.13378,833.0,0.13385,454.0,0.13386,362.0
1753617327067,11:55:27.067,bitget,AERGO/USDT:USDT,0.13379,4330.0,0.13378,833.0,0.13385,454.0,0.13386,362.0
1753617327217,11:55:27.217,bitget,AERGO/USDT:USDT,0.1338,454.0,0.13379,4330.0,0.13385,454.0,0.13386,362.0
1753617327367,11:55:27.367,bitget,AERGO/USDT:USDT,0.1338,454.0,0.13379,4330.0,0.13385,454.0,0.13386,362.0
1753617327518,11:55:27.518,bitget,AERGO/USDT:USDT,0.1338,454.0,0.13379,4330.0,0.13385,454.0,0.13386,362.0
1753617327668,11:55:27.668,bitget,AERGO/USDT:USDT,0.1338,454.0,0.13379,4330.0,0.13385,454.0,0.13386,362.0
1753617327818,11:55:27.818,bitget,AERGO/USDT:USDT,0.1338,454.0,0.13379,4330.0,0.13385,454.0,0.13386,362.0
1753617327968,11:55:27.968,bitget,AERGO/USDT:USDT,0.1338,454.0,0.13379,4330.0,0.13385,454.0,0.13386,362.0
1753617328118,11:55:28.118,bitget,AERGO/USDT:USDT,0.1338,454.0,0.13379,4330.0,0.13385,454.0,0.13386,362.0
1753617328568,11:55:28.568,bitget,AERGO/USDT:USDT,0.1338,454.0,0.13379,4330.0,0.13385,454.0,0.13386,362.0
1753617328718,11:55:28.718,bitget,AERGO/USDT:USDT,0.1338,454.0,0.13379,4330.0,0.13385,454.0,0.13386,362.0
1753617328868,11:55:28.868,bitget,AERGO/USDT:USDT,0.1338,454.0,0.13379,362.0,0.13385,454.0,0.13386,362.0
1753617329018,11:55:29.018,bitget,AERGO/USDT:USDT,0.1338,454.0,0.13379,362.0,0.13385,454.0,0.13386,362.0
1753617329168,11:55:29.168,bitget,AERGO/USDT:USDT,0.1338,454.0,0.13379,362.0,0.13385,454.0,0.13386,362.0
1753617329319,11:55:29.319,bitget,AERGO/USDT:USDT,0.1338,454.0,0.13379,362.0,0.13385,454.0,0.13386,362.0
1753617329469,11:55:29.469,bitget,AERGO/USDT:USDT,0.1338,454.0,0.13379,362.0,0.13385,454.0,0.13386,362.0
1753617329919,11:55:29.919,bitget,AERGO/USDT:USDT,0.1338,454.0,0.13379,362.0,0.13385,454.0,0.13386,362.0
1753617330069,11:55:30.069,bitget,AERGO/USDT:USDT,0.13379,362.0,0.13378,833.0,0.13385,454.0,0.13386,362.0
1753617330369,11:55:30.369,bitget,AERGO/USDT:USDT,0.1338,462.0,0.13379,362.0,0.13385,454.0,0.13386,362.0
1753617330519,11:55:30.519,bitget,AERGO/USDT:USDT,0.1338,462.0,0.13379,362.0,0.13385,454.0,0.13386,362.0
1753617330669,11:55:30.669,bitget,AERGO/USDT:USDT,0.1338,462.0,0.13379,362.0,0.13385,454.0,0.13386,362.0
1753617330820,11:55:30.820,bitget,AERGO/USDT:USDT,0.13379,362.0,0.13378,824.0,0.13385,454.0,0.13386,362.0
1753617331120,11:55:31.120,bitget,AERGO/USDT:USDT,0.13379,824.0,0.13378,362.0,0.13385,454.0,0.13386,362.0
1753617331270,11:55:31.270,bitget,AERGO/USDT:USDT,0.13376,472.0,0.13375,3736.0,0.13384,362.0,0.13385,603.0
1753617331570,11:55:31.570,bitget,AERGO/USDT:USDT,0.13376,472.0,0.13375,3736.0,0.13383,462.0,0.13384,362.0
1753617331720,11:55:31.720,bitget,AERGO/USDT:USDT,0.13376,472.0,0.13375,3736.0,0.13383,462.0,0.13384,362.0
1753617331870,11:55:31.870,bitget,AERGO/USDT:USDT,0.13376,472.0,0.13375,3736.0,0.13383,462.0,0.13384,362.0
1753617332020,11:55:32.020,bitget,AERGO/USDT:USDT,0.13376,472.0,0.13375,3736.0,0.13383,462.0,0.13384,362.0
1753617332320,11:55:32.320,bitget,AERGO/USDT:USDT,0.13376,472.0,0.13375,3736.0,0.13383,462.0,0.13384,362.0
1753617332471,11:55:32.471,bitget,AERGO/USDT:USDT,0.13376,472.0,0.13375,3736.0,0.13383,462.0,0.13384,362.0
1753617332771,11:55:32.771,bitget,AERGO/USDT:USDT,0.13376,472.0,0.13375,3736.0,0.13383,462.0,0.13384,362.0
1753617332921,11:55:32.921,bitget,AERGO/USDT:USDT,0.13376,472.0,0.13375,3736.0,0.13383,462.0,0.13384,362.0
1753617333071,11:55:33.071,bitget,AERGO/USDT:USDT,0.13376,472.0,0.13375,3736.0,0.13383,462.0,0.13384,362.0
1753617333221,11:55:33.221,bitget,AERGO/USDT:USDT,0.13376,472.0,0.13375,3736.0,0.13383,462.0,0.13384,362.0
1753617333371,11:55:33.371,bitget,AERGO/USDT:USDT,0.13376,472.0,0.13375,3736.0,0.13383,462.0,0.13384,362.0
1753617333521,11:55:33.521,bitget,AERGO/USDT:USDT,0.13376,472.0,0.13375,3736.0,0.13383,462.0,0.13384,362.0
1753617333821,11:55:33.821,bitget,AERGO/USDT:USDT,0.13376,472.0,0.13375,3736.0,0.13383,462.0,0.13384,362.0
1753617334272,11:55:34.272,bitget,AERGO/USDT:USDT,0.13376,472.0,0.13375,3736.0,0.13383,462.0,0.13384,362.0
1753617334422,11:55:34.422,bitget,AERGO/USDT:USDT,0.13376,472.0,0.13375,3736.0,0.13383,462.0,0.13384,362.0
1753617334872,11:55:34.872,bitget,AERGO/USDT:USDT,0.13375,3736.0,0.13371,452.0,0.13383,824.0,0.13385,603.0
1753617335022,11:55:35.022,bitget,AERGO/USDT:USDT,0.13375,3736.0,0.13371,452.0,0.13382,462.0,0.13383,362.0
1753617335172,11:55:35.172,bitget,AERGO/USDT:USDT,0.13375,3736.0,0.13371,452.0,0.13382,462.0,0.13383,362.0
1753617335322,11:55:35.322,bitget,AERGO/USDT:USDT,0.13376,462.0,0.13375,3736.0,0.13382,462.0,0.13383,362.0
1753617335472,11:55:35.472,bitget,AERGO/USDT:USDT,0.13376,462.0,0.13371,452.0,0.13382,462.0,0.13383,362.0
1753617335773,11:55:35.773,bitget,AERGO/USDT:USDT,0.13373,462.0,0.13372,362.0,0.13382,462.0,0.13383,362.0
1753617335923,11:55:35.923,bitget,AERGO/USDT:USDT,0.13373,462.0,0.13372,362.0,0.13382,462.0,0.13383,362.0
1753617336073,11:55:36.073,bitget,AERGO/USDT:USDT,0.13373,462.0,0.13372,362.0,0.13382,462.0,0.13383,362.0
1753617336223,11:55:36.223,bitget,AERGO/USDT:USDT,0.13373,462.0,0.13372,362.0,0.13382,462.0,0.13383,362.0
1753617336373,11:55:36.373,bitget,AERGO/USDT:USDT,0.13373,462.0,0.13372,362.0,0.13382,462.0,0.13383,362.0
1753617336823,11:55:36.823,bitget,AERGO/USDT:USDT,0.13373,462.0,0.13372,362.0,0.13382,462.0,0.13383,362.0
1753617336973,11:55:36.973,bitget,AERGO/USDT:USDT,0.13373,824.0,0.13372,362.0,0.13382,462.0,0.13383,362.0
1753617337124,11:55:37.124,bitget,AERGO/USDT:USDT,0.13374,462.0,0.13373,362.0,0.13382,462.0,0.13383,362.0
1753617337274,11:55:37.274,bitget,AERGO/USDT:USDT,0.13374,462.0,0.13373,362.0,0.13382,462.0,0.13383,362.0
1753617337724,11:55:37.724,bitget,AERGO/USDT:USDT,0.13374,462.0,0.13373,362.0,0.13382,462.0,0.13383,362.0
1753617337874,11:55:37.874,bitget,AERGO/USDT:USDT,0.13374,462.0,0.13373,362.0,0.13382,462.0,0.13383,362.0
1753617338174,11:55:38.174,bitget,AERGO/USDT:USDT,0.13374,462.0,0.13373,362.0,0.13382,462.0,0.13383,362.0
1753617338324,11:55:38.324,bitget,AERGO/USDT:USDT,0.13374,462.0,0.13373,362.0,0.13382,462.0,0.13383,362.0
1753617338624,11:55:38.624,bitget,AERGO/USDT:USDT,0.13374,462.0,0.13373,362.0,0.13382,462.0,0.13383,362.0
1753617338775,11:55:38.775,bitget,AERGO/USDT:USDT,0.13374,462.0,0.13373,362.0,0.13382,462.0,0.13383,362.0
1753617338925,11:55:38.925,bitget,AERGO/USDT:USDT,0.13374,462.0,0.13373,362.0,0.13382,462.0,0.13383,362.0
1753617339075,11:55:39.075,bitget,AERGO/USDT:USDT,0.13374,462.0,0.13373,362.0,0.13382,462.0,0.13383,362.0
1753617339225,11:55:39.225,bitget,AERGO/USDT:USDT,0.13374,462.0,0.13373,362.0,0.13382,462.0,0.13383,362.0
1753617339525,11:55:39.525,bitget,AERGO/USDT:USDT,0.13374,462.0,0.13373,362.0,0.13382,462.0,0.13383,362.0
1753617339675,11:55:39.675,bitget,AERGO/USDT:USDT,0.13374,1486.0,0.13373,362.0,0.13382,462.0,0.13383,362.0
1753617339825,11:55:39.825,bitget,AERGO/USDT:USDT,0.13375,463.0,0.13374,1024.0,0.13382,462.0,0.13383,362.0
1753617339975,11:55:39.975,bitget,AERGO/USDT:USDT,0.13375,463.0,0.13374,1024.0,0.13382,462.0,0.13383,362.0
1753617340275,11:55:40.275,bitget,AERGO/USDT:USDT,0.13375,463.0,0.13374,1024.0,0.13382,462.0,0.13383,362.0
1753617340426,11:55:40.426,bitget,AERGO/USDT:USDT,0.13375,463.0,0.13374,1024.0,0.13382,462.0,0.13383,362.0
1753617340576,11:55:40.576,bitget,AERGO/USDT:USDT,0.13375,463.0,0.13374,1024.0,0.13382,462.0,0.13383,362.0
1753617340726,11:55:40.726,bitget,AERGO/USDT:USDT,0.13375,463.0,0.13374,1024.0,0.13382,462.0,0.13383,362.0
1753617341026,11:55:41.026,bitget,AERGO/USDT:USDT,0.13375,463.0,0.13374,1024.0,0.13382,462.0,0.13383,362.0
1753617341176,11:55:41.176,bitget,AERGO/USDT:USDT,0.13375,463.0,0.13374,1024.0,0.13382,462.0,0.13383,362.0
1753617341326,11:55:41.326,bitget,AERGO/USDT:USDT,0.13375,463.0,0.13374,1024.0,0.13382,462.0,0.13383,362.0
1753617341476,11:55:41.476,bitget,AERGO/USDT:USDT,0.13375,463.0,0.13374,1024.0,0.13382,462.0,0.13383,362.0
1753617341626,11:55:41.626,bitget,AERGO/USDT:USDT,0.13375,463.0,0.13374,1024.0,0.13382,462.0,0.13383,362.0
1753617341776,11:55:41.776,bitget,AERGO/USDT:USDT,0.13375,463.0,0.13374,1024.0,0.13382,462.0,0.13383,362.0
1753617341926,11:55:41.926,bitget,AERGO/USDT:USDT,0.13375,463.0,0.13374,1024.0,0.13382,462.0,0.13383,362.0
1753617342076,11:55:42.076,bitget,AERGO/USDT:USDT,0.13375,463.0,0.13374,1024.0,0.13382,462.0,0.13383,362.0
1753617342227,11:55:42.227,bitget,AERGO/USDT:USDT,0.13375,463.0,0.13374,1024.0,0.13382,462.0,0.13383,362.0
1753617342377,11:55:42.377,bitget,AERGO/USDT:USDT,0.13375,463.0,0.13374,1024.0,0.13382,462.0,0.13383,362.0
1753617342527,11:55:42.527,bitget,AERGO/USDT:USDT,0.13375,463.0,0.13374,1024.0,0.13382,462.0,0.13383,362.0
1753617342827,11:55:42.827,bitget,AERGO/USDT:USDT,0.13374,1024.0,0.13373,825.0,0.13382,462.0,0.13383,362.0
1753617342977,11:55:42.977,bitget,AERGO/USDT:USDT,0.13374,1024.0,0.13373,825.0,0.13382,462.0,0.13383,362.0
1753617343127,11:55:43.127,bitget,AERGO/USDT:USDT,0.13374,1024.0,0.13373,825.0,0.13382,462.0,0.13383,362.0
1753617343427,11:55:43.427,bitget,AERGO/USDT:USDT,0.13374,1024.0,0.13373,825.0,0.13382,462.0,0.13383,362.0
1753617343577,11:55:43.577,bitget,AERGO/USDT:USDT,0.13375,463.0,0.13374,1024.0,0.13382,462.0,0.13383,362.0
1753617344028,11:55:44.028,bitget,AERGO/USDT:USDT,0.13375,463.0,0.13374,1024.0,0.13382,462.0,0.13383,362.0
1753617344328,11:55:44.328,bitget,AERGO/USDT:USDT,0.13375,463.0,0.13374,1024.0,0.13382,462.0,0.13383,362.0
1753617344478,11:55:44.478,bitget,AERGO/USDT:USDT,0.13375,463.0,0.13374,1024.0,0.13382,462.0,0.13383,362.0
1753617344778,11:55:44.778,bitget,AERGO/USDT:USDT,0.13373,825.0,0.13372,362.0,0.13382,462.0,0.13383,362.0
1753617344928,11:55:44.928,bitget,AERGO/USDT:USDT,0.13374,463.0,0.13373,362.0,0.13382,462.0,0.13383,362.0
1753617345378,11:55:45.378,bitget,AERGO/USDT:USDT,0.13375,463.0,0.13374,1206.0,0.13382,462.0,0.13383,362.0
1753617345679,11:55:45.679,bitget,AERGO/USDT:USDT,0.13375,463.0,0.13374,1206.0,0.13382,462.0,0.13383,362.0
1753617345829,11:55:45.829,bitget,AERGO/USDT:USDT,0.13375,463.0,0.13374,1206.0,0.13382,462.0,0.13383,362.0
1753617345979,11:55:45.979,bitget,AERGO/USDT:USDT,0.13375,463.0,0.13374,1206.0,0.13382,462.0,0.13383,362.0
1753617346129,11:55:46.129,bitget,AERGO/USDT:USDT,0.13375,463.0,0.13374,362.0,0.13382,462.0,0.13383,362.0
1753617346279,11:55:46.279,bitget,AERGO/USDT:USDT,0.13375,463.0,0.13374,362.0,0.13382,462.0,0.13383,362.0
1753617346429,11:55:46.429,bitget,AERGO/USDT:USDT,0.13375,463.0,0.13374,362.0,0.13382,462.0,0.13383,362.0
1753617346729,11:55:46.729,bitget,AERGO/USDT:USDT,0.13375,463.0,0.13374,362.0,0.13382,462.0,0.13383,362.0
1753617347029,11:55:47.029,bitget,AERGO/USDT:USDT,0.13375,463.0,0.13374,362.0,0.13382,462.0,0.13383,362.0
1753617347330,11:55:47.330,bitget,AERGO/USDT:USDT,0.13375,463.0,0.13374,362.0,0.13382,462.0,0.13383,362.0
1753617347480,11:55:47.480,bitget,AERGO/USDT:USDT,0.13375,463.0,0.13374,362.0,0.13382,462.0,0.13383,362.0
1753617347780,11:55:47.780,bitget,AERGO/USDT:USDT,0.13375,463.0,0.13374,362.0,0.13382,462.0,0.13383,362.0
1753617348230,11:55:48.230,bitget,AERGO/USDT:USDT,0.13379,362.0,0.13378,472.0,0.13388,471.0,0.1339,2279.0
1753617348530,11:55:48.530,bitget,AERGO/USDT:USDT,0.1338,472.0,0.13379,362.0,0.13388,471.0,0.1339,2733.0
1753617348680,11:55:48.680,bitget,AERGO/USDT:USDT,0.1338,472.0,0.13379,362.0,0.13388,471.0,0.1339,2733.0
1753617348981,11:55:48.981,bitget,AERGO/USDT:USDT,0.1338,472.0,0.13379,4098.0,0.13388,471.0,0.1339,2733.0
1753617349131,11:55:49.131,bitget,AERGO/USDT:USDT,0.1338,472.0,0.13379,4098.0,0.13388,471.0,0.1339,2733.0
1753617349281,11:55:49.281,bitget,AERGO/USDT:USDT,0.1338,472.0,0.13379,4098.0,0.13388,471.0,0.1339,2733.0
1753617350331,11:55:50.331,bitget,AERGO/USDT:USDT,0.13381,472.0,0.1338,362.0,0.13388,471.0,0.1339,2733.0
1753617350481,11:55:50.481,bitget,AERGO/USDT:USDT,0.13381,472.0,0.1338,362.0,0.13388,471.0,0.1339,2733.0
1753617350632,11:55:50.632,bitget,AERGO/USDT:USDT,0.13381,472.0,0.1338,362.0,0.13388,471.0,0.1339,2733.0
1753617351082,11:55:51.082,bitget,AERGO/USDT:USDT,0.13381,472.0,0.1338,362.0,0.13388,471.0,0.1339,2733.0
1753617351232,11:55:51.232,bitget,AERGO/USDT:USDT,0.13381,472.0,0.1338,362.0,0.13388,471.0,0.1339,2733.0
1753617351532,11:55:51.532,bitget,AERGO/USDT:USDT,0.13381,472.0,0.1338,362.0,0.13388,471.0,0.1339,2733.0
1753617351682,11:55:51.682,bitget,AERGO/USDT:USDT,0.13381,472.0,0.1338,362.0,0.13388,471.0,0.1339,2733.0
1753617351832,11:55:51.832,bitget,AERGO/USDT:USDT,0.13381,472.0,0.1338,362.0,0.13388,471.0,0.1339,2733.0
1753617351982,11:55:51.982,bitget,AERGO/USDT:USDT,0.13381,472.0,0.1338,362.0,0.13388,471.0,0.1339,2733.0
1753617352433,11:55:52.433,bitget,AERGO/USDT:USDT,0.13381,472.0,0.1338,362.0,0.13388,471.0,0.1339,2733.0
1753617352733,11:55:52.733,bitget,AERGO/USDT:USDT,0.13381,472.0,0.1338,362.0,0.13388,471.0,0.1339,2733.0
1753617352883,11:55:52.883,bitget,AERGO/USDT:USDT,0.13381,472.0,0.1338,362.0,0.13388,471.0,0.1339,2733.0
1753617353183,11:55:53.183,bitget,AERGO/USDT:USDT,0.13381,472.0,0.1338,362.0,0.13388,471.0,0.1339,2733.0
1753617353333,11:55:53.333,bitget,AERGO/USDT:USDT,0.13381,472.0,0.1338,362.0,0.13388,471.0,0.1339,2733.0
1753617353783,11:55:53.783,bitget,AERGO/USDT:USDT,0.13381,472.0,0.1338,362.0,0.13388,471.0,0.1339,2733.0
1753617354534,11:55:54.534,bitget,AERGO/USDT:USDT,0.13381,472.0,0.1338,362.0,0.13388,471.0,0.1339,2733.0
1753617354684,11:55:54.684,bitget,AERGO/USDT:USDT,0.13381,472.0,0.1338,362.0,0.13388,471.0,0.1339,2733.0
1753617355284,11:55:55.284,bitget,AERGO/USDT:USDT,0.13381,472.0,0.1338,362.0,0.13388,471.0,0.1339,2733.0
1753617355434,11:55:55.434,bitget,AERGO/USDT:USDT,0.13381,472.0,0.1338,362.0,0.13388,471.0,0.1339,2733.0
1753617355585,11:55:55.585,bitget,AERGO/USDT:USDT,0.13381,472.0,0.1338,362.0,0.13388,471.0,0.1339,2733.0
1753617356035,11:55:56.035,bitget,AERGO/USDT:USDT,0.13381,472.0,0.1338,362.0,0.13388,471.0,0.1339,2733.0
1753617356335,11:55:56.335,bitget,AERGO/USDT:USDT,0.13381,472.0,0.1338,362.0,0.13388,471.0,0.1339,2733.0
1753617356785,11:55:56.785,bitget,AERGO/USDT:USDT,0.1338,362.0,0.13379,362.0,0.13387,472.0,0.13388,362.0
1753617356935,11:55:56.935,bitget,AERGO/USDT:USDT,0.13379,1304.0,0.13377,362.0,0.13386,472.0,0.13387,362.0
1753617357236,11:55:57.236,bitget,AERGO/USDT:USDT,0.13379,470.0,0.13377,362.0,0.13386,472.0,0.13387,362.0
1753617357536,11:55:57.536,bitget,AERGO/USDT:USDT,0.13379,470.0,0.13377,362.0,0.13385,472.0,0.13386,362.0
1753617357686,11:55:57.686,bitget,AERGO/USDT:USDT,0.1338,472.0,0.13379,470.0,0.13385,621.0,0.13386,362.0
1753617358136,11:55:58.136,bitget,AERGO/USDT:USDT,0.13379,470.0,0.13378,472.0,0.13384,472.0,0.13385,149.0
