timestamp,time,exchange,symbol,bid1_price,bid1_volume,bid2_price,bid2_volume,ask1_price,ask1_volume,ask2_price,ask2_volume
1753617157119,11:52:37.119,bybit,ACT/USDT:USDT,0.04604,4730.0,0.04603,8727.0,0.04605,327.0,0.04606,5696.0
1753617157219,11:52:37.219,bybit,ACT/USDT:USDT,0.04604,4730.0,0.04603,8727.0,0.04605,327.0,0.04606,5696.0
1753617157819,11:52:37.819,bybit,ACT/USDT:USDT,0.04604,4730.0,0.04603,8727.0,0.04605,327.0,0.04606,5696.0
1753617158718,11:52:38.718,bybit,ACT/USDT:USDT,0.04604,4730.0,0.04603,8727.0,0.04605,327.0,0.04606,16095.0
1753617158819,11:52:38.819,bybit,ACT/USDT:USDT,0.04604,4730.0,0.04603,8727.0,0.04605,327.0,0.04606,16095.0
1753617159818,11:52:39.818,bybit,ACT/USDT:USDT,0.04604,4744.0,0.04603,8727.0,0.04605,327.0,0.04606,16095.0
1753617160019,11:52:40.019,bybit,ACT/USDT:USDT,0.04604,4744.0,0.04603,8727.0,0.04605,327.0,0.04606,16095.0
1753617160119,11:52:40.119,bybit,ACT/USDT:USDT,0.04604,4744.0,0.04603,8727.0,0.04605,327.0,0.04606,16095.0
1753617161220,11:52:41.220,bybit,ACT/USDT:USDT,0.04604,4744.0,0.04603,8727.0,0.04605,327.0,0.04606,16095.0
1753617163919,11:52:43.919,bybit,ACT/USDT:USDT,0.04604,4779.0,0.04603,8727.0,0.04605,327.0,0.04606,16095.0
1753617164419,11:52:44.419,bybit,ACT/USDT:USDT,0.04604,4779.0,0.04603,8727.0,0.04605,327.0,0.04606,16095.0
1753617164524,11:52:44.524,bybit,ACT/USDT:USDT,0.04604,4779.0,0.04603,8727.0,0.04605,327.0,0.04606,16095.0
1753617165020,11:52:45.020,bybit,ACT/USDT:USDT,0.04604,4779.0,0.04603,8727.0,0.04605,327.0,0.04606,16095.0
1753617165519,11:52:45.519,bybit,ACT/USDT:USDT,0.04604,4779.0,0.04603,8727.0,0.04605,327.0,0.04606,16095.0
1753617165619,11:52:45.619,bybit,ACT/USDT:USDT,0.04604,4779.0,0.04603,8727.0,0.04605,327.0,0.04606,16095.0
1753617166118,11:52:46.118,bybit,ACT/USDT:USDT,0.04604,4779.0,0.04603,8727.0,0.04605,327.0,0.04606,16095.0
1753617166218,11:52:46.218,bybit,ACT/USDT:USDT,0.04604,4779.0,0.04603,8727.0,0.04605,327.0,0.04606,16095.0
1753617166619,11:52:46.619,bybit,ACT/USDT:USDT,0.04604,3063.0,0.04603,8727.0,0.04605,2584.0,0.04606,16095.0
1753617166719,11:52:46.719,bybit,ACT/USDT:USDT,0.04604,3063.0,0.04603,8727.0,0.04605,2584.0,0.04606,16095.0
1753617167020,11:52:47.020,bybit,ACT/USDT:USDT,0.04604,3063.0,0.04603,8727.0,0.04605,2584.0,0.04606,16095.0
1753617167218,11:52:47.218,bybit,ACT/USDT:USDT,0.04604,3063.0,0.04603,8727.0,0.04605,2043.0,0.04606,16095.0
1753617167319,11:52:47.319,bybit,ACT/USDT:USDT,0.04604,3063.0,0.04603,8727.0,0.04605,2043.0,0.04606,16095.0
1753617167819,11:52:47.819,bybit,ACT/USDT:USDT,0.04604,3063.0,0.04603,8727.0,0.04605,2043.0,0.04606,16095.0
1753617168418,11:52:48.418,bybit,ACT/USDT:USDT,0.04604,3063.0,0.04603,8727.0,0.04605,2043.0,0.04606,16095.0
1753617168519,11:52:48.519,bybit,ACT/USDT:USDT,0.04604,3063.0,0.04603,8727.0,0.04605,2043.0,0.04606,16095.0
1753617168918,11:52:48.918,bybit,ACT/USDT:USDT,0.04604,3063.0,0.04603,8727.0,0.04605,327.0,0.04606,16095.0
1753617169318,11:52:49.318,bybit,ACT/USDT:USDT,0.04604,7172.0,0.04603,8714.0,0.04605,327.0,0.04607,9148.0
1753617169419,11:52:49.419,bybit,ACT/USDT:USDT,0.04604,38660.0,0.04603,17869.0,0.04605,327.0,0.04607,9148.0
1753617169520,11:52:49.520,bybit,ACT/USDT:USDT,0.04604,38660.0,0.04603,17869.0,0.04605,327.0,0.04607,10851.0
1753617170020,11:52:50.020,bybit,ACT/USDT:USDT,0.04604,38660.0,0.04603,17869.0,0.04605,327.0,0.04607,10851.0
1753617170119,11:52:50.119,bybit,ACT/USDT:USDT,0.04604,38660.0,0.04603,17869.0,0.04605,327.0,0.04607,10851.0
1753617170526,11:52:50.526,bybit,ACT/USDT:USDT,0.04604,38660.0,0.04603,17869.0,0.04605,327.0,0.04607,10851.0
1753617170819,11:52:50.819,bybit,ACT/USDT:USDT,0.04604,44565.0,0.04603,17869.0,0.04605,327.0,0.04607,10851.0
1753617170919,11:52:50.919,bybit,ACT/USDT:USDT,0.04604,44565.0,0.04603,17869.0,0.04605,327.0,0.04607,10851.0
1753617171019,11:52:51.019,bybit,ACT/USDT:USDT,0.04604,44565.0,0.04603,17869.0,0.04605,327.0,0.04607,10851.0
1753617171119,11:52:51.119,bybit,ACT/USDT:USDT,0.04604,44565.0,0.04603,17869.0,0.04605,327.0,0.04607,10851.0
1753617171219,11:52:51.219,bybit,ACT/USDT:USDT,0.04604,42849.0,0.04603,17869.0,0.04605,327.0,0.04606,1703.0
1753617171518,11:52:51.518,bybit,ACT/USDT:USDT,0.04604,42849.0,0.04603,17869.0,0.04605,327.0,0.04606,1703.0
1753617171620,11:52:51.620,bybit,ACT/USDT:USDT,0.04606,2716.0,0.04605,21491.0,0.04608,16313.0,0.04609,26673.0
1753617171719,11:52:51.719,bybit,ACT/USDT:USDT,0.04606,2716.0,0.04605,28393.0,0.04608,16313.0,0.04609,26673.0
1753617171818,11:52:51.818,bybit,ACT/USDT:USDT,0.04607,1760.0,0.04606,18381.0,0.04608,218.0,0.04609,14885.0
1753617171919,11:52:51.919,bybit,ACT/USDT:USDT,0.04607,1760.0,0.04606,15363.0,0.04608,218.0,0.04609,14885.0
1753617172218,11:52:52.218,bybit,ACT/USDT:USDT,0.04607,1760.0,0.04606,15363.0,0.04608,218.0,0.04609,14885.0
1753617172719,11:52:52.719,bybit,ACT/USDT:USDT,0.04607,1760.0,0.04606,15363.0,0.04608,218.0,0.04609,14885.0
1753617172818,11:52:52.818,bybit,ACT/USDT:USDT,0.04607,1760.0,0.04606,15363.0,0.04608,218.0,0.04609,14885.0
1753617173319,11:52:53.319,bybit,ACT/USDT:USDT,0.04607,1760.0,0.04606,15363.0,0.04608,218.0,0.04609,14885.0
1753617173719,11:52:53.719,bybit,ACT/USDT:USDT,0.04607,6832.0,0.04606,10431.0,0.04608,218.0,0.04609,14885.0
1753617173819,11:52:53.819,bybit,ACT/USDT:USDT,0.04607,6832.0,0.04606,10431.0,0.04608,218.0,0.04609,14885.0
1753617173919,11:52:53.919,bybit,ACT/USDT:USDT,0.04607,6832.0,0.04606,10431.0,0.04608,218.0,0.04609,14885.0
1753617174419,11:52:54.419,bybit,ACT/USDT:USDT,0.04607,6832.0,0.04606,10431.0,0.04608,218.0,0.04609,14885.0
1753617174918,11:52:54.918,bybit,ACT/USDT:USDT,0.04607,6832.0,0.04606,10431.0,0.04608,218.0,0.04609,14885.0
1753617175019,11:52:55.019,bybit,ACT/USDT:USDT,0.04607,6832.0,0.04606,10431.0,0.04608,218.0,0.04609,14885.0
1753617175119,11:52:55.119,bybit,ACT/USDT:USDT,0.04607,6832.0,0.04606,10431.0,0.04608,218.0,0.04609,14885.0
1753617175319,11:52:55.319,bybit,ACT/USDT:USDT,0.04607,6832.0,0.04606,10431.0,0.04608,218.0,0.04609,14885.0
1753617175618,11:52:55.618,bybit,ACT/USDT:USDT,0.04607,6832.0,0.04606,10431.0,0.04608,218.0,0.04609,14885.0
1753617176119,11:52:56.119,bybit,ACT/USDT:USDT,0.04607,6832.0,0.04606,10431.0,0.04608,218.0,0.04609,14885.0
1753617176219,11:52:56.219,bybit,ACT/USDT:USDT,0.04607,6832.0,0.04606,10431.0,0.04608,218.0,0.04609,14885.0
1753617176524,11:52:56.524,bybit,ACT/USDT:USDT,0.04607,6832.0,0.04606,10431.0,0.04608,218.0,0.04609,14885.0
1753617176618,11:52:56.618,bybit,ACT/USDT:USDT,0.04607,6832.0,0.04606,10431.0,0.04608,218.0,0.04609,14885.0
1753617176718,11:52:56.718,bybit,ACT/USDT:USDT,0.04607,6832.0,0.04606,10431.0,0.04608,218.0,0.04609,14885.0
1753617176818,11:52:56.818,bybit,ACT/USDT:USDT,0.04607,6832.0,0.04606,10431.0,0.04608,218.0,0.04609,14885.0
1753617176918,11:52:56.918,bybit,ACT/USDT:USDT,0.04607,6832.0,0.04606,10431.0,0.04608,218.0,0.04609,14885.0
1753617177019,11:52:57.019,bybit,ACT/USDT:USDT,0.04607,6832.0,0.04606,10431.0,0.04608,218.0,0.04609,14885.0
1753617177218,11:52:57.218,bybit,ACT/USDT:USDT,0.04607,6832.0,0.04606,10431.0,0.04608,218.0,0.04609,14885.0
1753617177319,11:52:57.319,bybit,ACT/USDT:USDT,0.04607,6832.0,0.04606,10431.0,0.04608,218.0,0.04609,14885.0
1753617177819,11:52:57.819,bybit,ACT/USDT:USDT,0.04607,6832.0,0.04606,10431.0,0.04608,218.0,0.04609,14885.0
1753617177919,11:52:57.919,bybit,ACT/USDT:USDT,0.04607,6832.0,0.04606,10431.0,0.04608,218.0,0.04609,14885.0
1753617178218,11:52:58.218,bybit,ACT/USDT:USDT,0.04607,6832.0,0.04606,10431.0,0.04608,218.0,0.04609,14885.0
1753617178319,11:52:58.319,bybit,ACT/USDT:USDT,0.04607,6832.0,0.04606,10431.0,0.04608,218.0,0.04609,14885.0
1753617178919,11:52:58.919,bybit,ACT/USDT:USDT,0.04607,6832.0,0.04606,10431.0,0.04608,218.0,0.04609,14885.0
1753617179219,11:52:59.219,bybit,ACT/USDT:USDT,0.04607,1760.0,0.04606,10431.0,0.04608,218.0,0.04609,14885.0
1753617179719,11:52:59.719,bybit,ACT/USDT:USDT,0.04606,8730.0,0.04605,9184.0,0.04607,692.0,0.04608,12220.0
1753617180019,11:53:00.019,bybit,ACT/USDT:USDT,0.04606,8730.0,0.04605,9184.0,0.04607,692.0,0.04608,12220.0
1753617180319,11:53:00.319,bybit,ACT/USDT:USDT,0.04606,6902.0,0.04605,9184.0,0.04607,692.0,0.04608,12220.0
1753617180419,11:53:00.419,bybit,ACT/USDT:USDT,0.04606,6902.0,0.04605,9184.0,0.04607,692.0,0.04608,12220.0
1753617180524,11:53:00.524,bybit,ACT/USDT:USDT,0.04606,6902.0,0.04605,9184.0,0.04607,692.0,0.04608,12220.0
1753617180618,11:53:00.618,bybit,ACT/USDT:USDT,0.04606,6902.0,0.04605,13800.0,0.04607,692.0,0.04608,12220.0
1753617180718,11:53:00.718,bybit,ACT/USDT:USDT,0.04606,6902.0,0.04605,13800.0,0.04607,692.0,0.04608,12220.0
1753617181119,11:53:01.119,bybit,ACT/USDT:USDT,0.04606,6902.0,0.04605,13800.0,0.04607,692.0,0.04608,12220.0
1753617181218,11:53:01.218,bybit,ACT/USDT:USDT,0.04606,6902.0,0.04605,13800.0,0.04607,692.0,0.04608,12220.0
1753617181719,11:53:01.719,bybit,ACT/USDT:USDT,0.04606,6902.0,0.04605,13800.0,0.04607,692.0,0.04608,12220.0
1753617181819,11:53:01.819,bybit,ACT/USDT:USDT,0.04606,6902.0,0.04605,13800.0,0.04607,692.0,0.04608,12220.0
1753617182721,11:53:02.721,bybit,ACT/USDT:USDT,0.04607,1760.0,0.04606,8616.0,0.04608,10617.0,0.04609,14885.0
1753617182918,11:53:02.918,bybit,ACT/USDT:USDT,0.04607,3474.0,0.04606,8616.0,0.04608,218.0,0.04609,25284.0
1753617183118,11:53:03.118,bybit,ACT/USDT:USDT,0.04607,1760.0,0.04606,8616.0,0.04608,218.0,0.04609,25284.0
1753617183319,11:53:03.319,bybit,ACT/USDT:USDT,0.04607,1760.0,0.04606,8616.0,0.04608,218.0,0.04609,25284.0
1753617183418,11:53:03.418,bybit,ACT/USDT:USDT,0.04607,1760.0,0.04606,8616.0,0.04608,218.0,0.04609,25284.0
1753617183519,11:53:03.519,bybit,ACT/USDT:USDT,0.04607,1760.0,0.04606,8616.0,0.04608,218.0,0.04609,25284.0
1753617183620,11:53:03.620,bybit,ACT/USDT:USDT,0.04607,3474.0,0.04606,8616.0,0.04608,218.0,0.04609,10399.0
1753617183719,11:53:03.719,bybit,ACT/USDT:USDT,0.04607,3474.0,0.04606,8616.0,0.04608,218.0,0.04609,10399.0
1753617183819,11:53:03.819,bybit,ACT/USDT:USDT,0.04607,5474.0,0.04606,10616.0,0.04608,218.0,0.04609,10399.0
1753617184020,11:53:04.020,bybit,ACT/USDT:USDT,0.04609,1760.0,0.04608,8747.0,0.0461,16095.0,0.04611,9177.0
1753617184119,11:53:04.119,bybit,ACT/USDT:USDT,0.04609,1760.0,0.04608,8747.0,0.0461,16095.0,0.04611,9177.0
1753617184320,11:53:04.320,bybit,ACT/USDT:USDT,0.04609,1760.0,0.04608,8747.0,0.0461,16095.0,0.04611,9177.0
1753617184419,11:53:04.419,bybit,ACT/USDT:USDT,0.04609,1760.0,0.04608,8747.0,0.0461,16095.0,0.04611,9177.0
1753617184526,11:53:04.526,bybit,ACT/USDT:USDT,0.04609,1760.0,0.04608,8747.0,0.0461,16095.0,0.04611,9177.0
1753617184719,11:53:04.719,bybit,ACT/USDT:USDT,0.04609,1760.0,0.04608,8747.0,0.0461,16095.0,0.04611,9177.0
1753617184818,11:53:04.818,bybit,ACT/USDT:USDT,0.04609,1760.0,0.04608,8747.0,0.0461,16095.0,0.04611,9177.0
1753617184919,11:53:04.919,bybit,ACT/USDT:USDT,0.04609,1760.0,0.04608,8747.0,0.0461,16095.0,0.04611,9177.0
1753617185020,11:53:05.020,bybit,ACT/USDT:USDT,0.04609,1760.0,0.04608,8747.0,0.0461,16095.0,0.04611,9177.0
1753617185418,11:53:05.418,bybit,ACT/USDT:USDT,0.04609,1760.0,0.04608,8747.0,0.0461,16095.0,0.04611,9177.0
1753617185520,11:53:05.520,bybit,ACT/USDT:USDT,0.04609,1760.0,0.04608,8747.0,0.0461,16095.0,0.04611,9600.0
1753617186020,11:53:06.020,bybit,ACT/USDT:USDT,0.04608,8747.0,0.04607,6735.0,0.0461,16095.0,0.04611,9600.0
1753617186419,11:53:06.419,bybit,ACT/USDT:USDT,0.04608,8747.0,0.04607,6735.0,0.0461,18791.0,0.04611,9600.0
1753617186619,11:53:06.619,bybit,ACT/USDT:USDT,0.04608,8747.0,0.04607,6735.0,0.0461,18791.0,0.04611,9600.0
1753617186819,11:53:06.819,bybit,ACT/USDT:USDT,0.04608,8747.0,0.04607,6735.0,0.0461,16095.0,0.04611,9600.0
1753617187020,11:53:07.020,bybit,ACT/USDT:USDT,0.04608,8747.0,0.04607,6735.0,0.0461,16095.0,0.04611,9600.0
1753617187119,11:53:07.119,bybit,ACT/USDT:USDT,0.04608,8747.0,0.04607,6735.0,0.0461,16095.0,0.04611,9600.0
1753617187319,11:53:07.319,bybit,ACT/USDT:USDT,0.04608,8747.0,0.04607,6735.0,0.0461,16095.0,0.04611,9600.0
1753617187619,11:53:07.619,bybit,ACT/USDT:USDT,0.04608,8747.0,0.04607,6735.0,0.0461,16095.0,0.04611,9600.0
1753617187718,11:53:07.718,bybit,ACT/USDT:USDT,0.04608,8747.0,0.04607,6735.0,0.0461,16095.0,0.04611,9600.0
1753617188118,11:53:08.118,bybit,ACT/USDT:USDT,0.04608,8747.0,0.04607,6735.0,0.0461,16095.0,0.04611,9600.0
1753617188218,11:53:08.218,bybit,ACT/USDT:USDT,0.04608,8747.0,0.04607,6735.0,0.0461,16095.0,0.04611,9600.0
1753617188418,11:53:08.418,bybit,ACT/USDT:USDT,0.04608,8747.0,0.04607,6735.0,0.0461,18791.0,0.04611,9600.0
1753617188719,11:53:08.719,bybit,ACT/USDT:USDT,0.04608,8747.0,0.04607,6735.0,0.0461,18791.0,0.04611,9600.0
1753617188819,11:53:08.819,bybit,ACT/USDT:USDT,0.04608,8747.0,0.04607,6735.0,0.0461,18791.0,0.04611,9600.0
1753617189319,11:53:09.319,bybit,ACT/USDT:USDT,0.04608,8747.0,0.04607,6735.0,0.0461,18791.0,0.04611,9600.0
1753617189419,11:53:09.419,bybit,ACT/USDT:USDT,0.04608,8747.0,0.04607,6735.0,0.0461,18791.0,0.04611,9600.0
1753617189619,11:53:09.619,bybit,ACT/USDT:USDT,0.04608,8747.0,0.04607,6735.0,0.0461,19133.0,0.04611,9600.0
1753617189819,11:53:09.819,bybit,ACT/USDT:USDT,0.04608,8747.0,0.04607,6735.0,0.0461,19133.0,0.04611,9600.0
1753617189918,11:53:09.918,bybit,ACT/USDT:USDT,0.04608,8747.0,0.04607,6735.0,0.0461,19133.0,0.04611,9600.0
1753617190919,11:53:10.919,bybit,ACT/USDT:USDT,0.04608,8747.0,0.04607,6735.0,0.0461,19133.0,0.04611,9600.0
1753617191020,11:53:11.020,bybit,ACT/USDT:USDT,0.04608,8747.0,0.04607,6735.0,0.0461,19133.0,0.04611,9600.0
1753617191219,11:53:11.219,bybit,ACT/USDT:USDT,0.04608,8747.0,0.04607,6735.0,0.0461,19133.0,0.04611,9600.0
1753617191319,11:53:11.319,bybit,ACT/USDT:USDT,0.04608,8747.0,0.04607,6735.0,0.0461,19133.0,0.04611,9600.0
1753617191418,11:53:11.418,bybit,ACT/USDT:USDT,0.04608,8747.0,0.04607,6735.0,0.0461,19133.0,0.04611,9600.0
1753617191619,11:53:11.619,bybit,ACT/USDT:USDT,0.04608,8747.0,0.04607,6735.0,0.0461,19133.0,0.04611,9600.0
1753617191719,11:53:11.719,bybit,ACT/USDT:USDT,0.04608,8747.0,0.04607,6735.0,0.0461,19133.0,0.04611,9600.0
1753617192119,11:53:12.119,bybit,ACT/USDT:USDT,0.04608,8747.0,0.04607,6735.0,0.0461,19133.0,0.04611,9600.0
1753617192419,11:53:12.419,bybit,ACT/USDT:USDT,0.04608,8747.0,0.04607,6735.0,0.0461,19133.0,0.04611,9600.0
1753617192617,11:53:12.617,bybit,ACT/USDT:USDT,0.04608,8747.0,0.04607,6735.0,0.0461,19133.0,0.04611,9600.0
1753617192719,11:53:12.719,bybit,ACT/USDT:USDT,0.04608,8747.0,0.04607,6735.0,0.0461,19133.0,0.04611,9600.0
1753617194218,11:53:14.218,bybit,ACT/USDT:USDT,0.04608,8747.0,0.04607,6735.0,0.0461,19133.0,0.04611,9600.0
1753617194317,11:53:14.317,bybit,ACT/USDT:USDT,0.04608,8747.0,0.04607,6735.0,0.0461,19133.0,0.04611,9600.0
1753617194819,11:53:14.819,bybit,ACT/USDT:USDT,0.04608,8747.0,0.04607,6735.0,0.0461,19133.0,0.04611,9600.0
1753617194919,11:53:14.919,bybit,ACT/USDT:USDT,0.04608,8747.0,0.04607,6735.0,0.0461,19133.0,0.04611,9600.0
1753617195419,11:53:15.419,bybit,ACT/USDT:USDT,0.04609,1760.0,0.04608,8747.0,0.0461,19133.0,0.04611,9600.0
1753617195520,11:53:15.520,bybit,ACT/USDT:USDT,0.04609,1760.0,0.04608,8747.0,0.0461,19133.0,0.04611,9600.0
1753617195620,11:53:15.620,bybit,ACT/USDT:USDT,0.04609,2829.0,0.04608,8747.0,0.0461,19133.0,0.04611,9600.0
1753617196020,11:53:16.020,bybit,ACT/USDT:USDT,0.04609,2829.0,0.04608,8747.0,0.0461,19133.0,0.04611,9600.0
1753617196119,11:53:16.119,bybit,ACT/USDT:USDT,0.04609,2829.0,0.04608,8747.0,0.0461,19133.0,0.04611,9600.0
1753617196525,11:53:16.525,bybit,ACT/USDT:USDT,0.04609,2829.0,0.04608,8747.0,0.0461,19133.0,0.04611,9600.0
1753617196619,11:53:16.619,bybit,ACT/USDT:USDT,0.04609,2829.0,0.04608,8747.0,0.0461,19133.0,0.04611,9600.0
1753617196718,11:53:16.718,bybit,ACT/USDT:USDT,0.04609,2829.0,0.04608,8747.0,0.0461,19133.0,0.04611,9600.0
1753617197019,11:53:17.019,bybit,ACT/USDT:USDT,0.04609,4543.0,0.04608,10450.0,0.0461,19133.0,0.04611,9600.0
1753617197119,11:53:17.119,bybit,ACT/USDT:USDT,0.04609,4543.0,0.04608,10450.0,0.0461,10741.0,0.04611,9600.0
1753617197220,11:53:17.220,bybit,ACT/USDT:USDT,0.04609,4543.0,0.04608,10450.0,0.0461,10741.0,0.04611,9600.0
1753617197618,11:53:17.618,bybit,ACT/USDT:USDT,0.04609,4543.0,0.04608,10450.0,0.0461,10741.0,0.04611,9600.0
1753617197719,11:53:17.719,bybit,ACT/USDT:USDT,0.04609,4543.0,0.04608,10450.0,0.0461,10741.0,0.04611,9600.0
1753617197819,11:53:17.819,bybit,ACT/USDT:USDT,0.04609,4543.0,0.04608,10450.0,0.0461,10741.0,0.04611,9600.0
1753617198218,11:53:18.218,bybit,ACT/USDT:USDT,0.04609,4543.0,0.04608,10450.0,0.0461,10741.0,0.04611,9600.0
1753617198619,11:53:18.619,bybit,ACT/USDT:USDT,0.04609,4543.0,0.04608,10450.0,0.0461,10741.0,0.04611,9600.0
1753617199419,11:53:19.419,bybit,ACT/USDT:USDT,0.04609,4543.0,0.04608,10450.0,0.0461,10741.0,0.04611,9600.0
1753617199618,11:53:19.618,bybit,ACT/USDT:USDT,0.04609,2829.0,0.04608,10450.0,0.0461,10741.0,0.04611,9600.0
1753617199819,11:53:19.819,bybit,ACT/USDT:USDT,0.04609,2829.0,0.04608,10450.0,0.0461,10741.0,0.04611,9600.0
1753617200019,11:53:20.019,bybit,ACT/USDT:USDT,0.04609,2829.0,0.04608,8747.0,0.0461,10741.0,0.04611,9600.0
1753617200119,11:53:20.119,bybit,ACT/USDT:USDT,0.04609,2829.0,0.04608,8747.0,0.0461,10741.0,0.04611,9600.0
1753617200219,11:53:20.219,bybit,ACT/USDT:USDT,0.04609,2829.0,0.04608,8747.0,0.0461,2060.0,0.04611,19999.0
1753617200318,11:53:20.318,bybit,ACT/USDT:USDT,0.04609,2829.0,0.04608,8747.0,0.0461,2060.0,0.04611,19999.0
1753617200419,11:53:20.419,bybit,ACT/USDT:USDT,0.04609,2829.0,0.04608,8747.0,0.0461,342.0,0.04611,19999.0
1753617200521,11:53:20.521,bybit,ACT/USDT:USDT,0.04609,2829.0,0.04608,8747.0,0.0461,3038.0,0.04611,19999.0
1753617200719,11:53:20.719,bybit,ACT/USDT:USDT,0.04609,2829.0,0.04608,8747.0,0.0461,3038.0,0.04611,11303.0
1753617201020,11:53:21.020,bybit,ACT/USDT:USDT,0.04609,2829.0,0.04608,8747.0,0.0461,3038.0,0.04611,11303.0
1753617201120,11:53:21.120,bybit,ACT/USDT:USDT,0.04609,2829.0,0.04608,8747.0,0.0461,3038.0,0.04611,11303.0
1753617201419,11:53:21.419,bybit,ACT/USDT:USDT,0.04609,2829.0,0.04608,10450.0,0.0461,342.0,0.04611,9177.0
1753617201519,11:53:21.519,bybit,ACT/USDT:USDT,0.04609,2829.0,0.04608,10450.0,0.0461,342.0,0.04611,9177.0
1753617202618,11:53:22.618,bybit,ACT/USDT:USDT,0.04609,2829.0,0.04608,10450.0,0.0461,342.0,0.04611,9600.0
1753617202719,11:53:22.719,bybit,ACT/USDT:USDT,0.04609,2829.0,0.04608,10450.0,0.0461,342.0,0.04611,9600.0
1753617203719,11:53:23.719,bybit,ACT/USDT:USDT,0.04609,2829.0,0.04608,10450.0,0.0461,342.0,0.04611,9600.0
1753617203819,11:53:23.819,bybit,ACT/USDT:USDT,0.04609,2829.0,0.04608,10450.0,0.0461,342.0,0.04611,9600.0
1753617203919,11:53:23.919,bybit,ACT/USDT:USDT,0.04609,2829.0,0.04608,10450.0,0.0461,3039.0,0.04611,9600.0
1753617204319,11:53:24.319,bybit,ACT/USDT:USDT,0.04609,2829.0,0.04608,10450.0,0.0461,3039.0,0.04611,9600.0
1753617204819,11:53:24.819,bybit,ACT/USDT:USDT,0.04609,2829.0,0.04608,10450.0,0.0461,3039.0,0.04611,9600.0
1753617204919,11:53:24.919,bybit,ACT/USDT:USDT,0.04609,2829.0,0.04608,10450.0,0.0461,3039.0,0.04611,9600.0
1753617205119,11:53:25.119,bybit,ACT/USDT:USDT,0.04609,2829.0,0.04608,10450.0,0.0461,342.0,0.04611,9177.0
1753617205419,11:53:25.419,bybit,ACT/USDT:USDT,0.04609,2829.0,0.04608,10450.0,0.0461,342.0,0.04611,9177.0
1753617205519,11:53:25.519,bybit,ACT/USDT:USDT,0.04609,2829.0,0.04608,10450.0,0.0461,342.0,0.04611,9177.0
1753617205919,11:53:25.919,bybit,ACT/USDT:USDT,0.04609,2829.0,0.04608,10450.0,0.0461,342.0,0.04611,9177.0
1753617206019,11:53:26.019,bybit,ACT/USDT:USDT,0.04609,2829.0,0.04608,10450.0,0.0461,342.0,0.04611,9177.0
1753617206521,11:53:26.521,bybit,ACT/USDT:USDT,0.04609,2829.0,0.04608,10450.0,0.0461,342.0,0.04611,9177.0
1753617206619,11:53:26.619,bybit,ACT/USDT:USDT,0.04609,2829.0,0.04608,10450.0,0.0461,342.0,0.04611,9177.0
1753617207519,11:53:27.519,bybit,ACT/USDT:USDT,0.04609,4543.0,0.04608,10450.0,0.0461,342.0,0.04611,9177.0
1753617207619,11:53:27.619,bybit,ACT/USDT:USDT,0.04609,4543.0,0.04608,10450.0,0.0461,342.0,0.04611,9177.0
1753617207718,11:53:27.718,bybit,ACT/USDT:USDT,0.04609,4543.0,0.04608,10450.0,0.0461,342.0,0.04611,9177.0
1753617208019,11:53:28.019,bybit,ACT/USDT:USDT,0.04609,4543.0,0.04608,10873.0,0.0461,342.0,0.04612,24053.0
1753617208619,11:53:28.619,bybit,ACT/USDT:USDT,0.04609,4543.0,0.04608,10873.0,0.0461,342.0,0.04612,24053.0
1753617208719,11:53:28.719,bybit,ACT/USDT:USDT,0.04609,4543.0,0.04608,10873.0,0.0461,342.0,0.04612,24053.0
1753617208818,11:53:28.818,bybit,ACT/USDT:USDT,0.04609,4543.0,0.04608,10873.0,0.0461,342.0,0.04612,24053.0
1753617209219,11:53:29.219,bybit,ACT/USDT:USDT,0.04609,4543.0,0.04608,10873.0,0.0461,342.0,0.04612,24053.0
1753617209319,11:53:29.319,bybit,ACT/USDT:USDT,0.04609,4543.0,0.04608,10873.0,0.0461,342.0,0.04612,24053.0
1753617209719,11:53:29.719,bybit,ACT/USDT:USDT,0.04609,4543.0,0.04608,10873.0,0.0461,342.0,0.04612,24053.0
1753617210319,11:53:30.319,bybit,ACT/USDT:USDT,0.04609,4543.0,0.04608,21720.0,0.0461,342.0,0.04612,24053.0
1753617210418,11:53:30.418,bybit,ACT/USDT:USDT,0.04609,4543.0,0.04608,21720.0,0.0461,342.0,0.04612,24053.0
1753617210524,11:53:30.524,bybit,ACT/USDT:USDT,0.04609,4637.0,0.04608,21720.0,0.0461,342.0,0.04612,24053.0
1753617210719,11:53:30.719,bybit,ACT/USDT:USDT,0.04609,4637.0,0.04608,21720.0,0.0461,342.0,0.04612,24053.0
1753617211418,11:53:31.418,bybit,ACT/USDT:USDT,0.04609,4637.0,0.04608,10873.0,0.0461,342.0,0.04611,1584.0
1753617211719,11:53:31.719,bybit,ACT/USDT:USDT,0.04609,4637.0,0.04608,10873.0,0.0461,349.0,0.04611,1584.0
1753617211819,11:53:31.819,bybit,ACT/USDT:USDT,0.04609,4637.0,0.04608,10873.0,0.0461,349.0,0.04612,24053.0
1753617212219,11:53:32.219,bybit,ACT/USDT:USDT,0.04611,1760.0,0.0461,1703.0,0.04613,9136.0,0.04614,35224.0
1753617212523,11:53:32.523,bybit,ACT/USDT:USDT,0.04611,3463.0,0.0461,8605.0,0.04613,1517.0,0.04614,16955.0
1753617212619,11:53:32.619,bybit,ACT/USDT:USDT,0.04611,3463.0,0.0461,8605.0,0.04613,1517.0,0.04614,16955.0
1753617212919,11:53:32.919,bybit,ACT/USDT:USDT,0.04611,3463.0,0.0461,8605.0,0.04613,1517.0,0.04614,16955.0
1753617213118,11:53:33.118,bybit,ACT/USDT:USDT,0.04611,3463.0,0.0461,8605.0,0.04613,1517.0,0.04614,16955.0
1753617213319,11:53:33.319,bybit,ACT/USDT:USDT,0.04611,3463.0,0.0461,8605.0,0.04613,1517.0,0.04614,16955.0
1753617213419,11:53:33.419,bybit,ACT/USDT:USDT,0.04611,3463.0,0.0461,8605.0,0.04613,1517.0,0.04614,16955.0
1753617213719,11:53:33.719,bybit,ACT/USDT:USDT,0.04611,3463.0,0.0461,8605.0,0.04613,1517.0,0.04614,16955.0
1753617213918,11:53:33.918,bybit,ACT/USDT:USDT,0.04611,3463.0,0.0461,8605.0,0.04613,1517.0,0.04614,16955.0
1753617214718,11:53:34.718,bybit,ACT/USDT:USDT,0.04611,3463.0,0.0461,8605.0,0.04613,1517.0,0.04614,16955.0
1753617214818,11:53:34.818,bybit,ACT/USDT:USDT,0.04611,1760.0,0.0461,8605.0,0.04613,10189.0,0.04614,16955.0
1753617214918,11:53:34.918,bybit,ACT/USDT:USDT,0.04611,1760.0,0.0461,8605.0,0.04613,1517.0,0.04614,16955.0
1753617215019,11:53:35.019,bybit,ACT/USDT:USDT,0.04611,1760.0,0.0461,8605.0,0.04613,4214.0,0.04614,16955.0
1753617215318,11:53:35.318,bybit,ACT/USDT:USDT,0.04611,1760.0,0.0461,8605.0,0.04613,4214.0,0.04614,16955.0
1753617215418,11:53:35.418,bybit,ACT/USDT:USDT,0.04611,1760.0,0.0461,8605.0,0.04613,4214.0,0.04614,16955.0
1753617215918,11:53:35.918,bybit,ACT/USDT:USDT,0.04611,1760.0,0.0461,8605.0,0.04613,4214.0,0.04614,16955.0
1753617216218,11:53:36.218,bybit,ACT/USDT:USDT,0.04611,1760.0,0.0461,8605.0,0.04613,4214.0,0.04614,16955.0
1753617216319,11:53:36.319,bybit,ACT/USDT:USDT,0.04611,1760.0,0.0461,8605.0,0.04613,4214.0,0.04614,16955.0
1753617216418,11:53:36.418,bybit,ACT/USDT:USDT,0.04611,1760.0,0.0461,8605.0,0.04613,4214.0,0.04614,16955.0
1753617216522,11:53:36.522,bybit,ACT/USDT:USDT,0.04611,1760.0,0.0461,8605.0,0.04613,4214.0,0.04614,16955.0
1753617216619,11:53:36.619,bybit,ACT/USDT:USDT,0.04611,1760.0,0.0461,8605.0,0.04613,4214.0,0.04614,16955.0
1753617216918,11:53:36.918,bybit,ACT/USDT:USDT,0.04611,1760.0,0.0461,8605.0,0.04613,4214.0,0.04614,16955.0
1753617217119,11:53:37.119,bybit,ACT/USDT:USDT,0.04611,1760.0,0.0461,8605.0,0.04613,4214.0,0.04614,16955.0
1753617217520,11:53:37.520,bybit,ACT/USDT:USDT,0.04611,1760.0,0.0461,8605.0,0.04613,4214.0,0.04614,16955.0
1753617217619,11:53:37.619,bybit,ACT/USDT:USDT,0.04611,1760.0,0.0461,8605.0,0.04613,4214.0,0.04614,16955.0
1753617218019,11:53:38.019,bybit,ACT/USDT:USDT,0.04611,1760.0,0.0461,8605.0,0.04613,4214.0,0.04614,27354.0
1753617218119,11:53:38.119,bybit,ACT/USDT:USDT,0.04611,1760.0,0.0461,8605.0,0.04613,4214.0,0.04614,27354.0
1753617218219,11:53:38.219,bybit,ACT/USDT:USDT,0.04611,1760.0,0.0461,8605.0,0.04613,4214.0,0.04614,27354.0
1753617218619,11:53:38.619,bybit,ACT/USDT:USDT,0.04611,1760.0,0.0461,8605.0,0.04613,1517.0,0.04614,27354.0
1753617219217,11:53:39.217,bybit,ACT/USDT:USDT,0.04611,1760.0,0.0461,8605.0,0.04613,1517.0,0.04614,27354.0
1753617219319,11:53:39.319,bybit,ACT/USDT:USDT,0.04611,3455.0,0.0461,8605.0,0.04613,1517.0,0.04614,27354.0
1753617219520,11:53:39.520,bybit,ACT/USDT:USDT,0.04611,3455.0,0.0461,8605.0,0.04613,4214.0,0.04614,27354.0
1753617219819,11:53:39.819,bybit,ACT/USDT:USDT,0.04611,3455.0,0.0461,8605.0,0.04613,4214.0,0.04614,27354.0
1753617219918,11:53:39.918,bybit,ACT/USDT:USDT,0.04611,3455.0,0.0461,8605.0,0.04613,4224.0,0.04614,27354.0
1753617220320,11:53:40.320,bybit,ACT/USDT:USDT,0.04611,3455.0,0.0461,8605.0,0.04613,4224.0,0.04614,27354.0
1753617220419,11:53:40.419,bybit,ACT/USDT:USDT,0.04611,3455.0,0.0461,8605.0,0.04613,4224.0,0.04614,27354.0
1753617220819,11:53:40.819,bybit,ACT/USDT:USDT,0.04611,3455.0,0.0461,8605.0,0.04613,4224.0,0.04614,27354.0
1753617220919,11:53:40.919,bybit,ACT/USDT:USDT,0.04611,3455.0,0.0461,8605.0,0.04613,4224.0,0.04614,27354.0
1753617221419,11:53:41.419,bybit,ACT/USDT:USDT,0.04611,3455.0,0.0461,8605.0,0.04613,4224.0,0.04614,27354.0
1753617221520,11:53:41.520,bybit,ACT/USDT:USDT,0.04611,3455.0,0.0461,8605.0,0.04613,4224.0,0.04614,27354.0
1753617221819,11:53:41.819,bybit,ACT/USDT:USDT,0.04611,3523.0,0.0461,8605.0,0.04613,4224.0,0.04614,27354.0
1753617222019,11:53:42.019,bybit,ACT/USDT:USDT,0.04611,3523.0,0.0461,8605.0,0.04613,4224.0,0.04614,27354.0
1753617222118,11:53:42.118,bybit,ACT/USDT:USDT,0.04611,3523.0,0.0461,8605.0,0.04613,4224.0,0.04614,27354.0
1753617222618,11:53:42.618,bybit,ACT/USDT:USDT,0.04611,3523.0,0.0461,8605.0,0.04613,4224.0,0.04614,27354.0
1753617222718,11:53:42.718,bybit,ACT/USDT:USDT,0.04611,3523.0,0.0461,8605.0,0.04613,4224.0,0.04614,27354.0
1753617222917,11:53:42.917,bybit,ACT/USDT:USDT,0.04612,1760.0,0.04611,1763.0,0.04613,2707.0,0.04614,27354.0
1753617223020,11:53:43.020,bybit,ACT/USDT:USDT,0.04612,1760.0,0.04611,1763.0,0.04613,2707.0,0.04614,27354.0
1753617223119,11:53:43.119,bybit,ACT/USDT:USDT,0.04612,3943.0,0.04611,8665.0,0.04613,2707.0,0.04614,27354.0
1753617223219,11:53:43.219,bybit,ACT/USDT:USDT,0.04612,3943.0,0.04611,8665.0,0.04613,2707.0,0.04614,27354.0
1753617223520,11:53:43.520,bybit,ACT/USDT:USDT,0.04612,3943.0,0.04611,8665.0,0.04613,2707.0,0.04614,27354.0
1753617223819,11:53:43.819,bybit,ACT/USDT:USDT,0.04612,3943.0,0.04611,8665.0,0.04613,10.0,0.04614,27354.0
1753617224219,11:53:44.219,bybit,ACT/USDT:USDT,0.04612,3943.0,0.04611,8665.0,0.04613,10.0,0.04614,27354.0
1753617224319,11:53:44.319,bybit,ACT/USDT:USDT,0.04612,3943.0,0.04611,8665.0,0.04613,10.0,0.04614,26931.0
1753617225119,11:53:45.119,bybit,ACT/USDT:USDT,0.04612,5657.0,0.04611,8665.0,0.04613,10.0,0.04614,16532.0
1753617225219,11:53:45.219,bybit,ACT/USDT:USDT,0.04612,5657.0,0.04611,8665.0,0.04613,10.0,0.04614,16532.0
1753617225318,11:53:45.318,bybit,ACT/USDT:USDT,0.04612,5657.0,0.04611,8665.0,0.04613,10.0,0.04614,16532.0
1753617225419,11:53:45.419,bybit,ACT/USDT:USDT,0.04612,5657.0,0.04611,8665.0,0.04613,10.0,0.04614,16532.0
1753617225819,11:53:45.819,bybit,ACT/USDT:USDT,0.04612,1760.0,0.04611,6970.0,0.04613,12664.0,0.04614,18227.0
1753617225919,11:53:45.919,bybit,ACT/USDT:USDT,0.04611,6970.0,0.0461,1703.0,0.04613,15361.0,0.04614,16955.0
1753617226019,11:53:46.019,bybit,ACT/USDT:USDT,0.04611,6970.0,0.0461,1703.0,0.04613,15361.0,0.04614,16955.0
1753617226119,11:53:46.119,bybit,ACT/USDT:USDT,0.04611,6970.0,0.0461,3546.0,0.04613,15361.0,0.04614,16955.0
1753617226918,11:53:46.918,bybit,ACT/USDT:USDT,0.04611,6970.0,0.0461,3546.0,0.04613,15361.0,0.04614,16955.0
1753617227019,11:53:47.019,bybit,ACT/USDT:USDT,0.04611,6970.0,0.0461,3546.0,0.04613,15361.0,0.04614,16955.0
1753617227119,11:53:47.119,bybit,ACT/USDT:USDT,0.04611,8665.0,0.0461,3546.0,0.04613,10950.0,0.04614,16955.0
1753617227219,11:53:47.219,bybit,ACT/USDT:USDT,0.04612,872.0,0.04611,8665.0,0.04613,551.0,0.04614,26931.0
1753617227419,11:53:47.419,bybit,ACT/USDT:USDT,0.04612,1760.0,0.04611,8665.0,0.04613,10.0,0.04614,26931.0
1753617227519,11:53:47.519,bybit,ACT/USDT:USDT,0.04612,1760.0,0.04611,8665.0,0.04613,10.0,0.04614,26931.0
1753617227919,11:53:47.919,bybit,ACT/USDT:USDT,0.04612,1760.0,0.04611,8665.0,0.04613,10.0,0.04614,26931.0
1753617228020,11:53:48.020,bybit,ACT/USDT:USDT,0.04612,1760.0,0.04611,8665.0,0.04613,10.0,0.04614,26931.0
1753617229318,11:53:49.318,bybit,ACT/USDT:USDT,0.04612,1760.0,0.04611,8665.0,0.04613,10.0,0.04614,26931.0
1753617229520,11:53:49.520,bybit,ACT/USDT:USDT,0.04612,8616.0,0.04611,1763.0,0.04614,10836.0,0.04615,11720.0
1753617229619,11:53:49.619,bybit,ACT/USDT:USDT,0.04613,888.0,0.04612,8616.0,0.04614,10836.0,0.04615,11720.0
1753617230118,11:53:50.118,bybit,ACT/USDT:USDT,0.04613,888.0,0.04612,8616.0,0.04614,10836.0,0.04615,11720.0
1753617230219,11:53:50.219,bybit,ACT/USDT:USDT,0.04613,888.0,0.04612,8616.0,0.04614,10836.0,0.04615,11720.0
1753617230418,11:53:50.418,bybit,ACT/USDT:USDT,0.04614,11360.0,0.04613,17120.0,0.04616,1695.0,0.04617,1714.0
1753617230521,11:53:50.521,bybit,ACT/USDT:USDT,0.04614,5696.0,0.04613,17120.0,0.04615,2167.0,0.04616,1695.0
1753617230619,11:53:50.619,bybit,ACT/USDT:USDT,0.04615,6902.0,0.04614,3907.0,0.04617,1714.0,0.04618,16973.0
1753617230819,11:53:50.819,bybit,ACT/USDT:USDT,0.04614,10809.0,0.04613,6749.0,0.04617,1714.0,0.04618,18666.0
1753617230919,11:53:50.919,bybit,ACT/USDT:USDT,0.04614,10809.0,0.04613,6749.0,0.04617,4077.0,0.04618,18666.0
1753617231019,11:53:51.019,bybit,ACT/USDT:USDT,0.04614,10809.0,0.04613,8906.0,0.04616,2167.0,0.04617,1714.0
1753617231119,11:53:51.119,bybit,ACT/USDT:USDT,0.04614,10809.0,0.04613,8906.0,0.04617,1714.0,0.04618,24271.0
1753617231219,11:53:51.219,bybit,ACT/USDT:USDT,0.04614,10809.0,0.04613,8906.0,0.04617,1714.0,0.04618,24271.0
1753617231320,11:53:51.320,bybit,ACT/USDT:USDT,0.04614,8597.0,0.04613,8483.0,0.04616,1692.0,0.04617,6047.0
1753617231419,11:53:51.419,bybit,ACT/USDT:USDT,0.04614,8597.0,0.04613,8483.0,0.04616,1692.0,0.04617,6047.0
1753617231520,11:53:51.520,bybit,ACT/USDT:USDT,0.04614,6902.0,0.04613,8483.0,0.04616,6025.0,0.04617,1714.0
1753617231619,11:53:51.619,bybit,ACT/USDT:USDT,0.04614,6902.0,0.04613,2157.0,0.04615,2642.0,0.04616,16760.0
1753617231719,11:53:51.719,bybit,ACT/USDT:USDT,0.04613,3849.0,0.04612,21124.0,0.04615,5317.0,0.04616,16760.0
1753617231819,11:53:51.819,bybit,ACT/USDT:USDT,0.04614,14681.0,0.04613,3849.0,0.04615,3625.0,0.04616,16760.0
1753617232019,11:53:52.019,bybit,ACT/USDT:USDT,0.04614,14681.0,0.04613,2157.0,0.04615,3625.0,0.04616,16760.0
1753617232319,11:53:52.319,bybit,ACT/USDT:USDT,0.04614,14681.0,0.04613,2157.0,0.04615,3625.0,0.04616,16760.0
1753617232419,11:53:52.419,bybit,ACT/USDT:USDT,0.04614,14681.0,0.04613,2157.0,0.04615,3625.0,0.04616,16760.0
1753617232719,11:53:52.719,bybit,ACT/USDT:USDT,0.04614,14681.0,0.04613,2157.0,0.04615,5339.0,0.04616,22367.0
1753617232819,11:53:52.819,bybit,ACT/USDT:USDT,0.04614,14681.0,0.04613,2157.0,0.04615,5339.0,0.04616,22367.0
1753617232919,11:53:52.919,bybit,ACT/USDT:USDT,0.04614,14681.0,0.04613,2157.0,0.04615,5339.0,0.04616,22367.0
1753617233618,11:53:53.618,bybit,ACT/USDT:USDT,0.04614,14681.0,0.04613,2157.0,0.04615,5339.0,0.04616,22367.0
1753617233820,11:53:53.820,bybit,ACT/USDT:USDT,0.04614,14681.0,0.04613,2157.0,0.04615,5339.0,0.04616,22599.0
1753617233919,11:53:53.919,bybit,ACT/USDT:USDT,0.04613,2157.0,0.04612,11079.0,0.04614,2642.0,0.04615,5339.0
1753617234020,11:53:54.020,bybit,ACT/USDT:USDT,0.04611,4506.0,0.0461,19242.0,0.04613,5339.0,0.04614,2137.0
1753617234118,11:53:54.118,bybit,ACT/USDT:USDT,0.04611,4657.0,0.0461,19242.0,0.04613,5339.0,0.04614,2137.0
1753617234219,11:53:54.219,bybit,ACT/USDT:USDT,0.04611,8541.0,0.0461,19242.0,0.04613,3625.0,0.04614,1714.0
1753617234318,11:53:54.318,bybit,ACT/USDT:USDT,0.04611,8541.0,0.0461,19242.0,0.04613,928.0,0.04614,1714.0
1753617234718,11:53:54.718,bybit,ACT/USDT:USDT,0.04611,8541.0,0.0461,19242.0,0.04613,3620.0,0.04614,1714.0
1753617235020,11:53:55.020,bybit,ACT/USDT:USDT,0.04611,8541.0,0.0461,19242.0,0.04613,3620.0,0.04614,1714.0
1753617235619,11:53:55.619,bybit,ACT/USDT:USDT,0.04611,8541.0,0.0461,19242.0,0.04613,3620.0,0.04614,1714.0
1753617236119,11:53:56.119,bybit,ACT/USDT:USDT,0.04611,8541.0,0.0461,19242.0,0.04613,3620.0,0.04614,1714.0
1753617236319,11:53:56.319,bybit,ACT/USDT:USDT,0.04611,8541.0,0.0461,19242.0,0.04613,3620.0,0.04614,1714.0
1753617236419,11:53:56.419,bybit,ACT/USDT:USDT,0.04611,8541.0,0.0461,19242.0,0.04613,3620.0,0.04614,1714.0
1753617236719,11:53:56.719,bybit,ACT/USDT:USDT,0.04611,8541.0,0.0461,19242.0,0.04613,3620.0,0.04614,1714.0
1753617236818,11:53:56.818,bybit,ACT/USDT:USDT,0.04611,8541.0,0.0461,19242.0,0.04613,3620.0,0.04614,1714.0
1753617237019,11:53:57.019,bybit,ACT/USDT:USDT,0.04611,8541.0,0.0461,19242.0,0.04613,3620.0,0.04614,1714.0
1753617237219,11:53:57.219,bybit,ACT/USDT:USDT,0.04611,8541.0,0.0461,19242.0,0.04613,3620.0,0.04614,1714.0
1753617237319,11:53:57.319,bybit,ACT/USDT:USDT,0.04611,8541.0,0.0461,19242.0,0.04613,3620.0,0.04614,1714.0
1753617237520,11:53:57.520,bybit,ACT/USDT:USDT,0.04611,8541.0,0.0461,19242.0,0.04613,3620.0,0.04614,1714.0
1753617237719,11:53:57.719,bybit,ACT/USDT:USDT,0.04611,4103.0,0.0461,19242.0,0.04613,3620.0,0.04614,1714.0
1753617237819,11:53:57.819,bybit,ACT/USDT:USDT,0.04611,4103.0,0.0461,19242.0,0.04613,3620.0,0.04614,2137.0
1753617237919,11:53:57.919,bybit,ACT/USDT:USDT,0.04611,8541.0,0.0461,19242.0,0.04613,3620.0,0.04614,2137.0
1753617238019,11:53:58.019,bybit,ACT/USDT:USDT,0.04611,8541.0,0.0461,19242.0,0.04613,3620.0,0.04614,1714.0
1753617238318,11:53:58.318,bybit,ACT/USDT:USDT,0.04611,8541.0,0.0461,19242.0,0.04613,3620.0,0.04614,12113.0
1753617238419,11:53:58.419,bybit,ACT/USDT:USDT,0.04611,8541.0,0.0461,19242.0,0.04613,3620.0,0.04614,12536.0
1753617238919,11:53:58.919,bybit,ACT/USDT:USDT,0.04611,8541.0,0.0461,19242.0,0.04613,3620.0,0.04614,12536.0
1753617239020,11:53:59.020,bybit,ACT/USDT:USDT,0.04611,2394.0,0.0461,13546.0,0.04613,5327.0,0.04614,12536.0
1753617239419,11:53:59.419,bybit,ACT/USDT:USDT,0.04611,2394.0,0.0461,13546.0,0.04613,20062.0,0.04614,7879.0
1753617239521,11:53:59.521,bybit,ACT/USDT:USDT,0.04611,2394.0,0.0461,13546.0,0.04613,20062.0,0.04614,7879.0
1753617239819,11:53:59.819,bybit,ACT/USDT:USDT,0.04611,2394.0,0.0461,13546.0,0.04613,5327.0,0.04614,7879.0
1753617240020,11:54:00.020,bybit,ACT/USDT:USDT,0.04611,2243.0,0.0461,1707.0,0.04612,5338.0,0.04613,12529.0
1753617240118,11:54:00.118,bybit,ACT/USDT:USDT,0.04611,2243.0,0.0461,1707.0,0.04612,5338.0,0.04613,18272.0
1753617240317,11:54:00.317,bybit,ACT/USDT:USDT,0.04611,2243.0,0.0461,1707.0,0.04612,5338.0,0.04613,18272.0
1753617240419,11:54:00.419,bybit,ACT/USDT:USDT,0.04611,2243.0,0.0461,1707.0,0.04612,5338.0,0.04613,12529.0
1753617240523,11:54:00.523,bybit,ACT/USDT:USDT,0.04611,2243.0,0.0461,1707.0,0.04612,3620.0,0.04613,12529.0
1753617240619,11:54:00.619,bybit,ACT/USDT:USDT,0.04611,2243.0,0.0461,1707.0,0.04612,3620.0,0.04613,12529.0
1753617240919,11:54:00.919,bybit,ACT/USDT:USDT,0.04611,2243.0,0.0461,1707.0,0.04612,3620.0,0.04613,12529.0
1753617241119,11:54:01.119,bybit,ACT/USDT:USDT,0.04611,2243.0,0.0461,1707.0,0.04612,3620.0,0.04613,12106.0
1753617241218,11:54:01.218,bybit,ACT/USDT:USDT,0.04611,2243.0,0.0461,1707.0,0.04612,3620.0,0.04613,12529.0
1753617241319,11:54:01.319,bybit,ACT/USDT:USDT,0.04611,2243.0,0.0461,1707.0,0.04612,3620.0,0.04613,12529.0
1753617241619,11:54:01.619,bybit,ACT/USDT:USDT,0.04611,2243.0,0.0461,1707.0,0.04612,3620.0,0.04613,12529.0
1753617241719,11:54:01.719,bybit,ACT/USDT:USDT,0.04611,2243.0,0.0461,1707.0,0.04612,3620.0,0.04613,12529.0
1753617241919,11:54:01.919,bybit,ACT/USDT:USDT,0.04611,68.0,0.0461,1707.0,0.04612,3620.0,0.04613,12529.0
1753617242020,11:54:02.020,bybit,ACT/USDT:USDT,0.04611,68.0,0.0461,1707.0,0.04612,7956.0,0.04613,12529.0
1753617242217,11:54:02.217,bybit,ACT/USDT:USDT,0.04611,68.0,0.0461,1707.0,0.04612,7956.0,0.04613,12529.0
1753617242417,11:54:02.417,bybit,ACT/USDT:USDT,0.04611,68.0,0.0461,1707.0,0.04612,7956.0,0.04613,12529.0
1753617242527,11:54:02.527,bybit,ACT/USDT:USDT,0.04609,8985.0,0.04608,26382.0,0.04611,1615.0,0.04612,9676.0
1753617242719,11:54:02.719,bybit,ACT/USDT:USDT,0.04609,6516.0,0.04608,20321.0,0.04611,5235.0,0.04612,6479.0
1753617242818,11:54:02.818,bybit,ACT/USDT:USDT,0.04609,6516.0,0.04608,20321.0,0.04611,5235.0,0.04612,6479.0
1753617242919,11:54:02.919,bybit,ACT/USDT:USDT,0.04609,6516.0,0.04608,20321.0,0.04611,4526.0,0.04612,1720.0
1753617243319,11:54:03.319,bybit,ACT/USDT:USDT,0.04609,6516.0,0.04608,20321.0,0.04611,4526.0,0.04612,1720.0
1753617243419,11:54:03.419,bybit,ACT/USDT:USDT,0.04609,6516.0,0.04608,20321.0,0.04611,4526.0,0.04612,1720.0
1753617243619,11:54:03.619,bybit,ACT/USDT:USDT,0.04609,6516.0,0.04608,20321.0,0.04611,4526.0,0.04612,1720.0
1753617244019,11:54:04.019,bybit,ACT/USDT:USDT,0.04609,6516.0,0.04608,20321.0,0.04611,4526.0,0.04612,1720.0
1753617244319,11:54:04.319,bybit,ACT/USDT:USDT,0.04609,2078.0,0.04608,20321.0,0.04611,4526.0,0.04612,2143.0
1753617244522,11:54:04.522,bybit,ACT/USDT:USDT,0.04609,2078.0,0.04608,20321.0,0.04611,4526.0,0.04612,2143.0
1753617244618,11:54:04.618,bybit,ACT/USDT:USDT,0.04609,2078.0,0.04608,20321.0,0.04611,4526.0,0.04612,2143.0
1753617244719,11:54:04.719,bybit,ACT/USDT:USDT,0.04609,2078.0,0.04608,14625.0,0.0461,4410.0,0.04611,906.0
1753617244819,11:54:04.819,bybit,ACT/USDT:USDT,0.04609,2078.0,0.04608,14625.0,0.0461,2692.0,0.04611,906.0
1753617245119,11:54:05.119,bybit,ACT/USDT:USDT,0.04609,2078.0,0.04608,14625.0,0.0461,2692.0,0.04611,906.0
1753617245219,11:54:05.219,bybit,ACT/USDT:USDT,0.04609,2078.0,0.04608,14625.0,0.0461,2692.0,0.04611,906.0
1753617245419,11:54:05.419,bybit,ACT/USDT:USDT,0.04609,2078.0,0.04608,14625.0,0.0461,2692.0,0.04611,906.0
1753617245520,11:54:05.520,bybit,ACT/USDT:USDT,0.04609,2078.0,0.04608,14625.0,0.0461,2692.0,0.04611,906.0
1753617245719,11:54:05.719,bybit,ACT/USDT:USDT,0.04609,2078.0,0.04608,14625.0,0.0461,2692.0,0.04611,906.0
1753617246119,11:54:06.119,bybit,ACT/USDT:USDT,0.04609,2078.0,0.04608,10804.0,0.0461,2692.0,0.04611,11728.0
1753617246419,11:54:06.419,bybit,ACT/USDT:USDT,0.04609,2078.0,0.04608,10804.0,0.0461,2692.0,0.04611,11728.0
1753617246525,11:54:06.525,bybit,ACT/USDT:USDT,0.04609,2078.0,0.04608,10804.0,0.0461,2692.0,0.04611,11728.0
1753617247132,11:54:07.132,bybit,ACT/USDT:USDT,0.04609,2078.0,0.04608,10804.0,0.0461,2692.0,0.04611,11728.0
1753617247220,11:54:07.220,bybit,ACT/USDT:USDT,0.04608,9096.0,0.04607,24634.0,0.0461,7030.0,0.04611,11728.0
1753617247320,11:54:07.320,bybit,ACT/USDT:USDT,0.04607,24764.0,0.04606,32291.0,0.04609,2692.0,0.0461,2131.0
1753617247419,11:54:07.419,bybit,ACT/USDT:USDT,0.04608,2143.0,0.04607,13914.0,0.04609,2692.0,0.0461,2131.0
1753617247520,11:54:07.520,bybit,ACT/USDT:USDT,0.04608,2143.0,0.04607,13914.0,0.04609,2692.0,0.0461,2131.0
1753617247718,11:54:07.718,bybit,ACT/USDT:USDT,0.04608,2143.0,0.04607,13914.0,0.04609,2692.0,0.0461,2131.0
1753617247819,11:54:07.819,bybit,ACT/USDT:USDT,0.04608,2160.0,0.04607,13914.0,0.04609,2692.0,0.0461,2131.0
1753617248021,11:54:08.021,bybit,ACT/USDT:USDT,0.04608,17.0,0.04607,4690.0,0.04609,2692.0,0.0461,4131.0
1753617248119,11:54:08.119,bybit,ACT/USDT:USDT,0.04608,17.0,0.04606,13576.0,0.04609,4412.0,0.0461,4131.0
1753617248219,11:54:08.219,bybit,ACT/USDT:USDT,0.04608,17.0,0.04606,15795.0,0.04609,4412.0,0.0461,4131.0
1753617248522,11:54:08.522,bybit,ACT/USDT:USDT,0.04608,17.0,0.04606,15795.0,0.04609,4412.0,0.0461,4131.0
1753617248619,11:54:08.619,bybit,ACT/USDT:USDT,0.04608,17.0,0.04606,15795.0,0.04609,4412.0,0.0461,4131.0
1753617249219,11:54:09.219,bybit,ACT/USDT:USDT,0.04608,17.0,0.04606,15795.0,0.04609,4412.0,0.0461,4131.0
1753617249520,11:54:09.520,bybit,ACT/USDT:USDT,0.04608,17.0,0.04607,1708.0,0.04609,4412.0,0.0461,4131.0
1753617249719,11:54:09.719,bybit,ACT/USDT:USDT,0.04608,17.0,0.04607,1708.0,0.04609,4412.0,0.0461,4131.0
1753617250219,11:54:10.219,bybit,ACT/USDT:USDT,0.04608,17.0,0.04607,1708.0,0.04609,4412.0,0.0461,4131.0
1753617250319,11:54:10.319,bybit,ACT/USDT:USDT,0.04608,17.0,0.04607,1708.0,0.04609,4412.0,0.0461,4131.0
1753617250819,11:54:10.819,bybit,ACT/USDT:USDT,0.04608,17.0,0.04607,1708.0,0.04609,4412.0,0.0461,4131.0
1753617250919,11:54:10.919,bybit,ACT/USDT:USDT,0.04608,17.0,0.04607,1708.0,0.04609,4412.0,0.0461,4131.0
1753617251919,11:54:11.919,bybit,ACT/USDT:USDT,0.04608,17.0,0.04607,1708.0,0.04609,4219.0,0.0461,4131.0
1753617252019,11:54:12.019,bybit,ACT/USDT:USDT,0.04608,17.0,0.04607,1708.0,0.04609,2499.0,0.0461,3708.0
1753617252419,11:54:12.419,bybit,ACT/USDT:USDT,0.04608,17.0,0.04607,1708.0,0.04609,2499.0,0.0461,3708.0
1753617252524,11:54:12.524,bybit,ACT/USDT:USDT,0.04608,17.0,0.04607,1708.0,0.04609,2499.0,0.0461,3708.0
1753617253019,11:54:13.019,bybit,ACT/USDT:USDT,0.04608,17.0,0.04607,1708.0,0.04609,2499.0,0.0461,3708.0
1753617253119,11:54:13.119,bybit,ACT/USDT:USDT,0.04608,17.0,0.04607,1708.0,0.04609,2499.0,0.0461,3708.0
1753617253719,11:54:13.719,bybit,ACT/USDT:USDT,0.04608,17.0,0.04607,1708.0,0.04609,2499.0,0.0461,3708.0
1753617254119,11:54:14.119,bybit,ACT/USDT:USDT,0.04608,17.0,0.04607,1708.0,0.04609,2499.0,0.0461,3708.0
1753617254219,11:54:14.219,bybit,ACT/USDT:USDT,0.04608,17.0,0.04607,1708.0,0.04609,2499.0,0.0461,3708.0
1753617254619,11:54:14.619,bybit,ACT/USDT:USDT,0.04608,17.0,0.04607,1708.0,0.04609,2509.0,0.0461,4131.0
1753617254719,11:54:14.719,bybit,ACT/USDT:USDT,0.04608,17.0,0.04607,1708.0,0.04609,2509.0,0.0461,4131.0
1753617254819,11:54:14.819,bybit,ACT/USDT:USDT,0.04608,17.0,0.04607,1708.0,0.04609,2509.0,0.0461,4131.0
1753617255317,11:54:15.317,bybit,ACT/USDT:USDT,0.04608,17.0,0.04607,1708.0,0.04609,2509.0,0.0461,2131.0
1753617255419,11:54:15.419,bybit,ACT/USDT:USDT,0.04608,17.0,0.04607,1708.0,0.04609,2509.0,0.0461,2131.0
1753617255818,11:54:15.818,bybit,ACT/USDT:USDT,0.04608,17.0,0.04607,1708.0,0.04609,2509.0,0.0461,2131.0
1753617256020,11:54:16.020,bybit,ACT/USDT:USDT,0.04608,17.0,0.04607,1708.0,0.04609,12908.0,0.0461,2131.0
1753617256419,11:54:16.419,bybit,ACT/USDT:USDT,0.04608,17.0,0.04607,1708.0,0.04609,12908.0,0.0461,2131.0
1753617256523,11:54:16.523,bybit,ACT/USDT:USDT,0.04608,17.0,0.04607,1708.0,0.04609,12908.0,0.0461,2131.0
1753617256619,11:54:16.619,bybit,ACT/USDT:USDT,0.04608,17.0,0.04607,1708.0,0.04609,12908.0,0.0461,2131.0
1753617256718,11:54:16.718,bybit,ACT/USDT:USDT,0.04608,17.0,0.04607,1708.0,0.04609,12908.0,0.0461,2131.0
1753617257019,11:54:17.019,bybit,ACT/USDT:USDT,0.04608,17.0,0.04607,1708.0,0.04609,12908.0,0.0461,2131.0
1753617257118,11:54:17.118,bybit,ACT/USDT:USDT,0.04608,17.0,0.04607,1708.0,0.04609,12908.0,0.0461,2131.0
1753617257318,11:54:17.318,bybit,ACT/USDT:USDT,0.04608,17.0,0.04607,1708.0,0.04609,12908.0,0.0461,2131.0
1753617257419,11:54:17.419,bybit,ACT/USDT:USDT,0.04608,17.0,0.04607,1708.0,0.04609,12908.0,0.0461,2131.0
1753617257519,11:54:17.519,bybit,ACT/USDT:USDT,0.04608,17.0,0.04607,1708.0,0.04609,12908.0,0.0461,2131.0
1753617258217,11:54:18.217,bybit,ACT/USDT:USDT,0.04608,17.0,0.04607,1708.0,0.04609,12908.0,0.0461,2131.0
1753617258524,11:54:18.524,bybit,ACT/USDT:USDT,0.04608,17.0,0.04607,1708.0,0.04609,12908.0,0.0461,2131.0
1753617258618,11:54:18.618,bybit,ACT/USDT:USDT,0.04608,17.0,0.04607,1708.0,0.04609,12908.0,0.0461,423.0
1753617258719,11:54:18.719,bybit,ACT/USDT:USDT,0.04608,17.0,0.04607,1708.0,0.04609,12908.0,0.0461,423.0
1753617259218,11:54:19.218,bybit,ACT/USDT:USDT,0.04608,17.0,0.04607,1708.0,0.04609,12908.0,0.0461,423.0
1753617259318,11:54:19.318,bybit,ACT/USDT:USDT,0.04608,17.0,0.04607,1708.0,0.04609,12908.0,0.0461,423.0
1753617259518,11:54:19.518,bybit,ACT/USDT:USDT,0.04608,17.0,0.04607,1708.0,0.04609,2509.0,0.0461,2131.0
1753617259619,11:54:19.619,bybit,ACT/USDT:USDT,0.04608,17.0,0.04607,1708.0,0.04609,2509.0,0.0461,2131.0
1753617259819,11:54:19.819,bybit,ACT/USDT:USDT,0.04608,17.0,0.04607,1708.0,0.04609,2509.0,0.0461,2131.0
1753617259919,11:54:19.919,bybit,ACT/USDT:USDT,0.04608,17.0,0.04607,1708.0,0.04609,2509.0,0.0461,2131.0
1753617260418,11:54:20.418,bybit,ACT/USDT:USDT,0.04608,17.0,0.04607,1708.0,0.04609,2509.0,0.0461,2131.0
1753617260525,11:54:20.525,bybit,ACT/USDT:USDT,0.04608,17.0,0.04607,1708.0,0.04609,2509.0,0.0461,2131.0
1753617261019,11:54:21.019,bybit,ACT/USDT:USDT,0.04608,17.0,0.04607,1708.0,0.04609,2509.0,0.0461,2131.0
1753617261119,11:54:21.119,bybit,ACT/USDT:USDT,0.04608,17.0,0.04607,1708.0,0.04609,2509.0,0.0461,2131.0
1753617261718,11:54:21.718,bybit,ACT/USDT:USDT,0.04608,558.0,0.04607,1708.0,0.04609,2509.0,0.0461,2131.0
1753617262220,11:54:22.220,bybit,ACT/USDT:USDT,0.04608,558.0,0.04607,1708.0,0.04609,2509.0,0.0461,2131.0
1753617262319,11:54:22.319,bybit,ACT/USDT:USDT,0.04608,558.0,0.04607,1708.0,0.04609,2509.0,0.0461,2131.0
1753617262919,11:54:22.919,bybit,ACT/USDT:USDT,0.04608,558.0,0.04607,1708.0,0.04609,2509.0,0.0461,2131.0
1753617263219,11:54:23.219,bybit,ACT/USDT:USDT,0.04608,558.0,0.04607,1708.0,0.04609,2509.0,0.0461,2131.0
1753617263419,11:54:23.419,bybit,ACT/USDT:USDT,0.04608,558.0,0.04607,1708.0,0.04609,2509.0,0.0461,2131.0
1753617263520,11:54:23.520,bybit,ACT/USDT:USDT,0.04608,558.0,0.04607,1708.0,0.04609,2509.0,0.0461,2131.0
1753617263918,11:54:23.918,bybit,ACT/USDT:USDT,0.04608,558.0,0.04607,1708.0,0.04609,2509.0,0.0461,2131.0
1753617264021,11:54:24.021,bybit,ACT/USDT:USDT,0.04608,558.0,0.04607,1708.0,0.04609,2509.0,0.0461,2131.0
1753617265019,11:54:25.019,bybit,ACT/USDT:USDT,0.04608,558.0,0.04607,1708.0,0.04609,2509.0,0.0461,2131.0
1753617265118,11:54:25.118,bybit,ACT/USDT:USDT,0.04608,558.0,0.04607,1708.0,0.04609,2509.0,0.0461,2131.0
1753617265519,11:54:25.519,bybit,ACT/USDT:USDT,0.04608,558.0,0.04607,1708.0,0.04609,2509.0,0.0461,2131.0
1753617265619,11:54:25.619,bybit,ACT/USDT:USDT,0.04608,558.0,0.04607,1708.0,0.04609,2509.0,0.0461,2131.0
1753617266118,11:54:26.118,bybit,ACT/USDT:USDT,0.04608,558.0,0.04607,1708.0,0.04609,2509.0,0.0461,2131.0
1753617266218,11:54:26.218,bybit,ACT/USDT:USDT,0.04608,558.0,0.04607,1708.0,0.04609,2509.0,0.0461,2131.0
1753617266319,11:54:26.319,bybit,ACT/USDT:USDT,0.04608,558.0,0.04607,1708.0,0.04609,2509.0,0.0461,2131.0
1753617266618,11:54:26.618,bybit,ACT/USDT:USDT,0.04608,558.0,0.04607,1708.0,0.04609,2509.0,0.0461,2131.0
1753617266719,11:54:26.719,bybit,ACT/USDT:USDT,0.04608,558.0,0.04607,1708.0,0.04609,2509.0,0.0461,2131.0
1753617267119,11:54:27.119,bybit,ACT/USDT:USDT,0.04608,558.0,0.04607,1708.0,0.04609,2509.0,0.0461,2131.0
1753617267218,11:54:27.218,bybit,ACT/USDT:USDT,0.04608,558.0,0.04607,1708.0,0.04609,2509.0,0.0461,2131.0
1753617267619,11:54:27.619,bybit,ACT/USDT:USDT,0.04608,582.0,0.04607,1708.0,0.04609,2509.0,0.0461,2131.0
1753617267718,11:54:27.718,bybit,ACT/USDT:USDT,0.04608,582.0,0.04607,1708.0,0.04609,2509.0,0.0461,2131.0
1753617268818,11:54:28.818,bybit,ACT/USDT:USDT,0.04608,582.0,0.04607,1708.0,0.04609,2509.0,0.0461,2131.0
1753617268919,11:54:28.919,bybit,ACT/USDT:USDT,0.04608,582.0,0.04607,1708.0,0.04609,2509.0,0.0461,2131.0
1753617269420,11:54:29.420,bybit,ACT/USDT:USDT,0.04608,582.0,0.04607,1708.0,0.04609,2509.0,0.0461,2131.0
1753617269519,11:54:29.519,bybit,ACT/USDT:USDT,0.04608,582.0,0.04607,1708.0,0.04609,2509.0,0.0461,2131.0
1753617269617,11:54:29.617,bybit,ACT/USDT:USDT,0.04608,582.0,0.04607,1708.0,0.04609,2509.0,0.0461,2131.0
1753617270019,11:54:30.019,bybit,ACT/USDT:USDT,0.04608,582.0,0.04607,1708.0,0.04609,2509.0,0.0461,2131.0
1753617270118,11:54:30.118,bybit,ACT/USDT:USDT,0.04608,582.0,0.04607,1708.0,0.04609,2509.0,0.0461,2131.0
1753617270419,11:54:30.419,bybit,ACT/USDT:USDT,0.04608,582.0,0.04607,1708.0,0.04609,2509.0,0.0461,2131.0
1753617270719,11:54:30.719,bybit,ACT/USDT:USDT,0.04608,582.0,0.04607,1708.0,0.04609,2509.0,0.0461,2131.0
1753617271219,11:54:31.219,bybit,ACT/USDT:USDT,0.04608,582.0,0.04607,1708.0,0.04609,2509.0,0.0461,2131.0
1753617271419,11:54:31.419,bybit,ACT/USDT:USDT,0.04608,582.0,0.04607,1708.0,0.04609,12908.0,0.0461,2131.0
1753617271818,11:54:31.818,bybit,ACT/USDT:USDT,0.04608,582.0,0.04607,1708.0,0.04609,12908.0,0.0461,2131.0
1753617271919,11:54:31.919,bybit,ACT/USDT:USDT,0.04608,582.0,0.04607,1708.0,0.04609,12908.0,0.0461,2131.0
1753617272419,11:54:32.419,bybit,ACT/USDT:USDT,0.04608,582.0,0.04607,1708.0,0.04609,12908.0,0.0461,2131.0
1753617272522,11:54:32.522,bybit,ACT/USDT:USDT,0.04608,582.0,0.04607,1708.0,0.04609,12908.0,0.0461,2131.0
1753617273019,11:54:33.019,bybit,ACT/USDT:USDT,0.04608,582.0,0.04607,1708.0,0.04609,12908.0,0.0461,2131.0
1753617273118,11:54:33.118,bybit,ACT/USDT:USDT,0.04608,582.0,0.04607,1708.0,0.04609,12908.0,0.0461,2131.0
1753617273319,11:54:33.319,bybit,ACT/USDT:USDT,0.04608,582.0,0.04607,1708.0,0.04609,12908.0,0.0461,2131.0
1753617273520,11:54:33.520,bybit,ACT/USDT:USDT,0.04608,582.0,0.04607,1708.0,0.04609,17247.0,0.0461,423.0
1753617273619,11:54:33.619,bybit,ACT/USDT:USDT,0.04606,2370.0,0.04605,21161.0,0.04607,123.0,0.04608,1708.0
1753617273818,11:54:33.818,bybit,ACT/USDT:USDT,0.04606,4090.0,0.04605,15465.0,0.04607,664.0,0.04608,10399.0
1753617274418,11:54:34.418,bybit,ACT/USDT:USDT,0.04606,4090.0,0.04605,15465.0,0.04607,123.0,0.04608,10399.0
1753617274617,11:54:34.617,bybit,ACT/USDT:USDT,0.04606,4090.0,0.04605,15465.0,0.04607,123.0,0.04608,10399.0
1753617274717,11:54:34.717,bybit,ACT/USDT:USDT,0.04606,4090.0,0.04605,15465.0,0.04607,123.0,0.04608,10399.0
1753617275718,11:54:35.718,bybit,ACT/USDT:USDT,0.04606,4090.0,0.04605,15465.0,0.04607,123.0,0.04608,10399.0
1753617275819,11:54:35.819,bybit,ACT/USDT:USDT,0.04606,4090.0,0.04605,15465.0,0.04607,123.0,0.04608,10399.0
1753617276319,11:54:36.319,bybit,ACT/USDT:USDT,0.04606,4090.0,0.04605,15465.0,0.04607,123.0,0.04608,10399.0
1753617276419,11:54:36.419,bybit,ACT/USDT:USDT,0.04606,4090.0,0.04605,15465.0,0.04607,123.0,0.04608,10399.0
1753617276819,11:54:36.819,bybit,ACT/USDT:USDT,0.04606,4090.0,0.04605,15465.0,0.04607,123.0,0.04608,10399.0
1753617276918,11:54:36.918,bybit,ACT/USDT:USDT,0.04606,4090.0,0.04605,15465.0,0.04607,123.0,0.04608,10399.0
1753617277419,11:54:37.419,bybit,ACT/USDT:USDT,0.04606,4090.0,0.04605,15465.0,0.04607,123.0,0.04608,10399.0
1753617277520,11:54:37.520,bybit,ACT/USDT:USDT,0.04606,4090.0,0.04605,15465.0,0.04607,123.0,0.04608,10399.0
1753617278523,11:54:38.523,bybit,ACT/USDT:USDT,0.04606,4090.0,0.04605,15465.0,0.04607,123.0,0.04608,10399.0
1753617278619,11:54:38.619,bybit,ACT/USDT:USDT,0.04606,4090.0,0.04605,15465.0,0.04607,123.0,0.04608,10399.0
1753617278819,11:54:38.819,bybit,ACT/USDT:USDT,0.04606,4090.0,0.04605,15465.0,0.04607,123.0,0.04608,10399.0
1753617279119,11:54:39.119,bybit,ACT/USDT:USDT,0.04606,4090.0,0.04605,15465.0,0.04607,123.0,0.04608,10399.0
1753617279219,11:54:39.219,bybit,ACT/USDT:USDT,0.04606,4090.0,0.04605,15465.0,0.04607,123.0,0.04608,10399.0
1753617279819,11:54:39.819,bybit,ACT/USDT:USDT,0.04606,4090.0,0.04605,15465.0,0.04607,123.0,0.04608,10399.0
1753617279919,11:54:39.919,bybit,ACT/USDT:USDT,0.04606,4090.0,0.04605,15465.0,0.04607,123.0,0.04608,10399.0
1753617280219,11:54:40.219,bybit,ACT/USDT:USDT,0.04606,4090.0,0.04605,15465.0,0.04607,123.0,0.04608,10399.0
1753617280619,11:54:40.619,bybit,ACT/USDT:USDT,0.04606,4090.0,0.04605,15465.0,0.04607,123.0,0.04608,10399.0
1753617280718,11:54:40.718,bybit,ACT/USDT:USDT,0.04606,4090.0,0.04605,15465.0,0.04607,123.0,0.04608,10399.0
1753617281019,11:54:41.019,bybit,ACT/USDT:USDT,0.04606,4090.0,0.04605,15465.0,0.04607,123.0,0.04608,10399.0
1753617281219,11:54:41.219,bybit,ACT/USDT:USDT,0.04606,4147.0,0.04605,15465.0,0.04607,123.0,0.04608,10399.0
1753617281318,11:54:41.318,bybit,ACT/USDT:USDT,0.04606,4147.0,0.04605,15465.0,0.04607,123.0,0.04608,10399.0
1753617281819,11:54:41.819,bybit,ACT/USDT:USDT,0.04606,4147.0,0.04605,15465.0,0.04607,123.0,0.04608,10399.0
1753617281919,11:54:41.919,bybit,ACT/USDT:USDT,0.04606,4147.0,0.04605,15465.0,0.04607,123.0,0.04608,10399.0
1753617282918,11:54:42.918,bybit,ACT/USDT:USDT,0.04606,4147.0,0.04605,15465.0,0.04607,123.0,0.04608,10399.0
1753617283020,11:54:43.020,bybit,ACT/USDT:USDT,0.04606,4147.0,0.04605,15465.0,0.04607,123.0,0.04608,10399.0
1753617283118,11:54:43.118,bybit,ACT/USDT:USDT,0.04606,4147.0,0.04605,15465.0,0.04607,123.0,0.04608,10399.0
1753617283219,11:54:43.219,bybit,ACT/USDT:USDT,0.04606,4147.0,0.04605,15465.0,0.04607,123.0,0.04608,10399.0
1753617283319,11:54:43.319,bybit,ACT/USDT:USDT,0.04606,4147.0,0.04605,15465.0,0.04607,123.0,0.04608,10399.0
1753617284020,11:54:44.020,bybit,ACT/USDT:USDT,0.04606,4147.0,0.04605,15465.0,0.04607,123.0,0.04608,10399.0
1753617284119,11:54:44.119,bybit,ACT/USDT:USDT,0.04606,4147.0,0.04605,15465.0,0.04607,123.0,0.04608,10399.0
1753617284319,11:54:44.319,bybit,ACT/USDT:USDT,0.04606,4147.0,0.04605,15465.0,0.04607,123.0,0.04608,10399.0
1753617284524,11:54:44.524,bybit,ACT/USDT:USDT,0.04606,4147.0,0.04605,15465.0,0.04607,123.0,0.04608,10399.0
1753617284618,11:54:44.618,bybit,ACT/USDT:USDT,0.04606,4147.0,0.04605,15465.0,0.04607,123.0,0.04608,10399.0
1753617284819,11:54:44.819,bybit,ACT/USDT:USDT,0.04606,4147.0,0.04605,15465.0,0.04607,123.0,0.04608,10399.0
1753617285119,11:54:45.119,bybit,ACT/USDT:USDT,0.04606,4147.0,0.04605,15465.0,0.04607,123.0,0.04608,10399.0
1753617285219,11:54:45.219,bybit,ACT/USDT:USDT,0.04606,4147.0,0.04605,15465.0,0.04607,123.0,0.04608,10399.0
1753617285619,11:54:45.619,bybit,ACT/USDT:USDT,0.04606,4147.0,0.04605,15465.0,0.04607,123.0,0.04608,10399.0
1753617285719,11:54:45.719,bybit,ACT/USDT:USDT,0.04606,4147.0,0.04605,15465.0,0.04607,123.0,0.04608,10399.0
1753617285819,11:54:45.819,bybit,ACT/USDT:USDT,0.04606,4147.0,0.04605,15465.0,0.04607,123.0,0.04608,10399.0
1753617285918,11:54:45.918,bybit,ACT/USDT:USDT,0.04606,4147.0,0.04605,15465.0,0.04607,123.0,0.04608,10399.0
1753617286319,11:54:46.319,bybit,ACT/USDT:USDT,0.04606,4147.0,0.04605,15465.0,0.04607,123.0,0.04608,10399.0
1753617286419,11:54:46.419,bybit,ACT/USDT:USDT,0.04606,4147.0,0.04605,15465.0,0.04607,123.0,0.04608,10399.0
1753617287119,11:54:47.119,bybit,ACT/USDT:USDT,0.04606,2427.0,0.04605,15465.0,0.04607,122.0,0.04608,7037.0
1753617287219,11:54:47.219,bybit,ACT/USDT:USDT,0.04606,2427.0,0.04605,15465.0,0.04607,122.0,0.04608,4341.0
1753617287319,11:54:47.319,bybit,ACT/USDT:USDT,0.04606,2427.0,0.04605,15465.0,0.04607,122.0,0.04608,4341.0
1753617287418,11:54:47.418,bybit,ACT/USDT:USDT,0.04606,2427.0,0.04605,15465.0,0.04607,122.0,0.04608,4341.0
1753617287618,11:54:47.618,bybit,ACT/USDT:USDT,0.04606,2427.0,0.04605,15465.0,0.04607,122.0,0.04608,4341.0
1753617287719,11:54:47.719,bybit,ACT/USDT:USDT,0.04606,2427.0,0.04605,15465.0,0.04607,122.0,0.04608,4341.0
1753617287819,11:54:47.819,bybit,ACT/USDT:USDT,0.04606,2427.0,0.04605,15465.0,0.04607,122.0,0.04608,4341.0
1753617287919,11:54:47.919,bybit,ACT/USDT:USDT,0.04606,2427.0,0.04605,15465.0,0.04607,122.0,0.04608,4341.0
1753617288020,11:54:48.020,bybit,ACT/USDT:USDT,0.04606,2427.0,0.04605,15465.0,0.04607,122.0,0.04608,6049.0
1753617288523,11:54:48.523,bybit,ACT/USDT:USDT,0.04606,2427.0,0.04605,15465.0,0.04607,663.0,0.04608,6049.0
1753617288818,11:54:48.818,bybit,ACT/USDT:USDT,0.04606,2427.0,0.04605,15465.0,0.04607,663.0,0.04608,6049.0
1753617288918,11:54:48.918,bybit,ACT/USDT:USDT,0.04606,2427.0,0.04605,15465.0,0.04607,663.0,0.04608,6049.0
1753617289319,11:54:49.319,bybit,ACT/USDT:USDT,0.04606,2427.0,0.04605,15465.0,0.04607,663.0,0.04608,6049.0
1753617289418,11:54:49.418,bybit,ACT/USDT:USDT,0.04606,2427.0,0.04605,15465.0,0.04607,663.0,0.04608,6049.0
1753617289619,11:54:49.619,bybit,ACT/USDT:USDT,0.04606,2427.0,0.04605,15465.0,0.04607,122.0,0.04608,6049.0
1753617289718,11:54:49.718,bybit,ACT/USDT:USDT,0.04606,2427.0,0.04605,15465.0,0.04607,122.0,0.04608,1708.0
1753617290524,11:54:50.524,bybit,ACT/USDT:USDT,0.04606,2427.0,0.04605,15465.0,0.04607,122.0,0.04608,1708.0
1753617290619,11:54:50.619,bybit,ACT/USDT:USDT,0.04606,2427.0,0.04605,15465.0,0.04607,122.0,0.04608,1708.0
1753617290819,11:54:50.819,bybit,ACT/USDT:USDT,0.04606,4136.0,0.04605,15465.0,0.04607,120.0,0.04608,1708.0
1753617290919,11:54:50.919,bybit,ACT/USDT:USDT,0.04606,4136.0,0.04605,15465.0,0.04607,120.0,0.04608,1708.0
1753617291019,11:54:51.019,bybit,ACT/USDT:USDT,0.04606,4136.0,0.04605,15465.0,0.04607,120.0,0.04608,1708.0
1753617291520,11:54:51.520,bybit,ACT/USDT:USDT,0.04606,4136.0,0.04605,15465.0,0.04607,120.0,0.04608,1708.0
1753617291619,11:54:51.619,bybit,ACT/USDT:USDT,0.04606,4136.0,0.04605,15465.0,0.04607,120.0,0.04608,1708.0
1753617292019,11:54:52.019,bybit,ACT/USDT:USDT,0.04606,4136.0,0.04605,15465.0,0.04607,120.0,0.04608,1708.0
1753617292119,11:54:52.119,bybit,ACT/USDT:USDT,0.04606,4136.0,0.04605,15465.0,0.04607,120.0,0.04608,1708.0
1753617292619,11:54:52.619,bybit,ACT/USDT:USDT,0.04606,4136.0,0.04605,15465.0,0.04607,120.0,0.04608,1708.0
1753617292719,11:54:52.719,bybit,ACT/USDT:USDT,0.04606,4136.0,0.04605,15465.0,0.04607,120.0,0.04608,1708.0
1753617293219,11:54:53.219,bybit,ACT/USDT:USDT,0.04606,4136.0,0.04605,15465.0,0.04607,120.0,0.04608,1708.0
1753617293319,11:54:53.319,bybit,ACT/USDT:USDT,0.04606,4136.0,0.04605,15465.0,0.04607,120.0,0.04608,1708.0
1753617293418,11:54:53.418,bybit,ACT/USDT:USDT,0.04606,4136.0,0.04605,15465.0,0.04607,120.0,0.04608,1708.0
1753617293818,11:54:53.818,bybit,ACT/USDT:USDT,0.04606,4136.0,0.04605,15465.0,0.04607,120.0,0.04608,1708.0
1753617293919,11:54:53.919,bybit,ACT/USDT:USDT,0.04606,4136.0,0.04605,15465.0,0.04607,120.0,0.04608,1708.0
1753617294118,11:54:54.118,bybit,ACT/USDT:USDT,0.04606,4136.0,0.04605,15465.0,0.04607,120.0,0.04608,1708.0
1753617294419,11:54:54.419,bybit,ACT/USDT:USDT,0.04606,4136.0,0.04605,15465.0,0.04607,120.0,0.04608,1708.0
1753617294524,11:54:54.524,bybit,ACT/USDT:USDT,0.04606,4136.0,0.04605,15465.0,0.04607,120.0,0.04608,1708.0
1753617294919,11:54:54.919,bybit,ACT/USDT:USDT,0.04606,4136.0,0.04605,15465.0,0.04607,120.0,0.04608,1708.0
1753617295019,11:54:55.019,bybit,ACT/USDT:USDT,0.04606,4195.0,0.04605,15465.0,0.04607,120.0,0.04608,1708.0
1753617295119,11:54:55.119,bybit,ACT/USDT:USDT,0.04606,4195.0,0.04605,15465.0,0.04607,120.0,0.04608,12107.0
1753617295518,11:54:55.518,bybit,ACT/USDT:USDT,0.04606,4195.0,0.04605,15465.0,0.04607,120.0,0.04608,12107.0
1753617295619,11:54:55.619,bybit,ACT/USDT:USDT,0.04606,4195.0,0.04605,15465.0,0.04607,120.0,0.04608,12107.0
1753617296018,11:54:56.018,bybit,ACT/USDT:USDT,0.04606,4195.0,0.04605,15465.0,0.04607,120.0,0.04608,12107.0
1753617296118,11:54:56.118,bybit,ACT/USDT:USDT,0.04606,4195.0,0.04605,15465.0,0.04607,120.0,0.04608,12107.0
1753617296219,11:54:56.219,bybit,ACT/USDT:USDT,0.04606,4195.0,0.04605,15465.0,0.04607,120.0,0.04608,12107.0
1753617296318,11:54:56.318,bybit,ACT/USDT:USDT,0.04606,4195.0,0.04605,15465.0,0.04607,120.0,0.04608,12107.0
1753617296618,11:54:56.618,bybit,ACT/USDT:USDT,0.04606,4195.0,0.04605,15465.0,0.04607,120.0,0.04608,12107.0
1753617296719,11:54:56.719,bybit,ACT/USDT:USDT,0.04606,4195.0,0.04605,15465.0,0.04607,120.0,0.04608,12107.0
1753617296819,11:54:56.819,bybit,ACT/USDT:USDT,0.04606,4195.0,0.04605,15465.0,0.04607,120.0,0.04608,12107.0
1753617297119,11:54:57.119,bybit,ACT/USDT:USDT,0.04606,4195.0,0.04605,15465.0,0.04607,120.0,0.04608,12107.0
1753617297719,11:54:57.719,bybit,ACT/USDT:USDT,0.04606,4195.0,0.04605,15465.0,0.04607,120.0,0.04608,12107.0
1753617297818,11:54:57.818,bybit,ACT/USDT:USDT,0.04606,4195.0,0.04605,15465.0,0.04607,120.0,0.04608,12107.0
1753617298319,11:54:58.319,bybit,ACT/USDT:USDT,0.04606,4195.0,0.04605,15465.0,0.04607,120.0,0.04608,12107.0
1753617298525,11:54:58.525,bybit,ACT/USDT:USDT,0.04606,4195.0,0.04605,15465.0,0.04607,120.0,0.04608,12107.0
1753617298718,11:54:58.718,bybit,ACT/USDT:USDT,0.04606,4195.0,0.04605,15465.0,0.04607,120.0,0.04608,12107.0
1753617298818,11:54:58.818,bybit,ACT/USDT:USDT,0.04606,4195.0,0.04605,15465.0,0.04607,120.0,0.04608,12107.0
1753617299318,11:54:59.318,bybit,ACT/USDT:USDT,0.04606,4195.0,0.04605,15465.0,0.04607,120.0,0.04608,12107.0
1753617299419,11:54:59.419,bybit,ACT/USDT:USDT,0.04606,4195.0,0.04605,15465.0,0.04607,120.0,0.04608,12107.0
1753617299818,11:54:59.818,bybit,ACT/USDT:USDT,0.04606,4195.0,0.04605,15465.0,0.04607,120.0,0.04608,12107.0
1753617299919,11:54:59.919,bybit,ACT/USDT:USDT,0.04606,4195.0,0.04605,15465.0,0.04607,120.0,0.04608,12107.0
1753617300219,11:55:00.219,bybit,ACT/USDT:USDT,0.04606,4195.0,0.04605,15465.0,0.04607,120.0,0.04608,12107.0
1753617300919,11:55:00.919,bybit,ACT/USDT:USDT,0.04606,4195.0,0.04605,15465.0,0.04607,120.0,0.04608,12107.0
1753617301020,11:55:01.020,bybit,ACT/USDT:USDT,0.04606,4195.0,0.04605,15465.0,0.04607,120.0,0.04608,12107.0
1753617301419,11:55:01.419,bybit,ACT/USDT:USDT,0.04606,4195.0,0.04605,15465.0,0.04607,120.0,0.04608,12107.0
1753617302521,11:55:02.521,bybit,ACT/USDT:USDT,0.04606,4195.0,0.04605,15465.0,0.04607,120.0,0.04608,12107.0
1753617303118,11:55:03.118,bybit,ACT/USDT:USDT,0.04606,4195.0,0.04605,15465.0,0.04607,120.0,0.04608,12107.0
1753617303219,11:55:03.219,bybit,ACT/USDT:USDT,0.04606,4195.0,0.04605,15465.0,0.04607,120.0,0.04608,12107.0
1753617303318,11:55:03.318,bybit,ACT/USDT:USDT,0.04606,4195.0,0.04605,15465.0,0.04607,112.0,0.04608,12107.0
1753617303518,11:55:03.518,bybit,ACT/USDT:USDT,0.04606,2486.0,0.04605,15465.0,0.04607,2371.0,0.04608,1708.0
1753617303719,11:55:03.719,bybit,ACT/USDT:USDT,0.04606,2486.0,0.04605,15465.0,0.04607,2371.0,0.04608,1708.0
1753617303819,11:55:03.819,bybit,ACT/USDT:USDT,0.04606,2486.0,0.04605,15465.0,0.04607,2371.0,0.04608,1708.0
1753617303918,11:55:03.918,bybit,ACT/USDT:USDT,0.04606,2486.0,0.04605,15465.0,0.04607,653.0,0.04608,1708.0
1753617304019,11:55:04.019,bybit,ACT/USDT:USDT,0.04606,2486.0,0.04605,15465.0,0.04607,653.0,0.04608,1708.0
1753617304318,11:55:04.318,bybit,ACT/USDT:USDT,0.04606,2486.0,0.04605,15465.0,0.04607,653.0,0.04608,1708.0
1753617304719,11:55:04.719,bybit,ACT/USDT:USDT,0.04606,267.0,0.04604,22535.0,0.04607,8432.0,0.04608,2131.0
1753617304919,11:55:04.919,bybit,ACT/USDT:USDT,0.04606,267.0,0.04604,24760.0,0.04607,8432.0,0.04608,2131.0
1753617305020,11:55:05.020,bybit,ACT/USDT:USDT,0.04604,14371.0,0.04603,15284.0,0.04606,1709.0,0.04607,18713.0
1753617305119,11:55:05.119,bybit,ACT/USDT:USDT,0.04604,892.0,0.04603,15284.0,0.04605,1718.0,0.04606,1709.0
1753617305219,11:55:05.219,bybit,ACT/USDT:USDT,0.04604,892.0,0.04603,15284.0,0.04605,1718.0,0.04606,1709.0
1753617305319,11:55:05.319,bybit,ACT/USDT:USDT,0.04604,892.0,0.04603,15284.0,0.04605,1718.0,0.04606,1709.0
1753617305720,11:55:05.720,bybit,ACT/USDT:USDT,0.04604,892.0,0.04603,15284.0,0.04605,1718.0,0.04606,1709.0
1753617305818,11:55:05.818,bybit,ACT/USDT:USDT,0.04604,892.0,0.04603,15284.0,0.04605,1718.0,0.04606,1709.0
1753617306119,11:55:06.119,bybit,ACT/USDT:USDT,0.04604,892.0,0.04603,15284.0,0.04606,1709.0,0.04607,18713.0
1753617306218,11:55:06.218,bybit,ACT/USDT:USDT,0.04604,892.0,0.04603,15284.0,0.04606,4406.0,0.04607,18713.0
1753617306319,11:55:06.319,bybit,ACT/USDT:USDT,0.04604,892.0,0.04603,15284.0,0.04606,4406.0,0.04607,18713.0
1753617306419,11:55:06.419,bybit,ACT/USDT:USDT,0.04604,892.0,0.04603,15284.0,0.04606,4406.0,0.04607,18713.0
1753617306524,11:55:06.524,bybit,ACT/USDT:USDT,0.04604,892.0,0.04603,15284.0,0.04606,4406.0,0.04607,18713.0
1753617307019,11:55:07.019,bybit,ACT/USDT:USDT,0.04604,892.0,0.04603,15284.0,0.04606,4406.0,0.04607,18713.0
1753617307119,11:55:07.119,bybit,ACT/USDT:USDT,0.04604,892.0,0.04603,15284.0,0.04606,4406.0,0.04607,18713.0
1753617307520,11:55:07.520,bybit,ACT/USDT:USDT,0.04604,892.0,0.04603,15284.0,0.04606,4406.0,0.04607,18713.0
1753617307618,11:55:07.618,bybit,ACT/USDT:USDT,0.04604,892.0,0.04603,15284.0,0.04606,4406.0,0.04607,18713.0
1753617307819,11:55:07.819,bybit,ACT/USDT:USDT,0.04604,907.0,0.04603,15284.0,0.04606,4406.0,0.04607,18713.0
1753617308019,11:55:08.019,bybit,ACT/USDT:USDT,0.04604,907.0,0.04603,15284.0,0.04606,4406.0,0.04607,18713.0
1753617308418,11:55:08.418,bybit,ACT/USDT:USDT,0.04604,907.0,0.04603,15284.0,0.04606,4406.0,0.04607,18713.0
1753617308619,11:55:08.619,bybit,ACT/USDT:USDT,0.04604,907.0,0.04603,15284.0,0.04606,4406.0,0.04607,18713.0
1753617308718,11:55:08.718,bybit,ACT/USDT:USDT,0.04604,907.0,0.04603,15284.0,0.04606,4406.0,0.04607,18713.0
1753617309719,11:55:09.719,bybit,ACT/USDT:USDT,0.04604,907.0,0.04603,15284.0,0.04606,4406.0,0.04607,18713.0
1753617309819,11:55:09.819,bybit,ACT/USDT:USDT,0.04604,907.0,0.04603,15284.0,0.04606,4406.0,0.04607,18713.0
1753617309917,11:55:09.917,bybit,ACT/USDT:USDT,0.04604,907.0,0.04603,15284.0,0.04606,14805.0,0.04607,8314.0
1753617310020,11:55:10.020,bybit,ACT/USDT:USDT,0.04604,907.0,0.04603,15284.0,0.04606,14805.0,0.04607,8314.0
1753617310819,11:55:10.819,bybit,ACT/USDT:USDT,0.04604,907.0,0.04603,15284.0,0.04606,14805.0,0.04607,8314.0
1753617310919,11:55:10.919,bybit,ACT/USDT:USDT,0.04604,907.0,0.04603,15284.0,0.04606,14805.0,0.04607,8314.0
1753617311419,11:55:11.419,bybit,ACT/USDT:USDT,0.04604,907.0,0.04603,15284.0,0.04606,14805.0,0.04607,8314.0
1753617311518,11:55:11.518,bybit,ACT/USDT:USDT,0.04604,907.0,0.04603,15284.0,0.04606,14805.0,0.04607,8314.0
1753617311719,11:55:11.719,bybit,ACT/USDT:USDT,0.04604,907.0,0.04603,15284.0,0.04606,14685.0,0.04607,7891.0
1753617311819,11:55:11.819,bybit,ACT/USDT:USDT,0.04604,907.0,0.04603,15284.0,0.04606,14685.0,0.04607,7891.0
1753617312019,11:55:12.019,bybit,ACT/USDT:USDT,0.04604,907.0,0.04603,15284.0,0.04606,14685.0,0.04607,8314.0
1753617312118,11:55:12.118,bybit,ACT/USDT:USDT,0.04604,907.0,0.04603,15284.0,0.04605,13096.0,0.04606,1589.0
1753617312523,11:55:12.523,bybit,ACT/USDT:USDT,0.04604,907.0,0.04603,15284.0,0.04605,17439.0,0.04606,1893.0
1753617312619,11:55:12.619,bybit,ACT/USDT:USDT,0.04604,907.0,0.04603,15284.0,0.04605,17439.0,0.04606,1893.0
1753617312819,11:55:12.819,bybit,ACT/USDT:USDT,0.04604,907.0,0.04603,15284.0,0.04605,17439.0,0.04606,1893.0
1753617313217,11:55:13.217,bybit,ACT/USDT:USDT,0.04604,907.0,0.04603,15284.0,0.04605,17439.0,0.04606,1893.0
1753617313619,11:55:13.619,bybit,ACT/USDT:USDT,0.04604,907.0,0.04603,15284.0,0.04605,17439.0,0.04606,304.0
1753617313719,11:55:13.719,bybit,ACT/USDT:USDT,0.04604,907.0,0.04603,15284.0,0.04605,17439.0,0.04606,304.0
1753617314119,11:55:14.119,bybit,ACT/USDT:USDT,0.04604,907.0,0.04603,15284.0,0.04605,17439.0,0.04606,304.0
1753617314318,11:55:14.318,bybit,ACT/USDT:USDT,0.04604,907.0,0.04603,15284.0,0.04605,17439.0,0.04606,304.0
1753617314419,11:55:14.419,bybit,ACT/USDT:USDT,0.04604,907.0,0.04603,15284.0,0.04605,17439.0,0.04606,304.0
1753617314523,11:55:14.523,bybit,ACT/USDT:USDT,0.04604,907.0,0.04603,15284.0,0.04605,17439.0,0.04606,304.0
1753617314718,11:55:14.718,bybit,ACT/USDT:USDT,0.04604,907.0,0.04603,15284.0,0.04605,17439.0,0.04606,304.0
1753617314818,11:55:14.818,bybit,ACT/USDT:USDT,0.04604,907.0,0.04603,15284.0,0.04605,17439.0,0.04606,304.0
1753617314919,11:55:14.919,bybit,ACT/USDT:USDT,0.04604,907.0,0.04603,15284.0,0.04605,17439.0,0.04606,304.0
1753617315118,11:55:15.118,bybit,ACT/USDT:USDT,0.04604,907.0,0.04603,15284.0,0.04605,13096.0,0.04606,304.0
1753617315319,11:55:15.319,bybit,ACT/USDT:USDT,0.04604,907.0,0.04603,15284.0,0.04605,13235.0,0.04606,304.0
1753617315419,11:55:15.419,bybit,ACT/USDT:USDT,0.04604,907.0,0.04603,15284.0,0.04605,13235.0,0.04606,727.0
1753617315919,11:55:15.919,bybit,ACT/USDT:USDT,0.04604,907.0,0.04603,15284.0,0.04605,13235.0,0.04606,727.0
1753617316019,11:55:16.019,bybit,ACT/USDT:USDT,0.04604,907.0,0.04603,15284.0,0.04605,13235.0,0.04606,727.0
1753617316523,11:55:16.523,bybit,ACT/USDT:USDT,0.04604,907.0,0.04603,15284.0,0.04605,13235.0,0.04606,727.0
1753617316619,11:55:16.619,bybit,ACT/USDT:USDT,0.04604,907.0,0.04603,15284.0,0.04605,13235.0,0.04606,727.0
1753617316819,11:55:16.819,bybit,ACT/USDT:USDT,0.04604,907.0,0.04603,15284.0,0.04605,13235.0,0.04606,727.0
1753617317020,11:55:17.020,bybit,ACT/USDT:USDT,0.04604,907.0,0.04603,15284.0,0.04605,13235.0,0.04606,727.0
1753617317119,11:55:17.119,bybit,ACT/USDT:USDT,0.04604,907.0,0.04603,15284.0,0.04605,13235.0,0.04606,727.0
1753617317419,11:55:17.419,bybit,ACT/USDT:USDT,0.04604,907.0,0.04603,15284.0,0.04605,13235.0,0.04606,727.0
1753617317520,11:55:17.520,bybit,ACT/USDT:USDT,0.04602,11224.0,0.04601,15501.0,0.04604,928.0,0.04605,4556.0
1753617317819,11:55:17.819,bybit,ACT/USDT:USDT,0.04603,152.0,0.04602,9310.0,0.04604,14024.0,0.04605,1859.0
1753617318217,11:55:18.217,bybit,ACT/USDT:USDT,0.04603,152.0,0.04602,9310.0,0.04604,14024.0,0.04605,1859.0
1753617318318,11:55:18.318,bybit,ACT/USDT:USDT,0.04603,152.0,0.04602,3889.0,0.04604,14162.0,0.04605,1720.0
1753617318523,11:55:18.523,bybit,ACT/USDT:USDT,0.04603,152.0,0.04602,3889.0,0.04604,14162.0,0.04605,1720.0
1753617318618,11:55:18.618,bybit,ACT/USDT:USDT,0.04603,152.0,0.04602,3889.0,0.04604,14162.0,0.04605,1720.0
1753617319019,11:55:19.019,bybit,ACT/USDT:USDT,0.04603,152.0,0.04602,3889.0,0.04604,14162.0,0.04605,1720.0
1753617319219,11:55:19.219,bybit,ACT/USDT:USDT,0.04603,152.0,0.04602,3889.0,0.04604,14162.0,0.04605,1720.0
1753617319520,11:55:19.520,bybit,ACT/USDT:USDT,0.04603,152.0,0.04602,3889.0,0.04604,14162.0,0.04605,1720.0
1753617319719,11:55:19.719,bybit,ACT/USDT:USDT,0.04603,152.0,0.04602,3889.0,0.04604,14162.0,0.04605,1720.0
1753617319818,11:55:19.818,bybit,ACT/USDT:USDT,0.04603,152.0,0.04602,3889.0,0.04604,14162.0,0.04605,1720.0
1753617319919,11:55:19.919,bybit,ACT/USDT:USDT,0.04602,4041.0,0.04601,17646.0,0.04604,14162.0,0.04605,2143.0
1753617320120,11:55:20.120,bybit,ACT/USDT:USDT,0.04602,170.0,0.04601,15934.0,0.04603,2697.0,0.04604,10537.0
1753617320319,11:55:20.319,bybit,ACT/USDT:USDT,0.04602,170.0,0.04601,15934.0,0.04603,2697.0,0.04604,10537.0
1753617320552,11:55:20.552,bybit,ACT/USDT:USDT,0.04602,170.0,0.04601,15934.0,0.04603,2697.0,0.04604,10537.0
1753617321219,11:55:21.219,bybit,ACT/USDT:USDT,0.04602,170.0,0.04601,9049.0,0.04603,19161.0,0.04604,2273.0
1753617321320,11:55:21.320,bybit,ACT/USDT:USDT,0.04602,170.0,0.04601,9049.0,0.04603,19161.0,0.04604,2273.0
1753617321519,11:55:21.519,bybit,ACT/USDT:USDT,0.04602,170.0,0.04601,9049.0,0.04603,19161.0,0.04604,561.0
1753617322019,11:55:22.019,bybit,ACT/USDT:USDT,0.04602,170.0,0.04601,9049.0,0.04603,19161.0,0.04604,561.0
1753617322119,11:55:22.119,bybit,ACT/USDT:USDT,0.04602,170.0,0.04601,9049.0,0.04603,19161.0,0.04604,561.0
1753617322318,11:55:22.318,bybit,ACT/USDT:USDT,0.04602,170.0,0.04601,9049.0,0.04603,19161.0,0.04604,561.0
1753617322526,11:55:22.526,bybit,ACT/USDT:USDT,0.04602,170.0,0.04601,9049.0,0.04603,14816.0,0.04604,2273.0
1753617322718,11:55:22.718,bybit,ACT/USDT:USDT,0.04602,170.0,0.04601,9049.0,0.04603,19161.0,0.04604,2273.0
1753617322918,11:55:22.918,bybit,ACT/USDT:USDT,0.04602,170.0,0.04601,9049.0,0.04603,19161.0,0.04604,2273.0
1753617323618,11:55:23.618,bybit,ACT/USDT:USDT,0.04602,170.0,0.04601,9049.0,0.04603,19161.0,0.04604,2273.0
1753617323719,11:55:23.719,bybit,ACT/USDT:USDT,0.04602,170.0,0.04601,9049.0,0.04603,19161.0,0.04604,561.0
1753617324019,11:55:24.019,bybit,ACT/USDT:USDT,0.04602,711.0,0.04601,9049.0,0.04603,17441.0,0.04604,561.0
1753617324218,11:55:24.218,bybit,ACT/USDT:USDT,0.04602,170.0,0.04601,9049.0,0.04603,17441.0,0.04604,561.0
1753617324319,11:55:24.319,bybit,ACT/USDT:USDT,0.04602,170.0,0.04601,9049.0,0.04603,13096.0,0.04604,561.0
1753617324419,11:55:24.419,bybit,ACT/USDT:USDT,0.04602,711.0,0.04601,10761.0,0.04603,13096.0,0.04604,138.0
1753617324524,11:55:24.524,bybit,ACT/USDT:USDT,0.04602,711.0,0.04601,10761.0,0.04603,13096.0,0.04604,138.0
1753617324719,11:55:24.719,bybit,ACT/USDT:USDT,0.04602,711.0,0.04601,10761.0,0.04603,13096.0,0.04604,138.0
1753617324819,11:55:24.819,bybit,ACT/USDT:USDT,0.04602,711.0,0.04601,10761.0,0.04603,13096.0,0.04604,138.0
1753617325119,11:55:25.119,bybit,ACT/USDT:USDT,0.04602,711.0,0.04601,10761.0,0.04603,13096.0,0.04604,138.0
1753617325219,11:55:25.219,bybit,ACT/USDT:USDT,0.04602,711.0,0.04601,10761.0,0.04603,13096.0,0.04604,138.0
1753617325319,11:55:25.319,bybit,ACT/USDT:USDT,0.04602,711.0,0.04601,10761.0,0.04603,13096.0,0.04604,561.0
1753617325619,11:55:25.619,bybit,ACT/USDT:USDT,0.04602,711.0,0.04601,10761.0,0.04603,13096.0,0.04604,561.0
1753617325819,11:55:25.819,bybit,ACT/USDT:USDT,0.04602,711.0,0.04601,10761.0,0.04603,13096.0,0.04604,561.0
1753617325919,11:55:25.919,bybit,ACT/USDT:USDT,0.04602,711.0,0.04601,10761.0,0.04603,13096.0,0.04604,561.0
1753617326020,11:55:26.020,bybit,ACT/USDT:USDT,0.04602,170.0,0.04601,10761.0,0.04603,13096.0,0.04604,561.0
1753617326219,11:55:26.219,bybit,ACT/USDT:USDT,0.04602,170.0,0.04601,10761.0,0.04603,13096.0,0.04604,561.0
1753617326318,11:55:26.318,bybit,ACT/USDT:USDT,0.04602,170.0,0.04601,9049.0,0.04603,13096.0,0.04604,561.0
1753617327418,11:55:27.418,bybit,ACT/USDT:USDT,0.04602,170.0,0.04601,9049.0,0.04603,13096.0,0.04604,561.0
1753617327519,11:55:27.519,bybit,ACT/USDT:USDT,0.04602,170.0,0.04601,9049.0,0.04603,13096.0,0.04604,561.0
1753617328019,11:55:28.019,bybit,ACT/USDT:USDT,0.04602,170.0,0.04601,9049.0,0.04603,13096.0,0.04604,2273.0
1753617328524,11:55:28.524,bybit,ACT/USDT:USDT,0.04602,170.0,0.04601,9049.0,0.04603,13096.0,0.04604,2273.0
1753617329019,11:55:29.019,bybit,ACT/USDT:USDT,0.04602,170.0,0.04601,9049.0,0.04603,13096.0,0.04604,2273.0
1753617329118,11:55:29.118,bybit,ACT/USDT:USDT,0.04602,170.0,0.04601,9049.0,0.04603,13096.0,0.04604,2273.0
1753617330119,11:55:30.119,bybit,ACT/USDT:USDT,0.04602,170.0,0.04601,9049.0,0.04603,13096.0,0.04604,2273.0
1753617330219,11:55:30.219,bybit,ACT/USDT:USDT,0.04602,170.0,0.04601,9049.0,0.04603,13096.0,0.04604,2273.0
1753617330523,11:55:30.523,bybit,ACT/USDT:USDT,0.04602,170.0,0.04601,9049.0,0.04603,17441.0,0.04604,2273.0
1753617330619,11:55:30.619,bybit,ACT/USDT:USDT,0.04602,170.0,0.04601,9049.0,0.04603,17441.0,0.04604,2273.0
1753617330817,11:55:30.817,bybit,ACT/USDT:USDT,0.04602,170.0,0.04601,9049.0,0.04603,13096.0,0.04604,561.0
1753617331020,11:55:31.020,bybit,ACT/USDT:USDT,0.04602,170.0,0.04601,9049.0,0.04603,13096.0,0.04604,561.0
1753617331219,11:55:31.219,bybit,ACT/USDT:USDT,0.04602,170.0,0.04601,9049.0,0.04603,13096.0,0.04604,561.0
1753617331318,11:55:31.318,bybit,ACT/USDT:USDT,0.04602,170.0,0.04601,9049.0,0.04603,13096.0,0.04604,561.0
1753617331819,11:55:31.819,bybit,ACT/USDT:USDT,0.04602,170.0,0.04601,9049.0,0.04603,13096.0,0.04604,561.0
1753617332419,11:55:32.419,bybit,ACT/USDT:USDT,0.04602,170.0,0.04601,9049.0,0.04603,13096.0,0.04604,561.0
1753617332524,11:55:32.524,bybit,ACT/USDT:USDT,0.04602,170.0,0.04601,9049.0,0.04603,13096.0,0.04604,561.0
1753617333019,11:55:33.019,bybit,ACT/USDT:USDT,0.04602,170.0,0.04601,9049.0,0.04603,13096.0,0.04604,561.0
1753617333119,11:55:33.119,bybit,ACT/USDT:USDT,0.04602,170.0,0.04601,9049.0,0.04603,13096.0,0.04604,2561.0
1753617333219,11:55:33.219,bybit,ACT/USDT:USDT,0.04602,170.0,0.04601,9049.0,0.04603,13096.0,0.04604,2561.0
1753617333318,11:55:33.318,bybit,ACT/USDT:USDT,0.04602,170.0,0.04601,9049.0,0.04603,17441.0,0.04604,4273.0
1753617333526,11:55:33.526,bybit,ACT/USDT:USDT,0.04602,170.0,0.04601,9049.0,0.04603,17441.0,0.04604,4273.0
1753617333618,11:55:33.618,bybit,ACT/USDT:USDT,0.04602,170.0,0.04601,9049.0,0.04603,17441.0,0.04604,4273.0
1753617333818,11:55:33.818,bybit,ACT/USDT:USDT,0.04598,1720.0,0.04597,2121.0,0.04599,1516.0,0.046,23807.0
1753617333919,11:55:33.919,bybit,ACT/USDT:USDT,0.04598,1720.0,0.04597,3715.0,0.04599,1516.0,0.046,23807.0
1753617334020,11:55:34.020,bybit,ACT/USDT:USDT,0.04598,1720.0,0.04597,3715.0,0.04599,1516.0,0.046,23807.0
1753617334119,11:55:34.119,bybit,ACT/USDT:USDT,0.04598,1720.0,0.04597,3715.0,0.04599,1516.0,0.046,23807.0
1753617334219,11:55:34.219,bybit,ACT/USDT:USDT,0.04598,1720.0,0.04597,3715.0,0.04599,1516.0,0.046,23807.0
1753617334319,11:55:34.319,bybit,ACT/USDT:USDT,0.04598,1720.0,0.04597,3715.0,0.04599,1516.0,0.046,23807.0
1753617334419,11:55:34.419,bybit,ACT/USDT:USDT,0.04598,1720.0,0.04597,3715.0,0.04599,693.0,0.046,23807.0
1753617334524,11:55:34.524,bybit,ACT/USDT:USDT,0.04598,1720.0,0.04597,3715.0,0.04599,693.0,0.046,23807.0
1753617334720,11:55:34.720,bybit,ACT/USDT:USDT,0.04598,1720.0,0.04597,3715.0,0.04599,2411.0,0.046,23807.0
1753617335018,11:55:35.018,bybit,ACT/USDT:USDT,0.04598,1720.0,0.04597,3715.0,0.04599,693.0,0.046,23807.0
1753617335319,11:55:35.319,bybit,ACT/USDT:USDT,0.04598,1720.0,0.04597,3715.0,0.04599,693.0,0.046,23807.0
1753617335519,11:55:35.519,bybit,ACT/USDT:USDT,0.04598,1720.0,0.04597,3715.0,0.04599,693.0,0.046,23807.0
1753617335619,11:55:35.619,bybit,ACT/USDT:USDT,0.04598,1720.0,0.04597,3715.0,0.04599,693.0,0.046,23807.0
1753617335719,11:55:35.719,bybit,ACT/USDT:USDT,0.04598,1720.0,0.04597,3715.0,0.04599,693.0,0.046,23807.0
1753617335817,11:55:35.817,bybit,ACT/USDT:USDT,0.04598,1720.0,0.04597,3715.0,0.04599,693.0,0.046,23807.0
1753617335919,11:55:35.919,bybit,ACT/USDT:USDT,0.04598,1720.0,0.04597,3715.0,0.04599,693.0,0.046,23807.0
1753617336020,11:55:36.020,bybit,ACT/USDT:USDT,0.04598,1720.0,0.04597,3715.0,0.04599,693.0,0.046,23807.0
1753617336523,11:55:36.523,bybit,ACT/USDT:USDT,0.04598,1720.0,0.04597,3715.0,0.04599,693.0,0.046,23807.0
1753617336619,11:55:36.619,bybit,ACT/USDT:USDT,0.04598,1720.0,0.04597,3715.0,0.04599,693.0,0.046,23807.0
1753617337020,11:55:37.020,bybit,ACT/USDT:USDT,0.04598,1720.0,0.04597,3715.0,0.04599,693.0,0.046,23807.0
1753617337119,11:55:37.119,bybit,ACT/USDT:USDT,0.04598,1720.0,0.04597,3715.0,0.04599,693.0,0.046,23807.0
1753617337219,11:55:37.219,bybit,ACT/USDT:USDT,0.04598,1720.0,0.04597,3715.0,0.04599,693.0,0.046,23807.0
1753617337618,11:55:37.618,bybit,ACT/USDT:USDT,0.04598,1720.0,0.04597,3715.0,0.04599,693.0,0.046,23807.0
1753617337919,11:55:37.919,bybit,ACT/USDT:USDT,0.04598,1720.0,0.04597,3715.0,0.04599,693.0,0.046,23807.0
1753617338118,11:55:38.118,bybit,ACT/USDT:USDT,0.04598,1720.0,0.04597,3715.0,0.04599,693.0,0.046,23807.0
1753617338218,11:55:38.218,bybit,ACT/USDT:USDT,0.04598,1720.0,0.04597,3715.0,0.04599,693.0,0.046,14750.0
1753617338319,11:55:38.319,bybit,ACT/USDT:USDT,0.04598,1720.0,0.04597,3715.0,0.04599,693.0,0.046,14750.0
1753617338619,11:55:38.619,bybit,ACT/USDT:USDT,0.04598,1720.0,0.04597,3715.0,0.04599,693.0,0.046,14750.0
1753617338718,11:55:38.718,bybit,ACT/USDT:USDT,0.04598,1720.0,0.04597,3715.0,0.04599,693.0,0.046,14750.0
1753617338819,11:55:38.819,bybit,ACT/USDT:USDT,0.04598,1720.0,0.04597,3715.0,0.04599,693.0,0.046,14750.0
1753617339119,11:55:39.119,bybit,ACT/USDT:USDT,0.04598,1720.0,0.04597,3715.0,0.04599,693.0,0.046,14750.0
1753617339219,11:55:39.219,bybit,ACT/USDT:USDT,0.04598,1720.0,0.04597,3715.0,0.04599,693.0,0.046,14750.0
1753617339318,11:55:39.318,bybit,ACT/USDT:USDT,0.04598,1720.0,0.04597,3715.0,0.04599,693.0,0.046,14750.0
1753617339617,11:55:39.617,bybit,ACT/USDT:USDT,0.04598,1720.0,0.04597,3715.0,0.04599,832.0,0.046,14750.0
1753617339820,11:55:39.820,bybit,ACT/USDT:USDT,0.04598,1720.0,0.04597,3715.0,0.04599,832.0,0.046,14750.0
1753617339919,11:55:39.919,bybit,ACT/USDT:USDT,0.04598,1720.0,0.04597,3715.0,0.04599,832.0,0.046,14750.0
1753617340523,11:55:40.523,bybit,ACT/USDT:USDT,0.04598,1720.0,0.04597,3715.0,0.04599,832.0,0.046,14750.0
1753617341119,11:55:41.119,bybit,ACT/USDT:USDT,0.04598,1720.0,0.04597,3715.0,0.04599,832.0,0.046,14750.0
1753617341618,11:55:41.618,bybit,ACT/USDT:USDT,0.04598,1754.0,0.04597,3715.0,0.04599,832.0,0.046,14750.0
1753617342020,11:55:42.020,bybit,ACT/USDT:USDT,0.04598,1754.0,0.04597,3715.0,0.04599,832.0,0.046,14750.0
1753617342619,11:55:42.619,bybit,ACT/USDT:USDT,0.04598,1754.0,0.04597,3715.0,0.04599,832.0,0.046,14750.0
1753617342719,11:55:42.719,bybit,ACT/USDT:USDT,0.04598,1754.0,0.04597,3715.0,0.04599,832.0,0.046,14750.0
1753617343218,11:55:43.218,bybit,ACT/USDT:USDT,0.04598,1754.0,0.04597,3715.0,0.04599,832.0,0.046,14750.0
1753617343318,11:55:43.318,bybit,ACT/USDT:USDT,0.04598,1754.0,0.04597,3715.0,0.04599,832.0,0.046,14750.0
1753617343618,11:55:43.618,bybit,ACT/USDT:USDT,0.04598,1754.0,0.04597,3715.0,0.04599,832.0,0.046,14750.0
1753617343819,11:55:43.819,bybit,ACT/USDT:USDT,0.04598,1754.0,0.04597,3715.0,0.04599,832.0,0.046,14750.0
1753617343918,11:55:43.918,bybit,ACT/USDT:USDT,0.04598,1754.0,0.04597,3715.0,0.04599,832.0,0.046,14750.0
1753617344318,11:55:44.318,bybit,ACT/USDT:USDT,0.04598,1754.0,0.04597,3715.0,0.04599,832.0,0.046,14750.0
1753617344418,11:55:44.418,bybit,ACT/USDT:USDT,0.04598,1754.0,0.04597,3715.0,0.04599,832.0,0.046,14750.0
1753617344521,11:55:44.521,bybit,ACT/USDT:USDT,0.04598,1754.0,0.04597,3715.0,0.04599,2550.0,0.046,14750.0
1753617344819,11:55:44.819,bybit,ACT/USDT:USDT,0.04598,1754.0,0.04597,3715.0,0.04599,832.0,0.046,14750.0
1753617344919,11:55:44.919,bybit,ACT/USDT:USDT,0.04598,1754.0,0.04597,3715.0,0.04599,832.0,0.046,14750.0
1753617345019,11:55:45.019,bybit,ACT/USDT:USDT,0.04598,1754.0,0.04597,3715.0,0.04599,832.0,0.046,14750.0
1753617345219,11:55:45.219,bybit,ACT/USDT:USDT,0.04598,1754.0,0.04597,3715.0,0.04599,832.0,0.046,14750.0
1753617345418,11:55:45.418,bybit,ACT/USDT:USDT,0.04598,1754.0,0.04597,3715.0,0.04599,832.0,0.046,14750.0
1753617345519,11:55:45.519,bybit,ACT/USDT:USDT,0.04598,1754.0,0.04597,3715.0,0.04599,832.0,0.046,14750.0
1753617346019,11:55:46.019,bybit,ACT/USDT:USDT,0.04598,1754.0,0.04597,3715.0,0.04599,832.0,0.046,14750.0
1753617346119,11:55:46.119,bybit,ACT/USDT:USDT,0.04598,1754.0,0.04597,3715.0,0.04599,832.0,0.046,14750.0
1753617346318,11:55:46.318,bybit,ACT/USDT:USDT,0.04598,1754.0,0.04597,3715.0,0.04599,832.0,0.046,14750.0
1753617346523,11:55:46.523,bybit,ACT/USDT:USDT,0.04598,1754.0,0.04597,3715.0,0.04599,832.0,0.046,14750.0
1753617346720,11:55:46.720,bybit,ACT/USDT:USDT,0.04598,1754.0,0.04597,3715.0,0.04599,832.0,0.046,14750.0
1753617347119,11:55:47.119,bybit,ACT/USDT:USDT,0.04598,1754.0,0.04597,3715.0,0.04599,832.0,0.046,14750.0
1753617347218,11:55:47.218,bybit,ACT/USDT:USDT,0.04598,1754.0,0.04597,3715.0,0.04599,832.0,0.046,14750.0
1753617347318,11:55:47.318,bybit,ACT/USDT:USDT,0.04598,1754.0,0.04597,9158.0,0.04599,291.0,0.046,5696.0
1753617347520,11:55:47.520,bybit,ACT/USDT:USDT,0.04598,1754.0,0.04597,9158.0,0.04599,291.0,0.046,5696.0
1753617347618,11:55:47.618,bybit,ACT/USDT:USDT,0.046,1760.0,0.04599,1686.0,0.04601,5696.0,0.04602,9054.0
1753617347820,11:55:47.820,bybit,ACT/USDT:USDT,0.046,1760.0,0.04599,1686.0,0.04601,5696.0,0.04602,9054.0
1753617348020,11:55:48.020,bybit,ACT/USDT:USDT,0.046,1760.0,0.04599,1686.0,0.04601,5696.0,0.04602,9054.0
1753617348219,11:55:48.219,bybit,ACT/USDT:USDT,0.046,1760.0,0.04599,1686.0,0.04601,5696.0,0.04602,9054.0
1753617348319,11:55:48.319,bybit,ACT/USDT:USDT,0.046,1760.0,0.04599,1686.0,0.04601,5696.0,0.04602,9054.0
1753617349319,11:55:49.319,bybit,ACT/USDT:USDT,0.046,1760.0,0.04599,1686.0,0.04601,5696.0,0.04602,9054.0
1753617349418,11:55:49.418,bybit,ACT/USDT:USDT,0.046,1760.0,0.04599,1686.0,0.04601,5696.0,0.04602,9054.0
1753617349919,11:55:49.919,bybit,ACT/USDT:USDT,0.046,1760.0,0.04599,1686.0,0.04601,5696.0,0.04602,9054.0
1753617350119,11:55:50.119,bybit,ACT/USDT:USDT,0.046,1760.0,0.04599,1686.0,0.04601,5696.0,0.04602,9054.0
1753617350521,11:55:50.521,bybit,ACT/USDT:USDT,0.046,1760.0,0.04599,1686.0,0.04601,5696.0,0.04602,9054.0
1753617350619,11:55:50.619,bybit,ACT/USDT:USDT,0.046,1760.0,0.04599,1686.0,0.04601,5696.0,0.04602,9054.0
1753617350719,11:55:50.719,bybit,ACT/USDT:USDT,0.046,1760.0,0.04599,1686.0,0.04601,5696.0,0.04602,9054.0
1753617351017,11:55:51.017,bybit,ACT/USDT:USDT,0.046,1760.0,0.04599,1686.0,0.04601,5696.0,0.04602,9054.0
1753617351118,11:55:51.118,bybit,ACT/USDT:USDT,0.046,1760.0,0.04599,1686.0,0.04601,5696.0,0.04602,9054.0
1753617351319,11:55:51.319,bybit,ACT/USDT:USDT,0.046,1760.0,0.04599,1686.0,0.04601,8398.0,0.04602,9054.0
1753617351519,11:55:51.519,bybit,ACT/USDT:USDT,0.046,1760.0,0.04599,8133.0,0.04601,8398.0,0.04602,9054.0
1753617351619,11:55:51.619,bybit,ACT/USDT:USDT,0.046,1760.0,0.04599,8133.0,0.04601,8398.0,0.04602,9054.0
1753617351719,11:55:51.719,bybit,ACT/USDT:USDT,0.046,1760.0,0.04599,8133.0,0.04601,8398.0,0.04602,9054.0
1753617352119,11:55:52.119,bybit,ACT/USDT:USDT,0.046,1760.0,0.04599,8133.0,0.04601,8398.0,0.04602,9054.0
1753617352718,11:55:52.718,bybit,ACT/USDT:USDT,0.046,1760.0,0.04599,8133.0,0.04601,8398.0,0.04602,9054.0
1753617352818,11:55:52.818,bybit,ACT/USDT:USDT,0.046,1760.0,0.04599,8133.0,0.04601,8398.0,0.04602,9054.0
1753617353019,11:55:53.019,bybit,ACT/USDT:USDT,0.046,1760.0,0.04599,8133.0,0.04601,8398.0,0.04602,9054.0
1753617353217,11:55:53.217,bybit,ACT/USDT:USDT,0.046,1760.0,0.04599,8133.0,0.04601,8398.0,0.04602,9054.0
1753617353319,11:55:53.319,bybit,ACT/USDT:USDT,0.046,1760.0,0.04599,8133.0,0.04601,8398.0,0.04602,9054.0
1753617353819,11:55:53.819,bybit,ACT/USDT:USDT,0.046,1760.0,0.04599,8133.0,0.04601,8398.0,0.04602,9054.0
1753617354019,11:55:54.019,bybit,ACT/USDT:USDT,0.046,1760.0,0.04599,8133.0,0.04601,5696.0,0.04602,9054.0
1753617354719,11:55:54.719,bybit,ACT/USDT:USDT,0.046,1760.0,0.04599,8133.0,0.04601,5946.0,0.04602,9054.0
1753617354918,11:55:54.918,bybit,ACT/USDT:USDT,0.046,1760.0,0.04599,8133.0,0.04601,5946.0,0.04602,9054.0
1753617355020,11:55:55.020,bybit,ACT/USDT:USDT,0.046,1760.0,0.04599,8133.0,0.04601,5946.0,0.04602,9054.0
1753617355519,11:55:55.519,bybit,ACT/USDT:USDT,0.046,1760.0,0.04599,8133.0,0.04601,5946.0,0.04602,9054.0
1753617355619,11:55:55.619,bybit,ACT/USDT:USDT,0.046,1760.0,0.04599,8133.0,0.04601,5946.0,0.04602,9054.0
1753617355819,11:55:55.819,bybit,ACT/USDT:USDT,0.046,1760.0,0.04599,8133.0,0.04601,5946.0,0.04602,9054.0
1753617356019,11:55:56.019,bybit,ACT/USDT:USDT,0.046,1760.0,0.04599,8133.0,0.04601,5946.0,0.04602,9054.0
1753617356119,11:55:56.119,bybit,ACT/USDT:USDT,0.046,1760.0,0.04599,8133.0,0.04601,5946.0,0.04602,9054.0
1753617356524,11:55:56.524,bybit,ACT/USDT:USDT,0.046,1760.0,0.04599,8133.0,0.04601,8648.0,0.04602,9054.0
1753617356620,11:55:56.620,bybit,ACT/USDT:USDT,0.046,1760.0,0.04599,8133.0,0.04601,8648.0,0.04602,9477.0
1753617356719,11:55:56.719,bybit,ACT/USDT:USDT,0.046,1760.0,0.04599,8133.0,0.04601,8648.0,0.04602,9477.0
1753617357119,11:55:57.119,bybit,ACT/USDT:USDT,0.046,1760.0,0.04599,8133.0,0.04601,8648.0,0.04602,9477.0
1753617357218,11:55:57.218,bybit,ACT/USDT:USDT,0.046,1760.0,0.04599,8133.0,0.04601,8648.0,0.04602,9477.0
1753617357419,11:55:57.419,bybit,ACT/USDT:USDT,0.046,1760.0,0.04599,8133.0,0.04601,8648.0,0.04602,9477.0
1753617357819,11:55:57.819,bybit,ACT/USDT:USDT,0.046,1760.0,0.04599,8133.0,0.04601,8648.0,0.04602,9477.0
1753617358319,11:55:58.319,bybit,ACT/USDT:USDT,0.046,1760.0,0.04599,8133.0,0.04601,8648.0,0.04602,9477.0
1753617358419,11:55:58.419,bybit,ACT/USDT:USDT,0.046,1760.0,0.04599,8133.0,0.04601,8648.0,0.04602,9477.0
1753617358521,11:55:58.521,bybit,ACT/USDT:USDT,0.046,1760.0,0.04599,8133.0,0.04601,8648.0,0.04602,9477.0
1753617358818,11:55:58.818,bybit,ACT/USDT:USDT,0.046,1760.0,0.04599,8133.0,0.04601,8648.0,0.04602,9477.0
1753617359417,11:55:59.417,bybit,ACT/USDT:USDT,0.046,1760.0,0.04599,8133.0,0.04601,8648.0,0.04602,9477.0
1753617359519,11:55:59.519,bybit,ACT/USDT:USDT,0.046,1760.0,0.04599,8133.0,0.04601,8648.0,0.04602,9477.0
1753617359919,11:55:59.919,bybit,ACT/USDT:USDT,0.046,1760.0,0.04599,8133.0,0.04601,8648.0,0.04602,9477.0
1753617360319,11:56:00.319,bybit,ACT/USDT:USDT,0.046,1760.0,0.04599,8133.0,0.04601,19047.0,0.04602,9477.0
1753617360419,11:56:00.419,bybit,ACT/USDT:USDT,0.046,1760.0,0.04599,8133.0,0.04601,19047.0,0.04602,9477.0
1753617360519,11:56:00.519,bybit,ACT/USDT:USDT,0.046,1760.0,0.04599,8133.0,0.04601,19047.0,0.04602,9477.0
1753617360719,11:56:00.719,bybit,ACT/USDT:USDT,0.046,1760.0,0.04599,8133.0,0.04601,19047.0,0.04602,9477.0
1753617360818,11:56:00.818,bybit,ACT/USDT:USDT,0.046,1760.0,0.04599,8133.0,0.04601,19047.0,0.04602,9477.0
1753617360919,11:56:00.919,bybit,ACT/USDT:USDT,0.046,1760.0,0.04599,8133.0,0.04601,19047.0,0.04602,9477.0
1753617361020,11:56:01.020,bybit,ACT/USDT:USDT,0.046,1760.0,0.04599,8133.0,0.04601,19047.0,0.04602,9477.0
1753617361118,11:56:01.118,bybit,ACT/USDT:USDT,0.046,1760.0,0.04599,8133.0,0.04601,19047.0,0.04602,9477.0
1753617361319,11:56:01.319,bybit,ACT/USDT:USDT,0.046,1760.0,0.04599,8133.0,0.04601,19047.0,0.04602,9477.0
1753617361619,11:56:01.619,bybit,ACT/USDT:USDT,0.046,1760.0,0.04599,8133.0,0.04601,19047.0,0.04602,9477.0
1753617361919,11:56:01.919,bybit,ACT/USDT:USDT,0.046,1760.0,0.04599,8133.0,0.04601,16345.0,0.04602,9477.0
1753617362019,11:56:02.019,bybit,ACT/USDT:USDT,0.046,1760.0,0.04599,8133.0,0.04601,16345.0,0.04602,9477.0
1753617362418,11:56:02.418,bybit,ACT/USDT:USDT,0.046,1760.0,0.04599,8133.0,0.04601,16345.0,0.04602,9477.0
1753617362718,11:56:02.718,bybit,ACT/USDT:USDT,0.046,1760.0,0.04599,8133.0,0.04601,16345.0,0.04602,9477.0
1753617362818,11:56:02.818,bybit,ACT/USDT:USDT,0.046,1760.0,0.04599,8133.0,0.04601,16345.0,0.04602,9477.0
1753617363219,11:56:03.219,bybit,ACT/USDT:USDT,0.046,1760.0,0.04599,8133.0,0.04601,16345.0,0.04602,9477.0
1753617363319,11:56:03.319,bybit,ACT/USDT:USDT,0.046,1760.0,0.04599,8133.0,0.04601,16345.0,0.04602,9477.0
1753617363818,11:56:03.818,bybit,ACT/USDT:USDT,0.046,1760.0,0.04599,8133.0,0.04601,16345.0,0.04602,9477.0
1753617363919,11:56:03.919,bybit,ACT/USDT:USDT,0.046,1760.0,0.04599,8133.0,0.04601,16345.0,0.04602,9477.0
1753617364419,11:56:04.419,bybit,ACT/USDT:USDT,0.046,1760.0,0.04599,8133.0,0.04601,16345.0,0.04602,9477.0
1753617364524,11:56:04.524,bybit,ACT/USDT:USDT,0.046,1760.0,0.04599,8133.0,0.04601,16345.0,0.04602,9477.0
1753617364619,11:56:04.619,bybit,ACT/USDT:USDT,0.046,3470.0,0.04599,8133.0,0.04601,5946.0,0.04602,19876.0
1753617364718,11:56:04.718,bybit,ACT/USDT:USDT,0.046,3470.0,0.04599,8133.0,0.04601,5946.0,0.04602,19876.0
1753617365021,11:56:05.021,bybit,ACT/USDT:USDT,0.046,3470.0,0.04599,8133.0,0.04601,5946.0,0.04602,19876.0
1753617365118,11:56:05.118,bybit,ACT/USDT:USDT,0.046,3470.0,0.04599,8133.0,0.04601,5946.0,0.04602,19876.0
1753617365318,11:56:05.318,bybit,ACT/USDT:USDT,0.046,3470.0,0.04599,8133.0,0.04601,5946.0,0.04602,19876.0
1753617365520,11:56:05.520,bybit,ACT/USDT:USDT,0.046,3470.0,0.04599,8133.0,0.04601,5946.0,0.04602,19876.0
1753617365819,11:56:05.819,bybit,ACT/USDT:USDT,0.046,3470.0,0.04599,8133.0,0.04601,5946.0,0.04602,19876.0
1753617366119,11:56:06.119,bybit,ACT/USDT:USDT,0.046,3470.0,0.04599,8133.0,0.04601,5946.0,0.04602,19876.0
1753617366619,11:56:06.619,bybit,ACT/USDT:USDT,0.046,3470.0,0.04599,8133.0,0.04601,5946.0,0.04602,19876.0
1753617366718,11:56:06.718,bybit,ACT/USDT:USDT,0.046,3470.0,0.04599,8133.0,0.04601,5946.0,0.04602,19876.0
1753617366819,11:56:06.819,bybit,ACT/USDT:USDT,0.046,3470.0,0.04599,8133.0,0.04601,5946.0,0.04602,19876.0
1753617366918,11:56:06.918,bybit,ACT/USDT:USDT,0.046,3470.0,0.04599,8133.0,0.04601,5946.0,0.04602,19876.0
1753617367021,11:56:07.021,bybit,ACT/USDT:USDT,0.046,3470.0,0.04599,8133.0,0.04601,5946.0,0.04602,19876.0
1753617367319,11:56:07.319,bybit,ACT/USDT:USDT,0.046,3470.0,0.04599,8133.0,0.04601,5946.0,0.04602,19876.0
1753617367419,11:56:07.419,bybit,ACT/USDT:USDT,0.046,1760.0,0.04599,8133.0,0.04601,5946.0,0.04602,19876.0
1753617367520,11:56:07.520,bybit,ACT/USDT:USDT,0.046,1760.0,0.04599,8133.0,0.04601,16345.0,0.04602,9477.0
1753617367819,11:56:07.819,bybit,ACT/USDT:USDT,0.046,1779.0,0.04599,8133.0,0.04601,19047.0,0.04602,9477.0
1753617368418,11:56:08.418,bybit,ACT/USDT:USDT,0.046,1779.0,0.04599,8133.0,0.04601,19047.0,0.04602,9477.0
1753617368524,11:56:08.524,bybit,ACT/USDT:USDT,0.046,1779.0,0.04599,8133.0,0.04601,19047.0,0.04602,9477.0
1753617369020,11:56:09.020,bybit,ACT/USDT:USDT,0.046,1779.0,0.04599,8133.0,0.04601,19047.0,0.04602,9477.0
1753617369119,11:56:09.119,bybit,ACT/USDT:USDT,0.046,1779.0,0.04599,8133.0,0.04601,19047.0,0.04602,9477.0
1753617369419,11:56:09.419,bybit,ACT/USDT:USDT,0.046,1779.0,0.04599,8133.0,0.04601,16345.0,0.04602,9477.0
1753617369519,11:56:09.519,bybit,ACT/USDT:USDT,0.046,1779.0,0.04599,8133.0,0.04601,16345.0,0.04602,9477.0
1753617369617,11:56:09.617,bybit,ACT/USDT:USDT,0.046,1779.0,0.04599,8133.0,0.04601,16345.0,0.04602,9477.0
1753617369719,11:56:09.719,bybit,ACT/USDT:USDT,0.046,1779.0,0.04599,8133.0,0.04601,16345.0,0.04602,9477.0
1753617369819,11:56:09.819,bybit,ACT/USDT:USDT,0.046,1779.0,0.04599,8133.0,0.04601,16345.0,0.04602,9477.0
1753617370218,11:56:10.218,bybit,ACT/USDT:USDT,0.046,1779.0,0.04599,8133.0,0.04601,16345.0,0.04602,9477.0
1753617370318,11:56:10.318,bybit,ACT/USDT:USDT,0.046,1779.0,0.04599,8133.0,0.04601,16345.0,0.04602,9477.0
1753617370619,11:56:10.619,bybit,ACT/USDT:USDT,0.046,1779.0,0.04599,8133.0,0.04601,16345.0,0.04602,9477.0
1753617370818,11:56:10.818,bybit,ACT/USDT:USDT,0.046,1779.0,0.04599,8133.0,0.04601,16345.0,0.04602,9477.0
1753617370918,11:56:10.918,bybit,ACT/USDT:USDT,0.046,1779.0,0.04599,8133.0,0.04601,16345.0,0.04602,9477.0
1753617371318,11:56:11.318,bybit,ACT/USDT:USDT,0.046,1779.0,0.04599,8133.0,0.04601,16345.0,0.04602,9477.0
1753617371418,11:56:11.418,bybit,ACT/USDT:USDT,0.046,1779.0,0.04599,8133.0,0.04601,16345.0,0.04602,9477.0
1753617371919,11:56:11.919,bybit,ACT/USDT:USDT,0.046,1779.0,0.04599,8133.0,0.04601,16345.0,0.04602,9477.0
1753617372019,11:56:12.019,bybit,ACT/USDT:USDT,0.046,1779.0,0.04599,8133.0,0.04601,16345.0,0.04602,9477.0
1753617372219,11:56:12.219,bybit,ACT/USDT:USDT,0.046,1779.0,0.04599,8133.0,0.04601,16345.0,0.04602,9477.0
1753617372526,11:56:12.526,bybit,ACT/USDT:USDT,0.046,1779.0,0.04599,8133.0,0.04601,16345.0,0.04602,9477.0
1753617372619,11:56:12.619,bybit,ACT/USDT:USDT,0.046,1779.0,0.04599,8133.0,0.04601,16345.0,0.04602,9477.0
1753617372728,11:56:12.728,bybit,ACT/USDT:USDT,0.046,1779.0,0.04599,8133.0,0.04601,16345.0,0.04602,9477.0
1753617373019,11:56:13.019,bybit,ACT/USDT:USDT,0.046,1779.0,0.04599,8133.0,0.04601,16345.0,0.04602,9477.0
1753617373118,11:56:13.118,bybit,ACT/USDT:USDT,0.046,1779.0,0.04599,8133.0,0.04601,16345.0,0.04602,9477.0
1753617373619,11:56:13.619,bybit,ACT/USDT:USDT,0.046,1779.0,0.04599,8133.0,0.04601,16345.0,0.04602,9477.0
1753617373719,11:56:13.719,bybit,ACT/USDT:USDT,0.046,1779.0,0.04599,8133.0,0.04601,16345.0,0.04602,9477.0
1753617374219,11:56:14.219,bybit,ACT/USDT:USDT,0.046,1779.0,0.04599,8133.0,0.04601,16345.0,0.04602,9477.0
1753617374318,11:56:14.318,bybit,ACT/USDT:USDT,0.046,1779.0,0.04599,8133.0,0.04601,16345.0,0.04602,9477.0
1753617374818,11:56:14.818,bybit,ACT/USDT:USDT,0.046,1779.0,0.04599,8133.0,0.04601,16345.0,0.04602,9477.0
1753617374919,11:56:14.919,bybit,ACT/USDT:USDT,0.046,1779.0,0.04599,8133.0,0.04601,16345.0,0.04602,9477.0
1753617375419,11:56:15.419,bybit,ACT/USDT:USDT,0.046,1779.0,0.04599,8133.0,0.04601,16345.0,0.04602,9477.0
1753617375519,11:56:15.519,bybit,ACT/USDT:USDT,0.046,1779.0,0.04599,8133.0,0.04601,16345.0,0.04602,9477.0
1753617375819,11:56:15.819,bybit,ACT/USDT:USDT,0.046,1779.0,0.04599,8133.0,0.04601,16345.0,0.04602,9477.0
1753617376020,11:56:16.020,bybit,ACT/USDT:USDT,0.046,1789.0,0.04599,8133.0,0.04601,16345.0,0.04602,9477.0
1753617376119,11:56:16.119,bybit,ACT/USDT:USDT,0.046,1789.0,0.04599,8133.0,0.04601,16345.0,0.04602,9477.0
1753617376525,11:56:16.525,bybit,ACT/USDT:USDT,0.046,1789.0,0.04599,8133.0,0.04601,16345.0,0.04602,9477.0
1753617376618,11:56:16.618,bybit,ACT/USDT:USDT,0.046,3499.0,0.04599,8133.0,0.04601,5946.0,0.04602,19876.0
1753617377118,11:56:17.118,bybit,ACT/USDT:USDT,0.046,3499.0,0.04599,8133.0,0.04601,5946.0,0.04602,19876.0
1753617377218,11:56:17.218,bybit,ACT/USDT:USDT,0.046,3499.0,0.04599,8133.0,0.04601,5946.0,0.04602,19876.0
1753617377319,11:56:17.319,bybit,ACT/USDT:USDT,0.046,3499.0,0.04599,8133.0,0.04601,5946.0,0.04602,19876.0
1753617377619,11:56:17.619,bybit,ACT/USDT:USDT,0.046,3499.0,0.04599,8133.0,0.04601,5946.0,0.04602,19876.0
1753617377719,11:56:17.719,bybit,ACT/USDT:USDT,0.046,3499.0,0.04599,8133.0,0.04601,250.0,0.04602,19876.0
1753617378019,11:56:18.019,bybit,ACT/USDT:USDT,0.046,3499.0,0.04599,8133.0,0.04601,791.0,0.04602,19876.0
1753617378218,11:56:18.218,bybit,ACT/USDT:USDT,0.046,3499.0,0.04599,8133.0,0.04601,791.0,0.04602,19876.0
1753617378318,11:56:18.318,bybit,ACT/USDT:USDT,0.046,3499.0,0.04599,8133.0,0.04601,791.0,0.04602,19876.0
1753617378719,11:56:18.719,bybit,ACT/USDT:USDT,0.046,3499.0,0.04599,8133.0,0.04601,791.0,0.04602,19876.0
1753617378820,11:56:18.820,bybit,ACT/USDT:USDT,0.046,3499.0,0.04599,8133.0,0.04601,791.0,0.04602,19876.0
1753617379319,11:56:19.319,bybit,ACT/USDT:USDT,0.046,3499.0,0.04599,8133.0,0.04601,791.0,0.04602,19876.0
1753617379619,11:56:19.619,bybit,ACT/USDT:USDT,0.046,3499.0,0.04599,8133.0,0.04601,541.0,0.04602,19876.0
1753617379918,11:56:19.918,bybit,ACT/USDT:USDT,0.046,3499.0,0.04599,8133.0,0.04601,790.0,0.04602,19876.0
1753617380019,11:56:20.019,bybit,ACT/USDT:USDT,0.046,3499.0,0.04599,8133.0,0.04601,790.0,0.04602,19876.0
1753617380521,11:56:20.521,bybit,ACT/USDT:USDT,0.046,3499.0,0.04599,8133.0,0.04601,790.0,0.04602,19876.0
1753617380618,11:56:20.618,bybit,ACT/USDT:USDT,0.046,3499.0,0.04599,8133.0,0.04601,790.0,0.04602,19876.0
1753617381119,11:56:21.119,bybit,ACT/USDT:USDT,0.046,3499.0,0.04599,8133.0,0.04601,790.0,0.04602,19876.0
1753617381619,11:56:21.619,bybit,ACT/USDT:USDT,0.046,3499.0,0.04599,8133.0,0.04601,790.0,0.04602,19876.0
1753617381719,11:56:21.719,bybit,ACT/USDT:USDT,0.046,3499.0,0.04599,8133.0,0.04601,790.0,0.04602,19876.0
1753617382219,11:56:22.219,bybit,ACT/USDT:USDT,0.046,3499.0,0.04599,8133.0,0.04601,790.0,0.04602,19876.0
1753617382829,11:56:22.829,bybit,ACT/USDT:USDT,0.046,3499.0,0.04599,8133.0,0.04601,790.0,0.04602,19876.0
1753617382919,11:56:22.919,bybit,ACT/USDT:USDT,0.046,3499.0,0.04599,8133.0,0.04601,790.0,0.04602,19876.0
1753617383419,11:56:23.419,bybit,ACT/USDT:USDT,0.046,3499.0,0.04599,8133.0,0.04601,790.0,0.04602,19876.0
1753617383619,11:56:23.619,bybit,ACT/USDT:USDT,0.046,3499.0,0.04599,8133.0,0.04601,790.0,0.04602,19876.0
1753617384119,11:56:24.119,bybit,ACT/USDT:USDT,0.046,3499.0,0.04599,8133.0,0.04601,790.0,0.04602,19876.0
1753617384420,11:56:24.420,bybit,ACT/USDT:USDT,0.046,3499.0,0.04599,8133.0,0.04601,790.0,0.04602,19876.0
1753617384618,11:56:24.618,bybit,ACT/USDT:USDT,0.046,3499.0,0.04599,8133.0,0.04601,790.0,0.04602,19876.0
1753617384718,11:56:24.718,bybit,ACT/USDT:USDT,0.046,3499.0,0.04599,8133.0,0.04601,790.0,0.04602,19876.0
1753617385119,11:56:25.119,bybit,ACT/USDT:USDT,0.046,3499.0,0.04599,8133.0,0.04601,790.0,0.04602,19876.0
1753617385219,11:56:25.219,bybit,ACT/USDT:USDT,0.046,3499.0,0.04599,8133.0,0.04601,790.0,0.04602,19876.0
1753617385619,11:56:25.619,bybit,ACT/USDT:USDT,0.046,3499.0,0.04599,8133.0,0.04601,790.0,0.04602,19876.0
1753617385720,11:56:25.720,bybit,ACT/USDT:USDT,0.046,3499.0,0.04599,8133.0,0.04601,790.0,0.04602,19876.0
1753617386219,11:56:26.219,bybit,ACT/USDT:USDT,0.046,3499.0,0.04599,8133.0,0.04601,790.0,0.04602,19876.0
1753617386718,11:56:26.718,bybit,ACT/USDT:USDT,0.046,3499.0,0.04599,8133.0,0.04601,790.0,0.04602,19876.0
1753617386919,11:56:26.919,bybit,ACT/USDT:USDT,0.046,3499.0,0.04599,8133.0,0.04601,790.0,0.04602,19876.0
1753617387317,11:56:27.317,bybit,ACT/USDT:USDT,0.046,3499.0,0.04599,8133.0,0.04601,790.0,0.04602,19876.0
1753617387418,11:56:27.418,bybit,ACT/USDT:USDT,0.046,3499.0,0.04599,8133.0,0.04601,790.0,0.04602,19876.0
1753617387519,11:56:27.519,bybit,ACT/USDT:USDT,0.046,1789.0,0.04599,8133.0,0.04601,790.0,0.04602,19876.0
1753617387619,11:56:27.619,bybit,ACT/USDT:USDT,0.046,1789.0,0.04599,8133.0,0.04601,790.0,0.04602,19876.0
1753617387818,11:56:27.818,bybit,ACT/USDT:USDT,0.046,1789.0,0.04599,8133.0,0.04601,790.0,0.04602,19876.0
