timestamp,time,exchange,symbol,bid1_price,bid1_volume,bid2_price,bid2_volume,ask1_price,ask1_volume,ask2_price,ask2_volume
1753617165716,11:52:45.716,bitmex,A/USDT:USDT,0.4613,5200.0,0.4593,800.0,0.692,5300.0,0.6955,10300.0
1753617165766,11:52:45.766,bitmex,A/USDT:USDT,0.4613,5200.0,0.4593,800.0,0.692,5300.0,0.6955,10300.0
1753617167683,11:52:47.683,bitmex,A/USDT:USDT,0.4613,5200.0,0.4593,800.0,0.692,5300.0,0.6955,10300.0
1753617167732,11:52:47.732,bitmex,A/USDT:USDT,0.4613,5200.0,0.4593,800.0,0.692,5300.0,0.6955,10300.0
1753617169933,11:52:49.933,bitmex,A/USDT:USDT,0.4613,5200.0,0.4593,800.0,0.692,5300.0,0.6955,10400.0
1753617169982,11:52:49.982,bitmex,A/USDT:USDT,0.4613,5200.0,0.4593,800.0,0.692,5300.0,0.6955,10400.0
1753617171576,11:52:51.576,bitmex,A/USDT:USDT,0.4613,5200.0,0.4593,800.0,0.692,5300.0,0.6955,10400.0
1753617171626,11:52:51.626,bitmex,A/USDT:USDT,0.4613,5200.0,0.4593,800.0,0.692,5300.0,0.6955,10400.0
1753617173617,11:52:53.617,bitmex,A/USDT:USDT,0.4613,5600.0,0.4593,800.0,0.692,5300.0,0.6955,10400.0
1753617173666,11:52:53.666,bitmex,A/USDT:USDT,0.4613,5600.0,0.4593,800.0,0.6921,5500.0,0.6955,10400.0
1753617173715,11:52:53.715,bitmex,A/USDT:USDT,0.4613,5600.0,0.4593,800.0,0.6921,5500.0,0.6955,10400.0
1753617175664,11:52:55.664,bitmex,A/USDT:USDT,0.4613,5600.0,0.4593,800.0,0.6921,5500.0,0.6955,10400.0
1753617175714,11:52:55.714,bitmex,A/USDT:USDT,0.4613,5600.0,0.4593,800.0,0.6921,5200.0,0.6955,10400.0
1753617175763,11:52:55.763,bitmex,A/USDT:USDT,0.4613,5600.0,0.4593,800.0,0.6921,5200.0,0.6955,10400.0
1753617177438,11:52:57.438,bitmex,A/USDT:USDT,0.4613,5600.0,0.4593,800.0,0.6921,5200.0,0.6955,10400.0
1753617177487,11:52:57.487,bitmex,A/USDT:USDT,0.4613,5200.0,0.4593,800.0,0.6921,5600.0,0.6955,10400.0
1753617178630,11:52:58.630,bitmex,A/USDT:USDT,0.4613,5200.0,0.459,10100.0,0.6921,5600.0,0.6955,10400.0
1753617178679,11:52:58.679,bitmex,A/USDT:USDT,0.4613,6000.0,0.459,10100.0,0.6921,5600.0,0.6955,10400.0
1753617179466,11:52:59.466,bitmex,A/USDT:USDT,0.4613,6000.0,0.459,10100.0,0.6921,5600.0,0.6955,10400.0
1753617179516,11:52:59.516,bitmex,A/USDT:USDT,0.4613,6400.0,0.459,10100.0,0.6921,5200.0,0.6955,10400.0
1753617181740,11:53:01.740,bitmex,A/USDT:USDT,0.4613,6400.0,0.459,10100.0,0.6921,5200.0,0.6955,10400.0
1753617181789,11:53:01.789,bitmex,A/USDT:USDT,0.4613,6400.0,0.459,10700.0,0.6921,5600.0,0.6955,10400.0
1753617183405,11:53:03.405,bitmex,A/USDT:USDT,0.4613,6400.0,0.459,10700.0,0.6921,5600.0,0.6955,10400.0
1753617183454,11:53:03.454,bitmex,A/USDT:USDT,0.4613,6400.0,0.459,10700.0,0.6921,5600.0,0.6955,10400.0
1753617185485,11:53:05.485,bitmex,A/USDT:USDT,0.4614,5600.0,0.4613,800.0,0.6921,5600.0,0.6955,10400.0
1753617185537,11:53:05.537,bitmex,A/USDT:USDT,0.4614,5600.0,0.459,10700.0,0.6921,5600.0,0.6955,10400.0
1753617185586,11:53:05.586,bitmex,A/USDT:USDT,0.4614,6400.0,0.459,10700.0,0.6923,5400.0,0.6955,10400.0
1753617187588,11:53:07.588,bitmex,A/USDT:USDT,0.4614,6400.0,0.459,10700.0,0.6923,5400.0,0.6955,10400.0
1753617187637,11:53:07.637,bitmex,A/USDT:USDT,0.4615,5200.0,0.4614,800.0,0.6923,5200.0,0.6955,10400.0
1753617187837,11:53:07.837,bitmex,A/USDT:USDT,0.4615,6000.0,0.4614,800.0,0.6923,5200.0,0.6955,10400.0
1753617187886,11:53:07.886,bitmex,A/USDT:USDT,0.4615,6000.0,0.459,10700.0,0.6923,5200.0,0.6955,10400.0
1753617189147,11:53:09.147,bitmex,A/USDT:USDT,0.4615,6000.0,0.459,10700.0,0.6923,5200.0,0.6955,10400.0
1753617189196,11:53:09.196,bitmex,A/USDT:USDT,0.4615,6000.0,0.459,10700.0,0.6923,5200.0,0.6955,10400.0
1753617191143,11:53:11.143,bitmex,A/USDT:USDT,0.4615,800.0,0.0001,100000000.0,0.6923,5200.0,0.6955,10400.0
1753617191208,11:53:11.208,bitmex,A/USDT:USDT,0.4615,800.0,0.0001,100000000.0,1.0,1000.0,10.0,100000.0
1753617197002,11:53:17.002,bitmex,A/USDT:USDT,0.4615,6000.0,0.0001,100000000.0,1.0,1000.0,10.0,100000.0
1753617197051,11:53:17.051,bitmex,A/USDT:USDT,0.4615,6000.0,0.0001,100000000.0,0.6923,5200.0,1.0,1000.0
1753617197100,11:53:17.100,bitmex,A/USDT:USDT,0.4615,6000.0,0.4447,13700.0,0.6923,5200.0,0.7277,14200.0
1753617199024,11:53:19.024,bitmex,A/USDT:USDT,0.4615,6400.0,0.4447,13700.0,0.6923,5200.0,0.7277,14200.0
1753617199073,11:53:19.073,bitmex,A/USDT:USDT,0.4615,6400.0,0.4447,13700.0,0.6923,5600.0,0.7277,14200.0
1753617199122,11:53:19.122,bitmex,A/USDT:USDT,0.4615,6400.0,0.4447,13700.0,0.6923,5600.0,0.6958,10900.0
1753617201031,11:53:21.031,bitmex,A/USDT:USDT,0.4615,6400.0,0.4447,13700.0,0.6924,5200.0,0.6958,10900.0
1753617201080,11:53:21.080,bitmex,A/USDT:USDT,0.4615,6400.0,0.4447,13700.0,0.6924,5200.0,0.6958,10900.0
1753617201129,11:53:21.129,bitmex,A/USDT:USDT,0.4615,6400.0,0.4447,13700.0,0.6924,5200.0,0.6958,10900.0
1753617203335,11:53:23.335,bitmex,A/USDT:USDT,0.4615,6400.0,0.4447,13700.0,0.6923,5200.0,0.6958,10900.0
1753617203395,11:53:23.395,bitmex,A/USDT:USDT,0.4615,6400.0,0.4447,13700.0,0.6923,5200.0,0.6958,10900.0
1753617203445,11:53:23.445,bitmex,A/USDT:USDT,0.4615,6400.0,0.4447,13700.0,0.6923,5200.0,0.6958,10900.0
1753617205275,11:53:25.275,bitmex,A/USDT:USDT,0.4615,6400.0,0.4447,13700.0,0.6923,5600.0,0.6958,10900.0
1753617207278,11:53:27.278,bitmex,A/USDT:USDT,0.4615,6100.0,0.4447,13700.0,0.6923,5600.0,0.6958,10900.0
1753617207327,11:53:27.327,bitmex,A/USDT:USDT,0.4615,6100.0,0.4447,13700.0,0.6924,5500.0,0.6958,10900.0
1753617207376,11:53:27.376,bitmex,A/USDT:USDT,0.4615,6100.0,0.4447,13700.0,0.6924,5500.0,0.6958,10900.0
1753617209129,11:53:29.129,bitmex,A/USDT:USDT,0.4615,6100.0,0.4447,13700.0,0.6924,5500.0,0.6958,10900.0
1753617209178,11:53:29.178,bitmex,A/USDT:USDT,0.4615,6100.0,0.4447,13700.0,0.6924,5500.0,0.6958,10900.0
1753617211085,11:53:31.085,bitmex,A/USDT:USDT,0.4615,6000.0,0.4447,13700.0,0.6924,5500.0,0.6958,10900.0
1753617211135,11:53:31.135,bitmex,A/USDT:USDT,0.4615,6000.0,0.4447,13700.0,0.6924,5300.0,0.6958,10900.0
1753617211184,11:53:31.184,bitmex,A/USDT:USDT,0.4615,6000.0,0.4592,10900.0,0.6924,5300.0,0.6958,10900.0
1753617213139,11:53:33.139,bitmex,A/USDT:USDT,0.4615,6000.0,0.4592,10900.0,0.6924,5300.0,0.6958,10900.0
1753617213189,11:53:33.189,bitmex,A/USDT:USDT,0.4616,6300.0,0.4592,10900.0,0.6926,5500.0,0.6958,10900.0
1753617214993,11:53:34.993,bitmex,A/USDT:USDT,0.4617,5200.0,0.4616,800.0,0.6926,5500.0,0.6958,10900.0
1753617215043,11:53:35.043,bitmex,A/USDT:USDT,0.4617,5200.0,0.4616,800.0,0.6926,5400.0,0.6958,10900.0
1753617215092,11:53:35.092,bitmex,A/USDT:USDT,0.4617,5200.0,0.4616,800.0,0.6926,5400.0,0.6958,10900.0
1753617215222,11:53:35.222,bitmex,A/USDT:USDT,0.4617,6000.0,0.4616,800.0,0.6926,5400.0,0.6958,10900.0
1753617215271,11:53:35.271,bitmex,A/USDT:USDT,0.4617,6000.0,0.4592,10900.0,0.6926,5400.0,0.6958,10900.0
1753617216943,11:53:36.943,bitmex,A/USDT:USDT,0.4617,6000.0,0.4592,10900.0,0.6926,5400.0,0.6958,10900.0
1753617216992,11:53:36.992,bitmex,A/USDT:USDT,0.4617,6300.0,0.4592,10900.0,0.6926,5200.0,0.6958,10900.0
1753617218967,11:53:38.967,bitmex,A/USDT:USDT,0.4617,6300.0,0.4592,10900.0,0.6926,5200.0,0.6958,10900.0
1753617219016,11:53:39.016,bitmex,A/USDT:USDT,0.4617,6300.0,0.4592,10900.0,0.6927,5300.0,0.6958,10900.0
1753617221396,11:53:41.396,bitmex,A/USDT:USDT,0.4617,6300.0,0.4592,10900.0,0.6927,5300.0,0.6958,10900.0
1753617221445,11:53:41.445,bitmex,A/USDT:USDT,0.4617,6400.0,0.4592,10900.0,0.6927,5200.0,0.6958,10900.0
1753617221494,11:53:41.494,bitmex,A/USDT:USDT,0.4617,6400.0,0.4592,10900.0,0.6927,5200.0,0.6958,10900.0
1753617223349,11:53:43.349,bitmex,A/USDT:USDT,0.4617,6400.0,0.4592,10900.0,0.6927,5200.0,0.6958,10900.0
1753617223398,11:53:43.398,bitmex,A/USDT:USDT,0.4617,6400.0,0.4592,10900.0,0.6927,5200.0,0.6958,10900.0
1753617225535,11:53:45.535,bitmex,A/USDT:USDT,0.4617,6400.0,0.4592,10900.0,0.6927,5200.0,0.6962,10300.0
1753617225584,11:53:45.584,bitmex,A/USDT:USDT,0.4618,5300.0,0.4617,800.0,0.6927,5200.0,0.6962,10300.0
1753617225698,11:53:45.698,bitmex,A/USDT:USDT,0.4618,6100.0,0.4617,800.0,0.6927,5200.0,0.6962,10300.0
1753617225748,11:53:45.748,bitmex,A/USDT:USDT,0.4618,6100.0,0.4564,10700.0,0.6927,5200.0,0.6962,10300.0
1753617227765,11:53:47.765,bitmex,A/USDT:USDT,0.4618,6100.0,0.4564,10700.0,0.6927,5200.0,0.6962,10300.0
1753617227815,11:53:47.815,bitmex,A/USDT:USDT,0.4618,6100.0,0.4535,11700.0,0.6928,5200.0,0.6962,10300.0
1753617229444,11:53:49.444,bitmex,A/USDT:USDT,0.4618,6100.0,0.4535,11700.0,0.6928,5400.0,0.6962,10300.0
1753617229494,11:53:49.494,bitmex,A/USDT:USDT,0.4618,6300.0,0.4506,12700.0,0.6928,5400.0,0.6962,10300.0
1753617231395,11:53:51.395,bitmex,A/USDT:USDT,0.4618,6300.0,0.4478,12400.0,0.6928,5400.0,0.6962,10300.0
1753617231493,11:53:51.493,bitmex,A/USDT:USDT,0.4618,6300.0,0.4478,12400.0,0.6928,5600.0,0.6962,10300.0
1753617233737,11:53:53.737,bitmex,A/USDT:USDT,0.4618,6300.0,0.4449,14000.0,0.6928,5600.0,0.6962,10300.0
1753617233786,11:53:53.786,bitmex,A/USDT:USDT,0.4618,6300.0,0.4449,14000.0,0.6928,5600.0,0.6962,10300.0
1753617235305,11:53:55.305,bitmex,A/USDT:USDT,0.4618,6300.0,0.4595,10100.0,0.6928,5600.0,0.6962,10300.0
1753617235354,11:53:55.354,bitmex,A/USDT:USDT,0.4618,6300.0,0.4595,10100.0,0.6928,5600.0,0.6962,10300.0
1753617237254,11:53:57.254,bitmex,A/USDT:USDT,0.4619,5400.0,0.4618,800.0,0.6928,5600.0,0.6962,10300.0
1753617237304,11:53:57.304,bitmex,A/USDT:USDT,0.4619,5400.0,0.4618,800.0,0.6929,5200.0,0.6962,10300.0
1753617237357,11:53:57.357,bitmex,A/USDT:USDT,0.4619,6200.0,0.4618,800.0,0.6929,5200.0,0.6962,10300.0
1753617237406,11:53:57.406,bitmex,A/USDT:USDT,0.4619,6200.0,0.4595,10100.0,0.6929,5200.0,0.6962,10300.0
1753617239477,11:53:59.477,bitmex,A/USDT:USDT,0.4619,6200.0,0.4595,10100.0,0.6929,5200.0,0.6962,10300.0
1753617239527,11:53:59.527,bitmex,A/USDT:USDT,0.4619,6200.0,0.4595,10100.0,0.6929,5200.0,0.6962,10300.0
1753617241493,11:54:01.493,bitmex,A/USDT:USDT,0.4619,6200.0,0.4595,10100.0,0.6929,5200.0,0.6962,10300.0
1753617241544,11:54:01.544,bitmex,A/USDT:USDT,0.4619,6200.0,0.4595,10100.0,0.6929,5200.0,0.6962,10300.0
1753617243236,11:54:03.236,bitmex,A/USDT:USDT,0.4619,6200.0,0.4595,10100.0,0.6928,5200.0,0.6962,10300.0
1753617243286,11:54:03.286,bitmex,A/USDT:USDT,0.4619,800.0,0.4618,5300.0,0.6928,5200.0,0.6962,10300.0
1753617245244,11:54:05.244,bitmex,A/USDT:USDT,0.4619,800.0,0.4618,5400.0,0.6928,5200.0,0.6962,10300.0
1753617245303,11:54:05.303,bitmex,A/USDT:USDT,0.4619,800.0,0.4618,5400.0,0.6928,5500.0,0.6962,10300.0
1753617245353,11:54:05.353,bitmex,A/USDT:USDT,0.4619,800.0,0.4618,5400.0,0.6928,5500.0,0.6962,10300.0
1753617245402,11:54:05.402,bitmex,A/USDT:USDT,0.4619,800.0,0.4618,5400.0,0.6928,5500.0,0.6962,10300.0
1753617247149,11:54:07.149,bitmex,A/USDT:USDT,0.4619,800.0,0.4618,5400.0,0.6928,5500.0,0.6962,10300.0
1753617247198,11:54:07.198,bitmex,A/USDT:USDT,0.4619,800.0,0.4618,5600.0,0.6928,5500.0,0.6962,10300.0
1753617247247,11:54:07.247,bitmex,A/USDT:USDT,0.4619,800.0,0.4618,5600.0,0.6928,5500.0,0.6963,10700.0
1753617249195,11:54:09.195,bitmex,A/USDT:USDT,0.4619,800.0,0.4618,5600.0,0.6928,5500.0,0.6963,10700.0
1753617249244,11:54:09.244,bitmex,A/USDT:USDT,0.4619,800.0,0.4618,5600.0,0.6928,5200.0,0.6963,10700.0
1753617251205,11:54:11.205,bitmex,A/USDT:USDT,0.4619,800.0,0.4618,5600.0,0.6928,5200.0,0.6963,10700.0
1753617251255,11:54:11.255,bitmex,A/USDT:USDT,0.4619,800.0,0.4618,5500.0,0.6928,5400.0,0.6963,10700.0
1753617253136,11:54:13.136,bitmex,A/USDT:USDT,0.4619,800.0,0.4618,5500.0,0.6928,5400.0,0.6963,10700.0
1753617253185,11:54:13.185,bitmex,A/USDT:USDT,0.4619,800.0,0.4618,5500.0,0.6928,5400.0,0.6963,10700.0
1753617254956,11:54:14.956,bitmex,A/USDT:USDT,0.4619,800.0,0.4618,5300.0,0.6928,5400.0,0.6963,10700.0
1753617255006,11:54:15.006,bitmex,A/USDT:USDT,0.4619,800.0,0.4618,5300.0,0.6928,5500.0,0.6963,10700.0
1753617255055,11:54:15.055,bitmex,A/USDT:USDT,0.4619,800.0,0.4618,5300.0,0.6928,5500.0,0.6963,10700.0
1753617257074,11:54:17.074,bitmex,A/USDT:USDT,0.4619,800.0,0.4618,5300.0,0.6928,5500.0,0.6963,10700.0
1753617257123,11:54:17.123,bitmex,A/USDT:USDT,0.4619,800.0,0.4618,5600.0,0.6928,5300.0,0.6963,10700.0
1753617258911,11:54:18.911,bitmex,A/USDT:USDT,0.4619,800.0,0.4618,5300.0,0.6928,5300.0,0.6963,10700.0
1753617258984,11:54:18.984,bitmex,A/USDT:USDT,0.4619,800.0,0.4618,5300.0,0.6928,5300.0,0.6963,10700.0
1753617259034,11:54:19.034,bitmex,A/USDT:USDT,0.4619,800.0,0.4618,5300.0,0.6928,5200.0,0.6963,10700.0
1753617260829,11:54:20.829,bitmex,A/USDT:USDT,0.4619,800.0,0.4618,5300.0,0.6928,5200.0,0.6963,10700.0
1753617260878,11:54:20.878,bitmex,A/USDT:USDT,0.4619,800.0,0.4618,5300.0,0.6928,5200.0,0.6963,10700.0
1753617262867,11:54:22.867,bitmex,A/USDT:USDT,0.4619,800.0,0.4618,5300.0,0.6928,5200.0,0.6963,10700.0
1753617262916,11:54:22.916,bitmex,A/USDT:USDT,0.4619,800.0,0.4618,5300.0,0.6928,5200.0,0.6963,10700.0
1753617264783,11:54:24.783,bitmex,A/USDT:USDT,0.4619,800.0,0.4618,5300.0,0.6928,5200.0,0.6963,10700.0
1753617265158,11:54:25.158,bitmex,A/USDT:USDT,0.4619,800.0,0.4618,5300.0,0.6928,5200.0,0.6963,10700.0
1753617266728,11:54:26.728,bitmex,A/USDT:USDT,0.4619,800.0,0.4618,5600.0,0.6928,5200.0,0.6963,10700.0
1753617266778,11:54:26.778,bitmex,A/USDT:USDT,0.4619,800.0,0.4618,5600.0,0.6928,5500.0,0.6963,10700.0
1753617266827,11:54:26.827,bitmex,A/USDT:USDT,0.4619,800.0,0.4618,5600.0,0.6928,5500.0,0.6963,10700.0
1753617268803,11:54:28.803,bitmex,A/USDT:USDT,0.4619,800.0,0.4618,5600.0,0.6928,5500.0,0.6963,10700.0
1753617268852,11:54:28.852,bitmex,A/USDT:USDT,0.4619,800.0,0.4618,5600.0,0.6928,5500.0,0.6963,10700.0
1753617270669,11:54:30.669,bitmex,A/USDT:USDT,0.4619,800.0,0.4618,5600.0,0.6928,5600.0,0.6963,10700.0
1753617270718,11:54:30.718,bitmex,A/USDT:USDT,0.4619,800.0,0.4618,5500.0,0.6928,5600.0,0.6963,10800.0
1753617272635,11:54:32.635,bitmex,A/USDT:USDT,0.4619,800.0,0.4618,5500.0,0.6928,5600.0,0.6963,10800.0
1753617272684,11:54:32.684,bitmex,A/USDT:USDT,0.4619,800.0,0.4618,5500.0,0.6928,5600.0,0.6963,10800.0
1753617274656,11:54:34.656,bitmex,A/USDT:USDT,0.4619,800.0,0.4618,5500.0,0.6928,5600.0,0.6963,10800.0
1753617274706,11:54:34.706,bitmex,A/USDT:USDT,0.4619,800.0,0.4618,5500.0,0.6928,5600.0,0.6963,10800.0
1753617276579,11:54:36.579,bitmex,A/USDT:USDT,0.4619,800.0,0.4618,5500.0,0.6928,5600.0,0.6963,10800.0
1753617276817,11:54:36.817,bitmex,A/USDT:USDT,0.4619,800.0,0.4618,5500.0,0.6928,5600.0,0.6963,10800.0
1753617278550,11:54:38.550,bitmex,A/USDT:USDT,0.4619,800.0,0.4618,5500.0,0.6928,5600.0,0.6963,10800.0
1753617278600,11:54:38.600,bitmex,A/USDT:USDT,0.4619,800.0,0.4618,5600.0,0.6928,5200.0,0.6963,10800.0
1753617280556,11:54:40.556,bitmex,A/USDT:USDT,0.4619,800.0,0.4617,5400.0,0.6928,5200.0,0.6963,10800.0
1753617280616,11:54:40.616,bitmex,A/USDT:USDT,0.4619,800.0,0.4617,5400.0,0.6927,5300.0,0.6963,10800.0
1753617280665,11:54:40.665,bitmex,A/USDT:USDT,0.4619,800.0,0.4617,5400.0,0.6927,5300.0,0.6963,10800.0
1753617282415,11:54:42.415,bitmex,A/USDT:USDT,0.4619,800.0,0.4617,5200.0,0.6927,5300.0,0.6963,10800.0
1753617282464,11:54:42.464,bitmex,A/USDT:USDT,0.4619,800.0,0.4617,5200.0,0.6926,5200.0,0.6963,10800.0
1753617284251,11:54:44.251,bitmex,A/USDT:USDT,0.4619,800.0,0.4617,5200.0,0.6926,5200.0,0.6963,10800.0
1753617284301,11:54:44.301,bitmex,A/USDT:USDT,0.4619,800.0,0.4617,5200.0,0.6926,5200.0,0.6963,10800.0
1753617286206,11:54:46.206,bitmex,A/USDT:USDT,0.4619,800.0,0.4617,5200.0,0.6927,5200.0,0.6963,10800.0
1753617286255,11:54:46.255,bitmex,A/USDT:USDT,0.4619,800.0,0.4617,5500.0,0.6927,5200.0,0.6963,10800.0
1753617288158,11:54:48.158,bitmex,A/USDT:USDT,0.4619,800.0,0.4617,5500.0,0.6927,5500.0,0.6963,10800.0
1753617288207,11:54:48.207,bitmex,A/USDT:USDT,0.4619,800.0,0.4617,5600.0,0.6927,5500.0,0.6963,10800.0
1753617290115,11:54:50.115,bitmex,A/USDT:USDT,0.4619,800.0,0.4617,5600.0,0.6927,5500.0,0.6963,10800.0
1753617290164,11:54:50.164,bitmex,A/USDT:USDT,0.4619,800.0,0.4617,5600.0,0.6927,5500.0,0.6963,10800.0
1753617292444,11:54:52.444,bitmex,A/USDT:USDT,0.4619,800.0,0.4617,5600.0,0.6927,5500.0,0.6963,10800.0
1753617292493,11:54:52.493,bitmex,A/USDT:USDT,0.4619,800.0,0.4617,5500.0,0.6927,5500.0,0.6963,10800.0
1753617292542,11:54:52.542,bitmex,A/USDT:USDT,0.4619,800.0,0.4617,5500.0,0.6927,5500.0,0.6963,10800.0
1753617294015,11:54:54.015,bitmex,A/USDT:USDT,0.4619,800.0,0.4617,5600.0,0.6927,5500.0,0.6963,10800.0
1753617294064,11:54:54.064,bitmex,A/USDT:USDT,0.4619,800.0,0.4617,5600.0,0.6927,5300.0,0.6962,10400.0
1753617295992,11:54:55.992,bitmex,A/USDT:USDT,0.4619,800.0,0.4617,5400.0,0.6927,5300.0,0.6962,10400.0
1753617296043,11:54:56.043,bitmex,A/USDT:USDT,0.4619,800.0,0.4617,5400.0,0.6927,5300.0,0.6962,10400.0
1753617296106,11:54:56.106,bitmex,A/USDT:USDT,0.4619,800.0,0.4617,5400.0,0.6927,5300.0,0.6962,10400.0
1753617297925,11:54:57.925,bitmex,A/USDT:USDT,0.4619,800.0,0.4617,5400.0,0.6927,5300.0,0.6962,10400.0
1753617297984,11:54:57.984,bitmex,A/USDT:USDT,0.4619,800.0,0.4617,5400.0,0.6927,5300.0,0.6962,10400.0
1753617299875,11:54:59.875,bitmex,A/USDT:USDT,0.4619,800.0,0.4617,5400.0,0.6927,5300.0,0.6962,10400.0
1753617299924,11:54:59.924,bitmex,A/USDT:USDT,0.4619,800.0,0.4617,5400.0,0.6927,5300.0,0.6962,10400.0
1753617302164,11:55:02.164,bitmex,A/USDT:USDT,0.4619,800.0,0.4617,5400.0,0.6927,5300.0,0.6962,10400.0
1753617302214,11:55:02.214,bitmex,A/USDT:USDT,0.4619,800.0,0.4617,5400.0,0.6927,5300.0,0.6962,10400.0
1753617303835,11:55:03.835,bitmex,A/USDT:USDT,0.4619,800.0,0.4617,5400.0,0.6927,5300.0,0.6962,10400.0
1753617303905,11:55:03.905,bitmex,A/USDT:USDT,0.4619,800.0,0.4617,5400.0,0.6927,5300.0,0.6962,10400.0
1753617305984,11:55:05.984,bitmex,A/USDT:USDT,0.4619,800.0,0.4617,5400.0,0.6927,5300.0,0.6962,10400.0
1753617306051,11:55:06.051,bitmex,A/USDT:USDT,0.4619,800.0,0.4617,5400.0,0.6927,5300.0,0.6962,10400.0
1753617307973,11:55:07.973,bitmex,A/USDT:USDT,0.4619,800.0,0.4617,5400.0,0.6927,5300.0,0.6962,10400.0
1753617308035,11:55:08.035,bitmex,A/USDT:USDT,0.4619,800.0,0.4617,5400.0,0.6927,5300.0,0.6962,10400.0
1753617309744,11:55:09.744,bitmex,A/USDT:USDT,0.4619,800.0,0.4617,5400.0,0.6927,5300.0,0.6962,10400.0
1753617309794,11:55:09.794,bitmex,A/USDT:USDT,0.4619,800.0,0.4617,5400.0,0.6927,5300.0,0.6962,10400.0
1753617311766,11:55:11.766,bitmex,A/USDT:USDT,0.4619,800.0,0.4617,5400.0,0.6927,5300.0,0.6962,10400.0
1753617311816,11:55:11.816,bitmex,A/USDT:USDT,0.4619,800.0,0.4617,5400.0,0.6927,5300.0,0.6962,10400.0
1753617313845,11:55:13.845,bitmex,A/USDT:USDT,0.4619,800.0,0.4617,5400.0,0.6927,5300.0,0.6962,10400.0
1753617313894,11:55:13.894,bitmex,A/USDT:USDT,0.4619,800.0,0.4617,5400.0,0.6927,5300.0,0.6962,10400.0
1753617315653,11:55:15.653,bitmex,A/USDT:USDT,0.4619,800.0,0.4617,5400.0,0.6927,5300.0,0.6962,10400.0
1753617315703,11:55:15.703,bitmex,A/USDT:USDT,0.4619,800.0,0.4616,5400.0,0.6926,5400.0,0.6962,10400.0
1753617317642,11:55:17.642,bitmex,A/USDT:USDT,0.4619,800.0,0.4616,5400.0,0.6926,5400.0,0.6962,10400.0
1753617317692,11:55:17.692,bitmex,A/USDT:USDT,0.4619,800.0,0.4616,5400.0,0.6926,5400.0,0.696,10500.0
1753617319749,11:55:19.749,bitmex,A/USDT:USDT,0.4619,800.0,0.4616,5400.0,0.6926,5400.0,0.696,10500.0
1753617319798,11:55:19.798,bitmex,A/USDT:USDT,0.4619,800.0,0.4616,5400.0,0.6926,5400.0,0.696,10500.0
1753617320088,11:55:20.088,bitmex,A/USDT:USDT,0.4619,800.0,0.4616,6200.0,0.6926,5400.0,0.696,10500.0
1753617320137,11:55:20.137,bitmex,A/USDT:USDT,0.4616,6200.0,0.4594,10200.0,0.6926,5400.0,0.696,10500.0
1753617321052,11:55:21.052,bitmex,A/USDT:USDT,0.4616,5400.0,0.4595,800.0,0.6926,5400.0,0.696,10500.0
1753617321373,11:55:21.373,bitmex,A/USDT:USDT,0.4614,5400.0,0.4595,800.0,0.6926,5400.0,0.696,10500.0
1753617321422,11:55:21.422,bitmex,A/USDT:USDT,0.4614,5400.0,0.4595,800.0,0.6922,5600.0,0.696,10500.0
1753617323313,11:55:23.313,bitmex,A/USDT:USDT,0.4614,5600.0,0.4595,800.0,0.6922,5600.0,0.696,10500.0
1753617323363,11:55:23.363,bitmex,A/USDT:USDT,0.4614,5600.0,0.4595,800.0,0.6922,5300.0,0.696,10500.0
1753617325507,11:55:25.507,bitmex,A/USDT:USDT,0.4614,5300.0,0.4595,800.0,0.6922,5300.0,0.696,10500.0
1753617325557,11:55:25.557,bitmex,A/USDT:USDT,0.4614,5300.0,0.4595,800.0,0.6922,5200.0,0.696,10500.0
1753617325606,11:55:25.606,bitmex,A/USDT:USDT,0.4614,5300.0,0.4595,800.0,0.6922,5200.0,0.696,10500.0
1753617327214,11:55:27.214,bitmex,A/USDT:USDT,0.4614,5500.0,0.4595,800.0,0.6922,5200.0,0.696,10500.0
1753617327263,11:55:27.263,bitmex,A/USDT:USDT,0.4614,5500.0,0.4595,800.0,0.6922,5600.0,0.696,10500.0
1753617329169,11:55:29.169,bitmex,A/USDT:USDT,0.4614,5500.0,0.4595,800.0,0.6922,5600.0,0.696,10500.0
1753617329218,11:55:29.218,bitmex,A/USDT:USDT,0.4614,5500.0,0.4595,800.0,0.6922,5600.0,0.696,10500.0
1753617331255,11:55:31.255,bitmex,A/USDT:USDT,0.4614,5500.0,0.4595,800.0,0.6922,5600.0,0.696,10500.0
1753617331304,11:55:31.304,bitmex,A/USDT:USDT,0.4614,5500.0,0.4595,800.0,0.6921,5400.0,0.696,10500.0
1753617331353,11:55:31.353,bitmex,A/USDT:USDT,0.4613,5600.0,0.4595,800.0,0.6921,5400.0,0.696,10500.0
1753617331402,11:55:31.402,bitmex,A/USDT:USDT,0.4613,5600.0,0.4595,800.0,0.6921,5400.0,0.696,10500.0
1753617333074,11:55:33.074,bitmex,A/USDT:USDT,0.4613,5600.0,0.4595,800.0,0.6921,5400.0,0.696,10500.0
1753617333124,11:55:33.124,bitmex,A/USDT:USDT,0.4613,5600.0,0.4595,800.0,0.6921,5400.0,0.696,10500.0
1753617335029,11:55:35.029,bitmex,A/USDT:USDT,0.4613,5600.0,0.4595,800.0,0.6921,5400.0,0.696,10500.0
1753617335078,11:55:35.078,bitmex,A/USDT:USDT,0.4613,5600.0,0.4595,800.0,0.6921,5400.0,0.696,10500.0
1753617337074,11:55:37.074,bitmex,A/USDT:USDT,0.4613,5600.0,0.4595,800.0,0.6921,5400.0,0.696,10500.0
1753617337124,11:55:37.124,bitmex,A/USDT:USDT,0.4613,5600.0,0.4595,800.0,0.6921,5400.0,0.696,10500.0
1753617338932,11:55:38.932,bitmex,A/USDT:USDT,0.4613,5600.0,0.4595,800.0,0.6921,5400.0,0.696,10500.0
1753617338982,11:55:38.982,bitmex,A/USDT:USDT,0.4613,5600.0,0.4595,800.0,0.6921,5400.0,0.696,10500.0
1753617340885,11:55:40.885,bitmex,A/USDT:USDT,0.4613,5600.0,0.4595,800.0,0.6921,5400.0,0.696,10500.0
1753617340935,11:55:40.935,bitmex,A/USDT:USDT,0.4613,5600.0,0.4595,800.0,0.6921,5400.0,0.6956,10100.0
1753617342923,11:55:42.923,bitmex,A/USDT:USDT,0.4613,5600.0,0.4595,800.0,0.692,5500.0,0.6956,10100.0
1753617342973,11:55:42.973,bitmex,A/USDT:USDT,0.4612,5400.0,0.4595,800.0,0.692,5500.0,0.6956,10100.0
1753617343022,11:55:43.022,bitmex,A/USDT:USDT,0.4612,5400.0,0.4595,800.0,0.692,5500.0,0.6956,10100.0
1753617344792,11:55:44.792,bitmex,A/USDT:USDT,0.4612,5400.0,0.4595,800.0,0.692,5600.0,0.6956,10100.0
1753617344842,11:55:44.842,bitmex,A/USDT:USDT,0.4612,5600.0,0.4595,800.0,0.692,5600.0,0.6956,10100.0
1753617346856,11:55:46.856,bitmex,A/USDT:USDT,0.4612,5600.0,0.4595,800.0,0.692,5600.0,0.6956,10100.0
1753617346905,11:55:46.905,bitmex,A/USDT:USDT,0.4612,5400.0,0.4595,800.0,0.692,5500.0,0.6956,10100.0
1753617348994,11:55:48.994,bitmex,A/USDT:USDT,0.4613,5300.0,0.4595,800.0,0.692,5500.0,0.6956,10100.0
1753617349044,11:55:49.044,bitmex,A/USDT:USDT,0.4613,5300.0,0.4595,800.0,0.6921,5400.0,0.6956,10100.0
1753617349093,11:55:49.093,bitmex,A/USDT:USDT,0.4613,5300.0,0.4595,800.0,0.6921,5400.0,0.6956,10100.0
1753617350648,11:55:50.648,bitmex,A/USDT:USDT,0.4613,5300.0,0.4595,800.0,0.6921,5400.0,0.6956,10100.0
1753617350698,11:55:50.698,bitmex,A/USDT:USDT,0.4613,5300.0,0.4595,800.0,0.6921,5400.0,0.6956,10100.0
1753617352605,11:55:52.605,bitmex,A/USDT:USDT,0.4613,5300.0,0.4595,800.0,0.6921,5400.0,0.6956,10100.0
1753617352654,11:55:52.654,bitmex,A/USDT:USDT,0.4613,5300.0,0.4595,800.0,0.6921,5400.0,0.6956,10100.0
1753617354645,11:55:54.645,bitmex,A/USDT:USDT,0.4613,5500.0,0.4595,800.0,0.6921,5400.0,0.6956,10100.0
1753617354695,11:55:54.695,bitmex,A/USDT:USDT,0.4613,5500.0,0.4595,800.0,0.6921,5500.0,0.6956,10100.0
1753617354744,11:55:54.744,bitmex,A/USDT:USDT,0.4613,5500.0,0.4595,800.0,0.6921,5500.0,0.6956,10100.0
1753617356513,11:55:56.513,bitmex,A/USDT:USDT,0.4613,5500.0,0.4595,800.0,0.6921,5500.0,0.6956,10100.0
1753617356563,11:55:56.563,bitmex,A/USDT:USDT,0.4613,5600.0,0.4595,800.0,0.6921,5300.0,0.6956,10100.0
1753617358472,11:55:58.472,bitmex,A/USDT:USDT,0.4613,5600.0,0.4595,800.0,0.6921,5400.0,0.6956,10100.0
1753617358522,11:55:58.522,bitmex,A/USDT:USDT,0.4613,5200.0,0.4595,800.0,0.6921,5400.0,0.6956,10100.0
1753617358571,11:55:58.571,bitmex,A/USDT:USDT,0.4613,5200.0,0.4595,800.0,0.6921,5400.0,0.6956,10100.0
1753617360509,11:56:00.509,bitmex,A/USDT:USDT,0.4613,5400.0,0.4595,800.0,0.6921,5400.0,0.6956,10100.0
1753617360558,11:56:00.558,bitmex,A/USDT:USDT,0.4613,5400.0,0.4595,800.0,0.692,5200.0,0.6956,10100.0
1753617362367,11:56:02.367,bitmex,A/USDT:USDT,0.4613,5400.0,0.4595,800.0,0.6921,5400.0,0.6956,10100.0
1753617362417,11:56:02.417,bitmex,A/USDT:USDT,0.4613,5500.0,0.4595,800.0,0.6921,5400.0,0.6956,10100.0
1753617362466,11:56:02.466,bitmex,A/USDT:USDT,0.4613,5500.0,0.4595,800.0,0.6921,5400.0,0.6956,10100.0
1753617364335,11:56:04.335,bitmex,A/USDT:USDT,0.4613,5500.0,0.4595,800.0,0.6921,5400.0,0.6956,10100.0
1753617364384,11:56:04.384,bitmex,A/USDT:USDT,0.4613,5400.0,0.4595,800.0,0.6921,5500.0,0.6956,10100.0
1753617364433,11:56:04.433,bitmex,A/USDT:USDT,0.4613,5400.0,0.4595,800.0,0.6921,5500.0,0.6955,10200.0
1753617366414,11:56:06.414,bitmex,A/USDT:USDT,0.4613,5600.0,0.4595,800.0,0.6921,5500.0,0.6955,10200.0
1753617366463,11:56:06.463,bitmex,A/USDT:USDT,0.4613,5600.0,0.4595,800.0,0.6921,5600.0,0.6955,10200.0
1753617368234,11:56:08.234,bitmex,A/USDT:USDT,0.4613,5300.0,0.4595,800.0,0.6921,5600.0,0.6955,10200.0
1753617368283,11:56:08.283,bitmex,A/USDT:USDT,0.4613,5300.0,0.4595,800.0,0.6921,5600.0,0.6955,10200.0
1753617368332,11:56:08.332,bitmex,A/USDT:USDT,0.4613,5300.0,0.4595,800.0,0.6921,5600.0,0.6955,10200.0
1753617370183,11:56:10.183,bitmex,A/USDT:USDT,0.4613,5300.0,0.4595,800.0,0.6921,5600.0,0.6955,10200.0
1753617370233,11:56:10.233,bitmex,A/USDT:USDT,0.4613,5300.0,0.4595,800.0,0.6921,5300.0,0.6955,10200.0
1753617372276,11:56:12.276,bitmex,A/USDT:USDT,0.4613,5300.0,0.4595,800.0,0.6921,5300.0,0.6955,10200.0
1753617372340,11:56:12.340,bitmex,A/USDT:USDT,0.4613,5300.0,0.4595,800.0,0.6921,5300.0,0.6955,10200.0
1753617374082,11:56:14.082,bitmex,A/USDT:USDT,0.4613,5300.0,0.4595,800.0,0.6921,5300.0,0.6955,10200.0
1753617374132,11:56:14.132,bitmex,A/USDT:USDT,0.4613,5300.0,0.4595,800.0,0.6921,5300.0,0.6955,10200.0
1753617376038,11:56:16.038,bitmex,A/USDT:USDT,0.4613,5300.0,0.4595,800.0,0.6921,5300.0,0.6955,10200.0
1753617376087,11:56:16.087,bitmex,A/USDT:USDT,0.4613,5300.0,0.4595,800.0,0.6921,5300.0,0.6955,10200.0
1753617378116,11:56:18.116,bitmex,A/USDT:USDT,0.4613,5300.0,0.4595,800.0,0.6921,5500.0,0.6955,10200.0
1753617378165,11:56:18.165,bitmex,A/USDT:USDT,0.4613,5500.0,0.4595,800.0,0.6921,5500.0,0.6955,10200.0
1753617378214,11:56:18.214,bitmex,A/USDT:USDT,0.4613,5500.0,0.4595,800.0,0.6921,5500.0,0.6955,10200.0
1753617379944,11:56:19.944,bitmex,A/USDT:USDT,0.4613,5500.0,0.4595,800.0,0.6921,5500.0,0.6955,10200.0
1753617379994,11:56:19.994,bitmex,A/USDT:USDT,0.4613,5500.0,0.4595,800.0,0.6921,5500.0,0.6955,10200.0
1753617381895,11:56:21.895,bitmex,A/USDT:USDT,0.4613,5500.0,0.4595,800.0,0.6921,5500.0,0.6955,10200.0
1753617381945,11:56:21.945,bitmex,A/USDT:USDT,0.4613,5500.0,0.4595,800.0,0.6921,5500.0,0.6955,10200.0
1753617382707,11:56:22.707,bitmex,A/USDT:USDT,0.4613,6300.0,0.4595,800.0,0.6921,5500.0,0.6955,10200.0
1753617382757,11:56:22.757,bitmex,A/USDT:USDT,0.4613,6300.0,0.459,10500.0,0.6921,5500.0,0.6955,10200.0
1753617383980,11:56:23.980,bitmex,A/USDT:USDT,0.4613,6300.0,0.459,10500.0,0.6921,5500.0,0.6955,10200.0
1753617385804,11:56:25.804,bitmex,A/USDT:USDT,0.4613,6300.0,0.459,10500.0,0.6921,5500.0,0.6955,10200.0
1753617385854,11:56:25.854,bitmex,A/USDT:USDT,0.4613,6300.0,0.459,10500.0,0.6921,5500.0,0.6955,10200.0
1753617387756,11:56:27.756,bitmex,A/USDT:USDT,0.4613,6300.0,0.459,10500.0,0.6921,5500.0,0.6955,10200.0
1753617387806,11:56:27.806,bitmex,A/USDT:USDT,0.4613,6300.0,0.459,10500.0,0.6921,5500.0,0.6955,10800.0
1753617389845,11:56:29.845,bitmex,A/USDT:USDT,0.4613,6300.0,0.459,10500.0,0.6921,5500.0,0.6955,10800.0
1753617389895,11:56:29.895,bitmex,A/USDT:USDT,0.4613,6300.0,0.459,10500.0,0.6921,5500.0,0.6955,10800.0
1753617391664,11:56:31.664,bitmex,A/USDT:USDT,0.4613,6300.0,0.459,10500.0,0.6921,5500.0,0.6955,10800.0
1753617391714,11:56:31.714,bitmex,A/USDT:USDT,0.4613,6300.0,0.459,10500.0,0.6921,5500.0,0.6955,10800.0
1753617393677,11:56:33.677,bitmex,A/USDT:USDT,0.4613,6300.0,0.459,10500.0,0.6921,5500.0,0.6955,10800.0
1753617393727,11:56:33.727,bitmex,A/USDT:USDT,0.4613,6300.0,0.459,10500.0,0.6921,5500.0,0.6955,10800.0
1753617394225,11:56:34.225,bitmex,A/USDT:USDT,0.4613,6300.0,0.4591,800.0,0.6921,5500.0,0.6955,10800.0
1753617394274,11:56:34.274,bitmex,A/USDT:USDT,0.4613,5500.0,0.4591,800.0,0.6921,5500.0,0.6955,10800.0
1753617395979,11:56:35.979,bitmex,A/USDT:USDT,0.4611,5300.0,0.4591,800.0,0.6921,5500.0,0.6955,10800.0
1753617396028,11:56:36.028,bitmex,A/USDT:USDT,0.4611,5300.0,0.4591,800.0,0.6918,5300.0,0.6955,10800.0
1753617396077,11:56:36.077,bitmex,A/USDT:USDT,0.4611,5300.0,0.4591,800.0,0.6918,5300.0,0.6955,10800.0
1753617397526,11:56:37.526,bitmex,A/USDT:USDT,0.4612,5500.0,0.4591,800.0,0.6918,5300.0,0.6955,10800.0
1753617397575,11:56:37.575,bitmex,A/USDT:USDT,0.4612,5500.0,0.4591,800.0,0.6919,5300.0,0.6955,10800.0
1753617399537,11:56:39.537,bitmex,A/USDT:USDT,0.4612,5500.0,0.4591,800.0,0.6919,5300.0,0.6955,10800.0
1753617399586,11:56:39.586,bitmex,A/USDT:USDT,0.4612,5500.0,0.4591,800.0,0.6918,5400.0,0.6955,10800.0
1753617399635,11:56:39.635,bitmex,A/USDT:USDT,0.4612,5500.0,0.4591,800.0,0.6918,5400.0,0.6955,10800.0
1753617401831,11:56:41.831,bitmex,A/USDT:USDT,0.4612,5500.0,0.4591,800.0,0.6918,5400.0,0.6955,10800.0
1753617401881,11:56:41.881,bitmex,A/USDT:USDT,0.4591,800.0,0.4588,10600.0,0.6918,5200.0,0.6955,10800.0
1753617401881,11:56:41.881,bitmex,A/USDT:USDT,0.4611,5300.0,0.4591,800.0,0.6918,5200.0,0.6955,10800.0
1753617403388,11:56:43.388,bitmex,A/USDT:USDT,0.4611,5300.0,0.4591,800.0,0.6918,5200.0,0.6955,10800.0
1753617403438,11:56:43.438,bitmex,A/USDT:USDT,0.4611,5300.0,0.4591,800.0,0.6918,5200.0,0.6955,10800.0
1753617405418,11:56:45.418,bitmex,A/USDT:USDT,0.4611,5300.0,0.4591,800.0,0.6918,5200.0,0.6955,10800.0
1753617405467,11:56:45.467,bitmex,A/USDT:USDT,0.4611,5300.0,0.4591,800.0,0.6918,5200.0,0.6955,10800.0
1753617407606,11:56:47.606,bitmex,A/USDT:USDT,0.4611,5300.0,0.4591,800.0,0.6918,5200.0,0.6955,10800.0
1753617407677,11:56:47.677,bitmex,A/USDT:USDT,0.4611,5300.0,0.4591,800.0,0.6918,5200.0,0.6955,10800.0
1753617409238,11:56:49.238,bitmex,A/USDT:USDT,0.4611,5300.0,0.4591,800.0,0.6918,5200.0,0.6955,10800.0
1753617409287,11:56:49.287,bitmex,A/USDT:USDT,0.4611,5300.0,0.4591,800.0,0.6918,5200.0,0.6955,10800.0
1753617411263,11:56:51.263,bitmex,A/USDT:USDT,0.4611,5300.0,0.4591,800.0,0.6918,5200.0,0.6955,10800.0
1753617411313,11:56:51.313,bitmex,A/USDT:USDT,0.4611,5300.0,0.4591,800.0,0.6918,5200.0,0.6953,10900.0
1753617413388,11:56:53.388,bitmex,A/USDT:USDT,0.4611,5300.0,0.4591,800.0,0.6918,5200.0,0.6953,10900.0
1753617413438,11:56:53.438,bitmex,A/USDT:USDT,0.4611,5300.0,0.4591,800.0,0.6918,5200.0,0.6953,10900.0
1753617415120,11:56:55.120,bitmex,A/USDT:USDT,0.4611,5300.0,0.4591,800.0,0.6918,5200.0,0.6953,10900.0
1753617415173,11:56:55.173,bitmex,A/USDT:USDT,0.4611,5300.0,0.4591,800.0,0.6918,5200.0,0.6953,10900.0
1753617417069,11:56:57.069,bitmex,A/USDT:USDT,0.4611,5300.0,0.4591,800.0,0.6918,5200.0,0.6953,10900.0
1753617417119,11:56:57.119,bitmex,A/USDT:USDT,0.4611,5300.0,0.4591,800.0,0.6918,5200.0,0.6953,10900.0
1753617419236,11:56:59.236,bitmex,A/USDT:USDT,0.4611,5300.0,0.4591,800.0,0.6918,5200.0,0.6953,10900.0
1753617419286,11:56:59.286,bitmex,A/USDT:USDT,0.4611,5300.0,0.4591,800.0,0.6918,5200.0,0.6953,10900.0
1753617420956,11:57:00.956,bitmex,A/USDT:USDT,0.4611,5300.0,0.4591,800.0,0.6918,5200.0,0.6953,10900.0
1753617421005,11:57:01.005,bitmex,A/USDT:USDT,0.4611,5300.0,0.4591,800.0,0.6918,5200.0,0.6953,10900.0
1753617422946,11:57:02.946,bitmex,A/USDT:USDT,0.4611,5300.0,0.4591,800.0,0.6918,5200.0,0.6953,10900.0
1753617422995,11:57:02.995,bitmex,A/USDT:USDT,0.4611,5300.0,0.4591,800.0,0.6918,5200.0,0.6953,10900.0
1753617425207,11:57:05.207,bitmex,A/USDT:USDT,0.4611,5300.0,0.4591,800.0,0.6918,5200.0,0.6953,10900.0
1753617425279,11:57:05.279,bitmex,A/USDT:USDT,0.4611,5300.0,0.4591,800.0,0.6918,5200.0,0.6953,10900.0
1753617426915,11:57:06.915,bitmex,A/USDT:USDT,0.4611,5300.0,0.4591,800.0,0.6918,5200.0,0.6953,10900.0
1753617426965,11:57:06.965,bitmex,A/USDT:USDT,0.4611,5300.0,0.4591,800.0,0.6918,5200.0,0.6953,10900.0
1753617428863,11:57:08.863,bitmex,A/USDT:USDT,0.4611,5300.0,0.4591,800.0,0.6918,5200.0,0.6953,10900.0
1753617428913,11:57:08.913,bitmex,A/USDT:USDT,0.4611,5300.0,0.4591,800.0,0.6918,5200.0,0.6953,10900.0
1753617431078,11:57:11.078,bitmex,A/USDT:USDT,0.4611,5300.0,0.4591,800.0,0.6918,5200.0,0.6953,10900.0
1753617431128,11:57:11.128,bitmex,A/USDT:USDT,0.4611,5300.0,0.4591,800.0,0.6918,5200.0,0.6953,10900.0
1753617432732,11:57:12.732,bitmex,A/USDT:USDT,0.4611,5300.0,0.4591,800.0,0.6918,5200.0,0.6953,10900.0
1753617432782,11:57:12.782,bitmex,A/USDT:USDT,0.4611,5300.0,0.4591,800.0,0.6918,5200.0,0.6953,10900.0
1753617434742,11:57:14.742,bitmex,A/USDT:USDT,0.4611,5300.0,0.4591,800.0,0.6918,5200.0,0.6953,10500.0
1753617434792,11:57:14.792,bitmex,A/USDT:USDT,0.4611,5300.0,0.4591,800.0,0.6918,5200.0,0.6953,10500.0
1753617437019,11:57:17.019,bitmex,A/USDT:USDT,0.4611,5200.0,0.4591,800.0,0.6918,5200.0,0.6953,10500.0
1753617437095,11:57:17.095,bitmex,A/USDT:USDT,0.4611,5200.0,0.4591,800.0,0.6918,5200.0,0.6953,10500.0
1753617437144,11:57:17.144,bitmex,A/USDT:USDT,0.4611,5200.0,0.4591,800.0,0.6918,5600.0,0.6953,10500.0
1753617438684,11:57:18.684,bitmex,A/USDT:USDT,0.4611,5200.0,0.4591,800.0,0.6918,5600.0,0.6953,10500.0
1753617438733,11:57:18.733,bitmex,A/USDT:USDT,0.4611,5200.0,0.4591,800.0,0.6918,5600.0,0.6953,10500.0
1753617440604,11:57:20.604,bitmex,A/USDT:USDT,0.4611,5200.0,0.4591,800.0,0.6918,5600.0,0.6953,10500.0
1753617440685,11:57:20.685,bitmex,A/USDT:USDT,0.4611,5200.0,0.4591,800.0,0.6918,5600.0,0.6953,10500.0
1753617443027,11:57:23.027,bitmex,A/USDT:USDT,0.4611,5300.0,0.4591,800.0,0.6918,5600.0,0.6953,10500.0
1753617443077,11:57:23.077,bitmex,A/USDT:USDT,0.4611,5300.0,0.4591,800.0,0.6918,5400.0,0.6953,10500.0
1753617444617,11:57:24.617,bitmex,A/USDT:USDT,0.4611,5300.0,0.4591,800.0,0.6918,5400.0,0.6953,10500.0
1753617446485,11:57:26.485,bitmex,A/USDT:USDT,0.4611,5300.0,0.4591,800.0,0.6918,5400.0,0.6953,10500.0
1753617448435,11:57:28.435,bitmex,A/USDT:USDT,0.4611,5300.0,0.4591,800.0,0.6918,5400.0,0.6953,10500.0
1753617448485,11:57:28.485,bitmex,A/USDT:USDT,0.4611,5600.0,0.4591,800.0,0.6918,5400.0,0.6953,10500.0
1753617448534,11:57:28.534,bitmex,A/USDT:USDT,0.4611,5600.0,0.4591,800.0,0.6918,5400.0,0.6953,10500.0
1753617450254,11:57:30.254,bitmex,A/USDT:USDT,0.4611,5200.0,0.4591,800.0,0.6918,5400.0,0.6953,10500.0
1753617450303,11:57:30.303,bitmex,A/USDT:USDT,0.4611,5200.0,0.4591,800.0,0.6918,5200.0,0.6953,10500.0
1753617450352,11:57:30.352,bitmex,A/USDT:USDT,0.4611,5200.0,0.4591,800.0,0.6918,5200.0,0.6953,10500.0
1753617452213,11:57:32.213,bitmex,A/USDT:USDT,0.4611,5200.0,0.4591,800.0,0.6918,5200.0,0.6953,10500.0
1753617452262,11:57:32.262,bitmex,A/USDT:USDT,0.4611,5200.0,0.4591,800.0,0.6918,5400.0,0.6953,10500.0
1753617454272,11:57:34.272,bitmex,A/USDT:USDT,0.4611,5200.0,0.4591,800.0,0.6918,5400.0,0.6953,10500.0
1753617454321,11:57:34.321,bitmex,A/USDT:USDT,0.4611,5200.0,0.4591,800.0,0.6918,5400.0,0.6953,10500.0
1753617454666,11:57:34.666,bitmex,A/USDT:USDT,0.4611,6000.0,0.4591,800.0,0.6918,5400.0,0.6953,10500.0
1753617454715,11:57:34.715,bitmex,A/USDT:USDT,0.4611,6000.0,0.4588,10200.0,0.6918,5400.0,0.6953,10500.0
1753617456119,11:57:36.119,bitmex,A/USDT:USDT,0.4611,6000.0,0.4588,10200.0,0.6918,5400.0,0.6953,10500.0
1753617456169,11:57:36.169,bitmex,A/USDT:USDT,0.4611,6000.0,0.4588,10200.0,0.6918,5400.0,0.6953,10500.0
1753617458069,11:57:38.069,bitmex,A/USDT:USDT,0.4611,6000.0,0.4588,10200.0,0.6918,5400.0,0.6952,10600.0
1753617458118,11:57:38.118,bitmex,A/USDT:USDT,0.4611,6000.0,0.4588,10200.0,0.6918,5400.0,0.6952,10600.0
1753617460153,11:57:40.153,bitmex,A/USDT:USDT,0.4611,6000.0,0.4588,10200.0,0.6918,5400.0,0.6952,10600.0
1753617460203,11:57:40.203,bitmex,A/USDT:USDT,0.4611,6000.0,0.4588,10200.0,0.6918,5400.0,0.6952,10600.0
1753617461980,11:57:41.980,bitmex,A/USDT:USDT,0.4611,6000.0,0.4588,10200.0,0.6918,5400.0,0.6952,10600.0
1753617463925,11:57:43.925,bitmex,A/USDT:USDT,0.4611,6000.0,0.4588,10200.0,0.6918,5400.0,0.6952,10600.0
1753617463974,11:57:43.974,bitmex,A/USDT:USDT,0.4611,6000.0,0.4588,10200.0,0.6918,5400.0,0.6952,10600.0
1753617466105,11:57:46.105,bitmex,A/USDT:USDT,0.4611,6000.0,0.4588,10200.0,0.6918,5400.0,0.6952,10600.0
1753617466154,11:57:46.154,bitmex,A/USDT:USDT,0.4611,5200.0,0.4589,800.0,0.6918,5600.0,0.6952,10600.0
1753617466203,11:57:46.203,bitmex,A/USDT:USDT,0.4611,5200.0,0.4589,800.0,0.6918,5600.0,0.6952,10600.0
1753617467833,11:57:47.833,bitmex,A/USDT:USDT,0.4611,5600.0,0.4589,800.0,0.6918,5600.0,0.6952,10600.0
1753617467882,11:57:47.882,bitmex,A/USDT:USDT,0.4611,5600.0,0.4589,800.0,0.6918,5200.0,0.6952,10600.0
1753617469785,11:57:49.785,bitmex,A/USDT:USDT,0.4611,5600.0,0.4589,800.0,0.6913,5400.0,0.6952,10600.0
1753617469835,11:57:49.835,bitmex,A/USDT:USDT,0.4608,5300.0,0.4589,800.0,0.6913,5400.0,0.6952,10600.0
1753617469884,11:57:49.884,bitmex,A/USDT:USDT,0.4608,5300.0,0.4589,800.0,0.6913,5400.0,0.6952,10600.0
1753617471803,11:57:51.803,bitmex,A/USDT:USDT,0.4608,5300.0,0.4589,800.0,0.6913,5400.0,0.6952,10600.0
1753617471853,11:57:51.853,bitmex,A/USDT:USDT,0.4608,5300.0,0.4589,800.0,0.6913,5400.0,0.6952,10600.0
1753617473774,11:57:53.774,bitmex,A/USDT:USDT,0.4608,5500.0,0.4589,800.0,0.6913,5400.0,0.6952,10600.0
1753617473834,11:57:53.834,bitmex,A/USDT:USDT,0.4608,5500.0,0.4589,800.0,0.6913,5400.0,0.6952,10600.0
1753617473883,11:57:53.883,bitmex,A/USDT:USDT,0.4608,5500.0,0.4589,800.0,0.6913,5600.0,0.6952,10600.0
1753617473883,11:57:53.883,bitmex,A/USDT:USDT,0.4608,5500.0,0.4589,800.0,0.6913,5600.0,0.6952,10600.0
1753617475725,11:57:55.725,bitmex,A/USDT:USDT,0.4608,5500.0,0.4589,800.0,0.6913,5600.0,0.6952,10600.0
1753617475793,11:57:55.793,bitmex,A/USDT:USDT,0.4608,5500.0,0.4589,800.0,0.6913,5600.0,0.6952,10600.0
1753617477786,11:57:57.786,bitmex,A/USDT:USDT,0.4608,5500.0,0.4589,800.0,0.6913,5600.0,0.6952,10600.0
1753617477835,11:57:57.835,bitmex,A/USDT:USDT,0.4608,5500.0,0.4589,800.0,0.6913,5600.0,0.6952,10600.0
1753617479628,11:57:59.628,bitmex,A/USDT:USDT,0.4608,5500.0,0.4589,800.0,0.6913,5600.0,0.6952,10600.0
1753617479677,11:57:59.677,bitmex,A/USDT:USDT,0.4608,5500.0,0.4589,800.0,0.6913,5600.0,0.6952,10600.0
1753617481589,11:58:01.589,bitmex,A/USDT:USDT,0.4608,5500.0,0.4589,800.0,0.6913,5600.0,0.6952,10600.0
1753617481647,11:58:01.647,bitmex,A/USDT:USDT,0.4608,5500.0,0.4589,800.0,0.6913,5600.0,0.6948,10900.0
1753617483641,11:58:03.641,bitmex,A/USDT:USDT,0.4608,5500.0,0.4589,800.0,0.6913,5600.0,0.6948,10900.0
1753617483703,11:58:03.703,bitmex,A/USDT:USDT,0.4608,5500.0,0.4589,800.0,0.6913,5600.0,0.6948,10900.0
1753617485486,11:58:05.486,bitmex,A/USDT:USDT,0.4607,5200.0,0.4589,800.0,0.6913,5600.0,0.6948,10900.0
1753617485536,11:58:05.536,bitmex,A/USDT:USDT,0.4607,5200.0,0.4589,800.0,0.6912,5500.0,0.6948,10900.0
1753617485585,11:58:05.585,bitmex,A/USDT:USDT,0.4607,5200.0,0.4589,800.0,0.6912,5500.0,0.6948,10900.0
1753617487445,11:58:07.445,bitmex,A/USDT:USDT,0.4607,5200.0,0.4589,800.0,0.6912,5500.0,0.6948,10900.0
1753617487495,11:58:07.495,bitmex,A/USDT:USDT,0.4607,5200.0,0.4589,800.0,0.6912,5500.0,0.6948,10900.0
1753617489650,11:58:09.650,bitmex,A/USDT:USDT,0.4607,5200.0,0.4589,800.0,0.6912,5500.0,0.6948,10900.0
1753617489699,11:58:09.699,bitmex,A/USDT:USDT,0.4607,5200.0,0.4589,800.0,0.6912,5500.0,0.6948,10900.0
1753617491364,11:58:11.364,bitmex,A/USDT:USDT,0.4607,5200.0,0.4589,800.0,0.6912,5500.0,0.6948,10900.0
1753617491424,11:58:11.424,bitmex,A/USDT:USDT,0.4607,5200.0,0.4589,800.0,0.6912,5500.0,0.6948,10900.0
1753617493305,11:58:13.305,bitmex,A/USDT:USDT,0.4589,800.0,0.0001,100000000.0,0.6912,5500.0,0.6948,10900.0
1753617493354,11:58:13.354,bitmex,A/USDT:USDT,0.0002,800.0,0.0001,100000000.0,0.6912,5500.0,0.6948,10900.0
1753617493403,11:58:13.403,bitmex,A/USDT:USDT,0.0002,800.0,0.0001,100000000.0,1.0,1000.0,10.0,100000.0
1753617495514,11:58:15.514,bitmex,A/USDT:USDT,0.4607,5200.0,0.0002,800.0,1.0,1000.0,10.0,100000.0
1753617495564,11:58:15.564,bitmex,A/USDT:USDT,0.4607,5200.0,0.4584,10000.0,0.6912,5200.0,1.0,1000.0
1753617495613,11:58:15.613,bitmex,A/USDT:USDT,0.4607,5200.0,0.4585,800.0,0.6912,5200.0,0.712,13400.0
1753617497283,11:58:17.283,bitmex,A/USDT:USDT,0.4607,5200.0,0.4585,800.0,0.6912,5200.0,0.712,13400.0
1753617497333,11:58:17.333,bitmex,A/USDT:USDT,0.4607,5200.0,0.4585,800.0,0.6912,5200.0,0.712,13400.0
1753617499181,11:58:19.181,bitmex,A/USDT:USDT,0.4607,5200.0,0.4585,800.0,0.6912,5200.0,0.712,13400.0
1753617499243,11:58:19.243,bitmex,A/USDT:USDT,0.4607,5200.0,0.4585,800.0,0.6912,5200.0,0.712,13400.0
1753617501228,11:58:21.228,bitmex,A/USDT:USDT,0.4607,5200.0,0.4585,800.0,0.6912,5200.0,0.712,13400.0
1753617501277,11:58:21.277,bitmex,A/USDT:USDT,0.4607,5200.0,0.4585,800.0,0.6912,5200.0,0.712,13400.0
1753617503147,11:58:23.147,bitmex,A/USDT:USDT,0.4607,5200.0,0.4585,800.0,0.6912,5200.0,0.712,13400.0
1753617503196,11:58:23.196,bitmex,A/USDT:USDT,0.4607,5500.0,0.4585,800.0,0.6912,5200.0,0.712,13400.0
1753617505103,11:58:25.103,bitmex,A/USDT:USDT,0.4607,5500.0,0.4585,800.0,0.6912,5200.0,0.712,13400.0
1753617505153,11:58:25.153,bitmex,A/USDT:USDT,0.4607,5500.0,0.4585,800.0,0.6912,5200.0,0.712,13400.0
1753617507120,11:58:27.120,bitmex,A/USDT:USDT,0.4607,5500.0,0.4585,800.0,0.6912,5200.0,0.712,13400.0
1753617507170,11:58:27.170,bitmex,A/USDT:USDT,0.4607,5500.0,0.4585,800.0,0.6912,5200.0,0.6946,10600.0
1753617509004,11:58:29.004,bitmex,A/USDT:USDT,0.4607,5500.0,0.4585,800.0,0.6912,5200.0,0.6946,10600.0
1753617509054,11:58:29.054,bitmex,A/USDT:USDT,0.4607,5500.0,0.4585,800.0,0.6912,5200.0,0.6946,10600.0
1753617510954,11:58:30.954,bitmex,A/USDT:USDT,0.4607,5500.0,0.4585,800.0,0.6912,5200.0,0.6946,10600.0
1753617511003,11:58:31.003,bitmex,A/USDT:USDT,0.4607,5500.0,0.4585,800.0,0.6912,5200.0,0.6946,10600.0
1753617513039,11:58:33.039,bitmex,A/USDT:USDT,0.4607,5500.0,0.4585,800.0,0.6912,5200.0,0.6946,10600.0
1753617513088,11:58:33.088,bitmex,A/USDT:USDT,0.4607,5500.0,0.4585,800.0,0.6912,5200.0,0.6946,10600.0
1753617513137,11:58:33.137,bitmex,A/USDT:USDT,0.4607,5400.0,0.4585,800.0,0.6912,5200.0,0.6946,10600.0
1753617514874,11:58:34.874,bitmex,A/USDT:USDT,0.4607,5200.0,0.4585,800.0,0.6912,5200.0,0.6946,10600.0
1753617514923,11:58:34.923,bitmex,A/USDT:USDT,0.4607,5200.0,0.4585,800.0,0.6912,5600.0,0.6946,10600.0
1753617514972,11:58:34.972,bitmex,A/USDT:USDT,0.4607,5200.0,0.4585,800.0,0.6912,5600.0,0.6946,10600.0
1753617516898,11:58:36.898,bitmex,A/USDT:USDT,0.4607,5200.0,0.4585,800.0,0.6912,5600.0,0.6946,10600.0
1753617518784,11:58:38.784,bitmex,A/USDT:USDT,0.4607,5200.0,0.4585,800.0,0.6912,5600.0,0.6946,10600.0
1753617518834,11:58:38.834,bitmex,A/USDT:USDT,0.4607,5200.0,0.4585,800.0,0.6912,5600.0,0.6975,11600.0
1753617520776,11:58:40.776,bitmex,A/USDT:USDT,0.4607,5200.0,0.4585,800.0,0.6912,5600.0,0.6975,11600.0
1753617520825,11:58:40.825,bitmex,A/USDT:USDT,0.4607,5200.0,0.4585,800.0,0.6912,5600.0,0.7004,11400.0
1753617522694,11:58:42.694,bitmex,A/USDT:USDT,0.4607,5200.0,0.4585,800.0,0.6912,5600.0,0.7034,12400.0
1753617522744,11:58:42.744,bitmex,A/USDT:USDT,0.4607,5200.0,0.4585,800.0,0.6912,5600.0,0.7034,12400.0
1753617524579,11:58:44.579,bitmex,A/USDT:USDT,0.4607,5200.0,0.4585,800.0,0.6912,5600.0,0.7062,12800.0
1753617524628,11:58:44.628,bitmex,A/USDT:USDT,0.4607,5200.0,0.4585,800.0,0.6912,5600.0,0.7062,12800.0
1753617527314,11:58:47.314,bitmex,A/USDT:USDT,0.4607,5200.0,0.4585,800.0,0.6912,5600.0,0.7091,13600.0
1753617527364,11:58:47.364,bitmex,A/USDT:USDT,0.4607,5200.0,0.4585,800.0,0.6912,5600.0,0.7091,13600.0
1753617529317,11:58:49.317,bitmex,A/USDT:USDT,0.4607,5200.0,0.4585,800.0,0.6912,5600.0,0.712,27800.0
1753617531218,11:58:51.218,bitmex,A/USDT:USDT,0.4607,5200.0,0.4585,800.0,0.6912,5600.0,0.712,27800.0
1753617531268,11:58:51.268,bitmex,A/USDT:USDT,0.4607,5200.0,0.4585,800.0,0.6912,5600.0,0.6946,10100.0
1753617533175,11:58:53.175,bitmex,A/USDT:USDT,0.4609,5300.0,0.4585,800.0,0.6912,5600.0,0.6946,10100.0
1753617533225,11:58:53.225,bitmex,A/USDT:USDT,0.4609,5300.0,0.4585,800.0,0.6915,5600.0,0.6946,10100.0
1753617535164,11:58:55.164,bitmex,A/USDT:USDT,0.4609,5300.0,0.4585,800.0,0.6915,5600.0,0.6946,10100.0
1753617535214,11:58:55.214,bitmex,A/USDT:USDT,0.4609,5300.0,0.4585,800.0,0.6915,5600.0,0.6946,10100.0
1753617537132,11:58:57.132,bitmex,A/USDT:USDT,0.461,5200.0,0.4585,800.0,0.6915,5600.0,0.6946,10100.0
1753617537181,11:58:57.181,bitmex,A/USDT:USDT,0.461,5200.0,0.4585,800.0,0.6915,5600.0,0.6946,10100.0
1753617537230,11:58:57.230,bitmex,A/USDT:USDT,0.461,5200.0,0.4585,800.0,0.6917,5300.0,0.6946,10100.0
1753617537279,11:58:57.279,bitmex,A/USDT:USDT,0.461,5200.0,0.4585,800.0,0.6917,5300.0,0.6946,10100.0
1753617539033,11:58:59.033,bitmex,A/USDT:USDT,0.461,5200.0,0.4585,800.0,0.6917,5300.0,0.6946,10100.0
1753617539082,11:58:59.082,bitmex,A/USDT:USDT,0.461,5200.0,0.4585,800.0,0.6917,5300.0,0.6946,10100.0
1753617540983,11:59:00.983,bitmex,A/USDT:USDT,0.461,5200.0,0.4585,800.0,0.6917,5300.0,0.6946,10100.0
1753617541033,11:59:01.033,bitmex,A/USDT:USDT,0.461,5200.0,0.4585,800.0,0.6917,5300.0,0.6946,10100.0
1753617543103,11:59:03.103,bitmex,A/USDT:USDT,0.461,5200.0,0.4587,10600.0,0.6917,5300.0,0.6946,10100.0
1753617543153,11:59:03.153,bitmex,A/USDT:USDT,0.461,5200.0,0.4587,10600.0,0.6917,5300.0,0.6946,10100.0
1753617543242,11:59:03.242,bitmex,A/USDT:USDT,0.461,5200.0,0.4588,800.0,0.6917,5300.0,0.6946,10100.0
1753617543292,11:59:03.292,bitmex,A/USDT:USDT,0.461,5200.0,0.4588,800.0,0.6917,5300.0,0.6946,10100.0
1753617544894,11:59:04.894,bitmex,A/USDT:USDT,0.461,5200.0,0.4588,800.0,0.6917,5200.0,0.6946,10100.0
1753617544944,11:59:04.944,bitmex,A/USDT:USDT,0.4611,5400.0,0.4588,800.0,0.6917,5200.0,0.6946,10100.0
1753617546893,11:59:06.893,bitmex,A/USDT:USDT,0.4611,5400.0,0.4588,800.0,0.6917,5200.0,0.6946,10100.0
1753617548915,11:59:08.915,bitmex,A/USDT:USDT,0.4611,5400.0,0.4588,800.0,0.6917,5200.0,0.6946,10100.0
1753617548964,11:59:08.964,bitmex,A/USDT:USDT,0.4611,5600.0,0.4588,800.0,0.6918,5400.0,0.6946,10100.0
1753617549013,11:59:09.013,bitmex,A/USDT:USDT,0.4611,5600.0,0.4588,800.0,0.6918,5400.0,0.6946,10100.0
1753617550752,11:59:10.752,bitmex,A/USDT:USDT,0.4611,5600.0,0.4588,800.0,0.6918,5400.0,0.6946,10100.0
1753617550802,11:59:10.802,bitmex,A/USDT:USDT,0.4611,5600.0,0.4588,800.0,0.6918,5400.0,0.6946,10100.0
1753617552702,11:59:12.702,bitmex,A/USDT:USDT,0.4612,5500.0,0.4588,800.0,0.6918,5400.0,0.6946,10100.0
1753617552752,11:59:12.752,bitmex,A/USDT:USDT,0.4612,5500.0,0.4588,800.0,0.692,5500.0,0.6946,10100.0
1753617554966,11:59:14.966,bitmex,A/USDT:USDT,0.4612,5500.0,0.4588,800.0,0.692,5500.0,0.6946,10100.0
1753617555016,11:59:15.016,bitmex,A/USDT:USDT,0.4612,5500.0,0.4588,800.0,0.692,5500.0,0.6954,10300.0
1753617556614,11:59:16.614,bitmex,A/USDT:USDT,0.4612,5500.0,0.4588,800.0,0.692,5500.0,0.6954,10300.0
1753617556664,11:59:16.664,bitmex,A/USDT:USDT,0.4612,5500.0,0.4588,800.0,0.692,5500.0,0.6954,10300.0
1753617558564,11:59:18.564,bitmex,A/USDT:USDT,0.4613,5600.0,0.4588,800.0,0.692,5500.0,0.6954,10300.0
1753617558614,11:59:18.614,bitmex,A/USDT:USDT,0.4613,5600.0,0.4588,800.0,0.6921,5200.0,0.6954,10300.0
1753617558663,11:59:18.663,bitmex,A/USDT:USDT,0.4613,5600.0,0.4588,800.0,0.6921,5200.0,0.6954,10300.0
1753617560674,11:59:20.674,bitmex,A/USDT:USDT,0.4613,5600.0,0.4588,800.0,0.6921,5200.0,0.6954,10300.0
1753617560723,11:59:20.723,bitmex,A/USDT:USDT,0.4613,5600.0,0.4588,800.0,0.6921,5200.0,0.6954,10300.0
1753617562473,11:59:22.473,bitmex,A/USDT:USDT,0.4613,5600.0,0.4588,800.0,0.6921,5200.0,0.6954,10300.0
1753617562522,11:59:22.522,bitmex,A/USDT:USDT,0.4613,5600.0,0.4588,800.0,0.6921,5200.0,0.6954,10300.0
1753617564476,11:59:24.476,bitmex,A/USDT:USDT,0.4614,5300.0,0.4588,800.0,0.6921,5200.0,0.6954,10300.0
1753617564525,11:59:24.525,bitmex,A/USDT:USDT,0.4614,5300.0,0.4588,800.0,0.6922,5600.0,0.6954,10300.0
1753617564574,11:59:24.574,bitmex,A/USDT:USDT,0.4614,5300.0,0.4588,800.0,0.6922,5600.0,0.6954,10300.0
1753617566494,11:59:26.494,bitmex,A/USDT:USDT,0.4614,5300.0,0.4591,10700.0,0.6922,5600.0,0.6954,10300.0
1753617566546,11:59:26.546,bitmex,A/USDT:USDT,0.4614,5300.0,0.4592,800.0,0.6922,5600.0,0.6954,10300.0
1753617566596,11:59:26.596,bitmex,A/USDT:USDT,0.4614,5300.0,0.4592,800.0,0.6922,5600.0,0.6954,10300.0
1753617568324,11:59:28.324,bitmex,A/USDT:USDT,0.4614,5300.0,0.4592,800.0,0.6921,5600.0,0.6954,10300.0
1753617568374,11:59:28.374,bitmex,A/USDT:USDT,0.4613,5600.0,0.4592,800.0,0.6921,5600.0,0.6954,10300.0
1753617570291,11:59:30.291,bitmex,A/USDT:USDT,0.4613,5600.0,0.4592,800.0,0.6921,5600.0,0.6954,10300.0
1753617570340,11:59:30.340,bitmex,A/USDT:USDT,0.4613,5600.0,0.4592,800.0,0.6921,5600.0,0.6954,10300.0
1753617572335,11:59:32.335,bitmex,A/USDT:USDT,0.4613,5600.0,0.4592,800.0,0.6921,5600.0,0.6954,10300.0
1753617572385,11:59:32.385,bitmex,A/USDT:USDT,0.4613,5600.0,0.4592,800.0,0.6921,5600.0,0.6954,10300.0
1753617574194,11:59:34.194,bitmex,A/USDT:USDT,0.4592,800.0,0.0001,100000000.0,0.6921,5600.0,0.6954,10300.0
1753617574244,11:59:34.244,bitmex,A/USDT:USDT,0.4592,800.0,0.0001,100000000.0,1.0,1000.0,10.0,100000.0
1753617574345,11:59:34.345,bitmex,A/USDT:USDT,0.0001,100000000.0,,,1.0,1000.0,10.0,100000.0
1753617574394,11:59:34.394,bitmex,A/USDT:USDT,0.0002,800.0,0.0001,100000000.0,1.0,1000.0,10.0,100000.0
1753617576154,11:59:36.154,bitmex,A/USDT:USDT,0.0002,800.0,0.0001,100000000.0,0.6921,5300.0,1.0,1000.0
1753617576204,11:59:36.204,bitmex,A/USDT:USDT,0.4613,5300.0,0.4474,13200.0,0.6921,5300.0,0.7245,14200.0
1753617576253,11:59:36.253,bitmex,A/USDT:USDT,0.4613,6100.0,0.4474,13200.0,0.6921,5300.0,0.7245,14200.0
1753617578220,11:59:38.220,bitmex,A/USDT:USDT,0.4613,6100.0,0.4474,13200.0,0.6921,5300.0,0.7245,14200.0
1753617578270,11:59:38.270,bitmex,A/USDT:USDT,0.4613,6100.0,0.4474,13200.0,0.6921,5300.0,0.7245,14200.0
1753617580043,11:59:40.043,bitmex,A/USDT:USDT,0.4613,6100.0,0.4474,13200.0,0.6921,5300.0,0.7245,14200.0
1753617580093,11:59:40.093,bitmex,A/USDT:USDT,0.4613,6100.0,0.4474,13200.0,0.6921,5300.0,0.6955,10200.0
1753617581998,11:59:41.998,bitmex,A/USDT:USDT,0.4613,6100.0,0.4474,13200.0,0.6921,5300.0,0.6955,10200.0
1753617582047,11:59:42.047,bitmex,A/USDT:USDT,0.4613,6100.0,0.4474,13200.0,0.6921,5300.0,0.6955,10200.0
1753617583995,11:59:43.995,bitmex,A/USDT:USDT,0.4613,6100.0,0.4474,13200.0,0.6921,5300.0,0.6955,10200.0
1753617584044,11:59:44.044,bitmex,A/USDT:USDT,0.4613,6100.0,0.4474,13200.0,0.6921,5300.0,0.6955,10200.0
1753617585903,11:59:45.903,bitmex,A/USDT:USDT,0.4613,6300.0,0.4474,13200.0,0.6921,5300.0,0.6955,10200.0
1753617585953,11:59:45.953,bitmex,A/USDT:USDT,0.4613,6300.0,0.4474,13200.0,0.6921,5300.0,0.6955,10200.0
1753617586002,11:59:46.002,bitmex,A/USDT:USDT,0.4613,6300.0,0.4474,13200.0,0.6921,5200.0,0.6955,10200.0
1753617588010,11:59:48.010,bitmex,A/USDT:USDT,0.4613,6000.0,0.4474,13200.0,0.6921,5200.0,0.6955,10200.0
1753617588059,11:59:48.059,bitmex,A/USDT:USDT,0.4613,6000.0,0.4474,13200.0,0.6921,5500.0,0.6955,10200.0
1753617590075,11:59:50.075,bitmex,A/USDT:USDT,0.4613,6000.0,0.4474,13200.0,0.6921,5300.0,0.6955,10200.0
1753617590125,11:59:50.125,bitmex,A/USDT:USDT,0.4613,6400.0,0.4474,13200.0,0.6921,5300.0,0.6955,10200.0
1753617591764,11:59:51.764,bitmex,A/USDT:USDT,0.4613,6400.0,0.4474,13200.0,0.6921,5200.0,0.6955,10200.0
1753617591813,11:59:51.813,bitmex,A/USDT:USDT,0.4613,6100.0,0.459,10500.0,0.6921,5200.0,0.6955,10200.0
1753617593936,11:59:53.936,bitmex,A/USDT:USDT,0.4613,6100.0,0.459,10500.0,0.6921,5200.0,0.6955,10200.0
1753617593995,11:59:53.995,bitmex,A/USDT:USDT,0.4613,6100.0,0.459,10500.0,0.6921,5200.0,0.6955,10200.0
1753617595894,11:59:55.894,bitmex,A/USDT:USDT,0.4613,6400.0,0.459,10500.0,0.6921,5200.0,0.6955,10200.0
1753617595943,11:59:55.943,bitmex,A/USDT:USDT,0.4613,6400.0,0.459,10500.0,0.6921,5300.0,0.6955,10200.0
1753617597624,11:59:57.624,bitmex,A/USDT:USDT,0.4613,6400.0,0.459,10500.0,0.6921,5300.0,0.6955,10200.0
1753617597673,11:59:57.673,bitmex,A/USDT:USDT,0.4613,6400.0,0.459,10500.0,0.6921,5300.0,0.6955,10200.0
1753617599805,11:59:59.805,bitmex,A/USDT:USDT,0.4613,6200.0,0.459,10500.0,0.6921,5300.0,0.6955,10200.0
1753617599855,11:59:59.855,bitmex,A/USDT:USDT,0.4613,6200.0,0.459,10500.0,0.6921,5300.0,0.6955,10200.0
1753617602005,12:00:02.005,bitmex,A/USDT:USDT,0.4613,6200.0,0.459,10500.0,0.6921,5300.0,0.6955,10200.0
1753617602055,12:00:02.055,bitmex,A/USDT:USDT,0.4613,6100.0,0.459,10500.0,0.6921,5200.0,0.6955,10200.0
1753617602104,12:00:02.104,bitmex,A/USDT:USDT,0.4613,6100.0,0.459,10500.0,0.6921,5200.0,0.6955,10200.0
1753617603510,12:00:03.510,bitmex,A/USDT:USDT,0.4613,6100.0,0.459,10500.0,0.692,5400.0,0.6955,10200.0
1753617603559,12:00:03.559,bitmex,A/USDT:USDT,0.4613,6000.0,0.459,10500.0,0.692,5400.0,0.6955,10200.0
1753617603608,12:00:03.608,bitmex,A/USDT:USDT,0.4613,6000.0,0.459,10500.0,0.692,5400.0,0.6955,20500.0
1753617605685,12:00:05.685,bitmex,A/USDT:USDT,0.4613,6200.0,0.459,10500.0,0.692,5400.0,0.6955,20500.0
1753617605734,12:00:05.734,bitmex,A/USDT:USDT,0.4613,6200.0,0.459,10500.0,0.6921,5600.0,0.6955,20500.0
1753617605783,12:00:05.783,bitmex,A/USDT:USDT,0.4613,6200.0,0.459,10500.0,0.6921,5600.0,0.6955,20500.0
1753617607915,12:00:07.915,bitmex,A/USDT:USDT,0.4613,6200.0,0.459,10500.0,0.6921,5600.0,0.6955,10300.0
1753617607965,12:00:07.965,bitmex,A/USDT:USDT,0.4613,6200.0,0.4561,11500.0,0.6921,5600.0,0.6955,10300.0
1753617609783,12:00:09.783,bitmex,A/USDT:USDT,0.4613,6200.0,0.4532,11300.0,0.6921,5600.0,0.6955,10300.0
1753617609833,12:00:09.833,bitmex,A/USDT:USDT,0.4613,6200.0,0.4532,11300.0,0.6921,5600.0,0.6955,10300.0
1753617611731,12:00:11.731,bitmex,A/USDT:USDT,0.4613,6200.0,0.4503,12300.0,0.6921,5600.0,0.6955,10300.0
1753617611780,12:00:11.780,bitmex,A/USDT:USDT,0.4613,6200.0,0.4503,12300.0,0.6921,5600.0,0.6955,10300.0
1753617613908,12:00:13.908,bitmex,A/USDT:USDT,0.4613,6100.0,0.4503,12300.0,0.6921,5600.0,0.6955,10300.0
1753617613957,12:00:13.957,bitmex,A/USDT:USDT,0.4613,6100.0,0.4474,26500.0,0.692,5400.0,0.6955,10300.0
1753617614006,12:00:14.006,bitmex,A/USDT:USDT,0.4613,6100.0,0.4474,26500.0,0.692,5400.0,0.6955,10300.0
1753617615636,12:00:15.636,bitmex,A/USDT:USDT,0.4613,6100.0,0.4474,26500.0,0.692,5400.0,0.6955,10300.0
1753617615685,12:00:15.685,bitmex,A/USDT:USDT,0.4613,6100.0,0.459,10400.0,0.692,5400.0,0.6955,10300.0
1753617617734,12:00:17.734,bitmex,A/USDT:USDT,0.4613,6400.0,0.459,10400.0,0.692,5400.0,0.6955,10300.0
1753617617783,12:00:17.783,bitmex,A/USDT:USDT,0.4613,6400.0,0.459,10400.0,0.6921,5200.0,0.6955,10300.0
1753617617832,12:00:17.832,bitmex,A/USDT:USDT,0.4613,6400.0,0.459,10400.0,0.6921,5200.0,0.6955,10300.0
1753617619619,12:00:19.619,bitmex,A/USDT:USDT,0.4613,6400.0,0.459,10400.0,0.6921,5200.0,0.6955,10300.0
1753617619669,12:00:19.669,bitmex,A/USDT:USDT,0.4613,6400.0,0.459,10400.0,0.6921,5200.0,0.6955,10300.0
1753617621492,12:00:21.492,bitmex,A/USDT:USDT,0.4613,6400.0,0.459,10400.0,0.6921,5200.0,0.6955,10300.0
1753617621541,12:00:21.541,bitmex,A/USDT:USDT,0.4613,6200.0,0.459,10400.0,0.6921,5200.0,0.6955,10300.0
1753617623444,12:00:23.444,bitmex,A/USDT:USDT,0.4613,6200.0,0.459,10400.0,0.6921,5200.0,0.6955,10300.0
1753617623494,12:00:23.494,bitmex,A/USDT:USDT,0.4613,6200.0,0.459,10400.0,0.6921,5200.0,0.6955,10300.0
1753617625520,12:00:25.520,bitmex,A/USDT:USDT,0.4613,6200.0,0.459,10400.0,0.6921,5200.0,0.6955,10300.0
1753617625575,12:00:25.575,bitmex,A/USDT:USDT,0.4613,6200.0,0.459,10400.0,0.6921,5200.0,0.6955,10300.0
1753617627350,12:00:27.350,bitmex,A/USDT:USDT,0.4613,6200.0,0.459,10400.0,0.6921,5200.0,0.6956,10200.0
1753617627400,12:00:27.400,bitmex,A/USDT:USDT,0.4613,6200.0,0.459,10400.0,0.6921,5200.0,0.6956,10200.0
1753617629406,12:00:29.406,bitmex,A/USDT:USDT,0.4613,6200.0,0.459,10400.0,0.6921,5200.0,0.6956,10200.0
1753617629456,12:00:29.456,bitmex,A/USDT:USDT,0.4613,6200.0,0.459,10400.0,0.6921,5200.0,0.6956,10200.0
1753617631434,12:00:31.434,bitmex,A/USDT:USDT,0.4613,6400.0,0.459,10400.0,0.6921,5200.0,0.6956,10200.0
1753617631483,12:00:31.483,bitmex,A/USDT:USDT,0.4613,6400.0,0.459,10400.0,0.692,5400.0,0.6956,10200.0
1753617631532,12:00:31.532,bitmex,A/USDT:USDT,0.4613,6400.0,0.459,10400.0,0.692,5400.0,0.6956,10200.0
1753617633209,12:00:33.209,bitmex,A/USDT:USDT,0.4613,6400.0,0.459,10400.0,0.692,5500.0,0.6956,10200.0
1753617633258,12:00:33.258,bitmex,A/USDT:USDT,0.4613,800.0,0.4612,5600.0,0.692,5500.0,0.6956,10200.0
1753617633307,12:00:33.307,bitmex,A/USDT:USDT,0.4613,800.0,0.4612,5600.0,0.692,5500.0,0.6956,10200.0
1753617635167,12:00:35.167,bitmex,A/USDT:USDT,0.4613,800.0,0.4612,5600.0,0.692,5500.0,0.6956,10200.0
1753617635217,12:00:35.217,bitmex,A/USDT:USDT,0.4613,800.0,0.4612,5500.0,0.6919,5200.0,0.6956,10200.0
1753617637265,12:00:37.265,bitmex,A/USDT:USDT,0.4613,800.0,0.4612,5500.0,0.6919,5200.0,0.6956,10200.0
1753617637314,12:00:37.314,bitmex,A/USDT:USDT,0.4613,800.0,0.4612,5500.0,0.6919,5200.0,0.6956,10200.0
1753617639073,12:00:39.073,bitmex,A/USDT:USDT,0.4613,800.0,0.4612,5500.0,0.6919,5200.0,0.6956,10200.0
1753617639123,12:00:39.123,bitmex,A/USDT:USDT,0.4613,800.0,0.4612,5500.0,0.6919,5200.0,0.6956,10200.0
1753617641025,12:00:41.025,bitmex,A/USDT:USDT,0.4613,800.0,0.4612,5500.0,0.6919,5200.0,0.6956,10200.0
1753617641074,12:00:41.074,bitmex,A/USDT:USDT,0.4613,800.0,0.4612,5500.0,0.6919,5200.0,0.6956,10200.0
1753617643296,12:00:43.296,bitmex,A/USDT:USDT,0.4613,800.0,0.4611,5600.0,0.6919,5200.0,0.6956,10200.0
1753617643346,12:00:43.346,bitmex,A/USDT:USDT,0.4613,800.0,0.4611,5600.0,0.6918,5300.0,0.6956,10200.0
1753617643395,12:00:43.395,bitmex,A/USDT:USDT,0.4613,800.0,0.4611,5600.0,0.6918,5300.0,0.6956,10200.0
1753617644924,12:00:44.924,bitmex,A/USDT:USDT,0.4613,800.0,0.4611,5500.0,0.6918,5300.0,0.6956,10200.0
1753617644973,12:00:44.973,bitmex,A/USDT:USDT,0.4613,800.0,0.4611,5500.0,0.6918,5500.0,0.6956,10200.0
1753617646880,12:00:46.880,bitmex,A/USDT:USDT,0.4613,800.0,0.4611,5500.0,0.6918,5500.0,0.6956,10200.0
1753617646930,12:00:46.930,bitmex,A/USDT:USDT,0.4613,800.0,0.4611,5600.0,0.6918,5500.0,0.6956,10200.0
1753617649044,12:00:49.044,bitmex,A/USDT:USDT,0.4613,800.0,0.4611,5600.0,0.6918,5500.0,0.6956,10200.0
1753617649093,12:00:49.093,bitmex,A/USDT:USDT,0.4613,800.0,0.4611,5600.0,0.6918,5500.0,0.6956,10200.0
1753617650824,12:00:50.824,bitmex,A/USDT:USDT,0.4613,800.0,0.4611,5200.0,0.6918,5500.0,0.6956,10200.0
1753617650881,12:00:50.881,bitmex,A/USDT:USDT,0.4613,800.0,0.4611,5200.0,0.6918,5500.0,0.6956,10200.0
1753617650930,12:00:50.930,bitmex,A/USDT:USDT,0.4613,800.0,0.4611,5200.0,0.6918,5300.0,0.6953,10900.0
1753617652758,12:00:52.758,bitmex,A/USDT:USDT,0.4613,800.0,0.4611,5200.0,0.6918,5300.0,0.6953,10900.0
1753617652807,12:00:52.807,bitmex,A/USDT:USDT,0.4613,800.0,0.4611,5200.0,0.6918,5300.0,0.6953,10900.0
1753617654926,12:00:54.926,bitmex,A/USDT:USDT,0.4613,800.0,0.4611,5200.0,0.6918,5300.0,0.6953,10900.0
1753617654976,12:00:54.976,bitmex,A/USDT:USDT,0.4613,800.0,0.4611,5200.0,0.6918,5300.0,0.6953,10900.0
1753617656655,12:00:56.655,bitmex,A/USDT:USDT,0.4613,800.0,0.4611,5200.0,0.6918,5300.0,0.6953,10900.0
1753617656704,12:00:56.704,bitmex,A/USDT:USDT,0.4613,800.0,0.4611,5200.0,0.6918,5300.0,0.6953,10900.0
1753617658613,12:00:58.613,bitmex,A/USDT:USDT,0.4613,800.0,0.4611,5200.0,0.6918,5300.0,0.6953,10900.0
1753617658663,12:00:58.663,bitmex,A/USDT:USDT,0.4613,800.0,0.4611,5200.0,0.6918,5300.0,0.6953,10900.0
1753617660895,12:01:00.895,bitmex,A/USDT:USDT,0.4613,800.0,0.4611,5600.0,0.6918,5600.0,0.6953,10900.0
1753617662529,12:01:02.529,bitmex,A/USDT:USDT,0.4613,800.0,0.4611,5600.0,0.6918,5400.0,0.6953,10900.0
1753617662578,12:01:02.578,bitmex,A/USDT:USDT,0.4613,800.0,0.4611,5500.0,0.6918,5400.0,0.6953,10900.0
1753617662627,12:01:02.627,bitmex,A/USDT:USDT,0.4613,800.0,0.4611,5500.0,0.6918,5400.0,0.6953,10900.0
1753617664524,12:01:04.524,bitmex,A/USDT:USDT,0.4613,800.0,0.4611,5500.0,0.6918,5400.0,0.6953,10900.0
1753617664574,12:01:04.574,bitmex,A/USDT:USDT,0.4613,800.0,0.4611,5500.0,0.6918,5400.0,0.6953,10900.0
1753617666726,12:01:06.726,bitmex,A/USDT:USDT,0.4613,800.0,0.4611,5500.0,0.6917,5200.0,0.6953,10900.0
1753617666776,12:01:06.776,bitmex,A/USDT:USDT,0.4613,800.0,0.4611,5300.0,0.6917,5200.0,0.6953,10900.0
1753617666825,12:01:06.825,bitmex,A/USDT:USDT,0.4613,800.0,0.4611,5300.0,0.6917,5200.0,0.6953,10900.0
1753617668383,12:01:08.383,bitmex,A/USDT:USDT,0.4613,800.0,0.461,5600.0,0.6917,5200.0,0.6953,10900.0
1753617668432,12:01:08.432,bitmex,A/USDT:USDT,0.4611,800.0,0.461,5600.0,0.6917,5300.0,0.6953,10900.0
1753617670365,12:01:10.365,bitmex,A/USDT:USDT,0.4611,800.0,0.461,5600.0,0.6917,5300.0,0.6953,10900.0
1753617670414,12:01:10.414,bitmex,A/USDT:USDT,0.4611,800.0,0.461,5600.0,0.6917,5300.0,0.6953,10900.0
1753617672535,12:01:12.535,bitmex,A/USDT:USDT,0.4611,800.0,0.461,5300.0,0.6917,5300.0,0.6953,10900.0
1753617672595,12:01:12.595,bitmex,A/USDT:USDT,0.4611,800.0,0.461,5300.0,0.6917,5300.0,0.6953,10900.0
1753617672644,12:01:12.644,bitmex,A/USDT:USDT,0.4611,800.0,0.461,5300.0,0.6917,5300.0,0.6953,10900.0
1753617674319,12:01:14.319,bitmex,A/USDT:USDT,0.4611,800.0,0.461,5300.0,0.6917,5300.0,0.6951,10900.0
1753617674369,12:01:14.369,bitmex,A/USDT:USDT,0.4611,800.0,0.461,5300.0,0.6917,5300.0,0.6951,10900.0
1753617676243,12:01:16.243,bitmex,A/USDT:USDT,0.4611,800.0,0.461,5300.0,0.6917,5300.0,0.6951,10900.0
1753617676293,12:01:16.293,bitmex,A/USDT:USDT,0.4611,800.0,0.461,5300.0,0.6917,5300.0,0.6951,10900.0
1753617678635,12:01:18.635,bitmex,A/USDT:USDT,0.4611,800.0,0.461,5300.0,0.6917,5300.0,0.6951,10900.0
1753617678685,12:01:18.685,bitmex,A/USDT:USDT,0.4611,800.0,0.461,5300.0,0.6916,5300.0,0.6951,10900.0
1753617678734,12:01:18.734,bitmex,A/USDT:USDT,0.461,5200.0,0.4589,800.0,0.6916,5300.0,0.6951,10900.0
1753617680239,12:01:20.239,bitmex,A/USDT:USDT,0.4608,5600.0,0.4589,800.0,0.6916,5300.0,0.6951,10900.0
1753617680297,12:01:20.297,bitmex,A/USDT:USDT,0.4608,5600.0,0.4589,800.0,0.6916,5300.0,0.6951,10900.0
1753617680349,12:01:20.349,bitmex,A/USDT:USDT,0.4608,5600.0,0.4589,800.0,0.6914,5500.0,0.6951,10900.0
1753617680399,12:01:20.399,bitmex,A/USDT:USDT,0.4608,5600.0,0.4589,800.0,0.6914,5500.0,0.6951,10900.0
1753617682255,12:01:22.255,bitmex,A/USDT:USDT,0.4608,5600.0,0.4589,800.0,0.6913,5200.0,0.6951,10900.0
1753617682304,12:01:22.304,bitmex,A/USDT:USDT,0.4608,5200.0,0.4589,800.0,0.6913,5200.0,0.6951,10900.0
1753617682353,12:01:22.353,bitmex,A/USDT:USDT,0.4608,5200.0,0.4589,800.0,0.6913,5200.0,0.6951,10900.0
1753617684375,12:01:24.375,bitmex,A/USDT:USDT,0.4608,5200.0,0.4589,800.0,0.6913,5200.0,0.6951,10900.0
1753617684434,12:01:24.434,bitmex,A/USDT:USDT,0.4608,5200.0,0.4589,800.0,0.6913,5200.0,0.6951,10900.0
1753617686073,12:01:26.073,bitmex,A/USDT:USDT,0.4608,5400.0,0.4589,800.0,0.6913,5200.0,0.6951,10900.0
1753617686134,12:01:26.134,bitmex,A/USDT:USDT,0.4608,5400.0,0.4589,800.0,0.6913,5200.0,0.6951,10900.0
1753617686184,12:01:26.184,bitmex,A/USDT:USDT,0.4608,5400.0,0.4589,800.0,0.6914,5600.0,0.6951,10900.0
1753617686233,12:01:26.233,bitmex,A/USDT:USDT,0.4608,5400.0,0.4589,800.0,0.6914,5600.0,0.6951,10900.0
1753617688155,12:01:28.155,bitmex,A/USDT:USDT,0.4609,5300.0,0.4589,800.0,0.6914,5600.0,0.6951,10900.0
1753617688204,12:01:28.204,bitmex,A/USDT:USDT,0.4609,5300.0,0.4589,800.0,0.6915,5500.0,0.6951,10900.0
1753617690037,12:01:30.037,bitmex,A/USDT:USDT,0.4609,5200.0,0.4589,800.0,0.6915,5500.0,0.6951,10900.0
1753617690086,12:01:30.086,bitmex,A/USDT:USDT,0.4609,5200.0,0.4589,800.0,0.6915,5500.0,0.6951,10900.0
1753617690135,12:01:30.135,bitmex,A/USDT:USDT,0.4609,5200.0,0.4589,800.0,0.6915,5500.0,0.6951,10900.0
1753617691826,12:01:31.826,bitmex,A/USDT:USDT,0.4611,5300.0,0.4589,800.0,0.6917,5200.0,0.6951,10900.0
1753617691875,12:01:31.875,bitmex,A/USDT:USDT,0.4611,5300.0,0.4589,800.0,0.6917,5200.0,0.6951,10900.0
1753617694104,12:01:34.104,bitmex,A/USDT:USDT,0.4611,5300.0,0.4589,800.0,0.6918,5500.0,0.6951,10900.0
1753617694153,12:01:34.153,bitmex,A/USDT:USDT,0.4611,5200.0,0.4589,800.0,0.6918,5500.0,0.6951,10900.0
1753617694202,12:01:34.202,bitmex,A/USDT:USDT,0.4611,5200.0,0.4589,800.0,0.6918,5500.0,0.6951,10900.0
1753617695911,12:01:35.911,bitmex,A/USDT:USDT,0.4611,5200.0,0.4589,800.0,0.6918,5500.0,0.6951,10900.0
1753617695961,12:01:35.961,bitmex,A/USDT:USDT,0.4611,5200.0,0.4589,800.0,0.6918,5500.0,0.6951,10900.0
1753617697682,12:01:37.682,bitmex,A/USDT:USDT,0.4611,5500.0,0.4589,800.0,0.6918,5500.0,0.6951,10900.0
1753617697731,12:01:37.731,bitmex,A/USDT:USDT,0.4611,5500.0,0.4589,800.0,0.6918,5400.0,0.6952,10900.0
1753617699665,12:01:39.665,bitmex,A/USDT:USDT,0.4611,5500.0,0.4589,800.0,0.6918,5400.0,0.6952,10900.0
1753617699720,12:01:39.720,bitmex,A/USDT:USDT,0.4611,5500.0,0.4589,800.0,0.6918,5400.0,0.6952,10900.0
1753617699770,12:01:39.770,bitmex,A/USDT:USDT,0.4613,5200.0,0.4589,800.0,0.692,5200.0,0.6952,10900.0
1753617701710,12:01:41.710,bitmex,A/USDT:USDT,0.4613,5200.0,0.4589,800.0,0.692,5200.0,0.6952,10900.0
1753617701760,12:01:41.760,bitmex,A/USDT:USDT,0.4613,5300.0,0.4589,800.0,0.692,5200.0,0.6952,10900.0
1753617701809,12:01:41.809,bitmex,A/USDT:USDT,0.4613,5300.0,0.4589,800.0,0.6921,5300.0,0.6952,10900.0
1753617704072,12:01:44.072,bitmex,A/USDT:USDT,0.4613,5300.0,0.4589,800.0,0.6921,5300.0,0.6952,10900.0
1753617704122,12:01:44.122,bitmex,A/USDT:USDT,0.4613,5300.0,0.4589,800.0,0.6921,5300.0,0.6952,10900.0
1753617707409,12:01:47.409,bitmex,A/USDT:USDT,0.4589,800.0,0.0001,100000000.0,0.6921,5300.0,0.6952,10900.0
1753617707458,12:01:47.458,bitmex,A/USDT:USDT,0.0002,800.0,0.0001,100000000.0,0.6921,5300.0,0.6952,10900.0
1753617707507,12:01:47.507,bitmex,A/USDT:USDT,0.0002,800.0,0.0001,100000000.0,1.0,1000.0,10.0,100000.0
1753617710601,12:01:50.601,bitmex,A/USDT:USDT,0.4613,5300.0,0.0002,800.0,1.0,1000.0,10.0,100000.0
1753617710652,12:01:50.652,bitmex,A/USDT:USDT,0.4613,5300.0,0.0002,800.0,0.6921,5400.0,1.0,1000.0
1753617710702,12:01:50.702,bitmex,A/USDT:USDT,0.4613,5300.0,0.43,14500.0,0.6921,5400.0,0.7071,13400.0
1753617710822,12:01:50.822,bitmex,A/USDT:USDT,0.4613,5300.0,0.43,14500.0,0.6921,5400.0,0.7071,13400.0
1753617710872,12:01:50.872,bitmex,A/USDT:USDT,0.4613,5300.0,0.4301,800.0,0.6921,5400.0,0.7071,13400.0
1753617712125,12:01:52.125,bitmex,A/USDT:USDT,0.4613,5300.0,0.4301,800.0,0.6921,5400.0,0.7071,13400.0
1753617712175,12:01:52.175,bitmex,A/USDT:USDT,0.4613,5300.0,0.4301,800.0,0.6921,5400.0,0.7071,13400.0
1753617714075,12:01:54.075,bitmex,A/USDT:USDT,0.4613,5300.0,0.4301,800.0,0.6921,5200.0,0.7071,13400.0
1753617714125,12:01:54.125,bitmex,A/USDT:USDT,0.4613,5300.0,0.459,10400.0,0.6921,5200.0,0.7071,13400.0
1753617714174,12:01:54.174,bitmex,A/USDT:USDT,0.4613,5300.0,0.4591,800.0,0.6921,5200.0,0.7071,13400.0
1753617716072,12:01:56.072,bitmex,A/USDT:USDT,0.4613,5300.0,0.4591,800.0,0.6921,5200.0,0.7071,13400.0
1753617716122,12:01:56.122,bitmex,A/USDT:USDT,0.4613,5300.0,0.4591,800.0,0.6921,5200.0,0.7071,13400.0
1753617717995,12:01:57.995,bitmex,A/USDT:USDT,0.4613,5300.0,0.4591,800.0,0.6921,5200.0,0.7071,13400.0
1753617718044,12:01:58.044,bitmex,A/USDT:USDT,0.4613,5300.0,0.4591,800.0,0.6921,5200.0,0.7071,13400.0
1753617719936,12:01:59.936,bitmex,A/USDT:USDT,0.4613,5300.0,0.4591,800.0,0.6921,5200.0,0.7071,13400.0
1753617719985,12:01:59.985,bitmex,A/USDT:USDT,0.4613,5300.0,0.4591,800.0,0.6921,5200.0,0.7071,13400.0
1753617722004,12:02:02.004,bitmex,A/USDT:USDT,0.4613,5300.0,0.4591,800.0,0.6921,5600.0,0.7071,13400.0
1753617722054,12:02:02.054,bitmex,A/USDT:USDT,0.4613,5600.0,0.4591,800.0,0.6921,5600.0,0.7071,13400.0
1753617723837,12:02:03.837,bitmex,A/USDT:USDT,0.4613,5600.0,0.4591,800.0,0.6921,5600.0,0.7071,13400.0
1753617723886,12:02:03.886,bitmex,A/USDT:USDT,0.4613,5600.0,0.4591,800.0,0.6921,5600.0,0.7071,13400.0
1753617726453,12:02:06.453,bitmex,A/USDT:USDT,0.4613,5600.0,0.4591,800.0,0.6921,5600.0,0.6956,10600.0
1753617726503,12:02:06.503,bitmex,A/USDT:USDT,0.4613,5600.0,0.4591,800.0,0.6921,5600.0,0.6956,10600.0
1753617728215,12:02:08.215,bitmex,A/USDT:USDT,0.4612,5400.0,0.4591,800.0,0.6921,5600.0,0.6956,10600.0
1753617728265,12:02:08.265,bitmex,A/USDT:USDT,0.4612,5400.0,0.4591,800.0,0.692,5500.0,0.6956,10600.0
1753617728314,12:02:08.314,bitmex,A/USDT:USDT,0.4612,5400.0,0.4591,800.0,0.692,5500.0,0.6956,10600.0
1753617730214,12:02:10.214,bitmex,A/USDT:USDT,0.4612,5400.0,0.4591,800.0,0.692,5500.0,0.6956,10600.0
1753617730264,12:02:10.264,bitmex,A/USDT:USDT,0.4612,5400.0,0.4591,800.0,0.692,5500.0,0.6956,10600.0
1753617732126,12:02:12.126,bitmex,A/USDT:USDT,0.4612,5400.0,0.4591,800.0,0.692,5500.0,0.6956,10600.0
1753617732175,12:02:12.175,bitmex,A/USDT:USDT,0.4612,5400.0,0.4591,800.0,0.692,5500.0,0.6956,10600.0
1753617734068,12:02:14.068,bitmex,A/USDT:USDT,0.4612,5400.0,0.4591,800.0,0.692,5500.0,0.6956,10600.0
1753617734118,12:02:14.118,bitmex,A/USDT:USDT,0.4612,5400.0,0.4591,800.0,0.692,5500.0,0.6956,10600.0
1753617736792,12:02:16.792,bitmex,A/USDT:USDT,0.4613,5200.0,0.4591,800.0,0.692,5500.0,0.6956,10600.0
1753617736853,12:02:16.853,bitmex,A/USDT:USDT,0.4613,5200.0,0.4591,800.0,0.692,5500.0,0.6956,10600.0
1753617736904,12:02:16.904,bitmex,A/USDT:USDT,0.4613,5200.0,0.4591,800.0,0.692,5500.0,0.6956,10600.0
1753617738428,12:02:18.428,bitmex,A/USDT:USDT,0.4613,5200.0,0.4591,800.0,0.692,5500.0,0.6956,10600.0
1753617738478,12:02:18.478,bitmex,A/USDT:USDT,0.4613,5200.0,0.4591,800.0,0.692,5500.0,0.6956,10600.0
1753617740241,12:02:20.241,bitmex,A/USDT:USDT,0.4613,5200.0,0.4591,800.0,0.692,5500.0,0.6956,10600.0
1753617740291,12:02:20.291,bitmex,A/USDT:USDT,0.4613,5500.0,0.4591,800.0,0.6956,10600.0,0.6983,10600.0
1753617740291,12:02:20.291,bitmex,A/USDT:USDT,0.4613,5500.0,0.4591,800.0,0.6921,5200.0,0.6956,10600.0
1753617742194,12:02:22.194,bitmex,A/USDT:USDT,0.4614,5300.0,0.4591,800.0,0.6921,5200.0,0.6956,10600.0
1753617742244,12:02:22.244,bitmex,A/USDT:USDT,0.4614,5300.0,0.4591,800.0,0.6922,5200.0,0.6956,10600.0
1753617742293,12:02:22.293,bitmex,A/USDT:USDT,0.4614,5300.0,0.4591,800.0,0.6922,5200.0,0.6983,10600.0
1753617744957,12:02:24.957,bitmex,A/USDT:USDT,0.4614,5200.0,0.4591,800.0,0.6922,5200.0,0.6983,10600.0
1753617745006,12:02:25.006,bitmex,A/USDT:USDT,0.4614,5200.0,0.4591,800.0,0.6922,5300.0,0.6983,10600.0
1753617745055,12:02:25.055,bitmex,A/USDT:USDT,0.4614,5200.0,0.4591,800.0,0.6922,5300.0,0.7012,11500.0
1753617746785,12:02:26.785,bitmex,A/USDT:USDT,0.4614,5300.0,0.4591,800.0,0.6922,5300.0,0.7012,11500.0
1753617746835,12:02:26.835,bitmex,A/USDT:USDT,0.4614,5300.0,0.4591,800.0,0.6921,5200.0,0.7041,12500.0
1753617748972,12:02:28.972,bitmex,A/USDT:USDT,0.4614,5300.0,0.4591,800.0,0.6921,5200.0,0.7041,12500.0
1753617749035,12:02:29.035,bitmex,A/USDT:USDT,0.4614,5300.0,0.4591,800.0,0.6921,5200.0,0.707,13500.0
1753617750634,12:02:30.634,bitmex,A/USDT:USDT,0.4614,5300.0,0.4591,800.0,0.6922,5400.0,0.707,13500.0
1753617750683,12:02:30.683,bitmex,A/USDT:USDT,0.4614,5600.0,0.4591,800.0,0.6922,5400.0,0.707,13500.0
1753617750732,12:02:30.732,bitmex,A/USDT:USDT,0.4614,5600.0,0.4591,800.0,0.6922,5400.0,0.6956,10900.0
1753617752844,12:02:32.844,bitmex,A/USDT:USDT,0.4614,5600.0,0.4591,800.0,0.6922,5400.0,0.6956,10900.0
1753617752894,12:02:32.894,bitmex,A/USDT:USDT,0.4614,5600.0,0.4591,800.0,0.6922,5400.0,0.6956,10900.0
1753617754536,12:02:34.536,bitmex,A/USDT:USDT,0.4614,5600.0,0.4591,800.0,0.6922,5400.0,0.6956,10900.0
1753617754586,12:02:34.586,bitmex,A/USDT:USDT,0.4614,5300.0,0.4591,800.0,0.6922,5400.0,0.6956,10900.0
1753617754635,12:02:34.635,bitmex,A/USDT:USDT,0.4614,5300.0,0.4591,800.0,0.6922,5400.0,0.6956,10900.0
1753617756522,12:02:36.522,bitmex,A/USDT:USDT,0.4614,5400.0,0.4591,800.0,0.6922,5400.0,0.6956,10900.0
1753617756571,12:02:36.571,bitmex,A/USDT:USDT,0.4614,5400.0,0.4591,800.0,0.6922,5300.0,0.6956,10900.0
1753617758608,12:02:38.608,bitmex,A/USDT:USDT,0.4614,5400.0,0.4591,800.0,0.6922,5300.0,0.6956,10900.0
1753617758658,12:02:38.658,bitmex,A/USDT:USDT,0.4614,5400.0,0.4591,800.0,0.6922,5300.0,0.6956,10900.0
1753617760398,12:02:40.398,bitmex,A/USDT:USDT,0.4614,5400.0,0.4591,800.0,0.6922,5400.0,0.6956,10900.0
1753617760447,12:02:40.447,bitmex,A/USDT:USDT,0.4614,5200.0,0.4591,800.0,0.6922,5400.0,0.6956,10900.0
1753617760496,12:02:40.496,bitmex,A/USDT:USDT,0.4614,5200.0,0.4591,800.0,0.6922,5400.0,0.6956,10900.0
1753617762365,12:02:42.365,bitmex,A/USDT:USDT,0.4614,5200.0,0.4591,11500.0,0.6922,5400.0,0.6956,10900.0
1753617762426,12:02:42.426,bitmex,A/USDT:USDT,0.4614,5200.0,0.4591,11500.0,0.6922,5400.0,0.6956,10900.0
1753617764514,12:02:44.514,bitmex,A/USDT:USDT,0.4614,5300.0,0.4591,11500.0,0.6922,5400.0,0.6956,10900.0
1753617764564,12:02:44.564,bitmex,A/USDT:USDT,0.4614,5300.0,0.4591,11500.0,0.6922,5400.0,0.6956,10900.0
1753617764613,12:02:44.613,bitmex,A/USDT:USDT,0.4614,5300.0,0.4591,11500.0,0.6922,5200.0,0.6956,10900.0
1753617766267,12:02:46.267,bitmex,A/USDT:USDT,0.4614,5300.0,0.4591,11500.0,0.6922,5500.0,0.6956,10900.0
1753617766316,12:02:46.316,bitmex,A/USDT:USDT,0.4614,5200.0,0.4591,11500.0,0.6922,5500.0,0.6956,10900.0
1753617766365,12:02:46.365,bitmex,A/USDT:USDT,0.4614,5200.0,0.4591,11500.0,0.6922,5500.0,0.6956,10900.0
1753617768220,12:02:48.220,bitmex,A/USDT:USDT,0.4614,5200.0,0.4591,11500.0,0.6922,5500.0,0.6956,10900.0
1753617768285,12:02:48.285,bitmex,A/USDT:USDT,0.4614,5200.0,0.4591,11500.0,0.6922,5500.0,0.6956,10900.0
1753617770302,12:02:50.302,bitmex,A/USDT:USDT,0.4614,5200.0,0.4591,11500.0,0.6922,5500.0,0.6956,10900.0
1753617770351,12:02:50.351,bitmex,A/USDT:USDT,0.4614,5200.0,0.4591,11500.0,0.6922,5500.0,0.6956,10900.0
1753617772126,12:02:52.126,bitmex,A/USDT:USDT,0.4614,5200.0,0.4591,11500.0,0.6922,5500.0,0.6956,10900.0
1753617774964,12:02:54.964,bitmex,A/USDT:USDT,0.4613,5600.0,0.4591,11500.0,0.6922,5500.0,0.6956,10900.0
1753617775014,12:02:55.014,bitmex,A/USDT:USDT,0.4613,5600.0,0.4591,10700.0,0.6922,5500.0,0.6956,10900.0
1753617775063,12:02:55.063,bitmex,A/USDT:USDT,0.4613,5600.0,0.4592,800.0,0.6921,5200.0,0.6956,10200.0
1753617776743,12:02:56.743,bitmex,A/USDT:USDT,0.4613,5600.0,0.4592,800.0,0.6921,5200.0,0.6956,10200.0
1753617776793,12:02:56.793,bitmex,A/USDT:USDT,0.4613,5600.0,0.4592,800.0,0.6921,5200.0,0.6956,10200.0
1753617778774,12:02:58.774,bitmex,A/USDT:USDT,0.4614,5200.0,0.4592,800.0,0.6921,5200.0,0.6956,10200.0
1753617778823,12:02:58.823,bitmex,A/USDT:USDT,0.4614,5200.0,0.4592,800.0,0.6922,5200.0,0.6956,10200.0
1753617778872,12:02:58.872,bitmex,A/USDT:USDT,0.4614,5200.0,0.4592,800.0,0.6922,5200.0,0.6956,10200.0
1753617780698,12:03:00.698,bitmex,A/USDT:USDT,0.4613,5500.0,0.4592,800.0,0.6922,5200.0,0.6956,10200.0
1753617780747,12:03:00.747,bitmex,A/USDT:USDT,0.4613,5500.0,0.4592,800.0,0.6921,5400.0,0.6956,10200.0
1753617780796,12:03:00.796,bitmex,A/USDT:USDT,0.4613,5500.0,0.4592,800.0,0.6921,5400.0,0.6956,10200.0
1753617780845,12:03:00.845,bitmex,A/USDT:USDT,0.4613,5500.0,0.4592,800.0,0.6921,5400.0,0.6956,10200.0
1753617782653,12:03:02.653,bitmex,A/USDT:USDT,0.4613,5500.0,0.4592,800.0,0.6921,5400.0,0.6956,10200.0
1753617782702,12:03:02.702,bitmex,A/USDT:USDT,0.4613,5500.0,0.4592,800.0,0.6921,5400.0,0.6956,10200.0
1753617784633,12:03:04.633,bitmex,A/USDT:USDT,0.4613,5500.0,0.4592,800.0,0.6921,5400.0,0.6956,10200.0
1753617784695,12:03:04.695,bitmex,A/USDT:USDT,0.4613,5500.0,0.4592,800.0,0.6921,5400.0,0.6956,10200.0
1753617784695,12:03:04.695,bitmex,A/USDT:USDT,0.4613,5500.0,0.4592,800.0,0.6921,5400.0,0.6956,10200.0
1753617786555,12:03:06.555,bitmex,A/USDT:USDT,0.4613,5500.0,0.4592,800.0,0.6921,5400.0,0.6956,10200.0
1753617786604,12:03:06.604,bitmex,A/USDT:USDT,0.4613,5500.0,0.4592,800.0,0.6921,5400.0,0.6956,10200.0
1753617788502,12:03:08.502,bitmex,A/USDT:USDT,0.4614,5500.0,0.4592,800.0,0.6921,5400.0,0.6956,10200.0
1753617788551,12:03:08.551,bitmex,A/USDT:USDT,0.4614,5500.0,0.4592,800.0,0.6922,5300.0,0.6956,10200.0
1753617790431,12:03:10.431,bitmex,A/USDT:USDT,0.4614,5500.0,0.4592,800.0,0.6922,5300.0,0.6956,10200.0
1753617790584,12:03:10.584,bitmex,A/USDT:USDT,0.4614,5500.0,0.4592,800.0,0.6922,5300.0,0.6956,10200.0
1753617790634,12:03:10.634,bitmex,A/USDT:USDT,0.4614,6300.0,0.459,10500.0,0.6922,5300.0,0.6956,10200.0
1753617792406,12:03:12.406,bitmex,A/USDT:USDT,0.4614,6100.0,0.459,10500.0,0.6922,5300.0,0.6956,10200.0
1753617792455,12:03:12.455,bitmex,A/USDT:USDT,0.4614,6100.0,0.459,10500.0,0.6922,5500.0,0.6956,10200.0
1753617794364,12:03:14.364,bitmex,A/USDT:USDT,0.4614,6100.0,0.459,10500.0,0.6922,5500.0,0.6956,10200.0
1753617796348,12:03:16.348,bitmex,A/USDT:USDT,0.4614,6100.0,0.459,10500.0,0.6922,5500.0,0.6956,10200.0
1753617796398,12:03:16.398,bitmex,A/USDT:USDT,0.4614,6400.0,0.459,10500.0,0.6923,5400.0,0.6956,10200.0
1753617798204,12:03:18.204,bitmex,A/USDT:USDT,0.4615,5500.0,0.4614,800.0,0.6923,5400.0,0.6956,10200.0
1753617798254,12:03:18.254,bitmex,A/USDT:USDT,0.4615,5500.0,0.4614,800.0,0.6923,5600.0,0.6958,10800.0
1753617798356,12:03:18.356,bitmex,A/USDT:USDT,0.4615,6300.0,0.4614,800.0,0.6923,5600.0,0.6958,10800.0
1753617798405,12:03:18.405,bitmex,A/USDT:USDT,0.4615,6300.0,0.459,10500.0,0.6923,5600.0,0.6958,10800.0
1753617800224,12:03:20.224,bitmex,A/USDT:USDT,0.4615,6300.0,0.459,10500.0,0.6923,5600.0,0.6958,10800.0
1753617800273,12:03:20.273,bitmex,A/USDT:USDT,0.4615,6300.0,0.459,10500.0,0.6923,5600.0,0.6958,10800.0
1753617802116,12:03:22.116,bitmex,A/USDT:USDT,0.4615,6300.0,0.459,10500.0,0.6923,5600.0,0.6958,10800.0
1753617802185,12:03:22.185,bitmex,A/USDT:USDT,0.4615,6300.0,0.459,10500.0,0.6923,5600.0,0.6958,10800.0
1753617804133,12:03:24.133,bitmex,A/USDT:USDT,0.4615,6400.0,0.459,10500.0,0.6923,5600.0,0.6958,10800.0
1753617804182,12:03:24.182,bitmex,A/USDT:USDT,0.4615,6400.0,0.459,10500.0,0.6923,5200.0,0.6958,10800.0
1753617806112,12:03:26.112,bitmex,A/USDT:USDT,0.4615,800.0,0.4614,5400.0,0.6923,5200.0,0.6958,10800.0
1753617806161,12:03:26.161,bitmex,A/USDT:USDT,0.4615,800.0,0.4614,5400.0,0.6923,5300.0,0.6958,10800.0
1753617808026,12:03:28.026,bitmex,A/USDT:USDT,0.4615,6200.0,0.459,10500.0,0.6923,5300.0,0.6958,10800.0
1753617808075,12:03:28.075,bitmex,A/USDT:USDT,0.4615,6200.0,0.459,10500.0,0.6923,5600.0,0.6958,10800.0
1753617809986,12:03:29.986,bitmex,A/USDT:USDT,0.4615,6200.0,0.4591,10800.0,0.6923,5600.0,0.6958,10800.0
1753617810035,12:03:30.035,bitmex,A/USDT:USDT,0.4615,6200.0,0.4591,10800.0,0.6923,5600.0,0.6958,10800.0
1753617811871,12:03:31.871,bitmex,A/USDT:USDT,0.4615,800.0,0.4614,5200.0,0.6923,5600.0,0.6958,10800.0
1753617811921,12:03:31.921,bitmex,A/USDT:USDT,0.4615,800.0,0.4614,5200.0,0.6923,5400.0,0.6958,10800.0
1753617811970,12:03:31.970,bitmex,A/USDT:USDT,0.4615,800.0,0.4614,5200.0,0.6923,5400.0,0.6958,10800.0
1753617813827,12:03:33.827,bitmex,A/USDT:USDT,0.4615,800.0,0.4614,5200.0,0.6923,5400.0,0.6958,10800.0
1753617813876,12:03:33.876,bitmex,A/USDT:USDT,0.4615,800.0,0.4614,5200.0,0.6923,5400.0,0.6958,10800.0
1753617815789,12:03:35.789,bitmex,A/USDT:USDT,0.4615,800.0,0.4614,5200.0,0.6923,5400.0,0.6958,10800.0
1753617815858,12:03:35.858,bitmex,A/USDT:USDT,0.4615,800.0,0.4614,5200.0,0.6923,5400.0,0.6958,10800.0
1753617817755,12:03:37.755,bitmex,A/USDT:USDT,0.4615,800.0,0.4614,5200.0,0.6923,5400.0,0.6958,10800.0
1753617817836,12:03:37.836,bitmex,A/USDT:USDT,0.4615,800.0,0.4614,5200.0,0.6923,5400.0,0.6958,10800.0
1753617820005,12:03:40.005,bitmex,A/USDT:USDT,0.4615,800.0,0.4614,5200.0,0.6923,5400.0,0.6958,10800.0
1753617820054,12:03:40.054,bitmex,A/USDT:USDT,0.4615,800.0,0.4614,5200.0,0.6923,5400.0,0.6958,10800.0
1753617821963,12:03:41.963,bitmex,A/USDT:USDT,0.4615,800.0,0.4614,5200.0,0.6923,5400.0,0.6958,10800.0
1753617822015,12:03:42.015,bitmex,A/USDT:USDT,0.4615,800.0,0.4614,5200.0,0.6923,5500.0,0.6958,10800.0
1753617822064,12:03:42.064,bitmex,A/USDT:USDT,0.4615,800.0,0.4614,5200.0,0.6923,5500.0,0.6958,10900.0
1753617824056,12:03:44.056,bitmex,A/USDT:USDT,0.4615,800.0,0.4614,5200.0,0.6923,5300.0,0.6958,10900.0
1753617824106,12:03:44.106,bitmex,A/USDT:USDT,0.4615,6100.0,0.4591,10800.0,0.6923,5300.0,0.6958,10900.0
1753617824155,12:03:44.155,bitmex,A/USDT:USDT,0.4615,6100.0,0.4591,10800.0,0.6923,5300.0,0.6958,10900.0
1753617825501,12:03:45.501,bitmex,A/USDT:USDT,0.4615,6100.0,0.4591,10800.0,0.6923,5300.0,0.6958,10900.0
1753617825551,12:03:45.551,bitmex,A/USDT:USDT,0.4615,6100.0,0.4591,10800.0,0.6923,5300.0,0.6958,10900.0
1753617828453,12:03:48.453,bitmex,A/USDT:USDT,0.4615,6100.0,0.4591,10800.0,0.6923,5300.0,0.6958,10900.0
1753617828503,12:03:48.503,bitmex,A/USDT:USDT,0.4615,6100.0,0.4591,10800.0,0.6923,5300.0,0.6958,10900.0
1753617830914,12:03:50.914,bitmex,A/USDT:USDT,0.4615,6100.0,0.4591,10800.0,0.6923,5300.0,0.6958,10900.0
1753617832363,12:03:52.363,bitmex,A/USDT:USDT,0.4615,6100.0,0.4591,10800.0,0.6923,5300.0,0.6958,10900.0
1753617832413,12:03:52.413,bitmex,A/USDT:USDT,0.4615,6100.0,0.4591,10800.0,0.6923,5300.0,0.6958,10900.0
1753617834419,12:03:54.419,bitmex,A/USDT:USDT,0.4615,6100.0,0.4592,10100.0,0.6923,5300.0,0.6958,10900.0
1753617834468,12:03:54.468,bitmex,A/USDT:USDT,0.4615,6200.0,0.4592,10100.0,0.6924,5200.0,0.6958,10900.0
1753617836542,12:03:56.542,bitmex,A/USDT:USDT,0.4615,6200.0,0.4592,10100.0,0.6924,5200.0,0.6958,10900.0
1753617836591,12:03:56.591,bitmex,A/USDT:USDT,0.4615,6200.0,0.4592,10100.0,0.6924,5200.0,0.6958,10900.0
1753617838308,12:03:58.308,bitmex,A/USDT:USDT,0.4615,6200.0,0.4592,10100.0,0.6923,5200.0,0.6958,10900.0
1753617838357,12:03:58.357,bitmex,A/USDT:USDT,0.4615,6000.0,0.4592,10100.0,0.6923,5200.0,0.6958,10900.0
1753617840283,12:04:00.283,bitmex,A/USDT:USDT,0.4615,6000.0,0.4592,10100.0,0.6923,5200.0,0.6958,10900.0
1753617840333,12:04:00.333,bitmex,A/USDT:USDT,0.4615,6400.0,0.4592,10100.0,0.6924,5500.0,0.6958,10900.0
1753617842466,12:04:02.466,bitmex,A/USDT:USDT,0.4615,6400.0,0.4592,10100.0,0.6924,5500.0,0.6958,10900.0
1753617842516,12:04:02.516,bitmex,A/USDT:USDT,0.4615,6200.0,0.4592,10100.0,0.6923,5300.0,0.6958,10900.0
1753617844195,12:04:04.195,bitmex,A/USDT:USDT,0.4615,6200.0,0.4592,10100.0,0.6921,5400.0,0.6958,10900.0
1753617844294,12:04:04.294,bitmex,A/USDT:USDT,0.4615,800.0,0.4613,5300.0,0.6921,5400.0,0.6958,10900.0
1753617846412,12:04:06.412,bitmex,A/USDT:USDT,0.4615,800.0,0.4613,5300.0,0.692,5200.0,0.6958,10900.0
1753617846461,12:04:06.461,bitmex,A/USDT:USDT,0.4615,800.0,0.4613,5200.0,0.692,5200.0,0.6958,10900.0
1753617846510,12:04:06.510,bitmex,A/USDT:USDT,0.4615,800.0,0.4613,5200.0,0.692,5200.0,0.6955,10000.0
1753617848276,12:04:08.276,bitmex,A/USDT:USDT,0.4615,800.0,0.4613,5200.0,0.692,5200.0,0.6955,10000.0
1753617848325,12:04:08.325,bitmex,A/USDT:USDT,0.4615,800.0,0.4613,5200.0,0.692,5200.0,0.6955,10000.0
1753617849928,12:04:09.928,bitmex,A/USDT:USDT,0.4615,800.0,0.4613,5200.0,0.692,5200.0,0.6955,10000.0
1753617849997,12:04:09.997,bitmex,A/USDT:USDT,0.4615,800.0,0.4613,5300.0,0.692,5200.0,0.6955,10000.0
1753617850047,12:04:10.047,bitmex,A/USDT:USDT,0.4615,800.0,0.4613,5300.0,0.6921,5400.0,0.6955,10000.0
1753617851996,12:04:11.996,bitmex,A/USDT:USDT,0.4615,800.0,0.4613,5400.0,0.6921,5400.0,0.6955,10000.0
1753617852046,12:04:12.046,bitmex,A/USDT:USDT,0.4615,800.0,0.4613,5400.0,0.6921,5400.0,0.6955,10000.0
1753617852095,12:04:12.095,bitmex,A/USDT:USDT,0.4615,800.0,0.4613,5400.0,0.6921,5400.0,0.6955,10000.0
1753617854125,12:04:14.125,bitmex,A/USDT:USDT,0.4615,800.0,0.4613,5400.0,0.6921,5200.0,0.6955,10000.0
1753617854174,12:04:14.174,bitmex,A/USDT:USDT,0.4615,800.0,0.4613,5300.0,0.6921,5200.0,0.6955,10000.0
1753617855796,12:04:15.796,bitmex,A/USDT:USDT,0.4615,800.0,0.4613,5300.0,0.6921,5200.0,0.6955,10000.0
1753617855846,12:04:15.846,bitmex,A/USDT:USDT,0.4615,800.0,0.4613,5400.0,0.6921,5500.0,0.6955,10000.0
1753617857811,12:04:17.811,bitmex,A/USDT:USDT,0.4615,800.0,0.4613,5400.0,0.6922,5500.0,0.6955,10000.0
1753617857861,12:04:17.861,bitmex,A/USDT:USDT,0.4615,800.0,0.4614,5500.0,0.6922,5500.0,0.6955,10000.0
1753617859978,12:04:19.978,bitmex,A/USDT:USDT,0.4615,800.0,0.4614,5200.0,0.6922,5500.0,0.6955,10000.0
1753617860027,12:04:20.027,bitmex,A/USDT:USDT,0.4615,800.0,0.4614,5200.0,0.6922,5200.0,0.6955,10000.0
1753617860076,12:04:20.076,bitmex,A/USDT:USDT,0.4615,800.0,0.4614,5200.0,0.6922,5200.0,0.6955,10000.0
1753617861663,12:04:21.663,bitmex,A/USDT:USDT,0.4615,800.0,0.4614,5300.0,0.6922,5200.0,0.6955,10000.0
1753617861712,12:04:21.712,bitmex,A/USDT:USDT,0.4615,800.0,0.4614,5300.0,0.6922,5300.0,0.6955,10000.0
1753617864025,12:04:24.025,bitmex,A/USDT:USDT,0.4615,800.0,0.4614,5300.0,0.6922,5600.0,0.6955,10000.0
1753617864075,12:04:24.075,bitmex,A/USDT:USDT,0.4615,800.0,0.4614,5300.0,0.6922,5600.0,0.6955,10000.0
1753617864124,12:04:24.124,bitmex,A/USDT:USDT,0.4615,800.0,0.4614,5300.0,0.6922,5600.0,0.6955,10000.0
1753617865564,12:04:25.564,bitmex,A/USDT:USDT,0.4615,800.0,0.4614,5300.0,0.6922,5600.0,0.6955,10000.0
1753617865613,12:04:25.613,bitmex,A/USDT:USDT,0.4615,800.0,0.4614,5300.0,0.6922,5600.0,0.6955,10000.0
1753617867506,12:04:27.506,bitmex,A/USDT:USDT,0.4615,800.0,0.4614,5300.0,0.6922,5600.0,0.6955,10000.0
1753617867557,12:04:27.557,bitmex,A/USDT:USDT,0.4615,800.0,0.4614,5300.0,0.6922,5600.0,0.6955,10000.0
1753617869836,12:04:29.836,bitmex,A/USDT:USDT,0.4615,800.0,0.4614,5300.0,0.6922,5400.0,0.6955,10000.0
1753617869886,12:04:29.886,bitmex,A/USDT:USDT,0.4615,800.0,0.4614,5300.0,0.6922,5400.0,0.6957,10600.0
1753617869936,12:04:29.936,bitmex,A/USDT:USDT,0.4615,800.0,0.4614,5300.0,0.6922,5400.0,0.6957,10600.0
1753617871414,12:04:31.414,bitmex,A/USDT:USDT,0.4615,800.0,0.4614,5200.0,0.6922,5400.0,0.6957,10600.0
1753617871464,12:04:31.464,bitmex,A/USDT:USDT,0.4615,800.0,0.4614,5200.0,0.6922,5400.0,0.6957,10600.0
1753617871518,12:04:31.518,bitmex,A/USDT:USDT,0.4615,800.0,0.4614,5200.0,0.6922,5400.0,0.6957,10600.0
1753617873507,12:04:33.507,bitmex,A/USDT:USDT,0.4615,800.0,0.4614,5600.0,0.6922,5400.0,0.6957,10600.0
1753617873557,12:04:33.557,bitmex,A/USDT:USDT,0.4615,800.0,0.4614,5600.0,0.6922,5400.0,0.6957,10600.0
1753617873606,12:04:33.606,bitmex,A/USDT:USDT,0.4615,800.0,0.4614,5600.0,0.6922,5600.0,0.6957,10600.0
1753617875657,12:04:35.657,bitmex,A/USDT:USDT,0.4615,800.0,0.4614,5600.0,0.6922,5600.0,0.6957,10600.0
1753617875706,12:04:35.706,bitmex,A/USDT:USDT,0.4615,800.0,0.4614,5600.0,0.6922,5600.0,0.6957,10600.0
1753617877274,12:04:37.274,bitmex,A/USDT:USDT,0.4615,800.0,0.4614,5600.0,0.6922,5600.0,0.6957,10600.0
1753617879234,12:04:39.234,bitmex,A/USDT:USDT,0.4615,800.0,0.4614,5600.0,0.6922,5600.0,0.6957,10600.0
1753617879284,12:04:39.284,bitmex,A/USDT:USDT,0.4615,800.0,0.4614,5600.0,0.6922,5600.0,0.6957,10600.0
1753617881379,12:04:41.379,bitmex,A/USDT:USDT,0.4615,800.0,0.4614,5600.0,0.6922,5600.0,0.6957,10600.0
1753617881428,12:04:41.428,bitmex,A/USDT:USDT,0.4615,800.0,0.4614,5600.0,0.6922,5500.0,0.6957,10600.0
1753617883132,12:04:43.132,bitmex,A/USDT:USDT,0.4615,800.0,0.4614,5500.0,0.6922,5500.0,0.6957,10600.0
1753617883181,12:04:43.181,bitmex,A/USDT:USDT,0.4615,800.0,0.4614,5500.0,0.6922,5500.0,0.6957,10600.0
1753617885222,12:04:45.222,bitmex,A/USDT:USDT,0.4615,800.0,0.4614,5500.0,0.6922,5500.0,0.6957,10600.0
1753617885271,12:04:45.271,bitmex,A/USDT:USDT,0.4615,800.0,0.4614,5400.0,0.6922,5200.0,0.6957,10600.0
1753617887376,12:04:47.376,bitmex,A/USDT:USDT,0.4615,800.0,0.4613,5600.0,0.6922,5200.0,0.6957,10600.0
1753617887426,12:04:47.426,bitmex,A/USDT:USDT,0.4615,800.0,0.4613,5600.0,0.6921,5600.0,0.6957,10600.0
1753617887475,12:04:47.475,bitmex,A/USDT:USDT,0.4615,800.0,0.4613,5600.0,0.6921,5600.0,0.6957,10600.0
1753617888995,12:04:48.995,bitmex,A/USDT:USDT,0.4615,800.0,0.4613,5600.0,0.6921,5600.0,0.6957,10600.0
1753617889045,12:04:49.045,bitmex,A/USDT:USDT,0.4615,800.0,0.4613,5600.0,0.6921,5600.0,0.6957,10600.0
1753617891064,12:04:51.064,bitmex,A/USDT:USDT,0.4615,800.0,0.4613,5600.0,0.6921,5600.0,0.6957,10600.0
1753617891114,12:04:51.114,bitmex,A/USDT:USDT,0.4615,800.0,0.4613,5600.0,0.6921,5600.0,0.6957,10600.0
1753617893156,12:04:53.156,bitmex,A/USDT:USDT,0.4615,800.0,0.4613,5600.0,0.6921,5600.0,0.6957,10600.0
1753617893205,12:04:53.205,bitmex,A/USDT:USDT,0.4615,800.0,0.4613,5600.0,0.6921,5600.0,0.6956,10700.0
1753617894953,12:04:54.953,bitmex,A/USDT:USDT,0.4615,800.0,0.4613,5600.0,0.6921,5600.0,0.6956,10700.0
1753617895003,12:04:55.003,bitmex,A/USDT:USDT,0.4615,800.0,0.4613,5600.0,0.6921,5600.0,0.6956,10700.0
1753617896916,12:04:56.916,bitmex,A/USDT:USDT,0.4615,800.0,0.4613,5600.0,0.6921,5600.0,0.6956,10700.0
1753617896966,12:04:56.966,bitmex,A/USDT:USDT,0.4615,800.0,0.4613,5600.0,0.6921,5600.0,0.6956,10700.0
1753617899083,12:04:59.083,bitmex,A/USDT:USDT,0.4615,800.0,0.4613,5600.0,0.6921,5600.0,0.6956,10700.0
1753617899133,12:04:59.133,bitmex,A/USDT:USDT,0.4615,800.0,0.4613,5600.0,0.6921,5600.0,0.6956,10700.0
1753617900970,12:05:00.970,bitmex,A/USDT:USDT,0.4615,800.0,0.4613,5600.0,0.6921,5600.0,0.6956,10700.0
1753617901019,12:05:01.019,bitmex,A/USDT:USDT,0.4615,800.0,0.4613,5600.0,0.6921,5600.0,0.6956,10700.0
1753617902864,12:05:02.864,bitmex,A/USDT:USDT,0.4615,800.0,0.4613,5600.0,0.6921,5600.0,0.6956,10700.0
1753617902913,12:05:02.913,bitmex,A/USDT:USDT,0.4615,800.0,0.4613,5600.0,0.6921,5500.0,0.6956,10700.0
1753617904986,12:05:04.986,bitmex,A/USDT:USDT,0.4615,800.0,0.4613,5600.0,0.6921,5500.0,0.6956,10700.0
1753617905035,12:05:05.035,bitmex,A/USDT:USDT,0.4615,800.0,0.4613,5600.0,0.6921,5500.0,0.6956,10700.0
1753617906661,12:05:06.661,bitmex,A/USDT:USDT,0.4615,800.0,0.4613,5600.0,0.6921,5500.0,0.6956,10700.0
1753617906711,12:05:06.711,bitmex,A/USDT:USDT,0.4615,800.0,0.4613,5600.0,0.6921,5500.0,0.6956,10700.0
1753617908524,12:05:08.524,bitmex,A/USDT:USDT,0.4615,800.0,0.4613,5600.0,0.6921,5500.0,0.6956,10700.0
1753617908573,12:05:08.573,bitmex,A/USDT:USDT,0.4615,800.0,0.4613,5600.0,0.6921,5500.0,0.6956,10700.0
1753617910617,12:05:10.617,bitmex,A/USDT:USDT,0.4615,800.0,0.4613,5600.0,0.6921,5500.0,0.6956,10700.0
1753617910667,12:05:10.667,bitmex,A/USDT:USDT,0.4615,800.0,0.4613,5600.0,0.6921,5500.0,0.6956,10700.0
1753617912424,12:05:12.424,bitmex,A/USDT:USDT,0.4615,800.0,0.4613,5600.0,0.6921,5500.0,0.6956,10700.0
1753617912474,12:05:12.474,bitmex,A/USDT:USDT,0.4615,800.0,0.4613,5600.0,0.6921,5500.0,0.6956,10700.0
1753617914384,12:05:14.384,bitmex,A/USDT:USDT,0.4615,800.0,0.4613,5600.0,0.6921,5500.0,0.6956,10700.0
1753617914434,12:05:14.434,bitmex,A/USDT:USDT,0.4615,800.0,0.4613,5300.0,0.6921,5500.0,0.6956,10700.0
1753617916458,12:05:16.458,bitmex,A/USDT:USDT,0.4615,800.0,0.4613,5300.0,0.6921,5500.0,0.6956,10300.0
1753617916508,12:05:16.508,bitmex,A/USDT:USDT,0.4615,800.0,0.4613,5300.0,0.6921,5500.0,0.6956,10300.0
1753617918285,12:05:18.285,bitmex,A/USDT:USDT,0.4615,6300.0,0.459,10000.0,0.6921,5500.0,0.6956,10300.0
1753617918334,12:05:18.334,bitmex,A/USDT:USDT,0.4615,5500.0,0.4591,800.0,0.6923,5500.0,0.6956,10300.0
1753617920283,12:05:20.283,bitmex,A/USDT:USDT,0.4615,5500.0,0.4591,800.0,0.6923,5500.0,0.6956,10300.0
1753617920333,12:05:20.333,bitmex,A/USDT:USDT,0.4615,5500.0,0.4591,800.0,0.6923,5500.0,0.6956,10300.0
1753617922414,12:05:22.414,bitmex,A/USDT:USDT,0.4615,5500.0,0.4591,800.0,0.6923,5500.0,0.6956,10300.0
1753617922463,12:05:22.463,bitmex,A/USDT:USDT,0.4615,5500.0,0.4591,800.0,0.6923,5500.0,0.6956,10300.0
1753617924152,12:05:24.152,bitmex,A/USDT:USDT,0.4615,5500.0,0.4591,800.0,0.6923,5500.0,0.6956,10300.0
1753617924202,12:05:24.202,bitmex,A/USDT:USDT,0.4615,5500.0,0.4591,800.0,0.6923,5500.0,0.6956,10300.0
1753617926147,12:05:26.147,bitmex,A/USDT:USDT,0.4591,800.0,0.459,10000.0,0.6923,5600.0,0.6956,10300.0
1753617926147,12:05:26.147,bitmex,A/USDT:USDT,0.4614,5400.0,0.4591,800.0,0.6923,5600.0,0.6956,10300.0
1753617928254,12:05:28.254,bitmex,A/USDT:USDT,0.4614,5400.0,0.4591,800.0,0.6923,5600.0,0.6956,10300.0
1753617928304,12:05:28.304,bitmex,A/USDT:USDT,0.4614,5400.0,0.4591,11400.0,0.6923,5600.0,0.6956,10300.0
1753617930004,12:05:30.004,bitmex,A/USDT:USDT,0.4614,5400.0,0.4591,11400.0,0.6923,5600.0,0.6956,10300.0
1753617930053,12:05:30.053,bitmex,A/USDT:USDT,0.4613,5500.0,0.4591,11400.0,0.6921,5300.0,0.6956,10300.0
1753617931957,12:05:31.957,bitmex,A/USDT:USDT,0.4613,5600.0,0.4591,11400.0,0.6921,5300.0,0.6956,10300.0
1753617932006,12:05:32.006,bitmex,A/USDT:USDT,0.4613,5600.0,0.4591,11400.0,0.6921,5200.0,0.6956,10300.0
1753617932055,12:05:32.055,bitmex,A/USDT:USDT,0.4613,5600.0,0.4591,11400.0,0.6921,5200.0,0.6956,10300.0
1753617933946,12:05:33.946,bitmex,A/USDT:USDT,0.4613,5600.0,0.4591,11400.0,0.6921,5200.0,0.6956,10300.0
1753617934004,12:05:34.004,bitmex,A/USDT:USDT,0.4613,5600.0,0.4591,11400.0,0.6921,5200.0,0.6956,10300.0
1753617935872,12:05:35.872,bitmex,A/USDT:USDT,0.4613,5600.0,0.4591,11400.0,0.6921,5200.0,0.6956,10300.0
1753617935922,12:05:35.922,bitmex,A/USDT:USDT,0.4613,5600.0,0.4591,11400.0,0.6921,5200.0,0.6956,10300.0
1753617937927,12:05:37.927,bitmex,A/USDT:USDT,0.4612,5200.0,0.4591,11400.0,0.6921,5200.0,0.6956,10300.0
1753617937977,12:05:37.977,bitmex,A/USDT:USDT,0.4612,5200.0,0.4591,11400.0,0.692,5600.0,0.6956,10300.0
1753617938026,12:05:38.026,bitmex,A/USDT:USDT,0.4612,5200.0,0.4591,11400.0,0.692,5600.0,0.6956,10300.0
1753617939963,12:05:39.963,bitmex,A/USDT:USDT,0.4612,5200.0,0.4591,11400.0,0.692,5200.0,0.6956,10300.0
1753617940013,12:05:40.013,bitmex,A/USDT:USDT,0.4612,5200.0,0.4591,11400.0,0.692,5200.0,0.6956,10300.0
1753617940062,12:05:40.062,bitmex,A/USDT:USDT,0.4613,5500.0,0.4591,11400.0,0.692,5200.0,0.6955,10400.0
1753617941724,12:05:41.724,bitmex,A/USDT:USDT,0.4613,5500.0,0.4591,11400.0,0.692,5200.0,0.6955,10400.0
1753617941774,12:05:41.774,bitmex,A/USDT:USDT,0.4613,5500.0,0.4591,11400.0,0.692,5200.0,0.6955,10400.0
1753617943685,12:05:43.685,bitmex,A/USDT:USDT,0.4613,5500.0,0.4591,11400.0,0.692,5200.0,0.6955,10400.0
1753617943734,12:05:43.734,bitmex,A/USDT:USDT,0.4613,5500.0,0.4591,11400.0,0.692,5200.0,0.6955,10400.0
1753617945783,12:05:45.783,bitmex,A/USDT:USDT,0.4613,5500.0,0.4591,11400.0,0.692,5200.0,0.6955,10400.0
1753617945833,12:05:45.833,bitmex,A/USDT:USDT,0.4613,5600.0,0.4591,11400.0,0.692,5600.0,0.6955,10400.0
1753617947597,12:05:47.597,bitmex,A/USDT:USDT,0.4613,5600.0,0.4591,11400.0,0.692,5600.0,0.6955,10400.0
1753617947647,12:05:47.647,bitmex,A/USDT:USDT,0.4613,5600.0,0.4591,11400.0,0.692,5600.0,0.6955,10400.0
1753617949601,12:05:49.601,bitmex,A/USDT:USDT,0.4613,5600.0,0.4591,11400.0,0.692,5600.0,0.6955,10400.0
1753617949651,12:05:49.651,bitmex,A/USDT:USDT,0.4613,5600.0,0.4591,11400.0,0.692,5600.0,0.6955,10400.0
1753617951519,12:05:51.519,bitmex,A/USDT:USDT,0.4613,5600.0,0.4591,11400.0,0.692,5600.0,0.6955,10400.0
1753617951568,12:05:51.568,bitmex,A/USDT:USDT,0.4612,5200.0,0.4591,800.0,0.692,5600.0,0.6955,10400.0
1753617954144,12:05:54.144,bitmex,A/USDT:USDT,0.4612,5200.0,0.4591,800.0,0.692,5600.0,0.6955,10400.0
1753617954193,12:05:54.193,bitmex,A/USDT:USDT,0.4612,5200.0,0.4591,800.0,0.692,5600.0,0.6955,10400.0
1753617955996,12:05:55.996,bitmex,A/USDT:USDT,0.4612,5200.0,0.4591,800.0,0.692,5300.0,0.6955,10400.0
1753617956045,12:05:56.045,bitmex,A/USDT:USDT,0.4612,5400.0,0.4591,800.0,0.692,5300.0,0.6955,10400.0
1753617956094,12:05:56.094,bitmex,A/USDT:USDT,0.4612,5400.0,0.4591,800.0,0.692,5300.0,0.6955,10400.0
1753617958174,12:05:58.174,bitmex,A/USDT:USDT,0.4612,5400.0,0.4591,800.0,0.692,5300.0,0.6955,10400.0
1753617958234,12:05:58.234,bitmex,A/USDT:USDT,0.4612,5400.0,0.4591,800.0,0.692,5300.0,0.6955,10400.0
1753617959635,12:05:59.635,bitmex,A/USDT:USDT,0.4612,5400.0,0.4591,800.0,0.692,5300.0,0.6955,10400.0
1753617959685,12:05:59.685,bitmex,A/USDT:USDT,0.4612,5400.0,0.4591,800.0,0.692,5300.0,0.6955,10400.0
1753617961920,12:06:01.920,bitmex,A/USDT:USDT,0.4612,5600.0,0.4591,800.0,0.6919,5500.0,0.6955,10400.0
1753617961969,12:06:01.969,bitmex,A/USDT:USDT,0.4612,5600.0,0.4591,800.0,0.6919,5500.0,0.6955,10400.0
1753617963859,12:06:03.859,bitmex,A/USDT:USDT,0.4612,5600.0,0.4591,800.0,0.6919,5300.0,0.6955,10400.0
1753617963916,12:06:03.916,bitmex,A/USDT:USDT,0.4612,5600.0,0.4591,800.0,0.6919,5300.0,0.6954,10300.0
1753617963965,12:06:03.965,bitmex,A/USDT:USDT,0.4612,5400.0,0.4591,800.0,0.6919,5300.0,0.6954,10300.0
1753617965557,12:06:05.557,bitmex,A/USDT:USDT,0.4612,5600.0,0.4591,800.0,0.6919,5300.0,0.6954,10300.0
1753617965606,12:06:05.606,bitmex,A/USDT:USDT,0.4612,5600.0,0.4591,800.0,0.6919,5300.0,0.6954,10300.0
1753617969469,12:06:09.469,bitmex,A/USDT:USDT,0.4612,5600.0,0.4591,800.0,0.6918,5300.0,0.6954,10300.0
1753617969519,12:06:09.519,bitmex,A/USDT:USDT,0.4611,5500.0,0.4591,800.0,0.6918,5300.0,0.6954,10300.0
1753617971283,12:06:11.283,bitmex,A/USDT:USDT,0.4611,5500.0,0.4591,800.0,0.6918,5300.0,0.6954,10300.0
1753617971333,12:06:11.333,bitmex,A/USDT:USDT,0.4611,5500.0,0.4591,800.0,0.6918,5300.0,0.6954,10300.0
1753617973257,12:06:13.257,bitmex,A/USDT:USDT,0.4611,5500.0,0.4591,800.0,0.6918,5300.0,0.6954,10300.0
1753617973306,12:06:13.306,bitmex,A/USDT:USDT,0.4611,5500.0,0.4591,800.0,0.6918,5300.0,0.6954,10300.0
1753617975136,12:06:15.136,bitmex,A/USDT:USDT,0.4591,800.0,0.0001,100000000.0,0.6918,5300.0,0.6954,10300.0
1753617975186,12:06:15.186,bitmex,A/USDT:USDT,0.0001,100000000.0,,,0.6918,5300.0,0.6954,10300.0
1753617975275,12:06:15.275,bitmex,A/USDT:USDT,0.0001,100000000.0,,,1.0,1000.0,10.0,100000.0
1753617979766,12:06:19.766,bitmex,A/USDT:USDT,0.0001,100000000.0,,,0.6919,5600.0,1.0,1000.0
1753617979816,12:06:19.816,bitmex,A/USDT:USDT,0.4612,5500.0,0.427,14500.0,0.6919,5600.0,1.0,1000.0
1753617979866,12:06:19.866,bitmex,A/USDT:USDT,0.4612,5500.0,0.427,14500.0,0.6919,5600.0,0.7099,14100.0
1753617980355,12:06:20.355,bitmex,A/USDT:USDT,0.4612,5500.0,0.4271,800.0,0.6919,5600.0,0.7099,14100.0
1753617982455,12:06:22.455,bitmex,A/USDT:USDT,0.4613,5400.0,0.4271,800.0,0.6919,5600.0,0.7099,14100.0
1753617982504,12:06:22.504,bitmex,A/USDT:USDT,0.4613,5400.0,0.4271,800.0,0.6921,5600.0,0.7099,14100.0
1753617982553,12:06:22.553,bitmex,A/USDT:USDT,0.4613,5400.0,0.459,10500.0,0.6921,5600.0,0.7099,14100.0
1753617984240,12:06:24.240,bitmex,A/USDT:USDT,0.4613,5400.0,0.459,10500.0,0.6921,5600.0,0.7099,14100.0
1753617984296,12:06:24.296,bitmex,A/USDT:USDT,0.4613,5400.0,0.459,10500.0,0.6921,5600.0,0.7099,14100.0
1753617985253,12:06:25.253,bitmex,A/USDT:USDT,0.4613,5400.0,0.459,10500.0,0.6921,5600.0,0.7099,14100.0
1753617985302,12:06:25.302,bitmex,A/USDT:USDT,0.4613,5400.0,0.4591,800.0,0.6921,5600.0,0.7099,14100.0
1753617986343,12:06:26.343,bitmex,A/USDT:USDT,0.4613,5400.0,0.4591,800.0,0.6921,5600.0,0.7099,14100.0
1753617986393,12:06:26.393,bitmex,A/USDT:USDT,0.4613,5400.0,0.4591,800.0,0.6921,5600.0,0.7099,14100.0
1753617988216,12:06:28.216,bitmex,A/USDT:USDT,0.4613,5400.0,0.4591,800.0,0.6921,5600.0,0.7099,14100.0
1753617988265,12:06:28.265,bitmex,A/USDT:USDT,0.4613,5400.0,0.4591,800.0,0.6921,5600.0,0.7099,14100.0
1753617990084,12:06:30.084,bitmex,A/USDT:USDT,0.4613,5400.0,0.4591,800.0,0.6921,5600.0,0.7099,14100.0
1753617990133,12:06:30.133,bitmex,A/USDT:USDT,0.4613,5400.0,0.4591,800.0,0.6921,5600.0,0.7099,14100.0
1753617992215,12:06:32.215,bitmex,A/USDT:USDT,0.4613,5400.0,0.4591,800.0,0.6921,5600.0,0.7099,14100.0
1753617992265,12:06:32.265,bitmex,A/USDT:USDT,0.4613,5400.0,0.4591,800.0,0.6921,5600.0,0.7099,14100.0
1753617994043,12:06:34.043,bitmex,A/USDT:USDT,0.4613,5400.0,0.4591,800.0,0.6921,5600.0,0.7099,14100.0
1753617994092,12:06:34.092,bitmex,A/USDT:USDT,0.4613,5400.0,0.4591,800.0,0.6921,5600.0,0.6956,10800.0
1753617995945,12:06:35.945,bitmex,A/USDT:USDT,0.4613,5400.0,0.4591,800.0,0.6922,5300.0,0.6956,10800.0
1753617995995,12:06:35.995,bitmex,A/USDT:USDT,0.4614,5600.0,0.4591,800.0,0.6922,5300.0,0.6956,10800.0
1753617996044,12:06:36.044,bitmex,A/USDT:USDT,0.4614,5600.0,0.4591,800.0,0.6922,5300.0,0.6956,10800.0
