timestamp,time,exchange,symbol,bid1_price,bid1_volume,bid2_price,bid2_volume,ask1_price,ask1_volume,ask2_price,ask2_volume
1753617155054,11:52:35.054,binance,AERO/USDT:USDT,0.8976,12.6,0.8975,538.5,0.8977,93.4,0.8978,145.7
1753617155921,11:52:35.921,binance,AERO/USDT:USDT,0.8976,12.6,0.8975,538.5,0.8977,116.1,0.8978,145.7
1753617156557,11:52:36.557,binance,AERO/USDT:USDT,0.8976,12.6,0.8975,538.5,0.8977,116.1,0.8978,145.7
1753617156821,11:52:36.821,binance,AERO/USDT:USDT,0.8976,12.6,0.8975,538.5,0.8977,116.1,0.8978,145.7
1753617157152,11:52:37.152,binance,AERO/USDT:USDT,0.8976,12.6,0.8975,538.5,0.8977,116.1,0.8978,145.7
1753617157395,11:52:37.395,binance,AERO/USDT:USDT,0.8976,12.6,0.8975,538.5,0.8977,116.1,0.8978,145.7
1753617158139,11:52:38.139,binance,AERO/USDT:USDT,0.8976,12.6,0.8975,538.5,0.8977,116.1,0.8978,145.7
1753617158461,11:52:38.461,binance,AERO/USDT:USDT,0.8976,12.6,0.8975,538.5,0.8977,116.1,0.8978,145.7
1753617159891,11:52:39.891,binance,AERO/USDT:USDT,0.8976,12.6,0.8975,538.5,0.8977,22.7,0.8978,145.7
1753617160035,11:52:40.035,binance,AERO/USDT:USDT,0.8976,12.6,0.8975,538.5,0.8977,22.7,0.8978,145.7
1753617160203,11:52:40.203,binance,AERO/USDT:USDT,0.8976,12.6,0.8975,538.5,0.8977,22.7,0.8978,145.7
1753617160556,11:52:40.556,binance,AERO/USDT:USDT,0.8976,12.6,0.8975,538.5,0.8977,116.1,0.8978,145.7
1753617160802,11:52:40.802,binance,AERO/USDT:USDT,0.8976,12.6,0.8975,538.5,0.8977,116.1,0.8978,145.7
1753617161318,11:52:41.318,binance,AERO/USDT:USDT,0.8976,12.6,0.8975,538.5,0.8977,116.1,0.8978,145.7
1753617161945,11:52:41.945,binance,AERO/USDT:USDT,0.8976,12.6,0.8975,538.5,0.8977,116.1,0.8978,164.1
1753617162860,11:52:42.860,binance,AERO/USDT:USDT,0.8976,271.9,0.8975,538.5,0.8977,22.7,0.8978,24.0
1753617163451,11:52:43.451,binance,AERO/USDT:USDT,0.8976,271.9,0.8975,538.5,0.8977,22.7,0.8978,24.0
1753617164002,11:52:44.002,binance,AERO/USDT:USDT,0.8976,271.9,0.8975,538.5,0.8977,22.7,0.8978,24.0
1753617164259,11:52:44.259,binance,AERO/USDT:USDT,0.8976,271.9,0.8975,538.5,0.8977,22.7,0.8978,24.0
1753617164505,11:52:44.505,binance,AERO/USDT:USDT,0.8976,271.9,0.8975,538.5,0.8977,22.7,0.8978,24.0
1753617164664,11:52:44.664,binance,AERO/USDT:USDT,0.8977,93.4,0.8976,501.8,0.8978,24.0,0.8979,227.8
1753617164777,11:52:44.777,binance,AERO/USDT:USDT,0.8977,93.4,0.8976,501.8,0.8978,24.0,0.8979,227.8
1753617165418,11:52:45.418,binance,AERO/USDT:USDT,0.8977,93.4,0.8976,501.8,0.8978,24.0,0.8979,227.8
1753617165705,11:52:45.705,binance,AERO/USDT:USDT,0.8977,93.4,0.8976,501.8,0.8978,24.0,0.8979,227.8
1753617166597,11:52:46.597,binance,AERO/USDT:USDT,0.8977,93.4,0.8976,501.8,0.8978,24.0,0.8979,227.8
1753617167373,11:52:47.373,binance,AERO/USDT:USDT,0.8977,93.4,0.8976,501.8,0.8978,24.0,0.8979,227.8
1753617167813,11:52:47.813,binance,AERO/USDT:USDT,0.8977,93.4,0.8976,501.8,0.8978,29.9,0.8979,227.8
1753617168063,11:52:48.063,binance,AERO/USDT:USDT,0.8977,93.4,0.8976,501.8,0.8978,29.9,0.8979,227.8
1753617168171,11:52:48.171,binance,AERO/USDT:USDT,0.8977,93.4,0.8976,501.8,0.8978,29.9,0.8979,227.8
1753617168602,11:52:48.602,binance,AERO/USDT:USDT,0.8977,93.4,0.8976,501.8,0.8978,29.9,0.8979,227.8
1753617168746,11:52:48.746,binance,AERO/USDT:USDT,0.8977,93.4,0.8976,501.8,0.8978,29.9,0.8979,227.8
1753617169802,11:52:49.802,binance,AERO/USDT:USDT,0.8977,93.4,0.8976,501.8,0.8978,29.9,0.8979,227.8
1753617169941,11:52:49.941,binance,AERO/USDT:USDT,0.8977,93.4,0.8976,423.1,0.8978,29.9,0.8979,227.8
1753617170314,11:52:50.314,binance,AERO/USDT:USDT,0.8976,12.6,0.8975,538.5,0.8978,29.9,0.8979,227.8
1753617170421,11:52:50.421,binance,AERO/USDT:USDT,0.8977,5.9,0.8976,12.6,0.8978,29.9,0.8979,351.6
1753617170536,11:52:50.536,binance,AERO/USDT:USDT,0.8977,5.9,0.8976,12.6,0.8978,29.9,0.8979,351.6
1753617170783,11:52:50.783,binance,AERO/USDT:USDT,0.8977,5.9,0.8976,164.0,0.8978,29.9,0.8979,351.6
1753617170951,11:52:50.951,binance,AERO/USDT:USDT,0.8977,5.9,0.8976,164.0,0.8978,29.9,0.8979,351.6
1753617171491,11:52:51.491,binance,AERO/USDT:USDT,0.8977,146.0,0.8976,164.0,0.8978,29.9,0.8979,299.9
1753617171610,11:52:51.610,binance,AERO/USDT:USDT,0.8977,405.3,0.8976,164.0,0.8978,29.9,0.8979,124.4
1753617171769,11:52:51.769,binance,AERO/USDT:USDT,0.8978,51.7,0.8977,146.0,0.8979,124.4,0.898,31.0
1753617171915,11:52:51.915,binance,AERO/USDT:USDT,0.8978,145.1,0.8977,146.0,0.8979,31.0,0.898,31.0
1753617172046,11:52:52.046,binance,AERO/USDT:USDT,0.8978,404.4,0.8977,146.0,0.8979,31.0,0.898,31.0
1753617172442,11:52:52.442,binance,AERO/USDT:USDT,0.8978,404.4,0.8977,557.3,0.8979,31.0,0.898,31.0
1753617172893,11:52:52.893,binance,AERO/USDT:USDT,0.8978,404.4,0.8977,557.3,0.8979,31.0,0.898,31.0
1753617173202,11:52:53.202,binance,AERO/USDT:USDT,0.8978,404.4,0.8977,557.3,0.8979,31.0,0.898,31.0
1753617173699,11:52:53.699,binance,AERO/USDT:USDT,0.8977,5.9,0.8976,708.4,0.8979,124.4,0.898,477.5
1753617173802,11:52:53.802,binance,AERO/USDT:USDT,0.8977,5.9,0.8976,593.7,0.8979,124.4,0.898,477.5
1753617174191,11:52:54.191,binance,AERO/USDT:USDT,0.8977,99.3,0.8976,593.7,0.8979,124.4,0.898,477.5
1753617174381,11:52:54.381,binance,AERO/USDT:USDT,0.8977,99.3,0.8976,593.7,0.8979,124.4,0.898,477.5
1753617174739,11:52:54.739,binance,AERO/USDT:USDT,0.8977,99.3,0.8976,593.7,0.8979,124.4,0.898,477.5
1753617174901,11:52:54.901,binance,AERO/USDT:USDT,0.8977,99.3,0.8976,593.7,0.8979,124.4,0.898,477.5
1753617175744,11:52:55.744,binance,AERO/USDT:USDT,0.8977,5.9,0.8976,593.7,0.8979,124.4,0.898,477.5
1753617175902,11:52:55.902,binance,AERO/USDT:USDT,0.8977,5.9,0.8976,593.7,0.8979,124.4,0.898,477.5
1753617176201,11:52:56.201,binance,AERO/USDT:USDT,0.8977,5.9,0.8976,593.7,0.8979,130.3,0.898,477.5
1753617176461,11:52:56.461,binance,AERO/USDT:USDT,0.8977,5.9,0.8976,593.7,0.8979,130.3,0.898,477.5
1753617176649,11:52:56.649,binance,AERO/USDT:USDT,0.8977,5.9,0.8976,593.7,0.8979,130.3,0.898,477.5
1753617176959,11:52:56.959,binance,AERO/USDT:USDT,0.8977,5.9,0.8976,593.7,0.8979,130.3,0.898,477.5
1753617177481,11:52:57.481,binance,AERO/USDT:USDT,0.8977,5.9,0.8976,593.7,0.8979,130.3,0.898,477.5
1753617178001,11:52:58.001,binance,AERO/USDT:USDT,0.8977,5.9,0.8976,593.7,0.8979,130.3,0.898,477.5
1753617178878,11:52:58.878,binance,AERO/USDT:USDT,0.8977,5.9,0.8976,182.4,0.8978,51.7,0.8979,181.1
1753617179091,11:52:59.091,binance,AERO/USDT:USDT,0.8977,5.9,0.8976,182.4,0.8979,181.1,0.898,477.5
1753617179243,11:52:59.243,binance,AERO/USDT:USDT,0.8977,5.9,0.8976,182.4,0.8978,243.5,0.8979,590.9
1753617179372,11:52:59.372,binance,AERO/USDT:USDT,0.8977,5.9,0.8976,31.0,0.8978,380.6,0.8979,540.1
1753617179481,11:52:59.481,binance,AERO/USDT:USDT,0.8976,12.6,0.8975,124.4,0.8977,144.2,0.8978,243.5
1753617179597,11:52:59.597,binance,AERO/USDT:USDT,0.8976,12.6,0.8975,124.4,0.8977,144.2,0.8978,261.9
1753617179700,11:52:59.700,binance,AERO/USDT:USDT,0.8976,12.6,0.8975,124.4,0.8977,144.2,0.8978,261.9
1753617179805,11:52:59.805,binance,AERO/USDT:USDT,0.8976,12.6,0.8975,124.4,0.8977,144.2,0.8978,261.9
1753617179915,11:52:59.915,binance,AERO/USDT:USDT,0.8976,12.6,0.8975,124.4,0.8977,144.2,0.8978,261.9
1753617180016,11:53:00.016,binance,AERO/USDT:USDT,0.8976,12.6,0.8975,124.4,0.8977,144.2,0.8978,261.9
1753617180121,11:53:00.121,binance,AERO/USDT:USDT,0.8976,12.6,0.8975,124.4,0.8977,144.2,0.8978,261.9
1753617180251,11:53:00.251,binance,AERO/USDT:USDT,0.8976,12.6,0.8975,124.4,0.8977,144.2,0.8978,261.9
1753617180441,11:53:00.441,binance,AERO/USDT:USDT,0.8976,12.6,0.8975,124.4,0.8977,93.4,0.8978,261.9
1753617180544,11:53:00.544,binance,AERO/USDT:USDT,0.8976,12.6,0.8975,124.4,0.8977,93.4,0.8978,267.5
1753617180702,11:53:00.702,binance,AERO/USDT:USDT,0.8976,12.6,0.8975,124.4,0.8977,93.4,0.8978,267.5
1753617180827,11:53:00.827,binance,AERO/USDT:USDT,0.8976,12.6,0.8975,124.4,0.8977,93.4,0.8978,267.5
1753617181090,11:53:01.090,binance,AERO/USDT:USDT,0.8976,18.5,0.8975,124.4,0.8977,93.4,0.8978,267.5
1753617181302,11:53:01.302,binance,AERO/USDT:USDT,0.8976,18.5,0.8975,124.4,0.8977,93.4,0.8978,267.5
1753617181536,11:53:01.536,binance,AERO/USDT:USDT,0.8976,18.5,0.8975,124.4,0.8977,99.3,0.8978,267.5
1753617181663,11:53:01.663,binance,AERO/USDT:USDT,0.8976,18.5,0.8975,124.4,0.8977,99.3,0.8978,267.5
1753617181902,11:53:01.902,binance,AERO/USDT:USDT,0.8976,18.5,0.8975,124.4,0.8977,105.2,0.8978,267.5
1753617182253,11:53:02.253,binance,AERO/USDT:USDT,0.8976,70.2,0.8975,213.7,0.8977,11.8,0.8978,24.0
1753617182401,11:53:02.401,binance,AERO/USDT:USDT,0.8976,329.5,0.8975,213.7,0.8977,11.8,0.8978,24.0
1753617182588,11:53:02.588,binance,AERO/USDT:USDT,0.8976,329.5,0.8975,213.7,0.8977,11.8,0.8978,24.0
1753617182690,11:53:02.690,binance,AERO/USDT:USDT,0.8977,643.3,0.8976,88.6,0.8978,5.6,0.8979,18.5
1753617182791,11:53:02.791,binance,AERO/USDT:USDT,0.8977,902.6,0.8976,88.6,0.8978,5.6,0.8979,18.5
1753617182895,11:53:02.895,binance,AERO/USDT:USDT,0.8977,902.6,0.8976,88.6,0.8978,5.6,0.8979,18.5
1753617183002,11:53:03.002,binance,AERO/USDT:USDT,0.8977,902.6,0.8976,88.6,0.8978,5.6,0.8979,18.5
1753617183207,11:53:03.207,binance,AERO/USDT:USDT,0.8977,902.6,0.8976,88.6,0.8978,5.6,0.8979,18.5
1753617183356,11:53:03.356,binance,AERO/USDT:USDT,0.8977,902.6,0.8976,88.6,0.8978,5.6,0.8979,18.5
1753617183472,11:53:03.472,binance,AERO/USDT:USDT,0.8977,902.6,0.8976,88.6,0.8978,5.6,0.8979,18.5
1753617183583,11:53:03.583,binance,AERO/USDT:USDT,0.8979,56.4,0.8978,840.8,0.898,66.2,0.8981,66.2
1753617183692,11:53:03.692,binance,AERO/USDT:USDT,0.8979,466.2,0.8978,840.8,0.898,31.0,0.8981,66.2
1753617183834,11:53:03.834,binance,AERO/USDT:USDT,0.898,62.4,0.8979,725.5,0.8981,66.2,0.8982,49.4
1753617183954,11:53:03.954,binance,AERO/USDT:USDT,0.8981,14.6,0.898,846.4,0.8982,49.4,0.8983,83.7
1753617184065,11:53:04.065,binance,AERO/USDT:USDT,0.8981,906.5,0.898,673.0,0.8983,83.7,0.8984,205.8
1753617184274,11:53:04.274,binance,AERO/USDT:USDT,0.8982,409.8,0.8981,817.0,0.8983,30.1,0.8984,38.8
1753617184378,11:53:04.378,binance,AERO/USDT:USDT,0.8982,409.8,0.8981,817.0,0.8983,30.1,0.8984,38.8
1753617184487,11:53:04.487,binance,AERO/USDT:USDT,0.8982,409.8,0.8981,817.0,0.8983,30.1,0.8984,38.8
1753617184599,11:53:04.599,binance,AERO/USDT:USDT,0.8982,409.8,0.8981,817.0,0.8983,30.1,0.8984,38.8
1753617184774,11:53:04.774,binance,AERO/USDT:USDT,0.8982,409.8,0.8981,817.0,0.8983,30.1,0.8984,38.8
1753617184891,11:53:04.891,binance,AERO/USDT:USDT,0.8982,409.8,0.8981,817.0,0.8983,30.1,0.8984,38.8
1753617185102,11:53:05.102,binance,AERO/USDT:USDT,0.8982,669.1,0.8981,817.0,0.8983,30.1,0.8984,38.8
1753617185208,11:53:05.208,binance,AERO/USDT:USDT,0.8982,669.1,0.8981,817.0,0.8983,30.1,0.8984,38.8
1753617185322,11:53:05.322,binance,AERO/USDT:USDT,0.8982,669.1,0.8981,817.0,0.8983,30.1,0.8984,38.8
1753617185593,11:53:05.593,binance,AERO/USDT:USDT,0.8982,669.1,0.8981,817.0,0.8983,30.1,0.8984,38.8
1753617185695,11:53:05.695,binance,AERO/USDT:USDT,0.8982,669.1,0.8981,817.0,0.8983,30.1,0.8984,38.8
1753617185875,11:53:05.875,binance,AERO/USDT:USDT,0.8982,669.1,0.8981,786.0,0.8983,30.1,0.8984,38.8
1753617186640,11:53:06.640,binance,AERO/USDT:USDT,0.8982,669.1,0.8981,786.0,0.8983,30.1,0.8984,38.8
1753617186746,11:53:06.746,binance,AERO/USDT:USDT,0.8982,669.1,0.8981,786.0,0.8983,30.1,0.8984,38.8
1753617186965,11:53:06.965,binance,AERO/USDT:USDT,0.8982,669.1,0.8981,786.0,0.8983,30.1,0.8984,56.2
1753617187102,11:53:07.102,binance,AERO/USDT:USDT,0.8982,669.1,0.8981,786.0,0.8983,30.1,0.8984,56.2
1753617187211,11:53:07.211,binance,AERO/USDT:USDT,0.8982,669.1,0.8981,786.0,0.8983,30.1,0.8984,56.2
1753617187891,11:53:07.891,binance,AERO/USDT:USDT,0.8982,669.1,0.8981,786.0,0.8983,30.1,0.8984,56.2
1753617188566,11:53:08.566,binance,AERO/USDT:USDT,0.8982,669.1,0.8981,786.0,0.8983,30.1,0.8984,56.2
1753617188802,11:53:08.802,binance,AERO/USDT:USDT,0.8982,669.1,0.8981,786.0,0.8983,30.1,0.8984,56.2
1753617189514,11:53:09.514,binance,AERO/USDT:USDT,0.8982,669.1,0.8981,786.0,0.8983,30.1,0.8984,56.2
1753617189696,11:53:09.696,binance,AERO/USDT:USDT,0.8982,669.1,0.8981,786.0,0.8983,30.1,0.8984,56.2
1753617189873,11:53:09.873,binance,AERO/USDT:USDT,0.8982,669.1,0.8981,786.0,0.8983,30.1,0.8984,56.2
1753617190002,11:53:10.002,binance,AERO/USDT:USDT,0.8982,669.1,0.8981,786.0,0.8983,30.1,0.8984,56.2
1753617190551,11:53:10.551,binance,AERO/USDT:USDT,0.8982,669.1,0.8981,786.0,0.8983,30.1,0.8984,56.2
1753617190818,11:53:10.818,binance,AERO/USDT:USDT,0.8982,669.1,0.8981,786.0,0.8983,30.1,0.8984,56.2
1753617190938,11:53:10.938,binance,AERO/USDT:USDT,0.8982,669.1,0.8981,786.0,0.8983,30.1,0.8984,56.2
1753617191102,11:53:11.102,binance,AERO/USDT:USDT,0.8982,669.1,0.8981,786.0,0.8983,30.1,0.8984,56.2
1753617191204,11:53:11.204,binance,AERO/USDT:USDT,0.8982,669.1,0.8981,786.0,0.8983,30.1,0.8984,56.2
1753617191473,11:53:11.473,binance,AERO/USDT:USDT,0.8982,669.1,0.8981,786.0,0.8983,30.1,0.8984,56.2
1753617191612,11:53:11.612,binance,AERO/USDT:USDT,0.8982,669.1,0.8981,786.0,0.8983,30.1,0.8984,56.2
1753617191722,11:53:11.722,binance,AERO/USDT:USDT,0.8982,669.1,0.8981,786.0,0.8983,30.1,0.8984,56.2
1753617191915,11:53:11.915,binance,AERO/USDT:USDT,0.8982,669.1,0.8981,786.0,0.8983,30.1,0.8984,56.2
1753617192666,11:53:12.666,binance,AERO/USDT:USDT,0.8982,669.1,0.8981,786.0,0.8983,30.1,0.8984,56.2
1753617192841,11:53:12.841,binance,AERO/USDT:USDT,0.8982,669.1,0.8981,786.0,0.8983,30.1,0.8984,56.2
1753617192946,11:53:12.946,binance,AERO/USDT:USDT,0.8982,669.1,0.8981,786.0,0.8983,30.1,0.8984,56.2
1753617193644,11:53:13.644,binance,AERO/USDT:USDT,0.8982,669.1,0.8981,786.0,0.8983,30.1,0.8984,56.2
1753617193902,11:53:13.902,binance,AERO/USDT:USDT,0.8982,669.1,0.8981,786.0,0.8983,30.1,0.8984,56.2
1753617194045,11:53:14.045,binance,AERO/USDT:USDT,0.8982,669.1,0.8981,786.0,0.8983,30.1,0.8984,56.2
1753617194503,11:53:14.503,binance,AERO/USDT:USDT,0.8982,669.1,0.8981,786.0,0.8983,30.1,0.8984,56.2
1753617194608,11:53:14.608,binance,AERO/USDT:USDT,0.8982,669.1,0.8981,786.0,0.8983,30.1,0.8984,56.2
1753617194817,11:53:14.817,binance,AERO/USDT:USDT,0.8982,669.1,0.8981,786.0,0.8983,30.1,0.8984,56.2
1753617195102,11:53:15.102,binance,AERO/USDT:USDT,0.8982,669.1,0.8981,786.0,0.8983,30.1,0.8984,56.2
1753617195338,11:53:15.338,binance,AERO/USDT:USDT,0.8982,669.1,0.8981,786.0,0.8983,30.1,0.8984,56.2
1753617195702,11:53:15.702,binance,AERO/USDT:USDT,0.8982,669.1,0.8981,786.0,0.8983,30.1,0.8984,56.2
1753617196302,11:53:16.302,binance,AERO/USDT:USDT,0.8982,669.1,0.8981,786.0,0.8983,30.1,0.8984,56.2
1753617196677,11:53:16.677,binance,AERO/USDT:USDT,0.8982,669.1,0.8981,786.0,0.8983,30.1,0.8984,56.2
1753617196902,11:53:16.902,binance,AERO/USDT:USDT,0.8982,669.1,0.8981,786.0,0.8983,30.1,0.8984,56.2
1753617197040,11:53:17.040,binance,AERO/USDT:USDT,0.8983,954.3,0.8982,409.8,0.8984,37.8,0.8985,31.0
1753617197153,11:53:17.153,binance,AERO/USDT:USDT,0.8983,954.3,0.8982,428.2,0.8984,37.8,0.8985,31.0
1753617197258,11:53:17.258,binance,AERO/USDT:USDT,0.8983,954.3,0.8982,428.2,0.8984,37.8,0.8985,31.0
1753617197424,11:53:17.424,binance,AERO/USDT:USDT,0.8983,954.3,0.8982,428.2,0.8984,37.8,0.8985,31.0
1753617197805,11:53:17.805,binance,AERO/USDT:USDT,0.8983,954.3,0.8982,428.2,0.8984,37.8,0.8985,31.0
1753617197909,11:53:17.909,binance,AERO/USDT:USDT,0.8983,954.3,0.8982,428.2,0.8984,37.8,0.8985,31.0
1753617198102,11:53:18.102,binance,AERO/USDT:USDT,0.8983,954.3,0.8982,428.2,0.8984,37.8,0.8985,31.0
1753617198702,11:53:18.702,binance,AERO/USDT:USDT,0.8983,954.3,0.8982,428.2,0.8984,37.8,0.8985,31.0
1753617199279,11:53:19.279,binance,AERO/USDT:USDT,0.8984,421.0,0.8983,713.4,0.8985,12.6,0.8986,49.4
1753617199383,11:53:19.383,binance,AERO/USDT:USDT,0.8983,695.0,0.8982,716.1,0.8985,157.7,0.8986,49.4
1753617199522,11:53:19.522,binance,AERO/USDT:USDT,0.8983,695.0,0.8982,716.1,0.8985,157.7,0.8986,49.4
1753617199648,11:53:19.648,binance,AERO/USDT:USDT,0.8983,93.4,0.8982,716.1,0.8985,157.7,0.8986,49.4
1753617199760,11:53:19.760,binance,AERO/USDT:USDT,0.8983,150.0,0.8982,951.4,0.8985,157.7,0.8986,470.4
1753617199941,11:53:19.941,binance,AERO/USDT:USDT,0.8983,56.6,0.8982,541.6,0.8984,242.6,0.8985,244.0
1753617200042,11:53:20.042,binance,AERO/USDT:USDT,0.8982,7.0,0.8981,130.1,0.8983,145.1,0.8984,669.2
1753617200145,11:53:20.145,binance,AERO/USDT:USDT,0.8982,7.0,0.8981,130.1,0.8983,282.2,0.8984,618.4
1753617200298,11:53:20.298,binance,AERO/USDT:USDT,0.8982,7.0,0.8981,130.1,0.8983,282.2,0.8984,618.4
1753617200403,11:53:20.403,binance,AERO/USDT:USDT,0.8982,7.0,0.8981,130.1,0.8983,282.2,0.8984,618.4
1753617200505,11:53:20.505,binance,AERO/USDT:USDT,0.8982,7.0,0.8981,130.1,0.8983,282.2,0.8984,618.4
1753617200661,11:53:20.661,binance,AERO/USDT:USDT,0.8982,7.0,0.8981,130.1,0.8983,282.2,0.8984,618.4
1753617200769,11:53:20.769,binance,AERO/USDT:USDT,0.8982,7.0,0.8981,130.1,0.8983,282.2,0.8984,618.4
1753617201003,11:53:21.003,binance,AERO/USDT:USDT,0.8982,100.4,0.8981,551.1,0.8984,57.3,0.8985,124.4
1753617201106,11:53:21.106,binance,AERO/USDT:USDT,0.8982,100.4,0.8981,551.1,0.8984,5.6,0.8985,215.3
1753617201224,11:53:21.224,binance,AERO/USDT:USDT,0.8983,51.7,0.8982,521.4,0.8984,5.6,0.8985,124.4
1753617201365,11:53:21.365,binance,AERO/USDT:USDT,0.8983,51.7,0.8982,521.4,0.8984,5.6,0.8985,124.4
1753617201678,11:53:21.678,binance,AERO/USDT:USDT,0.8983,51.7,0.8982,521.4,0.8984,5.6,0.8985,124.4
1753617201781,11:53:21.781,binance,AERO/USDT:USDT,0.8983,51.7,0.8982,521.4,0.8984,5.6,0.8985,124.4
1753617201955,11:53:21.955,binance,AERO/USDT:USDT,0.8983,51.7,0.8982,521.4,0.8984,5.6,0.8985,124.4
1753617202251,11:53:22.251,binance,AERO/USDT:USDT,0.8983,51.7,0.8982,521.4,0.8984,5.6,0.8985,124.4
1753617202802,11:53:22.802,binance,AERO/USDT:USDT,0.8983,51.7,0.8982,521.4,0.8984,5.6,0.8985,124.4
1753617203019,11:53:23.019,binance,AERO/USDT:USDT,0.8983,51.7,0.8982,521.4,0.8984,17.8,0.8985,124.4
1753617203206,11:53:23.206,binance,AERO/USDT:USDT,0.8983,51.7,0.8982,521.4,0.8984,17.8,0.8985,124.4
1753617203311,11:53:23.311,binance,AERO/USDT:USDT,0.8983,51.7,0.8982,521.4,0.8984,17.8,0.8985,124.4
1753617203414,11:53:23.414,binance,AERO/USDT:USDT,0.8983,51.7,0.8982,521.4,0.8984,33.9,0.8985,124.4
1753617203618,11:53:23.618,binance,AERO/USDT:USDT,0.8983,51.7,0.8982,521.4,0.8984,33.9,0.8985,124.4
1753617203881,11:53:23.881,binance,AERO/USDT:USDT,0.8983,51.7,0.8982,521.4,0.8984,33.9,0.8985,124.4
1753617204001,11:53:24.001,binance,AERO/USDT:USDT,0.8983,51.7,0.8982,521.4,0.8984,33.9,0.8985,124.4
1753617204402,11:53:24.402,binance,AERO/USDT:USDT,0.8983,51.7,0.8982,521.4,0.8984,33.9,0.8985,124.4
1753617204690,11:53:24.690,binance,AERO/USDT:USDT,0.8983,51.7,0.8982,521.4,0.8984,33.9,0.8985,124.4
1753617205002,11:53:25.002,binance,AERO/USDT:USDT,0.8983,51.7,0.8982,521.4,0.8984,33.9,0.8985,124.4
1753617205306,11:53:25.306,binance,AERO/USDT:USDT,0.8983,51.7,0.8982,521.4,0.8984,33.9,0.8985,124.4
1753617205603,11:53:25.603,binance,AERO/USDT:USDT,0.8983,51.7,0.8982,521.4,0.8984,33.9,0.8985,124.4
1753617205715,11:53:25.715,binance,AERO/USDT:USDT,0.8983,51.7,0.8982,521.4,0.8984,54.0,0.8985,124.4
1753617205827,11:53:25.827,binance,AERO/USDT:USDT,0.8983,51.7,0.8982,521.4,0.8984,54.0,0.8985,124.4
1753617206191,11:53:26.191,binance,AERO/USDT:USDT,0.8983,51.7,0.8982,521.4,0.8984,54.0,0.8985,124.4
1753617206305,11:53:26.305,binance,AERO/USDT:USDT,0.8983,51.7,0.8982,521.4,0.8984,54.0,0.8985,213.4
1753617206902,11:53:26.902,binance,AERO/USDT:USDT,0.8983,732.0,0.8982,521.4,0.8984,54.0,0.8985,213.4
1753617207005,11:53:27.005,binance,AERO/USDT:USDT,0.8983,732.0,0.8982,521.4,0.8984,54.0,0.8985,31.0
1753617207360,11:53:27.360,binance,AERO/USDT:USDT,0.8983,732.0,0.8982,539.8,0.8984,54.0,0.8985,31.0
1753617207463,11:53:27.463,binance,AERO/USDT:USDT,0.8983,732.0,0.8982,539.8,0.8984,54.0,0.8985,31.0
1753617207846,11:53:27.846,binance,AERO/USDT:USDT,0.8983,732.0,0.8982,539.8,0.8984,54.0,0.8985,31.0
1753617207947,11:53:27.947,binance,AERO/USDT:USDT,0.8984,179.5,0.8983,472.7,0.8985,12.6,0.8986,49.4
1753617208051,11:53:28.051,binance,AERO/USDT:USDT,0.8984,438.8,0.8983,491.1,0.8985,12.6,0.8986,49.4
1753617208154,11:53:28.154,binance,AERO/USDT:USDT,0.8984,438.8,0.8983,491.1,0.8985,12.6,0.8986,49.4
1753617208395,11:53:28.395,binance,AERO/USDT:USDT,0.8984,438.8,0.8983,491.1,0.8985,18.5,0.8986,49.4
1753617208604,11:53:28.604,binance,AERO/USDT:USDT,0.8984,438.8,0.8983,491.1,0.8985,18.5,0.8986,49.4
1753617208734,11:53:28.734,binance,AERO/USDT:USDT,0.8985,51.7,0.8984,179.5,0.8986,49.4,0.8987,455.8
1753617208885,11:53:28.885,binance,AERO/USDT:USDT,0.8985,51.7,0.8984,179.5,0.8986,49.4,0.8987,455.8
1753617209090,11:53:29.090,binance,AERO/USDT:USDT,0.8985,51.7,0.8984,179.5,0.8986,49.4,0.8987,455.8
1753617209289,11:53:29.289,binance,AERO/USDT:USDT,0.8985,51.7,0.8984,179.5,0.8986,49.4,0.8987,455.8
1753617209401,11:53:29.401,binance,AERO/USDT:USDT,0.8985,51.7,0.8984,179.5,0.8986,49.4,0.8987,455.8
1753617209506,11:53:29.506,binance,AERO/USDT:USDT,0.8985,51.7,0.8984,179.5,0.8986,49.4,0.8987,455.8
1753617209790,11:53:29.790,binance,AERO/USDT:USDT,0.8985,51.7,0.8984,179.5,0.8986,49.4,0.8987,455.8
1753617209894,11:53:29.894,binance,AERO/USDT:USDT,0.8986,184.1,0.8985,462.4,0.8987,12.6,0.8988,455.3
1753617209997,11:53:29.997,binance,AERO/USDT:USDT,0.8986,443.4,0.8985,221.5,0.8987,12.6,0.8988,455.3
1753617210102,11:53:30.102,binance,AERO/USDT:USDT,0.8986,443.4,0.8985,221.5,0.8987,12.6,0.8988,455.3
1753617210209,11:53:30.209,binance,AERO/USDT:USDT,0.8986,443.4,0.8985,221.5,0.8987,12.6,0.8988,12.6
1753617210315,11:53:30.315,binance,AERO/USDT:USDT,0.8986,443.4,0.8985,221.5,0.8987,12.6,0.8988,12.6
1753617210439,11:53:30.439,binance,AERO/USDT:USDT,0.8986,443.4,0.8985,221.5,0.8987,12.6,0.8988,12.6
1753617210572,11:53:30.572,binance,AERO/USDT:USDT,0.8986,443.4,0.8985,221.5,0.8987,12.6,0.8988,12.6
1753617210699,11:53:30.699,binance,AERO/USDT:USDT,0.8986,443.4,0.8985,637.1,0.8987,12.6,0.8988,12.6
1753617210811,11:53:30.811,binance,AERO/USDT:USDT,0.8986,443.4,0.8985,637.1,0.8987,12.6,0.8988,12.6
1753617210992,11:53:30.992,binance,AERO/USDT:USDT,0.8986,443.4,0.8985,637.1,0.8987,12.6,0.8988,12.6
1753617211102,11:53:31.102,binance,AERO/USDT:USDT,0.8986,443.4,0.8985,637.1,0.8987,12.6,0.8988,12.6
1753617211250,11:53:31.250,binance,AERO/USDT:USDT,0.8986,443.4,0.8985,637.1,0.8987,12.6,0.8988,12.6
1753617211386,11:53:31.386,binance,AERO/USDT:USDT,0.8986,443.4,0.8985,637.1,0.8987,12.6,0.8988,12.6
1753617211629,11:53:31.629,binance,AERO/USDT:USDT,0.8986,443.4,0.8985,637.1,0.8987,12.6,0.8988,12.6
1753617211756,11:53:31.756,binance,AERO/USDT:USDT,0.8988,127.5,0.8987,379.2,0.8989,40.0,0.899,473.7
1753617211972,11:53:31.972,binance,AERO/USDT:USDT,0.8988,127.5,0.8987,119.9,0.8989,21.6,0.899,473.7
1753617212102,11:53:32.102,binance,AERO/USDT:USDT,0.8988,127.5,0.8987,119.9,0.8989,21.6,0.899,473.7
1753617212205,11:53:32.205,binance,AERO/USDT:USDT,0.8988,386.8,0.8987,535.5,0.8989,21.6,0.899,49.4
1753617212313,11:53:32.313,binance,AERO/USDT:USDT,0.8988,386.8,0.8987,553.9,0.8989,21.6,0.899,49.4
1753617212502,11:53:32.502,binance,AERO/USDT:USDT,0.8988,386.8,0.8987,553.9,0.8989,21.6,0.899,49.4
1753617212738,11:53:32.738,binance,AERO/USDT:USDT,0.8988,386.8,0.8987,553.9,0.8989,21.6,0.899,49.4
1753617212849,11:53:32.849,binance,AERO/USDT:USDT,0.8988,386.8,0.8987,553.9,0.8989,21.6,0.899,49.4
1753617213251,11:53:33.251,binance,AERO/USDT:USDT,0.8988,386.8,0.8987,553.9,0.8989,21.6,0.899,49.4
1753617213499,11:53:33.499,binance,AERO/USDT:USDT,0.8988,386.8,0.8987,553.9,0.8989,21.6,0.899,49.4
1753617213611,11:53:33.611,binance,AERO/USDT:USDT,0.8988,386.8,0.8987,553.9,0.8989,21.6,0.899,49.4
1753617214202,11:53:34.202,binance,AERO/USDT:USDT,0.8988,386.8,0.8987,553.9,0.8989,21.6,0.899,49.4
1753617214763,11:53:34.763,binance,AERO/USDT:USDT,0.8988,386.8,0.8987,553.9,0.8989,21.6,0.899,49.4
1753617214867,11:53:34.867,binance,AERO/USDT:USDT,0.8988,386.8,0.8987,553.9,0.8989,21.6,0.899,49.4
1753617215024,11:53:35.024,binance,AERO/USDT:USDT,0.8988,386.8,0.8987,553.9,0.8989,21.6,0.899,49.4
1753617215332,11:53:35.332,binance,AERO/USDT:USDT,0.8988,392.7,0.8987,553.9,0.8989,21.6,0.899,49.4
1753617215434,11:53:35.434,binance,AERO/USDT:USDT,0.8988,392.7,0.8987,553.9,0.8989,43.9,0.899,49.4
1753617215861,11:53:35.861,binance,AERO/USDT:USDT,0.8988,392.7,0.8987,553.9,0.8989,43.9,0.899,49.4
1753617215981,11:53:35.981,binance,AERO/USDT:USDT,0.8988,392.7,0.8987,553.9,0.8989,43.9,0.899,49.4
1753617216086,11:53:36.086,binance,AERO/USDT:USDT,0.8988,392.7,0.8987,553.9,0.8989,43.9,0.899,49.4
1753617216763,11:53:36.763,binance,AERO/USDT:USDT,0.8988,392.7,0.8987,553.9,0.8989,43.9,0.899,49.4
1753617217489,11:53:37.489,binance,AERO/USDT:USDT,0.8988,398.6,0.8987,553.9,0.8989,43.9,0.899,49.4
1753617218102,11:53:38.102,binance,AERO/USDT:USDT,0.8989,820.0,0.8988,139.3,0.899,31.0,0.8991,31.0
1753617218209,11:53:38.209,binance,AERO/USDT:USDT,0.8989,820.0,0.8988,139.3,0.899,31.0,0.8991,31.0
1753617218344,11:53:38.344,binance,AERO/USDT:USDT,0.8989,820.0,0.8988,139.3,0.899,12.6,0.8991,31.0
1753617218452,11:53:38.452,binance,AERO/USDT:USDT,0.8989,820.0,0.8988,139.3,0.899,12.6,0.8991,31.0
1753617218565,11:53:38.565,binance,AERO/USDT:USDT,0.8989,820.0,0.8988,139.3,0.899,12.6,0.8991,31.0
1753617218702,11:53:38.702,binance,AERO/USDT:USDT,0.8989,820.0,0.8988,139.3,0.899,12.6,0.8991,31.0
1753617218807,11:53:38.807,binance,AERO/USDT:USDT,0.8989,820.0,0.8988,139.3,0.899,1226.0,0.8991,31.0
1753617219148,11:53:39.148,binance,AERO/USDT:USDT,0.8989,820.0,0.8988,157.7,0.899,1226.0,0.8991,31.0
1753617219291,11:53:39.291,binance,AERO/USDT:USDT,0.8989,820.0,0.8988,157.7,0.899,1226.0,0.8991,31.0
1753617219432,11:53:39.432,binance,AERO/USDT:USDT,0.8989,820.0,0.8988,157.7,0.899,1226.0,0.8991,31.0
1753617219538,11:53:39.538,binance,AERO/USDT:USDT,0.8989,820.0,0.8988,157.7,0.899,1226.0,0.8991,31.0
1753617219655,11:53:39.655,binance,AERO/USDT:USDT,0.8989,820.0,0.8988,157.7,0.899,1226.0,0.8991,31.0
1753617219757,11:53:39.757,binance,AERO/USDT:USDT,0.8989,820.0,0.8988,157.7,0.899,1226.0,0.8991,31.0
1753617220256,11:53:40.256,binance,AERO/USDT:USDT,0.8989,820.0,0.8988,157.7,0.899,1226.0,0.8991,31.0
1753617220359,11:53:40.359,binance,AERO/USDT:USDT,0.8989,820.0,0.8988,157.7,0.899,1226.0,0.8991,31.0
1753617220469,11:53:40.469,binance,AERO/USDT:USDT,0.8989,820.0,0.8988,157.7,0.899,1226.0,0.8991,31.0
1753617220594,11:53:40.594,binance,AERO/USDT:USDT,0.8989,820.0,0.8988,157.7,0.899,1226.0,0.8991,31.0
1753617220767,11:53:40.767,binance,AERO/USDT:USDT,0.8989,820.0,0.8988,157.7,0.899,1226.0,0.8991,31.0
1753617220902,11:53:40.902,binance,AERO/USDT:USDT,0.8989,820.0,0.8988,157.7,0.899,1226.0,0.8991,31.0
1753617221008,11:53:41.008,binance,AERO/USDT:USDT,0.8989,820.0,0.8988,157.7,0.899,1226.0,0.8991,31.0
1753617221995,11:53:41.995,binance,AERO/USDT:USDT,0.8989,820.0,0.8988,157.7,0.899,1226.0,0.8991,31.0
1753617222702,11:53:42.702,binance,AERO/USDT:USDT,0.8989,820.0,0.8988,157.7,0.899,1226.0,0.8991,31.0
1753617223302,11:53:43.302,binance,AERO/USDT:USDT,0.8989,820.0,0.8988,157.7,0.899,1226.0,0.8991,31.0
1753617223542,11:53:43.542,binance,AERO/USDT:USDT,0.8989,820.0,0.8988,157.7,0.899,1226.0,0.8991,31.0
1753617223715,11:53:43.715,binance,AERO/USDT:USDT,0.8989,820.0,0.8988,157.7,0.899,1226.0,0.8991,31.0
1753617223902,11:53:43.902,binance,AERO/USDT:USDT,0.8989,820.0,0.8988,157.7,0.899,1226.0,0.8991,31.0
1753617224045,11:53:44.045,binance,AERO/USDT:USDT,0.8989,820.0,0.8988,157.7,0.899,1226.0,0.8991,31.0
1753617224416,11:53:44.416,binance,AERO/USDT:USDT,0.899,672.0,0.8989,467.3,0.8991,12.6,0.8992,31.0
1753617224521,11:53:44.521,binance,AERO/USDT:USDT,0.899,672.0,0.8989,467.3,0.8991,12.6,0.8992,31.0
1753617224720,11:53:44.720,binance,AERO/USDT:USDT,0.899,259.3,0.8989,467.3,0.8991,12.6,0.8992,31.0
1753617224823,11:53:44.823,binance,AERO/USDT:USDT,0.899,259.3,0.8989,467.3,0.8991,12.6,0.8992,152.3
1753617224926,11:53:44.926,binance,AERO/USDT:USDT,0.899,259.3,0.8989,467.3,0.8991,12.6,0.8992,152.3
1753617225030,11:53:45.030,binance,AERO/USDT:USDT,0.899,259.3,0.8989,485.7,0.8991,12.6,0.8992,152.3
1753617225178,11:53:45.178,binance,AERO/USDT:USDT,0.899,259.3,0.8989,485.7,0.8991,12.6,0.8992,152.3
1753617225502,11:53:45.502,binance,AERO/USDT:USDT,0.899,265.2,0.8989,485.7,0.8991,12.6,0.8992,152.3
1753617225659,11:53:45.659,binance,AERO/USDT:USDT,0.899,265.2,0.8989,485.7,0.8991,12.6,0.8992,152.3
1753617225766,11:53:45.766,binance,AERO/USDT:USDT,0.899,265.2,0.8989,485.7,0.8991,12.6,0.8992,152.3
1753617225975,11:53:45.975,binance,AERO/USDT:USDT,0.899,265.2,0.8989,485.7,0.8991,12.6,0.8992,152.3
1753617226078,11:53:46.078,binance,AERO/USDT:USDT,0.899,265.2,0.8989,485.7,0.8991,12.6,0.8992,152.3
1753617226222,11:53:46.222,binance,AERO/USDT:USDT,0.899,271.1,0.8989,485.7,0.8991,12.6,0.8992,152.3
1753617226602,11:53:46.602,binance,AERO/USDT:USDT,0.899,271.1,0.8989,485.7,0.8991,12.6,0.8992,152.3
1753617226723,11:53:46.723,binance,AERO/USDT:USDT,0.899,271.1,0.8989,485.7,0.8991,12.6,0.8992,152.3
1753617227006,11:53:47.006,binance,AERO/USDT:USDT,0.899,271.1,0.8989,485.7,0.8991,12.6,0.8992,152.3
1753617227186,11:53:47.186,binance,AERO/USDT:USDT,0.8991,51.7,0.899,271.1,0.8992,133.9,0.8993,596.8
1753617227294,11:53:47.294,binance,AERO/USDT:USDT,0.8991,311.0,0.899,75.7,0.8992,12.6,0.8993,596.8
1753617227409,11:53:47.409,binance,AERO/USDT:USDT,0.8991,311.0,0.899,75.7,0.8992,12.6,0.8993,596.8
1753617227519,11:53:47.519,binance,AERO/USDT:USDT,0.8991,311.0,0.899,75.7,0.8992,12.6,0.8993,596.8
1753617227632,11:53:47.632,binance,AERO/USDT:USDT,0.8991,311.0,0.899,75.7,0.8992,12.6,0.8993,596.8
1753617227798,11:53:47.798,binance,AERO/USDT:USDT,0.8991,311.0,0.899,75.7,0.8992,12.6,0.8993,596.8
1753617227901,11:53:47.901,binance,AERO/USDT:USDT,0.8991,311.0,0.899,75.7,0.8992,12.6,0.8993,596.8
1753617228111,11:53:48.111,binance,AERO/USDT:USDT,0.8991,311.0,0.899,75.7,0.8992,12.6,0.8993,596.8
1753617228281,11:53:48.281,binance,AERO/USDT:USDT,0.8991,311.0,0.899,75.7,0.8992,12.6,0.8993,596.8
1753617228402,11:53:48.402,binance,AERO/USDT:USDT,0.8991,311.0,0.899,75.7,0.8992,12.6,0.8993,596.8
1753617228674,11:53:48.674,binance,AERO/USDT:USDT,0.8991,311.0,0.899,75.7,0.8992,12.6,0.8993,596.8
1753617228852,11:53:48.852,binance,AERO/USDT:USDT,0.8991,311.0,0.899,75.7,0.8992,12.6,0.8993,596.8
1753617229002,11:53:49.002,binance,AERO/USDT:USDT,0.8991,311.0,0.899,75.7,0.8992,12.6,0.8993,596.8
1753617229263,11:53:49.263,binance,AERO/USDT:USDT,0.8991,311.0,0.899,75.7,0.8992,12.6,0.8993,180.7
1753617229372,11:53:49.372,binance,AERO/USDT:USDT,0.8991,311.0,0.899,75.7,0.8992,12.6,0.8993,180.7
1753617229475,11:53:49.475,binance,AERO/USDT:USDT,0.8991,311.0,0.899,75.7,0.8992,12.6,0.8993,180.7
1753617229602,11:53:49.602,binance,AERO/USDT:USDT,0.8991,311.0,0.899,75.7,0.8992,12.6,0.8993,180.7
1753617229762,11:53:49.762,binance,AERO/USDT:USDT,0.8991,311.0,0.899,75.7,0.8992,18.5,0.8993,180.7
1753617229892,11:53:49.892,binance,AERO/USDT:USDT,0.8991,311.0,0.899,75.7,0.8992,18.5,0.8993,180.7
1753617230001,11:53:50.001,binance,AERO/USDT:USDT,0.8991,311.0,0.899,75.7,0.8992,18.5,0.8993,180.7
1753617230589,11:53:50.589,binance,AERO/USDT:USDT,0.8991,311.0,0.899,94.1,0.8992,18.5,0.8993,180.7
1753617230720,11:53:50.720,binance,AERO/USDT:USDT,0.8991,311.0,0.899,94.1,0.8992,18.5,0.8993,180.7
1753617231082,11:53:51.082,binance,AERO/USDT:USDT,0.8991,311.0,0.899,94.1,0.8992,18.5,0.8993,180.7
1753617231305,11:53:51.305,binance,AERO/USDT:USDT,0.899,11.8,0.8989,25.4,0.8991,154.2,0.8992,527.5
1753617231409,11:53:51.409,binance,AERO/USDT:USDT,0.899,11.8,0.8989,25.4,0.8991,154.2,0.8992,527.5
1753617231626,11:53:51.626,binance,AERO/USDT:USDT,0.899,11.8,0.8989,25.4,0.8991,240.5,0.8992,527.5
1753617231756,11:53:51.756,binance,AERO/USDT:USDT,0.899,11.8,0.8989,25.4,0.8991,240.5,0.8992,527.5
1753617232057,11:53:52.057,binance,AERO/USDT:USDT,0.899,11.8,0.8989,25.4,0.8991,240.5,0.8992,527.5
1753617232256,11:53:52.256,binance,AERO/USDT:USDT,0.899,11.8,0.8989,25.4,0.8991,240.5,0.8992,527.5
1753617232411,11:53:52.411,binance,AERO/USDT:USDT,0.899,11.8,0.8989,25.4,0.8991,240.5,0.8992,527.5
1753617232958,11:53:52.958,binance,AERO/USDT:USDT,0.899,11.8,0.8989,25.4,0.8991,240.5,0.8992,527.5
1753617233506,11:53:53.506,binance,AERO/USDT:USDT,0.899,11.8,0.8989,25.4,0.8991,240.5,0.8992,527.5
1753617233608,11:53:53.608,binance,AERO/USDT:USDT,0.899,11.8,0.8989,25.4,0.8991,240.5,0.8992,527.5
1753617233912,11:53:53.912,binance,AERO/USDT:USDT,0.899,11.8,0.8989,25.4,0.8991,240.5,0.8992,527.5
1753617234102,11:53:54.102,binance,AERO/USDT:USDT,0.899,11.8,0.8989,25.4,0.8991,240.5,0.8992,527.5
1753617234225,11:53:54.225,binance,AERO/USDT:USDT,0.899,11.8,0.8989,25.4,0.8991,51.7,0.8992,527.5
1753617234475,11:53:54.475,binance,AERO/USDT:USDT,0.899,11.8,0.8989,25.4,0.8991,51.7,0.8992,527.5
1753617234702,11:53:54.702,binance,AERO/USDT:USDT,0.899,11.8,0.8989,25.4,0.8991,51.7,0.8992,527.5
1753617235302,11:53:55.302,binance,AERO/USDT:USDT,0.899,11.8,0.8989,25.4,0.8991,51.7,0.8992,527.5
1753617235499,11:53:55.499,binance,AERO/USDT:USDT,0.899,11.8,0.8989,25.4,0.8991,553.6,0.8992,527.5
1753617235941,11:53:55.941,binance,AERO/USDT:USDT,0.8989,7.0,0.8988,37.2,0.899,93.4,0.8991,472.9
1753617236042,11:53:56.042,binance,AERO/USDT:USDT,0.8989,7.0,0.8988,37.2,0.899,93.4,0.8991,472.9
1753617236244,11:53:56.244,binance,AERO/USDT:USDT,0.8989,7.0,0.8988,37.2,0.899,93.4,0.8991,472.9
1753617236402,11:53:56.402,binance,AERO/USDT:USDT,0.8989,7.0,0.8988,37.2,0.899,93.4,0.8991,472.9
1753617236505,11:53:56.505,binance,AERO/USDT:USDT,0.8989,7.0,0.8988,37.2,0.899,93.4,0.8991,472.9
1753617236929,11:53:56.929,binance,AERO/USDT:USDT,0.8989,7.0,0.8988,37.2,0.899,93.4,0.8991,472.9
1753617237032,11:53:57.032,binance,AERO/USDT:USDT,0.8989,7.0,0.8988,37.2,0.899,93.4,0.8991,472.9
1753617237134,11:53:57.134,binance,AERO/USDT:USDT,0.8989,7.0,0.8988,37.2,0.899,93.4,0.8991,472.9
1753617237406,11:53:57.406,binance,AERO/USDT:USDT,0.899,467.3,0.8989,726.6,0.8992,111.9,0.8993,180.7
1753617237507,11:53:57.507,binance,AERO/USDT:USDT,0.8991,415.6,0.899,467.3,0.8992,111.9,0.8993,347.6
1753617237615,11:53:57.615,binance,AERO/USDT:USDT,0.8991,415.6,0.899,467.3,0.8992,111.9,0.8993,180.7
1753617237716,11:53:57.716,binance,AERO/USDT:USDT,0.8989,422.6,0.8988,268.6,0.899,93.4,0.8991,125.4
1753617237817,11:53:57.817,binance,AERO/USDT:USDT,0.8989,422.6,0.8988,268.6,0.899,93.4,0.8991,93.0
1753617237921,11:53:57.921,binance,AERO/USDT:USDT,0.8989,422.6,0.8988,268.6,0.8991,5.6,0.8992,673.1
1753617238028,11:53:58.028,binance,AERO/USDT:USDT,0.8989,422.6,0.8988,268.6,0.8991,5.6,0.8992,545.9
1753617238221,11:53:58.221,binance,AERO/USDT:USDT,0.8989,422.6,0.8988,268.6,0.8991,5.6,0.8992,545.9
1753617238537,11:53:58.537,binance,AERO/USDT:USDT,0.8989,422.6,0.8988,268.6,0.8991,5.6,0.8992,545.9
1753617238641,11:53:58.641,binance,AERO/USDT:USDT,0.8989,422.6,0.8988,268.6,0.8991,22.9,0.8992,545.9
1753617238782,11:53:58.782,binance,AERO/USDT:USDT,0.8989,422.6,0.8988,268.6,0.8991,22.9,0.8992,545.9
1753617238927,11:53:58.927,binance,AERO/USDT:USDT,0.8989,422.6,0.8988,268.6,0.899,93.4,0.8991,22.9
1753617239032,11:53:59.032,binance,AERO/USDT:USDT,0.8989,422.6,0.8988,268.6,0.899,93.4,0.8991,40.3
1753617239134,11:53:59.134,binance,AERO/USDT:USDT,0.8989,422.6,0.8988,268.6,0.8991,40.3,0.8992,545.9
1753617239252,11:53:59.252,binance,AERO/USDT:USDT,0.8989,422.6,0.8988,268.6,0.8991,40.3,0.8992,545.9
1753617239512,11:53:59.512,binance,AERO/USDT:USDT,0.8989,422.6,0.8988,268.6,0.8991,40.3,0.8992,545.9
1753617239805,11:53:59.805,binance,AERO/USDT:USDT,0.8989,422.6,0.8988,274.2,0.899,93.4,0.8991,91.1
1753617239945,11:53:59.945,binance,AERO/USDT:USDT,0.8989,7.0,0.8988,274.2,0.8991,91.1,0.8992,545.9
1753617240056,11:54:00.056,binance,AERO/USDT:USDT,0.8989,7.0,0.8988,274.2,0.899,93.4,0.8991,91.1
1753617240201,11:54:00.201,binance,AERO/USDT:USDT,0.8989,7.0,0.8988,274.2,0.899,93.4,0.8991,91.1
1753617240306,11:54:00.306,binance,AERO/USDT:USDT,0.8989,7.0,0.8988,274.2,0.899,93.4,0.8991,91.1
1753617240440,11:54:00.440,binance,AERO/USDT:USDT,0.8989,7.0,0.8988,274.2,0.899,93.4,0.8991,91.1
1753617240596,11:54:00.596,binance,AERO/USDT:USDT,0.8989,7.0,0.8988,274.2,0.899,93.4,0.8991,91.1
1753617240703,11:54:00.703,binance,AERO/USDT:USDT,0.8989,7.0,0.8988,274.2,0.899,93.4,0.8991,91.1
1753617240851,11:54:00.851,binance,AERO/USDT:USDT,0.8988,255.8,0.8987,465.0,0.899,93.4,0.8991,91.1
1753617240954,11:54:00.954,binance,AERO/USDT:USDT,0.8988,799.6,0.8987,465.0,0.899,93.4,0.8991,40.3
1753617241211,11:54:01.211,binance,AERO/USDT:USDT,0.8988,799.6,0.8987,465.0,0.899,93.4,0.8991,40.3
1753617241336,11:54:01.336,binance,AERO/USDT:USDT,0.8988,799.6,0.8987,465.0,0.899,93.4,0.8991,40.3
1753617241464,11:54:01.464,binance,AERO/USDT:USDT,0.8988,799.6,0.8987,465.0,0.899,93.4,0.8991,40.3
1753617241702,11:54:01.702,binance,AERO/USDT:USDT,0.8988,799.6,0.8987,465.0,0.899,93.4,0.8991,40.3
1753617241968,11:54:01.968,binance,AERO/USDT:USDT,0.8988,488.6,0.8987,465.0,0.899,93.4,0.8991,452.8
1753617242157,11:54:02.157,binance,AERO/USDT:USDT,0.8988,488.6,0.8987,465.0,0.899,93.4,0.8991,452.8
1753617242288,11:54:02.288,binance,AERO/USDT:USDT,0.8988,494.5,0.8987,465.0,0.899,93.4,0.8991,452.8
1753617242486,11:54:02.486,binance,AERO/USDT:USDT,0.8988,494.5,0.8987,465.0,0.899,93.4,0.8991,452.8
1753617242602,11:54:02.602,binance,AERO/USDT:USDT,0.8988,494.5,0.8987,465.0,0.899,93.4,0.8991,452.8
1753617242905,11:54:02.905,binance,AERO/USDT:USDT,0.8989,191.8,0.8988,512.9,0.899,93.4,0.8991,40.3
1753617243016,11:54:03.016,binance,AERO/USDT:USDT,0.8988,494.5,0.8987,465.0,0.899,93.4,0.8991,40.3
1753617243276,11:54:03.276,binance,AERO/USDT:USDT,0.8988,494.5,0.8987,465.0,0.899,93.4,0.8991,40.3
1753617243602,11:54:03.602,binance,AERO/USDT:USDT,0.8988,494.5,0.8987,465.0,0.899,93.4,0.8991,452.8
1753617243707,11:54:03.707,binance,AERO/USDT:USDT,0.8988,494.5,0.8987,465.0,0.899,93.4,0.8991,452.8
1753617243944,11:54:03.944,binance,AERO/USDT:USDT,0.8988,511.0,0.8987,465.0,0.899,93.4,0.8991,452.8
1753617244169,11:54:04.169,binance,AERO/USDT:USDT,0.8988,511.0,0.8987,465.0,0.899,93.4,0.8991,452.8
1753617244271,11:54:04.271,binance,AERO/USDT:USDT,0.8988,511.0,0.8987,465.0,0.899,93.4,0.8991,452.8
1753617244416,11:54:04.416,binance,AERO/USDT:USDT,0.8988,511.0,0.8987,465.0,0.899,93.4,0.8991,452.8
1753617244702,11:54:04.702,binance,AERO/USDT:USDT,0.8988,511.0,0.8987,465.0,0.899,93.4,0.8991,452.8
1753617244840,11:54:04.840,binance,AERO/USDT:USDT,0.8988,511.0,0.8987,465.0,0.899,522.1,0.8991,452.8
1753617245302,11:54:05.302,binance,AERO/USDT:USDT,0.8988,46.8,0.8987,465.0,0.8989,209.1,0.899,522.1
1753617245429,11:54:05.429,binance,AERO/USDT:USDT,0.8988,46.8,0.8987,465.0,0.8989,209.1,0.899,527.7
1753617246100,11:54:06.100,binance,AERO/USDT:USDT,0.8986,147.0,0.8985,764.9,0.8987,62.4,0.8988,208.1
1753617246201,11:54:06.201,binance,AERO/USDT:USDT,0.8986,26.1,0.8985,598.0,0.8987,62.4,0.8988,121.8
1753617246312,11:54:06.312,binance,AERO/USDT:USDT,0.8986,26.1,0.8985,446.6,0.8987,62.4,0.8988,121.8
1753617246417,11:54:06.417,binance,AERO/USDT:USDT,0.8986,26.1,0.8985,446.6,0.8987,62.4,0.8988,121.8
1753617246535,11:54:06.535,binance,AERO/USDT:USDT,0.8986,26.1,0.8985,446.6,0.8987,62.4,0.8988,121.8
1753617246792,11:54:06.792,binance,AERO/USDT:USDT,0.8986,26.1,0.8985,446.6,0.8987,62.4,0.8988,121.8
1753617247214,11:54:07.214,binance,AERO/USDT:USDT,0.8985,12.6,0.8984,31.0,0.8986,353.3,0.8987,474.9
1753617247315,11:54:07.315,binance,AERO/USDT:USDT,0.8985,12.6,0.8984,31.0,0.8986,353.3,0.8987,474.9
1753617247441,11:54:07.441,binance,AERO/USDT:USDT,0.8985,12.6,0.8984,31.0,0.8986,353.3,0.8987,474.9
1753617247563,11:54:07.563,binance,AERO/USDT:USDT,0.8985,12.6,0.8984,31.0,0.8986,353.3,0.8987,474.9
1753617247849,11:54:07.849,binance,AERO/USDT:USDT,0.8985,12.6,0.8984,31.0,0.8986,353.3,0.8987,474.9
1753617247952,11:54:07.952,binance,AERO/USDT:USDT,0.8984,12.6,0.8983,49.4,0.8985,131.6,0.8986,407.2
1753617248071,11:54:08.071,binance,AERO/USDT:USDT,0.8984,12.6,0.8983,129.9,0.8985,131.6,0.8986,320.9
1753617248191,11:54:08.191,binance,AERO/USDT:USDT,0.8984,12.6,0.8983,129.9,0.8985,80.8,0.8986,320.9
1753617248450,11:54:08.450,binance,AERO/USDT:USDT,0.8984,27.6,0.8983,129.9,0.8985,80.8,0.8986,320.9
1753617248553,11:54:08.553,binance,AERO/USDT:USDT,0.8984,27.6,0.8983,129.9,0.8985,80.8,0.8986,320.9
1753617248701,11:54:08.701,binance,AERO/USDT:USDT,0.8984,27.6,0.8983,129.9,0.8985,80.8,0.8986,320.9
1753617248814,11:54:08.814,binance,AERO/USDT:USDT,0.8984,27.6,0.8983,129.9,0.8985,80.8,0.8986,320.9
1753617248917,11:54:08.917,binance,AERO/USDT:USDT,0.8984,27.6,0.8983,129.9,0.8985,80.8,0.8986,320.9
1753617249049,11:54:09.049,binance,AERO/USDT:USDT,0.8984,27.6,0.8983,129.9,0.8985,80.8,0.8986,320.9
1753617249371,11:54:09.371,binance,AERO/USDT:USDT,0.8984,27.6,0.8983,129.9,0.8985,80.8,0.8986,320.9
1753617249584,11:54:09.584,binance,AERO/USDT:USDT,0.8984,27.6,0.8983,129.9,0.8985,98.2,0.8986,320.9
1753617249749,11:54:09.749,binance,AERO/USDT:USDT,0.8984,27.1,0.8983,129.9,0.8985,98.2,0.8986,320.9
1753617250106,11:54:10.106,binance,AERO/USDT:USDT,0.8984,27.1,0.8983,129.9,0.8985,98.2,0.8986,320.9
1753617250496,11:54:10.496,binance,AERO/USDT:USDT,0.8984,27.1,0.8983,49.4,0.8985,155.3,0.8986,320.9
1753617250770,11:54:10.770,binance,AERO/USDT:USDT,0.8984,27.1,0.8983,49.4,0.8985,155.3,0.8986,320.9
1753617251002,11:54:11.002,binance,AERO/USDT:USDT,0.8984,27.1,0.8983,49.4,0.8985,155.3,0.8986,320.9
1753617251376,11:54:11.376,binance,AERO/USDT:USDT,0.8984,27.1,0.8983,49.4,0.8985,155.3,0.8986,320.9
1753617251602,11:54:11.602,binance,AERO/USDT:USDT,0.8984,27.1,0.8983,49.4,0.8985,155.3,0.8986,320.9
1753617251822,11:54:11.822,binance,AERO/USDT:USDT,0.8984,27.1,0.8983,49.4,0.8985,155.3,0.8986,320.9
1753617252054,11:54:12.054,binance,AERO/USDT:USDT,0.8984,27.1,0.8983,49.4,0.8985,155.3,0.8986,320.9
1753617252156,11:54:12.156,binance,AERO/USDT:USDT,0.8984,27.1,0.8983,49.4,0.8985,165.0,0.8986,320.9
1753617252261,11:54:12.261,binance,AERO/USDT:USDT,0.8984,27.1,0.8983,49.4,0.8985,165.0,0.8986,320.9
1753617252415,11:54:12.415,binance,AERO/USDT:USDT,0.8984,27.1,0.8983,49.4,0.8985,165.0,0.8986,320.9
1753617252629,11:54:12.629,binance,AERO/USDT:USDT,0.8984,27.1,0.8983,49.4,0.8985,165.0,0.8986,320.9
1753617253202,11:54:13.202,binance,AERO/USDT:USDT,0.8984,27.1,0.8983,49.4,0.8985,165.0,0.8986,320.9
1753617253377,11:54:13.377,binance,AERO/USDT:USDT,0.8984,27.1,0.8983,49.4,0.8985,165.0,0.8986,320.9
1753617253801,11:54:13.801,binance,AERO/USDT:USDT,0.8984,27.1,0.8983,49.4,0.8985,165.0,0.8986,320.9
1753617253927,11:54:13.927,binance,AERO/USDT:USDT,0.8984,27.1,0.8983,49.4,0.8985,165.0,0.8986,320.9
1753617254205,11:54:14.205,binance,AERO/USDT:USDT,0.8984,27.1,0.8983,49.4,0.8985,165.0,0.8986,320.9
1753617254357,11:54:14.357,binance,AERO/USDT:USDT,0.8984,27.1,0.8983,49.4,0.8985,165.0,0.8986,320.9
1753617254709,11:54:14.709,binance,AERO/USDT:USDT,0.8984,27.1,0.8983,49.4,0.8985,165.0,0.8986,320.9
1753617254956,11:54:14.956,binance,AERO/USDT:USDT,0.8984,27.1,0.8983,49.4,0.8985,165.0,0.8986,320.9
1753617255102,11:54:15.102,binance,AERO/USDT:USDT,0.8984,27.1,0.8983,49.4,0.8985,165.0,0.8986,320.9
1753617255377,11:54:15.377,binance,AERO/USDT:USDT,0.8984,78.8,0.8983,473.8,0.8985,165.0,0.8986,111.8
1753617255489,11:54:15.489,binance,AERO/USDT:USDT,0.8984,338.1,0.8983,560.8,0.8985,165.0,0.8986,111.8
1753617255686,11:54:15.686,binance,AERO/USDT:USDT,0.8984,338.1,0.8983,560.8,0.8985,165.0,0.8986,111.8
1753617256622,11:54:16.622,binance,AERO/USDT:USDT,0.8984,78.8,0.8983,560.8,0.8985,165.0,0.8986,111.8
1753617256735,11:54:16.735,binance,AERO/USDT:USDT,0.8984,78.8,0.8983,473.8,0.8985,165.0,0.8986,111.8
1753617257202,11:54:17.202,binance,AERO/USDT:USDT,0.8984,78.8,0.8983,473.8,0.8985,165.0,0.8986,111.8
1753617257378,11:54:17.378,binance,AERO/USDT:USDT,0.8984,78.8,0.8983,473.8,0.8985,165.0,0.8986,111.8
1753617257802,11:54:17.802,binance,AERO/USDT:USDT,0.8984,78.8,0.8983,473.8,0.8985,165.0,0.8986,111.8
1753617258175,11:54:18.175,binance,AERO/USDT:USDT,0.8984,78.8,0.8983,473.8,0.8985,165.0,0.8986,111.8
1753617258402,11:54:18.402,binance,AERO/USDT:USDT,0.8984,78.8,0.8983,473.8,0.8985,165.0,0.8986,111.8
1753617259109,11:54:19.109,binance,AERO/USDT:USDT,0.8984,78.8,0.8983,473.8,0.8985,165.0,0.8986,111.8
1753617260102,11:54:20.102,binance,AERO/USDT:USDT,0.8984,78.8,0.8983,473.8,0.8985,165.0,0.8986,111.8
1753617260702,11:54:20.702,binance,AERO/USDT:USDT,0.8984,78.8,0.8983,473.8,0.8985,165.0,0.8986,111.8
1753617260949,11:54:20.949,binance,AERO/USDT:USDT,0.8984,27.1,0.8983,473.8,0.8985,165.0,0.8986,111.8
1753617261568,11:54:21.568,binance,AERO/USDT:USDT,0.8984,27.1,0.8983,473.8,0.8985,165.0,0.8986,111.8
1753617261891,11:54:21.891,binance,AERO/USDT:USDT,0.8984,27.1,0.8983,473.8,0.8985,165.0,0.8986,111.8
1753617262002,11:54:22.002,binance,AERO/USDT:USDT,0.8984,27.1,0.8983,473.8,0.8985,165.0,0.8986,111.8
1753617263102,11:54:23.102,binance,AERO/USDT:USDT,0.8984,27.1,0.8983,473.8,0.8985,165.0,0.8986,111.8
1753617263283,11:54:23.283,binance,AERO/USDT:USDT,0.8984,27.1,0.8983,473.8,0.8985,165.0,0.8986,111.8
1753617263702,11:54:23.702,binance,AERO/USDT:USDT,0.8984,27.1,0.8983,473.8,0.8985,165.0,0.8986,111.8
1753617264251,11:54:24.251,binance,AERO/USDT:USDT,0.8984,27.1,0.8983,473.8,0.8985,165.0,0.8986,111.8
1753617264357,11:54:24.357,binance,AERO/USDT:USDT,0.8984,27.1,0.8983,473.8,0.8985,165.0,0.8986,111.8
1753617264526,11:54:24.526,binance,AERO/USDT:USDT,0.8984,27.1,0.8983,473.8,0.8985,165.1,0.8986,111.8
1753617264769,11:54:24.769,binance,AERO/USDT:USDT,0.8984,27.1,0.8983,473.8,0.8985,165.1,0.8986,111.8
1753617264902,11:54:24.902,binance,AERO/USDT:USDT,0.8984,27.1,0.8983,473.8,0.8985,165.1,0.8986,111.8
1753617265173,11:54:25.173,binance,AERO/USDT:USDT,0.8984,27.1,0.8983,473.8,0.8985,165.1,0.8986,111.8
1753617265403,11:54:25.403,binance,AERO/USDT:USDT,0.8984,27.1,0.8983,473.8,0.8985,165.1,0.8986,111.8
1753617265991,11:54:25.991,binance,AERO/USDT:USDT,0.8984,27.1,0.8983,473.8,0.8985,165.1,0.8986,111.8
1753617266102,11:54:26.102,binance,AERO/USDT:USDT,0.8984,27.1,0.8983,473.8,0.8985,165.1,0.8986,111.8
1753617266427,11:54:26.427,binance,AERO/USDT:USDT,0.8984,27.1,0.8983,473.8,0.8985,165.1,0.8986,111.8
1753617266602,11:54:26.602,binance,AERO/USDT:USDT,0.8984,27.1,0.8983,473.8,0.8985,165.1,0.8986,111.8
1753617267202,11:54:27.202,binance,AERO/USDT:USDT,0.8984,27.1,0.8983,473.8,0.8985,165.1,0.8986,111.8
1753617267802,11:54:27.802,binance,AERO/USDT:USDT,0.8984,27.1,0.8983,473.8,0.8985,165.1,0.8986,111.8
1753617268402,11:54:28.402,binance,AERO/USDT:USDT,0.8984,27.1,0.8983,473.8,0.8985,165.1,0.8986,111.8
1753617269002,11:54:29.002,binance,AERO/USDT:USDT,0.8984,27.1,0.8983,473.8,0.8985,165.1,0.8986,111.8
1753617269120,11:54:29.120,binance,AERO/USDT:USDT,0.8984,27.1,0.8983,473.8,0.8985,165.1,0.8986,111.8
1753617269499,11:54:29.499,binance,AERO/USDT:USDT,0.8984,27.1,0.8983,473.8,0.8985,165.1,0.8986,111.8
1753617270202,11:54:30.202,binance,AERO/USDT:USDT,0.8984,27.1,0.8983,473.8,0.8985,302.2,0.8986,535.8
1753617270434,11:54:30.434,binance,AERO/USDT:USDT,0.8984,27.1,0.8983,49.4,0.8985,302.2,0.8986,712.8
1753617270791,11:54:30.791,binance,AERO/USDT:USDT,0.8984,27.1,0.8983,49.4,0.8985,302.2,0.8986,712.8
1753617271302,11:54:31.302,binance,AERO/USDT:USDT,0.8984,27.1,0.8983,49.4,0.8985,302.2,0.8986,712.8
1753617271586,11:54:31.586,binance,AERO/USDT:USDT,0.8983,31.0,0.8982,36.9,0.8984,96.2,0.8985,375.0
1753617271693,11:54:31.693,binance,AERO/USDT:USDT,0.8983,31.0,0.8982,36.9,0.8984,96.2,0.8985,375.0
1753617272102,11:54:32.102,binance,AERO/USDT:USDT,0.8983,31.0,0.8982,36.9,0.8984,78.9,0.8985,375.0
1753617272205,11:54:32.205,binance,AERO/USDT:USDT,0.8983,31.0,0.8982,36.9,0.8984,78.9,0.8985,375.0
1753617272702,11:54:32.702,binance,AERO/USDT:USDT,0.8983,31.0,0.8982,36.9,0.8984,78.9,0.8985,375.0
1753617272954,11:54:32.954,binance,AERO/USDT:USDT,0.8983,31.0,0.8982,36.9,0.8984,78.9,0.8985,375.0
1753617273252,11:54:33.252,binance,AERO/USDT:USDT,0.8983,31.0,0.8982,36.9,0.8984,78.9,0.8985,375.0
1753617273396,11:54:33.396,binance,AERO/USDT:USDT,0.8983,31.0,0.8982,36.9,0.8984,78.9,0.8985,375.0
1753617273504,11:54:33.504,binance,AERO/USDT:USDT,0.8983,31.0,0.8982,36.9,0.8984,589.2,0.8985,375.0
1753617273724,11:54:33.724,binance,AERO/USDT:USDT,0.8981,5.6,0.898,446.7,0.8982,93.4,0.8983,81.4
1753617273827,11:54:33.827,binance,AERO/USDT:USDT,0.8981,5.6,0.898,446.7,0.8982,93.4,0.8983,118.4
1753617273928,11:54:33.928,binance,AERO/USDT:USDT,0.8981,5.6,0.898,446.7,0.8982,93.4,0.8983,118.4
1753617274102,11:54:34.102,binance,AERO/USDT:USDT,0.8981,5.6,0.898,446.7,0.8982,93.4,0.8983,118.4
1753617274305,11:54:34.305,binance,AERO/USDT:USDT,0.8981,429.6,0.898,446.7,0.8983,17.3,0.8984,674.6
1753617274408,11:54:34.408,binance,AERO/USDT:USDT,0.8981,429.6,0.898,446.7,0.8983,17.3,0.8984,674.6
1753617274902,11:54:34.902,binance,AERO/USDT:USDT,0.8981,429.6,0.898,446.7,0.8983,17.3,0.8984,674.6
1753617275008,11:54:35.008,binance,AERO/USDT:USDT,0.8981,429.6,0.898,446.7,0.8983,17.3,0.8984,674.6
1753617275423,11:54:35.423,binance,AERO/USDT:USDT,0.8982,5.9,0.8981,448.0,0.8984,531.0,0.8985,339.9
1753617275526,11:54:35.526,binance,AERO/USDT:USDT,0.8982,5.9,0.8981,448.0,0.8984,549.5,0.8985,339.9
1753617275683,11:54:35.683,binance,AERO/USDT:USDT,0.8982,5.9,0.8981,448.0,0.8984,549.5,0.8985,339.9
1753617275885,11:54:35.885,binance,AERO/USDT:USDT,0.8982,5.9,0.8981,448.0,0.8983,157.4,0.8984,549.5
1753617276038,11:54:36.038,binance,AERO/USDT:USDT,0.8982,5.9,0.8981,448.0,0.8983,157.4,0.8984,549.5
1753617276144,11:54:36.144,binance,AERO/USDT:USDT,0.8982,5.9,0.8981,448.0,0.8983,157.4,0.8984,549.5
1753617276502,11:54:36.502,binance,AERO/USDT:USDT,0.8982,5.9,0.8981,448.0,0.8983,157.4,0.8984,549.5
1753617276607,11:54:36.607,binance,AERO/USDT:USDT,0.8982,5.9,0.8981,448.0,0.8983,157.4,0.8984,549.5
1753617276841,11:54:36.841,binance,AERO/USDT:USDT,0.8982,5.9,0.8981,448.0,0.8983,157.4,0.8984,549.5
1753617277102,11:54:37.102,binance,AERO/USDT:USDT,0.8982,5.9,0.8981,448.0,0.8983,157.4,0.8984,549.5
1753617277409,11:54:37.409,binance,AERO/USDT:USDT,0.8982,5.9,0.8981,448.0,0.8983,157.4,0.8984,549.5
1753617277643,11:54:37.643,binance,AERO/USDT:USDT,0.8982,5.9,0.8981,448.0,0.8983,157.4,0.8984,549.5
1753617277989,11:54:37.989,binance,AERO/USDT:USDT,0.8982,5.9,0.8981,448.0,0.8983,157.4,0.8984,549.5
1753617278366,11:54:38.366,binance,AERO/USDT:USDT,0.8982,5.9,0.8981,448.0,0.8983,302.2,0.8984,549.5
1753617278644,11:54:38.644,binance,AERO/USDT:USDT,0.8982,5.9,0.8981,448.0,0.8983,302.2,0.8984,549.5
1753617278802,11:54:38.802,binance,AERO/USDT:USDT,0.8982,5.9,0.8981,24.0,0.8983,302.2,0.8984,549.5
1753617278992,11:54:38.992,binance,AERO/USDT:USDT,0.8981,5.6,0.898,36.9,0.8982,87.5,0.8983,215.9
1753617279141,11:54:39.141,binance,AERO/USDT:USDT,0.8981,5.6,0.898,192.6,0.8982,87.5,0.8983,215.9
1753617279291,11:54:39.291,binance,AERO/USDT:USDT,0.8981,5.6,0.898,192.6,0.8983,215.9,0.8984,556.5
1753617279392,11:54:39.392,binance,AERO/USDT:USDT,0.8981,108.5,0.898,609.1,0.8983,25.0,0.8984,556.5
1753617279702,11:54:39.702,binance,AERO/USDT:USDT,0.8981,108.5,0.898,609.1,0.8983,25.0,0.8984,556.5
1753617279902,11:54:39.902,binance,AERO/USDT:USDT,0.8981,108.5,0.898,609.1,0.8983,25.0,0.8984,556.5
1753617280101,11:54:40.101,binance,AERO/USDT:USDT,0.8981,108.5,0.898,609.1,0.8983,25.0,0.8984,556.5
1753617280402,11:54:40.402,binance,AERO/USDT:USDT,0.8981,99.0,0.898,609.1,0.8983,42.4,0.8984,556.5
1753617281002,11:54:41.002,binance,AERO/USDT:USDT,0.8981,99.0,0.898,609.1,0.8983,42.4,0.8984,556.5
1753617281449,11:54:41.449,binance,AERO/USDT:USDT,0.8981,99.0,0.898,609.1,0.8983,42.4,0.8984,556.5
1753617281552,11:54:41.552,binance,AERO/USDT:USDT,0.8981,99.0,0.898,609.1,0.8983,42.4,0.8984,556.5
1753617281852,11:54:41.852,binance,AERO/USDT:USDT,0.8981,99.0,0.898,609.1,0.8983,42.4,0.8984,556.5
1753617281986,11:54:41.986,binance,AERO/USDT:USDT,0.8981,99.0,0.898,609.1,0.8983,42.4,0.8984,556.5
1753617282287,11:54:42.287,binance,AERO/USDT:USDT,0.8981,5.6,0.898,609.1,0.8983,42.4,0.8984,556.5
1753617282571,11:54:42.571,binance,AERO/USDT:USDT,0.8981,5.6,0.898,192.6,0.8982,140.1,0.8983,458.9
1753617282701,11:54:42.701,binance,AERO/USDT:USDT,0.8981,5.6,0.898,192.6,0.8982,140.1,0.8983,458.9
1753617282847,11:54:42.847,binance,AERO/USDT:USDT,0.8981,5.6,0.898,192.6,0.8982,140.1,0.8983,458.9
1753617283202,11:54:43.202,binance,AERO/USDT:USDT,0.8981,5.6,0.898,192.6,0.8982,140.1,0.8983,458.9
1753617283520,11:54:43.520,binance,AERO/USDT:USDT,0.8981,5.6,0.898,192.6,0.8982,140.1,0.8983,458.9
1753617284402,11:54:44.402,binance,AERO/USDT:USDT,0.8981,5.6,0.898,192.6,0.8983,458.9,0.8984,556.5
1753617284503,11:54:44.503,binance,AERO/USDT:USDT,0.8981,5.6,0.898,36.9,0.8982,93.4,0.8983,458.9
1753617284653,11:54:44.653,binance,AERO/USDT:USDT,0.8981,5.6,0.898,36.9,0.8982,93.4,0.8983,458.9
1753617284972,11:54:44.972,binance,AERO/USDT:USDT,0.8981,5.6,0.898,36.9,0.8982,93.4,0.8983,458.9
1753617285915,11:54:45.915,binance,AERO/USDT:USDT,0.8981,5.6,0.898,36.9,0.8982,93.4,0.8983,458.9
1753617286802,11:54:46.802,binance,AERO/USDT:USDT,0.8981,5.6,0.898,36.9,0.8982,93.4,0.8983,458.9
1753617287402,11:54:47.402,binance,AERO/USDT:USDT,0.8981,5.6,0.898,36.9,0.8982,93.4,0.8983,458.9
1753617287664,11:54:47.664,binance,AERO/USDT:USDT,0.8981,5.6,0.898,190.4,0.8982,93.4,0.8983,458.9
1753617288261,11:54:48.261,binance,AERO/USDT:USDT,0.8981,5.6,0.898,190.4,0.8982,93.4,0.8983,458.9
1753617288363,11:54:48.363,binance,AERO/USDT:USDT,0.8981,5.6,0.898,190.4,0.8982,93.4,0.8983,458.9
1753617288802,11:54:48.802,binance,AERO/USDT:USDT,0.8981,5.6,0.898,190.4,0.8982,93.4,0.8983,458.9
1753617289402,11:54:49.402,binance,AERO/USDT:USDT,0.8981,5.6,0.898,190.4,0.8982,93.4,0.8983,458.9
1753617289672,11:54:49.672,binance,AERO/USDT:USDT,0.8982,191.8,0.8981,576.0,0.8983,25.1,0.8984,556.5
1753617289784,11:54:49.784,binance,AERO/USDT:USDT,0.8982,191.8,0.8981,594.4,0.8983,25.1,0.8984,556.5
1753617289991,11:54:49.991,binance,AERO/USDT:USDT,0.8982,191.8,0.8981,594.4,0.8983,25.1,0.8984,556.5
1753617290103,11:54:50.103,binance,AERO/USDT:USDT,0.8982,51.7,0.8981,594.4,0.8983,25.1,0.8984,556.5
1753617290393,11:54:50.393,binance,AERO/USDT:USDT,0.8982,736.3,0.8981,594.4,0.8983,25.1,0.8984,132.5
1753617290512,11:54:50.512,binance,AERO/USDT:USDT,0.8982,736.3,0.8981,594.4,0.8983,25.1,0.8984,132.5
1753617290817,11:54:50.817,binance,AERO/USDT:USDT,0.8982,718.9,0.8981,594.4,0.8983,7.7,0.8984,132.5
1753617291102,11:54:51.102,binance,AERO/USDT:USDT,0.8982,718.9,0.8981,594.4,0.8983,7.7,0.8984,132.5
1753617291235,11:54:51.235,binance,AERO/USDT:USDT,0.8982,718.9,0.8981,594.4,0.8983,7.7,0.8984,149.9
1753617291435,11:54:51.435,binance,AERO/USDT:USDT,0.8982,718.9,0.8981,594.4,0.8983,7.7,0.8984,149.9
1753617291685,11:54:51.685,binance,AERO/USDT:USDT,0.8982,718.9,0.8981,594.4,0.8983,7.7,0.8984,149.9
1753617292202,11:54:52.202,binance,AERO/USDT:USDT,0.8982,718.9,0.8981,594.4,0.8983,7.7,0.8984,149.9
1753617292781,11:54:52.781,binance,AERO/USDT:USDT,0.8981,576.0,0.898,190.4,0.8983,7.7,0.8984,149.9
1753617293121,11:54:53.121,binance,AERO/USDT:USDT,0.8981,576.0,0.898,190.4,0.8983,7.7,0.8984,149.9
1753617293291,11:54:53.291,binance,AERO/USDT:USDT,0.8981,576.0,0.898,190.4,0.8983,7.7,0.8984,149.9
1753617293742,11:54:53.742,binance,AERO/USDT:USDT,0.8981,576.0,0.898,190.4,0.8983,7.7,0.8984,149.9
1753617293851,11:54:53.851,binance,AERO/USDT:USDT,0.8981,576.0,0.898,190.4,0.8983,7.7,0.8984,149.9
1753617294301,11:54:54.301,binance,AERO/USDT:USDT,0.8981,576.0,0.898,190.4,0.8983,7.7,0.8984,149.9
1753617294402,11:54:54.402,binance,AERO/USDT:USDT,0.8981,576.0,0.898,190.4,0.8983,7.7,0.8984,149.9
1753617294832,11:54:54.832,binance,AERO/USDT:USDT,0.8981,150.7,0.898,190.4,0.8983,433.0,0.8984,149.9
1753617294934,11:54:54.934,binance,AERO/USDT:USDT,0.8981,99.0,0.898,190.4,0.8983,433.0,0.8984,149.9
1753617295385,11:54:55.385,binance,AERO/USDT:USDT,0.8981,5.6,0.898,190.4,0.8982,110.7,0.8983,433.0
1753617295902,11:54:55.902,binance,AERO/USDT:USDT,0.8981,5.6,0.898,190.4,0.8982,110.7,0.8983,433.0
1753617296382,11:54:56.382,binance,AERO/USDT:USDT,0.8981,5.6,0.898,190.4,0.8982,110.7,0.8983,433.0
1753617296739,11:54:56.739,binance,AERO/USDT:USDT,0.8981,5.6,0.898,190.4,0.8982,110.7,0.8983,433.0
1753617297002,11:54:57.002,binance,AERO/USDT:USDT,0.8981,5.6,0.898,190.4,0.8982,110.7,0.8983,433.0
1753617297602,11:54:57.602,binance,AERO/USDT:USDT,0.8981,5.6,0.898,190.4,0.8982,110.7,0.8983,433.0
1753617297921,11:54:57.921,binance,AERO/USDT:USDT,0.8981,5.6,0.898,190.4,0.8982,110.7,0.8983,433.0
1753617298100,11:54:58.100,binance,AERO/USDT:USDT,0.8981,5.6,0.898,190.4,0.8982,110.7,0.8983,433.0
1753617298301,11:54:58.301,binance,AERO/USDT:USDT,0.8981,5.6,0.898,190.4,0.8982,110.7,0.8983,433.0
1753617298702,11:54:58.702,binance,AERO/USDT:USDT,0.8981,5.6,0.898,190.4,0.8982,110.7,0.8983,433.0
1753617299302,11:54:59.302,binance,AERO/USDT:USDT,0.8981,5.6,0.898,190.4,0.8982,110.7,0.8983,433.0
1753617300117,11:55:00.117,binance,AERO/USDT:USDT,0.8981,5.6,0.898,190.4,0.8982,110.7,0.8983,433.0
1753617300253,11:55:00.253,binance,AERO/USDT:USDT,0.8981,5.6,0.898,190.4,0.8982,110.7,0.8983,433.0
1753617300378,11:55:00.378,binance,AERO/USDT:USDT,0.8981,5.6,0.898,190.4,0.8982,110.7,0.8983,433.0
1753617300502,11:55:00.502,binance,AERO/USDT:USDT,0.8981,5.6,0.898,190.4,0.8982,110.7,0.8983,433.0
1753617300664,11:55:00.664,binance,AERO/USDT:USDT,0.8981,5.6,0.898,190.4,0.8982,110.7,0.8983,433.0
1753617300767,11:55:00.767,binance,AERO/USDT:USDT,0.8981,5.6,0.898,190.4,0.8982,110.7,0.8983,433.0
1753617300897,11:55:00.897,binance,AERO/USDT:USDT,0.8981,5.6,0.898,190.4,0.8982,110.7,0.8983,433.0
1753617300999,11:55:00.999,binance,AERO/USDT:USDT,0.8981,5.6,0.898,190.4,0.8982,110.7,0.8983,433.0
1753617301257,11:55:01.257,binance,AERO/USDT:USDT,0.8981,5.6,0.898,190.4,0.8982,247.8,0.8983,433.0
1753617301473,11:55:01.473,binance,AERO/USDT:USDT,0.8981,5.6,0.898,190.4,0.8982,110.7,0.8983,433.0
1753617301578,11:55:01.578,binance,AERO/USDT:USDT,0.8981,5.6,0.898,190.4,0.8982,194.1,0.8983,433.0
1753617302702,11:55:02.702,binance,AERO/USDT:USDT,0.8981,5.6,0.898,190.4,0.8982,194.1,0.8983,433.0
1753617303302,11:55:03.302,binance,AERO/USDT:USDT,0.8981,5.6,0.898,190.4,0.8982,194.1,0.8983,433.0
1753617303569,11:55:03.569,binance,AERO/USDT:USDT,0.8981,5.6,0.898,190.4,0.8982,331.4,0.8983,433.0
1753617303754,11:55:03.754,binance,AERO/USDT:USDT,0.8981,5.6,0.898,190.4,0.8982,331.4,0.8983,433.0
1753617303871,11:55:03.871,binance,AERO/USDT:USDT,0.8981,5.6,0.898,190.4,0.8982,331.4,0.8983,433.0
1753617304206,11:55:04.206,binance,AERO/USDT:USDT,0.8981,577.2,0.898,36.9,0.8982,331.4,0.8983,433.0
1753617304418,11:55:04.418,binance,AERO/USDT:USDT,0.8981,577.2,0.898,36.9,0.8982,331.4,0.8983,433.0
1753617304524,11:55:04.524,binance,AERO/USDT:USDT,0.8981,297.0,0.898,36.9,0.8982,331.4,0.8983,433.0
1753617304645,11:55:04.645,binance,AERO/USDT:USDT,0.8979,355.9,0.8978,616.8,0.898,56.5,0.8981,653.1
1753617304751,11:55:04.751,binance,AERO/USDT:USDT,0.8979,31.0,0.8978,207.0,0.898,56.5,0.8981,653.1
1753617304855,11:55:04.855,binance,AERO/USDT:USDT,0.8979,31.0,0.8978,40.0,0.898,56.5,0.8981,749.1
1753617305031,11:55:05.031,binance,AERO/USDT:USDT,0.8979,31.0,0.8978,40.0,0.898,604.1,0.8981,602.3
1753617305135,11:55:05.135,binance,AERO/USDT:USDT,0.8978,21.6,0.8977,440.8,0.8979,102.5,0.898,787.6
1753617305239,11:55:05.239,binance,AERO/USDT:USDT,0.8978,115.0,0.8977,440.8,0.8979,51.7,0.898,787.6
1753617305385,11:55:05.385,binance,AERO/USDT:USDT,0.8978,115.0,0.8977,440.8,0.8979,51.7,0.898,787.6
1753617305488,11:55:05.488,binance,AERO/USDT:USDT,0.8978,115.0,0.8977,440.8,0.8979,51.7,0.898,787.6
1753617305805,11:55:05.805,binance,AERO/USDT:USDT,0.8978,115.0,0.8977,440.8,0.8979,51.7,0.898,787.6
1753617305911,11:55:05.911,binance,AERO/USDT:USDT,0.8978,115.0,0.8977,440.8,0.898,228.3,0.8981,559.6
1753617306022,11:55:06.022,binance,AERO/USDT:USDT,0.8978,115.0,0.8977,440.8,0.898,228.3,0.8981,462.2
1753617306146,11:55:06.146,binance,AERO/USDT:USDT,0.8978,115.0,0.8977,440.8,0.898,228.3,0.8981,462.2
1753617306464,11:55:06.464,binance,AERO/USDT:USDT,0.8978,115.0,0.8977,440.8,0.898,228.3,0.8981,462.2
1753617306602,11:55:06.602,binance,AERO/USDT:USDT,0.8978,387.0,0.8977,440.8,0.898,228.3,0.8981,462.2
1753617306706,11:55:06.706,binance,AERO/USDT:USDT,0.8978,387.0,0.8977,440.8,0.898,228.3,0.8981,462.2
1753617307202,11:55:07.202,binance,AERO/USDT:USDT,0.8978,387.0,0.8977,440.8,0.898,228.3,0.8981,462.2
1753617307318,11:55:07.318,binance,AERO/USDT:USDT,0.8978,387.0,0.8977,440.8,0.898,228.3,0.8981,462.2
1753617307521,11:55:07.521,binance,AERO/USDT:USDT,0.8978,387.0,0.8977,440.8,0.898,228.3,0.8981,462.2
1753617308402,11:55:08.402,binance,AERO/USDT:USDT,0.8978,387.0,0.8977,440.8,0.898,228.3,0.8981,462.2
1753617308707,11:55:08.707,binance,AERO/USDT:USDT,0.8978,387.0,0.8977,440.8,0.898,228.3,0.8981,462.2
1753617309002,11:55:09.002,binance,AERO/USDT:USDT,0.8978,387.0,0.8977,440.8,0.898,228.3,0.8981,462.2
1753617309305,11:55:09.305,binance,AERO/USDT:USDT,0.8978,387.0,0.8977,440.8,0.898,250.5,0.8981,462.2
1753617309411,11:55:09.411,binance,AERO/USDT:USDT,0.8978,387.0,0.8977,440.8,0.898,250.5,0.8981,462.2
1753617309536,11:55:09.536,binance,AERO/USDT:USDT,0.8978,523.0,0.8977,440.8,0.898,258.1,0.8981,462.2
1753617309814,11:55:09.814,binance,AERO/USDT:USDT,0.8978,523.0,0.8977,440.8,0.898,86.3,0.8981,462.2
1753617310093,11:55:10.093,binance,AERO/USDT:USDT,0.8978,523.0,0.8977,440.8,0.898,86.3,0.8981,462.2
1753617310202,11:55:10.202,binance,AERO/USDT:USDT,0.8978,523.0,0.8977,440.8,0.898,86.3,0.8981,462.2
1753617310376,11:55:10.376,binance,AERO/USDT:USDT,0.8978,523.0,0.8977,440.8,0.898,86.3,0.8981,462.2
1753617310661,11:55:10.661,binance,AERO/USDT:USDT,0.8978,523.0,0.8977,440.8,0.898,86.3,0.8981,462.2
1753617310763,11:55:10.763,binance,AERO/USDT:USDT,0.8978,523.0,0.8977,440.8,0.898,86.3,0.8981,462.2
1753617311241,11:55:11.241,binance,AERO/USDT:USDT,0.8978,523.0,0.8977,440.8,0.898,105.0,0.8981,462.2
1753617311802,11:55:11.802,binance,AERO/USDT:USDT,0.8978,523.0,0.8977,440.8,0.898,105.0,0.8981,462.2
1753617311941,11:55:11.941,binance,AERO/USDT:USDT,0.8978,523.0,0.8977,440.8,0.898,122.4,0.8981,462.2
1753617312061,11:55:12.061,binance,AERO/USDT:USDT,0.8978,523.0,0.8977,440.8,0.898,122.4,0.8981,462.2
1753617312260,11:55:12.260,binance,AERO/USDT:USDT,0.8978,523.0,0.8977,440.8,0.898,122.4,0.8981,462.2
1753617312364,11:55:12.364,binance,AERO/USDT:USDT,0.8978,523.0,0.8977,440.8,0.898,122.4,0.8981,462.2
1753617312536,11:55:12.536,binance,AERO/USDT:USDT,0.8978,523.0,0.8977,440.8,0.898,122.4,0.8981,462.2
1753617312902,11:55:12.902,binance,AERO/USDT:USDT,0.8978,523.0,0.8977,440.8,0.898,122.4,0.8981,462.2
1753617313471,11:55:13.471,binance,AERO/USDT:USDT,0.8978,523.0,0.8977,440.8,0.898,122.4,0.8981,462.2
1753617313605,11:55:13.605,binance,AERO/USDT:USDT,0.8978,523.0,0.8977,440.8,0.898,122.4,0.8981,462.2
1753617313991,11:55:13.991,binance,AERO/USDT:USDT,0.8978,523.0,0.8977,440.8,0.898,122.4,0.8981,462.2
1753617314102,11:55:14.102,binance,AERO/USDT:USDT,0.8978,523.0,0.8977,440.8,0.898,122.4,0.8981,462.2
1753617314257,11:55:14.257,binance,AERO/USDT:USDT,0.8978,523.0,0.8977,440.8,0.898,122.4,0.8981,462.2
1753617314429,11:55:14.429,binance,AERO/USDT:USDT,0.8978,523.0,0.8977,440.8,0.898,122.4,0.8981,462.2
1753617314602,11:55:14.602,binance,AERO/USDT:USDT,0.8978,523.0,0.8977,440.8,0.898,122.4,0.8981,462.2
1753617314988,11:55:14.988,binance,AERO/USDT:USDT,0.8978,523.0,0.8977,440.8,0.898,122.4,0.8981,462.2
1753617315412,11:55:15.412,binance,AERO/USDT:USDT,0.898,419.0,0.8979,240.7,0.8981,51.7,0.8982,161.5
1753617315514,11:55:15.514,binance,AERO/USDT:USDT,0.898,419.0,0.8979,240.7,0.8981,51.7,0.8982,161.5
1753617315625,11:55:15.625,binance,AERO/USDT:USDT,0.898,419.0,0.8979,240.7,0.8981,51.7,0.8982,161.5
1753617315878,11:55:15.878,binance,AERO/USDT:USDT,0.898,7.0,0.8979,89.3,0.8981,51.7,0.8982,272.8
1753617315991,11:55:15.991,binance,AERO/USDT:USDT,0.898,7.0,0.8979,89.3,0.8981,51.7,0.8982,272.8
1753617316097,11:55:16.097,binance,AERO/USDT:USDT,0.898,7.0,0.8979,89.3,0.8981,51.7,0.8982,272.8
1753617316581,11:55:16.581,binance,AERO/USDT:USDT,0.898,7.0,0.8979,89.3,0.8981,188.8,0.8982,222.0
1753617316693,11:55:16.693,binance,AERO/USDT:USDT,0.898,7.0,0.8979,89.3,0.8981,188.8,0.8982,222.0
1753617317097,11:55:17.097,binance,AERO/USDT:USDT,0.898,7.0,0.8979,89.3,0.8981,188.8,0.8982,222.0
1753617317199,11:55:17.199,binance,AERO/USDT:USDT,0.898,7.0,0.8979,89.3,0.8981,188.8,0.8982,222.0
1753617317430,11:55:17.430,binance,AERO/USDT:USDT,0.898,7.0,0.8979,89.3,0.8981,188.8,0.8982,222.0
1753617317608,11:55:17.608,binance,AERO/USDT:USDT,0.898,7.0,0.8979,89.3,0.8981,188.8,0.8982,222.0
1753617317721,11:55:17.721,binance,AERO/USDT:USDT,0.898,7.0,0.8979,89.3,0.8981,188.8,0.8982,222.0
1753617317983,11:55:17.983,binance,AERO/USDT:USDT,0.898,7.0,0.8979,89.3,0.8981,188.8,0.8982,222.0
1753617318166,11:55:18.166,binance,AERO/USDT:USDT,0.898,7.0,0.8979,89.3,0.8981,188.8,0.8982,222.0
1753617318302,11:55:18.302,binance,AERO/USDT:USDT,0.898,7.0,0.8979,89.3,0.8981,188.8,0.8982,222.0
1753617318792,11:55:18.792,binance,AERO/USDT:USDT,0.898,7.0,0.8979,89.3,0.8981,188.8,0.8982,222.0
1753617319127,11:55:19.127,binance,AERO/USDT:USDT,0.898,7.0,0.8979,89.3,0.8981,188.8,0.8982,222.0
1753617319230,11:55:19.230,binance,AERO/USDT:USDT,0.898,7.0,0.8979,89.3,0.8981,188.8,0.8982,634.0
1753617319354,11:55:19.354,binance,AERO/USDT:USDT,0.898,7.0,0.8979,89.3,0.8981,188.8,0.8982,634.0
1753617320209,11:55:20.209,binance,AERO/USDT:USDT,0.8976,449.4,0.8975,49.4,0.8978,294.5,0.8979,256.5
1753617320311,11:55:20.311,binance,AERO/USDT:USDT,0.8975,49.4,0.8974,451.3,0.8976,157.4,0.8977,282.2
1753617320412,11:55:20.412,binance,AERO/USDT:USDT,0.8975,31.0,0.8974,451.3,0.8976,208.2,0.8977,145.1
1753617320516,11:55:20.516,binance,AERO/USDT:USDT,0.8975,31.0,0.8974,445.1,0.8976,294.5,0.8977,145.1
1753617320619,11:55:20.619,binance,AERO/USDT:USDT,0.8975,31.0,0.8974,445.1,0.8976,294.5,0.8977,145.1
1753617320725,11:55:20.725,binance,AERO/USDT:USDT,0.8973,25.7,0.8972,712.6,0.8974,294.5,0.8975,145.1
1753617320829,11:55:20.829,binance,AERO/USDT:USDT,0.8973,119.1,0.8972,451.4,0.8974,294.5,0.8975,145.1
1753617320934,11:55:20.934,binance,AERO/USDT:USDT,0.8972,113.9,0.8971,682.1,0.8973,51.7,0.8974,208.2
1753617321038,11:55:21.038,binance,AERO/USDT:USDT,0.8972,113.9,0.8971,463.3,0.8973,51.7,0.8974,208.2
1753617321150,11:55:21.150,binance,AERO/USDT:USDT,0.8972,113.9,0.8971,463.3,0.8973,51.7,0.8974,208.2
1753617321275,11:55:21.275,binance,AERO/USDT:USDT,0.8972,113.9,0.8971,463.3,0.8973,51.7,0.8974,208.2
1753617321481,11:55:21.481,binance,AERO/USDT:USDT,0.8972,113.9,0.8971,463.3,0.8973,51.7,0.8974,208.2
1753617321602,11:55:21.602,binance,AERO/USDT:USDT,0.8972,113.9,0.8971,463.3,0.8973,51.7,0.8974,208.2
1753617321879,11:55:21.879,binance,AERO/USDT:USDT,0.8972,113.9,0.8971,463.3,0.8973,51.7,0.8974,208.2
1753617322002,11:55:22.002,binance,AERO/USDT:USDT,0.8972,113.9,0.8971,463.3,0.8973,51.7,0.8974,208.2
1753617322105,11:55:22.105,binance,AERO/USDT:USDT,0.8972,113.9,0.8971,463.3,0.8973,51.7,0.8974,208.2
1753617322243,11:55:22.243,binance,AERO/USDT:USDT,0.8972,113.9,0.8971,463.3,0.8973,89.3,0.8974,208.2
1753617322352,11:55:22.352,binance,AERO/USDT:USDT,0.8972,20.5,0.8971,463.3,0.8973,89.3,0.8974,208.2
1753617322546,11:55:22.546,binance,AERO/USDT:USDT,0.8972,20.5,0.8971,463.3,0.8973,175.6,0.8974,208.2
1753617322661,11:55:22.661,binance,AERO/USDT:USDT,0.8972,20.5,0.8971,463.3,0.8973,175.6,0.8974,208.2
1753617322786,11:55:22.786,binance,AERO/USDT:USDT,0.8972,20.5,0.8971,463.3,0.8973,175.6,0.8974,208.2
1753617323202,11:55:23.202,binance,AERO/USDT:USDT,0.8972,20.5,0.8971,463.3,0.8973,175.6,0.8974,208.2
1753617323612,11:55:23.612,binance,AERO/USDT:USDT,0.8972,20.5,0.8971,463.3,0.8973,187.8,0.8974,208.2
1753617323757,11:55:23.757,binance,AERO/USDT:USDT,0.8972,541.0,0.8971,463.3,0.8973,49.8,0.8975,1663.0
1753617323862,11:55:23.862,binance,AERO/USDT:USDT,0.8972,541.0,0.8971,463.3,0.8973,49.8,0.8975,1663.0
1753617324080,11:55:24.080,binance,AERO/USDT:USDT,0.8972,541.0,0.8971,463.3,0.8973,65.9,0.8975,1663.0
1753617324302,11:55:24.302,binance,AERO/USDT:USDT,0.8973,427.1,0.8972,652.4,0.8975,1478.3,0.8976,18.4
1753617324407,11:55:24.407,binance,AERO/USDT:USDT,0.8973,427.1,0.8972,670.8,0.8975,1478.3,0.8976,18.4
1753617324517,11:55:24.517,binance,AERO/USDT:USDT,0.8973,427.1,0.8972,670.8,0.8975,1478.3,0.8976,18.4
1753617324633,11:55:24.633,binance,AERO/USDT:USDT,0.8974,93.4,0.8973,432.7,0.8975,1478.3,0.8976,18.4
1753617324736,11:55:24.736,binance,AERO/USDT:USDT,0.8974,93.4,0.8973,432.7,0.8975,1426.6,0.8976,18.4
1753617324839,11:55:24.839,binance,AERO/USDT:USDT,0.8974,93.4,0.8973,451.1,0.8976,18.4,0.8977,703.4
1753617324976,11:55:24.976,binance,AERO/USDT:USDT,0.8975,670.6,0.8974,526.1,0.8976,18.4,0.8977,18.4
1753617325080,11:55:25.080,binance,AERO/USDT:USDT,0.8976,93.4,0.8975,670.6,0.8977,18.4,0.8978,1571.7
1753617325225,11:55:25.225,binance,AERO/USDT:USDT,0.8975,5.6,0.8974,117.4,0.8976,140.1,0.8977,231.6
1753617325329,11:55:25.329,binance,AERO/USDT:USDT,0.8975,5.6,0.8974,117.4,0.8976,277.2,0.8977,349.7
1753617325542,11:55:25.542,binance,AERO/USDT:USDT,0.8975,5.6,0.8974,24.0,0.8976,294.1,0.8977,349.7
1753617325663,11:55:25.663,binance,AERO/USDT:USDT,0.8975,5.6,0.8974,24.0,0.8976,294.1,0.8977,349.7
1753617325903,11:55:25.903,binance,AERO/USDT:USDT,0.8975,5.6,0.8974,24.0,0.8976,294.1,0.8977,349.7
1753617326010,11:55:26.010,binance,AERO/USDT:USDT,0.8975,5.6,0.8974,5.6,0.8976,294.1,0.8977,349.7
1753617326111,11:55:26.111,binance,AERO/USDT:USDT,0.8975,5.6,0.8974,5.6,0.8976,294.1,0.8977,349.7
1753617326502,11:55:26.502,binance,AERO/USDT:USDT,0.8975,5.6,0.8974,5.6,0.8976,294.1,0.8977,776.8
1753617326668,11:55:26.668,binance,AERO/USDT:USDT,0.8975,5.6,0.8974,5.6,0.8976,294.1,0.8977,776.8
1753617327049,11:55:27.049,binance,AERO/USDT:USDT,0.8975,5.6,0.8974,5.6,0.8976,294.1,0.8977,776.8
1753617327151,11:55:27.151,binance,AERO/USDT:USDT,0.8975,5.6,0.8974,5.6,0.8976,294.1,0.8977,776.8
1753617327702,11:55:27.702,binance,AERO/USDT:USDT,0.8975,5.6,0.8974,5.6,0.8976,294.1,0.8977,776.8
1753617328111,11:55:28.111,binance,AERO/USDT:USDT,0.8975,5.6,0.8974,5.6,0.8976,294.1,0.8977,776.8
1753617328901,11:55:28.901,binance,AERO/USDT:USDT,0.8975,5.6,0.8974,5.6,0.8976,301.5,0.8977,776.8
1753617329210,11:55:29.210,binance,AERO/USDT:USDT,0.8975,5.6,0.8974,5.6,0.8976,301.5,0.8977,776.8
1753617329460,11:55:29.460,binance,AERO/USDT:USDT,0.8975,5.6,0.8974,5.6,0.8976,301.5,0.8977,776.8
1753617329998,11:55:29.998,binance,AERO/USDT:USDT,0.8975,5.6,0.8974,5.6,0.8976,301.5,0.8977,776.8
1753617330102,11:55:30.102,binance,AERO/USDT:USDT,0.8975,5.6,0.8974,5.6,0.8976,301.5,0.8977,776.8
1753617330251,11:55:30.251,binance,AERO/USDT:USDT,0.8975,5.6,0.8974,5.6,0.8976,301.5,0.8977,782.4
1753617330591,11:55:30.591,binance,AERO/USDT:USDT,0.8974,5.6,0.8973,31.0,0.8975,651.9,0.8976,609.8
1753617330705,11:55:30.705,binance,AERO/USDT:USDT,0.8974,5.6,0.8973,31.0,0.8975,651.9,0.8976,609.8
1753617330809,11:55:30.809,binance,AERO/USDT:USDT,0.8974,5.6,0.8973,31.0,0.8975,651.9,0.8976,609.8
1753617330915,11:55:30.915,binance,AERO/USDT:USDT,0.8974,5.6,0.8973,31.0,0.8975,651.9,0.8976,609.8
1753617331038,11:55:31.038,binance,AERO/USDT:USDT,0.8974,5.6,0.8973,31.0,0.8975,651.9,0.8976,609.8
1753617331202,11:55:31.202,binance,AERO/USDT:USDT,0.8974,5.6,0.8973,12.6,0.8975,651.9,0.8976,609.8
1753617331602,11:55:31.602,binance,AERO/USDT:USDT,0.8974,5.6,0.8973,12.6,0.8975,651.9,0.8976,609.8
1753617332107,11:55:32.107,binance,AERO/USDT:USDT,0.8974,5.6,0.8973,12.6,0.8975,651.9,0.8976,609.8
1753617332222,11:55:32.222,binance,AERO/USDT:USDT,0.8974,5.6,0.8973,12.6,0.8975,651.9,0.8976,756.4
1753617332462,11:55:32.462,binance,AERO/USDT:USDT,0.8974,5.6,0.8973,12.6,0.8975,651.9,0.8976,756.4
1753617332621,11:55:32.621,binance,AERO/USDT:USDT,0.8974,5.6,0.8973,12.6,0.8975,651.9,0.8976,756.4
1753617332852,11:55:32.852,binance,AERO/USDT:USDT,0.8974,5.6,0.8973,12.6,0.8975,651.9,0.8976,756.4
1753617333122,11:55:33.122,binance,AERO/USDT:USDT,0.8974,5.6,0.8973,12.6,0.8975,651.9,0.8976,756.4
1753617333301,11:55:33.301,binance,AERO/USDT:USDT,0.8974,5.6,0.8973,12.6,0.8975,651.9,0.8976,756.4
1753617334049,11:55:34.049,binance,AERO/USDT:USDT,0.8974,5.6,0.8973,12.6,0.8975,651.9,0.8976,756.4
1753617334153,11:55:34.153,binance,AERO/USDT:USDT,0.8974,5.6,0.8973,12.6,0.8975,651.9,0.8976,756.4
1753617334267,11:55:34.267,binance,AERO/USDT:USDT,0.8974,5.6,0.8973,12.6,0.8975,651.9,0.8976,756.4
1753617334585,11:55:34.585,binance,AERO/USDT:USDT,0.8974,5.6,0.8973,12.6,0.8975,651.9,0.8976,756.4
1753617334795,11:55:34.795,binance,AERO/USDT:USDT,0.8974,5.6,0.8973,12.6,0.8975,651.9,0.8976,756.4
1753617335330,11:55:35.330,binance,AERO/USDT:USDT,0.8974,5.6,0.8973,12.6,0.8975,692.1,0.8976,739.5
1753617335433,11:55:35.433,binance,AERO/USDT:USDT,0.8974,5.6,0.8973,12.6,0.8975,692.1,0.8976,739.5
1753617335657,11:55:35.657,binance,AERO/USDT:USDT,0.8974,5.6,0.8973,12.6,0.8975,692.1,0.8976,739.5
1753617336114,11:55:36.114,binance,AERO/USDT:USDT,0.8974,5.6,0.8973,12.6,0.8975,692.1,0.8976,739.5
1753617336368,11:55:36.368,binance,AERO/USDT:USDT,0.8974,5.6,0.8973,12.6,0.8975,692.1,0.8976,739.5
1753617337102,11:55:37.102,binance,AERO/USDT:USDT,0.8974,5.6,0.8973,12.6,0.8975,692.1,0.8976,739.5
1753617337421,11:55:37.421,binance,AERO/USDT:USDT,0.8974,5.6,0.8973,12.6,0.8975,692.1,0.8976,739.5
1753617337606,11:55:37.606,binance,AERO/USDT:USDT,0.8974,5.6,0.8973,12.6,0.8975,153.2,0.8976,739.5
1753617337709,11:55:37.709,binance,AERO/USDT:USDT,0.8974,5.6,0.8973,12.6,0.8975,153.2,0.8976,739.5
1753617337922,11:55:37.922,binance,AERO/USDT:USDT,0.8974,11.5,0.8973,12.6,0.8975,153.2,0.8976,739.5
1753617338115,11:55:38.115,binance,AERO/USDT:USDT,0.8974,11.5,0.8973,12.6,0.8975,153.2,0.8976,739.5
1753617338302,11:55:38.302,binance,AERO/USDT:USDT,0.8974,11.5,0.8973,12.6,0.8975,153.2,0.8976,739.5
1753617338702,11:55:38.702,binance,AERO/USDT:USDT,0.8974,11.5,0.8973,12.6,0.8975,153.2,0.8976,739.5
1753617339419,11:55:39.419,binance,AERO/USDT:USDT,0.8974,11.5,0.8973,12.6,0.8975,154.3,0.8976,739.5
1753617339593,11:55:39.593,binance,AERO/USDT:USDT,0.8974,11.5,0.8973,12.6,0.8975,160.2,0.8976,739.5
1753617339840,11:55:39.840,binance,AERO/USDT:USDT,0.8973,12.6,0.8972,594.5,0.8975,160.2,0.8976,739.5
1753617340002,11:55:40.002,binance,AERO/USDT:USDT,0.8973,12.6,0.8972,594.5,0.8975,173.3,0.8976,739.5
1753617340116,11:55:40.116,binance,AERO/USDT:USDT,0.8973,12.6,0.8972,594.5,0.8975,173.3,0.8976,739.5
1753617340223,11:55:40.223,binance,AERO/USDT:USDT,0.8973,12.6,0.8972,594.5,0.8975,173.3,0.8976,739.5
1753617340374,11:55:40.374,binance,AERO/USDT:USDT,0.8973,12.6,0.8972,167.5,0.8974,93.4,0.8975,559.2
1753617340755,11:55:40.755,binance,AERO/USDT:USDT,0.8973,12.6,0.8972,167.5,0.8974,93.4,0.8975,559.2
1753617340894,11:55:40.894,binance,AERO/USDT:USDT,0.8973,12.6,0.8972,167.5,0.8974,93.4,0.8975,559.2
1753617341061,11:55:41.061,binance,AERO/USDT:USDT,0.8973,12.6,0.8972,167.5,0.8974,93.4,0.8975,559.2
1753617341253,11:55:41.253,binance,AERO/USDT:USDT,0.8973,12.6,0.8972,167.5,0.8974,93.4,0.8975,559.2
1753617341461,11:55:41.461,binance,AERO/USDT:USDT,0.8973,12.6,0.8972,167.5,0.8974,93.4,0.8975,559.2
1753617341982,11:55:41.982,binance,AERO/USDT:USDT,0.8973,12.6,0.8972,167.5,0.8974,93.4,0.8975,559.2
1753617342102,11:55:42.102,binance,AERO/USDT:USDT,0.8973,12.6,0.8972,167.5,0.8974,93.4,0.8975,559.2
1753617342204,11:55:42.204,binance,AERO/USDT:USDT,0.8973,12.6,0.8972,167.5,0.8974,93.4,0.8975,559.2
1753617342336,11:55:42.336,binance,AERO/USDT:USDT,0.8973,12.6,0.8972,74.1,0.8974,93.4,0.8975,559.2
1753617342570,11:55:42.570,binance,AERO/USDT:USDT,0.8972,20.5,0.8971,463.3,0.8973,51.7,0.8974,194.9
1753617342672,11:55:42.672,binance,AERO/USDT:USDT,0.8972,20.5,0.8971,463.3,0.8973,51.7,0.8974,194.9
1753617342787,11:55:42.787,binance,AERO/USDT:USDT,0.8972,113.9,0.8971,463.3,0.8973,51.7,0.8974,194.9
1753617342893,11:55:42.893,binance,AERO/USDT:USDT,0.8972,113.9,0.8971,463.3,0.8973,51.7,0.8974,93.4
1753617343075,11:55:43.075,binance,AERO/USDT:USDT,0.8972,113.9,0.8971,463.3,0.8973,51.7,0.8974,93.4
1753617343201,11:55:43.201,binance,AERO/USDT:USDT,0.8972,113.9,0.8971,463.3,0.8973,51.7,0.8974,93.4
1753617343307,11:55:43.307,binance,AERO/USDT:USDT,0.8972,113.9,0.8971,463.3,0.8973,51.7,0.8974,110.8
1753617343531,11:55:43.531,binance,AERO/USDT:USDT,0.8972,113.9,0.8971,463.3,0.8973,51.7,0.8974,110.8
1753617343637,11:55:43.637,binance,AERO/USDT:USDT,0.8972,113.9,0.8971,463.3,0.8973,51.7,0.8974,110.8
1753617343868,11:55:43.868,binance,AERO/USDT:USDT,0.8972,113.9,0.8971,463.3,0.8973,51.7,0.8974,110.8
1753617344118,11:55:44.118,binance,AERO/USDT:USDT,0.8972,113.9,0.8971,463.3,0.8973,51.7,0.8974,110.8
1753617344302,11:55:44.302,binance,AERO/USDT:USDT,0.8972,113.9,0.8971,463.3,0.8973,51.7,0.8974,110.8
1753617344702,11:55:44.702,binance,AERO/USDT:USDT,0.8972,113.9,0.8971,463.3,0.8973,51.7,0.8974,110.8
1753617344866,11:55:44.866,binance,AERO/USDT:USDT,0.8973,248.5,0.8972,561.1,0.8974,17.4,0.8975,1956.0
1753617344967,11:55:44.967,binance,AERO/USDT:USDT,0.8973,248.5,0.8972,561.1,0.8974,17.4,0.8975,1974.4
1753617345073,11:55:45.073,binance,AERO/USDT:USDT,0.8973,93.4,0.8972,561.1,0.8974,69.1,0.8975,1974.4
1753617345205,11:55:45.205,binance,AERO/USDT:USDT,0.8973,93.4,0.8972,132.3,0.8974,69.1,0.8975,1974.4
1753617345375,11:55:45.375,binance,AERO/USDT:USDT,0.8972,113.9,0.8971,631.9,0.8974,162.5,0.8975,1974.4
1753617345577,11:55:45.577,binance,AERO/USDT:USDT,0.8972,113.9,0.8971,631.9,0.8974,69.1,0.8975,1974.4
1753617345742,11:55:45.742,binance,AERO/USDT:USDT,0.8972,113.9,0.8971,631.9,0.8974,69.1,0.8975,1974.4
1753617345902,11:55:45.902,binance,AERO/USDT:USDT,0.8972,113.9,0.8971,631.9,0.8974,69.1,0.8975,1974.4
1753617346570,11:55:46.570,binance,AERO/USDT:USDT,0.8973,51.7,0.8972,165.6,0.8974,69.1,0.8975,1974.4
1753617346684,11:55:46.684,binance,AERO/USDT:USDT,0.8974,76.0,0.8973,800.0,0.8975,1493.9,0.8976,465.4
1753617346789,11:55:46.789,binance,AERO/USDT:USDT,0.8974,595.1,0.8973,486.1,0.8975,1493.9,0.8976,38.4
1753617346901,11:55:46.901,binance,AERO/USDT:USDT,0.8974,76.0,0.8973,486.1,0.8975,1493.9,0.8976,38.4
1753617347029,11:55:47.029,binance,AERO/USDT:USDT,0.8973,486.1,0.8972,748.0,0.8975,1493.9,0.8976,38.4
1753617347205,11:55:47.205,binance,AERO/USDT:USDT,0.8974,93.4,0.8973,486.1,0.8975,1493.9,0.8976,38.4
1753617347359,11:55:47.359,binance,AERO/USDT:USDT,0.8974,93.4,0.8973,486.1,0.8975,1493.9,0.8976,38.4
1753617347522,11:55:47.522,binance,AERO/USDT:USDT,0.8974,522.2,0.8973,486.1,0.8975,1493.9,0.8976,38.4
1753617347729,11:55:47.729,binance,AERO/USDT:USDT,0.8976,103.4,0.8975,522.2,0.8977,31.0,0.8978,1457.0
1753617347860,11:55:47.860,binance,AERO/USDT:USDT,0.8976,362.7,0.8975,522.2,0.8977,31.0,0.8978,49.4
1753617347963,11:55:47.963,binance,AERO/USDT:USDT,0.8976,362.7,0.8975,522.2,0.8977,36.9,0.8978,49.4
1753617348105,11:55:48.105,binance,AERO/USDT:USDT,0.8976,362.7,0.8975,522.2,0.8977,18.5,0.8978,49.4
1753617348285,11:55:48.285,binance,AERO/USDT:USDT,0.8975,522.2,0.8974,546.2,0.8977,18.5,0.8978,49.4
1753617348411,11:55:48.411,binance,AERO/USDT:USDT,0.8975,522.2,0.8974,546.2,0.8977,18.5,0.8978,49.4
1753617348554,11:55:48.554,binance,AERO/USDT:USDT,0.8975,522.2,0.8974,546.2,0.8977,18.5,0.8978,49.4
1753617348656,11:55:48.656,binance,AERO/USDT:USDT,0.8975,481.9,0.8974,546.2,0.8977,18.5,0.8978,49.4
1753617348759,11:55:48.759,binance,AERO/USDT:USDT,0.8975,481.9,0.8974,546.2,0.8977,18.5,0.8978,364.4
1753617349233,11:55:49.233,binance,AERO/USDT:USDT,0.8975,481.9,0.8974,546.2,0.8977,18.5,0.8978,364.4
1753617349401,11:55:49.401,binance,AERO/USDT:USDT,0.8975,481.9,0.8974,546.2,0.8977,18.5,0.8978,364.4
1753617349739,11:55:49.739,binance,AERO/USDT:USDT,0.8975,481.9,0.8974,546.2,0.8977,18.5,0.8978,364.4
1753617349842,11:55:49.842,binance,AERO/USDT:USDT,0.8975,481.9,0.8974,546.2,0.8977,18.5,0.8978,364.4
1753617349968,11:55:49.968,binance,AERO/USDT:USDT,0.8975,481.9,0.8974,546.2,0.8977,18.5,0.8978,364.4
1753617350092,11:55:50.092,binance,AERO/USDT:USDT,0.8975,481.9,0.8974,546.2,0.8977,18.5,0.8978,364.4
1753617350239,11:55:50.239,binance,AERO/USDT:USDT,0.8975,481.9,0.8974,546.2,0.8977,18.5,0.8978,511.7
1753617350348,11:55:50.348,binance,AERO/USDT:USDT,0.8975,481.9,0.8974,546.2,0.8977,47.5,0.8978,511.7
1753617350642,11:55:50.642,binance,AERO/USDT:USDT,0.8974,99.0,0.8973,459.8,0.8976,466.7,0.8977,609.5
1753617350747,11:55:50.747,binance,AERO/USDT:USDT,0.8974,99.0,0.8973,459.8,0.8975,81.3,0.8976,472.3
1753617350865,11:55:50.865,binance,AERO/USDT:USDT,0.8974,99.0,0.8973,459.8,0.8975,51.7,0.8976,472.3
1753617351002,11:55:51.002,binance,AERO/USDT:USDT,0.8974,99.0,0.8973,459.8,0.8975,51.7,0.8976,472.3
1753617351108,11:55:51.108,binance,AERO/USDT:USDT,0.8974,99.0,0.8973,459.8,0.8975,51.7,0.8976,472.3
1753617351435,11:55:51.435,binance,AERO/USDT:USDT,0.8974,99.0,0.8973,459.8,0.8976,472.3,0.8977,609.5
1753617351602,11:55:51.602,binance,AERO/USDT:USDT,0.8974,99.0,0.8973,459.8,0.8976,472.3,0.8977,609.5
1753617351867,11:55:51.867,binance,AERO/USDT:USDT,0.8974,99.0,0.8973,459.8,0.8975,51.7,0.8976,472.3
1753617352013,11:55:52.013,binance,AERO/USDT:USDT,0.8973,64.3,0.8972,561.1,0.8975,188.3,0.8976,525.9
1753617352130,11:55:52.130,binance,AERO/USDT:USDT,0.8974,132.8,0.8973,116.0,0.8976,490.7,0.8977,609.5
1753617352287,11:55:52.287,binance,AERO/USDT:USDT,0.8974,132.8,0.8973,116.0,0.8976,490.7,0.8977,609.5
1753617352671,11:55:52.671,binance,AERO/USDT:USDT,0.8974,132.8,0.8973,116.0,0.8976,490.7,0.8977,609.5
1753617353006,11:55:53.006,binance,AERO/USDT:USDT,0.8974,132.8,0.8973,116.0,0.8976,490.7,0.8977,609.5
1753617353149,11:55:53.149,binance,AERO/USDT:USDT,0.8974,93.4,0.8973,116.0,0.8976,490.7,0.8977,609.5
1753617353252,11:55:53.252,binance,AERO/USDT:USDT,0.8974,93.4,0.8973,116.0,0.8976,490.7,0.8977,609.5
1753617353725,11:55:53.725,binance,AERO/USDT:USDT,0.8975,142.8,0.8974,99.0,0.8976,24.0,0.8977,609.5
1753617353897,11:55:53.897,binance,AERO/USDT:USDT,0.8975,142.8,0.8974,99.0,0.8976,24.0,0.8977,609.5
1753617354272,11:55:54.272,binance,AERO/USDT:USDT,0.8975,142.8,0.8974,99.0,0.8976,24.0,0.8977,609.5
1753617354405,11:55:54.405,binance,AERO/USDT:USDT,0.8975,142.8,0.8974,117.4,0.8976,5.6,0.8977,609.5
1753617354856,11:55:54.856,binance,AERO/USDT:USDT,0.8975,142.8,0.8974,117.4,0.8976,5.6,0.8977,609.5
1753617355302,11:55:55.302,binance,AERO/USDT:USDT,0.8975,142.8,0.8974,117.4,0.8976,5.6,0.8977,609.5
1753617355854,11:55:55.854,binance,AERO/USDT:USDT,0.8975,142.8,0.8974,117.4,0.8976,5.6,0.8977,609.5
1753617355956,11:55:55.956,binance,AERO/USDT:USDT,0.8975,142.8,0.8974,117.4,0.8976,5.6,0.8977,609.5
1753617356117,11:55:56.117,binance,AERO/USDT:USDT,0.8975,142.8,0.8974,117.4,0.8976,5.6,0.8977,609.5
1753617356502,11:55:56.502,binance,AERO/USDT:USDT,0.8975,142.8,0.8974,117.4,0.8976,5.6,0.8977,609.5
1753617356642,11:55:56.642,binance,AERO/USDT:USDT,0.8974,5.6,0.8973,31.0,0.8975,145.1,0.8976,450.2
1753617356751,11:55:56.751,binance,AERO/USDT:USDT,0.8974,5.6,0.8973,12.6,0.8975,206.4,0.8976,616.6
1753617356882,11:55:56.882,binance,AERO/USDT:USDT,0.8974,5.6,0.8973,12.6,0.8975,206.4,0.8976,616.6
1753617356986,11:55:56.986,binance,AERO/USDT:USDT,0.8974,5.6,0.8973,12.6,0.8975,206.4,0.8976,616.6
1753617357122,11:55:57.122,binance,AERO/USDT:USDT,0.8974,5.6,0.8973,12.6,0.8975,206.4,0.8976,616.6
1753617358181,11:55:58.181,binance,AERO/USDT:USDT,0.8974,5.6,0.8973,12.6,0.8975,206.4,0.8976,616.6
1753617358415,11:55:58.415,binance,AERO/USDT:USDT,0.8974,5.6,0.8973,12.6,0.8975,206.4,0.8976,616.6
1753617358702,11:55:58.702,binance,AERO/USDT:USDT,0.8974,5.6,0.8973,12.6,0.8975,206.4,0.8976,616.6
1753617359261,11:55:59.261,binance,AERO/USDT:USDT,0.8974,5.6,0.8973,12.6,0.8975,206.4,0.8976,616.6
1753617359397,11:55:59.397,binance,AERO/USDT:USDT,0.8974,5.6,0.8973,12.6,0.8975,217.0,0.8976,616.6
1753617359542,11:55:59.542,binance,AERO/USDT:USDT,0.8974,5.6,0.8973,12.6,0.8975,217.0,0.8976,616.6
1753617359802,11:55:59.802,binance,AERO/USDT:USDT,0.8974,5.6,0.8973,12.6,0.8975,217.0,0.8976,616.6
1753617360009,11:56:00.009,binance,AERO/USDT:USDT,0.8974,5.6,0.8973,12.6,0.8975,217.0,0.8976,616.6
1753617360112,11:56:00.112,binance,AERO/USDT:USDT,0.8974,5.6,0.8973,12.6,0.8975,217.0,0.8976,616.6
1753617360402,11:56:00.402,binance,AERO/USDT:USDT,0.8974,5.6,0.8973,12.6,0.8975,675.8,0.8976,616.6
1753617360718,11:56:00.718,binance,AERO/USDT:USDT,0.8974,5.6,0.8973,12.6,0.8975,675.8,0.8976,616.6
1753617360849,11:56:00.849,binance,AERO/USDT:USDT,0.8974,5.6,0.8973,12.6,0.8975,521.1,0.8976,598.2
1753617361069,11:56:01.069,binance,AERO/USDT:USDT,0.8974,449.4,0.8973,445.7,0.8975,469.4,0.8976,420.6
1753617361192,11:56:01.192,binance,AERO/USDT:USDT,0.8974,449.4,0.8973,445.7,0.8975,469.4,0.8976,420.6
1753617361424,11:56:01.424,binance,AERO/USDT:USDT,0.8974,449.4,0.8973,445.7,0.8975,469.4,0.8976,420.6
1753617361531,11:56:01.531,binance,AERO/USDT:USDT,0.8974,449.4,0.8973,445.7,0.8975,469.4,0.8976,420.6
1753617361922,11:56:01.922,binance,AERO/USDT:USDT,0.8974,449.4,0.8973,445.7,0.8975,469.4,0.8976,420.6
1753617362028,11:56:02.028,binance,AERO/USDT:USDT,0.8974,449.4,0.8973,445.7,0.8975,469.4,0.8976,420.6
1753617362181,11:56:02.181,binance,AERO/USDT:USDT,0.8974,449.4,0.8973,445.7,0.8975,469.4,0.8976,420.6
1753617362314,11:56:02.314,binance,AERO/USDT:USDT,0.8974,449.4,0.8973,445.7,0.8975,469.4,0.8976,420.6
1753617362537,11:56:02.537,binance,AERO/USDT:USDT,0.8974,449.4,0.8973,445.7,0.8975,469.4,0.8976,420.6
1753617362702,11:56:02.702,binance,AERO/USDT:USDT,0.8974,449.4,0.8973,445.7,0.8975,469.4,0.8976,420.6
1753617363037,11:56:03.037,binance,AERO/USDT:USDT,0.8974,449.4,0.8973,445.7,0.8975,469.4,0.8976,420.6
1753617363245,11:56:03.245,binance,AERO/USDT:USDT,0.8974,449.4,0.8973,445.7,0.8975,469.4,0.8976,420.6
1753617363401,11:56:03.401,binance,AERO/USDT:USDT,0.8974,449.4,0.8973,445.7,0.8975,469.4,0.8976,5.6
1753617363506,11:56:03.506,binance,AERO/USDT:USDT,0.8974,449.4,0.8973,445.7,0.8975,469.4,0.8976,5.6
1753617363679,11:56:03.679,binance,AERO/USDT:USDT,0.8974,449.4,0.8973,445.7,0.8975,469.4,0.8976,5.6
1753617363802,11:56:03.802,binance,AERO/USDT:USDT,0.8974,449.4,0.8973,445.7,0.8975,469.4,0.8976,5.6
1753617364188,11:56:04.188,binance,AERO/USDT:USDT,0.8974,449.4,0.8973,445.7,0.8975,469.4,0.8976,5.6
1753617364304,11:56:04.304,binance,AERO/USDT:USDT,0.8974,449.4,0.8973,445.7,0.8975,469.4,0.8976,5.6
1753617364502,11:56:04.502,binance,AERO/USDT:USDT,0.8974,449.4,0.8973,445.7,0.8975,469.4,0.8976,5.6
1753617364631,11:56:04.631,binance,AERO/USDT:USDT,0.8974,449.4,0.8973,445.7,0.8975,469.4,0.8976,5.6
1753617364946,11:56:04.946,binance,AERO/USDT:USDT,0.8974,449.4,0.8973,445.7,0.8975,469.4,0.8976,5.6
1753617365082,11:56:05.082,binance,AERO/USDT:USDT,0.8974,449.4,0.8973,445.7,0.8975,469.4,0.8976,5.6
1753617365459,11:56:05.459,binance,AERO/USDT:USDT,0.8974,99.0,0.8973,445.7,0.8975,477.0,0.8976,555.3
1753617365572,11:56:05.572,binance,AERO/USDT:USDT,0.8974,5.6,0.8973,445.7,0.8975,477.0,0.8976,420.3
1753617365731,11:56:05.731,binance,AERO/USDT:USDT,0.8974,5.6,0.8973,445.7,0.8975,477.0,0.8976,438.7
1753617366002,11:56:06.002,binance,AERO/USDT:USDT,0.8974,5.6,0.8973,445.7,0.8975,485.6,0.8976,438.7
1753617366105,11:56:06.105,binance,AERO/USDT:USDT,0.8974,5.6,0.8973,445.7,0.8975,485.6,0.8976,438.7
1753617366603,11:56:06.603,binance,AERO/USDT:USDT,0.8974,5.6,0.8973,445.7,0.8975,485.6,0.8976,438.7
1753617366723,11:56:06.723,binance,AERO/USDT:USDT,0.8974,5.6,0.8973,445.7,0.8975,485.6,0.8976,438.7
1753617367132,11:56:07.132,binance,AERO/USDT:USDT,0.8974,5.6,0.8973,445.7,0.8975,485.6,0.8976,438.7
1753617367235,11:56:07.235,binance,AERO/USDT:USDT,0.8974,5.6,0.8973,445.7,0.8975,485.6,0.8976,438.7
1753617367383,11:56:07.383,binance,AERO/USDT:USDT,0.8974,5.6,0.8973,445.7,0.8975,485.6,0.8976,438.7
1753617367536,11:56:07.536,binance,AERO/USDT:USDT,0.8974,5.6,0.8973,31.0,0.8975,546.9,0.8976,438.7
1753617367691,11:56:07.691,binance,AERO/USDT:USDT,0.8974,5.6,0.8973,31.0,0.8975,546.9,0.8976,438.7
1753617367801,11:56:07.801,binance,AERO/USDT:USDT,0.8974,5.6,0.8973,31.0,0.8975,546.9,0.8976,438.7
1753617367985,11:56:07.985,binance,AERO/USDT:USDT,0.8974,5.6,0.8973,12.6,0.8975,546.9,0.8976,438.7
1753617368202,11:56:08.202,binance,AERO/USDT:USDT,0.8974,5.6,0.8973,12.6,0.8975,546.9,0.8976,438.7
1753617368438,11:56:08.438,binance,AERO/USDT:USDT,0.8974,11.6,0.8973,12.6,0.8975,546.9,0.8976,438.7
1753617368705,11:56:08.705,binance,AERO/USDT:USDT,0.8974,11.6,0.8973,12.6,0.8975,546.9,0.8976,438.7
1753617368881,11:56:08.881,binance,AERO/USDT:USDT,0.8974,11.6,0.8973,12.6,0.8975,546.9,0.8976,438.7
1753617369402,11:56:09.402,binance,AERO/USDT:USDT,0.8974,151.7,0.8973,431.1,0.8975,485.6,0.8976,24.0
1753617369508,11:56:09.508,binance,AERO/USDT:USDT,0.8974,151.7,0.8973,431.1,0.8975,485.6,0.8976,24.0
1753617369613,11:56:09.613,binance,AERO/USDT:USDT,0.8974,151.7,0.8973,431.1,0.8975,485.6,0.8976,24.0
1753617369715,11:56:09.715,binance,AERO/USDT:USDT,0.8974,151.7,0.8973,431.1,0.8975,485.6,0.8976,24.0
1753617369951,11:56:09.951,binance,AERO/USDT:USDT,0.8974,151.7,0.8973,431.1,0.8975,485.6,0.8976,24.0
1753617370327,11:56:10.327,binance,AERO/USDT:USDT,0.8974,151.7,0.8973,431.1,0.8975,492.3,0.8976,24.0
1753617370502,11:56:10.502,binance,AERO/USDT:USDT,0.8974,151.7,0.8973,431.1,0.8975,492.3,0.8976,24.0
1753617370830,11:56:10.830,binance,AERO/USDT:USDT,0.8974,151.7,0.8973,431.1,0.8975,492.3,0.8976,24.0
1753617371081,11:56:11.081,binance,AERO/USDT:USDT,0.8974,151.7,0.8973,431.1,0.8975,492.3,0.8976,24.0
1753617371227,11:56:11.227,binance,AERO/USDT:USDT,0.8974,829.5,0.8973,431.1,0.8975,492.3,0.8976,24.0
1753617371330,11:56:11.330,binance,AERO/USDT:USDT,0.8974,829.5,0.8973,431.1,0.8975,492.3,0.8976,24.0
1753617371506,11:56:11.506,binance,AERO/USDT:USDT,0.8974,829.5,0.8973,431.1,0.8975,492.3,0.8976,24.0
1753617371702,11:56:11.702,binance,AERO/USDT:USDT,0.8974,829.5,0.8973,431.1,0.8975,492.3,0.8976,24.0
1753617372301,11:56:12.301,binance,AERO/USDT:USDT,0.8974,259.3,0.8973,431.1,0.8976,5.6,0.8977,196.6
1753617372405,11:56:12.405,binance,AERO/USDT:USDT,0.8974,259.3,0.8973,431.1,0.8976,99.0,0.8977,196.6
1753617372523,11:56:12.523,binance,AERO/USDT:USDT,0.8974,259.3,0.8973,449.5,0.8976,99.0,0.8977,196.6
1753617372682,11:56:12.682,binance,AERO/USDT:USDT,0.8974,259.3,0.8973,449.5,0.8976,99.0,0.8977,196.6
1753617372819,11:56:12.819,binance,AERO/USDT:USDT,0.8974,259.3,0.8973,449.5,0.8976,99.0,0.8977,196.6
1753617372981,11:56:12.981,binance,AERO/USDT:USDT,0.8974,259.3,0.8973,449.5,0.8976,99.0,0.8977,196.6
1753617373481,11:56:13.481,binance,AERO/USDT:USDT,0.8974,259.3,0.8973,449.5,0.8976,99.0,0.8977,196.6
1753617373650,11:56:13.650,binance,AERO/USDT:USDT,0.8974,259.3,0.8973,449.5,0.8976,99.0,0.8977,196.6
1753617373756,11:56:13.756,binance,AERO/USDT:USDT,0.8974,259.3,0.8973,449.5,0.8976,99.0,0.8977,196.6
1753617374041,11:56:14.041,binance,AERO/USDT:USDT,0.8974,259.3,0.8973,449.5,0.8976,99.0,0.8977,196.6
1753617374186,11:56:14.186,binance,AERO/USDT:USDT,0.8974,259.3,0.8973,449.5,0.8976,99.0,0.8977,196.6
1753617374600,11:56:14.600,binance,AERO/USDT:USDT,0.8975,5.9,0.8974,5.6,0.8976,110.9,0.8977,196.6
1753617374706,11:56:14.706,binance,AERO/USDT:USDT,0.8975,5.9,0.8974,5.6,0.8976,110.9,0.8977,196.6
1753617375031,11:56:15.031,binance,AERO/USDT:USDT,0.8975,5.9,0.8974,5.6,0.8976,110.9,0.8977,196.6
1753617375202,11:56:15.202,binance,AERO/USDT:USDT,0.8975,5.9,0.8974,5.6,0.8976,110.9,0.8977,196.6
1753617375791,11:56:15.791,binance,AERO/USDT:USDT,0.8975,5.9,0.8974,5.6,0.8976,110.9,0.8977,196.6
1753617375901,11:56:15.901,binance,AERO/USDT:USDT,0.8975,5.9,0.8974,5.6,0.8976,110.9,0.8977,196.6
1753617376007,11:56:16.007,binance,AERO/USDT:USDT,0.8975,5.9,0.8974,5.6,0.8976,110.9,0.8977,196.6
1753617376222,11:56:16.222,binance,AERO/USDT:USDT,0.8975,5.9,0.8974,5.6,0.8976,110.9,0.8977,196.6
1753617376323,11:56:16.323,binance,AERO/USDT:USDT,0.8975,5.9,0.8974,5.6,0.8976,110.9,0.8977,196.6
1753617376655,11:56:16.655,binance,AERO/USDT:USDT,0.8975,777.1,0.8974,5.6,0.8976,5.6,0.8977,196.6
1753617376758,11:56:16.758,binance,AERO/USDT:USDT,0.8975,777.1,0.8974,5.6,0.8976,5.6,0.8977,72.1
1753617376872,11:56:16.872,binance,AERO/USDT:USDT,0.8975,777.1,0.8974,5.6,0.8976,5.6,0.8977,72.1
1753617377002,11:56:17.002,binance,AERO/USDT:USDT,0.8975,777.1,0.8974,5.6,0.8976,5.6,0.8977,72.1
1753617377293,11:56:17.293,binance,AERO/USDT:USDT,0.8975,777.1,0.8974,5.6,0.8976,5.6,0.8977,72.1
1753617377502,11:56:17.502,binance,AERO/USDT:USDT,0.8975,777.1,0.8974,5.6,0.8976,5.6,0.8977,72.1
1753617377829,11:56:17.829,binance,AERO/USDT:USDT,0.8975,777.1,0.8974,5.6,0.8976,5.6,0.8977,72.1
1753617377933,11:56:17.933,binance,AERO/USDT:USDT,0.8975,777.1,0.8974,5.6,0.8976,5.6,0.8977,72.1
1753617378101,11:56:18.101,binance,AERO/USDT:USDT,0.8975,777.1,0.8974,5.6,0.8976,5.6,0.8977,72.1
1753617378213,11:56:18.213,binance,AERO/USDT:USDT,0.8975,777.1,0.8974,5.6,0.8976,5.6,0.8977,72.1
1753617379581,11:56:19.581,binance,AERO/USDT:USDT,0.8975,517.8,0.8974,5.6,0.8976,5.6,0.8977,72.1
1753617379688,11:56:19.688,binance,AERO/USDT:USDT,0.8975,517.8,0.8974,5.6,0.8976,5.6,0.8977,72.1
1753617379818,11:56:19.818,binance,AERO/USDT:USDT,0.8975,517.8,0.8974,5.6,0.8976,5.6,0.8977,72.1
1753617380332,11:56:20.332,binance,AERO/USDT:USDT,0.8975,517.8,0.8974,5.6,0.8976,5.6,0.8977,72.1
1753617380433,11:56:20.433,binance,AERO/USDT:USDT,0.8975,517.8,0.8974,5.6,0.8976,5.6,0.8977,72.1
1753617380538,11:56:20.538,binance,AERO/USDT:USDT,0.8975,517.8,0.8974,5.6,0.8976,5.6,0.8977,72.1
1753617380708,11:56:20.708,binance,AERO/USDT:USDT,0.8975,517.8,0.8974,5.6,0.8976,5.6,0.8977,72.1
1753617380896,11:56:20.896,binance,AERO/USDT:USDT,0.8975,99.3,0.8974,5.6,0.8976,5.6,0.8977,72.1
1753617380998,11:56:20.998,binance,AERO/USDT:USDT,0.8975,5.9,0.8974,5.6,0.8976,150.7,0.8977,488.7
1753617381111,11:56:21.111,binance,AERO/USDT:USDT,0.8974,5.6,0.8973,449.5,0.8975,51.7,0.8976,202.4
1753617381214,11:56:21.214,binance,AERO/USDT:USDT,0.8974,5.6,0.8973,449.5,0.8975,51.7,0.8976,202.4
1753617381391,11:56:21.391,binance,AERO/USDT:USDT,0.8974,5.6,0.8973,449.5,0.8975,51.7,0.8976,202.4
1753617381902,11:56:21.902,binance,AERO/USDT:USDT,0.8974,5.6,0.8973,449.5,0.8975,51.7,0.8976,202.4
1753617382216,11:56:22.216,binance,AERO/USDT:USDT,0.8974,5.6,0.8973,449.5,0.8975,51.7,0.8976,202.4
1753617382502,11:56:22.502,binance,AERO/USDT:USDT,0.8974,5.6,0.8973,449.5,0.8975,51.7,0.8976,202.4
1753617383057,11:56:23.057,binance,AERO/USDT:USDT,0.8974,99.0,0.8973,449.5,0.8975,51.7,0.8976,202.4
1753617383284,11:56:23.284,binance,AERO/USDT:USDT,0.8974,99.0,0.8973,449.5,0.8975,51.7,0.8976,220.8
1753617384202,11:56:24.202,binance,AERO/USDT:USDT,0.8974,99.0,0.8973,449.5,0.8975,51.7,0.8976,220.8
1753617384725,11:56:24.725,binance,AERO/USDT:USDT,0.8974,99.0,0.8973,449.5,0.8975,51.7,0.8976,220.8
1753617384831,11:56:24.831,binance,AERO/USDT:USDT,0.8974,99.0,0.8973,449.5,0.8975,51.7,0.8976,220.8
1753617384952,11:56:24.952,binance,AERO/USDT:USDT,0.8974,99.0,0.8973,449.5,0.8975,51.7,0.8976,220.8
1753617385281,11:56:25.281,binance,AERO/USDT:USDT,0.8974,99.0,0.8973,449.5,0.8975,51.7,0.8976,220.8
1753617385802,11:56:25.802,binance,AERO/USDT:USDT,0.8974,99.0,0.8973,449.5,0.8975,51.7,0.8976,220.8
1753617385923,11:56:25.923,binance,AERO/USDT:USDT,0.8974,99.0,0.8973,449.5,0.8975,51.7,0.8976,220.8
1753617386376,11:56:26.376,binance,AERO/USDT:USDT,0.8974,99.0,0.8973,449.5,0.8975,51.7,0.8976,220.8
1753617387204,11:56:27.204,binance,AERO/USDT:USDT,0.8974,99.0,0.8973,449.5,0.8975,51.7,0.8976,220.8
1753617387455,11:56:27.455,binance,AERO/USDT:USDT,0.8974,99.0,0.8973,449.5,0.8975,51.7,0.8976,220.8
1753617387602,11:56:27.602,binance,AERO/USDT:USDT,0.8974,99.0,0.8973,449.5,0.8975,51.7,0.8976,220.8
1753617388554,11:56:28.554,binance,AERO/USDT:USDT,0.8974,99.0,0.8973,449.5,0.8975,51.7,0.8976,220.8
1753617388693,11:56:28.693,binance,AERO/USDT:USDT,0.8974,99.0,0.8973,449.5,0.8975,51.7,0.8976,220.8
1753617389790,11:56:29.790,binance,AERO/USDT:USDT,0.8974,5.6,0.8973,449.5,0.8975,51.7,0.8976,220.8
1753617390386,11:56:30.386,binance,AERO/USDT:USDT,0.8973,31.0,0.8972,486.9,0.8974,429.3,0.8975,339.2
1753617390487,11:56:30.487,binance,AERO/USDT:USDT,0.8972,20.5,0.8971,463.3,0.8973,51.7,0.8974,574.4
1753617390723,11:56:30.723,binance,AERO/USDT:USDT,0.8972,20.5,0.8971,463.3,0.8973,51.7,0.8974,574.4
1753617390867,11:56:30.867,binance,AERO/USDT:USDT,0.8971,31.0,0.897,38.9,0.8972,191.8,0.8973,532.7
1753617391072,11:56:31.072,binance,AERO/USDT:USDT,0.8971,12.6,0.897,38.9,0.8972,191.8,0.8973,551.1
1753617391306,11:56:31.306,binance,AERO/USDT:USDT,0.8971,12.6,0.897,38.9,0.8972,191.8,0.8973,551.1
1753617391428,11:56:31.428,binance,AERO/USDT:USDT,0.8971,106.0,0.897,468.2,0.8972,51.7,0.8973,551.1
1753617391531,11:56:31.531,binance,AERO/USDT:USDT,0.8971,106.0,0.897,468.2,0.8972,51.7,0.8973,551.1
1753617391848,11:56:31.848,binance,AERO/USDT:USDT,0.8971,106.0,0.897,468.2,0.8972,51.7,0.8973,551.1
1753617391995,11:56:31.995,binance,AERO/USDT:USDT,0.8971,106.0,0.897,468.2,0.8972,51.7,0.8973,551.1
1753617392101,11:56:32.101,binance,AERO/USDT:USDT,0.8971,106.0,0.897,468.2,0.8972,51.7,0.8973,551.1
1753617392356,11:56:32.356,binance,AERO/USDT:USDT,0.8971,106.0,0.897,468.2,0.8972,51.7,0.8973,551.1
1753617392492,11:56:32.492,binance,AERO/USDT:USDT,0.8971,106.0,0.897,468.2,0.8972,51.7,0.8973,551.1
1753617392605,11:56:32.605,binance,AERO/USDT:USDT,0.8971,106.0,0.897,468.2,0.8972,51.7,0.8973,551.1
1753617392711,11:56:32.711,binance,AERO/USDT:USDT,0.8971,106.0,0.897,468.2,0.8972,51.7,0.8973,551.1
1753617393102,11:56:33.102,binance,AERO/USDT:USDT,0.8971,106.0,0.897,468.2,0.8972,51.7,0.8973,551.1
1753617393206,11:56:33.206,binance,AERO/USDT:USDT,0.8971,106.0,0.897,468.2,0.8972,51.7,0.8973,551.1
1753617393389,11:56:33.389,binance,AERO/USDT:USDT,0.8971,106.0,0.897,468.2,0.8972,51.7,0.8973,551.1
1753617393523,11:56:33.523,binance,AERO/USDT:USDT,0.8971,106.0,0.897,468.2,0.8972,51.7,0.8973,551.1
1753617393629,11:56:33.629,binance,AERO/USDT:USDT,0.8971,12.6,0.897,468.2,0.8972,145.1,0.8973,551.1
1753617393742,11:56:33.742,binance,AERO/USDT:USDT,0.8971,12.6,0.897,38.9,0.8972,145.1,0.8973,551.1
1753617393883,11:56:33.883,binance,AERO/USDT:USDT,0.8969,12.6,0.8968,461.3,0.897,51.7,0.8971,621.1
1753617393984,11:56:33.984,binance,AERO/USDT:USDT,0.8969,12.6,0.8968,461.3,0.897,103.4,0.8971,569.4
1753617394103,11:56:34.103,binance,AERO/USDT:USDT,0.8969,12.6,0.8968,461.3,0.897,103.4,0.8971,569.4
1753617394215,11:56:34.215,binance,AERO/USDT:USDT,0.8969,12.6,0.8968,461.3,0.897,103.4,0.8971,569.4
1753617394321,11:56:34.321,binance,AERO/USDT:USDT,0.8969,12.6,0.8968,461.3,0.897,103.4,0.8971,569.4
1753617394493,11:56:34.493,binance,AERO/USDT:USDT,0.8969,12.6,0.8968,461.3,0.897,109.3,0.8971,569.4
1753617394647,11:56:34.647,binance,AERO/USDT:USDT,0.8969,12.6,0.8968,461.3,0.897,109.3,0.8971,569.4
1753617394863,11:56:34.863,binance,AERO/USDT:USDT,0.8969,106.0,0.8968,461.3,0.897,109.3,0.8971,569.4
1753617395102,11:56:35.102,binance,AERO/USDT:USDT,0.8969,106.0,0.8968,461.3,0.897,109.3,0.8971,569.4
1753617395278,11:56:35.278,binance,AERO/USDT:USDT,0.8969,106.0,0.8968,461.3,0.897,124.1,0.8971,587.8
1753617395384,11:56:35.384,binance,AERO/USDT:USDT,0.8969,106.0,0.8968,461.3,0.897,124.1,0.8971,587.8
1753617395523,11:56:35.523,binance,AERO/USDT:USDT,0.8969,106.0,0.8968,461.3,0.897,124.1,0.8971,605.2
1753617395683,11:56:35.683,binance,AERO/USDT:USDT,0.8969,12.6,0.8968,461.3,0.897,124.1,0.8971,605.2
1753617395996,11:56:35.996,binance,AERO/USDT:USDT,0.8969,12.6,0.8968,461.3,0.897,124.1,0.8971,605.2
1753617396202,11:56:36.202,binance,AERO/USDT:USDT,0.8969,12.6,0.8968,461.3,0.897,124.1,0.8971,605.2
1753617396315,11:56:36.315,binance,AERO/USDT:USDT,0.8969,12.6,0.8968,461.3,0.897,124.1,0.8971,605.2
1753617396416,11:56:36.416,binance,AERO/USDT:USDT,0.8969,12.6,0.8968,461.3,0.897,124.1,0.8971,605.2
1753617396642,11:56:36.642,binance,AERO/USDT:USDT,0.8969,12.6,0.8968,461.3,0.897,124.1,0.8971,605.2
