timestamp,time,exchange,symbol,bid1_price,bid1_volume,bid2_price,bid2_volume,ask1_price,ask1_volume,ask2_price,ask2_volume
1753617156665,11:52:36.665,bybit,AEVO/USDT:USDT,0.111,15846.9,0.1109,75765.1,0.1111,11775.7,0.1112,74164.9
1753617156865,11:52:36.865,bybit,AEVO/USDT:USDT,0.111,15846.9,0.1109,75765.1,0.1111,11775.7,0.1112,74164.9
1753617156964,11:52:36.964,bybit,AEVO/USDT:USDT,0.111,15846.9,0.1109,75765.1,0.1111,11775.7,0.1112,74164.9
1753617157065,11:52:37.065,bybit,AEVO/USDT:USDT,0.111,15846.9,0.1109,75765.1,0.1111,11775.7,0.1112,74164.9
1753617157165,11:52:37.165,bybit,AEVO/USDT:USDT,0.111,15846.9,0.1109,75765.1,0.1111,11775.7,0.1112,74164.9
1753617157364,11:52:37.364,bybit,AEVO/USDT:USDT,0.111,15846.9,0.1109,75765.1,0.1111,12675.8,0.1112,74164.9
1753617157765,11:52:37.765,bybit,AEVO/USDT:USDT,0.111,15846.9,0.1109,75765.1,0.1111,12675.8,0.1112,74164.9
1753617157965,11:52:37.965,bybit,AEVO/USDT:USDT,0.111,15846.9,0.1109,75765.1,0.1111,12675.8,0.1112,74164.9
1753617158064,11:52:38.064,bybit,AEVO/USDT:USDT,0.111,15846.9,0.1109,75765.1,0.1111,12675.8,0.1112,74164.9
1753617158167,11:52:38.167,bybit,AEVO/USDT:USDT,0.111,15846.9,0.1109,75765.1,0.1111,12675.8,0.1112,74164.9
1753617158565,11:52:38.565,bybit,AEVO/USDT:USDT,0.111,15846.9,0.1109,75765.1,0.1111,12675.8,0.1112,74165.0
1753617158865,11:52:38.865,bybit,AEVO/USDT:USDT,0.111,15846.9,0.1109,75765.1,0.1111,12675.8,0.1112,71917.7
1753617158964,11:52:38.964,bybit,AEVO/USDT:USDT,0.111,15846.9,0.1109,75765.1,0.1111,12675.8,0.1112,74165.0
1753617159065,11:52:39.065,bybit,AEVO/USDT:USDT,0.111,15846.9,0.1109,75765.1,0.1111,12675.8,0.1112,74165.0
1753617159165,11:52:39.165,bybit,AEVO/USDT:USDT,0.111,15846.9,0.1109,75765.1,0.1111,12675.8,0.1112,74165.0
1753617160065,11:52:40.065,bybit,AEVO/USDT:USDT,0.111,15846.9,0.1109,75765.1,0.1111,12675.8,0.1112,74165.0
1753617160169,11:52:40.169,bybit,AEVO/USDT:USDT,0.111,15846.9,0.1109,75765.1,0.1111,12675.8,0.1112,74165.0
1753617160265,11:52:40.265,bybit,AEVO/USDT:USDT,0.111,15846.9,0.1109,75765.1,0.1111,12855.8,0.1112,74165.0
1753617160364,11:52:40.364,bybit,AEVO/USDT:USDT,0.111,15846.9,0.1109,77262.7,0.1111,12855.8,0.1112,74165.0
1753617160764,11:52:40.764,bybit,AEVO/USDT:USDT,0.111,15846.9,0.1109,77262.7,0.1111,12855.8,0.1112,74165.0
1753617160964,11:52:40.964,bybit,AEVO/USDT:USDT,0.111,15846.9,0.1109,77262.7,0.1111,12855.8,0.1112,74165.0
1753617161164,11:52:41.164,bybit,AEVO/USDT:USDT,0.111,15846.9,0.1109,77262.7,0.1111,12855.8,0.1112,74165.0
1753617161265,11:52:41.265,bybit,AEVO/USDT:USDT,0.111,15846.9,0.1109,77262.7,0.1111,12855.8,0.1112,74164.9
1753617161765,11:52:41.765,bybit,AEVO/USDT:USDT,0.111,14057.2,0.1109,77262.7,0.1111,11955.7,0.1112,74164.9
1753617162765,11:52:42.765,bybit,AEVO/USDT:USDT,0.111,14057.2,0.1109,77262.7,0.1111,11955.7,0.1112,74164.9
1753617162865,11:52:42.865,bybit,AEVO/USDT:USDT,0.111,14057.2,0.1109,77262.7,0.1111,11955.7,0.1112,74165.0
1753617163065,11:52:43.065,bybit,AEVO/USDT:USDT,0.111,14057.2,0.1109,77262.7,0.1111,11955.7,0.1112,74165.0
1753617163565,11:52:43.565,bybit,AEVO/USDT:USDT,0.111,14057.2,0.1109,77262.7,0.1111,12855.8,0.1112,74165.0
1753617163664,11:52:43.664,bybit,AEVO/USDT:USDT,0.111,14057.2,0.1109,77262.7,0.1111,12855.8,0.1112,74164.9
1753617164364,11:52:44.364,bybit,AEVO/USDT:USDT,0.111,14057.2,0.1109,77262.7,0.1111,12855.8,0.1112,71917.7
1753617164464,11:52:44.464,bybit,AEVO/USDT:USDT,0.111,14057.2,0.1109,77262.7,0.1111,12855.8,0.1112,71917.7
1753617164764,11:52:44.764,bybit,AEVO/USDT:USDT,0.111,14057.2,0.1109,77262.7,0.1111,12855.8,0.1112,74164.9
1753617164965,11:52:44.965,bybit,AEVO/USDT:USDT,0.111,14057.2,0.1109,77262.7,0.1111,12855.8,0.1112,71917.7
1753617165065,11:52:45.065,bybit,AEVO/USDT:USDT,0.111,14057.2,0.1109,77262.7,0.1111,12855.8,0.1112,71917.7
1753617165464,11:52:45.464,bybit,AEVO/USDT:USDT,0.111,14057.2,0.1109,77262.7,0.1111,12855.8,0.1112,74164.9
1753617165765,11:52:45.765,bybit,AEVO/USDT:USDT,0.111,14057.2,0.1109,77262.7,0.1111,12855.8,0.1112,74164.9
1753617165865,11:52:45.865,bybit,AEVO/USDT:USDT,0.111,14057.2,0.1109,77262.7,0.1111,12855.8,0.1112,74164.9
1753617165965,11:52:45.965,bybit,AEVO/USDT:USDT,0.111,14057.2,0.1109,77262.7,0.1111,12855.8,0.1112,74164.9
1753617166064,11:52:46.064,bybit,AEVO/USDT:USDT,0.111,14057.2,0.1109,77262.7,0.1111,12855.8,0.1112,74164.9
1753617166168,11:52:46.168,bybit,AEVO/USDT:USDT,0.111,14057.2,0.1109,77262.7,0.1111,12855.8,0.1112,74164.9
1753617166265,11:52:46.265,bybit,AEVO/USDT:USDT,0.111,14057.2,0.1109,77262.7,0.1111,12855.8,0.1112,74164.9
1753617166464,11:52:46.464,bybit,AEVO/USDT:USDT,0.111,14057.2,0.1109,77262.7,0.1111,12855.8,0.1112,74164.9
1753617166565,11:52:46.565,bybit,AEVO/USDT:USDT,0.111,14057.2,0.1109,77262.7,0.1111,12855.8,0.1112,74164.9
1753617166765,11:52:46.765,bybit,AEVO/USDT:USDT,0.111,14057.2,0.1109,77262.7,0.1111,12855.8,0.1112,74164.9
1753617166865,11:52:46.865,bybit,AEVO/USDT:USDT,0.111,14057.2,0.1109,77262.7,0.1111,12855.8,0.1112,74164.9
1753617166964,11:52:46.964,bybit,AEVO/USDT:USDT,0.111,14057.2,0.1109,77262.7,0.1111,12855.8,0.1112,74164.9
1753617167065,11:52:47.065,bybit,AEVO/USDT:USDT,0.111,14057.2,0.1109,77262.7,0.1111,12855.8,0.1112,74164.9
1753617167164,11:52:47.164,bybit,AEVO/USDT:USDT,0.111,14057.2,0.1109,77262.7,0.1111,11955.7,0.1112,74164.9
1753617167564,11:52:47.564,bybit,AEVO/USDT:USDT,0.111,14057.2,0.1109,77262.7,0.1111,11955.7,0.1112,74164.9
1753617167665,11:52:47.665,bybit,AEVO/USDT:USDT,0.111,14057.2,0.1109,77262.7,0.1111,11955.7,0.1112,74164.9
1753617168065,11:52:48.065,bybit,AEVO/USDT:USDT,0.111,14057.2,0.1109,77262.7,0.1111,11955.7,0.1112,74164.9
1753617168166,11:52:48.166,bybit,AEVO/USDT:USDT,0.111,14057.2,0.1109,77262.7,0.1111,11955.7,0.1112,74164.9
1753617168265,11:52:48.265,bybit,AEVO/USDT:USDT,0.111,14057.2,0.1109,77262.7,0.1111,11955.7,0.1112,74164.9
1753617168565,11:52:48.565,bybit,AEVO/USDT:USDT,0.111,14057.2,0.1109,77262.7,0.1111,11955.7,0.1112,74164.9
1753617168665,11:52:48.665,bybit,AEVO/USDT:USDT,0.111,14057.2,0.1109,77262.7,0.1111,11955.7,0.1112,74164.9
1753617168764,11:52:48.764,bybit,AEVO/USDT:USDT,0.111,14057.2,0.1109,77262.7,0.1111,11955.7,0.1112,74164.9
1753617168964,11:52:48.964,bybit,AEVO/USDT:USDT,0.111,18545.2,0.1109,74564.0,0.1111,4570.3,0.1112,59442.4
1753617169065,11:52:49.065,bybit,AEVO/USDT:USDT,0.1111,1881.2,0.111,47242.4,0.1112,16034.3,0.1113,64349.3
1753617169165,11:52:49.165,bybit,AEVO/USDT:USDT,0.1111,1836.1,0.111,50782.5,0.1112,13547.6,0.1113,64349.3
1753617169264,11:52:49.264,bybit,AEVO/USDT:USDT,0.1111,1836.1,0.111,50782.5,0.1112,13547.6,0.1113,64349.3
1753617169665,11:52:49.665,bybit,AEVO/USDT:USDT,0.1111,1836.1,0.111,50782.5,0.1112,13547.6,0.1113,64349.3
1753617169765,11:52:49.765,bybit,AEVO/USDT:USDT,0.1111,1836.1,0.111,50782.5,0.1112,13547.6,0.1113,64349.3
1753617170065,11:52:50.065,bybit,AEVO/USDT:USDT,0.1111,1836.1,0.111,50782.5,0.1112,13547.6,0.1113,64349.3
1753617170166,11:52:50.166,bybit,AEVO/USDT:USDT,0.1111,1836.1,0.111,50782.5,0.1112,13547.6,0.1113,64349.3
1753617170264,11:52:50.264,bybit,AEVO/USDT:USDT,0.1111,1836.1,0.111,53033.9,0.1112,13547.6,0.1113,64349.3
1753617170365,11:52:50.365,bybit,AEVO/USDT:USDT,0.1111,1836.1,0.111,53033.9,0.1112,13547.6,0.1113,64349.3
1753617170764,11:52:50.764,bybit,AEVO/USDT:USDT,0.1111,1836.1,0.111,53033.9,0.1112,13547.6,0.1113,64349.3
1753617170865,11:52:50.865,bybit,AEVO/USDT:USDT,0.1111,1836.1,0.111,53033.9,0.1112,13547.6,0.1113,64349.3
1753617170964,11:52:50.964,bybit,AEVO/USDT:USDT,0.1111,1836.1,0.111,53033.9,0.1112,13547.6,0.1113,64349.3
1753617171164,11:52:51.164,bybit,AEVO/USDT:USDT,0.1111,1836.1,0.111,53033.9,0.1112,13547.6,0.1113,64349.3
1753617171264,11:52:51.264,bybit,AEVO/USDT:USDT,0.1111,1836.1,0.111,53033.9,0.1112,13547.6,0.1113,64349.3
1753617171364,11:52:51.364,bybit,AEVO/USDT:USDT,0.1111,1836.1,0.111,53033.9,0.1112,13547.6,0.1113,64349.3
1753617171465,11:52:51.465,bybit,AEVO/USDT:USDT,0.1111,1836.1,0.111,53033.9,0.1112,13547.6,0.1113,64349.3
1753617171665,11:52:51.665,bybit,AEVO/USDT:USDT,0.1111,1836.1,0.111,50782.5,0.1112,13547.6,0.1113,64349.3
1753617171764,11:52:51.764,bybit,AEVO/USDT:USDT,0.1111,4085.5,0.111,50782.5,0.1112,13547.6,0.1113,67465.4
1753617171865,11:52:51.865,bybit,AEVO/USDT:USDT,0.1111,4085.5,0.111,50782.5,0.1112,13547.6,0.1113,67465.4
1753617171965,11:52:51.965,bybit,AEVO/USDT:USDT,0.1111,4085.5,0.111,50782.5,0.1112,13547.6,0.1113,67465.4
1753617172065,11:52:52.065,bybit,AEVO/USDT:USDT,0.1111,4085.5,0.111,50782.5,0.1112,13547.6,0.1113,67465.4
1753617172167,11:52:52.167,bybit,AEVO/USDT:USDT,0.1111,4085.5,0.111,50782.5,0.1112,13547.6,0.1113,67465.4
1753617172265,11:52:52.265,bybit,AEVO/USDT:USDT,0.1111,4085.5,0.111,50782.5,0.1112,13547.6,0.1113,67465.4
1753617172365,11:52:52.365,bybit,AEVO/USDT:USDT,0.1111,4085.5,0.111,50782.5,0.1112,13547.6,0.1113,67465.4
1753617172465,11:52:52.465,bybit,AEVO/USDT:USDT,0.1111,4085.5,0.111,50782.5,0.1112,13547.6,0.1113,67465.4
1753617172565,11:52:52.565,bybit,AEVO/USDT:USDT,0.1111,4085.5,0.111,53898.5,0.1112,13547.6,0.1113,67465.4
1753617172666,11:52:52.666,bybit,AEVO/USDT:USDT,0.1111,4085.5,0.111,53898.5,0.1112,13547.6,0.1113,67465.4
1753617172764,11:52:52.764,bybit,AEVO/USDT:USDT,0.1111,4085.5,0.111,53898.5,0.1112,13547.6,0.1113,67465.4
1753617172865,11:52:52.865,bybit,AEVO/USDT:USDT,0.1111,4085.5,0.111,53898.5,0.1112,13547.6,0.1113,67465.4
1753617172965,11:52:52.965,bybit,AEVO/USDT:USDT,0.1111,4085.5,0.111,53898.5,0.1112,13547.6,0.1113,67465.3
1753617173465,11:52:53.465,bybit,AEVO/USDT:USDT,0.1111,4085.5,0.111,53898.5,0.1112,13547.6,0.1113,67465.3
1753617173565,11:52:53.565,bybit,AEVO/USDT:USDT,0.1111,1836.1,0.111,56149.9,0.1112,13547.6,0.1113,67465.3
1753617173664,11:52:53.664,bybit,AEVO/USDT:USDT,0.1111,1836.1,0.111,53033.9,0.1112,13547.6,0.1113,67465.3
1753617173764,11:52:53.764,bybit,AEVO/USDT:USDT,0.1111,1836.1,0.111,56149.9,0.1112,13547.6,0.1113,67465.3
1753617173865,11:52:53.865,bybit,AEVO/USDT:USDT,0.1111,1836.1,0.111,56149.9,0.1112,13547.6,0.1113,67465.3
1753617173965,11:52:53.965,bybit,AEVO/USDT:USDT,0.1111,1836.1,0.111,56149.9,0.1112,13547.6,0.1113,67465.3
1753617174064,11:52:54.064,bybit,AEVO/USDT:USDT,0.1111,1836.1,0.111,56149.9,0.1112,13547.6,0.1113,67465.3
1753617174365,11:52:54.365,bybit,AEVO/USDT:USDT,0.1111,1836.1,0.111,56149.9,0.1112,13547.6,0.1113,67465.3
1753617174464,11:52:54.464,bybit,AEVO/USDT:USDT,0.1111,1836.1,0.111,56149.9,0.1112,13633.6,0.1113,67465.3
1753617174666,11:52:54.666,bybit,AEVO/USDT:USDT,0.1111,1836.1,0.111,56149.9,0.1112,13633.6,0.1113,67465.3
1753617174965,11:52:54.965,bybit,AEVO/USDT:USDT,0.1111,1836.1,0.111,56149.9,0.1112,13633.6,0.1113,67465.3
1753617175064,11:52:55.064,bybit,AEVO/USDT:USDT,0.1111,1836.1,0.111,56149.9,0.1112,13633.6,0.1113,67465.3
1753617175165,11:52:55.165,bybit,AEVO/USDT:USDT,0.1111,1836.1,0.111,56149.9,0.1112,13633.6,0.1113,67465.3
1753617175664,11:52:55.664,bybit,AEVO/USDT:USDT,0.1111,1836.1,0.111,56149.9,0.1112,13633.6,0.1113,67465.3
1753617175765,11:52:55.765,bybit,AEVO/USDT:USDT,0.1111,1836.1,0.111,56149.9,0.1112,13633.6,0.1113,67465.3
1753617175965,11:52:55.965,bybit,AEVO/USDT:USDT,0.111,49252.1,0.1109,78239.8,0.1111,900.1,0.1112,29501.2
1753617176064,11:52:56.064,bybit,AEVO/USDT:USDT,0.111,51007.9,0.1109,78239.8,0.1111,963.1,0.1112,29501.2
1753617176168,11:52:56.168,bybit,AEVO/USDT:USDT,0.111,51007.9,0.1109,78239.8,0.1111,963.1,0.1112,29501.2
1753617176265,11:52:56.265,bybit,AEVO/USDT:USDT,0.111,51007.9,0.1109,78239.8,0.1111,963.1,0.1112,29501.2
1753617176464,11:52:56.464,bybit,AEVO/USDT:USDT,0.111,51007.9,0.1109,78239.8,0.1111,963.1,0.1112,29501.2
1753617176764,11:52:56.764,bybit,AEVO/USDT:USDT,0.111,51007.9,0.1109,78239.8,0.1111,963.1,0.1112,29501.2
1753617176865,11:52:56.865,bybit,AEVO/USDT:USDT,0.111,42131.1,0.1109,78239.8,0.1111,963.1,0.1112,29501.2
1753617177065,11:52:57.065,bybit,AEVO/USDT:USDT,0.111,42131.1,0.1109,78239.8,0.1111,963.1,0.1112,29456.2
1753617177165,11:52:57.165,bybit,AEVO/USDT:USDT,0.111,42086.0,0.1109,78239.8,0.1111,963.1,0.1112,29456.2
1753617177465,11:52:57.465,bybit,AEVO/USDT:USDT,0.111,42086.0,0.1109,113850.8,0.1111,963.1,0.1112,29456.2
1753617177864,11:52:57.864,bybit,AEVO/USDT:USDT,0.111,42086.0,0.1109,113850.8,0.1111,963.1,0.1112,29456.2
1753617177964,11:52:57.964,bybit,AEVO/USDT:USDT,0.111,42086.0,0.1109,113850.8,0.1111,963.1,0.1112,29456.2
1753617178166,11:52:58.166,bybit,AEVO/USDT:USDT,0.111,42086.0,0.1109,113850.8,0.1111,963.1,0.1112,29456.2
1753617178264,11:52:58.264,bybit,AEVO/USDT:USDT,0.111,42086.0,0.1109,113850.8,0.1111,963.1,0.1112,29456.2
1753617178365,11:52:58.365,bybit,AEVO/USDT:USDT,0.111,42086.0,0.1109,113850.8,0.1111,963.1,0.1112,29456.2
1753617178464,11:52:58.464,bybit,AEVO/USDT:USDT,0.111,42086.0,0.1109,114737.7,0.1111,963.1,0.1112,29456.2
1753617178764,11:52:58.764,bybit,AEVO/USDT:USDT,0.111,37169.1,0.1109,114737.7,0.1111,1112.8,0.1112,29370.2
1753617178865,11:52:58.865,bybit,AEVO/USDT:USDT,0.111,37169.1,0.1109,114737.7,0.1111,1112.8,0.1112,29370.2
1753617178964,11:52:58.964,bybit,AEVO/USDT:USDT,0.111,40305.1,0.1109,114737.7,0.1111,1112.8,0.1112,29370.2
1753617179065,11:52:59.065,bybit,AEVO/USDT:USDT,0.111,40305.1,0.1109,114737.7,0.1111,1112.8,0.1112,29370.2
1753617179165,11:52:59.165,bybit,AEVO/USDT:USDT,0.111,40305.1,0.1109,114737.7,0.1111,1112.8,0.1112,29370.2
1753617179364,11:52:59.364,bybit,AEVO/USDT:USDT,0.111,40305.1,0.1109,114737.7,0.1111,1112.8,0.1112,29370.2
1753617179465,11:52:59.465,bybit,AEVO/USDT:USDT,0.111,12177.7,0.1109,108075.9,0.1111,10360.8,0.1112,33858.4
1753617179565,11:52:59.565,bybit,AEVO/USDT:USDT,0.111,16494.3,0.1109,110774.8,0.1111,10360.8,0.1112,33858.4
1753617179665,11:52:59.665,bybit,AEVO/USDT:USDT,0.111,11224.0,0.1109,116045.1,0.1111,10360.8,0.1112,33858.4
1753617179764,11:52:59.764,bybit,AEVO/USDT:USDT,0.111,11224.0,0.1109,116045.1,0.1111,10360.8,0.1112,33858.4
1753617179965,11:52:59.965,bybit,AEVO/USDT:USDT,0.111,11224.0,0.1109,116045.1,0.1111,10360.8,0.1112,33858.4
1753617180065,11:53:00.065,bybit,AEVO/USDT:USDT,0.111,11224.0,0.1109,116045.1,0.1111,10360.8,0.1112,33317.2
1753617180564,11:53:00.564,bybit,AEVO/USDT:USDT,0.111,11224.0,0.1109,116045.1,0.1111,10360.8,0.1112,33317.2
1753617180665,11:53:00.665,bybit,AEVO/USDT:USDT,0.111,11224.0,0.1109,115158.2,0.1111,10360.8,0.1112,33317.2
1753617180965,11:53:00.965,bybit,AEVO/USDT:USDT,0.111,11224.0,0.1109,115158.2,0.1111,10360.8,0.1112,33317.2
1753617181065,11:53:01.065,bybit,AEVO/USDT:USDT,0.111,11224.0,0.1109,115158.2,0.1111,10360.8,0.1112,33317.2
1753617181165,11:53:01.165,bybit,AEVO/USDT:USDT,0.111,11224.0,0.1109,115158.2,0.1111,10360.8,0.1112,33317.2
1753617181565,11:53:01.565,bybit,AEVO/USDT:USDT,0.111,11224.0,0.1109,115158.2,0.1111,10360.8,0.1112,33317.2
1753617181664,11:53:01.664,bybit,AEVO/USDT:USDT,0.111,11224.0,0.1109,115158.2,0.1111,10360.8,0.1112,33317.2
1753617181765,11:53:01.765,bybit,AEVO/USDT:USDT,0.111,11224.0,0.1109,115158.2,0.1111,10360.8,0.1112,33317.2
1753617181864,11:53:01.864,bybit,AEVO/USDT:USDT,0.111,11224.0,0.1109,115158.2,0.1111,10360.8,0.1112,33317.2
1753617181964,11:53:01.964,bybit,AEVO/USDT:USDT,0.111,11224.0,0.1109,115158.2,0.1111,10360.8,0.1112,33317.2
1753617182166,11:53:02.166,bybit,AEVO/USDT:USDT,0.111,11224.0,0.1109,115158.2,0.1111,10360.8,0.1112,33317.2
1753617182265,11:53:02.265,bybit,AEVO/USDT:USDT,0.111,11224.0,0.1109,115158.2,0.1111,10360.8,0.1112,33317.2
1753617182364,11:53:02.364,bybit,AEVO/USDT:USDT,0.111,11224.0,0.1109,115158.2,0.1111,10360.8,0.1112,33317.2
1753617182465,11:53:02.465,bybit,AEVO/USDT:USDT,0.111,11224.0,0.1109,115158.2,0.1111,10360.8,0.1112,33317.2
1753617182565,11:53:02.565,bybit,AEVO/USDT:USDT,0.111,11224.0,0.1109,115158.2,0.1111,10360.8,0.1112,33317.2
1753617182665,11:53:02.665,bybit,AEVO/USDT:USDT,0.111,23565.7,0.1109,116961.7,0.1111,1112.8,0.1112,31527.5
1753617182764,11:53:02.764,bybit,AEVO/USDT:USDT,0.111,30769.6,0.1109,116961.7,0.1111,1112.8,0.1112,22117.6
1753617182864,11:53:02.864,bybit,AEVO/USDT:USDT,0.111,21809.9,0.1109,116961.7,0.1111,1112.8,0.1112,22117.6
1753617182965,11:53:02.965,bybit,AEVO/USDT:USDT,0.111,21809.9,0.1109,116961.7,0.1111,1112.8,0.1112,22117.6
1753617183165,11:53:03.165,bybit,AEVO/USDT:USDT,0.111,30814.7,0.1109,116961.7,0.1111,1112.8,0.1112,22117.6
1753617183265,11:53:03.265,bybit,AEVO/USDT:USDT,0.111,30859.8,0.1109,116961.7,0.1111,1112.8,0.1112,22117.6
1753617183365,11:53:03.365,bybit,AEVO/USDT:USDT,0.111,30814.7,0.1109,116961.7,0.1111,1112.8,0.1112,22117.6
1753617183464,11:53:03.464,bybit,AEVO/USDT:USDT,0.111,30814.7,0.1109,116961.7,0.1111,1112.8,0.1112,22117.6
1753617183565,11:53:03.565,bybit,AEVO/USDT:USDT,0.111,30814.7,0.1109,116961.7,0.1111,1112.8,0.1112,22117.6
1753617183665,11:53:03.665,bybit,AEVO/USDT:USDT,0.111,30814.7,0.1109,116961.7,0.1111,1112.8,0.1112,22117.6
1753617183765,11:53:03.765,bybit,AEVO/USDT:USDT,0.1111,7331.3,0.111,72250.5,0.1112,13391.2,0.1113,78312.5
1753617183864,11:53:03.864,bybit,AEVO/USDT:USDT,0.1111,9121.0,0.111,73105.1,0.1112,6009.6,0.1113,72949.3
1753617183964,11:53:03.964,bybit,AEVO/USDT:USDT,0.1111,9121.0,0.111,73105.1,0.1112,6009.6,0.1113,72949.3
1753617184064,11:53:04.064,bybit,AEVO/USDT:USDT,0.1111,9121.0,0.111,73105.1,0.1112,3696.3,0.1113,72949.3
1753617184166,11:53:04.166,bybit,AEVO/USDT:USDT,0.1111,9121.0,0.111,73105.1,0.1112,3696.3,0.1113,72949.3
1753617184265,11:53:04.265,bybit,AEVO/USDT:USDT,0.1111,9121.0,0.111,73105.1,0.1112,3696.3,0.1113,72949.3
1753617184365,11:53:04.365,bybit,AEVO/USDT:USDT,0.1111,9121.0,0.111,73105.1,0.1112,3696.3,0.1113,72949.3
1753617184564,11:53:04.564,bybit,AEVO/USDT:USDT,0.1111,9121.0,0.111,73105.1,0.1112,3696.3,0.1113,72949.3
1753617184764,11:53:04.764,bybit,AEVO/USDT:USDT,0.1111,9121.0,0.111,69503.3,0.1112,3696.3,0.1113,72949.3
1753617184865,11:53:04.865,bybit,AEVO/USDT:USDT,0.1111,9121.0,0.111,69503.3,0.1112,3696.3,0.1113,72949.3
1753617184965,11:53:04.965,bybit,AEVO/USDT:USDT,0.1111,8988.1,0.111,69503.3,0.1112,11927.7,0.1113,72949.3
1753617185065,11:53:05.065,bybit,AEVO/USDT:USDT,0.1111,8988.1,0.111,69503.3,0.1112,12107.7,0.1113,72949.3
1753617185166,11:53:05.166,bybit,AEVO/USDT:USDT,0.1111,8988.1,0.111,69503.3,0.1112,11927.7,0.1113,72949.3
1753617185264,11:53:05.264,bybit,AEVO/USDT:USDT,0.1111,11237.5,0.111,69503.3,0.1112,12107.7,0.1113,72949.3
1753617185364,11:53:05.364,bybit,AEVO/USDT:USDT,0.1111,11237.5,0.111,69503.3,0.1112,11927.7,0.1113,72949.3
1753617185464,11:53:05.464,bybit,AEVO/USDT:USDT,0.1111,11237.5,0.111,69503.3,0.1112,12107.7,0.1113,72949.3
1753617185764,11:53:05.764,bybit,AEVO/USDT:USDT,0.1111,11237.5,0.111,69503.3,0.1112,11927.7,0.1113,72949.3
1753617185865,11:53:05.865,bybit,AEVO/USDT:USDT,0.1111,11237.5,0.111,69503.3,0.1112,11927.7,0.1113,72949.3
1753617185964,11:53:05.964,bybit,AEVO/USDT:USDT,0.1111,11237.5,0.111,69503.3,0.1112,12107.7,0.1113,72949.3
1753617186065,11:53:06.065,bybit,AEVO/USDT:USDT,0.1111,11237.5,0.111,69503.3,0.1112,11927.7,0.1113,72949.3
1753617186264,11:53:06.264,bybit,AEVO/USDT:USDT,0.1111,11237.5,0.111,69503.3,0.1112,12107.7,0.1113,72949.3
1753617186364,11:53:06.364,bybit,AEVO/USDT:USDT,0.1111,11237.5,0.111,69503.3,0.1112,12107.7,0.1113,72949.3
1753617186464,11:53:06.464,bybit,AEVO/USDT:USDT,0.1111,11237.5,0.111,69503.3,0.1112,11220.8,0.1113,72949.3
1753617186565,11:53:06.565,bybit,AEVO/USDT:USDT,0.1111,11237.5,0.111,69503.3,0.1112,11220.8,0.1113,72949.3
1753617186665,11:53:06.665,bybit,AEVO/USDT:USDT,0.1111,11237.5,0.111,69503.3,0.1112,11222.8,0.1113,75194.5
1753617186765,11:53:06.765,bybit,AEVO/USDT:USDT,0.1111,11237.5,0.111,69503.3,0.1112,11222.8,0.1113,72949.3
1753617186864,11:53:06.864,bybit,AEVO/USDT:USDT,0.1111,11237.5,0.111,69503.3,0.1112,11222.8,0.1113,75194.5
1753617186964,11:53:06.964,bybit,AEVO/USDT:USDT,0.1111,11237.5,0.111,69503.3,0.1112,11042.8,0.1113,75194.5
1753617187065,11:53:07.065,bybit,AEVO/USDT:USDT,0.1111,11237.5,0.111,69548.4,0.1112,11042.8,0.1113,75194.5
1753617187165,11:53:07.165,bybit,AEVO/USDT:USDT,0.1111,11237.5,0.111,69548.4,0.1112,11222.8,0.1113,75194.5
1753617187264,11:53:07.264,bybit,AEVO/USDT:USDT,0.1111,11237.5,0.111,69548.4,0.1112,11222.8,0.1113,72949.3
1753617187364,11:53:07.364,bybit,AEVO/USDT:USDT,0.1111,11237.5,0.111,69548.4,0.1112,11222.8,0.1113,72949.3
1753617187464,11:53:07.464,bybit,AEVO/USDT:USDT,0.1111,11237.5,0.111,69548.4,0.1112,11222.8,0.1113,72949.3
1753617187765,11:53:07.765,bybit,AEVO/USDT:USDT,0.1111,11237.5,0.111,69548.4,0.1112,11042.8,0.1113,72949.3
1753617187865,11:53:07.865,bybit,AEVO/USDT:USDT,0.1111,11237.5,0.111,69548.4,0.1112,11042.8,0.1113,72949.3
1753617187964,11:53:07.964,bybit,AEVO/USDT:USDT,0.1111,11237.5,0.111,69548.4,0.1112,11222.8,0.1113,72949.3
1753617188165,11:53:08.165,bybit,AEVO/USDT:USDT,0.1111,11237.5,0.111,69548.4,0.1112,11222.8,0.1113,72949.3
1753617188264,11:53:08.264,bybit,AEVO/USDT:USDT,0.1111,11237.5,0.111,69548.4,0.1112,11042.8,0.1113,72949.3
1753617188365,11:53:08.365,bybit,AEVO/USDT:USDT,0.1111,11237.5,0.111,69548.4,0.1112,11222.8,0.1113,72949.3
1753617188565,11:53:08.565,bybit,AEVO/USDT:USDT,0.1111,11237.5,0.111,69548.4,0.1112,11042.8,0.1113,72949.3
1753617188764,11:53:08.764,bybit,AEVO/USDT:USDT,0.1111,11237.5,0.111,69548.4,0.1112,11042.8,0.1113,72949.3
1753617188965,11:53:08.965,bybit,AEVO/USDT:USDT,0.1111,16844.0,0.111,69548.4,0.1112,11042.8,0.1113,72949.3
1753617189065,11:53:09.065,bybit,AEVO/USDT:USDT,0.1111,16844.0,0.111,69548.4,0.1112,11042.8,0.1113,72949.3
1753617189165,11:53:09.165,bybit,AEVO/USDT:USDT,0.1111,16844.0,0.111,69548.4,0.1112,11222.8,0.1113,72949.3
1753617189264,11:53:09.264,bybit,AEVO/USDT:USDT,0.1111,16844.0,0.111,69548.4,0.1112,11222.8,0.1113,72949.3
1753617189765,11:53:09.765,bybit,AEVO/USDT:USDT,0.1111,16920.8,0.111,69471.4,0.1112,11222.8,0.1113,72949.3
1753617189964,11:53:09.964,bybit,AEVO/USDT:USDT,0.1111,16920.8,0.111,69471.4,0.1112,11222.8,0.1113,75194.5
1753617190169,11:53:10.169,bybit,AEVO/USDT:USDT,0.1111,16920.8,0.111,69471.4,0.1112,11222.8,0.1113,72949.3
1753617190264,11:53:10.264,bybit,AEVO/USDT:USDT,0.1111,22186.5,0.111,69471.4,0.1112,11222.8,0.1113,72949.3
1753617190365,11:53:10.365,bybit,AEVO/USDT:USDT,0.1111,22186.5,0.111,69471.4,0.1112,11222.8,0.1113,72949.3
1753617190664,11:53:10.664,bybit,AEVO/USDT:USDT,0.1111,22186.5,0.111,69471.4,0.1112,11222.8,0.1113,72949.3
1753617190765,11:53:10.765,bybit,AEVO/USDT:USDT,0.1111,22186.5,0.111,66773.0,0.1112,11222.8,0.1113,70251.4
1753617190865,11:53:10.865,bybit,AEVO/USDT:USDT,0.1111,22186.5,0.111,66773.0,0.1112,11222.8,0.1113,70251.4
1753617191165,11:53:11.165,bybit,AEVO/USDT:USDT,0.1111,22186.5,0.111,66773.0,0.1112,11222.8,0.1113,70251.4
1753617191264,11:53:11.264,bybit,AEVO/USDT:USDT,0.1111,22186.5,0.111,66773.0,0.1112,11222.8,0.1113,70251.4
1753617191464,11:53:11.464,bybit,AEVO/USDT:USDT,0.1111,22186.5,0.111,66773.0,0.1112,11222.8,0.1113,70251.4
1753617191564,11:53:11.564,bybit,AEVO/USDT:USDT,0.1111,22186.5,0.111,66773.0,0.1112,11222.8,0.1113,70251.4
1753617191665,11:53:11.665,bybit,AEVO/USDT:USDT,0.1111,22186.5,0.111,66773.0,0.1112,11042.8,0.1113,70251.4
1753617191865,11:53:11.865,bybit,AEVO/USDT:USDT,0.1111,22186.5,0.111,66773.0,0.1112,11042.8,0.1113,70251.4
1753617192064,11:53:12.064,bybit,AEVO/USDT:USDT,0.1111,22186.5,0.111,66773.0,0.1112,11042.8,0.1113,70251.4
1753617192264,11:53:12.264,bybit,AEVO/USDT:USDT,0.1111,22186.5,0.111,66773.0,0.1112,11042.8,0.1113,70251.4
1753617192364,11:53:12.364,bybit,AEVO/USDT:USDT,0.1111,22186.5,0.111,66773.0,0.1112,11042.8,0.1113,70251.4
1753617192764,11:53:12.764,bybit,AEVO/USDT:USDT,0.1111,22186.5,0.111,66773.0,0.1112,11042.8,0.1113,70251.4
1753617192864,11:53:12.864,bybit,AEVO/USDT:USDT,0.1111,22186.5,0.111,66773.0,0.1112,11042.8,0.1113,70251.4
1753617192965,11:53:12.965,bybit,AEVO/USDT:USDT,0.1111,22186.5,0.111,66773.0,0.1112,11042.8,0.1113,70251.4
1753617193365,11:53:13.365,bybit,AEVO/USDT:USDT,0.1111,22186.5,0.111,66773.0,0.1112,11042.8,0.1113,70251.4
1753617193464,11:53:13.464,bybit,AEVO/USDT:USDT,0.1111,22186.5,0.111,66773.0,0.1112,11044.8,0.1113,70251.4
1753617193864,11:53:13.864,bybit,AEVO/USDT:USDT,0.1111,22186.5,0.111,66773.0,0.1112,11044.8,0.1113,70251.4
1753617194364,11:53:14.364,bybit,AEVO/USDT:USDT,0.1111,22186.5,0.111,66773.0,0.1112,11044.8,0.1113,70251.4
1753617194666,11:53:14.666,bybit,AEVO/USDT:USDT,0.1111,22186.5,0.111,66773.0,0.1112,10145.5,0.1113,70251.4
1753617194965,11:53:14.965,bybit,AEVO/USDT:USDT,0.1112,1861.6,0.1111,50729.3,0.1113,11829.2,0.1114,45867.1
1753617195064,11:53:15.064,bybit,AEVO/USDT:USDT,0.1112,1861.6,0.1111,44956.1,0.1113,11649.2,0.1114,48646.0
1753617195165,11:53:15.165,bybit,AEVO/USDT:USDT,0.1112,1861.6,0.1111,44956.1,0.1113,11649.2,0.1114,48646.0
1753617195264,11:53:15.264,bybit,AEVO/USDT:USDT,0.1112,1924.4,0.1111,44893.3,0.1113,11649.2,0.1114,43302.9
1753617195364,11:53:15.364,bybit,AEVO/USDT:USDT,0.1112,1924.4,0.1111,49257.7,0.1113,10762.3,0.1114,44189.8
1753617195464,11:53:15.464,bybit,AEVO/USDT:USDT,0.1112,1924.4,0.1111,49257.7,0.1113,10762.3,0.1114,44189.8
1753617195565,11:53:15.565,bybit,AEVO/USDT:USDT,0.1112,1924.4,0.1111,49257.7,0.1113,10762.3,0.1114,44189.8
1753617195964,11:53:15.964,bybit,AEVO/USDT:USDT,0.1112,3651.3,0.1111,49320.5,0.1113,10762.3,0.1114,44189.8
1753617196064,11:53:16.064,bybit,AEVO/USDT:USDT,0.1112,3651.3,0.1111,49320.5,0.1113,10762.3,0.1114,44189.8
1753617196167,11:53:16.167,bybit,AEVO/USDT:USDT,0.1112,3651.3,0.1111,49320.5,0.1113,10762.3,0.1114,44189.8
1753617196265,11:53:16.265,bybit,AEVO/USDT:USDT,0.1112,13626.8,0.1111,51190.4,0.1113,1465.3,0.1114,44189.8
1753617196365,11:53:16.365,bybit,AEVO/USDT:USDT,0.1112,13626.8,0.1111,51190.4,0.1113,2363.8,0.1114,36911.0
1753617196564,11:53:16.564,bybit,AEVO/USDT:USDT,0.1112,13626.8,0.1111,51190.4,0.1113,2363.8,0.1114,36911.0
1753617196865,11:53:16.865,bybit,AEVO/USDT:USDT,0.1112,13626.8,0.1111,51190.4,0.1113,2363.8,0.1114,37360.6
1753617196965,11:53:16.965,bybit,AEVO/USDT:USDT,0.1112,13626.8,0.1111,51190.4,0.1113,3040.7,0.1114,37360.6
1753617197064,11:53:17.064,bybit,AEVO/USDT:USDT,0.1112,13626.8,0.1111,51190.4,0.1113,3040.7,0.1114,37360.6
1753617197165,11:53:17.165,bybit,AEVO/USDT:USDT,0.1112,13626.8,0.1111,51190.4,0.1113,3040.7,0.1114,37360.6
1753617197264,11:53:17.264,bybit,AEVO/USDT:USDT,0.1112,13626.8,0.1111,51190.4,0.1113,3040.7,0.1114,37360.6
1753617197364,11:53:17.364,bybit,AEVO/USDT:USDT,0.1112,13626.8,0.1111,51190.4,0.1113,3048.5,0.1114,37360.6
1753617197564,11:53:17.564,bybit,AEVO/USDT:USDT,0.1112,13626.8,0.1111,51190.4,0.1113,3048.5,0.1114,37360.6
1753617197665,11:53:17.665,bybit,AEVO/USDT:USDT,0.1112,13626.8,0.1111,51190.4,0.1113,3048.5,0.1114,37360.6
1753617197765,11:53:17.765,bybit,AEVO/USDT:USDT,0.1112,13626.8,0.1111,51190.4,0.1113,3048.5,0.1114,37360.6
1753617197865,11:53:17.865,bybit,AEVO/USDT:USDT,0.1112,13626.8,0.1111,51190.4,0.1113,3048.5,0.1114,37360.6
1753617197964,11:53:17.964,bybit,AEVO/USDT:USDT,0.1112,13626.8,0.1111,51190.4,0.1113,3048.5,0.1114,37360.6
1753617198168,11:53:18.168,bybit,AEVO/USDT:USDT,0.1112,13626.8,0.1111,51190.4,0.1113,3048.5,0.1114,37360.6
1753617198264,11:53:18.264,bybit,AEVO/USDT:USDT,0.1112,13626.8,0.1111,51190.4,0.1113,3048.5,0.1114,37360.6
1753617198565,11:53:18.565,bybit,AEVO/USDT:USDT,0.1112,13626.8,0.1111,51190.4,0.1113,3048.5,0.1114,37360.6
1753617198666,11:53:18.666,bybit,AEVO/USDT:USDT,0.1112,13626.8,0.1111,51190.4,0.1113,3048.5,0.1114,37360.6
1753617198765,11:53:18.765,bybit,AEVO/USDT:USDT,0.1112,13626.8,0.1111,51190.4,0.1113,3048.5,0.1114,37360.6
1753617198864,11:53:18.864,bybit,AEVO/USDT:USDT,0.1112,13626.8,0.1111,51190.4,0.1113,3048.5,0.1114,37360.6
1753617198964,11:53:18.964,bybit,AEVO/USDT:USDT,0.1112,13626.8,0.1111,51190.4,0.1113,3048.5,0.1114,37360.6
1753617199065,11:53:19.065,bybit,AEVO/USDT:USDT,0.1112,13626.8,0.1111,51190.4,0.1113,3048.5,0.1114,37360.6
1753617199265,11:53:19.265,bybit,AEVO/USDT:USDT,0.1112,13626.8,0.1111,51190.4,0.1113,3048.5,0.1114,37360.6
1753617199364,11:53:19.364,bybit,AEVO/USDT:USDT,0.1112,13626.8,0.1111,51190.4,0.1113,3048.5,0.1114,37360.6
1753617199564,11:53:19.564,bybit,AEVO/USDT:USDT,0.1112,13626.8,0.1111,51190.4,0.1113,3048.5,0.1114,37360.6
1753617199765,11:53:19.765,bybit,AEVO/USDT:USDT,0.1112,13626.8,0.1111,51190.4,0.1113,3048.5,0.1114,37360.6
1753617199864,11:53:19.864,bybit,AEVO/USDT:USDT,0.1112,13626.8,0.1111,51190.4,0.1113,3048.5,0.1114,37360.6
1753617199964,11:53:19.964,bybit,AEVO/USDT:USDT,0.1112,13626.8,0.1111,51190.4,0.1113,3048.5,0.1114,37360.6
1753617200065,11:53:20.065,bybit,AEVO/USDT:USDT,0.1112,13626.8,0.1111,51190.4,0.1113,3228.5,0.1114,39603.8
1753617200265,11:53:20.265,bybit,AEVO/USDT:USDT,0.1112,13626.8,0.1111,51190.4,0.1113,3228.5,0.1114,39603.8
1753617200364,11:53:20.364,bybit,AEVO/USDT:USDT,0.1112,13626.8,0.1111,51190.4,0.1113,3228.5,0.1114,39603.8
1753617201084,11:53:21.084,bybit,AEVO/USDT:USDT,0.1112,13626.8,0.1111,51190.4,0.1113,3048.5,0.1114,39603.8
1753617201166,11:53:21.166,bybit,AEVO/USDT:USDT,0.1112,13626.8,0.1111,51190.4,0.1113,3048.5,0.1114,37360.6
1753617201265,11:53:21.265,bybit,AEVO/USDT:USDT,0.1112,13626.8,0.1111,51190.4,0.1113,3048.5,0.1114,37360.6
1753617201365,11:53:21.365,bybit,AEVO/USDT:USDT,0.1112,13626.8,0.1111,51190.4,0.1113,3048.5,0.1114,37360.6
1753617201465,11:53:21.465,bybit,AEVO/USDT:USDT,0.1112,13626.8,0.1111,51190.4,0.1113,3048.5,0.1114,37360.6
1753617201565,11:53:21.565,bybit,AEVO/USDT:USDT,0.1112,13626.8,0.1111,51190.4,0.1113,3048.5,0.1114,37360.6
1753617201764,11:53:21.764,bybit,AEVO/USDT:USDT,0.1112,13626.8,0.1111,51190.4,0.1113,3048.5,0.1114,37360.6
1753617201864,11:53:21.864,bybit,AEVO/USDT:USDT,0.1112,13626.8,0.1111,51190.4,0.1113,3048.5,0.1114,39604.9
1753617201965,11:53:21.965,bybit,AEVO/USDT:USDT,0.1112,13626.8,0.1111,51190.4,0.1113,3048.5,0.1114,39604.9
1753617202465,11:53:22.465,bybit,AEVO/USDT:USDT,0.1112,13626.8,0.1111,51190.4,0.1113,2150.0,0.1114,39604.9
1753617202565,11:53:22.565,bybit,AEVO/USDT:USDT,0.1112,13626.8,0.1111,51190.4,0.1113,2150.0,0.1114,39604.9
1753617202865,11:53:22.865,bybit,AEVO/USDT:USDT,0.1112,13626.8,0.1111,51190.4,0.1113,2330.0,0.1114,39604.9
1753617202964,11:53:22.964,bybit,AEVO/USDT:USDT,0.1112,13626.8,0.1111,51190.4,0.1113,2330.0,0.1114,41848.1
1753617203365,11:53:23.365,bybit,AEVO/USDT:USDT,0.1112,13626.8,0.1111,51190.4,0.1113,2330.0,0.1114,41848.1
1753617203464,11:53:23.464,bybit,AEVO/USDT:USDT,0.1112,13626.8,0.1111,51190.4,0.1113,2330.0,0.1114,41848.1
1753617203565,11:53:23.565,bybit,AEVO/USDT:USDT,0.1112,13626.8,0.1111,51190.4,0.1113,2330.0,0.1114,41848.1
1753617203864,11:53:23.864,bybit,AEVO/USDT:USDT,0.1112,13626.8,0.1111,51190.4,0.1113,2330.0,0.1114,41848.1
1753617203966,11:53:23.966,bybit,AEVO/USDT:USDT,0.1112,13626.8,0.1111,51190.4,0.1113,2330.0,0.1114,41848.1
1753617204064,11:53:24.064,bybit,AEVO/USDT:USDT,0.1112,13626.8,0.1111,51190.4,0.1113,2330.0,0.1114,41848.1
1753617204464,11:53:24.464,bybit,AEVO/USDT:USDT,0.1112,13626.8,0.1111,51190.4,0.1113,3228.5,0.1114,41848.1
1753617204665,11:53:24.665,bybit,AEVO/USDT:USDT,0.1112,13626.8,0.1111,51190.4,0.1113,3228.5,0.1114,41848.1
1753617204765,11:53:24.765,bybit,AEVO/USDT:USDT,0.1112,13626.8,0.1111,51190.4,0.1113,3228.5,0.1114,41848.1
1753617205264,11:53:25.264,bybit,AEVO/USDT:USDT,0.1112,13626.8,0.1111,51190.4,0.1113,3228.5,0.1114,41848.1
1753617205364,11:53:25.364,bybit,AEVO/USDT:USDT,0.1112,13626.8,0.1111,51190.4,0.1113,3228.5,0.1114,41848.1
1753617205465,11:53:25.465,bybit,AEVO/USDT:USDT,0.1112,13626.8,0.1111,51190.4,0.1113,3228.5,0.1114,39604.9
1753617205565,11:53:25.565,bybit,AEVO/USDT:USDT,0.1112,13626.8,0.1111,51190.4,0.1113,3228.5,0.1114,39604.9
1753617205764,11:53:25.764,bybit,AEVO/USDT:USDT,0.1112,13626.8,0.1111,51190.4,0.1113,3228.5,0.1114,39604.9
1753617205864,11:53:25.864,bybit,AEVO/USDT:USDT,0.1112,13626.8,0.1111,51190.4,0.1113,3228.5,0.1114,39604.9
1753617206265,11:53:26.265,bybit,AEVO/USDT:USDT,0.1112,13626.8,0.1111,51190.4,0.1113,3048.5,0.1114,39604.9
1753617206364,11:53:26.364,bybit,AEVO/USDT:USDT,0.1112,13626.8,0.1111,51190.4,0.1113,3048.5,0.1114,39604.9
1753617206964,11:53:26.964,bybit,AEVO/USDT:USDT,0.1112,13626.8,0.1111,51190.4,0.1113,3228.5,0.1114,39604.9
1753617207764,11:53:27.764,bybit,AEVO/USDT:USDT,0.1112,13626.8,0.1111,51190.4,0.1113,3228.5,0.1114,39604.9
1753617207865,11:53:27.865,bybit,AEVO/USDT:USDT,0.1112,13626.8,0.1111,49391.1,0.1113,3228.5,0.1114,39604.9
1753617208064,11:53:28.064,bybit,AEVO/USDT:USDT,0.1112,13626.8,0.1111,49391.1,0.1113,3048.5,0.1114,39604.9
1753617208169,11:53:28.169,bybit,AEVO/USDT:USDT,0.1112,13626.8,0.1111,49391.1,0.1113,3048.5,0.1114,42712.3
1753617208265,11:53:28.265,bybit,AEVO/USDT:USDT,0.1112,13626.8,0.1111,49391.1,0.1113,3228.5,0.1114,42712.3
1753617208465,11:53:28.465,bybit,AEVO/USDT:USDT,0.1112,13626.8,0.1111,49391.1,0.1113,3048.5,0.1114,42712.3
1753617208565,11:53:28.565,bybit,AEVO/USDT:USDT,0.1112,13626.8,0.1111,49391.1,0.1113,3228.5,0.1114,42712.3
1753617208665,11:53:28.665,bybit,AEVO/USDT:USDT,0.1112,13626.8,0.1111,49391.1,0.1113,3228.5,0.1114,42712.3
1753617208765,11:53:28.765,bybit,AEVO/USDT:USDT,0.1112,13626.8,0.1111,49391.1,0.1113,3228.5,0.1114,42712.3
1753617208865,11:53:28.865,bybit,AEVO/USDT:USDT,0.1112,13626.8,0.1111,49391.1,0.1113,3048.5,0.1114,44955.5
1753617208964,11:53:28.964,bybit,AEVO/USDT:USDT,0.1112,13626.8,0.1111,49391.1,0.1113,3048.5,0.1114,42712.3
1753617209065,11:53:29.065,bybit,AEVO/USDT:USDT,0.1112,13626.8,0.1111,49391.1,0.1113,3048.5,0.1114,42712.3
1753617209164,11:53:29.164,bybit,AEVO/USDT:USDT,0.1112,13626.8,0.1111,49391.1,0.1113,3228.5,0.1114,42712.3
1753617209264,11:53:29.264,bybit,AEVO/USDT:USDT,0.1112,13640.9,0.1111,49391.1,0.1113,3228.5,0.1114,42712.3
1753617209465,11:53:29.465,bybit,AEVO/USDT:USDT,0.1112,13640.9,0.1111,49391.1,0.1113,3228.5,0.1114,42712.3
1753617209565,11:53:29.565,bybit,AEVO/USDT:USDT,0.1112,7773.3,0.1111,49391.1,0.1113,3048.5,0.1114,42712.3
1753617209665,11:53:29.665,bybit,AEVO/USDT:USDT,0.1112,7773.3,0.1111,49391.1,0.1113,3048.5,0.1114,42712.3
1753617209765,11:53:29.765,bybit,AEVO/USDT:USDT,0.1112,7773.3,0.1111,49391.1,0.1113,3228.5,0.1114,42712.3
1753617209965,11:53:29.965,bybit,AEVO/USDT:USDT,0.1112,7773.3,0.1111,49391.1,0.1113,3228.5,0.1114,42712.3
1753617210066,11:53:30.066,bybit,AEVO/USDT:USDT,0.1112,7773.3,0.1111,49391.1,0.1113,3228.5,0.1114,42712.3
1753617210264,11:53:30.264,bybit,AEVO/USDT:USDT,0.1112,7773.3,0.1111,49391.1,0.1113,3228.5,0.1114,42712.3
1753617210365,11:53:30.365,bybit,AEVO/USDT:USDT,0.1112,7773.3,0.1111,49391.1,0.1113,3228.5,0.1114,42712.3
1753617210465,11:53:30.465,bybit,AEVO/USDT:USDT,0.1112,7773.3,0.1111,49391.1,0.1113,3048.5,0.1114,42712.3
1753617210564,11:53:30.564,bybit,AEVO/USDT:USDT,0.1112,7773.3,0.1111,49391.1,0.1113,3228.5,0.1114,42712.3
1753617210765,11:53:30.765,bybit,AEVO/USDT:USDT,0.1112,7773.3,0.1111,49391.1,0.1113,3048.5,0.1114,42712.3
1753617210964,11:53:30.964,bybit,AEVO/USDT:USDT,0.1112,7773.3,0.1111,49391.1,0.1113,3048.5,0.1114,42712.3
1753617211365,11:53:31.365,bybit,AEVO/USDT:USDT,0.1112,7773.3,0.1111,49391.1,0.1113,3228.5,0.1114,42712.3
1753617211666,11:53:31.666,bybit,AEVO/USDT:USDT,0.1112,7773.3,0.1111,49391.1,0.1113,3228.5,0.1114,42712.3
1753617211864,11:53:31.864,bybit,AEVO/USDT:USDT,0.1112,7773.3,0.1111,49391.1,0.1113,3048.5,0.1114,42712.3
1753617211965,11:53:31.965,bybit,AEVO/USDT:USDT,0.1112,7773.3,0.1111,49391.1,0.1113,3048.5,0.1114,42712.3
1753617212065,11:53:32.065,bybit,AEVO/USDT:USDT,0.1112,13236.9,0.1111,49391.1,0.1113,3048.5,0.1114,40922.6
1753617212164,11:53:32.164,bybit,AEVO/USDT:USDT,0.1112,13236.9,0.1111,49391.1,0.1113,3048.5,0.1114,42712.3
1753617212265,11:53:32.265,bybit,AEVO/USDT:USDT,0.1112,13236.9,0.1111,49391.1,0.1113,1644.6,0.1114,42712.3
1753617212365,11:53:32.365,bybit,AEVO/USDT:USDT,0.1112,13236.9,0.1111,49391.1,0.1113,1644.6,0.1114,39604.9
1753617212564,11:53:32.564,bybit,AEVO/USDT:USDT,0.1112,25820.9,0.1111,53885.4,0.1113,967.7,0.1114,37365.6
1753617212665,11:53:32.665,bybit,AEVO/USDT:USDT,0.1112,30315.2,0.1111,53885.4,0.1113,967.7,0.1114,37365.6
1753617212764,11:53:32.764,bybit,AEVO/USDT:USDT,0.1112,30315.2,0.1111,53885.4,0.1113,967.7,0.1114,37365.6
1753617212865,11:53:32.865,bybit,AEVO/USDT:USDT,0.1112,30315.2,0.1111,58587.5,0.1113,967.7,0.1114,37365.6
1753617213064,11:53:33.064,bybit,AEVO/USDT:USDT,0.1112,30853.0,0.1111,58587.5,0.1113,967.7,0.1114,37365.6
1753617213164,11:53:33.164,bybit,AEVO/USDT:USDT,0.1112,30853.0,0.1111,63081.8,0.1113,967.7,0.1114,32877.8
1753617213264,11:53:33.264,bybit,AEVO/USDT:USDT,0.1112,30898.0,0.1111,63081.8,0.1113,967.7,0.1114,32877.8
1753617213365,11:53:33.365,bybit,AEVO/USDT:USDT,0.1112,30853.0,0.1111,63081.8,0.1113,967.7,0.1114,32877.8
1753617213465,11:53:33.465,bybit,AEVO/USDT:USDT,0.1112,30853.0,0.1111,63081.8,0.1113,967.7,0.1114,32877.8
1753617213765,11:53:33.765,bybit,AEVO/USDT:USDT,0.1112,34448.4,0.1111,63081.8,0.1113,967.7,0.1114,32877.8
1753617213864,11:53:33.864,bybit,AEVO/USDT:USDT,0.1112,34448.4,0.1111,63081.8,0.1113,967.7,0.1114,32877.8
1753617213964,11:53:33.964,bybit,AEVO/USDT:USDT,0.1112,34448.4,0.1111,63081.8,0.1113,967.7,0.1114,32877.8
1753617214166,11:53:34.166,bybit,AEVO/USDT:USDT,0.1112,34448.4,0.1111,58587.5,0.1113,967.7,0.1114,32877.8
1753617214364,11:53:34.364,bybit,AEVO/USDT:USDT,0.1112,36695.5,0.1111,58587.5,0.1113,967.7,0.1114,32877.8
1753617214465,11:53:34.465,bybit,AEVO/USDT:USDT,0.1112,36695.5,0.1111,59474.4,0.1113,967.7,0.1114,35121.2
1753617214565,11:53:34.565,bybit,AEVO/USDT:USDT,0.1112,36695.5,0.1111,59474.4,0.1113,967.7,0.1114,35121.2
1753617214764,11:53:34.764,bybit,AEVO/USDT:USDT,0.1112,36695.5,0.1111,59474.4,0.1113,967.7,0.1114,35121.2
1753617214964,11:53:34.964,bybit,AEVO/USDT:USDT,0.1112,36695.5,0.1111,59474.4,0.1113,967.7,0.1114,35121.2
1753617215564,11:53:35.564,bybit,AEVO/USDT:USDT,0.1112,36695.5,0.1111,59474.4,0.1113,967.7,0.1114,35121.2
1753617215664,11:53:35.664,bybit,AEVO/USDT:USDT,0.1112,36740.5,0.1111,59474.4,0.1113,967.7,0.1114,35121.2
1753617215765,11:53:35.765,bybit,AEVO/USDT:USDT,0.1112,36695.5,0.1111,59474.4,0.1113,967.7,0.1114,35121.2
1753617215865,11:53:35.865,bybit,AEVO/USDT:USDT,0.1112,36740.5,0.1111,59474.4,0.1113,967.7,0.1114,35121.2
1753617216065,11:53:36.065,bybit,AEVO/USDT:USDT,0.1112,36740.5,0.1111,59474.4,0.1113,967.7,0.1114,35121.2
1753617216168,11:53:36.168,bybit,AEVO/USDT:USDT,0.1112,36695.5,0.1111,59474.4,0.1113,967.7,0.1114,35121.2
1753617216665,11:53:36.665,bybit,AEVO/USDT:USDT,0.1112,36695.5,0.1111,59474.4,0.1113,967.7,0.1114,35121.2
1753617216764,11:53:36.764,bybit,AEVO/USDT:USDT,0.1112,36695.5,0.1111,59474.4,0.1113,967.7,0.1114,35121.2
1753617217264,11:53:37.264,bybit,AEVO/USDT:USDT,0.1112,36695.5,0.1111,59474.4,0.1113,967.7,0.1114,35121.2
1753617217365,11:53:37.365,bybit,AEVO/USDT:USDT,0.1112,36695.5,0.1111,59474.4,0.1113,967.7,0.1114,35121.2
1753617217764,11:53:37.764,bybit,AEVO/USDT:USDT,0.1112,36695.5,0.1111,59474.4,0.1113,967.7,0.1114,35121.2
1753617217864,11:53:37.864,bybit,AEVO/USDT:USDT,0.1112,36695.5,0.1111,59474.4,0.1113,967.7,0.1114,35121.2
1753617218064,11:53:38.064,bybit,AEVO/USDT:USDT,0.1112,36695.5,0.1111,59474.4,0.1113,967.7,0.1114,35121.2
1753617218165,11:53:38.165,bybit,AEVO/USDT:USDT,0.1112,36695.5,0.1111,59474.4,0.1113,967.7,0.1114,35121.2
1753617218264,11:53:38.264,bybit,AEVO/USDT:USDT,0.1112,36695.5,0.1111,59474.4,0.1113,967.7,0.1114,35121.2
1753617218364,11:53:38.364,bybit,AEVO/USDT:USDT,0.1112,36785.5,0.1111,59474.4,0.1113,967.7,0.1114,35121.2
1753617218465,11:53:38.465,bybit,AEVO/USDT:USDT,0.1112,27751.9,0.1111,63968.7,0.1113,967.7,0.1114,35121.2
1753617218564,11:53:38.564,bybit,AEVO/USDT:USDT,0.1113,3689.2,0.1112,42367.5,0.1114,35121.2,0.1115,81789.5
1753617218665,11:53:38.665,bybit,AEVO/USDT:USDT,0.1113,9060.3,0.1112,50423.7,0.1114,11148.0,0.1115,75044.2
1753617218764,11:53:38.764,bybit,AEVO/USDT:USDT,0.1113,9060.3,0.1112,50423.7,0.1114,11328.0,0.1115,75042.2
1753617219064,11:53:39.064,bybit,AEVO/USDT:USDT,0.1113,3676.2,0.1112,50423.7,0.1114,11328.0,0.1115,75042.2
1753617219165,11:53:39.165,bybit,AEVO/USDT:USDT,0.1113,3676.2,0.1112,50423.7,0.1114,11328.0,0.1115,75042.2
1753617219264,11:53:39.264,bybit,AEVO/USDT:USDT,0.1113,3676.2,0.1112,50423.7,0.1114,11328.0,0.1115,75042.2
1753617219365,11:53:39.365,bybit,AEVO/USDT:USDT,0.1113,3676.2,0.1112,50423.7,0.1114,11328.0,0.1115,75042.2
1753617219464,11:53:39.464,bybit,AEVO/USDT:USDT,0.1113,5921.5,0.1112,50423.7,0.1114,11328.0,0.1115,75042.2
1753617219564,11:53:39.564,bybit,AEVO/USDT:USDT,0.1113,5921.5,0.1112,50423.7,0.1114,10441.1,0.1115,75929.1
1753617219664,11:53:39.664,bybit,AEVO/USDT:USDT,0.1113,5921.5,0.1112,50423.7,0.1114,10441.1,0.1115,75929.1
1753617219764,11:53:39.764,bybit,AEVO/USDT:USDT,0.1113,5921.5,0.1112,50423.7,0.1114,10441.1,0.1115,75929.1
1753617219864,11:53:39.864,bybit,AEVO/USDT:USDT,0.1113,5921.5,0.1112,50423.7,0.1114,10441.1,0.1115,75929.1
1753617220065,11:53:40.065,bybit,AEVO/USDT:USDT,0.1113,5921.5,0.1112,50423.7,0.1114,10486.0,0.1115,75929.1
1753617220165,11:53:40.165,bybit,AEVO/USDT:USDT,0.1113,5921.5,0.1112,50423.7,0.1114,10486.0,0.1115,75929.1
1753617220265,11:53:40.265,bybit,AEVO/USDT:USDT,0.1113,5921.5,0.1112,50423.7,0.1114,10486.0,0.1115,75929.1
1753617220365,11:53:40.365,bybit,AEVO/USDT:USDT,0.1113,5921.5,0.1112,50423.7,0.1114,10486.0,0.1115,75929.1
1753617220464,11:53:40.464,bybit,AEVO/USDT:USDT,0.1113,5921.5,0.1112,50423.7,0.1114,10486.0,0.1115,75929.1
1753617220764,11:53:40.764,bybit,AEVO/USDT:USDT,0.1113,5921.5,0.1112,53116.3,0.1114,10486.0,0.1115,78621.7
1753617220865,11:53:40.865,bybit,AEVO/USDT:USDT,0.1113,5921.5,0.1112,53116.3,0.1114,10486.0,0.1115,78621.7
1753617221264,11:53:41.264,bybit,AEVO/USDT:USDT,0.1113,5921.5,0.1112,53116.3,0.1114,10486.0,0.1115,78621.7
1753617221365,11:53:41.365,bybit,AEVO/USDT:USDT,0.1113,5921.5,0.1112,53116.3,0.1114,10486.0,0.1115,78621.7
1753617221464,11:53:41.464,bybit,AEVO/USDT:USDT,0.1113,5921.5,0.1112,53116.3,0.1114,10306.0,0.1115,78621.7
1753617221864,11:53:41.864,bybit,AEVO/USDT:USDT,0.1113,5921.5,0.1112,53116.3,0.1114,10306.0,0.1115,78621.7
1753617222065,11:53:42.065,bybit,AEVO/USDT:USDT,0.1113,5921.5,0.1112,53116.3,0.1114,10261.1,0.1115,78621.7
1753617222167,11:53:42.167,bybit,AEVO/USDT:USDT,0.1113,5921.5,0.1112,53116.3,0.1114,10261.1,0.1115,78621.7
1753617222465,11:53:42.465,bybit,AEVO/USDT:USDT,0.1113,5921.5,0.1112,53116.3,0.1114,10261.1,0.1115,78621.7
1753617222565,11:53:42.565,bybit,AEVO/USDT:USDT,0.1113,5921.5,0.1112,53116.3,0.1114,10261.1,0.1115,76380.5
1753617222665,11:53:42.665,bybit,AEVO/USDT:USDT,0.1113,5921.5,0.1112,53116.3,0.1114,10261.1,0.1115,78621.7
1753617222865,11:53:42.865,bybit,AEVO/USDT:USDT,0.1113,5921.5,0.1112,53116.3,0.1114,10261.1,0.1115,78621.7
1753617222965,11:53:42.965,bybit,AEVO/USDT:USDT,0.1113,5921.5,0.1112,53116.3,0.1114,10264.5,0.1115,76380.5
1753617223064,11:53:43.064,bybit,AEVO/USDT:USDT,0.1113,5921.5,0.1112,53116.3,0.1114,10444.5,0.1115,76380.5
1753617223264,11:53:43.264,bybit,AEVO/USDT:USDT,0.1113,5921.5,0.1112,53116.3,0.1114,10444.5,0.1115,76380.5
1753617223364,11:53:43.364,bybit,AEVO/USDT:USDT,0.1113,5921.5,0.1112,53116.3,0.1114,10444.5,0.1115,76380.5
1753617223464,11:53:43.464,bybit,AEVO/USDT:USDT,0.1113,5921.5,0.1112,53116.3,0.1114,10444.5,0.1115,76380.5
1753617223565,11:53:43.565,bybit,AEVO/USDT:USDT,0.1113,5921.5,0.1112,53116.3,0.1114,10444.5,0.1115,78621.7
1753617223665,11:53:43.665,bybit,AEVO/USDT:USDT,0.1113,5921.5,0.1112,53116.3,0.1114,10444.5,0.1115,76380.5
1753617224166,11:53:44.166,bybit,AEVO/USDT:USDT,0.1113,5921.5,0.1112,53116.3,0.1114,10444.5,0.1115,79466.5
1753617224564,11:53:44.564,bybit,AEVO/USDT:USDT,0.1113,5921.5,0.1112,53116.3,0.1114,9546.8,0.1115,79466.5
1753617224665,11:53:44.665,bybit,AEVO/USDT:USDT,0.1113,5921.5,0.1112,53116.3,0.1114,9546.8,0.1115,79466.5
1753617224865,11:53:44.865,bybit,AEVO/USDT:USDT,0.1113,5995.7,0.1112,53116.3,0.1114,9546.8,0.1115,79466.5
1753617225165,11:53:45.165,bybit,AEVO/USDT:USDT,0.1113,5995.7,0.1112,53116.3,0.1114,9546.8,0.1115,79466.5
1753617225665,11:53:45.665,bybit,AEVO/USDT:USDT,0.1113,5995.7,0.1112,53116.3,0.1114,9546.8,0.1115,79466.5
1753617225765,11:53:45.765,bybit,AEVO/USDT:USDT,0.1113,5995.7,0.1112,53116.3,0.1114,9546.8,0.1115,79466.5
1753617225865,11:53:45.865,bybit,AEVO/USDT:USDT,0.1113,5995.7,0.1112,53116.3,0.1114,9546.8,0.1115,81707.7
1753617226169,11:53:46.169,bybit,AEVO/USDT:USDT,0.1113,5995.7,0.1112,53116.3,0.1114,9546.8,0.1115,81707.7
1753617226265,11:53:46.265,bybit,AEVO/USDT:USDT,0.1113,5995.7,0.1112,53116.3,0.1114,9546.8,0.1115,79466.5
1753617226365,11:53:46.365,bybit,AEVO/USDT:USDT,0.1113,5995.7,0.1112,53116.3,0.1114,9546.8,0.1115,81707.7
1753617226565,11:53:46.565,bybit,AEVO/USDT:USDT,0.1113,5995.7,0.1112,53116.3,0.1114,10444.5,0.1115,81707.7
1753617226665,11:53:46.665,bybit,AEVO/USDT:USDT,0.1113,5995.7,0.1112,53116.3,0.1114,10444.5,0.1115,81707.7
1753617226764,11:53:46.764,bybit,AEVO/USDT:USDT,0.1113,5995.7,0.1112,53116.3,0.1114,10444.5,0.1115,81707.7
1753617226864,11:53:46.864,bybit,AEVO/USDT:USDT,0.1113,5995.7,0.1112,53116.3,0.1114,10444.5,0.1115,81707.7
1753617226964,11:53:46.964,bybit,AEVO/USDT:USDT,0.1113,5995.7,0.1112,53116.3,0.1114,10444.5,0.1115,79466.5
1753617227064,11:53:47.064,bybit,AEVO/USDT:USDT,0.1113,5995.7,0.1112,53116.3,0.1114,10444.5,0.1115,77223.2
1753617227165,11:53:47.165,bybit,AEVO/USDT:USDT,0.1113,5995.7,0.1112,53116.3,0.1114,10264.5,0.1115,77223.2
1753617227264,11:53:47.264,bybit,AEVO/USDT:USDT,0.1113,5995.7,0.1112,53116.3,0.1114,10444.5,0.1115,77223.2
1753617227464,11:53:47.464,bybit,AEVO/USDT:USDT,0.1113,5995.7,0.1112,53116.3,0.1114,10264.5,0.1115,77223.2
1753617227865,11:53:47.865,bybit,AEVO/USDT:USDT,0.1113,5995.7,0.1112,53116.3,0.1114,10264.5,0.1115,77223.2
1753617227964,11:53:47.964,bybit,AEVO/USDT:USDT,0.1113,5995.7,0.1112,70890.2,0.1114,10444.5,0.1115,77223.2
1753617228264,11:53:48.264,bybit,AEVO/USDT:USDT,0.1113,5995.7,0.1112,70890.2,0.1114,10444.5,0.1115,77223.2
1753617228365,11:53:48.365,bybit,AEVO/USDT:USDT,0.1113,5995.7,0.1112,70890.2,0.1114,10444.5,0.1115,77223.2
1753617228464,11:53:48.464,bybit,AEVO/USDT:USDT,0.1113,5995.7,0.1112,70890.2,0.1114,10444.5,0.1115,77223.2
1753617228665,11:53:48.665,bybit,AEVO/USDT:USDT,0.1113,5995.7,0.1112,70890.2,0.1114,10444.5,0.1115,77223.2
1753617228965,11:53:48.965,bybit,AEVO/USDT:USDT,0.1113,5995.7,0.1112,73925.1,0.1114,10444.5,0.1115,77223.2
1753617229065,11:53:49.065,bybit,AEVO/USDT:USDT,0.1113,5995.7,0.1112,73925.1,0.1114,10444.5,0.1115,77223.2
1753617229165,11:53:49.165,bybit,AEVO/USDT:USDT,0.1113,5995.7,0.1112,73925.1,0.1114,10444.5,0.1115,77223.2
1753617229264,11:53:49.264,bybit,AEVO/USDT:USDT,0.1113,11599.0,0.1112,73862.3,0.1114,10444.5,0.1115,75429.6
1753617229365,11:53:49.365,bybit,AEVO/USDT:USDT,0.1113,11599.0,0.1112,73862.3,0.1114,10264.5,0.1115,75429.6
1753617229465,11:53:49.465,bybit,AEVO/USDT:USDT,0.1113,11599.0,0.1112,73862.3,0.1114,10264.5,0.1115,72343.6
1753617229565,11:53:49.565,bybit,AEVO/USDT:USDT,0.1113,11599.0,0.1112,73862.3,0.1114,10264.5,0.1115,72343.6
1753617229765,11:53:49.765,bybit,AEVO/USDT:USDT,0.1113,11599.0,0.1112,73862.3,0.1114,10264.5,0.1115,72343.6
1753617229864,11:53:49.864,bybit,AEVO/USDT:USDT,0.1113,11599.0,0.1112,73862.3,0.1114,10264.5,0.1115,72343.6
1753617229964,11:53:49.964,bybit,AEVO/USDT:USDT,0.1113,11599.0,0.1112,73862.3,0.1114,10264.5,0.1115,72343.6
1753617230065,11:53:50.065,bybit,AEVO/USDT:USDT,0.1113,11599.0,0.1112,73862.3,0.1114,10264.5,0.1115,72343.6
1753617230565,11:53:50.565,bybit,AEVO/USDT:USDT,0.1113,11599.0,0.1112,73862.3,0.1114,10264.5,0.1115,72343.6
1753617230665,11:53:50.665,bybit,AEVO/USDT:USDT,0.1113,11599.0,0.1112,73862.3,0.1114,10264.5,0.1115,72343.6
1753617230765,11:53:50.765,bybit,AEVO/USDT:USDT,0.1113,11599.0,0.1112,73862.3,0.1114,10264.5,0.1115,72343.6
1753617230964,11:53:50.964,bybit,AEVO/USDT:USDT,0.1113,11599.0,0.1112,73862.3,0.1114,10264.5,0.1115,75378.5
1753617231064,11:53:51.064,bybit,AEVO/USDT:USDT,0.1113,11599.0,0.1112,73862.3,0.1114,10264.5,0.1115,75378.5
1753617231165,11:53:51.165,bybit,AEVO/USDT:USDT,0.1113,11599.0,0.1112,73862.3,0.1114,10264.5,0.1115,75378.5
1753617231264,11:53:51.264,bybit,AEVO/USDT:USDT,0.1113,11599.0,0.1112,73862.3,0.1114,10444.5,0.1115,75378.5
1753617231365,11:53:51.365,bybit,AEVO/USDT:USDT,0.1113,11599.0,0.1112,73862.3,0.1114,10444.5,0.1115,77621.8
1753617231465,11:53:51.465,bybit,AEVO/USDT:USDT,0.1113,4206.0,0.1112,67213.7,0.1114,17155.9,0.1115,77621.8
1753617231564,11:53:51.564,bybit,AEVO/USDT:USDT,0.1113,4206.0,0.1112,67213.7,0.1114,17155.9,0.1115,79863.0
1753617231865,11:53:51.865,bybit,AEVO/USDT:USDT,0.1113,4206.0,0.1112,67213.7,0.1114,17155.9,0.1115,79863.0
1753617231965,11:53:51.965,bybit,AEVO/USDT:USDT,0.1113,4206.0,0.1112,67213.7,0.1114,17155.9,0.1115,79863.0
1753617232167,11:53:52.167,bybit,AEVO/USDT:USDT,0.1113,4206.0,0.1112,67213.7,0.1114,17155.9,0.1115,79863.0
1753617232264,11:53:52.264,bybit,AEVO/USDT:USDT,0.1113,4206.0,0.1112,67213.7,0.1114,17155.9,0.1115,79863.0
1753617232365,11:53:52.365,bybit,AEVO/USDT:USDT,0.1113,4206.0,0.1112,67213.7,0.1114,16975.9,0.1115,79863.0
1753617232465,11:53:52.465,bybit,AEVO/USDT:USDT,0.1113,4206.0,0.1112,67213.7,0.1114,10444.5,0.1115,79863.0
1753617232565,11:53:52.565,bybit,AEVO/USDT:USDT,0.1113,4206.0,0.1112,64178.8,0.1114,10444.5,0.1115,79863.0
1753617232666,11:53:52.666,bybit,AEVO/USDT:USDT,0.1113,4206.0,0.1112,64178.8,0.1114,10444.5,0.1115,79863.0
1753617232765,11:53:52.765,bybit,AEVO/USDT:USDT,0.1113,4206.0,0.1112,60583.4,0.1114,10444.5,0.1115,55168.1
1753617233265,11:53:53.265,bybit,AEVO/USDT:USDT,0.1113,4206.0,0.1112,60583.4,0.1114,10444.5,0.1115,55168.1
1753617233365,11:53:53.365,bybit,AEVO/USDT:USDT,0.1113,4206.0,0.1112,60583.4,0.1114,10444.5,0.1115,55168.1
1753617233565,11:53:53.565,bybit,AEVO/USDT:USDT,0.1113,4206.0,0.1112,60583.4,0.1114,10444.5,0.1115,55168.1
1753617233764,11:53:53.764,bybit,AEVO/USDT:USDT,0.1113,4206.0,0.1112,60583.4,0.1114,10444.5,0.1115,55168.1
1753617233864,11:53:53.864,bybit,AEVO/USDT:USDT,0.1113,4206.0,0.1112,60583.4,0.1114,10444.5,0.1115,55168.1
1753617234165,11:53:54.165,bybit,AEVO/USDT:USDT,0.1113,4206.0,0.1112,60583.4,0.1114,10444.5,0.1115,55168.1
1753617234264,11:53:54.264,bybit,AEVO/USDT:USDT,0.1113,4206.0,0.1112,60583.4,0.1114,10444.5,0.1115,52924.8
1753617234664,11:53:54.664,bybit,AEVO/USDT:USDT,0.1113,4206.0,0.1112,60583.4,0.1114,10888.6,0.1115,52924.8
1753617234764,11:53:54.764,bybit,AEVO/USDT:USDT,0.1113,4206.0,0.1112,60583.4,0.1114,10888.6,0.1115,52924.8
1753617234864,11:53:54.864,bybit,AEVO/USDT:USDT,0.1113,4206.0,0.1112,60583.4,0.1114,10888.6,0.1115,52924.8
1753617234965,11:53:54.965,bybit,AEVO/USDT:USDT,0.1113,4206.0,0.1112,60583.4,0.1114,10888.6,0.1115,52924.8
1753617235265,11:53:55.265,bybit,AEVO/USDT:USDT,0.1113,4206.0,0.1112,60583.4,0.1114,10888.6,0.1115,52924.8
1753617235364,11:53:55.364,bybit,AEVO/USDT:USDT,0.1113,4206.0,0.1112,60583.4,0.1114,10888.6,0.1115,52924.8
1753617235465,11:53:55.465,bybit,AEVO/USDT:USDT,0.1113,74.2,0.1112,62830.8,0.1114,10888.6,0.1115,52924.8
1753617235565,11:53:55.565,bybit,AEVO/USDT:USDT,0.1113,74.2,0.1112,62830.8,0.1114,10933.5,0.1115,52924.8
1753617235665,11:53:55.665,bybit,AEVO/USDT:USDT,0.1113,74.2,0.1112,62830.8,0.1114,11306.3,0.1115,52924.8
1753617235865,11:53:55.865,bybit,AEVO/USDT:USDT,0.1113,1939.1,0.1112,62830.8,0.1114,11306.3,0.1115,52924.8
1753617235964,11:53:55.964,bybit,AEVO/USDT:USDT,0.1113,1939.1,0.1112,62830.8,0.1114,11306.3,0.1115,52924.8
1753617236065,11:53:56.065,bybit,AEVO/USDT:USDT,0.1113,1939.1,0.1112,62830.8,0.1114,11306.3,0.1115,52924.8
1753617236564,11:53:56.564,bybit,AEVO/USDT:USDT,0.1113,1939.1,0.1112,62830.8,0.1114,11306.3,0.1115,52924.8
1753617236665,11:53:56.665,bybit,AEVO/USDT:USDT,0.1113,1939.1,0.1112,62830.8,0.1114,11306.3,0.1115,52924.8
1753617236765,11:53:56.765,bybit,AEVO/USDT:USDT,0.1113,1939.1,0.1112,62830.8,0.1114,11306.3,0.1115,52924.8
1753617236964,11:53:56.964,bybit,AEVO/USDT:USDT,0.1113,1939.1,0.1112,62830.8,0.1114,11306.3,0.1115,52924.8
1753617237064,11:53:57.064,bybit,AEVO/USDT:USDT,0.1113,1939.1,0.1112,62830.8,0.1114,11306.3,0.1115,52924.8
1753617237165,11:53:57.165,bybit,AEVO/USDT:USDT,0.1113,1939.1,0.1112,62830.8,0.1114,11306.3,0.1115,52924.8
1753617237465,11:53:57.465,bybit,AEVO/USDT:USDT,0.1113,1939.1,0.1112,62830.8,0.1114,11306.3,0.1115,55168.1
1753617237664,11:53:57.664,bybit,AEVO/USDT:USDT,0.1113,1939.1,0.1112,62830.8,0.1114,11306.3,0.1115,55168.1
1753617237765,11:53:57.765,bybit,AEVO/USDT:USDT,0.1113,74.2,0.1112,62830.8,0.1114,11306.3,0.1115,52924.8
1753617237864,11:53:57.864,bybit,AEVO/USDT:USDT,0.1113,1939.1,0.1112,62830.8,0.1114,11306.3,0.1115,52924.8
1753617238265,11:53:58.265,bybit,AEVO/USDT:USDT,0.1113,1939.1,0.1112,62830.8,0.1114,13549.6,0.1115,52924.8
1753617238364,11:53:58.364,bybit,AEVO/USDT:USDT,0.1113,1939.1,0.1112,62830.8,0.1114,13549.6,0.1115,52924.8
1753617238665,11:53:58.665,bybit,AEVO/USDT:USDT,0.1113,1939.1,0.1112,62830.8,0.1114,13682.1,0.1115,52924.8
1753617238764,11:53:58.764,bybit,AEVO/USDT:USDT,0.1113,1939.1,0.1112,62830.8,0.1114,13682.1,0.1115,52924.8
1753617238865,11:53:58.865,bybit,AEVO/USDT:USDT,0.1113,1939.1,0.1112,62830.8,0.1114,13682.1,0.1115,52924.8
1753617238965,11:53:58.965,bybit,AEVO/USDT:USDT,0.1113,1939.1,0.1112,62830.8,0.1114,13682.1,0.1115,52924.8
1753617239065,11:53:59.065,bybit,AEVO/USDT:USDT,0.1113,1939.1,0.1112,62830.8,0.1114,13727.0,0.1115,52924.8
1753617239164,11:53:59.164,bybit,AEVO/USDT:USDT,0.1113,74.2,0.1112,62830.8,0.1114,13816.8,0.1115,52924.8
1753617239365,11:53:59.365,bybit,AEVO/USDT:USDT,0.1113,74.2,0.1112,62830.8,0.1114,13727.0,0.1115,52924.8
1753617239464,11:53:59.464,bybit,AEVO/USDT:USDT,0.1113,74.2,0.1112,62830.8,0.1114,13771.9,0.1115,52924.8
1753617239564,11:53:59.564,bybit,AEVO/USDT:USDT,0.1113,74.2,0.1112,52494.0,0.1114,13771.9,0.1115,52924.8
1753617239665,11:53:59.665,bybit,AEVO/USDT:USDT,0.1113,74.2,0.1112,52494.0,0.1114,13727.0,0.1115,52924.8
1753617239765,11:53:59.765,bybit,AEVO/USDT:USDT,0.1113,74.2,0.1112,52494.0,0.1114,13816.8,0.1115,52924.8
1753617239865,11:53:59.865,bybit,AEVO/USDT:USDT,0.1113,74.2,0.1112,52494.0,0.1114,13816.8,0.1115,52924.8
1753617239965,11:53:59.965,bybit,AEVO/USDT:USDT,0.1113,74.2,0.1112,52494.0,0.1114,13816.8,0.1115,52924.8
1753617240065,11:54:00.065,bybit,AEVO/USDT:USDT,0.1113,74.2,0.1112,52494.0,0.1114,13816.8,0.1115,52924.8
1753617240365,11:54:00.365,bybit,AEVO/USDT:USDT,0.1113,74.2,0.1112,52494.0,0.1114,13636.8,0.1115,52924.8
1753617240465,11:54:00.465,bybit,AEVO/USDT:USDT,0.1113,74.2,0.1112,52494.0,0.1114,13636.8,0.1115,52924.8
1753617240565,11:54:00.565,bybit,AEVO/USDT:USDT,0.1113,74.2,0.1112,52494.0,0.1114,13636.8,0.1115,52924.8
1753617240764,11:54:00.764,bybit,AEVO/USDT:USDT,0.1113,74.2,0.1112,52494.0,0.1114,13591.9,0.1115,52924.8
1753617240964,11:54:00.964,bybit,AEVO/USDT:USDT,0.1113,74.2,0.1112,52494.0,0.1114,13547.0,0.1115,52924.8
1753617241065,11:54:01.065,bybit,AEVO/USDT:USDT,0.1113,74.2,0.1112,52494.0,0.1114,13591.9,0.1115,52924.8
1753617241164,11:54:01.164,bybit,AEVO/USDT:USDT,0.1113,74.2,0.1112,52494.0,0.1114,13636.8,0.1115,52924.8
1753617241265,11:54:01.265,bybit,AEVO/USDT:USDT,0.1113,74.2,0.1112,52494.0,0.1114,13591.9,0.1115,52924.8
1753617241364,11:54:01.364,bybit,AEVO/USDT:USDT,0.1113,74.2,0.1112,52494.0,0.1114,13636.8,0.1115,52924.8
1753617241465,11:54:01.465,bybit,AEVO/USDT:USDT,0.1113,74.2,0.1112,52494.0,0.1114,13636.8,0.1115,52924.8
1753617241565,11:54:01.565,bybit,AEVO/USDT:USDT,0.1112,25315.4,0.1111,99657.9,0.1113,2763.4,0.1114,31186.5
1753617241665,11:54:01.665,bybit,AEVO/USDT:USDT,0.1112,12832.5,0.1111,99316.9,0.1113,10133.0,0.1114,38711.5
1753617241765,11:54:01.765,bybit,AEVO/USDT:USDT,0.1112,12832.5,0.1111,103964.4,0.1113,10133.0,0.1114,40954.7
1753617241864,11:54:01.864,bybit,AEVO/USDT:USDT,0.1112,12832.5,0.1111,103964.4,0.1113,10133.0,0.1114,40954.7
1753617242065,11:54:02.065,bybit,AEVO/USDT:USDT,0.1112,12832.5,0.1111,103964.4,0.1113,10133.0,0.1114,40909.8
1753617242265,11:54:02.265,bybit,AEVO/USDT:USDT,0.1112,12832.5,0.1111,103964.4,0.1113,10133.0,0.1114,40909.8
1753617242365,11:54:02.365,bybit,AEVO/USDT:USDT,0.1112,12832.5,0.1111,103964.4,0.1113,10133.0,0.1114,40909.8
1753617242464,11:54:02.464,bybit,AEVO/USDT:USDT,0.1112,11034.8,0.1111,102166.7,0.1113,10133.0,0.1114,40909.8
1753617242565,11:54:02.565,bybit,AEVO/USDT:USDT,0.1112,11034.8,0.1111,102166.7,0.1113,10133.0,0.1114,40977.3
1753617242665,11:54:02.665,bybit,AEVO/USDT:USDT,0.1112,12832.5,0.1111,103964.4,0.1113,10133.0,0.1114,40977.3
1753617242764,11:54:02.764,bybit,AEVO/USDT:USDT,0.1112,12832.5,0.1111,103964.4,0.1113,10133.0,0.1114,40977.3
1753617243064,11:54:03.064,bybit,AEVO/USDT:USDT,0.1112,12832.5,0.1111,103964.4,0.1113,10133.0,0.1114,40977.3
1753617243164,11:54:03.164,bybit,AEVO/USDT:USDT,0.1112,12832.5,0.1111,103964.4,0.1113,10133.0,0.1114,40977.3
1753617243265,11:54:03.265,bybit,AEVO/USDT:USDT,0.1112,12832.5,0.1111,103964.4,0.1113,10133.0,0.1114,40977.3
1753617243464,11:54:03.464,bybit,AEVO/USDT:USDT,0.1112,12832.5,0.1111,103964.4,0.1113,10133.0,0.1114,40977.3
1753617243564,11:54:03.564,bybit,AEVO/USDT:USDT,0.1112,12832.5,0.1111,103964.4,0.1113,10133.0,0.1114,40977.3
1753617243665,11:54:03.665,bybit,AEVO/USDT:USDT,0.1112,12832.5,0.1111,103964.4,0.1113,10133.0,0.1114,40977.3
1753617244167,11:54:04.167,bybit,AEVO/USDT:USDT,0.1112,12832.5,0.1111,103964.4,0.1113,10133.0,0.1114,40977.3
1753617244264,11:54:04.264,bybit,AEVO/USDT:USDT,0.1112,12832.5,0.1111,103964.4,0.1113,10133.0,0.1114,40977.3
1753617244364,11:54:04.364,bybit,AEVO/USDT:USDT,0.1112,12832.5,0.1111,103964.4,0.1113,10133.0,0.1114,44011.3
1753617244666,11:54:04.666,bybit,AEVO/USDT:USDT,0.1112,12832.5,0.1111,103964.4,0.1113,10133.0,0.1114,44011.3
1753617244764,11:54:04.764,bybit,AEVO/USDT:USDT,0.1112,12832.5,0.1111,103964.4,0.1113,10133.0,0.1114,44011.3
1753617244865,11:54:04.865,bybit,AEVO/USDT:USDT,0.1112,12832.5,0.1111,103964.4,0.1113,10133.0,0.1114,44011.3
1753617244965,11:54:04.965,bybit,AEVO/USDT:USDT,0.1112,12832.5,0.1111,103077.5,0.1113,10133.0,0.1114,44011.3
1753617245364,11:54:05.364,bybit,AEVO/USDT:USDT,0.1112,9698.1,0.1111,92835.1,0.1113,17632.2,0.1114,44011.3
1753617245465,11:54:05.465,bybit,AEVO/USDT:USDT,0.1112,7736.0,0.1111,92835.1,0.1113,17632.2,0.1114,44011.3
1753617245565,11:54:05.565,bybit,AEVO/USDT:USDT,0.1112,3241.2,0.1111,95084.5,0.1113,17632.2,0.1114,44011.3
1753617245864,11:54:05.864,bybit,AEVO/USDT:USDT,0.1112,3241.2,0.1111,95084.5,0.1113,19877.5,0.1114,41766.8
1753617245965,11:54:05.965,bybit,AEVO/USDT:USDT,0.1112,5030.9,0.1111,95084.5,0.1113,13166.1,0.1114,41766.8
1753617246164,11:54:06.164,bybit,AEVO/USDT:USDT,0.1111,32899.5,0.111,64759.5,0.1112,3452.2,0.1113,37218.6
1753617246265,11:54:06.265,bybit,AEVO/USDT:USDT,0.1111,32000.6,0.111,60265.2,0.1112,3452.2,0.1113,37218.6
1753617246365,11:54:06.365,bybit,AEVO/USDT:USDT,0.1111,32900.3,0.111,59703.1,0.1112,3452.2,0.1113,34973.3
1753617246565,11:54:06.565,bybit,AEVO/USDT:USDT,0.1112,1876.0,0.1111,47717.7,0.1113,10920.8,0.1114,41766.8
1753617246665,11:54:06.665,bybit,AEVO/USDT:USDT,0.1112,1876.0,0.1111,48751.6,0.1113,10920.8,0.1114,41766.8
1753617246764,11:54:06.764,bybit,AEVO/USDT:USDT,0.1112,1876.0,0.1111,45153.0,0.1113,10920.8,0.1114,41766.8
1753617246965,11:54:06.965,bybit,AEVO/USDT:USDT,0.1112,1876.0,0.1111,45153.0,0.1113,10920.8,0.1114,41766.8
1753617247064,11:54:07.064,bybit,AEVO/USDT:USDT,0.1112,1876.0,0.1111,45153.0,0.1113,10920.8,0.1114,41766.8
1753617247365,11:54:07.365,bybit,AEVO/USDT:USDT,0.1112,1876.0,0.1111,45153.0,0.1113,10920.8,0.1114,41766.8
1753617247465,11:54:07.465,bybit,AEVO/USDT:USDT,0.1112,1876.0,0.1111,45153.0,0.1113,10920.8,0.1114,41766.8
1753617247564,11:54:07.564,bybit,AEVO/USDT:USDT,0.1112,1876.0,0.1111,45153.0,0.1113,10920.8,0.1114,41766.8
1753617247865,11:54:07.865,bybit,AEVO/USDT:USDT,0.1112,1876.0,0.1111,45153.0,0.1113,10920.8,0.1114,41766.8
1753617247965,11:54:07.965,bybit,AEVO/USDT:USDT,0.1111,28402.0,0.111,59703.1,0.1112,2775.3,0.1113,34967.7
1753617248064,11:54:08.064,bybit,AEVO/USDT:USDT,0.1111,28402.0,0.111,59703.1,0.1112,2775.3,0.1113,34967.7
1753617248168,11:54:08.168,bybit,AEVO/USDT:USDT,0.1111,29301.7,0.111,59703.1,0.1112,2775.3,0.1113,34967.7
1753617248264,11:54:08.264,bybit,AEVO/USDT:USDT,0.1111,28402.0,0.111,59703.1,0.1112,2775.3,0.1113,34967.7
1753617248366,11:54:08.366,bybit,AEVO/USDT:USDT,0.1111,28402.0,0.111,64586.1,0.1112,2775.3,0.1113,34967.7
1753617248464,11:54:08.464,bybit,AEVO/USDT:USDT,0.1111,28402.0,0.111,64586.1,0.1112,2775.3,0.1113,34967.7
1753617248565,11:54:08.565,bybit,AEVO/USDT:USDT,0.1111,29301.7,0.111,64586.1,0.1112,2775.3,0.1113,34967.7
1753617248665,11:54:08.665,bybit,AEVO/USDT:USDT,0.1111,29301.7,0.111,64586.1,0.1112,2775.3,0.1113,34967.7
1753617248765,11:54:08.765,bybit,AEVO/USDT:USDT,0.1111,29301.7,0.111,64586.1,0.1112,2775.3,0.1113,34967.7
1753617248864,11:54:08.864,bybit,AEVO/USDT:USDT,0.1111,28402.0,0.111,64586.1,0.1112,2775.3,0.1113,34967.7
1753617248965,11:54:08.965,bybit,AEVO/USDT:USDT,0.1111,28402.0,0.111,64586.1,0.1112,2775.3,0.1113,34967.7
1753617249165,11:54:09.165,bybit,AEVO/USDT:USDT,0.1111,28402.0,0.111,64586.1,0.1112,2775.3,0.1113,34967.7
1753617249265,11:54:09.265,bybit,AEVO/USDT:USDT,0.1111,28402.0,0.111,64586.1,0.1112,2775.3,0.1113,34967.7
1753617249464,11:54:09.464,bybit,AEVO/USDT:USDT,0.1111,28402.0,0.111,64586.1,0.1112,2775.3,0.1113,34967.7
1753617249564,11:54:09.564,bybit,AEVO/USDT:USDT,0.1111,28402.0,0.111,64586.1,0.1112,3025.1,0.1113,34967.7
1753617249865,11:54:09.865,bybit,AEVO/USDT:USDT,0.1111,27952.8,0.111,64586.1,0.1112,3025.1,0.1113,34967.7
1753617250264,11:54:10.264,bybit,AEVO/USDT:USDT,0.1111,27952.8,0.111,64586.1,0.1112,3025.1,0.1113,34967.7
1753617250364,11:54:10.364,bybit,AEVO/USDT:USDT,0.1111,28852.5,0.111,64586.1,0.1112,3025.1,0.1113,34967.7
1753617250764,11:54:10.764,bybit,AEVO/USDT:USDT,0.1111,28852.5,0.111,64586.1,0.1112,3025.1,0.1113,34967.7
1753617250864,11:54:10.864,bybit,AEVO/USDT:USDT,0.1111,28852.5,0.111,64586.1,0.1112,3025.1,0.1113,34967.7
1753617251064,11:54:11.064,bybit,AEVO/USDT:USDT,0.1111,27952.8,0.111,64586.1,0.1112,3025.1,0.1113,34967.7
1753617251164,11:54:11.164,bybit,AEVO/USDT:USDT,0.1111,27952.8,0.111,64586.1,0.1112,3025.1,0.1113,34967.7
1753617251364,11:54:11.364,bybit,AEVO/USDT:USDT,0.1111,27952.8,0.111,64586.1,0.1112,3025.1,0.1113,34967.7
1753617251565,11:54:11.565,bybit,AEVO/USDT:USDT,0.1111,28852.5,0.111,64586.1,0.1112,3025.1,0.1113,34967.7
1753617251864,11:54:11.864,bybit,AEVO/USDT:USDT,0.1111,28852.5,0.111,64586.1,0.1112,3025.1,0.1113,34967.7
1753617251964,11:54:11.964,bybit,AEVO/USDT:USDT,0.1111,28852.5,0.111,64586.1,0.1112,3025.1,0.1113,34967.7
1753617252464,11:54:12.464,bybit,AEVO/USDT:USDT,0.1111,27952.8,0.111,64586.1,0.1112,3025.1,0.1113,34967.7
1753617253165,11:54:13.165,bybit,AEVO/USDT:USDT,0.1111,27952.8,0.111,64586.1,0.1112,3026.4,0.1113,34967.7
1753617253465,11:54:13.465,bybit,AEVO/USDT:USDT,0.1111,27952.8,0.111,64586.1,0.1112,3026.4,0.1113,34967.7
1753617253565,11:54:13.565,bybit,AEVO/USDT:USDT,0.1111,27952.8,0.111,64586.1,0.1112,3026.4,0.1113,34967.7
1753617253665,11:54:13.665,bybit,AEVO/USDT:USDT,0.1111,27952.8,0.111,64586.1,0.1112,3026.4,0.1113,34967.7
1753617254167,11:54:14.167,bybit,AEVO/USDT:USDT,0.1111,27952.8,0.111,64586.1,0.1112,3026.4,0.1113,34967.7
1753617254264,11:54:14.264,bybit,AEVO/USDT:USDT,0.1111,27952.8,0.111,64586.1,0.1112,3026.4,0.1113,34967.7
1753617254464,11:54:14.464,bybit,AEVO/USDT:USDT,0.1111,28852.5,0.111,64586.1,0.1112,3026.4,0.1113,34967.7
1753617254564,11:54:14.564,bybit,AEVO/USDT:USDT,0.1111,28852.5,0.111,64586.1,0.1112,3026.4,0.1113,34967.7
1753617254764,11:54:14.764,bybit,AEVO/USDT:USDT,0.1111,28852.5,0.111,64586.1,0.1112,3026.4,0.1113,34967.7
1753617254864,11:54:14.864,bybit,AEVO/USDT:USDT,0.1111,28852.5,0.111,64586.1,0.1112,3026.4,0.1113,34967.7
1753617255165,11:54:15.165,bybit,AEVO/USDT:USDT,0.1111,27952.8,0.111,64586.1,0.1112,3026.4,0.1113,34967.7
1753617255265,11:54:15.265,bybit,AEVO/USDT:USDT,0.1111,27952.8,0.111,64586.1,0.1112,3026.4,0.1113,34967.7
1753617255365,11:54:15.365,bybit,AEVO/USDT:USDT,0.1111,27952.8,0.111,64586.1,0.1112,3026.4,0.1113,34967.7
1753617255665,11:54:15.665,bybit,AEVO/USDT:USDT,0.1111,27952.8,0.111,64586.1,0.1112,3026.4,0.1113,34967.7
1753617255764,11:54:15.764,bybit,AEVO/USDT:USDT,0.1111,27952.8,0.111,64586.1,0.1112,3026.4,0.1113,34967.7
1753617255864,11:54:15.864,bybit,AEVO/USDT:USDT,0.1111,27952.8,0.111,64586.1,0.1112,3026.4,0.1113,34967.7
1753617255964,11:54:15.964,bybit,AEVO/USDT:USDT,0.1111,27952.8,0.111,64586.1,0.1112,3026.4,0.1113,34967.7
1753617256365,11:54:16.365,bybit,AEVO/USDT:USDT,0.1111,27952.8,0.111,64586.1,0.1112,3026.4,0.1113,37213.6
1753617256465,11:54:16.465,bybit,AEVO/USDT:USDT,0.1111,27952.8,0.111,64586.1,0.1112,3026.4,0.1113,37213.6
1753617256666,11:54:16.666,bybit,AEVO/USDT:USDT,0.1111,27952.8,0.111,64586.1,0.1112,3026.4,0.1113,37213.6
1753617256765,11:54:16.765,bybit,AEVO/USDT:USDT,0.1111,28852.5,0.111,55204.7,0.1112,3026.4,0.1113,37213.6
1753617256965,11:54:16.965,bybit,AEVO/USDT:USDT,0.1111,28852.5,0.111,55204.7,0.1112,3206.4,0.1113,37213.6
1753617257065,11:54:17.065,bybit,AEVO/USDT:USDT,0.1111,28852.5,0.111,55204.7,0.1112,3206.4,0.1113,39459.6
1753617257464,11:54:17.464,bybit,AEVO/USDT:USDT,0.1111,28852.5,0.111,55204.7,0.1112,3206.4,0.1113,39459.6
1753617257565,11:54:17.565,bybit,AEVO/USDT:USDT,0.1111,28852.5,0.111,55204.7,0.1112,3206.4,0.1113,39459.6
1753617257865,11:54:17.865,bybit,AEVO/USDT:USDT,0.1111,28852.5,0.111,55204.7,0.1112,3206.4,0.1113,39459.6
1753617257965,11:54:17.965,bybit,AEVO/USDT:USDT,0.1111,28852.5,0.111,55204.7,0.1112,3206.4,0.1113,39459.6
1753617258065,11:54:18.065,bybit,AEVO/USDT:USDT,0.1111,28852.5,0.111,55204.7,0.1112,3206.4,0.1113,39459.6
1753617258265,11:54:18.265,bybit,AEVO/USDT:USDT,0.1111,28852.5,0.111,55204.7,0.1112,3206.4,0.1113,39459.6
1753617258365,11:54:18.365,bybit,AEVO/USDT:USDT,0.1111,27952.8,0.111,55204.7,0.1112,3206.4,0.1113,39459.6
1753617258564,11:54:18.564,bybit,AEVO/USDT:USDT,0.1111,27952.8,0.111,55204.7,0.1112,3206.4,0.1113,39459.6
1753617258666,11:54:18.666,bybit,AEVO/USDT:USDT,0.1111,27952.8,0.111,55204.7,0.1112,3206.4,0.1113,39459.6
1753617258965,11:54:18.965,bybit,AEVO/USDT:USDT,0.1111,27952.8,0.111,55204.7,0.1112,3206.4,0.1113,39459.6
1753617259164,11:54:19.164,bybit,AEVO/USDT:USDT,0.1111,27952.8,0.111,55204.7,0.1112,3206.4,0.1113,39459.6
1753617259264,11:54:19.264,bybit,AEVO/USDT:USDT,0.1111,27952.8,0.111,55204.7,0.1112,3206.4,0.1113,39459.6
1753617259365,11:54:19.365,bybit,AEVO/USDT:USDT,0.1111,27952.8,0.111,55204.7,0.1112,2307.1,0.1113,39459.6
1753617259764,11:54:19.764,bybit,AEVO/USDT:USDT,0.1111,27952.8,0.111,55204.7,0.1112,2307.1,0.1113,39459.6
1753617259864,11:54:19.864,bybit,AEVO/USDT:USDT,0.1111,27952.8,0.111,55204.7,0.1112,2307.1,0.1113,39459.6
1753617260564,11:54:20.564,bybit,AEVO/USDT:USDT,0.1111,28852.5,0.111,55204.7,0.1112,2307.1,0.1113,39459.6
1753617260965,11:54:20.965,bybit,AEVO/USDT:USDT,0.1111,28852.5,0.111,55204.7,0.1112,2307.1,0.1113,39459.6
1753617261064,11:54:21.064,bybit,AEVO/USDT:USDT,0.1111,27952.8,0.111,55204.7,0.1112,2307.1,0.1113,39459.6
1753617261164,11:54:21.164,bybit,AEVO/USDT:USDT,0.1111,27952.8,0.111,55204.7,0.1112,2307.1,0.1113,39459.6
1753617261465,11:54:21.465,bybit,AEVO/USDT:USDT,0.1111,27952.8,0.111,55204.7,0.1112,3206.4,0.1113,39459.6
1753617261565,11:54:21.565,bybit,AEVO/USDT:USDT,0.1111,27952.8,0.111,55204.7,0.1112,3206.4,0.1113,39459.6
1753617261665,11:54:21.665,bybit,AEVO/USDT:USDT,0.1111,27952.8,0.111,55204.7,0.1112,3206.4,0.1113,39459.6
1753617261765,11:54:21.765,bybit,AEVO/USDT:USDT,0.1111,27952.8,0.111,55204.7,0.1112,3206.4,0.1113,39459.6
1753617261865,11:54:21.865,bybit,AEVO/USDT:USDT,0.1111,27952.8,0.111,55204.7,0.1112,3206.4,0.1113,39459.6
1753617261964,11:54:21.964,bybit,AEVO/USDT:USDT,0.1111,27952.8,0.111,55204.7,0.1112,3206.4,0.1113,39459.6
1753617262065,11:54:22.065,bybit,AEVO/USDT:USDT,0.1111,27952.8,0.111,55204.7,0.1112,3206.4,0.1113,39459.6
1753617262166,11:54:22.166,bybit,AEVO/USDT:USDT,0.1111,28852.5,0.111,55204.7,0.1112,3206.4,0.1113,39459.6
1753617262564,11:54:22.564,bybit,AEVO/USDT:USDT,0.1111,27952.8,0.111,55204.7,0.1112,3206.4,0.1113,39459.6
1753617262665,11:54:22.665,bybit,AEVO/USDT:USDT,0.1111,27952.8,0.111,55204.7,0.1112,2127.1,0.1113,39459.6
1753617262764,11:54:22.764,bybit,AEVO/USDT:USDT,0.1111,27952.8,0.111,55204.7,0.1112,3061.7,0.1113,39459.6
1753617263065,11:54:23.065,bybit,AEVO/USDT:USDT,0.1111,27952.8,0.111,55204.7,0.1112,3061.7,0.1113,39459.6
1753617263164,11:54:23.164,bybit,AEVO/USDT:USDT,0.1111,27952.8,0.111,55204.7,0.1112,3061.7,0.1113,39459.6
1753617263265,11:54:23.265,bybit,AEVO/USDT:USDT,0.1111,27952.8,0.111,55204.7,0.1112,3061.7,0.1113,39459.6
1753617263764,11:54:23.764,bybit,AEVO/USDT:USDT,0.1111,27952.8,0.111,55204.7,0.1112,3061.7,0.1113,39459.6
1753617263864,11:54:23.864,bybit,AEVO/USDT:USDT,0.1111,27952.8,0.111,55204.7,0.1112,3061.7,0.1113,39459.6
1753617264264,11:54:24.264,bybit,AEVO/USDT:USDT,0.1111,27952.8,0.111,55204.7,0.1112,3061.7,0.1113,39459.6
1753617264365,11:54:24.365,bybit,AEVO/USDT:USDT,0.1111,28852.5,0.111,55204.7,0.1112,3061.7,0.1113,39459.6
1753617264465,11:54:24.465,bybit,AEVO/USDT:USDT,0.1111,28852.5,0.111,55204.7,0.1112,3061.7,0.1113,39459.6
1753617264664,11:54:24.664,bybit,AEVO/USDT:USDT,0.1111,27952.8,0.111,55204.7,0.1112,3961.0,0.1113,39459.6
1753617264764,11:54:24.764,bybit,AEVO/USDT:USDT,0.1111,28852.5,0.111,55204.7,0.1112,3961.0,0.1113,39459.6
1753617264865,11:54:24.865,bybit,AEVO/USDT:USDT,0.1111,28852.5,0.111,55204.7,0.1112,3961.0,0.1113,39459.6
1753617264964,11:54:24.964,bybit,AEVO/USDT:USDT,0.1111,27952.8,0.111,55204.7,0.1112,3961.0,0.1113,39459.6
1753617265065,11:54:25.065,bybit,AEVO/USDT:USDT,0.1111,28852.5,0.111,55204.7,0.1112,3961.0,0.1113,39459.6
1753617265264,11:54:25.264,bybit,AEVO/USDT:USDT,0.1111,28852.5,0.111,55204.7,0.1112,3961.0,0.1113,39459.6
1753617265364,11:54:25.364,bybit,AEVO/USDT:USDT,0.1111,28852.5,0.111,55204.7,0.1112,3961.0,0.1113,39459.6
1753617265465,11:54:25.465,bybit,AEVO/USDT:USDT,0.1111,27952.8,0.111,55204.7,0.1112,3961.0,0.1113,39459.6
1753617265864,11:54:25.864,bybit,AEVO/USDT:USDT,0.1111,27952.8,0.111,55204.7,0.1112,3961.0,0.1113,39459.6
1753617265965,11:54:25.965,bybit,AEVO/USDT:USDT,0.1111,27952.8,0.111,55204.7,0.1112,3061.7,0.1113,39459.6
1753617266364,11:54:26.364,bybit,AEVO/USDT:USDT,0.1111,27952.8,0.111,55204.7,0.1112,3061.7,0.1113,39459.6
1753617266464,11:54:26.464,bybit,AEVO/USDT:USDT,0.1111,27952.8,0.111,55204.7,0.1112,3061.7,0.1113,39459.6
1753617266564,11:54:26.564,bybit,AEVO/USDT:USDT,0.1111,27952.8,0.111,55204.7,0.1112,3061.7,0.1113,39459.6
1753617266964,11:54:26.964,bybit,AEVO/USDT:USDT,0.1111,27952.8,0.111,55204.7,0.1112,3061.7,0.1113,39459.6
1753617267165,11:54:27.165,bybit,AEVO/USDT:USDT,0.1111,28852.5,0.111,55204.7,0.1112,3061.7,0.1113,39459.6
1753617267264,11:54:27.264,bybit,AEVO/USDT:USDT,0.1111,28852.5,0.111,55204.7,0.1112,3061.7,0.1113,37213.6
1753617267365,11:54:27.365,bybit,AEVO/USDT:USDT,0.1111,27952.8,0.111,55204.7,0.1112,3061.7,0.1113,37213.6
1753617267565,11:54:27.565,bybit,AEVO/USDT:USDT,0.1111,27952.8,0.111,55204.7,0.1112,3061.7,0.1113,37213.6
1753617267664,11:54:27.664,bybit,AEVO/USDT:USDT,0.1111,27952.8,0.111,55204.7,0.1112,3061.7,0.1113,37213.6
1753617267865,11:54:27.865,bybit,AEVO/USDT:USDT,0.1111,27952.8,0.111,55204.7,0.1112,3961.0,0.1113,37213.6
1753617267964,11:54:27.964,bybit,AEVO/USDT:USDT,0.1111,28852.5,0.111,55204.7,0.1112,3961.0,0.1113,37213.6
1753617268064,11:54:28.064,bybit,AEVO/USDT:USDT,0.1111,28852.5,0.111,55204.7,0.1112,3961.0,0.1113,37213.6
1753617268169,11:54:28.169,bybit,AEVO/USDT:USDT,0.1111,28852.5,0.111,55204.7,0.1112,3961.0,0.1113,37213.6
1753617268264,11:54:28.264,bybit,AEVO/USDT:USDT,0.1111,27952.8,0.111,55204.7,0.1112,3961.0,0.1113,37213.6
1753617268365,11:54:28.365,bybit,AEVO/USDT:USDT,0.1111,27952.8,0.111,55204.7,0.1112,4078.7,0.1113,37213.6
1753617268464,11:54:28.464,bybit,AEVO/USDT:USDT,0.1111,27952.8,0.111,55204.7,0.1112,4078.7,0.1113,37213.6
1753617268664,11:54:28.664,bybit,AEVO/USDT:USDT,0.1111,27952.8,0.111,55204.7,0.1112,4078.7,0.1113,37213.6
1753617268765,11:54:28.765,bybit,AEVO/USDT:USDT,0.1111,27952.8,0.111,55204.7,0.1112,4078.7,0.1113,37213.6
1753617269065,11:54:29.065,bybit,AEVO/USDT:USDT,0.1111,27952.8,0.111,55204.7,0.1112,3179.4,0.1113,37213.6
1753617269165,11:54:29.165,bybit,AEVO/USDT:USDT,0.1111,27952.8,0.111,55204.7,0.1112,3179.4,0.1113,37213.6
1753617269265,11:54:29.265,bybit,AEVO/USDT:USDT,0.1111,27952.8,0.111,55204.7,0.1112,3179.4,0.1113,37213.6
1753617269364,11:54:29.364,bybit,AEVO/USDT:USDT,0.1111,27952.8,0.111,55204.7,0.1112,3179.4,0.1113,39459.7
1753617269665,11:54:29.665,bybit,AEVO/USDT:USDT,0.1111,27952.8,0.111,55204.7,0.1112,3179.4,0.1113,39459.7
1753617269864,11:54:29.864,bybit,AEVO/USDT:USDT,0.1111,27952.8,0.111,55204.7,0.1112,3179.4,0.1113,39459.7
1753617269965,11:54:29.965,bybit,AEVO/USDT:USDT,0.1111,27952.8,0.111,55204.7,0.1112,3179.4,0.1113,39459.7
1753617270065,11:54:30.065,bybit,AEVO/USDT:USDT,0.1111,10797.7,0.111,46355.3,0.1112,10539.8,0.1113,43945.1
1753617270167,11:54:30.167,bybit,AEVO/USDT:USDT,0.1111,17830.9,0.111,46355.3,0.1112,10539.8,0.1113,46325.3
1753617270364,11:54:30.364,bybit,AEVO/USDT:USDT,0.1111,17830.9,0.111,53066.7,0.1112,10539.8,0.1113,46325.3
1753617270464,11:54:30.464,bybit,AEVO/USDT:USDT,0.1111,17830.9,0.111,53066.7,0.1112,10539.8,0.1113,46325.3
1753617270565,11:54:30.565,bybit,AEVO/USDT:USDT,0.1111,17830.9,0.111,53066.7,0.1112,10539.8,0.1113,46325.3
1753617270665,11:54:30.665,bybit,AEVO/USDT:USDT,0.1111,17830.9,0.111,53966.4,0.1112,10539.8,0.1113,46325.3
1753617270764,11:54:30.764,bybit,AEVO/USDT:USDT,0.1111,17830.9,0.111,53966.4,0.1112,10539.8,0.1113,46325.3
1753617270865,11:54:30.865,bybit,AEVO/USDT:USDT,0.1111,17830.9,0.111,53966.4,0.1112,10539.8,0.1113,46325.3
1753617271065,11:54:31.065,bybit,AEVO/USDT:USDT,0.1111,17830.9,0.111,53066.7,0.1112,11439.1,0.1113,46325.3
1753617271164,11:54:31.164,bybit,AEVO/USDT:USDT,0.1111,17830.9,0.111,53966.4,0.1112,11439.1,0.1113,46325.3
1753617271364,11:54:31.364,bybit,AEVO/USDT:USDT,0.1111,17830.9,0.111,53066.7,0.1112,11439.1,0.1113,43546.4
1753617271564,11:54:31.564,bybit,AEVO/USDT:USDT,0.1111,17830.9,0.111,53066.7,0.1112,11439.1,0.1113,43546.4
1753617271864,11:54:31.864,bybit,AEVO/USDT:USDT,0.1111,17830.9,0.111,53066.7,0.1112,11439.1,0.1113,43546.4
1753617271965,11:54:31.965,bybit,AEVO/USDT:USDT,0.1111,17830.9,0.111,53066.7,0.1112,11439.1,0.1113,43546.4
1753617272064,11:54:32.064,bybit,AEVO/USDT:USDT,0.1111,17830.9,0.111,53966.4,0.1112,11439.1,0.1113,43546.4
1753617272365,11:54:32.365,bybit,AEVO/USDT:USDT,0.1111,17830.9,0.111,53066.7,0.1112,11439.1,0.1113,43546.4
1753617272464,11:54:32.464,bybit,AEVO/USDT:USDT,0.1111,17830.9,0.111,53066.7,0.1112,11439.1,0.1113,43546.4
1753617272565,11:54:32.565,bybit,AEVO/USDT:USDT,0.1111,17830.9,0.111,53066.7,0.1112,11439.1,0.1113,43546.4
1753617272665,11:54:32.665,bybit,AEVO/USDT:USDT,0.1111,17830.9,0.111,53066.7,0.1112,11439.1,0.1113,43546.4
1753617272764,11:54:32.764,bybit,AEVO/USDT:USDT,0.1111,12587.4,0.111,58310.2,0.1112,11439.1,0.1113,43546.4
1753617272864,11:54:32.864,bybit,AEVO/USDT:USDT,0.1111,12587.4,0.111,58310.2,0.1112,11439.1,0.1113,44433.3
1753617272964,11:54:32.964,bybit,AEVO/USDT:USDT,0.1111,12587.4,0.111,58310.2,0.1112,11439.1,0.1113,44433.3
1753617273064,11:54:33.064,bybit,AEVO/USDT:USDT,0.1111,12587.4,0.111,58310.2,0.1112,11439.1,0.1113,44433.3
1753617273165,11:54:33.165,bybit,AEVO/USDT:USDT,0.1111,12587.4,0.111,59209.9,0.1112,11439.1,0.1113,44433.3
1753617273465,11:54:33.465,bybit,AEVO/USDT:USDT,0.1111,4039.9,0.111,61911.4,0.1112,11439.1,0.1113,44433.3
1753617273564,11:54:33.564,bybit,AEVO/USDT:USDT,0.1111,4039.9,0.111,60113.7,0.1112,13686.5,0.1113,42187.2
1753617273765,11:54:33.765,bybit,AEVO/USDT:USDT,0.1111,4039.9,0.111,59214.0,0.1112,13686.5,0.1113,42187.2
1753617273865,11:54:33.865,bybit,AEVO/USDT:USDT,0.1111,4673.1,0.111,53465.2,0.1112,20397.9,0.1113,42187.2
1753617273964,11:54:33.964,bybit,AEVO/USDT:USDT,0.1111,2187.4,0.111,53465.2,0.1112,20397.9,0.1113,42187.2
1753617274164,11:54:34.164,bybit,AEVO/USDT:USDT,0.1111,2187.4,0.111,53465.2,0.1112,20397.9,0.1113,42187.2
1753617274264,11:54:34.264,bybit,AEVO/USDT:USDT,0.1111,2187.4,0.111,53465.2,0.1112,20397.9,0.1113,42187.2
1753617274365,11:54:34.365,bybit,AEVO/USDT:USDT,0.1111,2187.4,0.111,53465.2,0.1112,20397.9,0.1113,42187.2
1753617274564,11:54:34.564,bybit,AEVO/USDT:USDT,0.1111,2187.4,0.111,53465.2,0.1112,20397.9,0.1113,42187.2
1753617274665,11:54:34.665,bybit,AEVO/USDT:USDT,0.1111,2187.4,0.111,53465.2,0.1112,20397.9,0.1113,42187.2
1753617274764,11:54:34.764,bybit,AEVO/USDT:USDT,0.1111,2187.4,0.111,53465.2,0.1112,20397.9,0.1113,39942.0
1753617274864,11:54:34.864,bybit,AEVO/USDT:USDT,0.1111,2187.4,0.111,53465.2,0.1112,20397.9,0.1113,42187.2
1753617274965,11:54:34.965,bybit,AEVO/USDT:USDT,0.1111,4672.7,0.111,52565.5,0.1112,20397.9,0.1113,42187.2
1753617275064,11:54:35.064,bybit,AEVO/USDT:USDT,0.1111,4672.7,0.111,52565.5,0.1112,20397.9,0.1113,42187.2
1753617275165,11:54:35.165,bybit,AEVO/USDT:USDT,0.1111,4672.7,0.111,52565.5,0.1112,20397.9,0.1113,42187.2
1753617275465,11:54:35.465,bybit,AEVO/USDT:USDT,0.1111,4672.7,0.111,52565.5,0.1112,20397.9,0.1113,39942.0
1753617275564,11:54:35.564,bybit,AEVO/USDT:USDT,0.1111,4672.7,0.111,52565.5,0.1112,20397.9,0.1113,42187.2
1753617275665,11:54:35.665,bybit,AEVO/USDT:USDT,0.1111,4672.7,0.111,52565.5,0.1112,20397.9,0.1113,42187.2
1753617275765,11:54:35.765,bybit,AEVO/USDT:USDT,0.1111,4672.7,0.111,52565.5,0.1112,20397.9,0.1113,42187.2
1753617276365,11:54:36.365,bybit,AEVO/USDT:USDT,0.1111,4672.7,0.111,53465.2,0.1112,20397.9,0.1113,42187.2
1753617276464,11:54:36.464,bybit,AEVO/USDT:USDT,0.1111,4672.7,0.111,52565.5,0.1112,20397.9,0.1113,42187.2
1753617276565,11:54:36.565,bybit,AEVO/USDT:USDT,0.1111,4672.7,0.111,52565.5,0.1112,18150.5,0.1113,42187.2
1753617276664,11:54:36.664,bybit,AEVO/USDT:USDT,0.1111,3977.1,0.111,60176.6,0.1112,11439.1,0.1113,42187.2
1753617276764,11:54:36.764,bybit,AEVO/USDT:USDT,0.1111,3977.1,0.111,60176.6,0.1112,11439.1,0.1113,42187.2
1753617277165,11:54:37.165,bybit,AEVO/USDT:USDT,0.1111,3977.1,0.111,60176.6,0.1112,10539.8,0.1113,42187.2
1753617277264,11:54:37.264,bybit,AEVO/USDT:USDT,0.1111,3977.1,0.111,60176.6,0.1112,10539.8,0.1113,42187.2
1753617277464,11:54:37.464,bybit,AEVO/USDT:USDT,0.1111,3977.1,0.111,60176.6,0.1112,10539.8,0.1113,42187.2
1753617277665,11:54:37.665,bybit,AEVO/USDT:USDT,0.1111,3977.1,0.111,59276.9,0.1112,10539.8,0.1113,42187.2
1753617277764,11:54:37.764,bybit,AEVO/USDT:USDT,0.1111,3977.1,0.111,59276.9,0.1112,10539.8,0.1113,42187.2
1753617277865,11:54:37.865,bybit,AEVO/USDT:USDT,0.1111,3977.1,0.111,59276.9,0.1112,10539.8,0.1113,42187.2
1753617278264,11:54:38.264,bybit,AEVO/USDT:USDT,0.1111,3977.1,0.111,59276.9,0.1112,10539.8,0.1113,42187.2
1753617278365,11:54:38.365,bybit,AEVO/USDT:USDT,0.1111,3977.1,0.111,59276.9,0.1112,10539.8,0.1113,41399.4
1753617278764,11:54:38.764,bybit,AEVO/USDT:USDT,0.1111,3977.1,0.111,59276.9,0.1112,10539.8,0.1113,41399.4
1753617278865,11:54:38.865,bybit,AEVO/USDT:USDT,0.1111,3977.1,0.111,60176.6,0.1112,10539.8,0.1113,41399.4
1753617278964,11:54:38.964,bybit,AEVO/USDT:USDT,0.1111,3977.1,0.111,60176.6,0.1112,11439.1,0.1113,41399.4
1753617279264,11:54:39.264,bybit,AEVO/USDT:USDT,0.1111,3977.1,0.111,59276.9,0.1112,13686.5,0.1113,41399.4
1753617279366,11:54:39.366,bybit,AEVO/USDT:USDT,0.1111,3977.1,0.111,59276.9,0.1112,13686.5,0.1113,39154.2
1753617279464,11:54:39.464,bybit,AEVO/USDT:USDT,0.1111,3977.1,0.111,60176.6,0.1112,13686.5,0.1113,39154.2
1753617279565,11:54:39.565,bybit,AEVO/USDT:USDT,0.1111,3977.1,0.111,60176.6,0.1112,13686.5,0.1113,41399.4
1753617279764,11:54:39.764,bybit,AEVO/USDT:USDT,0.1111,3977.1,0.111,59276.9,0.1112,13686.5,0.1113,41399.4
1753617279964,11:54:39.964,bybit,AEVO/USDT:USDT,0.1111,3977.1,0.111,59276.9,0.1112,13686.5,0.1113,41399.4
1753617280064,11:54:40.064,bybit,AEVO/USDT:USDT,0.1111,3977.1,0.111,59276.9,0.1112,12787.2,0.1113,41399.4
1753617280365,11:54:40.365,bybit,AEVO/USDT:USDT,0.1111,3977.1,0.111,59276.9,0.1112,12787.2,0.1113,41399.4
1753617280465,11:54:40.465,bybit,AEVO/USDT:USDT,0.1111,3977.1,0.111,59276.9,0.1112,12787.2,0.1113,41399.4
1753617280565,11:54:40.565,bybit,AEVO/USDT:USDT,0.1111,3977.1,0.111,60176.6,0.1112,12787.2,0.1113,41399.4
1753617280764,11:54:40.764,bybit,AEVO/USDT:USDT,0.1111,3977.1,0.111,60176.6,0.1112,12787.2,0.1113,41399.4
1753617281065,11:54:41.065,bybit,AEVO/USDT:USDT,0.1111,3977.1,0.111,60176.6,0.1112,12787.2,0.1113,41399.4
1753617281165,11:54:41.165,bybit,AEVO/USDT:USDT,0.1111,3977.1,0.111,60176.6,0.1112,12787.2,0.1113,41399.4
1753617281464,11:54:41.464,bybit,AEVO/USDT:USDT,0.1111,3977.1,0.111,59276.9,0.1112,12787.2,0.1113,41399.4
1753617281665,11:54:41.665,bybit,AEVO/USDT:USDT,0.1111,3977.1,0.111,59276.9,0.1112,12787.2,0.1113,41399.4
1753617281764,11:54:41.764,bybit,AEVO/USDT:USDT,0.1111,3977.1,0.111,59276.9,0.1112,12787.2,0.1113,41399.4
1753617281964,11:54:41.964,bybit,AEVO/USDT:USDT,0.1111,3977.1,0.111,59276.9,0.1112,13686.5,0.1113,41399.4
1753617282167,11:54:42.167,bybit,AEVO/USDT:USDT,0.1111,3977.1,0.111,59276.9,0.1112,13686.5,0.1113,41399.4
1753617282265,11:54:42.265,bybit,AEVO/USDT:USDT,0.1111,3977.1,0.111,59276.9,0.1112,13686.5,0.1113,41399.4
1753617282365,11:54:42.365,bybit,AEVO/USDT:USDT,0.1111,3977.1,0.111,59276.9,0.1112,13686.5,0.1113,41399.4
1753617282664,11:54:42.664,bybit,AEVO/USDT:USDT,0.1111,3977.1,0.111,60176.6,0.1112,13686.5,0.1113,41399.4
1753617282764,11:54:42.764,bybit,AEVO/USDT:USDT,0.1111,3977.1,0.111,60176.6,0.1112,13686.5,0.1113,41399.4
1753617283165,11:54:43.165,bybit,AEVO/USDT:USDT,0.1111,3977.1,0.111,60176.6,0.1112,13686.5,0.1113,39154.2
1753617283266,11:54:43.266,bybit,AEVO/USDT:USDT,0.1111,3977.1,0.111,60176.6,0.1112,13686.5,0.1113,41399.4
1753617283365,11:54:43.365,bybit,AEVO/USDT:USDT,0.1111,3977.1,0.111,60176.6,0.1112,13686.5,0.1113,41399.4
1753617283465,11:54:43.465,bybit,AEVO/USDT:USDT,0.1111,3977.1,0.111,59276.9,0.1112,13686.5,0.1113,41399.4
1753617283765,11:54:43.765,bybit,AEVO/USDT:USDT,0.1111,3977.1,0.111,59276.9,0.1112,13686.5,0.1113,39154.2
1753617283865,11:54:43.865,bybit,AEVO/USDT:USDT,0.1111,3977.1,0.111,59276.9,0.1112,13686.5,0.1113,41399.4
1753617283965,11:54:43.965,bybit,AEVO/USDT:USDT,0.1111,3977.1,0.111,59276.9,0.1112,13686.5,0.1113,41399.4
1753617284365,11:54:44.365,bybit,AEVO/USDT:USDT,0.1111,3977.1,0.111,59276.9,0.1112,12787.2,0.1113,41399.4
1753617284464,11:54:44.464,bybit,AEVO/USDT:USDT,0.1111,3977.1,0.111,59276.9,0.1112,12787.2,0.1113,41399.4
1753617284864,11:54:44.864,bybit,AEVO/USDT:USDT,0.1111,3977.1,0.111,59276.9,0.1112,12787.2,0.1113,41399.4
1753617284964,11:54:44.964,bybit,AEVO/USDT:USDT,0.1111,3977.1,0.111,59276.9,0.1112,12787.2,0.1113,41399.4
1753617285165,11:54:45.165,bybit,AEVO/USDT:USDT,0.1111,3977.1,0.111,59276.9,0.1112,12787.2,0.1113,39154.2
1753617285265,11:54:45.265,bybit,AEVO/USDT:USDT,0.1111,3977.1,0.111,59276.9,0.1112,12787.2,0.1113,41399.4
1753617285464,11:54:45.464,bybit,AEVO/USDT:USDT,0.1111,3977.1,0.111,59276.9,0.1112,12787.2,0.1113,41399.4
1753617285564,11:54:45.564,bybit,AEVO/USDT:USDT,0.1111,3977.1,0.111,59276.9,0.1112,12787.2,0.1113,41399.4
1753617285865,11:54:45.865,bybit,AEVO/USDT:USDT,0.1111,3977.1,0.111,59276.9,0.1112,12787.2,0.1113,39154.2
1753617285965,11:54:45.965,bybit,AEVO/USDT:USDT,0.1111,3977.1,0.111,59276.9,0.1112,12787.2,0.1113,41399.4
1753617286064,11:54:46.064,bybit,AEVO/USDT:USDT,0.1111,3977.1,0.111,59276.9,0.1112,12787.2,0.1113,41399.4
1753617286465,11:54:46.465,bybit,AEVO/USDT:USDT,0.1111,3977.1,0.111,60176.6,0.1112,12787.2,0.1113,41399.4
1753617286564,11:54:46.564,bybit,AEVO/USDT:USDT,0.1111,3977.1,0.111,59276.9,0.1112,12787.2,0.1113,41399.4
1753617286665,11:54:46.665,bybit,AEVO/USDT:USDT,0.1111,3977.1,0.111,59276.9,0.1112,12787.2,0.1113,41399.4
1753617286865,11:54:46.865,bybit,AEVO/USDT:USDT,0.1111,3977.1,0.111,59276.9,0.1112,12787.2,0.1113,41399.4
1753617287064,11:54:47.064,bybit,AEVO/USDT:USDT,0.1111,3977.1,0.111,59276.9,0.1112,12787.2,0.1113,41399.4
1753617287164,11:54:47.164,bybit,AEVO/USDT:USDT,0.1111,3977.1,0.111,59276.9,0.1112,12787.2,0.1113,39154.2
1753617287465,11:54:47.465,bybit,AEVO/USDT:USDT,0.1111,3977.1,0.111,59276.9,0.1112,12787.2,0.1113,39154.2
1753617287665,11:54:47.665,bybit,AEVO/USDT:USDT,0.1111,3977.1,0.111,59276.9,0.1112,12787.2,0.1113,39154.2
1753617287764,11:54:47.764,bybit,AEVO/USDT:USDT,0.1111,3977.1,0.111,59276.9,0.1112,12787.2,0.1113,39154.2
1753617287965,11:54:47.965,bybit,AEVO/USDT:USDT,0.1111,3977.1,0.111,59276.9,0.1112,12787.2,0.1113,41399.4
1753617288064,11:54:48.064,bybit,AEVO/USDT:USDT,0.1111,3977.1,0.111,59276.9,0.1112,12787.2,0.1113,41399.4
1753617288168,11:54:48.168,bybit,AEVO/USDT:USDT,0.1111,3977.1,0.111,59276.9,0.1112,12787.2,0.1113,41399.4
1753617288264,11:54:48.264,bybit,AEVO/USDT:USDT,0.1111,3977.1,0.111,59276.9,0.1112,12787.2,0.1113,39154.2
1753617288365,11:54:48.365,bybit,AEVO/USDT:USDT,0.1111,3977.1,0.111,59276.9,0.1112,12787.2,0.1113,41399.4
1753617288764,11:54:48.764,bybit,AEVO/USDT:USDT,0.1111,3977.1,0.111,59276.9,0.1112,12787.2,0.1113,41399.4
1753617288865,11:54:48.865,bybit,AEVO/USDT:USDT,0.1111,3977.1,0.111,59276.9,0.1112,13686.5,0.1113,41399.4
1753617289364,11:54:49.364,bybit,AEVO/USDT:USDT,0.1111,3977.1,0.111,59276.9,0.1112,13686.5,0.1113,41399.4
1753617289464,11:54:49.464,bybit,AEVO/USDT:USDT,0.1111,3977.1,0.111,59276.9,0.1112,13686.5,0.1113,41399.4
1753617289665,11:54:49.665,bybit,AEVO/USDT:USDT,0.1111,3977.1,0.111,59276.9,0.1112,13686.5,0.1113,39154.2
1753617289865,11:54:49.865,bybit,AEVO/USDT:USDT,0.1111,3977.1,0.111,59276.9,0.1112,13686.5,0.1113,39154.2
1753617289965,11:54:49.965,bybit,AEVO/USDT:USDT,0.1111,3977.1,0.111,59276.9,0.1112,13686.5,0.1113,39154.2
1753617290065,11:54:50.065,bybit,AEVO/USDT:USDT,0.1111,3977.1,0.111,59276.9,0.1112,13686.5,0.1113,41399.4
1753617290364,11:54:50.364,bybit,AEVO/USDT:USDT,0.1111,3977.1,0.111,59276.9,0.1112,13686.5,0.1113,39154.2
1753617290465,11:54:50.465,bybit,AEVO/USDT:USDT,0.1111,3977.1,0.111,59276.9,0.1112,13686.5,0.1113,39154.2
1753617290764,11:54:50.764,bybit,AEVO/USDT:USDT,0.1111,3977.1,0.111,59276.9,0.1112,13686.5,0.1113,41399.4
1753617290965,11:54:50.965,bybit,AEVO/USDT:USDT,0.1111,3977.1,0.111,59276.9,0.1112,13686.5,0.1113,41399.4
1753617291064,11:54:51.064,bybit,AEVO/USDT:USDT,0.1111,3977.1,0.111,60176.6,0.1112,13686.5,0.1113,41399.4
1753617291364,11:54:51.364,bybit,AEVO/USDT:USDT,0.1111,3977.1,0.111,59276.9,0.1112,12787.2,0.1113,41399.4
1753617291464,11:54:51.464,bybit,AEVO/USDT:USDT,0.1111,3977.1,0.111,59276.9,0.1112,12787.2,0.1113,41399.4
1753617291865,11:54:51.865,bybit,AEVO/USDT:USDT,0.1111,3977.1,0.111,59276.9,0.1112,12787.2,0.1113,41399.4
1753617292065,11:54:52.065,bybit,AEVO/USDT:USDT,0.1111,3977.1,0.111,59276.9,0.1112,12787.2,0.1113,41399.4
1753617292164,11:54:52.164,bybit,AEVO/USDT:USDT,0.1111,3977.1,0.111,59276.9,0.1112,12787.2,0.1113,41399.4
1753617292364,11:54:52.364,bybit,AEVO/USDT:USDT,0.1111,3977.1,0.111,59276.9,0.1112,13711.2,0.1113,41399.4
1753617292464,11:54:52.464,bybit,AEVO/USDT:USDT,0.1111,3977.1,0.111,59276.9,0.1112,13711.2,0.1113,41399.4
1753617292665,11:54:52.665,bybit,AEVO/USDT:USDT,0.1111,3977.1,0.111,59276.9,0.1112,13711.2,0.1113,41399.4
1753617292764,11:54:52.764,bybit,AEVO/USDT:USDT,0.1111,3977.1,0.111,59276.9,0.1112,13711.2,0.1113,41399.4
1753617293165,11:54:53.165,bybit,AEVO/USDT:USDT,0.1111,3977.1,0.111,59276.9,0.1112,13711.2,0.1113,39154.2
1753617293265,11:54:53.265,bybit,AEVO/USDT:USDT,0.1111,3977.1,0.111,59276.9,0.1112,13711.2,0.1113,39154.2
1753617293364,11:54:53.364,bybit,AEVO/USDT:USDT,0.1111,14993.0,0.111,59276.9,0.1113,23837.3,0.1114,45268.1
1753617293465,11:54:53.465,bybit,AEVO/USDT:USDT,0.1112,29914.2,0.1111,51991.0,0.1113,2751.8,0.1114,28813.3
1753617293565,11:54:53.565,bybit,AEVO/USDT:USDT,0.1112,29914.2,0.1111,51991.0,0.1113,4705.4,0.1114,28813.3
1753617293665,11:54:53.665,bybit,AEVO/USDT:USDT,0.1112,7231.3,0.1111,52159.7,0.1113,10105.8,0.1114,28813.3
1753617293764,11:54:53.764,bybit,AEVO/USDT:USDT,0.1111,44516.2,0.111,82894.0,0.1113,10105.8,0.1114,30315.9
1753617293865,11:54:53.865,bybit,AEVO/USDT:USDT,0.1112,1847.2,0.1111,52724.0,0.1113,10105.8,0.1114,30315.9
1753617293965,11:54:53.965,bybit,AEVO/USDT:USDT,0.1112,1847.2,0.1111,52724.0,0.1113,10105.8,0.1114,30315.9
1753617294064,11:54:54.064,bybit,AEVO/USDT:USDT,0.1112,1847.2,0.1111,52724.0,0.1113,10105.8,0.1114,30315.9
1753617294265,11:54:54.265,bybit,AEVO/USDT:USDT,0.1112,1847.2,0.1111,52724.0,0.1113,10105.8,0.1114,30315.9
1753617294364,11:54:54.364,bybit,AEVO/USDT:USDT,0.1112,1847.2,0.1111,52724.0,0.1113,10105.8,0.1114,30315.9
1753617294464,11:54:54.464,bybit,AEVO/USDT:USDT,0.1112,1847.2,0.1111,52724.0,0.1113,10105.8,0.1114,30315.9
1753617294564,11:54:54.564,bybit,AEVO/USDT:USDT,0.1112,1847.2,0.1111,52724.0,0.1113,10105.8,0.1114,30315.9
1753617294665,11:54:54.665,bybit,AEVO/USDT:USDT,0.1112,1847.2,0.1111,52724.0,0.1113,10105.8,0.1114,30315.9
1753617294965,11:54:54.965,bybit,AEVO/USDT:USDT,0.1112,1847.2,0.1111,52724.0,0.1113,10105.8,0.1114,30315.9
1753617295065,11:54:55.065,bybit,AEVO/USDT:USDT,0.1112,1847.2,0.1111,52724.0,0.1113,10105.8,0.1114,30590.1
1753617295165,11:54:55.165,bybit,AEVO/USDT:USDT,0.1112,1847.2,0.1111,52724.0,0.1113,10105.8,0.1114,30590.1
1753617295264,11:54:55.264,bybit,AEVO/USDT:USDT,0.1112,4094.6,0.1111,52724.0,0.1113,10105.8,0.1114,30590.1
1753617295365,11:54:55.365,bybit,AEVO/USDT:USDT,0.1112,4094.6,0.1111,55753.9,0.1113,10117.4,0.1114,30590.1
1753617295565,11:54:55.565,bybit,AEVO/USDT:USDT,0.1112,4094.6,0.1111,55753.9,0.1113,10117.4,0.1114,30590.1
1753617295764,11:54:55.764,bybit,AEVO/USDT:USDT,0.1112,4094.6,0.1111,55753.9,0.1113,10117.4,0.1114,30590.1
1753617295965,11:54:55.965,bybit,AEVO/USDT:USDT,0.1112,4094.6,0.1111,55753.9,0.1113,10117.4,0.1114,30590.1
1753617296364,11:54:56.364,bybit,AEVO/USDT:USDT,0.1112,4094.6,0.1111,55753.9,0.1113,10117.4,0.1114,30590.1
1753617297064,11:54:57.064,bybit,AEVO/USDT:USDT,0.1112,4094.6,0.1111,52724.0,0.1113,10117.4,0.1114,30545.2
1753617297264,11:54:57.264,bybit,AEVO/USDT:USDT,0.1112,4094.6,0.1111,52724.0,0.1113,10117.4,0.1114,30545.2
1753617297365,11:54:57.365,bybit,AEVO/USDT:USDT,0.1112,4094.6,0.1111,52724.0,0.1113,10117.4,0.1114,30545.2
1753617297464,11:54:57.464,bybit,AEVO/USDT:USDT,0.1112,4094.6,0.1111,52724.0,0.1113,10118.6,0.1114,30545.2
1753617297565,11:54:57.565,bybit,AEVO/USDT:USDT,0.1112,4094.6,0.1111,52724.0,0.1113,9788.9,0.1114,29964.0
1753617297665,11:54:57.665,bybit,AEVO/USDT:USDT,0.1112,14013.2,0.1111,52724.0,0.1113,10035.3,0.1114,29964.0
1753617297864,11:54:57.864,bybit,AEVO/USDT:USDT,0.1112,14013.2,0.1111,52724.0,0.1113,9855.3,0.1114,29964.0
1753617297964,11:54:57.964,bybit,AEVO/USDT:USDT,0.1112,14013.2,0.1111,52724.0,0.1113,10035.3,0.1114,29964.0
1753617298166,11:54:58.166,bybit,AEVO/USDT:USDT,0.1112,14013.2,0.1111,53622.9,0.1113,10035.3,0.1114,29964.0
1753617298364,11:54:58.364,bybit,AEVO/USDT:USDT,0.1112,14013.2,0.1111,53622.9,0.1113,10035.3,0.1114,29964.0
1753617298464,11:54:58.464,bybit,AEVO/USDT:USDT,0.1112,14013.2,0.1111,52724.0,0.1113,10077.7,0.1114,29964.0
1753617298764,11:54:58.764,bybit,AEVO/USDT:USDT,0.1112,14013.2,0.1111,52724.0,0.1113,10077.7,0.1114,29964.0
1753617298865,11:54:58.865,bybit,AEVO/USDT:USDT,0.1112,14013.2,0.1111,52724.0,0.1113,10077.7,0.1114,29964.0
1753617298965,11:54:58.965,bybit,AEVO/USDT:USDT,0.1112,14013.2,0.1111,52724.0,0.1113,10077.7,0.1114,29964.0
1753617299064,11:54:59.064,bybit,AEVO/USDT:USDT,0.1112,14013.2,0.1111,52724.0,0.1113,10077.7,0.1114,29964.0
1753617299264,11:54:59.264,bybit,AEVO/USDT:USDT,0.1112,14013.2,0.1111,52724.0,0.1113,10077.7,0.1114,29964.0
1753617299565,11:54:59.565,bybit,AEVO/USDT:USDT,0.1112,14013.2,0.1111,55753.8,0.1113,10077.7,0.1114,29964.0
1753617300065,11:55:00.065,bybit,AEVO/USDT:USDT,0.1112,14013.2,0.1111,55753.8,0.1113,10077.7,0.1114,29826.9
1753617300166,11:55:00.166,bybit,AEVO/USDT:USDT,0.1112,14013.2,0.1111,55753.8,0.1113,10077.7,0.1114,29826.9
1753617300364,11:55:00.364,bybit,AEVO/USDT:USDT,0.1112,14013.2,0.1111,56652.7,0.1113,10077.7,0.1114,29826.9
1753617300465,11:55:00.465,bybit,AEVO/USDT:USDT,0.1112,14013.2,0.1111,56652.7,0.1113,10077.7,0.1114,29826.9
1753617300564,11:55:00.564,bybit,AEVO/USDT:USDT,0.1112,14013.2,0.1111,56652.7,0.1113,10077.7,0.1114,29826.9
1753617300666,11:55:00.666,bybit,AEVO/USDT:USDT,0.1112,14013.2,0.1111,56652.7,0.1113,10077.7,0.1114,29826.9
1753617300864,11:55:00.864,bybit,AEVO/USDT:USDT,0.1112,14013.2,0.1111,56652.7,0.1113,10077.7,0.1114,29826.9
1753617300965,11:55:00.965,bybit,AEVO/USDT:USDT,0.1112,14013.2,0.1111,56652.7,0.1113,10077.7,0.1114,29826.9
1753617301165,11:55:01.165,bybit,AEVO/USDT:USDT,0.1112,14013.2,0.1111,56652.7,0.1113,10077.7,0.1114,29826.9
1753617301565,11:55:01.565,bybit,AEVO/USDT:USDT,0.1112,11078.3,0.1111,56652.7,0.1113,10077.7,0.1114,29826.9
1753617301664,11:55:01.664,bybit,AEVO/USDT:USDT,0.1112,11078.3,0.1111,56652.7,0.1113,10077.7,0.1114,30367.8
1753617302064,11:55:02.064,bybit,AEVO/USDT:USDT,0.1112,11078.3,0.1111,56652.7,0.1113,10077.7,0.1114,30367.8
1753617302166,11:55:02.166,bybit,AEVO/USDT:USDT,0.1112,11078.3,0.1111,56652.7,0.1113,10077.7,0.1114,30367.8
1753617302564,11:55:02.564,bybit,AEVO/USDT:USDT,0.1112,11078.3,0.1111,56652.7,0.1113,10077.7,0.1114,30367.8
1753617302665,11:55:02.665,bybit,AEVO/USDT:USDT,0.1112,11151.2,0.1111,56652.7,0.1113,10077.7,0.1114,30367.8
1753617302865,11:55:02.865,bybit,AEVO/USDT:USDT,0.1112,11151.2,0.1111,56652.7,0.1113,10114.7,0.1114,30367.8
1753617303165,11:55:03.165,bybit,AEVO/USDT:USDT,0.1112,11151.2,0.1111,56652.7,0.1113,10114.7,0.1114,30367.8
1753617303264,11:55:03.264,bybit,AEVO/USDT:USDT,0.1112,11151.2,0.1111,56652.7,0.1113,10114.7,0.1114,30367.8
1753617303364,11:55:03.364,bybit,AEVO/USDT:USDT,0.1112,11151.2,0.1111,56652.7,0.1113,10114.7,0.1114,30367.8
1753617303465,11:55:03.465,bybit,AEVO/USDT:USDT,0.1111,46759.3,0.111,82920.7,0.1112,2762.9,0.1113,30261.4
1753617303564,11:55:03.564,bybit,AEVO/USDT:USDT,0.1111,31170.8,0.111,83807.6,0.1112,899.3,0.1113,39695.0
1753617303665,11:55:03.665,bybit,AEVO/USDT:USDT,0.1111,17359.0,0.111,63443.2,0.1112,3619.8,0.1113,41484.7
1753617303764,11:55:03.764,bybit,AEVO/USDT:USDT,0.1111,14056.7,0.111,68680.5,0.1112,3619.8,0.1113,41484.7
1753617303864,11:55:03.864,bybit,AEVO/USDT:USDT,0.1111,14056.7,0.111,68680.5,0.1112,3619.8,0.1113,41484.7
1753617303964,11:55:03.964,bybit,AEVO/USDT:USDT,0.1111,14056.7,0.111,68680.5,0.1112,3619.8,0.1113,41484.7
1753617304168,11:55:04.168,bybit,AEVO/USDT:USDT,0.1111,14056.7,0.111,68680.5,0.1112,3619.8,0.1113,41484.7
1753617304265,11:55:04.265,bybit,AEVO/USDT:USDT,0.1111,14056.7,0.111,68680.5,0.1112,3619.8,0.1113,41484.7
1753617304564,11:55:04.564,bybit,AEVO/USDT:USDT,0.1111,15856.0,0.111,71713.0,0.1112,3619.8,0.1113,41484.7
1753617304664,11:55:04.664,bybit,AEVO/USDT:USDT,0.1111,14056.7,0.111,71713.0,0.1112,3619.8,0.1113,41484.7
1753617304765,11:55:04.765,bybit,AEVO/USDT:USDT,0.1111,14056.7,0.111,71713.0,0.1112,3619.8,0.1113,41484.7
1753617304865,11:55:04.865,bybit,AEVO/USDT:USDT,0.1111,14056.7,0.111,71713.0,0.1112,3619.8,0.1113,41484.7
1753617304965,11:55:04.965,bybit,AEVO/USDT:USDT,0.1111,14056.7,0.111,71713.0,0.1112,10757.2,0.1113,41619.7
1753617305265,11:55:05.265,bybit,AEVO/USDT:USDT,0.1111,14056.7,0.111,71713.0,0.1112,10757.2,0.1113,41619.7
1753617305365,11:55:05.365,bybit,AEVO/USDT:USDT,0.1111,15856.0,0.111,71713.0,0.1112,10757.2,0.1113,41619.7
1753617305864,11:55:05.864,bybit,AEVO/USDT:USDT,0.1111,15856.0,0.111,71713.0,0.1112,10757.2,0.1113,41619.7
1753617305965,11:55:05.965,bybit,AEVO/USDT:USDT,0.1111,17655.3,0.111,71713.0,0.1112,10757.2,0.1113,41619.7
1753617306065,11:55:06.065,bybit,AEVO/USDT:USDT,0.1111,17655.3,0.111,70826.1,0.1112,10757.2,0.1113,42506.6
1753617306265,11:55:06.265,bybit,AEVO/USDT:USDT,0.1111,17655.3,0.111,70826.1,0.1112,10757.2,0.1113,42506.6
1753617306464,11:55:06.464,bybit,AEVO/USDT:USDT,0.1111,17655.3,0.111,70826.1,0.1112,10757.2,0.1113,42506.6
1753617306564,11:55:06.564,bybit,AEVO/USDT:USDT,0.1111,17655.3,0.111,70826.1,0.1112,10757.2,0.1113,42506.6
1753617306665,11:55:06.665,bybit,AEVO/USDT:USDT,0.1111,17655.3,0.111,70826.1,0.1112,10757.2,0.1113,42506.6
1753617306864,11:55:06.864,bybit,AEVO/USDT:USDT,0.1111,15856.0,0.111,70826.1,0.1112,10577.2,0.1113,42506.6
1753617306964,11:55:06.964,bybit,AEVO/USDT:USDT,0.1111,15856.0,0.111,70826.1,0.1112,10577.2,0.1113,42506.6
1753617307065,11:55:07.065,bybit,AEVO/USDT:USDT,0.1111,15856.0,0.111,70826.1,0.1112,10577.2,0.1113,42506.6
1753617307965,11:55:07.965,bybit,AEVO/USDT:USDT,0.1111,19445.0,0.111,70826.1,0.1112,10577.2,0.1113,42506.6
1753617308065,11:55:08.065,bybit,AEVO/USDT:USDT,0.1111,19445.0,0.111,70826.1,0.1112,10577.2,0.1113,42506.6
1753617308664,11:55:08.664,bybit,AEVO/USDT:USDT,0.1111,19445.0,0.111,70826.1,0.1112,10577.2,0.1113,42506.6
1753617308765,11:55:08.765,bybit,AEVO/USDT:USDT,0.1111,19445.0,0.111,70826.1,0.1112,9677.9,0.1113,42506.6
1753617308965,11:55:08.965,bybit,AEVO/USDT:USDT,0.1111,19445.0,0.111,70826.1,0.1112,9677.9,0.1113,42506.6
1753617309065,11:55:09.065,bybit,AEVO/USDT:USDT,0.1111,19445.0,0.111,70826.1,0.1112,9677.9,0.1113,42506.6
1753617309165,11:55:09.165,bybit,AEVO/USDT:USDT,0.1111,19445.0,0.111,70826.1,0.1112,9677.9,0.1113,42506.6
1753617309364,11:55:09.364,bybit,AEVO/USDT:USDT,0.1111,19445.0,0.111,70826.1,0.1112,9677.9,0.1113,42506.6
1753617309564,11:55:09.564,bybit,AEVO/USDT:USDT,0.1111,19445.0,0.111,70826.1,0.1112,9677.9,0.1113,42506.6
1753617309665,11:55:09.665,bybit,AEVO/USDT:USDT,0.1111,19445.0,0.111,70826.1,0.1112,9677.9,0.1113,42506.6
1753617309765,11:55:09.765,bybit,AEVO/USDT:USDT,0.1111,17645.7,0.111,70826.1,0.1112,9677.9,0.1113,42506.6
1753617310365,11:55:10.365,bybit,AEVO/USDT:USDT,0.1111,17645.7,0.111,70826.1,0.1112,9677.9,0.1113,42506.6
1753617310465,11:55:10.465,bybit,AEVO/USDT:USDT,0.1111,17645.7,0.111,70826.1,0.1112,9677.9,0.1113,42506.6
1753617310564,11:55:10.564,bybit,AEVO/USDT:USDT,0.1111,15846.4,0.111,71830.8,0.1112,2540.5,0.1113,42506.6
1753617310665,11:55:10.665,bybit,AEVO/USDT:USDT,0.1111,15846.4,0.111,71830.8,0.1112,2540.5,0.1113,42506.6
1753617310764,11:55:10.764,bybit,AEVO/USDT:USDT,0.1112,4111.0,0.1111,51361.3,0.1113,11676.9,0.1114,58213.6
1753617310864,11:55:10.864,bybit,AEVO/USDT:USDT,0.1112,4111.0,0.1111,51496.3,0.1113,11676.9,0.1114,58213.6
1753617311064,11:55:11.064,bybit,AEVO/USDT:USDT,0.1112,4111.0,0.1111,51496.3,0.1113,11676.9,0.1114,58258.5
1753617311164,11:55:11.164,bybit,AEVO/USDT:USDT,0.1112,4111.0,0.1111,51496.3,0.1113,11676.9,0.1114,58258.5
1753617311265,11:55:11.265,bybit,AEVO/USDT:USDT,0.1112,4111.0,0.1111,51496.3,0.1113,11676.9,0.1114,58258.5
1753617311364,11:55:11.364,bybit,AEVO/USDT:USDT,0.1112,4111.0,0.1111,51496.3,0.1113,11676.9,0.1114,58258.5
1753617311564,11:55:11.564,bybit,AEVO/USDT:USDT,0.1112,4111.0,0.1111,51496.3,0.1113,11676.9,0.1114,58258.5
1753617311764,11:55:11.764,bybit,AEVO/USDT:USDT,0.1112,4111.0,0.1111,45705.0,0.1113,11856.9,0.1114,58258.5
1753617311965,11:55:11.965,bybit,AEVO/USDT:USDT,0.1112,4111.0,0.1111,45705.0,0.1113,11856.9,0.1114,58258.5
1753617312664,11:55:12.664,bybit,AEVO/USDT:USDT,0.1112,4111.0,0.1111,45705.0,0.1113,11856.9,0.1114,58258.5
1753617312965,11:55:12.965,bybit,AEVO/USDT:USDT,0.1112,2247.4,0.1111,43905.7,0.1113,11856.9,0.1114,58258.5
1753617313064,11:55:13.064,bybit,AEVO/USDT:USDT,0.1112,2247.4,0.1111,43905.7,0.1113,11856.9,0.1114,58258.5
1753617313165,11:55:13.165,bybit,AEVO/USDT:USDT,0.1111,8424.9,0.111,48965.3,0.1112,10553.6,0.1113,56551.5
1753617313265,11:55:13.265,bybit,AEVO/USDT:USDT,0.1111,8424.9,0.111,54202.2,0.1112,10553.6,0.1113,56551.5
1753617313465,11:55:13.465,bybit,AEVO/USDT:USDT,0.1111,8424.9,0.111,54202.2,0.1112,10553.6,0.1113,56551.5
1753617313564,11:55:13.564,bybit,AEVO/USDT:USDT,0.1111,8424.9,0.111,57258.5,0.1112,10553.6,0.1113,56551.5
