timestamp,time,exchange,symbol,bid1_price,bid1_volume,bid2_price,bid2_volume,ask1_price,ask1_volume,ask2_price,ask2_volume
1753617155265,11:52:35.265,bitget,ACE/USDT:USDT,0.5959,86.41,0.5958,86.41,0.596,108.4,0.5961,336.47
1753617155415,11:52:35.415,bitget,ACE/USDT:USDT,0.5959,86.41,0.5958,240.22,0.596,108.4,0.5961,336.47
1753617155566,11:52:35.566,bitget,ACE/USDT:USDT,0.5959,86.41,0.5958,240.22,0.596,108.4,0.5961,336.47
1753617155866,11:52:35.866,bitget,ACE/USDT:USDT,0.5959,86.41,0.5958,240.22,0.596,108.4,0.5961,336.47
1753617156016,11:52:36.016,bitget,ACE/USDT:USDT,0.5959,86.41,0.5958,240.22,0.596,108.4,0.5961,336.47
1753617156466,11:52:36.466,bitget,ACE/USDT:USDT,0.5959,86.41,0.5958,240.22,0.596,108.4,0.5961,336.47
1753617156616,11:52:36.616,bitget,ACE/USDT:USDT,0.5959,86.41,0.5958,240.22,0.596,108.4,0.5961,336.47
1753617156766,11:52:36.766,bitget,ACE/USDT:USDT,0.5959,86.41,0.5958,240.22,0.596,108.4,0.5961,336.47
1753617156916,11:52:36.916,bitget,ACE/USDT:USDT,0.5959,86.41,0.5958,240.22,0.596,108.4,0.5961,336.47
1753617157066,11:52:37.066,bitget,ACE/USDT:USDT,0.5959,86.41,0.5958,240.22,0.596,108.4,0.5961,336.47
1753617157217,11:52:37.217,bitget,ACE/USDT:USDT,0.5959,86.41,0.5958,240.22,0.596,108.4,0.5961,336.47
1753617157367,11:52:37.367,bitget,ACE/USDT:USDT,0.5959,86.41,0.5958,240.22,0.596,108.4,0.5961,336.47
1753617157817,11:52:37.817,bitget,ACE/USDT:USDT,0.5959,86.41,0.5958,240.22,0.596,108.4,0.5961,336.47
1753617157967,11:52:37.967,bitget,ACE/USDT:USDT,0.5959,86.41,0.5958,240.22,0.596,108.4,0.5961,105.17
1753617158117,11:52:38.117,bitget,ACE/USDT:USDT,0.5959,86.41,0.5958,240.22,0.596,62.01,0.5961,105.17
1753617158267,11:52:38.267,bitget,ACE/USDT:USDT,0.5959,86.41,0.5958,240.22,0.596,62.01,0.5961,105.17
1753617158417,11:52:38.417,bitget,ACE/USDT:USDT,0.5959,86.41,0.5958,240.22,0.596,62.01,0.5961,105.17
1753617158567,11:52:38.567,bitget,ACE/USDT:USDT,0.5959,86.41,0.5958,240.22,0.596,62.01,0.5961,105.17
1753617158718,11:52:38.718,bitget,ACE/USDT:USDT,0.5959,86.41,0.5958,240.22,0.596,62.01,0.5961,105.17
1753617158868,11:52:38.868,bitget,ACE/USDT:USDT,0.5959,86.41,0.5958,240.22,0.596,62.01,0.5961,105.17
1753617159018,11:52:39.018,bitget,ACE/USDT:USDT,0.5959,86.41,0.5958,240.22,0.596,62.01,0.5961,105.17
1753617159168,11:52:39.168,bitget,ACE/USDT:USDT,0.5959,86.41,0.5958,240.22,0.596,62.01,0.5961,105.17
1753617159918,11:52:39.918,bitget,ACE/USDT:USDT,0.5959,86.41,0.5958,240.22,0.596,62.01,0.5961,105.17
1753617160068,11:52:40.068,bitget,ACE/USDT:USDT,0.5959,86.41,0.5958,240.22,0.596,62.01,0.5961,105.17
1753617160218,11:52:40.218,bitget,ACE/USDT:USDT,0.5959,86.41,0.5958,240.22,0.596,62.01,0.5961,105.17
1753617160519,11:52:40.519,bitget,ACE/USDT:USDT,0.5959,86.41,0.5958,240.22,0.596,62.01,0.5961,105.17
1753617160669,11:52:40.669,bitget,ACE/USDT:USDT,0.5959,86.41,0.5958,240.22,0.596,62.01,0.5961,105.17
1753617161119,11:52:41.119,bitget,ACE/USDT:USDT,0.5959,86.41,0.5958,240.22,0.596,62.01,0.5961,105.17
1753617161269,11:52:41.269,bitget,ACE/USDT:USDT,0.5959,86.41,0.5958,240.22,0.596,62.01,0.5961,105.17
1753617161869,11:52:41.869,bitget,ACE/USDT:USDT,0.5959,86.41,0.5958,240.22,0.596,62.01,0.5961,105.17
1753617162020,11:52:42.020,bitget,ACE/USDT:USDT,0.5959,86.41,0.5958,240.22,0.596,62.01,0.5961,105.17
1753617162620,11:52:42.620,bitget,ACE/USDT:USDT,0.596,86.41,0.5959,86.41,0.5961,105.17,0.5962,352.65
1753617162770,11:52:42.770,bitget,ACE/USDT:USDT,0.596,86.41,0.5959,241.12,0.5961,105.17,0.5962,352.65
1753617162920,11:52:42.920,bitget,ACE/USDT:USDT,0.596,86.41,0.5959,241.12,0.5961,105.17,0.5962,108.18
1753617163070,11:52:43.070,bitget,ACE/USDT:USDT,0.596,86.41,0.5959,241.12,0.5961,16.78,0.5962,108.18
1753617163220,11:52:43.220,bitget,ACE/USDT:USDT,0.596,86.41,0.5959,241.12,0.5961,16.78,0.5962,108.18
1753617163520,11:52:43.520,bitget,ACE/USDT:USDT,0.596,86.41,0.5959,241.12,0.5961,16.78,0.5962,108.18
1753617163671,11:52:43.671,bitget,ACE/USDT:USDT,0.596,86.41,0.5959,241.12,0.5961,16.78,0.5962,108.18
1753617163821,11:52:43.821,bitget,ACE/USDT:USDT,0.596,86.41,0.5959,241.12,0.5961,16.78,0.5962,108.18
1753617163971,11:52:43.971,bitget,ACE/USDT:USDT,0.596,86.41,0.5959,241.12,0.5961,16.78,0.5962,108.18
1753617164121,11:52:44.121,bitget,ACE/USDT:USDT,0.596,86.41,0.5959,241.12,0.5961,16.78,0.5962,108.18
1753617164271,11:52:44.271,bitget,ACE/USDT:USDT,0.596,86.41,0.5959,348.57,0.5961,16.78,0.5962,108.18
1753617164421,11:52:44.421,bitget,ACE/USDT:USDT,0.596,86.41,0.5959,348.57,0.5961,16.78,0.5963,2466.59
1753617164571,11:52:44.571,bitget,ACE/USDT:USDT,0.596,193.86,0.5959,348.57,0.5961,16.78,0.5962,94.97
1753617164721,11:52:44.721,bitget,ACE/USDT:USDT,0.596,193.86,0.5959,348.57,0.5961,16.78,0.5962,94.97
1753617165021,11:52:45.021,bitget,ACE/USDT:USDT,0.596,193.86,0.5959,348.57,0.5961,16.78,0.5962,94.97
1753617165472,11:52:45.472,bitget,ACE/USDT:USDT,0.596,86.41,0.5959,348.57,0.5961,16.78,0.5962,107.45
1753617165622,11:52:45.622,bitget,ACE/USDT:USDT,0.596,86.41,0.5959,348.57,0.5961,16.78,0.5962,107.45
1753617165772,11:52:45.772,bitget,ACE/USDT:USDT,0.596,86.41,0.5959,348.57,0.5961,16.78,0.5962,107.45
1753617165922,11:52:45.922,bitget,ACE/USDT:USDT,0.596,86.41,0.5959,348.57,0.5961,16.78,0.5962,107.45
1753617166072,11:52:46.072,bitget,ACE/USDT:USDT,0.596,86.41,0.5959,348.57,0.5961,16.78,0.5962,107.45
1753617166222,11:52:46.222,bitget,ACE/USDT:USDT,0.596,86.41,0.5959,348.57,0.5961,16.78,0.5962,107.45
1753617166372,11:52:46.372,bitget,ACE/USDT:USDT,0.596,86.41,0.5959,348.57,0.5961,16.78,0.5962,107.45
1753617166522,11:52:46.522,bitget,ACE/USDT:USDT,0.596,86.41,0.5959,348.57,0.5961,16.78,0.5962,107.45
1753617166672,11:52:46.672,bitget,ACE/USDT:USDT,0.596,86.41,0.5959,348.57,0.5961,16.78,0.5962,107.45
1753617166823,11:52:46.823,bitget,ACE/USDT:USDT,0.596,86.41,0.5959,348.57,0.5961,16.78,0.5962,107.45
1753617166973,11:52:46.973,bitget,ACE/USDT:USDT,0.596,86.41,0.5959,348.57,0.5961,16.78,0.5962,107.45
1753617167123,11:52:47.123,bitget,ACE/USDT:USDT,0.596,86.41,0.5959,348.57,0.5961,16.78,0.5962,107.45
1753617167273,11:52:47.273,bitget,ACE/USDT:USDT,0.596,86.41,0.5959,348.57,0.5961,16.78,0.5962,107.45
1753617167423,11:52:47.423,bitget,ACE/USDT:USDT,0.596,86.41,0.5959,348.57,0.5961,16.78,0.5962,107.45
1753617167573,11:52:47.573,bitget,ACE/USDT:USDT,0.596,86.41,0.5959,348.57,0.5961,16.78,0.5962,107.45
1753617167723,11:52:47.723,bitget,ACE/USDT:USDT,0.596,86.41,0.5959,348.57,0.5961,16.78,0.5962,107.45
1753617167873,11:52:47.873,bitget,ACE/USDT:USDT,0.596,86.41,0.5959,348.57,0.5961,122.33,0.5962,107.45
1753617168023,11:52:48.023,bitget,ACE/USDT:USDT,0.596,86.41,0.5959,348.57,0.5961,16.78,0.5962,107.45
1753617168173,11:52:48.173,bitget,ACE/USDT:USDT,0.596,86.41,0.5959,348.57,0.5961,105.55,0.5962,107.45
1753617168324,11:52:48.324,bitget,ACE/USDT:USDT,0.596,86.41,0.5959,348.57,0.5961,16.78,0.5962,107.45
1753617168474,11:52:48.474,bitget,ACE/USDT:USDT,0.596,86.41,0.5959,348.57,0.5961,16.78,0.5962,107.45
1753617168624,11:52:48.624,bitget,ACE/USDT:USDT,0.596,86.41,0.5959,348.57,0.5961,16.78,0.5962,107.45
1753617168774,11:52:48.774,bitget,ACE/USDT:USDT,0.596,86.41,0.5959,348.57,0.5961,16.78,0.5962,107.45
1753617168924,11:52:48.924,bitget,ACE/USDT:USDT,0.596,86.41,0.5959,348.57,0.5961,16.78,0.5962,107.45
1753617169074,11:52:49.074,bitget,ACE/USDT:USDT,0.596,86.41,0.5959,348.57,0.5961,16.78,0.5962,107.45
1753617169224,11:52:49.224,bitget,ACE/USDT:USDT,0.596,86.41,0.5959,348.57,0.5961,16.78,0.5962,107.45
1753617169374,11:52:49.374,bitget,ACE/USDT:USDT,0.596,86.41,0.5959,348.57,0.5961,16.78,0.5962,107.45
1753617169524,11:52:49.524,bitget,ACE/USDT:USDT,0.596,86.41,0.5959,348.57,0.5961,16.78,0.5962,107.45
1753617169674,11:52:49.674,bitget,ACE/USDT:USDT,0.596,86.41,0.5959,348.57,0.5961,16.78,0.5962,107.45
1753617169824,11:52:49.824,bitget,ACE/USDT:USDT,0.596,86.41,0.5959,348.57,0.5961,16.78,0.5962,107.45
1753617169975,11:52:49.975,bitget,ACE/USDT:USDT,0.596,86.41,0.5959,348.57,0.5961,16.78,0.5962,107.45
1753617170125,11:52:50.125,bitget,ACE/USDT:USDT,0.596,86.41,0.5959,348.57,0.5961,16.78,0.5962,107.45
1753617170275,11:52:50.275,bitget,ACE/USDT:USDT,0.596,86.41,0.5959,348.57,0.5961,16.78,0.5962,107.45
1753617170425,11:52:50.425,bitget,ACE/USDT:USDT,0.596,86.41,0.5959,348.57,0.5962,107.45,0.5963,2244.82
1753617170575,11:52:50.575,bitget,ACE/USDT:USDT,0.596,86.41,0.5959,348.57,0.5962,107.45,0.5963,2244.82
1753617170725,11:52:50.725,bitget,ACE/USDT:USDT,0.596,191.96,0.5959,348.57,0.5962,107.45,0.5963,2256.46
1753617170875,11:52:50.875,bitget,ACE/USDT:USDT,0.596,191.96,0.5959,348.57,0.5962,107.45,0.5963,2256.46
1753617171025,11:52:51.025,bitget,ACE/USDT:USDT,0.596,191.96,0.5959,348.57,0.5962,107.45,0.5963,2256.46
1753617171175,11:52:51.175,bitget,ACE/USDT:USDT,0.596,191.96,0.5959,348.57,0.5962,107.45,0.5963,2256.46
1753617171325,11:52:51.325,bitget,ACE/USDT:USDT,0.596,86.41,0.5959,348.57,0.5961,17.8,0.5962,249.31
1753617171475,11:52:51.475,bitget,ACE/USDT:USDT,0.5961,129.61,0.596,86.41,0.5962,107.45,0.5963,265.58
1753617171626,11:52:51.626,bitget,ACE/USDT:USDT,0.5961,129.61,0.596,242.36,0.5962,37.2,0.5963,265.58
1753617171776,11:52:51.776,bitget,ACE/USDT:USDT,0.5961,235.16,0.596,347.91,0.5962,37.2,0.5963,23.28
1753617171926,11:52:51.926,bitget,ACE/USDT:USDT,0.5961,235.16,0.596,347.91,0.5965,109.18,0.5966,192.2
1753617172076,11:52:52.076,bitget,ACE/USDT:USDT,0.5962,191.96,0.5961,235.16,0.5965,109.18,0.5966,192.2
1753617172226,11:52:52.226,bitget,ACE/USDT:USDT,0.5964,86.41,0.5963,105.55,0.5965,16.77,0.5966,179.14
1753617172376,11:52:52.376,bitget,ACE/USDT:USDT,0.5964,86.41,0.5963,347.91,0.5965,55.44,0.5966,179.14
1753617172526,11:52:52.526,bitget,ACE/USDT:USDT,0.5964,86.41,0.5963,347.91,0.5965,55.44,0.5966,179.14
1753617172676,11:52:52.676,bitget,ACE/USDT:USDT,0.5964,86.41,0.5963,347.91,0.5965,55.44,0.5966,179.14
1753617172826,11:52:52.826,bitget,ACE/USDT:USDT,0.5963,347.91,0.5961,105.55,0.5965,116.11,0.5966,199.28
1753617172976,11:52:52.976,bitget,ACE/USDT:USDT,0.5963,105.55,0.5962,242.32,0.5965,116.11,0.5966,253.72
1753617173126,11:52:53.126,bitget,ACE/USDT:USDT,0.5962,242.32,0.5961,105.55,0.5965,116.11,0.5966,240.11
1753617173277,11:52:53.277,bitget,ACE/USDT:USDT,0.5961,347.87,0.596,105.55,0.5965,136.69,0.5966,212.89
1753617173427,11:52:53.427,bitget,ACE/USDT:USDT,0.5962,105.55,0.5961,105.55,0.5965,136.69,0.5966,212.89
1753617173577,11:52:53.577,bitget,ACE/USDT:USDT,0.5961,347.87,0.596,105.55,0.5965,136.69,0.5966,237.34
1753617173727,11:52:53.727,bitget,ACE/USDT:USDT,0.5961,105.55,0.596,348.03,0.5965,136.69,0.5966,311.69
1753617173877,11:52:53.877,bitget,ACE/USDT:USDT,0.596,348.03,0.5959,107.45,0.5965,136.69,0.5966,311.69
1753617174027,11:52:54.027,bitget,ACE/USDT:USDT,0.5961,105.55,0.596,105.55,0.5965,136.69,0.5966,311.69
1753617174177,11:52:54.177,bitget,ACE/USDT:USDT,0.5962,86.41,0.596,431.89,0.5965,136.69,0.5966,311.69
1753617174327,11:52:54.327,bitget,ACE/USDT:USDT,0.5963,86.41,0.5962,86.41,0.5965,136.69,0.5966,311.69
1753617174477,11:52:54.477,bitget,ACE/USDT:USDT,0.5963,86.41,0.5962,242.48,0.5965,136.69,0.5966,311.87
1753617174627,11:52:54.627,bitget,ACE/USDT:USDT,0.5963,86.41,0.5962,242.48,0.5965,136.69,0.5966,311.87
1753617174777,11:52:54.777,bitget,ACE/USDT:USDT,0.5963,86.41,0.5962,242.48,0.5965,136.69,0.5966,311.87
1753617174928,11:52:54.928,bitget,ACE/USDT:USDT,0.5963,86.41,0.5962,242.48,0.5965,136.69,0.5966,311.87
1753617175078,11:52:55.078,bitget,ACE/USDT:USDT,0.5963,86.41,0.5962,242.48,0.5965,136.69,0.5966,311.87
1753617175228,11:52:55.228,bitget,ACE/USDT:USDT,0.5963,86.41,0.5962,242.48,0.5964,16.78,0.5965,146.76
1753617175378,11:52:55.378,bitget,ACE/USDT:USDT,0.5963,86.41,0.5962,242.48,0.5964,105.55,0.5965,135.72
1753617175528,11:52:55.528,bitget,ACE/USDT:USDT,0.5963,86.41,0.5962,242.48,0.5964,105.55,0.5965,231.84
1753617175678,11:52:55.678,bitget,ACE/USDT:USDT,0.5963,86.41,0.5962,242.48,0.5964,105.55,0.5965,231.84
1753617175828,11:52:55.828,bitget,ACE/USDT:USDT,0.5963,86.41,0.5962,242.48,0.5964,117.96,0.5965,105.55
1753617175978,11:52:55.978,bitget,ACE/USDT:USDT,0.5963,86.41,0.5962,242.48,0.5964,117.96,0.5965,105.55
1753617176128,11:52:56.128,bitget,ACE/USDT:USDT,0.5963,86.41,0.5962,242.48,0.5964,117.96,0.5965,105.55
1753617176278,11:52:56.278,bitget,ACE/USDT:USDT,0.5963,86.41,0.5962,242.48,0.5964,117.96,0.5965,105.55
1753617176428,11:52:56.428,bitget,ACE/USDT:USDT,0.5963,86.41,0.5962,242.48,0.5964,117.96,0.5965,105.55
1753617176579,11:52:56.579,bitget,ACE/USDT:USDT,0.5963,86.41,0.5962,242.48,0.5964,117.96,0.5965,105.55
1753617176729,11:52:56.729,bitget,ACE/USDT:USDT,0.5963,86.41,0.5962,242.48,0.5964,117.96,0.5965,105.55
1753617176879,11:52:56.879,bitget,ACE/USDT:USDT,0.5963,86.41,0.5962,242.48,0.5964,117.96,0.5965,105.55
1753617177029,11:52:57.029,bitget,ACE/USDT:USDT,0.5962,242.48,0.596,105.55,0.5964,117.96,0.5965,105.55
1753617177179,11:52:57.179,bitget,ACE/USDT:USDT,0.5962,86.41,0.5961,243.0,0.5964,105.77,0.5965,179.23
1753617177329,11:52:57.329,bitget,ACE/USDT:USDT,0.5962,86.41,0.5961,243.0,0.5964,117.96,0.5965,240.5
1753617177479,11:52:57.479,bitget,ACE/USDT:USDT,0.5962,86.41,0.5961,243.0,0.5964,117.96,0.5965,240.5
1753617177629,11:52:57.629,bitget,ACE/USDT:USDT,0.5962,86.41,0.5961,243.0,0.5964,117.96,0.5965,265.15
1753617177779,11:52:57.779,bitget,ACE/USDT:USDT,0.5962,86.41,0.5961,243.0,0.5964,117.96,0.5965,265.15
1753617177929,11:52:57.929,bitget,ACE/USDT:USDT,0.5962,86.41,0.5961,243.0,0.5964,117.96,0.5965,265.15
1753617178079,11:52:58.079,bitget,ACE/USDT:USDT,0.5962,86.41,0.5961,243.0,0.5964,117.96,0.5965,265.15
1753617178230,11:52:58.230,bitget,ACE/USDT:USDT,0.5962,86.41,0.5961,243.0,0.5964,163.32,0.5965,265.15
1753617178380,11:52:58.380,bitget,ACE/USDT:USDT,0.5962,86.41,0.5961,243.0,0.5964,163.32,0.5965,265.15
1753617178830,11:52:58.830,bitget,ACE/USDT:USDT,0.5963,86.41,0.5962,243.2,0.5964,163.32,0.5965,253.07
1753617178980,11:52:58.980,bitget,ACE/USDT:USDT,0.5963,86.41,0.5962,243.2,0.5964,163.32,0.5965,253.07
1753617179130,11:52:59.130,bitget,ACE/USDT:USDT,0.5963,86.41,0.5962,243.2,0.5964,163.32,0.5965,253.07
1753617179280,11:52:59.280,bitget,ACE/USDT:USDT,0.5962,243.2,0.5959,107.45,0.5964,232.76,0.5965,273.22
1753617179580,11:52:59.580,bitget,ACE/USDT:USDT,0.5962,86.41,0.5961,243.34,0.5964,232.76,0.5965,273.22
1753617179731,11:52:59.731,bitget,ACE/USDT:USDT,0.5962,86.41,0.5961,243.34,0.5964,163.32,0.5965,253.07
1753617179881,11:52:59.881,bitget,ACE/USDT:USDT,0.5962,86.41,0.5961,243.34,0.5964,163.32,0.5965,253.07
1753617180031,11:53:00.031,bitget,ACE/USDT:USDT,0.5962,86.41,0.5961,243.34,0.5964,163.32,0.5965,253.07
1753617180181,11:53:00.181,bitget,ACE/USDT:USDT,0.5962,86.41,0.5961,243.34,0.5964,163.32,0.5965,253.07
1753617180331,11:53:00.331,bitget,ACE/USDT:USDT,0.5962,86.41,0.5961,243.34,0.5964,232.76,0.5965,273.22
1753617180481,11:53:00.481,bitget,ACE/USDT:USDT,0.5961,243.34,0.5959,107.45,0.5963,147.95,0.5964,279.85
1753617180631,11:53:00.631,bitget,ACE/USDT:USDT,0.596,243.55,0.5959,107.45,0.5963,192.37,0.5964,331.4
1753617180781,11:53:00.781,bitget,ACE/USDT:USDT,0.5959,351.0,0.5955,205.55,0.5963,192.37,0.5964,331.4
1753617180931,11:53:00.931,bitget,ACE/USDT:USDT,0.5959,107.45,0.5958,243.55,0.5963,192.37,0.5964,180.31
1753617181081,11:53:01.081,bitget,ACE/USDT:USDT,0.5959,107.45,0.5958,349.32,0.5963,192.37,0.5964,180.31
1753617181231,11:53:01.231,bitget,ACE/USDT:USDT,0.5959,212.25,0.5958,349.32,0.5963,192.37,0.5964,180.31
1753617181382,11:53:01.382,bitget,ACE/USDT:USDT,0.5959,212.25,0.5958,349.32,0.5963,192.37,0.5964,180.31
1753617181532,11:53:01.532,bitget,ACE/USDT:USDT,0.5959,212.25,0.5958,349.32,0.5963,192.37,0.5964,195.11
1753617181682,11:53:01.682,bitget,ACE/USDT:USDT,0.5959,212.25,0.5958,349.32,0.5963,192.37,0.5964,195.11
1753617181832,11:53:01.832,bitget,ACE/USDT:USDT,0.5959,212.25,0.5958,349.32,0.5963,192.37,0.5964,195.11
1753617181982,11:53:01.982,bitget,ACE/USDT:USDT,0.5959,212.25,0.5958,349.32,0.5963,192.37,0.5964,195.11
1753617182132,11:53:02.132,bitget,ACE/USDT:USDT,0.5959,212.25,0.5958,349.32,0.5963,192.37,0.5964,195.11
1753617182282,11:53:02.282,bitget,ACE/USDT:USDT,0.596,105.77,0.5959,212.25,0.5963,192.37,0.5964,236.37
1753617182432,11:53:02.432,bitget,ACE/USDT:USDT,0.5961,86.41,0.596,105.77,0.5963,192.37,0.5964,236.37
1753617182582,11:53:02.582,bitget,ACE/USDT:USDT,0.5961,86.41,0.596,349.72,0.5963,192.37,0.5964,236.37
1753617182732,11:53:02.732,bitget,ACE/USDT:USDT,0.5961,192.18,0.596,349.72,0.5963,192.37,0.5964,236.37
1753617182883,11:53:02.883,bitget,ACE/USDT:USDT,0.5961,192.18,0.596,349.72,0.5963,192.37,0.5964,236.37
1753617183033,11:53:03.033,bitget,ACE/USDT:USDT,0.5961,192.18,0.596,349.72,0.5963,192.37,0.5964,236.37
1753617183183,11:53:03.183,bitget,ACE/USDT:USDT,0.5961,192.18,0.596,349.72,0.5963,192.37,0.5964,236.37
1753617183333,11:53:03.333,bitget,ACE/USDT:USDT,0.5961,192.18,0.596,349.72,0.5963,192.37,0.5964,213.69
1753617183483,11:53:03.483,bitget,ACE/USDT:USDT,0.5962,86.41,0.5961,192.18,0.5963,192.37,0.5964,213.69
1753617183633,11:53:03.633,bitget,ACE/USDT:USDT,0.5962,192.18,0.5961,349.82,0.5964,206.76,0.5965,105.55
1753617183783,11:53:03.783,bitget,ACE/USDT:USDT,0.5963,192.18,0.5962,192.18,0.5965,65.89,0.5966,233.22
1753617183933,11:53:03.933,bitget,ACE/USDT:USDT,0.5965,21.47,0.5964,192.18,0.5966,220.02,0.5967,2476.76
1753617184083,11:53:04.083,bitget,ACE/USDT:USDT,0.5965,107.88,0.5964,349.82,0.5966,220.02,0.5967,284.46
1753617184233,11:53:04.233,bitget,ACE/USDT:USDT,0.5965,213.65,0.5964,349.82,0.5968,109.74,0.5969,931.5
1753617184383,11:53:04.383,bitget,ACE/USDT:USDT,0.5965,213.65,0.5964,349.82,0.5968,163.32,0.5969,109.12
1753617184534,11:53:04.534,bitget,ACE/USDT:USDT,0.5965,107.88,0.5964,349.82,0.5968,109.74,0.5969,240.5
1753617184684,11:53:04.684,bitget,ACE/USDT:USDT,0.5965,107.88,0.5964,349.82,0.5968,45.36,0.5969,240.5
1753617184834,11:53:04.834,bitget,ACE/USDT:USDT,0.5965,107.88,0.5964,349.82,0.5968,45.36,0.5969,240.5
1753617184984,11:53:04.984,bitget,ACE/USDT:USDT,0.5965,107.88,0.5964,349.82,0.5968,105.77,0.5969,240.5
1753617185134,11:53:05.134,bitget,ACE/USDT:USDT,0.5965,107.88,0.5964,349.82,0.5968,105.77,0.5969,240.5
1753617185284,11:53:05.284,bitget,ACE/USDT:USDT,0.5965,107.88,0.5964,349.82,0.5968,105.77,0.5969,240.5
1753617185434,11:53:05.434,bitget,ACE/USDT:USDT,0.5965,213.65,0.5964,349.82,0.5968,105.77,0.5969,183.02
1753617185584,11:53:05.584,bitget,ACE/USDT:USDT,0.5965,107.88,0.5964,244.05,0.5968,105.77,0.5969,183.02
1753617185734,11:53:05.734,bitget,ACE/USDT:USDT,0.5965,107.88,0.5964,244.05,0.5968,105.77,0.5969,183.02
1753617185884,11:53:05.884,bitget,ACE/USDT:USDT,0.5965,86.41,0.5964,244.05,0.5968,411.73,0.5969,229.15
1753617186034,11:53:06.034,bitget,ACE/USDT:USDT,0.5965,86.41,0.5964,244.05,0.5968,411.73,0.5969,430.49
1753617186185,11:53:06.185,bitget,ACE/USDT:USDT,0.5965,86.41,0.5964,244.05,0.5968,411.73,0.5969,430.49
1753617186335,11:53:06.335,bitget,ACE/USDT:USDT,0.5965,86.41,0.5964,244.05,0.5968,194.32,0.5969,404.5
1753617186485,11:53:06.485,bitget,ACE/USDT:USDT,0.5965,86.41,0.5964,244.05,0.5968,105.77,0.5969,384.36
1753617186635,11:53:06.635,bitget,ACE/USDT:USDT,0.5965,86.41,0.5964,244.05,0.5968,105.77,0.5969,384.36
1753617186785,11:53:06.785,bitget,ACE/USDT:USDT,0.5965,86.41,0.5964,244.05,0.5968,105.77,0.5969,384.36
1753617186935,11:53:06.935,bitget,ACE/USDT:USDT,0.5965,86.41,0.5964,244.05,0.5968,105.77,0.5969,410.35
1753617187085,11:53:07.085,bitget,ACE/USDT:USDT,0.5965,86.41,0.5964,244.05,0.5968,105.77,0.5969,410.35
1753617187235,11:53:07.235,bitget,ACE/USDT:USDT,0.5965,86.41,0.5964,244.05,0.5968,105.77,0.5969,410.35
1753617187385,11:53:07.385,bitget,ACE/USDT:USDT,0.5965,86.41,0.5964,244.05,0.5968,105.77,0.5969,410.35
1753617187535,11:53:07.535,bitget,ACE/USDT:USDT,0.5965,86.41,0.5964,244.05,0.5968,105.77,0.5969,410.35
1753617187685,11:53:07.685,bitget,ACE/USDT:USDT,0.5965,86.41,0.5964,244.05,0.5968,105.77,0.5969,410.35
1753617187836,11:53:07.836,bitget,ACE/USDT:USDT,0.5965,86.41,0.5964,244.05,0.5968,105.77,0.5969,410.35
1753617187986,11:53:07.986,bitget,ACE/USDT:USDT,0.5965,86.41,0.5964,244.05,0.5968,105.77,0.5969,410.35
1753617188136,11:53:08.136,bitget,ACE/USDT:USDT,0.5965,86.41,0.5964,244.05,0.5968,105.77,0.5969,410.35
1753617188286,11:53:08.286,bitget,ACE/USDT:USDT,0.5965,86.41,0.5964,244.05,0.5968,105.77,0.5969,410.35
1753617188436,11:53:08.436,bitget,ACE/USDT:USDT,0.5965,86.41,0.5964,244.05,0.5968,105.77,0.5969,425.72
1753617188586,11:53:08.586,bitget,ACE/USDT:USDT,0.5965,86.41,0.5964,244.05,0.5968,105.77,0.5969,425.72
1753617188736,11:53:08.736,bitget,ACE/USDT:USDT,0.5965,86.41,0.5964,353.71,0.5968,176.62,0.5969,445.86
1753617188886,11:53:08.886,bitget,ACE/USDT:USDT,0.5965,86.41,0.5964,353.71,0.5968,176.62,0.5969,430.49
1753617189036,11:53:09.036,bitget,ACE/USDT:USDT,0.5965,86.41,0.5964,353.71,0.5968,176.62,0.5969,430.49
1753617189186,11:53:09.186,bitget,ACE/USDT:USDT,0.5965,86.41,0.5964,353.71,0.5968,176.62,0.5969,430.49
1753617189336,11:53:09.336,bitget,ACE/USDT:USDT,0.5965,196.07,0.5964,353.71,0.5968,105.77,0.5969,209.02
1753617189487,11:53:09.487,bitget,ACE/USDT:USDT,0.5965,196.07,0.5964,353.71,0.5968,105.77,0.5969,239.76
1753617189637,11:53:09.637,bitget,ACE/USDT:USDT,0.5965,196.07,0.5964,353.71,0.5968,105.77,0.5969,239.76
1753617189787,11:53:09.787,bitget,ACE/USDT:USDT,0.5965,196.07,0.5964,353.71,0.5968,105.77,0.5969,239.76
1753617189937,11:53:09.937,bitget,ACE/USDT:USDT,0.5965,196.07,0.5964,353.71,0.5968,105.77,0.5969,239.76
1753617190087,11:53:10.087,bitget,ACE/USDT:USDT,0.5965,196.07,0.5964,353.71,0.5968,105.77,0.5969,239.76
1753617190237,11:53:10.237,bitget,ACE/USDT:USDT,0.5965,196.07,0.5964,353.71,0.5968,105.77,0.5969,239.76
1753617190387,11:53:10.387,bitget,ACE/USDT:USDT,0.5965,196.07,0.5964,353.71,0.5968,105.77,0.5969,239.76
1753617190537,11:53:10.537,bitget,ACE/USDT:USDT,0.5965,196.07,0.5964,353.71,0.5968,105.77,0.5969,239.76
1753617190687,11:53:10.687,bitget,ACE/USDT:USDT,0.5965,196.07,0.5964,353.71,0.5968,105.77,0.5969,239.76
1753617190837,11:53:10.837,bitget,ACE/USDT:USDT,0.5965,196.07,0.5964,353.71,0.5968,105.77,0.5969,239.76
1753617190988,11:53:10.988,bitget,ACE/USDT:USDT,0.5965,196.07,0.5964,353.71,0.5968,105.77,0.5969,239.76
1753617191138,11:53:11.138,bitget,ACE/USDT:USDT,0.5965,196.07,0.5964,353.71,0.5968,105.77,0.5969,239.76
1753617191288,11:53:11.288,bitget,ACE/USDT:USDT,0.5965,196.07,0.5964,353.71,0.5968,105.77,0.5969,239.76
1753617191438,11:53:11.438,bitget,ACE/USDT:USDT,0.5965,196.07,0.5964,353.71,0.5968,105.77,0.5969,239.76
1753617191588,11:53:11.588,bitget,ACE/USDT:USDT,0.5965,196.07,0.5964,353.71,0.5968,105.77,0.5969,239.76
1753617191738,11:53:11.738,bitget,ACE/USDT:USDT,0.5965,196.07,0.5964,353.71,0.5968,105.77,0.5969,239.76
1753617191888,11:53:11.888,bitget,ACE/USDT:USDT,0.5965,196.07,0.5964,353.71,0.5968,105.77,0.5969,239.76
1753617192038,11:53:12.038,bitget,ACE/USDT:USDT,0.5965,196.07,0.5964,353.71,0.5968,105.77,0.5969,239.76
1753617192188,11:53:12.188,bitget,ACE/USDT:USDT,0.5965,196.07,0.5964,353.71,0.5968,105.77,0.5969,259.74
1753617192338,11:53:12.338,bitget,ACE/USDT:USDT,0.5965,196.07,0.5964,353.71,0.5968,105.77,0.5969,259.74
1753617192488,11:53:12.488,bitget,ACE/USDT:USDT,0.5965,196.07,0.5964,353.71,0.5968,105.77,0.5969,259.74
1753617192639,11:53:12.639,bitget,ACE/USDT:USDT,0.5965,196.07,0.5964,353.71,0.5968,105.77,0.5969,259.74
1753617192789,11:53:12.789,bitget,ACE/USDT:USDT,0.5965,196.07,0.5964,353.71,0.5968,105.77,0.5969,259.74
1753617192939,11:53:12.939,bitget,ACE/USDT:USDT,0.5965,196.07,0.5964,353.71,0.5968,105.77,0.5969,259.74
1753617193089,11:53:13.089,bitget,ACE/USDT:USDT,0.5965,196.07,0.5964,353.71,0.5968,105.77,0.5969,259.74
1753617193239,11:53:13.239,bitget,ACE/USDT:USDT,0.5965,196.07,0.5964,353.71,0.5968,105.77,0.5969,259.74
1753617193389,11:53:13.389,bitget,ACE/USDT:USDT,0.5965,196.07,0.5964,353.71,0.5968,105.77,0.5969,259.74
1753617193539,11:53:13.539,bitget,ACE/USDT:USDT,0.5965,196.07,0.5964,353.71,0.5968,105.77,0.5969,259.74
1753617193689,11:53:13.689,bitget,ACE/USDT:USDT,0.5965,196.07,0.5964,353.71,0.5968,105.77,0.5969,259.74
1753617193839,11:53:13.839,bitget,ACE/USDT:USDT,0.5965,196.07,0.5964,353.71,0.5968,105.77,0.5969,259.74
1753617193989,11:53:13.989,bitget,ACE/USDT:USDT,0.5965,196.07,0.5964,353.71,0.5968,105.77,0.5969,259.74
1753617194139,11:53:14.139,bitget,ACE/USDT:USDT,0.5965,196.07,0.5964,353.71,0.5968,105.77,0.5969,259.74
1753617194290,11:53:14.290,bitget,ACE/USDT:USDT,0.5965,196.07,0.5964,353.71,0.5968,105.77,0.5969,259.74
1753617194440,11:53:14.440,bitget,ACE/USDT:USDT,0.5965,196.07,0.5964,353.71,0.5968,105.77,0.5969,259.74
1753617194590,11:53:14.590,bitget,ACE/USDT:USDT,0.5965,196.07,0.5964,353.71,0.5968,105.77,0.5969,259.74
1753617194740,11:53:14.740,bitget,ACE/USDT:USDT,0.5965,196.07,0.5964,353.71,0.5968,105.77,0.5969,259.74
1753617194890,11:53:14.890,bitget,ACE/USDT:USDT,0.5965,196.07,0.5964,353.71,0.5968,105.77,0.5969,259.74
1753617195040,11:53:15.040,bitget,ACE/USDT:USDT,0.5965,196.07,0.5964,353.71,0.5968,105.77,0.5969,259.74
1753617195190,11:53:15.190,bitget,ACE/USDT:USDT,0.5965,196.07,0.5964,353.71,0.5968,105.77,0.5969,286.4
1753617195340,11:53:15.340,bitget,ACE/USDT:USDT,0.5965,196.07,0.5964,353.71,0.5968,105.77,0.5969,286.4
1753617195490,11:53:15.490,bitget,ACE/USDT:USDT,0.5965,196.07,0.5964,353.71,0.5968,105.77,0.5969,286.4
1753617195640,11:53:15.640,bitget,ACE/USDT:USDT,0.5965,196.07,0.5964,353.71,0.5968,105.77,0.5969,286.4
1753617195791,11:53:15.791,bitget,ACE/USDT:USDT,0.5965,196.07,0.5964,353.71,0.5968,105.77,0.5969,286.4
1753617195941,11:53:15.941,bitget,ACE/USDT:USDT,0.5965,196.07,0.5964,353.71,0.5968,105.77,0.5969,286.4
1753617196091,11:53:16.091,bitget,ACE/USDT:USDT,0.5965,196.07,0.5964,353.71,0.5968,105.77,0.5969,286.4
1753617196241,11:53:16.241,bitget,ACE/USDT:USDT,0.5965,196.07,0.5964,353.71,0.5968,105.77,0.5969,286.4
1753617196391,11:53:16.391,bitget,ACE/USDT:USDT,0.5965,196.07,0.5964,353.71,0.5968,105.77,0.5969,286.4
1753617196541,11:53:16.541,bitget,ACE/USDT:USDT,0.5966,107.63,0.5965,196.07,0.5968,105.77,0.5969,286.4
1753617196691,11:53:16.691,bitget,ACE/USDT:USDT,0.5966,107.63,0.5965,354.78,0.5968,105.77,0.5969,109.12
1753617196841,11:53:16.841,bitget,ACE/USDT:USDT,0.5966,107.63,0.5965,354.78,0.5968,51.0,0.5969,109.12
1753617196991,11:53:16.991,bitget,ACE/USDT:USDT,0.5966,107.63,0.5965,354.78,0.5968,51.0,0.5969,109.12
1753617197141,11:53:17.141,bitget,ACE/USDT:USDT,0.5966,107.63,0.5965,354.78,0.5969,109.12,0.597,487.97
1753617197291,11:53:17.291,bitget,ACE/USDT:USDT,0.5966,107.63,0.5965,354.78,0.5968,51.0,0.5969,237.04
1753617197441,11:53:17.441,bitget,ACE/USDT:USDT,0.5966,107.63,0.5965,354.78,0.5968,117.96,0.5969,237.04
1753617197592,11:53:17.592,bitget,ACE/USDT:USDT,0.5966,107.63,0.5965,354.78,0.5968,117.96,0.5969,157.99
1753617197742,11:53:17.742,bitget,ACE/USDT:USDT,0.5966,107.63,0.5965,354.78,0.5968,117.96,0.5969,157.99
1753617197892,11:53:17.892,bitget,ACE/USDT:USDT,0.5966,107.63,0.5965,354.78,0.5968,117.96,0.5969,157.99
1753617198042,11:53:18.042,bitget,ACE/USDT:USDT,0.5966,107.63,0.5965,354.78,0.5968,117.96,0.5969,157.99
1753617198192,11:53:18.192,bitget,ACE/USDT:USDT,0.5966,107.63,0.5965,354.78,0.5968,117.96,0.5969,157.99
1753617198342,11:53:18.342,bitget,ACE/USDT:USDT,0.5966,107.63,0.5965,354.78,0.5968,117.96,0.5969,157.99
1753617198492,11:53:18.492,bitget,ACE/USDT:USDT,0.5966,107.63,0.5965,354.78,0.5968,117.96,0.5969,109.45
1753617198642,11:53:18.642,bitget,ACE/USDT:USDT,0.5966,107.63,0.5965,354.78,0.5968,117.96,0.5969,109.45
1753617198792,11:53:18.792,bitget,ACE/USDT:USDT,0.5966,107.63,0.5965,354.78,0.5968,117.96,0.5969,109.45
1753617198942,11:53:18.942,bitget,ACE/USDT:USDT,0.5966,107.63,0.5965,354.78,0.5968,117.96,0.5969,109.45
1753617199093,11:53:19.093,bitget,ACE/USDT:USDT,0.5967,86.41,0.5966,107.63,0.5969,109.12,0.597,240.5
1753617199243,11:53:19.243,bitget,ACE/USDT:USDT,0.5967,86.41,0.5966,353.12,0.5969,109.12,0.597,240.5
1753617199393,11:53:19.393,bitget,ACE/USDT:USDT,0.5967,86.41,0.5966,245.49,0.5969,109.12,0.597,240.5
1753617199543,11:53:19.543,bitget,ACE/USDT:USDT,0.5967,86.41,0.5966,245.49,0.5969,109.12,0.597,179.23
1753617199693,11:53:19.693,bitget,ACE/USDT:USDT,0.5967,86.41,0.5966,245.49,0.5969,109.12,0.597,240.5
1753617199843,11:53:19.843,bitget,ACE/USDT:USDT,0.5967,86.41,0.5966,245.49,0.5969,192.89,0.597,240.5
1753617199993,11:53:19.993,bitget,ACE/USDT:USDT,0.5967,86.41,0.5966,245.49,0.5968,107.63,0.5969,192.89
1753617200143,11:53:20.143,bitget,ACE/USDT:USDT,0.596,105.77,0.5959,209.66,0.5965,245.36,0.5966,126.67
1753617200293,11:53:20.293,bitget,ACE/USDT:USDT,0.5961,86.41,0.596,105.77,0.5964,107.63,0.5965,245.36
1753617200443,11:53:20.443,bitget,ACE/USDT:USDT,0.5963,86.41,0.5961,86.41,0.5964,107.63,0.5965,245.36
1753617200594,11:53:20.594,bitget,ACE/USDT:USDT,0.5963,86.41,0.5962,352.99,0.5964,107.63,0.5965,245.36
1753617200744,11:53:20.744,bitget,ACE/USDT:USDT,0.5963,86.41,0.5962,352.99,0.5964,107.63,0.5965,245.36
1753617200894,11:53:20.894,bitget,ACE/USDT:USDT,0.5963,86.41,0.5962,352.99,0.5964,107.63,0.5965,245.36
1753617201044,11:53:21.044,bitget,ACE/USDT:USDT,0.5963,86.41,0.5962,352.99,0.5966,20.14,0.5967,486.65
1753617201194,11:53:21.194,bitget,ACE/USDT:USDT,0.5963,86.41,0.5962,352.99,0.5965,231.0,0.5966,20.14
1753617201344,11:53:21.344,bitget,ACE/USDT:USDT,0.5964,86.41,0.5963,194.04,0.5967,88.73,0.5968,370.46
1753617201494,11:53:21.494,bitget,ACE/USDT:USDT,0.5966,86.41,0.5964,86.41,0.5967,107.63,0.5968,318.27
1753617201644,11:53:21.644,bitget,ACE/USDT:USDT,0.5966,86.41,0.5965,245.5,0.5967,107.63,0.5968,107.63
1753617201794,11:53:21.794,bitget,ACE/USDT:USDT,0.5966,86.41,0.5965,245.5,0.5968,107.63,0.5969,231.34
1753617201944,11:53:21.944,bitget,ACE/USDT:USDT,0.5966,86.41,0.5965,245.5,0.5968,107.63,0.5969,117.96
1753617202094,11:53:22.094,bitget,ACE/USDT:USDT,0.5966,86.41,0.5965,245.5,0.5968,107.63,0.5969,184.52
1753617202245,11:53:22.245,bitget,ACE/USDT:USDT,0.5966,86.41,0.5965,245.5,0.5968,107.63,0.5969,184.52
1753617202394,11:53:22.394,bitget,ACE/USDT:USDT,0.5966,86.41,0.5965,245.5,0.5968,107.63,0.5969,207.26
1753617202544,11:53:22.544,bitget,ACE/USDT:USDT,0.5966,86.41,0.5965,245.5,0.5968,107.63,0.5969,207.26
1753617202695,11:53:22.695,bitget,ACE/USDT:USDT,0.5966,86.41,0.5965,245.5,0.5968,107.63,0.5969,207.26
1753617202845,11:53:22.845,bitget,ACE/USDT:USDT,0.5966,86.41,0.5965,245.5,0.5968,107.63,0.5969,207.26
1753617202995,11:53:22.995,bitget,ACE/USDT:USDT,0.5966,86.41,0.5965,245.5,0.5968,107.63,0.5969,207.26
1753617203145,11:53:23.145,bitget,ACE/USDT:USDT,0.5966,86.41,0.5965,245.5,0.5968,107.63,0.5969,207.26
1753617203295,11:53:23.295,bitget,ACE/USDT:USDT,0.5966,86.41,0.5965,245.5,0.5968,107.63,0.5969,207.26
1753617203445,11:53:23.445,bitget,ACE/USDT:USDT,0.5966,86.41,0.5965,245.5,0.5968,107.63,0.5969,207.26
1753617203595,11:53:23.595,bitget,ACE/USDT:USDT,0.5966,86.41,0.5965,245.5,0.5968,107.63,0.5969,207.26
1753617203745,11:53:23.745,bitget,ACE/USDT:USDT,0.5966,86.41,0.5965,245.5,0.5968,107.63,0.5969,207.26
1753617203896,11:53:23.896,bitget,ACE/USDT:USDT,0.5966,86.41,0.5965,245.5,0.5968,107.63,0.5969,207.26
1753617204046,11:53:24.046,bitget,ACE/USDT:USDT,0.5966,86.41,0.5965,245.5,0.5968,107.63,0.5969,207.26
1753617204196,11:53:24.196,bitget,ACE/USDT:USDT,0.5966,86.41,0.5965,245.5,0.5968,107.63,0.5969,207.26
1753617204346,11:53:24.346,bitget,ACE/USDT:USDT,0.5966,86.41,0.5965,245.5,0.5968,107.63,0.5969,207.26
1753617204496,11:53:24.496,bitget,ACE/USDT:USDT,0.5966,86.41,0.5965,245.5,0.5968,107.63,0.5969,207.26
1753617204646,11:53:24.646,bitget,ACE/USDT:USDT,0.5966,86.41,0.5965,245.5,0.5968,107.63,0.5969,207.26
1753617204796,11:53:24.796,bitget,ACE/USDT:USDT,0.5966,86.41,0.5965,245.5,0.5968,107.63,0.5969,207.26
1753617204946,11:53:24.946,bitget,ACE/USDT:USDT,0.5966,86.41,0.5965,245.5,0.5968,107.63,0.5969,207.26
1753617205096,11:53:25.096,bitget,ACE/USDT:USDT,0.5966,86.41,0.5965,245.5,0.5968,107.63,0.5969,207.26
1753617205246,11:53:25.246,bitget,ACE/USDT:USDT,0.5966,86.41,0.5965,245.5,0.5968,107.63,0.5969,207.26
1753617205396,11:53:25.396,bitget,ACE/USDT:USDT,0.5966,86.41,0.5965,245.5,0.5968,107.63,0.5969,207.26
1753617205546,11:53:25.546,bitget,ACE/USDT:USDT,0.5966,86.41,0.5965,245.5,0.5968,107.63,0.5969,246.04
1753617205697,11:53:25.697,bitget,ACE/USDT:USDT,0.5966,86.41,0.5965,245.5,0.5968,107.63,0.5969,246.04
1753617205847,11:53:25.847,bitget,ACE/USDT:USDT,0.5966,86.41,0.5965,245.5,0.5968,107.63,0.5969,310.12
1753617205997,11:53:25.997,bitget,ACE/USDT:USDT,0.5966,86.41,0.5965,245.5,0.5968,107.63,0.5969,310.12
1753617206147,11:53:26.147,bitget,ACE/USDT:USDT,0.5966,86.41,0.5965,245.5,0.5968,107.63,0.5969,310.12
1753617206297,11:53:26.297,bitget,ACE/USDT:USDT,0.5966,86.41,0.5965,245.5,0.5968,107.63,0.5969,310.12
1753617206447,11:53:26.447,bitget,ACE/USDT:USDT,0.5966,86.41,0.5965,245.5,0.5968,107.63,0.5969,261.09
1753617206597,11:53:26.597,bitget,ACE/USDT:USDT,0.5966,86.41,0.5965,245.5,0.5968,107.63,0.5969,261.09
1753617206747,11:53:26.747,bitget,ACE/USDT:USDT,0.5966,86.41,0.5965,245.5,0.5968,107.63,0.5969,261.09
1753617206897,11:53:26.897,bitget,ACE/USDT:USDT,0.5966,86.41,0.5965,245.5,0.5968,107.63,0.5969,310.12
1753617207048,11:53:27.048,bitget,ACE/USDT:USDT,0.5966,86.41,0.5965,245.5,0.5968,107.63,0.5969,310.12
1753617207198,11:53:27.198,bitget,ACE/USDT:USDT,0.5966,86.41,0.5965,245.5,0.5968,107.63,0.5969,310.12
1753617207348,11:53:27.348,bitget,ACE/USDT:USDT,0.5966,86.41,0.5965,245.5,0.5968,107.63,0.5969,310.12
1753617207498,11:53:27.498,bitget,ACE/USDT:USDT,0.5966,86.41,0.5965,245.5,0.5968,107.63,0.5969,310.12
1753617207648,11:53:27.648,bitget,ACE/USDT:USDT,0.5966,86.41,0.5965,245.5,0.5968,107.63,0.5969,310.12
1753617207798,11:53:27.798,bitget,ACE/USDT:USDT,0.5966,86.41,0.5965,245.5,0.5968,107.63,0.5969,231.46
1753617207948,11:53:27.948,bitget,ACE/USDT:USDT,0.5966,86.41,0.5965,350.35,0.5969,111.21,0.597,430.83
1753617208098,11:53:28.098,bitget,ACE/USDT:USDT,0.5967,86.41,0.5966,86.41,0.5968,104.85,0.5969,111.21
1753617208248,11:53:28.248,bitget,ACE/USDT:USDT,0.5967,86.41,0.5966,245.83,0.5968,104.85,0.5969,111.21
1753617208398,11:53:28.398,bitget,ACE/USDT:USDT,0.5967,86.41,0.5966,245.83,0.5968,104.85,0.5969,111.21
1753617208548,11:53:28.548,bitget,ACE/USDT:USDT,0.5967,86.41,0.5966,245.83,0.5968,104.85,0.5969,111.21
1753617208699,11:53:28.699,bitget,ACE/USDT:USDT,0.5967,86.41,0.5966,245.83,0.5968,104.85,0.5969,111.21
1753617208849,11:53:28.849,bitget,ACE/USDT:USDT,0.5967,86.41,0.5966,245.83,0.5968,104.85,0.5969,111.21
1753617208999,11:53:28.999,bitget,ACE/USDT:USDT,0.5967,86.41,0.5966,245.83,0.5968,104.85,0.5969,111.21
1753617209149,11:53:29.149,bitget,ACE/USDT:USDT,0.5967,86.41,0.5966,245.83,0.5968,104.85,0.5969,111.21
1753617209299,11:53:29.299,bitget,ACE/USDT:USDT,0.5967,86.41,0.5966,245.83,0.5968,104.85,0.5969,111.21
1753617209449,11:53:29.449,bitget,ACE/USDT:USDT,0.5967,86.41,0.5966,245.83,0.5968,104.85,0.5969,111.21
1753617209599,11:53:29.599,bitget,ACE/USDT:USDT,0.5967,86.41,0.5966,245.83,0.5968,104.85,0.5969,111.21
1753617209749,11:53:29.749,bitget,ACE/USDT:USDT,0.5967,86.41,0.5966,245.83,0.5968,104.85,0.5969,111.21
1753617209899,11:53:29.899,bitget,ACE/USDT:USDT,0.5967,86.41,0.5966,245.83,0.5968,104.85,0.5969,111.21
1753617210049,11:53:30.049,bitget,ACE/USDT:USDT,0.5967,86.41,0.5966,245.83,0.5969,111.21,0.597,430.83
1753617210200,11:53:30.200,bitget,ACE/USDT:USDT,0.5967,86.41,0.5966,245.83,0.5968,104.85,0.5969,111.21
1753617210350,11:53:30.350,bitget,ACE/USDT:USDT,0.5967,86.41,0.5966,245.83,0.5968,104.85,0.5969,111.21
1753617210500,11:53:30.500,bitget,ACE/USDT:USDT,0.5967,86.41,0.5966,245.83,0.5968,104.85,0.5969,111.21
1753617210650,11:53:30.650,bitget,ACE/USDT:USDT,0.597,430.83,0.5969,111.21,0.5971,1174.03,0.5972,585.85
1753617210800,11:53:30.800,bitget,ACE/USDT:USDT,0.5969,245.99,0.5968,245.99,0.5971,107.69,0.5972,484.99
1753617210950,11:53:30.950,bitget,ACE/USDT:USDT,0.5968,350.84,0.5967,210.05,0.5971,107.69,0.5972,729.48
1753617211100,11:53:31.100,bitget,ACE/USDT:USDT,0.5968,104.85,0.5967,350.84,0.5971,107.69,0.5972,107.13
1753617211250,11:53:31.250,bitget,ACE/USDT:USDT,0.5968,104.85,0.5967,350.84,0.5972,107.13,0.5973,749.48
1753617211400,11:53:31.400,bitget,ACE/USDT:USDT,0.5968,104.85,0.5967,350.84,0.5972,204.85,0.5973,723.3
1753617211550,11:53:31.550,bitget,ACE/USDT:USDT,0.5969,86.41,0.5968,104.85,0.5972,204.85,0.5973,713.24
1753617211700,11:53:31.700,bitget,ACE/USDT:USDT,0.597,86.41,0.5969,86.41,0.5972,204.85,0.5973,806.21
1753617211851,11:53:31.851,bitget,ACE/USDT:USDT,0.597,86.41,0.5969,350.71,0.5972,240.5,0.5973,806.21
1753617212001,11:53:32.001,bitget,ACE/USDT:USDT,0.597,86.41,0.5969,350.71,0.5972,107.13,0.5973,796.15
1753617212151,11:53:32.151,bitget,ACE/USDT:USDT,0.597,86.41,0.5969,350.71,0.5972,107.13,0.5973,809.79
1753617212301,11:53:32.301,bitget,ACE/USDT:USDT,0.597,86.41,0.5969,350.71,0.5972,107.13,0.5973,809.79
1753617212451,11:53:32.451,bitget,ACE/USDT:USDT,0.597,86.41,0.5969,350.71,0.5972,107.13,0.5973,709.19
1753617212601,11:53:32.601,bitget,ACE/USDT:USDT,0.597,86.41,0.5969,350.71,0.5972,107.13,0.5973,709.19
1753617212751,11:53:32.751,bitget,ACE/USDT:USDT,0.597,86.41,0.5969,350.71,0.5972,107.13,0.5973,723.7
1753617212901,11:53:32.901,bitget,ACE/USDT:USDT,0.597,86.41,0.5969,350.71,0.5972,107.13,0.5973,749.32
1753617213051,11:53:33.051,bitget,ACE/USDT:USDT,0.597,86.41,0.5969,350.71,0.5972,107.13,0.5973,763.82
1753617213201,11:53:33.201,bitget,ACE/USDT:USDT,0.597,86.41,0.5969,350.71,0.5972,107.13,0.5973,749.32
1753617213352,11:53:33.352,bitget,ACE/USDT:USDT,0.597,86.41,0.5969,350.71,0.5972,107.13,0.5973,726.58
1753617213502,11:53:33.502,bitget,ACE/USDT:USDT,0.597,86.41,0.5969,350.71,0.5972,107.13,0.5973,726.58
1753617213652,11:53:33.652,bitget,ACE/USDT:USDT,0.597,86.41,0.5969,350.71,0.5972,107.13,0.5973,726.58
1753617213802,11:53:33.802,bitget,ACE/USDT:USDT,0.597,86.41,0.5969,350.71,0.5972,107.13,0.5973,726.58
1753617213952,11:53:33.952,bitget,ACE/USDT:USDT,0.597,86.41,0.5969,350.71,0.5972,107.13,0.5973,726.58
1753617214102,11:53:34.102,bitget,ACE/USDT:USDT,0.597,86.41,0.5969,350.71,0.5972,107.13,0.5973,726.58
1753617214252,11:53:34.252,bitget,ACE/USDT:USDT,0.597,86.41,0.5969,350.71,0.5972,107.13,0.5973,726.58
1753617214402,11:53:34.402,bitget,ACE/USDT:USDT,0.597,86.41,0.5969,350.71,0.5972,107.13,0.5973,726.58
1753617214552,11:53:34.552,bitget,ACE/USDT:USDT,0.5969,350.71,0.5967,104.85,0.5972,107.13,0.5973,726.58
1753617214702,11:53:34.702,bitget,ACE/USDT:USDT,0.5969,191.26,0.5968,245.59,0.5972,459.0,0.5973,815.91
1753617214853,11:53:34.853,bitget,ACE/USDT:USDT,0.5969,86.41,0.5968,245.59,0.5972,323.87,0.5973,1580.58
1753617215003,11:53:35.003,bitget,ACE/USDT:USDT,0.5969,86.41,0.5968,245.59,0.5972,323.87,0.5973,1580.58
1753617215153,11:53:35.153,bitget,ACE/USDT:USDT,0.5969,86.41,0.5968,245.59,0.5972,323.87,0.5973,1580.58
1753617215303,11:53:35.303,bitget,ACE/USDT:USDT,0.5969,86.41,0.5968,245.59,0.5972,323.87,0.5973,1580.58
1753617215453,11:53:35.453,bitget,ACE/USDT:USDT,0.5969,191.26,0.5968,245.59,0.5972,323.87,0.5973,1566.94
1753617215603,11:53:35.603,bitget,ACE/USDT:USDT,0.5969,191.26,0.5968,245.59,0.5972,323.87,0.5973,1566.94
1753617215753,11:53:35.753,bitget,ACE/USDT:USDT,0.5969,191.26,0.5968,245.59,0.5972,323.87,0.5973,1566.94
1753617215903,11:53:35.903,bitget,ACE/USDT:USDT,0.5969,191.26,0.5968,245.59,0.5972,323.87,0.5973,1566.94
1753617216053,11:53:36.053,bitget,ACE/USDT:USDT,0.5969,191.26,0.5968,350.44,0.5972,323.87,0.5973,1566.94
1753617216203,11:53:36.203,bitget,ACE/USDT:USDT,0.5969,191.26,0.5968,350.44,0.5972,323.87,0.5973,1566.94
1753617216353,11:53:36.353,bitget,ACE/USDT:USDT,0.5969,191.26,0.5968,350.44,0.5972,323.87,0.5973,1566.94
1753617216504,11:53:36.504,bitget,ACE/USDT:USDT,0.5969,191.26,0.5968,350.44,0.5972,323.87,0.5973,1566.94
1753617216654,11:53:36.654,bitget,ACE/USDT:USDT,0.5969,191.26,0.5968,350.44,0.5972,323.87,0.5973,1566.94
1753617216804,11:53:36.804,bitget,ACE/USDT:USDT,0.5969,191.26,0.5968,350.44,0.5972,323.87,0.5973,1566.94
1753617216954,11:53:36.954,bitget,ACE/USDT:USDT,0.5969,191.26,0.5968,350.44,0.5972,323.87,0.5973,1566.94
1753617217104,11:53:37.104,bitget,ACE/USDT:USDT,0.5969,191.26,0.5968,350.44,0.5972,323.87,0.5973,1566.94
1753617217254,11:53:37.254,bitget,ACE/USDT:USDT,0.5969,191.26,0.5968,350.44,0.5972,323.87,0.5973,1566.94
1753617217404,11:53:37.404,bitget,ACE/USDT:USDT,0.5969,191.26,0.5968,350.44,0.5972,323.87,0.5973,1566.94
1753617217554,11:53:37.554,bitget,ACE/USDT:USDT,0.5969,191.26,0.5968,350.44,0.5972,323.87,0.5973,1566.94
1753617217704,11:53:37.704,bitget,ACE/USDT:USDT,0.5969,191.26,0.5968,350.44,0.5972,323.87,0.5973,1566.94
1753617217854,11:53:37.854,bitget,ACE/USDT:USDT,0.5969,191.26,0.5968,350.44,0.5972,323.87,0.5973,1566.94
1753617218004,11:53:38.004,bitget,ACE/USDT:USDT,0.5969,191.26,0.5968,350.44,0.5972,323.87,0.5973,1566.94
1753617218155,11:53:38.155,bitget,ACE/USDT:USDT,0.597,105.02,0.5969,191.26,0.5972,323.87,0.5973,1566.94
1753617218305,11:53:38.305,bitget,ACE/USDT:USDT,0.5969,350.95,0.5968,350.44,0.5972,323.87,0.5973,1566.94
1753617218455,11:53:38.455,bitget,ACE/USDT:USDT,0.5969,191.26,0.5968,350.95,0.5972,359.26,0.5973,1566.94
1753617218605,11:53:38.605,bitget,ACE/USDT:USDT,0.5969,191.26,0.5968,350.95,0.5972,344.02,0.5973,1566.94
1753617218755,11:53:38.755,bitget,ACE/USDT:USDT,0.5969,191.26,0.5968,350.95,0.5972,223.76,0.5973,1581.02
1753617218905,11:53:38.905,bitget,ACE/USDT:USDT,0.5969,191.26,0.5968,350.95,0.5972,223.76,0.5973,1581.02
1753617219055,11:53:39.055,bitget,ACE/USDT:USDT,0.5969,191.26,0.5968,350.95,0.5972,241.46,0.5973,1581.02
1753617219205,11:53:39.205,bitget,ACE/USDT:USDT,0.5969,191.26,0.5968,350.95,0.5972,241.46,0.5973,1581.02
1753617219355,11:53:39.355,bitget,ACE/USDT:USDT,0.5969,191.26,0.5968,350.95,0.5972,241.46,0.5973,1581.02
1753617219505,11:53:39.505,bitget,ACE/USDT:USDT,0.5969,191.26,0.5968,350.95,0.5972,241.46,0.5973,1581.02
1753617219656,11:53:39.656,bitget,ACE/USDT:USDT,0.5969,191.26,0.5968,350.95,0.5972,241.46,0.5973,1581.02
1753617219806,11:53:39.806,bitget,ACE/USDT:USDT,0.5969,191.26,0.5968,350.95,0.5972,241.46,0.5973,1581.02
1753617219956,11:53:39.956,bitget,ACE/USDT:USDT,0.5969,191.26,0.5968,350.95,0.5972,241.46,0.5973,1581.02
1753617220106,11:53:40.106,bitget,ACE/USDT:USDT,0.5969,191.26,0.5968,350.95,0.5972,241.46,0.5973,1581.02
1753617220256,11:53:40.256,bitget,ACE/USDT:USDT,0.5969,191.26,0.5968,350.95,0.5972,241.46,0.5973,1581.02
1753617220406,11:53:40.406,bitget,ACE/USDT:USDT,0.5969,191.26,0.5968,350.95,0.5972,223.76,0.5973,1581.02
1753617220556,11:53:40.556,bitget,ACE/USDT:USDT,0.5969,86.41,0.5968,350.95,0.5972,206.07,0.5973,1581.02
1753617220706,11:53:40.706,bitget,ACE/USDT:USDT,0.5968,350.95,0.5966,104.85,0.5971,114.1,0.5972,216.13
1753617220856,11:53:40.856,bitget,ACE/USDT:USDT,0.5969,105.02,0.5968,104.85,0.5971,114.1,0.5972,674.08
1753617221006,11:53:41.006,bitget,ACE/USDT:USDT,0.5968,351.2,0.5966,104.85,0.5971,114.1,0.5972,674.08
1753617221156,11:53:41.156,bitget,ACE/USDT:USDT,0.5968,104.85,0.5967,246.35,0.5971,114.1,0.5972,674.08
1753617221307,11:53:41.307,bitget,ACE/USDT:USDT,0.5967,246.35,0.5966,104.85,0.5971,188.76,0.5972,674.08
1753617221457,11:53:41.457,bitget,ACE/USDT:USDT,0.5968,105.02,0.5966,351.37,0.5971,188.76,0.5972,674.08
1753617221607,11:53:41.607,bitget,ACE/USDT:USDT,0.5968,105.02,0.5967,246.52,0.5971,188.76,0.5972,674.08
1753617221757,11:53:41.757,bitget,ACE/USDT:USDT,0.5968,105.02,0.5967,246.52,0.5971,188.76,0.5972,674.08
1753617221907,11:53:41.907,bitget,ACE/USDT:USDT,0.5968,105.02,0.5967,351.54,0.5971,188.76,0.5972,674.08
1753617222057,11:53:42.057,bitget,ACE/USDT:USDT,0.5968,105.02,0.5967,351.54,0.5971,188.76,0.5972,674.08
1753617222207,11:53:42.207,bitget,ACE/USDT:USDT,0.5968,105.02,0.5967,351.54,0.5971,188.76,0.5972,674.08
1753617222357,11:53:42.357,bitget,ACE/USDT:USDT,0.5968,105.02,0.5967,351.54,0.5971,188.76,0.5972,674.08
1753617222507,11:53:42.507,bitget,ACE/USDT:USDT,0.5968,105.02,0.5967,351.54,0.5971,188.76,0.5972,674.08
1753617222657,11:53:42.657,bitget,ACE/USDT:USDT,0.5968,105.02,0.5967,351.54,0.5971,188.76,0.5972,674.08
1753617222808,11:53:42.808,bitget,ACE/USDT:USDT,0.5968,105.02,0.5967,351.54,0.5971,188.76,0.5972,674.08
1753617222958,11:53:42.958,bitget,ACE/USDT:USDT,0.5968,105.02,0.5967,351.54,0.5971,188.76,0.5972,217.48
1753617223108,11:53:43.108,bitget,ACE/USDT:USDT,0.5968,105.02,0.5967,351.54,0.5971,188.76,0.5972,217.48
1753617223258,11:53:43.258,bitget,ACE/USDT:USDT,0.5968,105.02,0.5967,351.54,0.5971,188.76,0.5972,217.48
1753617223408,11:53:43.408,bitget,ACE/USDT:USDT,0.5968,105.02,0.5967,351.54,0.5971,188.76,0.5972,598.08
1753617223558,11:53:43.558,bitget,ACE/USDT:USDT,0.5968,105.02,0.5967,351.54,0.5971,188.76,0.5972,598.08
1753617223708,11:53:43.708,bitget,ACE/USDT:USDT,0.5968,105.02,0.5967,351.54,0.5971,188.76,0.5972,598.08
1753617223858,11:53:43.858,bitget,ACE/USDT:USDT,0.5968,105.02,0.5967,351.54,0.5971,188.76,0.5972,598.08
1753617224008,11:53:44.008,bitget,ACE/USDT:USDT,0.5968,105.02,0.5967,351.54,0.5971,188.76,0.5972,598.08
1753617224158,11:53:44.158,bitget,ACE/USDT:USDT,0.5968,105.02,0.5967,351.54,0.5971,188.76,0.5972,598.08
1753617224308,11:53:44.308,bitget,ACE/USDT:USDT,0.5968,105.02,0.5967,351.54,0.5971,188.76,0.5972,598.08
1753617224459,11:53:44.459,bitget,ACE/USDT:USDT,0.5968,105.02,0.5967,351.54,0.5971,188.76,0.5972,598.08
1753617224609,11:53:44.609,bitget,ACE/USDT:USDT,0.5968,105.02,0.5967,351.54,0.5971,188.76,0.5972,598.08
1753617224759,11:53:44.759,bitget,ACE/USDT:USDT,0.5968,105.02,0.5967,351.54,0.5971,188.76,0.5972,598.08
1753617224909,11:53:44.909,bitget,ACE/USDT:USDT,0.5968,105.02,0.5967,351.54,0.5971,188.76,0.5972,598.08
1753617225059,11:53:45.059,bitget,ACE/USDT:USDT,0.5968,105.02,0.5967,351.54,0.5971,188.76,0.5972,598.08
1753617225209,11:53:45.209,bitget,ACE/USDT:USDT,0.5968,105.02,0.5967,351.54,0.5971,188.76,0.5972,598.08
1753617225359,11:53:45.359,bitget,ACE/USDT:USDT,0.5968,105.02,0.5967,351.54,0.5971,188.76,0.5972,598.08
1753617225509,11:53:45.509,bitget,ACE/USDT:USDT,0.5968,105.02,0.5967,351.54,0.5971,188.76,0.5972,598.08
1753617225659,11:53:45.659,bitget,ACE/USDT:USDT,0.5968,105.02,0.5967,351.54,0.5971,188.76,0.5972,598.08
1753617225809,11:53:45.809,bitget,ACE/USDT:USDT,0.5968,105.02,0.5967,351.54,0.5971,188.76,0.5972,598.08
1753617225960,11:53:45.960,bitget,ACE/USDT:USDT,0.5968,105.02,0.5967,351.54,0.5971,188.76,0.5972,598.08
1753617226110,11:53:46.110,bitget,ACE/USDT:USDT,0.5968,105.02,0.5967,351.54,0.5971,188.76,0.5972,598.08
1753617226260,11:53:46.260,bitget,ACE/USDT:USDT,0.5968,105.02,0.5967,351.54,0.5971,188.76,0.5972,598.08
1753617226410,11:53:46.410,bitget,ACE/USDT:USDT,0.5968,105.02,0.5967,351.54,0.5971,188.76,0.5972,598.08
1753617226560,11:53:46.560,bitget,ACE/USDT:USDT,0.5968,105.02,0.5967,351.54,0.5971,188.76,0.5972,514.35
1753617226710,11:53:46.710,bitget,ACE/USDT:USDT,0.5968,105.02,0.5967,351.54,0.5971,188.76,0.5972,514.35
1753617226860,11:53:46.860,bitget,ACE/USDT:USDT,0.5968,105.02,0.5967,351.54,0.5971,188.76,0.5972,514.35
1753617227010,11:53:47.010,bitget,ACE/USDT:USDT,0.5968,105.02,0.5967,351.54,0.5971,188.76,0.5972,514.35
1753617227160,11:53:47.160,bitget,ACE/USDT:USDT,0.5968,105.02,0.5967,351.54,0.5971,188.76,0.5972,514.35
1753617227310,11:53:47.310,bitget,ACE/USDT:USDT,0.5968,105.02,0.5967,351.54,0.5971,188.76,0.5972,514.35
1753617227461,11:53:47.461,bitget,ACE/USDT:USDT,0.5968,105.02,0.5967,351.54,0.5971,188.76,0.5972,514.35
1753617227611,11:53:47.611,bitget,ACE/USDT:USDT,0.5968,105.02,0.5967,351.54,0.5971,188.76,0.5972,514.35
1753617227761,11:53:47.761,bitget,ACE/USDT:USDT,0.5968,105.02,0.5967,351.54,0.5971,188.76,0.5972,514.35
1753617227911,11:53:47.911,bitget,ACE/USDT:USDT,0.5972,106.74,0.5971,188.76,0.5974,107.69,0.5975,355.91
1753617228061,11:53:48.061,bitget,ACE/USDT:USDT,0.5973,86.41,0.5971,247.25,0.5974,107.69,0.5975,110.15
1753617228211,11:53:48.211,bitget,ACE/USDT:USDT,0.5973,86.41,0.5972,353.99,0.5974,16.75,0.5975,110.15
1753617228361,11:53:48.361,bitget,ACE/USDT:USDT,0.5973,86.41,0.5972,353.99,0.5974,16.75,0.5975,110.15
1753617228511,11:53:48.511,bitget,ACE/USDT:USDT,0.5973,86.41,0.5972,353.99,0.5974,16.75,0.5975,110.15
1753617228661,11:53:48.661,bitget,ACE/USDT:USDT,0.5973,86.41,0.5972,353.99,0.5975,110.15,0.5976,426.27
1753617228811,11:53:48.811,bitget,ACE/USDT:USDT,0.5973,86.41,0.5972,353.99,0.5974,16.75,0.5975,110.15
1753617228961,11:53:48.961,bitget,ACE/USDT:USDT,0.5973,86.41,0.5972,353.99,0.5974,16.75,0.5975,232.42
1753617229112,11:53:49.112,bitget,ACE/USDT:USDT,0.5973,86.41,0.5972,353.99,0.5974,16.8,0.5975,232.42
1753617229262,11:53:49.262,bitget,ACE/USDT:USDT,0.5973,86.41,0.5972,353.99,0.5974,16.75,0.5975,232.42
1753617229412,11:53:49.412,bitget,ACE/USDT:USDT,0.5973,86.41,0.5972,353.99,0.5974,33.55,0.5975,232.42
1753617229562,11:53:49.562,bitget,ACE/USDT:USDT,0.5973,86.41,0.5972,353.99,0.5974,16.75,0.5975,232.42
1753617229712,11:53:49.712,bitget,ACE/USDT:USDT,0.5973,86.41,0.5972,353.99,0.5975,232.42,0.5976,426.27
1753617229862,11:53:49.862,bitget,ACE/USDT:USDT,0.5973,86.41,0.5972,353.99,0.5974,16.75,0.5975,232.42
1753617230012,11:53:50.012,bitget,ACE/USDT:USDT,0.5973,86.41,0.5972,353.99,0.5974,16.75,0.5975,232.42
1753617230162,11:53:50.162,bitget,ACE/USDT:USDT,0.5973,86.41,0.5972,353.99,0.5974,33.55,0.5975,232.42
1753617230312,11:53:50.312,bitget,ACE/USDT:USDT,0.5973,193.15,0.5972,353.99,0.5974,16.75,0.5975,232.42
1753617230462,11:53:50.462,bitget,ACE/USDT:USDT,0.5973,86.41,0.5972,353.99,0.5974,106.74,0.5975,244.04
1753617230613,11:53:50.613,bitget,ACE/USDT:USDT,0.5973,86.41,0.5972,353.99,0.5974,16.75,0.5975,244.04
1753617230763,11:53:50.763,bitget,ACE/USDT:USDT,0.5973,86.41,0.5972,353.99,0.5974,106.74,0.5975,255.67
1753617230913,11:53:50.913,bitget,ACE/USDT:USDT,0.5973,86.41,0.5972,353.99,0.5974,106.74,0.5975,255.67
1753617231063,11:53:51.063,bitget,ACE/USDT:USDT,0.5973,86.41,0.5972,353.99,0.5974,106.74,0.5975,255.67
1753617231213,11:53:51.213,bitget,ACE/USDT:USDT,0.5973,86.41,0.5972,247.25,0.5974,123.54,0.5975,255.67
1753617231363,11:53:51.363,bitget,ACE/USDT:USDT,0.5973,86.41,0.5972,247.25,0.5974,106.74,0.5975,255.67
1753617231513,11:53:51.513,bitget,ACE/USDT:USDT,0.597,106.74,0.5969,106.74,0.5974,123.54,0.5975,169.24
1753617231663,11:53:51.663,bitget,ACE/USDT:USDT,0.5969,353.82,0.5968,105.02,0.5974,154.39,0.5975,110.15
1753617231813,11:53:51.813,bitget,ACE/USDT:USDT,0.597,106.74,0.5969,106.74,0.5974,166.03,0.5975,110.15
1753617231963,11:53:51.963,bitget,ACE/USDT:USDT,0.5971,86.41,0.5969,353.82,0.5974,166.03,0.5975,110.15
1753617232113,11:53:52.113,bitget,ACE/USDT:USDT,0.5972,86.41,0.5971,86.41,0.5974,182.83,0.5975,110.15
1753617232264,11:53:52.264,bitget,ACE/USDT:USDT,0.5973,86.41,0.5972,86.41,0.5974,171.85,0.5975,110.15
1753617232414,11:53:52.414,bitget,ACE/USDT:USDT,0.5973,86.41,0.5972,247.19,0.5974,190.44,0.5975,110.15
1753617232564,11:53:52.564,bitget,ACE/USDT:USDT,0.5973,86.41,0.5972,247.19,0.5974,190.44,0.5975,110.15
1753617232714,11:53:52.714,bitget,ACE/USDT:USDT,0.5972,247.19,0.597,106.74,0.5973,86.41,0.5974,190.44
1753617232864,11:53:52.864,bitget,ACE/USDT:USDT,0.5972,86.41,0.5971,247.19,0.5973,193.15,0.5974,194.17
1753617233014,11:53:53.014,bitget,ACE/USDT:USDT,0.5972,86.41,0.5971,247.19,0.5973,193.15,0.5974,177.37
1753617233164,11:53:53.164,bitget,ACE/USDT:USDT,0.5972,86.41,0.5971,247.19,0.5973,193.15,0.5974,177.37
1753617233314,11:53:53.314,bitget,ACE/USDT:USDT,0.5972,86.41,0.5971,247.19,0.5973,193.15,0.5974,177.37
1753617233464,11:53:53.464,bitget,ACE/USDT:USDT,0.5972,86.41,0.5971,247.19,0.5973,193.15,0.5974,177.37
1753617233614,11:53:53.614,bitget,ACE/USDT:USDT,0.5972,86.41,0.5971,247.19,0.5973,193.15,0.5974,177.37
1753617233764,11:53:53.764,bitget,ACE/USDT:USDT,0.5972,86.41,0.5971,247.19,0.5973,193.15,0.5974,177.37
1753617233915,11:53:53.915,bitget,ACE/USDT:USDT,0.5972,86.41,0.5971,247.19,0.5973,193.15,0.5974,189.01
1753617234065,11:53:54.065,bitget,ACE/USDT:USDT,0.5972,193.15,0.5971,247.19,0.5976,355.56,0.5977,892.54
1753617234215,11:53:54.215,bitget,ACE/USDT:USDT,0.5973,193.15,0.5972,193.15,0.5976,355.56,0.5977,705.59
1753617234365,11:53:54.365,bitget,ACE/USDT:USDT,0.5973,193.15,0.5972,353.52,0.5976,293.22,0.5977,691.07
1753617234515,11:53:54.515,bitget,ACE/USDT:USDT,0.5973,193.15,0.5972,353.52,0.5976,391.9,0.5977,691.07
1753617234665,11:53:54.665,bitget,ACE/USDT:USDT,0.5973,193.15,0.5972,353.52,0.5976,391.9,0.5977,691.07
1753617234815,11:53:54.815,bitget,ACE/USDT:USDT,0.5973,193.15,0.5972,353.52,0.5976,391.9,0.5977,691.07
1753617234965,11:53:54.965,bitget,ACE/USDT:USDT,0.5973,193.15,0.5972,353.52,0.5976,391.9,0.5977,691.07
1753617235115,11:53:55.115,bitget,ACE/USDT:USDT,0.5973,193.15,0.5972,353.52,0.5976,391.9,0.5977,691.07
1753617235265,11:53:55.265,bitget,ACE/USDT:USDT,0.5973,193.15,0.5972,353.52,0.5976,391.9,0.5977,691.07
1753617235416,11:53:55.416,bitget,ACE/USDT:USDT,0.5973,193.15,0.5972,353.52,0.5976,391.9,0.5977,691.07
1753617235566,11:53:55.566,bitget,ACE/USDT:USDT,0.5973,193.15,0.5972,353.52,0.5976,391.9,0.5977,691.07
1753617235716,11:53:55.716,bitget,ACE/USDT:USDT,0.5973,193.15,0.5972,353.52,0.5976,391.9,0.5977,691.07
1753617235866,11:53:55.866,bitget,ACE/USDT:USDT,0.5973,193.15,0.5972,353.52,0.5976,391.9,0.5977,691.07
1753617236016,11:53:56.016,bitget,ACE/USDT:USDT,0.5973,193.15,0.5972,353.52,0.5976,391.9,0.5977,691.07
1753617236166,11:53:56.166,bitget,ACE/USDT:USDT,0.5973,193.15,0.5972,353.52,0.5976,391.9,0.5977,691.07
1753617236316,11:53:56.316,bitget,ACE/USDT:USDT,0.5973,86.41,0.5972,353.52,0.5976,391.9,0.5977,691.07
1753617236466,11:53:56.466,bitget,ACE/USDT:USDT,0.5973,86.41,0.5972,353.52,0.5976,391.9,0.5977,691.07
1753617236616,11:53:56.616,bitget,ACE/USDT:USDT,0.5973,86.41,0.5972,353.52,0.5976,391.9,0.5977,691.07
1753617236766,11:53:56.766,bitget,ACE/USDT:USDT,0.5973,86.41,0.5972,353.52,0.5976,391.9,0.5977,691.07
1753617236916,11:53:56.916,bitget,ACE/USDT:USDT,0.5973,86.41,0.5972,353.52,0.5976,391.9,0.5977,691.07
1753617237067,11:53:57.067,bitget,ACE/USDT:USDT,0.5973,86.41,0.5972,353.52,0.5976,391.9,0.5977,691.07
1753617237217,11:53:57.217,bitget,ACE/USDT:USDT,0.5973,86.41,0.5972,353.52,0.5976,391.9,0.5977,691.07
1753617237367,11:53:57.367,bitget,ACE/USDT:USDT,0.5973,86.41,0.5972,353.52,0.5976,391.9,0.5977,691.07
1753617237517,11:53:57.517,bitget,ACE/USDT:USDT,0.5973,86.41,0.5972,353.52,0.5976,391.9,0.5977,691.07
1753617237667,11:53:57.667,bitget,ACE/USDT:USDT,0.5973,86.41,0.5972,353.52,0.5976,391.9,0.5977,691.07
1753617237817,11:53:57.817,bitget,ACE/USDT:USDT,0.5973,86.41,0.5972,246.78,0.5976,391.9,0.5977,711.18
1753617237967,11:53:57.967,bitget,ACE/USDT:USDT,0.5973,86.41,0.5972,246.78,0.5976,475.57,0.5977,711.18
1753617238117,11:53:58.117,bitget,ACE/USDT:USDT,0.5973,86.41,0.5972,246.78,0.5976,391.9,0.5977,414.57
1753617238267,11:53:58.267,bitget,ACE/USDT:USDT,0.5973,86.41,0.5972,246.78,0.5976,330.2,0.5977,414.57
1753617238417,11:53:58.417,bitget,ACE/USDT:USDT,0.5973,86.41,0.5972,246.78,0.5976,330.2,0.5977,414.57
1753617238568,11:53:58.568,bitget,ACE/USDT:USDT,0.5973,86.41,0.5972,246.78,0.5975,109.24,0.5976,413.87
1753617238718,11:53:58.718,bitget,ACE/USDT:USDT,0.5974,86.41,0.5973,86.41,0.5975,109.24,0.5976,315.19
1753617238868,11:53:58.868,bitget,ACE/USDT:USDT,0.5974,86.41,0.5973,246.75,0.5975,109.24,0.5976,315.19
1753617239018,11:53:59.018,bitget,ACE/USDT:USDT,0.5974,86.41,0.5973,246.75,0.5975,109.24,0.5976,315.19
1753617239168,11:53:59.168,bitget,ACE/USDT:USDT,0.5974,86.41,0.5973,246.75,0.5975,109.24,0.5976,315.19
1753617239318,11:53:59.318,bitget,ACE/USDT:USDT,0.5974,86.41,0.5973,246.75,0.5975,109.24,0.5976,315.19
1753617239468,11:53:59.468,bitget,ACE/USDT:USDT,0.5974,86.41,0.5973,246.75,0.5975,109.24,0.5976,315.19
1753617239618,11:53:59.618,bitget,ACE/USDT:USDT,0.5974,86.41,0.5973,246.75,0.5975,109.24,0.5976,315.19
1753617239768,11:53:59.768,bitget,ACE/USDT:USDT,0.5973,246.75,0.5968,105.02,0.5974,86.41,0.5975,109.24
1753617239918,11:53:59.918,bitget,ACE/USDT:USDT,0.5973,86.41,0.5972,246.84,0.5974,86.41,0.5975,109.24
1753617240068,11:54:00.068,bitget,ACE/USDT:USDT,0.5973,86.41,0.5972,246.84,0.5974,86.41,0.5975,109.24
1753617240219,11:54:00.219,bitget,ACE/USDT:USDT,0.5973,86.41,0.5972,246.84,0.5974,86.41,0.5975,109.24
1753617240369,11:54:00.369,bitget,ACE/USDT:USDT,0.5973,86.41,0.5972,246.84,0.5974,86.41,0.5975,109.24
1753617240519,11:54:00.519,bitget,ACE/USDT:USDT,0.5972,246.84,0.5967,105.02,0.5973,86.41,0.5974,86.41
1753617240669,11:54:00.669,bitget,ACE/USDT:USDT,0.5971,246.74,0.5967,105.02,0.5973,195.65,0.5974,86.41
1753617240819,11:54:00.819,bitget,ACE/USDT:USDT,0.597,246.74,0.5967,105.02,0.5973,195.65,0.5974,86.41
1753617240969,11:54:00.969,bitget,ACE/USDT:USDT,0.5971,109.24,0.5969,246.74,0.5973,195.65,0.5974,86.41
1753617241119,11:54:01.119,bitget,ACE/USDT:USDT,0.5972,86.41,0.5971,109.24,0.5973,195.65,0.5974,86.41
1753617241269,11:54:01.269,bitget,ACE/USDT:USDT,0.5972,86.41,0.5971,355.98,0.5973,195.65,0.5974,86.41
1753617241419,11:54:01.419,bitget,ACE/USDT:USDT,0.5972,86.41,0.5971,355.98,0.5973,195.65,0.5974,86.41
1753617241569,11:54:01.569,bitget,ACE/USDT:USDT,0.5972,86.41,0.5971,355.98,0.5973,195.65,0.5974,86.41
1753617241719,11:54:01.719,bitget,ACE/USDT:USDT,0.5972,86.41,0.5971,355.98,0.5973,109.24,0.5974,86.41
1753617242020,11:54:02.020,bitget,ACE/USDT:USDT,0.5972,86.41,0.5971,246.74,0.5973,109.24,0.5974,86.41
1753617242170,11:54:02.170,bitget,ACE/USDT:USDT,0.5972,86.41,0.5971,246.74,0.5973,109.24,0.5974,86.41
1753617242320,11:54:02.320,bitget,ACE/USDT:USDT,0.5972,86.41,0.5971,246.74,0.5973,109.24,0.5974,86.41
1753617242470,11:54:02.470,bitget,ACE/USDT:USDT,0.5972,86.41,0.5971,246.74,0.5973,109.24,0.5974,86.41
1753617242620,11:54:02.620,bitget,ACE/USDT:USDT,0.5972,86.41,0.5971,246.74,0.5973,109.24,0.5974,86.41
1753617242770,11:54:02.770,bitget,ACE/USDT:USDT,0.5972,86.41,0.5971,246.74,0.5973,109.24,0.5974,86.41
1753617242920,11:54:02.920,bitget,ACE/USDT:USDT,0.5972,86.41,0.5971,246.74,0.5974,86.41,0.5975,772.14
1753617243070,11:54:03.070,bitget,ACE/USDT:USDT,0.5972,86.41,0.5971,246.74,0.5974,195.65,0.5975,772.14
1753617243220,11:54:03.220,bitget,ACE/USDT:USDT,0.5972,86.41,0.5971,246.74,0.5974,195.65,0.5975,772.14
1753617243370,11:54:03.370,bitget,ACE/USDT:USDT,0.5972,86.41,0.5971,246.74,0.5974,302.21,0.5975,772.14
1753617243521,11:54:03.521,bitget,ACE/USDT:USDT,0.5972,86.41,0.5971,246.74,0.5974,302.21,0.5975,795.02
1753617243671,11:54:03.671,bitget,ACE/USDT:USDT,0.5972,86.41,0.5971,246.74,0.5974,302.21,0.5975,795.02
1753617243821,11:54:03.821,bitget,ACE/USDT:USDT,0.5972,86.41,0.5971,246.74,0.5974,302.21,0.5975,795.02
1753617243971,11:54:03.971,bitget,ACE/USDT:USDT,0.5972,86.41,0.5971,246.74,0.5974,302.21,0.5975,795.02
1753617244121,11:54:04.121,bitget,ACE/USDT:USDT,0.5972,86.41,0.5971,246.74,0.5974,469.61,0.5975,815.14
1753617244271,11:54:04.271,bitget,ACE/USDT:USDT,0.5972,86.41,0.5971,246.74,0.5974,469.61,0.5975,815.14
1753617244421,11:54:04.421,bitget,ACE/USDT:USDT,0.5972,86.41,0.5971,246.74,0.5974,302.21,0.5975,795.02
1753617244571,11:54:04.571,bitget,ACE/USDT:USDT,0.5972,86.41,0.5971,246.74,0.5974,385.91,0.5975,815.15
1753617244721,11:54:04.721,bitget,ACE/USDT:USDT,0.5972,86.41,0.5971,246.74,0.5974,385.91,0.5975,815.15
1753617244871,11:54:04.871,bitget,ACE/USDT:USDT,0.5972,86.41,0.5971,246.74,0.5974,469.61,0.5975,815.15
1753617245021,11:54:05.021,bitget,ACE/USDT:USDT,0.5972,86.41,0.5971,246.74,0.5974,302.21,0.5975,795.02
1753617245172,11:54:05.172,bitget,ACE/USDT:USDT,0.5972,86.41,0.5971,246.74,0.5974,302.21,0.5975,795.02
1753617245321,11:54:05.321,bitget,ACE/USDT:USDT,0.5972,86.41,0.5971,246.74,0.5974,469.61,0.5975,815.15
1753617245472,11:54:05.472,bitget,ACE/USDT:USDT,0.5971,246.22,0.5966,104.85,0.5972,86.41,0.5974,553.31
1753617245622,11:54:05.622,bitget,ACE/USDT:USDT,0.597,246.22,0.5966,104.85,0.5971,246.22,0.5972,195.65
1753617245772,11:54:05.772,bitget,ACE/USDT:USDT,0.5969,246.22,0.5966,104.85,0.5971,246.22,0.5972,109.24
1753617245922,11:54:05.922,bitget,ACE/USDT:USDT,0.5968,246.2,0.5966,104.85,0.5971,246.22,0.5972,109.24
1753617246072,11:54:06.072,bitget,ACE/USDT:USDT,0.5967,246.2,0.5966,104.85,0.5971,246.22,0.5972,109.24
1753617246372,11:54:06.372,bitget,ACE/USDT:USDT,0.597,86.41,0.5968,105.18,0.5971,246.22,0.5972,109.24
1753617246522,11:54:06.522,bitget,ACE/USDT:USDT,0.597,86.41,0.5968,210.64,0.5971,246.22,0.5972,109.24
1753617246673,11:54:06.673,bitget,ACE/USDT:USDT,0.597,78.02,0.5969,351.38,0.5971,246.22,0.5972,109.24
1753617246823,11:54:06.823,bitget,ACE/USDT:USDT,0.597,78.02,0.5969,351.38,0.5971,246.22,0.5972,109.24
1753617246973,11:54:06.973,bitget,ACE/USDT:USDT,0.597,78.02,0.5969,351.38,0.5971,246.22,0.5972,109.24
1753617247123,11:54:07.123,bitget,ACE/USDT:USDT,0.597,78.02,0.5969,351.38,0.5971,246.22,0.5972,109.24
1753617247273,11:54:07.273,bitget,ACE/USDT:USDT,0.5969,246.2,0.5968,105.18,0.597,78.02,0.5971,246.22
1753617247423,11:54:07.423,bitget,ACE/USDT:USDT,0.5968,351.25,0.5967,105.18,0.597,183.2,0.5971,246.22
1753617247723,11:54:07.723,bitget,ACE/USDT:USDT,0.5968,105.38,0.5967,351.25,0.597,183.2,0.5971,246.22
1753617247873,11:54:07.873,bitget,ACE/USDT:USDT,0.5968,210.56,0.5967,351.25,0.597,183.2,0.5971,246.22
1753617248023,11:54:08.023,bitget,ACE/USDT:USDT,0.5967,351.25,0.5966,104.85,0.597,183.2,0.5971,246.22
1753617248173,11:54:08.173,bitget,ACE/USDT:USDT,0.5968,105.38,0.5967,105.18,0.597,183.2,0.5971,246.22
1753617248324,11:54:08.324,bitget,ACE/USDT:USDT,0.5966,350.8,0.5965,206.74,0.597,183.2,0.5971,246.22
1753617248474,11:54:08.474,bitget,ACE/USDT:USDT,0.5966,104.85,0.5965,452.69,0.597,183.2,0.5971,346.56
1753617248624,11:54:08.624,bitget,ACE/USDT:USDT,0.5966,104.85,0.5965,452.69,0.597,183.2,0.5971,346.56
1753617249074,11:54:09.074,bitget,ACE/USDT:USDT,0.5966,104.85,0.5965,452.69,0.597,266.95,0.5971,320.62
1753617249224,11:54:09.224,bitget,ACE/USDT:USDT,0.5966,104.85,0.5965,452.69,0.597,266.95,0.5971,320.62
1753617249374,11:54:09.374,bitget,ACE/USDT:USDT,0.5966,104.85,0.5965,452.69,0.597,183.2,0.5971,320.62
1753617249524,11:54:09.524,bitget,ACE/USDT:USDT,0.5966,104.85,0.5965,452.69,0.597,183.2,0.5971,320.62
1753617249674,11:54:09.674,bitget,ACE/USDT:USDT,0.5966,104.85,0.5965,452.69,0.597,183.2,0.5971,320.62
1753617249824,11:54:09.824,bitget,ACE/USDT:USDT,0.5966,104.85,0.5965,452.69,0.597,183.2,0.5971,320.62
1753617249975,11:54:09.975,bitget,ACE/USDT:USDT,0.5966,104.85,0.5965,452.69,0.597,183.2,0.5971,320.62
1753617250125,11:54:10.125,bitget,ACE/USDT:USDT,0.5966,104.85,0.5965,452.69,0.597,183.2,0.5971,320.62
1753617250275,11:54:10.275,bitget,ACE/USDT:USDT,0.5966,104.85,0.5965,452.69,0.597,183.2,0.5971,320.62
1753617250575,11:54:10.575,bitget,ACE/USDT:USDT,0.5966,104.85,0.5965,452.69,0.597,183.2,0.5971,320.62
1753617250725,11:54:10.725,bitget,ACE/USDT:USDT,0.5966,104.85,0.5965,452.69,0.597,183.2,0.5971,320.62
1753617250875,11:54:10.875,bitget,ACE/USDT:USDT,0.5966,104.85,0.5965,452.69,0.597,183.2,0.5971,320.62
1753617251025,11:54:11.025,bitget,ACE/USDT:USDT,0.5966,104.85,0.5965,452.69,0.597,183.2,0.5971,320.62
1753617251175,11:54:11.175,bitget,ACE/USDT:USDT,0.5966,104.85,0.5965,452.69,0.597,183.2,0.5971,320.62
1753617251325,11:54:11.325,bitget,ACE/USDT:USDT,0.5966,104.85,0.5965,452.69,0.597,183.2,0.5971,320.62
1753617251475,11:54:11.475,bitget,ACE/USDT:USDT,0.5966,104.85,0.5965,452.69,0.597,183.2,0.5971,320.62
1753617252076,11:54:12.076,bitget,ACE/USDT:USDT,0.5966,104.85,0.5965,452.69,0.597,183.2,0.5971,246.22
1753617252226,11:54:12.226,bitget,ACE/USDT:USDT,0.5966,104.85,0.5965,452.69,0.597,183.2,0.5971,246.22
1753617252376,11:54:12.376,bitget,ACE/USDT:USDT,0.5966,104.85,0.5965,452.69,0.597,183.2,0.5971,246.22
1753617252526,11:54:12.526,bitget,ACE/USDT:USDT,0.5966,104.85,0.5965,452.69,0.597,183.2,0.5971,246.22
1753617252676,11:54:12.676,bitget,ACE/USDT:USDT,0.5966,104.85,0.5965,452.69,0.597,183.2,0.5971,246.22
1753617252826,11:54:12.826,bitget,ACE/USDT:USDT,0.5966,104.85,0.5965,452.69,0.597,183.2,0.5971,246.22
1753617252976,11:54:12.976,bitget,ACE/USDT:USDT,0.5966,104.85,0.5965,452.69,0.597,183.2,0.5971,246.22
1753617253126,11:54:13.126,bitget,ACE/USDT:USDT,0.5966,104.85,0.5965,452.69,0.597,183.2,0.5971,246.22
1753617253277,11:54:13.277,bitget,ACE/USDT:USDT,0.5966,104.85,0.5965,452.69,0.597,183.2,0.5971,246.22
1753617253427,11:54:13.427,bitget,ACE/USDT:USDT,0.5966,104.85,0.5965,452.69,0.597,183.2,0.5971,246.22
1753617253577,11:54:13.577,bitget,ACE/USDT:USDT,0.5966,104.85,0.5965,452.69,0.597,183.2,0.5971,246.22
1753617253727,11:54:13.727,bitget,ACE/USDT:USDT,0.5966,104.85,0.5965,452.69,0.597,183.2,0.5971,246.22
1753617254027,11:54:14.027,bitget,ACE/USDT:USDT,0.5966,104.85,0.5965,452.69,0.597,183.2,0.5971,246.22
1753617254177,11:54:14.177,bitget,ACE/USDT:USDT,0.5966,104.85,0.5965,452.69,0.597,183.2,0.5971,246.22
1753617254327,11:54:14.327,bitget,ACE/USDT:USDT,0.5966,104.85,0.5965,452.69,0.597,183.2,0.5971,246.22
1753617254477,11:54:14.477,bitget,ACE/USDT:USDT,0.5966,104.85,0.5965,452.69,0.597,183.2,0.5971,246.22
1753617254627,11:54:14.627,bitget,ACE/USDT:USDT,0.5966,104.85,0.5965,452.69,0.597,183.2,0.5971,246.22
1753617254778,11:54:14.778,bitget,ACE/USDT:USDT,0.5966,104.85,0.5965,452.69,0.597,183.2,0.5971,246.22
1753617254928,11:54:14.928,bitget,ACE/USDT:USDT,0.5966,104.85,0.5965,452.69,0.597,183.2,0.5971,246.22
1753617255078,11:54:15.078,bitget,ACE/USDT:USDT,0.5966,104.85,0.5965,452.69,0.597,183.2,0.5971,246.22
1753617255228,11:54:15.228,bitget,ACE/USDT:USDT,0.5966,104.85,0.5965,452.69,0.597,183.2,0.5971,246.22
1753617255378,11:54:15.378,bitget,ACE/USDT:USDT,0.5967,86.41,0.5966,104.85,0.597,183.2,0.5971,246.22
1753617255528,11:54:15.528,bitget,ACE/USDT:USDT,0.5968,86.41,0.5967,86.41,0.597,183.2,0.5971,246.22
1753617255978,11:54:15.978,bitget,ACE/USDT:USDT,0.5967,350.29,0.5966,104.85,0.597,183.47,0.5971,351.4
1753617256128,11:54:16.128,bitget,ACE/USDT:USDT,0.5967,191.59,0.5966,349.96,0.597,183.47,0.5971,351.4
1753617256278,11:54:16.278,bitget,ACE/USDT:USDT,0.5967,191.59,0.5966,349.96,0.597,183.47,0.5971,351.4
1753617256429,11:54:16.429,bitget,ACE/USDT:USDT,0.5967,191.59,0.5966,349.96,0.597,183.47,0.5971,351.4
1753617257029,11:54:17.029,bitget,ACE/USDT:USDT,0.5967,191.59,0.5966,349.96,0.597,183.47,0.5971,503.17
1753617257179,11:54:17.179,bitget,ACE/USDT:USDT,0.5967,191.59,0.5966,349.96,0.597,183.47,0.5971,503.17
1753617257329,11:54:17.329,bitget,ACE/USDT:USDT,0.5967,191.59,0.5966,349.96,0.597,183.47,0.5971,503.17
1753617257929,11:54:17.929,bitget,ACE/USDT:USDT,0.5967,191.59,0.5966,349.96,0.597,183.47,0.5971,537.67
1753617258080,11:54:18.080,bitget,ACE/USDT:USDT,0.5967,191.59,0.5966,349.96,0.597,183.47,0.5971,537.67
1753617258230,11:54:18.230,bitget,ACE/USDT:USDT,0.5967,191.59,0.5966,349.96,0.597,183.47,0.5971,537.67
1753617258380,11:54:18.380,bitget,ACE/USDT:USDT,0.5967,191.59,0.5966,349.96,0.597,183.47,0.5971,537.67
1753617258530,11:54:18.530,bitget,ACE/USDT:USDT,0.5967,191.59,0.5966,349.96,0.597,183.47,0.5971,520.42
1753617258830,11:54:18.830,bitget,ACE/USDT:USDT,0.5967,191.59,0.5966,349.96,0.597,183.47,0.5971,537.91
1753617258980,11:54:18.980,bitget,ACE/USDT:USDT,0.5967,191.59,0.5966,349.96,0.597,183.47,0.5971,537.91
1753617259130,11:54:19.130,bitget,ACE/USDT:USDT,0.5967,191.59,0.5966,349.96,0.597,183.47,0.5971,537.91
1753617259280,11:54:19.280,bitget,ACE/USDT:USDT,0.5967,191.59,0.5966,349.96,0.597,183.47,0.5971,554.18
1753617259430,11:54:19.430,bitget,ACE/USDT:USDT,0.5967,86.41,0.5966,349.96,0.597,183.47,0.5971,570.35
1753617259581,11:54:19.581,bitget,ACE/USDT:USDT,0.5967,86.41,0.5966,349.96,0.597,183.47,0.5971,817.48
1753617259881,11:54:19.881,bitget,ACE/USDT:USDT,0.5967,86.41,0.5966,349.96,0.597,183.47,0.5971,817.48
1753617260181,11:54:20.181,bitget,ACE/USDT:USDT,0.5967,86.41,0.5966,349.96,0.597,183.47,0.5971,817.48
1753617260331,11:54:20.331,bitget,ACE/USDT:USDT,0.5967,86.41,0.5966,349.96,0.597,183.47,0.5971,817.48
1753617260481,11:54:20.481,bitget,ACE/USDT:USDT,0.5967,86.41,0.5966,349.96,0.597,183.47,0.5971,817.48
1753617260631,11:54:20.631,bitget,ACE/USDT:USDT,0.5967,86.41,0.5966,245.11,0.597,442.58,0.5971,755.26
1753617260781,11:54:20.781,bitget,ACE/USDT:USDT,0.5966,245.11,0.5961,107.63,0.597,623.89,0.5971,729.64
1753617261382,11:54:21.382,bitget,ACE/USDT:USDT,0.5966,86.41,0.5965,105.45,0.597,428.71,0.5971,752.5
1753617261532,11:54:21.532,bitget,ACE/USDT:USDT,0.5967,86.41,0.5966,86.41,0.597,428.71,0.5971,752.5
1753617261682,11:54:21.682,bitget,ACE/USDT:USDT,0.5967,86.41,0.5966,244.57,0.597,428.71,0.5971,735.0
1753617261832,11:54:21.832,bitget,ACE/USDT:USDT,0.5967,86.41,0.5966,244.57,0.597,428.71,0.5971,735.0
1753617261982,11:54:21.982,bitget,ACE/USDT:USDT,0.5967,86.41,0.5966,244.57,0.597,428.71,0.5971,735.0
1753617262132,11:54:22.132,bitget,ACE/USDT:USDT,0.5967,86.41,0.5966,244.57,0.597,428.71,0.5971,735.0
1753617262282,11:54:22.282,bitget,ACE/USDT:USDT,0.5967,86.41,0.5966,244.57,0.597,428.71,0.5971,735.0
1753617262432,11:54:22.432,bitget,ACE/USDT:USDT,0.5967,86.41,0.5966,244.57,0.597,428.71,0.5971,718.73
1753617262582,11:54:22.582,bitget,ACE/USDT:USDT,0.5967,86.41,0.5966,244.57,0.597,428.71,0.5971,718.73
1753617262733,11:54:22.733,bitget,ACE/USDT:USDT,0.5967,86.41,0.5966,244.57,0.597,428.71,0.5971,701.89
1753617262883,11:54:22.883,bitget,ACE/USDT:USDT,0.5967,86.41,0.5966,244.57,0.597,497.76,0.5971,653.29
1753617263033,11:54:23.033,bitget,ACE/USDT:USDT,0.5967,86.41,0.5966,244.57,0.597,531.49,0.5971,653.29
1753617263183,11:54:23.183,bitget,ACE/USDT:USDT,0.5967,86.41,0.5966,244.57,0.597,531.49,0.5971,653.29
1753617263483,11:54:23.483,bitget,ACE/USDT:USDT,0.5967,86.41,0.5966,244.57,0.597,531.49,0.5971,653.29
1753617263783,11:54:23.783,bitget,ACE/USDT:USDT,0.5967,86.41,0.5966,244.57,0.597,531.49,0.5971,653.29
1753617263933,11:54:23.933,bitget,ACE/USDT:USDT,0.5967,86.41,0.5966,244.57,0.597,531.49,0.5971,653.29
1753617264384,11:54:24.384,bitget,ACE/USDT:USDT,0.5967,86.41,0.5966,244.57,0.597,531.49,0.5971,653.29
1753617264684,11:54:24.684,bitget,ACE/USDT:USDT,0.5967,86.41,0.5966,244.57,0.597,531.49,0.5971,653.29
1753617264834,11:54:24.834,bitget,ACE/USDT:USDT,0.5967,86.41,0.5966,244.57,0.597,531.49,0.5971,653.29
1753617265134,11:54:25.134,bitget,ACE/USDT:USDT,0.5967,86.41,0.5966,244.57,0.597,531.49,0.5971,653.29
1753617265284,11:54:25.284,bitget,ACE/USDT:USDT,0.5967,86.41,0.5966,244.57,0.597,531.49,0.5971,653.29
1753617265434,11:54:25.434,bitget,ACE/USDT:USDT,0.5967,86.41,0.5966,244.57,0.597,531.49,0.5971,630.43
1753617265584,11:54:25.584,bitget,ACE/USDT:USDT,0.5967,86.41,0.5966,244.57,0.597,531.49,0.5971,630.43
1753617265734,11:54:25.734,bitget,ACE/USDT:USDT,0.5967,86.41,0.5966,244.57,0.597,531.49,0.5971,630.43
1753617265884,11:54:25.884,bitget,ACE/USDT:USDT,0.5967,86.41,0.5966,244.57,0.597,531.49,0.5971,630.43
1753617266035,11:54:26.035,bitget,ACE/USDT:USDT,0.5967,86.41,0.5966,244.57,0.597,531.49,0.5971,630.43
1753617266185,11:54:26.185,bitget,ACE/USDT:USDT,0.5967,86.41,0.5966,244.57,0.597,531.49,0.5971,630.43
1753617266485,11:54:26.485,bitget,ACE/USDT:USDT,0.5967,86.41,0.5966,244.57,0.597,531.49,0.5971,630.43
1753617266635,11:54:26.635,bitget,ACE/USDT:USDT,0.5967,86.41,0.5966,244.57,0.597,566.82,0.5971,630.43
1753617266935,11:54:26.935,bitget,ACE/USDT:USDT,0.5967,86.41,0.5966,244.57,0.597,566.82,0.5971,630.43
1753617267085,11:54:27.085,bitget,ACE/USDT:USDT,0.5967,86.41,0.5966,244.57,0.597,566.82,0.5971,630.43
1753617267235,11:54:27.235,bitget,ACE/USDT:USDT,0.5967,86.41,0.5966,244.57,0.597,566.82,0.5971,630.43
1753617267385,11:54:27.385,bitget,ACE/USDT:USDT,0.5967,86.41,0.5966,244.57,0.597,566.82,0.5971,630.43
1753617267686,11:54:27.686,bitget,ACE/USDT:USDT,0.5967,86.41,0.5966,244.57,0.597,566.82,0.5971,630.43
1753617267836,11:54:27.836,bitget,ACE/USDT:USDT,0.5967,86.41,0.5966,244.57,0.597,566.82,0.5971,630.43
1753617268136,11:54:28.136,bitget,ACE/USDT:USDT,0.5967,86.41,0.5966,244.57,0.597,603.64,0.5971,630.43
1753617268286,11:54:28.286,bitget,ACE/USDT:USDT,0.5967,86.41,0.5966,244.57,0.597,603.64,0.5971,630.43
1753617268436,11:54:28.436,bitget,ACE/USDT:USDT,0.5967,86.41,0.5966,244.57,0.597,603.64,0.5971,630.43
1753617268586,11:54:28.586,bitget,ACE/USDT:USDT,0.5967,86.41,0.5966,244.57,0.597,603.64,0.5971,630.43
1753617268886,11:54:28.886,bitget,ACE/USDT:USDT,0.5967,86.41,0.5966,244.57,0.597,603.64,0.5971,630.43
1753617269036,11:54:29.036,bitget,ACE/USDT:USDT,0.5967,86.41,0.5966,244.57,0.597,603.64,0.5971,630.43
1753617269186,11:54:29.186,bitget,ACE/USDT:USDT,0.5967,86.41,0.5966,244.57,0.597,603.64,0.5971,630.43
1753617269337,11:54:29.337,bitget,ACE/USDT:USDT,0.5967,86.41,0.5966,244.57,0.597,603.64,0.5971,630.43
1753617269637,11:54:29.637,bitget,ACE/USDT:USDT,0.5967,86.41,0.5966,244.57,0.597,685.21,0.5971,630.43
1753617269787,11:54:29.787,bitget,ACE/USDT:USDT,0.5967,86.41,0.5966,244.57,0.597,685.21,0.5971,630.43
1753617269937,11:54:29.937,bitget,ACE/USDT:USDT,0.5967,86.41,0.5966,244.57,0.597,685.21,0.5971,630.43
1753617270237,11:54:30.237,bitget,ACE/USDT:USDT,0.5967,86.41,0.5966,244.57,0.597,812.39,0.5971,630.43
1753617270387,11:54:30.387,bitget,ACE/USDT:USDT,0.5967,86.41,0.5966,244.57,0.597,812.39,0.5971,630.43
1753617270537,11:54:30.537,bitget,ACE/USDT:USDT,0.5967,86.41,0.5966,244.57,0.597,812.39,0.5971,630.43
1753617270988,11:54:30.988,bitget,ACE/USDT:USDT,0.5967,86.41,0.5966,244.57,0.597,812.39,0.5971,630.43
1753617271138,11:54:31.138,bitget,ACE/USDT:USDT,0.5967,86.41,0.5966,244.57,0.597,812.39,0.5971,630.43
1753617271288,11:54:31.288,bitget,ACE/USDT:USDT,0.5967,86.41,0.5966,244.57,0.597,812.39,0.5971,630.43
1753617271438,11:54:31.438,bitget,ACE/USDT:USDT,0.5967,86.41,0.5966,244.57,0.597,812.39,0.5971,630.43
1753617271588,11:54:31.588,bitget,ACE/USDT:USDT,0.5967,86.41,0.5966,244.57,0.597,812.39,0.5971,630.43
1753617271738,11:54:31.738,bitget,ACE/USDT:USDT,0.5967,86.41,0.5966,244.57,0.597,812.39,0.5971,630.43
1753617272338,11:54:32.338,bitget,ACE/USDT:USDT,0.5967,86.41,0.5966,244.57,0.597,812.39,0.5971,653.29
1753617272489,11:54:32.489,bitget,ACE/USDT:USDT,0.5967,86.41,0.5966,244.57,0.597,812.39,0.5971,653.29
1753617272639,11:54:32.639,bitget,ACE/USDT:USDT,0.5967,86.41,0.5966,244.57,0.597,812.39,0.5971,653.29
1753617272789,11:54:32.789,bitget,ACE/USDT:USDT,0.5967,86.41,0.5966,244.57,0.597,812.39,0.5971,653.29
1753617272939,11:54:32.939,bitget,ACE/USDT:USDT,0.5967,86.41,0.5966,244.57,0.597,812.39,0.5971,653.29
1753617273089,11:54:33.089,bitget,ACE/USDT:USDT,0.5967,86.41,0.5966,244.57,0.597,812.39,0.5971,653.29
1753617273239,11:54:33.239,bitget,ACE/USDT:USDT,0.5967,86.41,0.5966,244.57,0.597,812.39,0.5971,653.29
1753617273389,11:54:33.389,bitget,ACE/USDT:USDT,0.5967,86.41,0.5966,244.57,0.597,812.39,0.5971,653.29
1753617273539,11:54:33.539,bitget,ACE/USDT:USDT,0.5967,86.41,0.5966,244.57,0.597,812.39,0.5971,653.29
1753617274140,11:54:34.140,bitget,ACE/USDT:USDT,0.5967,86.41,0.5966,244.57,0.597,812.39,0.5971,653.29
1753617274440,11:54:34.440,bitget,ACE/USDT:USDT,0.5967,86.41,0.5966,244.57,0.597,812.39,0.5971,653.29
1753617274590,11:54:34.590,bitget,ACE/USDT:USDT,0.5967,86.41,0.5966,244.57,0.597,812.39,0.5971,653.29
1753617274740,11:54:34.740,bitget,ACE/USDT:USDT,0.5967,86.41,0.5966,244.57,0.597,704.68,0.5971,653.29
1753617274890,11:54:34.890,bitget,ACE/USDT:USDT,0.5967,86.41,0.5966,244.57,0.597,838.06,0.5971,653.29
1753617275040,11:54:35.040,bitget,ACE/USDT:USDT,0.5967,86.41,0.5966,244.57,0.597,971.11,0.5971,653.29
1753617275190,11:54:35.190,bitget,ACE/USDT:USDT,0.5967,86.41,0.5966,244.57,0.597,971.11,0.5971,653.29
1753617275941,11:54:35.941,bitget,ACE/USDT:USDT,0.5967,86.41,0.5966,244.57,0.597,1473.18,0.5971,546.25
1753617276091,11:54:36.091,bitget,ACE/USDT:USDT,0.5967,86.41,0.5966,244.57,0.597,1473.18,0.5971,546.25
1753617276241,11:54:36.241,bitget,ACE/USDT:USDT,0.5967,86.41,0.5966,244.57,0.597,1473.18,0.5971,546.25
1753617276391,11:54:36.391,bitget,ACE/USDT:USDT,0.5967,86.41,0.5966,244.57,0.597,1473.18,0.5971,546.25
1753617276841,11:54:36.841,bitget,ACE/USDT:USDT,0.5967,86.41,0.5966,244.57,0.597,1473.18,0.5971,546.25
1753617276991,11:54:36.991,bitget,ACE/USDT:USDT,0.5967,86.41,0.5966,244.57,0.597,1473.18,0.5971,546.25
1753617277141,11:54:37.141,bitget,ACE/USDT:USDT,0.5967,86.41,0.5966,244.57,0.597,1473.18,0.5971,546.25
1753617277442,11:54:37.442,bitget,ACE/USDT:USDT,0.5967,86.41,0.5966,244.57,0.597,1473.18,0.5971,546.25
1753617277592,11:54:37.592,bitget,ACE/USDT:USDT,0.5967,86.41,0.5966,244.57,0.597,1473.18,0.5971,546.25
1753617278192,11:54:38.192,bitget,ACE/USDT:USDT,0.5965,246.34,0.596,209.17,0.5966,244.57,0.5968,166.31
1753617278342,11:54:38.342,bitget,ACE/USDT:USDT,0.5964,246.34,0.5963,107.51,0.5966,244.57,0.5967,107.51
1753617278642,11:54:38.642,bitget,ACE/USDT:USDT,0.5963,107.51,0.5962,246.38,0.5966,244.57,0.5967,107.51
1753617278793,11:54:38.793,bitget,ACE/USDT:USDT,0.5963,107.51,0.5962,353.89,0.5966,244.57,0.5967,107.51
1753617278943,11:54:38.943,bitget,ACE/USDT:USDT,0.5963,107.51,0.5962,353.89,0.5966,244.57,0.5967,107.51
1753617279393,11:54:39.393,bitget,ACE/USDT:USDT,0.5964,107.51,0.5963,213.68,0.5967,107.51,0.5968,588.11
1753617279693,11:54:39.693,bitget,ACE/USDT:USDT,0.5966,86.41,0.5965,246.18,0.5967,107.51,0.5968,499.74
1753617279843,11:54:39.843,bitget,ACE/USDT:USDT,0.5966,86.41,0.5965,246.18,0.5967,232.32,0.5968,499.74
1753617279993,11:54:39.993,bitget,ACE/USDT:USDT,0.5966,86.41,0.5965,246.18,0.5967,232.32,0.5968,499.74
1753617280594,11:54:40.594,bitget,ACE/USDT:USDT,0.5966,86.41,0.5965,246.18,0.5967,232.32,0.5968,561.88
1753617280894,11:54:40.894,bitget,ACE/USDT:USDT,0.5966,86.41,0.5965,246.18,0.5967,232.32,0.5968,561.88
1753617281044,11:54:41.044,bitget,ACE/USDT:USDT,0.5966,86.41,0.5965,246.18,0.5967,232.32,0.5968,561.88
1753617281344,11:54:41.344,bitget,ACE/USDT:USDT,0.5966,86.41,0.5965,246.18,0.5967,232.32,0.5968,561.88
1753617281644,11:54:41.644,bitget,ACE/USDT:USDT,0.5966,86.41,0.5965,246.18,0.5967,232.32,0.5968,429.64
1753617281794,11:54:41.794,bitget,ACE/USDT:USDT,0.5965,246.18,0.5963,107.51,0.5967,316.11,0.5968,90.66
1753617281944,11:54:41.944,bitget,ACE/USDT:USDT,0.5964,246.27,0.5963,107.51,0.5967,304.51,0.5968,90.66
1753617282095,11:54:42.095,bitget,ACE/USDT:USDT,0.5963,353.78,0.5962,107.51,0.5967,526.46,0.5968,90.66
1753617282245,11:54:42.245,bitget,ACE/USDT:USDT,0.5963,107.51,0.5962,353.78,0.5967,358.88,0.5968,90.66
1753617282395,11:54:42.395,bitget,ACE/USDT:USDT,0.5962,353.78,0.596,209.17,0.5967,358.88,0.5968,90.66
1753617282695,11:54:42.695,bitget,ACE/USDT:USDT,0.5962,107.51,0.5961,353.78,0.5967,526.46,0.5968,90.66
1753617283145,11:54:43.145,bitget,ACE/USDT:USDT,0.5965,86.41,0.5964,246.51,0.5966,107.51,0.5967,325.69
1753617283295,11:54:43.295,bitget,ACE/USDT:USDT,0.5965,86.41,0.5964,246.51,0.5966,107.51,0.5967,378.77
1753617283445,11:54:43.445,bitget,ACE/USDT:USDT,0.5965,86.41,0.5964,246.51,0.5966,107.51,0.5967,378.77
1753617283595,11:54:43.595,bitget,ACE/USDT:USDT,0.5965,86.41,0.5964,246.51,0.5966,107.51,0.5967,378.77
1753617283746,11:54:43.746,bitget,ACE/USDT:USDT,0.5965,86.41,0.5964,246.51,0.5966,107.51,0.5967,378.77
1753617283896,11:54:43.896,bitget,ACE/USDT:USDT,0.5965,86.41,0.5964,246.51,0.5966,107.51,0.5967,378.77
1753617284196,11:54:44.196,bitget,ACE/USDT:USDT,0.5965,86.41,0.5964,246.51,0.5966,107.51,0.5967,378.77
1753617284346,11:54:44.346,bitget,ACE/USDT:USDT,0.5965,86.41,0.5964,246.51,0.5966,107.51,0.5967,378.77
1753617284646,11:54:44.646,bitget,ACE/USDT:USDT,0.5965,86.41,0.5964,246.51,0.5966,107.51,0.5967,343.38
1753617284946,11:54:44.946,bitget,ACE/USDT:USDT,0.5961,246.35,0.596,355.52,0.5964,246.51,0.5965,377.65
1753617285247,11:54:45.247,bitget,ACE/USDT:USDT,0.5961,107.51,0.596,109.17,0.5964,267.19,0.5965,397.8
1753617285397,11:54:45.397,bitget,ACE/USDT:USDT,0.5963,86.41,0.596,462.32,0.5964,330.35,0.5965,397.8
1753617285547,11:54:45.547,bitget,ACE/USDT:USDT,0.5963,86.41,0.5962,246.35,0.5964,761.19,0.5965,397.8
1753617285697,11:54:45.697,bitget,ACE/USDT:USDT,0.5963,86.41,0.5962,246.35,0.5964,965.35,0.5965,397.8
1753617285847,11:54:45.847,bitget,ACE/USDT:USDT,0.5963,86.41,0.5962,246.35,0.5964,880.95,0.5965,397.8
1753617286297,11:54:46.297,bitget,ACE/USDT:USDT,0.5963,86.41,0.5962,246.35,0.5964,880.95,0.5965,397.8
1753617286447,11:54:46.447,bitget,ACE/USDT:USDT,0.5963,86.41,0.5962,246.35,0.5964,676.79,0.5965,397.8
1753617286597,11:54:46.597,bitget,ACE/USDT:USDT,0.5963,86.41,0.5962,246.35,0.5964,813.52,0.5965,221.62
1753617286898,11:54:46.898,bitget,ACE/USDT:USDT,0.5963,86.41,0.5962,246.35,0.5964,676.79,0.5965,221.62
1753617287048,11:54:47.048,bitget,ACE/USDT:USDT,0.5963,86.41,0.5962,246.35,0.5964,676.79,0.5965,221.62
1753617287348,11:54:47.348,bitget,ACE/USDT:USDT,0.5963,86.41,0.5962,246.35,0.5964,676.79,0.5965,221.62
1753617287498,11:54:47.498,bitget,ACE/USDT:USDT,0.5963,86.41,0.5962,246.35,0.5964,1479.83,0.5965,489.12
1753617287648,11:54:47.648,bitget,ACE/USDT:USDT,0.5963,86.41,0.5962,246.35,0.5964,1479.83,0.5965,489.12
1753617287798,11:54:47.798,bitget,ACE/USDT:USDT,0.5963,86.41,0.5962,246.35,0.5964,1479.83,0.5965,489.12
1753617288098,11:54:48.098,bitget,ACE/USDT:USDT,0.5963,86.41,0.5962,246.35,0.5964,1479.83,0.5965,489.12
1753617288399,11:54:48.399,bitget,ACE/USDT:USDT,0.5963,86.41,0.5962,246.35,0.5964,1631.62,0.5965,489.12
1753617288549,11:54:48.549,bitget,ACE/USDT:USDT,0.5963,86.41,0.5962,246.35,0.5964,1479.83,0.5965,489.12
1753617288699,11:54:48.699,bitget,ACE/USDT:USDT,0.5963,86.41,0.5962,246.35,0.5964,1479.83,0.5965,489.12
1753617288849,11:54:48.849,bitget,ACE/USDT:USDT,0.5963,86.41,0.5962,246.35,0.5964,1515.23,0.5965,489.12
1753617288999,11:54:48.999,bitget,ACE/USDT:USDT,0.5963,86.41,0.5962,246.35,0.5964,1515.23,0.5965,489.12
1753617289149,11:54:49.149,bitget,ACE/USDT:USDT,0.5963,86.41,0.5962,246.35,0.5964,1515.23,0.5965,489.12
1753617289299,11:54:49.299,bitget,ACE/USDT:USDT,0.5963,86.41,0.5962,246.35,0.5964,1515.23,0.5965,489.12
1753617289449,11:54:49.449,bitget,ACE/USDT:USDT,0.5963,86.41,0.5962,246.35,0.5964,1515.23,0.5965,489.12
1753617289599,11:54:49.599,bitget,ACE/USDT:USDT,0.5963,86.41,0.5962,246.35,0.5964,1268.72,0.5965,489.12
1753617289749,11:54:49.749,bitget,ACE/USDT:USDT,0.5963,86.41,0.5962,246.35,0.5964,1515.23,0.5965,489.12
1753617289899,11:54:49.899,bitget,ACE/USDT:USDT,0.5963,86.41,0.5962,246.35,0.5964,1515.23,0.5965,489.12
1753617290500,11:54:50.500,bitget,ACE/USDT:USDT,0.5963,192.14,0.5962,246.35,0.5966,706.37,0.5967,851.41
1753617290650,11:54:50.650,bitget,ACE/USDT:USDT,0.5964,86.41,0.5963,192.14,0.5965,105.73,0.5966,336.64
1753617290800,11:54:50.800,bitget,ACE/USDT:USDT,0.5964,86.41,0.5963,192.14,0.5965,105.73,0.5966,442.75
1753617291400,11:54:51.400,bitget,ACE/USDT:USDT,0.5964,86.41,0.5963,352.54,0.5966,292.21,0.5967,230.41
1753617291701,11:54:51.701,bitget,ACE/USDT:USDT,0.5964,86.41,0.5963,352.54,0.5966,292.21,0.5967,230.41
1753617292001,11:54:52.001,bitget,ACE/USDT:USDT,0.5964,86.41,0.5963,352.54,0.5966,292.21,0.5967,230.41
1753617292151,11:54:52.151,bitget,ACE/USDT:USDT,0.5964,86.41,0.5963,352.54,0.5966,292.21,0.5967,230.41
1753617292301,11:54:52.301,bitget,ACE/USDT:USDT,0.5964,86.41,0.5963,352.54,0.5966,292.21,0.5967,230.41
1753617292901,11:54:52.901,bitget,ACE/USDT:USDT,0.5964,86.41,0.5963,352.54,0.5966,292.21,0.5967,230.41
1753617293051,11:54:53.051,bitget,ACE/USDT:USDT,0.5964,86.41,0.5963,352.54,0.5966,292.21,0.5967,230.41
1753617293352,11:54:53.352,bitget,ACE/USDT:USDT,0.5964,86.41,0.5963,352.54,0.5966,610.37,0.5967,230.41
1753617293652,11:54:53.652,bitget,ACE/USDT:USDT,0.5964,86.41,0.5963,352.54,0.5966,610.37,0.5967,230.41
1753617293802,11:54:53.802,bitget,ACE/USDT:USDT,0.5964,86.41,0.5963,352.54,0.5965,105.73,0.5966,610.37
1753617294102,11:54:54.102,bitget,ACE/USDT:USDT,0.5964,86.41,0.5963,352.54,0.5965,105.73,0.5966,238.21
1753617294252,11:54:54.252,bitget,ACE/USDT:USDT,0.5964,86.41,0.5963,352.54,0.5965,105.73,0.5966,238.21
1753617294552,11:54:54.552,bitget,ACE/USDT:USDT,0.5964,86.41,0.5963,352.54,0.5965,105.73,0.5966,238.21
1753617294702,11:54:54.702,bitget,ACE/USDT:USDT,0.5964,86.41,0.5963,352.54,0.5965,105.73,0.5966,238.21
1753617294853,11:54:54.853,bitget,ACE/USDT:USDT,0.5964,86.41,0.5963,246.81,0.5965,105.73,0.5966,238.21
1753617295153,11:54:55.153,bitget,ACE/USDT:USDT,0.5964,86.41,0.5963,246.81,0.5965,105.73,0.5966,238.21
1753617295303,11:54:55.303,bitget,ACE/USDT:USDT,0.5964,86.41,0.5963,246.81,0.5965,105.73,0.5966,238.21
1753617295453,11:54:55.453,bitget,ACE/USDT:USDT,0.5963,246.81,0.5959,109.66,0.5965,105.73,0.5966,255.9
1753617295603,11:54:55.603,bitget,ACE/USDT:USDT,0.5963,86.41,0.5962,247.33,0.5965,105.73,0.5966,255.9
1753617296203,11:54:56.203,bitget,ACE/USDT:USDT,0.5963,86.41,0.5962,247.33,0.5964,108.3,0.5965,202.91
1753617296504,11:54:56.504,bitget,ACE/USDT:USDT,0.5963,86.41,0.5962,247.33,0.5964,108.3,0.5965,221.62
1753617296804,11:54:56.804,bitget,ACE/USDT:USDT,0.5963,86.41,0.5962,247.33,0.5964,108.3,0.5965,327.78
1753617297104,11:54:57.104,bitget,ACE/USDT:USDT,0.5963,86.41,0.5962,247.33,0.5964,192.14,0.5965,257.0
1753617297254,11:54:57.254,bitget,ACE/USDT:USDT,0.5963,86.41,0.5962,247.33,0.5964,192.14,0.5965,257.0
1753617297854,11:54:57.854,bitget,ACE/USDT:USDT,0.5963,86.41,0.5962,247.33,0.5964,192.14,0.5965,292.39
1753617298004,11:54:58.004,bitget,ACE/USDT:USDT,0.5963,86.41,0.5962,247.33,0.5964,192.14,0.5965,292.39
1753617298455,11:54:58.455,bitget,ACE/USDT:USDT,0.5963,86.41,0.5962,247.33,0.5964,192.14,0.5965,463.87
1753617298605,11:54:58.605,bitget,ACE/USDT:USDT,0.5963,86.41,0.5962,247.33,0.5964,192.14,0.5965,463.87
1753617298755,11:54:58.755,bitget,ACE/USDT:USDT,0.5963,86.41,0.5962,247.33,0.5964,192.14,0.5965,463.87
1753617298905,11:54:58.905,bitget,ACE/USDT:USDT,0.5962,247.33,0.5959,109.66,0.5963,16.78,0.5964,192.14
1753617299055,11:54:59.055,bitget,ACE/USDT:USDT,0.5961,247.47,0.5959,109.66,0.5963,16.78,0.5964,108.3
1753617299205,11:54:59.205,bitget,ACE/USDT:USDT,0.596,247.47,0.5959,109.66,0.5964,108.3,0.5965,176.94
1753617299505,11:54:59.505,bitget,ACE/USDT:USDT,0.5963,86.41,0.5962,247.47,0.5964,108.3,0.5965,176.94
1753617299806,11:54:59.806,bitget,ACE/USDT:USDT,0.5963,86.41,0.5962,247.47,0.5964,108.3,0.5965,220.28
1753617299956,11:54:59.956,bitget,ACE/USDT:USDT,0.5963,86.41,0.5962,247.47,0.5964,108.3,0.5965,220.28
1753617300106,11:55:00.106,bitget,ACE/USDT:USDT,0.5963,86.41,0.5962,247.47,0.5964,108.3,0.5965,220.28
1753617300256,11:55:00.256,bitget,ACE/USDT:USDT,0.5963,86.41,0.5962,247.47,0.5964,108.3,0.5965,220.28
1753617300406,11:55:00.406,bitget,ACE/USDT:USDT,0.5963,86.41,0.5962,247.47,0.5964,108.3,0.5965,220.28
1753617300556,11:55:00.556,bitget,ACE/USDT:USDT,0.5963,86.41,0.5962,247.47,0.5964,108.3,0.5965,220.28
1753617300706,11:55:00.706,bitget,ACE/USDT:USDT,0.5963,86.41,0.5962,247.47,0.5964,108.3,0.5965,105.73
1753617301006,11:55:01.006,bitget,ACE/USDT:USDT,0.5963,86.41,0.5962,247.47,0.5964,108.3,0.5965,292.39
1753617301157,11:55:01.157,bitget,ACE/USDT:USDT,0.5963,86.41,0.5962,247.47,0.5964,108.3,0.5965,190.92
1753617301307,11:55:01.307,bitget,ACE/USDT:USDT,0.5963,86.41,0.5962,247.47,0.5964,192.14,0.5965,148.0
1753617301457,11:55:01.457,bitget,ACE/USDT:USDT,0.5963,86.41,0.5962,247.47,0.5964,192.14,0.5965,158.8
1753617301607,11:55:01.607,bitget,ACE/USDT:USDT,0.5962,247.47,0.5959,109.66,0.5964,275.98,0.5965,158.8
1753617302057,11:55:02.057,bitget,ACE/USDT:USDT,0.5962,86.41,0.5961,247.69,0.5964,108.3,0.5965,194.18
1753617302207,11:55:02.207,bitget,ACE/USDT:USDT,0.5962,86.41,0.5961,247.69,0.5964,108.3,0.5965,194.18
1753617302357,11:55:02.357,bitget,ACE/USDT:USDT,0.5962,86.41,0.5961,247.69,0.5964,108.3,0.5965,194.18
1753617302507,11:55:02.507,bitget,ACE/USDT:USDT,0.5962,86.41,0.5961,247.69,0.5964,108.3,0.5965,194.18
1753617302657,11:55:02.657,bitget,ACE/USDT:USDT,0.5962,86.41,0.5961,247.69,0.5964,108.3,0.5965,194.18
1753617303258,11:55:03.258,bitget,ACE/USDT:USDT,0.5962,86.41,0.5961,247.69,0.5963,108.3,0.5964,108.3
1753617303708,11:55:03.708,bitget,ACE/USDT:USDT,0.5962,86.41,0.5961,247.69,0.5964,108.3,0.5965,262.23
1753617303858,11:55:03.858,bitget,ACE/USDT:USDT,0.5962,86.41,0.5961,247.69,0.5964,108.3,0.5965,262.23
1753617304008,11:55:04.008,bitget,ACE/USDT:USDT,0.5962,86.41,0.5961,247.69,0.5964,108.3,0.5965,262.23
1753617304158,11:55:04.158,bitget,ACE/USDT:USDT,0.5962,86.41,0.5961,247.69,0.5964,108.3,0.5965,262.23
1753617304308,11:55:04.308,bitget,ACE/USDT:USDT,0.5962,86.41,0.5961,247.69,0.5964,108.3,0.5965,286.54
1753617304459,11:55:04.459,bitget,ACE/USDT:USDT,0.5962,86.41,0.5961,247.69,0.5964,192.14,0.5965,310.88
1753617304609,11:55:04.609,bitget,ACE/USDT:USDT,0.5962,86.41,0.5961,247.69,0.5963,108.3,0.5964,285.4
1753617304759,11:55:04.759,bitget,ACE/USDT:USDT,0.5962,86.41,0.5961,247.69,0.5963,108.3,0.5964,285.4
1753617304909,11:55:04.909,bitget,ACE/USDT:USDT,0.5962,86.41,0.5961,247.69,0.5963,108.3,0.5964,201.56
1753617305059,11:55:05.059,bitget,ACE/USDT:USDT,0.5961,247.69,0.5958,205.77,0.5962,86.41,0.5963,108.3
1753617305209,11:55:05.209,bitget,ACE/USDT:USDT,0.596,247.88,0.5959,108.3,0.5962,86.41,0.5963,108.3
1753617305359,11:55:05.359,bitget,ACE/USDT:USDT,0.5959,356.18,0.5958,205.77,0.5962,86.41,0.5963,108.3
1753617305659,11:55:05.659,bitget,ACE/USDT:USDT,0.596,86.41,0.5959,244.4,0.5961,108.3,0.5962,86.41
1753617305809,11:55:05.809,bitget,ACE/USDT:USDT,0.596,86.41,0.5959,492.28,0.5961,108.3,0.5962,86.41
1753617306110,11:55:06.110,bitget,ACE/USDT:USDT,0.5961,86.41,0.596,86.41,0.5962,86.41,0.5963,108.3
1753617306260,11:55:06.260,bitget,ACE/USDT:USDT,0.5961,86.41,0.596,247.86,0.5963,108.3,0.5964,108.3
1753617306410,11:55:06.410,bitget,ACE/USDT:USDT,0.5962,86.41,0.5961,86.41,0.5964,108.3,0.5965,247.96
1753617306560,11:55:06.560,bitget,ACE/USDT:USDT,0.5962,86.41,0.5961,247.86,0.5964,108.3,0.5965,247.96
1753617306710,11:55:06.710,bitget,ACE/USDT:USDT,0.5962,86.41,0.5961,247.86,0.5963,107.19,0.5964,192.14
1753617306860,11:55:06.860,bitget,ACE/USDT:USDT,0.5962,86.41,0.5961,247.86,0.5963,107.19,0.5964,108.3
1753617307010,11:55:07.010,bitget,ACE/USDT:USDT,0.5962,86.41,0.5961,247.86,0.5964,108.3,0.5965,202.44
1753617307160,11:55:07.160,bitget,ACE/USDT:USDT,0.5962,86.41,0.5961,247.86,0.5964,108.3,0.5965,202.44
1753617307310,11:55:07.310,bitget,ACE/USDT:USDT,0.5962,86.41,0.5961,247.86,0.5963,56.35,0.5964,275.98
1753617307460,11:55:07.460,bitget,ACE/USDT:USDT,0.5962,86.41,0.5961,247.86,0.5963,163.54,0.5964,192.14
1753617307610,11:55:07.610,bitget,ACE/USDT:USDT,0.5962,86.41,0.5961,247.86,0.5963,107.19,0.5964,192.14
1753617307761,11:55:07.761,bitget,ACE/USDT:USDT,0.5962,86.41,0.5961,247.86,0.5963,107.19,0.5964,192.14
1753617308211,11:55:08.211,bitget,ACE/USDT:USDT,0.5957,105.77,0.5955,205.73,0.5961,582.13,0.5962,1763.12
1753617308511,11:55:08.511,bitget,ACE/USDT:USDT,0.5958,86.41,0.5957,355.03,0.596,107.19,0.5961,302.34
1753617308811,11:55:08.811,bitget,ACE/USDT:USDT,0.5957,107.19,0.5956,355.03,0.596,107.19,0.5961,547.59
1753617308961,11:55:08.961,bitget,ACE/USDT:USDT,0.5956,355.03,0.5955,205.73,0.596,191.09,0.5961,547.59
1753617309111,11:55:09.111,bitget,ACE/USDT:USDT,0.5956,107.19,0.5955,453.57,0.5959,107.19,0.596,107.19
1753617309261,11:55:09.261,bitget,ACE/USDT:USDT,0.5957,86.41,0.5956,243.26,0.596,107.19,0.5961,547.59
1753617309562,11:55:09.562,bitget,ACE/USDT:USDT,0.5957,193.6,0.5956,491.3,0.596,107.19,0.5961,547.59
1753617309712,11:55:09.712,bitget,ACE/USDT:USDT,0.5957,193.6,0.5956,355.23,0.596,107.19,0.5961,547.59
1753617309862,11:55:09.862,bitget,ACE/USDT:USDT,0.5957,193.6,0.5956,355.23,0.596,107.19,0.5961,547.59
1753617310012,11:55:10.012,bitget,ACE/USDT:USDT,0.5957,193.6,0.5956,355.23,0.596,107.19,0.5961,547.59
1753617310162,11:55:10.162,bitget,ACE/USDT:USDT,0.5957,193.6,0.5956,355.23,0.596,107.19,0.5961,547.59
1753617310312,11:55:10.312,bitget,ACE/USDT:USDT,0.5957,193.6,0.5956,355.23,0.596,107.19,0.5961,547.59
1753617310462,11:55:10.462,bitget,ACE/USDT:USDT,0.5957,193.6,0.5956,355.23,0.596,107.19,0.5961,547.59
1753617310612,11:55:10.612,bitget,ACE/USDT:USDT,0.5957,193.6,0.5956,355.23,0.596,107.19,0.5961,547.59
1753617310762,11:55:10.762,bitget,ACE/USDT:USDT,0.5957,193.6,0.5956,355.23,0.596,107.19,0.5961,547.59
1753617310913,11:55:10.913,bitget,ACE/USDT:USDT,0.5957,193.6,0.5956,355.23,0.596,107.19,0.5961,547.59
1753617311063,11:55:11.063,bitget,ACE/USDT:USDT,0.5957,193.6,0.5956,355.23,0.596,107.19,0.5961,547.59
1753617311213,11:55:11.213,bitget,ACE/USDT:USDT,0.5957,193.6,0.5956,355.23,0.596,107.19,0.5961,547.59
1753617311363,11:55:11.363,bitget,ACE/USDT:USDT,0.5957,193.6,0.5956,355.23,0.596,107.19,0.5961,547.59
1753617311513,11:55:11.513,bitget,ACE/USDT:USDT,0.5957,193.6,0.5956,355.23,0.596,191.08,0.5961,547.59
1753617311663,11:55:11.663,bitget,ACE/USDT:USDT,0.5957,193.6,0.5956,355.23,0.5959,107.19,0.596,191.08
1753617311813,11:55:11.813,bitget,ACE/USDT:USDT,0.5958,86.41,0.5957,193.6,0.5959,107.19,0.596,107.19
1753617311963,11:55:11.963,bitget,ACE/USDT:USDT,0.5958,86.41,0.5957,355.21,0.596,107.19,0.5961,547.59
1753617312113,11:55:12.113,bitget,ACE/USDT:USDT,0.5958,86.41,0.5957,355.21,0.596,107.19,0.5961,547.59
1753617312264,11:55:12.264,bitget,ACE/USDT:USDT,0.5958,86.41,0.5957,355.21,0.596,107.19,0.5961,547.59
1753617312413,11:55:12.413,bitget,ACE/USDT:USDT,0.5958,86.41,0.5957,355.21,0.596,107.19,0.5961,547.59
1753617312564,11:55:12.564,bitget,ACE/USDT:USDT,0.5958,86.41,0.5957,355.21,0.596,107.19,0.5961,547.59
1753617312714,11:55:12.714,bitget,ACE/USDT:USDT,0.5958,86.41,0.5957,355.21,0.596,107.19,0.5961,547.59
1753617312864,11:55:12.864,bitget,ACE/USDT:USDT,0.5958,86.41,0.5957,355.21,0.596,107.19,0.5961,547.59
1753617313014,11:55:13.014,bitget,ACE/USDT:USDT,0.5958,86.41,0.5957,355.21,0.596,107.19,0.5961,547.59
1753617313164,11:55:13.164,bitget,ACE/USDT:USDT,0.5958,86.41,0.5957,355.21,0.596,107.19,0.5961,547.59
1753617313314,11:55:13.314,bitget,ACE/USDT:USDT,0.5957,355.21,0.5956,107.19,0.596,107.19,0.5961,547.59
1753617313464,11:55:13.464,bitget,ACE/USDT:USDT,0.5957,193.6,0.5956,355.17,0.596,107.19,0.5961,547.59
1753617313614,11:55:13.614,bitget,ACE/USDT:USDT,0.5957,193.6,0.5956,355.17,0.596,107.19,0.5961,547.59
1753617313764,11:55:13.764,bitget,ACE/USDT:USDT,0.5957,193.6,0.5956,355.17,0.596,107.19,0.5961,547.59
1753617313914,11:55:13.914,bitget,ACE/USDT:USDT,0.5957,193.6,0.5956,355.17,0.596,107.19,0.5961,547.59
1753617314064,11:55:14.064,bitget,ACE/USDT:USDT,0.5957,86.41,0.5956,355.17,0.596,107.19,0.5961,547.59
1753617314215,11:55:14.215,bitget,ACE/USDT:USDT,0.5957,86.41,0.5956,355.17,0.596,107.19,0.5961,547.59
1753617314365,11:55:14.365,bitget,ACE/USDT:USDT,0.5957,86.41,0.5956,355.17,0.596,107.19,0.5961,547.59
1753617314515,11:55:14.515,bitget,ACE/USDT:USDT,0.5957,86.41,0.5956,355.17,0.596,107.19,0.5961,547.59
1753617314665,11:55:14.665,bitget,ACE/USDT:USDT,0.5957,86.41,0.5956,355.17,0.596,107.19,0.5961,547.59
1753617314815,11:55:14.815,bitget,ACE/USDT:USDT,0.5957,86.41,0.5956,355.17,0.596,107.19,0.5961,547.59
1753617314965,11:55:14.965,bitget,ACE/USDT:USDT,0.5957,86.41,0.5956,355.17,0.596,107.19,0.5961,547.59
1753617315115,11:55:15.115,bitget,ACE/USDT:USDT,0.5957,86.41,0.5956,355.17,0.596,107.19,0.5961,547.59
1753617315265,11:55:15.265,bitget,ACE/USDT:USDT,0.5957,86.41,0.5956,355.17,0.596,107.19,0.5961,547.59
1753617315415,11:55:15.415,bitget,ACE/USDT:USDT,0.5957,86.41,0.5956,355.17,0.596,107.19,0.5961,547.59
1753617315565,11:55:15.565,bitget,ACE/USDT:USDT,0.5957,86.41,0.5956,355.17,0.596,107.19,0.5961,547.59
1753617315716,11:55:15.716,bitget,ACE/USDT:USDT,0.5957,86.41,0.5956,355.17,0.596,107.19,0.5961,547.59
1753617315866,11:55:15.866,bitget,ACE/USDT:USDT,0.5957,86.41,0.5956,355.17,0.596,107.19,0.5961,547.59
1753617316016,11:55:16.016,bitget,ACE/USDT:USDT,0.5957,86.41,0.5956,355.17,0.596,107.19,0.5961,547.59
1753617316166,11:55:16.166,bitget,ACE/USDT:USDT,0.5957,86.41,0.5956,355.17,0.596,107.19,0.5961,547.59
1753617316316,11:55:16.316,bitget,ACE/USDT:USDT,0.5957,86.41,0.5956,355.17,0.596,107.19,0.5961,547.59
1753617316466,11:55:16.466,bitget,ACE/USDT:USDT,0.5957,86.41,0.5956,355.17,0.596,107.19,0.5961,547.59
1753617316616,11:55:16.616,bitget,ACE/USDT:USDT,0.5957,86.41,0.5956,355.17,0.596,107.19,0.5961,547.59
1753617316766,11:55:16.766,bitget,ACE/USDT:USDT,0.5957,86.41,0.5956,355.17,0.596,107.19,0.5961,547.59
1753617316916,11:55:16.916,bitget,ACE/USDT:USDT,0.5957,86.41,0.5956,355.17,0.596,107.19,0.5961,547.59
1753617317066,11:55:17.066,bitget,ACE/USDT:USDT,0.5957,86.41,0.5956,355.17,0.596,107.19,0.5961,547.59
1753617317217,11:55:17.217,bitget,ACE/USDT:USDT,0.5957,86.41,0.5956,355.17,0.596,107.19,0.5961,547.59
1753617317367,11:55:17.367,bitget,ACE/USDT:USDT,0.5957,86.41,0.5956,355.17,0.596,107.19,0.5961,547.59
1753617317517,11:55:17.517,bitget,ACE/USDT:USDT,0.5957,86.41,0.5956,355.17,0.596,107.19,0.5961,547.59
1753617317667,11:55:17.667,bitget,ACE/USDT:USDT,0.5957,86.41,0.5956,355.17,0.596,107.19,0.5961,547.59
1753617317817,11:55:17.817,bitget,ACE/USDT:USDT,0.5957,86.41,0.5956,355.17,0.596,107.19,0.5961,547.59
1753617317967,11:55:17.967,bitget,ACE/USDT:USDT,0.5957,86.41,0.5956,355.17,0.596,107.19,0.5961,547.59
1753617318417,11:55:18.417,bitget,ACE/USDT:USDT,0.5957,86.41,0.5956,355.17,0.596,107.19,0.5961,547.59
1753617318567,11:55:18.567,bitget,ACE/USDT:USDT,0.5957,86.41,0.5956,355.17,0.596,107.19,0.5961,547.59
1753617318718,11:55:18.718,bitget,ACE/USDT:USDT,0.5957,86.41,0.5956,355.17,0.596,107.19,0.5961,547.59
1753617318867,11:55:18.867,bitget,ACE/USDT:USDT,0.5957,86.41,0.5956,247.98,0.596,107.19,0.5961,547.59
1753617319168,11:55:19.168,bitget,ACE/USDT:USDT,0.5957,86.41,0.5956,247.98,0.5959,108.12,0.596,302.39
1753617319318,11:55:19.318,bitget,ACE/USDT:USDT,0.5957,86.41,0.5956,247.98,0.5959,108.12,0.596,302.39
1753617319468,11:55:19.468,bitget,ACE/USDT:USDT,0.5957,86.41,0.5956,247.98,0.5959,108.12,0.596,270.7
1753617319618,11:55:19.618,bitget,ACE/USDT:USDT,0.5957,86.41,0.5956,247.98,0.5959,108.12,0.596,270.7
1753617319768,11:55:19.768,bitget,ACE/USDT:USDT,0.5957,194.53,0.5956,247.98,0.5959,192.03,0.596,270.7
1753617319918,11:55:19.918,bitget,ACE/USDT:USDT,0.5957,86.41,0.5956,247.98,0.5959,108.12,0.596,270.7
1753617320068,11:55:20.068,bitget,ACE/USDT:USDT,0.5956,247.98,0.5955,108.12,0.5957,86.41,0.5959,108.12
1753617320218,11:55:20.218,bitget,ACE/USDT:USDT,0.5956,247.98,0.5955,108.12,0.5957,86.41,0.5959,108.12
1753617320369,11:55:20.369,bitget,ACE/USDT:USDT,0.5955,356.29,0.5951,3423.71,0.5957,86.41,0.5959,108.12
1753617320519,11:55:20.519,bitget,ACE/USDT:USDT,0.5955,108.12,0.5954,248.17,0.5957,86.41,0.5959,108.12
1753617320669,11:55:20.669,bitget,ACE/USDT:USDT,0.5955,108.12,0.5954,356.29,0.5957,86.41,0.5959,108.12
1753617320819,11:55:20.819,bitget,ACE/USDT:USDT,0.5955,192.07,0.5954,356.29,0.5957,86.41,0.5959,108.12
1753617321119,11:55:21.119,bitget,ACE/USDT:USDT,0.5955,192.07,0.5954,356.29,0.5957,86.41,0.5959,108.12
1753617321269,11:55:21.269,bitget,ACE/USDT:USDT,0.5955,192.07,0.5954,356.29,0.5957,86.41,0.5959,108.12
1753617321419,11:55:21.419,bitget,ACE/USDT:USDT,0.5955,192.07,0.5954,356.29,0.5957,86.41,0.5959,108.12
1753617321569,11:55:21.569,bitget,ACE/USDT:USDT,0.5956,108.12,0.5955,192.07,0.5957,86.41,0.5959,108.12
1753617321719,11:55:21.719,bitget,ACE/USDT:USDT,0.5956,108.12,0.5955,440.37,0.5957,86.41,0.5959,108.12
1753617321870,11:55:21.870,bitget,ACE/USDT:USDT,0.5956,108.12,0.5955,440.37,0.5957,86.41,0.5959,108.12
1753617322020,11:55:22.020,bitget,ACE/USDT:USDT,0.5956,108.12,0.5955,356.42,0.5957,86.41,0.5959,108.12
1753617322170,11:55:22.170,bitget,ACE/USDT:USDT,0.5955,356.42,0.5954,108.12,0.5957,86.41,0.5959,108.12
1753617322320,11:55:22.320,bitget,ACE/USDT:USDT,0.5955,108.12,0.5954,356.41,0.5957,86.41,0.5959,108.12
1753617322470,11:55:22.470,bitget,ACE/USDT:USDT,0.5955,106.92,0.5954,356.41,0.5957,86.41,0.5959,108.12
1753617322620,11:55:22.620,bitget,ACE/USDT:USDT,0.5955,215.04,0.5954,356.41,0.5957,86.41,0.5959,108.12
