timestamp,time,exchange,symbol,bid1_price,bid1_volume,bid2_price,bid2_volume,ask1_price,ask1_volume,ask2_price,ask2_volume
1753617155452,11:52:35.452,binance,ACT/USDT:USDT,0.04604,2891.0,0.04603,20302.0,0.04605,3553.0,0.04606,31367.0
1753617155568,11:52:35.568,binance,ACT/USDT:USDT,0.04604,2891.0,0.04603,20302.0,0.04605,3553.0,0.04606,31367.0
1753617156665,11:52:36.665,binance,ACT/USDT:USDT,0.04604,2891.0,0.04603,20302.0,0.04605,3553.0,0.04606,31367.0
1753617156800,11:52:36.800,binance,ACT/USDT:USDT,0.04604,2891.0,0.04603,20302.0,0.04605,3553.0,0.04606,31367.0
1753617156901,11:52:36.901,binance,ACT/USDT:USDT,0.04604,2891.0,0.04603,20302.0,0.04605,3553.0,0.04606,31367.0
1753617157150,11:52:37.150,binance,ACT/USDT:USDT,0.04604,2891.0,0.04603,20302.0,0.04605,3553.0,0.04606,31367.0
1753617157252,11:52:37.252,binance,ACT/USDT:USDT,0.04604,2891.0,0.04603,20302.0,0.04605,3553.0,0.04606,31367.0
1753617157353,11:52:37.353,binance,ACT/USDT:USDT,0.04604,2891.0,0.04603,20302.0,0.04605,3553.0,0.04606,31367.0
1753617157934,11:52:37.934,binance,ACT/USDT:USDT,0.04604,2891.0,0.04603,20302.0,0.04605,3553.0,0.04606,31367.0
1753617158255,11:52:38.255,binance,ACT/USDT:USDT,0.04604,2891.0,0.04603,20302.0,0.04605,3553.0,0.04606,31367.0
1753617158562,11:52:38.562,binance,ACT/USDT:USDT,0.04604,2891.0,0.04603,20302.0,0.04605,3553.0,0.04606,31367.0
1753617158802,11:52:38.802,binance,ACT/USDT:USDT,0.04604,2891.0,0.04603,20302.0,0.04605,3976.0,0.04606,31367.0
1753617158953,11:52:38.953,binance,ACT/USDT:USDT,0.04604,2891.0,0.04603,20302.0,0.04605,3976.0,0.04606,31367.0
1753617160002,11:52:40.002,binance,ACT/USDT:USDT,0.04604,2891.0,0.04603,20302.0,0.04605,3976.0,0.04606,31367.0
1753617160134,11:52:40.134,binance,ACT/USDT:USDT,0.04604,2891.0,0.04603,20302.0,0.04605,3976.0,0.04606,31367.0
1753617160443,11:52:40.443,binance,ACT/USDT:USDT,0.04604,2891.0,0.04603,20302.0,0.04605,2760.0,0.04606,26449.0
1753617160563,11:52:40.563,binance,ACT/USDT:USDT,0.04604,2891.0,0.04603,20302.0,0.04605,2760.0,0.04606,26449.0
1753617161908,11:52:41.908,binance,ACT/USDT:USDT,0.04604,2891.0,0.04603,20302.0,0.04605,2760.0,0.04606,26449.0
1753617162775,11:52:42.775,binance,ACT/USDT:USDT,0.04604,2891.0,0.04603,20302.0,0.04605,2875.0,0.04606,21628.0
1753617162892,11:52:42.892,binance,ACT/USDT:USDT,0.04604,2891.0,0.04603,20302.0,0.04605,2875.0,0.04606,26457.0
1753617163002,11:52:43.002,binance,ACT/USDT:USDT,0.04604,2891.0,0.04603,20302.0,0.04605,2875.0,0.04606,26457.0
1753617163560,11:52:43.560,binance,ACT/USDT:USDT,0.04604,11017.0,0.04603,20302.0,0.04605,2645.0,0.04606,26457.0
1753617163695,11:52:43.695,binance,ACT/USDT:USDT,0.04604,11017.0,0.04603,20302.0,0.04605,2645.0,0.04606,26457.0
1753617164202,11:52:44.202,binance,ACT/USDT:USDT,0.04604,11017.0,0.04603,20302.0,0.04605,2645.0,0.04606,26457.0
1753617164489,11:52:44.489,binance,ACT/USDT:USDT,0.04604,11017.0,0.04603,27858.0,0.04605,2645.0,0.04606,9282.0
1753617164595,11:52:44.595,binance,ACT/USDT:USDT,0.04604,11017.0,0.04603,27858.0,0.04605,2645.0,0.04606,9282.0
1753617164713,11:52:44.713,binance,ACT/USDT:USDT,0.04604,11017.0,0.04603,27858.0,0.04605,2645.0,0.04606,9282.0
1753617165513,11:52:45.513,binance,ACT/USDT:USDT,0.04604,11017.0,0.04603,27858.0,0.04605,2645.0,0.04606,9282.0
1753617165641,11:52:45.641,binance,ACT/USDT:USDT,0.04604,11017.0,0.04603,27858.0,0.04605,2645.0,0.04606,9282.0
1753617165812,11:52:45.812,binance,ACT/USDT:USDT,0.04604,11017.0,0.04603,27858.0,0.04605,2645.0,0.04606,9282.0
1753617166002,11:52:46.002,binance,ACT/USDT:USDT,0.04604,11017.0,0.04603,27858.0,0.04605,2645.0,0.04606,9282.0
1753617166103,11:52:46.103,binance,ACT/USDT:USDT,0.04604,11017.0,0.04603,27858.0,0.04605,2645.0,0.04606,9282.0
1753617166463,11:52:46.463,binance,ACT/USDT:USDT,0.04604,11017.0,0.04603,27858.0,0.04605,2645.0,0.04606,9282.0
1753617166602,11:52:46.602,binance,ACT/USDT:USDT,0.04604,11017.0,0.04603,24658.0,0.04605,2645.0,0.04606,9282.0
1753617166706,11:52:46.706,binance,ACT/USDT:USDT,0.04604,11017.0,0.04603,24658.0,0.04605,2645.0,0.04606,9282.0
1753617166842,11:52:46.842,binance,ACT/USDT:USDT,0.04604,11017.0,0.04603,24658.0,0.04605,2645.0,0.04606,9282.0
1753617167028,11:52:47.028,binance,ACT/USDT:USDT,0.04604,11017.0,0.04603,24658.0,0.04605,2875.0,0.04606,9282.0
1753617167134,11:52:47.134,binance,ACT/USDT:USDT,0.04604,11017.0,0.04603,24658.0,0.04605,2875.0,0.04606,9282.0
1753617167367,11:52:47.367,binance,ACT/USDT:USDT,0.04604,11017.0,0.04603,24658.0,0.04605,2875.0,0.04606,9282.0
1753617167496,11:52:47.496,binance,ACT/USDT:USDT,0.04604,11017.0,0.04603,24658.0,0.04605,2875.0,0.04606,9282.0
1753617167598,11:52:47.598,binance,ACT/USDT:USDT,0.04604,11017.0,0.04603,24658.0,0.04605,2875.0,0.04606,9282.0
1753617167701,11:52:47.701,binance,ACT/USDT:USDT,0.04604,11017.0,0.04603,24658.0,0.04605,2875.0,0.04606,9282.0
1753617168102,11:52:48.102,binance,ACT/USDT:USDT,0.04604,11017.0,0.04603,24658.0,0.04605,2875.0,0.04606,9282.0
1753617168217,11:52:48.217,binance,ACT/USDT:USDT,0.04604,11017.0,0.04603,24658.0,0.04605,3146.0,0.04606,9282.0
1753617168685,11:52:48.685,binance,ACT/USDT:USDT,0.04604,11017.0,0.04603,24658.0,0.04605,3146.0,0.04606,9282.0
1753617168862,11:52:48.862,binance,ACT/USDT:USDT,0.04604,11017.0,0.04603,24658.0,0.04605,2916.0,0.04606,9282.0
1753617169006,11:52:49.006,binance,ACT/USDT:USDT,0.04604,11017.0,0.04603,24658.0,0.04605,2916.0,0.04606,9282.0
1753617169202,11:52:49.202,binance,ACT/USDT:USDT,0.04605,93652.0,0.04604,30687.0,0.04606,261.0,0.04607,21957.0
1753617169303,11:52:49.303,binance,ACT/USDT:USDT,0.04605,93652.0,0.04604,30687.0,0.04606,109.0,0.04607,21548.0
1753617169406,11:52:49.406,binance,ACT/USDT:USDT,0.04605,93652.0,0.04604,30687.0,0.04606,109.0,0.04607,24417.0
1753617169614,11:52:49.614,binance,ACT/USDT:USDT,0.04605,93652.0,0.04604,30687.0,0.04606,109.0,0.04607,24417.0
1753617170002,11:52:50.002,binance,ACT/USDT:USDT,0.04605,94076.0,0.04604,30687.0,0.04606,109.0,0.04607,24417.0
1753617170121,11:52:50.121,binance,ACT/USDT:USDT,0.04605,94076.0,0.04604,30687.0,0.04606,109.0,0.04607,24417.0
1753617170263,11:52:50.263,binance,ACT/USDT:USDT,0.04605,94076.0,0.04604,11017.0,0.04606,109.0,0.04607,29084.0
1753617170368,11:52:50.368,binance,ACT/USDT:USDT,0.04605,94076.0,0.04604,11017.0,0.04606,109.0,0.04607,29084.0
1753617170474,11:52:50.474,binance,ACT/USDT:USDT,0.04605,97057.0,0.04604,8126.0,0.04606,109.0,0.04607,24084.0
1753617170613,11:52:50.613,binance,ACT/USDT:USDT,0.04605,97057.0,0.04604,8126.0,0.04606,109.0,0.04607,24084.0
1753617170733,11:52:50.733,binance,ACT/USDT:USDT,0.04605,97057.0,0.04604,8126.0,0.04606,109.0,0.04607,24084.0
1753617170891,11:52:50.891,binance,ACT/USDT:USDT,0.04605,97057.0,0.04604,8126.0,0.04606,109.0,0.04607,20486.0
1753617171102,11:52:51.102,binance,ACT/USDT:USDT,0.04605,97057.0,0.04604,8126.0,0.04606,109.0,0.04607,20486.0
1753617171262,11:52:51.262,binance,ACT/USDT:USDT,0.04605,97057.0,0.04604,8126.0,0.04606,109.0,0.04607,20486.0
1753617171415,11:52:51.415,binance,ACT/USDT:USDT,0.04605,97057.0,0.04604,8126.0,0.04606,109.0,0.04607,20486.0
1753617171565,11:52:51.565,binance,ACT/USDT:USDT,0.04605,97057.0,0.04604,8126.0,0.04606,109.0,0.04607,20486.0
1753617171685,11:52:51.685,binance,ACT/USDT:USDT,0.04605,97057.0,0.04604,12904.0,0.04606,109.0,0.04607,12289.0
1753617171804,11:52:51.804,binance,ACT/USDT:USDT,0.04607,1515.0,0.04606,8166.0,0.04608,8610.0,0.04609,36263.0
1753617171906,11:52:51.906,binance,ACT/USDT:USDT,0.04607,1515.0,0.04606,27988.0,0.04608,8724.0,0.04609,32610.0
1753617172012,11:52:52.012,binance,ACT/USDT:USDT,0.04607,1515.0,0.04606,27988.0,0.04608,8724.0,0.04609,32219.0
1753617172113,11:52:52.113,binance,ACT/USDT:USDT,0.04607,1925.0,0.04606,27988.0,0.04608,8724.0,0.04609,24784.0
1753617172220,11:52:52.220,binance,ACT/USDT:USDT,0.04607,1925.0,0.04606,27988.0,0.04608,8724.0,0.04609,24784.0
1753617172464,11:52:52.464,binance,ACT/USDT:USDT,0.04607,1925.0,0.04606,27988.0,0.04608,8724.0,0.04609,24784.0
1753617172566,11:52:52.566,binance,ACT/USDT:USDT,0.04607,1925.0,0.04606,27988.0,0.04608,8724.0,0.04609,30461.0
1753617172669,11:52:52.669,binance,ACT/USDT:USDT,0.04607,1925.0,0.04606,27988.0,0.04608,8724.0,0.04609,30461.0
1753617172805,11:52:52.805,binance,ACT/USDT:USDT,0.04607,1925.0,0.04606,27988.0,0.04608,8954.0,0.04609,30461.0
1753617173025,11:52:53.025,binance,ACT/USDT:USDT,0.04607,1925.0,0.04606,27988.0,0.04608,8422.0,0.04609,30461.0
1753617173170,11:52:53.170,binance,ACT/USDT:USDT,0.04607,1925.0,0.04606,27988.0,0.04608,8422.0,0.04609,30993.0
1753617173502,11:52:53.502,binance,ACT/USDT:USDT,0.04607,1925.0,0.04606,27988.0,0.04608,8422.0,0.04609,30993.0
1753617173644,11:52:53.644,binance,ACT/USDT:USDT,0.04607,1925.0,0.04606,19822.0,0.04608,8422.0,0.04609,30993.0
1753617173862,11:52:53.862,binance,ACT/USDT:USDT,0.04607,1925.0,0.04606,19822.0,0.04608,8422.0,0.04609,30993.0
1753617174102,11:52:54.102,binance,ACT/USDT:USDT,0.04607,1925.0,0.04606,19822.0,0.04608,8422.0,0.04609,30993.0
1753617174589,11:52:54.589,binance,ACT/USDT:USDT,0.04607,1925.0,0.04606,19822.0,0.04608,8422.0,0.04609,30993.0
1753617175011,11:52:55.011,binance,ACT/USDT:USDT,0.04607,1925.0,0.04606,19822.0,0.04608,8422.0,0.04609,30993.0
1753617175169,11:52:55.169,binance,ACT/USDT:USDT,0.04607,1925.0,0.04606,19822.0,0.04608,8422.0,0.04609,30993.0
1753617175302,11:52:55.302,binance,ACT/USDT:USDT,0.04607,410.0,0.04606,19822.0,0.04608,8422.0,0.04609,30993.0
1753617175468,11:52:55.468,binance,ACT/USDT:USDT,0.04607,410.0,0.04606,19822.0,0.04608,8422.0,0.04609,28018.0
1753617175614,11:52:55.614,binance,ACT/USDT:USDT,0.04607,410.0,0.04606,19822.0,0.04608,8422.0,0.04609,28018.0
1753617175802,11:52:55.802,binance,ACT/USDT:USDT,0.04607,410.0,0.04606,19822.0,0.04608,8422.0,0.04609,28018.0
1753617175912,11:52:55.912,binance,ACT/USDT:USDT,0.04607,410.0,0.04606,19822.0,0.04608,8422.0,0.04609,28018.0
1753617176063,11:52:56.063,binance,ACT/USDT:USDT,0.04607,410.0,0.04606,19822.0,0.04608,8422.0,0.04609,28018.0
1753617176402,11:52:56.402,binance,ACT/USDT:USDT,0.04607,410.0,0.04606,19822.0,0.04608,8422.0,0.04609,28018.0
1753617177218,11:52:57.218,binance,ACT/USDT:USDT,0.04607,410.0,0.04606,19822.0,0.04608,8422.0,0.04609,25557.0
1753617177402,11:52:57.402,binance,ACT/USDT:USDT,0.04607,410.0,0.04606,19822.0,0.04608,8422.0,0.04609,25557.0
1753617177510,11:52:57.510,binance,ACT/USDT:USDT,0.04607,410.0,0.04606,19822.0,0.04608,8422.0,0.04609,25557.0
1753617178002,11:52:58.002,binance,ACT/USDT:USDT,0.04607,410.0,0.04606,19822.0,0.04608,8422.0,0.04609,25557.0
1753617178117,11:52:58.117,binance,ACT/USDT:USDT,0.04607,410.0,0.04606,19822.0,0.04608,8422.0,0.04609,25557.0
1753617178247,11:52:58.247,binance,ACT/USDT:USDT,0.04607,410.0,0.04606,19822.0,0.04608,8422.0,0.04609,25557.0
1753617178352,11:52:58.352,binance,ACT/USDT:USDT,0.04607,410.0,0.04605,107412.0,0.04608,8422.0,0.04609,25557.0
1753617178465,11:52:58.465,binance,ACT/USDT:USDT,0.04607,410.0,0.04605,102550.0,0.04608,8422.0,0.04609,25557.0
1753617178815,11:52:58.815,binance,ACT/USDT:USDT,0.04607,410.0,0.04605,102550.0,0.04608,12762.0,0.04609,27323.0
1753617178959,11:52:58.959,binance,ACT/USDT:USDT,0.04607,301.0,0.04605,102550.0,0.04608,12762.0,0.04609,30919.0
1753617179107,11:52:59.107,binance,ACT/USDT:USDT,0.04607,301.0,0.04605,102550.0,0.04608,12762.0,0.04609,30919.0
1753617179318,11:52:59.318,binance,ACT/USDT:USDT,0.04607,301.0,0.04605,102550.0,0.04608,18187.0,0.04609,29153.0
1753617179627,11:52:59.627,binance,ACT/USDT:USDT,0.04605,116392.0,0.04604,11987.0,0.04607,8146.0,0.04608,29650.0
1753617179734,11:52:59.734,binance,ACT/USDT:USDT,0.04605,116392.0,0.04604,17304.0,0.04607,8146.0,0.04608,29384.0
1753617180120,11:53:00.120,binance,ACT/USDT:USDT,0.04605,116392.0,0.04604,17304.0,0.04607,8146.0,0.04608,24526.0
1753617180222,11:53:00.222,binance,ACT/USDT:USDT,0.04605,116392.0,0.04604,17304.0,0.04607,8516.0,0.04608,24526.0
1753617180339,11:53:00.339,binance,ACT/USDT:USDT,0.04605,116392.0,0.04604,17304.0,0.04606,230.0,0.04607,8516.0
1753617180440,11:53:00.440,binance,ACT/USDT:USDT,0.04605,116392.0,0.04604,17304.0,0.04607,14345.0,0.04608,19256.0
1753617180570,11:53:00.570,binance,ACT/USDT:USDT,0.04605,96633.0,0.04604,17304.0,0.04606,361.0,0.04607,8668.0
1753617180684,11:53:00.684,binance,ACT/USDT:USDT,0.04605,96633.0,0.04604,17304.0,0.04606,361.0,0.04607,8668.0
1753617181135,11:53:01.135,binance,ACT/USDT:USDT,0.04605,96633.0,0.04604,17304.0,0.04606,361.0,0.04607,8668.0
1753617181245,11:53:01.245,binance,ACT/USDT:USDT,0.04605,96633.0,0.04604,17304.0,0.04606,361.0,0.04607,8668.0
1753617181425,11:53:01.425,binance,ACT/USDT:USDT,0.04605,97874.0,0.04604,17304.0,0.04606,131.0,0.04607,8668.0
1753617181807,11:53:01.807,binance,ACT/USDT:USDT,0.04605,97874.0,0.04604,22352.0,0.04606,131.0,0.04607,8668.0
1753617182116,11:53:02.116,binance,ACT/USDT:USDT,0.04605,97874.0,0.04604,22352.0,0.04606,131.0,0.04607,8668.0
1753617182225,11:53:02.225,binance,ACT/USDT:USDT,0.04605,97874.0,0.04604,22352.0,0.04606,131.0,0.04607,8668.0
1753617182379,11:53:02.379,binance,ACT/USDT:USDT,0.04605,97874.0,0.04604,22352.0,0.04606,131.0,0.04607,8668.0
1753617182513,11:53:02.513,binance,ACT/USDT:USDT,0.04605,97874.0,0.04604,22352.0,0.04606,131.0,0.04607,8668.0
1753617182695,11:53:02.695,binance,ACT/USDT:USDT,0.04606,11202.0,0.04605,98433.0,0.04608,10531.0,0.04609,37282.0
1753617182918,11:53:02.918,binance,ACT/USDT:USDT,0.04607,14151.0,0.04606,45767.0,0.04608,10031.0,0.04609,31480.0
1753617183165,11:53:03.165,binance,ACT/USDT:USDT,0.04606,45767.0,0.04605,104164.0,0.04608,10031.0,0.04609,31480.0
1753617183272,11:53:03.272,binance,ACT/USDT:USDT,0.04606,45767.0,0.04605,104164.0,0.04608,10031.0,0.04609,31809.0
1753617183375,11:53:03.375,binance,ACT/USDT:USDT,0.04606,50050.0,0.04605,104164.0,0.04608,9801.0,0.04609,31809.0
1753617183522,11:53:03.522,binance,ACT/USDT:USDT,0.04607,8146.0,0.04606,50050.0,0.04608,1723.0,0.04609,23433.0
1753617183633,11:53:03.633,binance,ACT/USDT:USDT,0.04607,8146.0,0.04606,50050.0,0.04608,1723.0,0.04609,22901.0
1753617183745,11:53:03.745,binance,ACT/USDT:USDT,0.04607,8146.0,0.04606,58416.0,0.04608,1723.0,0.04609,22901.0
1753617183991,11:53:03.991,binance,ACT/USDT:USDT,0.04608,7413.0,0.04607,35260.0,0.04609,9558.0,0.0461,25686.0
1753617184104,11:53:04.104,binance,ACT/USDT:USDT,0.04608,5872.0,0.04607,39175.0,0.04609,9558.0,0.0461,25290.0
1753617184217,11:53:04.217,binance,ACT/USDT:USDT,0.04608,5872.0,0.04607,44227.0,0.04609,9558.0,0.0461,25290.0
1753617184320,11:53:04.320,binance,ACT/USDT:USDT,0.04608,5872.0,0.04607,40154.0,0.04609,9558.0,0.0461,25290.0
1753617184451,11:53:04.451,binance,ACT/USDT:USDT,0.04608,5872.0,0.04607,40154.0,0.04609,9558.0,0.0461,25290.0
1753617184552,11:53:04.552,binance,ACT/USDT:USDT,0.04608,5872.0,0.04607,40154.0,0.04609,9558.0,0.0461,25290.0
1753617184721,11:53:04.721,binance,ACT/USDT:USDT,0.04608,5872.0,0.04607,40154.0,0.04609,9558.0,0.0461,25290.0
1753617184895,11:53:04.895,binance,ACT/USDT:USDT,0.04608,5872.0,0.04607,20371.0,0.04609,8005.0,0.0461,22794.0
1753617185125,11:53:05.125,binance,ACT/USDT:USDT,0.04608,5872.0,0.04607,20371.0,0.04609,7775.0,0.0461,22794.0
1753617185502,11:53:05.502,binance,ACT/USDT:USDT,0.04608,5872.0,0.04607,20371.0,0.04609,7775.0,0.0461,22794.0
1753617185635,11:53:05.635,binance,ACT/USDT:USDT,0.04608,5872.0,0.04607,20371.0,0.04609,7775.0,0.0461,22794.0
1753617185919,11:53:05.919,binance,ACT/USDT:USDT,0.04607,8146.0,0.04606,35885.0,0.04609,9009.0,0.0461,28453.0
1753617186126,11:53:06.126,binance,ACT/USDT:USDT,0.04607,12583.0,0.04606,35885.0,0.04609,9009.0,0.0461,33199.0
1753617186505,11:53:06.505,binance,ACT/USDT:USDT,0.04607,12583.0,0.04606,35885.0,0.04609,9009.0,0.0461,33199.0
1753617186702,11:53:06.702,binance,ACT/USDT:USDT,0.04607,12583.0,0.04606,35885.0,0.04609,9009.0,0.0461,33199.0
1753617186913,11:53:06.913,binance,ACT/USDT:USDT,0.04607,12583.0,0.04606,35885.0,0.04609,9009.0,0.0461,33199.0
1753617187102,11:53:07.102,binance,ACT/USDT:USDT,0.04607,12583.0,0.04606,35885.0,0.04609,9009.0,0.0461,33199.0
1753617187204,11:53:07.204,binance,ACT/USDT:USDT,0.04607,12583.0,0.04606,19611.0,0.04609,9009.0,0.0461,33199.0
1753617187313,11:53:07.313,binance,ACT/USDT:USDT,0.04607,12583.0,0.04606,19611.0,0.04609,9009.0,0.0461,33199.0
1753617187640,11:53:07.640,binance,ACT/USDT:USDT,0.04607,12583.0,0.04606,19611.0,0.04609,9009.0,0.0461,33199.0
1753617187743,11:53:07.743,binance,ACT/USDT:USDT,0.04607,12583.0,0.04606,24747.0,0.04609,9009.0,0.0461,33199.0
1753617188202,11:53:08.202,binance,ACT/USDT:USDT,0.04607,12583.0,0.04606,24747.0,0.04609,9009.0,0.0461,33199.0
1753617188307,11:53:08.307,binance,ACT/USDT:USDT,0.04607,12583.0,0.04606,24747.0,0.04609,9009.0,0.0461,33199.0
1753617188448,11:53:08.448,binance,ACT/USDT:USDT,0.04607,12583.0,0.04606,24747.0,0.04609,9009.0,0.0461,33199.0
1753617188688,11:53:08.688,binance,ACT/USDT:USDT,0.04607,12583.0,0.04606,24747.0,0.04609,9009.0,0.0461,33199.0
1753617188802,11:53:08.802,binance,ACT/USDT:USDT,0.04607,12583.0,0.04606,24747.0,0.04609,9297.0,0.0461,33199.0
1753617188908,11:53:08.908,binance,ACT/USDT:USDT,0.04607,12583.0,0.04606,24747.0,0.04609,9297.0,0.0461,33199.0
1753617189031,11:53:09.031,binance,ACT/USDT:USDT,0.04607,12583.0,0.04606,24747.0,0.04609,9297.0,0.0461,33199.0
1753617189385,11:53:09.385,binance,ACT/USDT:USDT,0.04607,12583.0,0.04606,24747.0,0.04609,9297.0,0.0461,33199.0
1753617189535,11:53:09.535,binance,ACT/USDT:USDT,0.04607,12583.0,0.04606,24747.0,0.04609,9297.0,0.0461,33199.0
1753617189895,11:53:09.895,binance,ACT/USDT:USDT,0.04607,12583.0,0.04606,24747.0,0.04609,9297.0,0.0461,33199.0
1753617190248,11:53:10.248,binance,ACT/USDT:USDT,0.04607,12583.0,0.04606,24747.0,0.04609,9297.0,0.0461,33199.0
1753617190353,11:53:10.353,binance,ACT/USDT:USDT,0.04607,12583.0,0.04606,24747.0,0.04609,10222.0,0.0461,33199.0
1753617190502,11:53:10.502,binance,ACT/USDT:USDT,0.04607,12583.0,0.04606,24747.0,0.04609,10222.0,0.0461,33199.0
1753617190693,11:53:10.693,binance,ACT/USDT:USDT,0.04607,12583.0,0.04606,24747.0,0.04609,10222.0,0.0461,33199.0
1753617190836,11:53:10.836,binance,ACT/USDT:USDT,0.04607,12583.0,0.04606,24747.0,0.04609,10222.0,0.0461,33199.0
1753617191002,11:53:11.002,binance,ACT/USDT:USDT,0.04607,12583.0,0.04606,24747.0,0.04609,10222.0,0.0461,33199.0
1753617191235,11:53:11.235,binance,ACT/USDT:USDT,0.04607,12583.0,0.04606,24747.0,0.04609,10222.0,0.0461,33199.0
1753617191394,11:53:11.394,binance,ACT/USDT:USDT,0.04607,12583.0,0.04606,24747.0,0.04608,532.0,0.04609,10222.0
1753617191500,11:53:11.500,binance,ACT/USDT:USDT,0.04607,12583.0,0.04606,29772.0,0.04608,532.0,0.04609,10222.0
1753617191602,11:53:11.602,binance,ACT/USDT:USDT,0.04607,12583.0,0.04606,29772.0,0.04608,532.0,0.04609,10222.0
1753617191728,11:53:11.728,binance,ACT/USDT:USDT,0.04607,13225.0,0.04606,29772.0,0.04608,532.0,0.04609,10222.0
1753617191833,11:53:11.833,binance,ACT/USDT:USDT,0.04607,13225.0,0.04606,29772.0,0.04608,532.0,0.04609,10222.0
1753617192102,11:53:12.102,binance,ACT/USDT:USDT,0.04607,13225.0,0.04606,29772.0,0.04608,532.0,0.04609,10331.0
1753617192209,11:53:12.209,binance,ACT/USDT:USDT,0.04607,13225.0,0.04606,29772.0,0.04608,532.0,0.04609,10331.0
1753617192572,11:53:12.572,binance,ACT/USDT:USDT,0.04607,13225.0,0.04606,29772.0,0.04608,532.0,0.04609,10331.0
1753617192735,11:53:12.735,binance,ACT/USDT:USDT,0.04607,13225.0,0.04606,29772.0,0.04608,532.0,0.04609,10331.0
1753617193165,11:53:13.165,binance,ACT/USDT:USDT,0.04607,13225.0,0.04606,29772.0,0.04608,532.0,0.04609,10331.0
1753617193612,11:53:13.612,binance,ACT/USDT:USDT,0.04607,13225.0,0.04606,29772.0,0.04608,532.0,0.04609,10331.0
1753617193715,11:53:13.715,binance,ACT/USDT:USDT,0.04607,13225.0,0.04606,29772.0,0.04608,532.0,0.04609,10331.0
1753617193862,11:53:13.862,binance,ACT/USDT:USDT,0.04607,13225.0,0.04606,29772.0,0.04608,532.0,0.04609,10331.0
1753617194302,11:53:14.302,binance,ACT/USDT:USDT,0.04607,13225.0,0.04606,29772.0,0.04608,532.0,0.04609,10331.0
1753617194902,11:53:14.902,binance,ACT/USDT:USDT,0.04607,13225.0,0.04606,29772.0,0.04608,532.0,0.04609,10331.0
1753617195361,11:53:15.361,binance,ACT/USDT:USDT,0.04607,13225.0,0.04606,29772.0,0.04608,532.0,0.04609,10331.0
1753617195470,11:53:15.470,binance,ACT/USDT:USDT,0.04607,13225.0,0.04606,29772.0,0.04608,532.0,0.04609,10331.0
1753617195577,11:53:15.577,binance,ACT/USDT:USDT,0.04607,13225.0,0.04606,29772.0,0.04608,532.0,0.04609,10331.0
1753617196030,11:53:16.030,binance,ACT/USDT:USDT,0.04607,13225.0,0.04606,29772.0,0.04608,532.0,0.04609,10331.0
1753617196602,11:53:16.602,binance,ACT/USDT:USDT,0.04607,13225.0,0.04606,29772.0,0.04608,532.0,0.04609,10331.0
1753617196800,11:53:16.800,binance,ACT/USDT:USDT,0.04607,13225.0,0.04606,29772.0,0.04608,532.0,0.04609,10331.0
1753617196906,11:53:16.906,binance,ACT/USDT:USDT,0.04607,13225.0,0.04606,29772.0,0.04608,532.0,0.04609,10331.0
1753617197042,11:53:17.042,binance,ACT/USDT:USDT,0.04608,8045.0,0.04607,19183.0,0.04609,1955.0,0.0461,22903.0
1753617197148,11:53:17.148,binance,ACT/USDT:USDT,0.04608,8045.0,0.04607,19183.0,0.04609,1542.0,0.0461,22509.0
1753617197265,11:53:17.265,binance,ACT/USDT:USDT,0.04608,8045.0,0.04607,19183.0,0.04609,1542.0,0.0461,22509.0
1753617197542,11:53:17.542,binance,ACT/USDT:USDT,0.04608,8045.0,0.04607,19353.0,0.04609,1542.0,0.0461,22509.0
1753617197695,11:53:17.695,binance,ACT/USDT:USDT,0.04608,8045.0,0.04607,19353.0,0.04609,1542.0,0.0461,22509.0
1753617198202,11:53:18.202,binance,ACT/USDT:USDT,0.04608,8045.0,0.04607,19353.0,0.04609,1542.0,0.0461,22509.0
1753617198448,11:53:18.448,binance,ACT/USDT:USDT,0.04608,8045.0,0.04607,19353.0,0.04609,1542.0,0.0461,22509.0
1753617198659,11:53:18.659,binance,ACT/USDT:USDT,0.04608,8353.0,0.04607,19353.0,0.04609,1542.0,0.0461,22509.0
1753617198802,11:53:18.802,binance,ACT/USDT:USDT,0.04608,8353.0,0.04607,19353.0,0.04609,1542.0,0.0461,22509.0
1753617199138,11:53:19.138,binance,ACT/USDT:USDT,0.04608,8353.0,0.04607,19353.0,0.04609,1542.0,0.0461,22509.0
1753617199253,11:53:19.253,binance,ACT/USDT:USDT,0.04608,8353.0,0.04607,19353.0,0.04609,1542.0,0.0461,14337.0
1753617199365,11:53:19.365,binance,ACT/USDT:USDT,0.04608,8353.0,0.04607,24310.0,0.04609,1542.0,0.0461,20367.0
1753617199704,11:53:19.704,binance,ACT/USDT:USDT,0.04608,8353.0,0.04607,19353.0,0.04609,1772.0,0.0461,20367.0
1753617200039,11:53:20.039,binance,ACT/USDT:USDT,0.04608,308.0,0.04607,19353.0,0.04609,9817.0,0.0461,25616.0
1753617200148,11:53:20.148,binance,ACT/USDT:USDT,0.04608,308.0,0.04607,13395.0,0.04609,9926.0,0.0461,25616.0
1753617200308,11:53:20.308,binance,ACT/USDT:USDT,0.04608,308.0,0.04607,13395.0,0.04609,9926.0,0.0461,25616.0
1753617200410,11:53:20.410,binance,ACT/USDT:USDT,0.04608,308.0,0.04607,13395.0,0.04609,9926.0,0.0461,25616.0
1753617200518,11:53:20.518,binance,ACT/USDT:USDT,0.04608,308.0,0.04607,13395.0,0.04609,9926.0,0.0461,25616.0
1753617200635,11:53:20.635,binance,ACT/USDT:USDT,0.04608,308.0,0.04607,13395.0,0.04609,13458.0,0.0461,29257.0
1753617200740,11:53:20.740,binance,ACT/USDT:USDT,0.04608,308.0,0.04607,13395.0,0.04609,13458.0,0.0461,29663.0
1753617200898,11:53:20.898,binance,ACT/USDT:USDT,0.04608,308.0,0.04607,13395.0,0.04609,13458.0,0.0461,29663.0
1753617201001,11:53:21.001,binance,ACT/USDT:USDT,0.04608,308.0,0.04607,13395.0,0.04609,13458.0,0.0461,29663.0
1753617201157,11:53:21.157,binance,ACT/USDT:USDT,0.04608,308.0,0.04607,13395.0,0.04609,13458.0,0.0461,29663.0
1753617201262,11:53:21.262,binance,ACT/USDT:USDT,0.04608,8353.0,0.04607,18053.0,0.04609,1772.0,0.0461,14337.0
1753617201367,11:53:21.367,binance,ACT/USDT:USDT,0.04608,8353.0,0.04607,18205.0,0.04609,1772.0,0.0461,14337.0
1753617202002,11:53:22.002,binance,ACT/USDT:USDT,0.04608,8353.0,0.04607,18205.0,0.04609,1772.0,0.0461,8837.0
1753617202108,11:53:22.108,binance,ACT/USDT:USDT,0.04608,8353.0,0.04607,23162.0,0.04609,847.0,0.0461,8837.0
1753617202220,11:53:22.220,binance,ACT/USDT:USDT,0.04608,8353.0,0.04607,23521.0,0.04609,847.0,0.0461,7437.0
1753617202325,11:53:22.325,binance,ACT/USDT:USDT,0.04608,8353.0,0.04607,23521.0,0.04609,847.0,0.0461,7437.0
1753617202437,11:53:22.437,binance,ACT/USDT:USDT,0.04608,8353.0,0.04607,23521.0,0.04609,847.0,0.0461,7437.0
1753617202541,11:53:22.541,binance,ACT/USDT:USDT,0.04608,8353.0,0.04607,23521.0,0.04609,847.0,0.0461,7437.0
1753617202875,11:53:22.875,binance,ACT/USDT:USDT,0.04608,8353.0,0.04607,18564.0,0.04609,1379.0,0.0461,12831.0
1753617202979,11:53:22.979,binance,ACT/USDT:USDT,0.04608,8353.0,0.04607,18564.0,0.04609,1379.0,0.0461,12831.0
1753617203095,11:53:23.095,binance,ACT/USDT:USDT,0.04608,8353.0,0.04607,18564.0,0.04609,1379.0,0.0461,12831.0
1753617203459,11:53:23.459,binance,ACT/USDT:USDT,0.04608,8353.0,0.04607,18564.0,0.04609,1379.0,0.0461,7437.0
1753617203591,11:53:23.591,binance,ACT/USDT:USDT,0.04608,8353.0,0.04607,18564.0,0.04609,1495.0,0.0461,7437.0
1753617203781,11:53:23.781,binance,ACT/USDT:USDT,0.04608,8353.0,0.04607,18564.0,0.04609,1495.0,0.0461,12437.0
1753617204202,11:53:24.202,binance,ACT/USDT:USDT,0.04608,8353.0,0.04607,18564.0,0.04609,1495.0,0.0461,12437.0
1753617204303,11:53:24.303,binance,ACT/USDT:USDT,0.04608,8353.0,0.04607,18564.0,0.04609,1495.0,0.0461,12437.0
1753617204802,11:53:24.802,binance,ACT/USDT:USDT,0.04608,8353.0,0.04607,18564.0,0.04609,1495.0,0.0461,12437.0
1753617205196,11:53:25.196,binance,ACT/USDT:USDT,0.04608,8353.0,0.04607,18564.0,0.04609,1495.0,0.0461,12437.0
1753617205402,11:53:25.402,binance,ACT/USDT:USDT,0.04608,8353.0,0.04607,23521.0,0.04609,1495.0,0.0461,12437.0
1753617205631,11:53:25.631,binance,ACT/USDT:USDT,0.04608,8353.0,0.04607,23521.0,0.04609,1495.0,0.0461,12437.0
1753617205955,11:53:25.955,binance,ACT/USDT:USDT,0.04608,8353.0,0.04607,23521.0,0.04609,1265.0,0.0461,12437.0
1753617206076,11:53:26.076,binance,ACT/USDT:USDT,0.04608,8353.0,0.04607,23521.0,0.04609,1265.0,0.0461,12437.0
1753617206503,11:53:26.503,binance,ACT/USDT:USDT,0.04608,8353.0,0.04607,23521.0,0.04609,1265.0,0.0461,12437.0
1753617206659,11:53:26.659,binance,ACT/USDT:USDT,0.04608,8353.0,0.04607,23521.0,0.04609,733.0,0.0461,12437.0
1753617206941,11:53:26.941,binance,ACT/USDT:USDT,0.04608,8353.0,0.04607,23521.0,0.04609,733.0,0.0461,7437.0
1753617207067,11:53:27.067,binance,ACT/USDT:USDT,0.04608,8353.0,0.04607,23521.0,0.04609,1658.0,0.0461,7437.0
1753617207195,11:53:27.195,binance,ACT/USDT:USDT,0.04608,8353.0,0.04607,23521.0,0.04609,1658.0,0.0461,7437.0
1753617207505,11:53:27.505,binance,ACT/USDT:USDT,0.04609,14352.0,0.04608,62873.0,0.0461,729.0,0.04611,22826.0
1753617207608,11:53:27.608,binance,ACT/USDT:USDT,0.04609,14352.0,0.04608,62873.0,0.0461,230.0,0.04611,21999.0
1753617207712,11:53:27.712,binance,ACT/USDT:USDT,0.04609,14352.0,0.04608,67469.0,0.0461,230.0,0.04611,21999.0
1753617207817,11:53:27.817,binance,ACT/USDT:USDT,0.04609,14352.0,0.04608,67469.0,0.0461,230.0,0.04611,21999.0
1753617207978,11:53:27.978,binance,ACT/USDT:USDT,0.04609,14352.0,0.04608,67827.0,0.0461,230.0,0.04611,15584.0
1753617208088,11:53:28.088,binance,ACT/USDT:USDT,0.04609,14352.0,0.04608,67827.0,0.0461,230.0,0.04611,15584.0
1753617208225,11:53:28.225,binance,ACT/USDT:USDT,0.04609,14352.0,0.04608,67827.0,0.0461,230.0,0.04611,15584.0
1753617208684,11:53:28.684,binance,ACT/USDT:USDT,0.04609,14352.0,0.04608,48104.0,0.0461,230.0,0.04611,13801.0
1753617208790,11:53:28.790,binance,ACT/USDT:USDT,0.04609,14352.0,0.04608,48104.0,0.0461,230.0,0.04611,13801.0
1753617208990,11:53:28.990,binance,ACT/USDT:USDT,0.04609,14352.0,0.04608,48104.0,0.0461,230.0,0.04611,13801.0
1753617209302,11:53:29.302,binance,ACT/USDT:USDT,0.04609,14352.0,0.04608,48104.0,0.0461,230.0,0.04611,13801.0
1753617209816,11:53:29.816,binance,ACT/USDT:USDT,0.04609,14352.0,0.04608,48104.0,0.04611,13291.0,0.04612,52077.0
1753617209922,11:53:29.922,binance,ACT/USDT:USDT,0.04609,20901.0,0.04608,53149.0,0.04611,8291.0,0.04612,41250.0
1753617210084,11:53:30.084,binance,ACT/USDT:USDT,0.04609,20901.0,0.04608,53149.0,0.04611,8291.0,0.04612,41250.0
1753617210205,11:53:30.205,binance,ACT/USDT:USDT,0.0461,8323.0,0.04609,18629.0,0.04611,8291.0,0.04612,30512.0
1753617210306,11:53:30.306,binance,ACT/USDT:USDT,0.04609,38369.0,0.04608,53290.0,0.04611,8291.0,0.04612,32294.0
1753617210408,11:53:30.408,binance,ACT/USDT:USDT,0.04609,38369.0,0.04608,53290.0,0.04611,8291.0,0.04612,37746.0
1753617210509,11:53:30.509,binance,ACT/USDT:USDT,0.04609,38369.0,0.04608,53290.0,0.04611,8291.0,0.04612,37746.0
1753617210666,11:53:30.666,binance,ACT/USDT:USDT,0.04609,38369.0,0.04608,53290.0,0.04611,8291.0,0.04612,37746.0
1753617210945,11:53:30.945,binance,ACT/USDT:USDT,0.04609,38369.0,0.04608,53290.0,0.04611,8291.0,0.04612,37746.0
1753617211366,11:53:31.366,binance,ACT/USDT:USDT,0.04609,18629.0,0.04608,48245.0,0.04611,8291.0,0.04612,35964.0
1753617211485,11:53:31.485,binance,ACT/USDT:USDT,0.04609,18629.0,0.04608,48245.0,0.04611,8291.0,0.04612,35964.0
1753617211627,11:53:31.627,binance,ACT/USDT:USDT,0.04609,18629.0,0.04608,48245.0,0.04611,8291.0,0.04612,34305.0
1753617211783,11:53:31.783,binance,ACT/USDT:USDT,0.0461,8323.0,0.04609,18987.0,0.04611,8291.0,0.04612,28853.0
1753617211891,11:53:31.891,binance,ACT/USDT:USDT,0.0461,8323.0,0.04609,18987.0,0.04611,8291.0,0.04612,28853.0
1753617212004,11:53:32.004,binance,ACT/USDT:USDT,0.0461,8323.0,0.04609,18987.0,0.04611,8291.0,0.04612,34279.0
1753617212108,11:53:32.108,binance,ACT/USDT:USDT,0.0461,8323.0,0.04609,18987.0,0.04611,8291.0,0.04612,34279.0
1753617212227,11:53:32.227,binance,ACT/USDT:USDT,0.0461,28027.0,0.04609,25060.0,0.04612,8291.0,0.04613,36838.0
1753617212331,11:53:32.331,binance,ACT/USDT:USDT,0.0461,28027.0,0.04609,30094.0,0.04612,8291.0,0.04613,31417.0
1753617212443,11:53:32.443,binance,ACT/USDT:USDT,0.04611,3971.0,0.0461,28027.0,0.04612,8291.0,0.04613,31417.0
1753617212557,11:53:32.557,binance,ACT/USDT:USDT,0.0461,28027.0,0.04609,26489.0,0.04612,8823.0,0.04613,36829.0
1753617212763,11:53:32.763,binance,ACT/USDT:USDT,0.0461,31931.0,0.04609,26796.0,0.04612,8823.0,0.04613,31417.0
1753617212868,11:53:32.868,binance,ACT/USDT:USDT,0.0461,31931.0,0.04609,26796.0,0.04612,8823.0,0.04613,31417.0
1753617212979,11:53:32.979,binance,ACT/USDT:USDT,0.0461,31931.0,0.04609,26796.0,0.04612,8823.0,0.04613,29260.0
1753617213119,11:53:33.119,binance,ACT/USDT:USDT,0.0461,31931.0,0.04609,26796.0,0.04612,8823.0,0.04613,29260.0
1753617213243,11:53:33.243,binance,ACT/USDT:USDT,0.0461,31931.0,0.04609,26796.0,0.04612,8823.0,0.04613,27478.0
1753617213351,11:53:33.351,binance,ACT/USDT:USDT,0.0461,12227.0,0.04609,26796.0,0.04612,8823.0,0.04613,27478.0
1753617213684,11:53:33.684,binance,ACT/USDT:USDT,0.0461,12227.0,0.04609,26796.0,0.04612,8823.0,0.04613,27478.0
1753617213786,11:53:33.786,binance,ACT/USDT:USDT,0.0461,12227.0,0.04609,26796.0,0.04612,8823.0,0.04613,27478.0
1753617213908,11:53:33.908,binance,ACT/USDT:USDT,0.0461,12227.0,0.04609,26796.0,0.04612,8823.0,0.04613,27478.0
1753617214136,11:53:34.136,binance,ACT/USDT:USDT,0.0461,12227.0,0.04609,26796.0,0.04612,9053.0,0.04613,27478.0
1753617214255,11:53:34.255,binance,ACT/USDT:USDT,0.0461,12227.0,0.04609,26796.0,0.04612,8521.0,0.04613,27478.0
1753617214360,11:53:34.360,binance,ACT/USDT:USDT,0.0461,12227.0,0.04609,26796.0,0.04612,8521.0,0.04613,27478.0
1753617214465,11:53:34.465,binance,ACT/USDT:USDT,0.0461,12227.0,0.04609,26796.0,0.04612,8521.0,0.04613,27478.0
1753617214802,11:53:34.802,binance,ACT/USDT:USDT,0.0461,12227.0,0.04609,41460.0,0.04611,8553.0,0.04612,26108.0
1753617214909,11:53:34.909,binance,ACT/USDT:USDT,0.0461,12227.0,0.04609,41460.0,0.04611,8553.0,0.04612,16171.0
1753617215015,11:53:35.015,binance,ACT/USDT:USDT,0.0461,12227.0,0.04609,41460.0,0.04611,8553.0,0.04612,16171.0
1753617215156,11:53:35.156,binance,ACT/USDT:USDT,0.0461,12100.0,0.04609,41460.0,0.04611,8553.0,0.04612,16171.0
1753617215324,11:53:35.324,binance,ACT/USDT:USDT,0.0461,12100.0,0.04609,41460.0,0.04612,15813.0,0.04613,39498.0
1753617215431,11:53:35.431,binance,ACT/USDT:USDT,0.0461,12100.0,0.04609,41460.0,0.04612,10303.0,0.04613,39498.0
1753617215559,11:53:35.559,binance,ACT/USDT:USDT,0.0461,12100.0,0.04609,41460.0,0.04612,10303.0,0.04613,39112.0
1753617215668,11:53:35.668,binance,ACT/USDT:USDT,0.0461,12100.0,0.04609,41460.0,0.04612,10303.0,0.04613,39112.0
1753617215860,11:53:35.860,binance,ACT/USDT:USDT,0.0461,12100.0,0.04609,21762.0,0.04612,8521.0,0.04613,36617.0
1753617216002,11:53:36.002,binance,ACT/USDT:USDT,0.0461,12100.0,0.04609,21762.0,0.04612,8521.0,0.04613,36617.0
1753617216113,11:53:36.113,binance,ACT/USDT:USDT,0.0461,12100.0,0.04609,21762.0,0.04612,8521.0,0.04613,36617.0
1753617216375,11:53:36.375,binance,ACT/USDT:USDT,0.0461,12100.0,0.04609,21762.0,0.04612,8521.0,0.04613,36617.0
1753617216557,11:53:36.557,binance,ACT/USDT:USDT,0.0461,12100.0,0.04609,21762.0,0.04612,8521.0,0.04613,36617.0
1753617216802,11:53:36.802,binance,ACT/USDT:USDT,0.0461,12100.0,0.04609,21762.0,0.04612,8521.0,0.04613,36617.0
1753617217002,11:53:37.002,binance,ACT/USDT:USDT,0.0461,12100.0,0.04609,21762.0,0.04612,8521.0,0.04613,36617.0
1753617217316,11:53:37.316,binance,ACT/USDT:USDT,0.0461,12100.0,0.04609,21762.0,0.04612,8521.0,0.04613,36617.0
1753617217602,11:53:37.602,binance,ACT/USDT:USDT,0.0461,12100.0,0.04609,21762.0,0.04612,8521.0,0.04613,36617.0
1753617217709,11:53:37.709,binance,ACT/USDT:USDT,0.0461,12100.0,0.04609,21762.0,0.04612,8521.0,0.04613,36617.0
1753617218186,11:53:38.186,binance,ACT/USDT:USDT,0.0461,12100.0,0.04609,21762.0,0.04612,8521.0,0.04613,36617.0
1753617218309,11:53:38.309,binance,ACT/USDT:USDT,0.0461,12100.0,0.04609,21762.0,0.04612,8521.0,0.04613,36617.0
1753617218609,11:53:38.609,binance,ACT/USDT:USDT,0.0461,12100.0,0.04609,21762.0,0.04612,8521.0,0.04613,31617.0
1753617218716,11:53:38.716,binance,ACT/USDT:USDT,0.0461,12100.0,0.04609,21762.0,0.04612,8521.0,0.04613,31617.0
1753617218838,11:53:38.838,binance,ACT/USDT:USDT,0.0461,12100.0,0.04609,26788.0,0.04612,8521.0,0.04613,31617.0
1753617219205,11:53:39.205,binance,ACT/USDT:USDT,0.0461,12100.0,0.04609,26788.0,0.04612,8521.0,0.04613,26017.0
1753617219355,11:53:39.355,binance,ACT/USDT:USDT,0.0461,12100.0,0.04609,26788.0,0.04612,8521.0,0.04613,26017.0
1753617219458,11:53:39.458,binance,ACT/USDT:USDT,0.0461,12100.0,0.04609,21762.0,0.04612,8521.0,0.04613,26017.0
1753617219621,11:53:39.621,binance,ACT/USDT:USDT,0.0461,12100.0,0.04609,21762.0,0.04612,8521.0,0.04613,26017.0
1753617219770,11:53:39.770,binance,ACT/USDT:USDT,0.0461,12100.0,0.04609,21762.0,0.04612,8521.0,0.04613,26017.0
1753617219889,11:53:39.889,binance,ACT/USDT:USDT,0.0461,12100.0,0.04609,21762.0,0.04612,8521.0,0.04613,31644.0
1753617220049,11:53:40.049,binance,ACT/USDT:USDT,0.0461,12100.0,0.04609,21762.0,0.04612,8521.0,0.04613,31644.0
1753617220365,11:53:40.365,binance,ACT/USDT:USDT,0.0461,12100.0,0.04609,21762.0,0.04612,8521.0,0.04613,31644.0
1753617220502,11:53:40.502,binance,ACT/USDT:USDT,0.0461,12100.0,0.04609,21762.0,0.04612,8521.0,0.04613,31644.0
1753617220889,11:53:40.889,binance,ACT/USDT:USDT,0.0461,12100.0,0.04609,21762.0,0.04612,8521.0,0.04613,31644.0
1753617220995,11:53:40.995,binance,ACT/USDT:USDT,0.0461,12100.0,0.04609,21762.0,0.04612,8521.0,0.04613,26017.0
1753617221231,11:53:41.231,binance,ACT/USDT:USDT,0.0461,12100.0,0.04609,21762.0,0.04612,8521.0,0.04613,26017.0
1753617221502,11:53:41.502,binance,ACT/USDT:USDT,0.0461,16500.0,0.04609,26788.0,0.04612,8521.0,0.04613,26017.0
1753617221604,11:53:41.604,binance,ACT/USDT:USDT,0.0461,16500.0,0.04609,26788.0,0.04612,8521.0,0.04613,26017.0
1753617221728,11:53:41.728,binance,ACT/USDT:USDT,0.0461,16500.0,0.04609,26788.0,0.04612,8521.0,0.04613,26017.0
1753617221908,11:53:41.908,binance,ACT/USDT:USDT,0.0461,16500.0,0.04609,26788.0,0.04612,8521.0,0.04613,26017.0
1753617222102,11:53:42.102,binance,ACT/USDT:USDT,0.0461,16500.0,0.04609,26788.0,0.04612,8521.0,0.04613,26017.0
1753617222240,11:53:42.240,binance,ACT/USDT:USDT,0.0461,16500.0,0.04609,21762.0,0.04612,8521.0,0.04613,26017.0
1753617222655,11:53:42.655,binance,ACT/USDT:USDT,0.0461,16500.0,0.04609,21762.0,0.04612,8521.0,0.04613,26017.0
1753617222935,11:53:42.935,binance,ACT/USDT:USDT,0.04611,9945.0,0.0461,41143.0,0.04612,230.0,0.04613,19025.0
1753617223040,11:53:43.040,binance,ACT/USDT:USDT,0.04611,9945.0,0.0461,46433.0,0.04612,230.0,0.04613,19025.0
1753617223160,11:53:43.160,binance,ACT/USDT:USDT,0.04611,9945.0,0.0461,46433.0,0.04612,230.0,0.04613,19025.0
1753617223264,11:53:43.264,binance,ACT/USDT:USDT,0.04611,9945.0,0.0461,46433.0,0.04612,230.0,0.04613,19025.0
1753617223685,11:53:43.685,binance,ACT/USDT:USDT,0.04612,3773.0,0.04611,8430.0,0.04613,10906.0,0.04614,35164.0
1753617223790,11:53:43.790,binance,ACT/USDT:USDT,0.04611,12320.0,0.0461,32446.0,0.04612,1103.0,0.04613,11264.0
1753617223896,11:53:43.896,binance,ACT/USDT:USDT,0.04611,12320.0,0.0461,17631.0,0.04612,1103.0,0.04613,9482.0
1753617224002,11:53:44.002,binance,ACT/USDT:USDT,0.04611,12320.0,0.0461,22605.0,0.04612,1103.0,0.04613,9482.0
1753617224169,11:53:44.169,binance,ACT/USDT:USDT,0.04611,12320.0,0.0461,22605.0,0.04612,1103.0,0.04613,9482.0
1753617224301,11:53:44.301,binance,ACT/USDT:USDT,0.04611,12320.0,0.0461,22605.0,0.04612,1103.0,0.04613,9482.0
1753617224426,11:53:44.426,binance,ACT/USDT:USDT,0.04611,12320.0,0.0461,22605.0,0.04612,1103.0,0.04613,9482.0
1753617224985,11:53:44.985,binance,ACT/USDT:USDT,0.04611,12320.0,0.0461,22605.0,0.04612,1103.0,0.04613,9482.0
1753617225087,11:53:45.087,binance,ACT/USDT:USDT,0.04611,12320.0,0.0461,22605.0,0.04613,9124.0,0.04614,36884.0
1753617225207,11:53:45.207,binance,ACT/USDT:USDT,0.04611,12320.0,0.0461,22605.0,0.04613,10316.0,0.04614,36884.0
1753617225347,11:53:45.347,binance,ACT/USDT:USDT,0.04611,12320.0,0.0461,22605.0,0.04613,10316.0,0.04614,36884.0
1753617225463,11:53:45.463,binance,ACT/USDT:USDT,0.04611,12320.0,0.0461,22605.0,0.04613,10316.0,0.04614,36884.0
1753617225575,11:53:45.575,binance,ACT/USDT:USDT,0.04611,12320.0,0.0461,22605.0,0.04613,10316.0,0.04614,36884.0
1753617225742,11:53:45.742,binance,ACT/USDT:USDT,0.04611,3890.0,0.0461,17631.0,0.04612,8430.0,0.04613,15885.0
1753617225847,11:53:45.847,binance,ACT/USDT:USDT,0.0461,16672.0,0.04609,35507.0,0.04611,4360.0,0.04612,14981.0
1753617225951,11:53:45.951,binance,ACT/USDT:USDT,0.0461,16672.0,0.04609,35507.0,0.04611,4360.0,0.04612,10570.0
1753617226102,11:53:46.102,binance,ACT/USDT:USDT,0.0461,16672.0,0.04609,35507.0,0.04611,4360.0,0.04612,10570.0
1753617226208,11:53:46.208,binance,ACT/USDT:USDT,0.0461,16672.0,0.04609,35507.0,0.04611,4360.0,0.04612,10570.0
1753617226345,11:53:46.345,binance,ACT/USDT:USDT,0.0461,16672.0,0.04609,40486.0,0.04611,4360.0,0.04612,10570.0
1753617226814,11:53:46.814,binance,ACT/USDT:USDT,0.0461,16672.0,0.04609,40486.0,0.04611,4360.0,0.04612,10570.0
1753617226928,11:53:46.928,binance,ACT/USDT:USDT,0.0461,16672.0,0.04609,20820.0,0.04611,4360.0,0.04612,11800.0
1753617227032,11:53:47.032,binance,ACT/USDT:USDT,0.04611,1515.0,0.0461,19882.0,0.04612,8430.0,0.04613,24665.0
1753617227134,11:53:47.134,binance,ACT/USDT:USDT,0.0461,39510.0,0.04609,24273.0,0.04612,8430.0,0.04613,26056.0
1753617227262,11:53:47.262,binance,ACT/USDT:USDT,0.0461,39510.0,0.04609,24273.0,0.04613,16534.0,0.04614,39326.0
1753617227369,11:53:47.369,binance,ACT/USDT:USDT,0.04611,9843.0,0.0461,41212.0,0.04612,3920.0,0.04613,17044.0
1753617227525,11:53:47.525,binance,ACT/USDT:USDT,0.04611,9843.0,0.0461,41212.0,0.04612,3920.0,0.04613,17044.0
1753617227626,11:53:47.626,binance,ACT/USDT:USDT,0.04611,9843.0,0.0461,46374.0,0.04612,3920.0,0.04613,17044.0
1753617227886,11:53:47.886,binance,ACT/USDT:USDT,0.04611,9843.0,0.0461,46374.0,0.04612,3920.0,0.04613,17044.0
1753617228053,11:53:48.053,binance,ACT/USDT:USDT,0.04611,9843.0,0.0461,46374.0,0.04612,3920.0,0.04613,17044.0
1753617228167,11:53:48.167,binance,ACT/USDT:USDT,0.04611,9843.0,0.0461,26746.0,0.04612,3920.0,0.04613,15262.0
1753617228308,11:53:48.308,binance,ACT/USDT:USDT,0.04611,9843.0,0.0461,26746.0,0.04612,3920.0,0.04613,15262.0
1753617228435,11:53:48.435,binance,ACT/USDT:USDT,0.04611,9843.0,0.0461,26746.0,0.04612,3920.0,0.04613,15262.0
1753617228550,11:53:48.550,binance,ACT/USDT:USDT,0.04611,9843.0,0.0461,26746.0,0.04612,3920.0,0.04613,15262.0
1753617228731,11:53:48.731,binance,ACT/USDT:USDT,0.04611,9843.0,0.0461,26746.0,0.04612,3920.0,0.04613,15262.0
1753617228955,11:53:48.955,binance,ACT/USDT:USDT,0.04611,13053.0,0.0461,26746.0,0.04612,3920.0,0.04613,15262.0
1753617229126,11:53:49.126,binance,ACT/USDT:USDT,0.04611,13053.0,0.0461,26746.0,0.04612,3920.0,0.04613,15262.0
1753617229415,11:53:49.415,binance,ACT/USDT:USDT,0.04612,1515.0,0.04611,27915.0,0.04613,9124.0,0.04614,33857.0
1753617229518,11:53:49.518,binance,ACT/USDT:USDT,0.04612,1515.0,0.04611,27915.0,0.04613,8972.0,0.04614,33857.0
1753617229641,11:53:49.641,binance,ACT/USDT:USDT,0.04612,5439.0,0.04611,27915.0,0.04613,13125.0,0.04614,34271.0
1753617230056,11:53:50.056,binance,ACT/USDT:USDT,0.04612,5439.0,0.04611,27915.0,0.04613,13125.0,0.04614,34271.0
1753617230202,11:53:50.202,binance,ACT/USDT:USDT,0.04613,1541.0,0.04612,13767.0,0.04614,12263.0,0.04615,47397.0
1753617230303,11:53:50.303,binance,ACT/USDT:USDT,0.04613,14815.0,0.04612,23096.0,0.04614,1782.0,0.04615,32090.0
1753617230405,11:53:50.405,binance,ACT/USDT:USDT,0.04614,5346.0,0.04613,32047.0,0.04615,32434.0,0.04616,14302.0
1753617230506,11:53:50.506,binance,ACT/USDT:USDT,0.04613,32047.0,0.04612,24875.0,0.04615,31907.0,0.04616,18614.0
1753617230618,11:53:50.618,binance,ACT/USDT:USDT,0.04613,32047.0,0.04612,24875.0,0.04615,31907.0,0.04616,29352.0
1753617230725,11:53:50.725,binance,ACT/USDT:USDT,0.04613,36267.0,0.04612,24875.0,0.04615,31907.0,0.04616,18224.0
1753617230848,11:53:50.848,binance,ACT/USDT:USDT,0.04613,36579.0,0.04612,24875.0,0.04615,31783.0,0.04616,18224.0
1753617231066,11:53:51.066,binance,ACT/USDT:USDT,0.04613,36579.0,0.04612,24875.0,0.04615,31783.0,0.04616,18224.0
1753617231172,11:53:51.172,binance,ACT/USDT:USDT,0.04613,36579.0,0.04612,24875.0,0.04615,31783.0,0.04616,18224.0
1753617231280,11:53:51.280,binance,ACT/USDT:USDT,0.04613,32714.0,0.04612,19823.0,0.04615,31636.0,0.04616,18224.0
1753617231384,11:53:51.384,binance,ACT/USDT:USDT,0.04613,27903.0,0.04612,19823.0,0.04615,31636.0,0.04616,28962.0
1753617231489,11:53:51.489,binance,ACT/USDT:USDT,0.04613,4179.0,0.04612,19823.0,0.04615,31636.0,0.04616,33776.0
1753617231598,11:53:51.598,binance,ACT/USDT:USDT,0.04612,19520.0,0.04611,14498.0,0.04613,5135.0,0.04614,17408.0
1753617231707,11:53:51.707,binance,ACT/USDT:USDT,0.04612,23314.0,0.04611,14498.0,0.04613,3815.0,0.04614,17408.0
1753617231823,11:53:51.823,binance,ACT/USDT:USDT,0.04612,23314.0,0.04611,14498.0,0.04613,3815.0,0.04614,17408.0
1753617232000,11:53:52.000,binance,ACT/USDT:USDT,0.04612,23314.0,0.04611,14498.0,0.04613,3815.0,0.04614,17408.0
1753617232105,11:53:52.105,binance,ACT/USDT:USDT,0.04612,23314.0,0.04611,14498.0,0.04613,3815.0,0.04614,17408.0
1753617232208,11:53:52.208,binance,ACT/USDT:USDT,0.04612,23314.0,0.04611,14498.0,0.04613,4347.0,0.04614,17408.0
1753617232341,11:53:52.341,binance,ACT/USDT:USDT,0.04612,23314.0,0.04611,14498.0,0.04613,4347.0,0.04614,17408.0
1753617232458,11:53:52.458,binance,ACT/USDT:USDT,0.04612,23314.0,0.04611,14498.0,0.04613,4347.0,0.04614,17408.0
1753617232559,11:53:52.559,binance,ACT/USDT:USDT,0.04612,23314.0,0.04611,14498.0,0.04613,4347.0,0.04614,17408.0
1753617232667,11:53:52.667,binance,ACT/USDT:USDT,0.04611,14140.0,0.0461,19135.0,0.04613,12675.0,0.04614,23498.0
1753617232773,11:53:52.773,binance,ACT/USDT:USDT,0.04611,8686.0,0.0461,24888.0,0.04613,12143.0,0.04614,24400.0
1753617232879,11:53:52.879,binance,ACT/USDT:USDT,0.04612,3979.0,0.04611,8328.0,0.04613,11771.0,0.04614,24400.0
1753617232990,11:53:52.990,binance,ACT/USDT:USDT,0.04612,3979.0,0.04611,13449.0,0.04613,11771.0,0.04614,24400.0
1753617233095,11:53:53.095,binance,ACT/USDT:USDT,0.04612,3979.0,0.04611,13449.0,0.04613,11771.0,0.04614,24400.0
1753617233609,11:53:53.609,binance,ACT/USDT:USDT,0.04612,3979.0,0.04611,13449.0,0.04613,11771.0,0.04614,24400.0
1753617233745,11:53:53.745,binance,ACT/USDT:USDT,0.04612,3979.0,0.04611,5121.0,0.04613,11771.0,0.04614,24400.0
1753617233848,11:53:53.848,binance,ACT/USDT:USDT,0.04612,1515.0,0.04611,5730.0,0.04613,11771.0,0.04614,29771.0
1753617233956,11:53:53.956,binance,ACT/USDT:USDT,0.04611,5868.0,0.0461,32327.0,0.04612,3620.0,0.04613,26440.0
1753617234075,11:53:54.075,binance,ACT/USDT:USDT,0.04611,5868.0,0.0461,32327.0,0.04612,3620.0,0.04613,26440.0
1753617234183,11:53:54.183,binance,ACT/USDT:USDT,0.04611,5868.0,0.0461,32327.0,0.04613,26082.0,0.04614,29913.0
1753617234289,11:53:54.289,binance,ACT/USDT:USDT,0.04611,5868.0,0.0461,32327.0,0.04613,26082.0,0.04614,30440.0
1753617234445,11:53:54.445,binance,ACT/USDT:USDT,0.04611,5868.0,0.0461,32479.0,0.04613,26082.0,0.04614,30440.0
1753617234559,11:53:54.559,binance,ACT/USDT:USDT,0.04611,5868.0,0.0461,32479.0,0.04613,26082.0,0.04614,30440.0
1753617234703,11:53:54.703,binance,ACT/USDT:USDT,0.04611,5868.0,0.0461,32479.0,0.04613,26082.0,0.04614,30440.0
1753617234912,11:53:54.912,binance,ACT/USDT:USDT,0.04611,5868.0,0.0461,12918.0,0.04613,26082.0,0.04614,30440.0
1753617235015,11:53:55.015,binance,ACT/USDT:USDT,0.04611,5868.0,0.0461,12918.0,0.04613,26082.0,0.04614,30440.0
1753617235227,11:53:55.227,binance,ACT/USDT:USDT,0.04611,5868.0,0.0461,12918.0,0.04613,26082.0,0.04614,30440.0
1753617235474,11:53:55.474,binance,ACT/USDT:USDT,0.04611,5868.0,0.0461,12918.0,0.04613,26082.0,0.04614,30440.0
1753617235577,11:53:55.577,binance,ACT/USDT:USDT,0.04611,5868.0,0.0461,12918.0,0.04613,26082.0,0.04614,30440.0
1753617235685,11:53:55.685,binance,ACT/USDT:USDT,0.04611,5868.0,0.0461,12918.0,0.04613,26082.0,0.04614,30440.0
1753617236102,11:53:56.102,binance,ACT/USDT:USDT,0.04611,5868.0,0.0461,12918.0,0.04613,26082.0,0.04614,30440.0
1753617236204,11:53:56.204,binance,ACT/USDT:USDT,0.04611,5868.0,0.0461,12918.0,0.04613,26082.0,0.04614,30440.0
1753617236376,11:53:56.376,binance,ACT/USDT:USDT,0.04611,5868.0,0.0461,17442.0,0.04613,26082.0,0.04614,30440.0
1753617236520,11:53:56.520,binance,ACT/USDT:USDT,0.04611,5868.0,0.0461,17442.0,0.04613,26082.0,0.04614,30440.0
1753617236808,11:53:56.808,binance,ACT/USDT:USDT,0.04611,5868.0,0.0461,17442.0,0.04613,26082.0,0.04614,30440.0
1753617237302,11:53:57.302,binance,ACT/USDT:USDT,0.04611,5868.0,0.0461,17442.0,0.04613,26082.0,0.04614,30440.0
1753617237637,11:53:57.637,binance,ACT/USDT:USDT,0.04611,5868.0,0.0461,17442.0,0.04613,26082.0,0.04614,30440.0
1753617237831,11:53:57.831,binance,ACT/USDT:USDT,0.04611,5868.0,0.0461,17957.0,0.04613,26082.0,0.04614,30440.0
1753617237996,11:53:57.996,binance,ACT/USDT:USDT,0.04611,5868.0,0.0461,17957.0,0.04613,26082.0,0.04614,30440.0
1753617238569,11:53:58.569,binance,ACT/USDT:USDT,0.04611,5868.0,0.0461,17957.0,0.04613,26082.0,0.04614,30440.0
1753617238791,11:53:58.791,binance,ACT/USDT:USDT,0.04611,5868.0,0.0461,17957.0,0.04613,26082.0,0.04614,30440.0
1753617238985,11:53:58.985,binance,ACT/USDT:USDT,0.04611,5868.0,0.0461,17957.0,0.04613,35838.0,0.04614,30440.0
1753617239089,11:53:59.089,binance,ACT/USDT:USDT,0.04611,5868.0,0.0461,17957.0,0.04613,35838.0,0.04614,30440.0
1753617239279,11:53:59.279,binance,ACT/USDT:USDT,0.04611,5868.0,0.0461,17957.0,0.04612,9756.0,0.04613,26440.0
1753617239384,11:53:59.384,binance,ACT/USDT:USDT,0.04611,5868.0,0.0461,17957.0,0.04612,9756.0,0.04613,26440.0
1753617239602,11:53:59.602,binance,ACT/USDT:USDT,0.04611,5868.0,0.0461,17957.0,0.04612,9756.0,0.04613,26440.0
1753617239836,11:53:59.836,binance,ACT/USDT:USDT,0.0461,11302.0,0.04609,15317.0,0.04611,3843.0,0.04612,6626.0
1753617239937,11:53:59.937,binance,ACT/USDT:USDT,0.0461,9618.0,0.04609,8768.0,0.04611,4368.0,0.04612,6626.0
1753617240039,11:54:00.039,binance,ACT/USDT:USDT,0.0461,13814.0,0.04609,8768.0,0.04611,8249.0,0.04612,6778.0
1753617240141,11:54:00.141,binance,ACT/USDT:USDT,0.0461,13814.0,0.04609,8768.0,0.04611,8249.0,0.04612,6778.0
1753617240315,11:54:00.315,binance,ACT/USDT:USDT,0.0461,13814.0,0.04609,8768.0,0.04611,8249.0,0.04612,6778.0
1753617240422,11:54:00.422,binance,ACT/USDT:USDT,0.0461,13814.0,0.04609,18544.0,0.04611,8045.0,0.04612,6778.0
1753617240548,11:54:00.548,binance,ACT/USDT:USDT,0.0461,13814.0,0.04609,18544.0,0.04611,8045.0,0.04612,6778.0
1753617240649,11:54:00.649,binance,ACT/USDT:USDT,0.0461,13814.0,0.04609,18544.0,0.04611,8045.0,0.04612,13044.0
1753617240765,11:54:00.765,binance,ACT/USDT:USDT,0.0461,13814.0,0.04609,18544.0,0.04611,8045.0,0.04612,13044.0
1753617240935,11:54:00.935,binance,ACT/USDT:USDT,0.0461,13814.0,0.04609,18544.0,0.04611,8045.0,0.04612,13044.0
1753617241097,11:54:01.097,binance,ACT/USDT:USDT,0.0461,13814.0,0.04609,18544.0,0.04611,915.0,0.04612,3820.0
1753617241206,11:54:01.206,binance,ACT/USDT:USDT,0.0461,13814.0,0.04609,18544.0,0.04611,915.0,0.04612,510.0
1753617241318,11:54:01.318,binance,ACT/USDT:USDT,0.0461,13814.0,0.04609,18544.0,0.04611,915.0,0.04612,4278.0
1753617241565,11:54:01.565,binance,ACT/USDT:USDT,0.0461,13814.0,0.04609,18544.0,0.04611,915.0,0.04612,4278.0
1753617241692,11:54:01.692,binance,ACT/USDT:USDT,0.0461,13814.0,0.04609,18544.0,0.04611,915.0,0.04612,4278.0
1753617241846,11:54:01.846,binance,ACT/USDT:USDT,0.0461,13814.0,0.04609,18544.0,0.04611,915.0,0.04612,12667.0
1753617242005,11:54:02.005,binance,ACT/USDT:USDT,0.0461,4570.0,0.04609,18544.0,0.04611,19063.0,0.04612,28123.0
1753617242109,11:54:02.109,binance,ACT/USDT:USDT,0.0461,4570.0,0.04609,18544.0,0.04611,19063.0,0.04612,28123.0
1753617242215,11:54:02.215,binance,ACT/USDT:USDT,0.0461,4570.0,0.04609,22982.0,0.04611,19063.0,0.04612,28123.0
1753617242335,11:54:02.335,binance,ACT/USDT:USDT,0.0461,4570.0,0.04609,22982.0,0.04611,19293.0,0.04612,28123.0
1753617242544,11:54:02.544,binance,ACT/USDT:USDT,0.04609,12761.0,0.04608,60317.0,0.0461,17537.0,0.04611,31627.0
1753617242647,11:54:02.647,binance,ACT/USDT:USDT,0.04609,8323.0,0.04608,65690.0,0.0461,17537.0,0.04611,32393.0
1753617242757,11:54:02.757,binance,ACT/USDT:USDT,0.04609,8323.0,0.04608,65690.0,0.0461,17537.0,0.04611,38282.0
1753617242879,11:54:02.879,binance,ACT/USDT:USDT,0.04609,12420.0,0.04608,65690.0,0.0461,8353.0,0.04611,28115.0
1753617242981,11:54:02.981,binance,ACT/USDT:USDT,0.04609,11829.0,0.04608,65690.0,0.0461,8583.0,0.04611,28115.0
1753617243110,11:54:03.110,binance,ACT/USDT:USDT,0.04609,11829.0,0.04608,65690.0,0.0461,8583.0,0.04611,28115.0
1753617243216,11:54:03.216,binance,ACT/USDT:USDT,0.04609,11829.0,0.04608,65690.0,0.0461,8583.0,0.04611,28615.0
1753617243408,11:54:03.408,binance,ACT/USDT:USDT,0.04609,11940.0,0.04608,65690.0,0.0461,5130.0,0.04611,23667.0
1753617243510,11:54:03.510,binance,ACT/USDT:USDT,0.04609,11940.0,0.04608,65690.0,0.0461,5130.0,0.04611,17778.0
1753617243628,11:54:03.628,binance,ACT/USDT:USDT,0.04609,11940.0,0.04608,65690.0,0.0461,5130.0,0.04611,15995.0
1753617243802,11:54:03.802,binance,ACT/USDT:USDT,0.04609,11940.0,0.04608,65690.0,0.0461,5130.0,0.04611,15995.0
1753617244286,11:54:04.286,binance,ACT/USDT:USDT,0.04609,11940.0,0.04608,65690.0,0.0461,5130.0,0.04611,15995.0
1753617244485,11:54:04.485,binance,ACT/USDT:USDT,0.04609,11940.0,0.04608,65690.0,0.0461,5130.0,0.04611,12937.0
1753617244596,11:54:04.596,binance,ACT/USDT:USDT,0.04609,11940.0,0.04608,65690.0,0.0461,5130.0,0.04611,16081.0
1753617244741,11:54:04.741,binance,ACT/USDT:USDT,0.04609,11940.0,0.04608,65690.0,0.0461,5130.0,0.04611,26918.0
1753617244847,11:54:04.847,binance,ACT/USDT:USDT,0.04609,11940.0,0.04608,65690.0,0.0461,5130.0,0.04611,26918.0
1753617245325,11:54:05.325,binance,ACT/USDT:USDT,0.04609,4208.0,0.04608,65690.0,0.0461,5130.0,0.04611,26918.0
1753617245436,11:54:05.436,binance,ACT/USDT:USDT,0.04609,4208.0,0.04608,65690.0,0.0461,5130.0,0.04611,26918.0
1753617245702,11:54:05.702,binance,ACT/USDT:USDT,0.04609,4208.0,0.04608,65690.0,0.0461,5130.0,0.04611,26918.0
1753617245995,11:54:05.995,binance,ACT/USDT:USDT,0.04609,4208.0,0.04608,65690.0,0.0461,5130.0,0.04611,23774.0
1753617246105,11:54:06.105,binance,ACT/USDT:USDT,0.04608,63826.0,0.04607,17311.0,0.04609,915.0,0.0461,17843.0
1753617246207,11:54:06.207,binance,ACT/USDT:USDT,0.04608,63826.0,0.04607,24257.0,0.04609,915.0,0.0461,8590.0
1753617246446,11:54:06.446,binance,ACT/USDT:USDT,0.04608,63826.0,0.04607,24257.0,0.04609,915.0,0.0461,4574.0
1753617246552,11:54:06.552,binance,ACT/USDT:USDT,0.04608,63826.0,0.04607,24257.0,0.04609,915.0,0.0461,4574.0
1753617246661,11:54:06.661,binance,ACT/USDT:USDT,0.04608,63826.0,0.04607,24257.0,0.04609,915.0,0.0461,5439.0
1753617246763,11:54:06.763,binance,ACT/USDT:USDT,0.04608,63826.0,0.04607,24257.0,0.04609,915.0,0.0461,5439.0
1753617246976,11:54:06.976,binance,ACT/USDT:USDT,0.04608,63826.0,0.04607,24257.0,0.04609,915.0,0.0461,5439.0
1753617247185,11:54:07.185,binance,ACT/USDT:USDT,0.04608,63826.0,0.04607,24257.0,0.04609,1145.0,0.0461,13500.0
1753617247307,11:54:07.307,binance,ACT/USDT:USDT,0.04608,26492.0,0.04607,19342.0,0.04609,35622.0,0.0461,40797.0
1753617247408,11:54:07.408,binance,ACT/USDT:USDT,0.04608,26492.0,0.04607,19342.0,0.04609,25859.0,0.0461,36784.0
1753617247535,11:54:07.535,binance,ACT/USDT:USDT,0.04608,30485.0,0.04607,19342.0,0.04609,25859.0,0.0461,36784.0
1753617247667,11:54:07.667,binance,ACT/USDT:USDT,0.04608,30485.0,0.04607,19342.0,0.04609,25859.0,0.0461,36784.0
1753617247817,11:54:07.817,binance,ACT/USDT:USDT,0.04608,30485.0,0.04607,19342.0,0.04609,17659.0,0.0461,36784.0
1753617248021,11:54:08.021,binance,ACT/USDT:USDT,0.04607,13188.0,0.04606,12053.0,0.04608,30230.0,0.04609,28558.0
1753617248124,11:54:08.124,binance,ACT/USDT:USDT,0.04607,13188.0,0.04606,8798.0,0.04608,31677.0,0.04609,28558.0
1753617248228,11:54:08.228,binance,ACT/USDT:USDT,0.04607,9504.0,0.04606,8798.0,0.04608,35342.0,0.04609,33408.0
1753617248349,11:54:08.349,binance,ACT/USDT:USDT,0.04607,9504.0,0.04606,8798.0,0.04608,35342.0,0.04609,33408.0
1753617248451,11:54:08.451,binance,ACT/USDT:USDT,0.04607,9504.0,0.04606,8798.0,0.04608,35342.0,0.04609,33408.0
1753617248614,11:54:08.614,binance,ACT/USDT:USDT,0.04607,9504.0,0.04606,8798.0,0.04608,35342.0,0.04609,33408.0
1753617248765,11:54:08.765,binance,ACT/USDT:USDT,0.04607,9504.0,0.04606,8798.0,0.04608,35342.0,0.04609,33408.0
1753617249202,11:54:09.202,binance,ACT/USDT:USDT,0.04607,9504.0,0.04606,8798.0,0.04608,35342.0,0.04609,33408.0
1753617249338,11:54:09.338,binance,ACT/USDT:USDT,0.04607,9504.0,0.04606,8798.0,0.04608,35342.0,0.04609,33408.0
1753617249520,11:54:09.520,binance,ACT/USDT:USDT,0.04607,9504.0,0.04606,8798.0,0.04608,35342.0,0.04609,33408.0
1753617249802,11:54:09.802,binance,ACT/USDT:USDT,0.04607,9504.0,0.04606,8798.0,0.04608,35342.0,0.04609,33408.0
1753617249908,11:54:09.908,binance,ACT/USDT:USDT,0.04607,9504.0,0.04606,8798.0,0.04608,35342.0,0.04609,33408.0
1753617250037,11:54:10.037,binance,ACT/USDT:USDT,0.04607,9504.0,0.04606,8798.0,0.04608,35342.0,0.04609,33408.0
1753617250343,11:54:10.343,binance,ACT/USDT:USDT,0.04607,9504.0,0.04606,8798.0,0.04608,35342.0,0.04609,33408.0
1753617250502,11:54:10.502,binance,ACT/USDT:USDT,0.04607,9504.0,0.04606,8798.0,0.04608,35342.0,0.04609,33408.0
1753617250902,11:54:10.902,binance,ACT/USDT:USDT,0.04607,9504.0,0.04606,8798.0,0.04608,36243.0,0.04609,33408.0
1753617251069,11:54:11.069,binance,ACT/USDT:USDT,0.04607,9504.0,0.04606,8798.0,0.04608,36243.0,0.04609,33408.0
1753617251468,11:54:11.468,binance,ACT/USDT:USDT,0.04607,9504.0,0.04606,8798.0,0.04608,36243.0,0.04609,33408.0
1753617251614,11:54:11.614,binance,ACT/USDT:USDT,0.04607,9504.0,0.04606,8798.0,0.04608,36243.0,0.04609,33408.0
1753617251721,11:54:11.721,binance,ACT/USDT:USDT,0.04607,9504.0,0.04606,8798.0,0.04608,36243.0,0.04609,33408.0
1753617251897,11:54:11.897,binance,ACT/USDT:USDT,0.04607,9504.0,0.04606,8798.0,0.04608,36243.0,0.04609,33408.0
1753617252057,11:54:12.057,binance,ACT/USDT:USDT,0.04607,9504.0,0.04606,8798.0,0.04608,36243.0,0.04609,33408.0
1753617252460,11:54:12.460,binance,ACT/USDT:USDT,0.04607,9504.0,0.04606,13658.0,0.04608,2578.0,0.04609,13802.0
1753617252565,11:54:12.565,binance,ACT/USDT:USDT,0.04607,9504.0,0.04606,18565.0,0.04608,2578.0,0.04609,13802.0
1753617253102,11:54:13.102,binance,ACT/USDT:USDT,0.04607,9504.0,0.04606,18565.0,0.04608,2578.0,0.04609,17972.0
1753617253208,11:54:13.208,binance,ACT/USDT:USDT,0.04607,9504.0,0.04606,18565.0,0.04608,2578.0,0.04609,17972.0
1753617253553,11:54:13.553,binance,ACT/USDT:USDT,0.04607,9504.0,0.04606,18565.0,0.04608,2578.0,0.04609,21792.0
1753617253658,11:54:13.658,binance,ACT/USDT:USDT,0.04607,9504.0,0.04606,18565.0,0.04608,2578.0,0.04609,21792.0
1753617254202,11:54:14.202,binance,ACT/USDT:USDT,0.04607,9504.0,0.04606,18565.0,0.04608,2578.0,0.04609,21792.0
1753617254309,11:54:14.309,binance,ACT/USDT:USDT,0.04607,9504.0,0.04606,18565.0,0.04608,2578.0,0.04609,21792.0
1753617254762,11:54:14.762,binance,ACT/USDT:USDT,0.04607,9504.0,0.04606,18565.0,0.04608,2578.0,0.04609,21792.0
1753617254901,11:54:14.901,binance,ACT/USDT:USDT,0.04607,9504.0,0.04606,18565.0,0.04608,2578.0,0.04609,21792.0
1753617255405,11:54:15.405,binance,ACT/USDT:USDT,0.04607,9504.0,0.04606,18565.0,0.04608,2578.0,0.04609,17972.0
1753617255617,11:54:15.617,binance,ACT/USDT:USDT,0.04607,9504.0,0.04606,18565.0,0.04608,2578.0,0.04609,17972.0
1753617255902,11:54:15.902,binance,ACT/USDT:USDT,0.04607,9504.0,0.04606,18565.0,0.04608,2578.0,0.04609,17972.0
1753617256008,11:54:16.008,binance,ACT/USDT:USDT,0.04607,9504.0,0.04606,18565.0,0.04608,2578.0,0.04609,21792.0
1753617256118,11:54:16.118,binance,ACT/USDT:USDT,0.04607,9504.0,0.04606,18565.0,0.04608,2578.0,0.04609,21792.0
1753617256586,11:54:16.586,binance,ACT/USDT:USDT,0.04607,9504.0,0.04606,13658.0,0.04608,2578.0,0.04609,17972.0
1753617256690,11:54:16.690,binance,ACT/USDT:USDT,0.04607,9504.0,0.04606,13658.0,0.04608,2578.0,0.04609,17972.0
1753617256993,11:54:16.993,binance,ACT/USDT:USDT,0.04607,9504.0,0.04606,13658.0,0.04608,2578.0,0.04609,17972.0
1753617257165,11:54:17.165,binance,ACT/USDT:USDT,0.04607,9504.0,0.04606,13658.0,0.04608,2578.0,0.04609,17972.0
1753617257463,11:54:17.463,binance,ACT/USDT:USDT,0.04607,9504.0,0.04606,13658.0,0.04608,2578.0,0.04609,17972.0
1753617257568,11:54:17.568,binance,ACT/USDT:USDT,0.04607,9504.0,0.04606,13658.0,0.04608,2578.0,0.04609,17972.0
1753617257671,11:54:17.671,binance,ACT/USDT:USDT,0.04607,9504.0,0.04606,13658.0,0.04608,2578.0,0.04609,17972.0
1753617258137,11:54:18.137,binance,ACT/USDT:USDT,0.04607,9504.0,0.04606,13658.0,0.04608,2578.0,0.04609,22135.0
1753617258312,11:54:18.312,binance,ACT/USDT:USDT,0.04607,9504.0,0.04606,13658.0,0.04608,2578.0,0.04609,22135.0
1753617258516,11:54:18.516,binance,ACT/USDT:USDT,0.04607,9521.0,0.04606,13658.0,0.04608,2578.0,0.04609,17972.0
1753617258676,11:54:18.676,binance,ACT/USDT:USDT,0.04607,9743.0,0.04606,13658.0,0.04608,2578.0,0.04609,17972.0
1753617258907,11:54:18.907,binance,ACT/USDT:USDT,0.04607,9743.0,0.04606,18565.0,0.04608,2578.0,0.04609,17972.0
1753617259116,11:54:19.116,binance,ACT/USDT:USDT,0.04607,9521.0,0.04606,18791.0,0.04608,2578.0,0.04609,17972.0
1753617259245,11:54:19.245,binance,ACT/USDT:USDT,0.04607,9521.0,0.04606,18791.0,0.04608,2578.0,0.04609,17972.0
1753617259402,11:54:19.402,binance,ACT/USDT:USDT,0.04607,9521.0,0.04606,18791.0,0.04608,2578.0,0.04609,17972.0
1753617259558,11:54:19.558,binance,ACT/USDT:USDT,0.04607,9521.0,0.04606,18791.0,0.04608,2578.0,0.04609,21792.0
1753617259663,11:54:19.663,binance,ACT/USDT:USDT,0.04607,9521.0,0.04606,18791.0,0.04608,2578.0,0.04609,21792.0
1753617260202,11:54:20.202,binance,ACT/USDT:USDT,0.04607,9521.0,0.04606,18791.0,0.04608,2578.0,0.04609,21792.0
1753617260802,11:54:20.802,binance,ACT/USDT:USDT,0.04607,9521.0,0.04606,18791.0,0.04608,2578.0,0.04609,21792.0
1753617261220,11:54:21.220,binance,ACT/USDT:USDT,0.04607,9521.0,0.04606,18791.0,0.04608,2578.0,0.04609,21792.0
1753617261402,11:54:21.402,binance,ACT/USDT:USDT,0.04607,9521.0,0.04606,18791.0,0.04608,2578.0,0.04609,21792.0
1753617261808,11:54:21.808,binance,ACT/USDT:USDT,0.04607,9521.0,0.04606,18791.0,0.04608,2578.0,0.04609,21792.0
1753617261913,11:54:21.913,binance,ACT/USDT:USDT,0.04607,9521.0,0.04606,18791.0,0.04608,2578.0,0.04609,21792.0
1753617262016,11:54:22.016,binance,ACT/USDT:USDT,0.04607,9521.0,0.04606,18791.0,0.04608,2578.0,0.04609,21792.0
1753617262502,11:54:22.502,binance,ACT/USDT:USDT,0.04607,9521.0,0.04606,18791.0,0.04608,2578.0,0.04609,21792.0
1753617262608,11:54:22.608,binance,ACT/USDT:USDT,0.04607,9521.0,0.04606,18791.0,0.04608,2578.0,0.04609,21792.0
1753617263090,11:54:23.090,binance,ACT/USDT:USDT,0.04607,9643.0,0.04606,18791.0,0.04608,2578.0,0.04609,17972.0
1753617263338,11:54:23.338,binance,ACT/USDT:USDT,0.04607,9643.0,0.04606,18791.0,0.04608,2578.0,0.04609,17972.0
1753617263487,11:54:23.487,binance,ACT/USDT:USDT,0.04607,9949.0,0.04606,18791.0,0.04608,2578.0,0.04609,17972.0
1753617263709,11:54:23.709,binance,ACT/USDT:USDT,0.04607,9949.0,0.04606,18791.0,0.04608,2578.0,0.04609,17972.0
1753617263818,11:54:23.818,binance,ACT/USDT:USDT,0.04607,9949.0,0.04606,18791.0,0.04608,2578.0,0.04609,17972.0
1753617264202,11:54:24.202,binance,ACT/USDT:USDT,0.04607,10060.0,0.04606,18791.0,0.04608,2578.0,0.04609,17972.0
1753617264307,11:54:24.307,binance,ACT/USDT:USDT,0.04607,10060.0,0.04606,18791.0,0.04608,2578.0,0.04609,17972.0
1753617264567,11:54:24.567,binance,ACT/USDT:USDT,0.04607,10060.0,0.04606,18791.0,0.04608,2578.0,0.04609,17972.0
1753617264802,11:54:24.802,binance,ACT/USDT:USDT,0.04607,10060.0,0.04606,18791.0,0.04608,2578.0,0.04609,17972.0
1753617265402,11:54:25.402,binance,ACT/USDT:USDT,0.04607,10060.0,0.04606,18791.0,0.04608,2578.0,0.04609,17972.0
1753617265985,11:54:25.985,binance,ACT/USDT:USDT,0.04607,10060.0,0.04606,18791.0,0.04608,2578.0,0.04609,17972.0
1753617266107,11:54:26.107,binance,ACT/USDT:USDT,0.04607,10243.0,0.04606,18791.0,0.04608,2578.0,0.04609,21792.0
1753617266258,11:54:26.258,binance,ACT/USDT:USDT,0.04607,10243.0,0.04606,18791.0,0.04608,2578.0,0.04609,21792.0
1753617266802,11:54:26.802,binance,ACT/USDT:USDT,0.04607,10243.0,0.04606,13884.0,0.04608,2578.0,0.04609,21792.0
1753617266908,11:54:26.908,binance,ACT/USDT:USDT,0.04607,10243.0,0.04606,13884.0,0.04608,2578.0,0.04609,21792.0
1753617267248,11:54:27.248,binance,ACT/USDT:USDT,0.04607,10243.0,0.04606,13884.0,0.04608,2578.0,0.04609,21792.0
1753617267402,11:54:27.402,binance,ACT/USDT:USDT,0.04607,10243.0,0.04606,13884.0,0.04608,2578.0,0.04609,21792.0
1753617267642,11:54:27.642,binance,ACT/USDT:USDT,0.04607,10243.0,0.04606,13884.0,0.04608,2578.0,0.04609,21792.0
1753617268002,11:54:28.002,binance,ACT/USDT:USDT,0.04607,10243.0,0.04606,13884.0,0.04608,2578.0,0.04609,21792.0
1753617268252,11:54:28.252,binance,ACT/USDT:USDT,0.04607,10243.0,0.04606,13884.0,0.04608,2578.0,0.04609,21792.0
1753617268602,11:54:28.602,binance,ACT/USDT:USDT,0.04607,10243.0,0.04606,13884.0,0.04608,2578.0,0.04609,21792.0
1753617268912,11:54:28.912,binance,ACT/USDT:USDT,0.04607,10243.0,0.04606,13884.0,0.04608,2578.0,0.04609,21792.0
1753617269144,11:54:29.144,binance,ACT/USDT:USDT,0.04607,10243.0,0.04606,13884.0,0.04608,2578.0,0.04609,21792.0
1753617269302,11:54:29.302,binance,ACT/USDT:USDT,0.04607,10243.0,0.04606,13884.0,0.04608,2578.0,0.04609,21792.0
1753617269486,11:54:29.486,binance,ACT/USDT:USDT,0.04607,10469.0,0.04606,13884.0,0.04608,2578.0,0.04609,21792.0
1753617269802,11:54:29.802,binance,ACT/USDT:USDT,0.04607,10469.0,0.04606,13884.0,0.04608,2578.0,0.04609,21792.0
1753617269940,11:54:29.940,binance,ACT/USDT:USDT,0.04607,10469.0,0.04606,13884.0,0.04608,2578.0,0.04609,21792.0
1753617270395,11:54:30.395,binance,ACT/USDT:USDT,0.04607,10358.0,0.04606,13884.0,0.04608,2578.0,0.04609,21792.0
1753617270626,11:54:30.626,binance,ACT/USDT:USDT,0.04607,10358.0,0.04606,13884.0,0.04608,2578.0,0.04609,21792.0
1753617270903,11:54:30.903,binance,ACT/USDT:USDT,0.04607,10358.0,0.04606,13884.0,0.04608,2578.0,0.04609,21792.0
1753617271248,11:54:31.248,binance,ACT/USDT:USDT,0.04607,10358.0,0.04606,13884.0,0.04608,2578.0,0.04609,26699.0
1753617271353,11:54:31.353,binance,ACT/USDT:USDT,0.04607,10358.0,0.04606,13884.0,0.04608,2578.0,0.04609,26699.0
1753617271502,11:54:31.502,binance,ACT/USDT:USDT,0.04607,10358.0,0.04606,13884.0,0.04608,2578.0,0.04609,26699.0
1753617271928,11:54:31.928,binance,ACT/USDT:USDT,0.04607,10358.0,0.04606,13884.0,0.04608,2578.0,0.04609,26699.0
1753617272035,11:54:32.035,binance,ACT/USDT:USDT,0.04607,10358.0,0.04606,13884.0,0.04608,2578.0,0.04609,21792.0
1753617272141,11:54:32.141,binance,ACT/USDT:USDT,0.04607,10358.0,0.04606,13884.0,0.04608,2578.0,0.04609,21792.0
1753617272416,11:54:32.416,binance,ACT/USDT:USDT,0.04607,10358.0,0.04606,13884.0,0.04608,2578.0,0.04609,17972.0
1753617272552,11:54:32.552,binance,ACT/USDT:USDT,0.04607,10358.0,0.04606,13884.0,0.04608,3130.0,0.04609,24424.0
1753617273102,11:54:33.102,binance,ACT/USDT:USDT,0.04607,10358.0,0.04606,13884.0,0.04608,3130.0,0.04609,24424.0
1753617273249,11:54:33.249,binance,ACT/USDT:USDT,0.04607,10358.0,0.04606,13884.0,0.04608,3130.0,0.04609,24424.0
1753617273580,11:54:33.580,binance,ACT/USDT:USDT,0.04606,8372.0,0.04605,13952.0,0.04608,12895.0,0.04609,37690.0
1753617273686,11:54:33.686,binance,ACT/USDT:USDT,0.04606,1901.0,0.04605,13952.0,0.04607,9559.0,0.04608,15475.0
1753617273791,11:54:33.791,binance,ACT/USDT:USDT,0.04606,6414.0,0.04605,13952.0,0.04607,13395.0,0.04608,15873.0
1753617273892,11:54:33.892,binance,ACT/USDT:USDT,0.04606,6414.0,0.04605,13952.0,0.04607,5203.0,0.04608,15475.0
1753617274003,11:54:34.003,binance,ACT/USDT:USDT,0.04606,6414.0,0.04605,13952.0,0.04607,5203.0,0.04608,15475.0
1753617274139,11:54:34.139,binance,ACT/USDT:USDT,0.04606,6295.0,0.04605,13952.0,0.04607,5203.0,0.04608,18913.0
1753617274295,11:54:34.295,binance,ACT/USDT:USDT,0.04606,6295.0,0.04605,13952.0,0.04607,5203.0,0.04608,18913.0
1753617274403,11:54:34.403,binance,ACT/USDT:USDT,0.04606,20982.0,0.04605,13952.0,0.04607,5203.0,0.04608,18913.0
1753617274808,11:54:34.808,binance,ACT/USDT:USDT,0.04606,20982.0,0.04605,13952.0,0.04607,5203.0,0.04608,13824.0
1753617275061,11:54:35.061,binance,ACT/USDT:USDT,0.04606,20982.0,0.04605,13952.0,0.04607,5203.0,0.04608,13824.0
1753617275547,11:54:35.547,binance,ACT/USDT:USDT,0.04606,20982.0,0.04605,13952.0,0.04607,5203.0,0.04608,13824.0
1753617275762,11:54:35.762,binance,ACT/USDT:USDT,0.04606,20982.0,0.04605,13952.0,0.04607,5203.0,0.04608,13824.0
1753617275864,11:54:35.864,binance,ACT/USDT:USDT,0.04606,20982.0,0.04605,13952.0,0.04607,5203.0,0.04608,13824.0
1753617276202,11:54:36.202,binance,ACT/USDT:USDT,0.04606,20982.0,0.04605,13952.0,0.04607,5203.0,0.04608,13824.0
1753617276402,11:54:36.402,binance,ACT/USDT:USDT,0.04606,20982.0,0.04605,13952.0,0.04607,5203.0,0.04608,13824.0
1753617276772,11:54:36.772,binance,ACT/USDT:USDT,0.04606,20982.0,0.04605,13952.0,0.04607,5203.0,0.04608,13824.0
1753617276937,11:54:36.937,binance,ACT/USDT:USDT,0.04606,20982.0,0.04605,13952.0,0.04607,5203.0,0.04608,13824.0
1753617277075,11:54:37.075,binance,ACT/USDT:USDT,0.04606,20982.0,0.04605,13952.0,0.04607,5203.0,0.04608,10386.0
1753617277285,11:54:37.285,binance,ACT/USDT:USDT,0.04606,20982.0,0.04605,13952.0,0.04607,5203.0,0.04608,13468.0
1753617277702,11:54:37.702,binance,ACT/USDT:USDT,0.04606,20982.0,0.04605,13952.0,0.04607,5203.0,0.04608,13468.0
1753617277820,11:54:37.820,binance,ACT/USDT:USDT,0.04606,20982.0,0.04605,13952.0,0.04607,5203.0,0.04608,13468.0
1753617278122,11:54:38.122,binance,ACT/USDT:USDT,0.04606,20982.0,0.04605,13952.0,0.04607,5203.0,0.04608,10206.0
1753617278236,11:54:38.236,binance,ACT/USDT:USDT,0.04606,20982.0,0.04605,13952.0,0.04607,9544.0,0.04608,7276.0
1753617278345,11:54:38.345,binance,ACT/USDT:USDT,0.04606,20982.0,0.04605,13952.0,0.04607,5203.0,0.04608,7276.0
1753617278456,11:54:38.456,binance,ACT/USDT:USDT,0.04606,20982.0,0.04605,13952.0,0.04607,5203.0,0.04608,9978.0
1753617278593,11:54:38.593,binance,ACT/USDT:USDT,0.04606,20982.0,0.04605,13952.0,0.04607,5203.0,0.04608,9978.0
1753617278711,11:54:38.711,binance,ACT/USDT:USDT,0.04606,20982.0,0.04605,13952.0,0.04607,5203.0,0.04608,9978.0
1753617278959,11:54:38.959,binance,ACT/USDT:USDT,0.04606,19426.0,0.04605,13952.0,0.04607,14971.0,0.04608,14978.0
1753617279060,11:54:39.060,binance,ACT/USDT:USDT,0.04606,19426.0,0.04605,13952.0,0.04607,14971.0,0.04608,15386.0
1753617279244,11:54:39.244,binance,ACT/USDT:USDT,0.04606,19426.0,0.04605,13952.0,0.04607,14971.0,0.04608,15386.0
1753617279385,11:54:39.385,binance,ACT/USDT:USDT,0.04606,19426.0,0.04605,13952.0,0.04607,5203.0,0.04608,14978.0
1753617279513,11:54:39.513,binance,ACT/USDT:USDT,0.04606,19426.0,0.04605,13952.0,0.04607,5203.0,0.04608,14978.0
1753617279615,11:54:39.615,binance,ACT/USDT:USDT,0.04606,19426.0,0.04605,13952.0,0.04607,5203.0,0.04608,14978.0
1753617279755,11:54:39.755,binance,ACT/USDT:USDT,0.04606,19426.0,0.04605,13952.0,0.04607,5203.0,0.04608,12276.0
1753617280047,11:54:40.047,binance,ACT/USDT:USDT,0.04606,19426.0,0.04605,13952.0,0.04607,5203.0,0.04608,12276.0
1753617280248,11:54:40.248,binance,ACT/USDT:USDT,0.04606,19426.0,0.04605,13952.0,0.04607,5203.0,0.04608,17212.0
1753617280353,11:54:40.353,binance,ACT/USDT:USDT,0.04606,19426.0,0.04605,13952.0,0.04607,5203.0,0.04608,17212.0
1753617280494,11:54:40.494,binance,ACT/USDT:USDT,0.04606,19426.0,0.04605,13952.0,0.04607,5203.0,0.04608,17212.0
1753617280632,11:54:40.632,binance,ACT/USDT:USDT,0.04606,19426.0,0.04605,13952.0,0.04607,5203.0,0.04608,17212.0
1753617280802,11:54:40.802,binance,ACT/USDT:USDT,0.04606,19426.0,0.04605,13952.0,0.04607,5203.0,0.04608,17212.0
1753617280942,11:54:40.942,binance,ACT/USDT:USDT,0.04606,19426.0,0.04605,13952.0,0.04607,5203.0,0.04608,17212.0
1753617281248,11:54:41.248,binance,ACT/USDT:USDT,0.04606,19426.0,0.04605,13952.0,0.04607,5203.0,0.04608,17212.0
1753617281351,11:54:41.351,binance,ACT/USDT:USDT,0.04606,19426.0,0.04605,13952.0,0.04607,5203.0,0.04608,17212.0
1753617281549,11:54:41.549,binance,ACT/USDT:USDT,0.04606,19426.0,0.04605,13952.0,0.04607,5203.0,0.04608,17212.0
1753617281664,11:54:41.664,binance,ACT/USDT:USDT,0.04606,19426.0,0.04605,13952.0,0.04607,5203.0,0.04608,17212.0
1753617281902,11:54:41.902,binance,ACT/USDT:USDT,0.04606,19426.0,0.04605,13952.0,0.04607,5203.0,0.04608,17212.0
1753617282168,11:54:42.168,binance,ACT/USDT:USDT,0.04606,19426.0,0.04605,13952.0,0.04607,5203.0,0.04608,17212.0
1753617282367,11:54:42.367,binance,ACT/USDT:USDT,0.04606,19426.0,0.04605,13952.0,0.04607,5203.0,0.04608,17212.0
1753617282475,11:54:42.475,binance,ACT/USDT:USDT,0.04606,19426.0,0.04605,13952.0,0.04607,5203.0,0.04608,17212.0
1753617282577,11:54:42.577,binance,ACT/USDT:USDT,0.04606,19426.0,0.04605,13952.0,0.04607,14971.0,0.04608,17629.0
1753617282797,11:54:42.797,binance,ACT/USDT:USDT,0.04606,19426.0,0.04605,13952.0,0.04607,14971.0,0.04608,17629.0
1753617282903,11:54:42.903,binance,ACT/USDT:USDT,0.04606,19426.0,0.04605,13952.0,0.04607,14971.0,0.04608,17629.0
1753617283005,11:54:43.005,binance,ACT/USDT:USDT,0.04606,19426.0,0.04605,13952.0,0.04607,14971.0,0.04608,17629.0
1753617283212,11:54:43.212,binance,ACT/USDT:USDT,0.04606,19426.0,0.04605,13952.0,0.04607,14971.0,0.04608,17629.0
1753617283332,11:54:43.332,binance,ACT/USDT:USDT,0.04606,19426.0,0.04605,13952.0,0.04607,14971.0,0.04608,17629.0
1753617283485,11:54:43.485,binance,ACT/USDT:USDT,0.04606,19426.0,0.04605,13952.0,0.04607,14971.0,0.04608,17629.0
1753617283598,11:54:43.598,binance,ACT/USDT:USDT,0.04606,19426.0,0.04605,13952.0,0.04607,14971.0,0.04608,17629.0
1753617283751,11:54:43.751,binance,ACT/USDT:USDT,0.04606,19426.0,0.04605,13952.0,0.04607,9544.0,0.04608,17629.0
1753617283860,11:54:43.860,binance,ACT/USDT:USDT,0.04606,19426.0,0.04605,13952.0,0.04607,9544.0,0.04608,12276.0
1753617283985,11:54:43.985,binance,ACT/USDT:USDT,0.04606,19426.0,0.04605,13952.0,0.04607,5203.0,0.04608,12276.0
1753617284202,11:54:44.202,binance,ACT/USDT:USDT,0.04606,19426.0,0.04605,13952.0,0.04607,5203.0,0.04608,12276.0
1753617284355,11:54:44.355,binance,ACT/USDT:USDT,0.04606,19426.0,0.04605,13952.0,0.04607,5203.0,0.04608,12276.0
1753617284550,11:54:44.550,binance,ACT/USDT:USDT,0.04606,19426.0,0.04605,13952.0,0.04607,5203.0,0.04608,12276.0
1753617284702,11:54:44.702,binance,ACT/USDT:USDT,0.04606,19426.0,0.04605,13952.0,0.04607,5203.0,0.04608,17212.0
1753617284836,11:54:44.836,binance,ACT/USDT:USDT,0.04606,19426.0,0.04605,13952.0,0.04607,5203.0,0.04608,17212.0
1753617284966,11:54:44.966,binance,ACT/USDT:USDT,0.04606,19426.0,0.04605,13952.0,0.04607,5203.0,0.04608,17212.0
1753617285187,11:54:45.187,binance,ACT/USDT:USDT,0.04606,19426.0,0.04605,13952.0,0.04607,5203.0,0.04608,17212.0
1753617285306,11:54:45.306,binance,ACT/USDT:USDT,0.04606,19426.0,0.04605,13952.0,0.04607,5203.0,0.04608,17212.0
1753617285409,11:54:45.409,binance,ACT/USDT:USDT,0.04606,19426.0,0.04605,13952.0,0.04607,5203.0,0.04608,17212.0
1753617285545,11:54:45.545,binance,ACT/USDT:USDT,0.04606,19426.0,0.04605,13952.0,0.04607,9544.0,0.04608,17212.0
1753617285905,11:54:45.905,binance,ACT/USDT:USDT,0.04606,19426.0,0.04605,13952.0,0.04607,9544.0,0.04608,17212.0
1753617286135,11:54:46.135,binance,ACT/USDT:USDT,0.04606,19426.0,0.04605,13952.0,0.04607,9544.0,0.04608,17212.0
1753617286341,11:54:46.341,binance,ACT/USDT:USDT,0.04606,19426.0,0.04605,13952.0,0.04607,9544.0,0.04608,17212.0
1753617286465,11:54:46.465,binance,ACT/USDT:USDT,0.04606,19426.0,0.04605,13952.0,0.04607,14971.0,0.04608,17212.0
1753617286660,11:54:46.660,binance,ACT/USDT:USDT,0.04606,19426.0,0.04605,13952.0,0.04607,14971.0,0.04608,17625.0
1753617286972,11:54:46.972,binance,ACT/USDT:USDT,0.04606,19426.0,0.04605,13952.0,0.04607,14971.0,0.04608,17625.0
1753617287172,11:54:47.172,binance,ACT/USDT:USDT,0.04606,19426.0,0.04605,13952.0,0.04607,14971.0,0.04608,17625.0
1753617287419,11:54:47.419,binance,ACT/USDT:USDT,0.04606,19426.0,0.04605,13952.0,0.04607,14971.0,0.04608,17625.0
1753617287553,11:54:47.553,binance,ACT/USDT:USDT,0.04606,19426.0,0.04605,13952.0,0.04607,14971.0,0.04608,17625.0
1753617287725,11:54:47.725,binance,ACT/USDT:USDT,0.04606,19426.0,0.04605,13952.0,0.04607,14971.0,0.04608,12689.0
1753617287919,11:54:47.919,binance,ACT/USDT:USDT,0.04606,19426.0,0.04605,13952.0,0.04607,14971.0,0.04608,12689.0
1753617288237,11:54:48.237,binance,ACT/USDT:USDT,0.04606,19426.0,0.04605,13952.0,0.04607,14971.0,0.04608,12689.0
1753617288525,11:54:48.525,binance,ACT/USDT:USDT,0.04606,14687.0,0.04605,13952.0,0.04607,14971.0,0.04608,21033.0
1753617288742,11:54:48.742,binance,ACT/USDT:USDT,0.04606,14687.0,0.04605,13952.0,0.04607,14971.0,0.04608,21033.0
1753617288956,11:54:48.956,binance,ACT/USDT:USDT,0.04606,14687.0,0.04605,13952.0,0.04607,14971.0,0.04608,21033.0
1753617289246,11:54:49.246,binance,ACT/USDT:USDT,0.04606,18589.0,0.04605,13952.0,0.04607,14971.0,0.04608,27266.0
1753617289350,11:54:49.350,binance,ACT/USDT:USDT,0.04606,18589.0,0.04605,13952.0,0.04607,14971.0,0.04608,27266.0
1753617289479,11:54:49.479,binance,ACT/USDT:USDT,0.04606,18589.0,0.04605,13952.0,0.04607,14971.0,0.04608,27266.0
1753617289702,11:54:49.702,binance,ACT/USDT:USDT,0.04606,18589.0,0.04605,13952.0,0.04607,5203.0,0.04608,15530.0
1753617289805,11:54:49.805,binance,ACT/USDT:USDT,0.04606,18589.0,0.04605,13952.0,0.04607,5203.0,0.04608,15530.0
1753617289908,11:54:49.908,binance,ACT/USDT:USDT,0.04606,18589.0,0.04605,13952.0,0.04607,5203.0,0.04608,15530.0
1753617290199,11:54:50.199,binance,ACT/USDT:USDT,0.04606,18589.0,0.04605,13952.0,0.04607,5203.0,0.04608,15530.0
1753617290302,11:54:50.302,binance,ACT/USDT:USDT,0.04606,18589.0,0.04605,13952.0,0.04607,4973.0,0.04608,15530.0
1753617290445,11:54:50.445,binance,ACT/USDT:USDT,0.04606,18511.0,0.04605,13952.0,0.04607,1137.0,0.04608,12276.0
1753617290560,11:54:50.560,binance,ACT/USDT:USDT,0.04606,18511.0,0.04605,13952.0,0.04607,1137.0,0.04608,12276.0
1753617290663,11:54:50.663,binance,ACT/USDT:USDT,0.04606,18511.0,0.04605,13952.0,0.04607,5024.0,0.04608,12276.0
1753617290775,11:54:50.775,binance,ACT/USDT:USDT,0.04606,18511.0,0.04605,13952.0,0.04607,5024.0,0.04608,12276.0
1753617290999,11:54:50.999,binance,ACT/USDT:USDT,0.04606,18511.0,0.04605,13952.0,0.04607,5024.0,0.04608,12276.0
1753617291295,11:54:51.295,binance,ACT/USDT:USDT,0.04606,18511.0,0.04605,13952.0,0.04607,5024.0,0.04608,12276.0
1753617291557,11:54:51.557,binance,ACT/USDT:USDT,0.04606,18511.0,0.04605,13952.0,0.04607,5024.0,0.04608,12276.0
1753617291802,11:54:51.802,binance,ACT/USDT:USDT,0.04606,18511.0,0.04605,13952.0,0.04607,5024.0,0.04608,12276.0
1753617292402,11:54:52.402,binance,ACT/USDT:USDT,0.04606,18511.0,0.04605,13952.0,0.04607,5024.0,0.04608,12276.0
1753617292673,11:54:52.673,binance,ACT/USDT:USDT,0.04606,18511.0,0.04605,13952.0,0.04607,5024.0,0.04608,12276.0
1753617292774,11:54:52.774,binance,ACT/USDT:USDT,0.04606,18511.0,0.04605,13952.0,0.04607,5024.0,0.04608,12276.0
1753617293002,11:54:53.002,binance,ACT/USDT:USDT,0.04606,18511.0,0.04605,13952.0,0.04607,5024.0,0.04608,12276.0
1753617293308,11:54:53.308,binance,ACT/USDT:USDT,0.04606,18511.0,0.04605,13952.0,0.04607,5024.0,0.04608,12276.0
1753617293603,11:54:53.603,binance,ACT/USDT:USDT,0.04606,18511.0,0.04605,13952.0,0.04607,5024.0,0.04608,12276.0
1753617294202,11:54:54.202,binance,ACT/USDT:USDT,0.04606,18511.0,0.04605,13952.0,0.04607,5024.0,0.04608,12276.0
1753617294405,11:54:54.405,binance,ACT/USDT:USDT,0.04606,18511.0,0.04605,13952.0,0.04607,5254.0,0.04608,12276.0
1753617294514,11:54:54.514,binance,ACT/USDT:USDT,0.04606,18511.0,0.04605,13952.0,0.04607,5254.0,0.04608,17216.0
1753617294965,11:54:54.965,binance,ACT/USDT:USDT,0.04606,18511.0,0.04605,13952.0,0.04607,5254.0,0.04608,12276.0
1753617295075,11:54:55.075,binance,ACT/USDT:USDT,0.04606,18511.0,0.04605,13952.0,0.04607,5254.0,0.04608,12276.0
1753617295250,11:54:55.250,binance,ACT/USDT:USDT,0.04606,18511.0,0.04605,13952.0,0.04607,5368.0,0.04608,12276.0
1753617295517,11:54:55.517,binance,ACT/USDT:USDT,0.04606,18511.0,0.04605,13952.0,0.04607,5368.0,0.04608,17224.0
1753617295728,11:54:55.728,binance,ACT/USDT:USDT,0.04606,18511.0,0.04605,13952.0,0.04607,5368.0,0.04608,17224.0
1753617296035,11:54:56.035,binance,ACT/USDT:USDT,0.04606,18511.0,0.04605,13952.0,0.04607,5368.0,0.04608,12276.0
1753617296201,11:54:56.201,binance,ACT/USDT:USDT,0.04606,18511.0,0.04605,13952.0,0.04607,5368.0,0.04608,12276.0
1753617296507,11:54:56.507,binance,ACT/USDT:USDT,0.04606,18511.0,0.04605,13952.0,0.04607,5368.0,0.04608,12276.0
1753617296675,11:54:56.675,binance,ACT/USDT:USDT,0.04606,18511.0,0.04605,13952.0,0.04607,5368.0,0.04608,12276.0
1753617297202,11:54:57.202,binance,ACT/USDT:USDT,0.04606,18511.0,0.04605,13952.0,0.04607,5368.0,0.04608,12276.0
1753617297765,11:54:57.765,binance,ACT/USDT:USDT,0.04606,18511.0,0.04605,13952.0,0.04607,5368.0,0.04608,12276.0
1753617298285,11:54:58.285,binance,ACT/USDT:USDT,0.04606,18511.0,0.04605,13952.0,0.04607,5368.0,0.04608,12276.0
1753617298802,11:54:58.802,binance,ACT/USDT:USDT,0.04606,18511.0,0.04605,13952.0,0.04607,5368.0,0.04608,12276.0
1753617299375,11:54:59.375,binance,ACT/USDT:USDT,0.04606,18511.0,0.04605,13952.0,0.04607,5368.0,0.04608,12276.0
1753617299905,11:54:59.905,binance,ACT/USDT:USDT,0.04606,18511.0,0.04605,13952.0,0.04607,5368.0,0.04608,12276.0
1753617300107,11:55:00.107,binance,ACT/USDT:USDT,0.04606,18511.0,0.04605,13952.0,0.04607,5368.0,0.04608,12276.0
1753617300252,11:55:00.252,binance,ACT/USDT:USDT,0.04606,18511.0,0.04605,13952.0,0.04607,5368.0,0.04608,12276.0
1753617300365,11:55:00.365,binance,ACT/USDT:USDT,0.04606,18511.0,0.04605,13952.0,0.04607,5368.0,0.04608,17224.0
1753617300475,11:55:00.475,binance,ACT/USDT:USDT,0.04606,18511.0,0.04605,13952.0,0.04607,5368.0,0.04608,12276.0
1753617300701,11:55:00.701,binance,ACT/USDT:USDT,0.04606,18511.0,0.04605,13952.0,0.04607,5368.0,0.04608,12276.0
1753617300895,11:55:00.895,binance,ACT/USDT:USDT,0.04606,18511.0,0.04605,13952.0,0.04607,5368.0,0.04608,12276.0
1753617301144,11:55:01.144,binance,ACT/USDT:USDT,0.04606,18511.0,0.04605,17524.0,0.04607,5368.0,0.04608,12276.0
1753617301248,11:55:01.248,binance,ACT/USDT:USDT,0.04606,18511.0,0.04605,17524.0,0.04607,5368.0,0.04608,12276.0
1753617301368,11:55:01.368,binance,ACT/USDT:USDT,0.04606,18511.0,0.04605,17524.0,0.04607,5368.0,0.04608,12276.0
1753617301475,11:55:01.475,binance,ACT/USDT:USDT,0.04606,18511.0,0.04605,17524.0,0.04607,5368.0,0.04608,12276.0
1753617301606,11:55:01.606,binance,ACT/USDT:USDT,0.04606,18511.0,0.04605,17524.0,0.04607,5368.0,0.04608,17224.0
1753617301855,11:55:01.855,binance,ACT/USDT:USDT,0.04606,18511.0,0.04605,17524.0,0.04607,5368.0,0.04608,12276.0
1753617301965,11:55:01.965,binance,ACT/USDT:USDT,0.04606,18511.0,0.04605,17524.0,0.04607,5368.0,0.04608,12276.0
1753617302485,11:55:02.485,binance,ACT/USDT:USDT,0.04606,18511.0,0.04605,17524.0,0.04607,5368.0,0.04608,12276.0
1753617302602,11:55:02.602,binance,ACT/USDT:USDT,0.04606,18511.0,0.04605,17524.0,0.04607,5368.0,0.04608,12276.0
1753617303002,11:55:03.002,binance,ACT/USDT:USDT,0.04606,18511.0,0.04605,17524.0,0.04607,5368.0,0.04608,12276.0
1753617303128,11:55:03.128,binance,ACT/USDT:USDT,0.04606,18511.0,0.04605,17524.0,0.04607,5368.0,0.04608,12276.0
1753617303537,11:55:03.537,binance,ACT/USDT:USDT,0.04606,14609.0,0.04605,17524.0,0.04607,15136.0,0.04608,26644.0
1753617303641,11:55:03.641,binance,ACT/USDT:USDT,0.04606,14609.0,0.04605,17524.0,0.04607,10368.0,0.04608,26247.0
1753617303753,11:55:03.753,binance,ACT/USDT:USDT,0.04606,18576.0,0.04605,17524.0,0.04607,10146.0,0.04608,26247.0
1753617303902,11:55:03.902,binance,ACT/USDT:USDT,0.04606,18576.0,0.04605,17524.0,0.04607,10146.0,0.04608,26247.0
1753617304005,11:55:04.005,binance,ACT/USDT:USDT,0.04606,18576.0,0.04605,17524.0,0.04607,10146.0,0.04608,20616.0
1753617304133,11:55:04.133,binance,ACT/USDT:USDT,0.04606,18576.0,0.04605,17524.0,0.04607,10146.0,0.04608,24598.0
1753617304402,11:55:04.402,binance,ACT/USDT:USDT,0.04606,18576.0,0.04605,17524.0,0.04607,10146.0,0.04608,24598.0
1753617304562,11:55:04.562,binance,ACT/USDT:USDT,0.04606,18576.0,0.04605,17524.0,0.04607,10146.0,0.04608,24598.0
1753617304666,11:55:04.666,binance,ACT/USDT:USDT,0.04605,3931.0,0.04604,13601.0,0.04606,19279.0,0.04607,28254.0
1753617304767,11:55:04.767,binance,ACT/USDT:USDT,0.04605,3572.0,0.04604,8779.0,0.04606,21369.0,0.04607,32293.0
1753617304868,11:55:04.868,binance,ACT/USDT:USDT,0.04605,3572.0,0.04604,18119.0,0.04606,25914.0,0.04607,32700.0
1753617304971,11:55:04.971,binance,ACT/USDT:USDT,0.04604,4653.0,0.04603,9275.0,0.04605,16008.0,0.04606,40376.0
1753617305073,11:55:05.073,binance,ACT/USDT:USDT,0.04604,153.0,0.04603,9275.0,0.04605,22721.0,0.04606,39461.0
1753617305174,11:55:05.174,binance,ACT/USDT:USDT,0.04604,153.0,0.04603,5611.0,0.04605,32608.0,0.04606,39844.0
1753617305295,11:55:05.295,binance,ACT/USDT:USDT,0.04604,153.0,0.04603,9230.0,0.04605,32608.0,0.04606,41560.0
1753617305403,11:55:05.403,binance,ACT/USDT:USDT,0.04604,153.0,0.04603,9230.0,0.04605,27179.0,0.04606,41560.0
1753617305523,11:55:05.523,binance,ACT/USDT:USDT,0.04604,153.0,0.04603,9230.0,0.04605,27179.0,0.04606,41560.0
1753617305647,11:55:05.647,binance,ACT/USDT:USDT,0.04604,153.0,0.04603,9230.0,0.04605,26798.0,0.04606,41560.0
1753617305755,11:55:05.755,binance,ACT/USDT:USDT,0.04604,153.0,0.04603,9230.0,0.04605,26798.0,0.04606,39844.0
1753617305928,11:55:05.928,binance,ACT/USDT:USDT,0.04604,153.0,0.04603,9230.0,0.04605,22455.0,0.04606,28988.0
1753617306089,11:55:06.089,binance,ACT/USDT:USDT,0.04604,5.0,0.04603,9230.0,0.04605,26798.0,0.04606,29369.0
1753617306203,11:55:06.203,binance,ACT/USDT:USDT,0.04604,5.0,0.04603,9230.0,0.04605,26798.0,0.04606,29369.0
1753617306304,11:55:06.304,binance,ACT/USDT:USDT,0.04604,5.0,0.04603,9230.0,0.04605,26929.0,0.04606,29369.0
1753617306422,11:55:06.422,binance,ACT/USDT:USDT,0.04604,5.0,0.04603,9230.0,0.04605,27820.0,0.04606,29369.0
1753617306558,11:55:06.558,binance,ACT/USDT:USDT,0.04604,5.0,0.04603,9230.0,0.04605,27820.0,0.04606,29369.0
1753617306755,11:55:06.755,binance,ACT/USDT:USDT,0.04604,5.0,0.04603,9230.0,0.04605,37864.0,0.04606,29369.0
1753617307039,11:55:07.039,binance,ACT/USDT:USDT,0.04604,5.0,0.04603,9230.0,0.04605,37864.0,0.04606,29369.0
1753617307240,11:55:07.240,binance,ACT/USDT:USDT,0.04604,5.0,0.04603,9230.0,0.04605,37864.0,0.04606,29369.0
1753617307364,11:55:07.364,binance,ACT/USDT:USDT,0.04604,5.0,0.04603,9230.0,0.04605,32435.0,0.04606,29369.0
1753617307514,11:55:07.514,binance,ACT/USDT:USDT,0.04604,5.0,0.04603,9230.0,0.04605,32435.0,0.04606,29369.0
1753617307802,11:55:07.802,binance,ACT/USDT:USDT,0.04604,5.0,0.04603,9230.0,0.04605,32435.0,0.04606,29369.0
1753617307997,11:55:07.997,binance,ACT/USDT:USDT,0.04604,5.0,0.04603,9230.0,0.04605,32435.0,0.04606,29369.0
1753617308155,11:55:08.155,binance,ACT/USDT:USDT,0.04604,5.0,0.04603,9230.0,0.04605,32435.0,0.04606,29369.0
1753617308325,11:55:08.325,binance,ACT/USDT:USDT,0.04604,5.0,0.04603,9230.0,0.04605,32435.0,0.04606,29369.0
1753617308442,11:55:08.442,binance,ACT/USDT:USDT,0.04604,5.0,0.04603,9230.0,0.04605,32435.0,0.04606,29369.0
1753617308566,11:55:08.566,binance,ACT/USDT:USDT,0.04604,5.0,0.04603,9230.0,0.04605,32435.0,0.04606,29369.0
1753617308715,11:55:08.715,binance,ACT/USDT:USDT,0.04604,5.0,0.04603,9230.0,0.04605,32435.0,0.04606,29369.0
1753617308902,11:55:08.902,binance,ACT/USDT:USDT,0.04604,5.0,0.04603,9230.0,0.04605,32435.0,0.04606,29369.0
1753617309030,11:55:09.030,binance,ACT/USDT:USDT,0.04604,5.0,0.04603,9230.0,0.04605,32435.0,0.04606,29369.0
1753617309245,11:55:09.245,binance,ACT/USDT:USDT,0.04604,5.0,0.04603,11904.0,0.04605,28092.0,0.04606,29369.0
1753617309362,11:55:09.362,binance,ACT/USDT:USDT,0.04604,5.0,0.04603,11904.0,0.04605,32435.0,0.04606,29369.0
1753617309467,11:55:09.467,binance,ACT/USDT:USDT,0.04604,5.0,0.04603,9230.0,0.04605,32435.0,0.04606,29369.0
1753617309598,11:55:09.598,binance,ACT/USDT:USDT,0.04604,5.0,0.04603,9230.0,0.04605,32435.0,0.04606,29369.0
1753617309702,11:55:09.702,binance,ACT/USDT:USDT,0.04604,5.0,0.04603,9230.0,0.04605,37426.0,0.04606,29369.0
1753617309805,11:55:09.805,binance,ACT/USDT:USDT,0.04604,5.0,0.04603,9230.0,0.04605,37426.0,0.04606,29369.0
1753617310249,11:55:10.249,binance,ACT/USDT:USDT,0.04604,5.0,0.04603,9230.0,0.04605,37426.0,0.04606,29369.0
1753617310351,11:55:10.351,binance,ACT/USDT:USDT,0.04604,5.0,0.04603,9230.0,0.04605,37426.0,0.04606,29369.0
1753617310455,11:55:10.455,binance,ACT/USDT:USDT,0.04603,8718.0,0.04602,16490.0,0.04605,30912.0,0.04606,29369.0
1753617310562,11:55:10.562,binance,ACT/USDT:USDT,0.04603,4402.0,0.04602,22849.0,0.04605,35256.0,0.04606,29369.0
1753617310671,11:55:10.671,binance,ACT/USDT:USDT,0.04603,4402.0,0.04602,22849.0,0.04605,35256.0,0.04606,29369.0
1753617310837,11:55:10.837,binance,ACT/USDT:USDT,0.04603,4402.0,0.04602,22849.0,0.04605,35256.0,0.04606,29369.0
1753617310971,11:55:10.971,binance,ACT/USDT:USDT,0.04603,4402.0,0.04602,22849.0,0.04605,35256.0,0.04606,29369.0
1753617311074,11:55:11.074,binance,ACT/USDT:USDT,0.04603,4402.0,0.04602,22849.0,0.04604,2883.0,0.04605,34341.0
1753617311178,11:55:11.178,binance,ACT/USDT:USDT,0.04603,5145.0,0.04602,22849.0,0.04604,2883.0,0.04605,34341.0
1753617311302,11:55:11.302,binance,ACT/USDT:USDT,0.04603,5145.0,0.04602,22849.0,0.04604,2883.0,0.04605,34341.0
1753617311500,11:55:11.500,binance,ACT/USDT:USDT,0.04603,5145.0,0.04602,22849.0,0.04604,2883.0,0.04605,34341.0
1753617311605,11:55:11.605,binance,ACT/USDT:USDT,0.04603,5145.0,0.04602,22849.0,0.04604,2883.0,0.04605,34341.0
1753617311772,11:55:11.772,binance,ACT/USDT:USDT,0.04603,5145.0,0.04602,22849.0,0.04604,3113.0,0.04605,34341.0
1753617311877,11:55:11.877,binance,ACT/USDT:USDT,0.04603,5145.0,0.04602,22849.0,0.04604,3113.0,0.04605,31095.0
1753617312005,11:55:12.005,binance,ACT/USDT:USDT,0.04603,5145.0,0.04602,22849.0,0.04604,8817.0,0.04605,26480.0
1753617312122,11:55:12.122,binance,ACT/USDT:USDT,0.04603,5145.0,0.04602,22849.0,0.04604,8817.0,0.04605,26480.0
1753617312245,11:55:12.245,binance,ACT/USDT:USDT,0.04603,5145.0,0.04602,22849.0,0.04604,9175.0,0.04605,26480.0
1753617312397,11:55:12.397,binance,ACT/USDT:USDT,0.04603,5145.0,0.04602,22849.0,0.04604,14605.0,0.04605,26480.0
1753617312529,11:55:12.529,binance,ACT/USDT:USDT,0.04603,1526.0,0.04602,22849.0,0.04604,14605.0,0.04605,26870.0
1753617312635,11:55:12.635,binance,ACT/USDT:USDT,0.04603,1526.0,0.04602,22849.0,0.04604,14605.0,0.04605,26870.0
1753617312835,11:55:12.835,binance,ACT/USDT:USDT,0.04603,1526.0,0.04602,26702.0,0.04604,14247.0,0.04605,26870.0
1753617313085,11:55:13.085,binance,ACT/USDT:USDT,0.04603,1526.0,0.04602,26702.0,0.04604,14247.0,0.04605,26870.0
1753617313202,11:55:13.202,binance,ACT/USDT:USDT,0.04603,1526.0,0.04602,26702.0,0.04604,14247.0,0.04605,26870.0
1753617313317,11:55:13.317,binance,ACT/USDT:USDT,0.04603,1526.0,0.04602,26702.0,0.04604,14247.0,0.04605,26870.0
1753617313420,11:55:13.420,binance,ACT/USDT:USDT,0.04603,1526.0,0.04602,26702.0,0.04604,14247.0,0.04605,26870.0
1753617313556,11:55:13.556,binance,ACT/USDT:USDT,0.04603,9901.0,0.04602,26702.0,0.04604,8817.0,0.04605,26870.0
1753617313660,11:55:13.660,binance,ACT/USDT:USDT,0.04603,9901.0,0.04602,26702.0,0.04604,8817.0,0.04605,26480.0
1753617314202,11:55:14.202,binance,ACT/USDT:USDT,0.04603,9901.0,0.04602,26702.0,0.04604,8817.0,0.04605,26480.0
1753617314338,11:55:14.338,binance,ACT/USDT:USDT,0.04603,9901.0,0.04602,26702.0,0.04604,9175.0,0.04605,26480.0
1753617314445,11:55:14.445,binance,ACT/USDT:USDT,0.04603,9901.0,0.04602,26702.0,0.04604,14605.0,0.04605,26633.0
1753617314559,11:55:14.559,binance,ACT/USDT:USDT,0.04603,9901.0,0.04602,26702.0,0.04604,14605.0,0.04605,27037.0
1753617314692,11:55:14.692,binance,ACT/USDT:USDT,0.04603,9901.0,0.04602,26702.0,0.04604,14605.0,0.04605,27037.0
1753617314985,11:55:14.985,binance,ACT/USDT:USDT,0.04603,9901.0,0.04602,26702.0,0.04604,14605.0,0.04605,27037.0
1753617315164,11:55:15.164,binance,ACT/USDT:USDT,0.04603,9901.0,0.04602,26702.0,0.04604,9175.0,0.04605,22289.0
1753617315286,11:55:15.286,binance,ACT/USDT:USDT,0.04603,9901.0,0.04602,26702.0,0.04604,8817.0,0.04605,26368.0
1753617315595,11:55:15.595,binance,ACT/USDT:USDT,0.04603,9901.0,0.04602,26702.0,0.04604,8817.0,0.04605,26368.0
1753617315885,11:55:15.885,binance,ACT/USDT:USDT,0.04603,9901.0,0.04602,26702.0,0.04604,8817.0,0.04605,26368.0
1753617316002,11:55:16.002,binance,ACT/USDT:USDT,0.04603,9901.0,0.04602,26702.0,0.04604,8817.0,0.04605,26368.0
1753617316400,11:55:16.400,binance,ACT/USDT:USDT,0.04603,9901.0,0.04602,26702.0,0.04604,8817.0,0.04605,26368.0
1753617316505,11:55:16.505,binance,ACT/USDT:USDT,0.04603,9901.0,0.04602,26702.0,0.04604,8817.0,0.04605,26368.0
1753617316705,11:55:16.705,binance,ACT/USDT:USDT,0.04603,9901.0,0.04602,26702.0,0.04604,8817.0,0.04605,26413.0
1753617316888,11:55:16.888,binance,ACT/USDT:USDT,0.04603,9901.0,0.04602,26702.0,0.04604,8817.0,0.04605,26413.0
1753617316990,11:55:16.990,binance,ACT/USDT:USDT,0.04603,9901.0,0.04602,26702.0,0.04604,8817.0,0.04605,26413.0
1753617317275,11:55:17.275,binance,ACT/USDT:USDT,0.04603,8734.0,0.04602,26702.0,0.04604,8817.0,0.04605,26413.0
1753617317393,11:55:17.393,binance,ACT/USDT:USDT,0.04603,359.0,0.04602,26702.0,0.04604,8817.0,0.04605,30961.0
1753617317509,11:55:17.509,binance,ACT/USDT:USDT,0.04602,14012.0,0.04601,28694.0,0.04603,10163.0,0.04604,5281.0
1753617317610,11:55:17.610,binance,ACT/USDT:USDT,0.04602,9379.0,0.04601,24415.0,0.04603,5974.0,0.04604,12711.0
1753617317718,11:55:17.718,binance,ACT/USDT:USDT,0.04602,9379.0,0.04601,24415.0,0.04603,5974.0,0.04604,12711.0
1753617317823,11:55:17.823,binance,ACT/USDT:USDT,0.04602,9379.0,0.04601,24415.0,0.04603,10088.0,0.04604,12711.0
1753617317929,11:55:17.929,binance,ACT/USDT:USDT,0.04602,9379.0,0.04601,24415.0,0.04603,10088.0,0.04604,12711.0
1753617318202,11:55:18.202,binance,ACT/USDT:USDT,0.04602,9379.0,0.04601,24415.0,0.04603,10088.0,0.04604,12711.0
1753617318309,11:55:18.309,binance,ACT/USDT:USDT,0.04602,9379.0,0.04601,19415.0,0.04603,10088.0,0.04604,12711.0
1753617318570,11:55:18.570,binance,ACT/USDT:USDT,0.04602,9379.0,0.04601,19415.0,0.04603,10088.0,0.04604,12711.0
1753617318692,11:55:18.692,binance,ACT/USDT:USDT,0.04602,9379.0,0.04601,19415.0,0.04603,10088.0,0.04604,12711.0
1753617318877,11:55:18.877,binance,ACT/USDT:USDT,0.04602,9379.0,0.04601,19415.0,0.04603,10088.0,0.04604,12711.0
1753617319057,11:55:19.057,binance,ACT/USDT:USDT,0.04602,9379.0,0.04601,19415.0,0.04603,10088.0,0.04604,12711.0
1753617319302,11:55:19.302,binance,ACT/USDT:USDT,0.04602,8955.0,0.04601,19415.0,0.04603,10088.0,0.04604,12711.0
1753617319451,11:55:19.451,binance,ACT/USDT:USDT,0.04602,8955.0,0.04601,19415.0,0.04603,10088.0,0.04604,12711.0
1753617319855,11:55:19.855,binance,ACT/USDT:USDT,0.04602,8955.0,0.04601,19415.0,0.04603,10088.0,0.04604,13069.0
1753617320017,11:55:20.017,binance,ACT/USDT:USDT,0.04601,19415.0,0.046,47227.0,0.04602,3853.0,0.04603,10088.0
1753617320123,11:55:20.123,binance,ACT/USDT:USDT,0.04601,8540.0,0.046,14739.0,0.04602,21997.0,0.04603,13030.0
1753617320238,11:55:20.238,binance,ACT/USDT:USDT,0.04601,359.0,0.046,14739.0,0.04602,21997.0,0.04603,13030.0
1753617320352,11:55:20.352,binance,ACT/USDT:USDT,0.04601,4876.0,0.046,14739.0,0.04602,21997.0,0.04603,13030.0
1753617320459,11:55:20.459,binance,ACT/USDT:USDT,0.04601,4517.0,0.046,14739.0,0.04602,21997.0,0.04603,18030.0
1753617320568,11:55:20.568,binance,ACT/USDT:USDT,0.04601,4517.0,0.046,14739.0,0.04602,21997.0,0.04603,18030.0
1753617320707,11:55:20.707,binance,ACT/USDT:USDT,0.04601,4517.0,0.046,14739.0,0.04602,21997.0,0.04603,18030.0
1753617320818,11:55:20.818,binance,ACT/USDT:USDT,0.04601,4517.0,0.046,14739.0,0.04602,21997.0,0.04603,18030.0
1753617321002,11:55:21.002,binance,ACT/USDT:USDT,0.04601,4517.0,0.046,14739.0,0.04602,21997.0,0.04603,18030.0
1753617321141,11:55:21.141,binance,ACT/USDT:USDT,0.046,8563.0,0.04599,9221.0,0.04601,14926.0,0.04602,20035.0
1753617321244,11:55:21.244,binance,ACT/USDT:USDT,0.046,8563.0,0.04599,14226.0,0.04601,15926.0,0.04602,20441.0
1753617321366,11:55:21.366,binance,ACT/USDT:USDT,0.046,12135.0,0.04599,14226.0,0.04601,11178.0,0.04602,20441.0
1753617321469,11:55:21.469,binance,ACT/USDT:USDT,0.046,12135.0,0.04599,14226.0,0.04601,11178.0,0.04602,20441.0
1753617321574,11:55:21.574,binance,ACT/USDT:USDT,0.046,12135.0,0.04599,14226.0,0.04601,11178.0,0.04602,20441.0
1753617321696,11:55:21.696,binance,ACT/USDT:USDT,0.046,12135.0,0.04599,14226.0,0.04601,11178.0,0.04602,20441.0
1753617321815,11:55:21.815,binance,ACT/USDT:USDT,0.046,12135.0,0.04599,14226.0,0.04601,11178.0,0.04602,20441.0
1753617321924,11:55:21.924,binance,ACT/USDT:USDT,0.046,12135.0,0.04599,14226.0,0.04601,11178.0,0.04602,20441.0
1753617322107,11:55:22.107,binance,ACT/USDT:USDT,0.046,12135.0,0.04599,14226.0,0.04601,11178.0,0.04602,20441.0
1753617322237,11:55:22.237,binance,ACT/USDT:USDT,0.046,12135.0,0.04599,14226.0,0.04601,11178.0,0.04602,20441.0
1753617322355,11:55:22.355,binance,ACT/USDT:USDT,0.046,12135.0,0.04599,14226.0,0.04601,11178.0,0.04602,20441.0
1753617322551,11:55:22.551,binance,ACT/USDT:USDT,0.046,12135.0,0.04599,14226.0,0.04601,11178.0,0.04602,20441.0
1753617322664,11:55:22.664,binance,ACT/USDT:USDT,0.046,12135.0,0.04599,14226.0,0.04601,11178.0,0.04602,23734.0
1753617322768,11:55:22.768,binance,ACT/USDT:USDT,0.046,12135.0,0.04599,14226.0,0.04601,11178.0,0.04602,23734.0
1753617322885,11:55:22.885,binance,ACT/USDT:USDT,0.046,12135.0,0.04599,14226.0,0.04601,11559.0,0.04602,23734.0
1753617323068,11:55:23.068,binance,ACT/USDT:USDT,0.046,13787.0,0.04599,14226.0,0.04601,11559.0,0.04602,23734.0
1753617323426,11:55:23.426,binance,ACT/USDT:USDT,0.046,13787.0,0.04599,14226.0,0.04601,11178.0,0.04602,23734.0
1753617323532,11:55:23.532,binance,ACT/USDT:USDT,0.046,13787.0,0.04599,14226.0,0.04601,11178.0,0.04602,23734.0
1753617323637,11:55:23.637,binance,ACT/USDT:USDT,0.046,13787.0,0.04599,14226.0,0.04601,11294.0,0.04602,23734.0
1753617323778,11:55:23.778,binance,ACT/USDT:USDT,0.046,13787.0,0.04599,14226.0,0.04601,11294.0,0.04602,23734.0
1753617323955,11:55:23.955,binance,ACT/USDT:USDT,0.046,13787.0,0.04599,22331.0,0.04601,1761.0,0.04602,7393.0
1753617324058,11:55:24.058,binance,ACT/USDT:USDT,0.046,13787.0,0.04599,22331.0,0.04601,1761.0,0.04602,8286.0
1753617324206,11:55:24.206,binance,ACT/USDT:USDT,0.046,13787.0,0.04599,22331.0,0.04601,1761.0,0.04602,12380.0
1753617324376,11:55:24.376,binance,ACT/USDT:USDT,0.04601,7407.0,0.046,18425.0,0.04602,12329.0,0.04603,15971.0
1753617324482,11:55:24.482,binance,ACT/USDT:USDT,0.04601,3869.0,0.046,19894.0,0.04602,12710.0,0.04603,15971.0
1753617324665,11:55:24.665,binance,ACT/USDT:USDT,0.04601,12279.0,0.046,19894.0,0.04602,12710.0,0.04603,15971.0
1753617324889,11:55:24.889,binance,ACT/USDT:USDT,0.04601,12279.0,0.046,19894.0,0.04602,12710.0,0.04603,15971.0
1753617325035,11:55:25.035,binance,ACT/USDT:USDT,0.04601,12279.0,0.046,19894.0,0.04602,11329.0,0.04603,10971.0
1753617325138,11:55:25.138,binance,ACT/USDT:USDT,0.04601,13931.0,0.046,18242.0,0.04602,7235.0,0.04603,6621.0
1753617325253,11:55:25.253,binance,ACT/USDT:USDT,0.04601,13931.0,0.046,18242.0,0.04602,7235.0,0.04603,10882.0
1753617325396,11:55:25.396,binance,ACT/USDT:USDT,0.04601,13931.0,0.046,18242.0,0.04602,8235.0,0.04603,14331.0
1753617325562,11:55:25.562,binance,ACT/USDT:USDT,0.04601,5636.0,0.046,18242.0,0.04602,8235.0,0.04603,14331.0
1753617325664,11:55:25.664,binance,ACT/USDT:USDT,0.04601,5636.0,0.046,18242.0,0.04602,8235.0,0.04603,14331.0
1753617326069,11:55:26.069,binance,ACT/USDT:USDT,0.04601,3984.0,0.046,18242.0,0.04602,8235.0,0.04603,14331.0
1753617326292,11:55:26.292,binance,ACT/USDT:USDT,0.04601,115.0,0.046,18242.0,0.04602,8235.0,0.04603,18935.0
1753617326445,11:55:26.445,binance,ACT/USDT:USDT,0.04601,115.0,0.046,18242.0,0.04602,8235.0,0.04603,18935.0
1753617326551,11:55:26.551,binance,ACT/USDT:USDT,0.04601,115.0,0.046,18242.0,0.04602,8235.0,0.04603,18935.0
1753617326659,11:55:26.659,binance,ACT/USDT:USDT,0.04601,115.0,0.046,18242.0,0.04602,8235.0,0.04603,18935.0
1753617326806,11:55:26.806,binance,ACT/USDT:USDT,0.04601,115.0,0.046,18242.0,0.04602,8464.0,0.04603,18935.0
1753617326921,11:55:26.921,binance,ACT/USDT:USDT,0.04601,115.0,0.046,18242.0,0.04602,8464.0,0.04603,18935.0
1753617327036,11:55:27.036,binance,ACT/USDT:USDT,0.04601,115.0,0.046,18242.0,0.04602,8464.0,0.04603,18935.0
1753617327375,11:55:27.375,binance,ACT/USDT:USDT,0.04601,115.0,0.046,18242.0,0.04602,8464.0,0.04603,19160.0
1753617327548,11:55:27.548,binance,ACT/USDT:USDT,0.046,11982.0,0.04599,15100.0,0.04601,4553.0,0.04602,10440.0
1753617327654,11:55:27.654,binance,ACT/USDT:USDT,0.046,11982.0,0.04599,20859.0,0.04601,4934.0,0.04602,10440.0
1753617327802,11:55:27.802,binance,ACT/USDT:USDT,0.046,11982.0,0.04599,20859.0,0.04601,4934.0,0.04602,10440.0
1753617328002,11:55:28.002,binance,ACT/USDT:USDT,0.046,11982.0,0.04599,20859.0,0.04601,4934.0,0.04602,10440.0
1753617328265,11:55:28.265,binance,ACT/USDT:USDT,0.046,11982.0,0.04599,20859.0,0.04601,4553.0,0.04602,10440.0
1753617328368,11:55:28.368,binance,ACT/USDT:USDT,0.046,11982.0,0.04599,20859.0,0.04601,4553.0,0.04602,10440.0
1753617328471,11:55:28.471,binance,ACT/USDT:USDT,0.046,11982.0,0.04599,20859.0,0.04601,4553.0,0.04602,10440.0
1753617328655,11:55:28.655,binance,ACT/USDT:USDT,0.046,11982.0,0.04599,20859.0,0.04601,4553.0,0.04602,10440.0
1753617328760,11:55:28.760,binance,ACT/USDT:USDT,0.046,11982.0,0.04599,20859.0,0.04601,4553.0,0.04602,10440.0
1753617328985,11:55:28.985,binance,ACT/USDT:USDT,0.046,11982.0,0.04599,20859.0,0.04601,4553.0,0.04602,10440.0
1753617329445,11:55:29.445,binance,ACT/USDT:USDT,0.046,12956.0,0.04599,20859.0,0.04601,4553.0,0.04602,10440.0
1753617329642,11:55:29.642,binance,ACT/USDT:USDT,0.046,12956.0,0.04599,20859.0,0.04601,4553.0,0.04602,8464.0
1753617329765,11:55:29.765,binance,ACT/USDT:USDT,0.046,12956.0,0.04599,20859.0,0.04601,4553.0,0.04602,8464.0
1753617329904,11:55:29.904,binance,ACT/USDT:USDT,0.046,12956.0,0.04599,20859.0,0.04601,4553.0,0.04602,8464.0
1753617330046,11:55:30.046,binance,ACT/USDT:USDT,0.046,12956.0,0.04599,20859.0,0.04601,4934.0,0.04602,8464.0
