timestamp,time,exchange,symbol,bid1_price,bid1_volume,bid2_price,bid2_volume,ask1_price,ask1_volume,ask2_price,ask2_volume
1753617162908,11:52:42.908,okx,A/USDT:USDT,0.5767,76.0,0.5766,77.0,0.5768,151.0,0.5769,236.0
1753617163108,11:52:43.108,okx,A/USDT:USDT,0.5767,115.0,0.5766,77.0,0.5768,151.0,0.5769,236.0
1753617163508,11:52:43.508,okx,A/USDT:USDT,0.5767,105.0,0.5766,77.0,0.5768,151.0,0.5769,236.0
1753617163808,11:52:43.808,okx,A/USDT:USDT,0.5767,113.0,0.5766,77.0,0.5768,151.0,0.5769,236.0
1753617164208,11:52:44.208,okx,A/USDT:USDT,0.5767,115.0,0.5766,77.0,0.5768,151.0,0.5769,236.0
1753617164308,11:52:44.308,okx,A/USDT:USDT,0.5767,128.0,0.5766,77.0,0.5768,91.0,0.5769,207.0
1753617165608,11:52:45.608,okx,A/USDT:USDT,0.5767,99.0,0.5766,77.0,0.5768,91.0,0.5769,245.0
1753617165708,11:52:45.708,okx,A/USDT:USDT,0.5767,99.0,0.5766,77.0,0.5768,91.0,0.5769,245.0
1753617165808,11:52:45.808,okx,A/USDT:USDT,0.5767,99.0,0.5766,77.0,0.5768,91.0,0.5769,245.0
1753617165908,11:52:45.908,okx,A/USDT:USDT,0.5767,89.0,0.5766,77.0,0.5768,91.0,0.5769,245.0
1753617166308,11:52:46.308,okx,A/USDT:USDT,0.5767,88.0,0.5766,77.0,0.5768,146.0,0.5769,189.0
1753617166608,11:52:46.608,okx,A/USDT:USDT,0.5767,88.0,0.5766,77.0,0.5768,146.0,0.5769,189.0
1753617166708,11:52:46.708,okx,A/USDT:USDT,0.5767,128.0,0.5766,77.0,0.5768,90.0,0.5769,189.0
1753617166908,11:52:46.908,okx,A/USDT:USDT,0.5767,118.0,0.5766,77.0,0.5768,90.0,0.5769,248.0
1753617167008,11:52:47.008,okx,A/USDT:USDT,0.5767,89.0,0.5766,77.0,0.5768,91.0,0.5769,248.0
1753617167108,11:52:47.108,okx,A/USDT:USDT,0.5767,89.0,0.5766,77.0,0.5768,91.0,0.5769,248.0
1753617168008,11:52:48.008,okx,A/USDT:USDT,0.5767,128.0,0.5766,77.0,0.5768,148.0,0.5769,189.0
1753617168708,11:52:48.708,okx,A/USDT:USDT,0.5767,99.0,0.5766,77.0,0.5768,148.0,0.5769,189.0
1753617168908,11:52:48.908,okx,A/USDT:USDT,0.5767,128.0,0.5766,77.0,0.5768,148.0,0.5769,160.0
1753617169008,11:52:49.008,okx,A/USDT:USDT,0.5767,128.0,0.5766,77.0,0.5768,148.0,0.5769,160.0
1753617169108,11:52:49.108,okx,A/USDT:USDT,0.5767,128.0,0.5766,77.0,0.5768,90.0,0.5769,160.0
1753617169208,11:52:49.208,okx,A/USDT:USDT,0.5767,118.0,0.5766,77.0,0.5768,91.0,0.5769,251.0
1753617169308,11:52:49.308,okx,A/USDT:USDT,0.5767,88.0,0.5766,77.0,0.5768,151.0,0.5769,189.0
1753617170008,11:52:50.008,okx,A/USDT:USDT,0.5767,88.0,0.5766,77.0,0.5768,151.0,0.5769,189.0
1753617170108,11:52:50.108,okx,A/USDT:USDT,0.5767,88.0,0.5766,77.0,0.5768,156.0,0.5769,189.0
1753617170608,11:52:50.608,okx,A/USDT:USDT,0.5767,88.0,0.5766,77.0,0.5768,158.0,0.5769,189.0
1753617171108,11:52:51.108,okx,A/USDT:USDT,0.5767,88.0,0.5766,77.0,0.5768,158.0,0.5769,189.0
1753617171808,11:52:51.808,okx,A/USDT:USDT,0.5768,125.0,0.5767,66.0,0.5769,62.0,0.577,218.0
1753617172108,11:52:52.108,okx,A/USDT:USDT,0.5768,125.0,0.5767,66.0,0.5769,62.0,0.577,259.0
1753617172208,11:52:52.208,okx,A/USDT:USDT,0.5768,125.0,0.5767,66.0,0.5769,62.0,0.577,259.0
1753617172308,11:52:52.308,okx,A/USDT:USDT,0.5768,125.0,0.5767,66.0,0.5769,62.0,0.577,259.0
1753617172508,11:52:52.508,okx,A/USDT:USDT,0.5768,125.0,0.5767,66.0,0.5769,62.0,0.577,288.0
1753617173208,11:52:53.208,okx,A/USDT:USDT,0.5768,125.0,0.5767,75.0,0.5769,62.0,0.577,288.0
1753617173308,11:52:53.308,okx,A/USDT:USDT,0.5768,125.0,0.5767,75.0,0.5769,62.0,0.577,288.0
1753617173608,11:52:53.608,okx,A/USDT:USDT,0.5768,112.0,0.5767,75.0,0.5769,62.0,0.577,288.0
1753617173708,11:52:53.708,okx,A/USDT:USDT,0.5768,63.0,0.5767,75.0,0.5769,85.0,0.577,288.0
1753617173808,11:52:53.808,okx,A/USDT:USDT,0.5767,62.0,0.5766,319.0,0.5769,86.0,0.577,288.0
1753617173908,11:52:53.908,okx,A/USDT:USDT,0.5767,62.0,0.5766,49.0,0.5769,129.0,0.577,288.0
1753617174108,11:52:54.108,okx,A/USDT:USDT,0.5768,68.0,0.5767,91.0,0.5769,75.0,0.577,259.0
1753617174208,11:52:54.208,okx,A/USDT:USDT,0.5768,68.0,0.5767,91.0,0.5769,75.0,0.577,288.0
1753617174408,11:52:54.408,okx,A/USDT:USDT,0.5768,68.0,0.5767,91.0,0.5769,75.0,0.577,288.0
1753617174508,11:52:54.508,okx,A/USDT:USDT,0.5767,62.0,0.5766,49.0,0.5769,131.0,0.577,288.0
1753617175208,11:52:55.208,okx,A/USDT:USDT,0.5767,168.0,0.5766,78.0,0.5768,69.0,0.5769,256.0
1753617175308,11:52:55.308,okx,A/USDT:USDT,0.5767,158.0,0.5766,78.0,0.5768,69.0,0.5769,256.0
1753617175808,11:52:55.808,okx,A/USDT:USDT,0.5767,158.0,0.5766,78.0,0.5768,69.0,0.5769,194.0
1753617176208,11:52:56.208,okx,A/USDT:USDT,0.5767,158.0,0.5766,78.0,0.5768,69.0,0.5769,194.0
1753617176408,11:52:56.408,okx,A/USDT:USDT,0.5767,168.0,0.5766,78.0,0.5768,69.0,0.5769,194.0
1753617176508,11:52:56.508,okx,A/USDT:USDT,0.5767,158.0,0.5766,78.0,0.5768,69.0,0.5769,194.0
1753617176808,11:52:56.808,okx,A/USDT:USDT,0.5767,168.0,0.5766,78.0,0.5768,69.0,0.5769,194.0
1753617178208,11:52:58.208,okx,A/USDT:USDT,0.5767,129.0,0.5766,78.0,0.5768,69.0,0.5769,194.0
1753617178808,11:52:58.808,okx,A/USDT:USDT,0.5767,129.0,0.5766,78.0,0.5768,69.0,0.5769,194.0
1753617178908,11:52:58.908,okx,A/USDT:USDT,0.5767,129.0,0.5766,78.0,0.5768,69.0,0.5769,194.0
1753617179008,11:52:59.008,okx,A/USDT:USDT,0.5767,129.0,0.5766,78.0,0.5768,69.0,0.5769,194.0
1753617179408,11:52:59.408,okx,A/USDT:USDT,0.5767,129.0,0.5766,78.0,0.5768,69.0,0.5769,223.0
1753617179908,11:52:59.908,okx,A/USDT:USDT,0.5767,129.0,0.5766,78.0,0.5768,69.0,0.5769,223.0
1753617180808,11:53:00.808,okx,A/USDT:USDT,0.5767,133.0,0.5766,49.0,0.5768,69.0,0.5769,223.0
1753617181108,11:53:01.108,okx,A/USDT:USDT,0.5767,133.0,0.5766,78.0,0.5768,69.0,0.5769,223.0
1753617182008,11:53:02.008,okx,A/USDT:USDT,0.5767,133.0,0.5766,78.0,0.5768,69.0,0.5769,223.0
1753617182708,11:53:02.708,okx,A/USDT:USDT,0.5768,47.0,0.5767,131.0,0.5769,83.0,0.577,231.0
1753617182808,11:53:02.808,okx,A/USDT:USDT,0.5768,114.0,0.5767,66.0,0.5769,144.0,0.577,231.0
1753617182908,11:53:02.908,okx,A/USDT:USDT,0.5768,114.0,0.5767,66.0,0.5769,144.0,0.577,231.0
1753617183208,11:53:03.208,okx,A/USDT:USDT,0.5768,114.0,0.5767,66.0,0.5769,144.0,0.577,231.0
1753617183508,11:53:03.508,okx,A/USDT:USDT,0.5768,167.0,0.5767,95.0,0.5769,1.0,0.577,259.0
1753617183808,11:53:03.808,okx,A/USDT:USDT,0.5769,100.0,0.5768,157.0,0.577,48.0,0.5771,194.0
1753617184408,11:53:04.408,okx,A/USDT:USDT,0.5769,141.0,0.5768,92.0,0.577,58.0,0.5771,262.0
1753617184708,11:53:04.708,okx,A/USDT:USDT,0.5769,170.0,0.5768,102.0,0.577,115.0,0.5771,194.0
1753617184908,11:53:04.908,okx,A/USDT:USDT,0.5769,170.0,0.5768,102.0,0.577,115.0,0.5771,194.0
1753617186108,11:53:06.108,okx,A/USDT:USDT,0.5769,170.0,0.5768,102.0,0.577,58.0,0.5771,244.0
1753617186208,11:53:06.208,okx,A/USDT:USDT,0.5769,170.0,0.5768,102.0,0.577,58.0,0.5771,244.0
1753617186408,11:53:06.408,okx,A/USDT:USDT,0.5769,141.0,0.5768,102.0,0.577,58.0,0.5771,244.0
1753617186508,11:53:06.508,okx,A/USDT:USDT,0.5769,141.0,0.5768,102.0,0.577,58.0,0.5771,244.0
1753617186808,11:53:06.808,okx,A/USDT:USDT,0.5769,170.0,0.5768,102.0,0.577,58.0,0.5771,244.0
1753617187008,11:53:07.008,okx,A/USDT:USDT,0.5769,170.0,0.5768,102.0,0.577,58.0,0.5771,244.0
1753617187808,11:53:07.808,okx,A/USDT:USDT,0.5769,170.0,0.5768,102.0,0.577,58.0,0.5771,244.0
1753617187908,11:53:07.908,okx,A/USDT:USDT,0.5769,170.0,0.5768,102.0,0.577,58.0,0.5771,244.0
1753617188108,11:53:08.108,okx,A/USDT:USDT,0.5769,141.0,0.5768,102.0,0.577,58.0,0.5771,244.0
1753617188208,11:53:08.208,okx,A/USDT:USDT,0.5769,141.0,0.5768,102.0,0.577,58.0,0.5771,244.0
1753617188908,11:53:08.908,okx,A/USDT:USDT,0.5769,169.0,0.5768,92.0,0.577,175.0,0.5771,176.0
1753617189008,11:53:09.008,okx,A/USDT:USDT,0.5769,170.0,0.5768,92.0,0.577,116.0,0.5771,176.0
1753617190108,11:53:10.108,okx,A/USDT:USDT,0.5769,170.0,0.5768,92.0,0.577,183.0,0.5771,176.0
1753617190208,11:53:10.208,okx,A/USDT:USDT,0.5769,140.0,0.5768,92.0,0.577,184.0,0.5771,176.0
1753617190508,11:53:10.508,okx,A/USDT:USDT,0.5769,170.0,0.5768,92.0,0.577,184.0,0.5771,176.0
1753617190608,11:53:10.608,okx,A/USDT:USDT,0.5769,170.0,0.5768,92.0,0.577,183.0,0.5771,176.0
1753617190708,11:53:10.708,okx,A/USDT:USDT,0.5769,170.0,0.5768,92.0,0.577,183.0,0.5771,176.0
1753617191208,11:53:11.208,okx,A/USDT:USDT,0.5769,170.0,0.5768,92.0,0.577,183.0,0.5771,176.0
1753617191508,11:53:11.508,okx,A/USDT:USDT,0.5769,170.0,0.5768,92.0,0.577,183.0,0.5771,176.0
1753617191608,11:53:11.608,okx,A/USDT:USDT,0.5769,170.0,0.5768,92.0,0.577,116.0,0.5771,176.0
1753617192708,11:53:12.708,okx,A/USDT:USDT,0.5769,131.0,0.5768,92.0,0.577,176.0,0.5771,205.0
1753617192908,11:53:12.908,okx,A/USDT:USDT,0.5769,170.0,0.5768,92.0,0.577,175.0,0.5771,176.0
1753617193108,11:53:13.108,okx,A/USDT:USDT,0.5769,140.0,0.5768,92.0,0.577,176.0,0.5771,205.0
1753617193208,11:53:13.208,okx,A/USDT:USDT,0.5769,170.0,0.5768,92.0,0.577,175.0,0.5771,176.0
1753617193608,11:53:13.608,okx,A/USDT:USDT,0.5769,170.0,0.5768,92.0,0.577,175.0,0.5771,176.0
1753617194208,11:53:14.208,okx,A/USDT:USDT,0.5769,170.0,0.5768,92.0,0.577,175.0,0.5771,205.0
1753617195608,11:53:15.608,okx,A/USDT:USDT,0.5769,170.0,0.5768,92.0,0.577,116.0,0.5771,176.0
1753617195708,11:53:15.708,okx,A/USDT:USDT,0.5769,141.0,0.5768,92.0,0.577,116.0,0.5771,270.0
1753617195908,11:53:15.908,okx,A/USDT:USDT,0.5769,141.0,0.5768,92.0,0.577,178.0,0.5771,204.0
1753617196508,11:53:16.508,okx,A/USDT:USDT,0.5769,170.0,0.5768,92.0,0.577,178.0,0.5771,175.0
1753617197508,11:53:17.508,okx,A/USDT:USDT,0.5769,170.0,0.5768,92.0,0.577,117.0,0.5771,240.0
1753617197808,11:53:17.808,okx,A/USDT:USDT,0.5769,170.0,0.5768,92.0,0.577,116.0,0.5771,240.0
1753617198108,11:53:18.108,okx,A/USDT:USDT,0.5769,141.0,0.5768,92.0,0.577,117.0,0.5771,96.0
1753617198408,11:53:18.408,okx,A/USDT:USDT,0.5769,170.0,0.5768,92.0,0.577,116.0,0.5771,192.0
1753617199508,11:53:19.508,okx,A/USDT:USDT,0.577,126.0,0.5769,63.0,0.5771,116.0,0.5772,271.0
1753617199708,11:53:19.708,okx,A/USDT:USDT,0.577,165.0,0.5769,92.0,0.5771,115.0,0.5772,188.0
1753617199808,11:53:19.808,okx,A/USDT:USDT,0.577,165.0,0.5769,92.0,0.5771,115.0,0.5772,188.0
1753617199908,11:53:19.908,okx,A/USDT:USDT,0.577,165.0,0.5769,92.0,0.5771,115.0,0.5772,188.0
1753617200008,11:53:20.008,okx,A/USDT:USDT,0.577,13.0,0.5769,63.0,0.5771,145.0,0.5772,217.0
1753617200408,11:53:20.408,okx,A/USDT:USDT,0.577,57.0,0.5769,102.0,0.5771,116.0,0.5772,217.0
1753617200908,11:53:20.908,okx,A/USDT:USDT,0.577,57.0,0.5769,102.0,0.5771,116.0,0.5772,217.0
1753617201008,11:53:21.008,okx,A/USDT:USDT,0.577,86.0,0.5769,102.0,0.5771,116.0,0.5772,188.0
1753617201108,11:53:21.108,okx,A/USDT:USDT,0.577,96.0,0.5769,92.0,0.5771,116.0,0.5772,188.0
1753617201208,11:53:21.208,okx,A/USDT:USDT,0.577,97.0,0.5769,143.0,0.5771,116.0,0.5772,188.0
1753617202608,11:53:22.608,okx,A/USDT:USDT,0.577,67.0,0.5769,153.0,0.5771,132.0,0.5772,217.0
1753617204108,11:53:24.108,okx,A/USDT:USDT,0.577,57.0,0.5769,63.0,0.5771,167.0,0.5772,217.0
1753617204208,11:53:24.208,okx,A/USDT:USDT,0.577,57.0,0.5769,50.0,0.5771,190.0,0.5772,217.0
1753617204508,11:53:24.508,okx,A/USDT:USDT,0.577,57.0,0.5769,50.0,0.5771,190.0,0.5772,217.0
1753617204908,11:53:24.908,okx,A/USDT:USDT,0.577,57.0,0.5769,50.0,0.5771,180.0,0.5772,217.0
1753617205008,11:53:25.008,okx,A/USDT:USDT,0.577,57.0,0.5769,54.0,0.5771,151.0,0.5772,217.0
1753617205408,11:53:25.408,okx,A/USDT:USDT,0.577,58.0,0.5769,54.0,0.5771,48.0,0.5772,268.0
1753617205508,11:53:25.508,okx,A/USDT:USDT,0.577,68.0,0.5769,83.0,0.5771,48.0,0.5772,268.0
1753617205608,11:53:25.608,okx,A/USDT:USDT,0.577,110.0,0.5769,83.0,0.5771,48.0,0.5772,239.0
1753617206008,11:53:26.008,okx,A/USDT:USDT,0.577,81.0,0.5769,83.0,0.5771,48.0,0.5772,239.0
1753617206108,11:53:26.108,okx,A/USDT:USDT,0.577,81.0,0.5769,83.0,0.5771,48.0,0.5772,268.0
1753617206508,11:53:26.508,okx,A/USDT:USDT,0.577,110.0,0.5769,83.0,0.5771,47.0,0.5772,239.0
1753617206608,11:53:26.608,okx,A/USDT:USDT,0.577,110.0,0.5769,83.0,0.5771,47.0,0.5772,239.0
1753617207008,11:53:27.008,okx,A/USDT:USDT,0.577,110.0,0.5769,83.0,0.5771,47.0,0.5772,239.0
1753617208008,11:53:28.008,okx,A/USDT:USDT,0.577,81.0,0.5769,83.0,0.5771,48.0,0.5772,194.0
1753617208108,11:53:28.108,okx,A/USDT:USDT,0.577,81.0,0.5769,83.0,0.5771,47.0,0.5772,194.0
1753617209008,11:53:29.008,okx,A/USDT:USDT,0.577,110.0,0.5769,83.0,0.5771,47.0,0.5772,139.0
1753617209908,11:53:29.908,okx,A/USDT:USDT,0.577,110.0,0.5769,83.0,0.5771,47.0,0.5772,94.0
1753617210008,11:53:30.008,okx,A/USDT:USDT,0.577,110.0,0.5769,99.0,0.5771,1.0,0.5772,138.0
1753617210208,11:53:30.208,okx,A/USDT:USDT,0.577,83.0,0.5769,99.0,0.5771,1.0,0.5772,138.0
1753617210608,11:53:30.608,okx,A/USDT:USDT,0.577,83.0,0.5769,99.0,0.5771,1.0,0.5772,259.0
1753617210908,11:53:30.908,okx,A/USDT:USDT,0.577,112.0,0.5769,109.0,0.5771,1.0,0.5772,249.0
1753617211308,11:53:31.308,okx,A/USDT:USDT,0.577,83.0,0.5769,109.0,0.5771,1.0,0.5772,249.0
1753617211408,11:53:31.408,okx,A/USDT:USDT,0.577,83.0,0.5769,109.0,0.5771,1.0,0.5772,249.0
1753617211908,11:53:31.908,okx,A/USDT:USDT,0.5772,107.0,0.5771,102.0,0.5773,106.0,0.5774,157.0
1753617212108,11:53:32.108,okx,A/USDT:USDT,0.5772,107.0,0.5771,73.0,0.5773,106.0,0.5774,236.0
1753617212308,11:53:32.308,okx,A/USDT:USDT,0.5772,107.0,0.5771,102.0,0.5773,106.0,0.5774,236.0
1753617212608,11:53:32.608,okx,A/USDT:USDT,0.5772,107.0,0.5771,73.0,0.5773,106.0,0.5774,236.0
1753617212708,11:53:32.708,okx,A/USDT:USDT,0.5772,107.0,0.5771,73.0,0.5773,106.0,0.5774,236.0
1753617213008,11:53:33.008,okx,A/USDT:USDT,0.5772,107.0,0.5771,102.0,0.5773,106.0,0.5774,236.0
1753617213208,11:53:33.208,okx,A/USDT:USDT,0.5772,107.0,0.5771,73.0,0.5773,106.0,0.5774,265.0
1753617214408,11:53:34.408,okx,A/USDT:USDT,0.5772,107.0,0.5771,63.0,0.5773,106.0,0.5774,275.0
1753617214508,11:53:34.508,okx,A/USDT:USDT,0.5772,107.0,0.5771,63.0,0.5773,106.0,0.5774,275.0
1753617214808,11:53:34.808,okx,A/USDT:USDT,0.5772,107.0,0.5771,63.0,0.5773,106.0,0.5774,275.0
1753617215308,11:53:35.308,okx,A/USDT:USDT,0.5772,107.0,0.5771,92.0,0.5773,106.0,0.5774,275.0
1753617215608,11:53:35.608,okx,A/USDT:USDT,0.5772,107.0,0.5771,63.0,0.5773,106.0,0.5774,275.0
1753617216508,11:53:36.508,okx,A/USDT:USDT,0.5773,71.0,0.5772,50.0,0.5774,103.0,0.5775,513.0
1753617216808,11:53:36.808,okx,A/USDT:USDT,0.5773,72.0,0.5772,50.0,0.5774,103.0,0.5775,513.0
1753617216908,11:53:36.908,okx,A/USDT:USDT,0.5773,72.0,0.5772,50.0,0.5774,103.0,0.5775,513.0
1753617217008,11:53:37.008,okx,A/USDT:USDT,0.5773,72.0,0.5772,50.0,0.5774,103.0,0.5775,513.0
1753617217208,11:53:37.208,okx,A/USDT:USDT,0.5773,72.0,0.5772,50.0,0.5774,103.0,0.5775,513.0
1753617217308,11:53:37.308,okx,A/USDT:USDT,0.5773,72.0,0.5772,50.0,0.5774,103.0,0.5775,513.0
1753617217508,11:53:37.508,okx,A/USDT:USDT,0.5773,234.0,0.5772,50.0,0.5774,103.0,0.5775,513.0
1753617218008,11:53:38.008,okx,A/USDT:USDT,0.5773,234.0,0.5772,50.0,0.5774,102.0,0.5775,513.0
1753617218308,11:53:38.308,okx,A/USDT:USDT,0.5773,234.0,0.5772,50.0,0.5774,103.0,0.5775,513.0
1753617218708,11:53:38.708,okx,A/USDT:USDT,0.5774,68.0,0.5773,215.0,0.5775,145.0,0.5776,401.0
1753617219108,11:53:39.108,okx,A/USDT:USDT,0.5774,70.0,0.5773,207.0,0.5775,147.0,0.5776,401.0
1753617219308,11:53:39.308,okx,A/USDT:USDT,0.5774,97.0,0.5773,207.0,0.5775,147.0,0.5776,401.0
1753617219408,11:53:39.408,okx,A/USDT:USDT,0.5774,99.0,0.5773,207.0,0.5775,147.0,0.5776,401.0
1753617219508,11:53:39.508,okx,A/USDT:USDT,0.5774,57.0,0.5773,207.0,0.5775,147.0,0.5776,401.0
1753617219908,11:53:39.908,okx,A/USDT:USDT,0.5774,57.0,0.5773,207.0,0.5775,147.0,0.5776,401.0
1753617221008,11:53:41.008,okx,A/USDT:USDT,0.5774,57.0,0.5773,207.0,0.5775,147.0,0.5776,401.0
1753617221508,11:53:41.508,okx,A/USDT:USDT,0.5774,57.0,0.5773,207.0,0.5775,147.0,0.5776,401.0
1753617221708,11:53:41.708,okx,A/USDT:USDT,0.5774,57.0,0.5773,212.0,0.5775,147.0,0.5776,401.0
1753617222008,11:53:42.008,okx,A/USDT:USDT,0.5774,86.0,0.5773,212.0,0.5775,191.0,0.5776,401.0
1753617222908,11:53:42.908,okx,A/USDT:USDT,0.5774,86.0,0.5773,212.0,0.5775,191.0,0.5776,253.0
1753617223008,11:53:43.008,okx,A/USDT:USDT,0.5774,86.0,0.5773,212.0,0.5775,189.0,0.5776,253.0
1753617223408,11:53:43.408,okx,A/USDT:USDT,0.5774,57.0,0.5773,212.0,0.5775,224.0,0.5776,253.0
1753617223808,11:53:43.808,okx,A/USDT:USDT,0.5774,86.0,0.5773,212.0,0.5775,224.0,0.5776,253.0
1753617223908,11:53:43.908,okx,A/USDT:USDT,0.5774,86.0,0.5773,212.0,0.5775,224.0,0.5776,253.0
1753617224108,11:53:44.108,okx,A/USDT:USDT,0.5774,86.0,0.5773,212.0,0.5775,224.0,0.5776,253.0
1753617224208,11:53:44.208,okx,A/USDT:USDT,0.5774,86.0,0.5773,212.0,0.5775,224.0,0.5776,253.0
1753617224508,11:53:44.508,okx,A/USDT:USDT,0.5774,86.0,0.5773,212.0,0.5775,224.0,0.5776,253.0
1753617224608,11:53:44.608,okx,A/USDT:USDT,0.5774,57.0,0.5773,212.0,0.5775,224.0,0.5776,253.0
1753617224808,11:53:44.808,okx,A/USDT:USDT,0.5774,57.0,0.5773,212.0,0.5775,224.0,0.5776,253.0
1753617226908,11:53:46.908,okx,A/USDT:USDT,0.5774,86.0,0.5773,212.0,0.5775,224.0,0.5776,253.0
1753617227108,11:53:47.108,okx,A/USDT:USDT,0.5774,86.0,0.5773,212.0,0.5775,134.0,0.5776,253.0
1753617227608,11:53:47.608,okx,A/USDT:USDT,0.5774,107.0,0.5773,212.0,0.5775,83.0,0.5776,311.0
1753617227708,11:53:47.708,okx,A/USDT:USDT,0.5774,109.0,0.5773,212.0,0.5775,83.0,0.5776,311.0
1753617228008,11:53:48.008,okx,A/USDT:USDT,0.5774,99.0,0.5773,212.0,0.5775,144.0,0.5776,253.0
1753617228408,11:53:48.408,okx,A/USDT:USDT,0.5774,99.0,0.5773,212.0,0.5775,144.0,0.5776,253.0
1753617228508,11:53:48.508,okx,A/USDT:USDT,0.5774,99.0,0.5773,212.0,0.5775,144.0,0.5776,253.0
1753617229208,11:53:49.208,okx,A/USDT:USDT,0.5774,109.0,0.5773,212.0,0.5775,144.0,0.5776,253.0
1753617229508,11:53:49.508,okx,A/USDT:USDT,0.5774,99.0,0.5773,212.0,0.5775,144.0,0.5776,253.0
1753617229608,11:53:49.608,okx,A/USDT:USDT,0.5774,99.0,0.5773,212.0,0.5775,144.0,0.5776,253.0
1753617229708,11:53:49.708,okx,A/USDT:USDT,0.5774,99.0,0.5773,212.0,0.5775,144.0,0.5776,253.0
1753617229808,11:53:49.808,okx,A/USDT:USDT,0.5774,109.0,0.5773,212.0,0.5775,144.0,0.5776,253.0
1753617230508,11:53:50.508,okx,A/USDT:USDT,0.5774,70.0,0.5773,212.0,0.5775,148.0,0.5776,254.0
1753617231508,11:53:51.508,okx,A/USDT:USDT,0.5773,269.0,0.5772,51.0,0.5774,109.0,0.5775,136.0
1753617232208,11:53:52.208,okx,A/USDT:USDT,0.5773,280.0,0.5772,118.0,0.5774,112.0,0.5775,213.0
1753617232408,11:53:52.408,okx,A/USDT:USDT,0.5773,270.0,0.5772,118.0,0.5774,112.0,0.5775,213.0
1753617232608,11:53:52.608,okx,A/USDT:USDT,0.5773,271.0,0.5772,147.0,0.5774,111.0,0.5775,213.0
1753617232808,11:53:52.808,okx,A/USDT:USDT,0.5773,281.0,0.5772,147.0,0.5774,111.0,0.5775,213.0
1753617233008,11:53:53.008,okx,A/USDT:USDT,0.5773,271.0,0.5772,147.0,0.5774,111.0,0.5775,213.0
1753617233508,11:53:53.508,okx,A/USDT:USDT,0.5773,271.0,0.5772,147.0,0.5774,111.0,0.5775,213.0
1753617234608,11:53:54.608,okx,A/USDT:USDT,0.5773,271.0,0.5772,147.0,0.5774,111.0,0.5775,213.0
1753617234808,11:53:54.808,okx,A/USDT:USDT,0.5773,271.0,0.5772,147.0,0.5774,111.0,0.5775,213.0
1753617235308,11:53:55.308,okx,A/USDT:USDT,0.5773,242.0,0.5772,147.0,0.5774,111.0,0.5775,213.0
1753617235408,11:53:55.408,okx,A/USDT:USDT,0.5773,242.0,0.5772,147.0,0.5774,111.0,0.5775,213.0
1753617235608,11:53:55.608,okx,A/USDT:USDT,0.5773,271.0,0.5772,147.0,0.5774,111.0,0.5775,213.0
1753617236608,11:53:56.608,okx,A/USDT:USDT,0.5774,104.0,0.5773,212.0,0.5775,94.0,0.5776,286.0
1753617237108,11:53:57.108,okx,A/USDT:USDT,0.5774,104.0,0.5773,212.0,0.5775,94.0,0.5776,286.0
1753617237808,11:53:57.808,okx,A/USDT:USDT,0.5773,239.0,0.5772,276.0,0.5774,47.0,0.5775,244.0
1753617238008,11:53:58.008,okx,A/USDT:USDT,0.5774,64.0,0.5773,289.0,0.5775,95.0,0.5776,234.0
1753617238208,11:53:58.208,okx,A/USDT:USDT,0.5774,93.0,0.5773,292.0,0.5775,95.0,0.5776,234.0
1753617238808,11:53:58.808,okx,A/USDT:USDT,0.5774,94.0,0.5773,292.0,0.5775,95.0,0.5776,234.0
1753617239008,11:53:59.008,okx,A/USDT:USDT,0.5774,93.0,0.5773,292.0,0.5775,96.0,0.5776,234.0
1753617239108,11:53:59.108,okx,A/USDT:USDT,0.5774,93.0,0.5773,292.0,0.5775,96.0,0.5776,234.0
1753617239208,11:53:59.208,okx,A/USDT:USDT,0.5774,103.0,0.5773,282.0,0.5775,96.0,0.5776,234.0
1753617239308,11:53:59.308,okx,A/USDT:USDT,0.5774,117.0,0.5773,282.0,0.5775,95.0,0.5776,234.0
1753617239708,11:53:59.708,okx,A/USDT:USDT,0.5774,44.0,0.5773,282.0,0.5775,96.0,0.5776,234.0
1753617239808,11:53:59.808,okx,A/USDT:USDT,0.5774,42.0,0.5773,348.0,0.5775,96.0,0.5776,234.0
1753617240108,11:54:00.108,okx,A/USDT:USDT,0.5774,116.0,0.5773,282.0,0.5775,95.0,0.5776,234.0
1753617240708,11:54:00.708,okx,A/USDT:USDT,0.5774,116.0,0.5773,282.0,0.5775,95.0,0.5776,234.0
1753617240908,11:54:00.908,okx,A/USDT:USDT,0.5774,116.0,0.5773,287.0,0.5775,95.0,0.5776,234.0
1753617241608,11:54:01.608,okx,A/USDT:USDT,0.5774,105.0,0.5773,287.0,0.5775,96.0,0.5776,234.0
1753617241908,11:54:01.908,okx,A/USDT:USDT,0.5774,86.0,0.5773,287.0,0.5775,96.0,0.5776,234.0
1753617242208,11:54:02.208,okx,A/USDT:USDT,0.5773,246.0,0.5772,149.0,0.5774,117.0,0.5775,216.0
1753617242608,11:54:02.608,okx,A/USDT:USDT,0.5773,246.0,0.5772,149.0,0.5774,117.0,0.5775,245.0
1753617243408,11:54:03.408,okx,A/USDT:USDT,0.5773,246.0,0.5772,120.0,0.5774,69.0,0.5775,245.0
1753617243608,11:54:03.608,okx,A/USDT:USDT,0.5773,246.0,0.5772,53.0,0.5774,108.0,0.5775,245.0
1753617243708,11:54:03.708,okx,A/USDT:USDT,0.5773,246.0,0.5772,53.0,0.5774,108.0,0.5775,245.0
1753617244008,11:54:04.008,okx,A/USDT:USDT,0.5773,246.0,0.5772,53.0,0.5774,108.0,0.5775,245.0
1753617245308,11:54:05.308,okx,A/USDT:USDT,0.5773,246.0,0.5772,53.0,0.5774,108.0,0.5775,245.0
1753617245408,11:54:05.408,okx,A/USDT:USDT,0.5773,246.0,0.5772,53.0,0.5774,108.0,0.5775,245.0
1753617245508,11:54:05.508,okx,A/USDT:USDT,0.5773,246.0,0.5772,53.0,0.5774,108.0,0.5775,245.0
1753617246208,11:54:06.208,okx,A/USDT:USDT,0.5773,246.0,0.5772,53.0,0.5774,108.0,0.5775,245.0
1753617246508,11:54:06.508,okx,A/USDT:USDT,0.5773,246.0,0.5772,53.0,0.5774,69.0,0.5775,245.0
1753617246608,11:54:06.608,okx,A/USDT:USDT,0.5773,246.0,0.5772,53.0,0.5774,69.0,0.5775,245.0
1753617247208,11:54:07.208,okx,A/USDT:USDT,0.5773,180.0,0.5772,53.0,0.5774,69.0,0.5775,245.0
1753617247508,11:54:07.508,okx,A/USDT:USDT,0.5773,242.0,0.5772,53.0,0.5774,69.0,0.5775,245.0
1753617247908,11:54:07.908,okx,A/USDT:USDT,0.5773,180.0,0.5772,82.0,0.5774,69.0,0.5775,245.0
1753617248008,11:54:08.008,okx,A/USDT:USDT,0.5773,180.0,0.5772,121.0,0.5774,67.0,0.5775,393.0
1753617248108,11:54:08.108,okx,A/USDT:USDT,0.5773,236.0,0.5772,53.0,0.5774,98.0,0.5775,393.0
1753617248208,11:54:08.208,okx,A/USDT:USDT,0.5773,180.0,0.5772,53.0,0.5774,108.0,0.5775,393.0
1753617248808,11:54:08.808,okx,A/USDT:USDT,0.5773,235.0,0.5772,53.0,0.5774,98.0,0.5775,316.0
1753617248908,11:54:08.908,okx,A/USDT:USDT,0.5773,235.0,0.5772,53.0,0.5774,69.0,0.5775,316.0
1753617249008,11:54:09.008,okx,A/USDT:USDT,0.5773,235.0,0.5772,53.0,0.5774,255.0,0.5775,316.0
1753617249108,11:54:09.108,okx,A/USDT:USDT,0.5773,235.0,0.5772,53.0,0.5774,405.0,0.5775,245.0
1753617249308,11:54:09.308,okx,A/USDT:USDT,0.5773,179.0,0.5772,118.0,0.5774,405.0,0.5775,245.0
1753617249408,11:54:09.408,okx,A/USDT:USDT,0.5773,179.0,0.5772,118.0,0.5774,405.0,0.5775,245.0
1753617249708,11:54:09.708,okx,A/USDT:USDT,0.5773,236.0,0.5772,53.0,0.5774,366.0,0.5775,245.0
1753617249808,11:54:09.808,okx,A/USDT:USDT,0.5773,236.0,0.5772,53.0,0.5774,366.0,0.5775,245.0
1753617250108,11:54:10.108,okx,A/USDT:USDT,0.5773,236.0,0.5772,53.0,0.5774,376.0,0.5775,245.0
1753617250208,11:54:10.208,okx,A/USDT:USDT,0.5773,236.0,0.5772,53.0,0.5774,405.0,0.5775,245.0
1753617250308,11:54:10.308,okx,A/USDT:USDT,0.5773,236.0,0.5772,53.0,0.5774,257.0,0.5775,393.0
1753617251108,11:54:11.108,okx,A/USDT:USDT,0.5773,236.0,0.5772,53.0,0.5774,108.0,0.5775,541.0
1753617251508,11:54:11.508,okx,A/USDT:USDT,0.5773,236.0,0.5772,53.0,0.5774,108.0,0.5775,541.0
1753617252108,11:54:12.108,okx,A/USDT:USDT,0.5773,236.0,0.5772,53.0,0.5774,108.0,0.5775,612.0
1753617252308,11:54:12.308,okx,A/USDT:USDT,0.5773,236.0,0.5772,53.0,0.5774,108.0,0.5775,612.0
1753617252908,11:54:12.908,okx,A/USDT:USDT,0.5773,236.0,0.5772,53.0,0.5774,108.0,0.5775,612.0
1753617253608,11:54:13.608,okx,A/USDT:USDT,0.5773,236.0,0.5772,53.0,0.5774,79.0,0.5775,612.0
1753617254208,11:54:14.208,okx,A/USDT:USDT,0.5773,236.0,0.5772,82.0,0.5774,69.0,0.5775,612.0
1753617254408,11:54:14.408,okx,A/USDT:USDT,0.5773,236.0,0.5772,53.0,0.5774,217.0,0.5775,464.0
1753617254908,11:54:14.908,okx,A/USDT:USDT,0.5773,236.0,0.5772,53.0,0.5774,228.0,0.5775,464.0
1753617255908,11:54:15.908,okx,A/USDT:USDT,0.5773,231.0,0.5772,58.0,0.5774,405.0,0.5775,316.0
1753617257008,11:54:17.008,okx,A/USDT:USDT,0.5773,237.0,0.5772,58.0,0.5774,376.0,0.5775,287.0
1753617257908,11:54:17.908,okx,A/USDT:USDT,0.5773,237.0,0.5772,58.0,0.5774,69.0,0.5775,287.0
1753617258008,11:54:18.008,okx,A/USDT:USDT,0.5773,237.0,0.5772,58.0,0.5774,79.0,0.5775,287.0
1753617259108,11:54:19.108,okx,A/USDT:USDT,0.5773,237.0,0.5772,58.0,0.5774,69.0,0.5775,287.0
1753617260308,11:54:20.308,okx,A/USDT:USDT,0.5773,237.0,0.5772,58.0,0.5774,104.0,0.5775,251.0
1753617260908,11:54:20.908,okx,A/USDT:USDT,0.5773,237.0,0.5772,58.0,0.5774,105.0,0.5775,251.0
1753617261008,11:54:21.008,okx,A/USDT:USDT,0.5773,237.0,0.5772,58.0,0.5774,105.0,0.5775,251.0
1753617261108,11:54:21.108,okx,A/USDT:USDT,0.5773,238.0,0.5772,58.0,0.5774,104.0,0.5775,251.0
1753617261208,11:54:21.208,okx,A/USDT:USDT,0.5773,239.0,0.5772,58.0,0.5774,105.0,0.5775,251.0
1753617261508,11:54:21.508,okx,A/USDT:USDT,0.5773,239.0,0.5772,58.0,0.5774,105.0,0.5775,251.0
1753617261908,11:54:21.908,okx,A/USDT:USDT,0.5773,239.0,0.5772,58.0,0.5774,105.0,0.5775,251.0
1753617262208,11:54:22.208,okx,A/USDT:USDT,0.5773,239.0,0.5772,58.0,0.5774,105.0,0.5775,251.0
1753617262408,11:54:22.408,okx,A/USDT:USDT,0.5773,238.0,0.5772,58.0,0.5774,105.0,0.5775,251.0
1753617263208,11:54:23.208,okx,A/USDT:USDT,0.5773,239.0,0.5772,58.0,0.5774,105.0,0.5775,251.0
1753617263308,11:54:23.308,okx,A/USDT:USDT,0.5773,237.0,0.5772,58.0,0.5774,105.0,0.5775,251.0
1753617264208,11:54:24.208,okx,A/USDT:USDT,0.5773,239.0,0.5772,58.0,0.5774,105.0,0.5775,251.0
1753617264308,11:54:24.308,okx,A/USDT:USDT,0.5773,239.0,0.5772,58.0,0.5774,105.0,0.5775,251.0
1753617264908,11:54:24.908,okx,A/USDT:USDT,0.5773,239.0,0.5772,58.0,0.5774,114.0,0.5775,251.0
1753617265508,11:54:25.508,okx,A/USDT:USDT,0.5773,237.0,0.5772,11.0,0.5774,105.0,0.5775,476.0
1753617265608,11:54:25.608,okx,A/USDT:USDT,0.5773,237.0,0.5772,11.0,0.5774,105.0,0.5775,180.0
1753617266308,11:54:26.308,okx,A/USDT:USDT,0.5773,237.0,0.5772,11.0,0.5774,105.0,0.5775,253.0
1753617266508,11:54:26.508,okx,A/USDT:USDT,0.5773,237.0,0.5772,11.0,0.5774,105.0,0.5775,253.0
1753617267008,11:54:27.008,okx,A/USDT:USDT,0.5773,237.0,0.5772,11.0,0.5774,115.0,0.5775,253.0
1753617267608,11:54:27.608,okx,A/USDT:USDT,0.5773,237.0,0.5772,11.0,0.5774,105.0,0.5775,253.0
1753617268008,11:54:28.008,okx,A/USDT:USDT,0.5773,237.0,0.5772,11.0,0.5774,105.0,0.5775,253.0
1753617268108,11:54:28.108,okx,A/USDT:USDT,0.5773,237.0,0.5772,11.0,0.5774,105.0,0.5775,476.0
1753617268808,11:54:28.808,okx,A/USDT:USDT,0.5773,237.0,0.5772,11.0,0.5774,105.0,0.5775,476.0
1753617270008,11:54:30.008,okx,A/USDT:USDT,0.5773,237.0,0.5772,11.0,0.5774,115.0,0.5775,476.0
1753617270308,11:54:30.308,okx,A/USDT:USDT,0.5773,237.0,0.5772,11.0,0.5774,115.0,0.5775,476.0
1753617270508,11:54:30.508,okx,A/USDT:USDT,0.5773,175.0,0.5772,68.0,0.5774,144.0,0.5775,476.0
1753617270808,11:54:30.808,okx,A/USDT:USDT,0.5773,235.0,0.5772,11.0,0.5774,144.0,0.5775,328.0
1753617271708,11:54:31.708,okx,A/USDT:USDT,0.5773,235.0,0.5772,11.0,0.5774,115.0,0.5775,328.0
1753617271808,11:54:31.808,okx,A/USDT:USDT,0.5773,235.0,0.5772,11.0,0.5774,115.0,0.5775,328.0
1753617272108,11:54:32.108,okx,A/USDT:USDT,0.5773,232.0,0.5772,11.0,0.5774,114.0,0.5775,328.0
1753617272208,11:54:32.208,okx,A/USDT:USDT,0.5773,232.0,0.5772,11.0,0.5774,144.0,0.5775,328.0
1753617272808,11:54:32.808,okx,A/USDT:USDT,0.5773,232.0,0.5772,11.0,0.5774,144.0,0.5775,328.0
1753617273108,11:54:33.108,okx,A/USDT:USDT,0.5773,172.0,0.5772,11.0,0.5774,144.0,0.5775,328.0
1753617273508,11:54:33.508,okx,A/USDT:USDT,0.5773,172.0,0.5772,11.0,0.5774,144.0,0.5775,328.0
1753617273708,11:54:33.708,okx,A/USDT:USDT,0.5773,172.0,0.5772,78.0,0.5774,144.0,0.5775,328.0
1753617274308,11:54:34.308,okx,A/USDT:USDT,0.5773,172.0,0.5772,78.0,0.5774,144.0,0.5775,328.0
1753617274408,11:54:34.408,okx,A/USDT:USDT,0.5773,172.0,0.5772,78.0,0.5774,144.0,0.5775,328.0
1753617275308,11:54:35.308,okx,A/USDT:USDT,0.5773,172.0,0.5772,78.0,0.5774,144.0,0.5775,328.0
1753617275508,11:54:35.508,okx,A/USDT:USDT,0.5773,229.0,0.5772,11.0,0.5774,144.0,0.5775,328.0
1753617276708,11:54:36.708,okx,A/USDT:USDT,0.5773,172.0,0.5772,11.0,0.5774,144.0,0.5775,328.0
1753617277708,11:54:37.708,okx,A/USDT:USDT,0.5773,172.0,0.5772,71.0,0.5774,144.0,0.5775,328.0
1753617277808,11:54:37.808,okx,A/USDT:USDT,0.5773,172.0,0.5772,71.0,0.5774,144.0,0.5775,328.0
1753617278108,11:54:38.108,okx,A/USDT:USDT,0.5773,172.0,0.5772,71.0,0.5774,144.0,0.5775,328.0
1753617278508,11:54:38.508,okx,A/USDT:USDT,0.5773,172.0,0.5772,71.0,0.5774,157.0,0.5775,330.0
1753617278908,11:54:38.908,okx,A/USDT:USDT,0.5772,10.0,0.5771,5.0,0.5773,223.0,0.5774,470.0
1753617279108,11:54:39.108,okx,A/USDT:USDT,0.5772,71.0,0.5771,52.0,0.5773,285.0,0.5774,403.0
1753617280008,11:54:40.008,okx,A/USDT:USDT,0.5772,71.0,0.5771,81.0,0.5773,233.0,0.5774,450.0
1753617280708,11:54:40.708,okx,A/USDT:USDT,0.5772,10.0,0.5771,52.0,0.5773,283.0,0.5774,523.0
1753617280808,11:54:40.808,okx,A/USDT:USDT,0.5772,12.0,0.5771,118.0,0.5773,285.0,0.5774,525.0
1753617280908,11:54:40.908,okx,A/USDT:USDT,0.5772,12.0,0.5771,118.0,0.5773,285.0,0.5774,525.0
1753617281208,11:54:41.208,okx,A/USDT:USDT,0.5772,12.0,0.5771,118.0,0.5773,285.0,0.5774,525.0
1753617281308,11:54:41.308,okx,A/USDT:USDT,0.5772,12.0,0.5771,118.0,0.5773,285.0,0.5774,525.0
1753617281708,11:54:41.708,okx,A/USDT:USDT,0.5772,12.0,0.5771,118.0,0.5773,285.0,0.5774,525.0
1753617281908,11:54:41.908,okx,A/USDT:USDT,0.5772,12.0,0.5771,118.0,0.5773,285.0,0.5774,525.0
1753617282508,11:54:42.508,okx,A/USDT:USDT,0.5772,12.0,0.5771,71.0,0.5773,285.0,0.5774,525.0
1753617282708,11:54:42.708,okx,A/USDT:USDT,0.5772,12.0,0.5771,71.0,0.5773,285.0,0.5774,525.0
1753617282808,11:54:42.808,okx,A/USDT:USDT,0.5772,12.0,0.5771,71.0,0.5773,284.0,0.5774,525.0
1753617282908,11:54:42.908,okx,A/USDT:USDT,0.5772,12.0,0.5771,71.0,0.5773,284.0,0.5774,525.0
1753617283408,11:54:43.408,okx,A/USDT:USDT,0.5772,12.0,0.5771,71.0,0.5773,284.0,0.5774,525.0
1753617283508,11:54:43.508,okx,A/USDT:USDT,0.5772,12.0,0.5771,71.0,0.5773,284.0,0.5774,525.0
1753617284908,11:54:44.908,okx,A/USDT:USDT,0.5772,12.0,0.5771,71.0,0.5773,284.0,0.5774,525.0
1753617285108,11:54:45.108,okx,A/USDT:USDT,0.5772,12.0,0.5771,71.0,0.5773,284.0,0.5774,525.0
1753617285308,11:54:45.308,okx,A/USDT:USDT,0.5772,12.0,0.5771,34.0,0.5773,72.0,0.5774,479.0
1753617285408,11:54:45.408,okx,A/USDT:USDT,0.5772,82.0,0.5771,52.0,0.5773,49.0,0.5774,508.0
1753617285508,11:54:45.508,okx,A/USDT:USDT,0.5772,82.0,0.5771,52.0,0.5773,49.0,0.5774,508.0
1753617285608,11:54:45.608,okx,A/USDT:USDT,0.5772,82.0,0.5771,52.0,0.5773,79.0,0.5774,508.0
1753617285708,11:54:45.708,okx,A/USDT:USDT,0.5772,82.0,0.5771,52.0,0.5773,50.0,0.5774,507.0
1753617285908,11:54:45.908,okx,A/USDT:USDT,0.5772,82.0,0.5771,52.0,0.5773,50.0,0.5774,507.0
1753617286008,11:54:46.008,okx,A/USDT:USDT,0.5772,82.0,0.5771,52.0,0.5773,50.0,0.5774,507.0
1753617286308,11:54:46.308,okx,A/USDT:USDT,0.5772,82.0,0.5771,52.0,0.5773,50.0,0.5774,507.0
1753617286408,11:54:46.408,okx,A/USDT:USDT,0.5772,82.0,0.5771,52.0,0.5773,50.0,0.5774,463.0
1753617286508,11:54:46.508,okx,A/USDT:USDT,0.5772,82.0,0.5771,52.0,0.5773,79.0,0.5774,463.0
1753617287608,11:54:47.608,okx,A/USDT:USDT,0.5772,82.0,0.5771,52.0,0.5773,50.0,0.5774,463.0
1753617287708,11:54:47.708,okx,A/USDT:USDT,0.5772,82.0,0.5771,52.0,0.5773,89.0,0.5774,463.0
1753617288108,11:54:48.108,okx,A/USDT:USDT,0.5772,82.0,0.5771,52.0,0.5773,89.0,0.5774,463.0
1753617288408,11:54:48.408,okx,A/USDT:USDT,0.5772,82.0,0.5771,52.0,0.5773,89.0,0.5774,463.0
1753617288608,11:54:48.608,okx,A/USDT:USDT,0.5772,82.0,0.5771,52.0,0.5773,89.0,0.5774,463.0
1753617288808,11:54:48.808,okx,A/USDT:USDT,0.5772,82.0,0.5771,52.0,0.5773,89.0,0.5774,463.0
1753617288908,11:54:48.908,okx,A/USDT:USDT,0.5772,77.0,0.5771,52.0,0.5773,89.0,0.5774,463.0
1753617289008,11:54:49.008,okx,A/USDT:USDT,0.5772,77.0,0.5771,52.0,0.5773,89.0,0.5774,463.0
1753617289308,11:54:49.308,okx,A/USDT:USDT,0.5772,77.0,0.5771,57.0,0.5773,50.0,0.5774,463.0
1753617290008,11:54:50.008,okx,A/USDT:USDT,0.5772,77.0,0.5771,57.0,0.5773,50.0,0.5774,463.0
1753617290108,11:54:50.108,okx,A/USDT:USDT,0.5772,77.0,0.5771,57.0,0.5773,50.0,0.5774,463.0
1753617290508,11:54:50.508,okx,A/USDT:USDT,0.5772,77.0,0.5771,57.0,0.5773,108.0,0.5774,463.0
1753617290708,11:54:50.708,okx,A/USDT:USDT,0.5772,77.0,0.5771,86.0,0.5773,110.0,0.5774,463.0
1753617291408,11:54:51.408,okx,A/USDT:USDT,0.5772,77.0,0.5771,57.0,0.5773,110.0,0.5774,463.0
1753617291608,11:54:51.608,okx,A/USDT:USDT,0.5772,77.0,0.5771,57.0,0.5773,110.0,0.5774,315.0
1753617292808,11:54:52.808,okx,A/USDT:USDT,0.5772,77.0,0.5771,57.0,0.5773,110.0,0.5774,242.0
1753617293708,11:54:53.708,okx,A/USDT:USDT,0.5772,77.0,0.5771,86.0,0.5773,110.0,0.5774,390.0
1753617293808,11:54:53.808,okx,A/USDT:USDT,0.5772,77.0,0.5771,153.0,0.5773,110.0,0.5774,361.0
1753617294008,11:54:54.008,okx,A/USDT:USDT,0.5772,77.0,0.5771,153.0,0.5773,110.0,0.5774,242.0
1753617294408,11:54:54.408,okx,A/USDT:USDT,0.5772,77.0,0.5771,153.0,0.5773,110.0,0.5774,390.0
1753617294508,11:54:54.508,okx,A/USDT:USDT,0.5772,77.0,0.5771,153.0,0.5773,110.0,0.5774,390.0
1753617294608,11:54:54.608,okx,A/USDT:USDT,0.5772,77.0,0.5771,153.0,0.5773,110.0,0.5774,390.0
1753617295408,11:54:55.408,okx,A/USDT:USDT,0.5772,5.0,0.5771,123.0,0.5773,139.0,0.5774,390.0
1753617295508,11:54:55.508,okx,A/USDT:USDT,0.5772,5.0,0.5771,181.0,0.5773,108.0,0.5774,390.0
1753617296108,11:54:56.108,okx,A/USDT:USDT,0.5772,73.0,0.5771,124.0,0.5773,110.0,0.5774,390.0
1753617296308,11:54:56.308,okx,A/USDT:USDT,0.5772,73.0,0.5771,153.0,0.5773,110.0,0.5774,390.0
1753617296408,11:54:56.408,okx,A/USDT:USDT,0.5772,73.0,0.5771,124.0,0.5773,111.0,0.5774,390.0
1753617296908,11:54:56.908,okx,A/USDT:USDT,0.5772,73.0,0.5771,124.0,0.5773,111.0,0.5774,390.0
1753617297008,11:54:57.008,okx,A/USDT:USDT,0.5772,73.0,0.5771,124.0,0.5773,111.0,0.5774,390.0
1753617297808,11:54:57.808,okx,A/USDT:USDT,0.5772,73.0,0.5771,124.0,0.5773,111.0,0.5774,390.0
1753617298208,11:54:58.208,okx,A/USDT:USDT,0.5772,73.0,0.5771,124.0,0.5773,111.0,0.5774,390.0
1753617300008,11:55:00.008,okx,A/USDT:USDT,0.5772,72.0,0.5771,124.0,0.5773,111.0,0.5774,390.0
1753617300708,11:55:00.708,okx,A/USDT:USDT,0.5772,72.0,0.5771,157.0,0.5773,111.0,0.5774,390.0
1753617300908,11:55:00.908,okx,A/USDT:USDT,0.5772,72.0,0.5771,157.0,0.5773,111.0,0.5774,392.0
1753617301208,11:55:01.208,okx,A/USDT:USDT,0.5772,72.0,0.5771,157.0,0.5773,111.0,0.5774,392.0
1753617301708,11:55:01.708,okx,A/USDT:USDT,0.5772,72.0,0.5771,124.0,0.5773,111.0,0.5774,392.0
1753617303708,11:55:03.708,okx,A/USDT:USDT,0.5772,4.0,0.5771,77.0,0.5773,156.0,0.5774,392.0
1753617304108,11:55:04.108,okx,A/USDT:USDT,0.5772,4.0,0.5771,141.0,0.5773,112.0,0.5774,392.0
1753617304508,11:55:04.508,okx,A/USDT:USDT,0.5772,59.0,0.5771,141.0,0.5773,68.0,0.5774,465.0
1753617304608,11:55:04.608,okx,A/USDT:USDT,0.5772,72.0,0.5771,141.0,0.5773,21.0,0.5774,465.0
1753617304708,11:55:04.708,okx,A/USDT:USDT,0.5772,4.0,0.5771,140.0,0.5773,127.0,0.5774,465.0
1753617304908,11:55:04.908,okx,A/USDT:USDT,0.5772,4.0,0.5771,140.0,0.5773,129.0,0.5774,465.0
1753617306508,11:55:06.508,okx,A/USDT:USDT,0.5772,67.0,0.5771,250.0,0.5773,405.0,0.5774,180.0
1753617307008,11:55:07.008,okx,A/USDT:USDT,0.5772,61.0,0.5771,250.0,0.5773,403.0,0.5774,180.0
1753617307608,11:55:07.608,okx,A/USDT:USDT,0.5772,5.0,0.5771,206.0,0.5773,403.0,0.5774,180.0
1753617307708,11:55:07.708,okx,A/USDT:USDT,0.5772,4.0,0.5771,206.0,0.5773,403.0,0.5774,180.0
1753617308208,11:55:08.208,okx,A/USDT:USDT,0.5772,4.0,0.5771,206.0,0.5773,403.0,0.5774,180.0
1753617308308,11:55:08.308,okx,A/USDT:USDT,0.5772,4.0,0.5771,206.0,0.5773,403.0,0.5774,180.0
1753617308508,11:55:08.508,okx,A/USDT:USDT,0.5772,4.0,0.5771,88.0,0.5773,403.0,0.5774,180.0
1753617308608,11:55:08.608,okx,A/USDT:USDT,0.5772,4.0,0.5771,217.0,0.5773,403.0,0.5774,180.0
1753617309008,11:55:09.008,okx,A/USDT:USDT,0.5772,4.0,0.5771,217.0,0.5773,403.0,0.5774,180.0
1753617309108,11:55:09.108,okx,A/USDT:USDT,0.5772,61.0,0.5771,88.0,0.5773,405.0,0.5774,180.0
1753617309508,11:55:09.508,okx,A/USDT:USDT,0.5772,4.0,0.5771,142.0,0.5773,405.0,0.5774,180.0
1753617309708,11:55:09.708,okx,A/USDT:USDT,0.5772,4.0,0.5771,206.0,0.5773,405.0,0.5774,180.0
1753617309908,11:55:09.908,okx,A/USDT:USDT,0.5772,71.0,0.5771,175.0,0.5773,405.0,0.5774,180.0
1753617310008,11:55:10.008,okx,A/USDT:USDT,0.5772,71.0,0.5771,77.0,0.5773,403.0,0.5774,180.0
1753617310408,11:55:10.408,okx,A/USDT:USDT,0.5772,73.0,0.5771,110.0,0.5773,403.0,0.5774,180.0
1753617310608,11:55:10.608,okx,A/USDT:USDT,0.5772,73.0,0.5771,110.0,0.5773,403.0,0.5774,180.0
1753617311008,11:55:11.008,okx,A/USDT:USDT,0.5772,73.0,0.5771,110.0,0.5773,403.0,0.5774,180.0
1753617311208,11:55:11.208,okx,A/USDT:USDT,0.5772,73.0,0.5771,77.0,0.5773,403.0,0.5774,180.0
1753617311308,11:55:11.308,okx,A/USDT:USDT,0.5772,73.0,0.5771,77.0,0.5773,403.0,0.5774,180.0
1753617311708,11:55:11.708,okx,A/USDT:USDT,0.5772,8.0,0.5771,77.0,0.5773,447.0,0.5774,222.0
1753617312208,11:55:12.208,okx,A/USDT:USDT,0.5772,8.0,0.5771,204.0,0.5773,403.0,0.5774,222.0
1753617312308,11:55:12.308,okx,A/USDT:USDT,0.5772,8.0,0.5771,204.0,0.5773,447.0,0.5774,222.0
1753617313008,11:55:13.008,okx,A/USDT:USDT,0.5772,8.0,0.5771,204.0,0.5773,447.0,0.5774,222.0
1753617313508,11:55:13.508,okx,A/USDT:USDT,0.5772,8.0,0.5771,204.0,0.5773,436.0,0.5774,222.0
1753617313808,11:55:13.808,okx,A/USDT:USDT,0.5772,8.0,0.5771,204.0,0.5773,447.0,0.5774,222.0
1753617314108,11:55:14.108,okx,A/USDT:USDT,0.5772,8.0,0.5771,204.0,0.5773,447.0,0.5774,222.0
1753617314808,11:55:14.808,okx,A/USDT:USDT,0.5772,4.0,0.5771,204.0,0.5773,447.0,0.5774,239.0
1753617314908,11:55:14.908,okx,A/USDT:USDT,0.5771,78.0,0.577,23.0,0.5772,93.0,0.5773,604.0
1753617315208,11:55:15.208,okx,A/USDT:USDT,0.5771,141.0,0.577,90.0,0.5772,159.0,0.5773,587.0
1753617315308,11:55:15.308,okx,A/USDT:USDT,0.5771,141.0,0.577,90.0,0.5772,159.0,0.5773,587.0
1753617315508,11:55:15.508,okx,A/USDT:USDT,0.5771,75.0,0.577,90.0,0.5772,159.0,0.5773,587.0
1753617315808,11:55:15.808,okx,A/USDT:USDT,0.5771,130.0,0.577,90.0,0.5772,146.0,0.5773,587.0
1753617316108,11:55:16.108,okx,A/USDT:USDT,0.5771,130.0,0.577,90.0,0.5772,135.0,0.5773,587.0
1753617316708,11:55:16.708,okx,A/USDT:USDT,0.5771,75.0,0.577,156.0,0.5772,192.0,0.5773,587.0
1753617316808,11:55:16.808,okx,A/USDT:USDT,0.5771,75.0,0.577,156.0,0.5772,192.0,0.5773,587.0
1753617317008,11:55:17.008,okx,A/USDT:USDT,0.5771,75.0,0.577,152.0,0.5772,192.0,0.5773,587.0
1753617317208,11:55:17.208,okx,A/USDT:USDT,0.5771,75.0,0.577,156.0,0.5772,192.0,0.5773,645.0
1753617317908,11:55:17.908,okx,A/USDT:USDT,0.5771,89.0,0.577,156.0,0.5772,192.0,0.5773,645.0
1753617318208,11:55:18.208,okx,A/USDT:USDT,0.5771,87.0,0.577,156.0,0.5772,192.0,0.5773,645.0
1753617320008,11:55:20.008,okx,A/USDT:USDT,0.577,9.0,0.5769,244.0,0.5771,183.0,0.5772,281.0
1753617320108,11:55:20.108,okx,A/USDT:USDT,0.5769,10.0,0.5768,255.0,0.5771,252.0,0.5772,292.0
1753617320308,11:55:20.308,okx,A/USDT:USDT,0.5769,11.0,0.5768,118.0,0.577,239.0,0.5771,285.0
1753617320608,11:55:20.608,okx,A/USDT:USDT,0.5769,11.0,0.5768,71.0,0.577,239.0,0.5771,287.0
1753617321008,11:55:21.008,okx,A/USDT:USDT,0.5768,4.0,0.5767,119.0,0.5769,244.0,0.577,396.0
1753617321108,11:55:21.108,okx,A/USDT:USDT,0.5768,4.0,0.5767,119.0,0.5769,288.0,0.577,396.0
1753617321308,11:55:21.308,okx,A/USDT:USDT,0.5768,4.0,0.5767,120.0,0.5769,288.0,0.577,396.0
1753617321908,11:55:21.908,okx,A/USDT:USDT,0.5768,4.0,0.5767,120.0,0.5769,288.0,0.577,396.0
1753617322008,11:55:22.008,okx,A/USDT:USDT,0.5768,4.0,0.5767,59.0,0.5769,288.0,0.577,398.0
1753617322108,11:55:22.108,okx,A/USDT:USDT,0.5768,4.0,0.5767,123.0,0.5769,288.0,0.577,398.0
1753617322308,11:55:22.308,okx,A/USDT:USDT,0.5768,2.0,0.5767,123.0,0.5769,288.0,0.577,398.0
1753617322908,11:55:22.908,okx,A/USDT:USDT,0.5768,2.0,0.5767,122.0,0.5769,288.0,0.577,398.0
1753617323008,11:55:23.008,okx,A/USDT:USDT,0.5768,2.0,0.5767,122.0,0.5769,288.0,0.577,398.0
1753617323708,11:55:23.708,okx,A/USDT:USDT,0.5768,58.0,0.5767,58.0,0.5769,244.0,0.577,392.0
1753617323908,11:55:23.908,okx,A/USDT:USDT,0.5768,60.0,0.5767,58.0,0.5769,255.0,0.577,392.0
1753617324208,11:55:24.208,okx,A/USDT:USDT,0.5768,60.0,0.5767,58.0,0.5769,255.0,0.577,392.0
1753617324308,11:55:24.308,okx,A/USDT:USDT,0.5768,60.0,0.5767,69.0,0.5769,244.0,0.577,392.0
1753617324608,11:55:24.608,okx,A/USDT:USDT,0.5768,60.0,0.5767,102.0,0.5769,187.0,0.577,403.0
1753617324808,11:55:24.808,okx,A/USDT:USDT,0.5768,60.0,0.5767,102.0,0.5769,187.0,0.577,436.0
1753617324908,11:55:24.908,okx,A/USDT:USDT,0.5768,60.0,0.5767,169.0,0.5769,187.0,0.577,436.0
1753617325308,11:55:25.308,okx,A/USDT:USDT,0.5768,60.0,0.5767,69.0,0.5769,187.0,0.577,436.0
1753617325508,11:55:25.508,okx,A/USDT:USDT,0.5768,2.0,0.5767,113.0,0.5769,244.0,0.577,436.0
1753617325708,11:55:25.708,okx,A/USDT:USDT,0.5768,2.0,0.5767,113.0,0.5769,211.0,0.577,436.0
1753617326408,11:55:26.408,okx,A/USDT:USDT,0.5768,2.0,0.5767,113.0,0.5769,211.0,0.577,436.0
1753617327108,11:55:27.108,okx,A/USDT:USDT,0.5768,2.0,0.5767,113.0,0.5769,211.0,0.577,436.0
1753617328008,11:55:28.008,okx,A/USDT:USDT,0.5768,2.0,0.5767,113.0,0.5769,244.0,0.577,436.0
1753617329908,11:55:29.908,okx,A/USDT:USDT,0.5768,2.0,0.5767,63.0,0.5769,540.0,0.577,288.0
1753617330008,11:55:30.008,okx,A/USDT:USDT,0.5768,2.0,0.5767,63.0,0.5769,540.0,0.577,288.0
1753617330108,11:55:30.108,okx,A/USDT:USDT,0.5768,2.0,0.5767,63.0,0.5769,540.0,0.577,288.0
1753617330208,11:55:30.208,okx,A/USDT:USDT,0.5768,2.0,0.5767,63.0,0.5769,540.0,0.577,288.0
1753617330408,11:55:30.408,okx,A/USDT:USDT,0.5768,2.0,0.5767,63.0,0.5769,540.0,0.577,288.0
1753617330608,11:55:30.608,okx,A/USDT:USDT,0.5767,9.0,0.5766,119.0,0.5768,242.0,0.5769,525.0
1753617330908,11:55:30.908,okx,A/USDT:USDT,0.5767,9.0,0.5766,191.0,0.5768,242.0,0.5769,526.0
1753617331008,11:55:31.008,okx,A/USDT:USDT,0.5767,9.0,0.5766,191.0,0.5768,242.0,0.5769,526.0
1753617331108,11:55:31.108,okx,A/USDT:USDT,0.5767,76.0,0.5766,126.0,0.5768,242.0,0.5769,526.0
1753617331708,11:55:31.708,okx,A/USDT:USDT,0.5767,9.0,0.5766,187.0,0.5768,322.0,0.5769,378.0
1753617331908,11:55:31.908,okx,A/USDT:USDT,0.5767,75.0,0.5766,130.0,0.5768,278.0,0.5769,378.0
1753617332308,11:55:32.308,okx,A/USDT:USDT,0.5767,75.0,0.5766,119.0,0.5768,298.0,0.5769,378.0
1753617332808,11:55:32.808,okx,A/USDT:USDT,0.5767,75.0,0.5766,119.0,0.5768,298.0,0.5769,378.0
1753617333108,11:55:33.108,okx,A/USDT:USDT,0.5767,75.0,0.5766,119.0,0.5768,298.0,0.5769,378.0
1753617333508,11:55:33.508,okx,A/USDT:USDT,0.5767,64.0,0.5766,119.0,0.5768,265.0,0.5769,378.0
1753617333608,11:55:33.608,okx,A/USDT:USDT,0.5767,64.0,0.5766,119.0,0.5768,298.0,0.5769,378.0
1753617333808,11:55:33.808,okx,A/USDT:USDT,0.5767,63.0,0.5766,119.0,0.5768,298.0,0.5769,378.0
1753617333908,11:55:33.908,okx,A/USDT:USDT,0.5767,63.0,0.5766,119.0,0.5768,298.0,0.5769,378.0
1753617334008,11:55:34.008,okx,A/USDT:USDT,0.5767,63.0,0.5766,119.0,0.5768,298.0,0.5769,378.0
1753617334908,11:55:34.908,okx,A/USDT:USDT,0.5767,73.0,0.5766,119.0,0.5768,309.0,0.5769,369.0
1753617335108,11:55:35.108,okx,A/USDT:USDT,0.5767,73.0,0.5766,119.0,0.5768,309.0,0.5769,369.0
1753617335208,11:55:35.208,okx,A/USDT:USDT,0.5767,73.0,0.5766,119.0,0.5768,413.0,0.5769,221.0
1753617336208,11:55:36.208,okx,A/USDT:USDT,0.5767,73.0,0.5766,119.0,0.5768,457.0,0.5769,221.0
1753617336408,11:55:36.408,okx,A/USDT:USDT,0.5767,73.0,0.5766,119.0,0.5768,457.0,0.5769,221.0
1753617337308,11:55:37.308,okx,A/USDT:USDT,0.5767,8.0,0.5766,119.0,0.5768,457.0,0.5769,221.0
1753617337508,11:55:37.508,okx,A/USDT:USDT,0.5767,70.0,0.5766,119.0,0.5768,446.0,0.5769,221.0
1753617338208,11:55:38.208,okx,A/USDT:USDT,0.5767,70.0,0.5766,119.0,0.5768,476.0,0.5769,221.0
1753617338308,11:55:38.308,okx,A/USDT:USDT,0.5767,70.0,0.5766,119.0,0.5768,465.0,0.5769,221.0
1753617338708,11:55:38.708,okx,A/USDT:USDT,0.5767,70.0,0.5766,119.0,0.5768,476.0,0.5769,221.0
1753617339108,11:55:39.108,okx,A/USDT:USDT,0.5767,76.0,0.5766,119.0,0.5768,432.0,0.5769,221.0
1753617339208,11:55:39.208,okx,A/USDT:USDT,0.5767,76.0,0.5766,119.0,0.5768,432.0,0.5769,221.0
1753617339508,11:55:39.508,okx,A/USDT:USDT,0.5767,76.0,0.5766,119.0,0.5768,476.0,0.5769,221.0
1753617339608,11:55:39.608,okx,A/USDT:USDT,0.5767,76.0,0.5766,119.0,0.5768,432.0,0.5769,221.0
1753617339708,11:55:39.708,okx,A/USDT:USDT,0.5767,76.0,0.5766,119.0,0.5768,476.0,0.5769,221.0
1753617339808,11:55:39.808,okx,A/USDT:USDT,0.5767,8.0,0.5766,119.0,0.5768,476.0,0.5769,221.0
1753617339908,11:55:39.908,okx,A/USDT:USDT,0.5767,8.0,0.5766,184.0,0.5768,476.0,0.5769,221.0
1753617340108,11:55:40.108,okx,A/USDT:USDT,0.5767,68.0,0.5766,119.0,0.5768,465.0,0.5769,221.0
1753617340208,11:55:40.208,okx,A/USDT:USDT,0.5767,68.0,0.5766,119.0,0.5768,476.0,0.5769,221.0
1753617340408,11:55:40.408,okx,A/USDT:USDT,0.5767,8.0,0.5766,119.0,0.5768,476.0,0.5769,221.0
1753617340508,11:55:40.508,okx,A/USDT:USDT,0.5767,8.0,0.5766,174.0,0.5768,476.0,0.5769,221.0
1753617341008,11:55:41.008,okx,A/USDT:USDT,0.5767,70.0,0.5766,152.0,0.5768,432.0,0.5769,221.0
1753617341108,11:55:41.108,okx,A/USDT:USDT,0.5767,70.0,0.5766,152.0,0.5768,432.0,0.5769,221.0
1753617341708,11:55:41.708,okx,A/USDT:USDT,0.5767,8.0,0.5766,69.0,0.5768,476.0,0.5769,221.0
1753617341908,11:55:41.908,okx,A/USDT:USDT,0.5767,8.0,0.5766,69.0,0.5768,476.0,0.5769,221.0
1753617342008,11:55:42.008,okx,A/USDT:USDT,0.5767,8.0,0.5766,69.0,0.5768,476.0,0.5769,221.0
1753617342308,11:55:42.308,okx,A/USDT:USDT,0.5767,8.0,0.5766,69.0,0.5768,476.0,0.5769,221.0
1753617342708,11:55:42.708,okx,A/USDT:USDT,0.5767,2.0,0.5766,7.0,0.5768,489.0,0.5769,238.0
1753617342808,11:55:42.808,okx,A/USDT:USDT,0.5767,2.0,0.5766,70.0,0.5768,489.0,0.5769,238.0
1753617342908,11:55:42.908,okx,A/USDT:USDT,0.5767,2.0,0.5766,70.0,0.5768,489.0,0.5769,238.0
1753617344308,11:55:44.308,okx,A/USDT:USDT,0.5767,2.0,0.5766,70.0,0.5768,489.0,0.5769,238.0
1753617344908,11:55:44.908,okx,A/USDT:USDT,0.5767,69.0,0.5766,7.0,0.5768,441.0,0.5769,253.0
1753617345208,11:55:45.208,okx,A/USDT:USDT,0.5767,2.0,0.5766,72.0,0.5768,500.0,0.5769,253.0
1753617346408,11:55:46.408,okx,A/USDT:USDT,0.5767,2.0,0.5766,72.0,0.5768,500.0,0.5769,255.0
1753617346708,11:55:46.708,okx,A/USDT:USDT,0.5767,69.0,0.5766,88.0,0.5768,443.0,0.5769,222.0
1753617346908,11:55:46.908,okx,A/USDT:USDT,0.5767,69.0,0.5766,55.0,0.5768,443.0,0.5769,196.0
1753617347208,11:55:47.208,okx,A/USDT:USDT,0.5767,69.0,0.5766,55.0,0.5768,443.0,0.5769,207.0
1753617348008,11:55:48.008,okx,A/USDT:USDT,0.5767,138.0,0.5766,172.0,0.5768,362.0,0.5769,218.0
1753617348308,11:55:48.308,okx,A/USDT:USDT,0.5767,93.0,0.5766,133.0,0.5768,428.0,0.5769,196.0
1753617348708,11:55:48.708,okx,A/USDT:USDT,0.5767,106.0,0.5766,166.0,0.5768,428.0,0.5769,163.0
1753617348908,11:55:48.908,okx,A/USDT:USDT,0.5767,138.0,0.5766,166.0,0.5768,360.0,0.5769,163.0
1753617349008,11:55:49.008,okx,A/USDT:USDT,0.5767,106.0,0.5766,166.0,0.5768,362.0,0.5769,163.0
1753617349108,11:55:49.108,okx,A/USDT:USDT,0.5767,106.0,0.5766,166.0,0.5768,362.0,0.5769,223.0
1753617349408,11:55:49.408,okx,A/USDT:USDT,0.5767,106.0,0.5766,166.0,0.5768,419.0,0.5769,196.0
1753617349508,11:55:49.508,okx,A/USDT:USDT,0.5767,106.0,0.5766,166.0,0.5768,419.0,0.5769,196.0
1753617349608,11:55:49.608,okx,A/USDT:USDT,0.5767,106.0,0.5766,166.0,0.5768,419.0,0.5769,196.0
1753617349708,11:55:49.708,okx,A/USDT:USDT,0.5767,106.0,0.5766,166.0,0.5768,419.0,0.5769,196.0
1753617350108,11:55:50.108,okx,A/USDT:USDT,0.5767,95.0,0.5766,155.0,0.5768,419.0,0.5769,196.0
1753617350208,11:55:50.208,okx,A/USDT:USDT,0.5767,95.0,0.5766,155.0,0.5768,419.0,0.5769,196.0
1753617350308,11:55:50.308,okx,A/USDT:USDT,0.5767,95.0,0.5766,155.0,0.5768,419.0,0.5769,196.0
1753617350408,11:55:50.408,okx,A/USDT:USDT,0.5767,95.0,0.5766,155.0,0.5768,419.0,0.5769,196.0
1753617350608,11:55:50.608,okx,A/USDT:USDT,0.5767,95.0,0.5766,55.0,0.5768,419.0,0.5769,196.0
1753617350708,11:55:50.708,okx,A/USDT:USDT,0.5767,95.0,0.5766,52.0,0.5768,419.0,0.5769,196.0
1753617351108,11:55:51.108,okx,A/USDT:USDT,0.5767,95.0,0.5766,85.0,0.5768,375.0,0.5769,240.0
1753617351308,11:55:51.308,okx,A/USDT:USDT,0.5767,95.0,0.5766,85.0,0.5768,375.0,0.5769,240.0
1753617352008,11:55:52.008,okx,A/USDT:USDT,0.5767,95.0,0.5766,85.0,0.5768,375.0,0.5769,240.0
1753617352208,11:55:52.208,okx,A/USDT:USDT,0.5767,95.0,0.5766,85.0,0.5768,375.0,0.5769,240.0
1753617352308,11:55:52.308,okx,A/USDT:USDT,0.5767,95.0,0.5766,85.0,0.5768,375.0,0.5769,240.0
1753617353708,11:55:53.708,okx,A/USDT:USDT,0.5767,138.0,0.5766,85.0,0.5768,375.0,0.5769,207.0
1753617354108,11:55:54.108,okx,A/USDT:USDT,0.5767,138.0,0.5766,86.0,0.5768,375.0,0.5769,207.0
1753617354508,11:55:54.508,okx,A/USDT:USDT,0.5767,151.0,0.5766,86.0,0.5768,375.0,0.5769,207.0
1753617354708,11:55:54.708,okx,A/USDT:USDT,0.5767,151.0,0.5766,86.0,0.5768,375.0,0.5769,207.0
1753617354908,11:55:54.908,okx,A/USDT:USDT,0.5767,151.0,0.5766,153.0,0.5768,375.0,0.5769,207.0
1753617355508,11:55:55.508,okx,A/USDT:USDT,0.5767,119.0,0.5766,153.0,0.5768,375.0,0.5769,207.0
1753617355608,11:55:55.608,okx,A/USDT:USDT,0.5767,119.0,0.5766,153.0,0.5768,375.0,0.5769,207.0
1753617355708,11:55:55.708,okx,A/USDT:USDT,0.5767,151.0,0.5766,153.0,0.5768,375.0,0.5769,207.0
1753617355908,11:55:55.908,okx,A/USDT:USDT,0.5767,151.0,0.5766,153.0,0.5768,375.0,0.5769,207.0
1753617356008,11:55:56.008,okx,A/USDT:USDT,0.5767,108.0,0.5766,153.0,0.5768,375.0,0.5769,207.0
1753617356208,11:55:56.208,okx,A/USDT:USDT,0.5767,108.0,0.5766,153.0,0.5768,375.0,0.5769,207.0
1753617357708,11:55:57.708,okx,A/USDT:USDT,0.5767,30.0,0.5766,175.0,0.5768,460.0,0.5769,240.0
1753617358308,11:55:58.308,okx,A/USDT:USDT,0.5767,30.0,0.5766,175.0,0.5768,427.0,0.5769,240.0
1753617358408,11:55:58.408,okx,A/USDT:USDT,0.5767,30.0,0.5766,175.0,0.5768,427.0,0.5769,240.0
1753617359108,11:55:59.108,okx,A/USDT:USDT,0.5767,30.0,0.5766,175.0,0.5768,460.0,0.5769,257.0
1753617359408,11:55:59.408,okx,A/USDT:USDT,0.5767,2.0,0.5766,201.0,0.5768,460.0,0.5769,257.0
1753617359708,11:55:59.708,okx,A/USDT:USDT,0.5767,2.0,0.5766,201.0,0.5768,460.0,0.5769,257.0
1753617360908,11:56:00.908,okx,A/USDT:USDT,0.5767,67.0,0.5766,131.0,0.5768,416.0,0.5769,87.0
1753617361008,11:56:01.008,okx,A/USDT:USDT,0.5767,67.0,0.5766,131.0,0.5768,416.0,0.5769,120.0
1753617361508,11:56:01.508,okx,A/USDT:USDT,0.5767,135.0,0.5766,105.0,0.5768,403.0,0.5769,255.0
1753617361808,11:56:01.808,okx,A/USDT:USDT,0.5767,135.0,0.5766,105.0,0.5768,403.0,0.5769,197.0
1753617362208,11:56:02.208,okx,A/USDT:USDT,0.5767,135.0,0.5766,105.0,0.5768,403.0,0.5769,230.0
1753617362408,11:56:02.408,okx,A/USDT:USDT,0.5767,119.0,0.5766,105.0,0.5768,403.0,0.5769,230.0
1753617362508,11:56:02.508,okx,A/USDT:USDT,0.5767,119.0,0.5766,105.0,0.5768,403.0,0.5769,230.0
1753617362608,11:56:02.608,okx,A/USDT:USDT,0.5767,119.0,0.5766,105.0,0.5768,403.0,0.5769,230.0
1753617362808,11:56:02.808,okx,A/USDT:USDT,0.5767,119.0,0.5766,105.0,0.5768,403.0,0.5769,230.0
1753617363008,11:56:03.008,okx,A/USDT:USDT,0.5767,119.0,0.5766,105.0,0.5768,403.0,0.5769,230.0
1753617363208,11:56:03.208,okx,A/USDT:USDT,0.5767,119.0,0.5766,105.0,0.5768,403.0,0.5769,230.0
1753617363508,11:56:03.508,okx,A/USDT:USDT,0.5767,148.0,0.5766,105.0,0.5768,403.0,0.5769,195.0
1753617363608,11:56:03.608,okx,A/USDT:USDT,0.5767,148.0,0.5766,105.0,0.5768,403.0,0.5769,195.0
1753617364208,11:56:04.208,okx,A/USDT:USDT,0.5767,119.0,0.5766,105.0,0.5768,403.0,0.5769,228.0
1753617364408,11:56:04.408,okx,A/USDT:USDT,0.5767,119.0,0.5766,105.0,0.5768,403.0,0.5769,228.0
1753617364608,11:56:04.608,okx,A/USDT:USDT,0.5767,108.0,0.5766,72.0,0.5768,403.0,0.5769,228.0
1753617364708,11:56:04.708,okx,A/USDT:USDT,0.5767,108.0,0.5766,72.0,0.5768,403.0,0.5769,228.0
1753617364908,11:56:04.908,okx,A/USDT:USDT,0.5767,108.0,0.5766,72.0,0.5768,403.0,0.5769,228.0
1753617365008,11:56:05.008,okx,A/USDT:USDT,0.5767,108.0,0.5766,72.0,0.5768,403.0,0.5769,228.0
1753617365208,11:56:05.208,okx,A/USDT:USDT,0.5766,72.0,0.5765,423.0,0.5767,25.0,0.5768,446.0
1753617365608,11:56:05.608,okx,A/USDT:USDT,0.5766,187.0,0.5765,456.0,0.5767,69.0,0.5768,346.0
1753617366008,11:56:06.008,okx,A/USDT:USDT,0.5766,187.0,0.5765,456.0,0.5767,69.0,0.5768,346.0
1753617366108,11:56:06.108,okx,A/USDT:USDT,0.5766,187.0,0.5765,456.0,0.5767,69.0,0.5768,346.0
1753617366208,11:56:06.208,okx,A/USDT:USDT,0.5766,188.0,0.5765,472.0,0.5767,1.0,0.5768,346.0
1753617366308,11:56:06.308,okx,A/USDT:USDT,0.5766,217.0,0.5765,472.0,0.5767,1.0,0.5768,414.0
1753617366408,11:56:06.408,okx,A/USDT:USDT,0.5767,108.0,0.5766,175.0,0.5768,414.0,0.5769,231.0
1753617366508,11:56:06.508,okx,A/USDT:USDT,0.5767,109.0,0.5766,175.0,0.5768,414.0,0.5769,276.0
1753617366608,11:56:06.608,okx,A/USDT:USDT,0.5767,109.0,0.5766,142.0,0.5768,414.0,0.5769,276.0
1753617366808,11:56:06.808,okx,A/USDT:USDT,0.5767,109.0,0.5766,142.0,0.5768,414.0,0.5769,276.0
1753617367408,11:56:07.408,okx,A/USDT:USDT,0.5766,133.0,0.5765,423.0,0.5768,473.0,0.5769,277.0
1753617367508,11:56:07.508,okx,A/USDT:USDT,0.5766,125.0,0.5765,423.0,0.5767,59.0,0.5768,405.0
1753617367608,11:56:07.608,okx,A/USDT:USDT,0.5766,192.0,0.5765,423.0,0.5767,59.0,0.5768,405.0
1753617368008,11:56:08.008,okx,A/USDT:USDT,0.5766,194.0,0.5765,423.0,0.5767,59.0,0.5768,405.0
1753617368308,11:56:08.308,okx,A/USDT:USDT,0.5766,194.0,0.5765,489.0,0.5767,59.0,0.5768,405.0
1753617368608,11:56:08.608,okx,A/USDT:USDT,0.5766,196.0,0.5765,489.0,0.5767,59.0,0.5768,484.0
1753617369108,11:56:09.108,okx,A/USDT:USDT,0.5766,194.0,0.5765,489.0,0.5767,59.0,0.5768,405.0
1753617370108,11:56:10.108,okx,A/USDT:USDT,0.5767,115.0,0.5766,144.0,0.5768,470.0,0.5769,276.0
1753617370508,11:56:10.508,okx,A/USDT:USDT,0.5767,115.0,0.5766,144.0,0.5768,470.0,0.5769,276.0
1753617371008,11:56:11.008,okx,A/USDT:USDT,0.5767,117.0,0.5766,144.0,0.5768,470.0,0.5769,276.0
1753617371208,11:56:11.208,okx,A/USDT:USDT,0.5767,117.0,0.5766,144.0,0.5768,470.0,0.5769,276.0
1753617371408,11:56:11.408,okx,A/USDT:USDT,0.5767,117.0,0.5766,144.0,0.5768,470.0,0.5769,276.0
1753617371908,11:56:11.908,okx,A/USDT:USDT,0.5767,143.0,0.5766,142.0,0.5768,470.0,0.5769,276.0
1753617372008,11:56:12.008,okx,A/USDT:USDT,0.5767,145.0,0.5766,142.0,0.5768,470.0,0.5769,276.0
1753617372108,11:56:12.108,okx,A/USDT:USDT,0.5767,145.0,0.5766,142.0,0.5768,470.0,0.5769,276.0
1753617372208,11:56:12.208,okx,A/USDT:USDT,0.5767,145.0,0.5766,142.0,0.5768,486.0,0.5769,276.0
1753617372308,11:56:12.308,okx,A/USDT:USDT,0.5767,145.0,0.5766,142.0,0.5768,486.0,0.5769,276.0
1753617373008,11:56:13.008,okx,A/USDT:USDT,0.5767,145.0,0.5766,131.0,0.5768,486.0,0.5769,276.0
1753617373108,11:56:13.108,okx,A/USDT:USDT,0.5767,145.0,0.5766,64.0,0.5768,486.0,0.5769,276.0
1753617373908,11:56:13.908,okx,A/USDT:USDT,0.5767,145.0,0.5766,64.0,0.5768,486.0,0.5769,276.0
1753617374508,11:56:14.508,okx,A/USDT:USDT,0.5767,143.0,0.5766,64.0,0.5768,486.0,0.5769,276.0
1753617374708,11:56:14.708,okx,A/USDT:USDT,0.5767,141.0,0.5766,64.0,0.5768,486.0,0.5769,276.0
1753617374808,11:56:14.808,okx,A/USDT:USDT,0.5767,141.0,0.5766,64.0,0.5768,486.0,0.5769,276.0
1753617374908,11:56:14.908,okx,A/USDT:USDT,0.5767,141.0,0.5766,64.0,0.5768,486.0,0.5769,276.0
1753617375108,11:56:15.108,okx,A/USDT:USDT,0.5767,141.0,0.5766,64.0,0.5768,486.0,0.5769,276.0
1753617377208,11:56:17.208,okx,A/USDT:USDT,0.5767,159.0,0.5766,131.0,0.5768,442.0,0.5769,243.0
1753617377408,11:56:17.408,okx,A/USDT:USDT,0.5767,130.0,0.5766,131.0,0.5768,442.0,0.5769,243.0
1753617378308,11:56:18.308,okx,A/USDT:USDT,0.5767,163.0,0.5766,131.0,0.5768,442.0,0.5769,243.0
1753617378608,11:56:18.608,okx,A/USDT:USDT,0.5767,152.0,0.5766,131.0,0.5768,442.0,0.5769,243.0
1753617378708,11:56:18.708,okx,A/USDT:USDT,0.5767,152.0,0.5766,131.0,0.5768,442.0,0.5769,243.0
1753617379208,11:56:19.208,okx,A/USDT:USDT,0.5767,163.0,0.5766,131.0,0.5768,442.0,0.5769,243.0
1753617379308,11:56:19.308,okx,A/USDT:USDT,0.5767,163.0,0.5766,131.0,0.5768,442.0,0.5769,243.0
1753617379908,11:56:19.908,okx,A/USDT:USDT,0.5767,163.0,0.5766,131.0,0.5768,442.0,0.5769,243.0
1753617380108,11:56:20.108,okx,A/USDT:USDT,0.5767,152.0,0.5766,131.0,0.5768,442.0,0.5769,243.0
1753617380308,11:56:20.308,okx,A/USDT:USDT,0.5767,163.0,0.5766,131.0,0.5768,442.0,0.5769,243.0
1753617380508,11:56:20.508,okx,A/USDT:USDT,0.5767,163.0,0.5766,131.0,0.5768,442.0,0.5769,243.0
1753617380908,11:56:20.908,okx,A/USDT:USDT,0.5767,57.0,0.5766,131.0,0.5768,442.0,0.5769,243.0
1753617381008,11:56:21.008,okx,A/USDT:USDT,0.5767,49.0,0.5766,131.0,0.5768,475.0,0.5769,243.0
1753617381108,11:56:21.108,okx,A/USDT:USDT,0.5767,51.0,0.5766,191.0,0.5768,442.0,0.5769,243.0
1753617381208,11:56:21.208,okx,A/USDT:USDT,0.5767,49.0,0.5766,191.0,0.5768,442.0,0.5769,243.0
1753617382808,11:56:22.808,okx,A/USDT:USDT,0.5766,111.0,0.5765,423.0,0.5767,70.0,0.5768,481.0
1753617383308,11:56:23.308,okx,A/USDT:USDT,0.5766,172.0,0.5765,523.0,0.5767,1.0,0.5768,469.0
1753617384408,11:56:24.408,okx,A/USDT:USDT,0.5766,276.0,0.5765,506.0,0.5767,58.0,0.5768,437.0
1753617384908,11:56:24.908,okx,A/USDT:USDT,0.5766,305.0,0.5765,506.0,0.5767,58.0,0.5768,437.0
1753617385008,11:56:25.008,okx,A/USDT:USDT,0.5766,276.0,0.5765,506.0,0.5767,58.0,0.5768,437.0
1753617385108,11:56:25.108,okx,A/USDT:USDT,0.5766,305.0,0.5765,506.0,0.5767,58.0,0.5768,351.0
1753617385608,11:56:25.608,okx,A/USDT:USDT,0.5766,276.0,0.5765,506.0,0.5767,58.0,0.5768,463.0
1753617386908,11:56:26.908,okx,A/USDT:USDT,0.5766,287.0,0.5765,506.0,0.5767,58.0,0.5768,463.0
1753617387208,11:56:27.208,okx,A/USDT:USDT,0.5766,287.0,0.5765,506.0,0.5767,58.0,0.5768,463.0
1753617387408,11:56:27.408,okx,A/USDT:USDT,0.5766,276.0,0.5765,506.0,0.5767,58.0,0.5768,463.0
1753617387508,11:56:27.508,okx,A/USDT:USDT,0.5766,276.0,0.5765,506.0,0.5767,58.0,0.5768,463.0
1753617387808,11:56:27.808,okx,A/USDT:USDT,0.5766,276.0,0.5765,506.0,0.5767,58.0,0.5768,463.0
1753617387908,11:56:27.908,okx,A/USDT:USDT,0.5766,276.0,0.5765,506.0,0.5767,58.0,0.5768,463.0
1753617388708,11:56:28.708,okx,A/USDT:USDT,0.5766,276.0,0.5765,506.0,0.5767,58.0,0.5768,463.0
1753617389708,11:56:29.708,okx,A/USDT:USDT,0.5766,276.0,0.5765,506.0,0.5767,91.0,0.5768,463.0
1753617390008,11:56:30.008,okx,A/USDT:USDT,0.5766,277.0,0.5765,506.0,0.5767,58.0,0.5768,463.0
1753617390508,11:56:30.508,okx,A/USDT:USDT,0.5766,257.0,0.5765,506.0,0.5767,91.0,0.5768,463.0
1753617391008,11:56:31.008,okx,A/USDT:USDT,0.5766,257.0,0.5765,506.0,0.5767,240.0,0.5768,315.0
1753617391108,11:56:31.108,okx,A/USDT:USDT,0.5766,258.0,0.5765,327.0,0.5767,240.0,0.5768,315.0
1753617391408,11:56:31.408,okx,A/USDT:USDT,0.5766,245.0,0.5765,311.0,0.5767,388.0,0.5768,167.0
1753617391908,11:56:31.908,okx,A/USDT:USDT,0.5766,185.0,0.5765,375.0,0.5767,355.0,0.5768,167.0
1753617392808,11:56:32.808,okx,A/USDT:USDT,0.5766,245.0,0.5765,311.0,0.5767,388.0,0.5768,167.0
1753617393208,11:56:33.208,okx,A/USDT:USDT,0.5766,185.0,0.5765,311.0,0.5767,388.0,0.5768,167.0
1753617393308,11:56:33.308,okx,A/USDT:USDT,0.5766,185.0,0.5765,375.0,0.5767,569.0,0.5768,115.0
1753617393408,11:56:33.408,okx,A/USDT:USDT,0.5766,185.0,0.5765,375.0,0.5767,569.0,0.5768,115.0
1753617393608,11:56:33.608,okx,A/USDT:USDT,0.5766,185.0,0.5765,375.0,0.5767,569.0,0.5768,115.0
1753617393708,11:56:33.708,okx,A/USDT:USDT,0.5766,185.0,0.5765,375.0,0.5767,569.0,0.5768,115.0
1753617393908,11:56:33.908,okx,A/USDT:USDT,0.5766,185.0,0.5765,375.0,0.5767,580.0,0.5768,115.0
1753617394308,11:56:34.308,okx,A/USDT:USDT,0.5765,4.0,0.5764,148.0,0.5766,253.0,0.5767,705.0
1753617394508,11:56:34.508,okx,A/USDT:USDT,0.5765,114.0,0.5764,80.0,0.5766,98.0,0.5767,659.0
1753617394808,11:56:34.808,okx,A/USDT:USDT,0.5765,118.0,0.5764,147.0,0.5766,100.0,0.5767,659.0
1753617395208,11:56:35.208,okx,A/USDT:USDT,0.5765,51.0,0.5764,143.0,0.5766,133.0,0.5767,659.0
1753617395508,11:56:35.508,okx,A/USDT:USDT,0.5765,111.0,0.5764,80.0,0.5766,100.0,0.5767,659.0
1753617395608,11:56:35.608,okx,A/USDT:USDT,0.5765,111.0,0.5764,80.0,0.5766,99.0,0.5767,659.0
1753617395708,11:56:35.708,okx,A/USDT:USDT,0.5765,111.0,0.5764,80.0,0.5766,99.0,0.5767,659.0
1753617395808,11:56:35.808,okx,A/USDT:USDT,0.5765,111.0,0.5764,80.0,0.5766,99.0,0.5767,659.0
1753617396308,11:56:36.308,okx,A/USDT:USDT,0.5765,126.0,0.5764,147.0,0.5766,88.0,0.5767,659.0
1753617396408,11:56:36.408,okx,A/USDT:USDT,0.5765,124.0,0.5764,180.0,0.5766,88.0,0.5767,659.0
1753617396508,11:56:36.508,okx,A/USDT:USDT,0.5765,126.0,0.5764,147.0,0.5766,89.0,0.5767,659.0
1753617396608,11:56:36.608,okx,A/USDT:USDT,0.5765,126.0,0.5764,147.0,0.5766,133.0,0.5767,659.0
1753617396708,11:56:36.708,okx,A/USDT:USDT,0.5765,66.0,0.5764,147.0,0.5766,133.0,0.5767,659.0
1753617396808,11:56:36.808,okx,A/USDT:USDT,0.5765,66.0,0.5764,203.0,0.5766,133.0,0.5767,659.0
1753617397208,11:56:37.208,okx,A/USDT:USDT,0.5765,20.0,0.5764,147.0,0.5766,133.0,0.5767,659.0
1753617397408,11:56:37.408,okx,A/USDT:USDT,0.5765,78.0,0.5764,273.0,0.5766,88.0,0.5767,546.0
1753617398008,11:56:38.008,okx,A/USDT:USDT,0.5765,106.0,0.5764,273.0,0.5766,133.0,0.5767,626.0
1753617398408,11:56:38.408,okx,A/USDT:USDT,0.5765,104.0,0.5764,306.0,0.5766,88.0,0.5767,626.0
1753617398508,11:56:38.508,okx,A/USDT:USDT,0.5765,113.0,0.5764,273.0,0.5766,88.0,0.5767,626.0
1753617398808,11:56:38.808,okx,A/USDT:USDT,0.5765,109.0,0.5764,273.0,0.5766,133.0,0.5767,626.0
1753617399708,11:56:39.708,okx,A/USDT:USDT,0.5765,95.0,0.5764,273.0,0.5766,429.0,0.5767,373.0
1753617400108,11:56:40.108,okx,A/USDT:USDT,0.5765,30.0,0.5764,147.0,0.5766,429.0,0.5767,373.0
1753617401508,11:56:41.508,okx,A/USDT:USDT,0.5765,88.0,0.5764,146.0,0.5766,429.0,0.5767,383.0
1753617403208,11:56:43.208,okx,A/USDT:USDT,0.5765,88.0,0.5764,146.0,0.5766,429.0,0.5767,383.0
1753617404808,11:56:44.808,okx,A/USDT:USDT,0.5765,32.0,0.5764,212.0,0.5766,432.0,0.5767,427.0
1753617405008,11:56:45.008,okx,A/USDT:USDT,0.5765,95.0,0.5764,146.0,0.5766,388.0,0.5767,427.0
1753617405808,11:56:45.808,okx,A/USDT:USDT,0.5765,95.0,0.5764,146.0,0.5766,432.0,0.5767,427.0
1753617406108,11:56:46.108,okx,A/USDT:USDT,0.5765,92.0,0.5764,146.0,0.5766,432.0,0.5767,427.0
1753617406508,11:56:46.508,okx,A/USDT:USDT,0.5765,95.0,0.5764,146.0,0.5766,632.0,0.5767,246.0
1753617407108,11:56:47.108,okx,A/USDT:USDT,0.5765,69.0,0.5764,146.0,0.5766,632.0,0.5767,246.0
1753617408508,11:56:48.508,okx,A/USDT:USDT,0.5765,4.0,0.5764,146.0,0.5766,657.0,0.5767,246.0
1753617408708,11:56:48.708,okx,A/USDT:USDT,0.5765,4.0,0.5764,202.0,0.5766,657.0,0.5767,246.0
1753617409108,11:56:49.108,okx,A/USDT:USDT,0.5765,72.0,0.5764,146.0,0.5766,657.0,0.5767,246.0
1753617409508,11:56:49.508,okx,A/USDT:USDT,0.5765,4.0,0.5764,146.0,0.5766,646.0,0.5767,246.0
1753617409608,11:56:49.608,okx,A/USDT:USDT,0.5765,4.0,0.5764,146.0,0.5766,657.0,0.5767,246.0
1753617409808,11:56:49.808,okx,A/USDT:USDT,0.5765,64.0,0.5764,79.0,0.5766,613.0,0.5767,213.0
1753617410108,11:56:50.108,okx,A/USDT:USDT,0.5765,64.0,0.5764,79.0,0.5766,646.0,0.5767,213.0
1753617410208,11:56:50.208,okx,A/USDT:USDT,0.5765,4.0,0.5764,79.0,0.5766,657.0,0.5767,213.0
1753617410808,11:56:50.808,okx,A/USDT:USDT,0.5765,1.0,0.5764,79.0,0.5766,657.0,0.5767,213.0
1753617410908,11:56:50.908,okx,A/USDT:USDT,0.5765,1.0,0.5764,142.0,0.5766,657.0,0.5767,213.0
1753617411208,11:56:51.208,okx,A/USDT:USDT,0.5765,1.0,0.5764,142.0,0.5766,657.0,0.5767,213.0
1753617411408,11:56:51.408,okx,A/USDT:USDT,0.5765,65.0,0.5764,79.0,0.5766,613.0,0.5767,213.0
1753617411808,11:56:51.808,okx,A/USDT:USDT,0.5765,64.0,0.5764,79.0,0.5766,613.0,0.5767,213.0
1753617411908,11:56:51.908,okx,A/USDT:USDT,0.5765,65.0,0.5764,79.0,0.5766,613.0,0.5767,213.0
1753617412408,11:56:52.408,okx,A/USDT:USDT,0.5765,65.0,0.5764,79.0,0.5766,613.0,0.5767,213.0
1753617412508,11:56:52.508,okx,A/USDT:USDT,0.5765,65.0,0.5764,79.0,0.5766,613.0,0.5767,213.0
1753617412608,11:56:52.608,okx,A/USDT:USDT,0.5765,65.0,0.5764,79.0,0.5766,613.0,0.5767,213.0
1753617413008,11:56:53.008,okx,A/USDT:USDT,0.5765,4.0,0.5764,79.0,0.5766,657.0,0.5767,213.0
1753617413408,11:56:53.408,okx,A/USDT:USDT,0.5765,1.0,0.5764,140.0,0.5766,657.0,0.5767,213.0
1753617414408,11:56:54.408,okx,A/USDT:USDT,0.5765,2.0,0.5764,140.0,0.5766,657.0,0.5767,275.0
1753617415208,11:56:55.208,okx,A/USDT:USDT,0.5765,30.0,0.5764,140.0,0.5766,657.0,0.5767,275.0
1753617415508,11:56:55.508,okx,A/USDT:USDT,0.5765,31.0,0.5764,140.0,0.5766,657.0,0.5767,275.0
1753617415608,11:56:55.608,okx,A/USDT:USDT,0.5765,31.0,0.5764,140.0,0.5766,657.0,0.5767,275.0
1753617415708,11:56:55.708,okx,A/USDT:USDT,0.5765,31.0,0.5764,93.0,0.5766,657.0,0.5767,275.0
1753617416208,11:56:56.208,okx,A/USDT:USDT,0.5765,30.0,0.5764,93.0,0.5766,657.0,0.5767,275.0
1753617416508,11:56:56.508,okx,A/USDT:USDT,0.5765,31.0,0.5764,93.0,0.5766,646.0,0.5767,275.0
1753617416608,11:56:56.608,okx,A/USDT:USDT,0.5765,30.0,0.5764,93.0,0.5766,657.0,0.5767,275.0
1753617417408,11:56:57.408,okx,A/USDT:USDT,0.5765,30.0,0.5764,93.0,0.5766,657.0,0.5767,275.0
1753617417508,11:56:57.508,okx,A/USDT:USDT,0.5765,30.0,0.5764,93.0,0.5766,657.0,0.5767,275.0
1753617418308,11:56:58.308,okx,A/USDT:USDT,0.5765,30.0,0.5764,93.0,0.5766,646.0,0.5767,275.0
1753617418908,11:56:58.908,okx,A/USDT:USDT,0.5765,85.0,0.5764,32.0,0.5766,614.0,0.5767,275.0
1753617419508,11:56:59.508,okx,A/USDT:USDT,0.5765,30.0,0.5764,32.0,0.5766,614.0,0.5767,275.0
1753617419608,11:56:59.608,okx,A/USDT:USDT,0.5765,30.0,0.5764,32.0,0.5766,658.0,0.5767,275.0
1753617419708,11:56:59.708,okx,A/USDT:USDT,0.5765,29.0,0.5764,89.0,0.5766,658.0,0.5767,275.0
1753617420808,11:57:00.808,okx,A/USDT:USDT,0.5765,94.0,0.5764,32.0,0.5766,647.0,0.5767,275.0
1753617421108,11:57:01.108,okx,A/USDT:USDT,0.5765,94.0,0.5764,32.0,0.5766,658.0,0.5767,275.0
1753617421608,11:57:01.608,okx,A/USDT:USDT,0.5765,94.0,0.5764,32.0,0.5766,614.0,0.5767,275.0
1753617423108,11:57:03.108,okx,A/USDT:USDT,0.5765,137.0,0.5764,32.0,0.5766,614.0,0.5767,275.0
1753617423408,11:57:03.408,okx,A/USDT:USDT,0.5765,137.0,0.5764,32.0,0.5766,614.0,0.5767,275.0
1753617423508,11:57:03.508,okx,A/USDT:USDT,0.5765,137.0,0.5764,32.0,0.5766,614.0,0.5767,275.0
1753617423808,11:57:03.808,okx,A/USDT:USDT,0.5765,137.0,0.5764,32.0,0.5766,614.0,0.5767,241.0
1753617425908,11:57:05.908,okx,A/USDT:USDT,0.5765,105.0,0.5764,32.0,0.5766,614.0,0.5767,241.0
1753617426308,11:57:06.308,okx,A/USDT:USDT,0.5765,94.0,0.5764,32.0,0.5766,614.0,0.5767,241.0
1753617427308,11:57:07.308,okx,A/USDT:USDT,0.5765,95.0,0.5764,32.0,0.5766,614.0,0.5767,258.0
1753617427508,11:57:07.508,okx,A/USDT:USDT,0.5765,95.0,0.5764,32.0,0.5766,614.0,0.5767,258.0
1753617428008,11:57:08.008,okx,A/USDT:USDT,0.5765,95.0,0.5764,32.0,0.5766,614.0,0.5767,258.0
1753617428308,11:57:08.308,okx,A/USDT:USDT,0.5765,95.0,0.5764,32.0,0.5766,613.0,0.5767,258.0
1753617428608,11:57:08.608,okx,A/USDT:USDT,0.5765,95.0,0.5764,32.0,0.5766,657.0,0.5767,258.0
1753617428808,11:57:08.808,okx,A/USDT:USDT,0.5765,95.0,0.5764,31.0,0.5766,657.0,0.5767,258.0
1753617429008,11:57:09.008,okx,A/USDT:USDT,0.5765,95.0,0.5764,31.0,0.5766,657.0,0.5767,258.0
1753617429108,11:57:09.108,okx,A/USDT:USDT,0.5765,95.0,0.5764,31.0,0.5766,657.0,0.5767,258.0
1753617429808,11:57:09.808,okx,A/USDT:USDT,0.5765,95.0,0.5764,31.0,0.5766,657.0,0.5767,258.0
1753617430008,11:57:10.008,okx,A/USDT:USDT,0.5765,95.0,0.5764,31.0,0.5766,657.0,0.5767,258.0
1753617430208,11:57:10.208,okx,A/USDT:USDT,0.5765,95.0,0.5764,31.0,0.5766,657.0,0.5767,258.0
1753617430308,11:57:10.308,okx,A/USDT:USDT,0.5765,95.0,0.5764,31.0,0.5766,657.0,0.5767,258.0
1753617430508,11:57:10.508,okx,A/USDT:USDT,0.5765,95.0,0.5764,31.0,0.5766,657.0,0.5767,258.0
1753617430708,11:57:10.708,okx,A/USDT:USDT,0.5765,30.0,0.5764,31.0,0.5766,657.0,0.5767,258.0
1753617430808,11:57:10.808,okx,A/USDT:USDT,0.5765,30.0,0.5764,94.0,0.5766,657.0,0.5767,258.0
1753617430908,11:57:10.908,okx,A/USDT:USDT,0.5765,30.0,0.5764,94.0,0.5766,657.0,0.5767,258.0
1753617431008,11:57:11.008,okx,A/USDT:USDT,0.5765,30.0,0.5764,94.0,0.5766,657.0,0.5767,258.0
1753617431908,11:57:11.908,okx,A/USDT:USDT,0.5765,30.0,0.5764,92.0,0.5766,657.0,0.5767,258.0
1753617432108,11:57:12.108,okx,A/USDT:USDT,0.5765,30.0,0.5764,92.0,0.5766,657.0,0.5767,258.0
1753617432608,11:57:12.608,okx,A/USDT:USDT,0.5765,30.0,0.5764,92.0,0.5766,657.0,0.5767,258.0
1753617432708,11:57:12.708,okx,A/USDT:USDT,0.5765,30.0,0.5764,92.0,0.5766,657.0,0.5767,258.0
1753617432808,11:57:12.808,okx,A/USDT:USDT,0.5765,30.0,0.5764,92.0,0.5766,657.0,0.5767,258.0
1753617434208,11:57:14.208,okx,A/USDT:USDT,0.5765,30.0,0.5764,92.0,0.5766,657.0,0.5767,258.0
1753617434308,11:57:14.308,okx,A/USDT:USDT,0.5765,30.0,0.5764,92.0,0.5766,657.0,0.5767,258.0
1753617435308,11:57:15.308,okx,A/USDT:USDT,0.5765,38.0,0.5764,92.0,0.5766,662.0,0.5767,258.0
1753617436408,11:57:16.408,okx,A/USDT:USDT,0.5764,96.0,0.5763,285.0,0.5765,387.0,0.5766,550.0
1753617437608,11:57:17.608,okx,A/USDT:USDT,0.5764,96.0,0.5763,285.0,0.5765,555.0,0.5766,402.0
1753617437708,11:57:17.708,okx,A/USDT:USDT,0.5764,96.0,0.5763,285.0,0.5765,555.0,0.5766,402.0
1753617437908,11:57:17.908,okx,A/USDT:USDT,0.5764,96.0,0.5763,285.0,0.5765,511.0,0.5766,402.0
1753617438608,11:57:18.608,okx,A/USDT:USDT,0.5764,96.0,0.5763,285.0,0.5765,555.0,0.5766,435.0
1753617439208,11:57:19.208,okx,A/USDT:USDT,0.5764,94.0,0.5763,285.0,0.5765,544.0,0.5766,364.0
1753617439508,11:57:19.508,okx,A/USDT:USDT,0.5764,96.0,0.5763,285.0,0.5765,544.0,0.5766,437.0
1753617439708,11:57:19.708,okx,A/USDT:USDT,0.5764,98.0,0.5763,285.0,0.5765,544.0,0.5766,437.0
1753617439808,11:57:19.808,okx,A/USDT:USDT,0.5764,94.0,0.5763,285.0,0.5765,544.0,0.5766,404.0
1753617439908,11:57:19.908,okx,A/USDT:USDT,0.5764,97.0,0.5763,285.0,0.5765,544.0,0.5766,404.0
1753617440108,11:57:20.108,okx,A/USDT:USDT,0.5764,101.0,0.5763,285.0,0.5765,711.0,0.5766,238.0
1753617440208,11:57:20.208,okx,A/USDT:USDT,0.5764,101.0,0.5763,285.0,0.5765,711.0,0.5766,238.0
1753617440408,11:57:20.408,okx,A/USDT:USDT,0.5764,101.0,0.5763,285.0,0.5765,776.0,0.5766,174.0
1753617441108,11:57:21.108,okx,A/USDT:USDT,0.5764,102.0,0.5763,285.0,0.5765,743.0,0.5766,174.0
1753617441208,11:57:21.208,okx,A/USDT:USDT,0.5764,102.0,0.5763,285.0,0.5765,743.0,0.5766,174.0
1753617441708,11:57:21.708,okx,A/USDT:USDT,0.5764,103.0,0.5763,285.0,0.5765,607.0,0.5766,236.0
1753617441808,11:57:21.808,okx,A/USDT:USDT,0.5764,114.0,0.5763,285.0,0.5765,668.0,0.5766,174.0
1753617441908,11:57:21.908,okx,A/USDT:USDT,0.5764,100.0,0.5763,285.0,0.5765,668.0,0.5766,174.0
1753617442008,11:57:22.008,okx,A/USDT:USDT,0.5764,143.0,0.5763,285.0,0.5765,605.0,0.5766,48.0
1753617442308,11:57:22.308,okx,A/USDT:USDT,0.5765,55.0,0.5764,211.0,0.5766,119.0,0.5767,308.0
1753617442508,11:57:22.508,okx,A/USDT:USDT,0.5765,55.0,0.5764,211.0,0.5766,152.0,0.5767,308.0
1753617443008,11:57:23.008,okx,A/USDT:USDT,0.5765,55.0,0.5764,211.0,0.5766,152.0,0.5767,308.0
1753617443308,11:57:23.308,okx,A/USDT:USDT,0.5765,55.0,0.5764,211.0,0.5766,163.0,0.5767,308.0
1753617443508,11:57:23.508,okx,A/USDT:USDT,0.5765,55.0,0.5764,211.0,0.5766,163.0,0.5767,308.0
1753617443608,11:57:23.608,okx,A/USDT:USDT,0.5765,55.0,0.5764,211.0,0.5766,163.0,0.5767,308.0
1753617443808,11:57:23.808,okx,A/USDT:USDT,0.5765,55.0,0.5764,211.0,0.5766,163.0,0.5767,308.0
1753617443908,11:57:23.908,okx,A/USDT:USDT,0.5765,55.0,0.5764,211.0,0.5766,152.0,0.5767,308.0
1753617444108,11:57:24.108,okx,A/USDT:USDT,0.5765,55.0,0.5764,211.0,0.5766,163.0,0.5767,308.0
1753617444408,11:57:24.408,okx,A/USDT:USDT,0.5765,55.0,0.5764,211.0,0.5766,165.0,0.5767,308.0
1753617444708,11:57:24.708,okx,A/USDT:USDT,0.5765,1.0,0.5764,215.0,0.5766,178.0,0.5767,308.0
1753617444808,11:57:24.808,okx,A/USDT:USDT,0.5765,70.0,0.5764,211.0,0.5766,165.0,0.5767,308.0
1753617445108,11:57:25.108,okx,A/USDT:USDT,0.5765,70.0,0.5764,211.0,0.5766,165.0,0.5767,308.0
1753617445208,11:57:25.208,okx,A/USDT:USDT,0.5765,70.0,0.5764,211.0,0.5766,165.0,0.5767,308.0
1753617445608,11:57:25.608,okx,A/USDT:USDT,0.5765,29.0,0.5764,211.0,0.5766,178.0,0.5767,308.0
1753617446308,11:57:26.308,okx,A/USDT:USDT,0.5765,29.0,0.5764,256.0,0.5766,178.0,0.5767,308.0
1753617446408,11:57:26.408,okx,A/USDT:USDT,0.5765,29.0,0.5764,256.0,0.5766,178.0,0.5767,308.0
1753617446808,11:57:26.808,okx,A/USDT:USDT,0.5765,29.0,0.5764,256.0,0.5766,178.0,0.5767,308.0
1753617448108,11:57:28.108,okx,A/USDT:USDT,0.5765,91.0,0.5764,211.0,0.5766,163.0,0.5767,279.0
1753617448508,11:57:28.508,okx,A/USDT:USDT,0.5765,91.0,0.5764,211.0,0.5766,163.0,0.5767,279.0
1753617449208,11:57:29.208,okx,A/USDT:USDT,0.5765,65.0,0.5764,211.0,0.5766,163.0,0.5767,279.0
1753617449808,11:57:29.808,okx,A/USDT:USDT,0.5765,65.0,0.5764,211.0,0.5766,163.0,0.5767,279.0
1753617450108,11:57:30.108,okx,A/USDT:USDT,0.5765,65.0,0.5764,211.0,0.5766,163.0,0.5767,279.0
1753617450408,11:57:30.408,okx,A/USDT:USDT,0.5765,65.0,0.5764,211.0,0.5766,163.0,0.5767,279.0
1753617451008,11:57:31.008,okx,A/USDT:USDT,0.5765,65.0,0.5764,211.0,0.5766,163.0,0.5767,279.0
1753617451508,11:57:31.508,okx,A/USDT:USDT,0.5765,25.0,0.5764,258.0,0.5766,176.0,0.5767,281.0
1753617451608,11:57:31.608,okx,A/USDT:USDT,0.5765,71.0,0.5764,258.0,0.5766,176.0,0.5767,281.0
1753617451708,11:57:31.708,okx,A/USDT:USDT,0.5765,71.0,0.5764,211.0,0.5766,176.0,0.5767,281.0
1753617452408,11:57:32.408,okx,A/USDT:USDT,0.5765,72.0,0.5764,211.0,0.5766,143.0,0.5767,281.0
1753617452708,11:57:32.708,okx,A/USDT:USDT,0.5765,72.0,0.5764,211.0,0.5766,176.0,0.5767,281.0
1753617453008,11:57:33.008,okx,A/USDT:USDT,0.5765,72.0,0.5764,211.0,0.5766,176.0,0.5767,281.0
1753617453108,11:57:33.108,okx,A/USDT:USDT,0.5765,72.0,0.5764,211.0,0.5766,176.0,0.5767,281.0
1753617454308,11:57:34.308,okx,A/USDT:USDT,0.5765,71.0,0.5764,211.0,0.5766,180.0,0.5767,281.0
1753617454408,11:57:34.408,okx,A/USDT:USDT,0.5765,71.0,0.5764,244.0,0.5766,147.0,0.5767,281.0
1753617454508,11:57:34.508,okx,A/USDT:USDT,0.5765,71.0,0.5764,244.0,0.5766,147.0,0.5767,281.0
1753617454808,11:57:34.808,okx,A/USDT:USDT,0.5765,71.0,0.5764,211.0,0.5766,147.0,0.5767,281.0
1753617455008,11:57:35.008,okx,A/USDT:USDT,0.5765,71.0,0.5764,211.0,0.5766,147.0,0.5767,281.0
1753617455208,11:57:35.208,okx,A/USDT:USDT,0.5765,71.0,0.5764,244.0,0.5766,147.0,0.5767,281.0
1753617455308,11:57:35.308,okx,A/USDT:USDT,0.5765,71.0,0.5764,244.0,0.5766,147.0,0.5767,281.0
1753617455508,11:57:35.508,okx,A/USDT:USDT,0.5765,71.0,0.5764,211.0,0.5766,147.0,0.5767,281.0
1753617456308,11:57:36.308,okx,A/USDT:USDT,0.5765,71.0,0.5764,211.0,0.5766,180.0,0.5767,281.0
1753617456508,11:57:36.508,okx,A/USDT:USDT,0.5765,71.0,0.5764,211.0,0.5766,180.0,0.5767,281.0
1753617456908,11:57:36.908,okx,A/USDT:USDT,0.5765,25.0,0.5764,114.0,0.5766,215.0,0.5767,281.0
1753617457208,11:57:37.208,okx,A/USDT:USDT,0.5765,25.0,0.5764,114.0,0.5766,215.0,0.5767,281.0
1753617457308,11:57:37.308,okx,A/USDT:USDT,0.5765,25.0,0.5764,114.0,0.5766,215.0,0.5767,281.0
1753617457508,11:57:37.508,okx,A/USDT:USDT,0.5765,25.0,0.5764,114.0,0.5766,215.0,0.5767,281.0
1753617457608,11:57:37.608,okx,A/USDT:USDT,0.5765,25.0,0.5764,114.0,0.5766,215.0,0.5767,281.0
1753617457808,11:57:37.808,okx,A/USDT:USDT,0.5765,25.0,0.5764,114.0,0.5766,215.0,0.5767,281.0
1753617458308,11:57:38.308,okx,A/USDT:USDT,0.5765,25.0,0.5764,114.0,0.5766,215.0,0.5767,281.0
1753617458808,11:57:38.808,okx,A/USDT:USDT,0.5765,25.0,0.5764,79.0,0.5766,215.0,0.5767,281.0
1753617459308,11:57:39.308,okx,A/USDT:USDT,0.5765,25.0,0.5764,79.0,0.5766,215.0,0.5767,281.0
1753617460708,11:57:40.708,okx,A/USDT:USDT,0.5765,25.0,0.5764,79.0,0.5766,215.0,0.5767,281.0
1753617461508,11:57:41.508,okx,A/USDT:USDT,0.5765,71.0,0.5764,31.0,0.5766,182.0,0.5767,281.0
1753617461708,11:57:41.708,okx,A/USDT:USDT,0.5765,71.0,0.5764,31.0,0.5766,215.0,0.5767,281.0
1753617462308,11:57:42.308,okx,A/USDT:USDT,0.5765,71.0,0.5764,64.0,0.5766,136.0,0.5767,281.0
1753617462608,11:57:42.608,okx,A/USDT:USDT,0.5765,71.0,0.5764,31.0,0.5766,167.0,0.5767,281.0
1753617464408,11:57:44.408,okx,A/USDT:USDT,0.5765,71.0,0.5764,31.0,0.5766,178.0,0.5767,281.0
1753617465608,11:57:45.608,okx,A/USDT:USDT,0.5765,71.0,0.5764,64.0,0.5766,134.0,0.5767,281.0
1753617465708,11:57:45.708,okx,A/USDT:USDT,0.5765,125.0,0.5764,64.0,0.5766,21.0,0.5767,172.0
1753617466108,11:57:46.108,okx,A/USDT:USDT,0.5765,71.0,0.5764,31.0,0.5766,139.0,0.5767,248.0
1753617467208,11:57:47.208,okx,A/USDT:USDT,0.5765,71.0,0.5764,31.0,0.5766,139.0,0.5767,248.0
1753617467308,11:57:47.308,okx,A/USDT:USDT,0.5765,71.0,0.5764,31.0,0.5766,139.0,0.5767,248.0
1753617467408,11:57:47.408,okx,A/USDT:USDT,0.5765,25.0,0.5764,31.0,0.5766,139.0,0.5767,248.0
1753617467508,11:57:47.508,okx,A/USDT:USDT,0.5765,25.0,0.5764,74.0,0.5766,139.0,0.5767,248.0
1753617468208,11:57:48.208,okx,A/USDT:USDT,0.5765,70.0,0.5764,31.0,0.5766,139.0,0.5767,248.0
1753617468308,11:57:48.308,okx,A/USDT:USDT,0.5765,70.0,0.5764,31.0,0.5766,139.0,0.5767,248.0
1753617468408,11:57:48.408,okx,A/USDT:USDT,0.5765,70.0,0.5764,31.0,0.5766,139.0,0.5767,248.0
1753617469508,11:57:49.508,okx,A/USDT:USDT,0.576,64.0,0.5759,106.0,0.5761,31.0,0.5762,61.0
1753617469808,11:57:49.808,okx,A/USDT:USDT,0.576,64.0,0.5759,173.0,0.5761,31.0,0.5762,116.0
1753617469908,11:57:49.908,okx,A/USDT:USDT,0.576,64.0,0.5759,173.0,0.5761,31.0,0.5762,116.0
1753617470308,11:57:50.308,okx,A/USDT:USDT,0.576,64.0,0.5759,189.0,0.5761,31.0,0.5762,116.0
1753617470408,11:57:50.408,okx,A/USDT:USDT,0.576,64.0,0.5759,189.0,0.5761,31.0,0.5762,116.0
1753617470608,11:57:50.608,okx,A/USDT:USDT,0.576,64.0,0.5759,189.0,0.5761,33.0,0.5762,116.0
1753617470908,11:57:50.908,okx,A/USDT:USDT,0.576,64.0,0.5759,189.0,0.5761,33.0,0.5762,116.0
1753617471008,11:57:51.008,okx,A/USDT:USDT,0.576,64.0,0.5759,189.0,0.5761,33.0,0.5762,116.0
1753617471308,11:57:51.308,okx,A/USDT:USDT,0.576,64.0,0.5759,156.0,0.5761,33.0,0.5762,116.0
1753617471408,11:57:51.408,okx,A/USDT:USDT,0.576,64.0,0.5759,156.0,0.5761,33.0,0.5762,116.0
1753617471608,11:57:51.608,okx,A/USDT:USDT,0.576,64.0,0.5759,189.0,0.5761,33.0,0.5762,116.0
1753617472108,11:57:52.108,okx,A/USDT:USDT,0.576,96.0,0.5759,232.0,0.5761,32.0,0.5762,116.0
1753617472208,11:57:52.208,okx,A/USDT:USDT,0.576,96.0,0.5759,232.0,0.5761,32.0,0.5762,116.0
1753617472608,11:57:52.608,okx,A/USDT:USDT,0.576,53.0,0.5759,199.0,0.5761,120.0,0.5762,170.0
1753617472708,11:57:52.708,okx,A/USDT:USDT,0.5761,1.0,0.576,105.0,0.5762,36.0,0.5763,249.0
1753617472808,11:57:52.808,okx,A/USDT:USDT,0.576,172.0,0.5759,154.0,0.5762,149.0,0.5763,196.0
1753617473008,11:57:53.008,okx,A/USDT:USDT,0.576,73.0,0.5759,221.0,0.5762,97.0,0.5763,196.0
1753617473608,11:57:53.608,okx,A/USDT:USDT,0.576,170.0,0.5759,154.0,0.5762,95.0,0.5763,196.0
1753617473708,11:57:53.708,okx,A/USDT:USDT,0.576,170.0,0.5759,154.0,0.5762,95.0,0.5763,196.0
1753617473808,11:57:53.808,okx,A/USDT:USDT,0.5761,30.0,0.576,170.0,0.5762,107.0,0.5763,196.0
1753617474208,11:57:54.208,okx,A/USDT:USDT,0.5761,33.0,0.576,170.0,0.5762,107.0,0.5763,196.0
1753617474408,11:57:54.408,okx,A/USDT:USDT,0.576,79.0,0.5759,132.0,0.5761,116.0,0.5762,46.0
1753617474608,11:57:54.608,okx,A/USDT:USDT,0.576,118.0,0.5759,165.0,0.5761,118.0,0.5762,46.0
1753617475508,11:57:55.508,okx,A/USDT:USDT,0.576,118.0,0.5759,165.0,0.5761,118.0,0.5762,46.0
1753617475708,11:57:55.708,okx,A/USDT:USDT,0.576,118.0,0.5759,165.0,0.5761,64.0,0.5762,46.0
1753617475908,11:57:55.908,okx,A/USDT:USDT,0.576,118.0,0.5759,165.0,0.5761,64.0,0.5762,46.0
1753617476108,11:57:56.108,okx,A/USDT:USDT,0.576,120.0,0.5759,165.0,0.5761,64.0,0.5762,46.0
1753617476208,11:57:56.208,okx,A/USDT:USDT,0.576,162.0,0.5759,121.0,0.5762,46.0,0.5763,196.0
1753617476308,11:57:56.308,okx,A/USDT:USDT,0.576,129.0,0.5759,154.0,0.5762,117.0,0.5763,229.0
1753617476408,11:57:56.408,okx,A/USDT:USDT,0.576,129.0,0.5759,154.0,0.5762,117.0,0.5763,229.0
1753617476808,11:57:56.808,okx,A/USDT:USDT,0.576,129.0,0.5759,154.0,0.5762,117.0,0.5763,229.0
1753617476908,11:57:56.908,okx,A/USDT:USDT,0.576,129.0,0.5759,154.0,0.5762,117.0,0.5763,229.0
1753617477208,11:57:57.208,okx,A/USDT:USDT,0.576,129.0,0.5759,154.0,0.5762,117.0,0.5763,229.0
1753617477308,11:57:57.308,okx,A/USDT:USDT,0.5761,5.0,0.576,129.0,0.5762,119.0,0.5763,229.0
1753617477508,11:57:57.508,okx,A/USDT:USDT,0.576,80.0,0.5759,132.0,0.5761,150.0,0.5762,202.0
1753617477808,11:57:57.808,okx,A/USDT:USDT,0.5761,50.0,0.576,126.0,0.5762,57.0,0.5763,301.0
1753617478508,11:57:58.508,okx,A/USDT:USDT,0.5761,50.0,0.576,127.0,0.5762,117.0,0.5763,224.0
1753617478708,11:57:58.708,okx,A/USDT:USDT,0.5761,50.0,0.576,127.0,0.5762,117.0,0.5763,257.0
1753617479108,11:57:59.108,okx,A/USDT:USDT,0.5761,50.0,0.576,127.0,0.5762,117.0,0.5763,257.0
1753617479208,11:57:59.208,okx,A/USDT:USDT,0.5761,50.0,0.576,127.0,0.5762,117.0,0.5763,257.0
1753617479708,11:57:59.708,okx,A/USDT:USDT,0.5761,50.0,0.576,94.0,0.5762,117.0,0.5763,257.0
1753617480008,11:58:00.008,okx,A/USDT:USDT,0.5761,50.0,0.576,94.0,0.5762,117.0,0.5763,257.0
1753617480108,11:58:00.108,okx,A/USDT:USDT,0.5761,50.0,0.576,127.0,0.5762,117.0,0.5763,257.0
1753617480208,11:58:00.208,okx,A/USDT:USDT,0.5761,50.0,0.576,94.0,0.5762,117.0,0.5763,257.0
1753617480408,11:58:00.408,okx,A/USDT:USDT,0.5761,50.0,0.576,127.0,0.5762,117.0,0.5763,257.0
1753617480508,11:58:00.508,okx,A/USDT:USDT,0.5761,50.0,0.576,127.0,0.5762,117.0,0.5763,257.0
1753617481008,11:58:01.008,okx,A/USDT:USDT,0.5761,50.0,0.576,94.0,0.5762,117.0,0.5763,257.0
1753617481208,11:58:01.208,okx,A/USDT:USDT,0.5761,50.0,0.576,94.0,0.5762,117.0,0.5763,257.0
1753617481408,11:58:01.408,okx,A/USDT:USDT,0.5761,50.0,0.576,127.0,0.5762,117.0,0.5763,257.0
1753617481508,11:58:01.508,okx,A/USDT:USDT,0.5761,50.0,0.576,127.0,0.5762,117.0,0.5763,257.0
1753617481608,11:58:01.608,okx,A/USDT:USDT,0.5761,50.0,0.576,127.0,0.5762,117.0,0.5763,257.0
1753617481808,11:58:01.808,okx,A/USDT:USDT,0.5761,50.0,0.576,127.0,0.5762,117.0,0.5763,257.0
1753617481908,11:58:01.908,okx,A/USDT:USDT,0.5761,50.0,0.576,127.0,0.5762,117.0,0.5763,257.0
1753617482508,11:58:02.508,okx,A/USDT:USDT,0.5761,50.0,0.576,127.0,0.5762,117.0,0.5763,257.0
1753617482908,11:58:02.908,okx,A/USDT:USDT,0.5761,50.0,0.576,127.0,0.5762,117.0,0.5763,257.0
1753617483408,11:58:03.408,okx,A/USDT:USDT,0.5761,3.0,0.576,91.0,0.5762,163.0,0.5763,274.0
1753617483608,11:58:03.608,okx,A/USDT:USDT,0.5761,3.0,0.576,91.0,0.5762,130.0,0.5763,274.0
1753617484608,11:58:04.608,okx,A/USDT:USDT,0.5758,160.0,0.5757,427.0,0.5759,72.0,0.576,3650.0
1753617484708,11:58:04.708,okx,A/USDT:USDT,0.5758,202.0,0.5757,427.0,0.576,3587.0,0.5761,117.0
1753617484808,11:58:04.808,okx,A/USDT:USDT,0.5759,64.0,0.5758,170.0,0.576,3654.0,0.5761,89.0
1753617484908,11:58:04.908,okx,A/USDT:USDT,0.5759,64.0,0.5758,213.0,0.576,3654.0,0.5761,139.0
1753617485508,11:58:05.508,okx,A/USDT:USDT,0.5759,92.0,0.5758,204.0,0.576,3654.0,0.5761,154.0
1753617486508,11:58:06.508,okx,A/USDT:USDT,0.5759,121.0,0.5758,204.0,0.576,3654.0,0.5761,154.0
1753617486608,11:58:06.608,okx,A/USDT:USDT,0.5759,121.0,0.5758,204.0,0.576,3654.0,0.5761,154.0
1753617486708,11:58:06.708,okx,A/USDT:USDT,0.5759,121.0,0.5758,204.0,0.576,3654.0,0.5761,154.0
1753617486808,11:58:06.808,okx,A/USDT:USDT,0.5759,121.0,0.5758,204.0,0.576,3654.0,0.5761,154.0
1753617487008,11:58:07.008,okx,A/USDT:USDT,0.5759,122.0,0.5758,204.0,0.576,3654.0,0.5761,154.0
1753617487308,11:58:07.308,okx,A/USDT:USDT,0.5759,121.0,0.5758,204.0,0.576,3654.0,0.5761,154.0
1753617487408,11:58:07.408,okx,A/USDT:USDT,0.5759,121.0,0.5758,204.0,0.576,3654.0,0.5761,154.0
1753617487708,11:58:07.708,okx,A/USDT:USDT,0.5759,121.0,0.5758,204.0,0.576,3654.0,0.5761,154.0
1753617487808,11:58:07.808,okx,A/USDT:USDT,0.5759,124.0,0.5758,204.0,0.576,3654.0,0.5761,154.0
1753617487908,11:58:07.908,okx,A/USDT:USDT,0.5759,125.0,0.5758,204.0,0.576,3654.0,0.5761,154.0
1753617488108,11:58:08.108,okx,A/USDT:USDT,0.5759,125.0,0.5758,204.0,0.576,3654.0,0.5761,154.0
1753617488408,11:58:08.408,okx,A/USDT:USDT,0.5759,97.0,0.5758,171.0,0.576,3826.0,0.5761,154.0
1753617488908,11:58:08.908,okx,A/USDT:USDT,0.5759,96.0,0.5758,171.0,0.576,3826.0,0.5761,154.0
1753617489208,11:58:09.208,okx,A/USDT:USDT,0.5759,96.0,0.5758,171.0,0.576,3826.0,0.5761,154.0
1753617489308,11:58:09.308,okx,A/USDT:USDT,0.5759,96.0,0.5758,171.0,0.576,3826.0,0.5761,154.0
1753617489408,11:58:09.408,okx,A/USDT:USDT,0.5759,96.0,0.5758,171.0,0.576,3826.0,0.5761,154.0
1753617489908,11:58:09.908,okx,A/USDT:USDT,0.5759,96.0,0.5758,171.0,0.576,3826.0,0.5761,196.0
1753617490308,11:58:10.308,okx,A/USDT:USDT,0.5759,96.0,0.5758,171.0,0.576,3826.0,0.5761,196.0
1753617490508,11:58:10.508,okx,A/USDT:USDT,0.5759,96.0,0.5758,171.0,0.576,3826.0,0.5761,196.0
1753617490608,11:58:10.608,okx,A/USDT:USDT,0.5759,96.0,0.5758,171.0,0.576,3826.0,0.5761,196.0
1753617490808,11:58:10.808,okx,A/USDT:USDT,0.5759,96.0,0.5758,171.0,0.576,3826.0,0.5761,196.0
1753617490908,11:58:10.908,okx,A/USDT:USDT,0.5759,85.0,0.5758,171.0,0.576,3826.0,0.5761,196.0
1753617491008,11:58:11.008,okx,A/USDT:USDT,0.5759,96.0,0.5758,171.0,0.576,3826.0,0.5761,196.0
1753617491208,11:58:11.208,okx,A/USDT:USDT,0.5759,96.0,0.5758,171.0,0.576,3826.0,0.5761,196.0
1753617491308,11:58:11.308,okx,A/USDT:USDT,0.5759,96.0,0.5758,171.0,0.576,3826.0,0.5761,196.0
1753617491408,11:58:11.408,okx,A/USDT:USDT,0.5759,96.0,0.5758,171.0,0.576,3826.0,0.5761,196.0
1753617491508,11:58:11.508,okx,A/USDT:USDT,0.5759,96.0,0.5758,171.0,0.576,3826.0,0.5761,196.0
1753617491708,11:58:11.708,okx,A/USDT:USDT,0.5759,96.0,0.5758,171.0,0.576,3826.0,0.5761,196.0
1753617491808,11:58:11.808,okx,A/USDT:USDT,0.5759,96.0,0.5758,171.0,0.576,3826.0,0.5761,196.0
1753617491908,11:58:11.908,okx,A/USDT:USDT,0.5759,85.0,0.5758,171.0,0.576,3826.0,0.5761,196.0
1753617492108,11:58:12.108,okx,A/USDT:USDT,0.5759,85.0,0.5758,171.0,0.576,3826.0,0.5761,196.0
1753617492508,11:58:12.508,okx,A/USDT:USDT,0.5759,85.0,0.5758,171.0,0.576,3826.0,0.5761,196.0
1753617492808,11:58:12.808,okx,A/USDT:USDT,0.5759,85.0,0.5758,171.0,0.576,3826.0,0.5761,196.0
1753617493208,11:58:13.208,okx,A/USDT:USDT,0.5759,85.0,0.5758,171.0,0.576,3826.0,0.5761,196.0
1753617493308,11:58:13.308,okx,A/USDT:USDT,0.5759,85.0,0.5758,171.0,0.576,3826.0,0.5761,196.0
1753617493508,11:58:13.508,okx,A/USDT:USDT,0.5759,85.0,0.5758,171.0,0.576,3826.0,0.5761,196.0
1753617493608,11:58:13.608,okx,A/USDT:USDT,0.5759,85.0,0.5758,171.0,0.576,3826.0,0.5761,196.0
1753617493708,11:58:13.708,okx,A/USDT:USDT,0.5759,85.0,0.5758,171.0,0.576,3826.0,0.5761,196.0
1753617493908,11:58:13.908,okx,A/USDT:USDT,0.5759,85.0,0.5758,171.0,0.576,3826.0,0.5761,196.0
1753617494108,11:58:14.108,okx,A/USDT:USDT,0.5759,60.0,0.5758,171.0,0.576,3826.0,0.5761,196.0
1753617494308,11:58:14.308,okx,A/USDT:USDT,0.5759,60.0,0.5758,171.0,0.576,3826.0,0.5761,196.0
1753617494608,11:58:14.608,okx,A/USDT:USDT,0.5759,60.0,0.5758,171.0,0.576,3826.0,0.5761,196.0
1753617495008,11:58:15.008,okx,A/USDT:USDT,0.5759,23.0,0.5758,195.0,0.576,3914.0,0.5761,196.0
1753617495208,11:58:15.208,okx,A/USDT:USDT,0.5759,23.0,0.5758,186.0,0.576,3903.0,0.5761,196.0
1753617495408,11:58:15.408,okx,A/USDT:USDT,0.5759,23.0,0.5758,186.0,0.576,3903.0,0.5761,196.0
1753617495608,11:58:15.608,okx,A/USDT:USDT,0.5759,23.0,0.5758,186.0,0.576,3903.0,0.5761,196.0
1753617496508,11:58:16.508,okx,A/USDT:USDT,0.5759,49.0,0.5758,158.0,0.576,3903.0,0.5761,229.0
1753617496608,11:58:16.608,okx,A/USDT:USDT,0.5759,49.0,0.5758,158.0,0.576,3870.0,0.5761,229.0
1753617496708,11:58:16.708,okx,A/USDT:USDT,0.5759,49.0,0.5758,158.0,0.576,3903.0,0.5761,229.0
1753617497108,11:58:17.108,okx,A/USDT:USDT,0.5759,49.0,0.5758,158.0,0.576,3903.0,0.5761,229.0
1753617497508,11:58:17.508,okx,A/USDT:USDT,0.5759,49.0,0.5758,158.0,0.576,3903.0,0.5761,196.0
1753617498008,11:58:18.008,okx,A/USDT:USDT,0.5759,23.0,0.5758,185.0,0.576,3914.0,0.5761,384.0
1753617498208,11:58:18.208,okx,A/USDT:USDT,0.5759,23.0,0.5758,185.0,0.576,3914.0,0.5761,384.0
1753617498808,11:58:18.808,okx,A/USDT:USDT,0.5759,23.0,0.5758,185.0,0.576,3903.0,0.5761,384.0
1753617499408,11:58:19.408,okx,A/USDT:USDT,0.5759,30.0,0.5758,183.0,0.576,3870.0,0.5761,417.0
1753617499508,11:58:19.508,okx,A/USDT:USDT,0.5759,60.0,0.5758,156.0,0.576,3870.0,0.5761,417.0
1753617499808,11:58:19.808,okx,A/USDT:USDT,0.5759,32.0,0.5758,156.0,0.576,3903.0,0.5761,417.0
1753617500108,11:58:20.108,okx,A/USDT:USDT,0.5759,7.0,0.5758,188.0,0.576,3903.0,0.5761,417.0
1753617500208,11:58:20.208,okx,A/USDT:USDT,0.5759,34.0,0.5758,188.0,0.576,3907.0,0.5761,417.0
1753617500608,11:58:20.608,okx,A/USDT:USDT,0.5759,34.0,0.5758,145.0,0.576,3874.0,0.5761,384.0
1753617500808,11:58:20.808,okx,A/USDT:USDT,0.5759,34.0,0.5758,145.0,0.576,3874.0,0.5761,384.0
1753617500908,11:58:20.908,okx,A/USDT:USDT,0.5759,34.0,0.5758,145.0,0.576,3907.0,0.5761,384.0
1753617501508,11:58:21.508,okx,A/USDT:USDT,0.5759,34.0,0.5758,145.0,0.576,3918.0,0.5761,384.0
1753617501608,11:58:21.608,okx,A/USDT:USDT,0.5759,34.0,0.5758,145.0,0.576,3918.0,0.5761,384.0
1753617501708,11:58:21.708,okx,A/USDT:USDT,0.5759,34.0,0.5758,145.0,0.576,3918.0,0.5761,384.0
1753617502708,11:58:22.708,okx,A/USDT:USDT,0.5759,29.0,0.5758,99.0,0.576,3932.0,0.5761,384.0
1753617502808,11:58:22.808,okx,A/USDT:USDT,0.5759,29.0,0.5758,99.0,0.576,3932.0,0.5761,384.0
1753617503608,11:58:23.608,okx,A/USDT:USDT,0.5759,31.0,0.5758,97.0,0.576,4051.0,0.5761,254.0
1753617503708,11:58:23.708,okx,A/USDT:USDT,0.5759,48.0,0.5758,97.0,0.576,4051.0,0.5761,254.0
1753617503908,11:58:23.908,okx,A/USDT:USDT,0.5759,48.0,0.5758,97.0,0.576,4051.0,0.5761,254.0
1753617504008,11:58:24.008,okx,A/USDT:USDT,0.5759,49.0,0.5758,97.0,0.576,4007.0,0.5761,254.0
1753617505208,11:58:25.208,okx,A/USDT:USDT,0.5759,49.0,0.5758,130.0,0.576,4051.0,0.5761,254.0
1753617505308,11:58:25.308,okx,A/USDT:USDT,0.5759,49.0,0.5758,130.0,0.576,4018.0,0.5761,254.0
1753617505508,11:58:25.508,okx,A/USDT:USDT,0.5759,49.0,0.5758,97.0,0.576,4051.0,0.5761,254.0
1753617505608,11:58:25.608,okx,A/USDT:USDT,0.5759,49.0,0.5758,130.0,0.576,4018.0,0.5761,254.0
1753617505708,11:58:25.708,okx,A/USDT:USDT,0.5759,78.0,0.5758,100.0,0.576,4007.0,0.5761,254.0
1753617505808,11:58:25.808,okx,A/USDT:USDT,0.5759,116.0,0.5758,100.0,0.576,4007.0,0.5761,254.0
1753617505908,11:58:25.908,okx,A/USDT:USDT,0.5759,71.0,0.5758,100.0,0.576,4007.0,0.5761,254.0
1753617506108,11:58:26.108,okx,A/USDT:USDT,0.5759,71.0,0.5758,100.0,0.576,4007.0,0.5761,254.0
1753617506508,11:58:26.508,okx,A/USDT:USDT,0.5759,125.0,0.5758,143.0,0.576,4007.0,0.5761,221.0
1753617506908,11:58:26.908,okx,A/USDT:USDT,0.5759,125.0,0.5758,143.0,0.576,4007.0,0.5761,221.0
1753617507008,11:58:27.008,okx,A/USDT:USDT,0.5759,125.0,0.5758,143.0,0.576,4007.0,0.5761,221.0
1753617507108,11:58:27.108,okx,A/USDT:USDT,0.5759,125.0,0.5758,143.0,0.576,4007.0,0.5761,221.0
1753617507308,11:58:27.308,okx,A/USDT:USDT,0.5759,125.0,0.5758,143.0,0.576,4007.0,0.5761,221.0
1753617507408,11:58:27.408,okx,A/USDT:USDT,0.5759,85.0,0.5758,143.0,0.576,4007.0,0.5761,221.0
1753617507508,11:58:27.508,okx,A/USDT:USDT,0.5759,85.0,0.5758,143.0,0.576,4007.0,0.5761,221.0
1753617507808,11:58:27.808,okx,A/USDT:USDT,0.5759,119.0,0.5758,143.0,0.576,4007.0,0.5761,221.0
1753617508308,11:58:28.308,okx,A/USDT:USDT,0.5759,90.0,0.5758,110.0,0.576,4040.0,0.5761,221.0
1753617508408,11:58:28.408,okx,A/USDT:USDT,0.5759,90.0,0.5758,138.0,0.576,4007.0,0.5761,221.0
1753617508808,11:58:28.808,okx,A/USDT:USDT,0.5759,90.0,0.5758,110.0,0.576,4007.0,0.5761,221.0
1753617508908,11:58:28.908,okx,A/USDT:USDT,0.5759,90.0,0.5758,140.0,0.576,4007.0,0.5761,221.0
1753617509008,11:58:29.008,okx,A/USDT:USDT,0.5759,117.0,0.5758,110.0,0.576,4007.0,0.5761,221.0
1753617509208,11:58:29.208,okx,A/USDT:USDT,0.5759,117.0,0.5758,110.0,0.576,4007.0,0.5761,221.0
1753617509308,11:58:29.308,okx,A/USDT:USDT,0.5759,117.0,0.5758,110.0,0.576,4007.0,0.5761,221.0
1753617509608,11:58:29.608,okx,A/USDT:USDT,0.5759,90.0,0.5758,110.0,0.576,4007.0,0.5761,221.0
1753617510008,11:58:30.008,okx,A/USDT:USDT,0.5759,156.0,0.5758,110.0,0.576,4007.0,0.5761,201.0
1753617510408,11:58:30.408,okx,A/USDT:USDT,0.5759,145.0,0.5758,110.0,0.576,4007.0,0.5761,201.0
1753617510508,11:58:30.508,okx,A/USDT:USDT,0.5759,145.0,0.5758,110.0,0.576,4007.0,0.5761,201.0
1753617510808,11:58:30.808,okx,A/USDT:USDT,0.5759,145.0,0.5758,110.0,0.576,4007.0,0.5761,201.0
1753617511008,11:58:31.008,okx,A/USDT:USDT,0.5759,145.0,0.5758,110.0,0.576,4007.0,0.5761,201.0
1753617511108,11:58:31.108,okx,A/USDT:USDT,0.5759,116.0,0.5758,110.0,0.576,4007.0,0.5761,201.0
1753617511708,11:58:31.708,okx,A/USDT:USDT,0.5759,205.0,0.5758,225.0,0.576,3994.0,0.5761,201.0
1753617511908,11:58:31.908,okx,A/USDT:USDT,0.5759,205.0,0.5758,225.0,0.576,3927.0,0.5761,201.0
1753617512608,11:58:32.608,okx,A/USDT:USDT,0.5759,254.0,0.5758,191.0,0.576,2882.0,0.5761,67.0
1753617512808,11:58:32.808,okx,A/USDT:USDT,0.5759,278.0,0.5758,225.0,0.576,2944.0,0.5761,100.0
1753617513508,11:58:33.508,okx,A/USDT:USDT,0.5759,275.0,0.5758,241.0,0.576,2977.0,0.5761,141.0
1753617513608,11:58:33.608,okx,A/USDT:USDT,0.5759,275.0,0.5758,241.0,0.576,2944.0,0.5761,141.0
1753617513808,11:58:33.808,okx,A/USDT:USDT,0.5759,275.0,0.5758,241.0,0.576,2944.0,0.5761,141.0
1753617513908,11:58:33.908,okx,A/USDT:USDT,0.5759,275.0,0.5758,241.0,0.576,2944.0,0.5761,141.0
1753617514208,11:58:34.208,okx,A/USDT:USDT,0.5759,275.0,0.5758,241.0,0.576,2977.0,0.5761,141.0
1753617514308,11:58:34.308,okx,A/USDT:USDT,0.5759,275.0,0.5758,241.0,0.576,2977.0,0.5761,141.0
1753617514408,11:58:34.408,okx,A/USDT:USDT,0.5759,190.0,0.5758,241.0,0.576,2977.0,0.5761,141.0
1753617514508,11:58:34.508,okx,A/USDT:USDT,0.5759,190.0,0.5758,241.0,0.576,2977.0,0.5761,141.0
1753617515008,11:58:35.008,okx,A/USDT:USDT,0.5759,192.0,0.5758,241.0,0.576,2988.0,0.5761,141.0
1753617515308,11:58:35.308,okx,A/USDT:USDT,0.5759,192.0,0.5758,241.0,0.576,2988.0,0.5761,141.0
1753617515708,11:58:35.708,okx,A/USDT:USDT,0.5759,192.0,0.5758,241.0,0.576,2988.0,0.5761,141.0
1753617516608,11:58:36.608,okx,A/USDT:USDT,0.5759,193.0,0.5758,241.0,0.576,2980.0,0.5761,141.0
1753617516808,11:58:36.808,okx,A/USDT:USDT,0.5759,151.0,0.5758,269.0,0.576,2947.0,0.5761,141.0
1753617516908,11:58:36.908,okx,A/USDT:USDT,0.5759,236.0,0.5758,241.0,0.576,2947.0,0.5761,141.0
1753617517008,11:58:37.008,okx,A/USDT:USDT,0.5759,204.0,0.5758,241.0,0.576,2947.0,0.5761,141.0
1753617517208,11:58:37.208,okx,A/USDT:USDT,0.5759,193.0,0.5758,225.0,0.576,2947.0,0.5761,141.0
1753617517508,11:58:37.508,okx,A/USDT:USDT,0.5759,193.0,0.5758,225.0,0.576,2947.0,0.5761,141.0
1753617518508,11:58:38.508,okx,A/USDT:USDT,0.5759,205.0,0.5758,225.0,0.576,2944.0,0.5761,141.0
1753617518908,11:58:38.908,okx,A/USDT:USDT,0.5759,205.0,0.5758,225.0,0.576,2944.0,0.5761,141.0
1753617519308,11:58:39.308,okx,A/USDT:USDT,0.5759,205.0,0.5758,225.0,0.576,2944.0,0.5761,141.0
1753617519508,11:58:39.508,okx,A/USDT:USDT,0.5759,194.0,0.5758,225.0,0.576,2944.0,0.5761,141.0
1753617519708,11:58:39.708,okx,A/USDT:USDT,0.5759,205.0,0.5758,225.0,0.576,2944.0,0.5761,141.0
1753617519908,11:58:39.908,okx,A/USDT:USDT,0.5759,205.0,0.5758,225.0,0.576,2944.0,0.5761,141.0
1753617520208,11:58:40.208,okx,A/USDT:USDT,0.5759,236.0,0.5758,225.0,0.576,2882.0,0.5761,141.0
1753617520608,11:58:40.608,okx,A/USDT:USDT,0.5759,236.0,0.5758,225.0,0.576,2947.0,0.5761,141.0
1753617520708,11:58:40.708,okx,A/USDT:USDT,0.5759,236.0,0.5758,225.0,0.576,2947.0,0.5761,141.0
1753617521808,11:58:41.808,okx,A/USDT:USDT,0.5759,194.0,0.5758,225.0,0.576,2947.0,0.5761,141.0
1753617522108,11:58:42.108,okx,A/USDT:USDT,0.5759,194.0,0.5758,225.0,0.576,2947.0,0.5761,141.0
1753617522408,11:58:42.408,okx,A/USDT:USDT,0.5759,237.0,0.5758,225.0,0.576,2947.0,0.5761,141.0
1753617522908,11:58:42.908,okx,A/USDT:USDT,0.5759,195.0,0.5758,225.0,0.576,2947.0,0.5761,141.0
1753617523008,11:58:43.008,okx,A/USDT:USDT,0.5759,195.0,0.5758,225.0,0.576,2947.0,0.5761,141.0
1753617523808,11:58:43.808,okx,A/USDT:USDT,0.5759,237.0,0.5758,225.0,0.576,2947.0,0.5761,141.0
1753617524008,11:58:44.008,okx,A/USDT:USDT,0.5759,237.0,0.5758,225.0,0.576,2947.0,0.5761,141.0
1753617524708,11:58:44.708,okx,A/USDT:USDT,0.5759,237.0,0.5758,225.0,0.576,2947.0,0.5761,141.0
1753617526308,11:58:46.308,okx,A/USDT:USDT,0.5759,236.0,0.5758,225.0,0.576,2947.0,0.5761,141.0
1753617526408,11:58:46.408,okx,A/USDT:USDT,0.5759,236.0,0.5758,225.0,0.576,2947.0,0.5761,141.0
1753617526608,11:58:46.608,okx,A/USDT:USDT,0.5759,236.0,0.5758,241.0,0.576,2947.0,0.5761,141.0
1753617526808,11:58:46.808,okx,A/USDT:USDT,0.5759,195.0,0.5758,241.0,0.576,2980.0,0.5761,141.0
1753617526908,11:58:46.908,okx,A/USDT:USDT,0.5759,194.0,0.5758,241.0,0.576,2980.0,0.5761,141.0
1753617527008,11:58:47.008,okx,A/USDT:USDT,0.5759,194.0,0.5758,241.0,0.576,2947.0,0.5761,141.0
1753617527508,11:58:47.508,okx,A/USDT:USDT,0.5759,195.0,0.5758,241.0,0.576,2947.0,0.5761,141.0
1753617527608,11:58:47.608,okx,A/USDT:USDT,0.5759,194.0,0.5758,241.0,0.576,2980.0,0.5761,141.0
1753617528008,11:58:48.008,okx,A/USDT:USDT,0.5759,194.0,0.5758,241.0,0.576,2947.0,0.5761,141.0
1753617528408,11:58:48.408,okx,A/USDT:USDT,0.5759,194.0,0.5758,241.0,0.576,2947.0,0.5761,141.0
1753617528608,11:58:48.608,okx,A/USDT:USDT,0.5759,206.0,0.5758,241.0,0.576,2922.0,0.5761,100.0
1753617528708,11:58:48.708,okx,A/USDT:USDT,0.5759,206.0,0.5758,241.0,0.576,2922.0,0.5761,147.0
1753617528808,11:58:48.808,okx,A/USDT:USDT,0.5759,206.0,0.5758,241.0,0.576,2922.0,0.5761,147.0
1753617531208,11:58:51.208,okx,A/USDT:USDT,0.5759,207.0,0.5758,241.0,0.576,2922.0,0.5761,147.0
1753617531608,11:58:51.608,okx,A/USDT:USDT,0.5761,14.0,0.576,108.0,0.5762,102.0,0.5763,38.0
1753617531708,11:58:51.708,okx,A/USDT:USDT,0.5762,107.0,0.5761,158.0,0.5763,44.0,0.5764,35.0
1753617531808,11:58:51.808,okx,A/USDT:USDT,0.5763,42.0,0.5762,191.0,0.5764,84.0,0.5765,113.0
1753617532108,11:58:52.108,okx,A/USDT:USDT,0.5763,42.0,0.5762,191.0,0.5764,272.0,0.5765,113.0
1753617532208,11:58:52.208,okx,A/USDT:USDT,0.5763,42.0,0.5762,191.0,0.5764,272.0,0.5765,113.0
1753617532308,11:58:52.308,okx,A/USDT:USDT,0.5763,42.0,0.5762,191.0,0.5764,272.0,0.5765,113.0
1753617532808,11:58:52.808,okx,A/USDT:USDT,0.5763,42.0,0.5762,191.0,0.5764,272.0,0.5765,113.0
1753617533008,11:58:53.008,okx,A/USDT:USDT,0.5763,42.0,0.5762,224.0,0.5764,272.0,0.5765,113.0
1753617533208,11:58:53.208,okx,A/USDT:USDT,0.5763,42.0,0.5762,191.0,0.5764,272.0,0.5765,113.0
1753617534008,11:58:54.008,okx,A/USDT:USDT,0.5763,42.0,0.5762,224.0,0.5764,272.0,0.5765,113.0
1753617534708,11:58:54.708,okx,A/USDT:USDT,0.5763,42.0,0.5762,224.0,0.5764,83.0,0.5765,302.0
1753617535108,11:58:55.108,okx,A/USDT:USDT,0.5763,42.0,0.5762,224.0,0.5764,83.0,0.5765,302.0
1753617535308,11:58:55.308,okx,A/USDT:USDT,0.5763,200.0,0.5762,224.0,0.5764,45.0,0.5765,335.0
1753617535408,11:58:55.408,okx,A/USDT:USDT,0.5763,204.0,0.5762,224.0,0.5764,45.0,0.5765,335.0
1753617535608,11:58:55.608,okx,A/USDT:USDT,0.5763,208.0,0.5762,224.0,0.5764,45.0,0.5765,147.0
1753617536308,11:58:56.308,okx,A/USDT:USDT,0.5763,207.0,0.5762,240.0,0.5764,45.0,0.5765,147.0
1753617536408,11:58:56.408,okx,A/USDT:USDT,0.5763,207.0,0.5762,240.0,0.5764,45.0,0.5765,147.0
1753617536508,11:58:56.508,okx,A/USDT:USDT,0.5763,207.0,0.5762,240.0,0.5764,45.0,0.5765,147.0
1753617537508,11:58:57.508,okx,A/USDT:USDT,0.5763,207.0,0.5762,240.0,0.5764,45.0,0.5765,147.0
1753617537608,11:58:57.608,okx,A/USDT:USDT,0.5763,207.0,0.5762,240.0,0.5764,45.0,0.5765,147.0
1753617539108,11:58:59.108,okx,A/USDT:USDT,0.5763,237.0,0.5762,240.0,0.5764,45.0,0.5765,147.0
1753617539208,11:58:59.208,okx,A/USDT:USDT,0.5763,237.0,0.5762,240.0,0.5764,45.0,0.5765,147.0
1753617539408,11:58:59.408,okx,A/USDT:USDT,0.5763,206.0,0.5762,240.0,0.5764,108.0,0.5765,114.0
1753617539908,11:58:59.908,okx,A/USDT:USDT,0.5763,206.0,0.5762,240.0,0.5764,45.0,0.5765,139.0
1753617540008,11:59:00.008,okx,A/USDT:USDT,0.5763,189.0,0.5762,240.0,0.5764,110.0,0.5765,114.0
1753617540508,11:59:00.508,okx,A/USDT:USDT,0.5763,246.0,0.5762,240.0,0.5764,45.0,0.5765,147.0
