timestamp,time,exchange,symbol,bid1_price,bid1_volume,bid2_price,bid2_volume,ask1_price,ask1_volume,ask2_price,ask2_volume
1753617155614,11:52:35.614,binance,AERGO/USDT:USDT,0.13369,1029.0,0.13368,633.0,0.1337,1659.0,0.13371,124.0
1753617156951,11:52:36.951,binance,AERGO/USDT:USDT,0.13369,1029.0,0.13368,633.0,0.1337,1571.0,0.13371,124.0
1753617157811,11:52:37.811,binance,AERGO/USDT:USDT,0.13369,1029.0,0.13368,633.0,0.1337,1380.0,0.13371,124.0
1753617157919,11:52:37.919,binance,AERGO/USDT:USDT,0.13369,929.0,0.13368,633.0,0.1337,1380.0,0.13371,124.0
1753617158027,11:52:38.027,binance,AERGO/USDT:USDT,0.13369,929.0,0.13368,633.0,0.1337,1380.0,0.13371,655.0
1753617158156,11:52:38.156,binance,AERGO/USDT:USDT,0.13369,829.0,0.13368,633.0,0.1337,1380.0,0.13371,655.0
1753617158602,11:52:38.602,binance,AERGO/USDT:USDT,0.13369,829.0,0.13368,633.0,0.1337,1380.0,0.13371,655.0
1753617159002,11:52:39.002,binance,AERGO/USDT:USDT,0.13369,829.0,0.13368,633.0,0.1337,1380.0,0.13371,124.0
1753617159116,11:52:39.116,binance,AERGO/USDT:USDT,0.13369,829.0,0.13368,633.0,0.1337,1380.0,0.13371,124.0
1753617160561,11:52:40.561,binance,AERGO/USDT:USDT,0.13369,729.0,0.13368,633.0,0.1337,1380.0,0.13371,124.0
1753617160971,11:52:40.971,binance,AERGO/USDT:USDT,0.13369,249.0,0.13368,633.0,0.1337,1279.0,0.13371,124.0
1753617161102,11:52:41.102,binance,AERGO/USDT:USDT,0.13369,249.0,0.13368,633.0,0.1337,1279.0,0.13371,124.0
1753617161360,11:52:41.360,binance,AERGO/USDT:USDT,0.13369,249.0,0.13368,633.0,0.1337,1282.0,0.13371,124.0
1753617162647,11:52:42.647,binance,AERGO/USDT:USDT,0.13369,154.0,0.13368,633.0,0.1337,1281.0,0.13371,124.0
1753617162753,11:52:42.753,binance,AERGO/USDT:USDT,0.13369,154.0,0.13368,633.0,0.1337,1282.0,0.13371,124.0
1753617162971,11:52:42.971,binance,AERGO/USDT:USDT,0.13369,151.0,0.13368,633.0,0.1337,1282.0,0.13371,124.0
1753617163840,11:52:43.840,binance,AERGO/USDT:USDT,0.13369,151.0,0.13368,633.0,0.1337,1281.0,0.13371,124.0
1753617164402,11:52:44.402,binance,AERGO/USDT:USDT,0.13369,144.0,0.13368,633.0,0.1337,1282.0,0.13371,124.0
1753617165341,11:52:45.341,binance,AERGO/USDT:USDT,0.13369,153.0,0.13368,633.0,0.1337,1281.0,0.13371,124.0
1753617166253,11:52:46.253,binance,AERGO/USDT:USDT,0.13369,153.0,0.13368,633.0,0.1337,1280.0,0.13371,124.0
1753617166418,11:52:46.418,binance,AERGO/USDT:USDT,0.13369,172.0,0.13368,633.0,0.1337,1281.0,0.13371,124.0
1753617166541,11:52:46.541,binance,AERGO/USDT:USDT,0.13369,172.0,0.13368,633.0,0.1337,1281.0,0.13371,124.0
1753617166702,11:52:46.702,binance,AERGO/USDT:USDT,0.13369,172.0,0.13368,633.0,0.1337,1281.0,0.13371,124.0
1753617166841,11:52:46.841,binance,AERGO/USDT:USDT,0.13369,172.0,0.13368,633.0,0.1337,1281.0,0.13371,124.0
1753617167381,11:52:47.381,binance,AERGO/USDT:USDT,0.13369,172.0,0.13368,633.0,0.1337,1281.0,0.13371,124.0
1753617167517,11:52:47.517,binance,AERGO/USDT:USDT,0.13369,72.0,0.13368,633.0,0.1337,1280.0,0.13371,124.0
1753617167618,11:52:47.618,binance,AERGO/USDT:USDT,0.13369,159.0,0.13368,633.0,0.1337,1281.0,0.13371,124.0
1753617167741,11:52:47.741,binance,AERGO/USDT:USDT,0.13369,159.0,0.13368,633.0,0.1337,1281.0,0.13371,124.0
1753617168303,11:52:48.303,binance,AERGO/USDT:USDT,0.13369,159.0,0.13368,633.0,0.1337,1281.0,0.13371,124.0
1753617168716,11:52:48.716,binance,AERGO/USDT:USDT,0.13369,150.0,0.13368,633.0,0.1337,1280.0,0.13371,124.0
1753617168817,11:52:48.817,binance,AERGO/USDT:USDT,0.13369,150.0,0.13368,633.0,0.1337,1281.0,0.13371,124.0
1753617168920,11:52:48.920,binance,AERGO/USDT:USDT,0.13369,150.0,0.13368,633.0,0.1337,1281.0,0.13371,124.0
1753617169037,11:52:49.037,binance,AERGO/USDT:USDT,0.13369,150.0,0.13368,633.0,0.1337,1281.0,0.13371,124.0
1753617169203,11:52:49.203,binance,AERGO/USDT:USDT,0.13369,150.0,0.13368,633.0,0.1337,1281.0,0.13371,124.0
1753617169916,11:52:49.916,binance,AERGO/USDT:USDT,0.13369,150.0,0.13368,633.0,0.1337,1281.0,0.13371,124.0
1753617170402,11:52:50.402,binance,AERGO/USDT:USDT,0.13369,150.0,0.13368,633.0,0.1337,1281.0,0.13371,124.0
1753617170602,11:52:50.602,binance,AERGO/USDT:USDT,0.13369,150.0,0.13368,633.0,0.1337,1281.0,0.13371,124.0
1753617170721,11:52:50.721,binance,AERGO/USDT:USDT,0.13369,150.0,0.13368,633.0,0.1337,1281.0,0.13371,124.0
1753617170830,11:52:50.830,binance,AERGO/USDT:USDT,0.13369,150.0,0.13368,633.0,0.1337,463.0,0.13371,124.0
1753617171002,11:52:51.002,binance,AERGO/USDT:USDT,0.13369,150.0,0.13368,633.0,0.1337,463.0,0.13371,124.0
1753617171116,11:52:51.116,binance,AERGO/USDT:USDT,0.13369,150.0,0.13368,633.0,0.1337,462.0,0.13371,124.0
1753617171217,11:52:51.217,binance,AERGO/USDT:USDT,0.13369,150.0,0.13368,633.0,0.1337,463.0,0.13371,124.0
1753617171402,11:52:51.402,binance,AERGO/USDT:USDT,0.13369,150.0,0.13368,633.0,0.1337,463.0,0.13371,124.0
1753617171593,11:52:51.593,binance,AERGO/USDT:USDT,0.13369,150.0,0.13368,633.0,0.1337,463.0,0.13371,124.0
1753617171802,11:52:51.802,binance,AERGO/USDT:USDT,0.13369,150.0,0.13368,633.0,0.1337,463.0,0.13371,124.0
1753617172002,11:52:52.002,binance,AERGO/USDT:USDT,0.13369,150.0,0.13368,633.0,0.1337,463.0,0.13371,124.0
1753617172280,11:52:52.280,binance,AERGO/USDT:USDT,0.13369,150.0,0.13368,633.0,0.1337,462.0,0.13371,124.0
1753617172402,11:52:52.402,binance,AERGO/USDT:USDT,0.13369,150.0,0.13368,633.0,0.1337,463.0,0.13371,124.0
1753617172547,11:52:52.547,binance,AERGO/USDT:USDT,0.13369,150.0,0.13368,633.0,0.1337,463.0,0.13371,124.0
1753617173002,11:52:53.002,binance,AERGO/USDT:USDT,0.13369,150.0,0.13368,633.0,0.1337,463.0,0.13371,124.0
1753617173114,11:52:53.114,binance,AERGO/USDT:USDT,0.13369,150.0,0.13368,633.0,0.1337,463.0,0.13371,124.0
1753617173516,11:52:53.516,binance,AERGO/USDT:USDT,0.13369,150.0,0.13368,633.0,0.1337,463.0,0.13371,124.0
1753617173697,11:52:53.697,binance,AERGO/USDT:USDT,0.13369,150.0,0.13368,633.0,0.1337,370.0,0.13371,124.0
1753617173811,11:52:53.811,binance,AERGO/USDT:USDT,0.13369,150.0,0.13368,633.0,0.1337,370.0,0.13371,124.0
1753617174202,11:52:54.202,binance,AERGO/USDT:USDT,0.13369,150.0,0.13368,633.0,0.1337,370.0,0.13371,124.0
1753617174571,11:52:54.571,binance,AERGO/USDT:USDT,0.13369,150.0,0.13368,633.0,0.1337,370.0,0.13371,124.0
1753617174715,11:52:54.715,binance,AERGO/USDT:USDT,0.13369,150.0,0.13368,633.0,0.1337,271.0,0.13371,124.0
1753617174818,11:52:54.818,binance,AERGO/USDT:USDT,0.13369,150.0,0.13368,633.0,0.1337,271.0,0.13371,124.0
1753617175002,11:52:55.002,binance,AERGO/USDT:USDT,0.13369,150.0,0.13368,633.0,0.1337,271.0,0.13371,124.0
1753617175602,11:52:55.602,binance,AERGO/USDT:USDT,0.13369,150.0,0.13368,633.0,0.1337,271.0,0.13371,124.0
1753617175916,11:52:55.916,binance,AERGO/USDT:USDT,0.13369,150.0,0.13368,633.0,0.1337,271.0,0.13371,124.0
1753617176202,11:52:56.202,binance,AERGO/USDT:USDT,0.13369,150.0,0.13368,633.0,0.1337,271.0,0.13371,124.0
1753617176903,11:52:56.903,binance,AERGO/USDT:USDT,0.13369,150.0,0.13368,633.0,0.1337,185.0,0.13371,124.0
1753617177117,11:52:57.117,binance,AERGO/USDT:USDT,0.13369,150.0,0.13368,633.0,0.1337,185.0,0.13371,124.0
1753617178316,11:52:58.316,binance,AERGO/USDT:USDT,0.13369,150.0,0.13368,633.0,0.1337,184.0,0.13371,124.0
1753617178417,11:52:58.417,binance,AERGO/USDT:USDT,0.13369,150.0,0.13368,633.0,0.1337,185.0,0.13371,124.0
1753617179202,11:52:59.202,binance,AERGO/USDT:USDT,0.13369,150.0,0.13368,633.0,0.1337,185.0,0.13371,124.0
1753617179516,11:52:59.516,binance,AERGO/USDT:USDT,0.13369,150.0,0.13368,633.0,0.1337,185.0,0.13371,124.0
1753617179771,11:52:59.771,binance,AERGO/USDT:USDT,0.13369,150.0,0.13368,633.0,0.1337,92.0,0.13371,124.0
1753617180139,11:53:00.139,binance,AERGO/USDT:USDT,0.13369,150.0,0.13368,633.0,0.1337,92.0,0.13371,124.0
1753617180302,11:53:00.302,binance,AERGO/USDT:USDT,0.13369,150.0,0.13368,633.0,0.1337,92.0,0.13371,124.0
1753617180547,11:53:00.547,binance,AERGO/USDT:USDT,0.13369,150.0,0.13368,633.0,0.1337,92.0,0.13371,124.0
1753617180714,11:53:00.714,binance,AERGO/USDT:USDT,0.13369,150.0,0.13368,633.0,0.1337,91.0,0.13371,124.0
1753617180920,11:53:00.920,binance,AERGO/USDT:USDT,0.13369,338.0,0.13368,633.0,0.13372,40.0,0.13373,461.0
1753617181402,11:53:01.402,binance,AERGO/USDT:USDT,0.13369,338.0,0.13368,633.0,0.13372,40.0,0.13373,461.0
1753617182348,11:53:02.348,binance,AERGO/USDT:USDT,0.13369,338.0,0.13368,633.0,0.13371,1104.0,0.13372,164.0
1753617182478,11:53:02.478,binance,AERGO/USDT:USDT,0.13369,338.0,0.13368,633.0,0.13371,1104.0,0.13372,164.0
1753617182602,11:53:02.602,binance,AERGO/USDT:USDT,0.13369,338.0,0.13368,633.0,0.13371,1104.0,0.13372,40.0
1753617182944,11:53:02.944,binance,AERGO/USDT:USDT,0.13369,338.0,0.13368,633.0,0.13371,1104.0,0.13372,40.0
1753617183203,11:53:03.203,binance,AERGO/USDT:USDT,0.13369,338.0,0.13368,633.0,0.13371,1104.0,0.13372,40.0
1753617183358,11:53:03.358,binance,AERGO/USDT:USDT,0.13369,338.0,0.13368,633.0,0.13371,1104.0,0.13372,40.0
1753617183706,11:53:03.706,binance,AERGO/USDT:USDT,0.1337,2843.0,0.13369,338.0,0.13372,40.0,0.13373,461.0
1753617183830,11:53:03.830,binance,AERGO/USDT:USDT,0.1337,2843.0,0.13369,338.0,0.13374,459.0,0.13375,459.0
1753617183932,11:53:03.932,binance,AERGO/USDT:USDT,0.1337,2949.0,0.13369,802.0,0.13375,459.0,0.13376,3449.0
1753617184153,11:53:04.153,binance,AERGO/USDT:USDT,0.13371,2843.0,0.1337,127.0,0.13375,654.0,0.13376,3449.0
1753617184257,11:53:04.257,binance,AERGO/USDT:USDT,0.13372,2843.0,0.13371,154.0,0.13375,654.0,0.13376,3449.0
1753617184382,11:53:04.382,binance,AERGO/USDT:USDT,0.13372,2843.0,0.13371,154.0,0.13375,632.0,0.13376,3449.0
1753617184489,11:53:04.489,binance,AERGO/USDT:USDT,0.13372,167.0,0.13371,154.0,0.13373,2991.0,0.13374,124.0
1753617184600,11:53:04.600,binance,AERGO/USDT:USDT,0.13372,167.0,0.13371,154.0,0.13373,2991.0,0.13374,124.0
1753617185002,11:53:05.002,binance,AERGO/USDT:USDT,0.13372,167.0,0.13371,154.0,0.13373,2991.0,0.13374,124.0
1753617185403,11:53:05.403,binance,AERGO/USDT:USDT,0.13372,444.0,0.13371,154.0,0.13373,2991.0,0.13374,124.0
1753617185522,11:53:05.522,binance,AERGO/USDT:USDT,0.13372,444.0,0.13371,154.0,0.13373,2991.0,0.13374,124.0
1753617185744,11:53:05.744,binance,AERGO/USDT:USDT,0.13372,444.0,0.13371,154.0,0.13376,335.0,0.13377,459.0
1753617185848,11:53:05.848,binance,AERGO/USDT:USDT,0.13372,444.0,0.13371,154.0,0.13376,659.0,0.13377,459.0
1753617185954,11:53:05.954,binance,AERGO/USDT:USDT,0.13372,444.0,0.13371,154.0,0.13376,659.0,0.13377,459.0
1753617186298,11:53:06.298,binance,AERGO/USDT:USDT,0.13372,444.0,0.13371,154.0,0.13376,3649.0,0.13377,459.0
1753617186508,11:53:06.508,binance,AERGO/USDT:USDT,0.13372,444.0,0.13371,154.0,0.13376,3649.0,0.13377,459.0
1753617186902,11:53:06.902,binance,AERGO/USDT:USDT,0.13372,444.0,0.13371,154.0,0.13376,3325.0,0.13377,459.0
1753617187005,11:53:07.005,binance,AERGO/USDT:USDT,0.13372,444.0,0.13371,154.0,0.13376,3325.0,0.13377,459.0
1753617187311,11:53:07.311,binance,AERGO/USDT:USDT,0.13372,444.0,0.13371,154.0,0.13376,3325.0,0.13377,459.0
1753617187502,11:53:07.502,binance,AERGO/USDT:USDT,0.13372,444.0,0.13371,154.0,0.13376,3325.0,0.13377,459.0
1753617187745,11:53:07.745,binance,AERGO/USDT:USDT,0.13372,444.0,0.13371,154.0,0.13376,3224.0,0.13377,1431.0
1753617187950,11:53:07.950,binance,AERGO/USDT:USDT,0.13372,444.0,0.13371,154.0,0.13376,3224.0,0.13377,1431.0
1753617188193,11:53:08.193,binance,AERGO/USDT:USDT,0.13372,444.0,0.13371,154.0,0.13376,3224.0,0.13377,1431.0
1753617188402,11:53:08.402,binance,AERGO/USDT:USDT,0.13372,444.0,0.13371,154.0,0.13376,3224.0,0.13377,1431.0
1753617188678,11:53:08.678,binance,AERGO/USDT:USDT,0.13372,444.0,0.13371,154.0,0.13376,3224.0,0.13377,1431.0
1753617188811,11:53:08.811,binance,AERGO/USDT:USDT,0.13372,444.0,0.13371,154.0,0.13376,3135.0,0.13377,1431.0
1753617189002,11:53:09.002,binance,AERGO/USDT:USDT,0.13372,444.0,0.13371,154.0,0.13376,3135.0,0.13377,1431.0
1753617189602,11:53:09.602,binance,AERGO/USDT:USDT,0.13372,444.0,0.13371,154.0,0.13376,3135.0,0.13377,459.0
1753617189705,11:53:09.705,binance,AERGO/USDT:USDT,0.13372,444.0,0.13371,154.0,0.13376,3135.0,0.13377,1458.0
1753617190902,11:53:10.902,binance,AERGO/USDT:USDT,0.13372,444.0,0.13371,154.0,0.13376,3135.0,0.13377,459.0
1753617191502,11:53:11.502,binance,AERGO/USDT:USDT,0.13372,444.0,0.13371,154.0,0.13376,3135.0,0.13377,459.0
1753617191640,11:53:11.640,binance,AERGO/USDT:USDT,0.13372,444.0,0.13371,154.0,0.13376,3135.0,0.13377,1483.0
1753617192202,11:53:12.202,binance,AERGO/USDT:USDT,0.13372,632.0,0.13371,154.0,0.13376,3135.0,0.13377,1483.0
1753617192702,11:53:12.702,binance,AERGO/USDT:USDT,0.13372,632.0,0.13371,154.0,0.13376,3030.0,0.13377,459.0
1753617192902,11:53:12.902,binance,AERGO/USDT:USDT,0.13372,632.0,0.13371,154.0,0.13376,3030.0,0.13377,459.0
1753617193135,11:53:13.135,binance,AERGO/USDT:USDT,0.13372,632.0,0.13371,154.0,0.13376,3030.0,0.13377,459.0
1753617193297,11:53:13.297,binance,AERGO/USDT:USDT,0.13372,632.0,0.13371,154.0,0.13376,3030.0,0.13377,459.0
1753617193402,11:53:13.402,binance,AERGO/USDT:USDT,0.13372,632.0,0.13371,154.0,0.13376,3030.0,0.13377,459.0
1753617193802,11:53:13.802,binance,AERGO/USDT:USDT,0.13372,632.0,0.13371,154.0,0.13376,3030.0,0.13377,459.0
1753617194402,11:53:14.402,binance,AERGO/USDT:USDT,0.13372,632.0,0.13371,154.0,0.13376,3030.0,0.13377,459.0
1753617194662,11:53:14.662,binance,AERGO/USDT:USDT,0.13372,632.0,0.13371,154.0,0.13376,3030.0,0.13377,459.0
1753617194811,11:53:14.811,binance,AERGO/USDT:USDT,0.13372,632.0,0.13371,154.0,0.13376,3030.0,0.13377,459.0
1753617194916,11:53:14.916,binance,AERGO/USDT:USDT,0.13372,632.0,0.13371,154.0,0.13376,3030.0,0.13377,459.0
1753617195502,11:53:15.502,binance,AERGO/USDT:USDT,0.13372,632.0,0.13371,154.0,0.13376,3030.0,0.13377,459.0
1753617196262,11:53:16.262,binance,AERGO/USDT:USDT,0.13373,2763.0,0.13372,632.0,0.13376,2990.0,0.13377,335.0
1753617196383,11:53:16.383,binance,AERGO/USDT:USDT,0.13373,2839.0,0.13372,632.0,0.13376,2990.0,0.13377,459.0
1753617196485,11:53:16.485,binance,AERGO/USDT:USDT,0.13373,2927.0,0.13372,632.0,0.13376,2990.0,0.13377,459.0
1753617196677,11:53:16.677,binance,AERGO/USDT:USDT,0.13373,2927.0,0.13372,632.0,0.13376,2990.0,0.13377,459.0
1753617196780,11:53:16.780,binance,AERGO/USDT:USDT,0.13373,2927.0,0.13372,632.0,0.13376,2990.0,0.13377,459.0
1753617196888,11:53:16.888,binance,AERGO/USDT:USDT,0.13373,2927.0,0.13372,632.0,0.13376,2990.0,0.13377,459.0
1753617197271,11:53:17.271,binance,AERGO/USDT:USDT,0.13373,2927.0,0.13372,632.0,0.13376,2990.0,0.13377,459.0
1753617197401,11:53:17.401,binance,AERGO/USDT:USDT,0.13373,2927.0,0.13372,632.0,0.13376,2990.0,0.13377,459.0
1753617197906,11:53:17.906,binance,AERGO/USDT:USDT,0.13373,2927.0,0.13372,632.0,0.13377,335.0,0.13378,3835.0
1753617198064,11:53:18.064,binance,AERGO/USDT:USDT,0.13374,2364.0,0.13373,164.0,0.13377,335.0,0.13378,1029.0
1753617198183,11:53:18.183,binance,AERGO/USDT:USDT,0.13374,2444.0,0.13373,164.0,0.13377,335.0,0.13378,1029.0
1753617198286,11:53:18.286,binance,AERGO/USDT:USDT,0.13374,2530.0,0.13373,164.0,0.13377,335.0,0.13378,1029.0
1753617198402,11:53:18.402,binance,AERGO/USDT:USDT,0.13374,2530.0,0.13373,164.0,0.13377,335.0,0.13378,1029.0
1753617198537,11:53:18.537,binance,AERGO/USDT:USDT,0.13374,2530.0,0.13373,164.0,0.13377,335.0,0.13378,1029.0
1753617198751,11:53:18.751,binance,AERGO/USDT:USDT,0.13374,2530.0,0.13373,164.0,0.13378,905.0,0.13379,465.0
1753617199002,11:53:19.002,binance,AERGO/USDT:USDT,0.13374,2530.0,0.13373,164.0,0.13378,905.0,0.13379,465.0
1753617199283,11:53:19.283,binance,AERGO/USDT:USDT,0.13374,2530.0,0.13373,164.0,0.13378,905.0,0.13379,465.0
1753617199602,11:53:19.602,binance,AERGO/USDT:USDT,0.13374,2530.0,0.13373,164.0,0.13378,905.0,0.13379,465.0
1753617199731,11:53:19.731,binance,AERGO/USDT:USDT,0.13374,166.0,0.13373,164.0,0.13378,805.0,0.13379,465.0
1753617199834,11:53:19.834,binance,AERGO/USDT:USDT,0.13374,166.0,0.13373,164.0,0.13378,805.0,0.13379,1488.0
1753617200051,11:53:20.051,binance,AERGO/USDT:USDT,0.13374,166.0,0.13373,164.0,0.13377,2744.0,0.13378,929.0
1753617200166,11:53:20.166,binance,AERGO/USDT:USDT,0.13374,166.0,0.13373,164.0,0.13377,2744.0,0.13378,929.0
1753617200357,11:53:20.357,binance,AERGO/USDT:USDT,0.13374,166.0,0.13373,164.0,0.13377,2744.0,0.13378,929.0
1753617200502,11:53:20.502,binance,AERGO/USDT:USDT,0.13374,166.0,0.13373,164.0,0.13377,2744.0,0.13378,929.0
1753617201078,11:53:21.078,binance,AERGO/USDT:USDT,0.13374,146.0,0.13373,164.0,0.13377,2649.0,0.13378,929.0
1753617201294,11:53:21.294,binance,AERGO/USDT:USDT,0.13374,117.0,0.13373,164.0,0.13377,2649.0,0.13378,929.0
1753617201438,11:53:21.438,binance,AERGO/USDT:USDT,0.13374,36.0,0.13373,164.0,0.13377,2649.0,0.13378,929.0
1753617201602,11:53:21.602,binance,AERGO/USDT:USDT,0.13373,164.0,0.13372,1255.0,0.13377,2649.0,0.13378,929.0
1753617201712,11:53:21.712,binance,AERGO/USDT:USDT,0.13373,352.0,0.13372,1067.0,0.13377,2557.0,0.13378,929.0
1753617202126,11:53:22.126,binance,AERGO/USDT:USDT,0.13373,352.0,0.13372,1067.0,0.13377,2557.0,0.13378,929.0
1753617202229,11:53:22.229,binance,AERGO/USDT:USDT,0.13373,352.0,0.13372,1067.0,0.13377,2557.0,0.13378,1738.0
1753617202637,11:53:22.637,binance,AERGO/USDT:USDT,0.13373,352.0,0.13372,1067.0,0.13377,2557.0,0.13378,1738.0
1753617202914,11:53:22.914,binance,AERGO/USDT:USDT,0.13374,2412.0,0.13373,3096.0,0.13378,805.0,0.13379,1340.0
1753617203022,11:53:23.022,binance,AERGO/USDT:USDT,0.13374,2450.0,0.13373,352.0,0.13378,805.0,0.13379,465.0
1753617203134,11:53:23.134,binance,AERGO/USDT:USDT,0.13374,2592.0,0.13373,352.0,0.13378,805.0,0.13379,1224.0
1753617203351,11:53:23.351,binance,AERGO/USDT:USDT,0.13374,2592.0,0.13373,352.0,0.13378,805.0,0.13379,465.0
1753617203647,11:53:23.647,binance,AERGO/USDT:USDT,0.13374,2592.0,0.13373,352.0,0.13378,805.0,0.13379,1433.0
1753617203750,11:53:23.750,binance,AERGO/USDT:USDT,0.13374,2592.0,0.13373,352.0,0.13378,805.0,0.13379,1433.0
1753617204241,11:53:24.241,binance,AERGO/USDT:USDT,0.13374,2592.0,0.13373,352.0,0.13378,805.0,0.13379,1433.0
1753617204791,11:53:24.791,binance,AERGO/USDT:USDT,0.13374,2592.0,0.13373,352.0,0.13378,805.0,0.13379,1433.0
1753617205283,11:53:25.283,binance,AERGO/USDT:USDT,0.13374,2592.0,0.13373,352.0,0.13378,805.0,0.13379,1433.0
1753617205391,11:53:25.391,binance,AERGO/USDT:USDT,0.13374,2592.0,0.13373,352.0,0.13378,805.0,0.13379,1433.0
1753617206148,11:53:26.148,binance,AERGO/USDT:USDT,0.13374,2592.0,0.13373,352.0,0.13378,805.0,0.13379,1433.0
1753617206254,11:53:26.254,binance,AERGO/USDT:USDT,0.13374,2592.0,0.13373,352.0,0.13378,805.0,0.13379,1433.0
1753617206411,11:53:26.411,binance,AERGO/USDT:USDT,0.13374,2592.0,0.13373,352.0,0.13378,805.0,0.13379,1433.0
1753617206688,11:53:26.688,binance,AERGO/USDT:USDT,0.13376,149.0,0.13374,2592.0,0.13378,805.0,0.13379,1433.0
1753617206797,11:53:26.797,binance,AERGO/USDT:USDT,0.13376,357.0,0.13374,2592.0,0.13378,805.0,0.13379,1433.0
1753617206959,11:53:26.959,binance,AERGO/USDT:USDT,0.13376,397.0,0.13374,2592.0,0.13378,805.0,0.13379,1433.0
1753617207502,11:53:27.502,binance,AERGO/USDT:USDT,0.13376,397.0,0.13374,2592.0,0.13378,805.0,0.13379,1433.0
1753617207949,11:53:27.949,binance,AERGO/USDT:USDT,0.13376,397.0,0.13374,2592.0,0.13378,805.0,0.13379,1433.0
1753617208224,11:53:28.224,binance,AERGO/USDT:USDT,0.13376,397.0,0.13374,2592.0,0.13377,2990.0,0.13378,929.0
1753617208993,11:53:28.993,binance,AERGO/USDT:USDT,0.13376,397.0,0.13374,2592.0,0.13377,2990.0,0.13378,929.0
1753617209162,11:53:29.162,binance,AERGO/USDT:USDT,0.13376,397.0,0.13374,2592.0,0.13377,2990.0,0.13378,929.0
1753617209681,11:53:29.681,binance,AERGO/USDT:USDT,0.13376,397.0,0.13374,2592.0,0.13377,2990.0,0.13378,929.0
1753617209798,11:53:29.798,binance,AERGO/USDT:USDT,0.13376,397.0,0.13374,2592.0,0.13378,805.0,0.13379,3284.0
1753617209903,11:53:29.903,binance,AERGO/USDT:USDT,0.13376,397.0,0.13374,2592.0,0.13378,805.0,0.13379,3284.0
1753617210061,11:53:30.061,binance,AERGO/USDT:USDT,0.13376,397.0,0.13374,2592.0,0.13378,805.0,0.13379,3284.0
1753617210222,11:53:30.222,binance,AERGO/USDT:USDT,0.13376,397.0,0.13374,2592.0,0.13378,570.0,0.13379,465.0
1753617210508,11:53:30.508,binance,AERGO/USDT:USDT,0.13376,397.0,0.13374,2592.0,0.13378,570.0,0.13379,465.0
1753617210731,11:53:30.731,binance,AERGO/USDT:USDT,0.13376,397.0,0.13374,2592.0,0.13378,570.0,0.13379,465.0
1753617211271,11:53:31.271,binance,AERGO/USDT:USDT,0.13376,397.0,0.13374,2592.0,0.13378,570.0,0.13379,465.0
1753617211387,11:53:31.387,binance,AERGO/USDT:USDT,0.13376,397.0,0.13374,2592.0,0.13378,570.0,0.13379,465.0
1753617211558,11:53:31.558,binance,AERGO/USDT:USDT,0.13376,397.0,0.13374,2592.0,0.13378,570.0,0.13379,465.0
1753617211898,11:53:31.898,binance,AERGO/USDT:USDT,0.13376,585.0,0.13374,2592.0,0.13378,570.0,0.13379,341.0
1753617212031,11:53:32.031,binance,AERGO/USDT:USDT,0.13376,585.0,0.13374,2592.0,0.13378,570.0,0.13379,465.0
1753617212811,11:53:32.811,binance,AERGO/USDT:USDT,0.13376,3404.0,0.13374,2592.0,0.13378,570.0,0.13379,465.0
1753617212914,11:53:32.914,binance,AERGO/USDT:USDT,0.13376,3404.0,0.13374,2592.0,0.13378,570.0,0.13379,465.0
1753617213421,11:53:33.421,binance,AERGO/USDT:USDT,0.13376,3404.0,0.13374,2592.0,0.13378,570.0,0.13379,465.0
1753617213564,11:53:33.564,binance,AERGO/USDT:USDT,0.13376,3404.0,0.13374,2592.0,0.13378,570.0,0.13379,465.0
1753617213961,11:53:33.961,binance,AERGO/USDT:USDT,0.13376,3404.0,0.13374,2592.0,0.13378,570.0,0.13379,465.0
1753617214257,11:53:34.257,binance,AERGO/USDT:USDT,0.13376,3404.0,0.13374,2592.0,0.13378,570.0,0.13379,465.0
1753617214471,11:53:34.471,binance,AERGO/USDT:USDT,0.13376,3404.0,0.13374,2592.0,0.13378,570.0,0.13379,465.0
1753617214588,11:53:34.588,binance,AERGO/USDT:USDT,0.13376,3404.0,0.13374,2592.0,0.13378,570.0,0.13379,465.0
1753617214755,11:53:34.755,binance,AERGO/USDT:USDT,0.13376,3404.0,0.13374,2592.0,0.13378,394.0,0.13379,465.0
1753617214924,11:53:34.924,binance,AERGO/USDT:USDT,0.13376,3404.0,0.13374,2592.0,0.13378,297.0,0.13379,124.0
1753617215061,11:53:35.061,binance,AERGO/USDT:USDT,0.13376,3404.0,0.13374,2592.0,0.13378,297.0,0.13379,124.0
1753617215308,11:53:35.308,binance,AERGO/USDT:USDT,0.13376,3404.0,0.13374,2592.0,0.13378,297.0,0.13379,124.0
1753617215537,11:53:35.537,binance,AERGO/USDT:USDT,0.13376,3404.0,0.13374,2592.0,0.13378,297.0,0.13379,124.0
1753617215754,11:53:35.754,binance,AERGO/USDT:USDT,0.13376,3404.0,0.13374,2592.0,0.13378,201.0,0.13379,124.0
1753617216102,11:53:36.102,binance,AERGO/USDT:USDT,0.13376,3404.0,0.13374,2592.0,0.13378,201.0,0.13379,124.0
1753617216702,11:53:36.702,binance,AERGO/USDT:USDT,0.13376,3404.0,0.13374,2592.0,0.13378,201.0,0.13379,124.0
1753617217302,11:53:37.302,binance,AERGO/USDT:USDT,0.13376,3404.0,0.13374,2592.0,0.13378,201.0,0.13379,124.0
1753617217801,11:53:37.801,binance,AERGO/USDT:USDT,0.13376,3404.0,0.13374,2592.0,0.13378,103.0,0.13379,124.0
1753617218003,11:53:38.003,binance,AERGO/USDT:USDT,0.13376,3404.0,0.13374,2592.0,0.13378,103.0,0.13379,124.0
1753617218123,11:53:38.123,binance,AERGO/USDT:USDT,0.13376,3404.0,0.13374,2592.0,0.13378,103.0,0.13379,124.0
1753617218376,11:53:38.376,binance,AERGO/USDT:USDT,0.13376,3404.0,0.13374,2592.0,0.13378,103.0,0.13379,124.0
1753617218902,11:53:38.902,binance,AERGO/USDT:USDT,0.13376,3404.0,0.13374,2592.0,0.13378,103.0,0.13379,124.0
1753617219502,11:53:39.502,binance,AERGO/USDT:USDT,0.13376,3404.0,0.13374,2592.0,0.13378,103.0,0.13379,124.0
1753617220308,11:53:40.308,binance,AERGO/USDT:USDT,0.13376,3404.0,0.13374,2592.0,0.13377,2990.0,0.13378,227.0
1753617220662,11:53:40.662,binance,AERGO/USDT:USDT,0.13376,3404.0,0.13374,2592.0,0.13377,2990.0,0.13378,227.0
1753617221302,11:53:41.302,binance,AERGO/USDT:USDT,0.13376,3404.0,0.13374,2592.0,0.13377,2990.0,0.13378,227.0
1753617222502,11:53:42.502,binance,AERGO/USDT:USDT,0.13376,3404.0,0.13374,2592.0,0.13377,3056.0,0.13378,227.0
1753617222664,11:53:42.664,binance,AERGO/USDT:USDT,0.13376,3404.0,0.13374,2592.0,0.13377,3056.0,0.13378,227.0
1753617223103,11:53:43.103,binance,AERGO/USDT:USDT,0.13376,3404.0,0.13374,2592.0,0.13377,3056.0,0.13378,227.0
1753617223498,11:53:43.498,binance,AERGO/USDT:USDT,0.13376,3404.0,0.13375,512.0,0.1338,40.0,0.13381,589.0
1753617223600,11:53:43.600,binance,AERGO/USDT:USDT,0.13376,3404.0,0.13375,569.0,0.13378,40.0,0.13379,124.0
1753617223702,11:53:43.702,binance,AERGO/USDT:USDT,0.13376,3404.0,0.13375,627.0,0.13378,40.0,0.13379,124.0
1753617223803,11:53:43.803,binance,AERGO/USDT:USDT,0.13376,3404.0,0.13375,677.0,0.1338,40.0,0.13381,589.0
1753617224148,11:53:44.148,binance,AERGO/USDT:USDT,0.13376,3404.0,0.13375,677.0,0.1338,40.0,0.13381,823.0
1753617224251,11:53:44.251,binance,AERGO/USDT:USDT,0.13376,3404.0,0.13375,677.0,0.1338,40.0,0.13381,823.0
1753617224418,11:53:44.418,binance,AERGO/USDT:USDT,0.13376,3404.0,0.13375,677.0,0.1338,3028.0,0.13381,823.0
1753617224802,11:53:44.802,binance,AERGO/USDT:USDT,0.13376,3404.0,0.13375,677.0,0.1338,3028.0,0.13381,823.0
1753617224963,11:53:44.963,binance,AERGO/USDT:USDT,0.13376,3404.0,0.13375,677.0,0.1338,3028.0,0.13381,823.0
1753617225402,11:53:45.402,binance,AERGO/USDT:USDT,0.13376,3404.0,0.13375,677.0,0.1338,3028.0,0.13381,823.0
1753617225920,11:53:45.920,binance,AERGO/USDT:USDT,0.13376,3404.0,0.13375,677.0,0.1338,3028.0,0.13381,823.0
1753617226023,11:53:46.023,binance,AERGO/USDT:USDT,0.13376,3404.0,0.13375,677.0,0.1338,3028.0,0.13381,823.0
1753617226287,11:53:46.287,binance,AERGO/USDT:USDT,0.13376,3404.0,0.13375,677.0,0.1338,3028.0,0.13381,823.0
1753617226474,11:53:46.474,binance,AERGO/USDT:USDT,0.13376,3443.0,0.13375,677.0,0.1338,3028.0,0.13381,823.0
1753617226601,11:53:46.601,binance,AERGO/USDT:USDT,0.13376,3443.0,0.13375,677.0,0.1338,3028.0,0.13381,823.0
1753617227002,11:53:47.002,binance,AERGO/USDT:USDT,0.13376,3443.0,0.13375,677.0,0.1338,3028.0,0.13381,823.0
1753617227602,11:53:47.602,binance,AERGO/USDT:USDT,0.13376,3443.0,0.13375,677.0,0.1338,3028.0,0.13381,823.0
1753617227803,11:53:47.803,binance,AERGO/USDT:USDT,0.13376,3443.0,0.13375,677.0,0.1338,2944.0,0.13381,823.0
1753617228171,11:53:48.171,binance,AERGO/USDT:USDT,0.13376,3443.0,0.13375,677.0,0.1338,2944.0,0.13381,823.0
1753617228302,11:53:48.302,binance,AERGO/USDT:USDT,0.13376,3443.0,0.13375,677.0,0.1338,2944.0,0.13381,823.0
1753617228702,11:53:48.702,binance,AERGO/USDT:USDT,0.13376,3443.0,0.13375,677.0,0.1338,2846.0,0.13381,823.0
1753617228813,11:53:48.813,binance,AERGO/USDT:USDT,0.13376,3443.0,0.13375,677.0,0.13381,436.0,0.13382,449.0
1753617228916,11:53:48.916,binance,AERGO/USDT:USDT,0.13376,3443.0,0.13375,677.0,0.13381,430.0,0.13382,1242.0
1753617229230,11:53:49.230,binance,AERGO/USDT:USDT,0.13376,3443.0,0.13375,677.0,0.1338,2989.0,0.13381,497.0
1753617229344,11:53:49.344,binance,AERGO/USDT:USDT,0.13376,3443.0,0.13375,677.0,0.1338,2989.0,0.13381,497.0
1753617229757,11:53:49.757,binance,AERGO/USDT:USDT,0.13376,3443.0,0.13375,677.0,0.13381,373.0,0.13382,449.0
1753617229902,11:53:49.902,binance,AERGO/USDT:USDT,0.13376,3443.0,0.13375,677.0,0.13381,430.0,0.13382,1242.0
1753617230248,11:53:50.248,binance,AERGO/USDT:USDT,0.13376,3443.0,0.13375,677.0,0.13381,430.0,0.13382,1242.0
1753617230470,11:53:50.470,binance,AERGO/USDT:USDT,0.13376,3443.0,0.13375,677.0,0.13381,430.0,0.13382,1242.0
1753617230602,11:53:50.602,binance,AERGO/USDT:USDT,0.13376,3443.0,0.13375,677.0,0.13381,430.0,0.13382,1242.0
1753617230900,11:53:50.900,binance,AERGO/USDT:USDT,0.13376,35848.0,0.13375,332.0,0.13381,373.0,0.13382,449.0
1753617231102,11:53:51.102,binance,AERGO/USDT:USDT,0.13376,35848.0,0.13375,332.0,0.13381,373.0,0.13382,449.0
1753617231301,11:53:51.301,binance,AERGO/USDT:USDT,0.13376,35848.0,0.13375,332.0,0.13381,373.0,0.13382,449.0
1753617231702,11:53:51.702,binance,AERGO/USDT:USDT,0.13376,35848.0,0.13375,332.0,0.13381,373.0,0.13382,449.0
1753617232123,11:53:52.123,binance,AERGO/USDT:USDT,0.13376,35848.0,0.13375,332.0,0.13381,430.0,0.13382,1444.0
1753617232249,11:53:52.249,binance,AERGO/USDT:USDT,0.13376,35848.0,0.13375,332.0,0.13381,430.0,0.13382,1444.0
1753617232814,11:53:52.814,binance,AERGO/USDT:USDT,0.13376,35848.0,0.13375,332.0,0.13381,276.0,0.13382,449.0
1753617233054,11:53:53.054,binance,AERGO/USDT:USDT,0.13376,36596.0,0.13375,332.0,0.13381,276.0,0.13382,449.0
1753617233302,11:53:53.302,binance,AERGO/USDT:USDT,0.13376,36596.0,0.13375,332.0,0.13381,276.0,0.13382,449.0
1753617233684,11:53:53.684,binance,AERGO/USDT:USDT,0.13376,36596.0,0.13375,332.0,0.13381,276.0,0.13382,449.0
1753617233812,11:53:53.812,binance,AERGO/USDT:USDT,0.13376,36596.0,0.13375,332.0,0.13381,276.0,0.13382,449.0
1753617233918,11:53:53.918,binance,AERGO/USDT:USDT,0.13376,36596.0,0.13375,332.0,0.13381,276.0,0.13382,1234.0
1753617234502,11:53:54.502,binance,AERGO/USDT:USDT,0.13376,36596.0,0.13375,332.0,0.13381,276.0,0.13382,1234.0
1753617234636,11:53:54.636,binance,AERGO/USDT:USDT,0.13376,36596.0,0.13375,332.0,0.13381,276.0,0.13382,1234.0
1753617234742,11:53:54.742,binance,AERGO/USDT:USDT,0.13376,36596.0,0.13375,332.0,0.13381,276.0,0.13382,1234.0
1753617234848,11:53:54.848,binance,AERGO/USDT:USDT,0.13376,36596.0,0.13375,332.0,0.13381,276.0,0.13382,1234.0
1753617234950,11:53:54.950,binance,AERGO/USDT:USDT,0.13376,36596.0,0.13375,332.0,0.13381,276.0,0.13382,1234.0
1753617235052,11:53:55.052,binance,AERGO/USDT:USDT,0.13376,36596.0,0.13375,332.0,0.13381,276.0,0.13382,1234.0
1753617235191,11:53:55.191,binance,AERGO/USDT:USDT,0.13376,36596.0,0.13375,332.0,0.13381,276.0,0.13382,1234.0
1753617235572,11:53:55.572,binance,AERGO/USDT:USDT,0.13376,36596.0,0.13375,332.0,0.13381,276.0,0.13382,1234.0
1753617236804,11:53:56.804,binance,AERGO/USDT:USDT,0.13376,36596.0,0.13375,332.0,0.13381,179.0,0.13382,449.0
1753617237846,11:53:57.846,binance,AERGO/USDT:USDT,0.13376,36596.0,0.13375,332.0,0.13381,179.0,0.13382,449.0
1753617237948,11:53:57.948,binance,AERGO/USDT:USDT,0.13376,35848.0,0.13375,332.0,0.13381,179.0,0.13382,449.0
1753617238094,11:53:58.094,binance,AERGO/USDT:USDT,0.13376,36486.0,0.13375,332.0,0.13381,179.0,0.13382,449.0
1753617238402,11:53:58.402,binance,AERGO/USDT:USDT,0.13376,36486.0,0.13375,332.0,0.13381,179.0,0.13382,449.0
1753617238667,11:53:58.667,binance,AERGO/USDT:USDT,0.13376,36486.0,0.13375,332.0,0.13381,179.0,0.13382,449.0
1753617239002,11:53:59.002,binance,AERGO/USDT:USDT,0.13376,36486.0,0.13375,332.0,0.13381,179.0,0.13382,449.0
1753617239467,11:53:59.467,binance,AERGO/USDT:USDT,0.13377,5473.0,0.13376,36610.0,0.13381,179.0,0.13382,449.0
1753617239574,11:53:59.574,binance,AERGO/USDT:USDT,0.13376,36486.0,0.13375,456.0,0.13381,179.0,0.13382,449.0
1753617239683,11:53:59.683,binance,AERGO/USDT:USDT,0.13376,36486.0,0.13375,456.0,0.13381,179.0,0.13382,449.0
1753617239972,11:53:59.972,binance,AERGO/USDT:USDT,0.13376,35848.0,0.13375,332.0,0.13381,179.0,0.13382,449.0
1753617240097,11:54:00.097,binance,AERGO/USDT:USDT,0.13376,36596.0,0.13375,332.0,0.13381,179.0,0.13382,449.0
1753617240308,11:54:00.308,binance,AERGO/USDT:USDT,0.13378,2885.0,0.13376,36596.0,0.13381,179.0,0.13382,449.0
1753617240414,11:54:00.414,binance,AERGO/USDT:USDT,0.13378,2885.0,0.13376,35848.0,0.13381,179.0,0.13382,449.0
1753617240516,11:54:00.516,binance,AERGO/USDT:USDT,0.13378,4994.0,0.13377,5396.0,0.13381,179.0,0.13382,449.0
1753617241377,11:54:01.377,binance,AERGO/USDT:USDT,0.13378,4994.0,0.13377,5846.0,0.13382,325.0,0.13383,2100.0
1753617241502,11:54:01.502,binance,AERGO/USDT:USDT,0.13378,4994.0,0.13377,5846.0,0.13382,325.0,0.13383,2100.0
1753617241754,11:54:01.754,binance,AERGO/USDT:USDT,0.13378,4994.0,0.13377,5846.0,0.13382,325.0,0.13383,2100.0
1753617241937,11:54:01.937,binance,AERGO/USDT:USDT,0.13378,4994.0,0.13377,5846.0,0.13382,325.0,0.13383,2100.0
1753617242102,11:54:02.102,binance,AERGO/USDT:USDT,0.13378,4994.0,0.13377,5846.0,0.13382,325.0,0.13383,2100.0
1753617242431,11:54:02.431,binance,AERGO/USDT:USDT,0.13378,5632.0,0.13377,5846.0,0.13382,325.0,0.13383,2100.0
1753617242555,11:54:02.555,binance,AERGO/USDT:USDT,0.13378,5632.0,0.13377,5846.0,0.13382,325.0,0.13383,2100.0
1753617242702,11:54:02.702,binance,AERGO/USDT:USDT,0.13378,5632.0,0.13377,5846.0,0.13382,223.0,0.13383,2100.0
1753617242848,11:54:02.848,binance,AERGO/USDT:USDT,0.13378,5632.0,0.13377,5773.0,0.13382,129.0,0.13383,2100.0
1753617243033,11:54:03.033,binance,AERGO/USDT:USDT,0.13378,5632.0,0.13377,5773.0,0.13382,129.0,0.13383,2100.0
1753617243302,11:54:03.302,binance,AERGO/USDT:USDT,0.13378,5632.0,0.13377,377.0,0.13382,129.0,0.13383,2100.0
1753617243758,11:54:03.758,binance,AERGO/USDT:USDT,0.13378,5632.0,0.13377,5736.0,0.13382,77.0,0.13383,2100.0
1753617243864,11:54:03.864,binance,AERGO/USDT:USDT,0.13378,5632.0,0.13377,5736.0,0.13382,77.0,0.13383,2100.0
1753617244355,11:54:04.355,binance,AERGO/USDT:USDT,0.13378,5632.0,0.13377,5736.0,0.13382,77.0,0.13383,2100.0
1753617244457,11:54:04.457,binance,AERGO/USDT:USDT,0.13378,5632.0,0.13377,5736.0,0.13382,77.0,0.13383,2100.0
1753617245002,11:54:05.002,binance,AERGO/USDT:USDT,0.13378,5632.0,0.13377,5736.0,0.13382,77.0,0.13383,2100.0
1753617245332,11:54:05.332,binance,AERGO/USDT:USDT,0.13378,5632.0,0.13377,377.0,0.13382,77.0,0.13383,2100.0
1753617245602,11:54:05.602,binance,AERGO/USDT:USDT,0.13378,5632.0,0.13377,377.0,0.13382,77.0,0.13383,2100.0
1753617245767,11:54:05.767,binance,AERGO/USDT:USDT,0.13378,5632.0,0.13377,5736.0,0.13382,77.0,0.13383,2100.0
1753617245872,11:54:05.872,binance,AERGO/USDT:USDT,0.13378,5632.0,0.13377,5736.0,0.13382,77.0,0.13383,2100.0
1753617245978,11:54:05.978,binance,AERGO/USDT:USDT,0.13378,5632.0,0.13377,5736.0,0.13382,77.0,0.13383,2100.0
1753617246215,11:54:06.215,binance,AERGO/USDT:USDT,0.13378,5632.0,0.13377,5736.0,0.13382,77.0,0.13383,2100.0
1753617246492,11:54:06.492,binance,AERGO/USDT:USDT,0.13378,5672.0,0.13377,5736.0,0.13382,77.0,0.13383,2100.0
1753617246702,11:54:06.702,binance,AERGO/USDT:USDT,0.13378,5672.0,0.13377,5736.0,0.13382,77.0,0.13383,2668.0
1753617246805,11:54:06.805,binance,AERGO/USDT:USDT,0.13378,5672.0,0.13377,5860.0,0.13383,1976.0,0.13384,3774.0
1753617246910,11:54:06.910,binance,AERGO/USDT:USDT,0.13378,5672.0,0.13377,5860.0,0.13383,1976.0,0.13384,3774.0
1753617247015,11:54:07.015,binance,AERGO/USDT:USDT,0.13378,5672.0,0.13377,5860.0,0.13383,1976.0,0.13384,3774.0
1753617247303,11:54:07.303,binance,AERGO/USDT:USDT,0.13378,5712.0,0.13377,5860.0,0.13383,1976.0,0.13384,3774.0
1753617247902,11:54:07.902,binance,AERGO/USDT:USDT,0.13378,5712.0,0.13377,377.0,0.13383,1976.0,0.13384,3774.0
1753617248061,11:54:08.061,binance,AERGO/USDT:USDT,0.13378,5712.0,0.13377,377.0,0.13383,1976.0,0.13384,5491.0
1753617248265,11:54:08.265,binance,AERGO/USDT:USDT,0.13378,5672.0,0.13377,377.0,0.13383,1976.0,0.13384,5491.0
1753617248374,11:54:08.374,binance,AERGO/USDT:USDT,0.13378,5750.0,0.13377,377.0,0.13383,1976.0,0.13384,5491.0
1753617248602,11:54:08.602,binance,AERGO/USDT:USDT,0.13378,5750.0,0.13377,377.0,0.13383,1976.0,0.13384,5491.0
1753617249003,11:54:09.003,binance,AERGO/USDT:USDT,0.13378,5750.0,0.13377,377.0,0.13383,1976.0,0.13384,5491.0
1753617249603,11:54:09.603,binance,AERGO/USDT:USDT,0.13378,5750.0,0.13377,377.0,0.13383,1976.0,0.13384,5491.0
1753617250202,11:54:10.202,binance,AERGO/USDT:USDT,0.13378,5750.0,0.13377,5711.0,0.13383,1976.0,0.13384,5491.0
1753617250802,11:54:10.802,binance,AERGO/USDT:USDT,0.13378,5750.0,0.13377,5711.0,0.13383,1874.0,0.13384,3774.0
1753617251351,11:54:11.351,binance,AERGO/USDT:USDT,0.13378,2988.0,0.13377,5711.0,0.1338,2989.0,0.13381,124.0
1753617251452,11:54:11.452,binance,AERGO/USDT:USDT,0.13378,3274.0,0.13377,5711.0,0.1338,2989.0,0.13381,490.0
1753617251601,11:54:11.601,binance,AERGO/USDT:USDT,0.13378,3274.0,0.13377,377.0,0.1338,2989.0,0.13381,490.0
1753617252002,11:54:12.002,binance,AERGO/USDT:USDT,0.13378,3274.0,0.13377,377.0,0.1338,2989.0,0.13381,490.0
1753617252107,11:54:12.107,binance,AERGO/USDT:USDT,0.13378,3274.0,0.13377,377.0,0.1338,2989.0,0.13381,490.0
1753617252411,11:54:12.411,binance,AERGO/USDT:USDT,0.13378,3274.0,0.13377,377.0,0.1338,2989.0,0.13381,490.0
1753617252602,11:54:12.602,binance,AERGO/USDT:USDT,0.13378,3274.0,0.13377,377.0,0.1338,2989.0,0.13381,490.0
1753617253002,11:54:13.002,binance,AERGO/USDT:USDT,0.13378,3274.0,0.13377,377.0,0.1338,2989.0,0.13381,124.0
1753617253202,11:54:13.202,binance,AERGO/USDT:USDT,0.13378,3274.0,0.13377,377.0,0.1338,2989.0,0.13381,124.0
1753617253474,11:54:13.474,binance,AERGO/USDT:USDT,0.13378,3274.0,0.13377,377.0,0.1338,2989.0,0.13381,694.0
1753617253807,11:54:13.807,binance,AERGO/USDT:USDT,0.13378,3274.0,0.13377,377.0,0.13382,2729.0,0.13383,2191.0
1753617253911,11:54:13.911,binance,AERGO/USDT:USDT,0.13378,3274.0,0.13377,377.0,0.13382,2729.0,0.13383,3006.0
1753617254317,11:54:14.317,binance,AERGO/USDT:USDT,0.13378,3274.0,0.13377,377.0,0.13382,2729.0,0.13383,3006.0
1753617254501,11:54:14.501,binance,AERGO/USDT:USDT,0.1338,40.0,0.13378,2636.0,0.13382,2729.0,0.13383,3006.0
1753617255575,11:54:15.575,binance,AERGO/USDT:USDT,0.1338,40.0,0.13378,2636.0,0.13382,2729.0,0.13383,3006.0
1753617255702,11:54:15.702,binance,AERGO/USDT:USDT,0.1338,40.0,0.13378,2636.0,0.13382,2729.0,0.13383,3006.0
1753617255912,11:54:15.912,binance,AERGO/USDT:USDT,0.1338,40.0,0.13378,2636.0,0.13382,2633.0,0.13383,1998.0
1753617256102,11:54:16.102,binance,AERGO/USDT:USDT,0.1338,40.0,0.13378,2636.0,0.13382,2633.0,0.13383,3005.0
1753617256335,11:54:16.335,binance,AERGO/USDT:USDT,0.1338,40.0,0.13378,2636.0,0.13382,2633.0,0.13383,1998.0
1753617256808,11:54:16.808,binance,AERGO/USDT:USDT,0.1338,40.0,0.13378,2636.0,0.13382,2445.0,0.13383,1998.0
1753617257132,11:54:17.132,binance,AERGO/USDT:USDT,0.1338,40.0,0.13378,2636.0,0.13382,2445.0,0.13383,1998.0
1753617257235,11:54:17.235,binance,AERGO/USDT:USDT,0.1338,40.0,0.13378,2636.0,0.13382,2445.0,0.13383,1998.0
1753617257386,11:54:17.386,binance,AERGO/USDT:USDT,0.1338,40.0,0.13378,2636.0,0.13382,2445.0,0.13383,1998.0
1753617259590,11:54:19.590,binance,AERGO/USDT:USDT,0.1338,1158.0,0.13378,2636.0,0.13382,2445.0,0.13383,1998.0
1753617259695,11:54:19.695,binance,AERGO/USDT:USDT,0.1338,2204.0,0.13378,2636.0,0.13382,2445.0,0.13383,1998.0
1753617260102,11:54:20.102,binance,AERGO/USDT:USDT,0.1338,2204.0,0.13378,2636.0,0.13382,2445.0,0.13383,1998.0
1753617260511,11:54:20.511,binance,AERGO/USDT:USDT,0.1338,2359.0,0.13378,2350.0,0.13382,2445.0,0.13383,1998.0
1753617260872,11:54:20.872,binance,AERGO/USDT:USDT,0.1338,2359.0,0.13378,2350.0,0.13383,1874.0,0.13384,3774.0
1753617260979,11:54:20.979,binance,AERGO/USDT:USDT,0.1338,2359.0,0.13378,2350.0,0.13383,1874.0,0.13384,3774.0
1753617261302,11:54:21.302,binance,AERGO/USDT:USDT,0.1338,2359.0,0.13378,2350.0,0.13383,1874.0,0.13384,3774.0
1753617261503,11:54:21.503,binance,AERGO/USDT:USDT,0.1338,2359.0,0.13378,2350.0,0.13383,1874.0,0.13384,3774.0
1753617262102,11:54:22.102,binance,AERGO/USDT:USDT,0.1338,2359.0,0.13378,2350.0,0.13383,1777.0,0.13384,3774.0
1753617262671,11:54:22.671,binance,AERGO/USDT:USDT,0.1338,2359.0,0.13378,2350.0,0.13383,1777.0,0.13384,3774.0
1753617262774,11:54:22.774,binance,AERGO/USDT:USDT,0.1338,2359.0,0.13378,2350.0,0.13383,1777.0,0.13384,3774.0
1753617263060,11:54:23.060,binance,AERGO/USDT:USDT,0.1338,2359.0,0.13378,2350.0,0.13383,1777.0,0.13384,3774.0
1753617263302,11:54:23.302,binance,AERGO/USDT:USDT,0.1338,2359.0,0.13378,2350.0,0.13383,1777.0,0.13384,3774.0
1753617263410,11:54:23.410,binance,AERGO/USDT:USDT,0.1338,2359.0,0.13378,2350.0,0.13383,1777.0,0.13384,3774.0
1753617263726,11:54:23.726,binance,AERGO/USDT:USDT,0.1338,2359.0,0.13378,2350.0,0.13383,1777.0,0.13384,3774.0
1753617263902,11:54:23.902,binance,AERGO/USDT:USDT,0.1338,2359.0,0.13378,2350.0,0.13383,1777.0,0.13384,3774.0
1753617264108,11:54:24.108,binance,AERGO/USDT:USDT,0.1338,2359.0,0.13378,2350.0,0.13381,2989.0,0.13382,124.0
1753617264321,11:54:24.321,binance,AERGO/USDT:USDT,0.1338,2359.0,0.13378,2350.0,0.13381,2989.0,0.13382,124.0
1753617265502,11:54:25.502,binance,AERGO/USDT:USDT,0.1338,2359.0,0.13378,2350.0,0.13381,2989.0,0.13382,124.0
1753617265808,11:54:25.808,binance,AERGO/USDT:USDT,0.1338,2359.0,0.13378,2350.0,0.13383,1777.0,0.13384,786.0
1753617265918,11:54:25.918,binance,AERGO/USDT:USDT,0.1338,2359.0,0.13378,2350.0,0.13383,1777.0,0.13384,786.0
1753617266128,11:54:26.128,binance,AERGO/USDT:USDT,0.1338,2359.0,0.13378,2350.0,0.13383,1815.0,0.13384,786.0
1753617266318,11:54:26.318,binance,AERGO/USDT:USDT,0.1338,2359.0,0.13378,2350.0,0.13383,1815.0,0.13384,786.0
1753617266517,11:54:26.517,binance,AERGO/USDT:USDT,0.1338,2400.0,0.13378,2310.0,0.13383,1815.0,0.13384,3774.0
1753617266620,11:54:26.620,binance,AERGO/USDT:USDT,0.1338,2400.0,0.13378,2310.0,0.13383,1815.0,0.13384,3774.0
1753617267102,11:54:27.102,binance,AERGO/USDT:USDT,0.1338,2400.0,0.13378,2310.0,0.13383,1815.0,0.13384,3774.0
1753617267702,11:54:27.702,binance,AERGO/USDT:USDT,0.1338,2400.0,0.13378,2310.0,0.13383,1815.0,0.13384,3774.0
1753617267976,11:54:27.976,binance,AERGO/USDT:USDT,0.1338,2400.0,0.13378,2232.0,0.13383,1815.0,0.13384,3774.0
1753617268085,11:54:28.085,binance,AERGO/USDT:USDT,0.1338,2400.0,0.13378,2232.0,0.13383,2036.0,0.13384,3774.0
1753617268302,11:54:28.302,binance,AERGO/USDT:USDT,0.1338,2400.0,0.13378,2232.0,0.13383,2036.0,0.13384,3774.0
1753617268808,11:54:28.808,binance,AERGO/USDT:USDT,0.1338,2400.0,0.13378,2232.0,0.13383,1942.0,0.13384,3774.0
1753617268955,11:54:28.955,binance,AERGO/USDT:USDT,0.1338,2400.0,0.13378,2232.0,0.13383,1942.0,0.13384,3774.0
1753617269502,11:54:29.502,binance,AERGO/USDT:USDT,0.1338,2400.0,0.13378,2232.0,0.13383,1942.0,0.13384,3774.0
1753617270061,11:54:30.061,binance,AERGO/USDT:USDT,0.1338,2400.0,0.13378,2232.0,0.13383,1942.0,0.13384,3774.0
1753617270270,11:54:30.270,binance,AERGO/USDT:USDT,0.13381,108.0,0.1338,2360.0,0.13383,1942.0,0.13384,3774.0
1753617270388,11:54:30.388,binance,AERGO/USDT:USDT,0.13381,108.0,0.1338,2360.0,0.13383,1942.0,0.13384,3774.0
1753617270575,11:54:30.575,binance,AERGO/USDT:USDT,0.13381,108.0,0.1338,2360.0,0.13383,1942.0,0.13384,3774.0
1753617270918,11:54:30.918,binance,AERGO/USDT:USDT,0.13381,108.0,0.1338,2360.0,0.13383,1853.0,0.13384,3774.0
1753617271029,11:54:31.029,binance,AERGO/USDT:USDT,0.13381,108.0,0.1338,2360.0,0.13383,1853.0,0.13384,3774.0
1753617271184,11:54:31.184,binance,AERGO/USDT:USDT,0.13381,108.0,0.1338,2360.0,0.13383,1853.0,0.13384,3774.0
1753617271286,11:54:31.286,binance,AERGO/USDT:USDT,0.13381,108.0,0.1338,2360.0,0.13383,1853.0,0.13384,3774.0
1753617271638,11:54:31.638,binance,AERGO/USDT:USDT,0.13381,108.0,0.1338,2360.0,0.13383,1853.0,0.13384,3774.0
1753617271761,11:54:31.761,binance,AERGO/USDT:USDT,0.13381,108.0,0.1338,2360.0,0.13383,1659.0,0.13384,3774.0
1753617271899,11:54:31.899,binance,AERGO/USDT:USDT,0.13381,108.0,0.1338,2360.0,0.13383,1659.0,0.13384,3774.0
1753617272021,11:54:32.021,binance,AERGO/USDT:USDT,0.13381,108.0,0.1338,2360.0,0.13383,1659.0,0.13384,3774.0
1753617272502,11:54:32.502,binance,AERGO/USDT:USDT,0.13381,108.0,0.1338,2360.0,0.13383,1659.0,0.13384,3774.0
1753617273102,11:54:33.102,binance,AERGO/USDT:USDT,0.13381,108.0,0.1338,2360.0,0.13383,1659.0,0.13384,3774.0
1753617273702,11:54:33.702,binance,AERGO/USDT:USDT,0.13381,108.0,0.1338,2360.0,0.13383,1659.0,0.13384,3774.0
1753617274303,11:54:34.303,binance,AERGO/USDT:USDT,0.13381,108.0,0.1338,2360.0,0.13383,1659.0,0.13384,3774.0
1753617274519,11:54:34.519,binance,AERGO/USDT:USDT,0.13381,108.0,0.1338,2360.0,0.13383,4458.0,0.13384,3774.0
1753617274626,11:54:34.626,binance,AERGO/USDT:USDT,0.13381,108.0,0.1338,2360.0,0.13383,4458.0,0.13384,3774.0
1753617275384,11:54:35.384,binance,AERGO/USDT:USDT,0.13381,268.0,0.1338,2360.0,0.13383,4458.0,0.13384,3774.0
1753617275487,11:54:35.487,binance,AERGO/USDT:USDT,0.13381,338.0,0.1338,2360.0,0.13383,4458.0,0.13384,3774.0
1753617276002,11:54:36.002,binance,AERGO/USDT:USDT,0.13381,338.0,0.1338,2360.0,0.13383,4458.0,0.13384,3774.0
1753617276108,11:54:36.108,binance,AERGO/USDT:USDT,0.13381,338.0,0.1338,2360.0,0.13383,4458.0,0.13384,786.0
1753617276318,11:54:36.318,binance,AERGO/USDT:USDT,0.13381,338.0,0.1338,2360.0,0.13382,2989.0,0.13383,4582.0
1753617276452,11:54:36.452,binance,AERGO/USDT:USDT,0.13381,338.0,0.1338,2360.0,0.13382,2989.0,0.13383,4582.0
1753617276602,11:54:36.602,binance,AERGO/USDT:USDT,0.13381,338.0,0.1338,2360.0,0.13382,2989.0,0.13383,4582.0
1753617276809,11:54:36.809,binance,AERGO/USDT:USDT,0.13381,338.0,0.1338,2360.0,0.13383,4458.0,0.13384,786.0
1753617277202,11:54:37.202,binance,AERGO/USDT:USDT,0.13381,338.0,0.1338,2360.0,0.13383,4458.0,0.13384,786.0
1753617277318,11:54:37.318,binance,AERGO/USDT:USDT,0.13381,338.0,0.1338,2360.0,0.13383,4458.0,0.13384,3774.0
1753617277528,11:54:37.528,binance,AERGO/USDT:USDT,0.13381,338.0,0.1338,2360.0,0.13383,4458.0,0.13384,3774.0
1753617277728,11:54:37.728,binance,AERGO/USDT:USDT,0.13381,338.0,0.1338,2360.0,0.13383,4458.0,0.13384,3774.0
1753617277830,11:54:37.830,binance,AERGO/USDT:USDT,0.13381,338.0,0.1338,2360.0,0.13383,4458.0,0.13384,3774.0
1753617278028,11:54:38.028,binance,AERGO/USDT:USDT,0.13381,338.0,0.1338,2360.0,0.13383,4458.0,0.13384,3774.0
1753617278238,11:54:38.238,binance,AERGO/USDT:USDT,0.13381,338.0,0.1338,2360.0,0.13383,4458.0,0.13384,3774.0
1753617278402,11:54:38.402,binance,AERGO/USDT:USDT,0.13381,338.0,0.1338,2360.0,0.13383,4458.0,0.13384,3774.0
1753617278647,11:54:38.647,binance,AERGO/USDT:USDT,0.13378,123.0,0.13377,5340.0,0.13379,555.0,0.1338,630.0
1753617278749,11:54:38.749,binance,AERGO/USDT:USDT,0.13378,123.0,0.13376,32906.0,0.13379,555.0,0.1338,754.0
1753617278874,11:54:38.874,binance,AERGO/USDT:USDT,0.13378,123.0,0.13376,32782.0,0.13379,698.0,0.1338,754.0
1753617278986,11:54:38.986,binance,AERGO/USDT:USDT,0.13378,123.0,0.13376,32782.0,0.13379,698.0,0.1338,754.0
1753617279123,11:54:39.123,binance,AERGO/USDT:USDT,0.13378,595.0,0.13376,32782.0,0.13379,698.0,0.1338,754.0
1753617279252,11:54:39.252,binance,AERGO/USDT:USDT,0.13378,595.0,0.13376,32782.0,0.13379,698.0,0.1338,754.0
1753617279388,11:54:39.388,binance,AERGO/USDT:USDT,0.13378,595.0,0.13376,32782.0,0.13379,698.0,0.1338,754.0
1753617279633,11:54:39.633,binance,AERGO/USDT:USDT,0.13378,1436.0,0.13376,33664.0,0.13379,698.0,0.1338,754.0
1753617279738,11:54:39.738,binance,AERGO/USDT:USDT,0.13378,1436.0,0.13376,33664.0,0.13379,698.0,0.1338,754.0
1753617279887,11:54:39.887,binance,AERGO/USDT:USDT,0.13378,1436.0,0.13376,33664.0,0.13379,698.0,0.1338,754.0
1753617280005,11:54:40.005,binance,AERGO/USDT:USDT,0.13378,1484.0,0.13376,33664.0,0.13379,698.0,0.1338,754.0
1753617280131,11:54:40.131,binance,AERGO/USDT:USDT,0.13378,1484.0,0.13376,33664.0,0.13379,698.0,0.1338,754.0
1753617280451,11:54:40.451,binance,AERGO/USDT:USDT,0.13378,1484.0,0.13376,33664.0,0.13379,698.0,0.1338,754.0
1753617280554,11:54:40.554,binance,AERGO/USDT:USDT,0.13378,1484.0,0.13376,33664.0,0.13379,698.0,0.1338,754.0
1753617280665,11:54:40.665,binance,AERGO/USDT:USDT,0.13378,1484.0,0.13376,33664.0,0.13379,698.0,0.1338,754.0
1753617281202,11:54:41.202,binance,AERGO/USDT:USDT,0.13378,1484.0,0.13376,33664.0,0.13379,698.0,0.1338,124.0
1753617281489,11:54:41.489,binance,AERGO/USDT:USDT,0.13378,1484.0,0.13376,33664.0,0.13379,698.0,0.1338,124.0
1753617281602,11:54:41.602,binance,AERGO/USDT:USDT,0.13378,1484.0,0.13376,33664.0,0.13379,698.0,0.1338,124.0
1753617282360,11:54:42.360,binance,AERGO/USDT:USDT,0.13376,33664.0,0.13375,38.0,0.13377,555.0,0.13378,124.0
1753617282497,11:54:42.497,binance,AERGO/USDT:USDT,0.13376,33664.0,0.13375,38.0,0.13377,555.0,0.13378,124.0
1753617282636,11:54:42.636,binance,AERGO/USDT:USDT,0.13376,33664.0,0.13375,38.0,0.13377,555.0,0.13378,124.0
1753617282951,11:54:42.951,binance,AERGO/USDT:USDT,0.13376,33664.0,0.13375,38.0,0.13377,555.0,0.13378,124.0
1753617283055,11:54:43.055,binance,AERGO/USDT:USDT,0.13376,33664.0,0.13375,38.0,0.13377,555.0,0.13378,124.0
1753617283329,11:54:43.329,binance,AERGO/USDT:USDT,0.13376,33664.0,0.13375,1200.0,0.13377,555.0,0.13378,124.0
1753617283501,11:54:43.501,binance,AERGO/USDT:USDT,0.13376,33664.0,0.13375,1200.0,0.13377,555.0,0.13378,124.0
1753617283604,11:54:43.604,binance,AERGO/USDT:USDT,0.13376,33664.0,0.13375,1200.0,0.13377,555.0,0.13378,124.0
1753617284061,11:54:44.061,binance,AERGO/USDT:USDT,0.13376,33664.0,0.13375,1200.0,0.13377,555.0,0.13378,124.0
1753617284387,11:54:44.387,binance,AERGO/USDT:USDT,0.13376,33684.0,0.13375,1200.0,0.13377,555.0,0.13378,124.0
1753617284602,11:54:44.602,binance,AERGO/USDT:USDT,0.13376,33684.0,0.13375,1200.0,0.13377,555.0,0.13378,124.0
1753617284755,11:54:44.755,binance,AERGO/USDT:USDT,0.13376,33724.0,0.13375,1200.0,0.13377,555.0,0.13378,124.0
1753617285202,11:54:45.202,binance,AERGO/USDT:USDT,0.13376,33724.0,0.13375,1200.0,0.13377,555.0,0.13378,124.0
1753617285802,11:54:45.802,binance,AERGO/USDT:USDT,0.13376,33724.0,0.13375,1200.0,0.13377,555.0,0.13378,124.0
1753617286357,11:54:46.357,binance,AERGO/USDT:USDT,0.13376,33724.0,0.13375,1200.0,0.13377,555.0,0.13378,124.0
1753617286902,11:54:46.902,binance,AERGO/USDT:USDT,0.13376,33724.0,0.13375,1200.0,0.13377,555.0,0.13378,124.0
1753617287107,11:54:47.107,binance,AERGO/USDT:USDT,0.13376,33724.0,0.13375,1200.0,0.13377,555.0,0.13378,124.0
1753617287308,11:54:47.308,binance,AERGO/USDT:USDT,0.13376,33724.0,0.13375,1200.0,0.13377,555.0,0.13378,124.0
1753617287502,11:54:47.502,binance,AERGO/USDT:USDT,0.13376,33724.0,0.13375,1200.0,0.13377,555.0,0.13378,124.0
1753617288011,11:54:48.011,binance,AERGO/USDT:USDT,0.1337,466.0,0.13369,3307.0,0.13373,555.0,0.13375,2363.0
1753617288114,11:54:48.114,binance,AERGO/USDT:USDT,0.1337,466.0,0.13369,3307.0,0.13373,555.0,0.13375,2053.0
1753617288223,11:54:48.223,binance,AERGO/USDT:USDT,0.1337,466.0,0.13369,3307.0,0.13373,555.0,0.13374,746.0
1753617288329,11:54:48.329,binance,AERGO/USDT:USDT,0.1337,342.0,0.13369,3183.0,0.13373,555.0,0.13374,746.0
1753617288433,11:54:48.433,binance,AERGO/USDT:USDT,0.1337,342.0,0.13369,3183.0,0.13373,555.0,0.13374,746.0
1753617288647,11:54:48.647,binance,AERGO/USDT:USDT,0.1337,342.0,0.13369,3183.0,0.13373,555.0,0.13374,870.0
1753617288753,11:54:48.753,binance,AERGO/USDT:USDT,0.1337,342.0,0.13369,3183.0,0.13373,555.0,0.13374,870.0
1753617288861,11:54:48.861,binance,AERGO/USDT:USDT,0.1337,342.0,0.13369,3183.0,0.13373,555.0,0.13374,870.0
1753617289038,11:54:49.038,binance,AERGO/USDT:USDT,0.1337,1329.0,0.13369,3884.0,0.13373,555.0,0.13374,870.0
1753617289144,11:54:49.144,binance,AERGO/USDT:USDT,0.1337,1329.0,0.13369,3884.0,0.13373,555.0,0.13374,870.0
1753617289362,11:54:49.362,binance,AERGO/USDT:USDT,0.1337,987.0,0.13369,3884.0,0.13372,5104.0,0.13373,124.0
1753617289468,11:54:49.468,binance,AERGO/USDT:USDT,0.1337,987.0,0.13369,3884.0,0.13372,5104.0,0.13373,124.0
1753617289872,11:54:49.872,binance,AERGO/USDT:USDT,0.1337,987.0,0.13369,3884.0,0.13372,5104.0,0.13373,124.0
1753617290415,11:54:50.415,binance,AERGO/USDT:USDT,0.1337,987.0,0.13369,3884.0,0.13372,5104.0,0.13373,124.0
1753617290997,11:54:50.997,binance,AERGO/USDT:USDT,0.1337,987.0,0.13369,3884.0,0.13372,5104.0,0.13373,124.0
1753617291100,11:54:51.100,binance,AERGO/USDT:USDT,0.1337,987.0,0.13369,3884.0,0.13372,5104.0,0.13373,124.0
1753617291409,11:54:51.409,binance,AERGO/USDT:USDT,0.1337,987.0,0.13369,3884.0,0.13372,5104.0,0.13373,124.0
1753617291602,11:54:51.602,binance,AERGO/USDT:USDT,0.1337,987.0,0.13369,3884.0,0.13372,5104.0,0.13373,124.0
1753617291711,11:54:51.711,binance,AERGO/USDT:USDT,0.1337,887.0,0.13369,1041.0,0.13372,8095.0,0.13373,124.0
1753617291817,11:54:51.817,binance,AERGO/USDT:USDT,0.1337,887.0,0.13369,1041.0,0.13372,8095.0,0.13373,124.0
1753617291957,11:54:51.957,binance,AERGO/USDT:USDT,0.1337,887.0,0.13369,1041.0,0.13372,8095.0,0.13373,124.0
1753617292158,11:54:52.158,binance,AERGO/USDT:USDT,0.1337,887.0,0.13369,1041.0,0.13372,8095.0,0.13373,124.0
1753617292311,11:54:52.311,binance,AERGO/USDT:USDT,0.1337,887.0,0.13369,1041.0,0.13372,8095.0,0.13373,124.0
1753617292568,11:54:52.568,binance,AERGO/USDT:USDT,0.1337,887.0,0.13369,1041.0,0.13372,8095.0,0.13373,124.0
1753617292821,11:54:52.821,binance,AERGO/USDT:USDT,0.1337,887.0,0.13369,1041.0,0.13372,8095.0,0.13373,124.0
1753617293223,11:54:53.223,binance,AERGO/USDT:USDT,0.1337,887.0,0.13369,1041.0,0.13372,8095.0,0.13373,124.0
1753617293432,11:54:53.432,binance,AERGO/USDT:USDT,0.1337,887.0,0.13369,1041.0,0.13372,8095.0,0.13373,124.0
1753617293951,11:54:53.951,binance,AERGO/USDT:USDT,0.1337,887.0,0.13369,1041.0,0.13372,8095.0,0.13373,124.0
1753617294502,11:54:54.502,binance,AERGO/USDT:USDT,0.1337,887.0,0.13369,1041.0,0.13372,8095.0,0.13373,124.0
1753617294789,11:54:54.789,binance,AERGO/USDT:USDT,0.1337,887.0,0.13369,1041.0,0.13372,8095.0,0.13373,124.0
1753617295102,11:54:55.102,binance,AERGO/USDT:USDT,0.1337,887.0,0.13369,1041.0,0.13372,8095.0,0.13373,124.0
1753617295208,11:54:55.208,binance,AERGO/USDT:USDT,0.1337,887.0,0.13369,1041.0,0.13372,8095.0,0.13373,124.0
1753617295702,11:54:55.702,binance,AERGO/USDT:USDT,0.1337,887.0,0.13369,1041.0,0.13372,8095.0,0.13373,124.0
1753617296303,11:54:56.303,binance,AERGO/USDT:USDT,0.1337,887.0,0.13369,1041.0,0.13372,8095.0,0.13373,124.0
1753617296902,11:54:56.902,binance,AERGO/USDT:USDT,0.1337,887.0,0.13369,1041.0,0.13372,8095.0,0.13373,124.0
1753617297095,11:54:57.095,binance,AERGO/USDT:USDT,0.1337,887.0,0.13369,1041.0,0.13372,8095.0,0.13373,124.0
1753617297502,11:54:57.502,binance,AERGO/USDT:USDT,0.1337,887.0,0.13369,1041.0,0.13372,8095.0,0.13373,124.0
1753617297635,11:54:57.635,binance,AERGO/USDT:USDT,0.13373,2798.0,0.13372,3149.0,0.13378,922.0,0.13379,3413.0
1753617297736,11:54:57.736,binance,AERGO/USDT:USDT,0.13375,2798.0,0.13374,3270.0,0.1338,3295.0,0.13381,3396.0
1753617297844,11:54:57.844,binance,AERGO/USDT:USDT,0.13375,2798.0,0.13374,472.0,0.1338,3295.0,0.13381,3396.0
1753617298096,11:54:58.096,binance,AERGO/USDT:USDT,0.13375,3820.0,0.13374,1278.0,0.1338,3295.0,0.13381,3396.0
1753617298201,11:54:58.201,binance,AERGO/USDT:USDT,0.13375,3820.0,0.13374,1278.0,0.1338,3295.0,0.13381,3396.0
1753617298348,11:54:58.348,binance,AERGO/USDT:USDT,0.13375,3820.0,0.13374,1278.0,0.1338,3295.0,0.13381,3396.0
1753617298692,11:54:58.692,binance,AERGO/USDT:USDT,0.13376,2771.0,0.13375,1022.0,0.13381,3272.0,0.13382,478.0
1753617298799,11:54:58.799,binance,AERGO/USDT:USDT,0.13376,2771.0,0.13375,1022.0,0.13381,3272.0,0.13382,478.0
1753617298995,11:54:58.995,binance,AERGO/USDT:USDT,0.13376,3763.0,0.13375,1022.0,0.13381,3272.0,0.13382,478.0
1753617299291,11:54:59.291,binance,AERGO/USDT:USDT,0.13376,3763.0,0.13375,1022.0,0.13381,3272.0,0.13382,478.0
1753617299803,11:54:59.803,binance,AERGO/USDT:USDT,0.13376,3763.0,0.13375,1022.0,0.13381,3272.0,0.13382,478.0
1753617300002,11:55:00.002,binance,AERGO/USDT:USDT,0.13376,3763.0,0.13375,1022.0,0.13381,3272.0,0.13382,478.0
1753617300105,11:55:00.105,binance,AERGO/USDT:USDT,0.13376,3763.0,0.13375,1022.0,0.13381,3272.0,0.13382,478.0
1753617300276,11:55:00.276,binance,AERGO/USDT:USDT,0.13376,3763.0,0.13375,1022.0,0.13381,3272.0,0.13382,478.0
1753617300528,11:55:00.528,binance,AERGO/USDT:USDT,0.13376,3763.0,0.13375,1022.0,0.13381,3272.0,0.13382,478.0
1753617300675,11:55:00.675,binance,AERGO/USDT:USDT,0.13376,3763.0,0.13375,1022.0,0.13381,3272.0,0.13382,478.0
1753617300865,11:55:00.865,binance,AERGO/USDT:USDT,0.13376,3763.0,0.13375,1022.0,0.13381,3272.0,0.13382,478.0
1753617301002,11:55:01.002,binance,AERGO/USDT:USDT,0.13376,3763.0,0.13375,1022.0,0.13381,3272.0,0.13382,1263.0
1753617301202,11:55:01.202,binance,AERGO/USDT:USDT,0.13376,3763.0,0.13375,1022.0,0.13381,3272.0,0.13382,1263.0
1753617301802,11:55:01.802,binance,AERGO/USDT:USDT,0.13376,3763.0,0.13375,1022.0,0.13381,3272.0,0.13382,1263.0
1753617302402,11:55:02.402,binance,AERGO/USDT:USDT,0.13376,3763.0,0.13375,1022.0,0.13381,3272.0,0.13382,1263.0
1753617302802,11:55:02.802,binance,AERGO/USDT:USDT,0.13376,3763.0,0.13375,1022.0,0.13381,3272.0,0.13382,478.0
1753617303444,11:55:03.444,binance,AERGO/USDT:USDT,0.13378,749.0,0.13376,3763.0,0.13381,124.0,0.13382,1263.0
1753617303550,11:55:03.550,binance,AERGO/USDT:USDT,0.13378,749.0,0.13376,3763.0,0.13381,124.0,0.13382,1263.0
1753617303799,11:55:03.799,binance,AERGO/USDT:USDT,0.13378,1860.0,0.13376,3763.0,0.13381,124.0,0.13382,478.0
1753617304102,11:55:04.102,binance,AERGO/USDT:USDT,0.13378,1860.0,0.13376,3763.0,0.13381,124.0,0.13382,478.0
1753617304269,11:55:04.269,binance,AERGO/USDT:USDT,0.13378,1860.0,0.13376,3763.0,0.13381,124.0,0.13382,478.0
1753617304497,11:55:04.497,binance,AERGO/USDT:USDT,0.13378,1860.0,0.13376,3763.0,0.13381,124.0,0.13382,478.0
1753617304739,11:55:04.739,binance,AERGO/USDT:USDT,0.13378,1045.0,0.13376,992.0,0.13381,2895.0,0.13382,478.0
1753617304900,11:55:04.900,binance,AERGO/USDT:USDT,0.13378,1045.0,0.13376,992.0,0.13381,2895.0,0.13382,478.0
1753617305228,11:55:05.228,binance,AERGO/USDT:USDT,0.13378,1045.0,0.13376,992.0,0.13381,2895.0,0.13382,478.0
1753617306402,11:55:06.402,binance,AERGO/USDT:USDT,0.13378,1045.0,0.13376,992.0,0.13381,2895.0,0.13382,478.0
1753617307002,11:55:07.002,binance,AERGO/USDT:USDT,0.13378,1045.0,0.13376,992.0,0.13381,2895.0,0.13382,478.0
1753617307602,11:55:07.602,binance,AERGO/USDT:USDT,0.13378,1045.0,0.13376,992.0,0.13381,2895.0,0.13382,478.0
1753617308108,11:55:08.108,binance,AERGO/USDT:USDT,0.13378,1045.0,0.13376,992.0,0.1338,2988.0,0.13381,3019.0
1753617308211,11:55:08.211,binance,AERGO/USDT:USDT,0.13378,1045.0,0.13376,992.0,0.1338,2988.0,0.13381,3019.0
1753617308811,11:55:08.811,binance,AERGO/USDT:USDT,0.13378,1045.0,0.13376,992.0,0.1338,2988.0,0.13381,3019.0
1753617308917,11:55:08.917,binance,AERGO/USDT:USDT,0.13378,1045.0,0.13376,992.0,0.1338,3106.0,0.13381,3019.0
1753617309062,11:55:09.062,binance,AERGO/USDT:USDT,0.13378,1045.0,0.13376,992.0,0.1338,3106.0,0.13381,3019.0
1753617309302,11:55:09.302,binance,AERGO/USDT:USDT,0.13378,1045.0,0.13376,992.0,0.1338,3106.0,0.13381,3019.0
1753617309451,11:55:09.451,binance,AERGO/USDT:USDT,0.13378,1045.0,0.13376,992.0,0.1338,3106.0,0.13381,3019.0
1753617309561,11:55:09.561,binance,AERGO/USDT:USDT,0.13378,1045.0,0.13376,992.0,0.1338,3106.0,0.13381,3019.0
1753617309804,11:55:09.804,binance,AERGO/USDT:USDT,0.13378,1045.0,0.13376,992.0,0.1338,3106.0,0.13381,3019.0
1753617310341,11:55:10.341,binance,AERGO/USDT:USDT,0.13378,1045.0,0.13376,992.0,0.1338,3106.0,0.13381,3019.0
1753617310544,11:55:10.544,binance,AERGO/USDT:USDT,0.13378,1045.0,0.13376,992.0,0.1338,3106.0,0.13381,3019.0
1753617310902,11:55:10.902,binance,AERGO/USDT:USDT,0.13378,1045.0,0.13376,992.0,0.1338,3106.0,0.13381,3019.0
1753617311502,11:55:11.502,binance,AERGO/USDT:USDT,0.13378,1045.0,0.13376,992.0,0.1338,3106.0,0.13381,3019.0
1753617312012,11:55:12.012,binance,AERGO/USDT:USDT,0.13378,1045.0,0.13376,992.0,0.1338,3106.0,0.13381,3019.0
1753617312121,11:55:12.121,binance,AERGO/USDT:USDT,0.13378,1045.0,0.13376,992.0,0.1338,3106.0,0.13381,3019.0
1753617312399,11:55:12.399,binance,AERGO/USDT:USDT,0.13378,1045.0,0.13376,992.0,0.1338,3106.0,0.13381,3019.0
1753617312602,11:55:12.602,binance,AERGO/USDT:USDT,0.13378,1045.0,0.13376,992.0,0.1338,3106.0,0.13381,3019.0
1753617313602,11:55:13.602,binance,AERGO/USDT:USDT,0.13378,1045.0,0.13376,992.0,0.1338,3106.0,0.13381,3019.0
1753617313802,11:55:13.802,binance,AERGO/USDT:USDT,0.13378,1045.0,0.13376,992.0,0.1338,3106.0,0.13381,3019.0
1753617314402,11:55:14.402,binance,AERGO/USDT:USDT,0.13378,1045.0,0.13376,992.0,0.1338,3106.0,0.13381,3019.0
1753617315002,11:55:15.002,binance,AERGO/USDT:USDT,0.13378,1045.0,0.13376,992.0,0.1338,3106.0,0.13381,3019.0
1753617315287,11:55:15.287,binance,AERGO/USDT:USDT,0.13378,1045.0,0.13376,992.0,0.1338,3146.0,0.13381,3019.0
1753617315402,11:55:15.402,binance,AERGO/USDT:USDT,0.13378,1045.0,0.13376,992.0,0.1338,3146.0,0.13381,3019.0
1753617315692,11:55:15.692,binance,AERGO/USDT:USDT,0.13378,1045.0,0.13376,992.0,0.1338,158.0,0.13381,3019.0
1753617315961,11:55:15.961,binance,AERGO/USDT:USDT,0.13378,703.0,0.13376,992.0,0.1338,2992.0,0.13381,3019.0
1753617316067,11:55:16.067,binance,AERGO/USDT:USDT,0.13378,703.0,0.13376,992.0,0.1338,5980.0,0.13381,248.0
1753617316330,11:55:16.330,binance,AERGO/USDT:USDT,0.13378,703.0,0.13376,992.0,0.1338,5980.0,0.13381,248.0
1753617316441,11:55:16.441,binance,AERGO/USDT:USDT,0.13378,703.0,0.13376,992.0,0.1338,5980.0,0.13381,248.0
1753617316602,11:55:16.602,binance,AERGO/USDT:USDT,0.13378,703.0,0.13376,992.0,0.1338,5980.0,0.13381,248.0
1753617316770,11:55:16.770,binance,AERGO/USDT:USDT,0.13376,992.0,0.13375,340.0,0.13377,555.0,0.13379,2958.0
1753617317202,11:55:17.202,binance,AERGO/USDT:USDT,0.13376,992.0,0.13375,340.0,0.13379,2834.0,0.1338,5179.0
1753617317305,11:55:17.305,binance,AERGO/USDT:USDT,0.13376,992.0,0.13375,340.0,0.13379,2834.0,0.1338,4987.0
1753617317446,11:55:17.446,binance,AERGO/USDT:USDT,0.13376,992.0,0.13375,340.0,0.13379,2834.0,0.1338,4987.0
1753617317702,11:55:17.702,binance,AERGO/USDT:USDT,0.13376,992.0,0.13375,698.0,0.13379,2834.0,0.1338,4987.0
1753617318393,11:55:18.393,binance,AERGO/USDT:USDT,0.13376,1607.0,0.13375,698.0,0.13379,2834.0,0.1338,4987.0
1753617318802,11:55:18.802,binance,AERGO/USDT:USDT,0.13376,1607.0,0.13375,698.0,0.13379,2834.0,0.1338,4987.0
1753617319002,11:55:19.002,binance,AERGO/USDT:USDT,0.13376,1607.0,0.13375,698.0,0.13379,2834.0,0.1338,4987.0
1753617319327,11:55:19.327,binance,AERGO/USDT:USDT,0.13376,1607.0,0.13375,698.0,0.13379,2834.0,0.1338,4987.0
1753617319961,11:55:19.961,binance,AERGO/USDT:USDT,0.13376,1607.0,0.13375,698.0,0.13379,2834.0,0.1338,4987.0
1753617320108,11:55:20.108,binance,AERGO/USDT:USDT,0.13376,1607.0,0.13375,698.0,0.13379,2834.0,0.1338,4987.0
1753617320323,11:55:20.323,binance,AERGO/USDT:USDT,0.13376,1607.0,0.13375,698.0,0.13379,2834.0,0.1338,4987.0
1753617320561,11:55:20.561,binance,AERGO/USDT:USDT,0.13376,1607.0,0.13375,698.0,0.13378,1121.0,0.13379,2958.0
1753617320689,11:55:20.689,binance,AERGO/USDT:USDT,0.13376,1607.0,0.13375,698.0,0.13377,2749.0,0.13378,1882.0
1753617320858,11:55:20.858,binance,AERGO/USDT:USDT,0.13376,1607.0,0.13375,698.0,0.13377,5738.0,0.13378,1882.0
1753617321068,11:55:21.068,binance,AERGO/USDT:USDT,0.13376,1607.0,0.13375,698.0,0.13377,5738.0,0.13378,761.0
1753617321251,11:55:21.251,binance,AERGO/USDT:USDT,0.13376,1607.0,0.13375,698.0,0.13377,5738.0,0.13378,124.0
1753617321357,11:55:21.357,binance,AERGO/USDT:USDT,0.13376,1607.0,0.13375,698.0,0.13377,5738.0,0.13378,124.0
1753617321767,11:55:21.767,binance,AERGO/USDT:USDT,0.13376,1607.0,0.13375,698.0,0.13377,5738.0,0.13378,124.0
1753617321901,11:55:21.901,binance,AERGO/USDT:USDT,0.13376,1607.0,0.13375,698.0,0.13377,5738.0,0.13378,124.0
1753617322360,11:55:22.360,binance,AERGO/USDT:USDT,0.13376,1607.0,0.13375,698.0,0.13377,5738.0,0.13378,124.0
1753617322502,11:55:22.502,binance,AERGO/USDT:USDT,0.13376,1607.0,0.13375,698.0,0.13377,5738.0,0.13378,124.0
1753617323102,11:55:23.102,binance,AERGO/USDT:USDT,0.13376,1607.0,0.13375,698.0,0.13377,5738.0,0.13378,124.0
1753617323492,11:55:23.492,binance,AERGO/USDT:USDT,0.13376,1607.0,0.13375,698.0,0.13377,5738.0,0.13378,124.0
1753617323640,11:55:23.640,binance,AERGO/USDT:USDT,0.13376,1607.0,0.13375,358.0,0.13377,5738.0,0.13378,124.0
1753617323788,11:55:23.788,binance,AERGO/USDT:USDT,0.13376,1607.0,0.13375,358.0,0.13377,5738.0,0.13378,124.0
1753617324202,11:55:24.202,binance,AERGO/USDT:USDT,0.13376,1607.0,0.13375,358.0,0.13377,5738.0,0.13378,124.0
1753617324697,11:55:24.697,binance,AERGO/USDT:USDT,0.13376,1607.0,0.13375,358.0,0.13377,2989.0,0.13378,124.0
1753617324799,11:55:24.799,binance,AERGO/USDT:USDT,0.13376,1607.0,0.13375,358.0,0.13377,2989.0,0.13378,124.0
1753617324902,11:55:24.902,binance,AERGO/USDT:USDT,0.13376,1607.0,0.13375,358.0,0.13377,2989.0,0.13378,124.0
1753617325306,11:55:25.306,binance,AERGO/USDT:USDT,0.13376,1607.0,0.13375,358.0,0.13377,2989.0,0.13378,124.0
1753617326125,11:55:26.125,binance,AERGO/USDT:USDT,0.13376,1607.0,0.13375,358.0,0.13377,2989.0,0.13378,124.0
1753617326502,11:55:26.502,binance,AERGO/USDT:USDT,0.13376,1607.0,0.13375,358.0,0.13377,2989.0,0.13378,124.0
1753617326812,11:55:26.812,binance,AERGO/USDT:USDT,0.13376,1673.0,0.13375,358.0,0.13377,2989.0,0.13378,124.0
1753617327002,11:55:27.002,binance,AERGO/USDT:USDT,0.13376,1673.0,0.13375,358.0,0.13377,2989.0,0.13378,124.0
1753617327202,11:55:27.202,binance,AERGO/USDT:USDT,0.13376,1673.0,0.13375,358.0,0.13377,2989.0,0.13378,124.0
1753617327702,11:55:27.702,binance,AERGO/USDT:USDT,0.13376,1673.0,0.13375,358.0,0.13377,2989.0,0.13378,124.0
1753617328561,11:55:28.561,binance,AERGO/USDT:USDT,0.13376,1673.0,0.13375,358.0,0.13377,2989.0,0.13378,124.0
1753617328862,11:55:28.862,binance,AERGO/USDT:USDT,0.13376,1673.0,0.13375,358.0,0.13377,2989.0,0.13378,124.0
1753617329002,11:55:29.002,binance,AERGO/USDT:USDT,0.13376,1673.0,0.13375,358.0,0.13377,2989.0,0.13378,124.0
1753617330002,11:55:30.002,binance,AERGO/USDT:USDT,0.13376,1673.0,0.13375,358.0,0.13377,2989.0,0.13378,124.0
1753617330902,11:55:30.902,binance,AERGO/USDT:USDT,0.13376,1673.0,0.13375,358.0,0.13377,2989.0,0.13378,124.0
1753617331177,11:55:31.177,binance,AERGO/USDT:USDT,0.1337,3122.0,0.13369,464.0,0.13375,1334.0,0.13376,7936.0
1753617331282,11:55:31.282,binance,AERGO/USDT:USDT,0.1337,3122.0,0.13369,464.0,0.13375,1334.0,0.13376,7936.0
1753617331388,11:55:31.388,binance,AERGO/USDT:USDT,0.1337,3122.0,0.13369,464.0,0.13375,1334.0,0.13376,7936.0
1753617331682,11:55:31.682,binance,AERGO/USDT:USDT,0.1337,3122.0,0.13369,464.0,0.13375,1334.0,0.13376,7936.0
1753617331802,11:55:31.802,binance,AERGO/USDT:USDT,0.1337,3122.0,0.13369,464.0,0.13375,1334.0,0.13376,7936.0
1753617332199,11:55:32.199,binance,AERGO/USDT:USDT,0.1337,3308.0,0.13369,770.0,0.13375,1334.0,0.13376,7936.0
1753617332402,11:55:32.402,binance,AERGO/USDT:USDT,0.1337,3308.0,0.13369,770.0,0.13375,1334.0,0.13376,7936.0
1753617332542,11:55:32.542,binance,AERGO/USDT:USDT,0.1337,3378.0,0.13369,770.0,0.13375,1334.0,0.13376,7936.0
1753617332789,11:55:32.789,binance,AERGO/USDT:USDT,0.1337,3378.0,0.13369,770.0,0.13375,1334.0,0.13376,7936.0
1753617333002,11:55:33.002,binance,AERGO/USDT:USDT,0.1337,3378.0,0.13369,770.0,0.13375,1334.0,0.13376,7936.0
1753617333132,11:55:33.132,binance,AERGO/USDT:USDT,0.1337,3378.0,0.13369,770.0,0.13375,1334.0,0.13376,7936.0
1753617333248,11:55:33.248,binance,AERGO/USDT:USDT,0.1337,256.0,0.13369,770.0,0.13372,2990.0,0.13373,124.0
1753617333357,11:55:33.357,binance,AERGO/USDT:USDT,0.1337,256.0,0.13369,646.0,0.13372,2990.0,0.13373,124.0
1753617333802,11:55:33.802,binance,AERGO/USDT:USDT,0.1337,256.0,0.13369,646.0,0.13372,2990.0,0.13373,124.0
1753617334402,11:55:34.402,binance,AERGO/USDT:USDT,0.1337,256.0,0.13369,646.0,0.13372,2990.0,0.13373,124.0
1753617334764,11:55:34.764,binance,AERGO/USDT:USDT,0.1337,256.0,0.13369,646.0,0.13372,2990.0,0.13373,124.0
1753617334870,11:55:34.870,binance,AERGO/USDT:USDT,0.1337,256.0,0.13369,646.0,0.13372,2990.0,0.13373,124.0
1753617334973,11:55:34.973,binance,AERGO/USDT:USDT,0.1337,256.0,0.13369,646.0,0.13372,2990.0,0.13373,124.0
1753617335102,11:55:35.102,binance,AERGO/USDT:USDT,0.1337,256.0,0.13369,646.0,0.13372,2990.0,0.13373,124.0
1753617335392,11:55:35.392,binance,AERGO/USDT:USDT,0.1337,256.0,0.13369,646.0,0.13372,3055.0,0.13373,124.0
1753617335601,11:55:35.601,binance,AERGO/USDT:USDT,0.1337,256.0,0.13369,646.0,0.13372,3055.0,0.13373,124.0
1753617336002,11:55:36.002,binance,AERGO/USDT:USDT,0.1337,256.0,0.13369,646.0,0.13372,3055.0,0.13373,124.0
1753617336602,11:55:36.602,binance,AERGO/USDT:USDT,0.1337,256.0,0.13369,646.0,0.13372,3055.0,0.13373,124.0
1753617337802,11:55:37.802,binance,AERGO/USDT:USDT,0.1337,256.0,0.13369,646.0,0.13372,3055.0,0.13373,124.0
1753617337998,11:55:37.998,binance,AERGO/USDT:USDT,0.1337,256.0,0.13369,646.0,0.13372,3055.0,0.13373,124.0
1753617338148,11:55:38.148,binance,AERGO/USDT:USDT,0.1337,256.0,0.13369,646.0,0.13372,3055.0,0.13373,124.0
1753617338402,11:55:38.402,binance,AERGO/USDT:USDT,0.1337,256.0,0.13369,646.0,0.13372,3055.0,0.13373,124.0
1753617339002,11:55:39.002,binance,AERGO/USDT:USDT,0.1337,256.0,0.13369,646.0,0.13372,3055.0,0.13373,124.0
1753617339602,11:55:39.602,binance,AERGO/USDT:USDT,0.1337,256.0,0.13369,646.0,0.13372,3173.0,0.13373,124.0
1753617339862,11:55:39.862,binance,AERGO/USDT:USDT,0.1337,256.0,0.13369,646.0,0.13372,3173.0,0.13373,124.0
1753617339968,11:55:39.968,binance,AERGO/USDT:USDT,0.1337,256.0,0.13369,646.0,0.13372,3173.0,0.13373,124.0
1753617340202,11:55:40.202,binance,AERGO/USDT:USDT,0.1337,256.0,0.13369,646.0,0.13372,3173.0,0.13373,124.0
1753617340675,11:55:40.675,binance,AERGO/USDT:USDT,0.1337,256.0,0.13369,646.0,0.13372,3173.0,0.13373,124.0
1753617340803,11:55:40.803,binance,AERGO/USDT:USDT,0.1337,256.0,0.13369,646.0,0.13372,3173.0,0.13373,124.0
1753617340948,11:55:40.948,binance,AERGO/USDT:USDT,0.1337,256.0,0.13369,646.0,0.13372,3173.0,0.13373,124.0
1753617341317,11:55:41.317,binance,AERGO/USDT:USDT,0.1337,256.0,0.13369,646.0,0.13372,3173.0,0.13373,124.0
1753617341501,11:55:41.501,binance,AERGO/USDT:USDT,0.1337,256.0,0.13369,646.0,0.13372,3173.0,0.13373,124.0
1753617341812,11:55:41.812,binance,AERGO/USDT:USDT,0.1337,256.0,0.13369,646.0,0.13372,3173.0,0.13373,124.0
1753617341998,11:55:41.998,binance,AERGO/USDT:USDT,0.1337,256.0,0.13369,646.0,0.13372,3173.0,0.13373,124.0
1753617342198,11:55:42.198,binance,AERGO/USDT:USDT,0.1337,256.0,0.13369,646.0,0.13372,3173.0,0.13373,124.0
1753617342602,11:55:42.602,binance,AERGO/USDT:USDT,0.1337,256.0,0.13369,646.0,0.13372,3173.0,0.13373,124.0
1753617342858,11:55:42.858,binance,AERGO/USDT:USDT,0.1337,256.0,0.13369,646.0,0.13372,3173.0,0.13373,124.0
1753617343018,11:55:43.018,binance,AERGO/USDT:USDT,0.1337,256.0,0.13369,646.0,0.13372,3173.0,0.13373,124.0
1753617343597,11:55:43.597,binance,AERGO/USDT:USDT,0.1337,256.0,0.13369,646.0,0.13372,3173.0,0.13373,124.0
1753617343798,11:55:43.798,binance,AERGO/USDT:USDT,0.1337,256.0,0.13369,646.0,0.13372,3173.0,0.13373,124.0
1753617343901,11:55:43.901,binance,AERGO/USDT:USDT,0.1337,256.0,0.13369,646.0,0.13372,3173.0,0.13373,124.0
1753617344226,11:55:44.226,binance,AERGO/USDT:USDT,0.1337,256.0,0.13369,646.0,0.13372,3173.0,0.13373,124.0
1753617344368,11:55:44.368,binance,AERGO/USDT:USDT,0.1337,256.0,0.13369,646.0,0.13372,3173.0,0.13373,124.0
1753617344478,11:55:44.478,binance,AERGO/USDT:USDT,0.1337,256.0,0.13369,646.0,0.13372,3173.0,0.13373,124.0
1753617344874,11:55:44.874,binance,AERGO/USDT:USDT,0.1337,256.0,0.13369,646.0,0.13372,3173.0,0.13374,2892.0
1753617344982,11:55:44.982,binance,AERGO/USDT:USDT,0.1337,256.0,0.13369,646.0,0.13372,3173.0,0.13373,802.0
1753617345238,11:55:45.238,binance,AERGO/USDT:USDT,0.13371,211.0,0.1337,256.0,0.13372,3173.0,0.13373,926.0
1753617345445,11:55:45.445,binance,AERGO/USDT:USDT,0.13371,375.0,0.1337,256.0,0.13372,3173.0,0.13373,926.0
1753617345602,11:55:45.602,binance,AERGO/USDT:USDT,0.13371,375.0,0.1337,256.0,0.13372,3173.0,0.13373,926.0
1753617346047,11:55:46.047,binance,AERGO/USDT:USDT,0.13371,347.0,0.1337,256.0,0.13372,3173.0,0.13373,926.0
1753617346602,11:55:46.602,binance,AERGO/USDT:USDT,0.13371,347.0,0.1337,256.0,0.13372,3173.0,0.13373,926.0
1753617346707,11:55:46.707,binance,AERGO/USDT:USDT,0.13371,347.0,0.1337,256.0,0.13372,3173.0,0.13373,926.0
1753617347141,11:55:47.141,binance,AERGO/USDT:USDT,0.13371,347.0,0.1337,256.0,0.13372,3173.0,0.13373,926.0
1753617347742,11:55:47.742,binance,AERGO/USDT:USDT,0.13371,3079.0,0.1337,256.0,0.13372,3173.0,0.13373,926.0
1753617347866,11:55:47.866,binance,AERGO/USDT:USDT,0.13371,3079.0,0.1337,256.0,0.13374,124.0,0.13375,1264.0
1753617347967,11:55:47.967,binance,AERGO/USDT:USDT,0.13373,2712.0,0.13372,332.0,0.13378,570.0,0.13379,3211.0
1753617348068,11:55:48.068,binance,AERGO/USDT:USDT,0.13373,2866.0,0.13372,461.0,0.13378,570.0,0.13379,3211.0
1753617348211,11:55:48.211,binance,AERGO/USDT:USDT,0.13373,2866.0,0.13372,461.0,0.13378,570.0,0.13379,3211.0
1753617348478,11:55:48.478,binance,AERGO/USDT:USDT,0.13374,2712.0,0.13373,2866.0,0.13378,570.0,0.13379,3211.0
1753617348605,11:55:48.605,binance,AERGO/USDT:USDT,0.13374,2739.0,0.13373,154.0,0.13378,570.0,0.13379,3211.0
1753617348706,11:55:48.706,binance,AERGO/USDT:USDT,0.13374,2880.0,0.13373,154.0,0.13378,570.0,0.13379,3211.0
1753617349202,11:55:49.202,binance,AERGO/USDT:USDT,0.13374,2880.0,0.13373,154.0,0.13378,570.0,0.13379,3211.0
1753617349802,11:55:49.802,binance,AERGO/USDT:USDT,0.13374,2880.0,0.13373,154.0,0.13378,570.0,0.13379,3211.0
1753617350402,11:55:50.402,binance,AERGO/USDT:USDT,0.13374,2880.0,0.13373,154.0,0.13378,570.0,0.13379,3211.0
1753617350649,11:55:50.649,binance,AERGO/USDT:USDT,0.13374,2880.0,0.13373,154.0,0.13378,570.0,0.13379,3211.0
1753617351013,11:55:51.013,binance,AERGO/USDT:USDT,0.13374,2880.0,0.13373,426.0,0.13379,2749.0,0.1338,12740.0
1753617351403,11:55:51.403,binance,AERGO/USDT:USDT,0.13374,2880.0,0.13373,426.0,0.13379,2749.0,0.1338,12740.0
1753617351506,11:55:51.506,binance,AERGO/USDT:USDT,0.13374,2880.0,0.13373,426.0,0.13379,2749.0,0.1338,12740.0
1753617351748,11:55:51.748,binance,AERGO/USDT:USDT,0.13374,2880.0,0.13373,426.0,0.13379,2749.0,0.1338,12740.0
1753617351938,11:55:51.938,binance,AERGO/USDT:USDT,0.13374,2880.0,0.13373,426.0,0.13379,2749.0,0.1338,5220.0
1753617352205,11:55:52.205,binance,AERGO/USDT:USDT,0.13374,2880.0,0.13373,426.0,0.13379,2749.0,0.1338,5220.0
1753617352702,11:55:52.702,binance,AERGO/USDT:USDT,0.13374,2880.0,0.13373,426.0,0.13379,2749.0,0.1338,5220.0
1753617353302,11:55:53.302,binance,AERGO/USDT:USDT,0.13374,2880.0,0.13373,426.0,0.13379,2749.0,0.1338,5220.0
1753617353621,11:55:53.621,binance,AERGO/USDT:USDT,0.13374,2880.0,0.13373,426.0,0.13379,2749.0,0.1338,5220.0
1753617353812,11:55:53.812,binance,AERGO/USDT:USDT,0.13374,2880.0,0.13373,426.0,0.13379,2749.0,0.1338,5220.0
1753617353969,11:55:53.969,binance,AERGO/USDT:USDT,0.13374,2880.0,0.13373,426.0,0.13379,2789.0,0.1338,5220.0
1753617354461,11:55:54.461,binance,AERGO/USDT:USDT,0.13374,2880.0,0.13373,426.0,0.13379,2789.0,0.1338,5220.0
1753617356919,11:55:56.919,binance,AERGO/USDT:USDT,0.13374,235.0,0.13373,426.0,0.13378,2712.0,0.13379,1351.0
1753617357114,11:55:57.114,binance,AERGO/USDT:USDT,0.13374,235.0,0.13373,426.0,0.13377,1121.0,0.13378,2836.0
1753617357218,11:55:57.218,binance,AERGO/USDT:USDT,0.13374,235.0,0.13373,426.0,0.13377,1121.0,0.13378,2836.0
1753617357381,11:55:57.381,binance,AERGO/USDT:USDT,0.13374,235.0,0.13373,426.0,0.13377,1121.0,0.13378,2836.0
1753617357616,11:55:57.616,binance,AERGO/USDT:USDT,0.13374,235.0,0.13373,426.0,0.13378,2712.0,0.13379,493.0
1753617357802,11:55:57.802,binance,AERGO/USDT:USDT,0.13374,235.0,0.13373,426.0,0.13378,2712.0,0.13379,493.0
1753617358107,11:55:58.107,binance,AERGO/USDT:USDT,0.13374,235.0,0.13373,426.0,0.13376,2989.0,0.13377,124.0
1753617358318,11:55:58.318,binance,AERGO/USDT:USDT,0.13371,10294.0,0.13368,3166.0,0.13375,328.0,0.13376,5285.0
1753617358421,11:55:58.421,binance,AERGO/USDT:USDT,0.13371,10294.0,0.13369,124.0,0.13375,328.0,0.13376,5285.0
1753617358540,11:55:58.540,binance,AERGO/USDT:USDT,0.13371,10294.0,0.13369,124.0,0.13375,328.0,0.13376,5285.0
1753617358790,11:55:58.790,binance,AERGO/USDT:USDT,0.13371,10294.0,0.13369,124.0,0.13375,328.0,0.13376,5285.0
1753617358902,11:55:58.902,binance,AERGO/USDT:USDT,0.13371,10294.0,0.13369,124.0,0.13375,328.0,0.13376,5285.0
1753617359025,11:55:59.025,binance,AERGO/USDT:USDT,0.13371,10294.0,0.13369,124.0,0.13375,328.0,0.13376,5285.0
1753617359338,11:55:59.338,binance,AERGO/USDT:USDT,0.13371,10526.0,0.13369,287.0,0.13375,328.0,0.13376,5285.0
1753617359441,11:55:59.441,binance,AERGO/USDT:USDT,0.13371,10526.0,0.13369,287.0,0.13375,328.0,0.13376,5285.0
1753617359715,11:55:59.715,binance,AERGO/USDT:USDT,0.13371,10526.0,0.13369,287.0,0.13375,328.0,0.13376,5285.0
1753617359991,11:55:59.991,binance,AERGO/USDT:USDT,0.13371,10526.0,0.13369,287.0,0.13375,328.0,0.13376,5285.0
1753617360502,11:56:00.502,binance,AERGO/USDT:USDT,0.13371,10526.0,0.13369,287.0,0.13375,328.0,0.13376,5285.0
1753617360644,11:56:00.644,binance,AERGO/USDT:USDT,0.13371,10526.0,0.1337,124.0,0.13375,328.0,0.13376,5285.0
1753617360896,11:56:00.896,binance,AERGO/USDT:USDT,0.13372,1579.0,0.13371,10526.0,0.13375,328.0,0.13376,3441.0
1753617361012,11:56:01.012,binance,AERGO/USDT:USDT,0.13371,10526.0,0.1337,282.0,0.13375,328.0,0.13376,3441.0
1753617361123,11:56:01.123,binance,AERGO/USDT:USDT,0.13371,10526.0,0.1337,282.0,0.13375,328.0,0.13376,3441.0
1753617361602,11:56:01.602,binance,AERGO/USDT:USDT,0.13371,10526.0,0.1337,282.0,0.13375,328.0,0.13376,3441.0
1753617362202,11:56:02.202,binance,AERGO/USDT:USDT,0.13371,10526.0,0.1337,282.0,0.13375,328.0,0.13376,3441.0
1753617362354,11:56:02.354,binance,AERGO/USDT:USDT,0.13371,10526.0,0.1337,282.0,0.13374,737.0,0.13375,452.0
1753617362485,11:56:02.485,binance,AERGO/USDT:USDT,0.13371,10526.0,0.1337,282.0,0.13374,737.0,0.13375,452.0
1753617362802,11:56:02.802,binance,AERGO/USDT:USDT,0.13371,10526.0,0.1337,282.0,0.13374,737.0,0.13375,452.0
1753617362968,11:56:02.968,binance,AERGO/USDT:USDT,0.13371,10526.0,0.1337,282.0,0.13374,737.0,0.13375,452.0
1753617363132,11:56:03.132,binance,AERGO/USDT:USDT,0.13371,10526.0,0.1337,282.0,0.13374,736.0,0.13375,452.0
1753617363854,11:56:03.854,binance,AERGO/USDT:USDT,0.13371,10356.0,0.1337,282.0,0.13374,736.0,0.13375,452.0
1753617364040,11:56:04.040,binance,AERGO/USDT:USDT,0.13371,10356.0,0.1337,282.0,0.13374,736.0,0.13375,452.0
1753617364902,11:56:04.902,binance,AERGO/USDT:USDT,0.13371,10356.0,0.1337,282.0,0.13374,734.0,0.13375,452.0
1753617365455,11:56:05.455,binance,AERGO/USDT:USDT,0.13371,10356.0,0.1337,158.0,0.13374,734.0,0.13375,452.0
1753617365558,11:56:05.558,binance,AERGO/USDT:USDT,0.13371,10356.0,0.1337,158.0,0.13374,734.0,0.13375,821.0
1753617365767,11:56:05.767,binance,AERGO/USDT:USDT,0.13371,10356.0,0.1337,158.0,0.13374,734.0,0.13375,821.0
1753617366102,11:56:06.102,binance,AERGO/USDT:USDT,0.13371,10356.0,0.1337,158.0,0.13374,734.0,0.13375,821.0
1753617366702,11:56:06.702,binance,AERGO/USDT:USDT,0.13371,10356.0,0.1337,158.0,0.13374,734.0,0.13375,821.0
1753617366843,11:56:06.843,binance,AERGO/USDT:USDT,0.13371,10356.0,0.1337,158.0,0.13374,734.0,0.13375,821.0
1753617367030,11:56:07.030,binance,AERGO/USDT:USDT,0.13371,10356.0,0.1337,158.0,0.13374,734.0,0.13375,452.0
1753617367302,11:56:07.302,binance,AERGO/USDT:USDT,0.13371,10356.0,0.1337,158.0,0.13374,734.0,0.13375,452.0
1753617367483,11:56:07.483,binance,AERGO/USDT:USDT,0.13371,10902.0,0.1337,158.0,0.13374,734.0,0.13375,452.0
1753617367902,11:56:07.902,binance,AERGO/USDT:USDT,0.13371,10902.0,0.1337,158.0,0.13374,734.0,0.13375,452.0
1753617368019,11:56:08.019,binance,AERGO/USDT:USDT,0.13371,10902.0,0.1337,158.0,0.13374,734.0,0.13375,452.0
1753617368359,11:56:08.359,binance,AERGO/USDT:USDT,0.13371,10902.0,0.1337,158.0,0.13374,734.0,0.13375,452.0
1753617368462,11:56:08.462,binance,AERGO/USDT:USDT,0.13371,10902.0,0.1337,158.0,0.13374,734.0,0.13375,452.0
1753617368602,11:56:08.602,binance,AERGO/USDT:USDT,0.13371,10902.0,0.1337,158.0,0.13374,734.0,0.13375,452.0
1753617368827,11:56:08.827,binance,AERGO/USDT:USDT,0.13371,10902.0,0.1337,158.0,0.13374,734.0,0.13375,452.0
1753617369002,11:56:09.002,binance,AERGO/USDT:USDT,0.13371,10902.0,0.1337,158.0,0.13374,734.0,0.13375,452.0
1753617369146,11:56:09.146,binance,AERGO/USDT:USDT,0.13371,10902.0,0.1337,158.0,0.13374,734.0,0.13375,452.0
1753617369496,11:56:09.496,binance,AERGO/USDT:USDT,0.13371,10902.0,0.1337,158.0,0.13374,734.0,0.13375,452.0
1753617369599,11:56:09.599,binance,AERGO/USDT:USDT,0.13371,10902.0,0.1337,158.0,0.13374,734.0,0.13375,452.0
1753617369701,11:56:09.701,binance,AERGO/USDT:USDT,0.13371,10902.0,0.1337,158.0,0.13374,734.0,0.13375,452.0
1753617369949,11:56:09.949,binance,AERGO/USDT:USDT,0.13371,11020.0,0.1337,158.0,0.13374,734.0,0.13375,452.0
1753617370102,11:56:10.102,binance,AERGO/USDT:USDT,0.13371,11020.0,0.1337,158.0,0.13374,734.0,0.13375,452.0
1753617370231,11:56:10.231,binance,AERGO/USDT:USDT,0.13371,11020.0,0.1337,158.0,0.13374,734.0,0.13375,452.0
1753617370403,11:56:10.403,binance,AERGO/USDT:USDT,0.13371,11020.0,0.1337,158.0,0.13374,734.0,0.13375,452.0
1753617370602,11:56:10.602,binance,AERGO/USDT:USDT,0.13371,11020.0,0.1337,158.0,0.13374,734.0,0.13375,452.0
1753617370752,11:56:10.752,binance,AERGO/USDT:USDT,0.13371,11020.0,0.1337,158.0,0.13374,734.0,0.13375,452.0
1753617371908,11:56:11.908,binance,AERGO/USDT:USDT,0.13371,11020.0,0.1337,158.0,0.13374,734.0,0.13375,452.0
1753617372102,11:56:12.102,binance,AERGO/USDT:USDT,0.13371,11020.0,0.1337,158.0,0.13374,734.0,0.13375,452.0
1753617373002,11:56:13.002,binance,AERGO/USDT:USDT,0.13371,11020.0,0.1337,158.0,0.13374,734.0,0.13375,452.0
1753617373460,11:56:13.460,binance,AERGO/USDT:USDT,0.13372,586.0,0.13371,10474.0,0.13374,734.0,0.13375,452.0
1753617373602,11:56:13.602,binance,AERGO/USDT:USDT,0.13372,586.0,0.13371,10474.0,0.13374,734.0,0.13375,452.0
1753617373813,11:56:13.813,binance,AERGO/USDT:USDT,0.13372,1609.0,0.13371,10474.0,0.13374,734.0,0.13375,452.0
1753617374141,11:56:14.141,binance,AERGO/USDT:USDT,0.13372,1609.0,0.13371,10474.0,0.13374,734.0,0.13375,452.0
1753617374448,11:56:14.448,binance,AERGO/USDT:USDT,0.13372,1609.0,0.13371,10474.0,0.13374,734.0,0.13375,452.0
1753617375902,11:56:15.902,binance,AERGO/USDT:USDT,0.13372,1609.0,0.13371,10474.0,0.13374,734.0,0.13375,452.0
1753617376113,11:56:16.113,binance,AERGO/USDT:USDT,0.13372,1609.0,0.13371,10474.0,0.13374,734.0,0.13375,452.0
1753617376502,11:56:16.502,binance,AERGO/USDT:USDT,0.13372,1609.0,0.13371,10474.0,0.13374,734.0,0.13375,452.0
1753617376702,11:56:16.702,binance,AERGO/USDT:USDT,0.13373,594.0,0.13372,1023.0,0.13374,734.0,0.13375,452.0
1753617376807,11:56:16.807,binance,AERGO/USDT:USDT,0.13373,1580.0,0.13372,1023.0,0.13374,734.0,0.13375,452.0
1753617377248,11:56:17.248,binance,AERGO/USDT:USDT,0.13373,1580.0,0.13372,1023.0,0.13374,734.0,0.13375,452.0
1753617377359,11:56:17.359,binance,AERGO/USDT:USDT,0.13373,1580.0,0.13372,1023.0,0.13374,734.0,0.13375,452.0
1753617378002,11:56:18.002,binance,AERGO/USDT:USDT,0.13373,1580.0,0.13372,1023.0,0.13374,734.0,0.13375,452.0
1753617378402,11:56:18.402,binance,AERGO/USDT:USDT,0.13373,1580.0,0.13372,1023.0,0.13374,734.0,0.13375,452.0
1753617378602,11:56:18.602,binance,AERGO/USDT:USDT,0.13373,1580.0,0.13372,1023.0,0.13374,734.0,0.13375,452.0
1753617379189,11:56:19.189,binance,AERGO/USDT:USDT,0.13373,1580.0,0.13372,1023.0,0.13374,734.0,0.13375,452.0
1753617379302,11:56:19.302,binance,AERGO/USDT:USDT,0.13373,1580.0,0.13372,1023.0,0.13374,734.0,0.13375,452.0
1753617379459,11:56:19.459,binance,AERGO/USDT:USDT,0.13373,1580.0,0.13372,1023.0,0.13374,734.0,0.13375,452.0
1753617379802,11:56:19.802,binance,AERGO/USDT:USDT,0.13373,1580.0,0.13372,1023.0,0.13374,734.0,0.13375,452.0
1753617379958,11:56:19.958,binance,AERGO/USDT:USDT,0.13373,1580.0,0.13372,1023.0,0.13374,3724.0,0.13375,452.0
1753617380064,11:56:20.064,binance,AERGO/USDT:USDT,0.13373,1580.0,0.13372,1023.0,0.13374,3724.0,0.13375,452.0
1753617380168,11:56:20.168,binance,AERGO/USDT:USDT,0.13373,1580.0,0.13372,1023.0,0.13374,3724.0,0.13375,452.0
1753617380602,11:56:20.602,binance,AERGO/USDT:USDT,0.13373,1580.0,0.13372,1023.0,0.13374,3724.0,0.13375,452.0
1753617381202,11:56:21.202,binance,AERGO/USDT:USDT,0.13373,1580.0,0.13372,1023.0,0.13374,3724.0,0.13375,452.0
1753617381702,11:56:21.702,binance,AERGO/USDT:USDT,0.13373,1580.0,0.13372,1023.0,0.13374,3724.0,0.13375,452.0
1753617381901,11:56:21.901,binance,AERGO/USDT:USDT,0.13373,1580.0,0.13372,1023.0,0.13374,3724.0,0.13375,452.0
1753617382402,11:56:22.402,binance,AERGO/USDT:USDT,0.13373,1580.0,0.13372,1023.0,0.13374,3724.0,0.13375,452.0
1753617383002,11:56:23.002,binance,AERGO/USDT:USDT,0.13373,1580.0,0.13372,1023.0,0.13374,3724.0,0.13375,452.0
1753617383602,11:56:23.602,binance,AERGO/USDT:USDT,0.13373,1580.0,0.13372,1023.0,0.13374,3724.0,0.13375,452.0
1753617383791,11:56:23.791,binance,AERGO/USDT:USDT,0.13373,1580.0,0.13372,1023.0,0.13374,3724.0,0.13375,452.0
1753617384161,11:56:24.161,binance,AERGO/USDT:USDT,0.13373,1580.0,0.13372,1023.0,0.13374,3724.0,0.13375,452.0
1753617384301,11:56:24.301,binance,AERGO/USDT:USDT,0.13373,1580.0,0.13372,1023.0,0.13374,3724.0,0.13375,452.0
1753617384702,11:56:24.702,binance,AERGO/USDT:USDT,0.13373,1580.0,0.13372,1023.0,0.13374,3724.0,0.13375,452.0
1753617384953,11:56:24.953,binance,AERGO/USDT:USDT,0.13373,1580.0,0.13372,1023.0,0.13374,3724.0,0.13375,452.0
1753617385302,11:56:25.302,binance,AERGO/USDT:USDT,0.13373,1580.0,0.13372,1023.0,0.13374,3724.0,0.13375,452.0
1753617386502,11:56:26.502,binance,AERGO/USDT:USDT,0.13373,1580.0,0.13372,1023.0,0.13374,3724.0,0.13375,452.0
1753617387102,11:56:27.102,binance,AERGO/USDT:USDT,0.13373,1580.0,0.13372,1023.0,0.13374,3724.0,0.13375,452.0
1753617387671,11:56:27.671,binance,AERGO/USDT:USDT,0.13373,1580.0,0.13372,1023.0,0.13374,3724.0,0.13375,452.0
1753617387802,11:56:27.802,binance,AERGO/USDT:USDT,0.13373,1580.0,0.13372,1023.0,0.13374,3724.0,0.13375,452.0
1753617388572,11:56:28.572,binance,AERGO/USDT:USDT,0.13373,1580.0,0.13372,1023.0,0.13374,3724.0,0.13375,452.0
1753617388802,11:56:28.802,binance,AERGO/USDT:USDT,0.13373,1580.0,0.13372,1023.0,0.13374,3724.0,0.13375,452.0
1753617388956,11:56:28.956,binance,AERGO/USDT:USDT,0.13373,1580.0,0.13372,1023.0,0.13374,3724.0,0.13375,452.0
1753617389204,11:56:29.204,binance,AERGO/USDT:USDT,0.13373,1580.0,0.13372,1023.0,0.13374,3718.0,0.13375,452.0
1753617389812,11:56:29.812,binance,AERGO/USDT:USDT,0.13373,1580.0,0.13372,1023.0,0.13374,3718.0,0.13375,452.0
1753617390002,11:56:30.002,binance,AERGO/USDT:USDT,0.13373,1580.0,0.13372,1023.0,0.13374,3718.0,0.13375,452.0
1753617390602,11:56:30.602,binance,AERGO/USDT:USDT,0.13373,1580.0,0.13372,1023.0,0.13374,3718.0,0.13375,452.0
1753617390946,11:56:30.946,binance,AERGO/USDT:USDT,0.13372,1023.0,0.13371,10242.0,0.13373,6324.0,0.13374,852.0
1753617391058,11:56:31.058,binance,AERGO/USDT:USDT,0.13372,1023.0,0.13371,10242.0,0.13373,6324.0,0.13374,852.0
1753617391162,11:56:31.162,binance,AERGO/USDT:USDT,0.13372,1023.0,0.13371,10242.0,0.13373,6324.0,0.13374,852.0
1753617391847,11:56:31.847,binance,AERGO/USDT:USDT,0.13372,1023.0,0.13371,10242.0,0.13373,6324.0,0.13374,852.0
1753617391974,11:56:31.974,binance,AERGO/USDT:USDT,0.13372,1023.0,0.13371,11126.0,0.13373,6324.0,0.13374,852.0
1753617392077,11:56:32.077,binance,AERGO/USDT:USDT,0.13372,1023.0,0.13371,11126.0,0.13373,6324.0,0.13374,852.0
1753617392190,11:56:32.190,binance,AERGO/USDT:USDT,0.13372,1023.0,0.13371,11126.0,0.13373,6324.0,0.13374,852.0
1753617392488,11:56:32.488,binance,AERGO/USDT:USDT,0.13372,1023.0,0.13371,11126.0,0.13373,6324.0,0.13374,852.0
1753617392591,11:56:32.591,binance,AERGO/USDT:USDT,0.13372,1023.0,0.13371,11126.0,0.13373,6324.0,0.13374,852.0
1753617392902,11:56:32.902,binance,AERGO/USDT:USDT,0.13372,1023.0,0.13371,11126.0,0.13373,6324.0,0.13374,852.0
1753617393214,11:56:33.214,binance,AERGO/USDT:USDT,0.13372,1023.0,0.13371,11126.0,0.13373,6324.0,0.13374,852.0
1753617393339,11:56:33.339,binance,AERGO/USDT:USDT,0.13372,1023.0,0.13371,11126.0,0.13373,6324.0,0.13374,852.0
1753617393469,11:56:33.469,binance,AERGO/USDT:USDT,0.13372,1023.0,0.13371,11126.0,0.13373,6324.0,0.13374,852.0
1753617393702,11:56:33.702,binance,AERGO/USDT:USDT,0.13372,1023.0,0.13371,11126.0,0.13373,6324.0,0.13374,852.0
1753617394302,11:56:34.302,binance,AERGO/USDT:USDT,0.13372,1023.0,0.13371,11126.0,0.13373,6324.0,0.13374,852.0
1753617394902,11:56:34.902,binance,AERGO/USDT:USDT,0.13372,1023.0,0.13371,11126.0,0.13373,6324.0,0.13374,852.0
1753617396101,11:56:36.101,binance,AERGO/USDT:USDT,0.13372,1023.0,0.13371,11126.0,0.13373,6324.0,0.13374,852.0
1753617397302,11:56:37.302,binance,AERGO/USDT:USDT,0.13372,1023.0,0.13371,11126.0,0.13373,6324.0,0.13374,852.0
1753617397407,11:56:37.407,binance,AERGO/USDT:USDT,0.13372,1023.0,0.13371,11126.0,0.13373,6324.0,0.13374,728.0
1753617398102,11:56:38.102,binance,AERGO/USDT:USDT,0.13372,1023.0,0.13371,11126.0,0.13373,6324.0,0.13374,728.0
1753617398267,11:56:38.267,binance,AERGO/USDT:USDT,0.13372,1317.0,0.13371,11126.0,0.13373,6324.0,0.13374,728.0
1753617398702,11:56:38.702,binance,AERGO/USDT:USDT,0.13372,1317.0,0.13371,11126.0,0.13373,6324.0,0.13374,728.0
1753617399201,11:56:39.201,binance,AERGO/USDT:USDT,0.13372,1317.0,0.13371,11126.0,0.13373,6324.0,0.13374,728.0
1753617399302,11:56:39.302,binance,AERGO/USDT:USDT,0.13372,1317.0,0.13371,11126.0,0.13373,6324.0,0.13374,728.0
1753617399902,11:56:39.902,binance,AERGO/USDT:USDT,0.13372,1317.0,0.13371,11126.0,0.13373,6324.0,0.13374,728.0
1753617400142,11:56:40.142,binance,AERGO/USDT:USDT,0.13372,1317.0,0.13371,11126.0,0.13373,6324.0,0.13374,728.0
1753617400306,11:56:40.306,binance,AERGO/USDT:USDT,0.13372,1317.0,0.13371,11126.0,0.13373,6324.0,0.13374,728.0
1753617400559,11:56:40.559,binance,AERGO/USDT:USDT,0.13372,1317.0,0.13371,11126.0,0.13373,6324.0,0.13374,728.0
1753617401188,11:56:41.188,binance,AERGO/USDT:USDT,0.13372,1317.0,0.13371,11126.0,0.13373,6324.0,0.13374,852.0
1753617401451,11:56:41.451,binance,AERGO/USDT:USDT,0.13372,1317.0,0.13371,11126.0,0.13373,6324.0,0.13374,852.0
1753617401751,11:56:41.751,binance,AERGO/USDT:USDT,0.13372,1317.0,0.13371,11126.0,0.13373,6324.0,0.13374,852.0
1753617402081,11:56:42.081,binance,AERGO/USDT:USDT,0.13372,1317.0,0.13371,11126.0,0.13373,3545.0,0.13374,852.0
1753617402302,11:56:42.302,binance,AERGO/USDT:USDT,0.13372,1317.0,0.13371,11126.0,0.13373,3545.0,0.13374,852.0
1753617402902,11:56:42.902,binance,AERGO/USDT:USDT,0.13372,1317.0,0.13371,11126.0,0.13373,3545.0,0.13374,852.0
1753617404602,11:56:44.602,binance,AERGO/USDT:USDT,0.13372,1317.0,0.13371,11126.0,0.13373,3545.0,0.13374,852.0
1753617404801,11:56:44.801,binance,AERGO/USDT:USDT,0.13372,1317.0,0.13371,11126.0,0.13373,3545.0,0.13374,852.0
1753617406502,11:56:46.502,binance,AERGO/USDT:USDT,0.13372,1384.0,0.13371,11126.0,0.13373,3545.0,0.13374,852.0
1753617407102,11:56:47.102,binance,AERGO/USDT:USDT,0.13372,1384.0,0.13371,11126.0,0.13373,3545.0,0.13374,852.0
1753617407702,11:56:47.702,binance,AERGO/USDT:USDT,0.13372,1384.0,0.13371,11126.0,0.13373,3545.0,0.13374,852.0
1753617408302,11:56:48.302,binance,AERGO/USDT:USDT,0.13372,1384.0,0.13371,11126.0,0.13373,3545.0,0.13374,852.0
1753617408779,11:56:48.779,binance,AERGO/USDT:USDT,0.13372,1384.0,0.13371,11126.0,0.13373,3439.0,0.13374,852.0
1753617408922,11:56:48.922,binance,AERGO/USDT:USDT,0.13372,1384.0,0.13371,11126.0,0.13373,3439.0,0.13374,852.0
1753617409402,11:56:49.402,binance,AERGO/USDT:USDT,0.13372,1384.0,0.13371,11126.0,0.13373,3439.0,0.13374,852.0
1753617410003,11:56:50.003,binance,AERGO/USDT:USDT,0.13372,1384.0,0.13371,11126.0,0.13373,3439.0,0.13374,852.0
1753617410261,11:56:50.261,binance,AERGO/USDT:USDT,0.13372,1384.0,0.13371,11126.0,0.13373,3439.0,0.13374,852.0
1753617410434,11:56:50.434,binance,AERGO/USDT:USDT,0.13372,1889.0,0.13371,11126.0,0.13373,3524.0,0.13374,852.0
1753617410551,11:56:50.551,binance,AERGO/USDT:USDT,0.13372,1889.0,0.13371,11126.0,0.13373,3524.0,0.13374,852.0
1753617411513,11:56:51.513,binance,AERGO/USDT:USDT,0.13372,1889.0,0.13371,11126.0,0.13373,3539.0,0.13374,852.0
1753617411702,11:56:51.702,binance,AERGO/USDT:USDT,0.13372,1889.0,0.13371,11126.0,0.13373,3539.0,0.13374,852.0
1753617412302,11:56:52.302,binance,AERGO/USDT:USDT,0.13372,1889.0,0.13371,11126.0,0.13373,3539.0,0.13374,852.0
1753617412548,11:56:52.548,binance,AERGO/USDT:USDT,0.13372,1889.0,0.13371,11126.0,0.13373,3507.0,0.13374,852.0
1753617412902,11:56:52.902,binance,AERGO/USDT:USDT,0.13372,1889.0,0.13371,11126.0,0.13373,3507.0,0.13374,852.0
1753617414702,11:56:54.702,binance,AERGO/USDT:USDT,0.13372,1889.0,0.13371,11126.0,0.13373,3507.0,0.13374,728.0
1753617414872,11:56:54.872,binance,AERGO/USDT:USDT,0.13372,1889.0,0.13371,11126.0,0.13373,3507.0,0.13374,728.0
1753617415214,11:56:55.214,binance,AERGO/USDT:USDT,0.13372,1889.0,0.13371,11126.0,0.13373,4629.0,0.13374,728.0
1753617415660,11:56:55.660,binance,AERGO/USDT:USDT,0.13372,1889.0,0.13371,11126.0,0.13373,3507.0,0.13374,728.0
1753617415864,11:56:55.864,binance,AERGO/USDT:USDT,0.13372,1889.0,0.13371,11126.0,0.13373,3507.0,0.13374,728.0
1753617415999,11:56:55.999,binance,AERGO/USDT:USDT,0.13372,1889.0,0.13371,11126.0,0.13373,3547.0,0.13374,728.0
1753617416116,11:56:56.116,binance,AERGO/USDT:USDT,0.13372,1889.0,0.13371,11126.0,0.13373,4720.0,0.13374,728.0
1753617416620,11:56:56.620,binance,AERGO/USDT:USDT,0.13372,1889.0,0.13371,11126.0,0.13373,3598.0,0.13374,728.0
1753617417801,11:56:57.801,binance,AERGO/USDT:USDT,0.13372,1889.0,0.13371,11126.0,0.13373,3598.0,0.13374,728.0
1753617417919,11:56:57.919,binance,AERGO/USDT:USDT,0.13372,1889.0,0.13371,11126.0,0.13373,4720.0,0.13374,728.0
1753617418241,11:56:58.241,binance,AERGO/USDT:USDT,0.13372,1889.0,0.13371,11126.0,0.13373,4720.0,0.13374,728.0
1753617418780,11:56:58.780,binance,AERGO/USDT:USDT,0.13372,1889.0,0.13371,11126.0,0.13373,4613.0,0.13374,728.0
1753617418917,11:56:58.917,binance,AERGO/USDT:USDT,0.13372,1889.0,0.13371,11126.0,0.13373,3491.0,0.13374,728.0
1753617419117,11:56:59.117,binance,AERGO/USDT:USDT,0.13372,1889.0,0.13371,11126.0,0.13373,3440.0,0.13374,728.0
1753617419402,11:56:59.402,binance,AERGO/USDT:USDT,0.13372,1889.0,0.13371,11126.0,0.13373,9955.0,0.13375,452.0
1753617420330,11:57:00.330,binance,AERGO/USDT:USDT,0.13372,1889.0,0.13371,11126.0,0.13373,1875.0,0.13374,124.0
1753617420431,11:57:00.431,binance,AERGO/USDT:USDT,0.13372,1889.0,0.13371,11126.0,0.13373,1875.0,0.13374,124.0
1753617420541,11:57:00.541,binance,AERGO/USDT:USDT,0.13372,2000.0,0.13371,11126.0,0.13373,1875.0,0.13374,124.0
1753617420721,11:57:00.721,binance,AERGO/USDT:USDT,0.13372,2000.0,0.13371,11126.0,0.13373,753.0,0.13374,124.0
1753617420838,11:57:00.838,binance,AERGO/USDT:USDT,0.13372,2000.0,0.13371,11126.0,0.13373,753.0,0.13374,124.0
1753617421049,11:57:01.049,binance,AERGO/USDT:USDT,0.13372,2000.0,0.13371,11126.0,0.13373,702.0,0.13374,124.0
1753617421201,11:57:01.201,binance,AERGO/USDT:USDT,0.13372,2000.0,0.13371,11126.0,0.13373,702.0,0.13374,124.0
1753617421453,11:57:01.453,binance,AERGO/USDT:USDT,0.13372,2000.0,0.13371,11126.0,0.13373,742.0,0.13374,124.0
1753617421570,11:57:01.570,binance,AERGO/USDT:USDT,0.13372,2000.0,0.13371,11126.0,0.13373,742.0,0.13374,124.0
1753617421674,11:57:01.674,binance,AERGO/USDT:USDT,0.13372,2000.0,0.13371,11126.0,0.13373,742.0,0.13374,124.0
1753617422202,11:57:02.202,binance,AERGO/USDT:USDT,0.13372,2000.0,0.13371,11126.0,0.13373,742.0,0.13374,124.0
1753617422332,11:57:02.332,binance,AERGO/USDT:USDT,0.13372,2000.0,0.13371,11126.0,0.13373,842.0,0.13374,124.0
1753617422567,11:57:02.567,binance,AERGO/USDT:USDT,0.13372,2000.0,0.13371,11126.0,0.13373,842.0,0.13374,124.0
1753617422933,11:57:02.933,binance,AERGO/USDT:USDT,0.13372,2000.0,0.13371,11126.0,0.13373,842.0,0.13374,124.0
1753617423067,11:57:03.067,binance,AERGO/USDT:USDT,0.13372,2000.0,0.13371,11126.0,0.13373,842.0,0.13374,124.0
1753617423173,11:57:03.173,binance,AERGO/USDT:USDT,0.13372,2000.0,0.13371,11126.0,0.13373,842.0,0.13374,124.0
1753617423372,11:57:03.372,binance,AERGO/USDT:USDT,0.13372,2000.0,0.13371,11126.0,0.13373,842.0,0.13374,124.0
1753617423502,11:57:03.502,binance,AERGO/USDT:USDT,0.13372,2000.0,0.13371,11126.0,0.13373,842.0,0.13374,124.0
1753617423726,11:57:03.726,binance,AERGO/USDT:USDT,0.13372,2000.0,0.13371,11126.0,0.13373,842.0,0.13374,124.0
1753617423827,11:57:03.827,binance,AERGO/USDT:USDT,0.13372,2000.0,0.13371,11126.0,0.13373,739.0,0.13374,124.0
1753617423965,11:57:03.965,binance,AERGO/USDT:USDT,0.13372,2000.0,0.13371,11126.0,0.13373,739.0,0.13374,124.0
1753617424772,11:57:04.772,binance,AERGO/USDT:USDT,0.13372,2000.0,0.13371,11126.0,0.13373,739.0,0.13374,124.0
1753617425361,11:57:05.361,binance,AERGO/USDT:USDT,0.13372,2000.0,0.13371,11126.0,0.13373,739.0,0.13374,124.0
1753617425625,11:57:05.625,binance,AERGO/USDT:USDT,0.13373,3244.0,0.13372,2007.0,0.13377,328.0,0.13378,4564.0
1753617425732,11:57:05.732,binance,AERGO/USDT:USDT,0.13373,3244.0,0.13372,2007.0,0.13377,1728.0,0.13378,3164.0
1753617425837,11:57:05.837,binance,AERGO/USDT:USDT,0.13373,3420.0,0.13372,3183.0,0.13377,1728.0,0.13378,3164.0
1753617425947,11:57:05.947,binance,AERGO/USDT:USDT,0.13373,3506.0,0.13372,3183.0,0.13377,1728.0,0.13378,3164.0
1753617426071,11:57:06.071,binance,AERGO/USDT:USDT,0.13373,3506.0,0.13372,1495.0,0.13377,1728.0,0.13378,3164.0
1753617426248,11:57:06.248,binance,AERGO/USDT:USDT,0.13373,767.0,0.13372,1495.0,0.13376,2989.0,0.13377,1852.0
1753617426374,11:57:06.374,binance,AERGO/USDT:USDT,0.13373,767.0,0.13372,1495.0,0.13376,2989.0,0.13377,1852.0
1753617426732,11:57:06.732,binance,AERGO/USDT:USDT,0.13373,767.0,0.13372,1495.0,0.13376,2888.0,0.13377,1852.0
1753617426835,11:57:06.835,binance,AERGO/USDT:USDT,0.13373,767.0,0.13372,1495.0,0.13377,1728.0,0.13378,3164.0
1753617427002,11:57:07.002,binance,AERGO/USDT:USDT,0.13373,767.0,0.13372,1495.0,0.13377,2635.0,0.13378,3164.0
1753617427202,11:57:07.202,binance,AERGO/USDT:USDT,0.13373,767.0,0.13372,1495.0,0.13377,2635.0,0.13378,3164.0
1753617427334,11:57:07.334,binance,AERGO/USDT:USDT,0.13373,767.0,0.13372,1495.0,0.13376,2990.0,0.13377,2759.0
1753617427780,11:57:07.780,binance,AERGO/USDT:USDT,0.13373,767.0,0.13372,1495.0,0.13377,1728.0,0.13378,3164.0
1753617427902,11:57:07.902,binance,AERGO/USDT:USDT,0.13373,767.0,0.13372,1495.0,0.13377,2368.0,0.13378,3164.0
1753617428288,11:57:08.288,binance,AERGO/USDT:USDT,0.13373,767.0,0.13372,1495.0,0.13377,2368.0,0.13378,3164.0
1753617428502,11:57:08.502,binance,AERGO/USDT:USDT,0.13373,767.0,0.13372,1495.0,0.13377,2368.0,0.13378,3164.0
1753617429181,11:57:09.181,binance,AERGO/USDT:USDT,0.13373,767.0,0.13372,1495.0,0.13376,2735.0,0.13377,3213.0
1753617430043,11:57:10.043,binance,AERGO/USDT:USDT,0.13373,814.0,0.13372,1495.0,0.13376,2735.0,0.13377,3213.0
1753617430202,11:57:10.202,binance,AERGO/USDT:USDT,0.13373,814.0,0.13372,1495.0,0.13376,2735.0,0.13377,1852.0
1753617430401,11:57:10.401,binance,AERGO/USDT:USDT,0.13373,814.0,0.13372,1495.0,0.13376,2735.0,0.13377,1852.0
1753617430828,11:57:10.828,binance,AERGO/USDT:USDT,0.13373,814.0,0.13372,1495.0,0.13376,2621.0,0.13377,1852.0
1753617431002,11:57:11.002,binance,AERGO/USDT:USDT,0.13373,814.0,0.13372,1495.0,0.13376,2621.0,0.13377,1852.0
1753617431561,11:57:11.561,binance,AERGO/USDT:USDT,0.13373,814.0,0.13372,1495.0,0.13376,2621.0,0.13377,1852.0
1753617431700,11:57:11.700,binance,AERGO/USDT:USDT,0.13373,814.0,0.13372,1495.0,0.13376,2621.0,0.13377,1852.0
1753617431827,11:57:11.827,binance,AERGO/USDT:USDT,0.13373,814.0,0.13372,1495.0,0.13376,2621.0,0.13377,1852.0
1753617432002,11:57:12.002,binance,AERGO/USDT:USDT,0.13373,814.0,0.13372,1495.0,0.13376,2621.0,0.13377,1852.0
1753617432146,11:57:12.146,binance,AERGO/USDT:USDT,0.13373,814.0,0.13372,1495.0,0.13376,2621.0,0.13377,1852.0
1753617432256,11:57:12.256,binance,AERGO/USDT:USDT,0.13373,814.0,0.13372,1495.0,0.13376,2621.0,0.13377,1852.0
1753617432361,11:57:12.361,binance,AERGO/USDT:USDT,0.13373,814.0,0.13372,1495.0,0.13375,2735.0,0.13376,3279.0
1753617432499,11:57:12.499,binance,AERGO/USDT:USDT,0.13373,814.0,0.13372,1495.0,0.13375,2735.0,0.13376,658.0
1753617432618,11:57:12.618,binance,AERGO/USDT:USDT,0.13373,814.0,0.13372,1495.0,0.13375,2735.0,0.13376,658.0
1753617432829,11:57:12.829,binance,AERGO/USDT:USDT,0.13373,814.0,0.13372,1495.0,0.13375,2643.0,0.13376,658.0
1753617432954,11:57:12.954,binance,AERGO/USDT:USDT,0.13373,814.0,0.13372,1495.0,0.13375,2643.0,0.13376,658.0
1753617433702,11:57:13.702,binance,AERGO/USDT:USDT,0.13373,814.0,0.13372,1495.0,0.13375,2643.0,0.13376,124.0
1753617434102,11:57:14.102,binance,AERGO/USDT:USDT,0.13373,814.0,0.13372,1495.0,0.13375,2643.0,0.13376,124.0
1753617434806,11:57:14.806,binance,AERGO/USDT:USDT,0.13373,814.0,0.13372,1495.0,0.13375,2643.0,0.13376,124.0
1753617435402,11:57:15.402,binance,AERGO/USDT:USDT,0.13373,814.0,0.13372,1495.0,0.13375,2643.0,0.13376,124.0
1753617435505,11:57:15.505,binance,AERGO/USDT:USDT,0.13373,814.0,0.13372,1495.0,0.13375,2643.0,0.13376,124.0
1753617435732,11:57:15.732,binance,AERGO/USDT:USDT,0.13373,814.0,0.13372,1495.0,0.13375,2539.0,0.13376,124.0
1753617435835,11:57:15.835,binance,AERGO/USDT:USDT,0.13373,814.0,0.13372,1495.0,0.13375,2539.0,0.13376,661.0
