timestamp,time,exchange,symbol,bid1_price,bid1_volume,bid2_price,bid2_volume,ask1_price,ask1_volume,ask2_price,ask2_volume
1753617155381,11:52:35.381,binance,AAVE/USDT:USDT,295.55,2.6,295.54,0.1,295.56,19.5,295.57,21.2
1753617155489,11:52:35.489,binance,AAVE/USDT:USDT,295.55,17.0,295.54,0.1,295.56,18.1,295.57,19.5
1753617155592,11:52:35.592,binance,AAVE/USDT:USDT,295.55,22.1,295.54,13.5,295.56,17.4,295.57,12.5
1753617155902,11:52:35.902,binance,AAVE/USDT:USDT,295.55,0.1,295.53,14.0,295.56,18.8,295.57,19.3
1753617156005,11:52:36.005,binance,AAVE/USDT:USDT,295.55,0.1,295.53,0.6,295.56,18.8,295.57,24.7
1753617156358,11:52:36.358,binance,AAVE/USDT:USDT,295.55,0.1,295.53,0.6,295.56,18.8,295.57,24.7
1753617156520,11:52:36.520,binance,AAVE/USDT:USDT,295.55,0.1,295.53,0.6,295.56,20.4,295.57,24.7
1753617156635,11:52:36.635,binance,AAVE/USDT:USDT,295.55,0.1,295.53,0.6,295.56,25.4,295.57,29.7
1753617156736,11:52:36.736,binance,AAVE/USDT:USDT,295.55,0.1,295.53,0.6,295.56,25.4,295.57,29.7
1753617156942,11:52:36.942,binance,AAVE/USDT:USDT,295.55,0.1,295.53,0.6,295.56,19.9,295.57,29.7
1753617157098,11:52:37.098,binance,AAVE/USDT:USDT,295.55,0.1,295.53,0.6,295.56,19.9,295.57,29.7
1753617157236,11:52:37.236,binance,AAVE/USDT:USDT,295.55,0.1,295.53,0.6,295.56,20.0,295.57,29.7
1753617157368,11:52:37.368,binance,AAVE/USDT:USDT,295.53,0.3,295.52,1.1,295.54,29.5,295.55,22.0
1753617157849,11:52:37.849,binance,AAVE/USDT:USDT,295.53,0.2,295.52,0.5,295.54,29.6,295.55,24.6
1753617157952,11:52:37.952,binance,AAVE/USDT:USDT,295.53,0.2,295.52,0.5,295.54,29.6,295.55,24.6
1753617158079,11:52:38.079,binance,AAVE/USDT:USDT,295.53,0.2,295.52,0.7,295.54,29.6,295.55,24.6
1753617158215,11:52:38.215,binance,AAVE/USDT:USDT,295.53,0.2,295.52,0.7,295.54,29.6,295.55,24.6
1753617158566,11:52:38.566,binance,AAVE/USDT:USDT,295.53,15.5,295.52,13.8,295.54,13.4,295.55,11.5
1753617158671,11:52:38.671,binance,AAVE/USDT:USDT,295.53,9.4,295.52,6.4,295.54,13.4,295.55,11.5
1753617158775,11:52:38.775,binance,AAVE/USDT:USDT,295.53,9.4,295.52,6.4,295.54,13.4,295.55,11.5
1753617158876,11:52:38.876,binance,AAVE/USDT:USDT,295.53,9.4,295.52,6.4,295.54,13.4,295.55,11.5
1753617158978,11:52:38.978,binance,AAVE/USDT:USDT,295.53,9.4,295.52,6.4,295.54,13.4,295.55,11.5
1753617159137,11:52:39.137,binance,AAVE/USDT:USDT,295.53,9.4,295.52,6.3,295.54,13.4,295.55,11.5
1753617159959,11:52:39.959,binance,AAVE/USDT:USDT,295.53,14.4,295.52,1.5,295.54,8.0,295.55,3.8
1753617160073,11:52:40.073,binance,AAVE/USDT:USDT,295.53,13.2,295.52,0.8,295.54,8.0,295.55,6.5
1753617160176,11:52:40.176,binance,AAVE/USDT:USDT,295.53,13.2,295.52,1.5,295.54,8.0,295.55,3.8
1753617160491,11:52:40.491,binance,AAVE/USDT:USDT,295.53,7.4,295.52,8.8,295.54,9.4,295.55,21.7
1753617160594,11:52:40.594,binance,AAVE/USDT:USDT,295.53,7.7,295.52,8.8,295.54,8.0,295.55,11.5
1753617160696,11:52:40.696,binance,AAVE/USDT:USDT,295.53,9.5,295.52,8.8,295.54,7.8,295.55,11.5
1753617161226,11:52:41.226,binance,AAVE/USDT:USDT,295.53,20.7,295.52,0.8,295.54,9.9,295.55,6.3
1753617161896,11:52:41.896,binance,AAVE/USDT:USDT,295.53,15.7,295.52,6.8,295.54,9.9,295.55,13.6
1753617161998,11:52:41.998,binance,AAVE/USDT:USDT,295.53,15.9,295.52,6.8,295.54,9.9,295.55,13.6
1753617162858,11:52:42.858,binance,AAVE/USDT:USDT,295.53,15.9,295.52,6.8,295.54,9.9,295.55,0.7
1753617162960,11:52:42.960,binance,AAVE/USDT:USDT,295.53,15.9,295.52,6.8,295.54,9.9,295.55,0.7
1753617163070,11:52:43.070,binance,AAVE/USDT:USDT,295.53,15.6,295.52,6.8,295.54,9.9,295.55,0.7
1753617163176,11:52:43.176,binance,AAVE/USDT:USDT,295.53,15.6,295.52,6.8,295.54,11.3,295.55,14.0
1753617163409,11:52:43.409,binance,AAVE/USDT:USDT,295.53,17.8,295.52,6.8,295.54,9.9,295.55,0.7
1753617163512,11:52:43.512,binance,AAVE/USDT:USDT,295.53,24.2,295.52,16.9,295.54,2.4,295.56,8.0
1753617163614,11:52:43.614,binance,AAVE/USDT:USDT,295.53,22.8,295.52,16.9,295.54,6.6,295.56,8.7
1753617163717,11:52:43.717,binance,AAVE/USDT:USDT,295.53,22.8,295.52,12.9,295.54,6.6,295.56,11.3
1753617163820,11:52:43.820,binance,AAVE/USDT:USDT,295.53,22.8,295.52,12.9,295.54,6.6,295.56,10.6
1753617163924,11:52:43.924,binance,AAVE/USDT:USDT,295.53,22.8,295.52,12.9,295.54,6.6,295.56,13.2
1753617164027,11:52:44.027,binance,AAVE/USDT:USDT,295.53,22.8,295.52,12.9,295.54,6.6,295.56,13.3
1753617164274,11:52:44.274,binance,AAVE/USDT:USDT,295.53,22.8,295.52,21.6,295.54,6.6,295.56,2.0
1753617164375,11:52:44.375,binance,AAVE/USDT:USDT,295.53,24.2,295.52,24.5,295.54,4.9,295.56,2.0
1753617164478,11:52:44.478,binance,AAVE/USDT:USDT,295.55,43.1,295.54,35.8,295.56,2.0,295.57,2.6
1753617164580,11:52:44.580,binance,AAVE/USDT:USDT,295.55,43.4,295.54,44.9,295.56,2.0,295.57,0.3
1753617164686,11:52:44.686,binance,AAVE/USDT:USDT,295.55,43.4,295.54,44.9,295.56,2.0,295.57,0.3
1753617164892,11:52:44.892,binance,AAVE/USDT:USDT,295.56,58.9,295.55,26.1,295.57,0.1,295.58,0.4
1753617164995,11:52:44.995,binance,AAVE/USDT:USDT,295.56,59.0,295.55,34.2,295.57,0.1,295.58,0.4
1753617165461,11:52:45.461,binance,AAVE/USDT:USDT,295.56,59.0,295.55,34.2,295.57,0.1,295.58,0.4
1753617165565,11:52:45.565,binance,AAVE/USDT:USDT,295.56,59.0,295.55,34.2,295.57,0.1,295.58,0.4
1753617165668,11:52:45.668,binance,AAVE/USDT:USDT,295.56,59.0,295.55,26.1,295.57,0.1,295.58,0.4
1753617165770,11:52:45.770,binance,AAVE/USDT:USDT,295.56,59.0,295.55,26.1,295.57,0.1,295.58,0.4
1753617165889,11:52:45.889,binance,AAVE/USDT:USDT,295.56,59.0,295.55,26.1,295.57,0.1,295.58,0.4
1753617165996,11:52:45.996,binance,AAVE/USDT:USDT,295.56,51.9,295.55,26.1,295.57,0.1,295.58,0.4
1753617166098,11:52:46.098,binance,AAVE/USDT:USDT,295.56,51.9,295.55,26.0,295.57,0.1,295.58,0.4
1753617166201,11:52:46.201,binance,AAVE/USDT:USDT,295.56,51.9,295.55,26.0,295.57,0.1,295.58,0.4
1753617166304,11:52:46.304,binance,AAVE/USDT:USDT,295.56,54.3,295.55,26.0,295.57,0.1,295.58,0.4
1753617166407,11:52:46.407,binance,AAVE/USDT:USDT,295.56,54.3,295.55,26.0,295.57,0.1,295.58,0.4
1753617166508,11:52:46.508,binance,AAVE/USDT:USDT,295.56,54.3,295.55,26.0,295.57,0.1,295.58,0.4
1753617166808,11:52:46.808,binance,AAVE/USDT:USDT,295.56,54.3,295.55,26.0,295.57,0.1,295.58,0.4
1753617166912,11:52:46.912,binance,AAVE/USDT:USDT,295.56,54.3,295.55,26.0,295.57,0.1,295.58,0.4
1753617167016,11:52:47.016,binance,AAVE/USDT:USDT,295.56,54.3,295.55,26.0,295.57,0.1,295.58,0.4
1753617167301,11:52:47.301,binance,AAVE/USDT:USDT,295.56,51.9,295.55,26.0,295.57,0.1,295.58,0.4
1753617167403,11:52:47.403,binance,AAVE/USDT:USDT,295.56,55.1,295.55,26.0,295.57,0.1,295.58,0.3
1753617167506,11:52:47.506,binance,AAVE/USDT:USDT,295.56,55.1,295.55,26.0,295.57,0.1,295.58,0.3
1753617167609,11:52:47.609,binance,AAVE/USDT:USDT,295.56,55.1,295.55,26.0,295.57,0.1,295.58,0.3
1753617167712,11:52:47.712,binance,AAVE/USDT:USDT,295.56,55.1,295.55,26.0,295.57,0.1,295.58,0.3
1753617168079,11:52:48.079,binance,AAVE/USDT:USDT,295.56,55.1,295.55,26.0,295.57,0.1,295.58,0.3
1753617168183,11:52:48.183,binance,AAVE/USDT:USDT,295.56,55.1,295.55,26.0,295.57,0.1,295.58,0.3
1753617168286,11:52:48.286,binance,AAVE/USDT:USDT,295.56,55.1,295.55,26.0,295.57,0.1,295.58,0.3
1753617168389,11:52:48.389,binance,AAVE/USDT:USDT,295.56,55.0,295.55,26.0,295.57,0.1,295.58,0.3
1753617168495,11:52:48.495,binance,AAVE/USDT:USDT,295.56,55.0,295.55,26.0,295.57,0.1,295.58,0.3
1753617168598,11:52:48.598,binance,AAVE/USDT:USDT,295.56,55.0,295.55,26.0,295.57,0.1,295.58,0.3
1753617168806,11:52:48.806,binance,AAVE/USDT:USDT,295.58,53.8,295.57,32.6,295.59,0.5,295.6,0.4
1753617168909,11:52:48.909,binance,AAVE/USDT:USDT,295.58,53.8,295.57,32.6,295.59,0.5,295.6,0.4
1753617169013,11:52:49.013,binance,AAVE/USDT:USDT,295.58,53.8,295.57,32.6,295.59,0.5,295.6,0.4
1753617169115,11:52:49.115,binance,AAVE/USDT:USDT,295.58,53.8,295.57,32.6,295.59,0.5,295.6,0.4
1753617169218,11:52:49.218,binance,AAVE/USDT:USDT,295.58,53.7,295.57,32.6,295.59,0.5,295.6,0.4
1753617169321,11:52:49.321,binance,AAVE/USDT:USDT,295.58,57.2,295.57,32.6,295.59,0.5,295.6,0.4
1753617169424,11:52:49.424,binance,AAVE/USDT:USDT,295.58,57.2,295.57,32.6,295.59,0.5,295.6,0.4
1753617169527,11:52:49.527,binance,AAVE/USDT:USDT,295.58,62.2,295.57,32.6,295.59,0.5,295.6,0.4
1753617169629,11:52:49.629,binance,AAVE/USDT:USDT,295.58,62.2,295.57,32.6,295.59,0.5,295.6,0.4
1753617169774,11:52:49.774,binance,AAVE/USDT:USDT,295.58,62.2,295.57,32.6,295.59,0.5,295.6,0.4
1753617169877,11:52:49.877,binance,AAVE/USDT:USDT,295.58,62.2,295.57,32.6,295.59,0.5,295.6,0.4
1753617169995,11:52:49.995,binance,AAVE/USDT:USDT,295.58,62.2,295.57,32.6,295.59,0.5,295.6,0.4
1753617170227,11:52:50.227,binance,AAVE/USDT:USDT,295.58,49.0,295.57,27.6,295.59,0.5,295.6,8.7
1753617170332,11:52:50.332,binance,AAVE/USDT:USDT,295.58,49.6,295.57,27.6,295.59,0.6,295.6,0.5
1753617170436,11:52:50.436,binance,AAVE/USDT:USDT,295.58,54.6,295.57,32.6,295.59,0.6,295.6,0.4
1753617170539,11:52:50.539,binance,AAVE/USDT:USDT,295.58,54.0,295.57,32.6,295.59,0.6,295.6,0.4
1753617170642,11:52:50.642,binance,AAVE/USDT:USDT,295.58,54.0,295.57,32.6,295.59,0.6,295.6,0.4
1753617170745,11:52:50.745,binance,AAVE/USDT:USDT,295.58,54.0,295.57,32.6,295.59,0.6,295.6,0.4
1753617170881,11:52:50.881,binance,AAVE/USDT:USDT,295.58,54.0,295.57,32.6,295.59,0.6,295.6,0.4
1753617170998,11:52:50.998,binance,AAVE/USDT:USDT,295.58,54.0,295.57,32.6,295.59,0.6,295.6,0.4
1753617171101,11:52:51.101,binance,AAVE/USDT:USDT,295.58,54.0,295.57,32.6,295.59,0.6,295.6,0.4
1753617171204,11:52:51.204,binance,AAVE/USDT:USDT,295.58,54.0,295.57,32.7,295.59,0.6,295.6,0.4
1753617171306,11:52:51.306,binance,AAVE/USDT:USDT,295.58,54.0,295.57,32.7,295.59,0.7,295.6,0.4
1753617171409,11:52:51.409,binance,AAVE/USDT:USDT,295.58,54.0,295.57,32.7,295.59,0.7,295.6,0.4
1753617171513,11:52:51.513,binance,AAVE/USDT:USDT,295.6,45.4,295.59,29.9,295.61,1.3,295.62,5.9
1753617171614,11:52:51.614,binance,AAVE/USDT:USDT,295.6,46.1,295.59,28.5,295.61,1.3,295.62,5.9
1753617171719,11:52:51.719,binance,AAVE/USDT:USDT,295.6,46.3,295.59,28.5,295.61,1.3,295.62,5.9
1753617171821,11:52:51.821,binance,AAVE/USDT:USDT,295.61,48.3,295.6,30.9,295.62,5.9,295.63,1.5
1753617171923,11:52:51.923,binance,AAVE/USDT:USDT,295.61,48.5,295.6,30.9,295.62,5.9,295.63,1.5
1753617172026,11:52:52.026,binance,AAVE/USDT:USDT,295.61,48.6,295.6,30.9,295.62,5.9,295.63,1.5
1753617172129,11:52:52.129,binance,AAVE/USDT:USDT,295.61,48.6,295.6,30.9,295.62,5.9,295.63,1.5
1753617172233,11:52:52.233,binance,AAVE/USDT:USDT,295.61,48.6,295.6,30.9,295.62,5.6,295.63,1.5
1753617172336,11:52:52.336,binance,AAVE/USDT:USDT,295.61,48.6,295.6,30.9,295.62,6.0,295.63,1.5
1753617172440,11:52:52.440,binance,AAVE/USDT:USDT,295.61,48.4,295.6,30.9,295.62,6.0,295.63,1.5
1753617172560,11:52:52.560,binance,AAVE/USDT:USDT,295.61,48.4,295.6,30.9,295.62,6.0,295.63,1.5
1753617172667,11:52:52.667,binance,AAVE/USDT:USDT,295.61,48.4,295.6,30.9,295.62,6.0,295.63,1.5
1753617172768,11:52:52.768,binance,AAVE/USDT:USDT,295.61,48.4,295.6,30.9,295.62,6.0,295.63,1.5
1753617172977,11:52:52.977,binance,AAVE/USDT:USDT,295.61,29.5,295.6,24.5,295.62,7.3,295.63,9.6
1753617173083,11:52:53.083,binance,AAVE/USDT:USDT,295.61,29.5,295.6,24.5,295.62,7.3,295.63,9.6
1753617173190,11:52:53.190,binance,AAVE/USDT:USDT,295.61,29.5,295.6,24.5,295.62,7.3,295.63,9.6
1753617173314,11:52:53.314,binance,AAVE/USDT:USDT,295.61,29.5,295.6,24.5,295.62,6.7,295.63,9.6
1753617173529,11:52:53.529,binance,AAVE/USDT:USDT,295.61,10.1,295.6,4.1,295.62,16.4,295.63,22.7
1753617173631,11:52:53.631,binance,AAVE/USDT:USDT,295.61,10.1,295.6,0.3,295.62,16.4,295.63,22.7
1753617173732,11:52:53.732,binance,AAVE/USDT:USDT,295.6,13.2,295.59,0.1,295.61,28.4,295.62,25.5
1753617173835,11:52:53.835,binance,AAVE/USDT:USDT,295.6,0.2,295.59,0.1,295.61,28.4,295.62,22.1
1753617173950,11:52:53.950,binance,AAVE/USDT:USDT,295.6,14.9,295.59,0.1,295.61,20.7,295.62,16.2
1753617174052,11:52:54.052,binance,AAVE/USDT:USDT,295.61,23.3,295.6,13.1,295.62,11.9,295.63,1.5
1753617174154,11:52:54.154,binance,AAVE/USDT:USDT,295.61,23.4,295.6,13.1,295.62,12.0,295.63,1.5
1753617174260,11:52:54.260,binance,AAVE/USDT:USDT,295.61,23.4,295.6,13.1,295.62,12.0,295.63,2.2
1753617174370,11:52:54.370,binance,AAVE/USDT:USDT,295.61,23.4,295.6,13.1,295.62,12.0,295.63,10.3
1753617174474,11:52:54.474,binance,AAVE/USDT:USDT,295.61,1.5,295.6,0.3,295.62,18.7,295.63,14.7
1753617174580,11:52:54.580,binance,AAVE/USDT:USDT,295.61,1.5,295.6,8.3,295.62,18.7,295.63,14.7
1753617174692,11:52:54.692,binance,AAVE/USDT:USDT,295.61,1.5,295.6,8.3,295.62,15.7,295.63,14.7
1753617174823,11:52:54.823,binance,AAVE/USDT:USDT,295.61,1.9,295.6,8.3,295.62,15.7,295.63,14.7
1753617174935,11:52:54.935,binance,AAVE/USDT:USDT,295.61,1.9,295.6,8.3,295.62,15.7,295.63,14.7
1753617175042,11:52:55.042,binance,AAVE/USDT:USDT,295.61,1.9,295.6,8.3,295.62,15.7,295.63,14.7
1753617175145,11:52:55.145,binance,AAVE/USDT:USDT,295.61,1.9,295.6,8.3,295.62,15.7,295.63,14.7
1753617175248,11:52:55.248,binance,AAVE/USDT:USDT,295.61,1.9,295.6,8.3,295.62,15.7,295.63,14.7
1753617175400,11:52:55.400,binance,AAVE/USDT:USDT,295.61,1.9,295.6,8.3,295.62,15.7,295.63,12.0
1753617175506,11:52:55.506,binance,AAVE/USDT:USDT,295.61,1.9,295.6,8.3,295.62,15.7,295.63,12.0
1753617175609,11:52:55.609,binance,AAVE/USDT:USDT,295.61,1.9,295.6,8.3,295.62,14.9,295.63,12.0
1753617175738,11:52:55.738,binance,AAVE/USDT:USDT,295.61,1.9,295.6,8.3,295.62,16.6,295.63,12.0
1753617175843,11:52:55.843,binance,AAVE/USDT:USDT,295.61,1.9,295.6,8.3,295.62,16.6,295.63,12.0
1753617175951,11:52:55.951,binance,AAVE/USDT:USDT,295.61,1.9,295.6,8.3,295.62,16.6,295.63,12.0
1753617176053,11:52:56.053,binance,AAVE/USDT:USDT,295.61,1.9,295.6,8.3,295.62,16.6,295.63,12.0
1753617176186,11:52:56.186,binance,AAVE/USDT:USDT,295.61,9.1,295.6,8.3,295.62,12.9,295.63,0.9
1753617176288,11:52:56.288,binance,AAVE/USDT:USDT,295.61,9.2,295.6,8.3,295.62,13.0,295.63,0.9
1753617176496,11:52:56.496,binance,AAVE/USDT:USDT,295.61,23.8,295.6,0.3,295.62,6.1,295.63,0.2
1753617176599,11:52:56.599,binance,AAVE/USDT:USDT,295.61,23.8,295.6,0.3,295.62,6.1,295.63,0.2
1753617176749,11:52:56.749,binance,AAVE/USDT:USDT,295.61,23.8,295.6,0.3,295.62,6.1,295.63,0.2
1753617176853,11:52:56.853,binance,AAVE/USDT:USDT,295.61,23.8,295.6,0.3,295.62,6.1,295.63,0.2
1753617176956,11:52:56.956,binance,AAVE/USDT:USDT,295.61,23.6,295.6,0.3,295.62,6.1,295.63,8.3
1753617177059,11:52:57.059,binance,AAVE/USDT:USDT,295.61,23.6,295.6,0.3,295.62,6.1,295.63,11.2
1753617177336,11:52:57.336,binance,AAVE/USDT:USDT,295.61,23.6,295.6,0.3,295.62,6.1,295.63,11.2
1753617177439,11:52:57.439,binance,AAVE/USDT:USDT,295.61,23.6,295.6,0.5,295.62,6.1,295.63,11.2
1753617177542,11:52:57.542,binance,AAVE/USDT:USDT,295.61,23.6,295.6,0.5,295.62,6.1,295.63,11.2
1753617177690,11:52:57.690,binance,AAVE/USDT:USDT,295.61,23.6,295.6,0.5,295.62,6.1,295.63,11.2
1753617177793,11:52:57.793,binance,AAVE/USDT:USDT,295.61,23.6,295.6,0.5,295.62,6.1,295.63,11.2
1753617177902,11:52:57.902,binance,AAVE/USDT:USDT,295.61,23.6,295.6,0.5,295.62,6.1,295.63,11.2
1753617178026,11:52:58.026,binance,AAVE/USDT:USDT,295.61,23.6,295.6,0.3,295.62,6.7,295.63,11.2
1753617178128,11:52:58.128,binance,AAVE/USDT:USDT,295.61,23.6,295.6,0.5,295.62,6.7,295.63,11.2
1753617178295,11:52:58.295,binance,AAVE/USDT:USDT,295.61,23.6,295.6,0.5,295.62,6.7,295.63,11.2
1753617178401,11:52:58.401,binance,AAVE/USDT:USDT,295.61,23.6,295.6,0.5,295.62,6.7,295.63,11.2
1753617178622,11:52:58.622,binance,AAVE/USDT:USDT,295.61,23.6,295.6,0.5,295.62,6.7,295.63,11.2
1753617178728,11:52:58.728,binance,AAVE/USDT:USDT,295.61,23.6,295.6,0.3,295.62,6.1,295.63,11.2
1753617178887,11:52:58.887,binance,AAVE/USDT:USDT,295.61,23.6,295.6,0.3,295.62,6.1,295.63,11.2
1753617179021,11:52:59.021,binance,AAVE/USDT:USDT,295.61,23.6,295.6,0.3,295.62,6.1,295.63,0.2
1753617179125,11:52:59.125,binance,AAVE/USDT:USDT,295.61,23.6,295.6,0.3,295.62,6.7,295.63,0.9
1753617179228,11:52:59.228,binance,AAVE/USDT:USDT,295.61,5.5,295.6,7.8,295.62,23.3,295.63,21.4
1753617179446,11:52:59.446,binance,AAVE/USDT:USDT,295.61,5.5,295.6,7.8,295.62,28.3,295.63,26.4
1753617179553,11:52:59.553,binance,AAVE/USDT:USDT,295.61,5.5,295.6,7.8,295.62,28.3,295.63,26.4
1753617179728,11:52:59.728,binance,AAVE/USDT:USDT,295.61,5.5,295.6,7.8,295.62,28.3,295.63,26.4
1753617179834,11:52:59.834,binance,AAVE/USDT:USDT,295.61,5.5,295.6,8.0,295.62,28.3,295.63,26.4
1753617179940,11:52:59.940,binance,AAVE/USDT:USDT,295.61,5.5,295.6,8.0,295.62,28.3,295.63,26.4
1753617180059,11:53:00.059,binance,AAVE/USDT:USDT,295.61,5.5,295.6,8.0,295.62,28.3,295.63,26.4
1753617180162,11:53:00.162,binance,AAVE/USDT:USDT,295.61,5.5,295.6,7.8,295.62,28.3,295.63,26.4
1753617180291,11:53:00.291,binance,AAVE/USDT:USDT,295.61,5.5,295.6,7.8,295.62,28.3,295.63,26.4
1753617180402,11:53:00.402,binance,AAVE/USDT:USDT,295.61,2.4,295.6,7.8,295.62,28.3,295.63,26.4
1753617180503,11:53:00.503,binance,AAVE/USDT:USDT,295.61,2.5,295.6,7.8,295.62,28.3,295.63,26.4
1753617180607,11:53:00.607,binance,AAVE/USDT:USDT,295.61,2.5,295.6,7.8,295.62,28.3,295.63,26.4
1753617180834,11:53:00.834,binance,AAVE/USDT:USDT,295.61,2.5,295.6,7.8,295.62,28.3,295.63,26.4
1753617180949,11:53:00.949,binance,AAVE/USDT:USDT,295.61,2.5,295.6,7.8,295.62,28.3,295.63,26.4
1753617181053,11:53:01.053,binance,AAVE/USDT:USDT,295.6,0.2,295.59,10.3,295.61,42.8,295.62,33.4
1753617181155,11:53:01.155,binance,AAVE/USDT:USDT,295.59,0.1,295.58,0.5,295.6,39.3,295.61,48.0
1753617181256,11:53:01.256,binance,AAVE/USDT:USDT,295.59,0.1,295.58,0.5,295.6,39.4,295.61,53.4
1753617181358,11:53:01.358,binance,AAVE/USDT:USDT,295.59,0.1,295.58,0.5,295.6,39.4,295.61,53.4
1753617181475,11:53:01.475,binance,AAVE/USDT:USDT,295.59,0.1,295.58,0.5,295.6,39.5,295.61,53.4
1753617181618,11:53:01.618,binance,AAVE/USDT:USDT,295.59,0.1,295.58,0.5,295.6,39.5,295.61,53.4
1753617181773,11:53:01.773,binance,AAVE/USDT:USDT,295.59,0.1,295.58,0.5,295.6,39.5,295.61,53.4
1753617181877,11:53:01.877,binance,AAVE/USDT:USDT,295.59,0.1,295.58,8.2,295.6,39.5,295.61,48.9
1753617182002,11:53:02.002,binance,AAVE/USDT:USDT,295.59,0.1,295.58,8.2,295.6,39.5,295.61,56.8
1753617182160,11:53:02.160,binance,AAVE/USDT:USDT,295.59,23.4,295.58,0.7,295.6,0.1,295.61,3.0
1753617182262,11:53:02.262,binance,AAVE/USDT:USDT,295.59,24.9,295.58,1.4,295.6,0.1,295.61,0.1
1753617182468,11:53:02.468,binance,AAVE/USDT:USDT,295.59,28.5,295.58,11.2,295.6,0.1,295.61,0.1
1753617182571,11:53:02.571,binance,AAVE/USDT:USDT,295.59,28.5,295.58,11.2,295.6,0.1,295.61,0.1
1753617182674,11:53:02.674,binance,AAVE/USDT:USDT,295.63,118.4,295.62,27.1,295.64,0.2,295.65,5.8
1753617182775,11:53:02.775,binance,AAVE/USDT:USDT,295.63,36.8,295.62,30.0,295.64,0.2,295.65,3.2
1753617182878,11:53:02.878,binance,AAVE/USDT:USDT,295.63,36.8,295.62,30.0,295.64,0.2,295.65,3.2
1753617183004,11:53:03.004,binance,AAVE/USDT:USDT,295.63,36.8,295.62,30.0,295.64,0.2,295.65,3.2
1753617183111,11:53:03.111,binance,AAVE/USDT:USDT,295.63,36.8,295.62,29.9,295.64,0.2,295.65,3.2
1753617183215,11:53:03.215,binance,AAVE/USDT:USDT,295.63,36.8,295.62,25.7,295.64,0.3,295.65,3.2
1753617183318,11:53:03.318,binance,AAVE/USDT:USDT,295.63,36.6,295.62,25.7,295.64,0.3,295.65,3.2
1753617183446,11:53:03.446,binance,AAVE/USDT:USDT,295.64,75.2,295.63,17.6,295.65,2.9,295.66,0.2
1753617183548,11:53:03.548,binance,AAVE/USDT:USDT,295.64,70.6,295.63,28.4,295.65,3.0,295.66,0.2
1753617183656,11:53:03.656,binance,AAVE/USDT:USDT,295.67,44.1,295.66,124.8,295.68,2.9,295.69,2.6
1753617183759,11:53:03.759,binance,AAVE/USDT:USDT,295.68,37.2,295.67,53.5,295.69,2.5,295.7,0.3
1753617183860,11:53:03.860,binance,AAVE/USDT:USDT,295.69,44.6,295.68,128.5,295.71,4.8,295.72,24.8
1753617183962,11:53:03.962,binance,AAVE/USDT:USDT,295.7,52.5,295.69,52.4,295.71,0.9,295.72,24.7
1753617184166,11:53:04.166,binance,AAVE/USDT:USDT,295.7,52.2,295.69,27.8,295.71,1.0,295.72,24.7
1753617184272,11:53:04.272,binance,AAVE/USDT:USDT,295.7,57.2,295.69,30.8,295.71,1.0,295.72,24.7
1753617184373,11:53:04.373,binance,AAVE/USDT:USDT,295.7,53.3,295.69,19.9,295.71,1.3,295.72,24.7
1753617184591,11:53:04.591,binance,AAVE/USDT:USDT,295.7,40.5,295.69,19.9,295.71,8.7,295.72,24.7
1753617184695,11:53:04.695,binance,AAVE/USDT:USDT,295.7,40.5,295.69,19.9,295.71,8.7,295.72,24.7
1753617184831,11:53:04.831,binance,AAVE/USDT:USDT,295.7,40.6,295.69,19.9,295.71,8.8,295.72,24.7
1753617184934,11:53:04.934,binance,AAVE/USDT:USDT,295.7,40.6,295.69,19.9,295.71,8.8,295.72,24.7
1753617185037,11:53:05.037,binance,AAVE/USDT:USDT,295.7,33.3,295.69,19.9,295.71,0.1,295.72,24.7
1753617185140,11:53:05.140,binance,AAVE/USDT:USDT,295.7,33.6,295.69,28.0,295.71,0.1,295.72,20.3
1753617185243,11:53:05.243,binance,AAVE/USDT:USDT,295.7,33.6,295.69,28.0,295.71,0.1,295.72,20.3
1753617185346,11:53:05.346,binance,AAVE/USDT:USDT,295.7,33.6,295.69,28.0,295.71,0.8,295.72,20.3
1753617185450,11:53:05.450,binance,AAVE/USDT:USDT,295.7,33.6,295.69,19.9,295.71,0.9,295.72,20.3
1753617185553,11:53:05.553,binance,AAVE/USDT:USDT,295.7,42.0,295.69,19.9,295.71,1.6,295.72,28.8
1753617185661,11:53:05.661,binance,AAVE/USDT:USDT,295.7,42.2,295.69,19.9,295.71,0.9,295.72,20.3
1753617185781,11:53:05.781,binance,AAVE/USDT:USDT,295.7,13.7,295.69,10.6,295.71,10.4,295.72,28.8
1753617185882,11:53:05.882,binance,AAVE/USDT:USDT,295.7,12.4,295.69,16.8,295.71,8.1,295.72,26.1
1753617186019,11:53:06.019,binance,AAVE/USDT:USDT,295.7,19.7,295.69,10.6,295.71,0.9,295.72,14.7
1753617186124,11:53:06.124,binance,AAVE/USDT:USDT,295.7,25.6,295.69,21.1,295.71,0.9,295.72,14.7
1753617186236,11:53:06.236,binance,AAVE/USDT:USDT,295.7,25.7,295.69,21.1,295.71,0.9,295.72,14.7
1753617186339,11:53:06.339,binance,AAVE/USDT:USDT,295.7,30.7,295.69,28.8,295.71,0.9,295.72,14.7
1753617186442,11:53:06.442,binance,AAVE/USDT:USDT,295.7,30.7,295.69,28.8,295.71,0.9,295.72,14.7
1753617186545,11:53:06.545,binance,AAVE/USDT:USDT,295.7,30.7,295.69,28.8,295.71,0.9,295.72,14.7
1753617186647,11:53:06.647,binance,AAVE/USDT:USDT,295.7,32.7,295.69,28.8,295.71,0.9,295.72,10.2
1753617186750,11:53:06.750,binance,AAVE/USDT:USDT,295.71,28.7,295.7,34.9,295.72,10.2,295.73,0.4
1753617186852,11:53:06.852,binance,AAVE/USDT:USDT,295.71,28.9,295.7,34.9,295.72,8.6,295.73,0.4
1753617186954,11:53:06.954,binance,AAVE/USDT:USDT,295.71,32.5,295.7,34.9,295.72,8.6,295.73,0.4
1753617187077,11:53:07.077,binance,AAVE/USDT:USDT,295.71,32.5,295.7,34.9,295.72,8.6,295.73,0.4
1753617187180,11:53:07.180,binance,AAVE/USDT:USDT,295.71,33.3,295.7,34.9,295.72,8.6,295.73,0.4
1753617187282,11:53:07.282,binance,AAVE/USDT:USDT,295.71,33.3,295.7,34.3,295.72,8.6,295.73,0.4
1753617187384,11:53:07.384,binance,AAVE/USDT:USDT,295.71,33.2,295.7,30.1,295.72,8.5,295.73,0.4
1753617187510,11:53:07.510,binance,AAVE/USDT:USDT,295.71,19.2,295.7,23.4,295.72,9.0,295.73,1.1
1753617187615,11:53:07.615,binance,AAVE/USDT:USDT,295.71,19.2,295.7,23.4,295.72,9.0,295.73,3.8
1753617187720,11:53:07.720,binance,AAVE/USDT:USDT,295.71,19.2,295.7,23.4,295.72,9.0,295.73,0.4
1753617187823,11:53:07.823,binance,AAVE/USDT:USDT,295.71,19.2,295.7,23.4,295.72,9.0,295.73,0.4
1753617187929,11:53:07.929,binance,AAVE/USDT:USDT,295.71,19.2,295.7,23.4,295.72,9.0,295.73,1.1
1753617188063,11:53:08.063,binance,AAVE/USDT:USDT,295.71,19.5,295.7,23.4,295.72,9.0,295.73,0.4
1753617188288,11:53:08.288,binance,AAVE/USDT:USDT,295.71,24.5,295.7,27.9,295.72,9.0,295.73,0.4
1753617188391,11:53:08.391,binance,AAVE/USDT:USDT,295.71,24.5,295.7,27.9,295.72,9.0,295.73,0.4
1753617188497,11:53:08.497,binance,AAVE/USDT:USDT,295.71,24.5,295.7,23.4,295.72,9.0,295.73,1.1
1753617188607,11:53:08.607,binance,AAVE/USDT:USDT,295.71,24.5,295.7,23.5,295.72,9.0,295.73,1.1
1753617188710,11:53:08.710,binance,AAVE/USDT:USDT,295.71,24.5,295.7,23.5,295.72,9.0,295.73,1.1
1753617188813,11:53:08.813,binance,AAVE/USDT:USDT,295.71,24.5,295.7,23.5,295.72,9.0,295.73,1.1
1753617188917,11:53:08.917,binance,AAVE/USDT:USDT,295.71,24.5,295.7,23.5,295.72,9.0,295.73,1.1
1753617189020,11:53:09.020,binance,AAVE/USDT:USDT,295.71,24.5,295.7,23.5,295.72,9.0,295.73,1.1
1753617189219,11:53:09.219,binance,AAVE/USDT:USDT,295.71,24.5,295.7,23.5,295.72,9.0,295.73,1.1
1753617189321,11:53:09.321,binance,AAVE/USDT:USDT,295.71,24.5,295.7,23.5,295.72,9.0,295.73,1.1
1753617189452,11:53:09.452,binance,AAVE/USDT:USDT,295.71,19.5,295.7,18.5,295.72,9.0,295.73,1.1
1753617189555,11:53:09.555,binance,AAVE/USDT:USDT,295.71,19.5,295.7,18.5,295.72,9.0,295.73,1.1
1753617189658,11:53:09.658,binance,AAVE/USDT:USDT,295.71,19.5,295.7,18.5,295.72,11.9,295.73,1.1
1753617189761,11:53:09.761,binance,AAVE/USDT:USDT,295.71,19.5,295.7,18.4,295.72,11.9,295.73,1.1
1753617189864,11:53:09.864,binance,AAVE/USDT:USDT,295.71,19.5,295.7,18.4,295.72,11.9,295.73,1.1
1753617189982,11:53:09.982,binance,AAVE/USDT:USDT,295.71,19.5,295.7,18.4,295.72,11.9,295.73,0.4
1753617190088,11:53:10.088,binance,AAVE/USDT:USDT,295.71,19.5,295.7,18.4,295.72,11.9,295.73,0.4
1753617190191,11:53:10.191,binance,AAVE/USDT:USDT,295.71,19.5,295.7,22.6,295.72,11.9,295.73,0.4
1753617190294,11:53:10.294,binance,AAVE/USDT:USDT,295.71,24.5,295.7,31.4,295.72,11.9,295.73,0.4
1753617190396,11:53:10.396,binance,AAVE/USDT:USDT,295.71,24.5,295.7,31.3,295.72,13.2,295.73,0.4
1753617190498,11:53:10.498,binance,AAVE/USDT:USDT,295.71,25.2,295.7,31.3,295.72,13.2,295.73,0.4
1753617190612,11:53:10.612,binance,AAVE/USDT:USDT,295.71,25.5,295.7,31.3,295.72,13.2,295.73,0.4
1753617190719,11:53:10.719,binance,AAVE/USDT:USDT,295.71,25.5,295.7,31.3,295.72,13.2,295.73,0.4
1753617190822,11:53:10.822,binance,AAVE/USDT:USDT,295.71,25.5,295.7,31.3,295.72,13.2,295.73,0.4
1753617190946,11:53:10.946,binance,AAVE/USDT:USDT,295.71,25.5,295.7,31.3,295.72,13.2,295.73,0.4
1753617191104,11:53:11.104,binance,AAVE/USDT:USDT,295.71,25.5,295.7,31.3,295.72,13.2,295.73,0.4
1753617191212,11:53:11.212,binance,AAVE/USDT:USDT,295.71,25.4,295.7,31.3,295.72,13.2,295.73,0.4
1753617191322,11:53:11.322,binance,AAVE/USDT:USDT,295.71,25.5,295.7,31.6,295.72,13.2,295.73,0.4
1753617191469,11:53:11.469,binance,AAVE/USDT:USDT,295.71,25.5,295.7,31.6,295.72,13.2,295.73,0.4
1753617191598,11:53:11.598,binance,AAVE/USDT:USDT,295.71,25.5,295.7,31.6,295.72,49.3,295.73,0.4
1753617191701,11:53:11.701,binance,AAVE/USDT:USDT,295.71,25.5,295.7,31.6,295.72,49.3,295.73,0.4
1753617191826,11:53:11.826,binance,AAVE/USDT:USDT,295.71,25.5,295.7,31.6,295.72,49.3,295.73,0.4
1753617191932,11:53:11.932,binance,AAVE/USDT:USDT,295.71,25.5,295.7,31.9,295.72,49.3,295.73,0.2
1753617192038,11:53:12.038,binance,AAVE/USDT:USDT,295.71,25.5,295.7,31.9,295.72,49.3,295.73,0.2
1753617192239,11:53:12.239,binance,AAVE/USDT:USDT,295.71,25.5,295.7,31.9,295.72,49.3,295.73,0.2
1753617192390,11:53:12.390,binance,AAVE/USDT:USDT,295.71,25.4,295.7,35.3,295.72,49.3,295.73,0.2
1753617192529,11:53:12.529,binance,AAVE/USDT:USDT,295.71,25.4,295.7,35.6,295.72,49.3,295.73,0.2
1753617192654,11:53:12.654,binance,AAVE/USDT:USDT,295.71,19.7,295.7,35.6,295.72,12.7,295.73,0.2
1753617192757,11:53:12.757,binance,AAVE/USDT:USDT,295.71,19.7,295.7,35.6,295.72,49.4,295.73,0.2
1753617192860,11:53:12.860,binance,AAVE/USDT:USDT,295.71,20.1,295.7,36.7,295.72,49.4,295.73,0.2
1753617192961,11:53:12.961,binance,AAVE/USDT:USDT,295.71,20.1,295.7,36.7,295.72,49.4,295.73,0.2
1753617193088,11:53:13.088,binance,AAVE/USDT:USDT,295.71,20.1,295.7,36.7,295.72,49.4,295.73,0.2
1753617193351,11:53:13.351,binance,AAVE/USDT:USDT,295.71,20.1,295.7,36.7,295.72,49.4,295.73,0.2
1753617193454,11:53:13.454,binance,AAVE/USDT:USDT,295.71,20.1,295.7,36.7,295.72,49.4,295.73,0.2
1753617193613,11:53:13.613,binance,AAVE/USDT:USDT,295.71,20.1,295.7,36.7,295.72,49.4,295.73,0.2
1753617193758,11:53:13.758,binance,AAVE/USDT:USDT,295.71,20.1,295.7,36.7,295.72,49.4,295.73,0.2
1753617193868,11:53:13.868,binance,AAVE/USDT:USDT,295.71,13.6,295.7,35.3,295.72,49.4,295.73,0.2
1753617193971,11:53:13.971,binance,AAVE/USDT:USDT,295.71,14.1,295.7,35.3,295.72,49.4,295.73,0.2
1753617194085,11:53:14.085,binance,AAVE/USDT:USDT,295.71,14.0,295.7,35.5,295.72,49.4,295.73,0.3
1753617194199,11:53:14.199,binance,AAVE/USDT:USDT,295.71,12.4,295.7,35.5,295.72,49.4,295.73,0.3
1753617194306,11:53:14.306,binance,AAVE/USDT:USDT,295.71,12.4,295.7,35.5,295.72,49.4,295.73,0.3
1753617194412,11:53:14.412,binance,AAVE/USDT:USDT,295.71,12.2,295.7,29.5,295.72,49.4,295.73,0.3
1753617194514,11:53:14.514,binance,AAVE/USDT:USDT,295.71,11.6,295.7,30.1,295.72,49.4,295.73,0.3
1753617194616,11:53:14.616,binance,AAVE/USDT:USDT,295.71,13.2,295.7,30.1,295.72,49.4,295.73,0.3
1753617194717,11:53:14.717,binance,AAVE/USDT:USDT,295.71,13.1,295.7,30.1,295.72,49.4,295.73,0.3
1753617194818,11:53:14.818,binance,AAVE/USDT:USDT,295.71,13.0,295.7,30.1,295.72,49.4,295.73,0.3
1753617194953,11:53:14.953,binance,AAVE/USDT:USDT,295.71,13.0,295.7,30.1,295.72,49.4,295.73,0.3
1753617195056,11:53:15.056,binance,AAVE/USDT:USDT,295.71,13.0,295.7,30.1,295.72,49.7,295.73,0.3
1753617195209,11:53:15.209,binance,AAVE/USDT:USDT,295.71,18.0,295.7,35.1,295.72,49.7,295.73,0.2
1753617195314,11:53:15.314,binance,AAVE/USDT:USDT,295.71,18.0,295.7,35.1,295.72,49.7,295.73,0.2
1753617195449,11:53:15.449,binance,AAVE/USDT:USDT,295.71,18.0,295.7,35.1,295.72,49.7,295.73,0.2
1753617195586,11:53:15.586,binance,AAVE/USDT:USDT,295.71,18.0,295.7,35.1,295.72,49.7,295.73,0.2
1753617195734,11:53:15.734,binance,AAVE/USDT:USDT,295.71,18.0,295.7,35.1,295.72,49.7,295.73,0.2
1753617195849,11:53:15.849,binance,AAVE/USDT:USDT,295.71,18.0,295.7,35.1,295.72,49.7,295.73,0.2
1753617195961,11:53:15.961,binance,AAVE/USDT:USDT,295.71,18.0,295.7,35.1,295.72,49.7,295.73,0.2
1753617196096,11:53:16.096,binance,AAVE/USDT:USDT,295.71,18.0,295.7,35.1,295.72,13.2,295.73,0.2
1753617196198,11:53:16.198,binance,AAVE/USDT:USDT,295.71,19.4,295.7,39.2,295.72,13.2,295.73,0.2
1753617196299,11:53:16.299,binance,AAVE/USDT:USDT,295.71,17.6,295.7,37.9,295.72,53.0,295.73,0.2
1753617196406,11:53:16.406,binance,AAVE/USDT:USDT,295.71,17.6,295.7,37.9,295.72,53.0,295.73,0.2
1753617196509,11:53:16.509,binance,AAVE/USDT:USDT,295.71,19.0,295.7,42.0,295.72,53.0,295.73,0.2
1753617196622,11:53:16.622,binance,AAVE/USDT:USDT,295.71,19.5,295.7,42.0,295.72,53.0,295.73,0.2
1753617196754,11:53:16.754,binance,AAVE/USDT:USDT,295.71,21.2,295.7,42.0,295.72,53.0,295.73,0.2
1753617196870,11:53:16.870,binance,AAVE/USDT:USDT,295.71,19.5,295.7,42.0,295.72,53.0,295.73,0.2
1753617196977,11:53:16.977,binance,AAVE/USDT:USDT,295.74,65.1,295.73,19.8,295.75,2.1,295.76,0.4
1753617197078,11:53:17.078,binance,AAVE/USDT:USDT,295.75,35.3,295.74,17.1,295.76,8.0,295.77,0.3
1753617197181,11:53:17.181,binance,AAVE/USDT:USDT,295.75,35.4,295.74,17.1,295.76,7.5,295.77,0.3
1753617197291,11:53:17.291,binance,AAVE/USDT:USDT,295.75,35.4,295.74,17.1,295.76,7.5,295.77,0.3
1753617197394,11:53:17.394,binance,AAVE/USDT:USDT,295.75,35.5,295.74,18.8,295.76,7.5,295.77,0.3
1753617197496,11:53:17.496,binance,AAVE/USDT:USDT,295.75,35.5,295.74,18.8,295.76,0.1,295.77,0.3
1753617197599,11:53:17.599,binance,AAVE/USDT:USDT,295.75,35.5,295.74,20.0,295.76,0.1,295.77,0.3
1753617197703,11:53:17.703,binance,AAVE/USDT:USDT,295.75,35.4,295.74,24.5,295.76,1.8,295.77,0.3
1753617197908,11:53:17.908,binance,AAVE/USDT:USDT,295.75,35.4,295.74,16.2,295.76,1.9,295.77,1.1
1753617198018,11:53:18.018,binance,AAVE/USDT:USDT,295.75,35.4,295.74,16.2,295.76,1.9,295.77,1.1
1753617198120,11:53:18.120,binance,AAVE/USDT:USDT,295.75,35.4,295.74,16.2,295.76,1.9,295.77,1.1
1753617198223,11:53:18.223,binance,AAVE/USDT:USDT,295.75,35.4,295.74,16.2,295.76,1.9,295.77,1.1
1753617198412,11:53:18.412,binance,AAVE/USDT:USDT,295.75,50.0,295.74,18.2,295.76,2.0,295.77,1.1
1753617198525,11:53:18.525,binance,AAVE/USDT:USDT,295.75,58.1,295.74,22.3,295.76,2.0,295.77,1.1
1753617198630,11:53:18.630,binance,AAVE/USDT:USDT,295.75,58.1,295.74,22.3,295.76,2.0,295.77,1.1
1753617198734,11:53:18.734,binance,AAVE/USDT:USDT,295.75,58.1,295.74,22.3,295.76,2.0,295.77,1.1
1753617198927,11:53:18.927,binance,AAVE/USDT:USDT,295.75,58.1,295.74,22.3,295.76,2.0,295.77,1.1
1753617199111,11:53:19.111,binance,AAVE/USDT:USDT,295.75,58.1,295.74,22.3,295.76,2.0,295.77,1.1
1753617199248,11:53:19.248,binance,AAVE/USDT:USDT,295.79,27.0,295.78,32.3,295.8,6.4,295.81,0.6
1753617199350,11:53:19.350,binance,AAVE/USDT:USDT,295.79,16.8,295.78,0.1,295.8,15.0,295.81,11.0
1753617199452,11:53:19.452,binance,AAVE/USDT:USDT,295.79,16.8,295.78,0.1,295.8,12.8,295.81,13.7
1753617199555,11:53:19.555,binance,AAVE/USDT:USDT,295.79,16.8,295.78,0.1,295.8,12.7,295.81,13.7
1753617199662,11:53:19.662,binance,AAVE/USDT:USDT,295.79,16.8,295.78,0.1,295.8,11.3,295.81,1.3
1753617199869,11:53:19.869,binance,AAVE/USDT:USDT,295.79,16.8,295.78,0.1,295.8,11.3,295.81,1.3
1753617199972,11:53:19.972,binance,AAVE/USDT:USDT,295.78,0.3,295.77,2.0,295.79,66.4,295.8,22.8
1753617200174,11:53:20.174,binance,AAVE/USDT:USDT,295.76,17.9,295.75,14.5,295.77,7.3,295.78,19.0
1753617200275,11:53:20.275,binance,AAVE/USDT:USDT,295.77,31.8,295.76,13.2,295.78,13.3,295.79,11.4
1753617200376,11:53:20.376,binance,AAVE/USDT:USDT,295.77,32.7,295.76,13.2,295.78,7.4,295.79,8.0
1753617200479,11:53:20.479,binance,AAVE/USDT:USDT,295.77,32.6,295.76,13.2,295.78,7.9,295.79,7.3
1753617200597,11:53:20.597,binance,AAVE/USDT:USDT,295.77,32.6,295.76,13.2,295.78,0.6,295.79,7.3
1753617200700,11:53:20.700,binance,AAVE/USDT:USDT,295.77,31.1,295.76,13.2,295.78,7.8,295.79,7.3
1753617200802,11:53:20.802,binance,AAVE/USDT:USDT,295.77,31.1,295.76,13.2,295.78,7.9,295.79,7.3
1753617200903,11:53:20.903,binance,AAVE/USDT:USDT,295.77,31.2,295.76,13.2,295.78,0.6,295.8,6.6
1753617201011,11:53:21.011,binance,AAVE/USDT:USDT,295.77,32.6,295.76,21.2,295.78,0.6,295.8,0.6
1753617201115,11:53:21.115,binance,AAVE/USDT:USDT,295.79,36.9,295.78,35.6,295.8,0.4,295.81,0.6
1753617201217,11:53:21.217,binance,AAVE/USDT:USDT,295.8,34.1,295.79,38.5,295.81,0.6,295.82,6.1
1753617201320,11:53:21.320,binance,AAVE/USDT:USDT,295.8,34.1,295.79,30.4,295.81,0.6,295.82,6.1
1753617201435,11:53:21.435,binance,AAVE/USDT:USDT,295.8,34.1,295.79,30.4,295.81,0.6,295.82,6.1
1753617201539,11:53:21.539,binance,AAVE/USDT:USDT,295.8,34.1,295.79,30.4,295.81,0.6,295.82,6.1
1753617201643,11:53:21.643,binance,AAVE/USDT:USDT,295.8,34.7,295.79,30.4,295.81,0.6,295.82,6.1
1753617201747,11:53:21.747,binance,AAVE/USDT:USDT,295.8,16.5,295.79,30.4,295.81,7.9,295.82,6.0
1753617201849,11:53:21.849,binance,AAVE/USDT:USDT,295.8,16.5,295.79,30.4,295.81,0.6,295.82,6.0
1753617202055,11:53:22.055,binance,AAVE/USDT:USDT,295.8,16.5,295.79,30.4,295.81,12.3,295.82,6.0
1753617202157,11:53:22.157,binance,AAVE/USDT:USDT,295.81,49.7,295.8,32.9,295.82,6.0,295.83,0.3
1753617202259,11:53:22.259,binance,AAVE/USDT:USDT,295.81,46.5,295.8,32.3,295.82,6.1,295.83,1.0
1753617202361,11:53:22.361,binance,AAVE/USDT:USDT,295.81,43.0,295.8,32.3,295.82,6.2,295.83,1.0
1753617202464,11:53:22.464,binance,AAVE/USDT:USDT,295.81,43.0,295.8,32.3,295.82,6.2,295.83,1.0
1753617202584,11:53:22.584,binance,AAVE/USDT:USDT,295.81,43.0,295.8,32.4,295.82,6.2,295.83,0.3
1753617202700,11:53:22.700,binance,AAVE/USDT:USDT,295.81,43.0,295.8,32.4,295.82,6.2,295.83,0.3
1753617202803,11:53:22.803,binance,AAVE/USDT:USDT,295.81,1.8,295.8,16.0,295.82,9.9,295.83,14.0
1753617202904,11:53:22.904,binance,AAVE/USDT:USDT,295.81,1.8,295.8,16.0,295.82,12.8,295.83,14.0
1753617203007,11:53:23.007,binance,AAVE/USDT:USDT,295.81,1.8,295.8,16.0,295.82,12.8,295.83,14.0
1753617203110,11:53:23.110,binance,AAVE/USDT:USDT,295.81,1.4,295.8,16.0,295.82,17.8,295.83,21.3
1753617203224,11:53:23.224,binance,AAVE/USDT:USDT,295.81,1.4,295.8,16.0,295.82,11.1,295.83,11.6
1753617203328,11:53:23.328,binance,AAVE/USDT:USDT,295.81,1.4,295.8,16.0,295.82,11.0,295.83,6.0
1753617203429,11:53:23.429,binance,AAVE/USDT:USDT,295.81,10.3,295.8,16.0,295.82,9.2,295.83,6.0
1753617203633,11:53:23.633,binance,AAVE/USDT:USDT,295.81,10.3,295.8,16.0,295.82,9.2,295.83,1.0
1753617203735,11:53:23.735,binance,AAVE/USDT:USDT,295.81,10.3,295.8,16.0,295.82,9.2,295.83,3.9
1753617203836,11:53:23.836,binance,AAVE/USDT:USDT,295.81,1.4,295.8,16.0,295.82,20.2,295.83,13.6
1753617204000,11:53:24.000,binance,AAVE/USDT:USDT,295.81,1.4,295.8,16.0,295.82,18.5,295.83,13.6
1753617204105,11:53:24.105,binance,AAVE/USDT:USDT,295.81,1.4,295.8,16.0,295.82,23.5,295.83,18.6
1753617204208,11:53:24.208,binance,AAVE/USDT:USDT,295.81,1.4,295.8,16.0,295.82,23.5,295.83,18.6
1753617204323,11:53:24.323,binance,AAVE/USDT:USDT,295.81,1.4,295.8,16.0,295.82,23.5,295.83,18.6
1753617204504,11:53:24.504,binance,AAVE/USDT:USDT,295.81,1.4,295.8,16.0,295.82,23.5,295.83,18.6
1753617204607,11:53:24.607,binance,AAVE/USDT:USDT,295.81,1.4,295.8,16.0,295.82,23.5,295.83,18.6
1753617204715,11:53:24.715,binance,AAVE/USDT:USDT,295.81,1.4,295.8,16.2,295.82,17.9,295.83,8.9
1753617204820,11:53:24.820,binance,AAVE/USDT:USDT,295.81,1.9,295.8,16.0,295.82,17.9,295.83,8.9
1753617204929,11:53:24.929,binance,AAVE/USDT:USDT,295.81,1.9,295.8,16.0,295.82,12.9,295.83,8.9
1753617205031,11:53:25.031,binance,AAVE/USDT:USDT,295.81,24.0,295.8,16.0,295.82,10.9,295.83,0.3
1753617205134,11:53:25.134,binance,AAVE/USDT:USDT,295.81,24.1,295.8,16.0,295.82,10.9,295.83,0.3
1753617205247,11:53:25.247,binance,AAVE/USDT:USDT,295.81,24.1,295.8,16.0,295.82,2.2,295.83,0.3
1753617205354,11:53:25.354,binance,AAVE/USDT:USDT,295.81,24.1,295.8,16.0,295.82,2.2,295.83,0.3
1753617205456,11:53:25.456,binance,AAVE/USDT:USDT,295.81,24.1,295.8,16.0,295.82,2.2,295.83,0.3
1753617205560,11:53:25.560,binance,AAVE/USDT:USDT,295.82,58.0,295.81,20.2,295.83,0.2,295.84,1.2
1753617205661,11:53:25.661,binance,AAVE/USDT:USDT,295.82,58.1,295.81,20.2,295.83,0.2,295.84,1.2
1753617205762,11:53:25.762,binance,AAVE/USDT:USDT,295.82,58.2,295.81,28.3,295.83,0.2,295.84,1.2
1753617205894,11:53:25.894,binance,AAVE/USDT:USDT,295.82,58.0,295.81,25.0,295.83,0.2,295.84,1.2
1753617205998,11:53:25.998,binance,AAVE/USDT:USDT,295.83,47.6,295.82,43.6,295.84,0.1,295.85,0.3
1753617206209,11:53:26.209,binance,AAVE/USDT:USDT,295.83,43.1,295.82,43.6,295.84,0.1,295.85,0.3
1753617206313,11:53:26.313,binance,AAVE/USDT:USDT,295.83,43.1,295.82,43.6,295.84,0.2,295.85,0.3
1753617206416,11:53:26.416,binance,AAVE/USDT:USDT,295.85,0.7,295.84,69.5,295.86,0.3,295.87,1.2
1753617206517,11:53:26.517,binance,AAVE/USDT:USDT,295.86,56.1,295.85,40.4,295.87,0.2,295.88,0.3
1753617206618,11:53:26.618,binance,AAVE/USDT:USDT,295.87,32.1,295.86,38.8,295.88,7.5,295.89,0.2
1753617206719,11:53:26.719,binance,AAVE/USDT:USDT,295.87,32.8,295.86,46.9,295.88,7.6,295.89,0.2
1753617206823,11:53:26.823,binance,AAVE/USDT:USDT,295.89,37.6,295.88,43.8,295.9,8.3,295.91,0.3
1753617206924,11:53:26.924,binance,AAVE/USDT:USDT,295.89,37.8,295.88,51.9,295.9,0.1,295.91,0.3
1753617207028,11:53:27.028,binance,AAVE/USDT:USDT,295.89,37.8,295.88,51.9,295.9,0.2,295.91,0.3
1753617207131,11:53:27.131,binance,AAVE/USDT:USDT,295.89,37.8,295.88,51.9,295.9,0.2,295.91,0.3
1753617207248,11:53:27.248,binance,AAVE/USDT:USDT,295.89,37.8,295.88,52.0,295.9,0.2,295.91,0.3
1753617207357,11:53:27.357,binance,AAVE/USDT:USDT,295.89,37.8,295.88,52.0,295.9,0.2,295.91,0.3
1753617207464,11:53:27.464,binance,AAVE/USDT:USDT,295.89,52.8,295.88,54.0,295.9,0.2,295.91,0.3
1753617207565,11:53:27.565,binance,AAVE/USDT:USDT,295.89,61.4,295.88,54.1,295.9,0.2,295.91,0.3
1753617207678,11:53:27.678,binance,AAVE/USDT:USDT,295.89,61.6,295.88,54.1,295.9,0.2,295.91,0.3
1753617207783,11:53:27.783,binance,AAVE/USDT:USDT,295.89,61.6,295.88,54.1,295.9,0.2,295.91,0.3
1753617207906,11:53:27.906,binance,AAVE/USDT:USDT,295.92,39.5,295.91,29.5,295.93,0.1,295.94,3.1
1753617208007,11:53:28.007,binance,AAVE/USDT:USDT,295.92,21.2,295.91,18.4,295.93,7.4,295.94,3.1
1753617208110,11:53:28.110,binance,AAVE/USDT:USDT,295.92,21.2,295.91,25.9,295.93,7.5,295.94,3.1
1753617208213,11:53:28.213,binance,AAVE/USDT:USDT,295.92,21.2,295.91,26.0,295.93,7.5,295.94,3.1
1753617208419,11:53:28.419,binance,AAVE/USDT:USDT,295.92,21.2,295.91,26.0,295.93,7.5,295.94,3.1
1753617208522,11:53:28.522,binance,AAVE/USDT:USDT,295.92,21.0,295.91,26.0,295.93,7.5,295.94,3.1
1753617208647,11:53:28.647,binance,AAVE/USDT:USDT,295.92,21.0,295.91,26.0,295.93,7.5,295.94,3.1
1753617208758,11:53:28.758,binance,AAVE/USDT:USDT,295.92,21.0,295.91,26.0,295.93,7.5,295.94,3.1
1753617208888,11:53:28.888,binance,AAVE/USDT:USDT,295.92,21.0,295.91,20.9,295.93,7.5,295.94,9.8
1753617209093,11:53:29.093,binance,AAVE/USDT:USDT,295.92,21.0,295.91,20.9,295.93,7.5,295.94,12.9
1753617209202,11:53:29.202,binance,AAVE/USDT:USDT,295.92,42.6,295.91,16.4,295.93,7.5,295.94,9.1
1753617209305,11:53:29.305,binance,AAVE/USDT:USDT,295.92,42.6,295.91,16.4,295.93,7.4,295.94,9.1
1753617209408,11:53:29.408,binance,AAVE/USDT:USDT,295.92,46.4,295.91,16.4,295.93,0.2,295.94,9.1
1753617209511,11:53:29.511,binance,AAVE/USDT:USDT,295.92,46.4,295.91,16.4,295.93,0.2,295.94,9.1
1753617209614,11:53:29.614,binance,AAVE/USDT:USDT,295.92,46.4,295.91,16.4,295.93,0.2,295.94,9.1
1753617209747,11:53:29.747,binance,AAVE/USDT:USDT,295.92,44.5,295.91,16.4,295.93,7.5,295.94,9.1
1753617209852,11:53:29.852,binance,AAVE/USDT:USDT,295.93,8.7,295.92,50.5,295.94,3.1,295.95,3.3
1753617209953,11:53:29.953,binance,AAVE/USDT:USDT,295.93,41.3,295.92,36.6,295.94,0.7,295.96,0.3
1753617210055,11:53:30.055,binance,AAVE/USDT:USDT,295.97,1.8,295.96,6.0,295.98,22.3,295.99,4.5
1753617210157,11:53:30.157,binance,AAVE/USDT:USDT,295.97,0.1,295.96,6.0,295.98,20.7,295.99,4.5
1753617210260,11:53:30.260,binance,AAVE/USDT:USDT,295.97,7.3,295.96,6.0,295.98,13.9,295.99,4.5
1753617210373,11:53:30.373,binance,AAVE/USDT:USDT,295.97,5.9,295.96,6.0,295.98,13.9,295.99,8.0
1753617210475,11:53:30.475,binance,AAVE/USDT:USDT,295.97,4.2,295.96,6.0,295.98,15.6,295.99,8.0
1753617210576,11:53:30.576,binance,AAVE/USDT:USDT,295.97,12.8,295.96,6.0,295.98,15.6,295.99,8.0
1753617210689,11:53:30.689,binance,AAVE/USDT:USDT,295.97,13.7,295.96,6.1,295.98,15.6,295.99,8.0
1753617210794,11:53:30.794,binance,AAVE/USDT:USDT,295.97,12.6,295.96,6.1,295.98,15.9,295.99,4.4
1753617210899,11:53:30.899,binance,AAVE/USDT:USDT,295.97,12.6,295.96,6.1,295.98,15.9,295.99,4.4
1753617211003,11:53:31.003,binance,AAVE/USDT:USDT,295.97,15.5,295.96,6.1,295.98,12.8,295.99,4.4
1753617211111,11:53:31.111,binance,AAVE/USDT:USDT,295.97,12.5,295.96,6.1,295.98,11.6,295.99,0.9
1753617211212,11:53:31.212,binance,AAVE/USDT:USDT,295.97,27.6,295.96,8.0,295.98,11.7,295.99,4.1
1753617211315,11:53:31.315,binance,AAVE/USDT:USDT,295.97,37.3,295.96,15.1,295.98,13.6,295.99,4.1
1753617211418,11:53:31.418,binance,AAVE/USDT:USDT,295.97,37.3,295.96,15.1,295.98,14.1,295.99,4.1
1753617211531,11:53:31.531,binance,AAVE/USDT:USDT,295.97,37.3,295.96,15.1,295.98,14.1,295.99,4.1
1753617211634,11:53:31.634,binance,AAVE/USDT:USDT,295.97,37.3,295.96,15.1,295.98,15.5,295.99,4.1
1753617211740,11:53:31.740,binance,AAVE/USDT:USDT,295.97,42.3,295.96,8.0,295.98,0.7,295.99,0.2
1753617211843,11:53:31.843,binance,AAVE/USDT:USDT,295.98,105.8,295.97,42.2,295.99,7.4,296.0,8.4
1753617211944,11:53:31.944,binance,AAVE/USDT:USDT,295.98,47.0,295.97,42.2,295.99,0.1,296.0,2.3
1753617212045,11:53:32.045,binance,AAVE/USDT:USDT,295.98,51.7,295.97,42.2,295.99,0.1,296.0,2.3
1753617212157,11:53:32.157,binance,AAVE/USDT:USDT,295.99,39.4,295.98,54.4,296.0,2.3,296.01,0.4
1753617212258,11:53:32.258,binance,AAVE/USDT:USDT,296.02,7.4,296.01,10.6,296.03,8.0,296.04,12.7
1753617212360,11:53:32.360,binance,AAVE/USDT:USDT,296.02,0.1,296.01,10.6,296.03,15.3,296.04,13.4
1753617212462,11:53:32.462,binance,AAVE/USDT:USDT,296.02,3.7,296.01,10.6,296.03,14.1,296.04,15.3
1753617212565,11:53:32.565,binance,AAVE/USDT:USDT,296.02,3.7,296.01,10.6,296.03,11.8,296.04,12.7
1753617212674,11:53:32.674,binance,AAVE/USDT:USDT,296.02,3.7,296.01,10.6,296.03,12.4,296.04,12.7
1753617212779,11:53:32.779,binance,AAVE/USDT:USDT,296.02,12.8,296.01,10.6,296.03,12.4,296.04,12.7
1753617212882,11:53:32.882,binance,AAVE/USDT:USDT,296.02,14.2,296.01,11.3,296.03,8.2,296.04,12.7
1753617213002,11:53:33.002,binance,AAVE/USDT:USDT,296.02,14.2,296.01,11.3,296.03,8.2,296.04,12.7
1753617213103,11:53:33.103,binance,AAVE/USDT:USDT,296.02,30.8,296.0,29.2,296.03,7.5,296.04,2.1
1753617213206,11:53:33.206,binance,AAVE/USDT:USDT,296.02,20.2,296.01,19.6,296.03,7.6,296.04,2.1
1753617213309,11:53:33.309,binance,AAVE/USDT:USDT,296.02,42.4,296.01,20.9,296.03,7.6,296.04,0.4
1753617213412,11:53:33.412,binance,AAVE/USDT:USDT,296.02,54.2,296.01,10.3,296.03,9.7,296.04,0.4
1753617213589,11:53:33.589,binance,AAVE/USDT:USDT,296.02,36.3,296.01,8.9,296.03,13.0,296.04,1.1
1753617213692,11:53:33.692,binance,AAVE/USDT:USDT,296.02,34.5,296.01,8.9,296.03,13.0,296.04,3.6
1753617213793,11:53:33.793,binance,AAVE/USDT:USDT,296.02,34.5,296.01,8.9,296.03,13.0,296.04,3.6
1753617213898,11:53:33.898,binance,AAVE/USDT:USDT,296.02,28.5,296.01,8.7,296.03,13.0,296.04,9.6
1753617214014,11:53:34.014,binance,AAVE/USDT:USDT,296.02,28.5,296.01,8.7,296.03,13.0,296.04,9.6
1753617214132,11:53:34.132,binance,AAVE/USDT:USDT,296.02,28.5,296.01,8.7,296.03,13.0,296.04,9.6
1753617214233,11:53:34.233,binance,AAVE/USDT:USDT,296.02,28.5,296.01,8.7,296.03,13.0,296.04,9.6
1753617214351,11:53:34.351,binance,AAVE/USDT:USDT,296.02,28.4,296.01,8.7,296.03,13.0,296.04,8.9
1753617214457,11:53:34.457,binance,AAVE/USDT:USDT,296.02,28.4,296.01,8.9,296.03,13.0,296.04,8.9
1753617214613,11:53:34.613,binance,AAVE/USDT:USDT,296.02,28.4,296.01,2.2,296.03,13.0,296.04,6.4
1753617214715,11:53:34.715,binance,AAVE/USDT:USDT,296.02,28.4,296.01,2.2,296.03,13.0,296.04,6.4
1753617214821,11:53:34.821,binance,AAVE/USDT:USDT,296.02,28.4,296.01,2.2,296.03,13.2,296.04,10.0
1753617214932,11:53:34.932,binance,AAVE/USDT:USDT,296.02,28.4,296.01,2.2,296.03,13.2,296.04,9.3
1753617215042,11:53:35.042,binance,AAVE/USDT:USDT,296.02,28.4,296.01,2.2,296.03,13.2,296.04,9.3
1753617215189,11:53:35.189,binance,AAVE/USDT:USDT,296.02,28.4,296.01,2.2,296.03,9.9,296.04,6.4
1753617215293,11:53:35.293,binance,AAVE/USDT:USDT,296.02,28.4,296.01,2.2,296.03,9.9,296.04,6.4
1753617215396,11:53:35.396,binance,AAVE/USDT:USDT,296.02,28.4,296.01,8.9,296.03,9.9,296.04,6.4
1753617215502,11:53:35.502,binance,AAVE/USDT:USDT,296.02,28.4,296.01,8.9,296.03,9.9,296.04,6.4
1753617215618,11:53:35.618,binance,AAVE/USDT:USDT,296.02,28.4,296.01,9.6,296.03,2.6,296.04,6.4
1753617215725,11:53:35.725,binance,AAVE/USDT:USDT,296.02,28.4,296.01,8.9,296.03,9.9,296.04,6.4
1753617215828,11:53:35.828,binance,AAVE/USDT:USDT,296.02,28.4,296.01,8.9,296.03,9.9,296.04,6.4
1753617215935,11:53:35.935,binance,AAVE/USDT:USDT,296.02,28.4,296.01,8.9,296.03,9.9,296.04,6.4
1753617216040,11:53:36.040,binance,AAVE/USDT:USDT,296.02,28.4,296.01,8.9,296.03,9.9,296.04,6.4
1753617216295,11:53:36.295,binance,AAVE/USDT:USDT,296.02,28.4,296.01,8.9,296.03,9.9,296.04,6.4
1753617216419,11:53:36.419,binance,AAVE/USDT:USDT,296.02,28.4,296.01,9.6,296.03,9.9,296.04,6.4
1753617216521,11:53:36.521,binance,AAVE/USDT:USDT,296.02,28.4,296.01,8.9,296.03,10.0,296.04,6.4
1753617216624,11:53:36.624,binance,AAVE/USDT:USDT,296.02,28.4,296.01,8.9,296.03,10.0,296.04,6.4
1753617216727,11:53:36.727,binance,AAVE/USDT:USDT,296.02,28.4,296.01,2.2,296.03,10.0,296.04,6.4
1753617216837,11:53:36.837,binance,AAVE/USDT:USDT,296.02,28.4,296.01,2.2,296.03,10.0,296.04,6.4
1753617216946,11:53:36.946,binance,AAVE/USDT:USDT,296.02,28.4,296.01,7.2,296.03,10.0,296.04,6.4
1753617217047,11:53:37.047,binance,AAVE/USDT:USDT,296.02,28.4,296.01,2.2,296.03,10.0,296.04,6.4
1753617217156,11:53:37.156,binance,AAVE/USDT:USDT,296.02,28.4,296.01,2.2,296.03,10.7,296.04,6.4
1753617217263,11:53:37.263,binance,AAVE/USDT:USDT,296.02,28.4,296.01,2.2,296.03,10.7,296.04,6.4
1753617217413,11:53:37.413,binance,AAVE/USDT:USDT,296.02,28.3,296.01,2.9,296.03,10.7,296.04,6.4
1753617217519,11:53:37.519,binance,AAVE/USDT:USDT,296.02,28.3,296.01,2.9,296.03,10.7,296.04,6.4
1753617217622,11:53:37.622,binance,AAVE/USDT:USDT,296.02,33.3,296.01,15.3,296.03,9.7,296.04,6.4
1753617217723,11:53:37.723,binance,AAVE/USDT:USDT,296.02,33.3,296.01,22.0,296.03,9.7,296.04,6.4
1753617217834,11:53:37.834,binance,AAVE/USDT:USDT,296.02,33.3,296.01,22.0,296.03,9.7,296.04,6.4
1753617217992,11:53:37.992,binance,AAVE/USDT:USDT,296.02,33.3,296.01,22.0,296.03,9.7,296.04,6.4
1753617218095,11:53:38.095,binance,AAVE/USDT:USDT,296.02,40.0,296.01,18.2,296.03,8.8,296.04,0.4
1753617218196,11:53:38.196,binance,AAVE/USDT:USDT,296.02,40.0,296.01,18.2,296.03,8.8,296.04,0.4
1753617218308,11:53:38.308,binance,AAVE/USDT:USDT,296.02,40.0,296.01,18.2,296.03,8.9,296.04,0.4
1753617218422,11:53:38.422,binance,AAVE/USDT:USDT,296.02,40.0,296.01,18.4,296.03,8.9,296.04,0.4
1753617218539,11:53:38.539,binance,AAVE/USDT:USDT,296.02,41.4,296.01,19.1,296.03,1.6,296.04,0.4
1753617218640,11:53:38.640,binance,AAVE/USDT:USDT,296.02,47.4,296.01,23.0,296.03,1.6,296.04,0.3
1753617218743,11:53:38.743,binance,AAVE/USDT:USDT,296.02,47.4,296.01,25.4,296.03,1.6,296.04,0.3
1753617218847,11:53:38.847,binance,AAVE/USDT:USDT,296.02,47.4,296.01,25.4,296.03,1.6,296.04,0.3
1753617218948,11:53:38.948,binance,AAVE/USDT:USDT,296.02,44.0,296.01,21.5,296.03,2.7,296.04,0.3
1753617219050,11:53:39.050,binance,AAVE/USDT:USDT,296.02,44.0,296.01,23.0,296.03,2.4,296.04,0.3
1753617219153,11:53:39.153,binance,AAVE/USDT:USDT,296.02,44.0,296.01,23.0,296.03,2.4,296.04,0.3
1753617219256,11:53:39.256,binance,AAVE/USDT:USDT,296.02,44.0,296.01,23.0,296.03,2.4,296.04,0.3
1753617219358,11:53:39.358,binance,AAVE/USDT:USDT,296.02,44.0,296.01,22.3,296.03,6.3,296.04,0.3
1753617219459,11:53:39.459,binance,AAVE/USDT:USDT,296.02,35.9,296.01,17.2,296.03,6.4,296.04,0.3
1753617219560,11:53:39.560,binance,AAVE/USDT:USDT,296.02,30.9,296.01,14.3,296.03,6.4,296.04,0.3
1753617219662,11:53:39.662,binance,AAVE/USDT:USDT,296.02,32.3,296.01,15.0,296.03,6.4,296.04,0.3
1753617219767,11:53:39.767,binance,AAVE/USDT:USDT,296.02,32.3,296.01,17.8,296.03,6.4,296.04,0.3
1753617219873,11:53:39.873,binance,AAVE/USDT:USDT,296.02,37.3,296.01,25.9,296.03,6.4,296.04,0.3
1753617219976,11:53:39.976,binance,AAVE/USDT:USDT,296.02,35.9,296.01,25.2,296.03,6.4,296.04,0.3
1753617220087,11:53:40.087,binance,AAVE/USDT:USDT,296.02,35.9,296.01,25.2,296.03,6.4,296.04,0.3
1753617220305,11:53:40.305,binance,AAVE/USDT:USDT,296.02,47.9,296.01,22.4,296.03,6.4,296.04,0.3
1753617220408,11:53:40.408,binance,AAVE/USDT:USDT,296.02,47.8,296.01,22.4,296.03,6.5,296.04,0.3
1753617220512,11:53:40.512,binance,AAVE/USDT:USDT,296.02,47.8,296.01,22.4,296.03,5.9,296.04,0.3
1753617220616,11:53:40.616,binance,AAVE/USDT:USDT,296.02,47.8,296.01,22.4,296.03,5.9,296.04,0.3
1753617220719,11:53:40.719,binance,AAVE/USDT:USDT,296.02,47.8,296.01,22.4,296.03,5.9,296.04,0.3
1753617220822,11:53:40.822,binance,AAVE/USDT:USDT,296.02,47.8,296.01,22.4,296.03,5.9,296.04,0.3
1753617220924,11:53:40.924,binance,AAVE/USDT:USDT,296.02,47.8,296.01,22.4,296.03,5.9,296.04,0.3
1753617221026,11:53:41.026,binance,AAVE/USDT:USDT,296.02,37.2,296.01,22.4,296.03,5.9,296.04,0.3
1753617221151,11:53:41.151,binance,AAVE/USDT:USDT,296.02,37.2,296.01,23.1,296.03,5.9,296.04,0.3
1753617221254,11:53:41.254,binance,AAVE/USDT:USDT,296.02,37.2,296.01,23.1,296.03,5.9,296.04,0.3
1753617221364,11:53:41.364,binance,AAVE/USDT:USDT,296.02,37.2,296.01,23.1,296.03,5.9,296.04,0.3
1753617221488,11:53:41.488,binance,AAVE/USDT:USDT,296.02,35.8,296.01,18.5,296.03,6.0,296.04,0.3
1753617221599,11:53:41.599,binance,AAVE/USDT:USDT,296.02,35.8,296.01,18.5,296.03,6.0,296.04,0.3
1753617221700,11:53:41.700,binance,AAVE/USDT:USDT,296.02,35.8,296.01,18.5,296.03,6.0,296.04,0.3
1753617221859,11:53:41.859,binance,AAVE/USDT:USDT,296.02,37.2,296.01,23.1,296.03,6.0,296.04,0.3
1753617221962,11:53:41.962,binance,AAVE/USDT:USDT,296.02,37.2,296.01,23.1,296.03,6.0,296.04,0.3
1753617222064,11:53:42.064,binance,AAVE/USDT:USDT,296.02,35.8,296.01,18.5,296.03,13.3,296.04,0.3
1753617222179,11:53:42.179,binance,AAVE/USDT:USDT,296.02,35.8,296.01,18.5,296.03,13.3,296.04,0.3
1753617222283,11:53:42.283,binance,AAVE/USDT:USDT,296.02,37.2,296.01,19.2,296.03,6.0,296.04,0.3
1753617222406,11:53:42.406,binance,AAVE/USDT:USDT,296.02,37.2,296.01,19.2,296.03,6.0,296.04,0.3
1753617222510,11:53:42.510,binance,AAVE/USDT:USDT,296.02,37.2,296.01,19.2,296.03,5.9,296.04,0.3
1753617222613,11:53:42.613,binance,AAVE/USDT:USDT,296.02,42.8,296.01,29.2,296.03,5.9,296.04,0.3
1753617222727,11:53:42.727,binance,AAVE/USDT:USDT,296.02,45.2,296.01,26.1,296.03,5.9,296.04,0.3
1753617222829,11:53:42.829,binance,AAVE/USDT:USDT,296.02,45.2,296.01,33.4,296.04,0.3,296.05,0.2
1753617222930,11:53:42.930,binance,AAVE/USDT:USDT,296.05,16.2,296.04,31.6,296.06,8.2,296.07,1.1
1753617223031,11:53:43.031,binance,AAVE/USDT:USDT,296.05,16.3,296.04,40.4,296.06,0.3,296.07,19.0
1753617223134,11:53:43.134,binance,AAVE/USDT:USDT,296.05,16.3,296.04,39.7,296.06,0.3,296.07,19.0
1753617223256,11:53:43.256,binance,AAVE/USDT:USDT,296.05,23.8,296.04,39.8,296.06,7.7,296.07,19.0
1753617223359,11:53:43.359,binance,AAVE/USDT:USDT,296.08,16.0,296.07,16.7,296.09,29.3,296.1,1194.2
1753617223461,11:53:43.461,binance,AAVE/USDT:USDT,296.08,18.4,296.07,16.7,296.09,30.2,296.1,1194.2
1753617223563,11:53:43.563,binance,AAVE/USDT:USDT,296.08,18.4,296.07,7.3,296.09,30.2,296.1,1194.2
1753617223664,11:53:43.664,binance,AAVE/USDT:USDT,296.08,19.8,296.07,12.9,296.09,22.1,296.1,1193.3
1753617223768,11:53:43.768,binance,AAVE/USDT:USDT,296.08,22.2,296.07,12.9,296.09,22.2,296.1,1193.3
1753617223900,11:53:43.900,binance,AAVE/USDT:USDT,296.08,25.4,296.07,18.1,296.09,22.2,296.1,1193.3
1753617224004,11:53:44.004,binance,AAVE/USDT:USDT,296.08,25.8,296.07,18.1,296.09,22.2,296.1,1193.3
1753617224105,11:53:44.105,binance,AAVE/USDT:USDT,296.08,25.8,296.07,18.1,296.09,22.2,296.1,1193.3
1753617224214,11:53:44.214,binance,AAVE/USDT:USDT,296.08,25.8,296.07,18.1,296.09,22.2,296.1,1193.3
1753617224320,11:53:44.320,binance,AAVE/USDT:USDT,296.08,25.8,296.07,18.1,296.09,22.2,296.1,1193.3
1753617224552,11:53:44.552,binance,AAVE/USDT:USDT,296.08,37.5,296.07,20.1,296.09,22.2,296.1,1193.3
1753617224672,11:53:44.672,binance,AAVE/USDT:USDT,296.08,37.5,296.07,20.1,296.09,22.2,296.1,1193.3
1753617224809,11:53:44.809,binance,AAVE/USDT:USDT,296.08,37.5,296.07,20.1,296.09,22.2,296.1,1193.3
1753617224947,11:53:44.947,binance,AAVE/USDT:USDT,296.08,35.1,296.07,20.1,296.09,3.6,296.1,1193.3
1753617225072,11:53:45.072,binance,AAVE/USDT:USDT,296.08,37.5,296.07,20.1,296.09,3.6,296.1,1193.3
1753617225219,11:53:45.219,binance,AAVE/USDT:USDT,296.08,37.5,296.07,20.1,296.09,3.6,296.1,1193.3
1753617225326,11:53:45.326,binance,AAVE/USDT:USDT,296.08,37.5,296.07,20.1,296.09,3.6,296.1,1193.3
1753617225488,11:53:45.488,binance,AAVE/USDT:USDT,296.08,33.7,296.07,19.4,296.09,29.4,296.1,1193.3
1753617225591,11:53:45.591,binance,AAVE/USDT:USDT,296.08,36.1,296.07,19.4,296.09,29.5,296.1,1193.3
1753617225699,11:53:45.699,binance,AAVE/USDT:USDT,296.08,31.1,296.07,7.1,296.09,29.5,296.1,1193.3
1753617225802,11:53:45.802,binance,AAVE/USDT:USDT,296.06,0.2,296.05,8.5,296.07,49.7,296.08,89.3
1753617225905,11:53:45.905,binance,AAVE/USDT:USDT,296.06,2.0,296.05,8.5,296.07,30.7,296.08,76.4
1753617226006,11:53:46.006,binance,AAVE/USDT:USDT,296.06,0.2,296.05,8.5,296.07,31.8,296.08,86.5
1753617226110,11:53:46.110,binance,AAVE/USDT:USDT,296.06,0.2,296.05,8.5,296.07,31.8,296.08,47.0
1753617226213,11:53:46.213,binance,AAVE/USDT:USDT,296.06,0.5,296.05,8.5,296.07,31.9,296.08,68.0
1753617226329,11:53:46.329,binance,AAVE/USDT:USDT,296.06,0.9,296.05,8.5,296.07,31.9,296.08,68.0
1753617226435,11:53:46.435,binance,AAVE/USDT:USDT,296.06,1.2,296.05,8.5,296.07,32.0,296.08,68.0
1753617226556,11:53:46.556,binance,AAVE/USDT:USDT,296.06,1.2,296.05,8.5,296.07,32.0,296.08,49.4
1753617226659,11:53:46.659,binance,AAVE/USDT:USDT,296.06,1.2,296.05,8.5,296.07,32.0,296.08,68.0
1753617226762,11:53:46.762,binance,AAVE/USDT:USDT,296.06,1.2,296.05,8.5,296.07,32.0,296.08,68.0
1753617226882,11:53:46.882,binance,AAVE/USDT:USDT,296.06,6.2,296.05,13.7,296.07,12.2,296.08,60.2
1753617226984,11:53:46.984,binance,AAVE/USDT:USDT,296.06,8.0,296.05,13.7,296.07,12.2,296.08,60.2
1753617227086,11:53:47.086,binance,AAVE/USDT:USDT,296.06,7.9,296.05,22.9,296.07,12.9,296.08,45.8
1753617227209,11:53:47.209,binance,AAVE/USDT:USDT,296.08,45.9,296.07,39.1,296.09,1.1,296.1,1197.6
1753617227310,11:53:47.310,binance,AAVE/USDT:USDT,296.08,32.6,296.07,32.9,296.09,1.2,296.1,1193.8
1753617227419,11:53:47.419,binance,AAVE/USDT:USDT,296.08,32.6,296.07,30.6,296.09,1.2,296.1,1193.8
1753617227522,11:53:47.522,binance,AAVE/USDT:USDT,296.08,32.6,296.07,30.6,296.09,1.2,296.1,1193.8
1753617227642,11:53:47.642,binance,AAVE/USDT:USDT,296.08,32.6,296.07,30.6,296.09,1.0,296.1,1193.8
1753617227813,11:53:47.813,binance,AAVE/USDT:USDT,296.08,32.5,296.07,30.6,296.09,1.0,296.1,1193.8
1753617227918,11:53:47.918,binance,AAVE/USDT:USDT,296.08,18.3,296.07,25.6,296.09,8.3,296.1,1193.7
1753617228020,11:53:48.020,binance,AAVE/USDT:USDT,296.08,17.9,296.07,25.6,296.09,0.2,296.1,1193.7
1753617228127,11:53:48.127,binance,AAVE/USDT:USDT,296.08,16.5,296.07,34.4,296.09,7.5,296.1,1193.7
1753617228230,11:53:48.230,binance,AAVE/USDT:USDT,296.08,24.6,296.07,34.4,296.09,7.6,296.1,1193.7
1753617228346,11:53:48.346,binance,AAVE/USDT:USDT,296.08,26.0,296.07,34.4,296.09,0.4,296.1,1193.7
1753617228448,11:53:48.448,binance,AAVE/USDT:USDT,296.08,34.8,296.07,29.5,296.09,0.4,296.1,1193.7
1753617228549,11:53:48.549,binance,AAVE/USDT:USDT,296.08,34.8,296.07,29.5,296.09,0.4,296.1,1193.7
1753617228677,11:53:48.677,binance,AAVE/USDT:USDT,296.08,35.6,296.07,29.5,296.09,0.4,296.1,1193.7
1753617228780,11:53:48.780,binance,AAVE/USDT:USDT,296.08,40.6,296.07,34.5,296.09,0.4,296.1,1193.7
1753617228882,11:53:48.882,binance,AAVE/USDT:USDT,296.08,40.6,296.07,34.5,296.09,0.4,296.1,1193.7
1753617228996,11:53:48.996,binance,AAVE/USDT:USDT,296.09,53.6,296.08,43.3,296.1,864.4,296.11,0.2
1753617229097,11:53:49.097,binance,AAVE/USDT:USDT,296.09,53.2,296.08,42.0,296.1,864.4,296.11,0.2
1753617229200,11:53:49.200,binance,AAVE/USDT:USDT,296.09,53.2,296.08,42.0,296.1,864.4,296.11,0.2
1753617229312,11:53:49.312,binance,AAVE/USDT:USDT,296.09,53.8,296.08,42.2,296.1,864.5,296.11,0.2
1753617229446,11:53:49.446,binance,AAVE/USDT:USDT,296.09,53.8,296.08,42.2,296.1,864.5,296.11,0.2
1753617229548,11:53:49.548,binance,AAVE/USDT:USDT,296.09,51.4,296.08,38.3,296.1,864.5,296.11,0.2
1753617229651,11:53:49.651,binance,AAVE/USDT:USDT,296.09,51.8,296.08,37.4,296.1,864.5,296.11,0.2
1753617229796,11:53:49.796,binance,AAVE/USDT:USDT,296.09,50.3,296.08,37.4,296.1,864.5,296.11,0.2
1753617229899,11:53:49.899,binance,AAVE/USDT:USDT,296.09,50.3,296.08,37.4,296.1,864.5,296.11,0.2
1753617230002,11:53:50.002,binance,AAVE/USDT:USDT,296.09,50.3,296.08,37.4,296.1,864.5,296.11,0.2
1753617230107,11:53:50.107,binance,AAVE/USDT:USDT,296.09,50.3,296.08,37.6,296.1,864.5,296.11,0.2
1753617230213,11:53:50.213,binance,AAVE/USDT:USDT,296.09,57.4,296.08,44.1,296.1,538.0,296.11,0.2
1753617230315,11:53:50.315,binance,AAVE/USDT:USDT,296.09,60.7,296.08,44.9,296.1,533.2,296.11,0.2
1753617230420,11:53:50.420,binance,AAVE/USDT:USDT,296.09,55.1,296.08,37.1,296.1,533.3,296.11,0.2
1753617230523,11:53:50.523,binance,AAVE/USDT:USDT,296.09,36.2,296.08,34.0,296.1,533.3,296.11,0.2
1753617230627,11:53:50.627,binance,AAVE/USDT:USDT,296.09,36.2,296.08,29.6,296.1,533.3,296.11,0.2
1753617230729,11:53:50.729,binance,AAVE/USDT:USDT,296.09,43.5,296.08,34.2,296.1,533.3,296.11,0.2
1753617230832,11:53:50.832,binance,AAVE/USDT:USDT,296.09,43.5,296.08,34.4,296.1,533.3,296.11,0.2
1753617230935,11:53:50.935,binance,AAVE/USDT:USDT,296.09,46.5,296.08,38.4,296.1,532.7,296.11,0.2
1753617231046,11:53:51.046,binance,AAVE/USDT:USDT,296.09,45.8,296.08,38.4,296.1,532.7,296.11,0.2
1753617231164,11:53:51.164,binance,AAVE/USDT:USDT,296.09,12.9,296.08,18.3,296.1,532.7,296.11,0.2
1753617231265,11:53:51.265,binance,AAVE/USDT:USDT,296.09,3.5,296.08,10.2,296.1,532.7,296.11,0.2
1753617231367,11:53:51.367,binance,AAVE/USDT:USDT,296.09,0.4,296.08,8.6,296.1,532.7,296.11,0.2
1753617231469,11:53:51.469,binance,AAVE/USDT:USDT,296.07,0.1,296.06,1.3,296.08,25.3,296.09,133.0
1753617231571,11:53:51.571,binance,AAVE/USDT:USDT,296.04,0.2,296.03,0.2,296.05,26.6,296.06,34.5
1753617231674,11:53:51.674,binance,AAVE/USDT:USDT,296.04,0.6,296.03,0.2,296.05,26.7,296.06,36.4
1753617231777,11:53:51.777,binance,AAVE/USDT:USDT,296.04,0.7,296.03,0.2,296.05,29.0,296.06,34.4
1753617231887,11:53:51.887,binance,AAVE/USDT:USDT,296.04,0.7,296.03,0.2,296.05,29.0,296.06,33.1
1753617232022,11:53:52.022,binance,AAVE/USDT:USDT,296.04,4.3,296.03,0.2,296.05,27.3,296.06,33.1
1753617232125,11:53:52.125,binance,AAVE/USDT:USDT,296.04,4.3,296.03,0.2,296.05,27.3,296.06,28.4
1753617232231,11:53:52.231,binance,AAVE/USDT:USDT,296.04,4.3,296.03,0.2,296.05,28.1,296.06,28.4
1753617232337,11:53:52.337,binance,AAVE/USDT:USDT,296.04,5.3,296.03,0.2,296.05,28.1,296.06,28.4
1753617232478,11:53:52.478,binance,AAVE/USDT:USDT,296.04,5.3,296.03,0.2,296.05,28.1,296.06,28.4
1753617232582,11:53:52.582,binance,AAVE/USDT:USDT,296.02,1.4,296.01,3.0,296.03,27.6,296.04,59.8
1753617232685,11:53:52.685,binance,AAVE/USDT:USDT,296.01,0.8,296.0,0.4,296.02,81.7,296.03,57.5
1753617232788,11:53:52.788,binance,AAVE/USDT:USDT,296.01,0.9,296.0,0.4,296.02,63.6,296.03,39.2
1753617232892,11:53:52.892,binance,AAVE/USDT:USDT,296.01,0.9,296.0,0.4,296.02,61.9,296.03,39.1
1753617233002,11:53:53.002,binance,AAVE/USDT:USDT,296.01,0.9,296.0,0.4,296.02,61.9,296.03,39.1
1753617233105,11:53:53.105,binance,AAVE/USDT:USDT,296.01,0.9,296.0,0.4,296.02,61.9,296.03,39.1
1753617233213,11:53:53.213,binance,AAVE/USDT:USDT,296.01,1.7,296.0,0.4,296.02,61.9,296.03,39.1
1753617233316,11:53:53.316,binance,AAVE/USDT:USDT,296.01,1.7,296.0,0.4,296.02,61.9,296.03,39.1
1753617233422,11:53:53.422,binance,AAVE/USDT:USDT,296.01,1.7,296.0,0.4,296.02,61.9,296.03,34.1
1753617233525,11:53:53.525,binance,AAVE/USDT:USDT,296.01,1.7,296.0,0.4,296.02,61.9,296.03,31.6
1753617233650,11:53:53.650,binance,AAVE/USDT:USDT,296.01,1.7,296.0,0.4,296.02,57.2,296.03,31.6
1753617233760,11:53:53.760,binance,AAVE/USDT:USDT,296.01,1.7,296.0,0.4,296.02,52.5,296.03,46.5
1753617233862,11:53:53.862,binance,AAVE/USDT:USDT,296.01,1.7,296.0,0.4,296.02,52.5,296.03,41.2
1753617233966,11:53:53.966,binance,AAVE/USDT:USDT,296.01,1.7,296.0,0.4,296.02,52.5,296.03,41.2
1753617234174,11:53:54.174,binance,AAVE/USDT:USDT,296.01,1.7,296.0,0.4,296.02,47.5,296.03,32.3
1753617234277,11:53:54.277,binance,AAVE/USDT:USDT,296.01,1.6,296.0,0.4,296.02,46.1,296.03,31.6
1753617234385,11:53:54.385,binance,AAVE/USDT:USDT,296.01,1.6,296.0,0.4,296.02,46.2,296.03,31.6
1753617234488,11:53:54.488,binance,AAVE/USDT:USDT,296.01,1.6,296.0,0.4,296.02,47.6,296.03,32.3
1753617234591,11:53:54.591,binance,AAVE/USDT:USDT,296.01,2.8,296.0,0.4,296.02,47.6,296.03,32.3
1753617234699,11:53:54.699,binance,AAVE/USDT:USDT,296.01,2.8,296.0,0.4,296.02,51.2,296.03,36.6
1753617234802,11:53:54.802,binance,AAVE/USDT:USDT,296.01,2.8,296.0,0.4,296.02,52.6,296.03,36.6
1753617234903,11:53:54.903,binance,AAVE/USDT:USDT,296.01,2.8,296.0,0.4,296.02,52.6,296.03,36.6
1753617235089,11:53:55.089,binance,AAVE/USDT:USDT,296.01,2.8,296.0,0.4,296.02,52.6,296.03,36.6
1753617235191,11:53:55.191,binance,AAVE/USDT:USDT,296.01,2.8,296.0,0.4,296.02,52.6,296.03,37.3
1753617235301,11:53:55.301,binance,AAVE/USDT:USDT,296.01,2.8,296.0,0.4,296.02,52.7,296.03,37.3
1753617235427,11:53:55.427,binance,AAVE/USDT:USDT,295.99,0.8,295.98,0.3,296.0,51.6,296.01,49.2
1753617235528,11:53:55.528,binance,AAVE/USDT:USDT,295.98,3.8,295.97,0.5,295.99,39.5,296.0,61.4
1753617235629,11:53:55.629,binance,AAVE/USDT:USDT,295.97,0.3,295.96,0.1,295.98,57.6,295.99,56.6
1753617235730,11:53:55.730,binance,AAVE/USDT:USDT,295.97,0.3,295.96,0.1,295.98,57.7,295.99,62.0
1753617235832,11:53:55.832,binance,AAVE/USDT:USDT,295.97,0.3,295.96,0.1,295.98,14.0,295.99,21.8
1753617236035,11:53:56.035,binance,AAVE/USDT:USDT,295.97,0.3,295.96,0.1,295.98,16.8,295.99,27.9
1753617236137,11:53:56.137,binance,AAVE/USDT:USDT,295.97,0.3,295.96,0.1,295.98,16.8,295.99,27.9
1753617236252,11:53:56.252,binance,AAVE/USDT:USDT,295.97,0.3,295.96,0.1,295.98,16.2,295.99,31.4
1753617236355,11:53:56.355,binance,AAVE/USDT:USDT,295.97,0.3,295.96,0.1,295.98,16.2,295.99,31.4
1753617236461,11:53:56.461,binance,AAVE/USDT:USDT,295.97,0.3,295.96,0.1,295.98,17.1,295.99,31.4
1753617236598,11:53:56.598,binance,AAVE/USDT:USDT,295.97,0.3,295.96,0.1,295.98,17.1,295.99,31.4
1753617236719,11:53:56.719,binance,AAVE/USDT:USDT,295.97,0.3,295.96,0.1,295.98,22.1,295.99,36.4
1753617236824,11:53:56.824,binance,AAVE/USDT:USDT,295.97,0.3,295.96,0.1,295.98,22.1,295.99,36.4
1753617236933,11:53:56.933,binance,AAVE/USDT:USDT,295.97,0.3,295.96,0.1,295.98,22.5,295.99,36.4
1753617237036,11:53:57.036,binance,AAVE/USDT:USDT,295.97,0.3,295.96,0.1,295.98,22.5,295.99,36.4
1753617237142,11:53:57.142,binance,AAVE/USDT:USDT,295.97,0.3,295.96,0.1,295.98,23.6,295.99,36.4
1753617237246,11:53:57.246,binance,AAVE/USDT:USDT,295.97,0.3,295.96,0.1,295.98,23.6,295.99,36.4
1753617237347,11:53:57.347,binance,AAVE/USDT:USDT,295.97,0.3,295.96,0.1,295.98,23.8,295.99,36.4
1753617237459,11:53:57.459,binance,AAVE/USDT:USDT,295.97,0.3,295.96,0.1,295.98,23.8,295.99,36.4
1753617237563,11:53:57.563,binance,AAVE/USDT:USDT,295.97,0.3,295.96,0.1,295.98,23.8,295.99,36.4
1753617237665,11:53:57.665,binance,AAVE/USDT:USDT,295.97,0.3,295.96,0.1,295.98,23.8,295.99,36.4
1753617237767,11:53:57.767,binance,AAVE/USDT:USDT,295.92,0.3,295.91,0.2,295.93,38.4,295.94,24.4
1753617237868,11:53:57.868,binance,AAVE/USDT:USDT,295.92,0.1,295.9,9.9,295.93,45.5,295.94,15.2
1753617237974,11:53:57.974,binance,AAVE/USDT:USDT,295.92,0.1,295.9,2.5,295.93,45.6,295.94,20.6
1753617238080,11:53:58.080,binance,AAVE/USDT:USDT,295.92,0.1,295.9,2.5,295.93,46.0,295.94,20.6
1753617238189,11:53:58.189,binance,AAVE/USDT:USDT,295.92,0.1,295.9,2.5,295.93,46.0,295.94,20.6
1753617238291,11:53:58.291,binance,AAVE/USDT:USDT,295.92,0.1,295.9,2.5,295.93,46.3,295.94,20.6
1753617238398,11:53:58.398,binance,AAVE/USDT:USDT,295.92,0.1,295.9,2.5,295.93,46.3,295.94,20.6
1753617238506,11:53:58.506,binance,AAVE/USDT:USDT,295.92,0.1,295.9,2.5,295.93,46.3,295.94,20.6
1753617238642,11:53:58.642,binance,AAVE/USDT:USDT,295.92,0.1,295.9,2.5,295.93,46.3,295.94,20.6
1753617238748,11:53:58.748,binance,AAVE/USDT:USDT,295.92,0.1,295.9,2.5,295.93,51.3,295.94,25.6
1753617238887,11:53:58.887,binance,AAVE/USDT:USDT,295.92,0.1,295.9,2.5,295.93,51.3,295.94,25.6
1753617238994,11:53:58.994,binance,AAVE/USDT:USDT,295.92,2.9,295.9,2.5,295.93,51.3,295.94,25.6
1753617239096,11:53:59.096,binance,AAVE/USDT:USDT,295.92,2.9,295.9,2.6,295.93,51.3,295.94,25.6
1753617239199,11:53:59.199,binance,AAVE/USDT:USDT,295.92,3.0,295.9,2.6,295.93,43.9,295.94,20.6
1753617239309,11:53:59.309,binance,AAVE/USDT:USDT,295.92,3.0,295.9,2.6,295.93,38.5,295.94,12.2
1753617239412,11:53:59.412,binance,AAVE/USDT:USDT,295.92,3.5,295.9,2.6,295.93,38.5,295.94,12.2
1753617239589,11:53:59.589,binance,AAVE/USDT:USDT,295.92,3.5,295.9,2.6,295.93,38.5,295.94,12.2
1753617239711,11:53:59.711,binance,AAVE/USDT:USDT,295.9,2.9,295.89,3.8,295.91,33.9,295.92,25.7
1753617239814,11:53:59.814,binance,AAVE/USDT:USDT,295.9,2.9,295.89,3.8,295.91,37.1,295.92,25.7
1753617239916,11:53:59.916,binance,AAVE/USDT:USDT,295.9,2.9,295.89,3.8,295.91,37.7,295.92,31.1
1753617240020,11:54:00.020,binance,AAVE/USDT:USDT,295.9,2.9,295.89,3.7,295.91,38.6,295.92,31.1
1753617240122,11:54:00.122,binance,AAVE/USDT:USDT,295.9,3.0,295.89,3.7,295.91,38.6,295.92,31.1
1753617240232,11:54:00.232,binance,AAVE/USDT:USDT,295.9,3.0,295.89,3.7,295.91,39.1,295.92,31.1
1753617240339,11:54:00.339,binance,AAVE/USDT:USDT,295.9,3.0,295.89,3.7,295.91,39.1,295.92,31.1
1753617240442,11:54:00.442,binance,AAVE/USDT:USDT,295.9,3.0,295.89,3.7,295.91,39.1,295.92,31.1
1753617240595,11:54:00.595,binance,AAVE/USDT:USDT,295.9,3.0,295.89,3.7,295.91,39.1,295.92,31.1
1753617240805,11:54:00.805,binance,AAVE/USDT:USDT,295.9,4.8,295.89,3.7,295.91,21.2,295.92,24.1
1753617240908,11:54:00.908,binance,AAVE/USDT:USDT,295.9,3.0,295.89,3.7,295.91,21.2,295.92,24.1
1753617241011,11:54:01.011,binance,AAVE/USDT:USDT,295.9,2.9,295.89,3.7,295.91,21.2,295.92,24.1
1753617241115,11:54:01.115,binance,AAVE/USDT:USDT,295.9,3.0,295.89,3.7,295.91,21.2,295.92,24.1
1753617241217,11:54:01.217,binance,AAVE/USDT:USDT,295.9,3.0,295.89,3.7,295.91,21.2,295.92,24.1
1753617241320,11:54:01.320,binance,AAVE/USDT:USDT,295.9,3.0,295.89,3.7,295.91,15.0,295.92,24.1
1753617241422,11:54:01.422,binance,AAVE/USDT:USDT,295.9,3.0,295.89,3.7,295.91,15.0,295.92,24.1
1753617241578,11:54:01.578,binance,AAVE/USDT:USDT,295.9,3.0,295.89,3.7,295.91,15.0,295.92,24.1
1753617241684,11:54:01.684,binance,AAVE/USDT:USDT,295.9,3.0,295.89,3.7,295.91,20.0,295.92,29.1
1753617241786,11:54:01.786,binance,AAVE/USDT:USDT,295.9,3.0,295.89,3.9,295.91,20.0,295.92,34.5
1753617241902,11:54:01.902,binance,AAVE/USDT:USDT,295.9,3.0,295.89,3.9,295.91,20.0,295.92,34.5
1753617242003,11:54:02.003,binance,AAVE/USDT:USDT,295.88,0.2,295.87,0.3,295.89,34.6,295.9,71.5
1753617242105,11:54:02.105,binance,AAVE/USDT:USDT,295.88,0.2,295.87,0.3,295.89,34.8,295.9,71.5
1753617242211,11:54:02.211,binance,AAVE/USDT:USDT,295.88,0.2,295.87,0.3,295.89,34.8,295.9,71.5
1753617242319,11:54:02.319,binance,AAVE/USDT:USDT,295.88,0.2,295.87,0.3,295.89,34.8,295.9,57.3
1753617242446,11:54:02.446,binance,AAVE/USDT:USDT,295.88,0.2,295.87,0.3,295.89,34.8,295.9,57.3
1753617242551,11:54:02.551,binance,AAVE/USDT:USDT,295.87,0.1,295.86,0.3,295.88,45.0,295.89,41.5
1753617242656,11:54:02.656,binance,AAVE/USDT:USDT,295.87,0.1,295.86,0.3,295.88,45.1,295.89,41.5
1753617242769,11:54:02.769,binance,AAVE/USDT:USDT,295.87,0.1,295.86,0.3,295.88,45.1,295.89,41.5
1753617242897,11:54:02.897,binance,AAVE/USDT:USDT,295.87,7.5,295.86,0.9,295.88,28.8,295.89,27.8
1753617242999,11:54:02.999,binance,AAVE/USDT:USDT,295.87,7.5,295.86,0.9,295.88,28.8,295.89,27.8
1753617243102,11:54:03.102,binance,AAVE/USDT:USDT,295.87,9.3,295.86,0.2,295.88,30.1,295.89,28.5
1753617243211,11:54:03.211,binance,AAVE/USDT:USDT,295.87,2.0,295.86,0.2,295.88,30.1,295.89,28.5
1753617243313,11:54:03.313,binance,AAVE/USDT:USDT,295.87,0.1,295.86,0.2,295.88,32.6,295.89,37.5
1753617243418,11:54:03.418,binance,AAVE/USDT:USDT,295.87,0.1,295.86,0.2,295.88,32.6,295.89,37.5
1753617243520,11:54:03.520,binance,AAVE/USDT:USDT,295.87,1.6,295.86,0.2,295.88,32.6,295.89,37.5
1753617243621,11:54:03.621,binance,AAVE/USDT:USDT,295.87,1.7,295.86,0.2,295.88,37.6,295.89,38.9
1753617243724,11:54:03.724,binance,AAVE/USDT:USDT,295.87,1.7,295.86,0.2,295.88,37.6,295.89,38.9
1753617243825,11:54:03.825,binance,AAVE/USDT:USDT,295.87,1.7,295.86,0.2,295.88,37.6,295.89,39.0
1753617243932,11:54:03.932,binance,AAVE/USDT:USDT,295.87,1.7,295.86,0.2,295.88,37.6,295.89,41.6
1753617244034,11:54:04.034,binance,AAVE/USDT:USDT,295.87,9.0,295.86,0.2,295.88,31.2,295.89,27.8
1753617244136,11:54:04.136,binance,AAVE/USDT:USDT,295.87,9.0,295.86,0.2,295.88,31.2,295.89,27.8
1753617244239,11:54:04.239,binance,AAVE/USDT:USDT,295.87,1.6,295.86,9.5,295.88,32.6,295.89,28.5
1753617244345,11:54:04.345,binance,AAVE/USDT:USDT,295.87,1.7,295.86,0.2,295.88,32.5,295.89,32.4
1753617244450,11:54:04.450,binance,AAVE/USDT:USDT,295.87,1.7,295.86,0.2,295.88,32.5,295.89,32.4
1753617244559,11:54:04.559,binance,AAVE/USDT:USDT,295.87,1.7,295.86,0.2,295.88,32.5,295.89,32.4
1753617244682,11:54:04.682,binance,AAVE/USDT:USDT,295.87,1.8,295.86,0.2,295.88,37.5,295.89,37.4
1753617244808,11:54:04.808,binance,AAVE/USDT:USDT,295.87,1.8,295.86,0.2,295.88,39.5,295.89,37.4
1753617244996,11:54:04.996,binance,AAVE/USDT:USDT,295.87,5.4,295.86,0.2,295.88,39.5,295.89,37.4
1753617245102,11:54:05.102,binance,AAVE/USDT:USDT,295.87,5.4,295.86,0.2,295.88,39.9,295.89,37.4
1753617245218,11:54:05.218,binance,AAVE/USDT:USDT,295.87,5.4,295.86,0.2,295.88,39.9,295.89,37.4
1753617245319,11:54:05.319,binance,AAVE/USDT:USDT,295.86,0.1,295.85,0.2,295.87,46.6,295.88,60.0
1753617245420,11:54:05.420,binance,AAVE/USDT:USDT,295.86,0.1,295.85,0.2,295.87,46.7,295.88,60.0
1753617245531,11:54:05.531,binance,AAVE/USDT:USDT,295.86,1.7,295.85,0.2,295.87,46.8,295.88,60.0
1753617245656,11:54:05.656,binance,AAVE/USDT:USDT,295.86,1.7,295.85,0.2,295.87,46.8,295.88,60.0
1753617245762,11:54:05.762,binance,AAVE/USDT:USDT,295.86,1.7,295.85,0.2,295.87,46.8,295.88,60.0
1753617245864,11:54:05.864,binance,AAVE/USDT:USDT,295.86,2.2,295.85,0.2,295.87,46.8,295.88,60.0
1753617245969,11:54:05.969,binance,AAVE/USDT:USDT,295.86,2.2,295.85,0.2,295.87,46.8,295.88,60.0
1753617246089,11:54:06.089,binance,AAVE/USDT:USDT,295.84,2.1,295.83,3.0,295.85,51.3,295.86,63.0
1753617246190,11:54:06.190,binance,AAVE/USDT:USDT,295.84,2.2,295.83,3.2,295.85,47.1,295.86,43.2
1753617246295,11:54:06.295,binance,AAVE/USDT:USDT,295.84,2.2,295.83,3.2,295.85,48.3,295.86,43.2
1753617246396,11:54:06.396,binance,AAVE/USDT:USDT,295.84,2.2,295.83,3.2,295.85,49.8,295.86,43.2
1753617246498,11:54:06.498,binance,AAVE/USDT:USDT,295.84,2.2,295.83,3.1,295.85,49.8,295.86,43.2
1753617246600,11:54:06.600,binance,AAVE/USDT:USDT,295.84,2.2,295.83,11.6,295.85,38.8,295.86,41.8
1753617246806,11:54:06.806,binance,AAVE/USDT:USDT,295.84,9.5,295.83,11.6,295.85,17.6,295.86,33.3
1753617246908,11:54:06.908,binance,AAVE/USDT:USDT,295.84,9.5,295.83,11.6,295.85,18.3,295.86,33.3
1753617247010,11:54:07.010,binance,AAVE/USDT:USDT,295.85,10.0,295.84,5.3,295.86,15.4,295.87,14.0
1753617247111,11:54:07.111,binance,AAVE/USDT:USDT,295.84,16.4,295.83,13.1,295.85,9.5,295.86,17.6
1753617247317,11:54:07.317,binance,AAVE/USDT:USDT,295.84,2.2,295.83,3.1,295.85,17.5,295.86,28.6
1753617247418,11:54:07.418,binance,AAVE/USDT:USDT,295.84,2.2,295.83,3.1,295.85,17.5,295.86,28.6
1753617247521,11:54:07.521,binance,AAVE/USDT:USDT,295.84,3.7,295.83,11.6,295.85,17.5,295.86,28.6
1753617247638,11:54:07.638,binance,AAVE/USDT:USDT,295.84,3.7,295.83,11.6,295.85,22.5,295.86,28.6
1753617247741,11:54:07.741,binance,AAVE/USDT:USDT,295.84,3.7,295.83,11.6,295.85,22.5,295.86,28.6
1753617247845,11:54:07.845,binance,AAVE/USDT:USDT,295.84,3.7,295.83,11.6,295.85,22.5,295.86,28.6
1753617247948,11:54:07.948,binance,AAVE/USDT:USDT,295.8,1.1,295.79,6.3,295.81,12.1,295.82,21.5
1753617248049,11:54:08.049,binance,AAVE/USDT:USDT,295.8,12.1,295.79,1.0,295.81,42.4,295.82,74.5
1753617248150,11:54:08.150,binance,AAVE/USDT:USDT,295.8,1.0,295.79,1.0,295.81,33.0,295.82,55.2
1753617248260,11:54:08.260,binance,AAVE/USDT:USDT,295.8,0.7,295.79,1.0,295.81,39.4,295.82,61.3
1753617248369,11:54:08.369,binance,AAVE/USDT:USDT,295.8,7.4,295.79,1.0,295.81,23.6,295.82,55.2
1753617248471,11:54:08.471,binance,AAVE/USDT:USDT,295.8,7.0,295.79,1.0,295.81,25.6,295.82,60.6
1753617248572,11:54:08.572,binance,AAVE/USDT:USDT,295.79,0.8,295.78,0.5,295.8,37.5,295.81,38.2
1753617248673,11:54:08.673,binance,AAVE/USDT:USDT,295.79,0.7,295.78,0.5,295.8,37.6,295.81,37.5
1753617248779,11:54:08.779,binance,AAVE/USDT:USDT,295.79,0.5,295.78,0.5,295.8,37.6,295.81,36.8
1753617248880,11:54:08.880,binance,AAVE/USDT:USDT,295.79,7.4,295.78,1.1,295.8,26.8,295.81,27.7
1753617248991,11:54:08.991,binance,AAVE/USDT:USDT,295.79,0.4,295.78,0.4,295.8,28.2,295.81,28.4
1753617249096,11:54:09.096,binance,AAVE/USDT:USDT,295.79,11.6,295.78,0.4,295.8,26.8,295.81,22.3
1753617249201,11:54:09.201,binance,AAVE/USDT:USDT,295.78,7.7,295.77,4.6,295.79,18.5,295.8,27.3
1753617249302,11:54:09.302,binance,AAVE/USDT:USDT,295.78,7.8,295.77,4.6,295.79,15.8,295.8,27.4
1753617249405,11:54:09.405,binance,AAVE/USDT:USDT,295.78,13.6,295.77,5.3,295.79,0.8,295.8,18.5
1753617249506,11:54:09.506,binance,AAVE/USDT:USDT,295.79,13.0,295.78,12.4,295.8,10.6,295.81,11.9
1753617249608,11:54:09.608,binance,AAVE/USDT:USDT,295.79,18.0,295.78,20.4,295.8,10.6,295.81,11.9
1753617249713,11:54:09.713,binance,AAVE/USDT:USDT,295.79,18.0,295.78,20.4,295.8,10.5,295.81,11.9
1753617249820,11:54:09.820,binance,AAVE/USDT:USDT,295.79,18.0,295.78,20.4,295.8,10.5,295.81,11.9
1753617249938,11:54:09.938,binance,AAVE/USDT:USDT,295.79,18.0,295.78,20.4,295.8,10.5,295.81,11.9
1753617250044,11:54:10.044,binance,AAVE/USDT:USDT,295.79,8.9,295.78,19.7,295.8,14.2,295.81,16.5
1753617250146,11:54:10.146,binance,AAVE/USDT:USDT,295.79,8.9,295.78,16.7,295.8,14.2,295.81,20.4
1753617250272,11:54:10.272,binance,AAVE/USDT:USDT,295.79,13.8,295.78,16.7,295.8,12.8,295.81,19.7
1753617250373,11:54:10.373,binance,AAVE/USDT:USDT,295.79,15.6,295.78,17.4,295.8,10.5,295.81,11.9
1753617250476,11:54:10.476,binance,AAVE/USDT:USDT,295.79,8.9,295.78,16.7,295.8,12.5,295.81,16.5
1753617250579,11:54:10.579,binance,AAVE/USDT:USDT,295.79,8.9,295.78,12.7,295.8,15.2,295.81,16.4
1753617250690,11:54:10.690,binance,AAVE/USDT:USDT,295.79,8.9,295.78,12.7,295.8,15.2,295.81,19.3
1753617250794,11:54:10.794,binance,AAVE/USDT:USDT,295.79,8.9,295.78,12.7,295.8,15.2,295.81,24.7
1753617250897,11:54:10.897,binance,AAVE/USDT:USDT,295.79,8.9,295.78,12.7,295.8,15.2,295.81,24.7
1753617251012,11:54:11.012,binance,AAVE/USDT:USDT,295.79,8.9,295.78,12.7,295.8,15.2,295.81,24.7
1753617251114,11:54:11.114,binance,AAVE/USDT:USDT,295.79,8.9,295.78,12.7,295.8,15.2,295.81,24.7
1753617251221,11:54:11.221,binance,AAVE/USDT:USDT,295.79,8.9,295.78,12.7,295.8,15.2,295.81,24.7
1753617251324,11:54:11.324,binance,AAVE/USDT:USDT,295.79,8.9,295.78,15.0,295.8,12.9,295.81,17.9
1753617251430,11:54:11.430,binance,AAVE/USDT:USDT,295.79,9.0,295.78,10.0,295.8,12.9,295.81,16.9
1753617251539,11:54:11.539,binance,AAVE/USDT:USDT,295.79,12.3,295.78,10.0,295.8,11.5,295.81,16.9
1753617251642,11:54:11.642,binance,AAVE/USDT:USDT,295.79,12.3,295.78,10.0,295.8,11.5,295.81,16.9
1753617251747,11:54:11.747,binance,AAVE/USDT:USDT,295.79,12.3,295.78,10.0,295.8,12.9,295.81,16.9
1753617251853,11:54:11.853,binance,AAVE/USDT:USDT,295.79,12.3,295.78,10.0,295.8,12.9,295.81,20.8
1753617251955,11:54:11.955,binance,AAVE/USDT:USDT,295.79,10.5,295.78,11.7,295.8,12.9,295.81,20.8
1753617252064,11:54:12.064,binance,AAVE/USDT:USDT,295.79,12.3,295.78,11.7,295.8,11.9,295.81,20.8
1753617252166,11:54:12.166,binance,AAVE/USDT:USDT,295.79,12.3,295.78,11.7,295.8,11.9,295.81,16.9
1753617252268,11:54:12.268,binance,AAVE/USDT:USDT,295.79,10.5,295.78,11.7,295.8,13.3,295.81,15.5
1753617252370,11:54:12.370,binance,AAVE/USDT:USDT,295.79,15.6,295.78,13.1,295.8,11.1,295.81,4.4
1753617252479,11:54:12.479,binance,AAVE/USDT:USDT,295.79,15.6,295.78,13.1,295.8,11.1,295.81,5.1
1753617252582,11:54:12.582,binance,AAVE/USDT:USDT,295.79,20.6,295.78,18.1,295.8,11.1,295.81,4.4
1753617252696,11:54:12.696,binance,AAVE/USDT:USDT,295.79,20.6,295.78,18.1,295.8,11.1,295.81,4.4
1753617252799,11:54:12.799,binance,AAVE/USDT:USDT,295.79,20.6,295.78,17.4,295.8,11.6,295.81,5.1
1753617253009,11:54:13.009,binance,AAVE/USDT:USDT,295.79,20.6,295.78,17.4,295.8,11.6,295.81,5.1
1753617253199,11:54:13.199,binance,AAVE/USDT:USDT,295.79,20.8,295.78,17.8,295.8,11.6,295.81,10.2
1753617253301,11:54:13.301,binance,AAVE/USDT:USDT,295.79,14.4,295.78,20.4,295.8,14.7,295.81,8.0
1753617253404,11:54:13.404,binance,AAVE/USDT:USDT,295.79,14.5,295.78,17.8,295.8,14.7,295.81,12.1
1753617253513,11:54:13.513,binance,AAVE/USDT:USDT,295.79,16.0,295.78,17.8,295.8,13.3,295.81,12.1
1753617253617,11:54:13.617,binance,AAVE/USDT:USDT,295.79,16.0,295.78,18.5,295.8,11.7,295.81,4.4
1753617253720,11:54:13.720,binance,AAVE/USDT:USDT,295.79,15.7,295.78,20.1,295.8,11.7,295.81,4.4
1753617253823,11:54:13.823,binance,AAVE/USDT:USDT,295.79,15.7,295.78,17.8,295.8,11.7,295.81,5.1
1753617254050,11:54:14.050,binance,AAVE/USDT:USDT,295.79,15.7,295.78,20.8,295.8,11.7,295.81,4.4
1753617254153,11:54:14.153,binance,AAVE/USDT:USDT,295.79,15.7,295.78,20.8,295.8,11.7,295.81,4.4
1753617254256,11:54:14.256,binance,AAVE/USDT:USDT,295.79,15.7,295.78,20.8,295.8,11.7,295.81,4.4
1753617254385,11:54:14.385,binance,AAVE/USDT:USDT,295.79,15.7,295.78,20.8,295.8,11.7,295.81,4.4
1753617254506,11:54:14.506,binance,AAVE/USDT:USDT,295.79,22.1,295.78,21.3,295.8,9.8,295.81,4.4
1753617254608,11:54:14.608,binance,AAVE/USDT:USDT,295.79,22.1,295.78,21.3,295.8,9.8,295.81,4.4
1753617254730,11:54:14.730,binance,AAVE/USDT:USDT,295.79,15.7,295.78,21.3,295.8,9.8,295.81,4.4
1753617254895,11:54:14.895,binance,AAVE/USDT:USDT,295.79,15.7,295.78,21.3,295.8,9.8,295.81,4.4
1753617254998,11:54:14.998,binance,AAVE/USDT:USDT,295.79,15.7,295.78,21.3,295.8,9.8,295.81,4.4
1753617255197,11:54:15.197,binance,AAVE/USDT:USDT,295.79,15.7,295.78,21.3,295.8,9.8,295.81,4.4
1753617255302,11:54:15.302,binance,AAVE/USDT:USDT,295.79,17.1,295.78,21.3,295.8,1.4,295.81,4.4
1753617255511,11:54:15.511,binance,AAVE/USDT:USDT,295.79,18.0,295.78,21.3,295.8,1.4,295.81,4.4
1753617255613,11:54:15.613,binance,AAVE/USDT:USDT,295.79,18.0,295.78,21.3,295.8,1.6,295.81,4.4
1753617255718,11:54:15.718,binance,AAVE/USDT:USDT,295.79,18.0,295.78,21.3,295.8,1.6,295.81,4.4
1753617255870,11:54:15.870,binance,AAVE/USDT:USDT,295.79,18.0,295.78,21.3,295.8,1.6,295.81,4.4
1753617256099,11:54:16.099,binance,AAVE/USDT:USDT,295.79,16.6,295.78,21.3,295.8,1.6,295.81,4.4
1753617256201,11:54:16.201,binance,AAVE/USDT:USDT,295.79,16.6,295.78,16.3,295.8,1.6,295.81,4.5
1753617256417,11:54:16.417,binance,AAVE/USDT:USDT,295.79,8.1,295.78,13.3,295.8,24.9,295.81,33.4
1753617256522,11:54:16.522,binance,AAVE/USDT:USDT,295.79,8.1,295.78,13.3,295.8,23.9,295.81,37.7
1753617256627,11:54:16.627,binance,AAVE/USDT:USDT,295.79,8.1,295.78,13.3,295.8,23.9,295.81,24.2
1753617256730,11:54:16.730,binance,AAVE/USDT:USDT,295.79,8.0,295.78,13.3,295.8,23.9,295.81,12.1
1753617256843,11:54:16.843,binance,AAVE/USDT:USDT,295.79,11.5,295.78,13.3,295.8,23.3,295.81,12.1
1753617256945,11:54:16.945,binance,AAVE/USDT:USDT,295.79,11.5,295.78,13.3,295.8,23.3,295.81,12.1
1753617257048,11:54:17.048,binance,AAVE/USDT:USDT,295.79,13.9,295.78,13.3,295.8,22.6,295.81,12.1
1753617257151,11:54:17.151,binance,AAVE/USDT:USDT,295.79,15.7,295.78,13.3,295.8,17.6,295.81,9.4
1753617257260,11:54:17.260,binance,AAVE/USDT:USDT,295.79,12.2,295.78,14.0,295.8,10.3,295.81,4.4
1753617257363,11:54:17.363,binance,AAVE/USDT:USDT,295.79,13.4,295.78,14.0,295.8,0.6,295.81,4.4
1753617257475,11:54:17.475,binance,AAVE/USDT:USDT,295.79,12.2,295.78,17.5,295.8,2.9,295.81,2.7
1753617257578,11:54:17.578,binance,AAVE/USDT:USDT,295.79,12.2,295.78,17.5,295.8,2.9,295.81,2.7
1753617257710,11:54:17.710,binance,AAVE/USDT:USDT,295.79,12.9,295.78,17.5,295.8,3.3,295.81,2.0
1753617257831,11:54:17.831,binance,AAVE/USDT:USDT,295.79,12.9,295.78,17.5,295.8,3.3,295.81,2.0
1753617257934,11:54:17.934,binance,AAVE/USDT:USDT,295.79,12.9,295.78,17.5,295.8,3.3,295.81,2.0
1753617258037,11:54:18.037,binance,AAVE/USDT:USDT,295.79,12.9,295.78,17.5,295.8,3.3,295.81,2.0
1753617258164,11:54:18.164,binance,AAVE/USDT:USDT,295.79,12.9,295.78,17.4,295.8,3.3,295.81,2.0
1753617258277,11:54:18.277,binance,AAVE/USDT:USDT,295.79,13.4,295.78,16.7,295.8,3.6,295.81,12.3
1753617258379,11:54:18.379,binance,AAVE/USDT:USDT,295.79,11.8,295.78,16.7,295.8,12.2,295.81,12.3
1753617258482,11:54:18.482,binance,AAVE/USDT:USDT,295.79,11.8,295.78,16.7,295.8,12.2,295.81,17.3
1753617258585,11:54:18.585,binance,AAVE/USDT:USDT,295.79,11.8,295.78,16.7,295.8,12.2,295.81,17.3
1753617258773,11:54:18.773,binance,AAVE/USDT:USDT,295.79,13.6,295.78,21.1,295.8,3.6,295.81,2.7
1753617258876,11:54:18.876,binance,AAVE/USDT:USDT,295.79,13.6,295.78,23.5,295.8,3.6,295.81,2.0
1753617258983,11:54:18.983,binance,AAVE/USDT:USDT,295.79,14.3,295.78,23.5,295.8,3.6,295.81,2.0
1753617259088,11:54:19.088,binance,AAVE/USDT:USDT,295.79,14.3,295.78,23.5,295.8,3.6,295.81,2.0
1753617259198,11:54:19.198,binance,AAVE/USDT:USDT,295.79,14.3,295.78,17.4,295.8,3.6,295.81,2.0
1753617259302,11:54:19.302,binance,AAVE/USDT:USDT,295.79,12.5,295.78,17.4,295.8,3.6,295.81,2.0
1753617259441,11:54:19.441,binance,AAVE/USDT:USDT,295.79,12.5,295.78,16.7,295.8,10.9,295.81,2.0
1753617259544,11:54:19.544,binance,AAVE/USDT:USDT,295.79,11.8,295.78,16.7,295.8,10.9,295.81,2.7
1753617259648,11:54:19.648,binance,AAVE/USDT:USDT,295.79,11.8,295.78,16.7,295.8,10.9,295.81,2.7
1753617259751,11:54:19.751,binance,AAVE/USDT:USDT,295.79,11.8,295.78,16.7,295.8,10.9,295.81,2.7
1753617259854,11:54:19.854,binance,AAVE/USDT:USDT,295.79,11.8,295.78,16.7,295.8,10.9,295.81,2.0
1753617259957,11:54:19.957,binance,AAVE/USDT:USDT,295.79,11.8,295.78,16.7,295.8,10.9,295.81,2.0
1753617260110,11:54:20.110,binance,AAVE/USDT:USDT,295.79,11.8,295.78,16.7,295.8,10.9,295.81,2.0
1753617260233,11:54:20.233,binance,AAVE/USDT:USDT,295.79,11.8,295.78,16.7,295.8,10.9,295.81,2.7
1753617260336,11:54:20.336,binance,AAVE/USDT:USDT,295.79,11.8,295.78,16.7,295.8,10.9,295.81,2.0
1753617260439,11:54:20.439,binance,AAVE/USDT:USDT,295.79,11.8,295.78,16.7,295.8,10.9,295.81,7.0
1753617260541,11:54:20.541,binance,AAVE/USDT:USDT,295.79,11.8,295.78,16.7,295.8,10.9,295.81,17.3
1753617260643,11:54:20.643,binance,AAVE/USDT:USDT,295.79,8.3,295.78,16.7,295.8,11.0,295.81,27.1
1753617260768,11:54:20.768,binance,AAVE/USDT:USDT,295.79,12.2,295.78,16.7,295.8,10.9,295.81,16.7
1753617260870,11:54:20.870,binance,AAVE/USDT:USDT,295.79,12.2,295.78,16.7,295.8,11.5,295.81,7.7
1753617260974,11:54:20.974,binance,AAVE/USDT:USDT,295.79,14.1,295.78,16.7,295.8,12.8,295.81,7.1
1753617261076,11:54:21.076,binance,AAVE/USDT:USDT,295.79,14.1,295.78,16.7,295.8,12.8,295.81,7.0
1753617261179,11:54:21.179,binance,AAVE/USDT:USDT,295.79,15.9,295.78,26.7,295.8,3.6,295.81,7.0
1753617261281,11:54:21.281,binance,AAVE/USDT:USDT,295.79,14.1,295.78,26.7,295.8,12.1,295.81,7.0
1753617261384,11:54:21.384,binance,AAVE/USDT:USDT,295.79,14.1,295.78,26.7,295.8,12.2,295.81,7.0
1753617261488,11:54:21.488,binance,AAVE/USDT:USDT,295.79,14.1,295.78,26.7,295.8,12.2,295.81,7.0
1753617261669,11:54:21.669,binance,AAVE/USDT:USDT,295.79,14.1,295.78,26.7,295.8,11.5,295.81,7.0
1753617261799,11:54:21.799,binance,AAVE/USDT:USDT,295.79,14.1,295.78,26.7,295.8,10.9,295.81,7.0
1753617261902,11:54:21.902,binance,AAVE/USDT:USDT,295.79,14.1,295.78,26.7,295.8,10.9,295.81,2.0
1753617262005,11:54:22.005,binance,AAVE/USDT:USDT,295.79,16.7,295.78,30.5,295.8,3.6,295.81,2.0
1753617262107,11:54:22.107,binance,AAVE/USDT:USDT,295.79,16.7,295.78,30.5,295.8,3.6,295.81,2.0
1753617262432,11:54:22.432,binance,AAVE/USDT:USDT,295.79,21.7,295.78,38.1,295.8,3.6,295.81,2.0
1753617262536,11:54:22.536,binance,AAVE/USDT:USDT,295.79,21.7,295.78,38.1,295.8,3.6,295.81,2.0
1753617262714,11:54:22.714,binance,AAVE/USDT:USDT,295.79,21.7,295.78,38.1,295.8,3.6,295.81,2.0
1753617262888,11:54:22.888,binance,AAVE/USDT:USDT,295.79,16.7,295.78,33.1,295.8,3.6,295.81,2.0
1753617262991,11:54:22.991,binance,AAVE/USDT:USDT,295.79,16.7,295.78,26.7,295.8,3.6,295.81,2.0
1753617263125,11:54:23.125,binance,AAVE/USDT:USDT,295.79,16.7,295.78,26.7,295.8,3.6,295.81,2.0
1753617263289,11:54:23.289,binance,AAVE/USDT:USDT,295.79,16.7,295.78,30.4,295.8,3.7,295.81,2.0
1753617263395,11:54:23.395,binance,AAVE/USDT:USDT,295.79,19.4,295.78,33.0,295.8,3.7,295.81,2.0
1753617263497,11:54:23.497,binance,AAVE/USDT:USDT,295.79,19.5,295.78,33.1,295.8,3.7,295.81,2.0
1753617263602,11:54:23.602,binance,AAVE/USDT:USDT,295.79,19.8,295.78,33.1,295.8,3.7,295.81,2.0
1753617263900,11:54:23.900,binance,AAVE/USDT:USDT,295.79,19.8,295.78,33.0,295.8,3.7,295.81,2.0
1753617264003,11:54:24.003,binance,AAVE/USDT:USDT,295.79,17.2,295.78,27.4,295.8,11.5,295.81,2.0
1753617264109,11:54:24.109,binance,AAVE/USDT:USDT,295.79,17.2,295.78,27.4,295.8,21.3,295.81,11.7
1753617264218,11:54:24.218,binance,AAVE/USDT:USDT,295.79,17.2,295.78,27.4,295.8,20.7,295.81,11.7
1753617264352,11:54:24.352,binance,AAVE/USDT:USDT,295.79,17.2,295.78,27.4,295.8,20.7,295.81,11.6
1753617264458,11:54:24.458,binance,AAVE/USDT:USDT,295.79,17.2,295.78,27.4,295.8,20.7,295.81,7.0
1753617264561,11:54:24.561,binance,AAVE/USDT:USDT,295.79,17.2,295.78,27.4,295.8,20.7,295.81,7.0
1753617264712,11:54:24.712,binance,AAVE/USDT:USDT,295.79,17.2,295.78,17.4,295.8,20.7,295.81,7.0
1753617264815,11:54:24.815,binance,AAVE/USDT:USDT,295.79,17.2,295.78,17.4,295.8,20.7,295.81,7.0
1753617264924,11:54:24.924,binance,AAVE/USDT:USDT,295.79,17.2,295.78,17.4,295.8,20.7,295.81,7.0
1753617265029,11:54:25.029,binance,AAVE/USDT:USDT,295.79,17.2,295.78,17.4,295.8,20.7,295.81,7.0
1753617265131,11:54:25.131,binance,AAVE/USDT:USDT,295.79,17.2,295.78,17.4,295.8,20.7,295.81,16.6
1753617265261,11:54:25.261,binance,AAVE/USDT:USDT,295.79,17.2,295.78,17.4,295.8,20.7,295.81,16.6
1753617265365,11:54:25.365,binance,AAVE/USDT:USDT,295.79,17.2,295.78,17.4,295.8,20.7,295.81,16.6
1753617265488,11:54:25.488,binance,AAVE/USDT:USDT,295.79,17.2,295.78,18.0,295.8,24.1,295.81,5.1
1753617265590,11:54:25.590,binance,AAVE/USDT:USDT,295.79,17.2,295.78,18.0,295.8,24.1,295.81,5.1
1753617265693,11:54:25.693,binance,AAVE/USDT:USDT,295.79,17.2,295.78,18.0,295.8,16.9,295.81,5.1
1753617265795,11:54:25.795,binance,AAVE/USDT:USDT,295.79,17.2,295.78,18.0,295.8,17.8,295.81,5.1
1753617265986,11:54:25.986,binance,AAVE/USDT:USDT,295.79,17.2,295.78,18.0,295.8,17.8,295.81,0.1
1753617266206,11:54:26.206,binance,AAVE/USDT:USDT,295.79,17.2,295.78,18.0,295.8,17.8,295.81,0.1
1753617266321,11:54:26.321,binance,AAVE/USDT:USDT,295.79,17.9,295.78,18.0,295.8,17.0,295.81,0.1
1753617266424,11:54:26.424,binance,AAVE/USDT:USDT,295.79,17.9,295.78,18.0,295.8,17.0,295.81,5.1
1753617266528,11:54:26.528,binance,AAVE/USDT:USDT,295.79,17.9,295.78,18.0,295.8,17.0,295.81,5.1
1753617266666,11:54:26.666,binance,AAVE/USDT:USDT,295.79,14.1,295.78,18.0,295.8,17.0,295.81,7.4
1753617266768,11:54:26.768,binance,AAVE/USDT:USDT,295.79,14.1,295.78,18.0,295.8,17.0,295.81,5.1
1753617266958,11:54:26.958,binance,AAVE/USDT:USDT,295.79,13.2,295.78,18.0,295.8,17.0,295.81,7.8
1753617267129,11:54:27.129,binance,AAVE/USDT:USDT,295.79,13.2,295.78,18.0,295.8,17.0,295.81,7.8
1753617267235,11:54:27.235,binance,AAVE/USDT:USDT,295.79,13.2,295.78,18.0,295.8,17.0,295.81,7.8
1753617267388,11:54:27.388,binance,AAVE/USDT:USDT,295.79,13.2,295.78,18.0,295.8,17.0,295.81,7.4
1753617267491,11:54:27.491,binance,AAVE/USDT:USDT,295.79,15.0,295.78,18.0,295.8,17.0,295.81,7.4
1753617267594,11:54:27.594,binance,AAVE/USDT:USDT,295.79,15.0,295.78,18.0,295.8,17.0,295.81,0.1
1753617267696,11:54:27.696,binance,AAVE/USDT:USDT,295.79,15.0,295.78,18.0,295.8,17.0,295.81,0.1
1753617267953,11:54:27.953,binance,AAVE/USDT:USDT,295.79,15.8,295.78,25.1,295.8,7.3,295.81,0.1
1753617268087,11:54:28.087,binance,AAVE/USDT:USDT,295.79,15.8,295.78,25.1,295.8,7.3,295.81,0.1
1753617268188,11:54:28.188,binance,AAVE/USDT:USDT,295.79,15.8,295.78,24.4,295.8,7.3,295.81,0.1
1753617268414,11:54:28.414,binance,AAVE/USDT:USDT,295.79,20.5,295.78,31.1,295.8,7.3,295.81,0.1
1753617268515,11:54:28.515,binance,AAVE/USDT:USDT,295.79,20.5,295.78,31.1,295.8,7.3,295.81,0.1
1753617268743,11:54:28.743,binance,AAVE/USDT:USDT,295.79,20.5,295.78,27.5,295.8,7.3,295.81,0.1
1753617268846,11:54:28.846,binance,AAVE/USDT:USDT,295.79,14.7,295.78,24.7,295.8,7.3,295.81,0.1
1753617268948,11:54:28.948,binance,AAVE/USDT:USDT,295.79,14.7,295.78,19.7,295.8,7.3,295.81,0.1
1753617269051,11:54:29.051,binance,AAVE/USDT:USDT,295.79,14.7,295.78,19.7,295.8,7.6,295.81,10.5
1753617269155,11:54:29.155,binance,AAVE/USDT:USDT,295.79,13.1,295.78,19.7,295.8,7.6,295.81,0.1
1753617269257,11:54:29.257,binance,AAVE/USDT:USDT,295.79,15.7,295.78,19.7,295.8,7.7,295.81,0.1
1753617269358,11:54:29.358,binance,AAVE/USDT:USDT,295.79,14.9,295.78,19.7,295.8,7.7,295.81,5.1
1753617269461,11:54:29.461,binance,AAVE/USDT:USDT,295.79,14.9,295.78,19.7,295.8,7.7,295.81,5.1
1753617269659,11:54:29.659,binance,AAVE/USDT:USDT,295.79,14.9,295.78,19.7,295.8,7.7,295.81,5.1
1753617269762,11:54:29.762,binance,AAVE/USDT:USDT,295.79,14.9,295.78,19.7,295.8,7.7,295.81,5.1
1753617269868,11:54:29.868,binance,AAVE/USDT:USDT,295.79,13.1,295.78,19.7,295.8,7.7,295.81,5.1
1753617269970,11:54:29.970,binance,AAVE/USDT:USDT,295.79,13.1,295.78,19.7,295.8,7.7,295.81,5.1
1753617270073,11:54:30.073,binance,AAVE/USDT:USDT,295.79,13.1,295.78,19.7,295.8,7.7,295.81,5.1
1753617270197,11:54:30.197,binance,AAVE/USDT:USDT,295.79,11.8,295.78,19.7,295.8,18.0,295.81,5.1
1753617270328,11:54:30.328,binance,AAVE/USDT:USDT,295.79,17.5,295.78,19.7,295.8,17.4,295.81,7.8
1753617270431,11:54:30.431,binance,AAVE/USDT:USDT,295.79,17.5,295.78,19.7,295.8,17.4,295.81,30.8
1753617270535,11:54:30.535,binance,AAVE/USDT:USDT,295.79,17.5,295.78,19.7,295.8,17.4,295.81,36.2
1753617270639,11:54:30.639,binance,AAVE/USDT:USDT,295.79,17.5,295.78,19.7,295.8,17.4,295.81,36.2
1753617270764,11:54:30.764,binance,AAVE/USDT:USDT,295.79,17.5,295.78,19.7,295.8,17.4,295.81,27.3
1753617270869,11:54:30.869,binance,AAVE/USDT:USDT,295.79,17.5,295.78,19.7,295.8,17.6,295.81,13.2
1753617270972,11:54:30.972,binance,AAVE/USDT:USDT,295.79,17.5,295.78,19.7,295.8,17.6,295.81,13.2
1753617271077,11:54:31.077,binance,AAVE/USDT:USDT,295.79,17.5,295.78,19.7,295.8,17.6,295.81,13.2
1753617271188,11:54:31.188,binance,AAVE/USDT:USDT,295.79,17.5,295.78,19.7,295.8,17.6,295.81,13.2
1753617271381,11:54:31.381,binance,AAVE/USDT:USDT,295.79,17.5,295.78,19.7,295.8,17.6,295.81,13.2
1753617271483,11:54:31.483,binance,AAVE/USDT:USDT,295.79,17.5,295.78,19.7,295.8,17.6,295.81,13.2
1753617271585,11:54:31.585,binance,AAVE/USDT:USDT,295.79,17.5,295.78,19.7,295.8,17.6,295.81,13.2
1753617271708,11:54:31.708,binance,AAVE/USDT:USDT,295.79,17.5,295.78,19.7,295.8,17.6,295.81,13.2
1753617271991,11:54:31.991,binance,AAVE/USDT:USDT,295.79,17.5,295.78,19.7,295.8,17.6,295.81,8.2
1753617272093,11:54:32.093,binance,AAVE/USDT:USDT,295.79,17.5,295.78,19.7,295.8,17.6,295.81,8.2
1753617272209,11:54:32.209,binance,AAVE/USDT:USDT,295.79,17.5,295.78,19.7,295.8,17.6,295.81,2.8
1753617272313,11:54:32.313,binance,AAVE/USDT:USDT,295.79,17.5,295.78,19.7,295.8,17.6,295.81,0.1
1753617272417,11:54:32.417,binance,AAVE/USDT:USDT,295.79,17.5,295.78,19.7,295.8,17.6,295.81,0.1
1753617272520,11:54:32.520,binance,AAVE/USDT:USDT,295.79,17.5,295.78,19.7,295.8,17.6,295.81,0.8
1753617272628,11:54:32.628,binance,AAVE/USDT:USDT,295.79,17.5,295.78,19.7,295.8,17.6,295.81,0.1
1753617272769,11:54:32.769,binance,AAVE/USDT:USDT,295.79,17.5,295.78,19.7,295.8,17.6,295.81,0.1
1753617272884,11:54:32.884,binance,AAVE/USDT:USDT,295.79,17.5,295.78,19.7,295.8,16.7,295.81,0.1
1753617273059,11:54:33.059,binance,AAVE/USDT:USDT,295.79,17.5,295.78,19.7,295.8,16.7,295.81,0.1
1753617273163,11:54:33.163,binance,AAVE/USDT:USDT,295.79,17.5,295.78,19.7,295.8,16.7,295.81,0.1
1753617273266,11:54:33.266,binance,AAVE/USDT:USDT,295.79,17.5,295.78,19.7,295.8,16.7,295.81,5.1
1753617273368,11:54:33.368,binance,AAVE/USDT:USDT,295.79,17.5,295.78,19.7,295.8,16.7,295.81,17.0
1753617273470,11:54:33.470,binance,AAVE/USDT:USDT,295.79,17.3,295.78,12.4,295.8,16.7,295.81,19.3
1753617273581,11:54:33.581,binance,AAVE/USDT:USDT,295.79,17.3,295.78,12.4,295.8,16.7,295.81,28.2
1753617273796,11:54:33.796,binance,AAVE/USDT:USDT,295.79,17.3,295.78,12.4,295.8,15.7,295.81,28.2
1753617274008,11:54:34.008,binance,AAVE/USDT:USDT,295.79,17.3,295.78,12.4,295.8,15.7,295.81,5.1
1753617274217,11:54:34.217,binance,AAVE/USDT:USDT,295.79,17.3,295.78,12.4,295.8,15.7,295.81,5.1
1753617274322,11:54:34.322,binance,AAVE/USDT:USDT,295.79,17.3,295.78,12.4,295.8,15.7,295.81,19.4
1753617274428,11:54:34.428,binance,AAVE/USDT:USDT,295.79,17.3,295.78,12.4,295.8,15.7,295.81,28.3
1753617274551,11:54:34.551,binance,AAVE/USDT:USDT,295.79,16.8,295.78,12.4,295.8,15.4,295.81,28.3
1753617274654,11:54:34.654,binance,AAVE/USDT:USDT,295.79,17.0,295.78,12.4,295.8,16.0,295.81,28.3
1753617274781,11:54:34.781,binance,AAVE/USDT:USDT,295.79,17.0,295.78,12.4,295.8,16.0,295.81,30.8
1753617274893,11:54:34.893,binance,AAVE/USDT:USDT,295.79,17.0,295.78,12.4,295.8,16.0,295.81,30.8
1753617275012,11:54:35.012,binance,AAVE/USDT:USDT,295.79,17.0,295.78,12.4,295.8,16.0,295.81,30.8
1753617275115,11:54:35.115,binance,AAVE/USDT:USDT,295.79,17.0,295.78,12.4,295.8,16.0,295.81,30.8
1753617275336,11:54:35.336,binance,AAVE/USDT:USDT,295.79,17.0,295.78,12.4,295.8,16.0,295.81,0.1
1753617275439,11:54:35.439,binance,AAVE/USDT:USDT,295.79,17.0,295.78,12.4,295.8,16.1,295.81,2.8
1753617275542,11:54:35.542,binance,AAVE/USDT:USDT,295.79,17.0,295.78,12.4,295.8,16.1,295.81,14.0
1753617275658,11:54:35.658,binance,AAVE/USDT:USDT,295.79,17.0,295.78,12.4,295.8,16.1,295.81,14.0
1753617275767,11:54:35.767,binance,AAVE/USDT:USDT,295.79,16.8,295.78,12.4,295.8,16.1,295.81,14.0
1753617275881,11:54:35.881,binance,AAVE/USDT:USDT,295.79,16.8,295.78,12.4,295.8,16.1,295.81,14.0
1753617275996,11:54:35.996,binance,AAVE/USDT:USDT,295.79,16.8,295.78,12.4,295.8,16.1,295.81,5.1
1753617276099,11:54:36.099,binance,AAVE/USDT:USDT,295.79,16.8,295.78,12.4,295.8,16.1,295.81,2.8
1753617276203,11:54:36.203,binance,AAVE/USDT:USDT,295.79,16.8,295.78,12.4,295.8,16.1,295.81,2.8
1753617276314,11:54:36.314,binance,AAVE/USDT:USDT,295.79,16.8,295.78,12.4,295.8,15.9,295.81,2.8
1753617276417,11:54:36.417,binance,AAVE/USDT:USDT,295.79,16.8,295.78,12.4,295.8,15.9,295.81,2.8
1753617276520,11:54:36.520,binance,AAVE/USDT:USDT,295.79,16.8,295.78,12.4,295.8,15.9,295.81,2.8
1753617276631,11:54:36.631,binance,AAVE/USDT:USDT,295.79,16.8,295.78,12.4,295.8,15.9,295.81,2.8
1753617276755,11:54:36.755,binance,AAVE/USDT:USDT,295.79,16.8,295.78,12.4,295.8,15.9,295.81,12.4
1753617276857,11:54:36.857,binance,AAVE/USDT:USDT,295.79,16.8,295.78,12.4,295.8,15.9,295.81,23.6
1753617276966,11:54:36.966,binance,AAVE/USDT:USDT,295.79,16.8,295.78,12.4,295.8,15.9,295.81,23.6
1753617277115,11:54:37.115,binance,AAVE/USDT:USDT,295.79,16.8,295.78,12.4,295.8,15.9,295.81,14.7
1753617277218,11:54:37.218,binance,AAVE/USDT:USDT,295.79,16.8,295.78,12.4,295.8,15.9,295.81,14.0
1753617277459,11:54:37.459,binance,AAVE/USDT:USDT,295.79,16.8,295.78,12.4,295.8,15.9,295.81,2.8
1753617277580,11:54:37.580,binance,AAVE/USDT:USDT,295.79,16.8,295.78,12.4,295.8,15.9,295.81,3.5
1753617277682,11:54:37.682,binance,AAVE/USDT:USDT,295.79,16.8,295.78,12.4,295.8,15.9,295.81,26.1
1753617277792,11:54:37.792,binance,AAVE/USDT:USDT,295.79,16.8,295.78,12.4,295.8,15.9,295.81,26.1
1753617277893,11:54:37.893,binance,AAVE/USDT:USDT,295.79,16.8,295.78,12.4,295.8,15.9,295.81,26.1
1753617277998,11:54:37.998,binance,AAVE/USDT:USDT,295.79,16.8,295.78,12.4,295.8,15.9,295.81,26.1
1753617278099,11:54:38.099,binance,AAVE/USDT:USDT,295.79,16.8,295.78,12.4,295.8,15.9,295.81,18.6
1753617278202,11:54:38.202,binance,AAVE/USDT:USDT,295.79,14.0,295.78,12.4,295.8,22.3,295.81,28.8
1753617278305,11:54:38.305,binance,AAVE/USDT:USDT,295.78,12.4,295.77,4.5,295.79,46.8,295.8,57.0
1753617278409,11:54:38.409,binance,AAVE/USDT:USDT,295.78,12.5,295.77,4.5,295.79,46.9,295.8,38.4
1753617278512,11:54:38.512,binance,AAVE/USDT:USDT,295.78,12.5,295.77,4.5,295.79,42.5,295.8,29.5
1753617278638,11:54:38.638,binance,AAVE/USDT:USDT,295.78,12.5,295.77,4.5,295.79,42.5,295.8,29.5
1753617278879,11:54:38.879,binance,AAVE/USDT:USDT,295.78,12.5,295.77,4.5,295.79,47.3,295.8,38.2
1753617279005,11:54:39.005,binance,AAVE/USDT:USDT,295.78,12.5,295.77,4.5,295.79,47.3,295.8,38.2
1753617279213,11:54:39.213,binance,AAVE/USDT:USDT,295.78,14.3,295.77,4.5,295.79,24.6,295.8,15.7
1753617279314,11:54:39.314,binance,AAVE/USDT:USDT,295.78,15.7,295.77,5.2,295.79,3.0,295.8,15.7
1753617279421,11:54:39.421,binance,AAVE/USDT:USDT,295.78,13.5,295.77,4.5,295.79,11.3,295.8,15.2
1753617279527,11:54:39.527,binance,AAVE/USDT:USDT,295.78,13.5,295.77,4.5,295.79,11.3,295.8,15.2
1753617279631,11:54:39.631,binance,AAVE/USDT:USDT,295.78,12.3,295.77,4.5,295.79,11.3,295.8,15.2
1753617279734,11:54:39.734,binance,AAVE/USDT:USDT,295.78,12.3,295.77,4.5,295.79,11.3,295.8,15.2
1753617279849,11:54:39.849,binance,AAVE/USDT:USDT,295.78,12.3,295.77,4.5,295.79,11.3,295.8,15.2
1753617279971,11:54:39.971,binance,AAVE/USDT:USDT,295.78,12.3,295.77,4.5,295.79,11.3,295.8,15.2
1753617280074,11:54:40.074,binance,AAVE/USDT:USDT,295.78,12.3,295.77,4.5,295.79,15.0,295.8,17.5
1753617280176,11:54:40.176,binance,AAVE/USDT:USDT,295.78,8.9,295.77,4.5,295.79,13.3,295.8,18.2
1753617280296,11:54:40.296,binance,AAVE/USDT:USDT,295.78,15.6,295.77,4.5,295.79,11.5,295.8,15.2
1753617280399,11:54:40.399,binance,AAVE/USDT:USDT,295.78,15.6,295.77,4.5,295.79,11.6,295.8,15.2
