timestamp,time,exchange,symbol,bid1_price,bid1_volume,bid2_price,bid2_volume,ask1_price,ask1_volume,ask2_price,ask2_volume
1753617155143,11:52:35.143,blofin,1INCH/USDT:USDT,0.2865,17753.0,0.2862,56311.0,0.2867,531.0,0.2871,21938.0
1753617155643,11:52:35.643,blofin,1INCH/USDT:USDT,0.2865,17753.0,0.2862,56311.0,0.2867,535.0,0.2871,21938.0
1753617156144,11:52:36.144,blofin,1INCH/USDT:USDT,0.2865,17754.0,0.2861,84915.0,0.2867,535.0,0.2872,21061.0
1753617156848,11:52:36.848,blofin,1INCH/USDT:USDT,0.2865,17754.0,0.2863,3457.0,0.2867,534.0,0.2871,2875.0
1753617158146,11:52:38.146,blofin,1INCH/USDT:USDT,0.2865,17754.0,0.2864,56654.0,0.2867,1836.0,0.2868,3066.0
1753617158649,11:52:38.649,blofin,1INCH/USDT:USDT,0.2865,17754.0,0.2864,56654.0,0.2867,1838.0,0.2868,3066.0
1753617159149,11:52:39.149,blofin,1INCH/USDT:USDT,0.2865,17759.0,0.2861,55712.0,0.2867,531.0,0.2868,3066.0
1753617159850,11:52:39.850,blofin,1INCH/USDT:USDT,0.2865,17762.0,0.286,1063.0,0.2867,529.0,0.2868,3066.0
1753617160150,11:52:40.150,blofin,1INCH/USDT:USDT,0.2865,17761.0,0.286,1063.0,0.2867,529.0,0.2868,3066.0
1753617160851,11:52:40.851,blofin,1INCH/USDT:USDT,0.2865,17761.0,0.2863,103302.0,0.2867,1836.0,0.2868,3066.0
1753617162653,11:52:42.653,blofin,1INCH/USDT:USDT,0.2865,17758.0,0.2862,13673.0,0.2867,889.0,0.2868,3066.0
1753617163853,11:52:43.853,blofin,1INCH/USDT:USDT,0.2865,19068.0,0.2864,13663.0,0.2867,7.0,0.2869,2769.0
1753617164156,11:52:44.156,blofin,1INCH/USDT:USDT,0.2865,19068.0,0.2864,13663.0,0.2867,5.0,0.2869,2769.0
1753617165660,11:52:45.660,blofin,1INCH/USDT:USDT,0.2865,19070.0,0.286,110246.0,0.2867,6.0,0.2869,2769.0
1753617166162,11:52:46.162,blofin,1INCH/USDT:USDT,0.2865,19105.0,0.2862,47198.0,0.2867,6.0,0.2869,2769.0
1753617166855,11:52:46.855,blofin,1INCH/USDT:USDT,0.2865,19105.0,0.2864,18740.0,0.2867,6.0,0.2869,116021.0
1753617167164,11:52:47.164,blofin,1INCH/USDT:USDT,0.2865,19105.0,0.2864,18740.0,0.2867,6.0,0.2869,123729.0
1753617167856,11:52:47.856,blofin,1INCH/USDT:USDT,0.2865,19101.0,0.2864,18740.0,0.2867,5.0,0.2869,113252.0
1753617168664,11:52:48.664,blofin,1INCH/USDT:USDT,0.2865,19104.0,0.286,48623.0,0.2867,5.0,0.287,115332.0
1753617169167,11:52:49.167,blofin,1INCH/USDT:USDT,0.2865,19104.0,0.2861,97793.0,0.2867,7.0,0.287,112200.0
1753617169665,11:52:49.665,blofin,1INCH/USDT:USDT,0.2865,19105.0,0.2861,97793.0,0.2867,7.0,0.287,112200.0
1753617170168,11:52:50.168,blofin,1INCH/USDT:USDT,0.2865,22244.0,0.286,1194.0,0.2867,7.0,0.2871,127083.0
1753617170859,11:52:50.859,blofin,1INCH/USDT:USDT,0.2865,22244.0,0.2862,16647.0,0.2867,6.0,0.2868,23455.0
1753617171629,11:52:51.629,blofin,1INCH/USDT:USDT,0.2866,22234.0,0.2865,10.0,0.2867,7.0,0.2868,1.0
1753617172170,11:52:52.170,blofin,1INCH/USDT:USDT,0.2867,1.0,0.2866,4.0,0.2869,4058.0,0.287,29798.0
1753617172670,11:52:52.670,blofin,1INCH/USDT:USDT,0.2867,4.0,0.2865,104051.0,0.2869,4058.0,0.287,29798.0
1753617173171,11:52:53.171,blofin,1INCH/USDT:USDT,0.2867,180.0,0.2865,55909.0,0.2869,1759.0,0.287,108468.0
1753617173862,11:52:53.862,blofin,1INCH/USDT:USDT,0.2867,2092.0,0.2866,30763.0,0.2869,3238.0,0.287,65962.0
1753617174172,11:52:54.172,blofin,1INCH/USDT:USDT,0.2867,2092.0,0.2866,30763.0,0.2869,3238.0,0.287,65962.0
1753617175172,11:52:55.172,blofin,1INCH/USDT:USDT,0.2867,2094.0,0.2865,5.0,0.2869,3238.0,0.2871,60936.0
1753617175865,11:52:55.865,blofin,1INCH/USDT:USDT,0.2867,2094.0,0.2866,54994.0,0.2869,2956.0,0.2872,4215.0
1753617176175,11:52:56.175,blofin,1INCH/USDT:USDT,0.2867,2092.0,0.2866,54994.0,0.2869,2956.0,0.2872,4215.0
1753617176868,11:52:56.868,blofin,1INCH/USDT:USDT,0.2867,1922.0,0.2866,7128.0,0.2869,2956.0,0.2872,4215.0
1753617177677,11:52:57.677,blofin,1INCH/USDT:USDT,0.2867,1924.0,0.2866,7128.0,0.2869,2956.0,0.2872,4215.0
1753617178176,11:52:58.176,blofin,1INCH/USDT:USDT,0.2867,1927.0,0.2864,72684.0,0.2869,3327.0,0.2873,84210.0
1753617178868,11:52:58.868,blofin,1INCH/USDT:USDT,0.2867,1927.0,0.2864,105258.0,0.2869,3362.0,0.2873,82637.0
1753617179178,11:52:59.178,blofin,1INCH/USDT:USDT,0.2867,1927.0,0.2864,105258.0,0.2869,3360.0,0.2873,82637.0
1753617180179,11:53:00.179,blofin,1INCH/USDT:USDT,0.2867,1927.0,0.2865,9815.0,0.2869,3372.0,0.2872,113555.0
1753617180867,11:53:00.867,blofin,1INCH/USDT:USDT,0.2867,17203.0,0.2864,4977.0,0.2869,3293.0,0.2872,1335.0
1753617181182,11:53:01.182,blofin,1INCH/USDT:USDT,0.2867,17203.0,0.2864,4977.0,0.2869,3293.0,0.2872,1335.0
1753617181868,11:53:01.868,blofin,1INCH/USDT:USDT,0.2867,17202.0,0.2865,78592.0,0.2869,3293.0,0.2872,1335.0
1753617182684,11:53:02.684,blofin,1INCH/USDT:USDT,0.2867,17202.0,0.2865,78592.0,0.2869,3293.0,0.2872,1335.0
1753617183185,11:53:03.185,blofin,1INCH/USDT:USDT,0.2867,17199.0,0.2866,8956.0,0.2869,3157.0,0.287,101645.0
1753617183871,11:53:03.871,blofin,1INCH/USDT:USDT,0.2868,2068.0,0.2867,2.0,0.2869,6.0,0.287,2080.0
1753617184688,11:53:04.688,blofin,1INCH/USDT:USDT,0.2868,2068.0,0.2867,2.0,0.2869,5.0,0.287,2083.0
1753617185190,11:53:05.190,blofin,1INCH/USDT:USDT,0.2868,1187.0,0.2867,2.0,0.2869,5.0,0.287,3266.0
1753617185875,11:53:05.875,blofin,1INCH/USDT:USDT,0.2868,3963.0,0.2867,2.0,0.2869,5.0,0.287,2907.0
1753617186192,11:53:06.192,blofin,1INCH/USDT:USDT,0.2868,3963.0,0.2867,2.0,0.2869,5.0,0.287,2905.0
1753617187193,11:53:07.193,blofin,1INCH/USDT:USDT,0.2868,3780.0,0.2867,2.0,0.2869,5.0,0.287,2605.0
1753617187693,11:53:07.693,blofin,1INCH/USDT:USDT,0.2868,3779.0,0.2867,2.0,0.2869,5.0,0.287,2605.0
1753617187875,11:53:07.875,blofin,1INCH/USDT:USDT,0.2868,3780.0,0.2867,2.0,0.2869,5.0,0.287,2606.0
1753617188194,11:53:08.194,blofin,1INCH/USDT:USDT,0.2868,3325.0,0.2867,2.0,0.2869,5.0,0.287,3744.0
1753617188875,11:53:08.875,blofin,1INCH/USDT:USDT,0.2868,3325.0,0.2867,2.0,0.2869,5.0,0.287,2137.0
1753617189695,11:53:09.695,blofin,1INCH/USDT:USDT,0.2868,3325.0,0.2867,2.0,0.2869,5.0,0.287,2137.0
1753617189875,11:53:09.875,blofin,1INCH/USDT:USDT,0.2868,3325.0,0.2867,2.0,0.2869,5.0,0.287,4018.0
1753617190874,11:53:10.874,blofin,1INCH/USDT:USDT,0.2868,3325.0,0.2867,2.0,0.2869,5.0,0.287,4017.0
1753617191698,11:53:11.698,blofin,1INCH/USDT:USDT,0.2868,3324.0,0.2867,2.0,0.2869,5.0,0.287,4017.0
1753617192201,11:53:12.201,blofin,1INCH/USDT:USDT,0.2868,3324.0,0.2867,82232.0,0.2869,5.0,0.287,2871.0
1753617192700,11:53:12.700,blofin,1INCH/USDT:USDT,0.2868,3324.0,0.2867,82232.0,0.2869,5.0,0.287,2874.0
1753617193202,11:53:13.202,blofin,1INCH/USDT:USDT,0.2868,3327.0,0.2867,64714.0,0.2869,5.0,0.287,3233.0
1753617193878,11:53:13.878,blofin,1INCH/USDT:USDT,0.2868,3268.0,0.2867,2.0,0.2869,5.0,0.287,2876.0
1753617194205,11:53:14.205,blofin,1INCH/USDT:USDT,0.2868,3268.0,0.2867,2.0,0.2869,5.0,0.287,2876.0
1753617194880,11:53:14.880,blofin,1INCH/USDT:USDT,0.2868,3268.0,0.2867,2.0,0.2869,5.0,0.287,3230.0
1753617196205,11:53:16.205,blofin,1INCH/USDT:USDT,0.2868,5177.0,0.2867,2.0,0.2869,5.0,0.287,2378.0
1753617196880,11:53:16.880,blofin,1INCH/USDT:USDT,0.2868,5177.0,0.2867,87598.0,0.2869,5.0,0.287,2004.0
1753617197209,11:53:17.209,blofin,1INCH/USDT:USDT,0.2868,5177.0,0.2867,87598.0,0.2869,5.0,0.287,2006.0
1753617197882,11:53:17.882,blofin,1INCH/USDT:USDT,0.2868,5181.0,0.2867,87598.0,0.2869,5.0,0.287,2005.0
1753617198712,11:53:18.712,blofin,1INCH/USDT:USDT,0.2868,5181.0,0.2867,2.0,0.2869,5.0,0.287,2318.0
1753617198883,11:53:18.883,blofin,1INCH/USDT:USDT,0.2868,5181.0,0.2867,2.0,0.2869,5.0,0.287,1927.0
1753617199211,11:53:19.211,blofin,1INCH/USDT:USDT,0.2868,5181.0,0.2867,2.0,0.2869,5.0,0.287,1927.0
1753617200213,11:53:20.213,blofin,1INCH/USDT:USDT,0.2868,5180.0,0.2867,2.0,0.2869,5.0,0.287,546.0
1753617200714,11:53:20.714,blofin,1INCH/USDT:USDT,0.2868,5177.0,0.2867,2.0,0.2869,5.0,0.287,546.0
1753617201215,11:53:21.215,blofin,1INCH/USDT:USDT,0.2868,5177.0,0.2867,2.0,0.2869,5.0,0.287,5650.0
1753617201888,11:53:21.888,blofin,1INCH/USDT:USDT,0.2868,20366.0,0.2867,2.0,0.2869,5.0,0.287,548.0
1753617202218,11:53:22.218,blofin,1INCH/USDT:USDT,0.2868,20366.0,0.2867,2.0,0.2869,5.0,0.287,548.0
1753617203217,11:53:23.217,blofin,1INCH/USDT:USDT,0.2868,20405.0,0.2867,42956.0,0.2869,5.0,0.287,2425.0
1753617203889,11:53:23.889,blofin,1INCH/USDT:USDT,0.2868,20355.0,0.2867,2.0,0.2869,5.0,0.287,3157.0
1753617204217,11:53:24.217,blofin,1INCH/USDT:USDT,0.2868,20354.0,0.2867,2.0,0.2869,5.0,0.287,3157.0
1753617204889,11:53:24.889,blofin,1INCH/USDT:USDT,0.2868,20353.0,0.2867,2.0,0.2869,5.0,0.287,4330.0
1753617205220,11:53:25.220,blofin,1INCH/USDT:USDT,0.2868,20353.0,0.2867,2.0,0.2869,5.0,0.287,4330.0
1753617206221,11:53:26.221,blofin,1INCH/USDT:USDT,0.2868,20310.0,0.2867,2.0,0.2869,5.0,0.287,546.0
1753617206890,11:53:26.890,blofin,1INCH/USDT:USDT,0.2868,20670.0,0.2867,2.0,0.2869,5.0,0.287,546.0
1753617207228,11:53:27.228,blofin,1INCH/USDT:USDT,0.2868,20669.0,0.2867,2.0,0.2869,5.0,0.287,546.0
1753617208128,11:53:28.128,blofin,1INCH/USDT:USDT,0.2869,20703.0,0.2868,6.0,0.287,4.0,0.2871,545.0
1753617208798,11:53:28.798,blofin,1INCH/USDT:USDT,0.2868,11.0,0.2866,45661.0,0.287,1.0,0.2871,3881.0
1753617209388,11:53:29.388,blofin,1INCH/USDT:USDT,0.2869,22548.0,0.2868,10.0,0.287,1.0,0.2871,3881.0
1753617209897,11:53:29.897,blofin,1INCH/USDT:USDT,0.2868,22558.0,0.2866,62991.0,0.287,1.0,0.2871,3883.0
1753617210556,11:53:30.556,blofin,1INCH/USDT:USDT,0.2869,1.0,0.2868,742.0,0.287,1.0,0.2871,1474.0
1753617211224,11:53:31.224,blofin,1INCH/USDT:USDT,0.2869,23250.0,0.2868,6.0,0.287,1.0,0.2871,3728.0
1753617211719,11:53:31.719,blofin,1INCH/USDT:USDT,0.2868,7.0,0.2863,73471.0,0.287,1.0,0.2871,3913.0
1753617212231,11:53:32.231,blofin,1INCH/USDT:USDT,0.2869,1820.0,0.2868,5.0,0.287,1.0,0.2871,903.0
1753617212895,11:53:32.895,blofin,1INCH/USDT:USDT,0.2869,1822.0,0.2868,5.0,0.287,1.0,0.2871,904.0
1753617213230,11:53:33.230,blofin,1INCH/USDT:USDT,0.2869,885.0,0.2868,5.0,0.287,1.0,0.2871,1436.0
1753617213967,11:53:33.967,blofin,1INCH/USDT:USDT,0.2869,2.0,0.2868,6.0,0.287,1.0,0.2871,4466.0
1753617214558,11:53:34.558,blofin,1INCH/USDT:USDT,0.2869,1.0,0.2868,7.0,0.287,1.0,0.2871,1822.0
1753617214895,11:53:34.895,blofin,1INCH/USDT:USDT,0.2869,5.0,0.2868,5.0,0.287,1.0,0.2871,3728.0
1753617215733,11:53:35.733,blofin,1INCH/USDT:USDT,0.2869,5.0,0.2868,5.0,0.287,1.0,0.2871,3728.0
1753617216236,11:53:36.236,blofin,1INCH/USDT:USDT,0.2869,998.0,0.2868,5.0,0.287,1.0,0.2871,944.0
1753617216898,11:53:36.898,blofin,1INCH/USDT:USDT,0.2869,3.0,0.2868,5.0,0.287,1.0,0.2871,3238.0
1753617217899,11:53:37.899,blofin,1INCH/USDT:USDT,0.2869,2.0,0.2868,5.0,0.287,1.0,0.2871,3239.0
1753617218242,11:53:38.242,blofin,1INCH/USDT:USDT,0.2869,2.0,0.2868,5.0,0.287,1.0,0.2871,3664.0
1753617218901,11:53:38.901,blofin,1INCH/USDT:USDT,0.2869,3809.0,0.2868,5.0,0.287,1.0,0.2871,1026.0
1753617219740,11:53:39.740,blofin,1INCH/USDT:USDT,0.2869,3813.0,0.2868,5.0,0.287,1.0,0.2871,1027.0
1753617220243,11:53:40.243,blofin,1INCH/USDT:USDT,0.2869,3817.0,0.2868,5.0,0.287,1.0,0.2871,1339.0
1753617220899,11:53:40.899,blofin,1INCH/USDT:USDT,0.2869,4176.0,0.2868,5.0,0.287,1.0,0.2871,1339.0
1753617222243,11:53:42.243,blofin,1INCH/USDT:USDT,0.2869,3816.0,0.2868,5.0,0.287,1.0,0.2871,1335.0
1753617222955,11:53:42.955,blofin,1INCH/USDT:USDT,0.287,3812.0,0.2869,4.0,0.2871,4.0,0.2872,1074.0
1753617223243,11:53:43.243,blofin,1INCH/USDT:USDT,0.287,3812.0,0.2869,4.0,0.2872,1075.0,0.2873,66393.0
1753617223901,11:53:43.901,blofin,1INCH/USDT:USDT,0.287,716.0,0.2869,4.0,0.2872,2383.0,0.2876,148934.0
1753617224747,11:53:44.747,blofin,1INCH/USDT:USDT,0.287,719.0,0.2868,5.0,0.2872,2385.0,0.2876,148934.0
1753617225246,11:53:45.246,blofin,1INCH/USDT:USDT,0.287,1085.0,0.2868,5.0,0.2872,1203.0,0.2874,3074.0
1753617225901,11:53:45.901,blofin,1INCH/USDT:USDT,0.287,719.0,0.2868,17881.0,0.2872,1868.0,0.2874,112413.0
1753617226249,11:53:46.249,blofin,1INCH/USDT:USDT,0.287,721.0,0.2868,17881.0,0.2872,1868.0,0.2874,112413.0
1753617226902,11:53:46.902,blofin,1INCH/USDT:USDT,0.287,721.0,0.2868,5.0,0.2872,2426.0,0.2875,30529.0
1753617227751,11:53:47.751,blofin,1INCH/USDT:USDT,0.287,719.0,0.2868,5.0,0.2872,2426.0,0.2875,30529.0
1753617228251,11:53:48.251,blofin,1INCH/USDT:USDT,0.287,4387.0,0.2868,5.0,0.2872,1123.0,0.2873,67566.0
1753617228906,11:53:48.906,blofin,1INCH/USDT:USDT,0.287,2887.0,0.2869,41432.0,0.2872,1123.0,0.2874,37486.0
1753617229252,11:53:49.252,blofin,1INCH/USDT:USDT,0.287,2887.0,0.2869,41432.0,0.2872,1127.0,0.2874,37486.0
1753617229909,11:53:49.909,blofin,1INCH/USDT:USDT,0.287,4387.0,0.2869,92086.0,0.2872,1202.0,0.2875,87127.0
1753617230306,11:53:50.306,blofin,1INCH/USDT:USDT,0.287,4387.0,0.2868,5.0,0.2872,3.0,0.2873,1201.0
1753617230754,11:53:50.754,blofin,1INCH/USDT:USDT,0.2871,4391.0,0.2869,6091.0,0.2872,3.0,0.2873,1201.0
1753617231256,11:53:51.256,blofin,1INCH/USDT:USDT,0.2871,6.0,0.2868,28011.0,0.2873,3025.0,0.2876,58431.0
1753617231908,11:53:51.908,blofin,1INCH/USDT:USDT,0.2871,5.0,0.2869,42445.0,0.2873,4645.0,0.2876,5768.0
1753617232569,11:53:52.569,blofin,1INCH/USDT:USDT,0.2871,4.0,0.287,1.0,0.2872,8158.0,0.2873,1.0
1753617232757,11:53:52.757,blofin,1INCH/USDT:USDT,0.2871,4.0,0.287,1.0,0.2872,8161.0,0.2876,5768.0
1753617233258,11:53:53.258,blofin,1INCH/USDT:USDT,0.287,2507.0,0.2869,35897.0,0.2872,2182.0,0.2874,154317.0
1753617233909,11:53:53.909,blofin,1INCH/USDT:USDT,0.287,2245.0,0.2868,5.0,0.2872,2541.0,0.2873,4040.0
1753617234260,11:53:54.260,blofin,1INCH/USDT:USDT,0.287,2243.0,0.2868,5.0,0.2872,2541.0,0.2873,4040.0
1753617234911,11:53:54.911,blofin,1INCH/USDT:USDT,0.287,2244.0,0.2868,85975.0,0.2872,4044.0,0.2874,88005.0
1753617235261,11:53:55.261,blofin,1INCH/USDT:USDT,0.287,2246.0,0.2868,85975.0,0.2872,4044.0,0.2874,88005.0
1753617235911,11:53:55.911,blofin,1INCH/USDT:USDT,0.287,17514.0,0.2868,11565.0,0.2872,5393.0,0.2875,98324.0
1753617236763,11:53:56.763,blofin,1INCH/USDT:USDT,0.287,17514.0,0.2868,11565.0,0.2872,5393.0,0.2875,98324.0
1753617237264,11:53:57.264,blofin,1INCH/USDT:USDT,0.287,17515.0,0.2869,65514.0,0.2872,5393.0,0.2876,5768.0
1753617237928,11:53:57.928,blofin,1INCH/USDT:USDT,0.287,17518.0,0.2869,65514.0,0.2872,5393.0,0.2877,116937.0
1753617238267,11:53:58.267,blofin,1INCH/USDT:USDT,0.287,17518.0,0.2868,5702.0,0.2872,5393.0,0.2875,96909.0
1753617238917,11:53:58.917,blofin,1INCH/USDT:USDT,0.287,17518.0,0.2868,11675.0,0.2872,5411.0,0.2877,105786.0
1753617239770,11:53:59.770,blofin,1INCH/USDT:USDT,0.287,17516.0,0.2868,11675.0,0.2872,5411.0,0.2877,105786.0
1753617240270,11:54:00.270,blofin,1INCH/USDT:USDT,0.287,17461.0,0.2869,18348.0,0.2872,5411.0,0.2874,135872.0
1753617240915,11:54:00.915,blofin,1INCH/USDT:USDT,0.287,17461.0,0.2868,37283.0,0.2872,8652.0,0.2875,3231.0
1753617241310,11:54:01.310,blofin,1INCH/USDT:USDT,0.287,17461.0,0.2868,37283.0,0.2872,8652.0,0.2875,3231.0
1753617241915,11:54:01.915,blofin,1INCH/USDT:USDT,0.287,18338.0,0.2867,38402.0,0.2872,8679.0,0.2874,102042.0
1753617242774,11:54:02.774,blofin,1INCH/USDT:USDT,0.287,18342.0,0.2867,38402.0,0.2872,8682.0,0.2874,102042.0
1753617243274,11:54:03.274,blofin,1INCH/USDT:USDT,0.287,17984.0,0.2868,22216.0,0.2872,9709.0,0.2877,72325.0
1753617243915,11:54:03.915,blofin,1INCH/USDT:USDT,0.287,17984.0,0.2869,7235.0,0.2872,9709.0,0.2873,63722.0
1753617244277,11:54:04.277,blofin,1INCH/USDT:USDT,0.287,17984.0,0.2869,7235.0,0.2872,9709.0,0.2873,63722.0
1753617244917,11:54:04.917,blofin,1INCH/USDT:USDT,0.287,17986.0,0.2866,54897.0,0.2872,9709.0,0.2875,79848.0
1753617245778,11:54:05.778,blofin,1INCH/USDT:USDT,0.287,17986.0,0.2866,54897.0,0.2872,9705.0,0.2875,79848.0
1753617246278,11:54:06.278,blofin,1INCH/USDT:USDT,0.287,18021.0,0.2866,48570.0,0.2872,9705.0,0.2877,88142.0
1753617246918,11:54:06.918,blofin,1INCH/USDT:USDT,0.287,17662.0,0.2868,76794.0,0.2872,9733.0,0.2873,71333.0
1753617247559,11:54:07.559,blofin,1INCH/USDT:USDT,0.2868,1386.0,0.2867,29574.0,0.287,5.0,0.2871,1.0
1753617248270,11:54:08.270,blofin,1INCH/USDT:USDT,0.2868,5.0,0.2867,1.0,0.287,10971.0,0.2871,3768.0
1753617248882,11:54:08.882,blofin,1INCH/USDT:USDT,0.2867,3272.0,0.2864,14961.0,0.287,2.0,0.2871,90479.0
1753617249282,11:54:09.282,blofin,1INCH/USDT:USDT,0.2867,3270.0,0.2863,90225.0,0.2869,1.0,0.287,1.0
1753617249885,11:54:09.885,blofin,1INCH/USDT:USDT,0.2867,1803.0,0.2865,8093.0,0.2869,3822.0,0.287,1.0
1753617250282,11:54:10.282,blofin,1INCH/USDT:USDT,0.2867,1802.0,0.2866,4205.0,0.2869,3822.0,0.287,1.0
1753617250922,11:54:10.922,blofin,1INCH/USDT:USDT,0.2867,1124.0,0.2866,51768.0,0.2869,821.0,0.287,77046.0
1753617251283,11:54:11.283,blofin,1INCH/USDT:USDT,0.2867,1124.0,0.2866,51768.0,0.2869,822.0,0.287,77045.0
1753617252296,11:54:12.296,blofin,1INCH/USDT:USDT,0.2867,1124.0,0.2863,127999.0,0.2869,1053.0,0.287,76047.0
1753617252785,11:54:12.785,blofin,1INCH/USDT:USDT,0.2867,1124.0,0.2863,127999.0,0.2869,1053.0,0.287,76047.0
1753617253287,11:54:13.287,blofin,1INCH/USDT:USDT,0.2867,1124.0,0.2865,21877.0,0.2869,1050.0,0.2872,4.0
1753617253922,11:54:13.922,blofin,1INCH/USDT:USDT,0.2867,1124.0,0.2863,59413.0,0.2869,1052.0,0.2871,17157.0
1753617254923,11:54:14.923,blofin,1INCH/USDT:USDT,0.2867,1124.0,0.2863,53911.0,0.2869,1052.0,0.287,82882.0
1753617255788,11:54:15.788,blofin,1INCH/USDT:USDT,0.2867,1124.0,0.2863,53911.0,0.2869,1050.0,0.287,82882.0
1753617256290,11:54:16.290,blofin,1INCH/USDT:USDT,0.2867,1122.0,0.2863,106762.0,0.2869,1054.0,0.2872,4.0
1753617256925,11:54:16.925,blofin,1INCH/USDT:USDT,0.2867,1122.0,0.2863,20731.0,0.2869,1055.0,0.2872,4.0
1753617257928,11:54:17.928,blofin,1INCH/USDT:USDT,0.2867,1123.0,0.2863,20731.0,0.2869,1054.0,0.2872,4.0
1753617258792,11:54:18.792,blofin,1INCH/USDT:USDT,0.2867,1123.0,0.2864,87425.0,0.2869,1055.0,0.2872,4.0
1753617259293,11:54:19.293,blofin,1INCH/USDT:USDT,0.2867,1123.0,0.2863,81859.0,0.2869,1056.0,0.287,62620.0
1753617259928,11:54:19.928,blofin,1INCH/USDT:USDT,0.2867,1128.0,0.2864,8795.0,0.2869,1056.0,0.2872,4.0
1753617260295,11:54:20.295,blofin,1INCH/USDT:USDT,0.2867,1128.0,0.2864,8795.0,0.2869,1056.0,0.2872,4.0
1753617260928,11:54:20.928,blofin,1INCH/USDT:USDT,0.2867,1128.0,0.2866,64355.0,0.2869,1056.0,0.2872,4.0
1753617262298,11:54:22.298,blofin,1INCH/USDT:USDT,0.2867,1127.0,0.2865,52209.0,0.2869,1093.0,0.2872,4.0
1753617262930,11:54:22.930,blofin,1INCH/USDT:USDT,0.2867,1126.0,0.2865,52209.0,0.2869,1090.0,0.2872,4.0
1753617263478,11:54:23.478,blofin,1INCH/USDT:USDT,0.2868,2081.0,0.2867,2.0,0.2869,2.0,0.287,1088.0
1753617263719,11:54:23.719,blofin,1INCH/USDT:USDT,0.2868,2081.0,0.2867,2.0,0.2871,1088.0,0.2872,4.0
1753617264235,11:54:24.235,blofin,1INCH/USDT:USDT,0.2868,738.0,0.2867,52052.0,0.2871,1.0,0.2872,4.0
1753617264749,11:54:24.749,blofin,1INCH/USDT:USDT,0.2868,741.0,0.2867,2.0,0.287,8036.0,0.2871,1.0
1753617265346,11:54:25.346,blofin,1INCH/USDT:USDT,0.2868,744.0,0.2864,26332.0,0.2871,4978.0,0.2872,4.0
1753617265931,11:54:25.931,blofin,1INCH/USDT:USDT,0.2868,743.0,0.2867,71067.0,0.287,829.0,0.2871,2.0
1753617266304,11:54:26.304,blofin,1INCH/USDT:USDT,0.2868,743.0,0.2867,71067.0,0.287,832.0,0.2872,4.0
1753617266934,11:54:26.934,blofin,1INCH/USDT:USDT,0.2868,742.0,0.2866,80582.0,0.287,1310.0,0.2871,50256.0
1753617267308,11:54:27.308,blofin,1INCH/USDT:USDT,0.2868,741.0,0.2866,80582.0,0.287,1310.0,0.2871,50256.0
1753617267946,11:54:27.946,blofin,1INCH/USDT:USDT,0.2868,743.0,0.2866,80582.0,0.287,1314.0,0.2871,50256.0
1753617268542,11:54:28.542,blofin,1INCH/USDT:USDT,0.2869,31894.0,0.2868,4.0,0.287,6.0,0.2871,6445.0
1753617269311,11:54:29.311,blofin,1INCH/USDT:USDT,0.2869,180.0,0.2868,2.0,0.287,2.0,0.2871,8507.0
1753617269934,11:54:29.934,blofin,1INCH/USDT:USDT,0.2869,725.0,0.2868,2.0,0.287,2.0,0.2871,8507.0
1753617270604,11:54:30.604,blofin,1INCH/USDT:USDT,0.2869,2.0,0.2868,725.0,0.287,2.0,0.2871,2098.0
1753617270935,11:54:30.935,blofin,1INCH/USDT:USDT,0.2869,2.0,0.2868,31537.0,0.287,1027.0,0.2871,3.0
1753617271815,11:54:31.815,blofin,1INCH/USDT:USDT,0.2869,2.0,0.2868,31537.0,0.287,1030.0,0.2873,114181.0
1753617272316,11:54:32.316,blofin,1INCH/USDT:USDT,0.2869,2.0,0.2868,30580.0,0.287,37.0,0.2872,62501.0
1753617272936,11:54:32.936,blofin,1INCH/USDT:USDT,0.2868,30581.0,0.2864,48246.0,0.287,36.0,0.2872,62501.0
1753617273319,11:54:33.319,blofin,1INCH/USDT:USDT,0.2868,30581.0,0.2865,31488.0,0.287,37.0,0.2873,71581.0
1753617273944,11:54:33.944,blofin,1INCH/USDT:USDT,0.2868,30581.0,0.2863,72856.0,0.287,48.0,0.2871,41577.0
1753617274319,11:54:34.319,blofin,1INCH/USDT:USDT,0.2868,30581.0,0.2863,72856.0,0.287,48.0,0.2871,41577.0
1753617274938,11:54:34.938,blofin,1INCH/USDT:USDT,0.2868,30581.0,0.2863,21111.0,0.287,451.0,0.2874,30767.0
1753617275321,11:54:35.321,blofin,1INCH/USDT:USDT,0.2868,30581.0,0.2863,21111.0,0.287,452.0,0.2874,30767.0
1753617276326,11:54:36.326,blofin,1INCH/USDT:USDT,0.2868,30581.0,0.2864,68550.0,0.287,54.0,0.2874,14363.0
1753617276825,11:54:36.825,blofin,1INCH/USDT:USDT,0.2868,30583.0,0.2864,68550.0,0.287,54.0,0.2874,14363.0
1753617277324,11:54:37.324,blofin,1INCH/USDT:USDT,0.2868,30583.0,0.2866,87126.0,0.287,50.0,0.2874,9494.0
1753617278327,11:54:38.327,blofin,1INCH/USDT:USDT,0.2868,30582.0,0.2867,32475.0,0.287,455.0,0.2874,128622.0
1753617278941,11:54:38.941,blofin,1INCH/USDT:USDT,0.2868,30582.0,0.2866,42441.0,0.287,1786.0,0.2871,16911.0
1753617279327,11:54:39.327,blofin,1INCH/USDT:USDT,0.2868,30582.0,0.2866,42441.0,0.287,1786.0,0.2871,16911.0
1753617280330,11:54:40.330,blofin,1INCH/USDT:USDT,0.2868,30402.0,0.2864,14647.0,0.287,1982.0,0.2871,124178.0
1753617280943,11:54:40.943,blofin,1INCH/USDT:USDT,0.2868,30402.0,0.2865,67095.0,0.287,2337.0,0.2873,42631.0
1753617281337,11:54:41.337,blofin,1INCH/USDT:USDT,0.2868,30402.0,0.2865,67095.0,0.287,2337.0,0.2873,42631.0
1753617281944,11:54:41.944,blofin,1INCH/USDT:USDT,0.2868,30402.0,0.2866,12187.0,0.287,2335.0,0.2874,9494.0
1753617282335,11:54:42.335,blofin,1INCH/USDT:USDT,0.2868,30402.0,0.2866,12187.0,0.287,2337.0,0.2874,9494.0
1753617282945,11:54:42.945,blofin,1INCH/USDT:USDT,0.2868,30401.0,0.2866,12187.0,0.287,2338.0,0.2874,9494.0
1753617283336,11:54:43.336,blofin,1INCH/USDT:USDT,0.2868,30401.0,0.2867,79716.0,0.287,2334.0,0.2873,100003.0
1753617284339,11:54:44.339,blofin,1INCH/USDT:USDT,0.2868,30399.0,0.2865,39223.0,0.287,1740.0,0.2873,109984.0
1753617284947,11:54:44.947,blofin,1INCH/USDT:USDT,0.2868,30402.0,0.2867,72755.0,0.287,1740.0,0.2873,34002.0
1753617285338,11:54:45.338,blofin,1INCH/USDT:USDT,0.2868,30401.0,0.2867,72755.0,0.287,1740.0,0.2873,34002.0
1753617285947,11:54:45.947,blofin,1INCH/USDT:USDT,0.2868,30401.0,0.2863,41374.0,0.287,788.0,0.2873,65562.0
1753617286340,11:54:46.340,blofin,1INCH/USDT:USDT,0.2868,30401.0,0.2863,41374.0,0.287,788.0,0.2873,65562.0
1753617286950,11:54:46.950,blofin,1INCH/USDT:USDT,0.2868,29846.0,0.2867,48906.0,0.287,2344.0,0.2872,3461.0
1753617287340,11:54:47.340,blofin,1INCH/USDT:USDT,0.2868,29846.0,0.2867,48906.0,0.287,2344.0,0.2872,3461.0
1753617287949,11:54:47.949,blofin,1INCH/USDT:USDT,0.2868,29846.0,0.2867,48906.0,0.287,2348.0,0.2872,3461.0
1753617288347,11:54:48.347,blofin,1INCH/USDT:USDT,0.2868,29846.0,0.2865,2437.0,0.287,3359.0,0.2874,67097.0
1753617288951,11:54:48.951,blofin,1INCH/USDT:USDT,0.2868,29846.0,0.2867,13498.0,0.287,3359.0,0.2874,94319.0
1753617289846,11:54:49.846,blofin,1INCH/USDT:USDT,0.2868,29847.0,0.2867,13498.0,0.287,3360.0,0.2874,94319.0
1753617290344,11:54:50.344,blofin,1INCH/USDT:USDT,0.2868,29845.0,0.2865,82430.0,0.287,1445.0,0.2873,106405.0
1753617290954,11:54:50.954,blofin,1INCH/USDT:USDT,0.2868,29847.0,0.2865,51601.0,0.287,1604.0,0.2874,9494.0
1753617291346,11:54:51.346,blofin,1INCH/USDT:USDT,0.2868,29845.0,0.2865,51601.0,0.287,1604.0,0.2874,9494.0
1753617291952,11:54:51.952,blofin,1INCH/USDT:USDT,0.2868,29847.0,0.2863,26798.0,0.287,1604.0,0.2874,9494.0
1753617292349,11:54:52.349,blofin,1INCH/USDT:USDT,0.2868,29847.0,0.2863,26798.0,0.287,1604.0,0.2874,9494.0
1753617292954,11:54:52.954,blofin,1INCH/USDT:USDT,0.2868,29845.0,0.2863,26798.0,0.287,1601.0,0.2874,9494.0
1753617293849,11:54:53.849,blofin,1INCH/USDT:USDT,0.2868,29843.0,0.2867,92478.0,0.287,1956.0,0.2872,5444.0
1753617294351,11:54:54.351,blofin,1INCH/USDT:USDT,0.2868,29843.0,0.2867,18619.0,0.287,2311.0,0.2872,51456.0
1753617294954,11:54:54.954,blofin,1INCH/USDT:USDT,0.2868,29847.0,0.2866,3542.0,0.287,2311.0,0.2872,41437.0
1753617295957,11:54:55.957,blofin,1INCH/USDT:USDT,0.2868,29846.0,0.2863,60290.0,0.287,3263.0,0.2872,42182.0
1753617296354,11:54:56.354,blofin,1INCH/USDT:USDT,0.2868,29846.0,0.2863,60290.0,0.287,3265.0,0.2872,42182.0
1753617296959,11:54:56.959,blofin,1INCH/USDT:USDT,0.2868,29844.0,0.2863,88346.0,0.287,3265.0,0.2872,95675.0
1753617297358,11:54:57.358,blofin,1INCH/USDT:USDT,0.2868,29843.0,0.2863,88346.0,0.287,3265.0,0.2872,95675.0
1753617297971,11:54:57.971,blofin,1INCH/USDT:USDT,0.2868,29844.0,0.2863,79536.0,0.287,3263.0,0.2872,95675.0
1753617298958,11:54:58.958,blofin,1INCH/USDT:USDT,0.2868,29846.0,0.2866,19371.0,0.287,4448.0,0.2871,64640.0
1753617299359,11:54:59.359,blofin,1INCH/USDT:USDT,0.2868,29848.0,0.2866,19371.0,0.287,4448.0,0.2871,64640.0
1753617299958,11:54:59.958,blofin,1INCH/USDT:USDT,0.2868,29845.0,0.2863,82951.0,0.287,4450.0,0.2871,7177.0
1753617300363,11:55:00.363,blofin,1INCH/USDT:USDT,0.2868,29844.0,0.2863,82951.0,0.287,4450.0,0.2871,7177.0
1753617300959,11:55:00.959,blofin,1INCH/USDT:USDT,0.2868,29845.0,0.2867,75443.0,0.287,5219.0,0.2871,7177.0
1753617301365,11:55:01.365,blofin,1INCH/USDT:USDT,0.2868,29845.0,0.2867,75443.0,0.287,5219.0,0.2871,1643.0
1753617301958,11:55:01.958,blofin,1INCH/USDT:USDT,0.2868,29845.0,0.2864,55797.0,0.287,4736.0,0.2871,1643.0
1753617302870,11:55:02.870,blofin,1INCH/USDT:USDT,0.2868,29849.0,0.2864,55797.0,0.287,4736.0,0.2871,1643.0
1753617303368,11:55:03.368,blofin,1INCH/USDT:USDT,0.2868,29847.0,0.2865,6186.0,0.287,4736.0,0.2871,95837.0
1753617303962,11:55:03.962,blofin,1INCH/USDT:USDT,0.2868,29847.0,0.2867,8299.0,0.287,5628.0,0.2873,14310.0
1753617304369,11:55:04.369,blofin,1INCH/USDT:USDT,0.2868,29847.0,0.2867,8299.0,0.287,5629.0,0.2873,14310.0
1753617305152,11:55:05.152,blofin,1INCH/USDT:USDT,0.2865,321.0,0.2862,56457.0,0.2868,5865.0,0.287,7.0
1753617305850,11:55:05.850,blofin,1INCH/USDT:USDT,0.2865,625.0,0.2861,10471.0,0.2868,1.0,0.287,7.0
1753617306413,11:55:06.413,blofin,1INCH/USDT:USDT,0.2865,623.0,0.2861,15592.0,0.2867,1.0,0.287,7.0
1753617306964,11:55:06.964,blofin,1INCH/USDT:USDT,0.2865,1342.0,0.2861,123879.0,0.2867,511.0,0.2869,80143.0
1753617307966,11:55:07.966,blofin,1INCH/USDT:USDT,0.2865,1375.0,0.2863,34728.0,0.2868,515.0,0.287,2.0
1753617308375,11:55:08.375,blofin,1INCH/USDT:USDT,0.2865,3115.0,0.2861,2608.0,0.2868,2945.0,0.287,2.0
1753617309377,11:55:09.377,blofin,1INCH/USDT:USDT,0.2865,3113.0,0.2864,58002.0,0.2868,2945.0,0.287,70332.0
1753617309877,11:55:09.877,blofin,1INCH/USDT:USDT,0.2865,3113.0,0.2864,58002.0,0.2868,2945.0,0.287,70332.0
1753617310378,11:55:10.378,blofin,1INCH/USDT:USDT,0.2865,3113.0,0.2861,12114.0,0.2868,2945.0,0.287,2.0
1753617310968,11:55:10.968,blofin,1INCH/USDT:USDT,0.2865,3452.0,0.2862,38240.0,0.2868,2945.0,0.287,2.0
1753617311968,11:55:11.968,blofin,1INCH/USDT:USDT,0.2865,894.0,0.2864,63043.0,0.2867,1529.0,0.2868,115993.0
1753617312382,11:55:12.382,blofin,1INCH/USDT:USDT,0.2865,894.0,0.2864,63043.0,0.2867,1532.0,0.2868,115990.0
1753617312968,11:55:12.968,blofin,1INCH/USDT:USDT,0.2865,895.0,0.2864,63043.0,0.2867,1533.0,0.2868,115990.0
1753617313881,11:55:13.881,blofin,1INCH/USDT:USDT,0.2865,863.0,0.286,44846.0,0.2867,1530.0,0.287,2.0
1753617314382,11:55:14.382,blofin,1INCH/USDT:USDT,0.2865,863.0,0.2863,33575.0,0.2867,1530.0,0.287,60206.0
1753617314969,11:55:14.969,blofin,1INCH/USDT:USDT,0.2865,859.0,0.2862,92643.0,0.2867,1530.0,0.287,2.0
1753617315384,11:55:15.384,blofin,1INCH/USDT:USDT,0.2865,863.0,0.2862,92643.0,0.2867,1530.0,0.287,2.0
1753617315969,11:55:15.969,blofin,1INCH/USDT:USDT,0.2865,243.0,0.2864,92914.0,0.2867,4311.0,0.287,2.0
1753617316385,11:55:16.385,blofin,1INCH/USDT:USDT,0.2865,241.0,0.2864,92914.0,0.2867,4311.0,0.287,2.0
1753617317386,11:55:17.386,blofin,1INCH/USDT:USDT,0.2865,241.0,0.2864,83815.0,0.2867,5220.0,0.2869,22808.0
1753617317971,11:55:17.971,blofin,1INCH/USDT:USDT,0.2865,243.0,0.2864,83815.0,0.2867,5221.0,0.2869,22808.0
1753617318387,11:55:18.387,blofin,1INCH/USDT:USDT,0.2865,523.0,0.286,115137.0,0.2867,5220.0,0.2869,26873.0
1753617318972,11:55:18.972,blofin,1INCH/USDT:USDT,0.2865,523.0,0.2861,32338.0,0.2867,6948.0,0.287,2.0
1753617319974,11:55:19.974,blofin,1INCH/USDT:USDT,0.2865,512.0,0.286,31370.0,0.2867,5225.0,0.2868,18722.0
1753617320972,11:55:20.972,blofin,1INCH/USDT:USDT,0.2863,2615.0,0.2859,33798.0,0.2866,3507.0,0.2867,5.0
1753617321402,11:55:21.402,blofin,1INCH/USDT:USDT,0.2863,2650.0,0.286,11451.0,0.2865,2596.0,0.2866,54715.0
1753617322393,11:55:22.393,blofin,1INCH/USDT:USDT,0.2863,2262.0,0.2862,95525.0,0.2865,2477.0,0.2867,5.0
1753617322974,11:55:22.974,blofin,1INCH/USDT:USDT,0.2863,2264.0,0.2862,95525.0,0.2865,2480.0,0.2869,90462.0
1753617323394,11:55:23.394,blofin,1INCH/USDT:USDT,0.2863,1089.0,0.2858,64198.0,0.2865,2480.0,0.287,14887.0
1753617323978,11:55:23.978,blofin,1INCH/USDT:USDT,0.2863,660.0,0.286,42278.0,0.2865,2535.0,0.2867,34090.0
1753617324395,11:55:24.395,blofin,1INCH/USDT:USDT,0.2863,660.0,0.2862,87171.0,0.2866,2537.0,0.287,2.0
1753617325395,11:55:25.395,blofin,1INCH/USDT:USDT,0.2864,188.0,0.2859,34790.0,0.2866,1317.0,0.287,56426.0
1753617325977,11:55:25.977,blofin,1INCH/USDT:USDT,0.2864,2.0,0.2863,2332.0,0.2866,3801.0,0.2867,17930.0
1753617326898,11:55:26.898,blofin,1INCH/USDT:USDT,0.2863,2337.0,0.286,32467.0,0.2866,3801.0,0.2867,17930.0
1753617327398,11:55:27.398,blofin,1INCH/USDT:USDT,0.2863,2372.0,0.2859,85857.0,0.2866,3801.0,0.2868,96872.0
1753617327993,11:55:27.993,blofin,1INCH/USDT:USDT,0.2863,2374.0,0.2859,85857.0,0.2866,3802.0,0.2867,11310.0
1753617328400,11:55:28.400,blofin,1INCH/USDT:USDT,0.2863,2356.0,0.2861,43979.0,0.2866,2892.0,0.2867,11310.0
1753617328980,11:55:28.980,blofin,1INCH/USDT:USDT,0.2863,2391.0,0.2861,19237.0,0.2866,3847.0,0.2867,11310.0
1753617329411,11:55:29.411,blofin,1INCH/USDT:USDT,0.2863,2391.0,0.2861,19237.0,0.2866,3845.0,0.2867,11310.0
1753617330404,11:55:30.404,blofin,1INCH/USDT:USDT,0.2863,2357.0,0.2858,86101.0,0.2866,2936.0,0.2867,11310.0
1753617330982,11:55:30.982,blofin,1INCH/USDT:USDT,0.2863,62.0,0.2861,72794.0,0.2865,2642.0,0.2866,5.0
1753617331404,11:55:31.404,blofin,1INCH/USDT:USDT,0.2863,61.0,0.2861,72794.0,0.2865,2642.0,0.2866,5.0
1753617331981,11:55:31.981,blofin,1INCH/USDT:USDT,0.2863,534.0,0.2859,20200.0,0.2865,2462.0,0.2866,38033.0
1753617332405,11:55:32.405,blofin,1INCH/USDT:USDT,0.2863,533.0,0.2859,20200.0,0.2865,2462.0,0.2866,38033.0
1753617332983,11:55:32.983,blofin,1INCH/USDT:USDT,0.2863,537.0,0.2859,20200.0,0.2865,2466.0,0.2866,38033.0
1753617333407,11:55:33.407,blofin,1INCH/USDT:USDT,0.2863,1788.0,0.286,64028.0,0.2865,2466.0,0.2866,1.0
1753617333984,11:55:33.984,blofin,1INCH/USDT:USDT,0.2863,66.0,0.2861,25672.0,0.2865,4580.0,0.2866,1.0
1753617334987,11:55:34.987,blofin,1INCH/USDT:USDT,0.2863,62.0,0.286,12126.0,0.2865,4576.0,0.2866,1.0
1753617335986,11:55:35.986,blofin,1INCH/USDT:USDT,0.2863,872.0,0.2859,56112.0,0.2865,4576.0,0.2866,31076.0
1753617336411,11:55:36.411,blofin,1INCH/USDT:USDT,0.2863,872.0,0.2859,56112.0,0.2865,4576.0,0.2866,31076.0
1753617337411,11:55:37.411,blofin,1INCH/USDT:USDT,0.2863,526.0,0.2859,11065.0,0.2865,4576.0,0.2866,1.0
1753617337988,11:55:37.988,blofin,1INCH/USDT:USDT,0.2863,525.0,0.2859,11065.0,0.2865,4579.0,0.2866,1826.0
1753617338413,11:55:38.413,blofin,1INCH/USDT:USDT,0.2863,525.0,0.2859,82804.0,0.2865,4580.0,0.2866,1826.0
1753617338986,11:55:38.986,blofin,1INCH/USDT:USDT,0.2863,1218.0,0.286,48699.0,0.2865,4614.0,0.2866,1826.0
1753617339414,11:55:39.414,blofin,1INCH/USDT:USDT,0.2863,1218.0,0.286,48699.0,0.2865,4617.0,0.2866,1826.0
1753617339987,11:55:39.987,blofin,1INCH/USDT:USDT,0.2863,44.0,0.2859,29497.0,0.2865,4580.0,0.2866,1826.0
1753617341416,11:55:41.416,blofin,1INCH/USDT:USDT,0.2863,47.0,0.2859,64080.0,0.2865,4580.0,0.2866,1826.0
1753617341990,11:55:41.990,blofin,1INCH/USDT:USDT,0.2863,47.0,0.2859,110685.0,0.2865,6648.0,0.2866,1826.0
1753617342420,11:55:42.420,blofin,1INCH/USDT:USDT,0.2863,44.0,0.2859,110685.0,0.2865,6648.0,0.2866,1826.0
1753617343421,11:55:43.421,blofin,1INCH/USDT:USDT,0.2863,46.0,0.2861,73265.0,0.2865,5828.0,0.2866,10357.0
1753617343989,11:55:43.989,blofin,1INCH/USDT:USDT,0.2863,46.0,0.286,65822.0,0.2865,4942.0,0.2866,1.0
1753617344423,11:55:44.423,blofin,1INCH/USDT:USDT,0.2863,44.0,0.286,65822.0,0.2865,4942.0,0.2866,1.0
1753617344997,11:55:44.997,blofin,1INCH/USDT:USDT,0.2863,853.0,0.2861,32474.0,0.2865,2661.0,0.2866,1276.0
1753617345429,11:55:45.429,blofin,1INCH/USDT:USDT,0.2863,856.0,0.2861,32474.0,0.2865,2661.0,0.2866,1276.0
1753617345990,11:55:45.990,blofin,1INCH/USDT:USDT,0.2863,341.0,0.286,59996.0,0.2865,2802.0,0.2866,1276.0
1753617346426,11:55:46.426,blofin,1INCH/USDT:USDT,0.2863,341.0,0.286,59996.0,0.2865,2802.0,0.2866,1276.0
1753617346992,11:55:46.992,blofin,1INCH/USDT:USDT,0.2863,1768.0,0.2862,91740.0,0.2865,2629.0,0.2866,30810.0
1753617347797,11:55:47.797,blofin,1INCH/USDT:USDT,0.2863,1768.0,0.2862,99658.0,0.2865,1.0,0.2866,3902.0
1753617348429,11:55:48.429,blofin,1INCH/USDT:USDT,0.2864,2125.0,0.2863,2.0,0.2866,969.0,0.2867,11310.0
1753617348992,11:55:48.992,blofin,1INCH/USDT:USDT,0.2864,941.0,0.2863,2.0,0.2866,1988.0,0.2867,63357.0
1753617349635,11:55:49.635,blofin,1INCH/USDT:USDT,0.2864,4.0,0.2863,939.0,0.2866,1988.0,0.2867,11310.0
1753617350298,11:55:50.298,blofin,1INCH/USDT:USDT,0.2864,5012.0,0.2863,2.0,0.2866,2515.0,0.2867,11310.0
1753617350884,11:55:50.884,blofin,1INCH/USDT:USDT,0.2864,5.0,0.2863,2.0,0.2866,2167.0,0.2867,11310.0
1753617352111,11:55:52.111,blofin,1INCH/USDT:USDT,0.2864,3671.0,0.2863,2.0,0.2866,3134.0,0.2867,11310.0
1753617352516,11:55:52.516,blofin,1INCH/USDT:USDT,0.2863,8.0,0.2861,36149.0,0.2866,1479.0,0.2867,11310.0
1753617353275,11:55:53.275,blofin,1INCH/USDT:USDT,0.2864,4148.0,0.2863,51264.0,0.2866,1950.0,0.2867,11310.0
1753617354437,11:55:54.437,blofin,1INCH/USDT:USDT,0.2863,1977.0,0.286,51241.0,0.2865,146.0,0.2866,87215.0
1753617354997,11:55:54.997,blofin,1INCH/USDT:USDT,0.2864,1429.0,0.2863,6.0,0.2866,1408.0,0.2867,11310.0
1753617355438,11:55:55.438,blofin,1INCH/USDT:USDT,0.2864,1429.0,0.2863,6.0,0.2866,1408.0,0.2867,11310.0
1753617355996,11:55:55.996,blofin,1INCH/USDT:USDT,0.2864,688.0,0.2863,6.0,0.2866,1944.0,0.2867,11310.0
1753617356871,11:55:56.871,blofin,1INCH/USDT:USDT,0.2863,518.0,0.286,88262.0,0.2866,1950.0,0.2867,11310.0
1753617357506,11:55:57.506,blofin,1INCH/USDT:USDT,0.2864,1.0,0.2863,4364.0,0.2866,1609.0,0.2867,11310.0
1753617358011,11:55:58.011,blofin,1INCH/USDT:USDT,0.2864,4369.0,0.2863,57221.0,0.2866,1613.0,0.287,5120.0
1753617358444,11:55:58.444,blofin,1INCH/USDT:USDT,0.2864,472.0,0.286,22850.0,0.2866,1611.0,0.2868,39276.0
1753617359325,11:55:59.325,blofin,1INCH/USDT:USDT,0.2864,3.0,0.2863,5012.0,0.2866,2606.0,0.2867,42397.0
1753617359898,11:55:59.898,blofin,1INCH/USDT:USDT,0.2864,5014.0,0.2863,40484.0,0.2866,2606.0,0.2867,22674.0
1753617360446,11:56:00.446,blofin,1INCH/USDT:USDT,0.2865,492.0,0.2864,2.0,0.2866,5.0,0.2867,1073.0
1753617360999,11:56:00.999,blofin,1INCH/USDT:USDT,0.2865,710.0,0.2864,2.0,0.2866,5.0,0.2867,1310.0
1753617361446,11:56:01.446,blofin,1INCH/USDT:USDT,0.2865,710.0,0.2864,2.0,0.2866,5.0,0.2867,1311.0
1753617362000,11:56:02.000,blofin,1INCH/USDT:USDT,0.2865,168.0,0.2864,2.0,0.2866,5.0,0.2867,1657.0
1753617363450,11:56:03.450,blofin,1INCH/USDT:USDT,0.2865,692.0,0.2864,2.0,0.2866,5.0,0.2867,1653.0
1753617364002,11:56:04.002,blofin,1INCH/USDT:USDT,0.2865,170.0,0.2864,2.0,0.2866,5.0,0.2867,2489.0
1753617364450,11:56:04.450,blofin,1INCH/USDT:USDT,0.2865,171.0,0.2864,2.0,0.2866,5.0,0.2867,2489.0
1753617365004,11:56:05.004,blofin,1INCH/USDT:USDT,0.2865,654.0,0.2864,2.0,0.2866,5.0,0.2867,2489.0
1753617365953,11:56:05.953,blofin,1INCH/USDT:USDT,0.2865,654.0,0.2864,2.0,0.2866,5.0,0.2867,2492.0
1753617366454,11:56:06.454,blofin,1INCH/USDT:USDT,0.2865,171.0,0.2864,2.0,0.2866,5.0,0.2867,3918.0
1753617366956,11:56:06.956,blofin,1INCH/USDT:USDT,0.2865,171.0,0.2864,2.0,0.2866,5.0,0.2867,3918.0
1753617367456,11:56:07.456,blofin,1INCH/USDT:USDT,0.2865,665.0,0.2864,2.0,0.2866,5.0,0.2867,2668.0
1753617368012,11:56:08.012,blofin,1INCH/USDT:USDT,0.2865,171.0,0.2864,11641.0,0.2866,5.0,0.2867,3013.0
1753617368457,11:56:08.457,blofin,1INCH/USDT:USDT,0.2865,171.0,0.2864,11641.0,0.2866,5.0,0.2867,3013.0
1753617368959,11:56:08.959,blofin,1INCH/USDT:USDT,0.2865,170.0,0.2864,11641.0,0.2866,5.0,0.2867,3013.0
1753617369959,11:56:09.959,blofin,1INCH/USDT:USDT,0.2865,655.0,0.2864,2.0,0.2866,5.0,0.2867,2669.0
1753617370460,11:56:10.460,blofin,1INCH/USDT:USDT,0.2865,1173.0,0.2864,6438.0,0.2866,5.0,0.2867,2.0
1753617370962,11:56:10.962,blofin,1INCH/USDT:USDT,0.2865,1173.0,0.2864,6438.0,0.2866,5.0,0.2867,2.0
1753617371462,11:56:11.462,blofin,1INCH/USDT:USDT,0.2865,830.0,0.2864,2.0,0.2866,5.0,0.2867,1516.0
1753617371962,11:56:11.962,blofin,1INCH/USDT:USDT,0.2865,834.0,0.2864,2.0,0.2866,5.0,0.2867,1516.0
1753617372464,11:56:12.464,blofin,1INCH/USDT:USDT,0.2865,834.0,0.2864,26077.0,0.2866,5.0,0.2867,1739.0
1753617373016,11:56:13.016,blofin,1INCH/USDT:USDT,0.2865,834.0,0.2864,2.0,0.2866,5.0,0.2867,1740.0
1753617373965,11:56:13.965,blofin,1INCH/USDT:USDT,0.2865,834.0,0.2864,2.0,0.2866,5.0,0.2867,1741.0
1753617374468,11:56:14.468,blofin,1INCH/USDT:USDT,0.2865,834.0,0.2864,2.0,0.2866,5.0,0.2867,1994.0
1753617374968,11:56:14.968,blofin,1INCH/USDT:USDT,0.2865,834.0,0.2864,2.0,0.2866,5.0,0.2867,1994.0
1753617375467,11:56:15.467,blofin,1INCH/USDT:USDT,0.2865,834.0,0.2864,89520.0,0.2866,5.0,0.2867,1994.0
1753617376469,11:56:16.469,blofin,1INCH/USDT:USDT,0.2865,832.0,0.2864,2.0,0.2866,5.0,0.2867,1994.0
1753617376970,11:56:16.970,blofin,1INCH/USDT:USDT,0.2865,832.0,0.2864,2.0,0.2866,5.0,0.2867,1992.0
1753617377472,11:56:17.472,blofin,1INCH/USDT:USDT,0.2865,832.0,0.2864,2.0,0.2866,5.0,0.2867,1991.0
1753617378023,11:56:18.023,blofin,1INCH/USDT:USDT,0.2865,831.0,0.2864,2.0,0.2866,5.0,0.2867,1993.0
1753617378973,11:56:18.973,blofin,1INCH/USDT:USDT,0.2865,831.0,0.2864,2.0,0.2866,5.0,0.2867,2027.0
1753617379475,11:56:19.475,blofin,1INCH/USDT:USDT,0.2865,833.0,0.2864,2.0,0.2866,5.0,0.2867,2027.0
1753617379975,11:56:19.975,blofin,1INCH/USDT:USDT,0.2865,833.0,0.2864,2.0,0.2866,5.0,0.2867,2028.0
1753617380476,11:56:20.476,blofin,1INCH/USDT:USDT,0.2865,833.0,0.2864,2.0,0.2866,5.0,0.2867,2028.0
1753617380977,11:56:20.977,blofin,1INCH/USDT:USDT,0.2865,833.0,0.2864,2.0,0.2866,5.0,0.2867,2027.0
1753617381478,11:56:21.478,blofin,1INCH/USDT:USDT,0.2865,833.0,0.2864,2.0,0.2866,5.0,0.2867,2027.0
1753617382478,11:56:22.478,blofin,1INCH/USDT:USDT,0.2865,175.0,0.2864,2.0,0.2866,5.0,0.2867,3901.0
1753617382981,11:56:22.981,blofin,1INCH/USDT:USDT,0.2865,175.0,0.2864,2.0,0.2866,5.0,0.2867,3900.0
1753617383990,11:56:23.990,blofin,1INCH/USDT:USDT,0.2865,669.0,0.2864,2.0,0.2866,5.0,0.2867,2651.0
1753617384492,11:56:24.492,blofin,1INCH/USDT:USDT,0.2865,685.0,0.2864,2.0,0.2866,5.0,0.2867,2800.0
1753617384983,11:56:24.983,blofin,1INCH/USDT:USDT,0.2865,685.0,0.2864,2.0,0.2866,5.0,0.2867,2801.0
1753617385484,11:56:25.484,blofin,1INCH/USDT:USDT,0.2865,685.0,0.2864,2.0,0.2866,5.0,0.2867,3710.0
1753617386485,11:56:26.485,blofin,1INCH/USDT:USDT,0.2865,685.0,0.2864,2.0,0.2866,5.0,0.2867,3725.0
1753617386988,11:56:26.988,blofin,1INCH/USDT:USDT,0.2865,685.0,0.2864,2.0,0.2866,5.0,0.2867,3725.0
1753617387486,11:56:27.486,blofin,1INCH/USDT:USDT,0.2865,685.0,0.2864,2.0,0.2866,5.0,0.2867,5756.0
1753617388038,11:56:28.038,blofin,1INCH/USDT:USDT,0.2865,689.0,0.2861,18019.0,0.2867,6670.0,0.287,64758.0
1753617388488,11:56:28.488,blofin,1INCH/USDT:USDT,0.2865,693.0,0.2861,18019.0,0.2867,6669.0,0.287,64758.0
1753617388989,11:56:28.989,blofin,1INCH/USDT:USDT,0.2865,690.0,0.2861,18019.0,0.2867,6669.0,0.287,64758.0
1753617389992,11:56:29.992,blofin,1INCH/USDT:USDT,0.2865,691.0,0.286,86844.0,0.2867,6666.0,0.2871,6488.0
1753617390567,11:56:30.567,blofin,1INCH/USDT:USDT,0.2865,8.0,0.2864,684.0,0.2866,6691.0,0.2867,29726.0
1753617390993,11:56:30.993,blofin,1INCH/USDT:USDT,0.2865,8.0,0.2863,684.0,0.2866,6696.0,0.2867,5.0
1753617391493,11:56:31.493,blofin,1INCH/USDT:USDT,0.2863,2089.0,0.2862,60267.0,0.2865,4763.0,0.2866,6415.0
1753617391994,11:56:31.994,blofin,1INCH/USDT:USDT,0.2863,2089.0,0.2862,60267.0,0.2865,4763.0,0.2866,3131.0
1753617392996,11:56:32.996,blofin,1INCH/USDT:USDT,0.2863,636.0,0.2859,52007.0,0.2865,1428.0,0.2866,1859.0
1753617393497,11:56:33.497,blofin,1INCH/USDT:USDT,0.2863,60.0,0.286,70040.0,0.2865,3212.0,0.2867,25961.0
1753617393997,11:56:33.997,blofin,1INCH/USDT:USDT,0.2863,59.0,0.286,70040.0,0.2865,3212.0,0.2867,25961.0
1753617394497,11:56:34.497,blofin,1INCH/USDT:USDT,0.2863,59.0,0.2859,10999.0,0.2865,3209.0,0.2867,5.0
1753617394999,11:56:34.999,blofin,1INCH/USDT:USDT,0.2863,59.0,0.2859,10999.0,0.2865,3209.0,0.2867,5.0
1753617396000,11:56:36.000,blofin,1INCH/USDT:USDT,0.2863,59.0,0.2859,66063.0,0.2865,5424.0,0.2867,120207.0
1753617396504,11:56:36.504,blofin,1INCH/USDT:USDT,0.2863,59.0,0.2858,7777.0,0.2865,5421.0,0.2867,5.0
1753617397001,11:56:37.001,blofin,1INCH/USDT:USDT,0.2863,59.0,0.2858,7777.0,0.2865,5421.0,0.2867,5.0
1753617397504,11:56:37.504,blofin,1INCH/USDT:USDT,0.2863,527.0,0.286,33094.0,0.2865,4887.0,0.2867,5.0
1753617398005,11:56:38.005,blofin,1INCH/USDT:USDT,0.2863,527.0,0.286,33094.0,0.2865,4887.0,0.2867,5.0
1753617399006,11:56:39.006,blofin,1INCH/USDT:USDT,0.2863,61.0,0.2861,4680.0,0.2865,6024.0,0.2866,25943.0
1753617399506,11:56:39.506,blofin,1INCH/USDT:USDT,0.2863,61.0,0.2859,68147.0,0.2865,4889.0,0.2867,5.0
1753617400124,11:56:40.124,blofin,1INCH/USDT:USDT,0.2863,4.0,0.2862,57.0,0.2865,5876.0,0.2867,25984.0
1753617400508,11:56:40.508,blofin,1INCH/USDT:USDT,0.2863,4.0,0.2862,57.0,0.2864,5873.0,0.2865,3.0
1753617401009,11:56:41.009,blofin,1INCH/USDT:USDT,0.2862,59.0,0.2858,940.0,0.2864,5873.0,0.2865,3.0
1753617402009,11:56:42.009,blofin,1INCH/USDT:USDT,0.2862,939.0,0.2857,91225.0,0.2864,1528.0,0.2865,3.0
1753617402511,11:56:42.511,blofin,1INCH/USDT:USDT,0.2862,944.0,0.286,94956.0,0.2865,1531.0,0.2867,5.0
1753617403012,11:56:43.012,blofin,1INCH/USDT:USDT,0.2862,944.0,0.286,94956.0,0.2865,1531.0,0.2867,5.0
1753617403514,11:56:43.514,blofin,1INCH/USDT:USDT,0.2862,2780.0,0.2858,13615.0,0.2864,6164.0,0.2865,5.0
1753617404014,11:56:44.014,blofin,1INCH/USDT:USDT,0.2862,2780.0,0.2858,13615.0,0.2864,6164.0,0.2865,5.0
1753617404515,11:56:44.515,blofin,1INCH/USDT:USDT,0.2862,942.0,0.2859,49777.0,0.2864,1073.0,0.2865,5.0
1753617405514,11:56:45.514,blofin,1INCH/USDT:USDT,0.2862,942.0,0.2861,44457.0,0.2864,1077.0,0.2867,5.0
1753617406015,11:56:46.015,blofin,1INCH/USDT:USDT,0.2862,944.0,0.2861,44457.0,0.2864,1077.0,0.2867,5.0
1753617406515,11:56:46.515,blofin,1INCH/USDT:USDT,0.2862,944.0,0.286,27858.0,0.2864,1078.0,0.2867,61614.0
1753617407016,11:56:47.016,blofin,1INCH/USDT:USDT,0.2862,942.0,0.286,27858.0,0.2864,1078.0,0.2867,61614.0
1753617408018,11:56:48.018,blofin,1INCH/USDT:USDT,0.2862,942.0,0.2857,85243.0,0.2864,1078.0,0.2866,96407.0
1753617408518,11:56:48.518,blofin,1INCH/USDT:USDT,0.2862,944.0,0.2858,36949.0,0.2864,1077.0,0.2867,54093.0
1753617409019,11:56:49.019,blofin,1INCH/USDT:USDT,0.2862,945.0,0.2858,36949.0,0.2864,1077.0,0.2867,54093.0
1753617409521,11:56:49.521,blofin,1INCH/USDT:USDT,0.2862,949.0,0.2859,5386.0,0.2864,1075.0,0.2867,2144.0
1753617410022,11:56:50.022,blofin,1INCH/USDT:USDT,0.2862,949.0,0.2859,5386.0,0.2864,1075.0,0.2867,2144.0
1753617410521,11:56:50.521,blofin,1INCH/USDT:USDT,0.2862,949.0,0.2857,22926.0,0.2864,1075.0,0.2867,2144.0
1753617411021,11:56:51.021,blofin,1INCH/USDT:USDT,0.2862,949.0,0.2857,22926.0,0.2864,1075.0,0.2867,2144.0
1753617412023,11:56:52.023,blofin,1INCH/USDT:USDT,0.2862,947.0,0.2861,78465.0,0.2864,1075.0,0.2867,2144.0
1753617412523,11:56:52.523,blofin,1INCH/USDT:USDT,0.2862,945.0,0.2859,48548.0,0.2864,1075.0,0.2867,107100.0
1753617413024,11:56:53.024,blofin,1INCH/USDT:USDT,0.2862,945.0,0.2859,48548.0,0.2864,1075.0,0.2867,104961.0
1753617413525,11:56:53.525,blofin,1INCH/USDT:USDT,0.2862,947.0,0.286,23336.0,0.2864,1075.0,0.2867,557.0
1753617414527,11:56:54.527,blofin,1INCH/USDT:USDT,0.2862,764.0,0.286,79749.0,0.2864,1675.0,0.2867,557.0
1753617415529,11:56:55.529,blofin,1INCH/USDT:USDT,0.2862,239.0,0.2858,12967.0,0.2864,2764.0,0.2867,97314.0
1753617416030,11:56:56.030,blofin,1INCH/USDT:USDT,0.2862,239.0,0.2858,12967.0,0.2864,2765.0,0.2867,97314.0
1753617416529,11:56:56.529,blofin,1INCH/USDT:USDT,0.2862,734.0,0.2857,45712.0,0.2864,2767.0,0.2866,62940.0
1753617417030,11:56:57.030,blofin,1INCH/USDT:USDT,0.2862,733.0,0.2857,45712.0,0.2864,2767.0,0.2866,62940.0
1753617417534,11:56:57.534,blofin,1INCH/USDT:USDT,0.2862,733.0,0.2859,79109.0,0.2864,1856.0,0.2867,43315.0
1753617418031,11:56:58.031,blofin,1INCH/USDT:USDT,0.2862,733.0,0.2859,79109.0,0.2864,1858.0,0.2867,43315.0
1753617419033,11:56:59.033,blofin,1INCH/USDT:USDT,0.2862,737.0,0.2861,19846.0,0.2864,1859.0,0.2865,38099.0
1753617419533,11:56:59.533,blofin,1INCH/USDT:USDT,0.2862,737.0,0.2859,78701.0,0.2864,1675.0,0.2866,68487.0
1753617420036,11:57:00.036,blofin,1INCH/USDT:USDT,0.2862,735.0,0.2859,78701.0,0.2864,1675.0,0.2866,68487.0
1753617420535,11:57:00.535,blofin,1INCH/USDT:USDT,0.2862,735.0,0.2858,16260.0,0.2864,2460.0,0.2868,59012.0
1753617421538,11:57:01.538,blofin,1INCH/USDT:USDT,0.2862,729.0,0.2861,49605.0,0.2864,2031.0,0.2868,107929.0
1753617422039,11:57:02.039,blofin,1INCH/USDT:USDT,0.2862,729.0,0.2861,49605.0,0.2864,2031.0,0.2868,107929.0
1753617422539,11:57:02.539,blofin,1INCH/USDT:USDT,0.2862,1252.0,0.2858,1211.0,0.2864,2033.0,0.2865,20249.0
1753617423041,11:57:03.041,blofin,1INCH/USDT:USDT,0.2862,1249.0,0.2858,1211.0,0.2864,2033.0,0.2865,20249.0
1753617424041,11:57:04.041,blofin,1INCH/USDT:USDT,0.2862,2160.0,0.2861,19477.0,0.2864,2265.0,0.2866,2650.0
1753617424541,11:57:04.541,blofin,1INCH/USDT:USDT,0.2862,2160.0,0.2859,43851.0,0.2864,1676.0,0.2866,28835.0
1753617425043,11:57:05.043,blofin,1INCH/USDT:USDT,0.2862,2160.0,0.2859,43851.0,0.2864,1679.0,0.2866,28835.0
1753617425543,11:57:05.543,blofin,1INCH/USDT:USDT,0.2862,2160.0,0.2857,34284.0,0.2864,1682.0,0.2865,59039.0
1753617426045,11:57:06.045,blofin,1INCH/USDT:USDT,0.2862,2159.0,0.2857,34284.0,0.2864,1682.0,0.2865,59039.0
1753617427045,11:57:07.045,blofin,1INCH/USDT:USDT,0.2862,1250.0,0.2858,30390.0,0.2864,1682.0,0.2866,2650.0
1753617427547,11:57:07.547,blofin,1INCH/USDT:USDT,0.2862,2158.0,0.286,74105.0,0.2864,1682.0,0.2866,30825.0
1753617428050,11:57:08.050,blofin,1INCH/USDT:USDT,0.2862,2161.0,0.286,74105.0,0.2864,1683.0,0.2866,28175.0
1753617428546,11:57:08.546,blofin,1INCH/USDT:USDT,0.2862,952.0,0.2861,6164.0,0.2864,1683.0,0.2869,18724.0
1753617429048,11:57:09.048,blofin,1INCH/USDT:USDT,0.2862,952.0,0.2861,6164.0,0.2864,1683.0,0.2869,18724.0
1753617430049,11:57:10.049,blofin,1INCH/USDT:USDT,0.2862,954.0,0.2861,102999.0,0.2864,1680.0,0.2868,118226.0
1753617430550,11:57:10.550,blofin,1INCH/USDT:USDT,0.2862,948.0,0.286,6483.0,0.2864,1693.0,0.2868,38522.0
1753617431051,11:57:11.051,blofin,1INCH/USDT:USDT,0.2862,948.0,0.286,6483.0,0.2864,1695.0,0.2868,38522.0
1753617431553,11:57:11.553,blofin,1INCH/USDT:USDT,0.2862,946.0,0.286,92515.0,0.2864,1693.0,0.2866,56486.0
1753617432052,11:57:12.052,blofin,1INCH/USDT:USDT,0.2862,948.0,0.286,6483.0,0.2864,1725.0,0.2866,61966.0
1753617433053,11:57:13.053,blofin,1INCH/USDT:USDT,0.2862,947.0,0.2859,30825.0,0.2864,1729.0,0.2866,61966.0
1753617433536,11:57:13.536,blofin,1INCH/USDT:USDT,0.2862,3.0,0.2859,67663.0,0.2864,2265.0,0.2866,55055.0
1753617434052,11:57:14.052,blofin,1INCH/USDT:USDT,0.2862,349.0,0.2859,76553.0,0.2864,2265.0,0.2866,51355.0
1753617434561,11:57:14.561,blofin,1INCH/USDT:USDT,0.2862,349.0,0.2859,76553.0,0.2864,2264.0,0.2866,51355.0
1753617435054,11:57:15.054,blofin,1INCH/USDT:USDT,0.2862,1031.0,0.2858,23604.0,0.2864,1731.0,0.2867,105875.0
1753617436055,11:57:16.055,blofin,1INCH/USDT:USDT,0.2862,4.0,0.2861,4197.0,0.2864,2439.0,0.2865,4010.0
1753617436564,11:57:16.564,blofin,1INCH/USDT:USDT,0.2862,4.0,0.2861,4197.0,0.2864,2441.0,0.2865,4010.0
1753617437057,11:57:17.057,blofin,1INCH/USDT:USDT,0.2862,4.0,0.2861,2387.0,0.2864,3579.0,0.2868,10520.0
1753617438056,11:57:18.056,blofin,1INCH/USDT:USDT,0.2862,1.0,0.2861,2392.0,0.2864,3580.0,0.2868,10520.0
1753617438565,11:57:18.565,blofin,1INCH/USDT:USDT,0.2862,1.0,0.2861,3604.0,0.2864,3580.0,0.2865,54993.0
1753617439027,11:57:19.027,blofin,1INCH/USDT:USDT,0.2862,3638.0,0.2861,2.0,0.2864,3580.0,0.2867,98423.0
1753617440058,11:57:20.058,blofin,1INCH/USDT:USDT,0.2862,666.0,0.2861,75655.0,0.2864,1730.0,0.2869,57158.0
1753617440571,11:57:20.571,blofin,1INCH/USDT:USDT,0.2862,666.0,0.2861,75655.0,0.2864,1728.0,0.2869,57158.0
1753617441060,11:57:21.060,blofin,1INCH/USDT:USDT,0.2862,1917.0,0.2858,2022.0,0.2864,1730.0,0.2868,11497.0
1753617441571,11:57:21.571,blofin,1INCH/USDT:USDT,0.2862,1917.0,0.2858,2022.0,0.2864,1731.0,0.2868,11497.0
1753617442058,11:57:22.058,blofin,1INCH/USDT:USDT,0.2863,1911.0,0.2862,6.0,0.2864,7.0,0.2865,1711.0
1753617443063,11:57:23.063,blofin,1INCH/USDT:USDT,0.2863,1252.0,0.2862,1.0,0.2864,3.0,0.2865,1627.0
1753617443574,11:57:23.574,blofin,1INCH/USDT:USDT,0.2863,1916.0,0.2862,1.0,0.2864,3.0,0.2865,1584.0
1753617444061,11:57:24.061,blofin,1INCH/USDT:USDT,0.2863,1916.0,0.2862,1.0,0.2864,3.0,0.2865,1598.0
1753617445063,11:57:25.063,blofin,1INCH/USDT:USDT,0.2863,643.0,0.2862,47069.0,0.2864,3.0,0.2865,1600.0
1753617445654,11:57:25.654,blofin,1INCH/USDT:USDT,0.2863,2.0,0.2862,3.0,0.2864,3.0,0.2865,1618.0
1753617446062,11:57:26.062,blofin,1INCH/USDT:USDT,0.2863,2.0,0.2862,2633.0,0.2864,3.0,0.2865,3047.0
1753617446581,11:57:26.581,blofin,1INCH/USDT:USDT,0.2863,2.0,0.2862,2633.0,0.2864,3.0,0.2865,3045.0
1753617447349,11:57:27.349,blofin,1INCH/USDT:USDT,0.2863,2.0,0.2862,2633.0,0.2864,4054.0,0.2865,5.0
1753617448077,11:57:28.077,blofin,1INCH/USDT:USDT,0.2863,2.0,0.2862,2635.0,0.2864,4056.0,0.2865,5.0
1753617448583,11:57:28.583,blofin,1INCH/USDT:USDT,0.2862,703.0,0.2859,41957.0,0.2864,1562.0,0.2868,53458.0
1753617449068,11:57:29.068,blofin,1INCH/USDT:USDT,0.2862,703.0,0.2861,11489.0,0.2864,1562.0,0.2865,44316.0
1753617449585,11:57:29.585,blofin,1INCH/USDT:USDT,0.2862,703.0,0.2861,11489.0,0.2864,1560.0,0.2865,44316.0
1753617450586,11:57:30.586,blofin,1INCH/USDT:USDT,0.2862,703.0,0.2858,57610.0,0.2864,1561.0,0.2868,32663.0
1753617451067,11:57:31.067,blofin,1INCH/USDT:USDT,0.2862,703.0,0.2859,6525.0,0.2864,1561.0,0.2866,22311.0
1753617451587,11:57:31.587,blofin,1INCH/USDT:USDT,0.2862,700.0,0.2859,6525.0,0.2864,1562.0,0.2866,22311.0
1753617452067,11:57:32.067,blofin,1INCH/USDT:USDT,0.2862,700.0,0.286,2131.0,0.2864,1562.0,0.2865,101519.0
1753617453070,11:57:33.070,blofin,1INCH/USDT:USDT,0.2862,702.0,0.286,2131.0,0.2864,1558.0,0.2865,101519.0
1753617453590,11:57:33.590,blofin,1INCH/USDT:USDT,0.2862,702.0,0.2861,57806.0,0.2864,1591.0,0.2868,71018.0
1753617454071,11:57:34.071,blofin,1INCH/USDT:USDT,0.2862,704.0,0.2861,73571.0,0.2864,1591.0,0.2866,71930.0
1753617454592,11:57:34.592,blofin,1INCH/USDT:USDT,0.2862,702.0,0.2861,73571.0,0.2864,1593.0,0.2866,71930.0
1753617455592,11:57:35.592,blofin,1INCH/USDT:USDT,0.2862,702.0,0.2857,131046.0,0.2864,1592.0,0.2865,3090.0
1753617456071,11:57:36.071,blofin,1INCH/USDT:USDT,0.2862,702.0,0.2859,36564.0,0.2864,1592.0,0.2868,121164.0
1753617456594,11:57:36.594,blofin,1INCH/USDT:USDT,0.2862,706.0,0.2859,36564.0,0.2864,1594.0,0.2868,121164.0
1753617457072,11:57:37.072,blofin,1INCH/USDT:USDT,0.2862,540.0,0.2857,46117.0,0.2864,2113.0,0.2866,25890.0
1753617458073,11:57:38.073,blofin,1INCH/USDT:USDT,0.2862,539.0,0.2857,46117.0,0.2864,2113.0,0.2866,25890.0
1753617458598,11:57:38.598,blofin,1INCH/USDT:USDT,0.2862,45.0,0.286,85487.0,0.2864,3022.0,0.2866,3031.0
1753617459072,11:57:39.072,blofin,1INCH/USDT:USDT,0.2862,517.0,0.286,66520.0,0.2864,3022.0,0.2867,12959.0
1753617459600,11:57:39.600,blofin,1INCH/USDT:USDT,0.2862,517.0,0.286,66520.0,0.2864,3023.0,0.2867,12959.0
1753617460074,11:57:40.074,blofin,1INCH/USDT:USDT,0.2862,47.0,0.2858,66819.0,0.2864,3023.0,0.2868,15638.0
1753617461074,11:57:41.074,blofin,1INCH/USDT:USDT,0.2862,689.0,0.286,43120.0,0.2864,1062.0,0.2867,42527.0
1753617461603,11:57:41.603,blofin,1INCH/USDT:USDT,0.2862,690.0,0.286,43120.0,0.2864,1062.0,0.2867,42527.0
1753617462074,11:57:42.074,blofin,1INCH/USDT:USDT,0.2862,2632.0,0.2859,102334.0,0.2864,45.0,0.2866,88532.0
1753617462603,11:57:42.603,blofin,1INCH/USDT:USDT,0.2863,2625.0,0.2862,7.0,0.2864,7.0,0.2865,35.0
1753617463606,11:57:43.606,blofin,1INCH/USDT:USDT,0.2863,644.0,0.2862,3.0,0.2864,5.0,0.2865,1665.0
1753617464607,11:57:44.607,blofin,1INCH/USDT:USDT,0.2863,2.0,0.2862,645.0,0.2864,1675.0,0.2865,63073.0
1753617465077,11:57:45.077,blofin,1INCH/USDT:USDT,0.2863,2.0,0.2862,744.0,0.2864,1538.0,0.2866,14227.0
1753617466067,11:57:46.067,blofin,1INCH/USDT:USDT,0.2862,348.0,0.286,38648.0,0.2864,9.0,0.2865,1666.0
1753617466659,11:57:46.659,blofin,1INCH/USDT:USDT,0.2863,1.0,0.2862,6.0,0.2864,5.0,0.2865,1667.0
1753617467348,11:57:47.348,blofin,1INCH/USDT:USDT,0.2863,1.0,0.2862,6.0,0.2864,5.0,0.2865,1848.0
1753617467945,11:57:47.945,blofin,1INCH/USDT:USDT,0.2862,2685.0,0.2858,79579.0,0.2864,5.0,0.2865,1857.0
1753617468462,11:57:48.462,blofin,1INCH/USDT:USDT,0.2863,5745.0,0.2862,15670.0,0.2864,5.0,0.2865,1857.0
1753617469097,11:57:49.097,blofin,1INCH/USDT:USDT,0.2863,5745.0,0.2862,3.0,0.2864,5.0,0.2865,1860.0
1753617469696,11:57:49.696,blofin,1INCH/USDT:USDT,0.2863,2.0,0.2862,4.0,0.2864,5.0,0.2865,1858.0
1753617470078,11:57:50.078,blofin,1INCH/USDT:USDT,0.2863,345.0,0.2862,3.0,0.2864,5.0,0.2865,1858.0
1753617470615,11:57:50.615,blofin,1INCH/USDT:USDT,0.2863,345.0,0.2862,3.0,0.2864,5.0,0.2865,1855.0
1753617471410,11:57:51.410,blofin,1INCH/USDT:USDT,0.2863,1.0,0.2862,6.0,0.2864,5.0,0.2865,1855.0
1753617471641,11:57:51.641,blofin,1INCH/USDT:USDT,0.2862,7.0,0.286,83240.0,0.2864,5.0,0.2865,1855.0
1753617472616,11:57:52.616,blofin,1INCH/USDT:USDT,0.2863,980.0,0.2862,3.0,0.2864,5.0,0.2865,1713.0
1753617473083,11:57:53.083,blofin,1INCH/USDT:USDT,0.2863,979.0,0.2862,3.0,0.2864,5.0,0.2865,1713.0
1753617473619,11:57:53.619,blofin,1INCH/USDT:USDT,0.2863,983.0,0.2862,3.0,0.2864,5.0,0.2865,1713.0
1753617474081,11:57:54.081,blofin,1INCH/USDT:USDT,0.2863,642.0,0.2862,3.0,0.2864,5.0,0.2865,1757.0
1753617474620,11:57:54.620,blofin,1INCH/USDT:USDT,0.2863,642.0,0.2862,3.0,0.2864,5.0,0.2865,1756.0
1753617476136,11:57:56.136,blofin,1INCH/USDT:USDT,0.2863,5.0,0.2862,3021.0,0.2864,1943.0,0.2865,1299.0
1753617476627,11:57:56.627,blofin,1INCH/USDT:USDT,0.2862,3022.0,0.2861,7774.0,0.2864,1943.0,0.2865,1299.0
1753617477082,11:57:57.082,blofin,1INCH/USDT:USDT,0.2862,710.0,0.2861,48896.0,0.2864,1059.0,0.2865,31806.0
1753617478096,11:57:58.096,blofin,1INCH/USDT:USDT,0.2862,708.0,0.2861,48896.0,0.2864,1056.0,0.2865,31806.0
1753617479087,11:57:59.087,blofin,1INCH/USDT:USDT,0.2863,650.0,0.2862,4.0,0.2864,3.0,0.2865,1728.0
1753617479626,11:57:59.626,blofin,1INCH/USDT:USDT,0.2863,650.0,0.2862,4.0,0.2864,2.0,0.2865,1731.0
1753617480084,11:58:00.084,blofin,1INCH/USDT:USDT,0.2863,185.0,0.2862,58824.0,0.2864,2.0,0.2865,1676.0
1753617480628,11:58:00.628,blofin,1INCH/USDT:USDT,0.2863,185.0,0.2862,58824.0,0.2864,2.0,0.2865,1675.0
1753617481086,11:58:01.086,blofin,1INCH/USDT:USDT,0.2863,679.0,0.2862,24696.0,0.2864,2.0,0.2865,1686.0
1753617482091,11:58:02.091,blofin,1INCH/USDT:USDT,0.2863,682.0,0.2862,1.0,0.2864,2.0,0.2865,1689.0
1753617482634,11:58:02.634,blofin,1INCH/USDT:USDT,0.2863,680.0,0.2862,1.0,0.2864,2.0,0.2865,1688.0
1753617483088,11:58:03.088,blofin,1INCH/USDT:USDT,0.2863,680.0,0.2862,1.0,0.2864,2.0,0.2865,1688.0
1753617483632,11:58:03.632,blofin,1INCH/USDT:USDT,0.2863,679.0,0.2862,1.0,0.2864,2.0,0.2865,1687.0
1753617484091,11:58:04.091,blofin,1INCH/USDT:USDT,0.2863,680.0,0.2862,1.0,0.2864,2.0,0.2865,1687.0
1753617485087,11:58:05.087,blofin,1INCH/USDT:USDT,0.2863,682.0,0.2862,24475.0,0.2864,2.0,0.2865,1689.0
1753617485650,11:58:05.650,blofin,1INCH/USDT:USDT,0.2863,682.0,0.2862,24475.0,0.2864,2.0,0.2865,1685.0
1753617486089,11:58:06.089,blofin,1INCH/USDT:USDT,0.2863,682.0,0.2862,68493.0,0.2864,2.0,0.2865,1685.0
1753617486638,11:58:06.638,blofin,1INCH/USDT:USDT,0.2863,683.0,0.2862,68493.0,0.2864,2.0,0.2865,1686.0
1753617487089,11:58:07.089,blofin,1INCH/USDT:USDT,0.2863,683.0,0.2862,63020.0,0.2864,2.0,0.2865,1686.0
1753617487638,11:58:07.638,blofin,1INCH/USDT:USDT,0.2863,683.0,0.2862,63020.0,0.2864,2.0,0.2865,1686.0
1753617488091,11:58:08.091,blofin,1INCH/USDT:USDT,0.2863,680.0,0.2862,63020.0,0.2864,2.0,0.2865,1687.0
1753617489091,11:58:09.091,blofin,1INCH/USDT:USDT,0.2863,1934.0,0.2862,1.0,0.2864,2.0,0.2865,1689.0
1753617489644,11:58:09.644,blofin,1INCH/USDT:USDT,0.2863,1934.0,0.2862,1.0,0.2864,2.0,0.2865,1685.0
1753617490143,11:58:10.143,blofin,1INCH/USDT:USDT,0.2863,1934.0,0.2862,1.0,0.2864,2.0,0.2865,625.0
1753617491145,11:58:11.145,blofin,1INCH/USDT:USDT,0.2863,684.0,0.2862,1.0,0.2864,2.0,0.2865,1640.0
1753617491647,11:58:11.647,blofin,1INCH/USDT:USDT,0.2863,684.0,0.2862,1.0,0.2864,2.0,0.2865,1640.0
1753617492148,11:58:12.148,blofin,1INCH/USDT:USDT,0.2863,1376.0,0.2862,1.0,0.2864,2.0,0.2865,713.0
1753617493095,11:58:13.095,blofin,1INCH/USDT:USDT,0.2863,1374.0,0.2862,1.0,0.2864,2.0,0.2865,713.0
1753617493648,11:58:13.648,blofin,1INCH/USDT:USDT,0.2863,1375.0,0.2862,12155.0,0.2864,2.0,0.2865,715.0
1753617494149,11:58:14.149,blofin,1INCH/USDT:USDT,0.2863,1375.0,0.2862,1.0,0.2864,2.0,0.2865,717.0
1753617494649,11:58:14.649,blofin,1INCH/USDT:USDT,0.2863,1375.0,0.2862,1.0,0.2864,2.0,0.2865,717.0
1753617495150,11:58:15.150,blofin,1INCH/USDT:USDT,0.2862,3105.0,0.2859,15782.0,0.2864,2.0,0.2865,2136.0
1753617496095,11:58:16.095,blofin,1INCH/USDT:USDT,0.2863,4.0,0.2862,67393.0,0.2864,2.0,0.2865,1795.0
1753617496651,11:58:16.651,blofin,1INCH/USDT:USDT,0.2863,4.0,0.2862,67393.0,0.2864,2.0,0.2865,1794.0
1753617497153,11:58:17.153,blofin,1INCH/USDT:USDT,0.2863,4.0,0.2862,1.0,0.2864,2.0,0.2865,2137.0
1753617497654,11:58:17.654,blofin,1INCH/USDT:USDT,0.2863,4.0,0.2862,1.0,0.2864,2.0,0.2865,2134.0
1753617498152,11:58:18.152,blofin,1INCH/USDT:USDT,0.2863,6.0,0.2862,1.0,0.2864,2.0,0.2865,2136.0
1753617498653,11:58:18.653,blofin,1INCH/USDT:USDT,0.2863,6.0,0.2862,1.0,0.2864,2.0,0.2865,2136.0
1753617499155,11:58:19.155,blofin,1INCH/USDT:USDT,0.2863,477.0,0.2862,39984.0,0.2864,2.0,0.2865,1861.0
1753617500155,11:58:20.155,blofin,1INCH/USDT:USDT,0.2863,7.0,0.2862,1.0,0.2864,2.0,0.2865,2206.0
1753617500657,11:58:20.657,blofin,1INCH/USDT:USDT,0.2863,7.0,0.2862,1.0,0.2864,2.0,0.2865,2206.0
1753617501451,11:58:21.451,blofin,1INCH/USDT:USDT,0.2863,5.0,0.2862,2.0,0.2864,4986.0,0.2865,1.0
1753617502101,11:58:22.101,blofin,1INCH/USDT:USDT,0.2863,5.0,0.2862,1347.0,0.2864,5.0,0.2868,9810.0
1753617502661,11:58:22.661,blofin,1INCH/USDT:USDT,0.2862,1352.0,0.2861,107088.0,0.2864,8.0,0.2868,9810.0
1753617503161,11:58:23.161,blofin,1INCH/USDT:USDT,0.2862,4.0,0.2858,13102.0,0.2864,2035.0,0.2866,107791.0
1753617503661,11:58:23.661,blofin,1INCH/USDT:USDT,0.2862,1.0,0.2861,3.0,0.2863,2938.0,0.2864,5.0
1753617504164,11:58:24.164,blofin,1INCH/USDT:USDT,0.2862,1.0,0.2861,775.0,0.2863,1520.0,0.2864,87838.0
1753617505663,11:58:25.663,blofin,1INCH/USDT:USDT,0.2862,1.0,0.2861,774.0,0.2863,1565.0,0.2864,928.0
1753617506165,11:58:26.165,blofin,1INCH/USDT:USDT,0.2862,1.0,0.2861,1470.0,0.2863,610.0,0.2864,2.0
1753617506664,11:58:26.664,blofin,1INCH/USDT:USDT,0.2862,1.0,0.2861,1470.0,0.2863,611.0,0.2864,2.0
1753617507165,11:58:27.165,blofin,1INCH/USDT:USDT,0.2862,1.0,0.2861,767.0,0.2863,1632.0,0.2864,2.0
1753617508120,11:58:28.120,blofin,1INCH/USDT:USDT,0.2861,769.0,0.2859,95733.0,0.2863,1635.0,0.2867,89158.0
1753617508668,11:58:28.668,blofin,1INCH/USDT:USDT,0.2861,730.0,0.2857,69683.0,0.2863,1639.0,0.2867,110118.0
1753617509172,11:58:29.172,blofin,1INCH/USDT:USDT,0.2861,733.0,0.2856,77575.0,0.2863,1639.0,0.2867,18622.0
1753617510106,11:58:30.106,blofin,1INCH/USDT:USDT,0.2861,2026.0,0.2858,50165.0,0.2863,1595.0,0.2867,25662.0
1753617510670,11:58:30.670,blofin,1INCH/USDT:USDT,0.2861,2024.0,0.2858,50165.0,0.2863,1594.0,0.2867,25662.0
1753617511171,11:58:31.171,blofin,1INCH/USDT:USDT,0.2861,2024.0,0.2859,22871.0,0.2863,1594.0,0.2866,19290.0
1753617511857,11:58:31.857,blofin,1INCH/USDT:USDT,0.2862,182.0,0.2861,5.0,0.2863,9.0,0.2864,7211.0
1753617512173,11:58:32.173,blofin,1INCH/USDT:USDT,0.2862,1435.0,0.2861,49931.0,0.2863,5.0,0.2864,329.0
1753617513173,11:58:33.173,blofin,1INCH/USDT:USDT,0.2862,1186.0,0.2861,85127.0,0.2863,5.0,0.2864,1281.0
1753617514176,11:58:34.176,blofin,1INCH/USDT:USDT,0.2862,732.0,0.2861,42720.0,0.2863,5.0,0.2864,1306.0
1753617515112,11:58:35.112,blofin,1INCH/USDT:USDT,0.2862,732.0,0.2861,27598.0,0.2863,5.0,0.2864,990.0
1753617516178,11:58:36.178,blofin,1INCH/USDT:USDT,0.2862,733.0,0.2861,30928.0,0.2863,5.0,0.2864,990.0
1753617516681,11:58:36.681,blofin,1INCH/USDT:USDT,0.2862,733.0,0.2861,30928.0,0.2863,5.0,0.2864,990.0
1753617517181,11:58:37.181,blofin,1INCH/USDT:USDT,0.2862,561.0,0.2861,2.0,0.2863,5.0,0.2864,2520.0
1753617518182,11:58:38.182,blofin,1INCH/USDT:USDT,0.2862,824.0,0.2861,2.0,0.2863,5.0,0.2864,1307.0
1753617518683,11:58:38.683,blofin,1INCH/USDT:USDT,0.2862,824.0,0.2861,2.0,0.2863,5.0,0.2864,1307.0
1753617519185,11:58:39.185,blofin,1INCH/USDT:USDT,0.2862,1854.0,0.2861,82951.0,0.2863,5.0,0.2864,2.0
1753617520187,11:58:40.187,blofin,1INCH/USDT:USDT,0.2862,1852.0,0.2861,2.0,0.2863,5.0,0.2864,280.0
1753617521117,11:58:41.117,blofin,1INCH/USDT:USDT,0.2862,2761.0,0.2861,2.0,0.2863,5.0,0.2864,280.0
1753617521186,11:58:41.186,blofin,1INCH/USDT:USDT,0.2862,2762.0,0.2861,2.0,0.2863,5.0,0.2864,280.0
1753617522189,11:58:42.189,blofin,1INCH/USDT:USDT,0.2862,819.0,0.2861,2.0,0.2863,5.0,0.2864,1254.0
1753617522688,11:58:42.688,blofin,1INCH/USDT:USDT,0.2862,819.0,0.2861,2.0,0.2863,5.0,0.2864,1253.0
1753617523188,11:58:43.188,blofin,1INCH/USDT:USDT,0.2862,821.0,0.2861,2.0,0.2863,5.0,0.2864,2458.0
1753617523690,11:58:43.690,blofin,1INCH/USDT:USDT,0.2862,821.0,0.2861,2.0,0.2863,5.0,0.2864,2461.0
1753617524191,11:58:44.191,blofin,1INCH/USDT:USDT,0.2862,856.0,0.2861,2.0,0.2863,5.0,0.2864,1256.0
1753617524692,11:58:44.692,blofin,1INCH/USDT:USDT,0.2862,855.0,0.2861,2.0,0.2863,5.0,0.2864,1256.0
1753617525193,11:58:45.193,blofin,1INCH/USDT:USDT,0.2862,855.0,0.2861,2.0,0.2863,5.0,0.2864,1257.0
1753617526194,11:58:46.194,blofin,1INCH/USDT:USDT,0.2862,2259.0,0.2861,2.0,0.2863,5.0,0.2864,1257.0
1753617526698,11:58:46.698,blofin,1INCH/USDT:USDT,0.2862,2259.0,0.2861,2.0,0.2863,5.0,0.2864,1259.0
1753617527196,11:58:47.196,blofin,1INCH/USDT:USDT,0.2862,2261.0,0.2861,2.0,0.2863,5.0,0.2864,983.0
1753617528198,11:58:48.198,blofin,1INCH/USDT:USDT,0.2862,2265.0,0.2861,37465.0,0.2863,5.0,0.2864,980.0
1753617528699,11:58:48.699,blofin,1INCH/USDT:USDT,0.2862,2261.0,0.2861,37465.0,0.2863,5.0,0.2864,980.0
1753617529199,11:58:49.199,blofin,1INCH/USDT:USDT,0.2862,2261.0,0.2861,92262.0,0.2863,5.0,0.2864,7.0
1753617530200,11:58:50.200,blofin,1INCH/USDT:USDT,0.2862,2261.0,0.2861,28777.0,0.2863,5.0,0.2864,285.0
1753617530701,11:58:50.701,blofin,1INCH/USDT:USDT,0.2862,2261.0,0.2861,28777.0,0.2863,5.0,0.2864,285.0
1753617531202,11:58:51.202,blofin,1INCH/USDT:USDT,0.2862,2261.0,0.2861,2.0,0.2863,5.0,0.2864,307.0
1753617531702,11:58:51.702,blofin,1INCH/USDT:USDT,0.2862,2261.0,0.2861,2.0,0.2863,5.0,0.2864,306.0
1753617532202,11:58:52.202,blofin,1INCH/USDT:USDT,0.2862,2261.0,0.2861,2.0,0.2863,5.0,0.2864,305.0
1753617533203,11:58:53.203,blofin,1INCH/USDT:USDT,0.2862,2261.0,0.2861,2.0,0.2863,5.0,0.2864,323.0
1753617534129,11:58:54.129,blofin,1INCH/USDT:USDT,0.2862,2263.0,0.2861,2.0,0.2863,5.0,0.2864,325.0
1753617534704,11:58:54.704,blofin,1INCH/USDT:USDT,0.2862,2263.0,0.2861,2.0,0.2863,5.0,0.2864,326.0
1753617535207,11:58:55.207,blofin,1INCH/USDT:USDT,0.2862,3863.0,0.2861,2.0,0.2863,5.0,0.2864,34.0
1753617535708,11:58:55.708,blofin,1INCH/USDT:USDT,0.2862,3863.0,0.2861,2.0,0.2863,5.0,0.2864,34.0
1753617536208,11:58:56.208,blofin,1INCH/USDT:USDT,0.2862,4863.0,0.2861,2.0,0.2863,5.0,0.2864,34.0
1753617537064,11:58:57.064,blofin,1INCH/USDT:USDT,0.2863,4861.0,0.2862,2.0,0.2864,3.0,0.2865,29.0
1753617537211,11:58:57.211,blofin,1INCH/USDT:USDT,0.2863,4864.0,0.2862,36369.0,0.2864,3.0,0.2865,29.0
1753617537713,11:58:57.713,blofin,1INCH/USDT:USDT,0.2863,4865.0,0.2862,36369.0,0.2864,3.0,0.2865,29.0
1753617538211,11:58:58.211,blofin,1INCH/USDT:USDT,0.2863,1437.0,0.286,91550.0,0.2865,1379.0,0.2867,58674.0
1753617539212,11:58:59.212,blofin,1INCH/USDT:USDT,0.2863,1973.0,0.286,15435.0,0.2865,455.0,0.2866,62678.0
1753617539713,11:58:59.713,blofin,1INCH/USDT:USDT,0.2863,1972.0,0.286,15435.0,0.2865,455.0,0.2866,62678.0
1753617540420,11:59:00.420,blofin,1INCH/USDT:USDT,0.2864,1966.0,0.2863,9.0,0.2865,8.0,0.2866,436.0
1753617541216,11:59:01.216,blofin,1INCH/USDT:USDT,0.2864,683.0,0.2863,83344.0,0.2865,8.0,0.2866,239.0
1753617541717,11:59:01.717,blofin,1INCH/USDT:USDT,0.2864,683.0,0.2863,83344.0,0.2865,5.0,0.2866,241.0
1753617542217,11:59:02.217,blofin,1INCH/USDT:USDT,0.2864,1039.0,0.2863,4291.0,0.2865,5.0,0.2866,1447.0
1753617543220,11:59:03.220,blofin,1INCH/USDT:USDT,0.2864,1409.0,0.2863,4.0,0.2865,5.0,0.2866,237.0
1753617544137,11:59:04.137,blofin,1INCH/USDT:USDT,0.2864,2317.0,0.2863,78649.0,0.2865,5.0,0.2866,237.0
1753617544721,11:59:04.721,blofin,1INCH/USDT:USDT,0.2864,2317.0,0.2863,78649.0,0.2865,5.0,0.2866,237.0
1753617545221,11:59:05.221,blofin,1INCH/USDT:USDT,0.2864,2324.0,0.2863,78041.0,0.2865,5.0,0.2866,1440.0
1753617545723,11:59:05.723,blofin,1INCH/USDT:USDT,0.2864,2324.0,0.2863,78041.0,0.2865,5.0,0.2866,1440.0
1753617546226,11:59:06.226,blofin,1INCH/USDT:USDT,0.2864,2339.0,0.2863,4.0,0.2865,5.0,0.2866,237.0
1753617546730,11:59:06.730,blofin,1INCH/USDT:USDT,0.2864,2339.0,0.2863,4.0,0.2865,5.0,0.2866,237.0
1753617547225,11:59:07.225,blofin,1INCH/USDT:USDT,0.2864,1426.0,0.2863,4.0,0.2865,5.0,0.2866,1436.0
1753617548139,11:59:08.139,blofin,1INCH/USDT:USDT,0.2864,1429.0,0.2863,4.0,0.2865,5.0,0.2866,1439.0
1753617548727,11:59:08.727,blofin,1INCH/USDT:USDT,0.2864,2338.0,0.2863,4.0,0.2865,5.0,0.2866,240.0
1753617549228,11:59:09.228,blofin,1INCH/USDT:USDT,0.2864,2336.0,0.2863,4.0,0.2865,5.0,0.2866,240.0
1753617549730,11:59:09.730,blofin,1INCH/USDT:USDT,0.2865,2333.0,0.2864,3.0,0.2867,238.0,0.2869,85634.0
1753617550230,11:59:10.230,blofin,1INCH/USDT:USDT,0.2865,3661.0,0.2863,4.0,0.2867,4.0,0.2871,105508.0
1753617551231,11:59:11.231,blofin,1INCH/USDT:USDT,0.2865,3661.0,0.2863,4.0,0.2867,6.0,0.2868,23480.0
1753617551732,11:59:11.732,blofin,1INCH/USDT:USDT,0.2865,3661.0,0.2863,4.0,0.2867,3.0,0.2868,23480.0
1753617552231,11:59:12.231,blofin,1INCH/USDT:USDT,0.2865,3899.0,0.2863,4.0,0.2867,3.0,0.2868,23550.0
1753617553234,11:59:13.234,blofin,1INCH/USDT:USDT,0.2865,3895.0,0.2863,4.0,0.2867,6.0,0.287,85368.0
1753617554136,11:59:14.136,blofin,1INCH/USDT:USDT,0.2866,4242.0,0.2865,4.0,0.2867,5.0,0.2868,1.0
1753617554737,11:59:14.737,blofin,1INCH/USDT:USDT,0.2866,1.0,0.2865,4.0,0.2868,1683.0,0.287,52314.0
1753617555238,11:59:15.238,blofin,1INCH/USDT:USDT,0.2866,98.0,0.2863,4.0,0.2868,1683.0,0.287,64942.0
1753617555739,11:59:15.739,blofin,1INCH/USDT:USDT,0.2866,100.0,0.2863,4.0,0.2868,1683.0,0.287,64942.0
1753617556242,11:59:16.242,blofin,1INCH/USDT:USDT,0.2866,105.0,0.2863,4.0,0.2868,1685.0,0.2871,60158.0
1753617556740,11:59:16.740,blofin,1INCH/USDT:USDT,0.2866,105.0,0.2863,4.0,0.2868,1681.0,0.2871,60158.0
1753617557242,11:59:17.242,blofin,1INCH/USDT:USDT,0.2866,631.0,0.2865,95553.0,0.2868,1505.0,0.2871,13778.0
1753617558199,11:59:18.199,blofin,1INCH/USDT:USDT,0.2867,5501.0,0.2863,22679.0,0.2869,723.0,0.2872,2281.0
1753617558743,11:59:18.743,blofin,1INCH/USDT:USDT,0.2866,3.0,0.2863,60679.0,0.2869,1651.0,0.2873,19196.0
1753617559406,11:59:19.406,blofin,1INCH/USDT:USDT,0.2866,343.0,0.2864,11423.0,0.2869,1669.0,0.2873,59518.0
1753617559743,11:59:19.743,blofin,1INCH/USDT:USDT,0.2866,3793.0,0.2863,4.0,0.2869,1669.0,0.2871,10698.0
1753617560245,11:59:20.245,blofin,1INCH/USDT:USDT,0.2866,3792.0,0.2865,76532.0,0.2869,1670.0,0.2871,102432.0
1753617561149,11:59:21.149,blofin,1INCH/USDT:USDT,0.2866,3792.0,0.2863,4.0,0.2869,1670.0,0.2873,19196.0
1753617562251,11:59:22.251,blofin,1INCH/USDT:USDT,0.2866,1713.0,0.2865,95298.0,0.2868,82.0,0.2869,82475.0
1753617562750,11:59:22.750,blofin,1INCH/USDT:USDT,0.2866,1713.0,0.2865,95298.0,0.2868,85.0,0.2869,82471.0
1753617563250,11:59:23.250,blofin,1INCH/USDT:USDT,0.2866,2053.0,0.2864,81364.0,0.2868,83.0,0.2871,3675.0
1753617563750,11:59:23.750,blofin,1INCH/USDT:USDT,0.2866,2052.0,0.2864,81364.0,0.2868,83.0,0.2871,3675.0
1753617564250,11:59:24.250,blofin,1INCH/USDT:USDT,0.2866,2030.0,0.2865,13001.0,0.2868,83.0,0.287,106283.0
1753617565153,11:59:25.153,blofin,1INCH/USDT:USDT,0.2866,2030.0,0.2863,4.0,0.2868,85.0,0.287,3388.0
1753617565751,11:59:25.751,blofin,1INCH/USDT:USDT,0.2866,2030.0,0.2863,4.0,0.2868,87.0,0.287,3388.0
1753617566253,11:59:26.253,blofin,1INCH/USDT:USDT,0.2866,2032.0,0.2863,100802.0,0.2868,168.0,0.2869,48919.0
1753617566754,11:59:26.754,blofin,1INCH/USDT:USDT,0.2866,2032.0,0.2863,100802.0,0.2868,168.0,0.2869,48919.0
1753617567256,11:59:27.256,blofin,1INCH/USDT:USDT,0.2866,780.0,0.2863,4.0,0.2868,1375.0,0.287,40234.0
1753617567756,11:59:27.756,blofin,1INCH/USDT:USDT,0.2866,780.0,0.2863,4.0,0.2868,1375.0,0.287,40234.0
1753617568256,11:59:28.256,blofin,1INCH/USDT:USDT,0.2866,780.0,0.2863,26510.0,0.2868,1374.0,0.2869,101792.0
1753617569153,11:59:29.153,blofin,1INCH/USDT:USDT,0.2866,3437.0,0.2862,21996.0,0.2868,170.0,0.287,1302.0
1753617569759,11:59:29.759,blofin,1INCH/USDT:USDT,0.2866,3440.0,0.2862,21996.0,0.2868,170.0,0.287,1302.0
1753617570260,11:59:30.260,blofin,1INCH/USDT:USDT,0.2866,1662.0,0.2863,88930.0,0.2868,1385.0,0.287,19645.0
1753617571264,11:59:31.264,blofin,1INCH/USDT:USDT,0.2866,2571.0,0.2863,42173.0,0.2868,455.0,0.287,1302.0
1753617572155,11:59:32.155,blofin,1INCH/USDT:USDT,0.2866,1662.0,0.2865,73756.0,0.2868,457.0,0.2869,39309.0
1753617572266,11:59:32.266,blofin,1INCH/USDT:USDT,0.2866,1662.0,0.2865,73756.0,0.2868,457.0,0.2869,39309.0
1753617573266,11:59:33.266,blofin,1INCH/USDT:USDT,0.2866,5014.0,0.2863,62143.0,0.2868,3.0,0.2869,2746.0
1753617573766,11:59:33.766,blofin,1INCH/USDT:USDT,0.2867,5356.0,0.2866,20077.0,0.2868,3.0,0.2869,2280.0
1753617574268,11:59:34.268,blofin,1INCH/USDT:USDT,0.2867,231.0,0.2866,3.0,0.2868,3.0,0.2869,1906.0
1753617574767,11:59:34.767,blofin,1INCH/USDT:USDT,0.2867,231.0,0.2866,3.0,0.2868,3.0,0.2869,1905.0
1753617575269,11:59:35.269,blofin,1INCH/USDT:USDT,0.2867,231.0,0.2866,3.0,0.2868,3.0,0.2869,1109.0
1753617576157,11:59:36.157,blofin,1INCH/USDT:USDT,0.2867,227.0,0.2866,42358.0,0.2868,3.0,0.2869,6912.0
1753617576769,11:59:36.769,blofin,1INCH/USDT:USDT,0.2867,228.0,0.2866,42358.0,0.2868,3.0,0.2869,6914.0
1753617577270,11:59:37.270,blofin,1INCH/USDT:USDT,0.2867,2.0,0.2866,273.0,0.2868,6916.0,0.2871,20641.0
1753617578274,11:59:38.274,blofin,1INCH/USDT:USDT,0.2866,1508.0,0.2862,60333.0,0.2868,3145.0,0.287,25326.0
1753617578772,11:59:38.772,blofin,1INCH/USDT:USDT,0.2866,1508.0,0.2862,60333.0,0.2868,3143.0,0.287,25326.0
1753617579273,11:59:39.273,blofin,1INCH/USDT:USDT,0.2866,1508.0,0.2864,74237.0,0.2868,3138.0,0.2869,5357.0
1753617579775,11:59:39.775,blofin,1INCH/USDT:USDT,0.2866,1505.0,0.2864,74237.0,0.2868,3138.0,0.2869,5357.0
1753617580275,11:59:40.275,blofin,1INCH/USDT:USDT,0.2866,1514.0,0.2863,14347.0,0.2868,4432.0,0.2872,24332.0
1753617580776,11:59:40.776,blofin,1INCH/USDT:USDT,0.2866,1514.0,0.2863,14347.0,0.2868,4436.0,0.2872,24332.0
1753617581277,11:59:41.277,blofin,1INCH/USDT:USDT,0.2866,1514.0,0.2862,93296.0,0.2868,4474.0,0.287,44210.0
1753617581779,11:59:41.779,blofin,1INCH/USDT:USDT,0.2866,1514.0,0.2862,93296.0,0.2868,4474.0,0.287,44210.0
1753617582280,11:59:42.280,blofin,1INCH/USDT:USDT,0.2866,1514.0,0.2865,94228.0,0.2868,4474.0,0.2871,84966.0
1753617582777,11:59:42.777,blofin,1INCH/USDT:USDT,0.2866,1517.0,0.2865,94228.0,0.2868,4474.0,0.2871,84966.0
1753617583277,11:59:43.277,blofin,1INCH/USDT:USDT,0.2866,1516.0,0.2862,89355.0,0.2868,4130.0,0.287,109977.0
1753617584165,11:59:44.165,blofin,1INCH/USDT:USDT,0.2866,1516.0,0.2863,18261.0,0.2868,3434.0,0.287,44054.0
1753617584280,11:59:44.280,blofin,1INCH/USDT:USDT,0.2866,1516.0,0.2863,18261.0,0.2868,3436.0,0.287,44054.0
1753617584783,11:59:44.783,blofin,1INCH/USDT:USDT,0.2866,1518.0,0.2863,18261.0,0.2868,3436.0,0.287,44054.0
1753617585281,11:59:45.281,blofin,1INCH/USDT:USDT,0.2866,1515.0,0.2865,82178.0,0.2868,3436.0,0.2871,104639.0
1753617585786,11:59:45.786,blofin,1INCH/USDT:USDT,0.2866,1515.0,0.2865,82178.0,0.2868,3436.0,0.2871,104639.0
1753617586285,11:59:46.285,blofin,1INCH/USDT:USDT,0.2866,1515.0,0.2863,57928.0,0.2868,3436.0,0.2871,19823.0
1753617587283,11:59:47.283,blofin,1INCH/USDT:USDT,0.2866,1515.0,0.2864,76057.0,0.2868,3452.0,0.287,110770.0
1753617587785,11:59:47.785,blofin,1INCH/USDT:USDT,0.2866,1516.0,0.2864,76057.0,0.2868,3452.0,0.287,110770.0
1753617588286,11:59:48.286,blofin,1INCH/USDT:USDT,0.2866,1519.0,0.2865,50641.0,0.2868,3452.0,0.287,2871.0
1753617589286,11:59:49.286,blofin,1INCH/USDT:USDT,0.2866,1519.0,0.2862,33855.0,0.2868,3452.0,0.287,97481.0
1753617589786,11:59:49.786,blofin,1INCH/USDT:USDT,0.2866,1519.0,0.2862,33855.0,0.2868,3452.0,0.287,97481.0
1753617590288,11:59:50.288,blofin,1INCH/USDT:USDT,0.2866,2039.0,0.2863,109185.0,0.2868,240.0,0.287,25512.0
1753617591288,11:59:51.288,blofin,1INCH/USDT:USDT,0.2866,1519.0,0.2862,5937.0,0.2868,1980.0,0.287,19599.0
1753617591788,11:59:51.788,blofin,1INCH/USDT:USDT,0.2866,1517.0,0.2862,5937.0,0.2868,1980.0,0.287,19599.0
1753617592289,11:59:52.289,blofin,1INCH/USDT:USDT,0.2866,1361.0,0.2865,68424.0,0.2868,1639.0,0.2871,1829.0
1753617592791,11:59:52.791,blofin,1INCH/USDT:USDT,0.2866,1361.0,0.2865,68424.0,0.2868,1639.0,0.2871,1829.0
1753617593290,11:59:53.290,blofin,1INCH/USDT:USDT,0.2866,1360.0,0.2864,56807.0,0.2868,2891.0,0.2869,6268.0
1753617593790,11:59:53.790,blofin,1INCH/USDT:USDT,0.2866,1360.0,0.2864,56807.0,0.2868,2890.0,0.2869,6268.0
1753617594292,11:59:54.292,blofin,1INCH/USDT:USDT,0.2866,1360.0,0.2865,14836.0,0.2868,2890.0,0.287,40300.0
1753617594793,11:59:54.793,blofin,1INCH/USDT:USDT,0.2866,1360.0,0.2865,14836.0,0.2868,2889.0,0.287,40300.0
1753617595173,11:59:55.173,blofin,1INCH/USDT:USDT,0.2866,1360.0,0.2865,89924.0,0.2868,2889.0,0.287,78614.0
1753617596294,11:59:56.294,blofin,1INCH/USDT:USDT,0.2866,1360.0,0.2863,87757.0,0.2868,2891.0,0.2869,82931.0
1753617596794,11:59:56.794,blofin,1INCH/USDT:USDT,0.2866,1360.0,0.2863,87757.0,0.2868,2891.0,0.2869,82931.0
1753617597294,11:59:57.294,blofin,1INCH/USDT:USDT,0.2866,1360.0,0.2864,41674.0,0.2868,2891.0,0.2872,4988.0
1753617597795,11:59:57.795,blofin,1INCH/USDT:USDT,0.2866,1363.0,0.2864,41674.0,0.2868,2891.0,0.2872,4988.0
1753617598295,11:59:58.295,blofin,1INCH/USDT:USDT,0.2866,1359.0,0.2865,18232.0,0.2868,2892.0,0.2869,61296.0
1753617599175,11:59:59.175,blofin,1INCH/USDT:USDT,0.2866,1359.0,0.2862,45162.0,0.2868,2999.0,0.2869,86670.0
1753617599798,11:59:59.798,blofin,1INCH/USDT:USDT,0.2864,1.0,0.2862,90144.0,0.2866,3196.0,0.2868,6.0
1753617600301,12:00:00.301,blofin,1INCH/USDT:USDT,0.2864,938.0,0.286,77156.0,0.2866,1278.0,0.2868,6.0
1753617600801,12:00:00.801,blofin,1INCH/USDT:USDT,0.2864,936.0,0.286,77156.0,0.2866,1278.0,0.2868,6.0
1753617601299,12:00:01.299,blofin,1INCH/USDT:USDT,0.2864,732.0,0.2863,38483.0,0.2866,930.0,0.2868,3.0
1753617602177,12:00:02.177,blofin,1INCH/USDT:USDT,0.2864,2837.0,0.2863,59556.0,0.2866,4.0,0.2868,3.0
1753617602809,12:00:02.809,blofin,1INCH/USDT:USDT,0.2864,2837.0,0.2863,59556.0,0.2866,4.0,0.2868,3.0
1753617603305,12:00:03.305,blofin,1INCH/USDT:USDT,0.2864,2303.0,0.286,28529.0,0.2866,5.0,0.2868,88281.0
1753617604178,12:00:04.178,blofin,1INCH/USDT:USDT,0.2864,3524.0,0.286,145827.0,0.2866,2.0,0.2867,66672.0
1753617604805,12:00:04.805,blofin,1INCH/USDT:USDT,0.2864,3524.0,0.286,145827.0,0.2866,3.0,0.2867,66672.0
1753617606085,12:00:06.085,blofin,1INCH/USDT:USDT,0.2865,693.0,0.2864,2.0,0.2868,1177.0,0.287,3652.0
1753617606717,12:00:06.717,blofin,1INCH/USDT:USDT,0.2866,337.0,0.2861,26045.0,0.2868,1616.0,0.287,25467.0
1753617607235,12:00:07.235,blofin,1INCH/USDT:USDT,0.2866,5482.0,0.2865,3.0,0.2868,2122.0,0.2869,69583.0
1753617607811,12:00:07.811,blofin,1INCH/USDT:USDT,0.2865,5485.0,0.2862,67354.0,0.2868,2122.0,0.2871,6265.0
1753617608312,12:00:08.312,blofin,1INCH/USDT:USDT,0.2865,3649.0,0.2862,57912.0,0.2868,2127.0,0.2873,83194.0
1753617608812,12:00:08.812,blofin,1INCH/USDT:USDT,0.2865,3649.0,0.2862,57912.0,0.2868,2126.0,0.2873,83194.0
1753617609314,12:00:09.314,blofin,1INCH/USDT:USDT,0.2865,3320.0,0.2864,92621.0,0.2868,2126.0,0.2872,75279.0
1753617610183,12:00:10.183,blofin,1INCH/USDT:USDT,0.2865,2446.0,0.2862,9074.0,0.2868,2161.0,0.2872,99122.0
1753617610314,12:00:10.314,blofin,1INCH/USDT:USDT,0.2865,2446.0,0.2862,9074.0,0.2868,2161.0,0.2872,99122.0
1753617611315,12:00:11.315,blofin,1INCH/USDT:USDT,0.2865,3667.0,0.2863,56276.0,0.2868,2161.0,0.287,87650.0
1753617611815,12:00:11.815,blofin,1INCH/USDT:USDT,0.2865,3663.0,0.286,121145.0,0.2867,2154.0,0.2868,7.0
1753617612317,12:00:12.317,blofin,1INCH/USDT:USDT,0.2865,709.0,0.2861,56769.0,0.2867,1529.0,0.2868,7.0
1753617612817,12:00:12.817,blofin,1INCH/USDT:USDT,0.2865,709.0,0.2861,56769.0,0.2867,1534.0,0.2868,3.0
1753617613320,12:00:13.320,blofin,1INCH/USDT:USDT,0.2865,911.0,0.2864,52291.0,0.2867,1534.0,0.2868,3.0
1753617614186,12:00:14.186,blofin,1INCH/USDT:USDT,0.2865,910.0,0.286,22587.0,0.2867,1534.0,0.2868,54435.0
1753617614820,12:00:14.820,blofin,1INCH/USDT:USDT,0.2865,912.0,0.286,22587.0,0.2867,1534.0,0.2868,54435.0
1753617615320,12:00:15.320,blofin,1INCH/USDT:USDT,0.2865,909.0,0.2862,9614.0,0.2867,1534.0,0.2868,9681.0
1753617615821,12:00:15.821,blofin,1INCH/USDT:USDT,0.2865,909.0,0.2862,9614.0,0.2867,1534.0,0.2868,9681.0
1753617616321,12:00:16.321,blofin,1INCH/USDT:USDT,0.2865,909.0,0.2863,8921.0,0.2867,1719.0,0.2868,51878.0
1753617617189,12:00:17.189,blofin,1INCH/USDT:USDT,0.2865,198.0,0.2863,17674.0,0.2867,2235.0,0.2868,3.0
1753617617825,12:00:17.825,blofin,1INCH/USDT:USDT,0.2865,198.0,0.2863,17674.0,0.2867,2233.0,0.2868,3.0
1753617618326,12:00:18.326,blofin,1INCH/USDT:USDT,0.2865,507.0,0.2861,77862.0,0.2867,3000.0,0.2868,60921.0
1753617619189,12:00:19.189,blofin,1INCH/USDT:USDT,0.2865,507.0,0.2861,10974.0,0.2867,3224.0,0.2868,3.0
1753617619829,12:00:19.829,blofin,1INCH/USDT:USDT,0.2865,507.0,0.2861,10974.0,0.2867,3224.0,0.2868,3.0
1753617620327,12:00:20.327,blofin,1INCH/USDT:USDT,0.2865,507.0,0.2863,93346.0,0.2867,3228.0,0.2868,37879.0
1753617620830,12:00:20.830,blofin,1INCH/USDT:USDT,0.2864,509.0,0.2863,20086.0,0.2866,3223.0,0.2867,5.0
1753617621331,12:00:21.331,blofin,1INCH/USDT:USDT,0.2864,1072.0,0.2863,38050.0,0.2866,2671.0,0.2867,5.0
1753617622193,12:00:22.193,blofin,1INCH/USDT:USDT,0.2864,1072.0,0.2863,102622.0,0.2866,2902.0,0.2868,40562.0
1753617622832,12:00:22.832,blofin,1INCH/USDT:USDT,0.2864,1073.0,0.2863,102622.0,0.2866,2902.0,0.2868,40562.0
1753617623332,12:00:23.332,blofin,1INCH/USDT:USDT,0.2864,1072.0,0.2862,39025.0,0.2866,2135.0,0.2868,3.0
1753617623833,12:00:23.833,blofin,1INCH/USDT:USDT,0.2864,1072.0,0.2862,39025.0,0.2866,2135.0,0.2868,3.0
1753617624333,12:00:24.333,blofin,1INCH/USDT:USDT,0.2864,1072.0,0.2861,61788.0,0.2866,2387.0,0.2868,3.0
1753617625194,12:00:25.194,blofin,1INCH/USDT:USDT,0.2864,1072.0,0.286,71094.0,0.2866,2389.0,0.2868,3.0
1753617625834,12:00:25.834,blofin,1INCH/USDT:USDT,0.2864,1071.0,0.286,71094.0,0.2866,2389.0,0.2868,3.0
1753617626335,12:00:26.335,blofin,1INCH/USDT:USDT,0.2864,1082.0,0.286,77322.0,0.2866,2113.0,0.2867,103431.0
1753617627336,12:00:27.336,blofin,1INCH/USDT:USDT,0.2864,2313.0,0.2863,17769.0,0.2866,1928.0,0.2868,3.0
1753617628339,12:00:28.339,blofin,1INCH/USDT:USDT,0.2864,1279.0,0.2861,6095.0,0.2866,1932.0,0.2867,138868.0
1753617628846,12:00:28.846,blofin,1INCH/USDT:USDT,0.2864,1279.0,0.2861,6095.0,0.2866,1931.0,0.2867,138868.0
1753617629339,12:00:29.339,blofin,1INCH/USDT:USDT,0.2864,1100.0,0.2861,6095.0,0.2866,3208.0,0.2867,12368.0
1753617630341,12:00:30.341,blofin,1INCH/USDT:USDT,0.2864,1100.0,0.2861,17466.0,0.2866,3207.0,0.2867,12368.0
1753617630841,12:00:30.841,blofin,1INCH/USDT:USDT,0.2864,1100.0,0.2861,17466.0,0.2866,3203.0,0.2867,12368.0
1753617631344,12:00:31.344,blofin,1INCH/USDT:USDT,0.2864,1100.0,0.2861,6095.0,0.2866,2110.0,0.2867,12368.0
1753617632199,12:00:32.199,blofin,1INCH/USDT:USDT,0.2864,1100.0,0.2861,91229.0,0.2866,2443.0,0.2867,12368.0
1753617633344,12:00:33.344,blofin,1INCH/USDT:USDT,0.2864,1097.0,0.2859,48962.0,0.2866,3206.0,0.2867,12368.0
1753617634343,12:00:34.343,blofin,1INCH/USDT:USDT,0.2864,1097.0,0.2862,31936.0,0.2866,4311.0,0.2867,12368.0
1753617635200,12:00:35.200,blofin,1INCH/USDT:USDT,0.2864,1097.0,0.286,87776.0,0.2866,4314.0,0.2867,74236.0
1753617635346,12:00:35.346,blofin,1INCH/USDT:USDT,0.2864,1097.0,0.286,87776.0,0.2866,4311.0,0.2867,74236.0
1753617636349,12:00:36.349,blofin,1INCH/USDT:USDT,0.2864,1097.0,0.286,52259.0,0.2866,3218.0,0.2867,12368.0
1753617636848,12:00:36.848,blofin,1INCH/USDT:USDT,0.2864,1097.0,0.286,52259.0,0.2866,3218.0,0.2867,12368.0
1753617637349,12:00:37.349,blofin,1INCH/USDT:USDT,0.2864,1097.0,0.286,2560.0,0.2866,4311.0,0.2867,29716.0
1753617638351,12:00:38.351,blofin,1INCH/USDT:USDT,0.2864,1098.0,0.2862,15081.0,0.2866,4347.0,0.2867,103934.0
1753617639202,12:00:39.202,blofin,1INCH/USDT:USDT,0.2864,1098.0,0.2863,84442.0,0.2866,4570.0,0.2867,12368.0
1753617639352,12:00:39.352,blofin,1INCH/USDT:USDT,0.2864,1098.0,0.2863,84442.0,0.2866,4570.0,0.2867,12368.0
1753617640355,12:00:40.355,blofin,1INCH/USDT:USDT,0.2864,1096.0,0.286,66304.0,0.2866,4657.0,0.2867,12368.0
1753617640856,12:00:40.856,blofin,1INCH/USDT:USDT,0.2864,1100.0,0.286,66304.0,0.2866,4657.0,0.2867,12368.0
1753617641356,12:00:41.356,blofin,1INCH/USDT:USDT,0.2864,1100.0,0.2861,100837.0,0.2866,4658.0,0.2867,61954.0
1753617642358,12:00:42.358,blofin,1INCH/USDT:USDT,0.2864,3.0,0.2863,589.0,0.2865,2656.0,0.2866,4.0
1753617643207,12:00:43.207,blofin,1INCH/USDT:USDT,0.2864,3.0,0.2863,592.0,0.2865,2653.0,0.2866,3679.0
1753617644360,12:00:44.360,blofin,1INCH/USDT:USDT,0.2864,3.0,0.2863,161.0,0.2865,7626.0,0.2866,3679.0
1753617644861,12:00:44.861,blofin,1INCH/USDT:USDT,0.2864,3.0,0.2863,161.0,0.2865,7627.0,0.2866,3679.0
1753617645360,12:00:45.360,blofin,1INCH/USDT:USDT,0.2864,3.0,0.2863,226.0,0.2865,10087.0,0.2866,3679.0
1753617646208,12:00:46.208,blofin,1INCH/USDT:USDT,0.2864,3.0,0.2863,248.0,0.2865,10084.0,0.2866,3679.0
1753617646863,12:00:46.863,blofin,1INCH/USDT:USDT,0.2864,3.0,0.2863,245.0,0.2865,10084.0,0.2866,3679.0
1753617647366,12:00:47.366,blofin,1INCH/USDT:USDT,0.2864,3.0,0.2863,247.0,0.2865,10097.0,0.2866,3679.0
1753617647869,12:00:47.869,blofin,1INCH/USDT:USDT,0.2864,3.0,0.2863,247.0,0.2865,10098.0,0.2866,3679.0
1753617648868,12:00:48.868,blofin,1INCH/USDT:USDT,0.2864,3.0,0.2863,243.0,0.2865,10100.0,0.2866,4.0
1753617649366,12:00:49.366,blofin,1INCH/USDT:USDT,0.2864,3.0,0.2863,247.0,0.2865,11877.0,0.2866,4.0
1753617649868,12:00:49.868,blofin,1INCH/USDT:USDT,0.2863,5.0,0.2861,242.0,0.2864,11876.0,0.2865,4.0
1753617650370,12:00:50.370,blofin,1INCH/USDT:USDT,0.2863,5.0,0.2861,1500.0,0.2864,3113.0,0.2866,4.0
1753617651369,12:00:51.369,blofin,1INCH/USDT:USDT,0.2863,5.0,0.2861,2288.0,0.2864,5337.0,0.2866,14417.0
1753617651887,12:00:51.887,blofin,1INCH/USDT:USDT,0.2863,5.0,0.2861,2288.0,0.2864,5337.0,0.2866,14417.0
1753617652372,12:00:52.372,blofin,1INCH/USDT:USDT,0.2861,2290.0,0.2857,119770.0,0.2864,5337.0,0.2866,95917.0
1753617653203,12:00:53.203,blofin,1INCH/USDT:USDT,0.2861,2255.0,0.2859,4673.0,0.2863,6801.0,0.2864,2.0
1753617653372,12:00:53.372,blofin,1INCH/USDT:USDT,0.2861,2258.0,0.2857,95255.0,0.2863,6805.0,0.2866,4.0
1753617654375,12:00:54.375,blofin,1INCH/USDT:USDT,0.2861,1471.0,0.2859,51677.0,0.2863,1744.0,0.2865,77561.0
1753617654877,12:00:54.877,blofin,1INCH/USDT:USDT,0.2861,1471.0,0.2859,51677.0,0.2863,1742.0,0.2865,77561.0
1753617655385,12:00:55.385,blofin,1INCH/USDT:USDT,0.2861,776.0,0.2858,38263.0,0.2863,2107.0,0.2866,4.0
1753617656216,12:00:56.216,blofin,1INCH/USDT:USDT,0.2861,769.0,0.2859,84256.0,0.2863,2107.0,0.2864,41936.0
1753617656380,12:00:56.380,blofin,1INCH/USDT:USDT,0.2861,768.0,0.2859,84256.0,0.2863,2107.0,0.2864,41936.0
1753617657220,12:00:57.220,blofin,1INCH/USDT:USDT,0.2861,770.0,0.2857,36194.0,0.2863,2107.0,0.2866,3884.0
1753617657379,12:00:57.379,blofin,1INCH/USDT:USDT,0.2861,770.0,0.2857,36194.0,0.2863,2110.0,0.2866,3884.0
1753617658232,12:00:58.232,blofin,1INCH/USDT:USDT,0.2861,772.0,0.2857,23224.0,0.2863,2108.0,0.2866,3880.0
1753617658883,12:00:58.883,blofin,1INCH/USDT:USDT,0.2861,772.0,0.286,137727.0,0.2863,2107.0,0.2865,65826.0
1753617659383,12:00:59.383,blofin,1INCH/USDT:USDT,0.2861,772.0,0.2856,8184.0,0.2863,2107.0,0.2864,6367.0
1753617659884,12:00:59.884,blofin,1INCH/USDT:USDT,0.2861,772.0,0.2856,8184.0,0.2863,2107.0,0.2866,58663.0
1753617660385,12:01:00.385,blofin,1INCH/USDT:USDT,0.2861,1087.0,0.2859,111812.0,0.2863,2107.0,0.2867,47424.0
1753617661387,12:01:01.387,blofin,1INCH/USDT:USDT,0.2861,1090.0,0.2857,10479.0,0.2863,2110.0,0.2866,73919.0
1753617662222,12:01:02.222,blofin,1INCH/USDT:USDT,0.2861,744.0,0.2856,98334.0,0.2863,2113.0,0.2865,18397.0
1753617662388,12:01:02.388,blofin,1INCH/USDT:USDT,0.2861,743.0,0.2856,98334.0,0.2863,2113.0,0.2865,18397.0
1753617663387,12:01:03.387,blofin,1INCH/USDT:USDT,0.2861,743.0,0.2857,9044.0,0.2863,2113.0,0.2864,75674.0
1753617664227,12:01:04.227,blofin,1INCH/USDT:USDT,0.2861,745.0,0.2857,100728.0,0.2863,2113.0,0.2865,82245.0
1753617665387,12:01:05.387,blofin,1INCH/USDT:USDT,0.2861,745.0,0.2857,66207.0,0.2863,2113.0,0.2864,14334.0
1753617666224,12:01:06.224,blofin,1INCH/USDT:USDT,0.2861,745.0,0.286,48310.0,0.2863,2112.0,0.2865,114943.0
1753617666391,12:01:06.391,blofin,1INCH/USDT:USDT,0.2861,745.0,0.286,48310.0,0.2863,2109.0,0.2865,114943.0
1753617667390,12:01:07.390,blofin,1INCH/USDT:USDT,0.2861,569.0,0.2857,22828.0,0.2863,2633.0,0.2865,72223.0
1753617668391,12:01:08.391,blofin,1INCH/USDT:USDT,0.2861,521.0,0.286,19089.0,0.2863,2965.0,0.2866,102915.0
1753617669392,12:01:09.392,blofin,1INCH/USDT:USDT,0.2861,703.0,0.2856,42811.0,0.2863,2452.0,0.2867,46298.0
1753617669896,12:01:09.896,blofin,1INCH/USDT:USDT,0.2861,703.0,0.2856,42811.0,0.2863,2456.0,0.2867,46298.0
1753617670396,12:01:10.396,blofin,1INCH/USDT:USDT,0.2861,703.0,0.286,74103.0,0.2863,2453.0,0.2867,84225.0
1753617671397,12:01:11.397,blofin,1INCH/USDT:USDT,0.2861,570.0,0.286,17397.0,0.2863,3302.0,0.2865,47627.0
1753617671898,12:01:11.898,blofin,1INCH/USDT:USDT,0.2861,566.0,0.286,17397.0,0.2863,3302.0,0.2865,47627.0
1753617672399,12:01:12.399,blofin,1INCH/USDT:USDT,0.2861,518.0,0.286,91027.0,0.2863,3305.0,0.2867,68315.0
1753617673238,12:01:13.238,blofin,1INCH/USDT:USDT,0.2861,518.0,0.2857,8336.0,0.2863,3305.0,0.2868,111012.0
1753617673402,12:01:13.402,blofin,1INCH/USDT:USDT,0.2861,521.0,0.2857,8336.0,0.2863,3306.0,0.2868,111012.0
1753617673902,12:01:13.902,blofin,1INCH/USDT:USDT,0.2861,521.0,0.2857,8336.0,0.2863,3305.0,0.2868,111012.0
1753617674403,12:01:14.403,blofin,1INCH/USDT:USDT,0.2861,701.0,0.2856,68788.0,0.2863,2858.0,0.2865,93692.0
1753617675234,12:01:15.234,blofin,1INCH/USDT:USDT,0.2861,533.0,0.286,65033.0,0.2863,2858.0,0.2865,116949.0
1753617675904,12:01:15.904,blofin,1INCH/USDT:USDT,0.2861,533.0,0.286,65033.0,0.2863,2855.0,0.2865,116949.0
1753617676405,12:01:16.405,blofin,1INCH/USDT:USDT,0.2861,533.0,0.286,101122.0,0.2863,2858.0,0.2864,2137.0
1753617676906,12:01:16.906,blofin,1INCH/USDT:USDT,0.2861,533.0,0.286,101122.0,0.2863,2859.0,0.2864,2137.0
1753617677407,12:01:17.407,blofin,1INCH/USDT:USDT,0.2861,32.0,0.2856,21843.0,0.2863,4121.0,0.2864,120326.0
1753617678410,12:01:18.410,blofin,1INCH/USDT:USDT,0.2861,2.0,0.286,237.0,0.2862,4050.0,0.2863,1.0
1753617678909,12:01:18.909,blofin,1INCH/USDT:USDT,0.2859,236.0,0.2856,50467.0,0.2861,3671.0,0.2862,3.0
1753617679408,12:01:19.408,blofin,1INCH/USDT:USDT,0.2859,2101.0,0.2856,50871.0,0.2861,1575.0,0.2863,1.0
1753617680239,12:01:20.239,blofin,1INCH/USDT:USDT,0.2859,2101.0,0.2858,16393.0,0.2861,2604.0,0.2862,47220.0
1753617680910,12:01:20.910,blofin,1INCH/USDT:USDT,0.2859,2101.0,0.2858,16393.0,0.2861,2604.0,0.2862,47220.0
1753617681410,12:01:21.410,blofin,1INCH/USDT:USDT,0.2859,2101.0,0.2856,52561.0,0.2861,2603.0,0.2863,1.0
1753617682239,12:01:22.239,blofin,1INCH/USDT:USDT,0.2859,2134.0,0.2856,40332.0,0.2861,1908.0,0.2863,1.0
1753617683413,12:01:23.413,blofin,1INCH/USDT:USDT,0.2859,2136.0,0.2858,50565.0,0.2861,3300.0,0.2863,3239.0
1753617683916,12:01:23.916,blofin,1INCH/USDT:USDT,0.2859,2136.0,0.2858,50565.0,0.2861,3300.0,0.2863,3239.0
1753617684416,12:01:24.416,blofin,1INCH/USDT:USDT,0.2859,2318.0,0.2858,52289.0,0.2861,2375.0,0.2862,77692.0
1753617685241,12:01:25.241,blofin,1INCH/USDT:USDT,0.2859,2318.0,0.2857,13282.0,0.2861,3223.0,0.2863,72672.0
1753617685825,12:01:25.825,blofin,1INCH/USDT:USDT,0.286,1740.0,0.2858,78389.0,0.2861,2.0,0.2863,3243.0
1753617686502,12:01:26.502,blofin,1INCH/USDT:USDT,0.286,1407.0,0.2857,96698.0,0.2862,7018.0,0.2863,3239.0
1753617687116,12:01:27.116,blofin,1INCH/USDT:USDT,0.286,1405.0,0.2856,5429.0,0.2862,2.0,0.2863,10255.0
1753617687406,12:01:27.406,blofin,1INCH/USDT:USDT,0.286,1405.0,0.2858,79335.0,0.2862,3.0,0.2863,3239.0
1753617688256,12:01:28.256,blofin,1INCH/USDT:USDT,0.286,1409.0,0.2856,82920.0,0.2862,4.0,0.2863,3238.0
1753617688920,12:01:28.920,blofin,1INCH/USDT:USDT,0.286,1412.0,0.2856,118709.0,0.2862,12.0,0.2863,59708.0
1753617689421,12:01:29.421,blofin,1INCH/USDT:USDT,0.286,706.0,0.2855,81134.0,0.2862,1214.0,0.2863,72513.0
1753617690422,12:01:30.422,blofin,1INCH/USDT:USDT,0.286,714.0,0.2855,3476.0,0.2862,1214.0,0.2865,72436.0
1753617690923,12:01:30.923,blofin,1INCH/USDT:USDT,0.286,714.0,0.2855,3476.0,0.2862,1214.0,0.2865,72436.0
1753617691449,12:01:31.449,blofin,1INCH/USDT:USDT,0.2862,723.0,0.286,6.0,0.2864,1211.0,0.2867,61314.0
1753617692248,12:01:32.248,blofin,1INCH/USDT:USDT,0.2862,1836.0,0.286,6.0,0.2864,108.0,0.2869,127577.0
1753617692925,12:01:32.925,blofin,1INCH/USDT:USDT,0.2862,1841.0,0.286,5.0,0.2864,108.0,0.2869,125570.0
1753617693427,12:01:33.427,blofin,1INCH/USDT:USDT,0.2862,2837.0,0.286,5.0,0.2864,127.0,0.2869,94561.0
1753617694428,12:01:34.428,blofin,1INCH/USDT:USDT,0.2862,2044.0,0.286,5.0,0.2864,129.0,0.2867,17512.0
1753617695298,12:01:35.298,blofin,1INCH/USDT:USDT,0.2862,4639.0,0.286,5.0,0.2864,1603.0,0.2868,28016.0
1753617695860,12:01:35.860,blofin,1INCH/USDT:USDT,0.2862,5.0,0.2861,6244.0,0.2864,1525.0,0.2865,57614.0
1753617696499,12:01:36.499,blofin,1INCH/USDT:USDT,0.2861,6.0,0.286,17188.0,0.2864,1525.0,0.2867,92700.0
1753617697148,12:01:37.148,blofin,1INCH/USDT:USDT,0.2862,1.0,0.2861,5.0,0.2864,1525.0,0.2867,85134.0
1753617697706,12:01:37.706,blofin,1INCH/USDT:USDT,0.2861,2.0,0.286,5.0,0.2864,1505.0,0.2866,98442.0
1753617698220,12:01:38.220,blofin,1INCH/USDT:USDT,0.2862,1.0,0.2861,1.0,0.2864,1524.0,0.2865,30581.0
1753617698917,12:01:38.917,blofin,1INCH/USDT:USDT,0.2863,1843.0,0.2862,4.0,0.2864,5.0,0.2865,201.0
1753617699435,12:01:39.435,blofin,1INCH/USDT:USDT,0.2863,1836.0,0.2862,4.0,0.2865,36.0,0.2867,1877.0
1753617700254,12:01:40.254,blofin,1INCH/USDT:USDT,0.2863,1836.0,0.2862,65105.0,0.2865,33.0,0.2866,57845.0
1753617700438,12:01:40.438,blofin,1INCH/USDT:USDT,0.2863,1837.0,0.2862,65101.0,0.2865,33.0,0.2866,57845.0
1753617701254,12:01:41.254,blofin,1INCH/USDT:USDT,0.2863,2837.0,0.2862,81141.0,0.2865,34.0,0.2867,123512.0
1753617702443,12:01:42.443,blofin,1INCH/USDT:USDT,0.2863,2843.0,0.286,5.0,0.2865,34.0,0.2867,1877.0
1753617703254,12:01:43.254,blofin,1INCH/USDT:USDT,0.2863,2839.0,0.286,5.0,0.2865,35.0,0.2866,4653.0
1753617703942,12:01:43.942,blofin,1INCH/USDT:USDT,0.2863,2917.0,0.286,5.0,0.2865,35.0,0.2866,4653.0
1753617704444,12:01:44.444,blofin,1INCH/USDT:USDT,0.2863,2915.0,0.2861,37976.0,0.2865,35.0,0.2866,4653.0
1753617704946,12:01:44.946,blofin,1INCH/USDT:USDT,0.2863,2915.0,0.2861,37976.0,0.2865,34.0,0.2866,4653.0
1753617705447,12:01:45.447,blofin,1INCH/USDT:USDT,0.2863,2915.0,0.286,5.0,0.2865,34.0,0.2866,4653.0
1753617706257,12:01:46.257,blofin,1INCH/USDT:USDT,0.2863,2385.0,0.2862,28514.0,0.2865,34.0,0.2866,4653.0
1753617706447,12:01:46.447,blofin,1INCH/USDT:USDT,0.2863,2381.0,0.2862,28514.0,0.2865,34.0,0.2866,4653.0
1753617707447,12:01:47.447,blofin,1INCH/USDT:USDT,0.2863,2450.0,0.286,5.0,0.2865,34.0,0.2866,114387.0
1753617707950,12:01:47.950,blofin,1INCH/USDT:USDT,0.2863,2450.0,0.286,5.0,0.2865,33.0,0.2866,114387.0
1753617708450,12:01:48.450,blofin,1INCH/USDT:USDT,0.2863,2450.0,0.286,5.0,0.2865,34.0,0.2868,1695.0
1753617709451,12:01:49.451,blofin,1INCH/USDT:USDT,0.2863,1662.0,0.286,5.0,0.2865,33.0,0.2866,106142.0
1753617709950,12:01:49.950,blofin,1INCH/USDT:USDT,0.2863,1662.0,0.286,5.0,0.2865,33.0,0.2866,106142.0
1753617710451,12:01:50.451,blofin,1INCH/USDT:USDT,0.2863,1329.0,0.2861,17417.0,0.2865,36.0,0.2868,14320.0
1753617711260,12:01:51.260,blofin,1INCH/USDT:USDT,0.2863,832.0,0.2861,36553.0,0.2865,963.0,0.2867,100240.0
1753617711955,12:01:51.955,blofin,1INCH/USDT:USDT,0.2863,834.0,0.2861,36553.0,0.2865,963.0,0.2867,100240.0
1753617712454,12:01:52.454,blofin,1INCH/USDT:USDT,0.2863,834.0,0.2862,35548.0,0.2865,960.0,0.2869,19988.0
1753617712955,12:01:52.955,blofin,1INCH/USDT:USDT,0.2863,834.0,0.2862,35548.0,0.2865,963.0,0.2869,19988.0
1753617713462,12:01:53.462,blofin,1INCH/USDT:USDT,0.2863,946.0,0.2861,3540.0,0.2865,916.0,0.2867,116807.0
1753617714263,12:01:54.263,blofin,1INCH/USDT:USDT,0.2863,1460.0,0.286,60042.0,0.2865,33.0,0.2867,759.0
1753617714459,12:01:54.459,blofin,1INCH/USDT:USDT,0.2863,1460.0,0.286,60042.0,0.2865,35.0,0.2867,759.0
1753617715266,12:01:55.266,blofin,1INCH/USDT:USDT,0.2863,2247.0,0.286,106596.0,0.2865,35.0,0.2867,759.0
1753617715962,12:01:55.962,blofin,1INCH/USDT:USDT,0.2863,2250.0,0.286,106596.0,0.2865,35.0,0.2867,759.0
1753617716463,12:01:56.463,blofin,1INCH/USDT:USDT,0.2863,2774.0,0.2862,62704.0,0.2865,26.0,0.2867,759.0
1753617717464,12:01:57.464,blofin,1INCH/USDT:USDT,0.2863,2774.0,0.286,74040.0,0.2865,34.0,0.2866,60190.0
1753617718282,12:01:58.282,blofin,1INCH/USDT:USDT,0.2863,1466.0,0.2859,83771.0,0.2865,38.0,0.2866,104279.0
1753617718465,12:01:58.465,blofin,1INCH/USDT:USDT,0.2863,1462.0,0.2859,83771.0,0.2865,35.0,0.2866,104279.0
1753617719267,12:01:59.267,blofin,1INCH/USDT:USDT,0.2863,2744.0,0.286,52006.0,0.2865,31.0,0.2866,109162.0
1753617719968,12:01:59.968,blofin,1INCH/USDT:USDT,0.2863,2744.0,0.286,52006.0,0.2865,31.0,0.2866,109162.0
1753617720468,12:02:00.468,blofin,1INCH/USDT:USDT,0.2863,3255.0,0.2858,55187.0,0.2865,30.0,0.2868,21803.0
1753617720968,12:02:00.968,blofin,1INCH/USDT:USDT,0.2863,3259.0,0.2858,55187.0,0.2865,30.0,0.2868,21803.0
1753617721471,12:02:01.471,blofin,1INCH/USDT:USDT,0.2863,3259.0,0.286,26251.0,0.2865,31.0,0.2869,14695.0
1753617722469,12:02:02.469,blofin,1INCH/USDT:USDT,0.2863,2501.0,0.286,104341.0,0.2865,33.0,0.2869,57244.0
1753617722970,12:02:02.970,blofin,1INCH/USDT:USDT,0.2863,2501.0,0.286,104341.0,0.2865,36.0,0.2869,57244.0
1753617723271,12:02:03.271,blofin,1INCH/USDT:USDT,0.2863,2497.0,0.286,104341.0,0.2865,34.0,0.2869,58377.0
1753617723472,12:02:03.472,blofin,1INCH/USDT:USDT,0.2863,2323.0,0.2859,63472.0,0.2865,34.0,0.2869,15828.0
1753617723971,12:02:03.971,blofin,1INCH/USDT:USDT,0.2863,2326.0,0.2859,63472.0,0.2865,34.0,0.2869,15828.0
1753617724473,12:02:04.473,blofin,1INCH/USDT:USDT,0.2863,1119.0,0.2859,106197.0,0.2865,2349.0,0.2868,51657.0
1753617725274,12:02:05.274,blofin,1INCH/USDT:USDT,0.2863,1119.0,0.2859,17295.0,0.2865,2355.0,0.2866,31876.0
1753617725473,12:02:05.473,blofin,1INCH/USDT:USDT,0.2863,1119.0,0.2859,17295.0,0.2865,2355.0,0.2866,31876.0
1753617726474,12:02:06.474,blofin,1INCH/USDT:USDT,0.2863,1120.0,0.2859,16208.0,0.2865,2355.0,0.2866,30793.0
1753617726977,12:02:06.977,blofin,1INCH/USDT:USDT,0.2863,1122.0,0.2859,16208.0,0.2865,2355.0,0.2866,30793.0
1753617727482,12:02:07.482,blofin,1INCH/USDT:USDT,0.2863,1122.0,0.2859,22375.0,0.2865,2355.0,0.2868,106484.0
1753617728277,12:02:08.277,blofin,1INCH/USDT:USDT,0.2863,1119.0,0.2859,22375.0,0.2865,2355.0,0.2868,106484.0
1753617728480,12:02:08.480,blofin,1INCH/USDT:USDT,0.2863,1119.0,0.2859,125356.0,0.2865,2992.0,0.2866,62799.0
1753617729479,12:02:09.479,blofin,1INCH/USDT:USDT,0.2863,1122.0,0.2858,90872.0,0.2865,3029.0,0.2869,93418.0
1753617730479,12:02:10.479,blofin,1INCH/USDT:USDT,0.2863,1122.0,0.286,102756.0,0.2865,3029.0,0.2868,115355.0
1753617730981,12:02:10.981,blofin,1INCH/USDT:USDT,0.2863,1122.0,0.286,102756.0,0.2865,3029.0,0.2868,115355.0
1753617731483,12:02:11.483,blofin,1INCH/USDT:USDT,0.2863,1122.0,0.2862,91818.0,0.2865,3028.0,0.2867,111662.0
1753617732280,12:02:12.280,blofin,1INCH/USDT:USDT,0.2863,1066.0,0.2862,55893.0,0.2865,2056.0,0.2869,9522.0
1753617732986,12:02:12.986,blofin,1INCH/USDT:USDT,0.2863,1066.0,0.2862,55893.0,0.2865,2057.0,0.2869,9522.0
1753617733485,12:02:13.485,blofin,1INCH/USDT:USDT,0.2863,1069.0,0.2862,37060.0,0.2865,2055.0,0.2869,9522.0
1753617733984,12:02:13.984,blofin,1INCH/USDT:USDT,0.2863,1069.0,0.2862,37060.0,0.2865,2056.0,0.2869,9522.0
1753617734486,12:02:14.486,blofin,1INCH/USDT:USDT,0.2863,1069.0,0.2861,7051.0,0.2865,2056.0,0.2869,9522.0
1753617735286,12:02:15.286,blofin,1INCH/USDT:USDT,0.2863,2856.0,0.2861,7051.0,0.2865,39.0,0.2869,9522.0
1753617735487,12:02:15.487,blofin,1INCH/USDT:USDT,0.2863,2856.0,0.2862,50864.0,0.2865,8.0,0.2866,31.0
1753617736488,12:02:16.488,blofin,1INCH/USDT:USDT,0.2863,2931.0,0.2861,83507.0,0.2865,4.0,0.2866,1893.0
1753617736988,12:02:16.988,blofin,1INCH/USDT:USDT,0.2863,2931.0,0.2861,83507.0,0.2865,4.0,0.2866,1894.0
1753617737490,12:02:17.490,blofin,1INCH/USDT:USDT,0.2863,586.0,0.2859,9205.0,0.2865,4.0,0.2866,9723.0
1753617738285,12:02:18.285,blofin,1INCH/USDT:USDT,0.2863,588.0,0.2859,91010.0,0.2865,6589.0,0.2866,38916.0
1753617738490,12:02:18.490,blofin,1INCH/USDT:USDT,0.2863,571.0,0.2861,80514.0,0.2865,1070.0,0.2869,123716.0
1753617739485,12:02:19.485,blofin,1INCH/USDT:USDT,0.2863,1106.0,0.2861,7592.0,0.2865,8.0,0.2866,1256.0
1753617739992,12:02:19.992,blofin,1INCH/USDT:USDT,0.2863,1106.0,0.2861,7592.0,0.2865,4.0,0.2866,1259.0
1753617740494,12:02:20.494,blofin,1INCH/USDT:USDT,0.2864,5985.0,0.2863,7.0,0.2865,4.0,0.2866,1615.0
1753617741286,12:02:21.286,blofin,1INCH/USDT:USDT,0.2864,67.0,0.2863,8219.0,0.2865,4.0,0.2866,1259.0
1753617741995,12:02:21.995,blofin,1INCH/USDT:USDT,0.2864,6.0,0.2863,3.0,0.2865,4.0,0.2866,1401.0
1753617742496,12:02:22.496,blofin,1INCH/USDT:USDT,0.2864,1447.0,0.2863,3.0,0.2865,4.0,0.2866,1402.0
1753617742995,12:02:22.995,blofin,1INCH/USDT:USDT,0.2864,1447.0,0.2863,3.0,0.2865,4.0,0.2866,1402.0
1753617743499,12:02:23.499,blofin,1INCH/USDT:USDT,0.2864,2566.0,0.2863,3.0,0.2865,4.0,0.2866,1222.0
1753617744290,12:02:24.290,blofin,1INCH/USDT:USDT,0.2864,1111.0,0.2863,3.0,0.2865,4.0,0.2866,1417.0
1753617744499,12:02:24.499,blofin,1INCH/USDT:USDT,0.2864,1111.0,0.2863,3.0,0.2865,4.0,0.2866,1420.0
1753617745290,12:02:25.290,blofin,1INCH/USDT:USDT,0.2864,1114.0,0.2863,3.0,0.2865,4.0,0.2866,1420.0
1753617746001,12:02:26.001,blofin,1INCH/USDT:USDT,0.2864,1114.0,0.2863,3.0,0.2865,4.0,0.2866,1417.0
1753617746502,12:02:26.502,blofin,1INCH/USDT:USDT,0.2864,1114.0,0.2863,3.0,0.2865,4.0,0.2866,1513.0
1753617747002,12:02:27.002,blofin,1INCH/USDT:USDT,0.2864,1116.0,0.2863,3.0,0.2865,4.0,0.2866,1513.0
1753617747503,12:02:27.503,blofin,1INCH/USDT:USDT,0.2864,1116.0,0.2863,61273.0,0.2865,4.0,0.2866,1513.0
1753617748305,12:02:28.305,blofin,1INCH/USDT:USDT,0.2864,1117.0,0.286,110466.0,0.2866,1516.0,0.2869,22580.0
1753617749009,12:02:29.009,blofin,1INCH/USDT:USDT,0.2864,1117.0,0.2861,3091.0,0.2866,1516.0,0.2869,22580.0
