timestamp,time,exchange,symbol,bid1_price,bid1_volume,bid2_price,bid2_volume,ask1_price,ask1_volume,ask2_price,ask2_volume
1753617155299,11:52:35.299,bitget,AEVO/USDT:USDT,0.1111,26839.3,0.111,170621.5,0.1112,90071.9,0.1113,155580.3
1753617155449,11:52:35.449,bitget,AEVO/USDT:USDT,0.1111,26839.3,0.111,170621.5,0.1112,90071.9,0.1113,155580.3
1753617155599,11:52:35.599,bitget,AEVO/USDT:USDT,0.1111,26839.3,0.111,168483.9,0.1112,90071.9,0.1113,155580.3
1753617155899,11:52:35.899,bitget,AEVO/USDT:USDT,0.1111,26839.3,0.111,170621.5,0.1112,90071.9,0.1113,155580.3
1753617156050,11:52:36.050,bitget,AEVO/USDT:USDT,0.1111,26839.3,0.111,170621.5,0.1112,90071.9,0.1113,155580.3
1753617156500,11:52:36.500,bitget,AEVO/USDT:USDT,0.1111,26839.3,0.111,168483.9,0.1112,90071.9,0.1113,155580.3
1753617156650,11:52:36.650,bitget,AEVO/USDT:USDT,0.1111,26839.3,0.111,168483.9,0.1112,90071.9,0.1113,155580.3
1753617156800,11:52:36.800,bitget,AEVO/USDT:USDT,0.1111,26839.3,0.111,168483.9,0.1112,90071.9,0.1113,155580.3
1753617156950,11:52:36.950,bitget,AEVO/USDT:USDT,0.1111,26839.3,0.111,168483.9,0.1112,90071.9,0.1113,155580.3
1753617157250,11:52:37.250,bitget,AEVO/USDT:USDT,0.1111,26839.3,0.111,170607.4,0.1112,90040.2,0.1113,155597.9
1753617157400,11:52:37.400,bitget,AEVO/USDT:USDT,0.1111,26839.3,0.111,170607.4,0.1112,90040.2,0.1113,155597.9
1753617157851,11:52:37.851,bitget,AEVO/USDT:USDT,0.1111,1839.3,0.111,168469.8,0.1112,90040.2,0.1113,155597.9
1753617158001,11:52:38.001,bitget,AEVO/USDT:USDT,0.1111,1839.3,0.111,168469.8,0.1112,90040.2,0.1113,155597.9
1753617158151,11:52:38.151,bitget,AEVO/USDT:USDT,0.1111,1839.3,0.111,168469.8,0.1112,90040.2,0.1113,155597.9
1753617158901,11:52:38.901,bitget,AEVO/USDT:USDT,0.1111,6839.3,0.111,168469.8,0.1112,90040.2,0.1113,155597.9
1753617159051,11:52:39.051,bitget,AEVO/USDT:USDT,0.1111,6839.3,0.111,168469.8,0.1112,90040.2,0.1113,155597.9
1753617159952,11:52:39.952,bitget,AEVO/USDT:USDT,0.1111,16839.3,0.111,168469.8,0.1112,90040.2,0.1113,155597.9
1753617160102,11:52:40.102,bitget,AEVO/USDT:USDT,0.1111,16839.3,0.111,168469.8,0.1112,90040.2,0.1113,155597.9
1753617160552,11:52:40.552,bitget,AEVO/USDT:USDT,0.1111,16839.3,0.111,168469.8,0.1112,90040.2,0.1113,155597.9
1753617160702,11:52:40.702,bitget,AEVO/USDT:USDT,0.1111,16839.3,0.111,168469.8,0.1112,90040.2,0.1113,155597.9
1753617161152,11:52:41.152,bitget,AEVO/USDT:USDT,0.1111,16839.3,0.111,177475.1,0.1112,90040.2,0.1113,155597.9
1753617161302,11:52:41.302,bitget,AEVO/USDT:USDT,0.1111,16839.3,0.111,168469.8,0.1112,90040.2,0.1113,155597.9
1753617161903,11:52:41.903,bitget,AEVO/USDT:USDT,0.1111,1839.3,0.111,168469.8,0.1112,90040.2,0.1113,155597.9
1753617162653,11:52:42.653,bitget,AEVO/USDT:USDT,0.1111,1839.3,0.111,170607.4,0.1112,90040.2,0.1113,155597.9
1753617162803,11:52:42.803,bitget,AEVO/USDT:USDT,0.1111,1839.3,0.111,170607.4,0.1112,90040.2,0.1113,155597.9
1753617162953,11:52:42.953,bitget,AEVO/USDT:USDT,0.1111,1839.3,0.111,168469.8,0.1112,90040.2,0.1113,155597.9
1753617163103,11:52:43.103,bitget,AEVO/USDT:USDT,0.1111,1839.3,0.111,168469.8,0.1112,90040.2,0.1113,155597.9
1753617163554,11:52:43.554,bitget,AEVO/USDT:USDT,0.1111,1839.3,0.111,168469.8,0.1112,90040.2,0.1113,155597.9
1753617163704,11:52:43.704,bitget,AEVO/USDT:USDT,0.1111,16839.3,0.111,168469.8,0.1112,90040.2,0.1113,155597.9
1753617163854,11:52:43.854,bitget,AEVO/USDT:USDT,0.1111,16839.3,0.111,168469.8,0.1112,90040.2,0.1113,155597.9
1753617164004,11:52:44.004,bitget,AEVO/USDT:USDT,0.1111,16839.3,0.111,170607.4,0.1112,90040.2,0.1113,155597.9
1753617164154,11:52:44.154,bitget,AEVO/USDT:USDT,0.1111,16839.3,0.111,170607.4,0.1112,90040.2,0.1113,155597.9
1753617164304,11:52:44.304,bitget,AEVO/USDT:USDT,0.1111,16839.3,0.111,170607.4,0.1112,90040.2,0.1113,155597.9
1753617164604,11:52:44.604,bitget,AEVO/USDT:USDT,0.1111,26839.3,0.111,177475.1,0.1112,90040.2,0.1113,155597.9
1753617164754,11:52:44.754,bitget,AEVO/USDT:USDT,0.1111,26839.3,0.111,177475.1,0.1112,90040.2,0.1113,155597.9
1753617165505,11:52:45.505,bitget,AEVO/USDT:USDT,0.1111,26839.3,0.111,168469.8,0.1112,90040.2,0.1113,155597.9
1753617165655,11:52:45.655,bitget,AEVO/USDT:USDT,0.1111,26839.3,0.111,168469.8,0.1112,90040.2,0.1113,155597.9
1753617165805,11:52:45.805,bitget,AEVO/USDT:USDT,0.1111,26839.3,0.111,168469.8,0.1112,90040.2,0.1113,155597.9
1753617165955,11:52:45.955,bitget,AEVO/USDT:USDT,0.1111,26839.3,0.111,170607.4,0.1112,90040.2,0.1113,155597.9
1753617166105,11:52:46.105,bitget,AEVO/USDT:USDT,0.1111,26839.3,0.111,170607.4,0.1112,90040.2,0.1113,155597.9
1753617166255,11:52:46.255,bitget,AEVO/USDT:USDT,0.1111,26839.3,0.111,170607.4,0.1112,90040.2,0.1113,155597.9
1753617166405,11:52:46.405,bitget,AEVO/USDT:USDT,0.1111,26839.3,0.111,170607.4,0.1112,90040.2,0.1113,155597.9
1753617166555,11:52:46.555,bitget,AEVO/USDT:USDT,0.1111,26839.3,0.111,170607.4,0.1112,90040.2,0.1113,155597.9
1753617166705,11:52:46.705,bitget,AEVO/USDT:USDT,0.1111,26839.3,0.111,170607.4,0.1112,90040.2,0.1113,155597.9
1753617166856,11:52:46.856,bitget,AEVO/USDT:USDT,0.1111,26839.3,0.111,170607.4,0.1112,90040.2,0.1113,155597.9
1753617167006,11:52:47.006,bitget,AEVO/USDT:USDT,0.1111,26839.3,0.111,170607.4,0.1112,90040.2,0.1113,155597.9
1753617167156,11:52:47.156,bitget,AEVO/USDT:USDT,0.1111,26839.3,0.111,170607.4,0.1112,90040.2,0.1113,155597.9
1753617167306,11:52:47.306,bitget,AEVO/USDT:USDT,0.1111,26839.3,0.111,170607.4,0.1112,90040.2,0.1113,155597.9
1753617167456,11:52:47.456,bitget,AEVO/USDT:USDT,0.1111,26839.3,0.111,170607.4,0.1112,90040.2,0.1113,155597.9
1753617167606,11:52:47.606,bitget,AEVO/USDT:USDT,0.1111,26839.3,0.111,170607.4,0.1112,90040.2,0.1113,155597.9
1753617167756,11:52:47.756,bitget,AEVO/USDT:USDT,0.1111,26839.3,0.111,170607.4,0.1112,90040.2,0.1113,155597.9
1753617168056,11:52:48.056,bitget,AEVO/USDT:USDT,0.1111,26839.3,0.111,170607.4,0.1112,90040.2,0.1113,155597.9
1753617168206,11:52:48.206,bitget,AEVO/USDT:USDT,0.1111,26839.3,0.111,170607.4,0.1112,90040.2,0.1113,155597.9
1753617168356,11:52:48.356,bitget,AEVO/USDT:USDT,0.1111,26839.3,0.111,170607.4,0.1112,90040.2,0.1113,155597.9
1753617168506,11:52:48.506,bitget,AEVO/USDT:USDT,0.1111,26839.3,0.111,170607.4,0.1112,90040.2,0.1113,155597.9
1753617168807,11:52:48.807,bitget,AEVO/USDT:USDT,0.1111,26839.3,0.111,170607.4,0.1112,90040.2,0.1113,155597.9
1753617168957,11:52:48.957,bitget,AEVO/USDT:USDT,0.1111,26839.3,0.111,179612.6,0.1112,36625.4,0.1113,155597.9
1753617169107,11:52:49.107,bitget,AEVO/USDT:USDT,0.1111,37601.6,0.111,172970.5,0.1113,56614.6,0.1114,57795.4
1753617169257,11:52:49.257,bitget,AEVO/USDT:USDT,0.1112,1897.7,0.1111,94209.4,0.1113,31382.2,0.1114,165767.4
1753617169407,11:52:49.407,bitget,AEVO/USDT:USDT,0.1112,1897.7,0.1111,202181.4,0.1113,65522.9,0.1114,165767.4
1753617169557,11:52:49.557,bitget,AEVO/USDT:USDT,0.1112,1897.7,0.1111,59953.1,0.1113,90522.9,0.1114,165767.4
1753617169857,11:52:49.857,bitget,AEVO/USDT:USDT,0.1112,1897.7,0.1111,89357.8,0.1113,90522.9,0.1114,165767.4
1753617170007,11:52:50.007,bitget,AEVO/USDT:USDT,0.1112,1897.7,0.1111,89357.8,0.1113,90522.9,0.1114,165767.4
1753617170458,11:52:50.458,bitget,AEVO/USDT:USDT,0.1112,1897.7,0.1111,89357.8,0.1113,90522.9,0.1114,165767.4
1753617170608,11:52:50.608,bitget,AEVO/USDT:USDT,0.1112,1897.7,0.1111,89357.8,0.1113,90522.9,0.1114,165767.4
1753617170758,11:52:50.758,bitget,AEVO/USDT:USDT,0.1112,1897.7,0.1111,89357.8,0.1113,90522.9,0.1114,165767.4
1753617170908,11:52:50.908,bitget,AEVO/USDT:USDT,0.1112,1897.7,0.1111,89357.8,0.1113,90522.9,0.1114,165767.4
1753617171058,11:52:51.058,bitget,AEVO/USDT:USDT,0.1112,1897.7,0.1111,89357.8,0.1113,90522.9,0.1114,165767.4
1753617171208,11:52:51.208,bitget,AEVO/USDT:USDT,0.1112,1897.7,0.1111,89357.8,0.1113,90522.9,0.1114,165767.4
1753617171358,11:52:51.358,bitget,AEVO/USDT:USDT,0.1112,1897.7,0.1111,89357.8,0.1113,90522.9,0.1114,165767.4
1753617171508,11:52:51.508,bitget,AEVO/USDT:USDT,0.1112,6897.7,0.1111,89357.8,0.1113,90522.9,0.1114,165767.4
1753617171658,11:52:51.658,bitget,AEVO/USDT:USDT,0.1112,6897.7,0.1111,197329.8,0.1113,90522.9,0.1114,165767.4
1753617171808,11:52:51.808,bitget,AEVO/USDT:USDT,0.1112,6897.7,0.1111,167925.1,0.1113,90522.9,0.1114,165767.4
1753617171958,11:52:51.958,bitget,AEVO/USDT:USDT,0.1112,6897.7,0.1111,167925.1,0.1113,90522.9,0.1114,165767.4
1753617172108,11:52:52.108,bitget,AEVO/USDT:USDT,0.1112,6897.7,0.1111,167925.1,0.1113,90522.9,0.1114,165767.4
1753617172258,11:52:52.258,bitget,AEVO/USDT:USDT,0.1112,6897.7,0.1111,167925.1,0.1113,90522.9,0.1114,165767.4
1753617172409,11:52:52.409,bitget,AEVO/USDT:USDT,0.1112,6897.7,0.1111,167925.1,0.1113,90522.9,0.1114,165767.4
1753617172559,11:52:52.559,bitget,AEVO/USDT:USDT,0.1112,11897.7,0.1111,167925.1,0.1113,90522.9,0.1114,165767.4
1753617172709,11:52:52.709,bitget,AEVO/USDT:USDT,0.1112,11897.7,0.1111,167925.1,0.1113,90522.9,0.1114,165767.4
1753617172859,11:52:52.859,bitget,AEVO/USDT:USDT,0.1112,11897.7,0.1111,167925.1,0.1113,90522.9,0.1114,165767.4
1753617173009,11:52:53.009,bitget,AEVO/USDT:USDT,0.1112,11897.7,0.1111,167925.1,0.1113,90522.9,0.1114,165767.4
1753617173159,11:52:53.159,bitget,AEVO/USDT:USDT,0.1112,11897.7,0.1111,167925.1,0.1113,90522.9,0.1114,165767.4
1753617173309,11:52:53.309,bitget,AEVO/USDT:USDT,0.1112,11897.7,0.1111,207463.7,0.1113,90510.3,0.1114,165753.8
1753617173759,11:52:53.759,bitget,AEVO/USDT:USDT,0.1112,1897.7,0.1111,207463.7,0.1113,90510.3,0.1114,165753.8
1753617173909,11:52:53.909,bitget,AEVO/USDT:USDT,0.1112,1897.7,0.1111,207463.7,0.1113,90510.3,0.1114,165753.8
1753617174059,11:52:54.059,bitget,AEVO/USDT:USDT,0.1112,1897.7,0.1111,99505.3,0.1113,90510.3,0.1114,165753.8
1753617174210,11:52:54.210,bitget,AEVO/USDT:USDT,0.1112,1897.7,0.1111,118296.4,0.1113,90510.3,0.1114,165753.8
1753617174360,11:52:54.360,bitget,AEVO/USDT:USDT,0.1112,1897.7,0.1111,118296.4,0.1113,90510.3,0.1114,165753.8
1753617174510,11:52:54.510,bitget,AEVO/USDT:USDT,0.1112,1897.7,0.1111,118296.4,0.1113,90510.3,0.1114,165753.8
1753617174660,11:52:54.660,bitget,AEVO/USDT:USDT,0.1112,1897.7,0.1111,118296.4,0.1113,90510.3,0.1114,165753.8
1753617174810,11:52:54.810,bitget,AEVO/USDT:USDT,0.1112,1897.7,0.1111,118296.4,0.1113,90510.3,0.1114,165753.8
1753617174960,11:52:54.960,bitget,AEVO/USDT:USDT,0.1112,1897.7,0.1111,118296.4,0.1113,90510.3,0.1114,165753.8
1753617175110,11:52:55.110,bitget,AEVO/USDT:USDT,0.1112,1897.7,0.1111,118296.4,0.1113,90510.3,0.1114,165753.8
1753617175260,11:52:55.260,bitget,AEVO/USDT:USDT,0.1112,1897.7,0.1111,118296.4,0.1113,90510.3,0.1114,165753.8
1753617175410,11:52:55.410,bitget,AEVO/USDT:USDT,0.1112,1897.7,0.1111,118296.4,0.1113,90510.3,0.1114,165753.8
1753617175560,11:52:55.560,bitget,AEVO/USDT:USDT,0.1112,1897.7,0.1111,118296.4,0.1113,90510.3,0.1114,165753.8
1753617175710,11:52:55.710,bitget,AEVO/USDT:USDT,0.1112,1897.7,0.1111,118296.4,0.1113,90510.3,0.1114,165753.8
1753617176010,11:52:56.010,bitget,AEVO/USDT:USDT,0.1112,1897.7,0.1111,99505.3,0.1113,127098.2,0.1114,165753.8
1753617176161,11:52:56.161,bitget,AEVO/USDT:USDT,0.1112,1897.7,0.1111,118293.0,0.1113,95934.4,0.1114,165753.8
1753617176311,11:52:56.311,bitget,AEVO/USDT:USDT,0.1112,1897.7,0.1111,118293.0,0.1113,90510.3,0.1114,165753.8
1753617176461,11:52:56.461,bitget,AEVO/USDT:USDT,0.1112,1897.7,0.1111,118293.0,0.1113,90510.3,0.1114,165753.8
1753617176611,11:52:56.611,bitget,AEVO/USDT:USDT,0.1112,1897.7,0.1111,118293.0,0.1113,90510.3,0.1114,165753.8
1753617176761,11:52:56.761,bitget,AEVO/USDT:USDT,0.1112,1897.7,0.1111,118293.0,0.1113,90510.3,0.1114,165753.8
1753617176911,11:52:56.911,bitget,AEVO/USDT:USDT,0.1112,1897.7,0.1111,118293.0,0.1113,90510.3,0.1114,165753.8
1753617177061,11:52:57.061,bitget,AEVO/USDT:USDT,0.1112,1897.7,0.1111,118293.0,0.1113,90510.3,0.1114,165753.8
1753617177211,11:52:57.211,bitget,AEVO/USDT:USDT,0.1112,1897.7,0.1111,118293.0,0.1113,90510.3,0.1114,165753.8
1753617177361,11:52:57.361,bitget,AEVO/USDT:USDT,0.1112,1897.7,0.1111,118293.0,0.1113,90510.3,0.1114,165753.8
1753617177511,11:52:57.511,bitget,AEVO/USDT:USDT,0.1112,1897.7,0.1111,118293.0,0.1113,90510.3,0.1114,165753.8
1753617177661,11:52:57.661,bitget,AEVO/USDT:USDT,0.1112,1897.7,0.1111,118293.0,0.1113,90510.3,0.1114,165753.8
1753617177811,11:52:57.811,bitget,AEVO/USDT:USDT,0.1112,1897.7,0.1111,118293.0,0.1113,90510.3,0.1114,165753.8
1753617177962,11:52:57.962,bitget,AEVO/USDT:USDT,0.1112,1897.7,0.1111,118293.0,0.1113,90510.3,0.1114,165753.8
1753617178112,11:52:58.112,bitget,AEVO/USDT:USDT,0.1112,1897.7,0.1111,118293.0,0.1113,90510.3,0.1114,165753.8
1753617178262,11:52:58.262,bitget,AEVO/USDT:USDT,0.1112,1897.7,0.1111,118293.0,0.1113,90510.3,0.1114,165753.8
1753617178412,11:52:58.412,bitget,AEVO/USDT:USDT,0.1112,1897.7,0.1111,118293.0,0.1113,90510.3,0.1114,165753.8
1753617178862,11:52:58.862,bitget,AEVO/USDT:USDT,0.1112,1897.7,0.1111,118293.0,0.1113,90510.3,0.1114,165753.8
1753617179012,11:52:59.012,bitget,AEVO/USDT:USDT,0.1112,1897.7,0.1111,118293.0,0.1113,90510.3,0.1114,165753.8
1753617179162,11:52:59.162,bitget,AEVO/USDT:USDT,0.1112,1897.7,0.1111,118293.0,0.1113,90510.3,0.1114,165753.8
1753617179312,11:52:59.312,bitget,AEVO/USDT:USDT,0.1111,118293.0,0.111,133351.0,0.1113,90510.3,0.1114,165753.8
1753617179612,11:52:59.612,bitget,AEVO/USDT:USDT,0.1111,32760.7,0.111,172878.3,0.1112,71186.4,0.1113,187266.1
1753617179762,11:52:59.762,bitget,AEVO/USDT:USDT,0.1111,30187.5,0.111,172878.3,0.1112,71186.4,0.1113,171776.8
1753617179912,11:52:59.912,bitget,AEVO/USDT:USDT,0.1111,30187.5,0.111,172878.3,0.1112,71186.4,0.1113,171776.8
1753617180063,11:53:00.063,bitget,AEVO/USDT:USDT,0.1111,30187.5,0.111,172878.3,0.1112,71186.4,0.1113,171776.8
1753617180213,11:53:00.213,bitget,AEVO/USDT:USDT,0.1111,30187.5,0.111,172878.3,0.1112,71186.4,0.1113,171776.8
1753617180363,11:53:00.363,bitget,AEVO/USDT:USDT,0.1111,30187.5,0.111,172878.3,0.1112,71186.4,0.1113,146776.8
1753617180513,11:53:00.513,bitget,AEVO/USDT:USDT,0.1111,27733.9,0.111,172878.3,0.1112,71186.4,0.1113,146776.8
1753617180663,11:53:00.663,bitget,AEVO/USDT:USDT,0.1111,27733.9,0.111,172878.3,0.1112,71186.4,0.1113,146776.8
1753617180813,11:53:00.813,bitget,AEVO/USDT:USDT,0.1111,27733.9,0.111,172878.3,0.1112,71186.4,0.1113,146776.8
1753617180963,11:53:00.963,bitget,AEVO/USDT:USDT,0.1111,27733.9,0.111,172878.3,0.1112,71186.4,0.1113,146776.8
1753617181114,11:53:01.114,bitget,AEVO/USDT:USDT,0.1111,27733.9,0.111,172878.3,0.1112,71186.4,0.1113,146776.8
1753617181263,11:53:01.263,bitget,AEVO/USDT:USDT,0.1111,27733.9,0.111,172878.3,0.1112,71186.4,0.1113,146776.8
1753617181413,11:53:01.413,bitget,AEVO/USDT:USDT,0.1111,27733.9,0.111,172878.3,0.1112,71186.4,0.1113,155185.3
1753617181563,11:53:01.563,bitget,AEVO/USDT:USDT,0.1111,27733.9,0.111,172878.3,0.1112,71186.4,0.1113,155185.3
1753617181714,11:53:01.714,bitget,AEVO/USDT:USDT,0.1111,27733.9,0.111,172878.3,0.1112,71186.4,0.1113,155185.3
1753617181864,11:53:01.864,bitget,AEVO/USDT:USDT,0.1111,27733.9,0.111,172878.3,0.1112,71186.4,0.1113,155185.3
1753617182014,11:53:02.014,bitget,AEVO/USDT:USDT,0.1111,27733.9,0.111,172878.3,0.1112,71186.4,0.1113,155185.3
1753617182164,11:53:02.164,bitget,AEVO/USDT:USDT,0.1111,27733.9,0.111,172878.3,0.1112,71186.4,0.1113,155185.3
1753617182314,11:53:02.314,bitget,AEVO/USDT:USDT,0.1111,27733.9,0.111,172878.3,0.1112,71186.4,0.1113,155185.3
1753617182464,11:53:02.464,bitget,AEVO/USDT:USDT,0.1111,27733.9,0.111,172878.3,0.1112,71186.4,0.1113,155185.3
1753617182614,11:53:02.614,bitget,AEVO/USDT:USDT,0.1111,27733.9,0.111,172878.3,0.1112,52217.8,0.1113,155185.3
1753617182914,11:53:02.914,bitget,AEVO/USDT:USDT,0.1111,92718.5,0.111,172878.3,0.1112,39520.6,0.1113,155185.3
1753617183064,11:53:03.064,bitget,AEVO/USDT:USDT,0.1111,48023.4,0.111,172878.3,0.1113,178841.6,0.1114,57795.4
1753617183214,11:53:03.214,bitget,AEVO/USDT:USDT,0.1112,1906.7,0.1111,92090.2,0.1113,178841.6,0.1114,57795.4
1753617183364,11:53:03.364,bitget,AEVO/USDT:USDT,0.1112,1906.7,0.1111,92090.2,0.1113,203841.6,0.1114,46785.6
1753617183515,11:53:03.515,bitget,AEVO/USDT:USDT,0.1112,1906.7,0.1111,92090.2,0.1113,95901.0,0.1114,154722.6
1753617183665,11:53:03.665,bitget,AEVO/USDT:USDT,0.1112,1906.7,0.1111,92090.2,0.1113,90476.9,0.1114,154722.6
1753617183815,11:53:03.815,bitget,AEVO/USDT:USDT,0.1112,10875.3,0.1111,92090.2,0.1113,16989.6,0.1114,154722.6
1753617183965,11:53:03.965,bitget,AEVO/USDT:USDT,0.1112,10875.3,0.1111,168429.7,0.1113,55344.6,0.1114,149269.9
1753617184115,11:53:04.115,bitget,AEVO/USDT:USDT,0.1112,17898.4,0.1111,168429.7,0.1113,55344.6,0.1114,149269.9
1753617184265,11:53:04.265,bitget,AEVO/USDT:USDT,0.1112,11977.0,0.1111,168429.7,0.1113,55344.6,0.1114,149269.9
1753617184415,11:53:04.415,bitget,AEVO/USDT:USDT,0.1112,24017.6,0.1111,168429.7,0.1113,55344.6,0.1114,149269.9
1753617184565,11:53:04.565,bitget,AEVO/USDT:USDT,0.1112,24017.6,0.1111,168429.7,0.1113,55344.6,0.1114,149269.9
1753617184715,11:53:04.715,bitget,AEVO/USDT:USDT,0.1112,24017.6,0.1111,168429.7,0.1113,55344.6,0.1114,149269.9
1753617184865,11:53:04.865,bitget,AEVO/USDT:USDT,0.1112,24017.6,0.1111,168429.7,0.1113,55344.6,0.1114,149269.9
1753617185015,11:53:05.015,bitget,AEVO/USDT:USDT,0.1112,15049.0,0.1111,177425.8,0.1113,64313.2,0.1114,149269.9
1753617185165,11:53:05.165,bitget,AEVO/USDT:USDT,0.1112,15049.0,0.1111,177425.8,0.1113,64313.2,0.1114,149269.9
1753617185466,11:53:05.466,bitget,AEVO/USDT:USDT,0.1112,15049.0,0.1111,171956.2,0.1113,64313.2,0.1114,149269.9
1753617185616,11:53:05.616,bitget,AEVO/USDT:USDT,0.1112,15049.0,0.1111,171956.2,0.1113,64313.2,0.1114,149269.9
1753617185766,11:53:05.766,bitget,AEVO/USDT:USDT,0.1112,15049.0,0.1111,171956.2,0.1113,64313.2,0.1114,149269.9
1753617185916,11:53:05.916,bitget,AEVO/USDT:USDT,0.1112,11906.7,0.1111,171956.2,0.1113,64313.2,0.1114,149269.9
1753617186216,11:53:06.216,bitget,AEVO/USDT:USDT,0.1112,14901.5,0.1111,171956.2,0.1113,64313.2,0.1114,149269.9
1753617186366,11:53:06.366,bitget,AEVO/USDT:USDT,0.1112,14901.5,0.1111,171956.2,0.1113,64313.2,0.1114,149269.9
1753617186516,11:53:06.516,bitget,AEVO/USDT:USDT,0.1112,14901.5,0.1111,171956.2,0.1113,64313.2,0.1114,149269.9
1753617186666,11:53:06.666,bitget,AEVO/USDT:USDT,0.1112,14901.5,0.1111,171956.2,0.1113,64313.2,0.1114,149269.9
1753617186816,11:53:06.816,bitget,AEVO/USDT:USDT,0.1112,14901.5,0.1111,162960.1,0.1113,64313.2,0.1114,149269.9
1753617186966,11:53:06.966,bitget,AEVO/USDT:USDT,0.1112,14901.5,0.1111,162960.1,0.1113,64313.2,0.1114,149269.9
1753617187116,11:53:07.116,bitget,AEVO/USDT:USDT,0.1112,14901.5,0.1111,162960.1,0.1113,64313.2,0.1114,149269.9
1753617187267,11:53:07.267,bitget,AEVO/USDT:USDT,0.1112,14901.5,0.1111,162960.1,0.1113,64313.2,0.1114,149269.9
1753617187417,11:53:07.417,bitget,AEVO/USDT:USDT,0.1112,14901.5,0.1111,162960.1,0.1113,64313.2,0.1114,149269.9
1753617187567,11:53:07.567,bitget,AEVO/USDT:USDT,0.1112,14901.5,0.1111,171956.9,0.1113,64313.2,0.1114,149269.9
1753617187717,11:53:07.717,bitget,AEVO/USDT:USDT,0.1112,14901.5,0.1111,171956.9,0.1113,64313.2,0.1114,149269.9
1753617187867,11:53:07.867,bitget,AEVO/USDT:USDT,0.1112,14901.5,0.1111,171956.9,0.1113,64313.2,0.1114,149269.9
1753617188017,11:53:08.017,bitget,AEVO/USDT:USDT,0.1112,14901.5,0.1111,171956.9,0.1113,64313.2,0.1114,149269.9
1753617188167,11:53:08.167,bitget,AEVO/USDT:USDT,0.1112,14901.5,0.1111,171956.9,0.1113,64313.2,0.1114,149269.9
1753617188317,11:53:08.317,bitget,AEVO/USDT:USDT,0.1112,14901.5,0.1111,171956.9,0.1113,74313.2,0.1114,149269.9
1753617188467,11:53:08.467,bitget,AEVO/USDT:USDT,0.1112,14901.5,0.1111,171956.9,0.1113,74313.2,0.1114,149269.9
1753617188617,11:53:08.617,bitget,AEVO/USDT:USDT,0.1112,14901.5,0.1111,171956.9,0.1113,74313.2,0.1114,149269.9
1753617188767,11:53:08.767,bitget,AEVO/USDT:USDT,0.1112,14901.5,0.1111,171956.9,0.1113,74313.2,0.1114,149269.9
1753617188917,11:53:08.917,bitget,AEVO/USDT:USDT,0.1112,14901.5,0.1111,171956.9,0.1113,78133.2,0.1114,149269.9
1753617189068,11:53:09.068,bitget,AEVO/USDT:USDT,0.1112,14901.5,0.1111,162960.1,0.1113,78133.2,0.1114,149269.9
1753617189218,11:53:09.218,bitget,AEVO/USDT:USDT,0.1112,11906.7,0.1111,202436.0,0.1113,68116.0,0.1114,149248.3
1753617189368,11:53:09.368,bitget,AEVO/USDT:USDT,0.1112,14996.1,0.1111,204434.6,0.1113,68116.0,0.1114,149248.3
1753617189518,11:53:09.518,bitget,AEVO/USDT:USDT,0.1112,14996.1,0.1111,204434.6,0.1113,68116.0,0.1114,149248.3
1753617189668,11:53:09.668,bitget,AEVO/USDT:USDT,0.1112,14996.1,0.1111,204434.6,0.1113,68116.0,0.1114,149248.3
1753617189818,11:53:09.818,bitget,AEVO/USDT:USDT,0.1112,14996.1,0.1111,204434.6,0.1113,68116.0,0.1114,149248.3
1753617189968,11:53:09.968,bitget,AEVO/USDT:USDT,0.1112,14996.1,0.1111,204434.6,0.1113,68116.0,0.1114,149248.3
1753617190118,11:53:10.118,bitget,AEVO/USDT:USDT,0.1112,14996.1,0.1111,204435.0,0.1113,68116.0,0.1114,149248.3
1753617190268,11:53:10.268,bitget,AEVO/USDT:USDT,0.1112,18184.8,0.1111,195437.8,0.1113,68116.0,0.1114,149248.3
1753617190568,11:53:10.568,bitget,AEVO/USDT:USDT,0.1112,18184.8,0.1111,195437.8,0.1113,68116.0,0.1114,149248.3
1753617190718,11:53:10.718,bitget,AEVO/USDT:USDT,0.1112,18184.8,0.1111,195437.8,0.1113,68116.0,0.1114,149248.3
1753617190869,11:53:10.869,bitget,AEVO/USDT:USDT,0.1112,18184.8,0.1111,195437.8,0.1113,68116.0,0.1114,149248.3
1753617191019,11:53:11.019,bitget,AEVO/USDT:USDT,0.1112,18184.8,0.1111,195437.8,0.1113,68116.0,0.1114,149248.3
1753617191169,11:53:11.169,bitget,AEVO/USDT:USDT,0.1112,18184.8,0.1111,195437.8,0.1113,68116.0,0.1114,149248.3
1753617191319,11:53:11.319,bitget,AEVO/USDT:USDT,0.1112,18184.8,0.1111,195437.8,0.1113,68116.0,0.1114,149248.3
1753617191469,11:53:11.469,bitget,AEVO/USDT:USDT,0.1112,18184.8,0.1111,195437.8,0.1113,68116.0,0.1114,149248.3
1753617191619,11:53:11.619,bitget,AEVO/USDT:USDT,0.1112,18184.8,0.1111,195437.8,0.1113,68116.0,0.1114,149248.3
1753617191769,11:53:11.769,bitget,AEVO/USDT:USDT,0.1112,18184.8,0.1111,195437.8,0.1113,68116.0,0.1114,149248.3
1753617192069,11:53:12.069,bitget,AEVO/USDT:USDT,0.1112,18184.8,0.1111,195437.8,0.1113,68116.0,0.1114,149248.3
1753617192219,11:53:12.219,bitget,AEVO/USDT:USDT,0.1112,18184.8,0.1111,195437.8,0.1113,68116.0,0.1114,149248.3
1753617192369,11:53:12.369,bitget,AEVO/USDT:USDT,0.1112,18184.8,0.1111,195437.8,0.1113,64296.0,0.1114,149248.3
1753617192519,11:53:12.519,bitget,AEVO/USDT:USDT,0.1112,18184.8,0.1111,195437.8,0.1113,24797.0,0.1114,149248.3
1753617192670,11:53:12.670,bitget,AEVO/USDT:USDT,0.1112,13700.4,0.1111,195437.8,0.1113,24797.0,0.1114,188735.5
1753617192820,11:53:12.820,bitget,AEVO/USDT:USDT,0.1112,13700.4,0.1111,195437.8,0.1113,24797.0,0.1114,188735.5
1753617192970,11:53:12.970,bitget,AEVO/USDT:USDT,0.1112,13700.4,0.1111,195437.8,0.1113,24797.0,0.1114,188735.5
1753617193120,11:53:13.120,bitget,AEVO/USDT:USDT,0.1112,13700.4,0.1111,195437.8,0.1113,24797.0,0.1114,188735.5
1753617193270,11:53:13.270,bitget,AEVO/USDT:USDT,0.1112,13700.4,0.1111,195437.8,0.1113,24797.0,0.1114,188735.5
1753617193420,11:53:13.420,bitget,AEVO/USDT:USDT,0.1112,13700.4,0.1111,195437.8,0.1113,24797.0,0.1114,188735.5
1753617193570,11:53:13.570,bitget,AEVO/USDT:USDT,0.1112,13700.4,0.1111,195437.8,0.1113,24797.0,0.1114,188735.5
1753617193720,11:53:13.720,bitget,AEVO/USDT:USDT,0.1112,13700.4,0.1111,195437.8,0.1113,24797.0,0.1114,188735.5
1753617193870,11:53:13.870,bitget,AEVO/USDT:USDT,0.1112,13700.4,0.1111,195437.8,0.1113,24797.0,0.1114,188735.5
1753617194170,11:53:14.170,bitget,AEVO/USDT:USDT,0.1112,13700.4,0.1111,195437.8,0.1113,24797.0,0.1114,188735.5
1753617194320,11:53:14.320,bitget,AEVO/USDT:USDT,0.1112,13700.4,0.1111,195437.8,0.1113,24797.0,0.1114,188735.5
1753617194471,11:53:14.471,bitget,AEVO/USDT:USDT,0.1112,13700.4,0.1111,195437.8,0.1113,24797.0,0.1114,188735.5
1753617194621,11:53:14.621,bitget,AEVO/USDT:USDT,0.1112,13700.4,0.1111,195437.8,0.1113,24797.0,0.1114,188735.5
1753617194771,11:53:14.771,bitget,AEVO/USDT:USDT,0.1112,13700.4,0.1111,195437.8,0.1113,24797.0,0.1114,188735.5
1753617194921,11:53:14.921,bitget,AEVO/USDT:USDT,0.1112,13700.4,0.1111,195437.8,0.1113,24797.0,0.1114,188735.5
1753617195071,11:53:15.071,bitget,AEVO/USDT:USDT,0.1113,1887.0,0.1112,83952.2,0.1114,54130.1,0.1115,162830.1
1753617195221,11:53:15.221,bitget,AEVO/USDT:USDT,0.1113,1887.0,0.1112,191839.5,0.1114,89948.1,0.1115,146805.2
1753617195371,11:53:15.371,bitget,AEVO/USDT:USDT,0.1113,1887.0,0.1112,154442.7,0.1114,89948.1,0.1115,146805.2
1753617195521,11:53:15.521,bitget,AEVO/USDT:USDT,0.1113,1887.0,0.1112,154442.7,0.1114,89948.1,0.1115,146805.2
1753617195671,11:53:15.671,bitget,AEVO/USDT:USDT,0.1113,1887.0,0.1112,154442.7,0.1114,89948.1,0.1115,146805.2
1753617195821,11:53:15.821,bitget,AEVO/USDT:USDT,0.1113,1887.0,0.1112,154442.7,0.1114,89948.1,0.1115,146805.2
1753617195971,11:53:15.971,bitget,AEVO/USDT:USDT,0.1113,1887.0,0.1112,154442.7,0.1114,89948.1,0.1115,146805.2
1753617196121,11:53:16.121,bitget,AEVO/USDT:USDT,0.1113,1887.0,0.1112,154442.7,0.1114,89948.1,0.1115,146805.2
1753617196271,11:53:16.271,bitget,AEVO/USDT:USDT,0.1113,12649.3,0.1112,154442.7,0.1114,41502.2,0.1115,146805.2
1753617196422,11:53:16.422,bitget,AEVO/USDT:USDT,0.1113,12649.3,0.1112,157540.3,0.1114,16502.2,0.1115,186277.1
1753617196572,11:53:16.572,bitget,AEVO/USDT:USDT,0.1113,12649.3,0.1112,157540.3,0.1114,16502.2,0.1115,169027.6
1753617196722,11:53:16.722,bitget,AEVO/USDT:USDT,0.1113,52120.9,0.1112,157540.3,0.1114,17510.9,0.1115,169027.6
1753617196872,11:53:16.872,bitget,AEVO/USDT:USDT,0.1113,52120.9,0.1112,148041.5,0.1114,17510.9,0.1115,169027.6
1753617197022,11:53:17.022,bitget,AEVO/USDT:USDT,0.1113,52120.9,0.1112,148041.5,0.1114,17510.9,0.1115,169027.6
1753617197172,11:53:17.172,bitget,AEVO/USDT:USDT,0.1113,77120.9,0.1112,148041.5,0.1114,15223.8,0.1115,169027.6
1753617197322,11:53:17.322,bitget,AEVO/USDT:USDT,0.1113,77120.9,0.1112,148041.5,0.1114,15223.8,0.1115,179436.3
1753617197772,11:53:17.772,bitget,AEVO/USDT:USDT,0.1113,77120.9,0.1112,145400.4,0.1114,15223.8,0.1115,179436.3
1753617197922,11:53:17.922,bitget,AEVO/USDT:USDT,0.1113,77120.9,0.1112,145400.4,0.1114,15223.8,0.1115,179436.3
1753617198072,11:53:18.072,bitget,AEVO/USDT:USDT,0.1113,77120.9,0.1112,145400.4,0.1114,15223.8,0.1115,179436.3
1753617198223,11:53:18.223,bitget,AEVO/USDT:USDT,0.1113,77120.9,0.1112,145400.4,0.1114,15223.8,0.1115,179436.3
1753617198373,11:53:18.373,bitget,AEVO/USDT:USDT,0.1113,77120.9,0.1112,145400.4,0.1114,15223.8,0.1115,179436.3
1753617198523,11:53:18.523,bitget,AEVO/USDT:USDT,0.1113,77120.9,0.1112,145400.4,0.1114,15223.8,0.1115,179436.3
1753617198673,11:53:18.673,bitget,AEVO/USDT:USDT,0.1113,77120.9,0.1112,145400.4,0.1114,15223.8,0.1115,179436.3
1753617198823,11:53:18.823,bitget,AEVO/USDT:USDT,0.1113,77120.9,0.1112,147652.0,0.1114,15223.8,0.1115,179436.3
1753617198973,11:53:18.973,bitget,AEVO/USDT:USDT,0.1113,77120.9,0.1112,147652.0,0.1114,15223.8,0.1115,179436.3
1753617199123,11:53:19.123,bitget,AEVO/USDT:USDT,0.1113,77120.9,0.1112,147652.0,0.1114,15223.8,0.1115,179436.3
1753617199273,11:53:19.273,bitget,AEVO/USDT:USDT,0.1113,77120.9,0.1112,147652.0,0.1114,13380.8,0.1115,179436.3
1753617199423,11:53:19.423,bitget,AEVO/USDT:USDT,0.1113,77120.9,0.1112,147652.0,0.1114,13380.8,0.1115,179436.3
1753617199573,11:53:19.573,bitget,AEVO/USDT:USDT,0.1113,77120.9,0.1112,147652.0,0.1114,15223.8,0.1115,179436.3
1753617199723,11:53:19.723,bitget,AEVO/USDT:USDT,0.1113,77120.9,0.1112,147652.0,0.1114,15223.8,0.1115,179436.3
1753617199873,11:53:19.873,bitget,AEVO/USDT:USDT,0.1113,77120.9,0.1112,147652.0,0.1114,15223.8,0.1115,179436.3
1753617200023,11:53:20.023,bitget,AEVO/USDT:USDT,0.1113,75327.2,0.1112,147652.0,0.1114,24192.4,0.1115,179436.3
1753617200174,11:53:20.174,bitget,AEVO/USDT:USDT,0.1113,51358.6,0.1112,138663.3,0.1114,49192.4,0.1115,179436.3
1753617200324,11:53:20.324,bitget,AEVO/USDT:USDT,0.1113,51358.6,0.1112,140974.1,0.1114,49192.4,0.1115,187034.1
1753617200474,11:53:20.474,bitget,AEVO/USDT:USDT,0.1113,51358.6,0.1112,140974.1,0.1114,49192.4,0.1115,187034.1
1753617200624,11:53:20.624,bitget,AEVO/USDT:USDT,0.1113,51358.6,0.1112,140974.1,0.1114,49192.4,0.1115,187034.1
1753617200924,11:53:20.924,bitget,AEVO/USDT:USDT,0.1113,51358.6,0.1112,140974.1,0.1114,49192.4,0.1115,187034.1
1753617201074,11:53:21.074,bitget,AEVO/USDT:USDT,0.1113,51358.6,0.1112,140974.1,0.1114,49192.4,0.1115,187034.1
1753617201224,11:53:21.224,bitget,AEVO/USDT:USDT,0.1113,66358.6,0.1112,149962.7,0.1114,24192.4,0.1115,187034.1
1753617201374,11:53:21.374,bitget,AEVO/USDT:USDT,0.1113,66358.6,0.1112,147651.9,0.1114,24192.4,0.1115,187034.1
1753617201524,11:53:21.524,bitget,AEVO/USDT:USDT,0.1113,66358.6,0.1112,147651.9,0.1114,24192.4,0.1115,187034.1
1753617201674,11:53:21.674,bitget,AEVO/USDT:USDT,0.1113,66358.6,0.1112,147651.9,0.1114,24192.4,0.1115,187034.1
1753617201824,11:53:21.824,bitget,AEVO/USDT:USDT,0.1113,66358.6,0.1112,147651.9,0.1114,24192.4,0.1115,187034.1
1753617201974,11:53:21.974,bitget,AEVO/USDT:USDT,0.1113,66358.6,0.1112,147651.9,0.1114,24192.4,0.1115,187034.1
1753617202125,11:53:22.125,bitget,AEVO/USDT:USDT,0.1113,66358.6,0.1112,147651.9,0.1114,24192.4,0.1115,187034.1
1753617202275,11:53:22.275,bitget,AEVO/USDT:USDT,0.1113,66358.6,0.1112,147651.9,0.1114,24192.4,0.1115,187034.1
1753617202425,11:53:22.425,bitget,AEVO/USDT:USDT,0.1113,66358.6,0.1112,147651.9,0.1114,24192.4,0.1115,187034.1
1753617202575,11:53:22.575,bitget,AEVO/USDT:USDT,0.1113,66358.6,0.1112,147651.9,0.1114,24192.4,0.1115,187034.1
1753617202875,11:53:22.875,bitget,AEVO/USDT:USDT,0.1113,66358.6,0.1112,147651.9,0.1114,24192.4,0.1115,187034.1
1753617203025,11:53:23.025,bitget,AEVO/USDT:USDT,0.1113,66358.6,0.1112,138663.3,0.1114,24920.5,0.1115,187034.1
1753617203175,11:53:23.175,bitget,AEVO/USDT:USDT,0.1113,66358.6,0.1112,138663.3,0.1114,43740.5,0.1115,187034.1
1753617203325,11:53:23.325,bitget,AEVO/USDT:USDT,0.1113,66358.6,0.1112,140974.1,0.1114,43740.5,0.1115,187034.1
1753617203475,11:53:23.475,bitget,AEVO/USDT:USDT,0.1113,66358.6,0.1112,140974.1,0.1114,43740.5,0.1115,187034.1
1753617203625,11:53:23.625,bitget,AEVO/USDT:USDT,0.1113,66358.6,0.1112,140974.1,0.1114,43740.5,0.1115,187034.1
1753617203775,11:53:23.775,bitget,AEVO/USDT:USDT,0.1113,66358.6,0.1112,140974.1,0.1114,43740.5,0.1115,187034.1
1753617203926,11:53:23.926,bitget,AEVO/USDT:USDT,0.1113,66358.6,0.1112,140974.1,0.1114,43740.5,0.1115,187034.1
1753617204076,11:53:24.076,bitget,AEVO/USDT:USDT,0.1113,66358.6,0.1112,140974.1,0.1114,43740.5,0.1115,187034.1
1753617204226,11:53:24.226,bitget,AEVO/USDT:USDT,0.1113,66358.6,0.1112,140974.1,0.1114,43740.5,0.1115,187034.1
1753617204376,11:53:24.376,bitget,AEVO/USDT:USDT,0.1113,66358.6,0.1112,140974.1,0.1114,43740.5,0.1115,187034.1
1753617204526,11:53:24.526,bitget,AEVO/USDT:USDT,0.1113,66358.6,0.1112,140974.1,0.1114,43740.5,0.1115,187034.1
1753617204676,11:53:24.676,bitget,AEVO/USDT:USDT,0.1113,66358.6,0.1112,140974.1,0.1114,43740.5,0.1115,187034.1
1753617204826,11:53:24.826,bitget,AEVO/USDT:USDT,0.1113,66358.6,0.1112,140974.1,0.1114,43740.5,0.1115,187034.1
1753617204976,11:53:24.976,bitget,AEVO/USDT:USDT,0.1113,66358.6,0.1112,140974.1,0.1114,43740.5,0.1115,187034.1
1753617205126,11:53:25.126,bitget,AEVO/USDT:USDT,0.1113,66320.9,0.1112,33086.8,0.1114,43740.5,0.1115,79108.8
1753617205426,11:53:25.426,bitget,AEVO/USDT:USDT,0.1113,66320.9,0.1112,147574.0,0.1114,43740.5,0.1115,186917.7
1753617205577,11:53:25.577,bitget,AEVO/USDT:USDT,0.1113,66320.9,0.1112,147574.0,0.1114,43740.5,0.1115,186917.7
1753617205727,11:53:25.727,bitget,AEVO/USDT:USDT,0.1113,66320.9,0.1112,147574.0,0.1114,43740.5,0.1115,186917.7
1753617205877,11:53:25.877,bitget,AEVO/USDT:USDT,0.1113,66320.9,0.1112,147574.0,0.1114,43740.5,0.1115,186917.7
1753617206177,11:53:26.177,bitget,AEVO/USDT:USDT,0.1113,66320.9,0.1112,147574.0,0.1114,43740.5,0.1115,186917.7
1753617206327,11:53:26.327,bitget,AEVO/USDT:USDT,0.1113,66320.9,0.1112,147574.0,0.1114,28740.5,0.1115,186917.7
1753617206477,11:53:26.477,bitget,AEVO/USDT:USDT,0.1113,66320.9,0.1112,147574.0,0.1114,28740.5,0.1115,186917.7
1753617206627,11:53:26.627,bitget,AEVO/USDT:USDT,0.1113,66320.9,0.1112,147574.0,0.1114,28740.5,0.1115,186917.7
1753617206777,11:53:26.777,bitget,AEVO/USDT:USDT,0.1113,66320.9,0.1112,147574.0,0.1114,28740.5,0.1115,186917.7
1753617206927,11:53:26.927,bitget,AEVO/USDT:USDT,0.1113,66320.9,0.1112,147574.0,0.1114,28740.5,0.1115,186917.7
1753617207077,11:53:27.077,bitget,AEVO/USDT:USDT,0.1113,66320.9,0.1112,147574.0,0.1114,28740.5,0.1115,186917.7
1753617207227,11:53:27.227,bitget,AEVO/USDT:USDT,0.1113,66320.9,0.1112,147574.0,0.1114,28740.5,0.1115,186917.7
1753617207377,11:53:27.377,bitget,AEVO/USDT:USDT,0.1113,66320.9,0.1112,147574.0,0.1114,28740.5,0.1115,186917.7
1753617207528,11:53:27.528,bitget,AEVO/USDT:USDT,0.1113,66320.9,0.1112,147574.0,0.1114,28740.5,0.1115,186917.7
1753617207678,11:53:27.678,bitget,AEVO/USDT:USDT,0.1113,66320.9,0.1112,147574.0,0.1114,28740.5,0.1115,186917.7
1753617207828,11:53:27.828,bitget,AEVO/USDT:USDT,0.1113,66320.9,0.1112,147574.0,0.1114,28740.5,0.1115,186917.7
1753617207978,11:53:27.978,bitget,AEVO/USDT:USDT,0.1113,66320.9,0.1112,147574.0,0.1114,28740.5,0.1115,186917.7
1753617208128,11:53:28.128,bitget,AEVO/USDT:USDT,0.1113,66320.9,0.1112,147574.0,0.1114,38740.5,0.1115,186917.7
1753617208278,11:53:28.278,bitget,AEVO/USDT:USDT,0.1113,66320.9,0.1112,147574.0,0.1114,38740.5,0.1115,186917.7
1753617208428,11:53:28.428,bitget,AEVO/USDT:USDT,0.1113,66320.9,0.1112,147574.0,0.1114,38740.5,0.1115,186917.7
1753617208578,11:53:28.578,bitget,AEVO/USDT:USDT,0.1113,66320.9,0.1112,147574.0,0.1114,38740.5,0.1115,186917.7
1753617208728,11:53:28.728,bitget,AEVO/USDT:USDT,0.1113,66320.9,0.1112,147574.0,0.1114,38740.5,0.1115,186917.7
1753617208878,11:53:28.878,bitget,AEVO/USDT:USDT,0.1113,66320.9,0.1112,138584.9,0.1114,38740.5,0.1115,186917.7
1753617209028,11:53:29.028,bitget,AEVO/USDT:USDT,0.1113,66320.9,0.1112,138584.9,0.1114,38740.5,0.1115,186917.7
1753617209328,11:53:29.328,bitget,AEVO/USDT:USDT,0.1113,66320.9,0.1112,147573.6,0.1114,38740.5,0.1115,186917.7
1753617209479,11:53:29.479,bitget,AEVO/USDT:USDT,0.1113,66320.9,0.1112,147573.6,0.1114,38740.5,0.1115,186917.7
1753617209629,11:53:29.629,bitget,AEVO/USDT:USDT,0.1113,66320.9,0.1112,147573.6,0.1114,38740.5,0.1115,186917.7
1753617209779,11:53:29.779,bitget,AEVO/USDT:USDT,0.1113,66320.9,0.1112,147573.6,0.1114,38740.5,0.1115,186917.7
1753617209929,11:53:29.929,bitget,AEVO/USDT:USDT,0.1113,66320.9,0.1112,147573.6,0.1114,38740.5,0.1115,186917.7
1753617210079,11:53:30.079,bitget,AEVO/USDT:USDT,0.1113,26887.0,0.1112,186991.0,0.1114,28740.5,0.1115,186917.7
1753617210229,11:53:30.229,bitget,AEVO/USDT:USDT,0.1113,26887.0,0.1112,186991.0,0.1114,28740.5,0.1115,186917.7
1753617210379,11:53:30.379,bitget,AEVO/USDT:USDT,0.1113,26887.0,0.1112,186991.0,0.1114,28740.5,0.1115,186917.7
1753617210529,11:53:30.529,bitget,AEVO/USDT:USDT,0.1113,26887.0,0.1112,186991.0,0.1114,28740.5,0.1115,186917.7
1753617210679,11:53:30.679,bitget,AEVO/USDT:USDT,0.1113,26887.0,0.1112,186991.0,0.1114,28740.5,0.1115,186917.7
1753617210829,11:53:30.829,bitget,AEVO/USDT:USDT,0.1113,26887.0,0.1112,186991.0,0.1114,28740.5,0.1115,186917.7
1753617210979,11:53:30.979,bitget,AEVO/USDT:USDT,0.1113,26887.0,0.1112,186991.0,0.1114,28740.5,0.1115,186917.7
1753617211129,11:53:31.129,bitget,AEVO/USDT:USDT,0.1113,26887.0,0.1112,186991.0,0.1114,28740.5,0.1115,186917.7
1753617211280,11:53:31.280,bitget,AEVO/USDT:USDT,0.1113,26887.0,0.1112,186991.0,0.1114,28740.5,0.1115,186917.7
1753617211430,11:53:31.430,bitget,AEVO/USDT:USDT,0.1113,26887.0,0.1112,186991.0,0.1114,28740.5,0.1115,186917.7
1753617211580,11:53:31.580,bitget,AEVO/USDT:USDT,0.1113,26887.0,0.1112,186991.0,0.1114,28740.5,0.1115,186917.7
1753617211730,11:53:31.730,bitget,AEVO/USDT:USDT,0.1113,26887.0,0.1112,186991.0,0.1114,28740.5,0.1115,186917.7
1753617211880,11:53:31.880,bitget,AEVO/USDT:USDT,0.1113,26887.0,0.1112,186991.0,0.1114,28740.5,0.1115,186917.7
1753617212180,11:53:32.180,bitget,AEVO/USDT:USDT,0.1113,37649.3,0.1112,186991.0,0.1114,15951.9,0.1115,186917.7
1753617212480,11:53:32.480,bitget,AEVO/USDT:USDT,0.1113,37649.3,0.1112,186991.0,0.1114,13107.5,0.1115,186917.7
1753617212630,11:53:32.630,bitget,AEVO/USDT:USDT,0.1113,42141.6,0.1112,182494.6,0.1114,5123.6,0.1115,88080.4
1753617212780,11:53:32.780,bitget,AEVO/USDT:USDT,0.1113,42141.6,0.1112,186244.2,0.1115,88080.4,0.1116,157540.0
1753617212930,11:53:32.930,bitget,AEVO/USDT:USDT,0.1114,1887.1,0.1113,95806.8,0.1115,91900.4,0.1116,157540.0
1753617213080,11:53:33.080,bitget,AEVO/USDT:USDT,0.1114,1887.1,0.1113,95806.8,0.1115,92972.5,0.1116,157540.0
1753617213231,11:53:33.231,bitget,AEVO/USDT:USDT,0.1114,1887.1,0.1113,95806.8,0.1115,92972.5,0.1116,157540.0
1753617213381,11:53:33.381,bitget,AEVO/USDT:USDT,0.1114,1887.1,0.1113,95806.8,0.1115,92972.5,0.1116,157540.0
1753617213531,11:53:33.531,bitget,AEVO/USDT:USDT,0.1114,1887.1,0.1113,95806.8,0.1115,92972.5,0.1116,157540.0
1753617213681,11:53:33.681,bitget,AEVO/USDT:USDT,0.1114,1887.1,0.1113,95806.8,0.1115,92972.5,0.1116,157540.0
1753617213831,11:53:33.831,bitget,AEVO/USDT:USDT,0.1114,1887.1,0.1113,95806.8,0.1115,92972.5,0.1116,157540.0
1753617213981,11:53:33.981,bitget,AEVO/USDT:USDT,0.1114,1887.1,0.1113,95806.8,0.1115,92972.5,0.1116,157540.0
1753617214131,11:53:34.131,bitget,AEVO/USDT:USDT,0.1114,1887.1,0.1113,95806.8,0.1115,92972.5,0.1116,157540.0
1753617214431,11:53:34.431,bitget,AEVO/USDT:USDT,0.1113,203585.8,0.1112,66996.5,0.1115,92972.5,0.1116,157540.0
1753617214581,11:53:34.581,bitget,AEVO/USDT:USDT,0.1114,1887.1,0.1113,167071.3,0.1115,125572.6,0.1116,157540.0
1753617214731,11:53:34.731,bitget,AEVO/USDT:USDT,0.1113,167071.3,0.1112,66996.5,0.1115,89846.7,0.1116,157540.0
1753617214881,11:53:34.881,bitget,AEVO/USDT:USDT,0.1113,167071.3,0.1112,66996.5,0.1115,125963.3,0.1116,157540.0
1753617215031,11:53:35.031,bitget,AEVO/USDT:USDT,0.1113,167071.3,0.1112,66996.5,0.1115,125963.3,0.1116,157540.0
1753617215182,11:53:35.182,bitget,AEVO/USDT:USDT,0.1113,167071.3,0.1112,66996.5,0.1115,125963.3,0.1116,157540.0
1753617215332,11:53:35.332,bitget,AEVO/USDT:USDT,0.1113,167071.3,0.1112,66996.5,0.1115,125963.3,0.1116,157540.0
1753617215482,11:53:35.482,bitget,AEVO/USDT:USDT,0.1113,167071.3,0.1112,64685.7,0.1115,125963.3,0.1116,157540.0
1753617215632,11:53:35.632,bitget,AEVO/USDT:USDT,0.1113,167071.3,0.1112,64685.7,0.1115,125963.3,0.1116,157540.0
1753617215782,11:53:35.782,bitget,AEVO/USDT:USDT,0.1113,167071.3,0.1112,64685.7,0.1115,125963.3,0.1116,157540.0
1753617215932,11:53:35.932,bitget,AEVO/USDT:USDT,0.1113,167071.3,0.1112,64685.7,0.1115,125963.3,0.1116,157540.0
1753617216082,11:53:36.082,bitget,AEVO/USDT:USDT,0.1113,167071.3,0.1112,61075.1,0.1115,125963.3,0.1116,157540.0
1753617216382,11:53:36.382,bitget,AEVO/USDT:USDT,0.1114,1906.5,0.1113,167071.3,0.1115,125963.3,0.1116,157540.0
1753617216532,11:53:36.532,bitget,AEVO/USDT:USDT,0.1114,1906.5,0.1113,167071.3,0.1115,89846.7,0.1116,157540.0
1753617216682,11:53:36.682,bitget,AEVO/USDT:USDT,0.1114,1906.5,0.1113,167071.3,0.1115,125963.3,0.1116,157540.0
1753617216832,11:53:36.832,bitget,AEVO/USDT:USDT,0.1113,167071.3,0.1112,61075.1,0.1115,95768.1,0.1116,157540.0
1753617216982,11:53:36.982,bitget,AEVO/USDT:USDT,0.1113,167071.3,0.1112,65974.6,0.1115,125223.1,0.1116,157540.0
1753617217133,11:53:37.133,bitget,AEVO/USDT:USDT,0.1113,167071.3,0.1112,65974.6,0.1115,125223.1,0.1116,157540.0
1753617217283,11:53:37.283,bitget,AEVO/USDT:USDT,0.1113,167071.3,0.1112,65974.6,0.1115,125223.1,0.1116,157540.0
1753617217433,11:53:37.433,bitget,AEVO/USDT:USDT,0.1113,167071.3,0.1112,65974.6,0.1115,125223.1,0.1116,157540.0
1753617217583,11:53:37.583,bitget,AEVO/USDT:USDT,0.1113,167071.3,0.1112,65974.6,0.1114,1906.5,0.1115,125223.1
1753617217733,11:53:37.733,bitget,AEVO/USDT:USDT,0.1113,167071.3,0.1112,65974.6,0.1115,125223.1,0.1116,157540.0
1753617217883,11:53:37.883,bitget,AEVO/USDT:USDT,0.1113,59292.3,0.1112,173738.9,0.1114,1906.5,0.1115,125223.1
1753617218033,11:53:38.033,bitget,AEVO/USDT:USDT,0.1113,42141.6,0.1112,176725.7,0.1114,1906.5,0.1115,125223.1
1753617218183,11:53:38.183,bitget,AEVO/USDT:USDT,0.1113,42141.6,0.1112,176725.7,0.1115,125223.1,0.1116,157540.0
1753617218333,11:53:38.333,bitget,AEVO/USDT:USDT,0.1113,93689.5,0.1112,176725.7,0.1114,1906.5,0.1115,125223.1
1753617218483,11:53:38.483,bitget,AEVO/USDT:USDT,0.1113,48063.0,0.1112,174760.8,0.1115,125223.1,0.1116,157540.0
1753617218783,11:53:38.783,bitget,AEVO/USDT:USDT,0.1114,11906.5,0.1113,200713.6,0.1115,95768.1,0.1116,157540.0
1753617218933,11:53:38.933,bitget,AEVO/USDT:USDT,0.1114,11906.5,0.1113,165098.2,0.1115,95768.1,0.1116,157540.0
1753617219084,11:53:39.084,bitget,AEVO/USDT:USDT,0.1114,11906.5,0.1113,165098.2,0.1115,95768.1,0.1116,157540.0
1753617219234,11:53:39.234,bitget,AEVO/USDT:USDT,0.1114,11906.5,0.1113,165098.2,0.1115,95768.1,0.1116,157540.0
1753617219384,11:53:39.384,bitget,AEVO/USDT:USDT,0.1114,11906.5,0.1113,165098.2,0.1115,95768.1,0.1116,157540.0
1753617219534,11:53:39.534,bitget,AEVO/USDT:USDT,0.1114,11906.5,0.1113,165098.2,0.1115,95768.1,0.1116,157540.0
1753617219684,11:53:39.684,bitget,AEVO/USDT:USDT,0.1114,11906.5,0.1113,165098.2,0.1115,95768.1,0.1116,157540.0
1753617219834,11:53:39.834,bitget,AEVO/USDT:USDT,0.1114,11906.5,0.1113,165098.2,0.1115,95768.1,0.1116,157540.0
1753617219984,11:53:39.984,bitget,AEVO/USDT:USDT,0.1114,11906.5,0.1113,165098.2,0.1115,95768.1,0.1116,157540.0
1753617220134,11:53:40.134,bitget,AEVO/USDT:USDT,0.1114,11906.5,0.1113,165098.2,0.1115,95768.1,0.1116,157540.0
1753617220284,11:53:40.284,bitget,AEVO/USDT:USDT,0.1114,11906.5,0.1113,165098.2,0.1115,95768.1,0.1116,157540.0
1753617220434,11:53:40.434,bitget,AEVO/USDT:USDT,0.1114,11906.5,0.1113,165098.2,0.1115,95768.1,0.1116,157540.0
1753617220584,11:53:40.584,bitget,AEVO/USDT:USDT,0.1114,11906.5,0.1113,165098.2,0.1115,95768.1,0.1116,157540.0
1753617220734,11:53:40.734,bitget,AEVO/USDT:USDT,0.1114,11906.5,0.1113,165098.2,0.1115,95768.1,0.1116,157540.0
1753617220885,11:53:40.885,bitget,AEVO/USDT:USDT,0.1114,11906.5,0.1113,165098.2,0.1115,95768.1,0.1116,157540.0
1753617221035,11:53:41.035,bitget,AEVO/USDT:USDT,0.1114,11906.5,0.1113,165098.2,0.1115,95768.1,0.1116,157540.0
1753617221185,11:53:41.185,bitget,AEVO/USDT:USDT,0.1114,11906.5,0.1113,57333.9,0.1115,56334.2,0.1116,49749.2
1753617221335,11:53:41.335,bitget,AEVO/USDT:USDT,0.1114,11906.5,0.1113,195203.1,0.1115,89799.0,0.1116,157503.1
1753617221485,11:53:41.485,bitget,AEVO/USDT:USDT,0.1114,11906.5,0.1113,195203.1,0.1115,89799.0,0.1116,157503.1
1753617221785,11:53:41.785,bitget,AEVO/USDT:USDT,0.1114,11906.5,0.1113,195203.1,0.1115,89799.0,0.1116,157503.1
1753617221935,11:53:41.935,bitget,AEVO/USDT:USDT,0.1114,11906.5,0.1113,195203.1,0.1115,89799.0,0.1116,157503.1
1753617222085,11:53:42.085,bitget,AEVO/USDT:USDT,0.1114,11906.5,0.1113,195203.1,0.1115,89799.0,0.1116,157503.1
1753617222235,11:53:42.235,bitget,AEVO/USDT:USDT,0.1114,11906.5,0.1113,195203.1,0.1115,89799.0,0.1116,157503.1
1753617222385,11:53:42.385,bitget,AEVO/USDT:USDT,0.1114,11906.5,0.1113,195203.1,0.1115,89799.0,0.1116,157503.1
1753617222836,11:53:42.836,bitget,AEVO/USDT:USDT,0.1114,11906.5,0.1113,204184.2,0.1115,89799.0,0.1116,157503.1
1753617223286,11:53:43.286,bitget,AEVO/USDT:USDT,0.1114,11906.5,0.1113,204184.2,0.1115,89799.0,0.1116,157503.1
1753617223436,11:53:43.436,bitget,AEVO/USDT:USDT,0.1114,11906.5,0.1113,204184.2,0.1115,89799.0,0.1116,157503.1
1753617223586,11:53:43.586,bitget,AEVO/USDT:USDT,0.1114,11906.5,0.1113,204184.1,0.1115,89799.0,0.1116,157503.1
1753617223736,11:53:43.736,bitget,AEVO/USDT:USDT,0.1114,11906.5,0.1113,204184.1,0.1115,89799.0,0.1116,157503.1
1753617223886,11:53:43.886,bitget,AEVO/USDT:USDT,0.1114,11906.5,0.1113,204184.1,0.1115,89799.0,0.1116,157503.1
1753617224036,11:53:44.036,bitget,AEVO/USDT:USDT,0.1114,11906.5,0.1113,204184.1,0.1115,89799.0,0.1116,157503.1
1753617224186,11:53:44.186,bitget,AEVO/USDT:USDT,0.1114,11906.5,0.1113,204184.1,0.1115,89799.0,0.1116,157503.1
1753617224486,11:53:44.486,bitget,AEVO/USDT:USDT,0.1114,11906.5,0.1113,204184.1,0.1115,89799.0,0.1116,157503.1
1753617224636,11:53:44.636,bitget,AEVO/USDT:USDT,0.1114,11906.5,0.1113,204184.1,0.1115,89799.0,0.1116,157503.1
1753617224787,11:53:44.787,bitget,AEVO/USDT:USDT,0.1114,11906.5,0.1113,204184.1,0.1115,89799.0,0.1116,157503.1
1753617224937,11:53:44.937,bitget,AEVO/USDT:USDT,0.1114,11906.5,0.1113,204184.1,0.1115,50412.8,0.1116,157503.1
1753617225087,11:53:45.087,bitget,AEVO/USDT:USDT,0.1114,11906.5,0.1113,204184.1,0.1115,89788.4,0.1116,157503.1
1753617225237,11:53:45.237,bitget,AEVO/USDT:USDT,0.1114,11906.5,0.1113,204184.1,0.1115,89788.4,0.1116,157503.1
1753617225537,11:53:45.537,bitget,AEVO/USDT:USDT,0.1114,11906.5,0.1113,204184.1,0.1115,89788.4,0.1116,157503.1
1753617225987,11:53:45.987,bitget,AEVO/USDT:USDT,0.1114,11906.5,0.1113,195203.1,0.1115,89788.4,0.1116,157503.1
1753617226137,11:53:46.137,bitget,AEVO/USDT:USDT,0.1114,11906.5,0.1113,195203.1,0.1115,89788.4,0.1116,157503.1
1753617226287,11:53:46.287,bitget,AEVO/USDT:USDT,0.1114,11906.5,0.1113,195203.1,0.1115,89788.4,0.1116,157503.1
1753617226437,11:53:46.437,bitget,AEVO/USDT:USDT,0.1114,11906.5,0.1113,195203.1,0.1115,89788.4,0.1116,157503.1
1753617226588,11:53:46.588,bitget,AEVO/USDT:USDT,0.1114,11906.5,0.1113,195203.1,0.1115,89788.4,0.1116,157503.1
1753617226738,11:53:46.738,bitget,AEVO/USDT:USDT,0.1114,11906.5,0.1113,195203.1,0.1115,89788.4,0.1116,157503.1
1753617226888,11:53:46.888,bitget,AEVO/USDT:USDT,0.1114,11906.5,0.1113,195203.1,0.1115,89788.4,0.1116,157503.1
1753617227038,11:53:47.038,bitget,AEVO/USDT:USDT,0.1114,11906.5,0.1113,195203.1,0.1115,89788.4,0.1116,157503.1
1753617227188,11:53:47.188,bitget,AEVO/USDT:USDT,0.1114,11906.5,0.1113,204183.9,0.1115,64788.4,0.1116,157503.1
1753617227338,11:53:47.338,bitget,AEVO/USDT:USDT,0.1114,11906.5,0.1113,204183.9,0.1115,64788.4,0.1116,157503.1
1753617227488,11:53:47.488,bitget,AEVO/USDT:USDT,0.1114,11906.5,0.1113,204183.9,0.1115,64788.4,0.1116,157503.1
1753617227638,11:53:47.638,bitget,AEVO/USDT:USDT,0.1114,11906.5,0.1113,204183.9,0.1115,64788.4,0.1116,157503.1
1753617227788,11:53:47.788,bitget,AEVO/USDT:USDT,0.1114,11906.5,0.1113,204183.9,0.1115,64788.4,0.1116,157503.1
1753617227938,11:53:47.938,bitget,AEVO/USDT:USDT,0.1114,11906.5,0.1113,204183.9,0.1115,64788.4,0.1116,157503.1
1753617228088,11:53:48.088,bitget,AEVO/USDT:USDT,0.1114,11906.5,0.1113,204183.9,0.1115,64788.4,0.1116,157503.1
1753617228238,11:53:48.238,bitget,AEVO/USDT:USDT,0.1114,11906.5,0.1113,204183.9,0.1115,64788.4,0.1116,157503.1
1753617228388,11:53:48.388,bitget,AEVO/USDT:USDT,0.1114,11906.5,0.1113,204183.9,0.1115,64788.4,0.1116,157503.1
1753617228689,11:53:48.689,bitget,AEVO/USDT:USDT,0.1114,11906.5,0.1113,204183.9,0.1115,64788.4,0.1116,157503.1
1753617228839,11:53:48.839,bitget,AEVO/USDT:USDT,0.1114,11906.5,0.1113,204183.9,0.1115,74788.4,0.1116,157503.1
1753617229139,11:53:49.139,bitget,AEVO/USDT:USDT,0.1114,11906.5,0.1113,204183.9,0.1115,64788.4,0.1116,157503.1
1753617229289,11:53:49.289,bitget,AEVO/USDT:USDT,0.1114,11906.5,0.1113,204183.9,0.1115,64788.4,0.1116,157503.1
1753617229439,11:53:49.439,bitget,AEVO/USDT:USDT,0.1114,23145.0,0.1113,204183.9,0.1115,55819.8,0.1116,157503.1
1753617229589,11:53:49.589,bitget,AEVO/USDT:USDT,0.1114,23145.0,0.1113,204183.9,0.1115,55819.8,0.1116,157503.1
1753617229739,11:53:49.739,bitget,AEVO/USDT:USDT,0.1114,23145.0,0.1113,204183.9,0.1115,55819.8,0.1116,157503.1
1753617229889,11:53:49.889,bitget,AEVO/USDT:USDT,0.1114,23145.0,0.1113,204183.9,0.1115,64788.4,0.1116,157503.1
1753617230189,11:53:50.189,bitget,AEVO/USDT:USDT,0.1114,23145.0,0.1113,204183.9,0.1115,64788.4,0.1116,126273.1
1753617230340,11:53:50.340,bitget,AEVO/USDT:USDT,0.1114,23145.0,0.1113,204183.9,0.1115,64788.4,0.1116,126273.1
1753617230790,11:53:50.790,bitget,AEVO/USDT:USDT,0.1114,23145.0,0.1113,204183.9,0.1115,64788.4,0.1116,126273.1
1753617231090,11:53:51.090,bitget,AEVO/USDT:USDT,0.1114,21351.3,0.1113,204183.9,0.1115,64788.4,0.1116,126273.1
1753617231390,11:53:51.390,bitget,AEVO/USDT:USDT,0.1114,11906.5,0.1113,204183.9,0.1115,64788.4,0.1116,126273.1
1753617231540,11:53:51.540,bitget,AEVO/USDT:USDT,0.1114,11906.5,0.1113,204183.9,0.1115,64788.4,0.1116,155578.1
1753617231690,11:53:51.690,bitget,AEVO/USDT:USDT,0.1113,195203.1,0.1112,24761.5,0.1115,64788.4,0.1116,155578.1
1753617231840,11:53:51.840,bitget,AEVO/USDT:USDT,0.1114,1891.8,0.1113,195203.1,0.1115,95709.8,0.1116,155578.1
1753617231990,11:53:51.990,bitget,AEVO/USDT:USDT,0.1114,1891.8,0.1113,195203.1,0.1115,95709.8,0.1116,155578.1
1753617232291,11:53:52.291,bitget,AEVO/USDT:USDT,0.1113,195203.1,0.1112,25036.6,0.1115,125153.7,0.1116,155578.1
1753617232441,11:53:52.441,bitget,AEVO/USDT:USDT,0.1113,87449.2,0.1112,25036.6,0.1114,1891.8,0.1115,125153.7
1753617232891,11:53:52.891,bitget,AEVO/USDT:USDT,0.1113,87449.2,0.1112,144431.4,0.1114,1891.8,0.1115,125153.7
1753617233041,11:53:53.041,bitget,AEVO/USDT:USDT,0.1113,87449.2,0.1112,132747.9,0.1114,1891.8,0.1115,125153.7
1753617233191,11:53:53.191,bitget,AEVO/USDT:USDT,0.1113,87449.2,0.1112,132747.9,0.1114,1891.8,0.1115,125153.7
1753617233341,11:53:53.341,bitget,AEVO/USDT:USDT,0.1113,87449.2,0.1112,132747.9,0.1114,1891.8,0.1115,125153.7
1753617233491,11:53:53.491,bitget,AEVO/USDT:USDT,0.1113,195160.5,0.1112,25036.6,0.1114,1891.8,0.1115,125153.7
1753617233641,11:53:53.641,bitget,AEVO/USDT:USDT,0.1113,195160.5,0.1112,25036.6,0.1114,1891.8,0.1115,125153.7
1753617233791,11:53:53.791,bitget,AEVO/USDT:USDT,0.1113,195160.5,0.1112,21650.1,0.1114,1891.8,0.1115,125153.7
1753617234092,11:53:54.092,bitget,AEVO/USDT:USDT,0.1113,195160.5,0.1112,21650.1,0.1114,1891.8,0.1115,125153.7
1753617234242,11:53:54.242,bitget,AEVO/USDT:USDT,0.1113,195160.5,0.1112,21650.1,0.1114,1891.8,0.1115,125153.7
1753617234392,11:53:54.392,bitget,AEVO/USDT:USDT,0.1113,195160.5,0.1112,21650.1,0.1114,1891.8,0.1115,125153.7
1753617234542,11:53:54.542,bitget,AEVO/USDT:USDT,0.1113,195160.5,0.1112,21650.1,0.1114,1891.8,0.1115,125153.7
1753617234692,11:53:54.692,bitget,AEVO/USDT:USDT,0.1113,195160.5,0.1112,25430.6,0.1114,1891.8,0.1115,125153.7
1753617234842,11:53:54.842,bitget,AEVO/USDT:USDT,0.1113,195160.5,0.1112,25430.6,0.1114,1891.8,0.1115,125153.7
1753617234992,11:53:54.992,bitget,AEVO/USDT:USDT,0.1113,195160.5,0.1112,25430.6,0.1114,1891.8,0.1115,125153.7
1753617235142,11:53:55.142,bitget,AEVO/USDT:USDT,0.1113,195160.5,0.1112,25430.6,0.1114,1891.8,0.1115,125153.7
1753617235292,11:53:55.292,bitget,AEVO/USDT:USDT,0.1113,195160.5,0.1112,25430.6,0.1114,1891.8,0.1115,125153.7
1753617235442,11:53:55.442,bitget,AEVO/USDT:USDT,0.1113,195160.5,0.1112,25430.6,0.1114,1891.8,0.1115,125153.7
1753617235592,11:53:55.592,bitget,AEVO/USDT:USDT,0.1113,195160.5,0.1112,25430.6,0.1114,1891.8,0.1115,125153.7
1753617235742,11:53:55.742,bitget,AEVO/USDT:USDT,0.1113,87449.2,0.1112,25430.6,0.1114,1891.8,0.1115,125153.7
1753617235893,11:53:55.893,bitget,AEVO/USDT:USDT,0.1113,87449.2,0.1112,133144.7,0.1114,1891.8,0.1115,125153.7
1753617236043,11:53:56.043,bitget,AEVO/USDT:USDT,0.1113,87449.2,0.1112,133144.7,0.1114,1891.8,0.1115,125153.7
1753617236193,11:53:56.193,bitget,AEVO/USDT:USDT,0.1113,87449.2,0.1112,133144.7,0.1114,1891.8,0.1115,125153.7
1753617236343,11:53:56.343,bitget,AEVO/USDT:USDT,0.1113,119596.9,0.1112,133144.7,0.1114,1891.7,0.1115,125153.7
1753617236493,11:53:56.493,bitget,AEVO/USDT:USDT,0.1113,87449.2,0.1112,133144.7,0.1114,1891.7,0.1115,125153.7
1753617236643,11:53:56.643,bitget,AEVO/USDT:USDT,0.1113,87449.2,0.1112,133144.7,0.1114,1891.7,0.1115,125153.7
1753617236793,11:53:56.793,bitget,AEVO/USDT:USDT,0.1113,87449.2,0.1112,133144.7,0.1114,1891.7,0.1115,125153.7
1753617236943,11:53:56.943,bitget,AEVO/USDT:USDT,0.1113,87449.2,0.1112,133144.7,0.1114,1891.7,0.1115,125153.7
1753617237093,11:53:57.093,bitget,AEVO/USDT:USDT,0.1113,87449.2,0.1112,133144.7,0.1114,1891.7,0.1115,125153.7
1753617237243,11:53:57.243,bitget,AEVO/USDT:USDT,0.1113,48063.0,0.1112,25430.6,0.1114,1891.7,0.1115,125123.9
1753617237393,11:53:57.393,bitget,AEVO/USDT:USDT,0.1113,87408.8,0.1112,133144.7,0.1114,1891.7,0.1115,93537.9
1753617237543,11:53:57.543,bitget,AEVO/USDT:USDT,0.1113,195122.9,0.1112,25430.6,0.1114,1891.7,0.1115,125379.8
1753617237693,11:53:57.693,bitget,AEVO/USDT:USDT,0.1113,195122.9,0.1112,25430.6,0.1114,1891.7,0.1115,125379.8
1753617237844,11:53:57.844,bitget,AEVO/USDT:USDT,0.1113,195122.9,0.1112,25430.6,0.1114,1891.7,0.1115,125379.8
1753617237994,11:53:57.994,bitget,AEVO/USDT:USDT,0.1113,195122.9,0.1112,25430.6,0.1114,1891.7,0.1115,125379.8
1753617238144,11:53:58.144,bitget,AEVO/USDT:USDT,0.1113,195122.9,0.1112,25430.6,0.1114,1891.7,0.1115,125379.8
1753617238294,11:53:58.294,bitget,AEVO/USDT:USDT,0.1113,195122.9,0.1112,25430.6,0.1114,1891.7,0.1115,125379.8
1753617238444,11:53:58.444,bitget,AEVO/USDT:USDT,0.1113,195122.9,0.1112,25430.6,0.1114,1891.7,0.1115,125379.8
1753617238594,11:53:58.594,bitget,AEVO/USDT:USDT,0.1113,195122.9,0.1112,25430.6,0.1114,1891.7,0.1115,125379.8
1753617238744,11:53:58.744,bitget,AEVO/USDT:USDT,0.1113,195122.9,0.1112,25430.6,0.1114,1891.7,0.1115,125379.8
1753617238894,11:53:58.894,bitget,AEVO/USDT:USDT,0.1113,195122.9,0.1112,25430.6,0.1114,1891.7,0.1115,125379.8
1753617239044,11:53:59.044,bitget,AEVO/USDT:USDT,0.1113,195122.9,0.1112,25430.6,0.1114,1891.7,0.1115,125379.8
1753617239194,11:53:59.194,bitget,AEVO/USDT:USDT,0.1113,195122.9,0.1112,25430.6,0.1114,1891.7,0.1115,125379.8
1753617239494,11:53:59.494,bitget,AEVO/USDT:USDT,0.1113,87408.8,0.1112,133147.7,0.1114,1891.7,0.1115,125379.8
1753617239645,11:53:59.645,bitget,AEVO/USDT:USDT,0.1113,87408.8,0.1112,133147.7,0.1114,1891.7,0.1115,125379.8
1753617239795,11:53:59.795,bitget,AEVO/USDT:USDT,0.1113,87408.8,0.1112,133147.7,0.1114,1891.7,0.1115,125379.8
1753617239945,11:53:59.945,bitget,AEVO/USDT:USDT,0.1113,87408.8,0.1112,133147.7,0.1114,1891.7,0.1115,125379.8
1753617240245,11:54:00.245,bitget,AEVO/USDT:USDT,0.1113,87408.8,0.1112,133147.7,0.1114,1891.7,0.1115,125379.8
1753617240395,11:54:00.395,bitget,AEVO/USDT:USDT,0.1113,87408.8,0.1112,133147.7,0.1114,1891.7,0.1115,125379.8
1753617240545,11:54:00.545,bitget,AEVO/USDT:USDT,0.1113,87408.8,0.1112,133147.7,0.1114,1891.7,0.1115,125379.8
1753617240695,11:54:00.695,bitget,AEVO/USDT:USDT,0.1113,87408.8,0.1112,133147.7,0.1114,1891.7,0.1115,125379.8
1753617240845,11:54:00.845,bitget,AEVO/USDT:USDT,0.1113,87408.8,0.1112,133147.7,0.1114,1891.7,0.1115,125379.8
1753617240995,11:54:00.995,bitget,AEVO/USDT:USDT,0.1113,87408.8,0.1112,133147.7,0.1114,1891.7,0.1115,125379.8
1753617241295,11:54:01.295,bitget,AEVO/USDT:USDT,0.1113,87408.8,0.1112,133147.7,0.1114,1891.7,0.1115,125379.8
1753617241596,11:54:01.596,bitget,AEVO/USDT:USDT,0.1113,87408.8,0.1112,133147.7,0.1114,1891.7,0.1115,125379.8
1753617241746,11:54:01.746,bitget,AEVO/USDT:USDT,0.1113,32808.4,0.1112,133147.7,0.1114,42398.0,0.1115,224129.6
1753617241896,11:54:01.896,bitget,AEVO/USDT:USDT,0.1113,66224.9,0.1112,133155.7,0.1114,42398.0,0.1115,224129.6
1753617242046,11:54:02.046,bitget,AEVO/USDT:USDT,0.1113,66224.9,0.1112,124166.6,0.1114,42398.0,0.1115,224129.6
1753617242196,11:54:02.196,bitget,AEVO/USDT:USDT,0.1113,66224.9,0.1112,124166.6,0.1114,42398.0,0.1115,224129.6
1753617242346,11:54:02.346,bitget,AEVO/USDT:USDT,0.1113,66224.9,0.1112,124166.6,0.1114,42398.0,0.1115,224129.6
1753617242496,11:54:02.496,bitget,AEVO/USDT:USDT,0.1113,41224.9,0.1112,124166.6,0.1114,42398.0,0.1115,224129.6
1753617242646,11:54:02.646,bitget,AEVO/USDT:USDT,0.1113,41224.9,0.1112,124166.6,0.1114,42398.0,0.1115,224129.6
1753617242796,11:54:02.796,bitget,AEVO/USDT:USDT,0.1113,1887.0,0.1112,163503.3,0.1114,42398.0,0.1115,199129.6
1753617242946,11:54:02.946,bitget,AEVO/USDT:USDT,0.1113,8586.9,0.1112,165644.2,0.1114,42398.0,0.1115,199129.6
1753617243096,11:54:03.096,bitget,AEVO/USDT:USDT,0.1113,2665.5,0.1112,165644.2,0.1114,42398.0,0.1115,199129.6
1753617243247,11:54:03.247,bitget,AEVO/USDT:USDT,0.1113,4754.6,0.1112,165644.2,0.1114,42398.0,0.1115,199129.6
1753617243397,11:54:03.397,bitget,AEVO/USDT:USDT,0.1113,4754.6,0.1112,165644.2,0.1114,42398.0,0.1115,199129.6
1753617243547,11:54:03.547,bitget,AEVO/USDT:USDT,0.1113,4754.6,0.1112,165644.2,0.1114,42398.0,0.1115,199129.6
1753617243697,11:54:03.697,bitget,AEVO/USDT:USDT,0.1113,3976.1,0.1112,165644.2,0.1114,57398.0,0.1115,199129.6
1753617243847,11:54:03.847,bitget,AEVO/USDT:USDT,0.1113,3976.1,0.1112,165644.2,0.1114,57398.0,0.1115,199129.6
1753617244147,11:54:04.147,bitget,AEVO/USDT:USDT,0.1113,3976.1,0.1112,165644.2,0.1114,57398.0,0.1115,199129.6
1753617244297,11:54:04.297,bitget,AEVO/USDT:USDT,0.1113,3976.1,0.1112,165644.2,0.1114,57398.0,0.1115,199129.6
1753617244447,11:54:04.447,bitget,AEVO/USDT:USDT,0.1113,3976.1,0.1112,163503.3,0.1114,57398.0,0.1115,199129.6
1753617244597,11:54:04.597,bitget,AEVO/USDT:USDT,0.1113,3976.1,0.1112,163503.3,0.1114,57398.0,0.1115,199129.6
1753617244747,11:54:04.747,bitget,AEVO/USDT:USDT,0.1113,3976.1,0.1112,165644.2,0.1114,57398.0,0.1115,199129.6
1753617244897,11:54:04.897,bitget,AEVO/USDT:USDT,0.1113,3976.1,0.1112,165644.2,0.1114,57398.0,0.1115,199129.6
1753617245047,11:54:05.047,bitget,AEVO/USDT:USDT,0.1113,3976.1,0.1112,165644.2,0.1114,57398.0,0.1115,199129.6
1753617245197,11:54:05.197,bitget,AEVO/USDT:USDT,0.1113,3976.1,0.1112,165644.2,0.1114,57398.0,0.1115,199129.6
1753617245348,11:54:05.348,bitget,AEVO/USDT:USDT,0.1113,1887.0,0.1112,165644.2,0.1114,57398.0,0.1115,199129.6
1753617245498,11:54:05.498,bitget,AEVO/USDT:USDT,0.1113,1887.0,0.1112,165648.3,0.1114,57398.0,0.1115,199129.6
1753617245648,11:54:05.648,bitget,AEVO/USDT:USDT,0.1113,1887.0,0.1112,165648.3,0.1114,57398.0,0.1115,199129.6
1753617245798,11:54:05.798,bitget,AEVO/USDT:USDT,0.1113,1887.0,0.1112,165648.3,0.1114,57398.0,0.1115,199129.6
1753617245948,11:54:05.948,bitget,AEVO/USDT:USDT,0.1113,1887.0,0.1112,165648.3,0.1114,57398.0,0.1115,199129.6
1753617246098,11:54:06.098,bitget,AEVO/USDT:USDT,0.1113,1887.0,0.1112,165648.3,0.1114,57398.0,0.1115,199129.6
1753617246248,11:54:06.248,bitget,AEVO/USDT:USDT,0.1112,57931.2,0.1111,133000.4,0.1114,57398.0,0.1115,199129.6
1753617246398,11:54:06.398,bitget,AEVO/USDT:USDT,0.1112,94564.4,0.1111,133000.4,0.1113,1901.1,0.1114,98630.8
1753617246548,11:54:06.548,bitget,AEVO/USDT:USDT,0.1112,62427.6,0.1111,133000.4,0.1113,1901.1,0.1114,98630.8
1753617246698,11:54:06.698,bitget,AEVO/USDT:USDT,0.1112,85286.7,0.1111,133000.4,0.1113,1901.1,0.1114,98630.8
1753617246848,11:54:06.848,bitget,AEVO/USDT:USDT,0.1112,85286.7,0.1111,133000.4,0.1114,98630.8,0.1115,199129.6
1753617246998,11:54:06.998,bitget,AEVO/USDT:USDT,0.1113,1901.1,0.1112,119832.0,0.1114,98630.8,0.1115,199129.6
1753617247449,11:54:07.449,bitget,AEVO/USDT:USDT,0.1112,119832.0,0.1111,133000.4,0.1113,1901.1,0.1114,98630.8
1753617247599,11:54:07.599,bitget,AEVO/USDT:USDT,0.1112,87427.6,0.1111,133000.4,0.1113,1901.1,0.1114,98630.8
1753617247749,11:54:07.749,bitget,AEVO/USDT:USDT,0.1112,85286.7,0.1111,133000.4,0.1113,1901.1,0.1114,98630.8
1753617247899,11:54:07.899,bitget,AEVO/USDT:USDT,0.1112,85286.7,0.1111,133000.4,0.1113,1901.1,0.1114,98630.8
1753617248049,11:54:08.049,bitget,AEVO/USDT:USDT,0.1112,85286.7,0.1111,133000.4,0.1113,1901.1,0.1114,206380.9
1753617248199,11:54:08.199,bitget,AEVO/USDT:USDT,0.1112,85286.7,0.1111,133000.4,0.1113,1901.1,0.1114,174064.4
1753617248349,11:54:08.349,bitget,AEVO/USDT:USDT,0.1112,85286.7,0.1111,133000.4,0.1113,1901.1,0.1114,174064.4
1753617248499,11:54:08.499,bitget,AEVO/USDT:USDT,0.1112,85286.7,0.1111,133000.4,0.1113,1901.1,0.1114,174064.4
1753617248649,11:54:08.649,bitget,AEVO/USDT:USDT,0.1112,85286.7,0.1111,133000.4,0.1113,6707.3,0.1114,174064.4
1753617248799,11:54:08.799,bitget,AEVO/USDT:USDT,0.1112,85286.7,0.1111,133000.4,0.1113,18501.0,0.1114,174064.4
1753617248950,11:54:08.950,bitget,AEVO/USDT:USDT,0.1112,85286.7,0.1111,133000.4,0.1113,13694.8,0.1114,174064.4
1753617249100,11:54:09.100,bitget,AEVO/USDT:USDT,0.1112,85286.7,0.1111,133000.4,0.1113,13694.8,0.1114,174064.4
1753617249250,11:54:09.250,bitget,AEVO/USDT:USDT,0.1112,85286.7,0.1111,133000.4,0.1113,13694.8,0.1114,174064.4
1753617249400,11:54:09.400,bitget,AEVO/USDT:USDT,0.1112,85286.7,0.1111,133000.4,0.1113,13694.8,0.1114,174064.4
1753617249550,11:54:09.550,bitget,AEVO/USDT:USDT,0.1112,85286.7,0.1111,133000.4,0.1113,13694.8,0.1114,174064.4
1753617249700,11:54:09.700,bitget,AEVO/USDT:USDT,0.1112,85286.7,0.1111,133000.4,0.1113,13694.8,0.1114,174064.4
1753617249850,11:54:09.850,bitget,AEVO/USDT:USDT,0.1112,85286.7,0.1111,133000.4,0.1113,13694.8,0.1114,174064.4
1753617250000,11:54:10.000,bitget,AEVO/USDT:USDT,0.1112,85286.7,0.1111,133000.4,0.1113,13694.8,0.1114,174064.4
1753617250150,11:54:10.150,bitget,AEVO/USDT:USDT,0.1112,85286.7,0.1111,133000.4,0.1113,13694.8,0.1114,174064.4
1753617250300,11:54:10.300,bitget,AEVO/USDT:USDT,0.1112,85286.7,0.1111,133000.4,0.1113,13694.8,0.1114,174064.4
1753617250450,11:54:10.450,bitget,AEVO/USDT:USDT,0.1112,85286.7,0.1111,133000.4,0.1113,13694.8,0.1114,174064.4
1753617250600,11:54:10.600,bitget,AEVO/USDT:USDT,0.1112,85286.7,0.1111,133000.4,0.1113,13694.8,0.1114,174064.4
1753617250750,11:54:10.750,bitget,AEVO/USDT:USDT,0.1112,85286.7,0.1111,133000.4,0.1113,13694.8,0.1114,174064.4
1753617250901,11:54:10.901,bitget,AEVO/USDT:USDT,0.1112,85286.7,0.1111,133000.4,0.1113,13694.8,0.1114,174064.4
1753617251051,11:54:11.051,bitget,AEVO/USDT:USDT,0.1112,85286.7,0.1111,133000.4,0.1113,13694.8,0.1114,174064.4
1753617251201,11:54:11.201,bitget,AEVO/USDT:USDT,0.1112,85286.7,0.1111,133000.4,0.1113,13694.8,0.1114,174064.4
1753617251501,11:54:11.501,bitget,AEVO/USDT:USDT,0.1112,85286.7,0.1111,133000.4,0.1113,13694.8,0.1114,174064.4
1753617251651,11:54:11.651,bitget,AEVO/USDT:USDT,0.1112,85286.7,0.1111,133000.4,0.1113,13694.8,0.1114,174064.4
1753617251801,11:54:11.801,bitget,AEVO/USDT:USDT,0.1112,85286.7,0.1111,133000.4,0.1113,13694.8,0.1114,174064.4
1753617251951,11:54:11.951,bitget,AEVO/USDT:USDT,0.1112,85286.7,0.1111,133000.4,0.1113,13694.8,0.1114,174064.4
1753617252101,11:54:12.101,bitget,AEVO/USDT:USDT,0.1112,85286.7,0.1111,133000.4,0.1113,13694.8,0.1114,174064.4
1753617252251,11:54:12.251,bitget,AEVO/USDT:USDT,0.1112,85286.7,0.1111,133000.4,0.1113,13694.8,0.1114,174064.4
1753617252401,11:54:12.401,bitget,AEVO/USDT:USDT,0.1112,85286.7,0.1111,133000.4,0.1113,13694.8,0.1114,174064.4
1753617252551,11:54:12.551,bitget,AEVO/USDT:USDT,0.1112,85286.7,0.1111,133000.4,0.1113,13694.8,0.1114,174064.4
1753617252702,11:54:12.702,bitget,AEVO/USDT:USDT,0.1112,85286.7,0.1111,133000.4,0.1113,13694.8,0.1114,174064.4
1753617252852,11:54:12.852,bitget,AEVO/USDT:USDT,0.1112,85286.7,0.1111,133000.4,0.1113,13694.8,0.1114,174064.4
1753617253002,11:54:13.002,bitget,AEVO/USDT:USDT,0.1112,85286.7,0.1111,133000.4,0.1113,13694.8,0.1114,174064.4
1753617253152,11:54:13.152,bitget,AEVO/USDT:USDT,0.1112,85291.2,0.1111,133053.5,0.1113,13694.8,0.1114,105659.6
1753617253302,11:54:13.302,bitget,AEVO/USDT:USDT,0.1112,85291.2,0.1111,133053.5,0.1113,13694.8,0.1114,204533.5
1753617253452,11:54:13.452,bitget,AEVO/USDT:USDT,0.1112,85291.2,0.1111,133053.5,0.1113,13694.8,0.1114,204533.5
1753617253602,11:54:13.602,bitget,AEVO/USDT:USDT,0.1112,85291.2,0.1111,133053.5,0.1113,13694.8,0.1114,204533.5
1753617253752,11:54:13.752,bitget,AEVO/USDT:USDT,0.1112,85291.2,0.1111,133053.5,0.1113,13694.8,0.1114,204533.5
1753617253902,11:54:13.902,bitget,AEVO/USDT:USDT,0.1112,85291.2,0.1111,133053.5,0.1113,13694.8,0.1114,204533.5
1753617254202,11:54:14.202,bitget,AEVO/USDT:USDT,0.1112,85291.2,0.1111,133053.5,0.1113,13694.8,0.1114,204533.5
1753617254503,11:54:14.503,bitget,AEVO/USDT:USDT,0.1112,85291.2,0.1111,133053.5,0.1113,13694.8,0.1114,204533.5
1753617254653,11:54:14.653,bitget,AEVO/USDT:USDT,0.1112,85291.2,0.1111,136545.2,0.1113,13694.8,0.1114,204533.5
1753617254803,11:54:14.803,bitget,AEVO/USDT:USDT,0.1112,85291.2,0.1111,136545.2,0.1113,13694.8,0.1114,204533.5
1753617254953,11:54:14.953,bitget,AEVO/USDT:USDT,0.1112,85291.2,0.1111,136545.2,0.1113,13694.8,0.1114,204533.5
1753617255103,11:54:15.103,bitget,AEVO/USDT:USDT,0.1112,85291.2,0.1111,136545.2,0.1113,13694.8,0.1114,204533.5
1753617255253,11:54:15.253,bitget,AEVO/USDT:USDT,0.1112,85291.2,0.1111,136545.2,0.1113,13694.8,0.1114,204533.5
1753617255703,11:54:15.703,bitget,AEVO/USDT:USDT,0.1112,85291.2,0.1111,136545.2,0.1113,13694.8,0.1114,204533.5
1753617255853,11:54:15.853,bitget,AEVO/USDT:USDT,0.1112,85291.2,0.1111,136545.2,0.1113,13694.8,0.1114,204533.5
1753617256003,11:54:16.003,bitget,AEVO/USDT:USDT,0.1112,85291.2,0.1111,136545.2,0.1113,13694.8,0.1114,204533.5
1753617256153,11:54:16.153,bitget,AEVO/USDT:USDT,0.1112,85291.2,0.1111,136545.2,0.1113,13694.8,0.1114,204533.5
1753617256304,11:54:16.304,bitget,AEVO/USDT:USDT,0.1112,85291.2,0.1111,136545.2,0.1113,13694.8,0.1114,204533.5
1753617256454,11:54:16.454,bitget,AEVO/USDT:USDT,0.1112,85291.2,0.1111,136545.2,0.1113,13694.8,0.1114,204533.5
1753617256604,11:54:16.604,bitget,AEVO/USDT:USDT,0.1112,85291.2,0.1111,136545.2,0.1113,13694.8,0.1114,204533.5
1753617256754,11:54:16.754,bitget,AEVO/USDT:USDT,0.1112,85291.2,0.1111,136545.2,0.1113,13694.8,0.1114,204533.5
1753617256904,11:54:16.904,bitget,AEVO/USDT:USDT,0.1112,85291.2,0.1111,136545.2,0.1113,13694.8,0.1114,204533.5
1753617257054,11:54:17.054,bitget,AEVO/USDT:USDT,0.1112,85291.2,0.1111,134296.4,0.1113,22676.0,0.1114,195560.4
1753617257204,11:54:17.204,bitget,AEVO/USDT:USDT,0.1112,85291.2,0.1111,133053.5,0.1113,22676.0,0.1114,195560.4
1753617257354,11:54:17.354,bitget,AEVO/USDT:USDT,0.1112,85291.2,0.1111,133053.5,0.1113,22676.0,0.1114,195560.4
1753617257504,11:54:17.504,bitget,AEVO/USDT:USDT,0.1112,85291.2,0.1111,133053.5,0.1113,22676.0,0.1114,195560.4
1753617257654,11:54:17.654,bitget,AEVO/USDT:USDT,0.1112,85291.2,0.1111,133053.5,0.1113,22676.0,0.1114,195560.4
1753617257804,11:54:17.804,bitget,AEVO/USDT:USDT,0.1112,85291.2,0.1111,133053.5,0.1113,22676.0,0.1114,195560.4
1753617257954,11:54:17.954,bitget,AEVO/USDT:USDT,0.1112,85291.2,0.1111,133053.5,0.1113,22676.0,0.1114,195560.4
1753617258104,11:54:18.104,bitget,AEVO/USDT:USDT,0.1112,85291.2,0.1111,133053.5,0.1113,22676.0,0.1114,195560.4
1753617258255,11:54:18.255,bitget,AEVO/USDT:USDT,0.1112,85291.2,0.1111,133053.5,0.1113,22676.0,0.1114,195560.4
1753617258405,11:54:18.405,bitget,AEVO/USDT:USDT,0.1112,85291.2,0.1111,133053.5,0.1113,22676.0,0.1114,195560.4
1753617258555,11:54:18.555,bitget,AEVO/USDT:USDT,0.1112,85291.2,0.1111,133053.5,0.1113,22676.0,0.1114,195560.4
1753617258705,11:54:18.705,bitget,AEVO/USDT:USDT,0.1112,85291.2,0.1111,133053.5,0.1113,22676.0,0.1114,195560.4
1753617258855,11:54:18.855,bitget,AEVO/USDT:USDT,0.1112,85291.2,0.1111,133053.5,0.1113,22676.0,0.1114,195560.4
1753617259005,11:54:19.005,bitget,AEVO/USDT:USDT,0.1112,85291.2,0.1111,133053.5,0.1113,22676.0,0.1114,195560.4
1753617259155,11:54:19.155,bitget,AEVO/USDT:USDT,0.1112,85291.2,0.1111,133053.5,0.1113,22676.0,0.1114,195560.4
1753617259305,11:54:19.305,bitget,AEVO/USDT:USDT,0.1112,85291.2,0.1111,133053.5,0.1113,22676.0,0.1114,195560.4
1753617259455,11:54:19.455,bitget,AEVO/USDT:USDT,0.1112,85291.2,0.1111,133053.5,0.1113,22676.0,0.1114,195560.4
1753617259605,11:54:19.605,bitget,AEVO/USDT:USDT,0.1112,85291.2,0.1111,133053.5,0.1113,22676.0,0.1114,195560.4
1753617259905,11:54:19.905,bitget,AEVO/USDT:USDT,0.1112,85291.2,0.1111,133053.5,0.1113,22676.0,0.1114,195560.4
1753617260056,11:54:20.056,bitget,AEVO/USDT:USDT,0.1112,85291.2,0.1111,133053.5,0.1113,22676.0,0.1114,195560.4
1753617260206,11:54:20.206,bitget,AEVO/USDT:USDT,0.1112,85291.2,0.1111,133053.5,0.1113,22676.0,0.1114,195560.4
1753617260506,11:54:20.506,bitget,AEVO/USDT:USDT,0.1112,85291.2,0.1111,133053.5,0.1113,13694.8,0.1114,195560.4
1753617260656,11:54:20.656,bitget,AEVO/USDT:USDT,0.1112,85291.2,0.1111,133053.5,0.1113,13694.8,0.1114,195560.4
1753617260806,11:54:20.806,bitget,AEVO/USDT:USDT,0.1112,85291.2,0.1111,133053.5,0.1113,22676.0,0.1114,195560.4
1753617260956,11:54:20.956,bitget,AEVO/USDT:USDT,0.1112,85291.2,0.1111,133053.5,0.1113,22676.0,0.1114,195560.4
1753617261106,11:54:21.106,bitget,AEVO/USDT:USDT,0.1112,85291.2,0.1111,133053.5,0.1113,22676.0,0.1114,195560.4
1753617261256,11:54:21.256,bitget,AEVO/USDT:USDT,0.1112,85291.2,0.1111,133053.5,0.1113,22676.0,0.1114,195560.4
1753617261406,11:54:21.406,bitget,AEVO/USDT:USDT,0.1112,85291.2,0.1111,133053.5,0.1113,22676.0,0.1114,195560.4
1753617261556,11:54:21.556,bitget,AEVO/USDT:USDT,0.1112,85291.2,0.1111,133053.5,0.1113,22676.0,0.1114,195560.4
1753617261706,11:54:21.706,bitget,AEVO/USDT:USDT,0.1112,85291.2,0.1111,133053.5,0.1113,22676.0,0.1114,195560.4
1753617261857,11:54:21.857,bitget,AEVO/USDT:USDT,0.1112,85291.2,0.1111,133053.5,0.1113,22676.0,0.1114,195560.4
1753617262007,11:54:22.007,bitget,AEVO/USDT:USDT,0.1112,85291.2,0.1111,133053.5,0.1113,22676.0,0.1114,195560.4
1753617262157,11:54:22.157,bitget,AEVO/USDT:USDT,0.1112,85291.2,0.1111,133053.5,0.1113,22676.0,0.1114,195560.4
1753617262457,11:54:22.457,bitget,AEVO/USDT:USDT,0.1112,85291.2,0.1111,133053.5,0.1113,22676.0,0.1114,195560.4
1753617262607,11:54:22.607,bitget,AEVO/USDT:USDT,0.1112,85291.2,0.1111,133053.5,0.1113,22676.0,0.1114,195560.4
1753617262757,11:54:22.757,bitget,AEVO/USDT:USDT,0.1112,85291.2,0.1111,133053.5,0.1113,13694.8,0.1114,204541.2
1753617262907,11:54:22.907,bitget,AEVO/USDT:USDT,0.1112,85291.2,0.1111,133053.5,0.1113,13694.8,0.1114,204541.2
1753617263057,11:54:23.057,bitget,AEVO/USDT:USDT,0.1112,85291.2,0.1111,133053.5,0.1113,13694.8,0.1114,204541.2
1753617263207,11:54:23.207,bitget,AEVO/USDT:USDT,0.1112,85291.2,0.1111,133053.5,0.1113,13694.8,0.1114,204541.2
1753617263357,11:54:23.357,bitget,AEVO/USDT:USDT,0.1112,85291.2,0.1111,133053.5,0.1113,13694.8,0.1114,204541.2
1753617263507,11:54:23.507,bitget,AEVO/USDT:USDT,0.1112,85291.2,0.1111,133053.5,0.1113,13694.8,0.1114,204541.2
1753617263657,11:54:23.657,bitget,AEVO/USDT:USDT,0.1112,85291.2,0.1111,133053.5,0.1113,13694.8,0.1114,204541.2
1753617263808,11:54:23.808,bitget,AEVO/USDT:USDT,0.1112,85291.2,0.1111,133053.5,0.1113,13694.8,0.1114,204541.2
1753617263958,11:54:23.958,bitget,AEVO/USDT:USDT,0.1112,85291.2,0.1111,133053.5,0.1113,13694.8,0.1114,204541.2
1753617264258,11:54:24.258,bitget,AEVO/USDT:USDT,0.1112,85291.2,0.1111,133053.5,0.1113,13694.8,0.1114,195560.4
1753617264558,11:54:24.558,bitget,AEVO/USDT:USDT,0.1112,85291.2,0.1111,133053.5,0.1113,13694.8,0.1114,195560.4
1753617264708,11:54:24.708,bitget,AEVO/USDT:USDT,0.1112,85291.2,0.1111,133053.5,0.1113,13694.8,0.1114,195560.4
1753617264858,11:54:24.858,bitget,AEVO/USDT:USDT,0.1112,85291.2,0.1111,133053.5,0.1113,13694.8,0.1114,204541.2
1753617265008,11:54:25.008,bitget,AEVO/USDT:USDT,0.1112,85291.2,0.1111,133053.5,0.1113,13694.8,0.1114,204541.2
1753617265158,11:54:25.158,bitget,AEVO/USDT:USDT,0.1112,85291.2,0.1111,133053.5,0.1113,22675.9,0.1114,195560.4
1753617265609,11:54:25.609,bitget,AEVO/USDT:USDT,0.1112,85291.2,0.1111,133053.5,0.1113,22675.9,0.1114,195560.4
1753617265759,11:54:25.759,bitget,AEVO/USDT:USDT,0.1112,85291.2,0.1111,133053.5,0.1113,22675.9,0.1114,195560.4
1753617265909,11:54:25.909,bitget,AEVO/USDT:USDT,0.1112,85291.2,0.1111,133053.5,0.1113,22675.9,0.1114,195560.4
1753617266059,11:54:26.059,bitget,AEVO/USDT:USDT,0.1112,85291.2,0.1111,133053.5,0.1113,13694.8,0.1114,204541.2
1753617266209,11:54:26.209,bitget,AEVO/USDT:USDT,0.1112,85291.2,0.1111,133053.5,0.1113,13694.8,0.1114,204541.2
1753617266359,11:54:26.359,bitget,AEVO/USDT:USDT,0.1112,85291.2,0.1111,133053.5,0.1113,13694.8,0.1114,204541.2
1753617266509,11:54:26.509,bitget,AEVO/USDT:USDT,0.1112,85291.2,0.1111,133053.5,0.1113,22676.0,0.1114,195560.4
1753617266659,11:54:26.659,bitget,AEVO/USDT:USDT,0.1112,85291.2,0.1111,133053.5,0.1113,13694.8,0.1114,195560.4
1753617266809,11:54:26.809,bitget,AEVO/USDT:USDT,0.1112,85291.2,0.1111,133053.5,0.1113,13694.8,0.1114,195560.4
1753617266959,11:54:26.959,bitget,AEVO/USDT:USDT,0.1112,85291.2,0.1111,133053.5,0.1113,13694.8,0.1114,204541.4
1753617267109,11:54:27.109,bitget,AEVO/USDT:USDT,0.1112,85291.2,0.1111,133053.5,0.1113,13694.8,0.1114,204541.4
1753617267259,11:54:27.259,bitget,AEVO/USDT:USDT,0.1112,85291.2,0.1111,133053.5,0.1113,13694.8,0.1114,195560.4
1753617267410,11:54:27.410,bitget,AEVO/USDT:USDT,0.1112,85291.2,0.1111,133053.5,0.1113,13694.8,0.1114,204541.2
1753617267560,11:54:27.560,bitget,AEVO/USDT:USDT,0.1112,85291.2,0.1111,133053.5,0.1113,13694.8,0.1114,204541.2
1753617267710,11:54:27.710,bitget,AEVO/USDT:USDT,0.1112,85291.2,0.1111,133053.5,0.1113,13694.8,0.1114,204541.2
1753617267860,11:54:27.860,bitget,AEVO/USDT:USDT,0.1112,85291.2,0.1111,133053.5,0.1113,13694.8,0.1114,204541.2
1753617268160,11:54:28.160,bitget,AEVO/USDT:USDT,0.1112,85291.2,0.1111,133053.5,0.1113,13694.8,0.1114,204541.2
1753617268310,11:54:28.310,bitget,AEVO/USDT:USDT,0.1112,85291.2,0.1111,133053.5,0.1113,13694.8,0.1114,204541.2
1753617268460,11:54:28.460,bitget,AEVO/USDT:USDT,0.1112,85291.2,0.1111,133053.5,0.1113,13694.8,0.1114,204541.2
1753617268610,11:54:28.610,bitget,AEVO/USDT:USDT,0.1112,85291.2,0.1111,133053.5,0.1113,13694.8,0.1114,204541.2
1753617268760,11:54:28.760,bitget,AEVO/USDT:USDT,0.1112,85291.2,0.1111,133053.5,0.1113,13694.8,0.1114,204541.2
1753617269060,11:54:29.060,bitget,AEVO/USDT:USDT,0.1112,85291.2,0.1111,133053.5,0.1113,13694.8,0.1114,204541.2
1753617269210,11:54:29.210,bitget,AEVO/USDT:USDT,0.1112,85274.2,0.1111,133090.4,0.1113,13694.8,0.1114,204561.1
1753617269361,11:54:29.361,bitget,AEVO/USDT:USDT,0.1112,85274.2,0.1111,133090.4,0.1113,13694.8,0.1114,204561.1
1753617269511,11:54:29.511,bitget,AEVO/USDT:USDT,0.1112,85274.2,0.1111,133090.4,0.1113,13694.8,0.1114,204561.1
1753617269661,11:54:29.661,bitget,AEVO/USDT:USDT,0.1112,85274.2,0.1111,133090.4,0.1113,13694.8,0.1114,204561.1
1753617269811,11:54:29.811,bitget,AEVO/USDT:USDT,0.1112,85274.2,0.1111,133090.4,0.1113,13694.8,0.1114,204561.1
1753617269961,11:54:29.961,bitget,AEVO/USDT:USDT,0.1112,85274.2,0.1111,133090.4,0.1113,13694.8,0.1114,204561.1
1753617270111,11:54:30.111,bitget,AEVO/USDT:USDT,0.1112,30687.2,0.1111,133090.4,0.1113,35464.6,0.1114,195580.3
1753617270261,11:54:30.261,bitget,AEVO/USDT:USDT,0.1112,45015.5,0.1111,124101.3,0.1113,35464.6,0.1114,195580.3
1753617270411,11:54:30.411,bitget,AEVO/USDT:USDT,0.1112,45015.5,0.1111,124101.3,0.1113,35464.6,0.1114,195580.3
1753617270561,11:54:30.561,bitget,AEVO/USDT:USDT,0.1112,45015.5,0.1111,126350.1,0.1113,35464.6,0.1114,223405.5
1753617270711,11:54:30.711,bitget,AEVO/USDT:USDT,0.1112,45015.5,0.1111,126350.1,0.1113,35464.6,0.1114,223405.5
1753617270861,11:54:30.861,bitget,AEVO/USDT:USDT,0.1112,45015.5,0.1111,126350.1,0.1113,35464.6,0.1114,223405.5
1753617271011,11:54:31.011,bitget,AEVO/USDT:USDT,0.1112,45015.5,0.1111,126350.1,0.1113,35464.6,0.1114,223405.5
1753617271162,11:54:31.162,bitget,AEVO/USDT:USDT,0.1112,45015.5,0.1111,126350.1,0.1113,35464.6,0.1114,223405.5
1753617271312,11:54:31.312,bitget,AEVO/USDT:USDT,0.1112,45015.5,0.1111,126350.1,0.1113,35464.6,0.1114,223405.5
1753617271462,11:54:31.462,bitget,AEVO/USDT:USDT,0.1112,55015.5,0.1111,126350.1,0.1113,35464.6,0.1114,223405.5
1753617271762,11:54:31.762,bitget,AEVO/USDT:USDT,0.1112,55015.5,0.1111,126350.1,0.1113,35464.6,0.1114,223405.5
1753617271912,11:54:31.912,bitget,AEVO/USDT:USDT,0.1112,55015.5,0.1111,126350.1,0.1113,35464.6,0.1114,223405.5
1753617272062,11:54:32.062,bitget,AEVO/USDT:USDT,0.1112,55015.5,0.1111,126350.1,0.1113,35464.6,0.1114,223405.5
1753617272212,11:54:32.212,bitget,AEVO/USDT:USDT,0.1112,55015.5,0.1111,126350.1,0.1113,35464.6,0.1114,223405.5
1753617272362,11:54:32.362,bitget,AEVO/USDT:USDT,0.1112,55015.5,0.1111,126350.1,0.1113,35464.6,0.1114,223405.5
1753617272512,11:54:32.512,bitget,AEVO/USDT:USDT,0.1112,55015.5,0.1111,126350.1,0.1113,35464.6,0.1114,223405.5
1753617272662,11:54:32.662,bitget,AEVO/USDT:USDT,0.1112,55015.5,0.1111,126350.1,0.1113,35464.6,0.1114,223405.5
1753617272812,11:54:32.812,bitget,AEVO/USDT:USDT,0.1112,55015.5,0.1111,126350.1,0.1113,35464.6,0.1114,223405.5
1753617272962,11:54:32.962,bitget,AEVO/USDT:USDT,0.1112,55015.5,0.1111,126350.1,0.1113,35464.6,0.1114,223405.5
1753617273113,11:54:33.113,bitget,AEVO/USDT:USDT,0.1112,55015.5,0.1111,126350.1,0.1113,35464.6,0.1114,223405.5
1753617273263,11:54:33.263,bitget,AEVO/USDT:USDT,0.1112,55015.5,0.1111,126350.1,0.1113,35464.6,0.1114,223405.5
1753617273413,11:54:33.413,bitget,AEVO/USDT:USDT,0.1112,55015.5,0.1111,126350.1,0.1113,35464.6,0.1114,223405.5
1753617273563,11:54:33.563,bitget,AEVO/USDT:USDT,0.1112,45015.5,0.1111,126350.1,0.1113,35464.6,0.1114,223405.5
1753617273713,11:54:33.713,bitget,AEVO/USDT:USDT,0.1112,45015.5,0.1111,126350.1,0.1113,35464.6,0.1114,223405.5
1753617273863,11:54:33.863,bitget,AEVO/USDT:USDT,0.1112,45015.5,0.1111,126350.1,0.1113,35464.6,0.1114,237055.6
1753617274013,11:54:34.013,bitget,AEVO/USDT:USDT,0.1112,1906.7,0.1111,126350.1,0.1113,35464.6,0.1114,237055.6
1753617274163,11:54:34.163,bitget,AEVO/USDT:USDT,0.1112,1906.7,0.1111,165671.9,0.1113,35464.6,0.1114,237055.6
1753617274313,11:54:34.313,bitget,AEVO/USDT:USDT,0.1112,1906.7,0.1111,165671.9,0.1113,35464.6,0.1114,237055.6
1753617274463,11:54:34.463,bitget,AEVO/USDT:USDT,0.1112,1906.7,0.1111,165671.9,0.1113,35464.6,0.1114,237055.6
1753617274763,11:54:34.763,bitget,AEVO/USDT:USDT,0.1112,1906.7,0.1111,165671.9,0.1113,35464.6,0.1114,237055.6
1753617274914,11:54:34.914,bitget,AEVO/USDT:USDT,0.1112,1906.7,0.1111,165671.9,0.1113,35464.6,0.1114,237055.6
1753617275064,11:54:35.064,bitget,AEVO/USDT:USDT,0.1112,1906.7,0.1111,165671.9,0.1113,35464.6,0.1114,237055.6
1753617275214,11:54:35.214,bitget,AEVO/USDT:USDT,0.1112,1906.7,0.1111,165671.9,0.1113,35464.6,0.1114,237055.6
1753617275364,11:54:35.364,bitget,AEVO/USDT:USDT,0.1112,1906.7,0.1111,165671.9,0.1113,35464.6,0.1114,237055.6
1753617275514,11:54:35.514,bitget,AEVO/USDT:USDT,0.1112,1906.7,0.1111,174668.9,0.1113,35464.6,0.1114,237055.6
1753617275664,11:54:35.664,bitget,AEVO/USDT:USDT,0.1112,1906.7,0.1111,163423.1,0.1113,35464.6,0.1114,237055.6
1753617275814,11:54:35.814,bitget,AEVO/USDT:USDT,0.1112,1906.7,0.1111,163423.1,0.1113,35464.6,0.1114,237055.6
1753617275964,11:54:35.964,bitget,AEVO/USDT:USDT,0.1112,1906.7,0.1111,163423.1,0.1113,35464.6,0.1114,237055.6
1753617276114,11:54:36.114,bitget,AEVO/USDT:USDT,0.1112,1906.7,0.1111,163423.1,0.1113,35464.6,0.1114,237055.6
1753617276264,11:54:36.264,bitget,AEVO/USDT:USDT,0.1112,1906.7,0.1111,165671.9,0.1113,35464.6,0.1114,237055.6
1753617276414,11:54:36.414,bitget,AEVO/USDT:USDT,0.1112,1906.7,0.1111,165671.9,0.1113,35464.6,0.1114,237055.6
1753617276564,11:54:36.564,bitget,AEVO/USDT:USDT,0.1112,1906.7,0.1111,163423.1,0.1113,35464.6,0.1114,237055.6
1753617276715,11:54:36.715,bitget,AEVO/USDT:USDT,0.1112,1906.7,0.1111,163423.1,0.1113,35464.6,0.1114,237055.6
1753617276865,11:54:36.865,bitget,AEVO/USDT:USDT,0.1112,1906.7,0.1111,163423.1,0.1113,35464.6,0.1114,237055.6
1753617277015,11:54:37.015,bitget,AEVO/USDT:USDT,0.1112,1906.7,0.1111,163423.1,0.1113,35464.6,0.1114,237055.6
1753617277165,11:54:37.165,bitget,AEVO/USDT:USDT,0.1112,1906.7,0.1111,163423.1,0.1113,35464.6,0.1114,237055.6
1753617277315,11:54:37.315,bitget,AEVO/USDT:USDT,0.1112,1906.7,0.1111,163423.1,0.1113,35464.6,0.1114,237055.6
1753617277465,11:54:37.465,bitget,AEVO/USDT:USDT,0.1112,1906.7,0.1111,163423.1,0.1113,35464.6,0.1114,237055.6
1753617277615,11:54:37.615,bitget,AEVO/USDT:USDT,0.1112,1906.7,0.1111,165671.9,0.1113,35464.6,0.1114,237055.6
1753617277765,11:54:37.765,bitget,AEVO/USDT:USDT,0.1111,165671.9,0.111,25396.0,0.1113,35464.6,0.1114,237055.6
1753617277915,11:54:37.915,bitget,AEVO/USDT:USDT,0.1112,1863.9,0.1111,165671.9,0.1113,92053.4,0.1114,237055.6
1753617278065,11:54:38.065,bitget,AEVO/USDT:USDT,0.1112,1863.9,0.1111,170172.3,0.1113,41386.0,0.1114,237055.6
1753617278215,11:54:38.215,bitget,AEVO/USDT:USDT,0.1112,1863.9,0.1111,167923.5,0.1113,35464.6,0.1114,237055.6
1753617278365,11:54:38.365,bitget,AEVO/USDT:USDT,0.1112,1863.9,0.1111,170172.3,0.1113,35464.6,0.1114,237055.6
1753617278516,11:54:38.516,bitget,AEVO/USDT:USDT,0.1112,1863.9,0.1111,170172.3,0.1113,35464.6,0.1114,237055.6
1753617278666,11:54:38.666,bitget,AEVO/USDT:USDT,0.1112,1863.9,0.1111,170172.3,0.1113,35464.6,0.1114,237055.6
1753617278966,11:54:38.966,bitget,AEVO/USDT:USDT,0.1112,1863.9,0.1111,170172.3,0.1113,35464.6,0.1114,237055.6
1753617279116,11:54:39.116,bitget,AEVO/USDT:USDT,0.1112,1863.9,0.1111,170172.3,0.1113,35464.6,0.1114,237055.6
1753617279266,11:54:39.266,bitget,AEVO/USDT:USDT,0.1112,1863.9,0.1111,170172.3,0.1113,35464.6,0.1114,237055.6
1753617279416,11:54:39.416,bitget,AEVO/USDT:USDT,0.1112,1863.9,0.1111,179169.4,0.1113,35464.6,0.1114,237055.6
1753617279566,11:54:39.566,bitget,AEVO/USDT:USDT,0.1112,1863.9,0.1111,176920.6,0.1113,35464.6,0.1114,237055.6
1753617279866,11:54:39.866,bitget,AEVO/USDT:USDT,0.1112,1863.9,0.1111,170172.3,0.1113,35464.6,0.1114,237055.6
1753617280016,11:54:40.016,bitget,AEVO/USDT:USDT,0.1112,1863.9,0.1111,170172.3,0.1113,35464.6,0.1114,237055.6
1753617280166,11:54:40.166,bitget,AEVO/USDT:USDT,0.1112,1863.9,0.1111,170172.3,0.1113,35464.6,0.1114,237055.6
1753617280316,11:54:40.316,bitget,AEVO/USDT:USDT,0.1112,1863.9,0.1111,170172.3,0.1113,35464.6,0.1114,237055.6
1753617280617,11:54:40.617,bitget,AEVO/USDT:USDT,0.1112,1863.9,0.1111,167923.5,0.1113,35464.6,0.1114,237055.6
1753617280767,11:54:40.767,bitget,AEVO/USDT:USDT,0.1112,1863.9,0.1111,167923.5,0.1113,35464.6,0.1114,237055.6
1753617281067,11:54:41.067,bitget,AEVO/USDT:USDT,0.1112,1863.9,0.1111,170172.3,0.1113,35464.6,0.1114,237055.6
1753617281217,11:54:41.217,bitget,AEVO/USDT:USDT,0.1112,1863.9,0.1111,170172.3,0.1113,35464.6,0.1114,237055.6
1753617281367,11:54:41.367,bitget,AEVO/USDT:USDT,0.1112,1863.9,0.1111,170172.3,0.1113,35464.6,0.1114,237055.6
1753617281517,11:54:41.517,bitget,AEVO/USDT:USDT,0.1112,1863.9,0.1111,167923.5,0.1113,35464.6,0.1114,237055.6
1753617281667,11:54:41.667,bitget,AEVO/USDT:USDT,0.1112,1863.9,0.1111,167923.5,0.1113,35464.6,0.1114,237055.6
1753617281817,11:54:41.817,bitget,AEVO/USDT:USDT,0.1112,1863.9,0.1111,170172.3,0.1113,35464.6,0.1114,237055.6
1753617281967,11:54:41.967,bitget,AEVO/USDT:USDT,0.1112,1863.9,0.1111,170172.3,0.1113,35464.6,0.1114,237055.6
1753617282117,11:54:42.117,bitget,AEVO/USDT:USDT,0.1112,1863.9,0.1111,170172.3,0.1113,35464.6,0.1114,237055.6
1753617282267,11:54:42.267,bitget,AEVO/USDT:USDT,0.1112,1863.9,0.1111,170172.3,0.1113,35464.6,0.1114,237055.6
1753617282418,11:54:42.418,bitget,AEVO/USDT:USDT,0.1112,1863.9,0.1111,170172.3,0.1113,35464.6,0.1114,237055.6
1753617282568,11:54:42.568,bitget,AEVO/USDT:USDT,0.1112,1863.9,0.1111,170172.3,0.1113,35464.6,0.1114,237055.6
1753617282718,11:54:42.718,bitget,AEVO/USDT:USDT,0.1112,1863.9,0.1111,170172.3,0.1113,35464.6,0.1114,237055.6
1753617282868,11:54:42.868,bitget,AEVO/USDT:USDT,0.1112,1863.9,0.1111,170172.3,0.1113,35464.6,0.1114,237055.6
1753617283018,11:54:43.018,bitget,AEVO/USDT:USDT,0.1112,1863.9,0.1111,170172.3,0.1113,35464.6,0.1114,237055.6
1753617283168,11:54:43.168,bitget,AEVO/USDT:USDT,0.1112,1863.9,0.1111,170172.3,0.1113,35464.6,0.1114,237055.6
1753617283318,11:54:43.318,bitget,AEVO/USDT:USDT,0.1112,1863.9,0.1111,170172.3,0.1113,35464.6,0.1114,237055.6
1753617283468,11:54:43.468,bitget,AEVO/USDT:USDT,0.1112,1863.9,0.1111,167923.5,0.1113,35464.6,0.1114,237055.6
1753617283618,11:54:43.618,bitget,AEVO/USDT:USDT,0.1112,1863.9,0.1111,167923.5,0.1113,35464.6,0.1114,237055.6
1753617283768,11:54:43.768,bitget,AEVO/USDT:USDT,0.1112,1863.9,0.1111,176920.7,0.1113,35464.6,0.1114,237055.6
1753617283918,11:54:43.918,bitget,AEVO/USDT:USDT,0.1112,1863.9,0.1111,167923.5,0.1113,35464.6,0.1114,237055.6
1753617284068,11:54:44.068,bitget,AEVO/USDT:USDT,0.1112,1863.9,0.1111,167923.5,0.1113,35464.6,0.1114,237055.6
1753617284218,11:54:44.218,bitget,AEVO/USDT:USDT,0.1112,1863.9,0.1111,170172.3,0.1113,35464.6,0.1114,237055.6
1753617284519,11:54:44.519,bitget,AEVO/USDT:USDT,0.1112,1863.9,0.1111,170172.3,0.1113,35464.6,0.1114,237055.6
1753617284669,11:54:44.669,bitget,AEVO/USDT:USDT,0.1112,1863.9,0.1111,167923.5,0.1113,35464.6,0.1114,237055.6
1753617284819,11:54:44.819,bitget,AEVO/USDT:USDT,0.1112,1863.9,0.1111,167923.5,0.1113,35464.6,0.1114,237055.6
1753617284969,11:54:44.969,bitget,AEVO/USDT:USDT,0.1112,1863.9,0.1111,167923.5,0.1113,35464.6,0.1114,237055.6
1753617285119,11:54:45.119,bitget,AEVO/USDT:USDT,0.1112,1863.9,0.1111,167923.5,0.1113,35464.6,0.1114,237055.6
1753617285269,11:54:45.269,bitget,AEVO/USDT:USDT,0.1112,1863.9,0.1111,20774.6,0.1113,35464.6,0.1114,89900.2
1753617285419,11:54:45.419,bitget,AEVO/USDT:USDT,0.1112,1863.9,0.1111,167987.7,0.1113,74785.6,0.1114,197792.3
1753617285569,11:54:45.569,bitget,AEVO/USDT:USDT,0.1112,1863.9,0.1111,167987.7,0.1113,119595.4,0.1114,197792.3
1753617285719,11:54:45.719,bitget,AEVO/USDT:USDT,0.1112,1863.9,0.1111,170236.5,0.1113,80707.0,0.1114,197792.3
1753617285869,11:54:45.869,bitget,AEVO/USDT:USDT,0.1112,1863.9,0.1111,170236.5,0.1113,74785.6,0.1114,197792.3
1753617286019,11:54:46.019,bitget,AEVO/USDT:USDT,0.1112,1863.9,0.1111,167987.7,0.1113,74785.6,0.1114,197792.3
1753617286170,11:54:46.170,bitget,AEVO/USDT:USDT,0.1112,1863.9,0.1111,167987.7,0.1113,74785.6,0.1114,197792.3
1753617286320,11:54:46.320,bitget,AEVO/USDT:USDT,0.1112,1863.9,0.1111,170236.5,0.1113,74785.6,0.1114,182792.3
1753617286470,11:54:46.470,bitget,AEVO/USDT:USDT,0.1112,1863.9,0.1111,170236.5,0.1113,74785.6,0.1114,182792.3
1753617286620,11:54:46.620,bitget,AEVO/USDT:USDT,0.1112,1863.9,0.1111,170236.5,0.1113,74785.6,0.1114,182792.3
1753617286920,11:54:46.920,bitget,AEVO/USDT:USDT,0.1112,1863.9,0.1111,170236.5,0.1113,74785.6,0.1114,182792.3
1753617287070,11:54:47.070,bitget,AEVO/USDT:USDT,0.1112,1863.9,0.1111,167987.7,0.1113,74785.6,0.1114,182792.3
1753617287670,11:54:47.670,bitget,AEVO/USDT:USDT,0.1112,1863.9,0.1111,176984.9,0.1113,89785.6,0.1114,182792.3
1753617287820,11:54:47.820,bitget,AEVO/USDT:USDT,0.1112,1863.9,0.1111,176984.9,0.1113,89785.6,0.1114,182792.3
1753617287971,11:54:47.971,bitget,AEVO/USDT:USDT,0.1111,167987.7,0.111,16398.7,0.1113,130095.4,0.1114,182792.3
1753617288120,11:54:48.120,bitget,AEVO/USDT:USDT,0.1111,60095.6,0.111,133296.6,0.1113,130095.4,0.1114,182792.3
1753617288271,11:54:48.271,bitget,AEVO/USDT:USDT,0.1111,119817.8,0.111,124299.2,0.1113,130095.4,0.1114,172792.3
1753617288421,11:54:48.421,bitget,AEVO/USDT:USDT,0.1111,128815.0,0.111,124299.2,0.1113,130095.4,0.1114,172792.3
1753617288571,11:54:48.571,bitget,AEVO/USDT:USDT,0.1111,119817.8,0.111,133296.7,0.1113,130095.4,0.1114,172792.3
1753617288871,11:54:48.871,bitget,AEVO/USDT:USDT,0.1112,1830.2,0.1111,119817.8,0.1113,130095.4,0.1114,172792.3
1753617289021,11:54:49.021,bitget,AEVO/USDT:USDT,0.1112,1830.2,0.1111,119817.8,0.1113,89785.6,0.1114,172792.3
1753617289321,11:54:49.321,bitget,AEVO/USDT:USDT,0.1112,1830.2,0.1111,119817.8,0.1113,89785.6,0.1114,172792.3
1753617289471,11:54:49.471,bitget,AEVO/USDT:USDT,0.1112,1830.2,0.1111,119817.8,0.1113,89785.6,0.1114,172792.3
1753617289621,11:54:49.621,bitget,AEVO/USDT:USDT,0.1112,1830.2,0.1111,119817.8,0.1113,89785.6,0.1114,172792.3
1753617289772,11:54:49.772,bitget,AEVO/USDT:USDT,0.1112,1830.2,0.1111,128814.8,0.1113,89785.6,0.1114,172792.3
1753617289922,11:54:49.922,bitget,AEVO/USDT:USDT,0.1112,1830.2,0.1111,128814.8,0.1113,89785.6,0.1114,172792.3
1753617290072,11:54:50.072,bitget,AEVO/USDT:USDT,0.1112,1830.2,0.1111,128814.8,0.1113,89785.6,0.1114,172792.3
1753617290222,11:54:50.222,bitget,AEVO/USDT:USDT,0.1112,1830.2,0.1111,119817.8,0.1113,89785.6,0.1114,172792.3
1753617290372,11:54:50.372,bitget,AEVO/USDT:USDT,0.1112,1830.2,0.1111,128814.8,0.1113,89785.6,0.1114,172792.3
1753617290522,11:54:50.522,bitget,AEVO/USDT:USDT,0.1112,1830.2,0.1111,128814.8,0.1113,89785.6,0.1114,172792.3
1753617290672,11:54:50.672,bitget,AEVO/USDT:USDT,0.1112,1830.2,0.1111,128814.8,0.1113,89785.6,0.1114,172792.3
1753617290822,11:54:50.822,bitget,AEVO/USDT:USDT,0.1112,1830.2,0.1111,119817.8,0.1113,89785.6,0.1114,172792.3
1753617290972,11:54:50.972,bitget,AEVO/USDT:USDT,0.1112,1830.2,0.1111,119817.8,0.1113,89785.6,0.1114,172792.3
1753617291122,11:54:51.122,bitget,AEVO/USDT:USDT,0.1112,1830.2,0.1111,128815.0,0.1113,89785.6,0.1114,172792.3
1753617291272,11:54:51.272,bitget,AEVO/USDT:USDT,0.1112,1830.2,0.1111,128815.0,0.1113,89785.6,0.1114,172792.3
1753617291422,11:54:51.422,bitget,AEVO/USDT:USDT,0.1112,1830.2,0.1111,119817.8,0.1113,89785.6,0.1114,172792.3
1753617291573,11:54:51.573,bitget,AEVO/USDT:USDT,0.1112,1830.2,0.1111,119817.8,0.1113,89785.6,0.1114,172792.3
1753617291723,11:54:51.723,bitget,AEVO/USDT:USDT,0.1112,1830.2,0.1111,119817.8,0.1113,89785.6,0.1114,172792.3
1753617291873,11:54:51.873,bitget,AEVO/USDT:USDT,0.1112,1830.2,0.1111,119817.8,0.1113,89785.6,0.1114,172792.3
1753617292173,11:54:52.173,bitget,AEVO/USDT:USDT,0.1112,1830.2,0.1111,119817.8,0.1113,89785.6,0.1114,172792.3
1753617292323,11:54:52.323,bitget,AEVO/USDT:USDT,0.1112,1830.2,0.1111,128815.0,0.1113,89785.6,0.1114,172792.3
1753617292473,11:54:52.473,bitget,AEVO/USDT:USDT,0.1112,1830.2,0.1111,128814.9,0.1113,89785.6,0.1114,172792.3
1753617292773,11:54:52.773,bitget,AEVO/USDT:USDT,0.1112,1830.2,0.1111,119817.8,0.1113,89785.6,0.1114,172792.3
1753617292923,11:54:52.923,bitget,AEVO/USDT:USDT,0.1112,1830.2,0.1111,119817.8,0.1113,89785.6,0.1114,172792.3
1753617293073,11:54:53.073,bitget,AEVO/USDT:USDT,0.1112,1830.2,0.1111,119817.8,0.1113,89785.6,0.1114,172792.3
1753617293223,11:54:53.223,bitget,AEVO/USDT:USDT,0.1112,1830.2,0.1111,119817.8,0.1113,89785.6,0.1114,172792.3
1753617293374,11:54:53.374,bitget,AEVO/USDT:USDT,0.1112,1830.2,0.1111,128814.9,0.1113,80817.0,0.1114,172792.3
1753617293524,11:54:53.524,bitget,AEVO/USDT:USDT,0.1113,89785.6,0.1112,143759.4,0.1114,79113.0,0.1115,230503.4
1753617293674,11:54:53.674,bitget,AEVO/USDT:USDT,0.1113,89785.6,0.1112,150904.1,0.1114,32398.1,0.1115,156772.4
1753617293824,11:54:53.824,bitget,AEVO/USDT:USDT,0.1112,150904.1,0.1111,75713.9,0.1113,2480.7,0.1114,32398.1
1753617293974,11:54:53.974,bitget,AEVO/USDT:USDT,0.1112,150904.1,0.1111,75713.9,0.1113,4310.9,0.1114,59374.7
1753617294124,11:54:54.124,bitget,AEVO/USDT:USDT,0.1112,51860.3,0.1111,183624.5,0.1113,1830.2,0.1114,59374.7
1753617294424,11:54:54.424,bitget,AEVO/USDT:USDT,0.1112,84436.4,0.1111,183624.5,0.1113,1830.2,0.1114,59374.7
1753617294574,11:54:54.574,bitget,AEVO/USDT:USDT,0.1112,84436.4,0.1111,183624.5,0.1113,1830.2,0.1114,59374.7
1753617294724,11:54:54.724,bitget,AEVO/USDT:USDT,0.1112,46064.2,0.1111,183624.5,0.1113,1830.2,0.1114,89132.2
1753617294874,11:54:54.874,bitget,AEVO/USDT:USDT,0.1112,46064.2,0.1111,172494.9,0.1113,1830.2,0.1114,89132.2
1753617295024,11:54:55.024,bitget,AEVO/USDT:USDT,0.1112,46064.2,0.1111,163505.8,0.1113,1830.2,0.1114,89132.2
1753617295174,11:54:55.174,bitget,AEVO/USDT:USDT,0.1112,51078.0,0.1111,163505.8,0.1113,1830.2,0.1114,89132.2
1753617295325,11:54:55.325,bitget,AEVO/USDT:USDT,0.1112,51078.0,0.1111,163505.8,0.1114,89132.2,0.1115,199280.1
1753617295475,11:54:55.475,bitget,AEVO/USDT:USDT,0.1112,95689.1,0.1111,163505.8,0.1114,62155.6,0.1115,226279.7
1753617295775,11:54:55.775,bitget,AEVO/USDT:USDT,0.1113,1830.2,0.1112,95689.1,0.1114,32398.1,0.1115,226279.7
1753617295925,11:54:55.925,bitget,AEVO/USDT:USDT,0.1113,1830.2,0.1112,95689.1,0.1114,32398.1,0.1115,226279.7
1753617296075,11:54:56.075,bitget,AEVO/USDT:USDT,0.1113,1830.2,0.1112,95689.1,0.1114,32398.1,0.1115,226279.7
1753617296375,11:54:56.375,bitget,AEVO/USDT:USDT,0.1113,1830.2,0.1112,95689.1,0.1114,51476.7,0.1115,226279.7
1753617296525,11:54:56.525,bitget,AEVO/USDT:USDT,0.1113,1830.2,0.1112,173806.9,0.1114,51476.7,0.1115,226279.7
1753617296825,11:54:56.825,bitget,AEVO/USDT:USDT,0.1113,1830.2,0.1112,173806.9,0.1114,51476.7,0.1115,226279.7
1753617296975,11:54:56.975,bitget,AEVO/USDT:USDT,0.1113,1830.2,0.1112,173806.9,0.1114,51476.7,0.1115,226279.7
1753617297126,11:54:57.126,bitget,AEVO/USDT:USDT,0.1113,11830.2,0.1112,173806.9,0.1114,51476.7,0.1115,226279.7
1753617297276,11:54:57.276,bitget,AEVO/USDT:USDT,0.1113,11830.2,0.1112,173806.9,0.1114,51476.7,0.1115,226279.7
1753617297426,11:54:57.426,bitget,AEVO/USDT:USDT,0.1113,11830.2,0.1112,173806.9,0.1114,51476.7,0.1115,226279.7
1753617297876,11:54:57.876,bitget,AEVO/USDT:USDT,0.1113,11830.2,0.1112,173806.9,0.1114,51476.7,0.1115,226279.7
1753617298026,11:54:58.026,bitget,AEVO/USDT:USDT,0.1113,11830.2,0.1112,173806.9,0.1114,51476.7,0.1115,226279.7
1753617298176,11:54:58.176,bitget,AEVO/USDT:USDT,0.1113,11830.2,0.1112,173806.9,0.1114,51476.7,0.1115,226279.7
1753617298326,11:54:58.326,bitget,AEVO/USDT:USDT,0.1113,11830.2,0.1112,173806.9,0.1114,51476.7,0.1115,226279.7
1753617298476,11:54:58.476,bitget,AEVO/USDT:USDT,0.1113,11830.2,0.1112,173806.9,0.1114,51476.7,0.1115,226279.7
1753617298626,11:54:58.626,bitget,AEVO/USDT:USDT,0.1113,11830.2,0.1112,173806.9,0.1114,51476.7,0.1115,226279.7
1753617298776,11:54:58.776,bitget,AEVO/USDT:USDT,0.1113,11830.2,0.1112,173806.9,0.1114,51476.7,0.1115,226279.7
1753617298927,11:54:58.927,bitget,AEVO/USDT:USDT,0.1113,11830.2,0.1112,173806.9,0.1114,51476.7,0.1115,226279.7
1753617299227,11:54:59.227,bitget,AEVO/USDT:USDT,0.1113,11830.2,0.1112,173806.9,0.1114,51476.7,0.1115,226279.7
1753617299377,11:54:59.377,bitget,AEVO/USDT:USDT,0.1113,20798.8,0.1112,173806.9,0.1114,51476.7,0.1115,226279.7
1753617299527,11:54:59.527,bitget,AEVO/USDT:USDT,0.1113,20798.8,0.1112,173806.9,0.1114,51476.7,0.1115,226279.7
1753617299677,11:54:59.677,bitget,AEVO/USDT:USDT,0.1113,20798.8,0.1112,173806.9,0.1114,51476.7,0.1115,226279.7
1753617299827,11:54:59.827,bitget,AEVO/USDT:USDT,0.1113,20798.8,0.1112,173806.9,0.1114,51476.7,0.1115,226279.7
1753617299977,11:54:59.977,bitget,AEVO/USDT:USDT,0.1113,20798.8,0.1112,173806.9,0.1114,51476.7,0.1115,226279.7
1753617300277,11:55:00.277,bitget,AEVO/USDT:USDT,0.1113,20798.8,0.1112,173806.9,0.1114,51476.7,0.1115,226279.7
1753617300577,11:55:00.577,bitget,AEVO/USDT:USDT,0.1113,20798.8,0.1112,173806.9,0.1114,51476.7,0.1115,226279.7
1753617300878,11:55:00.878,bitget,AEVO/USDT:USDT,0.1113,20798.8,0.1112,173806.9,0.1114,51476.7,0.1115,226279.7
1753617301028,11:55:01.028,bitget,AEVO/USDT:USDT,0.1113,20798.8,0.1112,173806.9,0.1114,51476.7,0.1115,226279.7
1753617301178,11:55:01.178,bitget,AEVO/USDT:USDT,0.1113,20798.8,0.1112,105196.0,0.1114,90758.1,0.1115,79062.0
1753617301328,11:55:01.328,bitget,AEVO/USDT:USDT,0.1113,1830.2,0.1112,204127.5,0.1114,90758.1,0.1115,186908.7
1753617301478,11:55:01.478,bitget,AEVO/USDT:USDT,0.1113,1830.2,0.1112,204127.5,0.1114,90758.1,0.1115,186908.7
1753617301628,11:55:01.628,bitget,AEVO/USDT:USDT,0.1113,1830.2,0.1112,204127.5,0.1114,90758.1,0.1115,186908.7
1753617301778,11:55:01.778,bitget,AEVO/USDT:USDT,0.1113,1830.2,0.1112,204127.5,0.1114,90758.1,0.1115,186908.7
1753617301928,11:55:01.928,bitget,AEVO/USDT:USDT,0.1113,1830.2,0.1112,204127.5,0.1114,90758.1,0.1115,186908.7
1753617302078,11:55:02.078,bitget,AEVO/USDT:USDT,0.1113,11830.2,0.1112,204127.5,0.1114,90758.1,0.1115,186908.7
1753617302378,11:55:02.378,bitget,AEVO/USDT:USDT,0.1113,11830.2,0.1112,204127.5,0.1114,90758.1,0.1115,186908.7
1753617302529,11:55:02.529,bitget,AEVO/USDT:USDT,0.1113,11830.2,0.1112,204127.5,0.1114,90758.1,0.1115,186908.7
1753617302679,11:55:02.679,bitget,AEVO/USDT:USDT,0.1113,11830.2,0.1112,204127.5,0.1114,90758.1,0.1115,186908.7
1753617302829,11:55:02.829,bitget,AEVO/USDT:USDT,0.1113,11830.2,0.1112,204127.5,0.1114,90758.1,0.1115,186908.7
1753617302979,11:55:02.979,bitget,AEVO/USDT:USDT,0.1113,11830.2,0.1112,204127.5,0.1114,90758.1,0.1115,186908.7
1753617303129,11:55:03.129,bitget,AEVO/USDT:USDT,0.1113,11830.2,0.1112,204127.5,0.1114,90758.1,0.1115,186908.7
1753617303279,11:55:03.279,bitget,AEVO/USDT:USDT,0.1113,11830.2,0.1112,204127.5,0.1114,90758.1,0.1115,186908.7
1753617303429,11:55:03.429,bitget,AEVO/USDT:USDT,0.1112,204127.5,0.1111,16274.2,0.1114,90758.1,0.1115,186908.7
1753617303579,11:55:03.579,bitget,AEVO/USDT:USDT,0.1112,87291.7,0.1111,133097.2,0.1113,4274.4,0.1114,134986.2
1753617303729,11:55:03.729,bitget,AEVO/USDT:USDT,0.1112,32751.6,0.1111,133097.2,0.1113,32310.3,0.1114,260810.4
1753617304179,11:55:04.179,bitget,AEVO/USDT:USDT,0.1112,32751.6,0.1111,172377.0,0.1113,41293.5,0.1114,246220.9
1753617304329,11:55:04.329,bitget,AEVO/USDT:USDT,0.1112,32751.6,0.1111,172377.0,0.1113,41293.5,0.1114,246220.9
1753617304480,11:55:04.480,bitget,AEVO/USDT:USDT,0.1112,32751.6,0.1111,172377.0,0.1113,41293.5,0.1114,246220.9
1753617304630,11:55:04.630,bitget,AEVO/USDT:USDT,0.1112,32751.6,0.1111,172377.0,0.1113,41293.5,0.1114,246220.9
1753617304780,11:55:04.780,bitget,AEVO/USDT:USDT,0.1112,32751.6,0.1111,172377.0,0.1113,41293.5,0.1114,246220.9
1753617304930,11:55:04.930,bitget,AEVO/USDT:USDT,0.1112,32751.6,0.1111,172377.0,0.1113,41293.5,0.1114,246220.9
1753617305230,11:55:05.230,bitget,AEVO/USDT:USDT,0.1112,1830.2,0.1111,172377.0,0.1113,41293.5,0.1114,246220.9
1753617305380,11:55:05.380,bitget,AEVO/USDT:USDT,0.1112,1830.2,0.1111,172377.0,0.1113,41293.5,0.1114,246220.9
1753617305530,11:55:05.530,bitget,AEVO/USDT:USDT,0.1112,1830.2,0.1111,172377.0,0.1113,41293.5,0.1114,246220.9
1753617305680,11:55:05.680,bitget,AEVO/USDT:USDT,0.1112,1830.2,0.1111,172377.0,0.1113,41293.5,0.1114,246220.9
1753617305830,11:55:05.830,bitget,AEVO/USDT:USDT,0.1112,1830.2,0.1111,172377.0,0.1113,41293.5,0.1114,246220.9
1753617305980,11:55:05.980,bitget,AEVO/USDT:USDT,0.1112,21830.2,0.1111,172377.0,0.1113,41293.5,0.1114,246220.9
1753617306130,11:55:06.130,bitget,AEVO/USDT:USDT,0.1112,21830.2,0.1111,172377.0,0.1113,41293.5,0.1114,246220.9
1753617306281,11:55:06.281,bitget,AEVO/USDT:USDT,0.1112,21830.2,0.1111,172377.0,0.1113,41293.5,0.1114,246220.9
1753617306581,11:55:06.581,bitget,AEVO/USDT:USDT,0.1112,21830.2,0.1111,172377.0,0.1113,41293.5,0.1114,246220.9
1753617306731,11:55:06.731,bitget,AEVO/USDT:USDT,0.1112,21830.2,0.1111,172377.0,0.1113,41293.5,0.1114,246220.9
1753617306881,11:55:06.881,bitget,AEVO/USDT:USDT,0.1112,21830.2,0.1111,172377.0,0.1113,41293.5,0.1114,246220.9
1753617307331,11:55:07.331,bitget,AEVO/USDT:USDT,0.1112,21830.2,0.1111,172377.0,0.1113,41293.5,0.1114,246220.9
1753617307481,11:55:07.481,bitget,AEVO/USDT:USDT,0.1112,21830.2,0.1111,172377.0,0.1113,41293.5,0.1114,246220.9
1753617307631,11:55:07.631,bitget,AEVO/USDT:USDT,0.1112,21830.2,0.1111,172377.0,0.1113,41293.5,0.1114,246220.9
1753617307781,11:55:07.781,bitget,AEVO/USDT:USDT,0.1112,21830.2,0.1111,172377.0,0.1113,41293.5,0.1114,246220.9
1753617307931,11:55:07.931,bitget,AEVO/USDT:USDT,0.1112,21830.2,0.1111,172377.0,0.1113,41293.5,0.1114,246220.9
1753617308082,11:55:08.082,bitget,AEVO/USDT:USDT,0.1112,21830.2,0.1111,172377.0,0.1113,41293.5,0.1114,246220.9
1753617308232,11:55:08.232,bitget,AEVO/USDT:USDT,0.1112,21830.2,0.1111,172377.0,0.1113,41293.5,0.1114,246220.9
1753617308382,11:55:08.382,bitget,AEVO/USDT:USDT,0.1112,21830.2,0.1111,172377.0,0.1113,41293.5,0.1114,246220.9
1753617308682,11:55:08.682,bitget,AEVO/USDT:USDT,0.1112,21830.2,0.1111,172377.0,0.1113,41293.5,0.1114,246220.9
1753617308832,11:55:08.832,bitget,AEVO/USDT:USDT,0.1112,21830.2,0.1111,172377.0,0.1113,41293.5,0.1114,246220.9
1753617308982,11:55:08.982,bitget,AEVO/USDT:USDT,0.1112,21830.2,0.1111,172377.0,0.1113,41293.5,0.1114,246220.9
1753617309282,11:55:09.282,bitget,AEVO/USDT:USDT,0.1112,21830.2,0.1111,172377.0,0.1113,41293.5,0.1114,246220.9
1753617309582,11:55:09.582,bitget,AEVO/USDT:USDT,0.1112,21830.2,0.1111,172377.0,0.1113,41293.5,0.1114,246220.9
1753617309732,11:55:09.732,bitget,AEVO/USDT:USDT,0.1112,21830.2,0.1111,172377.0,0.1113,41293.5,0.1114,246220.9
1753617309883,11:55:09.883,bitget,AEVO/USDT:USDT,0.1112,21830.2,0.1111,172377.0,0.1113,41293.5,0.1114,246220.9
1753617310033,11:55:10.033,bitget,AEVO/USDT:USDT,0.1112,21830.2,0.1111,172377.0,0.1113,41293.5,0.1114,246220.9
1753617310333,11:55:10.333,bitget,AEVO/USDT:USDT,0.1112,21830.2,0.1111,172377.0,0.1113,41293.5,0.1114,246220.9
