timestamp,time,exchange,symbol,bid1_price,bid1_volume,bid2_price,bid2_volume,ask1_price,ask1_volume,ask2_price,ask2_volume
1753617156268,11:52:36.268,bybit,1INCH/USDT:USDT,0.2868,1663.2,0.2867,6911.2,0.2869,2409.5,0.287,4999.1
1753617156666,11:52:36.666,bybit,1INCH/USDT:USDT,0.2868,1663.2,0.2867,6911.2,0.2869,2409.5,0.287,4999.1
1753617156766,11:52:36.766,bybit,1INCH/USDT:USDT,0.2868,1663.2,0.2867,6911.2,0.2869,2108.1,0.287,4999.1
1753617156968,11:52:36.968,bybit,1INCH/USDT:USDT,0.2868,1663.2,0.2867,6911.2,0.2869,2409.5,0.287,4999.1
1753617158567,11:52:38.567,bybit,1INCH/USDT:USDT,0.2868,1663.2,0.2867,6911.2,0.2869,2258.8,0.287,4999.1
1753617158667,11:52:38.667,bybit,1INCH/USDT:USDT,0.2868,1663.2,0.2867,6911.2,0.2869,2108.1,0.287,4999.1
1753617158767,11:52:38.767,bybit,1INCH/USDT:USDT,0.2868,1663.2,0.2867,6911.2,0.2869,2258.8,0.287,4999.1
1753617158867,11:52:38.867,bybit,1INCH/USDT:USDT,0.2868,1663.2,0.2867,6911.2,0.2869,2409.5,0.287,4999.1
1753617161367,11:52:41.367,bybit,1INCH/USDT:USDT,0.2868,1663.3,0.2867,6911.2,0.2869,2258.8,0.287,4999.1
1753617162667,11:52:42.667,bybit,1INCH/USDT:USDT,0.2868,1663.3,0.2867,6911.2,0.2869,2107.9,0.287,4999.1
1753617162966,11:52:42.966,bybit,1INCH/USDT:USDT,0.2868,1964.7,0.2867,6911.2,0.2869,2107.9,0.287,4999.1
1753617163467,11:52:43.467,bybit,1INCH/USDT:USDT,0.2868,1964.7,0.2867,6911.2,0.2869,2107.9,0.287,4999.1
1753617163667,11:52:43.667,bybit,1INCH/USDT:USDT,0.2868,1964.7,0.2867,6911.2,0.2869,2107.9,0.287,4999.1
1753617163768,11:52:43.768,bybit,1INCH/USDT:USDT,0.2868,1964.7,0.2867,6911.2,0.2869,2107.9,0.287,4999.1
1753617164067,11:52:44.067,bybit,1INCH/USDT:USDT,0.2868,2037.1,0.2867,6911.2,0.2869,2107.9,0.287,4999.1
1753617164366,11:52:44.366,bybit,1INCH/USDT:USDT,0.2868,2037.1,0.2867,6911.2,0.2869,2107.9,0.287,4999.1
1753617164467,11:52:44.467,bybit,1INCH/USDT:USDT,0.2868,2037.1,0.2867,6911.2,0.2869,2107.9,0.287,4999.1
1753617164567,11:52:44.567,bybit,1INCH/USDT:USDT,0.2868,2037.1,0.2867,6911.2,0.2869,2107.9,0.287,4999.1
1753617164667,11:52:44.667,bybit,1INCH/USDT:USDT,0.2868,2037.1,0.2867,6911.2,0.2869,2107.9,0.287,4040.2
1753617164767,11:52:44.767,bybit,1INCH/USDT:USDT,0.2868,2037.1,0.2867,6911.2,0.2869,2107.9,0.287,4040.2
1753617165666,11:52:45.666,bybit,1INCH/USDT:USDT,0.2868,2037.1,0.2867,6911.2,0.2869,2107.9,0.287,4040.2
1753617166467,11:52:46.467,bybit,1INCH/USDT:USDT,0.2868,2037.1,0.2867,6911.2,0.2869,2107.9,0.287,4040.2
1753617166567,11:52:46.567,bybit,1INCH/USDT:USDT,0.2868,2037.1,0.2867,6911.2,0.2869,2107.9,0.287,4040.2
1753617166667,11:52:46.667,bybit,1INCH/USDT:USDT,0.2868,2037.1,0.2867,6911.2,0.2869,2107.9,0.287,4040.2
1753617167367,11:52:47.367,bybit,1INCH/USDT:USDT,0.2868,2037.1,0.2867,6911.2,0.2869,2107.9,0.287,4040.2
1753617167767,11:52:47.767,bybit,1INCH/USDT:USDT,0.2868,2037.1,0.2867,6911.2,0.2869,2107.9,0.287,4040.2
1753617167867,11:52:47.867,bybit,1INCH/USDT:USDT,0.2868,2037.1,0.2867,6911.2,0.2869,2107.9,0.287,4040.2
1753617168866,11:52:48.866,bybit,1INCH/USDT:USDT,0.2868,2037.1,0.2867,6911.2,0.2869,2107.9,0.287,4040.2
1753617168967,11:52:48.967,bybit,1INCH/USDT:USDT,0.2868,2037.1,0.2867,6911.2,0.2869,2107.9,0.287,4040.2
1753617169567,11:52:49.567,bybit,1INCH/USDT:USDT,0.2868,2037.1,0.2867,6911.2,0.2869,2107.9,0.287,4040.2
1753617170267,11:52:50.267,bybit,1INCH/USDT:USDT,0.2868,2037.1,0.2867,6911.2,0.2869,2107.9,0.287,4040.2
1753617170467,11:52:50.467,bybit,1INCH/USDT:USDT,0.2868,2037.1,0.2867,6911.2,0.2869,2107.9,0.287,4040.2
1753617171367,11:52:51.367,bybit,1INCH/USDT:USDT,0.2868,2037.1,0.2867,6911.2,0.2869,2107.9,0.287,4040.2
1753617171467,11:52:51.467,bybit,1INCH/USDT:USDT,0.2868,2037.1,0.2867,6911.2,0.2869,2107.9,0.287,4040.2
1753617171567,11:52:51.567,bybit,1INCH/USDT:USDT,0.2868,3037.1,0.2867,7911.2,0.2869,739.3,0.287,4040.2
1753617171667,11:52:51.667,bybit,1INCH/USDT:USDT,0.2869,1334.4,0.2868,8779.6,0.287,732.3,0.2871,13666.3
1753617171767,11:52:51.767,bybit,1INCH/USDT:USDT,0.2869,1635.8,0.2868,9371.6,0.287,391.3,0.2871,11766.4
1753617171867,11:52:51.867,bybit,1INCH/USDT:USDT,0.2869,1334.4,0.2868,9371.6,0.287,1145.8,0.2871,11766.4
1753617171967,11:52:51.967,bybit,1INCH/USDT:USDT,0.2869,1635.8,0.2868,9371.6,0.2871,9154.4,0.2872,50700.2
1753617172067,11:52:52.067,bybit,1INCH/USDT:USDT,0.287,1334.4,0.2869,4197.4,0.2871,3264.3,0.2872,54134.8
1753617172167,11:52:52.167,bybit,1INCH/USDT:USDT,0.287,1334.4,0.2869,4023.1,0.2871,3415.0,0.2872,54134.8
1753617172269,11:52:52.269,bybit,1INCH/USDT:USDT,0.2869,1923.2,0.2868,9299.2,0.287,573.4,0.2871,6107.1
1753617172367,11:52:52.367,bybit,1INCH/USDT:USDT,0.2869,1923.2,0.2868,10052.7,0.287,573.4,0.2871,9194.1
1753617172467,11:52:52.467,bybit,1INCH/USDT:USDT,0.2869,1923.2,0.2868,10052.7,0.287,573.4,0.2871,9194.1
1753617172567,11:52:52.567,bybit,1INCH/USDT:USDT,0.2869,1923.2,0.2868,10052.7,0.287,693.5,0.2871,9194.1
1753617172667,11:52:52.667,bybit,1INCH/USDT:USDT,0.2869,1923.2,0.2868,10052.7,0.287,693.5,0.2871,9194.1
1753617172767,11:52:52.767,bybit,1INCH/USDT:USDT,0.2869,1923.2,0.2868,10052.7,0.287,693.5,0.2871,9194.1
1753617173066,11:52:53.066,bybit,1INCH/USDT:USDT,0.2869,2224.6,0.2868,10052.7,0.287,693.5,0.2871,9121.8
1753617173167,11:52:53.167,bybit,1INCH/USDT:USDT,0.2869,2073.9,0.2868,10203.4,0.287,693.5,0.2871,9121.8
1753617173268,11:52:53.268,bybit,1INCH/USDT:USDT,0.2869,2224.6,0.2868,10203.4,0.287,120.1,0.2871,9121.8
1753617173367,11:52:53.367,bybit,1INCH/USDT:USDT,0.2869,2224.6,0.2868,10203.4,0.287,1454.5,0.2871,9121.8
1753617173466,11:52:53.466,bybit,1INCH/USDT:USDT,0.2869,2224.6,0.2868,10203.4,0.287,1454.5,0.2871,9121.8
1753617173567,11:52:53.567,bybit,1INCH/USDT:USDT,0.2869,2073.9,0.2868,10203.4,0.287,1454.5,0.2871,9272.5
1753617173667,11:52:53.667,bybit,1INCH/USDT:USDT,0.2869,1899.6,0.2868,10203.4,0.287,1454.5,0.2871,9272.5
1753617173767,11:52:53.767,bybit,1INCH/USDT:USDT,0.2869,1899.6,0.2868,10203.4,0.287,1454.5,0.2871,9272.5
1753617173867,11:52:53.867,bybit,1INCH/USDT:USDT,0.2869,1748.9,0.2868,10203.4,0.287,1454.5,0.2871,9272.5
1753617173967,11:52:53.967,bybit,1INCH/USDT:USDT,0.2869,1899.6,0.2868,10203.4,0.287,1454.5,0.2871,9272.5
1753617174067,11:52:54.067,bybit,1INCH/USDT:USDT,0.2869,1899.6,0.2868,10203.4,0.287,1454.5,0.2871,9272.5
1753617174166,11:52:54.166,bybit,1INCH/USDT:USDT,0.2869,2224.6,0.2868,10203.4,0.287,1454.5,0.2871,9121.8
1753617174367,11:52:54.367,bybit,1INCH/USDT:USDT,0.2869,2224.6,0.2868,10203.4,0.287,1454.5,0.2871,9121.8
1753617174467,11:52:54.467,bybit,1INCH/USDT:USDT,0.2869,2073.9,0.2868,10203.4,0.287,1454.5,0.2871,9121.8
1753617174767,11:52:54.767,bybit,1INCH/USDT:USDT,0.2869,2073.9,0.2868,10203.4,0.287,1454.5,0.2871,9162.9
1753617174867,11:52:54.867,bybit,1INCH/USDT:USDT,0.2869,2073.9,0.2868,10203.4,0.287,1454.5,0.2871,9162.9
1753617174967,11:52:54.967,bybit,1INCH/USDT:USDT,0.2869,1923.2,0.2868,10203.4,0.287,1454.5,0.2871,9162.9
1753617175866,11:52:55.866,bybit,1INCH/USDT:USDT,0.2869,2050.3,0.2868,10052.7,0.287,1454.5,0.2871,9162.9
1753617175966,11:52:55.966,bybit,1INCH/USDT:USDT,0.2869,2050.3,0.2868,10052.7,0.287,1454.5,0.2871,9162.9
1753617176167,11:52:56.167,bybit,1INCH/USDT:USDT,0.2869,2050.3,0.2868,10052.7,0.287,1454.5,0.2871,9162.9
1753617176269,11:52:56.269,bybit,1INCH/USDT:USDT,0.2869,2050.3,0.2868,10052.7,0.287,1454.5,0.2871,9162.9
1753617176567,11:52:56.567,bybit,1INCH/USDT:USDT,0.2869,2051.5,0.2868,10051.7,0.287,1454.5,0.2871,9162.9
1753617177067,11:52:57.067,bybit,1INCH/USDT:USDT,0.2869,2051.5,0.2868,10051.7,0.287,1454.5,0.2871,9145.4
1753617177166,11:52:57.166,bybit,1INCH/USDT:USDT,0.2869,2051.5,0.2868,10051.7,0.287,1454.5,0.2871,9145.4
1753617177767,11:52:57.767,bybit,1INCH/USDT:USDT,0.2869,2051.5,0.2868,10051.7,0.287,1454.5,0.2871,9145.4
1753617177866,11:52:57.866,bybit,1INCH/USDT:USDT,0.2869,2051.5,0.2868,10051.7,0.287,1454.5,0.2871,9145.4
1753617178066,11:52:58.066,bybit,1INCH/USDT:USDT,0.2869,1979.2,0.2868,10051.7,0.287,1454.5,0.2871,9145.4
1753617178967,11:52:58.967,bybit,1INCH/USDT:USDT,0.2869,1979.2,0.2868,10051.7,0.287,1454.5,0.2871,9145.4
1753617179067,11:52:59.067,bybit,1INCH/USDT:USDT,0.2869,1979.2,0.2868,10051.7,0.287,1454.5,0.2871,9145.4
1753617179167,11:52:59.167,bybit,1INCH/USDT:USDT,0.2869,1979.2,0.2868,10051.7,0.287,1454.5,0.2871,9145.4
1753617179268,11:52:59.268,bybit,1INCH/USDT:USDT,0.2869,1677.8,0.2868,10051.7,0.287,1454.5,0.2871,9145.4
1753617179367,11:52:59.367,bybit,1INCH/USDT:USDT,0.2869,1677.8,0.2868,10051.7,0.287,1454.5,0.2871,9145.4
1753617179467,11:52:59.467,bybit,1INCH/USDT:USDT,0.2869,1677.8,0.2868,10051.7,0.287,1444.5,0.2871,9145.4
1753617180067,11:53:00.067,bybit,1INCH/USDT:USDT,0.2869,1556.7,0.2868,9361.4,0.287,1444.5,0.2871,9145.4
1753617180166,11:53:00.166,bybit,1INCH/USDT:USDT,0.2869,1556.7,0.2868,9361.4,0.287,1468.8,0.2871,9145.4
1753617180269,11:53:00.269,bybit,1INCH/USDT:USDT,0.2869,1556.7,0.2868,9361.4,0.287,1468.8,0.2871,9104.3
1753617180366,11:53:00.366,bybit,1INCH/USDT:USDT,0.2869,1556.7,0.2868,10051.7,0.287,1468.8,0.2871,9104.3
1753617180467,11:53:00.467,bybit,1INCH/USDT:USDT,0.2869,1556.7,0.2868,10051.7,0.287,1468.8,0.2871,9104.3
1753617180666,11:53:00.666,bybit,1INCH/USDT:USDT,0.2869,1556.7,0.2868,10051.7,0.287,1468.8,0.2871,9104.3
1753617180766,11:53:00.766,bybit,1INCH/USDT:USDT,0.2869,1556.7,0.2868,10051.7,0.287,1468.8,0.2871,9104.3
1753617180967,11:53:00.967,bybit,1INCH/USDT:USDT,0.2869,1556.7,0.2868,10051.7,0.287,1468.8,0.2871,9104.3
1753617181067,11:53:01.067,bybit,1INCH/USDT:USDT,0.2869,1707.4,0.2868,10051.7,0.287,1468.8,0.2871,9104.3
1753617181167,11:53:01.167,bybit,1INCH/USDT:USDT,0.2869,1707.4,0.2868,10051.7,0.287,1468.8,0.2871,9104.3
1753617181467,11:53:01.467,bybit,1INCH/USDT:USDT,0.2869,1707.4,0.2868,10051.7,0.287,1468.8,0.2871,9104.3
1753617181567,11:53:01.567,bybit,1INCH/USDT:USDT,0.2869,1707.4,0.2868,10051.7,0.287,1468.8,0.2871,9104.3
1753617181967,11:53:01.967,bybit,1INCH/USDT:USDT,0.2869,1707.4,0.2868,10051.7,0.287,1468.8,0.2871,9104.3
1753617182066,11:53:02.066,bybit,1INCH/USDT:USDT,0.2869,1858.1,0.2868,10051.7,0.287,1468.8,0.2871,9104.3
1753617182167,11:53:02.167,bybit,1INCH/USDT:USDT,0.2869,1858.1,0.2868,10051.7,0.287,1468.8,0.2871,9104.3
1753617182466,11:53:02.466,bybit,1INCH/USDT:USDT,0.2869,2858.1,0.2868,10051.7,0.287,1468.8,0.2871,9104.3
1753617182567,11:53:02.567,bybit,1INCH/USDT:USDT,0.2869,2858.1,0.2868,10051.7,0.287,1468.8,0.2871,9104.3
1753617182667,11:53:02.667,bybit,1INCH/USDT:USDT,0.2869,2858.1,0.2868,10051.7,0.287,134.4,0.2871,9104.3
1753617182866,11:53:02.866,bybit,1INCH/USDT:USDT,0.2869,2858.1,0.2868,10051.7,0.287,134.4,0.2871,9104.3
1753617182966,11:53:02.966,bybit,1INCH/USDT:USDT,0.2869,2858.1,0.2868,10051.7,0.287,134.4,0.2871,9104.3
1753617183067,11:53:03.067,bybit,1INCH/USDT:USDT,0.2869,2930.4,0.2868,10051.7,0.287,134.4,0.2871,9104.3
1753617183467,11:53:03.467,bybit,1INCH/USDT:USDT,0.287,2348.0,0.2869,4933.5,0.2871,1715.5,0.2872,14783.5
1753617183667,11:53:03.667,bybit,1INCH/USDT:USDT,0.287,2348.0,0.2869,4933.5,0.2871,360.2,0.2872,16505.5
1753617183767,11:53:03.767,bybit,1INCH/USDT:USDT,0.287,2522.2,0.2869,4933.5,0.2871,360.2,0.2872,16505.5
1753617183866,11:53:03.866,bybit,1INCH/USDT:USDT,0.287,2522.2,0.2869,4933.5,0.2871,360.2,0.2872,16505.5
1753617183967,11:53:03.967,bybit,1INCH/USDT:USDT,0.287,2864.4,0.2869,4933.5,0.2871,19.2,0.2872,16505.5
1753617184067,11:53:04.067,bybit,1INCH/USDT:USDT,0.287,2936.7,0.2869,4861.2,0.2871,19.2,0.2872,16505.5
1753617184167,11:53:04.167,bybit,1INCH/USDT:USDT,0.287,2936.7,0.2869,4861.2,0.2871,19.2,0.2872,16505.5
1753617184367,11:53:04.367,bybit,1INCH/USDT:USDT,0.287,3936.7,0.2869,4861.2,0.2871,19.2,0.2872,16505.5
1753617184467,11:53:04.467,bybit,1INCH/USDT:USDT,0.287,3786.0,0.2869,5011.9,0.2871,19.2,0.2872,16505.5
1753617184567,11:53:04.567,bybit,1INCH/USDT:USDT,0.287,3635.3,0.2869,5011.9,0.2871,19.2,0.2872,16505.5
1753617184667,11:53:04.667,bybit,1INCH/USDT:USDT,0.287,3786.0,0.2869,5011.9,0.2871,19.2,0.2872,16505.5
1753617184767,11:53:04.767,bybit,1INCH/USDT:USDT,0.287,3635.3,0.2869,5011.9,0.2871,912.4,0.2872,16656.2
1753617185066,11:53:05.066,bybit,1INCH/USDT:USDT,0.287,2635.3,0.2869,5011.9,0.2871,912.4,0.2872,16656.2
1753617185167,11:53:05.167,bybit,1INCH/USDT:USDT,0.287,2635.3,0.2869,5011.9,0.2871,912.4,0.2872,16656.2
1753617185267,11:53:05.267,bybit,1INCH/USDT:USDT,0.287,2936.7,0.2869,5011.9,0.2871,912.4,0.2872,16505.5
1753617185467,11:53:05.467,bybit,1INCH/USDT:USDT,0.287,2936.7,0.2869,5011.9,0.2871,912.4,0.2872,16505.5
1753617185566,11:53:05.566,bybit,1INCH/USDT:USDT,0.287,2786.0,0.2869,5011.9,0.2871,912.4,0.2872,16656.2
1753617185666,11:53:05.666,bybit,1INCH/USDT:USDT,0.287,2786.0,0.2869,5011.9,0.2871,912.4,0.2872,16656.2
1753617185766,11:53:05.766,bybit,1INCH/USDT:USDT,0.287,2786.0,0.2869,5011.9,0.2871,912.4,0.2872,16656.2
1753617185867,11:53:05.867,bybit,1INCH/USDT:USDT,0.287,2635.3,0.2869,5011.9,0.2871,2262.0,0.2872,16656.2
1753617185967,11:53:05.967,bybit,1INCH/USDT:USDT,0.287,2635.3,0.2869,5011.9,0.2871,2262.0,0.2872,16656.2
1753617186067,11:53:06.067,bybit,1INCH/USDT:USDT,0.287,2713.7,0.2869,5011.9,0.2871,2262.0,0.2872,16656.2
1753617186167,11:53:06.167,bybit,1INCH/USDT:USDT,0.287,2864.4,0.2869,5011.9,0.2871,2262.0,0.2872,16505.5
1753617186267,11:53:06.267,bybit,1INCH/USDT:USDT,0.287,2864.4,0.2869,5011.9,0.2871,2262.0,0.2872,16505.5
1753617186366,11:53:06.366,bybit,1INCH/USDT:USDT,0.287,2864.4,0.2869,5011.9,0.2871,2262.0,0.2872,16505.5
1753617186767,11:53:06.767,bybit,1INCH/USDT:USDT,0.287,2864.4,0.2869,5011.9,0.2871,2262.0,0.2872,16505.5
1753617186867,11:53:06.867,bybit,1INCH/USDT:USDT,0.287,2864.4,0.2869,5011.9,0.2871,2262.0,0.2872,16546.6
1753617187067,11:53:07.067,bybit,1INCH/USDT:USDT,0.287,2786.0,0.2869,5011.9,0.2871,2262.0,0.2872,16546.6
1753617187167,11:53:07.167,bybit,1INCH/USDT:USDT,0.287,2786.0,0.2869,5011.9,0.2871,2262.0,0.2872,16546.6
1753617187267,11:53:07.267,bybit,1INCH/USDT:USDT,0.287,2936.7,0.2869,5011.9,0.2871,2262.0,0.2872,16546.6
1753617187366,11:53:07.366,bybit,1INCH/USDT:USDT,0.287,2635.3,0.2869,5011.9,0.2871,2262.0,0.2872,16546.6
1753617187467,11:53:07.467,bybit,1INCH/USDT:USDT,0.287,1938.3,0.2869,4861.2,0.2871,2262.0,0.2872,16546.6
1753617187566,11:53:07.566,bybit,1INCH/USDT:USDT,0.287,1938.3,0.2869,4861.2,0.2871,2262.0,0.2872,16546.6
1753617187667,11:53:07.667,bybit,1INCH/USDT:USDT,0.287,1938.3,0.2869,4861.2,0.2871,2262.0,0.2872,16546.6
1753617187866,11:53:07.866,bybit,1INCH/USDT:USDT,0.287,2239.7,0.2869,4861.2,0.2871,2262.0,0.2872,16546.6
1753617188067,11:53:08.067,bybit,1INCH/USDT:USDT,0.287,2167.4,0.2869,4861.2,0.2871,2262.0,0.2872,16546.6
1753617188167,11:53:08.167,bybit,1INCH/USDT:USDT,0.287,2167.4,0.2869,4861.2,0.2871,2262.0,0.2872,16546.6
1753617188367,11:53:08.367,bybit,1INCH/USDT:USDT,0.287,2167.4,0.2869,4861.2,0.2871,2262.0,0.2872,16505.5
1753617188467,11:53:08.467,bybit,1INCH/USDT:USDT,0.287,2016.7,0.2869,4861.2,0.2871,1507.5,0.2872,16505.5
1753617188566,11:53:08.566,bybit,1INCH/USDT:USDT,0.287,2167.4,0.2869,4861.2,0.2871,1507.5,0.2872,16505.5
1753617188867,11:53:08.867,bybit,1INCH/USDT:USDT,0.287,2167.4,0.2869,4861.2,0.2871,1507.5,0.2872,16505.5
1753617188966,11:53:08.966,bybit,1INCH/USDT:USDT,0.287,2167.4,0.2869,4861.2,0.2871,1507.5,0.2872,16505.5
1753617189066,11:53:09.066,bybit,1INCH/USDT:USDT,0.287,2239.7,0.2869,4861.2,0.2871,1507.5,0.2872,16505.5
1753617189466,11:53:09.466,bybit,1INCH/USDT:USDT,0.287,2239.7,0.2869,4861.2,0.2871,1507.5,0.2872,16505.5
1753617189567,11:53:09.567,bybit,1INCH/USDT:USDT,0.287,1939.3,0.2869,4860.0,0.2871,1507.5,0.2872,16546.6
1753617189766,11:53:09.766,bybit,1INCH/USDT:USDT,0.287,1939.3,0.2869,4860.0,0.2871,1507.5,0.2872,16546.6
1753617190067,11:53:10.067,bybit,1INCH/USDT:USDT,0.287,2240.7,0.2869,4860.0,0.2871,1507.5,0.2872,16546.6
1753617190366,11:53:10.366,bybit,1INCH/USDT:USDT,0.287,2240.7,0.2869,4860.0,0.2871,1507.5,0.2872,16546.6
1753617190767,11:53:10.767,bybit,1INCH/USDT:USDT,0.287,2240.7,0.2869,4860.0,0.2871,1507.5,0.2872,16546.6
1753617190867,11:53:10.867,bybit,1INCH/USDT:USDT,0.287,2240.7,0.2869,4860.0,0.2871,1507.5,0.2872,16546.6
1753617190967,11:53:10.967,bybit,1INCH/USDT:USDT,0.287,2240.7,0.2869,4860.0,0.2871,1507.5,0.2872,16546.6
1753617191967,11:53:11.967,bybit,1INCH/USDT:USDT,0.287,2240.7,0.2869,4860.0,0.2871,1507.5,0.2872,16546.6
1753617192067,11:53:12.067,bybit,1INCH/USDT:USDT,0.287,2240.7,0.2869,4860.0,0.2871,1507.5,0.2872,16546.6
1753617192367,11:53:12.367,bybit,1INCH/USDT:USDT,0.287,2240.7,0.2869,4860.0,0.2871,1507.5,0.2872,16546.6
1753617192467,11:53:12.467,bybit,1INCH/USDT:USDT,0.287,2240.7,0.2869,4860.0,0.2871,1507.5,0.2872,16546.6
1753617192669,11:53:12.669,bybit,1INCH/USDT:USDT,0.287,2240.7,0.2869,4860.0,0.2871,1507.5,0.2872,16546.6
1753617192766,11:53:12.766,bybit,1INCH/USDT:USDT,0.287,2090.0,0.2869,4860.0,0.2871,1507.5,0.2872,16546.6
1753617192866,11:53:12.866,bybit,1INCH/USDT:USDT,0.287,2090.0,0.2869,4860.0,0.2871,1507.5,0.2872,16546.6
1753617193467,11:53:13.467,bybit,1INCH/USDT:USDT,0.287,2090.0,0.2869,4860.0,0.2871,1507.5,0.2872,16546.6
1753617193566,11:53:13.566,bybit,1INCH/USDT:USDT,0.287,2066.5,0.2869,4860.0,0.2871,1507.5,0.2872,16546.6
1753617193766,11:53:13.766,bybit,1INCH/USDT:USDT,0.287,2066.5,0.2869,4860.0,0.2871,1507.5,0.2872,16546.6
1753617193866,11:53:13.866,bybit,1INCH/USDT:USDT,0.287,1915.8,0.2869,4860.0,0.2871,1507.5,0.2872,16546.6
1753617194066,11:53:14.066,bybit,1INCH/USDT:USDT,0.287,1915.8,0.2869,4860.0,0.2871,1507.5,0.2872,16546.6
1753617194367,11:53:14.367,bybit,1INCH/USDT:USDT,0.287,1915.8,0.2869,4860.0,0.2871,1600.1,0.2872,16546.6
1753617194467,11:53:14.467,bybit,1INCH/USDT:USDT,0.287,1915.8,0.2869,4860.0,0.2871,1600.1,0.2872,16546.6
1753617195167,11:53:15.167,bybit,1INCH/USDT:USDT,0.287,2066.5,0.2869,4860.0,0.2871,1600.1,0.2872,16546.6
1753617195267,11:53:15.267,bybit,1INCH/USDT:USDT,0.287,2066.5,0.2869,4860.0,0.2871,1600.1,0.2872,16546.6
1753617195467,11:53:15.467,bybit,1INCH/USDT:USDT,0.287,2066.5,0.2869,4860.0,0.2871,1600.1,0.2872,16546.6
1753617195567,11:53:15.567,bybit,1INCH/USDT:USDT,0.287,2066.5,0.2869,4860.0,0.2871,1600.1,0.2872,16546.6
1753617195667,11:53:15.667,bybit,1INCH/USDT:USDT,0.287,2066.5,0.2869,4860.0,0.2871,1600.1,0.2872,16546.6
1753617195766,11:53:15.766,bybit,1INCH/USDT:USDT,0.287,2066.5,0.2869,4860.0,0.2871,1600.1,0.2872,16546.6
1753617195866,11:53:15.866,bybit,1INCH/USDT:USDT,0.287,2066.5,0.2869,4860.0,0.2871,1600.1,0.2872,16546.6
1753617195967,11:53:15.967,bybit,1INCH/USDT:USDT,0.287,2066.5,0.2869,4860.0,0.2871,1572.9,0.2872,16546.6
1753617196067,11:53:16.067,bybit,1INCH/USDT:USDT,0.287,2066.5,0.2869,4860.0,0.2871,1572.9,0.2872,16546.6
1753617196667,11:53:16.667,bybit,1INCH/USDT:USDT,0.287,2066.5,0.2869,4860.0,0.2871,1572.9,0.2872,16546.6
1753617196767,11:53:16.767,bybit,1INCH/USDT:USDT,0.287,2066.5,0.2869,4860.0,0.2871,1572.9,0.2872,16546.6
1753617196866,11:53:16.866,bybit,1INCH/USDT:USDT,0.287,2066.5,0.2869,4860.0,0.2871,1572.9,0.2872,16546.6
1753617196967,11:53:16.967,bybit,1INCH/USDT:USDT,0.287,2066.5,0.2869,4860.0,0.2871,1572.9,0.2872,16546.6
1753617197066,11:53:17.066,bybit,1INCH/USDT:USDT,0.287,2066.5,0.2869,4860.0,0.2871,223.3,0.2872,16546.6
1753617197167,11:53:17.167,bybit,1INCH/USDT:USDT,0.287,2066.5,0.2869,4860.0,0.2871,1573.4,0.2872,16546.6
1753617197267,11:53:17.267,bybit,1INCH/USDT:USDT,0.287,3066.5,0.2869,4860.0,0.2871,1573.4,0.2872,16546.6
1753617197467,11:53:17.467,bybit,1INCH/USDT:USDT,0.287,3066.5,0.2869,4860.0,0.2871,1573.4,0.2872,16505.5
1753617197767,11:53:17.767,bybit,1INCH/USDT:USDT,0.287,3066.5,0.2869,4860.0,0.2871,1573.4,0.2872,16505.5
1753617197867,11:53:17.867,bybit,1INCH/USDT:USDT,0.287,3066.5,0.2869,4860.0,0.2871,1573.4,0.2872,16505.5
1753617198067,11:53:18.067,bybit,1INCH/USDT:USDT,0.287,3066.5,0.2869,4860.0,0.2871,223.3,0.2872,16505.5
1753617199166,11:53:19.166,bybit,1INCH/USDT:USDT,0.287,3066.5,0.2869,4860.0,0.2871,223.3,0.2872,16505.5
1753617199267,11:53:19.267,bybit,1INCH/USDT:USDT,0.2871,1350.1,0.287,3848.9,0.2872,7251.1,0.2873,6684.1
1753617199367,11:53:19.367,bybit,1INCH/USDT:USDT,0.287,6342.2,0.2869,10235.9,0.2871,1350.1,0.2872,7401.8
1753617199468,11:53:19.468,bybit,1INCH/USDT:USDT,0.287,2090.0,0.2869,7977.6,0.2871,1350.1,0.2872,13330.3
1753617199567,11:53:19.567,bybit,1INCH/USDT:USDT,0.287,2090.0,0.2869,7977.6,0.2871,1350.1,0.2872,13330.3
1753617199667,11:53:19.667,bybit,1INCH/USDT:USDT,0.287,1939.3,0.2869,7977.6,0.2871,1350.1,0.2872,13330.3
1753617199867,11:53:19.867,bybit,1INCH/USDT:USDT,0.287,2090.0,0.2869,7977.6,0.2871,1350.1,0.2872,13179.6
1753617200069,11:53:20.069,bybit,1INCH/USDT:USDT,0.287,1765.1,0.2869,7977.6,0.2871,1500.8,0.2872,13179.6
1753617200167,11:53:20.167,bybit,1INCH/USDT:USDT,0.287,1765.1,0.2869,7977.6,0.2871,1500.8,0.2872,13179.6
1753617200270,11:53:20.270,bybit,1INCH/USDT:USDT,0.287,1765.1,0.2869,7977.6,0.2871,1500.8,0.2872,13179.6
1753617200366,11:53:20.366,bybit,1INCH/USDT:USDT,0.287,1765.1,0.2869,7977.6,0.2871,1350.1,0.2872,13179.6
1753617200670,11:53:20.670,bybit,1INCH/USDT:USDT,0.287,1939.3,0.2869,7977.6,0.2871,1350.1,0.2872,13179.6
1753617200767,11:53:20.767,bybit,1INCH/USDT:USDT,0.287,1939.3,0.2869,7977.6,0.2871,1350.1,0.2872,13179.6
1753617200867,11:53:20.867,bybit,1INCH/USDT:USDT,0.287,2240.7,0.2869,7977.6,0.2871,1350.1,0.2872,13179.6
1753617200967,11:53:20.967,bybit,1INCH/USDT:USDT,0.287,2240.7,0.2869,7977.6,0.2871,1350.1,0.2872,13179.6
1753617201067,11:53:21.067,bybit,1INCH/USDT:USDT,0.287,3958.4,0.2869,7977.6,0.2872,7251.1,0.2873,13417.4
1753617201167,11:53:21.167,bybit,1INCH/USDT:USDT,0.2871,1376.4,0.287,3958.4,0.2872,7251.1,0.2873,12727.1
1753617201267,11:53:21.267,bybit,1INCH/USDT:USDT,0.2871,1376.4,0.287,6977.8,0.2872,7401.8,0.2873,12727.1
1753617201366,11:53:21.366,bybit,1INCH/USDT:USDT,0.2871,1376.4,0.287,6977.8,0.2872,7401.8,0.2873,12727.1
1753617201567,11:53:21.567,bybit,1INCH/USDT:USDT,0.2871,1376.4,0.287,6977.8,0.2872,7401.8,0.2873,12727.1
1753617201666,11:53:21.666,bybit,1INCH/USDT:USDT,0.2871,1376.4,0.287,6977.8,0.2872,7401.8,0.2873,12727.1
1753617201867,11:53:21.867,bybit,1INCH/USDT:USDT,0.2871,1376.4,0.287,6977.8,0.2872,7379.6,0.2873,12727.1
1753617201966,11:53:21.966,bybit,1INCH/USDT:USDT,0.2871,1376.4,0.287,6977.8,0.2872,7379.6,0.2873,12727.1
1753617202067,11:53:22.067,bybit,1INCH/USDT:USDT,0.2871,1376.4,0.287,6905.5,0.2872,7379.6,0.2873,12727.1
1753617202166,11:53:22.166,bybit,1INCH/USDT:USDT,0.2871,1376.4,0.287,6905.5,0.2872,7379.6,0.2873,12727.1
1753617202366,11:53:22.366,bybit,1INCH/USDT:USDT,0.2871,1376.4,0.287,6905.5,0.2872,7379.6,0.2873,12784.4
1753617202466,11:53:22.466,bybit,1INCH/USDT:USDT,0.2871,1376.4,0.287,6905.5,0.2872,7379.6,0.2873,12784.4
1753617202767,11:53:22.767,bybit,1INCH/USDT:USDT,0.2871,1745.4,0.287,6905.5,0.2872,7379.6,0.2873,12784.4
1753617202966,11:53:22.966,bybit,1INCH/USDT:USDT,0.2871,369.0,0.287,5905.5,0.2872,7530.3,0.2873,12784.4
1753617203067,11:53:23.067,bybit,1INCH/USDT:USDT,0.2871,369.0,0.287,5905.5,0.2872,7451.9,0.2873,12784.4
1753617203167,11:53:23.167,bybit,1INCH/USDT:USDT,0.2871,369.0,0.287,5905.5,0.2872,7602.6,0.2873,12784.4
1753617203467,11:53:23.467,bybit,1INCH/USDT:USDT,0.2871,369.0,0.287,5905.5,0.2872,7451.9,0.2873,12784.4
1753617203567,11:53:23.567,bybit,1INCH/USDT:USDT,0.2871,369.0,0.287,5563.3,0.2872,7451.9,0.2873,12784.4
1753617203667,11:53:23.667,bybit,1INCH/USDT:USDT,0.2871,369.0,0.287,5563.3,0.2872,7451.9,0.2873,12784.4
1753617203767,11:53:23.767,bybit,1INCH/USDT:USDT,0.2871,369.0,0.287,5563.3,0.2872,7451.9,0.2873,12784.4
1753617204067,11:53:24.067,bybit,1INCH/USDT:USDT,0.2871,369.0,0.287,6391.9,0.2872,7602.6,0.2873,13474.7
1753617204166,11:53:24.166,bybit,1INCH/USDT:USDT,0.2871,369.0,0.287,6391.9,0.2872,7602.6,0.2873,13474.7
1753617204468,11:53:24.468,bybit,1INCH/USDT:USDT,0.2871,369.0,0.287,6391.9,0.2872,7609.9,0.2873,13474.7
1753617204667,11:53:24.667,bybit,1INCH/USDT:USDT,0.2871,369.0,0.287,6391.9,0.2872,7609.9,0.2873,13474.7
1753617205067,11:53:25.067,bybit,1INCH/USDT:USDT,0.2871,369.0,0.287,6391.9,0.2872,7459.2,0.2873,12784.4
1753617205167,11:53:25.167,bybit,1INCH/USDT:USDT,0.2871,369.0,0.287,6391.9,0.2872,7459.2,0.2873,12784.4
1753617205266,11:53:25.266,bybit,1INCH/USDT:USDT,0.2871,369.0,0.287,6391.9,0.2872,7308.5,0.2873,12784.4
1753617205367,11:53:25.367,bybit,1INCH/USDT:USDT,0.2871,369.0,0.287,6391.9,0.2872,7459.2,0.2873,12784.4
1753617205566,11:53:25.566,bybit,1INCH/USDT:USDT,0.2871,1745.4,0.287,6391.9,0.2872,7459.2,0.2873,12784.4
1753617205667,11:53:25.667,bybit,1INCH/USDT:USDT,0.2871,1745.4,0.287,6391.9,0.2872,7308.5,0.2873,12784.4
1753617205767,11:53:25.767,bybit,1INCH/USDT:USDT,0.2871,1745.4,0.287,6391.9,0.2872,7459.2,0.2873,12784.4
1753617205866,11:53:25.866,bybit,1INCH/USDT:USDT,0.2871,1745.4,0.287,6391.9,0.2872,7459.2,0.2873,12784.4
1753617206067,11:53:26.067,bybit,1INCH/USDT:USDT,0.2871,1745.4,0.287,6391.9,0.2872,7386.9,0.2873,12784.4
1753617206167,11:53:26.167,bybit,1INCH/USDT:USDT,0.2871,1745.4,0.287,7391.9,0.2872,7386.9,0.2873,12784.4
1753617206367,11:53:26.367,bybit,1INCH/USDT:USDT,0.2871,1745.4,0.287,7391.9,0.2872,7236.2,0.2873,12784.4
1753617206467,11:53:26.467,bybit,1INCH/USDT:USDT,0.2871,1745.4,0.287,7391.9,0.2872,7236.2,0.2873,12784.4
1753617206667,11:53:26.667,bybit,1INCH/USDT:USDT,0.2871,1745.4,0.287,7391.9,0.2872,7236.4,0.2873,12784.4
1753617206867,11:53:26.867,bybit,1INCH/USDT:USDT,0.2871,1745.4,0.287,8268.5,0.2872,7236.4,0.2873,12784.4
1753617207167,11:53:27.167,bybit,1INCH/USDT:USDT,0.2871,1745.4,0.287,8268.5,0.2872,7236.4,0.2873,12784.4
1753617207267,11:53:27.267,bybit,1INCH/USDT:USDT,0.2871,1745.4,0.287,8958.8,0.2872,7236.4,0.2873,12784.4
1753617207367,11:53:27.367,bybit,1INCH/USDT:USDT,0.2871,1745.4,0.287,8958.8,0.2872,7236.4,0.2873,12784.4
1753617207466,11:53:27.466,bybit,1INCH/USDT:USDT,0.2871,1745.4,0.287,8958.8,0.2872,7236.4,0.2873,12784.4
1753617207566,11:53:27.566,bybit,1INCH/USDT:USDT,0.2871,1745.4,0.287,8958.8,0.2872,7236.4,0.2873,12784.4
1753617207766,11:53:27.766,bybit,1INCH/USDT:USDT,0.2871,1745.4,0.287,8958.8,0.2872,7236.4,0.2873,12784.4
1753617207968,11:53:27.968,bybit,1INCH/USDT:USDT,0.2871,1896.1,0.287,9353.6,0.2872,5579.6,0.2873,10174.2
1753617208066,11:53:28.066,bybit,1INCH/USDT:USDT,0.2871,1745.4,0.287,9353.6,0.2872,5579.6,0.2873,10174.2
1753617208168,11:53:28.168,bybit,1INCH/USDT:USDT,0.2871,1745.4,0.287,8663.3,0.2872,5579.6,0.2873,10174.2
1753617208367,11:53:28.367,bybit,1INCH/USDT:USDT,0.2871,1745.4,0.287,8663.3,0.2872,5579.6,0.2873,10174.2
1753617208467,11:53:28.467,bybit,1INCH/USDT:USDT,0.2871,1896.1,0.287,8663.3,0.2872,5579.6,0.2873,10174.2
1753617208767,11:53:28.767,bybit,1INCH/USDT:USDT,0.2871,1745.4,0.287,8663.3,0.2872,5579.6,0.2873,10174.2
1753617208867,11:53:28.867,bybit,1INCH/USDT:USDT,0.2871,1745.4,0.287,7663.3,0.2872,5579.6,0.2873,10174.2
1753617209067,11:53:29.067,bybit,1INCH/USDT:USDT,0.2871,1896.1,0.287,7663.3,0.2872,5579.6,0.2873,10174.2
1753617209167,11:53:29.167,bybit,1INCH/USDT:USDT,0.2871,1896.1,0.287,7663.3,0.2872,5579.6,0.2873,10174.2
1753617209267,11:53:29.267,bybit,1INCH/USDT:USDT,0.2871,1896.1,0.287,7663.3,0.2872,5579.6,0.2873,10174.2
1753617209367,11:53:29.367,bybit,1INCH/USDT:USDT,0.2871,1745.4,0.287,7663.3,0.2872,5579.6,0.2873,10174.2
1753617209466,11:53:29.466,bybit,1INCH/USDT:USDT,0.2871,1896.1,0.287,7663.3,0.2872,5579.6,0.2873,10174.2
1753617209666,11:53:29.666,bybit,1INCH/USDT:USDT,0.2871,1745.4,0.287,7663.3,0.2872,5579.6,0.2873,10174.2
1753617209968,11:53:29.968,bybit,1INCH/USDT:USDT,0.2871,2046.8,0.287,8353.6,0.2872,5579.6,0.2873,10174.2
1753617210067,11:53:30.067,bybit,1INCH/USDT:USDT,0.2871,3389.2,0.287,9353.6,0.2872,5236.4,0.2873,8448.6
1753617210167,11:53:30.167,bybit,1INCH/USDT:USDT,0.2871,3119.1,0.287,9353.6,0.2872,5236.4,0.2873,8448.6
1753617210272,11:53:30.272,bybit,1INCH/USDT:USDT,0.2871,3119.1,0.287,9353.6,0.2872,5236.4,0.2873,8448.6
1753617210367,11:53:30.367,bybit,1INCH/USDT:USDT,0.2871,2968.4,0.287,9353.6,0.2872,5236.4,0.2873,8396.2
1753617210467,11:53:30.467,bybit,1INCH/USDT:USDT,0.2871,2817.7,0.287,8663.3,0.2872,5236.4,0.2873,8396.2
1753617210566,11:53:30.566,bybit,1INCH/USDT:USDT,0.2871,1968.4,0.287,9353.6,0.2872,5236.4,0.2873,8396.2
1753617210666,11:53:30.666,bybit,1INCH/USDT:USDT,0.2871,1817.7,0.287,9353.6,0.2872,5236.4,0.2873,8396.2
1753617210767,11:53:30.767,bybit,1INCH/USDT:USDT,0.2871,1817.7,0.287,9353.6,0.2872,5236.4,0.2873,8396.2
1753617210867,11:53:30.867,bybit,1INCH/USDT:USDT,0.2871,1968.4,0.287,9353.6,0.2872,5236.4,0.2873,10121.8
1753617210966,11:53:30.966,bybit,1INCH/USDT:USDT,0.2871,1817.7,0.287,9353.6,0.2872,5236.4,0.2873,10121.8
1753617211067,11:53:31.067,bybit,1INCH/USDT:USDT,0.2871,1968.4,0.287,9353.6,0.2872,5236.4,0.2873,10121.8
1753617211167,11:53:31.167,bybit,1INCH/USDT:USDT,0.2871,1817.7,0.287,9353.6,0.2872,5236.4,0.2873,10121.8
1753617211268,11:53:31.268,bybit,1INCH/USDT:USDT,0.2871,1817.7,0.287,9353.6,0.2872,5236.4,0.2873,10121.8
1753617211367,11:53:31.367,bybit,1INCH/USDT:USDT,0.2871,1968.4,0.287,9353.6,0.2872,5236.4,0.2873,10121.8
1753617211467,11:53:31.467,bybit,1INCH/USDT:USDT,0.2871,1817.7,0.287,9353.6,0.2872,5236.4,0.2873,10121.8
1753617211567,11:53:31.567,bybit,1INCH/USDT:USDT,0.2871,1968.4,0.287,9353.6,0.2872,5236.4,0.2873,10121.8
1753617211667,11:53:31.667,bybit,1INCH/USDT:USDT,0.2871,1817.7,0.287,9353.6,0.2872,5236.4,0.2873,10121.8
1753617211767,11:53:31.767,bybit,1INCH/USDT:USDT,0.2871,2119.1,0.287,9353.6,0.2872,5236.4,0.2873,10121.8
1753617211867,11:53:31.867,bybit,1INCH/USDT:USDT,0.2871,2119.1,0.287,9353.6,0.2872,5236.4,0.2873,8396.2
1753617211967,11:53:31.967,bybit,1INCH/USDT:USDT,0.2871,2119.1,0.287,9353.6,0.2872,5236.4,0.2873,8396.2
1753617212166,11:53:32.166,bybit,1INCH/USDT:USDT,0.2871,3119.1,0.287,9353.6,0.2872,5236.4,0.2873,8396.2
1753617212467,11:53:32.467,bybit,1INCH/USDT:USDT,0.2871,3119.1,0.287,9353.6,0.2872,5236.4,0.2873,8396.2
1753617212567,11:53:32.567,bybit,1INCH/USDT:USDT,0.2871,2968.4,0.287,9353.6,0.2872,5236.4,0.2873,8396.2
1753617212666,11:53:32.666,bybit,1INCH/USDT:USDT,0.2871,3119.1,0.287,9353.6,0.2872,5236.4,0.2873,8396.2
1753617212867,11:53:32.867,bybit,1INCH/USDT:USDT,0.2871,3119.3,0.287,9353.6,0.2872,5236.4,0.2873,8396.2
1753617212967,11:53:32.967,bybit,1INCH/USDT:USDT,0.2871,3119.3,0.287,9353.6,0.2872,5236.4,0.2873,8396.2
1753617213167,11:53:33.167,bybit,1INCH/USDT:USDT,0.2871,3119.3,0.287,9353.6,0.2872,5236.4,0.2873,8396.2
1753617213467,11:53:33.467,bybit,1INCH/USDT:USDT,0.2871,2968.6,0.287,9353.6,0.2872,5236.4,0.2873,8396.2
1753617213567,11:53:33.567,bybit,1INCH/USDT:USDT,0.2871,2968.6,0.287,9353.6,0.2872,5236.4,0.2873,8396.2
1753617213667,11:53:33.667,bybit,1INCH/USDT:USDT,0.2871,2968.6,0.287,9353.6,0.2872,5236.4,0.2873,8396.2
1753617213767,11:53:33.767,bybit,1INCH/USDT:USDT,0.2871,2817.9,0.287,9353.6,0.2872,5236.4,0.2873,8396.2
1753617213967,11:53:33.967,bybit,1INCH/USDT:USDT,0.2871,1817.9,0.287,8663.3,0.2872,5236.4,0.2873,8448.6
1753617214067,11:53:34.067,bybit,1INCH/USDT:USDT,0.2871,1968.6,0.287,9353.6,0.2872,5236.4,0.2873,8448.6
1753617214466,11:53:34.466,bybit,1INCH/USDT:USDT,0.2871,1817.9,0.287,9353.6,0.2872,5236.4,0.2873,8448.6
1753617214566,11:53:34.566,bybit,1INCH/USDT:USDT,0.2871,1968.6,0.287,9353.6,0.2872,5236.4,0.2873,8448.6
1753617214667,11:53:34.667,bybit,1INCH/USDT:USDT,0.2871,1817.9,0.287,9353.6,0.2872,5236.4,0.2873,8448.6
1753617214767,11:53:34.767,bybit,1INCH/USDT:USDT,0.2871,1817.9,0.287,9353.6,0.2872,5387.1,0.2873,8448.6
1753617214967,11:53:34.967,bybit,1INCH/USDT:USDT,0.2871,1817.9,0.287,9353.6,0.2872,5236.4,0.2873,8448.6
1753617215066,11:53:35.066,bybit,1INCH/USDT:USDT,0.2871,1817.9,0.287,9353.6,0.2872,5236.4,0.2873,8448.6
1753617215166,11:53:35.166,bybit,1INCH/USDT:USDT,0.2871,1817.9,0.287,9353.6,0.2872,5236.4,0.2873,8448.6
1753617215268,11:53:35.268,bybit,1INCH/USDT:USDT,0.2871,2119.3,0.287,9353.6,0.2872,5236.4,0.2873,8448.6
1753617215366,11:53:35.366,bybit,1INCH/USDT:USDT,0.2871,2119.3,0.287,9353.6,0.2872,5236.4,0.2873,8448.6
1753617215467,11:53:35.467,bybit,1INCH/USDT:USDT,0.2871,2119.3,0.287,9353.6,0.2872,5236.4,0.2873,8448.6
1753617215567,11:53:35.567,bybit,1INCH/USDT:USDT,0.2871,1968.6,0.287,9353.6,0.2872,5236.4,0.2873,8448.6
1753617215867,11:53:35.867,bybit,1INCH/USDT:USDT,0.2871,2119.3,0.287,9353.6,0.2872,5236.4,0.2873,8448.6
1753617215967,11:53:35.967,bybit,1INCH/USDT:USDT,0.2871,2119.3,0.287,9353.6,0.2872,5236.4,0.2873,8448.6
1753617216067,11:53:36.067,bybit,1INCH/USDT:USDT,0.2871,3119.3,0.287,9353.6,0.2872,5236.4,0.2873,8448.6
1753617216167,11:53:36.167,bybit,1INCH/USDT:USDT,0.2871,3119.3,0.287,9353.6,0.2872,5236.4,0.2873,8448.6
1753617216566,11:53:36.566,bybit,1INCH/USDT:USDT,0.2871,3119.3,0.287,9353.6,0.2872,5236.4,0.2873,8448.6
1753617216767,11:53:36.767,bybit,1INCH/USDT:USDT,0.2871,2817.9,0.287,9353.6,0.2872,5236.4,0.2873,10174.2
1753617216866,11:53:36.866,bybit,1INCH/USDT:USDT,0.2871,2817.9,0.287,9353.6,0.2872,5233.3,0.2873,10174.2
1753617216966,11:53:36.966,bybit,1INCH/USDT:USDT,0.2871,2817.9,0.287,8663.3,0.2872,5233.3,0.2873,10174.2
1753617217067,11:53:37.067,bybit,1INCH/USDT:USDT,0.2871,2817.9,0.287,9353.6,0.2872,5233.3,0.2873,10174.2
1753617217167,11:53:37.167,bybit,1INCH/USDT:USDT,0.2871,1817.9,0.287,9353.6,0.2872,5233.3,0.2873,10174.2
1753617217267,11:53:37.267,bybit,1INCH/USDT:USDT,0.2871,1817.9,0.287,9353.6,0.2872,5233.3,0.2873,10174.2
1753617217367,11:53:37.367,bybit,1INCH/USDT:USDT,0.2871,1817.9,0.287,9353.6,0.2872,5384.0,0.2873,10174.2
1753617217467,11:53:37.467,bybit,1INCH/USDT:USDT,0.2871,1817.9,0.287,9353.6,0.2872,5233.3,0.2873,10174.2
1753617217667,11:53:37.667,bybit,1INCH/USDT:USDT,0.2871,1817.9,0.287,9352.6,0.2872,5234.3,0.2873,8448.6
1753617217767,11:53:37.767,bybit,1INCH/USDT:USDT,0.2871,1968.6,0.287,9352.6,0.2872,5234.3,0.2873,8489.7
1753617217867,11:53:37.867,bybit,1INCH/USDT:USDT,0.2871,1817.9,0.287,9352.6,0.2872,5234.3,0.2873,8489.7
1753617217967,11:53:37.967,bybit,1INCH/USDT:USDT,0.2871,1968.6,0.287,9352.6,0.2872,5234.3,0.2873,8489.7
1753617218066,11:53:38.066,bybit,1INCH/USDT:USDT,0.2871,2817.9,0.287,9352.6,0.2872,5234.3,0.2873,8489.7
1753617218167,11:53:38.167,bybit,1INCH/USDT:USDT,0.2871,3119.3,0.287,9352.6,0.2872,5234.3,0.2873,8489.7
1753617218367,11:53:38.367,bybit,1INCH/USDT:USDT,0.2871,3119.3,0.287,9352.6,0.2872,5234.3,0.2873,8489.7
1753617218467,11:53:38.467,bybit,1INCH/USDT:USDT,0.2871,3119.3,0.287,9352.6,0.2872,5234.3,0.2873,8489.7
1753617218566,11:53:38.566,bybit,1INCH/USDT:USDT,0.2871,3119.3,0.287,9352.6,0.2872,5234.3,0.2873,8489.7
1753617218768,11:53:38.768,bybit,1INCH/USDT:USDT,0.2871,3119.3,0.287,9352.6,0.2872,5234.3,0.2873,8448.6
1753617218967,11:53:38.967,bybit,1INCH/USDT:USDT,0.2871,3129.0,0.287,9352.6,0.2872,5234.3,0.2873,8448.6
1753617219466,11:53:39.466,bybit,1INCH/USDT:USDT,0.2871,3129.0,0.287,9352.6,0.2872,5234.3,0.2873,8448.6
1753617219567,11:53:39.567,bybit,1INCH/USDT:USDT,0.2871,3129.0,0.287,9352.6,0.2872,5234.3,0.2873,8448.6
1753617219666,11:53:39.666,bybit,1INCH/USDT:USDT,0.2871,3138.8,0.287,9352.6,0.2872,5234.3,0.2873,8448.6
1753617220067,11:53:40.067,bybit,1INCH/USDT:USDT,0.2871,3138.8,0.287,9352.6,0.2872,5234.3,0.2873,8448.6
1753617220166,11:53:40.166,bybit,1INCH/USDT:USDT,0.2871,3138.8,0.287,9352.6,0.2872,5234.3,0.2873,8448.6
1753617220366,11:53:40.366,bybit,1INCH/USDT:USDT,0.2871,3138.8,0.287,9352.6,0.2872,5388.4,0.2873,8448.6
1753617220567,11:53:40.567,bybit,1INCH/USDT:USDT,0.2871,3138.8,0.287,9352.6,0.2872,5388.4,0.2873,8448.6
1753617220667,11:53:40.667,bybit,1INCH/USDT:USDT,0.2871,3138.8,0.287,9352.6,0.2872,5388.4,0.2873,8448.6
1753617220767,11:53:40.767,bybit,1INCH/USDT:USDT,0.2871,3138.8,0.287,9352.6,0.2872,5388.4,0.2873,8448.6
1753617220867,11:53:40.867,bybit,1INCH/USDT:USDT,0.2871,3138.8,0.287,9352.6,0.2872,5388.4,0.2873,8448.6
1753617221067,11:53:41.067,bybit,1INCH/USDT:USDT,0.2871,3138.8,0.287,9352.6,0.2872,5388.4,0.2873,8448.6
1753617221667,11:53:41.667,bybit,1INCH/USDT:USDT,0.2871,3138.8,0.287,9352.6,0.2872,5388.4,0.2873,8448.6
1753617221767,11:53:41.767,bybit,1INCH/USDT:USDT,0.2871,3138.8,0.287,9352.6,0.2872,5426.1,0.2873,8448.6
1753617222167,11:53:42.167,bybit,1INCH/USDT:USDT,0.2871,2837.4,0.287,9352.6,0.2872,5426.1,0.2873,8448.6
1753617222667,11:53:42.667,bybit,1INCH/USDT:USDT,0.2871,3138.8,0.287,9352.6,0.2872,3335.6,0.2873,8056.9
1753617222768,11:53:42.768,bybit,1INCH/USDT:USDT,0.2871,3138.8,0.287,9352.6,0.2872,3335.6,0.2873,8056.9
1753617222966,11:53:42.966,bybit,1INCH/USDT:USDT,0.2872,1333.3,0.2871,8882.3,0.2873,1352.5,0.2874,11752.7
1753617223067,11:53:43.067,bybit,1INCH/USDT:USDT,0.2872,1333.3,0.2871,8810.0,0.2873,1352.5,0.2874,11752.7
1753617223166,11:53:43.166,bybit,1INCH/USDT:USDT,0.2872,1333.3,0.2871,8810.0,0.2873,1352.5,0.2874,11752.7
1753617223467,11:53:43.467,bybit,1INCH/USDT:USDT,0.2872,1634.7,0.2871,8659.3,0.2873,1352.5,0.2874,11810.0
1753617223567,11:53:43.567,bybit,1INCH/USDT:USDT,0.2872,1484.0,0.2871,8659.3,0.2873,1352.5,0.2874,11810.0
1753617223667,11:53:43.667,bybit,1INCH/USDT:USDT,0.2872,1634.7,0.2871,8659.3,0.2873,1352.5,0.2874,9200.7
1753617223768,11:53:43.768,bybit,1INCH/USDT:USDT,0.2872,1634.7,0.2871,8659.3,0.2873,1352.5,0.2874,9200.7
1753617223967,11:53:43.967,bybit,1INCH/USDT:USDT,0.2872,1634.7,0.2871,8659.3,0.2873,1352.5,0.2874,9200.7
1753617224067,11:53:44.067,bybit,1INCH/USDT:USDT,0.2872,1634.7,0.2871,8659.3,0.2873,1352.5,0.2874,9200.7
1753617224466,11:53:44.466,bybit,1INCH/USDT:USDT,0.2872,1635.1,0.2871,8659.3,0.2873,1352.5,0.2874,9200.7
1753617224567,11:53:44.567,bybit,1INCH/USDT:USDT,0.2872,1635.1,0.2871,8659.3,0.2873,1352.5,0.2874,9241.8
1753617224667,11:53:44.667,bybit,1INCH/USDT:USDT,0.2872,1635.1,0.2871,8659.3,0.2873,1352.5,0.2874,9241.8
1753617224867,11:53:44.867,bybit,1INCH/USDT:USDT,0.2872,1635.1,0.2871,8659.3,0.2873,1352.5,0.2874,9241.8
1753617224967,11:53:44.967,bybit,1INCH/USDT:USDT,0.2872,1635.1,0.2871,8659.3,0.2873,1352.5,0.2874,9241.8
1753617225166,11:53:45.166,bybit,1INCH/USDT:USDT,0.2872,1635.1,0.2871,8659.3,0.2873,1352.5,0.2874,9241.8
1753617225367,11:53:45.367,bybit,1INCH/USDT:USDT,0.2872,1635.1,0.2871,8659.3,0.2873,1352.5,0.2874,9241.8
1753617225567,11:53:45.567,bybit,1INCH/USDT:USDT,0.2872,1635.1,0.2871,8659.3,0.2873,1352.5,0.2874,9241.8
1753617225666,11:53:45.666,bybit,1INCH/USDT:USDT,0.2872,1635.1,0.2871,8659.3,0.2873,1352.5,0.2874,9241.8
1753617225867,11:53:45.867,bybit,1INCH/USDT:USDT,0.2872,1333.7,0.2871,8659.3,0.2873,1503.2,0.2874,11850.4
1753617225966,11:53:45.966,bybit,1INCH/USDT:USDT,0.2872,1333.7,0.2871,8659.3,0.2873,1352.5,0.2874,11850.4
1753617226667,11:53:46.667,bybit,1INCH/USDT:USDT,0.2872,1702.8,0.2871,8290.1,0.2873,1352.5,0.2874,11809.3
1753617226867,11:53:46.867,bybit,1INCH/USDT:USDT,0.2872,1702.8,0.2871,7322.4,0.2873,1352.5,0.2874,9200.7
1753617226966,11:53:46.966,bybit,1INCH/USDT:USDT,0.2872,2004.2,0.2871,7322.4,0.2873,1352.5,0.2874,9200.7
1753617227067,11:53:47.067,bybit,1INCH/USDT:USDT,0.2872,2004.2,0.2871,7322.4,0.2873,1352.5,0.2874,9200.7
1753617227167,11:53:47.167,bybit,1INCH/USDT:USDT,0.2872,2004.2,0.2871,7322.4,0.2873,1352.5,0.2874,9200.7
1753617227567,11:53:47.567,bybit,1INCH/USDT:USDT,0.2872,2004.2,0.2871,7322.4,0.2873,1352.5,0.2874,9200.7
1753617227972,11:53:47.972,bybit,1INCH/USDT:USDT,0.2872,2004.2,0.2871,7322.4,0.2873,1352.5,0.2874,9200.7
1753617228067,11:53:48.067,bybit,1INCH/USDT:USDT,0.2872,2076.5,0.2871,7322.4,0.2873,1352.5,0.2874,9200.7
1753617228567,11:53:48.567,bybit,1INCH/USDT:USDT,0.2872,2076.5,0.2871,7322.4,0.2873,1352.5,0.2874,9241.8
1753617228667,11:53:48.667,bybit,1INCH/USDT:USDT,0.2872,2076.5,0.2871,7322.4,0.2873,1352.5,0.2874,9241.8
1753617229067,11:53:49.067,bybit,1INCH/USDT:USDT,0.2872,2076.5,0.2871,7322.4,0.2873,1352.5,0.2874,9241.8
1753617229267,11:53:49.267,bybit,1INCH/USDT:USDT,0.2872,2079.8,0.2871,7322.4,0.2873,1352.5,0.2874,9241.8
1753617229367,11:53:49.367,bybit,1INCH/USDT:USDT,0.2872,2079.8,0.2871,7322.4,0.2873,1352.5,0.2874,9241.8
1753617229567,11:53:49.567,bybit,1INCH/USDT:USDT,0.2872,2079.8,0.2871,7322.4,0.2873,1352.5,0.2874,9241.8
1753617229666,11:53:49.666,bybit,1INCH/USDT:USDT,0.2872,2079.8,0.2871,7322.4,0.2873,1352.5,0.2874,9241.8
1753617229767,11:53:49.767,bybit,1INCH/USDT:USDT,0.2872,2079.8,0.2871,7322.4,0.2873,1352.5,0.2874,9241.8
1753617230269,11:53:50.269,bybit,1INCH/USDT:USDT,0.2872,2079.8,0.2871,7322.4,0.2873,19.2,0.2874,9241.8
1753617230367,11:53:50.367,bybit,1INCH/USDT:USDT,0.2872,2422.0,0.2871,10380.6,0.2873,19.2,0.2874,7346.9
1753617230468,11:53:50.468,bybit,1INCH/USDT:USDT,0.2872,2422.0,0.2871,8640.0,0.2873,19.2,0.2874,7346.9
1753617230567,11:53:50.567,bybit,1INCH/USDT:USDT,0.2872,2422.0,0.2871,8640.0,0.2873,19.2,0.2874,7346.9
1753617230667,11:53:50.667,bybit,1INCH/USDT:USDT,0.2872,2422.0,0.2871,8640.0,0.2873,19.2,0.2874,7346.9
1753617230866,11:53:50.866,bybit,1INCH/USDT:USDT,0.2872,3422.0,0.2871,8640.0,0.2873,19.2,0.2874,7346.9
1753617230967,11:53:50.967,bybit,1INCH/USDT:USDT,0.2872,3676.0,0.2871,8640.0,0.2873,19.2,0.2874,7346.9
1753617231066,11:53:51.066,bybit,1INCH/USDT:USDT,0.2872,3676.0,0.2871,8640.0,0.2873,19.2,0.2874,7346.9
1753617231167,11:53:51.167,bybit,1INCH/USDT:USDT,0.2872,3676.0,0.2871,8640.0,0.2873,19.2,0.2874,7346.9
1753617231268,11:53:51.268,bybit,1INCH/USDT:USDT,0.2872,3525.3,0.2871,8640.0,0.2873,19.2,0.2874,7346.9
1753617231367,11:53:51.367,bybit,1INCH/USDT:USDT,0.2872,2374.6,0.2871,8640.0,0.2873,1379.1,0.2874,7346.9
1753617231471,11:53:51.471,bybit,1INCH/USDT:USDT,0.2872,2374.6,0.2871,8640.0,0.2873,1379.1,0.2874,7346.9
1753617231967,11:53:51.967,bybit,1INCH/USDT:USDT,0.2872,2676.0,0.2871,8640.0,0.2873,1379.1,0.2874,7346.9
1753617232067,11:53:52.067,bybit,1INCH/USDT:USDT,0.2872,2525.3,0.2871,8640.0,0.2873,1379.1,0.2874,7346.9
1753617232166,11:53:52.166,bybit,1INCH/USDT:USDT,0.2872,2374.6,0.2871,8640.0,0.2873,1379.1,0.2874,7346.9
1753617232270,11:53:52.270,bybit,1INCH/USDT:USDT,0.2872,2374.6,0.2871,8640.0,0.2873,1379.1,0.2874,7346.9
1753617232367,11:53:52.367,bybit,1INCH/USDT:USDT,0.2872,2374.6,0.2871,8640.0,0.2873,1379.1,0.2874,7346.9
1753617232467,11:53:52.467,bybit,1INCH/USDT:USDT,0.2872,2374.6,0.2871,8640.0,0.2873,1379.1,0.2874,7346.9
1753617232567,11:53:52.567,bybit,1INCH/USDT:USDT,0.2872,2374.6,0.2871,8640.0,0.2873,1529.8,0.2874,7346.9
1753617232667,11:53:52.667,bybit,1INCH/USDT:USDT,0.2872,2374.6,0.2871,8640.0,0.2873,1529.8,0.2874,7346.9
1753617232767,11:53:52.767,bybit,1INCH/USDT:USDT,0.2872,2374.6,0.2871,8640.0,0.2873,1379.1,0.2874,7346.9
1753617232867,11:53:52.867,bybit,1INCH/USDT:USDT,0.2872,2374.6,0.2871,8640.0,0.2873,1677.5,0.2874,7346.9
1753617232966,11:53:52.966,bybit,1INCH/USDT:USDT,0.2872,2374.6,0.2871,8640.0,0.2873,1677.5,0.2874,7346.9
1753617233067,11:53:53.067,bybit,1INCH/USDT:USDT,0.2872,2302.3,0.2871,8640.0,0.2873,1677.5,0.2874,7346.9
1753617233167,11:53:53.167,bybit,1INCH/USDT:USDT,0.2872,2302.3,0.2871,8640.0,0.2873,1677.5,0.2874,7346.9
1753617233267,11:53:53.267,bybit,1INCH/USDT:USDT,0.2872,2302.3,0.2871,8640.0,0.2873,1677.5,0.2874,7346.9
1753617233866,11:53:53.866,bybit,1INCH/USDT:USDT,0.2872,1960.1,0.2871,8297.6,0.2873,2321.1,0.2874,10297.8
1753617233967,11:53:53.967,bybit,1INCH/USDT:USDT,0.2872,1960.1,0.2871,8297.6,0.2873,2321.1,0.2874,10297.8
1753617234067,11:53:54.067,bybit,1INCH/USDT:USDT,0.2872,1960.1,0.2871,8297.6,0.2873,2170.4,0.2874,10297.8
1753617234168,11:53:54.168,bybit,1INCH/USDT:USDT,0.2872,1960.1,0.2871,8297.6,0.2873,2170.4,0.2874,10297.8
1753617234367,11:53:54.367,bybit,1INCH/USDT:USDT,0.2872,1960.1,0.2871,8297.6,0.2873,2321.1,0.2874,10297.8
1753617234467,11:53:54.467,bybit,1INCH/USDT:USDT,0.2872,1960.1,0.2871,8297.6,0.2873,2019.7,0.2874,10297.8
1753617234667,11:53:54.667,bybit,1INCH/USDT:USDT,0.2872,1960.1,0.2871,8297.6,0.2873,2321.1,0.2874,10297.8
1753617234767,11:53:54.767,bybit,1INCH/USDT:USDT,0.2872,1960.1,0.2871,8297.6,0.2873,2321.1,0.2874,10297.8
1753617234867,11:53:54.867,bybit,1INCH/USDT:USDT,0.2872,1960.1,0.2871,8297.6,0.2873,2019.7,0.2874,10297.8
1753617235167,11:53:55.167,bybit,1INCH/USDT:USDT,0.2872,1960.1,0.2871,8297.6,0.2873,2019.7,0.2874,10297.8
1753617235267,11:53:55.267,bybit,1INCH/USDT:USDT,0.2872,1960.1,0.2871,8297.6,0.2873,2321.1,0.2874,10297.8
1753617235367,11:53:55.367,bybit,1INCH/USDT:USDT,0.2872,1960.1,0.2871,8297.6,0.2873,2170.4,0.2874,10297.8
1753617235467,11:53:55.467,bybit,1INCH/USDT:USDT,0.2872,1960.1,0.2871,7297.6,0.2873,2170.4,0.2874,10297.8
1753617235567,11:53:55.567,bybit,1INCH/USDT:USDT,0.2872,1960.1,0.2871,7297.6,0.2873,2170.4,0.2874,10297.8
1753617236067,11:53:56.067,bybit,1INCH/USDT:USDT,0.2872,1960.1,0.2871,7297.6,0.2873,2170.4,0.2874,10297.8
1753617236167,11:53:56.167,bybit,1INCH/USDT:USDT,0.2872,1960.1,0.2871,7297.6,0.2873,2170.4,0.2874,10297.8
1753617236767,11:53:56.767,bybit,1INCH/USDT:USDT,0.2872,1960.1,0.2871,7297.6,0.2873,2170.4,0.2874,10297.8
1753617236866,11:53:56.866,bybit,1INCH/USDT:USDT,0.2872,626.8,0.2871,7297.6,0.2873,2170.4,0.2874,10350.2
1753617237067,11:53:57.067,bybit,1INCH/USDT:USDT,0.2872,626.8,0.2871,7297.6,0.2873,2170.4,0.2874,10350.2
1753617237467,11:53:57.467,bybit,1INCH/USDT:USDT,0.2872,626.7,0.2871,7297.6,0.2873,2170.4,0.2874,10350.2
1753617237767,11:53:57.767,bybit,1INCH/USDT:USDT,0.2872,626.7,0.2871,7297.6,0.2873,3170.4,0.2874,11350.2
1753617237867,11:53:57.867,bybit,1INCH/USDT:USDT,0.2872,626.7,0.2871,7297.6,0.2873,3170.4,0.2874,11350.2
1753617237967,11:53:57.967,bybit,1INCH/USDT:USDT,0.2872,626.7,0.2871,7297.6,0.2873,3170.4,0.2874,11350.2
1753617238067,11:53:58.067,bybit,1INCH/USDT:USDT,0.2872,626.7,0.2871,7297.6,0.2873,3242.7,0.2874,11350.2
1753617238166,11:53:58.166,bybit,1INCH/USDT:USDT,0.2872,626.7,0.2871,7297.6,0.2873,2242.7,0.2874,11350.2
1753617239267,11:53:59.267,bybit,1INCH/USDT:USDT,0.2872,626.7,0.2871,7297.6,0.2873,2242.7,0.2874,10350.2
1753617239467,11:53:59.467,bybit,1INCH/USDT:USDT,0.2872,626.7,0.2871,7297.6,0.2873,2393.4,0.2874,10350.2
1753617239566,11:53:59.566,bybit,1INCH/USDT:USDT,0.2872,626.7,0.2871,7297.6,0.2873,2242.7,0.2874,10350.2
1753617239667,11:53:59.667,bybit,1INCH/USDT:USDT,0.2872,644.0,0.2871,7278.1,0.2873,2242.7,0.2874,10350.2
1753617239766,11:53:59.766,bybit,1INCH/USDT:USDT,0.2872,644.0,0.2871,7278.1,0.2873,3242.7,0.2874,11350.2
1753617239867,11:53:59.867,bybit,1INCH/USDT:USDT,0.2872,644.5,0.2871,7278.1,0.2873,3242.7,0.2874,11350.2
1753617239966,11:53:59.966,bybit,1INCH/USDT:USDT,0.2872,644.5,0.2871,7278.1,0.2873,3242.7,0.2874,8741.5
1753617240066,11:54:00.066,bybit,1INCH/USDT:USDT,0.2872,644.5,0.2871,7278.1,0.2873,3242.7,0.2874,8741.5
1753617240167,11:54:00.167,bybit,1INCH/USDT:USDT,0.2872,644.5,0.2871,7278.1,0.2873,3242.7,0.2874,8741.5
1753617240567,11:54:00.567,bybit,1INCH/USDT:USDT,0.2872,644.5,0.2871,7278.1,0.2873,2242.7,0.2874,8741.5
1753617240668,11:54:00.668,bybit,1INCH/USDT:USDT,0.2872,644.5,0.2871,7278.1,0.2873,2092.0,0.2874,8741.5
1753617240767,11:54:00.767,bybit,1INCH/USDT:USDT,0.2872,644.5,0.2871,7278.1,0.2873,2242.7,0.2874,8741.5
1753617240867,11:54:00.867,bybit,1INCH/USDT:USDT,0.2872,644.5,0.2871,7278.1,0.2873,2242.7,0.2874,8741.5
1753617240967,11:54:00.967,bybit,1INCH/USDT:USDT,0.2872,644.5,0.2871,7278.1,0.2873,2092.0,0.2874,8741.5
1753617241167,11:54:01.167,bybit,1INCH/USDT:USDT,0.2872,644.5,0.2871,7278.1,0.2873,2019.7,0.2874,8741.5
1753617241566,11:54:01.566,bybit,1INCH/USDT:USDT,0.2872,644.5,0.2871,7278.1,0.2873,2170.4,0.2874,8741.5
1753617241866,11:54:01.866,bybit,1INCH/USDT:USDT,0.2872,644.5,0.2871,7278.1,0.2873,2170.4,0.2874,8741.5
1753617241967,11:54:01.967,bybit,1INCH/USDT:USDT,0.2872,644.5,0.2871,7278.1,0.2873,2170.4,0.2874,8741.5
1753617242067,11:54:02.067,bybit,1INCH/USDT:USDT,0.2872,644.5,0.2871,7620.3,0.2873,2092.0,0.2874,8741.5
1753617242167,11:54:02.167,bybit,1INCH/USDT:USDT,0.2872,644.5,0.2871,7620.3,0.2873,2242.7,0.2874,8741.5
1753617242270,11:54:02.270,bybit,1INCH/USDT:USDT,0.2872,644.5,0.2871,7620.3,0.2873,2242.7,0.2874,8741.5
1753617242367,11:54:02.367,bybit,1INCH/USDT:USDT,0.2872,644.5,0.2871,7620.3,0.2873,2242.7,0.2874,8741.5
1753617242467,11:54:02.467,bybit,1INCH/USDT:USDT,0.2872,644.5,0.2871,7620.3,0.2873,2242.7,0.2874,8741.5
1753617242567,11:54:02.567,bybit,1INCH/USDT:USDT,0.2872,644.5,0.2871,7620.3,0.2873,2242.7,0.2874,8741.5
1753617242767,11:54:02.767,bybit,1INCH/USDT:USDT,0.2872,644.5,0.2871,7620.3,0.2873,3242.7,0.2874,8741.5
1753617242867,11:54:02.867,bybit,1INCH/USDT:USDT,0.2872,1992.1,0.2871,7620.3,0.2873,2092.0,0.2874,8741.5
1753617242967,11:54:02.967,bybit,1INCH/USDT:USDT,0.2872,2142.8,0.2871,7620.3,0.2873,2092.0,0.2874,8741.5
1753617243067,11:54:03.067,bybit,1INCH/USDT:USDT,0.2872,2142.8,0.2871,7620.3,0.2873,2019.7,0.2874,8741.5
1753617243167,11:54:03.167,bybit,1INCH/USDT:USDT,0.2872,1992.1,0.2871,7620.3,0.2873,2019.7,0.2874,8741.5
1753617243567,11:54:03.567,bybit,1INCH/USDT:USDT,0.2872,644.5,0.2871,7620.3,0.2873,2170.4,0.2874,8741.5
1753617243666,11:54:03.666,bybit,1INCH/USDT:USDT,0.2872,644.5,0.2871,7620.3,0.2873,2170.4,0.2874,8741.5
1753617243766,11:54:03.766,bybit,1INCH/USDT:USDT,0.2872,644.5,0.2871,7620.3,0.2873,3170.4,0.2874,8741.5
1753617244067,11:54:04.067,bybit,1INCH/USDT:USDT,0.2872,644.5,0.2871,7620.3,0.2873,2242.7,0.2874,8741.5
1753617244167,11:54:04.167,bybit,1INCH/USDT:USDT,0.2872,644.5,0.2871,7620.3,0.2873,2092.0,0.2874,8741.5
1753617244267,11:54:04.267,bybit,1INCH/USDT:USDT,0.2872,644.5,0.2871,7620.3,0.2873,2242.7,0.2874,8741.5
1753617244467,11:54:04.467,bybit,1INCH/USDT:USDT,0.2872,644.5,0.2871,7620.3,0.2873,2242.7,0.2874,8741.5
1753617244566,11:54:04.566,bybit,1INCH/USDT:USDT,0.2872,644.5,0.2871,7620.3,0.2873,2242.7,0.2874,8741.5
1753617244767,11:54:04.767,bybit,1INCH/USDT:USDT,0.2872,644.5,0.2871,7620.3,0.2873,2242.7,0.2874,8741.5
1753617244867,11:54:04.867,bybit,1INCH/USDT:USDT,0.2872,644.5,0.2871,7620.3,0.2873,2242.7,0.2874,8741.5
1753617245166,11:54:05.166,bybit,1INCH/USDT:USDT,0.2872,644.5,0.2871,7620.3,0.2873,2242.7,0.2874,8741.5
1753617245266,11:54:05.266,bybit,1INCH/USDT:USDT,0.2872,644.5,0.2871,7620.3,0.2873,2242.7,0.2874,8741.5
1753617245368,11:54:05.368,bybit,1INCH/USDT:USDT,0.2872,644.5,0.2871,7620.3,0.2873,2242.7,0.2874,8741.5
1753617245667,11:54:05.667,bybit,1INCH/USDT:USDT,0.2872,644.5,0.2871,7620.3,0.2873,3247.6,0.2874,8741.5
1753617246066,11:54:06.066,bybit,1INCH/USDT:USDT,0.2872,644.5,0.2871,8874.7,0.2873,3247.6,0.2874,8741.5
1753617246966,11:54:06.966,bybit,1INCH/USDT:USDT,0.2872,644.5,0.2871,7620.3,0.2873,3247.6,0.2874,8741.5
1753617247267,11:54:07.267,bybit,1INCH/USDT:USDT,0.2871,52.4,0.287,5183.5,0.2872,3815.9,0.2873,13946.9
1753617247368,11:54:07.368,bybit,1INCH/USDT:USDT,0.287,5958.9,0.2869,10513.0,0.2871,1347.6,0.2872,3815.9
1753617247467,11:54:07.467,bybit,1INCH/USDT:USDT,0.287,2592.9,0.2869,10513.0,0.2871,1347.6,0.2872,8224.2
1753617247567,11:54:07.567,bybit,1INCH/USDT:USDT,0.287,2470.9,0.2869,10513.0,0.2871,1347.6,0.2872,8224.2
1753617247667,11:54:07.667,bybit,1INCH/USDT:USDT,0.287,1763.6,0.2869,10167.8,0.2871,1347.6,0.2872,8224.2
1753617247767,11:54:07.767,bybit,1INCH/USDT:USDT,0.287,1763.6,0.2869,10167.8,0.2871,1347.6,0.2872,8224.2
1753617247967,11:54:07.967,bybit,1INCH/USDT:USDT,0.287,1421.2,0.2869,9993.6,0.2871,1649.0,0.2872,8565.6
1753617248067,11:54:08.067,bybit,1INCH/USDT:USDT,0.287,1421.2,0.2869,9993.6,0.2871,1649.0,0.2872,8618.0
1753617248166,11:54:08.166,bybit,1INCH/USDT:USDT,0.287,1421.2,0.2869,9993.6,0.2871,1649.0,0.2872,8618.0
1753617248267,11:54:08.267,bybit,1INCH/USDT:USDT,0.287,1421.2,0.2869,9993.6,0.2871,1649.0,0.2872,8618.0
1753617248367,11:54:08.367,bybit,1INCH/USDT:USDT,0.287,1421.2,0.2869,9993.6,0.2871,1649.0,0.2872,8618.0
1753617248567,11:54:08.567,bybit,1INCH/USDT:USDT,0.287,1368.8,0.2869,9993.6,0.2871,1649.0,0.2872,8618.0
1753617248867,11:54:08.867,bybit,1INCH/USDT:USDT,0.287,1368.8,0.2869,9993.6,0.2871,2649.0,0.2872,8618.0
1753617248967,11:54:08.967,bybit,1INCH/USDT:USDT,0.287,1368.8,0.2869,9993.6,0.2871,2649.0,0.2872,8618.0
1753617249067,11:54:09.067,bybit,1INCH/USDT:USDT,0.287,1368.8,0.2869,9993.6,0.2871,2649.0,0.2872,8618.0
1753617249267,11:54:09.267,bybit,1INCH/USDT:USDT,0.287,1368.8,0.2869,9993.6,0.2871,2649.0,0.2872,8618.0
1753617249367,11:54:09.367,bybit,1INCH/USDT:USDT,0.2869,2023.8,0.2868,9385.9,0.287,1913.4,0.2871,10891.5
1753617249467,11:54:09.467,bybit,1INCH/USDT:USDT,0.2869,2023.8,0.2868,10076.2,0.287,1762.7,0.2871,14291.8
1753617249567,11:54:09.567,bybit,1INCH/USDT:USDT,0.2869,4575.5,0.2868,10592.2,0.2871,2806.6,0.2872,7639.3
1753617249666,11:54:09.666,bybit,1INCH/USDT:USDT,0.2869,4424.8,0.2868,10592.2,0.2871,2806.6,0.2872,7639.3
1753617249767,11:54:09.767,bybit,1INCH/USDT:USDT,0.2869,4424.8,0.2868,10592.2,0.2871,2806.6,0.2872,7639.3
1753617249867,11:54:09.867,bybit,1INCH/USDT:USDT,0.2869,4424.8,0.2868,10592.2,0.2871,2806.6,0.2872,7639.3
1753617249967,11:54:09.967,bybit,1INCH/USDT:USDT,0.2869,4424.8,0.2868,10592.2,0.2871,2806.6,0.2872,7639.3
1753617250066,11:54:10.066,bybit,1INCH/USDT:USDT,0.2869,4497.1,0.2868,10592.2,0.2871,2806.6,0.2872,7639.3
1753617250267,11:54:10.267,bybit,1INCH/USDT:USDT,0.2869,4497.1,0.2868,13206.3,0.2871,2806.6,0.2872,7639.3
1753617250367,11:54:10.367,bybit,1INCH/USDT:USDT,0.2869,4497.1,0.2868,13206.3,0.2871,2806.6,0.2872,7639.3
1753617250567,11:54:10.567,bybit,1INCH/USDT:USDT,0.2869,4497.1,0.2868,13206.3,0.2871,2806.6,0.2872,7639.3
1753617251367,11:54:11.367,bybit,1INCH/USDT:USDT,0.2869,4497.1,0.2868,13206.3,0.2871,2806.6,0.2872,7639.3
1753617251566,11:54:11.566,bybit,1INCH/USDT:USDT,0.2869,4497.1,0.2868,13206.3,0.2871,2806.6,0.2872,7639.3
1753617252467,11:54:12.467,bybit,1INCH/USDT:USDT,0.287,1328.1,0.2869,4497.1,0.2871,2735.3,0.2872,7639.3
1753617252567,11:54:12.567,bybit,1INCH/USDT:USDT,0.287,1328.1,0.2869,4497.1,0.2871,2733.6,0.2872,7639.3
1753617252667,11:54:12.667,bybit,1INCH/USDT:USDT,0.287,1328.1,0.2869,4497.1,0.2871,2733.6,0.2872,7790.0
1753617253067,11:54:13.067,bybit,1INCH/USDT:USDT,0.287,1328.1,0.2869,4424.8,0.2871,2733.6,0.2872,7790.0
1753617253167,11:54:13.167,bybit,1INCH/USDT:USDT,0.287,1328.1,0.2869,4424.8,0.2871,2733.6,0.2872,7790.0
1753617253267,11:54:13.267,bybit,1INCH/USDT:USDT,0.287,1328.1,0.2869,4424.8,0.2871,2733.6,0.2872,7790.0
1753617253466,11:54:13.466,bybit,1INCH/USDT:USDT,0.287,1328.1,0.2869,4424.8,0.2871,2733.6,0.2872,7790.0
1753617253567,11:54:13.567,bybit,1INCH/USDT:USDT,0.287,1328.1,0.2869,4424.8,0.2871,2733.6,0.2872,7790.0
1753617253767,11:54:13.767,bybit,1INCH/USDT:USDT,0.287,1328.1,0.2869,4274.1,0.2871,2733.6,0.2872,7790.0
1753617253867,11:54:13.867,bybit,1INCH/USDT:USDT,0.287,1329.7,0.2869,4424.8,0.2871,2733.6,0.2872,7790.0
1753617254366,11:54:14.366,bybit,1INCH/USDT:USDT,0.287,1329.7,0.2869,4424.8,0.2871,2733.6,0.2872,7790.0
1753617254466,11:54:14.466,bybit,1INCH/USDT:USDT,0.287,1329.7,0.2869,4424.8,0.2871,2733.6,0.2872,7790.0
1753617254567,11:54:14.567,bybit,1INCH/USDT:USDT,0.287,1329.7,0.2869,5424.8,0.2871,2733.6,0.2872,7790.0
1753617254667,11:54:14.667,bybit,1INCH/USDT:USDT,0.287,1329.7,0.2869,5424.8,0.2871,2733.6,0.2872,7790.0
1753617254767,11:54:14.767,bybit,1INCH/USDT:USDT,0.287,1329.7,0.2869,5424.8,0.2871,2733.6,0.2872,7790.0
1753617254967,11:54:14.967,bybit,1INCH/USDT:USDT,0.287,1329.7,0.2869,5424.8,0.2871,2733.6,0.2872,7790.0
1753617255367,11:54:15.367,bybit,1INCH/USDT:USDT,0.287,1329.7,0.2869,5424.8,0.2871,2733.6,0.2872,7790.0
1753617255466,11:54:15.466,bybit,1INCH/USDT:USDT,0.287,1329.7,0.2869,5424.8,0.2871,2733.6,0.2872,7790.0
1753617255567,11:54:15.567,bybit,1INCH/USDT:USDT,0.287,1329.7,0.2869,5424.8,0.2871,2733.6,0.2872,7790.0
1753617255767,11:54:15.767,bybit,1INCH/USDT:USDT,0.287,1329.7,0.2869,5424.8,0.2871,2733.6,0.2872,7790.0
1753617256270,11:54:16.270,bybit,1INCH/USDT:USDT,0.287,1329.7,0.2869,5274.1,0.2871,2733.6,0.2872,7790.0
1753617257267,11:54:17.267,bybit,1INCH/USDT:USDT,0.287,1329.7,0.2869,5274.1,0.2871,2733.6,0.2872,7790.0
1753617257567,11:54:17.567,bybit,1INCH/USDT:USDT,0.287,1329.7,0.2869,5274.1,0.2871,4707.6,0.2872,7790.0
1753617257667,11:54:17.667,bybit,1INCH/USDT:USDT,0.287,1329.7,0.2869,5274.1,0.2871,4707.6,0.2872,7790.0
1753617260566,11:54:20.566,bybit,1INCH/USDT:USDT,0.287,1329.7,0.2869,5274.1,0.2871,4707.6,0.2872,7790.0
1753617261367,11:54:21.367,bybit,1INCH/USDT:USDT,0.287,1329.7,0.2869,5274.1,0.2871,4858.3,0.2872,7639.3
1753617261467,11:54:21.467,bybit,1INCH/USDT:USDT,0.287,1329.7,0.2869,5274.1,0.2871,5009.0,0.2872,7639.3
1753617261867,11:54:21.867,bybit,1INCH/USDT:USDT,0.287,1350.3,0.2869,5274.1,0.2871,5009.0,0.2872,7639.3
1753617263067,11:54:23.067,bybit,1INCH/USDT:USDT,0.287,1350.3,0.2869,5274.1,0.2871,4707.6,0.2872,7639.3
1753617263167,11:54:23.167,bybit,1INCH/USDT:USDT,0.287,1350.3,0.2869,5274.1,0.2871,4858.3,0.2872,7639.3
1753617263267,11:54:23.267,bybit,1INCH/USDT:USDT,0.287,1350.3,0.2869,5274.1,0.2871,4707.6,0.2872,7639.3
1753617263367,11:54:23.367,bybit,1INCH/USDT:USDT,0.287,1350.3,0.2869,5274.1,0.2871,4707.6,0.2872,7639.3
1753617263472,11:54:23.472,bybit,1INCH/USDT:USDT,0.287,2087.0,0.2869,6540.7,0.2871,1974.0,0.2872,7297.5
1753617263567,11:54:23.567,bybit,1INCH/USDT:USDT,0.287,2087.0,0.2869,6540.7,0.2871,1974.0,0.2872,7297.5
1753617263667,11:54:23.667,bybit,1INCH/USDT:USDT,0.287,2087.0,0.2869,6540.7,0.2871,1974.0,0.2872,7297.5
1753617263767,11:54:23.767,bybit,1INCH/USDT:USDT,0.287,2087.0,0.2869,6540.7,0.2871,1974.0,0.2872,7297.5
1753617263867,11:54:23.867,bybit,1INCH/USDT:USDT,0.287,2087.0,0.2869,6540.7,0.2871,1974.0,0.2872,7297.5
1753617263966,11:54:23.966,bybit,1INCH/USDT:USDT,0.287,2087.0,0.2869,6540.7,0.2871,1974.0,0.2872,7297.5
1753617264067,11:54:24.067,bybit,1INCH/USDT:USDT,0.287,2087.0,0.2869,6540.7,0.2871,1974.0,0.2872,7297.5
1753617264167,11:54:24.167,bybit,1INCH/USDT:USDT,0.287,2261.2,0.2869,6540.7,0.2871,1974.0,0.2872,7297.5
1753617264466,11:54:24.466,bybit,1INCH/USDT:USDT,0.287,2261.2,0.2869,6540.7,0.2871,1974.0,0.2872,7297.5
1753617264967,11:54:24.967,bybit,1INCH/USDT:USDT,0.287,2110.5,0.2869,6540.7,0.2871,1974.0,0.2872,7297.5
1753617265066,11:54:25.066,bybit,1INCH/USDT:USDT,0.287,2333.5,0.2869,6540.7,0.2871,1974.0,0.2872,7297.5
1753617265168,11:54:25.168,bybit,1INCH/USDT:USDT,0.287,2333.5,0.2869,6540.7,0.2871,1974.0,0.2872,7297.5
1753617265467,11:54:25.467,bybit,1INCH/USDT:USDT,0.287,2230.7,0.2869,6540.7,0.2871,1974.0,0.2872,7297.5
1753617265767,11:54:25.767,bybit,1INCH/USDT:USDT,0.287,2404.9,0.2869,6540.7,0.2871,1974.0,0.2872,7297.5
1753617265967,11:54:25.967,bybit,1INCH/USDT:USDT,0.287,2404.9,0.2869,6540.7,0.2871,1974.0,0.2872,7297.5
1753617266067,11:54:26.067,bybit,1INCH/USDT:USDT,0.287,2404.9,0.2869,6540.7,0.2871,1974.0,0.2872,7297.5
1753617266267,11:54:26.267,bybit,1INCH/USDT:USDT,0.287,2404.9,0.2869,6540.7,0.2871,1974.0,0.2872,7297.5
1753617266367,11:54:26.367,bybit,1INCH/USDT:USDT,0.287,2404.9,0.2869,5274.1,0.2871,1974.0,0.2872,7297.5
1753617266667,11:54:26.667,bybit,1INCH/USDT:USDT,0.287,2404.9,0.2869,5274.1,0.2871,1974.0,0.2872,7297.5
1753617267467,11:54:27.467,bybit,1INCH/USDT:USDT,0.287,2404.9,0.2869,5274.1,0.2871,1974.0,0.2872,7297.5
1753617267567,11:54:27.567,bybit,1INCH/USDT:USDT,0.287,2404.9,0.2869,5274.1,0.2871,1974.0,0.2872,7297.5
1753617267667,11:54:27.667,bybit,1INCH/USDT:USDT,0.287,2404.9,0.2869,5274.1,0.2871,1974.0,0.2872,7297.5
1753617267967,11:54:27.967,bybit,1INCH/USDT:USDT,0.287,2404.9,0.2869,5274.1,0.2871,1974.0,0.2872,7297.5
1753617268067,11:54:28.067,bybit,1INCH/USDT:USDT,0.287,2404.9,0.2869,6871.3,0.2871,1974.0,0.2872,7297.5
1753617268467,11:54:28.467,bybit,1INCH/USDT:USDT,0.2871,1343.2,0.287,6363.1,0.2872,1366.8,0.2873,12729.9
1753617268567,11:54:28.567,bybit,1INCH/USDT:USDT,0.2871,1493.9,0.287,10503.1,0.2872,19.2,0.2873,12729.9
1753617268767,11:54:28.767,bybit,1INCH/USDT:USDT,0.2871,1668.1,0.287,10178.2,0.2872,19.2,0.2873,12729.9
1753617268867,11:54:28.867,bybit,1INCH/USDT:USDT,0.2871,1668.1,0.287,10178.2,0.2872,19.2,0.2873,12729.9
1753617268967,11:54:28.967,bybit,1INCH/USDT:USDT,0.2871,1668.1,0.287,10178.2,0.2872,19.2,0.2873,12729.9
1753617269066,11:54:29.066,bybit,1INCH/USDT:USDT,0.2871,1517.4,0.287,10105.9,0.2872,1362.4,0.2873,12729.9
1753617269167,11:54:29.167,bybit,1INCH/USDT:USDT,0.2871,1517.4,0.287,10105.9,0.2872,1362.4,0.2873,12729.9
1753617269367,11:54:29.367,bybit,1INCH/USDT:USDT,0.2871,1517.4,0.287,10105.9,0.2872,1362.4,0.2873,12729.9
1753617269567,11:54:29.567,bybit,1INCH/USDT:USDT,0.2871,1517.4,0.287,10105.9,0.2872,1362.4,0.2873,12729.9
1753617270367,11:54:30.367,bybit,1INCH/USDT:USDT,0.2871,1668.1,0.287,10105.9,0.2872,1362.4,0.2873,12729.9
1753617270467,11:54:30.467,bybit,1INCH/USDT:USDT,0.2871,1517.4,0.287,9105.9,0.2872,2513.1,0.2873,12729.9
1753617270567,11:54:30.567,bybit,1INCH/USDT:USDT,0.2871,1517.4,0.287,9105.9,0.2872,2663.8,0.2873,12729.9
1753617270667,11:54:30.667,bybit,1INCH/USDT:USDT,0.2871,1517.4,0.287,9105.9,0.2872,2362.4,0.2873,12729.9
1753617270767,11:54:30.767,bybit,1INCH/USDT:USDT,0.2871,1517.4,0.287,9105.9,0.2872,2663.8,0.2873,12729.9
1753617270867,11:54:30.867,bybit,1INCH/USDT:USDT,0.2871,1517.4,0.287,9105.9,0.2872,2663.8,0.2873,12729.9
1753617271267,11:54:31.267,bybit,1INCH/USDT:USDT,0.2871,1517.4,0.287,9105.9,0.2872,2663.8,0.2873,12729.9
1753617271667,11:54:31.667,bybit,1INCH/USDT:USDT,0.2871,1517.4,0.287,9105.9,0.2872,2669.0,0.2873,12725.0
1753617272066,11:54:32.066,bybit,1INCH/USDT:USDT,0.2871,1517.4,0.287,9105.9,0.2872,1669.0,0.2873,12725.0
1753617272166,11:54:32.166,bybit,1INCH/USDT:USDT,0.2871,1517.4,0.287,9105.9,0.2872,1590.6,0.2873,12725.0
1753617272269,11:54:32.269,bybit,1INCH/USDT:USDT,0.2871,1517.4,0.287,9105.9,0.2872,1741.3,0.2873,12725.0
1753617272367,11:54:32.367,bybit,1INCH/USDT:USDT,0.2871,1517.4,0.287,9105.9,0.2872,1741.3,0.2873,12725.0
1753617272966,11:54:32.966,bybit,1INCH/USDT:USDT,0.2871,1517.4,0.287,9105.9,0.2872,1741.3,0.2873,12725.0
1753617273067,11:54:33.067,bybit,1INCH/USDT:USDT,0.2871,1517.4,0.287,9105.9,0.2872,1669.0,0.2873,12725.0
1753617273466,11:54:33.466,bybit,1INCH/USDT:USDT,0.2871,1343.2,0.287,8415.6,0.2872,1669.0,0.2873,12725.0
1753617273566,11:54:33.566,bybit,1INCH/USDT:USDT,0.2871,1343.2,0.287,8415.6,0.2872,1669.0,0.2873,12725.0
1753617273667,11:54:33.667,bybit,1INCH/USDT:USDT,0.2871,1343.2,0.287,8415.6,0.2872,1669.0,0.2873,12725.0
1753617273967,11:54:33.967,bybit,1INCH/USDT:USDT,0.2871,1517.4,0.287,9105.9,0.2872,1669.0,0.2873,12725.0
1753617274867,11:54:34.867,bybit,1INCH/USDT:USDT,0.2871,1343.2,0.287,8415.6,0.2872,1669.0,0.2873,12725.0
1753617275268,11:54:35.268,bybit,1INCH/USDT:USDT,0.2871,1517.4,0.287,9105.9,0.2872,1669.0,0.2873,12725.0
1753617276269,11:54:36.269,bybit,1INCH/USDT:USDT,0.2871,1517.4,0.287,9105.9,0.2872,1669.0,0.2873,12725.0
1753617276667,11:54:36.667,bybit,1INCH/USDT:USDT,0.2871,1517.4,0.287,9105.9,0.2872,1663.8,0.2873,12725.0
1753617276767,11:54:36.767,bybit,1INCH/USDT:USDT,0.2871,1517.4,0.287,9105.9,0.2872,1669.2,0.2873,12725.0
1753617277867,11:54:37.867,bybit,1INCH/USDT:USDT,0.2871,1517.4,0.287,8415.6,0.2872,1669.2,0.2873,12725.0
1753617277966,11:54:37.966,bybit,1INCH/USDT:USDT,0.2871,1517.4,0.287,8415.6,0.2872,1669.2,0.2873,12725.0
1753617278066,11:54:38.066,bybit,1INCH/USDT:USDT,0.2871,1343.2,0.287,8415.6,0.2872,1669.2,0.2873,12725.0
1753617278167,11:54:38.167,bybit,1INCH/USDT:USDT,0.287,4521.3,0.2869,12727.2,0.2872,1741.5,0.2873,12725.0
1753617278267,11:54:38.267,bybit,1INCH/USDT:USDT,0.287,4521.3,0.2869,9367.8,0.2872,1741.5,0.2873,12725.0
1753617278367,11:54:38.367,bybit,1INCH/USDT:USDT,0.287,2727.0,0.2869,11627.5,0.2871,1916.5,0.2872,11262.1
1753617278467,11:54:38.467,bybit,1INCH/USDT:USDT,0.287,2727.0,0.2869,9014.6,0.2871,1916.5,0.2872,11111.4
1753617278568,11:54:38.568,bybit,1INCH/USDT:USDT,0.287,2727.0,0.2869,9014.6,0.2871,1916.5,0.2872,11111.4
1753617278667,11:54:38.667,bybit,1INCH/USDT:USDT,0.287,2727.0,0.2869,9014.6,0.2871,1916.5,0.2872,11111.4
1753617278867,11:54:38.867,bybit,1INCH/USDT:USDT,0.287,2727.0,0.2869,9014.6,0.2871,1916.5,0.2872,11111.4
1753617278967,11:54:38.967,bybit,1INCH/USDT:USDT,0.287,2727.0,0.2869,9014.6,0.2871,1916.5,0.2872,11111.4
1753617279066,11:54:39.066,bybit,1INCH/USDT:USDT,0.287,2727.0,0.2869,9014.6,0.2871,1916.5,0.2872,11039.1
1753617279267,11:54:39.267,bybit,1INCH/USDT:USDT,0.287,2877.7,0.2869,11627.8,0.2871,554.9,0.2872,10888.4
1753617279367,11:54:39.367,bybit,1INCH/USDT:USDT,0.287,3028.4,0.2869,11627.8,0.2871,554.9,0.2872,10888.4
1753617279466,11:54:39.466,bybit,1INCH/USDT:USDT,0.287,3028.4,0.2869,11627.8,0.2871,554.9,0.2872,10888.4
1753617279567,11:54:39.567,bybit,1INCH/USDT:USDT,0.287,3028.4,0.2869,11627.8,0.2871,554.9,0.2872,10888.4
1753617279667,11:54:39.667,bybit,1INCH/USDT:USDT,0.287,2727.0,0.2869,9014.6,0.2871,554.9,0.2872,10888.4
1753617279767,11:54:39.767,bybit,1INCH/USDT:USDT,0.287,2727.0,0.2869,9014.6,0.2871,554.9,0.2872,10888.4
1753617279867,11:54:39.867,bybit,1INCH/USDT:USDT,0.287,2727.0,0.2869,9014.6,0.2871,554.9,0.2872,10888.4
1753617279966,11:54:39.966,bybit,1INCH/USDT:USDT,0.287,2727.0,0.2869,9014.6,0.2871,1916.5,0.2872,10888.4
1753617280067,11:54:40.067,bybit,1INCH/USDT:USDT,0.287,2727.0,0.2869,9014.6,0.2871,1916.5,0.2872,10888.4
1753617280966,11:54:40.966,bybit,1INCH/USDT:USDT,0.287,2727.0,0.2869,11627.8,0.2871,1916.5,0.2872,10888.4
1753617281066,11:54:41.066,bybit,1INCH/USDT:USDT,0.287,2799.3,0.2869,11627.8,0.2871,1916.5,0.2872,10888.4
1753617281566,11:54:41.566,bybit,1INCH/USDT:USDT,0.287,2949.8,0.2869,11627.8,0.2871,1916.5,0.2872,10888.4
1753617282166,11:54:42.166,bybit,1INCH/USDT:USDT,0.287,2945.0,0.2869,11627.8,0.2871,1916.5,0.2872,10888.4
1753617282267,11:54:42.267,bybit,1INCH/USDT:USDT,0.287,2794.3,0.2869,9014.6,0.2871,1916.5,0.2872,9837.0
1753617282666,11:54:42.666,bybit,1INCH/USDT:USDT,0.287,2794.3,0.2869,9014.6,0.2871,1916.5,0.2872,9837.0
1753617282767,11:54:42.767,bybit,1INCH/USDT:USDT,0.287,2794.3,0.2869,9014.6,0.2871,1916.5,0.2872,9837.0
1753617283067,11:54:43.067,bybit,1INCH/USDT:USDT,0.287,2722.0,0.2869,9014.6,0.2871,1916.5,0.2872,9837.0
1753617283166,11:54:43.166,bybit,1INCH/USDT:USDT,0.287,2722.0,0.2869,9014.6,0.2871,1916.5,0.2872,9837.0
1753617283268,11:54:43.268,bybit,1INCH/USDT:USDT,0.287,2722.0,0.2869,9014.6,0.2871,1916.5,0.2872,9837.0
1753617283566,11:54:43.566,bybit,1INCH/USDT:USDT,0.287,2872.7,0.2869,9014.6,0.2871,1916.5,0.2872,9837.0
1753617284167,11:54:44.167,bybit,1INCH/USDT:USDT,0.287,2945.0,0.2869,10975.2,0.2871,1916.5,0.2872,9837.0
1753617284266,11:54:44.266,bybit,1INCH/USDT:USDT,0.287,2945.0,0.2869,10975.2,0.2871,1916.5,0.2872,9837.0
1753617284867,11:54:44.867,bybit,1INCH/USDT:USDT,0.287,2945.0,0.2869,10975.2,0.2871,1916.5,0.2872,9837.0
1753617284966,11:54:44.966,bybit,1INCH/USDT:USDT,0.287,2794.3,0.2869,10975.2,0.2871,1916.5,0.2872,9837.0
1753617285067,11:54:45.067,bybit,1INCH/USDT:USDT,0.287,2794.3,0.2869,10975.2,0.2871,1916.5,0.2872,9837.0
1753617285867,11:54:45.867,bybit,1INCH/USDT:USDT,0.287,2945.0,0.2869,10975.2,0.2871,1916.5,0.2872,9837.0
1753617286767,11:54:46.767,bybit,1INCH/USDT:USDT,0.287,2794.3,0.2869,10975.2,0.2871,1916.5,0.2872,9837.0
1753617286867,11:54:46.867,bybit,1INCH/USDT:USDT,0.287,1715.6,0.2869,10975.2,0.2871,1916.5,0.2872,10177.2
1753617286966,11:54:46.966,bybit,1INCH/USDT:USDT,0.287,1715.6,0.2869,10975.2,0.2871,1916.5,0.2872,10177.2
1753617287167,11:54:47.167,bybit,1INCH/USDT:USDT,0.287,1643.3,0.2869,10975.2,0.2871,1916.5,0.2872,10177.2
1753617287967,11:54:47.967,bybit,1INCH/USDT:USDT,0.287,1643.3,0.2869,10975.2,0.2871,1916.5,0.2872,10177.2
1753617288067,11:54:48.067,bybit,1INCH/USDT:USDT,0.287,1643.3,0.2869,10975.2,0.2871,1916.5,0.2872,10177.2
1753617289567,11:54:49.567,bybit,1INCH/USDT:USDT,0.287,1793.5,0.2869,10975.2,0.2871,1916.5,0.2872,10177.2
1753617289666,11:54:49.666,bybit,1INCH/USDT:USDT,0.287,1968.5,0.2869,10975.2,0.2871,1916.5,0.2872,10177.2
1753617289767,11:54:49.767,bybit,1INCH/USDT:USDT,0.287,1968.5,0.2869,10975.2,0.2871,1916.5,0.2872,10177.2
1753617290167,11:54:50.167,bybit,1INCH/USDT:USDT,0.287,1968.5,0.2869,10975.2,0.2871,1916.5,0.2872,10177.2
1753617290366,11:54:50.366,bybit,1INCH/USDT:USDT,0.287,1968.5,0.2869,10975.2,0.2871,554.9,0.2872,10177.2
1753617291666,11:54:51.666,bybit,1INCH/USDT:USDT,0.287,1968.5,0.2869,10975.2,0.2871,554.9,0.2872,10177.2
1753617292167,11:54:52.167,bybit,1INCH/USDT:USDT,0.287,1866.6,0.2869,10975.2,0.2871,554.9,0.2872,10177.2
1753617292267,11:54:52.267,bybit,1INCH/USDT:USDT,0.287,1866.6,0.2869,10975.2,0.2871,554.9,0.2872,10177.2
1753617292467,11:54:52.467,bybit,1INCH/USDT:USDT,0.287,1565.2,0.2869,10975.2,0.2871,1886.5,0.2872,10177.2
1753617292566,11:54:52.566,bybit,1INCH/USDT:USDT,0.287,1565.2,0.2869,10975.2,0.2871,1886.5,0.2872,10177.2
1753617292767,11:54:52.767,bybit,1INCH/USDT:USDT,0.287,1565.2,0.2869,10975.2,0.2871,1892.4,0.2872,10171.8
1753617292866,11:54:52.866,bybit,1INCH/USDT:USDT,0.287,1565.2,0.2869,10975.2,0.2871,1892.4,0.2872,10171.8
1753617292967,11:54:52.967,bybit,1INCH/USDT:USDT,0.287,1565.2,0.2869,10975.2,0.2871,1892.4,0.2872,10171.8
1753617293067,11:54:53.067,bybit,1INCH/USDT:USDT,0.287,1492.9,0.2869,10975.2,0.2871,1892.4,0.2872,10171.8
1753617293467,11:54:53.467,bybit,1INCH/USDT:USDT,0.287,1492.9,0.2869,10975.2,0.2871,1892.4,0.2872,10171.8
1753617293567,11:54:53.567,bybit,1INCH/USDT:USDT,0.287,1492.9,0.2869,10975.2,0.2871,1892.4,0.2872,10171.8
1753617293866,11:54:53.866,bybit,1INCH/USDT:USDT,0.287,1492.9,0.2869,10975.2,0.2871,1892.4,0.2872,10171.8
1753617293967,11:54:53.967,bybit,1INCH/USDT:USDT,0.287,1492.9,0.2869,10975.2,0.2871,1892.4,0.2872,10171.8
1753617294167,11:54:54.167,bybit,1INCH/USDT:USDT,0.287,1492.9,0.2869,10975.2,0.2871,1892.4,0.2872,10171.8
1753617294567,11:54:54.567,bybit,1INCH/USDT:USDT,0.287,1492.9,0.2869,10975.2,0.2871,1892.4,0.2872,10171.8
1753617294768,11:54:54.768,bybit,1INCH/USDT:USDT,0.287,1492.9,0.2869,10975.2,0.2871,1892.4,0.2872,10171.8
1753617294867,11:54:54.867,bybit,1INCH/USDT:USDT,0.287,1667.1,0.2869,10975.2,0.2871,1892.4,0.2872,10171.8
1753617296269,11:54:56.269,bybit,1INCH/USDT:USDT,0.287,1667.1,0.2869,10975.2,0.2871,1892.4,0.2872,10171.8
1753617296767,11:54:56.767,bybit,1INCH/USDT:USDT,0.287,1667.1,0.2869,10975.2,0.2871,1892.5,0.2872,10171.8
1753617297067,11:54:57.067,bybit,1INCH/USDT:USDT,0.287,1667.1,0.2869,10975.2,0.2871,1892.5,0.2872,10171.8
1753617297667,11:54:57.667,bybit,1INCH/USDT:USDT,0.287,1667.1,0.2869,10975.2,0.2871,1892.5,0.2872,10171.8
1753617299367,11:54:59.367,bybit,1INCH/USDT:USDT,0.287,1667.1,0.2869,10975.2,0.2871,1892.5,0.2872,10171.8
1753617300767,11:55:00.767,bybit,1INCH/USDT:USDT,0.287,1667.1,0.2869,10975.2,0.2871,1889.8,0.2872,10171.8
1753617300967,11:55:00.967,bybit,1INCH/USDT:USDT,0.287,1667.1,0.2869,10975.2,0.2871,1889.8,0.2872,10171.8
1753617301067,11:55:01.067,bybit,1INCH/USDT:USDT,0.287,1667.1,0.2869,10975.2,0.2871,2032.0,0.2872,10171.8
1753617301167,11:55:01.167,bybit,1INCH/USDT:USDT,0.287,1492.9,0.2869,10975.2,0.2871,1889.8,0.2872,10171.8
1753617301367,11:55:01.367,bybit,1INCH/USDT:USDT,0.287,1492.9,0.2869,10975.2,0.2871,1889.8,0.2872,10171.8
1753617301467,11:55:01.467,bybit,1INCH/USDT:USDT,0.287,1777.3,0.2869,10975.2,0.2871,1889.8,0.2872,10171.8
1753617302367,11:55:02.367,bybit,1INCH/USDT:USDT,0.287,1492.9,0.2869,10975.2,0.2871,1930.5,0.2872,10171.8
1753617302468,11:55:02.468,bybit,1INCH/USDT:USDT,0.287,1492.9,0.2869,10975.2,0.2871,2072.7,0.2872,10171.8
1753617302867,11:55:02.867,bybit,1INCH/USDT:USDT,0.287,1492.5,0.2869,10975.2,0.2871,2072.7,0.2872,10171.8
1753617302967,11:55:02.967,bybit,1INCH/USDT:USDT,0.287,1492.5,0.2869,10975.2,0.2871,1930.5,0.2872,10171.8
1753617303066,11:55:03.066,bybit,1INCH/USDT:USDT,0.287,1492.5,0.2869,10975.2,0.2871,2072.7,0.2872,10171.8
1753617304567,11:55:04.567,bybit,1INCH/USDT:USDT,0.287,164.4,0.2869,10975.2,0.2871,2072.7,0.2872,10171.8
1753617304667,11:55:04.667,bybit,1INCH/USDT:USDT,0.287,164.4,0.2869,10975.2,0.2871,2214.9,0.2872,10171.8
1753617304767,11:55:04.767,bybit,1INCH/USDT:USDT,0.287,164.4,0.2869,10975.2,0.2871,2214.9,0.2872,10171.8
1753617304867,11:55:04.867,bybit,1INCH/USDT:USDT,0.287,164.4,0.2869,10975.2,0.2871,2214.9,0.2872,10171.8
1753617304967,11:55:04.967,bybit,1INCH/USDT:USDT,0.287,164.4,0.2869,10975.2,0.2871,2072.7,0.2872,10171.8
1753617305067,11:55:05.067,bybit,1INCH/USDT:USDT,0.2869,2732.8,0.2868,12379.4,0.287,3186.4,0.2871,11794.4
1753617305168,11:55:05.168,bybit,1INCH/USDT:USDT,0.2869,1125.3,0.2868,7277.1,0.287,3668.8,0.2871,13502.5
1753617305267,11:55:05.267,bybit,1INCH/USDT:USDT,0.2869,1125.3,0.2868,7277.1,0.287,3668.8,0.2871,14192.8
1753617305367,11:55:05.367,bybit,1INCH/USDT:USDT,0.2869,1125.3,0.2868,7277.1,0.287,3668.8,0.2871,13502.5
1753617305467,11:55:05.467,bybit,1INCH/USDT:USDT,0.2869,1125.3,0.2868,7277.1,0.287,3668.8,0.2871,13502.5
1753617305567,11:55:05.567,bybit,1INCH/USDT:USDT,0.2869,1125.3,0.2868,7277.1,0.287,3668.8,0.2871,13502.5
1753617305667,11:55:05.667,bybit,1INCH/USDT:USDT,0.2869,1125.3,0.2868,7277.1,0.287,3668.8,0.2871,13502.5
1753617305767,11:55:05.767,bybit,1INCH/USDT:USDT,0.2869,1125.3,0.2868,7277.1,0.287,3668.8,0.2871,13502.5
1753617305967,11:55:05.967,bybit,1INCH/USDT:USDT,0.2869,1125.3,0.2868,7277.1,0.287,3668.8,0.2871,13502.5
1753617306067,11:55:06.067,bybit,1INCH/USDT:USDT,0.2869,1125.3,0.2868,7277.1,0.287,3668.8,0.2871,13502.5
1753617306166,11:55:06.166,bybit,1INCH/USDT:USDT,0.2869,1125.3,0.2868,7277.1,0.287,3668.8,0.2871,13430.2
1753617306467,11:55:06.467,bybit,1INCH/USDT:USDT,0.2869,1125.3,0.2868,7277.1,0.287,3668.8,0.2871,13430.2
1753617306567,11:55:06.567,bybit,1INCH/USDT:USDT,0.2869,1125.3,0.2868,7277.1,0.287,3668.8,0.2871,13430.2
1753617306667,11:55:06.667,bybit,1INCH/USDT:USDT,0.2869,1125.3,0.2868,7277.1,0.287,3668.8,0.2871,13430.2
1753617306967,11:55:06.967,bybit,1INCH/USDT:USDT,0.2869,1125.3,0.2868,7277.1,0.287,3668.8,0.2871,13430.2
1753617307066,11:55:07.066,bybit,1INCH/USDT:USDT,0.2869,1125.3,0.2868,7277.1,0.287,4668.8,0.2871,13430.2
1753617307166,11:55:07.166,bybit,1INCH/USDT:USDT,0.2869,1125.3,0.2868,7277.1,0.287,4741.1,0.2871,13430.2
1753617307367,11:55:07.367,bybit,1INCH/USDT:USDT,0.2869,1125.3,0.2868,7277.1,0.287,4741.1,0.2871,13430.2
1753617307467,11:55:07.467,bybit,1INCH/USDT:USDT,0.2869,1125.3,0.2868,7277.1,0.287,4741.1,0.2871,13430.2
1753617307667,11:55:07.667,bybit,1INCH/USDT:USDT,0.2869,1125.3,0.2868,7277.1,0.287,4741.1,0.2871,13430.2
1753617307767,11:55:07.767,bybit,1INCH/USDT:USDT,0.2869,1125.3,0.2868,7277.1,0.287,4741.1,0.2871,13430.2
1753617307866,11:55:07.866,bybit,1INCH/USDT:USDT,0.2869,1125.3,0.2868,7277.1,0.287,4741.1,0.2871,13430.2
1753617307967,11:55:07.967,bybit,1INCH/USDT:USDT,0.2869,1125.3,0.2868,7277.1,0.287,4741.1,0.2871,13430.2
1753617308066,11:55:08.066,bybit,1INCH/USDT:USDT,0.2869,1125.3,0.2868,7277.1,0.287,3741.1,0.2871,13430.2
1753617308167,11:55:08.167,bybit,1INCH/USDT:USDT,0.2869,1125.3,0.2868,7277.1,0.287,3741.1,0.2871,13430.2
1753617308367,11:55:08.367,bybit,1INCH/USDT:USDT,0.2869,1125.3,0.2868,7277.1,0.287,3741.1,0.2871,13430.2
1753617308467,11:55:08.467,bybit,1INCH/USDT:USDT,0.2869,1125.3,0.2868,7277.1,0.287,3741.1,0.2871,13430.2
1753617308667,11:55:08.667,bybit,1INCH/USDT:USDT,0.2869,1125.3,0.2868,7277.1,0.287,3741.1,0.2871,13430.2
1753617308766,11:55:08.766,bybit,1INCH/USDT:USDT,0.2869,1125.3,0.2868,7277.1,0.287,3741.1,0.2871,13430.2
1753617309066,11:55:09.066,bybit,1INCH/USDT:USDT,0.2869,1125.3,0.2868,7277.1,0.287,3741.1,0.2871,13430.2
1753617310067,11:55:10.067,bybit,1INCH/USDT:USDT,0.2869,1125.3,0.2868,7277.1,0.287,3781.9,0.2871,13389.5
1753617310167,11:55:10.167,bybit,1INCH/USDT:USDT,0.2869,1125.3,0.2868,7277.1,0.287,3781.9,0.2871,13389.5
1753617310267,11:55:10.267,bybit,1INCH/USDT:USDT,0.2869,1125.3,0.2868,7277.1,0.287,3781.9,0.2871,13389.5
1753617311067,11:55:11.067,bybit,1INCH/USDT:USDT,0.2869,1125.3,0.2868,7277.1,0.287,3709.6,0.2871,13389.5
1753617311167,11:55:11.167,bybit,1INCH/USDT:USDT,0.2869,1125.3,0.2868,6935.3,0.287,3709.6,0.2871,16691.4
1753617311267,11:55:11.267,bybit,1INCH/USDT:USDT,0.2869,1125.3,0.2868,7275.5,0.287,3709.6,0.2871,11663.9
1753617311567,11:55:11.567,bybit,1INCH/USDT:USDT,0.2869,1125.3,0.2868,7275.5,0.287,3709.6,0.2871,11663.9
1753617311666,11:55:11.666,bybit,1INCH/USDT:USDT,0.2869,1125.3,0.2868,6935.3,0.287,3709.6,0.2871,16691.6
1753617311767,11:55:11.767,bybit,1INCH/USDT:USDT,0.2869,1125.3,0.2868,6935.3,0.287,3709.6,0.2871,16691.6
1753617311966,11:55:11.966,bybit,1INCH/USDT:USDT,0.2869,1125.3,0.2868,5475.6,0.287,4709.6,0.2871,16691.6
1753617312066,11:55:12.066,bybit,1INCH/USDT:USDT,0.2869,1125.3,0.2868,6692.1,0.287,4781.9,0.2871,16691.6
1753617312567,11:55:12.567,bybit,1INCH/USDT:USDT,0.2869,1125.3,0.2868,6692.1,0.287,4781.9,0.2871,16691.6
1753617313067,11:55:13.067,bybit,1INCH/USDT:USDT,0.2869,1125.3,0.2868,6692.1,0.287,4781.9,0.2871,16691.6
1753617313167,11:55:13.167,bybit,1INCH/USDT:USDT,0.2869,1125.3,0.2868,6692.1,0.287,4781.9,0.2871,16691.6
1753617313268,11:55:13.268,bybit,1INCH/USDT:USDT,0.2869,1125.3,0.2868,6692.1,0.287,4781.9,0.2871,16691.6
1753617313367,11:55:13.367,bybit,1INCH/USDT:USDT,0.2869,1125.3,0.2868,6692.1,0.287,4781.9,0.2871,16691.6
1753617315367,11:55:15.367,bybit,1INCH/USDT:USDT,0.2869,1125.3,0.2868,5423.2,0.287,4781.9,0.2871,16691.6
1753617315467,11:55:15.467,bybit,1INCH/USDT:USDT,0.2868,19.2,0.2867,6792.7,0.2869,3339.4,0.287,5256.5
1753617315567,11:55:15.567,bybit,1INCH/USDT:USDT,0.2868,19.2,0.2867,6792.7,0.2869,3363.8,0.287,5256.5
1753617315667,11:55:15.667,bybit,1INCH/USDT:USDT,0.2868,1387.6,0.2867,6792.7,0.2869,3363.8,0.287,5256.5
1753617315767,11:55:15.767,bybit,1INCH/USDT:USDT,0.2868,1387.6,0.2867,6792.7,0.2869,3363.8,0.287,5256.5
1753617315867,11:55:15.867,bybit,1INCH/USDT:USDT,0.2868,1387.6,0.2867,6792.7,0.2869,3363.8,0.287,5256.5
1753617316067,11:55:16.067,bybit,1INCH/USDT:USDT,0.2868,1387.6,0.2867,6792.7,0.2869,3363.8,0.287,5241.5
1753617316167,11:55:16.167,bybit,1INCH/USDT:USDT,0.2868,1387.6,0.2867,6792.7,0.2869,3363.8,0.287,5241.5
1753617316269,11:55:16.269,bybit,1INCH/USDT:USDT,0.2868,1387.6,0.2867,6792.7,0.2869,3870.5,0.287,5241.5
1753617316366,11:55:16.366,bybit,1INCH/USDT:USDT,0.2868,19.2,0.2867,6792.7,0.2869,3870.5,0.287,5241.5
1753617316466,11:55:16.466,bybit,1INCH/USDT:USDT,0.2868,19.2,0.2867,6792.7,0.2869,3870.5,0.287,5241.5
1753617316566,11:55:16.566,bybit,1INCH/USDT:USDT,0.2868,19.2,0.2867,6792.7,0.2869,3870.5,0.287,5241.5
1753617316767,11:55:16.767,bybit,1INCH/USDT:USDT,0.2868,19.2,0.2867,6792.7,0.2869,3870.5,0.287,5241.5
1753617316867,11:55:16.867,bybit,1INCH/USDT:USDT,0.2868,19.2,0.2867,6792.7,0.2869,3870.5,0.287,5241.5
1753617316967,11:55:16.967,bybit,1INCH/USDT:USDT,0.2868,19.2,0.2867,6792.7,0.2869,3870.5,0.287,3980.0
1753617317167,11:55:17.167,bybit,1INCH/USDT:USDT,0.2868,19.2,0.2867,6792.7,0.2869,3942.9,0.287,3980.0
1753617317568,11:55:17.568,bybit,1INCH/USDT:USDT,0.2868,19.2,0.2867,6792.7,0.2869,3942.9,0.287,3980.0
1753617318066,11:55:18.066,bybit,1INCH/USDT:USDT,0.2868,19.2,0.2867,6792.7,0.2869,3942.9,0.287,3980.0
1753617318366,11:55:18.366,bybit,1INCH/USDT:USDT,0.2868,19.2,0.2867,6792.7,0.2869,3942.9,0.287,3980.0
1753617318466,11:55:18.466,bybit,1INCH/USDT:USDT,0.2868,19.2,0.2867,6792.7,0.2869,3942.9,0.287,3980.0
1753617318867,11:55:18.867,bybit,1INCH/USDT:USDT,0.2868,19.2,0.2867,6792.7,0.2869,3942.9,0.287,3980.0
1753617318967,11:55:18.967,bybit,1INCH/USDT:USDT,0.2868,19.2,0.2867,6792.7,0.2869,3942.9,0.287,3980.0
1753617319067,11:55:19.067,bybit,1INCH/USDT:USDT,0.2868,19.2,0.2867,6792.7,0.2869,3942.9,0.287,3980.0
1753617319267,11:55:19.267,bybit,1INCH/USDT:USDT,0.2868,19.2,0.2867,6792.7,0.2869,3918.5,0.287,3980.0
1753617319767,11:55:19.767,bybit,1INCH/USDT:USDT,0.2868,19.2,0.2867,6792.7,0.2869,3918.5,0.287,3980.0
1753617320167,11:55:20.167,bybit,1INCH/USDT:USDT,0.2868,19.2,0.2867,6792.7,0.2869,4607.3,0.287,6592.7
1753617320271,11:55:20.271,bybit,1INCH/USDT:USDT,0.2868,19.2,0.2867,5463.6,0.2869,4607.3,0.287,6592.7
1753617320367,11:55:20.367,bybit,1INCH/USDT:USDT,0.2868,19.2,0.2867,5463.6,0.2869,4607.3,0.287,10078.7
1753617320567,11:55:20.567,bybit,1INCH/USDT:USDT,0.2868,19.2,0.2867,5463.6,0.2869,4607.3,0.287,10078.7
1753617320666,11:55:20.666,bybit,1INCH/USDT:USDT,0.2868,19.2,0.2867,366.0,0.2869,4607.3,0.287,10078.7
1753617320767,11:55:20.767,bybit,1INCH/USDT:USDT,0.2867,25.8,0.2866,9090.4,0.2868,5191.5,0.2869,12371.3
1753617320867,11:55:20.867,bybit,1INCH/USDT:USDT,0.2867,25.8,0.2866,9090.4,0.2868,4825.3,0.2869,14149.3
1753617320967,11:55:20.967,bybit,1INCH/USDT:USDT,0.2867,25.8,0.2866,9090.4,0.2868,4825.3,0.2869,14149.3
1753617321066,11:55:21.066,bybit,1INCH/USDT:USDT,0.2867,25.8,0.2866,9090.4,0.2868,4825.3,0.2869,14149.3
1753617321167,11:55:21.167,bybit,1INCH/USDT:USDT,0.2867,25.8,0.2866,9090.4,0.2868,4897.7,0.2869,14076.9
1753617321266,11:55:21.266,bybit,1INCH/USDT:USDT,0.2867,25.8,0.2866,9090.4,0.2868,4897.7,0.2869,14076.9
1753617321367,11:55:21.367,bybit,1INCH/USDT:USDT,0.2867,25.8,0.2866,9090.4,0.2868,4897.7,0.2869,14076.9
1753617321467,11:55:21.467,bybit,1INCH/USDT:USDT,0.2867,25.8,0.2866,9090.4,0.2868,4897.7,0.2869,14076.9
1753617321767,11:55:21.767,bybit,1INCH/USDT:USDT,0.2867,25.8,0.2866,9090.4,0.2868,4897.7,0.2869,14076.9
1753617321867,11:55:21.867,bybit,1INCH/USDT:USDT,0.2867,25.8,0.2866,9090.4,0.2868,4897.7,0.2869,14076.9
1753617321967,11:55:21.967,bybit,1INCH/USDT:USDT,0.2867,25.8,0.2866,9090.4,0.2868,4897.7,0.2869,14076.9
1753617322167,11:55:22.167,bybit,1INCH/USDT:USDT,0.2867,25.8,0.2866,9090.4,0.2868,4897.7,0.2869,14076.9
1753617322267,11:55:22.267,bybit,1INCH/USDT:USDT,0.2867,25.8,0.2866,9090.4,0.2868,4897.7,0.2869,14076.9
1753617322367,11:55:22.367,bybit,1INCH/USDT:USDT,0.2867,25.8,0.2866,7313.2,0.2868,5237.9,0.2869,17380.8
1753617322467,11:55:22.467,bybit,1INCH/USDT:USDT,0.2867,25.8,0.2866,7313.2,0.2868,5237.9,0.2869,17380.8
1753617322566,11:55:22.566,bybit,1INCH/USDT:USDT,0.2867,25.8,0.2866,7313.2,0.2868,5237.9,0.2869,17380.8
1753617322667,11:55:22.667,bybit,1INCH/USDT:USDT,0.2867,25.8,0.2866,6395.6,0.2868,5237.9,0.2869,17380.8
1753617322967,11:55:22.967,bybit,1INCH/USDT:USDT,0.2867,25.8,0.2866,6395.6,0.2868,5586.6,0.2869,17380.8
1753617323067,11:55:23.067,bybit,1INCH/USDT:USDT,0.2867,25.8,0.2866,6395.6,0.2868,5586.6,0.2869,17380.8
1753617323267,11:55:23.267,bybit,1INCH/USDT:USDT,0.2867,25.8,0.2866,6395.6,0.2868,5586.6,0.2869,17380.8
1753617323867,11:55:23.867,bybit,1INCH/USDT:USDT,0.2867,25.8,0.2866,6395.6,0.2868,5237.9,0.2869,16690.5
1753617323967,11:55:23.967,bybit,1INCH/USDT:USDT,0.2867,25.8,0.2866,6395.6,0.2868,5237.9,0.2869,16690.5
1753617324166,11:55:24.166,bybit,1INCH/USDT:USDT,0.2867,25.8,0.2866,6395.6,0.2868,5237.9,0.2869,16690.5
1753617324269,11:55:24.269,bybit,1INCH/USDT:USDT,0.2867,25.8,0.2866,6395.6,0.2868,5237.9,0.2869,17380.8
1753617324367,11:55:24.367,bybit,1INCH/USDT:USDT,0.2867,1399.8,0.2866,7742.2,0.2868,3613.3,0.2869,14076.9
1753617324468,11:55:24.468,bybit,1INCH/USDT:USDT,0.2867,1399.8,0.2866,7742.2,0.2868,3613.3,0.2869,14076.9
1753617324667,11:55:24.667,bybit,1INCH/USDT:USDT,0.2867,1399.8,0.2866,7742.2,0.2868,3613.3,0.2869,13934.7
1753617324767,11:55:24.767,bybit,1INCH/USDT:USDT,0.2867,1399.8,0.2866,7742.2,0.2868,3613.3,0.2869,14076.9
1753617324867,11:55:24.867,bybit,1INCH/USDT:USDT,0.2867,1399.8,0.2866,7742.2,0.2868,3613.3,0.2869,14076.9
1753617324966,11:55:24.966,bybit,1INCH/USDT:USDT,0.2867,1399.8,0.2866,7742.2,0.2868,3613.3,0.2869,13076.9
1753617325067,11:55:25.067,bybit,1INCH/USDT:USDT,0.2867,1399.8,0.2866,8432.5,0.2868,3613.3,0.2869,13076.9
1753617325166,11:55:25.166,bybit,1INCH/USDT:USDT,0.2867,1399.8,0.2866,8432.5,0.2868,3540.9,0.2869,13076.9
1753617325267,11:55:25.267,bybit,1INCH/USDT:USDT,0.2867,1399.8,0.2866,7600.0,0.2868,3825.3,0.2869,13076.9
1753617325367,11:55:25.367,bybit,1INCH/USDT:USDT,0.2867,25.8,0.2866,7600.0,0.2868,3683.1,0.2869,16380.7
1753617325467,11:55:25.467,bybit,1INCH/USDT:USDT,0.2867,25.8,0.2866,6735.8,0.2868,3825.3,0.2869,16380.7
1753617325567,11:55:25.567,bybit,1INCH/USDT:USDT,0.2867,25.8,0.2866,6735.8,0.2868,3825.3,0.2869,16380.7
1753617325667,11:55:25.667,bybit,1INCH/USDT:USDT,0.2867,25.8,0.2866,6735.8,0.2868,3825.3,0.2869,16380.7
1753617325767,11:55:25.767,bybit,1INCH/USDT:USDT,0.2867,25.8,0.2866,6735.8,0.2868,4825.3,0.2869,16380.7
1753617325867,11:55:25.867,bybit,1INCH/USDT:USDT,0.2867,25.8,0.2866,6735.8,0.2868,5174.0,0.2869,16380.7
1753617326067,11:55:26.067,bybit,1INCH/USDT:USDT,0.2867,25.8,0.2866,6735.8,0.2868,5174.0,0.2869,16380.7
1753617326167,11:55:26.167,bybit,1INCH/USDT:USDT,0.2867,25.8,0.2866,6735.8,0.2868,5246.4,0.2869,16380.7
1753617326366,11:55:26.366,bybit,1INCH/USDT:USDT,0.2867,25.8,0.2866,6735.8,0.2868,5246.4,0.2869,16380.7
1753617326568,11:55:26.568,bybit,1INCH/USDT:USDT,0.2867,25.8,0.2866,6735.8,0.2868,5246.4,0.2869,16380.7
1753617327067,11:55:27.067,bybit,1INCH/USDT:USDT,0.2867,25.8,0.2866,6735.8,0.2868,5246.4,0.2869,16380.7
1753617327167,11:55:27.167,bybit,1INCH/USDT:USDT,0.2867,25.8,0.2866,6735.8,0.2868,5246.4,0.2869,16380.7
1753617327267,11:55:27.267,bybit,1INCH/USDT:USDT,0.2867,25.8,0.2866,6735.8,0.2868,5246.4,0.2869,16380.7
1753617328967,11:55:28.967,bybit,1INCH/USDT:USDT,0.2867,25.8,0.2866,6735.8,0.2868,5246.4,0.2869,16380.7
1753617329066,11:55:29.066,bybit,1INCH/USDT:USDT,0.2867,25.8,0.2866,6735.8,0.2868,5246.4,0.2869,16380.7
1753617329366,11:55:29.366,bybit,1INCH/USDT:USDT,0.2867,312.5,0.2866,6735.8,0.2868,5246.4,0.2869,16380.7
1753617329467,11:55:29.467,bybit,1INCH/USDT:USDT,0.2867,312.5,0.2866,6735.8,0.2868,5246.4,0.2869,16380.7
1753617329566,11:55:29.566,bybit,1INCH/USDT:USDT,0.2867,312.5,0.2866,6735.8,0.2868,5246.4,0.2869,16380.7
1753617329667,11:55:29.667,bybit,1INCH/USDT:USDT,0.2867,312.5,0.2866,6735.8,0.2868,5246.4,0.2869,16380.7
1753617330068,11:55:30.068,bybit,1INCH/USDT:USDT,0.2867,312.5,0.2866,6735.8,0.2868,5246.4,0.2869,16380.7
1753617330666,11:55:30.666,bybit,1INCH/USDT:USDT,0.2867,312.5,0.2866,6735.8,0.2868,5246.4,0.2869,16380.7
1753617330767,11:55:30.767,bybit,1INCH/USDT:USDT,0.2867,312.5,0.2866,6735.8,0.2868,5246.4,0.2869,17380.7
1753617330867,11:55:30.867,bybit,1INCH/USDT:USDT,0.2866,366.7,0.2865,6295.1,0.2867,2786.4,0.2868,9218.3
1753617330967,11:55:30.967,bybit,1INCH/USDT:USDT,0.2866,366.7,0.2865,6295.1,0.2867,2786.4,0.2868,8869.6
1753617331067,11:55:31.067,bybit,1INCH/USDT:USDT,0.2866,366.7,0.2865,6295.1,0.2867,2786.4,0.2868,8869.6
1753617331167,11:55:31.167,bybit,1INCH/USDT:USDT,0.2866,366.7,0.2865,6295.1,0.2867,2786.4,0.2868,8797.2
1753617331567,11:55:31.567,bybit,1INCH/USDT:USDT,0.2866,366.7,0.2865,6295.1,0.2867,2644.2,0.2868,8797.2
1753617331666,11:55:31.666,bybit,1INCH/USDT:USDT,0.2866,366.7,0.2865,6295.1,0.2867,2644.2,0.2868,8797.2
1753617331767,11:55:31.767,bybit,1INCH/USDT:USDT,0.2866,366.7,0.2865,6295.1,0.2867,2647.6,0.2868,8797.2
1753617331867,11:55:31.867,bybit,1INCH/USDT:USDT,0.2866,366.7,0.2865,6437.3,0.2867,2505.4,0.2868,8797.2
1753617332067,11:55:32.067,bybit,1INCH/USDT:USDT,0.2866,366.7,0.2865,6437.3,0.2867,2505.4,0.2868,8797.2
1753617332167,11:55:32.167,bybit,1INCH/USDT:USDT,0.2866,366.7,0.2865,6437.3,0.2867,2505.4,0.2868,8797.2
1753617332269,11:55:32.269,bybit,1INCH/USDT:USDT,0.2866,366.7,0.2865,6437.3,0.2867,2505.4,0.2868,8797.2
1753617332467,11:55:32.467,bybit,1INCH/USDT:USDT,0.2866,366.7,0.2865,6437.3,0.2867,2505.4,0.2868,8797.2
1753617332767,11:55:32.767,bybit,1INCH/USDT:USDT,0.2866,366.7,0.2865,7437.3,0.2867,2505.4,0.2868,8797.2
1753617332866,11:55:32.866,bybit,1INCH/USDT:USDT,0.2866,1737.0,0.2865,6437.3,0.2867,2505.4,0.2868,8797.2
1753617332967,11:55:32.967,bybit,1INCH/USDT:USDT,0.2866,1737.0,0.2865,6437.3,0.2867,2505.4,0.2868,8797.2
1753617333066,11:55:33.066,bybit,1INCH/USDT:USDT,0.2866,1737.0,0.2865,6437.3,0.2867,2505.4,0.2868,8797.2
1753617333267,11:55:33.267,bybit,1INCH/USDT:USDT,0.2866,366.7,0.2865,6295.1,0.2867,2647.6,0.2868,8797.2
1753617333367,11:55:33.367,bybit,1INCH/USDT:USDT,0.2866,366.7,0.2865,6295.1,0.2867,2789.8,0.2868,8797.2
1753617333667,11:55:33.667,bybit,1INCH/USDT:USDT,0.2866,366.7,0.2865,6295.1,0.2867,2647.6,0.2868,8797.2
1753617333867,11:55:33.867,bybit,1INCH/USDT:USDT,0.2866,366.7,0.2865,6295.1,0.2867,2647.6,0.2868,8797.2
1753617334269,11:55:34.269,bybit,1INCH/USDT:USDT,0.2866,366.7,0.2865,6295.1,0.2867,2647.6,0.2868,8797.2
1753617334467,11:55:34.467,bybit,1INCH/USDT:USDT,0.2866,366.7,0.2865,6295.1,0.2867,2647.6,0.2868,8797.2
1753617334767,11:55:34.767,bybit,1INCH/USDT:USDT,0.2866,366.7,0.2865,6295.1,0.2867,2789.8,0.2868,8797.2
1753617335167,11:55:35.167,bybit,1INCH/USDT:USDT,0.2866,1737.0,0.2865,6437.3,0.2867,2647.6,0.2868,8797.2
1753617335267,11:55:35.267,bybit,1INCH/USDT:USDT,0.2866,1750.6,0.2865,6437.3,0.2867,2505.4,0.2868,8797.2
1753617335767,11:55:35.767,bybit,1INCH/USDT:USDT,0.2866,1750.6,0.2865,6437.3,0.2867,2505.4,0.2868,8797.2
1753617335866,11:55:35.866,bybit,1INCH/USDT:USDT,0.2866,1750.6,0.2865,6437.3,0.2867,2505.4,0.2868,8797.2
1753617336067,11:55:36.067,bybit,1INCH/USDT:USDT,0.2866,1750.6,0.2865,6437.3,0.2867,2505.4,0.2868,8797.2
1753617336167,11:55:36.167,bybit,1INCH/USDT:USDT,0.2866,1750.6,0.2865,6437.3,0.2867,2505.4,0.2868,8797.2
1753617336266,11:55:36.266,bybit,1INCH/USDT:USDT,0.2866,1750.6,0.2865,6437.3,0.2867,2505.4,0.2868,8797.2
1753617336367,11:55:36.367,bybit,1INCH/USDT:USDT,0.2866,1750.6,0.2865,6295.1,0.2867,2647.6,0.2868,8797.2
1753617336467,11:55:36.467,bybit,1INCH/USDT:USDT,0.2866,1750.6,0.2865,6295.1,0.2867,2647.6,0.2868,8797.2
1753617336567,11:55:36.567,bybit,1INCH/USDT:USDT,0.2866,1750.6,0.2865,6295.1,0.2867,2647.6,0.2868,8797.2
1753617336767,11:55:36.767,bybit,1INCH/USDT:USDT,0.2866,1750.6,0.2865,6295.1,0.2867,2647.6,0.2868,8797.2
1753617336866,11:55:36.866,bybit,1INCH/USDT:USDT,0.2866,1750.6,0.2865,6295.1,0.2867,2647.6,0.2868,8797.2
1753617337667,11:55:37.667,bybit,1INCH/USDT:USDT,0.2866,1750.6,0.2865,6295.1,0.2867,2647.6,0.2868,8797.2
1753617337767,11:55:37.767,bybit,1INCH/USDT:USDT,0.2866,1750.6,0.2865,6295.1,0.2867,2647.6,0.2868,8797.2
1753617337966,11:55:37.966,bybit,1INCH/USDT:USDT,0.2866,1750.6,0.2865,6295.1,0.2867,2647.6,0.2868,8797.2
1753617338266,11:55:38.266,bybit,1INCH/USDT:USDT,0.2866,1750.6,0.2865,6295.1,0.2867,2505.4,0.2868,8655.0
1753617338467,11:55:38.467,bybit,1INCH/USDT:USDT,0.2866,1750.6,0.2865,6295.1,0.2867,2647.6,0.2868,8655.0
1753617338566,11:55:38.566,bybit,1INCH/USDT:USDT,0.2866,1750.6,0.2865,6295.1,0.2867,2647.6,0.2868,8655.0
1753617338967,11:55:38.967,bybit,1INCH/USDT:USDT,0.2866,1750.6,0.2865,6295.1,0.2867,2505.4,0.2868,8655.0
1753617339267,11:55:39.267,bybit,1INCH/USDT:USDT,0.2866,1750.6,0.2865,6295.1,0.2867,2505.4,0.2868,8655.0
1753617339567,11:55:39.567,bybit,1INCH/USDT:USDT,0.2866,1750.6,0.2865,6295.1,0.2867,2789.8,0.2868,8655.0
1753617339767,11:55:39.767,bybit,1INCH/USDT:USDT,0.2866,380.3,0.2865,6295.1,0.2867,2789.8,0.2868,8655.0
1753617340467,11:55:40.467,bybit,1INCH/USDT:USDT,0.2866,380.3,0.2865,6295.1,0.2867,3296.4,0.2868,8655.0
1753617340567,11:55:40.567,bybit,1INCH/USDT:USDT,0.2866,380.3,0.2865,6295.1,0.2867,3296.4,0.2868,8655.0
1753617341167,11:55:41.167,bybit,1INCH/USDT:USDT,0.2866,380.3,0.2865,6295.1,0.2867,3368.8,0.2868,8655.0
1753617341567,11:55:41.567,bybit,1INCH/USDT:USDT,0.2866,380.3,0.2865,6295.1,0.2867,3368.8,0.2868,8655.0
1753617341767,11:55:41.767,bybit,1INCH/USDT:USDT,0.2866,380.3,0.2865,6295.1,0.2867,3368.8,0.2868,8655.0
1753617341867,11:55:41.867,bybit,1INCH/USDT:USDT,0.2866,380.3,0.2865,6295.1,0.2867,3368.8,0.2868,8655.0
1753617341966,11:55:41.966,bybit,1INCH/USDT:USDT,0.2866,380.3,0.2865,6295.1,0.2867,3368.8,0.2868,8655.0
1753617342467,11:55:42.467,bybit,1INCH/USDT:USDT,0.2866,380.3,0.2865,6295.1,0.2867,3226.6,0.2868,8655.0
1753617342666,11:55:42.666,bybit,1INCH/USDT:USDT,0.2866,380.3,0.2865,6295.1,0.2867,3368.8,0.2868,8655.0
1753617342867,11:55:42.867,bybit,1INCH/USDT:USDT,0.2866,380.3,0.2865,6295.1,0.2867,3368.8,0.2868,8655.0
1753617342967,11:55:42.967,bybit,1INCH/USDT:USDT,0.2866,380.3,0.2865,6295.1,0.2867,3368.8,0.2868,8655.0
1753617343366,11:55:43.366,bybit,1INCH/USDT:USDT,0.2866,380.3,0.2865,6295.1,0.2867,3368.8,0.2868,8655.0
1753617343466,11:55:43.466,bybit,1INCH/USDT:USDT,0.2866,380.3,0.2865,6295.1,0.2867,3368.8,0.2868,8655.0
1753617343867,11:55:43.867,bybit,1INCH/USDT:USDT,0.2866,40.1,0.2865,6295.1,0.2867,3717.7,0.2868,8655.0
1753617343966,11:55:43.966,bybit,1INCH/USDT:USDT,0.2866,40.1,0.2865,6295.1,0.2867,3717.7,0.2868,8655.0
1753617344067,11:55:44.067,bybit,1INCH/USDT:USDT,0.2866,40.1,0.2865,6295.1,0.2867,3717.7,0.2868,8655.0
1753617344269,11:55:44.269,bybit,1INCH/USDT:USDT,0.2866,40.1,0.2865,6295.1,0.2867,3717.7,0.2868,8655.0
1753617344466,11:55:44.466,bybit,1INCH/USDT:USDT,0.2866,40.1,0.2865,6295.1,0.2867,3717.7,0.2868,8655.0
1753617344567,11:55:44.567,bybit,1INCH/USDT:USDT,0.2866,40.1,0.2865,6295.1,0.2867,3717.7,0.2868,8655.0
1753617344666,11:55:44.666,bybit,1INCH/USDT:USDT,0.2866,40.1,0.2865,6295.1,0.2867,3575.5,0.2868,8655.0
1753617344767,11:55:44.767,bybit,1INCH/USDT:USDT,0.2866,4992.1,0.2865,6295.1,0.2867,3433.3,0.2868,8797.2
1753617344867,11:55:44.867,bybit,1INCH/USDT:USDT,0.2866,4992.1,0.2865,6295.1,0.2867,3084.4,0.2868,7797.2
1753617344967,11:55:44.967,bybit,1INCH/USDT:USDT,0.2866,4992.1,0.2865,6321.3,0.2867,3084.4,0.2868,7797.2
1753617345066,11:55:45.066,bybit,1INCH/USDT:USDT,0.2866,4992.1,0.2865,6321.3,0.2867,3226.6,0.2868,7655.0
1753617345166,11:55:45.166,bybit,1INCH/USDT:USDT,0.2866,4992.1,0.2865,6321.3,0.2867,3154.2,0.2868,7655.0
1753617345267,11:55:45.267,bybit,1INCH/USDT:USDT,0.2866,4992.1,0.2865,6321.3,0.2867,3154.2,0.2868,7655.0
1753617345467,11:55:45.467,bybit,1INCH/USDT:USDT,0.2866,4999.5,0.2865,6321.3,0.2867,3012.0,0.2868,7655.0
1753617345567,11:55:45.567,bybit,1INCH/USDT:USDT,0.2866,4999.6,0.2865,6321.3,0.2867,3012.0,0.2868,7655.0
1753617345667,11:55:45.667,bybit,1INCH/USDT:USDT,0.2866,4999.6,0.2865,6321.3,0.2867,3012.0,0.2868,7655.0
1753617346367,11:55:46.367,bybit,1INCH/USDT:USDT,0.2866,4999.6,0.2865,6321.3,0.2867,3012.0,0.2868,7655.0
1753617346567,11:55:46.567,bybit,1INCH/USDT:USDT,0.2866,4999.6,0.2865,6321.3,0.2867,3012.0,0.2868,7655.0
1753617346767,11:55:46.767,bybit,1INCH/USDT:USDT,0.2866,4999.6,0.2865,6321.3,0.2867,3012.0,0.2868,7655.0
1753617346967,11:55:46.967,bybit,1INCH/USDT:USDT,0.2866,5141.8,0.2865,6321.3,0.2867,3012.0,0.2868,7655.0
1753617347067,11:55:47.067,bybit,1INCH/USDT:USDT,0.2866,4999.6,0.2865,6321.3,0.2867,3154.2,0.2868,7655.0
1753617347566,11:55:47.566,bybit,1INCH/USDT:USDT,0.2866,5141.8,0.2865,6321.3,0.2867,3012.0,0.2868,7655.0
1753617347667,11:55:47.667,bybit,1INCH/USDT:USDT,0.2866,5141.8,0.2865,6321.3,0.2867,1641.7,0.2868,7655.0
1753617347767,11:55:47.767,bybit,1INCH/USDT:USDT,0.2866,5624.2,0.2865,6321.3,0.2868,7314.8,0.2869,7293.1
1753617347866,11:55:47.866,bybit,1INCH/USDT:USDT,0.2867,2651.6,0.2866,10887.9,0.2868,1973.6,0.2869,10697.1
1753617347967,11:55:47.967,bybit,1INCH/USDT:USDT,0.2867,2651.6,0.2866,10887.9,0.2868,1973.6,0.2869,10697.1
1753617348067,11:55:48.067,bybit,1INCH/USDT:USDT,0.2867,1651.6,0.2866,11578.2,0.2868,1973.6,0.2869,10697.1
1753617348167,11:55:48.167,bybit,1INCH/USDT:USDT,0.2867,1581.8,0.2866,11630.6,0.2868,1973.6,0.2869,10697.1
1753617348267,11:55:48.267,bybit,1INCH/USDT:USDT,0.2867,1581.8,0.2866,11630.6,0.2868,1973.6,0.2869,10697.1
1753617348367,11:55:48.367,bybit,1INCH/USDT:USDT,0.2867,1439.6,0.2866,10940.3,0.2868,2115.8,0.2869,12422.7
1753617348467,11:55:48.467,bybit,1INCH/USDT:USDT,0.2867,1439.6,0.2866,10940.3,0.2868,1973.6,0.2869,12422.7
1753617348867,11:55:48.867,bybit,1INCH/USDT:USDT,0.2867,1439.6,0.2866,10940.3,0.2868,1973.6,0.2869,12422.7
1753617348966,11:55:48.966,bybit,1INCH/USDT:USDT,0.2867,1439.6,0.2866,10940.3,0.2868,1973.6,0.2869,12422.7
1753617349166,11:55:49.166,bybit,1INCH/USDT:USDT,0.2867,1367.2,0.2866,10940.3,0.2868,1973.6,0.2869,12422.7
1753617349367,11:55:49.367,bybit,1INCH/USDT:USDT,0.2867,1367.2,0.2866,10940.3,0.2868,1973.6,0.2869,12422.7
1753617349667,11:55:49.667,bybit,1INCH/USDT:USDT,0.2867,1367.2,0.2866,9126.3,0.2868,2115.8,0.2869,12422.7
1753617349767,11:55:49.767,bybit,1INCH/USDT:USDT,0.2867,1367.2,0.2866,9126.3,0.2868,2115.8,0.2869,12422.7
1753617350273,11:55:50.273,bybit,1INCH/USDT:USDT,0.2867,1367.2,0.2866,9126.3,0.2868,1973.6,0.2869,12422.7
1753617350367,11:55:50.367,bybit,1INCH/USDT:USDT,0.2867,1367.2,0.2866,9126.3,0.2868,2115.8,0.2869,12422.7
1753617350567,11:55:50.567,bybit,1INCH/USDT:USDT,0.2867,1367.2,0.2866,9126.3,0.2868,2258.0,0.2869,12422.7
1753617350667,11:55:50.667,bybit,1INCH/USDT:USDT,0.2866,5392.2,0.2865,6321.3,0.2867,1360.9,0.2868,10236.0
1753617350767,11:55:50.767,bybit,1INCH/USDT:USDT,0.2866,5534.4,0.2865,6321.3,0.2867,1360.9,0.2868,10236.0
1753617350867,11:55:50.867,bybit,1INCH/USDT:USDT,0.2866,5534.4,0.2865,6321.3,0.2867,1360.9,0.2868,10236.0
1753617350966,11:55:50.966,bybit,1INCH/USDT:USDT,0.2866,5534.4,0.2865,6321.3,0.2867,1360.9,0.2868,10236.0
1753617351066,11:55:51.066,bybit,1INCH/USDT:USDT,0.2866,5534.4,0.2865,6321.3,0.2867,1360.9,0.2868,10236.0
1753617351167,11:55:51.167,bybit,1INCH/USDT:USDT,0.2866,5464.6,0.2865,6321.3,0.2867,1360.9,0.2868,10236.0
1753617351367,11:55:51.367,bybit,1INCH/USDT:USDT,0.2866,5464.6,0.2865,6321.3,0.2867,1360.9,0.2868,10236.0
1753617351466,11:55:51.466,bybit,1INCH/USDT:USDT,0.2866,5464.6,0.2865,6321.3,0.2867,1360.9,0.2868,10236.0
1753617351667,11:55:51.667,bybit,1INCH/USDT:USDT,0.2866,5464.6,0.2865,6321.3,0.2867,1360.9,0.2868,10236.0
1753617352067,11:55:52.067,bybit,1INCH/USDT:USDT,0.2867,1360.9,0.2866,6717.3,0.2868,1883.0,0.2869,12421.6
1753617352167,11:55:52.167,bybit,1INCH/USDT:USDT,0.2866,9198.1,0.2865,7321.3,0.2868,1883.0,0.2869,13111.9
1753617352267,11:55:52.267,bybit,1INCH/USDT:USDT,0.2867,1360.9,0.2866,9197.3,0.2868,1883.0,0.2869,12421.6
1753617352367,11:55:52.367,bybit,1INCH/USDT:USDT,0.2867,1360.9,0.2866,9214.8,0.2868,1883.0,0.2869,12439.1
1753617352467,11:55:52.467,bybit,1INCH/USDT:USDT,0.2867,1360.9,0.2866,9214.8,0.2868,1883.0,0.2869,12439.1
1753617352567,11:55:52.567,bybit,1INCH/USDT:USDT,0.2867,6332.2,0.2866,5849.2,0.2868,1740.8,0.2869,12439.1
1753617352667,11:55:52.667,bybit,1INCH/USDT:USDT,0.2867,6332.2,0.2866,5849.2,0.2868,1883.0,0.2869,12439.1
1753617352767,11:55:52.767,bybit,1INCH/USDT:USDT,0.2867,6332.2,0.2866,5849.2,0.2868,1740.8,0.2869,12439.1
1753617352867,11:55:52.867,bybit,1INCH/USDT:USDT,0.2867,6332.2,0.2866,5849.2,0.2868,1883.0,0.2869,12439.1
1753617352966,11:55:52.966,bybit,1INCH/USDT:USDT,0.2867,6332.2,0.2866,5849.2,0.2868,2025.2,0.2869,12439.1
1753617353067,11:55:53.067,bybit,1INCH/USDT:USDT,0.2867,6332.2,0.2866,5776.8,0.2868,1883.0,0.2869,12439.1
1753617353166,11:55:53.166,bybit,1INCH/USDT:USDT,0.2867,6332.2,0.2866,5776.8,0.2868,2025.2,0.2869,12439.1
1753617353566,11:55:53.566,bybit,1INCH/USDT:USDT,0.2867,6332.2,0.2866,5776.8,0.2868,2025.2,0.2869,12439.1
1753617353667,11:55:53.667,bybit,1INCH/USDT:USDT,0.2867,6332.2,0.2866,5776.8,0.2868,2025.2,0.2869,12439.1
1753617353768,11:55:53.768,bybit,1INCH/USDT:USDT,0.2867,6332.2,0.2866,5776.8,0.2868,1740.8,0.2869,12439.1
1753617353867,11:55:53.867,bybit,1INCH/USDT:USDT,0.2867,6332.2,0.2866,5776.8,0.2868,2025.2,0.2869,12439.1
1753617354367,11:55:54.367,bybit,1INCH/USDT:USDT,0.2867,6332.2,0.2866,5776.8,0.2868,1740.8,0.2869,12439.1
1753617354467,11:55:54.467,bybit,1INCH/USDT:USDT,0.2867,6332.2,0.2866,5776.8,0.2868,2025.2,0.2869,12439.1
1753617354566,11:55:54.566,bybit,1INCH/USDT:USDT,0.2867,6332.2,0.2866,7212.6,0.2868,1740.8,0.2869,10713.5
1753617354667,11:55:54.667,bybit,1INCH/USDT:USDT,0.2867,6474.4,0.2866,7212.6,0.2868,1740.8,0.2869,12439.1
1753617355066,11:55:55.066,bybit,1INCH/USDT:USDT,0.2867,6474.4,0.2866,7212.6,0.2868,1740.8,0.2869,12439.1
1753617355267,11:55:55.267,bybit,1INCH/USDT:USDT,0.2867,6474.4,0.2866,7212.6,0.2868,1740.8,0.2869,12439.1
1753617355567,11:55:55.567,bybit,1INCH/USDT:USDT,0.2867,6332.2,0.2866,7212.6,0.2868,1740.8,0.2869,12439.1
1753617355666,11:55:55.666,bybit,1INCH/USDT:USDT,0.2867,6332.2,0.2866,7212.6,0.2868,2025.2,0.2869,12439.1
1753617355767,11:55:55.767,bybit,1INCH/USDT:USDT,0.2867,6332.2,0.2866,7212.6,0.2868,1740.8,0.2869,12439.1
1753617355867,11:55:55.867,bybit,1INCH/USDT:USDT,0.2867,6332.2,0.2866,7212.6,0.2868,1742.9,0.2869,12439.1
1753617356067,11:55:56.067,bybit,1INCH/USDT:USDT,0.2867,6332.2,0.2866,7212.6,0.2868,1742.9,0.2869,12439.1
1753617356266,11:55:56.266,bybit,1INCH/USDT:USDT,0.2867,6332.2,0.2866,6522.3,0.2868,1742.9,0.2869,12439.1
