timestamp,time,exchange,symbol,bid1_price,bid1_volume,bid2_price,bid2_volume,ask1_price,ask1_volume,ask2_price,ask2_volume
1753617155330,11:52:35.330,binance,ADA/USDT:USDT,0.8227,21186.0,0.8226,55631.0,0.8228,75537.0,0.8229,139226.0
1753617155438,11:52:35.438,binance,ADA/USDT:USDT,0.8227,21193.0,0.8226,55631.0,0.8228,75537.0,0.8229,143851.0
1753617155543,11:52:35.543,binance,ADA/USDT:USDT,0.8227,21210.0,0.8226,55631.0,0.8228,75303.0,0.8229,130829.0
1753617155646,11:52:35.646,binance,ADA/USDT:USDT,0.8227,21210.0,0.8226,55631.0,0.8228,74957.0,0.8229,148910.0
1753617155880,11:52:35.880,binance,ADA/USDT:USDT,0.8227,21210.0,0.8226,55606.0,0.8228,74957.0,0.8229,148667.0
1753617156597,11:52:36.597,binance,ADA/USDT:USDT,0.8227,21275.0,0.8226,37550.0,0.8228,75565.0,0.8229,148254.0
1753617156707,11:52:36.707,binance,ADA/USDT:USDT,0.8227,21275.0,0.8226,63050.0,0.8228,75565.0,0.8229,135616.0
1753617156929,11:52:36.929,binance,ADA/USDT:USDT,0.8227,21275.0,0.8226,64650.0,0.8228,76004.0,0.8229,135591.0
1753617157035,11:52:37.035,binance,ADA/USDT:USDT,0.8227,21275.0,0.8226,64650.0,0.8228,75664.0,0.8229,135714.0
1753617157178,11:52:37.178,binance,ADA/USDT:USDT,0.8227,21293.0,0.8226,64650.0,0.8228,75664.0,0.8229,135714.0
1753617157290,11:52:37.290,binance,ADA/USDT:USDT,0.8227,21319.0,0.8226,64650.0,0.8228,75664.0,0.8229,135714.0
1753617157398,11:52:37.398,binance,ADA/USDT:USDT,0.8227,12970.0,0.8226,63050.0,0.8228,75664.0,0.8229,135471.0
1753617157867,11:52:37.867,binance,ADA/USDT:USDT,0.8227,2544.0,0.8226,63025.0,0.8228,97479.0,0.8229,130003.0
1753617158111,11:52:38.111,binance,ADA/USDT:USDT,0.8227,2544.0,0.8226,63050.0,0.8228,79518.0,0.8229,130246.0
1753617158217,11:52:38.217,binance,ADA/USDT:USDT,0.8227,2544.0,0.8226,63050.0,0.8228,79518.0,0.8229,130003.0
1753617158558,11:52:38.558,binance,ADA/USDT:USDT,0.8227,32980.0,0.8226,64735.0,0.8228,46792.0,0.8229,132617.0
1753617158801,11:52:38.801,binance,ADA/USDT:USDT,0.8227,40980.0,0.8226,64735.0,0.8228,53178.0,0.8229,125720.0
1753617158957,11:52:38.957,binance,ADA/USDT:USDT,0.8227,40980.0,0.8226,64650.0,0.8228,53178.0,0.8229,125477.0
1753617159068,11:52:39.068,binance,ADA/USDT:USDT,0.8227,40980.0,0.8226,64650.0,0.8228,53178.0,0.8229,125720.0
1753617159863,11:52:39.863,binance,ADA/USDT:USDT,0.8227,13318.0,0.8226,64625.0,0.8228,46716.0,0.8229,120456.0
1753617159967,11:52:39.967,binance,ADA/USDT:USDT,0.8227,13400.0,0.8226,64625.0,0.8228,53001.0,0.8229,120456.0
1753617160082,11:52:40.082,binance,ADA/USDT:USDT,0.8227,13507.0,0.8226,64650.0,0.8228,53001.0,0.8229,120431.0
1753617160187,11:52:40.187,binance,ADA/USDT:USDT,0.8227,13683.0,0.8226,64650.0,0.8228,53001.0,0.8229,120674.0
1753617160500,11:52:40.500,binance,ADA/USDT:USDT,0.8227,6453.0,0.8226,63025.0,0.8228,62405.0,0.8229,125728.0
1753617160604,11:52:40.604,binance,ADA/USDT:USDT,0.8227,5664.0,0.8226,63025.0,0.8228,55653.0,0.8229,123534.0
1753617160742,11:52:40.742,binance,ADA/USDT:USDT,0.8227,5533.0,0.8226,63025.0,0.8228,62391.0,0.8229,123534.0
1753617161147,11:52:41.147,binance,ADA/USDT:USDT,0.8227,20296.0,0.8226,63132.0,0.8228,55665.0,0.8229,122520.0
1753617161284,11:52:41.284,binance,ADA/USDT:USDT,0.8227,20296.0,0.8226,63134.0,0.8228,55665.0,0.8229,122520.0
1753617161841,11:52:41.841,binance,ADA/USDT:USDT,0.8227,32615.0,0.8226,64733.0,0.8228,49674.0,0.8229,126741.0
1753617162641,11:52:42.641,binance,ADA/USDT:USDT,0.8227,32582.0,0.8226,64625.0,0.8228,62702.0,0.8229,121047.0
1753617162798,11:52:42.798,binance,ADA/USDT:USDT,0.8227,34495.0,0.8226,67450.0,0.8228,43636.0,0.8229,111009.0
1753617162901,11:52:42.901,binance,ADA/USDT:USDT,0.8227,34622.0,0.8226,94601.0,0.8228,43810.0,0.8229,111009.0
1753617163005,11:52:43.005,binance,ADA/USDT:USDT,0.8227,34597.0,0.8226,94601.0,0.8228,46279.0,0.8229,111171.0
1753617163131,11:52:43.131,binance,ADA/USDT:USDT,0.8227,34597.0,0.8226,94576.0,0.8228,50168.0,0.8229,110928.0
1753617163580,11:52:43.580,binance,ADA/USDT:USDT,0.8227,54635.0,0.8226,102705.0,0.8228,7268.0,0.8229,113199.0
1753617163684,11:52:43.684,binance,ADA/USDT:USDT,0.8227,46807.0,0.8226,105831.0,0.8228,19301.0,0.8229,98021.0
1753617163787,11:52:43.787,binance,ADA/USDT:USDT,0.8227,54635.0,0.8226,105856.0,0.8228,7004.0,0.8229,71103.0
1753617163899,11:52:43.899,binance,ADA/USDT:USDT,0.8227,57786.0,0.8226,113085.0,0.8228,7025.0,0.8229,71103.0
1753617164030,11:52:44.030,binance,ADA/USDT:USDT,0.8227,49933.0,0.8226,113085.0,0.8228,7268.0,0.8229,71103.0
1753617164171,11:52:44.171,binance,ADA/USDT:USDT,0.8227,46807.0,0.8226,116331.0,0.8228,7268.0,0.8229,71103.0
1753617164302,11:52:44.302,binance,ADA/USDT:USDT,0.8227,72497.0,0.8226,128903.0,0.8228,4249.0,0.8229,48918.0
1753617164405,11:52:44.405,binance,ADA/USDT:USDT,0.8227,73834.0,0.8226,129058.0,0.8228,6942.0,0.8229,48918.0
1753617164510,11:52:44.510,binance,ADA/USDT:USDT,0.8228,87152.0,0.8227,83710.0,0.8229,14054.0,0.823,121503.0
1753617164612,11:52:44.612,binance,ADA/USDT:USDT,0.8228,110746.0,0.8227,81407.0,0.8229,26573.0,0.823,98846.0
1753617164723,11:52:44.723,binance,ADA/USDT:USDT,0.8228,118008.0,0.8227,82622.0,0.8229,14318.0,0.823,98846.0
1753617164929,11:52:44.929,binance,ADA/USDT:USDT,0.8229,11835.0,0.8228,76908.0,0.823,72325.0,0.8231,158896.0
1753617165617,11:52:45.617,binance,ADA/USDT:USDT,0.8229,10808.0,0.8228,69775.0,0.823,78853.0,0.8231,189724.0
1753617165719,11:52:45.719,binance,ADA/USDT:USDT,0.8229,10933.0,0.8228,69651.0,0.823,72608.0,0.8231,189845.0
1753617165827,11:52:45.827,binance,ADA/USDT:USDT,0.8229,7758.0,0.8228,66851.0,0.823,79695.0,0.8231,189965.0
1753617165931,11:52:45.931,binance,ADA/USDT:USDT,0.8229,7758.0,0.8228,66858.0,0.823,79695.0,0.8231,189965.0
1753617166051,11:52:46.051,binance,ADA/USDT:USDT,0.8229,442.0,0.8228,66051.0,0.823,89372.0,0.8231,193532.0
1753617166164,11:52:46.164,binance,ADA/USDT:USDT,0.8229,442.0,0.8228,66051.0,0.823,89516.0,0.8231,194868.0
1753617166291,11:52:46.291,binance,ADA/USDT:USDT,0.8229,392.0,0.8228,66051.0,0.823,89456.0,0.8231,194868.0
1753617166401,11:52:46.401,binance,ADA/USDT:USDT,0.8229,585.0,0.8228,66051.0,0.823,89431.0,0.8231,196532.0
1753617166502,11:52:46.502,binance,ADA/USDT:USDT,0.8229,654.0,0.8228,66051.0,0.823,99036.0,0.8231,202252.0
1753617166610,11:52:46.610,binance,ADA/USDT:USDT,0.8229,883.0,0.8228,66051.0,0.823,99922.0,0.8231,202252.0
1753617166724,11:52:46.724,binance,ADA/USDT:USDT,0.8229,883.0,0.8228,66051.0,0.823,99922.0,0.8231,202372.0
1753617166828,11:52:46.828,binance,ADA/USDT:USDT,0.8229,1141.0,0.8228,66051.0,0.823,93194.0,0.8231,202372.0
1753617166950,11:52:46.950,binance,ADA/USDT:USDT,0.8229,1141.0,0.8228,66051.0,0.823,99922.0,0.8231,203890.0
1753617167057,11:52:47.057,binance,ADA/USDT:USDT,0.8229,1141.0,0.8228,66051.0,0.823,93194.0,0.8231,203890.0
1753617167167,11:52:47.167,binance,ADA/USDT:USDT,0.8229,1141.0,0.8228,65864.0,0.823,93194.0,0.8231,203890.0
1753617167273,11:52:47.273,binance,ADA/USDT:USDT,0.8229,1141.0,0.8228,65864.0,0.823,93194.0,0.8231,203890.0
1753617167434,11:52:47.434,binance,ADA/USDT:USDT,0.8229,1256.0,0.8228,65864.0,0.823,93194.0,0.8231,203890.0
1753617167569,11:52:47.569,binance,ADA/USDT:USDT,0.8229,1256.0,0.8228,65864.0,0.823,93314.0,0.8231,203890.0
1753617167673,11:52:47.673,binance,ADA/USDT:USDT,0.8229,1252.0,0.8228,65864.0,0.823,100162.0,0.8231,203890.0
1753617167782,11:52:47.782,binance,ADA/USDT:USDT,0.8228,52225.0,0.8227,84473.0,0.8229,69597.0,0.823,112321.0
1753617167884,11:52:47.884,binance,ADA/USDT:USDT,0.8228,51965.0,0.8227,83674.0,0.8229,70268.0,0.823,135782.0
1753617168105,11:52:48.105,binance,ADA/USDT:USDT,0.8228,62727.0,0.8227,83674.0,0.8229,61791.0,0.823,130744.0
1753617168214,11:52:48.214,binance,ADA/USDT:USDT,0.8228,62987.0,0.8227,83674.0,0.8229,61791.0,0.823,120667.0
1753617168316,11:52:48.316,binance,ADA/USDT:USDT,0.8228,62995.0,0.8227,83674.0,0.8229,51029.0,0.823,120841.0
1753617168439,11:52:48.439,binance,ADA/USDT:USDT,0.8228,63002.0,0.8227,83665.0,0.8229,50994.0,0.823,121084.0
1753617168551,11:52:48.551,binance,ADA/USDT:USDT,0.8228,70830.0,0.8227,83690.0,0.8229,16913.0,0.823,115079.0
1753617168654,11:52:48.654,binance,ADA/USDT:USDT,0.8228,77558.0,0.8227,84497.0,0.8229,16913.0,0.823,115079.0
1753617168755,11:52:48.755,binance,ADA/USDT:USDT,0.8228,77583.0,0.8227,84497.0,0.8229,16495.0,0.823,110077.0
1753617168870,11:52:48.870,binance,ADA/USDT:USDT,0.8229,21649.0,0.8228,82813.0,0.823,71271.0,0.8231,210344.0
1753617168971,11:52:48.971,binance,ADA/USDT:USDT,0.8229,17432.0,0.8228,76095.0,0.823,71292.0,0.8231,210959.0
1753617169093,11:52:49.093,binance,ADA/USDT:USDT,0.8229,13444.0,0.8228,76095.0,0.823,71292.0,0.8231,210959.0
1753617169217,11:52:49.217,binance,ADA/USDT:USDT,0.8229,13444.0,0.8228,76095.0,0.823,71292.0,0.8231,210959.0
1753617169322,11:52:49.322,binance,ADA/USDT:USDT,0.8229,13444.0,0.8228,76095.0,0.823,71292.0,0.8231,210959.0
1753617169529,11:52:49.529,binance,ADA/USDT:USDT,0.8229,36197.0,0.8228,76316.0,0.823,71292.0,0.8231,210959.0
1753617169642,11:52:49.642,binance,ADA/USDT:USDT,0.8229,36197.0,0.8228,76316.0,0.823,71172.0,0.8231,211566.0
1753617169773,11:52:49.773,binance,ADA/USDT:USDT,0.8229,42925.0,0.8228,76316.0,0.823,71006.0,0.8231,211566.0
1753617169884,11:52:49.884,binance,ADA/USDT:USDT,0.8229,36197.0,0.8228,76323.0,0.823,71006.0,0.8231,211566.0
1753617169992,11:52:49.992,binance,ADA/USDT:USDT,0.8229,35515.0,0.8228,76323.0,0.823,71006.0,0.8231,211566.0
1753617170115,11:52:50.115,binance,ADA/USDT:USDT,0.8229,35515.0,0.8228,68495.0,0.823,77285.0,0.8231,214391.0
1753617170218,11:52:50.218,binance,ADA/USDT:USDT,0.8229,4848.0,0.8228,63849.0,0.823,88871.0,0.8231,226650.0
1753617170321,11:52:50.321,binance,ADA/USDT:USDT,0.8229,4848.0,0.8228,63034.0,0.823,89120.0,0.8231,226650.0
1753617170433,11:52:50.433,binance,ADA/USDT:USDT,0.8229,4276.0,0.8228,63034.0,0.823,71315.0,0.8231,226650.0
1753617170536,11:52:50.536,binance,ADA/USDT:USDT,0.8229,33235.0,0.8228,63256.0,0.823,71251.0,0.8231,226625.0
1753617170788,11:52:50.788,binance,ADA/USDT:USDT,0.8229,33235.0,0.8228,63256.0,0.823,71077.0,0.8231,226799.0
1753617170939,11:52:50.939,binance,ADA/USDT:USDT,0.8229,33235.0,0.8228,63256.0,0.823,71077.0,0.8231,226824.0
1753617171044,11:52:51.044,binance,ADA/USDT:USDT,0.8229,39963.0,0.8228,63256.0,0.823,71077.0,0.8231,223999.0
1753617171158,11:52:51.158,binance,ADA/USDT:USDT,0.8229,33235.0,0.8228,62774.0,0.823,71250.0,0.8231,223850.0
1753617171269,11:52:51.269,binance,ADA/USDT:USDT,0.8229,33235.0,0.8228,62799.0,0.823,71304.0,0.8231,223850.0
1753617171384,11:52:51.384,binance,ADA/USDT:USDT,0.8229,33235.0,0.8228,62799.0,0.823,71304.0,0.8231,223850.0
1753617171488,11:52:51.488,binance,ADA/USDT:USDT,0.8229,45473.0,0.8228,67389.0,0.823,56114.0,0.8231,171127.0
1753617171592,11:52:51.592,binance,ADA/USDT:USDT,0.8229,65418.0,0.8228,67527.0,0.823,51633.0,0.8231,136029.0
1753617171696,11:52:51.696,binance,ADA/USDT:USDT,0.8229,71280.0,0.8228,87964.0,0.823,4741.0,0.8231,91649.0
1753617171797,11:52:51.797,binance,ADA/USDT:USDT,0.823,106100.0,0.8229,83148.0,0.8231,62279.0,0.8232,95521.0
1753617171898,11:52:51.898,binance,ADA/USDT:USDT,0.823,99390.0,0.8229,83155.0,0.8231,28238.0,0.8232,63199.0
1753617171999,11:52:51.999,binance,ADA/USDT:USDT,0.823,84994.0,0.8229,78332.0,0.8231,28238.0,0.8232,69608.0
1753617172101,11:52:52.101,binance,ADA/USDT:USDT,0.823,84994.0,0.8229,77141.0,0.8231,39000.0,0.8232,69850.0
1753617172205,11:52:52.205,binance,ADA/USDT:USDT,0.823,92822.0,0.8229,77166.0,0.8231,39417.0,0.8232,69608.0
1753617172308,11:52:52.308,binance,ADA/USDT:USDT,0.823,84994.0,0.8229,72826.0,0.8231,28655.0,0.8232,64120.0
1753617172415,11:52:52.415,binance,ADA/USDT:USDT,0.823,93084.0,0.8229,72814.0,0.8231,28766.0,0.8232,64120.0
1753617172530,11:52:52.530,binance,ADA/USDT:USDT,0.823,117352.0,0.8229,72814.0,0.8231,28759.0,0.8232,64243.0
1753617172631,11:52:52.631,binance,ADA/USDT:USDT,0.823,124080.0,0.8229,72814.0,0.8231,28759.0,0.8232,67646.0
1753617172742,11:52:52.742,binance,ADA/USDT:USDT,0.823,109524.0,0.8229,72814.0,0.8231,29001.0,0.8232,67646.0
1753617172845,11:52:52.845,binance,ADA/USDT:USDT,0.823,15532.0,0.8229,57537.0,0.8231,48369.0,0.8232,91181.0
1753617172950,11:52:52.950,binance,ADA/USDT:USDT,0.823,14422.0,0.8229,57537.0,0.8231,41641.0,0.8232,90194.0
1753617173062,11:52:53.062,binance,ADA/USDT:USDT,0.823,14422.0,0.8229,57537.0,0.8231,41641.0,0.8232,90194.0
1753617173165,11:52:53.165,binance,ADA/USDT:USDT,0.823,14422.0,0.8229,57537.0,0.8231,41641.0,0.8232,90436.0
1753617173268,11:52:53.268,binance,ADA/USDT:USDT,0.823,25184.0,0.8229,57537.0,0.8231,45957.0,0.8232,90411.0
1753617173370,11:52:53.370,binance,ADA/USDT:USDT,0.823,25273.0,0.8229,57537.0,0.8231,44044.0,0.8232,90169.0
1753617173473,11:52:53.473,binance,ADA/USDT:USDT,0.823,13468.0,0.8229,57537.0,0.8231,44044.0,0.8232,91213.0
1753617173578,11:52:53.578,binance,ADA/USDT:USDT,0.8229,795.0,0.8228,80954.0,0.823,99111.0,0.8231,86443.0
1753617173679,11:52:53.679,binance,ADA/USDT:USDT,0.8229,14104.0,0.8228,80954.0,0.823,91433.0,0.8231,108702.0
1753617173780,11:52:53.780,binance,ADA/USDT:USDT,0.8229,11226.0,0.8228,71482.0,0.823,90533.0,0.8231,108702.0
1753617173885,11:52:53.885,binance,ADA/USDT:USDT,0.8229,31573.0,0.8228,71666.0,0.823,67460.0,0.8231,96586.0
1753617173986,11:52:53.986,binance,ADA/USDT:USDT,0.8229,31573.0,0.8228,75322.0,0.823,61988.0,0.8231,100474.0
1753617174095,11:52:54.095,binance,ADA/USDT:USDT,0.8229,40262.0,0.8228,75322.0,0.823,61988.0,0.8231,100474.0
1753617174197,11:52:54.197,binance,ADA/USDT:USDT,0.8229,40262.0,0.8228,75322.0,0.823,62404.0,0.8231,100057.0
1753617174304,11:52:54.304,binance,ADA/USDT:USDT,0.8229,32644.0,0.8228,75322.0,0.823,62404.0,0.8231,100057.0
1753617174405,11:52:54.405,binance,ADA/USDT:USDT,0.8229,25916.0,0.8228,75128.0,0.823,62528.0,0.8231,99946.0
1753617174507,11:52:54.507,binance,ADA/USDT:USDT,0.8229,11482.0,0.8228,75128.0,0.823,69256.0,0.8231,99946.0
1753617174609,11:52:54.609,binance,ADA/USDT:USDT,0.8229,11482.0,0.8228,75128.0,0.823,69499.0,0.8231,100297.0
1753617174712,11:52:54.712,binance,ADA/USDT:USDT,0.8229,22469.0,0.8228,75128.0,0.823,62771.0,0.8231,100297.0
1753617174827,11:52:54.827,binance,ADA/USDT:USDT,0.8229,37044.0,0.8228,75324.0,0.823,62771.0,0.8231,100297.0
1753617174975,11:52:54.975,binance,ADA/USDT:USDT,0.8229,37044.0,0.8228,75324.0,0.823,62528.0,0.8231,100539.0
1753617175077,11:52:55.077,binance,ADA/USDT:USDT,0.8229,37044.0,0.8228,75324.0,0.823,62528.0,0.8231,100539.0
1753617175179,11:52:55.179,binance,ADA/USDT:USDT,0.8229,22488.0,0.8228,75128.0,0.823,62528.0,0.8231,100539.0
1753617175282,11:52:55.282,binance,ADA/USDT:USDT,0.8229,22488.0,0.8228,75128.0,0.823,62535.0,0.8231,100539.0
1753617175383,11:52:55.383,binance,ADA/USDT:USDT,0.8229,37055.0,0.8228,75306.0,0.823,62535.0,0.8231,100539.0
1753617175484,11:52:55.484,binance,ADA/USDT:USDT,0.8229,22502.0,0.8228,75128.0,0.823,62778.0,0.8231,100297.0
1753617175586,11:52:55.586,binance,ADA/USDT:USDT,0.8229,37356.0,0.8228,75311.0,0.823,62753.0,0.8231,100297.0
1753617175687,11:52:55.687,binance,ADA/USDT:USDT,0.8229,14578.0,0.8228,75128.0,0.823,62753.0,0.8231,100297.0
1753617175790,11:52:55.790,binance,ADA/USDT:USDT,0.8229,14578.0,0.8228,75128.0,0.823,62753.0,0.8231,100297.0
1753617175927,11:52:55.927,binance,ADA/USDT:USDT,0.8229,25319.0,0.8228,75128.0,0.823,62510.0,0.8231,100320.0
1753617176028,11:52:56.028,binance,ADA/USDT:USDT,0.8229,32118.0,0.8228,75128.0,0.823,62510.0,0.8231,100320.0
1753617176136,11:52:56.136,binance,ADA/USDT:USDT,0.8229,39946.0,0.8228,79708.0,0.823,46295.0,0.8231,100562.0
1753617176237,11:52:56.237,binance,ADA/USDT:USDT,0.8229,39946.0,0.8228,79708.0,0.823,42178.0,0.8231,93684.0
1753617176339,11:52:56.339,binance,ADA/USDT:USDT,0.8229,32107.0,0.8228,79708.0,0.823,42178.0,0.8231,93684.0
1753617176458,11:52:56.458,binance,ADA/USDT:USDT,0.8229,39966.0,0.8228,79708.0,0.823,42370.0,0.8231,93510.0
1753617176579,11:52:56.579,binance,ADA/USDT:USDT,0.8229,39966.0,0.8228,79708.0,0.823,42370.0,0.8231,93510.0
1753617176698,11:52:56.698,binance,ADA/USDT:USDT,0.8229,39966.0,0.8228,79708.0,0.823,42370.0,0.8231,91597.0
1753617176859,11:52:56.859,binance,ADA/USDT:USDT,0.8229,39966.0,0.8228,79708.0,0.823,42370.0,0.8231,91597.0
1753617176966,11:52:56.966,binance,ADA/USDT:USDT,0.8229,44541.0,0.8228,79708.0,0.823,42370.0,0.8231,91597.0
1753617177084,11:52:57.084,binance,ADA/USDT:USDT,0.8229,44541.0,0.8228,79708.0,0.823,42548.0,0.8231,91597.0
1753617177195,11:52:57.195,binance,ADA/USDT:USDT,0.8229,44541.0,0.8228,79708.0,0.823,42727.0,0.8231,91597.0
1753617177296,11:52:57.296,binance,ADA/USDT:USDT,0.8229,25451.0,0.8228,79708.0,0.823,42905.0,0.8231,91597.0
1753617177525,11:52:57.525,binance,ADA/USDT:USDT,0.8229,25521.0,0.8228,79708.0,0.823,42974.0,0.8231,91597.0
1753617177642,11:52:57.642,binance,ADA/USDT:USDT,0.8229,26785.0,0.8228,79708.0,0.823,42852.0,0.8231,92174.0
1753617177773,11:52:57.773,binance,ADA/USDT:USDT,0.8229,26785.0,0.8228,79708.0,0.823,42852.0,0.8231,92174.0
1753617177876,11:52:57.876,binance,ADA/USDT:USDT,0.8229,26785.0,0.8228,79708.0,0.823,42852.0,0.8231,92174.0
1753617178026,11:52:58.026,binance,ADA/USDT:USDT,0.8229,26785.0,0.8228,79708.0,0.823,42852.0,0.8231,92174.0
1753617178239,11:52:58.239,binance,ADA/USDT:USDT,0.8229,26785.0,0.8228,79708.0,0.823,42853.0,0.8231,92174.0
1753617178449,11:52:58.449,binance,ADA/USDT:USDT,0.8229,26769.0,0.8228,79708.0,0.823,45621.0,0.8231,92174.0
1753617178821,11:52:58.821,binance,ADA/USDT:USDT,0.8229,27058.0,0.8228,79722.0,0.823,45621.0,0.8231,92174.0
1753617178980,11:52:58.980,binance,ADA/USDT:USDT,0.8229,27058.0,0.8228,79722.0,0.823,45621.0,0.8231,91932.0
1753617179098,11:52:59.098,binance,ADA/USDT:USDT,0.8229,27058.0,0.8228,79722.0,0.823,45621.0,0.8231,91932.0
1753617179317,11:52:59.317,binance,ADA/USDT:USDT,0.8229,2837.0,0.8228,48304.0,0.823,58140.0,0.8231,109420.0
1753617179420,11:52:59.420,binance,ADA/USDT:USDT,0.8229,2847.0,0.8228,44648.0,0.823,82640.0,0.8231,117968.0
1753617179525,11:52:59.525,binance,ADA/USDT:USDT,0.8229,2848.0,0.8228,44648.0,0.823,82640.0,0.8231,117968.0
1753617179628,11:52:59.628,binance,ADA/USDT:USDT,0.8229,2848.0,0.8228,44648.0,0.823,82640.0,0.8231,117968.0
1753617179784,11:52:59.784,binance,ADA/USDT:USDT,0.8229,2848.0,0.8228,44648.0,0.823,82640.0,0.8231,117968.0
1753617179909,11:52:59.909,binance,ADA/USDT:USDT,0.8229,2848.0,0.8228,44648.0,0.823,75611.0,0.8231,117968.0
1753617180021,11:53:00.021,binance,ADA/USDT:USDT,0.8229,2893.0,0.8228,44648.0,0.823,82339.0,0.8231,117968.0
1753617180143,11:53:00.143,binance,ADA/USDT:USDT,0.8229,2893.0,0.8228,34867.0,0.823,93692.0,0.8231,130034.0
1753617180245,11:53:00.245,binance,ADA/USDT:USDT,0.8229,2900.0,0.8228,34867.0,0.823,93935.0,0.8231,130034.0
1753617180357,11:53:00.357,binance,ADA/USDT:USDT,0.8227,26750.0,0.8226,78090.0,0.8228,43802.0,0.8229,100296.0
1753617180459,11:53:00.459,binance,ADA/USDT:USDT,0.8227,27130.0,0.8226,81482.0,0.8228,44066.0,0.8229,115367.0
1753617180561,11:53:00.561,binance,ADA/USDT:USDT,0.8227,35312.0,0.8226,86425.0,0.8228,38698.0,0.8229,110928.0
1753617180664,11:53:00.664,binance,ADA/USDT:USDT,0.8227,28397.0,0.8226,98065.0,0.8228,38698.0,0.8229,111171.0
1753617180803,11:53:00.803,binance,ADA/USDT:USDT,0.8227,28818.0,0.8226,86612.0,0.8228,38698.0,0.8229,110928.0
1753617180908,11:53:00.908,binance,ADA/USDT:USDT,0.8227,27348.0,0.8226,86352.0,0.8228,38698.0,0.8229,120468.0
1753617181010,11:53:01.010,binance,ADA/USDT:USDT,0.8227,46801.0,0.8226,98068.0,0.8228,37803.0,0.8229,99739.0
1753617181115,11:53:01.115,binance,ADA/USDT:USDT,0.8227,31115.0,0.8226,97174.0,0.8228,37977.0,0.8229,99565.0
1753617181216,11:53:01.216,binance,ADA/USDT:USDT,0.8227,31115.0,0.8226,97174.0,0.8228,38104.0,0.8229,99565.0
1753617181326,11:53:01.326,binance,ADA/USDT:USDT,0.8227,31087.0,0.8226,86925.0,0.8228,38104.0,0.8229,109105.0
1753617181428,11:53:01.428,binance,ADA/USDT:USDT,0.8227,29213.0,0.8226,86670.0,0.8228,38104.0,0.8229,109348.0
1753617181530,11:53:01.530,binance,ADA/USDT:USDT,0.8227,31333.0,0.8226,86918.0,0.8228,38104.0,0.8229,99565.0
1753617181631,11:53:01.631,binance,ADA/USDT:USDT,0.8227,29978.0,0.8226,86918.0,0.8228,38104.0,0.8229,92628.0
1753617181736,11:53:01.736,binance,ADA/USDT:USDT,0.8227,30818.0,0.8226,86798.0,0.8228,38347.0,0.8229,83088.0
1753617181837,11:53:01.837,binance,ADA/USDT:USDT,0.8227,37433.0,0.8226,83517.0,0.8228,38104.0,0.8229,114901.0
1753617181945,11:53:01.945,binance,ADA/USDT:USDT,0.8227,44431.0,0.8226,83542.0,0.8228,37930.0,0.8229,105604.0
1753617182080,11:53:02.080,binance,ADA/USDT:USDT,0.8228,82298.0,0.8227,50140.0,0.8229,32016.0,0.823,148455.0
1753617182181,11:53:02.181,binance,ADA/USDT:USDT,0.8229,81469.0,0.8228,53852.0,0.823,16103.0,0.8231,90328.0
1753617182286,11:53:02.286,binance,ADA/USDT:USDT,0.8229,90907.0,0.8228,75638.0,0.823,3820.0,0.8231,32842.0
1753617182390,11:53:02.390,binance,ADA/USDT:USDT,0.8229,117330.0,0.8228,81915.0,0.823,3820.0,0.8231,32600.0
1753617182609,11:53:02.609,binance,ADA/USDT:USDT,0.823,36718.0,0.8229,119613.0,0.8231,19544.0,0.8232,107163.0
1753617182710,11:53:02.710,binance,ADA/USDT:USDT,0.823,99268.0,0.8229,93221.0,0.8231,2148.0,0.8232,44471.0
1753617182811,11:53:02.811,binance,ADA/USDT:USDT,0.823,106230.0,0.8229,99605.0,0.8231,2169.0,0.8232,35840.0
1753617182916,11:53:02.916,binance,ADA/USDT:USDT,0.823,106351.0,0.8229,101488.0,0.8231,2169.0,0.8232,35840.0
1753617183030,11:53:03.030,binance,ADA/USDT:USDT,0.8231,77181.0,0.823,88567.0,0.8232,24440.0,0.8233,64121.0
1753617183131,11:53:03.131,binance,ADA/USDT:USDT,0.8231,76696.0,0.823,86517.0,0.8232,31566.0,0.8233,63825.0
1753617183232,11:53:03.232,binance,ADA/USDT:USDT,0.8231,67360.0,0.823,79173.0,0.8232,31566.0,0.8233,67470.0
1753617183333,11:53:03.333,binance,ADA/USDT:USDT,0.8231,74653.0,0.823,77972.0,0.8232,20786.0,0.8233,67720.0
1753617183435,11:53:03.435,binance,ADA/USDT:USDT,0.8232,76394.0,0.8231,61561.0,0.8233,27649.0,0.8234,91358.0
1753617183537,11:53:03.537,binance,ADA/USDT:USDT,0.8232,76721.0,0.8231,71673.0,0.8233,14203.0,0.8234,49069.0
1753617183640,11:53:03.640,binance,ADA/USDT:USDT,0.8233,162223.0,0.8232,65097.0,0.8234,30091.0,0.8235,65819.0
1753617183742,11:53:03.742,binance,ADA/USDT:USDT,0.8233,114629.0,0.8232,65291.0,0.8234,30070.0,0.8235,22695.0
1753617183843,11:53:03.843,binance,ADA/USDT:USDT,0.8234,64000.0,0.8233,111632.0,0.8235,1191.0,0.8236,59401.0
1753617183947,11:53:03.947,binance,ADA/USDT:USDT,0.8234,156326.0,0.8233,80745.0,0.8235,16303.0,0.8236,8575.0
1753617184048,11:53:04.048,binance,ADA/USDT:USDT,0.8234,128546.0,0.8233,74108.0,0.8235,3282.0,0.8236,7604.0
1753617184149,11:53:04.149,binance,ADA/USDT:USDT,0.8235,105645.0,0.8234,89317.0,0.8236,12878.0,0.8237,31052.0
1753617184250,11:53:04.250,binance,ADA/USDT:USDT,0.8235,94016.0,0.8234,100601.0,0.8236,19388.0,0.8237,23617.0
1753617184351,11:53:04.351,binance,ADA/USDT:USDT,0.8235,96616.0,0.8234,94968.0,0.8236,32237.0,0.8237,23443.0
1753617184555,11:53:04.555,binance,ADA/USDT:USDT,0.8235,68751.0,0.8234,80124.0,0.8236,52441.0,0.8237,59067.0
1753617184659,11:53:04.659,binance,ADA/USDT:USDT,0.8235,79662.0,0.8234,98205.0,0.8236,52468.0,0.8237,52339.0
1753617184769,11:53:04.769,binance,ADA/USDT:USDT,0.8235,79662.0,0.8234,98205.0,0.8236,52468.0,0.8237,52339.0
1753617184874,11:53:04.874,binance,ADA/USDT:USDT,0.8235,79769.0,0.8234,98669.0,0.8236,32478.0,0.8237,23941.0
1753617184978,11:53:04.978,binance,ADA/USDT:USDT,0.8235,79899.0,0.8234,98669.0,0.8236,21716.0,0.8237,33481.0
1753617185093,11:53:05.093,binance,ADA/USDT:USDT,0.8235,94358.0,0.8234,101465.0,0.8236,12883.0,0.8237,24067.0
1753617185196,11:53:05.196,binance,ADA/USDT:USDT,0.8235,96191.0,0.8234,105782.0,0.8236,12883.0,0.8237,24067.0
1753617185297,11:53:05.297,binance,ADA/USDT:USDT,0.8235,94387.0,0.8234,105797.0,0.8236,12891.0,0.8237,24067.0
1753617185398,11:53:05.398,binance,ADA/USDT:USDT,0.8235,87850.0,0.8234,105807.0,0.8236,12891.0,0.8237,24067.0
1753617185606,11:53:05.606,binance,ADA/USDT:USDT,0.8235,84395.0,0.8234,99079.0,0.8236,23653.0,0.8237,40577.0
1753617185739,11:53:05.739,binance,ADA/USDT:USDT,0.8235,84213.0,0.8234,105807.0,0.8236,12891.0,0.8237,33607.0
1753617185862,11:53:05.862,binance,ADA/USDT:USDT,0.8235,73430.0,0.8234,47211.0,0.8236,48540.0,0.8237,41945.0
1753617185964,11:53:05.964,binance,ADA/USDT:USDT,0.8235,84856.0,0.8234,64105.0,0.8236,12891.0,0.8237,44931.0
1753617186075,11:53:06.075,binance,ADA/USDT:USDT,0.8235,91959.0,0.8234,68720.0,0.8236,12891.0,0.8237,24067.0
1753617186193,11:53:06.193,binance,ADA/USDT:USDT,0.8235,98687.0,0.8234,71760.0,0.8236,12891.0,0.8237,15123.0
1753617186296,11:53:06.296,binance,ADA/USDT:USDT,0.8235,98522.0,0.8234,74892.0,0.8236,12794.0,0.8237,15123.0
1753617186399,11:53:06.399,binance,ADA/USDT:USDT,0.8235,91850.0,0.8234,74892.0,0.8236,12559.0,0.8237,24663.0
1753617186504,11:53:06.504,binance,ADA/USDT:USDT,0.8235,98839.0,0.8234,74892.0,0.8236,12559.0,0.8237,24663.0
1753617186605,11:53:06.605,binance,ADA/USDT:USDT,0.8235,98838.0,0.8234,74892.0,0.8236,12559.0,0.8237,24663.0
1753617186718,11:53:06.718,binance,ADA/USDT:USDT,0.8235,98837.0,0.8234,74892.0,0.8236,12559.0,0.8237,24663.0
1753617186845,11:53:06.845,binance,ADA/USDT:USDT,0.8235,98837.0,0.8234,74892.0,0.8236,12559.0,0.8237,24663.0
1753617186966,11:53:06.966,binance,ADA/USDT:USDT,0.8235,85006.0,0.8234,74908.0,0.8236,12559.0,0.8237,24663.0
1753617187112,11:53:07.112,binance,ADA/USDT:USDT,0.8235,98877.0,0.8234,75418.0,0.8236,11467.0,0.8237,24905.0
1753617187216,11:53:07.216,binance,ADA/USDT:USDT,0.8235,98886.0,0.8234,77364.0,0.8236,11467.0,0.8237,24905.0
1753617187337,11:53:07.337,binance,ADA/USDT:USDT,0.8235,90751.0,0.8234,77371.0,0.8236,11467.0,0.8237,24905.0
1753617187468,11:53:07.468,binance,ADA/USDT:USDT,0.8235,90750.0,0.8234,77371.0,0.8236,11467.0,0.8237,24905.0
1753617187588,11:53:07.588,binance,ADA/USDT:USDT,0.8235,97534.0,0.8234,77371.0,0.8236,11467.0,0.8237,24905.0
1753617187709,11:53:07.709,binance,ADA/USDT:USDT,0.8235,97318.0,0.8234,80365.0,0.8236,11467.0,0.8237,24905.0
1753617187811,11:53:07.811,binance,ADA/USDT:USDT,0.8235,97536.0,0.8234,80365.0,0.8236,11467.0,0.8237,24905.0
1753617187942,11:53:07.942,binance,ADA/USDT:USDT,0.8235,83523.0,0.8234,61410.0,0.8236,22229.0,0.8237,40124.0
1753617188057,11:53:08.057,binance,ADA/USDT:USDT,0.8235,83523.0,0.8234,58167.0,0.8236,28300.0,0.8237,40124.0
1753617188164,11:53:08.164,binance,ADA/USDT:USDT,0.8235,83533.0,0.8234,58167.0,0.8236,28300.0,0.8237,40124.0
1753617188267,11:53:08.267,binance,ADA/USDT:USDT,0.8235,83378.0,0.8234,69520.0,0.8236,17971.0,0.8237,33396.0
1753617188369,11:53:08.369,binance,ADA/USDT:USDT,0.8235,83611.0,0.8234,69520.0,0.8236,17971.0,0.8237,33371.0
1753617188476,11:53:08.476,binance,ADA/USDT:USDT,0.8235,90714.0,0.8234,76248.0,0.8236,17972.0,0.8237,33371.0
1753617188587,11:53:08.587,binance,ADA/USDT:USDT,0.8235,97468.0,0.8234,76273.0,0.8236,17972.0,0.8237,33371.0
1753617188719,11:53:08.719,binance,ADA/USDT:USDT,0.8235,90365.0,0.8234,76273.0,0.8236,17972.0,0.8237,33371.0
1753617188837,11:53:08.837,binance,ADA/USDT:USDT,0.8235,95410.0,0.8234,76273.0,0.8236,17515.0,0.8237,33371.0
1753617188955,11:53:08.955,binance,ADA/USDT:USDT,0.8235,95433.0,0.8234,76273.0,0.8236,17515.0,0.8237,33371.0
1753617189058,11:53:09.058,binance,ADA/USDT:USDT,0.8235,82085.0,0.8234,76248.0,0.8236,17757.0,0.8237,33371.0
1753617189159,11:53:09.159,binance,ADA/USDT:USDT,0.8235,82085.0,0.8234,76248.0,0.8236,17757.0,0.8237,33371.0
1753617189264,11:53:09.264,binance,ADA/USDT:USDT,0.8235,89188.0,0.8234,69527.0,0.8236,17522.0,0.8237,33613.0
1753617189368,11:53:09.368,binance,ADA/USDT:USDT,0.8235,96024.0,0.8234,69527.0,0.8236,17549.0,0.8237,33613.0
1753617189509,11:53:09.509,binance,ADA/USDT:USDT,0.8235,89063.0,0.8234,69527.0,0.8236,17549.0,0.8237,33371.0
1753617189618,11:53:09.618,binance,ADA/USDT:USDT,0.8235,82335.0,0.8234,69552.0,0.8236,17549.0,0.8237,33961.0
1753617189722,11:53:09.722,binance,ADA/USDT:USDT,0.8235,82153.0,0.8234,69552.0,0.8236,17549.0,0.8237,34203.0
1753617189823,11:53:09.823,binance,ADA/USDT:USDT,0.8235,81850.0,0.8234,69552.0,0.8236,17246.0,0.8237,33613.0
1753617189948,11:53:09.948,binance,ADA/USDT:USDT,0.8235,96235.0,0.8234,69552.0,0.8236,16869.0,0.8237,33613.0
1753617190054,11:53:10.054,binance,ADA/USDT:USDT,0.8235,96011.0,0.8234,69552.0,0.8236,16645.0,0.8237,24073.0
1753617190155,11:53:10.155,binance,ADA/USDT:USDT,0.8235,104453.0,0.8234,75768.0,0.8236,6592.0,0.8237,15116.0
1753617190258,11:53:10.258,binance,ADA/USDT:USDT,0.8235,105728.0,0.8234,76678.0,0.8236,6606.0,0.8237,15116.0
1753617190359,11:53:10.359,binance,ADA/USDT:USDT,0.8235,105712.0,0.8234,76893.0,0.8236,18882.0,0.8237,15116.0
1753617190479,11:53:10.479,binance,ADA/USDT:USDT,0.8235,105659.0,0.8234,76893.0,0.8236,18882.0,0.8237,15116.0
1753617190582,11:53:10.582,binance,ADA/USDT:USDT,0.8235,98367.0,0.8234,78234.0,0.8236,18930.0,0.8237,15383.0
1753617190683,11:53:10.683,binance,ADA/USDT:USDT,0.8235,98367.0,0.8234,78234.0,0.8236,18930.0,0.8237,15358.0
1753617190809,11:53:10.809,binance,ADA/USDT:USDT,0.8235,91680.0,0.8234,74871.0,0.8236,18930.0,0.8237,24064.0
1753617190942,11:53:10.942,binance,ADA/USDT:USDT,0.8235,105511.0,0.8234,74871.0,0.8236,6654.0,0.8237,15358.0
1753617191045,11:53:11.045,binance,ADA/USDT:USDT,0.8235,105693.0,0.8234,74896.0,0.8236,6654.0,0.8237,15116.0
1753617191147,11:53:11.147,binance,ADA/USDT:USDT,0.8235,98694.0,0.8234,74871.0,0.8236,18930.0,0.8237,15116.0
1753617191282,11:53:11.282,binance,ADA/USDT:USDT,0.8235,98694.0,0.8234,74871.0,0.8236,18930.0,0.8237,15116.0
1753617191385,11:53:11.385,binance,ADA/USDT:USDT,0.8235,105942.0,0.8234,74896.0,0.8236,18894.0,0.8237,15116.0
1753617191602,11:53:11.602,binance,ADA/USDT:USDT,0.8235,105942.0,0.8234,74896.0,0.8236,18891.0,0.8237,15116.0
1753617191705,11:53:11.705,binance,ADA/USDT:USDT,0.8235,92111.0,0.8234,74871.0,0.8236,18891.0,0.8237,15116.0
1753617191812,11:53:11.812,binance,ADA/USDT:USDT,0.8235,92111.0,0.8234,63518.0,0.8236,18868.0,0.8237,15141.0
1753617191918,11:53:11.918,binance,ADA/USDT:USDT,0.8235,91900.0,0.8234,63518.0,0.8236,6592.0,0.8237,15141.0
1753617192021,11:53:12.021,binance,ADA/USDT:USDT,0.8235,95023.0,0.8234,81599.0,0.8236,24450.0,0.8237,15141.0
1753617192124,11:53:12.124,binance,ADA/USDT:USDT,0.8235,95023.0,0.8234,70246.0,0.8236,24459.0,0.8237,15141.0
1753617192359,11:53:12.359,binance,ADA/USDT:USDT,0.8235,95796.0,0.8234,68541.0,0.8236,24313.0,0.8237,15141.0
1753617192460,11:53:12.460,binance,ADA/USDT:USDT,0.8235,99776.0,0.8234,61813.0,0.8236,24292.0,0.8237,15116.0
1753617192588,11:53:12.588,binance,ADA/USDT:USDT,0.8235,92673.0,0.8234,61813.0,0.8236,24311.0,0.8237,15743.0
1753617192721,11:53:12.721,binance,ADA/USDT:USDT,0.8235,92491.0,0.8234,61693.0,0.8236,24269.0,0.8237,25283.0
1753617192828,11:53:12.828,binance,ADA/USDT:USDT,0.8235,83785.0,0.8234,61208.0,0.8236,24269.0,0.8237,33989.0
1753617192937,11:53:12.937,binance,ADA/USDT:USDT,0.8235,83785.0,0.8234,61208.0,0.8236,24136.0,0.8237,33989.0
1753617193047,11:53:13.047,binance,ADA/USDT:USDT,0.8235,83967.0,0.8234,61208.0,0.8236,24016.0,0.8237,34185.0
1753617193155,11:53:13.155,binance,ADA/USDT:USDT,0.8235,97823.0,0.8234,61208.0,0.8236,23883.0,0.8237,33943.0
1753617193257,11:53:13.257,binance,ADA/USDT:USDT,0.8235,100946.0,0.8234,61208.0,0.8236,23886.0,0.8237,23801.0
1753617193361,11:53:13.361,binance,ADA/USDT:USDT,0.8235,94193.0,0.8234,60733.0,0.8236,23886.0,0.8237,23801.0
1753617193491,11:53:13.491,binance,ADA/USDT:USDT,0.8235,92294.0,0.8234,63831.0,0.8236,23886.0,0.8237,23801.0
1753617193595,11:53:13.595,binance,ADA/USDT:USDT,0.8235,85199.0,0.8234,63831.0,0.8236,23886.0,0.8237,24641.0
1753617193699,11:53:13.699,binance,ADA/USDT:USDT,0.8235,85199.0,0.8234,60708.0,0.8236,23886.0,0.8237,33964.0
1753617193808,11:53:13.808,binance,ADA/USDT:USDT,0.8235,85199.0,0.8234,60708.0,0.8236,23886.0,0.8237,33964.0
1753617193917,11:53:13.917,binance,ADA/USDT:USDT,0.8235,85199.0,0.8234,59798.0,0.8236,23886.0,0.8237,33964.0
1753617194019,11:53:14.019,binance,ADA/USDT:USDT,0.8235,85199.0,0.8234,58888.0,0.8236,23855.0,0.8237,33964.0
1753617194145,11:53:14.145,binance,ADA/USDT:USDT,0.8235,92302.0,0.8234,58888.0,0.8236,23855.0,0.8237,24399.0
1753617194248,11:53:14.248,binance,ADA/USDT:USDT,0.8235,92302.0,0.8234,58888.0,0.8236,23880.0,0.8237,24043.0
1753617194363,11:53:14.363,binance,ADA/USDT:USDT,0.8235,85211.0,0.8234,58888.0,0.8236,23880.0,0.8237,33583.0
1753617194556,11:53:14.556,binance,ADA/USDT:USDT,0.8235,83371.0,0.8234,56088.0,0.8236,23880.0,0.8237,33936.0
1753617194658,11:53:14.658,binance,ADA/USDT:USDT,0.8235,83371.0,0.8234,56088.0,0.8236,23903.0,0.8237,34178.0
1753617194767,11:53:14.767,binance,ADA/USDT:USDT,0.8235,82785.0,0.8234,56088.0,0.8236,23560.0,0.8237,33936.0
1753617194874,11:53:14.874,binance,ADA/USDT:USDT,0.8235,96593.0,0.8234,55968.0,0.8236,23388.0,0.8237,23826.0
1753617194982,11:53:14.982,binance,ADA/USDT:USDT,0.8235,96791.0,0.8234,58768.0,0.8236,23163.0,0.8237,15095.0
1753617195084,11:53:15.084,binance,ADA/USDT:USDT,0.8235,96722.0,0.8234,62921.0,0.8236,10429.0,0.8237,15095.0
1753617195186,11:53:15.186,binance,ADA/USDT:USDT,0.8235,96716.0,0.8234,64436.0,0.8236,10304.0,0.8237,15095.0
1753617195323,11:53:15.323,binance,ADA/USDT:USDT,0.8235,82860.0,0.8234,60099.0,0.8236,22605.0,0.8237,24068.0
1753617195439,11:53:15.439,binance,ADA/USDT:USDT,0.8235,82860.0,0.8234,58584.0,0.8236,22580.0,0.8237,23801.0
1753617195547,11:53:15.547,binance,ADA/USDT:USDT,0.8235,82755.0,0.8234,58584.0,0.8236,22580.0,0.8237,24428.0
1753617195676,11:53:15.676,binance,ADA/USDT:USDT,0.8235,82755.0,0.8234,58584.0,0.8236,22580.0,0.8237,24428.0
1753617195798,11:53:15.798,binance,ADA/USDT:USDT,0.8235,82755.0,0.8234,58584.0,0.8236,22580.0,0.8237,23826.0
1753617195899,11:53:15.899,binance,ADA/USDT:USDT,0.8235,82755.0,0.8234,58584.0,0.8236,22580.0,0.8237,23826.0
1753617196012,11:53:16.012,binance,ADA/USDT:USDT,0.8235,89858.0,0.8234,58609.0,0.8236,17040.0,0.8237,23801.0
1753617196121,11:53:16.121,binance,ADA/USDT:USDT,0.8235,96586.0,0.8234,58349.0,0.8236,17040.0,0.8237,23801.0
1753617196232,11:53:16.232,binance,ADA/USDT:USDT,0.8235,96871.0,0.8234,59283.0,0.8236,22925.0,0.8237,23801.0
1753617196341,11:53:16.341,binance,ADA/USDT:USDT,0.8235,96907.0,0.8234,60497.0,0.8236,22925.0,0.8237,23801.0
1753617196445,11:53:16.445,binance,ADA/USDT:USDT,0.8235,96907.0,0.8234,60497.0,0.8236,22925.0,0.8237,23801.0
1753617196565,11:53:16.565,binance,ADA/USDT:USDT,0.8235,96907.0,0.8234,60497.0,0.8236,22925.0,0.8237,23801.0
1753617196691,11:53:16.691,binance,ADA/USDT:USDT,0.8235,96907.0,0.8234,60497.0,0.8236,22925.0,0.8237,23801.0
1753617196822,11:53:16.822,binance,ADA/USDT:USDT,0.8235,96907.0,0.8234,60497.0,0.8236,22961.0,0.8237,23801.0
1753617196964,11:53:16.964,binance,ADA/USDT:USDT,0.8236,115214.0,0.8235,68255.0,0.8237,9843.0,0.8238,96372.0
1753617197065,11:53:17.065,binance,ADA/USDT:USDT,0.8236,93267.0,0.8235,69372.0,0.8237,20112.0,0.8238,28998.0
1753617197169,11:53:17.169,binance,ADA/USDT:USDT,0.8236,87406.0,0.8235,67373.0,0.8237,20307.0,0.8238,28824.0
1753617197281,11:53:17.281,binance,ADA/USDT:USDT,0.8236,119896.0,0.8235,68074.0,0.8237,20133.0,0.8238,28998.0
1753617197386,11:53:17.386,binance,ADA/USDT:USDT,0.8236,120060.0,0.8235,67924.0,0.8237,20133.0,0.8238,28998.0
1753617197490,11:53:17.490,binance,ADA/USDT:USDT,0.8237,104405.0,0.8236,71794.0,0.8238,12766.0,0.8239,48901.0
1753617197592,11:53:17.592,binance,ADA/USDT:USDT,0.8237,97698.0,0.8236,69741.0,0.8238,23549.0,0.8239,38674.0
1753617197801,11:53:17.801,binance,ADA/USDT:USDT,0.8237,74457.0,0.8236,69716.0,0.8238,42064.0,0.8239,54178.0
1753617197902,11:53:17.902,binance,ADA/USDT:USDT,0.8237,74482.0,0.8236,69716.0,0.8238,42096.0,0.8239,54178.0
1753617198003,11:53:18.003,binance,ADA/USDT:USDT,0.8237,85115.0,0.8236,69723.0,0.8238,42096.0,0.8239,44638.0
1753617198108,11:53:18.108,binance,ADA/USDT:USDT,0.8237,85115.0,0.8236,69748.0,0.8238,41922.0,0.8239,44812.0
1753617198209,11:53:18.209,binance,ADA/USDT:USDT,0.8237,99599.0,0.8236,71348.0,0.8238,42096.0,0.8239,44638.0
1753617198318,11:53:18.318,binance,ADA/USDT:USDT,0.8237,100055.0,0.8236,71309.0,0.8238,37434.0,0.8239,44812.0
1753617198428,11:53:18.428,binance,ADA/USDT:USDT,0.8237,100613.0,0.8236,76752.0,0.8238,19219.0,0.8239,38082.0
1753617198545,11:53:18.545,binance,ADA/USDT:USDT,0.8237,100762.0,0.8236,76752.0,0.8238,14930.0,0.8239,29132.0
1753617198655,11:53:18.655,binance,ADA/USDT:USDT,0.8237,100798.0,0.8236,76721.0,0.8238,14930.0,0.8239,29132.0
1753617198767,11:53:18.767,binance,ADA/USDT:USDT,0.8237,100798.0,0.8236,76721.0,0.8238,14930.0,0.8239,29374.0
1753617198977,11:53:18.977,binance,ADA/USDT:USDT,0.8237,100773.0,0.8236,76721.0,0.8238,14930.0,0.8239,30493.0
1753617199097,11:53:19.097,binance,ADA/USDT:USDT,0.8237,100773.0,0.8236,76721.0,0.8238,13930.0,0.8239,29132.0
1753617199202,11:53:19.202,binance,ADA/USDT:USDT,0.8237,100794.0,0.8236,73896.0,0.8238,12390.0,0.8239,29132.0
1753617199304,11:53:19.304,binance,ADA/USDT:USDT,0.8237,94931.0,0.8236,75350.0,0.8238,18916.0,0.8239,12097.0
1753617199408,11:53:19.408,binance,ADA/USDT:USDT,0.8237,37197.0,0.8236,46796.0,0.8238,45488.0,0.8239,61657.0
1753617199510,11:53:19.510,binance,ADA/USDT:USDT,0.8237,37228.0,0.8236,46796.0,0.8238,45488.0,0.8239,66880.0
1753617199611,11:53:19.611,binance,ADA/USDT:USDT,0.8237,23392.0,0.8236,46803.0,0.8238,45488.0,0.8239,69264.0
1753617199715,11:53:19.715,binance,ADA/USDT:USDT,0.8237,15522.0,0.8236,35455.0,0.8238,70458.0,0.8239,85345.0
1753617199818,11:53:19.818,binance,ADA/USDT:USDT,0.8237,15704.0,0.8236,35455.0,0.8238,63169.0,0.8239,84429.0
1753617199930,11:53:19.930,binance,ADA/USDT:USDT,0.8237,27980.0,0.8236,35455.0,0.8238,62677.0,0.8239,75706.0
1753617200033,11:53:20.033,binance,ADA/USDT:USDT,0.8236,5359.0,0.8235,29153.0,0.8237,118040.0,0.8238,126324.0
1753617200134,11:53:20.134,binance,ADA/USDT:USDT,0.8236,18236.0,0.8235,39923.0,0.8237,110358.0,0.8238,126612.0
1753617200235,11:53:20.235,binance,ADA/USDT:USDT,0.8236,19998.0,0.8235,39923.0,0.8237,110647.0,0.8238,126587.0
1753617200342,11:53:20.342,binance,ADA/USDT:USDT,0.8236,44570.0,0.8235,39923.0,0.8237,26966.0,0.8238,87778.0
1753617200474,11:53:20.474,binance,ADA/USDT:USDT,0.8236,44591.0,0.8235,39923.0,0.8237,26966.0,0.8238,86493.0
1753617200579,11:53:20.579,binance,ADA/USDT:USDT,0.8236,37670.0,0.8235,41137.0,0.8237,27208.0,0.8238,87096.0
1753617200680,11:53:20.680,binance,ADA/USDT:USDT,0.8236,39583.0,0.8235,41137.0,0.8237,25332.0,0.8238,86493.0
1753617200800,11:53:20.800,binance,ADA/USDT:USDT,0.8236,39575.0,0.8235,41137.0,0.8237,14570.0,0.8238,86735.0
1753617200901,11:53:20.901,binance,ADA/USDT:USDT,0.8236,49114.0,0.8235,67966.0,0.8237,14549.0,0.8238,80515.0
1753617201013,11:53:21.013,binance,ADA/USDT:USDT,0.8236,49114.0,0.8235,75971.0,0.8237,2294.0,0.8238,62515.0
1753617201118,11:53:21.118,binance,ADA/USDT:USDT,0.8236,57819.0,0.8235,77497.0,0.8237,2294.0,0.8238,46084.0
1753617201221,11:53:21.221,binance,ADA/USDT:USDT,0.8238,77349.0,0.8237,76227.0,0.8239,42974.0,0.824,73506.0
1753617201328,11:53:21.328,binance,ADA/USDT:USDT,0.8238,40042.0,0.8237,74822.0,0.8239,43169.0,0.824,69622.0
1753617201456,11:53:21.456,binance,ADA/USDT:USDT,0.8238,29280.0,0.8237,74847.0,0.8239,43411.0,0.824,71580.0
1753617201563,11:53:21.563,binance,ADA/USDT:USDT,0.8238,40229.0,0.8237,76710.0,0.8239,43170.0,0.824,76591.0
1753617201668,11:53:21.668,binance,ADA/USDT:USDT,0.8238,29467.0,0.8237,76710.0,0.8239,43412.0,0.824,76591.0
1753617201779,11:53:21.779,binance,ADA/USDT:USDT,0.8238,5746.0,0.8237,69582.0,0.8239,50140.0,0.824,91999.0
1753617201881,11:53:21.881,binance,ADA/USDT:USDT,0.8238,4154.0,0.8237,69582.0,0.8239,50150.0,0.824,95942.0
1753617202009,11:53:22.009,binance,ADA/USDT:USDT,0.8238,4154.0,0.8237,69582.0,0.8239,43422.0,0.824,95967.0
1753617202114,11:53:22.114,binance,ADA/USDT:USDT,0.8238,14990.0,0.8237,69769.0,0.8239,41368.0,0.824,95296.0
1753617202242,11:53:22.242,binance,ADA/USDT:USDT,0.8238,12510.0,0.8237,69769.0,0.8239,41368.0,0.824,98071.0
1753617202368,11:53:22.368,binance,ADA/USDT:USDT,0.8238,13753.0,0.8237,69769.0,0.8239,55438.0,0.824,87041.0
1753617202485,11:53:22.485,binance,ADA/USDT:USDT,0.8238,4250.0,0.8237,43108.0,0.8239,63120.0,0.824,97499.0
1753617202588,11:53:22.588,binance,ADA/USDT:USDT,0.8238,4271.0,0.8237,43108.0,0.8239,69700.0,0.824,104322.0
1753617202689,11:53:22.689,binance,ADA/USDT:USDT,0.8238,4271.0,0.8237,42436.0,0.8239,69940.0,0.824,104442.0
1753617202799,11:53:22.799,binance,ADA/USDT:USDT,0.8236,7304.0,0.8235,39443.0,0.8237,75390.0,0.8238,164838.0
1753617202903,11:53:22.903,binance,ADA/USDT:USDT,0.8236,7302.0,0.8235,39451.0,0.8237,72977.0,0.8238,155166.0
1753617203004,11:53:23.004,binance,ADA/USDT:USDT,0.8236,4755.0,0.8235,39638.0,0.8237,72977.0,0.8238,156195.0
1753617203106,11:53:23.106,binance,ADA/USDT:USDT,0.8236,14540.0,0.8235,39638.0,0.8237,72977.0,0.8238,156220.0
1753617203214,11:53:23.214,binance,ADA/USDT:USDT,0.8236,35312.0,0.8235,39628.0,0.8237,42876.0,0.8238,149278.0
1753617203324,11:53:23.324,binance,ADA/USDT:USDT,0.8236,49205.0,0.8235,39628.0,0.8237,38050.0,0.8238,142791.0
1753617203431,11:53:23.431,binance,ADA/USDT:USDT,0.8236,49259.0,0.8235,39628.0,0.8237,32798.0,0.8238,142671.0
1753617203532,11:53:23.532,binance,ADA/USDT:USDT,0.8236,51151.0,0.8235,40474.0,0.8237,13870.0,0.8238,120242.0
1753617203634,11:53:23.634,binance,ADA/USDT:USDT,0.8236,37335.0,0.8235,40448.0,0.8237,23176.0,0.8238,120242.0
1753617203838,11:53:23.838,binance,ADA/USDT:USDT,0.8236,23210.0,0.8235,40448.0,0.8237,36731.0,0.8238,120310.0
1753617203939,11:53:23.939,binance,ADA/USDT:USDT,0.8236,14939.0,0.8235,40448.0,0.8237,43485.0,0.8238,123953.0
1753617204040,11:53:24.040,binance,ADA/USDT:USDT,0.8236,4939.0,0.8235,40448.0,0.8237,45313.0,0.8238,127843.0
1753617204154,11:53:24.154,binance,ADA/USDT:USDT,0.8236,25486.0,0.8235,62448.0,0.8237,38585.0,0.8238,126945.0
1753617204258,11:53:24.258,binance,ADA/USDT:USDT,0.8236,25479.0,0.8235,62448.0,0.8237,38578.0,0.8238,126952.0
1753617204368,11:53:24.368,binance,ADA/USDT:USDT,0.8236,25548.0,0.8235,62404.0,0.8237,36750.0,0.8238,126952.0
1753617204471,11:53:24.471,binance,ADA/USDT:USDT,0.8236,25548.0,0.8235,62404.0,0.8237,36750.0,0.8238,126952.0
1753617204577,11:53:24.577,binance,ADA/USDT:USDT,0.8236,26464.0,0.8235,62344.0,0.8237,36750.0,0.8238,127541.0
1753617204680,11:53:24.680,binance,ADA/USDT:USDT,0.8236,26475.0,0.8235,62333.0,0.8237,36750.0,0.8238,127541.0
1753617204797,11:53:24.797,binance,ADA/USDT:USDT,0.8236,26475.0,0.8235,62333.0,0.8237,36750.0,0.8238,127541.0
1753617204903,11:53:24.903,binance,ADA/USDT:USDT,0.8236,27020.0,0.8235,62231.0,0.8237,34336.0,0.8238,124307.0
1753617205005,11:53:25.005,binance,ADA/USDT:USDT,0.8236,47275.0,0.8235,62231.0,0.8237,11897.0,0.8238,123892.0
1753617205113,11:53:25.113,binance,ADA/USDT:USDT,0.8236,72800.0,0.8235,62231.0,0.8237,11897.0,0.8238,124134.0
1753617205215,11:53:25.215,binance,ADA/USDT:USDT,0.8236,72800.0,0.8235,62231.0,0.8237,11897.0,0.8238,123170.0
1753617205325,11:53:25.325,binance,ADA/USDT:USDT,0.8236,72865.0,0.8235,62231.0,0.8237,11897.0,0.8238,106945.0
1753617205432,11:53:25.432,binance,ADA/USDT:USDT,0.8236,73132.0,0.8235,62231.0,0.8237,25605.0,0.8238,106158.0
1753617205535,11:53:25.535,binance,ADA/USDT:USDT,0.8236,75122.0,0.8235,64051.0,0.8237,13741.0,0.8238,33515.0
1753617205643,11:53:25.643,binance,ADA/USDT:USDT,0.8236,75382.0,0.8235,71359.0,0.8237,13750.0,0.8238,29872.0
1753617205747,11:53:25.747,binance,ADA/USDT:USDT,0.8236,75382.0,0.8235,72269.0,0.8237,13750.0,0.8238,29872.0
1753617205855,11:53:25.855,binance,ADA/USDT:USDT,0.8236,61551.0,0.8235,77033.0,0.8237,13750.0,0.8238,39412.0
1753617205957,11:53:25.957,binance,ADA/USDT:USDT,0.8236,75564.0,0.8235,77275.0,0.8237,13410.0,0.8238,39412.0
1753617206058,11:53:26.058,binance,ADA/USDT:USDT,0.8236,75564.0,0.8235,77275.0,0.8237,13410.0,0.8238,39412.0
1753617206166,11:53:26.166,binance,ADA/USDT:USDT,0.8236,68436.0,0.8235,85935.0,0.8237,13417.0,0.8238,39412.0
1753617206283,11:53:26.283,binance,ADA/USDT:USDT,0.8236,68483.0,0.8235,85935.0,0.8237,13417.0,0.8238,39412.0
1753617206389,11:53:26.389,binance,ADA/USDT:USDT,0.8236,69383.0,0.8235,86845.0,0.8237,13417.0,0.8238,39412.0
1753617206510,11:53:26.510,binance,ADA/USDT:USDT,0.8236,69383.0,0.8235,86966.0,0.8237,13417.0,0.8238,39412.0
1753617206613,11:53:26.613,binance,ADA/USDT:USDT,0.8236,80152.0,0.8235,85735.0,0.8237,13417.0,0.8238,30114.0
1753617206724,11:53:26.724,binance,ADA/USDT:USDT,0.8236,80152.0,0.8235,85735.0,0.8237,13417.0,0.8238,29872.0
1753617206873,11:53:26.873,binance,ADA/USDT:USDT,0.8238,62657.0,0.8237,47152.0,0.8239,58538.0,0.824,77883.0
1753617206974,11:53:26.974,binance,ADA/USDT:USDT,0.8238,68113.0,0.8237,42905.0,0.8239,39739.0,0.824,58944.0
1753617207100,11:53:27.100,binance,ADA/USDT:USDT,0.8238,61302.0,0.8237,51195.0,0.8239,39739.0,0.824,62585.0
1753617207228,11:53:27.228,binance,ADA/USDT:USDT,0.8238,61489.0,0.8237,51195.0,0.8239,30243.0,0.824,62759.0
1753617207329,11:53:27.329,binance,ADA/USDT:USDT,0.8238,61489.0,0.8237,51195.0,0.8239,27742.0,0.824,63547.0
1753617207448,11:53:27.448,binance,ADA/USDT:USDT,0.8238,61489.0,0.8237,51195.0,0.8239,27742.0,0.824,63547.0
1753617207568,11:53:27.568,binance,ADA/USDT:USDT,0.8238,61505.0,0.8237,51170.0,0.8239,39018.0,0.824,63967.0
1753617207682,11:53:27.682,binance,ADA/USDT:USDT,0.8238,30718.0,0.8237,42510.0,0.8239,50251.0,0.824,72597.0
1753617207789,11:53:27.789,binance,ADA/USDT:USDT,0.8238,32195.0,0.8237,42510.0,0.8239,50251.0,0.824,72597.0
1753617207903,11:53:27.903,binance,ADA/USDT:USDT,0.8238,32195.0,0.8237,51140.0,0.8239,24927.0,0.824,58635.0
1753617208004,11:53:28.004,binance,ADA/USDT:USDT,0.8238,32195.0,0.8237,42510.0,0.8239,44308.0,0.824,67685.0
1753617208212,11:53:28.212,binance,ADA/USDT:USDT,0.8238,32398.0,0.8237,51140.0,0.8239,37580.0,0.824,73369.0
1753617208326,11:53:28.326,binance,ADA/USDT:USDT,0.8238,32617.0,0.8237,57868.0,0.8239,37580.0,0.824,63829.0
1753617208428,11:53:28.428,binance,ADA/USDT:USDT,0.8238,33243.0,0.8237,57868.0,0.8239,37580.0,0.824,66641.0
1753617208549,11:53:28.549,binance,ADA/USDT:USDT,0.8238,32679.0,0.8237,51140.0,0.8239,37580.0,0.824,64477.0
1753617208651,11:53:28.651,binance,ADA/USDT:USDT,0.8238,32679.0,0.8237,51140.0,0.8239,37580.0,0.824,82672.0
1753617208762,11:53:28.762,binance,ADA/USDT:USDT,0.8238,32379.0,0.8237,42510.0,0.8239,43753.0,0.824,85950.0
1753617208902,11:53:28.902,binance,ADA/USDT:USDT,0.8238,18200.0,0.8237,28030.0,0.8239,47055.0,0.824,86864.0
1753617209006,11:53:29.006,binance,ADA/USDT:USDT,0.8238,18200.0,0.8237,28030.0,0.8239,62233.0,0.824,93696.0
1753617209108,11:53:29.108,binance,ADA/USDT:USDT,0.8238,38013.0,0.8237,43582.0,0.8239,54726.0,0.824,74587.0
1753617209211,11:53:29.211,binance,ADA/USDT:USDT,0.8238,25737.0,0.8237,28224.0,0.8239,52451.0,0.824,100176.0
1753617209315,11:53:29.315,binance,ADA/USDT:USDT,0.8238,38013.0,0.8237,36854.0,0.8239,45723.0,0.824,90636.0
1753617209417,11:53:29.417,binance,ADA/USDT:USDT,0.8238,37374.0,0.8237,28224.0,0.8239,54816.0,0.824,89765.0
1753617209536,11:53:29.536,binance,ADA/USDT:USDT,0.8238,37388.0,0.8237,36854.0,0.8239,48088.0,0.824,89765.0
1753617209639,11:53:29.639,binance,ADA/USDT:USDT,0.8238,36668.0,0.8237,36854.0,0.8239,48088.0,0.824,89765.0
1753617209761,11:53:29.761,binance,ADA/USDT:USDT,0.8238,36668.0,0.8237,43582.0,0.8239,47842.0,0.824,96027.0
1753617209868,11:53:29.868,binance,ADA/USDT:USDT,0.8238,64195.0,0.8237,43582.0,0.8239,3809.0,0.824,72652.0
1753617209969,11:53:29.969,binance,ADA/USDT:USDT,0.8238,41911.0,0.8237,70443.0,0.8239,43852.0,0.824,32036.0
1753617210071,11:53:30.071,binance,ADA/USDT:USDT,0.8238,49324.0,0.8237,63535.0,0.8239,44115.0,0.824,31277.0
1753617210174,11:53:30.174,binance,ADA/USDT:USDT,0.8238,42335.0,0.8237,29070.0,0.8239,54897.0,0.824,40643.0
1753617210277,11:53:30.277,binance,ADA/USDT:USDT,0.8238,48243.0,0.8237,29070.0,0.8239,36128.0,0.824,55995.0
1753617210381,11:53:30.381,binance,ADA/USDT:USDT,0.8238,43065.0,0.8237,37502.0,0.8239,36128.0,0.824,55995.0
1753617210496,11:53:30.496,binance,ADA/USDT:USDT,0.8238,43065.0,0.8237,34289.0,0.8239,54024.0,0.824,64253.0
1753617210605,11:53:30.605,binance,ADA/USDT:USDT,0.8238,43065.0,0.8237,34289.0,0.8239,47296.0,0.824,64845.0
1753617210708,11:53:30.708,binance,ADA/USDT:USDT,0.8238,43065.0,0.8237,34289.0,0.8239,47132.0,0.824,64845.0
1753617210814,11:53:30.814,binance,ADA/USDT:USDT,0.8238,44879.0,0.8237,34289.0,0.8239,47093.0,0.824,57316.0
1753617210922,11:53:30.922,binance,ADA/USDT:USDT,0.8238,44879.0,0.8237,42651.0,0.8239,47093.0,0.824,57316.0
1753617211032,11:53:31.032,binance,ADA/USDT:USDT,0.8238,45969.0,0.8237,49379.0,0.8239,36089.0,0.824,43156.0
1753617211135,11:53:31.135,binance,ADA/USDT:USDT,0.8238,44879.0,0.8237,34289.0,0.8239,47025.0,0.824,59033.0
1753617211242,11:53:31.242,binance,ADA/USDT:USDT,0.8238,44879.0,0.8237,42651.0,0.8239,46862.0,0.824,59207.0
1753617211345,11:53:31.345,binance,ADA/USDT:USDT,0.8238,45048.0,0.8237,49379.0,0.8239,47445.0,0.824,59207.0
1753617211456,11:53:31.456,binance,ADA/USDT:USDT,0.8238,45066.0,0.8237,34289.0,0.8239,47861.0,0.824,59033.0
1753617211563,11:53:31.563,binance,ADA/USDT:USDT,0.8238,45066.0,0.8237,49379.0,0.8239,47619.0,0.824,59033.0
1753617211666,11:53:31.666,binance,ADA/USDT:USDT,0.8238,45066.0,0.8237,49379.0,0.8239,47861.0,0.824,59033.0
1753617211768,11:53:31.768,binance,ADA/USDT:USDT,0.8238,76375.0,0.8237,83292.0,0.8239,4000.0,0.824,32816.0
1753617211869,11:53:31.869,binance,ADA/USDT:USDT,0.8239,84587.0,0.8238,79682.0,0.824,28667.0,0.8241,28838.0
1753617211970,11:53:31.970,binance,ADA/USDT:USDT,0.8239,77208.0,0.8238,79618.0,0.824,36157.0,0.8241,35574.0
1753617212075,11:53:32.075,binance,ADA/USDT:USDT,0.824,65511.0,0.8239,84839.0,0.8241,46133.0,0.8242,76153.0
1753617212176,11:53:32.176,binance,ADA/USDT:USDT,0.824,80526.0,0.8239,80047.0,0.8241,25543.0,0.8242,51970.0
1753617212277,11:53:32.277,binance,ADA/USDT:USDT,0.824,66440.0,0.8239,80022.0,0.8241,36070.0,0.8242,63684.0
1753617212381,11:53:32.381,binance,ADA/USDT:USDT,0.824,55678.0,0.8239,73294.0,0.8241,36080.0,0.8242,81855.0
1753617212486,11:53:32.486,binance,ADA/USDT:USDT,0.824,56068.0,0.8239,73294.0,0.8241,36109.0,0.8242,81067.0
1753617212606,11:53:32.606,binance,ADA/USDT:USDT,0.824,66830.0,0.8239,80054.0,0.8241,36211.0,0.8242,61055.0
1753617212713,11:53:32.713,binance,ADA/USDT:USDT,0.824,66830.0,0.8239,80054.0,0.8241,36211.0,0.8242,66963.0
1753617212817,11:53:32.817,binance,ADA/USDT:USDT,0.824,66839.0,0.8239,80054.0,0.8241,36211.0,0.8242,66963.0
1753617212931,11:53:32.931,binance,ADA/USDT:USDT,0.824,66896.0,0.8239,80061.0,0.8241,36211.0,0.8242,60235.0
1753617213038,11:53:33.038,binance,ADA/USDT:USDT,0.824,76896.0,0.8239,80086.0,0.8241,21214.0,0.8242,54663.0
1753617213140,11:53:33.140,binance,ADA/USDT:USDT,0.824,76896.0,0.8239,80086.0,0.8241,21214.0,0.8242,61391.0
1753617213244,11:53:33.244,binance,ADA/USDT:USDT,0.824,77242.0,0.8239,80061.0,0.8241,21235.0,0.8242,61633.0
1753617213345,11:53:33.345,binance,ADA/USDT:USDT,0.824,67983.0,0.8239,64779.0,0.8241,44483.0,0.8242,69703.0
1753617213447,11:53:33.447,binance,ADA/USDT:USDT,0.824,68502.0,0.8239,79993.0,0.8241,44468.0,0.8242,54731.0
1753617213548,11:53:33.548,binance,ADA/USDT:USDT,0.824,36602.0,0.8239,71507.0,0.8241,55230.0,0.8242,69690.0
1753617213650,11:53:33.650,binance,ADA/USDT:USDT,0.824,36628.0,0.8239,64779.0,0.8241,55230.0,0.8242,69690.0
1753617213787,11:53:33.787,binance,ADA/USDT:USDT,0.824,47203.0,0.8239,80180.0,0.8241,55230.0,0.8242,54476.0
1753617213995,11:53:33.995,binance,ADA/USDT:USDT,0.824,36441.0,0.8239,71694.0,0.8241,55230.0,0.8242,61229.0
1753617214101,11:53:34.101,binance,ADA/USDT:USDT,0.824,36491.0,0.8239,71694.0,0.8241,55230.0,0.8242,55321.0
1753617214309,11:53:34.309,binance,ADA/USDT:USDT,0.824,36566.0,0.8239,77093.0,0.8241,55229.0,0.8242,62049.0
1753617214410,11:53:34.410,binance,ADA/USDT:USDT,0.824,36594.0,0.8239,83821.0,0.8241,55230.0,0.8242,62024.0
1753617214516,11:53:34.516,binance,ADA/USDT:USDT,0.824,37489.0,0.8239,77093.0,0.8241,55230.0,0.8242,62024.0
1753617214620,11:53:34.620,binance,ADA/USDT:USDT,0.824,37489.0,0.8239,77093.0,0.8241,55230.0,0.8242,62024.0
1753617214734,11:53:34.734,binance,ADA/USDT:USDT,0.824,21138.0,0.8239,42962.0,0.8241,55085.0,0.8242,63054.0
1753617214841,11:53:34.841,binance,ADA/USDT:USDT,0.824,19775.0,0.8239,51448.0,0.8241,55980.0,0.8242,56326.0
1753617214945,11:53:34.945,binance,ADA/USDT:USDT,0.824,19796.0,0.8239,58176.0,0.8241,55287.0,0.8242,56568.0
1753617215049,11:53:35.049,binance,ADA/USDT:USDT,0.824,20905.0,0.8239,58201.0,0.8241,55287.0,0.8242,58974.0
1753617215153,11:53:35.153,binance,ADA/USDT:USDT,0.824,50728.0,0.8239,58201.0,0.8241,44515.0,0.8242,59161.0
1753617215269,11:53:35.269,binance,ADA/USDT:USDT,0.824,39693.0,0.8239,58201.0,0.8241,44515.0,0.8242,59041.0
1753617215375,11:53:35.375,binance,ADA/USDT:USDT,0.824,21499.0,0.8239,58176.0,0.8241,55451.0,0.8242,58867.0
1753617215479,11:53:35.479,binance,ADA/USDT:USDT,0.824,21499.0,0.8239,49690.0,0.8241,55452.0,0.8242,58892.0
1753617215580,11:53:35.580,binance,ADA/USDT:USDT,0.824,35624.0,0.8239,49690.0,0.8241,44516.0,0.8242,59041.0
1753617215698,11:53:35.698,binance,ADA/USDT:USDT,0.824,42197.0,0.8239,49690.0,0.8241,44516.0,0.8242,59041.0
1753617215805,11:53:35.805,binance,ADA/USDT:USDT,0.824,21499.0,0.8239,49690.0,0.8241,44448.0,0.8242,58867.0
1753617215910,11:53:35.910,binance,ADA/USDT:USDT,0.824,21499.0,0.8239,42962.0,0.8241,55210.0,0.8242,58892.0
1753617216050,11:53:36.050,binance,ADA/USDT:USDT,0.824,21499.0,0.8239,42962.0,0.8241,55210.0,0.8242,58106.0
1753617216156,11:53:36.156,binance,ADA/USDT:USDT,0.824,21499.0,0.8239,42962.0,0.8241,55210.0,0.8242,58348.0
1753617216258,11:53:36.258,binance,ADA/USDT:USDT,0.824,44712.0,0.8239,45762.0,0.8241,44274.0,0.8242,58497.0
1753617216371,11:53:36.371,binance,ADA/USDT:USDT,0.824,39244.0,0.8239,45787.0,0.8241,21201.0,0.8242,57668.0
1753617216481,11:53:36.481,binance,ADA/USDT:USDT,0.824,39244.0,0.8239,45787.0,0.8241,21201.0,0.8242,57668.0
1753617216587,11:53:36.587,binance,ADA/USDT:USDT,0.824,21683.0,0.8239,45777.0,0.8241,30924.0,0.8242,58106.0
1753617216700,11:53:36.700,binance,ADA/USDT:USDT,0.824,21683.0,0.8239,45777.0,0.8241,30924.0,0.8242,58106.0
1753617216805,11:53:36.805,binance,ADA/USDT:USDT,0.824,21742.0,0.8239,42977.0,0.8241,53577.0,0.8242,58348.0
1753617216906,11:53:36.906,binance,ADA/USDT:USDT,0.824,19770.0,0.8239,42977.0,0.8241,46979.0,0.8242,58106.0
1753617217052,11:53:37.052,binance,ADA/USDT:USDT,0.824,28340.0,0.8239,42977.0,0.8241,46979.0,0.8242,58869.0
1753617217153,11:53:37.153,binance,ADA/USDT:USDT,0.824,30253.0,0.8239,42977.0,0.8241,40469.0,0.8242,58869.0
1753617217262,11:53:37.262,binance,ADA/USDT:USDT,0.824,42904.0,0.8239,42977.0,0.8241,40469.0,0.8242,58869.0
1753617217506,11:53:37.506,binance,ADA/USDT:USDT,0.824,39786.0,0.8239,43002.0,0.8241,40503.0,0.8242,58456.0
1753617217618,11:53:37.618,binance,ADA/USDT:USDT,0.824,33447.0,0.8239,42977.0,0.8241,40503.0,0.8242,58897.0
1753617217739,11:53:37.739,binance,ADA/USDT:USDT,0.824,33440.0,0.8239,42977.0,0.8241,30716.0,0.8242,58481.0
1753617217840,11:53:37.840,binance,ADA/USDT:USDT,0.824,33677.0,0.8239,42977.0,0.8241,49611.0,0.8242,58307.0
1753617217953,11:53:37.953,binance,ADA/USDT:USDT,0.824,33693.0,0.8239,42977.0,0.8241,43247.0,0.8242,58307.0
1753617218058,11:53:38.058,binance,ADA/USDT:USDT,0.824,35606.0,0.8239,42984.0,0.8241,43073.0,0.8242,58723.0
1753617218164,11:53:38.164,binance,ADA/USDT:USDT,0.824,35606.0,0.8239,45784.0,0.8241,30716.0,0.8242,58698.0
1753617218265,11:53:38.265,binance,ADA/USDT:USDT,0.824,35606.0,0.8239,45784.0,0.8241,30716.0,0.8242,58456.0
1753617218387,11:53:38.387,binance,ADA/USDT:USDT,0.824,35621.0,0.8239,45784.0,0.8241,30716.0,0.8242,58481.0
1753617218515,11:53:38.515,binance,ADA/USDT:USDT,0.824,57000.0,0.8239,73894.0,0.8241,7899.0,0.8242,43926.0
1753617218616,11:53:38.616,binance,ADA/USDT:USDT,0.824,50686.0,0.8239,79935.0,0.8241,1182.0,0.8242,42470.0
1753617218730,11:53:38.730,binance,ADA/USDT:USDT,0.824,57000.0,0.8239,79935.0,0.8241,1088.0,0.8242,42564.0
1753617218858,11:53:38.858,binance,ADA/USDT:USDT,0.824,57000.0,0.8239,79935.0,0.8241,1088.0,0.8242,42564.0
1753617218962,11:53:38.962,binance,ADA/USDT:USDT,0.824,73500.0,0.8239,79910.0,0.8241,1088.0,0.8242,42564.0
1753617219089,11:53:39.089,binance,ADA/USDT:USDT,0.824,73500.0,0.8239,79910.0,0.8241,1088.0,0.8242,42564.0
1753617219196,11:53:39.196,binance,ADA/USDT:USDT,0.824,66121.0,0.8239,79935.0,0.8241,1088.0,0.8242,42564.0
1753617219468,11:53:39.468,binance,ADA/USDT:USDT,0.824,55553.0,0.8239,79910.0,0.8241,30669.0,0.8242,42415.0
1753617219571,11:53:39.571,binance,ADA/USDT:USDT,0.824,61892.0,0.8239,79790.0,0.8241,19907.0,0.8242,42564.0
1753617219696,11:53:39.696,binance,ADA/USDT:USDT,0.824,55553.0,0.8239,76669.0,0.8241,19907.0,0.8242,42564.0
1753617219879,11:53:39.879,binance,ADA/USDT:USDT,0.824,58139.0,0.8239,76694.0,0.8241,7337.0,0.8242,42564.0
1753617219981,11:53:39.981,binance,ADA/USDT:USDT,0.824,58496.0,0.8239,76669.0,0.8241,19550.0,0.8242,50564.0
1753617220092,11:53:40.092,binance,ADA/USDT:USDT,0.824,58449.0,0.8239,79790.0,0.8241,6748.0,0.8242,50564.0
1753617220198,11:53:40.198,binance,ADA/USDT:USDT,0.8241,76155.0,0.824,75221.0,0.8242,44489.0,0.8243,61166.0
1753617220300,11:53:40.300,binance,ADA/USDT:USDT,0.8241,84627.0,0.824,78409.0,0.8242,19165.0,0.8243,44146.0
1753617220403,11:53:40.403,binance,ADA/USDT:USDT,0.8241,74554.0,0.824,75863.0,0.8242,29927.0,0.8243,43689.0
1753617220507,11:53:40.507,binance,ADA/USDT:USDT,0.8241,64440.0,0.824,77076.0,0.8242,29927.0,0.8243,43689.0
1753617220609,11:53:40.609,binance,ADA/USDT:USDT,0.8241,68846.0,0.824,77076.0,0.8242,6889.0,0.8243,39028.0
1753617220712,11:53:40.712,binance,ADA/USDT:USDT,0.8241,68846.0,0.824,77076.0,0.8242,393.0,0.8243,31014.0
1753617220815,11:53:40.815,binance,ADA/USDT:USDT,0.8242,70070.0,0.8241,33639.0,0.8243,42025.0,0.8244,60387.0
1753617221020,11:53:41.020,binance,ADA/USDT:USDT,0.8242,59308.0,0.8241,30519.0,0.8243,42046.0,0.8244,60387.0
1753617221125,11:53:41.125,binance,ADA/USDT:USDT,0.8242,76450.0,0.8241,30519.0,0.8243,22797.0,0.8244,55473.0
1753617221226,11:53:41.226,binance,ADA/USDT:USDT,0.8242,29302.0,0.8241,30519.0,0.8243,36278.0,0.8244,55299.0
1753617221329,11:53:41.329,binance,ADA/USDT:USDT,0.8242,29319.0,0.8241,30347.0,0.8243,36520.0,0.8244,64839.0
1753617221430,11:53:41.430,binance,ADA/USDT:USDT,0.8242,18805.0,0.8241,41084.0,0.8243,36191.0,0.8244,70573.0
1753617221531,11:53:41.531,binance,ADA/USDT:USDT,0.8242,28118.0,0.8241,41084.0,0.8243,36191.0,0.8244,70815.0
1753617221640,11:53:41.640,binance,ADA/USDT:USDT,0.8242,28248.0,0.8241,41084.0,0.8243,36191.0,0.8244,71152.0
1753617221755,11:53:41.755,binance,ADA/USDT:USDT,0.8242,29557.0,0.8241,41084.0,0.8243,36191.0,0.8244,71048.0
1753617221856,11:53:41.856,binance,ADA/USDT:USDT,0.8242,29557.0,0.8241,44723.0,0.8243,36191.0,0.8244,70806.0
1753617221965,11:53:41.965,binance,ADA/USDT:USDT,0.8242,29557.0,0.8241,44723.0,0.8243,36191.0,0.8244,71048.0
1753617222066,11:53:42.066,binance,ADA/USDT:USDT,0.8242,29557.0,0.8241,40123.0,0.8243,36191.0,0.8244,70806.0
1753617222294,11:53:42.294,binance,ADA/USDT:USDT,0.8242,37009.0,0.8241,45629.0,0.8243,36191.0,0.8244,71654.0
1753617222396,11:53:42.396,binance,ADA/USDT:USDT,0.8242,37392.0,0.8241,45268.0,0.8243,36191.0,0.8244,62114.0
1753617222500,11:53:42.500,binance,ADA/USDT:USDT,0.8242,37420.0,0.8241,45268.0,0.8243,36227.0,0.8244,71412.0
1753617222610,11:53:42.610,binance,ADA/USDT:USDT,0.8242,30041.0,0.8241,45243.0,0.8243,36215.0,0.8244,71654.0
1753617222738,11:53:42.738,binance,ADA/USDT:USDT,0.8242,29989.0,0.8241,45243.0,0.8243,36215.0,0.8244,71412.0
1753617222845,11:53:42.845,binance,ADA/USDT:USDT,0.8242,37372.0,0.8241,45268.0,0.8243,12326.0,0.8244,49049.0
1753617222946,11:53:42.946,binance,ADA/USDT:USDT,0.8242,37372.0,0.8241,45268.0,0.8243,23088.0,0.8244,48875.0
1753617223049,11:53:43.049,binance,ADA/USDT:USDT,0.8243,52055.0,0.8242,44307.0,0.8244,55502.0,0.8245,70544.0
1753617223152,11:53:43.152,binance,ADA/USDT:USDT,0.8243,51446.0,0.8242,44307.0,0.8244,55523.0,0.8245,70552.0
1753617223258,11:53:43.258,binance,ADA/USDT:USDT,0.8243,51568.0,0.8242,44494.0,0.8244,55644.0,0.8245,75644.0
1753617223376,11:53:43.376,binance,ADA/USDT:USDT,0.8243,58847.0,0.8242,44323.0,0.8244,55644.0,0.8245,75644.0
1753617223488,11:53:43.488,binance,ADA/USDT:USDT,0.8243,59387.0,0.8242,43913.0,0.8244,43721.0,0.8245,75644.0
1753617223591,11:53:43.591,binance,ADA/USDT:USDT,0.8243,59387.0,0.8242,43913.0,0.8244,46611.0,0.8245,76237.0
1753617223693,11:53:43.693,binance,ADA/USDT:USDT,0.8243,59413.0,0.8242,43913.0,0.8244,46611.0,0.8245,76237.0
1753617223805,11:53:43.805,binance,ADA/USDT:USDT,0.8243,59413.0,0.8242,43913.0,0.8244,46611.0,0.8245,76237.0
1753617223907,11:53:43.907,binance,ADA/USDT:USDT,0.8243,59392.0,0.8242,38158.0,0.8244,46611.0,0.8245,76237.0
1753617224008,11:53:44.008,binance,ADA/USDT:USDT,0.8243,52868.0,0.8242,45220.0,0.8244,48708.0,0.8245,76237.0
1753617224110,11:53:44.110,binance,ADA/USDT:USDT,0.8243,59057.0,0.8242,45245.0,0.8244,48708.0,0.8245,76237.0
1753617224213,11:53:44.213,binance,ADA/USDT:USDT,0.8243,68220.0,0.8242,41371.0,0.8244,29721.0,0.8245,79481.0
1753617224314,11:53:44.314,binance,ADA/USDT:USDT,0.8243,68266.0,0.8242,41354.0,0.8244,27856.0,0.8245,79544.0
1753617224416,11:53:44.416,binance,ADA/USDT:USDT,0.8243,68459.0,0.8242,41354.0,0.8244,27856.0,0.8245,79544.0
1753617224525,11:53:44.525,binance,ADA/USDT:USDT,0.8243,68381.0,0.8242,41281.0,0.8244,28614.0,0.8245,79544.0
1753617224628,11:53:44.628,binance,ADA/USDT:USDT,0.8243,68449.0,0.8242,41281.0,0.8244,28614.0,0.8245,79544.0
1753617224760,11:53:44.760,binance,ADA/USDT:USDT,0.8243,68485.0,0.8242,42798.0,0.8244,28354.0,0.8245,81329.0
1753617224898,11:53:44.898,binance,ADA/USDT:USDT,0.8243,89985.0,0.8242,42461.0,0.8244,17255.0,0.8245,80420.0
1753617224999,11:53:44.999,binance,ADA/USDT:USDT,0.8243,89985.0,0.8242,45261.0,0.8244,17123.0,0.8245,64968.0
1753617225111,11:53:45.111,binance,ADA/USDT:USDT,0.8243,89985.0,0.8242,44908.0,0.8244,20081.0,0.8245,64848.0
1753617225215,11:53:45.215,binance,ADA/USDT:USDT,0.8243,89981.0,0.8242,44908.0,0.8244,31371.0,0.8245,48871.0
1753617225317,11:53:45.317,binance,ADA/USDT:USDT,0.8243,90118.0,0.8242,53456.0,0.8244,31371.0,0.8245,58411.0
1753617225428,11:53:45.428,binance,ADA/USDT:USDT,0.8243,89913.0,0.8242,53456.0,0.8244,31371.0,0.8245,58411.0
1753617225539,11:53:45.539,binance,ADA/USDT:USDT,0.8243,89913.0,0.8242,53456.0,0.8244,31371.0,0.8245,58292.0
1753617225640,11:53:45.640,binance,ADA/USDT:USDT,0.8243,76259.0,0.8242,53456.0,0.8244,31371.0,0.8245,58317.0
1753617225758,11:53:45.758,binance,ADA/USDT:USDT,0.8243,28720.0,0.8242,42178.0,0.8244,51900.0,0.8245,68823.0
1753617225873,11:53:45.873,binance,ADA/USDT:USDT,0.8243,38720.0,0.8242,59130.0,0.8244,42314.0,0.8245,68823.0
1753617225978,11:53:45.978,binance,ADA/USDT:USDT,0.8243,52349.0,0.8242,59130.0,0.8244,42314.0,0.8245,69040.0
1753617226100,11:53:46.100,binance,ADA/USDT:USDT,0.8243,52349.0,0.8242,59155.0,0.8244,42314.0,0.8245,69040.0
1753617226213,11:53:46.213,binance,ADA/USDT:USDT,0.8244,47002.0,0.8243,49042.0,0.8245,88954.0,0.8246,99809.0
1753617226314,11:53:46.314,binance,ADA/USDT:USDT,0.8244,47023.0,0.8243,52682.0,0.8245,55112.0,0.8246,95928.0
1753617226417,11:53:46.417,binance,ADA/USDT:USDT,0.8244,29077.0,0.8243,52485.0,0.8245,55112.0,0.8246,100777.0
1753617226534,11:53:46.534,binance,ADA/USDT:USDT,0.8244,25322.0,0.8243,52460.0,0.8245,61840.0,0.8246,110674.0
1753617226635,11:53:46.635,binance,ADA/USDT:USDT,0.8244,28954.0,0.8243,52460.0,0.8245,55112.0,0.8246,111247.0
1753617226737,11:53:46.737,binance,ADA/USDT:USDT,0.8244,29543.0,0.8243,51871.0,0.8245,55112.0,0.8246,113072.0
1753617226867,11:53:46.867,binance,ADA/USDT:USDT,0.8244,62102.0,0.8243,51565.0,0.8245,55112.0,0.8246,113072.0
1753617226968,11:53:46.968,binance,ADA/USDT:USDT,0.8244,80345.0,0.8243,52157.0,0.8245,44350.0,0.8246,108530.0
1753617227069,11:53:47.069,binance,ADA/USDT:USDT,0.8245,77240.0,0.8244,76165.0,0.8246,40730.0,0.8247,63486.0
1753617227176,11:53:47.176,binance,ADA/USDT:USDT,0.8245,90411.0,0.8244,72391.0,0.8246,12528.0,0.8247,43471.0
1753617227278,11:53:47.278,binance,ADA/USDT:USDT,0.8246,90243.0,0.8245,64079.0,0.8247,46893.0,0.8248,76506.0
1753617227379,11:53:47.379,binance,ADA/USDT:USDT,0.8245,51820.0,0.8244,74254.0,0.8246,67913.0,0.8247,56987.0
1753617227480,11:53:47.480,binance,ADA/USDT:USDT,0.8245,60445.0,0.8244,61933.0,0.8246,68114.0,0.8247,50212.0
1753617227583,11:53:47.583,binance,ADA/USDT:USDT,0.8245,60445.0,0.8244,66562.0,0.8246,67994.0,0.8247,50561.0
1753617227686,11:53:47.686,binance,ADA/USDT:USDT,0.8245,53977.0,0.8244,66649.0,0.8246,67994.0,0.8247,49980.0
1753617227796,11:53:47.796,binance,ADA/USDT:USDT,0.8245,60714.0,0.8244,65437.0,0.8246,67994.0,0.8247,49973.0
1753617227904,11:53:47.904,binance,ADA/USDT:USDT,0.8245,63270.0,0.8244,65437.0,0.8246,67994.0,0.8247,59339.0
1753617228009,11:53:48.009,binance,ADA/USDT:USDT,0.8245,7444.0,0.8244,34371.0,0.8246,68168.0,0.8247,72056.0
1753617228110,11:53:48.110,binance,ADA/USDT:USDT,0.8245,7494.0,0.8244,34371.0,0.8246,83346.0,0.8247,76601.0
1753617228214,11:53:48.214,binance,ADA/USDT:USDT,0.8244,32651.0,0.8243,59328.0,0.8245,62282.0,0.8246,93993.0
1753617228315,11:53:48.315,binance,ADA/USDT:USDT,0.8244,65688.0,0.8243,60175.0,0.8245,37525.0,0.8246,92333.0
1753617228416,11:53:48.416,binance,ADA/USDT:USDT,0.8244,58592.0,0.8243,60362.0,0.8245,18876.0,0.8246,92212.0
1753617228528,11:53:48.528,binance,ADA/USDT:USDT,0.8245,63399.0,0.8244,64397.0,0.8246,84621.0,0.8247,98804.0
1753617228629,11:53:48.629,binance,ADA/USDT:USDT,0.8245,63420.0,0.8244,67256.0,0.8246,63981.0,0.8247,114706.0
1753617228740,11:53:48.740,binance,ADA/USDT:USDT,0.8245,77527.0,0.8244,67194.0,0.8246,40526.0,0.8247,114284.0
1753617228842,11:53:48.842,binance,ADA/USDT:USDT,0.8245,92958.0,0.8244,67194.0,0.8246,40526.0,0.8247,114284.0
1753617228943,11:53:48.943,binance,ADA/USDT:USDT,0.8245,92958.0,0.8244,68208.0,0.8246,16042.0,0.8247,94348.0
1753617229048,11:53:49.048,binance,ADA/USDT:USDT,0.8245,93243.0,0.8244,79875.0,0.8246,15784.0,0.8247,79050.0
1753617229150,11:53:49.150,binance,ADA/USDT:USDT,0.8245,93243.0,0.8244,79875.0,0.8246,15805.0,0.8247,79292.0
1753617229261,11:53:49.261,binance,ADA/USDT:USDT,0.8245,93240.0,0.8244,79882.0,0.8246,3529.0,0.8247,79050.0
1753617229375,11:53:49.375,binance,ADA/USDT:USDT,0.8245,93240.0,0.8244,79882.0,0.8246,15515.0,0.8247,78930.0
1753617229476,11:53:49.476,binance,ADA/USDT:USDT,0.8245,93240.0,0.8244,79882.0,0.8246,15372.0,0.8247,77781.0
1753617229578,11:53:49.578,binance,ADA/USDT:USDT,0.8245,93240.0,0.8244,79882.0,0.8246,12432.0,0.8247,77661.0
1753617229706,11:53:49.706,binance,ADA/USDT:USDT,0.8245,93446.0,0.8244,79856.0,0.8246,12399.0,0.8247,77270.0
1753617229814,11:53:49.814,binance,ADA/USDT:USDT,0.8246,107135.0,0.8245,73822.0,0.8247,334.0,0.8248,62949.0
1753617229915,11:53:49.915,binance,ADA/USDT:USDT,0.8246,107156.0,0.8245,76940.0,0.8247,14065.0,0.8248,22728.0
1753617230017,11:53:50.017,binance,ADA/USDT:USDT,0.8246,107156.0,0.8245,76940.0,0.8247,14065.0,0.8248,22728.0
1753617230119,11:53:50.119,binance,ADA/USDT:USDT,0.8247,75639.0,0.8246,79033.0,0.8248,46852.0,0.8249,87531.0
1753617230220,11:53:50.220,binance,ADA/USDT:USDT,0.8247,64387.0,0.8246,79241.0,0.8248,47075.0,0.8249,77710.0
1753617230325,11:53:50.325,binance,ADA/USDT:USDT,0.8247,72818.0,0.8246,71775.0,0.8248,46382.0,0.8249,50817.0
1753617230426,11:53:50.426,binance,ADA/USDT:USDT,0.8247,15347.0,0.8246,41579.0,0.8248,57754.0,0.8249,76984.0
1753617230527,11:53:50.527,binance,ADA/USDT:USDT,0.8247,14244.0,0.8246,41579.0,0.8248,54899.0,0.8249,86645.0
1753617230639,11:53:50.639,binance,ADA/USDT:USDT,0.8247,14244.0,0.8246,41579.0,0.8248,49685.0,0.8249,87222.0
1753617230747,11:53:50.747,binance,ADA/USDT:USDT,0.8247,25006.0,0.8246,41579.0,0.8248,48656.0,0.8249,89872.0
1753617230851,11:53:50.851,binance,ADA/USDT:USDT,0.8247,25006.0,0.8246,41611.0,0.8248,48656.0,0.8249,86210.0
1753617230994,11:53:50.994,binance,ADA/USDT:USDT,0.8247,25006.0,0.8246,41611.0,0.8248,48729.0,0.8249,86210.0
1753617231104,11:53:51.104,binance,ADA/USDT:USDT,0.8247,25006.0,0.8246,41586.0,0.8248,48729.0,0.8249,86210.0
1753617231226,11:53:51.226,binance,ADA/USDT:USDT,0.8247,1947.0,0.8246,40710.0,0.8248,53170.0,0.8249,102519.0
1753617231327,11:53:51.327,binance,ADA/USDT:USDT,0.8246,16345.0,0.8245,55547.0,0.8247,161231.0,0.8248,74217.0
1753617231428,11:53:51.428,binance,ADA/USDT:USDT,0.8245,26864.0,0.8244,73321.0,0.8246,77742.0,0.8247,164758.0
1753617231530,11:53:51.530,binance,ADA/USDT:USDT,0.8245,3750.0,0.8244,49448.0,0.8246,100935.0,0.8247,183275.0
1753617231640,11:53:51.640,binance,ADA/USDT:USDT,0.8245,269.0,0.8244,48572.0,0.8246,84604.0,0.8247,185008.0
1753617231743,11:53:51.743,binance,ADA/USDT:USDT,0.8245,269.0,0.8244,48782.0,0.8246,84604.0,0.8247,185008.0
1753617231865,11:53:51.865,binance,ADA/USDT:USDT,0.8245,276.0,0.8244,48782.0,0.8246,113529.0,0.8247,185008.0
1753617231966,11:53:51.966,binance,ADA/USDT:USDT,0.8244,42717.0,0.8243,36234.0,0.8245,104460.0,0.8246,150526.0
1753617232069,11:53:52.069,binance,ADA/USDT:USDT,0.8244,42270.0,0.8243,36409.0,0.8245,97633.0,0.8246,150345.0
1753617232172,11:53:52.172,binance,ADA/USDT:USDT,0.8244,42270.0,0.8243,36409.0,0.8245,97633.0,0.8246,150345.0
1753617232278,11:53:52.278,binance,ADA/USDT:USDT,0.8244,44108.0,0.8243,36417.0,0.8245,97571.0,0.8246,140805.0
1753617232390,11:53:52.390,binance,ADA/USDT:USDT,0.8244,44318.0,0.8243,36417.0,0.8245,97571.0,0.8246,141047.0
1753617232529,11:53:52.529,binance,ADA/USDT:USDT,0.8244,23481.0,0.8243,36330.0,0.8245,103278.0,0.8246,148951.0
1753617232630,11:53:52.630,binance,ADA/USDT:USDT,0.8243,23315.0,0.8242,50683.0,0.8244,113514.0,0.8245,141994.0
1753617232732,11:53:52.732,binance,ADA/USDT:USDT,0.8243,23149.0,0.8242,40609.0,0.8244,116504.0,0.8245,140881.0
1753617232833,11:53:52.833,binance,ADA/USDT:USDT,0.8243,20506.0,0.8242,57076.0,0.8244,97606.0,0.8245,134364.0
1753617232947,11:53:52.947,binance,ADA/USDT:USDT,0.8243,20566.0,0.8242,57076.0,0.8244,97606.0,0.8245,134364.0
1753617233160,11:53:53.160,binance,ADA/USDT:USDT,0.8243,20559.0,0.8242,57076.0,0.8244,97606.0,0.8245,134364.0
1753617233295,11:53:53.295,binance,ADA/USDT:USDT,0.8243,20703.0,0.8242,57076.0,0.8244,97669.0,0.8245,134299.0
1753617233398,11:53:53.398,binance,ADA/USDT:USDT,0.8243,49339.0,0.8242,57076.0,0.8244,67639.0,0.8245,128614.0
1753617233500,11:53:53.500,binance,ADA/USDT:USDT,0.8243,49323.0,0.8242,57670.0,0.8244,27804.0,0.8245,121210.0
1753617233619,11:53:53.619,binance,ADA/USDT:USDT,0.8243,49268.0,0.8242,57757.0,0.8244,38566.0,0.8245,121196.0
1753617233735,11:53:53.735,binance,ADA/USDT:USDT,0.8243,11985.0,0.8242,51936.0,0.8244,60829.0,0.8245,122091.0
1753617233838,11:53:53.838,binance,ADA/USDT:USDT,0.8243,10550.0,0.8242,51936.0,0.8244,90514.0,0.8245,126695.0
1753617233946,11:53:53.946,binance,ADA/USDT:USDT,0.8243,8314.0,0.8242,51936.0,0.8244,72433.0,0.8245,138048.0
1753617234074,11:53:54.074,binance,ADA/USDT:USDT,0.8243,8431.0,0.8242,51936.0,0.8244,72433.0,0.8245,138048.0
1753617234208,11:53:54.208,binance,ADA/USDT:USDT,0.8243,38275.0,0.8242,70701.0,0.8244,38566.0,0.8245,122187.0
1753617234311,11:53:54.311,binance,ADA/USDT:USDT,0.8243,38652.0,0.8242,70788.0,0.8244,38703.0,0.8245,121989.0
1753617234423,11:53:54.423,binance,ADA/USDT:USDT,0.8243,31924.0,0.8242,70017.0,0.8244,38908.0,0.8245,121989.0
1753617234537,11:53:54.537,binance,ADA/USDT:USDT,0.8243,21162.0,0.8242,51936.0,0.8244,49158.0,0.8245,133342.0
1753617234641,11:53:54.641,binance,ADA/USDT:USDT,0.8243,18403.0,0.8242,51936.0,0.8244,55886.0,0.8245,134130.0
1753617234788,11:53:54.788,binance,ADA/USDT:USDT,0.8243,18403.0,0.8242,51936.0,0.8244,65322.0,0.8245,136930.0
1753617234894,11:53:54.894,binance,ADA/USDT:USDT,0.8243,18403.0,0.8242,51936.0,0.8244,58594.0,0.8245,143658.0
1753617235005,11:53:55.005,binance,ADA/USDT:USDT,0.8243,18403.0,0.8242,51936.0,0.8244,58594.0,0.8245,143658.0
1753617235124,11:53:55.124,binance,ADA/USDT:USDT,0.8243,13259.0,0.8242,51936.0,0.8244,58588.0,0.8245,143658.0
1753617235245,11:53:55.245,binance,ADA/USDT:USDT,0.8243,4349.0,0.8242,51936.0,0.8244,62251.0,0.8245,147385.0
1753617235347,11:53:55.347,binance,ADA/USDT:USDT,0.8243,979.0,0.8242,44436.0,0.8244,69223.0,0.8245,152338.0
1753617235449,11:53:55.449,binance,ADA/USDT:USDT,0.8242,21918.0,0.8241,21866.0,0.8243,114577.0,0.8244,131405.0
1753617235550,11:53:55.550,binance,ADA/USDT:USDT,0.8242,11521.0,0.8241,20998.0,0.8243,114584.0,0.8244,161325.0
1753617235653,11:53:55.653,binance,ADA/USDT:USDT,0.8242,10800.0,0.8241,21185.0,0.8243,114584.0,0.8244,164938.0
1753617235769,11:53:55.769,binance,ADA/USDT:USDT,0.8242,10800.0,0.8241,24825.0,0.8243,117356.0,0.8244,164938.0
1753617235871,11:53:55.871,binance,ADA/USDT:USDT,0.8242,36045.0,0.8241,45633.0,0.8243,42948.0,0.8244,97421.0
1753617236095,11:53:56.095,binance,ADA/USDT:USDT,0.8242,36066.0,0.8241,45708.0,0.8243,43143.0,0.8244,107628.0
1753617236207,11:53:56.207,binance,ADA/USDT:USDT,0.8242,36153.0,0.8241,45621.0,0.8243,32559.0,0.8244,96449.0
1753617236317,11:53:56.317,binance,ADA/USDT:USDT,0.8242,36066.0,0.8241,34355.0,0.8243,37495.0,0.8244,114069.0
1753617236432,11:53:56.432,binance,ADA/USDT:USDT,0.8242,23088.0,0.8241,33815.0,0.8243,46494.0,0.8244,113864.0
1753617236541,11:53:56.541,binance,ADA/USDT:USDT,0.8242,23088.0,0.8241,34350.0,0.8243,39766.0,0.8244,113003.0
1753617236648,11:53:56.648,binance,ADA/USDT:USDT,0.8242,12468.0,0.8241,60157.0,0.8243,35055.0,0.8244,101650.0
1753617236769,11:53:56.769,binance,ADA/USDT:USDT,0.8242,23230.0,0.8241,71510.0,0.8243,35055.0,0.8244,105289.0
1753617236878,11:53:56.878,binance,ADA/USDT:USDT,0.8242,23230.0,0.8241,71510.0,0.8243,35023.0,0.8244,98561.0
1753617236987,11:53:56.987,binance,ADA/USDT:USDT,0.8242,23230.0,0.8241,71510.0,0.8243,35023.0,0.8244,98561.0
1753617237089,11:53:57.089,binance,ADA/USDT:USDT,0.8242,27654.0,0.8241,78238.0,0.8243,23492.0,0.8244,97967.0
1753617237193,11:53:57.193,binance,ADA/USDT:USDT,0.8242,28207.0,0.8241,78238.0,0.8243,23475.0,0.8244,97967.0
1753617237297,11:53:57.297,binance,ADA/USDT:USDT,0.8242,28207.0,0.8241,78238.0,0.8243,23475.0,0.8244,104695.0
1753617237431,11:53:57.431,binance,ADA/USDT:USDT,0.8242,28207.0,0.8241,66885.0,0.8243,23482.0,0.8244,104869.0
1753617237535,11:53:57.535,binance,ADA/USDT:USDT,0.8242,28200.0,0.8241,66885.0,0.8243,23483.0,0.8244,104869.0
1753617237641,11:53:57.641,binance,ADA/USDT:USDT,0.8242,28200.0,0.8241,66798.0,0.8243,23494.0,0.8244,105456.0
1753617237757,11:53:57.757,binance,ADA/USDT:USDT,0.8241,13453.0,0.824,33169.0,0.8242,119672.0,0.8243,115720.0
1753617237858,11:53:57.858,binance,ADA/USDT:USDT,0.8241,31573.0,0.824,61085.0,0.8242,95137.0,0.8243,97969.0
1753617237963,11:53:57.963,binance,ADA/USDT:USDT,0.8241,32224.0,0.824,65968.0,0.8242,84396.0,0.8243,97969.0
1753617238077,11:53:58.077,binance,ADA/USDT:USDT,0.8241,31013.0,0.824,60057.0,0.8242,84396.0,0.8243,97969.0
1753617238179,11:53:58.179,binance,ADA/USDT:USDT,0.8241,25335.0,0.824,60057.0,0.8242,95326.0,0.8243,97819.0
1753617238299,11:53:58.299,binance,ADA/USDT:USDT,0.8241,25545.0,0.824,60057.0,0.8242,83829.0,0.8243,97753.0
1753617238412,11:53:58.412,binance,ADA/USDT:USDT,0.8241,25726.0,0.824,60057.0,0.8242,94591.0,0.8243,97753.0
1753617238513,11:53:58.513,binance,ADA/USDT:USDT,0.8241,25726.0,0.824,48704.0,0.8242,94591.0,0.8243,97753.0
1753617238639,11:53:58.639,binance,ADA/USDT:USDT,0.8241,16749.0,0.824,48695.0,0.8242,94591.0,0.8243,98330.0
1753617238741,11:53:58.741,binance,ADA/USDT:USDT,0.8241,15767.0,0.824,65096.0,0.8242,94600.0,0.8243,107847.0
1753617238845,11:53:58.845,binance,ADA/USDT:USDT,0.8241,15767.0,0.824,65096.0,0.8242,94600.0,0.8243,119200.0
1753617238948,11:53:58.948,binance,ADA/USDT:USDT,0.8241,15767.0,0.824,76449.0,0.8242,103202.0,0.8243,107839.0
1753617239063,11:53:59.063,binance,ADA/USDT:USDT,0.8241,15767.0,0.824,58384.0,0.8242,103202.0,0.8243,122832.0
1753617239172,11:53:59.172,binance,ADA/USDT:USDT,0.8241,26529.0,0.824,76568.0,0.8242,103202.0,0.8243,101951.0
1753617239386,11:53:59.386,binance,ADA/USDT:USDT,0.8241,26529.0,0.824,76568.0,0.8242,103201.0,0.8243,108679.0
1753617239496,11:53:59.496,binance,ADA/USDT:USDT,0.8241,13671.0,0.824,76465.0,0.8242,103204.0,0.8243,108679.0
1753617239631,11:53:59.631,binance,ADA/USDT:USDT,0.8241,15769.0,0.824,71582.0,0.8242,103204.0,0.8243,107522.0
1753617239733,11:53:59.733,binance,ADA/USDT:USDT,0.8241,1219.0,0.824,34322.0,0.8242,138431.0,0.8243,123887.0
1753617239838,11:53:59.838,binance,ADA/USDT:USDT,0.8241,1235.0,0.824,25135.0,0.8242,133277.0,0.8243,145131.0
1753617239939,11:53:59.939,binance,ADA/USDT:USDT,0.824,21228.0,0.8239,46076.0,0.8241,89293.0,0.8242,151383.0
1753617240049,11:54:00.049,binance,ADA/USDT:USDT,0.824,21249.0,0.8239,46084.0,0.8241,89314.0,0.8242,151263.0
1753617240166,11:54:00.166,binance,ADA/USDT:USDT,0.824,21431.0,0.8239,41170.0,0.8241,89314.0,0.8242,151496.0
1753617240269,11:54:00.269,binance,ADA/USDT:USDT,0.824,14935.0,0.8239,41170.0,0.8241,89322.0,0.8242,151496.0
1753617240378,11:54:00.378,binance,ADA/USDT:USDT,0.824,14935.0,0.8239,41412.0,0.8241,89322.0,0.8242,151496.0
1753617240489,11:54:00.489,binance,ADA/USDT:USDT,0.824,14742.0,0.8239,41412.0,0.8241,97926.0,0.8242,142891.0
1753617240597,11:54:00.597,binance,ADA/USDT:USDT,0.824,14875.0,0.8239,41170.0,0.8241,101566.0,0.8242,143482.0
1753617240702,11:54:00.702,binance,ADA/USDT:USDT,0.824,14693.0,0.8239,65794.0,0.8241,101566.0,0.8242,121695.0
1753617240806,11:54:00.806,binance,ADA/USDT:USDT,0.824,14693.0,0.8239,83930.0,0.8241,97926.0,0.8242,104680.0
1753617240911,11:54:00.911,binance,ADA/USDT:USDT,0.824,62209.0,0.8239,85423.0,0.8241,43487.0,0.8242,92270.0
1753617241014,11:54:01.014,binance,ADA/USDT:USDT,0.824,62209.0,0.8239,86478.0,0.8241,40013.0,0.8242,92270.0
1753617241119,11:54:01.119,binance,ADA/USDT:USDT,0.824,55143.0,0.8239,88078.0,0.8241,40191.0,0.8242,92270.0
1753617241323,11:54:01.323,binance,ADA/USDT:USDT,0.824,48415.0,0.8239,88320.0,0.8241,40548.0,0.8242,92270.0
1753617241445,11:54:01.445,binance,ADA/USDT:USDT,0.824,48415.0,0.8239,88078.0,0.8241,40663.0,0.8242,97932.0
1753617241569,11:54:01.569,binance,ADA/USDT:USDT,0.824,49175.0,0.8239,89272.0,0.8241,40663.0,0.8242,97932.0
1753617241677,11:54:01.677,binance,ADA/USDT:USDT,0.824,49232.0,0.8239,89359.0,0.8241,40773.0,0.8242,100744.0
1753617241803,11:54:01.803,binance,ADA/USDT:USDT,0.824,49232.0,0.8239,89601.0,0.8241,40773.0,0.8242,100744.0
1753617241946,11:54:01.946,binance,ADA/USDT:USDT,0.824,4631.0,0.8239,63095.0,0.8241,51327.0,0.8242,132799.0
1753617242056,11:54:02.056,binance,ADA/USDT:USDT,0.824,2471.0,0.8239,26833.0,0.8241,82398.0,0.8242,135995.0
1753617242160,11:54:02.160,binance,ADA/USDT:USDT,0.824,14754.0,0.8239,33561.0,0.8241,88295.0,0.8242,136966.0
1753617242276,11:54:02.276,binance,ADA/USDT:USDT,0.824,2478.0,0.8239,26833.0,0.8241,88520.0,0.8242,136966.0
1753617242401,11:54:02.401,binance,ADA/USDT:USDT,0.824,2478.0,0.8239,26833.0,0.8241,88765.0,0.8242,137751.0
1753617242505,11:54:02.505,binance,ADA/USDT:USDT,0.8239,23145.0,0.8238,31107.0,0.824,122076.0,0.8241,133968.0
1753617242606,11:54:02.606,binance,ADA/USDT:USDT,0.8239,16817.0,0.8238,23511.0,0.824,88870.0,0.8241,137943.0
1753617242709,11:54:02.709,binance,ADA/USDT:USDT,0.8239,16172.0,0.8238,43339.0,0.824,88739.0,0.8241,131876.0
1753617242811,11:54:02.811,binance,ADA/USDT:USDT,0.8239,26934.0,0.8238,43152.0,0.824,53843.0,0.8241,101701.0
1753617242912,11:54:02.912,binance,ADA/USDT:USDT,0.8239,26934.0,0.8238,43152.0,0.824,49515.0,0.8241,103483.0
1753617243013,11:54:03.013,binance,ADA/USDT:USDT,0.8239,26934.0,0.8238,43152.0,0.824,60277.0,0.8241,114853.0
1753617243127,11:54:03.127,binance,ADA/USDT:USDT,0.8239,26934.0,0.8238,43152.0,0.824,60277.0,0.8241,114853.0
1753617243261,11:54:03.261,binance,ADA/USDT:USDT,0.8239,26934.0,0.8238,43152.0,0.824,60277.0,0.8241,114853.0
1753617243362,11:54:03.362,binance,ADA/USDT:USDT,0.8239,28283.0,0.8238,43152.0,0.824,60513.0,0.8241,114615.0
1753617243465,11:54:03.465,binance,ADA/USDT:USDT,0.8239,28283.0,0.8238,43152.0,0.824,60513.0,0.8241,114373.0
1753617243568,11:54:03.568,binance,ADA/USDT:USDT,0.8239,16288.0,0.8238,43152.0,0.824,60513.0,0.8241,105930.0
1753617243670,11:54:03.670,binance,ADA/USDT:USDT,0.8239,18821.0,0.8238,44981.0,0.824,94015.0,0.8241,112522.0
1753617243772,11:54:03.772,binance,ADA/USDT:USDT,0.8239,15851.0,0.8238,44981.0,0.824,76159.0,0.8241,123230.0
1753617243874,11:54:03.874,binance,ADA/USDT:USDT,0.8239,15851.0,0.8238,44981.0,0.824,64134.0,0.8241,112764.0
1753617243986,11:54:03.986,binance,ADA/USDT:USDT,0.8239,26613.0,0.8238,44981.0,0.824,64134.0,0.8241,106402.0
1753617244089,11:54:04.089,binance,ADA/USDT:USDT,0.8239,26613.0,0.8238,44981.0,0.824,60519.0,0.8241,106402.0
1753617244198,11:54:04.198,binance,ADA/USDT:USDT,0.8239,15851.0,0.8238,43152.0,0.824,60519.0,0.8241,106402.0
1753617244300,11:54:04.300,binance,ADA/USDT:USDT,0.8239,6755.0,0.8238,42276.0,0.824,78222.0,0.8241,108980.0
1753617244402,11:54:04.402,binance,ADA/USDT:USDT,0.8239,15843.0,0.8238,26276.0,0.824,81935.0,0.8241,110028.0
1753617244605,11:54:04.605,binance,ADA/USDT:USDT,0.8239,3567.0,0.8238,26276.0,0.824,82040.0,0.8241,109910.0
1753617244707,11:54:04.707,binance,ADA/USDT:USDT,0.8239,3567.0,0.8238,26276.0,0.824,103040.0,0.8241,140893.0
1753617244910,11:54:04.910,binance,ADA/USDT:USDT,0.8239,15737.0,0.8238,35264.0,0.824,77318.0,0.8241,130095.0
1753617245013,11:54:05.013,binance,ADA/USDT:USDT,0.8239,3660.0,0.8238,35264.0,0.824,81110.0,0.8241,154663.0
1753617245120,11:54:05.120,binance,ADA/USDT:USDT,0.8239,364.0,0.8238,35256.0,0.824,74649.0,0.8241,154663.0
1753617245227,11:54:05.227,binance,ADA/USDT:USDT,0.8239,813.0,0.8238,35474.0,0.824,64578.0,0.8241,156301.0
1753617245331,11:54:05.331,binance,ADA/USDT:USDT,0.8238,18121.0,0.8237,51309.0,0.8239,67661.0,0.824,100818.0
1753617245433,11:54:05.433,binance,ADA/USDT:USDT,0.8238,19124.0,0.8237,57822.0,0.8239,66866.0,0.824,100456.0
1753617245534,11:54:05.534,binance,ADA/USDT:USDT,0.8238,19580.0,0.8237,57822.0,0.8239,66866.0,0.824,104339.0
1753617245639,11:54:05.639,binance,ADA/USDT:USDT,0.8238,19551.0,0.8237,59864.0,0.8239,66891.0,0.824,104927.0
1753617245745,11:54:05.745,binance,ADA/USDT:USDT,0.8238,18138.0,0.8237,53318.0,0.8239,66891.0,0.824,104927.0
1753617245849,11:54:05.849,binance,ADA/USDT:USDT,0.8238,18260.0,0.8237,53318.0,0.8239,66891.0,0.824,104927.0
1753617245958,11:54:05.958,binance,ADA/USDT:USDT,0.8238,20809.0,0.8237,48516.0,0.8239,72960.0,0.824,105740.0
1753617246061,11:54:06.061,binance,ADA/USDT:USDT,0.8237,34444.0,0.8236,42131.0,0.8238,121547.0,0.8239,67739.0
1753617246163,11:54:06.163,binance,ADA/USDT:USDT,0.8237,55133.0,0.8236,55457.0,0.8238,41248.0,0.8239,58281.0
1753617246265,11:54:06.265,binance,ADA/USDT:USDT,0.8237,55133.0,0.8236,57185.0,0.8238,44537.0,0.8239,67821.0
1753617246368,11:54:06.368,binance,ADA/USDT:USDT,0.8237,55140.0,0.8236,71397.0,0.8238,44764.0,0.8239,67821.0
1753617246469,11:54:06.469,binance,ADA/USDT:USDT,0.8237,55322.0,0.8236,62427.0,0.8238,44764.0,0.8239,58281.0
1753617246572,11:54:06.572,binance,ADA/USDT:USDT,0.8237,42647.0,0.8236,55699.0,0.8238,55526.0,0.8239,77394.0
1753617246675,11:54:06.675,binance,ADA/USDT:USDT,0.8237,40645.0,0.8236,57528.0,0.8238,55526.0,0.8239,99300.0
1753617246777,11:54:06.777,binance,ADA/USDT:USDT,0.8237,40385.0,0.8236,50739.0,0.8238,55526.0,0.8239,99542.0
1753617246970,11:54:06.970,binance,ADA/USDT:USDT,0.8237,17873.0,0.8236,47182.0,0.8238,71224.0,0.8239,100482.0
1753617247073,11:54:07.073,binance,ADA/USDT:USDT,0.8236,26904.0,0.8235,70826.0,0.8237,83514.0,0.8238,87173.0
1753617247174,11:54:07.174,binance,ADA/USDT:USDT,0.8236,15480.0,0.8235,66168.0,0.8237,84193.0,0.8238,87302.0
1753617247275,11:54:07.275,binance,ADA/USDT:USDT,0.8236,3204.0,0.8235,51572.0,0.8237,104521.0,0.8238,98627.0
1753617247381,11:54:07.381,binance,ADA/USDT:USDT,0.8236,3225.0,0.8235,40810.0,0.8237,104652.0,0.8238,103457.0
1753617247484,11:54:07.484,binance,ADA/USDT:USDT,0.8235,65556.0,0.8234,93781.0,0.8236,63708.0,0.8237,93019.0
1753617247585,11:54:07.585,binance,ADA/USDT:USDT,0.8235,66918.0,0.8234,95280.0,0.8236,61841.0,0.8237,93741.0
1753617247698,11:54:07.698,binance,ADA/USDT:USDT,0.8235,66703.0,0.8234,95400.0,0.8236,61841.0,0.8237,93741.0
1753617247810,11:54:07.810,binance,ADA/USDT:USDT,0.8235,66885.0,0.8234,95400.0,0.8236,61816.0,0.8237,93741.0
1753617247928,11:54:07.928,binance,ADA/USDT:USDT,0.8235,32634.0,0.8234,90059.0,0.8236,72265.0,0.8237,103281.0
1753617248029,11:54:08.029,binance,ADA/USDT:USDT,0.8235,55686.0,0.8234,87122.0,0.8236,80001.0,0.8237,88624.0
1753617248132,11:54:08.132,binance,ADA/USDT:USDT,0.8235,42045.0,0.8234,94932.0,0.8236,61938.0,0.8237,71360.0
1753617248234,11:54:08.234,binance,ADA/USDT:USDT,0.8235,31415.0,0.8234,94932.0,0.8236,61817.0,0.8237,89181.0
1753617248337,11:54:08.337,binance,ADA/USDT:USDT,0.8235,48866.0,0.8234,94932.0,0.8236,62015.0,0.8237,89116.0
1753617248439,11:54:08.439,binance,ADA/USDT:USDT,0.8235,42177.0,0.8234,93046.0,0.8236,62293.0,0.8237,104294.0
1753617248665,11:54:08.665,binance,ADA/USDT:USDT,0.8235,31415.0,0.8234,93046.0,0.8236,86895.0,0.8237,105830.0
1753617248770,11:54:08.770,binance,ADA/USDT:USDT,0.8235,31415.0,0.8234,93046.0,0.8236,86653.0,0.8237,96532.0
1753617248872,11:54:08.872,binance,ADA/USDT:USDT,0.8235,31415.0,0.8234,93046.0,0.8236,86653.0,0.8237,96290.0
1753617248984,11:54:08.984,binance,ADA/USDT:USDT,0.8235,31415.0,0.8234,86546.0,0.8236,86895.0,0.8237,108630.0
1753617249197,11:54:09.197,binance,ADA/USDT:USDT,0.8235,31415.0,0.8234,93274.0,0.8236,87202.0,0.8237,99122.0
1753617249309,11:54:09.309,binance,ADA/USDT:USDT,0.8235,31414.0,0.8234,86546.0,0.8236,86960.0,0.8237,99122.0
1753617249418,11:54:09.418,binance,ADA/USDT:USDT,0.8235,48834.0,0.8234,93274.0,0.8236,70906.0,0.8237,95194.0
1753617249521,11:54:09.521,binance,ADA/USDT:USDT,0.8235,59596.0,0.8234,93274.0,0.8236,70906.0,0.8237,84141.0
1753617249625,11:54:09.625,binance,ADA/USDT:USDT,0.8235,59637.0,0.8234,93274.0,0.8236,71151.0,0.8237,94952.0
1753617249739,11:54:09.739,binance,ADA/USDT:USDT,0.8235,59637.0,0.8234,86546.0,0.8236,70909.0,0.8237,94952.0
1753617249841,11:54:09.841,binance,ADA/USDT:USDT,0.8235,59710.0,0.8234,93274.0,0.8236,70909.0,0.8237,95194.0
1753617249949,11:54:09.949,binance,ADA/USDT:USDT,0.8235,59855.0,0.8234,93274.0,0.8236,70909.0,0.8237,94952.0
1753617250064,11:54:10.064,binance,ADA/USDT:USDT,0.8235,49739.0,0.8234,93274.0,0.8236,71151.0,0.8237,94977.0
1753617250169,11:54:10.169,binance,ADA/USDT:USDT,0.8235,50123.0,0.8234,93274.0,0.8236,71151.0,0.8237,98792.0
1753617250289,11:54:10.289,binance,ADA/USDT:USDT,0.8235,60884.0,0.8234,87128.0,0.8236,70735.0,0.8237,81427.0
1753617250396,11:54:10.396,binance,ADA/USDT:USDT,0.8235,60924.0,0.8234,88728.0,0.8236,70865.0,0.8237,81253.0
1753617250509,11:54:10.509,binance,ADA/USDT:USDT,0.8235,50457.0,0.8234,88703.0,0.8236,71107.0,0.8237,101604.0
1753617250610,11:54:10.610,binance,ADA/USDT:USDT,0.8235,50457.0,0.8234,88703.0,0.8236,71107.0,0.8237,92089.0
1753617250712,11:54:10.712,binance,ADA/USDT:USDT,0.8235,50390.0,0.8234,81975.0,0.8236,71107.0,0.8237,101629.0
1753617250813,11:54:10.813,binance,ADA/USDT:USDT,0.8235,50532.0,0.8234,81975.0,0.8236,62937.0,0.8237,101629.0
1753617250938,11:54:10.938,binance,ADA/USDT:USDT,0.8235,50532.0,0.8234,81975.0,0.8236,71282.0,0.8237,101629.0
1753617251041,11:54:11.041,binance,ADA/USDT:USDT,0.8235,45534.0,0.8234,75091.0,0.8236,71282.0,0.8237,101629.0
1753617251171,11:54:11.171,binance,ADA/USDT:USDT,0.8235,45593.0,0.8234,75091.0,0.8236,71282.0,0.8237,101629.0
1753617251295,11:54:11.295,binance,ADA/USDT:USDT,0.8235,45593.0,0.8234,75091.0,0.8236,71289.0,0.8237,101629.0
1753617251406,11:54:11.406,binance,ADA/USDT:USDT,0.8235,45593.0,0.8234,75116.0,0.8236,70874.0,0.8237,90793.0
1753617251513,11:54:11.513,binance,ADA/USDT:USDT,0.8235,45593.0,0.8234,75116.0,0.8236,70859.0,0.8237,90793.0
1753617251624,11:54:11.624,binance,ADA/USDT:USDT,0.8235,38006.0,0.8234,75116.0,0.8236,70859.0,0.8237,90801.0
1753617251757,11:54:11.757,binance,ADA/USDT:USDT,0.8235,38006.0,0.8234,75116.0,0.8236,71101.0,0.8237,90559.0
1753617251859,11:54:11.859,binance,ADA/USDT:USDT,0.8235,48768.0,0.8234,75116.0,0.8236,71101.0,0.8237,86916.0
1753617252015,11:54:12.015,binance,ADA/USDT:USDT,0.8235,48768.0,0.8234,75116.0,0.8236,71101.0,0.8237,86916.0
1753617252118,11:54:12.118,binance,ADA/USDT:USDT,0.8235,48768.0,0.8234,75116.0,0.8236,71101.0,0.8237,86916.0
1753617252236,11:54:12.236,binance,ADA/USDT:USDT,0.8235,48812.0,0.8234,75029.0,0.8236,70927.0,0.8237,87090.0
1753617252386,11:54:12.386,binance,ADA/USDT:USDT,0.8235,48832.0,0.8234,75116.0,0.8236,62589.0,0.8237,87090.0
1753617252494,11:54:12.494,binance,ADA/USDT:USDT,0.8235,48832.0,0.8234,75116.0,0.8236,71149.0,0.8237,86916.0
1753617252605,11:54:12.605,binance,ADA/USDT:USDT,0.8235,48832.0,0.8234,75116.0,0.8236,69520.0,0.8237,86221.0
1753617252707,11:54:12.707,binance,ADA/USDT:USDT,0.8235,48832.0,0.8234,75116.0,0.8236,69520.0,0.8237,85979.0
1753617252808,11:54:12.808,binance,ADA/USDT:USDT,0.8235,48832.0,0.8234,75116.0,0.8236,69936.0,0.8237,86004.0
1753617252988,11:54:12.988,binance,ADA/USDT:USDT,0.8235,48832.0,0.8234,75116.0,0.8236,69936.0,0.8237,86920.0
1753617253126,11:54:13.126,binance,ADA/USDT:USDT,0.8235,48832.0,0.8234,75116.0,0.8236,69936.0,0.8237,86945.0
1753617253236,11:54:13.236,binance,ADA/USDT:USDT,0.8235,48879.0,0.8234,75116.0,0.8236,69936.0,0.8237,86945.0
1753617253420,11:54:13.420,binance,ADA/USDT:USDT,0.8235,48879.0,0.8234,75091.0,0.8236,83550.0,0.8237,87162.0
1753617253523,11:54:13.523,binance,ADA/USDT:USDT,0.8235,49271.0,0.8234,75091.0,0.8236,83533.0,0.8237,87162.0
1753617253626,11:54:13.626,binance,ADA/USDT:USDT,0.8235,55999.0,0.8234,77916.0,0.8236,83533.0,0.8237,81264.0
1753617253786,11:54:13.786,binance,ADA/USDT:USDT,0.8235,48737.0,0.8234,77916.0,0.8236,83533.0,0.8237,81264.0
1753617253926,11:54:13.926,binance,ADA/USDT:USDT,0.8235,48737.0,0.8234,77891.0,0.8236,83533.0,0.8237,81265.0
1753617254033,11:54:14.033,binance,ADA/USDT:USDT,0.8235,48737.0,0.8234,77916.0,0.8236,83533.0,0.8237,81265.0
1753617254136,11:54:14.136,binance,ADA/USDT:USDT,0.8235,47648.0,0.8234,77891.0,0.8236,83428.0,0.8237,90830.0
1753617254334,11:54:14.334,binance,ADA/USDT:USDT,0.8235,47644.0,0.8234,77891.0,0.8236,83638.0,0.8237,90563.0
1753617254438,11:54:14.438,binance,ADA/USDT:USDT,0.8235,47632.0,0.8234,77891.0,0.8236,83637.0,0.8237,90588.0
1753617254567,11:54:14.567,binance,ADA/USDT:USDT,0.8235,47632.0,0.8234,77891.0,0.8236,83617.0,0.8237,90830.0
1753617254689,11:54:14.689,binance,ADA/USDT:USDT,0.8235,47632.0,0.8234,77891.0,0.8236,83617.0,0.8237,90830.0
1753617254790,11:54:14.790,binance,ADA/USDT:USDT,0.8235,47632.0,0.8234,77891.0,0.8236,83617.0,0.8237,90715.0
1753617254897,11:54:14.897,binance,ADA/USDT:USDT,0.8235,48342.0,0.8234,77891.0,0.8236,83859.0,0.8237,90715.0
1753617254999,11:54:14.999,binance,ADA/USDT:USDT,0.8235,48764.0,0.8234,77891.0,0.8236,83859.0,0.8237,81150.0
1753617255100,11:54:15.100,binance,ADA/USDT:USDT,0.8235,55492.0,0.8234,77891.0,0.8236,83617.0,0.8237,81392.0
1753617255206,11:54:15.206,binance,ADA/USDT:USDT,0.8235,58105.0,0.8234,91063.0,0.8236,49023.0,0.8237,75574.0
1753617255310,11:54:15.310,binance,ADA/USDT:USDT,0.8235,65233.0,0.8234,91063.0,0.8236,38261.0,0.8237,72173.0
1753617255516,11:54:15.516,binance,ADA/USDT:USDT,0.8235,51421.0,0.8234,90492.0,0.8236,49040.0,0.8237,81713.0
1753617255618,11:54:15.618,binance,ADA/USDT:USDT,0.8235,51421.0,0.8234,90492.0,0.8236,49040.0,0.8237,82317.0
1753617255721,11:54:15.721,binance,ADA/USDT:USDT,0.8235,51334.0,0.8234,90554.0,0.8236,55768.0,0.8237,82317.0
1753617255950,11:54:15.950,binance,ADA/USDT:USDT,0.8235,40572.0,0.8234,90554.0,0.8236,55942.0,0.8237,82143.0
1753617256056,11:54:16.056,binance,ADA/USDT:USDT,0.8235,40572.0,0.8234,90579.0,0.8236,49214.0,0.8237,82143.0
1753617256308,11:54:16.308,binance,ADA/USDT:USDT,0.8235,40572.0,0.8234,90554.0,0.8236,56184.0,0.8237,81901.0
1753617256456,11:54:16.456,binance,ADA/USDT:USDT,0.8235,40579.0,0.8234,84954.0,0.8236,53119.0,0.8237,82118.0
1753617256562,11:54:16.562,binance,ADA/USDT:USDT,0.8235,40885.0,0.8234,84954.0,0.8236,68071.0,0.8237,81876.0
1753617256666,11:54:16.666,binance,ADA/USDT:USDT,0.8235,38441.0,0.8234,84954.0,0.8236,78818.0,0.8237,81901.0
1753617256771,11:54:16.771,binance,ADA/USDT:USDT,0.8235,38441.0,0.8234,84954.0,0.8236,78843.0,0.8237,81901.0
1753617256875,11:54:16.875,binance,ADA/USDT:USDT,0.8235,21021.0,0.8234,84954.0,0.8236,78843.0,0.8237,82747.0
1753617257007,11:54:17.007,binance,ADA/USDT:USDT,0.8235,38396.0,0.8234,84954.0,0.8236,61331.0,0.8237,85789.0
1753617257109,11:54:17.109,binance,ADA/USDT:USDT,0.8235,38396.0,0.8234,84954.0,0.8236,61331.0,0.8237,85764.0
1753617257248,11:54:17.248,binance,ADA/USDT:USDT,0.8235,38396.0,0.8234,84954.0,0.8236,61688.0,0.8237,85764.0
1753617257354,11:54:17.354,binance,ADA/USDT:USDT,0.8235,55911.0,0.8234,84954.0,0.8236,61692.0,0.8237,82896.0
1753617257456,11:54:17.456,binance,ADA/USDT:USDT,0.8235,49229.0,0.8234,84979.0,0.8236,61933.0,0.8237,82896.0
1753617257686,11:54:17.686,binance,ADA/USDT:USDT,0.8235,49229.0,0.8234,84954.0,0.8236,62272.0,0.8237,82722.0
1753617257829,11:54:17.829,binance,ADA/USDT:USDT,0.8235,49229.0,0.8234,84954.0,0.8236,68758.0,0.8237,82964.0
1753617257939,11:54:17.939,binance,ADA/USDT:USDT,0.8235,49229.0,0.8234,84954.0,0.8236,61909.0,0.8237,82023.0
1753617258043,11:54:18.043,binance,ADA/USDT:USDT,0.8235,49229.0,0.8234,84954.0,0.8236,68662.0,0.8237,82023.0
1753617258154,11:54:18.154,binance,ADA/USDT:USDT,0.8235,38467.0,0.8234,84954.0,0.8236,78912.0,0.8237,82023.0
1753617258256,11:54:18.256,binance,ADA/USDT:USDT,0.8235,38360.0,0.8234,84954.0,0.8236,79147.0,0.8237,81781.0
1753617258362,11:54:18.362,binance,ADA/USDT:USDT,0.8235,38624.0,0.8234,84954.0,0.8236,79147.0,0.8237,81781.0
1753617258464,11:54:18.464,binance,ADA/USDT:USDT,0.8235,38625.0,0.8234,84954.0,0.8236,68649.0,0.8237,85424.0
1753617258708,11:54:18.708,binance,ADA/USDT:USDT,0.8235,38625.0,0.8234,84954.0,0.8236,61654.0,0.8237,85666.0
1753617258811,11:54:18.811,binance,ADA/USDT:USDT,0.8235,49387.0,0.8234,84954.0,0.8236,61654.0,0.8237,81781.0
1753617258914,11:54:18.914,binance,ADA/USDT:USDT,0.8235,49387.0,0.8234,84979.0,0.8236,61896.0,0.8237,81781.0
1753617259016,11:54:19.016,binance,ADA/USDT:USDT,0.8235,49387.0,0.8234,84954.0,0.8236,68624.0,0.8237,82671.0
1753617259206,11:54:19.206,binance,ADA/USDT:USDT,0.8235,49387.0,0.8234,84954.0,0.8236,68624.0,0.8237,82671.0
1753617259323,11:54:19.323,binance,ADA/USDT:USDT,0.8235,49387.0,0.8234,84954.0,0.8236,61623.0,0.8237,82888.0
1753617259478,11:54:19.478,binance,ADA/USDT:USDT,0.8235,49496.0,0.8234,84954.0,0.8236,68330.0,0.8237,82646.0
1753617259608,11:54:19.608,binance,ADA/USDT:USDT,0.8235,38989.0,0.8234,84979.0,0.8236,68572.0,0.8237,82646.0
1753617259710,11:54:19.710,binance,ADA/USDT:USDT,0.8235,38989.0,0.8234,84954.0,0.8236,78605.0,0.8237,82646.0
1753617259827,11:54:19.827,binance,ADA/USDT:USDT,0.8235,38286.0,0.8234,84954.0,0.8236,77674.0,0.8237,82761.0
1753617259935,11:54:19.935,binance,ADA/USDT:USDT,0.8235,38110.0,0.8234,84954.0,0.8236,60747.0,0.8237,81896.0
1753617260036,11:54:20.036,binance,ADA/USDT:USDT,0.8235,38251.0,0.8234,84954.0,0.8236,60747.0,0.8237,81896.0
1753617260159,11:54:20.159,binance,ADA/USDT:USDT,0.8235,56280.0,0.8234,84979.0,0.8236,60674.0,0.8237,72356.0
1753617260263,11:54:20.263,binance,ADA/USDT:USDT,0.8235,56672.0,0.8234,85590.0,0.8236,60678.0,0.8237,72356.0
1753617260367,11:54:20.367,binance,ADA/USDT:USDT,0.8235,49948.0,0.8234,84979.0,0.8236,60678.0,0.8237,72356.0
1753617260472,11:54:20.472,binance,ADA/USDT:USDT,0.8235,49948.0,0.8234,84979.0,0.8236,60678.0,0.8237,72356.0
1753617260574,11:54:20.574,binance,ADA/USDT:USDT,0.8235,39230.0,0.8234,84954.0,0.8236,77183.0,0.8237,85539.0
1753617260677,11:54:20.677,binance,ADA/USDT:USDT,0.8235,39230.0,0.8234,84954.0,0.8236,77183.0,0.8237,85539.0
1753617260804,11:54:20.804,binance,ADA/USDT:USDT,0.8235,39230.0,0.8234,84954.0,0.8236,77425.0,0.8237,85297.0
1753617260905,11:54:20.905,binance,ADA/USDT:USDT,0.8235,39230.0,0.8234,84954.0,0.8236,77183.0,0.8237,85297.0
1753617261032,11:54:21.032,binance,ADA/USDT:USDT,0.8235,39230.0,0.8234,84954.0,0.8236,77183.0,0.8237,85539.0
1753617261138,11:54:21.138,binance,ADA/USDT:USDT,0.8235,39230.0,0.8234,84954.0,0.8236,60703.0,0.8237,85539.0
1753617261239,11:54:21.239,binance,ADA/USDT:USDT,0.8235,45958.0,0.8234,84954.0,0.8236,60920.0,0.8237,81654.0
1753617261350,11:54:21.350,binance,ADA/USDT:USDT,0.8235,39286.0,0.8234,84954.0,0.8236,77400.0,0.8237,81679.0
1753617261478,11:54:21.478,binance,ADA/USDT:USDT,0.8235,39286.0,0.8234,84954.0,0.8236,67648.0,0.8237,81679.0
1753617261589,11:54:21.589,binance,ADA/USDT:USDT,0.8235,39286.0,0.8234,84954.0,0.8236,67406.0,0.8237,81679.0
1753617261709,11:54:21.709,binance,ADA/USDT:USDT,0.8235,39286.0,0.8234,84979.0,0.8236,60678.0,0.8237,81921.0
1753617261839,11:54:21.839,binance,ADA/USDT:USDT,0.8235,39286.0,0.8234,84954.0,0.8236,77158.0,0.8237,81921.0
1753617261992,11:54:21.992,binance,ADA/USDT:USDT,0.8235,39286.0,0.8234,84979.0,0.8236,67406.0,0.8237,81921.0
1753617262097,11:54:22.097,binance,ADA/USDT:USDT,0.8235,50048.0,0.8234,84979.0,0.8236,67406.0,0.8237,81654.0
1753617262201,11:54:22.201,binance,ADA/USDT:USDT,0.8235,50073.0,0.8234,84979.0,0.8236,60587.0,0.8237,81654.0
1753617262302,11:54:22.302,binance,ADA/USDT:USDT,0.8235,50049.0,0.8234,84979.0,0.8236,60714.0,0.8237,81921.0
1753617262411,11:54:22.411,binance,ADA/USDT:USDT,0.8235,50049.0,0.8234,87779.0,0.8236,60714.0,0.8237,81896.0
1753617262516,11:54:22.516,binance,ADA/USDT:USDT,0.8235,57082.0,0.8234,87779.0,0.8236,60714.0,0.8237,81896.0
1753617262619,11:54:22.619,binance,ADA/USDT:USDT,0.8235,50329.0,0.8234,87754.0,0.8236,67684.0,0.8237,81679.0
1753617262729,11:54:22.729,binance,ADA/USDT:USDT,0.8235,50329.0,0.8234,87754.0,0.8236,77436.0,0.8237,81679.0
1753617262832,11:54:22.832,binance,ADA/USDT:USDT,0.8235,50329.0,0.8234,87754.0,0.8236,77426.0,0.8237,85322.0
1753617262934,11:54:22.934,binance,ADA/USDT:USDT,0.8235,50329.0,0.8234,87754.0,0.8236,67674.0,0.8237,85322.0
1753617263039,11:54:23.039,binance,ADA/USDT:USDT,0.8235,50329.0,0.8234,87779.0,0.8236,60946.0,0.8237,85297.0
1753617263142,11:54:23.142,binance,ADA/USDT:USDT,0.8235,50329.0,0.8234,87779.0,0.8236,60946.0,0.8237,81654.0
1753617263322,11:54:23.322,binance,ADA/USDT:USDT,0.8235,57082.0,0.8234,91511.0,0.8236,29918.0,0.8237,37862.0
1753617263425,11:54:23.425,binance,ADA/USDT:USDT,0.8235,50441.0,0.8234,91631.0,0.8236,29918.0,0.8237,47402.0
1753617263529,11:54:23.529,binance,ADA/USDT:USDT,0.8235,76693.0,0.8234,91631.0,0.8236,29918.0,0.8237,63715.0
1753617263635,11:54:23.635,binance,ADA/USDT:USDT,0.8235,76693.0,0.8234,91606.0,0.8236,42204.0,0.8237,63740.0
1753617263738,11:54:23.738,binance,ADA/USDT:USDT,0.8235,76693.0,0.8234,91631.0,0.8236,42204.0,0.8237,63982.0
1753617263851,11:54:23.851,binance,ADA/USDT:USDT,0.8235,83456.0,0.8234,91631.0,0.8236,29900.0,0.8237,63957.0
1753617263965,11:54:23.965,binance,ADA/USDT:USDT,0.8235,52116.0,0.8234,90674.0,0.8236,59865.0,0.8237,73348.0
1753617264081,11:54:24.081,binance,ADA/USDT:USDT,0.8235,52116.0,0.8234,90554.0,0.8236,63127.0,0.8237,73106.0
1753617264183,11:54:24.183,binance,ADA/USDT:USDT,0.8235,52116.0,0.8234,90554.0,0.8236,69613.0,0.8237,73106.0
1753617264291,11:54:24.291,binance,ADA/USDT:USDT,0.8235,52106.0,0.8234,90554.0,0.8236,59862.0,0.8237,73081.0
1753617264392,11:54:24.392,binance,ADA/USDT:USDT,0.8235,52116.0,0.8234,90554.0,0.8236,53134.0,0.8237,73348.0
1753617264505,11:54:24.505,binance,ADA/USDT:USDT,0.8235,52116.0,0.8234,91510.0,0.8236,53115.0,0.8237,73323.0
1753617264619,11:54:24.619,binance,ADA/USDT:USDT,0.8235,58841.0,0.8234,91510.0,0.8236,53115.0,0.8237,73925.0
1753617264761,11:54:24.761,binance,ADA/USDT:USDT,0.8235,66228.0,0.8234,91535.0,0.8236,51869.0,0.8237,63957.0
