timestamp,time,exchange,symbol,bid1_price,bid1_volume,bid2_price,bid2_volume,ask1_price,ask1_volume,ask2_price,ask2_volume
1753617155231,11:52:35.231,binance,A/USDT:USDT,0.57665,433.0,0.57664,10.0,0.57666,1069.0,0.57667,10.0
1753617155429,11:52:35.429,binance,A/USDT:USDT,0.57665,433.0,0.57664,10.0,0.57666,1069.0,0.57667,10.0
1753617155560,11:52:35.560,binance,A/USDT:USDT,0.57665,433.0,0.57664,10.0,0.57666,1068.0,0.57667,10.0
1753617156401,11:52:36.401,binance,A/USDT:USDT,0.57665,433.0,0.57664,10.0,0.57666,1068.0,0.57667,10.0
1753617156682,11:52:36.682,binance,A/USDT:USDT,0.57665,433.0,0.57664,10.0,0.57666,1071.0,0.57667,10.0
1753617157108,11:52:37.108,binance,A/USDT:USDT,0.57665,433.0,0.57664,10.0,0.57666,552.0,0.57667,10.0
1753617157217,11:52:37.217,binance,A/USDT:USDT,0.57665,433.0,0.57664,10.0,0.57666,1071.0,0.57667,10.0
1753617157371,11:52:37.371,binance,A/USDT:USDT,0.57665,813.0,0.57664,10.0,0.57666,1071.0,0.57667,10.0
1753617158002,11:52:38.002,binance,A/USDT:USDT,0.57665,813.0,0.57664,10.0,0.57666,1071.0,0.57667,10.0
1753617158105,11:52:38.105,binance,A/USDT:USDT,0.57665,813.0,0.57664,10.0,0.57666,1071.0,0.57667,10.0
1753617158571,11:52:38.571,binance,A/USDT:USDT,0.57665,813.0,0.57664,10.0,0.57666,1071.0,0.57667,10.0
1753617160111,11:52:40.111,binance,A/USDT:USDT,0.57665,639.0,0.57664,10.0,0.57666,1071.0,0.57667,10.0
1753617160215,11:52:40.215,binance,A/USDT:USDT,0.57665,639.0,0.57664,10.0,0.57666,1071.0,0.57667,10.0
1753617160629,11:52:40.629,binance,A/USDT:USDT,0.57665,639.0,0.57664,10.0,0.57666,552.0,0.57667,10.0
1753617162675,11:52:42.675,binance,A/USDT:USDT,0.57665,639.0,0.57664,10.0,0.57666,1071.0,0.57667,10.0
1753617163032,11:52:43.032,binance,A/USDT:USDT,0.57665,639.0,0.57664,10.0,0.57666,552.0,0.57667,10.0
1753617163139,11:52:43.139,binance,A/USDT:USDT,0.57665,639.0,0.57664,10.0,0.57666,1071.0,0.57667,10.0
1753617163582,11:52:43.582,binance,A/USDT:USDT,0.57665,639.0,0.57664,10.0,0.57666,1071.0,0.57667,10.0
1753617163875,11:52:43.875,binance,A/USDT:USDT,0.57665,639.0,0.57664,10.0,0.57666,927.0,0.57667,10.0
1753617164328,11:52:44.328,binance,A/USDT:USDT,0.57665,639.0,0.57664,10.0,0.57666,927.0,0.57667,10.0
1753617164659,11:52:44.659,binance,A/USDT:USDT,0.57665,639.0,0.57664,10.0,0.57666,927.0,0.57667,10.0
1753617165470,11:52:45.470,binance,A/USDT:USDT,0.57665,639.0,0.57664,10.0,0.57666,408.0,0.57667,10.0
1753617165573,11:52:45.573,binance,A/USDT:USDT,0.57665,639.0,0.57664,10.0,0.57666,927.0,0.57667,10.0
1753617165710,11:52:45.710,binance,A/USDT:USDT,0.57665,639.0,0.57664,10.0,0.57666,927.0,0.57667,10.0
1753617165814,11:52:45.814,binance,A/USDT:USDT,0.57665,639.0,0.57664,10.0,0.57666,927.0,0.57667,10.0
1753617166110,11:52:46.110,binance,A/USDT:USDT,0.57665,639.0,0.57664,10.0,0.57666,927.0,0.57667,10.0
1753617166715,11:52:46.715,binance,A/USDT:USDT,0.57665,639.0,0.57664,10.0,0.57666,408.0,0.57667,10.0
1753617166816,11:52:46.816,binance,A/USDT:USDT,0.57665,639.0,0.57664,10.0,0.57666,927.0,0.57667,10.0
1753617166958,11:52:46.958,binance,A/USDT:USDT,0.57665,639.0,0.57664,10.0,0.57666,927.0,0.57667,10.0
1753617167110,11:52:47.110,binance,A/USDT:USDT,0.57665,639.0,0.57664,10.0,0.57666,927.0,0.57667,10.0
1753617167250,11:52:47.250,binance,A/USDT:USDT,0.57665,654.0,0.57664,10.0,0.57666,927.0,0.57667,10.0
1753617167361,11:52:47.361,binance,A/USDT:USDT,0.57665,654.0,0.57664,10.0,0.57666,927.0,0.57667,10.0
1753617167902,11:52:47.902,binance,A/USDT:USDT,0.57665,654.0,0.57664,10.0,0.57666,408.0,0.57667,10.0
1753617168019,11:52:48.019,binance,A/USDT:USDT,0.57665,654.0,0.57664,10.0,0.57666,927.0,0.57667,10.0
1753617168143,11:52:48.143,binance,A/USDT:USDT,0.57665,654.0,0.57664,10.0,0.57666,927.0,0.57667,10.0
1753617168432,11:52:48.432,binance,A/USDT:USDT,0.57665,654.0,0.57664,10.0,0.57666,927.0,0.57667,10.0
1753617168559,11:52:48.559,binance,A/USDT:USDT,0.57665,654.0,0.57664,10.0,0.57666,927.0,0.57667,10.0
1753617168982,11:52:48.982,binance,A/USDT:USDT,0.57665,654.0,0.57664,10.0,0.57666,927.0,0.57667,10.0
1753617169109,11:52:49.109,binance,A/USDT:USDT,0.57665,654.0,0.57664,10.0,0.57666,408.0,0.57667,10.0
1753617170042,11:52:50.042,binance,A/USDT:USDT,0.57665,654.0,0.57664,10.0,0.57666,927.0,0.57667,10.0
1753617170145,11:52:50.145,binance,A/USDT:USDT,0.57665,654.0,0.57664,10.0,0.57666,927.0,0.57667,10.0
1753617170319,11:52:50.319,binance,A/USDT:USDT,0.57665,654.0,0.57664,10.0,0.57666,927.0,0.57667,10.0
1753617170422,11:52:50.422,binance,A/USDT:USDT,0.57665,654.0,0.57664,10.0,0.57666,927.0,0.57667,10.0
1753617170542,11:52:50.542,binance,A/USDT:USDT,0.57665,654.0,0.57664,10.0,0.57666,927.0,0.57667,10.0
1753617170702,11:52:50.702,binance,A/USDT:USDT,0.57665,654.0,0.57664,10.0,0.57666,927.0,0.57667,10.0
1753617171109,11:52:51.109,binance,A/USDT:USDT,0.57665,654.0,0.57664,10.0,0.57666,927.0,0.57667,10.0
1753617171407,11:52:51.407,binance,A/USDT:USDT,0.57665,654.0,0.57664,10.0,0.57666,927.0,0.57667,10.0
1753617171519,11:52:51.519,binance,A/USDT:USDT,0.57665,654.0,0.57664,10.0,0.57667,10.0,0.57673,18.0
1753617171620,11:52:51.620,binance,A/USDT:USDT,0.57666,194.0,0.57665,654.0,0.57673,537.0,0.57678,48.0
1753617171723,11:52:51.723,binance,A/USDT:USDT,0.57666,194.0,0.57665,654.0,0.57673,537.0,0.57678,48.0
1753617172110,11:52:52.110,binance,A/USDT:USDT,0.57666,194.0,0.57665,654.0,0.57673,537.0,0.57678,48.0
1753617172241,11:52:52.241,binance,A/USDT:USDT,0.57666,194.0,0.57665,654.0,0.57673,537.0,0.57678,48.0
1753617172735,11:52:52.735,binance,A/USDT:USDT,0.57668,194.0,0.57667,139.0,0.57673,18.0,0.57678,48.0
1753617172974,11:52:52.974,binance,A/USDT:USDT,0.57668,194.0,0.57667,139.0,0.57673,537.0,0.57678,48.0
1753617173111,11:52:53.111,binance,A/USDT:USDT,0.57668,194.0,0.57667,139.0,0.57673,537.0,0.57678,48.0
1753617173302,11:52:53.302,binance,A/USDT:USDT,0.57668,194.0,0.57667,139.0,0.57673,537.0,0.57678,48.0
1753617173597,11:52:53.597,binance,A/USDT:USDT,0.57667,139.0,0.57666,9.0,0.57673,537.0,0.57678,48.0
1753617173700,11:52:53.700,binance,A/USDT:USDT,0.57667,139.0,0.57666,9.0,0.57673,537.0,0.57678,48.0
1753617173888,11:52:53.888,binance,A/USDT:USDT,0.57667,139.0,0.57666,9.0,0.57673,537.0,0.57678,48.0
1753617174018,11:52:54.018,binance,A/USDT:USDT,0.57667,139.0,0.57666,9.0,0.57673,537.0,0.57678,48.0
1753617174119,11:52:54.119,binance,A/USDT:USDT,0.57667,139.0,0.57666,9.0,0.57673,537.0,0.57678,48.0
1753617174301,11:52:54.301,binance,A/USDT:USDT,0.57667,139.0,0.57666,9.0,0.57673,537.0,0.57678,48.0
1753617174619,11:52:54.619,binance,A/USDT:USDT,0.57667,139.0,0.57666,9.0,0.57673,537.0,0.57678,48.0
1753617174721,11:52:54.721,binance,A/USDT:USDT,0.57667,139.0,0.57666,9.0,0.57673,537.0,0.57678,48.0
1753617175030,11:52:55.030,binance,A/USDT:USDT,0.57667,139.0,0.57666,9.0,0.57673,537.0,0.57678,48.0
1753617175133,11:52:55.133,binance,A/USDT:USDT,0.57667,139.0,0.57666,9.0,0.57673,18.0,0.57678,48.0
1753617175250,11:52:55.250,binance,A/USDT:USDT,0.57667,139.0,0.57666,9.0,0.57673,537.0,0.57678,48.0
1753617175421,11:52:55.421,binance,A/USDT:USDT,0.57667,139.0,0.57666,9.0,0.57673,537.0,0.57678,48.0
1753617175562,11:52:55.562,binance,A/USDT:USDT,0.57667,139.0,0.57666,9.0,0.57673,537.0,0.57678,48.0
1753617176109,11:52:56.109,binance,A/USDT:USDT,0.57667,139.0,0.57666,9.0,0.57673,537.0,0.57678,48.0
1753617176415,11:52:56.415,binance,A/USDT:USDT,0.57667,139.0,0.57666,9.0,0.57673,18.0,0.57678,48.0
1753617176516,11:52:56.516,binance,A/USDT:USDT,0.57666,208.0,0.57665,654.0,0.57672,94.0,0.57673,537.0
1753617176822,11:52:56.822,binance,A/USDT:USDT,0.57666,208.0,0.57665,654.0,0.57672,94.0,0.57673,537.0
1753617177071,11:52:57.071,binance,A/USDT:USDT,0.57666,208.0,0.57665,654.0,0.57672,94.0,0.57673,537.0
1753617177602,11:52:57.602,binance,A/USDT:USDT,0.57666,208.0,0.57665,654.0,0.57672,94.0,0.57673,18.0
1753617177720,11:52:57.720,binance,A/USDT:USDT,0.57666,208.0,0.57665,654.0,0.57672,613.0,0.57673,18.0
1753617178109,11:52:58.109,binance,A/USDT:USDT,0.57666,208.0,0.57665,654.0,0.57672,613.0,0.57673,18.0
1753617178213,11:52:58.213,binance,A/USDT:USDT,0.57666,208.0,0.57665,654.0,0.57672,613.0,0.57673,18.0
1753617178918,11:52:58.918,binance,A/USDT:USDT,0.57666,208.0,0.57665,654.0,0.57673,537.0,0.57678,48.0
1753617179068,11:52:59.068,binance,A/USDT:USDT,0.57666,208.0,0.57665,654.0,0.57673,537.0,0.57678,48.0
1753617179189,11:52:59.189,binance,A/USDT:USDT,0.57666,208.0,0.57665,654.0,0.57673,537.0,0.57678,48.0
1753617179402,11:52:59.402,binance,A/USDT:USDT,0.57666,208.0,0.57665,654.0,0.57673,537.0,0.57678,48.0
1753617179645,11:52:59.645,binance,A/USDT:USDT,0.57666,208.0,0.57665,654.0,0.57673,537.0,0.57678,48.0
1753617179829,11:52:59.829,binance,A/USDT:USDT,0.57666,208.0,0.57665,654.0,0.57673,537.0,0.57678,48.0
1753617179933,11:52:59.933,binance,A/USDT:USDT,0.57666,208.0,0.57665,654.0,0.57672,139.0,0.57673,18.0
1753617180109,11:53:00.109,binance,A/USDT:USDT,0.57666,208.0,0.57665,654.0,0.57672,658.0,0.57678,48.0
1753617180451,11:53:00.451,binance,A/USDT:USDT,0.57666,208.0,0.57665,654.0,0.57672,658.0,0.57678,48.0
1753617180960,11:53:00.960,binance,A/USDT:USDT,0.57666,208.0,0.57665,654.0,0.57672,658.0,0.57678,48.0
1753617181110,11:53:01.110,binance,A/USDT:USDT,0.57666,208.0,0.57665,654.0,0.57672,658.0,0.57678,48.0
1753617181216,11:53:01.216,binance,A/USDT:USDT,0.57666,208.0,0.57665,654.0,0.57672,139.0,0.57678,48.0
1753617181317,11:53:01.317,binance,A/USDT:USDT,0.57666,208.0,0.57665,654.0,0.57672,658.0,0.57678,48.0
1753617181502,11:53:01.502,binance,A/USDT:USDT,0.57666,208.0,0.57665,654.0,0.57672,658.0,0.57678,48.0
1753617181726,11:53:01.726,binance,A/USDT:USDT,0.57666,208.0,0.57665,654.0,0.57672,658.0,0.57678,48.0
1753617182057,11:53:02.057,binance,A/USDT:USDT,0.57666,9.0,0.57665,654.0,0.57669,94.0,0.57672,658.0
1753617182164,11:53:02.164,binance,A/USDT:USDT,0.57666,9.0,0.57665,654.0,0.57669,94.0,0.57672,658.0
1753617182415,11:53:02.415,binance,A/USDT:USDT,0.57666,9.0,0.57665,654.0,0.57669,94.0,0.57672,139.0
1753617182516,11:53:02.516,binance,A/USDT:USDT,0.57666,9.0,0.57665,654.0,0.57669,613.0,0.57672,139.0
1753617182621,11:53:02.621,binance,A/USDT:USDT,0.57666,9.0,0.57665,654.0,0.57669,613.0,0.57672,139.0
1753617182767,11:53:02.767,binance,A/USDT:USDT,0.57667,139.0,0.57666,199.0,0.57669,519.0,0.57678,48.0
1753617182869,11:53:02.869,binance,A/USDT:USDT,0.57668,190.0,0.57667,139.0,0.57669,519.0,0.57678,48.0
1753617182970,11:53:02.970,binance,A/USDT:USDT,0.57668,190.0,0.57667,139.0,0.57669,519.0,0.57678,48.0
1753617183462,11:53:03.462,binance,A/USDT:USDT,0.57668,190.0,0.57667,139.0,0.57678,19.0,0.57683,10.0
1753617183579,11:53:03.579,binance,A/USDT:USDT,0.57668,190.0,0.57667,139.0,0.57678,10.0,0.57683,10.0
1753617183681,11:53:03.681,binance,A/USDT:USDT,0.57673,241.0,0.57672,181.0,0.57683,10.0,0.57684,39.0
1753617183782,11:53:03.782,binance,A/USDT:USDT,0.57681,41.0,0.57679,231.0,0.5769,39.0,0.57696,89.0
1753617183904,11:53:03.904,binance,A/USDT:USDT,0.57682,139.0,0.57681,231.0,0.5769,10.0,0.57696,89.0
1753617184007,11:53:04.007,binance,A/USDT:USDT,0.57683,235.0,0.57682,139.0,0.5769,10.0,0.57696,89.0
1753617184112,11:53:04.112,binance,A/USDT:USDT,0.57684,190.0,0.57683,45.0,0.5769,10.0,0.57696,89.0
1753617184218,11:53:04.218,binance,A/USDT:USDT,0.57684,190.0,0.57682,139.0,0.5769,10.0,0.57696,89.0
1753617184542,11:53:04.542,binance,A/USDT:USDT,0.57684,190.0,0.57682,139.0,0.5769,10.0,0.57695,21.0
1753617184646,11:53:04.646,binance,A/USDT:USDT,0.57684,190.0,0.57682,139.0,0.5769,10.0,0.57695,21.0
1753617184861,11:53:04.861,binance,A/USDT:USDT,0.57684,190.0,0.57682,139.0,0.5769,10.0,0.57695,21.0
1753617184981,11:53:04.981,binance,A/USDT:USDT,0.57684,190.0,0.57682,139.0,0.5769,10.0,0.57695,21.0
1753617185108,11:53:05.108,binance,A/USDT:USDT,0.57684,190.0,0.57682,139.0,0.5769,10.0,0.57695,21.0
1753617185210,11:53:05.210,binance,A/USDT:USDT,0.57684,190.0,0.57682,139.0,0.5769,10.0,0.57696,89.0
1753617185493,11:53:05.493,binance,A/USDT:USDT,0.57684,190.0,0.57682,139.0,0.5769,10.0,0.57696,60.0
1753617185671,11:53:05.671,binance,A/USDT:USDT,0.57684,190.0,0.57682,139.0,0.5769,10.0,0.57695,18.0
1753617185773,11:53:05.773,binance,A/USDT:USDT,0.57688,139.0,0.57687,11.0,0.5769,10.0,0.57695,18.0
1753617185884,11:53:05.884,binance,A/USDT:USDT,0.57688,139.0,0.57687,11.0,0.5769,10.0,0.57696,19.0
1753617186011,11:53:06.011,binance,A/USDT:USDT,0.57688,139.0,0.57687,11.0,0.5769,10.0,0.57696,19.0
1753617186144,11:53:06.144,binance,A/USDT:USDT,0.57688,139.0,0.57687,11.0,0.5769,10.0,0.57696,19.0
1753617187401,11:53:07.401,binance,A/USDT:USDT,0.57688,139.0,0.57687,11.0,0.5769,10.0,0.57696,19.0
1753617187951,11:53:07.951,binance,A/USDT:USDT,0.57688,139.0,0.57687,11.0,0.5769,10.0,0.57696,19.0
1753617188471,11:53:08.471,binance,A/USDT:USDT,0.57688,139.0,0.57687,11.0,0.5769,10.0,0.57696,19.0
1753617189110,11:53:09.110,binance,A/USDT:USDT,0.57688,139.0,0.57687,11.0,0.5769,10.0,0.57696,19.0
1753617189430,11:53:09.430,binance,A/USDT:USDT,0.57688,139.0,0.57687,11.0,0.5769,10.0,0.57696,19.0
1753617189538,11:53:09.538,binance,A/USDT:USDT,0.57688,139.0,0.57687,11.0,0.5769,10.0,0.57696,19.0
1753617189651,11:53:09.651,binance,A/USDT:USDT,0.57688,139.0,0.57687,11.0,0.5769,10.0,0.57696,19.0
1753617189848,11:53:09.848,binance,A/USDT:USDT,0.57688,139.0,0.57687,11.0,0.5769,10.0,0.57696,19.0
1753617189952,11:53:09.952,binance,A/USDT:USDT,0.57688,139.0,0.57687,11.0,0.5769,10.0,0.57696,19.0
1753617190110,11:53:10.110,binance,A/USDT:USDT,0.57688,139.0,0.57687,11.0,0.5769,10.0,0.57696,19.0
1753617190261,11:53:10.261,binance,A/USDT:USDT,0.57688,139.0,0.57687,11.0,0.5769,10.0,0.57696,19.0
1753617190470,11:53:10.470,binance,A/USDT:USDT,0.57688,139.0,0.57687,11.0,0.5769,10.0,0.57696,19.0
1753617190604,11:53:10.604,binance,A/USDT:USDT,0.57688,139.0,0.57687,11.0,0.5769,10.0,0.57696,19.0
1753617190742,11:53:10.742,binance,A/USDT:USDT,0.57688,139.0,0.57687,11.0,0.5769,10.0,0.57696,19.0
1753617191096,11:53:11.096,binance,A/USDT:USDT,0.57688,139.0,0.57687,11.0,0.5769,10.0,0.57696,19.0
1753617191269,11:53:11.269,binance,A/USDT:USDT,0.57688,139.0,0.57687,11.0,0.5769,10.0,0.57696,19.0
1753617191781,11:53:11.781,binance,A/USDT:USDT,0.57688,139.0,0.57687,11.0,0.5769,10.0,0.57696,19.0
1753617191884,11:53:11.884,binance,A/USDT:USDT,0.57688,139.0,0.57687,11.0,0.5769,10.0,0.57696,19.0
1753617192109,11:53:12.109,binance,A/USDT:USDT,0.57688,139.0,0.57687,11.0,0.5769,10.0,0.57696,19.0
1753617192981,11:53:12.981,binance,A/USDT:USDT,0.57688,139.0,0.57687,11.0,0.5769,10.0,0.57696,19.0
1753617193111,11:53:13.111,binance,A/USDT:USDT,0.57688,139.0,0.57687,11.0,0.5769,10.0,0.57696,19.0
1753617193502,11:53:13.502,binance,A/USDT:USDT,0.57688,139.0,0.57687,11.0,0.5769,10.0,0.57696,19.0
1753617193925,11:53:13.925,binance,A/USDT:USDT,0.57688,139.0,0.57687,11.0,0.5769,10.0,0.57695,23.0
1753617194049,11:53:14.049,binance,A/USDT:USDT,0.57688,139.0,0.57687,11.0,0.5769,10.0,0.57695,23.0
1753617194230,11:53:14.230,binance,A/USDT:USDT,0.57688,139.0,0.57687,11.0,0.5769,10.0,0.57695,23.0
1753617194425,11:53:14.425,binance,A/USDT:USDT,0.57688,139.0,0.57687,11.0,0.5769,10.0,0.57695,23.0
1753617194558,11:53:14.558,binance,A/USDT:USDT,0.57688,139.0,0.57687,11.0,0.5769,10.0,0.57696,19.0
1753617195282,11:53:15.282,binance,A/USDT:USDT,0.57688,139.0,0.57687,11.0,0.5769,10.0,0.57696,19.0
1753617195631,11:53:15.631,binance,A/USDT:USDT,0.57688,139.0,0.57687,11.0,0.5769,10.0,0.57696,19.0
1753617195923,11:53:15.923,binance,A/USDT:USDT,0.57688,139.0,0.57687,11.0,0.5769,10.0,0.57696,19.0
1753617196112,11:53:16.112,binance,A/USDT:USDT,0.57688,139.0,0.57687,11.0,0.5769,10.0,0.57696,19.0
1753617196301,11:53:16.301,binance,A/USDT:USDT,0.57688,149.0,0.57687,11.0,0.5769,10.0,0.57696,19.0
1753617196802,11:53:16.802,binance,A/USDT:USDT,0.57688,149.0,0.57687,11.0,0.5769,10.0,0.57696,19.0
1753617197044,11:53:17.044,binance,A/USDT:USDT,0.57688,149.0,0.57687,11.0,0.5769,10.0,0.57696,19.0
1753617197145,11:53:17.145,binance,A/USDT:USDT,0.57688,149.0,0.57687,11.0,0.5769,10.0,0.57696,19.0
1753617197257,11:53:17.257,binance,A/USDT:USDT,0.57688,159.0,0.57686,172.0,0.5769,10.0,0.57696,19.0
1753617197365,11:53:17.365,binance,A/USDT:USDT,0.57688,159.0,0.57686,172.0,0.5769,10.0,0.57696,19.0
1753617197470,11:53:17.470,binance,A/USDT:USDT,0.57688,159.0,0.57686,172.0,0.5769,10.0,0.57696,19.0
1753617197582,11:53:17.582,binance,A/USDT:USDT,0.57688,159.0,0.57686,172.0,0.5769,10.0,0.57696,19.0
1753617197803,11:53:17.803,binance,A/USDT:USDT,0.57688,159.0,0.57686,172.0,0.5769,10.0,0.57696,19.0
1753617198088,11:53:18.088,binance,A/USDT:USDT,0.57689,188.0,0.57688,159.0,0.5769,10.0,0.57696,19.0
1753617198391,11:53:18.391,binance,A/USDT:USDT,0.57689,188.0,0.57688,159.0,0.5769,10.0,0.57696,19.0
1753617198566,11:53:18.566,binance,A/USDT:USDT,0.57689,188.0,0.57688,159.0,0.5769,10.0,0.57696,19.0
1753617198902,11:53:18.902,binance,A/USDT:USDT,0.57689,188.0,0.57688,159.0,0.5769,10.0,0.57696,19.0
1753617199030,11:53:19.030,binance,A/USDT:USDT,0.57689,188.0,0.57688,159.0,0.5769,10.0,0.57696,19.0
1753617199145,11:53:19.145,binance,A/USDT:USDT,0.57689,188.0,0.57688,159.0,0.5769,10.0,0.57696,19.0
1753617199280,11:53:19.280,binance,A/USDT:USDT,0.57697,79.0,0.57696,172.0,0.57702,10.0,0.57708,48.0
1753617199486,11:53:19.486,binance,A/USDT:USDT,0.57697,79.0,0.57691,214.0,0.57702,10.0,0.57708,48.0
1753617199612,11:53:19.612,binance,A/USDT:USDT,0.57697,79.0,0.57691,214.0,0.57702,10.0,0.57708,48.0
1753617199853,11:53:19.853,binance,A/USDT:USDT,0.57697,79.0,0.57691,214.0,0.57702,10.0,0.57708,48.0
1753617199957,11:53:19.957,binance,A/USDT:USDT,0.57697,79.0,0.57691,214.0,0.57702,10.0,0.57708,48.0
1753617200059,11:53:20.059,binance,A/USDT:USDT,0.57697,79.0,0.57691,172.0,0.57698,308.0,0.57702,10.0
1753617200160,11:53:20.160,binance,A/USDT:USDT,0.57697,79.0,0.57691,172.0,0.57698,308.0,0.57702,10.0
1753617200382,11:53:20.382,binance,A/USDT:USDT,0.57697,79.0,0.57691,172.0,0.57698,308.0,0.57702,10.0
1753617200485,11:53:20.485,binance,A/USDT:USDT,0.57697,79.0,0.57691,172.0,0.57698,308.0,0.57702,10.0
1753617200588,11:53:20.588,binance,A/USDT:USDT,0.57697,79.0,0.5769,139.0,0.57698,308.0,0.57702,10.0
1753617200690,11:53:20.690,binance,A/USDT:USDT,0.57697,79.0,0.5769,139.0,0.57698,94.0,0.57702,10.0
1753617201002,11:53:21.002,binance,A/USDT:USDT,0.57697,79.0,0.5769,139.0,0.57698,94.0,0.57702,10.0
1753617201110,11:53:21.110,binance,A/USDT:USDT,0.57697,79.0,0.5769,139.0,0.57702,10.0,0.57704,194.0
1753617201265,11:53:21.265,binance,A/USDT:USDT,0.57697,79.0,0.57691,63.0,0.57702,10.0,0.57708,48.0
1753617201368,11:53:21.368,binance,A/USDT:USDT,0.57697,79.0,0.57691,63.0,0.57702,10.0,0.57708,48.0
1753617201575,11:53:21.575,binance,A/USDT:USDT,0.57697,79.0,0.57691,63.0,0.57702,10.0,0.57708,48.0
1753617201701,11:53:21.701,binance,A/USDT:USDT,0.57697,79.0,0.57691,63.0,0.57702,10.0,0.57708,48.0
1753617202102,11:53:22.102,binance,A/USDT:USDT,0.57697,79.0,0.57691,63.0,0.57702,10.0,0.57708,48.0
1753617202701,11:53:22.701,binance,A/USDT:USDT,0.57697,79.0,0.57691,63.0,0.57702,10.0,0.57708,48.0
1753617202912,11:53:22.912,binance,A/USDT:USDT,0.57688,159.0,0.57686,29.0,0.57694,94.0,0.57698,214.0
1753617203015,11:53:23.015,binance,A/USDT:USDT,0.57688,159.0,0.57686,29.0,0.57694,94.0,0.57698,214.0
1753617203118,11:53:23.118,binance,A/USDT:USDT,0.57688,159.0,0.57686,29.0,0.57694,94.0,0.57698,214.0
1753617203221,11:53:23.221,binance,A/USDT:USDT,0.57688,159.0,0.57686,29.0,0.57694,94.0,0.57698,214.0
1753617203403,11:53:23.403,binance,A/USDT:USDT,0.57688,159.0,0.57686,29.0,0.57694,94.0,0.57698,214.0
1753617203538,11:53:23.538,binance,A/USDT:USDT,0.57688,159.0,0.57686,29.0,0.57694,94.0,0.57702,39.0
1753617203761,11:53:23.761,binance,A/USDT:USDT,0.57688,159.0,0.57686,29.0,0.57694,94.0,0.57702,39.0
1753617203863,11:53:23.863,binance,A/USDT:USDT,0.57688,159.0,0.57686,29.0,0.57694,94.0,0.57702,39.0
1753617204053,11:53:24.053,binance,A/USDT:USDT,0.57688,159.0,0.57686,29.0,0.57694,94.0,0.57702,39.0
1753617204641,11:53:24.641,binance,A/USDT:USDT,0.57688,20.0,0.57686,29.0,0.57695,94.0,0.57701,217.0
1753617204861,11:53:24.861,binance,A/USDT:USDT,0.57688,20.0,0.57686,29.0,0.57695,94.0,0.57701,217.0
1753617204971,11:53:24.971,binance,A/USDT:USDT,0.57688,20.0,0.57686,29.0,0.57695,94.0,0.57701,217.0
1753617205110,11:53:25.110,binance,A/USDT:USDT,0.57688,20.0,0.57686,29.0,0.57695,94.0,0.57701,217.0
1753617205232,11:53:25.232,binance,A/USDT:USDT,0.57688,20.0,0.57686,29.0,0.57695,94.0,0.57701,217.0
1753617205357,11:53:25.357,binance,A/USDT:USDT,0.5769,194.0,0.57689,217.0,0.57702,10.0,0.57708,48.0
1753617205459,11:53:25.459,binance,A/USDT:USDT,0.5769,194.0,0.57689,217.0,0.57702,10.0,0.57708,48.0
1753617205607,11:53:25.607,binance,A/USDT:USDT,0.5769,194.0,0.57689,217.0,0.57702,10.0,0.57708,48.0
1753617205766,11:53:25.766,binance,A/USDT:USDT,0.5769,194.0,0.57689,217.0,0.57702,10.0,0.57708,48.0
1753617206206,11:53:26.206,binance,A/USDT:USDT,0.5769,194.0,0.57689,217.0,0.57702,10.0,0.57708,48.0
1753617206396,11:53:26.396,binance,A/USDT:USDT,0.5769,194.0,0.57689,217.0,0.57702,10.0,0.57708,48.0
1753617206499,11:53:26.499,binance,A/USDT:USDT,0.57694,333.0,0.57693,172.0,0.57702,10.0,0.57708,48.0
1753617206602,11:53:26.602,binance,A/USDT:USDT,0.57695,194.0,0.57694,333.0,0.57702,10.0,0.57708,48.0
1753617206759,11:53:26.759,binance,A/USDT:USDT,0.57695,194.0,0.57694,139.0,0.57702,10.0,0.57708,48.0
1753617207002,11:53:27.002,binance,A/USDT:USDT,0.57695,194.0,0.57694,139.0,0.57702,10.0,0.57708,48.0
1753617207110,11:53:27.110,binance,A/USDT:USDT,0.57695,194.0,0.57694,139.0,0.57702,10.0,0.57708,48.0
1753617207238,11:53:27.238,binance,A/USDT:USDT,0.57695,194.0,0.57694,139.0,0.57702,10.0,0.57708,48.0
1753617207540,11:53:27.540,binance,A/USDT:USDT,0.57695,194.0,0.57694,139.0,0.57702,10.0,0.57708,48.0
1753617208051,11:53:28.051,binance,A/USDT:USDT,0.57695,194.0,0.57694,139.0,0.57702,10.0,0.57708,19.0
1753617208153,11:53:28.153,binance,A/USDT:USDT,0.57695,194.0,0.57694,139.0,0.57702,10.0,0.57708,19.0
1753617208458,11:53:28.458,binance,A/USDT:USDT,0.57695,366.0,0.57694,139.0,0.57702,10.0,0.57708,19.0
1753617208561,11:53:28.561,binance,A/USDT:USDT,0.57695,366.0,0.57694,139.0,0.57702,10.0,0.57708,19.0
1753617208712,11:53:28.712,binance,A/USDT:USDT,0.57695,366.0,0.57694,139.0,0.57702,10.0,0.57708,19.0
1753617208951,11:53:28.951,binance,A/USDT:USDT,0.57695,366.0,0.57694,139.0,0.57702,10.0,0.57708,19.0
1753617209082,11:53:29.082,binance,A/USDT:USDT,0.57695,366.0,0.57694,139.0,0.57702,10.0,0.57708,19.0
1753617209251,11:53:29.251,binance,A/USDT:USDT,0.57695,366.0,0.57694,139.0,0.57702,10.0,0.57708,19.0
1753617209615,11:53:29.615,binance,A/USDT:USDT,0.57695,366.0,0.57694,139.0,0.57702,10.0,0.57708,19.0
1753617209718,11:53:29.718,binance,A/USDT:USDT,0.57695,366.0,0.57694,139.0,0.57702,10.0,0.57708,19.0
1753617209955,11:53:29.955,binance,A/USDT:USDT,0.57696,194.0,0.57695,172.0,0.57702,10.0,0.57708,19.0
1753617210087,11:53:30.087,binance,A/USDT:USDT,0.57696,194.0,0.57695,172.0,0.57702,10.0,0.57708,19.0
1753617210202,11:53:30.202,binance,A/USDT:USDT,0.57696,194.0,0.57695,172.0,0.57699,10.0,0.57702,10.0
1753617210426,11:53:30.426,binance,A/USDT:USDT,0.57696,194.0,0.57695,172.0,0.57699,10.0,0.57702,10.0
1753617210556,11:53:30.556,binance,A/USDT:USDT,0.57696,194.0,0.57695,172.0,0.57699,10.0,0.57702,10.0
1753617210664,11:53:30.664,binance,A/USDT:USDT,0.57696,194.0,0.57695,172.0,0.57699,10.0,0.57702,10.0
1753617211109,11:53:31.109,binance,A/USDT:USDT,0.57696,194.0,0.57695,172.0,0.57699,10.0,0.57702,10.0
1753617211302,11:53:31.302,binance,A/USDT:USDT,0.57696,194.0,0.57695,172.0,0.57699,10.0,0.57702,10.0
1753617211556,11:53:31.556,binance,A/USDT:USDT,0.57696,194.0,0.57695,172.0,0.57699,10.0,0.57702,10.0
1753617211790,11:53:31.790,binance,A/USDT:USDT,0.57702,64.0,0.57701,655.0,0.57708,10.0,0.57714,10.0
1753617211895,11:53:31.895,binance,A/USDT:USDT,0.57703,331.0,0.57702,70.0,0.57714,10.0,0.57716,5325.0
1753617212000,11:53:32.000,binance,A/USDT:USDT,0.57703,331.0,0.57702,70.0,0.57714,10.0,0.57716,5325.0
1753617212110,11:53:32.110,binance,A/USDT:USDT,0.57703,331.0,0.57702,70.0,0.57714,10.0,0.57716,5325.0
1753617212213,11:53:32.213,binance,A/USDT:USDT,0.57704,192.0,0.57703,326.0,0.57714,10.0,0.57716,5325.0
1753617212323,11:53:32.323,binance,A/USDT:USDT,0.57704,192.0,0.57703,326.0,0.57714,10.0,0.57716,5325.0
1753617212445,11:53:32.445,binance,A/USDT:USDT,0.57704,192.0,0.57703,139.0,0.57714,10.0,0.57716,5325.0
1753617212932,11:53:32.932,binance,A/USDT:USDT,0.57704,192.0,0.57703,139.0,0.57714,10.0,0.57716,5325.0
1753617213431,11:53:33.431,binance,A/USDT:USDT,0.57704,192.0,0.57703,139.0,0.57714,10.0,0.57716,5325.0
1753617213712,11:53:33.712,binance,A/USDT:USDT,0.57705,331.0,0.57703,139.0,0.57716,5311.0,0.57719,18.0
1753617213879,11:53:33.879,binance,A/USDT:USDT,0.57705,331.0,0.57703,139.0,0.57716,5311.0,0.57719,18.0
1753617214237,11:53:34.237,binance,A/USDT:USDT,0.5771,11.0,0.57705,331.0,0.57716,5311.0,0.57719,18.0
1753617214344,11:53:34.344,binance,A/USDT:USDT,0.5771,11.0,0.57705,331.0,0.57716,5311.0,0.57719,18.0
1753617214525,11:53:34.525,binance,A/USDT:USDT,0.5771,11.0,0.57705,331.0,0.57716,5311.0,0.57719,18.0
1753617214628,11:53:34.628,binance,A/USDT:USDT,0.5771,11.0,0.57705,331.0,0.57716,5311.0,0.57719,18.0
1753617214738,11:53:34.738,binance,A/USDT:USDT,0.5771,11.0,0.57705,331.0,0.57716,5311.0,0.57719,18.0
1753617214911,11:53:34.911,binance,A/USDT:USDT,0.5771,11.0,0.57705,331.0,0.57716,5311.0,0.57719,18.0
1753617215111,11:53:35.111,binance,A/USDT:USDT,0.5771,11.0,0.57705,331.0,0.57716,5311.0,0.57719,18.0
1753617215261,11:53:35.261,binance,A/USDT:USDT,0.5771,11.0,0.57705,331.0,0.57716,5311.0,0.57719,18.0
1753617215641,11:53:35.641,binance,A/USDT:USDT,0.5771,11.0,0.57705,331.0,0.57716,5311.0,0.57719,18.0
1753617215768,11:53:35.768,binance,A/USDT:USDT,0.57711,192.0,0.5771,11.0,0.57716,5311.0,0.5772,19.0
1753617215873,11:53:35.873,binance,A/USDT:USDT,0.57711,192.0,0.5771,11.0,0.57716,5311.0,0.5772,19.0
1753617216011,11:53:36.011,binance,A/USDT:USDT,0.57711,192.0,0.5771,11.0,0.57716,5311.0,0.5772,19.0
1753617216144,11:53:36.144,binance,A/USDT:USDT,0.57711,192.0,0.5771,11.0,0.57716,5311.0,0.5772,19.0
1753617216362,11:53:36.362,binance,A/USDT:USDT,0.57711,192.0,0.5771,11.0,0.57716,5311.0,0.5772,19.0
1753617216635,11:53:36.635,binance,A/USDT:USDT,0.57711,192.0,0.5771,11.0,0.57716,5311.0,0.5772,19.0
1753617216811,11:53:36.811,binance,A/USDT:USDT,0.57711,192.0,0.5771,11.0,0.57716,5311.0,0.5772,19.0
1753617216976,11:53:36.976,binance,A/USDT:USDT,0.57711,192.0,0.5771,11.0,0.57716,5311.0,0.5772,19.0
1753617217111,11:53:37.111,binance,A/USDT:USDT,0.57711,192.0,0.5771,11.0,0.57716,5311.0,0.5772,19.0
1753617217381,11:53:37.381,binance,A/USDT:USDT,0.57711,192.0,0.5771,11.0,0.57716,5311.0,0.5772,19.0
1753617217659,11:53:37.659,binance,A/USDT:USDT,0.57711,192.0,0.5771,11.0,0.57716,5311.0,0.5772,19.0
1753617217902,11:53:37.902,binance,A/USDT:USDT,0.57711,210.0,0.5771,11.0,0.57716,5311.0,0.5772,19.0
1753617218110,11:53:38.110,binance,A/USDT:USDT,0.57712,192.0,0.57711,18.0,0.57716,5311.0,0.5772,19.0
1753617218223,11:53:38.223,binance,A/USDT:USDT,0.57714,10.0,0.57712,192.0,0.57716,5311.0,0.5772,19.0
1753617218373,11:53:38.373,binance,A/USDT:USDT,0.57714,10.0,0.57712,192.0,0.57716,5311.0,0.5772,19.0
1753617218476,11:53:38.476,binance,A/USDT:USDT,0.57714,10.0,0.57712,192.0,0.57716,5311.0,0.5772,19.0
1753617218591,11:53:38.591,binance,A/USDT:USDT,0.57719,192.0,0.57717,404.0,0.57726,19.0,0.57729,29.0
1753617218692,11:53:38.692,binance,A/USDT:USDT,0.57719,192.0,0.57717,404.0,0.57726,19.0,0.57729,29.0
1753617218798,11:53:38.798,binance,A/USDT:USDT,0.57719,192.0,0.57717,404.0,0.57726,19.0,0.57732,48.0
1753617218912,11:53:38.912,binance,A/USDT:USDT,0.57719,192.0,0.57717,404.0,0.57726,19.0,0.57732,48.0
1753617219111,11:53:39.111,binance,A/USDT:USDT,0.57719,192.0,0.57717,404.0,0.57726,19.0,0.57732,19.0
1753617219264,11:53:39.264,binance,A/USDT:USDT,0.57719,192.0,0.57717,404.0,0.57726,19.0,0.57732,19.0
1753617219402,11:53:39.402,binance,A/USDT:USDT,0.57719,192.0,0.57717,404.0,0.57726,19.0,0.57732,19.0
1753617219506,11:53:39.506,binance,A/USDT:USDT,0.5772,331.0,0.57719,364.0,0.57726,19.0,0.57732,19.0
1753617219661,11:53:39.661,binance,A/USDT:USDT,0.5772,331.0,0.57719,172.0,0.57726,19.0,0.57732,19.0
1753617219858,11:53:39.858,binance,A/USDT:USDT,0.5772,331.0,0.57719,172.0,0.57726,19.0,0.57732,19.0
1753617220075,11:53:40.075,binance,A/USDT:USDT,0.5772,331.0,0.57719,172.0,0.57726,19.0,0.57732,19.0
1753617220339,11:53:40.339,binance,A/USDT:USDT,0.57723,975.0,0.57721,189.0,0.57726,19.0,0.57732,19.0
1753617220442,11:53:40.442,binance,A/USDT:USDT,0.57723,975.0,0.57721,189.0,0.57726,19.0,0.57732,19.0
1753617220958,11:53:40.958,binance,A/USDT:USDT,0.57723,975.0,0.57721,189.0,0.57726,19.0,0.57732,19.0
1753617221076,11:53:41.076,binance,A/USDT:USDT,0.57723,975.0,0.57721,189.0,0.57726,19.0,0.57732,19.0
1753617221179,11:53:41.179,binance,A/USDT:USDT,0.57723,975.0,0.57721,189.0,0.57726,19.0,0.57732,19.0
1753617221407,11:53:41.407,binance,A/USDT:USDT,0.57723,975.0,0.57721,189.0,0.57726,19.0,0.57732,19.0
1753617221582,11:53:41.582,binance,A/USDT:USDT,0.57723,975.0,0.57721,189.0,0.57726,19.0,0.57732,19.0
1753617221771,11:53:41.771,binance,A/USDT:USDT,0.57723,975.0,0.57721,189.0,0.57726,19.0,0.57732,19.0
1753617222089,11:53:42.089,binance,A/USDT:USDT,0.57723,975.0,0.5772,139.0,0.57726,19.0,0.57732,19.0
1753617222302,11:53:42.302,binance,A/USDT:USDT,0.57723,975.0,0.5772,139.0,0.57726,19.0,0.57732,19.0
1753617222859,11:53:42.859,binance,A/USDT:USDT,0.57723,975.0,0.5772,139.0,0.57726,19.0,0.57732,19.0
1753617223134,11:53:43.134,binance,A/USDT:USDT,0.57723,975.0,0.5772,139.0,0.57726,19.0,0.57732,19.0
1753617223381,11:53:43.381,binance,A/USDT:USDT,0.57723,975.0,0.5772,139.0,0.57726,19.0,0.57732,19.0
1753617223698,11:53:43.698,binance,A/USDT:USDT,0.57723,975.0,0.57722,172.0,0.57726,19.0,0.57732,19.0
1753617223931,11:53:43.931,binance,A/USDT:USDT,0.57723,975.0,0.57722,172.0,0.57726,19.0,0.57732,19.0
1753617224111,11:53:44.111,binance,A/USDT:USDT,0.57723,975.0,0.57722,172.0,0.57726,19.0,0.57732,19.0
1753617224259,11:53:44.259,binance,A/USDT:USDT,0.57724,14.0,0.57723,975.0,0.57726,19.0,0.57732,19.0
1753617224502,11:53:44.502,binance,A/USDT:USDT,0.57724,14.0,0.57723,975.0,0.57726,19.0,0.57732,19.0
1753617224856,11:53:44.856,binance,A/USDT:USDT,0.57724,14.0,0.57723,975.0,0.57726,19.0,0.57732,19.0
1753617225102,11:53:45.102,binance,A/USDT:USDT,0.57724,14.0,0.57723,975.0,0.57726,19.0,0.57732,19.0
1753617225573,11:53:45.573,binance,A/USDT:USDT,0.57724,14.0,0.57723,975.0,0.57726,19.0,0.57732,19.0
1753617225676,11:53:45.676,binance,A/USDT:USDT,0.57724,14.0,0.57723,975.0,0.57726,19.0,0.57732,19.0
1753617226111,11:53:46.111,binance,A/USDT:USDT,0.57724,14.0,0.57723,975.0,0.57726,19.0,0.57732,19.0
1753617226219,11:53:46.219,binance,A/USDT:USDT,0.57724,14.0,0.57723,975.0,0.57726,19.0,0.57732,19.0
1753617226322,11:53:46.322,binance,A/USDT:USDT,0.57724,14.0,0.57723,975.0,0.57726,19.0,0.57732,19.0
1753617226470,11:53:46.470,binance,A/USDT:USDT,0.57724,14.0,0.57723,975.0,0.57726,19.0,0.57732,19.0
1753617226610,11:53:46.610,binance,A/USDT:USDT,0.57724,31.0,0.57723,975.0,0.57726,19.0,0.57732,19.0
1753617226841,11:53:46.841,binance,A/USDT:USDT,0.57724,31.0,0.57723,975.0,0.57726,19.0,0.57732,19.0
1753617227109,11:53:47.109,binance,A/USDT:USDT,0.57725,139.0,0.57724,31.0,0.57732,19.0,0.57734,18.0
1753617227213,11:53:47.213,binance,A/USDT:USDT,0.57729,70.0,0.57727,139.0,0.57732,10.0,0.57734,18.0
1753617227314,11:53:47.314,binance,A/USDT:USDT,0.57727,139.0,0.57726,231.0,0.57732,10.0,0.57734,18.0
1753617227458,11:53:47.458,binance,A/USDT:USDT,0.57727,139.0,0.57726,231.0,0.57732,10.0,0.57734,18.0
1753617227561,11:53:47.561,binance,A/USDT:USDT,0.57727,311.0,0.57726,189.0,0.57732,10.0,0.57734,18.0
1753617227665,11:53:47.665,binance,A/USDT:USDT,0.57727,311.0,0.57726,189.0,0.57732,10.0,0.57734,18.0
1753617228015,11:53:48.015,binance,A/USDT:USDT,0.57727,311.0,0.57725,139.0,0.57732,10.0,0.57734,18.0
1753617228145,11:53:48.145,binance,A/USDT:USDT,0.57727,311.0,0.57725,139.0,0.57732,10.0,0.57734,18.0
1753617228291,11:53:48.291,binance,A/USDT:USDT,0.57727,311.0,0.57725,139.0,0.57732,10.0,0.57734,18.0
1753617228400,11:53:48.400,binance,A/USDT:USDT,0.57727,311.0,0.57725,139.0,0.57732,10.0,0.57734,18.0
1753617228584,11:53:48.584,binance,A/USDT:USDT,0.57727,311.0,0.57725,139.0,0.57732,10.0,0.57734,18.0
1753617228756,11:53:48.756,binance,A/USDT:USDT,0.57727,311.0,0.57725,139.0,0.57732,10.0,0.57734,18.0
1753617228901,11:53:48.901,binance,A/USDT:USDT,0.57727,311.0,0.57725,139.0,0.57732,10.0,0.57734,18.0
1753617229059,11:53:49.059,binance,A/USDT:USDT,0.57727,311.0,0.57725,139.0,0.57732,10.0,0.57734,18.0
1753617229164,11:53:49.164,binance,A/USDT:USDT,0.57728,189.0,0.57727,311.0,0.57732,10.0,0.57734,18.0
1753617229302,11:53:49.302,binance,A/USDT:USDT,0.57728,189.0,0.57727,311.0,0.57732,10.0,0.57734,18.0
1753617229441,11:53:49.441,binance,A/USDT:USDT,0.57728,189.0,0.57727,311.0,0.57732,10.0,0.57734,18.0
1753617229601,11:53:49.601,binance,A/USDT:USDT,0.57728,189.0,0.57727,311.0,0.57732,10.0,0.57734,18.0
1753617229704,11:53:49.704,binance,A/USDT:USDT,0.57728,189.0,0.57727,311.0,0.57732,10.0,0.57734,18.0
1753617229832,11:53:49.832,binance,A/USDT:USDT,0.57728,189.0,0.57727,311.0,0.57732,10.0,0.57734,18.0
1753617230249,11:53:50.249,binance,A/USDT:USDT,0.57728,189.0,0.57727,311.0,0.57732,10.0,0.57734,18.0
1753617230815,11:53:50.815,binance,A/USDT:USDT,0.57728,189.0,0.57727,311.0,0.57732,10.0,0.57734,18.0
1753617231111,11:53:51.111,binance,A/USDT:USDT,0.57728,189.0,0.57727,311.0,0.57732,10.0,0.57734,18.0
1753617231262,11:53:51.262,binance,A/USDT:USDT,0.57727,311.0,0.57725,139.0,0.57732,10.0,0.57734,18.0
1753617231527,11:53:51.527,binance,A/USDT:USDT,0.57727,311.0,0.57725,139.0,0.57732,10.0,0.57734,18.0
1753617232084,11:53:52.084,binance,A/USDT:USDT,0.57727,311.0,0.57725,139.0,0.57732,10.0,0.57734,18.0
1753617232381,11:53:52.381,binance,A/USDT:USDT,0.57727,311.0,0.57725,139.0,0.57732,10.0,0.57734,18.0
1753617232601,11:53:52.601,binance,A/USDT:USDT,0.57727,311.0,0.57725,139.0,0.57732,10.0,0.57734,18.0
1753617232702,11:53:52.702,binance,A/USDT:USDT,0.57727,311.0,0.57725,139.0,0.57732,10.0,0.57734,18.0
1753617232902,11:53:52.902,binance,A/USDT:USDT,0.57727,311.0,0.57725,139.0,0.57732,10.0,0.57734,18.0
1753617233110,11:53:53.110,binance,A/USDT:USDT,0.57727,139.0,0.57725,139.0,0.57732,10.0,0.57734,18.0
1753617234070,11:53:54.070,binance,A/USDT:USDT,0.57727,139.0,0.57725,139.0,0.57732,10.0,0.57734,18.0
1753617234631,11:53:54.631,binance,A/USDT:USDT,0.57727,139.0,0.57725,139.0,0.57732,8.0,0.57734,18.0
1753617234737,11:53:54.737,binance,A/USDT:USDT,0.57727,139.0,0.57725,139.0,0.57732,8.0,0.57734,18.0
1753617235110,11:53:55.110,binance,A/USDT:USDT,0.57727,139.0,0.57725,139.0,0.57732,8.0,0.57734,18.0
1753617235859,11:53:55.859,binance,A/USDT:USDT,0.57727,139.0,0.57725,139.0,0.57732,8.0,0.57734,18.0
1753617236002,11:53:56.002,binance,A/USDT:USDT,0.57727,139.0,0.57725,139.0,0.57732,8.0,0.57734,18.0
1753617236111,11:53:56.111,binance,A/USDT:USDT,0.5774,2018.0,0.57727,139.0,0.57741,459.0,0.57744,259.0
1753617236214,11:53:56.214,binance,A/USDT:USDT,0.5774,2018.0,0.57728,222.0,0.57741,459.0,0.57744,230.0
1753617236341,11:53:56.341,binance,A/USDT:USDT,0.5774,2018.0,0.57728,222.0,0.57741,459.0,0.57744,230.0
1753617236459,11:53:56.459,binance,A/USDT:USDT,0.5774,2018.0,0.57728,222.0,0.57741,459.0,0.57744,230.0
1753617236562,11:53:56.562,binance,A/USDT:USDT,0.5774,2018.0,0.57728,222.0,0.57741,459.0,0.57744,230.0
1753617236664,11:53:56.664,binance,A/USDT:USDT,0.5774,2074.0,0.57728,222.0,0.57741,459.0,0.57744,230.0
1753617237091,11:53:57.091,binance,A/USDT:USDT,0.5774,2074.0,0.57728,222.0,0.57741,459.0,0.57744,230.0
1753617237500,11:53:57.500,binance,A/USDT:USDT,0.5774,2085.0,0.57729,138.0,0.57741,459.0,0.57744,230.0
1753617237609,11:53:57.609,binance,A/USDT:USDT,0.5774,2085.0,0.57729,138.0,0.57741,459.0,0.57744,230.0
1753617237991,11:53:57.991,binance,A/USDT:USDT,0.5774,2085.0,0.57728,29.0,0.57741,459.0,0.57744,230.0
1753617238111,11:53:58.111,binance,A/USDT:USDT,0.5774,2085.0,0.57728,29.0,0.57741,459.0,0.57744,230.0
1753617238212,11:53:58.212,binance,A/USDT:USDT,0.5774,2085.0,0.57728,29.0,0.57741,459.0,0.57744,230.0
1753617238715,11:53:58.715,binance,A/USDT:USDT,0.5774,2085.0,0.57728,29.0,0.57741,459.0,0.57744,230.0
1753617238818,11:53:58.818,binance,A/USDT:USDT,0.5774,2085.0,0.57728,29.0,0.57741,459.0,0.57744,230.0
1753617238956,11:53:58.956,binance,A/USDT:USDT,0.5774,2085.0,0.57728,29.0,0.57741,459.0,0.57744,230.0
1753617239167,11:53:59.167,binance,A/USDT:USDT,0.5774,2085.0,0.57728,29.0,0.57741,459.0,0.57744,230.0
1753617239268,11:53:59.268,binance,A/USDT:USDT,0.5774,2085.0,0.57728,29.0,0.57741,459.0,0.57744,230.0
1753617239432,11:53:59.432,binance,A/USDT:USDT,0.5774,2085.0,0.57728,29.0,0.57741,459.0,0.57744,230.0
1753617239811,11:53:59.811,binance,A/USDT:USDT,0.5774,2085.0,0.57728,29.0,0.57741,459.0,0.57744,230.0
1753617240106,11:54:00.106,binance,A/USDT:USDT,0.5774,2085.0,0.57728,29.0,0.57741,459.0,0.57744,230.0
1753617240575,11:54:00.575,binance,A/USDT:USDT,0.5774,2085.0,0.57728,29.0,0.57741,459.0,0.57744,230.0
1753617240864,11:54:00.864,binance,A/USDT:USDT,0.5774,2085.0,0.57728,29.0,0.57741,459.0,0.57744,230.0
1753617241109,11:54:01.109,binance,A/USDT:USDT,0.5774,2085.0,0.57728,29.0,0.57741,459.0,0.57744,230.0
1753617241458,11:54:01.458,binance,A/USDT:USDT,0.5774,2085.0,0.57728,29.0,0.57741,459.0,0.57744,230.0
1753617241810,11:54:01.810,binance,A/USDT:USDT,0.5774,2085.0,0.57728,29.0,0.57741,444.0,0.57744,230.0
1753617241964,11:54:01.964,binance,A/USDT:USDT,0.5774,2085.0,0.57728,29.0,0.57741,444.0,0.57744,230.0
1753617242069,11:54:02.069,binance,A/USDT:USDT,0.57728,29.0,0.57726,10.0,0.57736,78.0,0.57737,268.0
1753617242181,11:54:02.181,binance,A/USDT:USDT,0.57728,29.0,0.57726,10.0,0.57736,78.0,0.57737,268.0
1753617242293,11:54:02.293,binance,A/USDT:USDT,0.57728,29.0,0.57726,10.0,0.57736,78.0,0.57737,268.0
1753617242396,11:54:02.396,binance,A/USDT:USDT,0.57728,29.0,0.57726,10.0,0.57736,78.0,0.57737,268.0
1753617242560,11:54:02.560,binance,A/USDT:USDT,0.57728,29.0,0.57726,10.0,0.57733,234.0,0.57736,78.0
1753617242959,11:54:02.959,binance,A/USDT:USDT,0.57728,29.0,0.57726,10.0,0.57733,234.0,0.57736,78.0
1753617243111,11:54:03.111,binance,A/USDT:USDT,0.57728,29.0,0.57726,10.0,0.57733,234.0,0.57736,78.0
1753617243251,11:54:03.251,binance,A/USDT:USDT,0.57728,29.0,0.57726,10.0,0.57733,234.0,0.57736,78.0
1753617243354,11:54:03.354,binance,A/USDT:USDT,0.57728,29.0,0.57726,10.0,0.57733,234.0,0.57736,78.0
1753617243512,11:54:03.512,binance,A/USDT:USDT,0.57728,29.0,0.57726,10.0,0.57733,234.0,0.57736,78.0
1753617243615,11:54:03.615,binance,A/USDT:USDT,0.57726,10.0,0.57724,17.0,0.57733,234.0,0.57736,78.0
1753617243887,11:54:03.887,binance,A/USDT:USDT,0.57726,10.0,0.57724,17.0,0.57733,234.0,0.57736,78.0
1753617243989,11:54:03.989,binance,A/USDT:USDT,0.57726,10.0,0.57724,17.0,0.57733,234.0,0.57736,78.0
1753617244102,11:54:04.102,binance,A/USDT:USDT,0.57726,10.0,0.57724,17.0,0.57733,234.0,0.57736,78.0
1753617244231,11:54:04.231,binance,A/USDT:USDT,0.57726,10.0,0.57724,17.0,0.57733,234.0,0.57736,78.0
1753617244602,11:54:04.602,binance,A/USDT:USDT,0.57726,10.0,0.57724,17.0,0.57733,234.0,0.57736,78.0
1753617244759,11:54:04.759,binance,A/USDT:USDT,0.57726,10.0,0.57724,17.0,0.57733,234.0,0.57736,78.0
1753617244909,11:54:04.909,binance,A/USDT:USDT,0.57726,10.0,0.57724,17.0,0.57733,234.0,0.57736,78.0
1753617245111,11:54:05.111,binance,A/USDT:USDT,0.57726,10.0,0.57724,17.0,0.57733,234.0,0.57736,78.0
1753617245220,11:54:05.220,binance,A/USDT:USDT,0.57726,10.0,0.57724,17.0,0.57733,234.0,0.57736,78.0
1753617245574,11:54:05.574,binance,A/USDT:USDT,0.57726,10.0,0.57724,17.0,0.57733,234.0,0.57736,78.0
1753617245677,11:54:05.677,binance,A/USDT:USDT,0.57726,10.0,0.57724,17.0,0.57733,234.0,0.57736,78.0
1753617245780,11:54:05.780,binance,A/USDT:USDT,0.57726,10.0,0.57724,17.0,0.57733,234.0,0.57736,78.0
1753617245894,11:54:05.894,binance,A/USDT:USDT,0.57726,10.0,0.57724,17.0,0.57733,234.0,0.57736,78.0
1753617246208,11:54:06.208,binance,A/USDT:USDT,0.57726,10.0,0.57724,17.0,0.57727,94.0,0.57732,190.0
1753617246363,11:54:06.363,binance,A/USDT:USDT,0.57726,987.0,0.57724,17.0,0.57732,190.0,0.57737,190.0
1753617246466,11:54:06.466,binance,A/USDT:USDT,0.57727,139.0,0.57726,987.0,0.57737,190.0,0.57738,38.0
1753617246575,11:54:06.575,binance,A/USDT:USDT,0.57727,139.0,0.57726,987.0,0.57737,190.0,0.57738,38.0
1753617246731,11:54:06.731,binance,A/USDT:USDT,0.57727,139.0,0.57726,987.0,0.57737,190.0,0.57738,38.0
1753617246959,11:54:06.959,binance,A/USDT:USDT,0.57727,139.0,0.57726,987.0,0.57737,190.0,0.57738,38.0
1753617247271,11:54:07.271,binance,A/USDT:USDT,0.57727,139.0,0.57726,987.0,0.57737,190.0,0.57738,38.0
1753617247402,11:54:07.402,binance,A/USDT:USDT,0.57727,139.0,0.57726,987.0,0.57737,190.0,0.57738,38.0
1753617247512,11:54:07.512,binance,A/USDT:USDT,0.57727,139.0,0.57726,987.0,0.57737,190.0,0.57738,38.0
1753617247614,11:54:07.614,binance,A/USDT:USDT,0.57727,139.0,0.57726,987.0,0.57737,190.0,0.57738,38.0
1753617247789,11:54:07.789,binance,A/USDT:USDT,0.57727,139.0,0.57726,987.0,0.57737,190.0,0.57738,38.0
1753617247896,11:54:07.896,binance,A/USDT:USDT,0.57727,139.0,0.57726,987.0,0.57737,190.0,0.57738,38.0
1753617248035,11:54:08.035,binance,A/USDT:USDT,0.57727,139.0,0.57726,987.0,0.57735,94.0,0.57736,404.0
1753617248138,11:54:08.138,binance,A/USDT:USDT,0.57727,139.0,0.57726,987.0,0.57733,284.0,0.57736,214.0
1753617248239,11:54:08.239,binance,A/USDT:USDT,0.57727,139.0,0.57726,987.0,0.57728,94.0,0.57733,190.0
1753617248615,11:54:08.615,binance,A/USDT:USDT,0.57727,139.0,0.57726,987.0,0.57733,190.0,0.57738,228.0
1753617248722,11:54:08.722,binance,A/USDT:USDT,0.57727,139.0,0.57726,987.0,0.57733,190.0,0.57738,228.0
1753617248928,11:54:08.928,binance,A/USDT:USDT,0.57727,12.0,0.57726,987.0,0.57732,214.0,0.57733,190.0
1753617249031,11:54:09.031,binance,A/USDT:USDT,0.57727,12.0,0.57726,987.0,0.57732,214.0,0.57733,190.0
1753617249135,11:54:09.135,binance,A/USDT:USDT,0.57727,12.0,0.57726,987.0,0.57732,214.0,0.57733,190.0
1753617249251,11:54:09.251,binance,A/USDT:USDT,0.57727,12.0,0.57726,987.0,0.57732,214.0,0.57733,190.0
1753617249380,11:54:09.380,binance,A/USDT:USDT,0.57727,12.0,0.57726,987.0,0.57732,214.0,0.57733,190.0
1753617249605,11:54:09.605,binance,A/USDT:USDT,0.57727,12.0,0.57726,987.0,0.57733,190.0,0.57738,228.0
1753617249732,11:54:09.732,binance,A/USDT:USDT,0.57727,12.0,0.57726,987.0,0.57733,190.0,0.57737,255.0
1753617250111,11:54:10.111,binance,A/USDT:USDT,0.57727,12.0,0.57726,987.0,0.57733,190.0,0.57737,255.0
1753617250302,11:54:10.302,binance,A/USDT:USDT,0.57727,12.0,0.57726,987.0,0.57733,190.0,0.57737,255.0
1753617250776,11:54:10.776,binance,A/USDT:USDT,0.57727,12.0,0.57726,987.0,0.57733,190.0,0.57737,255.0
1753617251034,11:54:11.034,binance,A/USDT:USDT,0.57727,12.0,0.57726,987.0,0.57733,190.0,0.57737,255.0
1753617251138,11:54:11.138,binance,A/USDT:USDT,0.57727,12.0,0.57726,987.0,0.57733,190.0,0.57738,228.0
1753617251321,11:54:11.321,binance,A/USDT:USDT,0.57727,12.0,0.57726,987.0,0.57733,190.0,0.57738,228.0
1753617251427,11:54:11.427,binance,A/USDT:USDT,0.57727,12.0,0.57726,987.0,0.57733,190.0,0.57738,228.0
1753617251591,11:54:11.591,binance,A/USDT:USDT,0.57727,12.0,0.57726,987.0,0.57733,190.0,0.57738,228.0
1753617251984,11:54:11.984,binance,A/USDT:USDT,0.57727,12.0,0.57726,987.0,0.57733,190.0,0.57738,228.0
1753617252086,11:54:12.086,binance,A/USDT:USDT,0.57727,12.0,0.57726,987.0,0.57733,190.0,0.57737,252.0
1753617252366,11:54:12.366,binance,A/USDT:USDT,0.57727,12.0,0.57726,987.0,0.57733,190.0,0.57737,252.0
1753617252558,11:54:12.558,binance,A/USDT:USDT,0.57727,12.0,0.57726,987.0,0.57733,190.0,0.57737,252.0
1753617253205,11:54:13.205,binance,A/USDT:USDT,0.57727,12.0,0.57726,987.0,0.57733,190.0,0.57738,228.0
1753617253548,11:54:13.548,binance,A/USDT:USDT,0.57727,12.0,0.57726,987.0,0.57733,190.0,0.57738,228.0
1753617253651,11:54:13.651,binance,A/USDT:USDT,0.57727,12.0,0.57726,987.0,0.57733,190.0,0.57738,228.0
1753617253815,11:54:13.815,binance,A/USDT:USDT,0.57727,12.0,0.57726,987.0,0.57733,190.0,0.57737,249.0
1753617254111,11:54:14.111,binance,A/USDT:USDT,0.57729,10.0,0.57727,12.0,0.5773,214.0,0.57733,190.0
1753617254213,11:54:14.213,binance,A/USDT:USDT,0.57729,10.0,0.57727,12.0,0.57733,190.0,0.57738,228.0
1753617254320,11:54:14.320,binance,A/USDT:USDT,0.57729,10.0,0.57727,12.0,0.57733,190.0,0.57738,228.0
1753617254623,11:54:14.623,binance,A/USDT:USDT,0.57729,10.0,0.57727,12.0,0.57733,190.0,0.57738,228.0
1753617254802,11:54:14.802,binance,A/USDT:USDT,0.57729,10.0,0.57727,12.0,0.57733,190.0,0.57738,228.0
1753617255109,11:54:15.109,binance,A/USDT:USDT,0.57729,10.0,0.57727,12.0,0.57733,190.0,0.57738,228.0
1753617255222,11:54:15.222,binance,A/USDT:USDT,0.57729,10.0,0.57727,12.0,0.57733,190.0,0.57738,228.0
1753617255326,11:54:15.326,binance,A/USDT:USDT,0.57729,10.0,0.57727,12.0,0.57733,190.0,0.57738,228.0
1753617255559,11:54:15.559,binance,A/USDT:USDT,0.57729,10.0,0.57727,12.0,0.57733,190.0,0.57738,228.0
1753617255802,11:54:15.802,binance,A/USDT:USDT,0.57729,10.0,0.57727,12.0,0.57733,190.0,0.57736,76.0
1753617256110,11:54:16.110,binance,A/USDT:USDT,0.57729,10.0,0.57727,12.0,0.57733,190.0,0.57736,76.0
1753617256402,11:54:16.402,binance,A/USDT:USDT,0.57729,10.0,0.57727,12.0,0.5773,214.0,0.57733,190.0
1753617256505,11:54:16.505,binance,A/USDT:USDT,0.57729,10.0,0.57727,12.0,0.57733,190.0,0.57737,246.0
1753617256630,11:54:16.630,binance,A/USDT:USDT,0.57729,10.0,0.57727,12.0,0.5773,94.0,0.57731,139.0
1753617256751,11:54:16.751,binance,A/USDT:USDT,0.57729,10.0,0.57727,12.0,0.5773,94.0,0.57731,139.0
1753617256978,11:54:16.978,binance,A/USDT:USDT,0.57729,10.0,0.57727,12.0,0.5773,308.0,0.57731,139.0
1753617257096,11:54:17.096,binance,A/USDT:USDT,0.57729,10.0,0.57727,12.0,0.5773,94.0,0.57733,190.0
1753617257602,11:54:17.602,binance,A/USDT:USDT,0.57729,10.0,0.57727,12.0,0.5773,94.0,0.57733,190.0
1753617258011,11:54:18.011,binance,A/USDT:USDT,0.57729,10.0,0.57727,12.0,0.57733,190.0,0.57738,228.0
1753617258114,11:54:18.114,binance,A/USDT:USDT,0.57729,10.0,0.57727,12.0,0.57733,190.0,0.57738,228.0
1753617258344,11:54:18.344,binance,A/USDT:USDT,0.57731,14.0,0.57729,10.0,0.57732,214.0,0.57733,190.0
1753617258632,11:54:18.632,binance,A/USDT:USDT,0.57731,14.0,0.57729,10.0,0.57732,214.0,0.57733,190.0
1753617258735,11:54:18.735,binance,A/USDT:USDT,0.57731,14.0,0.57729,10.0,0.57732,32.0,0.57733,190.0
1753617258836,11:54:18.836,binance,A/USDT:USDT,0.57731,14.0,0.57729,10.0,0.57732,32.0,0.57733,190.0
1753617259111,11:54:19.111,binance,A/USDT:USDT,0.57731,14.0,0.57729,10.0,0.57732,32.0,0.57733,190.0
1753617259361,11:54:19.361,binance,A/USDT:USDT,0.57731,14.0,0.57729,10.0,0.57732,32.0,0.57733,190.0
1753617259729,11:54:19.729,binance,A/USDT:USDT,0.57731,14.0,0.57729,10.0,0.57732,32.0,0.57733,190.0
1753617260079,11:54:20.079,binance,A/USDT:USDT,0.57731,14.0,0.57729,10.0,0.57732,32.0,0.57733,190.0
1753617260333,11:54:20.333,binance,A/USDT:USDT,0.57731,14.0,0.57729,25.0,0.57732,32.0,0.57733,190.0
1753617260438,11:54:20.438,binance,A/USDT:USDT,0.57731,14.0,0.57729,25.0,0.57732,32.0,0.57733,190.0
1753617260731,11:54:20.731,binance,A/USDT:USDT,0.57731,14.0,0.57729,25.0,0.57732,32.0,0.57733,190.0
1753617261102,11:54:21.102,binance,A/USDT:USDT,0.57731,14.0,0.57729,25.0,0.57732,32.0,0.57733,190.0
1753617261377,11:54:21.377,binance,A/USDT:USDT,0.57731,14.0,0.57729,25.0,0.57732,32.0,0.57733,190.0
1753617261647,11:54:21.647,binance,A/USDT:USDT,0.57731,14.0,0.57729,25.0,0.57732,32.0,0.57733,190.0
1753617261975,11:54:21.975,binance,A/USDT:USDT,0.57731,14.0,0.57729,25.0,0.57732,32.0,0.57733,190.0
1753617262109,11:54:22.109,binance,A/USDT:USDT,0.57731,14.0,0.57729,25.0,0.57732,32.0,0.57733,190.0
1753617262603,11:54:22.603,binance,A/USDT:USDT,0.57731,14.0,0.57729,25.0,0.57732,32.0,0.57733,190.0
1753617262843,11:54:22.843,binance,A/USDT:USDT,0.57731,14.0,0.57729,25.0,0.57732,32.0,0.57733,190.0
1753617263002,11:54:23.002,binance,A/USDT:USDT,0.57731,14.0,0.57729,25.0,0.57732,32.0,0.57733,190.0
1753617263110,11:54:23.110,binance,A/USDT:USDT,0.57731,14.0,0.57729,25.0,0.57732,32.0,0.57733,190.0
1753617263301,11:54:23.301,binance,A/USDT:USDT,0.57731,14.0,0.57729,25.0,0.57732,32.0,0.57733,190.0
1753617263432,11:54:23.432,binance,A/USDT:USDT,0.57731,14.0,0.57729,25.0,0.57732,32.0,0.57733,190.0
1753617264111,11:54:24.111,binance,A/USDT:USDT,0.57731,14.0,0.57729,25.0,0.57732,32.0,0.57733,190.0
1753617264272,11:54:24.272,binance,A/USDT:USDT,0.57731,14.0,0.57729,25.0,0.57732,32.0,0.57733,190.0
1753617264455,11:54:24.455,binance,A/USDT:USDT,0.57731,14.0,0.57729,25.0,0.57732,32.0,0.57733,190.0
1753617264579,11:54:24.579,binance,A/USDT:USDT,0.57731,14.0,0.57729,25.0,0.57732,32.0,0.57733,190.0
1753617264701,11:54:24.701,binance,A/USDT:USDT,0.57731,14.0,0.57729,25.0,0.57732,32.0,0.57733,190.0
1753617265104,11:54:25.104,binance,A/USDT:USDT,0.57726,581.0,0.5772,19.0,0.5773,94.0,0.57732,221.0
1753617265207,11:54:25.207,binance,A/USDT:USDT,0.57726,581.0,0.57721,42.0,0.5773,94.0,0.57732,221.0
1753617265310,11:54:25.310,binance,A/USDT:USDT,0.57726,581.0,0.5772,19.0,0.5773,94.0,0.57732,221.0
1753617265414,11:54:25.414,binance,A/USDT:USDT,0.57726,979.0,0.57721,42.0,0.57732,221.0,0.57738,228.0
1753617265516,11:54:25.516,binance,A/USDT:USDT,0.57726,979.0,0.57721,42.0,0.57732,221.0,0.57738,228.0
1753617266001,11:54:26.001,binance,A/USDT:USDT,0.57726,979.0,0.57721,42.0,0.57732,221.0,0.57738,228.0
1753617266111,11:54:26.111,binance,A/USDT:USDT,0.57726,979.0,0.57721,42.0,0.57732,221.0,0.57738,228.0
1753617266214,11:54:26.214,binance,A/USDT:USDT,0.57726,979.0,0.5772,19.0,0.57732,221.0,0.57738,228.0
1753617266330,11:54:26.330,binance,A/USDT:USDT,0.57726,979.0,0.5772,19.0,0.57732,221.0,0.57738,228.0
1753617266591,11:54:26.591,binance,A/USDT:USDT,0.57726,979.0,0.5772,19.0,0.57732,221.0,0.57738,228.0
1753617266828,11:54:26.828,binance,A/USDT:USDT,0.57726,979.0,0.5772,19.0,0.57732,221.0,0.57738,228.0
1753617267095,11:54:27.095,binance,A/USDT:USDT,0.57726,979.0,0.5772,19.0,0.57732,221.0,0.57738,228.0
1753617267199,11:54:27.199,binance,A/USDT:USDT,0.57726,979.0,0.5772,19.0,0.57732,221.0,0.57738,228.0
1753617267407,11:54:27.407,binance,A/USDT:USDT,0.57726,979.0,0.5772,19.0,0.57732,221.0,0.57738,228.0
1753617267958,11:54:27.958,binance,A/USDT:USDT,0.57726,979.0,0.5772,19.0,0.57732,221.0,0.57738,228.0
1753617268080,11:54:28.080,binance,A/USDT:USDT,0.57726,979.0,0.5772,19.0,0.57732,221.0,0.57738,228.0
1753617268232,11:54:28.232,binance,A/USDT:USDT,0.57726,979.0,0.5772,19.0,0.57732,221.0,0.57738,228.0
1753617268401,11:54:28.401,binance,A/USDT:USDT,0.57726,979.0,0.5772,19.0,0.57732,221.0,0.57738,228.0
1753617268802,11:54:28.802,binance,A/USDT:USDT,0.57726,979.0,0.5772,19.0,0.57732,221.0,0.57738,228.0
1753617269109,11:54:29.109,binance,A/USDT:USDT,0.57726,979.0,0.5772,19.0,0.57732,221.0,0.57738,228.0
1753617269402,11:54:29.402,binance,A/USDT:USDT,0.57726,979.0,0.5772,19.0,0.57732,221.0,0.57738,228.0
1753617269900,11:54:29.900,binance,A/USDT:USDT,0.57726,979.0,0.5772,19.0,0.57732,221.0,0.57738,228.0
1753617270002,11:54:30.002,binance,A/USDT:USDT,0.57726,979.0,0.5772,19.0,0.57732,221.0,0.57738,228.0
1753617270110,11:54:30.110,binance,A/USDT:USDT,0.57726,979.0,0.5772,19.0,0.57732,221.0,0.57738,228.0
1753617270446,11:54:30.446,binance,A/USDT:USDT,0.57726,979.0,0.5772,19.0,0.57731,406.0,0.57732,32.0
1753617270552,11:54:30.552,binance,A/USDT:USDT,0.57726,979.0,0.5772,19.0,0.57731,406.0,0.57732,32.0
1753617270793,11:54:30.793,binance,A/USDT:USDT,0.57726,979.0,0.5772,19.0,0.57731,406.0,0.57732,32.0
1753617271058,11:54:31.058,binance,A/USDT:USDT,0.57726,979.0,0.5772,19.0,0.57731,406.0,0.57732,32.0
1753617271581,11:54:31.581,binance,A/USDT:USDT,0.57726,979.0,0.5772,19.0,0.57731,406.0,0.57732,32.0
1753617271974,11:54:31.974,binance,A/USDT:USDT,0.57726,979.0,0.5772,19.0,0.57731,406.0,0.57732,32.0
1753617272424,11:54:32.424,binance,A/USDT:USDT,0.57726,979.0,0.5772,19.0,0.57731,406.0,0.57732,32.0
1753617273032,11:54:33.032,binance,A/USDT:USDT,0.57726,979.0,0.5772,19.0,0.57731,406.0,0.57732,32.0
1753617273143,11:54:33.143,binance,A/USDT:USDT,0.57726,979.0,0.5772,19.0,0.57731,406.0,0.57732,32.0
1753617273261,11:54:33.261,binance,A/USDT:USDT,0.57726,979.0,0.5772,19.0,0.57731,406.0,0.57732,32.0
1753617273559,11:54:33.559,binance,A/USDT:USDT,0.57726,979.0,0.5772,19.0,0.57731,406.0,0.57732,32.0
1753617273704,11:54:33.704,binance,A/USDT:USDT,0.57726,979.0,0.5772,19.0,0.57731,406.0,0.57732,32.0
1753617273902,11:54:33.902,binance,A/USDT:USDT,0.57726,979.0,0.5772,19.0,0.57731,406.0,0.57732,32.0
1753617274458,11:54:34.458,binance,A/USDT:USDT,0.57726,979.0,0.5772,19.0,0.57731,406.0,0.57732,32.0
1753617274566,11:54:34.566,binance,A/USDT:USDT,0.57726,979.0,0.5772,19.0,0.57731,406.0,0.57732,32.0
1753617275002,11:54:35.002,binance,A/USDT:USDT,0.57726,979.0,0.5772,19.0,0.57731,406.0,0.57732,32.0
1753617275465,11:54:35.465,binance,A/USDT:USDT,0.57726,979.0,0.5772,19.0,0.57731,192.0,0.57732,32.0
1753617275591,11:54:35.591,binance,A/USDT:USDT,0.57726,979.0,0.5772,19.0,0.57731,192.0,0.57732,32.0
1753617275758,11:54:35.758,binance,A/USDT:USDT,0.57726,979.0,0.5772,19.0,0.57731,192.0,0.57732,32.0
1753617276102,11:54:36.102,binance,A/USDT:USDT,0.57726,979.0,0.5772,19.0,0.57731,192.0,0.57732,32.0
1753617276388,11:54:36.388,binance,A/USDT:USDT,0.57726,991.0,0.5772,19.0,0.57731,192.0,0.57732,32.0
1753617276556,11:54:36.556,binance,A/USDT:USDT,0.57726,991.0,0.5772,19.0,0.57731,192.0,0.57732,32.0
1753617276702,11:54:36.702,binance,A/USDT:USDT,0.57726,991.0,0.5772,19.0,0.5773,406.0,0.57732,32.0
1753617277110,11:54:37.110,binance,A/USDT:USDT,0.57726,991.0,0.5772,19.0,0.5773,406.0,0.57732,32.0
1753617277302,11:54:37.302,binance,A/USDT:USDT,0.57726,991.0,0.5772,19.0,0.5773,406.0,0.57732,32.0
1753617277658,11:54:37.658,binance,A/USDT:USDT,0.57726,991.0,0.5772,19.0,0.5773,406.0,0.57732,32.0
1753617277832,11:54:37.832,binance,A/USDT:USDT,0.57726,991.0,0.5772,19.0,0.5773,406.0,0.57732,32.0
1753617278055,11:54:38.055,binance,A/USDT:USDT,0.57726,991.0,0.5772,19.0,0.5773,406.0,0.57732,32.0
1753617278232,11:54:38.232,binance,A/USDT:USDT,0.57726,991.0,0.5772,19.0,0.5773,406.0,0.57732,32.0
1753617278363,11:54:38.363,binance,A/USDT:USDT,0.57726,991.0,0.5772,19.0,0.5773,406.0,0.57732,32.0
1753617278554,11:54:38.554,binance,A/USDT:USDT,0.57726,991.0,0.5772,19.0,0.5773,406.0,0.57732,32.0
1753617278902,11:54:38.902,binance,A/USDT:USDT,0.5772,19.0,0.57714,19.0,0.57721,308.0,0.57723,78.0
1753617279003,11:54:39.003,binance,A/USDT:USDT,0.5772,19.0,0.57714,19.0,0.57721,308.0,0.57723,78.0
1753617279109,11:54:39.109,binance,A/USDT:USDT,0.5772,19.0,0.57714,19.0,0.57721,308.0,0.57723,78.0
1753617279210,11:54:39.210,binance,A/USDT:USDT,0.5772,19.0,0.57714,19.0,0.57721,94.0,0.57723,78.0
1753617279316,11:54:39.316,binance,A/USDT:USDT,0.5772,19.0,0.57714,19.0,0.57721,94.0,0.57723,78.0
1753617279428,11:54:39.428,binance,A/USDT:USDT,0.5772,19.0,0.57714,19.0,0.57721,94.0,0.57723,78.0
1753617279579,11:54:39.579,binance,A/USDT:USDT,0.5772,31.0,0.57714,19.0,0.57721,94.0,0.57723,78.0
1753617279822,11:54:39.822,binance,A/USDT:USDT,0.5772,31.0,0.57714,19.0,0.57721,94.0,0.57723,78.0
1753617279961,11:54:39.961,binance,A/USDT:USDT,0.5772,31.0,0.57714,19.0,0.57721,94.0,0.57723,78.0
1753617280110,11:54:40.110,binance,A/USDT:USDT,0.5772,31.0,0.57714,19.0,0.57721,94.0,0.57723,78.0
1753617280212,11:54:40.212,binance,A/USDT:USDT,0.5772,31.0,0.57714,19.0,0.57721,94.0,0.57723,78.0
1753617280450,11:54:40.450,binance,A/USDT:USDT,0.5772,31.0,0.57714,19.0,0.57721,94.0,0.57723,78.0
1753617280552,11:54:40.552,binance,A/USDT:USDT,0.5772,31.0,0.57714,19.0,0.57721,94.0,0.57723,78.0
1753617280751,11:54:40.751,binance,A/USDT:USDT,0.57714,10.0,0.5771,29.0,0.57715,172.0,0.57717,388.0
1753617280853,11:54:40.853,binance,A/USDT:USDT,0.57714,10.0,0.57708,19.0,0.57715,172.0,0.57717,388.0
1753617280959,11:54:40.959,binance,A/USDT:USDT,0.57714,10.0,0.57708,19.0,0.57715,172.0,0.57717,388.0
1753617281063,11:54:41.063,binance,A/USDT:USDT,0.57714,10.0,0.57708,19.0,0.57715,172.0,0.57717,388.0
1753617281165,11:54:41.165,binance,A/USDT:USDT,0.57714,10.0,0.57708,19.0,0.57715,172.0,0.57717,388.0
1753617281391,11:54:41.391,binance,A/USDT:USDT,0.57714,10.0,0.57708,19.0,0.57715,172.0,0.57717,388.0
1753617281639,11:54:41.639,binance,A/USDT:USDT,0.57714,10.0,0.57708,19.0,0.57715,172.0,0.57717,388.0
1753617281795,11:54:41.795,binance,A/USDT:USDT,0.57714,10.0,0.57708,19.0,0.57715,172.0,0.57717,388.0
1753617281898,11:54:41.898,binance,A/USDT:USDT,0.57714,10.0,0.57708,19.0,0.57715,172.0,0.57717,388.0
1753617282110,11:54:42.110,binance,A/USDT:USDT,0.57714,10.0,0.57708,19.0,0.57715,172.0,0.57717,388.0
1753617282402,11:54:42.402,binance,A/USDT:USDT,0.57714,10.0,0.57708,19.0,0.57715,172.0,0.57717,388.0
1753617282572,11:54:42.572,binance,A/USDT:USDT,0.57714,10.0,0.57708,19.0,0.57715,386.0,0.57717,388.0
1753617282675,11:54:42.675,binance,A/USDT:USDT,0.57714,10.0,0.57708,19.0,0.57715,386.0,0.57717,388.0
1753617282959,11:54:42.959,binance,A/USDT:USDT,0.57714,10.0,0.57708,19.0,0.57715,386.0,0.57717,388.0
1753617283108,11:54:43.108,binance,A/USDT:USDT,0.57714,10.0,0.57708,19.0,0.57715,386.0,0.57717,388.0
1753617283719,11:54:43.719,binance,A/USDT:USDT,0.57714,10.0,0.57708,19.0,0.57715,172.0,0.57717,345.0
1753617283832,11:54:43.832,binance,A/USDT:USDT,0.57714,10.0,0.57708,19.0,0.57715,172.0,0.57717,345.0
1753617284110,11:54:44.110,binance,A/USDT:USDT,0.57714,10.0,0.57708,19.0,0.57715,172.0,0.57717,345.0
1753617284569,11:54:44.569,binance,A/USDT:USDT,0.57714,10.0,0.57708,19.0,0.57715,172.0,0.57717,345.0
1753617284720,11:54:44.720,binance,A/USDT:USDT,0.57714,10.0,0.57708,19.0,0.57715,182.0,0.57717,345.0
1753617284981,11:54:44.981,binance,A/USDT:USDT,0.57714,10.0,0.57708,19.0,0.57715,182.0,0.57717,345.0
1753617285111,11:54:45.111,binance,A/USDT:USDT,0.57714,10.0,0.57708,19.0,0.57715,182.0,0.57717,345.0
1753617285376,11:54:45.376,binance,A/USDT:USDT,0.57714,10.0,0.57708,99.0,0.57717,282.0,0.57721,190.0
1753617285715,11:54:45.715,binance,A/USDT:USDT,0.57716,43.0,0.57715,139.0,0.57727,192.0,0.57731,19.0
1753617285818,11:54:45.818,binance,A/USDT:USDT,0.57716,43.0,0.57715,139.0,0.57727,192.0,0.57732,80.0
1753617286111,11:54:46.111,binance,A/USDT:USDT,0.57716,43.0,0.57715,139.0,0.57727,192.0,0.57732,80.0
1753617286337,11:54:46.337,binance,A/USDT:USDT,0.57715,139.0,0.57714,10.0,0.57726,94.0,0.57727,192.0
1753617286452,11:54:46.452,binance,A/USDT:USDT,0.57715,139.0,0.57714,10.0,0.57726,94.0,0.57727,192.0
1753617286557,11:54:46.557,binance,A/USDT:USDT,0.57715,139.0,0.57714,10.0,0.57726,284.0,0.57729,346.0
1753617286693,11:54:46.693,binance,A/USDT:USDT,0.57715,139.0,0.57714,10.0,0.57726,284.0,0.57728,116.0
1753617286797,11:54:46.797,binance,A/USDT:USDT,0.57715,139.0,0.57714,10.0,0.57726,284.0,0.57728,116.0
1753617287018,11:54:47.018,binance,A/USDT:USDT,0.57715,139.0,0.57714,10.0,0.57726,284.0,0.57728,116.0
1753617287121,11:54:47.121,binance,A/USDT:USDT,0.57715,139.0,0.57714,10.0,0.57726,424.0,0.57728,116.0
1753617287271,11:54:47.271,binance,A/USDT:USDT,0.57715,139.0,0.57714,10.0,0.57726,424.0,0.57728,116.0
1753617287401,11:54:47.401,binance,A/USDT:USDT,0.57715,139.0,0.57714,10.0,0.57726,424.0,0.57728,116.0
1753617287741,11:54:47.741,binance,A/USDT:USDT,0.57715,139.0,0.57714,10.0,0.57726,424.0,0.57728,116.0
1753617287902,11:54:47.902,binance,A/USDT:USDT,0.57715,139.0,0.57714,10.0,0.57726,424.0,0.57728,116.0
1753617288009,11:54:48.009,binance,A/USDT:USDT,0.57715,139.0,0.57714,10.0,0.57726,424.0,0.57728,116.0
1753617288110,11:54:48.110,binance,A/USDT:USDT,0.57715,139.0,0.57714,10.0,0.57726,424.0,0.57728,116.0
1753617288391,11:54:48.391,binance,A/USDT:USDT,0.57715,139.0,0.57714,10.0,0.57726,424.0,0.57728,116.0
1753617288800,11:54:48.800,binance,A/USDT:USDT,0.57715,139.0,0.57714,10.0,0.57726,424.0,0.57728,116.0
1753617288942,11:54:48.942,binance,A/USDT:USDT,0.57715,139.0,0.57714,10.0,0.57726,424.0,0.57728,116.0
1753617289111,11:54:49.111,binance,A/USDT:USDT,0.57715,139.0,0.57714,10.0,0.57726,424.0,0.57728,116.0
1753617289216,11:54:49.216,binance,A/USDT:USDT,0.57715,139.0,0.57714,10.0,0.57726,424.0,0.57728,116.0
1753617289502,11:54:49.502,binance,A/USDT:USDT,0.57715,139.0,0.57714,10.0,0.57726,424.0,0.57728,116.0
1753617289853,11:54:49.853,binance,A/USDT:USDT,0.57715,139.0,0.57714,10.0,0.57726,424.0,0.57728,116.0
1753617290102,11:54:50.102,binance,A/USDT:USDT,0.57715,139.0,0.57714,10.0,0.57726,424.0,0.57728,116.0
1753617290395,11:54:50.395,binance,A/USDT:USDT,0.57717,139.0,0.57716,43.0,0.57726,140.0,0.57731,128.0
1753617290506,11:54:50.506,binance,A/USDT:USDT,0.57717,139.0,0.57716,43.0,0.57726,140.0,0.57731,128.0
1753617290622,11:54:50.622,binance,A/USDT:USDT,0.57717,139.0,0.57716,43.0,0.57726,140.0,0.57728,90.0
1753617290724,11:54:50.724,binance,A/USDT:USDT,0.57717,139.0,0.57716,43.0,0.57726,140.0,0.57728,90.0
1753617291110,11:54:51.110,binance,A/USDT:USDT,0.57717,139.0,0.57716,43.0,0.57726,140.0,0.57728,90.0
1753617291301,11:54:51.301,binance,A/USDT:USDT,0.57717,139.0,0.57716,43.0,0.57726,140.0,0.57728,90.0
1753617291456,11:54:51.456,binance,A/USDT:USDT,0.57717,139.0,0.57716,43.0,0.57726,140.0,0.57728,90.0
1753617291641,11:54:51.641,binance,A/USDT:USDT,0.57717,139.0,0.57716,43.0,0.57726,140.0,0.57727,52.0
1753617292111,11:54:52.111,binance,A/USDT:USDT,0.57717,139.0,0.57716,43.0,0.57726,140.0,0.57727,52.0
1753617292233,11:54:52.233,binance,A/USDT:USDT,0.57717,139.0,0.57716,43.0,0.57726,140.0,0.57727,52.0
1753617292465,11:54:52.465,binance,A/USDT:USDT,0.57717,139.0,0.57716,43.0,0.57726,140.0,0.57727,52.0
1753617292638,11:54:52.638,binance,A/USDT:USDT,0.57717,139.0,0.57716,43.0,0.57726,140.0,0.57727,52.0
1753617292802,11:54:52.802,binance,A/USDT:USDT,0.57717,139.0,0.57716,43.0,0.57726,140.0,0.57727,52.0
1753617293110,11:54:53.110,binance,A/USDT:USDT,0.57717,139.0,0.57716,43.0,0.57726,140.0,0.57727,52.0
1753617293302,11:54:53.302,binance,A/USDT:USDT,0.57717,139.0,0.57716,43.0,0.57726,140.0,0.57727,52.0
1753617293502,11:54:53.502,binance,A/USDT:USDT,0.57717,139.0,0.57716,43.0,0.57726,140.0,0.57728,90.0
1753617293642,11:54:53.642,binance,A/USDT:USDT,0.57721,15.0,0.5772,9.0,0.57726,140.0,0.57728,90.0
1753617293759,11:54:53.759,binance,A/USDT:USDT,0.57721,15.0,0.5772,9.0,0.57726,140.0,0.57728,90.0
1753617294110,11:54:54.110,binance,A/USDT:USDT,0.57721,15.0,0.5772,9.0,0.57726,140.0,0.57728,90.0
1753617294469,11:54:54.469,binance,A/USDT:USDT,0.57721,15.0,0.5772,9.0,0.57726,140.0,0.57728,90.0
1753617294835,11:54:54.835,binance,A/USDT:USDT,0.57721,15.0,0.5772,9.0,0.57726,140.0,0.57728,90.0
1753617294958,11:54:54.958,binance,A/USDT:USDT,0.57721,15.0,0.5772,9.0,0.57726,140.0,0.57728,90.0
1753617295078,11:54:55.078,binance,A/USDT:USDT,0.57721,15.0,0.5772,9.0,0.57726,140.0,0.57728,90.0
1753617295389,11:54:55.389,binance,A/USDT:USDT,0.57721,15.0,0.5772,9.0,0.57722,354.0,0.57726,9.0
1753617295491,11:54:55.491,binance,A/USDT:USDT,0.57721,15.0,0.5772,9.0,0.57722,354.0,0.57726,9.0
1753617296005,11:54:56.005,binance,A/USDT:USDT,0.57721,15.0,0.5772,9.0,0.57722,140.0,0.57726,9.0
1753617296111,11:54:56.111,binance,A/USDT:USDT,0.57721,15.0,0.5772,9.0,0.57722,140.0,0.57726,9.0
1753617296357,11:54:56.357,binance,A/USDT:USDT,0.57721,15.0,0.5772,9.0,0.57722,140.0,0.57726,9.0
1753617296502,11:54:56.502,binance,A/USDT:USDT,0.57721,15.0,0.5772,9.0,0.57722,140.0,0.57726,9.0
1753617296857,11:54:56.857,binance,A/USDT:USDT,0.57721,15.0,0.5772,9.0,0.57722,140.0,0.57726,9.0
1753617297033,11:54:57.033,binance,A/USDT:USDT,0.57721,15.0,0.5772,9.0,0.57722,140.0,0.57726,9.0
1753617297138,11:54:57.138,binance,A/USDT:USDT,0.57721,15.0,0.5772,9.0,0.57722,140.0,0.57726,9.0
1753617297439,11:54:57.439,binance,A/USDT:USDT,0.57721,15.0,0.5772,9.0,0.57722,140.0,0.57726,9.0
1753617297601,11:54:57.601,binance,A/USDT:USDT,0.57721,15.0,0.5772,9.0,0.57722,140.0,0.57726,9.0
1753617297758,11:54:57.758,binance,A/USDT:USDT,0.57721,15.0,0.5772,9.0,0.57722,140.0,0.57726,9.0
1753617298037,11:54:58.037,binance,A/USDT:USDT,0.57721,15.0,0.5772,9.0,0.57722,140.0,0.57726,9.0
1753617298145,11:54:58.145,binance,A/USDT:USDT,0.57721,15.0,0.5772,9.0,0.57722,140.0,0.57726,9.0
1753617298550,11:54:58.550,binance,A/USDT:USDT,0.57721,15.0,0.5772,9.0,0.57722,140.0,0.57726,9.0
1753617298671,11:54:58.671,binance,A/USDT:USDT,0.57721,15.0,0.5772,9.0,0.57722,140.0,0.57726,9.0
1753617298831,11:54:58.831,binance,A/USDT:USDT,0.57721,15.0,0.5772,9.0,0.57722,140.0,0.57726,9.0
1753617299111,11:54:59.111,binance,A/USDT:USDT,0.57721,15.0,0.5772,9.0,0.57722,140.0,0.57726,9.0
1753617299935,11:54:59.935,binance,A/USDT:USDT,0.57721,15.0,0.5772,9.0,0.57722,140.0,0.57726,9.0
1753617300280,11:55:00.280,binance,A/USDT:USDT,0.57721,15.0,0.5772,9.0,0.57722,140.0,0.57726,9.0
1753617300402,11:55:00.402,binance,A/USDT:USDT,0.57721,15.0,0.5772,9.0,0.57722,140.0,0.57726,9.0
1753617300623,11:55:00.623,binance,A/USDT:USDT,0.57721,45.0,0.5772,9.0,0.57722,140.0,0.57726,9.0
1753617301002,11:55:01.002,binance,A/USDT:USDT,0.57721,45.0,0.5772,9.0,0.57722,140.0,0.57726,9.0
1753617301106,11:55:01.106,binance,A/USDT:USDT,0.57721,45.0,0.5772,9.0,0.57722,354.0,0.57725,188.0
1753617301216,11:55:01.216,binance,A/USDT:USDT,0.57721,45.0,0.5772,9.0,0.57722,140.0,0.57725,188.0
1753617301318,11:55:01.318,binance,A/USDT:USDT,0.57721,45.0,0.5772,9.0,0.57722,140.0,0.57725,188.0
1753617301602,11:55:01.602,binance,A/USDT:USDT,0.57721,45.0,0.5772,9.0,0.57722,140.0,0.57725,188.0
1753617301833,11:55:01.833,binance,A/USDT:USDT,0.57721,45.0,0.5772,9.0,0.57722,140.0,0.57725,188.0
1753617302111,11:55:02.111,binance,A/USDT:USDT,0.57721,45.0,0.5772,9.0,0.57722,140.0,0.57725,188.0
1753617302446,11:55:02.446,binance,A/USDT:USDT,0.57721,45.0,0.5772,9.0,0.57722,140.0,0.57725,188.0
1753617302802,11:55:02.802,binance,A/USDT:USDT,0.57721,45.0,0.5772,9.0,0.57722,140.0,0.57725,188.0
1753617303020,11:55:03.020,binance,A/USDT:USDT,0.57721,45.0,0.5772,9.0,0.57722,140.0,0.57725,188.0
1753617303145,11:55:03.145,binance,A/USDT:USDT,0.57721,45.0,0.5772,9.0,0.57722,140.0,0.57725,188.0
1753617303513,11:55:03.513,binance,A/USDT:USDT,0.57721,45.0,0.5772,9.0,0.57722,354.0,0.57725,188.0
1753617303645,11:55:03.645,binance,A/USDT:USDT,0.57721,45.0,0.5772,9.0,0.57722,354.0,0.57725,188.0
1753617303759,11:55:03.759,binance,A/USDT:USDT,0.57721,45.0,0.5772,9.0,0.57722,354.0,0.57725,188.0
1753617304089,11:55:04.089,binance,A/USDT:USDT,0.57721,45.0,0.5772,9.0,0.57722,354.0,0.57725,188.0
1753617304253,11:55:04.253,binance,A/USDT:USDT,0.57721,45.0,0.5772,9.0,0.57722,354.0,0.57725,188.0
1753617304391,11:55:04.391,binance,A/USDT:USDT,0.57721,45.0,0.5772,9.0,0.57722,354.0,0.57725,188.0
1753617304639,11:55:04.639,binance,A/USDT:USDT,0.57721,45.0,0.5772,9.0,0.57722,140.0,0.57725,188.0
1753617304756,11:55:04.756,binance,A/USDT:USDT,0.57721,45.0,0.5772,9.0,0.57722,354.0,0.57725,188.0
1753617304866,11:55:04.866,binance,A/USDT:USDT,0.57721,45.0,0.5772,9.0,0.57722,354.0,0.57725,188.0
1753617304986,11:55:04.986,binance,A/USDT:USDT,0.57721,45.0,0.5772,9.0,0.57722,354.0,0.57725,188.0
1753617305113,11:55:05.113,binance,A/USDT:USDT,0.57721,45.0,0.5772,9.0,0.57722,354.0,0.57725,188.0
1753617305214,11:55:05.214,binance,A/USDT:USDT,0.57721,45.0,0.5772,9.0,0.57722,354.0,0.57725,188.0
1753617305376,11:55:05.376,binance,A/USDT:USDT,0.57721,45.0,0.5772,9.0,0.57722,354.0,0.57725,188.0
1753617305481,11:55:05.481,binance,A/USDT:USDT,0.57721,45.0,0.5772,9.0,0.57722,354.0,0.57725,188.0
1753617305651,11:55:05.651,binance,A/USDT:USDT,0.57721,45.0,0.5772,9.0,0.57722,354.0,0.57725,188.0
1753617305942,11:55:05.942,binance,A/USDT:USDT,0.57721,45.0,0.5772,9.0,0.57722,140.0,0.57725,188.0
1753617306045,11:55:06.045,binance,A/USDT:USDT,0.57721,45.0,0.5772,9.0,0.57722,354.0,0.57725,188.0
1753617306258,11:55:06.258,binance,A/USDT:USDT,0.57721,45.0,0.5772,9.0,0.57722,140.0,0.57725,188.0
1753617306574,11:55:06.574,binance,A/USDT:USDT,0.57721,45.0,0.5772,9.0,0.57722,140.0,0.57725,188.0
1753617306731,11:55:06.731,binance,A/USDT:USDT,0.57721,45.0,0.5772,9.0,0.57722,140.0,0.57725,188.0
1753617307109,11:55:07.109,binance,A/USDT:USDT,0.57721,45.0,0.5772,9.0,0.57722,140.0,0.57725,188.0
1753617307349,11:55:07.349,binance,A/USDT:USDT,0.57721,45.0,0.5772,9.0,0.57722,354.0,0.57725,188.0
1753617307570,11:55:07.570,binance,A/USDT:USDT,0.57721,45.0,0.5772,9.0,0.57722,364.0,0.57725,188.0
1753617307771,11:55:07.771,binance,A/USDT:USDT,0.57721,45.0,0.5772,9.0,0.57722,364.0,0.57725,188.0
1753617308110,11:55:08.110,binance,A/USDT:USDT,0.57721,45.0,0.5772,9.0,0.57722,364.0,0.57725,188.0
1753617308291,11:55:08.291,binance,A/USDT:USDT,0.57721,45.0,0.5772,9.0,0.57722,364.0,0.57725,188.0
1753617308441,11:55:08.441,binance,A/USDT:USDT,0.57721,45.0,0.5772,9.0,0.57722,364.0,0.57725,188.0
1753617308636,11:55:08.636,binance,A/USDT:USDT,0.57721,45.0,0.5772,9.0,0.57722,364.0,0.57725,188.0
1753617308802,11:55:08.802,binance,A/USDT:USDT,0.57721,45.0,0.5772,9.0,0.57722,364.0,0.57725,188.0
1753617309111,11:55:09.111,binance,A/USDT:USDT,0.57721,45.0,0.5772,9.0,0.57722,364.0,0.57725,188.0
1753617309402,11:55:09.402,binance,A/USDT:USDT,0.57721,45.0,0.5772,9.0,0.57722,364.0,0.57725,188.0
1753617310105,11:55:10.105,binance,A/USDT:USDT,0.57721,45.0,0.5772,9.0,0.57722,364.0,0.57725,188.0
1753617310356,11:55:10.356,binance,A/USDT:USDT,0.57721,45.0,0.5772,9.0,0.57722,150.0,0.57725,188.0
1753617310458,11:55:10.458,binance,A/USDT:USDT,0.57721,45.0,0.5772,9.0,0.57722,364.0,0.57725,188.0
1753617310560,11:55:10.560,binance,A/USDT:USDT,0.57721,45.0,0.5772,9.0,0.57722,150.0,0.57725,188.0
1753617310662,11:55:10.662,binance,A/USDT:USDT,0.57721,45.0,0.5772,9.0,0.57722,150.0,0.57725,188.0
1753617311110,11:55:11.110,binance,A/USDT:USDT,0.57721,45.0,0.5772,9.0,0.57722,150.0,0.57725,188.0
1753617311261,11:55:11.261,binance,A/USDT:USDT,0.57721,45.0,0.5772,9.0,0.57722,150.0,0.57725,188.0
1753617311583,11:55:11.583,binance,A/USDT:USDT,0.57721,45.0,0.5772,9.0,0.57722,150.0,0.57725,188.0
1753617311791,11:55:11.791,binance,A/USDT:USDT,0.57721,45.0,0.5772,9.0,0.57722,150.0,0.57725,188.0
1753617311898,11:55:11.898,binance,A/USDT:USDT,0.57721,45.0,0.5772,9.0,0.57722,364.0,0.57725,188.0
1753617312110,11:55:12.110,binance,A/USDT:USDT,0.57721,45.0,0.5772,9.0,0.57722,364.0,0.57725,188.0
1753617312301,11:55:12.301,binance,A/USDT:USDT,0.57721,45.0,0.5772,9.0,0.57722,364.0,0.57725,188.0
1753617312411,11:55:12.411,binance,A/USDT:USDT,0.57721,45.0,0.5772,9.0,0.57722,364.0,0.57725,188.0
1753617312572,11:55:12.572,binance,A/USDT:USDT,0.57721,45.0,0.5772,9.0,0.57722,364.0,0.57725,188.0
1753617312796,11:55:12.796,binance,A/USDT:USDT,0.57721,45.0,0.5772,9.0,0.57722,364.0,0.57725,188.0
1753617313109,11:55:13.109,binance,A/USDT:USDT,0.57721,45.0,0.5772,9.0,0.57722,364.0,0.57725,188.0
1753617313658,11:55:13.658,binance,A/USDT:USDT,0.57721,45.0,0.5772,9.0,0.57722,364.0,0.57725,188.0
1753617314060,11:55:14.060,binance,A/USDT:USDT,0.57721,45.0,0.5772,9.0,0.57722,364.0,0.57725,188.0
1753617314167,11:55:14.167,binance,A/USDT:USDT,0.57721,45.0,0.5772,9.0,0.57722,364.0,0.57725,188.0
1753617314391,11:55:14.391,binance,A/USDT:USDT,0.57721,45.0,0.5772,9.0,0.57722,409.0,0.57725,188.0
1753617314570,11:55:14.570,binance,A/USDT:USDT,0.57721,50.0,0.5772,9.0,0.57722,409.0,0.57725,188.0
1753617314802,11:55:14.802,binance,A/USDT:USDT,0.5772,9.0,0.57714,9.0,0.57721,835.0,0.57722,55.0
1753617314904,11:55:14.904,binance,A/USDT:USDT,0.57708,19.0,0.57702,9.0,0.57709,94.0,0.57717,78.0
1753617315011,11:55:15.011,binance,A/USDT:USDT,0.57708,19.0,0.57702,9.0,0.57709,94.0,0.57717,78.0
1753617315112,11:55:15.112,binance,A/USDT:USDT,0.57708,19.0,0.57702,9.0,0.57709,94.0,0.57717,78.0
1753617315409,11:55:15.409,binance,A/USDT:USDT,0.57708,19.0,0.57702,9.0,0.57709,308.0,0.57715,191.0
1753617315514,11:55:15.514,binance,A/USDT:USDT,0.57708,19.0,0.57702,9.0,0.57709,308.0,0.57715,191.0
1753617315659,11:55:15.659,binance,A/USDT:USDT,0.57708,19.0,0.57702,9.0,0.57709,308.0,0.57715,191.0
1753617315943,11:55:15.943,binance,A/USDT:USDT,0.57708,19.0,0.57702,9.0,0.57714,139.0,0.57715,191.0
1753617316051,11:55:16.051,binance,A/USDT:USDT,0.57708,19.0,0.57702,9.0,0.57714,139.0,0.57715,191.0
1753617316193,11:55:16.193,binance,A/USDT:USDT,0.57708,19.0,0.57702,9.0,0.57714,139.0,0.57715,191.0
1753617316302,11:55:16.302,binance,A/USDT:USDT,0.57708,19.0,0.57702,9.0,0.57714,139.0,0.57715,191.0
1753617316444,11:55:16.444,binance,A/USDT:USDT,0.57708,19.0,0.57702,9.0,0.57714,139.0,0.57715,191.0
1753617316822,11:55:16.822,binance,A/USDT:USDT,0.57708,19.0,0.57702,9.0,0.57709,214.0,0.57713,431.0
1753617316944,11:55:16.944,binance,A/USDT:USDT,0.57708,19.0,0.57702,9.0,0.57709,214.0,0.57713,431.0
1753617317695,11:55:17.695,binance,A/USDT:USDT,0.57708,19.0,0.57702,9.0,0.57709,227.0,0.57713,431.0
1753617317831,11:55:17.831,binance,A/USDT:USDT,0.57708,19.0,0.57702,9.0,0.57709,227.0,0.57713,431.0
1753617317933,11:55:17.933,binance,A/USDT:USDT,0.57708,19.0,0.57702,9.0,0.57709,227.0,0.57713,431.0
1753617318110,11:55:18.110,binance,A/USDT:USDT,0.57708,19.0,0.57702,9.0,0.57709,227.0,0.57713,431.0
1753617318402,11:55:18.402,binance,A/USDT:USDT,0.57708,19.0,0.57702,9.0,0.57709,227.0,0.57713,431.0
1753617318647,11:55:18.647,binance,A/USDT:USDT,0.57708,19.0,0.57702,9.0,0.57709,227.0,0.57713,431.0
1753617318751,11:55:18.751,binance,A/USDT:USDT,0.57708,19.0,0.57702,9.0,0.57709,227.0,0.57713,431.0
1753617318855,11:55:18.855,binance,A/USDT:USDT,0.57708,19.0,0.57702,9.0,0.57709,227.0,0.57712,191.0
1753617319001,11:55:19.001,binance,A/USDT:USDT,0.57708,19.0,0.57702,9.0,0.57709,227.0,0.57712,191.0
1753617319109,11:55:19.109,binance,A/USDT:USDT,0.57708,19.0,0.57702,9.0,0.57709,227.0,0.57712,191.0
1753617319211,11:55:19.211,binance,A/USDT:USDT,0.57708,19.0,0.57702,9.0,0.57709,227.0,0.57712,191.0
1753617319515,11:55:19.515,binance,A/USDT:USDT,0.57708,19.0,0.57702,9.0,0.57709,227.0,0.57712,191.0
1753617319660,11:55:19.660,binance,A/USDT:USDT,0.57708,19.0,0.57702,9.0,0.57709,227.0,0.57712,191.0
1753617319764,11:55:19.764,binance,A/USDT:USDT,0.57708,19.0,0.57702,9.0,0.57709,227.0,0.57712,191.0
1753617320035,11:55:20.035,binance,A/USDT:USDT,0.57686,34.0,0.57684,19.0,0.57699,308.0,0.57702,416.0
1753617320142,11:55:20.142,binance,A/USDT:USDT,0.57684,19.0,0.5768,42.0,0.5769,94.0,0.57698,327.0
1753617320243,11:55:20.243,binance,A/USDT:USDT,0.57684,19.0,0.5768,42.0,0.57685,308.0,0.57689,94.0
1753617320345,11:55:20.345,binance,A/USDT:USDT,0.57684,19.0,0.5768,42.0,0.57685,308.0,0.57688,188.0
1753617320449,11:55:20.449,binance,A/USDT:USDT,0.57684,19.0,0.5768,13.0,0.57685,308.0,0.57688,188.0
1753617320628,11:55:20.628,binance,A/USDT:USDT,0.57684,19.0,0.5768,13.0,0.57685,308.0,0.57688,188.0
1753617320731,11:55:20.731,binance,A/USDT:USDT,0.57684,19.0,0.5768,13.0,0.57685,308.0,0.57688,188.0
1753617320885,11:55:20.885,binance,A/USDT:USDT,0.57674,29.0,0.57672,19.0,0.57675,355.0,0.57683,78.0
1753617320992,11:55:20.992,binance,A/USDT:USDT,0.57674,29.0,0.57672,19.0,0.57675,141.0,0.5768,13.0
1753617321093,11:55:21.093,binance,A/USDT:USDT,0.57672,19.0,0.57668,58.0,0.57681,188.0,0.57683,78.0
1753617321202,11:55:21.202,binance,A/USDT:USDT,0.57672,19.0,0.57668,58.0,0.57681,188.0,0.57683,78.0
1753617321323,11:55:21.323,binance,A/USDT:USDT,0.57672,19.0,0.57668,58.0,0.57681,188.0,0.57683,78.0
1753617321462,11:55:21.462,binance,A/USDT:USDT,0.57672,19.0,0.57668,58.0,0.57681,188.0,0.57683,78.0
1753617321568,11:55:21.568,binance,A/USDT:USDT,0.57672,19.0,0.57668,58.0,0.57681,188.0,0.57683,78.0
1753617321701,11:55:21.701,binance,A/USDT:USDT,0.57672,19.0,0.57668,58.0,0.57681,188.0,0.57683,78.0
1753617321927,11:55:21.927,binance,A/USDT:USDT,0.57672,19.0,0.57668,58.0,0.57681,188.0,0.57683,78.0
1753617322031,11:55:22.031,binance,A/USDT:USDT,0.57672,19.0,0.57668,58.0,0.57681,188.0,0.57683,78.0
1753617322386,11:55:22.386,binance,A/USDT:USDT,0.57672,19.0,0.57666,19.0,0.57681,188.0,0.57683,78.0
1753617322488,11:55:22.488,binance,A/USDT:USDT,0.57672,19.0,0.57666,70.0,0.57681,188.0,0.57683,78.0
1753617322705,11:55:22.705,binance,A/USDT:USDT,0.57672,19.0,0.57666,136.0,0.57681,188.0,0.57683,78.0
1753617322812,11:55:22.812,binance,A/USDT:USDT,0.57672,19.0,0.57666,136.0,0.57681,188.0,0.57683,78.0
1753617322918,11:55:22.918,binance,A/USDT:USDT,0.57672,19.0,0.57666,136.0,0.57681,188.0,0.57683,78.0
1753617323110,11:55:23.110,binance,A/USDT:USDT,0.57673,43.0,0.57672,19.0,0.57682,139.0,0.57683,78.0
1753617323213,11:55:23.213,binance,A/USDT:USDT,0.57673,43.0,0.57672,19.0,0.57682,139.0,0.57683,78.0
1753617323380,11:55:23.380,binance,A/USDT:USDT,0.57673,43.0,0.57672,19.0,0.57682,139.0,0.57683,78.0
1753617323514,11:55:23.514,binance,A/USDT:USDT,0.57673,43.0,0.57672,19.0,0.57682,139.0,0.57683,78.0
1753617323621,11:55:23.621,binance,A/USDT:USDT,0.57673,43.0,0.57672,19.0,0.57682,139.0,0.57683,78.0
1753617323769,11:55:23.769,binance,A/USDT:USDT,0.57673,43.0,0.57672,19.0,0.57682,139.0,0.57683,78.0
1753617323874,11:55:23.874,binance,A/USDT:USDT,0.57673,43.0,0.57672,19.0,0.57682,139.0,0.57683,78.0
1753617324046,11:55:24.046,binance,A/USDT:USDT,0.57673,43.0,0.57672,19.0,0.57682,139.0,0.57683,78.0
1753617324383,11:55:24.383,binance,A/USDT:USDT,0.57674,327.0,0.57673,43.0,0.57683,78.0,0.57684,29.0
1753617324522,11:55:24.522,binance,A/USDT:USDT,0.57674,327.0,0.57673,43.0,0.57683,78.0,0.57684,29.0
1753617324692,11:55:24.692,binance,A/USDT:USDT,0.57675,188.0,0.57674,139.0,0.57683,78.0,0.57684,29.0
1753617325104,11:55:25.104,binance,A/USDT:USDT,0.57675,188.0,0.57674,139.0,0.57683,78.0,0.57684,29.0
1753617325315,11:55:25.315,binance,A/USDT:USDT,0.57675,188.0,0.57674,139.0,0.57683,78.0,0.57684,29.0
1753617325439,11:55:25.439,binance,A/USDT:USDT,0.57674,139.0,0.57673,43.0,0.57678,94.0,0.57683,78.0
1753617325552,11:55:25.552,binance,A/USDT:USDT,0.57674,139.0,0.57673,43.0,0.57678,94.0,0.57683,78.0
1753617325702,11:55:25.702,binance,A/USDT:USDT,0.57674,139.0,0.57673,43.0,0.57678,94.0,0.57683,78.0
1753617326047,11:55:26.047,binance,A/USDT:USDT,0.57674,139.0,0.57673,43.0,0.57678,94.0,0.57683,78.0
1753617326202,11:55:26.202,binance,A/USDT:USDT,0.57674,139.0,0.57673,43.0,0.57678,94.0,0.57683,78.0
1753617326400,11:55:26.400,binance,A/USDT:USDT,0.57674,139.0,0.57672,19.0,0.57678,94.0,0.57683,78.0
1753617326802,11:55:26.802,binance,A/USDT:USDT,0.57674,139.0,0.57672,19.0,0.57678,94.0,0.57683,78.0
1753617327112,11:55:27.112,binance,A/USDT:USDT,0.57674,139.0,0.57672,19.0,0.57678,94.0,0.57683,78.0
1753617327233,11:55:27.233,binance,A/USDT:USDT,0.57674,139.0,0.57672,19.0,0.57678,94.0,0.57683,78.0
1753617327381,11:55:27.381,binance,A/USDT:USDT,0.57674,139.0,0.57672,19.0,0.57678,94.0,0.57683,78.0
1753617327487,11:55:27.487,binance,A/USDT:USDT,0.57674,139.0,0.57672,19.0,0.57678,94.0,0.57683,78.0
1753617327690,11:55:27.690,binance,A/USDT:USDT,0.57674,139.0,0.57672,19.0,0.57678,94.0,0.57683,78.0
1753617327902,11:55:27.902,binance,A/USDT:USDT,0.57674,139.0,0.57672,19.0,0.57678,94.0,0.57683,78.0
1753617328047,11:55:28.047,binance,A/USDT:USDT,0.57674,139.0,0.57672,19.0,0.57678,94.0,0.57683,78.0
1753617328502,11:55:28.502,binance,A/USDT:USDT,0.57674,139.0,0.57672,19.0,0.57678,94.0,0.57683,78.0
1753617329078,11:55:29.078,binance,A/USDT:USDT,0.57674,139.0,0.57672,19.0,0.57678,94.0,0.57683,78.0
1753617329633,11:55:29.633,binance,A/USDT:USDT,0.57674,139.0,0.57672,19.0,0.57678,94.0,0.57683,78.0
1753617330015,11:55:30.015,binance,A/USDT:USDT,0.57674,139.0,0.57672,19.0,0.57678,94.0,0.57683,78.0
1753617330125,11:55:30.125,binance,A/USDT:USDT,0.57672,19.0,0.57668,29.0,0.57673,94.0,0.57681,78.0
1753617330227,11:55:30.227,binance,A/USDT:USDT,0.57672,19.0,0.57668,29.0,0.57673,94.0,0.57681,78.0
1753617330340,11:55:30.340,binance,A/USDT:USDT,0.57672,19.0,0.57668,29.0,0.57673,94.0,0.57681,78.0
1753617330453,11:55:30.453,binance,A/USDT:USDT,0.57672,19.0,0.57668,29.0,0.57673,110.0,0.57681,78.0
1753617330645,11:55:30.645,binance,A/USDT:USDT,0.57672,19.0,0.57668,29.0,0.57673,324.0,0.57679,195.0
1753617330759,11:55:30.759,binance,A/USDT:USDT,0.57672,19.0,0.57666,19.0,0.57673,324.0,0.57679,195.0
1753617331083,11:55:31.083,binance,A/USDT:USDT,0.57672,19.0,0.57666,19.0,0.57673,324.0,0.57679,195.0
1753617331205,11:55:31.205,binance,A/USDT:USDT,0.57672,19.0,0.57666,19.0,0.57673,324.0,0.57679,195.0
1753617331359,11:55:31.359,binance,A/USDT:USDT,0.57672,19.0,0.57666,19.0,0.57673,324.0,0.57679,195.0
1753617331461,11:55:31.461,binance,A/USDT:USDT,0.57672,19.0,0.57666,19.0,0.57673,324.0,0.57679,195.0
1753617331648,11:55:31.648,binance,A/USDT:USDT,0.57672,19.0,0.57666,19.0,0.57673,324.0,0.57679,195.0
1753617331869,11:55:31.869,binance,A/USDT:USDT,0.57672,19.0,0.57666,19.0,0.57673,110.0,0.57679,195.0
1753617332056,11:55:32.056,binance,A/USDT:USDT,0.57672,19.0,0.57666,19.0,0.57673,324.0,0.57679,195.0
1753617332391,11:55:32.391,binance,A/USDT:USDT,0.57672,19.0,0.57666,19.0,0.57673,110.0,0.57679,195.0
1753617332565,11:55:32.565,binance,A/USDT:USDT,0.57672,19.0,0.57666,19.0,0.57673,110.0,0.57679,195.0
1753617332802,11:55:32.802,binance,A/USDT:USDT,0.57672,19.0,0.57666,19.0,0.57673,324.0,0.57678,57.0
1753617332906,11:55:32.906,binance,A/USDT:USDT,0.57672,19.0,0.57666,19.0,0.57673,110.0,0.57678,57.0
1753617333007,11:55:33.007,binance,A/USDT:USDT,0.57672,19.0,0.57666,19.0,0.57673,324.0,0.57678,57.0
1753617333111,11:55:33.111,binance,A/USDT:USDT,0.57672,19.0,0.57666,19.0,0.57673,324.0,0.57678,57.0
1753617333227,11:55:33.227,binance,A/USDT:USDT,0.57672,19.0,0.57666,19.0,0.57673,324.0,0.57678,57.0
1753617333434,11:55:33.434,binance,A/USDT:USDT,0.57672,19.0,0.57666,19.0,0.57673,351.0,0.57678,57.0
1753617333562,11:55:33.562,binance,A/USDT:USDT,0.57672,19.0,0.57666,19.0,0.57673,137.0,0.57678,57.0
1753617333932,11:55:33.932,binance,A/USDT:USDT,0.57672,19.0,0.57666,19.0,0.57673,137.0,0.57678,57.0
1753617334038,11:55:34.038,binance,A/USDT:USDT,0.57672,19.0,0.57666,19.0,0.57673,137.0,0.57678,57.0
1753617334142,11:55:34.142,binance,A/USDT:USDT,0.57672,19.0,0.57666,19.0,0.57673,137.0,0.57678,57.0
1753617334497,11:55:34.497,binance,A/USDT:USDT,0.57672,19.0,0.57666,19.0,0.57673,137.0,0.57678,57.0
1753617334601,11:55:34.601,binance,A/USDT:USDT,0.57672,19.0,0.57666,19.0,0.57673,137.0,0.57678,57.0
1753617334865,11:55:34.865,binance,A/USDT:USDT,0.57672,19.0,0.57666,19.0,0.57673,351.0,0.57679,195.0
1753617335100,11:55:35.100,binance,A/USDT:USDT,0.57672,19.0,0.57666,19.0,0.57673,351.0,0.57679,195.0
1753617335208,11:55:35.208,binance,A/USDT:USDT,0.57672,19.0,0.57666,19.0,0.57673,137.0,0.57679,195.0
1753617335311,11:55:35.311,binance,A/USDT:USDT,0.57672,19.0,0.57666,19.0,0.57673,137.0,0.57679,195.0
1753617335703,11:55:35.703,binance,A/USDT:USDT,0.57672,19.0,0.57666,19.0,0.57673,137.0,0.57679,195.0
1753617336031,11:55:36.031,binance,A/USDT:USDT,0.57672,19.0,0.57666,19.0,0.57673,137.0,0.57678,866.0
1753617336134,11:55:36.134,binance,A/USDT:USDT,0.57672,19.0,0.57666,19.0,0.57673,137.0,0.57678,866.0
1753617336241,11:55:36.241,binance,A/USDT:USDT,0.57672,19.0,0.57666,19.0,0.57673,137.0,0.57678,866.0
1753617336638,11:55:36.638,binance,A/USDT:USDT,0.57672,19.0,0.57666,19.0,0.57673,137.0,0.57678,866.0
1753617336802,11:55:36.802,binance,A/USDT:USDT,0.57672,19.0,0.57666,19.0,0.57673,137.0,0.57678,866.0
1753617337034,11:55:37.034,binance,A/USDT:USDT,0.57672,19.0,0.57666,19.0,0.57673,137.0,0.57678,866.0
1753617337145,11:55:37.145,binance,A/USDT:USDT,0.57672,19.0,0.57666,19.0,0.57673,137.0,0.57678,866.0
1753617337361,11:55:37.361,binance,A/USDT:USDT,0.57672,19.0,0.57666,19.0,0.57673,138.0,0.57678,866.0
1753617337530,11:55:37.530,binance,A/USDT:USDT,0.57672,19.0,0.57666,19.0,0.57673,138.0,0.57678,866.0
1753617337902,11:55:37.902,binance,A/USDT:USDT,0.57672,19.0,0.57666,19.0,0.57673,138.0,0.57678,866.0
1753617338030,11:55:38.030,binance,A/USDT:USDT,0.57672,19.0,0.57666,19.0,0.57673,138.0,0.57678,866.0
1753617338144,11:55:38.144,binance,A/USDT:USDT,0.57672,19.0,0.57666,19.0,0.57673,138.0,0.57678,866.0
1753617338417,11:55:38.417,binance,A/USDT:USDT,0.57672,19.0,0.57666,19.0,0.57673,138.0,0.57678,866.0
1753617338603,11:55:38.603,binance,A/USDT:USDT,0.57672,19.0,0.57666,19.0,0.57673,138.0,0.57678,866.0
1753617339271,11:55:39.271,binance,A/USDT:USDT,0.57672,19.0,0.57666,19.0,0.57673,138.0,0.57678,866.0
1753617339569,11:55:39.569,binance,A/USDT:USDT,0.57672,19.0,0.57666,19.0,0.57673,138.0,0.57679,195.0
1753617339672,11:55:39.672,binance,A/USDT:USDT,0.57672,19.0,0.57666,19.0,0.57673,138.0,0.57678,866.0
1753617339829,11:55:39.829,binance,A/USDT:USDT,0.57672,19.0,0.57666,19.0,0.57673,138.0,0.57676,195.0
1753617339986,11:55:39.986,binance,A/USDT:USDT,0.57672,19.0,0.57666,19.0,0.57673,138.0,0.57676,195.0
1753617340110,11:55:40.110,binance,A/USDT:USDT,0.57672,19.0,0.57666,19.0,0.57673,138.0,0.57676,195.0
1753617340221,11:55:40.221,binance,A/USDT:USDT,0.57672,19.0,0.57666,19.0,0.57673,138.0,0.57676,195.0
1753617340581,11:55:40.581,binance,A/USDT:USDT,0.57672,19.0,0.57666,19.0,0.57673,138.0,0.57676,195.0
1753617340700,11:55:40.700,binance,A/USDT:USDT,0.57672,19.0,0.57666,19.0,0.57673,138.0,0.57676,195.0
1753617340874,11:55:40.874,binance,A/USDT:USDT,0.57672,19.0,0.57666,19.0,0.57673,138.0,0.57676,195.0
1753617341011,11:55:41.011,binance,A/USDT:USDT,0.57672,19.0,0.57666,19.0,0.57673,138.0,0.57676,195.0
1753617341113,11:55:41.113,binance,A/USDT:USDT,0.57672,19.0,0.57666,19.0,0.57673,138.0,0.57676,195.0
1753617341257,11:55:41.257,binance,A/USDT:USDT,0.57672,19.0,0.57666,19.0,0.57673,138.0,0.57676,195.0
1753617341378,11:55:41.378,binance,A/USDT:USDT,0.57666,19.0,0.57665,259.0,0.57672,139.0,0.57673,58.0
1753617341485,11:55:41.485,binance,A/USDT:USDT,0.57666,19.0,0.57665,259.0,0.57672,139.0,0.57673,58.0
1753617341602,11:55:41.602,binance,A/USDT:USDT,0.57666,19.0,0.57665,259.0,0.57672,139.0,0.57673,58.0
1753617341781,11:55:41.781,binance,A/USDT:USDT,0.57666,19.0,0.57665,259.0,0.57672,139.0,0.57673,58.0
1753617342042,11:55:42.042,binance,A/USDT:USDT,0.57666,19.0,0.57665,259.0,0.57672,139.0,0.57673,58.0
1753617342145,11:55:42.145,binance,A/USDT:USDT,0.57666,19.0,0.57665,259.0,0.57672,139.0,0.57673,58.0
1753617342690,11:55:42.690,binance,A/USDT:USDT,0.5766,19.0,0.57654,32.0,0.57661,94.0,0.57665,139.0
1753617342792,11:55:42.792,binance,A/USDT:USDT,0.5766,19.0,0.57654,32.0,0.57661,94.0,0.57665,139.0
1753617342919,11:55:42.919,binance,A/USDT:USDT,0.5766,19.0,0.57654,32.0,0.57661,94.0,0.57665,139.0
1753617343039,11:55:43.039,binance,A/USDT:USDT,0.5766,19.0,0.57654,32.0,0.57661,94.0,0.57665,139.0
1753617343144,11:55:43.144,binance,A/USDT:USDT,0.5766,19.0,0.57654,32.0,0.57661,94.0,0.57665,139.0
1753617343298,11:55:43.298,binance,A/USDT:USDT,0.5766,19.0,0.57654,32.0,0.57661,94.0,0.57665,139.0
1753617343447,11:55:43.447,binance,A/USDT:USDT,0.5766,19.0,0.57654,32.0,0.57661,94.0,0.57665,139.0
1753617343564,11:55:43.564,binance,A/USDT:USDT,0.5766,19.0,0.57654,32.0,0.57661,94.0,0.57665,139.0
1753617343701,11:55:43.701,binance,A/USDT:USDT,0.5766,19.0,0.57654,32.0,0.57665,139.0,0.57667,78.0
1753617343808,11:55:43.808,binance,A/USDT:USDT,0.5766,19.0,0.57654,32.0,0.57665,139.0,0.57667,78.0
1753617343910,11:55:43.910,binance,A/USDT:USDT,0.5766,19.0,0.57654,32.0,0.57665,139.0,0.57667,78.0
1753617344102,11:55:44.102,binance,A/USDT:USDT,0.5766,59.0,0.57654,220.0,0.57665,139.0,0.57667,78.0
1753617344205,11:55:44.205,binance,A/USDT:USDT,0.5766,59.0,0.57655,35.0,0.57663,26.0,0.57665,139.0
1753617344389,11:55:44.389,binance,A/USDT:USDT,0.5766,59.0,0.57655,35.0,0.57663,26.0,0.57665,139.0
1753617344802,11:55:44.802,binance,A/USDT:USDT,0.5766,59.0,0.57655,35.0,0.5767,42.0,0.57672,139.0
1753617344913,11:55:44.913,binance,A/USDT:USDT,0.57661,139.0,0.5766,247.0,0.57673,58.0,0.57678,29.0
1753617345016,11:55:45.016,binance,A/USDT:USDT,0.57661,139.0,0.5766,247.0,0.57673,58.0,0.57678,92.0
1753617345120,11:55:45.120,binance,A/USDT:USDT,0.5766,59.0,0.57655,94.0,0.57666,94.0,0.57669,139.0
1753617345336,11:55:45.336,binance,A/USDT:USDT,0.5766,19.0,0.57655,16.0,0.57661,94.0,0.57664,13.0
1753617345569,11:55:45.569,binance,A/USDT:USDT,0.5766,19.0,0.57655,16.0,0.57661,94.0,0.57664,13.0
1753617345975,11:55:45.975,binance,A/USDT:USDT,0.5766,19.0,0.57655,16.0,0.57661,94.0,0.57664,13.0
1753617346110,11:55:46.110,binance,A/USDT:USDT,0.5766,19.0,0.57655,16.0,0.57661,94.0,0.57664,13.0
1753617346352,11:55:46.352,binance,A/USDT:USDT,0.5766,19.0,0.57655,105.0,0.57661,18.0,0.57664,13.0
1753617346456,11:55:46.456,binance,A/USDT:USDT,0.5766,19.0,0.57655,29.0,0.57661,18.0,0.57664,13.0
1753617346634,11:55:46.634,binance,A/USDT:USDT,0.5766,19.0,0.57655,29.0,0.57661,18.0,0.57664,13.0
1753617346744,11:55:46.744,binance,A/USDT:USDT,0.57663,43.0,0.57662,188.0,0.57664,13.0,0.57672,29.0
1753617346874,11:55:46.874,binance,A/USDT:USDT,0.57663,43.0,0.57662,188.0,0.57664,13.0,0.57672,29.0
1753617346977,11:55:46.977,binance,A/USDT:USDT,0.57663,43.0,0.57662,188.0,0.57664,13.0,0.57672,29.0
1753617347111,11:55:47.111,binance,A/USDT:USDT,0.57663,43.0,0.57662,188.0,0.57664,13.0,0.57672,29.0
1753617347395,11:55:47.395,binance,A/USDT:USDT,0.57663,231.0,0.57661,139.0,0.57664,13.0,0.57672,29.0
1753617347563,11:55:47.563,binance,A/USDT:USDT,0.57665,188.0,0.57663,43.0,0.57672,29.0,0.57673,42.0
1753617347690,11:55:47.690,binance,A/USDT:USDT,0.57665,188.0,0.57663,43.0,0.57672,29.0,0.57673,42.0
1753617347988,11:55:47.988,binance,A/USDT:USDT,0.57665,188.0,0.57663,43.0,0.57672,45.0,0.57673,42.0
1753617348091,11:55:48.091,binance,A/USDT:USDT,0.57665,188.0,0.57663,43.0,0.57672,45.0,0.57673,42.0
1753617348240,11:55:48.240,binance,A/USDT:USDT,0.57665,188.0,0.57663,43.0,0.57672,45.0,0.57673,42.0
1753617348892,11:55:48.892,binance,A/USDT:USDT,0.57665,188.0,0.57663,43.0,0.57672,45.0,0.57673,42.0
1753617349088,11:55:49.088,binance,A/USDT:USDT,0.57665,188.0,0.57663,43.0,0.57672,45.0,0.57673,42.0
1753617349251,11:55:49.251,binance,A/USDT:USDT,0.57665,188.0,0.57663,43.0,0.57672,45.0,0.57673,42.0
1753617349396,11:55:49.396,binance,A/USDT:USDT,0.57665,188.0,0.57663,43.0,0.57672,45.0,0.57673,42.0
1753617349781,11:55:49.781,binance,A/USDT:USDT,0.57665,188.0,0.57663,43.0,0.57672,45.0,0.57673,42.0
1753617350111,11:55:50.111,binance,A/USDT:USDT,0.57665,188.0,0.57663,43.0,0.57672,45.0,0.57673,42.0
1753617350402,11:55:50.402,binance,A/USDT:USDT,0.57665,188.0,0.57663,43.0,0.57672,45.0,0.57673,42.0
1753617350624,11:55:50.624,binance,A/USDT:USDT,0.57665,188.0,0.57663,43.0,0.57672,45.0,0.57673,42.0
1753617351110,11:55:51.110,binance,A/USDT:USDT,0.57665,188.0,0.57663,43.0,0.57672,45.0,0.57673,42.0
1753617351434,11:55:51.434,binance,A/USDT:USDT,0.57665,188.0,0.57663,43.0,0.57672,45.0,0.57673,42.0
1753617352110,11:55:52.110,binance,A/USDT:USDT,0.57665,188.0,0.57663,43.0,0.57672,45.0,0.57673,42.0
1753617352213,11:55:52.213,binance,A/USDT:USDT,0.57665,188.0,0.57663,43.0,0.57672,45.0,0.57673,42.0
1753617352964,11:55:52.964,binance,A/USDT:USDT,0.57665,188.0,0.57663,43.0,0.57672,45.0,0.57673,42.0
1753617353111,11:55:53.111,binance,A/USDT:USDT,0.57665,188.0,0.57663,43.0,0.57672,45.0,0.57673,42.0
1753617353594,11:55:53.594,binance,A/USDT:USDT,0.57665,188.0,0.57663,43.0,0.57672,45.0,0.57673,42.0
1753617354110,11:55:54.110,binance,A/USDT:USDT,0.57665,188.0,0.57663,43.0,0.57672,45.0,0.57673,42.0
1753617354476,11:55:54.476,binance,A/USDT:USDT,0.57668,29.0,0.57666,9.0,0.57672,45.0,0.57673,42.0
1753617354981,11:55:54.981,binance,A/USDT:USDT,0.57668,29.0,0.57666,9.0,0.57672,45.0,0.57673,42.0
1753617355110,11:55:55.110,binance,A/USDT:USDT,0.57668,29.0,0.57666,9.0,0.57672,45.0,0.57673,42.0
1753617355567,11:55:55.567,binance,A/USDT:USDT,0.57668,29.0,0.57666,9.0,0.5767,91.0,0.57672,45.0
1753617355716,11:55:55.716,binance,A/USDT:USDT,0.57668,29.0,0.57666,9.0,0.5767,91.0,0.57672,45.0
1753617355953,11:55:55.953,binance,A/USDT:USDT,0.57668,29.0,0.57666,9.0,0.5767,91.0,0.57672,45.0
1753617356102,11:55:56.102,binance,A/USDT:USDT,0.57668,29.0,0.57666,9.0,0.5767,91.0,0.57672,45.0
1753617356217,11:55:56.217,binance,A/USDT:USDT,0.57668,29.0,0.57666,9.0,0.5767,91.0,0.57672,45.0
1753617356754,11:55:56.754,binance,A/USDT:USDT,0.57668,29.0,0.57666,9.0,0.57669,94.0,0.5767,91.0
1753617356922,11:55:56.922,binance,A/USDT:USDT,0.57668,29.0,0.57666,9.0,0.57669,94.0,0.5767,91.0
1753617357302,11:55:57.302,binance,A/USDT:USDT,0.57668,29.0,0.57666,9.0,0.57669,94.0,0.5767,91.0
1753617357643,11:55:57.643,binance,A/USDT:USDT,0.57668,29.0,0.57666,9.0,0.57669,94.0,0.5767,91.0
1753617358402,11:55:58.402,binance,A/USDT:USDT,0.57668,29.0,0.57666,9.0,0.57669,107.0,0.5767,91.0
1753617359002,11:55:59.002,binance,A/USDT:USDT,0.57668,29.0,0.57666,9.0,0.57669,107.0,0.5767,91.0
1753617359110,11:55:59.110,binance,A/USDT:USDT,0.57666,9.0,0.5766,19.0,0.57667,94.0,0.57668,139.0
1753617359324,11:55:59.324,binance,A/USDT:USDT,0.57666,9.0,0.5766,19.0,0.57667,94.0,0.57668,139.0
1753617359591,11:55:59.591,binance,A/USDT:USDT,0.57666,9.0,0.5766,19.0,0.57667,94.0,0.57668,139.0
1753617360958,11:56:00.958,binance,A/USDT:USDT,0.57666,9.0,0.5766,19.0,0.57667,94.0,0.57668,139.0
1753617361063,11:56:01.063,binance,A/USDT:USDT,0.57666,9.0,0.5766,19.0,0.57667,94.0,0.57668,139.0
1753617361198,11:56:01.198,binance,A/USDT:USDT,0.57666,9.0,0.5766,19.0,0.57667,94.0,0.57668,139.0
1753617361301,11:56:01.301,binance,A/USDT:USDT,0.57666,9.0,0.5766,19.0,0.57667,94.0,0.57668,139.0
1753617361471,11:56:01.471,binance,A/USDT:USDT,0.57667,43.0,0.57666,214.0,0.57669,13.0,0.5767,91.0
1753617361616,11:56:01.616,binance,A/USDT:USDT,0.57667,43.0,0.57666,214.0,0.57669,13.0,0.5767,91.0
1753617362110,11:56:02.110,binance,A/USDT:USDT,0.57667,43.0,0.57666,214.0,0.57669,13.0,0.5767,91.0
1753617362330,11:56:02.330,binance,A/USDT:USDT,0.57668,139.0,0.57667,43.0,0.57669,14.0,0.5767,91.0
1753617362984,11:56:02.984,binance,A/USDT:USDT,0.57668,139.0,0.57667,43.0,0.57669,14.0,0.5767,91.0
1753617363109,11:56:03.109,binance,A/USDT:USDT,0.57668,139.0,0.57667,43.0,0.57669,14.0,0.5767,91.0
1753617363402,11:56:03.402,binance,A/USDT:USDT,0.57668,139.0,0.57667,43.0,0.57669,14.0,0.5767,91.0
1753617363681,11:56:03.681,binance,A/USDT:USDT,0.57668,139.0,0.57667,43.0,0.57669,14.0,0.5767,91.0
1753617363823,11:56:03.823,binance,A/USDT:USDT,0.57668,139.0,0.57667,43.0,0.57669,14.0,0.5767,91.0
1753617365111,11:56:05.111,binance,A/USDT:USDT,0.57668,139.0,0.57667,43.0,0.57669,14.0,0.5767,91.0
1753617365299,11:56:05.299,binance,A/USDT:USDT,0.57668,139.0,0.57667,43.0,0.57669,360.0,0.5767,91.0
1753617365403,11:56:05.403,binance,A/USDT:USDT,0.57667,43.0,0.57666,214.0,0.57669,228.0,0.5767,91.0
1753617365504,11:56:05.504,binance,A/USDT:USDT,0.57667,43.0,0.57666,214.0,0.57669,14.0,0.5767,91.0
1753617365835,11:56:05.835,binance,A/USDT:USDT,0.57667,43.0,0.57666,214.0,0.57669,14.0,0.5767,91.0
1753617366111,11:56:06.111,binance,A/USDT:USDT,0.57667,43.0,0.57666,214.0,0.57669,14.0,0.5767,91.0
1753617366281,11:56:06.281,binance,A/USDT:USDT,0.57667,43.0,0.57666,214.0,0.57669,14.0,0.5767,91.0
1753617366500,11:56:06.500,binance,A/USDT:USDT,0.57667,43.0,0.57666,214.0,0.57669,14.0,0.5767,91.0
1753617366802,11:56:06.802,binance,A/USDT:USDT,0.57667,43.0,0.57666,214.0,0.57669,14.0,0.5767,91.0
1753617367110,11:56:07.110,binance,A/USDT:USDT,0.57667,43.0,0.57666,214.0,0.57669,14.0,0.5767,91.0
1753617367351,11:56:07.351,binance,A/USDT:USDT,0.57667,62.0,0.57666,214.0,0.57669,14.0,0.5767,91.0
1753617367453,11:56:07.453,binance,A/USDT:USDT,0.57667,62.0,0.57666,214.0,0.57668,308.0,0.57669,14.0
1753617367570,11:56:07.570,binance,A/USDT:USDT,0.57667,62.0,0.57666,214.0,0.57668,448.0,0.57669,14.0
1753617367902,11:56:07.902,binance,A/USDT:USDT,0.57667,62.0,0.57666,214.0,0.57668,448.0,0.57669,14.0
1753617368110,11:56:08.110,binance,A/USDT:USDT,0.57667,62.0,0.57666,214.0,0.57668,448.0,0.57669,14.0
1753617368604,11:56:08.604,binance,A/USDT:USDT,0.57667,62.0,0.57666,214.0,0.57668,234.0,0.57669,14.0
1753617369433,11:56:09.433,binance,A/USDT:USDT,0.57667,62.0,0.57666,214.0,0.57669,14.0,0.5767,91.0
1753617369658,11:56:09.658,binance,A/USDT:USDT,0.57667,62.0,0.57666,214.0,0.57669,14.0,0.5767,91.0
1753617369801,11:56:09.801,binance,A/USDT:USDT,0.57667,62.0,0.57666,214.0,0.57669,14.0,0.5767,91.0
1753617370111,11:56:10.111,binance,A/USDT:USDT,0.57667,62.0,0.57666,214.0,0.57669,14.0,0.5767,91.0
1753617370301,11:56:10.301,binance,A/USDT:USDT,0.57667,62.0,0.57666,214.0,0.57669,28.0,0.5767,91.0
1753617370634,11:56:10.634,binance,A/USDT:USDT,0.57667,62.0,0.57666,214.0,0.57669,28.0,0.5767,91.0
1753617371295,11:56:11.295,binance,A/USDT:USDT,0.57667,62.0,0.57666,214.0,0.57669,28.0,0.5767,91.0
1753617371402,11:56:11.402,binance,A/USDT:USDT,0.57667,62.0,0.57666,214.0,0.57669,28.0,0.5767,91.0
1753617371902,11:56:11.902,binance,A/USDT:USDT,0.57667,62.0,0.57666,214.0,0.57669,28.0,0.5767,91.0
1753617372111,11:56:12.111,binance,A/USDT:USDT,0.57667,62.0,0.57666,214.0,0.57669,28.0,0.5767,91.0
1753617372431,11:56:12.431,binance,A/USDT:USDT,0.57667,62.0,0.57666,214.0,0.57669,28.0,0.5767,91.0
1753617372733,11:56:12.733,binance,A/USDT:USDT,0.57667,62.0,0.57666,214.0,0.57669,28.0,0.5767,91.0
1753617373110,11:56:13.110,binance,A/USDT:USDT,0.57667,62.0,0.57666,214.0,0.57669,28.0,0.5767,91.0
1753617374102,11:56:14.102,binance,A/USDT:USDT,0.57667,62.0,0.57666,214.0,0.57669,28.0,0.5767,91.0
1753617374259,11:56:14.259,binance,A/USDT:USDT,0.57667,62.0,0.57666,214.0,0.57669,28.0,0.5767,91.0
1753617374565,11:56:14.565,binance,A/USDT:USDT,0.57667,121.0,0.57666,214.0,0.57669,28.0,0.5767,91.0
1753617374696,11:56:14.696,binance,A/USDT:USDT,0.57667,121.0,0.57666,214.0,0.57669,28.0,0.5767,91.0
1753617375111,11:56:15.111,binance,A/USDT:USDT,0.57667,121.0,0.57666,214.0,0.57669,28.0,0.5767,91.0
1753617375435,11:56:15.435,binance,A/USDT:USDT,0.57667,121.0,0.57666,214.0,0.57669,28.0,0.5767,91.0
1753617376356,11:56:16.356,binance,A/USDT:USDT,0.57667,121.0,0.57666,214.0,0.57669,28.0,0.5767,91.0
1753617376699,11:56:16.699,binance,A/USDT:USDT,0.57667,121.0,0.57666,214.0,0.57669,28.0,0.5767,91.0
1753617377071,11:56:17.071,binance,A/USDT:USDT,0.57667,121.0,0.57666,214.0,0.57669,28.0,0.5767,91.0
1753617377499,11:56:17.499,binance,A/USDT:USDT,0.57668,328.0,0.57667,102.0,0.57669,28.0,0.5767,91.0
1753617377603,11:56:17.603,binance,A/USDT:USDT,0.57668,328.0,0.57667,102.0,0.57669,28.0,0.5767,91.0
1753617377987,11:56:17.987,binance,A/USDT:USDT,0.57668,328.0,0.57667,102.0,0.57669,28.0,0.5767,91.0
1753617378111,11:56:18.111,binance,A/USDT:USDT,0.57668,328.0,0.57667,102.0,0.57669,28.0,0.5767,91.0
1753617378256,11:56:18.256,binance,A/USDT:USDT,0.57668,328.0,0.57667,102.0,0.57669,28.0,0.5767,91.0
1753617378711,11:56:18.711,binance,A/USDT:USDT,0.57668,328.0,0.57667,102.0,0.57669,28.0,0.5767,91.0
1753617379111,11:56:19.111,binance,A/USDT:USDT,0.57668,328.0,0.57667,102.0,0.57669,28.0,0.5767,91.0
1753617379480,11:56:19.480,binance,A/USDT:USDT,0.57668,158.0,0.57667,102.0,0.57669,28.0,0.5767,91.0
1753617379786,11:56:19.786,binance,A/USDT:USDT,0.57668,158.0,0.57667,102.0,0.57669,28.0,0.5767,91.0
1753617379911,11:56:19.911,binance,A/USDT:USDT,0.57668,158.0,0.57667,102.0,0.57669,28.0,0.5767,91.0
1753617380111,11:56:20.111,binance,A/USDT:USDT,0.57668,158.0,0.57667,102.0,0.57669,28.0,0.5767,91.0
1753617380235,11:56:20.235,binance,A/USDT:USDT,0.57668,158.0,0.57667,102.0,0.57669,28.0,0.5767,91.0
1753617380402,11:56:20.402,binance,A/USDT:USDT,0.57668,158.0,0.57667,102.0,0.57669,28.0,0.5767,91.0
1753617380850,11:56:20.850,binance,A/USDT:USDT,0.57668,158.0,0.57667,102.0,0.57669,28.0,0.5767,91.0
1753617380982,11:56:20.982,binance,A/USDT:USDT,0.57668,19.0,0.57667,102.0,0.57669,242.0,0.5767,91.0
1753617381092,11:56:21.092,binance,A/USDT:USDT,0.57668,19.0,0.57667,59.0,0.57669,242.0,0.5767,91.0
1753617381196,11:56:21.196,binance,A/USDT:USDT,0.57668,19.0,0.57667,59.0,0.57669,242.0,0.5767,91.0
