timestamp,time,exchange,symbol,bid1_price,bid1_volume,bid2_price,bid2_volume,ask1_price,ask1_volume,ask2_price,ask2_volume
1753617165146,11:52:45.146,bitmex,ACT/USDT:USDT,0.04558,500.0,0.04521,1170.0,0.0469,310.0,0.04693,50.0
1753617166365,11:52:46.365,bitmex,ACT/USDT:USDT,0.04558,500.0,0.04521,1170.0,0.0469,310.0,0.04693,50.0
1753617166415,11:52:46.415,bitmex,ACT/USDT:USDT,0.04558,500.0,0.04521,1170.0,0.0469,310.0,0.04693,50.0
1753617167567,11:52:47.567,bitmex,ACT/USDT:USDT,0.04558,500.0,0.04521,1170.0,0.0469,310.0,0.04693,50.0
1753617167616,11:52:47.616,bitmex,ACT/USDT:USDT,0.04558,500.0,0.04521,1170.0,0.0469,310.0,0.04693,50.0
1753617169318,11:52:49.318,bitmex,ACT/USDT:USDT,0.04558,500.0,0.04521,1170.0,0.0469,310.0,0.04693,50.0
1753617169367,11:52:49.367,bitmex,ACT/USDT:USDT,0.04558,500.0,0.04521,1170.0,0.0469,310.0,0.04693,50.0
1753617170270,11:52:50.270,bitmex,ACT/USDT:USDT,0.04558,500.0,0.04521,1170.0,0.0469,310.0,0.04693,50.0
1753617170319,11:52:50.319,bitmex,ACT/USDT:USDT,0.04559,470.0,0.04521,1170.0,0.0469,310.0,0.04693,50.0
1753617170389,11:52:50.389,bitmex,ACT/USDT:USDT,0.04559,470.0,0.04521,1170.0,0.0469,310.0,0.04693,50.0
1753617170457,11:52:50.457,bitmex,ACT/USDT:USDT,0.04559,470.0,0.04521,1170.0,0.0469,310.0,0.04693,50.0
1753617171789,11:52:51.789,bitmex,ACT/USDT:USDT,0.04559,470.0,0.04521,1170.0,0.0469,310.0,0.04693,50.0
1753617171857,11:52:51.857,bitmex,ACT/USDT:USDT,0.04559,470.0,0.04521,1170.0,0.0469,310.0,0.04693,50.0
1753617172873,11:52:52.873,bitmex,ACT/USDT:USDT,0.04561,500.0,0.04521,1170.0,0.0469,310.0,0.04693,50.0
1753617172933,11:52:52.933,bitmex,ACT/USDT:USDT,0.04561,500.0,0.04521,1170.0,0.0469,310.0,0.04693,50.0
1753617172982,11:52:52.982,bitmex,ACT/USDT:USDT,0.04561,500.0,0.04484,1160.0,0.0469,310.0,0.04693,50.0
1753617174258,11:52:54.258,bitmex,ACT/USDT:USDT,0.04561,500.0,0.04447,1270.0,0.0469,310.0,0.04693,50.0
1753617174307,11:52:54.307,bitmex,ACT/USDT:USDT,0.04561,500.0,0.04447,1270.0,0.0469,310.0,0.04693,50.0
1753617175405,11:52:55.405,bitmex,ACT/USDT:USDT,0.04561,500.0,0.0441,2660.0,0.0469,310.0,0.04693,50.0
1753617175454,11:52:55.454,bitmex,ACT/USDT:USDT,0.04561,500.0,0.0441,2660.0,0.0469,310.0,0.04693,50.0
1753617176743,11:52:56.743,bitmex,ACT/USDT:USDT,0.04561,500.0,0.04524,1180.0,0.0469,310.0,0.04693,50.0
1753617176807,11:52:56.807,bitmex,ACT/USDT:USDT,0.04561,500.0,0.04524,1180.0,0.0469,310.0,0.04693,50.0
1753617177948,11:52:57.948,bitmex,ACT/USDT:USDT,0.04561,500.0,0.04524,1180.0,0.0469,310.0,0.04693,50.0
1753617177997,11:52:57.997,bitmex,ACT/USDT:USDT,0.04561,500.0,0.04524,1180.0,0.0469,310.0,0.04693,50.0
1753617179275,11:52:59.275,bitmex,ACT/USDT:USDT,0.04561,500.0,0.04524,1180.0,0.0469,310.0,0.04693,50.0
1753617179325,11:52:59.325,bitmex,ACT/USDT:USDT,0.04561,500.0,0.04524,1180.0,0.0469,310.0,0.04693,50.0
1753617180503,11:53:00.503,bitmex,ACT/USDT:USDT,0.04561,500.0,0.04524,1180.0,0.0469,310.0,0.04693,50.0
1753617180552,11:53:00.552,bitmex,ACT/USDT:USDT,0.04559,510.0,0.04524,1180.0,0.0469,310.0,0.04693,50.0
1753617181928,11:53:01.928,bitmex,ACT/USDT:USDT,0.04559,510.0,0.04524,1180.0,0.0469,310.0,0.04693,50.0
1753617181977,11:53:01.977,bitmex,ACT/USDT:USDT,0.04559,490.0,0.04524,1180.0,0.0469,310.0,0.04693,50.0
1753617183117,11:53:03.117,bitmex,ACT/USDT:USDT,0.04559,490.0,0.04524,1180.0,0.0469,310.0,0.04693,50.0
1753617183166,11:53:03.166,bitmex,ACT/USDT:USDT,0.04524,1180.0,0.04487,1220.0,0.0469,310.0,0.04693,50.0
1753617183166,11:53:03.166,bitmex,ACT/USDT:USDT,0.0456,500.0,0.04524,1180.0,0.0469,310.0,0.04693,50.0
1753617184746,11:53:04.746,bitmex,ACT/USDT:USDT,0.0456,500.0,0.04524,1180.0,0.0469,310.0,0.04693,50.0
1753617184796,11:53:04.796,bitmex,ACT/USDT:USDT,0.04562,470.0,0.04524,1180.0,0.0469,310.0,0.04693,50.0
1753617184845,11:53:04.845,bitmex,ACT/USDT:USDT,0.04562,470.0,0.04524,1180.0,0.0469,310.0,0.04693,50.0
1753617184845,11:53:04.845,bitmex,ACT/USDT:USDT,0.04562,470.0,0.04524,1180.0,0.0469,310.0,0.04693,50.0
1753617186029,11:53:06.029,bitmex,ACT/USDT:USDT,0.04562,470.0,0.04524,1180.0,0.0469,310.0,0.04693,50.0
1753617186078,11:53:06.078,bitmex,ACT/USDT:USDT,0.04562,470.0,0.04524,1180.0,0.0469,310.0,0.04693,50.0
1753617187237,11:53:07.237,bitmex,ACT/USDT:USDT,0.04562,470.0,0.04524,1180.0,0.0469,310.0,0.04693,50.0
1753617187287,11:53:07.287,bitmex,ACT/USDT:USDT,0.04561,500.0,0.04524,1180.0,0.0469,310.0,0.04693,50.0
1753617187336,11:53:07.336,bitmex,ACT/USDT:USDT,0.04561,500.0,0.04524,1180.0,0.0469,310.0,0.04693,50.0
1753617187385,11:53:07.385,bitmex,ACT/USDT:USDT,0.04561,500.0,0.04524,1180.0,0.0469,310.0,0.04693,50.0
1753617188207,11:53:08.207,bitmex,ACT/USDT:USDT,0.04561,500.0,0.04524,1180.0,0.0469,310.0,0.04693,50.0
1753617188270,11:53:08.270,bitmex,ACT/USDT:USDT,0.04561,500.0,0.04524,1180.0,0.0469,310.0,0.04693,50.0
1753617189397,11:53:09.397,bitmex,ACT/USDT:USDT,0.04561,500.0,0.04524,1180.0,0.0469,310.0,0.04693,50.0
1753617189446,11:53:09.446,bitmex,ACT/USDT:USDT,0.04561,500.0,0.04524,1180.0,0.0469,310.0,0.04693,50.0
1753617190587,11:53:10.587,bitmex,ACT/USDT:USDT,0.04561,500.0,0.04524,1180.0,0.0469,310.0,0.04693,50.0
1753617190637,11:53:10.637,bitmex,ACT/USDT:USDT,0.04561,500.0,0.04524,1180.0,0.0469,310.0,0.04693,50.0
1753617192024,11:53:12.024,bitmex,ACT/USDT:USDT,0.04561,500.0,0.04524,1180.0,0.0469,310.0,0.04693,50.0
1753617192073,11:53:12.073,bitmex,ACT/USDT:USDT,0.04561,520.0,0.04524,1180.0,0.0469,310.0,0.04693,50.0
1753617192122,11:53:12.122,bitmex,ACT/USDT:USDT,0.04561,520.0,0.04524,1180.0,0.0469,310.0,0.04693,50.0
1753617193197,11:53:13.197,bitmex,ACT/USDT:USDT,0.04561,520.0,0.04524,1150.0,0.0469,310.0,0.04693,50.0
1753617193246,11:53:13.246,bitmex,ACT/USDT:USDT,0.04561,520.0,0.04524,1150.0,0.0469,310.0,0.04693,50.0
1753617194537,11:53:14.537,bitmex,ACT/USDT:USDT,0.04561,520.0,0.04524,1150.0,0.0469,310.0,0.04693,50.0
1753617194587,11:53:14.587,bitmex,ACT/USDT:USDT,0.04561,520.0,0.04524,1150.0,0.0469,310.0,0.04693,50.0
1753617195751,11:53:15.751,bitmex,ACT/USDT:USDT,0.04561,520.0,0.04524,1150.0,0.0469,310.0,0.04693,50.0
1753617195801,11:53:15.801,bitmex,ACT/USDT:USDT,0.04561,520.0,0.04524,1150.0,0.0469,310.0,0.04693,50.0
1753617197147,11:53:17.147,bitmex,ACT/USDT:USDT,0.04356,70.0,0.03051,10.0,0.0469,310.0,0.04693,50.0
1753617197208,11:53:17.208,bitmex,ACT/USDT:USDT,0.04356,70.0,0.03051,10.0,0.0469,310.0,0.04693,50.0
1753617198160,11:53:18.160,bitmex,ACT/USDT:USDT,0.04562,490.0,0.04356,70.0,0.0469,310.0,0.04693,50.0
1753617198278,11:53:18.278,bitmex,ACT/USDT:USDT,0.04562,490.0,0.04356,70.0,0.0469,310.0,0.04693,50.0
1753617198328,11:53:18.328,bitmex,ACT/USDT:USDT,0.04562,490.0,0.04414,1320.0,0.0469,310.0,0.04693,50.0
1753617198377,11:53:18.377,bitmex,ACT/USDT:USDT,0.04562,490.0,0.04414,1320.0,0.0469,310.0,0.04693,50.0
1753617199800,11:53:19.800,bitmex,ACT/USDT:USDT,0.04562,490.0,0.04414,1320.0,0.0469,310.0,0.04693,50.0
1753617199850,11:53:19.850,bitmex,ACT/USDT:USDT,0.04562,490.0,0.04414,1320.0,0.0469,310.0,0.04693,50.0
1753617200749,11:53:20.749,bitmex,ACT/USDT:USDT,0.04562,490.0,0.04414,1320.0,0.0469,310.0,0.04693,50.0
1753617200888,11:53:20.888,bitmex,ACT/USDT:USDT,0.04562,490.0,0.04414,1320.0,0.0469,310.0,0.04693,50.0
1753617202217,11:53:22.217,bitmex,ACT/USDT:USDT,0.04562,490.0,0.04414,1320.0,0.0469,310.0,0.04693,50.0
1753617202282,11:53:22.282,bitmex,ACT/USDT:USDT,0.04562,490.0,0.04414,1320.0,0.0469,310.0,0.04693,50.0
1753617203298,11:53:23.298,bitmex,ACT/USDT:USDT,0.04562,490.0,0.04414,1320.0,0.0469,310.0,0.04693,50.0
1753617203408,11:53:23.408,bitmex,ACT/USDT:USDT,0.04562,490.0,0.04414,1320.0,0.0469,310.0,0.04693,50.0
1753617204818,11:53:24.818,bitmex,ACT/USDT:USDT,0.04562,490.0,0.04414,1320.0,0.0469,310.0,0.04693,50.0
1753617204867,11:53:24.867,bitmex,ACT/USDT:USDT,0.04562,490.0,0.04414,1320.0,0.0469,310.0,0.04693,50.0
1753617205917,11:53:25.917,bitmex,ACT/USDT:USDT,0.04562,490.0,0.04414,1320.0,0.0469,310.0,0.04693,50.0
1753617205966,11:53:25.966,bitmex,ACT/USDT:USDT,0.04562,490.0,0.04414,1320.0,0.0469,310.0,0.04693,50.0
1753617207401,11:53:27.401,bitmex,ACT/USDT:USDT,0.04562,490.0,0.04414,1320.0,0.0469,310.0,0.04693,50.0
1753617207451,11:53:27.451,bitmex,ACT/USDT:USDT,0.04562,490.0,0.04414,1320.0,0.0469,310.0,0.04693,50.0
1753617208600,11:53:28.600,bitmex,ACT/USDT:USDT,0.04562,490.0,0.04414,1320.0,0.0469,310.0,0.04693,50.0
1753617208649,11:53:28.649,bitmex,ACT/USDT:USDT,0.04563,480.0,0.04414,1320.0,0.0469,310.0,0.04693,50.0
1753617208698,11:53:28.698,bitmex,ACT/USDT:USDT,0.04563,480.0,0.04414,1320.0,0.0469,310.0,0.04693,50.0
1753617210025,11:53:30.025,bitmex,ACT/USDT:USDT,0.04563,480.0,0.04414,1320.0,0.0469,310.0,0.04693,50.0
1753617210074,11:53:30.074,bitmex,ACT/USDT:USDT,0.04563,480.0,0.04414,1320.0,0.0469,310.0,0.04693,50.0
1753617210959,11:53:30.959,bitmex,ACT/USDT:USDT,0.04563,480.0,0.04414,1320.0,0.0469,310.0,0.04693,50.0
1753617211008,11:53:31.008,bitmex,ACT/USDT:USDT,0.04563,470.0,0.04414,1320.0,0.0469,310.0,0.04693,50.0
1753617211057,11:53:31.057,bitmex,ACT/USDT:USDT,0.04563,470.0,0.04527,1160.0,0.0469,310.0,0.04693,50.0
1753617212298,11:53:32.298,bitmex,ACT/USDT:USDT,0.04564,490.0,0.04527,1160.0,0.0469,310.0,0.04693,50.0
1753617213558,11:53:33.558,bitmex,ACT/USDT:USDT,0.04564,500.0,0.04527,1160.0,0.0469,310.0,0.04693,50.0
1753617213607,11:53:33.607,bitmex,ACT/USDT:USDT,0.04564,500.0,0.04527,1160.0,0.0469,310.0,0.04693,50.0
1753617214812,11:53:34.812,bitmex,ACT/USDT:USDT,0.04564,500.0,0.04527,1160.0,0.0469,310.0,0.04693,50.0
1753617214861,11:53:34.861,bitmex,ACT/USDT:USDT,0.04564,500.0,0.04527,1160.0,0.0469,310.0,0.04693,50.0
1753617216038,11:53:36.038,bitmex,ACT/USDT:USDT,0.04564,500.0,0.04527,1160.0,0.0469,310.0,0.04693,50.0
1753617216088,11:53:36.088,bitmex,ACT/USDT:USDT,0.04564,500.0,0.04527,1160.0,0.0469,310.0,0.04693,50.0
1753617217346,11:53:37.346,bitmex,ACT/USDT:USDT,0.04564,500.0,0.04527,1160.0,0.0469,310.0,0.04693,50.0
1753617217396,11:53:37.396,bitmex,ACT/USDT:USDT,0.04564,500.0,0.04527,1160.0,0.0469,310.0,0.04693,50.0
1753617218578,11:53:38.578,bitmex,ACT/USDT:USDT,0.04564,500.0,0.04527,1160.0,0.0469,310.0,0.04693,50.0
1753617218578,11:53:38.578,bitmex,ACT/USDT:USDT,0.04564,500.0,0.04527,1160.0,0.0469,310.0,0.04693,50.0
1753617218628,11:53:38.628,bitmex,ACT/USDT:USDT,0.04564,500.0,0.04527,1160.0,0.0469,310.0,0.04693,50.0
1753617219956,11:53:39.956,bitmex,ACT/USDT:USDT,0.04564,500.0,0.04527,1160.0,0.0469,310.0,0.04693,50.0
1753617220006,11:53:40.006,bitmex,ACT/USDT:USDT,0.04564,500.0,0.04527,1160.0,0.0469,310.0,0.04693,50.0
1753617221139,11:53:41.139,bitmex,ACT/USDT:USDT,0.04356,70.0,0.03051,10.0,0.0469,310.0,0.04693,50.0
1753617221188,11:53:41.188,bitmex,ACT/USDT:USDT,0.04356,70.0,0.03051,10.0,0.0469,310.0,0.04693,50.0
1753617222427,11:53:42.427,bitmex,ACT/USDT:USDT,0.04564,500.0,0.04356,70.0,0.0469,310.0,0.04693,50.0
1753617222476,11:53:42.476,bitmex,ACT/USDT:USDT,0.04564,500.0,0.04356,70.0,0.0469,310.0,0.04693,50.0
1753617222525,11:53:42.525,bitmex,ACT/USDT:USDT,0.04564,500.0,0.04356,70.0,0.0469,310.0,0.04693,50.0
1753617223682,11:53:43.682,bitmex,ACT/USDT:USDT,0.04565,480.0,0.04356,70.0,0.0469,310.0,0.04693,50.0
1753617223749,11:53:43.749,bitmex,ACT/USDT:USDT,0.04565,480.0,0.04356,70.0,0.0469,310.0,0.04693,50.0
1753617223798,11:53:43.798,bitmex,ACT/USDT:USDT,0.04565,480.0,0.04356,70.0,0.0469,310.0,0.04693,50.0
1753617225247,11:53:45.247,bitmex,ACT/USDT:USDT,0.04565,480.0,0.04356,70.0,0.0469,310.0,0.04693,50.0
1753617225297,11:53:45.297,bitmex,ACT/USDT:USDT,0.04565,480.0,0.04356,70.0,0.0469,310.0,0.04693,50.0
1753617226396,11:53:46.396,bitmex,ACT/USDT:USDT,0.04564,510.0,0.04356,70.0,0.0469,310.0,0.04693,50.0
1753617226445,11:53:46.445,bitmex,ACT/USDT:USDT,0.04564,510.0,0.04356,70.0,0.0469,310.0,0.04693,50.0
1753617226494,11:53:46.494,bitmex,ACT/USDT:USDT,0.04564,510.0,0.04356,70.0,0.0469,310.0,0.04693,50.0
1753617227757,11:53:47.757,bitmex,ACT/USDT:USDT,0.04564,510.0,0.04356,70.0,0.0469,310.0,0.04693,50.0
1753617227807,11:53:47.807,bitmex,ACT/USDT:USDT,0.04565,500.0,0.04356,70.0,0.0469,310.0,0.04693,50.0
1753617228868,11:53:48.868,bitmex,ACT/USDT:USDT,0.04565,500.0,0.04528,1110.0,0.0469,310.0,0.04693,50.0
1753617230243,11:53:50.243,bitmex,ACT/USDT:USDT,0.04565,500.0,0.04528,1110.0,0.0469,310.0,0.04693,50.0
1753617230293,11:53:50.293,bitmex,ACT/USDT:USDT,0.04566,520.0,0.04528,1110.0,0.0469,310.0,0.04693,50.0
1753617230342,11:53:50.342,bitmex,ACT/USDT:USDT,0.04566,520.0,0.04528,1110.0,0.0469,310.0,0.04693,50.0
1753617231457,11:53:51.457,bitmex,ACT/USDT:USDT,0.04566,520.0,0.04528,1110.0,0.0469,310.0,0.04693,50.0
1753617231507,11:53:51.507,bitmex,ACT/USDT:USDT,0.04566,520.0,0.04528,1110.0,0.0469,310.0,0.04693,50.0
1753617231556,11:53:51.556,bitmex,ACT/USDT:USDT,0.04528,1110.0,0.04492,1210.0,0.0469,310.0,0.04693,50.0
1753617231556,11:53:51.556,bitmex,ACT/USDT:USDT,0.04567,490.0,0.04528,1110.0,0.0469,310.0,0.04693,50.0
1753617231605,11:53:51.605,bitmex,ACT/USDT:USDT,0.04567,490.0,0.04528,1110.0,0.0469,310.0,0.04693,50.0
1753617232931,11:53:52.931,bitmex,ACT/USDT:USDT,0.04566,500.0,0.04528,1110.0,0.0469,310.0,0.04693,50.0
1753617233029,11:53:53.029,bitmex,ACT/USDT:USDT,0.04566,500.0,0.04528,1110.0,0.0469,310.0,0.04693,50.0
1753617233079,11:53:53.079,bitmex,ACT/USDT:USDT,0.04566,500.0,0.04528,1110.0,0.0469,310.0,0.04693,50.0
1753617234070,11:53:54.070,bitmex,ACT/USDT:USDT,0.04566,500.0,0.04528,1110.0,0.0469,310.0,0.04693,50.0
1753617234120,11:53:54.120,bitmex,ACT/USDT:USDT,0.04566,500.0,0.04528,1110.0,0.0469,310.0,0.04693,50.0
1753617235574,11:53:55.574,bitmex,ACT/USDT:USDT,0.04566,500.0,0.04528,1110.0,0.0469,310.0,0.04693,50.0
1753617235623,11:53:55.623,bitmex,ACT/USDT:USDT,0.04565,500.0,0.04528,1110.0,0.0469,310.0,0.04693,50.0
1753617235672,11:53:55.672,bitmex,ACT/USDT:USDT,0.04565,500.0,0.04528,1110.0,0.0469,310.0,0.04693,50.0
1753617236417,11:53:56.417,bitmex,ACT/USDT:USDT,0.04565,500.0,0.04528,1110.0,0.0469,310.0,0.04693,50.0
1753617236467,11:53:56.467,bitmex,ACT/USDT:USDT,0.04565,500.0,0.04528,1110.0,0.0469,310.0,0.04693,50.0
1753617237714,11:53:57.714,bitmex,ACT/USDT:USDT,0.04565,500.0,0.04528,1110.0,0.0469,310.0,0.04693,50.0
1753617237764,11:53:57.764,bitmex,ACT/USDT:USDT,0.04565,500.0,0.04528,1110.0,0.0469,310.0,0.04693,50.0
1753617238888,11:53:58.888,bitmex,ACT/USDT:USDT,0.04565,500.0,0.04528,1110.0,0.0469,310.0,0.04693,50.0
1753617238955,11:53:58.955,bitmex,ACT/USDT:USDT,0.04565,500.0,0.04528,1110.0,0.0469,310.0,0.04693,50.0
1753617240187,11:54:00.187,bitmex,ACT/USDT:USDT,0.04565,500.0,0.04528,1110.0,0.0469,310.0,0.04693,50.0
1753617240237,11:54:00.237,bitmex,ACT/USDT:USDT,0.04564,490.0,0.04528,1110.0,0.0469,310.0,0.04693,50.0
1753617241436,11:54:01.436,bitmex,ACT/USDT:USDT,0.04564,490.0,0.04528,1110.0,0.0469,310.0,0.04693,50.0
1753617241486,11:54:01.486,bitmex,ACT/USDT:USDT,0.04564,490.0,0.04528,1110.0,0.0469,310.0,0.04693,50.0
1753617242729,11:54:02.729,bitmex,ACT/USDT:USDT,0.04564,490.0,0.04528,1110.0,0.0469,310.0,0.04693,50.0
1753617242797,11:54:02.797,bitmex,ACT/USDT:USDT,0.04564,490.0,0.04528,1110.0,0.0469,310.0,0.04693,50.0
1753617243913,11:54:03.913,bitmex,ACT/USDT:USDT,0.04564,490.0,0.04528,1110.0,0.0469,310.0,0.04693,50.0
1753617243962,11:54:03.962,bitmex,ACT/USDT:USDT,0.04563,500.0,0.04528,1110.0,0.0469,310.0,0.04693,50.0
1753617245282,11:54:05.282,bitmex,ACT/USDT:USDT,0.04563,500.0,0.04528,1110.0,0.0469,310.0,0.04693,50.0
1753617245333,11:54:05.333,bitmex,ACT/USDT:USDT,0.04563,500.0,0.04528,1110.0,0.0469,310.0,0.04693,50.0
1753617246596,11:54:06.596,bitmex,ACT/USDT:USDT,0.04563,500.0,0.04528,1110.0,0.0469,310.0,0.04693,50.0
1753617246646,11:54:06.646,bitmex,ACT/USDT:USDT,0.04562,470.0,0.04528,1110.0,0.0469,310.0,0.04693,50.0
1753617248106,11:54:08.106,bitmex,ACT/USDT:USDT,0.04562,470.0,0.04528,1110.0,0.0469,310.0,0.04693,50.0
1753617248170,11:54:08.170,bitmex,ACT/USDT:USDT,0.04562,470.0,0.04528,1110.0,0.0469,310.0,0.04693,50.0
1753617249205,11:54:09.205,bitmex,ACT/USDT:USDT,0.04561,480.0,0.04528,1110.0,0.0469,310.0,0.04693,50.0
1753617249255,11:54:09.255,bitmex,ACT/USDT:USDT,0.04561,480.0,0.04528,1110.0,0.0469,310.0,0.04693,50.0
1753617249304,11:54:09.304,bitmex,ACT/USDT:USDT,0.04561,480.0,0.04528,1110.0,0.0469,310.0,0.04693,50.0
1753617250407,11:54:10.407,bitmex,ACT/USDT:USDT,0.04561,480.0,0.04528,1110.0,0.0469,310.0,0.04693,50.0
1753617250458,11:54:10.458,bitmex,ACT/USDT:USDT,0.04561,480.0,0.04528,1110.0,0.0469,310.0,0.04693,50.0
1753617251669,11:54:11.669,bitmex,ACT/USDT:USDT,0.04561,480.0,0.04526,1180.0,0.0469,310.0,0.04693,50.0
1753617251719,11:54:11.719,bitmex,ACT/USDT:USDT,0.04561,480.0,0.04526,1180.0,0.0469,310.0,0.04693,50.0
1753617253033,11:54:13.033,bitmex,ACT/USDT:USDT,0.04561,480.0,0.04526,1180.0,0.0469,310.0,0.04693,50.0
1753617253083,11:54:13.083,bitmex,ACT/USDT:USDT,0.04561,480.0,0.04526,1180.0,0.0469,310.0,0.04693,50.0
1753617254227,11:54:14.227,bitmex,ACT/USDT:USDT,0.04561,480.0,0.04526,1180.0,0.0469,310.0,0.04693,50.0
1753617254277,11:54:14.277,bitmex,ACT/USDT:USDT,0.04561,480.0,0.04526,1180.0,0.0469,310.0,0.04693,50.0
1753617255546,11:54:15.546,bitmex,ACT/USDT:USDT,0.04561,480.0,0.04526,1180.0,0.0469,310.0,0.04693,50.0
1753617255607,11:54:15.607,bitmex,ACT/USDT:USDT,0.04561,480.0,0.04526,1180.0,0.0469,310.0,0.04693,50.0
1753617256747,11:54:16.747,bitmex,ACT/USDT:USDT,0.04561,480.0,0.04526,1180.0,0.0469,310.0,0.04693,50.0
1753617256797,11:54:16.797,bitmex,ACT/USDT:USDT,0.04561,480.0,0.04526,1180.0,0.0469,310.0,0.04693,50.0
1753617258012,11:54:18.012,bitmex,ACT/USDT:USDT,0.04356,70.0,0.03051,10.0,0.0469,310.0,0.04693,50.0
1753617259278,11:54:19.278,bitmex,ACT/USDT:USDT,0.04356,70.0,0.03051,10.0,0.0469,310.0,0.04693,50.0
1753617259327,11:54:19.327,bitmex,ACT/USDT:USDT,0.04561,520.0,0.04356,70.0,0.0469,310.0,0.04693,50.0
1753617260597,11:54:20.597,bitmex,ACT/USDT:USDT,0.04561,520.0,0.04356,70.0,0.0469,310.0,0.04693,50.0
1753617260647,11:54:20.647,bitmex,ACT/USDT:USDT,0.04561,520.0,0.04356,70.0,0.0469,310.0,0.04693,50.0
1753617261808,11:54:21.808,bitmex,ACT/USDT:USDT,0.04561,520.0,0.04356,70.0,0.0469,310.0,0.04693,50.0
1753617261857,11:54:21.857,bitmex,ACT/USDT:USDT,0.04561,520.0,0.04356,70.0,0.0469,310.0,0.04693,50.0
1753617263075,11:54:23.075,bitmex,ACT/USDT:USDT,0.04561,520.0,0.04356,70.0,0.0469,310.0,0.04693,50.0
1753617263124,11:54:23.124,bitmex,ACT/USDT:USDT,0.04561,520.0,0.04524,1170.0,0.0469,310.0,0.04693,50.0
1753617264356,11:54:24.356,bitmex,ACT/USDT:USDT,0.04561,520.0,0.04524,1170.0,0.0469,310.0,0.04693,50.0
1753617264405,11:54:24.405,bitmex,ACT/USDT:USDT,0.04561,520.0,0.04524,1170.0,0.0469,310.0,0.04693,50.0
1753617265642,11:54:25.642,bitmex,ACT/USDT:USDT,0.04561,520.0,0.04524,1170.0,0.0469,310.0,0.04693,50.0
1753617265691,11:54:25.691,bitmex,ACT/USDT:USDT,0.04561,520.0,0.04524,1170.0,0.0469,310.0,0.04693,50.0
1753617266888,11:54:26.888,bitmex,ACT/USDT:USDT,0.04561,520.0,0.04524,1170.0,0.0469,310.0,0.04693,50.0
1753617266938,11:54:26.938,bitmex,ACT/USDT:USDT,0.04561,520.0,0.04524,1170.0,0.0469,310.0,0.04693,50.0
1753617268690,11:54:28.690,bitmex,ACT/USDT:USDT,0.04561,520.0,0.04524,1170.0,0.0469,310.0,0.04693,50.0
1753617268739,11:54:28.739,bitmex,ACT/USDT:USDT,0.04561,520.0,0.04524,1170.0,0.0469,310.0,0.04693,50.0
1753617269977,11:54:29.977,bitmex,ACT/USDT:USDT,0.04561,520.0,0.04524,1170.0,0.0469,310.0,0.04693,50.0
1753617270027,11:54:30.027,bitmex,ACT/USDT:USDT,0.04561,520.0,0.04524,1170.0,0.0469,310.0,0.04693,50.0
1753617271801,11:54:31.801,bitmex,ACT/USDT:USDT,0.04561,520.0,0.04524,1170.0,0.0469,310.0,0.04693,50.0
1753617271850,11:54:31.850,bitmex,ACT/USDT:USDT,0.04561,520.0,0.04524,1170.0,0.0469,310.0,0.04693,50.0
1753617272638,11:54:32.638,bitmex,ACT/USDT:USDT,0.04561,520.0,0.04524,1170.0,0.0469,310.0,0.04693,50.0
1753617272687,11:54:32.687,bitmex,ACT/USDT:USDT,0.04561,520.0,0.04524,1170.0,0.0469,310.0,0.04693,50.0
1753617273902,11:54:33.902,bitmex,ACT/USDT:USDT,0.0456,480.0,0.04524,1170.0,0.0469,310.0,0.04693,50.0
1753617273968,11:54:33.968,bitmex,ACT/USDT:USDT,0.0456,480.0,0.04524,1170.0,0.0469,310.0,0.04693,50.0
1753617274017,11:54:34.017,bitmex,ACT/USDT:USDT,0.0456,480.0,0.04524,1170.0,0.0469,310.0,0.04693,50.0
1753617274066,11:54:34.066,bitmex,ACT/USDT:USDT,0.0456,480.0,0.04524,1170.0,0.0469,310.0,0.04693,50.0
1753617275181,11:54:35.181,bitmex,ACT/USDT:USDT,0.0456,480.0,0.04524,1170.0,0.0469,310.0,0.04693,50.0
1753617275230,11:54:35.230,bitmex,ACT/USDT:USDT,0.0456,480.0,0.04524,1170.0,0.0469,310.0,0.04693,50.0
1753617276432,11:54:36.432,bitmex,ACT/USDT:USDT,0.0456,480.0,0.04524,1170.0,0.0469,310.0,0.04693,50.0
1753617276481,11:54:36.481,bitmex,ACT/USDT:USDT,0.0456,480.0,0.04524,1170.0,0.0469,310.0,0.04693,50.0
1753617277698,11:54:37.698,bitmex,ACT/USDT:USDT,0.0456,480.0,0.04524,1170.0,0.0469,310.0,0.04693,50.0
1753617277748,11:54:37.748,bitmex,ACT/USDT:USDT,0.0456,480.0,0.04524,1170.0,0.0469,310.0,0.04693,50.0
1753617279033,11:54:39.033,bitmex,ACT/USDT:USDT,0.0456,480.0,0.04524,1170.0,0.0469,310.0,0.04693,50.0
1753617279082,11:54:39.082,bitmex,ACT/USDT:USDT,0.0456,480.0,0.04524,1170.0,0.0469,310.0,0.04693,50.0
1753617280405,11:54:40.405,bitmex,ACT/USDT:USDT,0.0456,480.0,0.04524,1170.0,0.0469,310.0,0.04693,50.0
1753617280467,11:54:40.467,bitmex,ACT/USDT:USDT,0.0456,480.0,0.04524,1170.0,0.0469,310.0,0.04693,50.0
1753617281570,11:54:41.570,bitmex,ACT/USDT:USDT,0.0456,480.0,0.04524,1170.0,0.0469,310.0,0.04693,50.0
1753617281620,11:54:41.620,bitmex,ACT/USDT:USDT,0.0456,480.0,0.04524,1170.0,0.0469,310.0,0.04693,50.0
1753617282779,11:54:42.779,bitmex,ACT/USDT:USDT,0.0456,480.0,0.04524,1170.0,0.0469,310.0,0.04693,50.0
1753617282887,11:54:42.887,bitmex,ACT/USDT:USDT,0.0456,480.0,0.04524,1170.0,0.0469,310.0,0.04693,50.0
1753617284124,11:54:44.124,bitmex,ACT/USDT:USDT,0.0456,480.0,0.04524,1170.0,0.0469,310.0,0.04693,50.0
1753617284174,11:54:44.174,bitmex,ACT/USDT:USDT,0.0456,480.0,0.04523,1180.0,0.0469,310.0,0.04693,50.0
1753617285657,11:54:45.657,bitmex,ACT/USDT:USDT,0.0456,480.0,0.04523,1180.0,0.0469,310.0,0.04693,50.0
1753617285707,11:54:45.707,bitmex,ACT/USDT:USDT,0.0456,480.0,0.04523,1180.0,0.0469,310.0,0.04693,50.0
1753617286798,11:54:46.798,bitmex,ACT/USDT:USDT,0.0456,480.0,0.04523,1180.0,0.0469,310.0,0.04693,50.0
1753617286847,11:54:46.847,bitmex,ACT/USDT:USDT,0.0456,480.0,0.04523,1180.0,0.0469,310.0,0.04693,50.0
1753617286847,11:54:46.847,bitmex,ACT/USDT:USDT,0.0456,480.0,0.04523,1180.0,0.0469,310.0,0.04693,50.0
1753617288014,11:54:48.014,bitmex,ACT/USDT:USDT,0.0456,480.0,0.04523,1180.0,0.0469,310.0,0.04693,50.0
1753617288078,11:54:48.078,bitmex,ACT/USDT:USDT,0.0456,480.0,0.04523,1180.0,0.0469,310.0,0.04693,50.0
1753617289391,11:54:49.391,bitmex,ACT/USDT:USDT,0.0456,480.0,0.04523,1180.0,0.0469,310.0,0.04693,50.0
1753617289440,11:54:49.440,bitmex,ACT/USDT:USDT,0.0456,480.0,0.04523,1180.0,0.0469,310.0,0.04693,50.0
1753617290811,11:54:50.811,bitmex,ACT/USDT:USDT,0.0456,480.0,0.04523,1180.0,0.0469,310.0,0.04693,50.0
1753617290861,11:54:50.861,bitmex,ACT/USDT:USDT,0.0456,480.0,0.04523,1180.0,0.0469,310.0,0.04693,50.0
1753617291985,11:54:51.985,bitmex,ACT/USDT:USDT,0.0456,480.0,0.04523,1180.0,0.0469,310.0,0.04693,50.0
1753617292034,11:54:52.034,bitmex,ACT/USDT:USDT,0.0456,480.0,0.04523,1180.0,0.0469,310.0,0.04693,50.0
1753617292744,11:54:52.744,bitmex,ACT/USDT:USDT,0.0456,480.0,0.04523,1180.0,0.0469,310.0,0.04699,520.0
1753617292794,11:54:52.794,bitmex,ACT/USDT:USDT,0.0456,480.0,0.04523,1180.0,0.0469,360.0,0.04699,520.0
1753617292937,11:54:52.937,bitmex,ACT/USDT:USDT,0.0456,480.0,0.04523,1180.0,0.0469,360.0,0.04699,520.0
1753617292986,11:54:52.986,bitmex,ACT/USDT:USDT,0.0456,480.0,0.04523,1180.0,0.0469,360.0,0.04699,520.0
1753617294219,11:54:54.219,bitmex,ACT/USDT:USDT,0.0456,480.0,0.04523,1180.0,0.0469,360.0,0.04699,520.0
1753617294268,11:54:54.268,bitmex,ACT/USDT:USDT,0.0456,480.0,0.04523,1180.0,0.0469,360.0,0.04699,520.0
1753617295442,11:54:55.442,bitmex,ACT/USDT:USDT,0.0456,480.0,0.04523,1180.0,0.0469,360.0,0.04699,520.0
1753617295491,11:54:55.491,bitmex,ACT/USDT:USDT,0.0456,480.0,0.04523,1180.0,0.0469,360.0,0.04699,520.0
1753617296781,11:54:56.781,bitmex,ACT/USDT:USDT,0.0456,480.0,0.04523,1140.0,0.0469,360.0,0.04699,520.0
1753617296849,11:54:56.849,bitmex,ACT/USDT:USDT,0.0456,480.0,0.04523,1140.0,0.0469,360.0,0.04699,520.0
1753617297989,11:54:57.989,bitmex,ACT/USDT:USDT,0.0456,480.0,0.04523,1140.0,0.0469,360.0,0.04699,520.0
1753617298047,11:54:58.047,bitmex,ACT/USDT:USDT,0.0456,480.0,0.04523,1140.0,0.0469,360.0,0.04699,520.0
1753617299367,11:54:59.367,bitmex,ACT/USDT:USDT,0.0456,480.0,0.04523,1140.0,0.0469,360.0,0.04699,520.0
1753617300522,11:55:00.522,bitmex,ACT/USDT:USDT,0.04356,70.0,0.03051,10.0,0.0469,360.0,0.04699,520.0
1753617300577,11:55:00.577,bitmex,ACT/USDT:USDT,0.04356,70.0,0.03051,10.0,0.0469,360.0,0.04734,70.0
1753617305129,11:55:05.129,bitmex,ACT/USDT:USDT,0.0456,510.0,0.04356,70.0,0.0469,360.0,0.04734,70.0
1753617305179,11:55:05.179,bitmex,ACT/USDT:USDT,0.0456,510.0,0.04356,70.0,0.0469,360.0,0.04699,510.0
1753617305228,11:55:05.228,bitmex,ACT/USDT:USDT,0.0456,510.0,0.04412,1380.0,0.0469,360.0,0.04699,510.0
1753617306367,11:55:06.367,bitmex,ACT/USDT:USDT,0.04558,470.0,0.04412,1380.0,0.0469,360.0,0.04699,510.0
1753617306416,11:55:06.416,bitmex,ACT/USDT:USDT,0.04558,470.0,0.04412,1380.0,0.0469,360.0,0.04697,480.0
1753617306465,11:55:06.465,bitmex,ACT/USDT:USDT,0.04558,470.0,0.04412,1380.0,0.0469,360.0,0.04697,480.0
1753617307614,11:55:07.614,bitmex,ACT/USDT:USDT,0.04558,470.0,0.04412,1380.0,0.0469,360.0,0.04697,480.0
1753617307698,11:55:07.698,bitmex,ACT/USDT:USDT,0.04558,470.0,0.04412,1380.0,0.0469,360.0,0.04697,480.0
1753617307751,11:55:07.751,bitmex,ACT/USDT:USDT,0.04558,470.0,0.04412,1380.0,0.0469,360.0,0.04697,480.0
1753617308768,11:55:08.768,bitmex,ACT/USDT:USDT,0.04558,470.0,0.04412,1380.0,0.0469,360.0,0.04697,480.0
1753617308818,11:55:08.818,bitmex,ACT/USDT:USDT,0.04558,470.0,0.04412,1380.0,0.0469,360.0,0.04697,480.0
1753617309998,11:55:09.998,bitmex,ACT/USDT:USDT,0.04558,470.0,0.04412,1380.0,0.0469,360.0,0.04697,480.0
1753617310047,11:55:10.047,bitmex,ACT/USDT:USDT,0.04558,470.0,0.04412,1380.0,0.0469,360.0,0.04697,480.0
1753617311227,11:55:11.227,bitmex,ACT/USDT:USDT,0.04557,490.0,0.04412,1380.0,0.0469,360.0,0.04697,480.0
1753617311276,11:55:11.276,bitmex,ACT/USDT:USDT,0.04557,490.0,0.04412,1380.0,0.0469,360.0,0.04696,480.0
1753617311325,11:55:11.325,bitmex,ACT/USDT:USDT,0.04557,490.0,0.04412,1380.0,0.0469,360.0,0.04696,480.0
1753617312472,11:55:12.472,bitmex,ACT/USDT:USDT,0.04557,490.0,0.04412,1380.0,0.0469,360.0,0.04696,480.0
1753617312527,11:55:12.527,bitmex,ACT/USDT:USDT,0.04557,490.0,0.04412,1380.0,0.0469,360.0,0.04696,480.0
1753617313772,11:55:13.772,bitmex,ACT/USDT:USDT,0.04557,490.0,0.04412,1380.0,0.0469,360.0,0.04696,480.0
1753617313822,11:55:13.822,bitmex,ACT/USDT:USDT,0.04557,490.0,0.04412,1380.0,0.0469,360.0,0.04696,480.0
1753617315062,11:55:15.062,bitmex,ACT/USDT:USDT,0.04557,490.0,0.04412,1380.0,0.0469,360.0,0.04696,480.0
1753617315138,11:55:15.138,bitmex,ACT/USDT:USDT,0.04557,490.0,0.04412,1380.0,0.0469,360.0,0.04696,480.0
1753617316276,11:55:16.276,bitmex,ACT/USDT:USDT,0.04557,490.0,0.04412,1380.0,0.0469,360.0,0.04696,480.0
1753617316326,11:55:16.326,bitmex,ACT/USDT:USDT,0.04557,490.0,0.04412,1380.0,0.0469,360.0,0.04696,480.0
1753617317604,11:55:17.604,bitmex,ACT/USDT:USDT,0.04557,490.0,0.04521,1170.0,0.0469,360.0,0.04696,480.0
1753617317653,11:55:17.653,bitmex,ACT/USDT:USDT,0.04557,490.0,0.04521,1170.0,0.0469,360.0,0.04696,480.0
1753617318920,11:55:18.920,bitmex,ACT/USDT:USDT,0.04556,490.0,0.04521,1170.0,0.0469,360.0,0.04696,480.0
1753617318970,11:55:18.970,bitmex,ACT/USDT:USDT,0.04556,490.0,0.04521,1170.0,0.0469,360.0,0.04695,490.0
1753617319019,11:55:19.019,bitmex,ACT/USDT:USDT,0.04556,490.0,0.04521,1170.0,0.0469,360.0,0.04695,490.0
1753617320243,11:55:20.243,bitmex,ACT/USDT:USDT,0.04556,490.0,0.04521,1170.0,0.0469,360.0,0.04695,490.0
1753617321682,11:55:21.682,bitmex,ACT/USDT:USDT,0.04554,490.0,0.04521,1170.0,0.0469,360.0,0.04695,490.0
1753617321740,11:55:21.740,bitmex,ACT/USDT:USDT,0.04554,490.0,0.04521,1170.0,0.0469,360.0,0.04695,490.0
1753617321790,11:55:21.790,bitmex,ACT/USDT:USDT,0.04554,490.0,0.04521,1170.0,0.0469,360.0,0.04693,500.0
1753617322317,11:55:22.317,bitmex,ACT/USDT:USDT,0.04554,490.0,0.04521,1170.0,0.0469,360.0,0.04693,500.0
1753617322947,11:55:22.947,bitmex,ACT/USDT:USDT,0.04554,490.0,0.04521,1170.0,0.0469,360.0,0.04693,500.0
1753617322997,11:55:22.997,bitmex,ACT/USDT:USDT,0.04554,490.0,0.04521,1170.0,0.0469,360.0,0.04693,500.0
1753617324168,11:55:24.168,bitmex,ACT/USDT:USDT,0.04554,490.0,0.04521,1170.0,0.0469,360.0,0.04693,500.0
1753617324217,11:55:24.217,bitmex,ACT/USDT:USDT,0.04554,490.0,0.04521,1170.0,0.0469,360.0,0.04693,500.0
1753617325196,11:55:25.196,bitmex,ACT/USDT:USDT,0.04554,490.0,0.04521,1170.0,0.0469,360.0,0.04693,500.0
1753617325245,11:55:25.245,bitmex,ACT/USDT:USDT,0.04555,500.0,0.04521,1170.0,0.0469,360.0,0.04694,510.0
1753617325294,11:55:25.294,bitmex,ACT/USDT:USDT,0.04555,500.0,0.04521,1170.0,0.0469,360.0,0.04694,510.0
1753617326646,11:55:26.646,bitmex,ACT/USDT:USDT,0.04555,500.0,0.04521,1170.0,0.0469,360.0,0.04694,510.0
1753617326695,11:55:26.695,bitmex,ACT/USDT:USDT,0.04555,500.0,0.04521,1170.0,0.0469,360.0,0.04694,510.0
1753617327804,11:55:27.804,bitmex,ACT/USDT:USDT,0.04554,490.0,0.04521,1170.0,0.0469,360.0,0.04694,510.0
1753617327853,11:55:27.853,bitmex,ACT/USDT:USDT,0.04554,490.0,0.04521,1170.0,0.0469,360.0,0.04694,510.0
1753617327902,11:55:27.902,bitmex,ACT/USDT:USDT,0.04554,490.0,0.04521,1170.0,0.0469,360.0,0.04693,500.0
1753617327951,11:55:27.951,bitmex,ACT/USDT:USDT,0.04554,490.0,0.04521,1170.0,0.0469,360.0,0.04693,500.0
1753617328963,11:55:28.963,bitmex,ACT/USDT:USDT,0.04554,490.0,0.04521,1170.0,0.0469,360.0,0.04693,500.0
1753617329012,11:55:29.012,bitmex,ACT/USDT:USDT,0.04554,490.0,0.04521,1170.0,0.0469,360.0,0.04693,500.0
1753617330232,11:55:30.232,bitmex,ACT/USDT:USDT,0.04554,490.0,0.04483,1160.0,0.0469,360.0,0.04693,500.0
1753617330281,11:55:30.281,bitmex,ACT/USDT:USDT,0.04554,490.0,0.04483,1160.0,0.0469,360.0,0.04693,500.0
1753617331521,11:55:31.521,bitmex,ACT/USDT:USDT,0.04554,490.0,0.04446,1200.0,0.0469,360.0,0.04693,500.0
1753617331570,11:55:31.570,bitmex,ACT/USDT:USDT,0.04554,490.0,0.04446,1200.0,0.0469,360.0,0.04693,500.0
1753617332419,11:55:32.419,bitmex,ACT/USDT:USDT,0.04554,810.0,0.04446,1200.0,0.0469,360.0,0.04693,500.0
1753617332788,11:55:32.788,bitmex,ACT/USDT:USDT,0.04554,810.0,0.04412,1380.0,0.0469,360.0,0.04693,500.0
1753617332837,11:55:32.837,bitmex,ACT/USDT:USDT,0.04554,810.0,0.04412,1380.0,0.0469,360.0,0.04693,500.0
1753617334067,11:55:34.067,bitmex,ACT/USDT:USDT,0.04554,810.0,0.04412,1380.0,0.0469,850.0,0.04731,1170.0
1753617334116,11:55:34.116,bitmex,ACT/USDT:USDT,0.04554,320.0,0.04551,480.0,0.0469,850.0,0.04731,1170.0
1753617334165,11:55:34.165,bitmex,ACT/USDT:USDT,0.04554,320.0,0.04551,480.0,0.0469,850.0,0.04731,1170.0
1753617334165,11:55:34.165,bitmex,ACT/USDT:USDT,0.04554,320.0,0.04551,480.0,0.0469,850.0,0.04731,1170.0
1753617335317,11:55:35.317,bitmex,ACT/USDT:USDT,0.04554,320.0,0.04551,480.0,0.0469,850.0,0.04731,1170.0
1753617335317,11:55:35.317,bitmex,ACT/USDT:USDT,0.04554,320.0,0.04551,480.0,0.0469,850.0,0.04731,1170.0
1753617335366,11:55:35.366,bitmex,ACT/USDT:USDT,0.04554,320.0,0.04551,480.0,0.0469,850.0,0.04731,1170.0
1753617336579,11:55:36.579,bitmex,ACT/USDT:USDT,0.04554,320.0,0.04551,480.0,0.0469,850.0,0.04731,1170.0
1753617336630,11:55:36.630,bitmex,ACT/USDT:USDT,0.04554,320.0,0.04551,480.0,0.0469,850.0,0.04731,1170.0
1753617337319,11:55:37.319,bitmex,ACT/USDT:USDT,0.04551,480.0,0.04515,1170.0,0.0469,850.0,0.04731,1170.0
1753617337850,11:55:37.850,bitmex,ACT/USDT:USDT,0.04551,480.0,0.04515,1170.0,0.0469,850.0,0.04731,1170.0
1753617337900,11:55:37.900,bitmex,ACT/USDT:USDT,0.04551,480.0,0.04515,1170.0,0.0469,850.0,0.04731,1170.0
1753617339113,11:55:39.113,bitmex,ACT/USDT:USDT,0.04551,480.0,0.04515,1170.0,0.0469,850.0,0.04731,1170.0
1753617339162,11:55:39.162,bitmex,ACT/USDT:USDT,0.04551,480.0,0.04515,1170.0,0.0469,850.0,0.04731,1170.0
1753617340404,11:55:40.404,bitmex,ACT/USDT:USDT,0.04551,480.0,0.04515,1170.0,0.0469,850.0,0.04731,1170.0
1753617340469,11:55:40.469,bitmex,ACT/USDT:USDT,0.04551,480.0,0.04515,1170.0,0.0469,850.0,0.04731,1170.0
1753617341818,11:55:41.818,bitmex,ACT/USDT:USDT,0.04551,480.0,0.04515,1170.0,0.0469,850.0,0.04731,1170.0
1753617341886,11:55:41.886,bitmex,ACT/USDT:USDT,0.04551,480.0,0.04515,1170.0,0.0469,850.0,0.04731,1170.0
1753617343079,11:55:43.079,bitmex,ACT/USDT:USDT,0.04551,480.0,0.04515,1170.0,0.0469,850.0,0.04731,1170.0
1753617343129,11:55:43.129,bitmex,ACT/USDT:USDT,0.04551,480.0,0.04515,1170.0,0.0469,850.0,0.04731,1170.0
1753617344349,11:55:44.349,bitmex,ACT/USDT:USDT,0.04551,480.0,0.04515,1170.0,0.0469,850.0,0.04731,1170.0
1753617344416,11:55:44.416,bitmex,ACT/USDT:USDT,0.04551,480.0,0.04515,1170.0,0.0469,850.0,0.04731,1170.0
1753617345702,11:55:45.702,bitmex,ACT/USDT:USDT,0.04551,480.0,0.04515,1170.0,0.0469,850.0,0.04731,1170.0
1753617345751,11:55:45.751,bitmex,ACT/USDT:USDT,0.04551,480.0,0.04515,1170.0,0.0469,850.0,0.04731,1170.0
1753617346983,11:55:46.983,bitmex,ACT/USDT:USDT,0.04551,480.0,0.04515,1170.0,0.0469,850.0,0.04727,1170.0
1753617347039,11:55:47.039,bitmex,ACT/USDT:USDT,0.04551,480.0,0.04515,1170.0,0.0469,850.0,0.04727,1170.0
1753617348139,11:55:48.139,bitmex,ACT/USDT:USDT,0.04553,480.0,0.04515,1170.0,0.0469,850.0,0.04727,1170.0
1753617348189,11:55:48.189,bitmex,ACT/USDT:USDT,0.04553,480.0,0.04515,1170.0,0.0469,360.0,0.04692,510.0
1753617349339,11:55:49.339,bitmex,ACT/USDT:USDT,0.04553,480.0,0.04515,1170.0,0.0469,360.0,0.04692,510.0
1753617349389,11:55:49.389,bitmex,ACT/USDT:USDT,0.04553,480.0,0.04515,1170.0,0.0469,360.0,0.04692,510.0
1753617350537,11:55:50.537,bitmex,ACT/USDT:USDT,0.04553,480.0,0.04517,1170.0,0.0469,360.0,0.04692,510.0
1753617350586,11:55:50.586,bitmex,ACT/USDT:USDT,0.04553,480.0,0.04517,1170.0,0.0469,360.0,0.04692,510.0
1753617351798,11:55:51.798,bitmex,ACT/USDT:USDT,0.04553,480.0,0.04517,1170.0,0.0469,360.0,0.04692,510.0
1753617351867,11:55:51.867,bitmex,ACT/USDT:USDT,0.04553,480.0,0.04517,1170.0,0.0469,360.0,0.04692,510.0
1753617353067,11:55:53.067,bitmex,ACT/USDT:USDT,0.04553,480.0,0.04517,1170.0,0.0469,360.0,0.04692,510.0
1753617353116,11:55:53.116,bitmex,ACT/USDT:USDT,0.04553,480.0,0.04517,1170.0,0.0469,360.0,0.04692,510.0
1753617354358,11:55:54.358,bitmex,ACT/USDT:USDT,0.04553,480.0,0.04517,1170.0,0.0469,360.0,0.04692,510.0
1753617354419,11:55:54.419,bitmex,ACT/USDT:USDT,0.04553,480.0,0.04517,1170.0,0.0469,360.0,0.04692,510.0
1753617355617,11:55:55.617,bitmex,ACT/USDT:USDT,0.04553,480.0,0.04517,1170.0,0.0469,360.0,0.04692,510.0
1753617355667,11:55:55.667,bitmex,ACT/USDT:USDT,0.04553,480.0,0.04517,1170.0,0.0469,360.0,0.04692,510.0
1753617356878,11:55:56.878,bitmex,ACT/USDT:USDT,0.04553,480.0,0.04517,1170.0,0.0469,360.0,0.04692,510.0
1753617356927,11:55:56.927,bitmex,ACT/USDT:USDT,0.04553,480.0,0.04517,1170.0,0.0469,360.0,0.04692,510.0
1753617358159,11:55:58.159,bitmex,ACT/USDT:USDT,0.04553,480.0,0.04517,1170.0,0.0469,360.0,0.04692,510.0
1753617358209,11:55:58.209,bitmex,ACT/USDT:USDT,0.04553,480.0,0.04517,1170.0,0.0469,360.0,0.04692,510.0
1753617359412,11:55:59.412,bitmex,ACT/USDT:USDT,0.04553,480.0,0.04517,1170.0,0.0469,360.0,0.04692,510.0
1753617359466,11:55:59.466,bitmex,ACT/USDT:USDT,0.04553,480.0,0.04517,1170.0,0.0469,360.0,0.04692,510.0
1753617360737,11:56:00.737,bitmex,ACT/USDT:USDT,0.04553,480.0,0.04517,1170.0,0.0469,360.0,0.04734,70.0
1753617360786,11:56:00.786,bitmex,ACT/USDT:USDT,0.04356,70.0,0.03051,10.0,0.0469,360.0,0.04734,70.0
1753617362018,11:56:02.018,bitmex,ACT/USDT:USDT,0.04356,70.0,0.04221,1510.0,0.0469,360.0,0.04692,500.0
1753617362067,11:56:02.067,bitmex,ACT/USDT:USDT,0.04553,510.0,0.04356,70.0,0.0469,360.0,0.04692,500.0
1753617363390,11:56:03.390,bitmex,ACT/USDT:USDT,0.04553,510.0,0.04356,70.0,0.0469,360.0,0.04692,500.0
1753617363458,11:56:03.458,bitmex,ACT/USDT:USDT,0.04553,510.0,0.04356,70.0,0.0469,360.0,0.04692,500.0
1753617364697,11:56:04.697,bitmex,ACT/USDT:USDT,0.04553,510.0,0.04356,70.0,0.0469,360.0,0.04692,500.0
1753617364746,11:56:04.746,bitmex,ACT/USDT:USDT,0.04553,510.0,0.04356,70.0,0.0469,360.0,0.04692,500.0
1753617365811,11:56:05.811,bitmex,ACT/USDT:USDT,0.04553,510.0,0.04356,70.0,0.0469,360.0,0.04692,470.0
1753617365861,11:56:05.861,bitmex,ACT/USDT:USDT,0.04554,510.0,0.04356,70.0,0.0469,360.0,0.04692,470.0
1753617365910,11:56:05.910,bitmex,ACT/USDT:USDT,0.04554,510.0,0.04356,70.0,0.0469,360.0,0.04692,470.0
1753617367200,11:56:07.200,bitmex,ACT/USDT:USDT,0.04554,510.0,0.04356,70.0,0.0469,360.0,0.04692,470.0
1753617367264,11:56:07.264,bitmex,ACT/USDT:USDT,0.04554,510.0,0.04356,70.0,0.0469,360.0,0.04692,470.0
1753617368547,11:56:08.547,bitmex,ACT/USDT:USDT,0.04553,480.0,0.04356,70.0,0.0469,360.0,0.04692,470.0
1753617368596,11:56:08.596,bitmex,ACT/USDT:USDT,0.04553,480.0,0.04517,1140.0,0.0469,360.0,0.04692,520.0
1753617368645,11:56:08.645,bitmex,ACT/USDT:USDT,0.04553,480.0,0.04517,1140.0,0.0469,360.0,0.04692,520.0
1753617369807,11:56:09.807,bitmex,ACT/USDT:USDT,0.04553,480.0,0.04517,1140.0,0.0469,360.0,0.04692,520.0
1753617370807,11:56:10.807,bitmex,ACT/USDT:USDT,0.04553,480.0,0.04517,1140.0,0.0469,360.0,0.04692,520.0
1753617370856,11:56:10.856,bitmex,ACT/USDT:USDT,0.04553,480.0,0.04517,1140.0,0.0469,360.0,0.04692,520.0
1753617372072,11:56:12.072,bitmex,ACT/USDT:USDT,0.04553,480.0,0.04517,1140.0,0.0469,360.0,0.04692,520.0
1753617372121,11:56:12.121,bitmex,ACT/USDT:USDT,0.04553,480.0,0.04517,1140.0,0.0469,360.0,0.04692,520.0
1753617373337,11:56:13.337,bitmex,ACT/USDT:USDT,0.04553,480.0,0.04517,1140.0,0.0469,360.0,0.04692,520.0
1753617373398,11:56:13.398,bitmex,ACT/USDT:USDT,0.04553,480.0,0.04517,1140.0,0.0469,360.0,0.04692,520.0
1753617374605,11:56:14.605,bitmex,ACT/USDT:USDT,0.04553,480.0,0.04517,1140.0,0.0469,360.0,0.04692,520.0
1753617374654,11:56:14.654,bitmex,ACT/USDT:USDT,0.04553,480.0,0.04517,1140.0,0.0469,360.0,0.04692,520.0
1753617375877,11:56:15.877,bitmex,ACT/USDT:USDT,0.04553,480.0,0.04517,1140.0,0.0469,360.0,0.04692,520.0
1753617375939,11:56:15.939,bitmex,ACT/USDT:USDT,0.04553,480.0,0.04517,1140.0,0.0469,360.0,0.04692,520.0
1753617377188,11:56:17.188,bitmex,ACT/USDT:USDT,0.04554,500.0,0.04517,1140.0,0.0469,360.0,0.04692,520.0
1753617377238,11:56:17.238,bitmex,ACT/USDT:USDT,0.04554,500.0,0.04517,1140.0,0.0469,360.0,0.04692,500.0
1753617377287,11:56:17.287,bitmex,ACT/USDT:USDT,0.04554,500.0,0.04517,1140.0,0.0469,360.0,0.04692,500.0
1753617378411,11:56:18.411,bitmex,ACT/USDT:USDT,0.04554,500.0,0.04517,1140.0,0.0469,360.0,0.04692,500.0
1753617378476,11:56:18.476,bitmex,ACT/USDT:USDT,0.04554,500.0,0.04517,1140.0,0.0469,360.0,0.04692,500.0
1753617379622,11:56:19.622,bitmex,ACT/USDT:USDT,0.04554,500.0,0.04517,1140.0,0.0469,50.0,0.04692,500.0
1753617379672,11:56:19.672,bitmex,ACT/USDT:USDT,0.04554,480.0,0.04517,1140.0,0.0469,50.0,0.04693,470.0
1753617379727,11:56:19.727,bitmex,ACT/USDT:USDT,0.04554,480.0,0.04517,1140.0,0.0469,50.0,0.04693,470.0
1753617379777,11:56:19.777,bitmex,ACT/USDT:USDT,0.04554,480.0,0.04517,1140.0,0.0469,50.0,0.04693,470.0
1753617381676,11:56:21.676,bitmex,ACT/USDT:USDT,0.04554,480.0,0.04517,1140.0,0.0469,50.0,0.04693,470.0
1753617381726,11:56:21.726,bitmex,ACT/USDT:USDT,0.04554,480.0,0.04517,1140.0,0.0469,50.0,0.04693,470.0
1753617382877,11:56:22.877,bitmex,ACT/USDT:USDT,0.04554,480.0,0.04517,1140.0,0.0469,50.0,0.04693,470.0
1753617382926,11:56:22.926,bitmex,ACT/USDT:USDT,0.04554,480.0,0.04517,1140.0,0.0469,50.0,0.04693,470.0
1753617383757,11:56:23.757,bitmex,ACT/USDT:USDT,0.04554,480.0,0.04517,1140.0,0.0469,50.0,0.04693,470.0
1753617383806,11:56:23.806,bitmex,ACT/USDT:USDT,0.04554,480.0,0.04517,1140.0,0.0469,50.0,0.04693,470.0
1753617385035,11:56:25.035,bitmex,ACT/USDT:USDT,0.04554,480.0,0.04518,1140.0,0.0469,50.0,0.04693,470.0
1753617385084,11:56:25.084,bitmex,ACT/USDT:USDT,0.04554,480.0,0.04518,1140.0,0.0469,50.0,0.04693,470.0
1753617386428,11:56:26.428,bitmex,ACT/USDT:USDT,0.04554,480.0,0.04518,1140.0,0.0469,50.0,0.04693,470.0
1753617386477,11:56:26.477,bitmex,ACT/USDT:USDT,0.04554,480.0,0.04518,1140.0,0.0469,50.0,0.04693,470.0
1753617387588,11:56:27.588,bitmex,ACT/USDT:USDT,0.04554,480.0,0.04518,1140.0,0.0469,50.0,0.04693,470.0
1753617387637,11:56:27.637,bitmex,ACT/USDT:USDT,0.04554,480.0,0.04518,1140.0,0.0469,50.0,0.04693,470.0
1753617388887,11:56:28.887,bitmex,ACT/USDT:USDT,0.04554,480.0,0.04518,1140.0,0.0469,50.0,0.04734,70.0
1753617388936,11:56:28.936,bitmex,ACT/USDT:USDT,0.04356,70.0,0.03051,10.0,0.0469,50.0,0.04734,70.0
1753617391508,11:56:31.508,bitmex,ACT/USDT:USDT,0.04554,520.0,0.04356,70.0,0.0469,50.0,0.04734,70.0
1753617391558,11:56:31.558,bitmex,ACT/USDT:USDT,0.04554,520.0,0.04407,1360.0,0.0469,50.0,0.04693,490.0
1753617391607,11:56:31.607,bitmex,ACT/USDT:USDT,0.04554,520.0,0.04407,1360.0,0.0469,50.0,0.04693,490.0
1753617392760,11:56:32.760,bitmex,ACT/USDT:USDT,0.04554,520.0,0.04407,1360.0,0.0469,50.0,0.04693,490.0
1753617392809,11:56:32.809,bitmex,ACT/USDT:USDT,0.04554,520.0,0.04407,1360.0,0.0469,50.0,0.04693,490.0
1753617394078,11:56:34.078,bitmex,ACT/USDT:USDT,0.04554,520.0,0.04407,1360.0,0.0469,50.0,0.04693,490.0
1753617394153,11:56:34.153,bitmex,ACT/USDT:USDT,0.04554,520.0,0.04407,1360.0,0.0469,50.0,0.04693,490.0
1753617395627,11:56:35.627,bitmex,ACT/USDT:USDT,0.04554,520.0,0.04407,1360.0,0.0469,50.0,0.04693,490.0
1753617395676,11:56:35.676,bitmex,ACT/USDT:USDT,0.04551,500.0,0.04407,1360.0,0.0469,560.0,0.04734,70.0
1753617396918,11:56:36.918,bitmex,ACT/USDT:USDT,0.04551,500.0,0.04407,1360.0,0.0469,560.0,0.04734,70.0
1753617396968,11:56:36.968,bitmex,ACT/USDT:USDT,0.04551,500.0,0.04407,1360.0,0.0469,560.0,0.04734,70.0
1753617398478,11:56:38.478,bitmex,ACT/USDT:USDT,0.04551,500.0,0.04407,1360.0,0.0469,560.0,0.04734,70.0
1753617398528,11:56:38.528,bitmex,ACT/USDT:USDT,0.04551,500.0,0.04407,1360.0,0.0469,560.0,0.04734,70.0
1753617400085,11:56:40.085,bitmex,ACT/USDT:USDT,0.04551,500.0,0.04407,1360.0,0.0469,560.0,0.04734,70.0
1753617400135,11:56:40.135,bitmex,ACT/USDT:USDT,0.0455,480.0,0.04407,1360.0,0.04689,470.0,0.0469,50.0
1753617400185,11:56:40.185,bitmex,ACT/USDT:USDT,0.0455,480.0,0.04407,1360.0,0.04689,520.0,0.0469,50.0
1753617400235,11:56:40.235,bitmex,ACT/USDT:USDT,0.0455,480.0,0.04407,1360.0,0.04689,520.0,0.04734,70.0
1753617400895,11:56:40.895,bitmex,ACT/USDT:USDT,0.0455,480.0,0.04407,1360.0,0.04689,520.0,0.04726,1100.0
1753617400945,11:56:40.945,bitmex,ACT/USDT:USDT,0.0455,480.0,0.04407,1360.0,0.04689,520.0,0.04726,1100.0
1753617402121,11:56:42.121,bitmex,ACT/USDT:USDT,0.0455,480.0,0.04407,1360.0,0.04689,520.0,0.04726,1100.0
1753617402171,11:56:42.171,bitmex,ACT/USDT:USDT,0.0455,480.0,0.04407,1360.0,0.04689,520.0,0.04726,1100.0
1753617403338,11:56:43.338,bitmex,ACT/USDT:USDT,0.0455,480.0,0.04407,1360.0,0.04689,520.0,0.04726,1100.0
1753617404606,11:56:44.606,bitmex,ACT/USDT:USDT,0.0455,480.0,0.04514,1170.0,0.04689,520.0,0.04726,1100.0
1753617404656,11:56:44.656,bitmex,ACT/USDT:USDT,0.0455,480.0,0.04514,1170.0,0.04689,520.0,0.04726,1100.0
1753617405858,11:56:45.858,bitmex,ACT/USDT:USDT,0.0455,480.0,0.04514,1170.0,0.04689,520.0,0.04726,1100.0
1753617405907,11:56:45.907,bitmex,ACT/USDT:USDT,0.0455,480.0,0.04514,1170.0,0.04689,520.0,0.04726,1100.0
1753617407166,11:56:47.166,bitmex,ACT/USDT:USDT,0.0455,480.0,0.04514,1170.0,0.04689,520.0,0.0469,310.0
1753617407215,11:56:47.215,bitmex,ACT/USDT:USDT,0.0455,480.0,0.04514,1170.0,0.04689,520.0,0.0469,310.0
1753617408457,11:56:48.457,bitmex,ACT/USDT:USDT,0.0455,480.0,0.04514,1170.0,0.04689,520.0,0.0469,310.0
1753617408507,11:56:48.507,bitmex,ACT/USDT:USDT,0.0455,480.0,0.04514,1170.0,0.04689,520.0,0.0469,310.0
1753617409720,11:56:49.720,bitmex,ACT/USDT:USDT,0.0455,480.0,0.04514,1170.0,0.04689,520.0,0.0469,310.0
1753617409770,11:56:49.770,bitmex,ACT/USDT:USDT,0.0455,480.0,0.04514,1170.0,0.04689,520.0,0.0469,310.0
1753617410857,11:56:50.857,bitmex,ACT/USDT:USDT,0.0455,480.0,0.04514,1170.0,0.04689,520.0,0.0469,310.0
1753617410907,11:56:50.907,bitmex,ACT/USDT:USDT,0.0455,480.0,0.04514,1170.0,0.04689,520.0,0.0469,310.0
1753617412245,11:56:52.245,bitmex,ACT/USDT:USDT,0.0455,480.0,0.04514,1170.0,0.04689,520.0,0.0469,310.0
1753617412294,11:56:52.294,bitmex,ACT/USDT:USDT,0.0455,480.0,0.04514,1170.0,0.04689,520.0,0.0469,310.0
1753617413395,11:56:53.395,bitmex,ACT/USDT:USDT,0.0455,480.0,0.04514,1170.0,0.04689,520.0,0.0469,310.0
1753617413444,11:56:53.444,bitmex,ACT/USDT:USDT,0.0455,480.0,0.04514,1170.0,0.04689,520.0,0.0469,310.0
1753617414786,11:56:54.786,bitmex,ACT/USDT:USDT,0.0455,480.0,0.04514,1170.0,0.04689,520.0,0.0469,310.0
1753617414835,11:56:54.835,bitmex,ACT/USDT:USDT,0.0455,480.0,0.04514,1170.0,0.04689,520.0,0.0469,310.0
1753617416140,11:56:56.140,bitmex,ACT/USDT:USDT,0.0455,480.0,0.04514,1170.0,0.04689,520.0,0.0469,310.0
1753617416190,11:56:56.190,bitmex,ACT/USDT:USDT,0.0455,480.0,0.04514,1170.0,0.04689,520.0,0.0469,310.0
1753617417362,11:56:57.362,bitmex,ACT/USDT:USDT,0.0455,480.0,0.04514,1170.0,0.04689,520.0,0.0469,310.0
1753617417362,11:56:57.362,bitmex,ACT/USDT:USDT,0.0455,480.0,0.04514,1170.0,0.04689,520.0,0.0469,310.0
1753617417412,11:56:57.412,bitmex,ACT/USDT:USDT,0.0455,480.0,0.04477,1220.0,0.04689,520.0,0.0469,310.0
1753617418677,11:56:58.677,bitmex,ACT/USDT:USDT,0.0455,480.0,0.0444,1210.0,0.04689,520.0,0.0469,310.0
1753617418726,11:56:58.726,bitmex,ACT/USDT:USDT,0.0455,480.0,0.0444,1210.0,0.04689,520.0,0.0469,310.0
1753617419987,11:56:59.987,bitmex,ACT/USDT:USDT,0.04549,490.0,0.0444,1210.0,0.04689,520.0,0.0469,310.0
1753617420037,11:57:00.037,bitmex,ACT/USDT:USDT,0.04549,490.0,0.0444,1210.0,0.04688,490.0,0.04689,50.0
1753617420086,11:57:00.086,bitmex,ACT/USDT:USDT,0.04549,490.0,0.04407,1360.0,0.04688,490.0,0.04689,50.0
1753617421261,11:57:01.261,bitmex,ACT/USDT:USDT,0.04549,490.0,0.04407,1360.0,0.04688,490.0,0.04689,50.0
1753617421310,11:57:01.310,bitmex,ACT/USDT:USDT,0.04549,490.0,0.04513,1100.0,0.04688,490.0,0.04689,50.0
1753617422324,11:57:02.324,bitmex,ACT/USDT:USDT,0.04549,490.0,0.04513,1100.0,0.04688,490.0,0.04689,50.0
1753617422373,11:57:02.373,bitmex,ACT/USDT:USDT,0.04549,490.0,0.04513,1100.0,0.04688,490.0,0.04689,50.0
1753617424514,11:57:04.514,bitmex,ACT/USDT:USDT,0.0455,480.0,0.04513,1100.0,0.04688,490.0,0.04689,50.0
1753617424563,11:57:04.563,bitmex,ACT/USDT:USDT,0.0455,480.0,0.04513,1100.0,0.04689,560.0,0.0469,310.0
1753617424612,11:57:04.612,bitmex,ACT/USDT:USDT,0.0455,480.0,0.04513,1100.0,0.04689,560.0,0.0469,310.0
1753617425358,11:57:05.358,bitmex,ACT/USDT:USDT,0.04551,480.0,0.04513,1100.0,0.04689,560.0,0.0469,310.0
1753617425408,11:57:05.408,bitmex,ACT/USDT:USDT,0.04551,480.0,0.04513,1100.0,0.04689,50.0,0.0469,780.0
1753617426616,11:57:06.616,bitmex,ACT/USDT:USDT,0.04551,480.0,0.04513,1100.0,0.04689,50.0,0.0469,780.0
1753617426665,11:57:06.665,bitmex,ACT/USDT:USDT,0.04551,480.0,0.04513,1100.0,0.04689,50.0,0.0469,780.0
1753617426665,11:57:06.665,bitmex,ACT/USDT:USDT,0.04551,480.0,0.04513,1100.0,0.04689,50.0,0.0469,780.0
1753617427824,11:57:07.824,bitmex,ACT/USDT:USDT,0.04551,480.0,0.04513,1100.0,0.04689,50.0,0.0469,780.0
1753617427874,11:57:07.874,bitmex,ACT/USDT:USDT,0.04551,480.0,0.04513,1100.0,0.04689,50.0,0.0469,780.0
1753617429099,11:57:09.099,bitmex,ACT/USDT:USDT,0.04551,480.0,0.04513,1100.0,0.04689,50.0,0.0469,780.0
1753617429148,11:57:09.148,bitmex,ACT/USDT:USDT,0.04551,480.0,0.04513,1100.0,0.04689,50.0,0.0469,780.0
1753617430358,11:57:10.358,bitmex,ACT/USDT:USDT,0.04551,480.0,0.04513,1100.0,0.04689,50.0,0.0469,780.0
1753617430408,11:57:10.408,bitmex,ACT/USDT:USDT,0.04551,480.0,0.04513,1100.0,0.04689,50.0,0.0469,780.0
1753617431629,11:57:11.629,bitmex,ACT/USDT:USDT,0.04551,480.0,0.04513,1100.0,0.04689,50.0,0.0469,780.0
1753617431678,11:57:11.678,bitmex,ACT/USDT:USDT,0.04551,480.0,0.04513,1100.0,0.04689,50.0,0.0469,780.0
1753617432213,11:57:12.213,bitmex,ACT/USDT:USDT,0.04551,480.0,0.04513,1100.0,0.04689,50.0,0.0469,470.0
1753617432888,11:57:12.888,bitmex,ACT/USDT:USDT,0.04551,480.0,0.04513,1100.0,0.04689,50.0,0.0469,470.0
1753617432938,11:57:12.938,bitmex,ACT/USDT:USDT,0.04551,480.0,0.04513,1100.0,0.04689,50.0,0.0469,470.0
1753617434156,11:57:14.156,bitmex,ACT/USDT:USDT,0.04552,470.0,0.04513,1100.0,0.04689,50.0,0.0469,470.0
1753617434205,11:57:14.205,bitmex,ACT/USDT:USDT,0.04552,470.0,0.04513,1100.0,0.04689,50.0,0.04691,510.0
1753617435383,11:57:15.383,bitmex,ACT/USDT:USDT,0.04552,470.0,0.04513,1100.0,0.04689,50.0,0.04691,510.0
1753617435439,11:57:15.439,bitmex,ACT/USDT:USDT,0.04552,470.0,0.04513,1100.0,0.04689,50.0,0.04691,510.0
1753617436807,11:57:16.807,bitmex,ACT/USDT:USDT,0.04552,470.0,0.04513,1100.0,0.04689,50.0,0.04691,510.0
1753617436857,11:57:16.857,bitmex,ACT/USDT:USDT,0.0455,490.0,0.04513,1100.0,0.04688,490.0,0.04689,50.0
1753617437934,11:57:17.934,bitmex,ACT/USDT:USDT,0.0455,490.0,0.04513,1170.0,0.04688,490.0,0.04689,50.0
1753617437984,11:57:17.984,bitmex,ACT/USDT:USDT,0.0455,490.0,0.04513,1170.0,0.04688,490.0,0.04689,50.0
1753617439290,11:57:19.290,bitmex,ACT/USDT:USDT,0.0455,500.0,0.04513,1170.0,0.04688,490.0,0.04689,50.0
1753617439339,11:57:19.339,bitmex,ACT/USDT:USDT,0.0455,500.0,0.04513,1170.0,0.04689,560.0,0.04728,1170.0
1753617439388,11:57:19.388,bitmex,ACT/USDT:USDT,0.0455,500.0,0.04513,1170.0,0.04689,560.0,0.04728,1170.0
1753617439437,11:57:19.437,bitmex,ACT/USDT:USDT,0.0455,500.0,0.04513,1170.0,0.04689,560.0,0.04727,50.0
1753617439486,11:57:19.486,bitmex,ACT/USDT:USDT,0.0455,500.0,0.04513,1170.0,0.04689,510.0,0.04727,50.0
1753617440699,11:57:20.699,bitmex,ACT/USDT:USDT,0.0455,500.0,0.04513,1170.0,0.04689,490.0,0.04727,50.0
1753617440748,11:57:20.748,bitmex,ACT/USDT:USDT,0.04551,520.0,0.04513,1170.0,0.04689,490.0,0.04727,50.0
1753617440797,11:57:20.797,bitmex,ACT/USDT:USDT,0.04551,520.0,0.04513,1170.0,0.04689,490.0,0.04727,50.0
1753617441842,11:57:21.842,bitmex,ACT/USDT:USDT,0.04552,490.0,0.04513,1170.0,0.04689,490.0,0.04727,50.0
1753617441919,11:57:21.919,bitmex,ACT/USDT:USDT,0.04552,490.0,0.04513,1170.0,0.04689,490.0,0.04727,50.0
1753617441968,11:57:21.968,bitmex,ACT/USDT:USDT,0.04552,490.0,0.04513,1170.0,0.04727,50.0,0.04728,1170.0
1753617441968,11:57:21.968,bitmex,ACT/USDT:USDT,0.04552,490.0,0.04513,1170.0,0.0469,500.0,0.04727,50.0
1753617443140,11:57:23.140,bitmex,ACT/USDT:USDT,0.04553,490.0,0.04513,1170.0,0.0469,500.0,0.04727,50.0
1753617443217,11:57:23.217,bitmex,ACT/USDT:USDT,0.04553,490.0,0.04513,1170.0,0.04692,490.0,0.04727,50.0
1753617443266,11:57:23.266,bitmex,ACT/USDT:USDT,0.04553,490.0,0.04513,1170.0,0.04692,490.0,0.04727,50.0
1753617443315,11:57:23.315,bitmex,ACT/USDT:USDT,0.04553,490.0,0.04513,1170.0,0.04692,490.0,0.04727,50.0
1753617444608,11:57:24.608,bitmex,ACT/USDT:USDT,0.04553,490.0,0.04513,1170.0,0.04692,490.0,0.04727,50.0
1753617444657,11:57:24.657,bitmex,ACT/USDT:USDT,0.04553,490.0,0.04513,1170.0,0.04692,490.0,0.04727,50.0
1753617445843,11:57:25.843,bitmex,ACT/USDT:USDT,0.04553,490.0,0.04513,1170.0,0.04692,490.0,0.04727,50.0
1753617445946,11:57:25.946,bitmex,ACT/USDT:USDT,0.04553,490.0,0.04513,1170.0,0.04689,310.0,0.04692,490.0
1753617445995,11:57:25.995,bitmex,ACT/USDT:USDT,0.04553,490.0,0.04513,1170.0,0.04689,310.0,0.04691,50.0
1753617447220,11:57:27.220,bitmex,ACT/USDT:USDT,0.04553,490.0,0.04513,1170.0,0.04689,310.0,0.04691,530.0
1753617447269,11:57:27.269,bitmex,ACT/USDT:USDT,0.04552,510.0,0.04513,1170.0,0.04689,310.0,0.04691,530.0
1753617447318,11:57:27.318,bitmex,ACT/USDT:USDT,0.04552,510.0,0.04513,1170.0,0.04689,310.0,0.04691,530.0
1753617448059,11:57:28.059,bitmex,ACT/USDT:USDT,0.04552,510.0,0.04513,1170.0,0.04689,310.0,0.04691,530.0
1753617448108,11:57:28.108,bitmex,ACT/USDT:USDT,0.04552,510.0,0.04513,1170.0,0.04689,310.0,0.04691,530.0
1753617449320,11:57:29.320,bitmex,ACT/USDT:USDT,0.04552,510.0,0.04513,1170.0,0.04689,310.0,0.04691,530.0
1753617449369,11:57:29.369,bitmex,ACT/USDT:USDT,0.04552,510.0,0.04513,1170.0,0.04689,310.0,0.04691,530.0
1753617451958,11:57:31.958,bitmex,ACT/USDT:USDT,0.04356,70.0,0.03051,10.0,0.04689,310.0,0.04691,530.0
1753617452038,11:57:32.038,bitmex,ACT/USDT:USDT,0.04356,70.0,0.03051,10.0,0.04689,310.0,0.04691,50.0
1753617453203,11:57:33.203,bitmex,ACT/USDT:USDT,0.04552,500.0,0.04356,70.0,0.04689,310.0,0.04691,50.0
1753617453277,11:57:33.277,bitmex,ACT/USDT:USDT,0.04552,500.0,0.04356,70.0,0.04689,310.0,0.04691,50.0
1753617453327,11:57:33.327,bitmex,ACT/USDT:USDT,0.04552,500.0,0.04356,70.0,0.04689,310.0,0.04691,540.0
1753617454498,11:57:34.498,bitmex,ACT/USDT:USDT,0.04552,500.0,0.04356,70.0,0.04689,310.0,0.04691,540.0
1753617454548,11:57:34.548,bitmex,ACT/USDT:USDT,0.04552,500.0,0.04356,70.0,0.04689,310.0,0.04691,540.0
1753617455737,11:57:35.737,bitmex,ACT/USDT:USDT,0.04552,500.0,0.04356,70.0,0.04689,310.0,0.04691,540.0
1753617455786,11:57:35.786,bitmex,ACT/USDT:USDT,0.04552,500.0,0.04516,1160.0,0.04689,310.0,0.04691,540.0
1753617455926,11:57:35.926,bitmex,ACT/USDT:USDT,0.04552,500.0,0.04516,1160.0,0.04691,540.0,0.04734,70.0
1753617455975,11:57:35.975,bitmex,ACT/USDT:USDT,0.04552,500.0,0.04516,1160.0,0.04691,490.0,0.04733,50.0
1753617456988,11:57:36.988,bitmex,ACT/USDT:USDT,0.04552,500.0,0.04516,1160.0,0.04691,490.0,0.04733,50.0
1753617457038,11:57:37.038,bitmex,ACT/USDT:USDT,0.04552,500.0,0.04516,1160.0,0.04691,490.0,0.04733,50.0
1753617458258,11:57:38.258,bitmex,ACT/USDT:USDT,0.04552,500.0,0.04516,1160.0,0.04691,490.0,0.04733,50.0
1753617458307,11:57:38.307,bitmex,ACT/USDT:USDT,0.04552,500.0,0.04516,1160.0,0.04691,490.0,0.04733,50.0
1753617459578,11:57:39.578,bitmex,ACT/USDT:USDT,0.04552,500.0,0.04516,1160.0,0.04691,490.0,0.04733,50.0
1753617459628,11:57:39.628,bitmex,ACT/USDT:USDT,0.04552,500.0,0.04516,1160.0,0.04691,490.0,0.04733,50.0
1753617460821,11:57:40.821,bitmex,ACT/USDT:USDT,0.04552,500.0,0.04516,1160.0,0.04691,490.0,0.04733,50.0
1753617460871,11:57:40.871,bitmex,ACT/USDT:USDT,0.04552,500.0,0.04516,1160.0,0.04691,490.0,0.04733,50.0
1753617462101,11:57:42.101,bitmex,ACT/USDT:USDT,0.04552,500.0,0.04516,1160.0,0.04691,490.0,0.04733,50.0
1753617462159,11:57:42.159,bitmex,ACT/USDT:USDT,0.04552,500.0,0.04516,1160.0,0.04691,490.0,0.04733,50.0
1753617463436,11:57:43.436,bitmex,ACT/USDT:USDT,0.04553,500.0,0.04516,1160.0,0.04691,490.0,0.04733,50.0
1753617463486,11:57:43.486,bitmex,ACT/USDT:USDT,0.04553,500.0,0.04516,1160.0,0.04692,470.0,0.04733,50.0
1753617463638,11:57:43.638,bitmex,ACT/USDT:USDT,0.04553,500.0,0.04516,1160.0,0.04692,470.0,0.04733,50.0
1753617464691,11:57:44.691,bitmex,ACT/USDT:USDT,0.04553,520.0,0.04516,1160.0,0.04692,470.0,0.04733,50.0
1753617464767,11:57:44.767,bitmex,ACT/USDT:USDT,0.04553,520.0,0.04516,1160.0,0.04692,470.0,0.04733,50.0
1753617464817,11:57:44.817,bitmex,ACT/USDT:USDT,0.04553,520.0,0.04516,1160.0,0.04691,470.0,0.04733,50.0
1753617466089,11:57:46.089,bitmex,ACT/USDT:USDT,0.04553,520.0,0.04516,1160.0,0.04691,470.0,0.04733,50.0
1753617466139,11:57:46.139,bitmex,ACT/USDT:USDT,0.04553,520.0,0.04516,1160.0,0.04691,470.0,0.04733,50.0
1753617468676,11:57:48.676,bitmex,ACT/USDT:USDT,0.04553,520.0,0.04516,1160.0,0.04692,470.0,0.04733,50.0
1753617468725,11:57:48.725,bitmex,ACT/USDT:USDT,0.04553,520.0,0.04516,1160.0,0.04691,480.0,0.04729,1100.0
1753617468774,11:57:48.774,bitmex,ACT/USDT:USDT,0.04553,520.0,0.04516,1160.0,0.04691,480.0,0.04728,50.0
1753617469687,11:57:49.687,bitmex,ACT/USDT:USDT,0.04553,520.0,0.04516,1160.0,0.04691,480.0,0.04728,50.0
1753617469749,11:57:49.749,bitmex,ACT/USDT:USDT,0.04553,520.0,0.04516,1160.0,0.04691,480.0,0.04728,50.0
1753617470954,11:57:50.954,bitmex,ACT/USDT:USDT,0.04553,490.0,0.04516,1160.0,0.04691,480.0,0.04728,50.0
1753617471004,11:57:51.004,bitmex,ACT/USDT:USDT,0.04553,490.0,0.04516,1160.0,0.04692,470.0,0.04728,50.0
1753617472215,11:57:52.215,bitmex,ACT/USDT:USDT,0.04553,490.0,0.04517,1160.0,0.04692,470.0,0.04728,50.0
1753617472265,11:57:52.265,bitmex,ACT/USDT:USDT,0.04553,490.0,0.04517,1160.0,0.04692,470.0,0.04728,50.0
1753617473429,11:57:53.429,bitmex,ACT/USDT:USDT,0.04553,490.0,0.04517,1160.0,0.04692,470.0,0.04728,50.0
1753617473479,11:57:53.479,bitmex,ACT/USDT:USDT,0.04553,490.0,0.04517,1160.0,0.04692,470.0,0.04728,50.0
1753617474764,11:57:54.764,bitmex,ACT/USDT:USDT,0.04553,490.0,0.04517,1160.0,0.04692,470.0,0.04728,50.0
1753617474813,11:57:54.813,bitmex,ACT/USDT:USDT,0.04553,490.0,0.04517,1160.0,0.04692,470.0,0.04728,50.0
1753617475970,11:57:55.970,bitmex,ACT/USDT:USDT,0.04553,490.0,0.04517,1160.0,0.04692,470.0,0.04728,50.0
1753617476020,11:57:56.020,bitmex,ACT/USDT:USDT,0.04553,490.0,0.04517,1160.0,0.04692,470.0,0.04728,50.0
1753617477284,11:57:57.284,bitmex,ACT/USDT:USDT,0.04553,490.0,0.04517,1160.0,0.04692,470.0,0.04728,50.0
1753617477333,11:57:57.333,bitmex,ACT/USDT:USDT,0.04553,490.0,0.04517,1160.0,0.04692,470.0,0.04728,50.0
1753617478560,11:57:58.560,bitmex,ACT/USDT:USDT,0.04553,490.0,0.04517,1160.0,0.04692,470.0,0.04728,50.0
1753617478648,11:57:58.648,bitmex,ACT/USDT:USDT,0.04553,490.0,0.04517,1160.0,0.04692,470.0,0.04728,50.0
1753617479825,11:57:59.825,bitmex,ACT/USDT:USDT,0.04553,490.0,0.04517,1160.0,0.04692,470.0,0.04728,50.0
1753617479874,11:57:59.874,bitmex,ACT/USDT:USDT,0.04553,490.0,0.04517,1160.0,0.04692,470.0,0.04728,50.0
1753617481107,11:58:01.107,bitmex,ACT/USDT:USDT,0.04553,490.0,0.04517,1160.0,0.04692,470.0,0.04728,50.0
1753617481156,11:58:01.156,bitmex,ACT/USDT:USDT,0.04553,490.0,0.04517,1160.0,0.04692,470.0,0.04728,50.0
1753617482358,11:58:02.358,bitmex,ACT/USDT:USDT,0.04553,490.0,0.04517,1160.0,0.04692,470.0,0.04728,50.0
1753617482407,11:58:02.407,bitmex,ACT/USDT:USDT,0.04553,490.0,0.04517,1160.0,0.04692,470.0,0.04728,50.0
1753617483540,11:58:03.540,bitmex,ACT/USDT:USDT,0.04553,490.0,0.04517,1160.0,0.04692,470.0,0.04728,50.0
1753617483626,11:58:03.626,bitmex,ACT/USDT:USDT,0.04553,490.0,0.04517,1160.0,0.04692,470.0,0.04728,50.0
1753617484849,11:58:04.849,bitmex,ACT/USDT:USDT,0.04553,490.0,0.04517,1160.0,0.04692,470.0,0.04728,50.0
1753617484899,11:58:04.899,bitmex,ACT/USDT:USDT,0.04553,490.0,0.04517,1160.0,0.04692,470.0,0.04728,50.0
1753617486197,11:58:06.197,bitmex,ACT/USDT:USDT,0.04553,490.0,0.04517,1160.0,0.04692,470.0,0.04728,50.0
1753617486246,11:58:06.246,bitmex,ACT/USDT:USDT,0.04553,490.0,0.04517,1160.0,0.04692,470.0,0.04728,50.0
1753617487502,11:58:07.502,bitmex,ACT/USDT:USDT,0.04553,490.0,0.04517,1160.0,0.04692,470.0,0.04728,50.0
1753617488801,11:58:08.801,bitmex,ACT/USDT:USDT,0.04553,490.0,0.04517,1160.0,0.04692,470.0,0.04728,50.0
1753617488850,11:58:08.850,bitmex,ACT/USDT:USDT,0.04553,490.0,0.04517,1180.0,0.04692,470.0,0.04728,50.0
1753617490149,11:58:10.149,bitmex,ACT/USDT:USDT,0.04553,490.0,0.04517,1180.0,0.04692,470.0,0.04728,50.0
1753617491562,11:58:11.562,bitmex,ACT/USDT:USDT,0.04553,490.0,0.04517,1180.0,0.04692,470.0,0.04728,50.0
1753617491611,11:58:11.611,bitmex,ACT/USDT:USDT,0.04553,490.0,0.04517,1180.0,0.04692,470.0,0.04728,50.0
1753617492505,11:58:12.505,bitmex,ACT/USDT:USDT,0.04553,490.0,0.04517,1180.0,0.04694,500.0,0.04728,50.0
1753617492554,11:58:12.554,bitmex,ACT/USDT:USDT,0.04554,500.0,0.04517,1180.0,0.04694,500.0,0.04728,50.0
1753617492603,11:58:12.603,bitmex,ACT/USDT:USDT,0.04554,500.0,0.04517,1180.0,0.04694,500.0,0.04728,50.0
1753617493779,11:58:13.779,bitmex,ACT/USDT:USDT,0.04554,500.0,0.04517,1180.0,0.04694,500.0,0.04728,50.0
1753617493828,11:58:13.828,bitmex,ACT/USDT:USDT,0.04554,500.0,0.04517,1180.0,0.04694,500.0,0.04728,50.0
1753617495061,11:58:15.061,bitmex,ACT/USDT:USDT,0.04554,500.0,0.04517,1180.0,0.04694,500.0,0.04728,50.0
1753617495111,11:58:15.111,bitmex,ACT/USDT:USDT,0.04554,500.0,0.04517,1180.0,0.04694,500.0,0.04728,50.0
1753617496387,11:58:16.387,bitmex,ACT/USDT:USDT,0.04554,500.0,0.04517,1180.0,0.04692,480.0,0.04728,50.0
1753617496436,11:58:16.436,bitmex,ACT/USDT:USDT,0.04554,500.0,0.04517,1180.0,0.04692,480.0,0.04728,50.0
1753617497696,11:58:17.696,bitmex,ACT/USDT:USDT,0.04554,500.0,0.04517,1180.0,0.04692,480.0,0.04728,50.0
1753617497745,11:58:17.745,bitmex,ACT/USDT:USDT,0.04554,500.0,0.04517,1180.0,0.04692,480.0,0.04728,50.0
1753617498867,11:58:18.867,bitmex,ACT/USDT:USDT,0.04554,500.0,0.04517,1180.0,0.04692,470.0,0.04728,50.0
1753617498916,11:58:18.916,bitmex,ACT/USDT:USDT,0.04553,500.0,0.04517,1180.0,0.04692,470.0,0.04728,50.0
1753617500142,11:58:20.142,bitmex,ACT/USDT:USDT,0.04553,500.0,0.04517,1180.0,0.04692,470.0,0.04728,50.0
1753617500193,11:58:20.193,bitmex,ACT/USDT:USDT,0.04553,500.0,0.04517,1180.0,0.04692,470.0,0.04728,50.0
1753617501401,11:58:21.401,bitmex,ACT/USDT:USDT,0.04553,500.0,0.04517,1180.0,0.04691,500.0,0.04728,50.0
1753617501451,11:58:21.451,bitmex,ACT/USDT:USDT,0.04553,510.0,0.04517,1180.0,0.04691,500.0,0.04728,50.0
1753617501451,11:58:21.451,bitmex,ACT/USDT:USDT,0.04553,510.0,0.04517,1180.0,0.04691,500.0,0.04728,50.0
1753617501500,11:58:21.500,bitmex,ACT/USDT:USDT,0.04553,510.0,0.04517,1180.0,0.04691,500.0,0.04728,50.0
1753617502667,11:58:22.667,bitmex,ACT/USDT:USDT,0.04553,510.0,0.04517,1180.0,0.04691,500.0,0.04728,50.0
1753617502716,11:58:22.716,bitmex,ACT/USDT:USDT,0.04553,510.0,0.04517,1180.0,0.04691,500.0,0.04728,50.0
1753617503997,11:58:23.997,bitmex,ACT/USDT:USDT,0.04552,490.0,0.04517,1180.0,0.04691,500.0,0.04728,50.0
1753617505225,11:58:25.225,bitmex,ACT/USDT:USDT,0.04552,490.0,0.04517,1180.0,0.0469,470.0,0.04728,50.0
1753617505274,11:58:25.274,bitmex,ACT/USDT:USDT,0.04552,490.0,0.04515,1180.0,0.0469,470.0,0.04728,50.0
1753617506539,11:58:26.539,bitmex,ACT/USDT:USDT,0.04552,490.0,0.04515,1180.0,0.0469,470.0,0.04728,50.0
1753617506589,11:58:26.589,bitmex,ACT/USDT:USDT,0.04552,490.0,0.04515,1180.0,0.0469,470.0,0.04728,50.0
1753617507793,11:58:27.793,bitmex,ACT/USDT:USDT,0.04552,490.0,0.04515,1180.0,0.0469,470.0,0.04728,50.0
1753617509027,11:58:29.027,bitmex,ACT/USDT:USDT,0.04552,490.0,0.04515,1180.0,0.0469,470.0,0.04728,50.0
1753617509077,11:58:29.077,bitmex,ACT/USDT:USDT,0.04552,490.0,0.04515,1180.0,0.0469,470.0,0.04728,50.0
1753617510367,11:58:30.367,bitmex,ACT/USDT:USDT,0.04552,490.0,0.04515,1180.0,0.0469,470.0,0.04728,50.0
1753617510417,11:58:30.417,bitmex,ACT/USDT:USDT,0.04552,490.0,0.04515,1180.0,0.0469,470.0,0.04728,50.0
1753617511662,11:58:31.662,bitmex,ACT/USDT:USDT,0.04356,70.0,0.03051,10.0,0.0469,470.0,0.04728,50.0
1753617511835,11:58:31.835,bitmex,ACT/USDT:USDT,0.04356,70.0,0.03051,10.0,0.04728,50.0,0.04734,70.0
1753617511916,11:58:31.916,bitmex,ACT/USDT:USDT,0.04356,70.0,0.03051,10.0,0.04728,50.0,0.04733,50.0
1753617511965,11:58:31.965,bitmex,ACT/USDT:USDT,0.04356,70.0,0.03051,10.0,0.04733,50.0,0.04734,70.0
1753617512015,11:58:32.015,bitmex,ACT/USDT:USDT,0.04356,70.0,0.03051,10.0,0.04734,70.0,0.06863,50.0
1753617513187,11:58:33.187,bitmex,ACT/USDT:USDT,0.04553,500.0,0.04356,70.0,0.04734,70.0,0.06863,50.0
1753617513305,11:58:33.305,bitmex,ACT/USDT:USDT,0.04553,500.0,0.04356,70.0,0.04692,500.0,0.04733,50.0
1753617514322,11:58:34.322,bitmex,ACT/USDT:USDT,0.04553,480.0,0.04356,70.0,0.04692,500.0,0.04733,50.0
1753617514371,11:58:34.371,bitmex,ACT/USDT:USDT,0.04553,480.0,0.04356,70.0,0.04692,500.0,0.04733,50.0
1753617514420,11:58:34.420,bitmex,ACT/USDT:USDT,0.04553,480.0,0.04356,70.0,0.04691,520.0,0.04733,50.0
1753617514469,11:58:34.469,bitmex,ACT/USDT:USDT,0.04553,480.0,0.04356,70.0,0.04691,520.0,0.04733,50.0
1753617515342,11:58:35.342,bitmex,ACT/USDT:USDT,0.04553,480.0,0.04356,70.0,0.04691,520.0,0.04733,50.0
1753617515427,11:58:35.427,bitmex,ACT/USDT:USDT,0.04553,480.0,0.04356,70.0,0.04691,520.0,0.04733,50.0
1753617516609,11:58:36.609,bitmex,ACT/USDT:USDT,0.04553,480.0,0.04356,70.0,0.04691,520.0,0.04733,50.0
1753617516659,11:58:36.659,bitmex,ACT/USDT:USDT,0.04553,480.0,0.04356,70.0,0.04691,520.0,0.04733,50.0
1753617517888,11:58:37.888,bitmex,ACT/USDT:USDT,0.04553,480.0,0.04356,70.0,0.04691,520.0,0.04733,50.0
1753617517937,11:58:37.937,bitmex,ACT/USDT:USDT,0.04553,480.0,0.04356,70.0,0.04691,520.0,0.04733,50.0
1753617519128,11:58:39.128,bitmex,ACT/USDT:USDT,0.04553,480.0,0.04356,70.0,0.04691,520.0,0.04733,50.0
1753617519207,11:58:39.207,bitmex,ACT/USDT:USDT,0.04553,480.0,0.04356,70.0,0.04691,520.0,0.04729,1190.0
1753617520407,11:58:40.407,bitmex,ACT/USDT:USDT,0.04553,480.0,0.04356,70.0,0.04691,520.0,0.04729,1190.0
1753617520456,11:58:40.456,bitmex,ACT/USDT:USDT,0.04553,480.0,0.04356,70.0,0.04691,520.0,0.04729,1190.0
1753617520641,11:58:40.641,bitmex,ACT/USDT:USDT,0.04553,480.0,0.04356,70.0,0.04691,520.0,0.04728,50.0
1753617521691,11:58:41.691,bitmex,ACT/USDT:USDT,0.04552,470.0,0.04356,70.0,0.04691,520.0,0.04728,50.0
1753617521757,11:58:41.757,bitmex,ACT/USDT:USDT,0.04552,470.0,0.04356,70.0,0.04691,470.0,0.04728,50.0
1753617521856,11:58:41.856,bitmex,ACT/USDT:USDT,0.04552,470.0,0.04356,70.0,0.04691,470.0,0.04728,50.0
1753617522909,11:58:42.909,bitmex,ACT/USDT:USDT,0.04552,470.0,0.04516,1150.0,0.04691,470.0,0.04728,50.0
1753617522989,11:58:42.989,bitmex,ACT/USDT:USDT,0.04552,470.0,0.04516,1150.0,0.04691,470.0,0.04728,50.0
1753617524143,11:58:44.143,bitmex,ACT/USDT:USDT,0.04552,470.0,0.04516,1150.0,0.04691,470.0,0.04728,50.0
1753617524193,11:58:44.193,bitmex,ACT/USDT:USDT,0.04552,470.0,0.04516,1150.0,0.04691,470.0,0.04728,50.0
1753617525497,11:58:45.497,bitmex,ACT/USDT:USDT,0.04552,470.0,0.04516,1150.0,0.04691,470.0,0.04728,50.0
1753617525547,11:58:45.547,bitmex,ACT/USDT:USDT,0.04552,470.0,0.04516,1150.0,0.04691,470.0,0.04728,50.0
1753617526798,11:58:46.798,bitmex,ACT/USDT:USDT,0.04552,470.0,0.04516,1150.0,0.04691,470.0,0.04728,50.0
1753617526847,11:58:46.847,bitmex,ACT/USDT:USDT,0.04552,470.0,0.04516,1150.0,0.04691,470.0,0.04728,50.0
1753617528044,11:58:48.044,bitmex,ACT/USDT:USDT,0.04552,470.0,0.04516,1150.0,0.04691,470.0,0.04728,50.0
1753617528094,11:58:48.094,bitmex,ACT/USDT:USDT,0.04552,470.0,0.04516,1150.0,0.04691,470.0,0.04728,50.0
1753617529209,11:58:49.209,bitmex,ACT/USDT:USDT,0.04552,470.0,0.04516,1150.0,0.04691,470.0,0.04728,50.0
1753617529258,11:58:49.258,bitmex,ACT/USDT:USDT,0.04552,470.0,0.04516,1150.0,0.04691,470.0,0.04728,50.0
1753617530502,11:58:50.502,bitmex,ACT/USDT:USDT,0.04552,470.0,0.04516,1150.0,0.04691,470.0,0.04728,50.0
1753617530551,11:58:50.551,bitmex,ACT/USDT:USDT,0.04552,470.0,0.04516,1150.0,0.04691,470.0,0.04728,50.0
1753617531738,11:58:51.738,bitmex,ACT/USDT:USDT,0.04552,470.0,0.04516,1150.0,0.04691,470.0,0.04728,50.0
1753617531787,11:58:51.787,bitmex,ACT/USDT:USDT,0.04552,470.0,0.04516,1150.0,0.04691,470.0,0.04728,50.0
1753617533095,11:58:53.095,bitmex,ACT/USDT:USDT,0.04552,470.0,0.04516,1150.0,0.04691,470.0,0.04728,50.0
1753617533148,11:58:53.148,bitmex,ACT/USDT:USDT,0.04552,470.0,0.04479,1250.0,0.04691,470.0,0.04728,50.0
1753617534447,11:58:54.447,bitmex,ACT/USDT:USDT,0.04552,470.0,0.04479,1250.0,0.04691,470.0,0.04728,50.0
1753617534496,11:58:54.496,bitmex,ACT/USDT:USDT,0.04552,470.0,0.04442,1300.0,0.04691,470.0,0.04728,50.0
1753617535852,11:58:55.852,bitmex,ACT/USDT:USDT,0.04548,500.0,0.04442,1300.0,0.04691,470.0,0.04728,50.0
1753617535901,11:58:55.901,bitmex,ACT/USDT:USDT,0.04548,500.0,0.04405,1280.0,0.04687,480.0,0.04724,1160.0
1753617536429,11:58:56.429,bitmex,ACT/USDT:USDT,0.04548,500.0,0.04405,1280.0,0.04687,480.0,0.04723,50.0
1753617536478,11:58:56.478,bitmex,ACT/USDT:USDT,0.04548,500.0,0.04405,1280.0,0.04687,480.0,0.04723,50.0
1753617537177,11:58:57.177,bitmex,ACT/USDT:USDT,0.04548,500.0,0.04405,1280.0,0.04687,480.0,0.04723,50.0
1753617537226,11:58:57.226,bitmex,ACT/USDT:USDT,0.04548,500.0,0.04368,1330.0,0.04687,480.0,0.04723,50.0
1753617538068,11:58:58.068,bitmex,ACT/USDT:USDT,0.04548,500.0,0.04368,1330.0,0.04687,480.0,0.04723,50.0
1753617538118,11:58:58.118,bitmex,ACT/USDT:USDT,0.04548,500.0,0.04356,70.0,0.04687,480.0,0.04723,50.0
1753617539284,11:58:59.284,bitmex,ACT/USDT:USDT,0.04548,500.0,0.04512,1120.0,0.04687,480.0,0.04723,50.0
1753617539334,11:58:59.334,bitmex,ACT/USDT:USDT,0.04548,500.0,0.04512,1120.0,0.04687,480.0,0.04723,50.0
1753617540495,11:59:00.495,bitmex,ACT/USDT:USDT,0.0455,510.0,0.04512,1120.0,0.04687,480.0,0.04723,50.0
1753617540545,11:59:00.545,bitmex,ACT/USDT:USDT,0.0455,510.0,0.04512,1120.0,0.04688,470.0,0.04723,50.0
1753617540594,11:59:00.594,bitmex,ACT/USDT:USDT,0.0455,510.0,0.04512,1120.0,0.04688,470.0,0.04723,50.0
1753617541762,11:59:01.762,bitmex,ACT/USDT:USDT,0.04551,490.0,0.04512,1120.0,0.04688,470.0,0.04723,50.0
1753617541812,11:59:01.812,bitmex,ACT/USDT:USDT,0.04551,490.0,0.04512,1120.0,0.0469,500.0,0.04723,50.0
1753617541861,11:59:01.861,bitmex,ACT/USDT:USDT,0.04551,490.0,0.04512,1120.0,0.0469,500.0,0.04723,50.0
1753617541861,11:59:01.861,bitmex,ACT/USDT:USDT,0.04551,490.0,0.04512,1120.0,0.0469,500.0,0.04723,50.0
1753617543042,11:59:03.042,bitmex,ACT/USDT:USDT,0.04551,490.0,0.04512,1120.0,0.0469,500.0,0.04723,50.0
1753617543099,11:59:03.099,bitmex,ACT/USDT:USDT,0.04551,490.0,0.04512,1120.0,0.0469,500.0,0.04723,50.0
1753617544347,11:59:04.347,bitmex,ACT/USDT:USDT,0.04551,490.0,0.04512,1120.0,0.0469,500.0,0.04723,50.0
1753617544396,11:59:04.396,bitmex,ACT/USDT:USDT,0.04551,490.0,0.04512,1120.0,0.0469,500.0,0.04723,50.0
1753617545620,11:59:05.620,bitmex,ACT/USDT:USDT,0.04551,490.0,0.04512,1120.0,0.0469,500.0,0.04723,50.0
1753617545669,11:59:05.669,bitmex,ACT/USDT:USDT,0.04551,490.0,0.04512,1120.0,0.0469,500.0,0.04723,50.0
1753617548218,11:59:08.218,bitmex,ACT/USDT:USDT,0.04551,490.0,0.04512,1120.0,0.0469,500.0,0.04723,50.0
1753617548268,11:59:08.268,bitmex,ACT/USDT:USDT,0.04551,490.0,0.04512,1120.0,0.0469,500.0,0.04723,50.0
1753617549231,11:59:09.231,bitmex,ACT/USDT:USDT,0.04551,490.0,0.04512,1120.0,0.04687,320.0,0.0469,500.0
1753617549308,11:59:09.308,bitmex,ACT/USDT:USDT,0.04551,490.0,0.04512,1120.0,0.04687,320.0,0.0469,500.0
1753617549358,11:59:09.358,bitmex,ACT/USDT:USDT,0.04551,490.0,0.04512,1120.0,0.04687,320.0,0.04689,50.0
1753617549533,11:59:09.533,bitmex,ACT/USDT:USDT,0.04551,490.0,0.04512,1120.0,0.04687,320.0,0.04689,50.0
1753617549583,11:59:09.583,bitmex,ACT/USDT:USDT,0.04552,480.0,0.04512,1120.0,0.04687,320.0,0.04689,50.0
1753617550937,11:59:10.937,bitmex,ACT/USDT:USDT,0.04552,480.0,0.04512,1120.0,0.04687,320.0,0.04689,50.0
1753617550987,11:59:10.987,bitmex,ACT/USDT:USDT,0.04552,480.0,0.04512,1120.0,0.04687,320.0,0.04689,50.0
1753617552028,11:59:12.028,bitmex,ACT/USDT:USDT,0.04552,480.0,0.04512,1120.0,0.04687,320.0,0.04689,50.0
1753617552078,11:59:12.078,bitmex,ACT/USDT:USDT,0.04552,480.0,0.04512,1120.0,0.04687,320.0,0.04689,50.0
1753617553462,11:59:13.462,bitmex,ACT/USDT:USDT,0.04552,480.0,0.04512,1120.0,0.04687,320.0,0.04689,50.0
1753617553511,11:59:13.511,bitmex,ACT/USDT:USDT,0.04552,480.0,0.04512,1120.0,0.04687,320.0,0.04689,50.0
1753617554730,11:59:14.730,bitmex,ACT/USDT:USDT,0.04552,480.0,0.04512,1120.0,0.04687,320.0,0.04689,50.0
1753617554779,11:59:14.779,bitmex,ACT/USDT:USDT,0.04552,480.0,0.04512,1120.0,0.04687,320.0,0.04689,50.0
1753617555826,11:59:15.826,bitmex,ACT/USDT:USDT,0.04552,480.0,0.04512,1120.0,0.04687,320.0,0.04689,50.0
1753617555876,11:59:15.876,bitmex,ACT/USDT:USDT,0.04552,480.0,0.04512,1120.0,0.04687,320.0,0.04689,50.0
1753617558372,11:59:18.372,bitmex,ACT/USDT:USDT,0.04552,480.0,0.04516,1140.0,0.04687,320.0,0.04689,50.0
1753617558421,11:59:18.421,bitmex,ACT/USDT:USDT,0.04552,480.0,0.04516,1140.0,0.04687,320.0,0.04689,50.0
1753617559325,11:59:19.325,bitmex,ACT/USDT:USDT,0.04554,500.0,0.04516,1140.0,0.04687,320.0,0.04689,50.0
1753617559423,11:59:19.423,bitmex,ACT/USDT:USDT,0.04554,500.0,0.04516,1140.0,0.04687,320.0,0.04689,50.0
1753617559472,11:59:19.472,bitmex,ACT/USDT:USDT,0.04554,500.0,0.04516,1140.0,0.04687,320.0,0.04689,50.0
1753617560490,11:59:20.490,bitmex,ACT/USDT:USDT,0.04554,510.0,0.04516,1140.0,0.04687,320.0,0.04689,50.0
1753617560539,11:59:20.539,bitmex,ACT/USDT:USDT,0.04554,510.0,0.04516,1140.0,0.04687,320.0,0.04689,50.0
1753617560588,11:59:20.588,bitmex,ACT/USDT:USDT,0.04554,510.0,0.04516,1140.0,0.04687,320.0,0.04689,50.0
1753617561807,11:59:21.807,bitmex,ACT/USDT:USDT,0.04554,510.0,0.04516,1140.0,0.04687,320.0,0.04689,50.0
1753617561856,11:59:21.856,bitmex,ACT/USDT:USDT,0.04554,510.0,0.04516,1140.0,0.04687,320.0,0.04689,50.0
1753617563020,11:59:23.020,bitmex,ACT/USDT:USDT,0.04554,510.0,0.04516,1140.0,0.04687,320.0,0.04689,50.0
1753617563078,11:59:23.078,bitmex,ACT/USDT:USDT,0.04554,510.0,0.04516,1140.0,0.04687,320.0,0.04689,50.0
1753617564408,11:59:24.408,bitmex,ACT/USDT:USDT,0.04554,510.0,0.04516,1140.0,0.04687,320.0,0.04689,50.0
1753617564457,11:59:24.457,bitmex,ACT/USDT:USDT,0.04554,510.0,0.04516,1140.0,0.04687,320.0,0.04689,50.0
1753617565569,11:59:25.569,bitmex,ACT/USDT:USDT,0.04554,510.0,0.04516,1140.0,0.04687,320.0,0.04689,50.0
1753617565618,11:59:25.618,bitmex,ACT/USDT:USDT,0.04554,510.0,0.04516,1140.0,0.04687,320.0,0.04689,50.0
1753617566935,11:59:26.935,bitmex,ACT/USDT:USDT,0.04554,510.0,0.04516,1140.0,0.04687,320.0,0.04689,50.0
1753617566935,11:59:26.935,bitmex,ACT/USDT:USDT,0.04554,510.0,0.04516,1140.0,0.04687,320.0,0.04689,50.0
1753617566984,11:59:26.984,bitmex,ACT/USDT:USDT,0.04554,510.0,0.04516,1140.0,0.04687,320.0,0.04689,50.0
1753617568113,11:59:28.113,bitmex,ACT/USDT:USDT,0.04554,510.0,0.04516,1140.0,0.04687,320.0,0.04689,50.0
1753617568178,11:59:28.178,bitmex,ACT/USDT:USDT,0.04554,510.0,0.04516,1140.0,0.04687,320.0,0.04689,50.0
1753617569419,11:59:29.419,bitmex,ACT/USDT:USDT,0.04554,510.0,0.04516,1140.0,0.04687,320.0,0.04689,50.0
1753617569468,11:59:29.468,bitmex,ACT/USDT:USDT,0.04554,510.0,0.04516,1140.0,0.04687,320.0,0.04689,50.0
1753617570648,11:59:30.648,bitmex,ACT/USDT:USDT,0.04554,510.0,0.04516,1140.0,0.04687,320.0,0.04689,50.0
1753617570698,11:59:30.698,bitmex,ACT/USDT:USDT,0.04554,510.0,0.04516,1140.0,0.04687,320.0,0.04689,50.0
1753617571956,11:59:31.956,bitmex,ACT/USDT:USDT,0.04554,510.0,0.04516,1140.0,0.04687,320.0,0.04689,50.0
1753617572006,11:59:32.006,bitmex,ACT/USDT:USDT,0.04554,510.0,0.04516,1140.0,0.04687,320.0,0.04689,50.0
1753617573227,11:59:33.227,bitmex,ACT/USDT:USDT,0.04554,510.0,0.04516,1140.0,0.04687,320.0,0.04689,50.0
1753617573276,11:59:33.276,bitmex,ACT/USDT:USDT,0.04554,510.0,0.04516,1140.0,0.04687,320.0,0.04689,50.0
1753617574528,11:59:34.528,bitmex,ACT/USDT:USDT,0.04554,510.0,0.04516,1140.0,0.04687,320.0,0.04689,50.0
1753617574578,11:59:34.578,bitmex,ACT/USDT:USDT,0.04554,510.0,0.04518,1180.0,0.04687,320.0,0.04689,50.0
1753617575769,11:59:35.769,bitmex,ACT/USDT:USDT,0.04554,510.0,0.04518,1180.0,0.04687,320.0,0.04689,50.0
1753617575847,11:59:35.847,bitmex,ACT/USDT:USDT,0.04554,510.0,0.04518,1180.0,0.04687,320.0,0.04689,50.0
1753617577022,11:59:37.022,bitmex,ACT/USDT:USDT,0.04554,510.0,0.04518,1180.0,0.04687,320.0,0.04689,50.0
1753617577072,11:59:37.072,bitmex,ACT/USDT:USDT,0.04554,510.0,0.04518,1180.0,0.04687,320.0,0.04689,50.0
1753617578350,11:59:38.350,bitmex,ACT/USDT:USDT,0.04554,510.0,0.04518,1180.0,0.04687,320.0,0.04689,50.0
1753617578417,11:59:38.417,bitmex,ACT/USDT:USDT,0.04554,510.0,0.04518,1180.0,0.04687,320.0,0.04689,50.0
1753617579678,11:59:39.678,bitmex,ACT/USDT:USDT,0.04356,70.0,0.03051,10.0,0.04687,320.0,0.04689,50.0
1753617579728,11:59:39.728,bitmex,ACT/USDT:USDT,0.04356,70.0,0.03051,10.0,0.04687,320.0,0.04689,50.0
1753617580827,11:59:40.827,bitmex,ACT/USDT:USDT,0.04554,520.0,0.04356,70.0,0.04687,320.0,0.04689,50.0
1753617580876,11:59:40.876,bitmex,ACT/USDT:USDT,0.04554,520.0,0.04369,1330.0,0.04687,320.0,0.04689,50.0
1753617580925,11:59:40.925,bitmex,ACT/USDT:USDT,0.04554,520.0,0.04369,1330.0,0.04687,320.0,0.04689,50.0
1753617582058,11:59:42.058,bitmex,ACT/USDT:USDT,0.04554,520.0,0.04369,1330.0,0.04687,320.0,0.04689,50.0
1753617582107,11:59:42.107,bitmex,ACT/USDT:USDT,0.04554,520.0,0.04369,1330.0,0.04687,320.0,0.04689,50.0
1753617583301,11:59:43.301,bitmex,ACT/USDT:USDT,0.04554,520.0,0.04369,1330.0,0.04687,320.0,0.04689,50.0
1753617583350,11:59:43.350,bitmex,ACT/USDT:USDT,0.04554,520.0,0.04369,1330.0,0.04687,320.0,0.04689,50.0
1753617584613,11:59:44.613,bitmex,ACT/USDT:USDT,0.04554,520.0,0.04369,1330.0,0.04687,320.0,0.04689,50.0
1753617585881,11:59:45.881,bitmex,ACT/USDT:USDT,0.04554,510.0,0.04369,1330.0,0.04687,320.0,0.04689,50.0
1753617585930,11:59:45.930,bitmex,ACT/USDT:USDT,0.04554,510.0,0.04369,1330.0,0.04687,320.0,0.04689,50.0
1753617585979,11:59:45.979,bitmex,ACT/USDT:USDT,0.04554,510.0,0.04369,1330.0,0.04687,320.0,0.04689,50.0
1753617587121,11:59:47.121,bitmex,ACT/USDT:USDT,0.04555,510.0,0.04369,1330.0,0.04687,320.0,0.04689,50.0
1753617587171,11:59:47.171,bitmex,ACT/USDT:USDT,0.04555,510.0,0.04369,1330.0,0.04687,320.0,0.04689,50.0
1753617587226,11:59:47.226,bitmex,ACT/USDT:USDT,0.04555,510.0,0.04369,1330.0,0.04687,320.0,0.04689,50.0
1753617587276,11:59:47.276,bitmex,ACT/USDT:USDT,0.04555,510.0,0.04369,1330.0,0.04687,320.0,0.04689,50.0
1753617588429,11:59:48.429,bitmex,ACT/USDT:USDT,0.04555,510.0,0.04369,1330.0,0.04687,320.0,0.04689,50.0
1753617588478,11:59:48.478,bitmex,ACT/USDT:USDT,0.04555,510.0,0.04369,1330.0,0.04687,320.0,0.04689,50.0
1753617589642,11:59:49.642,bitmex,ACT/USDT:USDT,0.04555,510.0,0.04369,1330.0,0.04687,320.0,0.04689,50.0
1753617589696,11:59:49.696,bitmex,ACT/USDT:USDT,0.04555,510.0,0.04369,1330.0,0.04687,320.0,0.04689,50.0
1753617590935,11:59:50.935,bitmex,ACT/USDT:USDT,0.04555,510.0,0.04369,1330.0,0.04687,320.0,0.04689,50.0
1753617590984,11:59:50.984,bitmex,ACT/USDT:USDT,0.04554,500.0,0.04369,1330.0,0.04687,320.0,0.04689,50.0
1753617591033,11:59:51.033,bitmex,ACT/USDT:USDT,0.04554,500.0,0.04369,1330.0,0.04687,320.0,0.04689,50.0
1753617591082,11:59:51.082,bitmex,ACT/USDT:USDT,0.04554,500.0,0.04369,1330.0,0.04687,320.0,0.04689,50.0
1753617592161,11:59:52.161,bitmex,ACT/USDT:USDT,0.04554,500.0,0.04369,1330.0,0.04687,320.0,0.04689,50.0
1753617592210,11:59:52.210,bitmex,ACT/USDT:USDT,0.04554,500.0,0.04518,1090.0,0.04687,320.0,0.04689,50.0
1753617593491,11:59:53.491,bitmex,ACT/USDT:USDT,0.04554,500.0,0.04518,1090.0,0.04687,320.0,0.04689,50.0
1753617593557,11:59:53.557,bitmex,ACT/USDT:USDT,0.04554,500.0,0.04518,1090.0,0.04687,320.0,0.04689,50.0
1753617594708,11:59:54.708,bitmex,ACT/USDT:USDT,0.04554,500.0,0.04518,1090.0,0.04687,320.0,0.04689,50.0
1753617594758,11:59:54.758,bitmex,ACT/USDT:USDT,0.04554,500.0,0.04518,1090.0,0.04687,320.0,0.04689,50.0
1753617594834,11:59:54.834,bitmex,ACT/USDT:USDT,0.04554,500.0,0.04518,1090.0,0.04689,50.0,0.04693,480.0
1753617595122,11:59:55.122,bitmex,ACT/USDT:USDT,0.04554,500.0,0.04518,1090.0,0.04689,50.0,0.04692,50.0
1753617595171,11:59:55.171,bitmex,ACT/USDT:USDT,0.04554,500.0,0.04518,1090.0,0.04692,50.0,0.04693,480.0
1753617595412,11:59:55.412,bitmex,ACT/USDT:USDT,0.04554,500.0,0.04518,1090.0,0.04692,50.0,0.04693,480.0
1753617595461,11:59:55.461,bitmex,ACT/USDT:USDT,0.04554,500.0,0.04518,1090.0,0.04693,480.0,0.04731,50.0
1753617596029,11:59:56.029,bitmex,ACT/USDT:USDT,0.04554,500.0,0.04518,1090.0,0.04693,480.0,0.04731,50.0
1753617596078,11:59:56.078,bitmex,ACT/USDT:USDT,0.04554,500.0,0.04518,1090.0,0.04693,480.0,0.04731,50.0
1753617597233,11:59:57.233,bitmex,ACT/USDT:USDT,0.04554,510.0,0.04518,1090.0,0.04693,480.0,0.04731,50.0
1753617597282,11:59:57.282,bitmex,ACT/USDT:USDT,0.04554,510.0,0.04518,1090.0,0.04692,510.0,0.04731,50.0
1753617597331,11:59:57.331,bitmex,ACT/USDT:USDT,0.04554,510.0,0.04518,1090.0,0.04692,510.0,0.04731,50.0
1753617598566,11:59:58.566,bitmex,ACT/USDT:USDT,0.04554,510.0,0.04518,1090.0,0.04692,510.0,0.04731,50.0
1753617598616,11:59:58.616,bitmex,ACT/USDT:USDT,0.04554,510.0,0.04518,1090.0,0.04692,510.0,0.04731,50.0
1753617599862,11:59:59.862,bitmex,ACT/USDT:USDT,0.04554,510.0,0.04518,1090.0,0.04692,510.0,0.04731,50.0
1753617599911,11:59:59.911,bitmex,ACT/USDT:USDT,0.04554,510.0,0.04518,1090.0,0.04692,510.0,0.04731,50.0
1753617601141,12:00:01.141,bitmex,ACT/USDT:USDT,0.04554,510.0,0.04518,1090.0,0.04692,510.0,0.04731,50.0
1753617602417,12:00:02.417,bitmex,ACT/USDT:USDT,0.04554,510.0,0.04518,1090.0,0.04692,510.0,0.04731,50.0
1753617602467,12:00:02.467,bitmex,ACT/USDT:USDT,0.04554,510.0,0.04518,1090.0,0.04692,510.0,0.04731,50.0
1753617603617,12:00:03.617,bitmex,ACT/USDT:USDT,0.04554,510.0,0.04481,1250.0,0.04692,510.0,0.04731,50.0
1753617603666,12:00:03.666,bitmex,ACT/USDT:USDT,0.04554,510.0,0.04481,1250.0,0.04692,510.0,0.04731,50.0
1753617605036,12:00:05.036,bitmex,ACT/USDT:USDT,0.04555,510.0,0.04481,1250.0,0.04692,510.0,0.04731,50.0
1753617605086,12:00:05.086,bitmex,ACT/USDT:USDT,0.04555,510.0,0.04444,1240.0,0.04694,520.0,0.04731,50.0
1753617605162,12:00:05.162,bitmex,ACT/USDT:USDT,0.04555,510.0,0.04444,1240.0,0.04694,520.0,0.04731,50.0
1753617606198,12:00:06.198,bitmex,ACT/USDT:USDT,0.04555,510.0,0.04444,1240.0,0.04694,520.0,0.04731,50.0
1753617606249,12:00:06.249,bitmex,ACT/USDT:USDT,0.04555,510.0,0.04407,1350.0,0.04694,520.0,0.04731,50.0
1753617607363,12:00:07.363,bitmex,ACT/USDT:USDT,0.04553,480.0,0.04407,1350.0,0.04694,520.0,0.04731,50.0
1753617607412,12:00:07.412,bitmex,ACT/USDT:USDT,0.04553,480.0,0.04407,1350.0,0.04692,470.0,0.04731,50.0
1753617607461,12:00:07.461,bitmex,ACT/USDT:USDT,0.04553,480.0,0.04369,2730.0,0.04692,470.0,0.04731,50.0
1753617607510,12:00:07.510,bitmex,ACT/USDT:USDT,0.04553,480.0,0.04369,2730.0,0.04692,470.0,0.04731,50.0
1753617608666,12:00:08.666,bitmex,ACT/USDT:USDT,0.04553,480.0,0.04517,1180.0,0.04692,470.0,0.04731,50.0
1753617608716,12:00:08.716,bitmex,ACT/USDT:USDT,0.04553,480.0,0.04517,1180.0,0.04692,470.0,0.04731,50.0
1753617610022,12:00:10.022,bitmex,ACT/USDT:USDT,0.04553,480.0,0.04517,1180.0,0.04692,470.0,0.04731,50.0
1753617610072,12:00:10.072,bitmex,ACT/USDT:USDT,0.04553,480.0,0.04517,1180.0,0.04692,470.0,0.04731,50.0
1753617611328,12:00:11.328,bitmex,ACT/USDT:USDT,0.04553,480.0,0.04517,1180.0,0.04692,470.0,0.04731,50.0
1753617611377,12:00:11.377,bitmex,ACT/USDT:USDT,0.04553,480.0,0.04517,1180.0,0.04692,470.0,0.04731,50.0
1753617612498,12:00:12.498,bitmex,ACT/USDT:USDT,0.04553,480.0,0.04517,1180.0,0.04692,470.0,0.04731,50.0
1753617612548,12:00:12.548,bitmex,ACT/USDT:USDT,0.04553,480.0,0.04517,1180.0,0.04692,470.0,0.04731,50.0
1753617613797,12:00:13.797,bitmex,ACT/USDT:USDT,0.04553,480.0,0.04517,1180.0,0.04691,490.0,0.04731,50.0
1753617613896,12:00:13.896,bitmex,ACT/USDT:USDT,0.04552,520.0,0.04517,1180.0,0.04691,490.0,0.04731,50.0
1753617615027,12:00:15.027,bitmex,ACT/USDT:USDT,0.04552,520.0,0.04517,1180.0,0.04691,490.0,0.04731,50.0
1753617615077,12:00:15.077,bitmex,ACT/USDT:USDT,0.04552,520.0,0.04517,1180.0,0.04691,490.0,0.04731,50.0
1753617616287,12:00:16.287,bitmex,ACT/USDT:USDT,0.04552,520.0,0.04517,1180.0,0.04691,490.0,0.04731,50.0
1753617616337,12:00:16.337,bitmex,ACT/USDT:USDT,0.04552,520.0,0.04517,1180.0,0.04691,490.0,0.04731,50.0
1753617617569,12:00:17.569,bitmex,ACT/USDT:USDT,0.04552,520.0,0.04517,1180.0,0.04691,490.0,0.04731,50.0
1753617617618,12:00:17.618,bitmex,ACT/USDT:USDT,0.04552,520.0,0.04517,1180.0,0.0469,480.0,0.04731,50.0
1753617617667,12:00:17.667,bitmex,ACT/USDT:USDT,0.04551,500.0,0.04517,1180.0,0.0469,480.0,0.04731,50.0
1753617617885,12:00:17.885,bitmex,ACT/USDT:USDT,0.04551,500.0,0.04517,1180.0,0.0469,480.0,0.04692,310.0
1753617618542,12:00:18.542,bitmex,ACT/USDT:USDT,0.04551,500.0,0.04517,1180.0,0.0469,480.0,0.04692,310.0
1753617618591,12:00:18.591,bitmex,ACT/USDT:USDT,0.04551,500.0,0.04517,1180.0,0.0469,480.0,0.04691,50.0
1753617618823,12:00:18.823,bitmex,ACT/USDT:USDT,0.04551,500.0,0.04517,1180.0,0.0469,480.0,0.04691,50.0
1753617618873,12:00:18.873,bitmex,ACT/USDT:USDT,0.04551,500.0,0.04517,1180.0,0.0469,480.0,0.04691,50.0
1753617620088,12:00:20.088,bitmex,ACT/USDT:USDT,0.04551,500.0,0.04517,1180.0,0.0469,480.0,0.04691,50.0
1753617620137,12:00:20.137,bitmex,ACT/USDT:USDT,0.04551,500.0,0.04517,1180.0,0.0469,480.0,0.04691,50.0
1753617621370,12:00:21.370,bitmex,ACT/USDT:USDT,0.04551,500.0,0.04517,1180.0,0.0469,490.0,0.04691,50.0
1753617621420,12:00:21.420,bitmex,ACT/USDT:USDT,0.04551,500.0,0.04517,1180.0,0.0469,490.0,0.04691,50.0
1753617621469,12:00:21.469,bitmex,ACT/USDT:USDT,0.04552,510.0,0.04517,1180.0,0.0469,490.0,0.04691,50.0
1753617622688,12:00:22.688,bitmex,ACT/USDT:USDT,0.04552,510.0,0.04517,1180.0,0.0469,490.0,0.04691,50.0
1753617622750,12:00:22.750,bitmex,ACT/USDT:USDT,0.04552,510.0,0.04517,1180.0,0.0469,490.0,0.04691,50.0
1753617624034,12:00:24.034,bitmex,ACT/USDT:USDT,0.04552,510.0,0.04517,1180.0,0.0469,490.0,0.04691,50.0
1753617624087,12:00:24.087,bitmex,ACT/USDT:USDT,0.04552,510.0,0.04517,1180.0,0.0469,490.0,0.04691,50.0
1753617625098,12:00:25.098,bitmex,ACT/USDT:USDT,0.04552,510.0,0.04517,1180.0,0.0469,490.0,0.04691,50.0
1753617625147,12:00:25.147,bitmex,ACT/USDT:USDT,0.04552,510.0,0.04515,1100.0,0.0469,490.0,0.04691,50.0
1753617626389,12:00:26.389,bitmex,ACT/USDT:USDT,0.04552,510.0,0.04515,1100.0,0.04691,530.0,0.04692,310.0
1753617626439,12:00:26.439,bitmex,ACT/USDT:USDT,0.04552,500.0,0.04515,1100.0,0.04691,530.0,0.04692,310.0
1753617626488,12:00:26.488,bitmex,ACT/USDT:USDT,0.04552,500.0,0.04515,1100.0,0.04691,530.0,0.04692,310.0
1753617626537,12:00:26.537,bitmex,ACT/USDT:USDT,0.04552,500.0,0.04515,1100.0,0.04691,530.0,0.04692,310.0
1753617627826,12:00:27.826,bitmex,ACT/USDT:USDT,0.04552,500.0,0.04515,1100.0,0.04691,530.0,0.04692,310.0
1753617627876,12:00:27.876,bitmex,ACT/USDT:USDT,0.04552,500.0,0.04515,1100.0,0.04691,530.0,0.04692,310.0
1753617629045,12:00:29.045,bitmex,ACT/USDT:USDT,0.04553,470.0,0.04515,1100.0,0.04691,530.0,0.04692,310.0
1753617629095,12:00:29.095,bitmex,ACT/USDT:USDT,0.04553,470.0,0.04515,1100.0,0.04691,50.0,0.04692,790.0
1753617629144,12:00:29.144,bitmex,ACT/USDT:USDT,0.04553,470.0,0.04515,1100.0,0.04691,50.0,0.04692,790.0
1753617630237,12:00:30.237,bitmex,ACT/USDT:USDT,0.04553,480.0,0.04515,1100.0,0.04691,50.0,0.04692,790.0
1753617630287,12:00:30.287,bitmex,ACT/USDT:USDT,0.04553,480.0,0.04515,1100.0,0.04691,540.0,0.04692,310.0
1753617630336,12:00:30.336,bitmex,ACT/USDT:USDT,0.04553,480.0,0.04515,1100.0,0.04691,540.0,0.04692,310.0
1753617631686,12:00:31.686,bitmex,ACT/USDT:USDT,0.04553,480.0,0.04515,1100.0,0.04691,540.0,0.04692,310.0
1753617631756,12:00:31.756,bitmex,ACT/USDT:USDT,0.04553,480.0,0.04515,1100.0,0.04691,540.0,0.04692,310.0
1753617632867,12:00:32.867,bitmex,ACT/USDT:USDT,0.04553,480.0,0.04515,1100.0,0.04691,540.0,0.04692,310.0
1753617632916,12:00:32.916,bitmex,ACT/USDT:USDT,0.04553,480.0,0.04515,1100.0,0.04691,540.0,0.04692,310.0
1753617634067,12:00:34.067,bitmex,ACT/USDT:USDT,0.04553,480.0,0.04515,1100.0,0.04691,540.0,0.04692,310.0
1753617634117,12:00:34.117,bitmex,ACT/USDT:USDT,0.04553,480.0,0.04515,1100.0,0.04691,540.0,0.04692,310.0
1753617635250,12:00:35.250,bitmex,ACT/USDT:USDT,0.04552,500.0,0.04515,1100.0,0.04691,540.0,0.04692,310.0
1753617635358,12:00:35.358,bitmex,ACT/USDT:USDT,0.04552,500.0,0.04515,1100.0,0.04691,540.0,0.04692,310.0
1753617635407,12:00:35.407,bitmex,ACT/USDT:USDT,0.04552,500.0,0.04515,1100.0,0.04691,550.0,0.04692,310.0
1753617636647,12:00:36.647,bitmex,ACT/USDT:USDT,0.04552,500.0,0.04515,1100.0,0.04691,550.0,0.04692,310.0
1753617636697,12:00:36.697,bitmex,ACT/USDT:USDT,0.04552,500.0,0.04515,1100.0,0.04691,550.0,0.04692,310.0
1753617637807,12:00:37.807,bitmex,ACT/USDT:USDT,0.04552,500.0,0.04515,1100.0,0.04691,550.0,0.04692,310.0
1753617639084,12:00:39.084,bitmex,ACT/USDT:USDT,0.04552,500.0,0.04515,1100.0,0.04691,550.0,0.04692,310.0
1753617639134,12:00:39.134,bitmex,ACT/USDT:USDT,0.04552,500.0,0.04515,1100.0,0.04691,550.0,0.04692,310.0
1753617640296,12:00:40.296,bitmex,ACT/USDT:USDT,0.04552,510.0,0.04515,1100.0,0.04691,550.0,0.04692,310.0
1753617640346,12:00:40.346,bitmex,ACT/USDT:USDT,0.04552,510.0,0.04515,1100.0,0.0469,470.0,0.04691,50.0
1753617640396,12:00:40.396,bitmex,ACT/USDT:USDT,0.04552,510.0,0.04515,1100.0,0.0469,470.0,0.04691,50.0
1753617641608,12:00:41.608,bitmex,ACT/USDT:USDT,0.04552,510.0,0.04515,1100.0,0.0469,520.0,0.04691,50.0
1753617641658,12:00:41.658,bitmex,ACT/USDT:USDT,0.04551,470.0,0.04515,1080.0,0.0469,520.0,0.04691,50.0
1753617642888,12:00:42.888,bitmex,ACT/USDT:USDT,0.04551,470.0,0.04515,1080.0,0.0469,520.0,0.04691,50.0
1753617642937,12:00:42.937,bitmex,ACT/USDT:USDT,0.04551,470.0,0.04515,1080.0,0.0469,520.0,0.04691,50.0
1753617644207,12:00:44.207,bitmex,ACT/USDT:USDT,0.04551,470.0,0.04515,1080.0,0.0469,520.0,0.04691,50.0
1753617645429,12:00:45.429,bitmex,ACT/USDT:USDT,0.04551,470.0,0.04515,1080.0,0.0469,520.0,0.04691,50.0
1753617645478,12:00:45.478,bitmex,ACT/USDT:USDT,0.04551,470.0,0.04515,1080.0,0.0469,520.0,0.04691,50.0
1753617646631,12:00:46.631,bitmex,ACT/USDT:USDT,0.04551,470.0,0.04515,1080.0,0.0469,520.0,0.04691,50.0
1753617646697,12:00:46.697,bitmex,ACT/USDT:USDT,0.04551,470.0,0.04515,1080.0,0.0469,520.0,0.04691,50.0
1753617647036,12:00:47.036,bitmex,ACT/USDT:USDT,0.04551,470.0,0.04515,1080.0,0.0469,520.0,0.04691,50.0
1753617647962,12:00:47.962,bitmex,ACT/USDT:USDT,0.04551,470.0,0.04515,1080.0,0.0469,520.0,0.04691,50.0
1753617648012,12:00:48.012,bitmex,ACT/USDT:USDT,0.04551,470.0,0.04515,1080.0,0.0469,520.0,0.04691,50.0
1753617649159,12:00:49.159,bitmex,ACT/USDT:USDT,0.04551,470.0,0.04515,1080.0,0.0469,520.0,0.04691,50.0
1753617649211,12:00:49.211,bitmex,ACT/USDT:USDT,0.04551,470.0,0.04515,1080.0,0.0469,520.0,0.04691,50.0
1753617651363,12:00:51.363,bitmex,ACT/USDT:USDT,0.04551,470.0,0.04515,1080.0,0.0469,520.0,0.04691,50.0
1753617651421,12:00:51.421,bitmex,ACT/USDT:USDT,0.04551,470.0,0.04515,1080.0,0.0469,520.0,0.04691,50.0
1753617652300,12:00:52.300,bitmex,ACT/USDT:USDT,0.04552,470.0,0.04515,1080.0,0.0469,520.0,0.04691,50.0
1753617652350,12:00:52.350,bitmex,ACT/USDT:USDT,0.04552,470.0,0.04515,1080.0,0.04691,550.0,0.04728,1140.0
1753617652399,12:00:52.399,bitmex,ACT/USDT:USDT,0.04552,470.0,0.04515,1080.0,0.04691,550.0,0.04728,1140.0
1753617652448,12:00:52.448,bitmex,ACT/USDT:USDT,0.04552,470.0,0.04515,1080.0,0.04691,500.0,0.04727,50.0
1753617653600,12:00:53.600,bitmex,ACT/USDT:USDT,0.04552,470.0,0.04515,1080.0,0.04691,500.0,0.04727,50.0
1753617653650,12:00:53.650,bitmex,ACT/USDT:USDT,0.04551,510.0,0.04515,1080.0,0.0469,510.0,0.04727,50.0
1753617653699,12:00:53.699,bitmex,ACT/USDT:USDT,0.04551,510.0,0.04515,1080.0,0.0469,510.0,0.04727,50.0
1753617654807,12:00:54.807,bitmex,ACT/USDT:USDT,0.04551,510.0,0.04515,1080.0,0.0469,510.0,0.04727,50.0
1753617654857,12:00:54.857,bitmex,ACT/USDT:USDT,0.04551,510.0,0.04515,1080.0,0.0469,510.0,0.04727,1200.0
1753617656136,12:00:56.136,bitmex,ACT/USDT:USDT,0.04551,510.0,0.04515,1080.0,0.0469,510.0,0.04727,1200.0
1753617656186,12:00:56.186,bitmex,ACT/USDT:USDT,0.04551,510.0,0.04515,1080.0,0.0469,510.0,0.04727,1200.0
1753617657357,12:00:57.357,bitmex,ACT/USDT:USDT,0.04551,510.0,0.04515,1080.0,0.0469,510.0,0.04727,1200.0
1753617657406,12:00:57.406,bitmex,ACT/USDT:USDT,0.04551,510.0,0.04515,1080.0,0.0469,510.0,0.04727,1200.0
1753617658612,12:00:58.612,bitmex,ACT/USDT:USDT,0.04551,510.0,0.04515,1180.0,0.0469,510.0,0.04727,1200.0
1753617658662,12:00:58.662,bitmex,ACT/USDT:USDT,0.04551,510.0,0.04515,1180.0,0.0469,510.0,0.04727,1200.0
1753617659857,12:00:59.857,bitmex,ACT/USDT:USDT,0.04551,510.0,0.04515,1180.0,0.0469,510.0,0.04727,1200.0
1753617659906,12:00:59.906,bitmex,ACT/USDT:USDT,0.04551,510.0,0.04515,1180.0,0.0469,820.0,0.04727,1200.0
1753617661199,12:01:01.199,bitmex,ACT/USDT:USDT,0.04551,510.0,0.04515,1180.0,0.0469,310.0,0.04691,500.0
1753617661248,12:01:01.248,bitmex,ACT/USDT:USDT,0.04552,510.0,0.04515,1180.0,0.0469,310.0,0.04691,500.0
1753617661297,12:01:01.297,bitmex,ACT/USDT:USDT,0.04552,510.0,0.04515,1180.0,0.0469,310.0,0.04691,500.0
1753617661436,12:01:01.436,bitmex,ACT/USDT:USDT,0.04552,510.0,0.04515,1180.0,0.0469,310.0,0.04691,550.0
1753617661486,12:01:01.486,bitmex,ACT/USDT:USDT,0.04552,510.0,0.04515,1180.0,0.0469,310.0,0.04691,550.0
1753617662558,12:01:02.558,bitmex,ACT/USDT:USDT,0.04552,510.0,0.04515,1180.0,0.0469,310.0,0.04691,530.0
1753617662607,12:01:02.607,bitmex,ACT/USDT:USDT,0.04553,510.0,0.04515,1180.0,0.0469,310.0,0.04691,530.0
1753617663737,12:01:03.737,bitmex,ACT/USDT:USDT,0.04553,510.0,0.04515,1180.0,0.0469,310.0,0.04691,530.0
1753617663787,12:01:03.787,bitmex,ACT/USDT:USDT,0.04553,510.0,0.04515,1180.0,0.0469,310.0,0.04691,530.0
1753617664966,12:01:04.966,bitmex,ACT/USDT:USDT,0.04552,480.0,0.04515,1180.0,0.0469,310.0,0.04691,530.0
1753617665016,12:01:05.016,bitmex,ACT/USDT:USDT,0.04552,480.0,0.04515,1180.0,0.0469,310.0,0.04691,520.0
1753617666338,12:01:06.338,bitmex,ACT/USDT:USDT,0.04552,480.0,0.04515,1180.0,0.0469,310.0,0.04691,520.0
1753617666387,12:01:06.387,bitmex,ACT/USDT:USDT,0.04552,480.0,0.04515,1180.0,0.0469,310.0,0.04691,520.0
1753617667713,12:01:07.713,bitmex,ACT/USDT:USDT,0.04552,480.0,0.04515,1180.0,0.0469,310.0,0.04691,520.0
1753617667763,12:01:07.763,bitmex,ACT/USDT:USDT,0.04552,480.0,0.04515,1180.0,0.0469,310.0,0.04691,520.0
1753617668826,12:01:08.826,bitmex,ACT/USDT:USDT,0.04552,480.0,0.04515,1180.0,0.0469,310.0,0.04691,520.0
1753617668876,12:01:08.876,bitmex,ACT/USDT:USDT,0.04552,480.0,0.04515,1180.0,0.0469,310.0,0.04691,520.0
1753617670027,12:01:10.027,bitmex,ACT/USDT:USDT,0.04552,480.0,0.04515,1180.0,0.0469,310.0,0.04691,520.0
1753617670076,12:01:10.076,bitmex,ACT/USDT:USDT,0.04552,480.0,0.04515,1180.0,0.0469,310.0,0.04691,520.0
1753617671339,12:01:11.339,bitmex,ACT/USDT:USDT,0.04552,480.0,0.04515,1180.0,0.0469,820.0,0.04691,50.0
1753617671388,12:01:11.388,bitmex,ACT/USDT:USDT,0.04551,490.0,0.04515,1180.0,0.0469,820.0,0.04691,50.0
1753617671437,12:01:11.437,bitmex,ACT/USDT:USDT,0.04551,490.0,0.04515,1180.0,0.0469,820.0,0.04691,50.0
1753617672626,12:01:12.626,bitmex,ACT/USDT:USDT,0.04552,480.0,0.04515,1180.0,0.0469,820.0,0.04691,50.0
1753617672676,12:01:12.676,bitmex,ACT/USDT:USDT,0.04552,480.0,0.04515,1180.0,0.0469,830.0,0.04691,50.0
1753617672725,12:01:12.725,bitmex,ACT/USDT:USDT,0.04552,480.0,0.04515,1180.0,0.0469,830.0,0.04691,50.0
1753617672725,12:01:12.725,bitmex,ACT/USDT:USDT,0.04552,480.0,0.04515,1180.0,0.0469,830.0,0.04691,50.0
1753617673858,12:01:13.858,bitmex,ACT/USDT:USDT,0.04552,480.0,0.04515,1180.0,0.0469,830.0,0.04691,50.0
1753617673907,12:01:13.907,bitmex,ACT/USDT:USDT,0.04552,480.0,0.04515,1180.0,0.0469,830.0,0.04691,50.0
1753617675846,12:01:15.846,bitmex,ACT/USDT:USDT,0.04552,480.0,0.04515,1140.0,0.0469,830.0,0.04691,50.0
1753617675895,12:01:15.895,bitmex,ACT/USDT:USDT,0.04552,480.0,0.04515,1140.0,0.0469,830.0,0.04691,50.0
1753617676752,12:01:16.752,bitmex,ACT/USDT:USDT,0.04552,480.0,0.04515,1140.0,0.0469,830.0,0.04691,50.0
1753617676802,12:01:16.802,bitmex,ACT/USDT:USDT,0.04552,480.0,0.04515,1140.0,0.0469,830.0,0.04691,50.0
1753617678018,12:01:18.018,bitmex,ACT/USDT:USDT,0.04552,480.0,0.04515,1140.0,0.0469,830.0,0.04691,50.0
1753617678068,12:01:18.068,bitmex,ACT/USDT:USDT,0.04552,480.0,0.04515,1140.0,0.0469,830.0,0.04691,50.0
1753617679428,12:01:19.428,bitmex,ACT/USDT:USDT,0.0455,480.0,0.04515,1140.0,0.0469,830.0,0.04691,50.0
1753617679477,12:01:19.477,bitmex,ACT/USDT:USDT,0.0455,480.0,0.04515,1140.0,0.04689,520.0,0.0469,310.0
1753617679606,12:01:19.606,bitmex,ACT/USDT:USDT,0.0455,480.0,0.04515,1140.0,0.04689,520.0,0.0469,360.0
1753617679656,12:01:19.656,bitmex,ACT/USDT:USDT,0.0455,480.0,0.04515,1140.0,0.04689,520.0,0.0469,50.0
1753617680723,12:01:20.723,bitmex,ACT/USDT:USDT,0.0455,480.0,0.04515,1140.0,0.04689,520.0,0.0469,50.0
1753617680786,12:01:20.786,bitmex,ACT/USDT:USDT,0.0455,480.0,0.04515,1140.0,0.04689,520.0,0.0469,50.0
1753617682028,12:01:22.028,bitmex,ACT/USDT:USDT,0.0455,480.0,0.04515,1140.0,0.04689,520.0,0.0469,50.0
1753617682077,12:01:22.077,bitmex,ACT/USDT:USDT,0.0455,480.0,0.04515,1140.0,0.04689,520.0,0.0469,50.0
1753617683098,12:01:23.098,bitmex,ACT/USDT:USDT,0.0455,480.0,0.04515,1140.0,0.04689,520.0,0.0469,50.0
1753617683098,12:01:23.098,bitmex,ACT/USDT:USDT,0.0455,480.0,0.04515,1140.0,0.04689,520.0,0.0469,50.0
1753617683147,12:01:23.147,bitmex,ACT/USDT:USDT,0.0455,480.0,0.04515,1140.0,0.04689,520.0,0.0469,50.0
1753617684719,12:01:24.719,bitmex,ACT/USDT:USDT,0.0455,480.0,0.04515,1140.0,0.04689,520.0,0.0469,50.0
1753617684772,12:01:24.772,bitmex,ACT/USDT:USDT,0.0455,480.0,0.04515,1140.0,0.04689,520.0,0.0469,50.0
1753617685897,12:01:25.897,bitmex,ACT/USDT:USDT,0.0455,480.0,0.04515,1140.0,0.04689,520.0,0.0469,50.0
1753617685946,12:01:25.946,bitmex,ACT/USDT:USDT,0.04515,1140.0,0.04478,1210.0,0.0469,50.0,0.04727,1130.0
1753617685946,12:01:25.946,bitmex,ACT/USDT:USDT,0.04551,500.0,0.04515,1140.0,0.0469,520.0,0.04727,1130.0
1753617687124,12:01:27.124,bitmex,ACT/USDT:USDT,0.04551,500.0,0.04515,1140.0,0.0469,520.0,0.04727,1130.0
1753617687174,12:01:27.174,bitmex,ACT/USDT:USDT,0.04551,500.0,0.04515,1140.0,0.0469,520.0,0.04727,1130.0
1753617687643,12:01:27.643,bitmex,ACT/USDT:USDT,0.04551,500.0,0.04515,1140.0,0.0469,520.0,0.04726,50.0
1753617687693,12:01:27.693,bitmex,ACT/USDT:USDT,0.04551,500.0,0.04515,1140.0,0.0469,470.0,0.04726,50.0
1753617688347,12:01:28.347,bitmex,ACT/USDT:USDT,0.04553,490.0,0.04515,1140.0,0.0469,470.0,0.04726,50.0
1753617688396,12:01:28.396,bitmex,ACT/USDT:USDT,0.04553,490.0,0.04515,1140.0,0.04692,520.0,0.04726,50.0
1753617689659,12:01:29.659,bitmex,ACT/USDT:USDT,0.04553,490.0,0.04515,1140.0,0.04692,520.0,0.04726,50.0
1753617689709,12:01:29.709,bitmex,ACT/USDT:USDT,0.04553,490.0,0.04515,1140.0,0.04692,520.0,0.04726,50.0
1753617690814,12:01:30.814,bitmex,ACT/USDT:USDT,0.04553,490.0,0.04515,1140.0,0.04692,520.0,0.04726,50.0
1753617690864,12:01:30.864,bitmex,ACT/USDT:USDT,0.04553,490.0,0.04515,1140.0,0.04692,520.0,0.04726,50.0
1753617692319,12:01:32.319,bitmex,ACT/USDT:USDT,0.04555,500.0,0.04519,1110.0,0.04694,510.0,0.04726,50.0
1753617692368,12:01:32.368,bitmex,ACT/USDT:USDT,0.04555,500.0,0.04519,1110.0,0.04694,510.0,0.04726,50.0
1753617693614,12:01:33.614,bitmex,ACT/USDT:USDT,0.04557,510.0,0.04519,1110.0,0.04694,510.0,0.04726,50.0
1753617693664,12:01:33.664,bitmex,ACT/USDT:USDT,0.04557,510.0,0.04519,1110.0,0.04696,480.0,0.04726,50.0
1753617693821,12:01:33.821,bitmex,ACT/USDT:USDT,0.04557,510.0,0.04519,1110.0,0.04696,480.0,0.04726,50.0
1753617694828,12:01:34.828,bitmex,ACT/USDT:USDT,0.04557,510.0,0.04519,1110.0,0.04697,490.0,0.04726,50.0
1753617694878,12:01:34.878,bitmex,ACT/USDT:USDT,0.04558,500.0,0.04519,1110.0,0.04697,490.0,0.04726,50.0
1753617694927,12:01:34.927,bitmex,ACT/USDT:USDT,0.04558,500.0,0.04519,1110.0,0.04697,490.0,0.04726,50.0
1753617696142,12:01:36.142,bitmex,ACT/USDT:USDT,0.04557,480.0,0.04519,1110.0,0.04697,490.0,0.04726,50.0
1753617696191,12:01:36.191,bitmex,ACT/USDT:USDT,0.04557,480.0,0.04519,1110.0,0.04696,480.0,0.04726,50.0
1753617696240,12:01:36.240,bitmex,ACT/USDT:USDT,0.04557,480.0,0.04519,1110.0,0.04696,480.0,0.04726,50.0
1753617697430,12:01:37.430,bitmex,ACT/USDT:USDT,0.04557,480.0,0.04519,1110.0,0.04696,480.0,0.04726,50.0
1753617697480,12:01:37.480,bitmex,ACT/USDT:USDT,0.04557,480.0,0.04519,1110.0,0.04696,480.0,0.04726,50.0
1753617698768,12:01:38.768,bitmex,ACT/USDT:USDT,0.04557,480.0,0.04519,1110.0,0.04696,480.0,0.04726,50.0
1753617698817,12:01:38.817,bitmex,ACT/USDT:USDT,0.04554,490.0,0.04519,1110.0,0.04693,510.0,0.04726,50.0
1753617700369,12:01:40.369,bitmex,ACT/USDT:USDT,0.04557,500.0,0.04519,1110.0,0.04693,510.0,0.04726,50.0
1753617700419,12:01:40.419,bitmex,ACT/USDT:USDT,0.04557,500.0,0.04519,1110.0,0.04696,480.0,0.04726,50.0
1753617701167,12:01:41.167,bitmex,ACT/USDT:USDT,0.04556,510.0,0.04519,1110.0,0.04696,480.0,0.04726,50.0
1753617701229,12:01:41.229,bitmex,ACT/USDT:USDT,0.04556,510.0,0.04519,1110.0,0.04696,480.0,0.04726,50.0
1753617701283,12:01:41.283,bitmex,ACT/USDT:USDT,0.04556,510.0,0.04519,1110.0,0.04696,510.0,0.04726,50.0
1753617702347,12:01:42.347,bitmex,ACT/USDT:USDT,0.04556,510.0,0.04519,1110.0,0.04696,510.0,0.04726,50.0
1753617702396,12:01:42.396,bitmex,ACT/USDT:USDT,0.04556,510.0,0.04519,1110.0,0.04696,510.0,0.04726,50.0
1753617703427,12:01:43.427,bitmex,ACT/USDT:USDT,0.04556,510.0,0.04519,1110.0,0.04696,500.0,0.04726,50.0
1753617703476,12:01:43.476,bitmex,ACT/USDT:USDT,0.04557,510.0,0.04519,1110.0,0.04696,500.0,0.04726,50.0
