timestamp,time,exchange,symbol,bid1_price,bid1_volume,bid2_price,bid2_volume,ask1_price,ask1_volume,ask2_price,ask2_volume
1753617154589,11:52:34.589,blofin,A/USDT:USDT,0.57664,438.0,0.57658,91.0,0.57666,1070.0,0.57667,5.0
1753617155589,11:52:35.589,blofin,A/USDT:USDT,0.57664,438.0,0.5766,162.0,0.57666,1070.0,0.57667,5.0
1753617157092,11:52:37.092,blofin,A/USDT:USDT,0.57664,437.0,0.57658,78.0,0.57666,1069.0,0.57667,5.0
1753617158092,11:52:38.092,blofin,A/USDT:USDT,0.57664,819.0,0.57662,299.0,0.57666,1.0,0.57667,1076.0
1753617159094,11:52:39.094,blofin,A/USDT:USDT,0.57664,819.0,0.57661,139.0,0.57666,1072.0,0.57667,5.0
1753617162103,11:52:42.103,blofin,A/USDT:USDT,0.57664,646.0,0.57658,101.0,0.57666,1073.0,0.57667,5.0
1753617163097,11:52:43.097,blofin,A/USDT:USDT,0.57664,646.0,0.57658,279.0,0.57666,1072.0,0.57667,5.0
1753617164100,11:52:44.100,blofin,A/USDT:USDT,0.57664,646.0,0.57658,302.0,0.57666,1072.0,0.57667,5.0
1753617165103,11:52:45.103,blofin,A/USDT:USDT,0.57664,644.0,0.57661,223.0,0.57666,928.0,0.57667,5.0
1753617166105,11:52:46.105,blofin,A/USDT:USDT,0.57664,643.0,0.5766,307.0,0.57666,928.0,0.57667,5.0
1753617167105,11:52:47.105,blofin,A/USDT:USDT,0.57664,646.0,0.57662,69.0,0.57666,928.0,0.57667,273.0
1753617168106,11:52:48.106,blofin,A/USDT:USDT,0.57664,661.0,0.57663,403.0,0.57667,935.0,0.57669,528.0
1753617169109,11:52:49.109,blofin,A/USDT:USDT,0.57664,660.0,0.57661,294.0,0.57666,927.0,0.57667,8.0
1753617170609,11:52:50.609,blofin,A/USDT:USDT,0.57664,660.0,0.57662,349.0,0.57666,927.0,0.57667,156.0
1753617171612,11:52:51.612,blofin,A/USDT:USDT,0.57665,654.0,0.57664,4.0,0.57667,5.0,0.57672,13.0
1753617172732,11:52:52.732,blofin,A/USDT:USDT,0.57666,194.0,0.57665,237.0,0.57667,5.0,0.57672,13.0
1753617173601,11:52:53.601,blofin,A/USDT:USDT,0.57667,5.0,0.57666,194.0,0.57672,13.0,0.57673,593.0
1753617174619,11:52:54.619,blofin,A/USDT:USDT,0.57666,143.0,0.57664,3.0,0.57672,13.0,0.57673,593.0
1753617175635,11:52:55.635,blofin,A/USDT:USDT,0.57666,145.0,0.57661,132.0,0.57672,13.0,0.57673,598.0
1753617176622,11:52:56.622,blofin,A/USDT:USDT,0.57666,6.0,0.57665,139.0,0.57672,18.0,0.57673,8.0
1753617178729,11:52:58.729,blofin,A/USDT:USDT,0.57666,2.0,0.57665,211.0,0.57672,3.0,0.57673,618.0
1753617179625,11:52:59.625,blofin,A/USDT:USDT,0.57666,2.0,0.57665,212.0,0.57672,3.0,0.57673,542.0
1753617180625,11:53:00.625,blofin,A/USDT:USDT,0.57666,2.0,0.57665,212.0,0.57672,542.0,0.57673,5.0
1753617181627,11:53:01.627,blofin,A/USDT:USDT,0.57666,2.0,0.57665,212.0,0.57672,663.0,0.57673,5.0
1753617182774,11:53:02.774,blofin,A/USDT:USDT,0.57666,11.0,0.57665,519.0,0.57669,617.0,0.57672,1320.0
1753617184133,11:53:04.133,blofin,A/USDT:USDT,0.57683,238.0,0.57679,292.0,0.57684,83.0,0.57685,12.0
1753617185136,11:53:05.136,blofin,A/USDT:USDT,0.57683,193.0,0.57682,487.0,0.57684,83.0,0.57685,12.0
1753617186137,11:53:06.137,blofin,A/USDT:USDT,0.57687,139.0,0.57683,1.0,0.5769,63.0,0.57693,61.0
1753617187139,11:53:07.139,blofin,A/USDT:USDT,0.57687,143.0,0.57681,514.0,0.5769,61.0,0.57693,61.0
1753617188145,11:53:08.145,blofin,A/USDT:USDT,0.57687,141.0,0.57684,357.0,0.5769,61.0,0.57692,126.0
1753617189142,11:53:09.142,blofin,A/USDT:USDT,0.57687,144.0,0.57683,93.0,0.5769,61.0,0.57693,700.0
1753617190142,11:53:10.142,blofin,A/USDT:USDT,0.57687,144.0,0.57684,145.0,0.5769,64.0,0.57692,323.0
1753617191146,11:53:11.146,blofin,A/USDT:USDT,0.57687,140.0,0.57683,72.0,0.5769,62.0,0.57693,61.0
1753617192145,11:53:12.145,blofin,A/USDT:USDT,0.57687,140.0,0.57684,377.0,0.5769,62.0,0.57692,176.0
1753617193148,11:53:13.148,blofin,A/USDT:USDT,0.57687,141.0,0.57684,185.0,0.5769,62.0,0.57693,213.0
1753617194148,11:53:14.148,blofin,A/USDT:USDT,0.57687,140.0,0.57682,551.0,0.5769,62.0,0.57693,61.0
1753617195152,11:53:15.152,blofin,A/USDT:USDT,0.57687,140.0,0.57686,6.0,0.5769,63.0,0.57691,744.0
1753617196150,11:53:16.150,blofin,A/USDT:USDT,0.57687,144.0,0.57682,434.0,0.5769,60.0,0.57693,61.0
1753617197153,11:53:17.153,blofin,A/USDT:USDT,0.57687,154.0,0.57686,60.0,0.5769,62.0,0.57693,61.0
1753617198153,11:53:18.153,blofin,A/USDT:USDT,0.57688,163.0,0.57686,395.0,0.5769,50.0,0.57691,10.0
1753617199249,11:53:19.249,blofin,A/USDT:USDT,0.57688,192.0,0.57685,61.0,0.5769,50.0,0.57693,61.0
1753617200160,11:53:20.160,blofin,A/USDT:USDT,0.57696,83.0,0.57694,535.0,0.57697,92.0,0.57699,10.0
1753617201128,11:53:21.128,blofin,A/USDT:USDT,0.57696,81.0,0.57691,43.0,0.57697,57.0,0.57699,1.0
1753617202159,11:53:22.159,blofin,A/USDT:USDT,0.57696,82.0,0.57692,325.0,0.57697,57.0,0.57702,101.0
1753617203161,11:53:23.161,blofin,A/USDT:USDT,0.57691,43.0,0.5769,115.0,0.57694,10.0,0.57697,57.0
1753617204555,11:53:24.555,blofin,A/USDT:USDT,0.57691,43.0,0.5769,115.0,0.57697,57.0,0.57702,187.0
1753617205273,11:53:25.273,blofin,A/USDT:USDT,0.5769,115.0,0.57689,74.0,0.57695,5.0,0.57697,57.0
1753617206649,11:53:26.649,blofin,A/USDT:USDT,0.57694,194.0,0.57689,9.0,0.57702,18.0,0.57707,3077.0
1753617207166,11:53:27.166,blofin,A/USDT:USDT,0.57694,194.0,0.57689,9.0,0.57702,18.0,0.57707,3077.0
1753617208168,11:53:28.168,blofin,A/USDT:USDT,0.57694,194.0,0.57689,9.0,0.57702,17.0,0.57707,3608.0
1753617209180,11:53:29.180,blofin,A/USDT:USDT,0.57694,371.0,0.57693,217.0,0.57702,7.0,0.57703,10.0
1753617210167,11:53:30.167,blofin,A/USDT:USDT,0.57695,194.0,0.57694,116.0,0.57699,10.0,0.57702,7.0
1753617211713,11:53:31.713,blofin,A/USDT:USDT,0.577,194.0,0.57698,534.0,0.57702,5.0,0.57708,10.0
1753617212661,11:53:32.661,blofin,A/USDT:USDT,0.57703,197.0,0.57699,166.0,0.57709,334.0,0.57712,94.0
1753617213661,11:53:33.661,blofin,A/USDT:USDT,0.57704,331.0,0.57703,3.0,0.57709,334.0,0.57712,94.0
1753617214675,11:53:34.675,blofin,A/USDT:USDT,0.57709,11.0,0.57705,159.0,0.57712,94.0,0.57713,338.0
1753617215671,11:53:35.671,blofin,A/USDT:USDT,0.57709,15.0,0.57705,159.0,0.57713,338.0,0.57716,5315.0
1753617216671,11:53:36.671,blofin,A/USDT:USDT,0.5771,193.0,0.57708,427.0,0.57713,338.0,0.57716,4.0
1753617217680,11:53:37.680,blofin,A/USDT:USDT,0.5771,194.0,0.57709,463.0,0.57713,338.0,0.57716,4.0
1753617218672,11:53:38.672,blofin,A/USDT:USDT,0.57718,192.0,0.57712,521.0,0.57723,305.0,0.57726,47.0
1753617219673,11:53:39.673,blofin,A/USDT:USDT,0.57719,331.0,0.57716,1028.0,0.57723,305.0,0.57726,50.0
1753617220675,11:53:40.675,blofin,A/USDT:USDT,0.57722,193.0,0.57716,972.0,0.57723,305.0,0.57726,24.0
1753617221675,11:53:41.675,blofin,A/USDT:USDT,0.57722,979.0,0.5772,269.0,0.57723,305.0,0.57726,23.0
1753617222680,11:53:42.680,blofin,A/USDT:USDT,0.57722,979.0,0.57717,312.0,0.57723,305.0,0.57726,21.0
1753617223679,11:53:43.679,blofin,A/USDT:USDT,0.57722,979.0,0.57718,140.0,0.57723,305.0,0.57726,21.0
1753617224678,11:53:44.678,blofin,A/USDT:USDT,0.57723,14.0,0.57722,1.0,0.57726,19.0,0.57727,1.0
1753617225691,11:53:45.691,blofin,A/USDT:USDT,0.57723,18.0,0.57717,845.0,0.57726,21.0,0.57728,27.0
1753617227053,11:53:47.053,blofin,A/USDT:USDT,0.57723,33.0,0.5772,90.0,0.57726,2.0,0.57728,27.0
1753617227678,11:53:47.678,blofin,A/USDT:USDT,0.57726,311.0,0.57723,2.0,0.57732,39.0,0.57733,247.0
1753617229115,11:53:49.115,blofin,A/USDT:USDT,0.57727,311.0,0.57724,346.0,0.57732,13.0,0.57733,247.0
1753617229682,11:53:49.682,blofin,A/USDT:USDT,0.57727,192.0,0.57726,995.0,0.57732,13.0,0.57733,247.0
1753617230682,11:53:50.682,blofin,A/USDT:USDT,0.57727,191.0,0.57726,995.0,0.57732,15.0,0.57733,247.0
1753617231683,11:53:51.683,blofin,A/USDT:USDT,0.57727,2.0,0.57726,311.0,0.57732,15.0,0.57733,247.0
1753617233219,11:53:53.219,blofin,A/USDT:USDT,0.57726,314.0,0.57721,162.0,0.57732,15.0,0.57733,247.0
1753617234222,11:53:54.222,blofin,A/USDT:USDT,0.57726,142.0,0.57724,592.0,0.57732,11.0,0.57733,247.0
1753617235223,11:53:55.223,blofin,A/USDT:USDT,0.57726,144.0,0.5772,603.0,0.57732,9.0,0.57733,247.0
1753617236226,11:53:56.226,blofin,A/USDT:USDT,0.57739,143.0,0.57735,317.0,0.57741,178.0,0.57743,210.0
1753617237227,11:53:57.227,blofin,A/USDT:USDT,0.57739,2077.0,0.57734,248.0,0.57741,629.0,0.57743,210.0
1753617238248,11:53:58.248,blofin,A/USDT:USDT,0.57739,2086.0,0.57736,60.0,0.57741,629.0,0.57743,379.0
1753617239247,11:53:59.247,blofin,A/USDT:USDT,0.57739,2086.0,0.57738,226.0,0.57741,170.0,0.57742,463.0
1753617240249,11:54:00.249,blofin,A/USDT:USDT,0.57739,2090.0,0.57735,658.0,0.57741,629.0,0.57742,4.0
1753617241250,11:54:01.250,blofin,A/USDT:USDT,0.57739,2087.0,0.57733,148.0,0.57741,631.0,0.57743,180.0
1753617242502,11:54:02.502,blofin,A/USDT:USDT,0.57727,29.0,0.57726,62.0,0.57733,78.0,0.57736,1303.0
1753617243755,11:54:03.755,blofin,A/USDT:USDT,0.57726,62.0,0.57725,10.0,0.57733,234.0,0.57734,1146.0
1753617244754,11:54:04.754,blofin,A/USDT:USDT,0.57726,62.0,0.57725,10.0,0.57733,239.0,0.57737,639.0
1753617246021,11:54:06.021,blofin,A/USDT:USDT,0.57726,4.0,0.57725,14.0,0.57732,234.0,0.57733,2.0
1753617246760,11:54:06.760,blofin,A/USDT:USDT,0.57726,145.0,0.57724,328.0,0.57733,2.0,0.57737,190.0
1753617248916,11:54:08.916,blofin,A/USDT:USDT,0.57726,145.0,0.57723,69.0,0.57728,2.0,0.57732,190.0
1753617250265,11:54:10.265,blofin,A/USDT:USDT,0.57726,18.0,0.57723,407.0,0.57733,191.0,0.57736,43.0
1753617251266,11:54:11.266,blofin,A/USDT:USDT,0.57726,19.0,0.57722,116.0,0.57733,192.0,0.57736,690.0
1753617252269,11:54:12.269,blofin,A/USDT:USDT,0.57726,19.0,0.57721,342.0,0.57733,192.0,0.57737,1084.0
1753617253271,11:54:13.271,blofin,A/USDT:USDT,0.57726,19.0,0.57721,23.0,0.57733,192.0,0.57738,1456.0
1753617254271,11:54:14.271,blofin,A/USDT:USDT,0.57728,15.0,0.57726,342.0,0.57733,216.0,0.57735,178.0
1753617255272,11:54:15.272,blofin,A/USDT:USDT,0.57728,12.0,0.57726,4.0,0.57733,192.0,0.57737,1437.0
1753617256276,11:54:16.276,blofin,A/USDT:USDT,0.57728,15.0,0.57727,268.0,0.57731,3.0,0.57733,190.0
1753617257277,11:54:17.277,blofin,A/USDT:USDT,0.57728,15.0,0.57726,4.0,0.5773,95.0,0.57734,489.0
1753617258259,11:54:18.259,blofin,A/USDT:USDT,0.5773,10.0,0.57728,5.0,0.57733,190.0,0.57736,877.0
1753617259280,11:54:19.280,blofin,A/USDT:USDT,0.5773,15.0,0.57728,490.0,0.57732,216.0,0.57733,1289.0
1753617259781,11:54:19.781,blofin,A/USDT:USDT,0.5773,15.0,0.57727,198.0,0.57732,33.0,0.57734,1048.0
1753617260783,11:54:20.783,blofin,A/USDT:USDT,0.5773,15.0,0.57728,68.0,0.57732,34.0,0.57734,1669.0
1753617261784,11:54:21.784,blofin,A/USDT:USDT,0.5773,17.0,0.57726,4.0,0.57732,34.0,0.57736,1247.0
1753617262786,11:54:22.786,blofin,A/USDT:USDT,0.5773,19.0,0.57726,486.0,0.57732,34.0,0.57735,1280.0
1753617263789,11:54:23.789,blofin,A/USDT:USDT,0.5773,19.0,0.57726,4.0,0.57732,35.0,0.57737,94.0
1753617264790,11:54:24.790,blofin,A/USDT:USDT,0.5773,15.0,0.57729,109.0,0.57733,34.0,0.57738,743.0
1753617265790,11:54:25.790,blofin,A/USDT:USDT,0.57725,983.0,0.57721,514.0,0.57732,227.0,0.57735,786.0
1753617266791,11:54:26.791,blofin,A/USDT:USDT,0.57725,983.0,0.5772,199.0,0.57732,230.0,0.57736,1761.0
1753617268794,11:54:28.794,blofin,A/USDT:USDT,0.57725,983.0,0.57721,35.0,0.57732,230.0,0.57736,1376.0
1753617269793,11:54:29.793,blofin,A/USDT:USDT,0.57725,982.0,0.5772,414.0,0.57732,230.0,0.57737,86.0
1753617270794,11:54:30.794,blofin,A/USDT:USDT,0.57725,983.0,0.57723,375.0,0.57731,410.0,0.57732,5.0
1753617272798,11:54:32.798,blofin,A/USDT:USDT,0.57725,983.0,0.5772,208.0,0.57731,409.0,0.57732,5.0
1753617273800,11:54:33.800,blofin,A/USDT:USDT,0.57725,984.0,0.5772,36.0,0.57731,409.0,0.57732,5.0
1753617274803,11:54:34.803,blofin,A/USDT:USDT,0.57725,985.0,0.57723,477.0,0.57731,3.0,0.57732,411.0
1753617275723,11:54:35.723,blofin,A/USDT:USDT,0.57725,984.0,0.57723,477.0,0.57732,416.0,0.57736,130.0
1753617276806,11:54:36.806,blofin,A/USDT:USDT,0.57725,996.0,0.57719,127.0,0.5773,407.0,0.57732,5.0
1753617277805,11:54:37.805,blofin,A/USDT:USDT,0.57725,995.0,0.5772,215.0,0.5773,407.0,0.57732,5.0
1753617278878,11:54:38.878,blofin,A/USDT:USDT,0.57725,995.0,0.57722,260.0,0.57729,406.0,0.5773,1.0
1753617279809,11:54:39.809,blofin,A/USDT:USDT,0.57719,33.0,0.57716,27.0,0.57721,96.0,0.57726,328.0
1753617280812,11:54:40.812,blofin,A/USDT:USDT,0.57714,220.0,0.57713,404.0,0.57715,99.0,0.57718,603.0
1753617281815,11:54:41.815,blofin,A/USDT:USDT,0.57714,220.0,0.57713,383.0,0.57715,177.0,0.57719,1004.0
1753617282813,11:54:42.813,blofin,A/USDT:USDT,0.57714,220.0,0.57713,386.0,0.57715,387.0,0.57719,422.0
1753617283814,11:54:43.814,blofin,A/USDT:USDT,0.57714,220.0,0.57713,385.0,0.57715,2.0,0.57716,386.0
1753617284817,11:54:44.817,blofin,A/USDT:USDT,0.57714,220.0,0.57713,385.0,0.57715,174.0,0.57718,76.0
1753617285817,11:54:45.817,blofin,A/USDT:USDT,0.57715,44.0,0.57714,405.0,0.57727,196.0,0.57728,268.0
1753617286818,11:54:46.818,blofin,A/USDT:USDT,0.57715,1.0,0.57714,359.0,0.57726,286.0,0.57729,373.0
1753617287820,11:54:47.820,blofin,A/USDT:USDT,0.57715,1.0,0.57714,359.0,0.57727,426.0,0.5773,164.0
1753617288824,11:54:48.824,blofin,A/USDT:USDT,0.57714,364.0,0.57713,372.0,0.57726,424.0,0.57727,2.0
1753617289823,11:54:49.823,blofin,A/USDT:USDT,0.57714,361.0,0.57713,372.0,0.57726,424.0,0.57727,2.0
1753617290825,11:54:50.825,blofin,A/USDT:USDT,0.57716,141.0,0.57714,220.0,0.57726,144.0,0.57728,579.0
1753617291826,11:54:51.826,blofin,A/USDT:USDT,0.57716,141.0,0.57714,220.0,0.57726,143.0,0.57731,765.0
1753617292829,11:54:52.829,blofin,A/USDT:USDT,0.57716,141.0,0.57714,220.0,0.57726,145.0,0.57728,595.0
1753617293830,11:54:53.830,blofin,A/USDT:USDT,0.5772,15.0,0.57716,80.0,0.57726,145.0,0.57729,101.0
1753617295305,11:54:55.305,blofin,A/USDT:USDT,0.5772,15.0,0.57716,2.0,0.57725,140.0,0.57726,4.0
1753617296333,11:54:56.333,blofin,A/USDT:USDT,0.5772,23.0,0.57715,157.0,0.57722,361.0,0.57726,511.0
1753617297335,11:54:57.335,blofin,A/USDT:USDT,0.5772,21.0,0.57714,190.0,0.57722,149.0,0.57727,518.0
1753617298339,11:54:58.339,blofin,A/USDT:USDT,0.5772,22.0,0.57714,187.0,0.57722,149.0,0.57727,252.0
1753617299339,11:54:59.339,blofin,A/USDT:USDT,0.5772,20.0,0.57715,249.0,0.57722,149.0,0.57726,409.0
1753617300341,11:55:00.341,blofin,A/USDT:USDT,0.5772,19.0,0.57718,244.0,0.57722,149.0,0.57723,719.0
1753617301342,11:55:01.342,blofin,A/USDT:USDT,0.5772,50.0,0.57718,40.0,0.57722,150.0,0.57723,163.0
1753617302737,11:55:02.737,blofin,A/USDT:USDT,0.5772,50.0,0.57716,92.0,0.57722,150.0,0.57725,155.0
1753617303744,11:55:03.744,blofin,A/USDT:USDT,0.5772,49.0,0.57719,136.0,0.57722,9.0,0.57723,354.0
1753617304739,11:55:04.739,blofin,A/USDT:USDT,0.5772,49.0,0.57718,98.0,0.57722,145.0,0.57723,2.0
1753617305741,11:55:05.741,blofin,A/USDT:USDT,0.5772,49.0,0.57718,93.0,0.57722,148.0,0.57724,242.0
1753617306741,11:55:06.741,blofin,A/USDT:USDT,0.5772,51.0,0.57716,19.0,0.57722,148.0,0.57727,81.0
1753617307851,11:55:07.851,blofin,A/USDT:USDT,0.5772,51.0,0.57716,19.0,0.57722,374.0,0.57727,189.0
1753617308742,11:55:08.742,blofin,A/USDT:USDT,0.5772,52.0,0.57716,19.0,0.57722,374.0,0.57726,1399.0
1753617309853,11:55:09.853,blofin,A/USDT:USDT,0.5772,52.0,0.57717,236.0,0.57722,370.0,0.57725,128.0
1753617310854,11:55:10.854,blofin,A/USDT:USDT,0.5772,50.0,0.57717,125.0,0.57722,157.0,0.57724,464.0
1753617311856,11:55:11.856,blofin,A/USDT:USDT,0.5772,53.0,0.57716,95.0,0.57722,157.0,0.57725,634.0
1753617312747,11:55:12.747,blofin,A/USDT:USDT,0.5772,53.0,0.57716,55.0,0.57722,371.0,0.57725,1395.0
1753617313745,11:55:13.745,blofin,A/USDT:USDT,0.5772,53.0,0.57717,35.0,0.57722,371.0,0.57724,706.0
1753617314745,11:55:14.745,blofin,A/USDT:USDT,0.5772,56.0,0.57718,82.0,0.57722,7.0,0.57723,409.0
1753617315752,11:55:15.752,blofin,A/USDT:USDT,0.57707,14.0,0.57705,20.0,0.57709,840.0,0.57713,54.0
1753617316750,11:55:16.750,blofin,A/USDT:USDT,0.57707,21.0,0.57705,344.0,0.57709,5.0,0.5771,214.0
1753617317750,11:55:17.750,blofin,A/USDT:USDT,0.57707,21.0,0.57705,20.0,0.57709,227.0,0.5771,4.0
1753617318750,11:55:18.750,blofin,A/USDT:USDT,0.57707,22.0,0.57705,251.0,0.57709,227.0,0.5771,335.0
1753617319751,11:55:19.751,blofin,A/USDT:USDT,0.57707,22.0,0.57705,289.0,0.57709,228.0,0.5771,1166.0
1753617320751,11:55:20.751,blofin,A/USDT:USDT,0.57683,20.0,0.57681,549.0,0.57686,95.0,0.57688,17.0
1753617321868,11:55:21.868,blofin,A/USDT:USDT,0.57672,138.0,0.57671,24.0,0.57681,188.0,0.57682,1586.0
1753617322870,11:55:22.870,blofin,A/USDT:USDT,0.57672,138.0,0.57671,21.0,0.57681,193.0,0.57685,1199.0
1753617323872,11:55:23.872,blofin,A/USDT:USDT,0.57672,182.0,0.5767,119.0,0.57682,142.0,0.57683,1104.0
1753617324883,11:55:24.883,blofin,A/USDT:USDT,0.57674,188.0,0.57672,139.0,0.57683,79.0,0.57686,206.0
1753617325876,11:55:25.876,blofin,A/USDT:USDT,0.57673,146.0,0.57668,153.0,0.57678,102.0,0.57682,321.0
1753617326876,11:55:26.876,blofin,A/USDT:USDT,0.57673,145.0,0.57669,296.0,0.57678,102.0,0.57681,672.0
1753617327878,11:55:27.878,blofin,A/USDT:USDT,0.57673,142.0,0.57672,8.0,0.57678,6.0,0.57679,94.0
1753617328882,11:55:28.882,blofin,A/USDT:USDT,0.57673,144.0,0.57667,98.0,0.57678,98.0,0.57679,1.0
1753617330092,11:55:30.092,blofin,A/USDT:USDT,0.57671,139.0,0.57667,492.0,0.57673,94.0,0.57676,1215.0
1753617330882,11:55:30.882,blofin,A/USDT:USDT,0.57671,20.0,0.57665,77.0,0.57673,325.0,0.57678,119.0
1753617331884,11:55:31.884,blofin,A/USDT:USDT,0.57671,21.0,0.57668,112.0,0.57673,325.0,0.57675,1570.0
1753617332891,11:55:32.891,blofin,A/USDT:USDT,0.57671,21.0,0.57668,65.0,0.57673,114.0,0.57675,178.0
1753617333886,11:55:33.886,blofin,A/USDT:USDT,0.57671,24.0,0.57668,200.0,0.57673,140.0,0.57675,399.0
1753617334888,11:55:34.888,blofin,A/USDT:USDT,0.57671,24.0,0.57668,315.0,0.57673,140.0,0.57675,566.0
1753617335890,11:55:35.890,blofin,A/USDT:USDT,0.57671,21.0,0.57669,301.0,0.57673,139.0,0.57675,775.0
1753617336891,11:55:36.891,blofin,A/USDT:USDT,0.57671,21.0,0.57668,36.0,0.57673,142.0,0.57675,1708.0
1753617337893,11:55:37.893,blofin,A/USDT:USDT,0.57671,21.0,0.57668,344.0,0.57673,140.0,0.57675,736.0
1753617338894,11:55:38.894,blofin,A/USDT:USDT,0.57671,21.0,0.57666,314.0,0.57673,140.0,0.57677,1264.0
1753617339898,11:55:39.898,blofin,A/USDT:USDT,0.57671,21.0,0.5767,323.0,0.57674,142.0,0.57678,4.0
1753617340898,11:55:40.898,blofin,A/USDT:USDT,0.57671,22.0,0.57668,297.0,0.57673,138.0,0.57674,3.0
1753617341897,11:55:41.897,blofin,A/USDT:USDT,0.57671,3.0,0.57665,19.0,0.57672,140.0,0.57675,529.0
1753617343400,11:55:43.400,blofin,A/USDT:USDT,0.57659,45.0,0.57658,80.0,0.57661,94.0,0.57665,287.0
1753617344401,11:55:44.401,blofin,A/USDT:USDT,0.57659,85.0,0.57658,80.0,0.57663,143.0,0.57665,776.0
1753617345402,11:55:45.402,blofin,A/USDT:USDT,0.57659,85.0,0.57658,80.0,0.57661,94.0,0.57663,4.0
1753617346404,11:55:46.404,blofin,A/USDT:USDT,0.57659,22.0,0.57657,174.0,0.57661,99.0,0.57666,274.0
1753617347576,11:55:47.576,blofin,A/USDT:USDT,0.57664,188.0,0.57662,294.0,0.57668,31.0,0.57671,36.0
1753617348774,11:55:48.774,blofin,A/USDT:USDT,0.57664,192.0,0.57658,437.0,0.57668,31.0,0.57671,36.0
1753617349780,11:55:49.780,blofin,A/USDT:USDT,0.57664,190.0,0.57663,91.0,0.57668,31.0,0.57671,36.0
1753617350775,11:55:50.775,blofin,A/USDT:USDT,0.57664,189.0,0.57663,91.0,0.57673,48.0,0.57678,273.0
1753617351776,11:55:51.776,blofin,A/USDT:USDT,0.57664,189.0,0.57661,29.0,0.57672,48.0,0.57674,693.0
1753617352776,11:55:52.776,blofin,A/USDT:USDT,0.57664,191.0,0.57663,277.0,0.57672,3.0,0.57673,45.0
1753617354778,11:55:54.778,blofin,A/USDT:USDT,0.57667,29.0,0.57665,139.0,0.57672,46.0,0.57673,299.0
1753617355479,11:55:55.479,blofin,A/USDT:USDT,0.57667,29.0,0.57664,5.0,0.5767,45.0,0.57672,5.0
1753617356787,11:55:56.787,blofin,A/USDT:USDT,0.57667,39.0,0.57661,155.0,0.57669,94.0,0.5767,8.0
1753617357921,11:55:57.921,blofin,A/USDT:USDT,0.57667,37.0,0.57666,100.0,0.57669,99.0,0.5767,4.0
1753617358923,11:55:58.923,blofin,A/USDT:USDT,0.57667,36.0,0.57664,94.0,0.57669,108.0,0.5767,4.0
1753617359925,11:55:59.925,blofin,A/USDT:USDT,0.57665,10.0,0.5766,179.0,0.57667,94.0,0.57669,1.0
1753617360926,11:56:00.926,blofin,A/USDT:USDT,0.57665,13.0,0.5766,484.0,0.57667,96.0,0.5767,4.0
1753617362427,11:56:02.427,blofin,A/USDT:USDT,0.57667,43.0,0.57666,5.0,0.57669,18.0,0.5767,4.0
1753617363432,11:56:03.432,blofin,A/USDT:USDT,0.57667,144.0,0.57661,62.0,0.57669,19.0,0.5767,4.0
1753617364784,11:56:04.784,blofin,A/USDT:USDT,0.57667,143.0,0.57662,349.0,0.57669,19.0,0.5767,4.0
1753617365854,11:56:05.854,blofin,A/USDT:USDT,0.57666,44.0,0.57661,28.0,0.57668,14.0,0.57669,3.0
1753617366934,11:56:06.934,blofin,A/USDT:USDT,0.57666,47.0,0.57661,177.0,0.57669,19.0,0.5767,4.0
1753617367936,11:56:07.936,blofin,A/USDT:USDT,0.57666,67.0,0.5766,437.0,0.57668,452.0,0.5767,4.0
1753617368940,11:56:08.940,blofin,A/USDT:USDT,0.57666,65.0,0.57665,264.0,0.57668,238.0,0.5767,4.0
1753617369940,11:56:09.940,blofin,A/USDT:USDT,0.57666,64.0,0.5766,378.0,0.57669,16.0,0.5767,4.0
1753617370943,11:56:10.943,blofin,A/USDT:USDT,0.57666,63.0,0.57662,273.0,0.57669,30.0,0.5767,4.0
1753617371943,11:56:11.943,blofin,A/USDT:USDT,0.57666,65.0,0.57662,162.0,0.57669,33.0,0.5767,4.0
1753617372945,11:56:12.945,blofin,A/USDT:USDT,0.57666,65.0,0.57661,260.0,0.57669,33.0,0.5767,4.0
1753617373948,11:56:13.948,blofin,A/USDT:USDT,0.57666,65.0,0.57661,11.0,0.57669,33.0,0.5767,4.0
1753617374949,11:56:14.949,blofin,A/USDT:USDT,0.57666,124.0,0.57665,219.0,0.57669,29.0,0.5767,76.0
1753617375950,11:56:15.950,blofin,A/USDT:USDT,0.57666,125.0,0.57664,337.0,0.57669,31.0,0.5767,4.0
1753617377126,11:56:17.126,blofin,A/USDT:USDT,0.57667,121.0,0.57666,4.0,0.57669,31.0,0.5767,4.0
1753617377952,11:56:17.952,blofin,A/USDT:USDT,0.57667,330.0,0.57663,85.0,0.57669,31.0,0.5767,4.0
1753617378955,11:56:18.955,blofin,A/USDT:USDT,0.57667,330.0,0.57662,325.0,0.57669,33.0,0.5767,4.0
1753617379955,11:56:19.955,blofin,A/USDT:USDT,0.57667,161.0,0.57662,485.0,0.57669,33.0,0.5767,4.0
1753617380957,11:56:20.957,blofin,A/USDT:USDT,0.57667,159.0,0.57661,150.0,0.57669,33.0,0.5767,4.0
1753617382459,11:56:22.459,blofin,A/USDT:USDT,0.57667,20.0,0.57661,201.0,0.57669,245.0,0.5767,4.0
1753617383461,11:56:23.461,blofin,A/USDT:USDT,0.57667,20.0,0.57662,96.0,0.57669,379.0,0.5767,4.0
1753617384464,11:56:24.464,blofin,A/USDT:USDT,0.57667,20.0,0.57664,272.0,0.57669,33.0,0.5767,4.0
1753617385465,11:56:25.465,blofin,A/USDT:USDT,0.57667,22.0,0.57662,60.0,0.57669,732.0,0.5767,4.0
1753617386466,11:56:26.466,blofin,A/USDT:USDT,0.57667,25.0,0.57661,172.0,0.57669,735.0,0.57674,108.0
1753617387473,11:56:27.473,blofin,A/USDT:USDT,0.57667,29.0,0.57665,429.0,0.57669,521.0,0.57671,345.0
1753617388803,11:56:28.803,blofin,A/USDT:USDT,0.57667,29.0,0.57665,338.0,0.57669,748.0,0.5767,10.0
1753617389804,11:56:29.804,blofin,A/USDT:USDT,0.57667,29.0,0.57664,292.0,0.57669,750.0,0.57671,612.0
1753617390805,11:56:30.805,blofin,A/USDT:USDT,0.57667,26.0,0.57664,292.0,0.57669,748.0,0.57671,612.0
1753617391806,11:56:31.806,blofin,A/USDT:USDT,0.57667,14.0,0.57662,71.0,0.57669,1875.0,0.57673,1958.0
1753617392806,11:56:32.806,blofin,A/USDT:USDT,0.57667,10.0,0.57664,68.0,0.57669,1886.0,0.57671,193.0
1753617393806,11:56:33.806,blofin,A/USDT:USDT,0.57667,10.0,0.57666,66.0,0.57669,2754.0,0.5767,66.0
1753617394808,11:56:34.808,blofin,A/USDT:USDT,0.57646,79.0,0.57642,158.0,0.57658,1385.0,0.57663,1082.0
1753617395811,11:56:35.811,blofin,A/USDT:USDT,0.57645,144.0,0.57642,78.0,0.57652,1530.0,0.57657,152.0
1753617396808,11:56:36.808,blofin,A/USDT:USDT,0.57648,37.0,0.57644,73.0,0.57652,203.0,0.57655,610.0
1753617397809,11:56:37.809,blofin,A/USDT:USDT,0.57648,37.0,0.57642,490.0,0.57652,203.0,0.57657,303.0
1753617399008,11:56:39.008,blofin,A/USDT:USDT,0.57649,2.0,0.57648,33.0,0.57651,357.0,0.57652,5.0
1753617399987,11:56:39.987,blofin,A/USDT:USDT,0.57648,36.0,0.57643,467.0,0.57651,360.0,0.57655,182.0
1753617400987,11:56:40.987,blofin,A/USDT:USDT,0.57648,36.0,0.57642,286.0,0.5765,47.0,0.57654,12.0
1753617401989,11:56:41.989,blofin,A/USDT:USDT,0.57648,35.0,0.57646,407.0,0.5765,62.0,0.57652,511.0
1753617403494,11:56:43.494,blofin,A/USDT:USDT,0.57648,36.0,0.57645,42.0,0.5765,65.0,0.57653,211.0
1753617404493,11:56:44.493,blofin,A/USDT:USDT,0.57648,36.0,0.57645,79.0,0.5765,65.0,0.57652,349.0
1753617405495,11:56:45.495,blofin,A/USDT:USDT,0.57648,38.0,0.57644,104.0,0.5765,130.0,0.57653,88.0
1753617406494,11:56:46.494,blofin,A/USDT:USDT,0.57648,35.0,0.57645,348.0,0.5765,127.0,0.57652,599.0
1753617407497,11:56:47.497,blofin,A/USDT:USDT,0.57648,36.0,0.57646,510.0,0.5765,674.0,0.57652,664.0
1753617408500,11:56:48.500,blofin,A/USDT:USDT,0.57648,36.0,0.57644,460.0,0.5765,673.0,0.57653,84.0
1753617409504,11:56:49.504,blofin,A/USDT:USDT,0.57648,37.0,0.57646,293.0,0.5765,673.0,0.57651,472.0
1753617410501,11:56:50.501,blofin,A/USDT:USDT,0.57648,38.0,0.57644,356.0,0.5765,673.0,0.57654,756.0
1753617411503,11:56:51.503,blofin,A/USDT:USDT,0.57648,34.0,0.57645,7.0,0.5765,890.0,0.57652,1052.0
1753617412504,11:56:52.504,blofin,A/USDT:USDT,0.57648,34.0,0.57645,90.0,0.5765,676.0,0.57652,90.0
1753617413505,11:56:53.505,blofin,A/USDT:USDT,0.57648,34.0,0.57643,70.0,0.5765,676.0,0.57655,493.0
1753617414506,11:56:54.506,blofin,A/USDT:USDT,0.57648,34.0,0.57642,296.0,0.5765,890.0,0.57655,681.0
1753617415509,11:56:55.509,blofin,A/USDT:USDT,0.57648,37.0,0.57646,85.0,0.5765,890.0,0.57651,654.0
1753617416510,11:56:56.510,blofin,A/USDT:USDT,0.57648,43.0,0.57645,347.0,0.5765,888.0,0.57652,166.0
1753617417512,11:56:57.512,blofin,A/USDT:USDT,0.57648,49.0,0.57646,433.0,0.5765,676.0,0.57652,144.0
1753617418513,11:56:58.513,blofin,A/USDT:USDT,0.57648,51.0,0.57642,280.0,0.5765,891.0,0.57655,635.0
1753617419514,11:56:59.514,blofin,A/USDT:USDT,0.57648,56.0,0.57644,450.0,0.5765,678.0,0.57653,752.0
1753617420516,11:57:00.516,blofin,A/USDT:USDT,0.57648,54.0,0.57647,463.0,0.5765,1.0,0.57651,674.0
1753617421826,11:57:01.826,blofin,A/USDT:USDT,0.57648,64.0,0.57644,85.0,0.5765,673.0,0.57651,1.0
1753617423827,11:57:03.827,blofin,A/USDT:USDT,0.57648,191.0,0.57643,176.0,0.5765,674.0,0.57654,610.0
1753617424828,11:57:04.828,blofin,A/USDT:USDT,0.57648,192.0,0.57644,72.0,0.5765,678.0,0.57653,493.0
1753617425829,11:57:05.829,blofin,A/USDT:USDT,0.57648,192.0,0.57644,72.0,0.5765,674.0,0.57653,493.0
1753617426833,11:57:06.833,blofin,A/USDT:USDT,0.57648,192.0,0.57646,86.0,0.5765,678.0,0.57651,350.0
1753617427831,11:57:07.831,blofin,A/USDT:USDT,0.57648,192.0,0.57646,485.0,0.5765,505.0,0.57652,365.0
1753617428832,11:57:08.832,blofin,A/USDT:USDT,0.57648,192.0,0.57643,21.0,0.5765,520.0,0.57654,11.0
1753617429832,11:57:09.832,blofin,A/USDT:USDT,0.57648,146.0,0.57645,93.0,0.5765,520.0,0.57652,1100.0
1753617430835,11:57:10.835,blofin,A/USDT:USDT,0.57648,149.0,0.57645,93.0,0.5765,518.0,0.57652,1100.0
1753617432034,11:57:12.034,blofin,A/USDT:USDT,0.57648,145.0,0.57645,353.0,0.5765,9490.0,0.57652,724.0
1753617433035,11:57:13.035,blofin,A/USDT:USDT,0.57648,145.0,0.57646,106.0,0.5765,9706.0,0.57652,173.0
1753617434036,11:57:14.036,blofin,A/USDT:USDT,0.57648,145.0,0.57643,58.0,0.5765,9491.0,0.57655,1019.0
1753617435037,11:57:15.037,blofin,A/USDT:USDT,0.57648,145.0,0.57645,267.0,0.5765,9705.0,0.57652,354.0
1753617436040,11:57:16.040,blofin,A/USDT:USDT,0.57641,204.0,0.5764,60.0,0.57643,9688.0,0.57648,104.0
1753617437041,11:57:17.041,blofin,A/USDT:USDT,0.57641,74.0,0.5764,60.0,0.57643,704.0,0.57647,2254.0
1753617438040,11:57:18.040,blofin,A/USDT:USDT,0.57641,149.0,0.5764,60.0,0.57643,1098.0,0.57645,5250.0
1753617439042,11:57:19.042,blofin,A/USDT:USDT,0.57641,24.0,0.5764,60.0,0.57643,884.0,0.57648,3343.0
1753617440042,11:57:20.042,blofin,A/USDT:USDT,0.57641,137.0,0.5764,60.0,0.57643,884.0,0.57648,1187.0
1753617441544,11:57:21.544,blofin,A/USDT:USDT,0.57641,135.0,0.57637,136.0,0.57643,885.0,0.57648,851.0
1753617442547,11:57:22.547,blofin,A/USDT:USDT,0.57642,139.0,0.57641,3.0,0.57647,2.0,0.57649,9086.0
1753617443548,11:57:23.548,blofin,A/USDT:USDT,0.57642,330.0,0.57637,573.0,0.57647,2.0,0.5765,9087.0
1753617444550,11:57:24.550,blofin,A/USDT:USDT,0.57642,194.0,0.57637,136.0,0.57647,2.0,0.5765,9087.0
1753617445646,11:57:25.646,blofin,A/USDT:USDT,0.57642,5.0,0.57641,189.0,0.57647,2.0,0.57648,9086.0
1753617446843,11:57:26.843,blofin,A/USDT:USDT,0.57641,206.0,0.57637,621.0,0.57648,6.0,0.57649,139.0
1753617447849,11:57:27.849,blofin,A/USDT:USDT,0.57641,206.0,0.57636,1230.0,0.57648,5.0,0.57649,144.0
1753617449845,11:57:29.845,blofin,A/USDT:USDT,0.57641,206.0,0.57639,600.0,0.57647,237.0,0.57648,5.0
1753617450846,11:57:30.846,blofin,A/USDT:USDT,0.57641,159.0,0.57636,503.0,0.57645,240.0,0.57648,5.0
1753617451849,11:57:31.849,blofin,A/USDT:USDT,0.57641,93.0,0.57639,148.0,0.57645,285.0,0.57647,2183.0
1753617452850,11:57:32.850,blofin,A/USDT:USDT,0.57641,138.0,0.57639,284.0,0.57645,19.0,0.57646,3137.0
1753617453853,11:57:33.853,blofin,A/USDT:USDT,0.57641,138.0,0.57636,167.0,0.57645,15.0,0.57648,5.0
1753617454852,11:57:34.852,blofin,A/USDT:USDT,0.57641,136.0,0.57638,447.0,0.57645,16.0,0.57647,1736.0
1753617456687,11:57:36.687,blofin,A/USDT:USDT,0.57641,140.0,0.57637,876.0,0.57644,14.0,0.57645,3.0
1753617457571,11:57:37.571,blofin,A/USDT:USDT,0.57641,139.0,0.57637,72.0,0.57643,294.0,0.57646,1827.0
1753617458571,11:57:38.571,blofin,A/USDT:USDT,0.57641,139.0,0.57635,485.0,0.57643,545.0,0.57648,1188.0
1753617459572,11:57:39.572,blofin,A/USDT:USDT,0.57641,23.0,0.57635,368.0,0.57643,545.0,0.57648,1508.0
1753617460573,11:57:40.573,blofin,A/USDT:USDT,0.57641,25.0,0.57639,285.0,0.57643,331.0,0.57645,2593.0
1753617461574,11:57:41.574,blofin,A/USDT:USDT,0.57641,43.0,0.57636,218.0,0.57643,42.0,0.57648,3283.0
1753617462074,11:57:42.074,blofin,A/USDT:USDT,0.57641,43.0,0.57636,706.0,0.57643,42.0,0.57647,2047.0
1753617463076,11:57:43.076,blofin,A/USDT:USDT,0.57641,43.0,0.57635,469.0,0.57643,42.0,0.57648,766.0
1753617464076,11:57:44.076,blofin,A/USDT:USDT,0.57641,43.0,0.57637,150.0,0.57643,41.0,0.57647,1670.0
1753617465078,11:57:45.078,blofin,A/USDT:USDT,0.57641,44.0,0.57637,171.0,0.57643,44.0,0.57646,2433.0
1753617466082,11:57:46.082,blofin,A/USDT:USDT,0.57642,333.0,0.57641,3.0,0.57646,28.0,0.57648,5.0
1753617467080,11:57:47.080,blofin,A/USDT:USDT,0.57641,41.0,0.57638,622.0,0.57644,139.0,0.57646,2358.0
1753617468082,11:57:48.082,blofin,A/USDT:USDT,0.57641,41.0,0.57637,469.0,0.57644,140.0,0.57647,1307.0
1753617469278,11:57:49.278,blofin,A/USDT:USDT,0.57641,3.0,0.57634,5.0,0.57644,5.0,0.57645,14.0
1753617470085,11:57:50.085,blofin,A/USDT:USDT,0.57603,141.0,0.576,11.0,0.57608,193.0,0.57612,784.0
1753617471088,11:57:51.088,blofin,A/USDT:USDT,0.57603,141.0,0.57601,335.0,0.57608,197.0,0.57609,935.0
1753617472089,11:57:52.089,blofin,A/USDT:USDT,0.57603,318.0,0.57602,256.0,0.57608,154.0,0.57613,388.0
1753617473090,11:57:53.090,blofin,A/USDT:USDT,0.57606,205.0,0.57603,144.0,0.57608,10.0,0.5761,697.0
1753617474090,11:57:54.090,blofin,A/USDT:USDT,0.57606,380.0,0.57603,254.0,0.57608,10.0,0.57611,791.0
1753617475092,11:57:55.092,blofin,A/USDT:USDT,0.57606,206.0,0.57605,298.0,0.57609,357.0,0.57613,489.0
1753617476099,11:57:56.099,blofin,A/USDT:USDT,0.57606,208.0,0.57604,94.0,0.57609,19.0,0.57612,1260.0
1753617477595,11:57:57.595,blofin,A/USDT:USDT,0.57606,212.0,0.57602,211.0,0.57608,12.0,0.57609,4.0
1753617478598,11:57:58.598,blofin,A/USDT:USDT,0.57606,211.0,0.576,99.0,0.57608,14.0,0.57609,4.0
1753617479600,11:57:59.600,blofin,A/USDT:USDT,0.57606,211.0,0.57605,467.0,0.57609,18.0,0.5761,195.0
1753617480602,11:58:00.602,blofin,A/USDT:USDT,0.57606,211.0,0.57604,755.0,0.57609,19.0,0.5761,30.0
1753617481868,11:58:01.868,blofin,A/USDT:USDT,0.57606,209.0,0.57601,185.0,0.57608,30.0,0.57609,6.0
1753617482870,11:58:02.870,blofin,A/USDT:USDT,0.57606,211.0,0.57605,138.0,0.57608,66.0,0.57609,4.0
1753617483868,11:58:03.868,blofin,A/USDT:USDT,0.57606,211.0,0.57603,171.0,0.57608,66.0,0.57609,4.0
1753617484868,11:58:04.868,blofin,A/USDT:USDT,0.57592,298.0,0.57591,4.0,0.576,1562.0,0.57601,1535.0
1753617485871,11:58:05.871,blofin,A/USDT:USDT,0.57592,301.0,0.57591,4.0,0.576,1566.0,0.57601,1535.0
1753617486870,11:58:06.870,blofin,A/USDT:USDT,0.57592,308.0,0.57591,5.0,0.57599,1565.0,0.57603,50.0
1753617487871,11:58:07.871,blofin,A/USDT:USDT,0.57592,308.0,0.57591,5.0,0.57599,1567.0,0.57604,1499.0
1753617488871,11:58:08.871,blofin,A/USDT:USDT,0.57592,309.0,0.57589,267.0,0.57599,2869.0,0.57602,157.0
1753617489872,11:58:09.872,blofin,A/USDT:USDT,0.57592,313.0,0.57589,327.0,0.57599,2869.0,0.57601,326.0
1753617490874,11:58:10.874,blofin,A/USDT:USDT,0.57592,310.0,0.57589,269.0,0.57599,2865.0,0.57601,326.0
1753617492121,11:58:12.121,blofin,A/USDT:USDT,0.57592,310.0,0.57589,490.0,0.57599,2867.0,0.57601,286.0
1753617493123,11:58:13.123,blofin,A/USDT:USDT,0.57592,311.0,0.57589,238.0,0.57599,2867.0,0.57601,1398.0
1753617494126,11:58:14.126,blofin,A/USDT:USDT,0.57592,313.0,0.5759,394.0,0.57594,2864.0,0.57595,1580.0
1753617495127,11:58:15.127,blofin,A/USDT:USDT,0.57592,313.0,0.57591,470.0,0.57594,312.0,0.57597,2548.0
1753617496129,11:58:16.129,blofin,A/USDT:USDT,0.57592,432.0,0.57589,209.0,0.57594,312.0,0.57598,2414.0
1753617497131,11:58:17.131,blofin,A/USDT:USDT,0.57592,429.0,0.57589,209.0,0.57594,312.0,0.57597,3546.0
1753617498134,11:58:18.134,blofin,A/USDT:USDT,0.57592,433.0,0.57589,209.0,0.57594,476.0,0.57599,825.0
1753617499132,11:58:19.132,blofin,A/USDT:USDT,0.57592,433.0,0.57589,387.0,0.57594,487.0,0.57596,2540.0
1753617500134,11:58:20.134,blofin,A/USDT:USDT,0.57592,433.0,0.57589,209.0,0.57594,490.0,0.57599,205.0
1753617501137,11:58:21.137,blofin,A/USDT:USDT,0.57592,432.0,0.57589,209.0,0.57594,487.0,0.57598,1815.0
1753617502139,11:58:22.139,blofin,A/USDT:USDT,0.57592,432.0,0.57589,209.0,0.57594,491.0,0.57597,2503.0
1753617503139,11:58:23.139,blofin,A/USDT:USDT,0.57591,47.0,0.57589,209.0,0.57593,434.0,0.57594,5.0
1753617504142,11:58:24.142,blofin,A/USDT:USDT,0.57591,47.0,0.5759,159.0,0.57593,432.0,0.57594,5.0
1753617505145,11:58:25.145,blofin,A/USDT:USDT,0.57591,46.0,0.57589,470.0,0.57594,437.0,0.57599,2072.0
1753617506143,11:58:26.143,blofin,A/USDT:USDT,0.57591,45.0,0.57585,215.0,0.57593,360.0,0.57594,8.0
1753617508652,11:58:28.652,blofin,A/USDT:USDT,0.57591,613.0,0.57585,184.0,0.57593,360.0,0.57594,8.0
1753617509653,11:58:29.653,blofin,A/USDT:USDT,0.57591,615.0,0.57589,230.0,0.57593,360.0,0.57594,2390.0
1753617510884,11:58:30.884,blofin,A/USDT:USDT,0.57591,612.0,0.57589,12.0,0.57594,365.0,0.57597,2068.0
1753617511887,11:58:31.887,blofin,A/USDT:USDT,0.57591,826.0,0.57589,437.0,0.57593,365.0,0.57594,1417.0
1753617513154,11:58:33.154,blofin,A/USDT:USDT,0.57593,11.0,0.57591,1.0,0.57595,694.0,0.57598,3438.0
1753617514155,11:58:34.155,blofin,A/USDT:USDT,0.57593,11.0,0.57591,1.0,0.57595,767.0,0.57597,3909.0
1753617515156,11:58:35.156,blofin,A/USDT:USDT,0.57593,13.0,0.57592,219.0,0.57595,767.0,0.57597,5420.0
1753617516159,11:58:36.159,blofin,A/USDT:USDT,0.57593,12.0,0.57591,491.0,0.57595,698.0,0.57596,2817.0
1753617517160,11:58:37.160,blofin,A/USDT:USDT,0.57593,12.0,0.57591,1.0,0.57595,780.0,0.57599,1614.0
1753617518162,11:58:38.162,blofin,A/USDT:USDT,0.57593,20.0,0.57592,345.0,0.57595,708.0,0.57599,1876.0
1753617519164,11:58:39.164,blofin,A/USDT:USDT,0.57593,20.0,0.57591,1.0,0.57595,708.0,0.576,5359.0
1753617520167,11:58:40.167,blofin,A/USDT:USDT,0.57593,20.0,0.57591,1.0,0.57595,708.0,0.57598,3421.0
1753617521168,11:58:41.168,blofin,A/USDT:USDT,0.57593,24.0,0.57591,293.0,0.57595,708.0,0.57596,3002.0
1753617522170,11:58:42.170,blofin,A/USDT:USDT,0.57593,24.0,0.57591,1.0,0.57595,708.0,0.57598,2900.0
1753617523171,11:58:43.171,blofin,A/USDT:USDT,0.57593,23.0,0.57591,1.0,0.57595,708.0,0.576,3146.0
1753617524177,11:58:44.177,blofin,A/USDT:USDT,0.57593,21.0,0.57591,1.0,0.57595,705.0,0.57599,45.0
1753617525174,11:58:45.174,blofin,A/USDT:USDT,0.57593,22.0,0.57591,1.0,0.57595,705.0,0.57597,236.0
1753617526177,11:58:46.177,blofin,A/USDT:USDT,0.57593,22.0,0.57591,1.0,0.57595,706.0,0.576,3315.0
1753617527179,11:58:47.179,blofin,A/USDT:USDT,0.57593,21.0,0.57591,1.0,0.57595,781.0,0.57599,5212.0
1753617528182,11:58:48.182,blofin,A/USDT:USDT,0.57593,21.0,0.57591,1.0,0.57595,722.0,0.576,1060.0
1753617529182,11:58:49.182,blofin,A/USDT:USDT,0.57593,22.0,0.57591,1.0,0.57595,801.0,0.57599,1959.0
1753617530183,11:58:50.183,blofin,A/USDT:USDT,0.57593,22.0,0.57591,1.0,0.57595,728.0,0.57599,1780.0
1753617531602,11:58:51.602,blofin,A/USDT:USDT,0.57593,22.0,0.57591,1.0,0.57595,5.0,0.57603,34.0
1753617532197,11:58:52.197,blofin,A/USDT:USDT,0.57622,176.0,0.57617,112.0,0.57623,392.0,0.57624,141.0
1753617533188,11:58:53.188,blofin,A/USDT:USDT,0.57622,283.0,0.57619,135.0,0.57623,392.0,0.57624,112.0
1753617534187,11:58:54.187,blofin,A/USDT:USDT,0.57622,283.0,0.57617,408.0,0.57623,392.0,0.57624,116.0
1753617535249,11:58:55.249,blofin,A/USDT:USDT,0.57631,139.0,0.57628,51.0,0.57632,58.0,0.57633,421.0
1753617536192,11:58:56.192,blofin,A/USDT:USDT,0.57634,148.0,0.57632,8.0,0.57636,29.0,0.57641,5599.0
1753617537193,11:58:57.193,blofin,A/USDT:USDT,0.57634,147.0,0.57632,8.0,0.57636,29.0,0.57639,1467.0
1753617538195,11:58:58.195,blofin,A/USDT:USDT,0.57634,147.0,0.57632,8.0,0.57636,29.0,0.5764,5270.0
1753617539196,11:58:59.196,blofin,A/USDT:USDT,0.57634,147.0,0.57632,8.0,0.57636,29.0,0.57639,4426.0
1753617540200,11:59:00.200,blofin,A/USDT:USDT,0.57634,145.0,0.57632,8.0,0.57636,29.0,0.57639,3003.0
1753617541701,11:59:01.701,blofin,A/USDT:USDT,0.57634,146.0,0.5763,318.0,0.57636,28.0,0.57639,5889.0
1753617542702,11:59:02.702,blofin,A/USDT:USDT,0.57634,148.0,0.57632,431.0,0.57636,28.0,0.57637,3787.0
1753617543704,11:59:03.704,blofin,A/USDT:USDT,0.57634,148.0,0.57633,16.0,0.57636,314.0,0.57641,5297.0
1753617544705,11:59:04.705,blofin,A/USDT:USDT,0.57639,142.0,0.57634,6.0,0.57642,72.0,0.57643,34.0
1753617545708,11:59:05.708,blofin,A/USDT:USDT,0.5764,146.0,0.57635,194.0,0.57642,121.0,0.57643,34.0
1753617547208,11:59:07.208,blofin,A/USDT:USDT,0.5764,710.0,0.57637,314.0,0.57642,24.0,0.57643,34.0
1753617548213,11:59:08.213,blofin,A/USDT:USDT,0.57646,281.0,0.57645,286.0,0.57648,48.0,0.57649,359.0
1753617549211,11:59:09.211,blofin,A/USDT:USDT,0.57646,286.0,0.57641,515.0,0.57648,48.0,0.57649,359.0
1753617550212,11:59:10.212,blofin,A/USDT:USDT,0.57646,286.0,0.57641,290.0,0.57648,20.0,0.57649,359.0
1753617551213,11:59:11.213,blofin,A/USDT:USDT,0.57658,147.0,0.57653,427.0,0.5766,51.0,0.57663,1089.0
1753617552215,11:59:12.215,blofin,A/USDT:USDT,0.57658,145.0,0.57657,436.0,0.5766,22.0,0.57663,1089.0
1753617553217,11:59:13.217,blofin,A/USDT:USDT,0.57658,145.0,0.57656,369.0,0.5766,22.0,0.57661,811.0
1753617554218,11:59:14.218,blofin,A/USDT:USDT,0.57658,146.0,0.57655,552.0,0.5766,22.0,0.57662,44.0
1753617555219,11:59:15.219,blofin,A/USDT:USDT,0.57658,147.0,0.57653,68.0,0.5766,21.0,0.57663,1089.0
1753617556222,11:59:16.222,blofin,A/USDT:USDT,0.57658,146.0,0.57654,6.0,0.5766,22.0,0.57663,1089.0
1753617556916,11:59:16.916,blofin,A/USDT:USDT,0.57658,360.0,0.57653,171.0,0.5766,21.0,0.57663,1089.0
1753617558059,11:59:18.059,blofin,A/USDT:USDT,0.57668,142.0,0.57666,4.0,0.5767,304.0,0.57671,311.0
1753617558917,11:59:18.917,blofin,A/USDT:USDT,0.57668,146.0,0.57665,115.0,0.5767,304.0,0.57671,311.0
1753617560225,11:59:20.225,blofin,A/USDT:USDT,0.57668,144.0,0.57667,515.0,0.5767,304.0,0.57671,311.0
1753617561227,11:59:21.227,blofin,A/USDT:USDT,0.57668,145.0,0.57662,282.0,0.5767,304.0,0.57671,237.0
1753617561920,11:59:21.920,blofin,A/USDT:USDT,0.57668,146.0,0.57667,338.0,0.5767,304.0,0.57671,237.0
1753617562923,11:59:22.923,blofin,A/USDT:USDT,0.57676,356.0,0.57674,213.0,0.57678,82.0,0.57679,19.0
1753617563921,11:59:23.921,blofin,A/USDT:USDT,0.57676,147.0,0.57675,386.0,0.57678,93.0,0.57679,2.0
1753617564928,11:59:24.928,blofin,A/USDT:USDT,0.57676,146.0,0.57673,196.0,0.57678,93.0,0.57679,2.0
1753617565938,11:59:25.938,blofin,A/USDT:USDT,0.57676,148.0,0.57673,196.0,0.57678,96.0,0.57679,2.0
1753617566926,11:59:26.926,blofin,A/USDT:USDT,0.5767,3.0,0.57669,73.0,0.57671,2.0,0.57672,9.0
1753617567735,11:59:27.735,blofin,A/USDT:USDT,0.5767,3.0,0.57669,73.0,0.57671,2.0,0.57672,9.0
1753617568737,11:59:28.737,blofin,A/USDT:USDT,0.5767,3.0,0.57669,73.0,0.57672,11.0,0.57673,1212.0
1753617569740,11:59:29.740,blofin,A/USDT:USDT,0.5767,3.0,0.57669,73.0,0.57672,11.0,0.57677,1931.0
1753617570739,11:59:30.739,blofin,A/USDT:USDT,0.5767,3.0,0.57669,73.0,0.57672,12.0,0.57676,1876.0
1753617571741,11:59:31.741,blofin,A/USDT:USDT,0.57667,348.0,0.57663,143.0,0.57672,13.0,0.57677,62.0
1753617572741,11:59:32.741,blofin,A/USDT:USDT,0.57667,348.0,0.57663,140.0,0.57672,13.0,0.57675,624.0
1753617573243,11:59:33.243,blofin,A/USDT:USDT,0.57667,348.0,0.57663,140.0,0.57672,13.0,0.57675,1374.0
1753617574246,11:59:34.246,blofin,A/USDT:USDT,0.57667,492.0,0.57664,417.0,0.57672,13.0,0.57675,679.0
1753617575430,11:59:35.430,blofin,A/USDT:USDT,0.57667,360.0,0.57665,500.0,0.5767,9.0,0.57672,1542.0
1753617576248,11:59:36.248,blofin,A/USDT:USDT,0.57667,361.0,0.57663,117.0,0.5767,19.0,0.57673,819.0
1753617577248,11:59:37.248,blofin,A/USDT:USDT,0.57667,361.0,0.57662,209.0,0.5767,18.0,0.57674,364.0
1753617578307,11:59:38.307,blofin,A/USDT:USDT,0.57667,361.0,0.57664,42.0,0.5767,16.0,0.57672,246.0
1753617579253,11:59:39.253,blofin,A/USDT:USDT,0.57667,361.0,0.57663,30.0,0.5767,16.0,0.57673,838.0
1753617580252,11:59:40.252,blofin,A/USDT:USDT,0.57667,360.0,0.57666,259.0,0.5767,16.0,0.57674,1130.0
1753617581253,11:59:41.253,blofin,A/USDT:USDT,0.57667,360.0,0.57663,360.0,0.5767,91.0,0.57673,1245.0
1753617582256,11:59:42.256,blofin,A/USDT:USDT,0.57667,359.0,0.57662,193.0,0.5767,19.0,0.57675,896.0
1753617583256,11:59:43.256,blofin,A/USDT:USDT,0.57667,362.0,0.57664,455.0,0.5767,19.0,0.57672,1085.0
1753617584260,11:59:44.260,blofin,A/USDT:USDT,0.57667,363.0,0.57665,234.0,0.5767,5.0,0.57671,15.0
1753617584942,11:59:44.942,blofin,A/USDT:USDT,0.57668,357.0,0.57667,348.0,0.5767,20.0,0.57674,1198.0
1753617585942,11:59:45.942,blofin,A/USDT:USDT,0.5767,218.0,0.57669,368.0,0.57673,27.0,0.57675,189.0
1753617586942,11:59:46.942,blofin,A/USDT:USDT,0.5767,218.0,0.57669,283.0,0.57672,2.0,0.57673,26.0
1753617587945,11:59:47.945,blofin,A/USDT:USDT,0.5767,4.0,0.57668,139.0,0.57672,30.0,0.57677,550.0
1753617589080,11:59:49.080,blofin,A/USDT:USDT,0.5767,4.0,0.57668,214.0,0.57672,29.0,0.57675,693.0
1753617589945,11:59:49.945,blofin,A/USDT:USDT,0.57672,540.0,0.5767,514.0,0.57678,3.0,0.57679,11.0
1753617590946,11:59:50.946,blofin,A/USDT:USDT,0.57672,140.0,0.57669,492.0,0.57674,76.0,0.57677,96.0
1753617592273,11:59:52.273,blofin,A/USDT:USDT,0.57672,141.0,0.57668,55.0,0.57674,170.0,0.57677,528.0
1753617592950,11:59:52.950,blofin,A/USDT:USDT,0.57672,141.0,0.5767,202.0,0.57674,2.0,0.57675,166.0
1753617595275,11:59:55.275,blofin,A/USDT:USDT,0.57672,142.0,0.57668,112.0,0.57674,349.0,0.57678,465.0
1753617596230,11:59:56.230,blofin,A/USDT:USDT,0.57672,145.0,0.5767,57.0,0.57674,4.0,0.57676,346.0
1753617597279,11:59:57.279,blofin,A/USDT:USDT,0.57672,145.0,0.57669,322.0,0.57674,2.0,0.57676,349.0
1753617597950,11:59:57.950,blofin,A/USDT:USDT,0.57672,145.0,0.57668,342.0,0.57674,2.0,0.57676,533.0
1753617598950,11:59:58.950,blofin,A/USDT:USDT,0.57672,145.0,0.57671,270.0,0.57674,2.0,0.57676,530.0
1753617599952,11:59:59.952,blofin,A/USDT:USDT,0.57667,20.0,0.57664,221.0,0.57669,95.0,0.57672,209.0
1753617600953,12:00:00.953,blofin,A/USDT:USDT,0.57667,21.0,0.57664,208.0,0.57669,95.0,0.57672,209.0
1753617601952,12:00:01.952,blofin,A/USDT:USDT,0.57667,21.0,0.57664,208.0,0.57669,95.0,0.57672,105.0
1753617602953,12:00:02.953,blofin,A/USDT:USDT,0.57664,221.0,0.57662,134.0,0.57667,72.0,0.57669,1.0
1753617603955,12:00:03.955,blofin,A/USDT:USDT,0.5767,215.0,0.57668,362.0,0.57673,9.0,0.57674,136.0
1753617606290,12:00:06.290,blofin,A/USDT:USDT,0.5767,136.0,0.57667,611.0,0.57672,14.0,0.57674,312.0
1753617607291,12:00:07.291,blofin,A/USDT:USDT,0.5767,342.0,0.57665,628.0,0.57672,86.0,0.57674,2.0
1753617608792,12:00:08.792,blofin,A/USDT:USDT,0.5767,149.0,0.57667,149.0,0.57672,12.0,0.57674,2.0
1753617609800,12:00:09.800,blofin,A/USDT:USDT,0.5767,146.0,0.57668,427.0,0.57672,84.0,0.57673,287.0
1753617610800,12:00:10.800,blofin,A/USDT:USDT,0.5767,146.0,0.57666,511.0,0.57672,85.0,0.57674,2.0
1753617611964,12:00:11.964,blofin,A/USDT:USDT,0.5767,148.0,0.57665,412.0,0.57672,117.0,0.57674,2.0
1753617612966,12:00:12.966,blofin,A/USDT:USDT,0.57664,208.0,0.57663,18.0,0.57665,94.0,0.57667,976.0
1753617613966,12:00:13.966,blofin,A/USDT:USDT,0.57664,208.0,0.57663,18.0,0.57672,115.0,0.57674,2.0
1753617614970,12:00:14.970,blofin,A/USDT:USDT,0.57664,208.0,0.57663,18.0,0.57672,115.0,0.57674,2.0
1753617615964,12:00:15.964,blofin,A/USDT:USDT,0.57664,208.0,0.57663,15.0,0.57666,116.0,0.57668,288.0
1753617616964,12:00:16.964,blofin,A/USDT:USDT,0.57664,208.0,0.57663,15.0,0.57666,3.0,0.5767,47.0
1753617618310,12:00:18.310,blofin,A/USDT:USDT,0.57664,208.0,0.57663,15.0,0.5767,47.0,0.57671,24.0
1753617619310,12:00:19.310,blofin,A/USDT:USDT,0.57664,208.0,0.57663,15.0,0.5767,47.0,0.57671,24.0
1753617620444,12:00:20.444,blofin,A/USDT:USDT,0.57667,488.0,0.57664,517.0,0.5767,47.0,0.57671,24.0
1753617621536,12:00:21.536,blofin,A/USDT:USDT,0.57667,524.0,0.57664,208.0,0.57669,2.0,0.57672,72.0
1753617622316,12:00:22.316,blofin,A/USDT:USDT,0.57667,525.0,0.57664,451.0,0.57669,2.0,0.57672,311.0
1753617623315,12:00:23.315,blofin,A/USDT:USDT,0.57667,525.0,0.57665,227.0,0.57672,11.0,0.57673,260.0
1753617624318,12:00:24.318,blofin,A/USDT:USDT,0.57667,525.0,0.57664,289.0,0.57672,12.0,0.57674,48.0
1753617625820,12:00:25.820,blofin,A/USDT:USDT,0.57667,554.0,0.57665,336.0,0.57672,77.0,0.57673,733.0
1753617626822,12:00:26.822,blofin,A/USDT:USDT,0.57667,556.0,0.57664,141.0,0.57672,76.0,0.57675,604.0
1753617627824,12:00:27.824,blofin,A/USDT:USDT,0.57667,553.0,0.57663,61.0,0.5767,73.0,0.57672,3.0
1753617628878,12:00:28.878,blofin,A/USDT:USDT,0.57667,554.0,0.57664,648.0,0.5767,11.0,0.57672,177.0
1753617629975,12:00:29.975,blofin,A/USDT:USDT,0.57667,554.0,0.57666,45.0,0.57669,76.0,0.57672,2.0
1753617630976,12:00:30.976,blofin,A/USDT:USDT,0.57663,550.0,0.57659,157.0,0.57665,76.0,0.57668,697.0
1753617631977,12:00:31.977,blofin,A/USDT:USDT,0.57663,34.0,0.57661,244.0,0.57665,364.0,0.57666,173.0
1753617633333,12:00:33.333,blofin,A/USDT:USDT,0.57655,77.0,0.57653,141.0,0.57659,359.0,0.57661,2.0
1753617634338,12:00:34.338,blofin,A/USDT:USDT,0.57655,77.0,0.57653,167.0,0.57658,85.0,0.57661,2.0
1753617635333,12:00:35.333,blofin,A/USDT:USDT,0.57655,77.0,0.57653,165.0,0.57658,88.0,0.57661,292.0
1753617636335,12:00:36.335,blofin,A/USDT:USDT,0.57655,56.0,0.57653,110.0,0.57658,87.0,0.57662,192.0
1753617637337,12:00:37.337,blofin,A/USDT:USDT,0.57655,56.0,0.57653,147.0,0.57658,87.0,0.57663,22.0
1753617638339,12:00:38.339,blofin,A/USDT:USDT,0.57655,56.0,0.57653,155.0,0.57659,151.0,0.57661,275.0
1753617639626,12:00:39.626,blofin,A/USDT:USDT,0.57653,152.0,0.57651,101.0,0.57658,150.0,0.57659,1.0
1753617640841,12:00:40.841,blofin,A/USDT:USDT,0.57653,154.0,0.57651,101.0,0.57658,70.0,0.57661,109.0
1753617641985,12:00:41.985,blofin,A/USDT:USDT,0.57648,187.0,0.57646,99.0,0.57649,215.0,0.57653,454.0
1753617642987,12:00:42.987,blofin,A/USDT:USDT,0.57648,187.0,0.57646,99.0,0.57649,153.0,0.57653,611.0
1753617643994,12:00:43.994,blofin,A/USDT:USDT,0.57644,543.0,0.57641,94.0,0.57649,12.0,0.57653,1019.0
1753617645348,12:00:45.348,blofin,A/USDT:USDT,0.57644,543.0,0.57641,94.0,0.57647,20.0,0.57652,538.0
1753617646350,12:00:46.350,blofin,A/USDT:USDT,0.57645,16.0,0.57644,125.0,0.57647,4.0,0.57648,16.0
1753617647350,12:00:47.350,blofin,A/USDT:USDT,0.57645,17.0,0.57644,520.0,0.57647,4.0,0.57649,14.0
1753617648304,12:00:48.304,blofin,A/USDT:USDT,0.57645,17.0,0.57644,175.0,0.57648,56.0,0.57652,461.0
1753617649785,12:00:49.785,blofin,A/USDT:USDT,0.57645,19.0,0.57644,125.0,0.57647,72.0,0.57648,1.0
1753617650855,12:00:50.855,blofin,A/USDT:USDT,0.57646,14.0,0.57645,673.0,0.57648,67.0,0.57651,707.0
1753617651993,12:00:51.993,blofin,A/USDT:USDT,0.57646,561.0,0.57644,125.0,0.57648,63.0,0.5765,480.0
1753617652995,12:00:52.995,blofin,A/USDT:USDT,0.57646,561.0,0.57644,125.0,0.57648,305.0,0.5765,309.0
1753617653999,12:00:53.999,blofin,A/USDT:USDT,0.57646,561.0,0.57644,125.0,0.57648,307.0,0.57653,116.0
1753617654996,12:00:54.996,blofin,A/USDT:USDT,0.57646,889.0,0.57644,125.0,0.57648,315.0,0.57651,66.0
1753617656359,12:00:56.359,blofin,A/USDT:USDT,0.57646,679.0,0.57645,306.0,0.57648,331.0,0.57649,447.0
1753617657361,12:00:57.361,blofin,A/USDT:USDT,0.57646,680.0,0.57641,1964.0,0.57648,331.0,0.57652,25.0
1753617658363,12:00:58.363,blofin,A/USDT:USDT,0.57646,680.0,0.57644,847.0,0.57648,333.0,0.57649,218.0
1753617659364,12:00:59.364,blofin,A/USDT:USDT,0.57646,676.0,0.57642,446.0,0.57648,405.0,0.57651,466.0
1753617660365,12:01:00.365,blofin,A/USDT:USDT,0.57646,5.0,0.57645,675.0,0.57647,329.0,0.57648,4.0
1753617661367,12:01:01.367,blofin,A/USDT:USDT,0.57646,5.0,0.57645,232.0,0.57647,592.0,0.57648,1.0
1753617662870,12:01:02.870,blofin,A/USDT:USDT,0.57641,18.0,0.57637,233.0,0.57646,724.0,0.57647,4.0
1753617663871,12:01:03.871,blofin,A/USDT:USDT,0.57641,13.0,0.57637,233.0,0.57646,139.0,0.57647,4.0
1753617665003,12:01:05.003,blofin,A/USDT:USDT,0.57641,100.0,0.57637,578.0,0.57646,141.0,0.57648,1.0
1753617666069,12:01:06.069,blofin,A/USDT:USDT,0.5764,535.0,0.57638,211.0,0.57642,531.0,0.57643,41.0
1753617667376,12:01:07.376,blofin,A/USDT:USDT,0.57635,36.0,0.57633,22.0,0.57637,178.0,0.5764,614.0
1753617668383,12:01:08.383,blofin,A/USDT:USDT,0.57635,141.0,0.57633,22.0,0.57637,48.0,0.57642,428.0
1753617669378,12:01:09.378,blofin,A/USDT:USDT,0.57635,142.0,0.57633,22.0,0.57637,50.0,0.57639,81.0
1753617670540,12:01:10.540,blofin,A/USDT:USDT,0.57635,4.0,0.57633,22.0,0.57636,47.0,0.57637,1.0
1753617671383,12:01:11.383,blofin,A/USDT:USDT,0.57633,22.0,0.57632,518.0,0.57636,436.0,0.57637,197.0
1753617672383,12:01:12.383,blofin,A/USDT:USDT,0.57633,22.0,0.57632,518.0,0.57636,437.0,0.57638,659.0
1753617673385,12:01:13.385,blofin,A/USDT:USDT,0.57633,22.0,0.57632,518.0,0.57636,437.0,0.5764,66.0
1753617674588,12:01:14.588,blofin,A/USDT:USDT,0.57633,22.0,0.57632,547.0,0.57636,4.0,0.57637,433.0
1753617675389,12:01:15.389,blofin,A/USDT:USDT,0.57633,22.0,0.57632,518.0,0.57636,437.0,0.57637,511.0
1753617676634,12:01:16.634,blofin,A/USDT:USDT,0.57632,518.0,0.57631,33.0,0.57634,72.0,0.57636,2.0
1753617677389,12:01:17.389,blofin,A/USDT:USDT,0.57629,21.0,0.57628,71.0,0.57631,139.0,0.57632,552.0
1753617678890,12:01:18.890,blofin,A/USDT:USDT,0.57605,21.0,0.57603,44.0,0.57612,94.0,0.57616,460.0
1753617680014,12:01:20.014,blofin,A/USDT:USDT,0.57605,23.0,0.57603,319.0,0.57612,106.0,0.57614,43.0
1753617681017,12:01:21.017,blofin,A/USDT:USDT,0.57608,23.0,0.57603,16.0,0.5761,11.0,0.57615,174.0
1753617682016,12:01:22.016,blofin,A/USDT:USDT,0.57605,39.0,0.57603,16.0,0.57607,96.0,0.57612,318.0
1753617683018,12:01:23.018,blofin,A/USDT:USDT,0.57605,39.0,0.57603,16.0,0.57607,144.0,0.5761,275.0
1753617684021,12:01:24.021,blofin,A/USDT:USDT,0.57605,340.0,0.57603,444.0,0.57607,51.0,0.57609,439.0
1753617685402,12:01:25.402,blofin,A/USDT:USDT,0.57609,409.0,0.57605,79.0,0.57611,12.0,0.57615,973.0
1753617686358,12:01:26.358,blofin,A/USDT:USDT,0.57609,415.0,0.57607,1160.0,0.57611,5.0,0.57617,333.0
1753617687727,12:01:27.727,blofin,A/USDT:USDT,0.57612,232.0,0.5761,3.0,0.57617,333.0,0.5762,78.0
1753617688905,12:01:28.905,blofin,A/USDT:USDT,0.57612,195.0,0.5761,3.0,0.57617,333.0,0.5762,78.0
1753617690024,12:01:30.024,blofin,A/USDT:USDT,0.57613,195.0,0.57612,4.0,0.57617,333.0,0.5762,78.0
1753617691026,12:01:31.026,blofin,A/USDT:USDT,0.57615,198.0,0.5761,368.0,0.57617,280.0,0.57621,57.0
1753617692176,12:01:32.176,blofin,A/USDT:USDT,0.57632,221.0,0.57631,4.0,0.5764,3.0,0.57642,171.0
1753617693414,12:01:33.414,blofin,A/USDT:USDT,0.57638,406.0,0.57633,444.0,0.57642,162.0,0.57643,248.0
1753617694415,12:01:34.415,blofin,A/USDT:USDT,0.57638,754.0,0.57632,279.0,0.57642,162.0,0.57643,248.0
1753617695414,12:01:35.414,blofin,A/USDT:USDT,0.57638,540.0,0.57633,614.0,0.57642,162.0,0.57643,248.0
1753617696390,12:01:36.390,blofin,A/USDT:USDT,0.57642,540.0,0.5764,182.0,0.57643,248.0,0.57645,167.0
1753617697495,12:01:37.495,blofin,A/USDT:USDT,0.57642,359.0,0.5764,67.0,0.57643,248.0,0.57645,167.0
1753617698890,12:01:38.890,blofin,A/USDT:USDT,0.57645,214.0,0.57643,101.0,0.57647,189.0,0.57651,6.0
1753617700033,12:01:40.033,blofin,A/USDT:USDT,0.57659,1685.0,0.57654,549.0,0.57661,68.0,0.57662,24.0
1753617701035,12:01:41.035,blofin,A/USDT:USDT,0.57661,2200.0,0.57655,1187.0,0.57666,104.0,0.57667,67.0
1753617702034,12:01:42.034,blofin,A/USDT:USDT,0.57661,741.0,0.57657,541.0,0.57666,104.0,0.57667,67.0
1753617705037,12:01:45.037,blofin,A/USDT:USDT,0.57661,742.0,0.57659,661.0,0.57666,104.0,0.57667,67.0
1753617706036,12:01:46.036,blofin,A/USDT:USDT,0.57661,740.0,0.57659,661.0,0.57666,104.0,0.57667,67.0
1753617707430,12:01:47.430,blofin,A/USDT:USDT,0.57661,742.0,0.57657,424.0,0.57666,104.0,0.57667,67.0
1753617708431,12:01:48.431,blofin,A/USDT:USDT,0.57661,742.0,0.57655,523.0,0.57666,104.0,0.57667,67.0
1753617709433,12:01:49.433,blofin,A/USDT:USDT,0.57661,1161.0,0.57657,2302.0,0.57666,104.0,0.57667,67.0
1753617710435,12:01:50.435,blofin,A/USDT:USDT,0.57661,1132.0,0.57658,1284.0,0.57666,104.0,0.57667,67.0
1753617711435,12:01:51.435,blofin,A/USDT:USDT,0.57661,1130.0,0.57659,497.0,0.57666,104.0,0.57667,67.0
1753617712438,12:01:52.438,blofin,A/USDT:USDT,0.57661,1129.0,0.57657,2263.0,0.57666,104.0,0.57667,67.0
1753617713042,12:01:53.042,blofin,A/USDT:USDT,0.5767,473.0,0.57667,1674.0,0.57671,234.0,0.57672,30.0
1753617715044,12:01:55.044,blofin,A/USDT:USDT,0.5767,2503.0,0.57666,761.0,0.57671,234.0,0.57672,34.0
1753617716061,12:01:56.061,blofin,A/USDT:USDT,0.5767,2506.0,0.57666,761.0,0.57672,34.0,0.57675,199.0
1753617718444,12:01:58.444,blofin,A/USDT:USDT,0.5767,3814.0,0.57669,977.0,0.57672,151.0,0.57677,167.0
1753617719449,12:01:59.449,blofin,A/USDT:USDT,0.5767,3953.0,0.57667,378.0,0.57672,150.0,0.57674,11.0
1753617720446,12:02:00.446,blofin,A/USDT:USDT,0.57673,145.0,0.5767,8.0,0.57675,13.0,0.57679,33.0
1753617721447,12:02:01.447,blofin,A/USDT:USDT,0.57673,63.0,0.5767,3.0,0.57675,396.0,0.57679,33.0
1753617723951,12:02:03.951,blofin,A/USDT:USDT,0.57673,193.0,0.5767,3.0,0.57675,592.0,0.57678,269.0
1753617725049,12:02:05.049,blofin,A/USDT:USDT,0.57673,210.0,0.57672,866.0,0.57675,594.0,0.57676,5.0
1753617726137,12:02:06.137,blofin,A/USDT:USDT,0.5766,219.0,0.57659,579.0,0.57661,1.0,0.57662,141.0
1753617727056,12:02:07.056,blofin,A/USDT:USDT,0.5766,219.0,0.57659,761.0,0.57661,140.0,0.57664,776.0
1753617728082,12:02:08.082,blofin,A/USDT:USDT,0.5766,219.0,0.57659,1151.0,0.57662,1.0,0.57663,117.0
1753617729456,12:02:09.456,blofin,A/USDT:USDT,0.5766,659.0,0.57659,239.0,0.57662,122.0,0.57666,781.0
1753617730459,12:02:10.459,blofin,A/USDT:USDT,0.5766,894.0,0.57659,239.0,0.57662,118.0,0.57665,634.0
1753617731461,12:02:11.461,blofin,A/USDT:USDT,0.5766,1030.0,0.57659,239.0,0.57662,192.0,0.57664,110.0
1753617732465,12:02:12.465,blofin,A/USDT:USDT,0.5766,1432.0,0.57659,239.0,0.57662,122.0,0.57664,44.0
1753617733463,12:02:13.463,blofin,A/USDT:USDT,0.5766,1357.0,0.57659,239.0,0.57662,122.0,0.57667,483.0
1753617734465,12:02:14.465,blofin,A/USDT:USDT,0.5766,1745.0,0.57659,239.0,0.57662,120.0,0.57667,335.0
1753617735552,12:02:15.552,blofin,A/USDT:USDT,0.5766,1811.0,0.57659,239.0,0.57662,5.0,0.57671,117.0
1753617736468,12:02:16.468,blofin,A/USDT:USDT,0.5766,1809.0,0.57659,239.0,0.57672,5.0,0.57673,9.0
1753617737471,12:02:17.471,blofin,A/USDT:USDT,0.5766,1811.0,0.57659,493.0,0.57672,5.0,0.57673,9.0
1753617738471,12:02:18.471,blofin,A/USDT:USDT,0.5766,1871.0,0.57659,239.0,0.57672,153.0,0.57676,688.0
1753617739471,12:02:19.471,blofin,A/USDT:USDT,0.57667,45.0,0.57663,616.0,0.57672,5.0,0.57675,123.0
1753617740731,12:02:20.731,blofin,A/USDT:USDT,0.57668,608.0,0.57667,5.0,0.57675,5.0,0.57679,33.0
1753617741473,12:02:21.473,blofin,A/USDT:USDT,0.57668,637.0,0.57667,1851.0,0.57679,33.0,0.5768,248.0
1753617742978,12:02:22.978,blofin,A/USDT:USDT,0.57669,787.0,0.57663,345.0,0.57679,33.0,0.5768,248.0
1753617744063,12:02:24.063,blofin,A/USDT:USDT,0.57669,318.0,0.57666,1647.0,0.57679,33.0,0.5768,248.0
1753617745064,12:02:25.064,blofin,A/USDT:USDT,0.5767,606.0,0.57669,1.0,0.57679,33.0,0.5768,248.0
1753617746080,12:02:26.080,blofin,A/USDT:USDT,0.5767,615.0,0.57666,252.0,0.57684,22.0,0.57685,5.0
1753617747063,12:02:27.063,blofin,A/USDT:USDT,0.57671,486.0,0.5767,1015.0,0.57678,14.0,0.57679,196.0
1753617749067,12:02:29.067,blofin,A/USDT:USDT,0.57671,348.0,0.5767,5.0,0.57678,12.0,0.57683,519.0
1753617750028,12:02:30.028,blofin,A/USDT:USDT,0.57672,345.0,0.5767,5.0,0.57678,12.0,0.57682,390.0
1753617751067,12:02:31.067,blofin,A/USDT:USDT,0.57672,777.0,0.5767,5.0,0.57678,15.0,0.57682,81.0
1753617752069,12:02:32.069,blofin,A/USDT:USDT,0.57672,1020.0,0.57671,783.0,0.57678,25.0,0.57682,354.0
1753617753071,12:02:33.071,blofin,A/USDT:USDT,0.57672,803.0,0.5767,5.0,0.57678,25.0,0.57681,125.0
1753617754071,12:02:34.071,blofin,A/USDT:USDT,0.57673,23.0,0.57672,970.0,0.57678,3.0,0.57679,20.0
1753617755071,12:02:35.071,blofin,A/USDT:USDT,0.57673,152.0,0.5767,739.0,0.57678,20.0,0.57679,3.0
1753617756073,12:02:36.073,blofin,A/USDT:USDT,0.57676,148.0,0.57672,1499.0,0.57678,13.0,0.57681,360.0
1753617757073,12:02:37.073,blofin,A/USDT:USDT,0.57676,551.0,0.57675,770.0,0.57678,23.0,0.57682,107.0
1753617758074,12:02:38.074,blofin,A/USDT:USDT,0.57676,551.0,0.57672,1046.0,0.57678,23.0,0.57682,221.0
1753617759076,12:02:39.076,blofin,A/USDT:USDT,0.57676,1090.0,0.57672,25.0,0.57684,22.0,0.57685,2.0
1753617760077,12:02:40.077,blofin,A/USDT:USDT,0.57676,1244.0,0.57671,1191.0,0.57684,25.0,0.57689,456.0
1753617761076,12:02:41.076,blofin,A/USDT:USDT,0.57676,1248.0,0.57671,1191.0,0.57684,25.0,0.57689,456.0
1753617762007,12:02:42.007,blofin,A/USDT:USDT,0.57676,1250.0,0.5767,30.0,0.57684,25.0,0.57689,7.0
1753617763008,12:02:43.008,blofin,A/USDT:USDT,0.57676,1489.0,0.57671,558.0,0.57681,19.0,0.57684,5.0
1753617764009,12:02:44.009,blofin,A/USDT:USDT,0.57676,1490.0,0.5767,1094.0,0.57681,13.0,0.57684,3.0
1753617765010,12:02:45.010,blofin,A/USDT:USDT,0.57679,1644.0,0.57677,43.0,0.57681,13.0,0.57683,241.0
1753617766012,12:02:46.012,blofin,A/USDT:USDT,0.57679,175.0,0.57676,1076.0,0.57681,14.0,0.57683,114.0
1753617766515,12:02:46.515,blofin,A/USDT:USDT,0.57679,375.0,0.57677,58.0,0.57682,14.0,0.57684,3.0
1753617767514,12:02:47.514,blofin,A/USDT:USDT,0.57679,176.0,0.57675,1085.0,0.57681,10.0,0.57682,4.0
1753617768516,12:02:48.516,blofin,A/USDT:USDT,0.57679,383.0,0.57675,848.0,0.57681,10.0,0.57682,4.0
1753617769519,12:02:49.519,blofin,A/USDT:USDT,0.57679,686.0,0.57676,1255.0,0.57681,15.0,0.57683,271.0
1753617770520,12:02:50.520,blofin,A/USDT:USDT,0.57679,488.0,0.57677,1041.0,0.57682,12.0,0.57684,3.0
1753617771522,12:02:51.522,blofin,A/USDT:USDT,0.57679,902.0,0.57674,755.0,0.57681,99.0,0.57684,3.0
1753617772523,12:02:52.523,blofin,A/USDT:USDT,0.57679,905.0,0.57674,172.0,0.57681,12.0,0.57684,3.0
1753617773715,12:02:53.715,blofin,A/USDT:USDT,0.57673,11.0,0.57672,61.0,0.57674,141.0,0.57675,2.0
1753617774525,12:02:54.525,blofin,A/USDT:USDT,0.57673,11.0,0.57672,34.0,0.57675,284.0,0.5768,94.0
1753617775530,12:02:55.530,blofin,A/USDT:USDT,0.57672,36.0,0.5767,49.0,0.57674,280.0,0.57675,4.0
1753617777031,12:02:57.031,blofin,A/USDT:USDT,0.57672,359.0,0.5767,158.0,0.57674,6.0,0.5768,139.0
1753617778089,12:02:58.089,blofin,A/USDT:USDT,0.57672,359.0,0.57669,240.0,0.57674,6.0,0.5768,139.0
1753617779090,12:02:59.090,blofin,A/USDT:USDT,0.57672,512.0,0.57669,247.0,0.57674,5.0,0.5768,144.0
1753617780158,12:03:00.158,blofin,A/USDT:USDT,0.57673,3.0,0.57672,388.0,0.57674,5.0,0.57675,10.0
1753617781100,12:03:01.100,blofin,A/USDT:USDT,0.57673,3.0,0.57672,388.0,0.57674,5.0,0.57675,10.0
1753617782092,12:03:02.092,blofin,A/USDT:USDT,0.57672,692.0,0.57668,396.0,0.57674,433.0,0.57675,1.0
1753617783092,12:03:03.092,blofin,A/USDT:USDT,0.57672,692.0,0.5767,378.0,0.57674,433.0,0.57675,311.0
1753617784094,12:03:04.094,blofin,A/USDT:USDT,0.57672,692.0,0.57666,195.0,0.57674,434.0,0.57679,317.0
1753617785094,12:03:05.094,blofin,A/USDT:USDT,0.57672,691.0,0.5767,251.0,0.57674,6.0,0.57675,428.0
1753617786096,12:03:06.096,blofin,A/USDT:USDT,0.57672,689.0,0.5767,251.0,0.57674,5.0,0.57675,430.0
1753617787547,12:03:07.547,blofin,A/USDT:USDT,0.57679,33.0,0.57676,897.0,0.57681,72.0,0.57682,109.0
1753617789551,12:03:09.551,blofin,A/USDT:USDT,0.57679,513.0,0.57676,951.0,0.57681,75.0,0.57682,109.0
1753617790551,12:03:10.551,blofin,A/USDT:USDT,0.57679,514.0,0.57676,879.0,0.57681,75.0,0.57682,109.0
1753617791452,12:03:11.452,blofin,A/USDT:USDT,0.57679,652.0,0.57677,446.0,0.57681,64.0,0.57682,109.0
1753617792053,12:03:12.053,blofin,A/USDT:USDT,0.57679,652.0,0.57677,446.0,0.57681,62.0,0.57682,109.0
1753617793054,12:03:13.054,blofin,A/USDT:USDT,0.57679,839.0,0.57674,1457.0,0.57681,62.0,0.57682,109.0
1753617794056,12:03:14.056,blofin,A/USDT:USDT,0.57679,973.0,0.57676,1498.0,0.57681,62.0,0.57682,109.0
1753617795341,12:03:15.341,blofin,A/USDT:USDT,0.57679,1320.0,0.57677,1307.0,0.57681,62.0,0.57682,109.0
1753617796113,12:03:16.113,blofin,A/USDT:USDT,0.57679,1321.0,0.57676,1326.0,0.57681,62.0,0.57682,109.0
1753617797438,12:03:17.438,blofin,A/USDT:USDT,0.57688,34.0,0.57686,800.0,0.5769,2.0,0.57691,19.0
1753617798064,12:03:18.064,blofin,A/USDT:USDT,0.57688,39.0,0.57686,800.0,0.5769,2.0,0.57691,19.0
1753617799065,12:03:19.065,blofin,A/USDT:USDT,0.57688,430.0,0.57686,1476.0,0.57691,20.0,0.57692,86.0
1753617800569,12:03:20.569,blofin,A/USDT:USDT,0.57688,541.0,0.57683,42.0,0.5769,19.0,0.57691,1.0
1753617801574,12:03:21.574,blofin,A/USDT:USDT,0.57688,763.0,0.57684,765.0,0.5769,21.0,0.57692,86.0
1753617802571,12:03:22.571,blofin,A/USDT:USDT,0.57688,609.0,0.57685,526.0,0.5769,20.0,0.57692,229.0
1753617803573,12:03:23.573,blofin,A/USDT:USDT,0.57688,798.0,0.57682,564.0,0.5769,1.0,0.57692,105.0
1753617804547,12:03:24.547,blofin,A/USDT:USDT,0.57688,2.0,0.57684,849.0,0.57689,214.0,0.5769,1.0
1753617805576,12:03:25.576,blofin,A/USDT:USDT,0.57684,16.0,0.57683,642.0,0.57686,313.0,0.57688,42.0
1753617806577,12:03:26.577,blofin,A/USDT:USDT,0.57684,15.0,0.5768,535.0,0.57686,4.0,0.5769,97.0
1753617807579,12:03:27.579,blofin,A/USDT:USDT,0.57684,442.0,0.57681,432.0,0.57686,4.0,0.5769,12.0
1753617808580,12:03:28.580,blofin,A/USDT:USDT,0.57684,762.0,0.57679,547.0,0.57686,4.0,0.5769,10.0
1753617809592,12:03:29.592,blofin,A/USDT:USDT,0.57684,814.0,0.57681,347.0,0.57686,4.0,0.5769,10.0
1753617810583,12:03:30.583,blofin,A/USDT:USDT,0.57684,814.0,0.57683,577.0,0.57686,4.0,0.57688,9.0
1753617811590,12:03:31.590,blofin,A/USDT:USDT,0.57684,813.0,0.57679,478.0,0.57686,4.0,0.57688,14.0
1753617812587,12:03:32.587,blofin,A/USDT:USDT,0.57684,932.0,0.5768,220.0,0.57686,4.0,0.57688,14.0
1753617813588,12:03:33.588,blofin,A/USDT:USDT,0.57684,932.0,0.57679,1007.0,0.57686,4.0,0.57688,11.0
1753617814590,12:03:34.590,blofin,A/USDT:USDT,0.57684,932.0,0.57683,18.0,0.57686,4.0,0.57688,15.0
1753617815591,12:03:35.591,blofin,A/USDT:USDT,0.57684,1138.0,0.5768,14.0,0.57686,4.0,0.57688,11.0
1753617816593,12:03:36.593,blofin,A/USDT:USDT,0.57684,1139.0,0.57681,602.0,0.57686,4.0,0.57688,14.0
1753617817595,12:03:37.595,blofin,A/USDT:USDT,0.57684,1139.0,0.57681,409.0,0.57686,4.0,0.57688,11.0
1753617818595,12:03:38.595,blofin,A/USDT:USDT,0.57684,1177.0,0.57679,828.0,0.57686,4.0,0.57688,11.0
1753617819598,12:03:39.598,blofin,A/USDT:USDT,0.57684,1229.0,0.57681,1184.0,0.57686,4.0,0.57688,11.0
1753617820599,12:03:40.599,blofin,A/USDT:USDT,0.57685,1223.0,0.57684,5.0,0.57686,4.0,0.57688,12.0
1753617821601,12:03:41.601,blofin,A/USDT:USDT,0.57685,780.0,0.57684,3.0,0.57686,4.0,0.57688,14.0
1753617822102,12:03:42.102,blofin,A/USDT:USDT,0.57686,775.0,0.57685,5.0,0.57688,4.0,0.57694,21.0
1753617823106,12:03:43.106,blofin,A/USDT:USDT,0.57686,664.0,0.57685,335.0,0.57694,21.0,0.57697,22.0
1753617824105,12:03:44.105,blofin,A/USDT:USDT,0.57686,666.0,0.57684,3.0,0.57694,21.0,0.57696,19.0
1753617825105,12:03:45.105,blofin,A/USDT:USDT,0.57686,959.0,0.57684,3.0,0.57694,21.0,0.57696,20.0
1753617826606,12:03:46.606,blofin,A/USDT:USDT,0.57686,680.0,0.57684,3.0,0.57694,21.0,0.57696,23.0
1753617827607,12:03:47.607,blofin,A/USDT:USDT,0.57686,806.0,0.57684,3.0,0.57694,21.0,0.57696,20.0
1753617828609,12:03:48.609,blofin,A/USDT:USDT,0.57686,1014.0,0.57684,3.0,0.57694,21.0,0.57696,20.0
1753617829609,12:03:49.609,blofin,A/USDT:USDT,0.57686,1015.0,0.57684,3.0,0.57694,21.0,0.57696,20.0
1753617830610,12:03:50.610,blofin,A/USDT:USDT,0.57686,1014.0,0.57684,3.0,0.57694,21.0,0.57696,20.0
1753617831611,12:03:51.611,blofin,A/USDT:USDT,0.57686,1073.0,0.57684,454.0,0.57694,21.0,0.57696,23.0
1753617832615,12:03:52.615,blofin,A/USDT:USDT,0.57686,1137.0,0.57684,3.0,0.57694,21.0,0.57696,24.0
1753617833615,12:03:53.615,blofin,A/USDT:USDT,0.5769,1137.0,0.57684,38.0,0.57694,21.0,0.57696,20.0
1753617834617,12:03:54.617,blofin,A/USDT:USDT,0.5769,244.0,0.57686,191.0,0.57694,21.0,0.57696,23.0
1753617835119,12:03:55.119,blofin,A/USDT:USDT,0.5769,244.0,0.57686,191.0,0.57694,21.0,0.57696,21.0
1753617836119,12:03:56.119,blofin,A/USDT:USDT,0.5769,446.0,0.57688,1106.0,0.57694,21.0,0.57696,21.0
1753617837121,12:03:57.121,blofin,A/USDT:USDT,0.5769,581.0,0.57689,736.0,0.57696,25.0,0.57697,568.0
1753617838122,12:03:58.122,blofin,A/USDT:USDT,0.5769,561.0,0.57685,146.0,0.57692,216.0,0.57696,328.0
1753617839255,12:03:59.255,blofin,A/USDT:USDT,0.5769,853.0,0.57687,786.0,0.57692,2.0,0.57696,215.0
1753617840179,12:04:00.179,blofin,A/USDT:USDT,0.5769,3.0,0.57686,970.0,0.57692,19.0,0.57694,680.0
1753617841127,12:04:01.127,blofin,A/USDT:USDT,0.57686,513.0,0.57685,18.0,0.57696,146.0,0.57698,45.0
1753617842455,12:04:02.455,blofin,A/USDT:USDT,0.57686,509.0,0.57681,103.0,0.57691,353.0,0.57695,591.0
1753617843627,12:04:03.627,blofin,A/USDT:USDT,0.57686,509.0,0.5768,276.0,0.57693,139.0,0.57695,4.0
1753617844629,12:04:04.629,blofin,A/USDT:USDT,0.57665,216.0,0.57664,259.0,0.57667,447.0,0.57668,544.0
1753617845630,12:04:05.630,blofin,A/USDT:USDT,0.57665,178.0,0.57664,259.0,0.57667,143.0,0.5767,7.0
1753617846714,12:04:06.714,blofin,A/USDT:USDT,0.57665,180.0,0.57664,219.0,0.57667,5.0,0.57669,214.0
1753617847635,12:04:07.635,blofin,A/USDT:USDT,0.57665,528.0,0.57664,219.0,0.57667,5.0,0.57668,139.0
1753617849138,12:04:09.138,blofin,A/USDT:USDT,0.57665,604.0,0.57664,219.0,0.57667,140.0,0.57672,681.0
1753617850140,12:04:10.140,blofin,A/USDT:USDT,0.57666,445.0,0.57665,159.0,0.57677,33.0,0.5768,144.0
1753617851142,12:04:11.142,blofin,A/USDT:USDT,0.57665,353.0,0.57664,219.0,0.57671,144.0,0.57672,485.0
1753617852286,12:04:12.286,blofin,A/USDT:USDT,0.57665,870.0,0.57664,219.0,0.57672,1.0,0.5768,94.0
1753617853143,12:04:13.143,blofin,A/USDT:USDT,0.57665,870.0,0.57664,219.0,0.5768,98.0,0.57682,133.0
1753617854144,12:04:14.144,blofin,A/USDT:USDT,0.57666,722.0,0.57665,1465.0,0.5768,4.0,0.57682,272.0
1753617855147,12:04:15.147,blofin,A/USDT:USDT,0.57666,196.0,0.57665,158.0,0.5768,4.0,0.57682,272.0
1753617856324,12:04:16.324,blofin,A/USDT:USDT,0.57679,12.0,0.57675,353.0,0.57683,214.0,0.57684,3.0
1753617857209,12:04:17.209,blofin,A/USDT:USDT,0.57679,12.0,0.57673,19.0,0.57683,19.0,0.57684,5.0
1753617858156,12:04:18.156,blofin,A/USDT:USDT,0.57679,13.0,0.57677,493.0,0.57682,19.0,0.57684,910.0
1753617859153,12:04:19.153,blofin,A/USDT:USDT,0.57679,260.0,0.57674,764.0,0.57681,2.0,0.57684,19.0
1753617860155,12:04:20.155,blofin,A/USDT:USDT,0.57679,273.0,0.57676,346.0,0.57681,216.0,0.57683,179.0
1753617861155,12:04:21.155,blofin,A/USDT:USDT,0.57679,270.0,0.57676,346.0,0.57681,217.0,0.57683,179.0
1753617862385,12:04:22.385,blofin,A/USDT:USDT,0.57679,494.0,0.57677,110.0,0.57681,3.0,0.57685,308.0
1753617863159,12:04:23.159,blofin,A/USDT:USDT,0.57679,494.0,0.57677,110.0,0.57685,309.0,0.57689,23.0
1753617864157,12:04:24.157,blofin,A/USDT:USDT,0.57679,775.0,0.57677,518.0,0.57684,19.0,0.57685,138.0
1753617865157,12:04:25.157,blofin,A/USDT:USDT,0.57679,824.0,0.57674,659.0,0.57684,24.0,0.57688,1413.0
1753617866171,12:04:26.171,blofin,A/USDT:USDT,0.57679,829.0,0.57674,647.0,0.57684,21.0,0.57688,1413.0
1753617867553,12:04:27.553,blofin,A/USDT:USDT,0.57679,1110.0,0.57675,487.0,0.57684,321.0,0.57687,737.0
1753617868160,12:04:28.160,blofin,A/USDT:USDT,0.57679,1111.0,0.57678,531.0,0.57682,214.0,0.57684,3.0
1753617869159,12:04:29.159,blofin,A/USDT:USDT,0.57679,1112.0,0.57674,136.0,0.57681,224.0,0.57682,4.0
1753617870159,12:04:30.159,blofin,A/USDT:USDT,0.57671,9.0,0.5767,70.0,0.5768,139.0,0.57681,4.0
1753617872676,12:04:32.676,blofin,A/USDT:USDT,0.57677,454.0,0.57675,3.0,0.5768,2.0,0.57681,10.0
1753617873677,12:04:33.677,blofin,A/USDT:USDT,0.57677,542.0,0.57676,29.0,0.57681,13.0,0.57682,830.0
1753617874680,12:04:34.680,blofin,A/USDT:USDT,0.57677,698.0,0.57673,284.0,0.57681,12.0,0.57684,96.0
1753617875682,12:04:35.682,blofin,A/USDT:USDT,0.57677,195.0,0.57674,391.0,0.57681,14.0,0.57683,245.0
1753617876681,12:04:36.681,blofin,A/USDT:USDT,0.57677,194.0,0.57675,223.0,0.57681,15.0,0.57682,79.0
1753617877683,12:04:37.683,blofin,A/USDT:USDT,0.57677,251.0,0.57676,313.0,0.57681,5.0,0.57682,10.0
1753617878166,12:04:38.166,blofin,A/USDT:USDT,0.57677,307.0,0.57675,309.0,0.57681,15.0,0.57682,200.0
1753617879166,12:04:39.166,blofin,A/USDT:USDT,0.57677,307.0,0.57674,143.0,0.57681,12.0,0.57684,322.0
1753617880167,12:04:40.167,blofin,A/USDT:USDT,0.57677,303.0,0.57672,375.0,0.57681,12.0,0.57684,1.0
1753617881169,12:04:41.169,blofin,A/USDT:USDT,0.57677,303.0,0.57674,402.0,0.5768,14.0,0.57682,153.0
1753617882167,12:04:42.167,blofin,A/USDT:USDT,0.57677,110.0,0.57676,171.0,0.57679,214.0,0.5768,1.0
1753617883308,12:04:43.308,blofin,A/USDT:USDT,0.57677,212.0,0.57671,135.0,0.57679,3.0,0.5768,214.0
1753617884376,12:04:44.376,blofin,A/USDT:USDT,0.57675,15.0,0.5767,70.0,0.57677,229.0,0.57679,4.0
1753617885169,12:04:45.169,blofin,A/USDT:USDT,0.57675,292.0,0.57672,165.0,0.57677,141.0,0.57679,119.0
1753617886413,12:04:46.413,blofin,A/USDT:USDT,0.57669,10.0,0.57666,442.0,0.57674,43.0,0.57679,146.0
1753617887171,12:04:47.171,blofin,A/USDT:USDT,0.57666,193.0,0.57665,594.0,0.57674,43.0,0.57675,98.0
1753617888174,12:04:48.174,blofin,A/USDT:USDT,0.57666,193.0,0.57665,3.0,0.57674,43.0,0.57675,97.0
1753617889175,12:04:49.175,blofin,A/USDT:USDT,0.57666,198.0,0.57664,594.0,0.57674,43.0,0.57675,1.0
1753617890186,12:04:50.186,blofin,A/USDT:USDT,0.57666,198.0,0.57664,706.0,0.57674,43.0,0.57676,95.0
1753617891174,12:04:51.174,blofin,A/USDT:USDT,0.57666,195.0,0.57664,706.0,0.57676,95.0,0.5768,278.0
1753617892175,12:04:52.175,blofin,A/USDT:USDT,0.57666,369.0,0.57663,270.0,0.57675,94.0,0.57676,1.0
1753617893176,12:04:53.176,blofin,A/USDT:USDT,0.57666,372.0,0.57663,270.0,0.57675,94.0,0.57676,1.0
1753617894175,12:04:54.175,blofin,A/USDT:USDT,0.57667,10.0,0.57665,1.0,0.5767,94.0,0.57673,748.0
1753617895177,12:04:55.177,blofin,A/USDT:USDT,0.57667,189.0,0.57666,426.0,0.57674,144.0,0.57675,299.0
1753617896197,12:04:56.197,blofin,A/USDT:USDT,0.57667,193.0,0.57666,426.0,0.57674,147.0,0.57675,299.0
1753617897179,12:04:57.179,blofin,A/USDT:USDT,0.57667,190.0,0.57665,113.0,0.57674,143.0,0.57676,942.0
1753617898179,12:04:58.179,blofin,A/USDT:USDT,0.57667,193.0,0.57661,1105.0,0.57674,145.0,0.57677,30.0
1753617899185,12:04:59.185,blofin,A/USDT:USDT,0.57667,193.0,0.57663,649.0,0.57674,145.0,0.57677,852.0
1753617900571,12:05:00.571,blofin,A/USDT:USDT,0.57665,143.0,0.57662,367.0,0.57674,145.0,0.57676,62.0
1753617901721,12:05:01.721,blofin,A/USDT:USDT,0.57667,194.0,0.57663,450.0,0.57674,440.0,0.57678,226.0
1753617902724,12:05:02.724,blofin,A/USDT:USDT,0.57667,38.0,0.57664,376.0,0.57673,94.0,0.57674,5.0
1753617903724,12:05:03.724,blofin,A/USDT:USDT,0.57667,40.0,0.57663,267.0,0.57673,141.0,0.57674,3.0
1753617904725,12:05:04.725,blofin,A/USDT:USDT,0.57667,232.0,0.57662,536.0,0.57673,141.0,0.57674,3.0
1753617905729,12:05:05.729,blofin,A/USDT:USDT,0.57667,232.0,0.57665,46.0,0.57674,145.0,0.57676,421.0
1753617907187,12:05:07.187,blofin,A/USDT:USDT,0.57667,478.0,0.57666,52.0,0.57673,139.0,0.57674,218.0
1753617908188,12:05:08.188,blofin,A/USDT:USDT,0.57667,476.0,0.57662,376.0,0.57673,441.0,0.57674,3.0
1753617909189,12:05:09.189,blofin,A/USDT:USDT,0.57667,476.0,0.57664,70.0,0.57673,440.0,0.57674,3.0
1753617910189,12:05:10.189,blofin,A/USDT:USDT,0.57667,474.0,0.57665,234.0,0.57673,440.0,0.57674,371.0
1753617911195,12:05:11.195,blofin,A/USDT:USDT,0.57667,476.0,0.57665,234.0,0.57673,444.0,0.57674,371.0
1753617912440,12:05:12.440,blofin,A/USDT:USDT,0.57669,18.0,0.57668,337.0,0.57672,139.0,0.57673,2.0
1753617913194,12:05:13.194,blofin,A/USDT:USDT,0.57669,40.0,0.57668,4.0,0.57673,302.0,0.57674,3.0
1753617914193,12:05:14.193,blofin,A/USDT:USDT,0.57669,44.0,0.57667,522.0,0.57673,219.0,0.57674,3.0
1753617915194,12:05:15.194,blofin,A/USDT:USDT,0.57669,239.0,0.57668,829.0,0.57673,3.0,0.57674,303.0
1753617916195,12:05:16.195,blofin,A/USDT:USDT,0.57669,237.0,0.57668,829.0,0.57674,305.0,0.57676,341.0
1753617917284,12:05:17.284,blofin,A/USDT:USDT,0.57682,249.0,0.57679,657.0,0.57683,113.0,0.57684,132.0
1753617918748,12:05:18.748,blofin,A/USDT:USDT,0.57684,197.0,0.57678,329.0,0.57686,102.0,0.57687,288.0
1753617920751,12:05:20.751,blofin,A/USDT:USDT,0.57684,596.0,0.57682,265.0,0.57686,102.0,0.57687,288.0
1753617921752,12:05:21.752,blofin,A/USDT:USDT,0.57684,599.0,0.57679,188.0,0.57686,102.0,0.57687,228.0
1753617922753,12:05:22.753,blofin,A/USDT:USDT,0.57684,597.0,0.57681,906.0,0.57686,102.0,0.57687,228.0
1753617925255,12:05:25.255,blofin,A/USDT:USDT,0.57684,439.0,0.57681,156.0,0.57686,329.0,0.57687,228.0
1753617926217,12:05:26.217,blofin,A/USDT:USDT,0.57684,440.0,0.57681,156.0,0.57686,230.0,0.57688,277.0
1753617927259,12:05:27.259,blofin,A/USDT:USDT,0.57684,497.0,0.57681,173.0,0.57686,15.0,0.57689,242.0
1753617928262,12:05:28.262,blofin,A/USDT:USDT,0.57684,499.0,0.57682,424.0,0.57686,229.0,0.57687,808.0
1753617929262,12:05:29.262,blofin,A/USDT:USDT,0.57673,9.0,0.57672,530.0,0.57675,224.0,0.57677,461.0
1753617930368,12:05:30.368,blofin,A/USDT:USDT,0.57673,9.0,0.57672,56.0,0.57674,94.0,0.57676,614.0
1753617931263,12:05:31.263,blofin,A/USDT:USDT,0.57673,9.0,0.57672,126.0,0.57674,4.0,0.57675,10.0
1753617932266,12:05:32.266,blofin,A/USDT:USDT,0.57673,9.0,0.57672,126.0,0.57674,10.0,0.57675,2.0
1753617933267,12:05:33.267,blofin,A/USDT:USDT,0.57673,9.0,0.57672,111.0,0.57675,12.0,0.57679,473.0
1753617934269,12:05:34.269,blofin,A/USDT:USDT,0.57673,9.0,0.57672,231.0,0.57674,21.0,0.57675,4.0
1753617935269,12:05:35.269,blofin,A/USDT:USDT,0.57673,9.0,0.57672,285.0,0.57674,236.0,0.57678,336.0
1753617937271,12:05:37.271,blofin,A/USDT:USDT,0.5766,38.0,0.57659,42.0,0.57662,312.0,0.57665,24.0
1753617938273,12:05:38.273,blofin,A/USDT:USDT,0.5766,38.0,0.57659,42.0,0.57666,121.0,0.5767,494.0
1753617939279,12:05:39.279,blofin,A/USDT:USDT,0.5766,38.0,0.57659,44.0,0.57666,121.0,0.57671,555.0
1753617940279,12:05:40.279,blofin,A/USDT:USDT,0.5766,38.0,0.57659,44.0,0.57666,124.0,0.57671,1103.0
1753617941214,12:05:41.214,blofin,A/USDT:USDT,0.5766,38.0,0.57659,21.0,0.57666,121.0,0.57671,1053.0
1753617942216,12:05:42.216,blofin,A/USDT:USDT,0.5766,38.0,0.57659,23.0,0.57666,143.0,0.57669,566.0
1753617942767,12:05:42.767,blofin,A/USDT:USDT,0.5766,57.0,0.57659,4.0,0.57666,146.0,0.57667,55.0
1753617943782,12:05:43.782,blofin,A/USDT:USDT,0.5766,63.0,0.57656,195.0,0.57665,143.0,0.57668,291.0
1753617944782,12:05:44.782,blofin,A/USDT:USDT,0.57662,12.0,0.5766,38.0,0.57664,139.0,0.57665,4.0
1753617945787,12:05:45.787,blofin,A/USDT:USDT,0.57662,120.0,0.57661,21.0,0.57665,140.0,0.57666,803.0
1753617946786,12:05:46.786,blofin,A/USDT:USDT,0.57662,121.0,0.5766,494.0,0.57665,354.0,0.5767,628.0
1753617947787,12:05:47.787,blofin,A/USDT:USDT,0.57662,174.0,0.5766,151.0,0.57665,142.0,0.57668,46.0
1753617949218,12:05:49.218,blofin,A/USDT:USDT,0.57662,198.0,0.5766,38.0,0.57664,181.0,0.57667,123.0
1753617950220,12:05:50.220,blofin,A/USDT:USDT,0.57662,215.0,0.5766,471.0,0.57664,181.0,0.57665,18.0
1753617951291,12:05:51.291,blofin,A/USDT:USDT,0.5766,38.0,0.57659,23.0,0.57664,14.0,0.57665,5.0
1753617954301,12:05:54.301,blofin,A/USDT:USDT,0.5766,38.0,0.57659,131.0,0.57664,17.0,0.57666,759.0
1753617955301,12:05:55.301,blofin,A/USDT:USDT,0.5766,38.0,0.57659,134.0,0.57663,13.0,0.57664,3.0
1753617956302,12:05:56.302,blofin,A/USDT:USDT,0.5766,133.0,0.57655,259.0,0.57663,21.0,0.57668,314.0
1753617957395,12:05:57.395,blofin,A/USDT:USDT,0.5766,24.0,0.57656,70.0,0.57662,13.0,0.57663,8.0
1753617958304,12:05:58.304,blofin,A/USDT:USDT,0.5766,22.0,0.57657,63.0,0.57662,195.0,0.57663,8.0
1753617959313,12:05:59.313,blofin,A/USDT:USDT,0.5766,22.0,0.57655,136.0,0.57662,197.0,0.57663,4.0
1753617960307,12:06:00.307,blofin,A/USDT:USDT,0.5766,3.0,0.57659,134.0,0.57661,648.0,0.57662,2.0
1753617961527,12:06:01.527,blofin,A/USDT:USDT,0.57651,45.0,0.57649,6.0,0.57661,673.0,0.57663,4.0
1753617963312,12:06:03.312,blofin,A/USDT:USDT,0.57652,181.0,0.5765,167.0,0.57661,671.0,0.57662,482.0
1753617964818,12:06:04.818,blofin,A/USDT:USDT,0.57651,131.0,0.57649,124.0,0.57655,670.0,0.57656,89.0
1753617965815,12:06:05.815,blofin,A/USDT:USDT,0.57649,6.0,0.57648,394.0,0.5765,94.0,0.57651,319.0
1753617966816,12:06:06.816,blofin,A/USDT:USDT,0.57648,405.0,0.57647,823.0,0.5765,2.0,0.57651,641.0
1753617967819,12:06:07.819,blofin,A/USDT:USDT,0.57648,405.0,0.57647,34.0,0.5765,643.0,0.57652,359.0
1753617968820,12:06:08.820,blofin,A/USDT:USDT,0.57648,405.0,0.57647,34.0,0.5765,643.0,0.57654,231.0
1753617969822,12:06:09.822,blofin,A/USDT:USDT,0.57648,544.0,0.57647,34.0,0.5765,645.0,0.57652,892.0
1753617970825,12:06:10.825,blofin,A/USDT:USDT,0.57648,541.0,0.57647,34.0,0.5765,645.0,0.57654,578.0
1753617971827,12:06:11.827,blofin,A/USDT:USDT,0.57648,544.0,0.57647,34.0,0.5765,645.0,0.57651,798.0
1753617972828,12:06:12.828,blofin,A/USDT:USDT,0.57648,544.0,0.57647,34.0,0.5765,644.0,0.57651,192.0
1753617973830,12:06:13.830,blofin,A/USDT:USDT,0.57648,543.0,0.57647,34.0,0.5765,646.0,0.57654,97.0
1753617974830,12:06:14.830,blofin,A/USDT:USDT,0.57648,541.0,0.57647,34.0,0.5765,646.0,0.57651,779.0
1753617975833,12:06:15.833,blofin,A/USDT:USDT,0.57648,541.0,0.57647,34.0,0.5765,642.0,0.57654,668.0
1753617976836,12:06:16.836,blofin,A/USDT:USDT,0.57648,544.0,0.57647,34.0,0.5765,643.0,0.57652,867.0
1753617977844,12:06:17.844,blofin,A/USDT:USDT,0.57648,541.0,0.57647,153.0,0.57651,643.0,0.57656,19.0
1753617978839,12:06:18.839,blofin,A/USDT:USDT,0.57648,543.0,0.57647,34.0,0.5765,646.0,0.57654,607.0
1753617980040,12:06:20.040,blofin,A/USDT:USDT,0.57668,139.0,0.57665,603.0,0.57669,12.0,0.5767,272.0
1753617980842,12:06:20.842,blofin,A/USDT:USDT,0.5767,43.0,0.57664,153.0,0.57672,77.0,0.57674,6.0
1753617982243,12:06:22.243,blofin,A/USDT:USDT,0.5767,248.0,0.57667,703.0,0.57672,9.0,0.57673,1.0
1753617983242,12:06:23.242,blofin,A/USDT:USDT,0.5767,245.0,0.57668,817.0,0.57672,14.0,0.57674,393.0
1753617984243,12:06:24.243,blofin,A/USDT:USDT,0.5767,275.0,0.57666,533.0,0.57672,11.0,0.57674,6.0
1753617985243,12:06:25.243,blofin,A/USDT:USDT,0.5767,348.0,0.57664,235.0,0.57672,12.0,0.57674,6.0
1753617986350,12:06:26.350,blofin,A/USDT:USDT,0.5767,446.0,0.57664,370.0,0.57672,18.0,0.57677,129.0
1753617987245,12:06:27.245,blofin,A/USDT:USDT,0.5767,446.0,0.57667,453.0,0.57672,18.0,0.57674,186.0
1753617988249,12:06:28.249,blofin,A/USDT:USDT,0.5767,446.0,0.57665,260.0,0.57672,38.0,0.57676,334.0
1753617989250,12:06:29.250,blofin,A/USDT:USDT,0.5767,262.0,0.57665,484.0,0.57672,248.0,0.57677,262.0
1753617990248,12:06:30.248,blofin,A/USDT:USDT,0.5767,259.0,0.57665,720.0,0.57672,34.0,0.57676,360.0
1753617991249,12:06:31.249,blofin,A/USDT:USDT,0.5767,261.0,0.57665,720.0,0.57672,38.0,0.57676,360.0
1753617992249,12:06:32.249,blofin,A/USDT:USDT,0.5767,262.0,0.57668,670.0,0.57672,47.0,0.57673,248.0
1753617993250,12:06:33.250,blofin,A/USDT:USDT,0.5767,262.0,0.57666,862.0,0.57672,46.0,0.57676,297.0
1753617994253,12:06:34.253,blofin,A/USDT:USDT,0.5767,271.0,0.57666,928.0,0.57672,44.0,0.57675,666.0
1753617995254,12:06:35.254,blofin,A/USDT:USDT,0.5767,261.0,0.57668,462.0,0.57672,47.0,0.57673,315.0
1753617996252,12:06:36.252,blofin,A/USDT:USDT,0.57673,67.0,0.5767,5.0,0.57678,14.0,0.57679,158.0
1753617997253,12:06:37.253,blofin,A/USDT:USDT,0.5767,388.0,0.57665,110.0,0.57672,355.0,0.57676,539.0
1753617998251,12:06:38.251,blofin,A/USDT:USDT,0.57662,101.0,0.57661,47.0,0.57663,141.0,0.57665,479.0
1753617999251,12:06:39.251,blofin,A/USDT:USDT,0.57659,92.0,0.57656,327.0,0.57669,200.0,0.57672,280.0
1753618000252,12:06:40.252,blofin,A/USDT:USDT,0.57659,96.0,0.57656,61.0,0.57662,10.0,0.57667,256.0
1753618001252,12:06:41.252,blofin,A/USDT:USDT,0.57659,96.0,0.57654,60.0,0.57662,11.0,0.57667,256.0
1753618002253,12:06:42.253,blofin,A/USDT:USDT,0.57659,97.0,0.57657,648.0,0.57662,15.0,0.57663,397.0
1753618003254,12:06:43.254,blofin,A/USDT:USDT,0.57659,96.0,0.57654,60.0,0.57662,12.0,0.57667,216.0
1753618004373,12:06:44.373,blofin,A/USDT:USDT,0.57654,60.0,0.57653,21.0,0.57657,98.0,0.5766,221.0
1753618005375,12:06:45.375,blofin,A/USDT:USDT,0.57654,60.0,0.57653,111.0,0.57657,216.0,0.5766,559.0
1753618006459,12:06:46.459,blofin,A/USDT:USDT,0.57654,60.0,0.57653,164.0,0.57656,121.0,0.57657,2.0
1753618007376,12:06:47.376,blofin,A/USDT:USDT,0.57654,60.0,0.57653,164.0,0.57656,27.0,0.57657,340.0
1753618008377,12:06:48.377,blofin,A/USDT:USDT,0.57654,60.0,0.57653,161.0,0.57656,27.0,0.5766,519.0
1753618009379,12:06:49.379,blofin,A/USDT:USDT,0.57654,60.0,0.57653,161.0,0.57657,27.0,0.5766,29.0
1753618010380,12:06:50.380,blofin,A/USDT:USDT,0.57654,60.0,0.57653,163.0,0.57656,25.0,0.57657,2.0
1753618011383,12:06:51.383,blofin,A/USDT:USDT,0.57654,60.0,0.57653,162.0,0.57656,27.0,0.57659,173.0
1753618012384,12:06:52.384,blofin,A/USDT:USDT,0.57654,60.0,0.57653,161.0,0.57656,27.0,0.5766,179.0
1753618013385,12:06:53.385,blofin,A/USDT:USDT,0.57654,60.0,0.57653,163.0,0.57656,26.0,0.5766,298.0
1753618014386,12:06:54.386,blofin,A/USDT:USDT,0.57654,60.0,0.57653,290.0,0.57656,37.0,0.57658,657.0
1753618015389,12:06:55.389,blofin,A/USDT:USDT,0.57654,60.0,0.57653,268.0,0.57656,80.0,0.57658,450.0
1753618016492,12:06:56.492,blofin,A/USDT:USDT,0.57653,323.0,0.57651,621.0,0.57655,78.0,0.57656,4.0
1753618017393,12:06:57.393,blofin,A/USDT:USDT,0.57653,323.0,0.57649,280.0,0.57655,69.0,0.57656,2.0
1753618018392,12:06:58.392,blofin,A/USDT:USDT,0.57653,321.0,0.57648,121.0,0.57655,69.0,0.57656,2.0
1753618019393,12:06:59.393,blofin,A/USDT:USDT,0.57653,325.0,0.57649,572.0,0.57655,69.0,0.57656,2.0
1753618020397,12:07:00.397,blofin,A/USDT:USDT,0.57649,369.0,0.57647,832.0,0.57651,68.0,0.57653,341.0
1753618021915,12:07:01.915,blofin,A/USDT:USDT,0.57649,277.0,0.57646,136.0,0.57654,697.0,0.57656,241.0
1753618022901,12:07:02.901,blofin,A/USDT:USDT,0.57641,107.0,0.57639,73.0,0.57643,126.0,0.57647,638.0
1753618023903,12:07:03.903,blofin,A/USDT:USDT,0.57636,3.0,0.57635,81.0,0.57637,313.0,0.57641,770.0
1753618025268,12:07:05.268,blofin,A/USDT:USDT,0.57636,3.0,0.57635,226.0,0.57637,222.0,0.57639,954.0
1753618026405,12:07:06.405,blofin,A/USDT:USDT,0.57631,141.0,0.57629,82.0,0.57633,95.0,0.57637,172.0
1753618027409,12:07:07.409,blofin,A/USDT:USDT,0.57629,211.0,0.57627,126.0,0.57631,97.0,0.57633,469.0
1753618028411,12:07:08.411,blofin,A/USDT:USDT,0.57629,325.0,0.57628,463.0,0.57631,3.0,0.57637,614.0
1753618029412,12:07:09.412,blofin,A/USDT:USDT,0.57629,325.0,0.57627,549.0,0.57635,141.0,0.57637,135.0
1753618030414,12:07:10.414,blofin,A/USDT:USDT,0.57629,325.0,0.57624,338.0,0.57635,333.0,0.57639,43.0
1753618031476,12:07:11.476,blofin,A/USDT:USDT,0.57624,107.0,0.57623,156.0,0.57629,236.0,0.5763,1.0
1753618032417,12:07:12.417,blofin,A/USDT:USDT,0.57624,107.0,0.57623,156.0,0.57629,139.0,0.5763,1.0
1753618033420,12:07:13.420,blofin,A/USDT:USDT,0.57624,107.0,0.57623,281.0,0.57629,139.0,0.5763,1.0
1753618034414,12:07:14.414,blofin,A/USDT:USDT,0.57625,139.0,0.57624,107.0,0.5763,1.0,0.57637,300.0
1753618035424,12:07:15.424,blofin,A/USDT:USDT,0.57625,191.0,0.57624,107.0,0.57637,289.0,0.57642,333.0
1753618036428,12:07:16.428,blofin,A/USDT:USDT,0.57629,192.0,0.57627,206.0,0.57637,126.0,0.57638,500.0
1753618037426,12:07:17.426,blofin,A/USDT:USDT,0.57627,134.0,0.57624,107.0,0.57637,126.0,0.5764,99.0
1753618038929,12:07:18.929,blofin,A/USDT:USDT,0.57627,136.0,0.57625,439.0,0.57637,127.0,0.57639,1135.0
1753618039930,12:07:19.930,blofin,A/USDT:USDT,0.57627,136.0,0.57624,713.0,0.57637,127.0,0.57639,458.0
1753618041085,12:07:21.085,blofin,A/USDT:USDT,0.5763,329.0,0.57628,324.0,0.57637,127.0,0.57638,207.0
1753618041932,12:07:21.932,blofin,A/USDT:USDT,0.57642,46.0,0.57636,626.0,0.57648,14.0,0.57653,215.0
1753618042934,12:07:22.934,blofin,A/USDT:USDT,0.57642,152.0,0.57636,268.0,0.57648,14.0,0.57653,182.0
1753618043936,12:07:23.936,blofin,A/USDT:USDT,0.57642,152.0,0.57639,164.0,0.57648,12.0,0.57651,147.0
1753618045030,12:07:25.030,blofin,A/USDT:USDT,0.57642,152.0,0.57641,610.0,0.57647,10.0,0.57648,5.0
1753618046134,12:07:26.134,blofin,A/USDT:USDT,0.57642,164.0,0.57636,694.0,0.57648,219.0,0.57653,393.0
1753618046940,12:07:26.940,blofin,A/USDT:USDT,0.57642,294.0,0.57639,337.0,0.57644,12.0,0.57646,467.0
1753618048233,12:07:28.233,blofin,A/USDT:USDT,0.57642,459.0,0.57637,78.0,0.57644,5.0,0.57648,313.0
1753618049299,12:07:29.299,blofin,A/USDT:USDT,0.57642,459.0,0.5764,113.0,0.57648,220.0,0.5765,417.0
1753618050299,12:07:30.299,blofin,A/USDT:USDT,0.57642,460.0,0.57638,267.0,0.57645,10.0,0.57648,88.0
1753618051360,12:07:31.360,blofin,A/USDT:USDT,0.57642,458.0,0.57638,194.0,0.57644,1.0,0.57645,10.0
1753618052301,12:07:32.301,blofin,A/USDT:USDT,0.57642,460.0,0.57641,353.0,0.57646,5.0,0.57647,15.0
1753618053488,12:07:33.488,blofin,A/USDT:USDT,0.57642,487.0,0.57638,258.0,0.57644,1.0,0.57645,210.0
1753618054450,12:07:34.450,blofin,A/USDT:USDT,0.57642,487.0,0.57638,182.0,0.57646,19.0,0.57648,5.0
1753618055410,12:07:35.410,blofin,A/USDT:USDT,0.57642,489.0,0.57636,203.0,0.57646,334.0,0.57648,5.0
1753618056454,12:07:36.454,blofin,A/USDT:USDT,0.57642,489.0,0.57638,497.0,0.57646,191.0,0.57648,5.0
1753618057503,12:07:37.503,blofin,A/USDT:USDT,0.57642,489.0,0.5764,98.0,0.57644,192.0,0.57645,511.0
1753618058455,12:07:38.455,blofin,A/USDT:USDT,0.57636,127.0,0.57633,46.0,0.57638,494.0,0.57642,94.0
1753618059455,12:07:39.455,blofin,A/USDT:USDT,0.57636,247.0,0.57633,249.0,0.57638,495.0,0.5764,812.0
1753618060458,12:07:40.458,blofin,A/USDT:USDT,0.57636,452.0,0.57633,46.0,0.57638,284.0,0.57641,86.0
1753618061459,12:07:41.459,blofin,A/USDT:USDT,0.57636,453.0,0.57633,46.0,0.57638,497.0,0.57643,579.0
1753618062460,12:07:42.460,blofin,A/USDT:USDT,0.57636,453.0,0.57633,69.0,0.57638,283.0,0.5764,467.0
1753618063461,12:07:43.461,blofin,A/USDT:USDT,0.57636,129.0,0.57633,46.0,0.57638,499.0,0.57641,836.0
1753618064427,12:07:44.427,blofin,A/USDT:USDT,0.57617,135.0,0.57616,65.0,0.57619,94.0,0.57624,530.0
1753618065463,12:07:45.463,blofin,A/USDT:USDT,0.57617,123.0,0.57616,571.0,0.57623,99.0,0.57624,452.0
1753618067968,12:07:47.968,blofin,A/USDT:USDT,0.57642,41.0,0.57641,107.0,0.57643,63.0,0.57648,43.0
1753618068969,12:07:48.969,blofin,A/USDT:USDT,0.57629,9.0,0.57627,167.0,0.57635,97.0,0.57636,107.0
1753618069969,12:07:49.969,blofin,A/USDT:USDT,0.57629,14.0,0.57626,950.0,0.57635,99.0,0.57637,379.0
1753618070971,12:07:50.971,blofin,A/USDT:USDT,0.57629,11.0,0.57626,1002.0,0.57635,99.0,0.57637,435.0
1753618072315,12:07:52.315,blofin,A/USDT:USDT,0.57629,63.0,0.57626,982.0,0.57635,95.0,0.57637,22.0
1753618073316,12:07:53.316,blofin,A/USDT:USDT,0.57631,193.0,0.57625,1059.0,0.57635,4.0,0.57641,88.0
1753618074476,12:07:54.476,blofin,A/USDT:USDT,0.57631,234.0,0.57627,630.0,0.57641,93.0,0.57644,593.0
1753618075478,12:07:55.478,blofin,A/USDT:USDT,0.5763,143.0,0.57625,354.0,0.57633,94.0,0.57637,641.0
1753618076479,12:07:56.479,blofin,A/USDT:USDT,0.5763,143.0,0.57628,207.0,0.57633,3.0,0.5764,28.0
1753618077481,12:07:57.481,blofin,A/USDT:USDT,0.5763,146.0,0.57627,464.0,0.57633,3.0,0.57641,199.0
1753618078483,12:07:58.483,blofin,A/USDT:USDT,0.5763,145.0,0.57625,71.0,0.57633,3.0,0.57641,202.0
1753618079891,12:07:59.891,blofin,A/USDT:USDT,0.57632,190.0,0.5763,5.0,0.57633,3.0,0.57641,124.0
1753618080987,12:08:00.987,blofin,A/USDT:USDT,0.57632,143.0,0.5763,2.0,0.57634,384.0,0.57639,858.0
1753618081990,12:08:01.990,blofin,A/USDT:USDT,0.57632,335.0,0.5763,2.0,0.57634,386.0,0.57636,17.0
1753618082991,12:08:02.991,blofin,A/USDT:USDT,0.57632,332.0,0.5763,2.0,0.57634,406.0,0.57638,218.0
1753618084326,12:08:04.326,blofin,A/USDT:USDT,0.57632,493.0,0.5763,325.0,0.57634,406.0,0.57635,529.0
1753618085328,12:08:05.328,blofin,A/USDT:USDT,0.57632,494.0,0.5763,2.0,0.57634,406.0,0.57638,391.0
1753618086494,12:08:06.494,blofin,A/USDT:USDT,0.57632,304.0,0.5763,2.0,0.57634,406.0,0.57637,363.0
1753618087499,12:08:07.499,blofin,A/USDT:USDT,0.57632,162.0,0.5763,2.0,0.57634,620.0,0.57638,662.0
1753618088497,12:08:08.497,blofin,A/USDT:USDT,0.57632,162.0,0.5763,210.0,0.57634,619.0,0.57635,1256.0
1753618089499,12:08:09.499,blofin,A/USDT:USDT,0.57632,166.0,0.5763,321.0,0.57634,619.0,0.57635,635.0
1753618090500,12:08:10.500,blofin,A/USDT:USDT,0.57632,219.0,0.5763,2.0,0.57634,407.0,0.57638,426.0
1753618092002,12:08:12.002,blofin,A/USDT:USDT,0.57632,219.0,0.5763,2.0,0.57634,407.0,0.57637,271.0
1753618093005,12:08:13.005,blofin,A/USDT:USDT,0.57633,218.0,0.5763,2.0,0.57634,3.0,0.57641,120.0
1753618094005,12:08:14.005,blofin,A/USDT:USDT,0.57633,331.0,0.5763,2.0,0.57634,3.0,0.57641,120.0
1753618095165,12:08:15.165,blofin,A/USDT:USDT,0.57637,196.0,0.57636,588.0,0.57641,120.0,0.57642,1.0
1753618096010,12:08:16.010,blofin,A/USDT:USDT,0.57641,139.0,0.57637,5.0,0.57644,84.0,0.57646,204.0
1753618097332,12:08:17.332,blofin,A/USDT:USDT,0.57641,311.0,0.57635,108.0,0.57643,94.0,0.57644,71.0
1753618098385,12:08:18.385,blofin,A/USDT:USDT,0.57641,308.0,0.57636,239.0,0.57644,71.0,0.57645,5.0
1753618099335,12:08:19.335,blofin,A/USDT:USDT,0.57642,142.0,0.57637,596.0,0.57644,71.0,0.57646,166.0
1753618100518,12:08:20.518,blofin,A/USDT:USDT,0.57642,194.0,0.5764,37.0,0.57644,71.0,0.57646,153.0
1753618101519,12:08:21.519,blofin,A/USDT:USDT,0.57642,197.0,0.57638,540.0,0.57644,71.0,0.57646,165.0
1753618102520,12:08:22.520,blofin,A/USDT:USDT,0.57645,138.0,0.57642,5.0,0.57646,152.0,0.57651,279.0
1753618103524,12:08:23.524,blofin,A/USDT:USDT,0.57645,138.0,0.57642,308.0,0.57646,152.0,0.57651,279.0
1753618104525,12:08:24.525,blofin,A/USDT:USDT,0.57645,139.0,0.57644,286.0,0.57646,152.0,0.57651,279.0
1753618106524,12:08:26.524,blofin,A/USDT:USDT,0.57645,146.0,0.57642,319.0,0.57651,188.0,0.57653,250.0
1753618108029,12:08:28.029,blofin,A/USDT:USDT,0.5765,82.0,0.57646,877.0,0.57658,55.0,0.5766,129.0
1753618109032,12:08:29.032,blofin,A/USDT:USDT,0.57655,39.0,0.57651,587.0,0.5766,129.0,0.57661,78.0
1753618110030,12:08:30.030,blofin,A/USDT:USDT,0.57657,177.0,0.57652,629.0,0.5766,129.0,0.57661,78.0
1753618112343,12:08:32.343,blofin,A/USDT:USDT,0.5766,10.0,0.57657,3.0,0.57661,78.0,0.57665,9.0
1753618113344,12:08:33.344,blofin,A/USDT:USDT,0.5766,186.0,0.57655,210.0,0.57661,78.0,0.57665,9.0
1753618114537,12:08:34.537,blofin,A/USDT:USDT,0.5766,185.0,0.57658,92.0,0.57661,78.0,0.57665,9.0
1753618115543,12:08:35.543,blofin,A/USDT:USDT,0.5766,359.0,0.57657,411.0,0.57661,78.0,0.57665,9.0
1753618116537,12:08:36.537,blofin,A/USDT:USDT,0.5766,358.0,0.57656,401.0,0.57661,78.0,0.57665,9.0
1753618117540,12:08:37.540,blofin,A/USDT:USDT,0.5766,358.0,0.57656,429.0,0.57661,78.0,0.57665,9.0
1753618118542,12:08:38.542,blofin,A/USDT:USDT,0.5766,358.0,0.57659,313.0,0.57661,78.0,0.57665,9.0
1753618119544,12:08:39.544,blofin,A/USDT:USDT,0.5766,359.0,0.57657,125.0,0.57661,78.0,0.57665,9.0
1753618120709,12:08:40.709,blofin,A/USDT:USDT,0.57668,100.0,0.57664,18.0,0.57669,52.0,0.5767,35.0
1753618121545,12:08:41.545,blofin,A/USDT:USDT,0.57677,189.0,0.57673,635.0,0.57678,91.0,0.57679,94.0
1753618122551,12:08:42.551,blofin,A/USDT:USDT,0.57678,187.0,0.57677,2.0,0.57679,94.0,0.57683,114.0
1753618123548,12:08:43.548,blofin,A/USDT:USDT,0.57679,190.0,0.57676,47.0,0.57683,114.0,0.57684,24.0
1753618124554,12:08:44.554,blofin,A/USDT:USDT,0.57681,16.0,0.57678,63.0,0.57683,328.0,0.57684,5.0
1753618125556,12:08:45.556,blofin,A/USDT:USDT,0.57681,16.0,0.57679,210.0,0.57683,328.0,0.57684,477.0
1753618126549,12:08:46.549,blofin,A/USDT:USDT,0.57681,17.0,0.57675,163.0,0.57683,254.0,0.57687,15.0
1753618127552,12:08:47.552,blofin,A/USDT:USDT,0.57681,16.0,0.5768,115.0,0.57683,254.0,0.57687,15.0
1753618128552,12:08:48.552,blofin,A/USDT:USDT,0.57681,194.0,0.5768,47.0,0.57683,254.0,0.57686,161.0
1753618129553,12:08:49.553,blofin,A/USDT:USDT,0.57681,194.0,0.57678,44.0,0.57683,257.0,0.57686,45.0
1753618130555,12:08:50.555,blofin,A/USDT:USDT,0.57681,192.0,0.57678,255.0,0.57683,257.0,0.57685,435.0
1753618131556,12:08:51.556,blofin,A/USDT:USDT,0.57681,191.0,0.57676,383.0,0.57683,256.0,0.57687,39.0
1753618132556,12:08:52.556,blofin,A/USDT:USDT,0.57681,191.0,0.57677,264.0,0.57683,255.0,0.57686,875.0
1753618133560,12:08:53.560,blofin,A/USDT:USDT,0.57681,191.0,0.57677,73.0,0.57683,255.0,0.57686,244.0
1753618134560,12:08:54.560,blofin,A/USDT:USDT,0.57681,497.0,0.57678,65.0,0.57683,255.0,0.57685,670.0
1753618135562,12:08:55.562,blofin,A/USDT:USDT,0.57681,497.0,0.57678,220.0,0.57683,255.0,0.57685,166.0
1753618137064,12:08:57.064,blofin,A/USDT:USDT,0.57681,501.0,0.57679,117.0,0.57683,4.0,0.57684,139.0
1753618138066,12:08:58.066,blofin,A/USDT:USDT,0.57681,611.0,0.57677,142.0,0.57683,23.0,0.57686,1036.0
1753618139067,12:08:59.067,blofin,A/USDT:USDT,0.57678,710.0,0.57677,29.0,0.5768,333.0,0.57683,326.0
1753618140364,12:09:00.364,blofin,A/USDT:USDT,0.57662,20.0,0.57661,51.0,0.57663,94.0,0.57668,112.0
1753618141571,12:09:01.571,blofin,A/USDT:USDT,0.5766,82.0,0.57658,146.0,0.57667,289.0,0.57669,244.0
1753618142669,12:09:02.669,blofin,A/USDT:USDT,0.57664,195.0,0.5766,452.0,0.57671,48.0,0.57672,11.0
1753618143793,12:09:03.793,blofin,A/USDT:USDT,0.57667,367.0,0.57666,385.0,0.57671,48.0,0.57672,11.0
1753618144578,12:09:04.578,blofin,A/USDT:USDT,0.57667,195.0,0.57666,3.0,0.57671,48.0,0.57672,10.0
1753618145576,12:09:05.576,blofin,A/USDT:USDT,0.57667,195.0,0.57666,3.0,0.57672,12.0,0.57674,4.0
1753618147080,12:09:07.080,blofin,A/USDT:USDT,0.57661,67.0,0.5766,21.0,0.57663,97.0,0.57667,505.0
1753618148080,12:09:08.080,blofin,A/USDT:USDT,0.57661,29.0,0.5766,21.0,0.57669,97.0,0.57671,208.0
1753618149081,12:09:09.081,blofin,A/USDT:USDT,0.57664,197.0,0.5766,21.0,0.57669,3.0,0.57672,9.0
1753618150166,12:09:10.166,blofin,A/USDT:USDT,0.57675,55.0,0.57674,904.0,0.57681,37.0,0.57683,1.0
1753618151083,12:09:11.083,blofin,A/USDT:USDT,0.57677,109.0,0.57671,875.0,0.57683,1.0,0.57684,23.0
1753618152373,12:09:12.373,blofin,A/USDT:USDT,0.57678,426.0,0.57677,13.0,0.57683,1.0,0.57685,22.0
1753618153373,12:09:13.373,blofin,A/USDT:USDT,0.57678,633.0,0.57674,595.0,0.57683,1.0,0.57684,19.0
1753618154373,12:09:14.373,blofin,A/USDT:USDT,0.57684,172.0,0.57683,3.0,0.5769,19.0,0.57692,103.0
1753618155374,12:09:15.374,blofin,A/USDT:USDT,0.57684,577.0,0.57683,3.0,0.57691,38.0,0.57692,391.0
1753618156375,12:09:16.375,blofin,A/USDT:USDT,0.57684,408.0,0.57679,65.0,0.57688,39.0,0.57692,231.0
1753618157374,12:09:17.374,blofin,A/USDT:USDT,0.57684,257.0,0.57679,55.0,0.57688,140.0,0.57692,310.0
1753618158597,12:09:18.597,blofin,A/USDT:USDT,0.57684,257.0,0.57681,549.0,0.57688,1.0,0.5769,139.0
1753618159597,12:09:19.597,blofin,A/USDT:USDT,0.57684,807.0,0.5768,87.0,0.5769,24.0,0.57692,103.0
1753618160598,12:09:20.598,blofin,A/USDT:USDT,0.57684,807.0,0.5768,89.0,0.5769,20.0,0.57692,103.0
1753618161601,12:09:21.601,blofin,A/USDT:USDT,0.57688,67.0,0.57683,700.0,0.57692,103.0,0.57694,70.0
1753618162599,12:09:22.599,blofin,A/USDT:USDT,0.57687,69.0,0.57683,17.0,0.57691,12.0,0.57692,103.0
1753618163601,12:09:23.601,blofin,A/USDT:USDT,0.57687,291.0,0.57682,132.0,0.5769,9.0,0.57692,103.0
1753618164603,12:09:24.603,blofin,A/USDT:USDT,0.57687,294.0,0.57682,692.0,0.5769,223.0,0.57692,103.0
1753618165605,12:09:25.605,blofin,A/USDT:USDT,0.57687,291.0,0.57682,7.0,0.5769,9.0,0.57692,103.0
1753618166605,12:09:26.605,blofin,A/USDT:USDT,0.57688,47.0,0.57686,265.0,0.5769,16.0,0.57691,356.0
1753618167850,12:09:27.850,blofin,A/USDT:USDT,0.57688,370.0,0.57682,513.0,0.5769,6.0,0.57696,9.0
1753618168610,12:09:28.610,blofin,A/USDT:USDT,0.5769,193.0,0.57688,3.0,0.57696,13.0,0.57698,155.0
1753618169611,12:09:29.611,blofin,A/USDT:USDT,0.5769,316.0,0.57688,3.0,0.57696,13.0,0.57698,155.0
1753618170614,12:09:30.614,blofin,A/USDT:USDT,0.5769,318.0,0.57689,796.0,0.57696,12.0,0.57698,227.0
1753618171615,12:09:31.615,blofin,A/USDT:USDT,0.5769,318.0,0.57688,2.0,0.57696,14.0,0.57698,155.0
1753618173200,12:09:33.200,blofin,A/USDT:USDT,0.57696,80.0,0.5769,396.0,0.57698,155.0,0.577,117.0
1753618174116,12:09:34.116,blofin,A/USDT:USDT,0.57698,69.0,0.57694,389.0,0.577,117.0,0.57701,89.0
1753618175388,12:09:35.388,blofin,A/USDT:USDT,0.57698,73.0,0.57695,445.0,0.577,117.0,0.57701,89.0
1753618176392,12:09:36.392,blofin,A/USDT:USDT,0.57698,71.0,0.57695,445.0,0.577,117.0,0.57701,89.0
1753618177390,12:09:37.390,blofin,A/USDT:USDT,0.57698,2.0,0.57697,69.0,0.577,117.0,0.57701,89.0
1753618178390,12:09:38.390,blofin,A/USDT:USDT,0.57698,646.0,0.57695,208.0,0.577,117.0,0.57701,89.0
1753618179625,12:09:39.625,blofin,A/USDT:USDT,0.57698,647.0,0.57696,652.0,0.577,117.0,0.57701,89.0
1753618180626,12:09:40.626,blofin,A/USDT:USDT,0.57703,45.0,0.57697,424.0,0.57707,115.0,0.57708,28.0
1753618181626,12:09:41.626,blofin,A/USDT:USDT,0.57703,176.0,0.57697,75.0,0.57707,115.0,0.57708,10.0
1753618182628,12:09:42.628,blofin,A/USDT:USDT,0.57703,292.0,0.57701,114.0,0.57707,115.0,0.57708,12.0
1753618183628,12:09:43.628,blofin,A/USDT:USDT,0.57703,509.0,0.57701,684.0,0.57707,115.0,0.57708,12.0
1753618184634,12:09:44.634,blofin,A/USDT:USDT,0.57703,510.0,0.57701,194.0,0.57707,115.0,0.57708,3.0
1753618185634,12:09:45.634,blofin,A/USDT:USDT,0.57706,13.0,0.577,113.0,0.57707,115.0,0.57708,12.0
1753618186636,12:09:46.636,blofin,A/USDT:USDT,0.57706,141.0,0.577,637.0,0.57707,115.0,0.57708,12.0
1753618187637,12:09:47.637,blofin,A/USDT:USDT,0.57706,141.0,0.57704,108.0,0.57707,115.0,0.57708,3.0
1753618188641,12:09:48.641,blofin,A/USDT:USDT,0.57706,141.0,0.57705,408.0,0.57707,115.0,0.57708,13.0
1753618189647,12:09:49.647,blofin,A/USDT:USDT,0.57706,142.0,0.577,314.0,0.57707,115.0,0.57708,209.0
1753618191067,12:09:51.067,blofin,A/USDT:USDT,0.577,21.0,0.57696,41.0,0.57703,287.0,0.57704,5.0
1753618191643,12:09:51.643,blofin,A/USDT:USDT,0.5769,61.0,0.57688,2.0,0.57692,98.0,0.57694,195.0
1753618192644,12:09:52.644,blofin,A/USDT:USDT,0.5769,61.0,0.57688,2.0,0.57692,95.0,0.57694,353.0
1753618193645,12:09:53.645,blofin,A/USDT:USDT,0.5769,60.0,0.57688,2.0,0.57692,95.0,0.57694,479.0
1753618194646,12:09:54.646,blofin,A/USDT:USDT,0.5769,60.0,0.57688,2.0,0.57692,95.0,0.57696,157.0
1753618195649,12:09:55.649,blofin,A/USDT:USDT,0.5769,60.0,0.57688,27.0,0.57692,96.0,0.57693,352.0
1753618196753,12:09:56.753,blofin,A/USDT:USDT,0.57696,178.0,0.57691,438.0,0.57699,3.0,0.57702,94.0
1753618197649,12:09:57.649,blofin,A/USDT:USDT,0.57697,172.0,0.57696,6.0,0.57699,3.0,0.57703,9.0
1753618199653,12:09:59.653,blofin,A/USDT:USDT,0.57697,46.0,0.57696,3.0,0.57699,3.0,0.57702,9.0
1753618200656,12:10:00.656,blofin,A/USDT:USDT,0.57696,3.0,0.57695,177.0,0.57698,623.0,0.57701,98.0
1753618202158,12:10:02.158,blofin,A/USDT:USDT,0.57696,3.0,0.57695,175.0,0.57698,625.0,0.57699,674.0
1753618203158,12:10:03.158,blofin,A/USDT:USDT,0.57696,3.0,0.57695,3.0,0.57697,624.0,0.57699,604.0
1753618204408,12:10:04.408,blofin,A/USDT:USDT,0.57696,3.0,0.57695,3.0,0.57697,97.0,0.57702,367.0
1753618205408,12:10:05.408,blofin,A/USDT:USDT,0.57689,208.0,0.57688,95.0,0.57691,336.0,0.57692,587.0
1753618206506,12:10:06.506,blofin,A/USDT:USDT,0.57689,168.0,0.57688,95.0,0.5769,550.0,0.57691,163.0
1753618207664,12:10:07.664,blofin,A/USDT:USDT,0.57678,22.0,0.57677,72.0,0.57679,2.0,0.5768,318.0
1753618208665,12:10:08.665,blofin,A/USDT:USDT,0.57678,22.0,0.57677,70.0,0.57679,320.0,0.57683,375.0
1753618209734,12:10:09.734,blofin,A/USDT:USDT,0.57672,155.0,0.57671,131.0,0.57673,224.0,0.57675,107.0
1753618210865,12:10:10.865,blofin,A/USDT:USDT,0.57669,93.0,0.57668,18.0,0.5767,139.0,0.57672,829.0
