timestamp,time,exchange,symbol,bid1_price,bid1_volume,bid2_price,bid2_volume,ask1_price,ask1_volume,ask2_price,ask2_volume
1753617155702,11:52:35.702,binance,AEVO/USDT:USDT,0.111,57393.2,0.1109,166622.5,0.1111,47126.8,0.1112,93192.7
1753617156902,11:52:36.902,binance,AEVO/USDT:USDT,0.111,57393.2,0.1109,166622.5,0.1111,47126.8,0.1112,93192.7
1753617157879,11:52:37.879,binance,AEVO/USDT:USDT,0.111,56496.0,0.1109,183559.6,0.1111,47126.8,0.1112,146290.2
1753617159131,11:52:39.131,binance,AEVO/USDT:USDT,0.111,56496.0,0.1109,187166.4,0.1111,47126.8,0.1112,146290.2
1753617160539,11:52:40.539,binance,AEVO/USDT:USDT,0.111,57888.1,0.1109,173654.4,0.1111,46912.5,0.1112,123794.4
1753617160664,11:52:40.664,binance,AEVO/USDT:USDT,0.111,57888.1,0.1109,173654.4,0.1111,47385.3,0.1112,123794.4
1753617161179,11:52:41.179,binance,AEVO/USDT:USDT,0.111,57888.1,0.1109,173654.4,0.1111,47385.3,0.1112,123794.4
1753617161631,11:52:41.631,binance,AEVO/USDT:USDT,0.111,53817.9,0.1109,173654.4,0.1111,47385.3,0.1112,129898.9
1753617162502,11:52:42.502,binance,AEVO/USDT:USDT,0.111,53817.9,0.1109,173654.4,0.1111,47423.9,0.1112,129898.9
1753617162679,11:52:42.679,binance,AEVO/USDT:USDT,0.111,53817.9,0.1109,173654.4,0.1111,47423.9,0.1112,129898.9
1753617162896,11:52:42.896,binance,AEVO/USDT:USDT,0.111,53817.9,0.1109,173654.4,0.1111,47423.9,0.1112,129898.9
1753617163044,11:52:43.044,binance,AEVO/USDT:USDT,0.111,53817.9,0.1109,173654.4,0.1111,47423.9,0.1112,129898.9
1753617163147,11:52:43.147,binance,AEVO/USDT:USDT,0.111,53817.9,0.1109,173654.4,0.1111,47423.9,0.1112,129898.9
1753617163577,11:52:43.577,binance,AEVO/USDT:USDT,0.111,57419.0,0.1109,173654.4,0.1111,47427.3,0.1112,123794.4
1753617163681,11:52:43.681,binance,AEVO/USDT:USDT,0.111,57464.1,0.1109,173654.4,0.1111,47423.9,0.1112,123794.4
1753617163784,11:52:43.784,binance,AEVO/USDT:USDT,0.111,57464.1,0.1109,173654.4,0.1111,47423.9,0.1112,123794.4
1753617164347,11:52:44.347,binance,AEVO/USDT:USDT,0.111,57464.1,0.1109,170047.6,0.1111,47423.9,0.1112,123794.4
1753617164502,11:52:44.502,binance,AEVO/USDT:USDT,0.111,57464.1,0.1109,170047.6,0.1111,47423.9,0.1112,123794.4
1753617165029,11:52:45.029,binance,AEVO/USDT:USDT,0.111,57464.1,0.1109,170047.6,0.1111,47423.9,0.1112,123794.4
1753617165566,11:52:45.566,binance,AEVO/USDT:USDT,0.111,59263.7,0.1109,170047.6,0.1111,47423.9,0.1112,123794.4
1753617165681,11:52:45.681,binance,AEVO/USDT:USDT,0.111,60152.6,0.1109,170047.6,0.1111,47423.9,0.1112,123794.4
1753617165791,11:52:45.791,binance,AEVO/USDT:USDT,0.111,58353.0,0.1109,170047.6,0.1111,47423.9,0.1112,123794.4
1753617165989,11:52:45.989,binance,AEVO/USDT:USDT,0.111,58353.0,0.1109,170047.6,0.1111,47423.9,0.1112,123794.4
1753617166202,11:52:46.202,binance,AEVO/USDT:USDT,0.111,58353.0,0.1109,170047.6,0.1111,47471.2,0.1112,123794.4
1753617166443,11:52:46.443,binance,AEVO/USDT:USDT,0.111,58353.0,0.1109,183559.6,0.1111,47471.2,0.1112,146290.2
1753617166545,11:52:46.545,binance,AEVO/USDT:USDT,0.111,58353.0,0.1109,183559.6,0.1111,47471.2,0.1112,146290.2
1753617167102,11:52:47.102,binance,AEVO/USDT:USDT,0.111,58353.0,0.1109,183559.6,0.1111,47471.2,0.1112,146290.2
1753617167402,11:52:47.402,binance,AEVO/USDT:USDT,0.111,58353.0,0.1109,183559.6,0.1111,47471.2,0.1112,146290.2
1753617167693,11:52:47.693,binance,AEVO/USDT:USDT,0.111,58353.0,0.1109,183559.6,0.1111,47471.2,0.1112,146290.2
1753617168002,11:52:48.002,binance,AEVO/USDT:USDT,0.111,58353.0,0.1109,183559.6,0.1111,47471.2,0.1112,146290.2
1753617168265,11:52:48.265,binance,AEVO/USDT:USDT,0.111,58353.0,0.1109,183559.6,0.1111,47471.2,0.1112,146290.2
1753617168402,11:52:48.402,binance,AEVO/USDT:USDT,0.111,58353.0,0.1109,183559.6,0.1111,47471.2,0.1112,146290.2
1753617168579,11:52:48.579,binance,AEVO/USDT:USDT,0.111,58353.0,0.1109,183559.6,0.1111,47471.2,0.1112,146290.2
1753617168802,11:52:48.802,binance,AEVO/USDT:USDT,0.111,58353.0,0.1109,183559.6,0.1111,47471.2,0.1112,146290.2
1753617168933,11:52:48.933,binance,AEVO/USDT:USDT,0.111,58353.0,0.1109,183559.6,0.1111,28035.7,0.1112,146290.2
1753617169035,11:52:49.035,binance,AEVO/USDT:USDT,0.1111,27346.1,0.111,130295.4,0.1112,47257.2,0.1113,183351.7
1753617169139,11:52:49.139,binance,AEVO/USDT:USDT,0.1111,29296.2,0.111,128367.0,0.1112,46715.0,0.1113,175582.9
1753617169256,11:52:49.256,binance,AEVO/USDT:USDT,0.1111,27416.5,0.111,128367.0,0.1112,46715.0,0.1113,176516.8
1753617169359,11:52:49.359,binance,AEVO/USDT:USDT,0.1111,27416.5,0.111,128367.0,0.1112,46715.0,0.1113,176516.8
1753617169461,11:52:49.461,binance,AEVO/USDT:USDT,0.1111,27416.5,0.111,128367.0,0.1112,47610.6,0.1113,177414.8
1753617169563,11:52:49.563,binance,AEVO/USDT:USDT,0.1111,27461.6,0.111,122268.1,0.1112,47655.7,0.1113,177414.8
1753617169777,11:52:49.777,binance,AEVO/USDT:USDT,0.1111,27461.6,0.111,122268.1,0.1112,47655.7,0.1113,177414.8
1753617170035,11:52:50.035,binance,AEVO/USDT:USDT,0.1111,27461.6,0.111,122268.1,0.1112,47655.7,0.1113,177414.8
1753617170302,11:52:50.302,binance,AEVO/USDT:USDT,0.1111,27865.4,0.111,121859.5,0.1112,47655.7,0.1113,178302.2
1753617170409,11:52:50.409,binance,AEVO/USDT:USDT,0.1111,27865.4,0.111,93180.9,0.1112,47655.7,0.1113,178302.2
1753617170515,11:52:50.515,binance,AEVO/USDT:USDT,0.1111,27865.4,0.111,93180.9,0.1112,47655.6,0.1113,177414.8
1753617170902,11:52:50.902,binance,AEVO/USDT:USDT,0.1111,27865.4,0.111,93180.9,0.1112,47655.6,0.1113,177414.8
1753617171048,11:52:51.048,binance,AEVO/USDT:USDT,0.1111,27865.4,0.111,93180.9,0.1112,47655.6,0.1113,177414.8
1753617171174,11:52:51.174,binance,AEVO/USDT:USDT,0.1111,27865.4,0.111,93180.9,0.1112,46768.7,0.1113,177414.8
1753617171478,11:52:51.478,binance,AEVO/USDT:USDT,0.1111,21199.7,0.111,93180.9,0.1112,46768.7,0.1113,177414.8
1753617171706,11:52:51.706,binance,AEVO/USDT:USDT,0.1111,27865.4,0.111,93179.4,0.1112,45873.1,0.1113,177414.8
1753617171829,11:52:51.829,binance,AEVO/USDT:USDT,0.1111,27865.4,0.111,93179.4,0.1112,41550.8,0.1113,177414.8
1753617171938,11:52:51.938,binance,AEVO/USDT:USDT,0.1111,27865.4,0.111,95882.1,0.1112,41550.8,0.1113,177414.8
1753617172043,11:52:52.043,binance,AEVO/USDT:USDT,0.1111,27865.4,0.111,95882.1,0.1112,41550.8,0.1113,177414.8
1753617172175,11:52:52.175,binance,AEVO/USDT:USDT,0.1111,27865.4,0.111,105598.6,0.1112,41550.8,0.1113,177414.8
1753617172296,11:52:52.296,binance,AEVO/USDT:USDT,0.1111,27865.4,0.111,105598.6,0.1112,41550.8,0.1113,177414.8
1753617172552,11:52:52.552,binance,AEVO/USDT:USDT,0.1111,27865.4,0.111,105598.6,0.1112,41550.8,0.1113,177414.8
1753617172664,11:52:52.664,binance,AEVO/USDT:USDT,0.1111,27865.4,0.111,105598.6,0.1112,41550.8,0.1113,177414.8
1753617173119,11:52:53.119,binance,AEVO/USDT:USDT,0.1111,27865.4,0.111,111554.8,0.1112,40533.2,0.1113,171481.1
1753617173649,11:52:53.649,binance,AEVO/USDT:USDT,0.1111,21199.7,0.111,105598.6,0.1112,40533.2,0.1113,177421.1
1753617173756,11:52:53.756,binance,AEVO/USDT:USDT,0.1111,21199.7,0.111,105598.6,0.1112,41428.8,0.1113,177421.1
1753617173887,11:52:53.887,binance,AEVO/USDT:USDT,0.1111,21199.7,0.111,105598.6,0.1112,41428.8,0.1113,178319.1
1753617174039,11:52:54.039,binance,AEVO/USDT:USDT,0.1111,21199.7,0.111,95882.1,0.1112,41428.8,0.1113,178319.1
1753617174269,11:52:54.269,binance,AEVO/USDT:USDT,0.1111,21199.7,0.111,95882.1,0.1112,41428.8,0.1113,178487.0
1753617174402,11:52:54.402,binance,AEVO/USDT:USDT,0.1111,21199.7,0.111,95882.1,0.1112,41428.8,0.1113,178487.0
1753617174602,11:52:54.602,binance,AEVO/USDT:USDT,0.1111,21199.7,0.111,95882.1,0.1112,41428.8,0.1113,178487.0
1753617174802,11:52:54.802,binance,AEVO/USDT:USDT,0.1111,21199.7,0.111,95882.1,0.1112,41428.8,0.1113,178487.0
1753617175078,11:52:55.078,binance,AEVO/USDT:USDT,0.1111,21199.7,0.111,95882.1,0.1112,41428.8,0.1113,178487.0
1753617175202,11:52:55.202,binance,AEVO/USDT:USDT,0.1111,21199.7,0.111,95882.1,0.1112,41428.8,0.1113,178487.0
1753617175342,11:52:55.342,binance,AEVO/USDT:USDT,0.1111,21199.7,0.111,93179.4,0.1112,42445.5,0.1113,178487.0
1753617175702,11:52:55.702,binance,AEVO/USDT:USDT,0.1111,21199.7,0.111,93179.4,0.1112,42445.5,0.1113,178487.0
1753617176239,11:52:56.239,binance,AEVO/USDT:USDT,0.1111,21199.7,0.111,93179.4,0.1112,43183.1,0.1113,184418.5
1753617176388,11:52:56.388,binance,AEVO/USDT:USDT,0.1111,21199.7,0.111,93179.4,0.1112,45019.5,0.1113,184418.5
1753617176605,11:52:56.605,binance,AEVO/USDT:USDT,0.1111,21199.7,0.111,95882.1,0.1112,45019.5,0.1113,184418.5
1753617177002,11:52:57.002,binance,AEVO/USDT:USDT,0.1111,21199.7,0.111,95882.1,0.1112,45521.2,0.1113,184418.5
1753617177153,11:52:57.153,binance,AEVO/USDT:USDT,0.1111,21199.7,0.111,93179.4,0.1112,45521.2,0.1113,184418.5
1753617177602,11:52:57.602,binance,AEVO/USDT:USDT,0.1111,21199.7,0.111,93179.4,0.1112,45521.2,0.1113,184418.5
1753617178100,11:52:58.100,binance,AEVO/USDT:USDT,0.1111,21199.7,0.111,93179.4,0.1112,45521.2,0.1113,184418.5
1753617178202,11:52:58.202,binance,AEVO/USDT:USDT,0.1111,21199.7,0.111,93179.4,0.1112,45521.2,0.1113,184418.5
1753617178342,11:52:58.342,binance,AEVO/USDT:USDT,0.1111,21199.7,0.111,93179.4,0.1112,45521.2,0.1113,184418.5
1753617178802,11:52:58.802,binance,AEVO/USDT:USDT,0.1111,21199.7,0.111,93179.4,0.1112,45521.2,0.1113,184418.5
1753617179120,11:52:59.120,binance,AEVO/USDT:USDT,0.1111,21199.7,0.111,93179.4,0.1112,46420.4,0.1113,184418.5
1753617179247,11:52:59.247,binance,AEVO/USDT:USDT,0.1111,21199.7,0.111,93179.4,0.1112,46473.9,0.1113,186663.7
1753617179402,11:52:59.402,binance,AEVO/USDT:USDT,0.111,35024.3,0.1109,175388.0,0.1111,20476.0,0.1112,105336.0
1753617179505,11:52:59.505,binance,AEVO/USDT:USDT,0.111,33547.4,0.1109,178813.1,0.1111,21986.8,0.1112,103050.9
1753617179609,11:52:59.609,binance,AEVO/USDT:USDT,0.111,35427.1,0.1109,184742.2,0.1111,20197.8,0.1112,102045.0
1753617179839,11:52:59.839,binance,AEVO/USDT:USDT,0.111,35427.1,0.1109,184742.2,0.1111,20197.8,0.1112,95957.2
1753617180107,11:53:00.107,binance,AEVO/USDT:USDT,0.111,35427.1,0.1109,184742.2,0.1111,20197.8,0.1112,95788.1
1753617180239,11:53:00.239,binance,AEVO/USDT:USDT,0.111,35427.1,0.1109,184742.2,0.1111,20197.8,0.1112,95788.1
1753617180342,11:53:00.342,binance,AEVO/USDT:USDT,0.111,35472.2,0.1109,184742.2,0.1111,20665.7,0.1112,100428.1
1753617180460,11:53:00.460,binance,AEVO/USDT:USDT,0.111,35472.2,0.1109,185642.6,0.1111,20910.3,0.1112,100428.1
1753617180723,11:53:00.723,binance,AEVO/USDT:USDT,0.111,36361.1,0.1109,185642.6,0.1111,20910.3,0.1112,100428.1
1753617180902,11:53:00.902,binance,AEVO/USDT:USDT,0.111,36361.1,0.1109,185642.6,0.1111,20910.3,0.1112,100428.1
1753617181060,11:53:01.060,binance,AEVO/USDT:USDT,0.111,36361.1,0.1109,185642.6,0.1111,23131.5,0.1112,100428.1
1753617181319,11:53:01.319,binance,AEVO/USDT:USDT,0.111,36361.1,0.1109,185642.6,0.1111,23131.5,0.1112,100428.1
1753617181429,11:53:01.429,binance,AEVO/USDT:USDT,0.111,36361.1,0.1109,185642.6,0.1111,23321.7,0.1112,100428.1
1753617181550,11:53:01.550,binance,AEVO/USDT:USDT,0.111,36361.1,0.1109,186447.3,0.1111,23321.7,0.1112,100428.1
1753617181690,11:53:01.690,binance,AEVO/USDT:USDT,0.111,36361.1,0.1109,186529.5,0.1111,23321.7,0.1112,100428.1
1753617181804,11:53:01.804,binance,AEVO/USDT:USDT,0.111,36369.4,0.1109,187334.2,0.1111,23321.7,0.1112,100428.1
1753617182347,11:53:02.347,binance,AEVO/USDT:USDT,0.111,37213.2,0.1109,187334.2,0.1111,23321.7,0.1112,100428.1
1753617182448,11:53:02.448,binance,AEVO/USDT:USDT,0.111,37213.2,0.1109,187334.2,0.1111,23321.7,0.1112,100428.1
1753617182565,11:53:02.565,binance,AEVO/USDT:USDT,0.111,38158.7,0.1109,187334.2,0.1111,23321.7,0.1112,100428.1
1753617182797,11:53:02.797,binance,AEVO/USDT:USDT,0.1111,12867.4,0.111,112209.0,0.1112,50700.2,0.1113,206640.2
1753617182923,11:53:02.923,binance,AEVO/USDT:USDT,0.1111,13015.9,0.111,116709.6,0.1112,52491.5,0.1113,206640.2
1753617183027,11:53:03.027,binance,AEVO/USDT:USDT,0.1111,13015.9,0.111,116709.6,0.1112,52491.5,0.1113,177025.8
1753617183141,11:53:03.141,binance,AEVO/USDT:USDT,0.1111,15370.5,0.111,110602.3,0.1112,51519.9,0.1113,177025.8
1753617183315,11:53:03.315,binance,AEVO/USDT:USDT,0.1111,15370.5,0.111,113305.0,0.1112,51669.7,0.1113,177025.8
1753617183434,11:53:03.434,binance,AEVO/USDT:USDT,0.1111,22036.2,0.111,119436.2,0.1112,52567.7,0.1113,177025.8
1753617183555,11:53:03.555,binance,AEVO/USDT:USDT,0.1111,22036.2,0.111,119499.3,0.1112,51672.0,0.1113,180849.1
1753617183711,11:53:03.711,binance,AEVO/USDT:USDT,0.1111,22036.2,0.111,113368.1,0.1112,51672.0,0.1113,174780.6
1753617183868,11:53:03.868,binance,AEVO/USDT:USDT,0.1111,36668.3,0.111,127954.9,0.1112,31188.4,0.1113,104521.3
1753617183973,11:53:03.973,binance,AEVO/USDT:USDT,0.1111,36623.2,0.111,126879.4,0.1112,13631.7,0.1113,91179.4
1753617184076,11:53:04.076,binance,AEVO/USDT:USDT,0.1111,42966.7,0.111,112787.9,0.1112,13420.8,0.1113,92613.8
1753617184187,11:53:04.187,binance,AEVO/USDT:USDT,0.1111,43818.4,0.111,123549.7,0.1112,13375.7,0.1113,89729.7
1753617184298,11:53:04.298,binance,AEVO/USDT:USDT,0.1111,44022.8,0.111,118090.9,0.1112,13060.7,0.1113,88795.8
1753617184464,11:53:04.464,binance,AEVO/USDT:USDT,0.1111,61084.9,0.111,118090.9,0.1112,13060.7,0.1113,88795.8
1753617184565,11:53:04.565,binance,AEVO/USDT:USDT,0.1111,61900.8,0.111,118895.2,0.1112,13060.7,0.1113,93466.5
1753617184666,11:53:04.666,binance,AEVO/USDT:USDT,0.1111,61945.9,0.111,118895.2,0.1112,13060.7,0.1113,93646.4
1753617184800,11:53:04.800,binance,AEVO/USDT:USDT,0.1111,57447.1,0.111,123395.8,0.1112,13060.7,0.1113,99660.7
1753617184902,11:53:04.902,binance,AEVO/USDT:USDT,0.1111,57447.1,0.111,123395.8,0.1112,21328.6,0.1113,93646.4
1753617185004,11:53:05.004,binance,AEVO/USDT:USDT,0.1111,57447.1,0.111,119970.7,0.1112,21328.6,0.1113,93646.4
1753617185117,11:53:05.117,binance,AEVO/USDT:USDT,0.1111,57447.1,0.111,123395.8,0.1112,21212.8,0.1113,93646.4
1753617185229,11:53:05.229,binance,AEVO/USDT:USDT,0.1111,57447.1,0.111,119970.7,0.1112,21295.1,0.1113,93646.4
1753617185330,11:53:05.330,binance,AEVO/USDT:USDT,0.1111,57447.1,0.111,119970.7,0.1112,19243.4,0.1113,93646.4
1753617185438,11:53:05.438,binance,AEVO/USDT:USDT,0.1111,57447.1,0.111,119970.7,0.1112,19391.9,0.1113,93646.4
1753617185548,11:53:05.548,binance,AEVO/USDT:USDT,0.1111,57447.1,0.111,125180.3,0.1112,21393.0,0.1113,93646.4
1753617185656,11:53:05.656,binance,AEVO/USDT:USDT,0.1111,56558.6,0.111,125180.3,0.1112,21243.0,0.1113,93646.4
1753617185779,11:53:05.779,binance,AEVO/USDT:USDT,0.1111,56558.6,0.111,125180.3,0.1112,21265.5,0.1113,93646.4
1753617185893,11:53:05.893,binance,AEVO/USDT:USDT,0.1111,56558.6,0.111,125180.3,0.1112,21185.7,0.1113,93646.4
1753617186129,11:53:06.129,binance,AEVO/USDT:USDT,0.1111,56558.6,0.111,125180.3,0.1112,19346.8,0.1113,93646.4
1753617186275,11:53:06.275,binance,AEVO/USDT:USDT,0.1111,56558.6,0.111,125180.3,0.1112,21399.7,0.1113,93646.4
1753617186415,11:53:06.415,binance,AEVO/USDT:USDT,0.1111,56558.6,0.111,125180.3,0.1112,21174.8,0.1113,93646.4
1753617186547,11:53:06.547,binance,AEVO/USDT:USDT,0.1111,56558.6,0.111,125861.9,0.1112,21174.8,0.1113,92964.8
1753617186657,11:53:06.657,binance,AEVO/USDT:USDT,0.1111,56558.6,0.111,119848.0,0.1112,21174.8,0.1113,98979.1
1753617186788,11:53:06.788,binance,AEVO/USDT:USDT,0.1111,56558.6,0.111,119848.0,0.1112,21174.8,0.1113,92964.8
1753617186899,11:53:06.899,binance,AEVO/USDT:USDT,0.1111,56558.6,0.111,125861.9,0.1112,21296.8,0.1113,92964.8
1753617187024,11:53:07.024,binance,AEVO/USDT:USDT,0.1111,56558.6,0.111,125861.9,0.1112,21296.8,0.1113,81545.9
1753617187148,11:53:07.148,binance,AEVO/USDT:USDT,0.1111,56558.6,0.111,125861.9,0.1112,19391.9,0.1113,81545.9
1753617187259,11:53:07.259,binance,AEVO/USDT:USDT,0.1111,56558.6,0.111,125861.9,0.1112,19391.9,0.1113,81545.9
1753617187378,11:53:07.378,binance,AEVO/USDT:USDT,0.1111,56558.6,0.111,125861.9,0.1112,21350.1,0.1113,81545.9
1753617187527,11:53:07.527,binance,AEVO/USDT:USDT,0.1111,56558.6,0.111,125861.9,0.1112,21313.5,0.1113,81545.9
1753617187629,11:53:07.629,binance,AEVO/USDT:USDT,0.1111,56558.6,0.111,125861.9,0.1112,21313.5,0.1113,81545.9
1753617187738,11:53:07.738,binance,AEVO/USDT:USDT,0.1111,56558.6,0.111,125861.9,0.1112,21255.2,0.1113,81545.9
1753617187859,11:53:07.859,binance,AEVO/USDT:USDT,0.1111,56558.6,0.111,125861.9,0.1112,21293.9,0.1113,81545.9
1753617187997,11:53:07.997,binance,AEVO/USDT:USDT,0.1111,56558.6,0.111,125861.9,0.1112,21323.6,0.1113,81545.9
1753617188131,11:53:08.131,binance,AEVO/USDT:USDT,0.1111,56558.6,0.111,125861.9,0.1112,21323.6,0.1113,81545.9
1753617188389,11:53:08.389,binance,AEVO/USDT:USDT,0.1111,56558.6,0.111,125861.9,0.1112,21460.8,0.1113,81438.7
1753617188688,11:53:08.688,binance,AEVO/USDT:USDT,0.1111,56558.6,0.111,125861.9,0.1112,21195.5,0.1113,81438.7
1753617188909,11:53:08.909,binance,AEVO/USDT:USDT,0.1111,56558.6,0.111,125861.9,0.1112,19439.2,0.1113,81438.7
1753617189023,11:53:09.023,binance,AEVO/USDT:USDT,0.1111,56558.6,0.111,125861.9,0.1112,21395.8,0.1113,81438.7
1753617189167,11:53:09.167,binance,AEVO/USDT:USDT,0.1111,56558.6,0.111,135010.5,0.1112,21198.4,0.1113,81438.7
1753617189379,11:53:09.379,binance,AEVO/USDT:USDT,0.1111,56558.6,0.111,135010.5,0.1112,21198.4,0.1113,87453.0
1753617189502,11:53:09.502,binance,AEVO/USDT:USDT,0.1111,56558.6,0.111,135010.5,0.1112,21198.4,0.1113,81438.7
1753617189889,11:53:09.889,binance,AEVO/USDT:USDT,0.1111,57447.1,0.111,135010.5,0.1112,21243.5,0.1113,81438.7
1753617189998,11:53:09.998,binance,AEVO/USDT:USDT,0.1111,57447.1,0.111,135010.5,0.1112,21243.5,0.1113,81438.7
1753617190105,11:53:10.105,binance,AEVO/USDT:USDT,0.1111,63692.1,0.111,130509.9,0.1112,982.3,0.1113,76947.9
1753617190225,11:53:10.225,binance,AEVO/USDT:USDT,0.1111,64784.0,0.111,130509.9,0.1112,982.3,0.1113,76947.9
1753617190331,11:53:10.331,binance,AEVO/USDT:USDT,0.1111,65683.6,0.111,131314.2,0.1112,982.3,0.1113,76947.9
1753617190502,11:53:10.502,binance,AEVO/USDT:USDT,0.1111,65791.6,0.111,131314.2,0.1112,982.3,0.1113,76947.9
1753617190719,11:53:10.719,binance,AEVO/USDT:USDT,0.1111,65644.4,0.111,131314.2,0.1112,1108.9,0.1113,77964.6
1753617190831,11:53:10.831,binance,AEVO/USDT:USDT,0.1111,65791.6,0.111,132201.1,0.1112,1108.9,0.1113,77589.4
1753617191102,11:53:11.102,binance,AEVO/USDT:USDT,0.1111,65791.6,0.111,132201.1,0.1112,1108.9,0.1113,77589.4
1753617191220,11:53:11.220,binance,AEVO/USDT:USDT,0.1111,65644.4,0.111,132201.1,0.1112,1108.9,0.1113,77589.4
1753617191452,11:53:11.452,binance,AEVO/USDT:USDT,0.1111,68270.3,0.111,132201.1,0.1112,1108.9,0.1113,77589.4
1753617191564,11:53:11.564,binance,AEVO/USDT:USDT,0.1111,70104.4,0.111,133100.7,0.1112,1108.9,0.1113,77589.4
1753617191703,11:53:11.703,binance,AEVO/USDT:USDT,0.1111,70104.4,0.111,133100.7,0.1112,1108.9,0.1113,77589.4
1753617191921,11:53:11.921,binance,AEVO/USDT:USDT,0.1111,71149.6,0.111,133100.7,0.1112,1108.9,0.1113,77589.4
1753617192321,11:53:12.321,binance,AEVO/USDT:USDT,0.1111,71002.4,0.111,133100.7,0.1112,1004.1,0.1113,77589.4
1753617192530,11:53:12.530,binance,AEVO/USDT:USDT,0.1111,76949.1,0.111,133100.7,0.1112,1004.1,0.1113,89008.3
1753617192741,11:53:12.741,binance,AEVO/USDT:USDT,0.1111,76994.2,0.111,133100.7,0.1112,1130.7,0.1113,89008.3
1753617192901,11:53:12.901,binance,AEVO/USDT:USDT,0.1111,77141.4,0.111,133100.7,0.1112,1130.7,0.1113,89008.3
1753617193006,11:53:13.006,binance,AEVO/USDT:USDT,0.1111,77141.4,0.111,134157.6,0.1112,771.0,0.1113,89008.3
1753617193318,11:53:13.318,binance,AEVO/USDT:USDT,0.1111,78041.0,0.111,134157.6,0.1112,771.0,0.1113,89008.3
1753617193501,11:53:13.501,binance,AEVO/USDT:USDT,0.1111,81112.1,0.111,135057.2,0.1112,647.5,0.1113,89008.3
1753617194278,11:53:14.278,binance,AEVO/USDT:USDT,0.1111,82163.6,0.111,135057.2,0.1112,520.9,0.1113,89008.3
1753617194388,11:53:14.388,binance,AEVO/USDT:USDT,0.1111,82163.6,0.111,135057.2,0.1112,520.9,0.1113,89008.3
1753617194722,11:53:14.722,binance,AEVO/USDT:USDT,0.1111,82016.4,0.111,135057.2,0.1112,647.5,0.1113,89008.3
1753617194856,11:53:14.856,binance,AEVO/USDT:USDT,0.1112,46258.5,0.1111,112836.3,0.1113,78796.7,0.1114,161320.8
1753617194957,11:53:14.957,binance,AEVO/USDT:USDT,0.1112,40217.8,0.1111,107589.1,0.1113,53754.1,0.1114,154577.4
1753617195058,11:53:15.058,binance,AEVO/USDT:USDT,0.1112,31688.4,0.1111,106690.3,0.1113,47914.3,0.1114,160499.5
1753617195165,11:53:15.165,binance,AEVO/USDT:USDT,0.1112,34805.5,0.1111,106690.3,0.1113,47914.3,0.1114,153280.2
1753617195266,11:53:15.266,binance,AEVO/USDT:USDT,0.1112,34850.5,0.1111,106690.3,0.1113,47966.3,0.1114,153280.2
1753617195378,11:53:15.378,binance,AEVO/USDT:USDT,0.1112,34850.5,0.1111,116723.9,0.1113,48875.3,0.1114,153280.2
1753617195489,11:53:15.489,binance,AEVO/USDT:USDT,0.1112,34850.5,0.1111,116723.9,0.1113,49770.5,0.1114,153280.2
1753617195671,11:53:15.671,binance,AEVO/USDT:USDT,0.1112,34850.5,0.1111,116723.9,0.1113,49770.5,0.1114,153280.2
1753617195812,11:53:15.812,binance,AEVO/USDT:USDT,0.1112,34850.5,0.1111,116723.9,0.1113,48883.6,0.1114,153280.2
1753617196027,11:53:16.027,binance,AEVO/USDT:USDT,0.1112,32961.5,0.1111,122783.1,0.1113,32353.3,0.1114,143126.0
1753617196195,11:53:16.195,binance,AEVO/USDT:USDT,0.1112,44173.7,0.1111,118284.3,0.1113,19932.7,0.1114,124525.8
1753617196298,11:53:16.298,binance,AEVO/USDT:USDT,0.1112,57867.5,0.1111,135237.4,0.1113,11259.1,0.1114,90995.4
1753617196536,11:53:16.536,binance,AEVO/USDT:USDT,0.1112,60518.5,0.1111,135237.4,0.1113,11259.1,0.1114,96916.2
1753617196798,11:53:16.798,binance,AEVO/USDT:USDT,0.1112,60518.5,0.1111,135237.4,0.1113,11259.1,0.1114,96916.2
1753617196902,11:53:16.902,binance,AEVO/USDT:USDT,0.1112,60518.5,0.1111,135237.4,0.1113,11259.1,0.1114,96916.2
1753617197036,11:53:17.036,binance,AEVO/USDT:USDT,0.1112,60563.5,0.1111,143450.5,0.1113,7510.2,0.1114,96916.2
1753617197160,11:53:17.160,binance,AEVO/USDT:USDT,0.1112,60563.5,0.1111,149164.8,0.1113,7703.6,0.1114,96916.2
1753617197266,11:53:17.266,binance,AEVO/USDT:USDT,0.1112,60563.5,0.1111,149846.4,0.1113,7703.6,0.1114,96234.6
1753617197439,11:53:17.439,binance,AEVO/USDT:USDT,0.1112,60563.5,0.1111,149846.4,0.1113,7703.6,0.1114,96234.6
1753617197559,11:53:17.559,binance,AEVO/USDT:USDT,0.1112,60563.5,0.1111,149846.4,0.1113,7703.6,0.1114,96234.6
1753617197702,11:53:17.702,binance,AEVO/USDT:USDT,0.1112,63943.6,0.1111,159933.3,0.1113,7602.5,0.1114,137913.2
1753617197811,11:53:17.811,binance,AEVO/USDT:USDT,0.1112,63943.6,0.1111,159933.3,0.1113,7602.5,0.1114,137913.2
1753617197938,11:53:17.938,binance,AEVO/USDT:USDT,0.1112,63943.6,0.1111,160820.2,0.1113,7602.5,0.1114,137913.2
1753617198356,11:53:18.356,binance,AEVO/USDT:USDT,0.1112,63943.6,0.1111,160820.2,0.1113,7602.5,0.1114,137913.2
1753617198529,11:53:18.529,binance,AEVO/USDT:USDT,0.1112,65775.5,0.1111,160820.2,0.1113,7602.5,0.1114,137913.2
1753617198639,11:53:18.639,binance,AEVO/USDT:USDT,0.1112,65775.5,0.1111,160820.2,0.1113,7602.5,0.1114,137913.2
1753617198922,11:53:18.922,binance,AEVO/USDT:USDT,0.1112,66674.3,0.1111,160820.2,0.1113,7602.5,0.1114,137913.2
1753617199059,11:53:19.059,binance,AEVO/USDT:USDT,0.1112,66674.3,0.1111,160820.2,0.1113,7595.3,0.1114,137913.2
1753617199370,11:53:19.370,binance,AEVO/USDT:USDT,0.1112,67068.1,0.1111,160820.2,0.1113,7595.3,0.1114,137913.2
1753617199475,11:53:19.475,binance,AEVO/USDT:USDT,0.1112,67068.1,0.1111,160820.2,0.1113,6567.0,0.1114,137913.2
1753617199577,11:53:19.577,binance,AEVO/USDT:USDT,0.1112,67068.1,0.1111,160820.2,0.1113,6567.0,0.1114,137913.2
1753617199689,11:53:19.689,binance,AEVO/USDT:USDT,0.1112,67068.1,0.1111,160820.2,0.1113,6567.0,0.1114,137913.2
1753617199799,11:53:19.799,binance,AEVO/USDT:USDT,0.1112,67068.1,0.1111,160820.2,0.1113,6567.0,0.1114,137913.2
1753617199955,11:53:19.955,binance,AEVO/USDT:USDT,0.1112,58559.4,0.1111,160820.2,0.1113,27318.7,0.1114,137913.2
1753617200209,11:53:20.209,binance,AEVO/USDT:USDT,0.1112,55479.9,0.1111,149973.0,0.1113,28338.0,0.1114,148460.9
1753617200312,11:53:20.312,binance,AEVO/USDT:USDT,0.1112,55479.9,0.1111,149973.0,0.1113,28348.7,0.1114,148460.9
1753617200444,11:53:20.444,binance,AEVO/USDT:USDT,0.1112,55479.9,0.1111,149973.0,0.1113,28348.7,0.1114,148460.9
1753617200979,11:53:20.979,binance,AEVO/USDT:USDT,0.1112,55479.9,0.1111,149973.0,0.1113,28348.7,0.1114,148460.9
1753617201247,11:53:21.247,binance,AEVO/USDT:USDT,0.1112,55479.9,0.1111,149973.0,0.1113,22334.3,0.1114,148460.9
1753617201361,11:53:21.361,binance,AEVO/USDT:USDT,0.1112,55479.9,0.1111,149973.0,0.1113,22320.0,0.1114,142400.2
1753617201487,11:53:21.487,binance,AEVO/USDT:USDT,0.1112,55479.9,0.1111,149973.0,0.1113,20273.5,0.1114,142400.2
1753617201610,11:53:21.610,binance,AEVO/USDT:USDT,0.1112,55479.9,0.1111,149973.0,0.1113,20273.5,0.1114,142400.2
1753617201802,11:53:21.802,binance,AEVO/USDT:USDT,0.1112,55479.9,0.1111,149973.0,0.1113,20273.5,0.1114,142400.2
1753617202402,11:53:22.402,binance,AEVO/USDT:USDT,0.1112,52054.8,0.1111,153398.1,0.1113,20273.5,0.1114,142400.2
1753617202702,11:53:22.702,binance,AEVO/USDT:USDT,0.1112,52054.8,0.1111,153398.1,0.1113,20273.5,0.1114,142400.2
1753617202837,11:53:22.837,binance,AEVO/USDT:USDT,0.1112,52054.8,0.1111,153398.1,0.1113,28561.8,0.1114,142400.2
1753617202949,11:53:22.949,binance,AEVO/USDT:USDT,0.1112,52054.8,0.1111,153398.1,0.1113,28563.3,0.1114,142400.2
1753617203156,11:53:23.156,binance,AEVO/USDT:USDT,0.1112,47560.0,0.1111,157895.4,0.1113,28563.3,0.1114,142400.2
1753617203264,11:53:23.264,binance,AEVO/USDT:USDT,0.1112,47560.0,0.1111,157895.4,0.1113,28563.3,0.1114,142400.2
1753617203588,11:53:23.588,binance,AEVO/USDT:USDT,0.1112,47560.0,0.1111,157895.4,0.1113,28563.3,0.1114,142400.2
1753617203764,11:53:23.764,binance,AEVO/USDT:USDT,0.1112,47560.0,0.1111,157895.4,0.1113,28563.3,0.1114,142400.2
1753617203902,11:53:23.902,binance,AEVO/USDT:USDT,0.1112,47560.0,0.1111,157895.4,0.1113,28561.8,0.1114,142400.2
1753617204009,11:53:24.009,binance,AEVO/USDT:USDT,0.1112,47560.0,0.1111,157895.4,0.1113,28561.8,0.1114,142400.2
1753617204267,11:53:24.267,binance,AEVO/USDT:USDT,0.1112,47560.0,0.1111,157895.4,0.1113,28561.8,0.1114,142400.2
1753617204370,11:53:24.370,binance,AEVO/USDT:USDT,0.1112,47560.0,0.1111,157895.4,0.1113,28561.8,0.1114,142400.2
1753617204736,11:53:24.736,binance,AEVO/USDT:USDT,0.1112,47560.0,0.1111,157895.4,0.1113,28561.8,0.1114,142400.2
1753617205189,11:53:25.189,binance,AEVO/USDT:USDT,0.1112,47560.0,0.1111,157895.4,0.1113,28561.8,0.1114,142400.2
1753617205320,11:53:25.320,binance,AEVO/USDT:USDT,0.1112,47560.0,0.1111,157895.4,0.1113,28561.8,0.1114,142400.2
1753617205542,11:53:25.542,binance,AEVO/USDT:USDT,0.1112,47560.0,0.1111,157895.4,0.1113,22547.4,0.1114,142400.2
1753617205702,11:53:25.702,binance,AEVO/USDT:USDT,0.1112,47560.0,0.1111,157895.4,0.1113,22547.4,0.1114,142400.2
1753617205867,11:53:25.867,binance,AEVO/USDT:USDT,0.1112,47560.0,0.1111,157895.4,0.1113,22547.4,0.1114,142400.2
1753617205970,11:53:25.970,binance,AEVO/USDT:USDT,0.1112,47560.0,0.1111,157895.4,0.1113,22547.4,0.1114,142400.2
1753617206265,11:53:26.265,binance,AEVO/USDT:USDT,0.1112,47560.0,0.1111,157895.4,0.1113,22547.4,0.1114,142400.2
1753617206419,11:53:26.419,binance,AEVO/USDT:USDT,0.1112,47560.0,0.1111,157895.4,0.1113,22547.4,0.1114,139707.3
1753617206614,11:53:26.614,binance,AEVO/USDT:USDT,0.1112,47560.0,0.1111,157895.4,0.1113,22547.4,0.1114,139707.3
1753617206737,11:53:26.737,binance,AEVO/USDT:USDT,0.1112,47560.0,0.1111,157895.4,0.1113,22547.4,0.1114,139707.3
1753617207007,11:53:27.007,binance,AEVO/USDT:USDT,0.1112,52009.8,0.1111,158186.1,0.1113,22547.4,0.1114,139707.3
1753617207313,11:53:27.313,binance,AEVO/USDT:USDT,0.1112,52009.8,0.1111,158186.1,0.1113,22547.4,0.1114,139707.3
1753617207419,11:53:27.419,binance,AEVO/USDT:USDT,0.1112,52054.8,0.1111,158186.1,0.1113,22557.0,0.1114,139707.3
1753617207568,11:53:27.568,binance,AEVO/USDT:USDT,0.1112,52054.8,0.1111,158186.1,0.1113,22557.0,0.1114,139707.3
1753617207808,11:53:27.808,binance,AEVO/USDT:USDT,0.1112,52102.1,0.1111,158186.1,0.1113,22557.0,0.1114,139707.3
1753617208311,11:53:28.311,binance,AEVO/USDT:USDT,0.1112,52102.1,0.1111,158186.1,0.1113,21541.3,0.1114,139707.3
1753617208486,11:53:28.486,binance,AEVO/USDT:USDT,0.1112,47607.3,0.1111,162683.4,0.1113,21541.3,0.1114,139707.3
1753617208628,11:53:28.628,binance,AEVO/USDT:USDT,0.1112,47607.3,0.1111,162683.4,0.1113,21541.3,0.1114,139707.3
1753617208908,11:53:28.908,binance,AEVO/USDT:USDT,0.1112,47607.3,0.1111,162683.4,0.1113,27510.7,0.1114,139707.3
1753617209039,11:53:29.039,binance,AEVO/USDT:USDT,0.1112,47607.3,0.1111,162683.4,0.1113,28571.4,0.1114,139707.3
1753617209149,11:53:29.149,binance,AEVO/USDT:USDT,0.1112,47607.3,0.1111,162683.4,0.1113,28571.4,0.1114,139707.3
1753617209602,11:53:29.602,binance,AEVO/USDT:USDT,0.1112,47607.3,0.1111,157895.4,0.1113,28571.4,0.1114,139707.3
1753617209948,11:53:29.948,binance,AEVO/USDT:USDT,0.1112,47607.3,0.1111,157895.4,0.1113,22557.0,0.1114,139707.3
1753617210096,11:53:30.096,binance,AEVO/USDT:USDT,0.1112,47607.3,0.1111,157895.4,0.1113,22557.0,0.1114,139707.3
1753617210341,11:53:30.341,binance,AEVO/USDT:USDT,0.1112,47607.3,0.1111,160595.6,0.1113,21541.3,0.1114,139707.3
1753617210483,11:53:30.483,binance,AEVO/USDT:USDT,0.1112,47607.3,0.1111,160595.6,0.1113,21731.6,0.1114,139707.3
1753617210669,11:53:30.669,binance,AEVO/USDT:USDT,0.1112,47607.3,0.1111,165383.6,0.1113,21731.6,0.1114,139707.3
1753617210840,11:53:30.840,binance,AEVO/USDT:USDT,0.1112,47607.3,0.1111,160595.6,0.1113,21731.6,0.1114,139707.3
1753617211051,11:53:31.051,binance,AEVO/USDT:USDT,0.1112,47607.3,0.1111,170303.4,0.1113,21731.6,0.1114,139707.3
1753617211184,11:53:31.184,binance,AEVO/USDT:USDT,0.1112,47607.3,0.1111,170303.4,0.1113,21731.6,0.1114,139707.3
1753617211443,11:53:31.443,binance,AEVO/USDT:USDT,0.1112,47607.3,0.1111,170303.4,0.1113,21736.0,0.1114,139707.3
1753617211599,11:53:31.599,binance,AEVO/USDT:USDT,0.1112,47607.3,0.1111,170303.4,0.1113,21736.0,0.1114,139707.3
1753617211806,11:53:31.806,binance,AEVO/USDT:USDT,0.1112,47607.3,0.1111,170303.4,0.1113,16684.5,0.1114,139707.3
1753617211938,11:53:31.938,binance,AEVO/USDT:USDT,0.1112,49394.2,0.1111,170303.4,0.1113,16684.5,0.1114,139707.3
1753617212089,11:53:32.089,binance,AEVO/USDT:USDT,0.1112,55680.3,0.1111,165806.1,0.1113,1767.0,0.1114,135220.3
1753617212192,11:53:32.192,binance,AEVO/USDT:USDT,0.1112,55680.3,0.1111,165806.1,0.1113,1767.0,0.1114,135220.3
1753617212297,11:53:32.297,binance,AEVO/USDT:USDT,0.1112,55873.8,0.1111,165806.1,0.1113,1767.0,0.1114,132975.8
1753617212419,11:53:32.419,binance,AEVO/USDT:USDT,0.1112,56772.6,0.1111,165806.1,0.1113,1767.0,0.1114,132975.8
1753617212661,11:53:32.661,binance,AEVO/USDT:USDT,0.1113,24646.6,0.1112,95822.4,0.1114,75376.0,0.1115,195596.2
1753617212769,11:53:32.769,binance,AEVO/USDT:USDT,0.1113,28451.6,0.1112,89657.0,0.1114,75376.0,0.1115,195596.2
1753617212873,11:53:32.873,binance,AEVO/USDT:USDT,0.1113,26564.4,0.1112,89657.0,0.1114,75421.0,0.1115,194251.0
1753617212984,11:53:32.984,binance,AEVO/USDT:USDT,0.1113,26656.6,0.1112,89657.0,0.1114,73624.1,0.1115,181158.9
1753617213241,11:53:33.241,binance,AEVO/USDT:USDT,0.1113,32671.0,0.1112,95682.4,0.1114,75420.2,0.1115,175060.2
1753617213364,11:53:33.364,binance,AEVO/USDT:USDT,0.1113,32671.0,0.1112,89657.0,0.1114,77215.0,0.1115,175947.1
1753617213499,11:53:33.499,binance,AEVO/USDT:USDT,0.1113,26656.6,0.1112,89657.0,0.1114,81302.6,0.1115,176782.1
1753617213614,11:53:33.614,binance,AEVO/USDT:USDT,0.1113,26656.6,0.1112,89657.0,0.1114,66569.1,0.1115,176782.1
1753617214115,11:53:34.115,binance,AEVO/USDT:USDT,0.1113,26656.6,0.1112,85818.9,0.1114,66658.9,0.1115,176782.1
1753617214329,11:53:34.329,binance,AEVO/USDT:USDT,0.1113,26656.6,0.1112,79793.5,0.1114,68587.4,0.1115,176782.1
1753617214434,11:53:34.434,binance,AEVO/USDT:USDT,0.1113,26656.6,0.1112,79793.5,0.1114,68587.4,0.1115,176782.1
1753617214536,11:53:34.536,binance,AEVO/USDT:USDT,0.1113,26656.6,0.1112,79793.5,0.1114,64570.8,0.1115,182639.3
1753617214679,11:53:34.679,binance,AEVO/USDT:USDT,0.1113,26656.6,0.1112,79793.5,0.1114,64570.8,0.1115,182639.3
1753617214848,11:53:34.848,binance,AEVO/USDT:USDT,0.1113,26530.1,0.1112,79793.5,0.1114,64570.8,0.1115,182639.3
1753617215009,11:53:35.009,binance,AEVO/USDT:USDT,0.1113,26530.1,0.1112,79793.5,0.1114,64570.8,0.1115,182639.3
1753617215149,11:53:35.149,binance,AEVO/USDT:USDT,0.1113,26530.1,0.1112,79793.5,0.1114,64570.8,0.1115,182639.3
1753617215264,11:53:35.264,binance,AEVO/USDT:USDT,0.1113,26530.1,0.1112,79793.5,0.1114,64570.8,0.1115,182639.3
1753617215470,11:53:35.470,binance,AEVO/USDT:USDT,0.1113,26575.1,0.1112,79793.5,0.1114,64472.1,0.1115,182639.3
1753617215588,11:53:35.588,binance,AEVO/USDT:USDT,0.1113,26575.1,0.1112,79793.5,0.1114,64472.1,0.1115,182639.3
1753617215880,11:53:35.880,binance,AEVO/USDT:USDT,0.1113,26575.1,0.1112,79793.5,0.1114,62678.9,0.1115,182639.3
1753617216065,11:53:36.065,binance,AEVO/USDT:USDT,0.1113,26575.1,0.1112,79793.5,0.1114,62589.1,0.1115,182639.3
1753617216206,11:53:36.206,binance,AEVO/USDT:USDT,0.1113,26575.1,0.1112,79793.5,0.1114,62589.1,0.1115,182639.3
1753617216504,11:53:36.504,binance,AEVO/USDT:USDT,0.1113,26575.1,0.1112,79793.5,0.1114,62589.1,0.1115,182639.3
1753617216609,11:53:36.609,binance,AEVO/USDT:USDT,0.1113,26575.1,0.1112,79793.5,0.1114,62589.1,0.1115,182639.3
1753617216902,11:53:36.902,binance,AEVO/USDT:USDT,0.1113,26575.1,0.1112,79793.5,0.1114,62589.1,0.1115,182639.3
1753617217202,11:53:37.202,binance,AEVO/USDT:USDT,0.1113,26575.1,0.1112,79793.5,0.1114,62589.1,0.1115,182639.3
1753617217305,11:53:37.305,binance,AEVO/USDT:USDT,0.1113,26575.1,0.1112,79793.5,0.1114,63662.0,0.1115,182478.8
1753617217502,11:53:37.502,binance,AEVO/USDT:USDT,0.1113,26575.1,0.1112,79793.5,0.1114,68615.2,0.1115,182478.8
1753617217802,11:53:37.802,binance,AEVO/USDT:USDT,0.1113,26575.1,0.1112,79793.5,0.1114,68615.2,0.1115,182478.8
1753617218178,11:53:38.178,binance,AEVO/USDT:USDT,0.1113,26575.1,0.1112,79793.5,0.1114,68705.0,0.1115,182478.8
1753617218402,11:53:38.402,binance,AEVO/USDT:USDT,0.1113,26575.1,0.1112,79793.5,0.1114,68705.0,0.1115,182478.8
1753617218510,11:53:38.510,binance,AEVO/USDT:USDT,0.1113,34862.6,0.1112,79793.5,0.1114,63464.2,0.1115,182478.8
1753617218659,11:53:38.659,binance,AEVO/USDT:USDT,0.1113,34817.6,0.1112,107248.3,0.1114,54053.1,0.1115,166216.5
1753617218766,11:53:38.766,binance,AEVO/USDT:USDT,0.1113,34817.6,0.1112,107248.3,0.1114,53019.8,0.1115,161530.3
1753617218919,11:53:38.919,binance,AEVO/USDT:USDT,0.1113,34817.6,0.1112,107248.3,0.1114,53019.8,0.1115,161530.3
1753617219121,11:53:39.121,binance,AEVO/USDT:USDT,0.1113,34817.6,0.1112,107248.3,0.1114,52930.0,0.1115,161530.3
1753617219264,11:53:39.264,binance,AEVO/USDT:USDT,0.1113,34817.6,0.1112,107248.3,0.1114,52930.0,0.1115,161530.3
1753617219379,11:53:39.379,binance,AEVO/USDT:USDT,0.1113,34817.6,0.1112,107248.3,0.1114,52930.0,0.1115,161530.3
1753617219539,11:53:39.539,binance,AEVO/USDT:USDT,0.1113,34862.6,0.1112,107248.3,0.1114,49797.1,0.1115,160641.8
1753617219686,11:53:39.686,binance,AEVO/USDT:USDT,0.1113,34862.6,0.1112,107248.3,0.1114,48001.0,0.1115,160641.8
1753617219886,11:53:39.886,binance,AEVO/USDT:USDT,0.1113,34862.6,0.1112,107248.3,0.1114,48001.0,0.1115,160641.8
1753617220003,11:53:40.003,binance,AEVO/USDT:USDT,0.1113,34862.6,0.1112,107248.3,0.1114,48001.0,0.1115,160641.8
1753617220302,11:53:40.302,binance,AEVO/USDT:USDT,0.1113,34862.6,0.1112,107248.3,0.1114,48001.0,0.1115,160641.8
1753617220405,11:53:40.405,binance,AEVO/USDT:USDT,0.1113,34862.6,0.1112,107248.3,0.1114,50452.1,0.1115,160641.8
1753617220602,11:53:40.602,binance,AEVO/USDT:USDT,0.1113,34862.6,0.1112,107248.3,0.1114,50452.1,0.1115,160641.8
1753617220789,11:53:40.789,binance,AEVO/USDT:USDT,0.1113,34862.6,0.1112,107248.3,0.1114,50452.1,0.1115,160641.8
1753617221102,11:53:41.102,binance,AEVO/USDT:USDT,0.1113,34862.6,0.1112,101222.9,0.1114,50452.1,0.1115,160641.8
1753617221368,11:53:41.368,binance,AEVO/USDT:USDT,0.1113,34862.6,0.1112,101222.9,0.1114,50452.1,0.1115,160641.8
1753617221480,11:53:41.480,binance,AEVO/USDT:USDT,0.1113,34862.6,0.1112,101222.9,0.1114,50452.1,0.1115,160641.8
1753617221592,11:53:41.592,binance,AEVO/USDT:USDT,0.1113,34862.6,0.1112,101222.9,0.1114,50452.1,0.1115,160641.8
1753617221703,11:53:41.703,binance,AEVO/USDT:USDT,0.1113,34862.6,0.1112,101222.9,0.1114,50452.1,0.1115,160641.8
1753617222089,11:53:42.089,binance,AEVO/USDT:USDT,0.1113,34862.6,0.1112,101222.9,0.1114,50452.1,0.1115,160641.8
1753617222202,11:53:42.202,binance,AEVO/USDT:USDT,0.1113,34862.6,0.1112,101222.9,0.1114,50452.1,0.1115,160641.8
1753617222389,11:53:42.389,binance,AEVO/USDT:USDT,0.1113,34862.6,0.1112,101222.9,0.1114,50452.1,0.1115,160641.8
1753617222602,11:53:42.602,binance,AEVO/USDT:USDT,0.1113,34862.6,0.1112,101222.9,0.1114,50452.1,0.1115,160641.8
1753617222802,11:53:42.802,binance,AEVO/USDT:USDT,0.1113,34862.6,0.1112,101222.9,0.1114,50452.1,0.1115,160641.8
1753617222945,11:53:42.945,binance,AEVO/USDT:USDT,0.1113,34862.6,0.1112,101222.9,0.1114,49557.3,0.1115,166656.2
1753617223202,11:53:43.202,binance,AEVO/USDT:USDT,0.1113,34862.6,0.1112,101222.9,0.1114,49557.3,0.1115,166656.2
1753617223355,11:53:43.355,binance,AEVO/USDT:USDT,0.1113,34862.6,0.1112,87710.9,0.1114,49499.2,0.1115,166656.2
1753617223473,11:53:43.473,binance,AEVO/USDT:USDT,0.1113,34815.4,0.1112,93736.3,0.1114,48602.0,0.1115,166656.2
1753617223815,11:53:43.815,binance,AEVO/USDT:USDT,0.1113,34815.4,0.1112,84285.8,0.1114,48602.0,0.1115,121828.8
1753617223919,11:53:43.919,binance,AEVO/USDT:USDT,0.1113,34766.3,0.1112,84285.8,0.1114,48602.0,0.1115,121779.7
1753617224079,11:53:44.079,binance,AEVO/USDT:USDT,0.1113,34766.3,0.1112,84285.8,0.1114,48602.0,0.1115,121779.7
1753617224203,11:53:44.203,binance,AEVO/USDT:USDT,0.1113,34766.3,0.1112,84285.8,0.1114,48602.0,0.1115,121779.7
1753617224392,11:53:44.392,binance,AEVO/USDT:USDT,0.1113,34766.3,0.1112,84285.8,0.1114,48602.0,0.1115,121779.7
1753617224502,11:53:44.502,binance,AEVO/USDT:USDT,0.1113,34766.3,0.1112,84285.8,0.1114,49799.3,0.1115,121779.7
1753617224618,11:53:44.618,binance,AEVO/USDT:USDT,0.1113,32493.2,0.1112,84285.8,0.1114,49799.3,0.1115,121779.7
1753617224722,11:53:44.722,binance,AEVO/USDT:USDT,0.1113,34264.8,0.1112,84285.8,0.1114,49799.3,0.1115,121779.7
1753617224833,11:53:44.833,binance,AEVO/USDT:USDT,0.1113,34264.8,0.1112,90272.6,0.1114,49675.8,0.1115,115754.1
1753617224943,11:53:44.943,binance,AEVO/USDT:USDT,0.1113,36057.7,0.1112,90272.6,0.1114,49675.8,0.1115,115705.0
1753617225047,11:53:45.047,binance,AEVO/USDT:USDT,0.1113,36057.7,0.1112,84285.8,0.1114,49675.8,0.1115,121667.6
1753617225159,11:53:45.159,binance,AEVO/USDT:USDT,0.1113,34211.6,0.1112,84285.8,0.1114,49675.8,0.1115,121618.5
1753617225296,11:53:45.296,binance,AEVO/USDT:USDT,0.1113,34164.4,0.1112,84285.8,0.1114,49721.5,0.1115,121618.5
1753617225466,11:53:45.466,binance,AEVO/USDT:USDT,0.1113,34164.4,0.1112,84285.8,0.1114,49721.5,0.1115,121618.5
1753617225571,11:53:45.571,binance,AEVO/USDT:USDT,0.1113,34164.4,0.1112,84285.8,0.1114,49721.5,0.1115,121618.5
1753617225702,11:53:45.702,binance,AEVO/USDT:USDT,0.1113,34164.4,0.1112,84285.8,0.1114,49721.5,0.1115,121618.5
1753617226088,11:53:46.088,binance,AEVO/USDT:USDT,0.1113,34164.4,0.1112,84285.8,0.1114,49721.5,0.1115,121618.5
1753617226241,11:53:46.241,binance,AEVO/USDT:USDT,0.1113,34164.4,0.1112,84285.8,0.1114,49721.5,0.1115,121618.5
1753617226379,11:53:46.379,binance,AEVO/USDT:USDT,0.1113,34164.4,0.1112,84432.7,0.1114,49721.5,0.1115,121618.5
1753617226853,11:53:46.853,binance,AEVO/USDT:USDT,0.1113,34103.5,0.1112,84432.7,0.1114,49721.5,0.1115,121618.5
1753617226958,11:53:46.958,binance,AEVO/USDT:USDT,0.1113,34103.5,0.1112,84432.7,0.1114,49721.5,0.1115,121618.5
1753617227089,11:53:47.089,binance,AEVO/USDT:USDT,0.1113,34148.5,0.1112,84432.7,0.1114,43575.9,0.1115,121618.5
1753617227201,11:53:47.201,binance,AEVO/USDT:USDT,0.1113,35752.3,0.1112,84432.7,0.1114,41124.8,0.1115,121618.5
1753617227305,11:53:47.305,binance,AEVO/USDT:USDT,0.1113,35945.5,0.1112,90371.5,0.1114,42339.1,0.1115,115655.9
1753617227607,11:53:47.607,binance,AEVO/USDT:USDT,0.1113,35945.5,0.1112,90371.5,0.1114,40390.4,0.1115,115655.9
1753617227713,11:53:47.713,binance,AEVO/USDT:USDT,0.1113,35945.5,0.1112,90371.5,0.1114,40390.4,0.1115,115655.9
1753617227869,11:53:47.869,binance,AEVO/USDT:USDT,0.1113,35945.5,0.1112,90371.5,0.1114,40390.4,0.1115,115655.9
1753617228002,11:53:48.002,binance,AEVO/USDT:USDT,0.1113,35945.5,0.1112,90371.5,0.1114,40390.4,0.1115,115655.9
1753617228219,11:53:48.219,binance,AEVO/USDT:USDT,0.1113,35945.5,0.1112,90371.5,0.1114,40390.4,0.1115,115655.9
1753617228389,11:53:48.389,binance,AEVO/USDT:USDT,0.1113,35945.5,0.1112,90371.5,0.1114,40390.4,0.1115,115655.9
1753617228623,11:53:48.623,binance,AEVO/USDT:USDT,0.1113,35945.5,0.1112,90371.5,0.1114,40390.4,0.1115,115655.9
1753617228802,11:53:48.802,binance,AEVO/USDT:USDT,0.1113,35945.5,0.1112,90371.5,0.1114,40390.4,0.1115,115655.9
1753617228964,11:53:48.964,binance,AEVO/USDT:USDT,0.1113,35945.5,0.1112,90371.5,0.1114,40390.4,0.1115,115655.9
1753617229076,11:53:49.076,binance,AEVO/USDT:USDT,0.1113,34148.5,0.1112,90371.5,0.1114,40390.4,0.1115,115655.9
1753617229189,11:53:49.189,binance,AEVO/USDT:USDT,0.1113,35945.5,0.1112,90371.5,0.1114,40390.4,0.1115,115655.9
1753617229293,11:53:49.293,binance,AEVO/USDT:USDT,0.1113,45213.1,0.1112,130647.6,0.1114,29335.1,0.1115,92890.2
1753617229394,11:53:49.394,binance,AEVO/USDT:USDT,0.1113,47163.7,0.1112,130488.3,0.1114,29335.1,0.1115,92890.2
1753617229508,11:53:49.508,binance,AEVO/USDT:USDT,0.1113,40446.3,0.1112,130488.3,0.1114,31092.8,0.1115,92890.2
1753617229702,11:53:49.702,binance,AEVO/USDT:USDT,0.1113,40446.3,0.1112,130488.3,0.1114,31092.8,0.1115,92890.2
1753617229824,11:53:49.824,binance,AEVO/USDT:USDT,0.1113,40446.3,0.1112,130488.3,0.1114,28209.8,0.1115,92890.2
1753617229929,11:53:49.929,binance,AEVO/USDT:USDT,0.1113,40446.3,0.1112,130488.3,0.1114,23936.4,0.1115,102098.8
1753617230266,11:53:50.266,binance,AEVO/USDT:USDT,0.1113,40446.3,0.1112,130488.3,0.1114,23936.4,0.1115,102098.8
1753617230389,11:53:50.389,binance,AEVO/USDT:USDT,0.1113,40446.3,0.1112,130488.3,0.1114,23936.4,0.1115,102098.8
1753617230502,11:53:50.502,binance,AEVO/USDT:USDT,0.1113,40446.3,0.1112,130488.3,0.1114,23936.4,0.1115,102098.8
1753617230796,11:53:50.796,binance,AEVO/USDT:USDT,0.1113,40446.3,0.1112,130488.3,0.1114,19968.0,0.1115,102098.8
1753617230902,11:53:50.902,binance,AEVO/USDT:USDT,0.1113,40446.3,0.1112,130488.3,0.1114,19968.0,0.1115,102098.8
1753617231017,11:53:51.017,binance,AEVO/USDT:USDT,0.1113,40446.3,0.1112,130488.3,0.1114,19968.0,0.1115,102098.8
1753617231282,11:53:51.282,binance,AEVO/USDT:USDT,0.1113,38655.0,0.1112,132056.8,0.1114,28026.2,0.1115,100530.3
1753617231439,11:53:51.439,binance,AEVO/USDT:USDT,0.1113,35808.6,0.1112,98771.9,0.1114,59028.5,0.1115,106439.4
1753617231550,11:53:51.550,binance,AEVO/USDT:USDT,0.1113,34009.6,0.1112,105489.3,0.1114,60972.8,0.1115,122440.2
1753617231665,11:53:51.665,binance,AEVO/USDT:USDT,0.1113,32129.9,0.1112,105489.3,0.1114,60972.8,0.1115,122440.2
1753617231793,11:53:51.793,binance,AEVO/USDT:USDT,0.1113,32129.9,0.1112,105489.3,0.1114,61942.6,0.1115,122440.2
1753617231915,11:53:51.915,binance,AEVO/USDT:USDT,0.1113,32080.8,0.1112,105489.3,0.1114,61942.6,0.1115,122391.1
1753617232017,11:53:52.017,binance,AEVO/USDT:USDT,0.1113,32080.8,0.1112,105489.3,0.1114,61942.6,0.1115,122391.1
1753617232243,11:53:52.243,binance,AEVO/USDT:USDT,0.1113,32080.8,0.1112,105489.3,0.1114,63089.4,0.1115,122391.1
1753617232358,11:53:52.358,binance,AEVO/USDT:USDT,0.1113,32080.8,0.1112,105489.3,0.1114,63089.4,0.1115,122391.1
1753617232498,11:53:52.498,binance,AEVO/USDT:USDT,0.1113,35119.9,0.1112,111236.1,0.1114,47466.8,0.1115,116482.0
1753617232720,11:53:52.720,binance,AEVO/USDT:USDT,0.1113,35119.9,0.1112,111236.1,0.1114,47466.8,0.1115,116482.0
1753617233002,11:53:53.002,binance,AEVO/USDT:USDT,0.1113,35119.9,0.1112,111236.1,0.1114,47466.8,0.1115,116482.0
1753617233148,11:53:53.148,binance,AEVO/USDT:USDT,0.1113,35119.9,0.1112,111236.1,0.1114,47466.8,0.1115,116482.0
1753617233338,11:53:53.338,binance,AEVO/USDT:USDT,0.1113,35119.9,0.1112,111236.1,0.1114,47466.8,0.1115,116482.0
1753617233581,11:53:53.581,binance,AEVO/USDT:USDT,0.1113,35119.9,0.1112,111236.1,0.1114,47951.9,0.1115,116482.0
1753617234349,11:53:54.349,binance,AEVO/USDT:USDT,0.1113,35119.9,0.1112,105489.3,0.1114,47951.9,0.1115,116482.0
1753617234464,11:53:54.464,binance,AEVO/USDT:USDT,0.1113,35119.9,0.1112,111236.1,0.1114,47951.9,0.1115,122229.0
1753617234664,11:53:54.664,binance,AEVO/USDT:USDT,0.1113,35119.9,0.1112,111236.1,0.1114,47951.9,0.1115,122229.0
1753617234773,11:53:54.773,binance,AEVO/USDT:USDT,0.1113,30665.9,0.1112,105489.3,0.1114,47996.9,0.1115,122229.0
1753617235098,11:53:55.098,binance,AEVO/USDT:USDT,0.1113,30665.9,0.1112,105489.3,0.1114,47996.9,0.1115,122229.0
1753617235202,11:53:55.202,binance,AEVO/USDT:USDT,0.1113,24651.5,0.1112,105489.3,0.1114,47996.9,0.1115,122229.0
1753617235437,11:53:55.437,binance,AEVO/USDT:USDT,0.1113,24651.5,0.1112,100994.5,0.1114,48894.1,0.1115,122229.0
1753617235649,11:53:55.649,binance,AEVO/USDT:USDT,0.1113,24651.5,0.1112,100994.5,0.1114,48894.1,0.1115,122229.0
1753617235802,11:53:55.802,binance,AEVO/USDT:USDT,0.1113,24651.5,0.1112,100994.5,0.1114,48894.1,0.1115,122229.0
1753617235928,11:53:55.928,binance,AEVO/USDT:USDT,0.1113,24651.5,0.1112,105487.0,0.1114,48894.1,0.1115,122229.0
1753617236402,11:53:56.402,binance,AEVO/USDT:USDT,0.1113,24651.5,0.1112,105487.0,0.1114,48894.1,0.1115,122229.0
1753617236522,11:53:56.522,binance,AEVO/USDT:USDT,0.1113,24651.5,0.1112,105487.0,0.1114,48894.1,0.1115,122229.0
1753617236634,11:53:56.634,binance,AEVO/USDT:USDT,0.1113,24651.5,0.1112,105487.0,0.1114,48894.1,0.1115,122229.0
1753617236783,11:53:56.783,binance,AEVO/USDT:USDT,0.1113,24651.5,0.1112,105487.0,0.1114,48894.1,0.1115,122229.0
1753617237018,11:53:57.018,binance,AEVO/USDT:USDT,0.1113,24651.5,0.1112,105487.0,0.1114,49352.8,0.1115,122229.0
1753617237125,11:53:57.125,binance,AEVO/USDT:USDT,0.1113,24651.5,0.1112,105487.0,0.1114,49352.8,0.1115,122229.0
1753617237387,11:53:57.387,binance,AEVO/USDT:USDT,0.1113,24651.5,0.1112,105487.0,0.1114,49504.8,0.1115,122229.0
1753617237518,11:53:57.518,binance,AEVO/USDT:USDT,0.1113,24651.5,0.1112,105487.0,0.1114,49504.8,0.1115,122229.0
1753617238102,11:53:58.102,binance,AEVO/USDT:USDT,0.1113,13660.5,0.1112,100994.5,0.1114,49504.8,0.1115,122229.0
1753617238502,11:53:58.502,binance,AEVO/USDT:USDT,0.1113,13660.5,0.1112,100994.5,0.1114,49504.8,0.1115,122229.0
1753617238665,11:53:58.665,binance,AEVO/USDT:USDT,0.1113,13660.5,0.1112,100994.5,0.1114,49504.8,0.1115,122229.0
1753617238769,11:53:58.769,binance,AEVO/USDT:USDT,0.1113,13660.5,0.1112,100312.9,0.1114,49504.8,0.1115,122229.0
1753617239192,11:53:59.192,binance,AEVO/USDT:USDT,0.1113,13660.5,0.1112,100312.9,0.1114,50357.8,0.1115,122229.0
1753617239580,11:53:59.580,binance,AEVO/USDT:USDT,0.1113,13660.5,0.1112,100312.9,0.1114,51337.5,0.1115,122229.0
1753617239844,11:53:59.844,binance,AEVO/USDT:USDT,0.1113,16532.5,0.1112,100312.9,0.1114,48115.9,0.1115,124470.2
1753617239972,11:53:59.972,binance,AEVO/USDT:USDT,0.1113,16532.5,0.1112,100312.9,0.1114,48115.9,0.1115,122229.0
1753617240092,11:54:00.092,binance,AEVO/USDT:USDT,0.1113,16532.5,0.1112,100312.9,0.1114,48115.9,0.1115,124470.2
1753617240212,11:54:00.212,binance,AEVO/USDT:USDT,0.1113,16532.5,0.1112,100312.9,0.1114,48115.9,0.1115,124470.2
1753617240389,11:54:00.389,binance,AEVO/USDT:USDT,0.1113,16577.5,0.1112,100312.9,0.1114,48489.3,0.1115,124675.4
1753617240492,11:54:00.492,binance,AEVO/USDT:USDT,0.1113,16577.5,0.1112,100312.9,0.1114,50522.2,0.1115,124675.4
1753617240612,11:54:00.612,binance,AEVO/USDT:USDT,0.1113,13660.5,0.1112,100312.9,0.1114,51902.5,0.1115,124675.4
1753617240765,11:54:00.765,binance,AEVO/USDT:USDT,0.1113,13660.5,0.1112,100312.9,0.1114,51902.5,0.1115,124675.4
1753617240883,11:54:00.883,binance,AEVO/USDT:USDT,0.1113,13660.5,0.1112,100312.9,0.1114,51947.3,0.1115,124675.4
1753617241008,11:54:01.008,binance,AEVO/USDT:USDT,0.1113,12760.2,0.1112,105968.7,0.1114,53745.6,0.1115,166354.0
1753617241114,11:54:01.114,binance,AEVO/USDT:USDT,0.1113,12760.2,0.1112,100312.9,0.1114,53745.6,0.1115,167240.9
1753617241258,11:54:01.258,binance,AEVO/USDT:USDT,0.1113,12760.2,0.1112,100312.9,0.1114,53745.6,0.1115,167240.9
1753617241394,11:54:01.394,binance,AEVO/USDT:USDT,0.1113,12760.2,0.1112,100312.9,0.1114,53952.1,0.1115,167240.9
1753617241515,11:54:01.515,binance,AEVO/USDT:USDT,0.1113,12760.2,0.1112,100312.9,0.1114,67328.6,0.1115,168129.4
1753617241617,11:54:01.617,binance,AEVO/USDT:USDT,0.1112,34420.9,0.1111,158994.5,0.1113,27092.2,0.1114,137532.0
1753617241721,11:54:01.721,binance,AEVO/USDT:USDT,0.1112,38246.0,0.1111,152580.4,0.1113,25296.6,0.1114,134904.9
1753617241826,11:54:01.826,binance,AEVO/USDT:USDT,0.1112,38246.0,0.1111,158481.1,0.1113,24397.8,0.1114,134904.9
1753617241927,11:54:01.927,binance,AEVO/USDT:USDT,0.1112,38246.0,0.1111,158481.1,0.1113,24397.8,0.1114,139392.2
1753617242033,11:54:02.033,binance,AEVO/USDT:USDT,0.1112,38246.0,0.1111,158481.1,0.1113,24397.8,0.1114,139645.1
1753617242143,11:54:02.143,binance,AEVO/USDT:USDT,0.1112,38246.0,0.1111,158481.1,0.1113,24397.8,0.1114,139645.1
1753617242259,11:54:02.259,binance,AEVO/USDT:USDT,0.1112,37359.1,0.1111,158481.1,0.1113,24397.8,0.1114,139645.1
1753617242389,11:54:02.389,binance,AEVO/USDT:USDT,0.1112,37404.1,0.1111,158481.1,0.1113,30457.2,0.1114,139645.1
1753617242511,11:54:02.511,binance,AEVO/USDT:USDT,0.1112,36503.5,0.1111,142481.1,0.1113,30457.2,0.1114,138758.5
1753617242721,11:54:02.721,binance,AEVO/USDT:USDT,0.1112,36503.5,0.1111,158581.4,0.1113,30457.2,0.1114,138758.5
1753617242903,11:54:02.903,binance,AEVO/USDT:USDT,0.1112,36503.5,0.1111,158581.4,0.1113,36312.6,0.1114,138758.5
1753617243019,11:54:03.019,binance,AEVO/USDT:USDT,0.1112,38353.8,0.1111,158581.4,0.1113,36357.6,0.1114,143091.3
1753617243438,11:54:03.438,binance,AEVO/USDT:USDT,0.1112,38353.8,0.1111,158581.4,0.1113,36429.8,0.1114,143091.3
1753617243550,11:54:03.550,binance,AEVO/USDT:USDT,0.1112,36556.8,0.1111,158581.4,0.1113,36477.0,0.1114,143091.3
1753617243902,11:54:03.902,binance,AEVO/USDT:USDT,0.1112,36556.8,0.1111,158581.4,0.1113,36477.0,0.1114,143091.3
1753617244088,11:54:04.088,binance,AEVO/USDT:USDT,0.1112,36556.8,0.1111,158581.4,0.1113,36477.0,0.1114,143091.3
1753617244237,11:54:04.237,binance,AEVO/USDT:USDT,0.1112,36556.8,0.1111,158581.4,0.1113,36477.0,0.1114,143091.3
1753617244427,11:54:04.427,binance,AEVO/USDT:USDT,0.1112,36556.8,0.1111,158581.4,0.1113,36477.0,0.1114,143151.3
1753617244529,11:54:04.529,binance,AEVO/USDT:USDT,0.1112,36556.8,0.1111,158581.4,0.1113,36477.0,0.1114,143151.3
1753617244638,11:54:04.638,binance,AEVO/USDT:USDT,0.1112,36556.8,0.1111,158581.4,0.1113,36477.0,0.1114,143151.3
1753617244826,11:54:04.826,binance,AEVO/USDT:USDT,0.1112,36556.8,0.1111,158581.4,0.1113,30576.6,0.1114,149052.6
1753617245392,11:54:05.392,binance,AEVO/USDT:USDT,0.1112,39604.2,0.1111,131425.8,0.1113,46158.4,0.1114,167397.6
1753617245499,11:54:05.499,binance,AEVO/USDT:USDT,0.1112,37724.5,0.1111,138143.2,0.1113,46158.4,0.1114,167397.6
1753617245626,11:54:05.626,binance,AEVO/USDT:USDT,0.1112,37724.5,0.1111,135443.0,0.1113,46158.4,0.1114,167397.6
1753617245769,11:54:05.769,binance,AEVO/USDT:USDT,0.1112,37724.5,0.1111,135443.0,0.1113,46158.4,0.1114,167397.6
1753617246133,11:54:06.133,binance,AEVO/USDT:USDT,0.1112,37724.5,0.1111,125735.2,0.1113,46158.4,0.1114,172517.2
1753617246235,11:54:06.235,binance,AEVO/USDT:USDT,0.1112,37724.5,0.1111,119834.5,0.1113,47949.7,0.1114,170274.0
1753617246339,11:54:06.339,binance,AEVO/USDT:USDT,0.1112,31447.2,0.1111,119834.5,0.1113,47949.7,0.1114,174588.6
1753617246464,11:54:06.464,binance,AEVO/USDT:USDT,0.1112,31447.2,0.1111,119834.5,0.1113,47949.7,0.1114,174588.6
1753617246565,11:54:06.565,binance,AEVO/USDT:USDT,0.1112,31447.2,0.1111,119834.5,0.1113,47000.4,0.1114,174588.6
1753617246668,11:54:06.668,binance,AEVO/USDT:USDT,0.1112,35029.0,0.1111,124620.5,0.1113,40328.0,0.1114,175362.7
1753617246771,11:54:06.771,binance,AEVO/USDT:USDT,0.1112,35029.0,0.1111,124620.5,0.1113,40451.5,0.1114,176295.8
1753617246902,11:54:06.902,binance,AEVO/USDT:USDT,0.1112,35029.0,0.1111,118947.6,0.1113,40451.5,0.1114,176295.8
1753617247149,11:54:07.149,binance,AEVO/USDT:USDT,0.1112,35029.0,0.1111,118947.6,0.1113,40451.5,0.1114,178539.1
1753617247273,11:54:07.273,binance,AEVO/USDT:USDT,0.1112,35029.0,0.1111,118947.6,0.1113,40451.5,0.1114,178539.1
1753617247389,11:54:07.389,binance,AEVO/USDT:USDT,0.1112,30903.6,0.1111,124620.5,0.1113,40451.5,0.1114,178539.0
1753617247496,11:54:07.496,binance,AEVO/USDT:USDT,0.1112,30903.6,0.1111,124261.3,0.1113,40451.5,0.1114,176295.8
1753617247598,11:54:07.598,binance,AEVO/USDT:USDT,0.1112,30903.6,0.1111,124261.3,0.1113,40451.5,0.1114,176295.8
1753617247702,11:54:07.702,binance,AEVO/USDT:USDT,0.1112,30903.6,0.1111,118588.4,0.1113,40451.5,0.1114,176295.8
1753617247805,11:54:07.805,binance,AEVO/USDT:USDT,0.1112,30903.6,0.1111,118588.4,0.1113,40451.5,0.1114,176295.8
1753617247913,11:54:07.913,binance,AEVO/USDT:USDT,0.1112,30253.9,0.1111,118588.4,0.1113,40451.5,0.1114,176295.8
1753617248049,11:54:08.049,binance,AEVO/USDT:USDT,0.1112,26672.1,0.1111,109449.0,0.1113,48429.9,0.1114,131114.6
1753617248164,11:54:08.164,binance,AEVO/USDT:USDT,0.1112,26672.1,0.1111,109449.0,0.1113,50221.2,0.1114,196841.3
1753617248269,11:54:08.269,binance,AEVO/USDT:USDT,0.1112,26672.1,0.1111,109449.0,0.1113,50221.2,0.1114,196841.3
1753617248393,11:54:08.393,binance,AEVO/USDT:USDT,0.1112,26672.1,0.1111,109449.0,0.1113,50221.2,0.1114,196841.3
1753617248561,11:54:08.561,binance,AEVO/USDT:USDT,0.1112,26672.1,0.1111,109449.0,0.1113,51116.4,0.1114,196841.3
1753617248666,11:54:08.666,binance,AEVO/USDT:USDT,0.1112,26672.1,0.1111,109449.0,0.1113,51116.4,0.1114,196841.3
1753617248788,11:54:08.788,binance,AEVO/USDT:USDT,0.1112,26672.1,0.1111,109449.0,0.1113,51116.4,0.1114,201330.7
1753617248890,11:54:08.890,binance,AEVO/USDT:USDT,0.1112,28379.6,0.1111,109449.0,0.1113,51966.8,0.1114,196841.3
1753617249403,11:54:09.403,binance,AEVO/USDT:USDT,0.1112,28367.7,0.1111,109449.0,0.1113,51966.8,0.1114,196841.3
1753617249505,11:54:09.505,binance,AEVO/USDT:USDT,0.1112,28367.7,0.1111,109449.0,0.1113,51966.8,0.1114,196841.3
1753617249623,11:54:09.623,binance,AEVO/USDT:USDT,0.1112,28367.7,0.1111,109449.0,0.1113,51966.8,0.1114,196841.3
1753617249785,11:54:09.785,binance,AEVO/USDT:USDT,0.1112,28367.7,0.1111,109449.0,0.1113,51966.8,0.1114,196841.3
1753617250065,11:54:10.065,binance,AEVO/USDT:USDT,0.1112,28367.7,0.1111,109449.0,0.1113,51966.8,0.1114,196786.3
1753617250368,11:54:10.368,binance,AEVO/USDT:USDT,0.1112,28312.7,0.1111,109449.0,0.1113,51966.8,0.1114,196786.3
1753617250494,11:54:10.494,binance,AEVO/USDT:USDT,0.1112,28312.7,0.1111,109449.0,0.1113,51966.8,0.1114,196786.3
1753617250629,11:54:10.629,binance,AEVO/USDT:USDT,0.1112,28312.7,0.1111,108767.4,0.1113,51966.8,0.1114,196786.3
1753617250822,11:54:10.822,binance,AEVO/USDT:USDT,0.1112,28312.7,0.1111,108767.4,0.1113,51966.8,0.1114,196786.3
1753617251150,11:54:11.150,binance,AEVO/USDT:USDT,0.1112,28312.7,0.1111,108767.4,0.1113,52918.8,0.1114,195886.0
1753617251257,11:54:11.257,binance,AEVO/USDT:USDT,0.1112,28312.7,0.1111,108767.4,0.1113,52918.8,0.1114,195886.0
1753617251389,11:54:11.389,binance,AEVO/USDT:USDT,0.1112,28312.7,0.1111,108767.4,0.1113,52918.8,0.1114,195886.0
1753617251556,11:54:11.556,binance,AEVO/USDT:USDT,0.1112,28312.7,0.1111,108767.4,0.1113,53378.0,0.1114,195886.0
1753617251681,11:54:11.681,binance,AEVO/USDT:USDT,0.1112,28312.7,0.1111,108767.4,0.1113,53378.0,0.1114,195886.0
1753617251862,11:54:11.862,binance,AEVO/USDT:USDT,0.1112,28312.7,0.1111,108767.4,0.1113,53378.0,0.1114,195886.0
1753617252102,11:54:12.102,binance,AEVO/USDT:USDT,0.1112,28312.7,0.1111,108767.4,0.1113,53378.0,0.1114,195886.0
1753617252412,11:54:12.412,binance,AEVO/USDT:USDT,0.1112,28312.7,0.1111,108767.4,0.1113,53438.4,0.1114,195886.0
1753617252569,11:54:12.569,binance,AEVO/USDT:USDT,0.1112,28312.7,0.1111,108767.4,0.1113,53438.4,0.1114,195886.0
1753617252678,11:54:12.678,binance,AEVO/USDT:USDT,0.1112,28312.7,0.1111,108767.4,0.1113,53438.4,0.1114,195886.0
1753617253305,11:54:13.305,binance,AEVO/USDT:USDT,0.1112,28312.7,0.1111,108767.4,0.1113,53438.4,0.1114,195886.0
1753617253444,11:54:13.444,binance,AEVO/USDT:USDT,0.1112,28312.7,0.1111,108767.4,0.1113,53438.4,0.1114,224243.2
1753617253635,11:54:13.635,binance,AEVO/USDT:USDT,0.1112,28312.7,0.1111,108767.4,0.1113,53438.4,0.1114,224243.2
1753617253779,11:54:13.779,binance,AEVO/USDT:USDT,0.1112,28312.7,0.1111,108767.4,0.1113,53438.4,0.1114,224243.2
1753617254063,11:54:14.063,binance,AEVO/USDT:USDT,0.1112,28312.7,0.1111,108767.4,0.1113,53438.4,0.1114,224243.2
1753617254288,11:54:14.288,binance,AEVO/USDT:USDT,0.1112,28312.7,0.1111,108767.4,0.1113,53438.4,0.1114,224243.2
1753617254440,11:54:14.440,binance,AEVO/USDT:USDT,0.1112,28312.7,0.1111,108767.4,0.1113,54334.0,0.1114,224243.2
1753617255193,11:54:15.193,binance,AEVO/USDT:USDT,0.1112,28312.7,0.1111,108767.4,0.1113,54381.2,0.1114,224243.2
1753617255312,11:54:15.312,binance,AEVO/USDT:USDT,0.1112,28312.7,0.1111,108767.4,0.1113,54381.2,0.1114,224243.2
1753617255439,11:54:15.439,binance,AEVO/USDT:USDT,0.1112,28312.7,0.1111,108767.4,0.1113,56133.9,0.1114,224243.2
1753617256376,11:54:16.376,binance,AEVO/USDT:USDT,0.1112,28312.7,0.1111,108767.4,0.1113,56133.9,0.1114,228732.3
1753617256501,11:54:16.501,binance,AEVO/USDT:USDT,0.1112,28312.7,0.1111,108767.4,0.1113,56133.9,0.1114,228732.3
1753617256758,11:54:16.758,binance,AEVO/USDT:USDT,0.1112,15909.0,0.1111,92572.4,0.1113,57077.7,0.1114,228732.3
1753617257265,11:54:17.265,binance,AEVO/USDT:USDT,0.1112,15909.0,0.1111,92572.4,0.1113,57077.7,0.1114,228732.3
1753617257389,11:54:17.389,binance,AEVO/USDT:USDT,0.1112,15909.0,0.1111,92572.4,0.1113,57077.7,0.1114,228732.3
1753617257565,11:54:17.565,binance,AEVO/USDT:USDT,0.1112,15909.0,0.1111,92572.4,0.1113,58865.1,0.1114,229621.2
1753617257837,11:54:17.837,binance,AEVO/USDT:USDT,0.1112,15909.0,0.1111,92572.4,0.1113,58865.1,0.1114,229621.2
1753617257949,11:54:17.949,binance,AEVO/USDT:USDT,0.1112,15909.0,0.1111,92572.4,0.1113,58865.1,0.1114,229621.2
1753617258118,11:54:18.118,binance,AEVO/USDT:USDT,0.1112,15909.0,0.1111,92572.4,0.1113,58865.1,0.1114,229621.2
1753617258344,11:54:18.344,binance,AEVO/USDT:USDT,0.1112,15909.0,0.1111,92572.4,0.1113,59077.7,0.1114,229621.2
1753617258629,11:54:18.629,binance,AEVO/USDT:USDT,0.1112,15909.0,0.1111,92572.4,0.1113,59077.7,0.1114,229621.2
1753617258738,11:54:18.738,binance,AEVO/USDT:USDT,0.1112,15909.0,0.1111,92572.4,0.1113,59077.7,0.1114,229621.2
1753617259202,11:54:19.202,binance,AEVO/USDT:USDT,0.1112,15909.0,0.1111,92572.4,0.1113,59077.7,0.1114,229621.2
1753617259443,11:54:19.443,binance,AEVO/USDT:USDT,0.1112,15909.0,0.1111,95997.5,0.1113,61367.2,0.1114,252117.0
1753617259802,11:54:19.802,binance,AEVO/USDT:USDT,0.1112,15909.0,0.1111,95997.5,0.1113,61367.2,0.1114,252117.0
1753617259953,11:54:19.953,binance,AEVO/USDT:USDT,0.1112,15909.0,0.1111,95997.5,0.1113,61367.2,0.1114,252117.0
1753617260211,11:54:20.211,binance,AEVO/USDT:USDT,0.1112,15909.0,0.1111,95997.5,0.1113,61367.2,0.1114,252117.0
1753617260364,11:54:20.364,binance,AEVO/USDT:USDT,0.1112,15909.0,0.1111,95997.5,0.1113,61367.2,0.1114,252117.0
1753617260568,11:54:20.568,binance,AEVO/USDT:USDT,0.1112,15909.0,0.1111,95997.5,0.1113,61529.5,0.1114,252117.0
1753617260750,11:54:20.750,binance,AEVO/USDT:USDT,0.1112,15909.0,0.1111,95997.5,0.1113,61529.5,0.1114,252117.0
1753617260902,11:54:20.902,binance,AEVO/USDT:USDT,0.1112,15909.0,0.1111,95997.5,0.1113,61529.5,0.1114,252117.0
1753617261066,11:54:21.066,binance,AEVO/USDT:USDT,0.1112,15909.0,0.1111,95997.5,0.1113,61801.5,0.1114,252117.0
1753617261392,11:54:21.392,binance,AEVO/USDT:USDT,0.1112,15909.0,0.1111,95997.5,0.1113,61803.9,0.1114,252117.0
1753617261578,11:54:21.578,binance,AEVO/USDT:USDT,0.1112,15909.0,0.1111,95997.5,0.1113,61803.9,0.1114,252117.0
1753617261916,11:54:21.916,binance,AEVO/USDT:USDT,0.1112,15909.0,0.1111,95997.5,0.1113,66097.7,0.1114,252117.0
1753617262049,11:54:22.049,binance,AEVO/USDT:USDT,0.1112,15909.0,0.1111,95997.5,0.1113,66097.7,0.1114,252117.0
1753617262223,11:54:22.223,binance,AEVO/USDT:USDT,0.1112,15909.0,0.1111,95997.5,0.1113,69485.8,0.1114,248815.0
1753617262586,11:54:22.586,binance,AEVO/USDT:USDT,0.1112,15338.7,0.1111,95997.5,0.1113,69485.8,0.1114,248815.0
1753617262738,11:54:22.738,binance,AEVO/USDT:USDT,0.1112,15293.7,0.1111,95997.5,0.1113,69485.8,0.1114,248815.0
1753617263113,11:54:23.113,binance,AEVO/USDT:USDT,0.1112,15293.7,0.1111,95997.5,0.1113,69485.8,0.1114,248815.0
1753617263248,11:54:23.248,binance,AEVO/USDT:USDT,0.1112,15293.7,0.1111,95997.5,0.1113,69485.8,0.1114,248815.0
1753617263467,11:54:23.467,binance,AEVO/USDT:USDT,0.1112,15293.7,0.1111,95997.5,0.1113,69485.8,0.1114,249472.6
1753617263788,11:54:23.788,binance,AEVO/USDT:USDT,0.1112,15318.7,0.1111,95997.5,0.1113,69485.8,0.1114,249472.6
1753617264124,11:54:24.124,binance,AEVO/USDT:USDT,0.1112,15273.7,0.1111,95997.5,0.1113,70637.9,0.1114,249472.6
1753617264303,11:54:24.303,binance,AEVO/USDT:USDT,0.1112,15224.6,0.1111,95997.5,0.1113,70637.9,0.1114,249423.5
1753617264521,11:54:24.521,binance,AEVO/USDT:USDT,0.1112,15224.6,0.1111,95997.5,0.1113,70637.9,0.1114,249423.5
1753617264679,11:54:24.679,binance,AEVO/USDT:USDT,0.1112,17723.6,0.1111,95997.5,0.1113,71335.2,0.1114,249423.5
1753617264864,11:54:24.864,binance,AEVO/USDT:USDT,0.1112,17723.6,0.1111,95997.5,0.1113,71335.2,0.1114,249423.5
1753617264986,11:54:24.986,binance,AEVO/USDT:USDT,0.1112,17674.5,0.1111,95997.5,0.1113,71335.2,0.1114,249374.4
1753617265111,11:54:25.111,binance,AEVO/USDT:USDT,0.1112,15220.5,0.1111,95997.5,0.1113,71335.2,0.1114,249374.4
1753617265386,11:54:25.386,binance,AEVO/USDT:USDT,0.1112,15220.5,0.1111,95997.5,0.1113,73582.3,0.1114,249374.4
1753617265550,11:54:25.550,binance,AEVO/USDT:USDT,0.1112,15220.5,0.1111,95997.5,0.1113,73582.3,0.1114,249374.4
1753617265903,11:54:25.903,binance,AEVO/USDT:USDT,0.1112,15220.5,0.1111,95997.5,0.1113,73582.3,0.1114,249374.4
1753617266029,11:54:26.029,binance,AEVO/USDT:USDT,0.1112,15220.5,0.1111,95997.5,0.1113,69537.5,0.1114,249374.4
1753617266173,11:54:26.173,binance,AEVO/USDT:USDT,0.1112,15220.5,0.1111,95997.5,0.1113,69120.8,0.1114,249374.4
1753617266372,11:54:26.372,binance,AEVO/USDT:USDT,0.1112,17615.5,0.1111,95997.5,0.1113,69120.8,0.1114,249325.3
1753617266476,11:54:26.476,binance,AEVO/USDT:USDT,0.1112,17611.4,0.1111,95997.5,0.1113,70016.4,0.1114,249325.3
1753617266647,11:54:26.647,binance,AEVO/USDT:USDT,0.1112,17611.4,0.1111,95997.5,0.1113,70016.4,0.1114,249325.3
1753617267002,11:54:27.002,binance,AEVO/USDT:USDT,0.1112,17611.4,0.1111,95997.5,0.1113,70016.4,0.1114,249325.3
1753617267186,11:54:27.186,binance,AEVO/USDT:USDT,0.1112,17611.4,0.1111,95997.5,0.1113,69537.5,0.1114,249325.3
1753617267348,11:54:27.348,binance,AEVO/USDT:USDT,0.1112,15171.4,0.1111,95997.5,0.1113,69537.5,0.1114,264446.2
1753617267504,11:54:27.504,binance,AEVO/USDT:USDT,0.1112,15171.4,0.1111,95997.5,0.1113,69537.5,0.1114,249325.3
1753617268000,11:54:28.000,binance,AEVO/USDT:USDT,0.1112,17503.7,0.1111,95997.5,0.1113,71335.2,0.1114,249325.3
1753617268164,11:54:28.164,binance,AEVO/USDT:USDT,0.1112,17548.7,0.1111,95997.5,0.1113,71832.6,0.1114,249325.3
1753617268361,11:54:28.361,binance,AEVO/USDT:USDT,0.1112,17548.7,0.1111,95997.5,0.1113,71832.6,0.1114,249325.3
1753617268602,11:54:28.602,binance,AEVO/USDT:USDT,0.1112,17548.7,0.1111,95997.5,0.1113,71832.6,0.1114,249325.3
1753617269386,11:54:29.386,binance,AEVO/USDT:USDT,0.1112,17548.7,0.1111,95997.5,0.1113,69537.5,0.1114,186291.5
1753617269702,11:54:29.702,binance,AEVO/USDT:USDT,0.1112,17548.7,0.1111,95997.5,0.1113,69537.5,0.1114,186291.5
1753617269966,11:54:29.966,binance,AEVO/USDT:USDT,0.1112,15171.4,0.1111,95997.5,0.1113,108954.2,0.1114,186291.5
1753617270070,11:54:30.070,binance,AEVO/USDT:USDT,0.1111,49755.7,0.111,159448.6,0.1112,22321.5,0.1113,182626.8
1753617270172,11:54:30.172,binance,AEVO/USDT:USDT,0.1111,53580.9,0.111,165347.7,0.1112,20292.5,0.1113,181738.1
1753617270279,11:54:30.279,binance,AEVO/USDT:USDT,0.1111,53580.9,0.111,168050.4,0.1112,20339.8,0.1113,181690.9
1753617270383,11:54:30.383,binance,AEVO/USDT:USDT,0.1111,53626.0,0.111,168050.4,0.1112,22245.9,0.1113,180193.5
1753617270574,11:54:30.574,binance,AEVO/USDT:USDT,0.1111,48229.5,0.111,172550.7,0.1112,22245.9,0.1113,180193.5
1753617270702,11:54:30.702,binance,AEVO/USDT:USDT,0.1111,48229.5,0.111,172550.7,0.1112,22245.9,0.1113,180193.5
1753617270865,11:54:30.865,binance,AEVO/USDT:USDT,0.1111,48229.5,0.111,172550.7,0.1112,22245.9,0.1113,180193.5
1753617271067,11:54:31.067,binance,AEVO/USDT:USDT,0.1111,41052.5,0.111,172550.7,0.1112,23133.3,0.1113,141665.5
1753617271259,11:54:31.259,binance,AEVO/USDT:USDT,0.1111,41052.5,0.111,172550.7,0.1112,26431.5,0.1113,138322.4
1753617271398,11:54:31.398,binance,AEVO/USDT:USDT,0.1111,41949.3,0.111,172550.7,0.1112,26476.6,0.1113,138322.4
1753617271538,11:54:31.538,binance,AEVO/USDT:USDT,0.1111,43748.5,0.111,173355.0,0.1112,25589.2,0.1113,138322.4
1753617271728,11:54:31.728,binance,AEVO/USDT:USDT,0.1111,43748.5,0.111,173355.0,0.1112,25589.2,0.1113,138322.4
1753617271831,11:54:31.831,binance,AEVO/USDT:USDT,0.1111,43748.5,0.111,173355.0,0.1112,25589.2,0.1113,138322.4
1753617271938,11:54:31.938,binance,AEVO/USDT:USDT,0.1111,43748.5,0.111,173355.0,0.1112,25589.2,0.1113,148367.1
1753617272101,11:54:32.101,binance,AEVO/USDT:USDT,0.1111,44635.5,0.111,170652.3,0.1112,25589.2,0.1113,148367.1
1753617272241,11:54:32.241,binance,AEVO/USDT:USDT,0.1111,44635.5,0.111,170652.3,0.1112,25589.2,0.1113,148367.1
1753617272342,11:54:32.342,binance,AEVO/USDT:USDT,0.1111,44635.5,0.111,170652.3,0.1112,25781.3,0.1113,148183.2
1753617272888,11:54:32.888,binance,AEVO/USDT:USDT,0.1111,44635.5,0.111,170652.3,0.1112,25781.3,0.1113,148183.2
1753617273064,11:54:33.064,binance,AEVO/USDT:USDT,0.1111,44725.5,0.111,170652.3,0.1112,25781.3,0.1113,148183.2
1753617273419,11:54:33.419,binance,AEVO/USDT:USDT,0.1111,44725.5,0.111,170652.3,0.1112,25781.3,0.1113,148183.2
1753617273525,11:54:33.525,binance,AEVO/USDT:USDT,0.1111,44725.5,0.111,169848.0,0.1112,25781.3,0.1113,148183.2
1753617273745,11:54:33.745,binance,AEVO/USDT:USDT,0.1111,43838.5,0.111,169848.0,0.1112,25781.3,0.1113,148183.2
1753617273886,11:54:33.886,binance,AEVO/USDT:USDT,0.1111,42429.7,0.111,117567.1,0.1112,40196.3,0.1113,109075.4
1753617273989,11:54:33.989,binance,AEVO/USDT:USDT,0.1111,40550.0,0.111,117567.1,0.1112,40196.3,0.1113,109075.4
1753617274098,11:54:34.098,binance,AEVO/USDT:USDT,0.1111,40460.0,0.111,117567.1,0.1112,40196.3,0.1113,109075.4
1753617274318,11:54:34.318,binance,AEVO/USDT:USDT,0.1111,40460.0,0.111,123203.1,0.1112,40196.3,0.1113,109075.4
1753617274547,11:54:34.547,binance,AEVO/USDT:USDT,0.1111,40460.0,0.111,123023.4,0.1112,40196.3,0.1113,109075.4
1753617274941,11:54:34.941,binance,AEVO/USDT:USDT,0.1111,37187.9,0.111,117387.4,0.1112,40196.3,0.1113,109075.4
1753617275079,11:54:35.079,binance,AEVO/USDT:USDT,0.1111,37187.9,0.111,117387.4,0.1112,40196.3,0.1113,109075.4
1753617275502,11:54:35.502,binance,AEVO/USDT:USDT,0.1111,37187.9,0.111,117387.4,0.1112,40196.3,0.1113,109075.4
1753617275665,11:54:35.665,binance,AEVO/USDT:USDT,0.1111,37187.9,0.111,117387.4,0.1112,40196.3,0.1113,109075.4
1753617276256,11:54:36.256,binance,AEVO/USDT:USDT,0.1111,37187.9,0.111,117387.4,0.1112,40196.3,0.1113,109075.4
1753617276397,11:54:36.397,binance,AEVO/USDT:USDT,0.1111,37233.0,0.111,123023.4,0.1112,40221.2,0.1113,109075.4
1753617276602,11:54:36.602,binance,AEVO/USDT:USDT,0.1111,37233.0,0.111,123023.4,0.1112,40221.2,0.1113,109075.4
1753617276719,11:54:36.719,binance,AEVO/USDT:USDT,0.1111,37233.0,0.111,123023.4,0.1112,33503.8,0.1113,109075.4
1753617277002,11:54:37.002,binance,AEVO/USDT:USDT,0.1111,37233.0,0.111,123023.4,0.1112,33503.8,0.1113,109075.4
1753617277219,11:54:37.219,binance,AEVO/USDT:USDT,0.1111,37233.0,0.111,125726.1,0.1112,33503.8,0.1113,109075.4
1753617277388,11:54:37.388,binance,AEVO/USDT:USDT,0.1111,37233.0,0.111,125726.1,0.1112,33503.8,0.1113,109075.4
1753617277602,11:54:37.602,binance,AEVO/USDT:USDT,0.1111,37233.0,0.111,125726.1,0.1112,46210.1,0.1113,109075.4
1753617277739,11:54:37.739,binance,AEVO/USDT:USDT,0.1111,37233.0,0.111,125726.1,0.1112,46210.1,0.1113,109075.4
1753617277889,11:54:37.889,binance,AEVO/USDT:USDT,0.1111,37233.0,0.111,125726.1,0.1112,46210.1,0.1113,109075.4
1753617277993,11:54:37.993,binance,AEVO/USDT:USDT,0.1111,37233.0,0.111,125726.1,0.1112,46210.1,0.1113,114711.8
1753617278376,11:54:38.376,binance,AEVO/USDT:USDT,0.1111,37233.0,0.111,120090.1,0.1112,46264.2,0.1113,114711.8
1753617278502,11:54:38.502,binance,AEVO/USDT:USDT,0.1111,37233.0,0.111,120090.1,0.1112,46264.2,0.1113,114711.8
1753617278891,11:54:38.891,binance,AEVO/USDT:USDT,0.1111,36336.2,0.111,120090.1,0.1112,46264.2,0.1113,114711.8
1753617279006,11:54:39.006,binance,AEVO/USDT:USDT,0.1111,36336.2,0.111,120090.1,0.1112,46264.2,0.1113,114711.8
1753617279113,11:54:39.113,binance,AEVO/USDT:USDT,0.1111,36336.2,0.111,120090.1,0.1112,46264.2,0.1113,114711.8
1753617279229,11:54:39.229,binance,AEVO/USDT:USDT,0.1111,36336.2,0.111,120090.1,0.1112,46261.0,0.1113,114711.8
1753617279354,11:54:39.354,binance,AEVO/USDT:USDT,0.1111,33130.4,0.111,120090.1,0.1112,46999.5,0.1113,110218.7
1753617279484,11:54:39.484,binance,AEVO/USDT:USDT,0.1111,33278.9,0.111,120090.1,0.1112,46999.5,0.1113,110218.7
1753617279594,11:54:39.594,binance,AEVO/USDT:USDT,0.1111,33278.9,0.111,120090.1,0.1112,46999.5,0.1113,110218.7
1753617279699,11:54:39.699,binance,AEVO/USDT:USDT,0.1111,36321.7,0.111,120090.1,0.1112,46999.5,0.1113,110218.7
1753617280079,11:54:40.079,binance,AEVO/USDT:USDT,0.1111,36321.7,0.111,120090.1,0.1112,46999.5,0.1113,110218.7
1753617280245,11:54:40.245,binance,AEVO/USDT:USDT,0.1111,36321.7,0.111,120090.1,0.1112,46999.5,0.1113,114711.7
1753617280436,11:54:40.436,binance,AEVO/USDT:USDT,0.1111,36366.8,0.111,120090.1,0.1112,47046.8,0.1113,114637.1
1753617280565,11:54:40.565,binance,AEVO/USDT:USDT,0.1111,37263.6,0.111,120090.1,0.1112,47046.8,0.1113,114637.1
1753617281407,11:54:41.407,binance,AEVO/USDT:USDT,0.1111,37263.6,0.111,120090.1,0.1112,47046.8,0.1113,119425.1
1753617281509,11:54:41.509,binance,AEVO/USDT:USDT,0.1111,37263.6,0.111,120090.1,0.1112,47073.1,0.1113,114637.1
1753617281629,11:54:41.629,binance,AEVO/USDT:USDT,0.1111,37263.6,0.111,120090.1,0.1112,47073.1,0.1113,114637.1
1753617282164,11:54:42.164,binance,AEVO/USDT:USDT,0.1111,37263.6,0.111,120090.1,0.1112,47073.1,0.1113,114637.1
1753617282431,11:54:42.431,binance,AEVO/USDT:USDT,0.1111,37263.6,0.111,120090.1,0.1112,47083.3,0.1113,114637.1
1753617282592,11:54:42.592,binance,AEVO/USDT:USDT,0.1111,36366.8,0.111,117387.4,0.1112,51292.8,0.1113,110298.3
1753617283302,11:54:43.302,binance,AEVO/USDT:USDT,0.1111,36366.8,0.111,117387.4,0.1112,51292.8,0.1113,110298.3
1753617283442,11:54:43.442,binance,AEVO/USDT:USDT,0.1111,36366.8,0.111,117387.4,0.1112,51385.2,0.1113,110298.3
1753617283764,11:54:43.764,binance,AEVO/USDT:USDT,0.1111,36366.8,0.111,117387.4,0.1112,51385.2,0.1113,110298.3
1753617283875,11:54:43.875,binance,AEVO/USDT:USDT,0.1111,36366.8,0.111,120090.1,0.1112,51385.2,0.1113,110298.3
1753617284388,11:54:44.388,binance,AEVO/USDT:USDT,0.1111,36366.8,0.111,120090.1,0.1112,51385.2,0.1113,110298.3
1753617284501,11:54:44.501,binance,AEVO/USDT:USDT,0.1111,36366.8,0.111,120090.1,0.1112,51385.2,0.1113,110298.3
1753617285036,11:54:45.036,binance,AEVO/USDT:USDT,0.1111,36366.8,0.111,120090.1,0.1112,51385.2,0.1113,110298.3
1753617285169,11:54:45.169,binance,AEVO/USDT:USDT,0.1111,36366.8,0.111,120090.1,0.1112,51385.2,0.1113,110298.3
1753617286089,11:54:46.089,binance,AEVO/USDT:USDT,0.1111,36366.8,0.111,120090.1,0.1112,51385.2,0.1113,110298.3
1753617286192,11:54:46.192,binance,AEVO/USDT:USDT,0.1111,36366.8,0.111,120090.1,0.1112,51385.2,0.1113,110298.3
1753617286301,11:54:46.301,binance,AEVO/USDT:USDT,0.1111,36366.8,0.111,120090.1,0.1112,51385.2,0.1113,110298.3
1753617286443,11:54:46.443,binance,AEVO/USDT:USDT,0.1111,36366.8,0.111,137027.2,0.1112,51384.0,0.1113,163395.8
1753617286602,11:54:46.602,binance,AEVO/USDT:USDT,0.1111,36366.8,0.111,137027.2,0.1112,51384.0,0.1113,163395.8
1753617286722,11:54:46.722,binance,AEVO/USDT:USDT,0.1111,36366.8,0.111,137027.2,0.1112,51337.0,0.1113,163395.8
1753617287551,11:54:47.551,binance,AEVO/USDT:USDT,0.1111,36366.8,0.111,137027.2,0.1112,51337.0,0.1113,163395.8
1753617287949,11:54:47.949,binance,AEVO/USDT:USDT,0.1111,36366.8,0.111,137027.2,0.1112,51337.0,0.1113,163395.8
1753617288141,11:54:48.141,binance,AEVO/USDT:USDT,0.1111,36366.8,0.111,137027.2,0.1112,51402.7,0.1113,163395.8
1753617288349,11:54:48.349,binance,AEVO/USDT:USDT,0.1111,36366.8,0.111,137027.2,0.1112,51402.7,0.1113,163395.8
1753617288464,11:54:48.464,binance,AEVO/USDT:USDT,0.1111,36366.8,0.111,137027.2,0.1112,51402.7,0.1113,163395.8
1753617288602,11:54:48.602,binance,AEVO/USDT:USDT,0.1111,36366.8,0.111,137027.2,0.1112,51402.7,0.1113,163395.8
1753617288840,11:54:48.840,binance,AEVO/USDT:USDT,0.1111,36366.8,0.111,137027.2,0.1112,51402.7,0.1113,163395.8
1753617289502,11:54:49.502,binance,AEVO/USDT:USDT,0.1111,36366.8,0.111,137027.2,0.1112,51402.7,0.1113,163395.8
1753617290064,11:54:50.064,binance,AEVO/USDT:USDT,0.1111,36366.8,0.111,137027.2,0.1112,51402.7,0.1113,163395.8
1753617290602,11:54:50.602,binance,AEVO/USDT:USDT,0.1111,36366.8,0.111,137027.2,0.1112,51402.7,0.1113,163395.8
1753617291051,11:54:51.051,binance,AEVO/USDT:USDT,0.1111,36366.8,0.111,137027.2,0.1112,50502.4,0.1113,163395.8
1753617291702,11:54:51.702,binance,AEVO/USDT:USDT,0.1111,36366.8,0.111,137027.2,0.1112,50515.1,0.1113,163395.8
1753617292034,11:54:52.034,binance,AEVO/USDT:USDT,0.1111,36366.8,0.111,137027.2,0.1112,50515.1,0.1113,163395.8
1753617292298,11:54:52.298,binance,AEVO/USDT:USDT,0.1111,36366.8,0.111,137027.2,0.1112,50515.1,0.1113,163395.8
1753617292399,11:54:52.399,binance,AEVO/USDT:USDT,0.1111,36366.8,0.111,137027.2,0.1112,50515.1,0.1113,163395.8
1753617293356,11:54:53.356,binance,AEVO/USDT:USDT,0.1112,64667.8,0.1111,59687.2,0.1113,2037.8,0.1114,260183.1
1753617293457,11:54:53.457,binance,AEVO/USDT:USDT,0.1112,80448.2,0.1111,89863.2,0.1113,13534.7,0.1114,148479.0
1753617293559,11:54:53.559,binance,AEVO/USDT:USDT,0.1112,60294.6,0.1111,113607.1,0.1113,13683.1,0.1114,132719.4
1753617293664,11:54:53.664,binance,AEVO/USDT:USDT,0.1112,62136.6,0.1111,113607.1,0.1113,19742.5,0.1114,147871.9
1753617293765,11:54:53.765,binance,AEVO/USDT:USDT,0.1112,46190.6,0.1111,99077.5,0.1113,23470.5,0.1114,147871.9
1753617293878,11:54:53.878,binance,AEVO/USDT:USDT,0.1112,46190.6,0.1111,104992.1,0.1113,25216.8,0.1114,153786.7
1753617293989,11:54:53.989,binance,AEVO/USDT:USDT,0.1112,46190.6,0.1111,104992.1,0.1113,25216.8,0.1114,153786.7
1753617294211,11:54:54.211,binance,AEVO/USDT:USDT,0.1112,46190.6,0.1111,104992.1,0.1113,23470.5,0.1114,153786.7
1753617294508,11:54:54.508,binance,AEVO/USDT:USDT,0.1112,46190.6,0.1111,104992.1,0.1113,23470.5,0.1114,136012.6
1753617294905,11:54:54.905,binance,AEVO/USDT:USDT,0.1112,46190.6,0.1111,109488.0,0.1113,23470.5,0.1114,136012.6
1753617295054,11:54:55.054,binance,AEVO/USDT:USDT,0.1112,46190.6,0.1111,109488.0,0.1113,23470.5,0.1114,136012.6
1753617295407,11:54:55.407,binance,AEVO/USDT:USDT,0.1112,46190.6,0.1111,109488.0,0.1113,23470.5,0.1114,130097.8
1753617295519,11:54:55.519,binance,AEVO/USDT:USDT,0.1112,46190.6,0.1111,109488.0,0.1113,23470.5,0.1114,130097.8
1753617295965,11:54:55.965,binance,AEVO/USDT:USDT,0.1112,46190.6,0.1111,109488.0,0.1113,23470.5,0.1114,130097.8
1753617296489,11:54:56.489,binance,AEVO/USDT:USDT,0.1112,46190.6,0.1111,109488.0,0.1113,23470.5,0.1114,130097.8
1753617296598,11:54:56.598,binance,AEVO/USDT:USDT,0.1112,46190.6,0.1111,109488.0,0.1113,23470.5,0.1114,130097.8
1753617297002,11:54:57.002,binance,AEVO/USDT:USDT,0.1112,50685.4,0.1111,104992.1,0.1113,21587.3,0.1114,130097.8
1753617297564,11:54:57.564,binance,AEVO/USDT:USDT,0.1112,50685.4,0.1111,104992.1,0.1113,21587.3,0.1114,130097.8
1753617297829,11:54:57.829,binance,AEVO/USDT:USDT,0.1112,50685.4,0.1111,99077.5,0.1113,19862.1,0.1114,121644.0
1753617297939,11:54:57.939,binance,AEVO/USDT:USDT,0.1112,52482.4,0.1111,105021.0,0.1113,13847.7,0.1114,121644.0
1753617298065,11:54:58.065,binance,AEVO/USDT:USDT,0.1112,52482.4,0.1111,105021.0,0.1113,13847.7,0.1114,121644.0
1753617298168,11:54:58.168,binance,AEVO/USDT:USDT,0.1112,50685.4,0.1111,105021.0,0.1113,13847.7,0.1114,121644.0
1753617298472,11:54:58.472,binance,AEVO/USDT:USDT,0.1112,50685.4,0.1111,105021.0,0.1113,13969.2,0.1114,121252.0
1753617298602,11:54:58.602,binance,AEVO/USDT:USDT,0.1112,50685.4,0.1111,105021.0,0.1113,13969.2,0.1114,121252.0
1753617298973,11:54:58.973,binance,AEVO/USDT:USDT,0.1112,54065.5,0.1111,115107.9,0.1113,13969.2,0.1114,121252.0
1753617299079,11:54:59.079,binance,AEVO/USDT:USDT,0.1112,54065.5,0.1111,115107.9,0.1113,13969.2,0.1114,121252.0
1753617299201,11:54:59.201,binance,AEVO/USDT:USDT,0.1112,54065.5,0.1111,115107.9,0.1113,13969.2,0.1114,121252.0
1753617299559,11:54:59.559,binance,AEVO/USDT:USDT,0.1112,54110.5,0.1111,115107.9,0.1113,14190.6,0.1114,120962.3
1753617299689,11:54:59.689,binance,AEVO/USDT:USDT,0.1112,54110.5,0.1111,115107.9,0.1113,14190.6,0.1114,120962.3
1753617300065,11:55:00.065,binance,AEVO/USDT:USDT,0.1112,54110.5,0.1111,115107.9,0.1113,14190.6,0.1114,102723.7
1753617300219,11:55:00.219,binance,AEVO/USDT:USDT,0.1112,54110.5,0.1111,115107.9,0.1113,14190.6,0.1114,102723.7
1753617300329,11:55:00.329,binance,AEVO/USDT:USDT,0.1112,55006.9,0.1111,115911.8,0.1113,14322.1,0.1114,102723.7
1753617300442,11:55:00.442,binance,AEVO/USDT:USDT,0.1112,51581.8,0.1111,119336.9,0.1113,14417.8,0.1114,106204.9
1753617300611,11:55:00.611,binance,AEVO/USDT:USDT,0.1112,46581.8,0.1111,119336.9,0.1113,14417.8,0.1114,106204.9
1753617300956,11:55:00.956,binance,AEVO/USDT:USDT,0.1112,48333.8,0.1111,119336.9,0.1113,14417.8,0.1114,106204.9
1753617301107,11:55:01.107,binance,AEVO/USDT:USDT,0.1112,48378.8,0.1111,119336.9,0.1113,20432.2,0.1114,106204.9
1753617301220,11:55:01.220,binance,AEVO/USDT:USDT,0.1112,46581.8,0.1111,119336.9,0.1113,20480.7,0.1114,106204.9
1753617301329,11:55:01.329,binance,AEVO/USDT:USDT,0.1112,46581.8,0.1111,119336.9,0.1113,20480.7,0.1114,106204.9
1753617301517,11:55:01.517,binance,AEVO/USDT:USDT,0.1112,46581.8,0.1111,118533.0,0.1113,20480.7,0.1114,106204.9
1753617301808,11:55:01.808,binance,AEVO/USDT:USDT,0.1112,46581.8,0.1111,128584.1,0.1113,20480.7,0.1114,105103.1
1753617301969,11:55:01.969,binance,AEVO/USDT:USDT,0.1112,46581.8,0.1111,129388.0,0.1113,20480.7,0.1114,105103.1
1753617302149,11:55:02.149,binance,AEVO/USDT:USDT,0.1112,46581.8,0.1111,129388.0,0.1113,20480.7,0.1114,105103.1
1753617302264,11:55:02.264,binance,AEVO/USDT:USDT,0.1112,46581.8,0.1111,129388.0,0.1113,20480.7,0.1114,105103.1
1753617302621,11:55:02.621,binance,AEVO/USDT:USDT,0.1112,46581.8,0.1111,128584.1,0.1113,20480.7,0.1114,105103.1
1753617302986,11:55:02.986,binance,AEVO/USDT:USDT,0.1112,44225.8,0.1111,128584.1,0.1113,20480.7,0.1114,105103.1
1753617303198,11:55:03.198,binance,AEVO/USDT:USDT,0.1112,44225.8,0.1111,128584.1,0.1113,20480.7,0.1114,105103.1
1753617303349,11:55:03.349,binance,AEVO/USDT:USDT,0.1112,44225.8,0.1111,128584.1,0.1113,20480.7,0.1114,105103.1
1753617303468,11:55:03.468,binance,AEVO/USDT:USDT,0.1112,38438.8,0.1111,109128.6,0.1113,62359.5,0.1114,111872.7
1753617303569,11:55:03.569,binance,AEVO/USDT:USDT,0.1111,97228.9,0.111,162738.7,0.1112,24455.4,0.1113,94457.3
1753617303677,11:55:03.677,binance,AEVO/USDT:USDT,0.1111,81843.8,0.111,160940.2,0.1112,18271.6,0.1113,104026.4
1753617303798,11:55:03.798,binance,AEVO/USDT:USDT,0.1111,73155.5,0.111,168630.8,0.1112,18157.5,0.1113,103966.5
1753617303983,11:55:03.983,binance,AEVO/USDT:USDT,0.1111,85825.7,0.111,156005.7,0.1112,18202.6,0.1113,103966.5
1753617304118,11:55:04.118,binance,AEVO/USDT:USDT,0.1111,85825.7,0.111,156005.7,0.1112,18202.6,0.1113,103966.5
1753617304364,11:55:04.364,binance,AEVO/USDT:USDT,0.1111,85825.7,0.111,156005.7,0.1112,18202.6,0.1113,103966.5
1753617304574,11:55:04.574,binance,AEVO/USDT:USDT,0.1111,87601.2,0.111,148606.8,0.1112,18202.6,0.1113,103966.5
1753617304703,11:55:04.703,binance,AEVO/USDT:USDT,0.1111,81300.6,0.111,149506.4,0.1112,24217.0,0.1113,64210.8
1753617304823,11:55:04.823,binance,AEVO/USDT:USDT,0.1111,80413.6,0.111,137099.7,0.1112,24171.9,0.1113,64210.8
1753617305004,11:55:05.004,binance,AEVO/USDT:USDT,0.1111,60923.2,0.111,150611.7,0.1112,24217.0,0.1113,64210.8
1753617305225,11:55:05.225,binance,AEVO/USDT:USDT,0.1111,60023.6,0.111,149807.4,0.1112,24217.0,0.1113,64210.8
1753617305359,11:55:05.359,binance,AEVO/USDT:USDT,0.1111,60023.6,0.111,149807.4,0.1112,24449.7,0.1113,66684.8
1753617305513,11:55:05.513,binance,AEVO/USDT:USDT,0.1111,59901.4,0.111,149807.4,0.1112,24449.7,0.1113,66684.8
1753617305702,11:55:05.702,binance,AEVO/USDT:USDT,0.1111,59012.9,0.111,149807.4,0.1112,24449.7,0.1113,66684.8
1753617305816,11:55:05.816,binance,AEVO/USDT:USDT,0.1111,59012.9,0.111,149807.4,0.1112,24065.1,0.1113,66684.8
1753617305935,11:55:05.935,binance,AEVO/USDT:USDT,0.1111,59080.9,0.111,150707.0,0.1112,18313.7,0.1113,66684.8
1753617306047,11:55:06.047,binance,AEVO/USDT:USDT,0.1111,60869.0,0.111,152506.3,0.1112,18313.7,0.1113,66684.8
1753617306300,11:55:06.300,binance,AEVO/USDT:USDT,0.1111,60869.0,0.111,152506.3,0.1112,18313.7,0.1113,66684.8
1753617306401,11:55:06.401,binance,AEVO/USDT:USDT,0.1111,60869.0,0.111,152506.3,0.1112,18313.7,0.1113,66684.8
1753617306502,11:55:06.502,binance,AEVO/USDT:USDT,0.1111,60869.0,0.111,152506.3,0.1112,18313.7,0.1113,66684.8
1753617306639,11:55:06.639,binance,AEVO/USDT:USDT,0.1111,60869.0,0.111,152506.3,0.1112,18313.7,0.1113,66684.8
1753617306744,11:55:06.744,binance,AEVO/USDT:USDT,0.1111,60997.4,0.111,152506.3,0.1112,18313.7,0.1113,66684.8
1753617307064,11:55:07.064,binance,AEVO/USDT:USDT,0.1111,50946.3,0.111,153213.1,0.1112,18313.7,0.1113,66684.8
1753617307180,11:55:07.180,binance,AEVO/USDT:USDT,0.1111,50946.3,0.111,153213.1,0.1112,17928.5,0.1113,66684.8
1753617307302,11:55:07.302,binance,AEVO/USDT:USDT,0.1111,50946.3,0.111,153213.1,0.1112,17928.5,0.1113,66684.8
1753617307464,11:55:07.464,binance,AEVO/USDT:USDT,0.1111,50946.3,0.111,153213.1,0.1112,17928.5,0.1113,66684.8
1753617307954,11:55:07.954,binance,AEVO/USDT:USDT,0.1111,50046.7,0.111,153213.1,0.1112,18048.1,0.1113,66565.2
1753617308059,11:55:08.059,binance,AEVO/USDT:USDT,0.1111,50046.7,0.111,153213.1,0.1112,18048.1,0.1113,66565.2
1753617308269,11:55:08.269,binance,AEVO/USDT:USDT,0.1111,50171.5,0.111,153213.1,0.1112,18048.1,0.1113,66565.2
1753617308891,11:55:08.891,binance,AEVO/USDT:USDT,0.1111,50171.5,0.111,153213.1,0.1112,18048.1,0.1113,66565.2
1753617309019,11:55:09.019,binance,AEVO/USDT:USDT,0.1111,50171.5,0.111,153213.1,0.1112,18195.0,0.1113,66565.2
1753617309189,11:55:09.189,binance,AEVO/USDT:USDT,0.1111,50171.5,0.111,153213.1,0.1112,18195.0,0.1113,66565.2
1753617309558,11:55:09.558,binance,AEVO/USDT:USDT,0.1111,50046.7,0.111,153213.1,0.1112,18195.0,0.1113,66565.2
1753617309703,11:55:09.703,binance,AEVO/USDT:USDT,0.1111,50046.7,0.111,153213.1,0.1112,19255.2,0.1113,66565.2
1753617309844,11:55:09.844,binance,AEVO/USDT:USDT,0.1111,50046.7,0.111,153213.1,0.1112,19255.2,0.1113,66565.2
1753617310407,11:55:10.407,binance,AEVO/USDT:USDT,0.1111,50046.7,0.111,154017.4,0.1112,19255.2,0.1113,66565.2
1753617310558,11:55:10.558,binance,AEVO/USDT:USDT,0.1111,50046.7,0.111,160680.2,0.1112,7036.0,0.1113,66565.2
1753617310665,11:55:10.665,binance,AEVO/USDT:USDT,0.1112,32478.7,0.1111,115987.7,0.1113,50374.8,0.1114,127277.2
1753617310766,11:55:10.766,binance,AEVO/USDT:USDT,0.1112,26658.1,0.1111,109874.3,0.1113,50523.2,0.1114,134955.3
1753617310876,11:55:10.876,binance,AEVO/USDT:USDT,0.1112,25759.3,0.1111,109874.3,0.1113,50523.2,0.1114,134955.3
1753617311022,11:55:11.022,binance,AEVO/USDT:USDT,0.1112,31818.7,0.1111,109874.3,0.1113,50930.8,0.1114,131153.0
1753617311148,11:55:11.148,binance,AEVO/USDT:USDT,0.1112,31818.7,0.1111,109874.3,0.1113,48235.4,0.1114,136000.2
1753617311265,11:55:11.265,binance,AEVO/USDT:USDT,0.1112,31818.7,0.1111,109874.3,0.1113,48235.4,0.1114,136000.2
1753617311378,11:55:11.378,binance,AEVO/USDT:USDT,0.1112,31818.7,0.1111,109874.3,0.1113,48235.4,0.1114,133845.9
1753617311734,11:55:11.734,binance,AEVO/USDT:USDT,0.1112,31818.7,0.1111,103122.0,0.1113,33335.0,0.1114,133845.9
1753617311858,11:55:11.858,binance,AEVO/USDT:USDT,0.1112,28188.0,0.1111,109811.6,0.1113,33335.0,0.1114,133845.9
1753617312506,11:55:12.506,binance,AEVO/USDT:USDT,0.1112,28188.0,0.1111,103122.0,0.1113,33404.4,0.1114,132373.8
1753617312611,11:55:12.611,binance,AEVO/USDT:USDT,0.1112,22173.6,0.1111,103122.0,0.1113,33404.4,0.1114,132373.8
1753617313103,11:55:13.103,binance,AEVO/USDT:USDT,0.1111,65921.8,0.111,170607.7,0.1112,26229.8,0.1113,80108.8
1753617313204,11:55:13.204,binance,AEVO/USDT:USDT,0.1111,50875.3,0.111,135554.7,0.1112,24725.3,0.1113,80544.4
1753617313310,11:55:13.310,binance,AEVO/USDT:USDT,0.1111,51023.8,0.111,141446.2,0.1112,23978.2,0.1113,81860.5
1753617313418,11:55:13.418,binance,AEVO/USDT:USDT,0.1111,51023.8,0.111,141446.2,0.1112,24994.9,0.1113,81860.5
1753617313557,11:55:13.557,binance,AEVO/USDT:USDT,0.1111,51023.8,0.111,141446.2,0.1112,24994.9,0.1113,90185.9
1753617314089,11:55:14.089,binance,AEVO/USDT:USDT,0.1111,34513.2,0.111,150258.7,0.1112,26887.4,0.1113,90185.9
1753617314250,11:55:14.250,binance,AEVO/USDT:USDT,0.1111,33616.4,0.111,150258.7,0.1112,26887.4,0.1113,90185.9
1753617314358,11:55:14.358,binance,AEVO/USDT:USDT,0.1111,33616.4,0.111,150258.7,0.1112,26887.4,0.1113,90185.9
1753617314467,11:55:14.467,binance,AEVO/USDT:USDT,0.1111,34513.2,0.111,150258.7,0.1112,26887.4,0.1113,90185.9
1753617314619,11:55:14.619,binance,AEVO/USDT:USDT,0.1111,34513.2,0.111,151063.0,0.1112,26887.4,0.1113,90185.9
1753617314816,11:55:14.816,binance,AEVO/USDT:USDT,0.1111,34513.2,0.111,150258.7,0.1112,26887.4,0.1113,90185.9
1753617314998,11:55:14.998,binance,AEVO/USDT:USDT,0.1111,34513.2,0.111,151063.0,0.1112,26887.4,0.1113,90185.9
1753617315505,11:55:15.505,binance,AEVO/USDT:USDT,0.1111,35401.7,0.111,150258.7,0.1112,26887.4,0.1113,83369.3
1753617315607,11:55:15.607,binance,AEVO/USDT:USDT,0.1111,34513.2,0.111,150258.7,0.1112,26887.4,0.1113,83369.3
1753617315721,11:55:15.721,binance,AEVO/USDT:USDT,0.1111,34513.2,0.111,151063.0,0.1112,26887.4,0.1113,83369.3
1753617315863,11:55:15.863,binance,AEVO/USDT:USDT,0.1111,34513.2,0.111,150258.7,0.1112,26887.4,0.1113,83369.3
1753617316013,11:55:16.013,binance,AEVO/USDT:USDT,0.1111,34513.2,0.111,151063.0,0.1112,26887.4,0.1113,83369.3
1753617316149,11:55:16.149,binance,AEVO/USDT:USDT,0.1111,34513.2,0.111,151063.0,0.1112,26887.4,0.1113,83369.3
1753617316444,11:55:16.444,binance,AEVO/USDT:USDT,0.1111,51405.2,0.111,146833.6,0.1112,26887.4,0.1113,94788.2
1753617316815,11:55:16.815,binance,AEVO/USDT:USDT,0.1111,51450.3,0.111,146833.6,0.1112,26921.3,0.1113,94788.2
1753617316951,11:55:16.951,binance,AEVO/USDT:USDT,0.1111,51450.3,0.111,146833.6,0.1112,26921.3,0.1113,94788.2
1753617317090,11:55:17.090,binance,AEVO/USDT:USDT,0.1111,51450.3,0.111,146833.6,0.1112,26921.3,0.1113,94788.2
1753617317364,11:55:17.364,binance,AEVO/USDT:USDT,0.1111,51450.3,0.111,146833.6,0.1112,28110.9,0.1113,94788.2
1753617317465,11:55:17.465,binance,AEVO/USDT:USDT,0.1111,51450.3,0.111,146833.6,0.1112,28110.9,0.1113,94788.2
1753617318002,11:55:18.002,binance,AEVO/USDT:USDT,0.1111,51450.3,0.111,146833.6,0.1112,28110.9,0.1113,94788.2
1753617318357,11:55:18.357,binance,AEVO/USDT:USDT,0.1111,51450.3,0.111,146833.6,0.1112,28110.9,0.1113,101575.1
1753617318464,11:55:18.464,binance,AEVO/USDT:USDT,0.1111,51450.3,0.111,146833.6,0.1112,28110.9,0.1113,101575.1
1753617318578,11:55:18.578,binance,AEVO/USDT:USDT,0.1111,54511.3,0.111,132024.6,0.1112,50545.0,0.1113,101575.1
1753617318835,11:55:18.835,binance,AEVO/USDT:USDT,0.1111,45442.0,0.111,136525.8,0.1112,43827.6,0.1113,107865.3
1753617318965,11:55:18.965,binance,AEVO/USDT:USDT,0.1111,45442.0,0.111,136525.8,0.1112,43827.6,0.1113,101078.4
1753617319206,11:55:19.206,binance,AEVO/USDT:USDT,0.1111,45442.0,0.111,136525.8,0.1112,43827.6,0.1113,101078.4
1753617319559,11:55:19.559,binance,AEVO/USDT:USDT,0.1111,42688.1,0.111,136525.8,0.1112,28110.9,0.1113,101078.4
1753617319709,11:55:19.709,binance,AEVO/USDT:USDT,0.1111,42688.1,0.111,143312.3,0.1112,28110.9,0.1113,101078.4
1753617319820,11:55:19.820,binance,AEVO/USDT:USDT,0.1111,42688.1,0.111,143312.3,0.1112,28110.9,0.1113,101078.4
1753617320176,11:55:20.176,binance,AEVO/USDT:USDT,0.1111,42688.1,0.111,143312.3,0.1112,28110.9,0.1113,101078.4
1753617320303,11:55:20.303,binance,AEVO/USDT:USDT,0.1111,42688.1,0.111,143132.6,0.1112,28110.9,0.1113,101078.4
1753617320415,11:55:20.415,binance,AEVO/USDT:USDT,0.1111,42688.1,0.111,143132.6,0.1112,28110.9,0.1113,120071.2
1753617320532,11:55:20.532,binance,AEVO/USDT:USDT,0.1111,42688.1,0.111,143132.6,0.1112,28110.9,0.1113,120071.2
1753617320803,11:55:20.803,binance,AEVO/USDT:USDT,0.111,76568.7,0.1109,139685.2,0.1111,23805.4,0.1112,75583.7
1753617320909,11:55:20.909,binance,AEVO/USDT:USDT,0.111,63109.6,0.1109,138689.8,0.1111,19153.2,0.1112,76700.1
1753617321018,11:55:21.018,binance,AEVO/USDT:USDT,0.111,63109.6,0.1109,150002.0,0.1111,19153.2,0.1112,76700.1
1753617321128,11:55:21.128,binance,AEVO/USDT:USDT,0.111,63154.7,0.1109,150002.0,0.1111,20913.2,0.1112,80269.0
1753617321247,11:55:21.247,binance,AEVO/USDT:USDT,0.111,63154.7,0.1109,150002.0,0.1111,20913.2,0.1112,80269.0
1753617321396,11:55:21.396,binance,AEVO/USDT:USDT,0.111,64939.5,0.1109,150002.0,0.1111,20868.1,0.1112,82966.8
1753617321502,11:55:21.502,binance,AEVO/USDT:USDT,0.111,67625.7,0.1109,151802.8,0.1111,16900.8,0.1112,82966.8
1753617321604,11:55:21.604,binance,AEVO/USDT:USDT,0.111,72093.3,0.1109,151802.8,0.1111,16900.8,0.1112,82966.8
1753617321765,11:55:21.765,binance,AEVO/USDT:USDT,0.111,65782.3,0.1109,151802.8,0.1111,16900.8,0.1112,82966.8
1753617321965,11:55:21.965,binance,AEVO/USDT:USDT,0.111,65782.3,0.1109,151802.8,0.1111,16900.8,0.1112,82966.8
1753617322109,11:55:22.109,binance,AEVO/USDT:USDT,0.111,65845.2,0.1109,151802.8,0.1111,16900.8,0.1112,82966.8
1753617322229,11:55:22.229,binance,AEVO/USDT:USDT,0.111,65845.2,0.1109,151802.8,0.1111,16900.8,0.1112,82966.8
1753617322489,11:55:22.489,binance,AEVO/USDT:USDT,0.111,64944.8,0.1109,151802.8,0.1111,16900.8,0.1112,80269.0
1753617322725,11:55:22.725,binance,AEVO/USDT:USDT,0.111,64057.9,0.1109,158774.6,0.1111,14898.8,0.1112,80269.0
1753617322828,11:55:22.828,binance,AEVO/USDT:USDT,0.111,65858.7,0.1109,158774.6,0.1111,14898.8,0.1112,80269.0
1753617322940,11:55:22.940,binance,AEVO/USDT:USDT,0.111,65858.7,0.1109,158774.6,0.1111,14898.8,0.1112,80269.0
1753617323196,11:55:23.196,binance,AEVO/USDT:USDT,0.111,65177.1,0.1109,158774.6,0.1111,14898.8,0.1112,80269.0
1753617323314,11:55:23.314,binance,AEVO/USDT:USDT,0.111,65177.1,0.1109,158774.6,0.1111,14898.8,0.1112,80269.0
1753617323419,11:55:23.419,binance,AEVO/USDT:USDT,0.111,65373.7,0.1109,158774.6,0.1111,14898.8,0.1112,80269.0
1753617323545,11:55:23.545,binance,AEVO/USDT:USDT,0.111,65373.7,0.1109,168499.9,0.1111,14898.8,0.1112,80269.0
1753617323647,11:55:23.647,binance,AEVO/USDT:USDT,0.111,65373.7,0.1109,168499.9,0.1111,14898.8,0.1112,80269.0
1753617323750,11:55:23.750,binance,AEVO/USDT:USDT,0.111,72046.0,0.1109,168499.9,0.1111,1760.0,0.1112,80269.0
1753617323854,11:55:23.854,binance,AEVO/USDT:USDT,0.111,73128.8,0.1109,168499.9,0.1111,1908.6,0.1112,80269.0
1753617323965,11:55:23.965,binance,AEVO/USDT:USDT,0.111,73128.8,0.1109,168499.9,0.1111,1908.6,0.1112,80269.0
1753617324089,11:55:24.089,binance,AEVO/USDT:USDT,0.111,73128.8,0.1109,168499.9,0.1111,1908.6,0.1112,80269.0
1753617324357,11:55:24.357,binance,AEVO/USDT:USDT,0.1111,17503.0,0.111,121987.8,0.1112,91406.3,0.1113,177131.8
1753617324460,11:55:24.460,binance,AEVO/USDT:USDT,0.1111,11993.5,0.111,111445.2,0.1112,78805.5,0.1113,170841.8
1753617324565,11:55:24.565,binance,AEVO/USDT:USDT,0.1111,34162.8,0.111,111445.2,0.1112,78805.5,0.1113,166149.8
1753617324777,11:55:24.777,binance,AEVO/USDT:USDT,0.1111,34162.8,0.111,121171.5,0.1112,78805.5,0.1113,162106.7
1753617324999,11:55:24.999,binance,AEVO/USDT:USDT,0.1111,34162.8,0.111,121171.5,0.1112,78805.5,0.1113,162106.7
1753617325108,11:55:25.108,binance,AEVO/USDT:USDT,0.1111,34162.8,0.111,121171.5,0.1112,78805.5,0.1113,162106.7
1753617325210,11:55:25.210,binance,AEVO/USDT:USDT,0.1111,34162.8,0.111,121171.5,0.1112,78805.5,0.1113,162106.7
1753617325410,11:55:25.410,binance,AEVO/USDT:USDT,0.1111,34207.9,0.111,121945.3,0.1112,62736.9,0.1113,162106.7
1753617325559,11:55:25.559,binance,AEVO/USDT:USDT,0.1111,28193.5,0.111,121945.3,0.1112,64519.9,0.1113,162106.7
1753617325669,11:55:25.669,binance,AEVO/USDT:USDT,0.1111,28193.5,0.111,115008.7,0.1112,64519.9,0.1113,162993.6
1753617325823,11:55:25.823,binance,AEVO/USDT:USDT,0.1111,6987.1,0.111,110508.3,0.1112,67366.6,0.1113,165238.9
1753617325984,11:55:25.984,binance,AEVO/USDT:USDT,0.1111,7677.9,0.111,115008.6,0.1112,65926.7,0.1113,165238.9
1753617326322,11:55:26.322,binance,AEVO/USDT:USDT,0.1111,5642.7,0.111,115008.6,0.1112,65926.7,0.1113,165238.9
1753617326498,11:55:26.498,binance,AEVO/USDT:USDT,0.1111,3618.7,0.111,94298.7,0.1112,68119.7,0.1113,167475.9
1753617326669,11:55:26.669,binance,AEVO/USDT:USDT,0.111,47287.0,0.1109,170465.7,0.1111,21406.3,0.1112,92058.1
1753617326773,11:55:26.773,binance,AEVO/USDT:USDT,0.111,51112.3,0.1109,173170.8,0.1111,15069.4,0.1112,81583.4
1753617326920,11:55:26.920,binance,AEVO/USDT:USDT,0.111,51112.3,0.1109,173170.8,0.1111,14173.0,0.1112,81583.4
1753617327028,11:55:27.028,binance,AEVO/USDT:USDT,0.111,52785.5,0.1109,175875.9,0.1111,14218.1,0.1112,74811.4
1753617327138,11:55:27.138,binance,AEVO/USDT:USDT,0.111,52785.5,0.1109,175875.9,0.1111,14218.1,0.1112,74811.4
1753617327277,11:55:27.277,binance,AEVO/USDT:USDT,0.111,52785.5,0.1109,175875.9,0.1111,14265.4,0.1112,74811.4
1753617327438,11:55:27.438,binance,AEVO/USDT:USDT,0.111,56371.1,0.1109,175875.9,0.1111,14265.4,0.1112,74811.4
1753617327544,11:55:27.544,binance,AEVO/USDT:USDT,0.111,63545.2,0.1109,177676.7,0.1111,14265.4,0.1112,74811.4
1753617327648,11:55:27.648,binance,AEVO/USDT:USDT,0.111,66177.2,0.1109,177676.7,0.1111,14265.4,0.1112,74811.4
1753617327947,11:55:27.947,binance,AEVO/USDT:USDT,0.111,56485.7,0.1109,180940.7,0.1111,14265.4,0.1112,74811.4
1753617328053,11:55:28.053,binance,AEVO/USDT:USDT,0.111,56485.7,0.1109,180940.7,0.1111,14265.4,0.1112,74811.4
1753617328206,11:55:28.206,binance,AEVO/USDT:USDT,0.111,56485.7,0.1109,180940.7,0.1111,14265.4,0.1112,74811.4
1753617328602,11:55:28.602,binance,AEVO/USDT:USDT,0.111,56642.6,0.1109,180940.7,0.1111,14265.4,0.1112,74811.4
1753617328713,11:55:28.713,binance,AEVO/USDT:USDT,0.111,56642.6,0.1109,180940.7,0.1111,14265.4,0.1112,74811.4
1753617328823,11:55:28.823,binance,AEVO/USDT:USDT,0.111,57543.0,0.1109,180833.3,0.1111,14265.4,0.1112,74811.4
1753617329113,11:55:29.113,binance,AEVO/USDT:USDT,0.111,57497.9,0.1109,180833.3,0.1111,14265.4,0.1112,74811.4
1753617329249,11:55:29.249,binance,AEVO/USDT:USDT,0.111,57497.9,0.1109,180833.3,0.1111,14265.4,0.1112,74811.4
1753617329616,11:55:29.616,binance,AEVO/USDT:USDT,0.111,57666.3,0.1109,180833.3,0.1111,14265.4,0.1112,74811.4
1753617329718,11:55:29.718,binance,AEVO/USDT:USDT,0.111,57666.3,0.1109,180833.3,0.1111,14265.4,0.1112,74811.4
1753617330023,11:55:30.023,binance,AEVO/USDT:USDT,0.111,57666.3,0.1109,180833.3,0.1111,14265.4,0.1112,74811.4
1753617330131,11:55:30.131,binance,AEVO/USDT:USDT,0.111,56720.8,0.1109,180833.3,0.1111,14265.4,0.1112,74811.4
1753617330457,11:55:30.457,binance,AEVO/USDT:USDT,0.111,54075.3,0.1109,180833.3,0.1111,16099.3,0.1112,74811.4
1753617330572,11:55:30.572,binance,AEVO/USDT:USDT,0.111,55872.9,0.1109,182527.8,0.1111,14265.4,0.1112,74811.4
1753617330692,11:55:30.692,binance,AEVO/USDT:USDT,0.111,54972.5,0.1109,181627.4,0.1111,16184.0,0.1112,74811.4
1753617330849,11:55:30.849,binance,AEVO/USDT:USDT,0.111,54972.5,0.1109,181627.4,0.1111,16184.0,0.1112,74811.4
1753617331239,11:55:31.239,binance,AEVO/USDT:USDT,0.111,54074.1,0.1109,178922.3,0.1111,16184.0,0.1112,74811.4
1753617331365,11:55:31.365,binance,AEVO/USDT:USDT,0.111,54074.1,0.1109,178922.3,0.1111,16184.0,0.1112,74811.4
1753617331552,11:55:31.552,binance,AEVO/USDT:USDT,0.111,52126.7,0.1109,178922.3,0.1111,16345.6,0.1112,74811.4
1753617331707,11:55:31.707,binance,AEVO/USDT:USDT,0.111,51239.3,0.1109,178032.5,0.1111,16345.6,0.1112,81837.8
1753617331809,11:55:31.809,binance,AEVO/USDT:USDT,0.111,51239.3,0.1109,178032.5,0.1111,16345.6,0.1112,74811.4
1753617331976,11:55:31.976,binance,AEVO/USDT:USDT,0.111,50340.9,0.1109,178932.9,0.1111,16345.6,0.1112,74811.4
1753617332173,11:55:32.173,binance,AEVO/USDT:USDT,0.111,50340.9,0.1109,175327.4,0.1111,16345.6,0.1112,74811.4
1753617332278,11:55:32.278,binance,AEVO/USDT:USDT,0.111,50340.9,0.1109,175327.4,0.1111,16345.6,0.1112,74811.4
1753617332401,11:55:32.401,binance,AEVO/USDT:USDT,0.111,50340.9,0.1109,175327.4,0.1111,16345.6,0.1112,74811.4
1753617332771,11:55:32.771,binance,AEVO/USDT:USDT,0.111,50340.9,0.1109,176227.8,0.1111,16345.6,0.1112,74811.4
1753617332879,11:55:32.879,binance,AEVO/USDT:USDT,0.111,50340.9,0.1109,175327.4,0.1111,16345.6,0.1112,74811.4
1753617333048,11:55:33.048,binance,AEVO/USDT:USDT,0.111,50340.9,0.1109,175327.4,0.1111,16345.6,0.1112,74811.4
1753617333153,11:55:33.153,binance,AEVO/USDT:USDT,0.111,50340.9,0.1109,178032.5,0.1111,16345.6,0.1112,74811.4
1753617333258,11:55:33.258,binance,AEVO/USDT:USDT,0.111,50295.8,0.1109,178032.5,0.1111,16345.6,0.1112,74811.4
1753617333362,11:55:33.362,binance,AEVO/USDT:USDT,0.111,44955.5,0.1109,173707.0,0.1111,22360.0,0.1112,81837.8
1753617333538,11:55:33.538,binance,AEVO/USDT:USDT,0.111,44832.2,0.1109,172902.3,0.1111,22360.0,0.1112,74811.4
1753617333641,11:55:33.641,binance,AEVO/USDT:USDT,0.111,44832.2,0.1109,173707.0,0.1111,22360.0,0.1112,74811.4
1753617333744,11:55:33.744,binance,AEVO/USDT:USDT,0.111,44832.2,0.1109,173707.0,0.1111,22360.0,0.1112,74811.4
1753617333882,11:55:33.882,binance,AEVO/USDT:USDT,0.111,44832.2,0.1109,173707.0,0.1111,22360.0,0.1112,74811.4
1753617333995,11:55:33.995,binance,AEVO/USDT:USDT,0.111,44787.1,0.1109,171001.9,0.1111,16345.6,0.1112,74811.4
1753617334190,11:55:34.190,binance,AEVO/USDT:USDT,0.111,44787.1,0.1109,171902.3,0.1111,16345.6,0.1112,74811.4
1753617334354,11:55:34.354,binance,AEVO/USDT:USDT,0.111,44787.1,0.1109,171001.9,0.1111,16345.6,0.1112,74811.4
1753617334459,11:55:34.459,binance,AEVO/USDT:USDT,0.111,44787.1,0.1109,171001.9,0.1111,16345.6,0.1112,74811.4
1753617334567,11:55:34.567,binance,AEVO/USDT:USDT,0.111,44832.2,0.1109,171001.9,0.1111,14381.9,0.1112,74811.4
1753617334848,11:55:34.848,binance,AEVO/USDT:USDT,0.111,44832.2,0.1109,170197.2,0.1111,16245.6,0.1112,74811.4
1753617334954,11:55:34.954,binance,AEVO/USDT:USDT,0.111,43042.3,0.1109,171001.9,0.1111,16245.6,0.1112,74811.4
1753617335139,11:55:35.139,binance,AEVO/USDT:USDT,0.111,43042.3,0.1109,171001.9,0.1111,16389.6,0.1112,74811.4
1753617335350,11:55:35.350,binance,AEVO/USDT:USDT,0.111,38721.9,0.1109,174427.0,0.1111,16560.6,0.1112,81837.8
1753617335458,11:55:35.458,binance,AEVO/USDT:USDT,0.111,42101.9,0.1109,171001.9,0.1111,16560.6,0.1112,81837.8
1753617335569,11:55:35.569,binance,AEVO/USDT:USDT,0.111,42101.9,0.1109,171001.9,0.1111,16560.6,0.1112,81837.8
1753617335775,11:55:35.775,binance,AEVO/USDT:USDT,0.111,42101.9,0.1109,171001.9,0.1111,16560.6,0.1112,81837.8
1753617335936,11:55:35.936,binance,AEVO/USDT:USDT,0.111,42101.9,0.1109,171001.9,0.1111,16560.6,0.1112,74811.4
1753617336052,11:55:36.052,binance,AEVO/USDT:USDT,0.111,42192.1,0.1109,171001.9,0.1111,16560.6,0.1112,74811.4
1753617336264,11:55:36.264,binance,AEVO/USDT:USDT,0.111,42192.1,0.1109,171001.9,0.1111,16560.6,0.1112,74811.4
