timestamp,time,exchange,symbol,bid1_price,bid1_volume,bid2_price,bid2_volume,ask1_price,ask1_volume,ask2_price,ask2_volume
1753617156797,11:52:36.797,bybit,AERGO/USDT:USDT,0.13372,1199.0,0.13371,282.0,0.13374,494.0,0.13375,57.0
1753617157997,11:52:37.997,bybit,AERGO/USDT:USDT,0.13372,1069.0,0.13371,282.0,0.13374,494.0,0.13375,57.0
1753617158099,11:52:38.099,bybit,AERGO/USDT:USDT,0.13372,1069.0,0.13371,18.0,0.13374,494.0,0.13375,57.0
1753617159097,11:52:39.097,bybit,AERGO/USDT:USDT,0.13372,1069.0,0.1337,448.0,0.13374,494.0,0.13375,57.0
1753617161297,11:52:41.297,bybit,AERGO/USDT:USDT,0.13372,469.0,0.1337,448.0,0.13374,494.0,0.13375,57.0
1753617162996,11:52:42.996,bybit,AERGO/USDT:USDT,0.13372,469.0,0.1337,184.0,0.13374,494.0,0.13375,57.0
1753617163998,11:52:43.998,bybit,AERGO/USDT:USDT,0.13372,469.0,0.1337,184.0,0.13374,494.0,0.13375,57.0
1753617164099,11:52:44.099,bybit,AERGO/USDT:USDT,0.13372,469.0,0.1337,184.0,0.13374,494.0,0.13375,57.0
1753617164196,11:52:44.196,bybit,AERGO/USDT:USDT,0.13372,469.0,0.1337,184.0,0.13374,494.0,0.13375,57.0
1753617164397,11:52:44.397,bybit,AERGO/USDT:USDT,0.13372,469.0,0.1337,184.0,0.13374,494.0,0.13375,57.0
1753617164598,11:52:44.598,bybit,AERGO/USDT:USDT,0.13372,469.0,0.13371,264.0,0.13374,494.0,0.13375,57.0
1753617164697,11:52:44.697,bybit,AERGO/USDT:USDT,0.13372,469.0,0.13371,264.0,0.13374,494.0,0.13375,57.0
1753617164897,11:52:44.897,bybit,AERGO/USDT:USDT,0.13372,469.0,0.13371,278.0,0.13374,494.0,0.13375,57.0
1753617166397,11:52:46.397,bybit,AERGO/USDT:USDT,0.13372,469.0,0.1337,174.0,0.13374,494.0,0.13375,57.0
1753617166897,11:52:46.897,bybit,AERGO/USDT:USDT,0.13372,469.0,0.1337,174.0,0.13374,496.0,0.13375,57.0
1753617167597,11:52:47.597,bybit,AERGO/USDT:USDT,0.13372,469.0,0.1337,174.0,0.13374,496.0,0.13375,57.0
1753617168797,11:52:48.797,bybit,AERGO/USDT:USDT,0.13372,469.0,0.1337,174.0,0.13374,496.0,0.13375,57.0
1753617170197,11:52:50.197,bybit,AERGO/USDT:USDT,0.13372,469.0,0.1337,174.0,0.13374,496.0,0.13375,57.0
1753617170596,11:52:50.596,bybit,AERGO/USDT:USDT,0.13373,1392.0,0.13372,469.0,0.13374,496.0,0.13375,57.0
1753617170697,11:52:50.697,bybit,AERGO/USDT:USDT,0.13373,1392.0,0.13372,469.0,0.13374,496.0,0.13375,57.0
1753617170797,11:52:50.797,bybit,AERGO/USDT:USDT,0.13373,1392.0,0.13372,469.0,0.13374,196.0,0.13375,57.0
1753617170897,11:52:50.897,bybit,AERGO/USDT:USDT,0.13373,1412.0,0.13372,469.0,0.13374,196.0,0.13375,57.0
1753617171097,11:52:51.097,bybit,AERGO/USDT:USDT,0.13373,1412.0,0.13372,469.0,0.13374,196.0,0.13375,433.0
1753617171198,11:52:51.198,bybit,AERGO/USDT:USDT,0.13373,1412.0,0.13372,469.0,0.13374,196.0,0.13375,697.0
1753617171297,11:52:51.297,bybit,AERGO/USDT:USDT,0.13373,1412.0,0.13372,469.0,0.13374,196.0,0.13375,433.0
1753617171597,11:52:51.597,bybit,AERGO/USDT:USDT,0.13373,1412.0,0.13372,469.0,0.13374,196.0,0.13375,433.0
1753617171697,11:52:51.697,bybit,AERGO/USDT:USDT,0.13373,1412.0,0.13372,469.0,0.13374,196.0,0.13375,433.0
1753617171897,11:52:51.897,bybit,AERGO/USDT:USDT,0.13373,1412.0,0.13372,469.0,0.13374,196.0,0.13375,433.0
1753617172597,11:52:52.597,bybit,AERGO/USDT:USDT,0.13373,1412.0,0.13372,469.0,0.13374,199.0,0.13375,433.0
1753617172997,11:52:52.997,bybit,AERGO/USDT:USDT,0.13373,1412.0,0.13372,469.0,0.13374,199.0,0.13375,433.0
1753617173097,11:52:53.097,bybit,AERGO/USDT:USDT,0.13373,1412.0,0.13372,469.0,0.13374,199.0,0.13375,433.0
1753617173696,11:52:53.696,bybit,AERGO/USDT:USDT,0.13373,1412.0,0.13372,469.0,0.13374,199.0,0.13375,433.0
1753617173896,11:52:53.896,bybit,AERGO/USDT:USDT,0.13373,1412.0,0.13372,469.0,0.13374,199.0,0.13375,433.0
1753617173997,11:52:53.997,bybit,AERGO/USDT:USDT,0.13373,1412.0,0.13372,469.0,0.13374,199.0,0.13375,433.0
1753617175196,11:52:55.196,bybit,AERGO/USDT:USDT,0.13373,1412.0,0.13372,733.0,0.13374,184.0,0.13375,433.0
1753617175297,11:52:55.297,bybit,AERGO/USDT:USDT,0.13373,1412.0,0.13372,733.0,0.13374,245.0,0.13375,433.0
1753617175997,11:52:55.997,bybit,AERGO/USDT:USDT,0.13373,1412.0,0.13372,733.0,0.13374,245.0,0.13375,433.0
1753617176197,11:52:56.197,bybit,AERGO/USDT:USDT,0.13373,1412.0,0.13372,733.0,0.13374,245.0,0.13375,433.0
1753617178099,11:52:58.099,bybit,AERGO/USDT:USDT,0.13373,1412.0,0.13372,733.0,0.13374,245.0,0.13375,433.0
1753617178797,11:52:58.797,bybit,AERGO/USDT:USDT,0.13373,1412.0,0.13372,733.0,0.13374,245.0,0.13375,433.0
1753617179597,11:52:59.597,bybit,AERGO/USDT:USDT,0.13373,1412.0,0.13372,469.0,0.13374,245.0,0.13375,433.0
1753617179797,11:52:59.797,bybit,AERGO/USDT:USDT,0.13373,1412.0,0.13372,733.0,0.13374,245.0,0.13375,433.0
1753617180497,11:53:00.497,bybit,AERGO/USDT:USDT,0.13373,1412.0,0.13372,733.0,0.13374,245.0,0.13375,433.0
1753617180698,11:53:00.698,bybit,AERGO/USDT:USDT,0.13373,1412.0,0.13372,733.0,0.13374,245.0,0.13375,433.0
1753617180897,11:53:00.897,bybit,AERGO/USDT:USDT,0.13373,1571.0,0.13372,733.0,0.13374,245.0,0.13375,433.0
1753617181097,11:53:01.097,bybit,AERGO/USDT:USDT,0.13373,1571.0,0.13372,733.0,0.13374,245.0,0.13375,433.0
1753617181197,11:53:01.197,bybit,AERGO/USDT:USDT,0.13373,1571.0,0.13372,733.0,0.13374,245.0,0.13375,433.0
1753617181297,11:53:01.297,bybit,AERGO/USDT:USDT,0.13373,1571.0,0.13372,997.0,0.13374,245.0,0.13375,433.0
1753617181397,11:53:01.397,bybit,AERGO/USDT:USDT,0.13373,1571.0,0.13372,997.0,0.13374,245.0,0.13375,433.0
1753617181497,11:53:01.497,bybit,AERGO/USDT:USDT,0.13373,1571.0,0.13372,997.0,0.13374,245.0,0.13375,433.0
1753617181597,11:53:01.597,bybit,AERGO/USDT:USDT,0.13373,1571.0,0.13372,997.0,0.13374,245.0,0.13375,433.0
1753617181896,11:53:01.896,bybit,AERGO/USDT:USDT,0.13373,1571.0,0.13372,997.0,0.13374,245.0,0.13375,433.0
1753617181997,11:53:01.997,bybit,AERGO/USDT:USDT,0.13373,1571.0,0.13372,997.0,0.13374,245.0,0.13375,433.0
1753617182097,11:53:02.097,bybit,AERGO/USDT:USDT,0.13373,1571.0,0.13372,997.0,0.13374,245.0,0.13375,433.0
1753617182197,11:53:02.197,bybit,AERGO/USDT:USDT,0.13373,1734.0,0.13372,997.0,0.13374,245.0,0.13375,57.0
1753617182397,11:53:02.397,bybit,AERGO/USDT:USDT,0.13373,1412.0,0.13372,733.0,0.13374,245.0,0.13375,454.0
1753617182498,11:53:02.498,bybit,AERGO/USDT:USDT,0.13373,1412.0,0.13372,733.0,0.13374,245.0,0.13375,454.0
1753617182697,11:53:02.697,bybit,AERGO/USDT:USDT,0.13373,1412.0,0.13372,733.0,0.13374,245.0,0.13375,397.0
1753617183396,11:53:03.396,bybit,AERGO/USDT:USDT,0.13373,1412.0,0.13372,733.0,0.13374,245.0,0.13375,397.0
1753617183604,11:53:03.604,bybit,AERGO/USDT:USDT,0.13373,1412.0,0.13372,790.0,0.13374,245.0,0.13377,57.0
1753617183698,11:53:03.698,bybit,AERGO/USDT:USDT,0.13373,2334.0,0.13372,1054.0,0.13381,4119.0,0.13382,2142.0
1753617183797,11:53:03.797,bybit,AERGO/USDT:USDT,0.13374,907.0,0.13373,2334.0,0.13381,3798.0,0.13382,2406.0
1753617183897,11:53:03.897,bybit,AERGO/USDT:USDT,0.13374,159.0,0.13373,2391.0,0.13383,339.0,0.13384,2235.0
1753617183997,11:53:03.997,bybit,AERGO/USDT:USDT,0.1338,462.0,0.13377,596.0,0.13382,398.0,0.13383,396.0
1753617184097,11:53:04.097,bybit,AERGO/USDT:USDT,0.1338,462.0,0.13377,332.0,0.13382,398.0,0.13383,396.0
1753617184198,11:53:04.198,bybit,AERGO/USDT:USDT,0.1338,462.0,0.13377,332.0,0.13382,398.0,0.13383,396.0
1753617184299,11:53:04.299,bybit,AERGO/USDT:USDT,0.1338,462.0,0.13377,332.0,0.13382,398.0,0.13383,396.0
1753617184397,11:53:04.397,bybit,AERGO/USDT:USDT,0.1338,499.0,0.13377,354.0,0.13382,398.0,0.13383,396.0
1753617184499,11:53:04.499,bybit,AERGO/USDT:USDT,0.1338,37.0,0.13377,354.0,0.13382,998.0,0.13383,396.0
1753617184597,11:53:04.597,bybit,AERGO/USDT:USDT,0.1338,37.0,0.13377,354.0,0.13382,998.0,0.13383,396.0
1753617184797,11:53:04.797,bybit,AERGO/USDT:USDT,0.1338,37.0,0.13379,447.0,0.13382,998.0,0.13383,396.0
1753617184897,11:53:04.897,bybit,AERGO/USDT:USDT,0.13379,447.0,0.13377,354.0,0.13382,998.0,0.13383,396.0
1753617185396,11:53:05.396,bybit,AERGO/USDT:USDT,0.13379,486.0,0.13377,354.0,0.13382,998.0,0.13383,396.0
1753617185797,11:53:05.797,bybit,AERGO/USDT:USDT,0.13379,486.0,0.13377,354.0,0.13382,998.0,0.13383,132.0
1753617185896,11:53:05.896,bybit,AERGO/USDT:USDT,0.13379,486.0,0.13377,354.0,0.13382,998.0,0.13383,396.0
1753617186297,11:53:06.297,bybit,AERGO/USDT:USDT,0.13379,486.0,0.13377,354.0,0.13382,998.0,0.13383,396.0
1753617186497,11:53:06.497,bybit,AERGO/USDT:USDT,0.13379,486.0,0.13377,354.0,0.13382,998.0,0.13383,396.0
1753617186597,11:53:06.597,bybit,AERGO/USDT:USDT,0.13379,486.0,0.13377,354.0,0.13382,998.0,0.13383,396.0
1753617186697,11:53:06.697,bybit,AERGO/USDT:USDT,0.13379,486.0,0.13377,354.0,0.13382,998.0,0.13383,396.0
1753617186798,11:53:06.798,bybit,AERGO/USDT:USDT,0.13379,486.0,0.13377,354.0,0.13382,998.0,0.13383,396.0
1753617186896,11:53:06.896,bybit,AERGO/USDT:USDT,0.13379,486.0,0.13377,354.0,0.13382,998.0,0.13383,396.0
1753617187097,11:53:07.097,bybit,AERGO/USDT:USDT,0.13379,486.0,0.13377,354.0,0.13382,998.0,0.13383,396.0
1753617187597,11:53:07.597,bybit,AERGO/USDT:USDT,0.13379,496.0,0.13377,354.0,0.13382,998.0,0.13383,396.0
1753617188099,11:53:08.099,bybit,AERGO/USDT:USDT,0.13379,496.0,0.13377,354.0,0.13382,998.0,0.13383,396.0
1753617189596,11:53:09.596,bybit,AERGO/USDT:USDT,0.13379,496.0,0.13377,354.0,0.1338,438.0,0.13381,84.0
1753617189697,11:53:09.697,bybit,AERGO/USDT:USDT,0.13379,496.0,0.13377,354.0,0.1338,438.0,0.13381,84.0
1753617190297,11:53:10.297,bybit,AERGO/USDT:USDT,0.13379,496.0,0.13377,354.0,0.1338,462.0,0.13381,57.0
1753617190597,11:53:10.597,bybit,AERGO/USDT:USDT,0.13379,486.0,0.13377,354.0,0.1338,488.0,0.13381,57.0
1753617191696,11:53:11.696,bybit,AERGO/USDT:USDT,0.13379,486.0,0.13377,354.0,0.1338,488.0,0.13381,57.0
1753617191797,11:53:11.797,bybit,AERGO/USDT:USDT,0.13379,486.0,0.13377,354.0,0.1338,488.0,0.13381,57.0
1753617192797,11:53:12.797,bybit,AERGO/USDT:USDT,0.13379,486.0,0.13377,354.0,0.1338,488.0,0.13381,57.0
1753617193297,11:53:13.297,bybit,AERGO/USDT:USDT,0.13379,486.0,0.13377,354.0,0.1338,488.0,0.13381,57.0
1753617193397,11:53:13.397,bybit,AERGO/USDT:USDT,0.13379,486.0,0.13377,354.0,0.1338,488.0,0.13381,57.0
1753617193596,11:53:13.596,bybit,AERGO/USDT:USDT,0.13379,486.0,0.13377,354.0,0.1338,488.0,0.13381,57.0
1753617195497,11:53:15.497,bybit,AERGO/USDT:USDT,0.13379,486.0,0.13377,354.0,0.1338,488.0,0.13381,57.0
1753617195797,11:53:15.797,bybit,AERGO/USDT:USDT,0.13379,486.0,0.13377,354.0,0.1338,488.0,0.13381,57.0
1753617195897,11:53:15.897,bybit,AERGO/USDT:USDT,0.13379,486.0,0.13377,354.0,0.1338,488.0,0.13381,57.0
1753617196099,11:53:16.099,bybit,AERGO/USDT:USDT,0.13379,645.0,0.13378,587.0,0.1338,488.0,0.13381,57.0
1753617196296,11:53:16.296,bybit,AERGO/USDT:USDT,0.13379,645.0,0.13378,587.0,0.1338,488.0,0.13381,57.0
1753617196396,11:53:16.396,bybit,AERGO/USDT:USDT,0.13379,645.0,0.13378,603.0,0.1338,488.0,0.13381,57.0
1753617196496,11:53:16.496,bybit,AERGO/USDT:USDT,0.13379,645.0,0.13378,603.0,0.1338,488.0,0.13381,57.0
1753617197397,11:53:17.397,bybit,AERGO/USDT:USDT,0.13379,645.0,0.13378,603.0,0.1338,488.0,0.13381,57.0
1753617197896,11:53:17.896,bybit,AERGO/USDT:USDT,0.13379,645.0,0.13378,603.0,0.1338,488.0,0.13381,57.0
1753617197997,11:53:17.997,bybit,AERGO/USDT:USDT,0.13379,645.0,0.13378,603.0,0.1338,50.0,0.13381,57.0
1753617198099,11:53:18.099,bybit,AERGO/USDT:USDT,0.13379,645.0,0.13378,603.0,0.1338,50.0,0.13381,57.0
1753617198197,11:53:18.197,bybit,AERGO/USDT:USDT,0.13379,645.0,0.13378,603.0,0.1338,50.0,0.13381,514.0
1753617198297,11:53:18.297,bybit,AERGO/USDT:USDT,0.13379,645.0,0.13378,603.0,0.1338,50.0,0.13381,514.0
1753617198697,11:53:18.697,bybit,AERGO/USDT:USDT,0.13379,645.0,0.13378,603.0,0.1338,50.0,0.13381,514.0
1753617198797,11:53:18.797,bybit,AERGO/USDT:USDT,0.13379,645.0,0.13378,603.0,0.1338,50.0,0.13381,514.0
1753617199197,11:53:19.197,bybit,AERGO/USDT:USDT,0.13379,645.0,0.13378,603.0,0.1338,50.0,0.13381,514.0
1753617199297,11:53:19.297,bybit,AERGO/USDT:USDT,0.13379,645.0,0.13378,603.0,0.1338,50.0,0.13382,57.0
1753617199496,11:53:19.496,bybit,AERGO/USDT:USDT,0.13379,645.0,0.13378,603.0,0.1338,50.0,0.13381,434.0
1753617199697,11:53:19.697,bybit,AERGO/USDT:USDT,0.13379,486.0,0.13378,16.0,0.1338,50.0,0.13381,434.0
1753617199797,11:53:19.797,bybit,AERGO/USDT:USDT,0.13379,486.0,0.13378,16.0,0.1338,50.0,0.13381,434.0
1753617199896,11:53:19.896,bybit,AERGO/USDT:USDT,0.13379,486.0,0.13377,616.0,0.1338,50.0,0.13381,434.0
1753617199997,11:53:19.997,bybit,AERGO/USDT:USDT,0.13379,486.0,0.13377,616.0,0.1338,50.0,0.13381,434.0
1753617200097,11:53:20.097,bybit,AERGO/USDT:USDT,0.13379,486.0,0.13377,352.0,0.1338,50.0,0.13381,1019.0
1753617200197,11:53:20.197,bybit,AERGO/USDT:USDT,0.13379,486.0,0.13377,352.0,0.1338,50.0,0.13381,1019.0
1753617200497,11:53:20.497,bybit,AERGO/USDT:USDT,0.13379,486.0,0.13377,352.0,0.1338,50.0,0.13381,1019.0
1753617200597,11:53:20.597,bybit,AERGO/USDT:USDT,0.13379,486.0,0.13377,352.0,0.1338,50.0,0.13381,755.0
1753617200897,11:53:20.897,bybit,AERGO/USDT:USDT,0.13379,486.0,0.13377,616.0,0.1338,50.0,0.13381,491.0
1753617201097,11:53:21.097,bybit,AERGO/USDT:USDT,0.13379,486.0,0.13377,616.0,0.1338,441.0,0.13381,491.0
1753617201296,11:53:21.296,bybit,AERGO/USDT:USDT,0.13379,486.0,0.13377,352.0,0.1338,441.0,0.13381,491.0
1753617201397,11:53:21.397,bybit,AERGO/USDT:USDT,0.13379,486.0,0.13377,352.0,0.1338,441.0,0.13381,491.0
1753617201496,11:53:21.496,bybit,AERGO/USDT:USDT,0.13379,486.0,0.13377,352.0,0.1338,441.0,0.13381,491.0
1753617201697,11:53:21.697,bybit,AERGO/USDT:USDT,0.13379,486.0,0.13377,352.0,0.1338,441.0,0.13381,491.0
1753617202396,11:53:22.396,bybit,AERGO/USDT:USDT,0.13379,546.0,0.13377,352.0,0.1338,417.0,0.13381,491.0
1753617202797,11:53:22.797,bybit,AERGO/USDT:USDT,0.13379,546.0,0.13377,352.0,0.13381,434.0,0.13382,57.0
1753617202897,11:53:22.897,bybit,AERGO/USDT:USDT,0.13379,709.0,0.13378,651.0,0.13381,434.0,0.13382,57.0
1753617202997,11:53:22.997,bybit,AERGO/USDT:USDT,0.13379,709.0,0.13378,651.0,0.13381,434.0,0.13382,57.0
1753617203097,11:53:23.097,bybit,AERGO/USDT:USDT,0.13379,709.0,0.13378,651.0,0.13381,434.0,0.13382,57.0
1753617203396,11:53:23.396,bybit,AERGO/USDT:USDT,0.13379,709.0,0.13378,674.0,0.13381,434.0,0.13382,57.0
1753617203597,11:53:23.597,bybit,AERGO/USDT:USDT,0.13379,868.0,0.13378,674.0,0.13381,434.0,0.13382,57.0
1753617203697,11:53:23.697,bybit,AERGO/USDT:USDT,0.13379,868.0,0.13378,674.0,0.13381,434.0,0.13382,57.0
1753617203796,11:53:23.796,bybit,AERGO/USDT:USDT,0.13379,709.0,0.13378,674.0,0.13381,434.0,0.13382,57.0
1753617204297,11:53:24.297,bybit,AERGO/USDT:USDT,0.13379,709.0,0.13378,674.0,0.13381,434.0,0.13382,57.0
1753617204497,11:53:24.497,bybit,AERGO/USDT:USDT,0.13379,546.0,0.13378,346.0,0.1338,14.0,0.13381,491.0
1753617206097,11:53:26.097,bybit,AERGO/USDT:USDT,0.13379,546.0,0.13378,346.0,0.1338,14.0,0.13381,491.0
1753617206297,11:53:26.297,bybit,AERGO/USDT:USDT,0.13379,546.0,0.13378,346.0,0.1338,14.0,0.13381,491.0
1753617206497,11:53:26.497,bybit,AERGO/USDT:USDT,0.13379,546.0,0.13378,346.0,0.1338,14.0,0.13381,491.0
1753617206697,11:53:26.697,bybit,AERGO/USDT:USDT,0.13379,546.0,0.13378,346.0,0.1338,14.0,0.13381,491.0
1753617206897,11:53:26.897,bybit,AERGO/USDT:USDT,0.13379,546.0,0.13378,346.0,0.1338,14.0,0.13381,491.0
1753617207396,11:53:27.396,bybit,AERGO/USDT:USDT,0.13379,546.0,0.13378,346.0,0.1338,21.0,0.13381,491.0
1753617207597,11:53:27.597,bybit,AERGO/USDT:USDT,0.13379,546.0,0.13378,346.0,0.1338,21.0,0.13381,491.0
1753617207897,11:53:27.897,bybit,AERGO/USDT:USDT,0.13379,546.0,0.13378,346.0,0.1338,21.0,0.13381,434.0
1753617207996,11:53:27.996,bybit,AERGO/USDT:USDT,0.13379,546.0,0.13378,346.0,0.1338,21.0,0.13381,434.0
1753617208099,11:53:28.099,bybit,AERGO/USDT:USDT,0.13379,546.0,0.13378,23.0,0.1338,21.0,0.13381,434.0
1753617208197,11:53:28.197,bybit,AERGO/USDT:USDT,0.13379,546.0,0.13378,23.0,0.1338,21.0,0.13381,434.0
1753617208396,11:53:28.396,bybit,AERGO/USDT:USDT,0.13379,546.0,0.13377,432.0,0.1338,21.0,0.13381,434.0
1753617208797,11:53:28.797,bybit,AERGO/USDT:USDT,0.13379,556.0,0.13377,432.0,0.1338,21.0,0.13381,434.0
1753617208897,11:53:28.897,bybit,AERGO/USDT:USDT,0.13379,556.0,0.13377,432.0,0.1338,21.0,0.13381,491.0
1753617209796,11:53:29.796,bybit,AERGO/USDT:USDT,0.13379,556.0,0.13378,264.0,0.1338,21.0,0.13381,491.0
1753617209897,11:53:29.897,bybit,AERGO/USDT:USDT,0.13379,715.0,0.13378,321.0,0.1338,21.0,0.13381,434.0
1753617209997,11:53:29.997,bybit,AERGO/USDT:USDT,0.13379,715.0,0.13378,321.0,0.1338,21.0,0.13381,434.0
1753617210097,11:53:30.097,bybit,AERGO/USDT:USDT,0.13379,715.0,0.13378,264.0,0.1338,21.0,0.13381,434.0
1753617210497,11:53:30.497,bybit,AERGO/USDT:USDT,0.13379,715.0,0.13378,281.0,0.1338,21.0,0.13381,434.0
1753617210597,11:53:30.597,bybit,AERGO/USDT:USDT,0.13379,556.0,0.13378,281.0,0.1338,21.0,0.13381,434.0
1753617211996,11:53:31.996,bybit,AERGO/USDT:USDT,0.13379,721.0,0.13378,281.0,0.1338,21.0,0.13381,434.0
1753617212397,11:53:32.397,bybit,AERGO/USDT:USDT,0.13379,721.0,0.13378,281.0,0.1338,21.0,0.13381,434.0
1753617212797,11:53:32.797,bybit,AERGO/USDT:USDT,0.13379,889.0,0.13378,605.0,0.1338,21.0,0.13381,434.0
1753617213097,11:53:33.097,bybit,AERGO/USDT:USDT,0.13379,889.0,0.13378,605.0,0.1338,21.0,0.13383,57.0
1753617213197,11:53:33.197,bybit,AERGO/USDT:USDT,0.13379,889.0,0.13378,605.0,0.1338,28.0,0.13383,57.0
1753617213297,11:53:33.297,bybit,AERGO/USDT:USDT,0.13379,889.0,0.13378,662.0,0.1338,28.0,0.13381,57.0
1753617213397,11:53:33.397,bybit,AERGO/USDT:USDT,0.13379,889.0,0.13378,662.0,0.1338,28.0,0.13381,57.0
1753617214697,11:53:34.697,bybit,AERGO/USDT:USDT,0.13379,889.0,0.13378,662.0,0.1338,28.0,0.13381,57.0
1753617214997,11:53:34.997,bybit,AERGO/USDT:USDT,0.13379,889.0,0.13378,662.0,0.1338,28.0,0.13381,57.0
1753617215397,11:53:35.397,bybit,AERGO/USDT:USDT,0.13379,889.0,0.13378,662.0,0.1338,28.0,0.13381,57.0
1753617215597,11:53:35.597,bybit,AERGO/USDT:USDT,0.13379,889.0,0.13378,662.0,0.1338,28.0,0.13381,57.0
1753617216597,11:53:36.597,bybit,AERGO/USDT:USDT,0.13379,889.0,0.13378,662.0,0.1338,48.0,0.13381,57.0
1753617216997,11:53:36.997,bybit,AERGO/USDT:USDT,0.13379,889.0,0.13378,662.0,0.1338,48.0,0.13381,57.0
1753617217097,11:53:37.097,bybit,AERGO/USDT:USDT,0.13379,889.0,0.13378,662.0,0.1338,48.0,0.13381,57.0
1753617217697,11:53:37.697,bybit,AERGO/USDT:USDT,0.13379,2878.0,0.13378,662.0,0.1338,48.0,0.13381,57.0
1753617217796,11:53:37.796,bybit,AERGO/USDT:USDT,0.13379,2878.0,0.13378,662.0,0.1338,48.0,0.13381,57.0
1753617218397,11:53:38.397,bybit,AERGO/USDT:USDT,0.13379,2868.0,0.13378,662.0,0.1338,48.0,0.13381,57.0
1753617218596,11:53:38.596,bybit,AERGO/USDT:USDT,0.13379,2868.0,0.13378,662.0,0.1338,48.0,0.13381,57.0
1753617218997,11:53:38.997,bybit,AERGO/USDT:USDT,0.13379,2868.0,0.13378,662.0,0.1338,48.0,0.13381,57.0
1753617219797,11:53:39.797,bybit,AERGO/USDT:USDT,0.13379,2868.0,0.13378,662.0,0.1338,32.0,0.13381,57.0
1753617220298,11:53:40.298,bybit,AERGO/USDT:USDT,0.13379,2868.0,0.13378,605.0,0.1338,32.0,0.13381,57.0
1753617220397,11:53:40.397,bybit,AERGO/USDT:USDT,0.13379,2703.0,0.13378,605.0,0.1338,32.0,0.13381,57.0
1753617222097,11:53:42.097,bybit,AERGO/USDT:USDT,0.13379,2703.0,0.13378,605.0,0.1338,32.0,0.13381,57.0
1753617222596,11:53:42.596,bybit,AERGO/USDT:USDT,0.13379,2868.0,0.13378,605.0,0.1338,32.0,0.13381,57.0
1753617222897,11:53:42.897,bybit,AERGO/USDT:USDT,0.13379,2868.0,0.13378,605.0,0.1338,32.0,0.13382,492.0
1753617222997,11:53:42.997,bybit,AERGO/USDT:USDT,0.13379,2868.0,0.13378,605.0,0.1338,32.0,0.13382,492.0
1753617223197,11:53:43.197,bybit,AERGO/USDT:USDT,0.13379,2868.0,0.13378,605.0,0.1338,32.0,0.13382,492.0
1753617223497,11:53:43.497,bybit,AERGO/USDT:USDT,0.13379,2868.0,0.13378,605.0,0.1338,32.0,0.13382,57.0
1753617223597,11:53:43.597,bybit,AERGO/USDT:USDT,0.13379,2868.0,0.13378,605.0,0.1338,32.0,0.13382,57.0
1753617223697,11:53:43.697,bybit,AERGO/USDT:USDT,0.13379,2868.0,0.13378,662.0,0.1338,32.0,0.13382,57.0
1753617223797,11:53:43.797,bybit,AERGO/USDT:USDT,0.13379,2868.0,0.13378,662.0,0.1338,32.0,0.13382,57.0
1753617224099,11:53:44.099,bybit,AERGO/USDT:USDT,0.13379,2868.0,0.13378,662.0,0.1338,32.0,0.13382,57.0
1753617224597,11:53:44.597,bybit,AERGO/USDT:USDT,0.13379,2868.0,0.13378,662.0,0.1338,32.0,0.13382,57.0
1753617224697,11:53:44.697,bybit,AERGO/USDT:USDT,0.13379,2868.0,0.13378,662.0,0.1338,32.0,0.13382,57.0
1753617225097,11:53:45.097,bybit,AERGO/USDT:USDT,0.13379,2868.0,0.13378,662.0,0.1338,32.0,0.13382,57.0
1753617225297,11:53:45.297,bybit,AERGO/USDT:USDT,0.13379,2868.0,0.13378,662.0,0.1338,32.0,0.13382,57.0
1753617225697,11:53:45.697,bybit,AERGO/USDT:USDT,0.13379,2475.0,0.13378,338.0,0.1338,399.0,0.13382,57.0
1753617225797,11:53:45.797,bybit,AERGO/USDT:USDT,0.13379,2475.0,0.13378,74.0,0.1338,399.0,0.13381,428.0
1753617226497,11:53:46.497,bybit,AERGO/USDT:USDT,0.13379,2640.0,0.13378,396.0,0.1338,399.0,0.13381,57.0
1753617226697,11:53:46.697,bybit,AERGO/USDT:USDT,0.13379,2808.0,0.13378,720.0,0.1338,399.0,0.13381,57.0
1753617227097,11:53:47.097,bybit,AERGO/USDT:USDT,0.13379,2808.0,0.13378,720.0,0.1338,399.0,0.13381,57.0
1753617227197,11:53:47.197,bybit,AERGO/USDT:USDT,0.13379,2808.0,0.13378,720.0,0.1338,399.0,0.13381,57.0
1753617227397,11:53:47.397,bybit,AERGO/USDT:USDT,0.13379,2808.0,0.13378,720.0,0.1338,399.0,0.13381,57.0
1753617227596,11:53:47.596,bybit,AERGO/USDT:USDT,0.13379,2808.0,0.13378,720.0,0.1338,399.0,0.13381,57.0
1753617228797,11:53:48.797,bybit,AERGO/USDT:USDT,0.13379,3460.0,0.13378,720.0,0.13384,57.0,0.13385,57.0
1753617228897,11:53:48.897,bybit,AERGO/USDT:USDT,0.1338,912.0,0.13379,3517.0,0.13384,57.0,0.13385,57.0
1753617228996,11:53:48.996,bybit,AERGO/USDT:USDT,0.13381,748.0,0.1338,489.0,0.13384,484.0,0.13385,57.0
1753617229297,11:53:49.297,bybit,AERGO/USDT:USDT,0.13381,415.0,0.13379,3070.0,0.13384,484.0,0.13385,57.0
1753617229398,11:53:49.398,bybit,AERGO/USDT:USDT,0.13381,449.0,0.1338,27.0,0.13384,484.0,0.13385,57.0
1753617229696,11:53:49.696,bybit,AERGO/USDT:USDT,0.13381,449.0,0.1338,291.0,0.13384,484.0,0.13385,57.0
1753617229797,11:53:49.797,bybit,AERGO/USDT:USDT,0.13381,782.0,0.1338,615.0,0.13384,484.0,0.13385,57.0
1753617230197,11:53:50.197,bybit,AERGO/USDT:USDT,0.13381,782.0,0.1338,615.0,0.13384,484.0,0.13385,57.0
1753617230297,11:53:50.297,bybit,AERGO/USDT:USDT,0.13381,782.0,0.1338,615.0,0.13384,484.0,0.13385,57.0
1753617231497,11:53:51.497,bybit,AERGO/USDT:USDT,0.13383,573.0,0.13382,322.0,0.13384,57.0,0.13385,57.0
1753617231597,11:53:51.597,bybit,AERGO/USDT:USDT,0.13383,573.0,0.13382,322.0,0.13384,470.0,0.13385,57.0
1753617231697,11:53:51.697,bybit,AERGO/USDT:USDT,0.13383,573.0,0.13382,322.0,0.13384,470.0,0.13385,57.0
1753617231897,11:53:51.897,bybit,AERGO/USDT:USDT,0.13383,607.0,0.13382,344.0,0.13384,470.0,0.13385,57.0
1753617232197,11:53:52.197,bybit,AERGO/USDT:USDT,0.13383,607.0,0.13382,344.0,0.13384,470.0,0.13385,57.0
1753617232697,11:53:52.697,bybit,AERGO/USDT:USDT,0.13383,442.0,0.13382,22.0,0.13384,470.0,0.13385,57.0
1753617232796,11:53:52.796,bybit,AERGO/USDT:USDT,0.13383,442.0,0.13382,286.0,0.13384,470.0,0.13385,57.0
1753617232896,11:53:52.896,bybit,AERGO/USDT:USDT,0.13383,607.0,0.13382,528.0,0.13384,470.0,0.13385,57.0
1753617233197,11:53:53.197,bybit,AERGO/USDT:USDT,0.13383,607.0,0.13382,528.0,0.13384,470.0,0.13385,57.0
1753617233397,11:53:53.397,bybit,AERGO/USDT:USDT,0.13383,607.0,0.13382,551.0,0.13384,470.0,0.13385,57.0
1753617233996,11:53:53.996,bybit,AERGO/USDT:USDT,0.13383,607.0,0.13382,551.0,0.13384,470.0,0.13385,57.0
1753617234099,11:53:54.099,bybit,AERGO/USDT:USDT,0.13383,607.0,0.13382,551.0,0.13384,470.0,0.13385,57.0
1753617234496,11:53:54.496,bybit,AERGO/USDT:USDT,0.13383,607.0,0.13382,551.0,0.13384,470.0,0.13385,57.0
1753617234597,11:53:54.597,bybit,AERGO/USDT:USDT,0.13383,607.0,0.13382,551.0,0.13384,57.0,0.13385,57.0
1753617234697,11:53:54.697,bybit,AERGO/USDT:USDT,0.13383,607.0,0.13382,551.0,0.13384,57.0,0.13385,57.0
1753617234897,11:53:54.897,bybit,AERGO/USDT:USDT,0.13383,607.0,0.13382,551.0,0.13384,57.0,0.13385,57.0
1753617234996,11:53:54.996,bybit,AERGO/USDT:USDT,0.13383,607.0,0.13382,551.0,0.13384,57.0,0.13385,57.0
1753617235097,11:53:55.097,bybit,AERGO/USDT:USDT,0.13383,607.0,0.13382,551.0,0.13384,57.0,0.13385,57.0
1753617235297,11:53:55.297,bybit,AERGO/USDT:USDT,0.13383,607.0,0.13382,551.0,0.13384,57.0,0.13385,57.0
1753617236596,11:53:56.596,bybit,AERGO/USDT:USDT,0.13383,442.0,0.13382,551.0,0.13384,67.0,0.13385,57.0
1753617236697,11:53:56.697,bybit,AERGO/USDT:USDT,0.13383,607.0,0.13382,551.0,0.13384,67.0,0.13385,57.0
1753617236797,11:53:56.797,bybit,AERGO/USDT:USDT,0.13383,442.0,0.13382,551.0,0.13384,67.0,0.13385,57.0
1753617237097,11:53:57.097,bybit,AERGO/USDT:USDT,0.13383,442.0,0.13382,551.0,0.13384,67.0,0.13385,57.0
1753617237197,11:53:57.197,bybit,AERGO/USDT:USDT,0.13383,442.0,0.13382,551.0,0.13384,67.0,0.13385,57.0
1753617237297,11:53:57.297,bybit,AERGO/USDT:USDT,0.13383,442.0,0.13382,551.0,0.13384,67.0,0.13385,57.0
1753617237397,11:53:57.397,bybit,AERGO/USDT:USDT,0.13383,442.0,0.13382,551.0,0.13384,67.0,0.13385,57.0
1753617237816,11:53:57.816,bybit,AERGO/USDT:USDT,0.13383,442.0,0.13382,23.0,0.13384,67.0,0.13385,321.0
1753617237897,11:53:57.897,bybit,AERGO/USDT:USDT,0.13383,442.0,0.13382,287.0,0.13384,67.0,0.13385,57.0
1753617237996,11:53:57.996,bybit,AERGO/USDT:USDT,0.13383,442.0,0.13382,551.0,0.13384,67.0,0.13385,469.0
1753617238497,11:53:58.497,bybit,AERGO/USDT:USDT,0.13383,617.0,0.13382,551.0,0.13384,67.0,0.13385,469.0
1753617238697,11:53:58.697,bybit,AERGO/USDT:USDT,0.13383,617.0,0.13382,551.0,0.13384,67.0,0.13385,469.0
1753617238797,11:53:58.797,bybit,AERGO/USDT:USDT,0.13383,452.0,0.13382,551.0,0.13384,67.0,0.13385,469.0
1753617239397,11:53:59.397,bybit,AERGO/USDT:USDT,0.13383,617.0,0.13382,551.0,0.13384,77.0,0.13385,469.0
1753617239497,11:53:59.497,bybit,AERGO/USDT:USDT,0.13383,620.0,0.13382,611.0,0.13384,77.0,0.13385,57.0
1753617239597,11:53:59.597,bybit,AERGO/USDT:USDT,0.13383,785.0,0.13382,611.0,0.13384,77.0,0.13385,57.0
1753617239697,11:53:59.697,bybit,AERGO/USDT:USDT,0.13383,785.0,0.13382,611.0,0.13384,77.0,0.13385,458.0
1753617239996,11:53:59.996,bybit,AERGO/USDT:USDT,0.13383,620.0,0.13382,611.0,0.13384,77.0,0.13385,458.0
1753617240397,11:54:00.397,bybit,AERGO/USDT:USDT,0.13383,452.0,0.13382,23.0,0.13384,77.0,0.13385,458.0
1753617240497,11:54:00.497,bybit,AERGO/USDT:USDT,0.13383,452.0,0.13382,287.0,0.13384,77.0,0.13385,458.0
1753617240697,11:54:00.697,bybit,AERGO/USDT:USDT,0.13383,452.0,0.13382,287.0,0.13384,77.0,0.13385,458.0
1753617240797,11:54:00.797,bybit,AERGO/USDT:USDT,0.13383,619.0,0.13382,551.0,0.13384,77.0,0.13385,458.0
1753617240896,11:54:00.896,bybit,AERGO/USDT:USDT,0.13383,619.0,0.13382,551.0,0.13384,77.0,0.13385,458.0
1753617241197,11:54:01.197,bybit,AERGO/USDT:USDT,0.13383,619.0,0.13382,551.0,0.13384,77.0,0.13385,458.0
1753617241698,11:54:01.698,bybit,AERGO/USDT:USDT,0.13383,619.0,0.13382,551.0,0.13384,77.0,0.13385,458.0
1753617241898,11:54:01.898,bybit,AERGO/USDT:USDT,0.13383,619.0,0.13382,551.0,0.13384,77.0,0.13385,458.0
1753617242097,11:54:02.097,bybit,AERGO/USDT:USDT,0.13383,619.0,0.13382,551.0,0.13384,77.0,0.13385,458.0
1753617242296,11:54:02.296,bybit,AERGO/USDT:USDT,0.13383,703.0,0.13382,551.0,0.13384,77.0,0.13385,458.0
1753617242397,11:54:02.397,bybit,AERGO/USDT:USDT,0.13383,703.0,0.13382,551.0,0.13384,77.0,0.13385,458.0
1753617242497,11:54:02.497,bybit,AERGO/USDT:USDT,0.13383,703.0,0.13382,551.0,0.13384,77.0,0.13385,458.0
1753617242597,11:54:02.597,bybit,AERGO/USDT:USDT,0.13383,703.0,0.13382,551.0,0.13384,77.0,0.13385,458.0
1753617242697,11:54:02.697,bybit,AERGO/USDT:USDT,0.13383,703.0,0.13382,551.0,0.13384,77.0,0.13385,458.0
1753617242897,11:54:02.897,bybit,AERGO/USDT:USDT,0.13383,703.0,0.13382,551.0,0.13384,77.0,0.13385,458.0
1753617242997,11:54:02.997,bybit,AERGO/USDT:USDT,0.13383,703.0,0.13382,551.0,0.13384,77.0,0.13385,458.0
1753617243396,11:54:03.396,bybit,AERGO/USDT:USDT,0.13383,703.0,0.13382,551.0,0.13384,77.0,0.13385,458.0
1753617243497,11:54:03.497,bybit,AERGO/USDT:USDT,0.13383,703.0,0.13382,551.0,0.13384,77.0,0.13385,458.0
1753617243598,11:54:03.598,bybit,AERGO/USDT:USDT,0.13383,703.0,0.13382,551.0,0.13384,77.0,0.13385,458.0
1753617243697,11:54:03.697,bybit,AERGO/USDT:USDT,0.13383,536.0,0.13382,551.0,0.13384,77.0,0.13385,458.0
1753617244100,11:54:04.100,bybit,AERGO/USDT:USDT,0.13383,536.0,0.13382,551.0,0.13384,77.0,0.13385,458.0
1753617244197,11:54:04.197,bybit,AERGO/USDT:USDT,0.13383,755.0,0.13382,551.0,0.13384,77.0,0.13385,458.0
1753617244296,11:54:04.296,bybit,AERGO/USDT:USDT,0.13383,588.0,0.13382,551.0,0.13384,77.0,0.13385,458.0
1753617244796,11:54:04.796,bybit,AERGO/USDT:USDT,0.13383,755.0,0.13382,551.0,0.13384,87.0,0.13385,458.0
1753617246102,11:54:06.102,bybit,AERGO/USDT:USDT,0.13383,588.0,0.13382,23.0,0.13384,87.0,0.13385,496.0
1753617246197,11:54:06.197,bybit,AERGO/USDT:USDT,0.13383,588.0,0.13382,23.0,0.13384,87.0,0.13385,496.0
1753617246397,11:54:06.397,bybit,AERGO/USDT:USDT,0.13383,588.0,0.13382,264.0,0.13384,87.0,0.13385,496.0
1753617246797,11:54:06.797,bybit,AERGO/USDT:USDT,0.13383,755.0,0.13382,528.0,0.13384,30.0,0.13385,439.0
1753617246897,11:54:06.897,bybit,AERGO/USDT:USDT,0.13383,755.0,0.13382,556.0,0.13384,30.0,0.13385,439.0
1753617247196,11:54:07.196,bybit,AERGO/USDT:USDT,0.13383,588.0,0.13382,556.0,0.13384,30.0,0.13385,439.0
1753617247397,11:54:07.397,bybit,AERGO/USDT:USDT,0.13383,588.0,0.13382,292.0,0.13384,30.0,0.13385,439.0
1753617248100,11:54:08.100,bybit,AERGO/USDT:USDT,0.13383,588.0,0.13382,292.0,0.13384,472.0,0.13385,439.0
1753617248196,11:54:08.196,bybit,AERGO/USDT:USDT,0.13383,588.0,0.13382,292.0,0.13384,30.0,0.13385,439.0
1753617248396,11:54:08.396,bybit,AERGO/USDT:USDT,0.13383,588.0,0.13382,292.0,0.13384,30.0,0.13385,439.0
1753617248497,11:54:08.497,bybit,AERGO/USDT:USDT,0.13383,588.0,0.13382,556.0,0.13384,30.0,0.13385,439.0
1753617248897,11:54:08.897,bybit,AERGO/USDT:USDT,0.13383,588.0,0.13382,556.0,0.13384,30.0,0.13385,439.0
1753617249297,11:54:09.297,bybit,AERGO/USDT:USDT,0.13383,588.0,0.13382,556.0,0.13384,30.0,0.13385,496.0
1753617249497,11:54:09.497,bybit,AERGO/USDT:USDT,0.13383,588.0,0.13382,556.0,0.13384,30.0,0.13385,496.0
1753617250497,11:54:10.497,bybit,AERGO/USDT:USDT,0.13383,588.0,0.13382,556.0,0.13384,87.0,0.13385,496.0
1753617251297,11:54:11.297,bybit,AERGO/USDT:USDT,0.13383,588.0,0.13382,556.0,0.13384,87.0,0.13385,496.0
1753617251397,11:54:11.397,bybit,AERGO/USDT:USDT,0.13383,588.0,0.13382,28.0,0.13384,87.0,0.13385,496.0
1753617251497,11:54:11.497,bybit,AERGO/USDT:USDT,0.13383,588.0,0.13382,28.0,0.13384,87.0,0.13385,496.0
1753617251696,11:54:11.696,bybit,AERGO/USDT:USDT,0.13383,588.0,0.13382,28.0,0.13384,87.0,0.13385,496.0
1753617251897,11:54:11.897,bybit,AERGO/USDT:USDT,0.13383,588.0,0.13381,114.0,0.13384,87.0,0.13385,496.0
1753617252297,11:54:12.297,bybit,AERGO/USDT:USDT,0.13383,588.0,0.13381,57.0,0.13384,87.0,0.13385,496.0
1753617252896,11:54:12.896,bybit,AERGO/USDT:USDT,0.13383,588.0,0.1338,116.0,0.13384,87.0,0.13385,496.0
1753617253098,11:54:13.098,bybit,AERGO/USDT:USDT,0.13383,588.0,0.1338,116.0,0.13384,87.0,0.13385,496.0
1753617253797,11:54:13.797,bybit,AERGO/USDT:USDT,0.13383,588.0,0.1338,116.0,0.13384,87.0,0.13385,496.0
1753617253897,11:54:13.897,bybit,AERGO/USDT:USDT,0.13383,588.0,0.13381,528.0,0.13384,87.0,0.13385,496.0
1753617253997,11:54:13.997,bybit,AERGO/USDT:USDT,0.13383,588.0,0.13381,528.0,0.13384,87.0,0.13385,496.0
1753617254397,11:54:14.397,bybit,AERGO/USDT:USDT,0.13383,588.0,0.13381,545.0,0.13384,87.0,0.13385,496.0
1753617254496,11:54:14.496,bybit,AERGO/USDT:USDT,0.13383,588.0,0.13381,545.0,0.13384,87.0,0.13385,496.0
1753617254997,11:54:14.997,bybit,AERGO/USDT:USDT,0.13383,588.0,0.13381,545.0,0.13384,87.0,0.13385,496.0
1753617255297,11:54:15.297,bybit,AERGO/USDT:USDT,0.13383,588.0,0.13381,545.0,0.13384,87.0,0.13385,496.0
1753617255897,11:54:15.897,bybit,AERGO/USDT:USDT,0.13383,588.0,0.13382,264.0,0.13384,87.0,0.13385,496.0
1753617256098,11:54:16.098,bybit,AERGO/USDT:USDT,0.13383,588.0,0.13382,264.0,0.13384,87.0,0.13385,496.0
1753617256397,11:54:16.397,bybit,AERGO/USDT:USDT,0.13383,588.0,0.13382,281.0,0.13384,87.0,0.13385,496.0
1753617256797,11:54:16.797,bybit,AERGO/USDT:USDT,0.13383,588.0,0.13382,281.0,0.13384,87.0,0.13385,496.0
1753617256997,11:54:16.997,bybit,AERGO/USDT:USDT,0.13383,588.0,0.13382,281.0,0.13384,87.0,0.13385,496.0
1753617257397,11:54:17.397,bybit,AERGO/USDT:USDT,0.13383,588.0,0.13382,281.0,0.13384,87.0,0.13385,496.0
1753617257697,11:54:17.697,bybit,AERGO/USDT:USDT,0.13383,588.0,0.13382,281.0,0.13384,87.0,0.13385,496.0
1753617257797,11:54:17.797,bybit,AERGO/USDT:USDT,0.13383,588.0,0.13382,281.0,0.13384,87.0,0.13385,496.0
1753617257997,11:54:17.997,bybit,AERGO/USDT:USDT,0.13383,588.0,0.13382,281.0,0.13384,87.0,0.13385,496.0
1753617258697,11:54:18.697,bybit,AERGO/USDT:USDT,0.13383,588.0,0.13382,281.0,0.13384,87.0,0.13385,496.0
1753617258798,11:54:18.798,bybit,AERGO/USDT:USDT,0.13383,588.0,0.13382,17.0,0.13384,87.0,0.13385,496.0
1753617259097,11:54:19.097,bybit,AERGO/USDT:USDT,0.13383,588.0,0.13382,17.0,0.13384,87.0,0.13385,496.0
1753617259197,11:54:19.197,bybit,AERGO/USDT:USDT,0.13383,588.0,0.13382,281.0,0.13384,87.0,0.13385,496.0
1753617259297,11:54:19.297,bybit,AERGO/USDT:USDT,0.13383,588.0,0.13382,281.0,0.13384,87.0,0.13385,496.0
1753617259397,11:54:19.397,bybit,AERGO/USDT:USDT,0.13383,588.0,0.13382,281.0,0.13384,87.0,0.13385,496.0
1753617259497,11:54:19.497,bybit,AERGO/USDT:USDT,0.13383,588.0,0.13382,281.0,0.13384,139.0,0.13385,496.0
1753617259598,11:54:19.598,bybit,AERGO/USDT:USDT,0.13383,755.0,0.13382,281.0,0.13384,139.0,0.13385,496.0
1753617259898,11:54:19.898,bybit,AERGO/USDT:USDT,0.13383,755.0,0.13382,281.0,0.13384,139.0,0.13385,496.0
1753617260298,11:54:20.298,bybit,AERGO/USDT:USDT,0.13383,755.0,0.13382,281.0,0.13384,139.0,0.13385,496.0
1753617260796,11:54:20.796,bybit,AERGO/USDT:USDT,0.13383,755.0,0.13382,281.0,0.13384,51.0,0.13385,496.0
1753617260997,11:54:20.997,bybit,AERGO/USDT:USDT,0.13383,755.0,0.13382,281.0,0.13384,51.0,0.13385,496.0
1753617261797,11:54:21.797,bybit,AERGO/USDT:USDT,0.13383,678.0,0.13382,281.0,0.13384,51.0,0.13385,496.0
1753617263497,11:54:23.497,bybit,AERGO/USDT:USDT,0.13383,678.0,0.13382,281.0,0.13384,66.0,0.13385,496.0
1753617263996,11:54:23.996,bybit,AERGO/USDT:USDT,0.13383,678.0,0.13382,281.0,0.13384,66.0,0.13385,496.0
1753617264100,11:54:24.100,bybit,AERGO/USDT:USDT,0.13383,511.0,0.13382,281.0,0.13384,66.0,0.13385,496.0
1753617264597,11:54:24.597,bybit,AERGO/USDT:USDT,0.13383,511.0,0.13382,281.0,0.13384,66.0,0.13385,496.0
1753617265098,11:54:25.098,bybit,AERGO/USDT:USDT,0.13383,511.0,0.13382,281.0,0.13384,66.0,0.13385,496.0
1753617265796,11:54:25.796,bybit,AERGO/USDT:USDT,0.13383,511.0,0.13382,281.0,0.13384,66.0,0.13385,496.0
1753617265897,11:54:25.897,bybit,AERGO/USDT:USDT,0.13383,678.0,0.13382,281.0,0.13384,66.0,0.13385,496.0
1753617265997,11:54:25.997,bybit,AERGO/USDT:USDT,0.13383,678.0,0.13382,281.0,0.13384,66.0,0.13385,496.0
1753617267098,11:54:27.098,bybit,AERGO/USDT:USDT,0.13383,678.0,0.13382,281.0,0.13384,66.0,0.13385,496.0
1753617268096,11:54:28.096,bybit,AERGO/USDT:USDT,0.13383,511.0,0.13382,281.0,0.13384,66.0,0.13385,496.0
1753617270397,11:54:30.397,bybit,AERGO/USDT:USDT,0.13383,511.0,0.13382,281.0,0.13384,66.0,0.13385,496.0
1753617270597,11:54:30.597,bybit,AERGO/USDT:USDT,0.13383,511.0,0.13382,281.0,0.13384,66.0,0.13385,496.0
1753617273597,11:54:33.597,bybit,AERGO/USDT:USDT,0.13383,511.0,0.13382,281.0,0.13384,77.0,0.13385,496.0
1753617273696,11:54:33.696,bybit,AERGO/USDT:USDT,0.13383,511.0,0.13382,281.0,0.13384,79.0,0.13385,496.0
1753617274496,11:54:34.496,bybit,AERGO/USDT:USDT,0.13383,511.0,0.13382,17.0,0.13384,79.0,0.13385,496.0
1753617274597,11:54:34.597,bybit,AERGO/USDT:USDT,0.13383,510.0,0.13382,17.0,0.13384,79.0,0.13385,496.0
1753617274897,11:54:34.897,bybit,AERGO/USDT:USDT,0.13383,510.0,0.13382,17.0,0.13384,79.0,0.13385,496.0
1753617274996,11:54:34.996,bybit,AERGO/USDT:USDT,0.13383,510.0,0.13381,89.0,0.13384,79.0,0.13385,496.0
1753617275397,11:54:35.397,bybit,AERGO/USDT:USDT,0.13383,510.0,0.13382,264.0,0.13384,79.0,0.13385,496.0
1753617275497,11:54:35.497,bybit,AERGO/USDT:USDT,0.13383,510.0,0.13382,264.0,0.13384,79.0,0.13385,496.0
1753617275898,11:54:35.898,bybit,AERGO/USDT:USDT,0.13383,510.0,0.13382,280.0,0.13384,79.0,0.13385,496.0
1753617276297,11:54:36.297,bybit,AERGO/USDT:USDT,0.13383,510.0,0.13382,280.0,0.13384,79.0,0.13385,496.0
1753617276897,11:54:36.897,bybit,AERGO/USDT:USDT,0.13383,510.0,0.13382,280.0,0.13384,79.0,0.13385,496.0
1753617277297,11:54:37.297,bybit,AERGO/USDT:USDT,0.13383,510.0,0.13382,280.0,0.13384,79.0,0.13385,496.0
1753617278297,11:54:38.297,bybit,AERGO/USDT:USDT,0.13383,456.0,0.13382,16.0,0.13384,79.0,0.13385,496.0
1753617278597,11:54:38.597,bybit,AERGO/USDT:USDT,0.13383,456.0,0.13382,16.0,0.13384,470.0,0.13385,496.0
1753617278697,11:54:38.697,bybit,AERGO/USDT:USDT,0.13383,102.0,0.13382,16.0,0.13384,649.0,0.13385,1024.0
1753617278797,11:54:38.797,bybit,AERGO/USDT:USDT,0.13383,102.0,0.13382,16.0,0.13384,649.0,0.13385,1024.0
1753617278897,11:54:38.897,bybit,AERGO/USDT:USDT,0.13383,102.0,0.13382,413.0,0.13384,649.0,0.13385,1024.0
1753617278997,11:54:38.997,bybit,AERGO/USDT:USDT,0.13383,102.0,0.13382,413.0,0.13384,649.0,0.13385,1024.0
1753617279097,11:54:39.097,bybit,AERGO/USDT:USDT,0.13383,102.0,0.13382,413.0,0.13384,470.0,0.13385,1024.0
1753617279396,11:54:39.396,bybit,AERGO/USDT:USDT,0.13383,102.0,0.13382,428.0,0.13384,470.0,0.13385,760.0
1753617279596,11:54:39.596,bybit,AERGO/USDT:USDT,0.13383,112.0,0.13382,428.0,0.13384,470.0,0.13385,760.0
1753617279897,11:54:39.897,bybit,AERGO/USDT:USDT,0.13383,112.0,0.13382,428.0,0.13384,470.0,0.13385,760.0
1753617279997,11:54:39.997,bybit,AERGO/USDT:USDT,0.13383,112.0,0.13382,428.0,0.13384,470.0,0.13385,760.0
1753617280097,11:54:40.097,bybit,AERGO/USDT:USDT,0.13383,112.0,0.13382,428.0,0.13384,470.0,0.13385,760.0
1753617280497,11:54:40.497,bybit,AERGO/USDT:USDT,0.13383,112.0,0.13382,428.0,0.13384,470.0,0.13385,760.0
1753617280996,11:54:40.996,bybit,AERGO/USDT:USDT,0.13383,112.0,0.13382,428.0,0.13384,470.0,0.13385,760.0
1753617281097,11:54:41.097,bybit,AERGO/USDT:USDT,0.13383,112.0,0.13382,428.0,0.13384,470.0,0.13385,760.0
1753617282196,11:54:42.196,bybit,AERGO/USDT:USDT,0.13383,112.0,0.13382,428.0,0.13384,470.0,0.13385,760.0
1753617282297,11:54:42.297,bybit,AERGO/USDT:USDT,0.13381,418.0,0.13379,2646.0,0.13383,1142.0,0.13384,792.0
1753617282397,11:54:42.397,bybit,AERGO/USDT:USDT,0.13381,418.0,0.13379,2589.0,0.13382,650.0,0.13383,916.0
1753617282497,11:54:42.497,bybit,AERGO/USDT:USDT,0.13381,418.0,0.13379,2589.0,0.13382,650.0,0.13383,916.0
1753617282598,11:54:42.598,bybit,AERGO/USDT:USDT,0.13381,418.0,0.13379,2589.0,0.13382,650.0,0.13383,916.0
1753617282797,11:54:42.797,bybit,AERGO/USDT:USDT,0.13381,418.0,0.13379,2589.0,0.13382,650.0,0.13383,916.0
1753617283298,11:54:43.298,bybit,AERGO/USDT:USDT,0.13381,418.0,0.13379,2589.0,0.13382,650.0,0.13383,916.0
1753617283397,11:54:43.397,bybit,AERGO/USDT:USDT,0.13381,441.0,0.13379,2603.0,0.13382,650.0,0.13383,916.0
1753617283497,11:54:43.497,bybit,AERGO/USDT:USDT,0.13381,441.0,0.13379,2603.0,0.13382,650.0,0.13383,916.0
1753617283797,11:54:43.797,bybit,AERGO/USDT:USDT,0.13381,441.0,0.13379,2603.0,0.13382,650.0,0.13383,916.0
1753617284099,11:54:44.099,bybit,AERGO/USDT:USDT,0.13381,441.0,0.13379,2603.0,0.13382,650.0,0.13383,916.0
1753617284196,11:54:44.196,bybit,AERGO/USDT:USDT,0.13381,441.0,0.13379,2603.0,0.13382,650.0,0.13383,916.0
1753617284397,11:54:44.397,bybit,AERGO/USDT:USDT,0.13381,441.0,0.13379,2603.0,0.13382,471.0,0.13383,916.0
1753617286398,11:54:46.398,bybit,AERGO/USDT:USDT,0.13381,441.0,0.13379,2603.0,0.13382,471.0,0.13383,916.0
1753617287197,11:54:47.197,bybit,AERGO/USDT:USDT,0.13381,441.0,0.13379,2603.0,0.13382,471.0,0.13383,916.0
1753617287297,11:54:47.297,bybit,AERGO/USDT:USDT,0.13381,441.0,0.13379,2603.0,0.13382,471.0,0.13383,916.0
1753617287697,11:54:47.697,bybit,AERGO/USDT:USDT,0.13381,441.0,0.13379,2603.0,0.13382,648.0,0.13383,916.0
1753617287997,11:54:47.997,bybit,AERGO/USDT:USDT,0.13379,2003.0,0.13377,14033.0,0.1338,1622.0,0.13381,672.0
1753617288099,11:54:48.099,bybit,AERGO/USDT:USDT,0.13379,2003.0,0.13377,622.0,0.1338,1790.0,0.13381,759.0
1753617288197,11:54:48.197,bybit,AERGO/USDT:USDT,0.13375,753.0,0.13374,57.0,0.13378,942.0,0.13379,672.0
1753617288397,11:54:48.397,bybit,AERGO/USDT:USDT,0.13377,30.0,0.13375,1131.0,0.13378,942.0,0.13379,672.0
1753617288897,11:54:48.897,bybit,AERGO/USDT:USDT,0.13375,1131.0,0.13373,2869.0,0.13378,942.0,0.13379,672.0
1753617289097,11:54:49.097,bybit,AERGO/USDT:USDT,0.13375,1131.0,0.13373,2869.0,0.13378,942.0,0.13379,672.0
1753617289397,11:54:49.397,bybit,AERGO/USDT:USDT,0.13375,1131.0,0.13373,2869.0,0.13378,942.0,0.13379,672.0
1753617289797,11:54:49.797,bybit,AERGO/USDT:USDT,0.13375,1161.0,0.13373,2972.0,0.13378,942.0,0.13379,672.0
1753617289996,11:54:49.996,bybit,AERGO/USDT:USDT,0.13375,1161.0,0.13373,2972.0,0.13378,942.0,0.13379,672.0
1753617290397,11:54:50.397,bybit,AERGO/USDT:USDT,0.13375,1161.0,0.13373,2972.0,0.13378,763.0,0.13379,672.0
1753617290497,11:54:50.497,bybit,AERGO/USDT:USDT,0.13375,1161.0,0.13373,2972.0,0.13378,942.0,0.13379,672.0
1753617290897,11:54:50.897,bybit,AERGO/USDT:USDT,0.13375,1161.0,0.13373,2972.0,0.13378,942.0,0.13379,672.0
1753617291597,11:54:51.597,bybit,AERGO/USDT:USDT,0.13375,1161.0,0.13373,2972.0,0.13377,956.0,0.13378,413.0
1753617291697,11:54:51.697,bybit,AERGO/USDT:USDT,0.13375,1161.0,0.13373,2972.0,0.13377,966.0,0.13378,413.0
1753617291797,11:54:51.797,bybit,AERGO/USDT:USDT,0.13375,1161.0,0.13373,2915.0,0.13377,966.0,0.13378,413.0
1753617292097,11:54:52.097,bybit,AERGO/USDT:USDT,0.13375,1161.0,0.13373,2915.0,0.13377,966.0,0.13378,413.0
1753617292198,11:54:52.198,bybit,AERGO/USDT:USDT,0.13375,1161.0,0.13373,2915.0,0.13377,966.0,0.13378,413.0
1753617292297,11:54:52.297,bybit,AERGO/USDT:USDT,0.13375,1161.0,0.13373,2915.0,0.13377,966.0,0.13378,413.0
1753617293596,11:54:53.596,bybit,AERGO/USDT:USDT,0.13375,1161.0,0.13373,2915.0,0.13377,966.0,0.13378,413.0
1753617293797,11:54:53.797,bybit,AERGO/USDT:USDT,0.13375,1161.0,0.13373,2915.0,0.13377,966.0,0.13378,413.0
1753617294696,11:54:54.696,bybit,AERGO/USDT:USDT,0.13375,380.0,0.13373,2915.0,0.13377,966.0,0.13378,413.0
1753617294797,11:54:54.797,bybit,AERGO/USDT:USDT,0.13375,380.0,0.13373,2915.0,0.13377,966.0,0.13378,413.0
1753617294897,11:54:54.897,bybit,AERGO/USDT:USDT,0.13375,380.0,0.13374,390.0,0.13377,966.0,0.13378,413.0
1753617295297,11:54:55.297,bybit,AERGO/USDT:USDT,0.13375,380.0,0.13374,426.0,0.13377,966.0,0.13378,413.0
1753617295397,11:54:55.397,bybit,AERGO/USDT:USDT,0.13375,380.0,0.13374,426.0,0.13377,966.0,0.13378,413.0
1753617297097,11:54:57.097,bybit,AERGO/USDT:USDT,0.13375,380.0,0.13374,426.0,0.13377,966.0,0.13378,413.0
1753617297197,11:54:57.197,bybit,AERGO/USDT:USDT,0.13375,380.0,0.13374,426.0,0.13376,388.0,0.13377,1023.0
1753617297296,11:54:57.296,bybit,AERGO/USDT:USDT,0.13375,380.0,0.13374,426.0,0.13376,388.0,0.13377,1023.0
1753617297597,11:54:57.597,bybit,AERGO/USDT:USDT,0.13376,386.0,0.13375,3540.0,0.13379,57.0,0.1338,57.0
1753617297697,11:54:57.697,bybit,AERGO/USDT:USDT,0.13381,388.0,0.13376,2226.0,0.13383,600.0,0.13384,389.0
1753617297797,11:54:57.797,bybit,AERGO/USDT:USDT,0.13381,388.0,0.1338,264.0,0.13383,600.0,0.13384,389.0
1753617297897,11:54:57.897,bybit,AERGO/USDT:USDT,0.13381,388.0,0.1338,264.0,0.13383,600.0,0.13384,389.0
1753617297997,11:54:57.997,bybit,AERGO/USDT:USDT,0.13381,388.0,0.1338,264.0,0.13383,600.0,0.13384,389.0
1753617298100,11:54:58.100,bybit,AERGO/USDT:USDT,0.13381,388.0,0.13379,264.0,0.13383,600.0,0.13384,389.0
1753617298197,11:54:58.197,bybit,AERGO/USDT:USDT,0.13381,388.0,0.13379,264.0,0.13383,600.0,0.13384,389.0
1753617298297,11:54:58.297,bybit,AERGO/USDT:USDT,0.13381,414.0,0.1338,264.0,0.13383,600.0,0.13384,125.0
1753617298397,11:54:58.397,bybit,AERGO/USDT:USDT,0.13381,414.0,0.1338,264.0,0.13383,600.0,0.13384,125.0
1753617298697,11:54:58.697,bybit,AERGO/USDT:USDT,0.13381,414.0,0.1338,264.0,0.13383,600.0,0.13384,125.0
1753617298797,11:54:58.797,bybit,AERGO/USDT:USDT,0.13381,414.0,0.1338,310.0,0.13383,600.0,0.13384,125.0
1753617298896,11:54:58.896,bybit,AERGO/USDT:USDT,0.13381,414.0,0.1338,310.0,0.13383,600.0,0.13384,125.0
1753617300101,11:55:00.101,bybit,AERGO/USDT:USDT,0.13381,414.0,0.1338,574.0,0.13383,600.0,0.13384,125.0
1753617300296,11:55:00.296,bybit,AERGO/USDT:USDT,0.13382,10.0,0.13381,657.0,0.13383,600.0,0.13384,125.0
1753617300397,11:55:00.397,bybit,AERGO/USDT:USDT,0.13382,10.0,0.13381,657.0,0.13383,600.0,0.13384,125.0
1753617300696,11:55:00.696,bybit,AERGO/USDT:USDT,0.13382,10.0,0.13381,657.0,0.13383,600.0,0.13384,125.0
1753617300896,11:55:00.896,bybit,AERGO/USDT:USDT,0.13382,10.0,0.13381,657.0,0.13383,600.0,0.13384,125.0
1753617300997,11:55:00.997,bybit,AERGO/USDT:USDT,0.13382,10.0,0.13381,657.0,0.13383,600.0,0.13384,125.0
1753617301097,11:55:01.097,bybit,AERGO/USDT:USDT,0.13382,10.0,0.13381,657.0,0.13383,600.0,0.13384,125.0
1753617301196,11:55:01.196,bybit,AERGO/USDT:USDT,0.13382,10.0,0.13381,657.0,0.13384,125.0,0.13385,57.0
1753617301297,11:55:01.297,bybit,AERGO/USDT:USDT,0.13383,440.0,0.13382,10.0,0.13384,68.0,0.13385,57.0
1753617301397,11:55:01.397,bybit,AERGO/USDT:USDT,0.13383,440.0,0.13382,10.0,0.13384,68.0,0.13385,57.0
1753617301797,11:55:01.797,bybit,AERGO/USDT:USDT,0.13383,466.0,0.13382,10.0,0.13384,68.0,0.13385,57.0
1753617302098,11:55:02.098,bybit,AERGO/USDT:USDT,0.13383,466.0,0.13382,10.0,0.13384,68.0,0.13385,57.0
1753617303297,11:55:03.297,bybit,AERGO/USDT:USDT,0.13383,466.0,0.13382,10.0,0.13384,68.0,0.13385,57.0
1753617303397,11:55:03.397,bybit,AERGO/USDT:USDT,0.13383,466.0,0.13382,253.0,0.13384,68.0,0.13385,57.0
1753617303497,11:55:03.497,bybit,AERGO/USDT:USDT,0.13383,466.0,0.13382,496.0,0.13384,68.0,0.13385,57.0
1753617303597,11:55:03.597,bybit,AERGO/USDT:USDT,0.13383,466.0,0.13382,253.0,0.13384,68.0,0.13385,57.0
1753617303697,11:55:03.697,bybit,AERGO/USDT:USDT,0.13383,466.0,0.13382,253.0,0.13384,68.0,0.13385,57.0
1753617303797,11:55:03.797,bybit,AERGO/USDT:USDT,0.13383,466.0,0.13382,289.0,0.13384,68.0,0.13385,57.0
1753617303897,11:55:03.897,bybit,AERGO/USDT:USDT,0.13383,466.0,0.13382,289.0,0.13384,68.0,0.13385,57.0
1753617303997,11:55:03.997,bybit,AERGO/USDT:USDT,0.13383,466.0,0.13382,289.0,0.13384,68.0,0.13385,57.0
1753617304196,11:55:04.196,bybit,AERGO/USDT:USDT,0.13383,466.0,0.13382,289.0,0.13384,68.0,0.13385,57.0
1753617304297,11:55:04.297,bybit,AERGO/USDT:USDT,0.13383,466.0,0.13382,289.0,0.13384,68.0,0.13385,57.0
1753617304496,11:55:04.496,bybit,AERGO/USDT:USDT,0.13383,466.0,0.13382,289.0,0.13384,668.0,0.13385,57.0
1753617304597,11:55:04.597,bybit,AERGO/USDT:USDT,0.13383,26.0,0.13382,46.0,0.13384,845.0,0.13385,360.0
1753617304797,11:55:04.797,bybit,AERGO/USDT:USDT,0.13382,10.0,0.13381,524.0,0.13384,845.0,0.13385,360.0
1753617304897,11:55:04.897,bybit,AERGO/USDT:USDT,0.13382,10.0,0.13381,524.0,0.13384,845.0,0.13385,360.0
1753617305097,11:55:05.097,bybit,AERGO/USDT:USDT,0.13382,10.0,0.13381,524.0,0.13384,845.0,0.13385,603.0
1753617305297,11:55:05.297,bybit,AERGO/USDT:USDT,0.13382,10.0,0.13381,524.0,0.13384,845.0,0.13385,360.0
1753617305698,11:55:05.698,bybit,AERGO/USDT:USDT,0.13382,10.0,0.13381,524.0,0.13384,845.0,0.13385,360.0
1753617305796,11:55:05.796,bybit,AERGO/USDT:USDT,0.13382,32.0,0.13381,524.0,0.13384,845.0,0.13385,360.0
1753617305897,11:55:05.897,bybit,AERGO/USDT:USDT,0.13382,32.0,0.13381,524.0,0.13384,845.0,0.13385,603.0
1753617306897,11:55:06.897,bybit,AERGO/USDT:USDT,0.13382,32.0,0.13381,524.0,0.13384,845.0,0.13385,603.0
1753617306996,11:55:06.996,bybit,AERGO/USDT:USDT,0.13382,32.0,0.13381,524.0,0.13384,845.0,0.13385,360.0
1753617307097,11:55:07.097,bybit,AERGO/USDT:USDT,0.13382,32.0,0.13381,524.0,0.13384,845.0,0.13385,360.0
1753617307197,11:55:07.197,bybit,AERGO/USDT:USDT,0.13382,32.0,0.13381,524.0,0.13384,845.0,0.13385,360.0
1753617308099,11:55:08.099,bybit,AERGO/USDT:USDT,0.13382,32.0,0.13381,524.0,0.13384,845.0,0.13385,603.0
1753617308797,11:55:08.797,bybit,AERGO/USDT:USDT,0.13382,32.0,0.13381,524.0,0.13384,845.0,0.13385,603.0
1753617308896,11:55:08.896,bybit,AERGO/USDT:USDT,0.13382,32.0,0.13381,524.0,0.13384,845.0,0.13385,603.0
1753617309797,11:55:09.797,bybit,AERGO/USDT:USDT,0.13382,32.0,0.13381,524.0,0.13383,442.0,0.13384,902.0
1753617309897,11:55:09.897,bybit,AERGO/USDT:USDT,0.13382,32.0,0.13381,524.0,0.13384,845.0,0.13385,603.0
1753617309997,11:55:09.997,bybit,AERGO/USDT:USDT,0.13382,32.0,0.13381,524.0,0.13384,845.0,0.13385,603.0
1753617310096,11:55:10.096,bybit,AERGO/USDT:USDT,0.13382,32.0,0.13381,524.0,0.13384,845.0,0.13385,603.0
1753617310698,11:55:10.698,bybit,AERGO/USDT:USDT,0.13382,32.0,0.13381,524.0,0.13384,855.0,0.13385,603.0
1753617310997,11:55:10.997,bybit,AERGO/USDT:USDT,0.13382,32.0,0.13381,524.0,0.13384,855.0,0.13385,603.0
1753617312100,11:55:12.100,bybit,AERGO/USDT:USDT,0.13382,32.0,0.13381,524.0,0.13384,855.0,0.13385,603.0
1753617312198,11:55:12.198,bybit,AERGO/USDT:USDT,0.13382,32.0,0.13381,524.0,0.13384,855.0,0.13385,603.0
1753617312297,11:55:12.297,bybit,AERGO/USDT:USDT,0.13382,32.0,0.13381,524.0,0.13384,855.0,0.13385,603.0
1753617312697,11:55:12.697,bybit,AERGO/USDT:USDT,0.13382,32.0,0.13381,524.0,0.13384,855.0,0.13385,603.0
1753617314297,11:55:14.297,bybit,AERGO/USDT:USDT,0.13382,32.0,0.13381,524.0,0.13384,855.0,0.13385,603.0
1753617315298,11:55:15.298,bybit,AERGO/USDT:USDT,0.13382,32.0,0.13381,524.0,0.13384,855.0,0.13385,603.0
1753617315697,11:55:15.697,bybit,AERGO/USDT:USDT,0.13382,32.0,0.13381,524.0,0.13384,855.0,0.13385,360.0
1753617316100,11:55:16.100,bybit,AERGO/USDT:USDT,0.13382,32.0,0.13381,524.0,0.13384,1034.0,0.13385,603.0
1753617316296,11:55:16.296,bybit,AERGO/USDT:USDT,0.13382,22.0,0.13381,524.0,0.13384,1034.0,0.13385,603.0
1753617316397,11:55:16.397,bybit,AERGO/USDT:USDT,0.13382,22.0,0.13381,524.0,0.13384,1034.0,0.13385,603.0
1753617316597,11:55:16.597,bybit,AERGO/USDT:USDT,0.13382,22.0,0.13381,524.0,0.13384,1023.0,0.13385,603.0
1753617316697,11:55:16.697,bybit,AERGO/USDT:USDT,0.13382,22.0,0.13381,524.0,0.13383,10.0,0.13384,1080.0
1753617316797,11:55:16.797,bybit,AERGO/USDT:USDT,0.13381,119.0,0.13379,112.0,0.13383,580.0,0.13384,1080.0
1753617316897,11:55:16.897,bybit,AERGO/USDT:USDT,0.13381,119.0,0.13379,55.0,0.13383,580.0,0.13384,1080.0
1753617316997,11:55:16.997,bybit,AERGO/USDT:USDT,0.13381,119.0,0.13379,55.0,0.13383,580.0,0.13384,1080.0
1753617317097,11:55:17.097,bybit,AERGO/USDT:USDT,0.13381,119.0,0.13379,55.0,0.13383,580.0,0.13384,1080.0
1753617317197,11:55:17.197,bybit,AERGO/USDT:USDT,0.13381,567.0,0.13379,55.0,0.13383,580.0,0.13384,1080.0
1753617317297,11:55:17.297,bybit,AERGO/USDT:USDT,0.13381,448.0,0.13378,116.0,0.13383,580.0,0.13384,1080.0
1753617317397,11:55:17.397,bybit,AERGO/USDT:USDT,0.13381,448.0,0.13378,116.0,0.13383,580.0,0.13384,1080.0
1753617317796,11:55:17.796,bybit,AERGO/USDT:USDT,0.13381,464.0,0.13378,116.0,0.13383,580.0,0.13384,1080.0
1753617317897,11:55:17.897,bybit,AERGO/USDT:USDT,0.13381,464.0,0.13378,116.0,0.13383,580.0,0.13384,1080.0
1753617318397,11:55:18.397,bybit,AERGO/USDT:USDT,0.13381,464.0,0.13378,116.0,0.13383,401.0,0.13384,901.0
1753617318997,11:55:18.997,bybit,AERGO/USDT:USDT,0.13381,464.0,0.13378,116.0,0.13382,21.0,0.13383,57.0
1753617319097,11:55:19.097,bybit,AERGO/USDT:USDT,0.13381,464.0,0.13378,116.0,0.13382,21.0,0.13383,57.0
1753617319997,11:55:19.997,bybit,AERGO/USDT:USDT,0.13381,464.0,0.13378,116.0,0.13382,21.0,0.13383,57.0
1753617320299,11:55:20.299,bybit,AERGO/USDT:USDT,0.13381,16.0,0.1338,391.0,0.13382,640.0,0.13383,603.0
1753617320597,11:55:20.597,bybit,AERGO/USDT:USDT,0.13381,16.0,0.1338,391.0,0.13382,198.0,0.13383,603.0
1753617320697,11:55:20.697,bybit,AERGO/USDT:USDT,0.13381,16.0,0.1338,391.0,0.13382,640.0,0.13383,603.0
1753617320797,11:55:20.797,bybit,AERGO/USDT:USDT,0.1338,409.0,0.13378,59.0,0.13382,640.0,0.13383,603.0
1753617320897,11:55:20.897,bybit,AERGO/USDT:USDT,0.1338,18.0,0.13377,84.0,0.13382,640.0,0.13383,603.0
1753617320997,11:55:20.997,bybit,AERGO/USDT:USDT,0.1338,18.0,0.13377,84.0,0.13381,621.0,0.13382,991.0
1753617321097,11:55:21.097,bybit,AERGO/USDT:USDT,0.1338,18.0,0.13377,84.0,0.13381,621.0,0.13382,991.0
1753617321197,11:55:21.197,bybit,AERGO/USDT:USDT,0.1338,18.0,0.13379,450.0,0.13381,621.0,0.13382,549.0
1753617321398,11:55:21.398,bybit,AERGO/USDT:USDT,0.13379,450.0,0.13377,84.0,0.1338,177.0,0.13381,981.0
1753617321497,11:55:21.497,bybit,AERGO/USDT:USDT,0.13379,450.0,0.13377,84.0,0.1338,177.0,0.13381,981.0
1753617321697,11:55:21.697,bybit,AERGO/USDT:USDT,0.13379,450.0,0.13377,84.0,0.1338,177.0,0.13381,539.0
1753617321796,11:55:21.796,bybit,AERGO/USDT:USDT,0.13379,464.0,0.13377,84.0,0.1338,177.0,0.13381,539.0
1753617322097,11:55:22.097,bybit,AERGO/USDT:USDT,0.13379,464.0,0.13377,84.0,0.1338,177.0,0.13381,539.0
1753617322297,11:55:22.297,bybit,AERGO/USDT:USDT,0.13379,464.0,0.13377,27.0,0.1338,177.0,0.13381,539.0
1753617322797,11:55:22.797,bybit,AERGO/USDT:USDT,0.13379,464.0,0.13376,161.0,0.1338,177.0,0.13381,539.0
1753617323497,11:55:23.497,bybit,AERGO/USDT:USDT,0.13379,464.0,0.13376,161.0,0.1338,177.0,0.13381,539.0
1753617323598,11:55:23.598,bybit,AERGO/USDT:USDT,0.13376,704.0,0.13375,3101.0,0.13379,138.0,0.1338,234.0
1753617323897,11:55:23.897,bybit,AERGO/USDT:USDT,0.13379,14.0,0.13378,389.0,0.1338,314.0,0.13381,360.0
1753617324100,11:55:24.100,bybit,AERGO/USDT:USDT,0.13379,14.0,0.13378,389.0,0.1338,314.0,0.13381,360.0
1753617324197,11:55:24.197,bybit,AERGO/USDT:USDT,0.13378,409.0,0.13376,761.0,0.1338,137.0,0.13381,57.0
1753617324497,11:55:24.497,bybit,AERGO/USDT:USDT,0.13378,409.0,0.13377,57.0,0.1338,137.0,0.13381,57.0
1753617324598,11:55:24.598,bybit,AERGO/USDT:USDT,0.13378,409.0,0.13377,57.0,0.1338,137.0,0.13381,57.0
1753617324697,11:55:24.697,bybit,AERGO/USDT:USDT,0.13378,409.0,0.13377,300.0,0.1338,137.0,0.13381,57.0
1753617325196,11:55:25.196,bybit,AERGO/USDT:USDT,0.13378,409.0,0.13377,75.0,0.1338,137.0,0.13381,57.0
1753617325397,11:55:25.397,bybit,AERGO/USDT:USDT,0.13378,409.0,0.13377,75.0,0.1338,137.0,0.13381,57.0
1753617325497,11:55:25.497,bybit,AERGO/USDT:USDT,0.13378,409.0,0.13377,18.0,0.1338,137.0,0.13381,57.0
1753617325697,11:55:25.697,bybit,AERGO/USDT:USDT,0.13378,409.0,0.13376,767.0,0.1338,137.0,0.13381,57.0
1753617326801,11:55:26.801,bybit,AERGO/USDT:USDT,0.13378,409.0,0.13376,767.0,0.1338,137.0,0.13381,57.0
1753617326897,11:55:26.897,bybit,AERGO/USDT:USDT,0.13378,409.0,0.13376,767.0,0.1338,137.0,0.13381,57.0
1753617327096,11:55:27.096,bybit,AERGO/USDT:USDT,0.13378,409.0,0.13376,767.0,0.1338,137.0,0.13381,57.0
1753617327297,11:55:27.297,bybit,AERGO/USDT:USDT,0.13378,409.0,0.13376,767.0,0.1338,137.0,0.13381,57.0
1753617327397,11:55:27.397,bybit,AERGO/USDT:USDT,0.13378,409.0,0.13376,1253.0,0.1338,137.0,0.13381,57.0
1753617328297,11:55:28.297,bybit,AERGO/USDT:USDT,0.13379,10.0,0.13378,409.0,0.1338,137.0,0.13381,57.0
1753617328397,11:55:28.397,bybit,AERGO/USDT:USDT,0.13379,10.0,0.13378,409.0,0.1338,137.0,0.13381,57.0
1753617328597,11:55:28.597,bybit,AERGO/USDT:USDT,0.13379,10.0,0.13378,409.0,0.1338,137.0,0.13381,57.0
1753617328797,11:55:28.797,bybit,AERGO/USDT:USDT,0.13379,10.0,0.13378,409.0,0.1338,137.0,0.13381,57.0
1753617328897,11:55:28.897,bybit,AERGO/USDT:USDT,0.13379,10.0,0.13378,409.0,0.1338,137.0,0.13381,57.0
1753617329797,11:55:29.797,bybit,AERGO/USDT:USDT,0.13379,10.0,0.13378,409.0,0.1338,137.0,0.13381,57.0
1753617329896,11:55:29.896,bybit,AERGO/USDT:USDT,0.13379,10.0,0.13378,409.0,0.1338,137.0,0.13381,57.0
1753617331097,11:55:31.097,bybit,AERGO/USDT:USDT,0.13379,10.0,0.13378,409.0,0.1338,137.0,0.13381,57.0
1753617331198,11:55:31.198,bybit,AERGO/USDT:USDT,0.13379,10.0,0.13378,20.0,0.1338,937.0,0.13381,606.0
1753617331297,11:55:31.297,bybit,AERGO/USDT:USDT,0.13379,10.0,0.13378,20.0,0.1338,937.0,0.13381,606.0
1753617331397,11:55:31.397,bybit,AERGO/USDT:USDT,0.13379,10.0,0.13378,20.0,0.1338,937.0,0.13381,606.0
1753617331597,11:55:31.597,bybit,AERGO/USDT:USDT,0.13379,10.0,0.13378,20.0,0.1338,937.0,0.13381,606.0
1753617331697,11:55:31.697,bybit,AERGO/USDT:USDT,0.13379,10.0,0.13377,482.0,0.1338,937.0,0.13381,606.0
1753617331997,11:55:31.997,bybit,AERGO/USDT:USDT,0.13379,10.0,0.13377,482.0,0.1338,937.0,0.13381,606.0
1753617332197,11:55:32.197,bybit,AERGO/USDT:USDT,0.13379,10.0,0.13377,482.0,0.1338,772.0,0.13381,606.0
1753617332896,11:55:32.896,bybit,AERGO/USDT:USDT,0.13379,10.0,0.13377,482.0,0.1338,772.0,0.13381,606.0
1753617332998,11:55:32.998,bybit,AERGO/USDT:USDT,0.13379,10.0,0.13377,482.0,0.1338,772.0,0.13381,606.0
1753617333097,11:55:33.097,bybit,AERGO/USDT:USDT,0.13379,10.0,0.13377,482.0,0.1338,772.0,0.13381,606.0
1753617333197,11:55:33.197,bybit,AERGO/USDT:USDT,0.13379,10.0,0.13377,482.0,0.1338,937.0,0.13381,4404.0
1753617333297,11:55:33.297,bybit,AERGO/USDT:USDT,0.13379,10.0,0.13377,482.0,0.1338,1020.0,0.13381,4404.0
1753617333697,11:55:33.697,bybit,AERGO/USDT:USDT,0.13379,19.0,0.13377,482.0,0.1338,1020.0,0.13381,4404.0
1753617334697,11:55:34.697,bybit,AERGO/USDT:USDT,0.13379,19.0,0.13377,30.0,0.1338,1020.0,0.13381,4404.0
1753617334897,11:55:34.897,bybit,AERGO/USDT:USDT,0.13379,19.0,0.13377,416.0,0.1338,1020.0,0.13381,4404.0
1753617334996,11:55:34.996,bybit,AERGO/USDT:USDT,0.13379,19.0,0.13377,416.0,0.1338,1020.0,0.13381,4404.0
1753617335096,11:55:35.096,bybit,AERGO/USDT:USDT,0.13379,19.0,0.13377,416.0,0.1338,1020.0,0.13381,4404.0
1753617335197,11:55:35.197,bybit,AERGO/USDT:USDT,0.13379,19.0,0.13377,416.0,0.1338,1020.0,0.13381,4404.0
1753617335296,11:55:35.296,bybit,AERGO/USDT:USDT,0.13379,19.0,0.13377,416.0,0.1338,1020.0,0.13381,4404.0
1753617335697,11:55:35.697,bybit,AERGO/USDT:USDT,0.13379,19.0,0.13377,416.0,0.1338,1020.0,0.13381,4404.0
1753617335997,11:55:35.997,bybit,AERGO/USDT:USDT,0.13379,19.0,0.13377,416.0,0.1338,1020.0,0.13381,4404.0
1753617336797,11:55:36.797,bybit,AERGO/USDT:USDT,0.13379,19.0,0.13377,416.0,0.1338,1107.0,0.13381,4404.0
1753617337197,11:55:37.197,bybit,AERGO/USDT:USDT,0.13379,19.0,0.13377,30.0,0.1338,1107.0,0.13381,4404.0
1753617337296,11:55:37.296,bybit,AERGO/USDT:USDT,0.13379,19.0,0.13377,30.0,0.1338,1107.0,0.13381,4404.0
1753617337397,11:55:37.397,bybit,AERGO/USDT:USDT,0.13379,19.0,0.13377,30.0,0.1338,1107.0,0.13381,4404.0
1753617337497,11:55:37.497,bybit,AERGO/USDT:USDT,0.13379,19.0,0.13377,30.0,0.1338,1107.0,0.13381,4404.0
1753617337697,11:55:37.697,bybit,AERGO/USDT:USDT,0.13379,19.0,0.13376,524.0,0.1338,1107.0,0.13381,4404.0
1753617337797,11:55:37.797,bybit,AERGO/USDT:USDT,0.13379,19.0,0.13376,524.0,0.1338,1122.0,0.13381,4404.0
1753617338097,11:55:38.097,bybit,AERGO/USDT:USDT,0.13379,19.0,0.13376,524.0,0.1338,1122.0,0.13381,4404.0
1753617338196,11:55:38.196,bybit,AERGO/USDT:USDT,0.13379,19.0,0.13376,524.0,0.1338,1122.0,0.13381,4404.0
1753617339097,11:55:39.097,bybit,AERGO/USDT:USDT,0.13379,19.0,0.13376,524.0,0.1338,1122.0,0.13381,4404.0
1753617340296,11:55:40.296,bybit,AERGO/USDT:USDT,0.13379,19.0,0.13376,524.0,0.1338,1122.0,0.13381,4404.0
1753617340497,11:55:40.497,bybit,AERGO/USDT:USDT,0.13379,19.0,0.13376,524.0,0.1338,1144.0,0.13381,4404.0
1753617341497,11:55:41.497,bybit,AERGO/USDT:USDT,0.13379,19.0,0.13376,524.0,0.1338,1144.0,0.13381,4404.0
1753617342597,11:55:42.597,bybit,AERGO/USDT:USDT,0.13379,19.0,0.13376,524.0,0.1338,1144.0,0.13381,4404.0
1753617343097,11:55:43.097,bybit,AERGO/USDT:USDT,0.13379,19.0,0.13376,524.0,0.1338,1144.0,0.13381,4404.0
1753617343197,11:55:43.197,bybit,AERGO/USDT:USDT,0.13379,19.0,0.13376,524.0,0.1338,1144.0,0.13381,4404.0
1753617344096,11:55:44.096,bybit,AERGO/USDT:USDT,0.13379,19.0,0.13376,524.0,0.1338,1144.0,0.13381,4404.0
1753617344197,11:55:44.197,bybit,AERGO/USDT:USDT,0.13379,19.0,0.13376,524.0,0.1338,1144.0,0.13381,4404.0
1753617344997,11:55:44.997,bybit,AERGO/USDT:USDT,0.13379,19.0,0.13376,524.0,0.1338,979.0,0.13381,4133.0
1753617345096,11:55:45.096,bybit,AERGO/USDT:USDT,0.13379,19.0,0.13376,524.0,0.1338,1144.0,0.13381,4376.0
1753617345197,11:55:45.197,bybit,AERGO/USDT:USDT,0.13379,19.0,0.13376,524.0,0.1338,1064.0,0.13381,4376.0
1753617345397,11:55:45.397,bybit,AERGO/USDT:USDT,0.13379,19.0,0.13376,524.0,0.1338,899.0,0.13381,4376.0
1753617345596,11:55:45.596,bybit,AERGO/USDT:USDT,0.13379,19.0,0.13376,524.0,0.1338,906.0,0.13381,4376.0
1753617345997,11:55:45.997,bybit,AERGO/USDT:USDT,0.13379,19.0,0.13376,524.0,0.1338,1071.0,0.13381,4376.0
1753617346798,11:55:46.798,bybit,AERGO/USDT:USDT,0.13379,9.0,0.13378,401.0,0.1338,742.0,0.13381,3855.0
1753617346896,11:55:46.896,bybit,AERGO/USDT:USDT,0.13379,9.0,0.13378,401.0,0.1338,747.0,0.13381,3855.0
1753617346997,11:55:46.997,bybit,AERGO/USDT:USDT,0.13379,9.0,0.13376,58.0,0.1338,911.0,0.13381,4376.0
1753617347097,11:55:47.097,bybit,AERGO/USDT:USDT,0.13379,9.0,0.13376,58.0,0.1338,911.0,0.13381,4376.0
1753617347197,11:55:47.197,bybit,AERGO/USDT:USDT,0.13377,410.0,0.13374,9509.0,0.1338,1076.0,0.13381,4376.0
1753617347296,11:55:47.296,bybit,AERGO/USDT:USDT,0.13377,410.0,0.13374,9752.0,0.1338,747.0,0.13381,4098.0
1753617347497,11:55:47.497,bybit,AERGO/USDT:USDT,0.13377,410.0,0.13374,9752.0,0.1338,747.0,0.13381,3855.0
1753617347696,11:55:47.696,bybit,AERGO/USDT:USDT,0.13377,429.0,0.13374,9752.0,0.1338,747.0,0.13381,3855.0
1753617347797,11:55:47.797,bybit,AERGO/USDT:USDT,0.13379,423.0,0.13377,167.0,0.1338,768.0,0.13381,57.0
1753617347997,11:55:47.997,bybit,AERGO/USDT:USDT,0.13379,898.0,0.13378,541.0,0.1338,219.0,0.13381,57.0
1753617348097,11:55:48.097,bybit,AERGO/USDT:USDT,0.13379,898.0,0.13378,541.0,0.1338,219.0,0.13381,57.0
1753617348197,11:55:48.197,bybit,AERGO/USDT:USDT,0.13379,1304.0,0.13378,558.0,0.1338,636.0,0.13381,57.0
1753617348297,11:55:48.297,bybit,AERGO/USDT:USDT,0.13379,1304.0,0.13378,558.0,0.1338,636.0,0.13381,57.0
1753617348498,11:55:48.498,bybit,AERGO/USDT:USDT,0.13379,1304.0,0.13378,558.0,0.1338,636.0,0.13381,57.0
1753617348597,11:55:48.597,bybit,AERGO/USDT:USDT,0.13379,1304.0,0.13378,558.0,0.1338,636.0,0.13381,57.0
1753617348697,11:55:48.697,bybit,AERGO/USDT:USDT,0.13379,1304.0,0.13378,558.0,0.1338,636.0,0.13381,57.0
1753617350099,11:55:50.099,bybit,AERGO/USDT:USDT,0.13379,1304.0,0.13378,558.0,0.1338,636.0,0.13381,57.0
1753617350797,11:55:50.797,bybit,AERGO/USDT:USDT,0.13379,1154.0,0.13378,315.0,0.1338,636.0,0.13381,57.0
1753617350897,11:55:50.897,bybit,AERGO/USDT:USDT,0.13379,1154.0,0.13378,315.0,0.1338,636.0,0.13381,57.0
1753617351097,11:55:51.097,bybit,AERGO/USDT:USDT,0.13379,1154.0,0.13378,315.0,0.1338,636.0,0.13381,57.0
1753617351197,11:55:51.197,bybit,AERGO/USDT:USDT,0.13379,1154.0,0.13378,315.0,0.1338,636.0,0.13381,57.0
1753617352097,11:55:52.097,bybit,AERGO/USDT:USDT,0.13379,1154.0,0.13378,558.0,0.1338,646.0,0.13381,57.0
1753617352797,11:55:52.797,bybit,AERGO/USDT:USDT,0.13379,1154.0,0.13378,558.0,0.1338,646.0,0.13381,57.0
1753617352897,11:55:52.897,bybit,AERGO/USDT:USDT,0.13379,1154.0,0.13378,315.0,0.1338,646.0,0.13381,57.0
1753617356597,11:55:56.597,bybit,AERGO/USDT:USDT,0.13379,1006.0,0.13378,17.0,0.1338,646.0,0.13381,300.0
1753617356697,11:55:56.697,bybit,AERGO/USDT:USDT,0.13379,1006.0,0.13378,17.0,0.1338,646.0,0.13381,543.0
1753617356797,11:55:56.797,bybit,AERGO/USDT:USDT,0.13379,1006.0,0.13378,17.0,0.1338,646.0,0.13381,300.0
1753617356897,11:55:56.897,bybit,AERGO/USDT:USDT,0.13379,1006.0,0.13378,17.0,0.1338,646.0,0.13381,543.0
1753617357097,11:55:57.097,bybit,AERGO/USDT:USDT,0.13379,1006.0,0.13378,17.0,0.1338,646.0,0.13381,300.0
1753617357697,11:55:57.697,bybit,AERGO/USDT:USDT,0.13379,1006.0,0.13375,5094.0,0.1338,646.0,0.13381,300.0
1753617357796,11:55:57.796,bybit,AERGO/USDT:USDT,0.13379,1006.0,0.13375,5337.0,0.1338,646.0,0.13381,300.0
1753617358100,11:55:58.100,bybit,AERGO/USDT:USDT,0.13379,1006.0,0.13375,5094.0,0.1338,646.0,0.13381,543.0
1753617358297,11:55:58.297,bybit,AERGO/USDT:USDT,0.13379,15.0,0.13375,5094.0,0.1338,646.0,0.13381,543.0
1753617358398,11:55:58.398,bybit,AERGO/USDT:USDT,0.13379,15.0,0.13375,131.0,0.1338,2835.0,0.13381,300.0
1753617358497,11:55:58.497,bybit,AERGO/USDT:USDT,0.13379,15.0,0.13375,131.0,0.1338,726.0,0.13381,300.0
1753617358597,11:55:58.597,bybit,AERGO/USDT:USDT,0.13379,15.0,0.13378,454.0,0.1338,726.0,0.13381,300.0
1753617358897,11:55:58.897,bybit,AERGO/USDT:USDT,0.13378,454.0,0.13375,2819.0,0.1338,726.0,0.13381,300.0
1753617359197,11:55:59.197,bybit,AERGO/USDT:USDT,0.13378,485.0,0.13375,2851.0,0.1338,646.0,0.13381,300.0
1753617359397,11:55:59.397,bybit,AERGO/USDT:USDT,0.13378,485.0,0.13375,2851.0,0.1338,646.0,0.13381,57.0
1753617359497,11:55:59.497,bybit,AERGO/USDT:USDT,0.13378,485.0,0.13375,3094.0,0.1338,646.0,0.13381,57.0
1753617360097,11:56:00.097,bybit,AERGO/USDT:USDT,0.13378,485.0,0.13376,486.0,0.1338,646.0,0.13381,57.0
1753617360697,11:56:00.697,bybit,AERGO/USDT:USDT,0.13378,485.0,0.13376,518.0,0.1338,646.0,0.13381,57.0
1753617360997,11:56:00.997,bybit,AERGO/USDT:USDT,0.13378,485.0,0.13377,243.0,0.1338,646.0,0.13381,57.0
1753617361097,11:56:01.097,bybit,AERGO/USDT:USDT,0.13378,485.0,0.13377,243.0,0.1338,646.0,0.13381,57.0
1753617361198,11:56:01.198,bybit,AERGO/USDT:USDT,0.13378,485.0,0.13377,264.0,0.1338,646.0,0.13381,57.0
1753617361297,11:56:01.297,bybit,AERGO/USDT:USDT,0.13378,485.0,0.13377,264.0,0.1338,646.0,0.13381,57.0
1753617361397,11:56:01.397,bybit,AERGO/USDT:USDT,0.13378,485.0,0.13377,264.0,0.1338,646.0,0.13381,57.0
1753617361697,11:56:01.697,bybit,AERGO/USDT:USDT,0.13378,485.0,0.13377,264.0,0.1338,646.0,0.13381,57.0
1753617362298,11:56:02.298,bybit,AERGO/USDT:USDT,0.13378,485.0,0.13377,264.0,0.1338,646.0,0.13381,57.0
1753617362397,11:56:02.397,bybit,AERGO/USDT:USDT,0.13378,485.0,0.13377,21.0,0.1338,646.0,0.13381,57.0
1753617362497,11:56:02.497,bybit,AERGO/USDT:USDT,0.13378,485.0,0.13377,21.0,0.1338,813.0,0.13381,571.0
1753617362697,11:56:02.697,bybit,AERGO/USDT:USDT,0.13378,485.0,0.13374,9566.0,0.1338,813.0,0.13381,571.0
1753617363197,11:56:03.197,bybit,AERGO/USDT:USDT,0.13378,485.0,0.13375,323.0,0.1338,646.0,0.13381,300.0
1753617363696,11:56:03.696,bybit,AERGO/USDT:USDT,0.13378,485.0,0.13376,243.0,0.1338,646.0,0.13381,57.0
1753617363797,11:56:03.797,bybit,AERGO/USDT:USDT,0.13378,485.0,0.13375,593.0,0.1338,646.0,0.13381,57.0
1753617363896,11:56:03.896,bybit,AERGO/USDT:USDT,0.13378,485.0,0.13375,107.0,0.1338,646.0,0.13381,300.0
1753617364397,11:56:04.397,bybit,AERGO/USDT:USDT,0.13378,485.0,0.13376,486.0,0.1338,646.0,0.13381,57.0
1753617364497,11:56:04.497,bybit,AERGO/USDT:USDT,0.13378,485.0,0.13376,243.0,0.1338,646.0,0.13381,300.0
1753617364597,11:56:04.597,bybit,AERGO/USDT:USDT,0.13378,485.0,0.13375,350.0,0.1338,646.0,0.13381,300.0
1753617364697,11:56:04.697,bybit,AERGO/USDT:USDT,0.13378,485.0,0.13376,284.0,0.1338,646.0,0.13381,300.0
1753617364796,11:56:04.796,bybit,AERGO/USDT:USDT,0.13378,485.0,0.13376,41.0,0.1338,646.0,0.13381,300.0
1753617365098,11:56:05.098,bybit,AERGO/USDT:USDT,0.13378,485.0,0.13376,41.0,0.1338,646.0,0.13381,338.0
1753617365197,11:56:05.197,bybit,AERGO/USDT:USDT,0.13378,485.0,0.13376,486.0,0.1338,646.0,0.13381,95.0
1753617365397,11:56:05.397,bybit,AERGO/USDT:USDT,0.13378,485.0,0.13376,243.0,0.13379,442.0,0.1338,703.0
1753617365496,11:56:05.496,bybit,AERGO/USDT:USDT,0.13378,485.0,0.13375,238.0,0.13379,442.0,0.1338,1189.0
1753617365597,11:56:05.597,bybit,AERGO/USDT:USDT,0.13378,485.0,0.13375,238.0,0.13379,442.0,0.1338,1189.0
1753617365697,11:56:05.697,bybit,AERGO/USDT:USDT,0.13378,485.0,0.13375,238.0,0.13379,442.0,0.1338,1189.0
1753617365896,11:56:05.896,bybit,AERGO/USDT:USDT,0.13378,485.0,0.13375,238.0,0.13379,442.0,0.1338,1189.0
1753617365997,11:56:05.997,bybit,AERGO/USDT:USDT,0.13378,485.0,0.13375,481.0,0.1338,889.0,0.13381,581.0
1753617366798,11:56:06.798,bybit,AERGO/USDT:USDT,0.13376,382.0,0.13375,158.0,0.13377,433.0,0.13378,57.0
1753617366896,11:56:06.896,bybit,AERGO/USDT:USDT,0.13376,382.0,0.13375,158.0,0.13377,433.0,0.13378,57.0
1753617366997,11:56:06.997,bybit,AERGO/USDT:USDT,0.13376,382.0,0.13375,158.0,0.13377,433.0,0.13378,57.0
1753617367097,11:56:07.097,bybit,AERGO/USDT:USDT,0.13376,382.0,0.13375,158.0,0.13377,433.0,0.13378,57.0
1753617367297,11:56:07.297,bybit,AERGO/USDT:USDT,0.13376,382.0,0.13374,9641.0,0.13377,433.0,0.13378,57.0
1753617367497,11:56:07.497,bybit,AERGO/USDT:USDT,0.13376,382.0,0.13374,9641.0,0.13377,433.0,0.13378,57.0
1753617367797,11:56:07.797,bybit,AERGO/USDT:USDT,0.13376,404.0,0.13374,10051.0,0.13377,433.0,0.13378,57.0
1753617367897,11:56:07.897,bybit,AERGO/USDT:USDT,0.13376,404.0,0.13374,10051.0,0.13377,433.0,0.13378,57.0
1753617369497,11:56:09.497,bybit,AERGO/USDT:USDT,0.13376,404.0,0.13374,10051.0,0.13377,523.0,0.13378,57.0
1753617369597,11:56:09.597,bybit,AERGO/USDT:USDT,0.13376,404.0,0.13374,10051.0,0.13377,523.0,0.13378,57.0
1753617369698,11:56:09.698,bybit,AERGO/USDT:USDT,0.13376,404.0,0.13374,10051.0,0.13377,523.0,0.13378,57.0
1753617370297,11:56:10.297,bybit,AERGO/USDT:USDT,0.13376,404.0,0.13374,9994.0,0.13377,523.0,0.13378,57.0
1753617370397,11:56:10.397,bybit,AERGO/USDT:USDT,0.13376,404.0,0.13374,9994.0,0.13377,523.0,0.13378,57.0
1753617373198,11:56:13.198,bybit,AERGO/USDT:USDT,0.13376,404.0,0.13374,9994.0,0.13377,523.0,0.13378,57.0
1753617373397,11:56:13.397,bybit,AERGO/USDT:USDT,0.13376,404.0,0.13374,9508.0,0.13377,523.0,0.13378,57.0
1753617373497,11:56:13.497,bybit,AERGO/USDT:USDT,0.13376,404.0,0.13374,9508.0,0.13377,523.0,0.13378,57.0
1753617373797,11:56:13.797,bybit,AERGO/USDT:USDT,0.13376,404.0,0.13375,243.0,0.13377,523.0,0.13378,57.0
1753617373997,11:56:13.997,bybit,AERGO/USDT:USDT,0.13376,404.0,0.13375,243.0,0.13377,523.0,0.13378,57.0
1753617374297,11:56:14.297,bybit,AERGO/USDT:USDT,0.13376,404.0,0.13375,322.0,0.13377,523.0,0.13378,57.0
1753617374397,11:56:14.397,bybit,AERGO/USDT:USDT,0.13376,404.0,0.13375,322.0,0.13377,523.0,0.13378,57.0
1753617374497,11:56:14.497,bybit,AERGO/USDT:USDT,0.13376,404.0,0.13375,322.0,0.13377,523.0,0.13378,57.0
1753617375397,11:56:15.397,bybit,AERGO/USDT:USDT,0.13376,404.0,0.13375,322.0,0.13377,523.0,0.13378,57.0
1753617376496,11:56:16.496,bybit,AERGO/USDT:USDT,0.13376,404.0,0.13375,322.0,0.13377,523.0,0.13378,57.0
1753617376797,11:56:16.797,bybit,AERGO/USDT:USDT,0.13376,552.0,0.13375,3584.0,0.13377,90.0,0.13378,57.0
1753617377297,11:56:17.297,bybit,AERGO/USDT:USDT,0.13376,552.0,0.13375,3584.0,0.13377,90.0,0.13378,57.0
1753617377497,11:56:17.497,bybit,AERGO/USDT:USDT,0.13376,552.0,0.13375,3584.0,0.13377,90.0,0.13378,57.0
1753617378297,11:56:18.297,bybit,AERGO/USDT:USDT,0.13376,552.0,0.13375,3584.0,0.13377,90.0,0.13378,57.0
1753617379197,11:56:19.197,bybit,AERGO/USDT:USDT,0.13376,404.0,0.13375,3584.0,0.13377,90.0,0.13378,57.0
1753617379497,11:56:19.497,bybit,AERGO/USDT:USDT,0.13376,404.0,0.13375,3044.0,0.13377,497.0,0.13378,57.0
1753617379797,11:56:19.797,bybit,AERGO/USDT:USDT,0.13376,404.0,0.13375,3287.0,0.13377,497.0,0.13378,57.0
1753617379897,11:56:19.897,bybit,AERGO/USDT:USDT,0.13376,404.0,0.13375,3287.0,0.13377,90.0,0.13378,57.0
1753617380099,11:56:20.099,bybit,AERGO/USDT:USDT,0.13376,404.0,0.13375,3044.0,0.13377,538.0,0.13378,57.0
1753617380197,11:56:20.197,bybit,AERGO/USDT:USDT,0.13376,404.0,0.13375,3044.0,0.13377,538.0,0.13378,57.0
1753617380397,11:56:20.397,bybit,AERGO/USDT:USDT,0.13376,404.0,0.13375,3044.0,0.13377,538.0,0.13378,57.0
1753617380997,11:56:20.997,bybit,AERGO/USDT:USDT,0.13376,404.0,0.13375,3044.0,0.13377,538.0,0.13378,57.0
1753617381697,11:56:21.697,bybit,AERGO/USDT:USDT,0.13376,404.0,0.13375,79.0,0.13377,538.0,0.13378,57.0
1753617381797,11:56:21.797,bybit,AERGO/USDT:USDT,0.13376,404.0,0.13375,2898.0,0.13377,538.0,0.13378,57.0
1753617382297,11:56:22.297,bybit,AERGO/USDT:USDT,0.13376,404.0,0.13375,2898.0,0.13377,533.0,0.13378,57.0
1753617382998,11:56:22.998,bybit,AERGO/USDT:USDT,0.13376,404.0,0.13375,2898.0,0.13377,533.0,0.13378,57.0
1753617383097,11:56:23.097,bybit,AERGO/USDT:USDT,0.13376,404.0,0.13375,2898.0,0.13377,533.0,0.13378,57.0
1753617383797,11:56:23.797,bybit,AERGO/USDT:USDT,0.13375,506.0,0.13374,9398.0,0.13376,586.0,0.13377,533.0
1753617383897,11:56:23.897,bybit,AERGO/USDT:USDT,0.13375,506.0,0.13374,9398.0,0.13376,586.0,0.13377,533.0
1753617383997,11:56:23.997,bybit,AERGO/USDT:USDT,0.13375,506.0,0.13374,9398.0,0.13376,586.0,0.13377,590.0
1753617384297,11:56:24.297,bybit,AERGO/USDT:USDT,0.13375,506.0,0.13374,9398.0,0.13376,586.0,0.13377,590.0
1753617384397,11:56:24.397,bybit,AERGO/USDT:USDT,0.13375,506.0,0.13374,9398.0,0.13376,586.0,0.13377,590.0
1753617384497,11:56:24.497,bybit,AERGO/USDT:USDT,0.13375,506.0,0.13374,9520.0,0.13376,586.0,0.13377,590.0
1753617386998,11:56:26.998,bybit,AERGO/USDT:USDT,0.13375,506.0,0.13374,9520.0,0.13376,586.0,0.13377,590.0
1753617387897,11:56:27.897,bybit,AERGO/USDT:USDT,0.13375,506.0,0.13374,9520.0,0.13376,618.0,0.13377,590.0
1753617389197,11:56:29.197,bybit,AERGO/USDT:USDT,0.13375,506.0,0.13374,10006.0,0.13376,618.0,0.13377,590.0
1753617389697,11:56:29.697,bybit,AERGO/USDT:USDT,0.13375,506.0,0.13374,10006.0,0.13376,618.0,0.13377,590.0
1753617389897,11:56:29.897,bybit,AERGO/USDT:USDT,0.13375,506.0,0.13374,10006.0,0.13376,618.0,0.13377,590.0
1753617390396,11:56:30.396,bybit,AERGO/USDT:USDT,0.13375,506.0,0.13374,9763.0,0.13376,618.0,0.13377,590.0
1753617390497,11:56:30.497,bybit,AERGO/USDT:USDT,0.13375,506.0,0.13374,9520.0,0.13376,618.0,0.13377,590.0
1753617390796,11:56:30.796,bybit,AERGO/USDT:USDT,0.13375,506.0,0.13374,9463.0,0.13376,618.0,0.13377,590.0
1753617390897,11:56:30.897,bybit,AERGO/USDT:USDT,0.13375,506.0,0.13374,9463.0,0.13376,618.0,0.13377,833.0
1753617390997,11:56:30.997,bybit,AERGO/USDT:USDT,0.13375,506.0,0.13374,9463.0,0.13376,618.0,0.13377,833.0
1753617391097,11:56:31.097,bybit,AERGO/USDT:USDT,0.13375,506.0,0.13374,9463.0,0.13376,618.0,0.13377,590.0
1753617392097,11:56:32.097,bybit,AERGO/USDT:USDT,0.13375,506.0,0.13374,9463.0,0.13376,618.0,0.13377,590.0
1753617394697,11:56:34.697,bybit,AERGO/USDT:USDT,0.13375,506.0,0.13374,9463.0,0.13376,618.0,0.13377,590.0
1753617394910,11:56:34.910,bybit,AERGO/USDT:USDT,0.13375,506.0,0.13374,9463.0,0.13376,618.0,0.13377,590.0
1753617395097,11:56:35.097,bybit,AERGO/USDT:USDT,0.13375,506.0,0.13374,9463.0,0.13376,618.0,0.13377,590.0
1753617397297,11:56:37.297,bybit,AERGO/USDT:USDT,0.13375,506.0,0.13374,9463.0,0.13376,618.0,0.13377,590.0
1753617397398,11:56:37.398,bybit,AERGO/USDT:USDT,0.13375,79.0,0.13374,9463.0,0.13376,618.0,0.13377,533.0
1753617397497,11:56:37.497,bybit,AERGO/USDT:USDT,0.13375,79.0,0.13374,9520.0,0.13376,618.0,0.13377,533.0
1753617397597,11:56:37.597,bybit,AERGO/USDT:USDT,0.13375,540.0,0.13374,9463.0,0.13376,618.0,0.13377,533.0
1753617397797,11:56:37.797,bybit,AERGO/USDT:USDT,0.13375,540.0,0.13374,9463.0,0.13376,618.0,0.13377,590.0
1753617398297,11:56:38.297,bybit,AERGO/USDT:USDT,0.13375,540.0,0.13374,9463.0,0.13376,618.0,0.13377,590.0
1753617398397,11:56:38.397,bybit,AERGO/USDT:USDT,0.13375,540.0,0.13374,9463.0,0.13376,618.0,0.13377,590.0
1753617398497,11:56:38.497,bybit,AERGO/USDT:USDT,0.13375,540.0,0.13374,9463.0,0.13376,618.0,0.13377,590.0
1753617398797,11:56:38.797,bybit,AERGO/USDT:USDT,0.13375,540.0,0.13374,9463.0,0.13376,620.0,0.13377,590.0
1753617398897,11:56:38.897,bybit,AERGO/USDT:USDT,0.13375,540.0,0.13374,9463.0,0.13376,620.0,0.13377,590.0
1753617399597,11:56:39.597,bybit,AERGO/USDT:USDT,0.13375,540.0,0.13374,9463.0,0.13376,620.0,0.13377,590.0
1753617399697,11:56:39.697,bybit,AERGO/USDT:USDT,0.13375,540.0,0.13374,9463.0,0.13376,708.0,0.13377,505.0
1753617399997,11:56:39.997,bybit,AERGO/USDT:USDT,0.13375,540.0,0.13374,9463.0,0.13376,708.0,0.13377,505.0
1753617400099,11:56:40.099,bybit,AERGO/USDT:USDT,0.13375,540.0,0.13374,9463.0,0.13376,708.0,0.13377,748.0
1753617400197,11:56:40.197,bybit,AERGO/USDT:USDT,0.13375,540.0,0.13374,9463.0,0.13376,708.0,0.13377,748.0
1753617400497,11:56:40.497,bybit,AERGO/USDT:USDT,0.13375,540.0,0.13374,9463.0,0.13376,708.0,0.13377,691.0
1753617400597,11:56:40.597,bybit,AERGO/USDT:USDT,0.13375,540.0,0.13374,9949.0,0.13376,708.0,0.13377,448.0
1753617400998,11:56:40.998,bybit,AERGO/USDT:USDT,0.13375,540.0,0.13374,9463.0,0.13376,708.0,0.13377,448.0
1753617401097,11:56:41.097,bybit,AERGO/USDT:USDT,0.13375,540.0,0.13374,9463.0,0.13376,708.0,0.13377,448.0
1753617401197,11:56:41.197,bybit,AERGO/USDT:USDT,0.13375,540.0,0.13374,9463.0,0.13376,708.0,0.13377,448.0
1753617401298,11:56:41.298,bybit,AERGO/USDT:USDT,0.13375,540.0,0.13374,9463.0,0.13376,708.0,0.13377,448.0
1753617401397,11:56:41.397,bybit,AERGO/USDT:USDT,0.13375,540.0,0.13374,9463.0,0.13376,708.0,0.13377,448.0
1753617401598,11:56:41.598,bybit,AERGO/USDT:USDT,0.13375,540.0,0.13374,9463.0,0.13376,708.0,0.13377,448.0
1753617401697,11:56:41.697,bybit,AERGO/USDT:USDT,0.13375,540.0,0.13374,9463.0,0.13376,708.0,0.13377,448.0
1753617401997,11:56:41.997,bybit,AERGO/USDT:USDT,0.13375,540.0,0.13374,9463.0,0.13376,708.0,0.13377,448.0
1753617402097,11:56:42.097,bybit,AERGO/USDT:USDT,0.13375,540.0,0.13374,9949.0,0.13376,708.0,0.13377,448.0
1753617402197,11:56:42.197,bybit,AERGO/USDT:USDT,0.13375,540.0,0.13374,9706.0,0.13376,708.0,0.13377,448.0
1753617403197,11:56:43.197,bybit,AERGO/USDT:USDT,0.13375,540.0,0.13374,9463.0,0.13376,708.0,0.13377,448.0
1753617404597,11:56:44.597,bybit,AERGO/USDT:USDT,0.13375,540.0,0.13374,9463.0,0.13376,725.0,0.13377,448.0
1753617404697,11:56:44.697,bybit,AERGO/USDT:USDT,0.13375,540.0,0.13374,9463.0,0.13376,725.0,0.13377,448.0
1753617405297,11:56:45.297,bybit,AERGO/USDT:USDT,0.13375,540.0,0.13374,9463.0,0.13376,725.0,0.13377,505.0
1753617405797,11:56:45.797,bybit,AERGO/USDT:USDT,0.13375,540.0,0.13374,9463.0,0.13376,762.0,0.13377,505.0
1753617405997,11:56:45.997,bybit,AERGO/USDT:USDT,0.13375,540.0,0.13374,9463.0,0.13376,762.0,0.13377,505.0
1753617408798,11:56:48.798,bybit,AERGO/USDT:USDT,0.13375,540.0,0.13374,9706.0,0.13376,762.0,0.13377,505.0
1753617408897,11:56:48.897,bybit,AERGO/USDT:USDT,0.13375,540.0,0.13374,9949.0,0.13376,762.0,0.13377,505.0
1753617410397,11:56:50.397,bybit,AERGO/USDT:USDT,0.13375,540.0,0.13374,9463.0,0.13376,762.0,0.13377,505.0
1753617410497,11:56:50.497,bybit,AERGO/USDT:USDT,0.13375,540.0,0.13374,9463.0,0.13376,762.0,0.13377,505.0
1753617410597,11:56:50.597,bybit,AERGO/USDT:USDT,0.13375,540.0,0.13374,9463.0,0.13376,762.0,0.13377,505.0
1753617411297,11:56:51.297,bybit,AERGO/USDT:USDT,0.13375,540.0,0.13374,9463.0,0.13376,762.0,0.13377,505.0
1753617411497,11:56:51.497,bybit,AERGO/USDT:USDT,0.13375,540.0,0.13374,9706.0,0.13376,762.0,0.13377,505.0
1753617411897,11:56:51.897,bybit,AERGO/USDT:USDT,0.13375,540.0,0.13374,9706.0,0.13376,818.0,0.13377,505.0
1753617412497,11:56:52.497,bybit,AERGO/USDT:USDT,0.13375,540.0,0.13374,9706.0,0.13376,818.0,0.13377,505.0
1753617412597,11:56:52.597,bybit,AERGO/USDT:USDT,0.13375,540.0,0.13374,9463.0,0.13376,818.0,0.13377,505.0
1753617412897,11:56:52.897,bybit,AERGO/USDT:USDT,0.13375,540.0,0.13374,9463.0,0.13376,926.0,0.13377,505.0
1753617412997,11:56:52.997,bybit,AERGO/USDT:USDT,0.13375,540.0,0.13374,9463.0,0.13376,978.0,0.13377,748.0
1753617413097,11:56:53.097,bybit,AERGO/USDT:USDT,0.13375,540.0,0.13374,9463.0,0.13376,978.0,0.13377,505.0
1753617413497,11:56:53.497,bybit,AERGO/USDT:USDT,0.13375,540.0,0.13374,9463.0,0.13376,996.0,0.13377,691.0
1753617415098,11:56:55.098,bybit,AERGO/USDT:USDT,0.13375,540.0,0.13374,9463.0,0.13376,1165.0,0.13377,691.0
1753617415197,11:56:55.197,bybit,AERGO/USDT:USDT,0.13375,540.0,0.13374,9463.0,0.13376,1165.0,0.13377,691.0
1753617415696,11:56:55.696,bybit,AERGO/USDT:USDT,0.13375,540.0,0.13374,9463.0,0.13376,996.0,0.13377,691.0
1753617415997,11:56:55.997,bybit,AERGO/USDT:USDT,0.13375,540.0,0.13374,9463.0,0.13376,996.0,0.13377,691.0
1753617416099,11:56:56.099,bybit,AERGO/USDT:USDT,0.13375,540.0,0.13374,9463.0,0.13376,996.0,0.13377,691.0
1753617416598,11:56:56.598,bybit,AERGO/USDT:USDT,0.13375,540.0,0.13374,9463.0,0.13376,996.0,0.13377,448.0
1753617416997,11:56:56.997,bybit,AERGO/USDT:USDT,0.13375,540.0,0.13374,9463.0,0.13376,1001.0,0.13377,691.0
1753617417097,11:56:57.097,bybit,AERGO/USDT:USDT,0.13375,540.0,0.13374,9463.0,0.13376,1001.0,0.13377,691.0
1753617417597,11:56:57.597,bybit,AERGO/USDT:USDT,0.13375,540.0,0.13374,9463.0,0.13376,1001.0,0.13377,448.0
1753617417897,11:56:57.897,bybit,AERGO/USDT:USDT,0.13375,540.0,0.13374,9463.0,0.13376,1001.0,0.13377,691.0
1753617418597,11:56:58.597,bybit,AERGO/USDT:USDT,0.13375,540.0,0.13374,9463.0,0.13376,1003.0,0.13377,691.0
1753617418696,11:56:58.696,bybit,AERGO/USDT:USDT,0.13375,540.0,0.13374,9463.0,0.13376,1003.0,0.13377,691.0
1753617418797,11:56:58.797,bybit,AERGO/USDT:USDT,0.13375,540.0,0.13374,9463.0,0.13376,1003.0,0.13377,448.0
1753617418897,11:56:58.897,bybit,AERGO/USDT:USDT,0.13375,540.0,0.13374,9949.0,0.13376,1003.0,0.13377,448.0
1753617419297,11:56:59.297,bybit,AERGO/USDT:USDT,0.13375,540.0,0.13374,9463.0,0.13376,1074.0,0.13377,505.0
1753617419397,11:56:59.397,bybit,AERGO/USDT:USDT,0.13375,540.0,0.13374,9463.0,0.13376,1074.0,0.13377,748.0
1753617419497,11:56:59.497,bybit,AERGO/USDT:USDT,0.13375,540.0,0.13374,9463.0,0.13376,1074.0,0.13377,748.0
1753617420100,11:57:00.100,bybit,AERGO/USDT:USDT,0.13375,540.0,0.13374,9463.0,0.13376,1074.0,0.13377,505.0
1753617420197,11:57:00.197,bybit,AERGO/USDT:USDT,0.13375,540.0,0.13374,9463.0,0.13376,1074.0,0.13377,748.0
1753617420297,11:57:00.297,bybit,AERGO/USDT:USDT,0.13375,689.0,0.13374,9949.0,0.13376,488.0,0.13377,57.0
1753617420397,11:57:00.397,bybit,AERGO/USDT:USDT,0.13375,689.0,0.13374,9949.0,0.13376,488.0,0.13377,57.0
1753617420497,11:57:00.497,bybit,AERGO/USDT:USDT,0.13375,689.0,0.13374,9706.0,0.13376,488.0,0.13377,57.0
1753617420597,11:57:00.597,bybit,AERGO/USDT:USDT,0.13375,689.0,0.13374,9706.0,0.13376,488.0,0.13377,519.0
1753617420796,11:57:00.796,bybit,AERGO/USDT:USDT,0.13375,689.0,0.13374,9949.0,0.13376,488.0,0.13377,519.0
1753617420897,11:57:00.897,bybit,AERGO/USDT:USDT,0.13375,689.0,0.13374,9949.0,0.13376,488.0,0.13377,519.0
1753617420998,11:57:00.998,bybit,AERGO/USDT:USDT,0.13375,689.0,0.13374,9949.0,0.13376,488.0,0.13377,519.0
1753617421397,11:57:01.397,bybit,AERGO/USDT:USDT,0.13375,540.0,0.13374,9949.0,0.13376,488.0,0.13377,519.0
1753617421497,11:57:01.497,bybit,AERGO/USDT:USDT,0.13375,540.0,0.13374,9706.0,0.13376,488.0,0.13377,519.0
1753617421997,11:57:01.997,bybit,AERGO/USDT:USDT,0.13375,540.0,0.13374,9706.0,0.13376,488.0,0.13377,519.0
1753617422297,11:57:02.297,bybit,AERGO/USDT:USDT,0.13375,540.0,0.13374,9706.0,0.13376,488.0,0.13377,519.0
1753617422597,11:57:02.597,bybit,AERGO/USDT:USDT,0.13375,689.0,0.13374,9949.0,0.13376,488.0,0.13377,519.0
1753617422797,11:57:02.797,bybit,AERGO/USDT:USDT,0.13375,540.0,0.13374,9949.0,0.13376,488.0,0.13377,519.0
1753617423097,11:57:03.097,bybit,AERGO/USDT:USDT,0.13375,540.0,0.13374,9949.0,0.13376,488.0,0.13377,519.0
1753617423696,11:57:03.696,bybit,AERGO/USDT:USDT,0.13375,540.0,0.13374,9949.0,0.13376,488.0,0.13378,57.0
1753617423797,11:57:03.797,bybit,AERGO/USDT:USDT,0.13375,840.0,0.13374,9949.0,0.13376,488.0,0.13378,57.0
1753617423897,11:57:03.897,bybit,AERGO/USDT:USDT,0.13375,840.0,0.13374,10006.0,0.13376,488.0,0.13377,402.0
1753617423996,11:57:03.996,bybit,AERGO/USDT:USDT,0.13375,540.0,0.13374,9763.0,0.13376,488.0,0.13377,402.0
1753617424099,11:57:04.099,bybit,AERGO/USDT:USDT,0.13375,540.0,0.13374,9763.0,0.13376,488.0,0.13377,459.0
1753617424198,11:57:04.198,bybit,AERGO/USDT:USDT,0.13375,540.0,0.13374,10006.0,0.13376,488.0,0.13377,459.0
1753617424597,11:57:04.597,bybit,AERGO/USDT:USDT,0.13375,540.0,0.13374,10006.0,0.13376,504.0,0.13377,459.0
1753617425597,11:57:05.597,bybit,AERGO/USDT:USDT,0.13375,840.0,0.13374,10006.0,0.13376,504.0,0.13377,57.0
1753617425697,11:57:05.697,bybit,AERGO/USDT:USDT,0.13375,840.0,0.13374,10006.0,0.13376,504.0,0.13378,57.0
1753617425797,11:57:05.797,bybit,AERGO/USDT:USDT,0.13375,691.0,0.13374,10006.0,0.13376,504.0,0.13378,57.0
1753617425897,11:57:05.897,bybit,AERGO/USDT:USDT,0.13375,691.0,0.13374,10006.0,0.13376,504.0,0.13378,472.0
1753617425997,11:57:05.997,bybit,AERGO/USDT:USDT,0.13375,840.0,0.13374,10006.0,0.13376,504.0,0.13378,472.0
1753617426099,11:57:06.099,bybit,AERGO/USDT:USDT,0.13375,840.0,0.13374,10006.0,0.13376,504.0,0.13378,472.0
1753617426196,11:57:06.196,bybit,AERGO/USDT:USDT,0.13375,540.0,0.13374,10006.0,0.13376,504.0,0.13378,472.0
1753617426297,11:57:06.297,bybit,AERGO/USDT:USDT,0.13375,540.0,0.13374,10006.0,0.13376,504.0,0.13378,472.0
1753617426597,11:57:06.597,bybit,AERGO/USDT:USDT,0.13375,540.0,0.13374,9763.0,0.13376,452.0,0.13378,472.0
1753617426698,11:57:06.698,bybit,AERGO/USDT:USDT,0.13375,540.0,0.13374,9520.0,0.13376,452.0,0.13378,472.0
1753617426797,11:57:06.797,bybit,AERGO/USDT:USDT,0.13375,540.0,0.13374,10006.0,0.13376,452.0,0.13378,472.0
1753617427097,11:57:07.097,bybit,AERGO/USDT:USDT,0.13375,540.0,0.13374,10006.0,0.13376,452.0,0.13378,510.0
1753617427297,11:57:07.297,bybit,AERGO/USDT:USDT,0.13375,540.0,0.13374,9763.0,0.13376,452.0,0.13378,510.0
1753617427397,11:57:07.397,bybit,AERGO/USDT:USDT,0.13375,540.0,0.13374,9763.0,0.13376,452.0,0.13378,510.0
1753617427497,11:57:07.497,bybit,AERGO/USDT:USDT,0.13375,540.0,0.13374,9520.0,0.13376,452.0,0.13378,510.0
1753617427797,11:57:07.797,bybit,AERGO/USDT:USDT,0.13375,540.0,0.13374,10006.0,0.13376,452.0,0.13378,510.0
1753617427897,11:57:07.897,bybit,AERGO/USDT:USDT,0.13375,540.0,0.13374,9520.0,0.13376,848.0,0.13378,95.0
1753617428597,11:57:08.597,bybit,AERGO/USDT:USDT,0.13375,540.0,0.13374,9520.0,0.13376,848.0,0.13378,338.0
1753617429997,11:57:09.997,bybit,AERGO/USDT:USDT,0.13375,540.0,0.13374,9520.0,0.13376,848.0,0.13378,95.0
1753617430797,11:57:10.797,bybit,AERGO/USDT:USDT,0.13375,540.0,0.13374,10006.0,0.13376,848.0,0.13378,95.0
1753617430896,11:57:10.896,bybit,AERGO/USDT:USDT,0.13375,540.0,0.13374,10006.0,0.13376,848.0,0.13378,95.0
1753617431097,11:57:11.097,bybit,AERGO/USDT:USDT,0.13375,540.0,0.13374,10006.0,0.13376,848.0,0.13378,95.0
1753617431996,11:57:11.996,bybit,AERGO/USDT:USDT,0.13375,540.0,0.13374,10006.0,0.13376,848.0,0.13378,95.0
1753617432396,11:57:12.396,bybit,AERGO/USDT:USDT,0.13375,540.0,0.13374,10006.0,0.13376,848.0,0.13378,95.0
1753617432797,11:57:12.797,bybit,AERGO/USDT:USDT,0.13375,540.0,0.13374,9763.0,0.13376,848.0,0.13378,95.0
1753617433397,11:57:13.397,bybit,AERGO/USDT:USDT,0.13375,540.0,0.13374,9763.0,0.13376,848.0,0.13378,95.0
1753617434197,11:57:14.197,bybit,AERGO/USDT:USDT,0.13375,540.0,0.13374,10006.0,0.13376,848.0,0.13378,95.0
1753617435597,11:57:15.597,bybit,AERGO/USDT:USDT,0.13375,540.0,0.13374,10006.0,0.13376,848.0,0.13378,95.0
1753617435697,11:57:15.697,bybit,AERGO/USDT:USDT,0.13375,540.0,0.13374,9463.0,0.13376,848.0,0.13378,95.0
1753617435997,11:57:15.997,bybit,AERGO/USDT:USDT,0.13375,540.0,0.13374,9520.0,0.13376,1913.0,0.13377,57.0
1753617436397,11:57:16.397,bybit,AERGO/USDT:USDT,0.13375,540.0,0.13374,9463.0,0.13376,1913.0,0.13377,57.0
1753617437597,11:57:17.597,bybit,AERGO/USDT:USDT,0.13375,540.0,0.13374,10041.0,0.13376,1792.0,0.13377,57.0
1753617437697,11:57:17.697,bybit,AERGO/USDT:USDT,0.13375,540.0,0.13374,9949.0,0.13376,1915.0,0.13377,57.0
1753617437797,11:57:17.797,bybit,AERGO/USDT:USDT,0.13375,540.0,0.13374,9706.0,0.13376,1915.0,0.13377,57.0
1753617437896,11:57:17.896,bybit,AERGO/USDT:USDT,0.13375,689.0,0.13374,9949.0,0.13376,1915.0,0.13377,57.0
1753617437996,11:57:17.996,bybit,AERGO/USDT:USDT,0.13375,840.0,0.13374,9949.0,0.13376,1915.0,0.13377,57.0
1753617438997,11:57:18.997,bybit,AERGO/USDT:USDT,0.13375,840.0,0.13374,9949.0,0.13376,1915.0,0.13378,38.0
1753617439097,11:57:19.097,bybit,AERGO/USDT:USDT,0.13375,840.0,0.13374,9949.0,0.13376,1915.0,0.13378,38.0
1753617439197,11:57:19.197,bybit,AERGO/USDT:USDT,0.13375,691.0,0.13374,10006.0,0.13376,1915.0,0.13378,95.0
1753617441101,11:57:21.101,bybit,AERGO/USDT:USDT,0.13375,691.0,0.13374,10006.0,0.13376,1801.0,0.13378,95.0
1753617441896,11:57:21.896,bybit,AERGO/USDT:USDT,0.13375,691.0,0.13374,10006.0,0.13376,1928.0,0.13378,95.0
1753617441997,11:57:21.997,bybit,AERGO/USDT:USDT,0.13375,840.0,0.13374,10006.0,0.13376,1928.0,0.13378,38.0
1753617442099,11:57:22.099,bybit,AERGO/USDT:USDT,0.13375,840.0,0.13374,10006.0,0.13376,1532.0,0.13378,38.0
1753617442197,11:57:22.197,bybit,AERGO/USDT:USDT,0.13375,840.0,0.13374,10006.0,0.13376,1532.0,0.13378,38.0
1753617442296,11:57:22.296,bybit,AERGO/USDT:USDT,0.13375,840.0,0.13374,10006.0,0.13376,1532.0,0.13377,463.0
1753617442397,11:57:22.397,bybit,AERGO/USDT:USDT,0.13375,691.0,0.13374,10006.0,0.13376,1532.0,0.13377,463.0
1753617442497,11:57:22.497,bybit,AERGO/USDT:USDT,0.13375,691.0,0.13374,10006.0,0.13376,1532.0,0.13377,463.0
1753617442697,11:57:22.697,bybit,AERGO/USDT:USDT,0.13375,691.0,0.13374,10006.0,0.13376,1575.0,0.13377,463.0
1753617443097,11:57:23.097,bybit,AERGO/USDT:USDT,0.13375,691.0,0.13374,10006.0,0.13376,1575.0,0.13377,463.0
1753617443496,11:57:23.496,bybit,AERGO/USDT:USDT,0.13375,540.0,0.13374,9763.0,0.13376,1771.0,0.13377,463.0
1753617443598,11:57:23.598,bybit,AERGO/USDT:USDT,0.13375,691.0,0.13374,10006.0,0.13376,1771.0,0.13377,463.0
1753617444297,11:57:24.297,bybit,AERGO/USDT:USDT,0.13375,691.0,0.13374,10006.0,0.13376,1771.0,0.13377,463.0
1753617444796,11:57:24.796,bybit,AERGO/USDT:USDT,0.13375,691.0,0.13374,10006.0,0.13376,1771.0,0.13377,463.0
1753617444896,11:57:24.896,bybit,AERGO/USDT:USDT,0.13375,691.0,0.13374,10006.0,0.13376,1771.0,0.13377,463.0
1753617444997,11:57:24.997,bybit,AERGO/USDT:USDT,0.13375,840.0,0.13374,10006.0,0.13376,1771.0,0.13377,463.0
1753617445097,11:57:25.097,bybit,AERGO/USDT:USDT,0.13375,691.0,0.13374,10006.0,0.13376,1771.0,0.13377,463.0
1753617445497,11:57:25.497,bybit,AERGO/USDT:USDT,0.13375,691.0,0.13374,10006.0,0.13376,1771.0,0.13377,463.0
1753617445796,11:57:25.796,bybit,AERGO/USDT:USDT,0.13375,540.0,0.13374,10006.0,0.13376,1771.0,0.13377,463.0
1753617445898,11:57:25.898,bybit,AERGO/USDT:USDT,0.13375,540.0,0.13374,9520.0,0.13376,1771.0,0.13377,463.0
1753617445997,11:57:25.997,bybit,AERGO/USDT:USDT,0.13375,540.0,0.13374,9520.0,0.13376,1771.0,0.13377,463.0
1753617446197,11:57:26.197,bybit,AERGO/USDT:USDT,0.13375,540.0,0.13374,9520.0,0.13376,1771.0,0.13377,463.0
1753617446296,11:57:26.296,bybit,AERGO/USDT:USDT,0.13375,540.0,0.13374,9763.0,0.13376,1771.0,0.13377,463.0
1753617447897,11:57:27.897,bybit,AERGO/USDT:USDT,0.13375,540.0,0.13374,9763.0,0.13376,1771.0,0.13377,463.0
1753617447997,11:57:27.997,bybit,AERGO/USDT:USDT,0.13375,540.0,0.13374,10006.0,0.13376,1771.0,0.13377,463.0
1753617448397,11:57:28.397,bybit,AERGO/USDT:USDT,0.13375,840.0,0.13374,10006.0,0.13376,1771.0,0.13377,463.0
1753617448497,11:57:28.497,bybit,AERGO/USDT:USDT,0.13375,840.0,0.13374,10006.0,0.13376,1765.0,0.13377,463.0
1753617448697,11:57:28.697,bybit,AERGO/USDT:USDT,0.13375,840.0,0.13374,10006.0,0.13376,1749.0,0.13377,463.0
1753617448797,11:57:28.797,bybit,AERGO/USDT:USDT,0.13375,840.0,0.13374,10006.0,0.13376,1766.0,0.13377,463.0
1753617449797,11:57:29.797,bybit,AERGO/USDT:USDT,0.13375,691.0,0.13374,10006.0,0.13376,1766.0,0.13377,463.0
1753617449897,11:57:29.897,bybit,AERGO/USDT:USDT,0.13375,691.0,0.13374,10006.0,0.13376,1766.0,0.13377,463.0
1753617450497,11:57:30.497,bybit,AERGO/USDT:USDT,0.13375,691.0,0.13374,10006.0,0.13376,1766.0,0.13377,463.0
1753617450797,11:57:30.797,bybit,AERGO/USDT:USDT,0.13375,691.0,0.13374,10006.0,0.13376,1766.0,0.13377,463.0
1753617450896,11:57:30.896,bybit,AERGO/USDT:USDT,0.13375,846.0,0.13374,10006.0,0.13376,1766.0,0.13377,463.0
1753617451997,11:57:31.997,bybit,AERGO/USDT:USDT,0.13375,1110.0,0.13374,10006.0,0.13376,511.0,0.13377,463.0
1753617453897,11:57:33.897,bybit,AERGO/USDT:USDT,0.13375,1110.0,0.13374,10006.0,0.13376,511.0,0.13377,463.0
1753617454197,11:57:34.197,bybit,AERGO/USDT:USDT,0.13375,1110.0,0.13374,10006.0,0.13376,511.0,0.13377,463.0
1753617454797,11:57:34.797,bybit,AERGO/USDT:USDT,0.13375,1110.0,0.13374,10006.0,0.13376,511.0,0.13377,463.0
1753617454897,11:57:34.897,bybit,AERGO/USDT:USDT,0.13375,1110.0,0.13374,10006.0,0.13376,511.0,0.13377,463.0
1753617454997,11:57:34.997,bybit,AERGO/USDT:USDT,0.13375,1110.0,0.13374,10006.0,0.13376,511.0,0.13377,463.0
1753617455097,11:57:35.097,bybit,AERGO/USDT:USDT,0.13375,1110.0,0.13374,10006.0,0.13376,511.0,0.13377,463.0
1753617455297,11:57:35.297,bybit,AERGO/USDT:USDT,0.13375,1110.0,0.13374,10006.0,0.13376,511.0,0.13377,463.0
1753617455398,11:57:35.398,bybit,AERGO/USDT:USDT,0.13375,1110.0,0.13374,10006.0,0.13376,511.0,0.13377,463.0
1753617457197,11:57:37.197,bybit,AERGO/USDT:USDT,0.13375,1110.0,0.13374,10006.0,0.13376,602.0,0.13377,463.0
1753617457897,11:57:37.897,bybit,AERGO/USDT:USDT,0.13375,804.0,0.13374,9763.0,0.13376,602.0,0.13377,463.0
1753617457997,11:57:37.997,bybit,AERGO/USDT:USDT,0.13375,804.0,0.13374,9520.0,0.13376,602.0,0.13377,463.0
1753617458597,11:57:38.597,bybit,AERGO/USDT:USDT,0.13375,804.0,0.13374,9520.0,0.13376,602.0,0.13377,463.0
1753617458697,11:57:38.697,bybit,AERGO/USDT:USDT,0.13375,804.0,0.13374,9763.0,0.13376,602.0,0.13377,463.0
1753617458798,11:57:38.798,bybit,AERGO/USDT:USDT,0.13375,804.0,0.13374,10006.0,0.13376,602.0,0.13377,463.0
1753617459197,11:57:39.197,bybit,AERGO/USDT:USDT,0.13375,804.0,0.13374,10006.0,0.13376,602.0,0.13377,463.0
1753617459297,11:57:39.297,bybit,AERGO/USDT:USDT,0.13375,804.0,0.13374,10006.0,0.13376,602.0,0.13377,463.0
1753617459396,11:57:39.396,bybit,AERGO/USDT:USDT,0.13375,961.0,0.13374,10006.0,0.13376,602.0,0.13377,463.0
1753617460097,11:57:40.097,bybit,AERGO/USDT:USDT,0.13375,961.0,0.13374,10006.0,0.13376,602.0,0.13377,463.0
1753617460597,11:57:40.597,bybit,AERGO/USDT:USDT,0.13375,1116.0,0.13374,10006.0,0.13376,606.0,0.13377,463.0
1753617462099,11:57:42.099,bybit,AERGO/USDT:USDT,0.13375,1116.0,0.13374,10006.0,0.13376,606.0,0.13377,463.0
1753617463697,11:57:43.697,bybit,AERGO/USDT:USDT,0.13375,961.0,0.13374,10006.0,0.13376,606.0,0.13377,463.0
1753617464597,11:57:44.597,bybit,AERGO/USDT:USDT,0.13375,959.0,0.13374,10006.0,0.13376,606.0,0.13377,463.0
1753617464797,11:57:44.797,bybit,AERGO/USDT:USDT,0.13375,1116.0,0.13374,10006.0,0.13376,606.0,0.13377,463.0
1753617464897,11:57:44.897,bybit,AERGO/USDT:USDT,0.13375,1116.0,0.13374,10006.0,0.13376,606.0,0.13377,463.0
1753617464997,11:57:44.997,bybit,AERGO/USDT:USDT,0.13375,961.0,0.13374,10006.0,0.13376,606.0,0.13377,463.0
1753617465597,11:57:45.597,bybit,AERGO/USDT:USDT,0.13375,1116.0,0.13374,10006.0,0.13376,606.0,0.13377,463.0
1753617465697,11:57:45.697,bybit,AERGO/USDT:USDT,0.13375,1116.0,0.13374,10006.0,0.13376,606.0,0.13378,38.0
1753617465997,11:57:45.997,bybit,AERGO/USDT:USDT,0.13375,961.0,0.13374,10006.0,0.13376,606.0,0.13377,419.0
1753617466100,11:57:46.100,bybit,AERGO/USDT:USDT,0.13375,961.0,0.13374,10006.0,0.13376,606.0,0.13377,419.0
1753617466297,11:57:46.297,bybit,AERGO/USDT:USDT,0.13375,961.0,0.13374,10006.0,0.13376,606.0,0.13377,419.0
1753617470396,11:57:50.396,bybit,AERGO/USDT:USDT,0.13375,1116.0,0.13374,10006.0,0.13376,606.0,0.13377,419.0
1753617470497,11:57:50.497,bybit,AERGO/USDT:USDT,0.13375,1142.0,0.13374,10006.0,0.13376,606.0,0.13377,419.0
1753617470598,11:57:50.598,bybit,AERGO/USDT:USDT,0.13375,987.0,0.13374,10006.0,0.13376,606.0,0.13377,419.0
1753617471797,11:57:51.797,bybit,AERGO/USDT:USDT,0.13375,1142.0,0.13374,10006.0,0.13376,606.0,0.13377,419.0
1753617472897,11:57:52.897,bybit,AERGO/USDT:USDT,0.13375,987.0,0.13374,10006.0,0.13376,606.0,0.13377,419.0
1753617472997,11:57:52.997,bybit,AERGO/USDT:USDT,0.13375,987.0,0.13374,10006.0,0.13376,658.0,0.13377,419.0
1753617473097,11:57:53.097,bybit,AERGO/USDT:USDT,0.13375,987.0,0.13374,10006.0,0.13376,658.0,0.13377,419.0
1753617475097,11:57:55.097,bybit,AERGO/USDT:USDT,0.13375,830.0,0.13374,9520.0,0.13376,662.0,0.13377,419.0
1753617475197,11:57:55.197,bybit,AERGO/USDT:USDT,0.13375,830.0,0.13374,9763.0,0.13376,662.0,0.13377,419.0
1753617475697,11:57:55.697,bybit,AERGO/USDT:USDT,0.13375,987.0,0.13374,10006.0,0.13376,714.0,0.13377,419.0
1753617475897,11:57:55.897,bybit,AERGO/USDT:USDT,0.13375,987.0,0.13374,10006.0,0.13376,714.0,0.13377,419.0
1753617476796,11:57:56.796,bybit,AERGO/USDT:USDT,0.13375,1142.0,0.13374,10006.0,0.13376,625.0,0.13377,419.0
1753617477097,11:57:57.097,bybit,AERGO/USDT:USDT,0.13375,1142.0,0.13374,10006.0,0.13376,625.0,0.13377,419.0
1753617477798,11:57:57.798,bybit,AERGO/USDT:USDT,0.13375,1142.0,0.13374,10006.0,0.13376,625.0,0.13377,419.0
1753617478297,11:57:58.297,bybit,AERGO/USDT:USDT,0.13375,1142.0,0.13374,10006.0,0.13376,632.0,0.13377,419.0
1753617478696,11:57:58.696,bybit,AERGO/USDT:USDT,0.13375,1142.0,0.13374,10006.0,0.13376,632.0,0.13377,419.0
1753617478997,11:57:58.997,bybit,AERGO/USDT:USDT,0.13375,1142.0,0.13374,10006.0,0.13376,632.0,0.13377,419.0
1753617479097,11:57:59.097,bybit,AERGO/USDT:USDT,0.13375,987.0,0.13374,10006.0,0.13376,632.0,0.13377,419.0
1753617479297,11:57:59.297,bybit,AERGO/USDT:USDT,0.13375,987.0,0.13374,10006.0,0.13376,632.0,0.13377,419.0
1753617479697,11:57:59.697,bybit,AERGO/USDT:USDT,0.13375,830.0,0.13374,9763.0,0.13376,634.0,0.13377,419.0
1753617479797,11:57:59.797,bybit,AERGO/USDT:USDT,0.13375,987.0,0.13374,10006.0,0.13376,634.0,0.13377,419.0
1753617480697,11:58:00.697,bybit,AERGO/USDT:USDT,0.13375,987.0,0.13374,10006.0,0.13376,634.0,0.13377,419.0
1753617480997,11:58:00.997,bybit,AERGO/USDT:USDT,0.13375,987.0,0.13374,10006.0,0.13376,634.0,0.13377,419.0
1753617481596,11:58:01.596,bybit,AERGO/USDT:USDT,0.13375,987.0,0.13374,10006.0,0.13376,634.0,0.13377,419.0
1753617482598,11:58:02.598,bybit,AERGO/USDT:USDT,0.13375,987.0,0.13374,10006.0,0.13376,634.0,0.13377,419.0
1753617484100,11:58:04.100,bybit,AERGO/USDT:USDT,0.13375,987.0,0.13374,10006.0,0.13376,634.0,0.13377,419.0
1753617486896,11:58:06.896,bybit,AERGO/USDT:USDT,0.13375,987.0,0.13374,10006.0,0.13376,634.0,0.13377,419.0
1753617487197,11:58:07.197,bybit,AERGO/USDT:USDT,0.13375,987.0,0.13374,10006.0,0.13376,634.0,0.13377,419.0
1753617487297,11:58:07.297,bybit,AERGO/USDT:USDT,0.13375,987.0,0.13374,10006.0,0.13376,634.0,0.13377,419.0
1753617487397,11:58:07.397,bybit,AERGO/USDT:USDT,0.13375,987.0,0.13374,10006.0,0.13376,638.0,0.13377,419.0
1753617487797,11:58:07.797,bybit,AERGO/USDT:USDT,0.13375,987.0,0.13374,10006.0,0.13376,638.0,0.13377,419.0
1753617487897,11:58:07.897,bybit,AERGO/USDT:USDT,0.13375,987.0,0.13374,10006.0,0.13376,638.0,0.13377,419.0
1753617488197,11:58:08.197,bybit,AERGO/USDT:USDT,0.13375,987.0,0.13374,10006.0,0.13376,638.0,0.13377,419.0
1753617489397,11:58:09.397,bybit,AERGO/USDT:USDT,0.13375,1156.0,0.13374,10006.0,0.13376,523.0,0.13377,419.0
1753617489497,11:58:09.497,bybit,AERGO/USDT:USDT,0.13375,987.0,0.13374,10006.0,0.13376,523.0,0.13377,419.0
1753617489597,11:58:09.597,bybit,AERGO/USDT:USDT,0.13375,987.0,0.13374,10006.0,0.13376,523.0,0.13377,419.0
1753617489697,11:58:09.697,bybit,AERGO/USDT:USDT,0.13375,1156.0,0.13374,10006.0,0.13376,523.0,0.13377,419.0
1753617489796,11:58:09.796,bybit,AERGO/USDT:USDT,0.13375,1156.0,0.13374,10006.0,0.13376,523.0,0.13377,419.0
1753617490197,11:58:10.197,bybit,AERGO/USDT:USDT,0.13375,1156.0,0.13374,10006.0,0.13376,523.0,0.13378,38.0
1753617490297,11:58:10.297,bybit,AERGO/USDT:USDT,0.13375,1156.0,0.13374,10006.0,0.13376,509.0,0.13378,95.0
1753617490397,11:58:10.397,bybit,AERGO/USDT:USDT,0.13375,1156.0,0.13374,10006.0,0.13376,509.0,0.13378,497.0
1753617490798,11:58:10.798,bybit,AERGO/USDT:USDT,0.13376,2116.0,0.13375,4758.0,0.13378,38.0,0.13379,57.0
1753617490897,11:58:10.897,bybit,AERGO/USDT:USDT,0.13377,2456.0,0.13376,397.0,0.13378,38.0,0.1338,57.0
1753617490997,11:58:10.997,bybit,AERGO/USDT:USDT,0.13377,2886.0,0.13376,397.0,0.13378,38.0,0.1338,459.0
1753617491097,11:58:11.097,bybit,AERGO/USDT:USDT,0.13377,2886.0,0.13376,397.0,0.13378,38.0,0.1338,402.0
1753617491197,11:58:11.197,bybit,AERGO/USDT:USDT,0.13377,2886.0,0.13376,397.0,0.13378,38.0,0.1338,402.0
1753617491397,11:58:11.397,bybit,AERGO/USDT:USDT,0.13377,2914.0,0.13376,702.0,0.13378,38.0,0.1338,402.0
1753617491497,11:58:11.497,bybit,AERGO/USDT:USDT,0.13377,2914.0,0.13376,702.0,0.13378,38.0,0.1338,402.0
1753617491597,11:58:11.597,bybit,AERGO/USDT:USDT,0.13377,2914.0,0.13376,702.0,0.13378,38.0,0.1338,402.0
1753617491697,11:58:11.697,bybit,AERGO/USDT:USDT,0.13377,2914.0,0.13376,702.0,0.13378,38.0,0.1338,402.0
