timestamp,time,exchange,symbol,bid1_price,bid1_volume,bid2_price,bid2_volume,ask1_price,ask1_volume,ask2_price,ask2_volume
1753617167329,11:52:47.329,bitmex,AEVO/USDT:USDT,0.1104,198.0,0.1094,30.0,0.1117,340.0,0.1128,449.0
1753617167378,11:52:47.378,bitmex,AEVO/USDT:USDT,0.1104,198.0,0.1094,30.0,0.1117,340.0,0.1128,449.0
1753617168426,11:52:48.426,bitmex,AEVO/USDT:USDT,0.1104,198.0,0.1094,30.0,0.1117,340.0,0.1128,449.0
1753617168475,11:52:48.475,bitmex,AEVO/USDT:USDT,0.1104,198.0,0.1094,30.0,0.1117,340.0,0.1128,449.0
1753617169753,11:52:49.753,bitmex,AEVO/USDT:USDT,0.1105,198.0,0.1094,30.0,0.1117,340.0,0.1128,449.0
1753617169803,11:52:49.803,bitmex,AEVO/USDT:USDT,0.1105,198.0,0.1094,30.0,0.1117,134.0,0.1118,206.0
1753617169852,11:52:49.852,bitmex,AEVO/USDT:USDT,0.1105,198.0,0.1094,30.0,0.1117,134.0,0.1118,206.0
1753617170757,11:52:50.757,bitmex,AEVO/USDT:USDT,0.1105,198.0,0.1094,30.0,0.1117,134.0,0.1118,206.0
1753617170807,11:52:50.807,bitmex,AEVO/USDT:USDT,0.1105,198.0,0.1094,30.0,0.1117,134.0,0.1118,206.0
1753617172002,11:52:52.002,bitmex,AEVO/USDT:USDT,0.1105,198.0,0.1094,30.0,0.1117,134.0,0.1118,206.0
1753617172060,11:52:52.060,bitmex,AEVO/USDT:USDT,0.1105,198.0,0.1094,30.0,0.1117,134.0,0.1118,206.0
1753617173105,11:52:53.105,bitmex,AEVO/USDT:USDT,0.1105,198.0,0.1094,30.0,0.1117,134.0,0.1118,206.0
1753617174328,11:52:54.328,bitmex,AEVO/USDT:USDT,0.1105,198.0,0.1094,30.0,0.1117,134.0,0.1118,206.0
1753617174377,11:52:54.377,bitmex,AEVO/USDT:USDT,0.1105,198.0,0.1094,30.0,0.1117,134.0,0.1118,206.0
1753617175546,11:52:55.546,bitmex,AEVO/USDT:USDT,0.1105,198.0,0.1094,30.0,0.1117,134.0,0.1118,206.0
1753617175607,11:52:55.607,bitmex,AEVO/USDT:USDT,0.1105,198.0,0.1094,30.0,0.1117,134.0,0.1118,206.0
1753617176615,11:52:56.615,bitmex,AEVO/USDT:USDT,0.1105,198.0,0.1094,30.0,0.1117,134.0,0.1118,206.0
1753617176664,11:52:56.664,bitmex,AEVO/USDT:USDT,0.1105,198.0,0.1094,30.0,0.1117,134.0,0.1118,206.0
1753617177774,11:52:57.774,bitmex,AEVO/USDT:USDT,0.1105,198.0,0.1094,30.0,0.1117,134.0,0.1118,206.0
1753617179096,11:52:59.096,bitmex,AEVO/USDT:USDT,0.1105,198.0,0.1094,30.0,0.1117,134.0,0.1118,206.0
1753617179146,11:52:59.146,bitmex,AEVO/USDT:USDT,0.1105,198.0,0.1094,30.0,0.1117,134.0,0.1118,206.0
1753617180275,11:53:00.275,bitmex,AEVO/USDT:USDT,0.1104,203.0,0.1094,30.0,0.1117,342.0,0.1129,477.0
1753617181621,11:53:01.621,bitmex,AEVO/USDT:USDT,0.1104,203.0,0.1094,30.0,0.1117,342.0,0.1129,477.0
1753617181671,11:53:01.671,bitmex,AEVO/USDT:USDT,0.1104,203.0,0.1094,30.0,0.1117,342.0,0.1129,477.0
1753617182453,11:53:02.453,bitmex,AEVO/USDT:USDT,0.1104,203.0,0.1094,30.0,0.1117,342.0,0.1129,477.0
1753617182514,11:53:02.514,bitmex,AEVO/USDT:USDT,0.1104,203.0,0.1094,30.0,0.1117,342.0,0.1129,477.0
1753617183776,11:53:03.776,bitmex,AEVO/USDT:USDT,0.1105,193.0,0.1094,30.0,0.1117,342.0,0.1129,477.0
1753617183826,11:53:03.826,bitmex,AEVO/USDT:USDT,0.1105,193.0,0.1094,30.0,0.1117,342.0,0.1129,477.0
1753617183875,11:53:03.875,bitmex,AEVO/USDT:USDT,0.1105,193.0,0.1094,488.0,0.1117,134.0,0.1118,197.0
1753617184922,11:53:04.922,bitmex,AEVO/USDT:USDT,0.1105,193.0,0.1094,488.0,0.1117,134.0,0.1118,197.0
1753617184971,11:53:04.971,bitmex,AEVO/USDT:USDT,0.1105,193.0,0.1094,488.0,0.1117,134.0,0.1118,197.0
1753617186075,11:53:06.075,bitmex,AEVO/USDT:USDT,0.1105,193.0,0.1094,488.0,0.1117,134.0,0.1118,197.0
1753617186125,11:53:06.125,bitmex,AEVO/USDT:USDT,0.1105,193.0,0.1094,488.0,0.1117,134.0,0.1118,197.0
1753617187272,11:53:07.272,bitmex,AEVO/USDT:USDT,0.1105,193.0,0.1094,488.0,0.1117,134.0,0.1118,197.0
1753617187322,11:53:07.322,bitmex,AEVO/USDT:USDT,0.1105,193.0,0.1094,488.0,0.1117,134.0,0.1118,197.0
1753617188505,11:53:08.505,bitmex,AEVO/USDT:USDT,0.1105,193.0,0.1094,488.0,0.1117,134.0,0.1118,197.0
1753617188554,11:53:08.554,bitmex,AEVO/USDT:USDT,0.1105,193.0,0.1094,488.0,0.1117,134.0,0.1118,197.0
1753617189556,11:53:09.556,bitmex,AEVO/USDT:USDT,0.1105,193.0,0.1094,488.0,0.1117,134.0,0.1118,197.0
1753617189605,11:53:09.605,bitmex,AEVO/USDT:USDT,0.1105,193.0,0.1094,488.0,0.1117,134.0,0.1118,197.0
1753617190753,11:53:10.753,bitmex,AEVO/USDT:USDT,0.1105,193.0,0.1094,488.0,0.1117,134.0,0.1118,197.0
1753617190808,11:53:10.808,bitmex,AEVO/USDT:USDT,0.1105,193.0,0.1094,488.0,0.1117,134.0,0.1118,197.0
1753617191831,11:53:11.831,bitmex,AEVO/USDT:USDT,0.1105,193.0,0.1094,488.0,0.1117,134.0,0.1118,197.0
1753617191881,11:53:11.881,bitmex,AEVO/USDT:USDT,0.1105,193.0,0.1094,488.0,0.1117,134.0,0.1118,197.0
1753617194305,11:53:14.305,bitmex,AEVO/USDT:USDT,0.1105,193.0,0.1094,488.0,0.1117,134.0,0.1118,197.0
1753617194355,11:53:14.355,bitmex,AEVO/USDT:USDT,0.1105,193.0,0.1094,488.0,0.1117,134.0,0.1118,197.0
1753617195399,11:53:15.399,bitmex,AEVO/USDT:USDT,0.1106,193.0,0.1094,488.0,0.1117,134.0,0.1118,197.0
1753617195449,11:53:15.449,bitmex,AEVO/USDT:USDT,0.1106,193.0,0.1094,488.0,0.1117,134.0,0.1119,204.0
1753617195498,11:53:15.498,bitmex,AEVO/USDT:USDT,0.1106,193.0,0.1094,488.0,0.1117,134.0,0.1119,204.0
1753617196594,11:53:16.594,bitmex,AEVO/USDT:USDT,0.1106,193.0,0.1094,488.0,0.1117,134.0,0.1119,204.0
1753617196684,11:53:16.684,bitmex,AEVO/USDT:USDT,0.1106,193.0,0.1094,488.0,0.1117,134.0,0.1119,204.0
1753617198483,11:53:18.483,bitmex,AEVO/USDT:USDT,0.1106,193.0,0.1094,488.0,0.1117,134.0,0.1119,204.0
1753617198533,11:53:18.533,bitmex,AEVO/USDT:USDT,0.1106,193.0,0.1094,488.0,0.1117,134.0,0.1119,204.0
1753617199605,11:53:19.605,bitmex,AEVO/USDT:USDT,0.1106,193.0,0.1095,472.0,0.1117,134.0,0.1119,204.0
1753617199655,11:53:19.655,bitmex,AEVO/USDT:USDT,0.1106,193.0,0.1095,472.0,0.1117,134.0,0.1119,204.0
1753617199704,11:53:19.704,bitmex,AEVO/USDT:USDT,0.1106,223.0,0.1095,472.0,0.1117,134.0,0.1119,204.0
1753617200967,11:53:20.967,bitmex,AEVO/USDT:USDT,0.1106,223.0,0.1095,472.0,0.1117,134.0,0.1119,204.0
1753617201017,11:53:21.017,bitmex,AEVO/USDT:USDT,0.1106,223.0,0.1095,472.0,0.1117,134.0,0.1119,204.0
1753617201986,11:53:21.986,bitmex,AEVO/USDT:USDT,0.1106,223.0,0.1095,472.0,0.1117,134.0,0.1119,204.0
1753617202036,11:53:22.036,bitmex,AEVO/USDT:USDT,0.1106,223.0,0.1095,472.0,0.1117,134.0,0.1119,204.0
1753617203695,11:53:23.695,bitmex,AEVO/USDT:USDT,0.1106,223.0,0.1095,472.0,0.1117,134.0,0.1119,204.0
1753617203745,11:53:23.745,bitmex,AEVO/USDT:USDT,0.1106,223.0,0.1095,472.0,0.1117,134.0,0.1119,204.0
1753617204623,11:53:24.623,bitmex,AEVO/USDT:USDT,0.1106,223.0,0.1095,472.0,0.1117,134.0,0.1119,204.0
1753617204672,11:53:24.672,bitmex,AEVO/USDT:USDT,0.1106,223.0,0.1095,472.0,0.1117,134.0,0.1119,204.0
1753617205693,11:53:25.693,bitmex,AEVO/USDT:USDT,0.1106,223.0,0.1095,472.0,0.1117,134.0,0.1119,204.0
1753617205742,11:53:25.742,bitmex,AEVO/USDT:USDT,0.1106,223.0,0.1095,472.0,0.1117,134.0,0.1119,204.0
1753617206853,11:53:26.853,bitmex,AEVO/USDT:USDT,0.1106,223.0,0.1095,472.0,0.1117,134.0,0.1119,204.0
1753617208084,11:53:28.084,bitmex,AEVO/USDT:USDT,0.1106,223.0,0.1095,472.0,0.1117,134.0,0.1119,204.0
1753617208134,11:53:28.134,bitmex,AEVO/USDT:USDT,0.1106,223.0,0.1095,472.0,0.1117,134.0,0.1119,204.0
1753617209199,11:53:29.199,bitmex,AEVO/USDT:USDT,0.1106,223.0,0.1095,472.0,0.1117,134.0,0.1119,204.0
1753617209254,11:53:29.254,bitmex,AEVO/USDT:USDT,0.1106,223.0,0.1095,472.0,0.1117,134.0,0.1119,204.0
1753617210556,11:53:30.556,bitmex,AEVO/USDT:USDT,0.1106,223.0,0.1095,472.0,0.1117,134.0,0.1119,204.0
1753617210605,11:53:30.605,bitmex,AEVO/USDT:USDT,0.1106,223.0,0.1095,472.0,0.1117,134.0,0.1119,204.0
1753617211592,11:53:31.592,bitmex,AEVO/USDT:USDT,0.1106,223.0,0.1095,472.0,0.1117,134.0,0.1119,204.0
1753617211641,11:53:31.641,bitmex,AEVO/USDT:USDT,0.1106,223.0,0.1095,472.0,0.1117,134.0,0.1119,204.0
1753617212764,11:53:32.764,bitmex,AEVO/USDT:USDT,0.1107,199.0,0.1106,30.0,0.1117,134.0,0.1119,204.0
1753617212814,11:53:32.814,bitmex,AEVO/USDT:USDT,0.1107,199.0,0.1106,30.0,0.1117,134.0,0.112,193.0
1753617212863,11:53:32.863,bitmex,AEVO/USDT:USDT,0.1107,229.0,0.1095,472.0,0.1117,134.0,0.112,193.0
1753617212912,11:53:32.912,bitmex,AEVO/USDT:USDT,0.1107,229.0,0.1095,472.0,0.1117,134.0,0.112,193.0
1753617213881,11:53:33.881,bitmex,AEVO/USDT:USDT,0.1107,229.0,0.1095,472.0,0.1117,134.0,0.112,193.0
1753617213931,11:53:33.931,bitmex,AEVO/USDT:USDT,0.1107,229.0,0.1095,472.0,0.1117,134.0,0.112,193.0
1753617215125,11:53:35.125,bitmex,AEVO/USDT:USDT,0.1107,229.0,0.1095,472.0,0.1117,134.0,0.112,193.0
1753617215175,11:53:35.175,bitmex,AEVO/USDT:USDT,0.1107,229.0,0.1096,456.0,0.1117,134.0,0.112,193.0
1753617216391,11:53:36.391,bitmex,AEVO/USDT:USDT,0.1107,229.0,0.1096,456.0,0.1117,134.0,0.112,193.0
1753617216441,11:53:36.441,bitmex,AEVO/USDT:USDT,0.1107,229.0,0.1096,456.0,0.1117,134.0,0.112,193.0
1753617217457,11:53:37.457,bitmex,AEVO/USDT:USDT,0.1107,229.0,0.1096,456.0,0.1117,134.0,0.112,193.0
1753617217507,11:53:37.507,bitmex,AEVO/USDT:USDT,0.1107,229.0,0.1096,456.0,0.1117,134.0,0.112,193.0
1753617218592,11:53:38.592,bitmex,AEVO/USDT:USDT,0.1107,229.0,0.1096,456.0,0.1117,134.0,0.112,193.0
1753617218655,11:53:38.655,bitmex,AEVO/USDT:USDT,0.1107,229.0,0.1096,456.0,0.1117,134.0,0.112,193.0
1753617219795,11:53:39.795,bitmex,AEVO/USDT:USDT,0.1107,229.0,0.1096,456.0,0.1117,134.0,0.112,193.0
1753617219845,11:53:39.845,bitmex,AEVO/USDT:USDT,0.1107,229.0,0.1096,456.0,0.1117,134.0,0.112,193.0
1753617221825,11:53:41.825,bitmex,AEVO/USDT:USDT,0.1107,229.0,0.1096,456.0,0.1117,134.0,0.112,193.0
1753617221875,11:53:41.875,bitmex,AEVO/USDT:USDT,0.1107,229.0,0.1096,456.0,0.1117,134.0,0.112,193.0
1753617222088,11:53:42.088,bitmex,AEVO/USDT:USDT,0.1107,229.0,0.1096,456.0,0.112,193.0,0.1131,454.0
1753617222710,11:53:42.710,bitmex,AEVO/USDT:USDT,0.1107,229.0,0.1096,456.0,0.112,193.0,0.1131,454.0
1753617222759,11:53:42.759,bitmex,AEVO/USDT:USDT,0.1107,229.0,0.1096,456.0,0.112,193.0,0.1131,454.0
1753617224003,11:53:44.003,bitmex,AEVO/USDT:USDT,0.1107,229.0,0.1096,456.0,0.112,193.0,0.1131,454.0
1753617224053,11:53:44.053,bitmex,AEVO/USDT:USDT,0.1107,229.0,0.1096,456.0,0.112,193.0,0.1131,454.0
1753617225046,11:53:45.046,bitmex,AEVO/USDT:USDT,0.1107,229.0,0.1096,456.0,0.112,193.0,0.1131,454.0
1753617225095,11:53:45.095,bitmex,AEVO/USDT:USDT,0.1107,229.0,0.1096,456.0,0.112,193.0,0.1131,454.0
1753617226294,11:53:46.294,bitmex,AEVO/USDT:USDT,0.1107,229.0,0.1096,456.0,0.112,193.0,0.1131,454.0
1753617226344,11:53:46.344,bitmex,AEVO/USDT:USDT,0.1107,229.0,0.1096,456.0,0.112,193.0,0.1131,454.0
1753617227402,11:53:47.402,bitmex,AEVO/USDT:USDT,0.1107,229.0,0.1096,456.0,0.112,193.0,0.1131,454.0
1753617227452,11:53:47.452,bitmex,AEVO/USDT:USDT,0.1107,229.0,0.1096,456.0,0.112,193.0,0.1131,454.0
1753617228795,11:53:48.795,bitmex,AEVO/USDT:USDT,0.1107,229.0,0.1096,456.0,0.112,193.0,0.1131,454.0
1753617228844,11:53:48.844,bitmex,AEVO/USDT:USDT,0.1107,229.0,0.1096,456.0,0.112,193.0,0.1131,454.0
1753617229744,11:53:49.744,bitmex,AEVO/USDT:USDT,0.1107,229.0,0.1096,456.0,0.112,193.0,0.1131,454.0
1753617229793,11:53:49.793,bitmex,AEVO/USDT:USDT,0.1107,229.0,0.1096,456.0,0.112,193.0,0.1131,454.0
1753617230946,11:53:50.946,bitmex,AEVO/USDT:USDT,0.1107,229.0,0.1096,460.0,0.112,193.0,0.1131,454.0
1753617230996,11:53:50.996,bitmex,AEVO/USDT:USDT,0.1107,229.0,0.1096,460.0,0.112,193.0,0.1131,454.0
1753617232095,11:53:52.095,bitmex,AEVO/USDT:USDT,0.1107,229.0,0.1096,460.0,0.112,193.0,0.1131,454.0
1753617232145,11:53:52.145,bitmex,AEVO/USDT:USDT,0.1107,229.0,0.1096,460.0,0.112,193.0,0.1131,454.0
1753617233314,11:53:53.314,bitmex,AEVO/USDT:USDT,0.1107,229.0,0.1096,460.0,0.112,193.0,0.1131,454.0
1753617233397,11:53:53.397,bitmex,AEVO/USDT:USDT,0.1107,229.0,0.1096,460.0,0.112,193.0,0.1131,454.0
1753617234554,11:53:54.554,bitmex,AEVO/USDT:USDT,0.1107,229.0,0.1096,460.0,0.112,193.0,0.1131,454.0
1753617234614,11:53:54.614,bitmex,AEVO/USDT:USDT,0.1107,229.0,0.1096,460.0,0.112,193.0,0.1131,454.0
1753617235604,11:53:55.604,bitmex,AEVO/USDT:USDT,0.1107,229.0,0.1096,460.0,0.112,193.0,0.1131,454.0
1753617235654,11:53:55.654,bitmex,AEVO/USDT:USDT,0.1107,229.0,0.1096,460.0,0.112,193.0,0.1131,466.0
1753617236775,11:53:56.775,bitmex,AEVO/USDT:USDT,0.1107,229.0,0.1096,460.0,0.112,193.0,0.1131,466.0
1753617236824,11:53:56.824,bitmex,AEVO/USDT:USDT,0.1107,229.0,0.1096,460.0,0.112,193.0,0.1131,466.0
1753617236982,11:53:56.982,bitmex,AEVO/USDT:USDT,0.1107,229.0,0.1096,460.0,0.112,326.0,0.1131,466.0
1753617237918,11:53:57.918,bitmex,AEVO/USDT:USDT,0.1107,229.0,0.1096,460.0,0.112,326.0,0.1131,466.0
1753617237968,11:53:57.968,bitmex,AEVO/USDT:USDT,0.1107,229.0,0.1096,460.0,0.112,326.0,0.1131,466.0
1753617239105,11:53:59.105,bitmex,AEVO/USDT:USDT,0.1107,229.0,0.1096,460.0,0.112,326.0,0.1131,466.0
1753617239174,11:53:59.174,bitmex,AEVO/USDT:USDT,0.1107,229.0,0.1096,460.0,0.112,326.0,0.1131,466.0
1753617240494,11:54:00.494,bitmex,AEVO/USDT:USDT,0.1107,229.0,0.1096,460.0,0.112,326.0,0.1131,466.0
1753617240543,11:54:00.543,bitmex,AEVO/USDT:USDT,0.1107,229.0,0.1096,460.0,0.112,326.0,0.1131,466.0
1753617241037,11:54:01.037,bitmex,AEVO/USDT:USDT,0.1107,199.0,0.1096,460.0,0.112,326.0,0.1131,466.0
1753617241086,11:54:01.086,bitmex,AEVO/USDT:USDT,0.1107,199.0,0.1097,30.0,0.112,326.0,0.1131,466.0
1753617242015,11:54:02.015,bitmex,AEVO/USDT:USDT,0.1107,199.0,0.1097,30.0,0.112,326.0,0.1131,466.0
1753617242783,11:54:02.783,bitmex,AEVO/USDT:USDT,0.1106,202.0,0.1097,30.0,0.112,326.0,0.1131,466.0
1753617242837,11:54:02.837,bitmex,AEVO/USDT:USDT,0.1106,202.0,0.1097,30.0,0.112,326.0,0.1131,466.0
1753617242886,11:54:02.886,bitmex,AEVO/USDT:USDT,0.1106,202.0,0.1097,30.0,0.1119,203.0,0.112,133.0
1753617243929,11:54:03.929,bitmex,AEVO/USDT:USDT,0.1106,202.0,0.1097,30.0,0.1119,203.0,0.112,133.0
1753617243978,11:54:03.978,bitmex,AEVO/USDT:USDT,0.1106,202.0,0.1097,30.0,0.1119,203.0,0.112,133.0
1753617245064,11:54:05.064,bitmex,AEVO/USDT:USDT,0.1106,202.0,0.1097,30.0,0.1119,203.0,0.112,133.0
1753617245113,11:54:05.113,bitmex,AEVO/USDT:USDT,0.1106,202.0,0.1097,30.0,0.1119,203.0,0.112,133.0
1753617246219,11:54:06.219,bitmex,AEVO/USDT:USDT,0.1106,202.0,0.1097,30.0,0.1119,203.0,0.112,133.0
1753617246283,11:54:06.283,bitmex,AEVO/USDT:USDT,0.1106,202.0,0.1097,30.0,0.1119,203.0,0.112,133.0
1753617247449,11:54:07.449,bitmex,AEVO/USDT:USDT,0.1106,202.0,0.1097,30.0,0.1119,203.0,0.112,133.0
1753617247498,11:54:07.498,bitmex,AEVO/USDT:USDT,0.1106,202.0,0.1097,30.0,0.1119,203.0,0.112,133.0
1753617248697,11:54:08.697,bitmex,AEVO/USDT:USDT,0.1106,202.0,0.1097,30.0,0.1119,203.0,0.112,133.0
1753617248746,11:54:08.746,bitmex,AEVO/USDT:USDT,0.1106,202.0,0.1097,30.0,0.1119,203.0,0.112,133.0
1753617249766,11:54:09.766,bitmex,AEVO/USDT:USDT,0.1106,202.0,0.1097,30.0,0.1119,203.0,0.112,133.0
1753617249815,11:54:09.815,bitmex,AEVO/USDT:USDT,0.1106,202.0,0.1097,30.0,0.1119,203.0,0.112,133.0
1753617250914,11:54:10.914,bitmex,AEVO/USDT:USDT,0.1106,202.0,0.1097,30.0,0.1119,203.0,0.112,133.0
1753617250964,11:54:10.964,bitmex,AEVO/USDT:USDT,0.1106,202.0,0.1097,30.0,0.1119,203.0,0.112,133.0
1753617252066,11:54:12.066,bitmex,AEVO/USDT:USDT,0.1106,202.0,0.1097,30.0,0.1119,203.0,0.112,133.0
1753617252116,11:54:12.116,bitmex,AEVO/USDT:USDT,0.1106,202.0,0.1097,30.0,0.1119,203.0,0.112,133.0
1753617253453,11:54:13.453,bitmex,AEVO/USDT:USDT,0.1106,202.0,0.1097,30.0,0.1119,203.0,0.112,133.0
1753617253503,11:54:13.503,bitmex,AEVO/USDT:USDT,0.1106,202.0,0.1097,30.0,0.1119,203.0,0.112,133.0
1753617254425,11:54:14.425,bitmex,AEVO/USDT:USDT,0.1106,202.0,0.1097,30.0,0.1119,203.0,0.112,133.0
1753617254475,11:54:14.475,bitmex,AEVO/USDT:USDT,0.1106,202.0,0.1097,30.0,0.1119,203.0,0.112,133.0
1753617255526,11:54:15.526,bitmex,AEVO/USDT:USDT,0.1106,202.0,0.1097,30.0,0.1119,203.0,0.112,133.0
1753617255575,11:54:15.575,bitmex,AEVO/USDT:USDT,0.1106,202.0,0.1097,30.0,0.1119,203.0,0.112,133.0
1753617256698,11:54:16.698,bitmex,AEVO/USDT:USDT,0.1106,202.0,0.1097,30.0,0.1119,203.0,0.112,133.0
1753617256749,11:54:16.749,bitmex,AEVO/USDT:USDT,0.1106,202.0,0.1097,30.0,0.1119,203.0,0.112,133.0
1753617258112,11:54:18.112,bitmex,AEVO/USDT:USDT,0.1106,202.0,0.1097,30.0,0.1119,203.0,0.112,133.0
1753617259258,11:54:19.258,bitmex,AEVO/USDT:USDT,0.1106,202.0,0.1097,30.0,0.1119,203.0,0.112,133.0
1753617259364,11:54:19.364,bitmex,AEVO/USDT:USDT,0.1106,202.0,0.1097,30.0,0.1119,203.0,0.112,133.0
1753617260276,11:54:20.276,bitmex,AEVO/USDT:USDT,0.1106,202.0,0.1097,30.0,0.1119,203.0,0.112,133.0
1753617260325,11:54:20.325,bitmex,AEVO/USDT:USDT,0.1106,202.0,0.1097,30.0,0.1119,203.0,0.112,133.0
1753617261462,11:54:21.462,bitmex,AEVO/USDT:USDT,0.1106,202.0,0.1097,30.0,0.1119,203.0,0.112,133.0
1753617261512,11:54:21.512,bitmex,AEVO/USDT:USDT,0.1106,202.0,0.1097,30.0,0.1119,203.0,0.112,133.0
1753617262553,11:54:22.553,bitmex,AEVO/USDT:USDT,0.1106,202.0,0.1097,30.0,0.1119,203.0,0.112,133.0
1753617262602,11:54:22.602,bitmex,AEVO/USDT:USDT,0.1106,202.0,0.1097,30.0,0.1119,203.0,0.112,133.0
1753617263765,11:54:23.765,bitmex,AEVO/USDT:USDT,0.1106,202.0,0.1097,30.0,0.1119,203.0,0.112,133.0
1753617263814,11:54:23.814,bitmex,AEVO/USDT:USDT,0.1106,202.0,0.1097,30.0,0.1119,203.0,0.112,133.0
1753617265098,11:54:25.098,bitmex,AEVO/USDT:USDT,0.1106,202.0,0.1097,30.0,0.1119,203.0,0.112,133.0
1753617265147,11:54:25.147,bitmex,AEVO/USDT:USDT,0.1106,202.0,0.1097,30.0,0.1119,203.0,0.112,133.0
1753617266024,11:54:26.024,bitmex,AEVO/USDT:USDT,0.1106,202.0,0.1097,30.0,0.1119,203.0,0.112,133.0
1753617266085,11:54:26.085,bitmex,AEVO/USDT:USDT,0.1106,202.0,0.1097,30.0,0.1119,203.0,0.112,133.0
1753617267188,11:54:27.188,bitmex,AEVO/USDT:USDT,0.1106,202.0,0.1097,30.0,0.1119,203.0,0.112,133.0
1753617267238,11:54:27.238,bitmex,AEVO/USDT:USDT,0.1106,202.0,0.1097,30.0,0.1119,203.0,0.112,133.0
1753617268487,11:54:28.487,bitmex,AEVO/USDT:USDT,0.1106,202.0,0.1097,30.0,0.1119,203.0,0.112,133.0
1753617268536,11:54:28.536,bitmex,AEVO/USDT:USDT,0.1106,202.0,0.1097,30.0,0.1119,203.0,0.112,133.0
1753617269634,11:54:29.634,bitmex,AEVO/USDT:USDT,0.1106,202.0,0.1097,30.0,0.1119,203.0,0.112,133.0
1753617269684,11:54:29.684,bitmex,AEVO/USDT:USDT,0.1106,202.0,0.1097,30.0,0.1119,203.0,0.112,133.0
1753617270979,11:54:30.979,bitmex,AEVO/USDT:USDT,0.1106,202.0,0.1097,30.0,0.1118,206.0,0.112,133.0
1753617271029,11:54:31.029,bitmex,AEVO/USDT:USDT,0.1105,198.0,0.1097,30.0,0.1118,206.0,0.112,133.0
1753617271887,11:54:31.887,bitmex,AEVO/USDT:USDT,0.1105,198.0,0.1097,30.0,0.1118,206.0,0.112,133.0
1753617271939,11:54:31.939,bitmex,AEVO/USDT:USDT,0.1105,198.0,0.1097,30.0,0.1118,206.0,0.112,133.0
1753617273104,11:54:33.104,bitmex,AEVO/USDT:USDT,0.1105,198.0,0.1097,30.0,0.1118,206.0,0.112,133.0
1753617273154,11:54:33.154,bitmex,AEVO/USDT:USDT,0.1105,198.0,0.1097,30.0,0.1118,206.0,0.112,133.0
1753617274273,11:54:34.273,bitmex,AEVO/USDT:USDT,0.1105,198.0,0.1097,30.0,0.1118,206.0,0.112,133.0
1753617274323,11:54:34.323,bitmex,AEVO/USDT:USDT,0.1105,198.0,0.1097,30.0,0.1118,206.0,0.112,133.0
1753617275455,11:54:35.455,bitmex,AEVO/USDT:USDT,0.1105,198.0,0.1097,30.0,0.1118,206.0,0.112,133.0
1753617275515,11:54:35.515,bitmex,AEVO/USDT:USDT,0.1105,198.0,0.1097,30.0,0.1118,206.0,0.112,133.0
1753617276824,11:54:36.824,bitmex,AEVO/USDT:USDT,0.1105,198.0,0.1097,30.0,0.1118,206.0,0.112,133.0
1753617276873,11:54:36.873,bitmex,AEVO/USDT:USDT,0.1105,198.0,0.1097,30.0,0.1118,206.0,0.112,133.0
1753617277897,11:54:37.897,bitmex,AEVO/USDT:USDT,0.1105,198.0,0.1097,30.0,0.1118,206.0,0.112,133.0
1753617277947,11:54:37.947,bitmex,AEVO/USDT:USDT,0.1105,198.0,0.1097,30.0,0.1118,206.0,0.112,133.0
1753617279014,11:54:39.014,bitmex,AEVO/USDT:USDT,0.1105,198.0,0.1097,30.0,0.1118,206.0,0.112,133.0
1753617279063,11:54:39.063,bitmex,AEVO/USDT:USDT,0.1105,198.0,0.1097,30.0,0.1118,206.0,0.112,133.0
1753617280194,11:54:40.194,bitmex,AEVO/USDT:USDT,0.1105,198.0,0.1097,30.0,0.1118,206.0,0.112,133.0
1753617280243,11:54:40.243,bitmex,AEVO/USDT:USDT,0.1105,198.0,0.1097,30.0,0.1118,206.0,0.112,133.0
1753617281375,11:54:41.375,bitmex,AEVO/USDT:USDT,0.1105,198.0,0.1097,30.0,0.1118,206.0,0.112,133.0
1753617281444,11:54:41.444,bitmex,AEVO/USDT:USDT,0.1105,198.0,0.1097,30.0,0.1118,206.0,0.112,133.0
1753617282736,11:54:42.736,bitmex,AEVO/USDT:USDT,0.1105,198.0,0.1097,30.0,0.1118,206.0,0.112,133.0
1753617283735,11:54:43.735,bitmex,AEVO/USDT:USDT,0.1105,198.0,0.1097,30.0,0.1118,206.0,0.112,133.0
1753617283785,11:54:43.785,bitmex,AEVO/USDT:USDT,0.1105,198.0,0.1097,30.0,0.1118,206.0,0.112,133.0
1753617284843,11:54:44.843,bitmex,AEVO/USDT:USDT,0.1105,198.0,0.1097,30.0,0.1118,206.0,0.112,133.0
1753617284894,11:54:44.894,bitmex,AEVO/USDT:USDT,0.1105,198.0,0.1097,30.0,0.1118,206.0,0.112,133.0
1753617286054,11:54:46.054,bitmex,AEVO/USDT:USDT,0.1105,198.0,0.1097,30.0,0.1118,206.0,0.112,133.0
1753617286103,11:54:46.103,bitmex,AEVO/USDT:USDT,0.1105,198.0,0.1097,30.0,0.1118,206.0,0.112,133.0
1753617287235,11:54:47.235,bitmex,AEVO/USDT:USDT,0.1105,198.0,0.1097,30.0,0.1118,206.0,0.112,133.0
1753617288474,11:54:48.474,bitmex,AEVO/USDT:USDT,0.1105,198.0,0.1097,30.0,0.1118,206.0,0.112,133.0
1753617288524,11:54:48.524,bitmex,AEVO/USDT:USDT,0.1105,198.0,0.1097,30.0,0.1118,206.0,0.112,133.0
1753617289624,11:54:49.624,bitmex,AEVO/USDT:USDT,0.1105,198.0,0.1097,30.0,0.1118,206.0,0.112,133.0
1753617289673,11:54:49.673,bitmex,AEVO/USDT:USDT,0.1105,198.0,0.1097,30.0,0.1118,206.0,0.112,133.0
1753617290797,11:54:50.797,bitmex,AEVO/USDT:USDT,0.1105,198.0,0.1097,30.0,0.1118,206.0,0.112,133.0
1753617290847,11:54:50.847,bitmex,AEVO/USDT:USDT,0.1105,198.0,0.1097,30.0,0.1118,206.0,0.112,133.0
1753617292387,11:54:52.387,bitmex,AEVO/USDT:USDT,0.1105,198.0,0.1097,30.0,0.1118,206.0,0.112,133.0
1753617292436,11:54:52.436,bitmex,AEVO/USDT:USDT,0.1105,198.0,0.1097,30.0,0.1118,206.0,0.112,133.0
1753617293179,11:54:53.179,bitmex,AEVO/USDT:USDT,0.1105,198.0,0.1097,30.0,0.1118,206.0,0.112,133.0
1753617293229,11:54:53.229,bitmex,AEVO/USDT:USDT,0.1105,198.0,0.1097,30.0,0.1118,206.0,0.112,133.0
1753617294435,11:54:54.435,bitmex,AEVO/USDT:USDT,0.1106,191.0,0.1097,30.0,0.1118,206.0,0.112,133.0
1753617294484,11:54:54.484,bitmex,AEVO/USDT:USDT,0.1106,191.0,0.1095,30.0,0.1118,206.0,0.112,133.0
1753617294533,11:54:54.533,bitmex,AEVO/USDT:USDT,0.1106,191.0,0.1095,30.0,0.1119,207.0,0.112,133.0
1753617295599,11:54:55.599,bitmex,AEVO/USDT:USDT,0.1106,191.0,0.1095,30.0,0.1119,207.0,0.112,133.0
1753617295648,11:54:55.648,bitmex,AEVO/USDT:USDT,0.1106,191.0,0.1095,30.0,0.1119,207.0,0.112,133.0
1753617297393,11:54:57.393,bitmex,AEVO/USDT:USDT,0.1106,191.0,0.1095,30.0,0.1119,207.0,0.112,133.0
1753617297442,11:54:57.442,bitmex,AEVO/USDT:USDT,0.1106,191.0,0.1095,30.0,0.1119,207.0,0.112,133.0
1753617298165,11:54:58.165,bitmex,AEVO/USDT:USDT,0.1106,191.0,0.1095,30.0,0.1119,207.0,0.112,133.0
1753617298215,11:54:58.215,bitmex,AEVO/USDT:USDT,0.1106,191.0,0.1095,30.0,0.1119,207.0,0.112,133.0
1753617299415,11:54:59.415,bitmex,AEVO/USDT:USDT,0.1106,191.0,0.1095,30.0,0.1119,207.0,0.112,133.0
1753617299465,11:54:59.465,bitmex,AEVO/USDT:USDT,0.1106,191.0,0.1095,30.0,0.1119,207.0,0.112,133.0
1753617300474,11:55:00.474,bitmex,AEVO/USDT:USDT,0.1106,191.0,0.1095,30.0,0.1119,207.0,0.112,133.0
1753617300524,11:55:00.524,bitmex,AEVO/USDT:USDT,0.1106,191.0,0.1095,30.0,0.1119,207.0,0.112,133.0
1753617301833,11:55:01.833,bitmex,AEVO/USDT:USDT,0.1106,191.0,0.1095,30.0,0.1119,207.0,0.112,133.0
1753617301883,11:55:01.883,bitmex,AEVO/USDT:USDT,0.1106,191.0,0.1095,30.0,0.1119,207.0,0.112,133.0
1753617302826,11:55:02.826,bitmex,AEVO/USDT:USDT,0.1106,191.0,0.1095,30.0,0.1119,207.0,0.112,133.0
1753617302876,11:55:02.876,bitmex,AEVO/USDT:USDT,0.1106,191.0,0.1095,30.0,0.1119,207.0,0.112,133.0
1753617304241,11:55:04.241,bitmex,AEVO/USDT:USDT,0.1106,191.0,0.1095,30.0,0.1118,192.0,0.112,133.0
1753617304291,11:55:04.291,bitmex,AEVO/USDT:USDT,0.1105,190.0,0.1095,30.0,0.1118,192.0,0.112,133.0
1753617304340,11:55:04.340,bitmex,AEVO/USDT:USDT,0.1105,190.0,0.1095,30.0,0.1118,192.0,0.112,133.0
1753617305255,11:55:05.255,bitmex,AEVO/USDT:USDT,0.1105,190.0,0.1095,30.0,0.1118,192.0,0.112,133.0
1753617305305,11:55:05.305,bitmex,AEVO/USDT:USDT,0.1105,190.0,0.1095,30.0,0.1118,192.0,0.112,133.0
1753617306454,11:55:06.454,bitmex,AEVO/USDT:USDT,0.1105,190.0,0.1095,30.0,0.1118,192.0,0.112,133.0
1753617306503,11:55:06.503,bitmex,AEVO/USDT:USDT,0.1105,190.0,0.1095,30.0,0.1118,192.0,0.112,133.0
1753617307654,11:55:07.654,bitmex,AEVO/USDT:USDT,0.1105,190.0,0.1095,30.0,0.1118,192.0,0.112,133.0
1753617307703,11:55:07.703,bitmex,AEVO/USDT:USDT,0.1105,190.0,0.1095,30.0,0.1118,192.0,0.112,133.0
1753617308735,11:55:08.735,bitmex,AEVO/USDT:USDT,0.1105,190.0,0.1095,30.0,0.1118,192.0,0.112,133.0
1753617308806,11:55:08.806,bitmex,AEVO/USDT:USDT,0.1105,190.0,0.1095,30.0,0.1118,192.0,0.112,133.0
1753617310001,11:55:10.001,bitmex,AEVO/USDT:USDT,0.1105,190.0,0.1095,30.0,0.1118,192.0,0.112,133.0
1753617310050,11:55:10.050,bitmex,AEVO/USDT:USDT,0.1105,190.0,0.1095,30.0,0.1118,192.0,0.112,133.0
1753617311070,11:55:11.070,bitmex,AEVO/USDT:USDT,0.1105,190.0,0.1095,30.0,0.1119,205.0,0.112,133.0
1753617311168,11:55:11.168,bitmex,AEVO/USDT:USDT,0.1106,209.0,0.1095,30.0,0.1119,205.0,0.112,133.0
1753617312302,11:55:12.302,bitmex,AEVO/USDT:USDT,0.1106,209.0,0.1095,30.0,0.1119,205.0,0.112,133.0
1753617312355,11:55:12.355,bitmex,AEVO/USDT:USDT,0.1106,209.0,0.1095,30.0,0.1119,205.0,0.112,133.0
1753617313498,11:55:13.498,bitmex,AEVO/USDT:USDT,0.1106,209.0,0.1095,30.0,0.1119,205.0,0.112,133.0
1753617313547,11:55:13.547,bitmex,AEVO/USDT:USDT,0.1106,209.0,0.1095,30.0,0.1119,205.0,0.112,133.0
1753617314533,11:55:14.533,bitmex,AEVO/USDT:USDT,0.1105,192.0,0.1095,30.0,0.1119,205.0,0.112,133.0
1753617314583,11:55:14.583,bitmex,AEVO/USDT:USDT,0.1105,192.0,0.1095,30.0,0.1118,195.0,0.112,133.0
1753617314632,11:55:14.632,bitmex,AEVO/USDT:USDT,0.1105,192.0,0.1095,30.0,0.1118,195.0,0.112,133.0
1753617316064,11:55:16.064,bitmex,AEVO/USDT:USDT,0.1105,192.0,0.1095,30.0,0.1118,195.0,0.112,133.0
1753617316114,11:55:16.114,bitmex,AEVO/USDT:USDT,0.1105,192.0,0.1095,30.0,0.1118,195.0,0.112,133.0
1753617316988,11:55:16.988,bitmex,AEVO/USDT:USDT,0.1105,192.0,0.1095,30.0,0.1118,195.0,0.112,133.0
1753617317038,11:55:17.038,bitmex,AEVO/USDT:USDT,0.1105,192.0,0.1095,30.0,0.1118,195.0,0.112,133.0
1753617318118,11:55:18.118,bitmex,AEVO/USDT:USDT,0.1105,192.0,0.1095,30.0,0.1118,195.0,0.112,133.0
1753617318167,11:55:18.167,bitmex,AEVO/USDT:USDT,0.1105,192.0,0.1095,30.0,0.1118,195.0,0.112,133.0
1753617319326,11:55:19.326,bitmex,AEVO/USDT:USDT,0.1105,192.0,0.1095,30.0,0.1118,195.0,0.112,133.0
1753617319375,11:55:19.375,bitmex,AEVO/USDT:USDT,0.1105,192.0,0.1095,30.0,0.1118,195.0,0.112,133.0
1753617321925,11:55:21.925,bitmex,AEVO/USDT:USDT,0.1104,206.0,0.1095,30.0,0.1118,195.0,0.112,133.0
1753617322003,11:55:22.003,bitmex,AEVO/USDT:USDT,0.1104,206.0,0.1095,30.0,0.1117,204.0,0.112,133.0
1753617322053,11:55:22.053,bitmex,AEVO/USDT:USDT,0.1104,206.0,0.1095,30.0,0.1117,204.0,0.112,133.0
1753617322102,11:55:22.102,bitmex,AEVO/USDT:USDT,0.1104,206.0,0.1095,30.0,0.1117,204.0,0.112,133.0
1753617322976,11:55:22.976,bitmex,AEVO/USDT:USDT,0.1104,206.0,0.1095,30.0,0.1117,204.0,0.112,133.0
1753617323025,11:55:23.025,bitmex,AEVO/USDT:USDT,0.1104,206.0,0.1095,30.0,0.1117,204.0,0.112,133.0
1753617324007,11:55:24.007,bitmex,AEVO/USDT:USDT,0.1104,206.0,0.1095,30.0,0.1117,204.0,0.112,133.0
1753617324073,11:55:24.073,bitmex,AEVO/USDT:USDT,0.1104,206.0,0.1095,30.0,0.1117,204.0,0.112,133.0
1753617325256,11:55:25.256,bitmex,AEVO/USDT:USDT,0.1105,192.0,0.1095,30.0,0.1117,204.0,0.112,133.0
1753617325306,11:55:25.306,bitmex,AEVO/USDT:USDT,0.1105,192.0,0.1095,30.0,0.1118,205.0,0.112,133.0
1753617325356,11:55:25.356,bitmex,AEVO/USDT:USDT,0.1105,192.0,0.1095,30.0,0.1118,205.0,0.112,133.0
1753617326431,11:55:26.431,bitmex,AEVO/USDT:USDT,0.1105,192.0,0.1095,30.0,0.1118,205.0,0.112,133.0
1753617326544,11:55:26.544,bitmex,AEVO/USDT:USDT,0.1105,192.0,0.1095,30.0,0.1118,205.0,0.112,133.0
1753617327874,11:55:27.874,bitmex,AEVO/USDT:USDT,0.1105,192.0,0.1095,30.0,0.1117,204.0,0.112,133.0
1753617327924,11:55:27.924,bitmex,AEVO/USDT:USDT,0.1104,202.0,0.1094,30.0,0.1117,204.0,0.112,133.0
1753617327973,11:55:27.973,bitmex,AEVO/USDT:USDT,0.1104,202.0,0.1094,30.0,0.1117,204.0,0.112,133.0
1753617328751,11:55:28.751,bitmex,AEVO/USDT:USDT,0.1104,202.0,0.1094,30.0,0.1117,204.0,0.112,133.0
1753617328800,11:55:28.800,bitmex,AEVO/USDT:USDT,0.1104,202.0,0.1094,30.0,0.1117,204.0,0.112,133.0
1753617329889,11:55:29.889,bitmex,AEVO/USDT:USDT,0.1104,202.0,0.1094,30.0,0.1117,204.0,0.112,133.0
1753617329938,11:55:29.938,bitmex,AEVO/USDT:USDT,0.1104,202.0,0.1094,30.0,0.1117,204.0,0.112,133.0
1753617331172,11:55:31.172,bitmex,AEVO/USDT:USDT,0.1104,202.0,0.1094,30.0,0.1117,204.0,0.112,133.0
1753617331222,11:55:31.222,bitmex,AEVO/USDT:USDT,0.1104,202.0,0.1094,30.0,0.1117,204.0,0.112,133.0
1753617332185,11:55:32.185,bitmex,AEVO/USDT:USDT,0.1104,202.0,0.1094,30.0,0.1117,204.0,0.112,133.0
1753617332264,11:55:32.264,bitmex,AEVO/USDT:USDT,0.1104,202.0,0.1094,30.0,0.1117,204.0,0.1128,446.0
1753617332313,11:55:32.313,bitmex,AEVO/USDT:USDT,0.1104,202.0,0.1094,30.0,0.1117,204.0,0.1128,446.0
1753617332906,11:55:32.906,bitmex,AEVO/USDT:USDT,0.1104,202.0,0.1094,30.0,0.1117,338.0,0.1128,446.0
1753617333350,11:55:33.350,bitmex,AEVO/USDT:USDT,0.1104,202.0,0.1094,30.0,0.1117,338.0,0.1128,446.0
1753617333399,11:55:33.399,bitmex,AEVO/USDT:USDT,0.1104,202.0,0.1094,30.0,0.1117,338.0,0.1128,446.0
1753617334654,11:55:34.654,bitmex,AEVO/USDT:USDT,0.1104,202.0,0.1094,30.0,0.1117,338.0,0.1128,446.0
1753617334703,11:55:34.703,bitmex,AEVO/USDT:USDT,0.1104,202.0,0.1094,30.0,0.1117,338.0,0.1128,446.0
1753617335732,11:55:35.732,bitmex,AEVO/USDT:USDT,0.1104,202.0,0.1094,30.0,0.1117,338.0,0.1128,446.0
1753617335782,11:55:35.782,bitmex,AEVO/USDT:USDT,0.1104,202.0,0.1094,30.0,0.1117,338.0,0.1128,446.0
1753617336994,11:55:36.994,bitmex,AEVO/USDT:USDT,0.1104,202.0,0.1094,30.0,0.1117,338.0,0.1128,446.0
1753617337043,11:55:37.043,bitmex,AEVO/USDT:USDT,0.1104,202.0,0.1094,30.0,0.1117,338.0,0.1128,446.0
1753617338023,11:55:38.023,bitmex,AEVO/USDT:USDT,0.1104,202.0,0.1094,30.0,0.1117,338.0,0.1128,446.0
1753617338073,11:55:38.073,bitmex,AEVO/USDT:USDT,0.1104,202.0,0.1094,30.0,0.1117,338.0,0.1128,446.0
1753617340507,11:55:40.507,bitmex,AEVO/USDT:USDT,0.1104,202.0,0.1094,30.0,0.1117,338.0,0.1128,446.0
1753617340557,11:55:40.557,bitmex,AEVO/USDT:USDT,0.1104,202.0,0.1094,30.0,0.1117,338.0,0.1128,446.0
1753617341625,11:55:41.625,bitmex,AEVO/USDT:USDT,0.1104,202.0,0.1094,30.0,0.1117,338.0,0.1128,446.0
1753617341674,11:55:41.674,bitmex,AEVO/USDT:USDT,0.1104,202.0,0.1094,30.0,0.1117,338.0,0.1128,446.0
1753617343966,11:55:43.966,bitmex,AEVO/USDT:USDT,0.1104,202.0,0.1094,30.0,0.1117,338.0,0.1128,446.0
1753617344016,11:55:44.016,bitmex,AEVO/USDT:USDT,0.1104,202.0,0.1094,30.0,0.1117,338.0,0.1128,446.0
1753617345096,11:55:45.096,bitmex,AEVO/USDT:USDT,0.1104,202.0,0.1094,30.0,0.1117,338.0,0.1128,446.0
1753617345167,11:55:45.167,bitmex,AEVO/USDT:USDT,0.1104,202.0,0.1094,30.0,0.1117,338.0,0.1128,446.0
1753617346605,11:55:46.605,bitmex,AEVO/USDT:USDT,0.1104,202.0,0.1094,30.0,0.1117,338.0,0.1128,446.0
1753617346657,11:55:46.657,bitmex,AEVO/USDT:USDT,0.1104,202.0,0.1094,30.0,0.1117,338.0,0.1128,446.0
1753617347593,11:55:47.593,bitmex,AEVO/USDT:USDT,0.1104,202.0,0.1094,30.0,0.1117,338.0,0.1128,446.0
1753617348813,11:55:48.813,bitmex,AEVO/USDT:USDT,0.1105,194.0,0.1094,30.0,0.1117,338.0,0.1128,446.0
1753617348863,11:55:48.863,bitmex,AEVO/USDT:USDT,0.1105,194.0,0.1094,30.0,0.1117,134.0,0.1118,197.0
1753617348972,11:55:48.972,bitmex,AEVO/USDT:USDT,0.1105,194.0,0.1094,30.0,0.1117,134.0,0.1118,197.0
1753617349765,11:55:49.765,bitmex,AEVO/USDT:USDT,0.1105,194.0,0.1094,30.0,0.1117,134.0,0.1118,197.0
1753617349815,11:55:49.815,bitmex,AEVO/USDT:USDT,0.1105,194.0,0.1094,30.0,0.1117,134.0,0.1118,197.0
1753617351104,11:55:51.104,bitmex,AEVO/USDT:USDT,0.1105,194.0,0.1094,30.0,0.1117,134.0,0.1118,197.0
1753617351153,11:55:51.153,bitmex,AEVO/USDT:USDT,0.1105,194.0,0.1094,30.0,0.1117,134.0,0.1118,197.0
1753617352325,11:55:52.325,bitmex,AEVO/USDT:USDT,0.1105,194.0,0.1094,30.0,0.1117,134.0,0.1118,197.0
1753617352375,11:55:52.375,bitmex,AEVO/USDT:USDT,0.1105,194.0,0.1094,30.0,0.1117,134.0,0.1118,197.0
1753617353314,11:55:53.314,bitmex,AEVO/USDT:USDT,0.1105,194.0,0.1094,469.0,0.1117,134.0,0.1118,197.0
1753617353363,11:55:53.363,bitmex,AEVO/USDT:USDT,0.1105,194.0,0.1094,469.0,0.1117,134.0,0.1118,197.0
1753617354524,11:55:54.524,bitmex,AEVO/USDT:USDT,0.1105,194.0,0.1094,469.0,0.1117,134.0,0.1118,197.0
1753617354584,11:55:54.584,bitmex,AEVO/USDT:USDT,0.1105,194.0,0.1094,469.0,0.1117,134.0,0.1118,197.0
1753617355747,11:55:55.747,bitmex,AEVO/USDT:USDT,0.1105,194.0,0.1094,469.0,0.1117,134.0,0.1118,197.0
1753617355796,11:55:55.796,bitmex,AEVO/USDT:USDT,0.1105,194.0,0.1094,469.0,0.1117,134.0,0.1118,197.0
1753617356886,11:55:56.886,bitmex,AEVO/USDT:USDT,0.1105,194.0,0.1094,469.0,0.1117,134.0,0.1118,197.0
1753617356935,11:55:56.935,bitmex,AEVO/USDT:USDT,0.1105,194.0,0.1094,469.0,0.1117,134.0,0.1118,197.0
1753617358227,11:55:58.227,bitmex,AEVO/USDT:USDT,0.1104,198.0,0.1094,469.0,0.1117,134.0,0.1118,197.0
1753617358276,11:55:58.276,bitmex,AEVO/USDT:USDT,0.1104,198.0,0.1094,469.0,0.1117,330.0,0.1128,445.0
1753617358325,11:55:58.325,bitmex,AEVO/USDT:USDT,0.1104,198.0,0.1094,469.0,0.1117,330.0,0.1128,445.0
1753617359204,11:55:59.204,bitmex,AEVO/USDT:USDT,0.1104,198.0,0.1094,469.0,0.1117,330.0,0.1128,445.0
1753617359254,11:55:59.254,bitmex,AEVO/USDT:USDT,0.1104,198.0,0.1094,469.0,0.1117,330.0,0.1128,445.0
1753617360374,11:56:00.374,bitmex,AEVO/USDT:USDT,0.1104,198.0,0.1094,469.0,0.1117,330.0,0.1128,445.0
1753617360424,11:56:00.424,bitmex,AEVO/USDT:USDT,0.1104,198.0,0.1094,469.0,0.1117,330.0,0.1128,445.0
1753617361594,11:56:01.594,bitmex,AEVO/USDT:USDT,0.1105,198.0,0.1094,469.0,0.1117,330.0,0.1128,445.0
1753617361643,11:56:01.643,bitmex,AEVO/USDT:USDT,0.1105,198.0,0.1094,469.0,0.1117,134.0,0.1118,193.0
1753617361692,11:56:01.692,bitmex,AEVO/USDT:USDT,0.1105,198.0,0.1094,469.0,0.1117,134.0,0.1118,193.0
1753617362813,11:56:02.813,bitmex,AEVO/USDT:USDT,0.1105,198.0,0.1094,469.0,0.1117,134.0,0.1118,193.0
1753617362875,11:56:02.875,bitmex,AEVO/USDT:USDT,0.1105,198.0,0.1094,469.0,0.1117,134.0,0.1118,193.0
1753617363905,11:56:03.905,bitmex,AEVO/USDT:USDT,0.1105,198.0,0.1094,469.0,0.1117,134.0,0.1118,193.0
1753617363986,11:56:03.986,bitmex,AEVO/USDT:USDT,0.1105,198.0,0.1094,469.0,0.1117,134.0,0.1118,193.0
1753617365231,11:56:05.231,bitmex,AEVO/USDT:USDT,0.1105,198.0,0.1094,469.0,0.1117,134.0,0.1118,193.0
1753617365280,11:56:05.280,bitmex,AEVO/USDT:USDT,0.1105,198.0,0.1094,469.0,0.1117,134.0,0.1118,193.0
1753617366309,11:56:06.309,bitmex,AEVO/USDT:USDT,0.1105,198.0,0.1094,469.0,0.1117,134.0,0.1118,193.0
1753617366359,11:56:06.359,bitmex,AEVO/USDT:USDT,0.1105,198.0,0.1094,469.0,0.1117,134.0,0.1118,193.0
1753617367469,11:56:07.469,bitmex,AEVO/USDT:USDT,0.1105,198.0,0.1094,469.0,0.1117,134.0,0.1118,193.0
1753617367518,11:56:07.518,bitmex,AEVO/USDT:USDT,0.1105,198.0,0.1094,469.0,0.1117,134.0,0.1118,193.0
1753617368529,11:56:08.529,bitmex,AEVO/USDT:USDT,0.1105,198.0,0.1094,476.0,0.1117,134.0,0.1118,193.0
1753617368578,11:56:08.578,bitmex,AEVO/USDT:USDT,0.1105,198.0,0.1094,476.0,0.1117,134.0,0.1118,193.0
1753617369742,11:56:09.742,bitmex,AEVO/USDT:USDT,0.1105,198.0,0.1094,476.0,0.1117,134.0,0.1118,193.0
1753617369792,11:56:09.792,bitmex,AEVO/USDT:USDT,0.1105,198.0,0.1094,476.0,0.1117,134.0,0.1118,193.0
1753617370953,11:56:10.953,bitmex,AEVO/USDT:USDT,0.1105,198.0,0.1094,476.0,0.1117,134.0,0.1118,193.0
1753617371002,11:56:11.002,bitmex,AEVO/USDT:USDT,0.1105,198.0,0.1094,476.0,0.1117,134.0,0.1118,193.0
1753617372133,11:56:12.133,bitmex,AEVO/USDT:USDT,0.1105,198.0,0.1094,476.0,0.1117,134.0,0.1118,193.0
1753617372183,11:56:12.183,bitmex,AEVO/USDT:USDT,0.1105,198.0,0.1094,476.0,0.1117,134.0,0.1118,193.0
1753617373234,11:56:13.234,bitmex,AEVO/USDT:USDT,0.1105,198.0,0.1094,476.0,0.1117,134.0,0.1118,193.0
1753617374465,11:56:14.465,bitmex,AEVO/USDT:USDT,0.1105,198.0,0.1094,476.0,0.1117,134.0,0.1118,193.0
1753617374514,11:56:14.514,bitmex,AEVO/USDT:USDT,0.1105,198.0,0.1094,476.0,0.1117,134.0,0.1118,193.0
1753617375625,11:56:15.625,bitmex,AEVO/USDT:USDT,0.1105,198.0,0.1094,476.0,0.1117,134.0,0.1118,193.0
1753617375675,11:56:15.675,bitmex,AEVO/USDT:USDT,0.1105,198.0,0.1094,476.0,0.1117,134.0,0.1118,193.0
1753617376907,11:56:16.907,bitmex,AEVO/USDT:USDT,0.1105,198.0,0.1094,476.0,0.1117,134.0,0.1118,193.0
1753617376956,11:56:16.956,bitmex,AEVO/USDT:USDT,0.1105,198.0,0.1094,476.0,0.1117,134.0,0.1118,193.0
1753617378093,11:56:18.093,bitmex,AEVO/USDT:USDT,0.1105,198.0,0.1094,476.0,0.1117,134.0,0.1118,193.0
1753617378143,11:56:18.143,bitmex,AEVO/USDT:USDT,0.1105,198.0,0.1094,476.0,0.1117,134.0,0.1118,193.0
1753617380325,11:56:20.325,bitmex,AEVO/USDT:USDT,0.1105,198.0,0.1094,476.0,0.1117,134.0,0.1118,193.0
1753617380375,11:56:20.375,bitmex,AEVO/USDT:USDT,0.1105,198.0,0.1094,476.0,0.1117,134.0,0.1118,193.0
1753617381444,11:56:21.444,bitmex,AEVO/USDT:USDT,0.1105,198.0,0.1094,476.0,0.1117,134.0,0.1118,193.0
1753617381494,11:56:21.494,bitmex,AEVO/USDT:USDT,0.1105,198.0,0.1094,476.0,0.1117,134.0,0.1118,193.0
1753617382839,11:56:22.839,bitmex,AEVO/USDT:USDT,0.1105,198.0,0.1094,476.0,0.1117,134.0,0.1118,193.0
1753617382915,11:56:22.915,bitmex,AEVO/USDT:USDT,0.1105,198.0,0.1094,476.0,0.1117,134.0,0.1118,193.0
1753617383432,11:56:23.432,bitmex,AEVO/USDT:USDT,0.1105,198.0,0.1094,476.0,0.1118,193.0,0.1129,444.0
1753617383865,11:56:23.865,bitmex,AEVO/USDT:USDT,0.1105,198.0,0.1094,484.0,0.1118,193.0,0.1129,444.0
1753617383914,11:56:23.914,bitmex,AEVO/USDT:USDT,0.1105,198.0,0.1094,484.0,0.1118,193.0,0.1129,444.0
1753617384982,11:56:24.982,bitmex,AEVO/USDT:USDT,0.1105,198.0,0.1094,484.0,0.1118,193.0,0.1129,444.0
1753617385031,11:56:25.031,bitmex,AEVO/USDT:USDT,0.1105,198.0,0.1094,484.0,0.1118,193.0,0.1129,444.0
1753617386258,11:56:26.258,bitmex,AEVO/USDT:USDT,0.1105,198.0,0.1094,484.0,0.1118,193.0,0.1129,444.0
1753617386308,11:56:26.308,bitmex,AEVO/USDT:USDT,0.1105,198.0,0.1094,484.0,0.1118,193.0,0.1129,444.0
1753617387433,11:56:27.433,bitmex,AEVO/USDT:USDT,0.1105,198.0,0.1094,484.0,0.1118,193.0,0.1129,444.0
1753617387482,11:56:27.482,bitmex,AEVO/USDT:USDT,0.1105,198.0,0.1094,484.0,0.1118,193.0,0.1129,444.0
1753617388725,11:56:28.725,bitmex,AEVO/USDT:USDT,0.1105,198.0,0.1094,484.0,0.1118,193.0,0.1129,460.0
1753617388774,11:56:28.774,bitmex,AEVO/USDT:USDT,0.1105,198.0,0.1094,484.0,0.1118,193.0,0.1129,460.0
1753617389784,11:56:29.784,bitmex,AEVO/USDT:USDT,0.1105,198.0,0.1094,484.0,0.1118,193.0,0.1129,460.0
1753617389864,11:56:29.864,bitmex,AEVO/USDT:USDT,0.1105,198.0,0.1094,484.0,0.1118,193.0,0.1129,460.0
1753617391011,11:56:31.011,bitmex,AEVO/USDT:USDT,0.1105,198.0,0.1094,484.0,0.1118,193.0,0.1129,460.0
1753617391061,11:56:31.061,bitmex,AEVO/USDT:USDT,0.1105,198.0,0.1094,484.0,0.1118,193.0,0.1129,460.0
1753617392083,11:56:32.083,bitmex,AEVO/USDT:USDT,0.1105,198.0,0.1094,484.0,0.1118,193.0,0.1129,460.0
1753617393369,11:56:33.369,bitmex,AEVO/USDT:USDT,0.1105,198.0,0.1094,484.0,0.1118,193.0,0.1129,460.0
1753617394527,11:56:34.527,bitmex,AEVO/USDT:USDT,0.1104,208.0,0.1094,484.0,0.1118,193.0,0.1129,460.0
1753617394576,11:56:34.576,bitmex,AEVO/USDT:USDT,0.1104,208.0,0.1095,30.0,0.1117,200.0,0.1129,460.0
1753617394625,11:56:34.625,bitmex,AEVO/USDT:USDT,0.1104,208.0,0.1095,30.0,0.1117,200.0,0.1129,460.0
1753617395865,11:56:35.865,bitmex,AEVO/USDT:USDT,0.1104,208.0,0.1095,30.0,0.1117,200.0,0.1129,460.0
1753617395957,11:56:35.957,bitmex,AEVO/USDT:USDT,0.1104,208.0,0.1095,30.0,0.1117,200.0,0.1129,460.0
1753617396761,11:56:36.761,bitmex,AEVO/USDT:USDT,0.1104,208.0,0.1095,30.0,0.1117,200.0,0.1129,460.0
1753617396834,11:56:36.834,bitmex,AEVO/USDT:USDT,0.1104,208.0,0.1095,30.0,0.1117,200.0,0.1129,460.0
1753617398020,11:56:38.020,bitmex,AEVO/USDT:USDT,0.1104,208.0,0.1095,30.0,0.1117,200.0,0.1129,460.0
1753617398070,11:56:38.070,bitmex,AEVO/USDT:USDT,0.1104,208.0,0.1095,30.0,0.1117,200.0,0.1129,460.0
1753617399133,11:56:39.133,bitmex,AEVO/USDT:USDT,0.1104,208.0,0.1095,30.0,0.1117,200.0,0.1129,460.0
1753617399183,11:56:39.183,bitmex,AEVO/USDT:USDT,0.1104,208.0,0.1095,30.0,0.1117,200.0,0.1129,460.0
1753617400350,11:56:40.350,bitmex,AEVO/USDT:USDT,0.1104,208.0,0.1095,30.0,0.1117,200.0,0.1129,460.0
1753617401654,11:56:41.654,bitmex,AEVO/USDT:USDT,0.1104,208.0,0.1095,30.0,0.1117,200.0,0.1129,460.0
1753617401704,11:56:41.704,bitmex,AEVO/USDT:USDT,0.1104,208.0,0.1095,30.0,0.1117,200.0,0.1129,460.0
1753617402655,11:56:42.655,bitmex,AEVO/USDT:USDT,0.1104,208.0,0.1095,30.0,0.1117,200.0,0.1129,460.0
1753617402704,11:56:42.704,bitmex,AEVO/USDT:USDT,0.1104,208.0,0.1095,30.0,0.1117,200.0,0.1129,460.0
1753617403804,11:56:43.804,bitmex,AEVO/USDT:USDT,0.1104,208.0,0.1095,30.0,0.1117,200.0,0.1129,460.0
1753617403854,11:56:43.854,bitmex,AEVO/USDT:USDT,0.1104,208.0,0.1095,30.0,0.1117,200.0,0.1141,473.0
1753617403854,11:56:43.854,bitmex,AEVO/USDT:USDT,0.1104,208.0,0.1095,30.0,0.1117,200.0,0.1128,459.0
1753617405033,11:56:45.033,bitmex,AEVO/USDT:USDT,0.1104,208.0,0.1095,30.0,0.1117,200.0,0.1128,459.0
1753617405083,11:56:45.083,bitmex,AEVO/USDT:USDT,0.1104,208.0,0.1095,30.0,0.1117,200.0,0.1128,459.0
1753617406143,11:56:46.143,bitmex,AEVO/USDT:USDT,0.1104,208.0,0.1095,30.0,0.1117,200.0,0.1128,459.0
1753617406193,11:56:46.193,bitmex,AEVO/USDT:USDT,0.1104,208.0,0.1095,30.0,0.1117,200.0,0.1128,459.0
1753617407495,11:56:47.495,bitmex,AEVO/USDT:USDT,0.1104,208.0,0.1095,30.0,0.1117,200.0,0.1128,459.0
1753617407554,11:56:47.554,bitmex,AEVO/USDT:USDT,0.1104,208.0,0.1095,30.0,0.1117,200.0,0.1128,459.0
1753617408493,11:56:48.493,bitmex,AEVO/USDT:USDT,0.1104,208.0,0.1095,30.0,0.1117,200.0,0.1128,459.0
1753617408543,11:56:48.543,bitmex,AEVO/USDT:USDT,0.1104,208.0,0.1095,30.0,0.1117,200.0,0.1128,459.0
1753617409664,11:56:49.664,bitmex,AEVO/USDT:USDT,0.1104,208.0,0.1095,30.0,0.1117,200.0,0.1128,459.0
1753617409714,11:56:49.714,bitmex,AEVO/USDT:USDT,0.1104,208.0,0.1095,30.0,0.1117,200.0,0.1128,459.0
1753617410824,11:56:50.824,bitmex,AEVO/USDT:USDT,0.1104,208.0,0.1095,30.0,0.1117,200.0,0.1128,459.0
1753617410874,11:56:50.874,bitmex,AEVO/USDT:USDT,0.1104,208.0,0.1095,30.0,0.1117,200.0,0.1128,459.0
1753617411961,11:56:51.961,bitmex,AEVO/USDT:USDT,0.1104,208.0,0.1095,30.0,0.1117,200.0,0.1128,459.0
1753617412010,11:56:52.010,bitmex,AEVO/USDT:USDT,0.1104,208.0,0.1095,30.0,0.1117,200.0,0.1128,459.0
1753617413284,11:56:53.284,bitmex,AEVO/USDT:USDT,0.1104,208.0,0.1095,30.0,0.1117,200.0,0.1128,459.0
1753617413357,11:56:53.357,bitmex,AEVO/USDT:USDT,0.1104,208.0,0.1095,30.0,0.1117,200.0,0.1128,459.0
1753617414405,11:56:54.405,bitmex,AEVO/USDT:USDT,0.1104,208.0,0.1095,30.0,0.1117,200.0,0.1128,459.0
1753617414454,11:56:54.454,bitmex,AEVO/USDT:USDT,0.1104,208.0,0.1095,30.0,0.1117,200.0,0.1128,459.0
1753617415575,11:56:55.575,bitmex,AEVO/USDT:USDT,0.1104,208.0,0.1095,30.0,0.1117,200.0,0.1128,459.0
1753617415624,11:56:55.624,bitmex,AEVO/USDT:USDT,0.1104,208.0,0.1095,30.0,0.1117,200.0,0.1128,459.0
1753617416625,11:56:56.625,bitmex,AEVO/USDT:USDT,0.1104,208.0,0.1095,30.0,0.1117,200.0,0.1128,459.0
1753617416675,11:56:56.675,bitmex,AEVO/USDT:USDT,0.1104,208.0,0.1095,30.0,0.1117,200.0,0.1128,459.0
1753617417817,11:56:57.817,bitmex,AEVO/USDT:USDT,0.1104,208.0,0.1095,30.0,0.1117,200.0,0.1128,459.0
1753617417885,11:56:57.885,bitmex,AEVO/USDT:USDT,0.1104,208.0,0.1095,30.0,0.1117,200.0,0.1128,459.0
1753617420184,11:57:00.184,bitmex,AEVO/USDT:USDT,0.1104,208.0,0.1095,30.0,0.1117,200.0,0.1128,459.0
1753617422546,11:57:02.546,bitmex,AEVO/USDT:USDT,0.1104,208.0,0.1095,30.0,0.1117,200.0,0.1128,459.0
1753617422596,11:57:02.596,bitmex,AEVO/USDT:USDT,0.1104,208.0,0.1095,30.0,0.1117,200.0,0.1128,459.0
1753617423019,11:57:03.019,bitmex,AEVO/USDT:USDT,0.1104,208.0,0.1095,30.0,0.1117,334.0,0.1128,459.0
1753617423849,11:57:03.849,bitmex,AEVO/USDT:USDT,0.1104,208.0,0.1095,30.0,0.1117,334.0,0.1128,459.0
1753617424849,11:57:04.849,bitmex,AEVO/USDT:USDT,0.1104,208.0,0.1095,30.0,0.1117,334.0,0.1128,459.0
1753617424899,11:57:04.899,bitmex,AEVO/USDT:USDT,0.1104,208.0,0.1095,30.0,0.1117,334.0,0.1128,459.0
1753617426104,11:57:06.104,bitmex,AEVO/USDT:USDT,0.1104,208.0,0.1095,30.0,0.1117,334.0,0.1128,459.0
1753617426154,11:57:06.154,bitmex,AEVO/USDT:USDT,0.1104,208.0,0.1095,30.0,0.1117,334.0,0.1128,459.0
1753617427255,11:57:07.255,bitmex,AEVO/USDT:USDT,0.1104,208.0,0.1095,30.0,0.1117,334.0,0.1128,459.0
1753617427304,11:57:07.304,bitmex,AEVO/USDT:USDT,0.1104,208.0,0.1095,30.0,0.1117,334.0,0.1128,459.0
1753617428385,11:57:08.385,bitmex,AEVO/USDT:USDT,0.1104,208.0,0.1095,30.0,0.1117,334.0,0.1128,459.0
1753617428439,11:57:08.439,bitmex,AEVO/USDT:USDT,0.1104,208.0,0.1095,30.0,0.1117,334.0,0.1128,459.0
1753617429557,11:57:09.557,bitmex,AEVO/USDT:USDT,0.1104,208.0,0.1095,30.0,0.1117,334.0,0.1128,459.0
1753617430765,11:57:10.765,bitmex,AEVO/USDT:USDT,0.1104,208.0,0.1095,30.0,0.1117,334.0,0.1128,459.0
1753617430815,11:57:10.815,bitmex,AEVO/USDT:USDT,0.1104,208.0,0.1095,30.0,0.1117,334.0,0.1128,459.0
1753617432043,11:57:12.043,bitmex,AEVO/USDT:USDT,0.1104,208.0,0.1095,30.0,0.1117,334.0,0.1128,459.0
1753617433104,11:57:13.104,bitmex,AEVO/USDT:USDT,0.1104,208.0,0.1095,30.0,0.1117,334.0,0.1128,459.0
1753617433153,11:57:13.153,bitmex,AEVO/USDT:USDT,0.1104,208.0,0.1095,30.0,0.1117,334.0,0.1128,459.0
1753617434274,11:57:14.274,bitmex,AEVO/USDT:USDT,0.1104,208.0,0.1095,30.0,0.1117,334.0,0.1128,459.0
1753617434324,11:57:14.324,bitmex,AEVO/USDT:USDT,0.1104,208.0,0.1095,30.0,0.1117,334.0,0.1128,442.0
1753617435493,11:57:15.493,bitmex,AEVO/USDT:USDT,0.1104,208.0,0.1095,30.0,0.1117,334.0,0.1128,442.0
1753617436664,11:57:16.664,bitmex,AEVO/USDT:USDT,0.1104,208.0,0.1095,30.0,0.1117,334.0,0.1128,442.0
1753617436713,11:57:16.713,bitmex,AEVO/USDT:USDT,0.1104,208.0,0.1095,30.0,0.1117,334.0,0.1128,442.0
1753617437898,11:57:17.898,bitmex,AEVO/USDT:USDT,0.1104,208.0,0.1095,30.0,0.1117,200.0,0.1128,442.0
1753617437991,11:57:17.991,bitmex,AEVO/USDT:USDT,0.1104,208.0,0.1095,30.0,0.1117,200.0,0.1128,442.0
1753617438068,11:57:18.068,bitmex,AEVO/USDT:USDT,0.1104,208.0,0.1095,30.0,0.1117,200.0,0.1128,442.0
1753617439114,11:57:19.114,bitmex,AEVO/USDT:USDT,0.1104,208.0,0.1095,30.0,0.1117,200.0,0.1128,442.0
1753617439164,11:57:19.164,bitmex,AEVO/USDT:USDT,0.1104,208.0,0.1095,30.0,0.1117,200.0,0.1128,442.0
1753617440205,11:57:20.205,bitmex,AEVO/USDT:USDT,0.1104,208.0,0.1095,30.0,0.1117,200.0,0.1128,442.0
1753617440254,11:57:20.254,bitmex,AEVO/USDT:USDT,0.1104,208.0,0.1095,30.0,0.1117,200.0,0.1128,442.0
1753617441312,11:57:21.312,bitmex,AEVO/USDT:USDT,0.1104,208.0,0.1095,30.0,0.1117,200.0,0.1128,442.0
1753617441386,11:57:21.386,bitmex,AEVO/USDT:USDT,0.1104,208.0,0.1095,30.0,0.1117,200.0,0.1128,442.0
1753617442621,11:57:22.621,bitmex,AEVO/USDT:USDT,0.1104,208.0,0.1095,30.0,0.1118,205.0,0.1128,442.0
1753617442671,11:57:22.671,bitmex,AEVO/USDT:USDT,0.1105,196.0,0.1095,30.0,0.1118,205.0,0.1128,442.0
1753617442720,11:57:22.720,bitmex,AEVO/USDT:USDT,0.1105,196.0,0.1095,30.0,0.1118,205.0,0.1128,442.0
1753617443890,11:57:23.890,bitmex,AEVO/USDT:USDT,0.1105,196.0,0.1095,30.0,0.1118,205.0,0.1128,442.0
1753617443975,11:57:23.975,bitmex,AEVO/USDT:USDT,0.1105,196.0,0.1095,30.0,0.1118,205.0,0.1128,442.0
1753617444973,11:57:24.973,bitmex,AEVO/USDT:USDT,0.1105,196.0,0.1095,30.0,0.1118,205.0,0.1128,442.0
1753617445023,11:57:25.023,bitmex,AEVO/USDT:USDT,0.1105,196.0,0.1095,30.0,0.1118,205.0,0.1128,442.0
1753617446055,11:57:26.055,bitmex,AEVO/USDT:USDT,0.1105,196.0,0.1095,30.0,0.1118,205.0,0.1128,442.0
1753617446104,11:57:26.104,bitmex,AEVO/USDT:USDT,0.1105,196.0,0.1095,30.0,0.1118,205.0,0.1128,442.0
1753617447178,11:57:27.178,bitmex,AEVO/USDT:USDT,0.1105,196.0,0.1095,30.0,0.1128,442.0,0.114,479.0
1753617447178,11:57:27.178,bitmex,AEVO/USDT:USDT,0.1105,196.0,0.1095,30.0,0.1117,199.0,0.1128,442.0
1753617447228,11:57:27.228,bitmex,AEVO/USDT:USDT,0.1104,204.0,0.1095,30.0,0.1117,199.0,0.1128,442.0
1753617448398,11:57:28.398,bitmex,AEVO/USDT:USDT,0.1104,204.0,0.1095,30.0,0.1117,199.0,0.1128,442.0
1753617449456,11:57:29.456,bitmex,AEVO/USDT:USDT,0.1104,204.0,0.1095,30.0,0.1117,199.0,0.1128,442.0
1753617449505,11:57:29.505,bitmex,AEVO/USDT:USDT,0.1104,204.0,0.1095,30.0,0.1117,199.0,0.1128,470.0
1753617450826,11:57:30.826,bitmex,AEVO/USDT:USDT,0.1104,204.0,0.1095,30.0,0.1117,199.0,0.1128,470.0
1753617450875,11:57:30.875,bitmex,AEVO/USDT:USDT,0.1104,204.0,0.1095,30.0,0.1117,199.0,0.1128,470.0
1753617451805,11:57:31.805,bitmex,AEVO/USDT:USDT,0.1104,204.0,0.1095,30.0,0.1117,199.0,0.1128,470.0
1753617451854,11:57:31.854,bitmex,AEVO/USDT:USDT,0.1104,204.0,0.1095,30.0,0.1117,199.0,0.1128,470.0
1753617452985,11:57:32.985,bitmex,AEVO/USDT:USDT,0.1104,204.0,0.1095,30.0,0.1117,199.0,0.1128,470.0
1753617454211,11:57:34.211,bitmex,AEVO/USDT:USDT,0.1104,204.0,0.1095,30.0,0.1117,199.0,0.1128,470.0
1753617454263,11:57:34.263,bitmex,AEVO/USDT:USDT,0.1104,204.0,0.1095,30.0,0.1117,199.0,0.1128,470.0
1753617455374,11:57:35.374,bitmex,AEVO/USDT:USDT,0.1104,204.0,0.1095,30.0,0.1117,199.0,0.1128,470.0
1753617455424,11:57:35.424,bitmex,AEVO/USDT:USDT,0.1104,204.0,0.1095,30.0,0.1117,199.0,0.1128,470.0
1753617456565,11:57:36.565,bitmex,AEVO/USDT:USDT,0.1105,192.0,0.1095,30.0,0.1117,199.0,0.1128,470.0
1753617456614,11:57:36.614,bitmex,AEVO/USDT:USDT,0.1105,192.0,0.1095,30.0,0.1118,207.0,0.1128,470.0
1753617456663,11:57:36.663,bitmex,AEVO/USDT:USDT,0.1105,192.0,0.1095,30.0,0.1118,207.0,0.1128,470.0
1753617457720,11:57:37.720,bitmex,AEVO/USDT:USDT,0.1105,192.0,0.1095,30.0,0.1118,207.0,0.1128,470.0
1753617457770,11:57:37.770,bitmex,AEVO/USDT:USDT,0.1105,192.0,0.1095,30.0,0.1118,207.0,0.1128,470.0
1753617458950,11:57:38.950,bitmex,AEVO/USDT:USDT,0.1105,192.0,0.1095,30.0,0.1118,207.0,0.1128,470.0
1753617458999,11:57:38.999,bitmex,AEVO/USDT:USDT,0.1105,192.0,0.1095,30.0,0.1118,207.0,0.1128,470.0
1753617460094,11:57:40.094,bitmex,AEVO/USDT:USDT,0.1105,192.0,0.1095,30.0,0.1118,207.0,0.1128,470.0
1753617460143,11:57:40.143,bitmex,AEVO/USDT:USDT,0.1105,192.0,0.1095,30.0,0.1118,207.0,0.1128,470.0
1753617461299,11:57:41.299,bitmex,AEVO/USDT:USDT,0.1105,192.0,0.1095,30.0,0.1118,207.0,0.1128,470.0
1753617461349,11:57:41.349,bitmex,AEVO/USDT:USDT,0.1105,192.0,0.1095,30.0,0.1118,207.0,0.1128,470.0
1753617462541,11:57:42.541,bitmex,AEVO/USDT:USDT,0.1105,192.0,0.1095,30.0,0.1118,207.0,0.1128,470.0
1753617462590,11:57:42.590,bitmex,AEVO/USDT:USDT,0.1105,192.0,0.1095,30.0,0.1118,207.0,0.1128,470.0
1753617463665,11:57:43.665,bitmex,AEVO/USDT:USDT,0.1105,192.0,0.1095,30.0,0.1118,207.0,0.1128,470.0
1753617463715,11:57:43.715,bitmex,AEVO/USDT:USDT,0.1105,192.0,0.1095,30.0,0.1118,207.0,0.1128,470.0
1753617464816,11:57:44.816,bitmex,AEVO/USDT:USDT,0.1105,192.0,0.1095,30.0,0.1118,207.0,0.1128,470.0
1753617464865,11:57:44.865,bitmex,AEVO/USDT:USDT,0.1105,192.0,0.1095,30.0,0.1118,207.0,0.1129,477.0
1753617466004,11:57:46.004,bitmex,AEVO/USDT:USDT,0.1105,192.0,0.1095,30.0,0.1118,207.0,0.1129,477.0
1753617466053,11:57:46.053,bitmex,AEVO/USDT:USDT,0.1105,192.0,0.1095,30.0,0.1118,207.0,0.1129,477.0
1753617467094,11:57:47.094,bitmex,AEVO/USDT:USDT,0.1105,192.0,0.1095,30.0,0.1118,207.0,0.1129,477.0
1753617467154,11:57:47.154,bitmex,AEVO/USDT:USDT,0.1105,192.0,0.1095,30.0,0.1118,207.0,0.1129,477.0
1753617468424,11:57:48.424,bitmex,AEVO/USDT:USDT,0.1105,192.0,0.1095,30.0,0.1118,207.0,0.1129,477.0
1753617468494,11:57:48.494,bitmex,AEVO/USDT:USDT,0.1105,192.0,0.1095,30.0,0.1118,207.0,0.1129,477.0
1753617469434,11:57:49.434,bitmex,AEVO/USDT:USDT,0.1105,192.0,0.1095,30.0,0.1118,207.0,0.1129,477.0
1753617469483,11:57:49.483,bitmex,AEVO/USDT:USDT,0.1105,192.0,0.1095,30.0,0.1118,207.0,0.1129,477.0
1753617470574,11:57:50.574,bitmex,AEVO/USDT:USDT,0.1105,192.0,0.1095,30.0,0.1118,207.0,0.1129,477.0
1753617470635,11:57:50.635,bitmex,AEVO/USDT:USDT,0.1105,192.0,0.1095,30.0,0.1118,207.0,0.1129,477.0
1753617471733,11:57:51.733,bitmex,AEVO/USDT:USDT,0.1105,192.0,0.1095,30.0,0.1118,207.0,0.1129,477.0
1753617471782,11:57:51.782,bitmex,AEVO/USDT:USDT,0.1105,192.0,0.1095,30.0,0.1118,207.0,0.1129,477.0
1753617472911,11:57:52.911,bitmex,AEVO/USDT:USDT,0.1105,192.0,0.1095,30.0,0.1118,207.0,0.1129,477.0
1753617472963,11:57:52.963,bitmex,AEVO/USDT:USDT,0.1105,192.0,0.1095,30.0,0.1118,207.0,0.1129,477.0
1753617474215,11:57:54.215,bitmex,AEVO/USDT:USDT,0.1105,192.0,0.1095,30.0,0.1118,207.0,0.1129,477.0
1753617474265,11:57:54.265,bitmex,AEVO/USDT:USDT,0.1105,192.0,0.1095,30.0,0.1118,207.0,0.1129,477.0
1753617477663,11:57:57.663,bitmex,AEVO/USDT:USDT,0.1105,192.0,0.1095,30.0,0.1118,207.0,0.1129,477.0
1753617477712,11:57:57.712,bitmex,AEVO/USDT:USDT,0.1105,192.0,0.1095,30.0,0.1118,207.0,0.1129,477.0
1753617478904,11:57:58.904,bitmex,AEVO/USDT:USDT,0.1105,192.0,0.1095,30.0,0.1118,207.0,0.1129,477.0
1753617478953,11:57:58.953,bitmex,AEVO/USDT:USDT,0.1105,192.0,0.1095,30.0,0.1118,207.0,0.1129,477.0
1753617480085,11:58:00.085,bitmex,AEVO/USDT:USDT,0.1105,192.0,0.1095,30.0,0.1118,207.0,0.1129,477.0
1753617480135,11:58:00.135,bitmex,AEVO/USDT:USDT,0.1105,192.0,0.1095,30.0,0.1118,207.0,0.1129,456.0
1753617481303,11:58:01.303,bitmex,AEVO/USDT:USDT,0.1105,192.0,0.1095,30.0,0.1118,207.0,0.1129,456.0
1753617481408,11:58:01.408,bitmex,AEVO/USDT:USDT,0.1105,192.0,0.1095,30.0,0.1118,207.0,0.1129,456.0
1753617482314,11:58:02.314,bitmex,AEVO/USDT:USDT,0.1105,192.0,0.1095,30.0,0.1118,207.0,0.1129,456.0
1753617482364,11:58:02.364,bitmex,AEVO/USDT:USDT,0.1105,192.0,0.1095,30.0,0.1118,207.0,0.1129,456.0
1753617483516,11:58:03.516,bitmex,AEVO/USDT:USDT,0.1105,192.0,0.1095,30.0,0.1118,207.0,0.1129,456.0
1753617483644,11:58:03.644,bitmex,AEVO/USDT:USDT,0.1105,192.0,0.1095,30.0,0.1118,207.0,0.1129,456.0
1753617484665,11:58:04.665,bitmex,AEVO/USDT:USDT,0.1105,192.0,0.1095,30.0,0.1117,208.0,0.1129,456.0
1753617484714,11:58:04.714,bitmex,AEVO/USDT:USDT,0.1104,196.0,0.1095,30.0,0.1117,208.0,0.1129,456.0
1753617485926,11:58:05.926,bitmex,AEVO/USDT:USDT,0.1104,196.0,0.1095,30.0,0.1117,208.0,0.1129,456.0
1753617485975,11:58:05.975,bitmex,AEVO/USDT:USDT,0.1104,196.0,0.1095,30.0,0.1117,208.0,0.1129,456.0
1753617487092,11:58:07.092,bitmex,AEVO/USDT:USDT,0.1104,196.0,0.1095,30.0,0.1117,208.0,0.1129,456.0
1753617487142,11:58:07.142,bitmex,AEVO/USDT:USDT,0.1104,196.0,0.1095,30.0,0.1117,208.0,0.1129,456.0
1753617488297,11:58:08.297,bitmex,AEVO/USDT:USDT,0.1104,196.0,0.1095,30.0,0.1117,208.0,0.1129,456.0
1753617488347,11:58:08.347,bitmex,AEVO/USDT:USDT,0.1104,196.0,0.1095,30.0,0.1117,208.0,0.1129,456.0
1753617489464,11:58:09.464,bitmex,AEVO/USDT:USDT,0.1104,196.0,0.1095,30.0,0.1117,208.0,0.1129,456.0
1753617489514,11:58:09.514,bitmex,AEVO/USDT:USDT,0.1104,196.0,0.1095,30.0,0.1117,208.0,0.1129,456.0
1753617490573,11:58:10.573,bitmex,AEVO/USDT:USDT,0.1105,199.0,0.1095,30.0,0.1117,208.0,0.1129,456.0
1753617490623,11:58:10.623,bitmex,AEVO/USDT:USDT,0.1105,199.0,0.1095,30.0,0.1118,201.0,0.1129,456.0
1753617491755,11:58:11.755,bitmex,AEVO/USDT:USDT,0.1105,199.0,0.1095,30.0,0.1118,201.0,0.1129,456.0
1753617491804,11:58:11.804,bitmex,AEVO/USDT:USDT,0.1105,199.0,0.1095,30.0,0.1118,201.0,0.1129,456.0
1753617492991,11:58:12.991,bitmex,AEVO/USDT:USDT,0.1105,199.0,0.1095,30.0,0.1118,201.0,0.1129,456.0
1753617493040,11:58:13.040,bitmex,AEVO/USDT:USDT,0.1105,199.0,0.1095,30.0,0.1118,201.0,0.1129,456.0
1753617495994,11:58:15.994,bitmex,AEVO/USDT:USDT,0.1105,199.0,0.1095,30.0,0.1118,201.0,0.1129,456.0
1753617496044,11:58:16.044,bitmex,AEVO/USDT:USDT,0.1105,199.0,0.1095,30.0,0.1118,201.0,0.1129,456.0
1753617496864,11:58:16.864,bitmex,AEVO/USDT:USDT,0.1105,199.0,0.1095,30.0,0.1117,209.0,0.1129,456.0
1753617496914,11:58:16.914,bitmex,AEVO/USDT:USDT,0.1104,191.0,0.1095,30.0,0.1117,209.0,0.1129,456.0
1753617496963,11:58:16.963,bitmex,AEVO/USDT:USDT,0.1104,191.0,0.1095,30.0,0.1117,209.0,0.1128,463.0
1753617498174,11:58:18.174,bitmex,AEVO/USDT:USDT,0.1104,191.0,0.1095,30.0,0.1117,209.0,0.1128,463.0
1753617498223,11:58:18.223,bitmex,AEVO/USDT:USDT,0.1104,191.0,0.1095,30.0,0.1117,209.0,0.1128,463.0
1753617499962,11:58:19.962,bitmex,AEVO/USDT:USDT,0.1104,191.0,0.1095,30.0,0.1117,209.0,0.1128,463.0
1753617500013,11:58:20.013,bitmex,AEVO/USDT:USDT,0.1104,191.0,0.1095,30.0,0.1117,209.0,0.1128,463.0
1753617501064,11:58:21.064,bitmex,AEVO/USDT:USDT,0.1104,191.0,0.1095,30.0,0.1117,209.0,0.1128,463.0
1753617501113,11:58:21.113,bitmex,AEVO/USDT:USDT,0.1104,191.0,0.1095,30.0,0.1117,209.0,0.1128,463.0
1753617502235,11:58:22.235,bitmex,AEVO/USDT:USDT,0.1104,191.0,0.1095,30.0,0.1117,209.0,0.1128,463.0
1753617502284,11:58:22.284,bitmex,AEVO/USDT:USDT,0.1104,191.0,0.1095,30.0,0.1117,209.0,0.1128,463.0
1753617503525,11:58:23.525,bitmex,AEVO/USDT:USDT,0.1104,191.0,0.1095,30.0,0.1117,209.0,0.1128,463.0
1753617503574,11:58:23.574,bitmex,AEVO/USDT:USDT,0.1104,191.0,0.1095,30.0,0.1117,209.0,0.1128,463.0
1753617504582,11:58:24.582,bitmex,AEVO/USDT:USDT,0.1104,191.0,0.1095,30.0,0.1117,209.0,0.1128,463.0
1753617504631,11:58:24.631,bitmex,AEVO/USDT:USDT,0.1104,191.0,0.1095,30.0,0.1117,209.0,0.1128,463.0
1753617505705,11:58:25.705,bitmex,AEVO/USDT:USDT,0.1104,191.0,0.1095,30.0,0.1117,209.0,0.1128,463.0
1753617505755,11:58:25.755,bitmex,AEVO/USDT:USDT,0.1104,191.0,0.1095,30.0,0.1117,209.0,0.1128,463.0
1753617506924,11:58:26.924,bitmex,AEVO/USDT:USDT,0.1104,191.0,0.1095,30.0,0.1117,209.0,0.1128,463.0
1753617506974,11:58:26.974,bitmex,AEVO/USDT:USDT,0.1104,191.0,0.1095,30.0,0.1117,209.0,0.1128,463.0
1753617508114,11:58:28.114,bitmex,AEVO/USDT:USDT,0.1104,191.0,0.1095,30.0,0.1117,209.0,0.1128,463.0
1753617508163,11:58:28.163,bitmex,AEVO/USDT:USDT,0.1104,191.0,0.1095,30.0,0.1117,209.0,0.1128,463.0
1753617509368,11:58:29.368,bitmex,AEVO/USDT:USDT,0.1104,191.0,0.1095,30.0,0.1117,209.0,0.1128,463.0
1753617509418,11:58:29.418,bitmex,AEVO/USDT:USDT,0.1104,191.0,0.1095,30.0,0.1117,209.0,0.1128,463.0
1753617510464,11:58:30.464,bitmex,AEVO/USDT:USDT,0.1104,191.0,0.1095,30.0,0.1117,209.0,0.1128,463.0
1753617510534,11:58:30.534,bitmex,AEVO/USDT:USDT,0.1104,191.0,0.1095,30.0,0.1117,209.0,0.1128,463.0
1753617511622,11:58:31.622,bitmex,AEVO/USDT:USDT,0.1104,191.0,0.1095,30.0,0.1117,209.0,0.1128,463.0
1753617511671,11:58:31.671,bitmex,AEVO/USDT:USDT,0.1104,191.0,0.1095,30.0,0.1117,209.0,0.1128,463.0
1753617512814,11:58:32.814,bitmex,AEVO/USDT:USDT,0.1104,191.0,0.1095,30.0,0.1117,209.0,0.1128,463.0
1753617512863,11:58:32.863,bitmex,AEVO/USDT:USDT,0.1104,191.0,0.1095,30.0,0.1117,209.0,0.1128,444.0
1753617513973,11:58:33.973,bitmex,AEVO/USDT:USDT,0.1104,191.0,0.1095,30.0,0.1117,209.0,0.1128,444.0
1753617514045,11:58:34.045,bitmex,AEVO/USDT:USDT,0.1104,191.0,0.1095,30.0,0.1117,209.0,0.1128,444.0
1753617515266,11:58:35.266,bitmex,AEVO/USDT:USDT,0.1104,191.0,0.1095,30.0,0.1117,209.0,0.1128,444.0
1753617515329,11:58:35.329,bitmex,AEVO/USDT:USDT,0.1104,191.0,0.1095,30.0,0.1117,209.0,0.1128,444.0
1753617517195,11:58:37.195,bitmex,AEVO/USDT:USDT,0.1104,191.0,0.1095,30.0,0.1117,209.0,0.1128,444.0
1753617517244,11:58:37.244,bitmex,AEVO/USDT:USDT,0.1104,191.0,0.1095,30.0,0.1117,209.0,0.1128,444.0
1753617518255,11:58:38.255,bitmex,AEVO/USDT:USDT,0.1104,191.0,0.1095,30.0,0.1117,209.0,0.1128,444.0
1753617518304,11:58:38.304,bitmex,AEVO/USDT:USDT,0.1104,191.0,0.1095,30.0,0.1117,209.0,0.1128,444.0
1753617519356,11:58:39.356,bitmex,AEVO/USDT:USDT,0.1104,191.0,0.1095,30.0,0.1117,209.0,0.1128,444.0
1753617519406,11:58:39.406,bitmex,AEVO/USDT:USDT,0.1104,191.0,0.1095,30.0,0.1117,209.0,0.1128,444.0
1753617520482,11:58:40.482,bitmex,AEVO/USDT:USDT,0.1104,191.0,0.1095,30.0,0.1117,209.0,0.1128,444.0
1753617520553,11:58:40.553,bitmex,AEVO/USDT:USDT,0.1104,191.0,0.1095,30.0,0.1117,209.0,0.1128,444.0
1753617521754,11:58:41.754,bitmex,AEVO/USDT:USDT,0.1104,191.0,0.1095,30.0,0.1117,209.0,0.1128,444.0
1753617521804,11:58:41.804,bitmex,AEVO/USDT:USDT,0.1104,191.0,0.1095,30.0,0.1117,209.0,0.1128,444.0
1753617522984,11:58:42.984,bitmex,AEVO/USDT:USDT,0.1104,191.0,0.1095,30.0,0.1117,209.0,0.1128,444.0
1753617524312,11:58:44.312,bitmex,AEVO/USDT:USDT,0.1104,191.0,0.1095,30.0,0.1117,209.0,0.1128,444.0
1753617524362,11:58:44.362,bitmex,AEVO/USDT:USDT,0.1104,191.0,0.1095,30.0,0.1117,209.0,0.1128,444.0
1753617525263,11:58:45.263,bitmex,AEVO/USDT:USDT,0.1104,191.0,0.1095,30.0,0.1117,209.0,0.1128,444.0
1753617526496,11:58:46.496,bitmex,AEVO/USDT:USDT,0.1104,191.0,0.1095,30.0,0.1117,209.0,0.1128,444.0
1753617527558,11:58:47.558,bitmex,AEVO/USDT:USDT,0.1104,191.0,0.1095,30.0,0.1117,209.0,0.1128,444.0
1753617527608,11:58:47.608,bitmex,AEVO/USDT:USDT,0.1104,191.0,0.1095,30.0,0.1117,209.0,0.1128,444.0
1753617528785,11:58:48.785,bitmex,AEVO/USDT:USDT,0.1104,191.0,0.1095,30.0,0.1117,209.0,0.1128,444.0
1753617528834,11:58:48.834,bitmex,AEVO/USDT:USDT,0.1104,191.0,0.1095,30.0,0.1117,209.0,0.1128,471.0
1753617529838,11:58:49.838,bitmex,AEVO/USDT:USDT,0.1104,191.0,0.1095,30.0,0.1117,209.0,0.1128,471.0
1753617529888,11:58:49.888,bitmex,AEVO/USDT:USDT,0.1104,191.0,0.1095,30.0,0.1117,209.0,0.1128,471.0
1753617531071,11:58:51.071,bitmex,AEVO/USDT:USDT,0.1104,191.0,0.1095,30.0,0.1117,209.0,0.1128,471.0
1753617531121,11:58:51.121,bitmex,AEVO/USDT:USDT,0.1104,191.0,0.1095,30.0,0.1117,209.0,0.1128,471.0
1753617532191,11:58:52.191,bitmex,AEVO/USDT:USDT,0.1104,191.0,0.1095,30.0,0.1117,209.0,0.1128,471.0
1753617532241,11:58:52.241,bitmex,AEVO/USDT:USDT,0.1104,191.0,0.1095,30.0,0.1117,209.0,0.1128,471.0
1753617533425,11:58:53.425,bitmex,AEVO/USDT:USDT,0.1104,191.0,0.1095,30.0,0.1117,209.0,0.1128,471.0
1753617533474,11:58:53.474,bitmex,AEVO/USDT:USDT,0.1104,191.0,0.1095,30.0,0.1117,209.0,0.1128,471.0
1753617534604,11:58:54.604,bitmex,AEVO/USDT:USDT,0.1104,191.0,0.1095,30.0,0.1117,209.0,0.1128,471.0
1753617535725,11:58:55.725,bitmex,AEVO/USDT:USDT,0.1104,191.0,0.1095,30.0,0.1117,209.0,0.1128,471.0
1753617535785,11:58:55.785,bitmex,AEVO/USDT:USDT,0.1104,191.0,0.1095,30.0,0.1117,209.0,0.1128,471.0
1753617536981,11:58:56.981,bitmex,AEVO/USDT:USDT,0.1095,30.0,0.1061,30.0,0.1117,209.0,0.1128,471.0
1753617537030,11:58:57.030,bitmex,AEVO/USDT:USDT,0.1061,30.0,0.0731,30.0,0.1117,209.0,0.1128,471.0
1753617537094,11:58:57.094,bitmex,AEVO/USDT:USDT,0.1061,30.0,0.0731,30.0,0.12,809.0,0.125,791.0
1753617538113,11:58:58.113,bitmex,AEVO/USDT:USDT,0.1104,208.0,0.1061,30.0,0.12,809.0,0.125,791.0
1753617538163,11:58:58.163,bitmex,AEVO/USDT:USDT,0.1104,208.0,0.1061,30.0,0.1117,191.0,0.12,809.0
1753617538212,11:58:58.212,bitmex,AEVO/USDT:USDT,0.1104,208.0,0.1062,30.0,0.1117,191.0,0.12,809.0
1753617539213,11:58:59.213,bitmex,AEVO/USDT:USDT,0.1104,208.0,0.1062,30.0,0.1117,191.0,0.12,809.0
1753617539262,11:58:59.262,bitmex,AEVO/USDT:USDT,0.1104,208.0,0.1062,30.0,0.1117,191.0,0.12,809.0
1753617540447,11:59:00.447,bitmex,AEVO/USDT:USDT,0.1104,208.0,0.1093,468.0,0.1117,191.0,0.12,809.0
1753617541635,11:59:01.635,bitmex,AEVO/USDT:USDT,0.1104,208.0,0.1094,30.0,0.1117,191.0,0.12,809.0
1753617541684,11:59:01.684,bitmex,AEVO/USDT:USDT,0.1104,208.0,0.1094,30.0,0.1117,191.0,0.12,809.0
1753617542919,11:59:02.919,bitmex,AEVO/USDT:USDT,0.1104,208.0,0.1094,30.0,0.1117,191.0,0.12,809.0
1753617542968,11:59:02.968,bitmex,AEVO/USDT:USDT,0.1104,208.0,0.1094,30.0,0.1117,191.0,0.12,809.0
1753617543916,11:59:03.916,bitmex,AEVO/USDT:USDT,0.1104,208.0,0.1094,30.0,0.1117,191.0,0.12,809.0
1753617543966,11:59:03.966,bitmex,AEVO/USDT:USDT,0.1104,208.0,0.1094,30.0,0.1117,191.0,0.12,809.0
1753617545195,11:59:05.195,bitmex,AEVO/USDT:USDT,0.1104,208.0,0.1094,30.0,0.1117,191.0,0.1128,467.0
1753617545245,11:59:05.245,bitmex,AEVO/USDT:USDT,0.1104,208.0,0.1094,30.0,0.1117,191.0,0.1128,467.0
1753617546315,11:59:06.315,bitmex,AEVO/USDT:USDT,0.1104,208.0,0.1094,30.0,0.1117,191.0,0.1128,467.0
1753617546364,11:59:06.364,bitmex,AEVO/USDT:USDT,0.1104,208.0,0.1094,30.0,0.1117,191.0,0.1128,467.0
1753617547494,11:59:07.494,bitmex,AEVO/USDT:USDT,0.1104,208.0,0.1094,30.0,0.1117,191.0,0.1128,467.0
1753617547544,11:59:07.544,bitmex,AEVO/USDT:USDT,0.1104,208.0,0.1094,30.0,0.1117,191.0,0.1128,467.0
1753617548668,11:59:08.668,bitmex,AEVO/USDT:USDT,0.1104,208.0,0.1094,30.0,0.1117,191.0,0.1128,467.0
1753617548718,11:59:08.718,bitmex,AEVO/USDT:USDT,0.1104,208.0,0.1094,30.0,0.1117,191.0,0.1128,467.0
1753617549834,11:59:09.834,bitmex,AEVO/USDT:USDT,0.1104,208.0,0.1094,30.0,0.1117,191.0,0.1128,467.0
1753617549883,11:59:09.883,bitmex,AEVO/USDT:USDT,0.1104,208.0,0.1094,30.0,0.1117,191.0,0.1128,467.0
1753617550995,11:59:10.995,bitmex,AEVO/USDT:USDT,0.1104,208.0,0.1094,30.0,0.1117,191.0,0.1128,467.0
1753617551044,11:59:11.044,bitmex,AEVO/USDT:USDT,0.1104,208.0,0.1094,30.0,0.1117,191.0,0.1128,467.0
1753617552198,11:59:12.198,bitmex,AEVO/USDT:USDT,0.1104,208.0,0.1094,30.0,0.1117,191.0,0.1128,467.0
1753617552248,11:59:12.248,bitmex,AEVO/USDT:USDT,0.1104,208.0,0.1094,30.0,0.1117,191.0,0.1128,467.0
1753617553305,11:59:13.305,bitmex,AEVO/USDT:USDT,0.1104,208.0,0.1094,30.0,0.1117,191.0,0.1128,467.0
1753617553365,11:59:13.365,bitmex,AEVO/USDT:USDT,0.1104,208.0,0.1094,30.0,0.1117,191.0,0.1128,467.0
1753617554593,11:59:14.593,bitmex,AEVO/USDT:USDT,0.1104,208.0,0.1094,30.0,0.1117,191.0,0.1128,467.0
1753617554665,11:59:14.665,bitmex,AEVO/USDT:USDT,0.1104,208.0,0.1094,30.0,0.1117,191.0,0.1128,467.0
1753617555696,11:59:15.696,bitmex,AEVO/USDT:USDT,0.1104,208.0,0.1094,30.0,0.1117,191.0,0.1128,467.0
1753617556933,11:59:16.933,bitmex,AEVO/USDT:USDT,0.1104,208.0,0.1094,30.0,0.1117,191.0,0.1128,467.0
1753617556983,11:59:16.983,bitmex,AEVO/USDT:USDT,0.1104,208.0,0.1094,30.0,0.1117,191.0,0.1128,467.0
1753617558077,11:59:18.077,bitmex,AEVO/USDT:USDT,0.1104,208.0,0.1094,30.0,0.1117,191.0,0.1128,467.0
1753617558128,11:59:18.128,bitmex,AEVO/USDT:USDT,0.1104,208.0,0.1094,30.0,0.1117,191.0,0.1128,467.0
1753617559306,11:59:19.306,bitmex,AEVO/USDT:USDT,0.1104,208.0,0.1094,30.0,0.1117,191.0,0.1128,467.0
1753617559355,11:59:19.355,bitmex,AEVO/USDT:USDT,0.1104,208.0,0.1094,30.0,0.1117,191.0,0.1128,467.0
1753617560417,11:59:20.417,bitmex,AEVO/USDT:USDT,0.1104,208.0,0.1094,30.0,0.1117,191.0,0.1128,904.0
1753617560466,11:59:20.466,bitmex,AEVO/USDT:USDT,0.1104,208.0,0.1094,30.0,0.1117,191.0,0.1128,904.0
1753617561689,11:59:21.689,bitmex,AEVO/USDT:USDT,0.1104,208.0,0.1094,30.0,0.1117,191.0,0.1128,904.0
1753617561738,11:59:21.738,bitmex,AEVO/USDT:USDT,0.1104,208.0,0.1094,30.0,0.1117,191.0,0.1128,904.0
1753617562713,11:59:22.713,bitmex,AEVO/USDT:USDT,0.1104,208.0,0.1094,30.0,0.1117,191.0,0.1128,904.0
1753617562763,11:59:22.763,bitmex,AEVO/USDT:USDT,0.1104,208.0,0.1094,30.0,0.1117,191.0,0.1128,904.0
1753617564048,11:59:24.048,bitmex,AEVO/USDT:USDT,0.1104,208.0,0.1094,30.0,0.1117,191.0,0.1128,904.0
1753617564097,11:59:24.097,bitmex,AEVO/USDT:USDT,0.1104,208.0,0.1094,30.0,0.1117,191.0,0.1128,904.0
1753617564146,11:59:24.146,bitmex,AEVO/USDT:USDT,0.1104,208.0,0.1094,30.0,0.1117,325.0,0.1128,904.0
1753617565054,11:59:25.054,bitmex,AEVO/USDT:USDT,0.1104,208.0,0.1094,30.0,0.1117,325.0,0.1128,904.0
1753617565104,11:59:25.104,bitmex,AEVO/USDT:USDT,0.1104,208.0,0.1094,30.0,0.1117,325.0,0.1128,904.0
1753617566255,11:59:26.255,bitmex,AEVO/USDT:USDT,0.1104,208.0,0.1094,30.0,0.1117,325.0,0.1128,904.0
1753617566304,11:59:26.304,bitmex,AEVO/USDT:USDT,0.1104,208.0,0.1094,30.0,0.1117,325.0,0.1128,904.0
1753617567408,11:59:27.408,bitmex,AEVO/USDT:USDT,0.1104,208.0,0.1094,30.0,0.1117,325.0,0.1128,904.0
1753617567463,11:59:27.463,bitmex,AEVO/USDT:USDT,0.1104,208.0,0.1094,30.0,0.1117,325.0,0.1128,437.0
1753617568586,11:59:28.586,bitmex,AEVO/USDT:USDT,0.1104,208.0,0.1094,30.0,0.1117,325.0,0.1128,437.0
1753617568635,11:59:28.635,bitmex,AEVO/USDT:USDT,0.1104,208.0,0.1094,30.0,0.1117,325.0,0.1128,437.0
1753617569665,11:59:29.665,bitmex,AEVO/USDT:USDT,0.1105,195.0,0.1094,30.0,0.1117,325.0,0.1128,437.0
1753617569715,11:59:29.715,bitmex,AEVO/USDT:USDT,0.1105,195.0,0.1094,30.0,0.1117,134.0,0.1118,206.0
1753617569764,11:59:29.764,bitmex,AEVO/USDT:USDT,0.1105,195.0,0.1094,30.0,0.1117,134.0,0.1118,206.0
1753617570926,11:59:30.926,bitmex,AEVO/USDT:USDT,0.1105,195.0,0.1094,468.0,0.1117,134.0,0.1118,206.0
1753617570976,11:59:30.976,bitmex,AEVO/USDT:USDT,0.1105,195.0,0.1094,468.0,0.1117,134.0,0.1118,206.0
1753617572025,11:59:32.025,bitmex,AEVO/USDT:USDT,0.1105,195.0,0.1094,468.0,0.1117,134.0,0.1118,206.0
1753617572075,11:59:32.075,bitmex,AEVO/USDT:USDT,0.1105,195.0,0.1094,468.0,0.1117,134.0,0.1118,206.0
1753617573223,11:59:33.223,bitmex,AEVO/USDT:USDT,0.1105,195.0,0.1094,468.0,0.1117,134.0,0.1118,206.0
1753617573303,11:59:33.303,bitmex,AEVO/USDT:USDT,0.1105,195.0,0.1094,468.0,0.1117,134.0,0.1118,206.0
1753617574434,11:59:34.434,bitmex,AEVO/USDT:USDT,0.1105,195.0,0.1094,468.0,0.1117,134.0,0.1118,206.0
1753617574488,11:59:34.488,bitmex,AEVO/USDT:USDT,0.1105,195.0,0.1094,468.0,0.1117,134.0,0.1118,206.0
1753617575632,11:59:35.632,bitmex,AEVO/USDT:USDT,0.1105,195.0,0.1094,468.0,0.1117,134.0,0.1118,206.0
1753617575681,11:59:35.681,bitmex,AEVO/USDT:USDT,0.1105,195.0,0.1094,468.0,0.1117,134.0,0.1118,206.0
1753617576714,11:59:36.714,bitmex,AEVO/USDT:USDT,0.1105,195.0,0.1094,468.0,0.1117,134.0,0.1118,206.0
1753617576774,11:59:36.774,bitmex,AEVO/USDT:USDT,0.1105,195.0,0.1094,468.0,0.1117,134.0,0.1118,206.0
1753617577985,11:59:37.985,bitmex,AEVO/USDT:USDT,0.1105,195.0,0.1094,468.0,0.1117,134.0,0.1118,206.0
1753617578035,11:59:38.035,bitmex,AEVO/USDT:USDT,0.1105,195.0,0.1094,468.0,0.1117,134.0,0.1118,206.0
1753617579064,11:59:39.064,bitmex,AEVO/USDT:USDT,0.1105,195.0,0.1094,468.0,0.1117,134.0,0.1118,206.0
1753617579123,11:59:39.123,bitmex,AEVO/USDT:USDT,0.1105,195.0,0.1094,468.0,0.1117,134.0,0.1118,206.0
1753617580394,11:59:40.394,bitmex,AEVO/USDT:USDT,0.1105,195.0,0.1094,468.0,0.1117,134.0,0.1118,206.0
1753617580443,11:59:40.443,bitmex,AEVO/USDT:USDT,0.1105,195.0,0.1094,468.0,0.1117,134.0,0.1118,206.0
1753617581429,11:59:41.429,bitmex,AEVO/USDT:USDT,0.1105,195.0,0.1094,468.0,0.1117,134.0,0.1118,206.0
1753617581478,11:59:41.478,bitmex,AEVO/USDT:USDT,0.1105,195.0,0.1094,468.0,0.1117,134.0,0.1118,206.0
1753617582674,11:59:42.674,bitmex,AEVO/USDT:USDT,0.1105,195.0,0.1094,468.0,0.1117,134.0,0.1118,206.0
1753617582724,11:59:42.724,bitmex,AEVO/USDT:USDT,0.1105,195.0,0.1094,468.0,0.1117,134.0,0.1118,206.0
1753617583813,11:59:43.813,bitmex,AEVO/USDT:USDT,0.1105,195.0,0.1094,468.0,0.1117,134.0,0.1118,206.0
1753617583863,11:59:43.863,bitmex,AEVO/USDT:USDT,0.1105,195.0,0.1094,468.0,0.1117,134.0,0.1118,206.0
1753617586224,11:59:46.224,bitmex,AEVO/USDT:USDT,0.1105,195.0,0.1094,467.0,0.1117,134.0,0.1118,206.0
1753617587845,11:59:47.845,bitmex,AEVO/USDT:USDT,0.1105,195.0,0.1094,467.0,0.1117,134.0,0.1118,206.0
1753617587894,11:59:47.894,bitmex,AEVO/USDT:USDT,0.1105,195.0,0.1094,467.0,0.1117,134.0,0.1118,206.0
1753617588675,11:59:48.675,bitmex,AEVO/USDT:USDT,0.1105,195.0,0.1094,467.0,0.1117,134.0,0.1118,206.0
1753617588763,11:59:48.763,bitmex,AEVO/USDT:USDT,0.1105,195.0,0.1094,467.0,0.1117,134.0,0.1118,206.0
1753617589877,11:59:49.877,bitmex,AEVO/USDT:USDT,0.1105,195.0,0.1094,467.0,0.1117,134.0,0.1118,206.0
1753617589927,11:59:49.927,bitmex,AEVO/USDT:USDT,0.1105,195.0,0.1094,467.0,0.1117,134.0,0.1118,206.0
1753617591085,11:59:51.085,bitmex,AEVO/USDT:USDT,0.1105,195.0,0.1094,467.0,0.1117,134.0,0.1118,206.0
1753617592267,11:59:52.267,bitmex,AEVO/USDT:USDT,0.1105,195.0,0.1094,467.0,0.1117,134.0,0.1118,206.0
1753617592316,11:59:52.316,bitmex,AEVO/USDT:USDT,0.1105,195.0,0.1094,467.0,0.1117,134.0,0.1118,206.0
1753617593386,11:59:53.386,bitmex,AEVO/USDT:USDT,0.1105,195.0,0.1094,467.0,0.1117,134.0,0.1118,206.0
1753617593436,11:59:53.436,bitmex,AEVO/USDT:USDT,0.1105,195.0,0.1094,467.0,0.1117,134.0,0.1118,206.0
1753617594707,11:59:54.707,bitmex,AEVO/USDT:USDT,0.1105,195.0,0.1094,467.0,0.1117,134.0,0.1118,206.0
1753617594757,11:59:54.757,bitmex,AEVO/USDT:USDT,0.1105,195.0,0.1094,467.0,0.1117,134.0,0.1118,206.0
1753617595736,11:59:55.736,bitmex,AEVO/USDT:USDT,0.1105,195.0,0.1094,467.0,0.1117,134.0,0.1118,206.0
1753617595785,11:59:55.785,bitmex,AEVO/USDT:USDT,0.1105,195.0,0.1094,467.0,0.1117,134.0,0.1118,206.0
1753617596966,11:59:56.966,bitmex,AEVO/USDT:USDT,0.1105,195.0,0.1094,467.0,0.1117,134.0,0.1118,206.0
1753617598016,11:59:58.016,bitmex,AEVO/USDT:USDT,0.1105,195.0,0.1094,467.0,0.1117,134.0,0.1118,206.0
1753617598065,11:59:58.065,bitmex,AEVO/USDT:USDT,0.1105,195.0,0.1094,467.0,0.1117,134.0,0.1118,206.0
1753617598539,11:59:58.539,bitmex,AEVO/USDT:USDT,0.1105,195.0,0.1094,467.0,0.1118,206.0,0.1129,449.0
1753617599375,11:59:59.375,bitmex,AEVO/USDT:USDT,0.1105,195.0,0.1094,467.0,0.1118,206.0,0.1129,449.0
1753617599424,11:59:59.424,bitmex,AEVO/USDT:USDT,0.1105,195.0,0.1094,467.0,0.1118,206.0,0.1129,449.0
1753617600575,12:00:00.575,bitmex,AEVO/USDT:USDT,0.1105,195.0,0.1094,467.0,0.1118,206.0,0.1129,449.0
1753617600624,12:00:00.624,bitmex,AEVO/USDT:USDT,0.1105,195.0,0.1094,467.0,0.1118,206.0,0.1129,449.0
1753617601898,12:00:01.898,bitmex,AEVO/USDT:USDT,0.1105,195.0,0.1094,489.0,0.1118,206.0,0.1129,449.0
1753617601965,12:00:01.965,bitmex,AEVO/USDT:USDT,0.1105,195.0,0.1094,489.0,0.1118,206.0,0.1129,449.0
1753617604115,12:00:04.115,bitmex,AEVO/USDT:USDT,0.1105,195.0,0.1094,489.0,0.1117,190.0,0.1129,449.0
1753617604181,12:00:04.181,bitmex,AEVO/USDT:USDT,0.1105,195.0,0.1094,489.0,0.1117,190.0,0.1129,449.0
1753617604231,12:00:04.231,bitmex,AEVO/USDT:USDT,0.1104,193.0,0.1094,489.0,0.1117,190.0,0.1129,449.0
1753617605184,12:00:05.184,bitmex,AEVO/USDT:USDT,0.1104,193.0,0.1094,489.0,0.1117,190.0,0.1129,449.0
1753617605243,12:00:05.243,bitmex,AEVO/USDT:USDT,0.1104,193.0,0.1094,489.0,0.1117,190.0,0.1129,449.0
1753617606470,12:00:06.470,bitmex,AEVO/USDT:USDT,0.1104,193.0,0.1094,489.0,0.1117,190.0,0.1129,449.0
1753617606574,12:00:06.574,bitmex,AEVO/USDT:USDT,0.1104,193.0,0.1094,489.0,0.1117,190.0,0.1128,465.0
1753617607774,12:00:07.774,bitmex,AEVO/USDT:USDT,0.1103,191.0,0.1094,489.0,0.1117,190.0,0.1128,465.0
1753617607824,12:00:07.824,bitmex,AEVO/USDT:USDT,0.1103,191.0,0.1094,489.0,0.1117,190.0,0.1128,465.0
1753617607873,12:00:07.873,bitmex,AEVO/USDT:USDT,0.1103,191.0,0.1094,489.0,0.1116,203.0,0.1128,465.0
1753617608834,12:00:08.834,bitmex,AEVO/USDT:USDT,0.1103,191.0,0.1094,489.0,0.1116,203.0,0.1128,465.0
1753617608883,12:00:08.883,bitmex,AEVO/USDT:USDT,0.1103,191.0,0.1094,489.0,0.1116,203.0,0.1128,465.0
1753617608883,12:00:08.883,bitmex,AEVO/USDT:USDT,0.1103,191.0,0.1094,489.0,0.1116,203.0,0.1128,465.0
1753617610218,12:00:10.218,bitmex,AEVO/USDT:USDT,0.1103,191.0,0.1094,489.0,0.1116,203.0,0.1128,465.0
1753617610268,12:00:10.268,bitmex,AEVO/USDT:USDT,0.1103,191.0,0.1094,489.0,0.1116,203.0,0.1128,465.0
1753617611258,12:00:11.258,bitmex,AEVO/USDT:USDT,0.1103,191.0,0.1094,489.0,0.1116,203.0,0.1128,465.0
1753617611307,12:00:11.307,bitmex,AEVO/USDT:USDT,0.1103,191.0,0.1094,489.0,0.1116,203.0,0.1128,465.0
1753617612616,12:00:12.616,bitmex,AEVO/USDT:USDT,0.1103,191.0,0.1094,489.0,0.1116,203.0,0.1128,465.0
1753617612665,12:00:12.665,bitmex,AEVO/USDT:USDT,0.1103,191.0,0.1094,489.0,0.1116,203.0,0.1128,465.0
1753617613799,12:00:13.799,bitmex,AEVO/USDT:USDT,0.1103,191.0,0.1094,489.0,0.1116,203.0,0.1128,465.0
1753617614844,12:00:14.844,bitmex,AEVO/USDT:USDT,0.1103,191.0,0.1094,489.0,0.1116,203.0,0.1128,465.0
1753617615944,12:00:15.944,bitmex,AEVO/USDT:USDT,0.1103,191.0,0.1094,489.0,0.1116,203.0,0.1128,465.0
1753617615993,12:00:15.993,bitmex,AEVO/USDT:USDT,0.1103,191.0,0.1094,489.0,0.1116,203.0,0.1128,465.0
1753617617171,12:00:17.171,bitmex,AEVO/USDT:USDT,0.1103,191.0,0.1094,30.0,0.1116,203.0,0.1128,465.0
1753617617221,12:00:17.221,bitmex,AEVO/USDT:USDT,0.1103,191.0,0.1094,30.0,0.1116,203.0,0.1128,465.0
1753617618445,12:00:18.445,bitmex,AEVO/USDT:USDT,0.1103,191.0,0.1094,30.0,0.1116,203.0,0.1128,465.0
1753617618495,12:00:18.495,bitmex,AEVO/USDT:USDT,0.1103,191.0,0.1094,30.0,0.1116,203.0,0.1128,465.0
1753617619437,12:00:19.437,bitmex,AEVO/USDT:USDT,0.1103,191.0,0.1094,30.0,0.1116,203.0,0.1128,465.0
1753617619486,12:00:19.486,bitmex,AEVO/USDT:USDT,0.1103,191.0,0.1094,30.0,0.1116,203.0,0.1128,465.0
1753617620599,12:00:20.599,bitmex,AEVO/USDT:USDT,0.1103,191.0,0.1094,30.0,0.1116,203.0,0.1128,465.0
1753617620648,12:00:20.648,bitmex,AEVO/USDT:USDT,0.1103,191.0,0.1094,30.0,0.1116,203.0,0.1128,465.0
1753617621863,12:00:21.863,bitmex,AEVO/USDT:USDT,0.1103,191.0,0.1094,30.0,0.1116,203.0,0.1128,465.0
1753617621912,12:00:21.912,bitmex,AEVO/USDT:USDT,0.1103,191.0,0.1094,30.0,0.1116,203.0,0.1127,459.0
1753617622880,12:00:22.880,bitmex,AEVO/USDT:USDT,0.1103,191.0,0.1094,30.0,0.1116,203.0,0.1127,459.0
1753617622930,12:00:22.930,bitmex,AEVO/USDT:USDT,0.1103,191.0,0.1094,30.0,0.1116,203.0,0.1127,459.0
1753617624121,12:00:24.121,bitmex,AEVO/USDT:USDT,0.1103,191.0,0.1094,30.0,0.1116,203.0,0.1127,459.0
1753617624189,12:00:24.189,bitmex,AEVO/USDT:USDT,0.1103,191.0,0.1094,30.0,0.1116,203.0,0.1127,459.0
1753617625345,12:00:25.345,bitmex,AEVO/USDT:USDT,0.1103,191.0,0.1094,30.0,0.1116,203.0,0.1127,459.0
1753617626462,12:00:26.462,bitmex,AEVO/USDT:USDT,0.1103,191.0,0.1094,30.0,0.1116,203.0,0.1127,459.0
1753617626511,12:00:26.511,bitmex,AEVO/USDT:USDT,0.1103,191.0,0.1094,30.0,0.1116,203.0,0.1127,459.0
1753617627711,12:00:27.711,bitmex,AEVO/USDT:USDT,0.1103,191.0,0.1094,30.0,0.1116,203.0,0.1127,459.0
1753617627764,12:00:27.764,bitmex,AEVO/USDT:USDT,0.1103,191.0,0.1094,30.0,0.1116,203.0,0.1127,459.0
1753617628817,12:00:28.817,bitmex,AEVO/USDT:USDT,0.1103,191.0,0.1094,30.0,0.1116,203.0,0.1127,459.0
1753617628887,12:00:28.887,bitmex,AEVO/USDT:USDT,0.1103,191.0,0.1094,30.0,0.1116,203.0,0.1127,459.0
1753617630153,12:00:30.153,bitmex,AEVO/USDT:USDT,0.1103,191.0,0.1094,30.0,0.1116,203.0,0.1127,459.0
1753617631247,12:00:31.247,bitmex,AEVO/USDT:USDT,0.1102,190.0,0.1094,30.0,0.1116,203.0,0.1127,459.0
1753617631297,12:00:31.297,bitmex,AEVO/USDT:USDT,0.1102,190.0,0.1094,30.0,0.1115,204.0,0.1127,459.0
1753617631346,12:00:31.346,bitmex,AEVO/USDT:USDT,0.1102,190.0,0.1094,30.0,0.1115,204.0,0.1127,459.0
1753617631969,12:00:31.969,bitmex,AEVO/USDT:USDT,0.1102,190.0,0.1094,30.0,0.1115,204.0,0.1116,134.0
1753617632279,12:00:32.279,bitmex,AEVO/USDT:USDT,0.1102,190.0,0.1094,30.0,0.1115,204.0,0.1116,134.0
1753617632329,12:00:32.329,bitmex,AEVO/USDT:USDT,0.1102,190.0,0.1094,30.0,0.1115,204.0,0.1116,134.0
1753617633578,12:00:33.578,bitmex,AEVO/USDT:USDT,0.1102,190.0,0.1094,30.0,0.1115,204.0,0.1116,134.0
1753617633628,12:00:33.628,bitmex,AEVO/USDT:USDT,0.1102,190.0,0.1094,30.0,0.1115,204.0,0.1116,134.0
1753617634634,12:00:34.634,bitmex,AEVO/USDT:USDT,0.1102,190.0,0.1094,30.0,0.1115,204.0,0.1116,134.0
1753617634684,12:00:34.684,bitmex,AEVO/USDT:USDT,0.1102,190.0,0.1094,30.0,0.1115,204.0,0.1116,134.0
1753617635783,12:00:35.783,bitmex,AEVO/USDT:USDT,0.1102,190.0,0.1094,30.0,0.1115,204.0,0.1116,134.0
1753617635865,12:00:35.865,bitmex,AEVO/USDT:USDT,0.1102,190.0,0.1094,30.0,0.1115,204.0,0.1116,134.0
1753617637137,12:00:37.137,bitmex,AEVO/USDT:USDT,0.1102,190.0,0.1094,30.0,0.1115,204.0,0.1116,134.0
1753617637187,12:00:37.187,bitmex,AEVO/USDT:USDT,0.1102,190.0,0.1094,30.0,0.1115,204.0,0.1116,134.0
1753617638141,12:00:38.141,bitmex,AEVO/USDT:USDT,0.1102,190.0,0.1094,30.0,0.1115,204.0,0.1116,134.0
1753617638195,12:00:38.195,bitmex,AEVO/USDT:USDT,0.1102,190.0,0.1094,30.0,0.1115,204.0,0.1116,134.0
1753617639426,12:00:39.426,bitmex,AEVO/USDT:USDT,0.1102,190.0,0.1094,30.0,0.1115,204.0,0.1116,134.0
1753617639476,12:00:39.476,bitmex,AEVO/USDT:USDT,0.1102,190.0,0.1094,30.0,0.1115,204.0,0.1116,134.0
1753617640575,12:00:40.575,bitmex,AEVO/USDT:USDT,0.1102,190.0,0.1094,30.0,0.1115,204.0,0.1116,134.0
1753617640625,12:00:40.625,bitmex,AEVO/USDT:USDT,0.1102,190.0,0.1094,30.0,0.1115,204.0,0.1116,134.0
1753617641705,12:00:41.705,bitmex,AEVO/USDT:USDT,0.1102,190.0,0.1094,30.0,0.1115,204.0,0.1116,134.0
1753617641763,12:00:41.763,bitmex,AEVO/USDT:USDT,0.1102,190.0,0.1094,30.0,0.1115,204.0,0.1116,134.0
1753617643105,12:00:43.105,bitmex,AEVO/USDT:USDT,0.1102,190.0,0.1094,30.0,0.1115,204.0,0.1116,134.0
1753617643155,12:00:43.155,bitmex,AEVO/USDT:USDT,0.1102,190.0,0.1094,30.0,0.1115,204.0,0.1116,134.0
1753617644155,12:00:44.155,bitmex,AEVO/USDT:USDT,0.1102,190.0,0.1094,30.0,0.1115,204.0,0.1116,134.0
1753617644205,12:00:44.205,bitmex,AEVO/USDT:USDT,0.1102,190.0,0.1094,30.0,0.1115,204.0,0.1116,134.0
1753617645234,12:00:45.234,bitmex,AEVO/USDT:USDT,0.1102,190.0,0.1094,30.0,0.1115,204.0,0.1116,134.0
1753617645283,12:00:45.283,bitmex,AEVO/USDT:USDT,0.1102,190.0,0.1094,30.0,0.1115,204.0,0.1116,134.0
1753617646345,12:00:46.345,bitmex,AEVO/USDT:USDT,0.1102,190.0,0.1094,30.0,0.1115,204.0,0.1116,134.0
1753617646394,12:00:46.394,bitmex,AEVO/USDT:USDT,0.1102,190.0,0.1094,30.0,0.1115,204.0,0.1116,134.0
1753617647592,12:00:47.592,bitmex,AEVO/USDT:USDT,0.1102,190.0,0.1094,30.0,0.1115,204.0,0.1116,134.0
1753617647645,12:00:47.645,bitmex,AEVO/USDT:USDT,0.1102,190.0,0.1094,30.0,0.1115,204.0,0.1116,134.0
1753617648744,12:00:48.744,bitmex,AEVO/USDT:USDT,0.1102,190.0,0.1094,30.0,0.1115,204.0,0.1116,134.0
1753617648793,12:00:48.793,bitmex,AEVO/USDT:USDT,0.1102,190.0,0.1094,30.0,0.1115,204.0,0.1116,134.0
1753617649955,12:00:49.955,bitmex,AEVO/USDT:USDT,0.1102,190.0,0.1094,30.0,0.1115,204.0,0.1116,134.0
1753617650213,12:00:50.213,bitmex,AEVO/USDT:USDT,0.1102,190.0,0.1094,30.0,0.1115,204.0,0.1126,459.0
1753617651235,12:00:51.235,bitmex,AEVO/USDT:USDT,0.1102,190.0,0.1094,30.0,0.1115,204.0,0.1126,459.0
1753617652274,12:00:52.274,bitmex,AEVO/USDT:USDT,0.1102,190.0,0.1094,30.0,0.1115,204.0,0.1126,458.0
1753617652324,12:00:52.324,bitmex,AEVO/USDT:USDT,0.1102,190.0,0.1094,30.0,0.1115,204.0,0.1126,458.0
1753617653465,12:00:53.465,bitmex,AEVO/USDT:USDT,0.1102,190.0,0.1094,30.0,0.1115,204.0,0.1126,458.0
1753617653515,12:00:53.515,bitmex,AEVO/USDT:USDT,0.1102,190.0,0.1094,30.0,0.1115,204.0,0.1126,458.0
1753617654624,12:00:54.624,bitmex,AEVO/USDT:USDT,0.1102,190.0,0.1094,30.0,0.1115,204.0,0.1126,458.0
1753617655902,12:00:55.902,bitmex,AEVO/USDT:USDT,0.1102,190.0,0.1094,30.0,0.1115,204.0,0.1126,458.0
1753617655968,12:00:55.968,bitmex,AEVO/USDT:USDT,0.1102,190.0,0.1094,30.0,0.1115,204.0,0.1126,458.0
1753617657003,12:00:57.003,bitmex,AEVO/USDT:USDT,0.1102,190.0,0.1094,30.0,0.1115,204.0,0.1126,458.0
1753617657053,12:00:57.053,bitmex,AEVO/USDT:USDT,0.1102,190.0,0.1094,30.0,0.1115,204.0,0.1126,458.0
1753617658135,12:00:58.135,bitmex,AEVO/USDT:USDT,0.1102,190.0,0.1094,30.0,0.1115,204.0,0.1126,458.0
1753617658185,12:00:58.185,bitmex,AEVO/USDT:USDT,0.1102,190.0,0.1094,30.0,0.1115,204.0,0.1126,458.0
1753617659366,12:00:59.366,bitmex,AEVO/USDT:USDT,0.1102,190.0,0.1094,30.0,0.1115,204.0,0.1126,458.0
1753617659415,12:00:59.415,bitmex,AEVO/USDT:USDT,0.1102,190.0,0.1094,30.0,0.1115,204.0,0.1126,458.0
1753617660539,12:01:00.539,bitmex,AEVO/USDT:USDT,0.1102,190.0,0.1094,30.0,0.1115,204.0,0.1126,458.0
1753617660589,12:01:00.589,bitmex,AEVO/USDT:USDT,0.1102,190.0,0.1094,30.0,0.1115,204.0,0.1126,458.0
1753617661883,12:01:01.883,bitmex,AEVO/USDT:USDT,0.1103,192.0,0.1094,30.0,0.1115,204.0,0.1126,458.0
1753617661933,12:01:01.933,bitmex,AEVO/USDT:USDT,0.1103,192.0,0.1094,30.0,0.1116,206.0,0.1126,458.0
1753617661982,12:01:01.982,bitmex,AEVO/USDT:USDT,0.1103,192.0,0.1094,30.0,0.1116,206.0,0.1126,458.0
1753617662031,12:01:02.031,bitmex,AEVO/USDT:USDT,0.1103,192.0,0.1094,30.0,0.1116,206.0,0.1126,458.0
1753617662826,12:01:02.826,bitmex,AEVO/USDT:USDT,0.1102,206.0,0.1094,30.0,0.1116,206.0,0.1126,458.0
1753617662875,12:01:02.875,bitmex,AEVO/USDT:USDT,0.1102,206.0,0.1094,30.0,0.1116,206.0,0.1126,458.0
1753617662924,12:01:02.924,bitmex,AEVO/USDT:USDT,0.1102,206.0,0.1094,30.0,0.1115,198.0,0.1126,458.0
1753617665055,12:01:05.055,bitmex,AEVO/USDT:USDT,0.1102,206.0,0.1094,30.0,0.1115,198.0,0.1126,458.0
1753617666333,12:01:06.333,bitmex,AEVO/USDT:USDT,0.1102,206.0,0.1094,30.0,0.1115,198.0,0.1126,458.0
1753617667845,12:01:07.845,bitmex,AEVO/USDT:USDT,0.1102,206.0,0.1094,30.0,0.1115,198.0,0.1126,458.0
1753617668645,12:01:08.645,bitmex,AEVO/USDT:USDT,0.1102,206.0,0.1094,30.0,0.1115,198.0,0.1126,458.0
1753617669743,12:01:09.743,bitmex,AEVO/USDT:USDT,0.1102,206.0,0.1094,30.0,0.1115,198.0,0.1126,458.0
1753617669794,12:01:09.794,bitmex,AEVO/USDT:USDT,0.1102,206.0,0.1094,30.0,0.1115,198.0,0.1126,458.0
1753617671024,12:01:11.024,bitmex,AEVO/USDT:USDT,0.1102,206.0,0.1094,30.0,0.1115,198.0,0.1126,458.0
1753617672204,12:01:12.204,bitmex,AEVO/USDT:USDT,0.1102,206.0,0.1094,30.0,0.1115,198.0,0.1126,458.0
1753617672253,12:01:12.253,bitmex,AEVO/USDT:USDT,0.1102,206.0,0.1094,30.0,0.1115,198.0,0.1126,458.0
1753617673202,12:01:13.202,bitmex,AEVO/USDT:USDT,0.1102,206.0,0.1094,30.0,0.1115,332.0,0.1126,458.0
1753617673604,12:01:13.604,bitmex,AEVO/USDT:USDT,0.1102,206.0,0.1094,30.0,0.1115,332.0,0.1126,458.0
1753617674634,12:01:14.634,bitmex,AEVO/USDT:USDT,0.1102,206.0,0.1094,30.0,0.1115,332.0,0.1126,458.0
1753617674684,12:01:14.684,bitmex,AEVO/USDT:USDT,0.1102,206.0,0.1094,30.0,0.1115,332.0,0.1126,458.0
1753617675785,12:01:15.785,bitmex,AEVO/USDT:USDT,0.1102,206.0,0.1094,30.0,0.1115,332.0,0.1126,458.0
1753617675835,12:01:15.835,bitmex,AEVO/USDT:USDT,0.1102,206.0,0.1094,30.0,0.1115,332.0,0.1126,458.0
1753617676965,12:01:16.965,bitmex,AEVO/USDT:USDT,0.1102,206.0,0.1094,30.0,0.1115,332.0,0.1126,458.0
1753617677015,12:01:17.015,bitmex,AEVO/USDT:USDT,0.1102,206.0,0.1094,30.0,0.1115,332.0,0.1126,458.0
1753617678157,12:01:18.157,bitmex,AEVO/USDT:USDT,0.1102,206.0,0.1094,30.0,0.1115,332.0,0.1126,458.0
1753617678228,12:01:18.228,bitmex,AEVO/USDT:USDT,0.1102,206.0,0.1094,30.0,0.1115,332.0,0.1126,458.0
1753617679376,12:01:19.376,bitmex,AEVO/USDT:USDT,0.1102,206.0,0.1094,30.0,0.1115,332.0,0.1126,458.0
1753617679425,12:01:19.425,bitmex,AEVO/USDT:USDT,0.1102,206.0,0.1094,30.0,0.1115,332.0,0.1126,458.0
1753617680657,12:01:20.657,bitmex,AEVO/USDT:USDT,0.1102,206.0,0.1094,30.0,0.1115,332.0,0.1126,458.0
1753617680706,12:01:20.706,bitmex,AEVO/USDT:USDT,0.1102,206.0,0.1094,30.0,0.1115,332.0,0.1126,458.0
1753617681853,12:01:21.853,bitmex,AEVO/USDT:USDT,0.1102,206.0,0.1094,30.0,0.1115,332.0,0.1126,458.0
1753617682702,12:01:22.702,bitmex,AEVO/USDT:USDT,0.1102,206.0,0.1094,30.0,0.1115,332.0,0.1126,464.0
1753617682751,12:01:22.751,bitmex,AEVO/USDT:USDT,0.1102,206.0,0.1094,30.0,0.1115,332.0,0.1126,464.0
1753617683607,12:01:23.607,bitmex,AEVO/USDT:USDT,0.1102,206.0,0.1094,30.0,0.1115,198.0,0.1126,464.0
1753617684045,12:01:24.045,bitmex,AEVO/USDT:USDT,0.1102,206.0,0.1094,30.0,0.1115,198.0,0.1126,464.0
1753617685184,12:01:25.184,bitmex,AEVO/USDT:USDT,0.1102,206.0,0.1094,30.0,0.1115,198.0,0.1126,464.0
1753617685245,12:01:25.245,bitmex,AEVO/USDT:USDT,0.1102,206.0,0.1094,30.0,0.1115,198.0,0.1126,464.0
1753617686484,12:01:26.484,bitmex,AEVO/USDT:USDT,0.1102,206.0,0.1094,30.0,0.1115,198.0,0.1126,464.0
1753617686585,12:01:26.585,bitmex,AEVO/USDT:USDT,0.1102,206.0,0.1094,30.0,0.1115,198.0,0.1126,464.0
1753617687566,12:01:27.566,bitmex,AEVO/USDT:USDT,0.1102,206.0,0.1094,30.0,0.1115,198.0,0.1126,464.0
1753617687616,12:01:27.616,bitmex,AEVO/USDT:USDT,0.1101,196.0,0.1094,30.0,0.1114,208.0,0.1126,464.0
1753617688767,12:01:28.767,bitmex,AEVO/USDT:USDT,0.1101,196.0,0.1094,30.0,0.1114,208.0,0.1126,464.0
1753617689923,12:01:29.923,bitmex,AEVO/USDT:USDT,0.1101,196.0,0.1094,30.0,0.1114,208.0,0.1126,464.0
1753617689972,12:01:29.972,bitmex,AEVO/USDT:USDT,0.1101,196.0,0.1094,30.0,0.1114,208.0,0.1126,464.0
1753617691039,12:01:31.039,bitmex,AEVO/USDT:USDT,0.1101,196.0,0.1094,30.0,0.1114,208.0,0.1126,464.0
1753617691105,12:01:31.105,bitmex,AEVO/USDT:USDT,0.1101,196.0,0.1094,30.0,0.1114,208.0,0.1126,464.0
1753617692598,12:01:32.598,bitmex,AEVO/USDT:USDT,0.1102,205.0,0.1094,30.0,0.1114,208.0,0.1126,464.0
1753617692647,12:01:32.647,bitmex,AEVO/USDT:USDT,0.1102,205.0,0.1094,30.0,0.1115,199.0,0.1126,464.0
1753617692696,12:01:32.696,bitmex,AEVO/USDT:USDT,0.1102,205.0,0.1094,30.0,0.1115,199.0,0.1126,464.0
1753617693788,12:01:33.788,bitmex,AEVO/USDT:USDT,0.1102,205.0,0.1094,30.0,0.1115,199.0,0.1126,464.0
1753617693903,12:01:33.903,bitmex,AEVO/USDT:USDT,0.1102,205.0,0.1094,30.0,0.1115,199.0,0.1126,464.0
1753617694790,12:01:34.790,bitmex,AEVO/USDT:USDT,0.1102,205.0,0.1094,30.0,0.1115,199.0,0.1126,464.0
1753617694839,12:01:34.839,bitmex,AEVO/USDT:USDT,0.1102,205.0,0.1094,30.0,0.1115,199.0,0.1126,464.0
1753617695778,12:01:35.778,bitmex,AEVO/USDT:USDT,0.1102,205.0,0.1094,30.0,0.1115,199.0,0.1126,464.0
1753617695827,12:01:35.827,bitmex,AEVO/USDT:USDT,0.1102,205.0,0.1094,30.0,0.1115,199.0,0.1126,464.0
1753617696953,12:01:36.953,bitmex,AEVO/USDT:USDT,0.1102,205.0,0.1094,30.0,0.1115,199.0,0.1126,464.0
1753617697004,12:01:37.004,bitmex,AEVO/USDT:USDT,0.1102,205.0,0.1094,30.0,0.1115,199.0,0.1126,464.0
1753617698454,12:01:38.454,bitmex,AEVO/USDT:USDT,0.1101,193.0,0.1094,30.0,0.1115,199.0,0.1126,464.0
1753617698504,12:01:38.504,bitmex,AEVO/USDT:USDT,0.1101,193.0,0.1094,30.0,0.1115,199.0,0.1126,464.0
1753617698553,12:01:38.553,bitmex,AEVO/USDT:USDT,0.1101,193.0,0.1094,30.0,0.1114,204.0,0.1125,436.0
1753617699449,12:01:39.449,bitmex,AEVO/USDT:USDT,0.1102,193.0,0.1094,30.0,0.1114,204.0,0.1125,436.0
1753617699499,12:01:39.499,bitmex,AEVO/USDT:USDT,0.1102,193.0,0.1094,30.0,0.1114,204.0,0.1125,436.0
1753617699548,12:01:39.548,bitmex,AEVO/USDT:USDT,0.1102,193.0,0.1094,30.0,0.1115,193.0,0.1125,436.0
1753617700698,12:01:40.698,bitmex,AEVO/USDT:USDT,0.1102,193.0,0.1094,30.0,0.1115,193.0,0.1125,436.0
1753617700747,12:01:40.747,bitmex,AEVO/USDT:USDT,0.1103,200.0,0.1094,30.0,0.1116,191.0,0.1125,436.0
1753617701635,12:01:41.635,bitmex,AEVO/USDT:USDT,0.1103,200.0,0.1094,30.0,0.1116,191.0,0.1125,436.0
1753617701685,12:01:41.685,bitmex,AEVO/USDT:USDT,0.1103,200.0,0.1094,30.0,0.1116,191.0,0.1125,436.0
1753617703515,12:01:43.515,bitmex,AEVO/USDT:USDT,0.1103,200.0,0.1094,30.0,0.1116,191.0,0.1125,436.0
1753617703565,12:01:43.565,bitmex,AEVO/USDT:USDT,0.1103,200.0,0.1094,30.0,0.1116,191.0,0.1125,436.0
1753617704372,12:01:44.372,bitmex,AEVO/USDT:USDT,0.1103,200.0,0.1094,30.0,0.1116,191.0,0.1125,436.0
1753617704422,12:01:44.422,bitmex,AEVO/USDT:USDT,0.1103,200.0,0.1094,30.0,0.1116,191.0,0.1125,436.0
1753617705487,12:01:45.487,bitmex,AEVO/USDT:USDT,0.1103,200.0,0.1094,30.0,0.1116,191.0,0.1125,436.0
1753617705537,12:01:45.537,bitmex,AEVO/USDT:USDT,0.1103,200.0,0.1094,30.0,0.1116,191.0,0.1125,436.0
1753617708005,12:01:48.005,bitmex,AEVO/USDT:USDT,0.1102,190.0,0.1094,30.0,0.1116,191.0,0.1125,436.0
1753617708064,12:01:48.064,bitmex,AEVO/USDT:USDT,0.1102,190.0,0.1094,30.0,0.1115,199.0,0.1125,436.0
1753617708113,12:01:48.113,bitmex,AEVO/USDT:USDT,0.1102,190.0,0.1094,30.0,0.1115,199.0,0.1125,436.0
1753617708755,12:01:48.755,bitmex,AEVO/USDT:USDT,0.1102,190.0,0.1094,30.0,0.1115,199.0,0.1125,436.0
1753617708809,12:01:48.809,bitmex,AEVO/USDT:USDT,0.1102,190.0,0.1094,30.0,0.1115,199.0,0.1125,436.0
1753617709657,12:01:49.657,bitmex,AEVO/USDT:USDT,0.1102,190.0,0.1094,30.0,0.1115,199.0,0.1125,436.0
1753617709707,12:01:49.707,bitmex,AEVO/USDT:USDT,0.1102,190.0,0.1094,30.0,0.1115,199.0,0.1125,436.0
1753617710474,12:01:50.474,bitmex,AEVO/USDT:USDT,0.1102,190.0,0.1094,30.0,0.1115,199.0,0.1125,436.0
1753617710535,12:01:50.535,bitmex,AEVO/USDT:USDT,0.1102,190.0,0.1094,30.0,0.1115,199.0,0.1125,436.0
1753617711391,12:01:51.391,bitmex,AEVO/USDT:USDT,0.1102,190.0,0.1094,30.0,0.1115,199.0,0.1125,436.0
1753617711440,12:01:51.440,bitmex,AEVO/USDT:USDT,0.1102,190.0,0.1094,30.0,0.1115,199.0,0.1125,436.0
1753617712446,12:01:52.446,bitmex,AEVO/USDT:USDT,0.1102,190.0,0.1094,30.0,0.1115,199.0,0.1125,436.0
1753617712496,12:01:52.496,bitmex,AEVO/USDT:USDT,0.1102,190.0,0.1094,30.0,0.1115,199.0,0.1125,436.0
1753617713791,12:01:53.791,bitmex,AEVO/USDT:USDT,0.1102,190.0,0.1094,30.0,0.1115,199.0,0.1125,436.0
1753617713841,12:01:53.841,bitmex,AEVO/USDT:USDT,0.1102,190.0,0.1094,30.0,0.1115,199.0,0.1126,454.0
1753617714765,12:01:54.765,bitmex,AEVO/USDT:USDT,0.1102,190.0,0.1094,30.0,0.1115,199.0,0.1126,454.0
1753617714814,12:01:54.814,bitmex,AEVO/USDT:USDT,0.1102,190.0,0.1094,30.0,0.1115,199.0,0.1126,454.0
1753617715948,12:01:55.948,bitmex,AEVO/USDT:USDT,0.1102,190.0,0.1094,30.0,0.1115,199.0,0.1126,454.0
1753617715998,12:01:55.998,bitmex,AEVO/USDT:USDT,0.1102,190.0,0.1094,30.0,0.1115,199.0,0.1126,454.0
1753617717123,12:01:57.123,bitmex,AEVO/USDT:USDT,0.1102,190.0,0.1094,30.0,0.1115,199.0,0.1126,454.0
1753617717172,12:01:57.172,bitmex,AEVO/USDT:USDT,0.1102,190.0,0.1094,30.0,0.1115,199.0,0.1126,454.0
1753617718382,12:01:58.382,bitmex,AEVO/USDT:USDT,0.1102,190.0,0.1094,30.0,0.1115,199.0,0.1126,454.0
1753617718431,12:01:58.431,bitmex,AEVO/USDT:USDT,0.1102,190.0,0.1094,30.0,0.1115,199.0,0.1126,454.0
1753617719627,12:01:59.627,bitmex,AEVO/USDT:USDT,0.1102,190.0,0.1094,30.0,0.1115,199.0,0.1126,454.0
1753617719677,12:01:59.677,bitmex,AEVO/USDT:USDT,0.1102,190.0,0.1094,30.0,0.1115,199.0,0.1126,454.0
1753617720710,12:02:00.710,bitmex,AEVO/USDT:USDT,0.1102,190.0,0.1094,30.0,0.1116,191.0,0.1126,454.0
1753617720760,12:02:00.760,bitmex,AEVO/USDT:USDT,0.1103,193.0,0.1094,30.0,0.1116,191.0,0.1126,454.0
1753617720809,12:02:00.809,bitmex,AEVO/USDT:USDT,0.1103,193.0,0.1094,30.0,0.1116,191.0,0.1126,454.0
1753617721892,12:02:01.892,bitmex,AEVO/USDT:USDT,0.1103,193.0,0.1094,30.0,0.1116,191.0,0.1126,454.0
1753617721963,12:02:01.963,bitmex,AEVO/USDT:USDT,0.1103,193.0,0.1094,30.0,0.1116,191.0,0.1126,454.0
1753617723031,12:02:03.031,bitmex,AEVO/USDT:USDT,0.1102,197.0,0.1094,30.0,0.1115,194.0,0.1126,454.0
1753617724211,12:02:04.211,bitmex,AEVO/USDT:USDT,0.1102,197.0,0.1094,30.0,0.1115,194.0,0.1126,454.0
1753617724261,12:02:04.261,bitmex,AEVO/USDT:USDT,0.1102,197.0,0.1094,30.0,0.1115,194.0,0.1126,454.0
1753617725352,12:02:05.352,bitmex,AEVO/USDT:USDT,0.1102,197.0,0.1094,30.0,0.1115,194.0,0.1126,454.0
1753617725401,12:02:05.401,bitmex,AEVO/USDT:USDT,0.1102,197.0,0.1094,30.0,0.1115,194.0,0.1126,454.0
1753617727014,12:02:07.014,bitmex,AEVO/USDT:USDT,0.1102,197.0,0.1094,30.0,0.1115,194.0,0.1126,454.0
1753617727063,12:02:07.063,bitmex,AEVO/USDT:USDT,0.1102,197.0,0.1094,30.0,0.1115,194.0,0.1126,454.0
1753617727796,12:02:07.796,bitmex,AEVO/USDT:USDT,0.1102,197.0,0.1094,30.0,0.1115,194.0,0.1126,454.0
1753617727845,12:02:07.845,bitmex,AEVO/USDT:USDT,0.1102,197.0,0.1094,30.0,0.1115,194.0,0.1126,454.0
1753617729038,12:02:09.038,bitmex,AEVO/USDT:USDT,0.1102,197.0,0.1094,30.0,0.1115,194.0,0.1126,471.0
1753617729088,12:02:09.088,bitmex,AEVO/USDT:USDT,0.1102,197.0,0.1094,30.0,0.1115,194.0,0.1126,471.0
1753617730094,12:02:10.094,bitmex,AEVO/USDT:USDT,0.1102,197.0,0.1094,30.0,0.1115,194.0,0.1126,471.0
1753617730144,12:02:10.144,bitmex,AEVO/USDT:USDT,0.1102,197.0,0.1094,30.0,0.1115,194.0,0.1126,471.0
1753617731345,12:02:11.345,bitmex,AEVO/USDT:USDT,0.1102,197.0,0.1094,30.0,0.1115,194.0,0.1126,471.0
1753617731404,12:02:11.404,bitmex,AEVO/USDT:USDT,0.1102,197.0,0.1094,30.0,0.1115,194.0,0.1126,471.0
1753617732316,12:02:12.316,bitmex,AEVO/USDT:USDT,0.1102,197.0,0.1094,30.0,0.1115,194.0,0.1126,471.0
1753617732434,12:02:12.434,bitmex,AEVO/USDT:USDT,0.1102,197.0,0.1094,30.0,0.1115,194.0,0.1126,471.0
1753617733687,12:02:13.687,bitmex,AEVO/USDT:USDT,0.1102,197.0,0.1094,30.0,0.1115,194.0,0.1126,471.0
1753617733744,12:02:13.744,bitmex,AEVO/USDT:USDT,0.1102,197.0,0.1094,30.0,0.1115,194.0,0.1126,471.0
1753617734708,12:02:14.708,bitmex,AEVO/USDT:USDT,0.1102,197.0,0.1094,30.0,0.1115,194.0,0.1126,471.0
1753617734758,12:02:14.758,bitmex,AEVO/USDT:USDT,0.1102,197.0,0.1094,30.0,0.1115,194.0,0.1126,471.0
1753617736637,12:02:16.637,bitmex,AEVO/USDT:USDT,0.1102,197.0,0.1094,30.0,0.1115,194.0,0.1126,471.0
1753617736686,12:02:16.686,bitmex,AEVO/USDT:USDT,0.1102,197.0,0.1094,30.0,0.1115,194.0,0.1126,471.0
1753617737536,12:02:17.536,bitmex,AEVO/USDT:USDT,0.1102,197.0,0.1094,30.0,0.1115,194.0,0.1126,471.0
1753617737585,12:02:17.585,bitmex,AEVO/USDT:USDT,0.1102,197.0,0.1094,30.0,0.1115,194.0,0.1126,471.0
1753617738294,12:02:18.294,bitmex,AEVO/USDT:USDT,0.1102,197.0,0.1094,30.0,0.1115,194.0,0.1126,471.0
1753617738354,12:02:18.354,bitmex,AEVO/USDT:USDT,0.1102,197.0,0.1094,30.0,0.1115,194.0,0.1126,471.0
1753617739460,12:02:19.460,bitmex,AEVO/USDT:USDT,0.1102,197.0,0.1094,30.0,0.1115,194.0,0.1126,471.0
1753617739510,12:02:19.510,bitmex,AEVO/USDT:USDT,0.1102,197.0,0.1094,30.0,0.1115,194.0,0.1126,471.0
1753617740922,12:02:20.922,bitmex,AEVO/USDT:USDT,0.1102,197.0,0.1094,30.0,0.1115,194.0,0.1126,471.0
1753617740971,12:02:20.971,bitmex,AEVO/USDT:USDT,0.1102,197.0,0.1094,30.0,0.1115,194.0,0.1126,471.0
1753617741885,12:02:21.885,bitmex,AEVO/USDT:USDT,0.1102,197.0,0.1094,30.0,0.1115,194.0,0.1126,471.0
1753617741935,12:02:21.935,bitmex,AEVO/USDT:USDT,0.1102,197.0,0.1094,30.0,0.1115,194.0,0.1126,471.0
1753617743035,12:02:23.035,bitmex,AEVO/USDT:USDT,0.1102,197.0,0.1094,30.0,0.1115,194.0,0.1126,471.0
1753617743152,12:02:23.152,bitmex,AEVO/USDT:USDT,0.1102,197.0,0.1094,30.0,0.1115,194.0,0.1126,471.0
1753617744145,12:02:24.145,bitmex,AEVO/USDT:USDT,0.1102,197.0,0.1094,30.0,0.1115,194.0,0.1126,471.0
1753617744214,12:02:24.214,bitmex,AEVO/USDT:USDT,0.1102,197.0,0.1094,30.0,0.1115,194.0,0.1126,478.0
1753617745437,12:02:25.437,bitmex,AEVO/USDT:USDT,0.1102,197.0,0.1094,30.0,0.1115,194.0,0.1126,478.0
1753617745486,12:02:25.486,bitmex,AEVO/USDT:USDT,0.1102,197.0,0.1094,30.0,0.1115,194.0,0.1126,478.0
1753617746427,12:02:26.427,bitmex,AEVO/USDT:USDT,0.1102,197.0,0.1094,30.0,0.1115,194.0,0.1126,478.0
1753617746492,12:02:26.492,bitmex,AEVO/USDT:USDT,0.1102,197.0,0.1094,30.0,0.1115,194.0,0.1126,478.0
1753617747660,12:02:27.660,bitmex,AEVO/USDT:USDT,0.1102,197.0,0.1094,30.0,0.1115,194.0,0.1126,478.0
1753617747710,12:02:27.710,bitmex,AEVO/USDT:USDT,0.1102,197.0,0.1094,30.0,0.1115,194.0,0.1126,478.0
1753617748843,12:02:28.843,bitmex,AEVO/USDT:USDT,0.1102,197.0,0.1094,30.0,0.1115,194.0,0.1126,478.0
1753617748892,12:02:28.892,bitmex,AEVO/USDT:USDT,0.1102,197.0,0.1094,30.0,0.1115,194.0,0.1126,478.0
1753617750184,12:02:30.184,bitmex,AEVO/USDT:USDT,0.1102,197.0,0.1094,30.0,0.1115,194.0,0.1126,478.0
1753617750234,12:02:30.234,bitmex,AEVO/USDT:USDT,0.1102,197.0,0.1094,30.0,0.1115,194.0,0.1126,478.0
1753617751373,12:02:31.373,bitmex,AEVO/USDT:USDT,0.1102,197.0,0.1094,30.0,0.1115,194.0,0.1126,478.0
1753617751423,12:02:31.423,bitmex,AEVO/USDT:USDT,0.1102,197.0,0.1094,30.0,0.1115,194.0,0.1126,478.0
1753617752762,12:02:32.762,bitmex,AEVO/USDT:USDT,0.1103,196.0,0.1094,30.0,0.1115,194.0,0.1126,478.0
1753617752811,12:02:32.811,bitmex,AEVO/USDT:USDT,0.1103,196.0,0.1094,30.0,0.1116,207.0,0.1126,478.0
1753617752860,12:02:32.860,bitmex,AEVO/USDT:USDT,0.1103,196.0,0.1094,30.0,0.1116,207.0,0.1126,478.0
1753617753704,12:02:33.704,bitmex,AEVO/USDT:USDT,0.1103,196.0,0.1094,30.0,0.1116,207.0,0.1126,478.0
1753617753769,12:02:33.769,bitmex,AEVO/USDT:USDT,0.1103,196.0,0.1094,30.0,0.1116,207.0,0.1126,478.0
1753617755095,12:02:35.095,bitmex,AEVO/USDT:USDT,0.1103,196.0,0.1094,30.0,0.1116,207.0,0.1126,478.0
1753617756061,12:02:36.061,bitmex,AEVO/USDT:USDT,0.1103,196.0,0.1094,30.0,0.1116,207.0,0.1126,478.0
1753617756110,12:02:36.110,bitmex,AEVO/USDT:USDT,0.1103,196.0,0.1094,30.0,0.1116,207.0,0.1126,478.0
1753617757229,12:02:37.229,bitmex,AEVO/USDT:USDT,0.1103,196.0,0.1094,30.0,0.1116,207.0,0.1126,478.0
1753617757283,12:02:37.283,bitmex,AEVO/USDT:USDT,0.1103,196.0,0.1094,30.0,0.1116,207.0,0.1126,478.0
1753617758474,12:02:38.474,bitmex,AEVO/USDT:USDT,0.1103,196.0,0.1094,30.0,0.1116,207.0,0.1126,478.0
1753617758524,12:02:38.524,bitmex,AEVO/USDT:USDT,0.1103,196.0,0.1094,30.0,0.1116,207.0,0.1126,478.0
1753617759629,12:02:39.629,bitmex,AEVO/USDT:USDT,0.1103,196.0,0.1094,30.0,0.1116,207.0,0.1127,443.0
1753617759679,12:02:39.679,bitmex,AEVO/USDT:USDT,0.1103,196.0,0.1094,30.0,0.1116,207.0,0.1127,443.0
1753617760780,12:02:40.780,bitmex,AEVO/USDT:USDT,0.1103,196.0,0.1094,30.0,0.1116,207.0,0.1127,443.0
1753617760843,12:02:40.843,bitmex,AEVO/USDT:USDT,0.1103,196.0,0.1094,30.0,0.1116,207.0,0.1127,443.0
1753617762096,12:02:42.096,bitmex,AEVO/USDT:USDT,0.1103,196.0,0.1094,30.0,0.1115,192.0,0.1127,443.0
