timestamp,time,exchange,symbol,bid1_price,bid1_volume,bid2_price,bid2_volume,ask1_price,ask1_volume,ask2_price,ask2_volume
1753617162902,11:52:42.902,okx,ACT/USDT:USDT,0.04603,5399.0,0.04602,13857.0,0.04604,5894.0,0.04605,21902.0
1753617163102,11:52:43.102,okx,ACT/USDT:USDT,0.04603,5399.0,0.04602,13857.0,0.04604,5894.0,0.04605,21902.0
1753617163602,11:52:43.602,okx,ACT/USDT:USDT,0.04603,5399.0,0.04602,19347.0,0.04604,5894.0,0.04605,12510.0
1753617163702,11:52:43.702,okx,ACT/USDT:USDT,0.04603,5399.0,0.04602,19347.0,0.04604,5894.0,0.04605,12510.0
1753617163902,11:52:43.902,okx,ACT/USDT:USDT,0.04603,5399.0,0.04602,19347.0,0.04604,5894.0,0.04605,12510.0
1753617164002,11:52:44.002,okx,ACT/USDT:USDT,0.04603,5399.0,0.04602,13857.0,0.04604,5894.0,0.04605,12510.0
1753617164202,11:52:44.202,okx,ACT/USDT:USDT,0.04603,5399.0,0.04602,17721.0,0.04604,5909.0,0.04605,12510.0
1753617164402,11:52:44.402,okx,ACT/USDT:USDT,0.04604,2217.0,0.04603,25925.0,0.04605,30605.0,0.04606,36841.0
1753617164502,11:52:44.502,okx,ACT/USDT:USDT,0.04604,2219.0,0.04603,17243.0,0.04605,30607.0,0.04606,37005.0
1753617164602,11:52:44.602,okx,ACT/USDT:USDT,0.04604,2219.0,0.04603,17243.0,0.04605,30807.0,0.04606,36841.0
1753617164802,11:52:44.802,okx,ACT/USDT:USDT,0.04604,2219.0,0.04603,17243.0,0.04605,30807.0,0.04606,36841.0
1753617165002,11:52:45.002,okx,ACT/USDT:USDT,0.04604,2219.0,0.04603,17244.0,0.04605,30807.0,0.04606,36841.0
1753617165502,11:52:45.502,okx,ACT/USDT:USDT,0.04604,2219.0,0.04603,18658.0,0.04605,30807.0,0.04606,20598.0
1753617165602,11:52:45.602,okx,ACT/USDT:USDT,0.04604,2219.0,0.04603,14794.0,0.04605,30807.0,0.04606,22659.0
1753617166602,11:52:46.602,okx,ACT/USDT:USDT,0.04603,2217.0,0.04602,10885.0,0.04604,13342.0,0.04605,14298.0
1753617166702,11:52:46.702,okx,ACT/USDT:USDT,0.04603,2217.0,0.04602,10885.0,0.04604,11242.0,0.04605,14298.0
1753617166802,11:52:46.802,okx,ACT/USDT:USDT,0.04603,2217.0,0.04602,10885.0,0.04604,2151.0,0.04605,18323.0
1753617166902,11:52:46.902,okx,ACT/USDT:USDT,0.04603,2217.0,0.04602,10885.0,0.04604,2151.0,0.04605,16223.0
1753617167002,11:52:47.002,okx,ACT/USDT:USDT,0.04603,2217.0,0.04602,10885.0,0.04604,2151.0,0.04605,16223.0
1753617167102,11:52:47.102,okx,ACT/USDT:USDT,0.04603,2217.0,0.04602,10885.0,0.04604,2151.0,0.04605,19652.0
1753617168102,11:52:48.102,okx,ACT/USDT:USDT,0.04603,2219.0,0.04602,10885.0,0.04604,2153.0,0.04605,19652.0
1753617168602,11:52:48.602,okx,ACT/USDT:USDT,0.04603,2219.0,0.04602,11320.0,0.04604,187.0,0.04605,16223.0
1753617168702,11:52:48.702,okx,ACT/USDT:USDT,0.04603,2219.0,0.04602,10885.0,0.04604,187.0,0.04605,19652.0
1753617168802,11:52:48.802,okx,ACT/USDT:USDT,0.04603,2219.0,0.04602,11320.0,0.04604,187.0,0.04605,17848.0
1753617168902,11:52:48.902,okx,ACT/USDT:USDT,0.04603,12636.0,0.04602,16572.0,0.04605,32234.0,0.04606,18437.0
1753617169002,11:52:49.002,okx,ACT/USDT:USDT,0.04603,12638.0,0.04602,11517.0,0.04604,2219.0,0.04605,33861.0
1753617169202,11:52:49.202,okx,ACT/USDT:USDT,0.04603,12638.0,0.04602,11517.0,0.04604,2219.0,0.04605,33863.0
1753617169302,11:52:49.302,okx,ACT/USDT:USDT,0.04604,2654.0,0.04603,14397.0,0.04605,10137.0,0.04606,6266.0
1753617169402,11:52:49.402,okx,ACT/USDT:USDT,0.04604,3845.0,0.04603,14399.0,0.04605,10137.0,0.04606,8130.0
1753617169502,11:52:49.502,okx,ACT/USDT:USDT,0.04604,2219.0,0.04603,15814.0,0.04605,10137.0,0.04606,12221.0
1753617169902,11:52:49.902,okx,ACT/USDT:USDT,0.04604,2219.0,0.04603,15814.0,0.04605,10137.0,0.04606,12221.0
1753617170102,11:52:50.102,okx,ACT/USDT:USDT,0.04604,2219.0,0.04603,15814.0,0.04605,10137.0,0.04606,12221.0
1753617170202,11:52:50.202,okx,ACT/USDT:USDT,0.04604,2219.0,0.04603,12385.0,0.04605,10137.0,0.04606,12221.0
1753617170302,11:52:50.302,okx,ACT/USDT:USDT,0.04604,2219.0,0.04603,15814.0,0.04605,10137.0,0.04606,17289.0
1753617170802,11:52:50.802,okx,ACT/USDT:USDT,0.04604,8308.0,0.04603,16571.0,0.04605,219.0,0.04606,13198.0
1753617170902,11:52:50.902,okx,ACT/USDT:USDT,0.04604,14971.0,0.04603,16571.0,0.04605,2426.0,0.04606,13198.0
1753617171202,11:52:51.202,okx,ACT/USDT:USDT,0.04603,11627.0,0.04602,24122.0,0.04605,6152.0,0.04606,24281.0
1753617171302,11:52:51.302,okx,ACT/USDT:USDT,0.04604,2686.0,0.04603,15346.0,0.04605,6154.0,0.04606,24281.0
1753617171402,11:52:51.402,okx,ACT/USDT:USDT,0.04604,2684.0,0.04603,15781.0,0.04605,6154.0,0.04606,24281.0
1753617171502,11:52:51.502,okx,ACT/USDT:USDT,0.04604,4701.0,0.04603,15782.0,0.04605,6154.0,0.04606,24281.0
1753617171602,11:52:51.602,okx,ACT/USDT:USDT,0.04604,9230.0,0.04603,17005.0,0.04605,3947.0,0.04606,13198.0
1753617171702,11:52:51.702,okx,ACT/USDT:USDT,0.04604,15716.0,0.04603,17005.0,0.04605,219.0,0.04606,13198.0
1753617171802,11:52:51.802,okx,ACT/USDT:USDT,0.04605,8310.0,0.04604,19203.0,0.04606,128.0,0.04607,9542.0
1753617171902,11:52:51.902,okx,ACT/USDT:USDT,0.04605,10137.0,0.04604,17137.0,0.04606,128.0,0.04607,8152.0
1753617172002,11:52:52.002,okx,ACT/USDT:USDT,0.04605,10137.0,0.04604,17137.0,0.04606,128.0,0.04607,8152.0
1753617172102,11:52:52.102,okx,ACT/USDT:USDT,0.04605,9702.0,0.04604,15111.0,0.04606,128.0,0.04607,8152.0
1753617172202,11:52:52.202,okx,ACT/USDT:USDT,0.04605,9702.0,0.04604,15111.0,0.04606,128.0,0.04607,8152.0
1753617172302,11:52:52.302,okx,ACT/USDT:USDT,0.04605,14026.0,0.04604,15111.0,0.04606,128.0,0.04607,8152.0
1753617172402,11:52:52.402,okx,ACT/USDT:USDT,0.04605,18294.0,0.04604,15111.0,0.04606,128.0,0.04607,8152.0
1753617173002,11:52:53.002,okx,ACT/USDT:USDT,0.04605,9793.0,0.04604,16525.0,0.04606,2345.0,0.04607,8152.0
1753617173602,11:52:53.602,okx,ACT/USDT:USDT,0.04605,4125.0,0.04604,16525.0,0.04606,2345.0,0.04607,8152.0
1753617173702,11:52:53.702,okx,ACT/USDT:USDT,0.04605,4125.0,0.04604,15098.0,0.04606,2345.0,0.04607,8152.0
1753617174302,11:52:54.302,okx,ACT/USDT:USDT,0.04605,5757.0,0.04604,18527.0,0.04606,2345.0,0.04607,8152.0
1753617175302,11:52:55.302,okx,ACT/USDT:USDT,0.04605,5757.0,0.04604,18527.0,0.04606,2345.0,0.04607,8152.0
1753617176002,11:52:56.002,okx,ACT/USDT:USDT,0.04605,5757.0,0.04604,18527.0,0.04606,2345.0,0.04607,8152.0
1753617176402,11:52:56.402,okx,ACT/USDT:USDT,0.04605,7768.0,0.04604,18527.0,0.04606,2345.0,0.04607,8152.0
1753617176702,11:52:56.702,okx,ACT/USDT:USDT,0.04605,7768.0,0.04604,18527.0,0.04606,2345.0,0.04607,8152.0
1753617176802,11:52:56.802,okx,ACT/USDT:USDT,0.04605,5753.0,0.04604,18527.0,0.04606,2345.0,0.04607,8152.0
1753617178202,11:52:58.202,okx,ACT/USDT:USDT,0.04605,5753.0,0.04604,18527.0,0.04606,2345.0,0.04607,8152.0
1753617178302,11:52:58.302,okx,ACT/USDT:USDT,0.04605,4127.0,0.04604,11614.0,0.04606,15249.0,0.04607,12312.0
1753617178402,11:52:58.402,okx,ACT/USDT:USDT,0.04605,4127.0,0.04604,11614.0,0.04606,15249.0,0.04607,12312.0
1753617178802,11:52:58.802,okx,ACT/USDT:USDT,0.04605,4127.0,0.04604,11614.0,0.04606,22169.0,0.04607,12312.0
1753617178902,11:52:58.902,okx,ACT/USDT:USDT,0.04605,4127.0,0.04604,11614.0,0.04606,22169.0,0.04607,13938.0
1753617179002,11:52:59.002,okx,ACT/USDT:USDT,0.04605,4127.0,0.04604,9988.0,0.04606,24336.0,0.04607,16109.0
1753617179102,11:52:59.102,okx,ACT/USDT:USDT,0.04605,4127.0,0.04604,9988.0,0.04606,24336.0,0.04607,16109.0
1753617179202,11:52:59.202,okx,ACT/USDT:USDT,0.04605,4127.0,0.04604,9988.0,0.04606,26504.0,0.04607,16109.0
1753617179302,11:52:59.302,okx,ACT/USDT:USDT,0.04605,4127.0,0.04604,9988.0,0.04606,30775.0,0.04607,20456.0
1753617179402,11:52:59.402,okx,ACT/USDT:USDT,0.04605,4075.0,0.04604,9988.0,0.04606,30775.0,0.04607,23233.0
1753617179802,11:52:59.802,okx,ACT/USDT:USDT,0.04605,363.0,0.04604,7074.0,0.04606,37345.0,0.04607,30343.0
1753617179902,11:52:59.902,okx,ACT/USDT:USDT,0.04605,363.0,0.04604,7074.0,0.04606,37345.0,0.04607,30343.0
1753617180302,11:53:00.302,okx,ACT/USDT:USDT,0.04604,7074.0,0.04603,26953.0,0.04605,5992.0,0.04606,43858.0
1753617180402,11:53:00.402,okx,ACT/USDT:USDT,0.04604,153.0,0.04603,16950.0,0.04605,25825.0,0.04606,11990.0
1753617180502,11:53:00.502,okx,ACT/USDT:USDT,0.04604,153.0,0.04603,10768.0,0.04605,28296.0,0.04606,19610.0
1753617180602,11:53:00.602,okx,ACT/USDT:USDT,0.04604,153.0,0.04603,10768.0,0.04605,30466.0,0.04606,19610.0
1753617180702,11:53:00.702,okx,ACT/USDT:USDT,0.04604,153.0,0.04603,10768.0,0.04605,34807.0,0.04606,19610.0
1753617180802,11:53:00.802,okx,ACT/USDT:USDT,0.04604,153.0,0.04603,10768.0,0.04605,34807.0,0.04606,19610.0
1753617180902,11:53:00.902,okx,ACT/USDT:USDT,0.04604,153.0,0.04603,10768.0,0.04605,34807.0,0.04606,19788.0
1753617181002,11:53:01.002,okx,ACT/USDT:USDT,0.04604,153.0,0.04603,10768.0,0.04605,34807.0,0.04606,19788.0
1753617181102,11:53:01.102,okx,ACT/USDT:USDT,0.04604,153.0,0.04603,10768.0,0.04605,30468.0,0.04606,19788.0
1753617181202,11:53:01.202,okx,ACT/USDT:USDT,0.04604,153.0,0.04603,10768.0,0.04605,30468.0,0.04606,19788.0
1753617181302,11:53:01.302,okx,ACT/USDT:USDT,0.04604,153.0,0.04603,10768.0,0.04605,21784.0,0.04606,19788.0
1753617181602,11:53:01.602,okx,ACT/USDT:USDT,0.04604,79.0,0.04603,10768.0,0.04605,21784.0,0.04606,23494.0
1753617181802,11:53:01.802,okx,ACT/USDT:USDT,0.04604,79.0,0.04603,10768.0,0.04605,21784.0,0.04606,23494.0
1753617181902,11:53:01.902,okx,ACT/USDT:USDT,0.04604,79.0,0.04603,10768.0,0.04605,21784.0,0.04606,23494.0
1753617182102,11:53:02.102,okx,ACT/USDT:USDT,0.04604,2296.0,0.04603,14535.0,0.04605,2.0,0.04606,13848.0
1753617182202,11:53:02.202,okx,ACT/USDT:USDT,0.04604,2296.0,0.04603,12909.0,0.04605,2219.0,0.04606,19552.0
1753617182302,11:53:02.302,okx,ACT/USDT:USDT,0.04604,2296.0,0.04603,12909.0,0.04605,2219.0,0.04606,19987.0
1753617182402,11:53:02.402,okx,ACT/USDT:USDT,0.04604,2296.0,0.04603,12909.0,0.04605,2219.0,0.04606,19987.0
1753617182602,11:53:02.602,okx,ACT/USDT:USDT,0.04604,3981.0,0.04603,12725.0,0.04605,2219.0,0.04606,13897.0
1753617182702,11:53:02.702,okx,ACT/USDT:USDT,0.04605,3991.0,0.04604,19644.0,0.04606,6227.0,0.04607,23308.0
1753617182802,11:53:02.802,okx,ACT/USDT:USDT,0.04605,9746.0,0.04604,21617.0,0.04606,46.0,0.04607,6411.0
1753617182902,11:53:02.902,okx,ACT/USDT:USDT,0.04605,7923.0,0.04604,21617.0,0.04606,48.0,0.04607,9910.0
1753617183002,11:53:03.002,okx,ACT/USDT:USDT,0.04605,7923.0,0.04604,19446.0,0.04606,48.0,0.04607,9910.0
1753617183102,11:53:03.102,okx,ACT/USDT:USDT,0.04605,6333.0,0.04604,15417.0,0.04606,48.0,0.04607,11577.0
1753617183302,11:53:03.302,okx,ACT/USDT:USDT,0.04605,14409.0,0.04604,19011.0,0.04606,48.0,0.04607,11577.0
1753617183402,11:53:03.402,okx,ACT/USDT:USDT,0.04605,18403.0,0.04604,19446.0,0.04606,48.0,0.04607,11577.0
1753617183502,11:53:03.502,okx,ACT/USDT:USDT,0.04605,18403.0,0.04604,19446.0,0.04606,48.0,0.04607,11577.0
1753617183602,11:53:03.602,okx,ACT/USDT:USDT,0.04607,2833.0,0.04606,24372.0,0.04608,13097.0,0.04609,9277.0
1753617183702,11:53:03.702,okx,ACT/USDT:USDT,0.04607,1008.0,0.04606,20216.0,0.04608,11049.0,0.04609,13160.0
1753617183802,11:53:03.802,okx,ACT/USDT:USDT,0.04607,1010.0,0.04606,24245.0,0.04608,9842.0,0.04609,13160.0
1753617183902,11:53:03.902,okx,ACT/USDT:USDT,0.04607,2826.0,0.04606,18393.0,0.04608,5057.0,0.04609,16993.0
1753617184002,11:53:04.002,okx,ACT/USDT:USDT,0.04607,4418.0,0.04606,18393.0,0.04608,5057.0,0.04609,11410.0
1753617184102,11:53:04.102,okx,ACT/USDT:USDT,0.04607,2828.0,0.04606,13931.0,0.04608,5057.0,0.04609,11410.0
1753617184202,11:53:04.202,okx,ACT/USDT:USDT,0.04607,2828.0,0.04606,13931.0,0.04608,5057.0,0.04609,11410.0
1753617184302,11:53:04.302,okx,ACT/USDT:USDT,0.04607,2828.0,0.04606,13931.0,0.04608,5057.0,0.04609,15439.0
1753617184402,11:53:04.402,okx,ACT/USDT:USDT,0.04607,1010.0,0.04606,13931.0,0.04608,5057.0,0.04609,15439.0
1753617184702,11:53:04.702,okx,ACT/USDT:USDT,0.04607,1010.0,0.04606,15984.0,0.04608,5057.0,0.04609,15439.0
1753617184802,11:53:04.802,okx,ACT/USDT:USDT,0.04607,1010.0,0.04606,15984.0,0.04608,5057.0,0.04609,15439.0
1753617184902,11:53:04.902,okx,ACT/USDT:USDT,0.04607,1010.0,0.04606,15984.0,0.04608,5057.0,0.04609,15439.0
1753617185202,11:53:05.202,okx,ACT/USDT:USDT,0.04607,1010.0,0.04606,16419.0,0.04608,5057.0,0.04609,11410.0
1753617185302,11:53:05.302,okx,ACT/USDT:USDT,0.04607,1010.0,0.04606,15984.0,0.04608,5057.0,0.04609,11410.0
1753617185502,11:53:05.502,okx,ACT/USDT:USDT,0.04607,1010.0,0.04606,14358.0,0.04608,5057.0,0.04609,15439.0
1753617185602,11:53:05.602,okx,ACT/USDT:USDT,0.04607,1010.0,0.04606,14358.0,0.04608,5057.0,0.04609,17065.0
1753617185702,11:53:05.702,okx,ACT/USDT:USDT,0.04607,1010.0,0.04606,14358.0,0.04608,5057.0,0.04609,17065.0
1753617185902,11:53:05.902,okx,ACT/USDT:USDT,0.04606,8473.0,0.04605,11245.0,0.04607,2219.0,0.04608,12096.0
1753617186102,11:53:06.102,okx,ACT/USDT:USDT,0.04606,10498.0,0.04605,17335.0,0.04607,2219.0,0.04608,7026.0
1753617186202,11:53:06.202,okx,ACT/USDT:USDT,0.04606,10498.0,0.04605,17335.0,0.04607,2219.0,0.04608,7026.0
1753617186302,11:53:06.302,okx,ACT/USDT:USDT,0.04606,12667.0,0.04605,12871.0,0.04607,2219.0,0.04608,7025.0
1753617186402,11:53:06.402,okx,ACT/USDT:USDT,0.04606,12667.0,0.04605,12871.0,0.04607,2219.0,0.04608,7025.0
1753617186502,11:53:06.502,okx,ACT/USDT:USDT,0.04606,12667.0,0.04605,12871.0,0.04607,2219.0,0.04608,7026.0
1753617186702,11:53:06.702,okx,ACT/USDT:USDT,0.04606,12667.0,0.04605,12871.0,0.04607,2219.0,0.04608,7026.0
1753617186802,11:53:06.802,okx,ACT/USDT:USDT,0.04606,10498.0,0.04605,17335.0,0.04608,7024.0,0.04609,28690.0
1753617186902,11:53:06.902,okx,ACT/USDT:USDT,0.04606,10498.0,0.04605,11245.0,0.04607,2219.0,0.04608,7025.0
1753617187002,11:53:07.002,okx,ACT/USDT:USDT,0.04606,10498.0,0.04605,11245.0,0.04607,2219.0,0.04608,7026.0
1753617187102,11:53:07.102,okx,ACT/USDT:USDT,0.04606,10498.0,0.04605,11245.0,0.04607,2219.0,0.04608,7026.0
1753617187202,11:53:07.202,okx,ACT/USDT:USDT,0.04606,10498.0,0.04605,11245.0,0.04607,2219.0,0.04608,7026.0
1753617187302,11:53:07.302,okx,ACT/USDT:USDT,0.04606,10498.0,0.04605,11245.0,0.04607,2219.0,0.04608,7026.0
1753617187902,11:53:07.902,okx,ACT/USDT:USDT,0.04606,8473.0,0.04605,12871.0,0.04607,2219.0,0.04608,7026.0
1753617188002,11:53:08.002,okx,ACT/USDT:USDT,0.04606,8473.0,0.04605,12871.0,0.04607,2219.0,0.04608,7026.0
1753617188302,11:53:08.302,okx,ACT/USDT:USDT,0.04606,8482.0,0.04605,12871.0,0.04607,2219.0,0.04608,7026.0
1753617188802,11:53:08.802,okx,ACT/USDT:USDT,0.04606,8482.0,0.04605,12871.0,0.04607,2219.0,0.04608,7026.0
1753617188902,11:53:08.902,okx,ACT/USDT:USDT,0.04606,8482.0,0.04605,12871.0,0.04607,2219.0,0.04608,7026.0
1753617189002,11:53:09.002,okx,ACT/USDT:USDT,0.04606,8482.0,0.04605,12871.0,0.04607,2219.0,0.04608,7026.0
1753617189102,11:53:09.102,okx,ACT/USDT:USDT,0.04606,8482.0,0.04605,12871.0,0.04607,2219.0,0.04608,10812.0
1753617189202,11:53:09.202,okx,ACT/USDT:USDT,0.04606,8482.0,0.04605,12871.0,0.04607,2219.0,0.04608,10812.0
1753617189302,11:53:09.302,okx,ACT/USDT:USDT,0.04606,8482.0,0.04605,12871.0,0.04607,2219.0,0.04608,10812.0
1753617189402,11:53:09.402,okx,ACT/USDT:USDT,0.04606,8482.0,0.04605,13306.0,0.04607,2219.0,0.04608,10812.0
1753617189502,11:53:09.502,okx,ACT/USDT:USDT,0.04606,10507.0,0.04605,13306.0,0.04607,2219.0,0.04608,10812.0
1753617190002,11:53:10.002,okx,ACT/USDT:USDT,0.04606,10507.0,0.04605,17335.0,0.04607,2219.0,0.04608,10812.0
1753617190302,11:53:10.302,okx,ACT/USDT:USDT,0.04606,10498.0,0.04605,17335.0,0.04607,2219.0,0.04608,10812.0
1753617190402,11:53:10.402,okx,ACT/USDT:USDT,0.04606,10506.0,0.04605,13306.0,0.04607,2219.0,0.04608,10812.0
1753617190502,11:53:10.502,okx,ACT/USDT:USDT,0.04606,10521.0,0.04605,13306.0,0.04607,2219.0,0.04608,10812.0
1753617190702,11:53:10.702,okx,ACT/USDT:USDT,0.04606,8496.0,0.04605,13306.0,0.04607,2219.0,0.04608,10812.0
1753617191202,11:53:11.202,okx,ACT/USDT:USDT,0.04606,8496.0,0.04605,13306.0,0.04607,2219.0,0.04608,10812.0
1753617191402,11:53:11.402,okx,ACT/USDT:USDT,0.04606,3086.0,0.04605,13306.0,0.04607,2219.0,0.04608,10812.0
1753617192802,11:53:12.802,okx,ACT/USDT:USDT,0.04606,3086.0,0.04605,13306.0,0.04607,2219.0,0.04608,12438.0
1753617193402,11:53:13.402,okx,ACT/USDT:USDT,0.04606,3086.0,0.04605,12871.0,0.04607,2219.0,0.04608,12438.0
1753617193602,11:53:13.602,okx,ACT/USDT:USDT,0.04606,3086.0,0.04605,13306.0,0.04607,2219.0,0.04608,12438.0
1753617193702,11:53:13.702,okx,ACT/USDT:USDT,0.04606,3086.0,0.04605,17335.0,0.04607,2219.0,0.04608,10812.0
1753617193902,11:53:13.902,okx,ACT/USDT:USDT,0.04606,3086.0,0.04605,12871.0,0.04607,2219.0,0.04608,10812.0
1753617194102,11:53:14.102,okx,ACT/USDT:USDT,0.04606,3086.0,0.04605,13306.0,0.04607,2219.0,0.04608,10812.0
1753617194502,11:53:14.502,okx,ACT/USDT:USDT,0.04606,4678.0,0.04605,17335.0,0.04607,2219.0,0.04608,7026.0
1753617194902,11:53:14.902,okx,ACT/USDT:USDT,0.04606,4678.0,0.04605,17335.0,0.04607,2225.0,0.04608,7026.0
1753617195002,11:53:15.002,okx,ACT/USDT:USDT,0.04606,4678.0,0.04605,17335.0,0.04607,8.0,0.04608,7026.0
1753617195102,11:53:15.102,okx,ACT/USDT:USDT,0.04606,6703.0,0.04605,13306.0,0.04607,2225.0,0.04608,7026.0
1753617195402,11:53:15.402,okx,ACT/USDT:USDT,0.04606,6703.0,0.04605,17335.0,0.04607,8.0,0.04608,7026.0
1753617195602,11:53:15.602,okx,ACT/USDT:USDT,0.04606,8858.0,0.04605,17335.0,0.04607,2370.0,0.04608,7026.0
1753617195902,11:53:15.902,okx,ACT/USDT:USDT,0.04606,15344.0,0.04605,17335.0,0.04607,153.0,0.04608,7026.0
1753617196102,11:53:16.102,okx,ACT/USDT:USDT,0.04606,15344.0,0.04605,17335.0,0.04607,153.0,0.04608,7026.0
1753617196202,11:53:16.202,okx,ACT/USDT:USDT,0.04606,13754.0,0.04605,15436.0,0.04607,2370.0,0.04608,7026.0
1753617196402,11:53:16.402,okx,ACT/USDT:USDT,0.04606,17090.0,0.04605,19465.0,0.04607,2370.0,0.04608,7026.0
1753617197002,11:53:17.002,okx,ACT/USDT:USDT,0.04607,7579.0,0.04606,21519.0,0.04608,3846.0,0.04609,12436.0
1753617197202,11:53:17.202,okx,ACT/USDT:USDT,0.04607,12041.0,0.04606,23531.0,0.04608,2219.0,0.04609,17740.0
1753617197802,11:53:17.802,okx,ACT/USDT:USDT,0.04607,14059.0,0.04606,21478.0,0.04608,2219.0,0.04609,15571.0
1753617198002,11:53:18.002,okx,ACT/USDT:USDT,0.04607,14059.0,0.04606,21478.0,0.04608,2219.0,0.04609,6829.0
1753617198102,11:53:18.102,okx,ACT/USDT:USDT,0.04607,14059.0,0.04606,21478.0,0.04608,2219.0,0.04609,6829.0
1753617199402,11:53:19.402,okx,ACT/USDT:USDT,0.04607,6488.0,0.04606,22027.0,0.04608,2219.0,0.04609,6828.0
1753617199502,11:53:19.502,okx,ACT/USDT:USDT,0.04607,6488.0,0.04606,27788.0,0.04608,2219.0,0.04609,6829.0
1753617199602,11:53:19.602,okx,ACT/USDT:USDT,0.04606,8439.0,0.04605,23395.0,0.04608,2219.0,0.04609,6829.0
1753617199702,11:53:19.702,okx,ACT/USDT:USDT,0.04606,8439.0,0.04605,23395.0,0.04608,2219.0,0.04609,6829.0
1753617199802,11:53:19.802,okx,ACT/USDT:USDT,0.04606,8874.0,0.04605,23395.0,0.04608,2219.0,0.04609,6829.0
1753617199902,11:53:19.902,okx,ACT/USDT:USDT,0.04606,8439.0,0.04605,23395.0,0.04608,2219.0,0.04609,6829.0
1753617200002,11:53:20.002,okx,ACT/USDT:USDT,0.04606,6361.0,0.04605,10189.0,0.04607,2219.0,0.04608,14023.0
1753617200102,11:53:20.102,okx,ACT/USDT:USDT,0.04606,10.0,0.04605,12159.0,0.04607,3885.0,0.04608,7973.0
1753617200302,11:53:20.302,okx,ACT/USDT:USDT,0.04606,4.0,0.04605,13785.0,0.04607,3885.0,0.04608,11655.0
1753617200402,11:53:20.402,okx,ACT/USDT:USDT,0.04606,2357.0,0.04605,17814.0,0.04607,2219.0,0.04608,10029.0
1753617200602,11:53:20.602,okx,ACT/USDT:USDT,0.04606,2359.0,0.04605,13785.0,0.04607,4065.0,0.04608,11944.0
1753617200802,11:53:20.802,okx,ACT/USDT:USDT,0.04606,2359.0,0.04605,17814.0,0.04607,2219.0,0.04608,11944.0
1753617200902,11:53:20.902,okx,ACT/USDT:USDT,0.04606,2359.0,0.04605,18249.0,0.04607,2219.0,0.04608,11944.0
1753617201102,11:53:21.102,okx,ACT/USDT:USDT,0.04606,2359.0,0.04605,17814.0,0.04607,2219.0,0.04608,11944.0
1753617201202,11:53:21.202,okx,ACT/USDT:USDT,0.04607,2598.0,0.04606,8398.0,0.04608,10025.0,0.04609,13645.0
1753617201302,11:53:21.302,okx,ACT/USDT:USDT,0.04607,1010.0,0.04606,12573.0,0.04608,5913.0,0.04609,13645.0
1753617201402,11:53:21.402,okx,ACT/USDT:USDT,0.04607,1010.0,0.04606,12575.0,0.04608,5913.0,0.04609,15669.0
1753617201502,11:53:21.502,okx,ACT/USDT:USDT,0.04607,1010.0,0.04606,12140.0,0.04608,5913.0,0.04609,15669.0
1753617201802,11:53:21.802,okx,ACT/USDT:USDT,0.04607,1010.0,0.04606,10315.0,0.04608,5913.0,0.04609,15669.0
1753617201902,11:53:21.902,okx,ACT/USDT:USDT,0.04606,14344.0,0.04605,33422.0,0.04608,5913.0,0.04609,15669.0
1753617202002,11:53:22.002,okx,ACT/USDT:USDT,0.04607,2217.0,0.04606,14341.0,0.04608,5913.0,0.04609,15669.0
1753617202102,11:53:22.102,okx,ACT/USDT:USDT,0.04607,3807.0,0.04606,18540.0,0.04608,5913.0,0.04609,6927.0
1753617202202,11:53:22.202,okx,ACT/USDT:USDT,0.04607,3809.0,0.04606,18540.0,0.04608,5913.0,0.04609,6927.0
1753617202302,11:53:22.302,okx,ACT/USDT:USDT,0.04607,3809.0,0.04606,18540.0,0.04608,5913.0,0.04609,6927.0
1753617202702,11:53:22.702,okx,ACT/USDT:USDT,0.04607,2219.0,0.04606,14076.0,0.04608,5913.0,0.04609,6927.0
1753617202802,11:53:22.802,okx,ACT/USDT:USDT,0.04606,3067.0,0.04605,18931.0,0.04607,2219.0,0.04608,9175.0
1753617203002,11:53:23.002,okx,ACT/USDT:USDT,0.04606,3069.0,0.04605,25021.0,0.04607,2219.0,0.04608,7888.0
1753617203102,11:53:23.102,okx,ACT/USDT:USDT,0.04606,2960.0,0.04605,25021.0,0.04607,2219.0,0.04608,7888.0
1753617203202,11:53:23.202,okx,ACT/USDT:USDT,0.04606,2960.0,0.04605,25021.0,0.04607,2219.0,0.04608,7888.0
1753617203402,11:53:23.402,okx,ACT/USDT:USDT,0.04607,1008.0,0.04606,11934.0,0.04608,7886.0,0.04609,13645.0
1753617203502,11:53:23.502,okx,ACT/USDT:USDT,0.04607,2600.0,0.04606,12370.0,0.04608,5913.0,0.04609,13645.0
1753617203602,11:53:23.602,okx,ACT/USDT:USDT,0.04607,1008.0,0.04606,11935.0,0.04608,5913.0,0.04609,13645.0
1753617203702,11:53:23.702,okx,ACT/USDT:USDT,0.04606,4983.0,0.04605,20557.0,0.04607,2219.0,0.04608,7857.0
1753617203802,11:53:23.802,okx,ACT/USDT:USDT,0.04606,4985.0,0.04605,20992.0,0.04607,2219.0,0.04608,7857.0
1753617204002,11:53:24.002,okx,ACT/USDT:USDT,0.04606,4985.0,0.04605,20992.0,0.04607,2219.0,0.04608,7858.0
1753617204202,11:53:24.202,okx,ACT/USDT:USDT,0.04606,4985.0,0.04605,25021.0,0.04607,2219.0,0.04608,7858.0
1753617204702,11:53:24.702,okx,ACT/USDT:USDT,0.04606,4985.0,0.04605,25021.0,0.04607,2219.0,0.04608,7858.0
1753617205102,11:53:25.102,okx,ACT/USDT:USDT,0.04606,12369.0,0.04605,35045.0,0.04608,7856.0,0.04609,13645.0
1753617205202,11:53:25.202,okx,ACT/USDT:USDT,0.04606,10542.0,0.04605,25021.0,0.04608,7856.0,0.04609,13645.0
1753617205302,11:53:25.302,okx,ACT/USDT:USDT,0.04607,1010.0,0.04606,12369.0,0.04608,7858.0,0.04609,13645.0
1753617205402,11:53:25.402,okx,ACT/USDT:USDT,0.04607,1010.0,0.04606,12369.0,0.04608,7858.0,0.04609,13645.0
1753617205502,11:53:25.502,okx,ACT/USDT:USDT,0.04606,12369.0,0.04605,35044.0,0.04608,7858.0,0.04609,13645.0
1753617205602,11:53:25.602,okx,ACT/USDT:USDT,0.04607,2217.0,0.04606,12367.0,0.04608,5913.0,0.04609,4903.0
1753617205702,11:53:25.702,okx,ACT/USDT:USDT,0.04607,2219.0,0.04606,13801.0,0.04608,5913.0,0.04609,9923.0
1753617205902,11:53:25.902,okx,ACT/USDT:USDT,0.04607,2219.0,0.04606,13366.0,0.04608,5913.0,0.04609,11549.0
1753617206002,11:53:26.002,okx,ACT/USDT:USDT,0.04607,2219.0,0.04606,13801.0,0.04608,5913.0,0.04609,9923.0
1753617206102,11:53:26.102,okx,ACT/USDT:USDT,0.04607,2219.0,0.04606,14574.0,0.04608,5913.0,0.04609,9923.0
1753617206202,11:53:26.202,okx,ACT/USDT:USDT,0.04607,2219.0,0.04606,14574.0,0.04608,5913.0,0.04609,9923.0
1753617206702,11:53:26.702,okx,ACT/USDT:USDT,0.04607,3809.0,0.04606,18268.0,0.04608,5913.0,0.04609,9923.0
1753617206802,11:53:26.802,okx,ACT/USDT:USDT,0.04607,5870.0,0.04606,16322.0,0.04608,5913.0,0.04609,9923.0
1753617207002,11:53:27.002,okx,ACT/USDT:USDT,0.04607,4280.0,0.04606,16322.0,0.04608,4905.0,0.04609,9923.0
1753617207502,11:53:27.502,okx,ACT/USDT:USDT,0.04607,7695.0,0.04606,15887.0,0.04608,2.0,0.04609,6646.0
1753617207602,11:53:27.602,okx,ACT/USDT:USDT,0.04608,1347.0,0.04607,18501.0,0.04609,17486.0,0.0461,15806.0
1753617207702,11:53:27.702,okx,ACT/USDT:USDT,0.04607,4280.0,0.04606,24056.0,0.04608,2217.0,0.04609,6641.0
1753617207802,11:53:27.802,okx,ACT/USDT:USDT,0.04607,4280.0,0.04606,24056.0,0.04608,2219.0,0.04609,6642.0
1753617207902,11:53:27.902,okx,ACT/USDT:USDT,0.04607,8130.0,0.04606,24056.0,0.04608,2.0,0.04609,6642.0
1753617208002,11:53:28.002,okx,ACT/USDT:USDT,0.04608,2017.0,0.04607,16475.0,0.04609,13150.0,0.0461,16579.0
1753617208102,11:53:28.102,okx,ACT/USDT:USDT,0.04608,2019.0,0.04607,14450.0,0.04609,15319.0,0.0461,18205.0
1753617208202,11:53:28.202,okx,ACT/USDT:USDT,0.04608,2019.0,0.04607,14450.0,0.04609,15319.0,0.0461,14176.0
1753617208702,11:53:28.702,okx,ACT/USDT:USDT,0.04608,2019.0,0.04607,12860.0,0.04609,15319.0,0.0461,18639.0
1753617208802,11:53:28.802,okx,ACT/USDT:USDT,0.04608,2019.0,0.04607,12860.0,0.04609,15319.0,0.0461,20802.0
1753617209002,11:53:29.002,okx,ACT/USDT:USDT,0.04608,2019.0,0.04607,12860.0,0.04609,17488.0,0.0461,20802.0
1753617209302,11:53:29.302,okx,ACT/USDT:USDT,0.04608,2019.0,0.04607,12860.0,0.04609,15319.0,0.0461,16873.0
1753617209502,11:53:29.502,okx,ACT/USDT:USDT,0.04608,2019.0,0.04607,12860.0,0.04609,6643.0,0.0461,18499.0
1753617209602,11:53:29.602,okx,ACT/USDT:USDT,0.04608,2019.0,0.04607,14920.0,0.04609,6643.0,0.0461,18499.0
1753617209702,11:53:29.702,okx,ACT/USDT:USDT,0.04608,2019.0,0.04607,14486.0,0.04609,6643.0,0.0461,18499.0
1753617209802,11:53:29.802,okx,ACT/USDT:USDT,0.04608,2019.0,0.04607,14486.0,0.04609,4900.0,0.0461,20902.0
1753617209902,11:53:29.902,okx,ACT/USDT:USDT,0.04608,5627.0,0.04607,16888.0,0.04609,4900.0,0.0461,7717.0
1753617210002,11:53:30.002,okx,ACT/USDT:USDT,0.04608,5627.0,0.04607,16888.0,0.04609,1210.0,0.0461,8451.0
1753617210102,11:53:30.102,okx,ACT/USDT:USDT,0.04608,5629.0,0.04607,16888.0,0.04609,1212.0,0.0461,8451.0
1753617210202,11:53:30.202,okx,ACT/USDT:USDT,0.04608,5629.0,0.04607,16454.0,0.04609,1212.0,0.0461,8451.0
1753617210302,11:53:30.302,okx,ACT/USDT:USDT,0.04608,6647.0,0.04607,16222.0,0.04609,1212.0,0.0461,8451.0
1753617210502,11:53:30.502,okx,ACT/USDT:USDT,0.04608,5051.0,0.04607,12425.0,0.04609,1212.0,0.0461,8451.0
1753617210602,11:53:30.602,okx,ACT/USDT:USDT,0.04608,5049.0,0.04607,12425.0,0.04609,1212.0,0.0461,8451.0
1753617210702,11:53:30.702,okx,ACT/USDT:USDT,0.04608,6655.0,0.04607,16222.0,0.04609,1212.0,0.0461,8451.0
1753617210802,11:53:30.802,okx,ACT/USDT:USDT,0.04608,6655.0,0.04607,16222.0,0.04609,1212.0,0.0461,8451.0
1753617211302,11:53:31.302,okx,ACT/USDT:USDT,0.04608,6655.0,0.04607,16222.0,0.04609,1.0,0.0461,5557.0
1753617211402,11:53:31.402,okx,ACT/USDT:USDT,0.04608,6655.0,0.04607,16222.0,0.04609,2218.0,0.0461,5557.0
1753617211702,11:53:31.702,okx,ACT/USDT:USDT,0.04608,5055.0,0.04607,16222.0,0.04609,3.0,0.0461,8371.0
1753617211802,11:53:31.802,okx,ACT/USDT:USDT,0.04608,8677.0,0.04607,16656.0,0.04609,1.0,0.0461,5557.0
1753617212002,11:53:32.002,okx,ACT/USDT:USDT,0.04608,8679.0,0.04607,16656.0,0.04609,1.0,0.0461,8215.0
1753617212102,11:53:32.102,okx,ACT/USDT:USDT,0.04608,10490.0,0.04607,16656.0,0.04609,1.0,0.0461,8215.0
1753617212202,11:53:32.202,okx,ACT/USDT:USDT,0.04609,13230.0,0.04608,28762.0,0.04611,7207.0,0.04612,28421.0
1753617212402,11:53:32.402,okx,ACT/USDT:USDT,0.0461,6.0,0.04609,15392.0,0.04611,26660.0,0.04612,14895.0
1753617212502,11:53:32.502,okx,ACT/USDT:USDT,0.0461,6.0,0.04609,13792.0,0.04611,26660.0,0.04612,20752.0
1753617212602,11:53:32.602,okx,ACT/USDT:USDT,0.0461,6.0,0.04609,13792.0,0.04611,26660.0,0.04612,14895.0
1753617212702,11:53:32.702,okx,ACT/USDT:USDT,0.0461,6.0,0.04609,13792.0,0.04611,26660.0,0.04612,14895.0
1753617212802,11:53:32.802,okx,ACT/USDT:USDT,0.0461,6.0,0.04609,13792.0,0.04611,26660.0,0.04612,14895.0
1753617212902,11:53:32.902,okx,ACT/USDT:USDT,0.0461,6.0,0.04609,19215.0,0.04611,26650.0,0.04612,14895.0
1753617213002,11:53:33.002,okx,ACT/USDT:USDT,0.0461,6.0,0.04609,19215.0,0.04611,26650.0,0.04612,14895.0
1753617213102,11:53:33.102,okx,ACT/USDT:USDT,0.0461,6.0,0.04609,19215.0,0.04611,26650.0,0.04612,14895.0
1753617213202,11:53:33.202,okx,ACT/USDT:USDT,0.0461,6.0,0.04609,13792.0,0.04611,30982.0,0.04612,14895.0
1753617213302,11:53:33.302,okx,ACT/USDT:USDT,0.0461,6.0,0.04609,13792.0,0.04611,33140.0,0.04612,33747.0
1753617213402,11:53:33.402,okx,ACT/USDT:USDT,0.0461,6.0,0.04609,13792.0,0.04611,35308.0,0.04612,33747.0
1753617213502,11:53:33.502,okx,ACT/USDT:USDT,0.0461,6.0,0.04609,11840.0,0.04611,35742.0,0.04612,33747.0
1753617213602,11:53:33.602,okx,ACT/USDT:USDT,0.0461,6.0,0.04609,11840.0,0.04611,47136.0,0.04612,33747.0
1753617213702,11:53:33.702,okx,ACT/USDT:USDT,0.0461,6.0,0.04609,11840.0,0.04611,47136.0,0.04612,33747.0
1753617213802,11:53:33.802,okx,ACT/USDT:USDT,0.0461,6.0,0.04609,11840.0,0.04611,44381.0,0.04612,33747.0
1753617213902,11:53:33.902,okx,ACT/USDT:USDT,0.0461,6.0,0.04609,11840.0,0.04611,44381.0,0.04612,34289.0
1753617214002,11:53:34.002,okx,ACT/USDT:USDT,0.0461,6.0,0.04609,11840.0,0.04611,47126.0,0.04612,35915.0
1753617214202,11:53:34.202,okx,ACT/USDT:USDT,0.0461,6.0,0.04609,11840.0,0.04611,48710.0,0.04612,35915.0
1753617214302,11:53:34.302,okx,ACT/USDT:USDT,0.0461,4.0,0.04609,6255.0,0.04611,55791.0,0.04612,42419.0
1753617214402,11:53:34.402,okx,ACT/USDT:USDT,0.0461,4.0,0.04609,6255.0,0.04611,55791.0,0.04612,42419.0
1753617214702,11:53:34.702,okx,ACT/USDT:USDT,0.04608,10327.0,0.04607,26439.0,0.0461,23889.0,0.04611,22756.0
1753617214802,11:53:34.802,okx,ACT/USDT:USDT,0.04608,1012.0,0.04607,10441.0,0.04609,2217.0,0.0461,30127.0
1753617214902,11:53:34.902,okx,ACT/USDT:USDT,0.04608,4894.0,0.04607,10210.0,0.0461,15574.0,0.04611,20658.0
1753617215002,11:53:35.002,okx,ACT/USDT:USDT,0.04608,2870.0,0.04607,10210.0,0.0461,15574.0,0.04611,20658.0
1753617215102,11:53:35.102,okx,ACT/USDT:USDT,0.04608,4896.0,0.04607,8584.0,0.04609,2219.0,0.0461,17201.0
1753617215202,11:53:35.202,okx,ACT/USDT:USDT,0.04608,4896.0,0.04607,8584.0,0.04609,2219.0,0.0461,15575.0
1753617215302,11:53:35.302,okx,ACT/USDT:USDT,0.04609,2017.0,0.04608,4896.0,0.0461,9435.0,0.04611,37399.0
1753617215402,11:53:35.402,okx,ACT/USDT:USDT,0.04609,2019.0,0.04608,10512.0,0.0461,5909.0,0.04611,16447.0
1753617215502,11:53:35.502,okx,ACT/USDT:USDT,0.04609,2019.0,0.04608,10515.0,0.0461,5909.0,0.04611,18309.0
1753617215702,11:53:35.702,okx,ACT/USDT:USDT,0.04609,2019.0,0.04608,10515.0,0.0461,5909.0,0.04611,18309.0
1753617215902,11:53:35.902,okx,ACT/USDT:USDT,0.04609,2019.0,0.04608,10515.0,0.0461,5909.0,0.04611,20480.0
1753617216002,11:53:36.002,okx,ACT/USDT:USDT,0.04609,2019.0,0.04608,10515.0,0.0461,5909.0,0.04611,20480.0
1753617216302,11:53:36.302,okx,ACT/USDT:USDT,0.04609,2019.0,0.04608,10515.0,0.0461,5909.0,0.04611,18309.0
1753617216402,11:53:36.402,okx,ACT/USDT:USDT,0.04609,3031.0,0.04608,14188.0,0.0461,5909.0,0.04611,16683.0
1753617216902,11:53:36.902,okx,ACT/USDT:USDT,0.04609,3031.0,0.04608,14188.0,0.0461,5909.0,0.04611,14514.0
1753617217102,11:53:37.102,okx,ACT/USDT:USDT,0.04609,3031.0,0.04608,14188.0,0.0461,5909.0,0.04611,16140.0
1753617217202,11:53:37.202,okx,ACT/USDT:USDT,0.04609,3031.0,0.04608,17985.0,0.0461,5909.0,0.04611,14514.0
1753617217302,11:53:37.302,okx,ACT/USDT:USDT,0.04609,3031.0,0.04608,17985.0,0.0461,5909.0,0.04611,14514.0
1753617217602,11:53:37.602,okx,ACT/USDT:USDT,0.04609,3031.0,0.04608,14188.0,0.0461,5909.0,0.04611,14514.0
1753617218102,11:53:38.102,okx,ACT/USDT:USDT,0.04609,4921.0,0.04608,16127.0,0.0461,5909.0,0.04611,14514.0
1753617218202,11:53:38.202,okx,ACT/USDT:USDT,0.04609,4923.0,0.04608,16561.0,0.0461,5909.0,0.04611,14514.0
1753617218302,11:53:38.302,okx,ACT/USDT:USDT,0.04609,4923.0,0.04608,12330.0,0.0461,2217.0,0.04611,7989.0
1753617218402,11:53:38.402,okx,ACT/USDT:USDT,0.04609,4923.0,0.04608,16127.0,0.0461,2219.0,0.04611,11106.0
1753617218502,11:53:38.502,okx,ACT/USDT:USDT,0.04609,4923.0,0.04608,16127.0,0.0461,2219.0,0.04611,11106.0
1753617218602,11:53:38.602,okx,ACT/USDT:USDT,0.04609,8547.0,0.04608,16127.0,0.04611,20927.0,0.04612,18150.0
1753617218702,11:53:38.702,okx,ACT/USDT:USDT,0.04609,4923.0,0.04608,16127.0,0.04611,20927.0,0.04612,18150.0
1753617218802,11:53:38.802,okx,ACT/USDT:USDT,0.04609,6947.0,0.04608,16561.0,0.0461,2219.0,0.04611,11106.0
1753617218902,11:53:38.902,okx,ACT/USDT:USDT,0.04609,6947.0,0.04608,16561.0,0.0461,2219.0,0.04611,11106.0
1753617219202,11:53:39.202,okx,ACT/USDT:USDT,0.04609,6947.0,0.04608,16561.0,0.0461,2219.0,0.04611,11106.0
1753617219302,11:53:39.302,okx,ACT/USDT:USDT,0.04609,11270.0,0.04608,16561.0,0.04611,11106.0,0.04612,28924.0
1753617219402,11:53:39.402,okx,ACT/USDT:USDT,0.04609,13431.0,0.04608,12764.0,0.0461,2219.0,0.04611,11247.0
1753617219502,11:53:39.502,okx,ACT/USDT:USDT,0.04609,13431.0,0.04608,12764.0,0.0461,2219.0,0.04611,11247.0
1753617219602,11:53:39.602,okx,ACT/USDT:USDT,0.04609,10395.0,0.04608,12764.0,0.0461,2219.0,0.04611,15044.0
1753617219802,11:53:39.802,okx,ACT/USDT:USDT,0.04609,3912.0,0.04608,12330.0,0.0461,2219.0,0.04611,11247.0
1753617220002,11:53:40.002,okx,ACT/USDT:USDT,0.04609,3912.0,0.04608,12330.0,0.0461,2219.0,0.04611,11247.0
1753617220102,11:53:40.102,okx,ACT/USDT:USDT,0.04609,3912.0,0.04608,12330.0,0.0461,2219.0,0.04611,11247.0
1753617220202,11:53:40.202,okx,ACT/USDT:USDT,0.04609,3912.0,0.04608,16561.0,0.0461,2219.0,0.04611,11247.0
1753617220302,11:53:40.302,okx,ACT/USDT:USDT,0.04609,3911.0,0.04608,12764.0,0.0461,2228.0,0.04611,11247.0
1753617220402,11:53:40.402,okx,ACT/USDT:USDT,0.04609,3911.0,0.04608,16561.0,0.0461,2228.0,0.04611,11247.0
1753617220602,11:53:40.602,okx,ACT/USDT:USDT,0.04609,3911.0,0.04608,16561.0,0.0461,2228.0,0.04611,11247.0
1753617220902,11:53:40.902,okx,ACT/USDT:USDT,0.04609,3911.0,0.04608,12764.0,0.0461,2228.0,0.04611,11247.0
1753617221102,11:53:41.102,okx,ACT/USDT:USDT,0.04609,6128.0,0.04608,16561.0,0.0461,2228.0,0.04611,11247.0
1753617221202,11:53:41.202,okx,ACT/USDT:USDT,0.04609,8152.0,0.04608,16561.0,0.0461,11.0,0.04611,11247.0
1753617221302,11:53:41.302,okx,ACT/USDT:USDT,0.04609,8152.0,0.04608,16561.0,0.0461,11.0,0.04611,7989.0
1753617221702,11:53:41.702,okx,ACT/USDT:USDT,0.04609,8152.0,0.04608,16561.0,0.0461,2226.0,0.04611,7989.0
1753617221802,11:53:41.802,okx,ACT/USDT:USDT,0.04609,8152.0,0.04608,16127.0,0.0461,2226.0,0.04611,7989.0
1753617221902,11:53:41.902,okx,ACT/USDT:USDT,0.04609,8152.0,0.04608,16561.0,0.0461,9.0,0.04611,7989.0
1753617222202,11:53:42.202,okx,ACT/USDT:USDT,0.04609,8152.0,0.04608,16561.0,0.0461,2226.0,0.04611,7989.0
1753617222402,11:53:42.402,okx,ACT/USDT:USDT,0.04609,14635.0,0.04608,16561.0,0.0461,9.0,0.04611,10826.0
1753617222602,11:53:42.602,okx,ACT/USDT:USDT,0.04609,16380.0,0.04608,16561.0,0.0461,11.0,0.04611,10826.0
1753617222702,11:53:42.702,okx,ACT/USDT:USDT,0.04609,16380.0,0.04608,16127.0,0.0461,2228.0,0.04611,10826.0
1753617222802,11:53:42.802,okx,ACT/USDT:USDT,0.04609,16380.0,0.04608,16561.0,0.0461,2228.0,0.04611,10826.0
1753617222902,11:53:42.902,okx,ACT/USDT:USDT,0.04609,16380.0,0.04608,16561.0,0.0461,11.0,0.04611,10826.0
1753617223002,11:53:43.002,okx,ACT/USDT:USDT,0.04609,16380.0,0.04608,16561.0,0.0461,11.0,0.04611,10826.0
1753617223102,11:53:43.102,okx,ACT/USDT:USDT,0.04609,21959.0,0.04608,21117.0,0.0461,11.0,0.04611,10826.0
1753617223202,11:53:43.202,okx,ACT/USDT:USDT,0.04609,21959.0,0.04608,21117.0,0.0461,11.0,0.04611,7989.0
1753617223302,11:53:43.302,okx,ACT/USDT:USDT,0.04609,22317.0,0.04608,21117.0,0.0461,11.0,0.04611,6127.0
1753617223402,11:53:43.402,okx,ACT/USDT:USDT,0.04609,22317.0,0.04608,21117.0,0.0461,11.0,0.04611,6127.0
1753617223502,11:53:43.502,okx,ACT/USDT:USDT,0.04609,24128.0,0.04608,21117.0,0.0461,11.0,0.04611,6127.0
1753617223602,11:53:43.602,okx,ACT/USDT:USDT,0.04609,24128.0,0.04608,23279.0,0.0461,11.0,0.04611,6127.0
1753617223702,11:53:43.702,okx,ACT/USDT:USDT,0.0461,27283.0,0.04609,11297.0,0.04611,93.0,0.04612,5784.0
1753617223802,11:53:43.802,okx,ACT/USDT:USDT,0.0461,11916.0,0.04609,9052.0,0.04611,2310.0,0.04612,8747.0
1753617223902,11:53:43.902,okx,ACT/USDT:USDT,0.0461,11916.0,0.04609,9486.0,0.04611,2310.0,0.04612,8747.0
1753617224102,11:53:44.102,okx,ACT/USDT:USDT,0.0461,5433.0,0.04609,12636.0,0.04611,2310.0,0.04612,8747.0
1753617224302,11:53:44.302,okx,ACT/USDT:USDT,0.0461,3689.0,0.04609,12636.0,0.04611,2318.0,0.04612,8747.0
1753617224402,11:53:44.402,okx,ACT/USDT:USDT,0.0461,3689.0,0.04609,16867.0,0.04611,2318.0,0.04612,8747.0
1753617224502,11:53:44.502,okx,ACT/USDT:USDT,0.0461,3689.0,0.04609,12636.0,0.04611,2318.0,0.04612,8747.0
1753617224802,11:53:44.802,okx,ACT/USDT:USDT,0.0461,3689.0,0.04609,16433.0,0.04611,2318.0,0.04612,5784.0
1753617224902,11:53:44.902,okx,ACT/USDT:USDT,0.0461,4701.0,0.04609,16433.0,0.04611,2318.0,0.04612,5784.0
1753617225502,11:53:45.502,okx,ACT/USDT:USDT,0.0461,4701.0,0.04609,12636.0,0.04611,2318.0,0.04612,5784.0
1753617225602,11:53:45.602,okx,ACT/USDT:USDT,0.0461,4701.0,0.04609,12636.0,0.04611,2376.0,0.04612,9951.0
1753617225802,11:53:45.802,okx,ACT/USDT:USDT,0.04608,11415.0,0.04607,34787.0,0.0461,2219.0,0.04611,11492.0
1753617225902,11:53:45.902,okx,ACT/USDT:USDT,0.04609,2219.0,0.04608,9961.0,0.0461,2219.0,0.04611,12219.0
1753617226002,11:53:46.002,okx,ACT/USDT:USDT,0.04609,2219.0,0.04608,9961.0,0.0461,2219.0,0.04611,9614.0
1753617226202,11:53:46.202,okx,ACT/USDT:USDT,0.04609,2219.0,0.04608,9963.0,0.0461,2219.0,0.04611,9614.0
1753617226302,11:53:46.302,okx,ACT/USDT:USDT,0.04609,2219.0,0.04608,9963.0,0.0461,2230.0,0.04611,9606.0
1753617226402,11:53:46.402,okx,ACT/USDT:USDT,0.04609,2219.0,0.04608,9963.0,0.0461,2230.0,0.04611,13403.0
1753617226502,11:53:46.502,okx,ACT/USDT:USDT,0.04609,2219.0,0.04608,9963.0,0.0461,2230.0,0.04611,9606.0
1753617226602,11:53:46.602,okx,ACT/USDT:USDT,0.04609,2219.0,0.04608,9963.0,0.0461,2230.0,0.04611,13403.0
1753617226702,11:53:46.702,okx,ACT/USDT:USDT,0.04609,2219.0,0.04608,9963.0,0.0461,2230.0,0.04611,13403.0
1753617226802,11:53:46.802,okx,ACT/USDT:USDT,0.04609,2219.0,0.04608,9963.0,0.0461,2230.0,0.04611,9606.0
1753617226902,11:53:46.902,okx,ACT/USDT:USDT,0.04609,2219.0,0.04608,9963.0,0.0461,2230.0,0.04611,9606.0
1753617227002,11:53:47.002,okx,ACT/USDT:USDT,0.04609,2219.0,0.04608,9963.0,0.0461,2230.0,0.04611,9606.0
1753617227102,11:53:47.102,okx,ACT/USDT:USDT,0.0461,3817.0,0.04609,9574.0,0.04611,7977.0,0.04612,12727.0
1753617227202,11:53:47.202,okx,ACT/USDT:USDT,0.0461,3819.0,0.04609,12988.0,0.04611,6062.0,0.04612,3985.0
1753617227302,11:53:47.302,okx,ACT/USDT:USDT,0.0461,2219.0,0.04609,9577.0,0.04611,6062.0,0.04612,5880.0
1753617227402,11:53:47.402,okx,ACT/USDT:USDT,0.0461,2219.0,0.04609,15000.0,0.04611,6062.0,0.04612,10172.0
1753617227502,11:53:47.502,okx,ACT/USDT:USDT,0.0461,2219.0,0.04609,11203.0,0.04611,6062.0,0.04612,10172.0
1753617227602,11:53:47.602,okx,ACT/USDT:USDT,0.0461,2219.0,0.04609,11203.0,0.04611,6062.0,0.04612,10172.0
1753617227802,11:53:47.802,okx,ACT/USDT:USDT,0.0461,2219.0,0.04609,11203.0,0.04611,6062.0,0.04612,10172.0
1753617228002,11:53:48.002,okx,ACT/USDT:USDT,0.0461,2217.0,0.04609,11637.0,0.04611,6062.0,0.04612,5880.0
1753617228102,11:53:48.102,okx,ACT/USDT:USDT,0.0461,2219.0,0.04609,15434.0,0.04611,6062.0,0.04612,5880.0
1753617228202,11:53:48.202,okx,ACT/USDT:USDT,0.0461,2219.0,0.04609,11203.0,0.04611,6062.0,0.04612,5880.0
1753617228402,11:53:48.402,okx,ACT/USDT:USDT,0.0461,2219.0,0.04609,15434.0,0.04611,6062.0,0.04612,5880.0
1753617228802,11:53:48.802,okx,ACT/USDT:USDT,0.0461,2219.0,0.04609,15434.0,0.04611,6062.0,0.04612,5880.0
1753617229102,11:53:49.102,okx,ACT/USDT:USDT,0.0461,2219.0,0.04609,15434.0,0.04611,3845.0,0.04612,5880.0
1753617229202,11:53:49.202,okx,ACT/USDT:USDT,0.0461,2219.0,0.04609,15434.0,0.04611,3845.0,0.04612,5880.0
1753617229402,11:53:49.402,okx,ACT/USDT:USDT,0.0461,14278.0,0.04609,17159.0,0.04611,151.0,0.04612,5880.0
1753617229502,11:53:49.502,okx,ACT/USDT:USDT,0.0461,14280.0,0.04609,17159.0,0.04611,151.0,0.04612,5880.0
1753617229702,11:53:49.702,okx,ACT/USDT:USDT,0.0461,16091.0,0.04609,17159.0,0.04611,151.0,0.04612,5880.0
1753617229802,11:53:49.802,okx,ACT/USDT:USDT,0.0461,16091.0,0.04609,17159.0,0.04611,151.0,0.04612,5880.0
1753617230002,11:53:50.002,okx,ACT/USDT:USDT,0.0461,16091.0,0.04609,17159.0,0.04611,151.0,0.04612,5880.0
1753617230202,11:53:50.202,okx,ACT/USDT:USDT,0.0461,16091.0,0.04609,17159.0,0.04611,151.0,0.04612,3985.0
1753617230302,11:53:50.302,okx,ACT/USDT:USDT,0.04612,13135.0,0.04611,24518.0,0.04613,16072.0,0.04614,13649.0
1753617230402,11:53:50.402,okx,ACT/USDT:USDT,0.04612,8085.0,0.04611,20721.0,0.04613,6366.0,0.04614,11489.0
1753617230502,11:53:50.502,okx,ACT/USDT:USDT,0.04612,3763.0,0.04611,20287.0,0.04613,8219.0,0.04614,7265.0
1753617230602,11:53:50.602,okx,ACT/USDT:USDT,0.04612,3346.0,0.04611,24086.0,0.04613,8219.0,0.04614,7265.0
1753617230802,11:53:50.802,okx,ACT/USDT:USDT,0.04612,3346.0,0.04611,24086.0,0.04613,6366.0,0.04614,8929.0
1753617230902,11:53:50.902,okx,ACT/USDT:USDT,0.04612,3346.0,0.04611,24520.0,0.04613,6366.0,0.04614,11097.0
1753617231302,11:53:51.302,okx,ACT/USDT:USDT,0.04611,8233.0,0.0461,20623.0,0.04612,4385.0,0.04613,12565.0
1753617231502,11:53:51.502,okx,ACT/USDT:USDT,0.0461,9700.0,0.04609,21984.0,0.04611,2217.0,0.04612,3667.0
1753617231602,11:53:51.602,okx,ACT/USDT:USDT,0.0461,6360.0,0.04609,13114.0,0.04611,2219.0,0.04612,9609.0
1753617231702,11:53:51.702,okx,ACT/USDT:USDT,0.0461,6362.0,0.04609,18537.0,0.04611,2219.0,0.04612,7728.0
1753617232002,11:53:52.002,okx,ACT/USDT:USDT,0.0461,8370.0,0.04609,12930.0,0.04611,2219.0,0.04612,7728.0
1753617232102,11:53:52.102,okx,ACT/USDT:USDT,0.0461,8370.0,0.04609,17161.0,0.04611,2219.0,0.04612,7728.0
1753617232202,11:53:52.202,okx,ACT/USDT:USDT,0.0461,8370.0,0.04609,11304.0,0.04611,2219.0,0.04612,7728.0
1753617232302,11:53:52.302,okx,ACT/USDT:USDT,0.0461,8370.0,0.04609,11304.0,0.04611,2219.0,0.04612,7728.0
1753617232602,11:53:52.602,okx,ACT/USDT:USDT,0.04609,11304.0,0.04608,27028.0,0.04611,2653.0,0.04612,13585.0
1753617232702,11:53:52.702,okx,ACT/USDT:USDT,0.04609,5988.0,0.04608,28378.0,0.0461,2219.0,0.04611,9119.0
1753617232802,11:53:52.802,okx,ACT/USDT:USDT,0.04609,8006.0,0.04608,30340.0,0.0461,2219.0,0.04611,9119.0
1753617233002,11:53:53.002,okx,ACT/USDT:USDT,0.0461,2017.0,0.04609,16552.0,0.04611,7829.0,0.04612,16823.0
1753617233102,11:53:53.102,okx,ACT/USDT:USDT,0.0461,2019.0,0.04609,16552.0,0.04611,7829.0,0.04612,17257.0
1753617233302,11:53:53.302,okx,ACT/USDT:USDT,0.0461,2019.0,0.04609,16553.0,0.04611,7829.0,0.04612,17257.0
1753617233802,11:53:53.802,okx,ACT/USDT:USDT,0.04609,16553.0,0.04608,46992.0,0.04611,21269.0,0.04612,24843.0
1753617233902,11:53:53.902,okx,ACT/USDT:USDT,0.04609,8923.0,0.04608,28211.0,0.04611,12595.0,0.04612,24843.0
1753617234002,11:53:54.002,okx,ACT/USDT:USDT,0.04609,3038.0,0.04608,15195.0,0.0461,2219.0,0.04611,11572.0
1753617234102,11:53:54.102,okx,ACT/USDT:USDT,0.04609,3040.0,0.04608,18992.0,0.0461,2219.0,0.04611,11572.0
1753617234202,11:53:54.202,okx,ACT/USDT:USDT,0.04609,3060.0,0.04608,18992.0,0.04611,11571.0,0.04612,18883.0
1753617234302,11:53:54.302,okx,ACT/USDT:USDT,0.04609,5084.0,0.04608,15195.0,0.0461,2217.0,0.04611,11138.0
1753617234502,11:53:54.502,okx,ACT/USDT:USDT,0.04609,3040.0,0.04608,15195.0,0.0461,2219.0,0.04611,12764.0
1753617234602,11:53:54.602,okx,ACT/USDT:USDT,0.04609,3040.0,0.04608,17202.0,0.0461,2219.0,0.04611,12764.0
1753617234702,11:53:54.702,okx,ACT/USDT:USDT,0.04609,3040.0,0.04608,17202.0,0.0461,2219.0,0.04611,16561.0
1753617234902,11:53:54.902,okx,ACT/USDT:USDT,0.04609,3040.0,0.04608,17202.0,0.0461,2219.0,0.04611,12764.0
1753617235002,11:53:55.002,okx,ACT/USDT:USDT,0.04609,1016.0,0.04608,15576.0,0.0461,2219.0,0.04611,16561.0
1753617235102,11:53:55.102,okx,ACT/USDT:USDT,0.04609,1016.0,0.04608,17202.0,0.0461,2219.0,0.04611,12764.0
1753617235302,11:53:55.302,okx,ACT/USDT:USDT,0.04609,1016.0,0.04608,17202.0,0.0461,2219.0,0.04611,13198.0
1753617235402,11:53:55.402,okx,ACT/USDT:USDT,0.04609,2.0,0.04608,17202.0,0.0461,4095.0,0.04611,10844.0
1753617235502,11:53:55.502,okx,ACT/USDT:USDT,0.04609,2.0,0.04608,15576.0,0.0461,4095.0,0.04611,15075.0
1753617235602,11:53:55.602,okx,ACT/USDT:USDT,0.04609,2.0,0.04608,15576.0,0.0461,4529.0,0.04611,15075.0
1753617235702,11:53:55.702,okx,ACT/USDT:USDT,0.04609,2.0,0.04608,15576.0,0.0461,4095.0,0.04611,15075.0
1753617236102,11:53:56.102,okx,ACT/USDT:USDT,0.04609,2221.0,0.04608,21433.0,0.0461,4095.0,0.04611,9218.0
1753617236202,11:53:56.202,okx,ACT/USDT:USDT,0.04609,2224.0,0.04608,17202.0,0.0461,4095.0,0.04611,9218.0
1753617236302,11:53:56.302,okx,ACT/USDT:USDT,0.04609,2224.0,0.04608,17636.0,0.0461,2219.0,0.04611,9218.0
1753617236402,11:53:56.402,okx,ACT/USDT:USDT,0.04609,2224.0,0.04608,15576.0,0.0461,2219.0,0.04611,16944.0
1753617236602,11:53:56.602,okx,ACT/USDT:USDT,0.04609,2224.0,0.04608,17202.0,0.0461,2219.0,0.04611,13147.0
1753617236702,11:53:56.702,okx,ACT/USDT:USDT,0.04609,2224.0,0.04608,17202.0,0.0461,2219.0,0.04611,13147.0
1753617237402,11:53:57.402,okx,ACT/USDT:USDT,0.04609,2224.0,0.04608,17202.0,0.0461,2219.0,0.04611,12713.0
1753617237502,11:53:57.502,okx,ACT/USDT:USDT,0.04609,2224.0,0.04608,17202.0,0.0461,2219.0,0.04611,13147.0
1753617237702,11:53:57.702,okx,ACT/USDT:USDT,0.04609,7.0,0.04608,17202.0,0.0461,4070.0,0.04611,10844.0
1753617237802,11:53:57.802,okx,ACT/USDT:USDT,0.04609,7.0,0.04608,15576.0,0.0461,4502.0,0.04611,15075.0
1753617237902,11:53:57.902,okx,ACT/USDT:USDT,0.04609,7.0,0.04608,15576.0,0.0461,4068.0,0.04611,11278.0
1753617238002,11:53:58.002,okx,ACT/USDT:USDT,0.04609,7.0,0.04608,15576.0,0.0461,4070.0,0.04611,11278.0
1753617238202,11:53:58.202,okx,ACT/USDT:USDT,0.04609,3.0,0.04608,15576.0,0.0461,4070.0,0.04611,15075.0
1753617238302,11:53:58.302,okx,ACT/USDT:USDT,0.04609,3.0,0.04608,15576.0,0.0461,4060.0,0.04611,13447.0
1753617238402,11:53:58.402,okx,ACT/USDT:USDT,0.04609,3.0,0.04608,15576.0,0.0461,4060.0,0.04611,13447.0
1753617238602,11:53:58.602,okx,ACT/USDT:USDT,0.04609,3.0,0.04608,17202.0,0.0461,4060.0,0.04611,13447.0
1753617238702,11:53:58.702,okx,ACT/USDT:USDT,0.04609,3.0,0.04608,17202.0,0.0461,4050.0,0.04611,13447.0
1753617238802,11:53:58.802,okx,ACT/USDT:USDT,0.04609,3.0,0.04608,15576.0,0.0461,6216.0,0.04611,13447.0
1753617238902,11:53:58.902,okx,ACT/USDT:USDT,0.04609,3.0,0.04608,15576.0,0.0461,15326.0,0.04611,13447.0
1753617239002,11:53:59.002,okx,ACT/USDT:USDT,0.04609,3.0,0.04608,15576.0,0.0461,15326.0,0.04611,19407.0
1753617239102,11:53:59.102,okx,ACT/USDT:USDT,0.04609,3.0,0.04608,15576.0,0.0461,15326.0,0.04611,19407.0
1753617239202,11:53:59.202,okx,ACT/USDT:USDT,0.04609,3.0,0.04608,10264.0,0.0461,28303.0,0.04611,15610.0
1753617239302,11:53:59.302,okx,ACT/USDT:USDT,0.04609,3.0,0.04608,10264.0,0.0461,28303.0,0.04611,17366.0
1753617239402,11:53:59.402,okx,ACT/USDT:USDT,0.04609,3.0,0.04608,10264.0,0.0461,28317.0,0.04611,17366.0
1753617239702,11:53:59.702,okx,ACT/USDT:USDT,0.04609,3.0,0.04608,8257.0,0.0461,28317.0,0.04611,21163.0
1753617239902,11:53:59.902,okx,ACT/USDT:USDT,0.04608,3081.0,0.04607,8584.0,0.04609,4807.0,0.0461,11974.0
1753617240002,11:54:00.002,okx,ACT/USDT:USDT,0.04608,3081.0,0.04607,10508.0,0.04609,2640.0,0.0461,15771.0
1753617240102,11:54:00.102,okx,ACT/USDT:USDT,0.04608,3081.0,0.04607,10508.0,0.04609,2640.0,0.0461,20838.0
1753617240302,11:54:00.302,okx,ACT/USDT:USDT,0.04608,3081.0,0.04607,10508.0,0.04609,2640.0,0.0461,20838.0
1753617240402,11:54:00.402,okx,ACT/USDT:USDT,0.04608,2026.0,0.04607,10508.0,0.04609,2640.0,0.0461,20838.0
1753617240502,11:54:00.502,okx,ACT/USDT:USDT,0.04608,2026.0,0.04607,10508.0,0.04609,2640.0,0.0461,20838.0
1753617240602,11:54:00.602,okx,ACT/USDT:USDT,0.04607,16946.0,0.04606,17558.0,0.04608,3777.0,0.04609,8354.0
1753617240702,11:54:00.702,okx,ACT/USDT:USDT,0.04607,16948.0,0.04606,20389.0,0.04608,3777.0,0.04609,8354.0
1753617240902,11:54:00.902,okx,ACT/USDT:USDT,0.04607,16970.0,0.04606,23949.0,0.04608,3777.0,0.04609,7919.0
1753617241002,11:54:01.002,okx,ACT/USDT:USDT,0.04608,2219.0,0.04607,13761.0,0.04609,6330.0,0.0461,29387.0
1753617241102,11:54:01.102,okx,ACT/USDT:USDT,0.04608,2219.0,0.04607,13761.0,0.04609,6330.0,0.0461,22892.0
1753617241202,11:54:01.202,okx,ACT/USDT:USDT,0.04608,2219.0,0.04607,13761.0,0.04609,6330.0,0.0461,22892.0
1753617241302,11:54:01.302,okx,ACT/USDT:USDT,0.04608,2219.0,0.04607,12228.0,0.04609,6442.0,0.0461,22892.0
1753617241402,11:54:01.402,okx,ACT/USDT:USDT,0.04608,2219.0,0.04607,12228.0,0.04609,6442.0,0.0461,22892.0
1753617241502,11:54:01.502,okx,ACT/USDT:USDT,0.04608,2220.0,0.04607,17414.0,0.04609,6442.0,0.0461,22892.0
1753617241602,11:54:01.602,okx,ACT/USDT:USDT,0.04608,2220.0,0.04607,13854.0,0.04609,5975.0,0.0461,25061.0
1753617241702,11:54:01.702,okx,ACT/USDT:USDT,0.04608,2220.0,0.04607,13854.0,0.04609,6409.0,0.0461,25061.0
1753617241902,11:54:01.902,okx,ACT/USDT:USDT,0.04608,1.0,0.04607,12228.0,0.04609,19037.0,0.0461,23233.0
1753617242002,11:54:02.002,okx,ACT/USDT:USDT,0.04608,1.0,0.04607,4367.0,0.04609,34031.0,0.0461,28419.0
1753617242202,11:54:02.202,okx,ACT/USDT:USDT,0.04608,1.0,0.04607,9105.0,0.04609,31481.0,0.0461,28419.0
1753617242302,11:54:02.302,okx,ACT/USDT:USDT,0.04608,1.0,0.04607,9105.0,0.04609,31481.0,0.0461,32751.0
1753617242402,11:54:02.402,okx,ACT/USDT:USDT,0.04608,1.0,0.04607,9105.0,0.04609,31481.0,0.0461,32751.0
1753617242502,11:54:02.502,okx,ACT/USDT:USDT,0.04607,4366.0,0.04606,11588.0,0.04608,14804.0,0.04609,12747.0
1753617242602,11:54:02.602,okx,ACT/USDT:USDT,0.04607,26.0,0.04606,11588.0,0.04608,14262.0,0.04609,14918.0
1753617242702,11:54:02.702,okx,ACT/USDT:USDT,0.04607,26.0,0.04606,11588.0,0.04608,16812.0,0.04609,14918.0
1753617242902,11:54:02.902,okx,ACT/USDT:USDT,0.04607,26.0,0.04606,11588.0,0.04608,6428.0,0.04609,10204.0
1753617243002,11:54:03.002,okx,ACT/USDT:USDT,0.04607,26.0,0.04606,11588.0,0.04608,8598.0,0.04609,15819.0
1753617243102,11:54:03.102,okx,ACT/USDT:USDT,0.04607,26.0,0.04606,11588.0,0.04608,8598.0,0.04609,15819.0
1753617243402,11:54:03.402,okx,ACT/USDT:USDT,0.04607,26.0,0.04606,11588.0,0.04608,8598.0,0.04609,12259.0
1753617243602,11:54:03.602,okx,ACT/USDT:USDT,0.04607,26.0,0.04606,11588.0,0.04608,10627.0,0.04609,13764.0
1753617244102,11:54:04.102,okx,ACT/USDT:USDT,0.04607,26.0,0.04606,11588.0,0.04608,10627.0,0.04609,10204.0
1753617244302,11:54:04.302,okx,ACT/USDT:USDT,0.04607,26.0,0.04606,11588.0,0.04608,10224.0,0.04609,15453.0
1753617244402,11:54:04.402,okx,ACT/USDT:USDT,0.04607,26.0,0.04606,11588.0,0.04608,14149.0,0.04609,13764.0
1753617244502,11:54:04.502,okx,ACT/USDT:USDT,0.04607,26.0,0.04606,12976.0,0.04608,12523.0,0.04609,13764.0
1753617244602,11:54:04.602,okx,ACT/USDT:USDT,0.04607,26.0,0.04606,12976.0,0.04608,12523.0,0.04609,13652.0
1753617244702,11:54:04.702,okx,ACT/USDT:USDT,0.04606,6679.0,0.04605,8413.0,0.04607,6839.0,0.04608,6579.0
1753617244802,11:54:04.802,okx,ACT/USDT:USDT,0.04606,6679.0,0.04605,9799.0,0.04607,4672.0,0.04608,6580.0
1753617244902,11:54:04.902,okx,ACT/USDT:USDT,0.04606,6679.0,0.04605,9799.0,0.04607,4672.0,0.04608,6581.0
1753617245002,11:54:05.002,okx,ACT/USDT:USDT,0.04606,6679.0,0.04605,9799.0,0.04607,4672.0,0.04608,6581.0
1753617245102,11:54:05.102,okx,ACT/USDT:USDT,0.04606,6679.0,0.04605,9799.0,0.04607,4237.0,0.04608,6581.0
1753617245302,11:54:05.302,okx,ACT/USDT:USDT,0.04606,6367.0,0.04605,9799.0,0.04607,4672.0,0.04608,13825.0
1753617245402,11:54:05.402,okx,ACT/USDT:USDT,0.04606,6367.0,0.04605,11747.0,0.04607,4237.0,0.04608,10265.0
1753617245902,11:54:05.902,okx,ACT/USDT:USDT,0.04606,6367.0,0.04605,11747.0,0.04607,4672.0,0.04608,10265.0
1753617246102,11:54:06.102,okx,ACT/USDT:USDT,0.04606,6367.0,0.04605,10361.0,0.04607,6608.0,0.04608,10133.0
1753617246202,11:54:06.202,okx,ACT/USDT:USDT,0.04606,6367.0,0.04605,10361.0,0.04607,6608.0,0.04608,10133.0
1753617246302,11:54:06.302,okx,ACT/USDT:USDT,0.04606,6367.0,0.04605,10361.0,0.04607,6608.0,0.04608,13693.0
1753617246402,11:54:06.402,okx,ACT/USDT:USDT,0.04606,6367.0,0.04605,10361.0,0.04607,6624.0,0.04608,13693.0
1753617246502,11:54:06.502,okx,ACT/USDT:USDT,0.04606,6367.0,0.04605,10361.0,0.04607,6624.0,0.04608,13693.0
1753617246702,11:54:06.702,okx,ACT/USDT:USDT,0.04606,6367.0,0.04605,10361.0,0.04607,4688.0,0.04608,10133.0
1753617246802,11:54:06.802,okx,ACT/USDT:USDT,0.04606,6367.0,0.04605,10361.0,0.04607,4688.0,0.04608,15725.0
1753617247102,11:54:07.102,okx,ACT/USDT:USDT,0.04606,6367.0,0.04605,10361.0,0.04607,10897.0,0.04608,13693.0
1753617247202,11:54:07.202,okx,ACT/USDT:USDT,0.04605,31484.0,0.04604,21048.0,0.04606,6427.0,0.04607,28468.0
1753617247302,11:54:07.302,okx,ACT/USDT:USDT,0.04605,31484.0,0.04604,22950.0,0.04606,2654.0,0.04607,13303.0
1753617247402,11:54:07.402,okx,ACT/USDT:USDT,0.04605,4346.0,0.04604,12094.0,0.04606,5911.0,0.04607,12652.0
1753617247502,11:54:07.502,okx,ACT/USDT:USDT,0.04605,9774.0,0.04604,13221.0,0.04606,2654.0,0.04607,11026.0
1753617247802,11:54:07.802,okx,ACT/USDT:USDT,0.04605,9774.0,0.04604,13221.0,0.04606,2219.0,0.04607,8476.0
1753617247902,11:54:07.902,okx,ACT/USDT:USDT,0.04605,9774.0,0.04604,13221.0,0.04606,2219.0,0.04607,8476.0
1753617248002,11:54:08.002,okx,ACT/USDT:USDT,0.04605,2.0,0.04604,12094.0,0.04606,10903.0,0.04607,13800.0
1753617248102,11:54:08.102,okx,ACT/USDT:USDT,0.04605,2.0,0.04604,12094.0,0.04606,11727.0,0.04607,13800.0
1753617248202,11:54:08.202,okx,ACT/USDT:USDT,0.04604,1908.0,0.04603,15645.0,0.04605,2738.0,0.04606,14594.0
1753617248302,11:54:08.302,okx,ACT/USDT:USDT,0.04604,1908.0,0.04603,15645.0,0.04605,2738.0,0.04606,14595.0
1753617248402,11:54:08.402,okx,ACT/USDT:USDT,0.04604,1908.0,0.04603,15645.0,0.04605,2738.0,0.04606,12045.0
1753617248502,11:54:08.502,okx,ACT/USDT:USDT,0.04604,1908.0,0.04603,15645.0,0.04605,2738.0,0.04606,15605.0
1753617248802,11:54:08.802,okx,ACT/USDT:USDT,0.04604,1908.0,0.04603,15645.0,0.04605,2738.0,0.04606,15605.0
1753617249002,11:54:09.002,okx,ACT/USDT:USDT,0.04604,4.0,0.04603,7507.0,0.04605,2738.0,0.04606,15605.0
1753617249102,11:54:09.102,okx,ACT/USDT:USDT,0.04604,4.0,0.04603,10421.0,0.04605,4458.0,0.04606,13701.0
1753617249202,11:54:09.202,okx,ACT/USDT:USDT,0.04604,4.0,0.04603,10421.0,0.04605,4458.0,0.04606,13701.0
1753617249302,11:54:09.302,okx,ACT/USDT:USDT,0.04604,4.0,0.04603,10421.0,0.04605,4458.0,0.04606,13701.0
1753617249402,11:54:09.402,okx,ACT/USDT:USDT,0.04604,4.0,0.04603,10421.0,0.04605,4458.0,0.04606,13701.0
1753617249502,11:54:09.502,okx,ACT/USDT:USDT,0.04604,5521.0,0.04603,9466.0,0.04605,2303.0,0.04606,5909.0
1753617249602,11:54:09.602,okx,ACT/USDT:USDT,0.04604,5521.0,0.04603,9466.0,0.04605,2303.0,0.04606,9626.0
1753617249702,11:54:09.702,okx,ACT/USDT:USDT,0.04604,5521.0,0.04603,9466.0,0.04605,2303.0,0.04606,13186.0
1753617249802,11:54:09.802,okx,ACT/USDT:USDT,0.04604,5521.0,0.04603,10255.0,0.04605,2303.0,0.04606,13186.0
1753617250102,11:54:10.102,okx,ACT/USDT:USDT,0.04604,5521.0,0.04603,10255.0,0.04605,2303.0,0.04606,13186.0
1753617250302,11:54:10.302,okx,ACT/USDT:USDT,0.04604,5521.0,0.04603,10255.0,0.04605,2303.0,0.04606,8000.0
1753617250902,11:54:10.902,okx,ACT/USDT:USDT,0.04604,5521.0,0.04603,10255.0,0.04605,2303.0,0.04606,13186.0
1753617251402,11:54:11.402,okx,ACT/USDT:USDT,0.04604,5521.0,0.04603,10255.0,0.04605,2303.0,0.04606,7565.0
1753617251702,11:54:11.702,okx,ACT/USDT:USDT,0.04604,5521.0,0.04603,10255.0,0.04605,2303.0,0.04606,8000.0
1753617251802,11:54:11.802,okx,ACT/USDT:USDT,0.04604,5521.0,0.04603,10255.0,0.04605,2303.0,0.04606,13186.0
1753617251902,11:54:11.902,okx,ACT/USDT:USDT,0.04604,5521.0,0.04603,10255.0,0.04605,2303.0,0.04606,11560.0
1753617252002,11:54:12.002,okx,ACT/USDT:USDT,0.04604,5521.0,0.04603,10690.0,0.04605,2110.0,0.04606,7565.0
1753617252202,11:54:12.202,okx,ACT/USDT:USDT,0.04604,7200.0,0.04603,10862.0,0.04605,2110.0,0.04606,7565.0
1753617252302,11:54:12.302,okx,ACT/USDT:USDT,0.04604,13686.0,0.04603,10862.0,0.04605,2110.0,0.04606,7565.0
1753617252402,11:54:12.402,okx,ACT/USDT:USDT,0.04604,14121.0,0.04603,22537.0,0.04605,2110.0,0.04606,7565.0
1753617252502,11:54:12.502,okx,ACT/USDT:USDT,0.04605,1347.0,0.04604,20133.0,0.04606,7564.0,0.04607,14666.0
1753617253202,11:54:13.202,okx,ACT/USDT:USDT,0.04605,1347.0,0.04604,17672.0,0.04606,7566.0,0.04607,14666.0
1753617253302,11:54:13.302,okx,ACT/USDT:USDT,0.04605,1347.0,0.04604,14112.0,0.04606,7566.0,0.04607,15101.0
1753617253502,11:54:13.502,okx,ACT/USDT:USDT,0.04605,1347.0,0.04604,14112.0,0.04606,7566.0,0.04607,21095.0
1753617253602,11:54:13.602,okx,ACT/USDT:USDT,0.04605,1347.0,0.04604,12579.0,0.04606,8001.0,0.04607,21095.0
1753617255202,11:54:15.202,okx,ACT/USDT:USDT,0.04605,3564.0,0.04604,14205.0,0.04606,8001.0,0.04607,21095.0
1753617255302,11:54:15.302,okx,ACT/USDT:USDT,0.04605,3562.0,0.04604,20038.0,0.04606,5910.0,0.04607,20660.0
1753617255502,11:54:15.502,okx,ACT/USDT:USDT,0.04605,3564.0,0.04604,19603.0,0.04606,5910.0,0.04607,22644.0
1753617255602,11:54:15.602,okx,ACT/USDT:USDT,0.04605,3564.0,0.04604,19603.0,0.04606,5910.0,0.04607,23079.0
1753617255702,11:54:15.702,okx,ACT/USDT:USDT,0.04605,3564.0,0.04604,17977.0,0.04606,5910.0,0.04607,23079.0
1753617256002,11:54:16.002,okx,ACT/USDT:USDT,0.04605,2217.0,0.04604,16920.0,0.04606,6345.0,0.04607,23079.0
1753617256402,11:54:16.402,okx,ACT/USDT:USDT,0.04605,2219.0,0.04604,22108.0,0.04606,6345.0,0.04607,23079.0
1753617256502,11:54:16.502,okx,ACT/USDT:USDT,0.04605,2219.0,0.04604,20482.0,0.04606,6345.0,0.04607,23079.0
1753617256702,11:54:16.702,okx,ACT/USDT:USDT,0.04605,5875.0,0.04604,20482.0,0.04606,2224.0,0.04607,22644.0
1753617256902,11:54:16.902,okx,ACT/USDT:USDT,0.04605,5875.0,0.04604,16922.0,0.04606,2659.0,0.04607,14337.0
1753617257302,11:54:17.302,okx,ACT/USDT:USDT,0.04605,5875.0,0.04604,20482.0,0.04606,2224.0,0.04607,13902.0
1753617257402,11:54:17.402,okx,ACT/USDT:USDT,0.04605,7642.0,0.04604,20864.0,0.04606,2224.0,0.04607,13902.0
1753617258102,11:54:18.102,okx,ACT/USDT:USDT,0.04605,7642.0,0.04604,20429.0,0.04606,2224.0,0.04607,13902.0
1753617258202,11:54:18.202,okx,ACT/USDT:USDT,0.04605,7642.0,0.04604,20429.0,0.04606,2224.0,0.04607,14337.0
1753617258302,11:54:18.302,okx,ACT/USDT:USDT,0.04605,7642.0,0.04604,20429.0,0.04606,2224.0,0.04607,14337.0
1753617258502,11:54:18.502,okx,ACT/USDT:USDT,0.04605,7642.0,0.04604,18803.0,0.04606,2224.0,0.04607,15963.0
1753617258902,11:54:18.902,okx,ACT/USDT:USDT,0.04605,7642.0,0.04604,20864.0,0.04606,2224.0,0.04607,15528.0
1753617259002,11:54:19.002,okx,ACT/USDT:USDT,0.04605,7642.0,0.04604,20429.0,0.04606,2224.0,0.04607,15528.0
1753617259102,11:54:19.102,okx,ACT/USDT:USDT,0.04605,7642.0,0.04604,20429.0,0.04606,2224.0,0.04607,15528.0
1753617259502,11:54:19.502,okx,ACT/USDT:USDT,0.04605,7642.0,0.04604,16869.0,0.04606,4070.0,0.04607,9534.0
1753617259602,11:54:19.602,okx,ACT/USDT:USDT,0.04605,5875.0,0.04604,15243.0,0.04606,4070.0,0.04607,9969.0
1753617260102,11:54:20.102,okx,ACT/USDT:USDT,0.04605,5875.0,0.04604,22464.0,0.04606,2221.0,0.04607,9969.0
1753617260402,11:54:20.402,okx,ACT/USDT:USDT,0.04605,5875.0,0.04604,22464.0,0.04606,2221.0,0.04607,9969.0
1753617260502,11:54:20.502,okx,ACT/USDT:USDT,0.04605,5875.0,0.04604,22464.0,0.04606,2221.0,0.04607,9969.0
1753617260802,11:54:20.802,okx,ACT/USDT:USDT,0.04605,5875.0,0.04604,22464.0,0.04606,2221.0,0.04607,9969.0
1753617260902,11:54:20.902,okx,ACT/USDT:USDT,0.04605,5875.0,0.04604,17278.0,0.04606,2221.0,0.04607,13529.0
1753617261002,11:54:21.002,okx,ACT/USDT:USDT,0.04605,5875.0,0.04604,17278.0,0.04606,2221.0,0.04607,13529.0
1753617261102,11:54:21.102,okx,ACT/USDT:USDT,0.04605,5875.0,0.04604,22464.0,0.04606,2221.0,0.04607,9969.0
1753617262002,11:54:22.002,okx,ACT/USDT:USDT,0.04605,5875.0,0.04604,22464.0,0.04606,2221.0,0.04607,9969.0
1753617262502,11:54:22.502,okx,ACT/USDT:USDT,0.04605,5875.0,0.04604,22464.0,0.04606,2221.0,0.04607,9969.0
1753617262602,11:54:22.602,okx,ACT/USDT:USDT,0.04605,5875.0,0.04604,22899.0,0.04606,2221.0,0.04607,9534.0
1753617262802,11:54:22.802,okx,ACT/USDT:USDT,0.04605,5875.0,0.04604,22899.0,0.04606,2221.0,0.04607,9534.0
1753617263402,11:54:23.402,okx,ACT/USDT:USDT,0.04605,5875.0,0.04604,22899.0,0.04606,2221.0,0.04607,9534.0
1753617264202,11:54:24.202,okx,ACT/USDT:USDT,0.04605,5875.0,0.04604,22464.0,0.04606,2221.0,0.04607,9969.0
1753617264402,11:54:24.402,okx,ACT/USDT:USDT,0.04605,7597.0,0.04604,22899.0,0.04606,2221.0,0.04607,7908.0
1753617264502,11:54:24.502,okx,ACT/USDT:USDT,0.04605,7597.0,0.04604,22899.0,0.04606,2221.0,0.04607,7892.0
1753617264602,11:54:24.602,okx,ACT/USDT:USDT,0.04605,7597.0,0.04604,22899.0,0.04606,2252.0,0.04607,9518.0
1753617264902,11:54:24.902,okx,ACT/USDT:USDT,0.04605,7597.0,0.04604,22464.0,0.04606,2252.0,0.04607,9953.0
1753617265102,11:54:25.102,okx,ACT/USDT:USDT,0.04605,5875.0,0.04604,22464.0,0.04606,2252.0,0.04607,9953.0
1753617265502,11:54:25.502,okx,ACT/USDT:USDT,0.04605,7597.0,0.04604,22899.0,0.04606,2252.0,0.04607,7892.0
1753617265602,11:54:25.602,okx,ACT/USDT:USDT,0.04605,7597.0,0.04604,22899.0,0.04606,2252.0,0.04607,9518.0
1753617265702,11:54:25.702,okx,ACT/USDT:USDT,0.04605,7597.0,0.04604,22464.0,0.04606,2252.0,0.04607,9518.0
1753617265802,11:54:25.802,okx,ACT/USDT:USDT,0.04605,11284.0,0.04604,20429.0,0.04606,35.0,0.04607,7892.0
1753617265902,11:54:25.902,okx,ACT/USDT:USDT,0.04605,11284.0,0.04604,20864.0,0.04606,2252.0,0.04607,9518.0
1753617266102,11:54:26.102,okx,ACT/USDT:USDT,0.04605,12817.0,0.04604,20864.0,0.04606,35.0,0.04607,7892.0
1753617266202,11:54:26.202,okx,ACT/USDT:USDT,0.04605,12817.0,0.04604,20864.0,0.04606,35.0,0.04607,7892.0
1753617266402,11:54:26.402,okx,ACT/USDT:USDT,0.04605,9562.0,0.04604,20429.0,0.04606,2252.0,0.04607,8327.0
1753617266502,11:54:26.502,okx,ACT/USDT:USDT,0.04605,9562.0,0.04604,20429.0,0.04606,2254.0,0.04607,9953.0
1753617266602,11:54:26.602,okx,ACT/USDT:USDT,0.04605,7536.0,0.04604,20429.0,0.04606,2254.0,0.04607,9953.0
1753617267802,11:54:27.802,okx,ACT/USDT:USDT,0.04605,7536.0,0.04604,20864.0,0.04606,2254.0,0.04607,9518.0
1753617268002,11:54:28.002,okx,ACT/USDT:USDT,0.04605,7536.0,0.04604,20429.0,0.04606,2254.0,0.04607,9518.0
1753617268202,11:54:28.202,okx,ACT/USDT:USDT,0.04605,7536.0,0.04604,20429.0,0.04606,2254.0,0.04607,9953.0
1753617268602,11:54:28.602,okx,ACT/USDT:USDT,0.04605,7536.0,0.04604,20429.0,0.04606,2254.0,0.04607,9518.0
1753617268902,11:54:28.902,okx,ACT/USDT:USDT,0.04605,7536.0,0.04604,20429.0,0.04606,2254.0,0.04607,9953.0
1753617269402,11:54:29.402,okx,ACT/USDT:USDT,0.04605,5875.0,0.04604,20429.0,0.04606,2254.0,0.04607,9953.0
1753617269502,11:54:29.502,okx,ACT/USDT:USDT,0.04605,5875.0,0.04604,20429.0,0.04606,2254.0,0.04607,9518.0
1753617269602,11:54:29.602,okx,ACT/USDT:USDT,0.04605,5875.0,0.04604,22367.0,0.04606,2254.0,0.04607,9953.0
1753617270302,11:54:30.302,okx,ACT/USDT:USDT,0.04605,5875.0,0.04604,22367.0,0.04606,2463.0,0.04607,9953.0
1753617270402,11:54:30.402,okx,ACT/USDT:USDT,0.04605,3658.0,0.04604,17181.0,0.04606,6388.0,0.04607,11377.0
1753617270502,11:54:30.502,okx,ACT/USDT:USDT,0.04605,3658.0,0.04604,17181.0,0.04606,6388.0,0.04607,11377.0
1753617270602,11:54:30.602,okx,ACT/USDT:USDT,0.04605,3658.0,0.04604,17181.0,0.04606,6388.0,0.04607,11377.0
1753617270702,11:54:30.702,okx,ACT/USDT:USDT,0.04605,3658.0,0.04604,17181.0,0.04606,6388.0,0.04607,17371.0
1753617270802,11:54:30.802,okx,ACT/USDT:USDT,0.04605,3658.0,0.04604,17181.0,0.04606,4762.0,0.04607,17371.0
1753617271002,11:54:31.002,okx,ACT/USDT:USDT,0.04605,3658.0,0.04604,17181.0,0.04606,4762.0,0.04607,17371.0
1753617271202,11:54:31.202,okx,ACT/USDT:USDT,0.04605,3658.0,0.04604,17181.0,0.04606,4762.0,0.04607,17371.0
1753617271502,11:54:31.502,okx,ACT/USDT:USDT,0.04605,3658.0,0.04604,20589.0,0.04606,4327.0,0.04607,13963.0
1753617271602,11:54:31.602,okx,ACT/USDT:USDT,0.04605,3658.0,0.04604,17181.0,0.04606,4762.0,0.04607,17371.0
1753617272002,11:54:32.002,okx,ACT/USDT:USDT,0.04605,3658.0,0.04604,17181.0,0.04606,4762.0,0.04607,17371.0
1753617272102,11:54:32.102,okx,ACT/USDT:USDT,0.04605,3658.0,0.04604,20589.0,0.04606,2465.0,0.04607,13963.0
1753617272202,11:54:32.202,okx,ACT/USDT:USDT,0.04605,3658.0,0.04604,20589.0,0.04606,2465.0,0.04607,16001.0
1753617272302,11:54:32.302,okx,ACT/USDT:USDT,0.04605,3658.0,0.04604,17181.0,0.04606,2900.0,0.04607,19409.0
1753617272402,11:54:32.402,okx,ACT/USDT:USDT,0.04605,3658.0,0.04604,17181.0,0.04606,2900.0,0.04607,19409.0
1753617273602,11:54:33.602,okx,ACT/USDT:USDT,0.04604,4.0,0.04603,6924.0,0.04605,10416.0,0.04606,12466.0
1753617273702,11:54:33.702,okx,ACT/USDT:USDT,0.04604,4.0,0.04603,8868.0,0.04605,12483.0,0.04606,16833.0
1753617273802,11:54:33.802,okx,ACT/USDT:USDT,0.04604,4.0,0.04603,8868.0,0.04605,12483.0,0.04606,16833.0
1753617274002,11:54:34.002,okx,ACT/USDT:USDT,0.04604,1204.0,0.04603,8868.0,0.04605,10120.0,0.04606,16833.0
1753617274102,11:54:34.102,okx,ACT/USDT:USDT,0.04604,4.0,0.04603,8868.0,0.04605,10120.0,0.04606,19004.0
1753617274202,11:54:34.202,okx,ACT/USDT:USDT,0.04604,4.0,0.04603,8868.0,0.04605,10120.0,0.04606,19004.0
1753617274402,11:54:34.402,okx,ACT/USDT:USDT,0.04604,1202.0,0.04603,8868.0,0.04605,8494.0,0.04606,19004.0
1753617274502,11:54:34.502,okx,ACT/USDT:USDT,0.04604,1204.0,0.04603,8868.0,0.04605,8497.0,0.04606,16637.0
1753617275302,11:54:35.302,okx,ACT/USDT:USDT,0.04604,1204.0,0.04603,8868.0,0.04605,6432.0,0.04606,16637.0
1753617275402,11:54:35.402,okx,ACT/USDT:USDT,0.04604,1204.0,0.04603,8868.0,0.04605,8058.0,0.04606,21799.0
1753617275502,11:54:35.502,okx,ACT/USDT:USDT,0.04604,1204.0,0.04603,8868.0,0.04605,8058.0,0.04606,21799.0
1753617275602,11:54:35.602,okx,ACT/USDT:USDT,0.04604,1204.0,0.04603,8868.0,0.04605,8058.0,0.04606,21799.0
1753617276802,11:54:36.802,okx,ACT/USDT:USDT,0.04604,4.0,0.04603,8868.0,0.04605,10601.0,0.04606,20045.0
1753617276902,11:54:36.902,okx,ACT/USDT:USDT,0.04604,4.0,0.04603,8868.0,0.04605,12227.0,0.04606,20045.0
1753617277002,11:54:37.002,okx,ACT/USDT:USDT,0.04604,4.0,0.04603,8868.0,0.04605,8238.0,0.04606,20045.0
1753617277102,11:54:37.102,okx,ACT/USDT:USDT,0.04604,1204.0,0.04603,8868.0,0.04605,8238.0,0.04606,20045.0
1753617277302,11:54:37.302,okx,ACT/USDT:USDT,0.04604,1204.0,0.04603,8868.0,0.04605,8238.0,0.04606,20045.0
1753617277602,11:54:37.602,okx,ACT/USDT:USDT,0.04604,4.0,0.04603,8868.0,0.04605,14394.0,0.04606,20045.0
1753617277702,11:54:37.702,okx,ACT/USDT:USDT,0.04604,4.0,0.04603,8868.0,0.04605,12031.0,0.04606,20045.0
1753617277802,11:54:37.802,okx,ACT/USDT:USDT,0.04604,4.0,0.04603,8868.0,0.04605,18542.0,0.04606,22209.0
1753617277902,11:54:37.902,okx,ACT/USDT:USDT,0.04604,4.0,0.04603,8868.0,0.04605,18542.0,0.04606,22209.0
1753617278002,11:54:38.002,okx,ACT/USDT:USDT,0.04604,4.0,0.04603,8868.0,0.04605,18542.0,0.04606,22209.0
1753617278102,11:54:38.102,okx,ACT/USDT:USDT,0.04604,4.0,0.04603,8868.0,0.04605,20905.0,0.04606,22209.0
1753617278202,11:54:38.202,okx,ACT/USDT:USDT,0.04604,4.0,0.04603,8868.0,0.04605,23075.0,0.04606,22209.0
1753617278302,11:54:38.302,okx,ACT/USDT:USDT,0.04604,4.0,0.04603,8868.0,0.04605,23075.0,0.04606,22209.0
1753617278402,11:54:38.402,okx,ACT/USDT:USDT,0.04604,4.0,0.04603,8868.0,0.04605,20712.0,0.04606,22209.0
1753617278502,11:54:38.502,okx,ACT/USDT:USDT,0.04604,4.0,0.04603,8868.0,0.04605,19086.0,0.04606,22209.0
1753617278602,11:54:38.602,okx,ACT/USDT:USDT,0.04604,4.0,0.04603,8868.0,0.04605,19086.0,0.04606,22209.0
1753617278902,11:54:38.902,okx,ACT/USDT:USDT,0.04604,4.0,0.04603,8868.0,0.04605,22883.0,0.04606,22209.0
1753617279002,11:54:39.002,okx,ACT/USDT:USDT,0.04604,4.0,0.04603,8868.0,0.04605,33899.0,0.04606,22209.0
1753617279102,11:54:39.102,okx,ACT/USDT:USDT,0.04604,4.0,0.04603,8868.0,0.04605,34008.0,0.04606,22209.0
1753617279202,11:54:39.202,okx,ACT/USDT:USDT,0.04604,4.0,0.04603,8868.0,0.04605,34008.0,0.04606,24380.0
1753617279302,11:54:39.302,okx,ACT/USDT:USDT,0.04604,4.0,0.04603,8868.0,0.04605,10514.0,0.04606,24380.0
1753617279402,11:54:39.402,okx,ACT/USDT:USDT,0.04604,4.0,0.04603,12276.0,0.04605,10514.0,0.04606,19346.0
1753617279502,11:54:39.502,okx,ACT/USDT:USDT,0.04604,4.0,0.04603,8868.0,0.04605,10514.0,0.04606,19346.0
1753617279602,11:54:39.602,okx,ACT/USDT:USDT,0.04604,4.0,0.04603,8868.0,0.04605,10514.0,0.04606,30374.0
1753617279802,11:54:39.802,okx,ACT/USDT:USDT,0.04604,4.0,0.04603,8868.0,0.04605,12140.0,0.04606,30374.0
1753617279902,11:54:39.902,okx,ACT/USDT:USDT,0.04604,4.0,0.04603,8868.0,0.04605,12140.0,0.04606,30374.0
1753617280002,11:54:40.002,okx,ACT/USDT:USDT,0.04604,4.0,0.04603,8868.0,0.04605,12140.0,0.04606,30374.0
1753617280102,11:54:40.102,okx,ACT/USDT:USDT,0.04604,4.0,0.04603,8868.0,0.04605,10403.0,0.04606,30374.0
1753617280302,11:54:40.302,okx,ACT/USDT:USDT,0.04604,4.0,0.04603,8868.0,0.04605,10405.0,0.04606,28203.0
1753617280802,11:54:40.802,okx,ACT/USDT:USDT,0.04604,4.0,0.04603,8868.0,0.04605,10405.0,0.04606,28203.0
1753617281302,11:54:41.302,okx,ACT/USDT:USDT,0.04604,4.0,0.04603,8868.0,0.04605,10405.0,0.04606,28203.0
1753617281502,11:54:41.502,okx,ACT/USDT:USDT,0.04604,4.0,0.04603,8868.0,0.04605,10405.0,0.04606,28203.0
1753617282202,11:54:42.202,okx,ACT/USDT:USDT,0.04604,4.0,0.04603,8868.0,0.04605,10405.0,0.04606,28203.0
1753617282402,11:54:42.402,okx,ACT/USDT:USDT,0.04604,4.0,0.04603,8868.0,0.04605,23075.0,0.04606,28203.0
1753617282502,11:54:42.502,okx,ACT/USDT:USDT,0.04604,4.0,0.04603,8868.0,0.04605,25246.0,0.04606,30374.0
1753617282602,11:54:42.602,okx,ACT/USDT:USDT,0.04604,4.0,0.04603,8868.0,0.04605,33899.0,0.04606,30374.0
1753617282702,11:54:42.702,okx,ACT/USDT:USDT,0.04604,4.0,0.04603,8868.0,0.04605,33899.0,0.04606,30374.0
1753617282802,11:54:42.802,okx,ACT/USDT:USDT,0.04604,4.0,0.04603,8868.0,0.04605,33932.0,0.04606,30343.0
1753617282902,11:54:42.902,okx,ACT/USDT:USDT,0.04604,4.0,0.04603,8868.0,0.04605,31569.0,0.04606,30343.0
1753617283002,11:54:43.002,okx,ACT/USDT:USDT,0.04604,4.0,0.04603,8868.0,0.04605,33932.0,0.04606,30343.0
1753617283102,11:54:43.102,okx,ACT/USDT:USDT,0.04604,4.0,0.04603,8868.0,0.04605,34041.0,0.04606,30343.0
1753617283202,11:54:43.202,okx,ACT/USDT:USDT,0.04604,4.0,0.04603,8868.0,0.04605,34041.0,0.04606,30343.0
1753617283302,11:54:43.302,okx,ACT/USDT:USDT,0.04604,4.0,0.04603,8868.0,0.04605,34041.0,0.04606,36856.0
1753617283402,11:54:43.402,okx,ACT/USDT:USDT,0.04604,4.0,0.04603,8868.0,0.04605,34039.0,0.04606,36856.0
1753617283502,11:54:43.502,okx,ACT/USDT:USDT,0.04604,4.0,0.04603,8868.0,0.04605,31678.0,0.04606,36856.0
1753617283602,11:54:43.602,okx,ACT/USDT:USDT,0.04604,4.0,0.04603,8868.0,0.04605,31678.0,0.04606,36856.0
1753617283902,11:54:43.902,okx,ACT/USDT:USDT,0.04604,4.0,0.04603,8868.0,0.04605,21399.0,0.04606,36856.0
1753617284302,11:54:44.302,okx,ACT/USDT:USDT,0.04604,4.0,0.04603,8868.0,0.04605,21398.0,0.04606,34685.0
1753617285102,11:54:45.102,okx,ACT/USDT:USDT,0.04604,4.0,0.04603,8868.0,0.04605,21388.0,0.04606,34685.0
1753617285202,11:54:45.202,okx,ACT/USDT:USDT,0.04604,4.0,0.04603,8868.0,0.04605,21388.0,0.04606,36846.0
1753617285502,11:54:45.502,okx,ACT/USDT:USDT,0.04604,4.0,0.04603,8868.0,0.04605,25175.0,0.04606,36846.0
1753617285602,11:54:45.602,okx,ACT/USDT:USDT,0.04604,4.0,0.04603,8868.0,0.04605,25175.0,0.04606,36846.0
1753617285702,11:54:45.702,okx,ACT/USDT:USDT,0.04604,4.0,0.04603,8868.0,0.04605,23549.0,0.04606,36846.0
1753617285802,11:54:45.802,okx,ACT/USDT:USDT,0.04604,4.0,0.04603,8868.0,0.04605,25175.0,0.04606,36846.0
1753617285902,11:54:45.902,okx,ACT/USDT:USDT,0.04604,4.0,0.04603,8868.0,0.04605,25175.0,0.04606,36846.0
1753617286002,11:54:46.002,okx,ACT/USDT:USDT,0.04604,4.0,0.04603,8868.0,0.04605,25175.0,0.04606,36846.0
1753617286102,11:54:46.102,okx,ACT/USDT:USDT,0.04604,4.0,0.04603,8868.0,0.04605,23539.0,0.04606,36846.0
1753617286202,11:54:46.202,okx,ACT/USDT:USDT,0.04604,4.0,0.04603,8868.0,0.04605,25165.0,0.04606,36846.0
1753617286302,11:54:46.302,okx,ACT/USDT:USDT,0.04604,4.0,0.04603,8868.0,0.04605,25165.0,0.04606,36846.0
1753617286402,11:54:46.402,okx,ACT/USDT:USDT,0.04604,4.0,0.04603,8868.0,0.04605,27333.0,0.04606,36846.0
1753617286502,11:54:46.502,okx,ACT/USDT:USDT,0.04604,4.0,0.04603,8868.0,0.04605,33818.0,0.04606,39017.0
1753617286602,11:54:46.602,okx,ACT/USDT:USDT,0.04604,4.0,0.04603,8868.0,0.04605,33818.0,0.04606,39017.0
1753617286702,11:54:46.702,okx,ACT/USDT:USDT,0.04604,4.0,0.04603,8868.0,0.04605,33818.0,0.04606,39017.0
1753617286802,11:54:46.802,okx,ACT/USDT:USDT,0.04604,4.0,0.04603,8868.0,0.04605,33818.0,0.04606,39017.0
1753617286902,11:54:46.902,okx,ACT/USDT:USDT,0.04604,4.0,0.04603,8868.0,0.04605,33818.0,0.04606,39017.0
1753617287002,11:54:47.002,okx,ACT/USDT:USDT,0.04604,4.0,0.04603,8868.0,0.04605,33818.0,0.04606,39017.0
1753617287102,11:54:47.102,okx,ACT/USDT:USDT,0.04604,4.0,0.04603,8868.0,0.04605,33818.0,0.04606,39017.0
1753617287202,11:54:47.202,okx,ACT/USDT:USDT,0.04604,4.0,0.04603,8868.0,0.04605,33808.0,0.04606,39017.0
1753617287302,11:54:47.302,okx,ACT/USDT:USDT,0.04604,4.0,0.04603,8868.0,0.04605,38150.0,0.04606,41188.0
1753617287402,11:54:47.402,okx,ACT/USDT:USDT,0.04604,4.0,0.04603,8868.0,0.04605,38150.0,0.04606,41188.0
1753617287502,11:54:47.502,okx,ACT/USDT:USDT,0.04604,4.0,0.04603,8868.0,0.04605,38150.0,0.04606,41188.0
1753617287602,11:54:47.602,okx,ACT/USDT:USDT,0.04604,4.0,0.04603,8868.0,0.04605,38150.0,0.04606,41188.0
1753617287702,11:54:47.702,okx,ACT/USDT:USDT,0.04604,4.0,0.04603,8868.0,0.04605,38150.0,0.04606,41188.0
1753617287802,11:54:47.802,okx,ACT/USDT:USDT,0.04604,4.0,0.04603,8868.0,0.04605,38150.0,0.04606,41188.0
1753617287902,11:54:47.902,okx,ACT/USDT:USDT,0.04604,4.0,0.04603,8868.0,0.04605,38150.0,0.04606,41188.0
1753617288002,11:54:48.002,okx,ACT/USDT:USDT,0.04604,4.0,0.04603,8868.0,0.04605,38150.0,0.04606,41188.0
1753617288102,11:54:48.102,okx,ACT/USDT:USDT,0.04604,4.0,0.04603,8868.0,0.04605,42492.0,0.04606,41188.0
1753617288202,11:54:48.202,okx,ACT/USDT:USDT,0.04604,4.0,0.04603,8868.0,0.04605,42492.0,0.04606,41188.0
1753617288402,11:54:48.402,okx,ACT/USDT:USDT,0.04604,4.0,0.04603,8868.0,0.04605,42492.0,0.04606,43359.0
1753617288502,11:54:48.502,okx,ACT/USDT:USDT,0.04604,4.0,0.04603,8868.0,0.04605,42492.0,0.04606,43359.0
1753617288602,11:54:48.602,okx,ACT/USDT:USDT,0.04604,4.0,0.04603,8868.0,0.04605,42492.0,0.04606,43359.0
1753617288802,11:54:48.802,okx,ACT/USDT:USDT,0.04604,4.0,0.04603,8868.0,0.04605,42492.0,0.04606,43359.0
1753617288902,11:54:48.902,okx,ACT/USDT:USDT,0.04604,4.0,0.04603,8868.0,0.04605,42492.0,0.04606,43359.0
1753617289002,11:54:49.002,okx,ACT/USDT:USDT,0.04604,4.0,0.04603,8868.0,0.04605,42492.0,0.04606,43359.0
1753617289102,11:54:49.102,okx,ACT/USDT:USDT,0.04604,4.0,0.04603,13902.0,0.04605,31778.0,0.04606,39951.0
1753617289202,11:54:49.202,okx,ACT/USDT:USDT,0.04604,4.0,0.04603,13902.0,0.04605,30042.0,0.04606,39951.0
1753617289602,11:54:49.602,okx,ACT/USDT:USDT,0.04604,1202.0,0.04603,13902.0,0.04605,30042.0,0.04606,39951.0
1753617289702,11:54:49.702,okx,ACT/USDT:USDT,0.04604,1202.0,0.04603,13902.0,0.04605,16949.0,0.04606,39516.0
1753617289802,11:54:49.802,okx,ACT/USDT:USDT,0.04604,4.0,0.04603,13902.0,0.04605,16949.0,0.04606,45315.0
1753617289902,11:54:49.902,okx,ACT/USDT:USDT,0.04604,4.0,0.04603,13902.0,0.04605,16949.0,0.04606,45315.0
1753617290002,11:54:50.002,okx,ACT/USDT:USDT,0.04604,4.0,0.04603,13902.0,0.04605,16949.0,0.04606,45315.0
1753617290102,11:54:50.102,okx,ACT/USDT:USDT,0.04604,4.0,0.04603,13902.0,0.04605,16949.0,0.04606,41907.0
1753617290202,11:54:50.202,okx,ACT/USDT:USDT,0.04604,4.0,0.04603,13902.0,0.04605,16949.0,0.04606,41907.0
1753617290302,11:54:50.302,okx,ACT/USDT:USDT,0.04604,4486.0,0.04603,14337.0,0.04605,16949.0,0.04606,35504.0
1753617290502,11:54:50.502,okx,ACT/USDT:USDT,0.04604,3057.0,0.04603,8985.0,0.04605,5503.0,0.04606,34570.0
1753617290602,11:54:50.602,okx,ACT/USDT:USDT,0.04604,3057.0,0.04603,12393.0,0.04605,5503.0,0.04606,36196.0
1753617290702,11:54:50.702,okx,ACT/USDT:USDT,0.04604,3057.0,0.04603,12393.0,0.04605,5503.0,0.04606,32788.0
1753617290802,11:54:50.802,okx,ACT/USDT:USDT,0.04604,3057.0,0.04603,11958.0,0.04605,5503.0,0.04606,36196.0
1753617290902,11:54:50.902,okx,ACT/USDT:USDT,0.04604,3057.0,0.04603,12393.0,0.04605,5503.0,0.04606,36196.0
1753617291002,11:54:51.002,okx,ACT/USDT:USDT,0.04604,3057.0,0.04603,12393.0,0.04605,5503.0,0.04606,32788.0
1753617291102,11:54:51.102,okx,ACT/USDT:USDT,0.04604,3057.0,0.04603,12393.0,0.04605,5394.0,0.04606,32788.0
1753617291202,11:54:51.202,okx,ACT/USDT:USDT,0.04604,3057.0,0.04603,11958.0,0.04605,3227.0,0.04606,32788.0
1753617291302,11:54:51.302,okx,ACT/USDT:USDT,0.04604,3057.0,0.04603,11958.0,0.04605,1056.0,0.04606,21950.0
1753617291502,11:54:51.502,okx,ACT/USDT:USDT,0.04604,3057.0,0.04603,11958.0,0.04605,1056.0,0.04606,21950.0
1753617291702,11:54:51.702,okx,ACT/USDT:USDT,0.04604,3057.0,0.04603,12393.0,0.04605,1056.0,0.04606,21950.0
1753617291802,11:54:51.802,okx,ACT/USDT:USDT,0.04604,4783.0,0.04603,12393.0,0.04605,1056.0,0.04606,20324.0
1753617292202,11:54:52.202,okx,ACT/USDT:USDT,0.04604,3097.0,0.04603,12393.0,0.04605,1056.0,0.04606,20324.0
1753617292502,11:54:52.502,okx,ACT/USDT:USDT,0.04604,3097.0,0.04603,8550.0,0.04605,1056.0,0.04606,25793.0
1753617292702,11:54:52.702,okx,ACT/USDT:USDT,0.04604,3097.0,0.04603,12393.0,0.04605,1056.0,0.04606,21950.0
1753617293702,11:54:53.702,okx,ACT/USDT:USDT,0.04604,3097.0,0.04603,12393.0,0.04605,1056.0,0.04606,21950.0
1753617294402,11:54:54.402,okx,ACT/USDT:USDT,0.04604,3097.0,0.04603,8550.0,0.04605,1056.0,0.04606,25793.0
1753617294502,11:54:54.502,okx,ACT/USDT:USDT,0.04604,3097.0,0.04603,12393.0,0.04605,1056.0,0.04606,21950.0
1753617294802,11:54:54.802,okx,ACT/USDT:USDT,0.04604,46.0,0.04603,6924.0,0.04605,4006.0,0.04606,25793.0
1753617294902,11:54:54.902,okx,ACT/USDT:USDT,0.04604,1244.0,0.04603,8850.0,0.04605,3573.0,0.04606,25793.0
1753617295102,11:54:55.102,okx,ACT/USDT:USDT,0.04604,1244.0,0.04603,8850.0,0.04605,3573.0,0.04606,25793.0
1753617295202,11:54:55.202,okx,ACT/USDT:USDT,0.04604,1244.0,0.04603,8850.0,0.04605,4008.0,0.04606,25793.0
1753617295402,11:54:55.402,okx,ACT/USDT:USDT,0.04604,46.0,0.04603,8850.0,0.04605,5902.0,0.04606,26001.0
1753617296002,11:54:56.002,okx,ACT/USDT:USDT,0.04604,46.0,0.04603,8850.0,0.04605,10240.0,0.04606,26001.0
1753617296302,11:54:56.302,okx,ACT/USDT:USDT,0.04604,46.0,0.04603,8850.0,0.04605,10240.0,0.04606,28172.0
1753617296402,11:54:56.402,okx,ACT/USDT:USDT,0.04604,46.0,0.04603,8850.0,0.04605,10239.0,0.04606,28172.0
1753617297202,11:54:57.202,okx,ACT/USDT:USDT,0.04604,46.0,0.04603,8850.0,0.04605,10239.0,0.04606,28172.0
1753617297802,11:54:57.802,okx,ACT/USDT:USDT,0.04604,46.0,0.04603,8850.0,0.04605,10239.0,0.04606,28172.0
1753617298002,11:54:58.002,okx,ACT/USDT:USDT,0.04604,1244.0,0.04603,8850.0,0.04605,8068.0,0.04606,28172.0
1753617298602,11:54:58.602,okx,ACT/USDT:USDT,0.04604,46.0,0.04603,8850.0,0.04605,6174.0,0.04606,26404.0
1753617299102,11:54:59.102,okx,ACT/USDT:USDT,0.04604,2263.0,0.04603,8850.0,0.04605,8537.0,0.04606,28030.0
1753617299302,11:54:59.302,okx,ACT/USDT:USDT,0.04604,2263.0,0.04603,8850.0,0.04605,7800.0,0.04606,26001.0
1753617299402,11:54:59.402,okx,ACT/USDT:USDT,0.04604,2263.0,0.04603,8850.0,0.04605,10163.0,0.04606,27972.0
1753617299602,11:54:59.602,okx,ACT/USDT:USDT,0.04604,2263.0,0.04603,8850.0,0.04605,6174.0,0.04606,27972.0
1753617299902,11:54:59.902,okx,ACT/USDT:USDT,0.04604,2263.0,0.04603,8850.0,0.04605,6174.0,0.04606,27972.0
1753617300002,11:55:00.002,okx,ACT/USDT:USDT,0.04604,2263.0,0.04603,8850.0,0.04605,6174.0,0.04606,27972.0
1753617300202,11:55:00.202,okx,ACT/USDT:USDT,0.04604,46.0,0.04603,8850.0,0.04605,6174.0,0.04606,27972.0
1753617300402,11:55:00.402,okx,ACT/USDT:USDT,0.04604,46.0,0.04603,8850.0,0.04605,6174.0,0.04606,27972.0
1753617300602,11:55:00.602,okx,ACT/USDT:USDT,0.04604,46.0,0.04603,8850.0,0.04605,6174.0,0.04606,27972.0
1753617300702,11:55:00.702,okx,ACT/USDT:USDT,0.04604,46.0,0.04603,8850.0,0.04605,6174.0,0.04606,27972.0
1753617300802,11:55:00.802,okx,ACT/USDT:USDT,0.04604,46.0,0.04603,10472.0,0.04605,5739.0,0.04606,27972.0
1753617300902,11:55:00.902,okx,ACT/USDT:USDT,0.04604,46.0,0.04603,8850.0,0.04605,6174.0,0.04606,28036.0
1753617301002,11:55:01.002,okx,ACT/USDT:USDT,0.04604,46.0,0.04603,8850.0,0.04605,8216.0,0.04606,26065.0
1753617301102,11:55:01.102,okx,ACT/USDT:USDT,0.04604,46.0,0.04603,8850.0,0.04605,21378.0,0.04606,26065.0
1753617301202,11:55:01.202,okx,ACT/USDT:USDT,0.04604,46.0,0.04603,8850.0,0.04605,19066.0,0.04606,26065.0
1753617301302,11:55:01.302,okx,ACT/USDT:USDT,0.04604,46.0,0.04603,12128.0,0.04605,7779.0,0.04606,20596.0
1753617301502,11:55:01.502,okx,ACT/USDT:USDT,0.04604,44.0,0.04603,8850.0,0.04605,8413.0,0.04606,25722.0
1753617301802,11:55:01.802,okx,ACT/USDT:USDT,0.04604,156.0,0.04603,8850.0,0.04605,7978.0,0.04606,25722.0
1753617301902,11:55:01.902,okx,ACT/USDT:USDT,0.04604,156.0,0.04603,13750.0,0.04605,7978.0,0.04606,25287.0
1753617302002,11:55:02.002,okx,ACT/USDT:USDT,0.04604,156.0,0.04603,8850.0,0.04605,8413.0,0.04606,25722.0
1753617302402,11:55:02.402,okx,ACT/USDT:USDT,0.04604,156.0,0.04603,8850.0,0.04605,8416.0,0.04606,25720.0
1753617303102,11:55:03.102,okx,ACT/USDT:USDT,0.04604,156.0,0.04603,8850.0,0.04605,8416.0,0.04606,25720.0
1753617303502,11:55:03.502,okx,ACT/USDT:USDT,0.04603,4515.0,0.04602,11516.0,0.04604,8292.0,0.04605,24291.0
1753617303602,11:55:03.602,okx,ACT/USDT:USDT,0.04603,4515.0,0.04602,13219.0,0.04604,8292.0,0.04605,8962.0
1753617303702,11:55:03.702,okx,ACT/USDT:USDT,0.04603,4515.0,0.04602,13219.0,0.04604,8292.0,0.04605,8962.0
1753617303802,11:55:03.802,okx,ACT/USDT:USDT,0.04603,4515.0,0.04602,13219.0,0.04604,8292.0,0.04605,8962.0
1753617303902,11:55:03.902,okx,ACT/USDT:USDT,0.04603,4515.0,0.04602,16497.0,0.04604,2109.0,0.04605,8962.0
1753617304002,11:55:04.002,okx,ACT/USDT:USDT,0.04603,4515.0,0.04602,16497.0,0.04604,2109.0,0.04605,8962.0
1753617304202,11:55:04.202,okx,ACT/USDT:USDT,0.04603,4515.0,0.04602,13219.0,0.04604,2109.0,0.04605,8962.0
1753617304502,11:55:04.502,okx,ACT/USDT:USDT,0.04603,4515.0,0.04602,13219.0,0.04604,2544.0,0.04605,8962.0
1753617304602,11:55:04.602,okx,ACT/USDT:USDT,0.04603,4515.0,0.04602,13219.0,0.04604,12937.0,0.04605,15502.0
1753617304702,11:55:04.702,okx,ACT/USDT:USDT,0.04602,4345.0,0.04601,9076.0,0.04603,9763.0,0.04604,18773.0
1753617304802,11:55:04.802,okx,ACT/USDT:USDT,0.04601,6861.0,0.046,23937.0,0.04603,7669.0,0.04604,19128.0
1753617304902,11:55:04.902,okx,ACT/USDT:USDT,0.04601,1480.0,0.046,12283.0,0.04602,2217.0,0.04603,14079.0
1753617305002,11:55:05.002,okx,ACT/USDT:USDT,0.04601,4348.0,0.046,7626.0,0.04602,6586.0,0.04603,17874.0
1753617305102,11:55:05.102,okx,ACT/USDT:USDT,0.04601,4609.0,0.046,5493.0,0.04602,17192.0,0.04603,16035.0
1753617305202,11:55:05.202,okx,ACT/USDT:USDT,0.04601,4609.0,0.046,12224.0,0.04602,14445.0,0.04603,16035.0
1753617305302,11:55:05.302,okx,ACT/USDT:USDT,0.04601,4611.0,0.046,12224.0,0.04602,14447.0,0.04603,16035.0
1753617305402,11:55:05.402,okx,ACT/USDT:USDT,0.04601,2.0,0.046,12224.0,0.04602,5761.0,0.04603,16035.0
1753617305502,11:55:05.502,okx,ACT/USDT:USDT,0.04601,2.0,0.046,12224.0,0.04602,5759.0,0.04603,16035.0
1753617305602,11:55:05.602,okx,ACT/USDT:USDT,0.04601,2.0,0.046,12224.0,0.04602,5761.0,0.04603,16035.0
1753617305902,11:55:05.902,okx,ACT/USDT:USDT,0.04601,1480.0,0.046,12224.0,0.04602,2219.0,0.04603,18544.0
1753617306002,11:55:06.002,okx,ACT/USDT:USDT,0.04601,1482.0,0.046,12224.0,0.04602,2219.0,0.04603,24005.0
1753617306102,11:55:06.102,okx,ACT/USDT:USDT,0.04601,1482.0,0.046,12224.0,0.04602,2219.0,0.04603,24005.0
1753617306202,11:55:06.202,okx,ACT/USDT:USDT,0.04601,1482.0,0.046,12224.0,0.04602,2654.0,0.04603,24005.0
1753617306702,11:55:06.702,okx,ACT/USDT:USDT,0.04601,1482.0,0.046,12224.0,0.04602,3841.0,0.04603,24005.0
1753617307002,11:55:07.002,okx,ACT/USDT:USDT,0.04601,2.0,0.046,12224.0,0.04602,8376.0,0.04603,18871.0
1753617307202,11:55:07.202,okx,ACT/USDT:USDT,0.04601,2.0,0.046,12224.0,0.04602,8376.0,0.04603,18871.0
1753617307302,11:55:07.302,okx,ACT/USDT:USDT,0.04601,2.0,0.046,12224.0,0.04602,4007.0,0.04603,18871.0
1753617307602,11:55:07.602,okx,ACT/USDT:USDT,0.04601,2.0,0.046,12224.0,0.04602,5629.0,0.04603,18871.0
1753617308302,11:55:08.302,okx,ACT/USDT:USDT,0.04601,2.0,0.046,12224.0,0.04602,5629.0,0.04603,18871.0
1753617308502,11:55:08.502,okx,ACT/USDT:USDT,0.04601,2.0,0.046,12224.0,0.04602,5675.0,0.04603,18871.0
1753617308602,11:55:08.602,okx,ACT/USDT:USDT,0.04601,2.0,0.046,12224.0,0.04602,4053.0,0.04603,18871.0
1753617308802,11:55:08.802,okx,ACT/USDT:USDT,0.04601,2.0,0.046,12224.0,0.04602,5675.0,0.04603,18871.0
1753617308902,11:55:08.902,okx,ACT/USDT:USDT,0.04601,2.0,0.046,12224.0,0.04602,5675.0,0.04603,18871.0
1753617309002,11:55:09.002,okx,ACT/USDT:USDT,0.04601,5500.0,0.046,12224.0,0.04602,4053.0,0.04603,18436.0
1753617309202,11:55:09.202,okx,ACT/USDT:USDT,0.04601,5500.0,0.046,14281.0,0.04602,2265.0,0.04603,18436.0
1753617309302,11:55:09.302,okx,ACT/USDT:USDT,0.04601,5500.0,0.046,12224.0,0.04602,2265.0,0.04603,20285.0
1753617309402,11:55:09.402,okx,ACT/USDT:USDT,0.04601,5500.0,0.046,12659.0,0.04602,2265.0,0.04603,20285.0
1753617309502,11:55:09.502,okx,ACT/USDT:USDT,0.04601,5500.0,0.046,12224.0,0.04602,2265.0,0.04603,20285.0
1753617309802,11:55:09.802,okx,ACT/USDT:USDT,0.04601,5500.0,0.046,12659.0,0.04602,2265.0,0.04603,20285.0
1753617309902,11:55:09.902,okx,ACT/USDT:USDT,0.04601,5500.0,0.046,12224.0,0.04602,2265.0,0.04603,20285.0
1753617310002,11:55:10.002,okx,ACT/USDT:USDT,0.04601,5500.0,0.046,12659.0,0.04602,2265.0,0.04603,20285.0
1753617310102,11:55:10.102,okx,ACT/USDT:USDT,0.04601,5500.0,0.046,12659.0,0.04602,2265.0,0.04603,20285.0
1753617310202,11:55:10.202,okx,ACT/USDT:USDT,0.04601,5500.0,0.046,12224.0,0.04602,2265.0,0.04603,20285.0
1753617310302,11:55:10.302,okx,ACT/USDT:USDT,0.04601,7350.0,0.046,10861.0,0.04602,2265.0,0.04603,20285.0
1753617310402,11:55:10.402,okx,ACT/USDT:USDT,0.04601,7411.0,0.046,12483.0,0.04602,2265.0,0.04603,15512.0
1753617310502,11:55:10.502,okx,ACT/USDT:USDT,0.04601,7411.0,0.046,10861.0,0.04602,8021.0,0.04603,14190.0
1753617310602,11:55:10.602,okx,ACT/USDT:USDT,0.04601,7411.0,0.046,10426.0,0.04602,11955.0,0.04603,14190.0
1753617311102,11:55:11.102,okx,ACT/USDT:USDT,0.04601,7411.0,0.046,10426.0,0.04602,8021.0,0.04603,14190.0
1753617311202,11:55:11.202,okx,ACT/USDT:USDT,0.04601,7411.0,0.046,10426.0,0.04602,8021.0,0.04603,14190.0
1753617311302,11:55:11.302,okx,ACT/USDT:USDT,0.04601,7411.0,0.046,10426.0,0.04602,8021.0,0.04603,14201.0
1753617311502,11:55:11.502,okx,ACT/USDT:USDT,0.04601,65.0,0.046,10426.0,0.04602,20639.0,0.04603,14636.0
1753617311602,11:55:11.602,okx,ACT/USDT:USDT,0.04601,65.0,0.046,12174.0,0.04602,18329.0,0.04603,14636.0
1753617311802,11:55:11.802,okx,ACT/USDT:USDT,0.04601,65.0,0.046,12174.0,0.04602,17142.0,0.04603,14636.0
1753617311902,11:55:11.902,okx,ACT/USDT:USDT,0.04601,65.0,0.046,12174.0,0.04602,20936.0,0.04603,14636.0
1753617312002,11:55:12.002,okx,ACT/USDT:USDT,0.04601,65.0,0.046,12174.0,0.04602,20501.0,0.04603,14636.0
1753617312202,11:55:12.202,okx,ACT/USDT:USDT,0.04601,65.0,0.046,12174.0,0.04602,22669.0,0.04603,14636.0
1753617312302,11:55:12.302,okx,ACT/USDT:USDT,0.04601,65.0,0.046,12174.0,0.04602,27074.0,0.04603,14952.0
1753617312402,11:55:12.402,okx,ACT/USDT:USDT,0.04601,65.0,0.046,12174.0,0.04602,27174.0,0.04603,14952.0
1753617312502,11:55:12.502,okx,ACT/USDT:USDT,0.04601,65.0,0.046,12174.0,0.04602,27174.0,0.04603,14952.0
1753617312602,11:55:12.602,okx,ACT/USDT:USDT,0.04601,65.0,0.046,5443.0,0.04602,27174.0,0.04603,14952.0
1753617312802,11:55:12.802,okx,ACT/USDT:USDT,0.04601,65.0,0.046,5443.0,0.04602,27174.0,0.04603,14952.0
1753617313002,11:55:13.002,okx,ACT/USDT:USDT,0.04601,65.0,0.046,5443.0,0.04602,33662.0,0.04603,14952.0
1753617313302,11:55:13.302,okx,ACT/USDT:USDT,0.04601,65.0,0.046,12174.0,0.04602,33662.0,0.04603,14952.0
1753617313502,11:55:13.502,okx,ACT/USDT:USDT,0.04601,65.0,0.046,12174.0,0.04602,24427.0,0.04603,14952.0
1753617313602,11:55:13.602,okx,ACT/USDT:USDT,0.04601,65.0,0.046,12174.0,0.04602,24427.0,0.04603,14506.0
1753617313702,11:55:13.702,okx,ACT/USDT:USDT,0.04601,65.0,0.046,12174.0,0.04602,22255.0,0.04603,14506.0
1753617313802,11:55:13.802,okx,ACT/USDT:USDT,0.04601,65.0,0.046,12174.0,0.04602,24567.0,0.04603,14941.0
1753617313902,11:55:13.902,okx,ACT/USDT:USDT,0.04601,65.0,0.046,12174.0,0.04602,22255.0,0.04603,14941.0
1753617314102,11:55:14.102,okx,ACT/USDT:USDT,0.04601,65.0,0.046,12174.0,0.04602,24567.0,0.04603,14941.0
1753617314202,11:55:14.202,okx,ACT/USDT:USDT,0.04601,65.0,0.046,12174.0,0.04602,26739.0,0.04603,14941.0
1753617314602,11:55:14.602,okx,ACT/USDT:USDT,0.04601,65.0,0.046,12174.0,0.04602,33689.0,0.04603,14941.0
1753617314702,11:55:14.702,okx,ACT/USDT:USDT,0.04601,65.0,0.046,12174.0,0.04602,33689.0,0.04603,14941.0
1753617314802,11:55:14.802,okx,ACT/USDT:USDT,0.04601,65.0,0.046,12174.0,0.04602,33689.0,0.04603,20935.0
1753617314902,11:55:14.902,okx,ACT/USDT:USDT,0.04601,65.0,0.046,12174.0,0.04602,33689.0,0.04603,20935.0
1753617315002,11:55:15.002,okx,ACT/USDT:USDT,0.04601,65.0,0.046,12174.0,0.04602,31377.0,0.04603,20935.0
1753617315102,11:55:15.102,okx,ACT/USDT:USDT,0.04601,1551.0,0.046,15934.0,0.04602,2217.0,0.04603,13011.0
1753617315202,11:55:15.202,okx,ACT/USDT:USDT,0.04601,1551.0,0.046,19212.0,0.04602,2217.0,0.04603,13011.0
1753617315302,11:55:15.302,okx,ACT/USDT:USDT,0.04601,3504.0,0.046,14186.0,0.04602,3841.0,0.04603,17956.0
1753617315502,11:55:15.502,okx,ACT/USDT:USDT,0.04601,3504.0,0.046,10861.0,0.04602,3831.0,0.04603,17956.0
1753617315602,11:55:15.602,okx,ACT/USDT:USDT,0.04601,3504.0,0.046,10861.0,0.04602,3831.0,0.04603,17956.0
1753617315702,11:55:15.702,okx,ACT/USDT:USDT,0.04601,3504.0,0.046,10426.0,0.04602,9587.0,0.04603,18391.0
1753617315802,11:55:15.802,okx,ACT/USDT:USDT,0.04601,2016.0,0.046,10426.0,0.04602,9587.0,0.04603,18391.0
1753617316102,11:55:16.102,okx,ACT/USDT:USDT,0.04601,2016.0,0.046,10426.0,0.04602,9587.0,0.04603,18391.0
1753617316302,11:55:16.302,okx,ACT/USDT:USDT,0.04601,2016.0,0.046,10426.0,0.04602,12334.0,0.04603,20556.0
1753617316402,11:55:16.402,okx,ACT/USDT:USDT,0.04601,2016.0,0.046,10426.0,0.04602,9587.0,0.04603,20556.0
1753617316602,11:55:16.602,okx,ACT/USDT:USDT,0.04601,65.0,0.046,10426.0,0.04602,12324.0,0.04603,20556.0
1753617316702,11:55:16.702,okx,ACT/USDT:USDT,0.04601,65.0,0.046,12184.0,0.04602,10012.0,0.04603,20556.0
1753617316802,11:55:16.802,okx,ACT/USDT:USDT,0.04601,65.0,0.046,12184.0,0.04602,11888.0,0.04603,18889.0
1753617317002,11:55:17.002,okx,ACT/USDT:USDT,0.04601,65.0,0.046,12184.0,0.04602,11888.0,0.04603,18889.0
1753617317102,11:55:17.102,okx,ACT/USDT:USDT,0.04601,65.0,0.046,12184.0,0.04602,11886.0,0.04603,18889.0
1753617317202,11:55:17.202,okx,ACT/USDT:USDT,0.04601,65.0,0.046,15405.0,0.04602,11443.0,0.04603,21062.0
1753617317302,11:55:17.302,okx,ACT/USDT:USDT,0.04601,65.0,0.046,15405.0,0.04602,11878.0,0.04603,21062.0
1753617317402,11:55:17.402,okx,ACT/USDT:USDT,0.04601,65.0,0.046,8674.0,0.04602,14190.0,0.04603,21062.0
1753617317602,11:55:17.602,okx,ACT/USDT:USDT,0.046,3977.0,0.04599,14309.0,0.04601,10693.0,0.04602,16592.0
1753617317702,11:55:17.702,okx,ACT/USDT:USDT,0.046,3979.0,0.04599,14309.0,0.04601,10695.0,0.04602,16600.0
1753617317802,11:55:17.802,okx,ACT/USDT:USDT,0.046,3979.0,0.04599,14309.0,0.04601,10695.0,0.04602,16600.0
1753617317902,11:55:17.902,okx,ACT/USDT:USDT,0.046,3979.0,0.04599,14309.0,0.04601,6761.0,0.04602,16600.0
1753617318002,11:55:18.002,okx,ACT/USDT:USDT,0.046,3979.0,0.04599,14309.0,0.04601,8383.0,0.04602,16600.0
1753617318202,11:55:18.202,okx,ACT/USDT:USDT,0.046,6151.0,0.04599,14309.0,0.04601,10695.0,0.04602,16600.0
1753617318302,11:55:18.302,okx,ACT/USDT:USDT,0.046,6151.0,0.04599,14309.0,0.04601,10695.0,0.04602,16600.0
1753617318502,11:55:18.502,okx,ACT/USDT:USDT,0.046,6151.0,0.04599,14309.0,0.04601,10724.0,0.04602,16600.0
1753617318802,11:55:18.802,okx,ACT/USDT:USDT,0.046,2176.0,0.04599,14309.0,0.04601,10724.0,0.04602,16600.0
1753617318902,11:55:18.902,okx,ACT/USDT:USDT,0.046,2176.0,0.04599,14309.0,0.04601,10724.0,0.04602,16600.0
1753617319002,11:55:19.002,okx,ACT/USDT:USDT,0.046,2176.0,0.04599,15969.0,0.04601,10724.0,0.04602,16600.0
1753617319202,11:55:19.202,okx,ACT/USDT:USDT,0.046,2219.0,0.04599,11226.0,0.04601,10724.0,0.04602,16600.0
1753617319302,11:55:19.302,okx,ACT/USDT:USDT,0.046,2219.0,0.04599,14449.0,0.04601,8412.0,0.04602,16600.0
1753617319802,11:55:19.802,okx,ACT/USDT:USDT,0.046,2221.0,0.04599,14449.0,0.04601,10724.0,0.04602,16600.0
1753617319902,11:55:19.902,okx,ACT/USDT:USDT,0.046,2.0,0.04599,14449.0,0.04601,12871.0,0.04602,18414.0
1753617320002,11:55:20.002,okx,ACT/USDT:USDT,0.04599,13788.0,0.04598,13882.0,0.046,15656.0,0.04601,8327.0
1753617320302,11:55:20.302,okx,ACT/USDT:USDT,0.04599,413.0,0.04598,20829.0,0.046,17889.0,0.04601,12482.0
1753617320402,11:55:20.402,okx,ACT/USDT:USDT,0.04599,413.0,0.04598,20829.0,0.046,17889.0,0.04601,12482.0
1753617320502,11:55:20.502,okx,ACT/USDT:USDT,0.04599,413.0,0.04598,20829.0,0.046,17889.0,0.04601,12482.0
1753617320602,11:55:20.602,okx,ACT/USDT:USDT,0.04599,413.0,0.04598,15348.0,0.046,17889.0,0.04601,12482.0
1753617320802,11:55:20.802,okx,ACT/USDT:USDT,0.04599,413.0,0.04598,15348.0,0.046,17889.0,0.04601,12482.0
1753617320902,11:55:20.902,okx,ACT/USDT:USDT,0.04599,413.0,0.04598,15348.0,0.046,17889.0,0.04601,12482.0
1753617321202,11:55:21.202,okx,ACT/USDT:USDT,0.04599,413.0,0.04598,5480.0,0.046,23883.0,0.04601,12482.0
1753617321302,11:55:21.302,okx,ACT/USDT:USDT,0.04599,413.0,0.04598,5480.0,0.046,23883.0,0.04601,14648.0
1753617321402,11:55:21.402,okx,ACT/USDT:USDT,0.04599,413.0,0.04598,5480.0,0.046,23883.0,0.04601,14667.0
1753617321502,11:55:21.502,okx,ACT/USDT:USDT,0.04599,413.0,0.04598,13194.0,0.046,23883.0,0.04601,14667.0
1753617321602,11:55:21.602,okx,ACT/USDT:USDT,0.04599,413.0,0.04598,13194.0,0.046,23883.0,0.04601,14667.0
1753617321702,11:55:21.702,okx,ACT/USDT:USDT,0.04599,413.0,0.04598,13194.0,0.046,23883.0,0.04601,14667.0
1753617321802,11:55:21.802,okx,ACT/USDT:USDT,0.04599,413.0,0.04598,13194.0,0.046,23883.0,0.04601,14667.0
1753617321902,11:55:21.902,okx,ACT/USDT:USDT,0.04599,413.0,0.04598,13194.0,0.046,23883.0,0.04601,14667.0
1753617322002,11:55:22.002,okx,ACT/USDT:USDT,0.04599,413.0,0.04598,13194.0,0.046,23883.0,0.04601,14667.0
1753617322102,11:55:22.102,okx,ACT/USDT:USDT,0.04599,413.0,0.04598,13194.0,0.046,23883.0,0.04601,14648.0
1753617322202,11:55:22.202,okx,ACT/USDT:USDT,0.04599,413.0,0.04598,13194.0,0.046,23883.0,0.04601,14648.0
1753617322302,11:55:22.302,okx,ACT/USDT:USDT,0.04599,413.0,0.04598,13194.0,0.046,23883.0,0.04601,14648.0
1753617322402,11:55:22.402,okx,ACT/USDT:USDT,0.04599,413.0,0.04598,13194.0,0.046,21571.0,0.04601,14648.0
1753617322602,11:55:22.602,okx,ACT/USDT:USDT,0.04598,5418.0,0.04597,11149.0,0.04599,12643.0,0.046,18067.0
1753617323002,11:55:23.002,okx,ACT/USDT:USDT,0.04598,6730.0,0.04597,11149.0,0.04599,11021.0,0.046,19033.0
1753617323102,11:55:23.102,okx,ACT/USDT:USDT,0.04598,6730.0,0.04597,11149.0,0.04599,11021.0,0.046,18598.0
1753617323202,11:55:23.202,okx,ACT/USDT:USDT,0.04598,8903.0,0.04597,11149.0,0.04599,11021.0,0.046,18598.0
1753617323302,11:55:23.302,okx,ACT/USDT:USDT,0.04598,8903.0,0.04597,12771.0,0.04599,11021.0,0.046,15320.0
1753617323402,11:55:23.402,okx,ACT/USDT:USDT,0.04598,8903.0,0.04597,12771.0,0.04599,11021.0,0.046,18598.0
1753617323502,11:55:23.502,okx,ACT/USDT:USDT,0.04598,8903.0,0.04597,12771.0,0.04599,11021.0,0.046,18598.0
1753617323602,11:55:23.602,okx,ACT/USDT:USDT,0.04598,4105.0,0.04597,11149.0,0.04599,7759.0,0.046,21860.0
1753617323702,11:55:23.702,okx,ACT/USDT:USDT,0.04598,5804.0,0.04597,18954.0,0.04599,7759.0,0.046,18582.0
1753617323902,11:55:23.902,okx,ACT/USDT:USDT,0.04598,5804.0,0.04597,15676.0,0.04599,7759.0,0.046,21860.0
1753617324002,11:55:24.002,okx,ACT/USDT:USDT,0.04598,5804.0,0.04597,18954.0,0.04599,7759.0,0.046,16960.0
1753617324102,11:55:24.102,okx,ACT/USDT:USDT,0.04598,5804.0,0.04597,14197.0,0.04599,7759.0,0.046,16960.0
1753617324202,11:55:24.202,okx,ACT/USDT:USDT,0.04598,5804.0,0.04597,19197.0,0.04599,7759.0,0.046,16960.0
1753617324402,11:55:24.402,okx,ACT/USDT:USDT,0.04599,6909.0,0.04598,15759.0,0.046,5909.0,0.04601,15196.0
1753617324502,11:55:24.502,okx,ACT/USDT:USDT,0.04599,5443.0,0.04598,14137.0,0.046,5909.0,0.04601,17102.0
1753617324602,11:55:24.602,okx,ACT/USDT:USDT,0.04599,5443.0,0.04598,17415.0,0.046,5909.0,0.04601,15463.0
1753617324702,11:55:24.702,okx,ACT/USDT:USDT,0.04599,10318.0,0.04598,19388.0,0.046,2219.0,0.04601,13841.0
1753617324902,11:55:24.902,okx,ACT/USDT:USDT,0.04599,8696.0,0.04598,23692.0,0.046,2219.0,0.04601,13841.0
1753617325002,11:55:25.002,okx,ACT/USDT:USDT,0.04599,27676.0,0.04598,23692.0,0.046,2.0,0.04601,13841.0
1753617325102,11:55:25.102,okx,ACT/USDT:USDT,0.04599,38540.0,0.04598,23692.0,0.046,2.0,0.04601,13841.0
1753617325202,11:55:25.202,okx,ACT/USDT:USDT,0.04599,36918.0,0.04598,25866.0,0.046,2.0,0.04601,13839.0
1753617325302,11:55:25.302,okx,ACT/USDT:USDT,0.04599,15894.0,0.04598,22153.0,0.046,2219.0,0.04601,13839.0
1753617325402,11:55:25.402,okx,ACT/USDT:USDT,0.04599,14109.0,0.04598,14053.0,0.046,2219.0,0.04601,17117.0
1753617325502,11:55:25.502,okx,ACT/USDT:USDT,0.04599,14109.0,0.04598,17666.0,0.046,2219.0,0.04601,17117.0
1753617325602,11:55:25.602,okx,ACT/USDT:USDT,0.04599,11935.0,0.04598,16044.0,0.046,2221.0,0.04601,18739.0
1753617325702,11:55:25.702,okx,ACT/USDT:USDT,0.04599,3520.0,0.04598,17666.0,0.046,2221.0,0.04601,18739.0
1753617325802,11:55:25.802,okx,ACT/USDT:USDT,0.04599,3520.0,0.04598,16044.0,0.046,2221.0,0.04601,19174.0
1753617325902,11:55:25.902,okx,ACT/USDT:USDT,0.04599,3520.0,0.04598,16044.0,0.046,4209.0,0.04601,17268.0
1753617326202,11:55:26.202,okx,ACT/USDT:USDT,0.04599,1347.0,0.04598,19322.0,0.046,2219.0,0.04601,13555.0
1753617326302,11:55:26.302,okx,ACT/USDT:USDT,0.04599,4096.0,0.04598,12325.0,0.046,2221.0,0.04601,18861.0
1753617326402,11:55:26.402,okx,ACT/USDT:USDT,0.04599,1925.0,0.04598,12325.0,0.046,4235.0,0.04601,17268.0
1753617326502,11:55:26.502,okx,ACT/USDT:USDT,0.04599,1925.0,0.04598,12325.0,0.046,4235.0,0.04601,16833.0
1753617326702,11:55:26.702,okx,ACT/USDT:USDT,0.04599,1925.0,0.04598,12325.0,0.046,4235.0,0.04601,16833.0
1753617326802,11:55:26.802,okx,ACT/USDT:USDT,0.04599,1925.0,0.04598,12325.0,0.046,4235.0,0.04601,17268.0
1753617326902,11:55:26.902,okx,ACT/USDT:USDT,0.04599,2.0,0.04598,12325.0,0.046,8167.0,0.04601,17268.0
1753617327002,11:55:27.002,okx,ACT/USDT:USDT,0.04598,3921.0,0.04597,18039.0,0.04599,2217.0,0.046,11841.0
1753617327102,11:55:27.102,okx,ACT/USDT:USDT,0.04598,6096.0,0.04597,18039.0,0.04599,2219.0,0.046,11841.0
1753617327202,11:55:27.202,okx,ACT/USDT:USDT,0.04598,6096.0,0.04597,25994.0,0.04599,2219.0,0.046,7908.0
1753617327302,11:55:27.302,okx,ACT/USDT:USDT,0.04599,4190.0,0.04598,14713.0,0.046,7909.0,0.04601,25575.0
1753617327402,11:55:27.402,okx,ACT/USDT:USDT,0.04599,4192.0,0.04598,14713.0,0.046,7909.0,0.04601,25575.0
1753617327502,11:55:27.502,okx,ACT/USDT:USDT,0.04599,4192.0,0.04598,14714.0,0.046,7909.0,0.04601,25575.0
1753617327602,11:55:27.602,okx,ACT/USDT:USDT,0.04599,4192.0,0.04598,14714.0,0.046,10221.0,0.04601,26010.0
1753617327902,11:55:27.902,okx,ACT/USDT:USDT,0.04599,4192.0,0.04598,14714.0,0.046,10221.0,0.04601,26010.0
1753617328002,11:55:28.002,okx,ACT/USDT:USDT,0.04599,4192.0,0.04598,14714.0,0.046,10221.0,0.04601,26010.0
1753617328202,11:55:28.202,okx,ACT/USDT:USDT,0.04599,2.0,0.04598,14714.0,0.046,7909.0,0.04601,26010.0
1753617328302,11:55:28.302,okx,ACT/USDT:USDT,0.04599,2173.0,0.04598,13432.0,0.046,7909.0,0.04601,26010.0
1753617328402,11:55:28.402,okx,ACT/USDT:USDT,0.04599,2175.0,0.04598,14359.0,0.046,7909.0,0.04601,26010.0
1753617328502,11:55:28.502,okx,ACT/USDT:USDT,0.04599,2175.0,0.04598,14359.0,0.046,7909.0,0.04601,26010.0
1753617328602,11:55:28.602,okx,ACT/USDT:USDT,0.04599,2175.0,0.04598,14359.0,0.046,8107.0,0.04601,26010.0
1753617328702,11:55:28.702,okx,ACT/USDT:USDT,0.04599,2173.0,0.04598,12038.0,0.046,8542.0,0.04601,26012.0
1753617328802,11:55:28.802,okx,ACT/USDT:USDT,0.04598,12616.0,0.04597,18039.0,0.04599,2219.0,0.046,12039.0
1753617328902,11:55:28.902,okx,ACT/USDT:USDT,0.04598,14789.0,0.04597,18039.0,0.04599,2219.0,0.046,9727.0
1753617329102,11:55:29.102,okx,ACT/USDT:USDT,0.04598,14789.0,0.04597,18039.0,0.04599,2219.0,0.046,9728.0
1753617329302,11:55:29.302,okx,ACT/USDT:USDT,0.04598,14789.0,0.04597,20608.0,0.04599,2219.0,0.046,8106.0
1753617329402,11:55:29.402,okx,ACT/USDT:USDT,0.04598,14789.0,0.04597,20608.0,0.04599,2219.0,0.046,8106.0
1753617329502,11:55:29.502,okx,ACT/USDT:USDT,0.04598,14789.0,0.04597,25508.0,0.04599,2217.0,0.046,14099.0
