timestamp,time,exchange,symbol,bid1_price,bid1_volume,bid2_price,bid2_volume,ask1_price,ask1_volume,ask2_price,ask2_volume
1753617154924,11:52:34.924,blofin,AAVE/USDT:USDT,295.41,51.0,295.4,35.0,295.44,22.0,295.47,131.0
1753617156575,11:52:36.575,blofin,AAVE/USDT:USDT,295.41,14.0,295.39,842.0,295.43,12.0,295.44,1479.0
1753617158577,11:52:38.577,blofin,AAVE/USDT:USDT,295.41,4.0,295.4,1382.0,295.43,1.0,295.44,38.0
1753617159934,11:52:39.934,blofin,AAVE/USDT:USDT,295.41,17.0,295.39,362.0,295.43,72.0,295.44,1.0
1753617160654,11:52:40.654,blofin,AAVE/USDT:USDT,295.41,28.0,295.36,2342.0,295.43,78.0,295.44,1.0
1753617161937,11:52:41.937,blofin,AAVE/USDT:USDT,295.4,33.0,295.38,1262.0,295.42,103.0,295.43,4.0
1753617162597,11:52:42.597,blofin,AAVE/USDT:USDT,295.4,41.0,295.38,1262.0,295.42,108.0,295.43,4.0
1753617163441,11:52:43.441,blofin,AAVE/USDT:USDT,295.4,42.0,295.38,25.0,295.42,108.0,295.43,847.0
1753617163940,11:52:43.940,blofin,AAVE/USDT:USDT,295.4,180.0,295.37,293.0,295.42,127.0,295.45,162.0
1753617164744,11:52:44.744,blofin,AAVE/USDT:USDT,295.42,6.0,295.41,1387.0,295.44,6.0,295.45,533.0
1753617165442,11:52:45.442,blofin,AAVE/USDT:USDT,295.44,6.0,295.42,535.0,295.47,583.0,295.51,261.0
1753617165943,11:52:45.943,blofin,AAVE/USDT:USDT,295.44,280.0,295.42,824.0,295.46,1.0,295.47,742.0
1753617166443,11:52:46.443,blofin,AAVE/USDT:USDT,295.44,280.0,295.42,824.0,295.46,5.0,295.47,742.0
1753617166945,11:52:46.945,blofin,AAVE/USDT:USDT,295.44,280.0,295.42,959.0,295.46,5.0,295.47,83.0
1753617167585,11:52:47.585,blofin,AAVE/USDT:USDT,295.44,280.0,295.42,959.0,295.46,6.0,295.47,83.0
1753617167945,11:52:47.945,blofin,AAVE/USDT:USDT,295.44,117.0,295.41,901.0,295.46,6.0,295.47,83.0
1753617168946,11:52:48.946,blofin,AAVE/USDT:USDT,295.44,262.0,295.43,180.0,295.47,89.0,295.5,468.0
1753617169588,11:52:49.588,blofin,AAVE/USDT:USDT,295.44,280.0,295.41,473.0,295.46,1.0,295.47,88.0
1753617170146,11:52:50.146,blofin,AAVE/USDT:USDT,295.44,256.0,295.42,678.0,295.46,1.0,295.47,88.0
1753617170951,11:52:50.951,blofin,AAVE/USDT:USDT,295.46,180.0,295.44,231.0,295.47,83.0,295.48,12.0
1753617171587,11:52:51.587,blofin,AAVE/USDT:USDT,295.46,299.0,295.45,57.0,295.47,83.0,295.48,3.0
1753617172952,11:52:52.952,blofin,AAVE/USDT:USDT,295.47,312.0,295.43,508.0,295.5,4.0,295.51,261.0
1753617173589,11:52:53.589,blofin,AAVE/USDT:USDT,295.48,132.0,295.47,723.0,295.5,2.0,295.51,315.0
1753617174064,11:52:54.064,blofin,AAVE/USDT:USDT,295.47,5.0,295.46,203.0,295.5,8.0,295.51,261.0
1753617174590,11:52:54.590,blofin,AAVE/USDT:USDT,295.47,34.0,295.45,2304.0,295.49,121.0,295.5,4.0
1753617175457,11:52:55.457,blofin,AAVE/USDT:USDT,295.47,32.0,295.45,2304.0,295.49,124.0,295.51,1245.0
1753617175957,11:52:55.957,blofin,AAVE/USDT:USDT,295.47,3.0,295.46,29.0,295.49,33.0,295.5,1236.0
1753617176592,11:52:56.592,blofin,AAVE/USDT:USDT,295.48,54.0,295.47,1496.0,295.49,3.0,295.51,296.0
1753617176960,11:52:56.960,blofin,AAVE/USDT:USDT,295.48,54.0,295.47,1496.0,295.51,301.0,295.53,367.0
1753617177960,11:52:57.960,blofin,AAVE/USDT:USDT,295.48,48.0,295.45,113.0,295.5,56.0,295.51,261.0
1753617178595,11:52:58.595,blofin,AAVE/USDT:USDT,295.48,4.0,295.47,7.0,295.5,79.0,295.51,261.0
1753617179597,11:52:59.597,blofin,AAVE/USDT:USDT,295.46,2.0,295.45,64.0,295.47,29.0,295.49,837.0
1753617180597,11:53:00.597,blofin,AAVE/USDT:USDT,295.46,2.0,295.45,64.0,295.47,2.0,295.48,20.0
1753617180966,11:53:00.966,blofin,AAVE/USDT:USDT,295.45,67.0,295.44,1474.0,295.47,2.0,295.48,20.0
1753617181596,11:53:01.596,blofin,AAVE/USDT:USDT,295.45,33.0,295.44,78.0,295.47,220.0,295.49,1165.0
1753617182467,11:53:02.467,blofin,AAVE/USDT:USDT,295.45,4.0,295.44,7.0,295.47,50.0,295.49,585.0
1753617182966,11:53:02.966,blofin,AAVE/USDT:USDT,295.49,255.0,295.47,1745.0,295.51,283.0,295.53,473.0
1753617183597,11:53:03.597,blofin,AAVE/USDT:USDT,295.51,2.0,295.5,306.0,295.53,296.0,295.55,26.0
1753617184468,11:53:04.468,blofin,AAVE/USDT:USDT,295.57,341.0,295.54,928.0,295.59,203.0,295.61,416.0
1753617184969,11:53:04.969,blofin,AAVE/USDT:USDT,295.57,68.0,295.55,2371.0,295.59,273.0,295.61,615.0
1753617185597,11:53:05.597,blofin,AAVE/USDT:USDT,295.57,68.0,295.56,1322.0,295.59,203.0,295.6,7.0
1753617186473,11:53:06.473,blofin,AAVE/USDT:USDT,295.57,67.0,295.56,1322.0,295.59,203.0,295.6,7.0
1753617186973,11:53:06.973,blofin,AAVE/USDT:USDT,295.6,188.0,295.56,2457.0,295.61,416.0,295.62,72.0
1753617187601,11:53:07.601,blofin,AAVE/USDT:USDT,295.59,28.0,295.58,603.0,295.61,322.0,295.62,20.0
1753617188476,11:53:08.476,blofin,AAVE/USDT:USDT,295.6,40.0,295.58,1355.0,295.61,324.0,295.62,7.0
1753617188979,11:53:08.979,blofin,AAVE/USDT:USDT,295.58,7.0,295.55,1410.0,295.6,29.0,295.61,324.0
1753617189606,11:53:09.606,blofin,AAVE/USDT:USDT,295.58,13.0,295.56,22.0,295.6,56.0,295.61,731.0
1753617189977,11:53:09.977,blofin,AAVE/USDT:USDT,295.58,13.0,295.56,22.0,295.6,57.0,295.61,729.0
1753617190603,11:53:10.603,blofin,AAVE/USDT:USDT,295.58,83.0,295.57,1238.0,295.6,4.0,295.61,355.0
1753617191981,11:53:11.981,blofin,AAVE/USDT:USDT,295.58,186.0,295.56,486.0,295.6,24.0,295.61,322.0
1753617192616,11:53:12.616,blofin,AAVE/USDT:USDT,295.58,190.0,295.56,486.0,295.6,27.0,295.62,1625.0
1753617193981,11:53:13.981,blofin,AAVE/USDT:USDT,295.58,4.0,295.57,7.0,295.59,48.0,295.6,7.0
1753617194604,11:53:14.604,blofin,AAVE/USDT:USDT,295.58,4.0,295.57,143.0,295.59,11.0,295.6,242.0
1753617194984,11:53:14.984,blofin,AAVE/USDT:USDT,295.58,4.0,295.57,146.0,295.59,11.0,295.6,242.0
1753617195988,11:53:15.988,blofin,AAVE/USDT:USDT,295.58,4.0,295.57,4.0,295.59,22.0,295.6,3.0
1753617196487,11:53:16.487,blofin,AAVE/USDT:USDT,295.6,163.0,295.58,2040.0,295.62,6.0,295.64,903.0
1753617197039,11:53:17.039,blofin,AAVE/USDT:USDT,295.62,247.0,295.6,637.0,295.64,354.0,295.66,368.0
1753617197607,11:53:17.607,blofin,AAVE/USDT:USDT,295.62,250.0,295.6,635.0,295.64,258.0,295.66,368.0
1753617197990,11:53:17.990,blofin,AAVE/USDT:USDT,295.62,3.0,295.61,280.0,295.64,232.0,295.65,1136.0
1753617198992,11:53:18.992,blofin,AAVE/USDT:USDT,295.62,275.0,295.6,248.0,295.64,232.0,295.66,211.0
1753617199608,11:53:19.608,blofin,AAVE/USDT:USDT,295.65,149.0,295.64,2.0,295.66,131.0,295.67,8.0
1753617200493,11:53:20.493,blofin,AAVE/USDT:USDT,295.65,153.0,295.62,1587.0,295.66,131.0,295.67,8.0
1753617200996,11:53:20.996,blofin,AAVE/USDT:USDT,295.65,33.0,295.62,981.0,295.66,131.0,295.67,40.0
1753617201609,11:53:21.609,blofin,AAVE/USDT:USDT,295.65,199.0,295.62,547.0,295.66,131.0,295.67,5.0
1753617202609,11:53:22.609,blofin,AAVE/USDT:USDT,295.65,199.0,295.62,547.0,295.66,131.0,295.67,3.0
1753617203609,11:53:23.609,blofin,AAVE/USDT:USDT,295.65,203.0,295.64,1756.0,295.66,131.0,295.67,4.0
1753617204499,11:53:24.499,blofin,AAVE/USDT:USDT,295.65,203.0,295.64,1756.0,295.66,131.0,295.68,181.0
1753617205003,11:53:25.003,blofin,AAVE/USDT:USDT,295.65,40.0,295.64,1237.0,295.66,131.0,295.68,201.0
1753617205565,11:53:25.565,blofin,AAVE/USDT:USDT,295.67,342.0,295.65,4.0,295.68,169.0,295.69,106.0
1753617206544,11:53:26.544,blofin,AAVE/USDT:USDT,295.76,40.0,295.75,530.0,295.78,65.0,295.79,337.0
1753617207003,11:53:27.003,blofin,AAVE/USDT:USDT,295.75,40.0,295.73,182.0,295.78,128.0,295.79,274.0
1753617207612,11:53:27.612,blofin,AAVE/USDT:USDT,295.75,43.0,295.73,182.0,295.78,64.0,295.79,274.0
1753617208507,11:53:28.507,blofin,AAVE/USDT:USDT,295.77,248.0,295.75,3.0,295.79,274.0,295.8,8.0
1753617209010,11:53:29.010,blofin,AAVE/USDT:USDT,295.78,213.0,295.77,1522.0,295.79,274.0,295.8,5.0
1753617209614,11:53:29.614,blofin,AAVE/USDT:USDT,295.78,416.0,295.75,1477.0,295.79,274.0,295.8,774.0
1753617210007,11:53:30.007,blofin,AAVE/USDT:USDT,295.78,416.0,295.75,1477.0,295.79,274.0,295.8,774.0
1753617211008,11:53:31.008,blofin,AAVE/USDT:USDT,295.77,572.0,295.75,3.0,295.79,274.0,295.8,228.0
1753617211745,11:53:31.745,blofin,AAVE/USDT:USDT,295.8,195.0,295.77,1028.0,295.84,170.0,295.87,257.0
1753617212514,11:53:32.514,blofin,AAVE/USDT:USDT,295.86,385.0,295.84,1255.0,295.87,105.0,295.88,121.0
1753617213011,11:53:33.011,blofin,AAVE/USDT:USDT,295.87,162.0,295.86,2.0,295.88,122.0,295.89,396.0
1753617213617,11:53:33.617,blofin,AAVE/USDT:USDT,295.87,262.0,295.85,1186.0,295.88,122.0,295.89,423.0
1753617214514,11:53:34.514,blofin,AAVE/USDT:USDT,295.87,261.0,295.85,1186.0,295.88,119.0,295.89,428.0
1753617215018,11:53:35.018,blofin,AAVE/USDT:USDT,295.87,136.0,295.85,720.0,295.88,119.0,295.89,435.0
1753617215618,11:53:35.618,blofin,AAVE/USDT:USDT,295.87,184.0,295.85,1925.0,295.88,119.0,295.89,435.0
1753617216342,11:53:36.342,blofin,AAVE/USDT:USDT,295.87,184.0,295.85,1925.0,295.88,119.0,295.89,433.0
1753617217016,11:53:37.016,blofin,AAVE/USDT:USDT,295.9,133.0,295.88,192.0,295.91,63.0,295.92,73.0
1753617217620,11:53:37.620,blofin,AAVE/USDT:USDT,295.9,132.0,295.88,192.0,295.91,63.0,295.92,76.0
1753617218018,11:53:38.018,blofin,AAVE/USDT:USDT,295.9,228.0,295.89,552.0,295.91,63.0,295.93,101.0
1753617219019,11:53:39.019,blofin,AAVE/USDT:USDT,295.9,1.0,295.89,227.0,295.91,63.0,295.92,55.0
1753617219519,11:53:39.519,blofin,AAVE/USDT:USDT,295.89,231.0,295.88,891.0,295.91,63.0,295.92,55.0
1753617220019,11:53:40.019,blofin,AAVE/USDT:USDT,295.89,231.0,295.84,58.0,295.91,63.0,295.92,101.0
1753617220621,11:53:40.621,blofin,AAVE/USDT:USDT,295.9,347.0,295.89,1.0,295.91,63.0,295.92,42.0
1753617221023,11:53:41.023,blofin,AAVE/USDT:USDT,295.9,347.0,295.89,1.0,295.91,63.0,295.92,42.0
1753617222024,11:53:42.024,blofin,AAVE/USDT:USDT,295.9,231.0,295.89,631.0,295.91,63.0,295.92,68.0
1753617222635,11:53:42.635,blofin,AAVE/USDT:USDT,295.94,369.0,295.92,1366.0,295.96,30.0,295.97,857.0
1753617223025,11:53:43.025,blofin,AAVE/USDT:USDT,295.94,110.0,295.93,524.0,295.96,8.0,295.97,87.0
1753617223606,11:53:43.606,blofin,AAVE/USDT:USDT,295.98,79.0,295.96,1101.0,296.0,38.0,296.01,579.0
1753617224625,11:53:44.625,blofin,AAVE/USDT:USDT,295.98,168.0,295.95,877.0,296.0,69.0,296.01,79.0
1753617225030,11:53:45.030,blofin,AAVE/USDT:USDT,295.98,168.0,295.95,877.0,296.0,72.0,296.01,79.0
1753617225754,11:53:45.754,blofin,AAVE/USDT:USDT,295.98,3.0,295.96,124.0,295.99,123.0,296.0,678.0
1753617226532,11:53:46.532,blofin,AAVE/USDT:USDT,295.94,4.0,295.93,124.0,295.95,125.0,295.97,1641.0
1753617227032,11:53:47.032,blofin,AAVE/USDT:USDT,295.94,4.0,295.93,32.0,295.95,78.0,295.97,625.0
1753617227628,11:53:47.628,blofin,AAVE/USDT:USDT,295.94,4.0,295.93,36.0,295.95,77.0,295.97,625.0
1753617228465,11:53:48.465,blofin,AAVE/USDT:USDT,295.96,225.0,295.94,1085.0,295.99,64.0,296.0,935.0
1753617229036,11:53:49.036,blofin,AAVE/USDT:USDT,295.98,196.0,295.96,1520.0,295.99,64.0,296.0,7.0
1753617229626,11:53:49.626,blofin,AAVE/USDT:USDT,295.98,228.0,295.95,1950.0,295.99,64.0,296.0,13.0
1753617230214,11:53:50.214,blofin,AAVE/USDT:USDT,296.01,225.0,295.99,872.0,296.03,60.0,296.04,341.0
1753617230628,11:53:50.628,blofin,AAVE/USDT:USDT,296.0,105.0,295.98,3.0,296.03,117.0,296.04,323.0
1753617231628,11:53:51.628,blofin,AAVE/USDT:USDT,295.94,4.0,295.91,1387.0,295.95,180.0,295.97,182.0
1753617232042,11:53:52.042,blofin,AAVE/USDT:USDT,295.94,4.0,295.91,1387.0,295.95,180.0,295.97,182.0
1753617232606,11:53:52.606,blofin,AAVE/USDT:USDT,295.89,137.0,295.88,32.0,295.92,217.0,295.95,1868.0
1753617233634,11:53:53.634,blofin,AAVE/USDT:USDT,295.89,115.0,295.88,40.0,295.91,62.0,295.94,607.0
1753617234054,11:53:54.054,blofin,AAVE/USDT:USDT,295.89,115.0,295.88,40.0,295.91,65.0,295.94,607.0
1753617234631,11:53:54.631,blofin,AAVE/USDT:USDT,295.89,123.0,295.88,1426.0,295.91,5.0,295.92,50.0
1753617235550,11:53:55.550,blofin,AAVE/USDT:USDT,295.86,21.0,295.85,298.0,295.88,193.0,295.9,16.0
1753617236046,11:53:56.046,blofin,AAVE/USDT:USDT,295.82,48.0,295.81,150.0,295.85,385.0,295.88,1.0
1753617236632,11:53:56.632,blofin,AAVE/USDT:USDT,295.83,6.0,295.81,150.0,295.85,69.0,295.87,520.0
1753617237048,11:53:57.048,blofin,AAVE/USDT:USDT,295.83,8.0,295.81,150.0,295.85,69.0,295.87,520.0
1753617238048,11:53:58.048,blofin,AAVE/USDT:USDT,295.8,26.0,295.77,311.0,295.81,298.0,295.83,806.0
1753617238633,11:53:58.633,blofin,AAVE/USDT:USDT,295.79,27.0,295.77,2030.0,295.81,128.0,295.83,1926.0
1753617239049,11:53:59.049,blofin,AAVE/USDT:USDT,295.79,27.0,295.77,2030.0,295.81,129.0,295.83,1926.0
1753617239708,11:53:59.708,blofin,AAVE/USDT:USDT,295.78,27.0,295.77,1340.0,295.81,224.0,295.86,826.0
1753617240553,11:54:00.553,blofin,AAVE/USDT:USDT,295.78,30.0,295.77,1340.0,295.81,224.0,295.86,826.0
1753617241058,11:54:01.058,blofin,AAVE/USDT:USDT,295.78,5.0,295.77,311.0,295.8,254.0,295.82,766.0
1753617241635,11:54:01.635,blofin,AAVE/USDT:USDT,295.78,5.0,295.77,313.0,295.8,219.0,295.81,1080.0
1753617242554,11:54:02.554,blofin,AAVE/USDT:USDT,295.77,311.0,295.76,275.0,295.79,231.0,295.8,5.0
1753617243054,11:54:03.054,blofin,AAVE/USDT:USDT,295.77,311.0,295.76,279.0,295.78,245.0,295.79,1466.0
1753617243641,11:54:03.641,blofin,AAVE/USDT:USDT,295.77,311.0,295.76,279.0,295.78,221.0,295.79,1874.0
1753617244066,11:54:04.066,blofin,AAVE/USDT:USDT,295.77,311.0,295.76,279.0,295.78,224.0,295.79,1874.0
1753617244640,11:54:04.640,blofin,AAVE/USDT:USDT,295.77,311.0,295.76,277.0,295.78,275.0,295.81,1573.0
1753617245641,11:54:05.641,blofin,AAVE/USDT:USDT,295.74,285.0,295.73,2.0,295.76,315.0,295.78,222.0
1753617246151,11:54:06.151,blofin,AAVE/USDT:USDT,295.73,2.0,295.72,247.0,295.74,318.0,295.75,938.0
1753617247059,11:54:07.059,blofin,AAVE/USDT:USDT,295.71,48.0,295.68,255.0,295.74,15.0,295.79,597.0
1753617247648,11:54:07.648,blofin,AAVE/USDT:USDT,295.69,33.0,295.68,185.0,295.71,44.0,295.73,567.0
1753617248644,11:54:08.644,blofin,AAVE/USDT:USDT,295.68,185.0,295.67,59.0,295.69,5.0,295.7,144.0
1753617249454,11:54:09.454,blofin,AAVE/USDT:USDT,295.67,61.0,295.66,195.0,295.68,170.0,295.69,5.0
1753617250065,11:54:10.065,blofin,AAVE/USDT:USDT,295.66,243.0,295.65,1751.0,295.69,46.0,295.71,1830.0
1753617250644,11:54:10.644,blofin,AAVE/USDT:USDT,295.66,195.0,295.65,1.0,295.67,6.0,295.68,1387.0
1753617252066,11:54:12.066,blofin,AAVE/USDT:USDT,295.66,195.0,295.65,24.0,295.69,50.0,295.72,20.0
1753617252754,11:54:12.754,blofin,AAVE/USDT:USDT,295.64,1723.0,295.61,2393.0,295.69,186.0,295.72,1547.0
1753617253570,11:54:13.570,blofin,AAVE/USDT:USDT,295.67,1.0,295.64,1723.0,295.69,186.0,295.72,1547.0
1753617254073,11:54:14.073,blofin,AAVE/USDT:USDT,295.68,41.0,295.67,1.0,295.7,7.0,295.72,200.0
1753617254646,11:54:14.646,blofin,AAVE/USDT:USDT,295.68,28.0,295.67,451.0,295.7,5.0,295.71,38.0
1753617255071,11:54:15.071,blofin,AAVE/USDT:USDT,295.68,28.0,295.67,451.0,295.7,5.0,295.71,38.0
1753617256074,11:54:16.074,blofin,AAVE/USDT:USDT,295.67,29.0,295.66,607.0,295.7,37.0,295.72,4.0
1753617256650,11:54:16.650,blofin,AAVE/USDT:USDT,295.66,4.0,295.65,25.0,295.68,7.0,295.7,3.0
1753617257575,11:54:17.575,blofin,AAVE/USDT:USDT,295.66,4.0,295.65,25.0,295.68,7.0,295.7,3.0
1753617258078,11:54:18.078,blofin,AAVE/USDT:USDT,295.66,201.0,295.65,1.0,295.68,11.0,295.7,339.0
1753617258648,11:54:18.648,blofin,AAVE/USDT:USDT,295.66,70.0,295.65,1.0,295.68,9.0,295.69,297.0
1753617259585,11:54:19.585,blofin,AAVE/USDT:USDT,295.66,72.0,295.64,171.0,295.68,9.0,295.69,297.0
1753617260079,11:54:20.079,blofin,AAVE/USDT:USDT,295.66,73.0,295.65,1744.0,295.69,6.0,295.71,580.0
1753617260649,11:54:20.649,blofin,AAVE/USDT:USDT,295.66,173.0,295.65,1995.0,295.69,6.0,295.7,140.0
1753617261081,11:54:21.081,blofin,AAVE/USDT:USDT,295.66,172.0,295.65,1995.0,295.69,6.0,295.7,140.0
1753617262082,11:54:22.082,blofin,AAVE/USDT:USDT,295.66,173.0,295.64,543.0,295.69,1357.0,295.72,4.0
1753617262654,11:54:22.654,blofin,AAVE/USDT:USDT,295.66,176.0,295.64,543.0,295.68,4.0,295.69,1355.0
1753617263083,11:54:23.083,blofin,AAVE/USDT:USDT,295.66,279.0,295.63,1550.0,295.68,4.0,295.69,4.0
1753617263655,11:54:23.655,blofin,AAVE/USDT:USDT,295.66,275.0,295.65,2040.0,295.68,4.0,295.69,4.0
1753617264585,11:54:24.585,blofin,AAVE/USDT:USDT,295.66,277.0,295.65,2040.0,295.68,4.0,295.69,4.0
1753617265086,11:54:25.086,blofin,AAVE/USDT:USDT,295.66,181.0,295.65,1752.0,295.68,4.0,295.69,4.0
1753617265657,11:54:25.657,blofin,AAVE/USDT:USDT,295.66,62.0,295.65,1122.0,295.68,4.0,295.69,12.0
1753617266088,11:54:26.088,blofin,AAVE/USDT:USDT,295.66,64.0,295.65,1122.0,295.68,4.0,295.69,12.0
1753617266659,11:54:26.659,blofin,AAVE/USDT:USDT,295.66,60.0,295.64,2085.0,295.68,37.0,295.7,51.0
1753617267090,11:54:27.090,blofin,AAVE/USDT:USDT,295.66,60.0,295.64,2085.0,295.68,36.0,295.7,51.0
1753617267773,11:54:27.773,blofin,AAVE/USDT:USDT,295.66,261.0,295.64,530.0,295.68,1.0,295.69,33.0
1753617268593,11:54:28.593,blofin,AAVE/USDT:USDT,295.66,261.0,295.65,1754.0,295.68,1.0,295.69,33.0
1753617269092,11:54:29.092,blofin,AAVE/USDT:USDT,295.67,263.0,295.64,613.0,295.68,1.0,295.69,20.0
1753617269661,11:54:29.661,blofin,AAVE/USDT:USDT,295.67,140.0,295.66,736.0,295.68,1.0,295.7,20.0
1753617270094,11:54:30.094,blofin,AAVE/USDT:USDT,295.67,140.0,295.66,736.0,295.68,1.0,295.7,20.0
1753617271098,11:54:31.098,blofin,AAVE/USDT:USDT,295.67,26.0,295.64,481.0,295.68,1.0,295.69,165.0
1753617271663,11:54:31.663,blofin,AAVE/USDT:USDT,295.67,27.0,295.64,2275.0,295.68,1.0,295.69,215.0
1753617272098,11:54:32.098,blofin,AAVE/USDT:USDT,295.67,26.0,295.64,2275.0,295.68,1.0,295.69,215.0
1753617272673,11:54:32.673,blofin,AAVE/USDT:USDT,295.67,29.0,295.64,2275.0,295.69,216.0,295.72,22.0
1753617273099,11:54:33.099,blofin,AAVE/USDT:USDT,295.67,29.0,295.66,713.0,295.7,50.0,295.72,4.0
1753617274101,11:54:34.101,blofin,AAVE/USDT:USDT,295.67,27.0,295.65,1891.0,295.69,218.0,295.7,1823.0
1753617274665,11:54:34.665,blofin,AAVE/USDT:USDT,295.67,32.0,295.64,1619.0,295.69,200.0,295.71,1598.0
1753617275101,11:54:35.101,blofin,AAVE/USDT:USDT,295.67,32.0,295.64,1619.0,295.69,200.0,295.71,1598.0
1753617275665,11:54:35.665,blofin,AAVE/USDT:USDT,295.67,27.0,295.65,776.0,295.69,111.0,295.7,1850.0
1753617276104,11:54:36.104,blofin,AAVE/USDT:USDT,295.67,27.0,295.65,776.0,295.69,111.0,295.7,1850.0
1753617276665,11:54:36.665,blofin,AAVE/USDT:USDT,295.67,52.0,295.65,1418.0,295.69,239.0,295.71,1081.0
1753617277104,11:54:37.104,blofin,AAVE/USDT:USDT,295.67,52.0,295.65,1418.0,295.69,238.0,295.71,1081.0
1753617277667,11:54:37.667,blofin,AAVE/USDT:USDT,295.67,54.0,295.65,1418.0,295.69,240.0,295.71,1081.0
1753617278609,11:54:38.609,blofin,AAVE/USDT:USDT,295.67,20.0,295.65,1512.0,295.69,237.0,295.7,927.0
1753617279107,11:54:39.107,blofin,AAVE/USDT:USDT,295.67,20.0,295.65,61.0,295.69,253.0,295.71,1538.0
1753617279667,11:54:39.667,blofin,AAVE/USDT:USDT,295.67,20.0,295.66,1297.0,295.69,1.0,295.7,34.0
1753617280114,11:54:40.114,blofin,AAVE/USDT:USDT,295.67,21.0,295.66,1297.0,295.69,1.0,295.7,34.0
1753617281109,11:54:41.109,blofin,AAVE/USDT:USDT,295.67,5.0,295.66,16.0,295.69,108.0,295.72,1024.0
1753617282113,11:54:42.113,blofin,AAVE/USDT:USDT,295.67,16.0,295.66,677.0,295.7,228.0,295.72,4.0
1753617282680,11:54:42.680,blofin,AAVE/USDT:USDT,295.67,21.0,295.66,677.0,295.7,233.0,295.74,558.0
1753617283614,11:54:43.614,blofin,AAVE/USDT:USDT,295.67,23.0,295.65,1211.0,295.69,230.0,295.7,528.0
1753617284115,11:54:44.115,blofin,AAVE/USDT:USDT,295.67,23.0,295.65,570.0,295.69,229.0,295.7,5.0
1753617284669,11:54:44.669,blofin,AAVE/USDT:USDT,295.67,22.0,295.66,550.0,295.69,4.0,295.7,230.0
1753617285116,11:54:45.116,blofin,AAVE/USDT:USDT,295.67,22.0,295.66,550.0,295.7,233.0,295.71,1790.0
1753617286116,11:54:46.116,blofin,AAVE/USDT:USDT,295.67,5.0,295.66,18.0,295.69,225.0,295.7,8.0
1753617287119,11:54:47.119,blofin,AAVE/USDT:USDT,295.67,5.0,295.66,18.0,295.69,224.0,295.7,5.0
1753617287672,11:54:47.672,blofin,AAVE/USDT:USDT,295.67,5.0,295.66,18.0,295.69,224.0,295.7,5.0
1753617288122,11:54:48.122,blofin,AAVE/USDT:USDT,295.63,109.0,295.62,158.0,295.65,221.0,295.67,1145.0
1753617288673,11:54:48.673,blofin,AAVE/USDT:USDT,295.63,134.0,295.62,158.0,295.65,43.0,295.68,1037.0
1753617289673,11:54:49.673,blofin,AAVE/USDT:USDT,295.63,312.0,295.62,158.0,295.65,42.0,295.67,995.0
1753617290265,11:54:50.265,blofin,AAVE/USDT:USDT,295.67,238.0,295.64,1033.0,295.7,5.0,295.71,1153.0
1753617290625,11:54:50.625,blofin,AAVE/USDT:USDT,295.67,238.0,295.64,1033.0,295.69,2.0,295.7,5.0
1753617291627,11:54:51.627,blofin,AAVE/USDT:USDT,295.67,122.0,295.64,1069.0,295.69,30.0,295.7,5.0
1753617292127,11:54:52.127,blofin,AAVE/USDT:USDT,295.67,123.0,295.64,1219.0,295.69,28.0,295.7,5.0
1753617292686,11:54:52.686,blofin,AAVE/USDT:USDT,295.67,36.0,295.64,676.0,295.69,89.0,295.7,5.0
1753617293628,11:54:53.628,blofin,AAVE/USDT:USDT,295.67,33.0,295.64,676.0,295.69,89.0,295.7,5.0
1753617294129,11:54:54.129,blofin,AAVE/USDT:USDT,295.67,40.0,295.65,935.0,295.69,28.0,295.7,5.0
1753617295133,11:54:55.133,blofin,AAVE/USDT:USDT,295.67,8.0,295.65,972.0,295.69,31.0,295.7,5.0
1753617295634,11:54:55.634,blofin,AAVE/USDT:USDT,295.67,8.0,295.65,972.0,295.69,31.0,295.7,5.0
1753617296133,11:54:56.133,blofin,AAVE/USDT:USDT,295.67,2.0,295.65,274.0,295.69,226.0,295.7,5.0
1753617297135,11:54:57.135,blofin,AAVE/USDT:USDT,295.67,2.0,295.66,268.0,295.7,230.0,295.74,1818.0
1753617297690,11:54:57.690,blofin,AAVE/USDT:USDT,295.67,2.0,295.66,268.0,295.7,232.0,295.74,1818.0
1753617298136,11:54:58.136,blofin,AAVE/USDT:USDT,295.67,2.0,295.66,166.0,295.7,210.0,295.71,808.0
1753617298637,11:54:58.637,blofin,AAVE/USDT:USDT,295.67,3.0,295.66,166.0,295.7,210.0,295.71,808.0
1753617299640,11:54:59.640,blofin,AAVE/USDT:USDT,295.67,3.0,295.66,701.0,295.7,71.0,295.74,1788.0
1753617300141,11:55:00.141,blofin,AAVE/USDT:USDT,295.67,3.0,295.65,31.0,295.69,224.0,295.7,5.0
1753617300641,11:55:00.641,blofin,AAVE/USDT:USDT,295.67,5.0,295.65,31.0,295.69,224.0,295.7,5.0
1753617301141,11:55:01.141,blofin,AAVE/USDT:USDT,295.67,5.0,295.64,14.0,295.69,225.0,295.7,5.0
1753617301642,11:55:01.642,blofin,AAVE/USDT:USDT,295.67,6.0,295.64,14.0,295.69,225.0,295.7,5.0
1753617302698,11:55:02.698,blofin,AAVE/USDT:USDT,295.67,3.0,295.65,684.0,295.69,229.0,295.7,323.0
1753617303144,11:55:03.144,blofin,AAVE/USDT:USDT,295.67,2.0,295.65,684.0,295.69,229.0,295.7,323.0
1753617303644,11:55:03.644,blofin,AAVE/USDT:USDT,295.63,143.0,295.62,158.0,295.66,36.0,295.67,703.0
1753617304698,11:55:04.698,blofin,AAVE/USDT:USDT,295.63,93.0,295.62,209.0,295.65,238.0,295.68,151.0
1753617305054,11:55:05.054,blofin,AAVE/USDT:USDT,295.58,55.0,295.57,274.0,295.59,200.0,295.64,299.0
1753617305647,11:55:05.647,blofin,AAVE/USDT:USDT,295.55,80.0,295.54,214.0,295.57,276.0,295.6,462.0
1753617306148,11:55:06.148,blofin,AAVE/USDT:USDT,295.55,80.0,295.54,273.0,295.56,109.0,295.58,1110.0
1753617307148,11:55:07.148,blofin,AAVE/USDT:USDT,295.55,80.0,295.54,256.0,295.56,78.0,295.57,1310.0
1753617307706,11:55:07.706,blofin,AAVE/USDT:USDT,295.54,136.0,295.53,1208.0,295.56,1.0,295.57,77.0
1753617308787,11:55:08.787,blofin,AAVE/USDT:USDT,295.54,6.1,295.51,919.0,295.56,78.0,295.58,44.0
1753617309151,11:55:09.151,blofin,AAVE/USDT:USDT,295.54,6.1,295.51,919.0,295.56,78.0,295.59,1096.0
1753617310152,11:55:10.152,blofin,AAVE/USDT:USDT,295.58,356.0,295.56,1189.0,295.61,30.0,295.63,109.0
1753617311153,11:55:11.153,blofin,AAVE/USDT:USDT,295.59,254.0,295.57,83.0,295.61,36.0,295.63,882.0
1753617311653,11:55:11.653,blofin,AAVE/USDT:USDT,295.59,254.0,295.57,83.0,295.61,32.0,295.63,882.0
1753617312709,11:55:12.709,blofin,AAVE/USDT:USDT,295.59,198.0,295.56,1354.0,295.61,130.0,295.63,633.0
1753617313658,11:55:13.658,blofin,AAVE/USDT:USDT,295.59,195.0,295.56,1354.0,295.61,101.0,295.63,524.0
1753617314158,11:55:14.158,blofin,AAVE/USDT:USDT,295.59,6.0,295.57,858.0,295.61,198.0,295.63,1448.0
1753617315160,11:55:15.160,blofin,AAVE/USDT:USDT,295.59,7.0,295.56,498.0,295.61,246.0,295.64,30.0
1753617315661,11:55:15.661,blofin,AAVE/USDT:USDT,295.59,7.0,295.56,498.0,295.61,243.0,295.64,30.0
1753617316735,11:55:16.735,blofin,AAVE/USDT:USDT,295.54,5.0,295.53,47.0,295.55,290.0,295.56,1223.0
1753617317162,11:55:17.162,blofin,AAVE/USDT:USDT,295.53,47.0,295.52,1.0,295.54,301.0,295.56,835.0
1753617317662,11:55:17.662,blofin,AAVE/USDT:USDT,295.53,47.0,295.52,1.0,295.54,306.0,295.56,835.0
1753617318665,11:55:18.665,blofin,AAVE/USDT:USDT,295.53,46.0,295.52,34.0,295.54,254.0,295.56,1001.0
1753617319250,11:55:19.250,blofin,AAVE/USDT:USDT,295.51,107.0,295.48,1363.0,295.52,317.0,295.54,5.0
1753617319734,11:55:19.734,blofin,AAVE/USDT:USDT,295.49,5.0,295.47,228.0,295.52,281.0,295.54,5.0
1753617320668,11:55:20.668,blofin,AAVE/USDT:USDT,295.41,256.0,295.39,24.0,295.42,322.0,295.44,1332.0
1753617321168,11:55:21.168,blofin,AAVE/USDT:USDT,295.39,93.0,295.38,216.0,295.41,216.0,295.43,907.0
1753617322169,11:55:22.169,blofin,AAVE/USDT:USDT,295.39,91.0,295.38,216.0,295.41,228.0,295.42,141.0
1753617322670,11:55:22.670,blofin,AAVE/USDT:USDT,295.39,89.0,295.38,216.0,295.41,228.0,295.42,141.0
1753617323672,11:55:23.672,blofin,AAVE/USDT:USDT,295.39,89.0,295.38,442.0,295.42,228.0,295.43,908.0
1753617324348,11:55:24.348,blofin,AAVE/USDT:USDT,295.42,134.0,295.4,501.0,295.44,33.0,295.46,844.0
1753617324981,11:55:24.981,blofin,AAVE/USDT:USDT,295.46,397.0,295.43,1529.0,295.48,91.0,295.49,69.0
1753617325676,11:55:25.676,blofin,AAVE/USDT:USDT,295.44,268.0,295.43,1.0,295.45,189.0,295.47,1198.0
1753617326146,11:55:26.146,blofin,AAVE/USDT:USDT,295.39,27.0,295.38,755.0,295.42,142.0,295.44,885.0
1753617327177,11:55:27.177,blofin,AAVE/USDT:USDT,295.39,119.0,295.38,1327.0,295.42,42.0,295.46,79.0
1753617327683,11:55:27.683,blofin,AAVE/USDT:USDT,295.39,119.0,295.38,1327.0,295.42,43.0,295.46,79.0
1753617328680,11:55:28.680,blofin,AAVE/USDT:USDT,295.39,89.0,295.38,215.0,295.41,62.0,295.42,5.0
1753617329182,11:55:29.182,blofin,AAVE/USDT:USDT,295.39,1.0,295.38,295.0,295.41,64.0,295.44,528.0
1753617329914,11:55:29.914,blofin,AAVE/USDT:USDT,295.39,1.0,295.38,215.0,295.4,38.0,295.41,3.0
1753617330682,11:55:30.682,blofin,AAVE/USDT:USDT,295.38,215.0,295.36,85.0,295.4,38.0,295.41,3.0
1753617331188,11:55:31.188,blofin,AAVE/USDT:USDT,295.38,215.0,295.37,49.0,295.39,192.0,295.41,826.0
1753617332183,11:55:32.183,blofin,AAVE/USDT:USDT,295.38,215.0,295.37,7.0,295.39,182.0,295.42,791.0
1753617332685,11:55:32.685,blofin,AAVE/USDT:USDT,295.38,215.0,295.37,7.0,295.39,186.0,295.42,791.0
1753617333184,11:55:33.184,blofin,AAVE/USDT:USDT,295.38,215.0,295.37,8.0,295.39,58.0,295.41,763.0
1753617334186,11:55:34.186,blofin,AAVE/USDT:USDT,295.38,215.0,295.37,8.0,295.39,196.0,295.4,507.0
1753617334745,11:55:34.745,blofin,AAVE/USDT:USDT,295.35,6.0,295.34,232.0,295.37,190.0,295.39,1218.0
1753617335188,11:55:35.188,blofin,AAVE/USDT:USDT,295.35,6.0,295.34,232.0,295.37,195.0,295.39,1216.0
1753617336189,11:55:36.189,blofin,AAVE/USDT:USDT,295.35,16.0,295.34,232.0,295.39,70.0,295.43,137.0
1753617336692,11:55:36.692,blofin,AAVE/USDT:USDT,295.35,16.0,295.34,232.0,295.39,70.0,295.43,137.0
1753617337694,11:55:37.694,blofin,AAVE/USDT:USDT,295.36,1.0,295.35,9.0,295.37,250.0,295.38,1003.0
1753617338194,11:55:38.194,blofin,AAVE/USDT:USDT,295.35,32.0,295.34,232.0,295.37,209.0,295.39,1661.0
1753617339195,11:55:39.195,blofin,AAVE/USDT:USDT,295.34,274.0,295.33,1338.0,295.37,231.0,295.4,1088.0
1753617340199,11:55:40.199,blofin,AAVE/USDT:USDT,295.34,274.0,295.3,154.0,295.37,57.0,295.4,438.0
1753617341203,11:55:41.203,blofin,AAVE/USDT:USDT,295.35,41.0,295.34,1234.0,295.37,5.0,295.38,235.0
1753617341724,11:55:41.724,blofin,AAVE/USDT:USDT,295.34,232.0,295.33,38.0,295.35,245.0,295.37,772.0
1753617342200,11:55:42.200,blofin,AAVE/USDT:USDT,295.34,232.0,295.33,38.0,295.35,249.0,295.37,767.0
1753617343200,11:55:43.200,blofin,AAVE/USDT:USDT,295.33,15.0,295.3,847.0,295.35,264.0,295.37,543.0
1753617343701,11:55:43.701,blofin,AAVE/USDT:USDT,295.33,15.0,295.3,847.0,295.35,264.0,295.37,543.0
1753617344202,11:55:44.202,blofin,AAVE/USDT:USDT,295.33,13.0,295.31,1727.0,295.35,284.0,295.37,118.0
1753617344702,11:55:44.702,blofin,AAVE/USDT:USDT,295.33,13.0,295.31,1727.0,295.35,283.0,295.37,118.0
1753617345703,11:55:45.703,blofin,AAVE/USDT:USDT,295.33,12.0,295.32,830.0,295.35,5.0,295.36,281.0
1753617346203,11:55:46.203,blofin,AAVE/USDT:USDT,295.33,5.0,295.32,46.0,295.35,70.0,295.36,5.0
1753617346705,11:55:46.705,blofin,AAVE/USDT:USDT,295.33,5.0,295.32,46.0,295.35,70.0,295.36,5.0
1753617347375,11:55:47.375,blofin,AAVE/USDT:USDT,295.35,214.0,295.33,5.0,295.36,5.0,295.37,44.0
1753617347707,11:55:47.707,blofin,AAVE/USDT:USDT,295.41,410.0,295.4,935.0,295.42,1.0,295.43,272.0
1753617348707,11:55:48.707,blofin,AAVE/USDT:USDT,295.41,414.0,295.39,483.0,295.42,1.0,295.43,198.0
1753617349207,11:55:49.207,blofin,AAVE/USDT:USDT,295.41,180.0,295.38,64.0,295.43,201.0,295.44,156.0
1753617350208,11:55:50.208,blofin,AAVE/USDT:USDT,295.41,1.0,295.4,180.0,295.43,200.0,295.44,178.0
1753617350710,11:55:50.710,blofin,AAVE/USDT:USDT,295.41,1.0,295.4,180.0,295.43,198.0,295.44,179.0
1753617351711,11:55:51.711,blofin,AAVE/USDT:USDT,295.41,1.0,295.4,7.0,295.43,268.0,295.44,153.0
1753617352212,11:55:52.212,blofin,AAVE/USDT:USDT,295.41,90.0,295.38,1607.0,295.43,259.0,295.44,153.0
1753617352926,11:55:52.926,blofin,AAVE/USDT:USDT,295.39,57.0,295.36,1808.0,295.41,144.0,295.43,536.0
1753617353714,11:55:53.714,blofin,AAVE/USDT:USDT,295.39,60.0,295.36,1808.0,295.41,146.0,295.43,533.0
1753617354216,11:55:54.216,blofin,AAVE/USDT:USDT,295.39,3.0,295.38,39.0,295.42,29.0,295.43,198.0
1753617354715,11:55:54.715,blofin,AAVE/USDT:USDT,295.38,43.0,295.37,1527.0,295.42,29.0,295.43,198.0
1753617355717,11:55:55.717,blofin,AAVE/USDT:USDT,295.38,43.0,295.34,582.0,295.42,30.0,295.43,198.0
1753617356217,11:55:56.217,blofin,AAVE/USDT:USDT,295.39,2.0,295.38,39.0,295.41,86.0,295.42,5.0
1753617357219,11:55:57.219,blofin,AAVE/USDT:USDT,295.33,4.0,295.32,713.0,295.37,244.0,295.38,972.0
1753617357720,11:55:57.720,blofin,AAVE/USDT:USDT,295.33,4.0,295.32,713.0,295.37,244.0,295.38,972.0
1753617358222,11:55:58.222,blofin,AAVE/USDT:USDT,295.35,2.0,295.33,557.0,295.37,231.0,295.39,769.0
1753617359224,11:55:59.224,blofin,AAVE/USDT:USDT,295.35,2.0,295.33,361.0,295.37,236.0,295.38,146.0
1753617359725,11:55:59.725,blofin,AAVE/USDT:USDT,295.35,2.0,295.33,361.0,295.37,236.0,295.38,146.0
1753617360227,11:56:00.227,blofin,AAVE/USDT:USDT,295.35,5.0,295.33,2154.0,295.37,210.0,295.39,1622.0
1753617361227,11:56:01.227,blofin,AAVE/USDT:USDT,295.35,4.0,295.33,1993.0,295.37,276.0,295.38,1049.0
1753617361730,11:56:01.730,blofin,AAVE/USDT:USDT,295.38,267.0,295.36,171.0,295.4,26.0,295.41,1189.0
1753617362308,11:56:02.308,blofin,AAVE/USDT:USDT,295.39,393.0,295.36,1191.0,295.4,3.0,295.41,1.0
1753617363231,11:56:03.231,blofin,AAVE/USDT:USDT,295.38,341.0,295.37,1624.0,295.41,3.0,295.43,198.0
1753617363733,11:56:03.733,blofin,AAVE/USDT:USDT,295.41,355.0,295.39,839.0,295.43,210.0,295.44,153.0
1753617364233,11:56:04.233,blofin,AAVE/USDT:USDT,295.41,377.0,295.38,1923.0,295.43,200.0,295.44,153.0
1753617365234,11:56:05.234,blofin,AAVE/USDT:USDT,295.41,309.0,295.39,1753.0,295.43,201.0,295.44,1137.0
1753617365736,11:56:05.736,blofin,AAVE/USDT:USDT,295.41,309.0,295.39,1753.0,295.43,201.0,295.44,1137.0
1753617366237,11:56:06.237,blofin,AAVE/USDT:USDT,295.41,47.0,295.39,1139.0,295.43,233.0,295.44,208.0
1753617367236,11:56:07.236,blofin,AAVE/USDT:USDT,295.41,60.0,295.38,1637.0,295.43,204.0,295.44,153.0
1753617367742,11:56:07.742,blofin,AAVE/USDT:USDT,295.41,61.0,295.38,1637.0,295.43,203.0,295.44,153.0
1753617368238,11:56:08.238,blofin,AAVE/USDT:USDT,295.41,35.0,295.39,1431.0,295.43,240.0,295.44,153.0
1753617368738,11:56:08.738,blofin,AAVE/USDT:USDT,295.41,34.0,295.39,1431.0,295.43,240.0,295.44,153.0
1753617369740,11:56:09.740,blofin,AAVE/USDT:USDT,295.41,34.0,295.39,1831.0,295.43,240.0,295.44,153.0
1753617370239,11:56:10.239,blofin,AAVE/USDT:USDT,295.41,185.0,295.39,1091.0,295.43,203.0,295.44,153.0
1753617371242,11:56:11.242,blofin,AAVE/USDT:USDT,295.41,198.0,295.38,2244.0,295.43,203.0,295.44,153.0
1753617371742,11:56:11.742,blofin,AAVE/USDT:USDT,295.41,198.0,295.38,2244.0,295.43,203.0,295.44,153.0
1753617372241,11:56:12.241,blofin,AAVE/USDT:USDT,295.41,196.0,295.4,1852.0,295.43,200.0,295.44,156.0
1753617372746,11:56:12.746,blofin,AAVE/USDT:USDT,295.41,4.0,295.39,54.0,295.42,4.0,295.43,200.0
1753617373252,11:56:13.252,blofin,AAVE/USDT:USDT,295.4,39.0,295.39,4.0,295.42,187.0,295.43,636.0
1753617373885,11:56:13.885,blofin,AAVE/USDT:USDT,295.4,5.0,295.39,12.0,295.42,82.0,295.43,667.0
1753617374744,11:56:14.744,blofin,AAVE/USDT:USDT,295.4,298.0,295.39,1.0,295.42,16.0,295.44,335.0
1753617375253,11:56:15.253,blofin,AAVE/USDT:USDT,295.4,299.0,295.39,1.0,295.42,16.0,295.44,335.0
1753617375744,11:56:15.744,blofin,AAVE/USDT:USDT,295.4,331.0,295.39,1.0,295.42,10.0,295.45,198.0
1753617376615,11:56:16.615,blofin,AAVE/USDT:USDT,295.43,348.0,295.41,2044.0,295.45,1.0,295.46,153.0
1753617377259,11:56:17.259,blofin,AAVE/USDT:USDT,295.43,324.0,295.42,2092.0,295.46,155.0,295.48,766.0
1753617377745,11:56:17.745,blofin,AAVE/USDT:USDT,295.43,326.0,295.42,2092.0,295.46,158.0,295.48,766.0
1753617378257,11:56:18.257,blofin,AAVE/USDT:USDT,295.43,175.0,295.39,1723.0,295.45,7.0,295.46,1316.0
1753617378746,11:56:18.746,blofin,AAVE/USDT:USDT,295.43,98.0,295.41,1208.0,295.45,13.0,295.46,705.0
1753617380260,11:56:20.260,blofin,AAVE/USDT:USDT,295.43,174.0,295.4,1701.0,295.45,63.0,295.46,153.0
1753617380956,11:56:20.956,blofin,AAVE/USDT:USDT,295.4,111.0,295.39,1.0,295.42,160.0,295.44,649.0
1753617381261,11:56:21.261,blofin,AAVE/USDT:USDT,295.4,111.0,295.39,1.0,295.42,165.0,295.44,649.0
1753617381750,11:56:21.750,blofin,AAVE/USDT:USDT,295.4,27.0,295.39,1.0,295.42,390.0,295.45,464.0
1753617382748,11:56:22.748,blofin,AAVE/USDT:USDT,295.39,32.0,295.37,617.0,295.41,85.0,295.42,217.0
1753617383264,11:56:23.264,blofin,AAVE/USDT:USDT,295.4,156.0,295.39,5.0,295.42,12.0,295.44,1086.0
1753617383748,11:56:23.748,blofin,AAVE/USDT:USDT,295.4,58.0,295.39,5.0,295.42,11.0,295.43,207.0
1753617384266,11:56:24.266,blofin,AAVE/USDT:USDT,295.4,63.0,295.39,1.0,295.42,7.0,295.43,207.0
1753617384749,11:56:24.749,blofin,AAVE/USDT:USDT,295.4,72.0,295.39,497.0,295.42,194.0,295.43,165.0
1753617385750,11:56:25.750,blofin,AAVE/USDT:USDT,295.4,5.0,295.39,25.0,295.42,76.0,295.43,764.0
1753617386269,11:56:26.269,blofin,AAVE/USDT:USDT,295.4,5.0,295.39,25.0,295.42,79.0,295.43,764.0
1753617386751,11:56:26.751,blofin,AAVE/USDT:USDT,295.4,29.0,295.39,1.0,295.42,69.0,295.44,209.0
1753617387270,11:56:27.270,blofin,AAVE/USDT:USDT,295.4,26.0,295.39,1.0,295.42,69.0,295.44,209.0
1753617388272,11:56:28.272,blofin,AAVE/USDT:USDT,295.4,62.0,295.39,1.0,295.42,213.0,295.43,1267.0
1753617388754,11:56:28.754,blofin,AAVE/USDT:USDT,295.4,28.0,295.39,1.0,295.42,98.0,295.44,887.0
1753617389274,11:56:29.274,blofin,AAVE/USDT:USDT,295.4,26.0,295.39,1.0,295.42,98.0,295.44,887.0
1753617389754,11:56:29.754,blofin,AAVE/USDT:USDT,295.4,28.0,295.39,1.0,295.42,233.0,295.44,363.0
1753617390453,11:56:30.453,blofin,AAVE/USDT:USDT,295.39,27.0,295.37,53.0,295.4,345.0,295.41,725.0
1753617391276,11:56:31.276,blofin,AAVE/USDT:USDT,295.33,73.0,295.32,71.0,295.35,165.0,295.37,1407.0
1753617391756,11:56:31.756,blofin,AAVE/USDT:USDT,295.33,73.0,295.32,103.0,295.35,5.0,295.36,294.0
1753617392760,11:56:32.760,blofin,AAVE/USDT:USDT,295.33,73.0,295.32,35.0,295.36,298.0,295.39,1545.0
1753617393342,11:56:33.342,blofin,AAVE/USDT:USDT,295.33,105.0,295.32,3.0,295.35,296.0,295.38,1014.0
1753617393825,11:56:33.825,blofin,AAVE/USDT:USDT,295.26,25.0,295.25,52.0,295.29,241.0,295.34,970.0
1753617394757,11:56:34.757,blofin,AAVE/USDT:USDT,295.26,3.0,295.25,52.0,295.29,258.0,295.34,768.0
1753617396026,11:56:36.026,blofin,AAVE/USDT:USDT,295.26,147.0,295.25,52.0,295.29,160.0,295.31,108.0
1753617396784,11:56:36.784,blofin,AAVE/USDT:USDT,295.27,4.0,295.26,146.0,295.29,105.0,295.34,521.0
1753617397355,11:56:37.355,blofin,AAVE/USDT:USDT,295.29,146.0,295.28,634.0,295.32,104.0,295.36,306.0
1753617398287,11:56:38.287,blofin,AAVE/USDT:USDT,295.3,50.0,295.29,289.0,295.33,105.0,295.35,46.0
1753617399055,11:56:39.055,blofin,AAVE/USDT:USDT,295.27,266.0,295.25,80.0,295.29,32.0,295.31,596.0
1753617399761,11:56:39.761,blofin,AAVE/USDT:USDT,295.28,5.0,295.27,33.0,295.3,61.0,295.33,5.0
1753617400454,11:56:40.454,blofin,AAVE/USDT:USDT,295.25,177.0,295.23,143.0,295.27,97.0,295.28,259.0
1753617401290,11:56:41.290,blofin,AAVE/USDT:USDT,295.26,228.0,295.25,27.0,295.28,13.0,295.31,245.0
1753617401763,11:56:41.763,blofin,AAVE/USDT:USDT,295.26,49.0,295.25,27.0,295.28,13.0,295.3,1246.0
1753617403293,11:56:43.293,blofin,AAVE/USDT:USDT,295.26,76.0,295.24,745.0,295.28,5.0,295.29,637.0
1753617403763,11:56:43.763,blofin,AAVE/USDT:USDT,295.26,155.0,295.24,838.0,295.28,5.0,295.3,784.0
1753617404295,11:56:44.295,blofin,AAVE/USDT:USDT,295.26,155.0,295.24,838.0,295.28,4.0,295.3,784.0
1753617404763,11:56:44.763,blofin,AAVE/USDT:USDT,295.26,26.0,295.23,654.0,295.28,64.0,295.3,331.0
1753617405765,11:56:45.765,blofin,AAVE/USDT:USDT,295.26,7.0,295.25,11.0,295.28,63.0,295.32,1729.0
1753617406297,11:56:46.297,blofin,AAVE/USDT:USDT,295.28,156.0,295.26,2219.0,295.3,23.0,295.32,705.0
1753617407299,11:56:47.299,blofin,AAVE/USDT:USDT,295.26,14.0,295.24,306.0,295.29,44.0,295.32,1368.0
1753617407823,11:56:47.823,blofin,AAVE/USDT:USDT,295.27,27.0,295.26,2.0,295.29,2.0,295.3,35.0
1753617408301,11:56:48.301,blofin,AAVE/USDT:USDT,295.28,26.0,295.27,2158.0,295.29,2.0,295.31,35.0
1753617409299,11:56:49.299,blofin,AAVE/USDT:USDT,295.28,18.0,295.26,609.0,295.29,2.0,295.3,193.0
1753617409767,11:56:49.767,blofin,AAVE/USDT:USDT,295.28,4.0,295.27,14.0,295.29,2.0,295.31,45.0
1753617410766,11:56:50.766,blofin,AAVE/USDT:USDT,295.28,4.0,295.27,14.0,295.3,156.0,295.31,4.0
1753617411769,11:56:51.769,blofin,AAVE/USDT:USDT,295.28,14.0,295.27,1.0,295.3,56.0,295.33,397.0
1753617412305,11:56:52.305,blofin,AAVE/USDT:USDT,295.28,17.0,295.26,2.0,295.3,56.0,295.33,397.0
1753617412769,11:56:52.769,blofin,AAVE/USDT:USDT,295.28,15.0,295.26,2.0,295.3,55.0,295.33,397.0
1753617414310,11:56:54.310,blofin,AAVE/USDT:USDT,295.28,6.0,295.26,864.0,295.3,241.0,295.32,1844.0
1753617414772,11:56:54.772,blofin,AAVE/USDT:USDT,295.28,6.0,295.26,459.0,295.3,241.0,295.32,584.0
1753617415770,11:56:55.770,blofin,AAVE/USDT:USDT,295.28,6.0,295.26,106.0,295.3,234.0,295.32,527.0
1753617416770,11:56:56.770,blofin,AAVE/USDT:USDT,295.28,6.0,295.26,2.0,295.3,242.0,295.32,1901.0
1753617417773,11:56:57.773,blofin,AAVE/USDT:USDT,295.26,2.0,295.25,5.0,295.27,239.0,295.29,2020.0
1753617418314,11:56:58.314,blofin,AAVE/USDT:USDT,295.26,2.0,295.25,12.0,295.27,15.0,295.28,1471.0
1753617418773,11:56:58.773,blofin,AAVE/USDT:USDT,295.26,2.0,295.25,5.0,295.27,4.0,295.28,29.0
1753617419316,11:56:59.316,blofin,AAVE/USDT:USDT,295.26,2.0,295.25,5.0,295.28,31.0,295.29,595.0
1753617419776,11:56:59.776,blofin,AAVE/USDT:USDT,295.26,2.0,295.25,72.0,295.28,33.0,295.32,17.0
1753617420776,11:57:00.776,blofin,AAVE/USDT:USDT,295.26,2.0,295.25,17.0,295.27,112.0,295.28,2.0
1753617421318,11:57:01.318,blofin,AAVE/USDT:USDT,295.26,2.0,295.25,15.0,295.27,114.0,295.29,421.0
1753617422356,11:57:02.356,blofin,AAVE/USDT:USDT,295.27,240.0,295.26,2.0,295.29,11.0,295.31,370.0
1753617422779,11:57:02.779,blofin,AAVE/USDT:USDT,295.27,241.0,295.26,2.0,295.29,8.0,295.31,370.0
1753617424324,11:57:04.324,blofin,AAVE/USDT:USDT,295.29,311.0,295.28,1309.0,295.32,1.0,295.34,773.0
1753617425075,11:57:05.075,blofin,AAVE/USDT:USDT,295.3,337.0,295.29,5.0,295.31,5.0,295.32,1.0
1753617425326,11:57:05.326,blofin,AAVE/USDT:USDT,295.3,342.0,295.28,1586.0,295.31,5.0,295.32,1.0
1753617426326,11:57:06.326,blofin,AAVE/USDT:USDT,295.31,337.0,295.3,3.0,295.33,12.0,295.35,311.0
1753617426780,11:57:06.780,blofin,AAVE/USDT:USDT,295.31,400.0,295.3,3.0,295.33,2.0,295.34,1222.0
1753617427296,11:57:07.296,blofin,AAVE/USDT:USDT,295.32,424.0,295.31,3.0,295.33,1.0,295.34,1.0
1753617428327,11:57:08.327,blofin,AAVE/USDT:USDT,295.34,7.0,295.31,122.0,295.36,304.0,295.38,238.0
1753617428781,11:57:08.781,blofin,AAVE/USDT:USDT,295.34,72.0,295.31,1183.0,295.36,304.0,295.38,484.0
1753617429328,11:57:09.328,blofin,AAVE/USDT:USDT,295.34,5.0,295.32,30.0,295.35,80.0,295.36,245.0
1753617430329,11:57:10.329,blofin,AAVE/USDT:USDT,295.34,5.0,295.33,30.0,295.35,12.0,295.36,245.0
1753617430784,11:57:10.784,blofin,AAVE/USDT:USDT,295.34,5.0,295.33,37.0,295.35,12.0,295.36,245.0
1753617431330,11:57:11.330,blofin,AAVE/USDT:USDT,295.34,5.0,295.33,37.0,295.35,9.0,295.36,245.0
1753617432332,11:57:12.332,blofin,AAVE/USDT:USDT,295.33,204.0,295.3,1548.0,295.35,6.0,295.36,245.0
1753617432799,11:57:12.799,blofin,AAVE/USDT:USDT,295.33,206.0,295.3,1548.0,295.35,8.0,295.37,1028.0
1753617433333,11:57:13.333,blofin,AAVE/USDT:USDT,295.33,2.0,295.32,39.0,295.35,43.0,295.37,256.0
1753617434334,11:57:14.334,blofin,AAVE/USDT:USDT,295.33,39.0,295.32,3.0,295.35,37.0,295.37,75.0
1753617434837,11:57:14.837,blofin,AAVE/USDT:USDT,295.33,39.0,295.32,3.0,295.35,40.0,295.36,180.0
1753617435338,11:57:15.338,blofin,AAVE/USDT:USDT,295.33,39.0,295.32,3.0,295.35,40.0,295.36,180.0
1753617436354,11:57:16.354,blofin,AAVE/USDT:USDT,295.25,198.0,295.24,700.0,295.29,347.0,295.32,3.0
1753617436839,11:57:16.839,blofin,AAVE/USDT:USDT,295.25,216.0,295.23,1154.0,295.27,28.0,295.29,386.0
1753617437788,11:57:17.788,blofin,AAVE/USDT:USDT,295.25,213.0,295.23,1154.0,295.27,29.0,295.29,386.0
1753617438340,11:57:18.340,blofin,AAVE/USDT:USDT,295.25,214.0,295.23,498.0,295.27,84.0,295.29,1403.0
1753617439030,11:57:19.030,blofin,AAVE/USDT:USDT,295.26,203.0,295.25,201.0,295.27,4.0,295.28,29.0
1753617439792,11:57:19.792,blofin,AAVE/USDT:USDT,295.26,128.0,295.25,198.0,295.27,4.0,295.3,6.0
1753617440344,11:57:20.344,blofin,AAVE/USDT:USDT,295.26,129.0,295.25,198.0,295.3,7.0,295.31,80.0
1753617441344,11:57:21.344,blofin,AAVE/USDT:USDT,295.27,188.0,295.26,504.0,295.3,3.0,295.31,1001.0
1753617441996,11:57:21.996,blofin,AAVE/USDT:USDT,295.33,240.0,295.31,2847.0,295.35,3.0,295.36,691.0
1753617442795,11:57:22.795,blofin,AAVE/USDT:USDT,295.33,241.0,295.31,2847.0,295.35,8.0,295.36,691.0
1753617443345,11:57:23.345,blofin,AAVE/USDT:USDT,295.33,231.0,295.31,68.0,295.35,11.0,295.37,568.0
1753617444347,11:57:24.347,blofin,AAVE/USDT:USDT,295.33,265.0,295.31,365.0,295.35,7.0,295.37,609.0
1753617444851,11:57:24.851,blofin,AAVE/USDT:USDT,295.33,38.0,295.32,1012.0,295.35,3.0,295.36,25.0
1753617445849,11:57:25.849,blofin,AAVE/USDT:USDT,295.3,33.0,295.29,49.0,295.32,227.0,295.34,961.0
1753617446350,11:57:26.350,blofin,AAVE/USDT:USDT,295.3,33.0,295.29,49.0,295.32,225.0,295.34,961.0
1753617446850,11:57:26.850,blofin,AAVE/USDT:USDT,295.3,1.0,295.29,49.0,295.32,363.0,295.35,1087.0
1753617447800,11:57:27.800,blofin,AAVE/USDT:USDT,295.3,5.0,295.27,1161.0,295.32,365.0,295.35,1087.0
1753617448355,11:57:28.355,blofin,AAVE/USDT:USDT,295.3,4.0,295.29,982.0,295.32,4.0,295.33,217.0
1753617448854,11:57:28.854,blofin,AAVE/USDT:USDT,295.3,6.0,295.28,1405.0,295.32,365.0,295.34,301.0
1753617449855,11:57:29.855,blofin,AAVE/USDT:USDT,295.3,5.0,295.29,3.0,295.32,365.0,295.33,930.0
1753617450797,11:57:30.797,blofin,AAVE/USDT:USDT,295.3,8.0,295.27,1432.0,295.32,353.0,295.35,636.0
1753617451356,11:57:31.356,blofin,AAVE/USDT:USDT,295.3,8.0,295.27,1432.0,295.32,352.0,295.35,636.0
1753617451858,11:57:31.858,blofin,AAVE/USDT:USDT,295.3,5.0,295.28,16.0,295.32,376.0,295.34,744.0
1753617453358,11:57:33.358,blofin,AAVE/USDT:USDT,295.3,4.0,295.27,442.0,295.32,348.0,295.34,1057.0
1753617453860,11:57:33.860,blofin,AAVE/USDT:USDT,295.3,6.0,295.27,742.0,295.32,360.0,295.34,469.0
1753617454359,11:57:34.359,blofin,AAVE/USDT:USDT,295.3,8.0,295.27,742.0,295.32,360.0,295.34,469.0
1753617454859,11:57:34.859,blofin,AAVE/USDT:USDT,295.3,8.0,295.28,1708.0,295.32,350.0,295.34,609.0
1753617455361,11:57:35.361,blofin,AAVE/USDT:USDT,295.3,8.0,295.28,1708.0,295.32,352.0,295.34,609.0
1753617456361,11:57:36.361,blofin,AAVE/USDT:USDT,295.3,5.0,295.28,204.0,295.32,362.0,295.33,879.0
1753617456860,11:57:36.860,blofin,AAVE/USDT:USDT,295.26,149.0,295.25,198.0,295.3,287.0,295.32,907.0
1753617457361,11:57:37.361,blofin,AAVE/USDT:USDT,295.26,1380.0,295.25,198.0,295.3,311.0,295.33,388.0
1753617458108,11:57:38.108,blofin,AAVE/USDT:USDT,295.26,4.0,295.25,199.0,295.29,353.0,295.3,5.0
1753617458863,11:57:38.863,blofin,AAVE/USDT:USDT,295.24,2.0,295.23,2.0,295.25,342.0,295.27,1151.0
1753617459364,11:57:39.364,blofin,AAVE/USDT:USDT,295.23,2.0,295.22,3.0,295.25,342.0,295.27,1151.0
1753617459865,11:57:39.865,blofin,AAVE/USDT:USDT,295.23,2.0,295.22,3.0,295.25,410.0,295.28,930.0
1753617460806,11:57:40.806,blofin,AAVE/USDT:USDT,295.23,7.0,295.22,3.0,295.25,163.0,295.27,455.0
1753617461370,11:57:41.370,blofin,AAVE/USDT:USDT,295.21,36.0,295.19,305.0,295.22,230.0,295.23,855.0
1753617462095,11:57:42.095,blofin,AAVE/USDT:USDT,295.21,234.0,295.2,2.0,295.22,1.0,295.23,40.0
1753617462370,11:57:42.370,blofin,AAVE/USDT:USDT,295.23,366.0,295.21,2288.0,295.24,40.0,295.26,470.0
1753617463369,11:57:43.369,blofin,AAVE/USDT:USDT,295.23,4.0,295.22,320.0,295.25,67.0,295.26,430.0
1753617463870,11:57:43.870,blofin,AAVE/USDT:USDT,295.23,335.0,295.22,3.0,295.25,88.0,295.27,697.0
1753617464371,11:57:44.371,blofin,AAVE/USDT:USDT,295.23,335.0,295.22,3.0,295.25,88.0,295.27,697.0
1753617464873,11:57:44.873,blofin,AAVE/USDT:USDT,295.23,4.0,295.22,192.0,295.25,8.0,295.26,70.0
1753617465811,11:57:45.811,blofin,AAVE/USDT:USDT,295.25,198.0,295.23,4.0,295.29,1.0,295.32,19.0
1753617466375,11:57:46.375,blofin,AAVE/USDT:USDT,295.25,201.0,295.23,4.0,295.29,1.0,295.32,19.0
1753617466878,11:57:46.878,blofin,AAVE/USDT:USDT,295.26,203.0,295.23,724.0,295.28,1.0,295.3,511.0
1753617467377,11:57:47.377,blofin,AAVE/USDT:USDT,295.26,203.0,295.23,724.0,295.28,1.0,295.3,511.0
1753617467876,11:57:47.876,blofin,AAVE/USDT:USDT,295.26,202.0,295.23,1787.0,295.28,70.0,295.31,773.0
1753617468879,11:57:48.879,blofin,AAVE/USDT:USDT,295.26,13.0,295.24,2096.0,295.28,78.0,295.29,1026.0
1753617469881,11:57:49.881,blofin,AAVE/USDT:USDT,295.26,9.0,295.25,1397.0,295.28,44.0,295.29,957.0
1753617470381,11:57:50.381,blofin,AAVE/USDT:USDT,295.26,9.0,295.25,1397.0,295.28,46.0,295.29,957.0
1753617471382,11:57:51.382,blofin,AAVE/USDT:USDT,295.25,19.0,295.23,809.0,295.27,53.0,295.28,346.0
1753617471814,11:57:51.814,blofin,AAVE/USDT:USDT,295.25,211.0,295.23,4.0,295.27,1.0,295.28,4.0
1753617472386,11:57:52.386,blofin,AAVE/USDT:USDT,295.25,210.0,295.23,4.0,295.27,1.0,295.28,4.0
1753617472886,11:57:52.886,blofin,AAVE/USDT:USDT,295.25,64.0,295.24,2027.0,295.27,6.0,295.28,141.0
1753617473815,11:57:53.815,blofin,AAVE/USDT:USDT,295.25,62.0,295.24,337.0,295.27,2.0,295.28,4.0
1753617474387,11:57:54.387,blofin,AAVE/USDT:USDT,295.28,213.0,295.26,1223.0,295.3,4.0,295.31,491.0
1753617475148,11:57:55.148,blofin,AAVE/USDT:USDT,295.25,7.0,295.24,724.0,295.28,201.0,295.31,279.0
1753617475614,11:57:55.614,blofin,AAVE/USDT:USDT,295.24,77.0,295.23,41.0,295.26,9.0,295.27,1044.0
1753617476393,11:57:56.393,blofin,AAVE/USDT:USDT,295.24,87.0,295.23,4.0,295.26,42.0,295.27,185.0
1753617476911,11:57:56.911,blofin,AAVE/USDT:USDT,295.24,93.0,295.23,1432.0,295.26,43.0,295.27,1112.0
1753617477394,11:57:57.394,blofin,AAVE/USDT:USDT,295.24,16.0,295.23,1432.0,295.26,43.0,295.27,1112.0
1753617477988,11:57:57.988,blofin,AAVE/USDT:USDT,295.28,208.0,295.26,694.0,295.3,6.0,295.31,607.0
1753617478897,11:57:58.897,blofin,AAVE/USDT:USDT,295.27,31.0,295.26,78.0,295.3,2.0,295.31,107.0
1753617479403,11:57:59.403,blofin,AAVE/USDT:USDT,295.27,31.0,295.26,78.0,295.3,2.0,295.31,107.0
1753617480056,11:58:00.056,blofin,AAVE/USDT:USDT,295.27,24.0,295.24,1426.0,295.3,88.0,295.32,19.0
1753617480901,11:58:00.901,blofin,AAVE/USDT:USDT,295.25,2.0,295.24,67.0,295.27,102.0,295.28,704.0
1753617481402,11:58:01.402,blofin,AAVE/USDT:USDT,295.25,2.0,295.24,67.0,295.27,102.0,295.28,704.0
1753617481902,11:58:01.902,blofin,AAVE/USDT:USDT,295.25,206.0,295.23,87.0,295.27,103.0,295.3,915.0
1753617482905,11:58:02.905,blofin,AAVE/USDT:USDT,295.34,35.0,295.33,5.0,295.36,269.0,295.38,151.0
1753617483908,11:58:03.908,blofin,AAVE/USDT:USDT,295.34,28.0,295.33,605.0,295.36,248.0,295.37,38.0
1753617485384,11:58:05.384,blofin,AAVE/USDT:USDT,295.34,4.0,295.33,61.0,295.35,7.0,295.36,248.0
1753617485909,11:58:05.909,blofin,AAVE/USDT:USDT,295.34,97.0,295.33,5.0,295.36,248.0,295.37,1.0
1753617486409,11:58:06.409,blofin,AAVE/USDT:USDT,295.34,97.0,295.33,5.0,295.36,248.0,295.37,1.0
1753617486825,11:58:06.825,blofin,AAVE/USDT:USDT,295.35,87.0,295.34,2460.0,295.36,248.0,295.37,1.0
1753617486910,11:58:06.910,blofin,AAVE/USDT:USDT,295.35,87.0,295.34,2460.0,295.36,245.0,295.37,1.0
1753617487912,11:58:07.912,blofin,AAVE/USDT:USDT,295.35,186.0,295.31,873.0,295.36,245.0,295.37,6.0
1753617488413,11:58:08.413,blofin,AAVE/USDT:USDT,295.35,186.0,295.31,873.0,295.36,245.0,295.37,6.0
1753617488913,11:58:08.913,blofin,AAVE/USDT:USDT,295.35,186.0,295.33,307.0,295.36,245.0,295.37,64.0
1753617489751,11:58:09.751,blofin,AAVE/USDT:USDT,295.38,190.0,295.37,452.0,295.39,58.0,295.41,57.0
1753617490416,11:58:10.416,blofin,AAVE/USDT:USDT,295.38,148.0,295.36,2577.0,295.39,58.0,295.4,1.0
1753617490917,11:58:10.917,blofin,AAVE/USDT:USDT,295.37,278.0,295.35,5.0,295.39,58.0,295.4,3.0
1753617491829,11:58:11.829,blofin,AAVE/USDT:USDT,295.38,187.0,295.36,879.0,295.39,58.0,295.4,4.0
1753617492421,11:58:12.421,blofin,AAVE/USDT:USDT,295.41,32.0,295.39,412.0,295.43,4.0,295.44,133.0
1753617492921,11:58:12.921,blofin,AAVE/USDT:USDT,295.41,15.0,295.38,1097.0,295.43,58.0,295.46,211.0
1753617493922,11:58:13.922,blofin,AAVE/USDT:USDT,295.41,8.0,295.39,1433.0,295.43,71.0,295.44,672.0
1753617494924,11:58:14.924,blofin,AAVE/USDT:USDT,295.38,2.0,295.36,116.0,295.4,273.0,295.43,517.0
1753617495832,11:58:15.832,blofin,AAVE/USDT:USDT,295.38,1.0,295.36,116.0,295.4,436.0,295.43,450.0
1753617496430,11:58:16.430,blofin,AAVE/USDT:USDT,295.38,4.0,295.36,116.0,295.4,435.0,295.43,450.0
1753617496930,11:58:16.930,blofin,AAVE/USDT:USDT,295.38,36.0,295.36,1119.0,295.4,69.0,295.42,118.0
1753617497931,11:58:17.931,blofin,AAVE/USDT:USDT,295.37,13.0,295.36,116.0,295.4,5.0,295.41,49.0
1753617498433,11:58:18.433,blofin,AAVE/USDT:USDT,295.37,13.0,295.36,116.0,295.4,5.0,295.41,49.0
1753617499433,11:58:19.433,blofin,AAVE/USDT:USDT,295.38,34.0,295.37,5.0,295.4,340.0,295.43,1019.0
1753617499934,11:58:19.934,blofin,AAVE/USDT:USDT,295.38,34.0,295.37,5.0,295.4,362.0,295.42,902.0
1753617500399,11:58:20.399,blofin,AAVE/USDT:USDT,295.37,30.0,295.36,116.0,295.39,365.0,295.4,5.0
1753617500924,11:58:20.924,blofin,AAVE/USDT:USDT,295.36,116.0,295.33,388.0,295.37,342.0,295.39,1526.0
1753617501936,11:58:21.936,blofin,AAVE/USDT:USDT,295.36,116.0,295.35,31.0,295.37,430.0,295.39,833.0
1753617502437,11:58:22.437,blofin,AAVE/USDT:USDT,295.36,116.0,295.35,31.0,295.37,435.0,295.39,833.0
1753617503397,11:58:23.397,blofin,AAVE/USDT:USDT,295.33,32.0,295.32,67.0,295.35,369.0,295.37,2.0
1753617503939,11:58:23.939,blofin,AAVE/USDT:USDT,295.32,67.0,295.31,333.0,295.33,192.0,295.35,280.0
1753617504841,11:58:24.841,blofin,AAVE/USDT:USDT,295.32,67.0,295.31,335.0,295.33,387.0,295.34,947.0
1753617505439,11:58:25.439,blofin,AAVE/USDT:USDT,295.31,335.0,295.29,351.0,295.33,390.0,295.34,947.0
1753617505940,11:58:25.940,blofin,AAVE/USDT:USDT,295.31,415.0,295.29,2169.0,295.33,212.0,295.35,929.0
1753617506942,11:58:26.942,blofin,AAVE/USDT:USDT,295.31,383.0,295.28,2677.0,295.33,374.0,295.35,435.0
1753617507442,11:58:27.442,blofin,AAVE/USDT:USDT,295.31,383.0,295.28,2677.0,295.33,374.0,295.35,435.0
1753617507942,11:58:27.942,blofin,AAVE/USDT:USDT,295.31,309.0,295.3,27.0,295.33,114.0,295.38,1195.0
1753617508943,11:58:28.943,blofin,AAVE/USDT:USDT,295.31,336.0,295.3,1037.0,295.33,5.0,295.34,275.0
1753617509943,11:58:29.943,blofin,AAVE/USDT:USDT,295.31,387.0,295.28,1326.0,295.33,109.0,295.34,4.0
1753617510842,11:58:30.842,blofin,AAVE/USDT:USDT,295.31,394.0,295.3,23.0,295.34,114.0,295.37,1053.0
1753617511445,11:58:31.445,blofin,AAVE/USDT:USDT,295.31,394.0,295.3,23.0,295.34,112.0,295.37,1053.0
1753617511958,11:58:31.958,blofin,AAVE/USDT:USDT,295.36,7.0,295.34,1904.0,295.38,1.0,295.4,2224.0
1753617512949,11:58:32.949,blofin,AAVE/USDT:USDT,295.36,165.0,295.34,147.0,295.38,2.0,295.4,634.0
1753617513449,11:58:33.449,blofin,AAVE/USDT:USDT,295.36,167.0,295.34,147.0,295.38,2.0,295.4,634.0
1753617513948,11:58:33.948,blofin,AAVE/USDT:USDT,295.36,93.0,295.35,1077.0,295.38,1.0,295.39,2.0
1753617514951,11:58:34.951,blofin,AAVE/USDT:USDT,295.36,28.0,295.34,762.0,295.38,70.0,295.39,2053.0
1753617515451,11:58:35.451,blofin,AAVE/USDT:USDT,295.36,28.0,295.34,762.0,295.38,71.0,295.39,2053.0
1753617515952,11:58:35.952,blofin,AAVE/USDT:USDT,295.36,183.0,295.34,1557.0,295.38,12.0,295.4,851.0
1753617516953,11:58:36.953,blofin,AAVE/USDT:USDT,295.36,3.0,295.35,129.0,295.37,38.0,295.38,3.0
1753617517453,11:58:37.453,blofin,AAVE/USDT:USDT,295.35,134.0,295.33,385.0,295.37,38.0,295.38,3.0
1753617517955,11:58:37.955,blofin,AAVE/USDT:USDT,295.35,300.0,295.34,2357.0,295.37,4.0,295.38,2.0
1753617518958,11:58:38.958,blofin,AAVE/USDT:USDT,295.35,1.0,295.34,299.0,295.38,12.0,295.39,745.0
1753617519849,11:58:39.849,blofin,AAVE/USDT:USDT,295.35,1.0,295.34,299.0,295.37,7.0,295.38,659.0
1753617520459,11:58:40.459,blofin,AAVE/USDT:USDT,295.34,304.0,295.31,306.0,295.37,10.0,295.38,657.0
1753617520959,11:58:40.959,blofin,AAVE/USDT:USDT,295.35,480.0,295.34,5.0,295.37,11.0,295.39,229.0
1753617521849,11:58:41.849,blofin,AAVE/USDT:USDT,295.35,403.0,295.34,5.0,295.37,16.0,295.38,175.0
1753617522461,11:58:42.461,blofin,AAVE/USDT:USDT,295.35,403.0,295.34,5.0,295.37,16.0,295.38,175.0
1753617523234,11:58:43.234,blofin,AAVE/USDT:USDT,295.35,437.0,295.33,556.0,295.37,3.0,295.4,6.0
1753617524462,11:58:44.462,blofin,AAVE/USDT:USDT,295.39,242.0,295.36,268.0,295.4,2.0,295.41,9.0
1753617524963,11:58:44.963,blofin,AAVE/USDT:USDT,295.39,3.0,295.38,127.0,295.4,2.0,295.42,19.0
1753617525464,11:58:45.464,blofin,AAVE/USDT:USDT,295.39,3.0,295.38,127.0,295.42,22.0,295.44,681.0
1753617525963,11:58:45.963,blofin,AAVE/USDT:USDT,295.39,293.0,295.36,2076.0,295.41,9.0,295.42,13.0
1753617526766,11:58:46.766,blofin,AAVE/USDT:USDT,295.39,4.0,295.37,78.0,295.41,25.0,295.42,704.0
1753617526965,11:58:46.965,blofin,AAVE/USDT:USDT,295.39,4.0,295.38,3.0,295.4,61.0,295.41,775.0
1753617527967,11:58:47.967,blofin,AAVE/USDT:USDT,295.38,3.0,295.37,3.0,295.4,33.0,295.41,359.0
1753617528471,11:58:48.471,blofin,AAVE/USDT:USDT,295.38,3.0,295.37,3.0,295.4,34.0,295.41,359.0
1753617528969,11:58:48.969,blofin,AAVE/USDT:USDT,295.38,6.0,295.36,2340.0,295.4,50.0,295.42,1102.0
1753617529970,11:58:49.970,blofin,AAVE/USDT:USDT,295.38,43.0,295.36,1544.0,295.4,47.0,295.41,637.0
1753617530470,11:58:50.470,blofin,AAVE/USDT:USDT,295.38,43.0,295.36,1544.0,295.4,47.0,295.41,637.0
1753617531471,11:58:51.471,blofin,AAVE/USDT:USDT,295.38,34.0,295.37,388.0,295.4,1.0,295.41,46.0
1753617531972,11:58:51.972,blofin,AAVE/USDT:USDT,295.38,24.0,295.35,836.0,295.4,47.0,295.42,518.0
1753617532473,11:58:52.473,blofin,AAVE/USDT:USDT,295.38,22.0,295.35,836.0,295.4,47.0,295.42,518.0
1753617532973,11:58:52.973,blofin,AAVE/USDT:USDT,295.38,32.0,295.36,1098.0,295.4,95.0,295.42,549.0
1753617533974,11:58:53.974,blofin,AAVE/USDT:USDT,295.37,37.0,295.35,2.0,295.4,85.0,295.41,33.0
1753617534976,11:58:54.976,blofin,AAVE/USDT:USDT,295.38,57.0,295.35,1338.0,295.4,22.0,295.42,513.0
1753617535977,11:58:55.977,blofin,AAVE/USDT:USDT,295.38,229.0,295.36,1516.0,295.4,22.0,295.42,946.0
1753617536435,11:58:56.435,blofin,AAVE/USDT:USDT,295.41,6.0,295.39,673.0,295.44,196.0,295.45,1421.0
1753617537033,11:58:57.033,blofin,AAVE/USDT:USDT,295.42,6.0,295.41,1237.0,295.43,3.0,295.44,166.0
1753617537981,11:58:57.981,blofin,AAVE/USDT:USDT,295.42,2.0,295.41,7.0,295.44,166.0,295.45,31.0
1753617538482,11:58:58.482,blofin,AAVE/USDT:USDT,295.41,11.0,295.39,217.0,295.44,166.0,295.45,31.0
1753617538988,11:58:58.988,blofin,AAVE/USDT:USDT,295.42,7.0,295.41,1270.0,295.44,166.0,295.45,45.0
1753617539982,11:58:59.982,blofin,AAVE/USDT:USDT,295.41,11.0,295.38,1526.0,295.44,231.0,295.46,1608.0
1753617540482,11:59:00.482,blofin,AAVE/USDT:USDT,295.41,10.0,295.38,1526.0,295.44,231.0,295.46,1608.0
1753617540984,11:59:00.984,blofin,AAVE/USDT:USDT,295.42,274.0,295.41,2709.0,295.44,169.0,295.45,4.0
1753617541985,11:59:01.985,blofin,AAVE/USDT:USDT,295.42,396.0,295.39,1116.0,295.44,174.0,295.47,321.0
1753617542488,11:59:02.488,blofin,AAVE/USDT:USDT,295.46,249.0,295.44,303.0,295.48,88.0,295.49,389.0
1753617542987,11:59:02.987,blofin,AAVE/USDT:USDT,295.47,280.0,295.44,557.0,295.5,155.0,295.54,947.0
1753617543989,11:59:03.989,blofin,AAVE/USDT:USDT,295.47,297.0,295.43,127.0,295.5,123.0,295.51,31.0
1753617544991,11:59:04.991,blofin,AAVE/USDT:USDT,295.48,280.0,295.46,1115.0,295.5,154.0,295.52,967.0
1753617545864,11:59:05.864,blofin,AAVE/USDT:USDT,295.48,312.0,295.47,168.0,295.5,123.0,295.52,3.0
1753617546495,11:59:06.495,blofin,AAVE/USDT:USDT,295.48,314.0,295.47,168.0,295.5,123.0,295.52,3.0
1753617546995,11:59:06.995,blofin,AAVE/USDT:USDT,295.49,204.0,295.48,3.0,295.5,118.0,295.51,8.0
1753617547994,11:59:07.994,blofin,AAVE/USDT:USDT,295.5,250.0,295.48,1376.0,295.52,2.0,295.53,3.0
1753617548496,11:59:08.496,blofin,AAVE/USDT:USDT,295.5,250.0,295.48,1376.0,295.52,4.0,295.54,1446.0
1753617548996,11:59:08.996,blofin,AAVE/USDT:USDT,295.5,235.0,295.48,2243.0,295.52,4.0,295.53,124.0
1753617549997,11:59:09.997,blofin,AAVE/USDT:USDT,295.53,358.0,295.52,96.0,295.54,278.0,295.56,5.0
1753617550499,11:59:10.499,blofin,AAVE/USDT:USDT,295.53,362.0,295.52,96.0,295.54,278.0,295.56,5.0
1753617551000,11:59:11.000,blofin,AAVE/USDT:USDT,295.53,4.0,295.52,365.0,295.54,278.0,295.55,3.0
1753617551867,11:59:11.867,blofin,AAVE/USDT:USDT,295.56,303.0,295.53,1074.0,295.58,231.0,295.6,1415.0
1753617552502,11:59:12.502,blofin,AAVE/USDT:USDT,295.56,307.0,295.53,1070.0,295.58,235.0,295.6,1415.0
1753617553134,11:59:13.134,blofin,AAVE/USDT:USDT,295.57,326.0,295.56,1943.0,295.58,6.0,295.6,2.0
1753617554003,11:59:14.003,blofin,AAVE/USDT:USDT,295.57,259.0,295.56,9.0,295.58,5.0,295.59,1.0
1753617554505,11:59:14.505,blofin,AAVE/USDT:USDT,295.57,264.0,295.56,5.0,295.58,5.0,295.59,1.0
1753617555005,11:59:15.005,blofin,AAVE/USDT:USDT,295.6,345.0,295.59,749.0,295.62,87.0,295.63,370.0
1753617555869,11:59:15.869,blofin,AAVE/USDT:USDT,295.6,274.0,295.58,1817.0,295.62,91.0,295.64,1235.0
1753617556506,11:59:16.506,blofin,AAVE/USDT:USDT,295.6,274.0,295.58,1817.0,295.62,88.0,295.64,1235.0
1753617557008,11:59:17.008,blofin,AAVE/USDT:USDT,295.6,221.0,295.57,2691.0,295.62,89.0,295.64,1825.0
1753617558008,11:59:18.008,blofin,AAVE/USDT:USDT,295.63,372.0,295.6,1675.0,295.64,376.0,295.65,6.0
1753617558517,11:59:18.517,blofin,AAVE/USDT:USDT,295.66,362.0,295.63,2443.0,295.67,20.0,295.68,3.0
1753617559012,11:59:19.012,blofin,AAVE/USDT:USDT,295.66,275.0,295.64,362.0,295.67,20.0,295.68,360.0
1753617559876,11:59:19.876,blofin,AAVE/USDT:USDT,295.66,121.0,295.65,465.0,295.67,20.0,295.68,1.0
1753617560514,11:59:20.514,blofin,AAVE/USDT:USDT,295.66,121.0,295.65,465.0,295.67,20.0,295.69,403.0
1753617561017,11:59:21.017,blofin,AAVE/USDT:USDT,295.66,3.0,295.65,235.0,295.67,20.0,295.68,413.0
1753617561874,11:59:21.874,blofin,AAVE/USDT:USDT,295.66,119.0,295.63,2163.0,295.67,20.0,295.68,315.0
1753617562516,11:59:22.516,blofin,AAVE/USDT:USDT,295.66,119.0,295.63,2163.0,295.67,20.0,295.68,317.0
1753617563017,11:59:23.017,blofin,AAVE/USDT:USDT,295.66,382.0,295.63,206.0,295.67,20.0,295.68,295.0
1753617563875,11:59:23.875,blofin,AAVE/USDT:USDT,295.67,226.0,295.66,3.0,295.69,24.0,295.7,6.0
1753617564518,11:59:24.518,blofin,AAVE/USDT:USDT,295.67,226.0,295.66,3.0,295.69,24.0,295.7,2.0
1753617565020,11:59:25.020,blofin,AAVE/USDT:USDT,295.68,146.0,295.65,1122.0,295.69,24.0,295.7,2.0
1753617565875,11:59:25.875,blofin,AAVE/USDT:USDT,295.68,155.0,295.65,1179.0,295.69,24.0,295.7,4.0
1753617567023,11:59:27.023,blofin,AAVE/USDT:USDT,295.68,27.0,295.66,1206.0,295.69,24.0,295.7,113.0
1753617568027,11:59:28.027,blofin,AAVE/USDT:USDT,295.68,35.0,295.66,847.0,295.69,24.0,295.7,88.0
1753617568877,11:59:28.877,blofin,AAVE/USDT:USDT,295.68,27.0,295.66,1743.0,295.69,24.0,295.7,36.0
1753617569529,11:59:29.529,blofin,AAVE/USDT:USDT,295.68,29.0,295.66,1743.0,295.69,24.0,295.7,41.0
1753617570029,11:59:30.029,blofin,AAVE/USDT:USDT,295.68,35.0,295.67,849.0,295.69,24.0,295.7,5.0
1753617571031,11:59:31.031,blofin,AAVE/USDT:USDT,295.68,4.0,295.67,166.0,295.69,24.0,295.7,7.0
1753617571531,11:59:31.531,blofin,AAVE/USDT:USDT,295.67,169.0,295.63,1102.0,295.69,24.0,295.7,7.0
1753617573036,11:59:33.036,blofin,AAVE/USDT:USDT,295.68,14.0,295.65,1429.0,295.69,24.0,295.7,42.0
1753617574037,11:59:34.037,blofin,AAVE/USDT:USDT,295.68,49.0,295.65,760.0,295.69,24.0,295.7,6.0
1753617575038,11:59:35.038,blofin,AAVE/USDT:USDT,295.68,188.0,295.65,513.0,295.69,24.0,295.7,7.0
1753617575882,11:59:35.882,blofin,AAVE/USDT:USDT,295.68,2.0,295.67,205.0,295.69,24.0,295.7,7.0
1753617576541,11:59:36.541,blofin,AAVE/USDT:USDT,295.67,208.0,295.62,433.0,295.69,24.0,295.7,7.0
1753617577040,11:59:37.040,blofin,AAVE/USDT:USDT,295.68,208.0,295.66,1001.0,295.69,24.0,295.7,13.0
1753617577885,11:59:37.885,blofin,AAVE/USDT:USDT,295.68,206.0,295.66,1001.0,295.69,24.0,295.7,11.0
1753617578541,11:59:38.541,blofin,AAVE/USDT:USDT,295.68,16.0,295.66,100.0,295.69,24.0,295.7,23.0
1753617579041,11:59:39.041,blofin,AAVE/USDT:USDT,295.68,161.0,295.66,1669.0,295.69,24.0,295.7,15.0
1753617580043,11:59:40.043,blofin,AAVE/USDT:USDT,295.68,198.0,295.67,1574.0,295.69,24.0,295.7,2.0
1753617580886,11:59:40.886,blofin,AAVE/USDT:USDT,295.68,46.0,295.67,167.0,295.69,24.0,295.7,2.0
1753617581544,11:59:41.544,blofin,AAVE/USDT:USDT,295.68,45.0,295.67,167.0,295.69,24.0,295.71,46.0
1753617582046,11:59:42.046,blofin,AAVE/USDT:USDT,295.68,2.0,295.67,221.0,295.69,24.0,295.7,44.0
1753617583045,11:59:43.045,blofin,AAVE/USDT:USDT,295.68,149.0,295.67,311.0,295.7,48.0,295.71,1044.0
1753617583546,11:59:43.546,blofin,AAVE/USDT:USDT,295.68,149.0,295.67,311.0,295.7,48.0,295.71,1044.0
1753617584284,11:59:44.284,blofin,AAVE/USDT:USDT,295.7,300.0,295.68,742.0,295.72,26.0,295.73,632.0
1753617585048,11:59:45.048,blofin,AAVE/USDT:USDT,295.72,301.0,295.69,1792.0,295.74,155.0,295.75,79.0
1753617585890,11:59:45.890,blofin,AAVE/USDT:USDT,295.74,140.0,295.72,3.0,295.75,79.0,295.76,272.0
1753617586550,11:59:46.550,blofin,AAVE/USDT:USDT,295.74,140.0,295.72,3.0,295.75,3.0,295.76,272.0
1753617587126,11:59:47.126,blofin,AAVE/USDT:USDT,295.75,257.0,295.72,1521.0,295.76,272.0,295.79,18.0
1753617588053,11:59:48.053,blofin,AAVE/USDT:USDT,295.76,27.0,295.75,4.0,295.78,44.0,295.79,325.0
1753617588894,11:59:48.894,blofin,AAVE/USDT:USDT,295.76,196.0,295.75,2208.0,295.79,9.0,295.8,966.0
1753617589554,11:59:49.554,blofin,AAVE/USDT:USDT,295.76,196.0,295.75,2208.0,295.79,9.0,295.8,966.0
1753617590055,11:59:50.055,blofin,AAVE/USDT:USDT,295.78,269.0,295.76,1951.0,295.8,257.0,295.82,177.0
1753617591056,11:59:51.056,blofin,AAVE/USDT:USDT,295.76,129.0,295.75,1363.0,295.79,61.0,295.8,1643.0
1753617591557,11:59:51.557,blofin,AAVE/USDT:USDT,295.76,130.0,295.75,1359.0,295.79,61.0,295.8,1643.0
1753617592267,11:59:52.267,blofin,AAVE/USDT:USDT,295.77,2.0,295.76,277.0,295.79,2.0,295.8,261.0
1753617593059,11:59:53.059,blofin,AAVE/USDT:USDT,295.77,133.0,295.76,1032.0,295.8,303.0,295.82,45.0
1753617593897,11:59:53.897,blofin,AAVE/USDT:USDT,295.77,3.0,295.76,132.0,295.79,206.0,295.8,255.0
1753617594561,11:59:54.561,blofin,AAVE/USDT:USDT,295.77,3.0,295.76,132.0,295.79,210.0,295.8,254.0
1753617595067,11:59:55.067,blofin,AAVE/USDT:USDT,295.77,35.0,295.74,911.0,295.79,216.0,295.8,254.0
1753617596063,11:59:56.063,blofin,AAVE/USDT:USDT,295.77,31.0,295.74,3278.0,295.79,233.0,295.8,254.0
1753617596898,11:59:56.898,blofin,AAVE/USDT:USDT,295.77,5.0,295.76,30.0,295.79,202.0,295.8,254.0
1753617597565,11:59:57.565,blofin,AAVE/USDT:USDT,295.75,30.0,295.73,1394.0,295.77,237.0,295.79,397.0
1753617598065,11:59:58.065,blofin,AAVE/USDT:USDT,295.75,30.0,295.73,695.0,295.77,303.0,295.79,243.0
1753617598898,11:59:58.898,blofin,AAVE/USDT:USDT,295.75,30.0,295.73,857.0,295.77,241.0,295.78,513.0
1753617599627,11:59:59.627,blofin,AAVE/USDT:USDT,295.75,30.0,295.71,463.0,295.76,239.0,295.77,2.0
1753617600068,12:00:00.068,blofin,AAVE/USDT:USDT,295.72,35.0,295.7,1848.0,295.75,90.0,295.78,1133.0
1753617601070,12:00:01.070,blofin,AAVE/USDT:USDT,295.72,40.0,295.71,1004.0,295.75,252.0,295.76,969.0
1753617601901,12:00:01.901,blofin,AAVE/USDT:USDT,295.72,5.0,295.7,25.0,295.73,127.0,295.75,3.0
1753617602548,12:00:02.548,blofin,AAVE/USDT:USDT,295.7,2.0,295.69,154.0,295.71,207.0,295.74,1400.0
1753617603080,12:00:03.080,blofin,AAVE/USDT:USDT,295.7,84.0,295.68,2726.0,295.72,131.0,295.73,2145.0
1753617604078,12:00:04.078,blofin,AAVE/USDT:USDT,295.7,104.0,295.68,2084.0,295.72,38.0,295.74,843.0
1753617605077,12:00:05.077,blofin,AAVE/USDT:USDT,295.7,85.0,295.69,1142.0,295.72,5.0,295.73,40.0
1753617606275,12:00:06.275,blofin,AAVE/USDT:USDT,295.7,401.0,295.68,1584.0,295.72,1327.0,295.74,289.0
1753617607082,12:00:07.082,blofin,AAVE/USDT:USDT,295.73,162.0,295.7,1579.0,295.75,123.0,295.77,1181.0
1753617608080,12:00:08.080,blofin,AAVE/USDT:USDT,295.73,5.0,295.71,1943.0,295.75,258.0,295.77,476.0
1753617608582,12:00:08.582,blofin,AAVE/USDT:USDT,295.7,52.0,295.69,279.0,295.73,253.0,295.75,5.0
1753617609082,12:00:09.082,blofin,AAVE/USDT:USDT,295.7,36.0,295.67,1129.0,295.73,157.0,295.75,5.0
1753617609585,12:00:09.585,blofin,AAVE/USDT:USDT,295.7,4.0,295.69,174.0,295.71,74.0,295.72,1294.0
1753617610266,12:00:10.266,blofin,AAVE/USDT:USDT,295.69,150.0,295.68,83.0,295.71,2.0,295.73,31.0
1753617610907,12:00:10.907,blofin,AAVE/USDT:USDT,295.69,1.0,295.68,149.0,295.71,45.0,295.75,1168.0
1753617611586,12:00:11.586,blofin,AAVE/USDT:USDT,295.68,152.0,295.67,1.0,295.71,45.0,295.75,1168.0
1753617612086,12:00:12.086,blofin,AAVE/USDT:USDT,295.69,149.0,295.68,3.0,295.71,74.0,295.73,764.0
1753617613087,12:00:13.087,blofin,AAVE/USDT:USDT,295.67,34.0,295.65,969.0,295.69,153.0,295.7,322.0
1753617613908,12:00:13.908,blofin,AAVE/USDT:USDT,295.67,30.0,295.65,974.0,295.69,337.0,295.71,1086.0
1753617614590,12:00:14.590,blofin,AAVE/USDT:USDT,295.67,32.0,295.65,974.0,295.69,337.0,295.71,1086.0
1753617615090,12:00:15.090,blofin,AAVE/USDT:USDT,295.67,32.0,295.64,515.0,295.69,271.0,295.71,309.0
1753617615909,12:00:15.909,blofin,AAVE/USDT:USDT,295.67,32.0,295.65,350.0,295.69,331.0,295.7,635.0
1753617616585,12:00:16.585,blofin,AAVE/USDT:USDT,295.62,45.0,295.61,156.0,295.66,313.0,295.67,1538.0
1753617617092,12:00:17.092,blofin,AAVE/USDT:USDT,295.63,35.0,295.62,45.0,295.65,229.0,295.67,156.0
1753617618094,12:00:18.094,blofin,AAVE/USDT:USDT,295.64,51.0,295.62,344.0,295.66,44.0,295.67,593.0
1753617618912,12:00:18.912,blofin,AAVE/USDT:USDT,295.64,10.0,295.62,996.0,295.66,43.0,295.67,573.0
1753617619596,12:00:19.596,blofin,AAVE/USDT:USDT,295.64,10.0,295.62,996.0,295.66,45.0,295.67,571.0
1753617620098,12:00:20.098,blofin,AAVE/USDT:USDT,295.64,156.0,295.61,1573.0,295.66,5.0,295.69,981.0
1753617620598,12:00:20.598,blofin,AAVE/USDT:USDT,295.64,156.0,295.61,1573.0,295.66,5.0,295.69,981.0
1753617621597,12:00:21.597,blofin,AAVE/USDT:USDT,295.64,31.0,295.61,2086.0,295.65,256.0,295.69,4.0
1753617622098,12:00:22.098,blofin,AAVE/USDT:USDT,295.61,164.0,295.59,315.0,295.64,159.0,295.69,1279.0
1753617622914,12:00:22.914,blofin,AAVE/USDT:USDT,295.61,167.0,295.59,315.0,295.64,158.0,295.69,1279.0
1753617623600,12:00:23.600,blofin,AAVE/USDT:USDT,295.62,12.0,295.61,156.0,295.64,48.0,295.66,1154.0
1753617624353,12:00:24.353,blofin,AAVE/USDT:USDT,295.66,121.0,295.64,867.0,295.68,52.0,295.69,378.0
1753617625057,12:00:25.057,blofin,AAVE/USDT:USDT,295.75,44.0,295.71,645.0,295.76,258.0,295.77,136.0
1753617625569,12:00:25.569,blofin,AAVE/USDT:USDT,295.73,5.0,295.71,7.0,295.74,60.0,295.76,892.0
1753617626103,12:00:26.103,blofin,AAVE/USDT:USDT,295.71,43.0,295.69,998.0,295.73,17.0,295.74,133.0
1753617627103,12:00:27.103,blofin,AAVE/USDT:USDT,295.7,33.0,295.67,3003.0,295.72,44.0,295.73,5.0
1753617627606,12:00:27.606,blofin,AAVE/USDT:USDT,295.7,33.0,295.67,3003.0,295.72,44.0,295.73,5.0
1753617628104,12:00:28.104,blofin,AAVE/USDT:USDT,295.7,2.0,295.69,180.0,295.72,14.0,295.76,294.0
1753617629108,12:00:29.108,blofin,AAVE/USDT:USDT,295.72,57.0,295.7,1584.0,295.74,168.0,295.75,1732.0
1753617629921,12:00:29.921,blofin,AAVE/USDT:USDT,295.7,2.0,295.69,147.0,295.71,38.0,295.73,83.0
1753617631111,12:00:31.111,blofin,AAVE/USDT:USDT,295.69,5.0,295.68,129.0,295.71,47.0,295.73,549.0
1753617631920,12:00:31.920,blofin,AAVE/USDT:USDT,295.69,129.0,295.68,5.0,295.71,39.0,295.72,806.0
1753617632612,12:00:32.612,blofin,AAVE/USDT:USDT,295.69,129.0,295.68,5.0,295.71,39.0,295.72,806.0
1753617633377,12:00:33.377,blofin,AAVE/USDT:USDT,295.65,27.0,295.62,652.0,295.67,326.0,295.68,5.0
1753617634116,12:00:34.116,blofin,AAVE/USDT:USDT,295.65,5.0,295.64,26.0,295.67,124.0,295.68,5.0
1753617634614,12:00:34.614,blofin,AAVE/USDT:USDT,295.65,5.0,295.64,26.0,295.67,129.0,295.7,346.0
1753617635616,12:00:35.616,blofin,AAVE/USDT:USDT,295.65,5.0,295.64,26.0,295.67,132.0,295.69,250.0
1753617636116,12:00:36.116,blofin,AAVE/USDT:USDT,295.64,30.0,295.62,23.0,295.67,141.0,295.71,327.0
1753617636926,12:00:36.926,blofin,AAVE/USDT:USDT,295.65,26.0,295.64,842.0,295.67,4.0,295.68,249.0
1753617637618,12:00:37.618,blofin,AAVE/USDT:USDT,295.65,26.0,295.64,842.0,295.67,4.0,295.68,249.0
1753617638118,12:00:38.118,blofin,AAVE/USDT:USDT,295.65,30.0,295.64,73.0,295.68,107.0,295.73,140.0
1753617638927,12:00:38.927,blofin,AAVE/USDT:USDT,295.65,31.0,295.64,1192.0,295.68,306.0,295.71,1513.0
1753617639617,12:00:39.617,blofin,AAVE/USDT:USDT,295.65,4.0,295.63,27.0,295.66,183.0,295.68,1.0
1753617640123,12:00:40.123,blofin,AAVE/USDT:USDT,295.63,129.0,295.61,216.0,295.65,190.0,295.66,973.0
1753617641121,12:00:41.121,blofin,AAVE/USDT:USDT,295.63,133.0,295.61,354.0,295.65,210.0,295.67,906.0
1753617641931,12:00:41.931,blofin,AAVE/USDT:USDT,295.63,6.0,295.61,156.0,295.65,269.0,295.67,1187.0
1753617643126,12:00:43.126,blofin,AAVE/USDT:USDT,295.63,29.0,295.62,1578.0,295.65,5.0,295.66,236.0
1753617644127,12:00:44.127,blofin,AAVE/USDT:USDT,295.63,36.0,295.6,1013.0,295.65,214.0,295.68,1133.0
1753617645129,12:00:45.129,blofin,AAVE/USDT:USDT,295.63,12.0,295.61,2055.0,295.65,150.0,295.67,545.0
1753617646131,12:00:46.131,blofin,AAVE/USDT:USDT,295.63,14.0,295.62,1317.0,295.65,1.0,295.66,81.0
1753617648134,12:00:48.134,blofin,AAVE/USDT:USDT,295.63,4.0,295.62,130.0,295.65,34.0,295.7,105.0
1753617648936,12:00:48.936,blofin,AAVE/USDT:USDT,295.63,233.0,295.61,629.0,295.65,34.0,295.66,696.0
1753617649634,12:00:49.634,blofin,AAVE/USDT:USDT,295.63,233.0,295.61,629.0,295.65,37.0,295.66,696.0
1753617650136,12:00:50.136,blofin,AAVE/USDT:USDT,295.63,12.0,295.61,379.0,295.65,74.0,295.66,195.0
1753617650939,12:00:50.939,blofin,AAVE/USDT:USDT,295.63,55.0,295.6,2747.0,295.65,72.0,295.67,838.0
1753617651643,12:00:51.643,blofin,AAVE/USDT:USDT,295.63,55.0,295.6,2747.0,295.65,74.0,295.67,838.0
1753617652140,12:00:52.140,blofin,AAVE/USDT:USDT,295.63,4.0,295.62,8.0,295.65,108.0,295.68,185.0
1753617653141,12:00:53.141,blofin,AAVE/USDT:USDT,295.63,1.0,295.62,12.0,295.64,367.0,295.65,2.0
1753617654144,12:00:54.144,blofin,AAVE/USDT:USDT,295.63,1.0,295.61,12.0,295.64,331.0,295.65,2.0
1753617655145,12:00:55.145,blofin,AAVE/USDT:USDT,295.63,200.0,295.61,425.0,295.64,4.0,295.65,36.0
1753617655940,12:00:55.940,blofin,AAVE/USDT:USDT,295.63,6.0,295.62,240.0,295.64,4.0,295.65,38.0
1753617656647,12:00:56.647,blofin,AAVE/USDT:USDT,295.63,1.0,295.62,245.0,295.64,4.0,295.65,38.0
1753617657146,12:00:57.146,blofin,AAVE/USDT:USDT,295.63,90.0,295.62,5.0,295.65,25.0,295.68,1040.0
1753617658300,12:00:58.300,blofin,AAVE/USDT:USDT,295.64,71.0,295.63,1.0,295.65,1.0,295.66,4.0
1753617658943,12:00:58.943,blofin,AAVE/USDT:USDT,295.63,56.0,295.6,2046.0,295.65,34.0,295.66,4.0
1753617659738,12:00:59.738,blofin,AAVE/USDT:USDT,295.64,69.0,295.63,6.0,295.67,44.0,295.69,131.0
1753617660151,12:01:00.151,blofin,AAVE/USDT:USDT,295.65,49.0,295.63,1330.0,295.67,79.0,295.68,436.0
1753617661152,12:01:01.152,blofin,AAVE/USDT:USDT,295.73,433.0,295.72,327.0,295.75,142.0,295.77,1017.0
1753617661944,12:01:01.944,blofin,AAVE/USDT:USDT,295.73,169.0,295.71,2134.0,295.75,199.0,295.77,1705.0
1753617662654,12:01:02.654,blofin,AAVE/USDT:USDT,295.73,170.0,295.71,2134.0,295.75,201.0,295.77,1705.0
1753617663153,12:01:03.153,blofin,AAVE/USDT:USDT,295.73,114.0,295.7,1646.0,295.75,210.0,295.77,1409.0
1753617663949,12:01:03.949,blofin,AAVE/USDT:USDT,295.73,89.0,295.7,1576.0,295.75,193.0,295.77,952.0
1753617664657,12:01:04.657,blofin,AAVE/USDT:USDT,295.73,91.0,295.7,1576.0,295.75,195.0,295.77,952.0
1753617665159,12:01:05.159,blofin,AAVE/USDT:USDT,295.73,17.0,295.71,690.0,295.75,214.0,295.76,1155.0
1753617665945,12:01:05.945,blofin,AAVE/USDT:USDT,295.73,40.0,295.7,311.0,295.75,230.0,295.77,421.0
1753617666660,12:01:06.660,blofin,AAVE/USDT:USDT,295.73,40.0,295.7,311.0,295.75,234.0,295.77,421.0
1753617667132,12:01:07.132,blofin,AAVE/USDT:USDT,295.73,40.0,295.7,1690.0,295.74,257.0,295.75,146.0
1753617667949,12:01:07.949,blofin,AAVE/USDT:USDT,295.69,48.0,295.66,1937.0,295.71,322.0,295.74,251.0
1753617668161,12:01:08.161,blofin,AAVE/USDT:USDT,295.69,9.0,295.66,33.0,295.71,45.0,295.73,927.0
1753617669163,12:01:09.163,blofin,AAVE/USDT:USDT,295.69,230.0,295.67,2016.0,295.71,15.0,295.73,216.0
1753617669954,12:01:09.954,blofin,AAVE/USDT:USDT,295.69,259.0,295.68,928.0,295.71,2.0,295.72,14.0
1753617670166,12:01:10.166,blofin,AAVE/USDT:USDT,295.69,261.0,295.68,928.0,295.71,2.0,295.72,14.0
1753617671167,12:01:11.167,blofin,AAVE/USDT:USDT,295.69,235.0,295.66,1559.0,295.71,16.0,295.74,1078.0
1753617671666,12:01:11.666,blofin,AAVE/USDT:USDT,295.73,247.0,295.71,1409.0,295.75,158.0,295.76,1167.0
1753617672168,12:01:12.168,blofin,AAVE/USDT:USDT,295.73,240.0,295.71,2110.0,295.75,142.0,295.77,1114.0
1753617673169,12:01:13.169,blofin,AAVE/USDT:USDT,295.73,128.0,295.7,489.0,295.75,51.0,295.78,230.0
1753617673670,12:01:13.670,blofin,AAVE/USDT:USDT,295.73,127.0,295.7,489.0,295.75,51.0,295.78,230.0
1753617674172,12:01:14.172,blofin,AAVE/USDT:USDT,295.73,71.0,295.72,842.0,295.75,4.0,295.76,46.0
1753617674951,12:01:14.951,blofin,AAVE/USDT:USDT,295.73,48.0,295.7,1277.0,295.75,53.0,295.76,3.0
1753617675676,12:01:15.676,blofin,AAVE/USDT:USDT,295.73,48.0,295.7,1182.0,295.75,58.0,295.77,1022.0
1753617676175,12:01:16.175,blofin,AAVE/USDT:USDT,295.73,55.0,295.71,1750.0,295.75,40.0,295.77,566.0
1753617676744,12:01:16.744,blofin,AAVE/USDT:USDT,295.69,1420.0,295.67,267.0,295.73,73.0,295.75,664.0
1753617677466,12:01:17.466,blofin,AAVE/USDT:USDT,295.69,33.0,295.67,2023.0,295.71,166.0,295.72,2.0
1753617678177,12:01:18.177,blofin,AAVE/USDT:USDT,295.65,3.0,295.64,7.0,295.67,294.0,295.69,734.0
1753617678678,12:01:18.678,blofin,AAVE/USDT:USDT,295.6,234.0,295.59,36.0,295.61,337.0,295.63,231.0
1753617679182,12:01:19.182,blofin,AAVE/USDT:USDT,295.6,234.0,295.59,131.0,295.61,77.0,295.63,928.0
1753617680180,12:01:20.180,blofin,AAVE/USDT:USDT,295.6,234.0,295.59,292.0,295.61,48.0,295.64,83.0
1753617680957,12:01:20.957,blofin,AAVE/USDT:USDT,295.62,13.0,295.6,2760.0,295.64,40.0,295.66,430.0
1753617681681,12:01:21.681,blofin,AAVE/USDT:USDT,295.62,13.0,295.6,2760.0,295.64,41.0,295.66,430.0
1753617682184,12:01:22.184,blofin,AAVE/USDT:USDT,295.62,6.0,295.6,234.0,295.64,212.0,295.67,1174.0
1753617682958,12:01:22.958,blofin,AAVE/USDT:USDT,295.62,6.0,295.6,234.0,295.64,216.0,295.67,1174.0
1753617683682,12:01:23.682,blofin,AAVE/USDT:USDT,295.62,4.0,295.61,2065.0,295.64,5.0,295.65,77.0
1753617684184,12:01:24.184,blofin,AAVE/USDT:USDT,295.62,1.0,295.61,25.0,295.64,9.0,295.67,698.0
1753617684959,12:01:24.959,blofin,AAVE/USDT:USDT,295.66,97.0,295.64,216.0,295.68,35.0,295.69,2461.0
1753617685684,12:01:25.684,blofin,AAVE/USDT:USDT,295.64,20.0,295.62,2069.0,295.66,35.0,295.68,2069.0
1753617686185,12:01:26.185,blofin,AAVE/USDT:USDT,295.64,11.0,295.61,1108.0,295.66,2.0,295.68,1101.0
1753617687686,12:01:27.686,blofin,AAVE/USDT:USDT,295.72,175.0,295.69,283.0,295.73,17.0,295.74,36.0
1753617688188,12:01:28.188,blofin,AAVE/USDT:USDT,295.72,13.0,295.69,583.0,295.74,37.0,295.75,4.0
1753617688961,12:01:28.961,blofin,AAVE/USDT:USDT,295.72,3.0,295.69,892.0,295.74,297.0,295.75,4.0
1753617689691,12:01:29.691,blofin,AAVE/USDT:USDT,295.72,3.0,295.69,892.0,295.74,290.8,295.75,4.0
1753617690189,12:01:30.189,blofin,AAVE/USDT:USDT,295.73,187.0,295.72,586.0,295.75,4.0,295.77,33.0
1753617690963,12:01:30.963,blofin,AAVE/USDT:USDT,295.74,73.0,295.73,4.0,295.75,4.0,295.76,148.0
1753617691693,12:01:31.693,blofin,AAVE/USDT:USDT,295.8,73.0,295.78,2144.0,295.81,56.0,295.82,152.0
1753617692163,12:01:32.163,blofin,AAVE/USDT:USDT,295.83,250.0,295.8,413.0,295.84,122.0,295.85,116.0
1753617692965,12:01:32.965,blofin,AAVE/USDT:USDT,295.85,188.0,295.84,1094.0,295.86,349.0,295.88,5.0
1753617693697,12:01:33.697,blofin,AAVE/USDT:USDT,295.85,218.0,295.8,693.0,295.86,349.0,295.88,51.0
1753617694199,12:01:34.199,blofin,AAVE/USDT:USDT,295.86,341.0,295.85,2.0,295.88,52.0,295.89,70.0
1753617695200,12:01:35.200,blofin,AAVE/USDT:USDT,295.86,53.0,295.83,1873.0,295.88,85.0,295.89,70.0
1753617695815,12:01:35.815,blofin,AAVE/USDT:USDT,295.84,49.0,295.82,1119.0,295.86,80.0,295.87,608.0
1753617696202,12:01:36.202,blofin,AAVE/USDT:USDT,295.83,33.0,295.8,251.0,295.85,59.0,295.87,1269.0
1753617697205,12:01:37.205,blofin,AAVE/USDT:USDT,295.8,7.0,295.77,63.0,295.83,45.0,295.85,479.0
1753617697969,12:01:37.969,blofin,AAVE/USDT:USDT,295.78,2.0,295.76,1036.0,295.8,242.9,295.81,603.0
1753617698586,12:01:38.586,blofin,AAVE/USDT:USDT,295.84,416.0,295.83,633.0,295.85,9.0,295.88,552.0
1753617699206,12:01:39.206,blofin,AAVE/USDT:USDT,295.94,220.0,295.92,409.0,295.96,82.0,295.97,1279.0
1753617699971,12:01:39.971,blofin,AAVE/USDT:USDT,295.94,230.0,295.91,3141.0,295.96,72.0,295.97,148.0
1753617700710,12:01:40.710,blofin,AAVE/USDT:USDT,295.94,230.0,295.91,3141.0,295.96,72.0,295.97,148.0
1753617701211,12:01:41.211,blofin,AAVE/USDT:USDT,295.94,32.0,295.93,3399.0,295.96,51.0,295.97,154.0
1753617701971,12:01:41.971,blofin,AAVE/USDT:USDT,295.94,83.0,295.93,1360.0,295.96,51.0,295.97,169.0
1753617702712,12:01:42.712,blofin,AAVE/USDT:USDT,295.94,85.0,295.93,1360.0,295.96,51.0,295.97,167.0
1753617703213,12:01:43.213,blofin,AAVE/USDT:USDT,295.94,92.0,295.92,990.0,295.96,17.0,295.97,6.0
1753617703971,12:01:43.971,blofin,AAVE/USDT:USDT,295.94,8.0,295.93,67.0,295.96,21.0,295.97,4.0
1753617704213,12:01:44.213,blofin,AAVE/USDT:USDT,295.94,8.0,295.93,67.0,295.96,18.0,295.97,4.0
1753617705216,12:01:45.216,blofin,AAVE/USDT:USDT,295.94,8.0,295.93,67.0,295.96,66.0,295.97,4.0
1753617705717,12:01:45.717,blofin,AAVE/USDT:USDT,295.94,5.0,295.93,67.0,295.96,66.0,295.97,4.0
1753617706538,12:01:46.538,blofin,AAVE/USDT:USDT,295.94,5.0,295.93,67.0,295.95,228.0,295.96,1.0
1753617707218,12:01:47.218,blofin,AAVE/USDT:USDT,295.88,182.0,295.87,261.0,295.92,11.0,295.97,58.0
1753617707796,12:01:47.796,blofin,AAVE/USDT:USDT,295.88,144.0,295.87,261.0,295.89,206.0,295.92,1102.0
1753617709221,12:01:49.221,blofin,AAVE/USDT:USDT,295.85,64.0,295.84,3.0,295.87,87.0,295.89,404.0
1753617709978,12:01:49.978,blofin,AAVE/USDT:USDT,295.85,311.0,295.83,156.0,295.87,34.0,295.89,1055.0
1753617710228,12:01:50.228,blofin,AAVE/USDT:USDT,295.85,311.0,295.83,156.0,295.87,31.0,295.89,1055.0
1753617710982,12:01:50.982,blofin,AAVE/USDT:USDT,295.85,109.0,295.83,156.0,295.87,62.0,295.89,1303.0
1753617711722,12:01:51.722,blofin,AAVE/USDT:USDT,295.85,108.0,295.83,156.0,295.87,62.0,295.89,1303.0
1753617712225,12:01:52.225,blofin,AAVE/USDT:USDT,295.85,71.0,295.84,1025.0,295.87,2.0,295.88,78.0
1753617713226,12:01:53.226,blofin,AAVE/USDT:USDT,295.85,126.0,295.83,156.0,295.87,85.0,295.89,372.0
1753617713728,12:01:53.728,blofin,AAVE/USDT:USDT,295.85,126.0,295.83,156.0,295.87,85.0,295.89,372.0
1753617714228,12:01:54.228,blofin,AAVE/USDT:USDT,295.85,62.0,295.84,75.0,295.87,10.0,295.91,1203.0
1753617714982,12:01:54.982,blofin,AAVE/USDT:USDT,295.85,113.0,295.84,589.0,295.87,3.0,295.88,6.0
1753617715729,12:01:55.729,blofin,AAVE/USDT:USDT,295.85,116.0,295.84,585.0,295.87,3.0,295.88,6.0
1753617716341,12:01:56.341,blofin,AAVE/USDT:USDT,295.86,21.0,295.85,65.0,295.88,9.0,295.9,1034.0
1753617716983,12:01:56.983,blofin,AAVE/USDT:USDT,295.86,12.0,295.85,65.0,295.88,35.0,295.9,1333.0
1753617717735,12:01:57.735,blofin,AAVE/USDT:USDT,295.86,12.0,295.85,65.0,295.88,35.0,295.9,1333.0
1753617718242,12:01:58.242,blofin,AAVE/USDT:USDT,295.85,127.0,295.84,1610.0,295.87,2.0,295.88,13.0
1753617718987,12:01:58.987,blofin,AAVE/USDT:USDT,295.85,127.0,295.83,156.0,295.87,104.0,295.89,1330.0
1753617719736,12:01:59.736,blofin,AAVE/USDT:USDT,295.85,127.0,295.83,156.0,295.87,107.0,295.89,1330.0
1753617720239,12:02:00.239,blofin,AAVE/USDT:USDT,295.92,167.0,295.91,1593.0,295.95,156.0,295.97,1131.0
1753617721240,12:02:01.240,blofin,AAVE/USDT:USDT,295.92,36.0,295.89,673.0,295.94,39.0,295.95,4.0
1753617721988,12:02:01.988,blofin,AAVE/USDT:USDT,295.92,1.0,295.91,50.0,295.93,12.0,295.95,1284.0
1753617722752,12:02:02.752,blofin,AAVE/USDT:USDT,295.87,5.0,295.85,62.0,295.89,186.0,295.91,1299.0
1753617723743,12:02:03.743,blofin,AAVE/USDT:USDT,295.86,45.0,295.85,62.0,295.89,4.0,295.91,172.0
1753617724242,12:02:04.242,blofin,AAVE/USDT:USDT,295.87,1.0,295.86,2.0,295.89,188.0,295.91,763.0
1753617725242,12:02:05.242,blofin,AAVE/USDT:USDT,295.87,1.0,295.86,2.0,295.89,92.0,295.91,1039.0
1753617725991,12:02:05.991,blofin,AAVE/USDT:USDT,295.82,35.0,295.81,3.0,295.83,49.0,295.85,1191.0
1753617728175,12:02:08.175,blofin,AAVE/USDT:USDT,295.8,2.0,295.79,29.0,295.83,131.0,295.85,549.0
1753617728992,12:02:08.992,blofin,AAVE/USDT:USDT,295.78,1403.0,295.76,799.0,295.81,199.0,295.82,13.0
1753617729943,12:02:09.943,blofin,AAVE/USDT:USDT,295.78,229.0,295.77,24.0,295.8,226.0,295.81,4.0
1753617730247,12:02:10.247,blofin,AAVE/USDT:USDT,295.78,229.0,295.77,24.0,295.79,128.0,295.81,337.0
1753617731249,12:02:11.249,blofin,AAVE/USDT:USDT,295.72,3.0,295.71,184.0,295.74,291.0,295.76,676.0
1753617731996,12:02:11.996,blofin,AAVE/USDT:USDT,295.76,26.0,295.75,1755.0,295.78,1.0,295.79,63.0
1753617732749,12:02:12.749,blofin,AAVE/USDT:USDT,295.76,27.0,295.75,1755.0,295.79,64.0,295.83,1491.0
1753617733251,12:02:13.251,blofin,AAVE/USDT:USDT,295.76,28.0,295.74,735.0,295.78,64.0,295.79,146.0
1753617734252,12:02:14.252,blofin,AAVE/USDT:USDT,295.76,54.0,295.74,94.0,295.78,55.0,295.79,1318.0
1753617734994,12:02:14.994,blofin,AAVE/USDT:USDT,295.76,16.0,295.73,1470.0,295.78,62.0,295.79,4.0
1753617735753,12:02:15.753,blofin,AAVE/USDT:USDT,295.78,4.0,295.76,2281.0,295.79,4.0,295.8,202.0
1753617736257,12:02:16.257,blofin,AAVE/USDT:USDT,295.76,1.0,295.75,29.0,295.78,230.0,295.79,4.0
1753617737256,12:02:17.256,blofin,AAVE/USDT:USDT,295.76,8.0,295.74,1242.0,295.78,69.0,295.79,4.0
1753617737757,12:02:17.757,blofin,AAVE/USDT:USDT,295.76,8.0,295.74,1242.0,295.78,69.0,295.79,4.0
1753617738258,12:02:18.258,blofin,AAVE/USDT:USDT,295.76,7.0,295.75,1770.0,295.78,3.0,295.79,210.0
1753617739259,12:02:19.259,blofin,AAVE/USDT:USDT,295.84,317.0,295.81,1336.0,295.85,215.0,295.86,8.0
1753617739998,12:02:19.998,blofin,AAVE/USDT:USDT,295.84,109.0,295.81,442.0,295.85,215.0,295.86,40.0
1753617740762,12:02:20.762,blofin,AAVE/USDT:USDT,295.84,110.0,295.81,442.0,295.85,215.0,295.86,39.0
1753617741260,12:02:21.260,blofin,AAVE/USDT:USDT,295.84,41.0,295.82,1055.0,295.85,215.0,295.86,72.0
1753617742261,12:02:22.261,blofin,AAVE/USDT:USDT,295.84,1.0,295.83,36.0,295.85,215.0,295.86,187.0
1753617743005,12:02:23.005,blofin,AAVE/USDT:USDT,295.83,40.0,295.79,509.0,295.85,190.0,295.86,186.0
1753617743771,12:02:23.771,blofin,AAVE/USDT:USDT,295.84,83.0,295.83,920.0,295.85,190.0,295.87,38.0
1753617744265,12:02:24.265,blofin,AAVE/USDT:USDT,295.84,58.0,295.83,4.0,295.85,190.0,295.86,37.0
1753617745265,12:02:25.265,blofin,AAVE/USDT:USDT,295.84,4.0,295.83,58.0,295.85,190.0,295.86,37.0
1753617746003,12:02:26.003,blofin,AAVE/USDT:USDT,295.84,4.0,295.83,171.0,295.85,190.0,295.86,30.0
1753617746766,12:02:26.766,blofin,AAVE/USDT:USDT,295.83,174.0,295.8,1762.0,295.85,190.0,295.86,30.0
1753617747269,12:02:27.269,blofin,AAVE/USDT:USDT,295.84,217.0,295.83,3.0,295.85,190.0,295.86,4.0
1753617748006,12:02:28.006,blofin,AAVE/USDT:USDT,295.84,3.0,295.82,279.0,295.86,129.0,295.87,1568.0
1753617748771,12:02:28.771,blofin,AAVE/USDT:USDT,295.84,13.0,295.83,1709.0,295.87,62.0,295.88,502.0
1753617749380,12:02:29.380,blofin,AAVE/USDT:USDT,295.85,45.0,295.84,1664.0,295.87,33.0,295.88,191.0
1753617750274,12:02:30.274,blofin,AAVE/USDT:USDT,295.85,30.0,295.83,1960.0,295.87,63.0,295.88,731.0
1753617751010,12:02:31.010,blofin,AAVE/USDT:USDT,295.85,203.0,295.83,481.0,295.87,37.0,295.88,310.0
1753617751775,12:02:31.775,blofin,AAVE/USDT:USDT,295.85,204.0,295.83,481.0,295.87,37.0,295.88,310.0
1753617752277,12:02:32.277,blofin,AAVE/USDT:USDT,295.84,202.0,295.83,299.0,295.87,37.0,295.88,3.0
1753617753010,12:02:33.010,blofin,AAVE/USDT:USDT,295.84,202.0,295.83,299.0,295.87,42.0,295.89,1170.0
1753617753780,12:02:33.780,blofin,AAVE/USDT:USDT,295.85,10.0,295.83,296.0,295.87,114.0,295.89,1070.0
1753617754278,12:02:34.278,blofin,AAVE/USDT:USDT,295.84,13.0,295.82,400.0,295.87,90.0,295.88,1009.0
1753617755279,12:02:35.279,blofin,AAVE/USDT:USDT,295.84,9.0,295.79,1235.0,295.87,223.0,295.88,673.0
1753617756010,12:02:36.010,blofin,AAVE/USDT:USDT,295.85,9.0,295.84,338.0,295.87,36.0,295.88,31.0
1753617756626,12:02:36.626,blofin,AAVE/USDT:USDT,295.85,90.0,295.84,307.0,295.87,36.0,295.89,31.0
1753617757282,12:02:37.282,blofin,AAVE/USDT:USDT,295.87,71.0,295.86,5.0,295.89,10.0,295.9,158.0
1753617758012,12:02:38.012,blofin,AAVE/USDT:USDT,295.87,72.0,295.84,1004.0,295.89,12.0,295.9,158.0
1753617758300,12:02:38.300,blofin,AAVE/USDT:USDT,295.86,36.0,295.82,11.0,295.89,5.0,295.9,158.0
1753617759288,12:02:39.288,blofin,AAVE/USDT:USDT,295.87,204.0,295.86,4.0,295.89,3.0,295.9,649.0
1753617759926,12:02:39.926,blofin,AAVE/USDT:USDT,295.87,213.0,295.86,2019.0,295.89,5.0,295.9,168.0
1753617760290,12:02:40.290,blofin,AAVE/USDT:USDT,295.88,212.0,295.86,1000.0,295.9,172.0,295.91,332.0
1753617760791,12:02:40.791,blofin,AAVE/USDT:USDT,295.88,216.0,295.86,996.0,295.9,172.0,295.91,332.0
1753617761294,12:02:41.294,blofin,AAVE/USDT:USDT,295.88,89.0,295.85,2338.0,295.9,172.0,295.92,460.0
1753617762290,12:02:42.290,blofin,AAVE/USDT:USDT,295.88,9.0,295.86,1593.0,295.9,208.0,295.91,749.0
1753617762793,12:02:42.793,blofin,AAVE/USDT:USDT,295.88,8.0,295.86,1593.0,295.9,208.0,295.91,749.0
1753617763292,12:02:43.292,blofin,AAVE/USDT:USDT,295.88,3.0,295.87,1.0,295.9,216.0,295.94,12.0
1753617764794,12:02:44.794,blofin,AAVE/USDT:USDT,295.88,41.0,295.87,1.0,295.9,72.0,295.92,539.0
1753617765297,12:02:45.297,blofin,AAVE/USDT:USDT,295.88,2.0,295.87,49.0,295.9,52.0,295.93,1082.0
1753617766016,12:02:46.016,blofin,AAVE/USDT:USDT,295.88,197.0,295.87,2.0,295.9,15.0,295.92,167.0
1753617766298,12:02:46.298,blofin,AAVE/USDT:USDT,295.88,202.0,295.86,15.0,295.9,15.0,295.92,167.0
1753617767299,12:02:47.299,blofin,AAVE/USDT:USDT,295.88,199.0,295.85,1220.0,295.9,15.0,295.92,141.0
1753617768019,12:02:48.019,blofin,AAVE/USDT:USDT,295.88,200.0,295.85,1220.0,295.9,13.0,295.92,141.0
1753617768302,12:02:48.302,blofin,AAVE/USDT:USDT,295.88,5.0,295.87,195.0,295.9,13.0,295.94,12.0
1753617769304,12:02:49.304,blofin,AAVE/USDT:USDT,295.88,197.0,295.85,364.0,295.9,13.0,295.92,1154.0
1753617770021,12:02:50.021,blofin,AAVE/USDT:USDT,295.9,103.0,295.89,807.0,295.93,27.0,295.94,12.0
1753617770807,12:02:50.807,blofin,AAVE/USDT:USDT,295.9,108.0,295.89,807.0,295.93,27.0,295.94,12.0
1753617771307,12:02:51.307,blofin,AAVE/USDT:USDT,295.9,38.0,295.88,1429.0,295.92,190.0,295.93,420.0
1753617772307,12:02:52.307,blofin,AAVE/USDT:USDT,295.9,47.0,295.88,2.0,295.92,191.0,295.94,327.0
1753617773026,12:02:53.026,blofin,AAVE/USDT:USDT,295.9,44.0,295.88,2.0,295.92,190.0,295.94,327.0
1753617773810,12:02:53.810,blofin,AAVE/USDT:USDT,295.88,2.0,295.87,42.0,295.9,207.0,295.92,4.0
1753617774310,12:02:54.310,blofin,AAVE/USDT:USDT,295.88,24.0,295.86,576.0,295.9,196.0,295.92,522.0
1753617775026,12:02:55.026,blofin,AAVE/USDT:USDT,295.88,24.0,295.87,991.0,295.9,1.0,295.91,200.0
1753617775815,12:02:55.815,blofin,AAVE/USDT:USDT,295.88,25.0,295.87,991.0,295.91,203.0,295.94,12.0
1753617776313,12:02:56.313,blofin,AAVE/USDT:USDT,295.88,25.0,295.85,1305.0,295.9,206.0,295.92,155.0
1753617777315,12:02:57.315,blofin,AAVE/USDT:USDT,295.88,25.0,295.86,405.0,295.9,171.0,295.92,475.0
1753617779307,12:02:59.307,blofin,AAVE/USDT:USDT,295.91,83.0,295.89,1865.0,295.94,154.0,295.95,1040.0
1753617780028,12:03:00.028,blofin,AAVE/USDT:USDT,295.92,108.0,295.9,2023.0,295.94,145.0,295.95,698.0
1753617781321,12:03:01.321,blofin,AAVE/USDT:USDT,295.92,91.0,295.91,804.0,295.94,16.0,295.95,45.0
1753617782029,12:03:02.029,blofin,AAVE/USDT:USDT,295.95,262.0,295.91,405.0,295.97,122.0,295.98,39.0
1753617782823,12:03:02.823,blofin,AAVE/USDT:USDT,295.95,263.0,295.91,405.0,295.97,122.0,295.98,39.0
1753617783322,12:03:03.322,blofin,AAVE/USDT:USDT,295.96,204.0,295.93,385.0,295.97,122.0,295.98,2.0
1753617784033,12:03:04.033,blofin,AAVE/USDT:USDT,295.96,45.0,295.93,978.0,295.97,122.0,295.98,40.0
1753617784825,12:03:04.825,blofin,AAVE/USDT:USDT,295.96,41.0,295.93,978.0,295.97,122.0,295.98,41.0
1753617785446,12:03:05.446,blofin,AAVE/USDT:USDT,295.94,20.0,295.91,1062.0,295.96,177.0,295.97,122.0
1753617786328,12:03:06.328,blofin,AAVE/USDT:USDT,295.94,32.0,295.92,838.0,295.96,48.0,295.97,122.0
1753617787033,12:03:07.033,blofin,AAVE/USDT:USDT,295.94,97.0,295.93,176.0,295.96,3.0,295.97,128.0
1753617787827,12:03:07.827,blofin,AAVE/USDT:USDT,295.96,92.0,295.94,280.0,295.97,122.0,295.98,7.0
1753617788329,12:03:08.329,blofin,AAVE/USDT:USDT,295.96,101.0,295.94,398.0,295.97,122.0,295.98,10.0
1753617789329,12:03:09.329,blofin,AAVE/USDT:USDT,295.96,107.0,295.94,2242.0,295.97,122.0,295.98,51.0
1753617790035,12:03:10.035,blofin,AAVE/USDT:USDT,295.96,5.0,295.95,231.0,295.97,122.0,295.98,43.0
1753617790833,12:03:10.833,blofin,AAVE/USDT:USDT,295.95,233.0,295.94,2589.0,295.97,122.0,295.98,43.0
1753617791332,12:03:11.332,blofin,AAVE/USDT:USDT,295.95,101.0,295.91,1454.0,295.97,122.0,295.98,33.0
1753617792334,12:03:12.334,blofin,AAVE/USDT:USDT,296.02,17.0,296.0,879.0,296.03,18.0,296.04,120.0
1753617793051,12:03:13.051,blofin,AAVE/USDT:USDT,296.02,21.0,296.0,879.0,296.03,18.0,296.04,124.0
1753617793335,12:03:13.335,blofin,AAVE/USDT:USDT,296.02,15.0,296.0,685.0,296.04,36.0,296.06,1095.0
1753617794339,12:03:14.339,blofin,AAVE/USDT:USDT,296.02,15.0,295.99,1659.0,296.04,192.0,296.06,1237.0
1753617795039,12:03:15.039,blofin,AAVE/USDT:USDT,296.02,11.0,296.01,718.0,296.04,5.0,296.05,50.0
1753617795840,12:03:15.840,blofin,AAVE/USDT:USDT,296.02,10.0,296.01,718.0,296.04,5.0,296.05,50.0
1753617796340,12:03:16.340,blofin,AAVE/USDT:USDT,296.02,38.0,295.99,1792.0,296.04,77.0,296.07,572.0
1753617797343,12:03:17.343,blofin,AAVE/USDT:USDT,296.05,28.0,296.04,1226.0,296.08,271.0,296.09,251.0
1753617798041,12:03:18.041,blofin,AAVE/USDT:USDT,296.05,31.0,296.04,1226.0,296.08,276.0,296.09,251.0
1753617798342,12:03:18.342,blofin,AAVE/USDT:USDT,296.05,9.0,296.02,874.0,296.07,51.0,296.08,269.0
1753617799342,12:03:19.342,blofin,AAVE/USDT:USDT,296.04,10.0,296.02,450.0,296.07,189.0,296.08,269.0
1753617800045,12:03:20.045,blofin,AAVE/USDT:USDT,296.05,13.0,296.04,4.0,296.07,49.0,296.08,1808.0
1753617800346,12:03:20.346,blofin,AAVE/USDT:USDT,296.05,18.0,296.03,222.0,296.07,49.0,296.08,1808.0
1753617801477,12:03:21.477,blofin,AAVE/USDT:USDT,296.02,4.0,296.0,23.0,296.03,4.0,296.05,33.0
1753617802044,12:03:22.044,blofin,AAVE/USDT:USDT,296.02,5.0,296.01,41.0,296.03,4.0,296.04,57.0
1753617802598,12:03:22.598,blofin,AAVE/USDT:USDT,296.02,5.0,296.01,41.0,296.04,68.0,296.06,287.0
1753617803348,12:03:23.348,blofin,AAVE/USDT:USDT,296.02,4.0,296.01,32.0,296.03,17.0,296.05,589.0
1753617804045,12:03:24.045,blofin,AAVE/USDT:USDT,296.02,4.0,296.01,11.0,296.03,1.0,296.04,52.0
1753617804535,12:03:24.535,blofin,AAVE/USDT:USDT,295.97,109.0,295.96,869.0,296.01,190.0,296.03,709.0
1753617805354,12:03:25.354,blofin,AAVE/USDT:USDT,295.99,4.0,295.97,1901.0,296.01,98.0,296.02,881.0
1753617806046,12:03:26.046,blofin,AAVE/USDT:USDT,296.02,264.0,296.01,1615.0,296.03,1.0,296.04,2.0
1753617806354,12:03:26.354,blofin,AAVE/USDT:USDT,296.04,259.0,296.03,2271.0,296.07,6.0,296.08,269.0
1753617807355,12:03:27.355,blofin,AAVE/USDT:USDT,296.04,117.0,296.02,1429.0,296.07,6.0,296.08,1008.0
1753617808048,12:03:28.048,blofin,AAVE/USDT:USDT,296.06,105.0,296.04,1807.0,296.07,2.0,296.08,271.0
1753617808362,12:03:28.362,blofin,AAVE/USDT:USDT,296.06,249.0,296.04,308.0,296.08,299.0,296.09,251.0
1753617809358,12:03:29.358,blofin,AAVE/USDT:USDT,296.06,1.0,296.05,169.0,296.08,299.0,296.09,251.0
1753617810049,12:03:30.049,blofin,AAVE/USDT:USDT,296.06,274.0,296.05,1404.0,296.08,299.0,296.09,251.0
1753617810360,12:03:30.360,blofin,AAVE/USDT:USDT,296.06,274.0,296.05,1404.0,296.08,297.0,296.09,256.0
1753617811049,12:03:31.049,blofin,AAVE/USDT:USDT,296.06,161.0,296.05,1.0,296.08,270.0,296.09,256.0
1753617811863,12:03:31.863,blofin,AAVE/USDT:USDT,296.06,166.0,296.03,988.0,296.08,271.0,296.09,251.0
1753617812362,12:03:32.362,blofin,AAVE/USDT:USDT,296.06,289.0,296.03,1094.0,296.08,272.0,296.09,251.0
1753617813050,12:03:33.050,blofin,AAVE/USDT:USDT,296.09,329.0,296.07,1083.0,296.11,74.0,296.13,1559.0
1753617813362,12:03:33.362,blofin,AAVE/USDT:USDT,296.09,451.0,296.07,647.0,296.11,2.0,296.12,32.0
1753617814363,12:03:34.363,blofin,AAVE/USDT:USDT,296.09,362.0,296.08,1422.0,296.11,4.0,296.12,1.0
1753617815052,12:03:35.052,blofin,AAVE/USDT:USDT,296.09,395.0,296.08,1324.0,296.11,4.0,296.12,1.0
1753617815365,12:03:35.365,blofin,AAVE/USDT:USDT,296.09,393.0,296.08,1324.0,296.11,4.0,296.12,1.0
1753617816344,12:03:36.344,blofin,AAVE/USDT:USDT,296.09,2.0,296.08,277.0,296.11,4.0,296.12,21.0
1753617817051,12:03:37.051,blofin,AAVE/USDT:USDT,296.1,259.0,296.09,2.0,296.13,54.0,296.14,287.0
1753617817367,12:03:37.367,blofin,AAVE/USDT:USDT,296.1,259.0,296.09,2.0,296.13,54.0,296.14,287.0
1753617818369,12:03:38.369,blofin,AAVE/USDT:USDT,296.11,307.0,296.1,2.0,296.13,32.0,296.14,1320.0
1753617819052,12:03:39.052,blofin,AAVE/USDT:USDT,296.11,162.0,296.1,538.0,296.13,1.0,296.14,335.0
1753617819873,12:03:39.873,blofin,AAVE/USDT:USDT,296.11,165.0,296.1,536.0,296.13,1.0,296.14,335.0
1753617820374,12:03:40.374,blofin,AAVE/USDT:USDT,296.11,165.0,296.1,934.0,296.14,336.0,296.15,305.0
1753617821055,12:03:41.055,blofin,AAVE/USDT:USDT,296.11,135.0,296.1,213.0,296.13,32.0,296.14,521.0
1753617821876,12:03:41.876,blofin,AAVE/USDT:USDT,296.15,12.0,296.12,1930.0,296.17,33.0,296.18,328.0
1753617822345,12:03:42.345,blofin,AAVE/USDT:USDT,296.19,359.0,296.17,580.0,296.2,48.0,296.21,169.0
1753617823070,12:03:43.070,blofin,AAVE/USDT:USDT,296.19,362.0,296.17,580.0,296.2,48.0,296.21,9.0
1753617823883,12:03:43.883,blofin,AAVE/USDT:USDT,296.19,326.0,296.16,1092.0,296.21,41.0,296.24,682.0
1753617824058,12:03:44.058,blofin,AAVE/USDT:USDT,296.19,218.0,296.16,1712.0,296.21,67.0,296.23,299.0
1753617824881,12:03:44.881,blofin,AAVE/USDT:USDT,296.19,218.0,296.16,1712.0,296.21,68.0,296.23,299.0
1753617826383,12:03:46.383,blofin,AAVE/USDT:USDT,296.19,144.0,296.18,1232.0,296.21,4.0,296.22,65.0
1753617827062,12:03:47.062,blofin,AAVE/USDT:USDT,296.19,144.0,296.16,1220.0,296.21,61.0,296.22,1.0
1753617827382,12:03:47.382,blofin,AAVE/USDT:USDT,296.19,146.0,296.16,1220.0,296.21,61.0,296.22,1.0
1753617828386,12:03:48.386,blofin,AAVE/USDT:USDT,296.19,151.0,296.17,1112.0,296.21,64.0,296.23,770.0
1753617829062,12:03:49.062,blofin,AAVE/USDT:USDT,296.19,6.0,296.18,151.0,296.21,62.0,296.22,631.0
1753617829886,12:03:49.886,blofin,AAVE/USDT:USDT,296.19,3.0,296.18,153.0,296.21,63.0,296.22,631.0
1753617830064,12:03:50.064,blofin,AAVE/USDT:USDT,296.19,386.0,296.18,2.0,296.21,18.0,296.22,421.0
1753617830891,12:03:50.891,blofin,AAVE/USDT:USDT,296.22,383.0,296.21,1305.0,296.25,15.0,296.26,72.0
1753617831389,12:03:51.389,blofin,AAVE/USDT:USDT,296.22,323.0,296.21,722.0,296.25,128.0,296.26,72.0
1753617832065,12:03:52.065,blofin,AAVE/USDT:USDT,296.22,197.0,296.19,1116.0,296.24,125.0,296.25,3.0
1753617833066,12:03:53.066,blofin,AAVE/USDT:USDT,296.22,200.0,296.19,1116.0,296.24,129.0,296.26,508.0
1753617833892,12:03:53.892,blofin,AAVE/USDT:USDT,296.22,173.0,296.2,89.0,296.24,128.0,296.26,718.0
1753617834393,12:03:54.393,blofin,AAVE/USDT:USDT,296.22,106.0,296.19,360.0,296.24,128.0,296.26,1753.0
1753617835394,12:03:55.394,blofin,AAVE/USDT:USDT,296.22,106.0,296.21,505.0,296.25,172.0,296.26,907.0
1753617835896,12:03:55.896,blofin,AAVE/USDT:USDT,296.22,106.0,296.21,505.0,296.25,173.0,296.26,907.0
1753617836396,12:03:56.396,blofin,AAVE/USDT:USDT,296.22,103.0,296.2,452.0,296.24,125.0,296.25,819.0
1753617837398,12:03:57.398,blofin,AAVE/USDT:USDT,296.22,2.0,296.21,147.0,296.24,128.0,296.26,72.0
1753617838068,12:03:58.068,blofin,AAVE/USDT:USDT,296.13,36.0,296.12,153.0,296.15,44.0,296.16,356.0
1753617838813,12:03:58.813,blofin,AAVE/USDT:USDT,296.08,270.0,296.07,226.0,296.1,210.0,296.11,1673.0
1753617839402,12:03:59.402,blofin,AAVE/USDT:USDT,296.0,324.0,295.99,15.0,296.02,59.0,296.04,523.0
1753617840070,12:04:00.070,blofin,AAVE/USDT:USDT,296.0,503.0,295.99,15.0,296.02,9.0,296.04,345.0
1753617840902,12:04:00.902,blofin,AAVE/USDT:USDT,296.0,503.0,295.99,15.0,296.02,9.0,296.04,345.0
1753617841404,12:04:01.404,blofin,AAVE/USDT:USDT,296.0,343.0,295.99,1898.0,296.03,31.0,296.07,58.0
1753617842397,12:04:02.397,blofin,AAVE/USDT:USDT,295.93,237.0,295.92,2.0,295.94,286.0,295.95,939.0
1753617843070,12:04:03.070,blofin,AAVE/USDT:USDT,295.97,2.0,295.95,1529.0,295.99,208.0,296.01,326.0
1753617843406,12:04:03.406,blofin,AAVE/USDT:USDT,295.97,254.0,295.95,352.0,295.99,7.0,296.01,762.0
1753617844410,12:04:04.410,blofin,AAVE/USDT:USDT,295.84,126.0,295.82,1.0,295.85,82.0,295.9,1277.0
1753617845186,12:04:05.186,blofin,AAVE/USDT:USDT,295.77,37.0,295.76,1.0,295.83,109.0,295.85,282.0
1753617845911,12:04:05.911,blofin,AAVE/USDT:USDT,295.79,11.0,295.76,1157.0,295.81,47.0,295.83,181.0
1753617847415,12:04:07.415,blofin,AAVE/USDT:USDT,295.78,6.0,295.76,2730.0,295.8,89.0,295.81,639.0
1753617848074,12:04:08.074,blofin,AAVE/USDT:USDT,295.78,10.0,295.76,2730.0,295.8,89.0,295.81,639.0
1753617848414,12:04:08.414,blofin,AAVE/USDT:USDT,295.79,126.0,295.78,4.0,295.8,3.0,295.82,4.0
1753617849073,12:04:09.073,blofin,AAVE/USDT:USDT,295.79,7.0,295.78,4.0,295.82,90.0,295.85,180.0
1753617849916,12:04:09.916,blofin,AAVE/USDT:USDT,295.88,206.0,295.85,81.0,295.89,71.0,295.9,99.0
1753617850419,12:04:10.419,blofin,AAVE/USDT:USDT,295.88,206.0,295.85,516.0,295.9,305.0,295.91,31.0
1753617851418,12:04:11.418,blofin,AAVE/USDT:USDT,295.81,44.0,295.78,1121.0,295.83,61.0,295.86,145.0
1753617852077,12:04:12.077,blofin,AAVE/USDT:USDT,295.81,37.0,295.8,21.0,295.83,35.0,295.85,1076.0
1753617852921,12:04:12.921,blofin,AAVE/USDT:USDT,295.81,37.0,295.8,22.0,295.83,35.0,295.85,1076.0
1753617853422,12:04:13.422,blofin,AAVE/USDT:USDT,295.81,205.0,295.8,8.0,295.83,7.0,295.85,645.0
1753617854080,12:04:14.080,blofin,AAVE/USDT:USDT,295.88,301.0,295.86,926.0,295.9,17.0,295.91,1256.0
1753617854424,12:04:14.424,blofin,AAVE/USDT:USDT,295.88,304.0,295.86,926.0,295.9,17.0,295.91,1256.0
1753617855079,12:04:15.079,blofin,AAVE/USDT:USDT,295.88,3.0,295.87,172.0,295.9,60.0,295.91,687.0
1753617855860,12:04:15.860,blofin,AAVE/USDT:USDT,295.9,172.0,295.88,1729.0,295.91,248.0,295.92,2.0
1753617856404,12:04:16.404,blofin,AAVE/USDT:USDT,295.89,29.0,295.87,1047.0,295.93,41.0,295.94,1147.0
1753617857039,12:04:17.039,blofin,AAVE/USDT:USDT,295.91,83.0,295.9,869.0,295.94,51.0,295.95,24.0
1753617858083,12:04:18.083,blofin,AAVE/USDT:USDT,295.91,1028.0,295.9,310.0,295.93,56.0,295.94,1131.0
1753617858732,12:04:18.732,blofin,AAVE/USDT:USDT,295.95,1045.0,295.94,286.0,295.96,37.0,295.98,5.0
1753617859434,12:04:19.434,blofin,AAVE/USDT:USDT,295.96,46.0,295.95,168.0,295.99,261.0,296.0,14.0
1753617860084,12:04:20.084,blofin,AAVE/USDT:USDT,295.91,815.0,295.9,2854.0,295.94,28.0,295.97,379.0
1753617861437,12:04:21.437,blofin,AAVE/USDT:USDT,295.91,788.0,295.9,166.0,295.94,155.0,295.95,1298.0
