timestamp,time,exchange,symbol,bid1_price,bid1_volume,bid2_price,bid2_volume,ask1_price,ask1_volume,ask2_price,ask2_volume
1753617156694,11:52:36.694,bybit,A/USDT:USDT,0.577,17.0,0.5769,698.0,0.5771,127.0,0.5772,671.0
1753617157095,11:52:37.095,bybit,A/USDT:USDT,0.577,17.0,0.5769,698.0,0.5771,127.0,0.5772,633.0
1753617157195,11:52:37.195,bybit,A/USDT:USDT,0.577,17.0,0.5769,660.0,0.5771,127.0,0.5772,671.0
1753617157296,11:52:37.296,bybit,A/USDT:USDT,0.577,17.0,0.5769,660.0,0.5771,127.0,0.5772,671.0
1753617157394,11:52:37.394,bybit,A/USDT:USDT,0.577,17.0,0.5769,660.0,0.5771,127.0,0.5772,671.0
1753617158594,11:52:38.594,bybit,A/USDT:USDT,0.577,17.0,0.5769,660.0,0.5771,127.0,0.5772,671.0
1753617158994,11:52:38.994,bybit,A/USDT:USDT,0.577,17.0,0.5769,660.0,0.5771,127.0,0.5772,671.0
1753617160594,11:52:40.594,bybit,A/USDT:USDT,0.577,17.0,0.5769,660.0,0.5771,127.0,0.5772,671.0
1753617160694,11:52:40.694,bybit,A/USDT:USDT,0.577,17.0,0.5769,660.0,0.5771,127.0,0.5772,671.0
1753617161196,11:52:41.196,bybit,A/USDT:USDT,0.577,17.0,0.5769,660.0,0.5771,127.0,0.5772,671.0
1753617161295,11:52:41.295,bybit,A/USDT:USDT,0.577,17.0,0.5769,660.0,0.5771,127.0,0.5772,671.0
1753617161994,11:52:41.994,bybit,A/USDT:USDT,0.577,17.0,0.5769,660.0,0.5771,127.0,0.5772,671.0
1753617162695,11:52:42.695,bybit,A/USDT:USDT,0.577,17.0,0.5769,660.0,0.5771,185.0,0.5772,671.0
1753617162794,11:52:42.794,bybit,A/USDT:USDT,0.577,17.0,0.5769,660.0,0.5771,185.0,0.5772,671.0
1753617162896,11:52:42.896,bybit,A/USDT:USDT,0.577,17.0,0.5769,660.0,0.5771,185.0,0.5772,671.0
1753617163093,11:52:43.093,bybit,A/USDT:USDT,0.577,17.0,0.5769,698.0,0.5771,185.0,0.5772,633.0
1753617163194,11:52:43.194,bybit,A/USDT:USDT,0.577,17.0,0.5769,660.0,0.5771,185.0,0.5772,633.0
1753617163494,11:52:43.494,bybit,A/USDT:USDT,0.577,17.0,0.5769,698.0,0.5771,185.0,0.5772,633.0
1753617163795,11:52:43.795,bybit,A/USDT:USDT,0.577,17.0,0.5769,660.0,0.5771,185.0,0.5772,633.0
1753617163894,11:52:43.894,bybit,A/USDT:USDT,0.577,17.0,0.5769,698.0,0.5771,185.0,0.5772,633.0
1753617164199,11:52:44.199,bybit,A/USDT:USDT,0.577,17.0,0.5769,698.0,0.5771,185.0,0.5772,633.0
1753617164294,11:52:44.294,bybit,A/USDT:USDT,0.577,17.0,0.5769,736.0,0.5771,185.0,0.5772,595.0
1753617164796,11:52:44.796,bybit,A/USDT:USDT,0.577,17.0,0.5769,736.0,0.5771,185.0,0.5772,595.0
1753617165495,11:52:45.495,bybit,A/USDT:USDT,0.577,17.0,0.5769,698.0,0.5771,185.0,0.5772,595.0
1753617165594,11:52:45.594,bybit,A/USDT:USDT,0.577,17.0,0.5769,660.0,0.5771,185.0,0.5772,633.0
1753617165694,11:52:45.694,bybit,A/USDT:USDT,0.577,17.0,0.5769,660.0,0.5771,185.0,0.5772,671.0
1753617165794,11:52:45.794,bybit,A/USDT:USDT,0.577,17.0,0.5769,660.0,0.5771,185.0,0.5772,671.0
1753617165894,11:52:45.894,bybit,A/USDT:USDT,0.577,17.0,0.5769,660.0,0.5771,185.0,0.5772,671.0
1753617165994,11:52:45.994,bybit,A/USDT:USDT,0.577,17.0,0.5769,660.0,0.5771,185.0,0.5772,671.0
1753617166294,11:52:46.294,bybit,A/USDT:USDT,0.577,17.0,0.5769,660.0,0.5771,185.0,0.5772,671.0
1753617166394,11:52:46.394,bybit,A/USDT:USDT,0.577,17.0,0.5769,660.0,0.5771,185.0,0.5772,671.0
1753617166694,11:52:46.694,bybit,A/USDT:USDT,0.577,17.0,0.5769,698.0,0.5771,185.0,0.5772,633.0
1753617166795,11:52:46.795,bybit,A/USDT:USDT,0.577,17.0,0.5769,698.0,0.5771,185.0,0.5772,633.0
1753617166895,11:52:46.895,bybit,A/USDT:USDT,0.577,17.0,0.5769,698.0,0.5771,185.0,0.5772,633.0
1753617166994,11:52:46.994,bybit,A/USDT:USDT,0.577,17.0,0.5769,660.0,0.5771,185.0,0.5772,633.0
1753617167194,11:52:47.194,bybit,A/USDT:USDT,0.577,17.0,0.5769,660.0,0.5771,185.0,0.5772,671.0
1753617167294,11:52:47.294,bybit,A/USDT:USDT,0.577,17.0,0.5769,660.0,0.5771,185.0,0.5772,671.0
1753617167394,11:52:47.394,bybit,A/USDT:USDT,0.577,17.0,0.5769,660.0,0.5771,185.0,0.5772,671.0
1753617167895,11:52:47.895,bybit,A/USDT:USDT,0.577,17.0,0.5769,698.0,0.5771,185.0,0.5772,633.0
1753617167994,11:52:47.994,bybit,A/USDT:USDT,0.577,17.0,0.5769,660.0,0.5771,185.0,0.5772,671.0
1753617168095,11:52:48.095,bybit,A/USDT:USDT,0.577,17.0,0.5769,660.0,0.5771,185.0,0.5772,671.0
1753617168195,11:52:48.195,bybit,A/USDT:USDT,0.577,17.0,0.5769,660.0,0.5771,185.0,0.5772,671.0
1753617168296,11:52:48.296,bybit,A/USDT:USDT,0.577,17.0,0.5769,660.0,0.5771,185.0,0.5772,671.0
1753617168395,11:52:48.395,bybit,A/USDT:USDT,0.577,17.0,0.5769,660.0,0.5771,185.0,0.5772,671.0
1753617168894,11:52:48.894,bybit,A/USDT:USDT,0.577,17.0,0.5769,660.0,0.5771,185.0,0.5772,633.0
1753617169094,11:52:49.094,bybit,A/USDT:USDT,0.577,17.0,0.5769,698.0,0.5771,185.0,0.5772,595.0
1753617169194,11:52:49.194,bybit,A/USDT:USDT,0.577,17.0,0.5769,698.0,0.5771,185.0,0.5772,633.0
1753617169294,11:52:49.294,bybit,A/USDT:USDT,0.577,17.0,0.5769,660.0,0.5771,185.0,0.5772,671.0
1753617169394,11:52:49.394,bybit,A/USDT:USDT,0.577,17.0,0.5769,660.0,0.5771,185.0,0.5772,671.0
1753617169594,11:52:49.594,bybit,A/USDT:USDT,0.577,17.0,0.5769,660.0,0.5771,185.0,0.5772,671.0
1753617169695,11:52:49.695,bybit,A/USDT:USDT,0.577,17.0,0.5769,660.0,0.5771,185.0,0.5772,671.0
1753617169993,11:52:49.993,bybit,A/USDT:USDT,0.577,17.0,0.5769,660.0,0.5771,185.0,0.5772,671.0
1753617170094,11:52:50.094,bybit,A/USDT:USDT,0.577,17.0,0.5769,660.0,0.5771,185.0,0.5772,671.0
1753617170194,11:52:50.194,bybit,A/USDT:USDT,0.577,17.0,0.5769,660.0,0.5771,185.0,0.5772,671.0
1753617170294,11:52:50.294,bybit,A/USDT:USDT,0.577,17.0,0.5769,660.0,0.5771,185.0,0.5772,633.0
1753617170396,11:52:50.396,bybit,A/USDT:USDT,0.577,17.0,0.5769,660.0,0.5771,185.0,0.5772,671.0
1753617171094,11:52:51.094,bybit,A/USDT:USDT,0.577,17.0,0.5769,660.0,0.5771,185.0,0.5772,671.0
1753617171194,11:52:51.194,bybit,A/USDT:USDT,0.577,17.0,0.5769,636.0,0.5771,223.0,0.5772,695.0
1753617171294,11:52:51.294,bybit,A/USDT:USDT,0.577,17.0,0.5769,636.0,0.5771,185.0,0.5772,695.0
1753617171495,11:52:51.495,bybit,A/USDT:USDT,0.577,17.0,0.5769,674.0,0.5771,185.0,0.5772,633.0
1753617171595,11:52:51.595,bybit,A/USDT:USDT,0.577,156.0,0.5769,1643.0,0.5771,127.0,0.5772,240.0
1753617171694,11:52:51.694,bybit,A/USDT:USDT,0.577,118.0,0.5769,1656.0,0.5771,127.0,0.5772,240.0
1753617171795,11:52:51.795,bybit,A/USDT:USDT,0.577,118.0,0.5769,1656.0,0.5771,127.0,0.5772,240.0
1753617172095,11:52:52.095,bybit,A/USDT:USDT,0.577,137.0,0.5769,1656.0,0.5771,127.0,0.5772,240.0
1753617172196,11:52:52.196,bybit,A/USDT:USDT,0.577,137.0,0.5769,1656.0,0.5771,127.0,0.5772,240.0
1753617172294,11:52:52.294,bybit,A/USDT:USDT,0.577,137.0,0.5769,1656.0,0.5771,127.0,0.5772,240.0
1753617172595,11:52:52.595,bybit,A/USDT:USDT,0.577,137.0,0.5769,1656.0,0.5771,127.0,0.5772,240.0
1753617172694,11:52:52.694,bybit,A/USDT:USDT,0.577,137.0,0.5769,1656.0,0.5771,127.0,0.5772,240.0
1753617172794,11:52:52.794,bybit,A/USDT:USDT,0.577,137.0,0.5769,1656.0,0.5771,127.0,0.5772,240.0
1753617173095,11:52:53.095,bybit,A/USDT:USDT,0.577,137.0,0.5769,1656.0,0.5771,127.0,0.5772,240.0
1753617173195,11:52:53.195,bybit,A/USDT:USDT,0.577,137.0,0.5769,1656.0,0.5771,127.0,0.5772,240.0
1753617173294,11:52:53.294,bybit,A/USDT:USDT,0.577,137.0,0.5769,1656.0,0.5771,127.0,0.5772,240.0
1753617173394,11:52:53.394,bybit,A/USDT:USDT,0.577,137.0,0.5769,1656.0,0.5771,127.0,0.5772,240.0
1753617173694,11:52:53.694,bybit,A/USDT:USDT,0.577,137.0,0.5769,1618.0,0.5771,137.0,0.5772,240.0
1753617173895,11:52:53.895,bybit,A/USDT:USDT,0.577,137.0,0.5769,1580.0,0.5771,137.0,0.5772,240.0
1753617173994,11:52:53.994,bybit,A/USDT:USDT,0.577,137.0,0.5769,1656.0,0.5771,137.0,0.5772,240.0
1753617174094,11:52:54.094,bybit,A/USDT:USDT,0.577,118.0,0.5769,1656.0,0.5771,137.0,0.5772,240.0
1753617174594,11:52:54.594,bybit,A/USDT:USDT,0.577,60.0,0.5769,1522.0,0.5771,137.0,0.5772,316.0
1753617174696,11:52:54.696,bybit,A/USDT:USDT,0.577,60.0,0.5769,1598.0,0.5771,137.0,0.5772,240.0
1753617174794,11:52:54.794,bybit,A/USDT:USDT,0.577,60.0,0.5769,1598.0,0.5771,137.0,0.5772,240.0
1753617174994,11:52:54.994,bybit,A/USDT:USDT,0.577,60.0,0.5769,1598.0,0.5771,137.0,0.5772,240.0
1753617175095,11:52:55.095,bybit,A/USDT:USDT,0.577,60.0,0.5769,1522.0,0.5771,137.0,0.5772,316.0
1753617175195,11:52:55.195,bybit,A/USDT:USDT,0.577,60.0,0.5769,1598.0,0.5771,137.0,0.5772,240.0
1753617175295,11:52:55.295,bybit,A/USDT:USDT,0.577,60.0,0.5769,1522.0,0.5771,137.0,0.5772,316.0
1753617175494,11:52:55.494,bybit,A/USDT:USDT,0.577,60.0,0.5769,1522.0,0.5771,137.0,0.5772,316.0
1753617175594,11:52:55.594,bybit,A/USDT:USDT,0.577,60.0,0.5769,1522.0,0.5771,137.0,0.5772,278.0
1753617175795,11:52:55.795,bybit,A/USDT:USDT,0.577,60.0,0.5769,1598.0,0.5771,137.0,0.5772,240.0
1753617175994,11:52:55.994,bybit,A/USDT:USDT,0.577,60.0,0.5769,1598.0,0.5771,137.0,0.5772,240.0
1753617176394,11:52:56.394,bybit,A/USDT:USDT,0.577,60.0,0.5769,1598.0,0.5771,137.0,0.5772,240.0
1753617176496,11:52:56.496,bybit,A/USDT:USDT,0.577,60.0,0.5769,1522.0,0.5771,137.0,0.5772,316.0
1753617176594,11:52:56.594,bybit,A/USDT:USDT,0.577,60.0,0.5769,1560.0,0.5771,137.0,0.5772,240.0
1753617177194,11:52:57.194,bybit,A/USDT:USDT,0.577,60.0,0.5769,1560.0,0.5771,137.0,0.5772,240.0
1753617177594,11:52:57.594,bybit,A/USDT:USDT,0.577,60.0,0.5769,1560.0,0.5771,137.0,0.5772,240.0
1753617177696,11:52:57.696,bybit,A/USDT:USDT,0.577,60.0,0.5769,1522.0,0.5771,137.0,0.5772,316.0
1753617177895,11:52:57.895,bybit,A/USDT:USDT,0.577,60.0,0.5769,1522.0,0.5771,142.0,0.5772,316.0
1753617178096,11:52:58.096,bybit,A/USDT:USDT,0.577,60.0,0.5769,1522.0,0.5771,128.0,0.5772,316.0
1753617178197,11:52:58.197,bybit,A/USDT:USDT,0.577,60.0,0.5769,1522.0,0.5771,128.0,0.5772,316.0
1753617178294,11:52:58.294,bybit,A/USDT:USDT,0.577,60.0,0.5769,1522.0,0.5771,128.0,0.5772,316.0
1753617178795,11:52:58.795,bybit,A/USDT:USDT,0.577,60.0,0.5769,1560.0,0.5771,128.0,0.5772,240.0
1753617178896,11:52:58.896,bybit,A/USDT:USDT,0.577,60.0,0.5769,1522.0,0.5771,128.0,0.5772,316.0
1753617179295,11:52:59.295,bybit,A/USDT:USDT,0.577,60.0,0.5769,1522.0,0.5771,128.0,0.5772,316.0
1753617179394,11:52:59.394,bybit,A/USDT:USDT,0.577,60.0,0.5769,1522.0,0.5771,128.0,0.5772,316.0
1753617179994,11:52:59.994,bybit,A/USDT:USDT,0.577,60.0,0.5769,1522.0,0.5771,128.0,0.5772,278.0
1753617180095,11:53:00.095,bybit,A/USDT:USDT,0.577,79.0,0.5769,1522.0,0.5771,128.0,0.5772,316.0
1753617180394,11:53:00.394,bybit,A/USDT:USDT,0.577,79.0,0.5769,1522.0,0.5771,128.0,0.5772,316.0
1753617180494,11:53:00.494,bybit,A/USDT:USDT,0.577,79.0,0.5769,1522.0,0.5771,128.0,0.5772,316.0
1753617180696,11:53:00.696,bybit,A/USDT:USDT,0.577,79.0,0.5769,1522.0,0.5771,128.0,0.5772,316.0
1753617181095,11:53:01.095,bybit,A/USDT:USDT,0.577,60.0,0.5769,1522.0,0.5771,128.0,0.5772,316.0
1753617181195,11:53:01.195,bybit,A/USDT:USDT,0.577,60.0,0.5769,1522.0,0.5771,128.0,0.5772,316.0
1753617181294,11:53:01.294,bybit,A/USDT:USDT,0.577,60.0,0.5769,1522.0,0.5771,128.0,0.5772,316.0
1753617181395,11:53:01.395,bybit,A/USDT:USDT,0.577,60.0,0.5769,1522.0,0.5771,128.0,0.5772,316.0
1753617181994,11:53:01.994,bybit,A/USDT:USDT,0.577,60.0,0.5769,1522.0,0.5771,128.0,0.5772,316.0
1753617182094,11:53:02.094,bybit,A/USDT:USDT,0.577,60.0,0.5769,1522.0,0.5771,128.0,0.5772,316.0
1753617182494,11:53:02.494,bybit,A/USDT:USDT,0.577,60.0,0.5769,1560.0,0.5771,128.0,0.5772,278.0
1753617182794,11:53:02.794,bybit,A/USDT:USDT,0.577,60.0,0.5769,1598.0,0.5771,128.0,0.5772,227.0
1753617183196,11:53:03.196,bybit,A/USDT:USDT,0.577,60.0,0.5769,1598.0,0.5771,128.0,0.5772,227.0
1753617183495,11:53:03.495,bybit,A/USDT:USDT,0.577,997.0,0.5769,1598.0,0.5771,25.0,0.5772,227.0
1753617183594,11:53:03.594,bybit,A/USDT:USDT,0.577,997.0,0.5769,1598.0,0.5771,25.0,0.5772,58.0
1753617183694,11:53:03.694,bybit,A/USDT:USDT,0.5771,560.0,0.577,1347.0,0.5773,159.0,0.5774,674.0
1753617183796,11:53:03.796,bybit,A/USDT:USDT,0.5772,124.0,0.5771,598.0,0.5773,159.0,0.5774,674.0
1753617183904,11:53:03.904,bybit,A/USDT:USDT,0.5772,470.0,0.5771,1262.0,0.5773,146.0,0.5774,81.0
1753617183995,11:53:03.995,bybit,A/USDT:USDT,0.5772,470.0,0.5771,1445.0,0.5773,146.0,0.5774,81.0
1753617184095,11:53:04.095,bybit,A/USDT:USDT,0.5772,470.0,0.5771,1445.0,0.5773,155.0,0.5774,81.0
1753617184294,11:53:04.294,bybit,A/USDT:USDT,0.5772,470.0,0.5771,1445.0,0.5773,155.0,0.5774,81.0
1753617184394,11:53:04.394,bybit,A/USDT:USDT,0.5772,470.0,0.5771,1445.0,0.5773,155.0,0.5774,81.0
1753617184494,11:53:04.494,bybit,A/USDT:USDT,0.5772,470.0,0.5771,1369.0,0.5773,155.0,0.5774,119.0
1753617184694,11:53:04.694,bybit,A/USDT:USDT,0.5772,470.0,0.5771,1407.0,0.5773,155.0,0.5774,81.0
1753617184803,11:53:04.803,bybit,A/USDT:USDT,0.5772,470.0,0.5771,1445.0,0.5773,155.0,0.5774,81.0
1753617184894,11:53:04.894,bybit,A/USDT:USDT,0.5772,470.0,0.5771,1445.0,0.5773,155.0,0.5774,81.0
1753617184995,11:53:04.995,bybit,A/USDT:USDT,0.5772,470.0,0.5771,1445.0,0.5773,155.0,0.5774,81.0
1753617185194,11:53:05.194,bybit,A/USDT:USDT,0.5772,470.0,0.5771,1445.0,0.5773,155.0,0.5774,81.0
1753617185294,11:53:05.294,bybit,A/USDT:USDT,0.5772,470.0,0.5771,1445.0,0.5773,155.0,0.5774,81.0
1753617185494,11:53:05.494,bybit,A/USDT:USDT,0.5772,470.0,0.5771,1445.0,0.5773,155.0,0.5774,81.0
1753617185594,11:53:05.594,bybit,A/USDT:USDT,0.5772,470.0,0.5771,1445.0,0.5773,155.0,0.5774,81.0
1753617185795,11:53:05.795,bybit,A/USDT:USDT,0.5772,470.0,0.5771,1445.0,0.5773,155.0,0.5774,81.0
1753617185895,11:53:05.895,bybit,A/USDT:USDT,0.5772,470.0,0.5771,1383.0,0.5773,155.0,0.5774,81.0
1753617185994,11:53:05.994,bybit,A/USDT:USDT,0.5772,470.0,0.5771,1421.0,0.5773,155.0,0.5774,81.0
1753617186094,11:53:06.094,bybit,A/USDT:USDT,0.5772,470.0,0.5771,1421.0,0.5773,155.0,0.5774,81.0
1753617186200,11:53:06.200,bybit,A/USDT:USDT,0.5772,470.0,0.5771,1445.0,0.5773,155.0,0.5774,81.0
1753617186294,11:53:06.294,bybit,A/USDT:USDT,0.5772,470.0,0.5771,1445.0,0.5773,155.0,0.5774,81.0
1753617186794,11:53:06.794,bybit,A/USDT:USDT,0.5772,470.0,0.5771,1445.0,0.5773,155.0,0.5774,81.0
1753617186895,11:53:06.895,bybit,A/USDT:USDT,0.5772,470.0,0.5771,1445.0,0.5773,155.0,0.5774,81.0
1753617187395,11:53:07.395,bybit,A/USDT:USDT,0.5772,470.0,0.5771,1445.0,0.5773,155.0,0.5774,81.0
1753617187494,11:53:07.494,bybit,A/USDT:USDT,0.5772,470.0,0.5771,1445.0,0.5773,155.0,0.5774,81.0
1753617188394,11:53:08.394,bybit,A/USDT:USDT,0.5772,470.0,0.5771,1445.0,0.5773,155.0,0.5774,81.0
1753617188494,11:53:08.494,bybit,A/USDT:USDT,0.5772,470.0,0.5771,1445.0,0.5773,155.0,0.5774,81.0
1753617188594,11:53:08.594,bybit,A/USDT:USDT,0.5772,470.0,0.5771,1407.0,0.5773,155.0,0.5774,81.0
1753617188694,11:53:08.694,bybit,A/USDT:USDT,0.5772,470.0,0.5771,1445.0,0.5773,155.0,0.5774,81.0
1753617188994,11:53:08.994,bybit,A/USDT:USDT,0.5772,470.0,0.5771,1445.0,0.5773,155.0,0.5774,81.0
1753617189094,11:53:09.094,bybit,A/USDT:USDT,0.5772,470.0,0.5771,1445.0,0.5773,155.0,0.5774,81.0
1753617189594,11:53:09.594,bybit,A/USDT:USDT,0.5772,470.0,0.5771,1407.0,0.5773,155.0,0.5774,81.0
1753617189694,11:53:09.694,bybit,A/USDT:USDT,0.5772,470.0,0.5771,1445.0,0.5773,155.0,0.5774,81.0
1753617190094,11:53:10.094,bybit,A/USDT:USDT,0.5772,470.0,0.5771,1445.0,0.5773,155.0,0.5774,81.0
1753617190196,11:53:10.196,bybit,A/USDT:USDT,0.5772,470.0,0.5771,1407.0,0.5773,155.0,0.5774,81.0
1753617190394,11:53:10.394,bybit,A/USDT:USDT,0.5772,470.0,0.5771,1445.0,0.5773,155.0,0.5774,81.0
1753617190494,11:53:10.494,bybit,A/USDT:USDT,0.5772,470.0,0.5771,1445.0,0.5773,155.0,0.5774,81.0
1753617191094,11:53:11.094,bybit,A/USDT:USDT,0.5772,489.0,0.5771,1445.0,0.5773,155.0,0.5774,81.0
1753617191994,11:53:11.994,bybit,A/USDT:USDT,0.5772,489.0,0.5771,1445.0,0.5773,165.0,0.5774,81.0
1753617192096,11:53:12.096,bybit,A/USDT:USDT,0.5772,470.0,0.5771,1445.0,0.5773,165.0,0.5774,81.0
1753617192194,11:53:12.194,bybit,A/USDT:USDT,0.5772,470.0,0.5771,1445.0,0.5773,165.0,0.5774,81.0
1753617192594,11:53:12.594,bybit,A/USDT:USDT,0.5772,470.0,0.5771,1445.0,0.5773,165.0,0.5774,81.0
1753617192695,11:53:12.695,bybit,A/USDT:USDT,0.5772,470.0,0.5771,1369.0,0.5773,165.0,0.5774,81.0
1753617192794,11:53:12.794,bybit,A/USDT:USDT,0.5772,470.0,0.5771,1369.0,0.5773,165.0,0.5774,119.0
1753617192895,11:53:12.895,bybit,A/USDT:USDT,0.5772,470.0,0.5771,1445.0,0.5773,165.0,0.5774,81.0
1753617193196,11:53:13.196,bybit,A/USDT:USDT,0.5772,470.0,0.5771,1407.0,0.5773,165.0,0.5774,81.0
1753617193994,11:53:13.994,bybit,A/USDT:USDT,0.5772,470.0,0.5771,1407.0,0.5773,165.0,0.5774,81.0
1753617194094,11:53:14.094,bybit,A/USDT:USDT,0.5772,489.0,0.5771,1445.0,0.5773,165.0,0.5774,81.0
1753617194196,11:53:14.196,bybit,A/USDT:USDT,0.5772,489.0,0.5771,1445.0,0.5773,165.0,0.5774,81.0
1753617194594,11:53:14.594,bybit,A/USDT:USDT,0.5772,489.0,0.5771,1458.0,0.5773,165.0,0.5774,81.0
1753617194694,11:53:14.694,bybit,A/USDT:USDT,0.5772,489.0,0.5771,1458.0,0.5773,165.0,0.5774,81.0
1753617194894,11:53:14.894,bybit,A/USDT:USDT,0.5772,489.0,0.5771,1458.0,0.5773,165.0,0.5774,81.0
1753617195094,11:53:15.094,bybit,A/USDT:USDT,0.5772,489.0,0.5771,1458.0,0.5773,165.0,0.5774,81.0
1753617195594,11:53:15.594,bybit,A/USDT:USDT,0.5772,489.0,0.5771,1458.0,0.5773,165.0,0.5774,81.0
1753617195695,11:53:15.695,bybit,A/USDT:USDT,0.5772,489.0,0.5771,1458.0,0.5773,165.0,0.5774,81.0
1753617196395,11:53:16.395,bybit,A/USDT:USDT,0.5772,489.0,0.5771,1458.0,0.5773,165.0,0.5774,81.0
1753617196797,11:53:16.797,bybit,A/USDT:USDT,0.5772,489.0,0.5771,1458.0,0.5773,165.0,0.5774,81.0
1753617196894,11:53:16.894,bybit,A/USDT:USDT,0.5772,489.0,0.5771,1458.0,0.5773,165.0,0.5774,81.0
1753617197394,11:53:17.394,bybit,A/USDT:USDT,0.5772,470.0,0.5771,1458.0,0.5773,165.0,0.5774,81.0
1753617197495,11:53:17.495,bybit,A/USDT:USDT,0.5772,470.0,0.5771,1458.0,0.5773,165.0,0.5774,81.0
1753617197994,11:53:17.994,bybit,A/USDT:USDT,0.5772,470.0,0.5771,1458.0,0.5773,165.0,0.5774,68.0
1753617198094,11:53:18.094,bybit,A/USDT:USDT,0.5772,489.0,0.5771,1458.0,0.5773,165.0,0.5774,68.0
1753617198394,11:53:18.394,bybit,A/USDT:USDT,0.5772,489.0,0.5771,1458.0,0.5773,165.0,0.5774,68.0
1753617198794,11:53:18.794,bybit,A/USDT:USDT,0.5772,489.0,0.5771,1458.0,0.5773,165.0,0.5774,68.0
1753617199097,11:53:19.097,bybit,A/USDT:USDT,0.5772,489.0,0.5771,1458.0,0.5773,165.0,0.5774,68.0
1753617199194,11:53:19.194,bybit,A/USDT:USDT,0.5772,489.0,0.5771,1458.0,0.5773,165.0,0.5774,68.0
1753617199294,11:53:19.294,bybit,A/USDT:USDT,0.5773,321.0,0.5772,499.0,0.5774,10.0,0.5775,862.0
1753617199394,11:53:19.394,bybit,A/USDT:USDT,0.5773,321.0,0.5772,1118.0,0.5774,10.0,0.5775,862.0
1753617199594,11:53:19.594,bybit,A/USDT:USDT,0.5773,321.0,0.5772,1118.0,0.5774,10.0,0.5775,862.0
1753617199694,11:53:19.694,bybit,A/USDT:USDT,0.5773,321.0,0.5772,1156.0,0.5774,10.0,0.5775,862.0
1753617199794,11:53:19.794,bybit,A/USDT:USDT,0.5773,321.0,0.5772,1156.0,0.5774,10.0,0.5775,862.0
1753617199994,11:53:19.994,bybit,A/USDT:USDT,0.5773,321.0,0.5772,1156.0,0.5774,53.0,0.5775,862.0
1753617200095,11:53:20.095,bybit,A/USDT:USDT,0.5773,263.0,0.5772,979.0,0.5774,182.0,0.5775,962.0
1753617200194,11:53:20.194,bybit,A/USDT:USDT,0.5773,124.0,0.5772,979.0,0.5774,182.0,0.5775,962.0
1753617200294,11:53:20.294,bybit,A/USDT:USDT,0.5773,124.0,0.5772,979.0,0.5774,144.0,0.5775,924.0
1753617200394,11:53:20.394,bybit,A/USDT:USDT,0.5773,124.0,0.5772,979.0,0.5774,144.0,0.5775,900.0
1753617200494,11:53:20.494,bybit,A/USDT:USDT,0.5773,124.0,0.5772,979.0,0.5774,144.0,0.5775,900.0
1753617200695,11:53:20.695,bybit,A/USDT:USDT,0.5773,124.0,0.5772,979.0,0.5774,144.0,0.5775,900.0
1753617200794,11:53:20.794,bybit,A/USDT:USDT,0.5773,124.0,0.5772,979.0,0.5774,144.0,0.5775,900.0
1753617201195,11:53:21.195,bybit,A/USDT:USDT,0.5773,124.0,0.5772,1079.0,0.5774,144.0,0.5775,862.0
1753617201396,11:53:21.396,bybit,A/USDT:USDT,0.5773,124.0,0.5772,1079.0,0.5774,144.0,0.5775,862.0
1753617201594,11:53:21.594,bybit,A/USDT:USDT,0.5773,124.0,0.5772,1079.0,0.5774,144.0,0.5775,862.0
1753617201694,11:53:21.694,bybit,A/USDT:USDT,0.5773,124.0,0.5772,1079.0,0.5774,144.0,0.5775,862.0
1753617201794,11:53:21.794,bybit,A/USDT:USDT,0.5773,124.0,0.5772,1003.0,0.5774,144.0,0.5775,862.0
1753617202294,11:53:22.294,bybit,A/USDT:USDT,0.5773,124.0,0.5772,1041.0,0.5774,144.0,0.5775,862.0
1753617202394,11:53:22.394,bybit,A/USDT:USDT,0.5773,124.0,0.5772,1003.0,0.5774,144.0,0.5775,900.0
1753617202995,11:53:22.995,bybit,A/USDT:USDT,0.5772,359.0,0.5771,2024.0,0.5773,117.0,0.5774,68.0
1753617203094,11:53:23.094,bybit,A/USDT:USDT,0.5772,32.0,0.5771,2024.0,0.5773,117.0,0.5774,68.0
1753617203196,11:53:23.196,bybit,A/USDT:USDT,0.5772,32.0,0.5771,2024.0,0.5773,117.0,0.5774,68.0
1753617203394,11:53:23.394,bybit,A/USDT:USDT,0.5772,32.0,0.5771,2024.0,0.5773,117.0,0.5774,68.0
1753617203495,11:53:23.495,bybit,A/USDT:USDT,0.5772,32.0,0.5771,2062.0,0.5773,117.0,0.5774,68.0
1753617203694,11:53:23.694,bybit,A/USDT:USDT,0.5772,32.0,0.5771,2024.0,0.5773,117.0,0.5774,68.0
1753617203795,11:53:23.795,bybit,A/USDT:USDT,0.5772,32.0,0.5771,2024.0,0.5773,117.0,0.5774,68.0
1753617204094,11:53:24.094,bybit,A/USDT:USDT,0.5772,13.0,0.5771,2024.0,0.5773,117.0,0.5774,106.0
1753617204494,11:53:24.494,bybit,A/USDT:USDT,0.5772,13.0,0.5771,2024.0,0.5773,117.0,0.5774,106.0
1753617204594,11:53:24.594,bybit,A/USDT:USDT,0.5772,56.0,0.5771,2024.0,0.5773,117.0,0.5774,68.0
1753617204695,11:53:24.695,bybit,A/USDT:USDT,0.5772,56.0,0.5771,2024.0,0.5773,117.0,0.5774,68.0
1753617205094,11:53:25.094,bybit,A/USDT:USDT,0.5772,56.0,0.5771,2048.0,0.5773,117.0,0.5774,68.0
1753617205194,11:53:25.194,bybit,A/USDT:USDT,0.5772,56.0,0.5771,2086.0,0.5773,117.0,0.5774,68.0
1753617205394,11:53:25.394,bybit,A/USDT:USDT,0.5774,15281.0,0.5773,1571.0,0.5775,88.0,0.5776,416.0
1753617205494,11:53:25.494,bybit,A/USDT:USDT,0.5774,15281.0,0.5773,1571.0,0.5775,88.0,0.5776,416.0
1753617205594,11:53:25.594,bybit,A/USDT:USDT,0.5774,15281.0,0.5773,1571.0,0.5775,88.0,0.5776,416.0
1753617205694,11:53:25.694,bybit,A/USDT:USDT,0.5774,15281.0,0.5773,1571.0,0.5775,88.0,0.5776,416.0
1753617205794,11:53:25.794,bybit,A/USDT:USDT,0.5774,15281.0,0.5773,1571.0,0.5775,88.0,0.5776,416.0
1753617205894,11:53:25.894,bybit,A/USDT:USDT,0.5774,15281.0,0.5773,1571.0,0.5775,88.0,0.5776,454.0
1753617206194,11:53:26.194,bybit,A/USDT:USDT,0.5774,15281.0,0.5773,1571.0,0.5775,88.0,0.5776,416.0
1753617206294,11:53:26.294,bybit,A/USDT:USDT,0.5774,15281.0,0.5773,1571.0,0.5775,88.0,0.5776,416.0
1753617206494,11:53:26.494,bybit,A/USDT:USDT,0.5774,15281.0,0.5773,1571.0,0.5775,88.0,0.5776,416.0
1753617206594,11:53:26.594,bybit,A/USDT:USDT,0.5774,15281.0,0.5773,1571.0,0.5775,88.0,0.5776,378.0
1753617206695,11:53:26.695,bybit,A/USDT:USDT,0.5774,15281.0,0.5773,1571.0,0.5775,88.0,0.5776,378.0
1753617206794,11:53:26.794,bybit,A/USDT:USDT,0.5774,15281.0,0.5773,1571.0,0.5775,88.0,0.5776,378.0
1753617206895,11:53:26.895,bybit,A/USDT:USDT,0.5774,15281.0,0.5773,1571.0,0.5775,88.0,0.5776,378.0
1753617206994,11:53:26.994,bybit,A/USDT:USDT,0.5774,15281.0,0.5773,1571.0,0.5775,88.0,0.5776,378.0
1753617207094,11:53:27.094,bybit,A/USDT:USDT,0.5774,15300.0,0.5773,1571.0,0.5775,88.0,0.5776,378.0
1753617207195,11:53:27.195,bybit,A/USDT:USDT,0.5774,15300.0,0.5773,1571.0,0.5775,88.0,0.5776,378.0
1753617207294,11:53:27.294,bybit,A/USDT:USDT,0.5774,15300.0,0.5773,1571.0,0.5775,88.0,0.5776,378.0
1753617207394,11:53:27.394,bybit,A/USDT:USDT,0.5774,15300.0,0.5773,1571.0,0.5775,88.0,0.5776,378.0
1753617207595,11:53:27.595,bybit,A/USDT:USDT,0.5774,15300.0,0.5773,1571.0,0.5775,88.0,0.5776,378.0
1753617207995,11:53:27.995,bybit,A/USDT:USDT,0.5774,15300.0,0.5773,1571.0,0.5775,88.0,0.5776,416.0
1753617208094,11:53:28.094,bybit,A/USDT:USDT,0.5774,15300.0,0.5773,1571.0,0.5775,88.0,0.5776,378.0
1753617208394,11:53:28.394,bybit,A/USDT:USDT,0.5774,19.0,0.5773,1571.0,0.5775,179.0,0.5776,440.0
1753617208495,11:53:28.495,bybit,A/USDT:USDT,0.5774,19.0,0.5773,1571.0,0.5775,179.0,0.5776,440.0
1753617208697,11:53:28.697,bybit,A/USDT:USDT,0.5774,19.0,0.5773,1547.0,0.5775,179.0,0.5776,440.0
1753617208895,11:53:28.895,bybit,A/USDT:USDT,0.5774,19.0,0.5773,1547.0,0.5775,217.0,0.5776,498.0
1753617208994,11:53:28.994,bybit,A/USDT:USDT,0.5774,19.0,0.5773,1547.0,0.5775,179.0,0.5776,498.0
1753617209294,11:53:29.294,bybit,A/USDT:USDT,0.5774,19.0,0.5773,1547.0,0.5775,179.0,0.5776,498.0
1753617209496,11:53:29.496,bybit,A/USDT:USDT,0.5774,19.0,0.5773,1547.0,0.5775,179.0,0.5776,498.0
1753617209594,11:53:29.594,bybit,A/USDT:USDT,0.5774,19.0,0.5773,1547.0,0.5775,179.0,0.5776,498.0
1753617209996,11:53:29.996,bybit,A/USDT:USDT,0.5774,19.0,0.5773,1571.0,0.5775,153.0,0.5776,436.0
1753617210094,11:53:30.094,bybit,A/USDT:USDT,0.5774,19.0,0.5773,1571.0,0.5775,153.0,0.5776,436.0
1753617210197,11:53:30.197,bybit,A/USDT:USDT,0.5774,19.0,0.5773,1571.0,0.5775,153.0,0.5776,498.0
1753617210295,11:53:30.295,bybit,A/USDT:USDT,0.5774,19.0,0.5773,1547.0,0.5775,153.0,0.5776,498.0
1753617210396,11:53:30.396,bybit,A/USDT:USDT,0.5774,19.0,0.5773,1547.0,0.5775,153.0,0.5776,498.0
1753617210496,11:53:30.496,bybit,A/USDT:USDT,0.5774,19.0,0.5773,1547.0,0.5775,153.0,0.5776,498.0
1753617210596,11:53:30.596,bybit,A/USDT:USDT,0.5774,19.0,0.5773,1547.0,0.5775,153.0,0.5776,498.0
1753617210695,11:53:30.695,bybit,A/USDT:USDT,0.5774,19.0,0.5773,1547.0,0.5775,153.0,0.5776,498.0
1753617211194,11:53:31.194,bybit,A/USDT:USDT,0.5774,19.0,0.5773,1547.0,0.5775,153.0,0.5776,498.0
1753617211694,11:53:31.694,bybit,A/USDT:USDT,0.5774,19.0,0.5773,1547.0,0.5775,153.0,0.5776,498.0
1753617211795,11:53:31.795,bybit,A/USDT:USDT,0.5774,823.0,0.5773,1647.0,0.5775,19.0,0.5776,68.0
1753617211894,11:53:31.894,bybit,A/USDT:USDT,0.5774,823.0,0.5773,1660.0,0.5775,19.0,0.5776,68.0
1753617211994,11:53:31.994,bybit,A/USDT:USDT,0.5774,861.0,0.5773,1660.0,0.5775,19.0,0.5776,68.0
1753617212094,11:53:32.094,bybit,A/USDT:USDT,0.5774,861.0,0.5773,1660.0,0.5775,19.0,0.5776,68.0
1753617212202,11:53:32.202,bybit,A/USDT:USDT,0.5774,861.0,0.5773,1660.0,0.5775,19.0,0.5776,68.0
1753617212495,11:53:32.495,bybit,A/USDT:USDT,0.5774,823.0,0.5773,1660.0,0.5775,19.0,0.5776,68.0
1753617212794,11:53:32.794,bybit,A/USDT:USDT,0.5774,823.0,0.5773,1660.0,0.5775,19.0,0.5776,68.0
1753617213293,11:53:33.293,bybit,A/USDT:USDT,0.5774,899.0,0.5773,1660.0,0.5775,19.0,0.5776,68.0
1753617213393,11:53:33.393,bybit,A/USDT:USDT,0.5774,823.0,0.5773,1660.0,0.5775,19.0,0.5776,68.0
1753617213595,11:53:33.595,bybit,A/USDT:USDT,0.5774,823.0,0.5773,1660.0,0.5775,19.0,0.5776,68.0
1753617213694,11:53:33.694,bybit,A/USDT:USDT,0.5774,823.0,0.5773,1660.0,0.5775,19.0,0.5776,68.0
1753617213895,11:53:33.895,bybit,A/USDT:USDT,0.5774,823.0,0.5773,1660.0,0.5775,19.0,0.5776,68.0
1753617213996,11:53:33.996,bybit,A/USDT:USDT,0.5774,823.0,0.5773,1622.0,0.5775,19.0,0.5776,68.0
1753617214094,11:53:34.094,bybit,A/USDT:USDT,0.5774,823.0,0.5773,1660.0,0.5775,19.0,0.5776,68.0
1753617214294,11:53:34.294,bybit,A/USDT:USDT,0.5774,823.0,0.5773,1660.0,0.5775,19.0,0.5776,68.0
1753617214395,11:53:34.395,bybit,A/USDT:USDT,0.5774,823.0,0.5773,1660.0,0.5775,19.0,0.5776,68.0
1753617214494,11:53:34.494,bybit,A/USDT:USDT,0.5774,823.0,0.5773,1660.0,0.5775,19.0,0.5776,68.0
1753617214895,11:53:34.895,bybit,A/USDT:USDT,0.5774,823.0,0.5773,1660.0,0.5775,19.0,0.5776,68.0
1753617215394,11:53:35.394,bybit,A/USDT:USDT,0.5774,823.0,0.5773,1660.0,0.5775,19.0,0.5776,68.0
1753617215494,11:53:35.494,bybit,A/USDT:USDT,0.5774,823.0,0.5773,1660.0,0.5775,19.0,0.5776,68.0
1753617215594,11:53:35.594,bybit,A/USDT:USDT,0.5774,823.0,0.5773,1660.0,0.5775,19.0,0.5776,68.0
1753617215694,11:53:35.694,bybit,A/USDT:USDT,0.5774,823.0,0.5773,1660.0,0.5775,19.0,0.5776,68.0
1753617215794,11:53:35.794,bybit,A/USDT:USDT,0.5774,1245.0,0.5773,2006.0,0.5775,19.0,0.5776,68.0
1753617216494,11:53:36.494,bybit,A/USDT:USDT,0.5774,1245.0,0.5773,2006.0,0.5775,19.0,0.5776,68.0
1753617216594,11:53:36.594,bybit,A/USDT:USDT,0.5774,1245.0,0.5773,2006.0,0.5775,19.0,0.5776,68.0
1753617216694,11:53:36.694,bybit,A/USDT:USDT,0.5774,1245.0,0.5773,2006.0,0.5775,19.0,0.5776,68.0
1753617216894,11:53:36.894,bybit,A/USDT:USDT,0.5774,1207.0,0.5773,2006.0,0.5775,19.0,0.5776,68.0
1753617217094,11:53:37.094,bybit,A/USDT:USDT,0.5774,1207.0,0.5773,2006.0,0.5775,19.0,0.5776,68.0
1753617217194,11:53:37.194,bybit,A/USDT:USDT,0.5774,1207.0,0.5773,2006.0,0.5775,19.0,0.5776,68.0
1753617217394,11:53:37.394,bybit,A/USDT:USDT,0.5774,1207.0,0.5773,2006.0,0.5775,19.0,0.5776,68.0
1753617217494,11:53:37.494,bybit,A/USDT:USDT,0.5774,1245.0,0.5773,2006.0,0.5775,19.0,0.5776,68.0
1753617217594,11:53:37.594,bybit,A/USDT:USDT,0.5774,1245.0,0.5773,2006.0,0.5775,19.0,0.5776,68.0
1753617217694,11:53:37.694,bybit,A/USDT:USDT,0.5774,1245.0,0.5773,2006.0,0.5775,19.0,0.5776,68.0
1753617217794,11:53:37.794,bybit,A/USDT:USDT,0.5774,1245.0,0.5773,2006.0,0.5775,19.0,0.5776,68.0
1753617218197,11:53:38.197,bybit,A/USDT:USDT,0.5774,1245.0,0.5773,2006.0,0.5775,29.0,0.5776,68.0
1753617218294,11:53:38.294,bybit,A/USDT:USDT,0.5774,1245.0,0.5773,2006.0,0.5775,29.0,0.5776,68.0
1753617218396,11:53:38.396,bybit,A/USDT:USDT,0.5774,1245.0,0.5773,2006.0,0.5775,29.0,0.5776,68.0
1753617218595,11:53:38.595,bybit,A/USDT:USDT,0.5775,1159.0,0.5774,1680.0,0.5776,10.0,0.5777,23.0
1753617218695,11:53:38.695,bybit,A/USDT:USDT,0.5775,1159.0,0.5774,1680.0,0.5776,10.0,0.5777,23.0
1753617218794,11:53:38.794,bybit,A/USDT:USDT,0.5775,1159.0,0.5774,1680.0,0.5776,10.0,0.5777,23.0
1753617218894,11:53:38.894,bybit,A/USDT:USDT,0.5775,1159.0,0.5774,1680.0,0.5776,10.0,0.5777,23.0
1753617218994,11:53:38.994,bybit,A/USDT:USDT,0.5775,1159.0,0.5774,1680.0,0.5776,10.0,0.5777,10.0
1753617219095,11:53:39.095,bybit,A/USDT:USDT,0.5775,1178.0,0.5774,1661.0,0.5776,10.0,0.5777,10.0
1753617219194,11:53:39.194,bybit,A/USDT:USDT,0.5775,1178.0,0.5774,1661.0,0.5776,10.0,0.5777,10.0
1753617219894,11:53:39.894,bybit,A/USDT:USDT,0.5775,1178.0,0.5774,1661.0,0.5776,10.0,0.5777,10.0
1753617220095,11:53:40.095,bybit,A/USDT:USDT,0.5775,1178.0,0.5774,1661.0,0.5776,10.0,0.5777,10.0
1753617220495,11:53:40.495,bybit,A/USDT:USDT,0.5775,1140.0,0.5774,2439.0,0.5776,10.0,0.5777,10.0
1753617220895,11:53:40.895,bybit,A/USDT:USDT,0.5775,1178.0,0.5774,2439.0,0.5776,10.0,0.5777,10.0
1753617220995,11:53:40.995,bybit,A/USDT:USDT,0.5775,1178.0,0.5774,2439.0,0.5776,10.0,0.5777,10.0
1753617221894,11:53:41.894,bybit,A/USDT:USDT,0.5775,1178.0,0.5774,2439.0,0.5776,10.0,0.5777,10.0
1753617222094,11:53:42.094,bybit,A/USDT:USDT,0.5775,1178.0,0.5774,2439.0,0.5776,10.0,0.5777,10.0
1753617222217,11:53:42.217,bybit,A/USDT:USDT,0.5775,1178.0,0.5774,2439.0,0.5776,10.0,0.5777,10.0
1753617222694,11:53:42.694,bybit,A/USDT:USDT,0.5775,1178.0,0.5774,2439.0,0.5776,10.0,0.5777,10.0
1753617222994,11:53:42.994,bybit,A/USDT:USDT,0.5775,1178.0,0.5774,2439.0,0.5776,10.0,0.5777,10.0
1753617223694,11:53:43.694,bybit,A/USDT:USDT,0.5775,1178.0,0.5774,2439.0,0.5776,10.0,0.5777,10.0
1753617223994,11:53:43.994,bybit,A/USDT:USDT,0.5775,1178.0,0.5774,2439.0,0.5776,10.0,0.5777,10.0
1753617224294,11:53:44.294,bybit,A/USDT:USDT,0.5775,1178.0,0.5774,2439.0,0.5776,10.0,0.5777,10.0
1753617224394,11:53:44.394,bybit,A/USDT:USDT,0.5775,1178.0,0.5774,2439.0,0.5776,10.0,0.5777,10.0
1753617224693,11:53:44.693,bybit,A/USDT:USDT,0.5775,1178.0,0.5774,2439.0,0.5776,10.0,0.5777,10.0
1753617224794,11:53:44.794,bybit,A/USDT:USDT,0.5775,1178.0,0.5774,2439.0,0.5776,10.0,0.5777,10.0
1753617224894,11:53:44.894,bybit,A/USDT:USDT,0.5775,1178.0,0.5774,2439.0,0.5776,10.0,0.5777,10.0
1753617225294,11:53:45.294,bybit,A/USDT:USDT,0.5775,1178.0,0.5774,2439.0,0.5776,10.0,0.5777,10.0
1753617225394,11:53:45.394,bybit,A/USDT:USDT,0.5775,1178.0,0.5774,2439.0,0.5776,10.0,0.5777,10.0
1753617225494,11:53:45.494,bybit,A/USDT:USDT,0.5775,1178.0,0.5774,2439.0,0.5776,10.0,0.5777,10.0
1753617225896,11:53:45.896,bybit,A/USDT:USDT,0.5775,1178.0,0.5774,2439.0,0.5776,10.0,0.5777,10.0
1753617225994,11:53:45.994,bybit,A/USDT:USDT,0.5775,1178.0,0.5774,2439.0,0.5776,10.0,0.5777,10.0
1753617227495,11:53:47.495,bybit,A/USDT:USDT,0.5776,820.0,0.5775,1703.0,0.5777,10.0,0.5778,202.0
1753617227594,11:53:47.594,bybit,A/USDT:USDT,0.5776,820.0,0.5775,1703.0,0.5777,10.0,0.5778,202.0
1753617227695,11:53:47.695,bybit,A/USDT:USDT,0.5776,820.0,0.5775,1703.0,0.5777,10.0,0.5778,202.0
1753617227794,11:53:47.794,bybit,A/USDT:USDT,0.5776,782.0,0.5775,1703.0,0.5777,10.0,0.5778,202.0
1753617228095,11:53:48.095,bybit,A/USDT:USDT,0.5776,801.0,0.5775,1684.0,0.5777,10.0,0.5778,202.0
1753617228194,11:53:48.194,bybit,A/USDT:USDT,0.5776,801.0,0.5775,1684.0,0.5777,10.0,0.5778,202.0
1753617228493,11:53:48.493,bybit,A/USDT:USDT,0.5776,1031.0,0.5775,1684.0,0.5777,10.0,0.5778,202.0
1753617229195,11:53:49.195,bybit,A/USDT:USDT,0.5776,1031.0,0.5775,1684.0,0.5777,10.0,0.5778,202.0
1753617229294,11:53:49.294,bybit,A/USDT:USDT,0.5776,1031.0,0.5775,1684.0,0.5777,10.0,0.5778,202.0
1753617229395,11:53:49.395,bybit,A/USDT:USDT,0.5776,1031.0,0.5775,1684.0,0.5777,10.0,0.5778,202.0
1753617229795,11:53:49.795,bybit,A/USDT:USDT,0.5776,1031.0,0.5775,1684.0,0.5777,10.0,0.5778,202.0
1753617229995,11:53:49.995,bybit,A/USDT:USDT,0.5776,1031.0,0.5775,1684.0,0.5777,10.0,0.5778,202.0
1753617230294,11:53:50.294,bybit,A/USDT:USDT,0.5776,1107.0,0.5775,1684.0,0.5777,10.0,0.5778,202.0
1753617230394,11:53:50.394,bybit,A/USDT:USDT,0.5776,1031.0,0.5775,1684.0,0.5777,10.0,0.5778,202.0
1753617230695,11:53:50.695,bybit,A/USDT:USDT,0.5776,940.0,0.5775,1684.0,0.5777,53.0,0.5778,202.0
1753617230994,11:53:50.994,bybit,A/USDT:USDT,0.5776,940.0,0.5775,1684.0,0.5777,53.0,0.5778,202.0
1753617231094,11:53:51.094,bybit,A/USDT:USDT,0.5776,921.0,0.5775,1684.0,0.5777,53.0,0.5778,202.0
1753617231294,11:53:51.294,bybit,A/USDT:USDT,0.5776,921.0,0.5775,1608.0,0.5777,53.0,0.5778,240.0
1753617231394,11:53:51.394,bybit,A/USDT:USDT,0.5776,921.0,0.5775,1684.0,0.5777,53.0,0.5778,202.0
1753617231495,11:53:51.495,bybit,A/USDT:USDT,0.5776,278.0,0.5775,1584.0,0.5777,53.0,0.5778,264.0
1753617231596,11:53:51.596,bybit,A/USDT:USDT,0.5776,278.0,0.5775,1584.0,0.5777,53.0,0.5778,264.0
1753617231695,11:53:51.695,bybit,A/USDT:USDT,0.5776,278.0,0.5775,1584.0,0.5777,53.0,0.5778,264.0
1753617231794,11:53:51.794,bybit,A/USDT:USDT,0.5776,278.0,0.5775,1584.0,0.5777,53.0,0.5778,202.0
1753617232196,11:53:52.196,bybit,A/USDT:USDT,0.5776,278.0,0.5775,1584.0,0.5777,53.0,0.5778,202.0
1753617232694,11:53:52.694,bybit,A/USDT:USDT,0.5776,278.0,0.5775,1584.0,0.5777,53.0,0.5778,264.0
1753617232794,11:53:52.794,bybit,A/USDT:USDT,0.5776,278.0,0.5775,1584.0,0.5777,53.0,0.5778,264.0
1753617232894,11:53:52.894,bybit,A/USDT:USDT,0.5776,278.0,0.5775,1622.0,0.5777,53.0,0.5778,202.0
1753617232994,11:53:52.994,bybit,A/USDT:USDT,0.5776,278.0,0.5775,1584.0,0.5777,53.0,0.5778,202.0
1753617233095,11:53:53.095,bybit,A/USDT:USDT,0.5776,278.0,0.5775,1584.0,0.5777,53.0,0.5778,202.0
1753617233194,11:53:53.194,bybit,A/USDT:USDT,0.5776,278.0,0.5775,1584.0,0.5777,53.0,0.5778,240.0
1753617233294,11:53:53.294,bybit,A/USDT:USDT,0.5776,278.0,0.5775,1584.0,0.5777,53.0,0.5778,240.0
1753617233495,11:53:53.495,bybit,A/USDT:USDT,0.5776,278.0,0.5775,1584.0,0.5777,53.0,0.5778,202.0
1753617233695,11:53:53.695,bybit,A/USDT:USDT,0.5776,278.0,0.5775,1584.0,0.5777,53.0,0.5778,202.0
1753617233794,11:53:53.794,bybit,A/USDT:USDT,0.5776,278.0,0.5775,1584.0,0.5777,53.0,0.5778,907.0
1753617234295,11:53:54.295,bybit,A/USDT:USDT,0.5776,278.0,0.5775,1584.0,0.5777,53.0,0.5778,907.0
1753617234395,11:53:54.395,bybit,A/USDT:USDT,0.5776,278.0,0.5775,1584.0,0.5777,53.0,0.5778,869.0
1753617234696,11:53:54.696,bybit,A/USDT:USDT,0.5776,278.0,0.5775,1584.0,0.5777,53.0,0.5778,845.0
1753617235295,11:53:55.295,bybit,A/USDT:USDT,0.5776,278.0,0.5775,1584.0,0.5777,53.0,0.5778,845.0
1753617235494,11:53:55.494,bybit,A/USDT:USDT,0.5776,278.0,0.5775,1584.0,0.5777,53.0,0.5778,845.0
1753617235594,11:53:55.594,bybit,A/USDT:USDT,0.5776,278.0,0.5775,1584.0,0.5777,53.0,0.5778,883.0
1753617235894,11:53:55.894,bybit,A/USDT:USDT,0.5776,278.0,0.5775,1622.0,0.5777,53.0,0.5778,869.0
1753617235995,11:53:55.995,bybit,A/USDT:USDT,0.5776,278.0,0.5775,1622.0,0.5777,53.0,0.5778,869.0
1753617236094,11:53:56.094,bybit,A/USDT:USDT,0.5776,278.0,0.5775,1622.0,0.5777,53.0,0.5778,869.0
1753617236199,11:53:56.199,bybit,A/USDT:USDT,0.5776,336.0,0.5775,1684.0,0.5777,10.0,0.5778,176.0
1753617236295,11:53:56.295,bybit,A/USDT:USDT,0.5776,336.0,0.5775,2030.0,0.5777,10.0,0.5778,176.0
1753617236394,11:53:56.394,bybit,A/USDT:USDT,0.5776,336.0,0.5775,2895.0,0.5777,10.0,0.5778,176.0
1753617236494,11:53:56.494,bybit,A/USDT:USDT,0.5776,336.0,0.5775,2895.0,0.5777,10.0,0.5778,176.0
1753617236694,11:53:56.694,bybit,A/USDT:USDT,0.5776,374.0,0.5775,2895.0,0.5777,10.0,0.5778,176.0
1753617236894,11:53:56.894,bybit,A/USDT:USDT,0.5776,374.0,0.5775,2895.0,0.5777,10.0,0.5778,176.0
1753617237094,11:53:57.094,bybit,A/USDT:USDT,0.5776,393.0,0.5775,2895.0,0.5777,10.0,0.5778,176.0
1753617237695,11:53:57.695,bybit,A/USDT:USDT,0.5776,741.0,0.5775,2895.0,0.5777,10.0,0.5778,176.0
1753617237896,11:53:57.896,bybit,A/USDT:USDT,0.5776,703.0,0.5775,1646.0,0.5777,10.0,0.5778,176.0
1753617237995,11:53:57.995,bybit,A/USDT:USDT,0.5776,703.0,0.5775,1684.0,0.5777,10.0,0.5778,176.0
1753617238094,11:53:58.094,bybit,A/USDT:USDT,0.5776,703.0,0.5775,2030.0,0.5777,10.0,0.5778,176.0
1753617238194,11:53:58.194,bybit,A/USDT:USDT,0.5776,703.0,0.5775,2030.0,0.5777,10.0,0.5778,176.0
1753617238394,11:53:58.394,bybit,A/USDT:USDT,0.5776,703.0,0.5775,2030.0,0.5777,10.0,0.5778,176.0
1753617238694,11:53:58.694,bybit,A/USDT:USDT,0.5776,703.0,0.5775,2030.0,0.5777,10.0,0.5778,176.0
1753617238795,11:53:58.795,bybit,A/USDT:USDT,0.5776,703.0,0.5775,1684.0,0.5777,10.0,0.5778,176.0
1753617239294,11:53:59.294,bybit,A/USDT:USDT,0.5776,703.0,0.5775,1684.0,0.5777,10.0,0.5778,176.0
1753617239394,11:53:59.394,bybit,A/USDT:USDT,0.5776,703.0,0.5775,1684.0,0.5777,10.0,0.5778,176.0
1753617239795,11:53:59.795,bybit,A/USDT:USDT,0.5776,365.0,0.5775,1684.0,0.5777,10.0,0.5778,176.0
1753617239894,11:53:59.894,bybit,A/USDT:USDT,0.5776,365.0,0.5775,1684.0,0.5777,10.0,0.5778,176.0
1753617239994,11:53:59.994,bybit,A/USDT:USDT,0.5776,403.0,0.5775,1684.0,0.5777,10.0,0.5778,176.0
1753617240094,11:54:00.094,bybit,A/USDT:USDT,0.5776,403.0,0.5775,1684.0,0.5777,10.0,0.5778,176.0
1753617240695,11:54:00.695,bybit,A/USDT:USDT,0.5776,403.0,0.5775,2030.0,0.5777,10.0,0.5778,176.0
1753617240794,11:54:00.794,bybit,A/USDT:USDT,0.5776,403.0,0.5775,2030.0,0.5777,10.0,0.5778,176.0
1753617240894,11:54:00.894,bybit,A/USDT:USDT,0.5776,403.0,0.5775,2030.0,0.5777,10.0,0.5778,176.0
1753617240995,11:54:00.995,bybit,A/USDT:USDT,0.5776,441.0,0.5775,2030.0,0.5777,10.0,0.5778,176.0
1753617241395,11:54:01.395,bybit,A/USDT:USDT,0.5776,441.0,0.5775,2030.0,0.5777,10.0,0.5778,176.0
1753617241494,11:54:01.494,bybit,A/USDT:USDT,0.5776,403.0,0.5775,2030.0,0.5777,10.0,0.5778,176.0
1753617241594,11:54:01.594,bybit,A/USDT:USDT,0.5776,403.0,0.5775,1684.0,0.5777,10.0,0.5778,176.0
1753617241796,11:54:01.796,bybit,A/USDT:USDT,0.5776,365.0,0.5775,1684.0,0.5777,10.0,0.5778,176.0
1753617242095,11:54:02.095,bybit,A/USDT:USDT,0.5776,307.0,0.5775,1584.0,0.5777,240.0,0.5778,992.0
1753617242196,11:54:02.196,bybit,A/USDT:USDT,0.5776,307.0,0.5775,1584.0,0.5777,240.0,0.5778,992.0
1753617242295,11:54:02.295,bybit,A/USDT:USDT,0.5776,307.0,0.5775,1584.0,0.5777,202.0,0.5778,992.0
1753617242494,11:54:02.494,bybit,A/USDT:USDT,0.5776,307.0,0.5775,1584.0,0.5777,202.0,0.5778,992.0
1753617242794,11:54:02.794,bybit,A/USDT:USDT,0.5776,307.0,0.5775,1584.0,0.5777,240.0,0.5778,992.0
1753617242894,11:54:02.894,bybit,A/USDT:USDT,0.5776,307.0,0.5775,1584.0,0.5777,202.0,0.5778,992.0
1753617243095,11:54:03.095,bybit,A/USDT:USDT,0.5776,288.0,0.5775,1584.0,0.5777,202.0,0.5778,992.0
1753617243594,11:54:03.594,bybit,A/USDT:USDT,0.5776,288.0,0.5775,1584.0,0.5777,240.0,0.5778,992.0
1753617243695,11:54:03.695,bybit,A/USDT:USDT,0.5776,288.0,0.5775,1584.0,0.5777,240.0,0.5778,992.0
1753617244094,11:54:04.094,bybit,A/USDT:USDT,0.5776,288.0,0.5775,1593.0,0.5777,240.0,0.5778,992.0
1753617244294,11:54:04.294,bybit,A/USDT:USDT,0.5776,288.0,0.5775,1593.0,0.5777,240.0,0.5778,992.0
1753617244594,11:54:04.594,bybit,A/USDT:USDT,0.5776,288.0,0.5775,1593.0,0.5777,240.0,0.5778,992.0
1753617245194,11:54:05.194,bybit,A/USDT:USDT,0.5776,288.0,0.5775,1593.0,0.5777,240.0,0.5778,992.0
1753617245694,11:54:05.694,bybit,A/USDT:USDT,0.5776,288.0,0.5775,1593.0,0.5777,240.0,0.5778,992.0
1753617246097,11:54:06.097,bybit,A/USDT:USDT,0.5776,288.0,0.5775,954.0,0.5777,278.0,0.5778,992.0
1753617246248,11:54:06.248,bybit,A/USDT:USDT,0.5776,288.0,0.5775,954.0,0.5777,278.0,0.5778,992.0
1753617246394,11:54:06.394,bybit,A/USDT:USDT,0.5776,288.0,0.5775,954.0,0.5777,240.0,0.5778,992.0
1753617246495,11:54:06.495,bybit,A/USDT:USDT,0.5776,288.0,0.5775,954.0,0.5777,91.0,0.5778,992.0
1753617246595,11:54:06.595,bybit,A/USDT:USDT,0.5776,288.0,0.5775,954.0,0.5777,91.0,0.5778,992.0
1753617247394,11:54:07.394,bybit,A/USDT:USDT,0.5776,288.0,0.5775,954.0,0.5777,91.0,0.5778,992.0
1753617247494,11:54:07.494,bybit,A/USDT:USDT,0.5776,288.0,0.5775,954.0,0.5777,91.0,0.5778,992.0
1753617247713,11:54:07.713,bybit,A/USDT:USDT,0.5776,288.0,0.5775,954.0,0.5777,91.0,0.5778,992.0
1753617247794,11:54:07.794,bybit,A/USDT:USDT,0.5776,426.0,0.5775,954.0,0.5777,91.0,0.5778,992.0
1753617247995,11:54:07.995,bybit,A/USDT:USDT,0.5776,426.0,0.5775,954.0,0.5777,129.0,0.5778,992.0
1753617248097,11:54:08.097,bybit,A/USDT:USDT,0.5776,426.0,0.5775,954.0,0.5777,361.0,0.5778,992.0
1753617248198,11:54:08.198,bybit,A/USDT:USDT,0.5776,416.0,0.5775,954.0,0.5777,129.0,0.5778,992.0
1753617248594,11:54:08.594,bybit,A/USDT:USDT,0.5776,416.0,0.5775,954.0,0.5777,129.0,0.5778,1005.0
1753617248694,11:54:08.694,bybit,A/USDT:USDT,0.5776,416.0,0.5775,954.0,0.5777,91.0,0.5778,1005.0
1753617248995,11:54:08.995,bybit,A/USDT:USDT,0.5776,416.0,0.5775,954.0,0.5777,129.0,0.5778,1005.0
1753617249494,11:54:09.494,bybit,A/USDT:USDT,0.5776,416.0,0.5775,954.0,0.5777,53.0,0.5778,1005.0
1753617250196,11:54:10.196,bybit,A/USDT:USDT,0.5776,416.0,0.5775,954.0,0.5777,129.0,0.5778,1005.0
1753617250294,11:54:10.294,bybit,A/USDT:USDT,0.5776,416.0,0.5775,954.0,0.5777,129.0,0.5778,1005.0
1753617250394,11:54:10.394,bybit,A/USDT:USDT,0.5776,416.0,0.5775,954.0,0.5777,129.0,0.5778,1005.0
1753617250494,11:54:10.494,bybit,A/USDT:USDT,0.5776,416.0,0.5775,954.0,0.5777,91.0,0.5778,1005.0
1753617250595,11:54:10.595,bybit,A/USDT:USDT,0.5776,416.0,0.5775,954.0,0.5777,129.0,0.5778,1005.0
1753617250794,11:54:10.794,bybit,A/USDT:USDT,0.5776,416.0,0.5775,954.0,0.5777,129.0,0.5778,1005.0
1753617250895,11:54:10.895,bybit,A/USDT:USDT,0.5776,416.0,0.5775,954.0,0.5777,129.0,0.5778,1005.0
1753617251094,11:54:11.094,bybit,A/USDT:USDT,0.5776,416.0,0.5775,954.0,0.5777,91.0,0.5778,1005.0
1753617251394,11:54:11.394,bybit,A/USDT:USDT,0.5776,416.0,0.5775,954.0,0.5777,91.0,0.5778,1005.0
1753617251495,11:54:11.495,bybit,A/USDT:USDT,0.5776,416.0,0.5775,954.0,0.5777,91.0,0.5778,1005.0
1753617252494,11:54:12.494,bybit,A/USDT:USDT,0.5776,416.0,0.5775,954.0,0.5777,91.0,0.5778,1005.0
1753617252594,11:54:12.594,bybit,A/USDT:USDT,0.5776,416.0,0.5775,954.0,0.5777,53.0,0.5778,1005.0
1753617253794,11:54:13.794,bybit,A/USDT:USDT,0.5776,416.0,0.5775,954.0,0.5777,53.0,0.5778,1005.0
1753617253994,11:54:13.994,bybit,A/USDT:USDT,0.5776,416.0,0.5775,954.0,0.5777,53.0,0.5778,1005.0
1753617254095,11:54:14.095,bybit,A/USDT:USDT,0.5776,416.0,0.5775,954.0,0.5777,53.0,0.5778,1005.0
1753617254196,11:54:14.196,bybit,A/USDT:USDT,0.5776,416.0,0.5775,954.0,0.5777,53.0,0.5778,1005.0
1753617254294,11:54:14.294,bybit,A/USDT:USDT,0.5776,416.0,0.5775,954.0,0.5777,53.0,0.5778,1005.0
1753617254394,11:54:14.394,bybit,A/USDT:USDT,0.5776,416.0,0.5775,954.0,0.5777,53.0,0.5778,1005.0
1753617255294,11:54:15.294,bybit,A/USDT:USDT,0.5776,416.0,0.5775,954.0,0.5777,53.0,0.5778,1005.0
1753617255394,11:54:15.394,bybit,A/USDT:USDT,0.5776,416.0,0.5775,954.0,0.5777,53.0,0.5778,1005.0
1753617255795,11:54:15.795,bybit,A/USDT:USDT,0.5776,416.0,0.5775,954.0,0.5777,53.0,0.5778,1005.0
1753617255894,11:54:15.894,bybit,A/USDT:USDT,0.5776,416.0,0.5775,954.0,0.5777,53.0,0.5778,1005.0
1753617256494,11:54:16.494,bybit,A/USDT:USDT,0.5776,416.0,0.5775,954.0,0.5777,220.0,0.5778,1005.0
1753617256594,11:54:16.594,bybit,A/USDT:USDT,0.5776,416.0,0.5775,954.0,0.5777,220.0,0.5778,1005.0
1753617257294,11:54:17.294,bybit,A/USDT:USDT,0.5776,416.0,0.5775,954.0,0.5777,144.0,0.5778,1005.0
1753617257694,11:54:17.694,bybit,A/USDT:USDT,0.5776,416.0,0.5775,954.0,0.5777,144.0,0.5778,1005.0
1753617257994,11:54:17.994,bybit,A/USDT:USDT,0.5776,416.0,0.5775,954.0,0.5777,53.0,0.5778,1005.0
1753617258194,11:54:18.194,bybit,A/USDT:USDT,0.5776,476.0,0.5775,954.0,0.5777,53.0,0.5778,1005.0
1753617258294,11:54:18.294,bybit,A/USDT:USDT,0.5776,476.0,0.5775,954.0,0.5777,53.0,0.5778,967.0
1753617258394,11:54:18.394,bybit,A/USDT:USDT,0.5776,476.0,0.5775,954.0,0.5777,53.0,0.5778,1005.0
1753617259094,11:54:19.094,bybit,A/USDT:USDT,0.5776,476.0,0.5775,954.0,0.5777,53.0,0.5778,1005.0
1753617259194,11:54:19.194,bybit,A/USDT:USDT,0.5776,476.0,0.5775,954.0,0.5777,53.0,0.5778,1005.0
1753617259295,11:54:19.295,bybit,A/USDT:USDT,0.5776,476.0,0.5775,992.0,0.5777,53.0,0.5778,1005.0
1753617259394,11:54:19.394,bybit,A/USDT:USDT,0.5776,476.0,0.5775,954.0,0.5777,53.0,0.5778,1005.0
1753617259794,11:54:19.794,bybit,A/USDT:USDT,0.5776,476.0,0.5775,954.0,0.5777,53.0,0.5778,1005.0
1753617259894,11:54:19.894,bybit,A/USDT:USDT,0.5776,476.0,0.5775,954.0,0.5777,53.0,0.5778,1005.0
1753617260394,11:54:20.394,bybit,A/USDT:USDT,0.5776,476.0,0.5775,954.0,0.5777,53.0,0.5778,1005.0
1753617260494,11:54:20.494,bybit,A/USDT:USDT,0.5776,476.0,0.5775,954.0,0.5777,53.0,0.5778,1005.0
1753617260994,11:54:20.994,bybit,A/USDT:USDT,0.5776,476.0,0.5775,954.0,0.5777,53.0,0.5778,1005.0
1753617261110,11:54:21.110,bybit,A/USDT:USDT,0.5776,476.0,0.5775,954.0,0.5777,53.0,0.5778,1005.0
1753617261494,11:54:21.494,bybit,A/USDT:USDT,0.5776,476.0,0.5775,954.0,0.5777,53.0,0.5778,1005.0
1753617261594,11:54:21.594,bybit,A/USDT:USDT,0.5776,476.0,0.5775,954.0,0.5777,53.0,0.5778,1005.0
1753617261994,11:54:21.994,bybit,A/USDT:USDT,0.5776,476.0,0.5775,954.0,0.5777,53.0,0.5778,1005.0
1753617262094,11:54:22.094,bybit,A/USDT:USDT,0.5776,476.0,0.5775,954.0,0.5777,53.0,0.5778,1005.0
1753617262198,11:54:22.198,bybit,A/USDT:USDT,0.5776,476.0,0.5775,954.0,0.5777,53.0,0.5778,1005.0
1753617262294,11:54:22.294,bybit,A/USDT:USDT,0.5776,476.0,0.5775,954.0,0.5777,53.0,0.5778,1005.0
1753617262494,11:54:22.494,bybit,A/USDT:USDT,0.5776,476.0,0.5775,954.0,0.5777,53.0,0.5778,1005.0
1753617262595,11:54:22.595,bybit,A/USDT:USDT,0.5776,476.0,0.5775,954.0,0.5777,53.0,0.5778,1005.0
1753617262694,11:54:22.694,bybit,A/USDT:USDT,0.5776,476.0,0.5775,954.0,0.5777,53.0,0.5778,1005.0
1753617263194,11:54:23.194,bybit,A/USDT:USDT,0.5776,476.0,0.5775,954.0,0.5777,53.0,0.5778,1005.0
1753617263294,11:54:23.294,bybit,A/USDT:USDT,0.5776,476.0,0.5775,954.0,0.5777,53.0,0.5778,1005.0
1753617263694,11:54:23.694,bybit,A/USDT:USDT,0.5776,476.0,0.5775,954.0,0.5777,53.0,0.5778,1005.0
1753617263794,11:54:23.794,bybit,A/USDT:USDT,0.5776,476.0,0.5775,954.0,0.5777,53.0,0.5778,1005.0
1753617264196,11:54:24.196,bybit,A/USDT:USDT,0.5776,476.0,0.5775,954.0,0.5777,53.0,0.5778,1005.0
1753617264294,11:54:24.294,bybit,A/USDT:USDT,0.5776,476.0,0.5775,954.0,0.5777,53.0,0.5778,1005.0
1753617264394,11:54:24.394,bybit,A/USDT:USDT,0.5776,476.0,0.5775,992.0,0.5777,53.0,0.5778,967.0
1753617264795,11:54:24.795,bybit,A/USDT:USDT,0.5776,476.0,0.5775,992.0,0.5777,53.0,0.5778,967.0
1753617264894,11:54:24.894,bybit,A/USDT:USDT,0.5776,476.0,0.5775,992.0,0.5777,53.0,0.5778,1005.0
1753617264996,11:54:24.996,bybit,A/USDT:USDT,0.5776,476.0,0.5775,954.0,0.5777,53.0,0.5778,1005.0
1753617265094,11:54:25.094,bybit,A/USDT:USDT,0.5776,476.0,0.5775,954.0,0.5777,220.0,0.5778,1005.0
1753617265295,11:54:25.295,bybit,A/USDT:USDT,0.5776,476.0,0.5775,954.0,0.5777,220.0,0.5778,1005.0
1753617265494,11:54:25.494,bybit,A/USDT:USDT,0.5776,476.0,0.5775,954.0,0.5777,144.0,0.5778,1005.0
1753617265594,11:54:25.594,bybit,A/USDT:USDT,0.5776,476.0,0.5775,954.0,0.5777,144.0,0.5778,1005.0
1753617265794,11:54:25.794,bybit,A/USDT:USDT,0.5776,476.0,0.5775,954.0,0.5777,144.0,0.5778,1005.0
1753617265995,11:54:25.995,bybit,A/USDT:USDT,0.5776,476.0,0.5775,954.0,0.5777,144.0,0.5778,1005.0
1753617266394,11:54:26.394,bybit,A/USDT:USDT,0.5776,476.0,0.5775,954.0,0.5777,144.0,0.5778,1005.0
1753617266494,11:54:26.494,bybit,A/USDT:USDT,0.5776,476.0,0.5775,954.0,0.5777,144.0,0.5778,1005.0
1753617266994,11:54:26.994,bybit,A/USDT:USDT,0.5776,476.0,0.5775,954.0,0.5777,144.0,0.5778,1005.0
1753617267095,11:54:27.095,bybit,A/USDT:USDT,0.5776,476.0,0.5775,954.0,0.5777,144.0,0.5778,1005.0
1753617267494,11:54:27.494,bybit,A/USDT:USDT,0.5776,476.0,0.5775,954.0,0.5777,144.0,0.5778,1005.0
1753617267694,11:54:27.694,bybit,A/USDT:USDT,0.5776,476.0,0.5775,992.0,0.5777,144.0,0.5778,967.0
1753617267995,11:54:27.995,bybit,A/USDT:USDT,0.5776,476.0,0.5775,954.0,0.5777,144.0,0.5778,1005.0
1753617268094,11:54:28.094,bybit,A/USDT:USDT,0.5776,476.0,0.5775,954.0,0.5777,144.0,0.5778,1005.0
1753617268595,11:54:28.595,bybit,A/USDT:USDT,0.5776,476.0,0.5775,954.0,0.5777,144.0,0.5778,1005.0
1753617269095,11:54:29.095,bybit,A/USDT:USDT,0.5776,476.0,0.5775,954.0,0.5777,144.0,0.5778,1005.0
1753617269195,11:54:29.195,bybit,A/USDT:USDT,0.5776,476.0,0.5775,954.0,0.5777,144.0,0.5778,1005.0
1753617269694,11:54:29.694,bybit,A/USDT:USDT,0.5776,476.0,0.5775,954.0,0.5777,144.0,0.5778,1005.0
1753617270395,11:54:30.395,bybit,A/USDT:USDT,0.5776,476.0,0.5775,954.0,0.5777,220.0,0.5778,1005.0
1753617270795,11:54:30.795,bybit,A/USDT:USDT,0.5776,476.0,0.5775,954.0,0.5777,220.0,0.5778,1005.0
1753617270894,11:54:30.894,bybit,A/USDT:USDT,0.5776,476.0,0.5775,954.0,0.5777,220.0,0.5778,1005.0
1753617271301,11:54:31.301,bybit,A/USDT:USDT,0.5776,476.0,0.5775,954.0,0.5777,220.0,0.5778,1005.0
1753617271695,11:54:31.695,bybit,A/USDT:USDT,0.5776,476.0,0.5775,954.0,0.5777,220.0,0.5778,1005.0
1753617271894,11:54:31.894,bybit,A/USDT:USDT,0.5776,476.0,0.5775,954.0,0.5777,220.0,0.5778,1005.0
1753617271994,11:54:31.994,bybit,A/USDT:USDT,0.5776,476.0,0.5775,954.0,0.5777,220.0,0.5778,1005.0
1753617272495,11:54:32.495,bybit,A/USDT:USDT,0.5776,476.0,0.5775,954.0,0.5777,220.0,0.5778,1005.0
1753617272994,11:54:32.994,bybit,A/USDT:USDT,0.5776,476.0,0.5775,954.0,0.5777,220.0,0.5778,1005.0
1753617273094,11:54:33.094,bybit,A/USDT:USDT,0.5776,476.0,0.5775,954.0,0.5777,220.0,0.5778,1005.0
1753617273494,11:54:33.494,bybit,A/USDT:USDT,0.5776,476.0,0.5775,954.0,0.5777,220.0,0.5778,1005.0
1753617273594,11:54:33.594,bybit,A/USDT:USDT,0.5776,476.0,0.5775,954.0,0.5777,220.0,0.5778,1005.0
1753617273695,11:54:33.695,bybit,A/USDT:USDT,0.5776,476.0,0.5775,954.0,0.5777,220.0,0.5778,1005.0
1753617273794,11:54:33.794,bybit,A/USDT:USDT,0.5776,476.0,0.5775,954.0,0.5777,220.0,0.5778,1005.0
1753617274194,11:54:34.194,bybit,A/USDT:USDT,0.5776,476.0,0.5775,954.0,0.5777,220.0,0.5778,1005.0
1753617274296,11:54:34.296,bybit,A/USDT:USDT,0.5776,476.0,0.5775,954.0,0.5777,220.0,0.5778,1005.0
1753617274396,11:54:34.396,bybit,A/USDT:USDT,0.5776,476.0,0.5775,954.0,0.5777,220.0,0.5778,1005.0
1753617275294,11:54:35.294,bybit,A/USDT:USDT,0.5776,476.0,0.5775,954.0,0.5777,220.0,0.5778,1005.0
1753617275394,11:54:35.394,bybit,A/USDT:USDT,0.5776,476.0,0.5775,954.0,0.5777,182.0,0.5778,1005.0
1753617275495,11:54:35.495,bybit,A/USDT:USDT,0.5776,476.0,0.5775,992.0,0.5777,144.0,0.5778,967.0
1753617275894,11:54:35.894,bybit,A/USDT:USDT,0.5776,476.0,0.5775,954.0,0.5777,144.0,0.5778,1005.0
1753617275994,11:54:35.994,bybit,A/USDT:USDT,0.5776,476.0,0.5775,954.0,0.5777,144.0,0.5778,1005.0
1753617276494,11:54:36.494,bybit,A/USDT:USDT,0.5776,476.0,0.5775,954.0,0.5777,144.0,0.5778,1005.0
1753617276695,11:54:36.695,bybit,A/USDT:USDT,0.5776,476.0,0.5775,954.0,0.5777,144.0,0.5778,1005.0
1753617276796,11:54:36.796,bybit,A/USDT:USDT,0.5776,476.0,0.5775,954.0,0.5777,220.0,0.5778,1005.0
1753617277093,11:54:37.093,bybit,A/USDT:USDT,0.5776,476.0,0.5775,954.0,0.5777,220.0,0.5778,1005.0
1753617277194,11:54:37.194,bybit,A/USDT:USDT,0.5776,476.0,0.5775,954.0,0.5777,182.0,0.5778,1005.0
1753617277594,11:54:37.594,bybit,A/USDT:USDT,0.5776,476.0,0.5775,954.0,0.5777,182.0,0.5778,1005.0
1753617277694,11:54:37.694,bybit,A/USDT:USDT,0.5776,476.0,0.5775,954.0,0.5777,220.0,0.5778,1005.0
1753617278194,11:54:38.194,bybit,A/USDT:USDT,0.5776,476.0,0.5775,954.0,0.5777,220.0,0.5778,1005.0
1753617278295,11:54:38.295,bybit,A/USDT:USDT,0.5776,476.0,0.5775,954.0,0.5777,220.0,0.5778,1005.0
1753617278894,11:54:38.894,bybit,A/USDT:USDT,0.5776,428.0,0.5775,836.0,0.5777,1217.0,0.5778,1005.0
1753617278996,11:54:38.996,bybit,A/USDT:USDT,0.5776,428.0,0.5775,9.0,0.5777,1217.0,0.5778,1005.0
1753617279094,11:54:39.094,bybit,A/USDT:USDT,0.5776,428.0,0.5775,9.0,0.5777,1236.0,0.5778,1005.0
1753617279195,11:54:39.195,bybit,A/USDT:USDT,0.5776,428.0,0.5775,9.0,0.5777,1236.0,0.5778,1005.0
1753617279294,11:54:39.294,bybit,A/USDT:USDT,0.5776,428.0,0.5775,9.0,0.5777,1160.0,0.5778,1005.0
1753617279595,11:54:39.595,bybit,A/USDT:USDT,0.5776,428.0,0.5775,9.0,0.5777,1236.0,0.5778,1005.0
1753617280394,11:54:40.394,bybit,A/USDT:USDT,0.5776,428.0,0.5775,9.0,0.5777,1236.0,0.5778,1005.0
1753617280494,11:54:40.494,bybit,A/USDT:USDT,0.5776,428.0,0.5775,9.0,0.5777,1236.0,0.5778,1005.0
1753617280694,11:54:40.694,bybit,A/USDT:USDT,0.5776,428.0,0.5775,9.0,0.5777,1236.0,0.5778,1005.0
1753617280794,11:54:40.794,bybit,A/USDT:USDT,0.5776,428.0,0.5775,9.0,0.5777,1236.0,0.5778,1005.0
1753617280994,11:54:40.994,bybit,A/USDT:USDT,0.5776,428.0,0.5775,9.0,0.5777,1236.0,0.5778,1005.0
1753617281095,11:54:41.095,bybit,A/USDT:USDT,0.5776,428.0,0.5775,9.0,0.5777,1236.0,0.5778,1005.0
1753617281494,11:54:41.494,bybit,A/USDT:USDT,0.5776,428.0,0.5775,9.0,0.5777,1236.0,0.5778,1005.0
1753617281594,11:54:41.594,bybit,A/USDT:USDT,0.5776,428.0,0.5775,9.0,0.5777,1236.0,0.5778,1005.0
1753617282595,11:54:42.595,bybit,A/USDT:USDT,0.5776,428.0,0.5775,9.0,0.5777,1236.0,0.5778,1005.0
1753617282694,11:54:42.694,bybit,A/USDT:USDT,0.5776,428.0,0.5775,9.0,0.5777,1236.0,0.5778,1005.0
1753617282993,11:54:42.993,bybit,A/USDT:USDT,0.5776,428.0,0.5775,9.0,0.5777,1236.0,0.5778,1005.0
1753617283196,11:54:43.196,bybit,A/USDT:USDT,0.5776,428.0,0.5775,9.0,0.5777,1236.0,0.5778,1005.0
1753617283294,11:54:43.294,bybit,A/USDT:USDT,0.5776,428.0,0.5775,9.0,0.5777,1236.0,0.5778,1005.0
1753617283394,11:54:43.394,bybit,A/USDT:USDT,0.5776,428.0,0.5775,9.0,0.5777,1236.0,0.5778,1005.0
1753617283697,11:54:43.697,bybit,A/USDT:USDT,0.5776,428.0,0.5775,9.0,0.5777,1236.0,0.5778,1005.0
1753617283794,11:54:43.794,bybit,A/USDT:USDT,0.5776,428.0,0.5775,9.0,0.5777,1236.0,0.5778,1005.0
1753617283895,11:54:43.895,bybit,A/USDT:USDT,0.5776,428.0,0.5775,9.0,0.5777,1236.0,0.5778,1005.0
1753617284894,11:54:44.894,bybit,A/USDT:USDT,0.5776,428.0,0.5775,9.0,0.5777,1236.0,0.5778,1005.0
1753617284994,11:54:44.994,bybit,A/USDT:USDT,0.5776,428.0,0.5775,9.0,0.5777,1236.0,0.5778,1005.0
1753617285095,11:54:45.095,bybit,A/USDT:USDT,0.5776,428.0,0.5775,9.0,0.5777,1236.0,0.5778,1005.0
1753617285195,11:54:45.195,bybit,A/USDT:USDT,0.5776,428.0,0.5775,9.0,0.5777,1236.0,0.5778,1005.0
1753617285394,11:54:45.394,bybit,A/USDT:USDT,0.5776,428.0,0.5775,9.0,0.5777,852.0,0.5778,1005.0
1753617285495,11:54:45.495,bybit,A/USDT:USDT,0.5776,428.0,0.5775,9.0,0.5777,852.0,0.5778,1005.0
1753617285695,11:54:45.695,bybit,A/USDT:USDT,0.5776,428.0,0.5775,9.0,0.5777,814.0,0.5778,1005.0
1753617285794,11:54:45.794,bybit,A/USDT:USDT,0.5776,428.0,0.5775,9.0,0.5777,814.0,0.5778,1005.0
1753617285994,11:54:45.994,bybit,A/USDT:USDT,0.5776,428.0,0.5775,9.0,0.5777,814.0,0.5778,1005.0
1753617286394,11:54:46.394,bybit,A/USDT:USDT,0.5776,428.0,0.5775,9.0,0.5777,852.0,0.5778,1005.0
1753617286494,11:54:46.494,bybit,A/USDT:USDT,0.5776,428.0,0.5775,9.0,0.5777,852.0,0.5778,1005.0
1753617286595,11:54:46.595,bybit,A/USDT:USDT,0.5776,428.0,0.5775,9.0,0.5777,890.0,0.5778,1005.0
1753617286995,11:54:46.995,bybit,A/USDT:USDT,0.5776,428.0,0.5775,9.0,0.5777,890.0,0.5778,1005.0
1753617287994,11:54:47.994,bybit,A/USDT:USDT,0.5776,428.0,0.5775,9.0,0.5777,890.0,0.5778,1005.0
1753617288201,11:54:48.201,bybit,A/USDT:USDT,0.5776,428.0,0.5775,9.0,0.5777,890.0,0.5778,1005.0
1753617288295,11:54:48.295,bybit,A/USDT:USDT,0.5776,428.0,0.5775,9.0,0.5777,890.0,0.5778,1005.0
1753617288894,11:54:48.894,bybit,A/USDT:USDT,0.5776,428.0,0.5775,9.0,0.5777,890.0,0.5778,1005.0
1753617289194,11:54:49.194,bybit,A/USDT:USDT,0.5776,428.0,0.5775,9.0,0.5777,852.0,0.5778,1005.0
1753617289294,11:54:49.294,bybit,A/USDT:USDT,0.5776,428.0,0.5775,9.0,0.5777,852.0,0.5778,1005.0
1753617289394,11:54:49.394,bybit,A/USDT:USDT,0.5776,428.0,0.5775,9.0,0.5777,890.0,0.5778,1005.0
1753617289494,11:54:49.494,bybit,A/USDT:USDT,0.5776,428.0,0.5775,9.0,0.5777,900.0,0.5778,1005.0
1753617289894,11:54:49.894,bybit,A/USDT:USDT,0.5776,428.0,0.5775,9.0,0.5777,900.0,0.5778,1005.0
1753617289994,11:54:49.994,bybit,A/USDT:USDT,0.5776,428.0,0.5775,9.0,0.5777,900.0,0.5778,1005.0
1753617290094,11:54:50.094,bybit,A/USDT:USDT,0.5776,428.0,0.5775,9.0,0.5777,900.0,0.5778,1005.0
1753617290197,11:54:50.197,bybit,A/USDT:USDT,0.5776,428.0,0.5775,9.0,0.5777,900.0,0.5778,1005.0
1753617290394,11:54:50.394,bybit,A/USDT:USDT,0.5776,428.0,0.5775,47.0,0.5777,824.0,0.5778,1005.0
1753617290494,11:54:50.494,bybit,A/USDT:USDT,0.5776,428.0,0.5775,401.0,0.5777,824.0,0.5778,1005.0
1753617290595,11:54:50.595,bybit,A/USDT:USDT,0.5776,428.0,0.5775,363.0,0.5777,824.0,0.5778,1005.0
1753617290894,11:54:50.894,bybit,A/USDT:USDT,0.5776,428.0,0.5775,363.0,0.5777,824.0,0.5778,1005.0
1753617290995,11:54:50.995,bybit,A/USDT:USDT,0.5776,428.0,0.5775,363.0,0.5777,824.0,0.5778,1005.0
1753617291094,11:54:51.094,bybit,A/USDT:USDT,0.5776,428.0,0.5775,363.0,0.5777,824.0,0.5778,1005.0
1753617291594,11:54:51.594,bybit,A/USDT:USDT,0.5776,428.0,0.5775,363.0,0.5777,862.0,0.5778,1005.0
1753617291794,11:54:51.794,bybit,A/USDT:USDT,0.5776,428.0,0.5775,363.0,0.5777,824.0,0.5778,1005.0
1753617291894,11:54:51.894,bybit,A/USDT:USDT,0.5776,428.0,0.5775,363.0,0.5777,824.0,0.5778,1005.0
1753617292694,11:54:52.694,bybit,A/USDT:USDT,0.5776,428.0,0.5775,363.0,0.5777,824.0,0.5778,1005.0
1753617292795,11:54:52.795,bybit,A/USDT:USDT,0.5776,428.0,0.5775,363.0,0.5777,862.0,0.5778,1005.0
1753617293494,11:54:53.494,bybit,A/USDT:USDT,0.5776,428.0,0.5775,363.0,0.5777,862.0,0.5778,1005.0
1753617293594,11:54:53.594,bybit,A/USDT:USDT,0.5776,428.0,0.5775,363.0,0.5777,862.0,0.5778,1005.0
1753617293795,11:54:53.795,bybit,A/USDT:USDT,0.5776,428.0,0.5775,363.0,0.5777,862.0,0.5778,1005.0
1753617293894,11:54:53.894,bybit,A/USDT:USDT,0.5776,428.0,0.5775,363.0,0.5777,862.0,0.5778,1005.0
1753617293996,11:54:53.996,bybit,A/USDT:USDT,0.5776,428.0,0.5775,363.0,0.5777,862.0,0.5778,1005.0
1753617294794,11:54:54.794,bybit,A/USDT:USDT,0.5776,428.0,0.5775,9.0,0.5777,862.0,0.5778,1005.0
1753617294895,11:54:54.895,bybit,A/USDT:USDT,0.5776,428.0,0.5775,363.0,0.5777,862.0,0.5778,1005.0
1753617295394,11:54:55.394,bybit,A/USDT:USDT,0.5776,428.0,0.5775,9.0,0.5777,1230.0,0.5778,1005.0
1753617295495,11:54:55.495,bybit,A/USDT:USDT,0.5776,428.0,0.5775,9.0,0.5777,1230.0,0.5778,1005.0
1753617295594,11:54:55.594,bybit,A/USDT:USDT,0.5776,428.0,0.5775,363.0,0.5777,1230.0,0.5778,1005.0
1753617295699,11:54:55.699,bybit,A/USDT:USDT,0.5776,428.0,0.5775,363.0,0.5777,1230.0,0.5778,1005.0
1753617295794,11:54:55.794,bybit,A/USDT:USDT,0.5776,428.0,0.5775,363.0,0.5777,1230.0,0.5778,1005.0
1753617295894,11:54:55.894,bybit,A/USDT:USDT,0.5776,428.0,0.5775,363.0,0.5777,1230.0,0.5778,1005.0
1753617295994,11:54:55.994,bybit,A/USDT:USDT,0.5776,428.0,0.5775,363.0,0.5777,1230.0,0.5778,1005.0
1753617296094,11:54:56.094,bybit,A/USDT:USDT,0.5776,428.0,0.5775,363.0,0.5777,1230.0,0.5778,1005.0
1753617296295,11:54:56.295,bybit,A/USDT:USDT,0.5776,428.0,0.5775,363.0,0.5777,1230.0,0.5778,1005.0
1753617296394,11:54:56.394,bybit,A/USDT:USDT,0.5776,428.0,0.5775,363.0,0.5777,1230.0,0.5778,1005.0
1753617296494,11:54:56.494,bybit,A/USDT:USDT,0.5776,428.0,0.5775,363.0,0.5777,1230.0,0.5778,1005.0
1753617296595,11:54:56.595,bybit,A/USDT:USDT,0.5776,428.0,0.5775,363.0,0.5777,1230.0,0.5778,1005.0
1753617297094,11:54:57.094,bybit,A/USDT:USDT,0.5776,428.0,0.5775,363.0,0.5777,1230.0,0.5778,1005.0
1753617297194,11:54:57.194,bybit,A/USDT:USDT,0.5776,428.0,0.5775,363.0,0.5777,1230.0,0.5778,1005.0
1753617297595,11:54:57.595,bybit,A/USDT:USDT,0.5776,428.0,0.5775,363.0,0.5777,1230.0,0.5778,1005.0
1753617297695,11:54:57.695,bybit,A/USDT:USDT,0.5776,428.0,0.5775,363.0,0.5777,1230.0,0.5778,947.0
1753617298096,11:54:58.096,bybit,A/USDT:USDT,0.5776,428.0,0.5775,354.0,0.5777,1230.0,0.5778,947.0
1753617298200,11:54:58.200,bybit,A/USDT:USDT,0.5776,428.0,0.5775,354.0,0.5777,1230.0,0.5778,947.0
1753617298394,11:54:58.394,bybit,A/USDT:USDT,0.5776,428.0,0.5775,354.0,0.5777,1230.0,0.5778,947.0
1753617298793,11:54:58.793,bybit,A/USDT:USDT,0.5776,428.0,0.5775,354.0,0.5777,1230.0,0.5778,947.0
1753617298894,11:54:58.894,bybit,A/USDT:USDT,0.5776,428.0,0.5775,354.0,0.5777,1230.0,0.5778,947.0
1753617298994,11:54:58.994,bybit,A/USDT:USDT,0.5776,428.0,0.5775,354.0,0.5777,1230.0,0.5778,947.0
1753617300094,11:55:00.094,bybit,A/USDT:USDT,0.5776,428.0,0.5775,354.0,0.5777,1230.0,0.5778,947.0
1753617300595,11:55:00.595,bybit,A/USDT:USDT,0.5776,428.0,0.5775,354.0,0.5777,1192.0,0.5778,947.0
1753617300794,11:55:00.794,bybit,A/USDT:USDT,0.5776,428.0,0.5775,354.0,0.5777,1192.0,0.5778,947.0
1753617302894,11:55:02.894,bybit,A/USDT:USDT,0.5776,428.0,0.5774,1579.0,0.5777,1227.0,0.5778,947.0
1753617302994,11:55:02.994,bybit,A/USDT:USDT,0.5776,428.0,0.5774,1579.0,0.5777,1227.0,0.5778,947.0
1753617304293,11:55:04.293,bybit,A/USDT:USDT,0.5776,428.0,0.5774,1579.0,0.5777,1227.0,0.5778,947.0
1753617304494,11:55:04.494,bybit,A/USDT:USDT,0.5777,19210.0,0.5776,428.0,0.5778,1615.0,0.5779,4071.0
1753617304595,11:55:04.595,bybit,A/USDT:USDT,0.5777,19210.0,0.5776,428.0,0.5778,2012.0,0.5779,4071.0
1753617304694,11:55:04.694,bybit,A/USDT:USDT,0.5777,19210.0,0.5776,428.0,0.5778,1678.0,0.5779,4095.0
1753617304794,11:55:04.794,bybit,A/USDT:USDT,0.5777,19210.0,0.5776,428.0,0.5778,2054.0,0.5779,4095.0
1753617304894,11:55:04.894,bybit,A/USDT:USDT,0.5777,19210.0,0.5776,428.0,0.5778,2054.0,0.5779,4095.0
1753617305094,11:55:05.094,bybit,A/USDT:USDT,0.5777,19210.0,0.5776,428.0,0.5778,2054.0,0.5779,4095.0
1753617305194,11:55:05.194,bybit,A/USDT:USDT,0.5777,19210.0,0.5776,428.0,0.5778,2054.0,0.5779,4095.0
1753617305294,11:55:05.294,bybit,A/USDT:USDT,0.5777,19210.0,0.5776,428.0,0.5778,2054.0,0.5779,4095.0
1753617305394,11:55:05.394,bybit,A/USDT:USDT,0.5777,19210.0,0.5776,428.0,0.5778,2054.0,0.5779,4095.0
1753617305496,11:55:05.496,bybit,A/USDT:USDT,0.5777,19210.0,0.5776,428.0,0.5778,2054.0,0.5779,4095.0
1753617305694,11:55:05.694,bybit,A/USDT:USDT,0.5777,19210.0,0.5776,428.0,0.5778,2054.0,0.5779,4095.0
1753617305795,11:55:05.795,bybit,A/USDT:USDT,0.5777,19210.0,0.5776,428.0,0.5778,2054.0,0.5779,4095.0
1753617305994,11:55:05.994,bybit,A/USDT:USDT,0.5777,19210.0,0.5776,428.0,0.5778,2054.0,0.5779,4071.0
1753617306094,11:55:06.094,bybit,A/USDT:USDT,0.5777,19210.0,0.5776,428.0,0.5778,2054.0,0.5779,4095.0
1753617306294,11:55:06.294,bybit,A/USDT:USDT,0.5777,19210.0,0.5776,428.0,0.5778,2054.0,0.5779,4095.0
1753617306594,11:55:06.594,bybit,A/USDT:USDT,0.5777,19210.0,0.5776,428.0,0.5778,2492.0,0.5779,4095.0
1753617306794,11:55:06.794,bybit,A/USDT:USDT,0.5777,19210.0,0.5776,428.0,0.5778,2492.0,0.5779,4095.0
1753617307313,11:55:07.313,bybit,A/USDT:USDT,0.5776,428.0,0.5775,19.0,0.5777,733.0,0.5778,2817.0
1753617307396,11:55:07.396,bybit,A/USDT:USDT,0.5776,428.0,0.5775,19.0,0.5777,733.0,0.5778,2817.0
1753617307494,11:55:07.494,bybit,A/USDT:USDT,0.5776,428.0,0.5775,19.0,0.5777,733.0,0.5778,2817.0
1753617307594,11:55:07.594,bybit,A/USDT:USDT,0.5776,428.0,0.5775,19.0,0.5777,733.0,0.5778,2817.0
1753617307694,11:55:07.694,bybit,A/USDT:USDT,0.5776,428.0,0.5775,19.0,0.5777,733.0,0.5778,2817.0
1753617307795,11:55:07.795,bybit,A/USDT:USDT,0.5776,428.0,0.5775,19.0,0.5777,733.0,0.5778,2817.0
1753617307994,11:55:07.994,bybit,A/USDT:USDT,0.5776,428.0,0.5775,19.0,0.5777,733.0,0.5778,2441.0
1753617308197,11:55:08.197,bybit,A/USDT:USDT,0.5776,447.0,0.5775,19.0,0.5777,1268.0,0.5778,2441.0
1753617308594,11:55:08.594,bybit,A/USDT:USDT,0.5776,447.0,0.5775,19.0,0.5777,1268.0,0.5778,2441.0
1753617309094,11:55:09.094,bybit,A/USDT:USDT,0.5776,447.0,0.5775,19.0,0.5777,1233.0,0.5778,2441.0
1753617309194,11:55:09.194,bybit,A/USDT:USDT,0.5776,428.0,0.5775,19.0,0.5777,1233.0,0.5778,2441.0
1753617309395,11:55:09.395,bybit,A/USDT:USDT,0.5776,428.0,0.5775,19.0,0.5777,1233.0,0.5778,2441.0
1753617309494,11:55:09.494,bybit,A/USDT:USDT,0.5776,428.0,0.5775,19.0,0.5777,1268.0,0.5778,2441.0
1753617309794,11:55:09.794,bybit,A/USDT:USDT,0.5776,428.0,0.5775,19.0,0.5777,1268.0,0.5778,2441.0
1753617309894,11:55:09.894,bybit,A/USDT:USDT,0.5776,428.0,0.5775,19.0,0.5777,1233.0,0.5778,2441.0
1753617309995,11:55:09.995,bybit,A/USDT:USDT,0.5776,428.0,0.5775,19.0,0.5777,1233.0,0.5778,2441.0
1753617310094,11:55:10.094,bybit,A/USDT:USDT,0.5776,428.0,0.5775,19.0,0.5777,1233.0,0.5778,2441.0
1753617310594,11:55:10.594,bybit,A/USDT:USDT,0.5776,428.0,0.5775,19.0,0.5777,1233.0,0.5778,2441.0
1753617310694,11:55:10.694,bybit,A/USDT:USDT,0.5776,428.0,0.5775,19.0,0.5777,1233.0,0.5778,2441.0
1753617311395,11:55:11.395,bybit,A/USDT:USDT,0.5776,428.0,0.5775,19.0,0.5777,1249.0,0.5778,2441.0
1753617311895,11:55:11.895,bybit,A/USDT:USDT,0.5776,428.0,0.5775,19.0,0.5777,1249.0,0.5778,2441.0
1753617311994,11:55:11.994,bybit,A/USDT:USDT,0.5776,428.0,0.5775,19.0,0.5777,1284.0,0.5778,2441.0
1753617312094,11:55:12.094,bybit,A/USDT:USDT,0.5776,428.0,0.5775,19.0,0.5777,1249.0,0.5778,2441.0
1753617312404,11:55:12.404,bybit,A/USDT:USDT,0.5776,428.0,0.5775,19.0,0.5777,1284.0,0.5778,2441.0
1753617312594,11:55:12.594,bybit,A/USDT:USDT,0.5776,428.0,0.5775,19.0,0.5777,1249.0,0.5778,2441.0
1753617313494,11:55:13.494,bybit,A/USDT:USDT,0.5776,428.0,0.5775,19.0,0.5777,1249.0,0.5778,2441.0
1753617313694,11:55:13.694,bybit,A/USDT:USDT,0.5776,428.0,0.5775,19.0,0.5777,1249.0,0.5778,2441.0
1753617313894,11:55:13.894,bybit,A/USDT:USDT,0.5776,428.0,0.5775,19.0,0.5777,1284.0,0.5778,2441.0
1753617314394,11:55:14.394,bybit,A/USDT:USDT,0.5776,428.0,0.5775,19.0,0.5777,1284.0,0.5778,2441.0
1753617314494,11:55:14.494,bybit,A/USDT:USDT,0.5776,428.0,0.5775,19.0,0.5777,1284.0,0.5778,2441.0
1753617314594,11:55:14.594,bybit,A/USDT:USDT,0.5776,428.0,0.5775,19.0,0.5777,1284.0,0.5778,2441.0
1753617314795,11:55:14.795,bybit,A/USDT:USDT,0.5776,428.0,0.5775,19.0,0.5777,1284.0,0.5778,2441.0
1753617314894,11:55:14.894,bybit,A/USDT:USDT,0.5776,428.0,0.5775,19.0,0.5777,1698.0,0.5778,2441.0
1753617314995,11:55:14.995,bybit,A/USDT:USDT,0.5776,428.0,0.5775,19.0,0.5777,1722.0,0.5778,2441.0
1753617315094,11:55:15.094,bybit,A/USDT:USDT,0.5776,428.0,0.5775,19.0,0.5777,1722.0,0.5778,2441.0
1753617315194,11:55:15.194,bybit,A/USDT:USDT,0.5776,428.0,0.5775,19.0,0.5777,1722.0,0.5778,2441.0
1753617315395,11:55:15.395,bybit,A/USDT:USDT,0.5776,428.0,0.5775,19.0,0.5777,1722.0,0.5778,2441.0
1753617315596,11:55:15.596,bybit,A/USDT:USDT,0.5776,428.0,0.5775,19.0,0.5777,1722.0,0.5778,2441.0
1753617315695,11:55:15.695,bybit,A/USDT:USDT,0.5776,428.0,0.5775,19.0,0.5777,1722.0,0.5778,2441.0
1753617315894,11:55:15.894,bybit,A/USDT:USDT,0.5776,428.0,0.5775,19.0,0.5777,1722.0,0.5778,2441.0
1753617316094,11:55:16.094,bybit,A/USDT:USDT,0.5776,428.0,0.5775,19.0,0.5777,2543.0,0.5778,2441.0
1753617316395,11:55:16.395,bybit,A/USDT:USDT,0.5776,428.0,0.5775,19.0,0.5777,2543.0,0.5778,2441.0
1753617316694,11:55:16.694,bybit,A/USDT:USDT,0.5776,428.0,0.5775,19.0,0.5777,3080.0,0.5778,2441.0
1753617316795,11:55:16.795,bybit,A/USDT:USDT,0.5776,428.0,0.5775,19.0,0.5777,2543.0,0.5778,2787.0
1753617316895,11:55:16.895,bybit,A/USDT:USDT,0.5776,428.0,0.5775,19.0,0.5777,2543.0,0.5778,2787.0
1753617316994,11:55:16.994,bybit,A/USDT:USDT,0.5776,428.0,0.5775,19.0,0.5777,3695.0,0.5778,2787.0
1753617317194,11:55:17.194,bybit,A/USDT:USDT,0.5776,428.0,0.5775,19.0,0.5777,3695.0,0.5778,2787.0
1753617317294,11:55:17.294,bybit,A/USDT:USDT,0.5776,428.0,0.5775,19.0,0.5777,3695.0,0.5778,2787.0
1753617317394,11:55:17.394,bybit,A/USDT:USDT,0.5776,428.0,0.5775,19.0,0.5777,3695.0,0.5778,2787.0
1753617317694,11:55:17.694,bybit,A/USDT:USDT,0.5776,428.0,0.5775,19.0,0.5777,3695.0,0.5778,2787.0
1753617317894,11:55:17.894,bybit,A/USDT:USDT,0.5776,428.0,0.5775,19.0,0.5777,3695.0,0.5778,2787.0
1753617318895,11:55:18.895,bybit,A/USDT:USDT,0.5776,428.0,0.5775,19.0,0.5777,4041.0,0.5778,2787.0
1753617319194,11:55:19.194,bybit,A/USDT:USDT,0.5776,428.0,0.5775,19.0,0.5777,4041.0,0.5778,2787.0
1753617319396,11:55:19.396,bybit,A/USDT:USDT,0.5776,428.0,0.5775,19.0,0.5777,4041.0,0.5778,2787.0
1753617319694,11:55:19.694,bybit,A/USDT:USDT,0.5776,428.0,0.5775,19.0,0.5777,4041.0,0.5778,2787.0
1753617320001,11:55:20.001,bybit,A/USDT:USDT,0.5773,1523.0,0.5772,2684.0,0.5776,797.0,0.5777,3649.0
1753617320096,11:55:20.096,bybit,A/USDT:USDT,0.5771,2133.0,0.577,2621.0,0.5772,253.0,0.5773,370.0
1753617320197,11:55:20.197,bybit,A/USDT:USDT,0.5771,23.0,0.577,1897.0,0.5772,208.0,0.5774,1659.0
1753617320294,11:55:20.294,bybit,A/USDT:USDT,0.5771,23.0,0.577,1897.0,0.5772,208.0,0.5774,1659.0
1753617320394,11:55:20.394,bybit,A/USDT:USDT,0.5771,23.0,0.577,1932.0,0.5772,208.0,0.5774,1659.0
1753617320594,11:55:20.594,bybit,A/USDT:USDT,0.5771,23.0,0.577,1932.0,0.5772,208.0,0.5774,1659.0
1753617320697,11:55:20.697,bybit,A/USDT:USDT,0.5771,23.0,0.577,1897.0,0.5772,208.0,0.5773,658.0
1753617320896,11:55:20.896,bybit,A/USDT:USDT,0.5771,10.0,0.577,1241.0,0.5772,208.0,0.5773,908.0
1753617320994,11:55:20.994,bybit,A/USDT:USDT,0.5771,10.0,0.577,1241.0,0.5772,208.0,0.5773,908.0
1753617321094,11:55:21.094,bybit,A/USDT:USDT,0.5771,10.0,0.577,1241.0,0.5772,208.0,0.5773,1263.0
1753617321195,11:55:21.195,bybit,A/USDT:USDT,0.5771,10.0,0.577,1241.0,0.5772,208.0,0.5773,1263.0
1753617321296,11:55:21.296,bybit,A/USDT:USDT,0.5771,10.0,0.577,1241.0,0.5772,208.0,0.5773,1263.0
1753617321395,11:55:21.395,bybit,A/USDT:USDT,0.5771,10.0,0.577,1241.0,0.5772,208.0,0.5773,1263.0
1753617321496,11:55:21.496,bybit,A/USDT:USDT,0.5771,10.0,0.577,1241.0,0.5772,208.0,0.5773,1263.0
1753617321594,11:55:21.594,bybit,A/USDT:USDT,0.5771,10.0,0.577,1241.0,0.5772,208.0,0.5773,1263.0
1753617321794,11:55:21.794,bybit,A/USDT:USDT,0.5771,10.0,0.577,1241.0,0.5772,208.0,0.5773,1263.0
1753617321893,11:55:21.893,bybit,A/USDT:USDT,0.5771,10.0,0.577,1241.0,0.5772,208.0,0.5773,1263.0
1753617321994,11:55:21.994,bybit,A/USDT:USDT,0.5771,10.0,0.577,1241.0,0.5772,208.0,0.5773,1263.0
1753617322094,11:55:22.094,bybit,A/USDT:USDT,0.5771,10.0,0.577,1241.0,0.5772,208.0,0.5773,1263.0
1753617322294,11:55:22.294,bybit,A/USDT:USDT,0.5771,10.0,0.577,1241.0,0.5772,208.0,0.5773,1263.0
1753617322396,11:55:22.396,bybit,A/USDT:USDT,0.5771,10.0,0.577,1241.0,0.5772,208.0,0.5773,1287.0
1753617322494,11:55:22.494,bybit,A/USDT:USDT,0.5771,10.0,0.577,1241.0,0.5772,208.0,0.5773,1287.0
1753617322594,11:55:22.594,bybit,A/USDT:USDT,0.5771,10.0,0.577,1241.0,0.5772,208.0,0.5773,1287.0
1753617322694,11:55:22.694,bybit,A/USDT:USDT,0.5771,10.0,0.577,1241.0,0.5772,208.0,0.5773,1287.0
1753617322794,11:55:22.794,bybit,A/USDT:USDT,0.5771,10.0,0.577,1241.0,0.5772,208.0,0.5773,1287.0
1753617322896,11:55:22.896,bybit,A/USDT:USDT,0.5771,10.0,0.577,1241.0,0.5772,208.0,0.5773,1287.0
1753617323094,11:55:23.094,bybit,A/USDT:USDT,0.5771,10.0,0.577,1241.0,0.5772,208.0,0.5773,1287.0
1753617323194,11:55:23.194,bybit,A/USDT:USDT,0.5771,10.0,0.577,1241.0,0.5772,208.0,0.5773,1287.0
1753617323394,11:55:23.394,bybit,A/USDT:USDT,0.5771,10.0,0.577,1241.0,0.5772,208.0,0.5773,1252.0
1753617323495,11:55:23.495,bybit,A/USDT:USDT,0.5771,10.0,0.577,1241.0,0.5772,225.0,0.5773,1287.0
1753617323595,11:55:23.595,bybit,A/USDT:USDT,0.5771,10.0,0.577,1241.0,0.5772,225.0,0.5773,1287.0
1753617323796,11:55:23.796,bybit,A/USDT:USDT,0.5771,10.0,0.577,1300.0,0.5772,225.0,0.5773,1228.0
1753617323894,11:55:23.894,bybit,A/USDT:USDT,0.5771,10.0,0.577,1300.0,0.5772,225.0,0.5773,1228.0
1753617324095,11:55:24.095,bybit,A/USDT:USDT,0.5771,29.0,0.577,1300.0,0.5772,225.0,0.5773,1228.0
1753617324194,11:55:24.194,bybit,A/USDT:USDT,0.5771,29.0,0.577,1300.0,0.5772,225.0,0.5773,1228.0
1753617324294,11:55:24.294,bybit,A/USDT:USDT,0.5771,29.0,0.577,1300.0,0.5772,225.0,0.5773,1228.0
1753617324395,11:55:24.395,bybit,A/USDT:USDT,0.5771,29.0,0.577,1335.0,0.5772,225.0,0.5773,215.0
1753617324495,11:55:24.495,bybit,A/USDT:USDT,0.5771,29.0,0.577,1335.0,0.5772,225.0,0.5773,215.0
1753617324595,11:55:24.595,bybit,A/USDT:USDT,0.5771,29.0,0.577,1335.0,0.5772,225.0,0.5773,215.0
1753617324694,11:55:24.694,bybit,A/USDT:USDT,0.5771,29.0,0.577,1335.0,0.5772,225.0,0.5773,215.0
1753617324994,11:55:24.994,bybit,A/USDT:USDT,0.5771,29.0,0.577,1335.0,0.5772,225.0,0.5773,215.0
1753617325094,11:55:25.094,bybit,A/USDT:USDT,0.5771,10.0,0.577,1335.0,0.5772,225.0,0.5773,215.0
1753617325295,11:55:25.295,bybit,A/USDT:USDT,0.5771,10.0,0.577,1300.0,0.5772,225.0,0.5773,215.0
1753617325409,11:55:25.409,bybit,A/USDT:USDT,0.5771,10.0,0.577,1265.0,0.5772,225.0,0.5773,215.0
1753617325494,11:55:25.494,bybit,A/USDT:USDT,0.5771,10.0,0.577,1265.0,0.5772,225.0,0.5773,274.0
1753617325695,11:55:25.695,bybit,A/USDT:USDT,0.5771,10.0,0.577,1265.0,0.5772,225.0,0.5773,239.0
1753617325894,11:55:25.894,bybit,A/USDT:USDT,0.5771,10.0,0.577,1241.0,0.5772,225.0,0.5773,915.0
1753617325995,11:55:25.995,bybit,A/USDT:USDT,0.5771,10.0,0.577,1241.0,0.5772,225.0,0.5773,915.0
1753617326094,11:55:26.094,bybit,A/USDT:USDT,0.5771,10.0,0.577,1241.0,0.5772,225.0,0.5773,915.0
1753617326194,11:55:26.194,bybit,A/USDT:USDT,0.5771,29.0,0.577,1241.0,0.5772,225.0,0.5773,915.0
1753617326395,11:55:26.395,bybit,A/USDT:USDT,0.5771,29.0,0.577,1241.0,0.5772,225.0,0.5773,915.0
1753617326696,11:55:26.696,bybit,A/USDT:USDT,0.5771,29.0,0.577,1241.0,0.5772,225.0,0.5773,915.0
1753617326793,11:55:26.793,bybit,A/USDT:USDT,0.5771,29.0,0.577,1241.0,0.5772,225.0,0.5773,915.0
1753617326894,11:55:26.894,bybit,A/USDT:USDT,0.5771,29.0,0.577,1241.0,0.5772,225.0,0.5773,880.0
1753617327094,11:55:27.094,bybit,A/USDT:USDT,0.5771,10.0,0.577,1241.0,0.5772,225.0,0.5773,915.0
1753617327194,11:55:27.194,bybit,A/USDT:USDT,0.5771,10.0,0.577,1241.0,0.5772,225.0,0.5773,915.0
1753617327295,11:55:27.295,bybit,A/USDT:USDT,0.5771,10.0,0.577,1300.0,0.5772,225.0,0.5773,856.0
1753617327394,11:55:27.394,bybit,A/USDT:USDT,0.5771,10.0,0.577,1265.0,0.5772,225.0,0.5773,856.0
1753617327594,11:55:27.594,bybit,A/USDT:USDT,0.5771,10.0,0.577,1265.0,0.5772,225.0,0.5773,856.0
1753617327696,11:55:27.696,bybit,A/USDT:USDT,0.5771,10.0,0.577,1265.0,0.5772,225.0,0.5773,856.0
1753617327794,11:55:27.794,bybit,A/USDT:USDT,0.5771,10.0,0.577,1265.0,0.5772,225.0,0.5773,856.0
1753617327894,11:55:27.894,bybit,A/USDT:USDT,0.5771,10.0,0.577,1265.0,0.5772,225.0,0.5773,856.0
1753617327994,11:55:27.994,bybit,A/USDT:USDT,0.5771,10.0,0.577,1265.0,0.5772,225.0,0.5773,891.0
1753617328094,11:55:28.094,bybit,A/USDT:USDT,0.5771,10.0,0.577,1265.0,0.5772,225.0,0.5773,856.0
1753617328494,11:55:28.494,bybit,A/USDT:USDT,0.5771,10.0,0.577,1265.0,0.5772,225.0,0.5773,856.0
1753617328994,11:55:28.994,bybit,A/USDT:USDT,0.5771,10.0,0.577,1265.0,0.5772,225.0,0.5773,915.0
1753617329094,11:55:29.094,bybit,A/USDT:USDT,0.5771,10.0,0.577,1265.0,0.5772,225.0,0.5773,915.0
1753617329196,11:55:29.196,bybit,A/USDT:USDT,0.5771,10.0,0.577,1265.0,0.5772,225.0,0.5773,915.0
1753617329294,11:55:29.294,bybit,A/USDT:USDT,0.5771,10.0,0.577,1265.0,0.5772,225.0,0.5773,915.0
1753617329994,11:55:29.994,bybit,A/USDT:USDT,0.5771,10.0,0.577,1265.0,0.5772,225.0,0.5773,915.0
1753617330096,11:55:30.096,bybit,A/USDT:USDT,0.5771,10.0,0.577,1265.0,0.5772,225.0,0.5773,1270.0
1753617330196,11:55:30.196,bybit,A/USDT:USDT,0.5771,10.0,0.577,1265.0,0.5772,225.0,0.5773,1305.0
1753617330395,11:55:30.395,bybit,A/USDT:USDT,0.5771,10.0,0.577,1241.0,0.5772,225.0,0.5773,1305.0
1753617330595,11:55:30.595,bybit,A/USDT:USDT,0.5771,10.0,0.577,601.0,0.5772,606.0,0.5773,1305.0
1753617330695,11:55:30.695,bybit,A/USDT:USDT,0.5771,10.0,0.577,601.0,0.5772,1366.0,0.5773,1305.0
1753617331094,11:55:31.094,bybit,A/USDT:USDT,0.5771,10.0,0.577,601.0,0.5772,1366.0,0.5773,1305.0
1753617331194,11:55:31.194,bybit,A/USDT:USDT,0.5771,10.0,0.577,601.0,0.5772,1366.0,0.5773,1305.0
1753617331294,11:55:31.294,bybit,A/USDT:USDT,0.5771,10.0,0.577,601.0,0.5772,1366.0,0.5773,1305.0
1753617331495,11:55:31.495,bybit,A/USDT:USDT,0.5771,10.0,0.577,601.0,0.5772,1366.0,0.5773,1305.0
1753617331794,11:55:31.794,bybit,A/USDT:USDT,0.5771,10.0,0.577,601.0,0.5772,1366.0,0.5773,1305.0
1753617331994,11:55:31.994,bybit,A/USDT:USDT,0.5771,10.0,0.577,625.0,0.5772,1331.0,0.5773,1305.0
1753617332094,11:55:32.094,bybit,A/USDT:USDT,0.5771,10.0,0.577,601.0,0.5772,1331.0,0.5773,1305.0
1753617332294,11:55:32.294,bybit,A/USDT:USDT,0.5771,10.0,0.577,601.0,0.5772,1331.0,0.5773,1305.0
1753617332395,11:55:32.395,bybit,A/USDT:USDT,0.5771,10.0,0.577,601.0,0.5772,1331.0,0.5773,1305.0
1753617332494,11:55:32.494,bybit,A/USDT:USDT,0.5771,10.0,0.577,625.0,0.5772,1331.0,0.5773,1305.0
1753617332895,11:55:32.895,bybit,A/USDT:USDT,0.5771,10.0,0.577,625.0,0.5772,1331.0,0.5773,1305.0
1753617332994,11:55:32.994,bybit,A/USDT:USDT,0.5771,10.0,0.577,601.0,0.5772,1331.0,0.5773,1305.0
1753617333394,11:55:33.394,bybit,A/USDT:USDT,0.5771,10.0,0.577,601.0,0.5772,1331.0,0.5773,1305.0
1753617333494,11:55:33.494,bybit,A/USDT:USDT,0.5771,10.0,0.577,601.0,0.5772,1331.0,0.5773,1305.0
1753617333896,11:55:33.896,bybit,A/USDT:USDT,0.5771,10.0,0.577,601.0,0.5772,1331.0,0.5773,1305.0
1753617333995,11:55:33.995,bybit,A/USDT:USDT,0.5771,10.0,0.577,601.0,0.5772,1331.0,0.5773,1305.0
1753617334695,11:55:34.695,bybit,A/USDT:USDT,0.5771,10.0,0.577,195.0,0.5772,1331.0,0.5773,1305.0
1753617334794,11:55:34.794,bybit,A/USDT:USDT,0.5771,10.0,0.577,195.0,0.5772,1337.0,0.5773,1305.0
1753617334895,11:55:34.895,bybit,A/USDT:USDT,0.5771,10.0,0.577,195.0,0.5772,1337.0,0.5773,1305.0
1753617335396,11:55:35.396,bybit,A/USDT:USDT,0.5771,10.0,0.577,195.0,0.5772,1337.0,0.5773,1305.0
1753617335594,11:55:35.594,bybit,A/USDT:USDT,0.5771,10.0,0.577,195.0,0.5772,1337.0,0.5773,1305.0
1753617335994,11:55:35.994,bybit,A/USDT:USDT,0.5771,10.0,0.577,195.0,0.5772,1337.0,0.5773,2171.0
1753617336095,11:55:36.095,bybit,A/USDT:USDT,0.5771,10.0,0.577,195.0,0.5772,631.0,0.5773,2171.0
1753617337094,11:55:37.094,bybit,A/USDT:USDT,0.5771,10.0,0.577,195.0,0.5772,612.0,0.5773,2171.0
1753617337195,11:55:37.195,bybit,A/USDT:USDT,0.5771,10.0,0.577,195.0,0.5772,612.0,0.5773,2171.0
1753617337294,11:55:37.294,bybit,A/USDT:USDT,0.5771,10.0,0.577,195.0,0.5772,612.0,0.5773,2171.0
1753617337594,11:55:37.594,bybit,A/USDT:USDT,0.5771,10.0,0.577,195.0,0.5772,612.0,0.5773,2171.0
1753617337895,11:55:37.895,bybit,A/USDT:USDT,0.5771,10.0,0.577,195.0,0.5772,612.0,0.5773,2171.0
1753617337994,11:55:37.994,bybit,A/USDT:USDT,0.5771,10.0,0.577,195.0,0.5772,612.0,0.5773,2171.0
1753617338094,11:55:38.094,bybit,A/USDT:USDT,0.5771,10.0,0.577,195.0,0.5772,631.0,0.5773,2171.0
1753617338197,11:55:38.197,bybit,A/USDT:USDT,0.5771,10.0,0.577,195.0,0.5772,631.0,0.5773,2171.0
1753617338595,11:55:38.595,bybit,A/USDT:USDT,0.5771,10.0,0.577,195.0,0.5772,630.0,0.5773,2171.0
1753617338795,11:55:38.795,bybit,A/USDT:USDT,0.5771,10.0,0.577,195.0,0.5772,630.0,0.5773,2171.0
1753617338894,11:55:38.894,bybit,A/USDT:USDT,0.5771,10.0,0.577,195.0,0.5772,630.0,0.5773,2171.0
1753617338996,11:55:38.996,bybit,A/USDT:USDT,0.5771,10.0,0.577,195.0,0.5772,630.0,0.5773,2171.0
1753617339299,11:55:39.299,bybit,A/USDT:USDT,0.5771,10.0,0.577,195.0,0.5772,630.0,0.5773,2171.0
1753617339494,11:55:39.494,bybit,A/USDT:USDT,0.5771,10.0,0.577,195.0,0.5772,630.0,0.5773,2171.0
1753617339594,11:55:39.594,bybit,A/USDT:USDT,0.5771,10.0,0.577,195.0,0.5772,630.0,0.5773,2171.0
1753617339694,11:55:39.694,bybit,A/USDT:USDT,0.5771,10.0,0.577,195.0,0.5772,630.0,0.5773,2171.0
1753617340295,11:55:40.295,bybit,A/USDT:USDT,0.5771,10.0,0.577,195.0,0.5772,630.0,0.5773,2171.0
1753617340394,11:55:40.394,bybit,A/USDT:USDT,0.5771,10.0,0.577,195.0,0.5772,630.0,0.5773,2171.0
1753617340794,11:55:40.794,bybit,A/USDT:USDT,0.5771,10.0,0.577,195.0,0.5772,630.0,0.5773,2171.0
1753617340895,11:55:40.895,bybit,A/USDT:USDT,0.5771,10.0,0.577,195.0,0.5772,630.0,0.5773,2171.0
1753617340995,11:55:40.995,bybit,A/USDT:USDT,0.5771,10.0,0.577,195.0,0.5772,630.0,0.5773,2171.0
1753617341095,11:55:41.095,bybit,A/USDT:USDT,0.5771,10.0,0.577,195.0,0.5772,630.0,0.5773,2171.0
1753617341394,11:55:41.394,bybit,A/USDT:USDT,0.5771,10.0,0.577,195.0,0.5772,665.0,0.5773,2171.0
1753617341494,11:55:41.494,bybit,A/USDT:USDT,0.5771,10.0,0.577,195.0,0.5772,665.0,0.5773,2171.0
1753617341895,11:55:41.895,bybit,A/USDT:USDT,0.5771,10.0,0.577,195.0,0.5772,665.0,0.5773,2171.0
1753617341994,11:55:41.994,bybit,A/USDT:USDT,0.5771,10.0,0.577,195.0,0.5772,665.0,0.5773,2171.0
1753617342294,11:55:42.294,bybit,A/USDT:USDT,0.5771,10.0,0.577,195.0,0.5772,665.0,0.5773,2171.0
1753617342594,11:55:42.594,bybit,A/USDT:USDT,0.5771,10.0,0.577,17.0,0.5772,689.0,0.5773,2171.0
1753617342695,11:55:42.695,bybit,A/USDT:USDT,0.5771,10.0,0.577,17.0,0.5772,886.0,0.5773,2171.0
1753617342894,11:55:42.894,bybit,A/USDT:USDT,0.5771,10.0,0.577,17.0,0.5772,886.0,0.5773,2171.0
1753617343294,11:55:43.294,bybit,A/USDT:USDT,0.5771,10.0,0.577,17.0,0.5772,886.0,0.5773,2171.0
1753617343394,11:55:43.394,bybit,A/USDT:USDT,0.5771,10.0,0.577,17.0,0.5772,886.0,0.5773,2171.0
1753617343610,11:55:43.610,bybit,A/USDT:USDT,0.5771,10.0,0.577,17.0,0.5772,886.0,0.5773,2171.0
1753617343694,11:55:43.694,bybit,A/USDT:USDT,0.5771,10.0,0.577,17.0,0.5772,886.0,0.5773,2171.0
1753617343894,11:55:43.894,bybit,A/USDT:USDT,0.5771,10.0,0.577,17.0,0.5772,886.0,0.5773,2171.0
1753617343994,11:55:43.994,bybit,A/USDT:USDT,0.5771,10.0,0.577,17.0,0.5772,886.0,0.5773,2171.0
1753617344095,11:55:44.095,bybit,A/USDT:USDT,0.5771,10.0,0.577,17.0,0.5772,886.0,0.5773,2171.0
1753617344494,11:55:44.494,bybit,A/USDT:USDT,0.5771,10.0,0.577,17.0,0.5772,886.0,0.5773,2171.0
1753617344594,11:55:44.594,bybit,A/USDT:USDT,0.5771,10.0,0.577,17.0,0.5772,886.0,0.5773,2171.0
1753617344894,11:55:44.894,bybit,A/USDT:USDT,0.5771,10.0,0.577,41.0,0.5772,734.0,0.5773,2147.0
1753617345095,11:55:45.095,bybit,A/USDT:USDT,0.5771,10.0,0.577,41.0,0.5772,769.0,0.5773,2171.0
1753617345194,11:55:45.194,bybit,A/USDT:USDT,0.5771,10.0,0.577,17.0,0.5772,804.0,0.5773,2171.0
1753617345295,11:55:45.295,bybit,A/USDT:USDT,0.5771,10.0,0.577,17.0,0.5772,804.0,0.5773,2171.0
1753617345394,11:55:45.394,bybit,A/USDT:USDT,0.5771,10.0,0.577,17.0,0.5772,804.0,0.5773,2171.0
1753617345994,11:55:45.994,bybit,A/USDT:USDT,0.5771,10.0,0.577,17.0,0.5772,804.0,0.5773,2171.0
1753617346394,11:55:46.394,bybit,A/USDT:USDT,0.5771,10.0,0.577,17.0,0.5772,804.0,0.5773,2171.0
1753617346495,11:55:46.495,bybit,A/USDT:USDT,0.5771,10.0,0.577,41.0,0.5772,769.0,0.5773,2171.0
1753617346694,11:55:46.694,bybit,A/USDT:USDT,0.5771,10.0,0.577,41.0,0.5772,734.0,0.5773,2147.0
1753617346794,11:55:46.794,bybit,A/USDT:USDT,0.5771,10.0,0.577,41.0,0.5772,734.0,0.5773,2112.0
1753617346894,11:55:46.894,bybit,A/USDT:USDT,0.5771,10.0,0.577,41.0,0.5772,734.0,0.5773,2147.0
1753617346995,11:55:46.995,bybit,A/USDT:USDT,0.5771,10.0,0.577,41.0,0.5772,769.0,0.5773,2171.0
1753617347294,11:55:47.294,bybit,A/USDT:USDT,0.5771,10.0,0.577,41.0,0.5772,769.0,0.5773,2147.0
1753617347394,11:55:47.394,bybit,A/USDT:USDT,0.5771,10.0,0.577,41.0,0.5772,734.0,0.5773,2112.0
1753617347494,11:55:47.494,bybit,A/USDT:USDT,0.5771,10.0,0.577,41.0,0.5772,734.0,0.5773,2112.0
1753617347594,11:55:47.594,bybit,A/USDT:USDT,0.5771,10.0,0.577,607.0,0.5772,734.0,0.5773,2077.0
1753617347794,11:55:47.794,bybit,A/USDT:USDT,0.5771,10.0,0.577,607.0,0.5772,734.0,0.5773,2077.0
1753617348096,11:55:48.096,bybit,A/USDT:USDT,0.5771,10.0,0.577,572.0,0.5772,1819.0,0.5773,2077.0
1753617348294,11:55:48.294,bybit,A/USDT:USDT,0.5771,10.0,0.577,607.0,0.5772,1800.0,0.5773,2077.0
1753617348396,11:55:48.396,bybit,A/USDT:USDT,0.5771,10.0,0.577,572.0,0.5772,1800.0,0.5773,2077.0
1753617348494,11:55:48.494,bybit,A/USDT:USDT,0.5771,10.0,0.577,572.0,0.5772,1800.0,0.5773,2112.0
1753617348694,11:55:48.694,bybit,A/USDT:USDT,0.5771,10.0,0.577,607.0,0.5772,1800.0,0.5773,2112.0
1753617348896,11:55:48.896,bybit,A/USDT:USDT,0.5771,10.0,0.577,607.0,0.5772,1800.0,0.5773,2077.0
1753617349195,11:55:49.195,bybit,A/USDT:USDT,0.5771,10.0,0.577,572.0,0.5772,1800.0,0.5773,2147.0
1753617349295,11:55:49.295,bybit,A/USDT:USDT,0.5771,10.0,0.577,572.0,0.5772,1800.0,0.5773,2147.0
1753617349394,11:55:49.394,bybit,A/USDT:USDT,0.5771,10.0,0.577,572.0,0.5772,1800.0,0.5773,2136.0
1753617349494,11:55:49.494,bybit,A/USDT:USDT,0.5771,10.0,0.577,572.0,0.5772,1800.0,0.5773,2112.0
1753617349595,11:55:49.595,bybit,A/USDT:USDT,0.5771,10.0,0.577,572.0,0.5772,1800.0,0.5773,2112.0
1753617349694,11:55:49.694,bybit,A/USDT:USDT,0.5771,10.0,0.577,572.0,0.5772,1800.0,0.5773,2147.0
1753617349994,11:55:49.994,bybit,A/USDT:USDT,0.5771,10.0,0.577,572.0,0.5772,1800.0,0.5773,2147.0
1753617350094,11:55:50.094,bybit,A/USDT:USDT,0.5771,10.0,0.577,572.0,0.5772,1800.0,0.5773,2147.0
1753617350495,11:55:50.495,bybit,A/USDT:USDT,0.5771,10.0,0.577,572.0,0.5772,1800.0,0.5773,2147.0
1753617350596,11:55:50.596,bybit,A/USDT:USDT,0.5771,10.0,0.577,99.0,0.5772,1800.0,0.5773,2171.0
1753617350694,11:55:50.694,bybit,A/USDT:USDT,0.5771,10.0,0.577,17.0,0.5772,1835.0,0.5773,2171.0
1753617350794,11:55:50.794,bybit,A/USDT:USDT,0.5771,10.0,0.577,445.0,0.5772,1835.0,0.5773,2171.0
1753617351094,11:55:51.094,bybit,A/USDT:USDT,0.5771,10.0,0.577,469.0,0.5772,1800.0,0.5773,2171.0
1753617351594,11:55:51.594,bybit,A/USDT:USDT,0.5771,10.0,0.577,469.0,0.5772,1800.0,0.5773,2171.0
1753617351694,11:55:51.694,bybit,A/USDT:USDT,0.5771,10.0,0.577,469.0,0.5772,1800.0,0.5773,2171.0
1753617351794,11:55:51.794,bybit,A/USDT:USDT,0.5771,10.0,0.577,469.0,0.5772,1835.0,0.5773,2171.0
1753617352995,11:55:52.995,bybit,A/USDT:USDT,0.5771,10.0,0.577,445.0,0.5772,1835.0,0.5773,2171.0
1753617353596,11:55:53.596,bybit,A/USDT:USDT,0.5771,10.0,0.577,469.0,0.5772,1800.0,0.5773,2147.0
1753617353696,11:55:53.696,bybit,A/USDT:USDT,0.5771,10.0,0.577,504.0,0.5772,1800.0,0.5773,2077.0
1753617353794,11:55:53.794,bybit,A/USDT:USDT,0.5771,10.0,0.577,504.0,0.5772,1800.0,0.5773,2077.0
1753617353894,11:55:53.894,bybit,A/USDT:USDT,0.5771,10.0,0.577,469.0,0.5772,1800.0,0.5773,2112.0
1753617353994,11:55:53.994,bybit,A/USDT:USDT,0.5771,10.0,0.577,469.0,0.5772,1800.0,0.5773,2112.0
1753617354094,11:55:54.094,bybit,A/USDT:USDT,0.5771,10.0,0.577,469.0,0.5772,1800.0,0.5773,2147.0
1753617354197,11:55:54.197,bybit,A/USDT:USDT,0.5771,10.0,0.577,469.0,0.5772,1800.0,0.5773,2147.0
1753617354396,11:55:54.396,bybit,A/USDT:USDT,0.5771,10.0,0.577,469.0,0.5772,1800.0,0.5773,2147.0
1753617354695,11:55:54.695,bybit,A/USDT:USDT,0.5771,10.0,0.577,469.0,0.5772,1800.0,0.5773,2112.0
1753617354894,11:55:54.894,bybit,A/USDT:USDT,0.5771,10.0,0.577,469.0,0.5772,1800.0,0.5773,2112.0
1753617354994,11:55:54.994,bybit,A/USDT:USDT,0.5771,10.0,0.577,469.0,0.5772,1800.0,0.5773,2112.0
1753617355094,11:55:55.094,bybit,A/USDT:USDT,0.5771,10.0,0.577,469.0,0.5772,1800.0,0.5773,2112.0
1753617355195,11:55:55.195,bybit,A/USDT:USDT,0.5771,10.0,0.577,469.0,0.5772,1800.0,0.5773,2147.0
1753617355294,11:55:55.294,bybit,A/USDT:USDT,0.5771,10.0,0.577,469.0,0.5772,1800.0,0.5773,2112.0
1753617355596,11:55:55.596,bybit,A/USDT:USDT,0.5771,10.0,0.577,445.0,0.5772,1835.0,0.5773,2171.0
1753617356094,11:55:56.094,bybit,A/USDT:USDT,0.5771,10.0,0.577,445.0,0.5772,1835.0,0.5773,2171.0
1753617356198,11:55:56.198,bybit,A/USDT:USDT,0.5771,10.0,0.577,469.0,0.5772,1835.0,0.5773,2171.0
1753617356494,11:55:56.494,bybit,A/USDT:USDT,0.5771,10.0,0.577,41.0,0.5772,1835.0,0.5773,2171.0
1753617356595,11:55:56.595,bybit,A/USDT:USDT,0.5771,10.0,0.577,17.0,0.5772,1835.0,0.5773,2171.0
1753617356695,11:55:56.695,bybit,A/USDT:USDT,0.5771,10.0,0.577,17.0,0.5772,1870.0,0.5773,2171.0
1753617356794,11:55:56.794,bybit,A/USDT:USDT,0.5771,10.0,0.577,17.0,0.5772,1870.0,0.5773,2171.0
1753617356894,11:55:56.894,bybit,A/USDT:USDT,0.5771,10.0,0.577,17.0,0.5772,1870.0,0.5773,2171.0
1753617357096,11:55:57.096,bybit,A/USDT:USDT,0.5771,10.0,0.577,17.0,0.5772,1889.0,0.5773,2171.0
1753617357194,11:55:57.194,bybit,A/USDT:USDT,0.5771,10.0,0.577,17.0,0.5772,1889.0,0.5773,2171.0
1753617357294,11:55:57.294,bybit,A/USDT:USDT,0.5771,10.0,0.577,17.0,0.5772,1889.0,0.5773,2171.0
1753617358294,11:55:58.294,bybit,A/USDT:USDT,0.5771,10.0,0.577,17.0,0.5772,1889.0,0.5773,2171.0
1753617358394,11:55:58.394,bybit,A/USDT:USDT,0.5771,10.0,0.577,17.0,0.5772,1889.0,0.5773,2171.0
1753617358994,11:55:58.994,bybit,A/USDT:USDT,0.5771,10.0,0.577,17.0,0.5772,1889.0,0.5773,2171.0
1753617359196,11:55:59.196,bybit,A/USDT:USDT,0.5771,10.0,0.577,17.0,0.5772,1889.0,0.5773,2171.0
1753617359294,11:55:59.294,bybit,A/USDT:USDT,0.5771,10.0,0.577,17.0,0.5772,1889.0,0.5773,2171.0
1753617359394,11:55:59.394,bybit,A/USDT:USDT,0.5771,10.0,0.577,17.0,0.5772,1889.0,0.5773,2171.0
1753617359494,11:55:59.494,bybit,A/USDT:USDT,0.5771,10.0,0.577,17.0,0.5772,1889.0,0.5773,2171.0
1753617359594,11:55:59.594,bybit,A/USDT:USDT,0.5771,10.0,0.577,17.0,0.5772,1889.0,0.5773,2171.0
1753617359994,11:55:59.994,bybit,A/USDT:USDT,0.5771,10.0,0.577,17.0,0.5772,1889.0,0.5773,2171.0
1753617360094,11:56:00.094,bybit,A/USDT:USDT,0.5771,10.0,0.577,17.0,0.5772,1889.0,0.5773,2171.0
1753617360595,11:56:00.595,bybit,A/USDT:USDT,0.5771,10.0,0.577,17.0,0.5772,1889.0,0.5773,2171.0
1753617360696,11:56:00.696,bybit,A/USDT:USDT,0.5771,10.0,0.577,17.0,0.5772,1889.0,0.5773,2171.0
1753617360894,11:56:00.894,bybit,A/USDT:USDT,0.5771,10.0,0.577,40.0,0.5772,1819.0,0.5773,2147.0
1753617361094,11:56:01.094,bybit,A/USDT:USDT,0.5771,10.0,0.577,40.0,0.5772,1854.0,0.5773,2170.0
1753617361194,11:56:01.194,bybit,A/USDT:USDT,0.5771,10.0,0.577,40.0,0.5772,1854.0,0.5773,2170.0
1753617361496,11:56:01.496,bybit,A/USDT:USDT,0.5771,10.0,0.577,40.0,0.5772,1854.0,0.5773,2147.0
1753617361594,11:56:01.594,bybit,A/USDT:USDT,0.5771,10.0,0.577,40.0,0.5772,1819.0,0.5773,2112.0
1753617361694,11:56:01.694,bybit,A/USDT:USDT,0.5771,10.0,0.577,40.0,0.5772,1819.0,0.5773,2112.0
1753617361994,11:56:01.994,bybit,A/USDT:USDT,0.5771,10.0,0.577,40.0,0.5772,1854.0,0.5773,2170.0
1753617362095,11:56:02.095,bybit,A/USDT:USDT,0.5771,10.0,0.577,40.0,0.5772,1854.0,0.5773,2170.0
1753617362196,11:56:02.196,bybit,A/USDT:USDT,0.5771,10.0,0.577,40.0,0.5772,1854.0,0.5773,2170.0
1753617362295,11:56:02.295,bybit,A/USDT:USDT,0.5771,10.0,0.577,40.0,0.5772,1854.0,0.5773,2147.0
1753617363494,11:56:03.494,bybit,A/USDT:USDT,0.5771,10.0,0.577,479.0,0.5772,1819.0,0.5773,2077.0
1753617363995,11:56:03.995,bybit,A/USDT:USDT,0.5771,10.0,0.577,479.0,0.5772,1819.0,0.5773,2147.0
1753617364094,11:56:04.094,bybit,A/USDT:USDT,0.5771,10.0,0.577,479.0,0.5772,1854.0,0.5773,2156.0
1753617364198,11:56:04.198,bybit,A/USDT:USDT,0.5771,10.0,0.577,479.0,0.5772,1800.0,0.5773,2156.0
1753617364593,11:56:04.593,bybit,A/USDT:USDT,0.5771,10.0,0.577,456.0,0.5772,1835.0,0.5773,2179.0
1753617364795,11:56:04.795,bybit,A/USDT:USDT,0.5771,10.0,0.577,456.0,0.5772,1835.0,0.5773,2179.0
1753617365095,11:56:05.095,bybit,A/USDT:USDT,0.5771,10.0,0.577,479.0,0.5772,1835.0,0.5773,2179.0
1753617365294,11:56:05.294,bybit,A/USDT:USDT,0.5771,10.0,0.577,569.0,0.5772,828.0,0.5773,2156.0
1753617365395,11:56:05.395,bybit,A/USDT:USDT,0.5771,10.0,0.577,569.0,0.5772,760.0,0.5773,1290.0
1753617365494,11:56:05.494,bybit,A/USDT:USDT,0.5771,10.0,0.577,17.0,0.5772,795.0,0.5773,1313.0
1753617365594,11:56:05.594,bybit,A/USDT:USDT,0.5771,10.0,0.577,17.0,0.5772,795.0,0.5773,1313.0
1753617365694,11:56:05.694,bybit,A/USDT:USDT,0.5771,10.0,0.577,17.0,0.5772,795.0,0.5773,1313.0
1753617365895,11:56:05.895,bybit,A/USDT:USDT,0.5771,10.0,0.577,17.0,0.5772,795.0,0.5773,1313.0
1753617366194,11:56:06.194,bybit,A/USDT:USDT,0.5771,10.0,0.577,17.0,0.5772,760.0,0.5773,1313.0
1753617366294,11:56:06.294,bybit,A/USDT:USDT,0.5771,10.0,0.577,472.0,0.5772,760.0,0.5773,1290.0
1753617366394,11:56:06.394,bybit,A/USDT:USDT,0.5771,10.0,0.577,40.0,0.5772,760.0,0.5773,1290.0
1753617366495,11:56:06.495,bybit,A/USDT:USDT,0.5771,10.0,0.577,40.0,0.5772,760.0,0.5773,1290.0
1753617366608,11:56:06.608,bybit,A/USDT:USDT,0.5771,10.0,0.577,40.0,0.5772,760.0,0.5773,1290.0
1753617367094,11:56:07.094,bybit,A/USDT:USDT,0.5771,10.0,0.577,40.0,0.5772,760.0,0.5773,2156.0
1753617367195,11:56:07.195,bybit,A/USDT:USDT,0.5771,10.0,0.577,472.0,0.5772,795.0,0.5773,2179.0
1753617367295,11:56:07.295,bybit,A/USDT:USDT,0.5771,10.0,0.577,472.0,0.5772,795.0,0.5773,2179.0
1753617367394,11:56:07.394,bybit,A/USDT:USDT,0.5771,10.0,0.577,17.0,0.5772,795.0,0.5773,2179.0
1753617367494,11:56:07.494,bybit,A/USDT:USDT,0.5771,10.0,0.577,75.0,0.5772,963.0,0.5773,2179.0
1753617368094,11:56:08.094,bybit,A/USDT:USDT,0.5771,10.0,0.577,75.0,0.5772,963.0,0.5773,2179.0
1753617368195,11:56:08.195,bybit,A/USDT:USDT,0.5771,10.0,0.577,98.0,0.5772,963.0,0.5773,2179.0
1753617368494,11:56:08.494,bybit,A/USDT:USDT,0.5771,10.0,0.577,98.0,0.5772,963.0,0.5773,2179.0
1753617368595,11:56:08.595,bybit,A/USDT:USDT,0.5771,10.0,0.577,98.0,0.5772,963.0,0.5773,1290.0
1753617368694,11:56:08.694,bybit,A/USDT:USDT,0.5771,10.0,0.577,98.0,0.5772,963.0,0.5773,1290.0
1753617368896,11:56:08.896,bybit,A/USDT:USDT,0.5771,10.0,0.577,98.0,0.5772,928.0,0.5773,1290.0
1753617369094,11:56:09.094,bybit,A/USDT:USDT,0.5771,10.0,0.577,98.0,0.5772,963.0,0.5773,1290.0
1753617369195,11:56:09.195,bybit,A/USDT:USDT,0.5771,10.0,0.577,98.0,0.5772,963.0,0.5773,1290.0
1753617369394,11:56:09.394,bybit,A/USDT:USDT,0.5771,10.0,0.577,98.0,0.5772,725.0,0.5773,1290.0
1753617369494,11:56:09.494,bybit,A/USDT:USDT,0.5771,10.0,0.577,98.0,0.5772,725.0,0.5773,2156.0
1753617369594,11:56:09.594,bybit,A/USDT:USDT,0.5771,10.0,0.577,98.0,0.5772,725.0,0.5773,2156.0
1753617369695,11:56:09.695,bybit,A/USDT:USDT,0.5771,10.0,0.577,98.0,0.5772,725.0,0.5773,2156.0
1753617369795,11:56:09.795,bybit,A/USDT:USDT,0.5771,10.0,0.577,637.0,0.5772,725.0,0.5773,2156.0
1753617369895,11:56:09.895,bybit,A/USDT:USDT,0.5771,10.0,0.577,637.0,0.5772,725.0,0.5773,2156.0
1753617370198,11:56:10.198,bybit,A/USDT:USDT,0.5771,10.0,0.577,637.0,0.5772,725.0,0.5773,2156.0
1753617370294,11:56:10.294,bybit,A/USDT:USDT,0.5771,10.0,0.577,637.0,0.5772,725.0,0.5773,2156.0
1753617370395,11:56:10.395,bybit,A/USDT:USDT,0.5771,10.0,0.577,637.0,0.5772,760.0,0.5773,2156.0
1753617370695,11:56:10.695,bybit,A/USDT:USDT,0.5771,10.0,0.577,98.0,0.5772,760.0,0.5773,2156.0
1753617370794,11:56:10.794,bybit,A/USDT:USDT,0.5771,10.0,0.577,98.0,0.5772,760.0,0.5773,2156.0
1753617371194,11:56:11.194,bybit,A/USDT:USDT,0.5771,10.0,0.577,627.0,0.5772,760.0,0.5773,2156.0
1753617371295,11:56:11.295,bybit,A/USDT:USDT,0.5771,10.0,0.577,627.0,0.5772,725.0,0.5773,2156.0
1753617371394,11:56:11.394,bybit,A/USDT:USDT,0.5771,10.0,0.577,627.0,0.5772,760.0,0.5773,2156.0
1753617372295,11:56:12.295,bybit,A/USDT:USDT,0.5771,10.0,0.577,627.0,0.5772,760.0,0.5773,2156.0
1753617372395,11:56:12.395,bybit,A/USDT:USDT,0.5771,10.0,0.577,627.0,0.5772,760.0,0.5773,2156.0
1753617372494,11:56:12.494,bybit,A/USDT:USDT,0.5771,10.0,0.577,627.0,0.5772,760.0,0.5773,2156.0
1753617372994,11:56:12.994,bybit,A/USDT:USDT,0.5771,10.0,0.577,627.0,0.5772,760.0,0.5773,2156.0
1753617373295,11:56:13.295,bybit,A/USDT:USDT,0.5771,10.0,0.577,627.0,0.5772,760.0,0.5773,2156.0
1753617373494,11:56:13.494,bybit,A/USDT:USDT,0.5771,10.0,0.577,627.0,0.5772,760.0,0.5773,2156.0
1753617373594,11:56:13.594,bybit,A/USDT:USDT,0.5771,10.0,0.577,627.0,0.5772,760.0,0.5773,2156.0
1753617373694,11:56:13.694,bybit,A/USDT:USDT,0.5771,10.0,0.577,627.0,0.5772,760.0,0.5773,2156.0
1753617374595,11:56:14.595,bybit,A/USDT:USDT,0.5771,10.0,0.577,627.0,0.5772,725.0,0.5773,2156.0
1753617374694,11:56:14.694,bybit,A/USDT:USDT,0.5771,10.0,0.577,627.0,0.5772,725.0,0.5773,2156.0
1753617375194,11:56:15.194,bybit,A/USDT:USDT,0.5771,10.0,0.577,627.0,0.5772,725.0,0.5773,2156.0
1753617375295,11:56:15.295,bybit,A/USDT:USDT,0.5771,10.0,0.577,627.0,0.5772,725.0,0.5773,2156.0
1753617375395,11:56:15.395,bybit,A/USDT:USDT,0.5771,10.0,0.577,627.0,0.5772,725.0,0.5773,2156.0
1753617375495,11:56:15.495,bybit,A/USDT:USDT,0.5771,10.0,0.577,627.0,0.5772,726.0,0.5773,2156.0
1753617375694,11:56:15.694,bybit,A/USDT:USDT,0.5771,10.0,0.577,627.0,0.5772,726.0,0.5773,2156.0
1753617375795,11:56:15.795,bybit,A/USDT:USDT,0.5771,10.0,0.577,627.0,0.5772,761.0,0.5773,2156.0
1753617375894,11:56:15.894,bybit,A/USDT:USDT,0.5771,10.0,0.577,627.0,0.5772,761.0,0.5773,2156.0
1753617376294,11:56:16.294,bybit,A/USDT:USDT,0.5771,10.0,0.577,627.0,0.5772,761.0,0.5773,2156.0
1753617376395,11:56:16.395,bybit,A/USDT:USDT,0.5771,10.0,0.577,627.0,0.5772,726.0,0.5773,2156.0
1753617376893,11:56:16.893,bybit,A/USDT:USDT,0.5771,10.0,0.577,627.0,0.5772,726.0,0.5773,2156.0
1753617377194,11:56:17.194,bybit,A/USDT:USDT,0.5771,10.0,0.577,662.0,0.5772,726.0,0.5773,2121.0
1753617377294,11:56:17.294,bybit,A/USDT:USDT,0.5771,10.0,0.577,662.0,0.5772,726.0,0.5773,2121.0
1753617377394,11:56:17.394,bybit,A/USDT:USDT,0.5771,10.0,0.577,662.0,0.5772,726.0,0.5773,2121.0
1753617377894,11:56:17.894,bybit,A/USDT:USDT,0.5771,10.0,0.577,662.0,0.5772,726.0,0.5773,2121.0
1753617377994,11:56:17.994,bybit,A/USDT:USDT,0.5771,10.0,0.577,627.0,0.5772,726.0,0.5773,2121.0
1753617378094,11:56:18.094,bybit,A/USDT:USDT,0.5771,10.0,0.577,627.0,0.5772,726.0,0.5773,2121.0
1753617378294,11:56:18.294,bybit,A/USDT:USDT,0.5771,10.0,0.577,662.0,0.5772,726.0,0.5773,2121.0
1753617379094,11:56:19.094,bybit,A/USDT:USDT,0.5771,10.0,0.577,627.0,0.5772,726.0,0.5773,2121.0
1753617379195,11:56:19.195,bybit,A/USDT:USDT,0.5771,10.0,0.577,627.0,0.5772,726.0,0.5773,2121.0
1753617379496,11:56:19.496,bybit,A/USDT:USDT,0.5771,10.0,0.577,627.0,0.5772,761.0,0.5773,2156.0
1753617379894,11:56:19.894,bybit,A/USDT:USDT,0.5771,10.0,0.577,627.0,0.5772,726.0,0.5773,2156.0
1753617380094,11:56:20.094,bybit,A/USDT:USDT,0.5771,10.0,0.577,627.0,0.5772,761.0,0.5773,2156.0
1753617380294,11:56:20.294,bybit,A/USDT:USDT,0.5771,10.0,0.577,627.0,0.5772,761.0,0.5773,2156.0
1753617380394,11:56:20.394,bybit,A/USDT:USDT,0.5771,10.0,0.577,627.0,0.5772,761.0,0.5773,2156.0
1753617380702,11:56:20.702,bybit,A/USDT:USDT,0.5771,10.0,0.577,627.0,0.5772,761.0,0.5773,2156.0
1753617380794,11:56:20.794,bybit,A/USDT:USDT,0.5771,10.0,0.577,627.0,0.5772,761.0,0.5773,2156.0
1753617380894,11:56:20.894,bybit,A/USDT:USDT,0.5771,10.0,0.577,627.0,0.5772,761.0,0.5773,2156.0
1753617380999,11:56:20.999,bybit,A/USDT:USDT,0.5771,10.0,0.577,627.0,0.5772,796.0,0.5773,2156.0
1753617381095,11:56:21.095,bybit,A/USDT:USDT,0.5771,10.0,0.577,98.0,0.5772,796.0,0.5773,2156.0
1753617381294,11:56:21.294,bybit,A/USDT:USDT,0.5771,10.0,0.577,98.0,0.5772,796.0,0.5773,2156.0
1753617381394,11:56:21.394,bybit,A/USDT:USDT,0.5771,10.0,0.577,98.0,0.5772,796.0,0.5773,2156.0
1753617381894,11:56:21.894,bybit,A/USDT:USDT,0.5771,10.0,0.577,98.0,0.5772,761.0,0.5773,2156.0
1753617381994,11:56:21.994,bybit,A/USDT:USDT,0.5771,10.0,0.577,98.0,0.5772,761.0,0.5773,2156.0
1753617382495,11:56:22.495,bybit,A/USDT:USDT,0.5771,10.0,0.577,98.0,0.5772,1386.0,0.5773,2179.0
1753617382694,11:56:22.694,bybit,A/USDT:USDT,0.5771,10.0,0.577,98.0,0.5772,1421.0,0.5773,2179.0
1753617382894,11:56:22.894,bybit,A/USDT:USDT,0.5771,10.0,0.577,75.0,0.5772,1625.0,0.5773,2179.0
1753617382994,11:56:22.994,bybit,A/USDT:USDT,0.5771,10.0,0.577,98.0,0.5772,1625.0,0.5773,2179.0
1753617383094,11:56:23.094,bybit,A/USDT:USDT,0.5771,10.0,0.577,98.0,0.5772,1835.0,0.5773,2156.0
1753617383296,11:56:23.296,bybit,A/USDT:USDT,0.5771,10.0,0.577,98.0,0.5772,1386.0,0.5773,2156.0
1753617383394,11:56:23.394,bybit,A/USDT:USDT,0.5771,10.0,0.577,98.0,0.5772,1386.0,0.5773,2156.0
1753617383493,11:56:23.493,bybit,A/USDT:USDT,0.5771,10.0,0.577,98.0,0.5772,1386.0,0.5773,2156.0
1753617383595,11:56:23.595,bybit,A/USDT:USDT,0.5771,10.0,0.577,98.0,0.5772,1386.0,0.5773,2156.0
1753617383694,11:56:23.694,bybit,A/USDT:USDT,0.5771,10.0,0.577,98.0,0.5772,1386.0,0.5773,2156.0
