timestamp,time,exchange,symbol,bid1_price,bid1_volume,bid2_price,bid2_volume,ask1_price,ask1_volume,ask2_price,ask2_volume
1753617155084,11:52:35.084,binance,1INCH/USDT:USDT,0.2866,258.0,0.2865,16097.0,0.2867,8898.0,0.2868,31442.0
1753617155403,11:52:35.403,binance,1INCH/USDT:USDT,0.2866,304.0,0.2865,16097.0,0.2867,8908.0,0.2868,31442.0
1753617155538,11:52:35.538,binance,1INCH/USDT:USDT,0.2866,304.0,0.2865,13942.0,0.2867,8908.0,0.2868,30748.0
1753617155641,11:52:35.641,binance,1INCH/USDT:USDT,0.2866,304.0,0.2865,13942.0,0.2867,8908.0,0.2868,30748.0
1753617155954,11:52:35.954,binance,1INCH/USDT:USDT,0.2866,304.0,0.2865,13942.0,0.2867,8908.0,0.2868,30748.0
1753617156057,11:52:36.057,binance,1INCH/USDT:USDT,0.2866,304.0,0.2865,16097.0,0.2867,8908.0,0.2868,30748.0
1753617156475,11:52:36.475,binance,1INCH/USDT:USDT,0.2866,304.0,0.2865,15383.0,0.2867,8908.0,0.2868,30748.0
1753617156725,11:52:36.725,binance,1INCH/USDT:USDT,0.2866,304.0,0.2865,15383.0,0.2867,8908.0,0.2868,30748.0
1753617156904,11:52:36.904,binance,1INCH/USDT:USDT,0.2866,304.0,0.2865,15383.0,0.2867,8908.0,0.2868,30748.0
1753617157202,11:52:37.202,binance,1INCH/USDT:USDT,0.2866,304.0,0.2865,15383.0,0.2867,8908.0,0.2868,30748.0
1753617157802,11:52:37.802,binance,1INCH/USDT:USDT,0.2866,258.0,0.2865,13942.0,0.2867,8908.0,0.2868,31442.0
1753617158164,11:52:38.164,binance,1INCH/USDT:USDT,0.2866,258.0,0.2865,13942.0,0.2867,11908.0,0.2868,31788.0
1753617158388,11:52:38.388,binance,1INCH/USDT:USDT,0.2866,258.0,0.2865,13942.0,0.2867,11908.0,0.2868,31788.0
1753617158558,11:52:38.558,binance,1INCH/USDT:USDT,0.2866,304.0,0.2865,13942.0,0.2867,11908.0,0.2868,32825.0
1753617158667,11:52:38.667,binance,1INCH/USDT:USDT,0.2866,304.0,0.2865,13942.0,0.2867,11908.0,0.2868,32825.0
1753617158902,11:52:38.902,binance,1INCH/USDT:USDT,0.2866,304.0,0.2865,19058.0,0.2867,11908.0,0.2868,32825.0
1753617160102,11:52:40.102,binance,1INCH/USDT:USDT,0.2866,304.0,0.2865,13942.0,0.2867,8908.0,0.2868,32825.0
1753617160692,11:52:40.692,binance,1INCH/USDT:USDT,0.2866,304.0,0.2865,19072.0,0.2867,8908.0,0.2868,32825.0
1753617161202,11:52:41.202,binance,1INCH/USDT:USDT,0.2866,304.0,0.2865,16097.0,0.2867,8954.0,0.2868,32825.0
1753617162698,11:52:42.698,binance,1INCH/USDT:USDT,0.2866,1005.0,0.2865,13259.0,0.2867,8954.0,0.2868,32825.0
1753617162803,11:52:42.803,binance,1INCH/USDT:USDT,0.2866,1526.0,0.2865,13259.0,0.2867,8954.0,0.2868,32825.0
1753617162929,11:52:42.929,binance,1INCH/USDT:USDT,0.2866,3178.0,0.2865,13881.0,0.2867,8954.0,0.2868,32825.0
1753617163084,11:52:43.084,binance,1INCH/USDT:USDT,0.2866,3178.0,0.2865,13881.0,0.2867,8954.0,0.2868,32825.0
1753617163502,11:52:43.502,binance,1INCH/USDT:USDT,0.2866,3178.0,0.2865,15045.0,0.2867,7389.0,0.2868,30746.0
1753617163645,11:52:43.645,binance,1INCH/USDT:USDT,0.2866,3178.0,0.2865,15045.0,0.2867,7389.0,0.2868,30746.0
1753617163797,11:52:43.797,binance,1INCH/USDT:USDT,0.2866,3178.0,0.2865,15045.0,0.2867,7389.0,0.2868,30746.0
1753617163987,11:52:43.987,binance,1INCH/USDT:USDT,0.2866,3178.0,0.2865,15045.0,0.2867,7389.0,0.2868,30746.0
1753617164090,11:52:44.090,binance,1INCH/USDT:USDT,0.2866,3178.0,0.2865,15045.0,0.2867,7389.0,0.2868,30746.0
1753617164310,11:52:44.310,binance,1INCH/USDT:USDT,0.2866,4990.0,0.2865,15045.0,0.2867,6496.0,0.2868,29710.0
1753617164460,11:52:44.460,binance,1INCH/USDT:USDT,0.2866,7360.0,0.2865,15045.0,0.2867,4120.0,0.2868,28881.0
1753617164567,11:52:44.567,binance,1INCH/USDT:USDT,0.2866,7360.0,0.2865,15045.0,0.2867,4120.0,0.2868,28537.0
1753617164679,11:52:44.679,binance,1INCH/USDT:USDT,0.2866,7360.0,0.2865,15045.0,0.2867,4120.0,0.2868,28537.0
1753617165847,11:52:45.847,binance,1INCH/USDT:USDT,0.2866,7360.0,0.2865,15045.0,0.2867,4120.0,0.2868,28681.0
1753617166302,11:52:46.302,binance,1INCH/USDT:USDT,0.2866,7360.0,0.2865,15045.0,0.2867,4120.0,0.2868,28681.0
1753617166472,11:52:46.472,binance,1INCH/USDT:USDT,0.2866,7360.0,0.2865,15045.0,0.2867,4120.0,0.2868,28681.0
1753617166902,11:52:46.902,binance,1INCH/USDT:USDT,0.2866,7360.0,0.2865,15045.0,0.2867,4120.0,0.2868,28681.0
1753617167502,11:52:47.502,binance,1INCH/USDT:USDT,0.2866,7360.0,0.2865,15045.0,0.2867,4116.0,0.2868,28681.0
1753617167884,11:52:47.884,binance,1INCH/USDT:USDT,0.2866,7360.0,0.2865,15045.0,0.2867,4116.0,0.2868,28681.0
1753617168703,11:52:48.703,binance,1INCH/USDT:USDT,0.2866,7360.0,0.2865,15045.0,0.2867,4116.0,0.2868,28681.0
1753617169481,11:52:49.481,binance,1INCH/USDT:USDT,0.2866,7360.0,0.2865,15045.0,0.2867,4116.0,0.2868,28681.0
1753617169699,11:52:49.699,binance,1INCH/USDT:USDT,0.2866,7360.0,0.2865,15045.0,0.2867,4116.0,0.2868,28681.0
1753617169902,11:52:49.902,binance,1INCH/USDT:USDT,0.2866,7360.0,0.2865,15045.0,0.2867,4116.0,0.2868,28681.0
1753617170610,11:52:50.610,binance,1INCH/USDT:USDT,0.2866,7405.0,0.2865,15045.0,0.2867,4087.0,0.2868,28681.0
1753617171320,11:52:51.320,binance,1INCH/USDT:USDT,0.2866,7405.0,0.2865,15045.0,0.2867,4087.0,0.2868,28681.0
1753617171521,11:52:51.521,binance,1INCH/USDT:USDT,0.2866,7405.0,0.2865,15045.0,0.2867,2329.0,0.2868,28681.0
1753617171640,11:52:51.640,binance,1INCH/USDT:USDT,0.2867,7257.0,0.2866,13064.0,0.2868,9276.0,0.2869,37539.0
1753617171743,11:52:51.743,binance,1INCH/USDT:USDT,0.2867,7257.0,0.2866,13851.0,0.2868,8041.0,0.2869,18017.0
1753617171846,11:52:51.846,binance,1INCH/USDT:USDT,0.2867,8867.0,0.2866,12890.0,0.2868,9875.0,0.2869,17145.0
1753617171958,11:52:51.958,binance,1INCH/USDT:USDT,0.2867,8867.0,0.2866,12890.0,0.2868,3838.0,0.2869,14703.0
1753617172061,11:52:52.061,binance,1INCH/USDT:USDT,0.2867,8867.0,0.2866,12890.0,0.2868,3838.0,0.2869,13034.0
1753617172164,11:52:52.164,binance,1INCH/USDT:USDT,0.2867,8867.0,0.2866,12890.0,0.2868,3838.0,0.2869,14698.0
1753617172312,11:52:52.312,binance,1INCH/USDT:USDT,0.2867,9565.0,0.2866,14938.0,0.2868,3838.0,0.2869,13186.0
1753617172602,11:52:52.602,binance,1INCH/USDT:USDT,0.2867,9565.0,0.2866,14938.0,0.2868,3838.0,0.2869,13186.0
1753617172721,11:52:52.721,binance,1INCH/USDT:USDT,0.2867,9565.0,0.2866,14938.0,0.2868,3838.0,0.2869,13186.0
1753617172835,11:52:52.835,binance,1INCH/USDT:USDT,0.2867,9565.0,0.2866,14938.0,0.2868,5395.0,0.2869,11522.0
1753617173102,11:52:53.102,binance,1INCH/USDT:USDT,0.2867,9565.0,0.2866,15809.0,0.2868,5395.0,0.2869,11522.0
1753617173212,11:52:53.212,binance,1INCH/USDT:USDT,0.2867,9565.0,0.2866,15809.0,0.2868,5395.0,0.2869,11522.0
1753617173369,11:52:53.369,binance,1INCH/USDT:USDT,0.2867,9617.0,0.2866,15764.0,0.2868,5395.0,0.2869,11522.0
1753617173595,11:52:53.595,binance,1INCH/USDT:USDT,0.2867,9479.0,0.2866,17900.0,0.2868,5395.0,0.2869,11522.0
1753617173757,11:52:53.757,binance,1INCH/USDT:USDT,0.2867,9479.0,0.2866,17900.0,0.2868,5395.0,0.2869,11522.0
1753617173860,11:52:53.860,binance,1INCH/USDT:USDT,0.2867,6479.0,0.2866,17900.0,0.2868,6242.0,0.2869,11522.0
1753617174001,11:52:54.001,binance,1INCH/USDT:USDT,0.2867,6479.0,0.2866,17900.0,0.2868,6242.0,0.2869,11522.0
1753617174170,11:52:54.170,binance,1INCH/USDT:USDT,0.2867,6479.0,0.2866,17900.0,0.2868,6242.0,0.2869,11522.0
1753617174379,11:52:54.379,binance,1INCH/USDT:USDT,0.2867,6479.0,0.2866,17900.0,0.2868,6242.0,0.2869,11522.0
1753617174502,11:52:54.502,binance,1INCH/USDT:USDT,0.2867,6479.0,0.2866,17900.0,0.2868,6242.0,0.2869,11522.0
1753617174717,11:52:54.717,binance,1INCH/USDT:USDT,0.2867,6479.0,0.2866,15151.0,0.2868,6242.0,0.2869,11522.0
1753617174902,11:52:54.902,binance,1INCH/USDT:USDT,0.2867,6479.0,0.2866,15151.0,0.2868,6242.0,0.2869,11522.0
1753617175027,11:52:55.027,binance,1INCH/USDT:USDT,0.2867,6479.0,0.2866,13015.0,0.2868,6242.0,0.2869,14522.0
1753617175290,11:52:55.290,binance,1INCH/USDT:USDT,0.2867,6479.0,0.2866,13015.0,0.2868,6242.0,0.2869,14522.0
1753617175601,11:52:55.601,binance,1INCH/USDT:USDT,0.2867,6479.0,0.2866,13015.0,0.2868,6242.0,0.2869,14522.0
1753617175704,11:52:55.704,binance,1INCH/USDT:USDT,0.2867,6479.0,0.2866,13015.0,0.2868,6242.0,0.2869,14666.0
1753617175858,11:52:55.858,binance,1INCH/USDT:USDT,0.2867,6479.0,0.2866,13015.0,0.2868,5395.0,0.2869,14666.0
1753617175964,11:52:55.964,binance,1INCH/USDT:USDT,0.2867,6479.0,0.2866,13015.0,0.2868,5395.0,0.2869,14666.0
1753617176146,11:52:56.146,binance,1INCH/USDT:USDT,0.2867,6479.0,0.2866,13015.0,0.2868,5395.0,0.2869,14666.0
1753617176319,11:52:56.319,binance,1INCH/USDT:USDT,0.2867,6479.0,0.2866,13015.0,0.2868,5395.0,0.2869,14666.0
1753617176502,11:52:56.502,binance,1INCH/USDT:USDT,0.2867,6479.0,0.2866,13015.0,0.2868,5395.0,0.2869,16043.0
1753617176608,11:52:56.608,binance,1INCH/USDT:USDT,0.2867,6479.0,0.2866,15151.0,0.2868,5395.0,0.2869,16043.0
1753617176836,11:52:56.836,binance,1INCH/USDT:USDT,0.2867,6479.0,0.2866,13015.0,0.2868,5395.0,0.2869,16043.0
1753617177102,11:52:57.102,binance,1INCH/USDT:USDT,0.2867,6479.0,0.2866,13015.0,0.2868,5395.0,0.2869,16043.0
1753617177232,11:52:57.232,binance,1INCH/USDT:USDT,0.2867,6479.0,0.2866,13015.0,0.2868,5395.0,0.2869,16043.0
1753617177402,11:52:57.402,binance,1INCH/USDT:USDT,0.2867,6479.0,0.2866,15151.0,0.2868,5395.0,0.2869,16043.0
1753617177702,11:52:57.702,binance,1INCH/USDT:USDT,0.2867,6479.0,0.2866,15151.0,0.2868,5395.0,0.2869,16043.0
1753617177811,11:52:57.811,binance,1INCH/USDT:USDT,0.2867,6479.0,0.2866,15151.0,0.2868,5395.0,0.2869,16043.0
1753617177929,11:52:57.929,binance,1INCH/USDT:USDT,0.2867,6479.0,0.2866,15151.0,0.2868,5395.0,0.2869,16043.0
1753617178139,11:52:58.139,binance,1INCH/USDT:USDT,0.2867,6479.0,0.2866,13015.0,0.2868,5395.0,0.2869,16043.0
1753617178246,11:52:58.246,binance,1INCH/USDT:USDT,0.2867,6479.0,0.2866,13015.0,0.2868,5395.0,0.2869,16043.0
1753617178799,11:52:58.799,binance,1INCH/USDT:USDT,0.2867,6479.0,0.2866,13015.0,0.2868,5395.0,0.2869,16043.0
1753617179055,11:52:59.055,binance,1INCH/USDT:USDT,0.2867,6479.0,0.2866,13015.0,0.2868,5395.0,0.2869,16043.0
1753617179160,11:52:59.160,binance,1INCH/USDT:USDT,0.2867,6479.0,0.2866,13015.0,0.2868,5395.0,0.2869,15899.0
1753617179285,11:52:59.285,binance,1INCH/USDT:USDT,0.2867,6479.0,0.2866,13015.0,0.2868,8038.0,0.2869,16242.0
1753617179389,11:52:59.389,binance,1INCH/USDT:USDT,0.2867,6549.0,0.2866,13015.0,0.2868,8038.0,0.2869,16242.0
1753617179559,11:52:59.559,binance,1INCH/USDT:USDT,0.2867,6549.0,0.2866,13015.0,0.2868,8038.0,0.2869,16242.0
1753617179701,11:52:59.701,binance,1INCH/USDT:USDT,0.2867,6549.0,0.2866,13015.0,0.2868,8038.0,0.2869,16242.0
1753617179902,11:52:59.902,binance,1INCH/USDT:USDT,0.2867,6549.0,0.2866,13015.0,0.2868,8038.0,0.2869,16242.0
1753617180050,11:53:00.050,binance,1INCH/USDT:USDT,0.2867,6549.0,0.2866,13763.0,0.2868,7995.0,0.2869,16224.0
1753617180154,11:53:00.154,binance,1INCH/USDT:USDT,0.2867,2477.0,0.2866,13072.0,0.2868,7995.0,0.2869,16717.0
1753617180282,11:53:00.282,binance,1INCH/USDT:USDT,0.2867,2477.0,0.2866,16900.0,0.2868,8041.0,0.2869,16717.0
1753617180388,11:53:00.388,binance,1INCH/USDT:USDT,0.2867,2477.0,0.2866,16900.0,0.2868,8041.0,0.2869,17061.0
1753617180491,11:53:00.491,binance,1INCH/USDT:USDT,0.2867,4330.0,0.2866,19036.0,0.2868,8041.0,0.2869,17061.0
1753617180594,11:53:00.594,binance,1INCH/USDT:USDT,0.2867,4330.0,0.2866,16900.0,0.2868,8041.0,0.2869,17405.0
1753617180719,11:53:00.719,binance,1INCH/USDT:USDT,0.2867,4330.0,0.2866,16900.0,0.2868,8041.0,0.2869,17752.0
1753617181002,11:53:01.002,binance,1INCH/USDT:USDT,0.2867,4330.0,0.2866,16900.0,0.2868,8041.0,0.2869,17752.0
1753617181130,11:53:01.130,binance,1INCH/USDT:USDT,0.2867,4330.0,0.2866,16900.0,0.2868,7995.0,0.2869,17608.0
1753617181265,11:53:01.265,binance,1INCH/USDT:USDT,0.2867,4330.0,0.2866,16900.0,0.2868,7995.0,0.2869,17608.0
1753617181403,11:53:01.403,binance,1INCH/USDT:USDT,0.2867,4390.0,0.2866,19036.0,0.2868,7995.0,0.2869,17608.0
1753617181509,11:53:01.509,binance,1INCH/USDT:USDT,0.2867,4390.0,0.2866,19036.0,0.2868,7995.0,0.2869,17608.0
1753617181702,11:53:01.702,binance,1INCH/USDT:USDT,0.2867,4390.0,0.2866,19036.0,0.2868,7995.0,0.2869,17264.0
1753617181820,11:53:01.820,binance,1INCH/USDT:USDT,0.2867,4390.0,0.2866,19036.0,0.2868,7995.0,0.2869,17264.0
1753617182002,11:53:02.002,binance,1INCH/USDT:USDT,0.2867,4390.0,0.2866,19036.0,0.2868,7995.0,0.2869,17264.0
1753617182146,11:53:02.146,binance,1INCH/USDT:USDT,0.2867,5168.0,0.2866,19036.0,0.2868,7148.0,0.2869,17408.0
1753617182252,11:53:02.252,binance,1INCH/USDT:USDT,0.2867,7538.0,0.2866,19036.0,0.2868,7148.0,0.2869,14061.0
1753617182384,11:53:02.384,binance,1INCH/USDT:USDT,0.2867,7538.0,0.2866,19036.0,0.2868,7148.0,0.2869,14061.0
1753617182490,11:53:02.490,binance,1INCH/USDT:USDT,0.2867,7538.0,0.2866,19036.0,0.2868,7148.0,0.2869,13718.0
1753617182594,11:53:02.594,binance,1INCH/USDT:USDT,0.2867,7538.0,0.2866,19036.0,0.2868,3795.0,0.2869,13718.0
1753617182701,11:53:02.701,binance,1INCH/USDT:USDT,0.2867,7538.0,0.2866,19036.0,0.2868,3737.0,0.2869,8890.0
1753617182804,11:53:02.804,binance,1INCH/USDT:USDT,0.2867,7538.0,0.2866,19036.0,0.2868,5408.0,0.2869,8546.0
1753617182938,11:53:02.938,binance,1INCH/USDT:USDT,0.2867,10538.0,0.2866,19036.0,0.2868,5408.0,0.2869,8402.0
1753617183102,11:53:03.102,binance,1INCH/USDT:USDT,0.2867,10538.0,0.2866,19036.0,0.2868,5408.0,0.2869,8402.0
1753617183402,11:53:03.402,binance,1INCH/USDT:USDT,0.2867,10538.0,0.2866,19036.0,0.2868,3795.0,0.2869,8402.0
1753617183513,11:53:03.513,binance,1INCH/USDT:USDT,0.2868,8142.0,0.2867,18081.0,0.2869,20.0,0.287,15897.0
1753617183629,11:53:03.629,binance,1INCH/USDT:USDT,0.2868,10014.0,0.2867,18081.0,0.2869,20.0,0.287,17747.0
1753617183737,11:53:03.737,binance,1INCH/USDT:USDT,0.2868,10378.0,0.2867,16228.0,0.2869,20.0,0.287,11423.0
1753617183955,11:53:03.955,binance,1INCH/USDT:USDT,0.2869,426.0,0.2868,10378.0,0.287,11423.0,0.2871,35010.0
1753617184063,11:53:04.063,binance,1INCH/USDT:USDT,0.2869,4727.0,0.2868,8710.0,0.287,7936.0,0.2871,35442.0
1753617184164,11:53:04.164,binance,1INCH/USDT:USDT,0.2869,4577.0,0.2868,12211.0,0.287,7982.0,0.2871,37754.0
1753617184281,11:53:04.281,binance,1INCH/USDT:USDT,0.2869,3802.0,0.2868,12211.0,0.287,7982.0,0.2871,37754.0
1753617184429,11:53:04.429,binance,1INCH/USDT:USDT,0.2868,8407.0,0.2867,14920.0,0.2869,114.0,0.287,9988.0
1753617184530,11:53:04.530,binance,1INCH/USDT:USDT,0.2868,8465.0,0.2867,14920.0,0.2869,114.0,0.287,13297.0
1753617184633,11:53:04.633,binance,1INCH/USDT:USDT,0.2868,10941.0,0.2867,14920.0,0.2869,1959.0,0.287,9651.0
1753617184735,11:53:04.735,binance,1INCH/USDT:USDT,0.2868,10213.0,0.2867,14920.0,0.2869,1926.0,0.287,8110.0
1753617184836,11:53:04.836,binance,1INCH/USDT:USDT,0.2868,10213.0,0.2867,14920.0,0.2869,1926.0,0.287,10416.0
1753617184991,11:53:04.991,binance,1INCH/USDT:USDT,0.2868,10213.0,0.2867,14920.0,0.2869,1926.0,0.287,10434.0
1753617185128,11:53:05.128,binance,1INCH/USDT:USDT,0.2868,7213.0,0.2867,14920.0,0.2869,1926.0,0.287,18512.0
1753617185463,11:53:05.463,binance,1INCH/USDT:USDT,0.2868,8212.0,0.2867,14920.0,0.2869,1926.0,0.287,16448.0
1753617185567,11:53:05.567,binance,1INCH/USDT:USDT,0.2868,8212.0,0.2867,14920.0,0.2869,1926.0,0.287,16448.0
1753617185691,11:53:05.691,binance,1INCH/USDT:USDT,0.2868,8212.0,0.2867,14920.0,0.2869,1926.0,0.287,16448.0
1753617185798,11:53:05.798,binance,1INCH/USDT:USDT,0.2868,8212.0,0.2867,14920.0,0.2869,1926.0,0.287,16448.0
1753617185902,11:53:05.902,binance,1INCH/USDT:USDT,0.2868,8212.0,0.2867,16984.0,0.2869,1926.0,0.287,16448.0
1753617186170,11:53:06.170,binance,1INCH/USDT:USDT,0.2868,8212.0,0.2867,16984.0,0.2869,1926.0,0.287,17462.0
1753617186288,11:53:06.288,binance,1INCH/USDT:USDT,0.2868,8212.0,0.2867,16984.0,0.2869,1926.0,0.287,17462.0
1753617186402,11:53:06.402,binance,1INCH/USDT:USDT,0.2868,8212.0,0.2867,16984.0,0.2869,1926.0,0.287,17462.0
1753617186509,11:53:06.509,binance,1INCH/USDT:USDT,0.2868,8212.0,0.2867,16984.0,0.2869,1926.0,0.287,17462.0
1753617186642,11:53:06.642,binance,1INCH/USDT:USDT,0.2868,8212.0,0.2867,16984.0,0.2869,1926.0,0.287,17462.0
1753617186959,11:53:06.959,binance,1INCH/USDT:USDT,0.2868,8212.0,0.2867,16984.0,0.2869,1926.0,0.287,17462.0
1753617187061,11:53:07.061,binance,1INCH/USDT:USDT,0.2868,8212.0,0.2867,16984.0,0.2869,1926.0,0.287,17462.0
1753617187435,11:53:07.435,binance,1INCH/USDT:USDT,0.2868,3516.0,0.2867,12657.0,0.2869,4575.0,0.287,20469.0
1753617187638,11:53:07.638,binance,1INCH/USDT:USDT,0.2868,3516.0,0.2867,12657.0,0.2869,4575.0,0.287,20469.0
1753617187757,11:53:07.757,binance,1INCH/USDT:USDT,0.2868,3516.0,0.2867,12657.0,0.2869,3728.0,0.287,20469.0
1753617187883,11:53:07.883,binance,1INCH/USDT:USDT,0.2868,6516.0,0.2867,14705.0,0.2869,3728.0,0.287,20469.0
1753617188097,11:53:08.097,binance,1INCH/USDT:USDT,0.2868,6516.0,0.2867,14705.0,0.2869,3728.0,0.287,20469.0
1753617188203,11:53:08.203,binance,1INCH/USDT:USDT,0.2868,6516.0,0.2867,14705.0,0.2869,3728.0,0.287,20325.0
1753617188382,11:53:08.382,binance,1INCH/USDT:USDT,0.2869,150.0,0.2868,12689.0,0.287,12264.0,0.2871,38383.0
1753617188483,11:53:08.483,binance,1INCH/USDT:USDT,0.2868,10804.0,0.2867,17352.0,0.2869,1599.0,0.287,10441.0
1753617188590,11:53:08.590,binance,1INCH/USDT:USDT,0.2868,10802.0,0.2867,17352.0,0.2869,1599.0,0.287,10441.0
1753617188749,11:53:08.749,binance,1INCH/USDT:USDT,0.2868,11770.0,0.2867,17352.0,0.2869,1599.0,0.287,10441.0
1753617188858,11:53:08.858,binance,1INCH/USDT:USDT,0.2868,11770.0,0.2867,17352.0,0.2869,1599.0,0.287,10441.0
1753617188977,11:53:08.977,binance,1INCH/USDT:USDT,0.2868,11770.0,0.2867,17352.0,0.2869,1599.0,0.287,11311.0
1753617189078,11:53:09.078,binance,1INCH/USDT:USDT,0.2868,11770.0,0.2867,17352.0,0.2869,1599.0,0.287,11311.0
1753617189203,11:53:09.203,binance,1INCH/USDT:USDT,0.2868,11770.0,0.2867,17352.0,0.2869,1599.0,0.287,13183.0
1753617189436,11:53:09.436,binance,1INCH/USDT:USDT,0.2868,11770.0,0.2867,17352.0,0.2869,1599.0,0.287,13183.0
1753617189543,11:53:09.543,binance,1INCH/USDT:USDT,0.2868,8770.0,0.2867,17352.0,0.2869,1599.0,0.287,13183.0
1753617189818,11:53:09.818,binance,1INCH/USDT:USDT,0.2868,8770.0,0.2867,17352.0,0.2869,1599.0,0.287,13201.0
1753617189995,11:53:09.995,binance,1INCH/USDT:USDT,0.2868,8770.0,0.2867,17352.0,0.2869,1599.0,0.287,13201.0
1753617190101,11:53:10.101,binance,1INCH/USDT:USDT,0.2868,9767.0,0.2867,15313.0,0.2869,1599.0,0.287,13201.0
1753617190206,11:53:10.206,binance,1INCH/USDT:USDT,0.2868,9767.0,0.2867,15313.0,0.2869,1599.0,0.287,13201.0
1753617190325,11:53:10.325,binance,1INCH/USDT:USDT,0.2868,9767.0,0.2867,15313.0,0.2869,1599.0,0.287,13201.0
1753617190437,11:53:10.437,binance,1INCH/USDT:USDT,0.2868,9767.0,0.2867,17356.0,0.2869,1599.0,0.287,13201.0
1753617190602,11:53:10.602,binance,1INCH/USDT:USDT,0.2868,9767.0,0.2867,17356.0,0.2869,1599.0,0.287,13201.0
1753617191156,11:53:11.156,binance,1INCH/USDT:USDT,0.2868,9767.0,0.2867,17356.0,0.2869,1599.0,0.287,13201.0
1753617191302,11:53:11.302,binance,1INCH/USDT:USDT,0.2868,9767.0,0.2867,17356.0,0.2869,1599.0,0.287,13201.0
1753617191802,11:53:11.802,binance,1INCH/USDT:USDT,0.2868,9767.0,0.2867,17356.0,0.2869,1599.0,0.287,13201.0
1753617192122,11:53:12.122,binance,1INCH/USDT:USDT,0.2868,10467.0,0.2867,17356.0,0.2869,1599.0,0.287,13201.0
1753617192227,11:53:12.227,binance,1INCH/USDT:USDT,0.2868,10467.0,0.2867,17356.0,0.2869,1599.0,0.287,13201.0
1753617192402,11:53:12.402,binance,1INCH/USDT:USDT,0.2868,10467.0,0.2867,17356.0,0.2869,1599.0,0.287,13201.0
1753617192525,11:53:12.525,binance,1INCH/USDT:USDT,0.2868,9808.0,0.2867,17356.0,0.2869,1599.0,0.287,13201.0
1753617192802,11:53:12.802,binance,1INCH/USDT:USDT,0.2868,10805.0,0.2867,17356.0,0.2869,1599.0,0.287,13201.0
1753617192908,11:53:12.908,binance,1INCH/USDT:USDT,0.2868,10805.0,0.2867,17356.0,0.2869,1599.0,0.287,13201.0
1753617193402,11:53:13.402,binance,1INCH/USDT:USDT,0.2868,8205.0,0.2867,18983.0,0.2869,1599.0,0.287,18308.0
1753617193508,11:53:13.508,binance,1INCH/USDT:USDT,0.2868,8205.0,0.2867,18983.0,0.2869,1599.0,0.287,18308.0
1753617193925,11:53:13.925,binance,1INCH/USDT:USDT,0.2868,8205.0,0.2867,18983.0,0.2869,1599.0,0.287,18308.0
1753617194058,11:53:14.058,binance,1INCH/USDT:USDT,0.2868,8205.0,0.2867,18983.0,0.2869,1599.0,0.287,18308.0
1753617194222,11:53:14.222,binance,1INCH/USDT:USDT,0.2868,8205.0,0.2867,18983.0,0.2869,1599.0,0.287,18308.0
1753617194503,11:53:14.503,binance,1INCH/USDT:USDT,0.2868,8205.0,0.2867,18983.0,0.2869,1599.0,0.287,18308.0
1753617194610,11:53:14.610,binance,1INCH/USDT:USDT,0.2868,8205.0,0.2867,18983.0,0.2869,1599.0,0.287,18308.0
1753617195104,11:53:15.104,binance,1INCH/USDT:USDT,0.2868,9185.0,0.2867,18983.0,0.2869,1599.0,0.287,18308.0
1753617195256,11:53:15.256,binance,1INCH/USDT:USDT,0.2868,9185.0,0.2867,18983.0,0.2869,1689.0,0.287,18308.0
1753617195521,11:53:15.521,binance,1INCH/USDT:USDT,0.2868,8205.0,0.2867,18983.0,0.2869,90.0,0.287,18308.0
1753617195624,11:53:15.624,binance,1INCH/USDT:USDT,0.2868,9758.0,0.2867,18983.0,0.2869,90.0,0.287,18308.0
1753617195754,11:53:15.754,binance,1INCH/USDT:USDT,0.2868,9758.0,0.2867,18983.0,0.2869,90.0,0.287,20168.0
1753617195891,11:53:15.891,binance,1INCH/USDT:USDT,0.2868,8205.0,0.2867,18983.0,0.2869,90.0,0.287,20168.0
1753617196024,11:53:16.024,binance,1INCH/USDT:USDT,0.2868,9758.0,0.2867,18983.0,0.2869,90.0,0.287,20168.0
1753617196202,11:53:16.202,binance,1INCH/USDT:USDT,0.2868,9758.0,0.2867,18983.0,0.2869,142.0,0.287,20168.0
1753617196402,11:53:16.402,binance,1INCH/USDT:USDT,0.2868,9758.0,0.2867,18983.0,0.2869,142.0,0.287,20168.0
1753617196578,11:53:16.578,binance,1INCH/USDT:USDT,0.2868,9758.0,0.2867,18983.0,0.2869,142.0,0.287,20168.0
1753617196803,11:53:16.803,binance,1INCH/USDT:USDT,0.2868,9758.0,0.2867,18983.0,0.2869,142.0,0.287,20168.0
1753617197002,11:53:17.002,binance,1INCH/USDT:USDT,0.2868,9758.0,0.2867,18983.0,0.2869,142.0,0.287,17168.0
1753617197163,11:53:17.163,binance,1INCH/USDT:USDT,0.2868,9758.0,0.2867,18983.0,0.2869,142.0,0.287,17024.0
1753617197402,11:53:17.402,binance,1INCH/USDT:USDT,0.2868,9758.0,0.2867,18983.0,0.2869,142.0,0.287,17024.0
1753617197562,11:53:17.562,binance,1INCH/USDT:USDT,0.2868,9758.0,0.2867,19331.0,0.2869,142.0,0.287,17024.0
1753617197697,11:53:17.697,binance,1INCH/USDT:USDT,0.2868,9794.0,0.2867,19331.0,0.2869,142.0,0.287,17024.0
1753617197921,11:53:17.921,binance,1INCH/USDT:USDT,0.2868,9794.0,0.2867,19331.0,0.2869,142.0,0.287,17024.0
1753617198029,11:53:18.029,binance,1INCH/USDT:USDT,0.2868,9794.0,0.2867,19331.0,0.2869,142.0,0.287,17024.0
1753617198253,11:53:18.253,binance,1INCH/USDT:USDT,0.2868,9794.0,0.2867,19331.0,0.2869,142.0,0.287,17024.0
1753617198502,11:53:18.502,binance,1INCH/USDT:USDT,0.2868,9794.0,0.2867,19331.0,0.2869,142.0,0.287,17024.0
1753617198701,11:53:18.701,binance,1INCH/USDT:USDT,0.2868,9794.0,0.2867,19331.0,0.2869,142.0,0.287,17024.0
1753617198872,11:53:18.872,binance,1INCH/USDT:USDT,0.2868,9794.0,0.2867,19331.0,0.2869,142.0,0.287,17024.0
1753617199014,11:53:19.014,binance,1INCH/USDT:USDT,0.2868,9794.0,0.2867,19331.0,0.2869,142.0,0.287,11917.0
1753617199118,11:53:19.118,binance,1INCH/USDT:USDT,0.2868,9794.0,0.2867,19331.0,0.2869,142.0,0.287,11917.0
1753617199301,11:53:19.301,binance,1INCH/USDT:USDT,0.2869,2506.0,0.2868,11810.0,0.287,8017.0,0.2871,16116.0
1753617199406,11:53:19.406,binance,1INCH/USDT:USDT,0.2869,1731.0,0.2868,11363.0,0.287,9584.0,0.2871,20145.0
1753617199724,11:53:19.724,binance,1INCH/USDT:USDT,0.2868,10631.0,0.2867,16772.0,0.2869,114.0,0.287,7959.0
1753617199825,11:53:19.825,binance,1INCH/USDT:USDT,0.2869,2280.0,0.2868,9994.0,0.287,8017.0,0.2871,20013.0
1753617199926,11:53:19.926,binance,1INCH/USDT:USDT,0.2869,1953.0,0.2868,9994.0,0.287,8017.0,0.2871,20013.0
1753617200040,11:53:20.040,binance,1INCH/USDT:USDT,0.2868,8182.0,0.2867,15977.0,0.2869,3693.0,0.287,13083.0
1753617200151,11:53:20.151,binance,1INCH/USDT:USDT,0.2868,9793.0,0.2867,15977.0,0.2869,3751.0,0.287,16213.0
1753617200271,11:53:20.271,binance,1INCH/USDT:USDT,0.2868,13935.0,0.2867,15977.0,0.2869,4415.0,0.287,12503.0
1753617200522,11:53:20.522,binance,1INCH/USDT:USDT,0.2868,13935.0,0.2867,15977.0,0.2869,4415.0,0.287,13373.0
1753617200693,11:53:20.693,binance,1INCH/USDT:USDT,0.2868,12382.0,0.2867,15977.0,0.2869,4158.0,0.287,16373.0
1753617200795,11:53:20.795,binance,1INCH/USDT:USDT,0.2868,13036.0,0.2867,15977.0,0.2869,4158.0,0.287,16391.0
1753617200918,11:53:20.918,binance,1INCH/USDT:USDT,0.2869,254.0,0.2868,13764.0,0.287,7317.0,0.2871,20013.0
1753617201019,11:53:21.019,binance,1INCH/USDT:USDT,0.2869,46.0,0.2868,11575.0,0.287,6157.0,0.2871,20013.0
1753617201124,11:53:21.124,binance,1INCH/USDT:USDT,0.2869,1936.0,0.2868,10037.0,0.287,8018.0,0.2871,19322.0
1753617201261,11:53:21.261,binance,1INCH/USDT:USDT,0.2869,1994.0,0.2868,10037.0,0.287,8018.0,0.2871,19322.0
1753617201464,11:53:21.464,binance,1INCH/USDT:USDT,0.2869,1994.0,0.2868,10037.0,0.287,8018.0,0.2871,20119.0
1753617201565,11:53:21.565,binance,1INCH/USDT:USDT,0.2869,1994.0,0.2868,10037.0,0.287,8018.0,0.2871,21154.0
1753617201691,11:53:21.691,binance,1INCH/USDT:USDT,0.2869,1994.0,0.2868,13037.0,0.287,8018.0,0.2871,21154.0
1753617201827,11:53:21.827,binance,1INCH/USDT:USDT,0.2869,1994.0,0.2868,13037.0,0.287,8018.0,0.2871,21501.0
1753617201951,11:53:21.951,binance,1INCH/USDT:USDT,0.2869,1994.0,0.2868,17933.0,0.287,8018.0,0.2871,22024.0
1753617202380,11:53:22.380,binance,1INCH/USDT:USDT,0.2869,1994.0,0.2868,17933.0,0.287,8018.0,0.2871,22371.0
1753617202483,11:53:22.483,binance,1INCH/USDT:USDT,0.2869,1994.0,0.2868,17933.0,0.287,8018.0,0.2871,22026.0
1753617202617,11:53:22.617,binance,1INCH/USDT:USDT,0.2869,1994.0,0.2868,17933.0,0.287,8018.0,0.2871,21679.0
1753617202821,11:53:22.821,binance,1INCH/USDT:USDT,0.2869,46.0,0.2868,17581.0,0.287,10444.0,0.2871,21503.0
1753617202924,11:53:22.924,binance,1INCH/USDT:USDT,0.2869,46.0,0.2868,15731.0,0.287,10444.0,0.2871,21503.0
1753617203026,11:53:23.026,binance,1INCH/USDT:USDT,0.2869,46.0,0.2868,17477.0,0.287,10444.0,0.2871,21847.0
1753617203138,11:53:23.138,binance,1INCH/USDT:USDT,0.2869,46.0,0.2868,17477.0,0.287,10444.0,0.2871,21847.0
1753617203313,11:53:23.313,binance,1INCH/USDT:USDT,0.2869,46.0,0.2868,17477.0,0.287,10444.0,0.2871,21847.0
1753617203479,11:53:23.479,binance,1INCH/USDT:USDT,0.2869,46.0,0.2868,17477.0,0.287,10444.0,0.2871,22888.0
1753617203602,11:53:23.602,binance,1INCH/USDT:USDT,0.2869,1770.0,0.2868,14726.0,0.287,10223.0,0.2871,25555.0
1753617203704,11:53:23.704,binance,1INCH/USDT:USDT,0.2869,46.0,0.2868,14726.0,0.287,9935.0,0.2871,26248.0
1753617203829,11:53:23.829,binance,1INCH/USDT:USDT,0.2869,46.0,0.2868,17392.0,0.287,9935.0,0.2871,26595.0
1753617204050,11:53:24.050,binance,1INCH/USDT:USDT,0.2868,9650.0,0.2867,16769.0,0.2869,1621.0,0.287,11208.0
1753617204153,11:53:24.153,binance,1INCH/USDT:USDT,0.2868,9650.0,0.2867,18619.0,0.2869,1679.0,0.287,10862.0
1753617204296,11:53:24.296,binance,1INCH/USDT:USDT,0.2868,10785.0,0.2867,18619.0,0.2869,1679.0,0.287,10862.0
1753617204544,11:53:24.544,binance,1INCH/USDT:USDT,0.2868,10785.0,0.2867,18619.0,0.2869,1679.0,0.287,9306.0
1753617204693,11:53:24.693,binance,1INCH/USDT:USDT,0.2868,10785.0,0.2867,18619.0,0.2869,1679.0,0.287,12306.0
1753617204795,11:53:24.795,binance,1INCH/USDT:USDT,0.2868,10785.0,0.2867,18619.0,0.2869,1679.0,0.287,12306.0
1753617204997,11:53:24.997,binance,1INCH/USDT:USDT,0.2869,1125.0,0.2868,10295.0,0.287,10578.0,0.2871,20192.0
1753617205099,11:53:25.099,binance,1INCH/USDT:USDT,0.2869,46.0,0.2868,10313.0,0.287,6518.0,0.2871,23064.0
1753617205239,11:53:25.239,binance,1INCH/USDT:USDT,0.2869,1728.0,0.2868,10518.0,0.287,8107.0,0.2871,23064.0
1753617205399,11:53:25.399,binance,1INCH/USDT:USDT,0.2869,1728.0,0.2868,8668.0,0.287,8107.0,0.2871,22026.0
1753617205502,11:53:25.502,binance,1INCH/USDT:USDT,0.2869,1728.0,0.2868,10518.0,0.287,8107.0,0.2871,20536.0
1753617205631,11:53:25.631,binance,1INCH/USDT:USDT,0.2869,1728.0,0.2868,13518.0,0.287,8107.0,0.2871,20536.0
1753617206102,11:53:26.102,binance,1INCH/USDT:USDT,0.2869,1728.0,0.2868,13518.0,0.287,8107.0,0.2871,20192.0
1753617206246,11:53:26.246,binance,1INCH/USDT:USDT,0.2869,1728.0,0.2868,13518.0,0.287,8107.0,0.2871,20192.0
1753617206468,11:53:26.468,binance,1INCH/USDT:USDT,0.2869,2446.0,0.2868,13518.0,0.287,8107.0,0.2871,20880.0
1753617206572,11:53:26.572,binance,1INCH/USDT:USDT,0.2869,2446.0,0.2868,13518.0,0.287,8107.0,0.2871,20880.0
1753617206710,11:53:26.710,binance,1INCH/USDT:USDT,0.2869,2446.0,0.2868,13518.0,0.287,8107.0,0.2871,20880.0
1753617206817,11:53:26.817,binance,1INCH/USDT:USDT,0.2869,2446.0,0.2868,13518.0,0.287,8107.0,0.2871,20989.0
1753617206971,11:53:26.971,binance,1INCH/USDT:USDT,0.2869,4816.0,0.2868,13518.0,0.287,8107.0,0.2871,20989.0
1753617207159,11:53:27.159,binance,1INCH/USDT:USDT,0.2869,4816.0,0.2868,13518.0,0.287,8107.0,0.2871,20989.0
1753617207297,11:53:27.297,binance,1INCH/USDT:USDT,0.2869,4816.0,0.2868,14209.0,0.287,8107.0,0.2871,20989.0
1753617207407,11:53:27.407,binance,1INCH/USDT:USDT,0.2869,4816.0,0.2868,14209.0,0.287,8107.0,0.2871,20989.0
1753617207702,11:53:27.702,binance,1INCH/USDT:USDT,0.2869,4816.0,0.2868,14209.0,0.287,8107.0,0.2871,20989.0
1753617207847,11:53:27.847,binance,1INCH/USDT:USDT,0.2869,4816.0,0.2868,14209.0,0.287,8107.0,0.2871,20989.0
1753617207952,11:53:27.952,binance,1INCH/USDT:USDT,0.2869,7324.0,0.2868,14209.0,0.287,2662.0,0.2871,17941.0
1753617208054,11:53:28.054,binance,1INCH/USDT:USDT,0.2869,6709.0,0.2868,14817.0,0.287,2662.0,0.2871,16610.0
1753617208159,11:53:28.159,binance,1INCH/USDT:USDT,0.2869,6709.0,0.2868,12991.0,0.287,2662.0,0.2871,16610.0
1753617208264,11:53:28.264,binance,1INCH/USDT:USDT,0.2869,6709.0,0.2868,13682.0,0.287,2662.0,0.2871,16610.0
1753617208379,11:53:28.379,binance,1INCH/USDT:USDT,0.2869,6709.0,0.2868,13682.0,0.287,2662.0,0.2871,15922.0
1753617208494,11:53:28.494,binance,1INCH/USDT:USDT,0.2869,6709.0,0.2868,13682.0,0.287,2662.0,0.2871,15922.0
1753617208600,11:53:28.600,binance,1INCH/USDT:USDT,0.2869,6709.0,0.2868,13682.0,0.287,2662.0,0.2871,15922.0
1753617208714,11:53:28.714,binance,1INCH/USDT:USDT,0.2869,6709.0,0.2868,11832.0,0.287,2662.0,0.2871,15922.0
1753617208818,11:53:28.818,binance,1INCH/USDT:USDT,0.2869,6709.0,0.2868,13682.0,0.287,2662.0,0.2871,15922.0
1753617208924,11:53:28.924,binance,1INCH/USDT:USDT,0.2869,7563.0,0.2868,12991.0,0.287,2662.0,0.2871,15922.0
1753617209029,11:53:29.029,binance,1INCH/USDT:USDT,0.2869,6709.0,0.2868,12991.0,0.287,2662.0,0.2871,15922.0
1753617209140,11:53:29.140,binance,1INCH/USDT:USDT,0.2869,6709.0,0.2868,12991.0,0.287,2662.0,0.2871,15922.0
1753617209241,11:53:29.241,binance,1INCH/USDT:USDT,0.2869,6709.0,0.2868,13682.0,0.287,2662.0,0.2871,15922.0
1753617209345,11:53:29.345,binance,1INCH/USDT:USDT,0.2869,6709.0,0.2868,13682.0,0.287,2662.0,0.2871,15922.0
1753617209449,11:53:29.449,binance,1INCH/USDT:USDT,0.2869,6709.0,0.2868,13682.0,0.287,2662.0,0.2871,15922.0
1753617209564,11:53:29.564,binance,1INCH/USDT:USDT,0.2869,6709.0,0.2868,13682.0,0.287,2662.0,0.2871,18922.0
1753617209674,11:53:29.674,binance,1INCH/USDT:USDT,0.2869,6709.0,0.2868,13682.0,0.287,2662.0,0.2871,18922.0
1753617209779,11:53:29.779,binance,1INCH/USDT:USDT,0.2869,6709.0,0.2868,13682.0,0.287,2662.0,0.2871,18922.0
1753617209889,11:53:29.889,binance,1INCH/USDT:USDT,0.2869,6709.0,0.2868,13682.0,0.287,1073.0,0.2871,15922.0
1753617209990,11:53:29.990,binance,1INCH/USDT:USDT,0.2869,6709.0,0.2868,11832.0,0.287,1073.0,0.2871,15922.0
1753617210098,11:53:30.098,binance,1INCH/USDT:USDT,0.287,2684.0,0.2869,11633.0,0.2871,6659.0,0.2872,41831.0
1753617210200,11:53:30.200,binance,1INCH/USDT:USDT,0.2869,9145.0,0.2868,11681.0,0.287,114.0,0.2871,9940.0
1753617210318,11:53:30.318,binance,1INCH/USDT:USDT,0.2869,8143.0,0.2868,13525.0,0.2871,11485.0,0.2872,41309.0
1753617210419,11:53:30.419,binance,1INCH/USDT:USDT,0.2869,8201.0,0.2868,10990.0,0.287,1004.0,0.2871,14879.0
1753617210526,11:53:30.526,binance,1INCH/USDT:USDT,0.2869,8201.0,0.2868,13526.0,0.287,577.0,0.2871,13576.0
1753617210635,11:53:30.635,binance,1INCH/USDT:USDT,0.2869,10886.0,0.2868,11681.0,0.287,2170.0,0.2871,13615.0
1753617210747,11:53:30.747,binance,1INCH/USDT:USDT,0.2869,10044.0,0.2868,11681.0,0.287,2170.0,0.2871,6437.0
1753617210849,11:53:30.849,binance,1INCH/USDT:USDT,0.2869,10044.0,0.2868,11681.0,0.287,2170.0,0.2871,6437.0
1753617210968,11:53:30.968,binance,1INCH/USDT:USDT,0.2869,10044.0,0.2868,13526.0,0.287,2170.0,0.2871,6437.0
1753617211074,11:53:31.074,binance,1INCH/USDT:USDT,0.2869,10044.0,0.2868,13526.0,0.287,2170.0,0.2871,6437.0
1753617211180,11:53:31.180,binance,1INCH/USDT:USDT,0.2869,10044.0,0.2868,13526.0,0.287,2170.0,0.2871,6437.0
1753617211290,11:53:31.290,binance,1INCH/USDT:USDT,0.2869,10044.0,0.2868,13526.0,0.287,2170.0,0.2871,6437.0
1753617211391,11:53:31.391,binance,1INCH/USDT:USDT,0.2869,10044.0,0.2868,13526.0,0.287,635.0,0.2871,7307.0
1753617211508,11:53:31.508,binance,1INCH/USDT:USDT,0.2869,10886.0,0.2868,13526.0,0.287,635.0,0.2871,7325.0
1753617211614,11:53:31.614,binance,1INCH/USDT:USDT,0.2869,10044.0,0.2868,13526.0,0.287,2205.0,0.2871,10325.0
1753617211724,11:53:31.724,binance,1INCH/USDT:USDT,0.2869,11197.0,0.2868,11681.0,0.2871,9170.0,0.2872,39474.0
1753617211828,11:53:31.828,binance,1INCH/USDT:USDT,0.287,150.0,0.2869,11114.0,0.2871,5207.0,0.2872,39474.0
1753617211929,11:53:31.929,binance,1INCH/USDT:USDT,0.287,994.0,0.2869,11050.0,0.2871,7547.0,0.2872,40690.0
1753617212033,11:53:32.033,binance,1INCH/USDT:USDT,0.287,1681.0,0.2869,9207.0,0.2871,7547.0,0.2872,40801.0
1753617212199,11:53:32.199,binance,1INCH/USDT:USDT,0.287,1681.0,0.2869,9207.0,0.2871,7547.0,0.2872,40801.0
1753617212409,11:53:32.409,binance,1INCH/USDT:USDT,0.287,1739.0,0.2869,10790.0,0.2871,7605.0,0.2872,41283.0
1753617212512,11:53:32.512,binance,1INCH/USDT:USDT,0.287,1739.0,0.2869,9207.0,0.2871,7605.0,0.2872,42661.0
1753617212625,11:53:32.625,binance,1INCH/USDT:USDT,0.287,1739.0,0.2869,9207.0,0.2871,7605.0,0.2872,43006.0
1753617213002,11:53:33.002,binance,1INCH/USDT:USDT,0.287,1739.0,0.2869,9207.0,0.2871,7605.0,0.2872,42659.0
1753617213108,11:53:33.108,binance,1INCH/USDT:USDT,0.287,2260.0,0.2869,9225.0,0.2871,7605.0,0.2872,42659.0
1753617213210,11:53:33.210,binance,1INCH/USDT:USDT,0.287,2260.0,0.2869,9225.0,0.2871,7605.0,0.2872,42659.0
1753617213316,11:53:33.316,binance,1INCH/USDT:USDT,0.287,2260.0,0.2869,9225.0,0.2871,7605.0,0.2872,42659.0
1753617213442,11:53:33.442,binance,1INCH/USDT:USDT,0.287,1739.0,0.2869,9225.0,0.2871,7605.0,0.2872,43006.0
1753617213602,11:53:33.602,binance,1INCH/USDT:USDT,0.287,1739.0,0.2869,9225.0,0.2871,7605.0,0.2872,42659.0
1753617213718,11:53:33.718,binance,1INCH/USDT:USDT,0.287,46.0,0.2869,9225.0,0.2871,10041.0,0.2872,42480.0
1753617213832,11:53:33.832,binance,1INCH/USDT:USDT,0.287,46.0,0.2869,9225.0,0.2871,10041.0,0.2872,43174.0
1753617213949,11:53:33.949,binance,1INCH/USDT:USDT,0.2869,10022.0,0.2868,11681.0,0.287,1723.0,0.2871,15701.0
1753617214057,11:53:34.057,binance,1INCH/USDT:USDT,0.2869,10022.0,0.2868,11681.0,0.287,1781.0,0.2871,15356.0
1753617214159,11:53:34.159,binance,1INCH/USDT:USDT,0.2869,10022.0,0.2868,11681.0,0.287,1781.0,0.2871,15356.0
1753617214261,11:53:34.261,binance,1INCH/USDT:USDT,0.2869,10022.0,0.2868,11681.0,0.287,1781.0,0.2871,13790.0
1753617214374,11:53:34.374,binance,1INCH/USDT:USDT,0.2869,10022.0,0.2868,11681.0,0.287,1781.0,0.2871,13790.0
1753617214484,11:53:34.484,binance,1INCH/USDT:USDT,0.2869,10022.0,0.2868,11681.0,0.287,1781.0,0.2871,13790.0
1753617214697,11:53:34.697,binance,1INCH/USDT:USDT,0.2869,7022.0,0.2868,13526.0,0.287,1781.0,0.2871,13808.0
1753617214799,11:53:34.799,binance,1INCH/USDT:USDT,0.2869,7022.0,0.2868,11681.0,0.287,1781.0,0.2871,15653.0
1753617215020,11:53:35.020,binance,1INCH/USDT:USDT,0.2869,8226.0,0.2868,11681.0,0.287,1781.0,0.2871,15653.0
1753617215235,11:53:35.235,binance,1INCH/USDT:USDT,0.287,46.0,0.2869,9278.0,0.2871,8878.0,0.2872,41782.0
1753617215340,11:53:35.340,binance,1INCH/USDT:USDT,0.287,46.0,0.2869,9278.0,0.2871,7516.0,0.2872,41782.0
1753617215457,11:53:35.457,binance,1INCH/USDT:USDT,0.287,46.0,0.2869,9296.0,0.2871,9321.0,0.2872,41782.0
1753617215567,11:53:35.567,binance,1INCH/USDT:USDT,0.287,46.0,0.2869,12296.0,0.2871,9321.0,0.2872,42125.0
1753617215802,11:53:35.802,binance,1INCH/USDT:USDT,0.287,1898.0,0.2869,10429.0,0.2871,9321.0,0.2872,44203.0
1753617215907,11:53:35.907,binance,1INCH/USDT:USDT,0.287,1956.0,0.2869,12273.0,0.2871,9321.0,0.2872,44203.0
1753617216018,11:53:36.018,binance,1INCH/USDT:USDT,0.287,1956.0,0.2869,10429.0,0.2871,9321.0,0.2872,44203.0
1753617216188,11:53:36.188,binance,1INCH/USDT:USDT,0.287,1956.0,0.2869,10429.0,0.2871,9321.0,0.2872,44203.0
1753617216402,11:53:36.402,binance,1INCH/USDT:USDT,0.287,1956.0,0.2869,10429.0,0.2871,9321.0,0.2872,44547.0
1753617216524,11:53:36.524,binance,1INCH/USDT:USDT,0.287,1956.0,0.2869,10429.0,0.2871,9321.0,0.2872,46383.0
1753617216652,11:53:36.652,binance,1INCH/USDT:USDT,0.287,1956.0,0.2869,10429.0,0.2871,9321.0,0.2872,46383.0
1753617216758,11:53:36.758,binance,1INCH/USDT:USDT,0.2869,10411.0,0.2868,11681.0,0.2871,12321.0,0.2872,48618.0
1753617216861,11:53:36.861,binance,1INCH/USDT:USDT,0.287,810.0,0.2869,9207.0,0.2871,13120.0,0.2872,47632.0
1753617216966,11:53:36.966,binance,1INCH/USDT:USDT,0.2869,9810.0,0.2868,12010.0,0.287,1997.0,0.2871,10206.0
1753617217068,11:53:37.068,binance,1INCH/USDT:USDT,0.2869,9810.0,0.2868,12010.0,0.287,1591.0,0.2871,9859.0
1753617217217,11:53:37.217,binance,1INCH/USDT:USDT,0.2869,10878.0,0.2868,12010.0,0.287,1591.0,0.2871,8014.0
1753617217328,11:53:37.328,binance,1INCH/USDT:USDT,0.2869,10911.0,0.2868,11974.0,0.287,1591.0,0.2871,8014.0
1753617217459,11:53:37.459,binance,1INCH/USDT:USDT,0.2869,10911.0,0.2868,11974.0,0.287,1591.0,0.2871,8014.0
1753617217580,11:53:37.580,binance,1INCH/USDT:USDT,0.287,1138.0,0.2869,11963.0,0.2871,8014.0,0.2872,42990.0
1753617217703,11:53:37.703,binance,1INCH/USDT:USDT,0.287,1082.0,0.2869,11963.0,0.2871,6786.0,0.2872,42990.0
1753617217826,11:53:37.826,binance,1INCH/USDT:USDT,0.287,1085.0,0.2869,11963.0,0.2871,8745.0,0.2872,43860.0
1753617217927,11:53:37.927,binance,1INCH/USDT:USDT,0.287,46.0,0.2869,10853.0,0.2871,9480.0,0.2872,43333.0
1753617218039,11:53:38.039,binance,1INCH/USDT:USDT,0.287,1134.0,0.2869,12540.0,0.2871,9180.0,0.2872,43334.0
1753617218147,11:53:38.147,binance,1INCH/USDT:USDT,0.287,1860.0,0.2869,9198.0,0.2871,9382.0,0.2872,43334.0
1753617218293,11:53:38.293,binance,1INCH/USDT:USDT,0.287,1860.0,0.2869,9216.0,0.2871,9382.0,0.2872,43334.0
1753617218433,11:53:38.433,binance,1INCH/USDT:USDT,0.287,1860.0,0.2869,9216.0,0.2871,9382.0,0.2872,43334.0
1753617218535,11:53:38.535,binance,1INCH/USDT:USDT,0.287,1860.0,0.2869,9216.0,0.2871,9382.0,0.2872,45515.0
1753617218636,11:53:38.636,binance,1INCH/USDT:USDT,0.287,1860.0,0.2869,9216.0,0.2871,9382.0,0.2872,45168.0
1753617218802,11:53:38.802,binance,1INCH/USDT:USDT,0.287,1860.0,0.2869,9216.0,0.2871,9382.0,0.2872,45168.0
1753617218916,11:53:38.916,binance,1INCH/USDT:USDT,0.287,1860.0,0.2869,11939.0,0.2871,9382.0,0.2872,45168.0
1753617219077,11:53:39.077,binance,1INCH/USDT:USDT,0.287,1860.0,0.2869,11939.0,0.2871,9382.0,0.2872,46038.0
1753617219199,11:53:39.199,binance,1INCH/USDT:USDT,0.287,1860.0,0.2869,10326.0,0.2871,9238.0,0.2872,46038.0
1753617219342,11:53:39.342,binance,1INCH/USDT:USDT,0.287,1860.0,0.2869,10326.0,0.2871,9238.0,0.2872,46038.0
1753617219502,11:53:39.502,binance,1INCH/USDT:USDT,0.287,1860.0,0.2869,10326.0,0.2871,9238.0,0.2872,45691.0
1753617219603,11:53:39.603,binance,1INCH/USDT:USDT,0.287,2155.0,0.2869,10326.0,0.2871,9238.0,0.2872,45691.0
1753617219745,11:53:39.745,binance,1INCH/USDT:USDT,0.287,2155.0,0.2869,10326.0,0.2871,9238.0,0.2872,45346.0
1753617220102,11:53:40.102,binance,1INCH/USDT:USDT,0.287,2155.0,0.2869,10326.0,0.2871,9238.0,0.2872,45346.0
1753617220440,11:53:40.440,binance,1INCH/USDT:USDT,0.287,2155.0,0.2869,10326.0,0.2871,9238.0,0.2872,45002.0
1753617220586,11:53:40.586,binance,1INCH/USDT:USDT,0.287,2155.0,0.2869,10326.0,0.2871,9238.0,0.2872,45002.0
1753617220699,11:53:40.699,binance,1INCH/USDT:USDT,0.287,2155.0,0.2869,10326.0,0.2871,9238.0,0.2872,45002.0
1753617220802,11:53:40.802,binance,1INCH/USDT:USDT,0.287,2155.0,0.2869,10326.0,0.2871,9238.0,0.2872,45002.0
1753617220974,11:53:40.974,binance,1INCH/USDT:USDT,0.287,2155.0,0.2869,10326.0,0.2871,9238.0,0.2872,44658.0
1753617221250,11:53:41.250,binance,1INCH/USDT:USDT,0.287,2155.0,0.2869,10326.0,0.2871,9238.0,0.2872,44658.0
1753617221353,11:53:41.353,binance,1INCH/USDT:USDT,0.287,2155.0,0.2869,10326.0,0.2871,9238.0,0.2872,44658.0
1753617221567,11:53:41.567,binance,1INCH/USDT:USDT,0.287,2155.0,0.2869,10326.0,0.2871,9238.0,0.2872,44548.0
1753617221698,11:53:41.698,binance,1INCH/USDT:USDT,0.287,2155.0,0.2869,10326.0,0.2871,9238.0,0.2872,44548.0
1753617221902,11:53:41.902,binance,1INCH/USDT:USDT,0.287,2155.0,0.2869,10326.0,0.2871,9238.0,0.2872,44548.0
1753617222166,11:53:42.166,binance,1INCH/USDT:USDT,0.287,927.0,0.2869,10326.0,0.2871,9606.0,0.2872,44548.0
1753617222318,11:53:42.318,binance,1INCH/USDT:USDT,0.287,927.0,0.2869,10326.0,0.2871,9606.0,0.2872,44548.0
1753617222468,11:53:42.468,binance,1INCH/USDT:USDT,0.287,927.0,0.2869,10326.0,0.2871,9606.0,0.2872,44548.0
1753617222571,11:53:42.571,binance,1INCH/USDT:USDT,0.287,927.0,0.2869,10326.0,0.2871,9606.0,0.2872,44548.0
1753617222741,11:53:42.741,binance,1INCH/USDT:USDT,0.287,2756.0,0.2869,10326.0,0.2871,8061.0,0.2872,44548.0
1753617223039,11:53:43.039,binance,1INCH/USDT:USDT,0.287,5767.0,0.2869,15897.0,0.2871,4956.0,0.2872,18484.0
1753617223147,11:53:43.147,binance,1INCH/USDT:USDT,0.287,6835.0,0.2869,14829.0,0.2871,3237.0,0.2872,18484.0
1753617223371,11:53:43.371,binance,1INCH/USDT:USDT,0.287,6835.0,0.2869,13572.0,0.2871,3237.0,0.2872,17796.0
1753617223477,11:53:43.477,binance,1INCH/USDT:USDT,0.287,9835.0,0.2869,13572.0,0.2871,3237.0,0.2872,19399.0
1753617223579,11:53:43.579,binance,1INCH/USDT:USDT,0.287,9835.0,0.2869,13572.0,0.2871,20.0,0.2872,19399.0
1753617223688,11:53:43.688,binance,1INCH/USDT:USDT,0.287,9835.0,0.2869,13572.0,0.2871,20.0,0.2872,19399.0
1753617223795,11:53:43.795,binance,1INCH/USDT:USDT,0.287,9835.0,0.2869,13572.0,0.2871,20.0,0.2872,19399.0
1753617223910,11:53:43.910,binance,1INCH/USDT:USDT,0.287,9835.0,0.2869,13572.0,0.2871,20.0,0.2872,19399.0
1753617224310,11:53:44.310,binance,1INCH/USDT:USDT,0.287,9835.0,0.2869,13572.0,0.2871,20.0,0.2872,19543.0
1753617224470,11:53:44.470,binance,1INCH/USDT:USDT,0.287,9835.0,0.2869,13572.0,0.2871,20.0,0.2872,19543.0
1753617224585,11:53:44.585,binance,1INCH/USDT:USDT,0.287,9835.0,0.2869,13572.0,0.2871,20.0,0.2872,19543.0
1753617224698,11:53:44.698,binance,1INCH/USDT:USDT,0.287,9835.0,0.2869,13572.0,0.2871,20.0,0.2872,19543.0
1753617224846,11:53:44.846,binance,1INCH/USDT:USDT,0.287,9835.0,0.2869,13572.0,0.2871,20.0,0.2872,19543.0
1753617225123,11:53:45.123,binance,1INCH/USDT:USDT,0.287,9835.0,0.2869,13572.0,0.2871,20.0,0.2872,19543.0
1753617225226,11:53:45.226,binance,1INCH/USDT:USDT,0.287,9831.0,0.2869,13572.0,0.2871,20.0,0.2872,19543.0
1753617225420,11:53:45.420,binance,1INCH/USDT:USDT,0.287,9831.0,0.2869,13572.0,0.2871,20.0,0.2872,19543.0
1753617225529,11:53:45.529,binance,1INCH/USDT:USDT,0.287,9831.0,0.2869,13572.0,0.2871,20.0,0.2872,19543.0
1753617226002,11:53:46.002,binance,1INCH/USDT:USDT,0.287,9309.0,0.2869,13572.0,0.2871,1859.0,0.2872,17940.0
1753617226378,11:53:46.378,binance,1INCH/USDT:USDT,0.287,9309.0,0.2869,13572.0,0.2871,1859.0,0.2872,17796.0
1753617226498,11:53:46.498,binance,1INCH/USDT:USDT,0.287,9309.0,0.2869,13572.0,0.2871,1859.0,0.2872,17796.0
1753617226623,11:53:46.623,binance,1INCH/USDT:USDT,0.287,9309.0,0.2869,13572.0,0.2871,1859.0,0.2872,17796.0
1753617226829,11:53:46.829,binance,1INCH/USDT:USDT,0.287,8540.0,0.2869,13572.0,0.2871,20.0,0.2872,20024.0
1753617226978,11:53:46.978,binance,1INCH/USDT:USDT,0.287,8540.0,0.2869,13572.0,0.2871,20.0,0.2872,18164.0
1753617227084,11:53:47.084,binance,1INCH/USDT:USDT,0.287,10084.0,0.2869,13572.0,0.2871,20.0,0.2872,19705.0
1753617227230,11:53:47.230,binance,1INCH/USDT:USDT,0.287,10084.0,0.2869,13572.0,0.2871,20.0,0.2872,19705.0
1753617227334,11:53:47.334,binance,1INCH/USDT:USDT,0.287,10084.0,0.2869,13572.0,0.2871,20.0,0.2872,19705.0
1753617227439,11:53:47.439,binance,1INCH/USDT:USDT,0.287,10084.0,0.2869,13572.0,0.2871,20.0,0.2872,19705.0
1753617227565,11:53:47.565,binance,1INCH/USDT:USDT,0.287,10084.0,0.2869,13920.0,0.2871,20.0,0.2872,19705.0
1753617227814,11:53:47.814,binance,1INCH/USDT:USDT,0.287,10084.0,0.2869,13920.0,0.2871,20.0,0.2872,19705.0
1753617227917,11:53:47.917,binance,1INCH/USDT:USDT,0.287,10084.0,0.2869,13970.0,0.2871,20.0,0.2872,19705.0
1753617228058,11:53:48.058,binance,1INCH/USDT:USDT,0.287,10084.0,0.2869,13970.0,0.2871,20.0,0.2872,19705.0
1753617228240,11:53:48.240,binance,1INCH/USDT:USDT,0.287,10084.0,0.2869,13970.0,0.2871,20.0,0.2872,19849.0
1753617228384,11:53:48.384,binance,1INCH/USDT:USDT,0.287,10084.0,0.2869,13970.0,0.2871,20.0,0.2872,19849.0
1753617228564,11:53:48.564,binance,1INCH/USDT:USDT,0.287,10084.0,0.2869,14749.0,0.2871,20.0,0.2872,19849.0
1753617228701,11:53:48.701,binance,1INCH/USDT:USDT,0.287,10084.0,0.2869,14749.0,0.2871,20.0,0.2872,19849.0
1753617229565,11:53:49.565,binance,1INCH/USDT:USDT,0.287,10151.0,0.2869,14749.0,0.2871,20.0,0.2872,19849.0
1753617230340,11:53:50.340,binance,1INCH/USDT:USDT,0.2871,8932.0,0.287,10951.0,0.2872,1955.0,0.2873,36827.0
1753617230441,11:53:50.441,binance,1INCH/USDT:USDT,0.2871,8596.0,0.287,9883.0,0.2872,2013.0,0.2873,12623.0
1753617230542,11:53:50.542,binance,1INCH/USDT:USDT,0.2871,7528.0,0.287,9883.0,0.2872,3545.0,0.2873,12623.0
1753617230646,11:53:50.646,binance,1INCH/USDT:USDT,0.2871,8530.0,0.287,9883.0,0.2872,3545.0,0.2873,17152.0
1753617230858,11:53:50.858,binance,1INCH/USDT:USDT,0.2871,8530.0,0.287,9883.0,0.2872,3545.0,0.2873,15324.0
1753617230961,11:53:50.961,binance,1INCH/USDT:USDT,0.2871,8530.0,0.287,9883.0,0.2872,3545.0,0.2873,15324.0
1753617231303,11:53:51.303,binance,1INCH/USDT:USDT,0.2871,5783.0,0.287,6883.0,0.2872,6545.0,0.2873,19813.0
1753617231411,11:53:51.411,binance,1INCH/USDT:USDT,0.2871,5783.0,0.287,6883.0,0.2872,6454.0,0.2873,19813.0
1753617231513,11:53:51.513,binance,1INCH/USDT:USDT,0.2871,5783.0,0.287,6883.0,0.2872,6454.0,0.2873,19813.0
1753617231628,11:53:51.628,binance,1INCH/USDT:USDT,0.2871,5783.0,0.287,6883.0,0.2872,6454.0,0.2873,19813.0
1753617231802,11:53:51.802,binance,1INCH/USDT:USDT,0.2871,5783.0,0.287,6883.0,0.2872,6454.0,0.2873,19813.0
1753617231907,11:53:51.907,binance,1INCH/USDT:USDT,0.2871,5783.0,0.287,6883.0,0.2872,6454.0,0.2873,19813.0
1753617232056,11:53:52.056,binance,1INCH/USDT:USDT,0.2871,5783.0,0.287,6883.0,0.2872,6454.0,0.2873,19899.0
1753617232198,11:53:52.198,binance,1INCH/USDT:USDT,0.2871,1060.0,0.287,6515.0,0.2872,9436.0,0.2873,21302.0
1753617232306,11:53:52.306,binance,1INCH/USDT:USDT,0.2871,1110.0,0.287,6515.0,0.2872,9436.0,0.2873,21645.0
1753617232408,11:53:52.408,binance,1INCH/USDT:USDT,0.2871,1110.0,0.287,8373.0,0.2872,9436.0,0.2873,21989.0
1753617232518,11:53:52.518,binance,1INCH/USDT:USDT,0.2871,1110.0,0.287,8373.0,0.2872,9436.0,0.2873,22792.0
1753617232655,11:53:52.655,binance,1INCH/USDT:USDT,0.2871,50.0,0.287,8373.0,0.2872,13514.0,0.2873,23483.0
1753617232758,11:53:52.758,binance,1INCH/USDT:USDT,0.2871,766.0,0.287,7583.0,0.2872,12644.0,0.2873,24176.0
1753617232899,11:53:52.899,binance,1INCH/USDT:USDT,0.2871,824.0,0.287,7583.0,0.2872,12644.0,0.2873,24176.0
1753617233049,11:53:53.049,binance,1INCH/USDT:USDT,0.2871,824.0,0.287,7583.0,0.2872,12644.0,0.2873,24523.0
1753617233344,11:53:53.344,binance,1INCH/USDT:USDT,0.2871,824.0,0.287,7583.0,0.2872,12644.0,0.2873,24523.0
1753617233449,11:53:53.449,binance,1INCH/USDT:USDT,0.2871,824.0,0.287,7583.0,0.2872,12644.0,0.2873,24523.0
1753617233551,11:53:53.551,binance,1INCH/USDT:USDT,0.2871,824.0,0.287,7583.0,0.2872,12644.0,0.2873,24523.0
1753617233653,11:53:53.653,binance,1INCH/USDT:USDT,0.2871,824.0,0.287,7583.0,0.2872,12644.0,0.2873,26004.0
1753617233755,11:53:53.755,binance,1INCH/USDT:USDT,0.287,6455.0,0.2869,11014.0,0.2871,6289.0,0.2872,18219.0
1753617233858,11:53:53.858,binance,1INCH/USDT:USDT,0.287,6513.0,0.2869,12853.0,0.2871,6232.0,0.2872,18913.0
1753617233979,11:53:53.979,binance,1INCH/USDT:USDT,0.287,6513.0,0.2869,12853.0,0.2871,6186.0,0.2872,17871.0
1753617234083,11:53:54.083,binance,1INCH/USDT:USDT,0.287,7753.0,0.2869,12853.0,0.2871,6186.0,0.2872,17871.0
1753617234199,11:53:54.199,binance,1INCH/USDT:USDT,0.287,7753.0,0.2869,12853.0,0.2871,6186.0,0.2872,17871.0
1753617234337,11:53:54.337,binance,1INCH/USDT:USDT,0.287,7753.0,0.2869,12853.0,0.2871,6186.0,0.2872,16024.0
1753617234455,11:53:54.455,binance,1INCH/USDT:USDT,0.287,7753.0,0.2869,12853.0,0.2871,6186.0,0.2872,16024.0
1753617234557,11:53:54.557,binance,1INCH/USDT:USDT,0.287,7753.0,0.2869,12853.0,0.2871,6186.0,0.2872,16024.0
1753617234978,11:53:54.978,binance,1INCH/USDT:USDT,0.287,7753.0,0.2869,12853.0,0.2871,6186.0,0.2872,16024.0
1753617235101,11:53:55.101,binance,1INCH/USDT:USDT,0.287,7753.0,0.2869,12853.0,0.2871,6186.0,0.2872,16024.0
1753617235320,11:53:55.320,binance,1INCH/USDT:USDT,0.287,7753.0,0.2869,14594.0,0.2871,6444.0,0.2872,16024.0
1753617235423,11:53:55.423,binance,1INCH/USDT:USDT,0.287,7743.0,0.2869,14594.0,0.2871,6444.0,0.2872,16024.0
1753617235532,11:53:55.532,binance,1INCH/USDT:USDT,0.287,7743.0,0.2869,14594.0,0.2871,6444.0,0.2872,16024.0
1753617235635,11:53:55.635,binance,1INCH/USDT:USDT,0.287,7743.0,0.2869,14594.0,0.2871,6444.0,0.2872,16024.0
1753617235840,11:53:55.840,binance,1INCH/USDT:USDT,0.287,7743.0,0.2869,14594.0,0.2871,6444.0,0.2872,16024.0
1753617235947,11:53:55.947,binance,1INCH/USDT:USDT,0.287,8138.0,0.2869,14594.0,0.2871,6444.0,0.2872,16024.0
1753617236066,11:53:56.066,binance,1INCH/USDT:USDT,0.287,8138.0,0.2869,14594.0,0.2871,6444.0,0.2872,18385.0
1753617236202,11:53:56.202,binance,1INCH/USDT:USDT,0.287,8138.0,0.2869,14594.0,0.2871,6444.0,0.2872,18385.0
1753617236380,11:53:56.380,binance,1INCH/USDT:USDT,0.287,8138.0,0.2869,14594.0,0.2871,6444.0,0.2872,18385.0
1753617236489,11:53:56.489,binance,1INCH/USDT:USDT,0.287,8138.0,0.2869,14594.0,0.2871,6444.0,0.2872,18385.0
1753617236702,11:53:56.702,binance,1INCH/USDT:USDT,0.287,8138.0,0.2869,14246.0,0.2871,6444.0,0.2872,18385.0
1753617237002,11:53:57.002,binance,1INCH/USDT:USDT,0.287,8138.0,0.2869,14246.0,0.2871,6444.0,0.2872,18385.0
1753617237458,11:53:57.458,binance,1INCH/USDT:USDT,0.287,8138.0,0.2869,14246.0,0.2871,6444.0,0.2872,18385.0
1753617237568,11:53:57.568,binance,1INCH/USDT:USDT,0.287,8138.0,0.2869,14246.0,0.2871,6444.0,0.2872,18385.0
1753617237775,11:53:57.775,binance,1INCH/USDT:USDT,0.287,6504.0,0.2869,11246.0,0.2871,6444.0,0.2872,18385.0
1753617237904,11:53:57.904,binance,1INCH/USDT:USDT,0.287,6322.0,0.2869,11246.0,0.2871,6444.0,0.2872,18385.0
1753617238038,11:53:58.038,binance,1INCH/USDT:USDT,0.287,6322.0,0.2869,11128.0,0.2871,6444.0,0.2872,18385.0
1753617238181,11:53:58.181,binance,1INCH/USDT:USDT,0.287,6322.0,0.2869,11128.0,0.2871,6444.0,0.2872,18385.0
1753617238402,11:53:58.402,binance,1INCH/USDT:USDT,0.287,6274.0,0.2869,11128.0,0.2871,6444.0,0.2872,18385.0
1753617238702,11:53:58.702,binance,1INCH/USDT:USDT,0.287,6274.0,0.2869,11128.0,0.2871,6444.0,0.2872,18385.0
1753617239002,11:53:59.002,binance,1INCH/USDT:USDT,0.287,6274.0,0.2869,11128.0,0.2871,6444.0,0.2872,18385.0
1753617239259,11:53:59.259,binance,1INCH/USDT:USDT,0.287,6274.0,0.2869,11128.0,0.2871,6444.0,0.2872,18385.0
1753617239369,11:53:59.369,binance,1INCH/USDT:USDT,0.287,6274.0,0.2869,11128.0,0.2871,6444.0,0.2872,18385.0
1753617239499,11:53:59.499,binance,1INCH/USDT:USDT,0.287,6274.0,0.2869,9387.0,0.2871,6444.0,0.2872,21829.0
1753617239601,11:53:59.601,binance,1INCH/USDT:USDT,0.287,6274.0,0.2869,11128.0,0.2871,6444.0,0.2872,21829.0
1753617239802,11:53:59.802,binance,1INCH/USDT:USDT,0.287,6274.0,0.2869,16290.0,0.2871,6444.0,0.2872,22172.0
1753617240089,11:54:00.089,binance,1INCH/USDT:USDT,0.287,6274.0,0.2869,16290.0,0.2871,6444.0,0.2872,22172.0
1753617240402,11:54:00.402,binance,1INCH/USDT:USDT,0.287,6274.0,0.2869,16290.0,0.2871,6444.0,0.2872,22172.0
1753617240512,11:54:00.512,binance,1INCH/USDT:USDT,0.287,6396.0,0.2869,16290.0,0.2871,6444.0,0.2872,22172.0
1753617240631,11:54:00.631,binance,1INCH/USDT:USDT,0.287,6396.0,0.2869,16290.0,0.2871,6444.0,0.2872,22172.0
1753617240780,11:54:00.780,binance,1INCH/USDT:USDT,0.287,6396.0,0.2869,16290.0,0.2871,6444.0,0.2872,22172.0
1753617240898,11:54:00.898,binance,1INCH/USDT:USDT,0.287,6396.0,0.2869,16290.0,0.2871,6444.0,0.2872,22172.0
1753617241002,11:54:01.002,binance,1INCH/USDT:USDT,0.287,6396.0,0.2869,14418.0,0.2871,6444.0,0.2872,22172.0
1753617241199,11:54:01.199,binance,1INCH/USDT:USDT,0.287,6396.0,0.2869,16240.0,0.2871,6444.0,0.2872,22172.0
1753617241398,11:54:01.398,binance,1INCH/USDT:USDT,0.287,6396.0,0.2869,14418.0,0.2871,6444.0,0.2872,22172.0
1753617241541,11:54:01.541,binance,1INCH/USDT:USDT,0.287,7655.0,0.2869,14418.0,0.2871,6444.0,0.2872,22172.0
1753617241648,11:54:01.648,binance,1INCH/USDT:USDT,0.287,7655.0,0.2869,16240.0,0.2871,6444.0,0.2872,22172.0
1753617241919,11:54:01.919,binance,1INCH/USDT:USDT,0.287,7655.0,0.2869,16240.0,0.2871,6444.0,0.2872,22172.0
1753617242022,11:54:02.022,binance,1INCH/USDT:USDT,0.287,15014.0,0.2869,14418.0,0.2871,6444.0,0.2872,22172.0
1753617242125,11:54:02.125,binance,1INCH/USDT:USDT,0.287,15014.0,0.2869,14418.0,0.2871,6444.0,0.2872,22172.0
1753617242269,11:54:02.269,binance,1INCH/USDT:USDT,0.287,15014.0,0.2869,14418.0,0.2871,9444.0,0.2872,22172.0
1753617242542,11:54:02.542,binance,1INCH/USDT:USDT,0.287,15008.0,0.2869,14418.0,0.2871,9444.0,0.2872,22172.0
1753617242651,11:54:02.651,binance,1INCH/USDT:USDT,0.287,15008.0,0.2869,14418.0,0.2871,9444.0,0.2872,22172.0
1753617242802,11:54:02.802,binance,1INCH/USDT:USDT,0.287,15008.0,0.2869,14418.0,0.2871,6386.0,0.2872,22172.0
1753617242907,11:54:02.907,binance,1INCH/USDT:USDT,0.287,16453.0,0.2869,14418.0,0.2871,6444.0,0.2872,22172.0
1753617243074,11:54:03.074,binance,1INCH/USDT:USDT,0.287,16453.0,0.2869,14418.0,0.2871,6444.0,0.2872,22172.0
1753617243199,11:54:03.199,binance,1INCH/USDT:USDT,0.287,16453.0,0.2869,14418.0,0.2871,6444.0,0.2872,22172.0
1753617243302,11:54:03.302,binance,1INCH/USDT:USDT,0.287,16453.0,0.2869,14418.0,0.2871,6470.0,0.2872,22172.0
1753617243480,11:54:03.480,binance,1INCH/USDT:USDT,0.287,16453.0,0.2869,14418.0,0.2871,6470.0,0.2872,22172.0
1753617243638,11:54:03.638,binance,1INCH/USDT:USDT,0.287,16453.0,0.2869,14418.0,0.2871,6470.0,0.2872,22172.0
1753617243779,11:54:03.779,binance,1INCH/USDT:USDT,0.287,16453.0,0.2869,14418.0,0.2871,6470.0,0.2872,22172.0
1753617243902,11:54:03.902,binance,1INCH/USDT:USDT,0.287,16453.0,0.2869,14418.0,0.2871,6470.0,0.2872,22172.0
1753617244243,11:54:04.243,binance,1INCH/USDT:USDT,0.287,16177.0,0.2869,14418.0,0.2871,6470.0,0.2872,22172.0
1753617244376,11:54:04.376,binance,1INCH/USDT:USDT,0.287,15008.0,0.2869,14418.0,0.2871,6535.0,0.2872,22172.0
1753617244502,11:54:04.502,binance,1INCH/USDT:USDT,0.287,15008.0,0.2869,14418.0,0.2871,6535.0,0.2872,22172.0
1753617244778,11:54:04.778,binance,1INCH/USDT:USDT,0.287,15008.0,0.2869,14418.0,0.2871,6535.0,0.2872,22172.0
1753617244901,11:54:04.901,binance,1INCH/USDT:USDT,0.287,15008.0,0.2869,14418.0,0.2871,6535.0,0.2872,22172.0
1753617245034,11:54:05.034,binance,1INCH/USDT:USDT,0.287,15008.0,0.2869,14418.0,0.2871,6535.0,0.2872,22172.0
1753617245147,11:54:05.147,binance,1INCH/USDT:USDT,0.287,13470.0,0.2869,14418.0,0.2871,9535.0,0.2872,22632.0
1753617245305,11:54:05.305,binance,1INCH/USDT:USDT,0.287,13470.0,0.2869,16264.0,0.2871,9535.0,0.2872,22632.0
1753617245410,11:54:05.410,binance,1INCH/USDT:USDT,0.287,15098.0,0.2869,14418.0,0.2871,9535.0,0.2872,22632.0
1753617245522,11:54:05.522,binance,1INCH/USDT:USDT,0.287,15098.0,0.2869,14418.0,0.2871,9535.0,0.2872,22632.0
1753617245629,11:54:05.629,binance,1INCH/USDT:USDT,0.287,15098.0,0.2869,14418.0,0.2871,9535.0,0.2872,22632.0
1753617245902,11:54:05.902,binance,1INCH/USDT:USDT,0.287,15098.0,0.2869,14418.0,0.2871,9535.0,0.2872,22632.0
1753617246093,11:54:06.093,binance,1INCH/USDT:USDT,0.287,13470.0,0.2869,14418.0,0.2871,9535.0,0.2872,22632.0
1753617246206,11:54:06.206,binance,1INCH/USDT:USDT,0.287,13470.0,0.2869,15992.0,0.2871,9535.0,0.2872,23323.0
1753617246393,11:54:06.393,binance,1INCH/USDT:USDT,0.287,13470.0,0.2869,15992.0,0.2871,9535.0,0.2872,23667.0
1753617246502,11:54:06.502,binance,1INCH/USDT:USDT,0.287,13470.0,0.2869,15992.0,0.2871,9535.0,0.2872,23667.0
1753617246659,11:54:06.659,binance,1INCH/USDT:USDT,0.287,15302.0,0.2869,14418.0,0.2871,9535.0,0.2872,23667.0
1753617247002,11:54:07.002,binance,1INCH/USDT:USDT,0.287,15302.0,0.2869,14418.0,0.2871,9535.0,0.2872,23667.0
1753617247106,11:54:07.106,binance,1INCH/USDT:USDT,0.287,13470.0,0.2869,14882.0,0.2871,9535.0,0.2872,24241.0
1753617247212,11:54:07.212,binance,1INCH/USDT:USDT,0.2869,7709.0,0.2868,17424.0,0.287,7468.0,0.2871,14892.0
1753617247314,11:54:07.314,binance,1INCH/USDT:USDT,0.2869,5339.0,0.2868,15435.0,0.287,10956.0,0.2871,20376.0
1753617247538,11:54:07.538,binance,1INCH/USDT:USDT,0.2869,5281.0,0.2868,14545.0,0.287,9286.0,0.2871,20376.0
1753617247647,11:54:07.647,binance,1INCH/USDT:USDT,0.2869,5281.0,0.2868,14545.0,0.287,9286.0,0.2871,21067.0
1753617247749,11:54:07.749,binance,1INCH/USDT:USDT,0.2869,5281.0,0.2868,14545.0,0.287,9286.0,0.2871,39226.0
1753617247890,11:54:07.890,binance,1INCH/USDT:USDT,0.2869,5281.0,0.2868,14545.0,0.287,9286.0,0.2871,39226.0
1753617247993,11:54:07.993,binance,1INCH/USDT:USDT,0.2868,9301.0,0.2867,22089.0,0.2869,9889.0,0.287,14474.0
1753617248096,11:54:08.096,binance,1INCH/USDT:USDT,0.2868,9301.0,0.2867,22089.0,0.2869,8473.0,0.287,18299.0
1753617248206,11:54:08.206,binance,1INCH/USDT:USDT,0.2868,9301.0,0.2867,19349.0,0.2869,8473.0,0.287,18299.0
1753617248323,11:54:08.323,binance,1INCH/USDT:USDT,0.2868,9301.0,0.2867,19349.0,0.2869,8473.0,0.287,18415.0
1753617248424,11:54:08.424,binance,1INCH/USDT:USDT,0.2868,9301.0,0.2867,19349.0,0.2869,8473.0,0.287,18415.0
1753617248547,11:54:08.547,binance,1INCH/USDT:USDT,0.2868,9415.0,0.2867,19004.0,0.2869,8473.0,0.287,18415.0
1753617248688,11:54:08.688,binance,1INCH/USDT:USDT,0.2868,9415.0,0.2867,19004.0,0.2869,8519.0,0.287,18369.0
1753617248804,11:54:08.804,binance,1INCH/USDT:USDT,0.2868,9415.0,0.2867,19004.0,0.2869,8519.0,0.287,18369.0
1753617248988,11:54:08.988,binance,1INCH/USDT:USDT,0.2868,9415.0,0.2867,18166.0,0.2869,8519.0,0.287,18369.0
1753617249149,11:54:09.149,binance,1INCH/USDT:USDT,0.2868,9415.0,0.2867,17900.0,0.2869,8519.0,0.287,18369.0
1753617249261,11:54:09.261,binance,1INCH/USDT:USDT,0.2868,9415.0,0.2867,17900.0,0.2869,8519.0,0.287,18369.0
1753617249368,11:54:09.368,binance,1INCH/USDT:USDT,0.2867,8606.0,0.2866,11534.0,0.2868,6571.0,0.2869,14817.0
1753617249473,11:54:09.473,binance,1INCH/USDT:USDT,0.2868,939.0,0.2867,14284.0,0.2869,9373.0,0.287,44038.0
1753617249579,11:54:09.579,binance,1INCH/USDT:USDT,0.2868,4986.0,0.2867,15166.0,0.2869,4387.0,0.287,20231.0
1753617249691,11:54:09.691,binance,1INCH/USDT:USDT,0.2868,4986.0,0.2867,15166.0,0.2869,5234.0,0.287,20231.0
1753617249859,11:54:09.859,binance,1INCH/USDT:USDT,0.2868,5079.0,0.2867,15166.0,0.2869,5292.0,0.287,22911.0
1753617249964,11:54:09.964,binance,1INCH/USDT:USDT,0.2868,5079.0,0.2867,15166.0,0.2869,5292.0,0.287,22911.0
1753617250080,11:54:10.080,binance,1INCH/USDT:USDT,0.2868,5079.0,0.2867,15166.0,0.2869,5292.0,0.287,22911.0
1753617250294,11:54:10.294,binance,1INCH/USDT:USDT,0.2868,5079.0,0.2867,15166.0,0.2869,5292.0,0.287,23781.0
1753617250428,11:54:10.428,binance,1INCH/USDT:USDT,0.2868,5079.0,0.2867,15166.0,0.2869,5292.0,0.287,23781.0
1753617250765,11:54:10.765,binance,1INCH/USDT:USDT,0.2868,5105.0,0.2867,15166.0,0.2869,5292.0,0.287,23781.0
1753617251448,11:54:11.448,binance,1INCH/USDT:USDT,0.2868,5059.0,0.2867,15166.0,0.2869,5292.0,0.287,23781.0
1753617251710,11:54:11.710,binance,1INCH/USDT:USDT,0.2868,5059.0,0.2867,15166.0,0.2869,5292.0,0.287,23781.0
1753617251898,11:54:11.898,binance,1INCH/USDT:USDT,0.2868,5059.0,0.2867,15166.0,0.2869,5292.0,0.287,23781.0
1753617252183,11:54:12.183,binance,1INCH/USDT:USDT,0.2868,5059.0,0.2867,15166.0,0.2869,5292.0,0.287,23781.0
1753617252302,11:54:12.302,binance,1INCH/USDT:USDT,0.2868,5059.0,0.2867,15166.0,0.2869,5292.0,0.287,23781.0
1753617252410,11:54:12.410,binance,1INCH/USDT:USDT,0.2868,5059.0,0.2867,15166.0,0.2869,5292.0,0.287,23781.0
1753617252782,11:54:12.782,binance,1INCH/USDT:USDT,0.2868,5059.0,0.2867,15166.0,0.2869,5292.0,0.287,23781.0
1753617252902,11:54:12.902,binance,1INCH/USDT:USDT,0.2868,5059.0,0.2867,15166.0,0.2869,5292.0,0.287,23781.0
1753617253403,11:54:13.403,binance,1INCH/USDT:USDT,0.2868,5059.0,0.2867,15166.0,0.2869,5292.0,0.287,25859.0
1753617253506,11:54:13.506,binance,1INCH/USDT:USDT,0.2868,5059.0,0.2867,15166.0,0.2869,5292.0,0.287,25859.0
1753617253871,11:54:13.871,binance,1INCH/USDT:USDT,0.2868,5059.0,0.2867,15166.0,0.2869,5292.0,0.287,25859.0
1753617253999,11:54:13.999,binance,1INCH/USDT:USDT,0.2868,5059.0,0.2867,15166.0,0.2869,5292.0,0.287,25859.0
1753617254101,11:54:14.101,binance,1INCH/USDT:USDT,0.2868,5059.0,0.2867,15166.0,0.2869,5292.0,0.287,25859.0
1753617254407,11:54:14.407,binance,1INCH/USDT:USDT,0.2868,5059.0,0.2867,15166.0,0.2869,5292.0,0.287,25859.0
1753617254539,11:54:14.539,binance,1INCH/USDT:USDT,0.2868,5059.0,0.2867,15166.0,0.2869,5292.0,0.287,25859.0
1753617255079,11:54:15.079,binance,1INCH/USDT:USDT,0.2868,5059.0,0.2867,15166.0,0.2869,5292.0,0.287,25859.0
1753617255298,11:54:15.298,binance,1INCH/USDT:USDT,0.2868,5105.0,0.2867,15166.0,0.2869,5292.0,0.287,25859.0
1753617255602,11:54:15.602,binance,1INCH/USDT:USDT,0.2868,5105.0,0.2867,15166.0,0.2869,5292.0,0.287,25859.0
1753617256194,11:54:16.194,binance,1INCH/USDT:USDT,0.2868,5059.0,0.2867,15166.0,0.2869,5343.0,0.287,25859.0
1753617256702,11:54:16.702,binance,1INCH/USDT:USDT,0.2868,5059.0,0.2867,15166.0,0.2869,5343.0,0.287,25859.0
1753617257075,11:54:17.075,binance,1INCH/USDT:USDT,0.2868,4538.0,0.2867,15166.0,0.2869,5343.0,0.287,25859.0
1753617257302,11:54:17.302,binance,1INCH/USDT:USDT,0.2868,5105.0,0.2867,15166.0,0.2869,5343.0,0.287,25859.0
1753617257902,11:54:17.902,binance,1INCH/USDT:USDT,0.2868,5105.0,0.2867,15166.0,0.2869,5343.0,0.287,25859.0
1753617258502,11:54:18.502,binance,1INCH/USDT:USDT,0.2868,5105.0,0.2867,15166.0,0.2869,5343.0,0.287,25859.0
1753617259102,11:54:19.102,binance,1INCH/USDT:USDT,0.2868,5105.0,0.2867,15166.0,0.2869,5343.0,0.287,25859.0
1753617259377,11:54:19.377,binance,1INCH/USDT:USDT,0.2868,5105.0,0.2867,16037.0,0.2869,5343.0,0.287,25859.0
1753617259702,11:54:19.702,binance,1INCH/USDT:USDT,0.2868,5105.0,0.2867,16037.0,0.2869,5343.0,0.287,25859.0
1753617259998,11:54:19.998,binance,1INCH/USDT:USDT,0.2868,5105.0,0.2867,16037.0,0.2869,5343.0,0.287,25859.0
1753617260100,11:54:20.100,binance,1INCH/USDT:USDT,0.2868,5126.0,0.2867,16037.0,0.2869,5343.0,0.287,25859.0
1753617260302,11:54:20.302,binance,1INCH/USDT:USDT,0.2868,5126.0,0.2867,16037.0,0.2869,5371.0,0.287,25859.0
1753617260409,11:54:20.409,binance,1INCH/USDT:USDT,0.2868,5126.0,0.2867,16037.0,0.2869,5371.0,0.287,25859.0
1753617260566,11:54:20.566,binance,1INCH/USDT:USDT,0.2868,5126.0,0.2867,16037.0,0.2869,5371.0,0.287,25859.0
1753617260824,11:54:20.824,binance,1INCH/USDT:USDT,0.2868,5126.0,0.2867,16037.0,0.2869,5371.0,0.287,25859.0
1753617261001,11:54:21.001,binance,1INCH/USDT:USDT,0.2868,5126.0,0.2867,16037.0,0.2869,5371.0,0.287,25859.0
1753617261229,11:54:21.229,binance,1INCH/USDT:USDT,0.2868,5126.0,0.2867,16037.0,0.2869,5371.0,0.287,25859.0
1753617261392,11:54:21.392,binance,1INCH/USDT:USDT,0.2868,5222.0,0.2867,16037.0,0.2869,5371.0,0.287,25859.0
1753617261501,11:54:21.501,binance,1INCH/USDT:USDT,0.2868,5209.0,0.2867,16037.0,0.2869,5371.0,0.287,25859.0
1753617262011,11:54:22.011,binance,1INCH/USDT:USDT,0.2868,5209.0,0.2867,16037.0,0.2869,5371.0,0.287,25859.0
1753617262489,11:54:22.489,binance,1INCH/USDT:USDT,0.2868,5209.0,0.2867,16037.0,0.2869,5371.0,0.287,25859.0
1753617262591,11:54:22.591,binance,1INCH/USDT:USDT,0.2868,5209.0,0.2867,16037.0,0.2869,5371.0,0.287,25859.0
1753617263002,11:54:23.002,binance,1INCH/USDT:USDT,0.2868,5209.0,0.2867,16037.0,0.2869,5371.0,0.287,25859.0
1753617263439,11:54:23.439,binance,1INCH/USDT:USDT,0.2869,5811.0,0.2868,10486.0,0.287,7037.0,0.2871,37137.0
1753617263544,11:54:23.544,binance,1INCH/USDT:USDT,0.2869,7670.0,0.2868,8766.0,0.287,7523.0,0.2871,36475.0
1753617263646,11:54:23.646,binance,1INCH/USDT:USDT,0.2869,7670.0,0.2868,8766.0,0.287,7523.0,0.2871,34397.0
1753617263747,11:54:23.747,binance,1INCH/USDT:USDT,0.2869,7670.0,0.2868,8766.0,0.287,7465.0,0.2871,32887.0
1753617263854,11:54:23.854,binance,1INCH/USDT:USDT,0.2869,7670.0,0.2868,8766.0,0.287,7465.0,0.2871,33578.0
1753617263961,11:54:23.961,binance,1INCH/USDT:USDT,0.2869,7670.0,0.2868,8766.0,0.287,7327.0,0.2871,33578.0
1753617264069,11:54:24.069,binance,1INCH/USDT:USDT,0.2869,7670.0,0.2868,8766.0,0.287,7327.0,0.2871,33926.0
1753617264174,11:54:24.174,binance,1INCH/USDT:USDT,0.2869,7670.0,0.2868,8766.0,0.287,7327.0,0.2871,33926.0
1753617264289,11:54:24.289,binance,1INCH/USDT:USDT,0.2869,7670.0,0.2868,8766.0,0.287,7327.0,0.2871,33926.0
1753617264404,11:54:24.404,binance,1INCH/USDT:USDT,0.2869,7670.0,0.2868,8924.0,0.287,7327.0,0.2871,33926.0
1753617264509,11:54:24.509,binance,1INCH/USDT:USDT,0.2869,7670.0,0.2868,8924.0,0.287,7327.0,0.2871,34059.0
1753617264619,11:54:24.619,binance,1INCH/USDT:USDT,0.2869,7670.0,0.2868,8924.0,0.287,7327.0,0.2871,34059.0
1753617264730,11:54:24.730,binance,1INCH/USDT:USDT,0.2869,7670.0,0.2868,8924.0,0.287,7327.0,0.2871,34059.0
1753617264834,11:54:24.834,binance,1INCH/USDT:USDT,0.2869,7670.0,0.2868,8924.0,0.287,7327.0,0.2871,34059.0
1753617264944,11:54:24.944,binance,1INCH/USDT:USDT,0.2869,7670.0,0.2868,8924.0,0.287,7327.0,0.2871,34059.0
1753617265054,11:54:25.054,binance,1INCH/USDT:USDT,0.2869,7670.0,0.2868,8924.0,0.287,7327.0,0.2871,34059.0
1753617265159,11:54:25.159,binance,1INCH/USDT:USDT,0.2869,7670.0,0.2868,8924.0,0.287,7327.0,0.2871,34059.0
1753617265284,11:54:25.284,binance,1INCH/USDT:USDT,0.2869,7670.0,0.2868,8924.0,0.287,7327.0,0.2871,34059.0
1753617265389,11:54:25.389,binance,1INCH/USDT:USDT,0.2869,7670.0,0.2868,8924.0,0.287,7385.0,0.2871,34059.0
1753617265494,11:54:25.494,binance,1INCH/USDT:USDT,0.2869,7670.0,0.2868,8924.0,0.287,7385.0,0.2871,34059.0
1753617266118,11:54:26.118,binance,1INCH/USDT:USDT,0.2869,7670.0,0.2868,8942.0,0.287,7385.0,0.2871,34059.0
1753617266239,11:54:26.239,binance,1INCH/USDT:USDT,0.2869,7670.0,0.2868,8942.0,0.287,7385.0,0.2871,34059.0
1753617266420,11:54:26.420,binance,1INCH/USDT:USDT,0.2869,7784.0,0.2868,8820.0,0.287,7385.0,0.2871,34059.0
1753617266806,11:54:26.806,binance,1INCH/USDT:USDT,0.2869,7784.0,0.2868,10765.0,0.287,7385.0,0.2871,34059.0
1753617267098,11:54:27.098,binance,1INCH/USDT:USDT,0.2869,7784.0,0.2868,8820.0,0.287,7385.0,0.2871,34059.0
1753617267602,11:54:27.602,binance,1INCH/USDT:USDT,0.2869,7009.0,0.2868,10765.0,0.287,5232.0,0.2871,33368.0
1753617267705,11:54:27.705,binance,1INCH/USDT:USDT,0.2869,7009.0,0.2868,10765.0,0.287,5232.0,0.2871,33368.0
1753617268469,11:54:28.469,binance,1INCH/USDT:USDT,0.2869,7055.0,0.2868,13719.0,0.287,1771.0,0.2871,11573.0
1753617268571,11:54:28.571,binance,1INCH/USDT:USDT,0.2869,7055.0,0.2868,14758.0,0.287,1771.0,0.2871,10332.0
1753617268746,11:54:28.746,binance,1INCH/USDT:USDT,0.2869,8130.0,0.2868,14758.0,0.287,1771.0,0.2871,10332.0
1753617268969,11:54:28.969,binance,1INCH/USDT:USDT,0.2869,8130.0,0.2868,14758.0,0.287,1771.0,0.2871,13332.0
1753617269139,11:54:29.139,binance,1INCH/USDT:USDT,0.2869,8130.0,0.2868,14758.0,0.287,1771.0,0.2871,13332.0
1753617269414,11:54:29.414,binance,1INCH/USDT:USDT,0.2869,8130.0,0.2868,14758.0,0.287,2154.0,0.2871,13074.0
1753617269602,11:54:29.602,binance,1INCH/USDT:USDT,0.2869,8130.0,0.2868,14758.0,0.287,2154.0,0.2871,13074.0
1753617269902,11:54:29.902,binance,1INCH/USDT:USDT,0.2869,8130.0,0.2868,14758.0,0.287,2154.0,0.2871,13074.0
1753617270102,11:54:30.102,binance,1INCH/USDT:USDT,0.2869,8130.0,0.2868,14758.0,0.287,2154.0,0.2871,13074.0
1753617270252,11:54:30.252,binance,1INCH/USDT:USDT,0.2869,8130.0,0.2868,14758.0,0.287,2154.0,0.2871,13074.0
1753617270424,11:54:30.424,binance,1INCH/USDT:USDT,0.2869,8130.0,0.2868,11758.0,0.287,2996.0,0.2871,13074.0
1753617270525,11:54:30.525,binance,1INCH/USDT:USDT,0.2869,7055.0,0.2868,9813.0,0.287,2996.0,0.2871,13479.0
1753617270629,11:54:30.629,binance,1INCH/USDT:USDT,0.2869,7055.0,0.2868,9813.0,0.287,5610.0,0.2871,13479.0
1753617270734,11:54:30.734,binance,1INCH/USDT:USDT,0.2869,7944.0,0.2868,9813.0,0.287,5610.0,0.2871,13479.0
1753617270846,11:54:30.846,binance,1INCH/USDT:USDT,0.2869,7055.0,0.2868,11758.0,0.287,5610.0,0.2871,15967.0
1753617271202,11:54:31.202,binance,1INCH/USDT:USDT,0.2869,7055.0,0.2868,11410.0,0.287,5610.0,0.2871,15967.0
1753617271389,11:54:31.389,binance,1INCH/USDT:USDT,0.2869,7055.0,0.2868,11410.0,0.287,5610.0,0.2871,15967.0
1753617271503,11:54:31.503,binance,1INCH/USDT:USDT,0.2869,7054.0,0.2868,11410.0,0.287,5610.0,0.2871,15967.0
1753617271802,11:54:31.802,binance,1INCH/USDT:USDT,0.2869,7054.0,0.2868,11410.0,0.287,5610.0,0.2871,15967.0
1753617272002,11:54:32.002,binance,1INCH/USDT:USDT,0.2869,7054.0,0.2868,11410.0,0.287,5610.0,0.2871,15967.0
1753617272402,11:54:32.402,binance,1INCH/USDT:USDT,0.2869,7054.0,0.2868,11410.0,0.287,5610.0,0.2871,15967.0
1753617272602,11:54:32.602,binance,1INCH/USDT:USDT,0.2869,7054.0,0.2868,11410.0,0.287,5610.0,0.2871,15967.0
1753617273002,11:54:33.002,binance,1INCH/USDT:USDT,0.2869,7054.0,0.2868,11410.0,0.287,5610.0,0.2871,15967.0
1753617273198,11:54:33.198,binance,1INCH/USDT:USDT,0.2869,7054.0,0.2868,11389.0,0.287,5610.0,0.2871,15967.0
1753617273301,11:54:33.301,binance,1INCH/USDT:USDT,0.2869,7054.0,0.2868,9444.0,0.287,5610.0,0.2871,15967.0
1753617273502,11:54:33.502,binance,1INCH/USDT:USDT,0.2869,7008.0,0.2868,11389.0,0.287,7377.0,0.2871,15967.0
1753617273815,11:54:33.815,binance,1INCH/USDT:USDT,0.2869,7029.0,0.2868,11389.0,0.287,7377.0,0.2871,15967.0
1753617274087,11:54:34.087,binance,1INCH/USDT:USDT,0.2869,7029.0,0.2868,11389.0,0.287,7377.0,0.2871,15967.0
1753617274499,11:54:34.499,binance,1INCH/USDT:USDT,0.2869,7029.0,0.2868,11389.0,0.287,7377.0,0.2871,15967.0
1753617274702,11:54:34.702,binance,1INCH/USDT:USDT,0.2869,7029.0,0.2868,11389.0,0.287,7377.0,0.2871,15967.0
1753617274846,11:54:34.846,binance,1INCH/USDT:USDT,0.2869,7029.0,0.2868,11389.0,0.287,7377.0,0.2871,15967.0
1753617274966,11:54:34.966,binance,1INCH/USDT:USDT,0.2869,7029.0,0.2868,10698.0,0.287,7377.0,0.2871,15967.0
1753617275288,11:54:35.288,binance,1INCH/USDT:USDT,0.2869,7029.0,0.2868,11389.0,0.287,7377.0,0.2871,15967.0
1753617275545,11:54:35.545,binance,1INCH/USDT:USDT,0.2869,7029.0,0.2868,11389.0,0.287,7420.0,0.2871,15948.0
1753617275859,11:54:35.859,binance,1INCH/USDT:USDT,0.2869,7029.0,0.2868,11389.0,0.287,7420.0,0.2871,15948.0
1753617276681,11:54:36.681,binance,1INCH/USDT:USDT,0.2869,7024.0,0.2868,11389.0,0.287,7420.0,0.2871,15948.0
1753617277002,11:54:37.002,binance,1INCH/USDT:USDT,0.2869,7024.0,0.2868,11389.0,0.287,7420.0,0.2871,15948.0
1753617277483,11:54:37.483,binance,1INCH/USDT:USDT,0.2869,7024.0,0.2868,11389.0,0.287,7420.0,0.2871,15948.0
1753617277600,11:54:37.600,binance,1INCH/USDT:USDT,0.2869,7024.0,0.2868,11389.0,0.287,7420.0,0.2871,15948.0
1753617277701,11:54:37.701,binance,1INCH/USDT:USDT,0.2869,7024.0,0.2868,11389.0,0.287,7420.0,0.2871,15948.0
1753617277817,11:54:37.817,binance,1INCH/USDT:USDT,0.2869,6916.0,0.2868,11389.0,0.287,12474.0,0.2871,15948.0
1753617277942,11:54:37.942,binance,1INCH/USDT:USDT,0.2869,6916.0,0.2868,10698.0,0.287,12474.0,0.2871,16292.0
1753617278046,11:54:38.046,binance,1INCH/USDT:USDT,0.2869,2739.0,0.2868,8268.0,0.287,12474.0,0.2871,16292.0
1753617278147,11:54:38.147,binance,1INCH/USDT:USDT,0.2869,2739.0,0.2868,8268.0,0.287,12474.0,0.2871,16636.0
1753617278322,11:54:38.322,binance,1INCH/USDT:USDT,0.2869,67.0,0.2868,9308.0,0.287,12474.0,0.2871,17853.0
1753617278441,11:54:38.441,binance,1INCH/USDT:USDT,0.2869,67.0,0.2868,9308.0,0.287,14202.0,0.2871,38195.0
1753617278550,11:54:38.550,binance,1INCH/USDT:USDT,0.2869,67.0,0.2868,9308.0,0.287,14202.0,0.2871,40036.0
1753617278702,11:54:38.702,binance,1INCH/USDT:USDT,0.2869,67.0,0.2868,9308.0,0.287,14202.0,0.2871,40036.0
1753617278816,11:54:38.816,binance,1INCH/USDT:USDT,0.2869,21.0,0.2868,9286.0,0.287,17509.0,0.2871,39166.0
1753617278965,11:54:38.965,binance,1INCH/USDT:USDT,0.2869,21.0,0.2868,9286.0,0.287,18379.0,0.2871,39166.0
1753617279068,11:54:39.068,binance,1INCH/USDT:USDT,0.2869,21.0,0.2868,9286.0,0.287,18379.0,0.2871,39513.0
1753617279279,11:54:39.279,binance,1INCH/USDT:USDT,0.2869,1255.0,0.2868,10157.0,0.287,14533.0,0.2871,39166.0
1753617279388,11:54:39.388,binance,1INCH/USDT:USDT,0.2869,3119.0,0.2868,8246.0,0.287,14533.0,0.2871,39166.0
1753617279611,11:54:39.611,binance,1INCH/USDT:USDT,0.2869,599.0,0.2868,10191.0,0.287,14533.0,0.2871,39511.0
1753617279712,11:54:39.712,binance,1INCH/USDT:USDT,0.2869,836.0,0.2868,7375.0,0.287,14533.0,0.2871,39511.0
1753617279839,11:54:39.839,binance,1INCH/USDT:USDT,0.2869,894.0,0.2868,7375.0,0.287,14533.0,0.2871,39511.0
1753617279967,11:54:39.967,binance,1INCH/USDT:USDT,0.2869,894.0,0.2868,8982.0,0.287,14533.0,0.2871,39855.0
1753617280068,11:54:40.068,binance,1INCH/USDT:USDT,0.2869,848.0,0.2868,8982.0,0.287,14533.0,0.2871,39855.0
1753617280219,11:54:40.219,binance,1INCH/USDT:USDT,0.2869,848.0,0.2868,8982.0,0.287,14533.0,0.2871,39855.0
1753617280390,11:54:40.390,binance,1INCH/USDT:USDT,0.2869,848.0,0.2868,8982.0,0.287,14533.0,0.2871,41933.0
1753617280493,11:54:40.493,binance,1INCH/USDT:USDT,0.2869,848.0,0.2868,8982.0,0.287,14533.0,0.2871,41933.0
1753617280602,11:54:40.602,binance,1INCH/USDT:USDT,0.2869,848.0,0.2868,8982.0,0.287,14533.0,0.2871,41933.0
1753617281158,11:54:41.158,binance,1INCH/USDT:USDT,0.2869,848.0,0.2868,9853.0,0.287,14533.0,0.2871,41933.0
1753617281451,11:54:41.451,binance,1INCH/USDT:USDT,0.2869,848.0,0.2868,9853.0,0.287,14533.0,0.2871,41933.0
1753617281802,11:54:41.802,binance,1INCH/USDT:USDT,0.2869,848.0,0.2868,9853.0,0.287,14533.0,0.2871,41933.0
1753617282183,11:54:42.183,binance,1INCH/USDT:USDT,0.2869,21.0,0.2868,8982.0,0.287,14533.0,0.2871,42803.0
1753617282287,11:54:42.287,binance,1INCH/USDT:USDT,0.2869,21.0,0.2868,8982.0,0.287,14533.0,0.2871,42803.0
1753617282490,11:54:42.490,binance,1INCH/USDT:USDT,0.2869,21.0,0.2868,8982.0,0.287,14610.0,0.2871,43497.0
1753617282620,11:54:42.620,binance,1INCH/USDT:USDT,0.2869,21.0,0.2868,8982.0,0.287,14610.0,0.2871,43563.0
1753617282802,11:54:42.802,binance,1INCH/USDT:USDT,0.2869,21.0,0.2868,8982.0,0.287,17610.0,0.2871,43563.0
1753617283048,11:54:43.048,binance,1INCH/USDT:USDT,0.2869,67.0,0.2868,8982.0,0.287,17610.0,0.2871,43040.0
1753617283211,11:54:43.211,binance,1INCH/USDT:USDT,0.2869,67.0,0.2868,8982.0,0.287,14610.0,0.2871,43040.0
1753617283368,11:54:43.368,binance,1INCH/USDT:USDT,0.2869,67.0,0.2868,8982.0,0.287,14610.0,0.2871,43040.0
1753617283502,11:54:43.502,binance,1INCH/USDT:USDT,0.2869,67.0,0.2868,8982.0,0.287,14610.0,0.2871,44081.0
1753617283610,11:54:43.610,binance,1INCH/USDT:USDT,0.2869,67.0,0.2868,8982.0,0.287,14610.0,0.2871,44429.0
1753617283868,11:54:43.868,binance,1INCH/USDT:USDT,0.2869,67.0,0.2868,8982.0,0.287,14610.0,0.2871,44429.0
1753617283970,11:54:43.970,binance,1INCH/USDT:USDT,0.2869,67.0,0.2868,9009.0,0.287,14610.0,0.2871,44429.0
1753617284088,11:54:44.088,binance,1INCH/USDT:USDT,0.2869,67.0,0.2868,9009.0,0.287,14610.0,0.2871,44429.0
1753617284197,11:54:44.197,binance,1INCH/USDT:USDT,0.2869,21.0,0.2868,9009.0,0.287,15480.0,0.2871,44776.0
1753617284302,11:54:44.302,binance,1INCH/USDT:USDT,0.2869,21.0,0.2868,10954.0,0.287,15480.0,0.2871,44776.0
1753617284488,11:54:44.488,binance,1INCH/USDT:USDT,0.2869,21.0,0.2868,9009.0,0.287,15480.0,0.2871,44776.0
1753617284602,11:54:44.602,binance,1INCH/USDT:USDT,0.2869,21.0,0.2868,9009.0,0.287,15480.0,0.2871,44776.0
1753617284902,11:54:44.902,binance,1INCH/USDT:USDT,0.2869,21.0,0.2868,9009.0,0.287,15480.0,0.2871,44776.0
1753617285062,11:54:45.062,binance,1INCH/USDT:USDT,0.2869,21.0,0.2868,9009.0,0.287,15480.0,0.2871,44776.0
1753617285702,11:54:45.702,binance,1INCH/USDT:USDT,0.2869,21.0,0.2868,9009.0,0.287,15482.0,0.2871,44776.0
1753617286032,11:54:46.032,binance,1INCH/USDT:USDT,0.2869,21.0,0.2868,9009.0,0.287,15482.0,0.2871,44776.0
1753617286202,11:54:46.202,binance,1INCH/USDT:USDT,0.2869,21.0,0.2868,9009.0,0.287,15482.0,0.2871,44776.0
1753617286702,11:54:46.702,binance,1INCH/USDT:USDT,0.2869,21.0,0.2868,9009.0,0.287,18482.0,0.2871,44776.0
1753617286828,11:54:46.828,binance,1INCH/USDT:USDT,0.2868,6945.0,0.2867,22750.0,0.2869,1958.0,0.287,21967.0
1753617286938,11:54:46.938,binance,1INCH/USDT:USDT,0.2868,6945.0,0.2867,22750.0,0.2869,1902.0,0.287,21758.0
1753617287078,11:54:47.078,binance,1INCH/USDT:USDT,0.2868,8164.0,0.2867,22750.0,0.2869,1902.0,0.287,21758.0
1753617287229,11:54:47.229,binance,1INCH/USDT:USDT,0.2868,8164.0,0.2867,22750.0,0.2869,1902.0,0.287,21758.0
1753617287348,11:54:47.348,binance,1INCH/USDT:USDT,0.2868,8164.0,0.2867,24695.0,0.2869,1902.0,0.287,21758.0
1753617287465,11:54:47.465,binance,1INCH/USDT:USDT,0.2868,8164.0,0.2867,24695.0,0.2869,1902.0,0.287,21758.0
1753617287567,11:54:47.567,binance,1INCH/USDT:USDT,0.2868,8164.0,0.2867,24695.0,0.2869,1932.0,0.287,21715.0
1753617287802,11:54:47.802,binance,1INCH/USDT:USDT,0.2868,8164.0,0.2867,24695.0,0.2869,1932.0,0.287,21715.0
1753617288001,11:54:48.001,binance,1INCH/USDT:USDT,0.2868,8164.0,0.2867,24695.0,0.2869,1909.0,0.287,21715.0
1753617288402,11:54:48.402,binance,1INCH/USDT:USDT,0.2868,8164.0,0.2867,24695.0,0.2869,1909.0,0.287,21715.0
1753617288579,11:54:48.579,binance,1INCH/USDT:USDT,0.2868,8164.0,0.2867,24695.0,0.2869,1909.0,0.287,21715.0
1753617288899,11:54:48.899,binance,1INCH/USDT:USDT,0.2868,8164.0,0.2867,24695.0,0.2869,1909.0,0.287,21715.0
1753617289002,11:54:49.002,binance,1INCH/USDT:USDT,0.2868,8164.0,0.2867,24695.0,0.2869,1909.0,0.287,21715.0
1753617289602,11:54:49.602,binance,1INCH/USDT:USDT,0.2868,8164.0,0.2867,24695.0,0.2869,70.0,0.287,16200.0
1753617289734,11:54:49.734,binance,1INCH/USDT:USDT,0.2868,11164.0,0.2867,25995.0,0.2869,70.0,0.287,13200.0
1753617289954,11:54:49.954,binance,1INCH/USDT:USDT,0.2868,11164.0,0.2867,25995.0,0.2869,70.0,0.287,14916.0
1753617290079,11:54:50.079,binance,1INCH/USDT:USDT,0.2868,11164.0,0.2867,25995.0,0.2869,70.0,0.287,14916.0
1753617290202,11:54:50.202,binance,1INCH/USDT:USDT,0.2868,11164.0,0.2867,25995.0,0.2869,70.0,0.287,14916.0
1753617290572,11:54:50.572,binance,1INCH/USDT:USDT,0.2868,11164.0,0.2867,26343.0,0.2869,70.0,0.287,14916.0
1753617290802,11:54:50.802,binance,1INCH/USDT:USDT,0.2868,11164.0,0.2867,26343.0,0.2869,70.0,0.287,14916.0
1753617291154,11:54:51.154,binance,1INCH/USDT:USDT,0.2868,11164.0,0.2867,26343.0,0.2869,70.0,0.287,14916.0
1753617291402,11:54:51.402,binance,1INCH/USDT:USDT,0.2868,11164.0,0.2867,26343.0,0.2869,70.0,0.287,14916.0
1753617291608,11:54:51.608,binance,1INCH/USDT:USDT,0.2868,11164.0,0.2867,26343.0,0.2869,70.0,0.287,14916.0
1753617291794,11:54:51.794,binance,1INCH/USDT:USDT,0.2868,11164.0,0.2867,26691.0,0.2869,70.0,0.287,14916.0
1753617292002,11:54:52.002,binance,1INCH/USDT:USDT,0.2868,11164.0,0.2867,26691.0,0.2869,70.0,0.287,14916.0
1753617292109,11:54:52.109,binance,1INCH/USDT:USDT,0.2868,11164.0,0.2867,26691.0,0.2869,70.0,0.287,14916.0
1753617292246,11:54:52.246,binance,1INCH/USDT:USDT,0.2868,11164.0,0.2867,26691.0,0.2869,70.0,0.287,15091.0
1753617292370,11:54:52.370,binance,1INCH/USDT:USDT,0.2868,11164.0,0.2867,26691.0,0.2869,70.0,0.287,15091.0
1753617292506,11:54:52.506,binance,1INCH/USDT:USDT,0.2868,8164.0,0.2867,26691.0,0.2869,518.0,0.287,14636.0
1753617292618,11:54:52.618,binance,1INCH/USDT:USDT,0.2868,8164.0,0.2867,26691.0,0.2869,576.0,0.287,14636.0
1753617292875,11:54:52.875,binance,1INCH/USDT:USDT,0.2868,8164.0,0.2867,26691.0,0.2869,2249.0,0.287,14648.0
1753617293001,11:54:53.001,binance,1INCH/USDT:USDT,0.2868,8164.0,0.2867,26691.0,0.2869,2249.0,0.287,14648.0
1753617293104,11:54:53.104,binance,1INCH/USDT:USDT,0.2868,8164.0,0.2867,26691.0,0.2869,2249.0,0.287,14648.0
1753617293358,11:54:53.358,binance,1INCH/USDT:USDT,0.2868,8164.0,0.2867,26691.0,0.2869,2249.0,0.287,14648.0
1753617293549,11:54:53.549,binance,1INCH/USDT:USDT,0.2868,8164.0,0.2867,26343.0,0.2869,2249.0,0.287,14648.0
1753617293699,11:54:53.699,binance,1INCH/USDT:USDT,0.2868,8164.0,0.2867,26343.0,0.2869,2249.0,0.287,14648.0
1753617293801,11:54:53.801,binance,1INCH/USDT:USDT,0.2868,8164.0,0.2867,26343.0,0.2869,2249.0,0.287,14648.0
1753617294036,11:54:54.036,binance,1INCH/USDT:USDT,0.2868,8164.0,0.2867,26343.0,0.2869,2249.0,0.287,12920.0
1753617294263,11:54:54.263,binance,1INCH/USDT:USDT,0.2868,8164.0,0.2867,26343.0,0.2869,2249.0,0.287,12920.0
1753617294371,11:54:54.371,binance,1INCH/USDT:USDT,0.2868,8164.0,0.2867,26343.0,0.2869,2249.0,0.287,12920.0
1753617294662,11:54:54.662,binance,1INCH/USDT:USDT,0.2868,8164.0,0.2867,26343.0,0.2869,2249.0,0.287,12920.0
1753617295075,11:54:55.075,binance,1INCH/USDT:USDT,0.2868,8144.0,0.2867,26017.0,0.2869,2249.0,0.287,14648.0
1753617295268,11:54:55.268,binance,1INCH/USDT:USDT,0.2868,8144.0,0.2867,26017.0,0.2869,2249.0,0.287,14648.0
1753617295508,11:54:55.508,binance,1INCH/USDT:USDT,0.2868,8144.0,0.2867,26017.0,0.2869,2564.0,0.287,14339.0
1753617295720,11:54:55.720,binance,1INCH/USDT:USDT,0.2868,8144.0,0.2867,26017.0,0.2869,2564.0,0.287,14339.0
1753617295919,11:54:55.919,binance,1INCH/USDT:USDT,0.2868,8144.0,0.2867,26017.0,0.2869,2564.0,0.287,14339.0
1753617296465,11:54:56.465,binance,1INCH/USDT:USDT,0.2868,8144.0,0.2867,26017.0,0.2869,2564.0,0.287,14339.0
1753617296600,11:54:56.600,binance,1INCH/USDT:USDT,0.2868,8144.0,0.2867,26017.0,0.2869,2564.0,0.287,14339.0
1753617296770,11:54:56.770,binance,1INCH/USDT:USDT,0.2868,8144.0,0.2867,26017.0,0.2869,2564.0,0.287,14339.0
1753617297049,11:54:57.049,binance,1INCH/USDT:USDT,0.2868,8144.0,0.2867,26017.0,0.2869,2564.0,0.287,14339.0
1753617297151,11:54:57.151,binance,1INCH/USDT:USDT,0.2868,8144.0,0.2867,26017.0,0.2869,2564.0,0.287,14339.0
1753617297302,11:54:57.302,binance,1INCH/USDT:USDT,0.2868,8144.0,0.2867,26017.0,0.2869,2564.0,0.287,14339.0
1753617297695,11:54:57.695,binance,1INCH/USDT:USDT,0.2868,8144.0,0.2867,26017.0,0.2869,2564.0,0.287,14339.0
1753617297802,11:54:57.802,binance,1INCH/USDT:USDT,0.2868,8144.0,0.2867,26017.0,0.2869,2564.0,0.287,14339.0
1753617298152,11:54:58.152,binance,1INCH/USDT:USDT,0.2868,8144.0,0.2867,26017.0,0.2869,2564.0,0.287,14339.0
1753617298302,11:54:58.302,binance,1INCH/USDT:USDT,0.2868,8144.0,0.2867,26017.0,0.2869,2564.0,0.287,14339.0
1753617298499,11:54:58.499,binance,1INCH/USDT:USDT,0.2868,8144.0,0.2867,26017.0,0.2869,2564.0,0.287,14339.0
1753617298732,11:54:58.732,binance,1INCH/USDT:USDT,0.2868,8144.0,0.2867,26017.0,0.2869,2564.0,0.287,14339.0
1753617298835,11:54:58.835,binance,1INCH/USDT:USDT,0.2868,8144.0,0.2867,26365.0,0.2869,2564.0,0.287,14339.0
1753617299050,11:54:59.050,binance,1INCH/USDT:USDT,0.2868,8144.0,0.2867,26365.0,0.2869,2564.0,0.287,14339.0
1753617299276,11:54:59.276,binance,1INCH/USDT:USDT,0.2868,11241.0,0.2867,26017.0,0.2869,2564.0,0.287,14339.0
1753617299378,11:54:59.378,binance,1INCH/USDT:USDT,0.2868,11241.0,0.2867,26017.0,0.2869,2564.0,0.287,14339.0
1753617299501,11:54:59.501,binance,1INCH/USDT:USDT,0.2868,11241.0,0.2867,26365.0,0.2869,2564.0,0.287,14339.0
1753617299670,11:54:59.670,binance,1INCH/USDT:USDT,0.2868,11296.0,0.2867,26365.0,0.2869,2564.0,0.287,14339.0
1753617299902,11:54:59.902,binance,1INCH/USDT:USDT,0.2868,11296.0,0.2867,26365.0,0.2869,2564.0,0.287,14339.0
1753617300104,11:55:00.104,binance,1INCH/USDT:USDT,0.2868,11260.0,0.2867,26365.0,0.2869,2564.0,0.287,14339.0
1753617300272,11:55:00.272,binance,1INCH/USDT:USDT,0.2868,11281.0,0.2867,26365.0,0.2869,2564.0,0.287,14364.0
1753617300469,11:55:00.469,binance,1INCH/USDT:USDT,0.2868,11281.0,0.2867,26390.0,0.2869,2564.0,0.287,14389.0
1753617300570,11:55:00.570,binance,1INCH/USDT:USDT,0.2868,13787.0,0.2867,26390.0,0.2869,2564.0,0.287,14389.0
1753617300933,11:55:00.933,binance,1INCH/USDT:USDT,0.2868,13787.0,0.2867,26390.0,0.2869,2564.0,0.287,14389.0
1753617301104,11:55:01.104,binance,1INCH/USDT:USDT,0.2868,13787.0,0.2867,23390.0,0.2869,2564.0,0.287,14389.0
1753617301314,11:55:01.314,binance,1INCH/USDT:USDT,0.2868,13787.0,0.2867,23390.0,0.2869,891.0,0.287,12661.0
1753617301566,11:55:01.566,binance,1INCH/USDT:USDT,0.2868,13787.0,0.2867,23738.0,0.2869,891.0,0.287,14306.0
1753617301702,11:55:01.702,binance,1INCH/USDT:USDT,0.2868,13787.0,0.2867,23738.0,0.2869,891.0,0.287,14306.0
1753617301863,11:55:01.863,binance,1INCH/USDT:USDT,0.2868,13787.0,0.2867,23738.0,0.2869,891.0,0.287,14306.0
1753617302102,11:55:02.102,binance,1INCH/USDT:USDT,0.2868,13787.0,0.2867,23738.0,0.2869,891.0,0.287,14306.0
1753617302302,11:55:02.302,binance,1INCH/USDT:USDT,0.2868,13787.0,0.2867,23738.0,0.2869,891.0,0.287,14306.0
1753617302429,11:55:02.429,binance,1INCH/USDT:USDT,0.2868,17574.0,0.2867,23738.0,0.2869,7568.0,0.287,10663.0
1753617302611,11:55:02.611,binance,1INCH/USDT:USDT,0.2868,17574.0,0.2867,23738.0,0.2869,7743.0,0.287,10488.0
1753617302962,11:55:02.962,binance,1INCH/USDT:USDT,0.2868,19412.0,0.2867,23738.0,0.2869,7743.0,0.287,10488.0
1753617303402,11:55:03.402,binance,1INCH/USDT:USDT,0.2868,19412.0,0.2867,23390.0,0.2869,7743.0,0.287,10488.0
1753617303526,11:55:03.526,binance,1INCH/USDT:USDT,0.2868,19412.0,0.2867,23042.0,0.2869,7737.0,0.287,15634.0
1753617303668,11:55:03.668,binance,1INCH/USDT:USDT,0.2868,19412.0,0.2867,23042.0,0.2869,7737.0,0.287,15634.0
1753617303802,11:55:03.802,binance,1INCH/USDT:USDT,0.2868,19412.0,0.2867,23042.0,0.2869,7737.0,0.287,15634.0
1753617303930,11:55:03.930,binance,1INCH/USDT:USDT,0.2868,19412.0,0.2867,23042.0,0.2869,7737.0,0.287,15634.0
1753617304302,11:55:04.302,binance,1INCH/USDT:USDT,0.2868,19412.0,0.2867,23042.0,0.2869,7737.0,0.287,15634.0
1753617304449,11:55:04.449,binance,1INCH/USDT:USDT,0.2868,19412.0,0.2867,23042.0,0.2869,7737.0,0.287,15634.0
1753617304581,11:55:04.581,binance,1INCH/USDT:USDT,0.2868,18845.0,0.2867,23042.0,0.2869,7737.0,0.287,15634.0
1753617304686,11:55:04.686,binance,1INCH/USDT:USDT,0.2868,12882.0,0.2867,23042.0,0.2869,10351.0,0.287,15634.0
1753617304810,11:55:04.810,binance,1INCH/USDT:USDT,0.2868,12882.0,0.2867,23042.0,0.2869,10351.0,0.287,15750.0
1753617304924,11:55:04.924,binance,1INCH/USDT:USDT,0.2868,14419.0,0.2867,23042.0,0.2869,10351.0,0.287,15750.0
1753617305025,11:55:05.025,binance,1INCH/USDT:USDT,0.2868,3999.0,0.2867,19053.0,0.2869,13700.0,0.287,16123.0
1753617305136,11:55:05.136,binance,1INCH/USDT:USDT,0.2867,7208.0,0.2866,7529.0,0.2868,19320.0,0.2869,18299.0
1753617305237,11:55:05.237,binance,1INCH/USDT:USDT,0.2867,6314.0,0.2866,6742.0,0.2868,22681.0,0.2869,18263.0
1753617305338,11:55:05.338,binance,1INCH/USDT:USDT,0.2867,6314.0,0.2866,5632.0,0.2868,23887.0,0.2869,17572.0
1753617305440,11:55:05.440,binance,1INCH/USDT:USDT,0.2867,6314.0,0.2866,7385.0,0.2868,23887.0,0.2869,19112.0
1753617305548,11:55:05.548,binance,1INCH/USDT:USDT,0.2867,6314.0,0.2866,8495.0,0.2868,23887.0,0.2869,19456.0
1753617305707,11:55:05.707,binance,1INCH/USDT:USDT,0.2867,6314.0,0.2866,8495.0,0.2868,23887.0,0.2869,19456.0
1753617305809,11:55:05.809,binance,1INCH/USDT:USDT,0.2867,6314.0,0.2866,8495.0,0.2868,23887.0,0.2869,19456.0
1753617305931,11:55:05.931,binance,1INCH/USDT:USDT,0.2867,7991.0,0.2866,6742.0,0.2868,23868.0,0.2869,16456.0
1753617306057,11:55:06.057,binance,1INCH/USDT:USDT,0.2867,7991.0,0.2866,6742.0,0.2868,22140.0,0.2869,16456.0
1753617306219,11:55:06.219,binance,1INCH/USDT:USDT,0.2867,7991.0,0.2866,6742.0,0.2868,22140.0,0.2869,16456.0
1753617306339,11:55:06.339,binance,1INCH/USDT:USDT,0.2867,7991.0,0.2866,6742.0,0.2868,22140.0,0.2869,16456.0
1753617306532,11:55:06.532,binance,1INCH/USDT:USDT,0.2867,7991.0,0.2866,6742.0,0.2868,22140.0,0.2869,15768.0
1753617306846,11:55:06.846,binance,1INCH/USDT:USDT,0.2867,7991.0,0.2866,6742.0,0.2868,22140.0,0.2869,15768.0
1753617306948,11:55:06.948,binance,1INCH/USDT:USDT,0.2867,7944.0,0.2866,6742.0,0.2868,22140.0,0.2869,18931.0
1753617307054,11:55:07.054,binance,1INCH/USDT:USDT,0.2867,7944.0,0.2866,6742.0,0.2868,22140.0,0.2869,18931.0
1753617307172,11:55:07.172,binance,1INCH/USDT:USDT,0.2867,7944.0,0.2866,6742.0,0.2868,22140.0,0.2869,18931.0
1753617307349,11:55:07.349,binance,1INCH/USDT:USDT,0.2867,7944.0,0.2866,6742.0,0.2868,15545.0,0.2869,18931.0
1753617307456,11:55:07.456,binance,1INCH/USDT:USDT,0.2867,7919.0,0.2866,6742.0,0.2868,15564.0,0.2869,18931.0
1753617307558,11:55:07.558,binance,1INCH/USDT:USDT,0.2867,7919.0,0.2866,6742.0,0.2868,15564.0,0.2869,18931.0
1753617307679,11:55:07.679,binance,1INCH/USDT:USDT,0.2867,7919.0,0.2866,6742.0,0.2868,15564.0,0.2869,18956.0
1753617307873,11:55:07.873,binance,1INCH/USDT:USDT,0.2867,7919.0,0.2866,6742.0,0.2868,15564.0,0.2869,18956.0
1753617308189,11:55:08.189,binance,1INCH/USDT:USDT,0.2867,7919.0,0.2866,6742.0,0.2868,15564.0,0.2869,18956.0
1753617308702,11:55:08.702,binance,1INCH/USDT:USDT,0.2867,7919.0,0.2866,6742.0,0.2868,15564.0,0.2869,18956.0
1753617309099,11:55:09.099,binance,1INCH/USDT:USDT,0.2867,7919.0,0.2866,6742.0,0.2868,15564.0,0.2869,18956.0
1753617309205,11:55:09.205,binance,1INCH/USDT:USDT,0.2867,7919.0,0.2866,6742.0,0.2868,15564.0,0.2869,18956.0
1753617309309,11:55:09.309,binance,1INCH/USDT:USDT,0.2867,7919.0,0.2866,6742.0,0.2868,15564.0,0.2869,18956.0
1753617309902,11:55:09.902,binance,1INCH/USDT:USDT,0.2867,7919.0,0.2866,6742.0,0.2868,15564.0,0.2869,18956.0
1753617310057,11:55:10.057,binance,1INCH/USDT:USDT,0.2867,7919.0,0.2866,6742.0,0.2868,15564.0,0.2869,18956.0
1753617310302,11:55:10.302,binance,1INCH/USDT:USDT,0.2867,7919.0,0.2866,6742.0,0.2868,15564.0,0.2869,18956.0
1753617310502,11:55:10.502,binance,1INCH/USDT:USDT,0.2867,7938.0,0.2866,6742.0,0.2868,15564.0,0.2869,18956.0
1753617310611,11:55:10.611,binance,1INCH/USDT:USDT,0.2867,7661.0,0.2866,6742.0,0.2868,15564.0,0.2869,18956.0
1753617310899,11:55:10.899,binance,1INCH/USDT:USDT,0.2867,7661.0,0.2866,6742.0,0.2868,15564.0,0.2869,18956.0
1753617311207,11:55:11.207,binance,1INCH/USDT:USDT,0.2867,5113.0,0.2866,11005.0,0.2868,14783.0,0.2869,38881.0
1753617311313,11:55:11.313,binance,1INCH/USDT:USDT,0.2867,4245.0,0.2866,11005.0,0.2868,14841.0,0.2869,38881.0
1753617311447,11:55:11.447,binance,1INCH/USDT:USDT,0.2867,4245.0,0.2866,11005.0,0.2868,14841.0,0.2869,38881.0
1753617311741,11:55:11.741,binance,1INCH/USDT:USDT,0.2866,6270.0,0.2865,13664.0,0.2867,3651.0,0.2868,28919.0
1753617311846,11:55:11.846,binance,1INCH/USDT:USDT,0.2866,5157.0,0.2865,13664.0,0.2867,5434.0,0.2868,27286.0
1753617312000,11:55:12.000,binance,1INCH/USDT:USDT,0.2866,5157.0,0.2865,13664.0,0.2867,5434.0,0.2868,27286.0
1753617312107,11:55:12.107,binance,1INCH/USDT:USDT,0.2866,5157.0,0.2865,13664.0,0.2867,5434.0,0.2868,27286.0
1753617312349,11:55:12.349,binance,1INCH/USDT:USDT,0.2866,5157.0,0.2865,13664.0,0.2867,5434.0,0.2868,27286.0
1753617312526,11:55:12.526,binance,1INCH/USDT:USDT,0.2866,5157.0,0.2865,14536.0,0.2867,5434.0,0.2868,27286.0
1753617312676,11:55:12.676,binance,1INCH/USDT:USDT,0.2866,5157.0,0.2865,14536.0,0.2867,5434.0,0.2868,27304.0
1753617313008,11:55:13.008,binance,1INCH/USDT:USDT,0.2866,4590.0,0.2865,14536.0,0.2867,5609.0,0.2868,27304.0
1753617313160,11:55:13.160,binance,1INCH/USDT:USDT,0.2866,4590.0,0.2865,14536.0,0.2867,5609.0,0.2868,27304.0
1753617313324,11:55:13.324,binance,1INCH/USDT:USDT,0.2866,4590.0,0.2865,14536.0,0.2867,5609.0,0.2868,27304.0
1753617313502,11:55:13.502,binance,1INCH/USDT:USDT,0.2866,4590.0,0.2865,14536.0,0.2867,5609.0,0.2868,27304.0
1753617313609,11:55:13.609,binance,1INCH/USDT:USDT,0.2866,4590.0,0.2865,14536.0,0.2867,5609.0,0.2868,27304.0
1753617313899,11:55:13.899,binance,1INCH/USDT:USDT,0.2866,4590.0,0.2865,14536.0,0.2867,5609.0,0.2868,27304.0
1753617314009,11:55:14.009,binance,1INCH/USDT:USDT,0.2866,4590.0,0.2865,14536.0,0.2867,5609.0,0.2868,27304.0
1753617314169,11:55:14.169,binance,1INCH/USDT:USDT,0.2866,4590.0,0.2865,14536.0,0.2867,5609.0,0.2868,27304.0
1753617314271,11:55:14.271,binance,1INCH/USDT:USDT,0.2866,4590.0,0.2865,14536.0,0.2867,5609.0,0.2868,27304.0
1753617314541,11:55:14.541,binance,1INCH/USDT:USDT,0.2866,5111.0,0.2865,14536.0,0.2867,5609.0,0.2868,27304.0
1753617314683,11:55:14.683,binance,1INCH/USDT:USDT,0.2866,5111.0,0.2865,14536.0,0.2867,5609.0,0.2868,27304.0
1753617314802,11:55:14.802,binance,1INCH/USDT:USDT,0.2866,5111.0,0.2865,14536.0,0.2867,5609.0,0.2868,27304.0
1753617315098,11:55:15.098,binance,1INCH/USDT:USDT,0.2866,5111.0,0.2865,14536.0,0.2867,5609.0,0.2868,27304.0
1753617315202,11:55:15.202,binance,1INCH/USDT:USDT,0.2866,5111.0,0.2865,14536.0,0.2867,5609.0,0.2868,27304.0
1753617315308,11:55:15.308,binance,1INCH/USDT:USDT,0.2866,5111.0,0.2865,14536.0,0.2867,5683.0,0.2868,27304.0
1753617315422,11:55:15.422,binance,1INCH/USDT:USDT,0.2866,2778.0,0.2865,13348.0,0.2867,7503.0,0.2868,27304.0
1753617315556,11:55:15.556,binance,1INCH/USDT:USDT,0.2866,2778.0,0.2865,12850.0,0.2867,7880.0,0.2868,27304.0
1753617315660,11:55:15.660,binance,1INCH/USDT:USDT,0.2866,2662.0,0.2865,12850.0,0.2867,7880.0,0.2868,27304.0
1753617315802,11:55:15.802,binance,1INCH/USDT:USDT,0.2866,2662.0,0.2865,12850.0,0.2867,7880.0,0.2868,27304.0
1753617316158,11:55:16.158,binance,1INCH/USDT:USDT,0.2866,2662.0,0.2865,12850.0,0.2867,7960.0,0.2868,27304.0
1753617316300,11:55:16.300,binance,1INCH/USDT:USDT,0.2866,2662.0,0.2865,9850.0,0.2867,7960.0,0.2868,27304.0
1753617316402,11:55:16.402,binance,1INCH/USDT:USDT,0.2866,2662.0,0.2865,9850.0,0.2867,10960.0,0.2868,27304.0
1753617316507,11:55:16.507,binance,1INCH/USDT:USDT,0.2866,2662.0,0.2865,9850.0,0.2867,16011.0,0.2868,27304.0
1753617316665,11:55:16.665,binance,1INCH/USDT:USDT,0.2866,775.0,0.2865,9850.0,0.2867,16011.0,0.2868,27650.0
1753617316767,11:55:16.767,binance,1INCH/USDT:USDT,0.2866,775.0,0.2865,11646.0,0.2867,16011.0,0.2868,28341.0
1753617316873,11:55:16.873,binance,1INCH/USDT:USDT,0.2866,775.0,0.2865,11646.0,0.2867,16011.0,0.2868,28341.0
1753617317024,11:55:17.024,binance,1INCH/USDT:USDT,0.2866,775.0,0.2865,11646.0,0.2867,16011.0,0.2868,28341.0
1753617317198,11:55:17.198,binance,1INCH/USDT:USDT,0.2866,775.0,0.2865,11646.0,0.2867,16011.0,0.2868,28341.0
1753617317476,11:55:17.476,binance,1INCH/USDT:USDT,0.2866,775.0,0.2865,11646.0,0.2867,16011.0,0.2868,29142.0
1753617317802,11:55:17.802,binance,1INCH/USDT:USDT,0.2866,775.0,0.2865,11646.0,0.2867,16011.0,0.2868,29142.0
1753617318102,11:55:18.102,binance,1INCH/USDT:USDT,0.2866,775.0,0.2865,11646.0,0.2867,16011.0,0.2868,29142.0
1753617318261,11:55:18.261,binance,1INCH/USDT:USDT,0.2866,775.0,0.2865,11646.0,0.2867,16011.0,0.2868,29142.0
1753617318363,11:55:18.363,binance,1INCH/USDT:USDT,0.2866,775.0,0.2865,11646.0,0.2867,16011.0,0.2868,29142.0
1753617318621,11:55:18.621,binance,1INCH/USDT:USDT,0.2866,775.0,0.2865,11646.0,0.2867,16011.0,0.2868,29489.0
1753617318723,11:55:18.723,binance,1INCH/USDT:USDT,0.2866,775.0,0.2865,11646.0,0.2867,16011.0,0.2868,29489.0
1753617318902,11:55:18.902,binance,1INCH/USDT:USDT,0.2866,775.0,0.2865,11646.0,0.2867,16011.0,0.2868,29489.0
1753617319016,11:55:19.016,binance,1INCH/USDT:USDT,0.2866,775.0,0.2865,11646.0,0.2867,16011.0,0.2868,29144.0
1753617319121,11:55:19.121,binance,1INCH/USDT:USDT,0.2866,775.0,0.2865,11646.0,0.2867,16011.0,0.2868,29144.0
1753617319234,11:55:19.234,binance,1INCH/USDT:USDT,0.2866,775.0,0.2865,11646.0,0.2867,16011.0,0.2868,29144.0
1753617319403,11:55:19.403,binance,1INCH/USDT:USDT,0.2866,775.0,0.2865,15587.0,0.2867,16011.0,0.2868,31222.0
1753617319509,11:55:19.509,binance,1INCH/USDT:USDT,0.2866,2612.0,0.2865,13791.0,0.2867,16012.0,0.2868,31222.0
1753617319702,11:55:19.702,binance,1INCH/USDT:USDT,0.2866,2612.0,0.2865,13791.0,0.2867,16012.0,0.2868,31222.0
1753617319890,11:55:19.890,binance,1INCH/USDT:USDT,0.2866,775.0,0.2865,13791.0,0.2867,16012.0,0.2868,30875.0
1753617320002,11:55:20.002,binance,1INCH/USDT:USDT,0.2865,4438.0,0.2864,38983.0,0.2866,5752.0,0.2867,23688.0
1753617320108,11:55:20.108,binance,1INCH/USDT:USDT,0.2865,6187.0,0.2864,41064.0,0.2866,7573.0,0.2867,21583.0
1753617320226,11:55:20.226,binance,1INCH/USDT:USDT,0.2865,6187.0,0.2864,41064.0,0.2866,7573.0,0.2867,21583.0
1753617320354,11:55:20.354,binance,1INCH/USDT:USDT,0.2865,4429.0,0.2864,31459.0,0.2866,10573.0,0.2867,21583.0
1753617320461,11:55:20.461,binance,1INCH/USDT:USDT,0.2865,4429.0,0.2864,31459.0,0.2866,10573.0,0.2867,21583.0
1753617320566,11:55:20.566,binance,1INCH/USDT:USDT,0.2865,4429.0,0.2864,31459.0,0.2866,10573.0,0.2867,21721.0
1753617320701,11:55:20.701,binance,1INCH/USDT:USDT,0.2865,194.0,0.2864,16678.0,0.2866,10573.0,0.2867,21837.0
1753617320808,11:55:20.808,binance,1INCH/USDT:USDT,0.2865,194.0,0.2864,11740.0,0.2866,12489.0,0.2867,24467.0
1753617320915,11:55:20.915,binance,1INCH/USDT:USDT,0.2865,194.0,0.2864,13415.0,0.2866,12489.0,0.2867,24467.0
1753617321033,11:55:21.033,binance,1INCH/USDT:USDT,0.2865,194.0,0.2864,13415.0,0.2866,14217.0,0.2867,24467.0
1753617321218,11:55:21.218,binance,1INCH/USDT:USDT,0.2865,194.0,0.2864,13415.0,0.2866,14217.0,0.2867,24811.0
1753617321321,11:55:21.321,binance,1INCH/USDT:USDT,0.2865,194.0,0.2864,13415.0,0.2866,14217.0,0.2867,24811.0
1753617321423,11:55:21.423,binance,1INCH/USDT:USDT,0.2865,194.0,0.2864,13415.0,0.2866,14217.0,0.2867,25155.0
1753617321546,11:55:21.546,binance,1INCH/USDT:USDT,0.2865,194.0,0.2864,13415.0,0.2866,14217.0,0.2867,26648.0
1753617321656,11:55:21.656,binance,1INCH/USDT:USDT,0.2865,194.0,0.2864,13415.0,0.2866,14217.0,0.2867,26648.0
1753617321761,11:55:21.761,binance,1INCH/USDT:USDT,0.2865,194.0,0.2864,13415.0,0.2866,14217.0,0.2867,26648.0
1753617321902,11:55:21.902,binance,1INCH/USDT:USDT,0.2865,194.0,0.2864,13415.0,0.2866,14217.0,0.2867,26648.0
1753617322008,11:55:22.008,binance,1INCH/USDT:USDT,0.2865,194.0,0.2864,13415.0,0.2866,14217.0,0.2867,26648.0
1753617322184,11:55:22.184,binance,1INCH/USDT:USDT,0.2865,194.0,0.2864,13415.0,0.2866,14217.0,0.2867,26648.0
1753617322309,11:55:22.309,binance,1INCH/USDT:USDT,0.2864,10543.0,0.2863,14134.0,0.2865,4345.0,0.2866,18294.0
1753617322411,11:55:22.411,binance,1INCH/USDT:USDT,0.2864,9345.0,0.2863,14134.0,0.2865,4403.0,0.2866,22232.0
1753617322544,11:55:22.544,binance,1INCH/USDT:USDT,0.2864,9345.0,0.2863,14134.0,0.2865,4403.0,0.2866,21160.0
1753617322667,11:55:22.667,binance,1INCH/USDT:USDT,0.2864,9345.0,0.2863,12365.0,0.2865,4403.0,0.2866,21160.0
1753617322770,11:55:22.770,binance,1INCH/USDT:USDT,0.2864,9345.0,0.2863,12365.0,0.2865,4487.0,0.2866,21160.0
1753617322919,11:55:22.919,binance,1INCH/USDT:USDT,0.2864,9345.0,0.2863,12365.0,0.2865,4487.0,0.2866,21160.0
1753617323025,11:55:23.025,binance,1INCH/USDT:USDT,0.2864,9345.0,0.2863,12365.0,0.2865,4487.0,0.2866,21160.0
1753617323332,11:55:23.332,binance,1INCH/USDT:USDT,0.2864,9391.0,0.2863,15365.0,0.2865,4662.0,0.2866,21160.0
1753617323489,11:55:23.489,binance,1INCH/USDT:USDT,0.2864,9391.0,0.2863,15365.0,0.2865,4662.0,0.2866,21160.0
1753617323599,11:55:23.599,binance,1INCH/USDT:USDT,0.2864,9391.0,0.2863,15365.0,0.2865,4662.0,0.2866,21160.0
1753617323772,11:55:23.772,binance,1INCH/USDT:USDT,0.2864,9391.0,0.2863,15713.0,0.2865,1995.0,0.2866,19626.0
1753617323893,11:55:23.893,binance,1INCH/USDT:USDT,0.2864,9391.0,0.2863,15713.0,0.2865,1995.0,0.2866,19626.0
1753617324002,11:55:24.002,binance,1INCH/USDT:USDT,0.2864,9391.0,0.2863,15713.0,0.2865,1995.0,0.2866,19626.0
1753617324108,11:55:24.108,binance,1INCH/USDT:USDT,0.2864,9391.0,0.2863,15713.0,0.2865,317.0,0.2866,19626.0
1753617324210,11:55:24.210,binance,1INCH/USDT:USDT,0.2864,9391.0,0.2863,17021.0,0.2865,317.0,0.2866,17898.0
1753617324317,11:55:24.317,binance,1INCH/USDT:USDT,0.2865,1279.0,0.2864,9391.0,0.2866,19543.0,0.2867,42543.0
1753617324418,11:55:24.418,binance,1INCH/USDT:USDT,0.2865,4040.0,0.2864,15443.0,0.2866,6632.0,0.2867,41157.0
1753617324539,11:55:24.539,binance,1INCH/USDT:USDT,0.2865,4040.0,0.2864,15443.0,0.2866,6632.0,0.2867,41157.0
