timestamp,time,exchange,symbol,bid1_price,bid1_volume,bid2_price,bid2_volume,ask1_price,ask1_volume,ask2_price,ask2_volume
1753617155272,11:52:35.272,bitget,AAVE/USDT:USDT,295.82,1.7,295.81,12.1,295.83,0.5,295.84,0.6
1753617155422,11:52:35.422,bitget,AAVE/USDT:USDT,295.82,1.7,295.81,12.1,295.83,0.5,295.85,0.7
1753617155572,11:52:35.572,bitget,AAVE/USDT:USDT,295.82,1.7,295.81,12.1,295.85,0.7,295.86,4.0
1753617155873,11:52:35.873,bitget,AAVE/USDT:USDT,295.84,0.5,295.82,2.4,295.85,1.2,295.86,1.3
1753617156473,11:52:36.473,bitget,AAVE/USDT:USDT,295.83,0.8,295.82,2.4,295.84,2.6,295.85,3.4
1753617156623,11:52:36.623,bitget,AAVE/USDT:USDT,295.83,0.5,295.82,2.4,295.84,2.6,295.85,3.4
1753617156773,11:52:36.773,bitget,AAVE/USDT:USDT,295.83,0.8,295.82,2.4,295.84,2.6,295.85,3.4
1753617156923,11:52:36.923,bitget,AAVE/USDT:USDT,295.83,0.8,295.82,2.4,295.84,2.6,295.85,2.3
1753617157073,11:52:37.073,bitget,AAVE/USDT:USDT,295.83,0.8,295.82,2.4,295.84,2.6,295.85,2.3
1753617157223,11:52:37.223,bitget,AAVE/USDT:USDT,295.83,0.8,295.82,2.4,295.84,2.6,295.85,2.3
1753617157373,11:52:37.373,bitget,AAVE/USDT:USDT,295.83,0.8,295.82,2.4,295.84,2.6,295.85,2.3
1753617157824,11:52:37.824,bitget,AAVE/USDT:USDT,295.82,0.5,295.8,0.4,295.83,4.1,295.84,5.3
1753617158124,11:52:38.124,bitget,AAVE/USDT:USDT,295.82,0.5,295.8,0.4,295.83,0.3,295.84,5.9
1753617158574,11:52:38.574,bitget,AAVE/USDT:USDT,295.82,0.5,295.81,4.5,295.84,5.3,295.85,6.8
1753617158724,11:52:38.724,bitget,AAVE/USDT:USDT,295.83,1.0,295.82,2.4,295.84,0.7,295.85,4.3
1753617159024,11:52:39.024,bitget,AAVE/USDT:USDT,295.83,0.8,295.82,3.8,295.84,0.7,295.85,3.6
1753617159174,11:52:39.174,bitget,AAVE/USDT:USDT,295.83,0.5,295.82,3.8,295.84,1.0,295.85,3.6
1753617159925,11:52:39.925,bitget,AAVE/USDT:USDT,295.83,0.8,295.82,3.8,295.84,0.7,295.85,3.0
1753617160075,11:52:40.075,bitget,AAVE/USDT:USDT,295.83,0.8,295.82,3.8,295.84,0.7,295.85,3.0
1753617160225,11:52:40.225,bitget,AAVE/USDT:USDT,295.83,0.5,295.82,3.8,295.84,1.0,295.85,3.0
1753617160525,11:52:40.525,bitget,AAVE/USDT:USDT,295.83,0.5,295.82,3.8,295.84,1.0,295.85,3.0
1753617160675,11:52:40.675,bitget,AAVE/USDT:USDT,295.83,0.5,295.82,3.8,295.84,1.0,295.85,3.6
1753617161125,11:52:41.125,bitget,AAVE/USDT:USDT,295.83,0.8,295.82,2.4,295.84,0.7,295.85,1.9
1753617161276,11:52:41.276,bitget,AAVE/USDT:USDT,295.83,0.8,295.82,2.4,295.84,0.7,295.85,1.9
1753617161876,11:52:41.876,bitget,AAVE/USDT:USDT,295.83,1.4,295.82,3.8,295.84,1.3,295.85,3.2
1753617162626,11:52:42.626,bitget,AAVE/USDT:USDT,295.83,1.4,295.82,3.8,295.84,1.3,295.85,3.2
1753617162776,11:52:42.776,bitget,AAVE/USDT:USDT,295.83,0.5,295.82,3.8,295.84,1.3,295.85,3.2
1753617162926,11:52:42.926,bitget,AAVE/USDT:USDT,295.83,0.8,295.82,3.8,295.84,0.7,295.85,3.2
1753617163077,11:52:43.077,bitget,AAVE/USDT:USDT,295.83,0.8,295.82,3.8,295.84,0.7,295.85,3.2
1753617163227,11:52:43.227,bitget,AAVE/USDT:USDT,295.83,0.8,295.82,3.8,295.84,0.7,295.85,3.2
1753617163527,11:52:43.527,bitget,AAVE/USDT:USDT,295.83,0.8,295.82,3.8,295.84,0.7,295.85,1.9
1753617163677,11:52:43.677,bitget,AAVE/USDT:USDT,295.83,0.8,295.82,5.3,295.84,0.7,295.87,7.5
1753617163827,11:52:43.827,bitget,AAVE/USDT:USDT,295.83,0.8,295.82,5.3,295.84,0.7,295.87,7.5
1753617163977,11:52:43.977,bitget,AAVE/USDT:USDT,295.83,0.8,295.82,5.3,295.84,0.7,295.87,7.5
1753617164277,11:52:44.277,bitget,AAVE/USDT:USDT,295.83,0.8,295.82,5.3,295.84,0.7,295.87,7.5
1753617164427,11:52:44.427,bitget,AAVE/USDT:USDT,295.83,4.6,295.82,5.3,295.84,0.7,295.87,7.5
1753617164577,11:52:44.577,bitget,AAVE/USDT:USDT,295.86,11.0,295.85,0.3,295.88,27.2,295.89,5.1
1753617164728,11:52:44.728,bitget,AAVE/USDT:USDT,295.87,3.4,295.86,9.3,295.88,27.2,295.89,2.6
1753617165028,11:52:45.028,bitget,AAVE/USDT:USDT,295.88,7.3,295.87,3.8,295.89,0.7,295.9,10.2
1753617165478,11:52:45.478,bitget,AAVE/USDT:USDT,295.89,5.4,295.88,2.9,295.9,3.5,295.91,27.0
1753617165628,11:52:45.628,bitget,AAVE/USDT:USDT,295.89,5.4,295.88,2.9,295.9,3.5,295.91,26.3
1753617165778,11:52:45.778,bitget,AAVE/USDT:USDT,295.89,5.4,295.88,2.4,295.9,6.0,295.91,27.0
1753617165928,11:52:45.928,bitget,AAVE/USDT:USDT,295.89,0.8,295.88,2.4,295.9,6.0,295.91,27.0
1753617166078,11:52:46.078,bitget,AAVE/USDT:USDT,295.89,0.8,295.88,2.4,295.9,6.6,295.91,27.0
1753617166228,11:52:46.228,bitget,AAVE/USDT:USDT,295.89,0.8,295.88,2.4,295.9,6.6,295.91,27.0
1753617166378,11:52:46.378,bitget,AAVE/USDT:USDT,295.89,0.8,295.88,2.4,295.9,3.5,295.91,27.6
1753617166529,11:52:46.529,bitget,AAVE/USDT:USDT,295.89,0.8,295.88,2.4,295.9,0.7,295.91,20.8
1753617166679,11:52:46.679,bitget,AAVE/USDT:USDT,295.89,0.8,295.88,2.4,295.9,0.7,295.91,20.2
1753617166829,11:52:46.829,bitget,AAVE/USDT:USDT,295.89,0.8,295.88,2.4,295.9,0.7,295.91,20.2
1753617166979,11:52:46.979,bitget,AAVE/USDT:USDT,295.89,0.8,295.88,2.4,295.9,0.7,295.91,20.2
1753617167129,11:52:47.129,bitget,AAVE/USDT:USDT,295.89,0.8,295.88,2.4,295.9,0.7,295.91,20.2
1753617167279,11:52:47.279,bitget,AAVE/USDT:USDT,295.89,0.8,295.88,2.4,295.9,0.7,295.91,20.2
1753617167429,11:52:47.429,bitget,AAVE/USDT:USDT,295.89,0.8,295.88,2.4,295.9,0.7,295.91,20.8
1753617167579,11:52:47.579,bitget,AAVE/USDT:USDT,295.89,0.8,295.88,2.4,295.9,0.7,295.91,20.8
1753617167729,11:52:47.729,bitget,AAVE/USDT:USDT,295.89,0.8,295.88,2.4,295.9,0.7,295.91,20.8
1753617167879,11:52:47.879,bitget,AAVE/USDT:USDT,295.89,0.8,295.88,2.4,295.9,0.9,295.91,20.8
1753617168029,11:52:48.029,bitget,AAVE/USDT:USDT,295.89,0.8,295.88,2.4,295.9,0.9,295.91,20.8
1753617168179,11:52:48.179,bitget,AAVE/USDT:USDT,295.89,0.8,295.88,2.4,295.9,0.9,295.91,20.8
1753617168329,11:52:48.329,bitget,AAVE/USDT:USDT,295.89,0.8,295.88,2.4,295.9,0.9,295.91,20.2
1753617168480,11:52:48.480,bitget,AAVE/USDT:USDT,295.89,0.8,295.88,2.4,295.9,0.9,295.91,20.2
1753617168630,11:52:48.630,bitget,AAVE/USDT:USDT,295.89,0.8,295.88,2.4,295.9,0.9,295.91,20.2
1753617168780,11:52:48.780,bitget,AAVE/USDT:USDT,295.89,8.2,295.88,2.4,295.9,0.7,295.91,19.5
1753617168930,11:52:48.930,bitget,AAVE/USDT:USDT,295.89,8.2,295.88,2.4,295.9,0.7,295.91,19.5
1753617169080,11:52:49.080,bitget,AAVE/USDT:USDT,295.89,7.7,295.88,2.4,295.9,0.7,295.91,19.5
1753617169230,11:52:49.230,bitget,AAVE/USDT:USDT,295.89,8.2,295.88,2.4,295.9,0.7,295.91,19.5
1753617169380,11:52:49.380,bitget,AAVE/USDT:USDT,295.89,7.7,295.88,2.4,295.9,0.7,295.91,19.5
1753617169530,11:52:49.530,bitget,AAVE/USDT:USDT,295.89,7.7,295.88,2.9,295.9,0.7,295.91,19.5
1753617169680,11:52:49.680,bitget,AAVE/USDT:USDT,295.89,7.7,295.88,2.9,295.9,0.7,295.91,19.5
1753617169830,11:52:49.830,bitget,AAVE/USDT:USDT,295.89,7.7,295.88,3.1,295.9,0.7,295.91,19.5
1753617169980,11:52:49.980,bitget,AAVE/USDT:USDT,295.89,7.7,295.88,3.1,295.9,0.7,295.91,19.5
1753617170131,11:52:50.131,bitget,AAVE/USDT:USDT,295.89,7.7,295.88,3.1,295.9,0.7,295.91,19.5
1753617170281,11:52:50.281,bitget,AAVE/USDT:USDT,295.89,3.7,295.88,2.4,295.9,0.7,295.91,20.2
1753617170431,11:52:50.431,bitget,AAVE/USDT:USDT,295.89,7.7,295.88,2.9,295.9,0.7,295.91,20.2
1753617170581,11:52:50.581,bitget,AAVE/USDT:USDT,295.89,7.7,295.88,3.1,295.9,0.7,295.91,19.5
1753617170731,11:52:50.731,bitget,AAVE/USDT:USDT,295.89,7.7,295.88,5.4,295.9,0.7,295.91,19.5
1753617170881,11:52:50.881,bitget,AAVE/USDT:USDT,295.89,7.7,295.88,5.2,295.9,0.7,295.91,19.5
1753617171031,11:52:51.031,bitget,AAVE/USDT:USDT,295.89,7.7,295.88,5.2,295.9,0.7,295.91,19.5
1753617171181,11:52:51.181,bitget,AAVE/USDT:USDT,295.89,7.7,295.88,5.2,295.9,0.7,295.91,19.5
1753617171331,11:52:51.331,bitget,AAVE/USDT:USDT,295.89,3.7,295.88,9.2,295.9,0.7,295.91,20.2
1753617171481,11:52:51.481,bitget,AAVE/USDT:USDT,295.89,3.7,295.88,9.2,295.9,0.7,295.91,19.5
1753617171781,11:52:51.781,bitget,AAVE/USDT:USDT,295.9,3.2,295.89,1.2,295.91,0.5,295.92,0.1
1753617171932,11:52:51.932,bitget,AAVE/USDT:USDT,295.91,1.7,295.9,3.2,295.94,28.1,295.95,0.7
1753617172082,11:52:52.082,bitget,AAVE/USDT:USDT,295.93,2.2,295.92,6.5,295.94,28.1,295.95,0.7
1753617172232,11:52:52.232,bitget,AAVE/USDT:USDT,295.93,2.2,295.92,11.0,295.94,28.1,295.95,3.5
1753617172382,11:52:52.382,bitget,AAVE/USDT:USDT,295.93,2.2,295.92,11.0,295.94,28.1,295.95,3.5
1753617172532,11:52:52.532,bitget,AAVE/USDT:USDT,295.93,2.2,295.92,11.0,295.94,28.1,295.95,3.5
1753617172682,11:52:52.682,bitget,AAVE/USDT:USDT,295.93,2.2,295.92,11.0,295.94,28.1,295.95,3.5
1753617172982,11:52:52.982,bitget,AAVE/USDT:USDT,295.93,0.9,295.92,0.5,295.94,30.6,295.95,6.0
1753617173282,11:52:53.282,bitget,AAVE/USDT:USDT,295.92,0.8,295.91,1.9,295.93,1.8,295.94,30.6
1753617173432,11:52:53.432,bitget,AAVE/USDT:USDT,295.92,0.8,295.91,1.9,295.93,1.0,295.94,28.1
1753617173733,11:52:53.733,bitget,AAVE/USDT:USDT,295.89,0.5,295.88,1.9,295.92,3.2,295.93,12.3
1753617173883,11:52:53.883,bitget,AAVE/USDT:USDT,295.89,0.5,295.88,1.9,295.92,6.0,295.93,9.5
1753617174033,11:52:54.033,bitget,AAVE/USDT:USDT,295.91,0.5,295.9,0.5,295.92,5.4,295.93,9.5
1753617174183,11:52:54.183,bitget,AAVE/USDT:USDT,295.91,5.1,295.9,0.5,295.93,9.5,295.94,28.1
1753617174333,11:52:54.333,bitget,AAVE/USDT:USDT,295.92,0.3,295.91,1.9,295.93,10.2,295.94,28.1
1753617174483,11:52:54.483,bitget,AAVE/USDT:USDT,295.91,0.5,295.89,13.5,295.93,4.2,295.94,28.1
1753617174633,11:52:54.633,bitget,AAVE/USDT:USDT,295.89,2.4,295.88,9.3,295.92,3.1,295.93,11.1
1753617174783,11:52:54.783,bitget,AAVE/USDT:USDT,295.91,0.8,295.89,2.4,295.92,5.0,295.93,10.8
1753617174933,11:52:54.933,bitget,AAVE/USDT:USDT,295.91,0.5,295.89,2.4,295.92,5.3,295.93,10.8
1753617175083,11:52:55.083,bitget,AAVE/USDT:USDT,295.91,0.5,295.89,2.4,295.92,5.3,295.93,10.8
1753617175233,11:52:55.233,bitget,AAVE/USDT:USDT,295.91,0.5,295.89,2.4,295.92,5.3,295.93,10.8
1753617175534,11:52:55.534,bitget,AAVE/USDT:USDT,295.89,3.1,295.88,2.2,295.92,5.3,295.93,10.8
1753617175684,11:52:55.684,bitget,AAVE/USDT:USDT,295.91,0.5,295.89,5.2,295.92,3.1,295.93,10.8
1753617175834,11:52:55.834,bitget,AAVE/USDT:USDT,295.91,0.5,295.89,5.2,295.92,2.8,295.93,10.8
1753617175984,11:52:55.984,bitget,AAVE/USDT:USDT,295.91,0.5,295.89,5.2,295.92,2.8,295.93,10.8
1753617176134,11:52:56.134,bitget,AAVE/USDT:USDT,295.91,0.5,295.89,5.2,295.92,2.5,295.93,10.8
1753617176284,11:52:56.284,bitget,AAVE/USDT:USDT,295.91,0.8,295.89,5.2,295.92,0.6,295.93,10.2
1753617176434,11:52:56.434,bitget,AAVE/USDT:USDT,295.91,0.8,295.89,5.2,295.93,10.2,295.94,28.1
1753617176584,11:52:56.584,bitget,AAVE/USDT:USDT,295.92,0.5,295.91,0.5,295.93,2.9,295.94,28.1
1753617176734,11:52:56.734,bitget,AAVE/USDT:USDT,295.92,0.8,295.91,0.5,295.93,2.6,295.94,28.7
1753617176884,11:52:56.884,bitget,AAVE/USDT:USDT,295.93,0.5,295.92,0.8,295.94,25.5,295.95,2.5
1753617177034,11:52:57.034,bitget,AAVE/USDT:USDT,295.93,0.5,295.92,0.3,295.94,25.5,295.95,2.5
1753617177185,11:52:57.185,bitget,AAVE/USDT:USDT,295.93,0.5,295.92,0.3,295.94,25.5,295.95,2.5
1753617177335,11:52:57.335,bitget,AAVE/USDT:USDT,295.93,0.5,295.91,0.5,295.94,25.5,295.95,2.5
1753617177485,11:52:57.485,bitget,AAVE/USDT:USDT,295.91,0.5,295.9,8.5,295.94,26.2,295.95,2.5
1753617177785,11:52:57.785,bitget,AAVE/USDT:USDT,295.91,0.5,295.9,8.5,295.94,26.2,295.95,2.5
1753617177935,11:52:57.935,bitget,AAVE/USDT:USDT,295.91,0.8,295.9,1.4,295.94,26.2,295.95,2.5
1753617178085,11:52:58.085,bitget,AAVE/USDT:USDT,295.91,0.8,295.9,1.4,295.94,26.2,295.95,2.5
1753617178235,11:52:58.235,bitget,AAVE/USDT:USDT,295.91,0.8,295.9,1.4,295.94,26.2,295.95,2.5
1753617178385,11:52:58.385,bitget,AAVE/USDT:USDT,295.92,0.3,295.91,0.5,295.94,26.2,295.95,2.5
1753617178835,11:52:58.835,bitget,AAVE/USDT:USDT,295.91,0.8,295.89,7.3,295.94,28.7,295.95,2.5
1753617178986,11:52:58.986,bitget,AAVE/USDT:USDT,295.91,0.8,295.89,7.3,295.94,28.7,295.95,2.5
1753617179136,11:52:59.136,bitget,AAVE/USDT:USDT,295.92,0.3,295.91,0.5,295.94,28.7,295.95,2.5
1753617179285,11:52:59.285,bitget,AAVE/USDT:USDT,295.91,0.5,295.89,7.3,295.94,26.2,295.95,2.5
1753617179436,11:52:59.436,bitget,AAVE/USDT:USDT,295.89,0.8,295.88,9.2,295.91,0.6,295.92,4.7
1753617179586,11:52:59.586,bitget,AAVE/USDT:USDT,295.89,0.5,295.88,2.1,295.91,6.6,295.92,4.1
1753617179736,11:52:59.736,bitget,AAVE/USDT:USDT,295.89,0.5,295.88,1.9,295.91,6.6,295.92,4.1
1753617179886,11:52:59.886,bitget,AAVE/USDT:USDT,295.89,0.5,295.88,1.9,295.91,6.6,295.92,4.1
1753617180036,11:53:00.036,bitget,AAVE/USDT:USDT,295.89,4.8,295.88,1.9,295.91,3.5,295.92,4.1
1753617180186,11:53:00.186,bitget,AAVE/USDT:USDT,295.89,0.8,295.88,1.9,295.91,6.6,295.92,4.1
1753617180336,11:53:00.336,bitget,AAVE/USDT:USDT,295.89,0.5,295.88,1.9,295.91,6.6,295.92,4.1
1753617180636,11:53:00.636,bitget,AAVE/USDT:USDT,295.89,0.5,295.88,1.9,295.91,5.3,295.92,1.9
1753617180787,11:53:00.787,bitget,AAVE/USDT:USDT,295.89,0.5,295.88,1.9,295.91,5.3,295.92,1.9
1753617180937,11:53:00.937,bitget,AAVE/USDT:USDT,295.89,0.8,295.88,1.9,295.91,5.3,295.92,1.9
1753617181087,11:53:01.087,bitget,AAVE/USDT:USDT,295.89,0.8,295.88,1.9,295.91,5.0,295.92,1.9
1753617181237,11:53:01.237,bitget,AAVE/USDT:USDT,295.85,1.3,295.84,5.1,295.9,29.0,295.91,2.8
1753617181387,11:53:01.387,bitget,AAVE/USDT:USDT,295.86,0.8,295.85,3.5,295.89,13.4,295.9,27.3
1753617181537,11:53:01.537,bitget,AAVE/USDT:USDT,295.87,0.5,295.86,1.6,295.88,0.6,295.89,13.4
1753617181687,11:53:01.687,bitget,AAVE/USDT:USDT,295.87,0.5,295.86,1.6,295.88,0.9,295.89,13.1
1753617181837,11:53:01.837,bitget,AAVE/USDT:USDT,295.87,0.8,295.86,1.3,295.88,0.9,295.89,13.1
1753617181987,11:53:01.987,bitget,AAVE/USDT:USDT,295.87,0.8,295.86,1.3,295.88,0.6,295.89,10.6
1753617182287,11:53:02.287,bitget,AAVE/USDT:USDT,295.89,7.3,295.88,1.9,295.9,26.5,295.92,0.8
1753617182438,11:53:02.438,bitget,AAVE/USDT:USDT,295.89,7.3,295.88,1.9,295.9,26.5,295.93,7.2
1753617182588,11:53:02.588,bitget,AAVE/USDT:USDT,295.89,7.3,295.88,1.9,295.9,26.5,295.93,4.3
1753617182738,11:53:02.738,bitget,AAVE/USDT:USDT,295.89,5.6,295.88,3.7,295.95,5.7,295.96,5.0
1753617182888,11:53:02.888,bitget,AAVE/USDT:USDT,295.94,1.0,295.93,1.7,295.95,5.7,295.96,8.6
1753617183038,11:53:03.038,bitget,AAVE/USDT:USDT,295.94,1.3,295.93,6.7,295.95,5.9,295.96,8.6
1753617183188,11:53:03.188,bitget,AAVE/USDT:USDT,295.94,1.3,295.93,6.7,295.95,5.9,295.96,8.6
1753617183338,11:53:03.338,bitget,AAVE/USDT:USDT,295.94,1.3,295.93,8.8,295.95,5.9,295.96,8.6
1753617183488,11:53:03.488,bitget,AAVE/USDT:USDT,295.94,4.8,295.93,13.5,295.95,5.7,295.96,5.0
1753617183638,11:53:03.638,bitget,AAVE/USDT:USDT,295.94,4.8,295.93,11.8,295.95,5.0,295.96,5.0
1753617183788,11:53:03.788,bitget,AAVE/USDT:USDT,295.99,10.0,295.98,0.7,296.0,0.7,296.02,25.8
1753617183938,11:53:03.938,bitget,AAVE/USDT:USDT,296.01,6.9,295.99,7.9,296.03,0.4,296.04,2.8
1753617184088,11:53:04.088,bitget,AAVE/USDT:USDT,296.03,2.5,296.02,4.3,296.04,7.6,296.05,25.8
1753617184239,11:53:04.239,bitget,AAVE/USDT:USDT,296.03,0.8,296.02,2.9,296.04,1.4,296.05,26.4
1753617184389,11:53:04.389,bitget,AAVE/USDT:USDT,296.03,0.8,296.02,1.9,296.04,4.4,296.05,26.4
1753617184539,11:53:04.539,bitget,AAVE/USDT:USDT,296.03,0.5,296.01,2.4,296.04,7.2,296.05,26.4
1753617184689,11:53:04.689,bitget,AAVE/USDT:USDT,296.02,0.3,296.01,2.4,296.04,19.6,296.05,26.4
1753617184839,11:53:04.839,bitget,AAVE/USDT:USDT,296.02,0.3,296.01,2.4,296.04,12.1,296.05,26.4
1753617185139,11:53:05.139,bitget,AAVE/USDT:USDT,296.02,0.8,296.01,4.5,296.04,9.6,296.05,26.6
1753617185439,11:53:05.439,bitget,AAVE/USDT:USDT,296.03,0.8,296.02,0.5,296.04,2.3,296.05,26.6
1753617185589,11:53:05.589,bitget,AAVE/USDT:USDT,296.03,0.8,296.02,0.5,296.04,7.5,296.05,26.6
1753617185739,11:53:05.739,bitget,AAVE/USDT:USDT,296.03,0.8,296.02,4.5,296.04,12.0,296.05,26.6
1753617185889,11:53:05.889,bitget,AAVE/USDT:USDT,296.01,0.5,296.0,0.3,296.04,9.3,296.05,26.6
1753617186040,11:53:06.040,bitget,AAVE/USDT:USDT,296.01,0.5,296.0,5.0,296.03,0.5,296.04,14.6
1753617186190,11:53:06.190,bitget,AAVE/USDT:USDT,296.02,2.7,296.01,3.4,296.03,2.0,296.04,7.7
1753617186340,11:53:06.340,bitget,AAVE/USDT:USDT,296.02,3.2,296.01,3.4,296.03,1.2,296.04,7.7
1753617186490,11:53:06.490,bitget,AAVE/USDT:USDT,296.02,3.2,296.01,3.4,296.03,1.2,296.04,7.7
1753617186640,11:53:06.640,bitget,AAVE/USDT:USDT,296.02,3.2,296.01,3.4,296.03,1.2,296.04,7.7
1753617186790,11:53:06.790,bitget,AAVE/USDT:USDT,296.03,3.2,296.02,3.1,296.05,26.0,296.06,0.7
1753617186940,11:53:06.940,bitget,AAVE/USDT:USDT,296.04,3.0,296.03,3.4,296.05,26.0,296.06,0.7
1753617187090,11:53:07.090,bitget,AAVE/USDT:USDT,296.04,1.3,296.03,7.4,296.05,25.8,296.06,0.7
1753617187240,11:53:07.240,bitget,AAVE/USDT:USDT,296.04,1.3,296.03,7.4,296.05,25.8,296.06,0.7
1753617187390,11:53:07.390,bitget,AAVE/USDT:USDT,296.04,1.3,296.03,7.4,296.05,25.8,296.06,1.3
1753617187540,11:53:07.540,bitget,AAVE/USDT:USDT,296.04,0.8,296.03,2.4,296.05,28.3,296.06,1.3
1753617187691,11:53:07.691,bitget,AAVE/USDT:USDT,296.03,0.5,296.02,2.4,296.04,2.5,296.05,28.7
1753617187841,11:53:07.841,bitget,AAVE/USDT:USDT,296.03,0.5,296.02,2.4,296.04,2.5,296.05,28.7
1753617187991,11:53:07.991,bitget,AAVE/USDT:USDT,296.03,0.8,296.02,2.4,296.04,1.4,296.05,28.7
1753617188141,11:53:08.141,bitget,AAVE/USDT:USDT,296.03,0.3,296.02,2.4,296.04,1.4,296.05,28.7
1753617188291,11:53:08.291,bitget,AAVE/USDT:USDT,296.03,0.3,296.02,2.4,296.04,1.4,296.05,26.2
1753617188441,11:53:08.441,bitget,AAVE/USDT:USDT,296.03,0.8,296.02,6.4,296.04,1.4,296.05,26.2
1753617188591,11:53:08.591,bitget,AAVE/USDT:USDT,296.03,0.8,296.02,2.4,296.04,1.4,296.05,26.2
1753617188741,11:53:08.741,bitget,AAVE/USDT:USDT,296.03,0.8,296.02,2.4,296.04,1.4,296.05,26.2
1753617188891,11:53:08.891,bitget,AAVE/USDT:USDT,296.03,0.8,296.02,2.4,296.04,2.5,296.05,26.2
1753617189041,11:53:09.041,bitget,AAVE/USDT:USDT,296.03,0.3,296.02,2.4,296.04,2.5,296.05,26.2
1753617189191,11:53:09.191,bitget,AAVE/USDT:USDT,296.03,0.3,296.02,2.4,296.04,2.5,296.05,26.2
1753617189341,11:53:09.341,bitget,AAVE/USDT:USDT,296.03,0.3,296.02,2.4,296.05,26.2,296.06,1.3
1753617189492,11:53:09.492,bitget,AAVE/USDT:USDT,296.03,0.3,296.02,2.4,296.05,28.1,296.06,1.3
1753617189642,11:53:09.642,bitget,AAVE/USDT:USDT,296.04,0.3,296.03,0.5,296.05,12.7,296.06,1.3
1753617189792,11:53:09.792,bitget,AAVE/USDT:USDT,296.04,0.3,296.03,0.5,296.05,14.8,296.06,1.3
1753617189942,11:53:09.942,bitget,AAVE/USDT:USDT,296.04,0.3,296.03,0.5,296.05,14.8,296.06,1.3
1753617190092,11:53:10.092,bitget,AAVE/USDT:USDT,296.04,0.3,296.03,0.5,296.05,14.8,296.06,1.3
1753617190242,11:53:10.242,bitget,AAVE/USDT:USDT,296.04,0.3,296.03,0.5,296.05,12.3,296.06,0.7
1753617190392,11:53:10.392,bitget,AAVE/USDT:USDT,296.04,4.8,296.03,0.5,296.05,10.4,296.06,0.7
1753617190542,11:53:10.542,bitget,AAVE/USDT:USDT,296.04,0.8,296.03,0.5,296.05,10.4,296.06,1.3
1753617190692,11:53:10.692,bitget,AAVE/USDT:USDT,296.04,0.5,296.03,0.5,296.05,5.4,296.06,1.3
1753617190842,11:53:10.842,bitget,AAVE/USDT:USDT,296.04,0.8,296.03,4.5,296.05,5.4,296.06,1.3
1753617190992,11:53:10.992,bitget,AAVE/USDT:USDT,296.04,0.8,296.03,4.5,296.05,5.4,296.06,1.3
1753617191142,11:53:11.142,bitget,AAVE/USDT:USDT,296.04,0.8,296.03,4.5,296.05,5.4,296.06,1.3
1753617191293,11:53:11.293,bitget,AAVE/USDT:USDT,296.04,0.8,296.03,5.5,296.05,5.4,296.06,0.7
1753617191443,11:53:11.443,bitget,AAVE/USDT:USDT,296.04,0.8,296.03,5.5,296.05,5.4,296.06,0.7
1753617191593,11:53:11.593,bitget,AAVE/USDT:USDT,296.04,0.8,296.03,1.5,296.05,6.0,296.06,0.7
1753617191743,11:53:11.743,bitget,AAVE/USDT:USDT,296.04,0.8,296.03,1.5,296.05,6.0,296.06,0.7
1753617191893,11:53:11.893,bitget,AAVE/USDT:USDT,296.04,0.8,296.03,1.5,296.05,6.0,296.06,0.7
1753617192043,11:53:12.043,bitget,AAVE/USDT:USDT,296.04,0.8,296.03,0.5,296.05,6.0,296.06,0.7
1753617192193,11:53:12.193,bitget,AAVE/USDT:USDT,296.04,0.8,296.03,0.5,296.05,6.0,296.06,0.7
1753617192343,11:53:12.343,bitget,AAVE/USDT:USDT,296.04,0.8,296.03,0.5,296.05,6.0,296.06,0.7
1753617192493,11:53:12.493,bitget,AAVE/USDT:USDT,296.04,0.8,296.03,0.5,296.05,6.0,296.06,0.7
1753617192643,11:53:12.643,bitget,AAVE/USDT:USDT,296.03,0.5,296.02,2.4,296.05,6.0,296.06,0.7
1753617192793,11:53:12.793,bitget,AAVE/USDT:USDT,296.02,0.5,296.01,7.1,296.04,3.7,296.05,8.1
1753617192943,11:53:12.943,bitget,AAVE/USDT:USDT,296.02,0.5,296.0,7.1,296.03,1.2,296.04,4.8
1753617193244,11:53:13.244,bitget,AAVE/USDT:USDT,296.02,0.8,296.01,1.0,296.03,0.5,296.04,4.8
1753617193394,11:53:13.394,bitget,AAVE/USDT:USDT,296.02,0.8,296.01,1.0,296.03,0.5,296.04,4.8
1753617193544,11:53:13.544,bitget,AAVE/USDT:USDT,296.02,0.8,296.01,1.0,296.03,0.5,296.04,4.8
1753617193694,11:53:13.694,bitget,AAVE/USDT:USDT,296.02,0.8,296.01,1.0,296.03,0.5,296.04,4.8
1753617193844,11:53:13.844,bitget,AAVE/USDT:USDT,296.02,0.5,296.01,1.0,296.03,0.5,296.04,4.8
1753617193994,11:53:13.994,bitget,AAVE/USDT:USDT,295.99,7.5,295.98,1.3,296.03,0.8,296.04,2.3
1753617194144,11:53:14.144,bitget,AAVE/USDT:USDT,296.0,0.5,295.99,2.3,296.03,4.7,296.04,2.3
1753617194294,11:53:14.294,bitget,AAVE/USDT:USDT,296.0,7.4,295.99,2.3,296.03,4.7,296.04,2.3
1753617194444,11:53:14.444,bitget,AAVE/USDT:USDT,296.0,2.4,295.99,2.3,296.03,4.7,296.04,2.3
1753617194594,11:53:14.594,bitget,AAVE/USDT:USDT,296.02,0.5,296.01,0.3,296.03,2.2,296.04,2.3
1753617194744,11:53:14.744,bitget,AAVE/USDT:USDT,296.02,0.5,296.01,0.3,296.03,2.4,296.04,2.3
1753617194894,11:53:14.894,bitget,AAVE/USDT:USDT,296.02,0.8,296.0,6.4,296.03,2.1,296.04,2.3
1753617195045,11:53:15.045,bitget,AAVE/USDT:USDT,296.02,0.8,296.0,6.4,296.03,2.1,296.04,2.3
1753617195195,11:53:15.195,bitget,AAVE/USDT:USDT,296.02,0.8,296.0,6.4,296.03,2.3,296.04,2.3
1753617195345,11:53:15.345,bitget,AAVE/USDT:USDT,296.02,0.8,296.0,13.5,296.03,2.3,296.04,2.3
1753617195495,11:53:15.495,bitget,AAVE/USDT:USDT,296.02,0.8,296.0,13.5,296.03,2.3,296.04,2.3
1753617195645,11:53:15.645,bitget,AAVE/USDT:USDT,296.02,0.8,296.01,1.0,296.03,0.4,296.04,2.3
1753617195795,11:53:15.795,bitget,AAVE/USDT:USDT,296.02,0.8,296.01,1.0,296.03,2.7,296.04,2.3
1753617195945,11:53:15.945,bitget,AAVE/USDT:USDT,296.02,0.8,296.01,1.0,296.03,2.7,296.04,2.3
1753617196095,11:53:16.095,bitget,AAVE/USDT:USDT,296.02,3.7,296.01,1.0,296.03,1.5,296.04,2.3
1753617196245,11:53:16.245,bitget,AAVE/USDT:USDT,296.02,3.7,296.01,1.0,296.04,2.3,296.05,11.0
1753617196395,11:53:16.395,bitget,AAVE/USDT:USDT,296.03,0.3,296.02,2.4,296.04,2.9,296.05,11.0
1753617196546,11:53:16.546,bitget,AAVE/USDT:USDT,296.03,1.7,296.02,2.4,296.05,11.0,296.06,4.6
1753617196846,11:53:16.846,bitget,AAVE/USDT:USDT,296.04,0.8,296.03,0.5,296.05,10.2,296.06,5.2
1753617196996,11:53:16.996,bitget,AAVE/USDT:USDT,296.04,0.8,296.03,0.5,296.05,10.2,296.06,5.2
1753617197146,11:53:17.146,bitget,AAVE/USDT:USDT,296.05,6.8,296.04,6.9,296.06,0.7,296.07,0.8
1753617197296,11:53:17.296,bitget,AAVE/USDT:USDT,296.05,5.6,296.04,5.5,296.06,0.7,296.08,0.3
1753617197446,11:53:17.446,bitget,AAVE/USDT:USDT,296.05,5.6,296.04,7.8,296.06,0.7,296.08,0.3
1753617197596,11:53:17.596,bitget,AAVE/USDT:USDT,296.05,5.8,296.04,7.8,296.06,0.7,296.08,0.3
1753617197896,11:53:17.896,bitget,AAVE/USDT:USDT,296.05,5.6,296.04,7.8,296.06,0.7,296.08,0.3
1753617198046,11:53:18.046,bitget,AAVE/USDT:USDT,296.05,5.6,296.04,7.8,296.06,0.7,296.08,0.1
1753617198196,11:53:18.196,bitget,AAVE/USDT:USDT,296.05,5.6,296.04,7.8,296.06,0.7,296.08,0.1
1753617198347,11:53:18.347,bitget,AAVE/USDT:USDT,296.05,5.6,296.04,7.8,296.06,0.7,296.08,0.3
1753617198497,11:53:18.497,bitget,AAVE/USDT:USDT,296.05,5.6,296.04,7.8,296.06,0.7,296.08,0.3
1753617198647,11:53:18.647,bitget,AAVE/USDT:USDT,296.05,5.8,296.04,7.8,296.06,0.7,296.08,1.8
1753617198797,11:53:18.797,bitget,AAVE/USDT:USDT,296.05,5.8,296.04,7.8,296.06,0.7,296.08,1.8
1753617198947,11:53:18.947,bitget,AAVE/USDT:USDT,296.05,5.8,296.04,7.8,296.06,0.7,296.08,1.8
1753617199097,11:53:19.097,bitget,AAVE/USDT:USDT,296.05,5.8,296.04,7.8,296.06,0.7,296.08,1.8
1753617199247,11:53:19.247,bitget,AAVE/USDT:USDT,296.07,12.1,296.06,26.5,296.11,0.7,296.12,18.7
1753617199397,11:53:19.397,bitget,AAVE/USDT:USDT,296.1,1.4,296.08,1.0,296.11,2.6,296.13,7.5
1753617199547,11:53:19.547,bitget,AAVE/USDT:USDT,296.1,1.4,296.08,5.6,296.11,9.4,296.14,25.8
1753617199697,11:53:19.697,bitget,AAVE/USDT:USDT,296.1,1.4,296.08,2.9,296.11,9.4,296.14,25.8
1753617199847,11:53:19.847,bitget,AAVE/USDT:USDT,296.1,1.4,296.08,4.8,296.11,6.9,296.14,25.8
1753617199997,11:53:19.997,bitget,AAVE/USDT:USDT,296.07,9.5,296.06,25.8,296.11,6.4,296.14,25.8
1753617200148,11:53:20.148,bitget,AAVE/USDT:USDT,296.04,0.9,296.03,0.8,296.08,2.5,296.1,25.8
1753617200297,11:53:20.297,bitget,AAVE/USDT:USDT,296.08,0.3,296.07,2.4,296.09,10.2,296.1,26.8
1753617200448,11:53:20.448,bitget,AAVE/USDT:USDT,296.08,1.7,296.07,2.6,296.09,2.5,296.1,28.7
1753617200598,11:53:20.598,bitget,AAVE/USDT:USDT,296.08,1.7,296.07,4.5,296.09,2.5,296.1,26.3
1753617200898,11:53:20.898,bitget,AAVE/USDT:USDT,296.09,1.3,296.08,5.4,296.1,26.3,296.11,5.3
1753617201048,11:53:21.048,bitget,AAVE/USDT:USDT,296.09,1.3,296.08,5.0,296.1,25.8,296.11,3.5
1753617201198,11:53:21.198,bitget,AAVE/USDT:USDT,296.09,4.8,296.08,12.5,296.11,0.7,296.12,3.8
1753617201348,11:53:21.348,bitget,AAVE/USDT:USDT,296.1,7.7,296.09,5.4,296.11,0.7,296.12,0.6
1753617201498,11:53:21.498,bitget,AAVE/USDT:USDT,296.1,6.5,296.09,4.9,296.11,0.7,296.12,0.6
1753617201648,11:53:21.648,bitget,AAVE/USDT:USDT,296.1,6.5,296.09,4.9,296.11,0.7,296.12,0.6
1753617201799,11:53:21.799,bitget,AAVE/USDT:USDT,296.1,3.6,296.09,4.9,296.11,0.7,296.12,0.6
1753617201949,11:53:21.949,bitget,AAVE/USDT:USDT,296.1,6.5,296.09,4.9,296.11,0.7,296.12,0.6
1753617202099,11:53:22.099,bitget,AAVE/USDT:USDT,296.1,3.6,296.09,4.9,296.11,0.7,296.12,0.6
1753617202249,11:53:22.249,bitget,AAVE/USDT:USDT,296.1,6.5,296.09,4.7,296.11,0.7,296.12,0.6
1753617202399,11:53:22.399,bitget,AAVE/USDT:USDT,296.1,6.5,296.09,4.7,296.11,0.7,296.12,0.6
1753617202549,11:53:22.549,bitget,AAVE/USDT:USDT,296.1,6.5,296.09,4.7,296.11,0.7,296.12,0.6
1753617202699,11:53:22.699,bitget,AAVE/USDT:USDT,296.1,6.5,296.09,4.7,296.11,0.7,296.12,0.6
1753617202849,11:53:22.849,bitget,AAVE/USDT:USDT,296.1,6.5,296.09,4.7,296.11,0.7,296.12,0.6
1753617202999,11:53:22.999,bitget,AAVE/USDT:USDT,296.1,1.2,296.09,4.1,296.11,3.2,296.12,2.0
1753617203149,11:53:23.149,bitget,AAVE/USDT:USDT,296.1,1.2,296.09,0.5,296.11,3.2,296.12,2.0
1753617203299,11:53:23.299,bitget,AAVE/USDT:USDT,296.1,1.2,296.09,0.5,296.11,3.2,296.12,4.4
1753617203449,11:53:23.449,bitget,AAVE/USDT:USDT,296.1,8.6,296.09,1.5,296.11,0.7,296.12,1.4
1753617203600,11:53:23.600,bitget,AAVE/USDT:USDT,296.1,8.6,296.09,1.5,296.11,0.7,296.12,0.6
1753617203900,11:53:23.900,bitget,AAVE/USDT:USDT,296.1,1.7,296.09,0.5,296.11,3.8,296.12,0.6
1753617204050,11:53:24.050,bitget,AAVE/USDT:USDT,296.1,1.7,296.09,0.5,296.11,0.7,296.12,4.4
1753617204200,11:53:24.200,bitget,AAVE/USDT:USDT,296.1,1.7,296.09,0.5,296.11,0.7,296.12,4.4
1753617204350,11:53:24.350,bitget,AAVE/USDT:USDT,296.1,1.7,296.09,0.5,296.11,0.7,296.12,4.4
1753617204500,11:53:24.500,bitget,AAVE/USDT:USDT,296.1,1.7,296.09,0.5,296.11,0.7,296.12,4.4
1753617204650,11:53:24.650,bitget,AAVE/USDT:USDT,296.1,1.7,296.09,0.5,296.11,0.7,296.12,4.4
1753617204800,11:53:24.800,bitget,AAVE/USDT:USDT,296.1,1.7,296.09,0.5,296.11,0.7,296.12,4.4
1753617204950,11:53:24.950,bitget,AAVE/USDT:USDT,296.1,1.7,296.09,0.5,296.11,0.7,296.12,1.9
1753617205100,11:53:25.100,bitget,AAVE/USDT:USDT,296.1,4.6,296.09,7.2,296.11,0.7,296.12,1.9
1753617205250,11:53:25.250,bitget,AAVE/USDT:USDT,296.1,5.6,296.09,7.2,296.11,0.7,296.13,4.6
1753617205401,11:53:25.401,bitget,AAVE/USDT:USDT,296.1,5.6,296.09,7.2,296.11,0.7,296.13,4.6
1753617205550,11:53:25.550,bitget,AAVE/USDT:USDT,296.1,5.6,296.09,7.4,296.11,0.7,296.14,28.3
1753617205701,11:53:25.701,bitget,AAVE/USDT:USDT,296.13,6.0,296.1,2.7,296.14,28.3,296.15,5.0
1753617205851,11:53:25.851,bitget,AAVE/USDT:USDT,296.13,11.0,296.11,7.3,296.14,2.5,296.15,5.5
1753617206151,11:53:26.151,bitget,AAVE/USDT:USDT,296.15,7.3,296.13,7.1,296.16,9.8,296.17,25.8
1753617206301,11:53:26.301,bitget,AAVE/USDT:USDT,296.15,5.6,296.14,2.1,296.16,0.7,296.17,25.8
1753617206601,11:53:26.601,bitget,AAVE/USDT:USDT,296.18,11.3,296.17,1.9,296.2,28.3,296.21,3.1
1753617206751,11:53:26.751,bitget,AAVE/USDT:USDT,296.19,6.3,296.18,7.4,296.2,28.3,296.21,3.1
1753617206901,11:53:26.901,bitget,AAVE/USDT:USDT,296.19,5.7,296.18,12.7,296.2,2.5,296.21,3.1
1753617207051,11:53:27.051,bitget,AAVE/USDT:USDT,296.19,5.7,296.18,15.6,296.2,2.5,296.21,3.1
1753617207202,11:53:27.202,bitget,AAVE/USDT:USDT,296.19,5.7,296.18,15.8,296.2,2.5,296.21,3.1
1753617207352,11:53:27.352,bitget,AAVE/USDT:USDT,296.19,5.7,296.18,15.8,296.2,2.5,296.21,3.1
1753617207502,11:53:27.502,bitget,AAVE/USDT:USDT,296.19,5.7,296.18,15.8,296.2,2.5,296.21,3.1
1753617207652,11:53:27.652,bitget,AAVE/USDT:USDT,296.19,5.7,296.18,15.8,296.2,2.5,296.21,3.1
1753617207802,11:53:27.802,bitget,AAVE/USDT:USDT,296.19,5.7,296.18,15.8,296.2,2.5,296.21,3.1
1753617207952,11:53:27.952,bitget,AAVE/USDT:USDT,296.2,35.0,296.19,7.6,296.25,26.0,296.26,0.7
1753617208102,11:53:28.102,bitget,AAVE/USDT:USDT,296.24,1.4,296.22,0.3,296.25,2.1,296.26,0.7
1753617208252,11:53:28.252,bitget,AAVE/USDT:USDT,296.24,1.7,296.22,7.1,296.25,3.2,296.26,0.7
1753617208402,11:53:28.402,bitget,AAVE/USDT:USDT,296.24,1.7,296.22,10.3,296.25,3.2,296.26,0.7
1753617208702,11:53:28.702,bitget,AAVE/USDT:USDT,296.24,1.9,296.22,10.3,296.25,3.2,296.26,0.7
1753617208852,11:53:28.852,bitget,AAVE/USDT:USDT,296.24,1.9,296.22,10.3,296.25,3.2,296.26,0.7
1753617209002,11:53:29.002,bitget,AAVE/USDT:USDT,296.22,8.8,296.21,12.7,296.25,4.9,296.26,1.7
1753617209153,11:53:29.153,bitget,AAVE/USDT:USDT,296.23,2.5,296.21,15.6,296.25,4.9,296.26,1.7
1753617209303,11:53:29.303,bitget,AAVE/USDT:USDT,296.24,2.2,296.23,9.1,296.25,2.4,296.26,3.5
1753617209453,11:53:29.453,bitget,AAVE/USDT:USDT,296.24,2.2,296.23,9.1,296.25,2.6,296.26,3.5
1753617209603,11:53:29.603,bitget,AAVE/USDT:USDT,296.24,2.2,296.23,9.1,296.25,2.6,296.26,3.5
1753617209753,11:53:29.753,bitget,AAVE/USDT:USDT,296.24,1.7,296.23,9.1,296.25,2.6,296.26,3.5
1753617209903,11:53:29.903,bitget,AAVE/USDT:USDT,296.24,0.8,296.23,2.2,296.25,2.6,296.26,3.5
1753617210053,11:53:30.053,bitget,AAVE/USDT:USDT,296.25,5.4,296.24,2.8,296.26,0.7,296.27,5.0
1753617210203,11:53:30.203,bitget,AAVE/USDT:USDT,296.25,2.4,296.24,7.5,296.26,3.2,296.27,7.9
1753617210353,11:53:30.353,bitget,AAVE/USDT:USDT,296.25,4.3,296.24,8.5,296.26,0.7,296.28,25.8
1753617210503,11:53:30.503,bitget,AAVE/USDT:USDT,296.25,1.4,296.24,10.2,296.26,0.7,296.27,7.7
1753617210654,11:53:30.654,bitget,AAVE/USDT:USDT,296.25,1.4,296.24,11.2,296.26,0.7,296.27,7.7
1753617210804,11:53:30.804,bitget,AAVE/USDT:USDT,296.25,4.3,296.24,11.2,296.26,0.7,296.27,7.7
1753617210954,11:53:30.954,bitget,AAVE/USDT:USDT,296.25,4.3,296.24,11.2,296.26,0.7,296.27,7.7
1753617211104,11:53:31.104,bitget,AAVE/USDT:USDT,296.25,4.5,296.24,9.1,296.26,0.7,296.27,7.7
1753617211254,11:53:31.254,bitget,AAVE/USDT:USDT,296.25,4.3,296.24,9.1,296.26,0.7,296.28,25.8
1753617211404,11:53:31.404,bitget,AAVE/USDT:USDT,296.25,4.3,296.24,9.1,296.26,0.7,296.28,25.8
1753617211554,11:53:31.554,bitget,AAVE/USDT:USDT,296.25,4.3,296.24,9.1,296.26,0.7,296.28,25.8
1753617211704,11:53:31.704,bitget,AAVE/USDT:USDT,296.25,4.3,296.24,8.1,296.26,0.7,296.28,25.8
1753617211854,11:53:31.854,bitget,AAVE/USDT:USDT,296.27,2.5,296.26,0.7,296.32,3.7,296.33,26.6
1753617212004,11:53:32.004,bitget,AAVE/USDT:USDT,296.31,1.0,296.29,0.3,296.32,1.1,296.33,26.6
1753617212154,11:53:32.154,bitget,AAVE/USDT:USDT,296.31,1.3,296.3,4.0,296.32,1.2,296.33,16.8
1753617212304,11:53:32.304,bitget,AAVE/USDT:USDT,296.31,4.9,296.3,11.7,296.32,3.6,296.33,16.7
1753617212455,11:53:32.455,bitget,AAVE/USDT:USDT,296.31,4.9,296.3,12.5,296.32,3.4,296.34,25.8
1753617212605,11:53:32.605,bitget,AAVE/USDT:USDT,296.31,4.9,296.3,12.9,296.32,3.4,296.34,25.8
1753617212755,11:53:32.755,bitget,AAVE/USDT:USDT,296.31,4.9,296.3,12.9,296.32,2.3,296.34,25.8
1753617212905,11:53:32.905,bitget,AAVE/USDT:USDT,296.31,4.9,296.3,12.9,296.32,0.7,296.34,25.8
1753617213055,11:53:33.055,bitget,AAVE/USDT:USDT,296.31,4.9,296.3,12.9,296.32,0.7,296.33,4.4
1753617213205,11:53:33.205,bitget,AAVE/USDT:USDT,296.31,4.9,296.3,12.9,296.32,0.7,296.34,25.8
1753617213355,11:53:33.355,bitget,AAVE/USDT:USDT,296.31,4.9,296.3,12.9,296.32,0.7,296.34,25.8
1753617213505,11:53:33.505,bitget,AAVE/USDT:USDT,296.31,4.9,296.3,12.9,296.32,0.7,296.34,25.8
1753617213655,11:53:33.655,bitget,AAVE/USDT:USDT,296.31,4.9,296.3,12.9,296.32,0.7,296.34,25.8
1753617213805,11:53:33.805,bitget,AAVE/USDT:USDT,296.31,4.9,296.3,12.9,296.32,3.2,296.34,25.8
1753617213955,11:53:33.955,bitget,AAVE/USDT:USDT,296.31,4.6,296.3,12.9,296.32,3.2,296.33,7.7
1753617214105,11:53:34.105,bitget,AAVE/USDT:USDT,296.31,4.6,296.3,12.9,296.32,3.2,296.34,25.8
1753617214256,11:53:34.256,bitget,AAVE/USDT:USDT,296.31,4.9,296.3,12.9,296.32,0.7,296.34,25.8
1753617214406,11:53:34.406,bitget,AAVE/USDT:USDT,296.31,4.9,296.3,8.3,296.32,0.7,296.34,25.8
1753617214556,11:53:34.556,bitget,AAVE/USDT:USDT,296.31,4.2,296.3,8.3,296.32,0.7,296.34,25.8
1753617214706,11:53:34.706,bitget,AAVE/USDT:USDT,296.31,3.9,296.3,7.1,296.32,1.0,296.34,25.8
1753617214856,11:53:34.856,bitget,AAVE/USDT:USDT,296.31,3.9,296.3,7.1,296.32,1.0,296.34,25.8
1753617215006,11:53:35.006,bitget,AAVE/USDT:USDT,296.31,4.2,296.3,7.1,296.32,0.7,296.33,7.7
1753617215156,11:53:35.156,bitget,AAVE/USDT:USDT,296.31,4.2,296.3,7.1,296.32,0.7,296.33,7.7
1753617215306,11:53:35.306,bitget,AAVE/USDT:USDT,296.31,4.2,296.3,7.3,296.32,0.7,296.34,25.8
1753617215456,11:53:35.456,bitget,AAVE/USDT:USDT,296.31,4.2,296.3,7.3,296.32,0.7,296.34,25.8
1753617215606,11:53:35.606,bitget,AAVE/USDT:USDT,296.31,4.4,296.3,7.1,296.32,0.7,296.34,25.8
1753617215756,11:53:35.756,bitget,AAVE/USDT:USDT,296.31,4.2,296.3,7.1,296.32,0.7,296.34,25.8
1753617215906,11:53:35.906,bitget,AAVE/USDT:USDT,296.31,4.2,296.3,7.1,296.32,0.7,296.34,25.8
1753617216056,11:53:36.056,bitget,AAVE/USDT:USDT,296.31,4.2,296.3,7.1,296.32,0.7,296.34,25.8
1753617216207,11:53:36.207,bitget,AAVE/USDT:USDT,296.31,4.2,296.3,7.1,296.32,0.7,296.34,25.8
1753617216357,11:53:36.357,bitget,AAVE/USDT:USDT,296.31,4.2,296.3,7.1,296.32,0.7,296.34,25.8
1753617216507,11:53:36.507,bitget,AAVE/USDT:USDT,296.31,4.2,296.3,7.1,296.32,0.7,296.34,25.8
1753617216657,11:53:36.657,bitget,AAVE/USDT:USDT,296.31,4.2,296.3,7.1,296.32,0.7,296.34,25.8
1753617216807,11:53:36.807,bitget,AAVE/USDT:USDT,296.31,4.2,296.3,7.3,296.32,0.7,296.34,25.8
1753617217107,11:53:37.107,bitget,AAVE/USDT:USDT,296.31,4.2,296.3,7.1,296.32,0.7,296.34,25.8
1753617217257,11:53:37.257,bitget,AAVE/USDT:USDT,296.31,4.2,296.3,7.1,296.32,0.7,296.34,25.8
1753617217407,11:53:37.407,bitget,AAVE/USDT:USDT,296.31,4.2,296.3,7.1,296.32,0.7,296.34,25.8
1753617217557,11:53:37.557,bitget,AAVE/USDT:USDT,296.31,4.2,296.3,7.1,296.32,0.7,296.34,25.8
1753617217707,11:53:37.707,bitget,AAVE/USDT:USDT,296.31,4.2,296.3,7.3,296.32,0.7,296.34,25.8
1753617217857,11:53:37.857,bitget,AAVE/USDT:USDT,296.31,4.2,296.3,7.3,296.32,0.7,296.34,25.8
1753617218008,11:53:38.008,bitget,AAVE/USDT:USDT,296.31,4.2,296.3,7.3,296.32,0.7,296.34,25.8
1753617218158,11:53:38.158,bitget,AAVE/USDT:USDT,296.31,4.9,296.3,11.9,296.32,0.7,296.37,8.4
1753617218308,11:53:38.308,bitget,AAVE/USDT:USDT,296.31,4.9,296.3,11.9,296.32,0.7,296.37,8.4
1753617218458,11:53:38.458,bitget,AAVE/USDT:USDT,296.31,4.9,296.3,11.9,296.32,0.7,296.37,8.4
1753617218608,11:53:38.608,bitget,AAVE/USDT:USDT,296.31,4.9,296.3,11.9,296.32,0.7,296.37,8.1
1753617218758,11:53:38.758,bitget,AAVE/USDT:USDT,296.31,5.1,296.3,11.9,296.32,0.7,296.37,8.1
1753617218908,11:53:38.908,bitget,AAVE/USDT:USDT,296.31,5.1,296.3,11.9,296.32,0.7,296.37,8.1
1753617219058,11:53:39.058,bitget,AAVE/USDT:USDT,296.31,30.9,296.3,11.9,296.32,0.7,296.37,8.1
1753617219208,11:53:39.208,bitget,AAVE/USDT:USDT,296.31,30.9,296.3,11.9,296.32,0.7,296.37,8.1
1753617219358,11:53:39.358,bitget,AAVE/USDT:USDT,296.31,30.9,296.3,11.9,296.32,0.7,296.37,8.1
1753617219658,11:53:39.658,bitget,AAVE/USDT:USDT,296.31,30.9,296.3,11.7,296.32,0.7,296.37,8.1
1753617219808,11:53:39.808,bitget,AAVE/USDT:USDT,296.31,30.9,296.3,11.7,296.32,0.7,296.37,8.1
1753617219959,11:53:39.959,bitget,AAVE/USDT:USDT,296.31,30.9,296.3,11.7,296.32,0.7,296.37,8.1
1753617220109,11:53:40.109,bitget,AAVE/USDT:USDT,296.31,30.9,296.3,11.7,296.32,0.7,296.37,8.1
1753617220259,11:53:40.259,bitget,AAVE/USDT:USDT,296.31,30.9,296.3,11.7,296.32,0.7,296.37,8.1
1753617220409,11:53:40.409,bitget,AAVE/USDT:USDT,296.31,30.9,296.3,11.7,296.32,0.7,296.37,8.1
1753617220559,11:53:40.559,bitget,AAVE/USDT:USDT,296.31,30.9,296.3,11.7,296.32,0.7,296.37,8.1
1753617220859,11:53:40.859,bitget,AAVE/USDT:USDT,296.31,30.9,296.3,11.7,296.32,0.7,296.37,8.1
1753617221159,11:53:41.159,bitget,AAVE/USDT:USDT,296.31,30.9,296.3,11.7,296.32,0.7,296.37,8.1
1753617221309,11:53:41.309,bitget,AAVE/USDT:USDT,296.31,30.9,296.3,11.7,296.32,0.7,296.37,8.1
1753617221459,11:53:41.459,bitget,AAVE/USDT:USDT,296.31,30.9,296.3,11.7,296.32,0.7,296.37,8.1
1753617221760,11:53:41.760,bitget,AAVE/USDT:USDT,296.34,0.9,296.32,1.9,296.38,22.0,296.39,3.5
1753617221910,11:53:41.910,bitget,AAVE/USDT:USDT,296.35,0.5,296.34,3.8,296.36,0.3,296.37,1.9
1753617222210,11:53:42.210,bitget,AAVE/USDT:USDT,296.35,1.4,296.33,2.7,296.36,0.5,296.37,8.5
1753617222360,11:53:42.360,bitget,AAVE/USDT:USDT,296.35,1.4,296.33,2.7,296.36,0.5,296.37,8.5
1753617222510,11:53:42.510,bitget,AAVE/USDT:USDT,296.35,1.7,296.33,2.7,296.36,0.2,296.37,8.5
1753617222660,11:53:42.660,bitget,AAVE/USDT:USDT,296.35,8.6,296.34,1.0,296.36,1.7,296.37,8.5
1753617222960,11:53:42.960,bitget,AAVE/USDT:USDT,296.36,1.7,296.35,8.6,296.38,0.1,296.39,1.3
1753617223110,11:53:43.110,bitget,AAVE/USDT:USDT,296.37,6.8,296.36,1.9,296.38,0.1,296.39,0.8
1753617223260,11:53:43.260,bitget,AAVE/USDT:USDT,296.37,5.1,296.36,3.3,296.38,0.1,296.39,0.8
1753617223410,11:53:43.410,bitget,AAVE/USDT:USDT,296.38,11.4,296.37,2.8,296.39,0.7,296.43,8.4
1753617223561,11:53:43.561,bitget,AAVE/USDT:USDT,296.38,4.5,296.37,6.6,296.39,0.7,296.43,8.4
1753617223711,11:53:43.711,bitget,AAVE/USDT:USDT,296.38,8.2,296.37,9.7,296.39,0.7,296.44,26.6
1753617223861,11:53:43.861,bitget,AAVE/USDT:USDT,296.38,8.2,296.37,9.7,296.39,0.7,296.43,8.0
1753617224011,11:53:44.011,bitget,AAVE/USDT:USDT,296.38,8.2,296.37,9.7,296.39,0.7,296.42,2.4
1753617224311,11:53:44.311,bitget,AAVE/USDT:USDT,296.38,8.4,296.37,9.7,296.39,0.7,296.42,2.4
1753617224461,11:53:44.461,bitget,AAVE/USDT:USDT,296.38,8.4,296.37,9.7,296.39,0.7,296.42,2.7
1753617224611,11:53:44.611,bitget,AAVE/USDT:USDT,296.38,8.4,296.37,9.7,296.39,0.7,296.42,2.7
1753617224911,11:53:44.911,bitget,AAVE/USDT:USDT,296.38,8.4,296.37,9.7,296.39,0.7,296.43,8.0
1753617225061,11:53:45.061,bitget,AAVE/USDT:USDT,296.38,8.4,296.37,8.1,296.39,0.7,296.43,8.0
1753617225362,11:53:45.362,bitget,AAVE/USDT:USDT,296.38,8.4,296.37,8.1,296.39,0.7,296.43,8.0
1753617225512,11:53:45.512,bitget,AAVE/USDT:USDT,296.38,8.4,296.37,7.4,296.39,0.7,296.43,8.0
1753617225662,11:53:45.662,bitget,AAVE/USDT:USDT,296.38,8.4,296.37,6.4,296.39,0.7,296.43,8.0
1753617225812,11:53:45.812,bitget,AAVE/USDT:USDT,296.38,0.9,296.35,9.4,296.39,3.5,296.4,2.7
1753617225962,11:53:45.962,bitget,AAVE/USDT:USDT,296.38,0.5,296.35,16.5,296.39,1.0,296.4,3.5
1753617226112,11:53:46.112,bitget,AAVE/USDT:USDT,296.38,0.5,296.35,7.9,296.39,3.5,296.4,11.2
1753617226262,11:53:46.262,bitget,AAVE/USDT:USDT,296.38,0.5,296.35,7.9,296.39,3.5,296.4,11.2
1753617226412,11:53:46.412,bitget,AAVE/USDT:USDT,296.38,0.5,296.35,7.9,296.39,3.5,296.4,11.2
1753617226562,11:53:46.562,bitget,AAVE/USDT:USDT,296.35,7.9,296.34,0.2,296.39,3.5,296.4,11.2
1753617226712,11:53:46.712,bitget,AAVE/USDT:USDT,296.37,0.5,296.36,1.7,296.38,26.9,296.39,6.3
1753617226862,11:53:46.862,bitget,AAVE/USDT:USDT,296.37,0.5,296.36,1.7,296.38,25.8,296.39,6.3
1753617227162,11:53:47.162,bitget,AAVE/USDT:USDT,296.37,1.7,296.36,4.0,296.38,25.8,296.39,1.5
1753617227312,11:53:47.312,bitget,AAVE/USDT:USDT,296.38,1.7,296.37,8.5,296.39,0.7,296.41,25.8
1753617227463,11:53:47.463,bitget,AAVE/USDT:USDT,296.38,5.4,296.37,3.8,296.39,0.7,296.41,25.8
1753617227613,11:53:47.613,bitget,AAVE/USDT:USDT,296.38,3.7,296.37,4.0,296.39,0.7,296.41,25.8
1753617227763,11:53:47.763,bitget,AAVE/USDT:USDT,296.38,3.7,296.37,5.9,296.39,0.7,296.41,25.8
1753617228063,11:53:48.063,bitget,AAVE/USDT:USDT,296.38,5.3,296.37,5.7,296.39,0.7,296.41,25.8
1753617228363,11:53:48.363,bitget,AAVE/USDT:USDT,296.38,5.3,296.37,3.8,296.39,0.7,296.41,25.8
1753617228513,11:53:48.513,bitget,AAVE/USDT:USDT,296.38,5.3,296.37,3.8,296.39,0.7,296.41,25.8
1753617228663,11:53:48.663,bitget,AAVE/USDT:USDT,296.38,5.3,296.37,3.8,296.39,0.7,296.41,25.8
1753617228813,11:53:48.813,bitget,AAVE/USDT:USDT,296.38,5.5,296.37,3.8,296.39,0.7,296.41,25.8
1753617229114,11:53:49.114,bitget,AAVE/USDT:USDT,296.42,0.3,296.41,5.0,296.43,7.7,296.44,26.6
1753617229264,11:53:49.264,bitget,AAVE/USDT:USDT,296.42,1.7,296.41,2.4,296.43,0.6,296.44,26.6
1753617229414,11:53:49.414,bitget,AAVE/USDT:USDT,296.42,1.7,296.41,2.4,296.43,4.5,296.44,26.6
1753617229564,11:53:49.564,bitget,AAVE/USDT:USDT,296.42,1.7,296.41,6.4,296.43,1.0,296.44,26.6
1753617229714,11:53:49.714,bitget,AAVE/USDT:USDT,296.42,1.7,296.41,2.4,296.43,4.3,296.44,26.6
1753617229864,11:53:49.864,bitget,AAVE/USDT:USDT,296.42,1.7,296.41,2.4,296.43,2.9,296.44,26.6
1753617230014,11:53:50.014,bitget,AAVE/USDT:USDT,296.42,1.7,296.41,2.4,296.43,2.9,296.44,26.6
1753617230164,11:53:50.164,bitget,AAVE/USDT:USDT,296.42,1.7,296.41,2.4,296.43,2.9,296.44,26.6
1753617230314,11:53:50.314,bitget,AAVE/USDT:USDT,296.43,16.9,296.42,8.6,296.44,0.8,296.45,0.1
1753617230915,11:53:50.915,bitget,AAVE/USDT:USDT,296.43,1.2,296.42,0.5,296.44,1.2,296.45,7.9
1753617231065,11:53:51.065,bitget,AAVE/USDT:USDT,296.43,1.2,296.42,0.5,296.44,1.2,296.45,7.9
1753617231215,11:53:51.215,bitget,AAVE/USDT:USDT,296.41,7.1,296.38,7.8,296.44,1.2,296.45,7.9
1753617231665,11:53:51.665,bitget,AAVE/USDT:USDT,296.33,0.8,296.32,9.9,296.37,26.5,296.38,0.3
1753617231815,11:53:51.815,bitget,AAVE/USDT:USDT,296.34,0.3,296.33,1.3,296.36,2.8,296.37,26.5
1753617231965,11:53:51.965,bitget,AAVE/USDT:USDT,296.35,0.5,296.34,0.3,296.36,7.3,296.37,26.8
1753617232265,11:53:52.265,bitget,AAVE/USDT:USDT,296.35,0.5,296.33,1.7,296.36,4.7,296.37,26.5
1753617232566,11:53:52.566,bitget,AAVE/USDT:USDT,296.33,1.7,296.32,9.0,296.36,2.2,296.37,26.5
1753617232866,11:53:52.866,bitget,AAVE/USDT:USDT,296.3,3.2,296.29,7.4,296.31,0.7,296.34,30.2
1753617233316,11:53:53.316,bitget,AAVE/USDT:USDT,296.3,2.7,296.29,4.3,296.31,0.7,296.32,2.7
1753617233616,11:53:53.616,bitget,AAVE/USDT:USDT,296.3,2.7,296.29,8.3,296.31,0.7,296.32,2.7
1753617233766,11:53:53.766,bitget,AAVE/USDT:USDT,296.3,2.7,296.29,8.3,296.31,0.7,296.32,2.7
1753617233916,11:53:53.916,bitget,AAVE/USDT:USDT,296.3,2.4,296.29,7.3,296.31,1.0,296.32,2.7
1753617234066,11:53:54.066,bitget,AAVE/USDT:USDT,296.3,2.4,296.29,8.3,296.31,0.7,296.33,9.1
1753617234367,11:53:54.367,bitget,AAVE/USDT:USDT,296.3,1.7,296.29,7.3,296.31,0.7,296.33,9.1
1753617234517,11:53:54.517,bitget,AAVE/USDT:USDT,296.3,2.7,296.29,7.3,296.31,0.7,296.33,9.1
1753617234667,11:53:54.667,bitget,AAVE/USDT:USDT,296.3,1.7,296.29,8.3,296.31,0.7,296.33,9.1
1753617234817,11:53:54.817,bitget,AAVE/USDT:USDT,296.3,1.7,296.29,8.3,296.31,0.7,296.33,9.1
1753617234967,11:53:54.967,bitget,AAVE/USDT:USDT,296.3,1.7,296.29,8.3,296.31,0.7,296.33,9.1
1753617235567,11:53:55.567,bitget,AAVE/USDT:USDT,296.28,7.1,296.27,0.9,296.31,3.9,296.32,3.7
1753617235717,11:53:55.717,bitget,AAVE/USDT:USDT,296.25,8.2,296.24,20.8,296.29,4.7,296.3,27.7
1753617235867,11:53:55.867,bitget,AAVE/USDT:USDT,296.25,5.0,296.24,4.0,296.26,0.7,296.29,1.9
1753617236018,11:53:56.018,bitget,AAVE/USDT:USDT,296.25,2.4,296.24,4.0,296.26,0.7,296.28,0.6
1753617236318,11:53:56.318,bitget,AAVE/USDT:USDT,296.25,3.4,296.24,6.3,296.26,0.7,296.28,3.1
1753617236468,11:53:56.468,bitget,AAVE/USDT:USDT,296.25,2.4,296.24,7.3,296.26,0.7,296.28,3.1
1753617236918,11:53:56.918,bitget,AAVE/USDT:USDT,296.25,0.8,296.24,2.3,296.26,0.7,296.27,0.8
1753617237368,11:53:57.368,bitget,AAVE/USDT:USDT,296.25,1.3,296.24,7.3,296.26,0.7,296.28,0.8
1753617237518,11:53:57.518,bitget,AAVE/USDT:USDT,296.25,1.7,296.24,7.3,296.26,0.7,296.28,0.8
1753617237668,11:53:57.668,bitget,AAVE/USDT:USDT,296.25,1.3,296.24,7.3,296.26,0.7,296.28,0.8
1753617237818,11:53:57.818,bitget,AAVE/USDT:USDT,296.19,3.2,296.18,7.1,296.26,4.1,296.27,2.7
1753617237969,11:53:57.969,bitget,AAVE/USDT:USDT,296.2,0.5,296.19,4.5,296.21,0.7,296.24,25.8
1753617238419,11:53:58.419,bitget,AAVE/USDT:USDT,296.2,1.3,296.19,5.3,296.21,0.7,296.22,2.3
1753617238569,11:53:58.569,bitget,AAVE/USDT:USDT,296.2,1.3,296.19,5.3,296.21,0.7,296.22,2.3
1753617239169,11:53:59.169,bitget,AAVE/USDT:USDT,296.2,1.3,296.19,2.0,296.21,0.7,296.23,7.7
1753617239319,11:53:59.319,bitget,AAVE/USDT:USDT,296.2,8.2,296.19,3.0,296.21,0.7,296.23,7.7
1753617239469,11:53:59.469,bitget,AAVE/USDT:USDT,296.2,8.2,296.19,3.0,296.21,0.7,296.23,7.7
1753617239619,11:53:59.619,bitget,AAVE/USDT:USDT,296.2,1.3,296.19,3.0,296.21,0.7,296.23,7.7
1753617239770,11:53:59.770,bitget,AAVE/USDT:USDT,296.18,7.3,296.16,29.0,296.21,3.5,296.22,2.7
1753617240070,11:54:00.070,bitget,AAVE/USDT:USDT,296.19,0.5,296.17,11.2,296.2,3.5,296.21,5.1
1753617240220,11:54:00.220,bitget,AAVE/USDT:USDT,296.19,1.9,296.18,0.5,296.2,2.2,296.21,5.1
1753617240670,11:54:00.670,bitget,AAVE/USDT:USDT,296.19,1.4,296.18,5.0,296.2,2.2,296.21,5.1
1753617240970,11:54:00.970,bitget,AAVE/USDT:USDT,296.2,1.4,296.19,3.0,296.21,0.7,296.22,0.9
1753617241270,11:54:01.270,bitget,AAVE/USDT:USDT,296.2,1.9,296.19,3.2,296.21,1.0,296.22,0.9
1753617241571,11:54:01.571,bitget,AAVE/USDT:USDT,296.2,1.9,296.19,1.9,296.21,1.3,296.22,0.9
1753617241721,11:54:01.721,bitget,AAVE/USDT:USDT,296.2,1.4,296.19,1.9,296.21,1.3,296.22,0.9
1753617241870,11:54:01.870,bitget,AAVE/USDT:USDT,296.2,1.4,296.19,1.9,296.21,1.3,296.22,0.9
1753617242621,11:54:02.621,bitget,AAVE/USDT:USDT,296.15,2.7,296.14,7.4,296.16,5.4,296.18,7.3
1753617243071,11:54:03.071,bitget,AAVE/USDT:USDT,296.15,5.1,296.14,7.3,296.16,0.7,296.18,4.6
1753617243372,11:54:03.372,bitget,AAVE/USDT:USDT,296.15,2.2,296.14,7.3,296.16,0.7,296.18,1.9
1753617243522,11:54:03.522,bitget,AAVE/USDT:USDT,296.15,2.5,296.14,6.3,296.16,0.7,296.18,1.9
1753617243672,11:54:03.672,bitget,AAVE/USDT:USDT,296.15,2.5,296.14,6.3,296.16,0.7,296.18,1.9
1753617243822,11:54:03.822,bitget,AAVE/USDT:USDT,296.15,1.5,296.14,6.3,296.16,0.7,296.18,1.9
1753617243972,11:54:03.972,bitget,AAVE/USDT:USDT,296.15,1.5,296.14,7.3,296.16,0.7,296.18,1.9
1753617244122,11:54:04.122,bitget,AAVE/USDT:USDT,296.15,1.0,296.14,7.3,296.16,0.7,296.18,1.9
1753617244272,11:54:04.272,bitget,AAVE/USDT:USDT,296.15,2.5,296.14,7.3,296.16,0.7,296.18,1.9
1753617244572,11:54:04.572,bitget,AAVE/USDT:USDT,296.15,1.9,296.14,7.3,296.16,0.7,296.18,1.9
1753617245173,11:54:05.173,bitget,AAVE/USDT:USDT,296.15,1.9,296.14,7.3,296.16,0.7,296.18,1.9
1753617246223,11:54:06.223,bitget,AAVE/USDT:USDT,296.11,1.0,296.1,8.2,296.14,1.9,296.15,5.0
1753617246373,11:54:06.373,bitget,AAVE/USDT:USDT,296.13,0.5,296.11,3.6,296.14,4.7,296.15,2.5
1753617246523,11:54:06.523,bitget,AAVE/USDT:USDT,296.11,0.5,296.1,34.6,296.14,4.7,296.15,2.5
1753617246824,11:54:06.824,bitget,AAVE/USDT:USDT,296.15,0.3,296.14,1.7,296.16,13.7,296.17,26.4
1753617247124,11:54:07.124,bitget,AAVE/USDT:USDT,296.15,3.3,296.14,6.0,296.16,0.7,296.17,25.8
1753617247574,11:54:07.574,bitget,AAVE/USDT:USDT,296.13,5.4,296.12,2.5,296.15,3.7,296.16,9.1
1753617247874,11:54:07.874,bitget,AAVE/USDT:USDT,296.13,0.3,296.12,3.3,296.15,4.9,296.16,9.1
1753617248474,11:54:08.474,bitget,AAVE/USDT:USDT,296.09,0.8,296.08,16.6,296.1,25.8,296.11,2.8
1753617248774,11:54:08.774,bitget,AAVE/USDT:USDT,296.09,0.8,296.08,16.6,296.1,28.3,296.11,6.1
1753617248924,11:54:08.924,bitget,AAVE/USDT:USDT,296.09,0.5,296.08,1.0,296.1,28.3,296.11,6.1
1753617249225,11:54:09.225,bitget,AAVE/USDT:USDT,296.09,0.8,296.08,20.2,296.1,25.8,296.11,7.0
1753617249525,11:54:09.525,bitget,AAVE/USDT:USDT,296.08,21.4,296.07,64.7,296.1,25.8,296.11,4.3
1753617249975,11:54:09.975,bitget,AAVE/USDT:USDT,296.09,2.8,296.08,29.0,296.1,25.8,296.11,2.6
1753617250426,11:54:10.426,bitget,AAVE/USDT:USDT,296.09,2.8,296.08,25.1,296.1,20.8,296.11,2.6
1753617251026,11:54:11.026,bitget,AAVE/USDT:USDT,296.09,4.7,296.08,21.1,296.1,23.3,296.11,2.6
1753617251176,11:54:11.176,bitget,AAVE/USDT:USDT,296.09,4.7,296.08,21.1,296.1,23.3,296.11,2.6
1753617251326,11:54:11.326,bitget,AAVE/USDT:USDT,296.09,4.7,296.08,21.1,296.1,20.8,296.11,2.6
1753617251476,11:54:11.476,bitget,AAVE/USDT:USDT,296.09,4.4,296.08,21.1,296.1,20.8,296.11,2.6
1753617251626,11:54:11.626,bitget,AAVE/USDT:USDT,296.09,4.7,296.08,22.1,296.1,20.8,296.11,2.6
1753617251776,11:54:11.776,bitget,AAVE/USDT:USDT,296.09,4.7,296.08,21.1,296.1,20.8,296.11,2.6
1753617251926,11:54:11.926,bitget,AAVE/USDT:USDT,296.09,1.3,296.08,22.1,296.1,20.8,296.11,2.6
1753617252526,11:54:12.526,bitget,AAVE/USDT:USDT,296.1,0.3,296.09,4.4,296.12,4.7,296.13,8.5
1753617252677,11:54:12.677,bitget,AAVE/USDT:USDT,296.1,0.8,296.09,3.9,296.12,4.4,296.13,8.5
1753617252827,11:54:12.827,bitget,AAVE/USDT:USDT,296.11,0.9,296.1,0.5,296.12,1.9,296.13,8.5
1753617252977,11:54:12.977,bitget,AAVE/USDT:USDT,296.1,0.5,296.09,3.9,296.12,4.4,296.13,8.5
1753617253127,11:54:13.127,bitget,AAVE/USDT:USDT,296.1,0.8,296.09,3.9,296.12,4.4,296.13,8.5
1753617253277,11:54:13.277,bitget,AAVE/USDT:USDT,296.1,0.8,296.09,6.3,296.12,4.4,296.13,8.5
1753617253427,11:54:13.427,bitget,AAVE/USDT:USDT,296.1,0.5,296.09,0.5,296.11,3.2,296.12,1.9
1753617253577,11:54:13.577,bitget,AAVE/USDT:USDT,296.1,0.3,296.09,0.5,296.11,3.2,296.12,1.9
1753617253877,11:54:13.877,bitget,AAVE/USDT:USDT,296.1,0.3,296.09,1.5,296.11,0.7,296.12,1.9
1753617254028,11:54:14.028,bitget,AAVE/USDT:USDT,296.1,0.3,296.09,5.5,296.11,0.7,296.12,1.9
1753617254178,11:54:14.178,bitget,AAVE/USDT:USDT,296.1,0.3,296.09,5.5,296.11,0.7,296.12,1.9
1753617254328,11:54:14.328,bitget,AAVE/USDT:USDT,296.1,0.3,296.09,5.5,296.11,0.7,296.12,1.9
1753617254628,11:54:14.628,bitget,AAVE/USDT:USDT,296.1,0.3,296.09,5.5,296.11,0.7,296.13,8.5
1753617254928,11:54:14.928,bitget,AAVE/USDT:USDT,296.1,0.8,296.09,0.5,296.11,0.7,296.13,8.5
1753617255078,11:54:15.078,bitget,AAVE/USDT:USDT,296.1,0.8,296.09,1.5,296.11,0.7,296.13,8.5
1753617255228,11:54:15.228,bitget,AAVE/USDT:USDT,296.1,0.8,296.09,1.5,296.11,0.7,296.13,8.5
1753617255528,11:54:15.528,bitget,AAVE/USDT:USDT,296.1,7.7,296.09,2.2,296.11,0.7,296.13,8.5
1753617255678,11:54:15.678,bitget,AAVE/USDT:USDT,296.1,7.7,296.09,2.2,296.11,0.7,296.13,8.5
1753617255829,11:54:15.829,bitget,AAVE/USDT:USDT,296.1,7.7,296.09,2.2,296.11,0.7,296.13,8.5
1753617256129,11:54:16.129,bitget,AAVE/USDT:USDT,296.1,7.7,296.09,2.2,296.11,0.7,296.13,8.5
1753617256279,11:54:16.279,bitget,AAVE/USDT:USDT,296.1,0.5,296.09,1.2,296.11,0.7,296.13,8.5
1753617256429,11:54:16.429,bitget,AAVE/USDT:USDT,296.09,0.7,296.08,16.6,296.11,3.5,296.13,8.5
1753617256579,11:54:16.579,bitget,AAVE/USDT:USDT,296.08,16.6,296.07,69.3,296.1,2.8,296.11,2.6
1753617256729,11:54:16.729,bitget,AAVE/USDT:USDT,296.08,21.6,296.07,62.2,296.1,0.3,296.11,2.6
1753617256879,11:54:16.879,bitget,AAVE/USDT:USDT,296.09,0.5,296.08,21.6,296.1,0.3,296.11,2.6
1753617257179,11:54:17.179,bitget,AAVE/USDT:USDT,296.1,0.3,296.09,3.8,296.11,2.6,296.13,8.5
1753617257480,11:54:17.480,bitget,AAVE/USDT:USDT,296.1,1.7,296.09,4.6,296.11,0.7,296.13,8.5
1753617257630,11:54:17.630,bitget,AAVE/USDT:USDT,296.1,1.7,296.09,4.6,296.11,0.7,296.13,8.5
1753617257780,11:54:17.780,bitget,AAVE/USDT:USDT,296.1,1.7,296.09,4.6,296.11,0.7,296.13,8.5
1753617257930,11:54:17.930,bitget,AAVE/USDT:USDT,296.1,1.7,296.09,4.6,296.11,0.7,296.13,8.5
1753617258680,11:54:18.680,bitget,AAVE/USDT:USDT,296.1,1.4,296.09,4.6,296.11,1.0,296.13,8.5
1753617258830,11:54:18.830,bitget,AAVE/USDT:USDT,296.1,1.4,296.09,4.6,296.11,0.7,296.13,8.5
1753617258980,11:54:18.980,bitget,AAVE/USDT:USDT,296.1,1.7,296.09,4.6,296.11,0.7,296.13,8.5
1753617259130,11:54:19.130,bitget,AAVE/USDT:USDT,296.1,1.7,296.09,4.6,296.11,0.7,296.13,8.5
1753617259281,11:54:19.281,bitget,AAVE/USDT:USDT,296.1,1.7,296.09,4.6,296.11,0.7,296.13,8.5
1753617259731,11:54:19.731,bitget,AAVE/USDT:USDT,296.1,1.4,296.09,4.6,296.11,1.0,296.13,8.5
1753617259881,11:54:19.881,bitget,AAVE/USDT:USDT,296.1,1.4,296.09,4.6,296.11,1.0,296.13,8.5
1753617260031,11:54:20.031,bitget,AAVE/USDT:USDT,296.1,1.7,296.09,4.6,296.11,1.0,296.13,8.5
1753617260181,11:54:20.181,bitget,AAVE/USDT:USDT,296.1,1.7,296.09,4.6,296.11,0.7,296.13,8.5
1753617260481,11:54:20.481,bitget,AAVE/USDT:USDT,296.1,1.7,296.09,4.6,296.11,1.0,296.13,8.5
1753617260931,11:54:20.931,bitget,AAVE/USDT:USDT,296.1,1.4,296.09,4.6,296.11,1.0,296.13,8.5
1753617261082,11:54:21.082,bitget,AAVE/USDT:USDT,296.1,1.4,296.09,4.6,296.11,1.0,296.13,8.5
1753617261232,11:54:21.232,bitget,AAVE/USDT:USDT,296.1,1.4,296.09,4.6,296.11,1.0,296.13,8.5
1753617261382,11:54:21.382,bitget,AAVE/USDT:USDT,296.1,1.4,296.09,4.6,296.11,1.0,296.13,8.5
1753617261532,11:54:21.532,bitget,AAVE/USDT:USDT,296.1,1.4,296.09,4.6,296.11,1.0,296.13,8.5
1753617261682,11:54:21.682,bitget,AAVE/USDT:USDT,296.1,1.4,296.09,4.6,296.11,1.0,296.13,8.5
1753617262132,11:54:22.132,bitget,AAVE/USDT:USDT,296.1,1.7,296.09,4.6,296.11,0.7,296.13,8.5
1753617262432,11:54:22.432,bitget,AAVE/USDT:USDT,296.1,1.7,296.09,4.6,296.11,0.7,296.13,8.5
1753617263333,11:54:23.333,bitget,AAVE/USDT:USDT,296.1,0.8,296.09,4.6,296.11,0.7,296.13,8.5
1753617263483,11:54:23.483,bitget,AAVE/USDT:USDT,296.1,0.8,296.09,4.6,296.11,0.7,296.13,8.5
1753617263633,11:54:23.633,bitget,AAVE/USDT:USDT,296.1,0.8,296.09,4.6,296.11,0.7,296.13,8.5
1753617263783,11:54:23.783,bitget,AAVE/USDT:USDT,296.1,0.8,296.09,4.6,296.11,0.7,296.13,8.5
1753617263933,11:54:23.933,bitget,AAVE/USDT:USDT,296.1,0.8,296.09,4.6,296.11,0.7,296.13,8.5
1753617264083,11:54:24.083,bitget,AAVE/USDT:USDT,296.1,0.5,296.09,4.6,296.11,1.0,296.13,8.5
1753617264233,11:54:24.233,bitget,AAVE/USDT:USDT,296.09,4.6,296.08,17.6,296.11,1.0,296.13,8.5
1753617264383,11:54:24.383,bitget,AAVE/USDT:USDT,296.09,3.7,296.08,17.6,296.11,2.6,296.13,8.5
1753617264534,11:54:24.534,bitget,AAVE/USDT:USDT,296.09,3.7,296.08,17.6,296.11,2.6,296.13,8.5
1753617264684,11:54:24.684,bitget,AAVE/USDT:USDT,296.09,3.7,296.08,17.6,296.11,2.9,296.13,8.5
1753617264984,11:54:24.984,bitget,AAVE/USDT:USDT,296.09,2.4,296.08,17.6,296.1,0.3,296.11,2.6
1753617265134,11:54:25.134,bitget,AAVE/USDT:USDT,296.09,2.4,296.08,17.6,296.11,2.6,296.13,8.5
1753617265434,11:54:25.434,bitget,AAVE/USDT:USDT,296.09,2.4,296.08,17.6,296.11,2.6,296.13,8.5
1753617265584,11:54:25.584,bitget,AAVE/USDT:USDT,296.09,2.4,296.08,17.6,296.11,5.1,296.13,8.5
1753617266334,11:54:26.334,bitget,AAVE/USDT:USDT,296.1,0.5,296.09,6.4,296.11,1.0,296.13,8.5
1753617266635,11:54:26.635,bitget,AAVE/USDT:USDT,296.1,0.5,296.09,6.4,296.11,1.0,296.13,8.5
1753617266785,11:54:26.785,bitget,AAVE/USDT:USDT,296.1,0.5,296.09,2.4,296.11,1.0,296.13,8.5
1753617266935,11:54:26.935,bitget,AAVE/USDT:USDT,296.1,0.5,296.09,2.4,296.11,1.0,296.13,8.5
1753617267535,11:54:27.535,bitget,AAVE/USDT:USDT,296.1,0.5,296.09,2.4,296.11,1.0,296.13,8.5
1753617267685,11:54:27.685,bitget,AAVE/USDT:USDT,296.1,4.8,296.09,2.4,296.11,0.7,296.13,8.5
1753617267835,11:54:27.835,bitget,AAVE/USDT:USDT,296.1,4.8,296.09,2.4,296.11,0.7,296.13,8.5
1753617267985,11:54:27.985,bitget,AAVE/USDT:USDT,296.1,7.7,296.09,2.4,296.11,0.7,296.13,8.5
1753617268136,11:54:28.136,bitget,AAVE/USDT:USDT,296.1,7.7,296.09,2.4,296.11,0.7,296.13,8.5
1753617268286,11:54:28.286,bitget,AAVE/USDT:USDT,296.1,7.7,296.09,2.4,296.11,0.7,296.13,8.5
1753617268736,11:54:28.736,bitget,AAVE/USDT:USDT,296.1,4.8,296.09,2.4,296.11,0.7,296.13,8.5
1753617269036,11:54:29.036,bitget,AAVE/USDT:USDT,296.1,0.5,296.09,2.4,296.11,1.0,296.13,8.5
1753617269336,11:54:29.336,bitget,AAVE/USDT:USDT,296.1,5.4,296.09,2.4,296.11,1.0,296.13,8.5
1753617269486,11:54:29.486,bitget,AAVE/USDT:USDT,296.1,5.4,296.09,2.4,296.11,1.0,296.13,8.5
1753617269636,11:54:29.636,bitget,AAVE/USDT:USDT,296.1,5.4,296.09,2.4,296.11,0.7,296.13,8.5
1753617269787,11:54:29.787,bitget,AAVE/USDT:USDT,296.1,5.4,296.09,2.4,296.11,0.7,296.13,8.5
1753617270086,11:54:30.086,bitget,AAVE/USDT:USDT,296.1,0.9,296.09,2.4,296.11,3.5,296.13,8.5
1753617270387,11:54:30.387,bitget,AAVE/USDT:USDT,296.1,0.9,296.09,2.4,296.11,1.0,296.13,8.5
1753617270687,11:54:30.687,bitget,AAVE/USDT:USDT,296.1,0.9,296.08,16.6,296.11,1.0,296.13,8.5
1753617270837,11:54:30.837,bitget,AAVE/USDT:USDT,296.1,0.9,296.08,16.6,296.11,1.0,296.13,8.5
1753617270987,11:54:30.987,bitget,AAVE/USDT:USDT,296.1,0.9,296.08,16.6,296.11,1.0,296.13,8.5
1753617271137,11:54:31.137,bitget,AAVE/USDT:USDT,296.1,0.9,296.08,16.6,296.11,1.0,296.13,8.5
1753617271287,11:54:31.287,bitget,AAVE/USDT:USDT,296.1,0.9,296.08,16.6,296.11,1.0,296.13,8.5
1753617271437,11:54:31.437,bitget,AAVE/USDT:USDT,296.1,0.9,296.08,16.6,296.11,1.0,296.13,8.5
1753617271588,11:54:31.588,bitget,AAVE/USDT:USDT,296.1,0.9,296.08,16.6,296.11,1.0,296.13,8.5
1753617271887,11:54:31.887,bitget,AAVE/USDT:USDT,296.1,0.9,296.08,16.6,296.11,1.0,296.13,8.5
1753617272037,11:54:32.037,bitget,AAVE/USDT:USDT,296.1,1.2,296.08,16.6,296.11,1.0,296.13,8.5
1753617272188,11:54:32.188,bitget,AAVE/USDT:USDT,296.1,1.2,296.08,16.6,296.11,0.9,296.13,8.5
1753617272338,11:54:32.338,bitget,AAVE/USDT:USDT,296.1,0.9,296.08,16.6,296.11,0.9,296.13,8.5
1753617272488,11:54:32.488,bitget,AAVE/USDT:USDT,296.1,0.9,296.09,0.7,296.11,1.0,296.13,8.5
1753617272788,11:54:32.788,bitget,AAVE/USDT:USDT,296.1,0.9,296.09,0.7,296.11,1.0,296.13,8.5
1753617273088,11:54:33.088,bitget,AAVE/USDT:USDT,296.1,1.7,296.09,5.7,296.11,0.9,296.13,8.5
1753617273238,11:54:33.238,bitget,AAVE/USDT:USDT,296.1,1.7,296.09,5.7,296.11,0.9,296.13,8.5
1753617273388,11:54:33.388,bitget,AAVE/USDT:USDT,296.1,1.7,296.09,5.7,296.11,1.4,296.13,8.5
1753617273538,11:54:33.538,bitget,AAVE/USDT:USDT,296.1,0.9,296.08,16.6,296.11,3.9,296.13,8.5
1753617273689,11:54:33.689,bitget,AAVE/USDT:USDT,296.1,0.9,296.08,16.6,296.11,1.4,296.13,8.5
1753617273839,11:54:33.839,bitget,AAVE/USDT:USDT,296.1,0.9,296.08,16.6,296.11,1.2,296.13,8.5
1753617273989,11:54:33.989,bitget,AAVE/USDT:USDT,296.1,0.9,296.09,5.0,296.11,0.7,296.13,8.5
1753617274139,11:54:34.139,bitget,AAVE/USDT:USDT,296.1,1.7,296.09,5.0,296.11,0.7,296.13,8.5
1753617274289,11:54:34.289,bitget,AAVE/USDT:USDT,296.1,1.7,296.09,5.0,296.11,0.7,296.13,8.5
1753617274439,11:54:34.439,bitget,AAVE/USDT:USDT,296.1,1.4,296.09,5.0,296.11,1.3,296.13,8.5
1753617274739,11:54:34.739,bitget,AAVE/USDT:USDT,296.1,1.4,296.08,16.6,296.11,3.5,296.13,8.5
1753617274889,11:54:34.889,bitget,AAVE/USDT:USDT,296.1,0.9,296.08,16.6,296.11,3.5,296.13,8.5
1753617275039,11:54:35.039,bitget,AAVE/USDT:USDT,296.1,0.9,296.08,16.6,296.11,3.5,296.13,8.5
1753617275340,11:54:35.340,bitget,AAVE/USDT:USDT,296.1,0.9,296.08,16.6,296.11,3.5,296.13,8.5
1753617275490,11:54:35.490,bitget,AAVE/USDT:USDT,296.1,0.9,296.08,16.6,296.11,3.2,296.13,8.5
1753617275640,11:54:35.640,bitget,AAVE/USDT:USDT,296.1,0.9,296.08,16.6,296.11,3.2,296.13,8.5
1753617275790,11:54:35.790,bitget,AAVE/USDT:USDT,296.1,0.9,296.08,16.6,296.11,3.5,296.13,8.5
1753617275940,11:54:35.940,bitget,AAVE/USDT:USDT,296.1,0.9,296.08,16.6,296.11,3.5,296.13,8.5
1753617276090,11:54:36.090,bitget,AAVE/USDT:USDT,296.1,1.2,296.08,16.6,296.11,3.5,296.13,8.5
1753617276240,11:54:36.240,bitget,AAVE/USDT:USDT,296.1,0.9,296.08,16.6,296.11,3.5,296.13,8.5
1753617276390,11:54:36.390,bitget,AAVE/USDT:USDT,296.1,6.4,296.08,16.6,296.11,1.0,296.13,8.5
1753617276540,11:54:36.540,bitget,AAVE/USDT:USDT,296.1,1.4,296.09,4.0,296.11,2.0,296.13,8.5
1753617276690,11:54:36.690,bitget,AAVE/USDT:USDT,296.1,1.4,296.09,5.0,296.11,1.0,296.13,8.5
1753617276990,11:54:36.990,bitget,AAVE/USDT:USDT,296.1,1.4,296.09,4.0,296.11,1.2,296.13,8.5
1753617277141,11:54:37.141,bitget,AAVE/USDT:USDT,296.1,1.4,296.09,4.0,296.11,1.2,296.13,8.5
1753617277291,11:54:37.291,bitget,AAVE/USDT:USDT,296.1,1.4,296.09,4.0,296.11,1.2,296.13,8.5
1753617277591,11:54:37.591,bitget,AAVE/USDT:USDT,296.1,1.4,296.09,4.0,296.11,2.1,296.13,8.5
1753617277741,11:54:37.741,bitget,AAVE/USDT:USDT,296.1,1.4,296.09,4.0,296.11,2.1,296.13,8.5
1753617277891,11:54:37.891,bitget,AAVE/USDT:USDT,296.1,1.4,296.09,4.7,296.11,1.4,296.13,8.5
1753617278041,11:54:38.041,bitget,AAVE/USDT:USDT,296.1,1.4,296.09,4.7,296.11,1.4,296.13,8.5
1753617278191,11:54:38.191,bitget,AAVE/USDT:USDT,296.1,0.5,296.09,0.7,296.11,1.0,296.13,8.5
1753617278341,11:54:38.341,bitget,AAVE/USDT:USDT,296.07,62.2,296.06,0.5,296.1,28.6,296.11,2.6
1753617278491,11:54:38.491,bitget,AAVE/USDT:USDT,296.07,62.7,296.05,7.4,296.09,1.9,296.1,32.2
1753617278641,11:54:38.641,bitget,AAVE/USDT:USDT,296.07,1.5,296.06,2.2,296.08,0.3,296.09,4.4
1753617278791,11:54:38.791,bitget,AAVE/USDT:USDT,296.07,2.3,296.06,2.2,296.08,0.3,296.09,4.4
1753617278942,11:54:38.942,bitget,AAVE/USDT:USDT,296.07,2.3,296.06,2.2,296.08,0.3,296.09,13.3
1753617279092,11:54:39.092,bitget,AAVE/USDT:USDT,296.07,2.3,296.06,7.5,296.08,0.3,296.09,13.3
1753617279242,11:54:39.242,bitget,AAVE/USDT:USDT,296.07,2.3,296.06,7.5,296.08,0.3,296.09,13.3
1753617279542,11:54:39.542,bitget,AAVE/USDT:USDT,296.09,3.8,296.08,1.9,296.11,3.5,296.12,0.3
1753617279692,11:54:39.692,bitget,AAVE/USDT:USDT,296.09,3.3,296.08,1.9,296.1,0.3,296.11,5.1
1753617279842,11:54:39.842,bitget,AAVE/USDT:USDT,296.09,3.3,296.08,4.5,296.11,5.7,296.12,2.7
1753617279992,11:54:39.992,bitget,AAVE/USDT:USDT,296.09,3.3,296.08,4.5,296.11,5.7,296.12,2.7
1753617280142,11:54:40.142,bitget,AAVE/USDT:USDT,296.09,1.4,296.08,4.5,296.1,2.8,296.11,3.2
1753617280292,11:54:40.292,bitget,AAVE/USDT:USDT,296.09,1.4,296.08,3.3,296.1,2.8,296.11,5.9
1753617280442,11:54:40.442,bitget,AAVE/USDT:USDT,296.09,1.7,296.08,2.1,296.11,8.4,296.12,5.4
1753617280592,11:54:40.592,bitget,AAVE/USDT:USDT,296.09,1.4,296.08,4.2,296.1,0.3,296.11,8.4
1753617280743,11:54:40.743,bitget,AAVE/USDT:USDT,296.09,1.7,296.08,4.2,296.11,8.0,296.12,3.5
1753617280893,11:54:40.893,bitget,AAVE/USDT:USDT,296.09,1.4,296.08,2.3,296.1,2.8,296.11,5.5
1753617281043,11:54:41.043,bitget,AAVE/USDT:USDT,296.09,1.4,296.08,0.2,296.1,2.8,296.11,5.5
1753617281193,11:54:41.193,bitget,AAVE/USDT:USDT,296.09,1.7,296.08,4.2,296.11,5.5,296.12,3.5
1753617281343,11:54:41.343,bitget,AAVE/USDT:USDT,296.09,1.7,296.08,0.2,296.1,2.5,296.11,5.5
1753617281493,11:54:41.493,bitget,AAVE/USDT:USDT,296.09,1.4,296.08,0.2,296.1,2.5,296.11,5.5
1753617281643,11:54:41.643,bitget,AAVE/USDT:USDT,296.09,1.4,296.08,0.2,296.1,2.8,296.11,6.1
1753617281793,11:54:41.793,bitget,AAVE/USDT:USDT,296.09,1.4,296.08,0.2,296.1,2.8,296.11,6.1
1753617282093,11:54:42.093,bitget,AAVE/USDT:USDT,296.09,1.4,296.08,0.2,296.1,2.8,296.11,6.1
1753617282244,11:54:42.244,bitget,AAVE/USDT:USDT,296.09,1.4,296.07,10.1,296.1,2.8,296.11,6.1
1753617282393,11:54:42.393,bitget,AAVE/USDT:USDT,296.09,1.4,296.07,10.1,296.1,2.8,296.11,6.1
1753617282544,11:54:42.544,bitget,AAVE/USDT:USDT,296.07,10.1,296.06,36.1,296.1,2.8,296.11,6.1
1753617282694,11:54:42.694,bitget,AAVE/USDT:USDT,296.07,10.1,296.06,29.0,296.08,0.3,296.09,1.9
1753617282844,11:54:42.844,bitget,AAVE/USDT:USDT,296.07,0.5,296.06,32.7,296.08,0.3,296.09,3.0
1753617282994,11:54:42.994,bitget,AAVE/USDT:USDT,296.07,2.9,296.06,32.7,296.08,0.3,296.09,1.9
1753617283144,11:54:43.144,bitget,AAVE/USDT:USDT,296.07,1.6,296.06,33.7,296.08,0.3,296.09,3.1
1753617283294,11:54:43.294,bitget,AAVE/USDT:USDT,296.07,1.9,296.06,33.7,296.08,0.3,296.09,3.1
1753617283444,11:54:43.444,bitget,AAVE/USDT:USDT,296.07,1.6,296.06,33.7,296.08,0.3,296.09,1.9
1753617283594,11:54:43.594,bitget,AAVE/USDT:USDT,296.07,1.6,296.06,33.7,296.08,0.3,296.09,3.1
1753617283894,11:54:43.894,bitget,AAVE/USDT:USDT,296.08,0.5,296.07,3.8,296.09,2.2,296.1,4.1
1753617284044,11:54:44.044,bitget,AAVE/USDT:USDT,296.08,1.9,296.07,3.8,296.09,2.2,296.1,4.1
1753617284194,11:54:44.194,bitget,AAVE/USDT:USDT,296.08,1.9,296.07,3.8,296.09,2.2,296.1,4.1
1753617284345,11:54:44.345,bitget,AAVE/USDT:USDT,296.08,1.9,296.07,3.5,296.09,2.2,296.1,4.1
1753617284495,11:54:44.495,bitget,AAVE/USDT:USDT,296.08,1.9,296.07,3.5,296.09,4.7,296.1,1.6
1753617284645,11:54:44.645,bitget,AAVE/USDT:USDT,296.08,1.9,296.07,3.5,296.09,4.7,296.1,1.6
1753617284795,11:54:44.795,bitget,AAVE/USDT:USDT,296.08,1.9,296.07,3.5,296.09,4.7,296.1,1.6
1753617284945,11:54:44.945,bitget,AAVE/USDT:USDT,296.08,1.9,296.07,3.5,296.09,4.7,296.1,1.6
1753617285095,11:54:45.095,bitget,AAVE/USDT:USDT,296.08,1.9,296.07,3.5,296.09,4.7,296.1,1.6
1753617285245,11:54:45.245,bitget,AAVE/USDT:USDT,296.08,1.4,296.07,3.5,296.09,4.7,296.1,1.6
1753617285395,11:54:45.395,bitget,AAVE/USDT:USDT,296.08,1.4,296.07,3.5,296.09,4.7,296.1,1.6
1753617285545,11:54:45.545,bitget,AAVE/USDT:USDT,296.08,1.4,296.07,3.5,296.09,4.7,296.1,1.6
1753617285695,11:54:45.695,bitget,AAVE/USDT:USDT,296.08,1.4,296.07,3.5,296.09,2.2,296.1,1.6
1753617285845,11:54:45.845,bitget,AAVE/USDT:USDT,296.08,1.4,296.07,3.5,296.09,2.2,296.1,1.6
1753617285996,11:54:45.996,bitget,AAVE/USDT:USDT,296.08,1.4,296.07,3.5,296.09,2.2,296.1,1.6
1753617286146,11:54:46.146,bitget,AAVE/USDT:USDT,296.08,1.4,296.07,3.5,296.09,2.2,296.1,1.6
1753617286296,11:54:46.296,bitget,AAVE/USDT:USDT,296.08,1.4,296.07,3.5,296.09,0.3,296.1,1.6
1753617286446,11:54:46.446,bitget,AAVE/USDT:USDT,296.08,1.4,296.07,3.5,296.09,0.3,296.1,1.6
1753617286596,11:54:46.596,bitget,AAVE/USDT:USDT,296.08,1.4,296.07,3.5,296.09,0.3,296.1,1.6
1753617286746,11:54:46.746,bitget,AAVE/USDT:USDT,296.08,1.4,296.07,3.5,296.09,0.3,296.1,1.6
1753617286896,11:54:46.896,bitget,AAVE/USDT:USDT,296.08,1.4,296.07,5.3,296.09,0.3,296.1,1.6
1753617287046,11:54:47.046,bitget,AAVE/USDT:USDT,296.08,1.4,296.07,12.2,296.09,0.3,296.1,1.6
1753617287196,11:54:47.196,bitget,AAVE/USDT:USDT,296.08,1.4,296.07,12.2,296.1,1.6,296.11,6.1
1753617287346,11:54:47.346,bitget,AAVE/USDT:USDT,296.08,1.7,296.07,12.2,296.1,1.6,296.11,6.1
1753617287496,11:54:47.496,bitget,AAVE/USDT:USDT,296.08,1.4,296.07,12.2,296.09,0.3,296.1,1.6
1753617287646,11:54:47.646,bitget,AAVE/USDT:USDT,296.08,1.4,296.07,12.2,296.09,0.3,296.1,1.6
1753617287796,11:54:47.796,bitget,AAVE/USDT:USDT,296.08,1.4,296.07,12.2,296.09,0.3,296.1,1.6
1753617287947,11:54:47.947,bitget,AAVE/USDT:USDT,296.08,0.9,296.06,32.9,296.09,0.3,296.1,1.6
1753617288097,11:54:48.097,bitget,AAVE/USDT:USDT,296.05,18.7,296.04,70.3,296.09,3.1,296.1,1.6
1753617288247,11:54:48.247,bitget,AAVE/USDT:USDT,296.06,4.0,296.05,21.1,296.07,0.3,296.08,1.9
1753617288397,11:54:48.397,bitget,AAVE/USDT:USDT,296.06,0.5,296.05,25.1,296.07,0.3,296.08,1.9
1753617288547,11:54:48.547,bitget,AAVE/USDT:USDT,296.06,0.5,296.05,26.1,296.07,0.3,296.08,1.9
1753617288697,11:54:48.697,bitget,AAVE/USDT:USDT,296.06,0.5,296.05,26.1,296.07,0.3,296.08,1.9
1753617288847,11:54:48.847,bitget,AAVE/USDT:USDT,296.06,1.4,296.05,26.1,296.07,0.3,296.08,1.9
1753617288997,11:54:48.997,bitget,AAVE/USDT:USDT,296.06,1.7,296.05,26.1,296.08,1.9,296.09,2.5
1753617289147,11:54:49.147,bitget,AAVE/USDT:USDT,296.07,2.4,296.06,4.3,296.1,0.8,296.11,2.6
1753617289297,11:54:49.297,bitget,AAVE/USDT:USDT,296.09,0.5,296.08,2.1,296.1,0.8,296.11,2.9
1753617289447,11:54:49.447,bitget,AAVE/USDT:USDT,296.09,0.5,296.08,0.3,296.1,1.1,296.11,2.9
1753617289597,11:54:49.597,bitget,AAVE/USDT:USDT,296.09,0.5,296.08,0.3,296.1,1.1,296.11,2.9
1753617289748,11:54:49.748,bitget,AAVE/USDT:USDT,296.09,0.8,296.08,2.1,296.1,2.5,296.11,2.9
1753617289898,11:54:49.898,bitget,AAVE/USDT:USDT,296.09,0.8,296.08,2.1,296.11,2.6,296.13,9.1
1753617290048,11:54:50.048,bitget,AAVE/USDT:USDT,296.09,0.5,296.07,9.5,296.1,0.3,296.11,5.1
1753617290198,11:54:50.198,bitget,AAVE/USDT:USDT,296.09,0.8,296.07,9.5,296.11,5.1,296.13,9.1
1753617290348,11:54:50.348,bitget,AAVE/USDT:USDT,296.1,0.3,296.09,10.3,296.11,2.6,296.13,9.1
1753617290498,11:54:50.498,bitget,AAVE/USDT:USDT,296.1,1.7,296.09,10.3,296.11,0.7,296.13,9.1
1753617290648,11:54:50.648,bitget,AAVE/USDT:USDT,296.1,1.7,296.09,2.4,296.11,1.3,296.13,9.1
1753617290798,11:54:50.798,bitget,AAVE/USDT:USDT,296.1,1.7,296.09,2.4,296.11,1.3,296.13,9.1
1753617290948,11:54:50.948,bitget,AAVE/USDT:USDT,296.1,1.7,296.09,2.4,296.11,1.3,296.13,9.1
1753617291098,11:54:51.098,bitget,AAVE/USDT:USDT,296.1,1.7,296.09,2.4,296.11,1.3,296.13,9.1
1753617291248,11:54:51.248,bitget,AAVE/USDT:USDT,296.1,1.7,296.09,2.4,296.11,1.3,296.13,9.1
1753617291399,11:54:51.399,bitget,AAVE/USDT:USDT,296.1,1.7,296.09,2.4,296.11,1.3,296.13,9.1
1753617291549,11:54:51.549,bitget,AAVE/USDT:USDT,296.1,1.7,296.09,2.4,296.11,1.3,296.13,9.1
1753617291699,11:54:51.699,bitget,AAVE/USDT:USDT,296.1,1.7,296.09,2.4,296.11,1.3,296.13,9.1
1753617291849,11:54:51.849,bitget,AAVE/USDT:USDT,296.1,1.7,296.09,2.4,296.11,1.3,296.13,9.1
1753617291999,11:54:51.999,bitget,AAVE/USDT:USDT,296.1,1.7,296.09,2.4,296.11,1.3,296.13,9.1
1753617292149,11:54:52.149,bitget,AAVE/USDT:USDT,296.1,1.7,296.09,2.4,296.11,1.3,296.13,9.1
1753617292299,11:54:52.299,bitget,AAVE/USDT:USDT,296.1,1.7,296.09,2.4,296.11,1.3,296.13,9.1
1753617292449,11:54:52.449,bitget,AAVE/USDT:USDT,296.1,0.8,296.09,2.4,296.11,1.3,296.13,9.1
1753617292599,11:54:52.599,bitget,AAVE/USDT:USDT,296.09,0.5,296.08,2.5,296.11,3.7,296.13,9.1
1753617292749,11:54:52.749,bitget,AAVE/USDT:USDT,296.09,0.8,296.07,19.1,296.1,2.5,296.11,3.2
1753617292899,11:54:52.899,bitget,AAVE/USDT:USDT,296.09,0.8,296.07,19.1,296.1,2.5,296.11,3.2
1753617293049,11:54:53.049,bitget,AAVE/USDT:USDT,296.09,0.8,296.07,19.1,296.1,2.5,296.11,0.7
1753617293200,11:54:53.200,bitget,AAVE/USDT:USDT,296.09,4.8,296.08,1.0,296.1,2.5,296.11,0.7
1753617293350,11:54:53.350,bitget,AAVE/USDT:USDT,296.09,0.8,296.08,5.0,296.1,1.9,296.11,0.7
1753617293499,11:54:53.499,bitget,AAVE/USDT:USDT,296.09,0.8,296.08,5.0,296.11,0.7,296.13,9.1
1753617293650,11:54:53.650,bitget,AAVE/USDT:USDT,296.1,0.3,296.09,0.5,296.11,0.7,296.13,9.1
1753617293800,11:54:53.800,bitget,AAVE/USDT:USDT,296.1,0.3,296.09,0.5,296.11,0.7,296.13,9.1
1753617293950,11:54:53.950,bitget,AAVE/USDT:USDT,296.1,0.3,296.09,0.5,296.11,0.7,296.13,9.1
1753617294100,11:54:54.100,bitget,AAVE/USDT:USDT,296.1,0.3,296.09,0.5,296.11,0.7,296.13,9.1
1753617294250,11:54:54.250,bitget,AAVE/USDT:USDT,296.1,0.3,296.09,0.5,296.11,0.7,296.13,9.1
1753617294400,11:54:54.400,bitget,AAVE/USDT:USDT,296.1,0.3,296.09,0.5,296.11,0.7,296.13,9.1
1753617294550,11:54:54.550,bitget,AAVE/USDT:USDT,296.1,0.3,296.09,0.5,296.11,0.7,296.13,9.1
1753617294700,11:54:54.700,bitget,AAVE/USDT:USDT,296.1,0.3,296.09,0.5,296.11,0.7,296.13,9.1
1753617294850,11:54:54.850,bitget,AAVE/USDT:USDT,296.09,0.5,296.07,2.4,296.11,3.5,296.13,9.1
1753617295001,11:54:55.001,bitget,AAVE/USDT:USDT,296.09,0.5,296.07,12.2,296.1,2.9,296.11,3.2
1753617295151,11:54:55.151,bitget,AAVE/USDT:USDT,296.09,0.5,296.07,12.2,296.1,5.4,296.11,0.7
1753617295301,11:54:55.301,bitget,AAVE/USDT:USDT,296.07,12.2,296.06,26.7,296.1,5.4,296.11,0.7
1753617295451,11:54:55.451,bitget,AAVE/USDT:USDT,296.06,27.8,296.05,27.7,296.09,0.3,296.1,5.1
1753617295601,11:54:55.601,bitget,AAVE/USDT:USDT,296.07,0.3,296.06,8.2,296.09,6.3,296.1,2.6
1753617295751,11:54:55.751,bitget,AAVE/USDT:USDT,296.08,0.9,296.07,3.7,296.09,4.4,296.1,2.1
1753617295901,11:54:55.901,bitget,AAVE/USDT:USDT,296.08,0.9,296.07,2.5,296.09,4.7,296.1,2.1
1753617296051,11:54:56.051,bitget,AAVE/USDT:USDT,296.08,0.9,296.07,2.2,296.09,4.7,296.1,2.1
1753617296201,11:54:56.201,bitget,AAVE/USDT:USDT,296.08,0.9,296.07,1.2,296.09,2.2,296.1,2.1
1753617296351,11:54:56.351,bitget,AAVE/USDT:USDT,296.08,0.9,296.07,1.2,296.09,2.2,296.1,2.1
1753617296501,11:54:56.501,bitget,AAVE/USDT:USDT,296.08,0.9,296.07,1.2,296.09,2.4,296.1,2.1
1753617296652,11:54:56.652,bitget,AAVE/USDT:USDT,296.08,0.9,296.07,1.2,296.09,2.2,296.1,2.1
1753617296802,11:54:56.802,bitget,AAVE/USDT:USDT,296.08,0.9,296.07,1.2,296.09,2.2,296.1,2.1
1753617296952,11:54:56.952,bitget,AAVE/USDT:USDT,296.08,0.9,296.07,1.2,296.09,2.2,296.1,2.1
1753617297102,11:54:57.102,bitget,AAVE/USDT:USDT,296.08,0.9,296.07,1.2,296.09,2.2,296.1,2.1
1753617297252,11:54:57.252,bitget,AAVE/USDT:USDT,296.08,0.9,296.07,1.2,296.09,4.7,296.1,2.1
1753617297402,11:54:57.402,bitget,AAVE/USDT:USDT,296.08,0.9,296.07,2.1,296.09,4.7,296.1,2.1
1753617297552,11:54:57.552,bitget,AAVE/USDT:USDT,296.08,0.9,296.07,2.1,296.09,4.7,296.1,2.1
1753617297702,11:54:57.702,bitget,AAVE/USDT:USDT,296.08,0.9,296.07,2.1,296.09,4.7,296.1,2.1
1753617297852,11:54:57.852,bitget,AAVE/USDT:USDT,296.08,0.9,296.07,2.1,296.09,4.7,296.1,2.1
1753617298002,11:54:58.002,bitget,AAVE/USDT:USDT,296.08,0.9,296.07,2.1,296.09,4.7,296.1,2.1
1753617298152,11:54:58.152,bitget,AAVE/USDT:USDT,296.08,1.7,296.07,2.1,296.1,2.1,296.11,0.7
1753617298303,11:54:58.303,bitget,AAVE/USDT:USDT,296.09,2.3,296.08,3.8,296.1,2.1,296.11,0.7
1753617298453,11:54:58.453,bitget,AAVE/USDT:USDT,296.09,2.3,296.08,2.9,296.1,2.3,296.11,0.7
1753617298603,11:54:58.603,bitget,AAVE/USDT:USDT,296.09,2.3,296.08,2.6,296.1,2.6,296.11,0.7
1753617298753,11:54:58.753,bitget,AAVE/USDT:USDT,296.09,0.5,296.08,2.4,296.1,2.4,296.11,0.7
1753617298903,11:54:58.903,bitget,AAVE/USDT:USDT,296.09,0.5,296.08,2.4,296.1,2.4,296.11,0.7
1753617299053,11:54:59.053,bitget,AAVE/USDT:USDT,296.09,0.5,296.08,2.4,296.1,2.4,296.11,0.7
1753617299203,11:54:59.203,bitget,AAVE/USDT:USDT,296.09,0.5,296.08,2.4,296.1,2.4,296.11,0.7
1753617299353,11:54:59.353,bitget,AAVE/USDT:USDT,296.08,0.5,296.07,1.2,296.1,4.9,296.11,0.7
1753617299503,11:54:59.503,bitget,AAVE/USDT:USDT,296.08,0.5,296.07,1.2,296.09,1.2,296.1,4.6
1753617299653,11:54:59.653,bitget,AAVE/USDT:USDT,296.08,0.5,296.07,0.5,296.09,1.2,296.1,4.6
1753617299803,11:54:59.803,bitget,AAVE/USDT:USDT,296.08,0.5,296.07,2.3,296.09,0.3,296.1,4.6
1753617299953,11:54:59.953,bitget,AAVE/USDT:USDT,296.08,0.5,296.07,2.3,296.09,0.3,296.1,4.6
1753617300104,11:55:00.104,bitget,AAVE/USDT:USDT,296.08,0.8,296.07,2.3,296.09,0.3,296.1,3.9
1753617300254,11:55:00.254,bitget,AAVE/USDT:USDT,296.08,0.5,296.07,2.3,296.09,0.3,296.1,3.9
1753617300404,11:55:00.404,bitget,AAVE/USDT:USDT,296.08,1.4,296.07,2.3,296.09,0.3,296.1,3.9
1753617300554,11:55:00.554,bitget,AAVE/USDT:USDT,296.08,1.4,296.07,2.3,296.09,0.3,296.1,3.9
1753617300704,11:55:00.704,bitget,AAVE/USDT:USDT,296.08,1.4,296.07,2.3,296.09,0.3,296.1,3.9
1753617300854,11:55:00.854,bitget,AAVE/USDT:USDT,296.08,1.4,296.07,2.3,296.09,0.3,296.1,3.9
1753617301004,11:55:01.004,bitget,AAVE/USDT:USDT,296.08,1.4,296.07,2.3,296.09,0.3,296.1,3.9
1753617301154,11:55:01.154,bitget,AAVE/USDT:USDT,296.05,20.6,296.04,77.4,296.09,3.3,296.1,4.1
1753617301304,11:55:01.304,bitget,AAVE/USDT:USDT,296.08,3.3,296.06,5.8,296.1,4.9,296.11,0.7
1753617301454,11:55:01.454,bitget,AAVE/USDT:USDT,296.08,3.3,296.07,1.7,296.1,1.4,296.11,0.7
1753617301604,11:55:01.604,bitget,AAVE/USDT:USDT,296.09,0.9,296.08,1.4,296.1,1.7,296.11,0.7
1753617301754,11:55:01.754,bitget,AAVE/USDT:USDT,296.09,0.9,296.08,0.5,296.1,4.4,296.11,0.7
1753617301905,11:55:01.905,bitget,AAVE/USDT:USDT,296.09,0.9,296.08,0.5,296.1,4.4,296.11,0.7
1753617302055,11:55:02.055,bitget,AAVE/USDT:USDT,296.09,0.9,296.08,0.5,296.1,4.4,296.11,0.7
1753617302205,11:55:02.205,bitget,AAVE/USDT:USDT,296.09,0.9,296.08,0.5,296.1,4.4,296.11,0.7
1753617302355,11:55:02.355,bitget,AAVE/USDT:USDT,296.09,0.9,296.08,0.5,296.1,4.4,296.11,0.7
1753617302505,11:55:02.505,bitget,AAVE/USDT:USDT,296.09,0.9,296.08,0.5,296.1,4.4,296.11,0.7
1753617302655,11:55:02.655,bitget,AAVE/USDT:USDT,296.09,0.9,296.08,0.5,296.1,1.9,296.11,0.7
1753617302805,11:55:02.805,bitget,AAVE/USDT:USDT,296.09,0.9,296.08,0.5,296.1,4.4,296.11,0.7
1753617302955,11:55:02.955,bitget,AAVE/USDT:USDT,296.09,0.9,296.08,0.5,296.1,4.4,296.11,0.7
1753617303105,11:55:03.105,bitget,AAVE/USDT:USDT,296.08,5.5,296.06,3.7,296.09,0.8,296.1,1.7
1753617303255,11:55:03.255,bitget,AAVE/USDT:USDT,296.08,0.5,296.06,10.9,296.1,1.7,296.11,0.7
1753617303405,11:55:03.405,bitget,AAVE/USDT:USDT,296.08,0.5,296.06,9.1,296.1,1.7,296.11,0.7
1753617303555,11:55:03.555,bitget,AAVE/USDT:USDT,296.06,0.5,296.05,20.8,296.09,2.5,296.1,4.2
1753617303705,11:55:03.705,bitget,AAVE/USDT:USDT,296.08,1.4,296.07,2.9,296.09,1.1,296.1,0.2
1753617303856,11:55:03.856,bitget,AAVE/USDT:USDT,296.08,1.4,296.07,2.9,296.09,0.7,296.1,0.2
1753617304006,11:55:04.006,bitget,AAVE/USDT:USDT,296.08,1.4,296.07,2.9,296.09,0.7,296.1,7.9
1753617304156,11:55:04.156,bitget,AAVE/USDT:USDT,296.08,1.4,296.07,1.9,296.09,0.3,296.1,7.9
1753617304306,11:55:04.306,bitget,AAVE/USDT:USDT,296.08,1.4,296.07,1.9,296.09,2.8,296.1,7.9
1753617304456,11:55:04.456,bitget,AAVE/USDT:USDT,296.08,1.4,296.07,1.9,296.09,2.8,296.1,7.9
1753617304606,11:55:04.606,bitget,AAVE/USDT:USDT,296.05,2.2,296.04,70.2,296.09,1.2,296.1,11.3
1753617304756,11:55:04.756,bitget,AAVE/USDT:USDT,296.05,0.3,296.04,8.0,296.06,1.9,296.08,25.9
1753617304906,11:55:04.906,bitget,AAVE/USDT:USDT,296.01,9.2,295.99,0.1,296.05,0.4,296.06,2.2
1753617305056,11:55:05.056,bitget,AAVE/USDT:USDT,295.98,7.4,295.97,2.9,296.02,1.9,296.04,26.5
1753617305206,11:55:05.206,bitget,AAVE/USDT:USDT,295.96,45.9,295.95,16.6,295.99,28.4,296.02,0.3
1753617305356,11:55:05.356,bitget,AAVE/USDT:USDT,295.96,3.4,295.95,4.2,295.97,1.9,295.99,27.4
1753617305507,11:55:05.507,bitget,AAVE/USDT:USDT,295.96,9.0,295.95,5.2,295.99,27.4,296.0,3.4
1753617305657,11:55:05.657,bitget,AAVE/USDT:USDT,295.96,2.9,295.95,7.4,295.97,0.3,295.99,30.3
1753617305807,11:55:05.807,bitget,AAVE/USDT:USDT,295.96,2.9,295.95,7.4,295.98,9.1,295.99,29.4
1753617305957,11:55:05.957,bitget,AAVE/USDT:USDT,295.97,4.9,295.96,6.4,295.99,26.8,296.02,2.7
1753617306107,11:55:06.107,bitget,AAVE/USDT:USDT,295.98,1.4,295.97,3.6,295.99,26.5,296.01,0.8
1753617306257,11:55:06.257,bitget,AAVE/USDT:USDT,295.98,1.4,295.97,2.7,295.99,26.5,296.01,0.8
1753617306407,11:55:06.407,bitget,AAVE/USDT:USDT,295.98,1.4,295.97,2.7,295.99,26.5,296.02,1.1
1753617306557,11:55:06.557,bitget,AAVE/USDT:USDT,295.98,1.4,295.97,2.7,295.99,26.5,296.02,1.1
1753617306707,11:55:06.707,bitget,AAVE/USDT:USDT,295.98,1.4,295.97,2.7,295.99,26.5,296.02,1.1
1753617306857,11:55:06.857,bitget,AAVE/USDT:USDT,295.98,1.4,295.97,2.7,295.99,26.5,296.02,1.1
1753617307007,11:55:07.007,bitget,AAVE/USDT:USDT,295.98,1.4,295.97,2.4,295.99,26.5,296.02,1.1
1753617307158,11:55:07.158,bitget,AAVE/USDT:USDT,295.98,1.4,295.97,2.4,295.99,26.5,296.02,1.1
1753617307308,11:55:07.308,bitget,AAVE/USDT:USDT,295.98,1.4,295.97,2.4,295.99,26.5,296.02,1.1
1753617307458,11:55:07.458,bitget,AAVE/USDT:USDT,295.98,1.4,295.97,2.4,295.99,26.5,296.02,1.1
1753617307608,11:55:07.608,bitget,AAVE/USDT:USDT,295.98,1.4,295.97,2.4,295.99,26.5,296.02,1.1
1753617307758,11:55:07.758,bitget,AAVE/USDT:USDT,295.98,1.4,295.97,2.4,295.99,26.5,296.02,1.1
1753617307908,11:55:07.908,bitget,AAVE/USDT:USDT,295.98,1.4,295.97,2.4,295.99,26.5,296.02,1.1
1753617308058,11:55:08.058,bitget,AAVE/USDT:USDT,295.98,1.4,295.97,2.4,295.99,26.5,296.02,1.1
1753617308208,11:55:08.208,bitget,AAVE/USDT:USDT,295.98,1.4,295.97,2.4,295.99,26.5,296.02,1.1
1753617308358,11:55:08.358,bitget,AAVE/USDT:USDT,295.98,1.4,295.97,2.4,295.99,26.5,296.02,1.1
1753617308508,11:55:08.508,bitget,AAVE/USDT:USDT,295.98,1.4,295.97,2.4,295.99,26.5,296.02,1.1
1753617308658,11:55:08.658,bitget,AAVE/USDT:USDT,295.98,1.4,295.97,2.4,295.99,26.5,296.02,1.3
1753617308808,11:55:08.808,bitget,AAVE/USDT:USDT,295.98,1.4,295.97,2.4,295.99,26.5,296.01,0.2
1753617308958,11:55:08.958,bitget,AAVE/USDT:USDT,295.98,1.4,295.97,2.4,295.99,26.5,296.01,0.2
1753617309109,11:55:09.109,bitget,AAVE/USDT:USDT,295.98,1.4,295.97,2.4,295.99,26.5,296.02,1.1
1753617309259,11:55:09.259,bitget,AAVE/USDT:USDT,295.98,1.7,295.97,2.4,295.99,26.5,296.02,1.1
1753617309409,11:55:09.409,bitget,AAVE/USDT:USDT,295.98,1.4,295.97,2.4,295.99,26.5,296.02,1.1
1753617309559,11:55:09.559,bitget,AAVE/USDT:USDT,295.98,0.5,295.97,2.4,295.99,27.4,296.0,3.4
1753617309709,11:55:09.709,bitget,AAVE/USDT:USDT,295.98,0.5,295.97,2.4,295.99,27.4,296.0,4.4
1753617309859,11:55:09.859,bitget,AAVE/USDT:USDT,295.98,7.2,295.97,7.1,295.99,0.9,296.0,3.4
1753617310009,11:55:10.009,bitget,AAVE/USDT:USDT,295.99,11.4,295.98,7.2,296.03,7.6,296.04,29.4
1753617310159,11:55:10.159,bitget,AAVE/USDT:USDT,296.04,2.3,296.03,1.3,296.05,1.3,296.06,3.3
1753617310309,11:55:10.309,bitget,AAVE/USDT:USDT,296.04,2.3,296.03,4.4,296.05,1.0,296.06,0.4
1753617310459,11:55:10.459,bitget,AAVE/USDT:USDT,296.04,2.6,296.03,4.1,296.05,1.0,296.06,0.4
1753617310609,11:55:10.609,bitget,AAVE/USDT:USDT,296.04,0.8,296.03,4.1,296.05,0.9,296.06,0.4
1753617310759,11:55:10.759,bitget,AAVE/USDT:USDT,296.04,0.8,296.03,5.1,296.06,0.4,296.07,8.2
1753617310910,11:55:10.910,bitget,AAVE/USDT:USDT,296.05,0.3,296.04,0.5,296.06,0.4,296.07,8.2
1753617311060,11:55:11.060,bitget,AAVE/USDT:USDT,296.05,0.8,296.04,0.5,296.06,0.6,296.07,8.2
1753617311210,11:55:11.210,bitget,AAVE/USDT:USDT,296.05,0.8,296.04,0.5,296.06,0.8,296.07,8.2
1753617311360,11:55:11.360,bitget,AAVE/USDT:USDT,296.05,0.5,296.04,0.5,296.06,1.1,296.07,8.2
1753617311510,11:55:11.510,bitget,AAVE/USDT:USDT,296.05,0.5,296.04,0.5,296.06,0.9,296.07,8.2
1753617311660,11:55:11.660,bitget,AAVE/USDT:USDT,296.05,0.5,296.04,0.5,296.06,0.9,296.07,8.2
1753617311810,11:55:11.810,bitget,AAVE/USDT:USDT,296.05,0.5,296.04,0.5,296.06,0.9,296.07,8.2
1753617311960,11:55:11.960,bitget,AAVE/USDT:USDT,296.05,0.5,296.04,0.5,296.06,0.9,296.07,8.2
1753617312110,11:55:12.110,bitget,AAVE/USDT:USDT,296.05,0.5,296.04,0.5,296.06,0.9,296.07,8.2
1753617312260,11:55:12.260,bitget,AAVE/USDT:USDT,296.05,0.5,296.04,0.5,296.06,0.9,296.07,8.2
1753617312410,11:55:12.410,bitget,AAVE/USDT:USDT,296.05,0.5,296.04,0.5,296.06,0.6,296.07,8.2
1753617312560,11:55:12.560,bitget,AAVE/USDT:USDT,296.05,0.5,296.04,0.5,296.06,0.6,296.07,8.2
1753617312711,11:55:12.711,bitget,AAVE/USDT:USDT,296.05,0.5,296.04,0.5,296.06,0.9,296.07,8.2
1753617312861,11:55:12.861,bitget,AAVE/USDT:USDT,296.05,0.5,296.04,0.5,296.06,0.9,296.07,8.2
1753617313011,11:55:13.011,bitget,AAVE/USDT:USDT,296.02,4.5,296.01,8.5,296.06,1.6,296.07,8.2
1753617313161,11:55:13.161,bitget,AAVE/USDT:USDT,296.0,0.5,295.98,1.5,296.03,1.9,296.05,25.8
1753617313311,11:55:13.311,bitget,AAVE/USDT:USDT,296.0,0.3,295.99,5.5,296.02,26.4,296.03,2.2
1753617313461,11:55:13.461,bitget,AAVE/USDT:USDT,296.0,0.8,295.99,5.5,296.02,26.4,296.03,5.3
1753617313611,11:55:13.611,bitget,AAVE/USDT:USDT,296.0,0.8,295.99,8.0,296.02,27.3,296.03,5.3
1753617313761,11:55:13.761,bitget,AAVE/USDT:USDT,296.0,0.5,295.99,3.0,296.02,29.2,296.03,3.4
1753617313911,11:55:13.911,bitget,AAVE/USDT:USDT,296.0,0.5,295.99,3.0,296.02,28.6,296.03,3.4
1753617314061,11:55:14.061,bitget,AAVE/USDT:USDT,296.0,0.5,295.99,0.5,296.02,28.6,296.03,3.4
1753617314211,11:55:14.211,bitget,AAVE/USDT:USDT,296.0,0.5,295.99,0.5,296.02,28.6,296.03,3.4
1753617314362,11:55:14.362,bitget,AAVE/USDT:USDT,295.99,0.5,295.98,7.8,296.02,28.6,296.03,1.1
1753617314512,11:55:14.512,bitget,AAVE/USDT:USDT,295.99,0.5,295.98,3.1,296.02,28.3,296.03,1.1
1753617314662,11:55:14.662,bitget,AAVE/USDT:USDT,295.99,0.5,295.98,3.1,296.02,28.3,296.03,1.1
1753617314812,11:55:14.812,bitget,AAVE/USDT:USDT,295.99,0.5,295.98,3.1,296.02,28.3,296.03,1.1
1753617314962,11:55:14.962,bitget,AAVE/USDT:USDT,295.99,0.5,295.98,3.1,296.02,28.3,296.03,1.1
1753617315112,11:55:15.112,bitget,AAVE/USDT:USDT,295.99,0.5,295.98,1.9,296.02,28.3,296.03,1.1
1753617315262,11:55:15.262,bitget,AAVE/USDT:USDT,295.99,0.5,295.98,2.5,296.02,28.3,296.03,1.1
1753617315412,11:55:15.412,bitget,AAVE/USDT:USDT,295.98,1.9,295.97,1.9,296.0,1.9,296.02,26.4
1753617315562,11:55:15.562,bitget,AAVE/USDT:USDT,295.98,4.0,295.97,1.9,296.0,2.2,296.01,7.7
1753617315712,11:55:15.712,bitget,AAVE/USDT:USDT,295.98,0.5,295.97,1.9,296.0,4.5,296.01,7.7
1753617315862,11:55:15.862,bitget,AAVE/USDT:USDT,295.98,1.5,295.97,1.9,296.0,4.5,296.01,7.7
1753617316012,11:55:16.012,bitget,AAVE/USDT:USDT,295.98,0.5,295.97,1.9,296.0,4.5,296.01,7.7
1753617316163,11:55:16.163,bitget,AAVE/USDT:USDT,295.98,0.5,295.97,1.9,296.0,4.5,296.01,7.7
1753617316313,11:55:16.313,bitget,AAVE/USDT:USDT,295.96,11.0,295.95,6.4,296.0,5.4,296.01,11.8
1753617316463,11:55:16.463,bitget,AAVE/USDT:USDT,295.97,0.5,295.96,3.4,295.99,25.8,296.0,6.4
1753617316613,11:55:16.613,bitget,AAVE/USDT:USDT,295.97,1.5,295.96,3.0,295.99,26.7,296.0,4.1
1753617316763,11:55:16.763,bitget,AAVE/USDT:USDT,295.94,17.7,295.93,72.6,295.99,26.7,296.0,2.4
1753617316913,11:55:16.913,bitget,AAVE/USDT:USDT,295.94,0.5,295.93,7.4,295.98,1.9,295.99,26.7
1753617317063,11:55:17.063,bitget,AAVE/USDT:USDT,295.95,5.0,295.94,6.4,295.96,25.8,295.98,9.9
1753617317213,11:55:17.213,bitget,AAVE/USDT:USDT,295.95,5.5,295.94,6.4,295.96,25.8,295.97,2.9
1753617317363,11:55:17.363,bitget,AAVE/USDT:USDT,295.94,0.5,295.93,2.9,295.96,25.8,295.97,2.9
1753617317513,11:55:17.513,bitget,AAVE/USDT:USDT,295.94,1.5,295.93,0.4,295.96,27.7,295.97,2.9
1753617317663,11:55:17.663,bitget,AAVE/USDT:USDT,295.94,3.4,295.93,0.4,295.96,27.7,295.97,2.9
1753617317813,11:55:17.813,bitget,AAVE/USDT:USDT,295.94,3.4,295.93,0.4,295.96,27.7,295.97,2.9
1753617317964,11:55:17.964,bitget,AAVE/USDT:USDT,295.94,7.4,295.93,0.4,295.96,25.8,295.97,2.9
1753617318114,11:55:18.114,bitget,AAVE/USDT:USDT,295.94,7.4,295.93,0.4,295.96,25.8,295.98,8.0
1753617318264,11:55:18.264,bitget,AAVE/USDT:USDT,295.94,7.4,295.92,9.6,295.96,25.8,295.98,8.0
1753617318414,11:55:18.414,bitget,AAVE/USDT:USDT,295.94,3.4,295.92,9.6,295.96,25.8,295.98,8.0
1753617318564,11:55:18.564,bitget,AAVE/USDT:USDT,295.94,2.4,295.93,0.4,295.96,27.7,295.98,8.0
1753617318714,11:55:18.714,bitget,AAVE/USDT:USDT,295.94,0.5,295.93,0.4,295.96,27.7,295.98,8.0
1753617318864,11:55:18.864,bitget,AAVE/USDT:USDT,295.91,18.7,295.9,70.1,295.95,0.7,295.96,28.6
1753617319014,11:55:19.014,bitget,AAVE/USDT:USDT,295.92,0.5,295.91,18.7,295.94,1.9,295.95,9.3
1753617319164,11:55:19.164,bitget,AAVE/USDT:USDT,295.9,8.0,295.89,2.9,295.94,2.4,295.95,9.0
1753617319314,11:55:19.314,bitget,AAVE/USDT:USDT,295.9,2.4,295.89,1.1,295.93,25.8,295.94,5.0
1753617319464,11:55:19.464,bitget,AAVE/USDT:USDT,295.9,2.4,295.89,0.2,295.93,27.7,295.94,3.1
1753617319614,11:55:19.614,bitget,AAVE/USDT:USDT,295.9,2.4,295.89,0.2,295.93,27.7,295.94,3.1
1753617319765,11:55:19.765,bitget,AAVE/USDT:USDT,295.9,2.4,295.89,6.6,295.93,27.7,295.94,3.1
1753617319915,11:55:19.915,bitget,AAVE/USDT:USDT,295.87,0.2,295.85,49.3,295.9,26.5,295.91,3.1
1753617320064,11:55:20.064,bitget,AAVE/USDT:USDT,295.82,1.6,295.81,3.0,295.88,1.9,295.9,27.4
1753617320215,11:55:20.215,bitget,AAVE/USDT:USDT,295.81,7.4,295.8,29.1,295.87,25.8,295.88,2.2
1753617320365,11:55:20.365,bitget,AAVE/USDT:USDT,295.8,0.4,295.79,2.5,295.83,1.9,295.84,25.8
1753617320515,11:55:20.515,bitget,AAVE/USDT:USDT,295.79,21.7,295.78,63.9,295.83,9.9,295.84,25.8
1753617320665,11:55:20.665,bitget,AAVE/USDT:USDT,295.79,19.2,295.78,65.8,295.8,1.9,295.83,8.9
1753617320815,11:55:20.815,bitget,AAVE/USDT:USDT,295.79,6.9,295.78,65.0,295.8,0.3,295.83,0.3
1753617320965,11:55:20.965,bitget,AAVE/USDT:USDT,295.79,8.7,295.78,65.0,295.83,8.1,295.84,26.0
1753617321115,11:55:21.115,bitget,AAVE/USDT:USDT,295.8,3.7,295.79,19.4,295.83,8.1,295.84,26.0
1753617321265,11:55:21.265,bitget,AAVE/USDT:USDT,295.8,7.9,295.79,19.4,295.82,2.2,295.83,7.8
1753617321416,11:55:21.416,bitget,AAVE/USDT:USDT,295.8,11.9,295.79,19.4,295.82,2.2,295.83,7.8
1753617321566,11:55:21.566,bitget,AAVE/USDT:USDT,295.8,2.4,295.79,19.4,295.82,2.2,295.83,7.8
1753617321716,11:55:21.716,bitget,AAVE/USDT:USDT,295.8,2.4,295.79,19.4,295.82,2.2,295.83,7.8
1753617321866,11:55:21.866,bitget,AAVE/USDT:USDT,295.8,7.4,295.79,19.4,295.82,2.2,295.83,7.8
1753617322016,11:55:22.016,bitget,AAVE/USDT:USDT,295.8,2.4,295.79,19.4,295.82,1.9,295.83,7.8
1753617322166,11:55:22.166,bitget,AAVE/USDT:USDT,295.8,6.1,295.79,19.4,295.82,2.2,295.83,7.8
1753617322316,11:55:22.316,bitget,AAVE/USDT:USDT,295.8,2.4,295.79,19.4,295.82,2.2,295.83,7.8
1753617322466,11:55:22.466,bitget,AAVE/USDT:USDT,295.8,1.9,295.79,0.5,295.82,2.2,295.83,7.8
1753617322616,11:55:22.616,bitget,AAVE/USDT:USDT,295.8,1.9,295.79,18.2,295.82,2.2,295.83,7.8
1753617322766,11:55:22.766,bitget,AAVE/USDT:USDT,295.8,5.9,295.79,18.2,295.82,0.3,295.83,7.8
1753617322916,11:55:22.916,bitget,AAVE/USDT:USDT,295.81,0.5,295.8,5.9,295.82,0.3,295.83,7.8
1753617323066,11:55:23.066,bitget,AAVE/USDT:USDT,295.81,0.5,295.8,1.9,295.82,0.3,295.83,7.8
1753617323217,11:55:23.217,bitget,AAVE/USDT:USDT,295.81,0.5,295.8,1.9,295.82,0.3,295.83,7.8
1753617323367,11:55:23.367,bitget,AAVE/USDT:USDT,295.81,0.5,295.8,1.9,295.82,0.3,295.83,7.8
1753617323517,11:55:23.517,bitget,AAVE/USDT:USDT,295.81,0.5,295.8,1.9,295.82,0.3,295.83,7.8
1753617323667,11:55:23.667,bitget,AAVE/USDT:USDT,295.81,0.5,295.8,1.9,295.82,0.3,295.83,7.8
1753617323817,11:55:23.817,bitget,AAVE/USDT:USDT,295.81,1.7,295.8,5.9,295.84,25.8,295.85,4.2
1753617323967,11:55:23.967,bitget,AAVE/USDT:USDT,295.83,2.3,295.82,1.9,295.84,25.8,295.85,1.5
1753617324117,11:55:24.117,bitget,AAVE/USDT:USDT,295.83,2.3,295.82,1.9,295.84,25.8,295.85,0.7
1753617324267,11:55:24.267,bitget,AAVE/USDT:USDT,295.83,2.6,295.82,1.9,295.84,25.8,295.85,0.7
1753617324417,11:55:24.417,bitget,AAVE/USDT:USDT,295.87,2.4,295.86,1.8,295.89,7.4,295.9,29.4
1753617324567,11:55:24.567,bitget,AAVE/USDT:USDT,295.88,3.0,295.87,11.4,295.89,7.4,295.9,26.5
1753617324717,11:55:24.717,bitget,AAVE/USDT:USDT,295.88,5.7,295.87,7.4,295.91,0.1,295.92,4.7
1753617324867,11:55:24.867,bitget,AAVE/USDT:USDT,295.9,0.5,295.89,1.7,295.91,1.7,295.92,5.0
1753617325018,11:55:25.018,bitget,AAVE/USDT:USDT,295.9,5.7,295.89,3.5,295.91,0.1,295.92,2.1
1753617325168,11:55:25.168,bitget,AAVE/USDT:USDT,295.91,10.9,295.9,7.1,295.92,0.3,295.94,1.5
1753617325318,11:55:25.318,bitget,AAVE/USDT:USDT,295.9,0.2,295.89,3.8,295.92,0.3,295.94,8.0
1753617325468,11:55:25.468,bitget,AAVE/USDT:USDT,295.85,0.8,295.84,0.7,295.9,0.2,295.91,27.7
1753617325618,11:55:25.618,bitget,AAVE/USDT:USDT,295.83,18.9,295.82,51.7,295.86,2.2,295.88,25.8
1753617325768,11:55:25.768,bitget,AAVE/USDT:USDT,295.83,18.0,295.82,44.5,295.86,2.2,295.87,7.7
1753617325918,11:55:25.918,bitget,AAVE/USDT:USDT,295.82,18.6,295.81,63.8,295.84,1.9,295.86,3.5
1753617326068,11:55:26.068,bitget,AAVE/USDT:USDT,295.82,19.1,295.81,67.9,295.84,2.2,295.85,1.1
1753617326218,11:55:26.218,bitget,AAVE/USDT:USDT,295.83,0.9,295.82,25.0,295.84,2.2,295.86,2.3
1753617326368,11:55:26.368,bitget,AAVE/USDT:USDT,295.83,1.4,295.82,8.6,295.84,2.2,295.85,0.7
1753617326518,11:55:26.518,bitget,AAVE/USDT:USDT,295.83,1.4,295.82,6.4,295.84,0.7,295.85,0.7
1753617326668,11:55:26.668,bitget,AAVE/USDT:USDT,295.83,1.4,295.82,7.6,295.84,2.4,295.85,0.7
1753617326819,11:55:26.819,bitget,AAVE/USDT:USDT,295.83,1.4,295.82,5.6,295.84,2.4,295.85,0.7
1753617326969,11:55:26.969,bitget,AAVE/USDT:USDT,295.83,1.4,295.82,5.6,295.84,2.4,295.87,7.7
1753617327119,11:55:27.119,bitget,AAVE/USDT:USDT,295.83,0.9,295.82,0.5,295.84,0.7,295.87,7.7
1753617327269,11:55:27.269,bitget,AAVE/USDT:USDT,295.83,0.9,295.82,0.5,295.84,0.5,295.87,7.9
1753617327419,11:55:27.419,bitget,AAVE/USDT:USDT,295.83,1.2,295.82,5.5,295.84,0.5,295.87,7.9
1753617327569,11:55:27.569,bitget,AAVE/USDT:USDT,295.83,1.4,295.82,6.9,295.84,0.5,295.87,7.7
1753617327719,11:55:27.719,bitget,AAVE/USDT:USDT,295.83,1.4,295.82,2.4,295.84,0.7,295.87,7.7
1753617327869,11:55:27.869,bitget,AAVE/USDT:USDT,295.83,1.4,295.82,0.5,295.84,3.2,295.87,7.9
1753617328019,11:55:28.019,bitget,AAVE/USDT:USDT,295.83,1.4,295.82,0.5,295.84,0.5,295.87,7.9
1753617328169,11:55:28.169,bitget,AAVE/USDT:USDT,295.83,1.4,295.82,4.5,295.84,0.7,295.87,7.7
1753617328319,11:55:28.319,bitget,AAVE/USDT:USDT,295.83,1.7,295.82,6.2,295.84,2.9,295.87,7.7
1753617328469,11:55:28.469,bitget,AAVE/USDT:USDT,295.83,1.4,295.82,7.2,295.84,3.2,295.87,8.0
1753617328620,11:55:28.620,bitget,AAVE/USDT:USDT,295.83,0.5,295.82,2.2,295.84,0.7,295.87,8.0
1753617328770,11:55:28.770,bitget,AAVE/USDT:USDT,295.83,0.5,295.82,2.2,295.84,0.5,295.87,8.0
1753617328920,11:55:28.920,bitget,AAVE/USDT:USDT,295.83,0.5,295.82,2.2,295.84,0.5,295.87,8.0
1753617329070,11:55:29.070,bitget,AAVE/USDT:USDT,295.83,0.5,295.82,0.5,295.84,0.5,295.87,8.0
1753617329220,11:55:29.220,bitget,AAVE/USDT:USDT,295.83,0.5,295.82,0.5,295.84,0.5,295.87,8.0
1753617329370,11:55:29.370,bitget,AAVE/USDT:USDT,295.83,0.5,295.82,0.5,295.84,0.5,295.87,8.0
1753617329520,11:55:29.520,bitget,AAVE/USDT:USDT,295.83,0.5,295.82,0.5,295.84,0.5,295.87,8.0
1753617329670,11:55:29.670,bitget,AAVE/USDT:USDT,295.83,0.5,295.82,0.5,295.84,0.5,295.87,8.0
1753617329820,11:55:29.820,bitget,AAVE/USDT:USDT,295.83,0.5,295.82,0.5,295.84,0.5,295.87,8.0
1753617329970,11:55:29.970,bitget,AAVE/USDT:USDT,295.79,2.1,295.78,26.0,295.84,0.5,295.85,2.9
1753617330120,11:55:30.120,bitget,AAVE/USDT:USDT,295.79,6.0,295.78,26.0,295.83,28.4,295.84,1.2
1753617330270,11:55:30.270,bitget,AAVE/USDT:USDT,295.8,1.9,295.79,7.9,295.83,28.7,295.84,1.2
1753617330421,11:55:30.421,bitget,AAVE/USDT:USDT,295.8,1.9,295.79,7.9,295.83,28.7,295.84,1.2
1753617330571,11:55:30.571,bitget,AAVE/USDT:USDT,295.8,1.9,295.79,9.8,295.83,28.7,295.84,1.2
1753617330721,11:55:30.721,bitget,AAVE/USDT:USDT,295.79,9.3,295.78,21.3,295.81,2.2,295.83,26.8
1753617330871,11:55:30.871,bitget,AAVE/USDT:USDT,295.79,2.2,295.78,21.3,295.81,2.2,295.82,8.5
1753617331021,11:55:31.021,bitget,AAVE/USDT:USDT,295.78,21.3,295.77,69.8,295.81,6.4,295.82,12.2
1753617331171,11:55:31.171,bitget,AAVE/USDT:USDT,295.78,21.3,295.77,7.7,295.81,6.4,295.82,12.2
1753617331321,11:55:31.321,bitget,AAVE/USDT:USDT,295.77,7.7,295.76,35.4,295.81,6.4,295.82,12.2
1753617331471,11:55:31.471,bitget,AAVE/USDT:USDT,295.77,10.1,295.76,25.9,295.81,6.4,295.82,12.2
1753617331621,11:55:31.621,bitget,AAVE/USDT:USDT,295.78,1.0,295.77,10.1,295.81,6.4,295.82,12.2
1753617331771,11:55:31.771,bitget,AAVE/USDT:USDT,295.78,1.2,295.77,10.1,295.81,6.4,295.82,12.2
1753617331921,11:55:31.921,bitget,AAVE/USDT:USDT,295.8,0.5,295.79,4.7,295.81,3.3,295.82,8.5
1753617332071,11:55:32.071,bitget,AAVE/USDT:USDT,295.8,0.5,295.79,1.9,295.81,5.4,295.82,8.5
1753617332222,11:55:32.222,bitget,AAVE/USDT:USDT,295.79,1.9,295.78,3.1,295.81,5.4,295.82,11.2
1753617332372,11:55:32.372,bitget,AAVE/USDT:USDT,295.79,5.9,295.78,3.1,295.81,2.9,295.82,11.2
1753617332522,11:55:32.522,bitget,AAVE/USDT:USDT,295.79,2.4,295.78,3.1,295.81,2.9,295.82,8.5
1753617332672,11:55:32.672,bitget,AAVE/USDT:USDT,295.79,6.4,295.78,3.1,295.81,2.2,295.82,8.5
1753617332822,11:55:32.822,bitget,AAVE/USDT:USDT,295.79,7.4,295.78,3.1,295.81,2.2,295.82,8.5
1753617332972,11:55:32.972,bitget,AAVE/USDT:USDT,295.78,3.1,295.77,10.1,295.81,2.2,295.82,8.5
1753617333122,11:55:33.122,bitget,AAVE/USDT:USDT,295.78,8.1,295.77,10.1,295.81,2.2,295.82,8.5
1753617333272,11:55:33.272,bitget,AAVE/USDT:USDT,295.78,2.6,295.77,10.1,295.81,2.2,295.82,8.5
1753617333422,11:55:33.422,bitget,AAVE/USDT:USDT,295.78,2.6,295.77,10.1,295.81,2.2,295.82,8.5
1753617333572,11:55:33.572,bitget,AAVE/USDT:USDT,295.78,2.6,295.77,10.1,295.81,2.2,295.82,8.5
1753617333722,11:55:33.722,bitget,AAVE/USDT:USDT,295.78,2.6,295.77,10.1,295.81,2.2,295.82,8.5
1753617333872,11:55:33.872,bitget,AAVE/USDT:USDT,295.79,4.0,295.78,7.1,295.81,2.2,295.82,8.5
1753617334023,11:55:34.023,bitget,AAVE/USDT:USDT,295.78,12.4,295.77,10.1,295.81,2.2,295.82,8.5
1753617334173,11:55:34.173,bitget,AAVE/USDT:USDT,295.78,12.1,295.77,10.1,295.81,2.2,295.82,8.5
1753617334323,11:55:34.323,bitget,AAVE/USDT:USDT,295.78,3.1,295.77,10.1,295.81,2.2,295.82,8.5
1753617334473,11:55:34.473,bitget,AAVE/USDT:USDT,295.78,3.1,295.77,10.1,295.81,2.2,295.82,8.5
1753617334623,11:55:34.623,bitget,AAVE/USDT:USDT,295.78,3.1,295.77,10.1,295.81,2.2,295.82,8.5
1753617334773,11:55:34.773,bitget,AAVE/USDT:USDT,295.76,25.8,295.74,64.1,295.79,1.9,295.81,1.9
1753617334923,11:55:34.923,bitget,AAVE/USDT:USDT,295.76,7.4,295.75,18.7,295.79,2.2,295.8,27.4
1753617335073,11:55:35.073,bitget,AAVE/USDT:USDT,295.76,8.0,295.75,18.7,295.79,10.4,295.8,27.4
1753617335223,11:55:35.223,bitget,AAVE/USDT:USDT,295.77,5.0,295.76,12.0,295.79,10.1,295.8,26.4
1753617335373,11:55:35.373,bitget,AAVE/USDT:USDT,295.79,4.0,295.78,9.2,295.8,25.8,295.81,1.2
1753617335523,11:55:35.523,bitget,AAVE/USDT:USDT,295.79,0.5,295.78,3.4,295.8,25.8,295.82,8.5
1753617335673,11:55:35.673,bitget,AAVE/USDT:USDT,295.79,0.5,295.78,3.4,295.8,25.8,295.82,8.5
1753617335824,11:55:35.824,bitget,AAVE/USDT:USDT,295.79,0.5,295.78,0.5,295.8,25.8,295.82,8.5
1753617335974,11:55:35.974,bitget,AAVE/USDT:USDT,295.79,0.5,295.78,3.6,295.8,25.8,295.82,8.5
1753617336124,11:55:36.124,bitget,AAVE/USDT:USDT,295.79,0.5,295.78,3.6,295.8,25.8,295.82,8.5
1753617336274,11:55:36.274,bitget,AAVE/USDT:USDT,295.79,0.5,295.78,2.5,295.8,25.8,295.82,8.5
1753617336424,11:55:36.424,bitget,AAVE/USDT:USDT,295.79,0.5,295.78,0.5,295.8,25.8,295.82,8.5
1753617336574,11:55:36.574,bitget,AAVE/USDT:USDT,295.79,0.5,295.78,0.5,295.8,25.8,295.82,8.5
1753617336724,11:55:36.724,bitget,AAVE/USDT:USDT,295.78,0.5,295.77,7.4,295.8,25.8,295.82,8.5
1753617336874,11:55:36.874,bitget,AAVE/USDT:USDT,295.77,7.4,295.76,11.4,295.8,25.8,295.82,8.5
1753617337024,11:55:37.024,bitget,AAVE/USDT:USDT,295.77,9.1,295.76,11.4,295.8,25.8,295.82,8.5
1753617337174,11:55:37.174,bitget,AAVE/USDT:USDT,295.77,8.1,295.76,11.1,295.8,25.8,295.82,8.5
1753617337325,11:55:37.325,bitget,AAVE/USDT:USDT,295.76,11.1,295.75,44.5,295.79,1.9,295.8,27.4
1753617337474,11:55:37.474,bitget,AAVE/USDT:USDT,295.76,8.2,295.75,44.5,295.79,9.9,295.8,28.5
1753617337624,11:55:37.624,bitget,AAVE/USDT:USDT,295.76,8.2,295.75,44.5,295.79,9.9,295.8,28.5
1753617337775,11:55:37.775,bitget,AAVE/USDT:USDT,295.76,9.2,295.75,44.5,295.79,9.9,295.8,28.5
1753617337925,11:55:37.925,bitget,AAVE/USDT:USDT,295.76,9.2,295.75,44.5,295.79,9.9,295.8,28.5
1753617338075,11:55:38.075,bitget,AAVE/USDT:USDT,295.76,9.2,295.75,44.5,295.79,9.9,295.8,28.5
1753617338225,11:55:38.225,bitget,AAVE/USDT:USDT,295.76,13.2,295.75,44.5,295.79,9.9,295.8,28.5
1753617338375,11:55:38.375,bitget,AAVE/USDT:USDT,295.77,2.1,295.76,17.7,295.79,9.6,295.8,26.9
1753617338525,11:55:38.525,bitget,AAVE/USDT:USDT,295.77,6.0,295.76,17.7,295.79,9.6,295.8,25.8
1753617338675,11:55:38.675,bitget,AAVE/USDT:USDT,295.78,1.8,295.77,4.2,295.79,9.6,295.8,25.8
1753617338825,11:55:38.825,bitget,AAVE/USDT:USDT,295.77,0.5,295.76,11.5,295.79,2.3,295.8,25.8
1753617338975,11:55:38.975,bitget,AAVE/USDT:USDT,295.76,11.5,295.75,44.5,295.79,9.9,295.8,25.8
1753617339125,11:55:39.125,bitget,AAVE/USDT:USDT,295.76,16.5,295.75,44.5,295.79,9.9,295.8,25.8
1753617339275,11:55:39.275,bitget,AAVE/USDT:USDT,295.76,16.5,295.75,44.5,295.79,9.9,295.8,25.8
1753617339425,11:55:39.425,bitget,AAVE/USDT:USDT,295.77,0.3,295.76,15.5,295.79,9.9,295.8,25.8
1753617339576,11:55:39.576,bitget,AAVE/USDT:USDT,295.78,1.4,295.77,0.3,295.79,8.0,295.8,25.8
1753617339726,11:55:39.726,bitget,AAVE/USDT:USDT,295.78,1.7,295.77,1.0,295.79,4.4,295.8,25.8
1753617339876,11:55:39.876,bitget,AAVE/USDT:USDT,295.76,15.5,295.75,44.5,295.79,4.4,295.8,25.8
1753617340026,11:55:40.026,bitget,AAVE/USDT:USDT,295.76,11.5,295.75,44.5,295.79,9.4,295.8,25.8
1753617340176,11:55:40.176,bitget,AAVE/USDT:USDT,295.77,0.8,295.76,16.5,295.79,9.4,295.8,25.8
1753617340326,11:55:40.326,bitget,AAVE/USDT:USDT,295.78,1.2,295.77,2.4,295.79,9.4,295.8,25.8
1753617340476,11:55:40.476,bitget,AAVE/USDT:USDT,295.77,2.4,295.76,17.3,295.79,2.8,295.8,25.8
1753617340626,11:55:40.626,bitget,AAVE/USDT:USDT,295.77,1.8,295.76,9.9,295.79,9.9,295.8,25.8
1753617340776,11:55:40.776,bitget,AAVE/USDT:USDT,295.77,1.8,295.76,9.9,295.79,9.9,295.8,25.8
1753617340926,11:55:40.926,bitget,AAVE/USDT:USDT,295.77,1.8,295.76,9.9,295.79,9.9,295.8,25.8
1753617341076,11:55:41.076,bitget,AAVE/USDT:USDT,295.77,7.4,295.76,9.9,295.79,9.6,295.8,25.8
1753617341227,11:55:41.227,bitget,AAVE/USDT:USDT,295.77,2.4,295.76,9.9,295.79,9.6,295.8,25.8
1753617341377,11:55:41.377,bitget,AAVE/USDT:USDT,295.77,3.4,295.76,9.9,295.79,9.6,295.8,25.8
1753617341527,11:55:41.527,bitget,AAVE/USDT:USDT,295.77,3.4,295.76,9.9,295.79,9.6,295.8,25.8
1753617341677,11:55:41.677,bitget,AAVE/USDT:USDT,295.77,1.9,295.76,9.9,295.79,9.6,295.8,25.8
1753617341827,11:55:41.827,bitget,AAVE/USDT:USDT,295.75,20.6,295.74,65.7,295.79,11.2,295.8,29.5
