timestamp,time,exchange,symbol,bid1_price,bid1_volume,bid2_price,bid2_volume,ask1_price,ask1_volume,ask2_price,ask2_volume
1753617156692,11:52:36.692,bybit,AAVE/USDT:USDT,295.67,0.17,295.66,0.08,295.68,2.34,295.69,0.71
1753617156791,11:52:36.791,bybit,AAVE/USDT:USDT,295.67,0.17,295.66,0.08,295.68,2.34,295.69,0.71
1753617156891,11:52:36.891,bybit,AAVE/USDT:USDT,295.67,0.17,295.66,0.08,295.68,2.34,295.69,0.71
1753617156991,11:52:36.991,bybit,AAVE/USDT:USDT,295.67,0.17,295.66,0.08,295.68,2.34,295.69,0.71
1753617157091,11:52:37.091,bybit,AAVE/USDT:USDT,295.67,0.17,295.66,0.08,295.68,2.34,295.69,0.71
1753617157191,11:52:37.191,bybit,AAVE/USDT:USDT,295.67,0.17,295.66,0.08,295.68,2.34,295.69,0.71
1753617157291,11:52:37.291,bybit,AAVE/USDT:USDT,295.67,0.17,295.66,0.08,295.68,2.34,295.69,0.71
1753617157391,11:52:37.391,bybit,AAVE/USDT:USDT,295.67,0.17,295.66,0.08,295.68,4.86,295.69,5.9
1753617157793,11:52:37.793,bybit,AAVE/USDT:USDT,295.67,0.17,295.66,0.08,295.68,4.86,295.69,5.9
1753617157891,11:52:37.891,bybit,AAVE/USDT:USDT,295.67,0.17,295.66,0.08,295.68,3.61,295.69,4.44
1753617157992,11:52:37.992,bybit,AAVE/USDT:USDT,295.67,0.17,295.66,0.08,295.68,3.61,295.69,4.44
1753617158091,11:52:38.091,bybit,AAVE/USDT:USDT,295.67,0.17,295.66,0.08,295.68,3.61,295.69,4.44
1753617158292,11:52:38.292,bybit,AAVE/USDT:USDT,295.67,0.17,295.66,0.08,295.68,3.61,295.69,4.44
1753617158592,11:52:38.592,bybit,AAVE/USDT:USDT,295.67,0.88,295.66,0.08,295.68,2.34,295.69,0.71
1753617158691,11:52:38.691,bybit,AAVE/USDT:USDT,295.67,0.17,295.66,0.08,295.68,1.53,295.69,0.71
1753617158791,11:52:38.791,bybit,AAVE/USDT:USDT,295.67,0.17,295.66,0.08,295.68,3.05,295.69,0.71
1753617158991,11:52:38.991,bybit,AAVE/USDT:USDT,295.67,0.17,295.66,0.08,295.68,3.05,295.69,0.71
1753617159090,11:52:39.090,bybit,AAVE/USDT:USDT,295.67,0.17,295.66,0.08,295.68,3.05,295.69,0.71
1753617159191,11:52:39.191,bybit,AAVE/USDT:USDT,295.67,0.17,295.66,0.08,295.68,3.05,295.69,0.71
1753617159891,11:52:39.891,bybit,AAVE/USDT:USDT,295.67,0.17,295.66,0.08,295.68,2.23,295.69,5.85
1753617159991,11:52:39.991,bybit,AAVE/USDT:USDT,295.67,0.17,295.66,0.08,295.68,2.23,295.69,5.85
1753617160091,11:52:40.091,bybit,AAVE/USDT:USDT,295.67,0.17,295.66,0.08,295.68,2.23,295.69,5.85
1753617160191,11:52:40.191,bybit,AAVE/USDT:USDT,295.67,0.17,295.66,0.08,295.68,2.23,295.69,5.85
1753617160491,11:52:40.491,bybit,AAVE/USDT:USDT,295.67,0.88,295.66,0.08,295.68,2.23,295.69,5.85
1753617160591,11:52:40.591,bybit,AAVE/USDT:USDT,295.67,0.17,295.66,0.08,295.68,2.23,295.69,5.85
1753617160690,11:52:40.690,bybit,AAVE/USDT:USDT,295.67,0.17,295.66,0.08,295.68,2.23,295.69,5.85
1753617161190,11:52:41.190,bybit,AAVE/USDT:USDT,295.67,0.88,295.66,0.08,295.69,5.14,295.7,2.66
1753617161291,11:52:41.291,bybit,AAVE/USDT:USDT,295.67,0.88,295.66,0.08,295.69,5.14,295.7,2.66
1753617161391,11:52:41.391,bybit,AAVE/USDT:USDT,295.67,0.17,295.66,0.08,295.68,2.35,295.69,5.14
1753617161891,11:52:41.891,bybit,AAVE/USDT:USDT,295.67,0.17,295.66,0.08,295.68,5.42,295.69,2.19
1753617161991,11:52:41.991,bybit,AAVE/USDT:USDT,295.67,0.17,295.66,0.08,295.68,5.42,295.69,0.84
1753617162591,11:52:42.591,bybit,AAVE/USDT:USDT,295.67,0.17,295.66,0.08,295.68,5.42,295.69,2.19
1753617162691,11:52:42.691,bybit,AAVE/USDT:USDT,295.67,0.17,295.66,0.08,295.68,5.42,295.69,2.19
1753617162791,11:52:42.791,bybit,AAVE/USDT:USDT,295.67,0.17,295.66,0.08,295.68,5.42,295.69,2.19
1753617162891,11:52:42.891,bybit,AAVE/USDT:USDT,295.67,0.88,295.66,0.08,295.68,0.75,295.69,0.84
1753617162991,11:52:42.991,bybit,AAVE/USDT:USDT,295.67,0.88,295.66,0.08,295.68,0.92,295.69,0.84
1753617163091,11:52:43.091,bybit,AAVE/USDT:USDT,295.67,0.88,295.66,0.08,295.68,2.44,295.69,0.84
1753617163191,11:52:43.191,bybit,AAVE/USDT:USDT,295.67,0.88,295.66,0.08,295.68,2.44,295.69,0.84
1753617163591,11:52:43.591,bybit,AAVE/USDT:USDT,295.67,0.88,295.66,0.08,295.68,0.1,295.7,0.73
1753617163690,11:52:43.690,bybit,AAVE/USDT:USDT,295.67,0.88,295.66,0.08,295.68,0.1,295.7,0.73
1753617163791,11:52:43.791,bybit,AAVE/USDT:USDT,295.67,0.88,295.66,0.08,295.68,0.1,295.7,0.73
1753617163891,11:52:43.891,bybit,AAVE/USDT:USDT,295.67,0.88,295.66,0.08,295.68,0.1,295.69,0.05
1753617163990,11:52:43.990,bybit,AAVE/USDT:USDT,295.67,0.88,295.66,0.08,295.68,0.1,295.7,0.73
1753617164091,11:52:44.091,bybit,AAVE/USDT:USDT,295.67,0.88,295.66,0.08,295.68,0.1,295.7,0.73
1753617164191,11:52:44.191,bybit,AAVE/USDT:USDT,295.67,0.88,295.66,0.08,295.68,0.1,295.7,0.73
1753617164292,11:52:44.292,bybit,AAVE/USDT:USDT,295.67,5.82,295.66,0.08,295.68,0.1,295.7,0.73
1753617164391,11:52:44.391,bybit,AAVE/USDT:USDT,295.67,5.82,295.66,3.53,295.68,0.1,295.7,0.06
1753617164492,11:52:44.492,bybit,AAVE/USDT:USDT,295.69,14.45,295.68,7.71,295.7,0.02,295.71,0.07
1753617164592,11:52:44.592,bybit,AAVE/USDT:USDT,295.69,15.68,295.68,11.65,295.7,0.02,295.71,0.07
1753617164691,11:52:44.691,bybit,AAVE/USDT:USDT,295.69,15.68,295.68,11.65,295.7,0.02,295.71,0.07
1753617164790,11:52:44.790,bybit,AAVE/USDT:USDT,295.69,18.04,295.68,14.56,295.7,0.02,295.71,0.07
1753617164991,11:52:44.991,bybit,AAVE/USDT:USDT,295.7,15.7,295.69,13.54,295.71,0.03,295.72,0.06
1753617165091,11:52:45.091,bybit,AAVE/USDT:USDT,295.71,10.38,295.7,11.93,295.72,0.02,295.73,0.83
1753617165490,11:52:45.490,bybit,AAVE/USDT:USDT,295.71,10.38,295.7,11.93,295.72,0.02,295.73,0.6
1753617165591,11:52:45.591,bybit,AAVE/USDT:USDT,295.71,8.91,295.7,11.02,295.72,0.02,295.73,0.83
1753617165691,11:52:45.691,bybit,AAVE/USDT:USDT,295.71,8.91,295.7,11.02,295.72,0.12,295.73,0.6
1753617165793,11:52:45.793,bybit,AAVE/USDT:USDT,295.71,8.91,295.7,11.02,295.72,0.12,295.73,0.6
1753617165891,11:52:45.891,bybit,AAVE/USDT:USDT,295.71,8.91,295.7,11.02,295.72,0.12,295.73,0.6
1753617165991,11:52:45.991,bybit,AAVE/USDT:USDT,295.71,8.09,295.7,11.02,295.72,0.12,295.73,0.6
1753617166091,11:52:46.091,bybit,AAVE/USDT:USDT,295.71,8.09,295.7,11.02,295.72,0.12,295.73,0.84
1753617166191,11:52:46.191,bybit,AAVE/USDT:USDT,295.71,8.09,295.7,11.02,295.72,0.12,295.73,0.84
1753617166291,11:52:46.291,bybit,AAVE/USDT:USDT,295.71,8.09,295.7,11.02,295.72,0.12,295.73,0.84
1753617166391,11:52:46.391,bybit,AAVE/USDT:USDT,295.71,8.09,295.7,11.02,295.72,0.12,295.73,0.6
1753617166491,11:52:46.491,bybit,AAVE/USDT:USDT,295.71,8.09,295.7,11.02,295.72,0.12,295.73,0.6
1753617166591,11:52:46.591,bybit,AAVE/USDT:USDT,295.71,8.09,295.7,11.02,295.72,0.12,295.73,0.6
1753617166691,11:52:46.691,bybit,AAVE/USDT:USDT,295.71,8.09,295.7,11.02,295.72,0.12,295.73,0.6
1753617166791,11:52:46.791,bybit,AAVE/USDT:USDT,295.71,8.09,295.7,11.02,295.72,0.12,295.73,0.6
1753617166890,11:52:46.890,bybit,AAVE/USDT:USDT,295.71,8.09,295.7,11.02,295.72,0.12,295.73,0.6
1753617166990,11:52:46.990,bybit,AAVE/USDT:USDT,295.71,8.09,295.7,11.02,295.72,0.12,295.73,0.6
1753617167092,11:52:47.092,bybit,AAVE/USDT:USDT,295.71,8.09,295.7,11.02,295.72,0.12,295.73,0.6
1753617167190,11:52:47.190,bybit,AAVE/USDT:USDT,295.71,8.09,295.7,11.02,295.72,0.12,295.73,0.6
1753617167291,11:52:47.291,bybit,AAVE/USDT:USDT,295.71,8.09,295.7,11.02,295.72,0.12,295.73,0.6
1753617167391,11:52:47.391,bybit,AAVE/USDT:USDT,295.71,8.09,295.7,11.02,295.72,0.12,295.73,0.6
1753617167491,11:52:47.491,bybit,AAVE/USDT:USDT,295.71,8.09,295.7,11.02,295.72,0.12,295.73,0.6
1753617167591,11:52:47.591,bybit,AAVE/USDT:USDT,295.71,8.09,295.7,11.02,295.72,0.12,295.73,0.6
1753617167690,11:52:47.690,bybit,AAVE/USDT:USDT,295.71,8.09,295.7,11.02,295.72,0.12,295.73,0.6
1753617167791,11:52:47.791,bybit,AAVE/USDT:USDT,295.71,8.09,295.7,11.02,295.72,0.12,295.73,0.84
1753617167891,11:52:47.891,bybit,AAVE/USDT:USDT,295.71,8.09,295.7,11.02,295.72,0.12,295.73,0.84
1753617167991,11:52:47.991,bybit,AAVE/USDT:USDT,295.71,8.09,295.7,11.02,295.72,0.12,295.73,0.6
1753617168091,11:52:48.091,bybit,AAVE/USDT:USDT,295.71,8.09,295.7,11.02,295.72,0.12,295.73,0.6
1753617168191,11:52:48.191,bybit,AAVE/USDT:USDT,295.71,8.09,295.7,11.02,295.72,0.12,295.73,0.6
1753617168292,11:52:48.292,bybit,AAVE/USDT:USDT,295.71,8.09,295.7,11.02,295.72,0.03,295.73,0.6
1753617168390,11:52:48.390,bybit,AAVE/USDT:USDT,295.71,8.09,295.7,11.02,295.72,0.03,295.73,0.6
1753617168491,11:52:48.491,bybit,AAVE/USDT:USDT,295.71,8.09,295.7,11.02,295.72,0.03,295.73,0.6
1753617168592,11:52:48.592,bybit,AAVE/USDT:USDT,295.73,0.71,295.72,5.01,295.74,0.91,295.75,8.67
1753617168691,11:52:48.691,bybit,AAVE/USDT:USDT,295.73,0.71,295.72,5.01,295.74,0.07,295.75,8.67
1753617168791,11:52:48.791,bybit,AAVE/USDT:USDT,295.73,0.71,295.72,5.01,295.74,0.07,295.75,8.67
1753617168891,11:52:48.891,bybit,AAVE/USDT:USDT,295.73,0.71,295.72,5.01,295.74,0.07,295.75,8.67
1753617168991,11:52:48.991,bybit,AAVE/USDT:USDT,295.73,0.71,295.72,5.01,295.74,0.07,295.75,8.67
1753617169090,11:52:49.090,bybit,AAVE/USDT:USDT,295.73,5.01,295.72,5.01,295.74,0.07,295.75,8.67
1753617169190,11:52:49.190,bybit,AAVE/USDT:USDT,295.73,5.01,295.72,5.01,295.74,0.07,295.75,8.67
1753617169290,11:52:49.290,bybit,AAVE/USDT:USDT,295.73,5.01,295.72,5.01,295.74,0.07,295.75,8.67
1753617169391,11:52:49.391,bybit,AAVE/USDT:USDT,295.73,5.01,295.72,5.01,295.74,0.07,295.75,8.67
1753617169491,11:52:49.491,bybit,AAVE/USDT:USDT,295.73,5.01,295.72,5.01,295.74,0.07,295.75,8.67
1753617169591,11:52:49.591,bybit,AAVE/USDT:USDT,295.73,5.01,295.72,5.01,295.74,0.07,295.75,8.67
1753617169892,11:52:49.892,bybit,AAVE/USDT:USDT,295.73,5.11,295.72,5.01,295.74,0.07,295.75,8.67
1753617169998,11:52:49.998,bybit,AAVE/USDT:USDT,295.73,5.11,295.72,5.01,295.74,0.07,295.75,8.67
1753617170091,11:52:50.091,bybit,AAVE/USDT:USDT,295.73,5.11,295.72,5.01,295.74,0.07,295.75,8.67
1753617170191,11:52:50.191,bybit,AAVE/USDT:USDT,295.73,5.11,295.72,5.01,295.74,0.07,295.75,8.67
1753617170291,11:52:50.291,bybit,AAVE/USDT:USDT,295.73,5.11,295.72,5.01,295.74,1.69,295.75,9.92
1753617170392,11:52:50.392,bybit,AAVE/USDT:USDT,295.73,5.11,295.72,7.26,295.74,0.07,295.75,8.67
1753617170490,11:52:50.490,bybit,AAVE/USDT:USDT,295.73,5.11,295.72,7.26,295.74,0.07,295.75,8.67
1753617170592,11:52:50.592,bybit,AAVE/USDT:USDT,295.73,5.11,295.72,7.26,295.74,0.07,295.75,8.67
1753617170691,11:52:50.691,bybit,AAVE/USDT:USDT,295.73,6.02,295.72,7.26,295.74,0.07,295.75,8.67
1753617170791,11:52:50.791,bybit,AAVE/USDT:USDT,295.73,6.02,295.72,7.26,295.74,0.07,295.75,8.67
1753617170891,11:52:50.891,bybit,AAVE/USDT:USDT,295.73,6.02,295.72,7.26,295.74,0.07,295.75,8.67
1753617170991,11:52:50.991,bybit,AAVE/USDT:USDT,295.73,6.02,295.72,7.26,295.74,0.07,295.75,8.67
1753617171091,11:52:51.091,bybit,AAVE/USDT:USDT,295.73,6.02,295.72,7.26,295.74,0.07,295.75,8.67
1753617171191,11:52:51.191,bybit,AAVE/USDT:USDT,295.73,5.11,295.72,7.26,295.74,0.07,295.75,8.67
1753617171291,11:52:51.291,bybit,AAVE/USDT:USDT,295.73,5.11,295.72,7.26,295.74,0.07,295.75,8.67
1753617171391,11:52:51.391,bybit,AAVE/USDT:USDT,295.73,5.11,295.72,7.26,295.74,0.07,295.75,8.67
1753617171491,11:52:51.491,bybit,AAVE/USDT:USDT,295.73,5.11,295.72,7.26,295.74,0.26,295.75,8.67
1753617171592,11:52:51.592,bybit,AAVE/USDT:USDT,295.74,12.33,295.73,8.95,295.75,8.67,295.76,0.6
1753617171691,11:52:51.691,bybit,AAVE/USDT:USDT,295.74,12.33,295.73,8.95,295.75,8.67,295.76,0.6
1753617171792,11:52:51.792,bybit,AAVE/USDT:USDT,295.74,12.65,295.73,11.39,295.75,8.67,295.76,0.6
1753617171891,11:52:51.891,bybit,AAVE/USDT:USDT,295.74,12.65,295.73,11.39,295.75,8.67,295.76,0.6
1753617171991,11:52:51.991,bybit,AAVE/USDT:USDT,295.74,13.56,295.73,11.39,295.75,8.67,295.76,0.6
1753617172091,11:52:52.091,bybit,AAVE/USDT:USDT,295.74,13.56,295.73,11.29,295.75,8.67,295.76,0.6
1753617172191,11:52:52.191,bybit,AAVE/USDT:USDT,295.74,13.56,295.73,11.29,295.75,8.8,295.76,0.6
1753617172291,11:52:52.291,bybit,AAVE/USDT:USDT,295.74,13.56,295.73,11.29,295.75,8.8,295.76,0.6
1753617172391,11:52:52.391,bybit,AAVE/USDT:USDT,295.74,13.56,295.73,11.29,295.75,8.8,295.76,0.6
1753617172491,11:52:52.491,bybit,AAVE/USDT:USDT,295.74,13.56,295.73,11.61,295.75,8.8,295.76,0.6
1753617172591,11:52:52.591,bybit,AAVE/USDT:USDT,295.74,13.56,295.73,11.54,295.75,8.8,295.76,0.6
1753617172691,11:52:52.691,bybit,AAVE/USDT:USDT,295.74,13.56,295.73,11.54,295.75,8.8,295.76,0.6
1753617172791,11:52:52.791,bybit,AAVE/USDT:USDT,295.74,13.56,295.73,11.54,295.75,8.8,295.76,0.6
1753617172891,11:52:52.891,bybit,AAVE/USDT:USDT,295.74,2.82,295.73,4.8,295.75,8.8,295.76,0.6
1753617172991,11:52:52.991,bybit,AAVE/USDT:USDT,295.74,2.5,295.73,3.3,295.75,8.8,295.76,0.6
1753617173091,11:52:53.091,bybit,AAVE/USDT:USDT,295.74,2.5,295.73,3.3,295.75,8.8,295.76,0.6
1753617173191,11:52:53.191,bybit,AAVE/USDT:USDT,295.74,2.5,295.73,3.3,295.75,8.8,295.76,0.6
1753617173291,11:52:53.291,bybit,AAVE/USDT:USDT,295.74,1.62,295.73,3.3,295.75,11.06,295.76,0.6
1753617173391,11:52:53.391,bybit,AAVE/USDT:USDT,295.74,1.62,295.73,3.3,295.75,11.06,295.76,0.6
1753617173491,11:52:53.491,bybit,AAVE/USDT:USDT,295.74,1.62,295.73,2.98,295.75,11.41,295.76,0.6
1753617173592,11:52:53.592,bybit,AAVE/USDT:USDT,295.73,0.71,295.72,0.75,295.74,4.48,295.75,12.5
1753617173691,11:52:53.691,bybit,AAVE/USDT:USDT,295.72,0.71,295.71,0.82,295.73,2.46,295.74,9.45
1753617173791,11:52:53.791,bybit,AAVE/USDT:USDT,295.72,1.23,295.71,0.78,295.74,3.88,295.75,11.28
1753617173891,11:52:53.891,bybit,AAVE/USDT:USDT,295.72,0.71,295.71,0.78,295.73,1.47,295.74,6.23
1753617173991,11:52:53.991,bybit,AAVE/USDT:USDT,295.72,0.91,295.71,4.93,295.74,3.88,295.75,11.28
1753617174091,11:52:54.091,bybit,AAVE/USDT:USDT,295.73,2.83,295.72,4.13,295.74,2.39,295.75,9.02
1753617174190,11:52:54.190,bybit,AAVE/USDT:USDT,295.73,2.83,295.72,7.51,295.74,2.39,295.75,9.02
1753617174292,11:52:54.292,bybit,AAVE/USDT:USDT,295.73,1.89,295.72,6.65,295.74,2.39,295.75,9.02
1753617174391,11:52:54.391,bybit,AAVE/USDT:USDT,295.73,1.89,295.72,6.65,295.74,2.39,295.75,9.02
1753617174491,11:52:54.491,bybit,AAVE/USDT:USDT,295.73,0.71,295.72,4.17,295.74,2.74,295.75,8.67
1753617174592,11:52:54.592,bybit,AAVE/USDT:USDT,295.73,0.71,295.72,0.71,295.74,4.21,295.75,8.67
1753617174691,11:52:54.691,bybit,AAVE/USDT:USDT,295.73,0.71,295.72,0.71,295.74,4.21,295.75,8.67
1753617174791,11:52:54.791,bybit,AAVE/USDT:USDT,295.73,0.71,295.72,0.71,295.74,2.74,295.75,8.67
1753617174891,11:52:54.891,bybit,AAVE/USDT:USDT,295.73,0.71,295.72,0.71,295.74,2.74,295.75,8.67
1753617174991,11:52:54.991,bybit,AAVE/USDT:USDT,295.73,0.71,295.72,0.71,295.74,2.74,295.75,8.67
1753617175091,11:52:55.091,bybit,AAVE/USDT:USDT,295.73,0.71,295.72,0.71,295.74,2.74,295.75,8.67
1753617175191,11:52:55.191,bybit,AAVE/USDT:USDT,295.73,0.71,295.72,0.71,295.74,2.74,295.75,8.67
1753617175291,11:52:55.291,bybit,AAVE/USDT:USDT,295.73,0.71,295.72,0.71,295.74,2.74,295.75,8.67
1753617175391,11:52:55.391,bybit,AAVE/USDT:USDT,295.73,0.71,295.72,0.71,295.74,2.74,295.75,8.67
1753617175491,11:52:55.491,bybit,AAVE/USDT:USDT,295.73,0.71,295.72,0.71,295.74,2.74,295.75,8.67
1753617175591,11:52:55.591,bybit,AAVE/USDT:USDT,295.73,0.71,295.72,0.71,295.74,2.74,295.75,8.67
1753617175690,11:52:55.690,bybit,AAVE/USDT:USDT,295.73,0.71,295.72,0.71,295.74,2.74,295.75,8.67
1753617175793,11:52:55.793,bybit,AAVE/USDT:USDT,295.73,0.71,295.72,0.71,295.74,2.74,295.75,8.67
1753617175891,11:52:55.891,bybit,AAVE/USDT:USDT,295.73,0.71,295.72,0.71,295.74,2.74,295.75,8.67
1753617175991,11:52:55.991,bybit,AAVE/USDT:USDT,295.73,0.71,295.72,0.71,295.74,2.74,295.75,8.67
1753617176092,11:52:56.092,bybit,AAVE/USDT:USDT,295.73,0.71,295.72,0.71,295.74,2.74,295.75,8.67
1753617176191,11:52:56.191,bybit,AAVE/USDT:USDT,295.73,3.12,295.72,3.15,295.74,2.74,295.75,8.67
1753617176291,11:52:56.291,bybit,AAVE/USDT:USDT,295.73,3.12,295.72,3.15,295.74,2.74,295.75,8.67
1753617176391,11:52:56.391,bybit,AAVE/USDT:USDT,295.73,3.12,295.72,3.15,295.74,2.74,295.75,8.67
1753617176491,11:52:56.491,bybit,AAVE/USDT:USDT,295.73,3.12,295.72,3.15,295.74,2.74,295.75,8.67
1753617176591,11:52:56.591,bybit,AAVE/USDT:USDT,295.73,1.65,295.72,3.15,295.74,2.74,295.75,8.67
1753617176691,11:52:56.691,bybit,AAVE/USDT:USDT,295.73,1.65,295.72,3.15,295.74,2.74,295.75,8.67
1753617176791,11:52:56.791,bybit,AAVE/USDT:USDT,295.73,1.65,295.72,3.15,295.74,2.74,295.75,8.67
1753617176890,11:52:56.890,bybit,AAVE/USDT:USDT,295.73,1.65,295.72,3.15,295.74,2.74,295.75,8.67
1753617176990,11:52:56.990,bybit,AAVE/USDT:USDT,295.73,1.65,295.72,3.15,295.74,2.74,295.75,8.67
1753617177091,11:52:57.091,bybit,AAVE/USDT:USDT,295.73,1.65,295.72,3.15,295.74,2.74,295.75,8.67
1753617177191,11:52:57.191,bybit,AAVE/USDT:USDT,295.73,1.65,295.72,1.93,295.74,2.74,295.75,8.67
1753617177291,11:52:57.291,bybit,AAVE/USDT:USDT,295.73,1.65,295.72,1.93,295.74,2.74,295.75,8.67
1753617177391,11:52:57.391,bybit,AAVE/USDT:USDT,295.73,1.65,295.72,1.93,295.74,2.74,295.75,8.67
1753617177491,11:52:57.491,bybit,AAVE/USDT:USDT,295.73,1.65,295.72,1.93,295.74,2.39,295.75,8.67
1753617177591,11:52:57.591,bybit,AAVE/USDT:USDT,295.73,1.65,295.72,0.71,295.74,3.47,295.75,8.67
1753617177691,11:52:57.691,bybit,AAVE/USDT:USDT,295.73,1.65,295.72,0.71,295.74,3.57,295.75,8.67
1753617177791,11:52:57.791,bybit,AAVE/USDT:USDT,295.73,1.65,295.72,0.71,295.74,3.57,295.75,8.67
1753617177891,11:52:57.891,bybit,AAVE/USDT:USDT,295.73,1.65,295.72,0.71,295.74,3.57,295.75,8.67
1753617177991,11:52:57.991,bybit,AAVE/USDT:USDT,295.73,1.65,295.72,0.71,295.74,3.57,295.75,8.67
1753617178091,11:52:58.091,bybit,AAVE/USDT:USDT,295.73,1.65,295.72,0.71,295.74,3.57,295.75,8.6
1753617178191,11:52:58.191,bybit,AAVE/USDT:USDT,295.73,0.71,295.72,0.71,295.74,3.57,295.75,8.6
1753617178291,11:52:58.291,bybit,AAVE/USDT:USDT,295.73,0.71,295.72,0.71,295.74,3.57,295.75,8.6
1753617178391,11:52:58.391,bybit,AAVE/USDT:USDT,295.73,0.71,295.72,0.71,295.74,3.57,295.75,8.6
1753617178491,11:52:58.491,bybit,AAVE/USDT:USDT,295.73,0.71,295.72,0.71,295.74,3.57,295.75,8.6
1753617178791,11:52:58.791,bybit,AAVE/USDT:USDT,295.73,0.71,295.72,1.93,295.74,3.57,295.75,8.6
1753617178891,11:52:58.891,bybit,AAVE/USDT:USDT,295.73,0.71,295.72,1.93,295.74,3.57,295.75,8.6
1753617178991,11:52:58.991,bybit,AAVE/USDT:USDT,295.73,0.71,295.72,1.93,295.74,3.57,295.75,8.6
1753617179091,11:52:59.091,bybit,AAVE/USDT:USDT,295.73,1.65,295.72,1.93,295.74,3.57,295.75,8.6
1753617179191,11:52:59.191,bybit,AAVE/USDT:USDT,295.73,1.65,295.72,1.93,295.74,3.57,295.75,8.6
1753617179291,11:52:59.291,bybit,AAVE/USDT:USDT,295.72,0.71,295.71,0.84,295.74,7.62,295.75,9.82
1753617179391,11:52:59.391,bybit,AAVE/USDT:USDT,295.72,0.71,295.71,0.84,295.73,1.47,295.74,6.15
1753617179491,11:52:59.491,bybit,AAVE/USDT:USDT,295.72,0.71,295.71,0.84,295.73,3.73,295.74,3.89
1753617179591,11:52:59.591,bybit,AAVE/USDT:USDT,295.72,0.71,295.71,0.84,295.73,4.94,295.74,2.68
1753617179691,11:52:59.691,bybit,AAVE/USDT:USDT,295.72,0.71,295.71,0.84,295.73,4.94,295.74,2.68
1753617179891,11:52:59.891,bybit,AAVE/USDT:USDT,295.72,0.71,295.71,0.84,295.73,5.04,295.74,2.58
1753617179991,11:52:59.991,bybit,AAVE/USDT:USDT,295.72,0.71,295.71,0.84,295.73,5.04,295.74,2.58
1753617180091,11:53:00.091,bybit,AAVE/USDT:USDT,295.72,0.71,295.71,0.84,295.73,5.04,295.74,2.58
1753617180191,11:53:00.191,bybit,AAVE/USDT:USDT,295.72,0.71,295.71,0.84,295.73,5.04,295.74,2.58
1753617180391,11:53:00.391,bybit,AAVE/USDT:USDT,295.72,0.71,295.71,0.84,295.73,5.04,295.74,2.58
1753617180491,11:53:00.491,bybit,AAVE/USDT:USDT,295.72,0.71,295.71,0.84,295.73,5.04,295.74,2.58
1753617180590,11:53:00.590,bybit,AAVE/USDT:USDT,295.72,0.71,295.71,0.84,295.73,5.04,295.74,2.58
1753617180691,11:53:00.691,bybit,AAVE/USDT:USDT,295.72,0.71,295.71,0.84,295.73,5.04,295.74,2.58
1753617180791,11:53:00.791,bybit,AAVE/USDT:USDT,295.71,0.13,295.7,0.99,295.73,5.04,295.74,2.58
1753617180891,11:53:00.891,bybit,AAVE/USDT:USDT,295.71,0.48,295.7,0.99,295.72,0.11,295.73,5.04
1753617180991,11:53:00.991,bybit,AAVE/USDT:USDT,295.71,0.48,295.7,0.99,295.72,1.47,295.73,3.57
1753617181091,11:53:01.091,bybit,AAVE/USDT:USDT,295.71,0.13,295.7,0.28,295.72,3.86,295.73,2.4
1753617181191,11:53:01.191,bybit,AAVE/USDT:USDT,295.71,0.13,295.7,0.28,295.72,3.86,295.73,2.4
1753617181291,11:53:01.291,bybit,AAVE/USDT:USDT,295.71,0.13,295.7,0.28,295.72,3.86,295.73,2.4
1753617181391,11:53:01.391,bybit,AAVE/USDT:USDT,295.71,0.13,295.7,0.28,295.72,3.96,295.73,2.3
1753617181490,11:53:01.490,bybit,AAVE/USDT:USDT,295.71,0.13,295.7,0.28,295.72,3.96,295.73,2.3
1753617181591,11:53:01.591,bybit,AAVE/USDT:USDT,295.71,0.13,295.7,0.28,295.72,7.04,295.73,1.22
1753617181691,11:53:01.691,bybit,AAVE/USDT:USDT,295.71,0.13,295.7,0.28,295.72,7.04,295.73,1.22
1753617181793,11:53:01.793,bybit,AAVE/USDT:USDT,295.71,0.13,295.7,0.28,295.72,7.04,295.73,1.22
1753617181890,11:53:01.890,bybit,AAVE/USDT:USDT,295.71,0.13,295.7,0.28,295.72,7.04,295.73,1.22
1753617181991,11:53:01.991,bybit,AAVE/USDT:USDT,295.71,0.13,295.7,0.28,295.72,7.04,295.73,1.22
1753617182091,11:53:02.091,bybit,AAVE/USDT:USDT,295.71,0.13,295.7,0.28,295.72,7.04,295.73,1.22
1753617182191,11:53:02.191,bybit,AAVE/USDT:USDT,295.71,3.36,295.7,1.46,295.72,5.57,295.74,2.62
1753617182291,11:53:02.291,bybit,AAVE/USDT:USDT,295.71,4.44,295.7,2.88,295.72,5.57,295.74,2.62
1753617182391,11:53:02.391,bybit,AAVE/USDT:USDT,295.71,4.44,295.7,2.88,295.72,5.57,295.74,2.62
1753617182491,11:53:02.491,bybit,AAVE/USDT:USDT,295.71,4.44,295.7,2.9,295.72,5.57,295.74,2.62
1753617182606,11:53:02.606,bybit,AAVE/USDT:USDT,295.71,3.36,295.7,1.48,295.72,5.57,295.74,4.09
1753617182692,11:53:02.692,bybit,AAVE/USDT:USDT,295.74,16.86,295.73,14.67,295.75,8.6,295.76,0.6
1753617182791,11:53:02.791,bybit,AAVE/USDT:USDT,295.74,15.78,295.73,13.25,295.75,8.6,295.76,0.6
1753617182891,11:53:02.891,bybit,AAVE/USDT:USDT,295.74,16.1,295.73,13.25,295.75,8.6,295.76,0.6
1753617182990,11:53:02.990,bybit,AAVE/USDT:USDT,295.74,16.1,295.73,13.25,295.75,8.6,295.76,0.6
1753617183091,11:53:03.091,bybit,AAVE/USDT:USDT,295.74,16.1,295.73,13.25,295.75,8.6,295.76,0.6
1753617183191,11:53:03.191,bybit,AAVE/USDT:USDT,295.74,16.1,295.73,13.25,295.75,8.6,295.76,0.6
1753617183291,11:53:03.291,bybit,AAVE/USDT:USDT,295.74,15.02,295.73,11.89,295.75,8.6,295.76,0.6
1753617183391,11:53:03.391,bybit,AAVE/USDT:USDT,295.77,9.78,295.76,11.84,295.78,4.76,295.79,15.76
1753617183492,11:53:03.492,bybit,AAVE/USDT:USDT,295.77,7.77,295.76,11.43,295.78,0.02,295.79,15.76
1753617183592,11:53:03.592,bybit,AAVE/USDT:USDT,295.78,9.33,295.77,9.67,295.79,15.76,295.8,0.07
1753617183692,11:53:03.692,bybit,AAVE/USDT:USDT,295.81,11.87,295.8,14.96,295.82,1.71,295.84,0.66
1753617183794,11:53:03.794,bybit,AAVE/USDT:USDT,295.83,6.0,295.82,8.4,295.84,2.32,295.85,0.04
1753617183891,11:53:03.891,bybit,AAVE/USDT:USDT,295.83,8.16,295.82,15.29,295.84,0.02,295.85,0.03
1753617183992,11:53:03.992,bybit,AAVE/USDT:USDT,295.83,8.16,295.82,15.29,295.84,0.02,295.86,3.39
1753617184091,11:53:04.091,bybit,AAVE/USDT:USDT,295.83,8.16,295.82,15.29,295.84,0.02,295.86,3.39
1753617184191,11:53:04.191,bybit,AAVE/USDT:USDT,295.83,7.4,295.82,13.91,295.84,0.02,295.86,3.39
1753617184291,11:53:04.291,bybit,AAVE/USDT:USDT,295.83,7.4,295.82,13.91,295.84,0.02,295.86,3.39
1753617184392,11:53:04.392,bybit,AAVE/USDT:USDT,295.83,6.4,295.82,13.91,295.84,0.02,295.86,3.39
1753617184491,11:53:04.491,bybit,AAVE/USDT:USDT,295.83,3.02,295.82,4.81,295.84,0.02,295.86,4.62
1753617184592,11:53:04.592,bybit,AAVE/USDT:USDT,295.83,1.83,295.82,4.81,295.84,0.02,295.86,3.39
1753617184692,11:53:04.692,bybit,AAVE/USDT:USDT,295.83,1.83,295.82,4.81,295.84,0.02,295.86,3.39
1753617184791,11:53:04.791,bybit,AAVE/USDT:USDT,295.83,1.83,295.82,3.76,295.84,0.02,295.86,3.39
1753617184891,11:53:04.891,bybit,AAVE/USDT:USDT,295.83,0.71,295.82,1.19,295.84,2.11,295.86,6.14
1753617184991,11:53:04.991,bybit,AAVE/USDT:USDT,295.83,0.71,295.82,1.19,295.84,2.11,295.86,6.14
1753617185090,11:53:05.090,bybit,AAVE/USDT:USDT,295.83,3.42,295.82,1.24,295.84,0.02,295.86,3.39
1753617185191,11:53:05.191,bybit,AAVE/USDT:USDT,295.83,3.42,295.82,1.24,295.84,0.02,295.86,3.39
1753617185291,11:53:05.291,bybit,AAVE/USDT:USDT,295.83,3.42,295.82,1.24,295.84,0.02,295.86,0.09
1753617185391,11:53:05.391,bybit,AAVE/USDT:USDT,295.83,3.42,295.82,2.76,295.84,0.02,295.86,0.09
1753617185490,11:53:05.490,bybit,AAVE/USDT:USDT,295.83,3.42,295.82,2.76,295.84,0.02,295.86,0.09
1753617185591,11:53:05.591,bybit,AAVE/USDT:USDT,295.83,3.42,295.82,2.76,295.84,0.02,295.86,0.09
1753617185691,11:53:05.691,bybit,AAVE/USDT:USDT,295.83,3.42,295.82,2.76,295.84,0.02,295.86,0.09
1753617185794,11:53:05.794,bybit,AAVE/USDT:USDT,295.83,3.42,295.82,2.76,295.84,0.02,295.86,0.09
1753617185891,11:53:05.891,bybit,AAVE/USDT:USDT,295.83,0.71,295.82,0.15,295.84,2.61,295.86,5.42
1753617185991,11:53:05.991,bybit,AAVE/USDT:USDT,295.83,0.71,295.82,0.15,295.84,0.02,295.86,0.09
1753617186091,11:53:06.091,bybit,AAVE/USDT:USDT,295.83,6.53,295.82,0.22,295.84,0.02,295.86,0.09
1753617186191,11:53:06.191,bybit,AAVE/USDT:USDT,295.83,6.53,295.82,0.22,295.84,0.02,295.86,0.09
1753617186291,11:53:06.291,bybit,AAVE/USDT:USDT,295.83,6.53,295.82,0.22,295.84,0.02,295.86,0.09
1753617186391,11:53:06.391,bybit,AAVE/USDT:USDT,295.83,6.53,295.82,0.22,295.84,0.02,295.86,0.09
1753617186490,11:53:06.490,bybit,AAVE/USDT:USDT,295.83,6.53,295.82,0.22,295.84,0.02,295.86,0.09
1753617186591,11:53:06.591,bybit,AAVE/USDT:USDT,295.83,6.53,295.82,0.22,295.84,0.02,295.86,0.09
1753617186691,11:53:06.691,bybit,AAVE/USDT:USDT,295.83,8.84,295.82,6.31,295.84,0.02,295.86,0.09
1753617186792,11:53:06.792,bybit,AAVE/USDT:USDT,295.85,8.46,295.84,7.79,295.86,0.05,295.87,0.04
1753617186891,11:53:06.891,bybit,AAVE/USDT:USDT,295.85,8.46,295.84,6.71,295.86,0.05,295.87,0.04
1753617186991,11:53:06.991,bybit,AAVE/USDT:USDT,295.85,8.46,295.84,6.71,295.86,0.05,295.87,0.04
1753617187090,11:53:07.090,bybit,AAVE/USDT:USDT,295.85,8.46,295.84,6.71,295.86,0.05,295.87,0.04
1753617187191,11:53:07.191,bybit,AAVE/USDT:USDT,295.85,8.46,295.84,6.71,295.86,0.02,295.87,0.04
1753617187291,11:53:07.291,bybit,AAVE/USDT:USDT,295.85,8.46,295.84,6.71,295.86,0.02,295.87,0.04
1753617187391,11:53:07.391,bybit,AAVE/USDT:USDT,295.85,8.46,295.84,6.71,295.86,0.02,295.87,0.04
1753617187491,11:53:07.491,bybit,AAVE/USDT:USDT,295.84,4.07,295.83,2.65,295.85,2.24,295.86,3.32
1753617187591,11:53:07.591,bybit,AAVE/USDT:USDT,295.84,4.07,295.83,2.65,295.85,2.24,295.86,3.32
1753617187691,11:53:07.691,bybit,AAVE/USDT:USDT,295.84,4.07,295.83,2.65,295.85,2.12,295.86,2.14
1753617187791,11:53:07.791,bybit,AAVE/USDT:USDT,295.84,4.07,295.83,2.65,295.85,2.12,295.86,2.14
1753617187891,11:53:07.891,bybit,AAVE/USDT:USDT,295.84,4.07,295.83,2.65,295.85,2.12,295.86,2.14
1753617187991,11:53:07.991,bybit,AAVE/USDT:USDT,295.85,2.96,295.84,4.07,295.86,2.14,295.88,0.06
1753617188090,11:53:08.090,bybit,AAVE/USDT:USDT,295.85,2.96,295.84,4.07,295.86,2.14,295.88,0.06
1753617188192,11:53:08.192,bybit,AAVE/USDT:USDT,295.85,2.96,295.84,4.07,295.86,0.02,295.88,0.06
1753617188292,11:53:08.292,bybit,AAVE/USDT:USDT,295.85,4.48,295.84,4.07,295.86,0.1,295.88,0.06
1753617188392,11:53:08.392,bybit,AAVE/USDT:USDT,295.85,2.96,295.84,4.07,295.86,1.09,295.88,1.58
1753617188491,11:53:08.491,bybit,AAVE/USDT:USDT,295.85,2.96,295.84,4.07,295.86,2.09,295.88,1.58
1753617188591,11:53:08.591,bybit,AAVE/USDT:USDT,295.85,2.25,295.84,4.07,295.86,2.09,295.88,1.58
1753617188691,11:53:08.691,bybit,AAVE/USDT:USDT,295.85,2.25,295.84,4.07,295.86,2.09,295.88,1.58
1753617188791,11:53:08.791,bybit,AAVE/USDT:USDT,295.85,2.25,295.84,4.07,295.86,2.09,295.88,1.58
1753617188891,11:53:08.891,bybit,AAVE/USDT:USDT,295.85,2.25,295.84,4.07,295.86,2.09,295.88,1.58
1753617188991,11:53:08.991,bybit,AAVE/USDT:USDT,295.85,2.25,295.84,4.07,295.86,2.09,295.88,1.58
1753617189091,11:53:09.091,bybit,AAVE/USDT:USDT,295.85,2.41,295.84,4.07,295.86,2.09,295.88,1.58
1753617189191,11:53:09.191,bybit,AAVE/USDT:USDT,295.85,2.41,295.84,4.07,295.86,2.09,295.88,0.06
1753617189292,11:53:09.292,bybit,AAVE/USDT:USDT,295.85,2.41,295.84,4.07,295.86,1.09,295.88,0.06
1753617189391,11:53:09.391,bybit,AAVE/USDT:USDT,295.85,2.41,295.84,4.07,295.86,1.09,295.88,0.06
1753617189491,11:53:09.491,bybit,AAVE/USDT:USDT,295.85,2.41,295.84,4.07,295.86,0.02,295.88,0.06
1753617189591,11:53:09.591,bybit,AAVE/USDT:USDT,295.85,2.41,295.84,4.07,295.86,0.02,295.88,0.06
1753617189691,11:53:09.691,bybit,AAVE/USDT:USDT,295.85,2.41,295.84,0.71,295.86,0.54,295.88,0.06
1753617189791,11:53:09.791,bybit,AAVE/USDT:USDT,295.85,0.87,295.84,0.71,295.86,0.54,295.88,0.06
1753617189991,11:53:09.991,bybit,AAVE/USDT:USDT,295.85,0.87,295.84,0.71,295.86,0.54,295.88,0.06
1753617190091,11:53:10.091,bybit,AAVE/USDT:USDT,295.85,3.58,295.84,0.71,295.86,0.02,295.88,0.06
1753617190192,11:53:10.192,bybit,AAVE/USDT:USDT,295.85,3.58,295.84,0.71,295.86,0.02,295.88,0.06
1753617190291,11:53:10.291,bybit,AAVE/USDT:USDT,295.85,3.58,295.84,0.71,295.86,0.02,295.88,0.06
1753617190391,11:53:10.391,bybit,AAVE/USDT:USDT,295.85,3.58,295.84,0.71,295.86,0.02,295.88,0.06
1753617190490,11:53:10.490,bybit,AAVE/USDT:USDT,295.85,2.06,295.84,0.71,295.86,0.02,295.88,0.06
1753617190591,11:53:10.591,bybit,AAVE/USDT:USDT,295.85,0.87,295.84,0.71,295.86,0.02,295.88,0.06
1753617190691,11:53:10.691,bybit,AAVE/USDT:USDT,295.85,0.87,295.84,0.71,295.86,0.02,295.88,0.06
1753617190791,11:53:10.791,bybit,AAVE/USDT:USDT,295.85,2.39,295.84,0.71,295.86,0.02,295.88,0.06
1753617190892,11:53:10.892,bybit,AAVE/USDT:USDT,295.85,2.39,295.84,0.71,295.86,0.02,295.88,0.06
1753617190991,11:53:10.991,bybit,AAVE/USDT:USDT,295.85,2.39,295.84,0.71,295.86,0.02,295.88,0.06
1753617191091,11:53:11.091,bybit,AAVE/USDT:USDT,295.85,2.39,295.84,0.71,295.86,0.02,295.88,0.06
1753617191190,11:53:11.190,bybit,AAVE/USDT:USDT,295.85,2.39,295.84,0.71,295.86,0.02,295.88,0.06
1753617191291,11:53:11.291,bybit,AAVE/USDT:USDT,295.85,2.39,295.84,0.71,295.86,0.02,295.88,0.06
1753617191391,11:53:11.391,bybit,AAVE/USDT:USDT,295.85,2.39,295.84,0.71,295.86,0.02,295.88,0.06
1753617191491,11:53:11.491,bybit,AAVE/USDT:USDT,295.85,2.39,295.84,0.71,295.86,0.02,295.88,0.06
1753617191591,11:53:11.591,bybit,AAVE/USDT:USDT,295.85,2.39,295.84,0.71,295.86,0.02,295.88,0.06
1753617191691,11:53:11.691,bybit,AAVE/USDT:USDT,295.85,3.3,295.84,0.71,295.86,0.02,295.88,0.06
1753617191793,11:53:11.793,bybit,AAVE/USDT:USDT,295.85,3.3,295.84,0.71,295.86,0.02,295.88,0.06
1753617191891,11:53:11.891,bybit,AAVE/USDT:USDT,295.85,3.3,295.84,0.71,295.86,0.02,295.88,0.06
1753617191990,11:53:11.990,bybit,AAVE/USDT:USDT,295.85,3.3,295.84,0.71,295.86,0.02,295.88,0.06
1753617192091,11:53:12.091,bybit,AAVE/USDT:USDT,295.85,3.3,295.84,0.71,295.86,0.02,295.88,0.06
1753617192291,11:53:12.291,bybit,AAVE/USDT:USDT,295.85,3.3,295.84,0.71,295.86,0.02,295.88,0.06
1753617192391,11:53:12.391,bybit,AAVE/USDT:USDT,295.85,0.87,295.84,0.71,295.86,0.02,295.88,0.8
1753617192491,11:53:12.491,bybit,AAVE/USDT:USDT,295.85,2.05,295.84,0.71,295.86,0.02,295.88,0.8
1753617192597,11:53:12.597,bybit,AAVE/USDT:USDT,295.85,2.05,295.84,0.71,295.86,0.02,295.88,0.8
1753617192692,11:53:12.692,bybit,AAVE/USDT:USDT,295.85,0.87,295.84,0.71,295.86,0.26,295.88,0.8
1753617192791,11:53:12.791,bybit,AAVE/USDT:USDT,295.85,0.87,295.84,0.71,295.86,0.26,295.88,0.06
1753617192891,11:53:12.891,bybit,AAVE/USDT:USDT,295.85,0.87,295.84,0.71,295.86,0.02,295.88,0.06
1753617192991,11:53:12.991,bybit,AAVE/USDT:USDT,295.85,0.87,295.84,0.71,295.86,0.02,295.88,1.42
1753617193091,11:53:13.091,bybit,AAVE/USDT:USDT,295.85,0.87,295.84,0.71,295.86,0.02,295.88,1.42
1753617193190,11:53:13.190,bybit,AAVE/USDT:USDT,295.85,0.87,295.84,0.71,295.86,0.02,295.88,2.94
1753617193292,11:53:13.292,bybit,AAVE/USDT:USDT,295.85,0.87,295.84,0.71,295.86,0.02,295.88,2.94
1753617193391,11:53:13.391,bybit,AAVE/USDT:USDT,295.85,0.87,295.84,0.71,295.86,0.02,295.88,2.94
1753617193491,11:53:13.491,bybit,AAVE/USDT:USDT,295.85,0.87,295.84,0.71,295.86,0.02,295.88,2.94
1753617193591,11:53:13.591,bybit,AAVE/USDT:USDT,295.85,0.87,295.84,0.71,295.86,0.02,295.88,2.94
1753617193691,11:53:13.691,bybit,AAVE/USDT:USDT,295.85,0.87,295.84,0.71,295.86,0.02,295.88,2.94
1753617193793,11:53:13.793,bybit,AAVE/USDT:USDT,295.85,0.87,295.84,0.71,295.86,4.32,295.88,2.94
1753617193892,11:53:13.892,bybit,AAVE/USDT:USDT,295.85,0.16,295.84,0.71,295.86,4.32,295.87,1.79
1753617193991,11:53:13.991,bybit,AAVE/USDT:USDT,295.85,0.16,295.84,0.71,295.86,4.32,295.87,1.79
1753617194090,11:53:14.090,bybit,AAVE/USDT:USDT,295.85,0.16,295.84,0.71,295.86,4.32,295.87,1.79
1753617194191,11:53:14.191,bybit,AAVE/USDT:USDT,295.85,0.16,295.84,0.71,295.86,4.32,295.87,1.79
1753617194290,11:53:14.290,bybit,AAVE/USDT:USDT,295.85,0.16,295.84,0.71,295.86,4.32,295.87,1.79
1753617194391,11:53:14.391,bybit,AAVE/USDT:USDT,295.85,0.16,295.84,0.71,295.86,4.32,295.87,1.79
1753617194491,11:53:14.491,bybit,AAVE/USDT:USDT,295.85,0.16,295.84,0.71,295.86,4.32,295.88,5.47
1753617194591,11:53:14.591,bybit,AAVE/USDT:USDT,295.85,0.16,295.84,0.71,295.86,4.32,295.88,5.47
1753617194691,11:53:14.691,bybit,AAVE/USDT:USDT,295.85,0.16,295.84,0.71,295.86,4.32,295.88,5.47
1753617194791,11:53:14.791,bybit,AAVE/USDT:USDT,295.85,0.16,295.84,0.71,295.86,4.32,295.88,5.47
1753617194891,11:53:14.891,bybit,AAVE/USDT:USDT,295.85,0.16,295.84,0.71,295.86,4.32,295.88,5.47
1753617195191,11:53:15.191,bybit,AAVE/USDT:USDT,295.85,0.16,295.84,0.71,295.86,4.32,295.88,5.47
1753617195291,11:53:15.291,bybit,AAVE/USDT:USDT,295.85,1.33,295.84,0.71,295.86,4.32,295.88,5.47
1753617195391,11:53:15.391,bybit,AAVE/USDT:USDT,295.85,1.33,295.84,0.71,295.86,4.32,295.88,5.47
1753617195491,11:53:15.491,bybit,AAVE/USDT:USDT,295.85,1.33,295.84,0.71,295.86,0.02,295.88,1.42
1753617195591,11:53:15.591,bybit,AAVE/USDT:USDT,295.85,2.54,295.84,0.71,295.86,0.02,295.88,1.42
1753617195691,11:53:15.691,bybit,AAVE/USDT:USDT,295.85,2.54,295.84,0.71,295.86,0.02,295.88,1.42
1753617195793,11:53:15.793,bybit,AAVE/USDT:USDT,295.85,2.54,295.84,0.71,295.86,0.02,295.88,1.42
1753617195891,11:53:15.891,bybit,AAVE/USDT:USDT,295.85,2.54,295.84,0.71,295.86,0.02,295.88,0.06
1753617195991,11:53:15.991,bybit,AAVE/USDT:USDT,295.85,2.54,295.84,0.71,295.86,0.02,295.88,0.06
1753617196091,11:53:16.091,bybit,AAVE/USDT:USDT,295.85,2.54,295.84,0.71,295.86,0.02,295.88,0.06
1753617196191,11:53:16.191,bybit,AAVE/USDT:USDT,295.85,2.54,295.84,0.71,295.86,0.02,295.88,0.06
1753617196291,11:53:16.291,bybit,AAVE/USDT:USDT,295.85,2.54,295.84,0.71,295.86,0.02,295.88,0.06
1753617196391,11:53:16.391,bybit,AAVE/USDT:USDT,295.85,2.54,295.84,0.71,295.86,0.02,295.88,0.06
1753617196490,11:53:16.490,bybit,AAVE/USDT:USDT,295.85,2.54,295.84,0.71,295.86,0.02,295.88,0.06
1753617196592,11:53:16.592,bybit,AAVE/USDT:USDT,295.85,2.54,295.84,0.71,295.86,0.02,295.88,0.06
1753617196691,11:53:16.691,bybit,AAVE/USDT:USDT,295.85,4.04,295.84,0.71,295.86,0.02,295.88,0.06
1753617196791,11:53:16.791,bybit,AAVE/USDT:USDT,295.85,4.04,295.84,0.71,295.86,0.02,295.88,0.06
1753617196891,11:53:16.891,bybit,AAVE/USDT:USDT,295.85,4.04,295.84,0.71,295.86,0.02,295.88,0.06
1753617196991,11:53:16.991,bybit,AAVE/USDT:USDT,295.85,4.95,295.84,0.71,295.86,0.02,295.88,0.06
1753617197093,11:53:17.093,bybit,AAVE/USDT:USDT,295.87,14.77,295.86,11.94,295.88,0.02,295.89,1.47
1753617197192,11:53:17.192,bybit,AAVE/USDT:USDT,295.87,14.77,295.86,11.94,295.88,0.02,295.89,1.47
1753617197291,11:53:17.291,bybit,AAVE/USDT:USDT,295.87,14.77,295.86,11.94,295.88,0.02,295.89,1.47
1753617197391,11:53:17.391,bybit,AAVE/USDT:USDT,295.87,14.93,295.86,11.94,295.88,0.02,295.89,1.47
1753617197491,11:53:17.491,bybit,AAVE/USDT:USDT,295.87,14.93,295.86,11.94,295.88,0.02,295.89,1.44
1753617197592,11:53:17.592,bybit,AAVE/USDT:USDT,295.87,15.25,295.86,11.94,295.88,0.02,295.89,1.44
1753617197691,11:53:17.691,bybit,AAVE/USDT:USDT,295.87,15.25,295.86,11.94,295.88,0.02,295.89,1.44
1753617197793,11:53:17.793,bybit,AAVE/USDT:USDT,295.87,15.25,295.86,11.94,295.88,0.02,295.89,1.44
1753617197891,11:53:17.891,bybit,AAVE/USDT:USDT,295.87,15.25,295.86,11.94,295.88,0.02,295.89,1.44
1753617197991,11:53:17.991,bybit,AAVE/USDT:USDT,295.87,15.18,295.86,11.87,295.88,0.02,295.89,1.44
1753617198091,11:53:18.091,bybit,AAVE/USDT:USDT,295.87,15.18,295.86,11.87,295.88,0.02,295.89,1.44
1753617198191,11:53:18.191,bybit,AAVE/USDT:USDT,295.87,15.18,295.86,16.26,295.88,0.02,295.89,1.44
1753617198291,11:53:18.291,bybit,AAVE/USDT:USDT,295.87,15.18,295.86,16.58,295.88,0.02,295.89,1.44
1753617198391,11:53:18.391,bybit,AAVE/USDT:USDT,295.87,15.18,295.86,12.89,295.88,0.02,295.89,1.44
1753617198491,11:53:18.491,bybit,AAVE/USDT:USDT,295.87,15.18,295.86,14.72,295.88,0.02,295.89,1.44
1753617198591,11:53:18.591,bybit,AAVE/USDT:USDT,295.87,15.18,295.86,14.72,295.88,0.02,295.89,1.44
1753617198691,11:53:18.691,bybit,AAVE/USDT:USDT,295.87,15.18,295.86,14.72,295.88,0.02,295.89,1.44
1753617198791,11:53:18.791,bybit,AAVE/USDT:USDT,295.87,15.18,295.86,14.72,295.88,0.02,295.89,1.44
1753617198892,11:53:18.892,bybit,AAVE/USDT:USDT,295.87,15.28,295.86,14.72,295.88,0.02,295.89,1.44
1753617198990,11:53:18.990,bybit,AAVE/USDT:USDT,295.87,15.28,295.86,14.72,295.88,0.02,295.89,1.44
1753617199091,11:53:19.091,bybit,AAVE/USDT:USDT,295.87,15.6,295.86,14.72,295.88,0.02,295.89,1.44
1753617199191,11:53:19.191,bybit,AAVE/USDT:USDT,295.87,15.6,295.86,14.72,295.88,0.02,295.89,1.44
1753617199293,11:53:19.293,bybit,AAVE/USDT:USDT,295.93,0.63,295.92,5.06,295.94,1.64,295.95,0.03
1753617199391,11:53:19.391,bybit,AAVE/USDT:USDT,295.92,3.26,295.9,2.78,295.93,8.2,295.94,7.16
1753617199491,11:53:19.491,bybit,AAVE/USDT:USDT,295.92,3.26,295.9,2.78,295.93,8.2,295.94,7.16
1753617199591,11:53:19.591,bybit,AAVE/USDT:USDT,295.92,3.26,295.9,0.06,295.93,6.7,295.94,5.66
1753617199691,11:53:19.691,bybit,AAVE/USDT:USDT,295.92,3.52,295.9,0.06,295.93,5.4,295.94,3.45
1753617199891,11:53:19.891,bybit,AAVE/USDT:USDT,295.92,3.52,295.9,0.15,295.93,5.4,295.94,3.45
1753617199991,11:53:19.991,bybit,AAVE/USDT:USDT,295.92,3.52,295.9,0.15,295.93,6.7,295.94,5.66
1753617200092,11:53:20.092,bybit,AAVE/USDT:USDT,295.89,0.04,295.88,0.06,295.9,14.72,295.91,15.89
1753617200191,11:53:20.191,bybit,AAVE/USDT:USDT,295.89,3.18,295.88,3.41,295.9,4.21,295.91,1.51
1753617200291,11:53:20.291,bybit,AAVE/USDT:USDT,295.89,3.18,295.88,3.41,295.9,4.21,295.92,3.0
1753617200392,11:53:20.392,bybit,AAVE/USDT:USDT,295.91,1.29,295.9,4.48,295.92,0.83,295.93,4.3
1753617200491,11:53:20.491,bybit,AAVE/USDT:USDT,295.91,1.29,295.9,4.48,295.92,0.83,295.93,4.3
1753617200591,11:53:20.591,bybit,AAVE/USDT:USDT,295.91,1.29,295.9,2.98,295.92,0.83,295.93,4.3
1753617200691,11:53:20.691,bybit,AAVE/USDT:USDT,295.91,1.29,295.9,2.98,295.92,0.83,295.93,4.3
1753617200791,11:53:20.791,bybit,AAVE/USDT:USDT,295.91,1.29,295.9,2.98,295.92,0.83,295.93,4.3
1753617200891,11:53:20.891,bybit,AAVE/USDT:USDT,295.91,1.29,295.9,3.09,295.92,0.83,295.93,4.3
1753617200991,11:53:20.991,bybit,AAVE/USDT:USDT,295.91,3.85,295.9,3.09,295.92,0.05,295.94,1.99
1753617201091,11:53:21.091,bybit,AAVE/USDT:USDT,295.91,4.93,295.9,6.6,295.92,0.02,295.94,0.06
1753617201291,11:53:21.291,bybit,AAVE/USDT:USDT,295.93,13.53,295.92,8.94,295.94,0.02,295.95,0.07
1753617201391,11:53:21.391,bybit,AAVE/USDT:USDT,295.93,13.53,295.92,8.94,295.94,0.02,295.95,0.07
1753617201491,11:53:21.491,bybit,AAVE/USDT:USDT,295.93,13.53,295.92,8.94,295.94,0.02,295.95,0.07
1753617201592,11:53:21.592,bybit,AAVE/USDT:USDT,295.93,13.53,295.92,5.45,295.94,0.02,295.95,0.07
1753617201691,11:53:21.691,bybit,AAVE/USDT:USDT,295.93,13.53,295.92,5.45,295.94,0.02,295.95,0.07
1753617201791,11:53:21.791,bybit,AAVE/USDT:USDT,295.93,11.12,295.92,5.45,295.94,0.02,295.95,0.07
1753617201890,11:53:21.890,bybit,AAVE/USDT:USDT,295.93,11.12,295.92,5.45,295.94,0.02,295.95,0.07
1753617201991,11:53:21.991,bybit,AAVE/USDT:USDT,295.93,11.12,295.92,5.45,295.94,0.02,295.95,0.07
1753617202092,11:53:22.092,bybit,AAVE/USDT:USDT,295.93,11.12,295.92,5.45,295.94,0.02,295.95,0.07
1753617202192,11:53:22.192,bybit,AAVE/USDT:USDT,295.93,12.03,295.92,5.45,295.94,0.02,295.95,0.04
1753617202291,11:53:22.291,bybit,AAVE/USDT:USDT,295.93,12.03,295.92,5.45,295.94,0.02,295.95,0.04
1753617202391,11:53:22.391,bybit,AAVE/USDT:USDT,295.93,12.03,295.92,5.45,295.94,0.02,295.95,0.04
1753617202491,11:53:22.491,bybit,AAVE/USDT:USDT,295.93,12.03,295.92,5.45,295.94,0.02,295.95,0.04
1753617202591,11:53:22.591,bybit,AAVE/USDT:USDT,295.93,12.03,295.92,5.45,295.94,0.02,295.95,0.04
1753617202691,11:53:22.691,bybit,AAVE/USDT:USDT,295.93,12.81,295.92,5.45,295.94,0.02,295.95,0.04
1753617202791,11:53:22.791,bybit,AAVE/USDT:USDT,295.93,6.55,295.92,3.3,295.94,0.02,295.95,0.04
1753617202892,11:53:22.892,bybit,AAVE/USDT:USDT,295.93,0.78,295.91,1.25,295.94,4.32,295.95,0.04
1753617202991,11:53:22.991,bybit,AAVE/USDT:USDT,295.93,0.78,295.91,1.25,295.94,4.32,295.95,0.04
1753617203090,11:53:23.090,bybit,AAVE/USDT:USDT,295.93,0.78,295.91,1.25,295.94,4.32,295.95,0.04
1753617203191,11:53:23.191,bybit,AAVE/USDT:USDT,295.93,1.65,295.91,1.25,295.94,4.32,295.95,0.04
1753617203291,11:53:23.291,bybit,AAVE/USDT:USDT,295.93,1.65,295.91,2.75,295.94,4.32,295.96,0.13
1753617203391,11:53:23.391,bybit,AAVE/USDT:USDT,295.93,3.15,295.91,2.75,295.94,0.02,295.96,0.13
1753617203491,11:53:23.491,bybit,AAVE/USDT:USDT,295.93,3.15,295.91,2.75,295.94,0.02,295.96,0.13
1753617203591,11:53:23.591,bybit,AAVE/USDT:USDT,295.93,3.15,295.91,2.75,295.94,0.02,295.96,0.13
1753617203691,11:53:23.691,bybit,AAVE/USDT:USDT,295.93,3.15,295.91,2.75,295.94,0.02,295.96,0.13
1753617203793,11:53:23.793,bybit,AAVE/USDT:USDT,295.93,3.15,295.91,2.75,295.94,0.02,295.96,0.13
1753617203891,11:53:23.891,bybit,AAVE/USDT:USDT,295.93,0.78,295.91,1.25,295.94,1.11,295.96,1.63
1753617203995,11:53:23.995,bybit,AAVE/USDT:USDT,295.93,0.78,295.91,1.25,295.94,2.0,295.96,3.0
1753617204091,11:53:24.091,bybit,AAVE/USDT:USDT,295.93,0.78,295.91,1.25,295.94,2.0,295.95,1.65
1753617204191,11:53:24.191,bybit,AAVE/USDT:USDT,295.93,0.78,295.91,1.25,295.94,2.0,295.95,1.65
1753617204291,11:53:24.291,bybit,AAVE/USDT:USDT,295.93,0.78,295.91,1.27,295.94,2.0,295.95,1.65
1753617204491,11:53:24.491,bybit,AAVE/USDT:USDT,295.93,0.78,295.91,1.27,295.94,2.0,295.95,1.65
1753617204591,11:53:24.591,bybit,AAVE/USDT:USDT,295.93,0.78,295.91,1.27,295.94,2.0,295.95,1.65
1753617204691,11:53:24.691,bybit,AAVE/USDT:USDT,295.93,0.78,295.91,1.27,295.94,2.0,295.96,3.0
1753617204791,11:53:24.791,bybit,AAVE/USDT:USDT,295.93,1.94,295.91,2.73,295.94,1.03,295.96,0.13
1753617204891,11:53:24.891,bybit,AAVE/USDT:USDT,295.93,1.94,295.91,2.73,295.94,1.09,295.96,0.13
1753617204991,11:53:24.991,bybit,AAVE/USDT:USDT,295.93,3.4,295.91,2.73,295.94,0.02,295.96,0.13
1753617205092,11:53:25.092,bybit,AAVE/USDT:USDT,295.93,3.4,295.91,7.13,295.94,0.02,295.96,0.13
1753617205190,11:53:25.190,bybit,AAVE/USDT:USDT,295.93,3.4,295.91,7.13,295.94,0.02,295.96,0.13
1753617205291,11:53:25.291,bybit,AAVE/USDT:USDT,295.93,3.4,295.92,4.4,295.94,0.02,295.96,0.13
1753617205391,11:53:25.391,bybit,AAVE/USDT:USDT,295.93,4.31,295.92,6.34,295.94,0.02,295.96,0.13
1753617205491,11:53:25.491,bybit,AAVE/USDT:USDT,295.93,4.31,295.92,6.34,295.94,0.02,295.96,0.13
1753617205591,11:53:25.591,bybit,AAVE/USDT:USDT,295.93,5.39,295.92,8.17,295.94,0.02,295.96,0.13
1753617205691,11:53:25.691,bybit,AAVE/USDT:USDT,295.93,6.71,295.92,9.17,295.94,0.02,295.96,0.13
1753617205793,11:53:25.793,bybit,AAVE/USDT:USDT,295.93,6.71,295.92,9.17,295.94,0.02,295.96,0.13
1753617205891,11:53:25.891,bybit,AAVE/USDT:USDT,295.93,6.71,295.92,9.17,295.94,0.02,295.96,0.13
1753617205991,11:53:25.991,bybit,AAVE/USDT:USDT,295.93,7.03,295.92,9.17,295.94,0.02,295.96,0.13
1753617206092,11:53:26.092,bybit,AAVE/USDT:USDT,295.97,6.75,295.96,9.01,295.98,0.2,295.99,0.04
1753617206191,11:53:26.191,bybit,AAVE/USDT:USDT,295.97,6.75,295.96,9.01,295.98,0.2,295.99,0.04
1753617206291,11:53:26.291,bybit,AAVE/USDT:USDT,295.97,7.53,295.96,11.82,295.98,0.2,295.99,0.04
1753617206391,11:53:26.391,bybit,AAVE/USDT:USDT,295.97,8.44,295.96,12.06,295.98,0.14,295.99,0.04
1753617206492,11:53:26.492,bybit,AAVE/USDT:USDT,295.99,8.43,295.98,13.37,296.0,1.11,296.01,0.03
1753617206592,11:53:26.592,bybit,AAVE/USDT:USDT,295.99,9.41,295.98,12.53,296.0,1.11,296.02,6.36
1753617206691,11:53:26.691,bybit,AAVE/USDT:USDT,295.99,9.41,295.98,12.58,296.0,1.11,296.02,6.36
1753617206791,11:53:26.791,bybit,AAVE/USDT:USDT,296.01,6.85,296.0,13.27,296.02,6.3,296.03,0.01
1753617206891,11:53:26.891,bybit,AAVE/USDT:USDT,296.01,8.25,296.0,11.95,296.02,6.3,296.03,0.01
1753617206991,11:53:26.991,bybit,AAVE/USDT:USDT,296.01,7.17,296.0,10.12,296.02,6.3,296.03,0.01
1753617207091,11:53:27.091,bybit,AAVE/USDT:USDT,296.01,7.95,296.0,10.12,296.02,6.3,296.03,0.01
1753617207191,11:53:27.191,bybit,AAVE/USDT:USDT,296.01,7.95,296.0,10.12,296.02,6.3,296.03,0.01
1753617207292,11:53:27.292,bybit,AAVE/USDT:USDT,296.01,7.95,296.0,10.12,296.02,6.3,296.03,0.01
1753617207391,11:53:27.391,bybit,AAVE/USDT:USDT,296.01,7.95,296.0,10.12,296.02,6.3,296.03,0.01
1753617207491,11:53:27.491,bybit,AAVE/USDT:USDT,296.01,7.63,296.0,10.12,296.02,6.3,296.03,0.01
1753617207590,11:53:27.590,bybit,AAVE/USDT:USDT,296.01,7.63,296.0,10.12,296.02,6.3,296.03,0.01
1753617207691,11:53:27.691,bybit,AAVE/USDT:USDT,296.01,7.63,296.0,10.12,296.02,6.3,296.03,0.01
1753617207793,11:53:27.793,bybit,AAVE/USDT:USDT,296.01,7.63,296.0,10.12,296.02,6.3,296.03,0.01
1753617207893,11:53:27.893,bybit,AAVE/USDT:USDT,296.07,2.14,296.06,8.06,296.08,1.12,296.09,4.59
1753617207992,11:53:27.992,bybit,AAVE/USDT:USDT,296.07,1.17,296.06,1.2,296.08,8.22,296.09,4.98
1753617208092,11:53:28.092,bybit,AAVE/USDT:USDT,296.07,1.2,296.06,1.2,296.08,8.22,296.09,4.98
1753617208191,11:53:28.191,bybit,AAVE/USDT:USDT,296.07,1.2,296.06,1.2,296.08,8.22,296.09,4.98
1753617208291,11:53:28.291,bybit,AAVE/USDT:USDT,296.07,1.2,296.06,1.2,296.08,8.22,296.09,4.98
1753617208391,11:53:28.391,bybit,AAVE/USDT:USDT,296.07,1.2,296.06,1.2,296.08,6.92,296.09,3.11
1753617208491,11:53:28.491,bybit,AAVE/USDT:USDT,296.07,1.2,296.06,1.2,296.08,6.92,296.09,3.43
1753617208591,11:53:28.591,bybit,AAVE/USDT:USDT,296.07,1.99,296.06,1.2,296.08,6.92,296.09,3.43
1753617208691,11:53:28.691,bybit,AAVE/USDT:USDT,296.07,0.79,296.06,1.2,296.08,6.92,296.09,3.43
1753617208791,11:53:28.791,bybit,AAVE/USDT:USDT,296.07,0.79,296.06,1.2,296.08,6.92,296.09,3.43
1753617208892,11:53:28.892,bybit,AAVE/USDT:USDT,296.05,1.2,296.04,0.04,296.06,11.22,296.07,11.97
1753617208991,11:53:28.991,bybit,AAVE/USDT:USDT,296.05,1.2,296.03,1.24,296.06,8.42,296.07,8.92
1753617209092,11:53:29.092,bybit,AAVE/USDT:USDT,296.05,2.15,296.03,1.24,296.06,0.82,296.08,1.16
1753617209191,11:53:29.191,bybit,AAVE/USDT:USDT,296.05,2.15,296.03,1.24,296.06,0.82,296.08,1.16
1753617209292,11:53:29.292,bybit,AAVE/USDT:USDT,296.06,1.2,296.05,2.15,296.07,2.17,296.08,1.12
1753617209391,11:53:29.391,bybit,AAVE/USDT:USDT,296.06,1.2,296.05,2.15,296.07,2.17,296.08,1.12
1753617209491,11:53:29.491,bybit,AAVE/USDT:USDT,296.06,1.2,296.05,2.15,296.07,2.17,296.08,1.12
1753617209591,11:53:29.591,bybit,AAVE/USDT:USDT,296.06,1.2,296.05,2.15,296.07,2.17,296.08,1.12
1753617209691,11:53:29.691,bybit,AAVE/USDT:USDT,296.06,1.2,296.05,2.15,296.07,2.17,296.08,1.12
1753617209792,11:53:29.792,bybit,AAVE/USDT:USDT,296.06,1.2,296.05,2.15,296.07,2.17,296.08,2.64
1753617209891,11:53:29.891,bybit,AAVE/USDT:USDT,296.06,4.32,296.05,2.15,296.08,1.93,296.09,3.11
1753617209992,11:53:29.992,bybit,AAVE/USDT:USDT,296.07,1.29,296.06,2.7,296.08,1.8,296.09,0.06
1753617210091,11:53:30.091,bybit,AAVE/USDT:USDT,296.07,0.75,296.06,2.77,296.08,0.73,296.09,0.06
1753617210191,11:53:30.191,bybit,AAVE/USDT:USDT,296.07,0.75,296.06,2.77,296.08,0.73,296.09,0.06
1753617210291,11:53:30.291,bybit,AAVE/USDT:USDT,296.07,3.37,296.06,2.77,296.08,0.02,296.09,0.06
1753617210391,11:53:30.391,bybit,AAVE/USDT:USDT,296.07,3.37,296.06,2.77,296.08,0.02,296.09,0.06
1753617210491,11:53:30.491,bybit,AAVE/USDT:USDT,296.07,1.91,296.06,2.77,296.08,0.02,296.09,0.06
1753617210591,11:53:30.591,bybit,AAVE/USDT:USDT,296.07,1.91,296.06,2.77,296.08,0.02,296.09,0.06
1753617210691,11:53:30.691,bybit,AAVE/USDT:USDT,296.07,1.91,296.06,2.77,296.08,0.02,296.09,0.06
1753617210792,11:53:30.792,bybit,AAVE/USDT:USDT,296.07,3.37,296.06,2.77,296.08,0.02,296.09,0.06
1753617210891,11:53:30.891,bybit,AAVE/USDT:USDT,296.07,3.37,296.06,2.77,296.08,0.02,296.09,0.06
1753617210992,11:53:30.992,bybit,AAVE/USDT:USDT,296.07,3.37,296.06,2.77,296.08,0.02,296.09,0.06
1753617211091,11:53:31.091,bybit,AAVE/USDT:USDT,296.07,4.25,296.06,2.77,296.08,0.02,296.09,0.06
1753617211191,11:53:31.191,bybit,AAVE/USDT:USDT,296.07,4.25,296.06,2.77,296.08,0.02,296.09,0.06
1753617211291,11:53:31.291,bybit,AAVE/USDT:USDT,296.07,4.25,296.06,2.77,296.08,0.02,296.09,0.06
1753617211392,11:53:31.392,bybit,AAVE/USDT:USDT,296.07,4.25,296.06,2.77,296.08,0.02,296.09,0.06
1753617211491,11:53:31.491,bybit,AAVE/USDT:USDT,296.07,4.25,296.06,2.77,296.08,0.02,296.09,0.06
1753617211591,11:53:31.591,bybit,AAVE/USDT:USDT,296.07,4.25,296.06,2.77,296.08,0.02,296.09,0.06
1753617211691,11:53:31.691,bybit,AAVE/USDT:USDT,296.07,4.25,296.06,2.77,296.08,0.02,296.09,0.06
1753617211794,11:53:31.794,bybit,AAVE/USDT:USDT,296.09,10.41,296.08,13.21,296.1,0.04,296.11,0.04
1753617211891,11:53:31.891,bybit,AAVE/USDT:USDT,296.09,10.41,296.08,12.51,296.1,0.04,296.11,0.04
1753617211991,11:53:31.991,bybit,AAVE/USDT:USDT,296.09,10.41,296.08,12.51,296.1,0.04,296.11,0.04
1753617212092,11:53:32.092,bybit,AAVE/USDT:USDT,296.09,10.41,296.08,9.86,296.1,0.04,296.11,0.04
1753617212192,11:53:32.192,bybit,AAVE/USDT:USDT,296.11,15.63,296.1,14.5,296.12,0.02,296.13,0.06
1753617212291,11:53:32.291,bybit,AAVE/USDT:USDT,296.11,14.63,296.1,10.09,296.12,0.02,296.13,0.06
1753617212391,11:53:32.391,bybit,AAVE/USDT:USDT,296.11,13.58,296.1,9.09,296.12,0.02,296.13,0.06
1753617212491,11:53:32.491,bybit,AAVE/USDT:USDT,296.11,10.01,296.1,9.09,296.12,0.02,296.13,0.06
1753617212591,11:53:32.591,bybit,AAVE/USDT:USDT,296.11,10.01,296.1,9.09,296.12,0.02,296.13,0.06
1753617212691,11:53:32.691,bybit,AAVE/USDT:USDT,296.11,10.01,296.1,9.09,296.12,0.02,296.13,0.06
1753617212791,11:53:32.791,bybit,AAVE/USDT:USDT,296.11,10.33,296.1,9.09,296.12,0.02,296.13,0.06
1753617212891,11:53:32.891,bybit,AAVE/USDT:USDT,296.11,11.33,296.1,10.84,296.12,0.02,296.13,0.06
1753617212992,11:53:32.992,bybit,AAVE/USDT:USDT,296.11,11.33,296.1,10.84,296.12,0.02,296.13,0.06
1753617213091,11:53:33.091,bybit,AAVE/USDT:USDT,296.13,9.74,296.12,13.29,296.14,0.02,296.15,0.04
1753617213192,11:53:33.192,bybit,AAVE/USDT:USDT,296.13,9.74,296.12,13.29,296.14,0.02,296.15,0.04
1753617213292,11:53:33.292,bybit,AAVE/USDT:USDT,296.13,7.83,296.12,11.54,296.14,0.02,296.15,0.04
1753617213391,11:53:33.391,bybit,AAVE/USDT:USDT,296.13,7.83,296.12,11.54,296.14,0.02,296.15,0.04
1753617213491,11:53:33.491,bybit,AAVE/USDT:USDT,296.13,5.17,296.12,11.6,296.14,0.02,296.15,0.04
1753617213603,11:53:33.603,bybit,AAVE/USDT:USDT,296.13,3.39,296.12,11.6,296.14,0.02,296.15,0.04
1753617213691,11:53:33.691,bybit,AAVE/USDT:USDT,296.13,2.44,296.12,3.78,296.14,0.73,296.15,0.04
1753617213791,11:53:33.791,bybit,AAVE/USDT:USDT,296.13,2.44,296.12,3.78,296.14,0.73,296.15,0.04
1753617213890,11:53:33.890,bybit,AAVE/USDT:USDT,296.13,2.44,296.12,2.72,296.14,0.73,296.15,0.04
1753617213991,11:53:33.991,bybit,AAVE/USDT:USDT,296.13,2.44,296.12,2.72,296.14,0.73,296.15,0.04
1753617214091,11:53:34.091,bybit,AAVE/USDT:USDT,296.13,2.44,296.12,2.72,296.14,0.73,296.15,0.04
1753617214190,11:53:34.190,bybit,AAVE/USDT:USDT,296.13,2.44,296.12,2.72,296.14,0.73,296.15,0.04
1753617214391,11:53:34.391,bybit,AAVE/USDT:USDT,296.13,2.44,296.12,2.72,296.14,0.73,296.15,0.04
1753617214491,11:53:34.491,bybit,AAVE/USDT:USDT,296.13,2.44,296.12,2.72,296.14,0.73,296.15,0.04
1753617214791,11:53:34.791,bybit,AAVE/USDT:USDT,296.13,0.66,296.12,2.72,296.14,4.36,296.16,0.11
1753617214891,11:53:34.891,bybit,AAVE/USDT:USDT,296.13,1.15,296.12,2.72,296.14,4.36,296.16,0.11
1753617214991,11:53:34.991,bybit,AAVE/USDT:USDT,296.13,1.15,296.12,2.72,296.14,2.26,296.16,0.11
1753617215091,11:53:35.091,bybit,AAVE/USDT:USDT,296.13,1.15,296.12,2.72,296.14,2.26,296.16,0.11
1753617215191,11:53:35.191,bybit,AAVE/USDT:USDT,296.13,1.15,296.12,2.72,296.14,0.02,296.16,0.11
1753617215291,11:53:35.291,bybit,AAVE/USDT:USDT,296.13,2.68,296.12,2.72,296.14,0.02,296.16,0.11
1753617215391,11:53:35.391,bybit,AAVE/USDT:USDT,296.13,2.68,296.12,2.72,296.14,0.02,296.16,0.11
1753617215491,11:53:35.491,bybit,AAVE/USDT:USDT,296.13,3.78,296.12,4.47,296.14,0.02,296.16,0.11
1753617215591,11:53:35.591,bybit,AAVE/USDT:USDT,296.13,4.69,296.12,4.47,296.14,0.02,296.16,0.11
1753617215691,11:53:35.691,bybit,AAVE/USDT:USDT,296.13,4.69,296.12,4.47,296.14,0.02,296.16,0.11
1753617215791,11:53:35.791,bybit,AAVE/USDT:USDT,296.13,2.78,296.12,2.72,296.14,0.02,296.16,0.11
1753617215891,11:53:35.891,bybit,AAVE/USDT:USDT,296.13,1.96,296.12,2.72,296.14,0.02,296.16,0.11
1753617215991,11:53:35.991,bybit,AAVE/USDT:USDT,296.13,1.96,296.12,2.72,296.14,0.02,296.16,0.11
1753617216091,11:53:36.091,bybit,AAVE/USDT:USDT,296.13,1.96,296.12,2.72,296.14,0.02,296.16,0.11
1753617216191,11:53:36.191,bybit,AAVE/USDT:USDT,296.13,1.96,296.12,2.72,296.14,0.02,296.16,0.11
1753617216391,11:53:36.391,bybit,AAVE/USDT:USDT,296.13,3.89,296.12,2.72,296.14,0.02,296.16,0.07
1753617216491,11:53:36.491,bybit,AAVE/USDT:USDT,296.13,3.89,296.12,2.72,296.14,0.02,296.16,0.07
1753617216591,11:53:36.591,bybit,AAVE/USDT:USDT,296.13,3.89,296.12,2.72,296.18,1.23,296.19,3.78
1753617216692,11:53:36.692,bybit,AAVE/USDT:USDT,296.15,1.29,296.14,2.9,296.16,1.53,296.17,0.74
1753617216791,11:53:36.791,bybit,AAVE/USDT:USDT,296.15,1.29,296.14,2.69,296.16,2.1,296.17,0.74
1753617216892,11:53:36.892,bybit,AAVE/USDT:USDT,296.15,1.29,296.14,2.69,296.16,2.1,296.17,0.74
1753617216991,11:53:36.991,bybit,AAVE/USDT:USDT,296.15,1.39,296.14,2.69,296.16,2.1,296.17,0.74
1753617217091,11:53:37.091,bybit,AAVE/USDT:USDT,296.15,1.39,296.14,2.69,296.16,2.1,296.17,0.74
1753617217191,11:53:37.191,bybit,AAVE/USDT:USDT,296.15,0.99,296.14,2.69,296.16,2.1,296.17,0.74
1753617217291,11:53:37.291,bybit,AAVE/USDT:USDT,296.15,0.99,296.14,2.69,296.16,2.1,296.17,0.74
1753617217391,11:53:37.391,bybit,AAVE/USDT:USDT,296.15,0.99,296.14,2.69,296.16,2.1,296.17,0.74
1753617217491,11:53:37.491,bybit,AAVE/USDT:USDT,296.15,0.99,296.14,2.69,296.16,2.1,296.17,0.74
1753617217590,11:53:37.590,bybit,AAVE/USDT:USDT,296.15,0.99,296.14,2.69,296.16,2.1,296.17,0.74
1753617217691,11:53:37.691,bybit,AAVE/USDT:USDT,296.15,1.24,296.14,2.69,296.16,0.77,296.17,0.74
1753617217792,11:53:37.792,bybit,AAVE/USDT:USDT,296.15,1.24,296.14,2.69,296.16,2.26,296.17,0.74
1753617217891,11:53:37.891,bybit,AAVE/USDT:USDT,296.15,1.24,296.14,2.69,296.16,2.26,296.17,0.74
1753617217991,11:53:37.991,bybit,AAVE/USDT:USDT,296.15,1.24,296.14,2.69,296.16,2.26,296.17,0.74
1753617218091,11:53:38.091,bybit,AAVE/USDT:USDT,296.16,2.28,296.15,1.24,296.17,2.56,296.18,1.03
1753617218191,11:53:38.191,bybit,AAVE/USDT:USDT,296.16,2.28,296.15,1.24,296.17,2.56,296.18,1.03
1753617218291,11:53:38.291,bybit,AAVE/USDT:USDT,296.16,0.78,296.15,1.24,296.17,2.56,296.18,1.03
1753617218392,11:53:38.392,bybit,AAVE/USDT:USDT,296.16,0.78,296.15,1.24,296.17,2.56,296.18,1.03
1753617218491,11:53:38.491,bybit,AAVE/USDT:USDT,296.16,1.24,296.15,1.14,296.17,2.56,296.18,1.03
1753617218591,11:53:38.591,bybit,AAVE/USDT:USDT,296.18,1.85,296.17,3.96,296.19,0.04,296.2,0.71
1753617218692,11:53:38.692,bybit,AAVE/USDT:USDT,296.18,1.85,296.17,3.96,296.19,0.04,296.2,0.71
1753617218792,11:53:38.792,bybit,AAVE/USDT:USDT,296.18,1.85,296.17,3.96,296.2,0.75,296.21,0.04
1753617218891,11:53:38.891,bybit,AAVE/USDT:USDT,296.19,0.65,296.18,1.85,296.2,2.28,296.21,1.99
1753617218992,11:53:38.992,bybit,AAVE/USDT:USDT,296.19,1.14,296.18,1.85,296.2,2.28,296.22,13.17
1753617219091,11:53:39.091,bybit,AAVE/USDT:USDT,296.19,1.14,296.18,1.85,296.2,2.95,296.21,1.12
1753617219191,11:53:39.191,bybit,AAVE/USDT:USDT,296.19,1.14,296.18,1.85,296.2,2.95,296.21,1.12
1753617219292,11:53:39.292,bybit,AAVE/USDT:USDT,296.19,1.14,296.18,1.85,296.2,3.28,296.22,13.17
1753617219391,11:53:39.391,bybit,AAVE/USDT:USDT,296.19,1.14,296.18,1.85,296.2,4.1,296.22,13.17
1753617219491,11:53:39.491,bybit,AAVE/USDT:USDT,296.17,1.27,296.16,1.14,296.18,2.24,296.19,4.23
1753617219591,11:53:39.591,bybit,AAVE/USDT:USDT,296.17,1.27,296.16,1.14,296.18,2.24,296.19,4.23
1753617219692,11:53:39.692,bybit,AAVE/USDT:USDT,296.17,1.27,296.16,1.14,296.18,2.24,296.19,1.76
1753617219794,11:53:39.794,bybit,AAVE/USDT:USDT,296.17,1.27,296.16,1.14,296.18,2.24,296.19,1.76
1753617219891,11:53:39.891,bybit,AAVE/USDT:USDT,296.17,1.27,296.16,1.14,296.18,2.24,296.19,1.76
1753617219991,11:53:39.991,bybit,AAVE/USDT:USDT,296.17,1.27,296.16,1.14,296.18,2.24,296.19,0.71
1753617220091,11:53:40.091,bybit,AAVE/USDT:USDT,296.17,1.27,296.16,1.14,296.18,2.57,296.19,0.71
1753617220191,11:53:40.191,bybit,AAVE/USDT:USDT,296.17,2.77,296.16,1.21,296.18,0.33,296.19,0.71
1753617220291,11:53:40.291,bybit,AAVE/USDT:USDT,296.17,2.77,296.16,1.21,296.18,0.33,296.19,0.71
1753617220391,11:53:40.391,bybit,AAVE/USDT:USDT,296.17,2.77,296.16,1.23,296.18,1.86,296.19,0.71
1753617220491,11:53:40.491,bybit,AAVE/USDT:USDT,296.17,2.77,296.16,1.23,296.18,1.86,296.19,0.71
1753617220591,11:53:40.591,bybit,AAVE/USDT:USDT,296.17,2.77,296.16,1.23,296.18,1.86,296.19,0.71
1753617220691,11:53:40.691,bybit,AAVE/USDT:USDT,296.17,2.77,296.16,1.23,296.18,0.33,296.19,0.71
1753617220791,11:53:40.791,bybit,AAVE/USDT:USDT,296.17,2.77,296.16,1.23,296.18,0.33,296.19,0.71
1753617220891,11:53:40.891,bybit,AAVE/USDT:USDT,296.17,2.77,296.16,1.23,296.18,0.33,296.19,0.71
1753617221091,11:53:41.091,bybit,AAVE/USDT:USDT,296.17,2.77,296.16,1.23,296.18,0.33,296.19,0.71
1753617221191,11:53:41.191,bybit,AAVE/USDT:USDT,296.17,2.77,296.16,1.23,296.18,0.33,296.19,0.71
1753617221291,11:53:41.291,bybit,AAVE/USDT:USDT,296.17,2.77,296.16,1.23,296.18,0.33,296.2,3.79
1753617221391,11:53:41.391,bybit,AAVE/USDT:USDT,296.17,2.77,296.16,1.23,296.18,0.33,296.2,3.79
1753617221491,11:53:41.491,bybit,AAVE/USDT:USDT,296.17,2.77,296.16,1.23,296.18,0.33,296.2,3.79
1753617221592,11:53:41.592,bybit,AAVE/USDT:USDT,296.17,2.77,296.16,1.16,296.18,0.33,296.2,5.23
1753617221892,11:53:41.892,bybit,AAVE/USDT:USDT,296.17,2.84,296.16,1.23,296.18,0.33,296.19,0.38
1753617221991,11:53:41.991,bybit,AAVE/USDT:USDT,296.17,2.84,296.16,1.23,296.18,0.33,296.2,2.26
1753617222091,11:53:42.091,bybit,AAVE/USDT:USDT,296.17,2.84,296.16,1.23,296.18,0.33,296.2,2.26
1753617222192,11:53:42.192,bybit,AAVE/USDT:USDT,296.17,2.77,296.16,1.16,296.18,0.33,296.19,0.18
1753617222291,11:53:42.291,bybit,AAVE/USDT:USDT,296.17,2.77,296.16,1.16,296.18,0.33,296.19,0.18
1753617222391,11:53:42.391,bybit,AAVE/USDT:USDT,296.17,2.84,296.16,1.23,296.18,0.33,296.19,0.18
1753617222491,11:53:42.491,bybit,AAVE/USDT:USDT,296.17,2.84,296.16,1.23,296.18,0.33,296.2,2.26
1753617222591,11:53:42.591,bybit,AAVE/USDT:USDT,296.17,3.75,296.16,2.79,296.18,0.33,296.2,2.22
1753617222691,11:53:42.691,bybit,AAVE/USDT:USDT,296.17,3.75,296.16,2.79,296.18,0.33,296.2,2.22
1753617222791,11:53:42.791,bybit,AAVE/USDT:USDT,296.17,3.75,296.16,2.79,296.18,0.33,296.2,2.22
1753617222892,11:53:42.892,bybit,AAVE/USDT:USDT,296.19,5.31,296.18,6.94,296.2,0.04,296.21,0.04
1753617222991,11:53:42.991,bybit,AAVE/USDT:USDT,296.19,4.31,296.18,3.41,296.2,0.04,296.21,0.04
1753617223091,11:53:43.091,bybit,AAVE/USDT:USDT,296.19,4.31,296.18,3.41,296.2,0.04,296.21,0.04
1753617223191,11:53:43.191,bybit,AAVE/USDT:USDT,296.19,4.31,296.18,3.41,296.2,0.04,296.21,0.04
1753617223292,11:53:43.292,bybit,AAVE/USDT:USDT,296.23,1.29,296.22,1.29,296.27,11.64,296.28,15.12
1753617223391,11:53:43.391,bybit,AAVE/USDT:USDT,296.21,3.34,296.2,1.15,296.22,1.53,296.24,2.11
1753617223491,11:53:43.491,bybit,AAVE/USDT:USDT,296.21,3.34,296.2,1.15,296.22,1.53,296.24,2.11
1753617223601,11:53:43.601,bybit,AAVE/USDT:USDT,296.21,2.63,296.2,1.15,296.22,1.53,296.24,2.07
1753617223692,11:53:43.692,bybit,AAVE/USDT:USDT,296.22,1.13,296.21,2.63,296.23,2.24,296.24,3.58
1753617223791,11:53:43.791,bybit,AAVE/USDT:USDT,296.22,1.13,296.21,2.63,296.23,2.24,296.24,3.58
1753617223891,11:53:43.891,bybit,AAVE/USDT:USDT,296.22,1.13,296.21,2.63,296.23,2.24,296.24,3.58
1753617223992,11:53:43.992,bybit,AAVE/USDT:USDT,296.22,1.13,296.21,2.63,296.23,2.24,296.24,2.53
1753617224090,11:53:44.090,bybit,AAVE/USDT:USDT,296.22,1.13,296.21,2.63,296.23,2.24,296.24,2.53
1753617224191,11:53:44.191,bybit,AAVE/USDT:USDT,296.22,1.13,296.21,2.63,296.23,2.24,296.24,2.53
1753617224292,11:53:44.292,bybit,AAVE/USDT:USDT,296.22,1.13,296.21,2.63,296.23,2.24,296.24,2.53
1753617224391,11:53:44.391,bybit,AAVE/USDT:USDT,296.22,1.13,296.21,2.73,296.23,2.24,296.24,2.53
1753617224491,11:53:44.491,bybit,AAVE/USDT:USDT,296.22,1.13,296.21,2.73,296.23,2.24,296.24,2.53
1753617224591,11:53:44.591,bybit,AAVE/USDT:USDT,296.22,1.13,296.21,2.73,296.23,2.24,296.24,2.53
1753617224691,11:53:44.691,bybit,AAVE/USDT:USDT,296.22,1.13,296.21,2.73,296.23,2.24,296.24,2.53
1753617224792,11:53:44.792,bybit,AAVE/USDT:USDT,296.22,1.13,296.21,2.73,296.23,1.53,296.24,2.53
1753617224891,11:53:44.891,bybit,AAVE/USDT:USDT,296.22,1.13,296.21,2.73,296.23,1.53,296.24,2.53
1753617224991,11:53:44.991,bybit,AAVE/USDT:USDT,296.22,1.13,296.21,2.73,296.23,1.53,296.24,1.51
1753617225091,11:53:45.091,bybit,AAVE/USDT:USDT,296.22,1.13,296.21,2.73,296.23,1.53,296.24,1.51
1753617225191,11:53:45.191,bybit,AAVE/USDT:USDT,296.22,1.13,296.21,2.73,296.23,1.53,296.24,1.51
1753617225292,11:53:45.292,bybit,AAVE/USDT:USDT,296.22,1.13,296.21,2.73,296.23,6.96,296.24,1.51
1753617225391,11:53:45.391,bybit,AAVE/USDT:USDT,296.22,1.13,296.21,2.73,296.23,6.96,296.24,1.51
1753617225491,11:53:45.491,bybit,AAVE/USDT:USDT,296.22,1.13,296.21,2.73,296.23,6.96,296.24,1.51
1753617225591,11:53:45.591,bybit,AAVE/USDT:USDT,296.22,1.13,296.21,1.23,296.23,7.41,296.24,1.51
1753617225692,11:53:45.692,bybit,AAVE/USDT:USDT,296.22,1.13,296.21,1.23,296.23,7.41,296.24,1.51
1753617225792,11:53:45.792,bybit,AAVE/USDT:USDT,296.21,0.1,296.2,0.13,296.22,7.9,296.23,16.42
1753617225891,11:53:45.891,bybit,AAVE/USDT:USDT,296.21,0.1,296.2,0.13,296.22,7.9,296.23,12.15
1753617225991,11:53:45.991,bybit,AAVE/USDT:USDT,296.21,0.1,296.2,0.13,296.22,7.9,296.23,8.91
1753617226091,11:53:46.091,bybit,AAVE/USDT:USDT,296.21,0.1,296.2,0.13,296.22,13.33,296.23,5.66
1753617226191,11:53:46.191,bybit,AAVE/USDT:USDT,296.21,0.1,296.2,0.13,296.22,13.33,296.23,3.48
1753617226291,11:53:46.291,bybit,AAVE/USDT:USDT,296.21,0.1,296.2,0.13,296.22,13.33,296.23,3.48
1753617226391,11:53:46.391,bybit,AAVE/USDT:USDT,296.21,0.1,296.2,0.13,296.22,13.33,296.23,3.48
1753617226491,11:53:46.491,bybit,AAVE/USDT:USDT,296.21,0.1,296.2,0.13,296.22,13.33,296.23,3.48
1753617226591,11:53:46.591,bybit,AAVE/USDT:USDT,296.21,0.1,296.2,0.13,296.22,13.78,296.23,3.03
1753617226691,11:53:46.691,bybit,AAVE/USDT:USDT,296.21,0.1,296.2,0.13,296.22,13.78,296.23,3.03
1753617226792,11:53:46.792,bybit,AAVE/USDT:USDT,296.21,0.1,296.2,0.13,296.22,13.78,296.23,3.03
1753617226891,11:53:46.891,bybit,AAVE/USDT:USDT,296.21,0.1,296.2,0.13,296.22,14.6,296.23,3.03
1753617226991,11:53:46.991,bybit,AAVE/USDT:USDT,296.21,0.1,296.2,0.13,296.22,14.6,296.23,3.03
1753617227091,11:53:47.091,bybit,AAVE/USDT:USDT,296.21,1.22,296.2,0.13,296.22,14.6,296.23,1.53
1753617227191,11:53:47.191,bybit,AAVE/USDT:USDT,296.21,3.58,296.2,0.13,296.22,7.52,296.23,1.53
1753617227291,11:53:47.291,bybit,AAVE/USDT:USDT,296.21,3.58,296.2,0.13,296.22,7.52,296.24,1.55
1753617227391,11:53:47.391,bybit,AAVE/USDT:USDT,296.21,3.58,296.2,0.13,296.22,7.52,296.24,1.55
1753617227491,11:53:47.491,bybit,AAVE/USDT:USDT,296.21,3.58,296.2,0.13,296.22,7.52,296.24,1.55
1753617227591,11:53:47.591,bybit,AAVE/USDT:USDT,296.21,3.58,296.2,0.13,296.22,7.52,296.24,1.55
1753617227691,11:53:47.691,bybit,AAVE/USDT:USDT,296.21,3.58,296.2,0.13,296.22,7.52,296.24,1.55
1753617227891,11:53:47.891,bybit,AAVE/USDT:USDT,296.21,3.58,296.2,0.13,296.22,7.52,296.24,1.55
1753617227991,11:53:47.991,bybit,AAVE/USDT:USDT,296.23,1.85,296.22,1.4,296.24,1.51,296.25,1.05
1753617228091,11:53:48.091,bybit,AAVE/USDT:USDT,296.23,1.85,296.22,1.4,296.24,3.01,296.25,1.05
1753617228191,11:53:48.191,bybit,AAVE/USDT:USDT,296.23,1.14,296.22,1.14,296.24,3.01,296.25,3.02
1753617228291,11:53:48.291,bybit,AAVE/USDT:USDT,296.23,1.14,296.22,1.14,296.24,3.01,296.25,2.57
1753617228391,11:53:48.391,bybit,AAVE/USDT:USDT,296.23,1.14,296.22,1.14,296.24,3.01,296.25,2.57
1753617228491,11:53:48.491,bybit,AAVE/USDT:USDT,296.23,2.09,296.22,1.14,296.24,1.51,296.25,0.03
1753617228591,11:53:48.591,bybit,AAVE/USDT:USDT,296.23,2.09,296.22,1.14,296.24,1.51,296.25,0.03
1753617228690,11:53:48.690,bybit,AAVE/USDT:USDT,296.23,2.09,296.22,1.14,296.24,1.51,296.25,0.03
1753617228791,11:53:48.791,bybit,AAVE/USDT:USDT,296.23,2.09,296.22,1.14,296.24,1.51,296.25,0.03
1753617228891,11:53:48.891,bybit,AAVE/USDT:USDT,296.23,2.09,296.22,3.45,296.24,1.51,296.25,0.03
1753617228992,11:53:48.992,bybit,AAVE/USDT:USDT,296.26,2.64,296.25,2.65,296.27,2.28,296.28,0.44
1753617229092,11:53:49.092,bybit,AAVE/USDT:USDT,296.25,1.15,296.24,8.13,296.27,2.21,296.28,2.65
1753617229191,11:53:49.191,bybit,AAVE/USDT:USDT,296.26,1.86,296.25,1.15,296.28,1.15,296.29,4.79
1753617229292,11:53:49.292,bybit,AAVE/USDT:USDT,296.27,1.15,296.26,1.15,296.28,4.45,296.29,4.79
1753617229391,11:53:49.391,bybit,AAVE/USDT:USDT,296.27,1.15,296.26,1.15,296.28,1.94,296.29,4.79
1753617229491,11:53:49.491,bybit,AAVE/USDT:USDT,296.27,1.15,296.26,1.26,296.28,1.94,296.29,4.79
1753617229591,11:53:49.591,bybit,AAVE/USDT:USDT,296.27,1.15,296.26,1.26,296.28,5.16,296.29,4.79
1753617229691,11:53:49.691,bybit,AAVE/USDT:USDT,296.27,1.15,296.26,1.26,296.28,1.94,296.29,4.79
1753617229891,11:53:49.891,bybit,AAVE/USDT:USDT,296.27,1.15,296.26,1.34,296.28,1.94,296.29,4.79
1753617229992,11:53:49.992,bybit,AAVE/USDT:USDT,296.27,1.15,296.26,1.34,296.28,3.45,296.29,4.79
1753617230091,11:53:50.091,bybit,AAVE/USDT:USDT,296.27,1.15,296.26,1.34,296.28,3.45,296.29,4.79
1753617230191,11:53:50.191,bybit,AAVE/USDT:USDT,296.29,2.0,296.28,3.32,296.3,1.5,296.31,3.15
1753617230292,11:53:50.292,bybit,AAVE/USDT:USDT,296.28,1.15,296.27,1.15,296.29,2.59,296.3,1.15
1753617230391,11:53:50.391,bybit,AAVE/USDT:USDT,296.26,1.38,296.25,2.29,296.29,2.59,296.3,1.15
1753617230492,11:53:50.492,bybit,AAVE/USDT:USDT,296.26,0.19,296.25,1.25,296.27,3.38,296.28,7.61
1753617230591,11:53:50.591,bybit,AAVE/USDT:USDT,296.26,0.19,296.25,0.1,296.27,3.38,296.28,9.13
1753617230691,11:53:50.691,bybit,AAVE/USDT:USDT,296.26,0.19,296.25,0.1,296.27,3.38,296.28,9.13
1753617230792,11:53:50.792,bybit,AAVE/USDT:USDT,296.26,1.33,296.25,0.1,296.27,2.17,296.28,6.62
1753617230891,11:53:50.891,bybit,AAVE/USDT:USDT,296.26,1.33,296.25,0.1,296.27,2.17,296.28,5.1
1753617230991,11:53:50.991,bybit,AAVE/USDT:USDT,296.26,1.33,296.25,0.1,296.27,2.17,296.28,4.3
1753617231091,11:53:51.091,bybit,AAVE/USDT:USDT,296.26,1.33,296.25,0.1,296.27,2.17,296.28,4.3
1753617231192,11:53:51.192,bybit,AAVE/USDT:USDT,296.26,1.33,296.25,0.1,296.27,2.17,296.28,4.3
1753617231291,11:53:51.291,bybit,AAVE/USDT:USDT,296.23,0.06,296.22,0.04,296.25,17.39,296.26,14.51
1753617231391,11:53:51.391,bybit,AAVE/USDT:USDT,296.23,0.02,296.22,0.04,296.24,6.61,296.25,15.6
1753617231492,11:53:51.492,bybit,AAVE/USDT:USDT,296.21,0.18,296.2,0.19,296.22,37.32,296.23,11.91
1753617231592,11:53:51.592,bybit,AAVE/USDT:USDT,296.19,0.02,296.18,0.25,296.2,19.38,296.21,35.13
1753617231692,11:53:51.692,bybit,AAVE/USDT:USDT,296.19,0.02,296.18,0.25,296.2,18.61,296.21,34.56
1753617231791,11:53:51.791,bybit,AAVE/USDT:USDT,296.19,0.02,296.18,0.25,296.2,17.39,296.21,32.38
1753617231892,11:53:51.892,bybit,AAVE/USDT:USDT,296.19,0.02,296.18,0.25,296.2,17.39,296.21,26.18
1753617231992,11:53:51.992,bybit,AAVE/USDT:USDT,296.19,0.02,296.18,0.25,296.2,17.39,296.21,26.18
1753617232092,11:53:52.092,bybit,AAVE/USDT:USDT,296.19,0.02,296.18,0.25,296.2,17.39,296.21,26.18
1753617232191,11:53:52.191,bybit,AAVE/USDT:USDT,296.19,0.02,296.18,0.25,296.2,17.39,296.21,26.18
1753617232291,11:53:52.291,bybit,AAVE/USDT:USDT,296.19,0.02,296.18,0.25,296.2,17.39,296.21,26.18
1753617232391,11:53:52.391,bybit,AAVE/USDT:USDT,296.19,0.02,296.18,0.25,296.2,17.39,296.21,26.18
1753617232491,11:53:52.491,bybit,AAVE/USDT:USDT,296.19,0.02,296.18,0.25,296.2,17.39,296.21,26.18
1753617232591,11:53:52.591,bybit,AAVE/USDT:USDT,296.16,0.17,296.15,0.85,296.17,17.3,296.18,16.52
1753617232691,11:53:52.691,bybit,AAVE/USDT:USDT,296.16,0.17,296.15,0.85,296.17,58.79,296.18,16.52
1753617232791,11:53:52.791,bybit,AAVE/USDT:USDT,296.16,0.17,296.15,0.85,296.17,58.79,296.18,16.52
1753617232892,11:53:52.892,bybit,AAVE/USDT:USDT,296.16,0.17,296.15,0.85,296.17,57.62,296.18,13.43
1753617232991,11:53:52.991,bybit,AAVE/USDT:USDT,296.16,0.17,296.15,0.85,296.17,57.62,296.18,13.43
1753617233091,11:53:53.091,bybit,AAVE/USDT:USDT,296.16,0.17,296.15,0.85,296.17,57.62,296.18,13.43
1753617233191,11:53:53.191,bybit,AAVE/USDT:USDT,296.16,0.17,296.15,0.85,296.17,57.62,296.18,13.43
1753617233291,11:53:53.291,bybit,AAVE/USDT:USDT,296.16,0.17,296.15,0.85,296.17,57.62,296.18,13.43
1753617233391,11:53:53.391,bybit,AAVE/USDT:USDT,296.16,0.17,296.15,0.85,296.17,57.62,296.18,13.43
1753617233491,11:53:53.491,bybit,AAVE/USDT:USDT,296.16,0.17,296.15,0.85,296.17,57.62,296.18,13.43
1753617233593,11:53:53.593,bybit,AAVE/USDT:USDT,296.16,0.17,296.15,0.85,296.17,57.62,296.18,13.43
1753617233691,11:53:53.691,bybit,AAVE/USDT:USDT,296.16,0.17,296.15,0.85,296.17,53.83,296.18,13.43
1753617233791,11:53:53.791,bybit,AAVE/USDT:USDT,296.15,0.81,296.14,0.45,296.16,12.6,296.17,53.83
1753617233892,11:53:53.892,bybit,AAVE/USDT:USDT,296.15,0.81,296.14,0.48,296.16,12.6,296.17,53.83
1753617233991,11:53:53.991,bybit,AAVE/USDT:USDT,296.15,0.81,296.14,0.48,296.16,12.6,296.17,53.83
1753617234091,11:53:54.091,bybit,AAVE/USDT:USDT,296.15,0.81,296.14,0.5,296.16,12.6,296.17,53.83
1753617234191,11:53:54.191,bybit,AAVE/USDT:USDT,296.15,0.81,296.14,0.5,296.16,12.6,296.17,53.83
1753617234291,11:53:54.291,bybit,AAVE/USDT:USDT,296.15,0.81,296.14,0.5,296.16,4.53,296.17,49.53
1753617234391,11:53:54.391,bybit,AAVE/USDT:USDT,296.15,0.81,296.14,0.5,296.16,4.53,296.17,49.53
1753617234491,11:53:54.491,bybit,AAVE/USDT:USDT,296.15,0.81,296.14,0.5,296.16,4.53,296.17,49.53
1753617234591,11:53:54.591,bybit,AAVE/USDT:USDT,296.15,0.81,296.14,0.5,296.16,4.53,296.17,49.53
1753617234691,11:53:54.691,bybit,AAVE/USDT:USDT,296.15,0.81,296.14,0.5,296.16,4.7,296.17,49.13
1753617234791,11:53:54.791,bybit,AAVE/USDT:USDT,296.15,0.81,296.14,0.5,296.16,4.7,296.17,49.13
1753617234891,11:53:54.891,bybit,AAVE/USDT:USDT,296.15,0.81,296.14,0.5,296.16,4.7,296.17,49.13
1753617234991,11:53:54.991,bybit,AAVE/USDT:USDT,296.15,0.81,296.14,0.5,296.16,4.7,296.17,49.13
1753617235091,11:53:55.091,bybit,AAVE/USDT:USDT,296.15,0.81,296.14,0.5,296.16,4.7,296.17,49.13
1753617235191,11:53:55.191,bybit,AAVE/USDT:USDT,296.15,0.81,296.14,0.57,296.16,4.7,296.17,49.13
1753617235291,11:53:55.291,bybit,AAVE/USDT:USDT,296.15,0.81,296.14,0.57,296.16,4.7,296.17,49.13
1753617235392,11:53:55.392,bybit,AAVE/USDT:USDT,296.15,0.81,296.14,0.57,296.16,4.7,296.17,49.13
1753617235491,11:53:55.491,bybit,AAVE/USDT:USDT,296.13,0.26,296.12,0.48,296.14,13.17,296.15,15.34
1753617235591,11:53:55.591,bybit,AAVE/USDT:USDT,296.12,0.44,296.11,0.32,296.13,20.61,296.14,49.81
1753617235692,11:53:55.692,bybit,AAVE/USDT:USDT,296.11,0.28,296.1,0.1,296.12,17.0,296.13,28.72
1753617235792,11:53:55.792,bybit,AAVE/USDT:USDT,296.11,0.28,296.1,0.1,296.12,17.17,296.13,28.65
1753617235892,11:53:55.892,bybit,AAVE/USDT:USDT,296.09,0.71,296.07,3.52,296.1,1.12,296.11,2.53
1753617235991,11:53:55.991,bybit,AAVE/USDT:USDT,296.08,0.71,296.07,2.02,296.1,2.6,296.12,2.87
1753617236092,11:53:56.092,bybit,AAVE/USDT:USDT,296.08,0.71,296.07,2.02,296.1,1.5,296.12,5.47
1753617236191,11:53:56.191,bybit,AAVE/USDT:USDT,296.08,0.71,296.07,2.02,296.1,1.5,296.12,5.47
1753617236291,11:53:56.291,bybit,AAVE/USDT:USDT,296.08,0.71,296.07,2.02,296.1,0.02,296.12,5.47
1753617236391,11:53:56.391,bybit,AAVE/USDT:USDT,296.08,0.71,296.07,1.05,296.09,0.65,296.1,2.62
1753617236492,11:53:56.492,bybit,AAVE/USDT:USDT,296.08,0.71,296.07,1.01,296.1,1.69,296.12,5.47
1753617236591,11:53:56.591,bybit,AAVE/USDT:USDT,296.08,0.71,296.07,1.01,296.1,1.69,296.12,5.47
1753617236791,11:53:56.791,bybit,AAVE/USDT:USDT,296.08,0.71,296.07,1.01,296.1,1.86,296.12,5.3
1753617236891,11:53:56.891,bybit,AAVE/USDT:USDT,296.08,0.71,296.07,1.01,296.1,1.86,296.12,5.3
1753617236991,11:53:56.991,bybit,AAVE/USDT:USDT,296.08,0.71,296.07,1.01,296.1,1.86,296.12,6.82
1753617237091,11:53:57.091,bybit,AAVE/USDT:USDT,296.07,0.71,296.06,2.82,296.09,1.97,296.1,1.86
1753617237191,11:53:57.191,bybit,AAVE/USDT:USDT,296.07,0.71,296.06,2.82,296.09,0.63,296.1,0.38
1753617237291,11:53:57.291,bybit,AAVE/USDT:USDT,296.07,0.71,296.06,2.82,296.09,0.63,296.1,0.38
1753617237391,11:53:57.391,bybit,AAVE/USDT:USDT,296.08,0.63,296.07,0.71,296.1,1.09,296.11,0.04
1753617237491,11:53:57.491,bybit,AAVE/USDT:USDT,296.08,0.63,296.07,0.71,296.1,2.57,296.12,6.82
1753617237591,11:53:57.591,bybit,AAVE/USDT:USDT,296.08,0.63,296.07,0.71,296.09,1.62,296.1,1.09
1753617237690,11:53:57.690,bybit,AAVE/USDT:USDT,296.07,0.71,296.06,1.8,296.08,1.28,296.09,2.03
1753617237792,11:53:57.792,bybit,AAVE/USDT:USDT,296.04,0.18,296.03,0.07,296.05,2.16,296.06,4.66
1753617237892,11:53:57.892,bybit,AAVE/USDT:USDT,296.04,0.18,296.03,0.07,296.05,38.28,296.06,0.88
1753617237991,11:53:57.991,bybit,AAVE/USDT:USDT,296.04,0.18,296.03,0.07,296.05,38.28,296.06,0.88
1753617238091,11:53:58.091,bybit,AAVE/USDT:USDT,296.04,0.18,296.03,0.07,296.05,38.28,296.06,0.88
1753617238191,11:53:58.191,bybit,AAVE/USDT:USDT,296.04,0.18,296.03,0.07,296.05,38.28,296.06,0.88
1753617238291,11:53:58.291,bybit,AAVE/USDT:USDT,296.04,0.18,296.03,0.07,296.05,38.28,296.06,3.19
1753617238391,11:53:58.391,bybit,AAVE/USDT:USDT,296.04,0.18,296.03,0.07,296.05,38.28,296.06,3.19
1753617238492,11:53:58.492,bybit,AAVE/USDT:USDT,296.04,0.18,296.03,0.07,296.05,38.28,296.06,3.19
1753617238591,11:53:58.591,bybit,AAVE/USDT:USDT,296.04,0.18,296.03,0.07,296.05,38.28,296.06,3.19
1753617238691,11:53:58.691,bybit,AAVE/USDT:USDT,296.04,0.18,296.03,0.07,296.05,38.28,296.06,3.19
1753617238791,11:53:58.791,bybit,AAVE/USDT:USDT,296.04,0.18,296.03,0.07,296.05,38.45,296.06,3.02
1753617238891,11:53:58.891,bybit,AAVE/USDT:USDT,296.04,0.18,296.03,0.07,296.05,38.45,296.06,3.02
1753617238992,11:53:58.992,bybit,AAVE/USDT:USDT,296.04,0.18,296.03,0.07,296.05,38.45,296.06,3.02
1753617239091,11:53:59.091,bybit,AAVE/USDT:USDT,296.04,0.18,296.03,0.07,296.05,37.82,296.06,3.02
1753617239191,11:53:59.191,bybit,AAVE/USDT:USDT,296.04,0.18,296.03,0.07,296.05,37.82,296.06,3.02
1753617239291,11:53:59.291,bybit,AAVE/USDT:USDT,296.04,2.16,296.03,0.03,296.05,36.34,296.06,3.02
1753617239391,11:53:59.391,bybit,AAVE/USDT:USDT,296.04,0.18,296.03,0.03,296.05,36.34,296.06,3.02
1753617239491,11:53:59.491,bybit,AAVE/USDT:USDT,296.04,0.18,296.03,0.03,296.05,36.34,296.06,3.02
1753617239591,11:53:59.591,bybit,AAVE/USDT:USDT,296.04,0.18,296.03,0.07,296.05,36.34,296.06,3.02
1753617239691,11:53:59.691,bybit,AAVE/USDT:USDT,296.04,0.18,296.03,0.07,296.05,37.01,296.06,5.2
1753617239793,11:53:59.793,bybit,AAVE/USDT:USDT,296.04,0.18,296.03,0.07,296.05,37.01,296.06,7.29
1753617239891,11:53:59.891,bybit,AAVE/USDT:USDT,296.04,0.18,296.03,0.07,296.05,37.01,296.06,7.29
1753617239991,11:53:59.991,bybit,AAVE/USDT:USDT,296.04,0.18,296.03,0.07,296.05,37.01,296.06,7.29
1753617240105,11:54:00.105,bybit,AAVE/USDT:USDT,296.04,0.18,296.03,0.07,296.05,37.01,296.06,7.29
1753617240191,11:54:00.191,bybit,AAVE/USDT:USDT,296.04,0.18,296.03,0.07,296.05,37.01,296.06,7.29
1753617240292,11:54:00.292,bybit,AAVE/USDT:USDT,296.04,0.18,296.03,0.07,296.05,37.01,296.06,7.29
1753617240391,11:54:00.391,bybit,AAVE/USDT:USDT,296.04,0.18,296.03,0.07,296.05,37.01,296.06,7.29
1753617240492,11:54:00.492,bybit,AAVE/USDT:USDT,296.04,0.18,296.03,0.07,296.05,37.01,296.06,7.29
1753617240591,11:54:00.591,bybit,AAVE/USDT:USDT,296.04,0.18,296.03,0.07,296.05,37.01,296.06,7.29
1753617240691,11:54:00.691,bybit,AAVE/USDT:USDT,296.04,0.18,296.03,0.07,296.05,37.01,296.06,7.29
1753617240791,11:54:00.791,bybit,AAVE/USDT:USDT,296.04,0.18,296.03,0.07,296.05,36.84,296.06,3.02
1753617240891,11:54:00.891,bybit,AAVE/USDT:USDT,296.04,0.18,296.03,0.07,296.05,36.98,296.06,3.02
1753617240991,11:54:00.991,bybit,AAVE/USDT:USDT,296.04,0.18,296.03,0.19,296.05,36.98,296.06,3.02
1753617241092,11:54:01.092,bybit,AAVE/USDT:USDT,296.04,0.18,296.03,0.49,296.05,36.98,296.06,3.02
1753617241191,11:54:01.191,bybit,AAVE/USDT:USDT,296.04,0.18,296.03,0.49,296.05,36.98,296.06,3.02
1753617241291,11:54:01.291,bybit,AAVE/USDT:USDT,296.04,0.18,296.03,0.49,296.05,36.98,296.06,3.02
1753617241391,11:54:01.391,bybit,AAVE/USDT:USDT,296.04,0.18,296.03,0.49,296.05,36.98,296.06,3.02
1753617241491,11:54:01.491,bybit,AAVE/USDT:USDT,296.04,0.18,296.03,0.49,296.05,36.98,296.06,3.02
1753617241591,11:54:01.591,bybit,AAVE/USDT:USDT,296.04,0.18,296.03,0.49,296.05,36.98,296.06,3.02
1753617241691,11:54:01.691,bybit,AAVE/USDT:USDT,296.04,0.18,296.03,0.49,296.05,36.98,296.06,3.02
1753617241793,11:54:01.793,bybit,AAVE/USDT:USDT,296.04,0.18,296.03,0.49,296.05,36.98,296.06,3.02
1753617241891,11:54:01.891,bybit,AAVE/USDT:USDT,296.04,0.18,296.03,0.49,296.05,39.19,296.06,5.61
1753617241992,11:54:01.992,bybit,AAVE/USDT:USDT,296.02,0.95,296.01,0.18,296.03,24.28,296.04,14.81
1753617242091,11:54:02.091,bybit,AAVE/USDT:USDT,296.02,0.95,296.01,0.18,296.03,24.28,296.04,14.81
1753617242191,11:54:02.191,bybit,AAVE/USDT:USDT,296.02,0.95,296.01,0.18,296.03,24.21,296.04,14.74
1753617242291,11:54:02.291,bybit,AAVE/USDT:USDT,296.02,0.95,296.01,0.18,296.03,24.21,296.04,14.74
1753617242391,11:54:02.391,bybit,AAVE/USDT:USDT,296.02,0.95,296.01,0.18,296.03,24.21,296.04,14.74
1753617242491,11:54:02.491,bybit,AAVE/USDT:USDT,296.02,0.95,296.01,0.18,296.03,24.21,296.04,14.74
1753617242592,11:54:02.592,bybit,AAVE/USDT:USDT,296.0,0.34,295.99,0.04,296.01,17.79,296.02,23.88
1753617242691,11:54:02.691,bybit,AAVE/USDT:USDT,296.0,0.34,295.99,0.04,296.01,17.79,296.02,23.88
1753617242791,11:54:02.791,bybit,AAVE/USDT:USDT,296.0,0.32,295.99,0.04,296.01,17.79,296.02,23.88
1753617242892,11:54:02.892,bybit,AAVE/USDT:USDT,296.0,0.32,295.99,0.04,296.01,0.96,296.02,20.85
1753617242992,11:54:02.992,bybit,AAVE/USDT:USDT,296.0,1.03,295.98,2.34,296.01,2.44,296.02,16.55
1753617243091,11:54:03.091,bybit,AAVE/USDT:USDT,296.0,1.03,295.98,2.34,296.01,2.44,296.02,16.55
1753617243191,11:54:03.191,bybit,AAVE/USDT:USDT,296.0,1.03,295.98,2.34,296.01,2.44,296.02,16.55
1753617243291,11:54:03.291,bybit,AAVE/USDT:USDT,296.0,0.32,295.98,2.31,296.01,3.15,296.02,16.55
1753617243391,11:54:03.391,bybit,AAVE/USDT:USDT,296.0,0.3,295.98,2.31,296.01,3.15,296.02,16.55
1753617243491,11:54:03.491,bybit,AAVE/USDT:USDT,296.0,0.3,295.98,2.31,296.01,2.44,296.02,16.55
1753617243591,11:54:03.591,bybit,AAVE/USDT:USDT,296.0,0.3,295.98,2.31,296.01,3.15,296.02,16.55
1753617243691,11:54:03.691,bybit,AAVE/USDT:USDT,296.0,0.3,295.98,2.31,296.01,3.15,296.02,16.55
1753617243793,11:54:03.793,bybit,AAVE/USDT:USDT,296.0,0.3,295.98,2.31,296.01,3.15,296.02,16.55
1753617243891,11:54:03.891,bybit,AAVE/USDT:USDT,296.0,0.3,295.98,2.31,296.01,3.13,296.02,16.55
1753617243991,11:54:03.991,bybit,AAVE/USDT:USDT,296.0,0.3,295.98,2.31,296.01,3.13,296.02,16.55
1753617244090,11:54:04.090,bybit,AAVE/USDT:USDT,296.0,0.3,295.98,2.31,296.01,3.13,296.02,16.55
1753617244191,11:54:04.191,bybit,AAVE/USDT:USDT,296.0,0.3,295.98,2.31,296.01,3.13,296.02,16.55
1753617244291,11:54:04.291,bybit,AAVE/USDT:USDT,296.0,0.3,295.98,2.31,296.01,3.13,296.02,16.55
1753617244390,11:54:04.390,bybit,AAVE/USDT:USDT,296.0,0.3,295.98,2.31,296.01,3.13,296.02,16.55
1753617244491,11:54:04.491,bybit,AAVE/USDT:USDT,296.0,0.3,295.98,2.31,296.01,3.13,296.02,16.55
1753617244591,11:54:04.591,bybit,AAVE/USDT:USDT,296.0,0.3,295.98,2.31,296.01,3.13,296.02,16.55
1753617244691,11:54:04.691,bybit,AAVE/USDT:USDT,296.0,0.3,295.98,2.31,296.01,3.13,296.02,16.55
1753617244791,11:54:04.791,bybit,AAVE/USDT:USDT,296.0,0.3,295.98,2.31,296.01,3.13,296.02,16.55
1753617244891,11:54:04.891,bybit,AAVE/USDT:USDT,296.0,0.3,295.98,2.31,296.01,3.13,296.02,16.55
1753617244991,11:54:04.991,bybit,AAVE/USDT:USDT,296.0,0.3,295.98,2.31,296.01,3.13,296.02,16.55
1753617245092,11:54:05.092,bybit,AAVE/USDT:USDT,296.0,0.3,295.98,2.31,296.01,3.13,296.02,16.55
1753617245191,11:54:05.191,bybit,AAVE/USDT:USDT,296.0,0.3,295.98,2.31,296.01,3.23,296.02,16.55
1753617245291,11:54:05.291,bybit,AAVE/USDT:USDT,295.98,2.27,295.97,0.23,295.99,14.91,296.0,8.05
1753617245391,11:54:05.391,bybit,AAVE/USDT:USDT,295.98,2.27,295.97,0.23,295.99,11.95,296.0,8.05
1753617245491,11:54:05.491,bybit,AAVE/USDT:USDT,295.98,2.27,295.97,0.23,295.99,11.95,296.0,8.05
1753617245600,11:54:05.600,bybit,AAVE/USDT:USDT,295.98,2.27,295.97,0.23,295.99,11.95,296.0,8.05
1753617245691,11:54:05.691,bybit,AAVE/USDT:USDT,295.98,2.27,295.97,0.23,295.99,11.95,296.0,8.05
1753617245791,11:54:05.791,bybit,AAVE/USDT:USDT,295.98,2.27,295.97,0.23,295.99,11.95,296.0,8.05
1753617245891,11:54:05.891,bybit,AAVE/USDT:USDT,295.98,2.27,295.97,0.23,295.99,12.07,296.0,8.05
1753617245991,11:54:05.991,bybit,AAVE/USDT:USDT,295.98,2.27,295.97,0.23,295.99,12.17,296.0,8.05
1753617246091,11:54:06.091,bybit,AAVE/USDT:USDT,295.97,0.23,295.96,0.9,295.98,20.78,295.99,15.37
1753617246191,11:54:06.191,bybit,AAVE/USDT:USDT,295.97,0.23,295.96,0.9,295.98,15.94,295.99,10.98
1753617246292,11:54:06.292,bybit,AAVE/USDT:USDT,295.97,0.23,295.96,0.9,295.98,15.94,295.99,12.14
1753617246391,11:54:06.391,bybit,AAVE/USDT:USDT,295.97,0.23,295.96,0.9,295.98,13.51,295.99,12.14
1753617246491,11:54:06.491,bybit,AAVE/USDT:USDT,295.97,0.23,295.96,0.86,295.98,13.51,295.99,14.3
1753617246591,11:54:06.591,bybit,AAVE/USDT:USDT,295.97,2.25,295.96,0.86,295.98,4.3,295.99,6.94
1753617246691,11:54:06.691,bybit,AAVE/USDT:USDT,295.97,2.25,295.96,0.86,295.98,0.1,295.99,2.54
1753617246791,11:54:06.791,bybit,AAVE/USDT:USDT,295.97,2.96,295.96,0.86,295.98,0.1,295.99,0.12
1753617246892,11:54:06.892,bybit,AAVE/USDT:USDT,295.97,2.96,295.96,0.86,295.98,0.1,295.99,0.12
1753617246991,11:54:06.991,bybit,AAVE/USDT:USDT,295.97,2.17,295.96,0.86,295.98,36.21,296.0,0.08
1753617247091,11:54:07.091,bybit,AAVE/USDT:USDT,295.97,1.2,295.96,0.86,295.98,34.7,296.0,3.75
1753617247191,11:54:07.191,bybit,AAVE/USDT:USDT,295.97,0.23,295.96,0.86,295.98,36.86,295.99,2.16
1753617247291,11:54:07.291,bybit,AAVE/USDT:USDT,295.97,0.23,295.96,0.86,295.98,36.86,295.99,2.16
1753617247391,11:54:07.391,bybit,AAVE/USDT:USDT,295.97,0.23,295.96,0.86,295.98,36.86,295.99,2.16
1753617247491,11:54:07.491,bybit,AAVE/USDT:USDT,295.97,0.23,295.96,0.86,295.98,36.86,295.99,2.16
1753617247591,11:54:07.591,bybit,AAVE/USDT:USDT,295.97,0.23,295.96,0.86,295.98,36.86,295.99,2.16
1753617247690,11:54:07.690,bybit,AAVE/USDT:USDT,295.97,0.23,295.96,0.86,295.98,36.86,295.99,2.16
1753617247791,11:54:07.791,bybit,AAVE/USDT:USDT,295.97,0.23,295.96,0.86,295.98,36.96,295.99,2.16
1753617247891,11:54:07.891,bybit,AAVE/USDT:USDT,295.97,0.23,295.96,0.86,295.98,36.96,295.99,2.16
1753617247992,11:54:07.992,bybit,AAVE/USDT:USDT,295.95,0.55,295.94,0.23,295.96,25.59,295.97,20.69
1753617248091,11:54:08.091,bybit,AAVE/USDT:USDT,295.95,0.55,295.94,0.23,295.96,25.59,295.97,15.79
1753617248191,11:54:08.191,bybit,AAVE/USDT:USDT,295.94,0.23,295.93,0.09,295.95,14.77,295.96,25.43
1753617248291,11:54:08.291,bybit,AAVE/USDT:USDT,295.94,0.23,295.93,0.09,295.95,16.07,295.96,13.33
1753617248391,11:54:08.391,bybit,AAVE/USDT:USDT,295.94,0.23,295.93,0.09,295.95,14.61,295.96,16.31
1753617248491,11:54:08.491,bybit,AAVE/USDT:USDT,295.94,0.23,295.93,0.09,295.95,14.71,295.96,16.31
1753617248591,11:54:08.591,bybit,AAVE/USDT:USDT,295.94,0.23,295.93,0.09,295.95,39.22,295.96,16.31
1753617248691,11:54:08.691,bybit,AAVE/USDT:USDT,295.94,0.23,295.93,0.09,295.95,39.22,295.96,16.31
1753617248791,11:54:08.791,bybit,AAVE/USDT:USDT,295.94,0.23,295.93,0.09,295.95,39.22,295.96,16.31
1753617248891,11:54:08.891,bybit,AAVE/USDT:USDT,295.94,0.23,295.93,0.09,295.95,38.75,295.96,14.21
1753617248991,11:54:08.991,bybit,AAVE/USDT:USDT,295.94,0.23,295.93,0.09,295.95,38.87,295.96,16.31
1753617249091,11:54:09.091,bybit,AAVE/USDT:USDT,295.94,0.23,295.93,0.09,295.95,38.87,295.96,16.31
1753617249191,11:54:09.191,bybit,AAVE/USDT:USDT,295.94,0.23,295.93,0.09,295.95,38.87,295.96,16.31
1753617249292,11:54:09.292,bybit,AAVE/USDT:USDT,295.94,0.23,295.93,0.09,295.95,38.87,295.96,16.31
1753617249392,11:54:09.392,bybit,AAVE/USDT:USDT,295.94,0.23,295.93,0.09,295.95,38.87,295.96,16.31
1753617249490,11:54:09.490,bybit,AAVE/USDT:USDT,295.94,0.23,295.93,0.09,295.95,38.87,295.96,8.02
1753617249591,11:54:09.591,bybit,AAVE/USDT:USDT,295.94,0.23,295.93,0.09,295.95,38.87,295.96,8.02
1753617249691,11:54:09.691,bybit,AAVE/USDT:USDT,295.94,0.23,295.93,0.09,295.95,38.87,295.96,8.02
1753617249792,11:54:09.792,bybit,AAVE/USDT:USDT,295.94,0.23,295.93,0.09,295.95,38.87,295.96,10.56
1753617249891,11:54:09.891,bybit,AAVE/USDT:USDT,295.94,0.23,295.93,0.09,295.95,37.83,295.96,10.56
1753617249991,11:54:09.991,bybit,AAVE/USDT:USDT,295.94,0.23,295.93,0.09,295.95,37.83,295.96,10.56
1753617250091,11:54:10.091,bybit,AAVE/USDT:USDT,295.94,0.23,295.93,0.09,295.95,37.83,295.96,12.66
1753617250191,11:54:10.191,bybit,AAVE/USDT:USDT,295.94,0.23,295.93,0.09,295.95,37.83,295.96,12.66
1753617250291,11:54:10.291,bybit,AAVE/USDT:USDT,295.94,0.23,295.93,0.09,295.95,37.93,295.96,12.66
1753617250391,11:54:10.391,bybit,AAVE/USDT:USDT,295.94,0.23,295.93,0.09,295.95,36.94,295.96,10.56
1753617250492,11:54:10.492,bybit,AAVE/USDT:USDT,295.94,0.23,295.93,0.09,295.95,36.94,295.96,8.02
1753617250592,11:54:10.592,bybit,AAVE/USDT:USDT,295.94,0.23,295.93,0.09,295.95,36.94,295.96,10.44
1753617250691,11:54:10.691,bybit,AAVE/USDT:USDT,295.94,0.23,295.93,0.09,295.95,39.04,295.96,12.54
1753617250792,11:54:10.792,bybit,AAVE/USDT:USDT,295.94,0.23,295.93,0.09,295.95,39.04,295.96,12.54
1753617250891,11:54:10.891,bybit,AAVE/USDT:USDT,295.94,0.23,295.93,0.09,295.95,39.04,295.96,12.54
1753617250991,11:54:10.991,bybit,AAVE/USDT:USDT,295.94,0.23,295.93,0.09,295.95,39.04,295.96,12.54
1753617251090,11:54:11.090,bybit,AAVE/USDT:USDT,295.94,0.23,295.93,0.09,295.95,39.04,295.96,12.54
1753617251190,11:54:11.190,bybit,AAVE/USDT:USDT,295.94,0.23,295.93,0.09,295.95,39.04,295.96,12.54
1753617251291,11:54:11.291,bybit,AAVE/USDT:USDT,295.94,0.23,295.93,0.09,295.95,39.04,295.96,12.54
1753617251391,11:54:11.391,bybit,AAVE/USDT:USDT,295.94,0.23,295.93,0.09,295.95,36.94,295.96,10.44
1753617251492,11:54:11.492,bybit,AAVE/USDT:USDT,295.94,0.23,295.93,0.09,295.95,36.94,295.96,10.44
1753617251592,11:54:11.592,bybit,AAVE/USDT:USDT,295.94,0.23,295.93,0.09,295.95,36.94,295.96,10.44
1753617251691,11:54:11.691,bybit,AAVE/USDT:USDT,295.94,0.23,295.93,0.09,295.95,36.94,295.96,10.44
1753617251793,11:54:11.793,bybit,AAVE/USDT:USDT,295.94,0.23,295.93,0.09,295.95,36.94,295.96,10.44
1753617251891,11:54:11.891,bybit,AAVE/USDT:USDT,295.94,0.23,295.93,0.09,295.95,36.94,295.96,12.54
1753617251991,11:54:11.991,bybit,AAVE/USDT:USDT,295.94,0.23,295.93,0.09,295.95,36.93,295.96,12.54
1753617252091,11:54:12.091,bybit,AAVE/USDT:USDT,295.94,0.23,295.93,0.09,295.95,36.93,295.96,10.44
1753617252192,11:54:12.192,bybit,AAVE/USDT:USDT,295.94,0.23,295.93,0.09,295.95,36.83,295.96,10.44
1753617252292,11:54:12.292,bybit,AAVE/USDT:USDT,295.94,0.23,295.93,0.09,295.95,36.83,295.96,10.44
1753617252391,11:54:12.391,bybit,AAVE/USDT:USDT,295.94,0.23,295.93,0.09,295.95,31.44,295.96,8.23
1753617252491,11:54:12.491,bybit,AAVE/USDT:USDT,295.94,0.23,295.93,0.09,295.95,31.44,295.96,8.23
1753617252592,11:54:12.592,bybit,AAVE/USDT:USDT,295.94,0.23,295.93,0.09,295.95,31.44,295.96,8.23
1753617252692,11:54:12.692,bybit,AAVE/USDT:USDT,295.94,0.23,295.93,0.09,295.95,31.44,295.96,8.23
1753617252791,11:54:12.791,bybit,AAVE/USDT:USDT,295.94,0.23,295.93,0.09,295.95,31.44,295.96,8.23
1753617252891,11:54:12.891,bybit,AAVE/USDT:USDT,295.94,0.23,295.93,0.09,295.95,31.44,295.96,8.23
1753617252991,11:54:12.991,bybit,AAVE/USDT:USDT,295.94,0.23,295.93,0.09,295.95,31.44,295.96,8.23
1753617253091,11:54:13.091,bybit,AAVE/USDT:USDT,295.94,0.23,295.93,0.09,295.95,31.44,295.96,8.23
1753617253191,11:54:13.191,bybit,AAVE/USDT:USDT,295.94,0.23,295.93,0.09,295.95,31.44,295.96,8.23
1753617253291,11:54:13.291,bybit,AAVE/USDT:USDT,295.94,0.23,295.93,0.09,295.95,31.44,295.96,8.23
1753617253391,11:54:13.391,bybit,AAVE/USDT:USDT,295.94,0.23,295.93,0.09,295.95,31.44,295.96,10.33
1753617253492,11:54:13.492,bybit,AAVE/USDT:USDT,295.94,0.23,295.93,0.09,295.95,31.44,295.96,8.23
1753617253591,11:54:13.591,bybit,AAVE/USDT:USDT,295.94,0.23,295.93,0.09,295.95,31.44,295.96,8.23
1753617253691,11:54:13.691,bybit,AAVE/USDT:USDT,295.94,0.23,295.93,0.09,295.95,31.44,295.96,8.23
1753617253791,11:54:13.791,bybit,AAVE/USDT:USDT,295.94,0.23,295.93,0.09,295.95,31.44,295.96,8.23
1753617253890,11:54:13.890,bybit,AAVE/USDT:USDT,295.94,0.23,295.93,0.09,295.95,31.44,295.96,8.23
1753617253991,11:54:13.991,bybit,AAVE/USDT:USDT,295.94,1.83,295.93,0.09,295.95,31.44,295.96,8.23
1753617254090,11:54:14.090,bybit,AAVE/USDT:USDT,295.94,1.83,295.93,0.09,295.95,31.44,295.96,8.23
1753617254191,11:54:14.191,bybit,AAVE/USDT:USDT,295.94,1.26,295.93,0.09,295.95,31.44,295.96,8.23
1753617254291,11:54:14.291,bybit,AAVE/USDT:USDT,295.94,1.26,295.93,0.09,295.95,31.44,295.96,8.23
1753617254391,11:54:14.391,bybit,AAVE/USDT:USDT,295.94,1.26,295.93,0.09,295.95,31.44,295.96,8.23
1753617254491,11:54:14.491,bybit,AAVE/USDT:USDT,295.94,1.26,295.93,0.09,295.95,31.44,295.96,8.23
1753617254591,11:54:14.591,bybit,AAVE/USDT:USDT,295.94,2.67,295.93,0.09,295.95,31.44,295.96,8.23
1753617254791,11:54:14.791,bybit,AAVE/USDT:USDT,295.94,1.96,295.93,0.09,295.95,31.44,295.96,8.23
1753617254991,11:54:14.991,bybit,AAVE/USDT:USDT,295.94,1.26,295.93,0.09,295.95,31.44,295.96,8.23
1753617255091,11:54:15.091,bybit,AAVE/USDT:USDT,295.94,1.26,295.93,0.09,295.95,31.44,295.96,8.23
1753617255291,11:54:15.291,bybit,AAVE/USDT:USDT,295.94,2.67,295.93,0.09,295.95,32.11,295.96,6.72
1753617255491,11:54:15.491,bybit,AAVE/USDT:USDT,295.94,2.67,295.93,0.09,295.95,32.11,295.96,6.72
1753617255591,11:54:15.591,bybit,AAVE/USDT:USDT,295.94,1.64,295.93,0.09,295.95,32.11,295.96,6.72
1753617255690,11:54:15.690,bybit,AAVE/USDT:USDT,295.94,1.64,295.93,0.09,295.95,32.11,295.96,6.72
1753617255792,11:54:15.792,bybit,AAVE/USDT:USDT,295.94,1.64,295.93,0.09,295.95,32.11,295.96,6.72
1753617255891,11:54:15.891,bybit,AAVE/USDT:USDT,295.94,1.64,295.93,0.09,295.95,32.11,295.96,6.72
1753617255991,11:54:15.991,bybit,AAVE/USDT:USDT,295.94,1.64,295.93,0.09,295.95,32.11,295.96,6.72
1753617256091,11:54:16.091,bybit,AAVE/USDT:USDT,295.94,1.64,295.93,0.09,295.95,32.11,295.96,6.72
1753617256191,11:54:16.191,bybit,AAVE/USDT:USDT,295.94,0.93,295.93,0.09,295.95,32.11,295.96,6.72
1753617256291,11:54:16.291,bybit,AAVE/USDT:USDT,295.94,0.23,295.93,0.09,295.95,32.95,295.96,8.82
1753617256391,11:54:16.391,bybit,AAVE/USDT:USDT,295.94,0.23,295.93,0.09,295.95,32.95,295.96,8.82
1753617256491,11:54:16.491,bybit,AAVE/USDT:USDT,295.94,0.23,295.93,0.09,295.95,32.95,295.96,8.82
1753617256591,11:54:16.591,bybit,AAVE/USDT:USDT,295.94,0.23,295.93,0.09,295.95,35.05,295.96,10.92
1753617256691,11:54:16.691,bybit,AAVE/USDT:USDT,295.94,0.23,295.93,0.09,295.95,35.05,295.96,10.92
1753617256792,11:54:16.792,bybit,AAVE/USDT:USDT,295.94,0.23,295.93,0.09,295.95,32.95,295.96,8.82
1753617256891,11:54:16.891,bybit,AAVE/USDT:USDT,295.94,0.23,295.93,0.09,295.95,32.95,295.96,6.72
1753617256991,11:54:16.991,bybit,AAVE/USDT:USDT,295.94,0.23,295.93,0.09,295.95,32.95,295.96,8.82
1753617257091,11:54:17.091,bybit,AAVE/USDT:USDT,295.94,0.23,295.93,0.09,295.95,32.95,295.96,8.82
1753617257191,11:54:17.191,bybit,AAVE/USDT:USDT,295.94,0.23,295.93,0.09,295.95,32.95,295.96,6.72
1753617257291,11:54:17.291,bybit,AAVE/USDT:USDT,295.94,0.23,295.93,0.09,295.95,32.95,295.96,6.72
1753617257391,11:54:17.391,bybit,AAVE/USDT:USDT,295.94,2.95,295.93,0.09,295.95,31.44,295.97,5.78
1753617257491,11:54:17.491,bybit,AAVE/USDT:USDT,295.94,2.95,295.93,0.09,295.95,31.44,295.97,4.78
1753617257598,11:54:17.598,bybit,AAVE/USDT:USDT,295.94,2.95,295.93,0.09,295.95,32.11,295.97,4.78
1753617257690,11:54:17.690,bybit,AAVE/USDT:USDT,295.94,2.95,295.93,0.09,295.95,32.11,295.97,4.78
1753617257791,11:54:17.791,bybit,AAVE/USDT:USDT,295.94,2.95,295.93,0.09,295.95,32.11,295.97,4.78
1753617257890,11:54:17.890,bybit,AAVE/USDT:USDT,295.94,2.95,295.93,0.09,295.95,32.11,295.97,4.78
1753617257991,11:54:17.991,bybit,AAVE/USDT:USDT,295.94,2.95,295.93,0.09,295.95,32.11,295.97,4.78
1753617258091,11:54:18.091,bybit,AAVE/USDT:USDT,295.94,2.95,295.93,0.09,295.95,32.11,295.97,4.78
1753617258191,11:54:18.191,bybit,AAVE/USDT:USDT,295.94,1.92,295.93,0.09,295.95,32.0,295.97,4.78
1753617258291,11:54:18.291,bybit,AAVE/USDT:USDT,295.94,0.23,295.93,0.09,295.95,32.95,295.96,2.1
1753617258390,11:54:18.390,bybit,AAVE/USDT:USDT,295.94,0.23,295.93,0.09,295.95,32.95,295.96,2.1
1753617258490,11:54:18.490,bybit,AAVE/USDT:USDT,295.94,0.23,295.93,0.09,295.95,32.95,295.96,2.1
1753617258591,11:54:18.591,bybit,AAVE/USDT:USDT,295.94,0.23,295.93,0.09,295.95,32.95,295.96,6.89
1753617258691,11:54:18.691,bybit,AAVE/USDT:USDT,295.94,0.23,295.93,0.09,295.95,32.95,295.96,4.79
1753617258791,11:54:18.791,bybit,AAVE/USDT:USDT,295.94,0.23,295.93,0.09,295.95,32.95,295.96,4.79
1753617258891,11:54:18.891,bybit,AAVE/USDT:USDT,295.94,2.16,295.93,0.09,295.95,32.29,295.97,4.78
1753617258991,11:54:18.991,bybit,AAVE/USDT:USDT,295.94,2.16,295.93,0.09,295.95,32.29,295.97,4.78
1753617259292,11:54:19.292,bybit,AAVE/USDT:USDT,295.94,2.16,295.93,0.09,295.95,32.29,295.96,2.69
1753617259391,11:54:19.391,bybit,AAVE/USDT:USDT,295.94,2.16,295.93,0.09,295.95,32.29,295.96,2.69
1753617259491,11:54:19.491,bybit,AAVE/USDT:USDT,295.94,1.22,295.93,0.09,295.95,33.13,295.96,2.69
1753617259590,11:54:19.590,bybit,AAVE/USDT:USDT,295.94,1.22,295.93,0.09,295.95,33.13,295.96,2.69
1753617259891,11:54:19.891,bybit,AAVE/USDT:USDT,295.94,1.22,295.93,0.09,295.95,33.13,295.96,2.69
1753617259991,11:54:19.991,bybit,AAVE/USDT:USDT,295.94,1.22,295.93,0.09,295.95,33.13,295.96,2.69
1753617260091,11:54:20.091,bybit,AAVE/USDT:USDT,295.94,0.23,295.93,0.09,295.95,33.13,295.96,2.69
1753617260291,11:54:20.291,bybit,AAVE/USDT:USDT,295.94,0.23,295.93,0.09,295.95,33.13,295.96,2.69
1753617260391,11:54:20.391,bybit,AAVE/USDT:USDT,295.94,0.23,295.93,0.09,295.95,33.13,295.96,2.69
1753617260491,11:54:20.491,bybit,AAVE/USDT:USDT,295.94,0.23,295.93,0.09,295.95,33.13,295.96,2.69
1753617260591,11:54:20.591,bybit,AAVE/USDT:USDT,295.94,0.23,295.93,0.09,295.95,33.13,295.96,2.69
1753617260691,11:54:20.691,bybit,AAVE/USDT:USDT,295.94,0.23,295.93,0.09,295.95,33.13,295.96,2.69
1753617260791,11:54:20.791,bybit,AAVE/USDT:USDT,295.94,0.23,295.93,0.09,295.95,33.13,295.96,2.69
1753617260891,11:54:20.891,bybit,AAVE/USDT:USDT,295.94,0.23,295.93,0.09,295.95,33.13,295.96,2.69
1753617260991,11:54:20.991,bybit,AAVE/USDT:USDT,295.94,0.23,295.93,0.09,295.95,33.13,295.96,2.69
1753617261091,11:54:21.091,bybit,AAVE/USDT:USDT,295.94,0.23,295.93,0.09,295.95,33.13,295.96,2.69
1753617261191,11:54:21.191,bybit,AAVE/USDT:USDT,295.94,0.23,295.92,0.17,295.95,33.13,295.96,2.69
1753617261292,11:54:21.292,bybit,AAVE/USDT:USDT,295.94,0.23,295.92,0.17,295.95,33.13,295.97,4.78
1753617261390,11:54:21.390,bybit,AAVE/USDT:USDT,295.94,0.23,295.92,0.17,295.95,35.23,295.96,7.81
1753617261491,11:54:21.491,bybit,AAVE/USDT:USDT,295.94,0.23,295.92,0.17,295.95,35.39,295.96,7.81
1753617261691,11:54:21.691,bybit,AAVE/USDT:USDT,295.94,0.23,295.92,0.17,295.95,35.39,295.96,2.1
1753617261890,11:54:21.890,bybit,AAVE/USDT:USDT,295.94,0.23,295.92,0.17,295.95,33.29,295.97,9.93
1753617261991,11:54:21.991,bybit,AAVE/USDT:USDT,295.94,0.23,295.92,0.17,295.95,32.45,295.97,7.83
1753617262091,11:54:22.091,bybit,AAVE/USDT:USDT,295.94,0.23,295.92,0.17,295.95,32.45,295.97,4.78
1753617262191,11:54:22.191,bybit,AAVE/USDT:USDT,295.94,0.23,295.92,0.17,295.95,32.45,295.97,4.78
1753617262290,11:54:22.290,bybit,AAVE/USDT:USDT,295.94,0.23,295.92,0.17,295.95,32.45,295.97,4.78
1753617262391,11:54:22.391,bybit,AAVE/USDT:USDT,295.94,1.26,295.92,0.17,295.95,32.45,295.97,4.78
1753617262491,11:54:22.491,bybit,AAVE/USDT:USDT,295.94,1.26,295.92,1.82,295.95,32.45,295.97,4.78
1753617262592,11:54:22.592,bybit,AAVE/USDT:USDT,295.94,1.95,295.92,1.82,295.95,31.78,295.97,4.78
1753617262691,11:54:22.691,bybit,AAVE/USDT:USDT,295.94,1.95,295.92,9.08,295.95,31.78,295.97,4.78
1753617262791,11:54:22.791,bybit,AAVE/USDT:USDT,295.94,2.66,295.92,9.08,295.95,33.05,295.97,4.78
1753617262891,11:54:22.891,bybit,AAVE/USDT:USDT,295.94,2.66,295.92,9.08,295.95,33.05,295.97,4.78
1753617262991,11:54:22.991,bybit,AAVE/USDT:USDT,295.94,2.66,295.92,0.17,295.95,33.05,295.96,5.5
1753617263091,11:54:23.091,bybit,AAVE/USDT:USDT,295.94,0.23,295.92,0.17,295.95,33.72,295.96,5.5
1753617263190,11:54:23.190,bybit,AAVE/USDT:USDT,295.94,0.23,295.92,0.17,295.95,33.72,295.96,5.5
1753617263291,11:54:23.291,bybit,AAVE/USDT:USDT,295.94,0.94,295.92,0.17,295.95,33.72,295.97,7.12
1753617263391,11:54:23.391,bybit,AAVE/USDT:USDT,295.94,1.35,295.92,0.17,295.95,33.62,295.97,7.12
1753617263491,11:54:23.491,bybit,AAVE/USDT:USDT,295.94,2.04,295.93,1.52,295.95,33.62,295.97,4.78
1753617263591,11:54:23.591,bybit,AAVE/USDT:USDT,295.94,2.04,295.93,1.52,295.95,33.62,295.97,4.78
1753617263691,11:54:23.691,bybit,AAVE/USDT:USDT,295.94,2.04,295.93,1.52,295.95,33.62,295.97,4.78
1753617263792,11:54:23.792,bybit,AAVE/USDT:USDT,295.94,2.04,295.92,0.17,295.95,33.62,295.97,7.42
1753617263890,11:54:23.890,bybit,AAVE/USDT:USDT,295.94,2.04,295.92,0.17,295.95,33.62,295.97,7.42
1753617263991,11:54:23.991,bybit,AAVE/USDT:USDT,295.94,2.04,295.92,0.17,295.95,33.62,295.96,4.2
1753617264091,11:54:24.091,bybit,AAVE/USDT:USDT,295.94,0.64,295.92,0.17,295.95,34.46,295.96,6.89
1753617264191,11:54:24.191,bybit,AAVE/USDT:USDT,295.94,0.64,295.92,0.17,295.95,34.46,295.96,6.89
1753617264291,11:54:24.291,bybit,AAVE/USDT:USDT,295.94,0.64,295.92,0.17,295.95,34.35,295.96,6.89
1753617264390,11:54:24.390,bybit,AAVE/USDT:USDT,295.94,0.64,295.92,0.17,295.95,34.46,295.96,6.89
1753617264691,11:54:24.691,bybit,AAVE/USDT:USDT,295.94,0.64,295.92,0.17,295.95,34.46,295.96,6.89
1753617265090,11:54:25.090,bybit,AAVE/USDT:USDT,295.94,0.64,295.92,0.17,295.95,34.46,295.96,6.89
1753617265191,11:54:25.191,bybit,AAVE/USDT:USDT,295.94,0.64,295.92,0.17,295.95,34.46,295.96,6.89
1753617265491,11:54:25.491,bybit,AAVE/USDT:USDT,295.94,0.64,295.92,0.17,295.95,34.46,295.96,6.89
1753617265591,11:54:25.591,bybit,AAVE/USDT:USDT,295.94,0.23,295.92,0.17,295.95,34.46,295.96,6.89
1753617265690,11:54:25.690,bybit,AAVE/USDT:USDT,295.94,0.63,295.92,0.17,295.95,34.46,295.96,6.89
1753617265791,11:54:25.791,bybit,AAVE/USDT:USDT,295.94,0.63,295.92,0.17,295.95,34.46,295.96,6.89
1753617265890,11:54:25.890,bybit,AAVE/USDT:USDT,295.94,0.63,295.92,0.17,295.95,34.46,295.96,6.89
1753617265991,11:54:25.991,bybit,AAVE/USDT:USDT,295.94,0.63,295.92,0.17,295.95,34.46,295.96,4.79
1753617266191,11:54:26.191,bybit,AAVE/USDT:USDT,295.94,0.63,295.92,0.17,295.95,34.46,295.96,6.89
1753617266291,11:54:26.291,bybit,AAVE/USDT:USDT,295.94,0.63,295.92,0.17,295.95,34.46,295.96,6.89
1753617266391,11:54:26.391,bybit,AAVE/USDT:USDT,295.94,0.63,295.92,0.17,295.95,34.46,295.96,4.79
1753617266491,11:54:26.491,bybit,AAVE/USDT:USDT,295.94,0.63,295.92,0.17,295.95,34.46,295.97,7.42
1753617266591,11:54:26.591,bybit,AAVE/USDT:USDT,295.94,0.63,295.92,0.17,295.95,34.46,295.97,9.52
1753617266691,11:54:26.691,bybit,AAVE/USDT:USDT,295.94,0.63,295.92,0.17,295.95,34.46,295.97,9.52
1753617266791,11:54:26.791,bybit,AAVE/USDT:USDT,295.94,1.77,295.92,0.13,295.95,34.3,295.97,9.52
1753617266891,11:54:26.891,bybit,AAVE/USDT:USDT,295.94,1.77,295.92,0.17,295.95,34.3,295.97,9.52
1753617267092,11:54:27.092,bybit,AAVE/USDT:USDT,295.94,1.77,295.92,0.17,295.95,34.3,295.97,9.52
1753617267191,11:54:27.191,bybit,AAVE/USDT:USDT,295.94,1.77,295.92,0.17,295.95,34.3,295.97,9.52
