timestamp,time,exchange,symbol,bid1_price,bid1_volume,bid2_price,bid2_volume,ask1_price,ask1_volume,ask2_price,ask2_volume
1753617156817,11:52:36.817,bybit,AERO/USDT:USDT,0.8978,4109.0,0.8977,816.0,0.8979,1121.0,0.898,795.0
1753617156919,11:52:36.919,bybit,AERO/USDT:USDT,0.8978,4109.0,0.8977,816.0,0.8979,1121.0,0.898,795.0
1753617157019,11:52:37.019,bybit,AERO/USDT:USDT,0.8978,4109.0,0.8977,816.0,0.8979,1121.0,0.898,795.0
1753617157419,11:52:37.419,bybit,AERO/USDT:USDT,0.8978,4109.0,0.8977,816.0,0.8979,1145.0,0.898,772.0
1753617157819,11:52:37.819,bybit,AERO/USDT:USDT,0.8978,4109.0,0.8977,816.0,0.8979,1145.0,0.898,772.0
1753617158119,11:52:38.119,bybit,AERO/USDT:USDT,0.8978,4109.0,0.8977,816.0,0.8979,1145.0,0.898,772.0
1753617158218,11:52:38.218,bybit,AERO/USDT:USDT,0.8978,4109.0,0.8977,816.0,0.8979,1145.0,0.898,772.0
1753617158619,11:52:38.619,bybit,AERO/USDT:USDT,0.8978,4109.0,0.8977,816.0,0.8979,1145.0,0.898,772.0
1753617158819,11:52:38.819,bybit,AERO/USDT:USDT,0.8978,4109.0,0.8977,816.0,0.8979,1145.0,0.898,772.0
1753617159019,11:52:39.019,bybit,AERO/USDT:USDT,0.8978,4109.0,0.8977,816.0,0.8979,1145.0,0.898,772.0
1753617160017,11:52:40.017,bybit,AERO/USDT:USDT,0.8978,4109.0,0.8977,816.0,0.8979,1031.0,0.898,781.0
1753617160118,11:52:40.118,bybit,AERO/USDT:USDT,0.8978,4109.0,0.8977,816.0,0.8979,1145.0,0.898,781.0
1753617160218,11:52:40.218,bybit,AERO/USDT:USDT,0.8978,4109.0,0.8977,816.0,0.8979,1145.0,0.898,781.0
1753617160517,11:52:40.517,bybit,AERO/USDT:USDT,0.8978,4109.0,0.8977,816.0,0.8979,1145.0,0.898,781.0
1753617160619,11:52:40.619,bybit,AERO/USDT:USDT,0.8978,4109.0,0.8977,816.0,0.8979,1145.0,0.898,781.0
1753617160719,11:52:40.719,bybit,AERO/USDT:USDT,0.8978,4109.0,0.8977,816.0,0.8979,1145.0,0.898,781.0
1753617161319,11:52:41.319,bybit,AERO/USDT:USDT,0.8978,4109.0,0.8977,816.0,0.8979,1145.0,0.898,781.0
1753617161918,11:52:41.918,bybit,AERO/USDT:USDT,0.8978,4109.0,0.8977,816.0,0.8979,1145.0,0.898,781.0
1753617162017,11:52:42.017,bybit,AERO/USDT:USDT,0.8978,4109.0,0.8977,816.0,0.8979,1145.0,0.898,781.0
1753617162717,11:52:42.717,bybit,AERO/USDT:USDT,0.8978,4109.0,0.8977,816.0,0.8979,1145.0,0.898,781.0
1753617162818,11:52:42.818,bybit,AERO/USDT:USDT,0.8978,4109.0,0.8977,816.0,0.8979,917.0,0.898,781.0
1753617162918,11:52:42.918,bybit,AERO/USDT:USDT,0.8978,4109.0,0.8977,930.0,0.8979,917.0,0.898,667.0
1753617163017,11:52:43.017,bybit,AERO/USDT:USDT,0.8978,4109.0,0.8977,816.0,0.8979,917.0,0.898,781.0
1753617163117,11:52:43.117,bybit,AERO/USDT:USDT,0.8978,4109.0,0.8977,816.0,0.8979,917.0,0.898,781.0
1753617163219,11:52:43.219,bybit,AERO/USDT:USDT,0.8978,4109.0,0.8977,816.0,0.8979,917.0,0.898,781.0
1753617163619,11:52:43.619,bybit,AERO/USDT:USDT,0.8978,4109.0,0.8977,930.0,0.8979,917.0,0.898,781.0
1753617163818,11:52:43.818,bybit,AERO/USDT:USDT,0.8978,4109.0,0.8977,816.0,0.8979,917.0,0.898,781.0
1753617164319,11:52:44.319,bybit,AERO/USDT:USDT,0.8978,4109.0,0.8977,930.0,0.8979,917.0,0.898,553.0
1753617164517,11:52:44.517,bybit,AERO/USDT:USDT,0.8978,4109.0,0.8977,930.0,0.8979,917.0,0.898,553.0
1753617164617,11:52:44.617,bybit,AERO/USDT:USDT,0.8978,4109.0,0.8977,1044.0,0.8979,917.0,0.898,553.0
1753617165818,11:52:45.818,bybit,AERO/USDT:USDT,0.8978,4281.0,0.8977,1044.0,0.8979,917.0,0.898,553.0
1753617166117,11:52:46.117,bybit,AERO/USDT:USDT,0.8978,4281.0,0.8977,1044.0,0.8979,917.0,0.898,553.0
1753617166818,11:52:46.818,bybit,AERO/USDT:USDT,0.8978,4281.0,0.8977,1044.0,0.8979,917.0,0.898,553.0
1753617167017,11:52:47.017,bybit,AERO/USDT:USDT,0.8978,4281.0,0.8977,1044.0,0.8979,917.0,0.898,553.0
1753617167418,11:52:47.418,bybit,AERO/USDT:USDT,0.8978,4281.0,0.8977,1044.0,0.8979,917.0,0.898,553.0
1753617167517,11:52:47.517,bybit,AERO/USDT:USDT,0.8978,4281.0,0.8977,1044.0,0.8979,917.0,0.898,553.0
1753617167618,11:52:47.618,bybit,AERO/USDT:USDT,0.8978,4281.0,0.8977,930.0,0.8979,917.0,0.898,553.0
1753617167720,11:52:47.720,bybit,AERO/USDT:USDT,0.8978,4281.0,0.8977,930.0,0.8979,917.0,0.898,553.0
1753617167917,11:52:47.917,bybit,AERO/USDT:USDT,0.8978,4281.0,0.8977,930.0,0.8979,917.0,0.898,553.0
1753617168017,11:52:48.017,bybit,AERO/USDT:USDT,0.8978,4281.0,0.8977,930.0,0.8979,917.0,0.898,553.0
1753617168617,11:52:48.617,bybit,AERO/USDT:USDT,0.8978,4281.0,0.8977,1044.0,0.8979,917.0,0.898,553.0
1753617168719,11:52:48.719,bybit,AERO/USDT:USDT,0.8978,4281.0,0.8977,1044.0,0.8979,917.0,0.898,553.0
1753617169518,11:52:49.518,bybit,AERO/USDT:USDT,0.8978,4281.0,0.8977,1044.0,0.8979,917.0,0.898,553.0
1753617169618,11:52:49.618,bybit,AERO/USDT:USDT,0.8978,4281.0,0.8977,1044.0,0.8979,917.0,0.898,553.0
1753617169718,11:52:49.718,bybit,AERO/USDT:USDT,0.8978,4281.0,0.8977,930.0,0.8979,917.0,0.898,553.0
1753617169820,11:52:49.820,bybit,AERO/USDT:USDT,0.8978,4281.0,0.8977,1044.0,0.8979,917.0,0.898,553.0
1753617170117,11:52:50.117,bybit,AERO/USDT:USDT,0.8978,4281.0,0.8977,930.0,0.8979,917.0,0.898,553.0
1753617170219,11:52:50.219,bybit,AERO/USDT:USDT,0.8978,4281.0,0.8977,816.0,0.8979,917.0,0.898,553.0
1753617170317,11:52:50.317,bybit,AERO/USDT:USDT,0.8978,4281.0,0.8977,816.0,0.8979,917.0,0.898,781.0
1753617170517,11:52:50.517,bybit,AERO/USDT:USDT,0.8978,4281.0,0.8977,930.0,0.8979,917.0,0.898,667.0
1753617170617,11:52:50.617,bybit,AERO/USDT:USDT,0.8978,4281.0,0.8977,930.0,0.8979,917.0,0.898,553.0
1753617170818,11:52:50.818,bybit,AERO/USDT:USDT,0.8978,4281.0,0.8977,930.0,0.8979,917.0,0.898,553.0
1753617170917,11:52:50.917,bybit,AERO/USDT:USDT,0.8978,4281.0,0.8977,930.0,0.8979,917.0,0.898,667.0
1753617171017,11:52:51.017,bybit,AERO/USDT:USDT,0.8978,4281.0,0.8977,930.0,0.8979,917.0,0.898,553.0
1753617171218,11:52:51.218,bybit,AERO/USDT:USDT,0.8978,4281.0,0.8977,816.0,0.8979,917.0,0.898,864.0
1753617171319,11:52:51.319,bybit,AERO/USDT:USDT,0.8978,4281.0,0.8977,816.0,0.8979,917.0,0.898,864.0
1753617171419,11:52:51.419,bybit,AERO/USDT:USDT,0.8978,4281.0,0.8977,816.0,0.8979,908.0,0.898,750.0
1753617171618,11:52:51.618,bybit,AERO/USDT:USDT,0.8978,4395.0,0.8977,1044.0,0.8979,908.0,0.898,553.0
1753617171717,11:52:51.717,bybit,AERO/USDT:USDT,0.8978,4395.0,0.8977,1044.0,0.8979,908.0,0.898,9.0
1753617171918,11:52:51.918,bybit,AERO/USDT:USDT,0.8978,4395.0,0.8977,1044.0,0.8979,908.0,0.898,9.0
1753617172017,11:52:52.017,bybit,AERO/USDT:USDT,0.8978,4509.0,0.8977,1044.0,0.8979,908.0,0.898,9.0
1753617172117,11:52:52.117,bybit,AERO/USDT:USDT,0.8978,4401.0,0.8977,1044.0,0.8979,908.0,0.898,9.0
1753617172318,11:52:52.318,bybit,AERO/USDT:USDT,0.8978,4401.0,0.8977,1044.0,0.8979,908.0,0.898,9.0
1753617172418,11:52:52.418,bybit,AERO/USDT:USDT,0.8978,4401.0,0.8977,1044.0,0.8979,908.0,0.898,9.0
1753617172523,11:52:52.523,bybit,AERO/USDT:USDT,0.8978,4401.0,0.8977,1044.0,0.8979,908.0,0.898,9.0
1753617173517,11:52:53.517,bybit,AERO/USDT:USDT,0.8978,4401.0,0.8977,1044.0,0.8979,908.0,0.898,9.0
1753617173617,11:52:53.617,bybit,AERO/USDT:USDT,0.8978,4287.0,0.8977,930.0,0.8979,908.0,0.898,551.0
1753617173717,11:52:53.717,bybit,AERO/USDT:USDT,0.8978,4287.0,0.8977,816.0,0.8979,1022.0,0.898,779.0
1753617173818,11:52:53.818,bybit,AERO/USDT:USDT,0.8978,4287.0,0.8977,816.0,0.8979,908.0,0.898,779.0
1753617174217,11:52:54.217,bybit,AERO/USDT:USDT,0.8978,4401.0,0.8977,1044.0,0.8979,908.0,0.898,551.0
1753617174317,11:52:54.317,bybit,AERO/USDT:USDT,0.8978,4401.0,0.8977,1044.0,0.8979,908.0,0.898,551.0
1753617174619,11:52:54.619,bybit,AERO/USDT:USDT,0.8978,4287.0,0.8977,816.0,0.8979,908.0,0.898,551.0
1753617174718,11:52:54.718,bybit,AERO/USDT:USDT,0.8978,4287.0,0.8977,930.0,0.8979,908.0,0.898,551.0
1753617175218,11:52:55.218,bybit,AERO/USDT:USDT,0.8978,4281.0,0.8977,1044.0,0.8979,908.0,0.898,551.0
1753617175717,11:52:55.717,bybit,AERO/USDT:USDT,0.8978,4281.0,0.8977,816.0,0.8979,908.0,0.898,779.0
1753617176017,11:52:56.017,bybit,AERO/USDT:USDT,0.8978,4281.0,0.8977,816.0,0.8979,908.0,0.898,779.0
1753617176117,11:52:56.117,bybit,AERO/USDT:USDT,0.8978,4281.0,0.8977,816.0,0.8979,908.0,0.898,551.0
1753617176218,11:52:56.218,bybit,AERO/USDT:USDT,0.8978,4281.0,0.8977,816.0,0.8979,908.0,0.898,551.0
1753617176319,11:52:56.319,bybit,AERO/USDT:USDT,0.8978,4281.0,0.8977,930.0,0.8979,908.0,0.898,551.0
1753617176417,11:52:56.417,bybit,AERO/USDT:USDT,0.8978,4281.0,0.8977,930.0,0.8979,908.0,0.898,551.0
1753617176617,11:52:56.617,bybit,AERO/USDT:USDT,0.8978,4281.0,0.8977,816.0,0.8979,908.0,0.898,551.0
1753617177017,11:52:57.017,bybit,AERO/USDT:USDT,0.8978,4281.0,0.8977,816.0,0.8979,908.0,0.898,551.0
1753617177117,11:52:57.117,bybit,AERO/USDT:USDT,0.8978,4281.0,0.8977,930.0,0.8979,908.0,0.898,551.0
1753617177219,11:52:57.219,bybit,AERO/USDT:USDT,0.8978,4281.0,0.8977,930.0,0.8979,908.0,0.898,551.0
1753617177318,11:52:57.318,bybit,AERO/USDT:USDT,0.8978,4281.0,0.8977,930.0,0.8979,908.0,0.898,551.0
1753617177417,11:52:57.417,bybit,AERO/USDT:USDT,0.8978,4281.0,0.8977,816.0,0.8979,908.0,0.898,551.0
1753617178117,11:52:58.117,bybit,AERO/USDT:USDT,0.8978,4281.0,0.8977,816.0,0.8979,908.0,0.898,779.0
1753617178417,11:52:58.417,bybit,AERO/USDT:USDT,0.8978,4281.0,0.8977,816.0,0.8979,908.0,0.898,551.0
1753617178818,11:52:58.818,bybit,AERO/USDT:USDT,0.8978,4281.0,0.8977,816.0,0.8979,908.0,0.898,779.0
1753617178917,11:52:58.917,bybit,AERO/USDT:USDT,0.8978,4281.0,0.8977,816.0,0.8979,908.0,0.898,665.0
1753617179019,11:52:59.019,bybit,AERO/USDT:USDT,0.8978,4281.0,0.8977,816.0,0.8979,908.0,0.898,665.0
1753617179217,11:52:59.217,bybit,AERO/USDT:USDT,0.8978,4281.0,0.8977,816.0,0.8979,908.0,0.898,665.0
1753617179317,11:52:59.317,bybit,AERO/USDT:USDT,0.8978,4109.0,0.8977,816.0,0.8979,1022.0,0.898,779.0
1753617179417,11:52:59.417,bybit,AERO/USDT:USDT,0.8978,4109.0,0.8977,272.0,0.8979,1581.0,0.898,779.0
1753617179518,11:52:59.518,bybit,AERO/USDT:USDT,0.8978,4108.0,0.8977,272.0,0.8979,1695.0,0.898,779.0
1753617179619,11:52:59.619,bybit,AERO/USDT:USDT,0.8978,4108.0,0.8977,272.0,0.8979,1695.0,0.898,779.0
1753617179718,11:52:59.718,bybit,AERO/USDT:USDT,0.8978,4108.0,0.8977,272.0,0.8979,1695.0,0.898,779.0
1753617180017,11:53:00.017,bybit,AERO/USDT:USDT,0.8978,4108.0,0.8977,272.0,0.8979,1695.0,0.898,779.0
1753617180119,11:53:00.119,bybit,AERO/USDT:USDT,0.8978,4108.0,0.8977,272.0,0.8979,1695.0,0.898,779.0
1753617180217,11:53:00.217,bybit,AERO/USDT:USDT,0.8978,4108.0,0.8977,272.0,0.8979,1695.0,0.898,779.0
1753617180417,11:53:00.417,bybit,AERO/USDT:USDT,0.8978,4108.0,0.8977,272.0,0.8979,1695.0,0.898,779.0
1753617180518,11:53:00.518,bybit,AERO/USDT:USDT,0.8978,4108.0,0.8977,272.0,0.8979,1695.0,0.898,779.0
1753617180617,11:53:00.617,bybit,AERO/USDT:USDT,0.8978,4108.0,0.8977,272.0,0.8979,1695.0,0.898,779.0
1753617180919,11:53:00.919,bybit,AERO/USDT:USDT,0.8978,4108.0,0.8977,272.0,0.8979,1695.0,0.898,779.0
1753617181318,11:53:01.318,bybit,AERO/USDT:USDT,0.8978,4108.0,0.8977,272.0,0.8979,1695.0,0.898,779.0
1753617181520,11:53:01.520,bybit,AERO/USDT:USDT,0.8978,4108.0,0.8977,272.0,0.8979,1695.0,0.898,950.0
1753617181918,11:53:01.918,bybit,AERO/USDT:USDT,0.8978,4108.0,0.8977,272.0,0.8979,1581.0,0.898,950.0
1753617182018,11:53:02.018,bybit,AERO/USDT:USDT,0.8978,4108.0,0.8977,272.0,0.8979,1581.0,0.898,950.0
1753617182218,11:53:02.218,bybit,AERO/USDT:USDT,0.8978,4108.0,0.8977,831.0,0.8979,908.0,0.898,722.0
1753617182317,11:53:02.317,bybit,AERO/USDT:USDT,0.8978,4108.0,0.8977,831.0,0.8979,908.0,0.898,950.0
1753617182418,11:53:02.418,bybit,AERO/USDT:USDT,0.8978,4108.0,0.8977,831.0,0.8979,908.0,0.898,950.0
1753617182620,11:53:02.620,bybit,AERO/USDT:USDT,0.8978,4108.0,0.8977,831.0,0.8979,908.0,0.898,551.0
1753617182718,11:53:02.718,bybit,AERO/USDT:USDT,0.8978,4503.0,0.8977,1059.0,0.8979,908.0,0.8981,396.0
1753617182817,11:53:02.817,bybit,AERO/USDT:USDT,0.8978,4389.0,0.8977,1059.0,0.8979,908.0,0.898,9.0
1753617182919,11:53:02.919,bybit,AERO/USDT:USDT,0.8978,4503.0,0.8977,1059.0,0.8979,908.0,0.898,9.0
1753617183119,11:53:03.119,bybit,AERO/USDT:USDT,0.8978,4509.0,0.8977,1059.0,0.8979,908.0,0.898,9.0
1753617183217,11:53:03.217,bybit,AERO/USDT:USDT,0.8978,4395.0,0.8977,1059.0,0.8979,908.0,0.898,9.0
1753617183318,11:53:03.318,bybit,AERO/USDT:USDT,0.8978,4509.0,0.8977,1059.0,0.8979,908.0,0.898,9.0
1753617183519,11:53:03.519,bybit,AERO/USDT:USDT,0.8978,4509.0,0.8977,1059.0,0.8979,909.0,0.898,9.0
1753617183618,11:53:03.618,bybit,AERO/USDT:USDT,0.898,818.0,0.8979,941.0,0.8981,9.0,0.8982,363.0
1753617183718,11:53:03.718,bybit,AERO/USDT:USDT,0.898,5587.0,0.8979,1407.0,0.8981,9.0,0.8982,22.0
1753617183818,11:53:03.818,bybit,AERO/USDT:USDT,0.8982,978.0,0.8981,3472.0,0.8983,9.0,0.8984,366.0
1753617183919,11:53:03.919,bybit,AERO/USDT:USDT,0.8984,1049.0,0.8983,978.0,0.8986,302.0,0.8987,853.0
1753617184018,11:53:04.018,bybit,AERO/USDT:USDT,0.8985,419.0,0.8984,5832.0,0.8986,559.0,0.8987,890.0
1753617184120,11:53:04.120,bybit,AERO/USDT:USDT,0.8985,419.0,0.8984,5832.0,0.8986,6.0,0.8987,776.0
1753617184217,11:53:04.217,bybit,AERO/USDT:USDT,0.8985,419.0,0.8984,6128.0,0.8986,6.0,0.8987,776.0
1753617184317,11:53:04.317,bybit,AERO/USDT:USDT,0.8985,419.0,0.8984,6128.0,0.8986,6.0,0.8987,553.0
1753617184517,11:53:04.517,bybit,AERO/USDT:USDT,0.8984,5402.0,0.8983,1218.0,0.8986,558.0,0.8987,667.0
1753617184617,11:53:04.617,bybit,AERO/USDT:USDT,0.8984,5402.0,0.8983,1218.0,0.8986,558.0,0.8987,553.0
1753617185017,11:53:05.017,bybit,AERO/USDT:USDT,0.8984,5402.0,0.8983,1332.0,0.8986,558.0,0.8987,553.0
1753617185117,11:53:05.117,bybit,AERO/USDT:USDT,0.8984,5516.0,0.8983,1571.0,0.8986,552.0,0.8987,553.0
1753617185219,11:53:05.219,bybit,AERO/USDT:USDT,0.8984,5402.0,0.8983,1571.0,0.8986,552.0,0.8987,553.0
1753617185318,11:53:05.318,bybit,AERO/USDT:USDT,0.8984,5402.0,0.8983,1571.0,0.8986,552.0,0.8987,553.0
1753617185520,11:53:05.520,bybit,AERO/USDT:USDT,0.8985,20.0,0.8984,5411.0,0.8986,552.0,0.8987,553.0
1753617185619,11:53:05.619,bybit,AERO/USDT:USDT,0.8985,20.0,0.8984,5411.0,0.8986,552.0,0.8987,553.0
1753617185718,11:53:05.718,bybit,AERO/USDT:USDT,0.8985,20.0,0.8984,5411.0,0.8986,552.0,0.8987,553.0
1753617185829,11:53:05.829,bybit,AERO/USDT:USDT,0.8985,20.0,0.8984,5106.0,0.8986,552.0,0.8987,553.0
1753617185919,11:53:05.919,bybit,AERO/USDT:USDT,0.8985,20.0,0.8984,5402.0,0.8986,552.0,0.8987,776.0
1753617186017,11:53:06.017,bybit,AERO/USDT:USDT,0.8985,20.0,0.8984,5402.0,0.8986,552.0,0.8987,776.0
1753617186119,11:53:06.119,bybit,AERO/USDT:USDT,0.8985,20.0,0.8984,5402.0,0.8986,552.0,0.8987,776.0
1753617186217,11:53:06.217,bybit,AERO/USDT:USDT,0.8985,20.0,0.8984,5402.0,0.8986,552.0,0.8987,776.0
1753617186718,11:53:06.718,bybit,AERO/USDT:USDT,0.8985,20.0,0.8984,5402.0,0.8986,552.0,0.8987,776.0
1753617186817,11:53:06.817,bybit,AERO/USDT:USDT,0.8985,20.0,0.8984,5516.0,0.8986,552.0,0.8987,776.0
1753617186919,11:53:06.919,bybit,AERO/USDT:USDT,0.8985,20.0,0.8984,5402.0,0.8986,552.0,0.8987,776.0
1753617187019,11:53:07.019,bybit,AERO/USDT:USDT,0.8985,20.0,0.8984,5402.0,0.8986,552.0,0.8987,776.0
1753617187117,11:53:07.117,bybit,AERO/USDT:USDT,0.8985,20.0,0.8984,5402.0,0.8986,552.0,0.8987,776.0
1753617188019,11:53:08.019,bybit,AERO/USDT:USDT,0.8985,20.0,0.8984,5402.0,0.8986,552.0,0.8987,776.0
1753617188317,11:53:08.317,bybit,AERO/USDT:USDT,0.8985,20.0,0.8984,5402.0,0.8986,552.0,0.8987,776.0
1753617188520,11:53:08.520,bybit,AERO/USDT:USDT,0.8985,20.0,0.8984,5402.0,0.8986,1275.0,0.8987,776.0
1753617188617,11:53:08.617,bybit,AERO/USDT:USDT,0.8985,20.0,0.8984,5402.0,0.8986,1275.0,0.8987,776.0
1753617188917,11:53:08.917,bybit,AERO/USDT:USDT,0.8985,20.0,0.8984,5402.0,0.8986,1275.0,0.8987,776.0
1753617189017,11:53:09.017,bybit,AERO/USDT:USDT,0.8985,20.0,0.8984,5402.0,0.8986,1275.0,0.8987,776.0
1753617189117,11:53:09.117,bybit,AERO/USDT:USDT,0.8985,20.0,0.8984,5402.0,0.8986,1275.0,0.8987,776.0
1753617189218,11:53:09.218,bybit,AERO/USDT:USDT,0.8985,20.0,0.8984,5402.0,0.8986,1275.0,0.8987,776.0
1753617189517,11:53:09.517,bybit,AERO/USDT:USDT,0.8985,20.0,0.8984,5402.0,0.8986,1285.0,0.8987,776.0
1753617190317,11:53:10.317,bybit,AERO/USDT:USDT,0.8985,20.0,0.8984,5402.0,0.8986,1285.0,0.8987,776.0
1753617190418,11:53:10.418,bybit,AERO/USDT:USDT,0.8985,20.0,0.8984,5402.0,0.8986,1285.0,0.8987,776.0
1753617190522,11:53:10.522,bybit,AERO/USDT:USDT,0.8985,66.0,0.8984,5402.0,0.8986,1285.0,0.8987,776.0
1753617190619,11:53:10.619,bybit,AERO/USDT:USDT,0.8985,66.0,0.8984,5402.0,0.8986,1285.0,0.8987,776.0
1753617190719,11:53:10.719,bybit,AERO/USDT:USDT,0.8985,66.0,0.8984,5402.0,0.8986,1285.0,0.8987,776.0
1753617191119,11:53:11.119,bybit,AERO/USDT:USDT,0.8985,66.0,0.8984,5402.0,0.8986,1285.0,0.8987,776.0
1753617191517,11:53:11.517,bybit,AERO/USDT:USDT,0.8985,66.0,0.8984,5516.0,0.8986,1285.0,0.8987,776.0
1753617191617,11:53:11.617,bybit,AERO/USDT:USDT,0.8985,66.0,0.8984,5516.0,0.8986,1285.0,0.8987,776.0
1753617191818,11:53:11.818,bybit,AERO/USDT:USDT,0.8985,66.0,0.8984,5516.0,0.8986,1285.0,0.8987,776.0
1753617192219,11:53:12.219,bybit,AERO/USDT:USDT,0.8985,66.0,0.8984,5516.0,0.8986,1285.0,0.8987,776.0
1753617192619,11:53:12.619,bybit,AERO/USDT:USDT,0.8985,66.0,0.8984,5516.0,0.8986,1285.0,0.8987,776.0
1753617192717,11:53:12.717,bybit,AERO/USDT:USDT,0.8985,66.0,0.8984,5402.0,0.8986,1285.0,0.8987,776.0
1753617192919,11:53:12.919,bybit,AERO/USDT:USDT,0.8985,66.0,0.8984,5402.0,0.8986,1285.0,0.8987,776.0
1753617193017,11:53:13.017,bybit,AERO/USDT:USDT,0.8985,66.0,0.8984,5402.0,0.8986,1285.0,0.8987,776.0
1753617193118,11:53:13.118,bybit,AERO/USDT:USDT,0.8985,66.0,0.8984,5516.0,0.8986,1285.0,0.8987,776.0
1753617193419,11:53:13.419,bybit,AERO/USDT:USDT,0.8985,66.0,0.8984,5516.0,0.8986,1285.0,0.8987,776.0
1753617193518,11:53:13.518,bybit,AERO/USDT:USDT,0.8985,66.0,0.8984,5516.0,0.8986,1285.0,0.8987,776.0
1753617193917,11:53:13.917,bybit,AERO/USDT:USDT,0.8985,66.0,0.8984,5402.0,0.8986,1285.0,0.8987,776.0
1753617194020,11:53:14.020,bybit,AERO/USDT:USDT,0.8985,66.0,0.8984,5402.0,0.8986,1285.0,0.8987,776.0
1753617194117,11:53:14.117,bybit,AERO/USDT:USDT,0.8985,66.0,0.8984,5516.0,0.8986,1285.0,0.8987,776.0
1753617194217,11:53:14.217,bybit,AERO/USDT:USDT,0.8985,66.0,0.8984,5516.0,0.8986,1285.0,0.8987,776.0
1753617195219,11:53:15.219,bybit,AERO/USDT:USDT,0.8985,66.0,0.8984,5516.0,0.8986,1285.0,0.8987,776.0
1753617195418,11:53:15.418,bybit,AERO/USDT:USDT,0.8985,66.0,0.8984,5516.0,0.8986,1285.0,0.8987,776.0
1753617195519,11:53:15.519,bybit,AERO/USDT:USDT,0.8985,66.0,0.8984,5516.0,0.8986,1285.0,0.8987,776.0
1753617195917,11:53:15.917,bybit,AERO/USDT:USDT,0.8985,66.0,0.8984,5516.0,0.8986,1285.0,0.8987,776.0
1753617196117,11:53:16.117,bybit,AERO/USDT:USDT,0.8985,66.0,0.8984,5516.0,0.8986,1285.0,0.8987,776.0
1753617196219,11:53:16.219,bybit,AERO/USDT:USDT,0.8985,66.0,0.8984,5516.0,0.8986,1285.0,0.8987,776.0
1753617196317,11:53:16.317,bybit,AERO/USDT:USDT,0.8985,66.0,0.8984,5516.0,0.8986,1285.0,0.8987,776.0
1753617196417,11:53:16.417,bybit,AERO/USDT:USDT,0.8985,66.0,0.8984,5516.0,0.8986,1285.0,0.8987,776.0
1753617196717,11:53:16.717,bybit,AERO/USDT:USDT,0.8985,66.0,0.8984,5516.0,0.8986,1285.0,0.8987,776.0
1753617196819,11:53:16.819,bybit,AERO/USDT:USDT,0.8985,66.0,0.8984,5516.0,0.8986,1285.0,0.8987,776.0
1753617197018,11:53:17.018,bybit,AERO/USDT:USDT,0.8985,603.0,0.8984,5809.0,0.8986,733.0,0.8987,776.0
1753617197219,11:53:17.219,bybit,AERO/USDT:USDT,0.8985,603.0,0.8984,5818.0,0.8986,733.0,0.8987,776.0
1753617198117,11:53:18.117,bybit,AERO/USDT:USDT,0.8985,603.0,0.8984,5818.0,0.8986,733.0,0.8987,776.0
1753617198217,11:53:18.217,bybit,AERO/USDT:USDT,0.8985,603.0,0.8984,5818.0,0.8986,733.0,0.8987,776.0
1753617198526,11:53:18.526,bybit,AERO/USDT:USDT,0.8985,66.0,0.8984,5818.0,0.8986,733.0,0.8987,776.0
1753617199117,11:53:19.117,bybit,AERO/USDT:USDT,0.8985,66.0,0.8984,5818.0,0.8986,733.0,0.8987,776.0
1753617199219,11:53:19.219,bybit,AERO/USDT:USDT,0.8985,1001.0,0.8984,5704.0,0.8986,733.0,0.8987,553.0
1753617199318,11:53:19.318,bybit,AERO/USDT:USDT,0.8985,1115.0,0.8984,6458.0,0.8986,733.0,0.8987,9.0
1753617199417,11:53:19.417,bybit,AERO/USDT:USDT,0.8985,1001.0,0.8984,6344.0,0.8986,733.0,0.8987,546.0
1753617199519,11:53:19.519,bybit,AERO/USDT:USDT,0.8985,464.0,0.8984,6344.0,0.8986,733.0,0.8987,546.0
1753617199718,11:53:19.718,bybit,AERO/USDT:USDT,0.8985,464.0,0.8984,6344.0,0.8986,1270.0,0.8987,660.0
1753617199818,11:53:19.818,bybit,AERO/USDT:USDT,0.8985,464.0,0.8984,6344.0,0.8986,1270.0,0.8987,546.0
1753617199918,11:53:19.918,bybit,AERO/USDT:USDT,0.8985,464.0,0.8984,6344.0,0.8986,1270.0,0.8987,546.0
1753617200120,11:53:20.120,bybit,AERO/USDT:USDT,0.8985,66.0,0.8984,5336.0,0.8986,1407.0,0.8987,1055.0
1753617200217,11:53:20.217,bybit,AERO/USDT:USDT,0.8985,66.0,0.8984,5336.0,0.8986,1407.0,0.8987,1169.0
1753617200418,11:53:20.418,bybit,AERO/USDT:USDT,0.8985,66.0,0.8984,5336.0,0.8986,1270.0,0.8987,1055.0
1753617200517,11:53:20.517,bybit,AERO/USDT:USDT,0.8985,66.0,0.8984,5336.0,0.8986,1384.0,0.8987,1055.0
1753617200618,11:53:20.618,bybit,AERO/USDT:USDT,0.8985,66.0,0.8984,5336.0,0.8986,1384.0,0.8987,1055.0
1753617200717,11:53:20.717,bybit,AERO/USDT:USDT,0.8985,66.0,0.8984,5336.0,0.8986,1384.0,0.8987,1055.0
1753617200819,11:53:20.819,bybit,AERO/USDT:USDT,0.8985,66.0,0.8984,5336.0,0.8986,1384.0,0.8987,1146.0
1753617200917,11:53:20.917,bybit,AERO/USDT:USDT,0.8985,66.0,0.8984,5336.0,0.8986,1384.0,0.8987,1032.0
1753617201118,11:53:21.118,bybit,AERO/USDT:USDT,0.8985,66.0,0.8984,5214.0,0.8986,1270.0,0.8987,835.0
1753617201219,11:53:21.219,bybit,AERO/USDT:USDT,0.8985,717.0,0.8984,5214.0,0.8986,733.0,0.8987,835.0
1753617201320,11:53:21.320,bybit,AERO/USDT:USDT,0.8985,717.0,0.8984,5214.0,0.8986,733.0,0.8987,835.0
1753617201718,11:53:21.718,bybit,AERO/USDT:USDT,0.8985,66.0,0.8984,5214.0,0.8986,733.0,0.8987,835.0
1753617201817,11:53:21.817,bybit,AERO/USDT:USDT,0.8985,66.0,0.8984,5100.0,0.8986,733.0,0.8987,835.0
1753617201917,11:53:21.917,bybit,AERO/USDT:USDT,0.8985,66.0,0.8984,5214.0,0.8986,733.0,0.8987,835.0
1753617202019,11:53:22.019,bybit,AERO/USDT:USDT,0.8985,66.0,0.8984,5214.0,0.8986,733.0,0.8987,835.0
1753617202117,11:53:22.117,bybit,AERO/USDT:USDT,0.8985,66.0,0.8984,5214.0,0.8986,733.0,0.8987,835.0
1753617202319,11:53:22.319,bybit,AERO/USDT:USDT,0.8985,66.0,0.8984,5214.0,0.8986,733.0,0.8987,835.0
1753617202419,11:53:22.419,bybit,AERO/USDT:USDT,0.8985,66.0,0.8984,5214.0,0.8986,733.0,0.8987,835.0
1753617203017,11:53:23.017,bybit,AERO/USDT:USDT,0.8985,66.0,0.8984,5100.0,0.8986,733.0,0.8987,835.0
1753617203320,11:53:23.320,bybit,AERO/USDT:USDT,0.8985,66.0,0.8984,5100.0,0.8986,733.0,0.8987,835.0
1753617203419,11:53:23.419,bybit,AERO/USDT:USDT,0.8985,66.0,0.8984,4986.0,0.8986,733.0,0.8987,835.0
1753617203518,11:53:23.518,bybit,AERO/USDT:USDT,0.8985,66.0,0.8984,4986.0,0.8986,733.0,0.8987,835.0
1753617203617,11:53:23.617,bybit,AERO/USDT:USDT,0.8985,66.0,0.8984,4986.0,0.8986,733.0,0.8987,835.0
1753617204217,11:53:24.217,bybit,AERO/USDT:USDT,0.8985,66.0,0.8984,4986.0,0.8986,733.0,0.8987,972.0
1753617205117,11:53:25.117,bybit,AERO/USDT:USDT,0.8985,66.0,0.8984,4986.0,0.8986,733.0,0.8987,835.0
1753617205219,11:53:25.219,bybit,AERO/USDT:USDT,0.8985,66.0,0.8984,4986.0,0.8986,809.0,0.8987,835.0
1753617205318,11:53:25.318,bybit,AERO/USDT:USDT,0.8985,86.0,0.8984,4986.0,0.8986,809.0,0.8987,835.0
1753617205418,11:53:25.418,bybit,AERO/USDT:USDT,0.8985,86.0,0.8984,4986.0,0.8986,809.0,0.8987,835.0
1753617205619,11:53:25.619,bybit,AERO/USDT:USDT,0.8985,625.0,0.8984,5100.0,0.8986,809.0,0.8987,835.0
1753617205719,11:53:25.719,bybit,AERO/USDT:USDT,0.8985,625.0,0.8984,5100.0,0.8986,809.0,0.8987,835.0
1753617205819,11:53:25.819,bybit,AERO/USDT:USDT,0.8985,625.0,0.8984,5100.0,0.8986,809.0,0.8987,835.0
1753617205917,11:53:25.917,bybit,AERO/USDT:USDT,0.8985,86.0,0.8984,4986.0,0.8986,809.0,0.8987,835.0
1753617206017,11:53:26.017,bybit,AERO/USDT:USDT,0.8985,86.0,0.8984,4986.0,0.8986,809.0,0.8987,835.0
1753617206117,11:53:26.117,bybit,AERO/USDT:USDT,0.8985,86.0,0.8984,5100.0,0.8986,809.0,0.8987,835.0
1753617206232,11:53:26.232,bybit,AERO/USDT:USDT,0.8985,625.0,0.8984,5100.0,0.8986,809.0,0.8987,835.0
1753617206318,11:53:26.318,bybit,AERO/USDT:USDT,0.8985,625.0,0.8984,5100.0,0.8986,809.0,0.8987,835.0
1753617206524,11:53:26.524,bybit,AERO/USDT:USDT,0.8985,625.0,0.8984,5100.0,0.8986,811.0,0.8987,835.0
1753617206618,11:53:26.618,bybit,AERO/USDT:USDT,0.8985,625.0,0.8984,5100.0,0.8986,811.0,0.8987,835.0
1753617206819,11:53:26.819,bybit,AERO/USDT:USDT,0.8985,625.0,0.8984,5100.0,0.8986,811.0,0.8987,835.0
1753617206918,11:53:26.918,bybit,AERO/USDT:USDT,0.8985,625.0,0.8984,5100.0,0.8986,811.0,0.8987,835.0
1753617207021,11:53:27.021,bybit,AERO/USDT:USDT,0.8985,625.0,0.8984,5214.0,0.8986,811.0,0.8987,835.0
1753617207119,11:53:27.119,bybit,AERO/USDT:USDT,0.8985,625.0,0.8984,5214.0,0.8986,811.0,0.8987,546.0
1753617207219,11:53:27.219,bybit,AERO/USDT:USDT,0.8985,625.0,0.8984,5214.0,0.8986,811.0,0.8987,546.0
1753617207317,11:53:27.317,bybit,AERO/USDT:USDT,0.8985,625.0,0.8984,5214.0,0.8986,811.0,0.8987,546.0
1753617207419,11:53:27.419,bybit,AERO/USDT:USDT,0.8985,625.0,0.8984,5214.0,0.8986,811.0,0.8987,546.0
1753617207917,11:53:27.917,bybit,AERO/USDT:USDT,0.8985,1431.0,0.8984,5214.0,0.8986,811.0,0.8987,9.0
1753617208021,11:53:28.021,bybit,AERO/USDT:USDT,0.8986,1079.0,0.8985,1440.0,0.8987,9.0,0.8988,575.0
1753617208117,11:53:28.117,bybit,AERO/USDT:USDT,0.8986,1079.0,0.8985,1747.0,0.8987,9.0,0.8988,575.0
1753617208218,11:53:28.218,bybit,AERO/USDT:USDT,0.8986,5581.0,0.8985,1747.0,0.8987,9.0,0.8988,575.0
1753617208317,11:53:28.317,bybit,AERO/USDT:USDT,0.8986,5695.0,0.8985,1747.0,0.8987,9.0,0.8988,575.0
1753617208419,11:53:28.419,bybit,AERO/USDT:USDT,0.8986,5581.0,0.8985,1747.0,0.8987,9.0,0.8988,575.0
1753617208717,11:53:28.717,bybit,AERO/USDT:USDT,0.8986,5695.0,0.8985,2387.0,0.8987,9.0,0.8988,575.0
1753617208917,11:53:28.917,bybit,AERO/USDT:USDT,0.8986,5695.0,0.8985,2387.0,0.8987,9.0,0.8988,575.0
1753617209017,11:53:29.017,bybit,AERO/USDT:USDT,0.8986,5581.0,0.8985,2387.0,0.8987,9.0,0.8988,575.0
1753617209117,11:53:29.117,bybit,AERO/USDT:USDT,0.8986,5815.0,0.8985,2387.0,0.8987,9.0,0.8988,575.0
1753617209219,11:53:29.219,bybit,AERO/USDT:USDT,0.8986,5701.0,0.8985,2387.0,0.8987,9.0,0.8988,575.0
1753617209517,11:53:29.517,bybit,AERO/USDT:USDT,0.8986,5701.0,0.8985,2387.0,0.8987,9.0,0.8988,575.0
1753617209918,11:53:29.918,bybit,AERO/USDT:USDT,0.8988,937.0,0.8987,2964.0,0.8989,9.0,0.899,569.0
1753617210018,11:53:30.018,bybit,AERO/USDT:USDT,0.8988,996.0,0.8987,1794.0,0.8989,9.0,0.899,569.0
1753617210117,11:53:30.117,bybit,AERO/USDT:USDT,0.8988,5612.0,0.8987,1908.0,0.8989,9.0,0.899,569.0
1753617210218,11:53:30.218,bybit,AERO/USDT:USDT,0.8988,5726.0,0.8987,1794.0,0.899,569.0,0.8991,867.0
1753617210522,11:53:30.522,bybit,AERO/USDT:USDT,0.8988,5988.0,0.8987,1680.0,0.899,569.0,0.8991,790.0
1753617210617,11:53:30.617,bybit,AERO/USDT:USDT,0.8988,5988.0,0.8987,1680.0,0.899,569.0,0.8991,904.0
1753617210718,11:53:30.718,bybit,AERO/USDT:USDT,0.8988,5988.0,0.8987,1794.0,0.899,569.0,0.8991,790.0
1753617210819,11:53:30.819,bybit,AERO/USDT:USDT,0.8988,5988.0,0.8987,1794.0,0.899,569.0,0.8991,790.0
1753617210918,11:53:30.918,bybit,AERO/USDT:USDT,0.8989,21.0,0.8988,6102.0,0.899,25.0,0.8991,790.0
1753617211018,11:53:31.018,bybit,AERO/USDT:USDT,0.8989,21.0,0.8988,6111.0,0.899,25.0,0.8991,790.0
1753617211217,11:53:31.217,bybit,AERO/USDT:USDT,0.8989,21.0,0.8988,6111.0,0.899,25.0,0.8991,790.0
1753617211317,11:53:31.317,bybit,AERO/USDT:USDT,0.8989,21.0,0.8988,6111.0,0.899,25.0,0.8991,790.0
1753617211520,11:53:31.520,bybit,AERO/USDT:USDT,0.8989,21.0,0.8988,5997.0,0.899,25.0,0.8991,790.0
1753617211717,11:53:31.717,bybit,AERO/USDT:USDT,0.8989,419.0,0.8988,5997.0,0.899,25.0,0.8991,790.0
1753617211818,11:53:31.818,bybit,AERO/USDT:USDT,0.899,598.0,0.8989,1748.0,0.8991,11.0,0.8992,581.0
1753617211917,11:53:31.917,bybit,AERO/USDT:USDT,0.899,4675.0,0.8989,1936.0,0.8991,11.0,0.8992,581.0
1753617212018,11:53:32.018,bybit,AERO/USDT:USDT,0.899,4675.0,0.8989,1936.0,0.8991,11.0,0.8992,581.0
1753617212117,11:53:32.117,bybit,AERO/USDT:USDT,0.899,4675.0,0.8989,1936.0,0.8991,11.0,0.8992,581.0
1753617212217,11:53:32.217,bybit,AERO/USDT:USDT,0.899,4903.0,0.8989,1936.0,0.8991,11.0,0.8992,581.0
1753617212319,11:53:32.319,bybit,AERO/USDT:USDT,0.899,4789.0,0.8989,1936.0,0.8991,11.0,0.8992,581.0
1753617212418,11:53:32.418,bybit,AERO/USDT:USDT,0.899,4789.0,0.8989,1936.0,0.8991,11.0,0.8992,581.0
1753617212520,11:53:32.520,bybit,AERO/USDT:USDT,0.899,4675.0,0.8989,1936.0,0.8991,11.0,0.8992,581.0
1753617212719,11:53:32.719,bybit,AERO/USDT:USDT,0.899,4675.0,0.8989,1936.0,0.8991,11.0,0.8992,581.0
1753617212820,11:53:32.820,bybit,AERO/USDT:USDT,0.899,4675.0,0.8989,1936.0,0.8991,11.0,0.8992,581.0
1753617212918,11:53:32.918,bybit,AERO/USDT:USDT,0.899,4675.0,0.8989,1936.0,0.8991,11.0,0.8992,581.0
1753617213018,11:53:33.018,bybit,AERO/USDT:USDT,0.899,4675.0,0.8989,1936.0,0.8991,11.0,0.8992,581.0
1753617213218,11:53:33.218,bybit,AERO/USDT:USDT,0.899,4675.0,0.8989,1936.0,0.8991,11.0,0.8992,581.0
1753617213520,11:53:33.520,bybit,AERO/USDT:USDT,0.899,4675.0,0.8989,1936.0,0.8991,11.0,0.8992,581.0
1753617213617,11:53:33.617,bybit,AERO/USDT:USDT,0.899,4675.0,0.8989,1936.0,0.8991,11.0,0.8992,581.0
1753617213818,11:53:33.818,bybit,AERO/USDT:USDT,0.899,4789.0,0.8989,1936.0,0.8991,11.0,0.8992,581.0
1753617213918,11:53:33.918,bybit,AERO/USDT:USDT,0.899,4903.0,0.8989,1936.0,0.8991,11.0,0.8992,581.0
1753617214018,11:53:34.018,bybit,AERO/USDT:USDT,0.899,4903.0,0.8989,1936.0,0.8991,11.0,0.8992,581.0
1753617214219,11:53:34.219,bybit,AERO/USDT:USDT,0.899,4903.0,0.8989,1936.0,0.8991,11.0,0.8992,581.0
1753617214318,11:53:34.318,bybit,AERO/USDT:USDT,0.899,4789.0,0.8989,1936.0,0.8991,11.0,0.8992,581.0
1753617214417,11:53:34.417,bybit,AERO/USDT:USDT,0.899,4789.0,0.8989,1936.0,0.8991,11.0,0.8992,581.0
1753617214520,11:53:34.520,bybit,AERO/USDT:USDT,0.899,4675.0,0.8989,1936.0,0.8991,11.0,0.8992,581.0
1753617214819,11:53:34.819,bybit,AERO/USDT:USDT,0.899,4675.0,0.8989,1936.0,0.8991,11.0,0.8992,581.0
1753617215219,11:53:35.219,bybit,AERO/USDT:USDT,0.899,4789.0,0.8989,1936.0,0.8991,11.0,0.8992,581.0
1753617215517,11:53:35.517,bybit,AERO/USDT:USDT,0.899,4903.0,0.8989,1936.0,0.8991,11.0,0.8992,25.0
1753617215617,11:53:35.617,bybit,AERO/USDT:USDT,0.899,4675.0,0.8989,1945.0,0.8991,11.0,0.8992,25.0
1753617215717,11:53:35.717,bybit,AERO/USDT:USDT,0.899,4789.0,0.8989,1945.0,0.8991,11.0,0.8992,25.0
1753617215817,11:53:35.817,bybit,AERO/USDT:USDT,0.899,4675.0,0.8989,1945.0,0.8991,11.0,0.8992,25.0
1753617215917,11:53:35.917,bybit,AERO/USDT:USDT,0.899,4675.0,0.8989,1945.0,0.8991,11.0,0.8992,25.0
1753617216117,11:53:36.117,bybit,AERO/USDT:USDT,0.899,4681.0,0.8989,1945.0,0.8991,11.0,0.8992,25.0
1753617216618,11:53:36.618,bybit,AERO/USDT:USDT,0.899,4681.0,0.8989,1945.0,0.8991,11.0,0.8992,25.0
1753617216717,11:53:36.717,bybit,AERO/USDT:USDT,0.899,4795.0,0.8989,1945.0,0.8991,11.0,0.8992,25.0
1753617216819,11:53:36.819,bybit,AERO/USDT:USDT,0.899,4681.0,0.8989,1945.0,0.8991,11.0,0.8992,25.0
1753617217019,11:53:37.019,bybit,AERO/USDT:USDT,0.899,4795.0,0.8989,1945.0,0.8991,11.0,0.8992,25.0
1753617217518,11:53:37.518,bybit,AERO/USDT:USDT,0.899,4681.0,0.8989,1945.0,0.8991,11.0,0.8992,25.0
1753617217719,11:53:37.719,bybit,AERO/USDT:USDT,0.899,4681.0,0.8989,1945.0,0.8991,11.0,0.8992,25.0
1753617217819,11:53:37.819,bybit,AERO/USDT:USDT,0.899,4795.0,0.8989,1945.0,0.8991,11.0,0.8992,25.0
1753617218018,11:53:38.018,bybit,AERO/USDT:USDT,0.899,4681.0,0.8989,1945.0,0.8991,11.0,0.8992,25.0
1753617218119,11:53:38.119,bybit,AERO/USDT:USDT,0.8991,958.0,0.899,5096.0,0.8992,25.0,0.8993,15.0
1753617218217,11:53:38.217,bybit,AERO/USDT:USDT,0.8991,958.0,0.899,5210.0,0.8992,25.0,0.8993,15.0
1753617218318,11:53:38.318,bybit,AERO/USDT:USDT,0.8991,1151.0,0.899,5219.0,0.8992,25.0,0.8993,15.0
1753617218418,11:53:38.418,bybit,AERO/USDT:USDT,0.8991,1151.0,0.899,5219.0,0.8992,25.0,0.8993,15.0
1753617218917,11:53:38.917,bybit,AERO/USDT:USDT,0.8991,1151.0,0.899,5105.0,0.8992,25.0,0.8993,15.0
1753617219117,11:53:39.117,bybit,AERO/USDT:USDT,0.8991,1151.0,0.899,5099.0,0.8992,25.0,0.8993,15.0
1753617219218,11:53:39.218,bybit,AERO/USDT:USDT,0.8991,1151.0,0.899,5099.0,0.8992,25.0,0.8993,15.0
1753617219317,11:53:39.317,bybit,AERO/USDT:USDT,0.8991,1151.0,0.899,5099.0,0.8992,25.0,0.8993,15.0
1753617219419,11:53:39.419,bybit,AERO/USDT:USDT,0.8991,1151.0,0.899,5099.0,0.8992,25.0,0.8993,15.0
1753617219517,11:53:39.517,bybit,AERO/USDT:USDT,0.8991,1151.0,0.899,5099.0,0.8992,25.0,0.8993,15.0
1753617219620,11:53:39.620,bybit,AERO/USDT:USDT,0.8991,1151.0,0.899,5099.0,0.8992,25.0,0.8993,15.0
1753617219719,11:53:39.719,bybit,AERO/USDT:USDT,0.8991,1151.0,0.899,5099.0,0.8992,25.0,0.8993,15.0
1753617219817,11:53:39.817,bybit,AERO/USDT:USDT,0.8991,1151.0,0.899,5099.0,0.8992,25.0,0.8993,15.0
1753617219919,11:53:39.919,bybit,AERO/USDT:USDT,0.8991,1151.0,0.899,5099.0,0.8992,25.0,0.8993,15.0
1753617220219,11:53:40.219,bybit,AERO/USDT:USDT,0.8991,1151.0,0.899,5099.0,0.8992,25.0,0.8993,15.0
1753617220418,11:53:40.418,bybit,AERO/USDT:USDT,0.8991,1601.0,0.899,5099.0,0.8992,25.0,0.8993,15.0
1753617220517,11:53:40.517,bybit,AERO/USDT:USDT,0.8991,1601.0,0.899,5099.0,0.8992,25.0,0.8993,15.0
1753617220717,11:53:40.717,bybit,AERO/USDT:USDT,0.8991,1601.0,0.899,5099.0,0.8992,25.0,0.8993,15.0
1753617220818,11:53:40.818,bybit,AERO/USDT:USDT,0.8991,1601.0,0.899,5099.0,0.8992,25.0,0.8993,15.0
1753617221020,11:53:41.020,bybit,AERO/USDT:USDT,0.8991,1601.0,0.899,5099.0,0.8992,25.0,0.8993,15.0
1753617221319,11:53:41.319,bybit,AERO/USDT:USDT,0.8991,1960.0,0.899,5099.0,0.8992,25.0,0.8993,15.0
1753617221419,11:53:41.419,bybit,AERO/USDT:USDT,0.8991,1960.0,0.899,5099.0,0.8992,25.0,0.8993,15.0
1753617221519,11:53:41.519,bybit,AERO/USDT:USDT,0.8991,1960.0,0.899,5099.0,0.8992,25.0,0.8993,15.0
1753617221919,11:53:41.919,bybit,AERO/USDT:USDT,0.8991,1960.0,0.899,5099.0,0.8992,25.0,0.8993,15.0
1753617222017,11:53:42.017,bybit,AERO/USDT:USDT,0.8991,1960.0,0.899,5099.0,0.8992,25.0,0.8993,15.0
1753617222919,11:53:42.919,bybit,AERO/USDT:USDT,0.8991,1876.0,0.899,5099.0,0.8992,25.0,0.8993,15.0
1753617223719,11:53:43.719,bybit,AERO/USDT:USDT,0.8991,1876.0,0.899,5099.0,0.8992,25.0,0.8993,15.0
1753617223818,11:53:43.818,bybit,AERO/USDT:USDT,0.8991,1876.0,0.899,5099.0,0.8992,25.0,0.8993,15.0
1753617224418,11:53:44.418,bybit,AERO/USDT:USDT,0.8992,1210.0,0.8991,1271.0,0.8993,15.0,0.8994,16.0
1753617224517,11:53:44.517,bybit,AERO/USDT:USDT,0.8992,5857.0,0.8991,1166.0,0.8993,247.0,0.8994,552.0
1753617224717,11:53:44.717,bybit,AERO/USDT:USDT,0.8992,5290.0,0.8991,1431.0,0.8993,247.0,0.8994,552.0
1753617224818,11:53:44.818,bybit,AERO/USDT:USDT,0.8992,5290.0,0.8991,1431.0,0.8993,247.0,0.8994,552.0
1753617224917,11:53:44.917,bybit,AERO/USDT:USDT,0.8992,5290.0,0.8991,1431.0,0.8993,247.0,0.8994,552.0
1753617225017,11:53:45.017,bybit,AERO/USDT:USDT,0.8992,5290.0,0.8991,1431.0,0.8993,247.0,0.8994,552.0
1753617225117,11:53:45.117,bybit,AERO/USDT:USDT,0.8992,5290.0,0.8991,1425.0,0.8993,247.0,0.8994,552.0
1753617225217,11:53:45.217,bybit,AERO/USDT:USDT,0.8992,5290.0,0.8991,1425.0,0.8993,247.0,0.8994,552.0
1753617225517,11:53:45.517,bybit,AERO/USDT:USDT,0.8992,5290.0,0.8991,1425.0,0.8993,247.0,0.8994,552.0
1753617225619,11:53:45.619,bybit,AERO/USDT:USDT,0.8992,5290.0,0.8991,1425.0,0.8993,247.0,0.8994,552.0
1753617225817,11:53:45.817,bybit,AERO/USDT:USDT,0.8992,5197.0,0.8991,1425.0,0.8993,783.0,0.8994,893.0
1753617225917,11:53:45.917,bybit,AERO/USDT:USDT,0.8992,5197.0,0.8991,1425.0,0.8993,783.0,0.8994,779.0
1753617226017,11:53:46.017,bybit,AERO/USDT:USDT,0.8992,5197.0,0.8991,1425.0,0.8993,783.0,0.8994,552.0
1753617226119,11:53:46.119,bybit,AERO/USDT:USDT,0.8992,5197.0,0.8991,1425.0,0.8993,783.0,0.8994,552.0
1753617226217,11:53:46.217,bybit,AERO/USDT:USDT,0.8992,5197.0,0.8991,1539.0,0.8993,783.0,0.8994,552.0
1753617226317,11:53:46.317,bybit,AERO/USDT:USDT,0.8992,5197.0,0.8991,1539.0,0.8993,783.0,0.8994,552.0
1753617226419,11:53:46.419,bybit,AERO/USDT:USDT,0.8992,5104.0,0.8991,1539.0,0.8993,783.0,0.8994,552.0
1753617226517,11:53:46.517,bybit,AERO/USDT:USDT,0.8992,5042.0,0.8991,1425.0,0.8993,783.0,0.8994,552.0
1753617226717,11:53:46.717,bybit,AERO/USDT:USDT,0.8992,5042.0,0.8991,2064.0,0.8993,783.0,0.8994,552.0
1753617227117,11:53:47.117,bybit,AERO/USDT:USDT,0.8992,5042.0,0.8991,2064.0,0.8993,783.0,0.8994,552.0
1753617227318,11:53:47.318,bybit,AERO/USDT:USDT,0.8993,1248.0,0.8992,5853.0,0.8994,16.0,0.8995,9.0
1753617227418,11:53:47.418,bybit,AERO/USDT:USDT,0.8993,1134.0,0.8992,5853.0,0.8994,16.0,0.8995,9.0
1753617227517,11:53:47.517,bybit,AERO/USDT:USDT,0.8993,1336.0,0.8992,5853.0,0.8994,16.0,0.8995,9.0
1753617227618,11:53:47.618,bybit,AERO/USDT:USDT,0.8993,1336.0,0.8992,5853.0,0.8994,16.0,0.8995,9.0
1753617227719,11:53:47.719,bybit,AERO/USDT:USDT,0.8993,1336.0,0.8992,5853.0,0.8994,16.0,0.8995,9.0
1753617227818,11:53:47.818,bybit,AERO/USDT:USDT,0.8993,1336.0,0.8992,5853.0,0.8994,16.0,0.8995,9.0
1753617227918,11:53:47.918,bybit,AERO/USDT:USDT,0.8993,1336.0,0.8992,5853.0,0.8994,16.0,0.8995,9.0
1753617228117,11:53:48.117,bybit,AERO/USDT:USDT,0.8993,968.0,0.8992,5853.0,0.8994,16.0,0.8995,9.0
1753617228217,11:53:48.217,bybit,AERO/USDT:USDT,0.8993,768.0,0.8992,5739.0,0.8994,552.0,0.8995,123.0
1753617228317,11:53:48.317,bybit,AERO/USDT:USDT,0.8993,849.0,0.8992,5739.0,0.8994,552.0,0.8995,9.0
1753617228417,11:53:48.417,bybit,AERO/USDT:USDT,0.8993,849.0,0.8992,5853.0,0.8994,552.0,0.8995,9.0
1753617228617,11:53:48.617,bybit,AERO/USDT:USDT,0.8993,776.0,0.8992,5853.0,0.8994,552.0,0.8995,9.0
1753617228717,11:53:48.717,bybit,AERO/USDT:USDT,0.8993,776.0,0.8992,5853.0,0.8994,552.0,0.8995,9.0
1753617228817,11:53:48.817,bybit,AERO/USDT:USDT,0.8993,776.0,0.8992,5853.0,0.8994,552.0,0.8995,9.0
1753617228919,11:53:48.919,bybit,AERO/USDT:USDT,0.8993,776.0,0.8992,5853.0,0.8994,552.0,0.8995,9.0
1753617229020,11:53:49.020,bybit,AERO/USDT:USDT,0.8993,600.0,0.8992,5853.0,0.8994,16.0,0.8995,545.0
1753617229419,11:53:49.419,bybit,AERO/USDT:USDT,0.8993,1136.0,0.8992,5853.0,0.8994,16.0,0.8995,545.0
1753617229819,11:53:49.819,bybit,AERO/USDT:USDT,0.8993,1136.0,0.8992,5853.0,0.8994,16.0,0.8995,545.0
1753617229918,11:53:49.918,bybit,AERO/USDT:USDT,0.8993,1136.0,0.8992,5853.0,0.8994,16.0,0.8995,545.0
1753617230018,11:53:50.018,bybit,AERO/USDT:USDT,0.8993,1136.0,0.8992,5853.0,0.8994,16.0,0.8995,545.0
1753617230217,11:53:50.217,bybit,AERO/USDT:USDT,0.8993,1136.0,0.8992,5853.0,0.8994,16.0,0.8995,545.0
1753617230318,11:53:50.318,bybit,AERO/USDT:USDT,0.8993,1569.0,0.8992,6301.0,0.8994,16.0,0.8995,545.0
1753617230517,11:53:50.517,bybit,AERO/USDT:USDT,0.8993,861.0,0.8992,6187.0,0.8994,552.0,0.8995,545.0
1753617230618,11:53:50.618,bybit,AERO/USDT:USDT,0.8993,861.0,0.8992,6187.0,0.8994,552.0,0.8995,545.0
1753617230719,11:53:50.719,bybit,AERO/USDT:USDT,0.8993,746.0,0.8992,6301.0,0.8994,552.0,0.8995,545.0
1753617230819,11:53:50.819,bybit,AERO/USDT:USDT,0.8993,746.0,0.8992,6301.0,0.8994,552.0,0.8995,545.0
1753617231117,11:53:51.117,bybit,AERO/USDT:USDT,0.8993,746.0,0.8992,6301.0,0.8994,552.0,0.8995,545.0
1753617231218,11:53:51.218,bybit,AERO/USDT:USDT,0.8993,551.0,0.8992,6073.0,0.8994,1039.0,0.8995,659.0
1753617231517,11:53:51.517,bybit,AERO/USDT:USDT,0.8992,3844.0,0.8991,1311.0,0.8993,1160.0,0.8994,1141.0
1753617231617,11:53:51.617,bybit,AERO/USDT:USDT,0.8992,3444.0,0.8991,1311.0,0.8993,1023.0,0.8994,1141.0
1753617231718,11:53:51.718,bybit,AERO/USDT:USDT,0.8992,3531.0,0.8991,1311.0,0.8993,909.0,0.8994,1027.0
1753617231917,11:53:51.917,bybit,AERO/USDT:USDT,0.8992,3686.0,0.8991,1311.0,0.8993,1396.0,0.8994,1027.0
1753617232218,11:53:52.218,bybit,AERO/USDT:USDT,0.8992,3686.0,0.8991,1311.0,0.8993,1396.0,0.8994,1027.0
1753617232318,11:53:52.318,bybit,AERO/USDT:USDT,0.8992,3680.0,0.8991,1311.0,0.8993,1510.0,0.8994,1141.0
1753617232417,11:53:52.417,bybit,AERO/USDT:USDT,0.8992,3680.0,0.8991,1311.0,0.8993,1510.0,0.8994,1141.0
1753617232520,11:53:52.520,bybit,AERO/USDT:USDT,0.8992,4101.0,0.8991,1311.0,0.8993,1510.0,0.8994,1141.0
1753617232619,11:53:52.619,bybit,AERO/USDT:USDT,0.8992,3861.0,0.8991,1311.0,0.8993,1510.0,0.8994,1118.0
1753617232717,11:53:52.717,bybit,AERO/USDT:USDT,0.8992,3861.0,0.8991,1311.0,0.8993,1510.0,0.8994,1141.0
1753617233217,11:53:53.217,bybit,AERO/USDT:USDT,0.8992,4213.0,0.8991,1311.0,0.8993,1396.0,0.8994,1118.0
1753617233318,11:53:53.318,bybit,AERO/USDT:USDT,0.8992,4213.0,0.8991,1311.0,0.8993,1396.0,0.8994,1118.0
1753617233817,11:53:53.817,bybit,AERO/USDT:USDT,0.8992,4213.0,0.8991,1311.0,0.8993,1396.0,0.8994,1118.0
1753617233918,11:53:53.918,bybit,AERO/USDT:USDT,0.8992,4213.0,0.8991,932.0,0.8993,1396.0,0.8994,1118.0
1753617234217,11:53:54.217,bybit,AERO/USDT:USDT,0.8992,4213.0,0.8991,932.0,0.8993,1396.0,0.8994,890.0
1753617234319,11:53:54.319,bybit,AERO/USDT:USDT,0.8992,4213.0,0.8991,1046.0,0.8993,1396.0,0.8994,890.0
1753617234818,11:53:54.818,bybit,AERO/USDT:USDT,0.8992,4213.0,0.8991,932.0,0.8993,1396.0,0.8994,1004.0
1753617235317,11:53:55.317,bybit,AERO/USDT:USDT,0.8992,4213.0,0.8991,932.0,0.8993,1396.0,0.8994,1004.0
1753617235419,11:53:55.419,bybit,AERO/USDT:USDT,0.8992,4213.0,0.8991,932.0,0.8993,1396.0,0.8994,1004.0
1753617235520,11:53:55.520,bybit,AERO/USDT:USDT,0.8992,4213.0,0.8991,932.0,0.8993,1510.0,0.8994,1141.0
1753617235617,11:53:55.617,bybit,AERO/USDT:USDT,0.8992,4213.0,0.8991,932.0,0.8993,1510.0,0.8994,1141.0
1753617235717,11:53:55.717,bybit,AERO/USDT:USDT,0.8992,4301.0,0.8991,932.0,0.8993,1510.0,0.8994,1141.0
1753617235817,11:53:55.817,bybit,AERO/USDT:USDT,0.8992,3172.0,0.8991,932.0,0.8993,1510.0,0.8994,1141.0
1753617235919,11:53:55.919,bybit,AERO/USDT:USDT,0.8992,3044.0,0.8991,932.0,0.8993,909.0,0.8994,1141.0
1753617236017,11:53:56.017,bybit,AERO/USDT:USDT,0.8992,3044.0,0.8991,932.0,0.8993,1023.0,0.8994,1141.0
1753617236117,11:53:56.117,bybit,AERO/USDT:USDT,0.8992,3044.0,0.8991,932.0,0.8993,1531.0,0.8994,1141.0
1753617236217,11:53:56.217,bybit,AERO/USDT:USDT,0.8992,3044.0,0.8991,932.0,0.8993,1531.0,0.8994,1141.0
1753617236524,11:53:56.524,bybit,AERO/USDT:USDT,0.8992,3072.0,0.8991,932.0,0.8993,1531.0,0.8994,1141.0
1753617236617,11:53:56.617,bybit,AERO/USDT:USDT,0.8992,3072.0,0.8991,932.0,0.8993,1417.0,0.8994,1141.0
1753617236717,11:53:56.717,bybit,AERO/USDT:USDT,0.8992,3072.0,0.8991,932.0,0.8993,1417.0,0.8994,1141.0
1753617237017,11:53:57.017,bybit,AERO/USDT:USDT,0.8992,3072.0,0.8991,932.0,0.8993,1531.0,0.8994,1141.0
1753617237117,11:53:57.117,bybit,AERO/USDT:USDT,0.8992,3072.0,0.8991,932.0,0.8993,1537.0,0.8994,1141.0
1753617237417,11:53:57.417,bybit,AERO/USDT:USDT,0.8992,3072.0,0.8991,672.0,0.8993,1537.0,0.8994,1141.0
1753617237519,11:53:57.519,bybit,AERO/USDT:USDT,0.8992,3186.0,0.8991,1441.0,0.8993,346.0,0.8994,552.0
1753617237619,11:53:57.619,bybit,AERO/USDT:USDT,0.8992,3186.0,0.8991,1441.0,0.8993,346.0,0.8994,552.0
1753617237717,11:53:57.717,bybit,AERO/USDT:USDT,0.8992,3072.0,0.8991,672.0,0.8993,1395.0,0.8994,552.0
1753617238118,11:53:58.118,bybit,AERO/USDT:USDT,0.8992,3186.0,0.8991,1162.0,0.8993,1389.0,0.8994,880.0
1753617238319,11:53:58.319,bybit,AERO/USDT:USDT,0.8992,3072.0,0.8991,1162.0,0.8993,1389.0,0.8994,880.0
1753617238419,11:53:58.419,bybit,AERO/USDT:USDT,0.8992,3072.0,0.8991,1048.0,0.8993,1389.0,0.8994,880.0
1753617238518,11:53:58.518,bybit,AERO/USDT:USDT,0.8992,3072.0,0.8991,1589.0,0.8993,881.0,0.8994,1980.0
1753617238618,11:53:58.618,bybit,AERO/USDT:USDT,0.8992,3072.0,0.8991,1475.0,0.8993,1389.0,0.8994,994.0
1753617238717,11:53:58.717,bybit,AERO/USDT:USDT,0.8992,3072.0,0.8991,1475.0,0.8993,1389.0,0.8994,994.0
1753617238819,11:53:58.819,bybit,AERO/USDT:USDT,0.8992,3072.0,0.8991,1475.0,0.8993,1389.0,0.8994,994.0
1753617239018,11:53:59.018,bybit,AERO/USDT:USDT,0.8992,3072.0,0.8991,1475.0,0.8993,995.0,0.8994,1131.0
1753617239119,11:53:59.119,bybit,AERO/USDT:USDT,0.8992,3072.0,0.8991,1475.0,0.8993,995.0,0.8994,1131.0
1753617239218,11:53:59.218,bybit,AERO/USDT:USDT,0.8992,3072.0,0.8991,1589.0,0.8993,1389.0,0.8994,880.0
1753617239317,11:53:59.317,bybit,AERO/USDT:USDT,0.8992,3072.0,0.8991,1589.0,0.8993,1389.0,0.8994,880.0
1753617239617,11:53:59.617,bybit,AERO/USDT:USDT,0.8992,3072.0,0.8991,1589.0,0.8993,1389.0,0.8994,880.0
1753617239719,11:53:59.719,bybit,AERO/USDT:USDT,0.8992,3072.0,0.8991,934.0,0.8993,995.0,0.8994,1131.0
1753617239817,11:53:59.817,bybit,AERO/USDT:USDT,0.8992,3072.0,0.8991,934.0,0.8993,995.0,0.8994,1131.0
1753617239919,11:53:59.919,bybit,AERO/USDT:USDT,0.8992,3072.0,0.8991,398.0,0.8993,1109.0,0.8994,1131.0
1753617240018,11:54:00.018,bybit,AERO/USDT:USDT,0.8992,3072.0,0.8991,398.0,0.8993,1109.0,0.8994,1131.0
1753617240117,11:54:00.117,bybit,AERO/USDT:USDT,0.8992,3072.0,0.8991,958.0,0.8993,1115.0,0.8994,1131.0
1753617240217,11:54:00.217,bybit,AERO/USDT:USDT,0.8992,3072.0,0.8991,958.0,0.8993,1623.0,0.8994,1131.0
1753617240319,11:54:00.319,bybit,AERO/USDT:USDT,0.8992,3072.0,0.8991,958.0,0.8993,1623.0,0.8994,1131.0
1753617240418,11:54:00.418,bybit,AERO/USDT:USDT,0.8992,3072.0,0.8991,958.0,0.8993,1115.0,0.8994,1131.0
1753617240520,11:54:00.520,bybit,AERO/USDT:USDT,0.8992,3072.0,0.8991,958.0,0.8993,1115.0,0.8994,1131.0
1753617240618,11:54:00.618,bybit,AERO/USDT:USDT,0.8992,3072.0,0.8991,958.0,0.8993,1623.0,0.8994,1131.0
1753617240718,11:54:00.718,bybit,AERO/USDT:USDT,0.8992,3072.0,0.8991,958.0,0.8993,1623.0,0.8994,1442.0
1753617240818,11:54:00.818,bybit,AERO/USDT:USDT,0.8992,3072.0,0.8991,958.0,0.8993,1623.0,0.8994,1442.0
1753617240917,11:54:00.917,bybit,AERO/USDT:USDT,0.8992,3072.0,0.8991,958.0,0.8993,887.0,0.8994,1649.0
1753617241017,11:54:01.017,bybit,AERO/USDT:USDT,0.8992,3072.0,0.8991,958.0,0.8993,887.0,0.8994,1649.0
1753617241317,11:54:01.317,bybit,AERO/USDT:USDT,0.8992,3072.0,0.8991,958.0,0.8993,887.0,0.8994,1763.0
1753617241417,11:54:01.417,bybit,AERO/USDT:USDT,0.8992,3072.0,0.8991,958.0,0.8993,1001.0,0.8994,1763.0
1753617241518,11:54:01.518,bybit,AERO/USDT:USDT,0.8992,3072.0,0.8991,958.0,0.8993,1115.0,0.8994,1763.0
1753617241618,11:54:01.618,bybit,AERO/USDT:USDT,0.8992,3072.0,0.8991,958.0,0.8993,1115.0,0.8994,1763.0
1753617241817,11:54:01.817,bybit,AERO/USDT:USDT,0.8992,3072.0,0.8991,958.0,0.8993,1115.0,0.8994,1763.0
1753617241917,11:54:01.917,bybit,AERO/USDT:USDT,0.8992,3072.0,0.8991,958.0,0.8993,1115.0,0.8994,1763.0
1753617242018,11:54:02.018,bybit,AERO/USDT:USDT,0.8992,3072.0,0.8991,796.0,0.8993,1115.0,0.8994,1763.0
1753617242117,11:54:02.117,bybit,AERO/USDT:USDT,0.8992,3072.0,0.8991,796.0,0.8993,1115.0,0.8994,1763.0
1753617242219,11:54:02.219,bybit,AERO/USDT:USDT,0.8992,3044.0,0.8991,796.0,0.8993,1115.0,0.8994,1763.0
1753617242318,11:54:02.318,bybit,AERO/USDT:USDT,0.8992,3044.0,0.8991,796.0,0.8993,1115.0,0.8994,1763.0
1753617242419,11:54:02.419,bybit,AERO/USDT:USDT,0.8992,3044.0,0.8991,796.0,0.8993,1115.0,0.8994,1763.0
1753617242617,11:54:02.617,bybit,AERO/USDT:USDT,0.8992,3044.0,0.8991,796.0,0.8993,1115.0,0.8994,1740.0
1753617242817,11:54:02.817,bybit,AERO/USDT:USDT,0.8992,3103.0,0.8991,796.0,0.8993,1115.0,0.8994,1740.0
1753617243018,11:54:03.018,bybit,AERO/USDT:USDT,0.8992,3103.0,0.8991,796.0,0.8993,887.0,0.8994,1657.0
1753617243119,11:54:03.119,bybit,AERO/USDT:USDT,0.8992,3103.0,0.8991,796.0,0.8993,887.0,0.8994,1657.0
1753617243219,11:54:03.219,bybit,AERO/USDT:USDT,0.8992,3103.0,0.8991,796.0,0.8993,887.0,0.8994,1657.0
1753617243417,11:54:03.417,bybit,AERO/USDT:USDT,0.8992,3103.0,0.8991,796.0,0.8993,1115.0,0.8994,1680.0
1753617243517,11:54:03.517,bybit,AERO/USDT:USDT,0.8992,3103.0,0.8991,796.0,0.8993,1001.0,0.8994,1657.0
1753617243619,11:54:03.619,bybit,AERO/USDT:USDT,0.8992,3103.0,0.8991,796.0,0.8993,1115.0,0.8994,1763.0
1753617243719,11:54:03.719,bybit,AERO/USDT:USDT,0.8992,3103.0,0.8991,796.0,0.8993,1115.0,0.8994,1763.0
1753617243918,11:54:03.918,bybit,AERO/USDT:USDT,0.8992,3103.0,0.8991,796.0,0.8993,887.0,0.8994,1740.0
1753617244019,11:54:04.019,bybit,AERO/USDT:USDT,0.8992,3103.0,0.8991,796.0,0.8993,1001.0,0.8994,1740.0
1753617244219,11:54:04.219,bybit,AERO/USDT:USDT,0.8992,3044.0,0.8991,796.0,0.8993,887.0,0.8994,1626.0
1753617244318,11:54:04.318,bybit,AERO/USDT:USDT,0.8992,3044.0,0.8991,796.0,0.8993,1024.0,0.8994,1763.0
1753617244417,11:54:04.417,bybit,AERO/USDT:USDT,0.8992,3044.0,0.8991,398.0,0.8993,1198.0,0.8994,1763.0
1753617244517,11:54:04.517,bybit,AERO/USDT:USDT,0.8992,3044.0,0.8991,398.0,0.8993,1198.0,0.8994,1763.0
1753617244819,11:54:04.819,bybit,AERO/USDT:USDT,0.8992,3094.0,0.8991,398.0,0.8993,1289.0,0.8994,1873.0
1753617244919,11:54:04.919,bybit,AERO/USDT:USDT,0.8992,3094.0,0.8991,398.0,0.8993,1421.0,0.8994,1873.0
1753617245020,11:54:05.020,bybit,AERO/USDT:USDT,0.8992,3094.0,0.8991,398.0,0.8993,1531.0,0.8994,1873.0
1753617245317,11:54:05.317,bybit,AERO/USDT:USDT,0.8992,3094.0,0.899,927.0,0.8993,1531.0,0.8994,2170.0
1753617245417,11:54:05.417,bybit,AERO/USDT:USDT,0.8992,3094.0,0.8991,278.0,0.8993,1751.0,0.8994,2170.0
1753617245518,11:54:05.518,bybit,AERO/USDT:USDT,0.8992,3094.0,0.8991,278.0,0.8993,1861.0,0.8994,2170.0
1753617245617,11:54:05.617,bybit,AERO/USDT:USDT,0.8992,3094.0,0.899,288.0,0.8993,1861.0,0.8994,2170.0
1753617245920,11:54:05.920,bybit,AERO/USDT:USDT,0.8992,3094.0,0.899,288.0,0.8993,1861.0,0.8994,2170.0
1753617246019,11:54:06.019,bybit,AERO/USDT:USDT,0.8992,3094.0,0.899,288.0,0.8993,1861.0,0.8994,2170.0
1753617246120,11:54:06.120,bybit,AERO/USDT:USDT,0.8989,414.0,0.8988,1650.0,0.899,536.0,0.8991,2681.0
1753617246218,11:54:06.218,bybit,AERO/USDT:USDT,0.8988,774.0,0.8987,1350.0,0.899,2229.0,0.8991,2018.0
1753617246319,11:54:06.319,bybit,AERO/USDT:USDT,0.8988,376.0,0.8987,1626.0,0.899,2229.0,0.8991,2018.0
1753617246418,11:54:06.418,bybit,AERO/USDT:USDT,0.8987,1175.0,0.8986,1284.0,0.8989,1738.0,0.899,2010.0
1753617246618,11:54:06.618,bybit,AERO/USDT:USDT,0.8987,1175.0,0.8986,1284.0,0.8989,2160.0,0.899,2010.0
1753617246817,11:54:06.817,bybit,AERO/USDT:USDT,0.8987,1175.0,0.8986,1284.0,0.8989,2160.0,0.899,2010.0
1753617246918,11:54:06.918,bybit,AERO/USDT:USDT,0.8987,1175.0,0.8986,1284.0,0.8989,2160.0,0.899,2010.0
1753617247021,11:54:07.021,bybit,AERO/USDT:USDT,0.8987,1224.0,0.8986,1284.0,0.8989,2160.0,0.899,2010.0
1753617247126,11:54:07.126,bybit,AERO/USDT:USDT,0.8987,1224.0,0.8986,1284.0,0.8989,2160.0,0.899,2010.0
1753617247218,11:54:07.218,bybit,AERO/USDT:USDT,0.8986,1275.0,0.8985,2182.0,0.8988,1624.0,0.8989,2038.0
1753617247317,11:54:07.317,bybit,AERO/USDT:USDT,0.8986,1275.0,0.8985,2182.0,0.8988,1624.0,0.8989,2038.0
1753617247417,11:54:07.417,bybit,AERO/USDT:USDT,0.8986,877.0,0.8985,1544.0,0.8988,2109.0,0.8989,2038.0
1753617247518,11:54:07.518,bybit,AERO/USDT:USDT,0.8986,877.0,0.8985,1544.0,0.8988,2109.0,0.8989,2038.0
1753617247619,11:54:07.619,bybit,AERO/USDT:USDT,0.8986,877.0,0.8985,1544.0,0.8988,2109.0,0.8989,2038.0
1753617247717,11:54:07.717,bybit,AERO/USDT:USDT,0.8986,877.0,0.8985,1544.0,0.8988,2109.0,0.8989,2038.0
1753617247917,11:54:07.917,bybit,AERO/USDT:USDT,0.8986,877.0,0.8985,1544.0,0.8988,2109.0,0.8989,2038.0
1753617248020,11:54:08.020,bybit,AERO/USDT:USDT,0.8986,9.0,0.8985,1146.0,0.8987,1101.0,0.8988,1799.0
1753617248118,11:54:08.118,bybit,AERO/USDT:USDT,0.8986,9.0,0.8985,1146.0,0.8987,565.0,0.8988,1799.0
1753617248218,11:54:08.218,bybit,AERO/USDT:USDT,0.8986,9.0,0.8985,1146.0,0.8987,565.0,0.8988,1799.0
1753617248320,11:54:08.320,bybit,AERO/USDT:USDT,0.8986,9.0,0.8985,1146.0,0.8987,565.0,0.8988,1799.0
1753617248417,11:54:08.417,bybit,AERO/USDT:USDT,0.8986,9.0,0.8985,1146.0,0.8987,565.0,0.8988,1799.0
1753617248518,11:54:08.518,bybit,AERO/USDT:USDT,0.8986,9.0,0.8985,1146.0,0.8987,565.0,0.8988,1799.0
1753617248620,11:54:08.620,bybit,AERO/USDT:USDT,0.8986,9.0,0.8985,1146.0,0.8987,565.0,0.8988,1799.0
1753617248819,11:54:08.819,bybit,AERO/USDT:USDT,0.8986,9.0,0.8985,1146.0,0.8987,565.0,0.8988,1799.0
1753617248918,11:54:08.918,bybit,AERO/USDT:USDT,0.8986,9.0,0.8985,1146.0,0.8987,542.0,0.8988,1662.0
1753617249018,11:54:09.018,bybit,AERO/USDT:USDT,0.8986,9.0,0.8985,1146.0,0.8987,542.0,0.8988,1776.0
1753617249117,11:54:09.117,bybit,AERO/USDT:USDT,0.8986,545.0,0.8985,1146.0,0.8987,542.0,0.8988,1776.0
1753617249219,11:54:09.219,bybit,AERO/USDT:USDT,0.8986,545.0,0.8985,1146.0,0.8987,542.0,0.8988,1662.0
1753617249319,11:54:09.319,bybit,AERO/USDT:USDT,0.8986,545.0,0.8985,1146.0,0.8987,542.0,0.8988,1776.0
1753617249419,11:54:09.419,bybit,AERO/USDT:USDT,0.8986,545.0,0.8985,1146.0,0.8987,1162.0,0.8988,1776.0
1753617249618,11:54:09.618,bybit,AERO/USDT:USDT,0.8986,545.0,0.8985,1146.0,0.8987,682.0,0.8988,1776.0
1753617249718,11:54:09.718,bybit,AERO/USDT:USDT,0.8986,545.0,0.8985,1146.0,0.8987,342.0,0.8988,1776.0
1753617249819,11:54:09.819,bybit,AERO/USDT:USDT,0.8986,545.0,0.8985,1146.0,0.8987,342.0,0.8988,1776.0
1753617250320,11:54:10.320,bybit,AERO/USDT:USDT,0.8986,545.0,0.8985,1146.0,0.8987,342.0,0.8988,1662.0
1753617250520,11:54:10.520,bybit,AERO/USDT:USDT,0.8986,545.0,0.8985,1146.0,0.8987,342.0,0.8988,1662.0
1753617250617,11:54:10.617,bybit,AERO/USDT:USDT,0.8986,545.0,0.8985,1146.0,0.8987,342.0,0.8988,1776.0
1753617250817,11:54:10.817,bybit,AERO/USDT:USDT,0.8986,545.0,0.8985,1146.0,0.8987,342.0,0.8988,1776.0
1753617250920,11:54:10.920,bybit,AERO/USDT:USDT,0.8986,545.0,0.8985,1146.0,0.8987,342.0,0.8988,1776.0
1753617251218,11:54:11.218,bybit,AERO/USDT:USDT,0.8986,545.0,0.8985,1146.0,0.8987,342.0,0.8988,1776.0
1753617251419,11:54:11.419,bybit,AERO/USDT:USDT,0.8986,545.0,0.8985,1146.0,0.8987,342.0,0.8988,1776.0
1753617251518,11:54:11.518,bybit,AERO/USDT:USDT,0.8986,545.0,0.8985,1146.0,0.8987,342.0,0.8988,1776.0
1753617251617,11:54:11.617,bybit,AERO/USDT:USDT,0.8986,561.0,0.8985,1126.0,0.8987,342.0,0.8988,1776.0
1753617251818,11:54:11.818,bybit,AERO/USDT:USDT,0.8986,561.0,0.8985,1126.0,0.8987,342.0,0.8988,1776.0
1753617252118,11:54:12.118,bybit,AERO/USDT:USDT,0.8986,561.0,0.8985,1126.0,0.8987,342.0,0.8988,1776.0
1753617252217,11:54:12.217,bybit,AERO/USDT:USDT,0.8986,561.0,0.8985,1126.0,0.8987,342.0,0.8988,1776.0
1753617252523,11:54:12.523,bybit,AERO/USDT:USDT,0.8986,561.0,0.8985,1126.0,0.8987,682.0,0.8988,1776.0
1753617252719,11:54:12.719,bybit,AERO/USDT:USDT,0.8986,561.0,0.8985,1126.0,0.8987,682.0,0.8988,1776.0
1753617252919,11:54:12.919,bybit,AERO/USDT:USDT,0.8986,561.0,0.8985,1126.0,0.8987,682.0,0.8988,1776.0
1753617253218,11:54:13.218,bybit,AERO/USDT:USDT,0.8986,561.0,0.8985,1126.0,0.8987,342.0,0.8988,1776.0
1753617253319,11:54:13.319,bybit,AERO/USDT:USDT,0.8986,561.0,0.8985,1126.0,0.8987,342.0,0.8988,1776.0
1753617253617,11:54:13.617,bybit,AERO/USDT:USDT,0.8986,561.0,0.8985,1126.0,0.8987,342.0,0.8988,1776.0
1753617253819,11:54:13.819,bybit,AERO/USDT:USDT,0.8986,561.0,0.8985,1126.0,0.8987,342.0,0.8988,1662.0
1753617253917,11:54:13.917,bybit,AERO/USDT:USDT,0.8986,561.0,0.8985,1126.0,0.8987,342.0,0.8988,1776.0
1753617254020,11:54:14.020,bybit,AERO/USDT:USDT,0.8986,561.0,0.8985,1126.0,0.8987,342.0,0.8988,1776.0
1753617254117,11:54:14.117,bybit,AERO/USDT:USDT,0.8986,561.0,0.8985,1126.0,0.8987,342.0,0.8988,1776.0
1753617254317,11:54:14.317,bybit,AERO/USDT:USDT,0.8986,561.0,0.8985,1126.0,0.8987,342.0,0.8988,1776.0
1753617254818,11:54:14.818,bybit,AERO/USDT:USDT,0.8986,25.0,0.8985,1126.0,0.8987,375.0,0.8988,1776.0
1753617255219,11:54:15.219,bybit,AERO/USDT:USDT,0.8986,25.0,0.8985,1126.0,0.8987,375.0,0.8988,1776.0
1753617255319,11:54:15.319,bybit,AERO/USDT:USDT,0.8986,564.0,0.8985,1240.0,0.8987,375.0,0.8988,1030.0
1753617255518,11:54:15.518,bybit,AERO/USDT:USDT,0.8986,564.0,0.8985,1240.0,0.8987,342.0,0.8988,833.0
1753617255819,11:54:15.819,bybit,AERO/USDT:USDT,0.8986,564.0,0.8985,1126.0,0.8987,342.0,0.8988,833.0
1753617255918,11:54:15.918,bybit,AERO/USDT:USDT,0.8986,564.0,0.8985,1240.0,0.8987,342.0,0.8988,833.0
1753617256218,11:54:16.218,bybit,AERO/USDT:USDT,0.8986,564.0,0.8985,1240.0,0.8987,342.0,0.8988,833.0
1753617256318,11:54:16.318,bybit,AERO/USDT:USDT,0.8986,564.0,0.8985,1126.0,0.8987,342.0,0.8988,833.0
1753617256418,11:54:16.418,bybit,AERO/USDT:USDT,0.8986,564.0,0.8985,1126.0,0.8987,342.0,0.8988,833.0
1753617256819,11:54:16.819,bybit,AERO/USDT:USDT,0.8986,564.0,0.8985,1126.0,0.8987,342.0,0.8988,947.0
1753617256917,11:54:16.917,bybit,AERO/USDT:USDT,0.8986,564.0,0.8985,1126.0,0.8987,342.0,0.8988,947.0
1753617258020,11:54:18.020,bybit,AERO/USDT:USDT,0.8986,564.0,0.8985,1126.0,0.8987,342.0,0.8988,947.0
1753617258117,11:54:18.117,bybit,AERO/USDT:USDT,0.8986,564.0,0.8985,1126.0,0.8987,349.0,0.8988,947.0
1753617258317,11:54:18.317,bybit,AERO/USDT:USDT,0.8986,564.0,0.8985,1126.0,0.8987,349.0,0.8988,947.0
1753617258818,11:54:18.818,bybit,AERO/USDT:USDT,0.8986,564.0,0.8985,1126.0,0.8987,349.0,0.8988,947.0
1753617259118,11:54:19.118,bybit,AERO/USDT:USDT,0.8986,564.0,0.8985,1126.0,0.8987,349.0,0.8988,947.0
1753617259520,11:54:19.520,bybit,AERO/USDT:USDT,0.8986,564.0,0.8985,1126.0,0.8987,349.0,0.8988,947.0
1753617259917,11:54:19.917,bybit,AERO/USDT:USDT,0.8986,564.0,0.8985,1126.0,0.8987,349.0,0.8988,947.0
1753617260017,11:54:20.017,bybit,AERO/USDT:USDT,0.8986,564.0,0.8985,1126.0,0.8987,349.0,0.8988,947.0
1753617260119,11:54:20.119,bybit,AERO/USDT:USDT,0.8986,564.0,0.8985,1126.0,0.8987,349.0,0.8988,947.0
1753617260417,11:54:20.417,bybit,AERO/USDT:USDT,0.8986,564.0,0.8985,1126.0,0.8987,349.0,0.8988,1061.0
1753617260818,11:54:20.818,bybit,AERO/USDT:USDT,0.8986,25.0,0.8985,1126.0,0.8987,888.0,0.8988,1061.0
1753617261219,11:54:21.219,bybit,AERO/USDT:USDT,0.8986,25.0,0.8985,1126.0,0.8987,888.0,0.8988,1061.0
1753617261419,11:54:21.419,bybit,AERO/USDT:USDT,0.8986,25.0,0.8985,1126.0,0.8987,888.0,0.8988,1061.0
1753617261520,11:54:21.520,bybit,AERO/USDT:USDT,0.8986,25.0,0.8985,1126.0,0.8987,888.0,0.8988,1061.0
1753617261619,11:54:21.619,bybit,AERO/USDT:USDT,0.8986,25.0,0.8985,1126.0,0.8987,888.0,0.8988,1061.0
1753617261819,11:54:21.819,bybit,AERO/USDT:USDT,0.8986,23.0,0.8985,1126.0,0.8987,888.0,0.8988,1061.0
1753617262817,11:54:22.817,bybit,AERO/USDT:USDT,0.8986,23.0,0.8985,1126.0,0.8987,888.0,0.8988,1061.0
1753617262918,11:54:22.918,bybit,AERO/USDT:USDT,0.8986,23.0,0.8985,1126.0,0.8987,888.0,0.8988,1061.0
1753617263317,11:54:23.317,bybit,AERO/USDT:USDT,0.8986,23.0,0.8985,1126.0,0.8987,888.0,0.8988,1061.0
1753617263518,11:54:23.518,bybit,AERO/USDT:USDT,0.8986,23.0,0.8985,1126.0,0.8987,888.0,0.8988,1061.0
1753617263618,11:54:23.618,bybit,AERO/USDT:USDT,0.8986,23.0,0.8985,1126.0,0.8987,888.0,0.8988,1061.0
1753617264020,11:54:24.020,bybit,AERO/USDT:USDT,0.8986,23.0,0.8985,1126.0,0.8987,888.0,0.8988,1061.0
1753617264117,11:54:24.117,bybit,AERO/USDT:USDT,0.8986,23.0,0.8985,1126.0,0.8987,1002.0,0.8988,1084.0
1753617264219,11:54:24.219,bybit,AERO/USDT:USDT,0.8986,23.0,0.8985,1126.0,0.8987,1002.0,0.8988,1084.0
1753617264419,11:54:24.419,bybit,AERO/USDT:USDT,0.8986,23.0,0.8985,1126.0,0.8987,888.0,0.8988,1061.0
1753617264917,11:54:24.917,bybit,AERO/USDT:USDT,0.8986,23.0,0.8985,1126.0,0.8987,888.0,0.8988,1061.0
1753617265017,11:54:25.017,bybit,AERO/USDT:USDT,0.8986,23.0,0.8985,1126.0,0.8987,1002.0,0.8988,1084.0
1753617265219,11:54:25.219,bybit,AERO/USDT:USDT,0.8986,23.0,0.8985,1126.0,0.8987,1002.0,0.8988,1084.0
1753617265517,11:54:25.517,bybit,AERO/USDT:USDT,0.8986,23.0,0.8985,1126.0,0.8987,1002.0,0.8988,1084.0
1753617265918,11:54:25.918,bybit,AERO/USDT:USDT,0.8986,23.0,0.8985,1126.0,0.8987,888.0,0.8988,1061.0
1753617266420,11:54:26.420,bybit,AERO/USDT:USDT,0.8986,23.0,0.8985,1126.0,0.8987,888.0,0.8988,1061.0
1753617266517,11:54:26.517,bybit,AERO/USDT:USDT,0.8986,23.0,0.8985,1126.0,0.8987,888.0,0.8988,1061.0
1753617266617,11:54:26.617,bybit,AERO/USDT:USDT,0.8986,23.0,0.8985,1126.0,0.8987,1002.0,0.8988,1061.0
1753617266920,11:54:26.920,bybit,AERO/USDT:USDT,0.8986,23.0,0.8985,1126.0,0.8987,1002.0,0.8988,1061.0
1753617267317,11:54:27.317,bybit,AERO/USDT:USDT,0.8986,23.0,0.8985,1126.0,0.8987,1002.0,0.8988,1061.0
1753617267618,11:54:27.618,bybit,AERO/USDT:USDT,0.8986,23.0,0.8985,1126.0,0.8987,1002.0,0.8988,1061.0
1753617267717,11:54:27.717,bybit,AERO/USDT:USDT,0.8986,23.0,0.8985,1126.0,0.8987,888.0,0.8988,1061.0
1753617267819,11:54:27.819,bybit,AERO/USDT:USDT,0.8986,23.0,0.8985,1126.0,0.8987,888.0,0.8988,1061.0
1753617268418,11:54:28.418,bybit,AERO/USDT:USDT,0.8986,23.0,0.8985,1126.0,0.8987,888.0,0.8988,1061.0
1753617268520,11:54:28.520,bybit,AERO/USDT:USDT,0.8986,23.0,0.8985,1126.0,0.8987,888.0,0.8988,1061.0
1753617268918,11:54:28.918,bybit,AERO/USDT:USDT,0.8986,23.0,0.8985,1126.0,0.8987,1002.0,0.8988,1167.0
1753617269019,11:54:29.019,bybit,AERO/USDT:USDT,0.8986,23.0,0.8985,1126.0,0.8987,1002.0,0.8988,1167.0
1753617269419,11:54:29.419,bybit,AERO/USDT:USDT,0.8986,23.0,0.8985,1126.0,0.8987,888.0,0.8988,1144.0
1753617269518,11:54:29.518,bybit,AERO/USDT:USDT,0.8986,23.0,0.8985,1126.0,0.8987,1002.0,0.8988,1167.0
1753617269717,11:54:29.717,bybit,AERO/USDT:USDT,0.8986,23.0,0.8985,1126.0,0.8987,1002.0,0.8988,1167.0
1753617269819,11:54:29.819,bybit,AERO/USDT:USDT,0.8986,23.0,0.8985,1126.0,0.8987,1002.0,0.8988,1144.0
1753617269918,11:54:29.918,bybit,AERO/USDT:USDT,0.8986,23.0,0.8985,1126.0,0.8987,1002.0,0.8988,1144.0
1753617270220,11:54:30.220,bybit,AERO/USDT:USDT,0.8986,23.0,0.8985,528.0,0.8987,1135.0,0.8988,1167.0
1753617270417,11:54:30.417,bybit,AERO/USDT:USDT,0.8986,23.0,0.8985,528.0,0.8987,1135.0,0.8988,1167.0
1753617270618,11:54:30.618,bybit,AERO/USDT:USDT,0.8986,23.0,0.8985,528.0,0.8987,1135.0,0.8988,1167.0
1753617270917,11:54:30.917,bybit,AERO/USDT:USDT,0.8986,53.0,0.8985,528.0,0.8987,1135.0,0.8988,1167.0
1753617271019,11:54:31.019,bybit,AERO/USDT:USDT,0.8986,53.0,0.8985,528.0,0.8987,1135.0,0.8988,1167.0
1753617271319,11:54:31.319,bybit,AERO/USDT:USDT,0.8986,53.0,0.8985,528.0,0.8987,1135.0,0.8988,1167.0
1753617271419,11:54:31.419,bybit,AERO/USDT:USDT,0.8986,53.0,0.8985,528.0,0.8987,1135.0,0.8988,1167.0
1753617271517,11:54:31.517,bybit,AERO/USDT:USDT,0.8986,53.0,0.8985,528.0,0.8987,1135.0,0.8988,1167.0
1753617271618,11:54:31.618,bybit,AERO/USDT:USDT,0.8986,53.0,0.8985,265.0,0.8987,1135.0,0.8988,1144.0
1753617271718,11:54:31.718,bybit,AERO/USDT:USDT,0.8986,44.0,0.8985,265.0,0.8987,1135.0,0.8988,1144.0
1753617271817,11:54:31.817,bybit,AERO/USDT:USDT,0.8986,44.0,0.8985,265.0,0.8987,1135.0,0.8988,1144.0
1753617272519,11:54:32.519,bybit,AERO/USDT:USDT,0.8986,44.0,0.8985,265.0,0.8987,1135.0,0.8988,1144.0
1753617272919,11:54:32.919,bybit,AERO/USDT:USDT,0.8986,44.0,0.8985,265.0,0.8987,1135.0,0.8988,1144.0
1753617273218,11:54:33.218,bybit,AERO/USDT:USDT,0.8986,44.0,0.8985,265.0,0.8987,1135.0,0.8988,1144.0
1753617273519,11:54:33.519,bybit,AERO/USDT:USDT,0.8986,44.0,0.8985,265.0,0.8987,1297.0,0.8988,1144.0
1753617273719,11:54:33.719,bybit,AERO/USDT:USDT,0.8984,7.0,0.8983,1427.0,0.8985,788.0,0.8986,659.0
1753617273918,11:54:33.918,bybit,AERO/USDT:USDT,0.8984,7.0,0.8983,1427.0,0.8985,1153.0,0.8986,1045.0
1753617274019,11:54:34.019,bybit,AERO/USDT:USDT,0.8984,7.0,0.8983,1427.0,0.8985,1153.0,0.8986,1045.0
1753617274118,11:54:34.118,bybit,AERO/USDT:USDT,0.8984,7.0,0.8983,1427.0,0.8985,1153.0,0.8986,765.0
1753617274317,11:54:34.317,bybit,AERO/USDT:USDT,0.8984,7.0,0.8983,1427.0,0.8985,902.0,0.8986,628.0
1753617274619,11:54:34.619,bybit,AERO/USDT:USDT,0.8984,7.0,0.8983,1427.0,0.8985,902.0,0.8986,628.0
1753617275418,11:54:35.418,bybit,AERO/USDT:USDT,0.8984,570.0,0.8983,1427.0,0.8985,342.0,0.8986,1089.0
1753617275519,11:54:35.519,bybit,AERO/USDT:USDT,0.8984,570.0,0.8983,1427.0,0.8985,342.0,0.8986,1203.0
1753617275618,11:54:35.618,bybit,AERO/USDT:USDT,0.8984,570.0,0.8983,1427.0,0.8985,342.0,0.8986,1203.0
1753617275817,11:54:35.817,bybit,AERO/USDT:USDT,0.8984,26.0,0.8983,1427.0,0.8985,456.0,0.8986,1203.0
1753617275919,11:54:35.919,bybit,AERO/USDT:USDT,0.8984,26.0,0.8983,1427.0,0.8985,1000.0,0.8986,1203.0
1753617276619,11:54:36.619,bybit,AERO/USDT:USDT,0.8984,7.0,0.8983,1427.0,0.8985,1000.0,0.8986,1203.0
1753617276719,11:54:36.719,bybit,AERO/USDT:USDT,0.8984,7.0,0.8983,1427.0,0.8985,1000.0,0.8986,1203.0
1753617276817,11:54:36.817,bybit,AERO/USDT:USDT,0.8984,7.0,0.8983,1427.0,0.8985,1114.0,0.8986,1203.0
1753617276917,11:54:36.917,bybit,AERO/USDT:USDT,0.8984,7.0,0.8983,1427.0,0.8985,1000.0,0.8986,1203.0
1753617278019,11:54:38.019,bybit,AERO/USDT:USDT,0.8984,7.0,0.8983,1427.0,0.8985,1000.0,0.8986,1203.0
1753617278119,11:54:38.119,bybit,AERO/USDT:USDT,0.8984,7.0,0.8983,1427.0,0.8985,1114.0,0.8986,1203.0
1753617278218,11:54:38.218,bybit,AERO/USDT:USDT,0.8984,7.0,0.8983,1008.0,0.8985,1114.0,0.8986,1203.0
1753617278317,11:54:38.317,bybit,AERO/USDT:USDT,0.8984,7.0,0.8983,471.0,0.8985,1114.0,0.8986,1203.0
1753617278419,11:54:38.419,bybit,AERO/USDT:USDT,0.8984,7.0,0.8983,471.0,0.8985,1114.0,0.8986,1286.0
1753617278517,11:54:38.517,bybit,AERO/USDT:USDT,0.8984,7.0,0.8983,471.0,0.8985,1114.0,0.8986,1286.0
1753617278918,11:54:38.918,bybit,AERO/USDT:USDT,0.8984,7.0,0.8983,471.0,0.8985,1114.0,0.8986,1286.0
1753617279020,11:54:39.020,bybit,AERO/USDT:USDT,0.8984,7.0,0.8983,156.0,0.8985,1114.0,0.8986,1286.0
1753617279117,11:54:39.117,bybit,AERO/USDT:USDT,0.8984,7.0,0.8983,156.0,0.8985,1114.0,0.8986,1286.0
1753617279319,11:54:39.319,bybit,AERO/USDT:USDT,0.8984,7.0,0.8983,993.0,0.8985,1000.0,0.8986,1172.0
1753617279419,11:54:39.419,bybit,AERO/USDT:USDT,0.8984,7.0,0.8983,1107.0,0.8985,886.0,0.8986,975.0
1753617279518,11:54:39.518,bybit,AERO/USDT:USDT,0.8984,7.0,0.8983,1107.0,0.8985,886.0,0.8986,975.0
1753617279619,11:54:39.619,bybit,AERO/USDT:USDT,0.8984,7.0,0.8983,993.0,0.8985,886.0,0.8986,1089.0
1753617279719,11:54:39.719,bybit,AERO/USDT:USDT,0.8984,7.0,0.8983,993.0,0.8985,886.0,0.8986,1203.0
1753617279819,11:54:39.819,bybit,AERO/USDT:USDT,0.8984,7.0,0.8983,993.0,0.8985,886.0,0.8986,1203.0
1753617279917,11:54:39.917,bybit,AERO/USDT:USDT,0.8984,7.0,0.8983,993.0,0.8985,886.0,0.8986,1203.0
1753617280419,11:54:40.419,bybit,AERO/USDT:USDT,0.8984,7.0,0.8983,993.0,0.8985,886.0,0.8986,1203.0
1753617280524,11:54:40.524,bybit,AERO/USDT:USDT,0.8984,26.0,0.8983,993.0,0.8985,886.0,0.8986,1203.0
1753617280618,11:54:40.618,bybit,AERO/USDT:USDT,0.8984,26.0,0.8983,993.0,0.8985,886.0,0.8986,1203.0
1753617281417,11:54:41.417,bybit,AERO/USDT:USDT,0.8984,26.0,0.8983,993.0,0.8985,886.0,0.8986,1203.0
1753617282217,11:54:42.217,bybit,AERO/USDT:USDT,0.8984,7.0,0.8983,993.0,0.8985,1000.0,0.8986,1203.0
1753617282317,11:54:42.317,bybit,AERO/USDT:USDT,0.8984,7.0,0.8983,993.0,0.8985,1114.0,0.8986,1203.0
1753617282520,11:54:42.520,bybit,AERO/USDT:USDT,0.8984,7.0,0.8983,449.0,0.8985,1114.0,0.8986,1203.0
1753617282619,11:54:42.619,bybit,AERO/USDT:USDT,0.8984,7.0,0.8983,449.0,0.8985,1114.0,0.8986,1286.0
1753617282818,11:54:42.818,bybit,AERO/USDT:USDT,0.8984,7.0,0.8983,449.0,0.8985,1114.0,0.8986,1286.0
1753617283219,11:54:43.219,bybit,AERO/USDT:USDT,0.8984,7.0,0.8983,449.0,0.8985,1114.0,0.8986,1286.0
1753617283317,11:54:43.317,bybit,AERO/USDT:USDT,0.8984,7.0,0.8983,449.0,0.8985,1114.0,0.8986,1286.0
1753617283419,11:54:43.419,bybit,AERO/USDT:USDT,0.8984,7.0,0.8983,449.0,0.8985,1114.0,0.8986,1286.0
1753617283518,11:54:43.518,bybit,AERO/USDT:USDT,0.8984,7.0,0.8983,449.0,0.8985,1114.0,0.8986,1286.0
1753617283717,11:54:43.717,bybit,AERO/USDT:USDT,0.8984,7.0,0.8983,449.0,0.8985,1114.0,0.8986,1286.0
1753617283817,11:54:43.817,bybit,AERO/USDT:USDT,0.8984,7.0,0.8983,449.0,0.8985,1114.0,0.8986,1286.0
1753617283918,11:54:43.918,bybit,AERO/USDT:USDT,0.8984,7.0,0.8983,449.0,0.8985,1114.0,0.8986,1286.0
1753617284217,11:54:44.217,bybit,AERO/USDT:USDT,0.8984,7.0,0.8983,449.0,0.8985,1114.0,0.8986,1286.0
1753617284319,11:54:44.319,bybit,AERO/USDT:USDT,0.8984,609.0,0.8983,449.0,0.8985,1114.0,0.8986,1286.0
1753617284419,11:54:44.419,bybit,AERO/USDT:USDT,0.8984,609.0,0.8983,449.0,0.8985,1114.0,0.8986,1286.0
1753617284517,11:54:44.517,bybit,AERO/USDT:USDT,0.8984,609.0,0.8983,449.0,0.8985,1114.0,0.8986,1286.0
1753617284617,11:54:44.617,bybit,AERO/USDT:USDT,0.8984,609.0,0.8983,449.0,0.8985,1114.0,0.8986,1286.0
1753617285219,11:54:45.219,bybit,AERO/USDT:USDT,0.8984,609.0,0.8983,449.0,0.8985,1114.0,0.8986,1286.0
1753617285319,11:54:45.319,bybit,AERO/USDT:USDT,0.8984,609.0,0.8983,449.0,0.8985,1114.0,0.8986,1286.0
1753617285418,11:54:45.418,bybit,AERO/USDT:USDT,0.8984,609.0,0.8983,449.0,0.8985,1114.0,0.8986,1286.0
1753617285818,11:54:45.818,bybit,AERO/USDT:USDT,0.8984,628.0,0.8983,449.0,0.8985,1114.0,0.8986,1286.0
1753617286118,11:54:46.118,bybit,AERO/USDT:USDT,0.8984,628.0,0.8983,449.0,0.8985,1114.0,0.8986,1286.0
1753617286219,11:54:46.219,bybit,AERO/USDT:USDT,0.8984,628.0,0.8983,449.0,0.8985,1114.0,0.8986,1286.0
1753617287417,11:54:47.417,bybit,AERO/USDT:USDT,0.8984,609.0,0.8983,449.0,0.8985,1114.0,0.8986,1286.0
1753617287520,11:54:47.520,bybit,AERO/USDT:USDT,0.8984,609.0,0.8983,449.0,0.8985,1114.0,0.8986,1286.0
1753617287617,11:54:47.617,bybit,AERO/USDT:USDT,0.8984,609.0,0.8983,449.0,0.8985,1114.0,0.8986,1286.0
1753617288119,11:54:48.119,bybit,AERO/USDT:USDT,0.8984,609.0,0.8983,458.0,0.8985,1114.0,0.8986,1286.0
1753617288219,11:54:48.219,bybit,AERO/USDT:USDT,0.8984,609.0,0.8983,458.0,0.8985,1121.0,0.8986,1286.0
1753617288719,11:54:48.719,bybit,AERO/USDT:USDT,0.8984,609.0,0.8983,467.0,0.8985,1121.0,0.8986,1286.0
1753617289117,11:54:49.117,bybit,AERO/USDT:USDT,0.8984,609.0,0.8983,467.0,0.8985,1121.0,0.8986,1286.0
1753617289217,11:54:49.217,bybit,AERO/USDT:USDT,0.8984,609.0,0.8983,467.0,0.8985,893.0,0.8986,1286.0
1753617289317,11:54:49.317,bybit,AERO/USDT:USDT,0.8984,609.0,0.8983,467.0,0.8985,893.0,0.8986,1286.0
1753617289520,11:54:49.520,bybit,AERO/USDT:USDT,0.8984,609.0,0.8983,467.0,0.8985,893.0,0.8986,1286.0
1753617289617,11:54:49.617,bybit,AERO/USDT:USDT,0.8984,609.0,0.8983,1016.0,0.8985,893.0,0.8986,1286.0
1753617289917,11:54:49.917,bybit,AERO/USDT:USDT,0.8984,609.0,0.8983,1244.0,0.8985,349.0,0.8986,975.0
1753617290117,11:54:50.117,bybit,AERO/USDT:USDT,0.8984,609.0,0.8983,1130.0,0.8985,349.0,0.8986,975.0
1753617290318,11:54:50.318,bybit,AERO/USDT:USDT,0.8984,1158.0,0.8983,1244.0,0.8985,349.0,0.8986,975.0
1753617290417,11:54:50.417,bybit,AERO/USDT:USDT,0.8984,1272.0,0.8983,1244.0,0.8985,349.0,0.8986,975.0
1753617290520,11:54:50.520,bybit,AERO/USDT:USDT,0.8984,1158.0,0.8983,1130.0,0.8985,349.0,0.8986,975.0
1753617290817,11:54:50.817,bybit,AERO/USDT:USDT,0.8984,1158.0,0.8983,1130.0,0.8985,349.0,0.8986,975.0
1753617291119,11:54:51.119,bybit,AERO/USDT:USDT,0.8984,1158.0,0.8983,1130.0,0.8985,349.0,0.8986,975.0
1753617291218,11:54:51.218,bybit,AERO/USDT:USDT,0.8984,1158.0,0.8983,1244.0,0.8985,349.0,0.8986,975.0
1753617291917,11:54:51.917,bybit,AERO/USDT:USDT,0.8984,1177.0,0.8983,1244.0,0.8985,349.0,0.8986,975.0
1753617292419,11:54:52.419,bybit,AERO/USDT:USDT,0.8984,1177.0,0.8983,1130.0,0.8985,349.0,0.8986,975.0
1753617292524,11:54:52.524,bybit,AERO/USDT:USDT,0.8984,609.0,0.8983,1016.0,0.8985,898.0,0.8986,1089.0
1753617292617,11:54:52.617,bybit,AERO/USDT:USDT,0.8984,609.0,0.8983,1016.0,0.8985,898.0,0.8986,1089.0
1753617292717,11:54:52.717,bybit,AERO/USDT:USDT,0.8984,609.0,0.8983,1016.0,0.8985,898.0,0.8986,1089.0
1753617292824,11:54:52.824,bybit,AERO/USDT:USDT,0.8984,609.0,0.8983,1016.0,0.8985,898.0,0.8986,1089.0
1753617293019,11:54:53.019,bybit,AERO/USDT:USDT,0.8984,609.0,0.8983,1130.0,0.8985,898.0,0.8986,975.0
1753617293119,11:54:53.119,bybit,AERO/USDT:USDT,0.8984,609.0,0.8983,1130.0,0.8985,898.0,0.8986,975.0
1753617293719,11:54:53.719,bybit,AERO/USDT:USDT,0.8984,628.0,0.8983,1016.0,0.8985,898.0,0.8986,1089.0
1753617294319,11:54:54.319,bybit,AERO/USDT:USDT,0.8984,628.0,0.8983,1016.0,0.8985,898.0,0.8986,975.0
1753617294418,11:54:54.418,bybit,AERO/USDT:USDT,0.8984,628.0,0.8983,1016.0,0.8985,898.0,0.8986,1089.0
1753617294718,11:54:54.718,bybit,AERO/USDT:USDT,0.8984,628.0,0.8983,1016.0,0.8985,898.0,0.8986,975.0
1753617294818,11:54:54.818,bybit,AERO/USDT:USDT,0.8984,609.0,0.8983,467.0,0.8985,1126.0,0.8986,1203.0
1753617294918,11:54:54.918,bybit,AERO/USDT:USDT,0.8984,609.0,0.8983,467.0,0.8985,1126.0,0.8986,1203.0
1753617295417,11:54:55.417,bybit,AERO/USDT:USDT,0.8984,609.0,0.8983,467.0,0.8985,1126.0,0.8986,1203.0
1753617296418,11:54:56.418,bybit,AERO/USDT:USDT,0.8984,609.0,0.8983,467.0,0.8985,1126.0,0.8986,1203.0
1753617297218,11:54:57.218,bybit,AERO/USDT:USDT,0.8984,628.0,0.8983,467.0,0.8985,1126.0,0.8986,1203.0
1753617297419,11:54:57.419,bybit,AERO/USDT:USDT,0.8984,628.0,0.8983,467.0,0.8985,1126.0,0.8986,1203.0
1753617298017,11:54:58.017,bybit,AERO/USDT:USDT,0.8984,609.0,0.8983,467.0,0.8985,898.0,0.8986,1203.0
1753617298118,11:54:58.118,bybit,AERO/USDT:USDT,0.8984,609.0,0.8983,467.0,0.8985,1012.0,0.8986,1203.0
1753617298218,11:54:58.218,bybit,AERO/USDT:USDT,0.8984,609.0,0.8983,467.0,0.8985,1126.0,0.8986,1203.0
1753617298418,11:54:58.418,bybit,AERO/USDT:USDT,0.8984,609.0,0.8983,467.0,0.8985,1126.0,0.8986,1203.0
1753617300517,11:55:00.517,bybit,AERO/USDT:USDT,0.8984,609.0,0.8983,467.0,0.8985,1126.0,0.8986,1203.0
1753617300617,11:55:00.617,bybit,AERO/USDT:USDT,0.8984,609.0,0.8983,467.0,0.8985,1126.0,0.8986,1203.0
1753617300717,11:55:00.717,bybit,AERO/USDT:USDT,0.8984,609.0,0.8983,467.0,0.8985,1126.0,0.8986,1203.0
1753617300819,11:55:00.819,bybit,AERO/USDT:USDT,0.8984,609.0,0.8983,467.0,0.8985,1126.0,0.8986,1203.0
1753617300917,11:55:00.917,bybit,AERO/USDT:USDT,0.8984,628.0,0.8983,467.0,0.8985,1126.0,0.8986,1203.0
1753617301017,11:55:01.017,bybit,AERO/USDT:USDT,0.8984,628.0,0.8983,467.0,0.8985,1126.0,0.8986,1203.0
1753617301117,11:55:01.117,bybit,AERO/USDT:USDT,0.8984,628.0,0.8983,156.0,0.8985,1126.0,0.8986,1203.0
1753617301219,11:55:01.219,bybit,AERO/USDT:USDT,0.8984,628.0,0.8983,156.0,0.8985,1126.0,0.8986,1203.0
1753617301317,11:55:01.317,bybit,AERO/USDT:USDT,0.8984,628.0,0.8983,468.0,0.8985,898.0,0.8986,1203.0
1753617301417,11:55:01.417,bybit,AERO/USDT:USDT,0.8984,628.0,0.8983,468.0,0.8985,1011.0,0.8986,1203.0
1753617301517,11:55:01.517,bybit,AERO/USDT:USDT,0.8984,628.0,0.8983,468.0,0.8985,1011.0,0.8986,1203.0
1753617301619,11:55:01.619,bybit,AERO/USDT:USDT,0.8984,628.0,0.8983,468.0,0.8985,1124.0,0.8986,1203.0
1753617302017,11:55:02.017,bybit,AERO/USDT:USDT,0.8984,628.0,0.8983,468.0,0.8985,1124.0,0.8986,1203.0
1753617302117,11:55:02.117,bybit,AERO/USDT:USDT,0.8984,628.0,0.8983,468.0,0.8985,1124.0,0.8986,1203.0
1753617302418,11:55:02.418,bybit,AERO/USDT:USDT,0.8984,609.0,0.8983,468.0,0.8985,1124.0,0.8986,1203.0
1753617302619,11:55:02.619,bybit,AERO/USDT:USDT,0.8984,609.0,0.8983,468.0,0.8985,1137.0,0.8986,1203.0
1753617303617,11:55:03.617,bybit,AERO/USDT:USDT,0.8984,609.0,0.8983,468.0,0.8985,1137.0,0.8986,1203.0
1753617303719,11:55:03.719,bybit,AERO/USDT:USDT,0.8984,609.0,0.8983,156.0,0.8985,1137.0,0.8986,1203.0
1753617304118,11:55:04.118,bybit,AERO/USDT:USDT,0.8984,609.0,0.8983,156.0,0.8985,1143.0,0.8986,1203.0
1753617304219,11:55:04.219,bybit,AERO/USDT:USDT,0.8984,609.0,0.8983,156.0,0.8985,1030.0,0.8986,1203.0
1753617304317,11:55:04.317,bybit,AERO/USDT:USDT,0.8984,609.0,0.8983,156.0,0.8985,1143.0,0.8986,1203.0
1753617304419,11:55:04.419,bybit,AERO/USDT:USDT,0.8984,609.0,0.8983,156.0,0.8985,1143.0,0.8986,1203.0
1753617304618,11:55:04.618,bybit,AERO/USDT:USDT,0.8984,609.0,0.8983,156.0,0.8985,1143.0,0.8986,1203.0
1753617304817,11:55:04.817,bybit,AERO/USDT:USDT,0.8984,609.0,0.8983,156.0,0.8985,1664.0,0.8986,1419.0
1753617304918,11:55:04.918,bybit,AERO/USDT:USDT,0.8984,609.0,0.8983,156.0,0.8985,1974.0,0.8986,1619.0
1753617305018,11:55:05.018,bybit,AERO/USDT:USDT,0.8983,147.0,0.8982,84.0,0.8984,2043.0,0.8985,1897.0
1753617305220,11:55:05.220,bybit,AERO/USDT:USDT,0.8983,147.0,0.8982,7.0,0.8984,2488.0,0.8985,2139.0
1753617305420,11:55:05.420,bybit,AERO/USDT:USDT,0.8983,453.0,0.8982,7.0,0.8984,3038.0,0.8985,2139.0
1753617305520,11:55:05.520,bybit,AERO/USDT:USDT,0.8983,453.0,0.8982,7.0,0.8984,3148.0,0.8985,2139.0
1753617305819,11:55:05.819,bybit,AERO/USDT:USDT,0.8983,453.0,0.8982,7.0,0.8984,3148.0,0.8985,2139.0
1753617305918,11:55:05.918,bybit,AERO/USDT:USDT,0.8983,453.0,0.8982,7.0,0.8984,3148.0,0.8985,2139.0
1753617306018,11:55:06.018,bybit,AERO/USDT:USDT,0.8983,453.0,0.8982,7.0,0.8984,3039.0,0.8985,2139.0
1753617306117,11:55:06.117,bybit,AERO/USDT:USDT,0.8983,453.0,0.8982,7.0,0.8984,2419.0,0.8985,2139.0
1753617306320,11:55:06.320,bybit,AERO/USDT:USDT,0.8983,453.0,0.8982,7.0,0.8984,2419.0,0.8985,2139.0
1753617306417,11:55:06.417,bybit,AERO/USDT:USDT,0.8983,453.0,0.8982,7.0,0.8984,2638.0,0.8985,2139.0
1753617306518,11:55:06.518,bybit,AERO/USDT:USDT,0.8983,453.0,0.8982,7.0,0.8984,2528.0,0.8985,2139.0
1753617306618,11:55:06.618,bybit,AERO/USDT:USDT,0.8983,453.0,0.8982,7.0,0.8984,2528.0,0.8985,2029.0
1753617306818,11:55:06.818,bybit,AERO/USDT:USDT,0.8983,453.0,0.8982,7.0,0.8984,2528.0,0.8985,2029.0
1753617306919,11:55:06.919,bybit,AERO/USDT:USDT,0.8983,453.0,0.8982,7.0,0.8984,2528.0,0.8985,2029.0
1753617307117,11:55:07.117,bybit,AERO/USDT:USDT,0.8983,453.0,0.8982,7.0,0.8984,2528.0,0.8985,2029.0
1753617307217,11:55:07.217,bybit,AERO/USDT:USDT,0.8983,453.0,0.8982,7.0,0.8984,2528.0,0.8985,2029.0
1753617307317,11:55:07.317,bybit,AERO/USDT:USDT,0.8983,453.0,0.8982,7.0,0.8984,2596.0,0.8985,2029.0
1753617307419,11:55:07.419,bybit,AERO/USDT:USDT,0.8983,453.0,0.8982,7.0,0.8984,2596.0,0.8985,2029.0
1753617307919,11:55:07.919,bybit,AERO/USDT:USDT,0.8983,453.0,0.8982,7.0,0.8984,2596.0,0.8985,2029.0
1753617308018,11:55:08.018,bybit,AERO/USDT:USDT,0.8983,453.0,0.8982,7.0,0.8984,2596.0,0.8985,2029.0
1753617308119,11:55:08.119,bybit,AERO/USDT:USDT,0.8983,453.0,0.8982,7.0,0.8984,2596.0,0.8985,2029.0
1753617308218,11:55:08.218,bybit,AERO/USDT:USDT,0.8983,453.0,0.8982,7.0,0.8984,2528.0,0.8985,2029.0
1753617308618,11:55:08.618,bybit,AERO/USDT:USDT,0.8983,453.0,0.8982,7.0,0.8984,2528.0,0.8985,2029.0
1753617308817,11:55:08.817,bybit,AERO/USDT:USDT,0.8983,453.0,0.8982,7.0,0.8984,2528.0,0.8985,2029.0
1753617308918,11:55:08.918,bybit,AERO/USDT:USDT,0.8983,453.0,0.8982,7.0,0.8984,2528.0,0.8985,2029.0
1753617309017,11:55:09.017,bybit,AERO/USDT:USDT,0.8983,453.0,0.8982,7.0,0.8984,2528.0,0.8985,2029.0
1753617309117,11:55:09.117,bybit,AERO/USDT:USDT,0.8983,453.0,0.8982,7.0,0.8984,2419.0,0.8985,2029.0
1753617309217,11:55:09.217,bybit,AERO/USDT:USDT,0.8983,453.0,0.8982,7.0,0.8984,2419.0,0.8985,2029.0
1753617309417,11:55:09.417,bybit,AERO/USDT:USDT,0.8983,453.0,0.8982,7.0,0.8984,2419.0,0.8985,2029.0
1753617309517,11:55:09.517,bybit,AERO/USDT:USDT,0.8983,453.0,0.8982,7.0,0.8984,2605.0,0.8985,2029.0
1753617309619,11:55:09.619,bybit,AERO/USDT:USDT,0.8983,472.0,0.8982,7.0,0.8984,2682.0,0.8985,2029.0
1753617309820,11:55:09.820,bybit,AERO/USDT:USDT,0.8983,472.0,0.8982,7.0,0.8984,2531.0,0.8985,2029.0
1753617310019,11:55:10.019,bybit,AERO/USDT:USDT,0.8983,472.0,0.8982,7.0,0.8984,2338.0,0.8985,2029.0
1753617310219,11:55:10.219,bybit,AERO/USDT:USDT,0.8983,453.0,0.8982,7.0,0.8984,2338.0,0.8985,2029.0
1753617310319,11:55:10.319,bybit,AERO/USDT:USDT,0.8983,453.0,0.8982,7.0,0.8984,2338.0,0.8985,2029.0
1753617310517,11:55:10.517,bybit,AERO/USDT:USDT,0.8983,453.0,0.8982,7.0,0.8984,2383.0,0.8985,2029.0
1753617310619,11:55:10.619,bybit,AERO/USDT:USDT,0.8983,453.0,0.8982,7.0,0.8984,2406.0,0.8985,2029.0
1753617311018,11:55:11.018,bybit,AERO/USDT:USDT,0.8983,453.0,0.8982,7.0,0.8984,2383.0,0.8985,1829.0
1753617311118,11:55:11.118,bybit,AERO/USDT:USDT,0.8983,453.0,0.8982,7.0,0.8984,2287.0,0.8985,1793.0
1753617311219,11:55:11.219,bybit,AERO/USDT:USDT,0.8983,453.0,0.8982,7.0,0.8984,2400.0,0.8985,1926.0
1753617311318,11:55:11.318,bybit,AERO/USDT:USDT,0.8983,453.0,0.8982,7.0,0.8984,2348.0,0.8985,1926.0
1753617311417,11:55:11.417,bybit,AERO/USDT:USDT,0.8983,453.0,0.8982,7.0,0.8984,2371.0,0.8985,1926.0
1753617311518,11:55:11.518,bybit,AERO/USDT:USDT,0.8983,453.0,0.8982,7.0,0.8984,2371.0,0.8985,1926.0
1753617311620,11:55:11.620,bybit,AERO/USDT:USDT,0.8983,453.0,0.8982,7.0,0.8984,2371.0,0.8985,1926.0
1753617311717,11:55:11.717,bybit,AERO/USDT:USDT,0.8983,453.0,0.8982,7.0,0.8984,2258.0,0.8985,1926.0
1753617311917,11:55:11.917,bybit,AERO/USDT:USDT,0.8983,453.0,0.8982,7.0,0.8984,2445.0,0.8985,1926.0
1753617312219,11:55:12.219,bybit,AERO/USDT:USDT,0.8983,453.0,0.8982,7.0,0.8984,2445.0,0.8985,1678.0
1753617312317,11:55:12.317,bybit,AERO/USDT:USDT,0.8983,453.0,0.8982,7.0,0.8984,2422.0,0.8985,1678.0
1753617312419,11:55:12.419,bybit,AERO/USDT:USDT,0.8983,453.0,0.8982,7.0,0.8984,2422.0,0.8985,1678.0
1753617312718,11:55:12.718,bybit,AERO/USDT:USDT,0.8983,453.0,0.8982,7.0,0.8984,2445.0,0.8985,1678.0
1753617312818,11:55:12.818,bybit,AERO/USDT:USDT,0.8983,453.0,0.8982,7.0,0.8984,2554.0,0.8985,1678.0
1753617312919,11:55:12.919,bybit,AERO/USDT:USDT,0.8983,453.0,0.8982,7.0,0.8984,2531.0,0.8985,1678.0
1753617313018,11:55:13.018,bybit,AERO/USDT:USDT,0.8983,453.0,0.8982,7.0,0.8984,2554.0,0.8985,1678.0
1753617313117,11:55:13.117,bybit,AERO/USDT:USDT,0.8983,453.0,0.8982,7.0,0.8984,2664.0,0.8985,1678.0
1753617313220,11:55:13.220,bybit,AERO/USDT:USDT,0.8983,453.0,0.8982,7.0,0.8984,2664.0,0.8985,1678.0
1753617313319,11:55:13.319,bybit,AERO/USDT:USDT,0.8983,453.0,0.8982,7.0,0.8984,2664.0,0.8985,1678.0
1753617313417,11:55:13.417,bybit,AERO/USDT:USDT,0.8983,453.0,0.8982,7.0,0.8984,2774.0,0.8985,1678.0
1753617313818,11:55:13.818,bybit,AERO/USDT:USDT,0.8983,481.0,0.8982,7.0,0.8984,2774.0,0.8985,1678.0
1753617313918,11:55:13.918,bybit,AERO/USDT:USDT,0.8983,481.0,0.8982,7.0,0.8984,2774.0,0.8985,1678.0
1753617314019,11:55:14.019,bybit,AERO/USDT:USDT,0.8983,481.0,0.8982,7.0,0.8984,2774.0,0.8985,1678.0
1753617314219,11:55:14.219,bybit,AERO/USDT:USDT,0.8983,481.0,0.8982,7.0,0.8984,2774.0,0.8985,1933.0
1753617314419,11:55:14.419,bybit,AERO/USDT:USDT,0.8983,453.0,0.8982,7.0,0.8984,2884.0,0.8985,1933.0
1753617314719,11:55:14.719,bybit,AERO/USDT:USDT,0.8983,453.0,0.8982,7.0,0.8984,2884.0,0.8985,1933.0
1753617315017,11:55:15.017,bybit,AERO/USDT:USDT,0.8983,453.0,0.8982,7.0,0.8984,2884.0,0.8985,1933.0
1753617315217,11:55:15.217,bybit,AERO/USDT:USDT,0.8983,453.0,0.8982,7.0,0.8984,2994.0,0.8985,1933.0
1753617315418,11:55:15.418,bybit,AERO/USDT:USDT,0.8983,566.0,0.8982,155.0,0.8984,2194.0,0.8985,556.0
1753617315520,11:55:15.520,bybit,AERO/USDT:USDT,0.8983,453.0,0.8982,390.0,0.8984,2047.0,0.8985,738.0
1753617315619,11:55:15.619,bybit,AERO/USDT:USDT,0.8983,453.0,0.8982,390.0,0.8984,2047.0,0.8985,738.0
1753617315817,11:55:15.817,bybit,AERO/USDT:USDT,0.8983,481.0,0.8982,390.0,0.8984,2047.0,0.8985,1002.0
1753617316017,11:55:16.017,bybit,AERO/USDT:USDT,0.8983,481.0,0.8982,399.0,0.8984,2047.0,0.8985,1011.0
1753617316119,11:55:16.119,bybit,AERO/USDT:USDT,0.8983,481.0,0.8982,399.0,0.8984,2041.0,0.8985,1011.0
1753617316217,11:55:16.217,bybit,AERO/USDT:USDT,0.8983,481.0,0.8982,399.0,0.8984,2041.0,0.8985,1011.0
1753617316320,11:55:16.320,bybit,AERO/USDT:USDT,0.8983,453.0,0.8982,399.0,0.8984,1931.0,0.8985,1011.0
1753617316418,11:55:16.418,bybit,AERO/USDT:USDT,0.8983,453.0,0.8982,399.0,0.8984,1711.0,0.8985,1011.0
1753617316520,11:55:16.520,bybit,AERO/USDT:USDT,0.8983,453.0,0.8982,399.0,0.8984,1711.0,0.8985,1011.0
1753617316618,11:55:16.618,bybit,AERO/USDT:USDT,0.8983,453.0,0.8982,286.0,0.8984,1601.0,0.8985,1234.0
1753617316717,11:55:16.717,bybit,AERO/USDT:USDT,0.8983,453.0,0.8982,51.0,0.8984,1601.0,0.8985,1344.0
1753617316817,11:55:16.817,bybit,AERO/USDT:USDT,0.8983,453.0,0.8982,51.0,0.8984,1601.0,0.8985,1344.0
1753617316918,11:55:16.918,bybit,AERO/USDT:USDT,0.8983,453.0,0.8982,51.0,0.8984,1601.0,0.8985,1344.0
1753617317017,11:55:17.017,bybit,AERO/USDT:USDT,0.8983,484.0,0.8982,51.0,0.8984,1601.0,0.8985,1344.0
1753617317118,11:55:17.118,bybit,AERO/USDT:USDT,0.8983,484.0,0.8982,51.0,0.8984,1607.0,0.8985,1344.0
1753617317218,11:55:17.218,bybit,AERO/USDT:USDT,0.8983,484.0,0.8982,51.0,0.8984,1607.0,0.8985,1344.0
1753617317617,11:55:17.617,bybit,AERO/USDT:USDT,0.8983,484.0,0.8982,51.0,0.8984,1607.0,0.8985,1344.0
1753617317717,11:55:17.717,bybit,AERO/USDT:USDT,0.8983,484.0,0.8982,51.0,0.8984,1607.0,0.8985,1344.0
1753617317917,11:55:17.917,bybit,AERO/USDT:USDT,0.8983,484.0,0.8982,51.0,0.8984,1717.0,0.8985,1231.0
1753617318017,11:55:18.017,bybit,AERO/USDT:USDT,0.8983,484.0,0.8982,51.0,0.8984,1717.0,0.8985,1231.0
1753617318118,11:55:18.118,bybit,AERO/USDT:USDT,0.8983,484.0,0.8982,51.0,0.8984,1717.0,0.8985,1344.0
1753617318317,11:55:18.317,bybit,AERO/USDT:USDT,0.8983,453.0,0.8982,51.0,0.8984,1827.0,0.8985,1337.0
1753617318417,11:55:18.417,bybit,AERO/USDT:USDT,0.8983,453.0,0.8982,51.0,0.8984,1944.0,0.8985,1337.0
1753617318618,11:55:18.618,bybit,AERO/USDT:USDT,0.8983,453.0,0.8982,51.0,0.8984,1944.0,0.8985,1337.0
1753617318718,11:55:18.718,bybit,AERO/USDT:USDT,0.8983,453.0,0.8982,51.0,0.8984,1944.0,0.8985,1450.0
1753617318820,11:55:18.820,bybit,AERO/USDT:USDT,0.8983,453.0,0.8982,51.0,0.8984,2054.0,0.8985,1450.0
1753617318917,11:55:18.917,bybit,AERO/USDT:USDT,0.8983,481.0,0.8982,51.0,0.8984,2054.0,0.8985,1450.0
1753617319117,11:55:19.117,bybit,AERO/USDT:USDT,0.8983,453.0,0.8982,51.0,0.8984,2054.0,0.8985,1337.0
1753617319218,11:55:19.218,bybit,AERO/USDT:USDT,0.8983,453.0,0.8982,51.0,0.8984,2163.0,0.8985,1337.0
1753617319319,11:55:19.319,bybit,AERO/USDT:USDT,0.8983,453.0,0.8982,51.0,0.8984,2163.0,0.8985,1337.0
1753617319417,11:55:19.417,bybit,AERO/USDT:USDT,0.8983,453.0,0.8982,51.0,0.8984,2163.0,0.8985,1337.0
1753617319519,11:55:19.519,bybit,AERO/USDT:USDT,0.8983,453.0,0.8982,51.0,0.8984,2273.0,0.8985,1337.0
1753617319619,11:55:19.619,bybit,AERO/USDT:USDT,0.8983,453.0,0.8982,51.0,0.8984,2273.0,0.8985,1337.0
1753617319718,11:55:19.718,bybit,AERO/USDT:USDT,0.8983,453.0,0.8982,51.0,0.8984,2273.0,0.8985,1337.0
1753617319919,11:55:19.919,bybit,AERO/USDT:USDT,0.8983,453.0,0.8982,16.0,0.8984,2499.0,0.8985,2117.0
1753617320019,11:55:20.019,bybit,AERO/USDT:USDT,0.898,7.0,0.8979,9.0,0.8981,544.0,0.8982,1482.0
1753617320118,11:55:20.118,bybit,AERO/USDT:USDT,0.898,7.0,0.8979,9.0,0.8981,1242.0,0.8982,2234.0
1753617320220,11:55:20.220,bybit,AERO/USDT:USDT,0.898,313.0,0.8979,9.0,0.8981,1469.0,0.8982,2347.0
1753617320318,11:55:20.318,bybit,AERO/USDT:USDT,0.8978,16.0,0.8977,370.0,0.8979,544.0,0.898,3017.0
1753617320418,11:55:20.418,bybit,AERO/USDT:USDT,0.8977,361.0,0.8976,1250.0,0.8978,544.0,0.8979,2190.0
1753617320520,11:55:20.520,bybit,AERO/USDT:USDT,0.8976,722.0,0.8975,811.0,0.8978,1435.0,0.8979,2179.0
1753617320623,11:55:20.623,bybit,AERO/USDT:USDT,0.8976,551.0,0.8975,811.0,0.8978,1762.0,0.8979,1923.0
1753617320720,11:55:20.720,bybit,AERO/USDT:USDT,0.8976,7.0,0.8975,811.0,0.8977,544.0,0.8978,1762.0
1753617320820,11:55:20.820,bybit,AERO/USDT:USDT,0.8974,2989.0,0.8973,6111.0,0.8976,1326.0,0.8977,1497.0
1753617320917,11:55:20.917,bybit,AERO/USDT:USDT,0.8974,2797.0,0.8973,6111.0,0.8976,1679.0,0.8977,1633.0
1753617321018,11:55:21.018,bybit,AERO/USDT:USDT,0.8974,2797.0,0.8973,6111.0,0.8976,1679.0,0.8977,1633.0
1753617321119,11:55:21.119,bybit,AERO/USDT:USDT,0.8974,2797.0,0.8973,6111.0,0.8976,1679.0,0.8977,1633.0
1753617321218,11:55:21.218,bybit,AERO/USDT:USDT,0.8974,575.0,0.8973,6111.0,0.8975,170.0,0.8976,1539.0
1753617321319,11:55:21.319,bybit,AERO/USDT:USDT,0.8974,575.0,0.8973,6111.0,0.8975,177.0,0.8976,1539.0
1753617321419,11:55:21.419,bybit,AERO/USDT:USDT,0.8974,575.0,0.8973,6111.0,0.8975,177.0,0.8976,1539.0
1753617321517,11:55:21.517,bybit,AERO/USDT:USDT,0.8974,575.0,0.8973,6111.0,0.8975,225.0,0.8976,1539.0
1753617321617,11:55:21.617,bybit,AERO/USDT:USDT,0.8974,575.0,0.8973,6111.0,0.8975,225.0,0.8976,1539.0
1753617321718,11:55:21.718,bybit,AERO/USDT:USDT,0.8974,575.0,0.8973,6111.0,0.8975,225.0,0.8976,1539.0
1753617321819,11:55:21.819,bybit,AERO/USDT:USDT,0.8974,575.0,0.8973,6111.0,0.8975,225.0,0.8976,1539.0
1753617321917,11:55:21.917,bybit,AERO/USDT:USDT,0.8974,575.0,0.8973,6111.0,0.8975,225.0,0.8976,1539.0
1753617322117,11:55:22.117,bybit,AERO/USDT:USDT,0.8974,581.0,0.8973,6111.0,0.8975,225.0,0.8976,1539.0
1753617322217,11:55:22.217,bybit,AERO/USDT:USDT,0.8974,581.0,0.8973,6111.0,0.8975,225.0,0.8976,1539.0
1753617322317,11:55:22.317,bybit,AERO/USDT:USDT,0.8974,581.0,0.8973,6111.0,0.8975,225.0,0.8976,1539.0
1753617322418,11:55:22.418,bybit,AERO/USDT:USDT,0.8974,581.0,0.8973,6111.0,0.8975,225.0,0.8976,1539.0
1753617322517,11:55:22.517,bybit,AERO/USDT:USDT,0.8974,581.0,0.8973,6111.0,0.8975,225.0,0.8976,1539.0
1753617322618,11:55:22.618,bybit,AERO/USDT:USDT,0.8974,581.0,0.8973,6111.0,0.8975,225.0,0.8976,1539.0
1753617322817,11:55:22.817,bybit,AERO/USDT:USDT,0.8974,581.0,0.8973,6111.0,0.8975,225.0,0.8976,1539.0
1753617322917,11:55:22.917,bybit,AERO/USDT:USDT,0.8974,581.0,0.8973,6111.0,0.8975,225.0,0.8976,1539.0
1753617323017,11:55:23.017,bybit,AERO/USDT:USDT,0.8974,581.0,0.8973,6111.0,0.8975,225.0,0.8976,1539.0
1753617323117,11:55:23.117,bybit,AERO/USDT:USDT,0.8974,581.0,0.8973,6111.0,0.8975,225.0,0.8976,1539.0
1753617323219,11:55:23.219,bybit,AERO/USDT:USDT,0.8974,581.0,0.8973,6111.0,0.8975,225.0,0.8976,1539.0
1753617323319,11:55:23.319,bybit,AERO/USDT:USDT,0.8974,581.0,0.8973,6111.0,0.8975,225.0,0.8976,1539.0
1753617323617,11:55:23.617,bybit,AERO/USDT:USDT,0.8974,581.0,0.8973,6111.0,0.8975,225.0,0.8976,1539.0
1753617323819,11:55:23.819,bybit,AERO/USDT:USDT,0.8974,581.0,0.8973,6224.0,0.8975,225.0,0.8976,995.0
1753617323919,11:55:23.919,bybit,AERO/USDT:USDT,0.8974,581.0,0.8973,6224.0,0.8975,225.0,0.8976,995.0
1753617324017,11:55:24.017,bybit,AERO/USDT:USDT,0.8974,581.0,0.8973,6224.0,0.8975,225.0,0.8976,995.0
1753617324117,11:55:24.117,bybit,AERO/USDT:USDT,0.8974,581.0,0.8973,6224.0,0.8975,225.0,0.8976,995.0
1753617324219,11:55:24.219,bybit,AERO/USDT:USDT,0.8974,581.0,0.8973,6224.0,0.8975,225.0,0.8976,995.0
1753617324318,11:55:24.318,bybit,AERO/USDT:USDT,0.8974,1222.0,0.8973,6337.0,0.8975,225.0,0.8976,362.0
1753617324418,11:55:24.418,bybit,AERO/USDT:USDT,0.8974,1222.0,0.8973,6337.0,0.8975,225.0,0.8976,9.0
1753617324521,11:55:24.521,bybit,AERO/USDT:USDT,0.8974,1222.0,0.8973,6337.0,0.8975,225.0,0.8976,9.0
1753617324819,11:55:24.819,bybit,AERO/USDT:USDT,0.8976,553.0,0.8975,2308.0,0.8977,9.0,0.8978,467.0
1753617324917,11:55:24.917,bybit,AERO/USDT:USDT,0.8976,666.0,0.8975,2308.0,0.8977,9.0,0.8978,467.0
1753617325020,11:55:25.020,bybit,AERO/USDT:USDT,0.8977,553.0,0.8976,1666.0,0.8978,209.0,0.8979,806.0
1753617325120,11:55:25.120,bybit,AERO/USDT:USDT,0.8977,779.0,0.8976,974.0,0.8978,209.0,0.8979,806.0
1753617325217,11:55:25.217,bybit,AERO/USDT:USDT,0.8977,553.0,0.8976,974.0,0.8978,209.0,0.8979,806.0
1753617325419,11:55:25.419,bybit,AERO/USDT:USDT,0.8976,33.0,0.8975,1273.0,0.8977,553.0,0.8978,1016.0
1753617325517,11:55:25.517,bybit,AERO/USDT:USDT,0.8976,33.0,0.8975,1273.0,0.8977,553.0,0.8978,1206.0
1753617325720,11:55:25.720,bybit,AERO/USDT:USDT,0.8976,33.0,0.8975,1273.0,0.8977,553.0,0.8978,1206.0
1753617325820,11:55:25.820,bybit,AERO/USDT:USDT,0.8976,33.0,0.8975,1273.0,0.8977,553.0,0.8978,1206.0
1753617326019,11:55:26.019,bybit,AERO/USDT:USDT,0.8975,1264.0,0.8974,2764.0,0.8977,839.0,0.8978,1206.0
1753617326119,11:55:26.119,bybit,AERO/USDT:USDT,0.8975,1140.0,0.8974,2764.0,0.8977,839.0,0.8978,1206.0
1753617326317,11:55:26.317,bybit,AERO/USDT:USDT,0.8975,1140.0,0.8974,2764.0,0.8977,839.0,0.8978,1006.0
1753617326417,11:55:26.417,bybit,AERO/USDT:USDT,0.8975,1140.0,0.8974,2764.0,0.8977,839.0,0.8978,1006.0
1753617326520,11:55:26.520,bybit,AERO/USDT:USDT,0.8975,587.0,0.8974,2764.0,0.8977,839.0,0.8978,1006.0
1753617327018,11:55:27.018,bybit,AERO/USDT:USDT,0.8975,587.0,0.8974,2764.0,0.8977,839.0,0.8978,1006.0
1753617327317,11:55:27.317,bybit,AERO/USDT:USDT,0.8975,1140.0,0.8974,2877.0,0.8977,839.0,0.8978,752.0
1753617327417,11:55:27.417,bybit,AERO/USDT:USDT,0.8975,867.0,0.8974,2877.0,0.8976,280.0,0.8977,839.0
1753617327517,11:55:27.517,bybit,AERO/USDT:USDT,0.8975,867.0,0.8974,2877.0,0.8976,280.0,0.8977,839.0
1753617327619,11:55:27.619,bybit,AERO/USDT:USDT,0.8975,867.0,0.8974,2877.0,0.8976,280.0,0.8977,848.0
1753617327718,11:55:27.718,bybit,AERO/USDT:USDT,0.8975,867.0,0.8974,2764.0,0.8976,280.0,0.8977,848.0
1753617327819,11:55:27.819,bybit,AERO/USDT:USDT,0.8975,867.0,0.8974,2764.0,0.8976,280.0,0.8977,848.0
1753617327919,11:55:27.919,bybit,AERO/USDT:USDT,0.8975,867.0,0.8974,2764.0,0.8976,280.0,0.8977,848.0
1753617328017,11:55:28.017,bybit,AERO/USDT:USDT,0.8975,867.0,0.8974,2764.0,0.8976,280.0,0.8977,848.0
1753617328317,11:55:28.317,bybit,AERO/USDT:USDT,0.8975,867.0,0.8974,2877.0,0.8976,280.0,0.8977,848.0
1753617328817,11:55:28.817,bybit,AERO/USDT:USDT,0.8975,867.0,0.8974,2764.0,0.8976,280.0,0.8977,848.0
1753617329217,11:55:29.217,bybit,AERO/USDT:USDT,0.8975,867.0,0.8974,2764.0,0.8976,280.0,0.8977,848.0
1753617329319,11:55:29.319,bybit,AERO/USDT:USDT,0.8975,867.0,0.8974,2877.0,0.8976,280.0,0.8977,848.0
1753617329719,11:55:29.719,bybit,AERO/USDT:USDT,0.8975,867.0,0.8974,2764.0,0.8976,298.0,0.8977,848.0
1753617329818,11:55:29.818,bybit,AERO/USDT:USDT,0.8975,867.0,0.8974,2764.0,0.8976,298.0,0.8977,848.0
1753617329917,11:55:29.917,bybit,AERO/USDT:USDT,0.8975,314.0,0.8974,2764.0,0.8976,298.0,0.8977,848.0
1753617330217,11:55:30.217,bybit,AERO/USDT:USDT,0.8975,314.0,0.8974,2764.0,0.8976,298.0,0.8977,848.0
1753617330317,11:55:30.317,bybit,AERO/USDT:USDT,0.8975,314.0,0.8974,2764.0,0.8976,298.0,0.8977,848.0
1753617330519,11:55:30.519,bybit,AERO/USDT:USDT,0.8975,314.0,0.8974,2764.0,0.8976,298.0,0.8977,848.0
1753617330617,11:55:30.617,bybit,AERO/USDT:USDT,0.8975,6.0,0.8974,2205.0,0.8976,851.0,0.8977,848.0
1753617330719,11:55:30.719,bybit,AERO/USDT:USDT,0.8975,6.0,0.8974,2205.0,0.8976,851.0,0.8977,848.0
1753617330919,11:55:30.919,bybit,AERO/USDT:USDT,0.8975,6.0,0.8974,1897.0,0.8976,851.0,0.8977,848.0
1753617331119,11:55:31.119,bybit,AERO/USDT:USDT,0.8974,1888.0,0.8973,7100.0,0.8976,851.0,0.8977,1594.0
1753617331218,11:55:31.218,bybit,AERO/USDT:USDT,0.8974,1888.0,0.8973,6980.0,0.8976,1243.0,0.8977,1594.0
1753617331718,11:55:31.718,bybit,AERO/USDT:USDT,0.8974,1888.0,0.8973,6980.0,0.8976,1243.0,0.8977,1481.0
1753617331918,11:55:31.918,bybit,AERO/USDT:USDT,0.8974,1888.0,0.8973,7093.0,0.8976,1243.0,0.8977,1481.0
1753617332118,11:55:32.118,bybit,AERO/USDT:USDT,0.8974,1894.0,0.8973,6980.0,0.8976,1243.0,0.8977,1481.0
1753617332219,11:55:32.219,bybit,AERO/USDT:USDT,0.8974,1894.0,0.8973,6980.0,0.8976,1243.0,0.8977,1594.0
1753617332523,11:55:32.523,bybit,AERO/USDT:USDT,0.8974,1894.0,0.8973,6980.0,0.8976,1243.0,0.8977,1594.0
1753617332619,11:55:32.619,bybit,AERO/USDT:USDT,0.8974,1894.0,0.8973,6980.0,0.8976,1243.0,0.8977,1594.0
1753617332818,11:55:32.818,bybit,AERO/USDT:USDT,0.8974,1894.0,0.8973,6980.0,0.8976,1243.0,0.8977,1594.0
1753617333218,11:55:33.218,bybit,AERO/USDT:USDT,0.8974,1894.0,0.8973,6781.0,0.8976,1356.0,0.8977,1594.0
1753617333528,11:55:33.528,bybit,AERO/USDT:USDT,0.8974,1894.0,0.8973,6781.0,0.8976,1434.0,0.8977,1594.0
1753617333619,11:55:33.619,bybit,AERO/USDT:USDT,0.8974,1894.0,0.8973,6781.0,0.8976,1434.0,0.8977,1594.0
1753617333719,11:55:33.719,bybit,AERO/USDT:USDT,0.8974,1894.0,0.8973,6781.0,0.8976,1434.0,0.8977,1594.0
1753617334017,11:55:34.017,bybit,AERO/USDT:USDT,0.8974,1894.0,0.8973,6781.0,0.8976,1434.0,0.8977,1594.0
1753617334317,11:55:34.317,bybit,AERO/USDT:USDT,0.8974,1888.0,0.8973,6781.0,0.8976,1434.0,0.8977,1594.0
1753617334419,11:55:34.419,bybit,AERO/USDT:USDT,0.8974,1888.0,0.8973,6781.0,0.8976,1434.0,0.8977,1594.0
1753617334520,11:55:34.520,bybit,AERO/USDT:USDT,0.8974,1888.0,0.8973,6781.0,0.8976,1547.0,0.8977,1594.0
1753617334619,11:55:34.619,bybit,AERO/USDT:USDT,0.8974,1888.0,0.8973,6781.0,0.8976,1547.0,0.8977,1594.0
1753617334718,11:55:34.718,bybit,AERO/USDT:USDT,0.8974,35.0,0.8973,6781.0,0.8975,555.0,0.8976,1639.0
1753617334817,11:55:34.817,bybit,AERO/USDT:USDT,0.8974,35.0,0.8973,6781.0,0.8975,555.0,0.8976,1639.0
1753617335117,11:55:35.117,bybit,AERO/USDT:USDT,0.8974,35.0,0.8973,6781.0,0.8975,555.0,0.8976,1639.0
1753617335218,11:55:35.218,bybit,AERO/USDT:USDT,0.8974,1942.0,0.8973,6781.0,0.8976,1526.0,0.8977,1564.0
1753617335417,11:55:35.417,bybit,AERO/USDT:USDT,0.8974,1942.0,0.8973,6781.0,0.8976,1526.0,0.8977,1677.0
1753617335820,11:55:35.820,bybit,AERO/USDT:USDT,0.8974,1942.0,0.8973,6781.0,0.8976,1639.0,0.8977,1677.0
1753617336017,11:55:36.017,bybit,AERO/USDT:USDT,0.8974,1942.0,0.8973,6781.0,0.8976,1639.0,0.8977,1677.0
1753617336319,11:55:36.319,bybit,AERO/USDT:USDT,0.8974,1942.0,0.8973,6781.0,0.8976,1639.0,0.8977,1677.0
1753617336417,11:55:36.417,bybit,AERO/USDT:USDT,0.8974,1942.0,0.8973,6781.0,0.8976,1639.0,0.8977,1677.0
1753617336719,11:55:36.719,bybit,AERO/USDT:USDT,0.8974,1942.0,0.8973,6781.0,0.8976,1639.0,0.8977,1677.0
1753617336917,11:55:36.917,bybit,AERO/USDT:USDT,0.8974,1942.0,0.8973,6781.0,0.8976,1639.0,0.8977,1677.0
1753617337018,11:55:37.018,bybit,AERO/USDT:USDT,0.8974,1942.0,0.8973,6781.0,0.8976,1639.0,0.8977,1677.0
1753617337420,11:55:37.420,bybit,AERO/USDT:USDT,0.8974,1942.0,0.8973,6781.0,0.8976,1639.0,0.8977,1677.0
1753617337619,11:55:37.619,bybit,AERO/USDT:USDT,0.8975,653.0,0.8974,1951.0,0.8976,489.0,0.8977,848.0
1753617337719,11:55:37.719,bybit,AERO/USDT:USDT,0.8975,653.0,0.8974,1951.0,0.8976,489.0,0.8977,789.0
1753617337917,11:55:37.917,bybit,AERO/USDT:USDT,0.8975,653.0,0.8974,1951.0,0.8976,298.0,0.8977,789.0
1753617338017,11:55:38.017,bybit,AERO/USDT:USDT,0.8975,653.0,0.8974,1951.0,0.8976,298.0,0.8977,789.0
1753617338117,11:55:38.117,bybit,AERO/USDT:USDT,0.8975,653.0,0.8974,1951.0,0.8976,298.0,0.8977,789.0
1753617339320,11:55:39.320,bybit,AERO/USDT:USDT,0.8975,653.0,0.8974,1951.0,0.8976,298.0,0.8977,789.0
1753617339419,11:55:39.419,bybit,AERO/USDT:USDT,0.8975,653.0,0.8974,1951.0,0.8976,298.0,0.8977,789.0
1753617339619,11:55:39.619,bybit,AERO/USDT:USDT,0.8975,653.0,0.8974,1951.0,0.8976,298.0,0.8977,789.0
1753617340018,11:55:40.018,bybit,AERO/USDT:USDT,0.8975,98.0,0.8974,1396.0,0.8976,966.0,0.8977,1121.0
1753617340317,11:55:40.317,bybit,AERO/USDT:USDT,0.8975,98.0,0.8974,1396.0,0.8976,966.0,0.8977,1121.0
1753617340418,11:55:40.418,bybit,AERO/USDT:USDT,0.8975,98.0,0.8974,1396.0,0.8976,1079.0,0.8977,1121.0
1753617340520,11:55:40.520,bybit,AERO/USDT:USDT,0.8975,98.0,0.8974,1396.0,0.8976,1079.0,0.8977,1121.0
1753617340619,11:55:40.619,bybit,AERO/USDT:USDT,0.8975,98.0,0.8974,1396.0,0.8976,1079.0,0.8977,1121.0
1753617340817,11:55:40.817,bybit,AERO/USDT:USDT,0.8975,98.0,0.8974,1396.0,0.8976,1079.0,0.8977,1121.0
1753617341018,11:55:41.018,bybit,AERO/USDT:USDT,0.8975,98.0,0.8974,1396.0,0.8976,853.0,0.8977,1098.0
1753617341419,11:55:41.419,bybit,AERO/USDT:USDT,0.8975,98.0,0.8974,1396.0,0.8976,853.0,0.8977,1098.0
1753617341518,11:55:41.518,bybit,AERO/USDT:USDT,0.8975,98.0,0.8974,1396.0,0.8976,1079.0,0.8977,1121.0
1753617341718,11:55:41.718,bybit,AERO/USDT:USDT,0.8975,98.0,0.8974,1396.0,0.8976,1079.0,0.8977,1121.0
1753617341818,11:55:41.818,bybit,AERO/USDT:USDT,0.8975,98.0,0.8974,1396.0,0.8976,1079.0,0.8977,1121.0
1753617341918,11:55:41.918,bybit,AERO/USDT:USDT,0.8975,98.0,0.8974,1396.0,0.8976,1079.0,0.8977,1121.0
1753617342017,11:55:42.017,bybit,AERO/USDT:USDT,0.8975,98.0,0.8974,1396.0,0.8976,1079.0,0.8977,1121.0
1753617342118,11:55:42.118,bybit,AERO/USDT:USDT,0.8975,98.0,0.8974,1396.0,0.8976,1079.0,0.8977,1121.0
1753617342217,11:55:42.217,bybit,AERO/USDT:USDT,0.8975,98.0,0.8974,1396.0,0.8976,1241.0,0.8977,1121.0
1753617342417,11:55:42.417,bybit,AERO/USDT:USDT,0.8975,98.0,0.8974,1396.0,0.8976,1264.0,0.8977,1121.0
1753617342523,11:55:42.523,bybit,AERO/USDT:USDT,0.8975,98.0,0.8974,1396.0,0.8976,1264.0,0.8977,1121.0
1753617342617,11:55:42.617,bybit,AERO/USDT:USDT,0.8975,98.0,0.8974,44.0,0.8976,1264.0,0.8977,1121.0
1753617342717,11:55:42.717,bybit,AERO/USDT:USDT,0.8975,98.0,0.8974,935.0,0.8976,1264.0,0.8977,1121.0
1753617342818,11:55:42.818,bybit,AERO/USDT:USDT,0.8975,98.0,0.8974,935.0,0.8976,1241.0,0.8977,1121.0
1753617342918,11:55:42.918,bybit,AERO/USDT:USDT,0.8975,98.0,0.8974,935.0,0.8976,1015.0,0.8977,985.0
1753617343018,11:55:43.018,bybit,AERO/USDT:USDT,0.8975,98.0,0.8974,935.0,0.8976,1241.0,0.8977,1098.0
1753617343117,11:55:43.117,bybit,AERO/USDT:USDT,0.8975,98.0,0.8974,935.0,0.8976,1241.0,0.8977,1121.0
1753617343218,11:55:43.218,bybit,AERO/USDT:USDT,0.8975,98.0,0.8974,1657.0,0.8976,1241.0,0.8977,1121.0
1753617344018,11:55:44.018,bybit,AERO/USDT:USDT,0.8975,98.0,0.8974,1657.0,0.8976,1241.0,0.8977,1121.0
1753617344119,11:55:44.119,bybit,AERO/USDT:USDT,0.8975,98.0,0.8974,1657.0,0.8976,1264.0,0.8977,1121.0
1753617345017,11:55:45.017,bybit,AERO/USDT:USDT,0.8975,656.0,0.8974,1657.0,0.8976,298.0,0.8977,927.0
