timestamp,time,exchange,symbol,bid1_price,bid1_volume,bid2_price,bid2_volume,ask1_price,ask1_volume,ask2_price,ask2_volume
1753617154845,11:52:34.845,bitget,1INCH/USDT:USDT,0.2868,2172.2,0.2867,48677.1,0.2869,6661.8,0.287,20631.4
1753617155145,11:52:35.145,bitget,1INCH/USDT:USDT,0.2868,2172.2,0.2867,48677.1,0.2869,7138.5,0.287,20631.4
1753617155295,11:52:35.295,bitget,1INCH/USDT:USDT,0.2868,2172.2,0.2867,48677.1,0.2869,7138.5,0.287,20631.4
1753617155445,11:52:35.445,bitget,1INCH/USDT:USDT,0.2868,2172.2,0.2867,48677.1,0.2869,6661.8,0.287,20631.4
1753617155596,11:52:35.596,bitget,1INCH/USDT:USDT,0.2868,1408.8,0.2867,48677.1,0.2869,6661.8,0.287,20631.4
1753617155896,11:52:35.896,bitget,1INCH/USDT:USDT,0.2868,1761.8,0.2867,48677.1,0.2869,6661.8,0.287,20631.4
1753617156496,11:52:36.496,bitget,1INCH/USDT:USDT,0.2868,1761.8,0.2867,48677.1,0.2869,7138.5,0.287,20631.4
1753617156646,11:52:36.646,bitget,1INCH/USDT:USDT,0.2868,1761.8,0.2867,48677.1,0.2869,7138.5,0.287,20631.4
1753617156796,11:52:36.796,bitget,1INCH/USDT:USDT,0.2868,1761.8,0.2867,48677.1,0.2869,7138.5,0.287,20631.4
1753617156946,11:52:36.946,bitget,1INCH/USDT:USDT,0.2868,1761.8,0.2867,48677.1,0.2869,7138.5,0.287,20631.4
1753617157096,11:52:37.096,bitget,1INCH/USDT:USDT,0.2868,1761.8,0.2867,48677.1,0.2869,7138.5,0.287,20631.4
1753617157246,11:52:37.246,bitget,1INCH/USDT:USDT,0.2868,1761.8,0.2867,48677.1,0.2869,7138.5,0.287,20631.4
1753617157397,11:52:37.397,bitget,1INCH/USDT:USDT,0.2868,1761.8,0.2867,48677.1,0.2869,7138.5,0.287,20631.4
1753617157847,11:52:37.847,bitget,1INCH/USDT:USDT,0.2868,1999.3,0.2867,48677.1,0.2869,7138.5,0.287,20631.4
1753617158147,11:52:38.147,bitget,1INCH/USDT:USDT,0.2868,1999.3,0.2867,48677.1,0.2869,7138.5,0.287,20631.4
1753617158297,11:52:38.297,bitget,1INCH/USDT:USDT,0.2868,1999.3,0.2867,48677.1,0.2869,7138.5,0.287,20631.4
1753617158597,11:52:38.597,bitget,1INCH/USDT:USDT,0.2868,1818.4,0.2867,48677.1,0.2869,7138.5,0.287,20631.4
1753617158747,11:52:38.747,bitget,1INCH/USDT:USDT,0.2868,978.2,0.2867,48677.1,0.2869,7138.5,0.287,20631.4
1753617158897,11:52:38.897,bitget,1INCH/USDT:USDT,0.2868,1261.2,0.2867,48677.1,0.2869,7138.5,0.287,20631.4
1753617159047,11:52:39.047,bitget,1INCH/USDT:USDT,0.2868,1261.2,0.2867,48677.1,0.2869,7138.5,0.287,20154.7
1753617159948,11:52:39.948,bitget,1INCH/USDT:USDT,0.2868,1261.2,0.2867,48677.1,0.2869,6661.8,0.287,20154.7
1753617160098,11:52:40.098,bitget,1INCH/USDT:USDT,0.2868,1261.2,0.2867,48677.1,0.2869,6661.8,0.287,20154.7
1753617160548,11:52:40.548,bitget,1INCH/USDT:USDT,0.2868,1261.2,0.2867,48677.1,0.2869,6661.8,0.287,20154.7
1753617160698,11:52:40.698,bitget,1INCH/USDT:USDT,0.2868,1261.2,0.2867,48677.1,0.2869,7138.5,0.287,20154.7
1753617161149,11:52:41.149,bitget,1INCH/USDT:USDT,0.2868,1261.2,0.2867,48677.1,0.2869,7138.5,0.287,20154.7
1753617161299,11:52:41.299,bitget,1INCH/USDT:USDT,0.2868,1261.2,0.2867,48677.1,0.2869,7138.5,0.287,20154.7
1753617161899,11:52:41.899,bitget,1INCH/USDT:USDT,0.2868,322.0,0.2867,67225.3,0.2869,6661.8,0.287,20154.7
1753617162649,11:52:42.649,bitget,1INCH/USDT:USDT,0.2868,322.0,0.2867,67225.3,0.2869,6661.8,0.287,20154.7
1753617162799,11:52:42.799,bitget,1INCH/USDT:USDT,0.2868,322.0,0.2867,67225.3,0.2869,6661.8,0.287,20154.7
1753617162950,11:52:42.950,bitget,1INCH/USDT:USDT,0.2868,1593.5,0.2867,67225.3,0.2869,6661.8,0.287,20154.7
1753617163100,11:52:43.100,bitget,1INCH/USDT:USDT,0.2868,1593.5,0.2867,67225.3,0.2869,6661.8,0.287,20154.7
1753617163550,11:52:43.550,bitget,1INCH/USDT:USDT,0.2868,1593.5,0.2867,67225.3,0.2869,1661.8,0.287,20154.7
1753617163700,11:52:43.700,bitget,1INCH/USDT:USDT,0.2868,509.1,0.2867,67225.3,0.2869,1661.8,0.287,20154.7
1753617163850,11:52:43.850,bitget,1INCH/USDT:USDT,0.2868,2433.1,0.2867,67225.3,0.2869,1661.8,0.287,20154.7
1753617164000,11:52:44.000,bitget,1INCH/USDT:USDT,0.2868,2433.1,0.2867,67225.3,0.2869,1661.8,0.287,20154.7
1753617164150,11:52:44.150,bitget,1INCH/USDT:USDT,0.2868,509.1,0.2867,67225.3,0.2869,1661.8,0.287,20154.7
1753617164300,11:52:44.300,bitget,1INCH/USDT:USDT,0.2868,2741.1,0.2867,67225.3,0.2869,1661.8,0.287,20154.7
1753617164450,11:52:44.450,bitget,1INCH/USDT:USDT,0.2868,5509.1,0.2867,67225.3,0.2869,1661.8,0.287,20154.7
1753617164600,11:52:44.600,bitget,1INCH/USDT:USDT,0.2868,5985.8,0.2867,67225.3,0.2869,1661.8,0.287,20154.7
1753617164751,11:52:44.751,bitget,1INCH/USDT:USDT,0.2868,5985.8,0.2867,67225.3,0.2869,1661.8,0.287,20154.7
1753617164901,11:52:44.901,bitget,1INCH/USDT:USDT,0.2868,5985.8,0.2867,72407.5,0.2869,1329.6,0.287,20154.7
1753617165051,11:52:45.051,bitget,1INCH/USDT:USDT,0.2868,5985.8,0.2867,72407.5,0.2869,1329.6,0.287,20154.7
1753617165501,11:52:45.501,bitget,1INCH/USDT:USDT,0.2868,5509.1,0.2867,72407.5,0.2869,1651.6,0.287,20154.7
1753617165651,11:52:45.651,bitget,1INCH/USDT:USDT,0.2868,5509.1,0.2867,72407.5,0.2869,1651.6,0.287,20154.7
1753617165801,11:52:45.801,bitget,1INCH/USDT:USDT,0.2868,5509.1,0.2867,72407.5,0.2869,1651.6,0.287,20154.7
1753617165951,11:52:45.951,bitget,1INCH/USDT:USDT,0.2868,5509.1,0.2867,72407.5,0.2869,1651.6,0.287,20154.7
1753617166101,11:52:46.101,bitget,1INCH/USDT:USDT,0.2868,5509.1,0.2867,72407.5,0.2869,1651.6,0.287,20154.7
1753617166251,11:52:46.251,bitget,1INCH/USDT:USDT,0.2868,5509.1,0.2867,72407.5,0.2869,1651.6,0.287,20154.7
1753617166401,11:52:46.401,bitget,1INCH/USDT:USDT,0.2868,5509.1,0.2867,72407.5,0.2869,1651.6,0.287,20154.7
1753617166552,11:52:46.552,bitget,1INCH/USDT:USDT,0.2868,5509.1,0.2867,72407.5,0.2869,1651.6,0.287,20154.7
1753617166702,11:52:46.702,bitget,1INCH/USDT:USDT,0.2868,5509.1,0.2867,72407.5,0.2869,1651.6,0.287,20154.7
1753617166852,11:52:46.852,bitget,1INCH/USDT:USDT,0.2868,5509.1,0.2867,72407.5,0.2869,1651.6,0.287,20154.7
1753617167002,11:52:47.002,bitget,1INCH/USDT:USDT,0.2868,5509.1,0.2867,72407.5,0.2869,1651.6,0.287,20154.7
1753617167152,11:52:47.152,bitget,1INCH/USDT:USDT,0.2868,5509.1,0.2867,72407.5,0.2869,1651.6,0.287,20154.7
1753617167302,11:52:47.302,bitget,1INCH/USDT:USDT,0.2868,5509.1,0.2867,72407.5,0.2869,1651.6,0.287,20154.7
1753617167452,11:52:47.452,bitget,1INCH/USDT:USDT,0.2868,5509.1,0.2867,72407.5,0.2869,1651.6,0.287,20154.7
1753617167602,11:52:47.602,bitget,1INCH/USDT:USDT,0.2868,5509.1,0.2867,72407.5,0.2869,1651.6,0.287,20154.7
1753617167752,11:52:47.752,bitget,1INCH/USDT:USDT,0.2868,5509.1,0.2867,72407.5,0.2869,1651.6,0.287,20154.7
1753617167902,11:52:47.902,bitget,1INCH/USDT:USDT,0.2868,5509.1,0.2867,72407.5,0.2869,1651.6,0.287,20154.7
1753617168052,11:52:48.052,bitget,1INCH/USDT:USDT,0.2868,5509.1,0.2867,72407.5,0.2869,1651.6,0.287,20154.7
1753617168202,11:52:48.202,bitget,1INCH/USDT:USDT,0.2868,5509.1,0.2867,72407.5,0.2869,1651.6,0.287,20154.7
1753617168353,11:52:48.353,bitget,1INCH/USDT:USDT,0.2868,5509.1,0.2867,72407.5,0.2869,1651.6,0.287,20154.7
1753617168503,11:52:48.503,bitget,1INCH/USDT:USDT,0.2868,5509.1,0.2867,72407.5,0.2869,1651.6,0.287,20154.7
1753617168653,11:52:48.653,bitget,1INCH/USDT:USDT,0.2868,5509.1,0.2867,72407.5,0.2869,1651.6,0.287,20154.7
1753617168803,11:52:48.803,bitget,1INCH/USDT:USDT,0.2868,5509.1,0.2867,72407.5,0.2869,1651.6,0.287,20154.7
1753617168953,11:52:48.953,bitget,1INCH/USDT:USDT,0.2868,5509.1,0.2867,72407.5,0.2869,1651.6,0.287,20154.7
1753617169103,11:52:49.103,bitget,1INCH/USDT:USDT,0.2868,5985.8,0.2867,72407.5,0.2869,1329.6,0.287,20154.7
1753617169253,11:52:49.253,bitget,1INCH/USDT:USDT,0.2868,5985.8,0.2867,72407.5,0.2869,1329.6,0.287,20154.7
1753617169403,11:52:49.403,bitget,1INCH/USDT:USDT,0.2868,5509.1,0.2867,72407.5,0.2869,1329.6,0.287,20154.7
1753617169553,11:52:49.553,bitget,1INCH/USDT:USDT,0.2868,5509.1,0.2867,72407.5,0.2869,1652.5,0.287,20154.7
1753617169703,11:52:49.703,bitget,1INCH/USDT:USDT,0.2868,5509.1,0.2867,72407.5,0.2869,1652.5,0.287,20154.7
1753617169853,11:52:49.853,bitget,1INCH/USDT:USDT,0.2868,5509.1,0.2867,72407.5,0.2869,1652.5,0.287,20154.7
1753617170003,11:52:50.003,bitget,1INCH/USDT:USDT,0.2868,5509.1,0.2867,72407.5,0.2869,1652.5,0.287,20154.7
1753617170154,11:52:50.154,bitget,1INCH/USDT:USDT,0.2868,5509.1,0.2867,72407.5,0.2869,1652.5,0.287,20154.7
1753617170304,11:52:50.304,bitget,1INCH/USDT:USDT,0.2868,5509.1,0.2867,72407.5,0.2869,1652.5,0.287,20154.7
1753617170454,11:52:50.454,bitget,1INCH/USDT:USDT,0.2868,5509.1,0.2867,72407.5,0.2869,1652.5,0.287,20154.7
1753617170604,11:52:50.604,bitget,1INCH/USDT:USDT,0.2868,12418.8,0.2867,72407.5,0.2869,1329.6,0.287,20154.7
1753617170754,11:52:50.754,bitget,1INCH/USDT:USDT,0.2868,12895.5,0.2867,72407.5,0.2869,1329.6,0.287,20154.7
1753617170904,11:52:50.904,bitget,1INCH/USDT:USDT,0.2868,12895.5,0.2867,72407.5,0.2869,1329.6,0.287,20154.7
1753617171054,11:52:51.054,bitget,1INCH/USDT:USDT,0.2868,12418.8,0.2867,72407.5,0.2869,1652.5,0.287,20154.7
1753617171204,11:52:51.204,bitget,1INCH/USDT:USDT,0.2868,12418.8,0.2867,72407.5,0.2869,1652.5,0.287,20154.7
1753617171354,11:52:51.354,bitget,1INCH/USDT:USDT,0.2868,12418.8,0.2867,72407.5,0.2869,1652.5,0.287,20154.7
1753617171504,11:52:51.504,bitget,1INCH/USDT:USDT,0.2868,12418.8,0.2867,72407.5,0.2869,1652.5,0.287,20154.7
1753617171654,11:52:51.654,bitget,1INCH/USDT:USDT,0.2868,12895.5,0.2867,72407.5,0.2869,1329.6,0.287,20154.7
1753617171804,11:52:51.804,bitget,1INCH/USDT:USDT,0.2869,8187.5,0.2868,30999.7,0.287,7926.5,0.2871,59718.4
1753617171955,11:52:51.955,bitget,1INCH/USDT:USDT,0.2869,8187.5,0.2868,50539.5,0.287,7926.5,0.2871,58358.9
1753617172105,11:52:52.105,bitget,1INCH/USDT:USDT,0.2869,15573.9,0.2868,44641.8,0.2871,17097.3,0.2872,39352.9
1753617172255,11:52:52.255,bitget,1INCH/USDT:USDT,0.287,1024.3,0.2869,27343.5,0.2871,10187.6,0.2872,39352.9
1753617172405,11:52:52.405,bitget,1INCH/USDT:USDT,0.287,1024.3,0.2869,64885.6,0.2871,13656.6,0.2872,39352.9
1753617172555,11:52:52.555,bitget,1INCH/USDT:USDT,0.287,1024.3,0.2869,58809.0,0.2871,13656.6,0.2872,39352.9
1753617172705,11:52:52.705,bitget,1INCH/USDT:USDT,0.287,1024.3,0.2869,58809.0,0.2871,18838.8,0.2872,39352.9
1753617173005,11:52:53.005,bitget,1INCH/USDT:USDT,0.2869,26512.7,0.2868,39308.7,0.2871,18838.8,0.2872,39352.9
1753617173155,11:52:53.155,bitget,1INCH/USDT:USDT,0.2869,31715.9,0.2868,39308.7,0.2871,18838.8,0.2872,39352.9
1753617173305,11:52:53.305,bitget,1INCH/USDT:USDT,0.2869,31715.9,0.2868,39308.7,0.2871,18838.8,0.2872,39352.9
1753617173455,11:52:53.455,bitget,1INCH/USDT:USDT,0.287,322.9,0.2869,31715.9,0.2871,18838.8,0.2872,39352.9
1753617173605,11:52:53.605,bitget,1INCH/USDT:USDT,0.287,701.4,0.2869,50917.8,0.2871,18838.8,0.2872,39352.9
1753617173756,11:52:53.756,bitget,1INCH/USDT:USDT,0.287,701.4,0.2869,47546.5,0.2871,18838.8,0.2872,39352.9
1753617173906,11:52:53.906,bitget,1INCH/USDT:USDT,0.2869,47546.5,0.2868,19783.9,0.287,322.9,0.2871,19315.5
1753617174056,11:52:54.056,bitget,1INCH/USDT:USDT,0.2869,26512.7,0.2868,39306.7,0.287,322.9,0.2871,19315.5
1753617174206,11:52:54.206,bitget,1INCH/USDT:USDT,0.2869,26512.7,0.2868,39306.7,0.287,322.9,0.2871,19315.5
1753617174356,11:52:54.356,bitget,1INCH/USDT:USDT,0.2869,26512.7,0.2868,39306.7,0.287,322.9,0.2871,19315.5
1753617174506,11:52:54.506,bitget,1INCH/USDT:USDT,0.2869,26512.7,0.2868,39306.7,0.287,322.9,0.2871,19315.5
1753617174656,11:52:54.656,bitget,1INCH/USDT:USDT,0.2869,26512.7,0.2868,39306.7,0.287,322.9,0.2871,19315.5
1753617174806,11:52:54.806,bitget,1INCH/USDT:USDT,0.2869,26512.7,0.2868,39306.7,0.287,322.9,0.2871,19315.5
1753617174956,11:52:54.956,bitget,1INCH/USDT:USDT,0.2869,26512.7,0.2868,39306.7,0.287,322.9,0.2871,19315.5
1753617175106,11:52:55.106,bitget,1INCH/USDT:USDT,0.2869,26512.7,0.2868,39306.7,0.287,322.9,0.2871,19315.5
1753617175256,11:52:55.256,bitget,1INCH/USDT:USDT,0.2869,26512.7,0.2868,39306.7,0.287,322.9,0.2871,19315.5
1753617175406,11:52:55.406,bitget,1INCH/USDT:USDT,0.2869,26512.7,0.2868,39306.7,0.287,322.9,0.2871,19315.5
1753617175557,11:52:55.557,bitget,1INCH/USDT:USDT,0.2869,26512.7,0.2868,39306.7,0.287,322.9,0.2871,19315.5
1753617175707,11:52:55.707,bitget,1INCH/USDT:USDT,0.2869,26512.7,0.2868,39306.7,0.287,322.9,0.2871,19315.5
1753617175857,11:52:55.857,bitget,1INCH/USDT:USDT,0.2869,26512.7,0.2868,39306.7,0.287,322.9,0.2871,19315.5
1753617176007,11:52:56.007,bitget,1INCH/USDT:USDT,0.2869,26512.7,0.2868,39306.7,0.287,322.9,0.2871,19315.5
1753617176157,11:52:56.157,bitget,1INCH/USDT:USDT,0.2869,26512.7,0.2868,39306.7,0.287,322.9,0.2871,19315.5
1753617176307,11:52:56.307,bitget,1INCH/USDT:USDT,0.2869,26512.7,0.2868,39306.7,0.287,322.9,0.2871,19315.5
1753617176457,11:52:56.457,bitget,1INCH/USDT:USDT,0.2869,26512.7,0.2868,39306.7,0.287,322.9,0.2871,19315.5
1753617176607,11:52:56.607,bitget,1INCH/USDT:USDT,0.2869,26512.7,0.2868,39306.7,0.287,322.9,0.2871,19315.5
1753617176757,11:52:56.757,bitget,1INCH/USDT:USDT,0.2869,26512.7,0.2868,39306.7,0.287,322.9,0.2871,19315.5
1753617176907,11:52:56.907,bitget,1INCH/USDT:USDT,0.2869,26512.7,0.2868,39306.7,0.287,322.9,0.2871,19315.5
1753617177057,11:52:57.057,bitget,1INCH/USDT:USDT,0.2869,26512.7,0.2868,39306.7,0.287,322.9,0.2871,19315.5
1753617177207,11:52:57.207,bitget,1INCH/USDT:USDT,0.2869,26512.7,0.2868,39306.7,0.287,322.9,0.2871,19315.5
1753617177358,11:52:57.358,bitget,1INCH/USDT:USDT,0.2869,26512.7,0.2868,39306.7,0.287,322.9,0.2871,19315.5
1753617177508,11:52:57.508,bitget,1INCH/USDT:USDT,0.2869,26512.7,0.2868,39306.7,0.287,322.9,0.2871,19315.5
1753617177658,11:52:57.658,bitget,1INCH/USDT:USDT,0.2869,26512.7,0.2868,39306.7,0.287,322.9,0.2871,19315.5
1753617177808,11:52:57.808,bitget,1INCH/USDT:USDT,0.2869,26512.7,0.2868,39306.7,0.287,322.9,0.2871,19315.5
1753617177958,11:52:57.958,bitget,1INCH/USDT:USDT,0.2869,26512.7,0.2868,39306.7,0.287,322.9,0.2871,19315.5
1753617178108,11:52:58.108,bitget,1INCH/USDT:USDT,0.2869,26512.7,0.2868,39306.7,0.287,322.9,0.2871,19315.5
1753617178258,11:52:58.258,bitget,1INCH/USDT:USDT,0.2869,26512.7,0.2868,39306.7,0.287,322.9,0.2871,19315.5
1753617178408,11:52:58.408,bitget,1INCH/USDT:USDT,0.2869,26512.7,0.2868,39306.7,0.287,322.9,0.2871,18838.8
1753617178858,11:52:58.858,bitget,1INCH/USDT:USDT,0.2869,26512.7,0.2868,39306.7,0.287,322.9,0.2871,18838.8
1753617179008,11:52:59.008,bitget,1INCH/USDT:USDT,0.2869,26512.7,0.2868,39306.7,0.287,322.9,0.2871,18838.8
1753617179158,11:52:59.158,bitget,1INCH/USDT:USDT,0.2869,26512.7,0.2868,39306.7,0.287,322.9,0.2871,18838.8
1753617179309,11:52:59.309,bitget,1INCH/USDT:USDT,0.2869,26512.7,0.2868,39306.7,0.287,5322.9,0.2871,18838.8
1753617179459,11:52:59.459,bitget,1INCH/USDT:USDT,0.2869,26512.7,0.2868,39306.7,0.287,5322.9,0.2871,18838.8
1753617179609,11:52:59.609,bitget,1INCH/USDT:USDT,0.2869,26512.7,0.2868,39306.7,0.287,5322.9,0.2871,18838.8
1753617179759,11:52:59.759,bitget,1INCH/USDT:USDT,0.2869,26512.7,0.2868,39306.7,0.287,5322.9,0.2871,18838.8
1753617179909,11:52:59.909,bitget,1INCH/USDT:USDT,0.2869,26512.7,0.2868,39306.7,0.287,5322.9,0.2871,18838.8
1753617180059,11:53:00.059,bitget,1INCH/USDT:USDT,0.2869,26512.7,0.2868,39306.7,0.287,5322.9,0.2871,18838.8
1753617180209,11:53:00.209,bitget,1INCH/USDT:USDT,0.2869,21512.7,0.2868,34124.5,0.287,5322.9,0.2871,18838.8
1753617180359,11:53:00.359,bitget,1INCH/USDT:USDT,0.2869,21512.7,0.2868,34124.5,0.287,5322.9,0.2871,18838.8
1753617180509,11:53:00.509,bitget,1INCH/USDT:USDT,0.2869,21512.7,0.2868,34124.5,0.287,5322.9,0.2871,18838.8
1753617180659,11:53:00.659,bitget,1INCH/USDT:USDT,0.2869,21512.7,0.2868,34124.5,0.287,5322.9,0.2871,18838.8
1753617180809,11:53:00.809,bitget,1INCH/USDT:USDT,0.2869,21512.7,0.2868,34124.5,0.287,5322.9,0.2871,18838.8
1753617180960,11:53:00.960,bitget,1INCH/USDT:USDT,0.2869,21512.7,0.2868,34124.5,0.287,5322.9,0.2871,18838.8
1753617181110,11:53:01.110,bitget,1INCH/USDT:USDT,0.2869,21512.7,0.2868,34124.5,0.287,5322.9,0.2871,18838.8
1753617181260,11:53:01.260,bitget,1INCH/USDT:USDT,0.2869,21512.7,0.2868,34124.5,0.287,5322.9,0.2871,18838.8
1753617181410,11:53:01.410,bitget,1INCH/USDT:USDT,0.2869,21512.7,0.2868,39306.7,0.287,5322.9,0.2871,18838.8
1753617181560,11:53:01.560,bitget,1INCH/USDT:USDT,0.2869,21512.7,0.2868,39306.7,0.287,5322.9,0.2871,18838.8
1753617181710,11:53:01.710,bitget,1INCH/USDT:USDT,0.2869,21512.7,0.2868,39306.7,0.287,5322.9,0.2871,18838.8
1753617181860,11:53:01.860,bitget,1INCH/USDT:USDT,0.2869,21512.7,0.2868,39306.7,0.287,5322.9,0.2871,18838.8
1753617182010,11:53:02.010,bitget,1INCH/USDT:USDT,0.2869,21512.7,0.2868,39306.7,0.287,5322.9,0.2871,18838.8
1753617182160,11:53:02.160,bitget,1INCH/USDT:USDT,0.2869,21512.7,0.2868,39306.7,0.287,5322.9,0.2871,18838.8
1753617182310,11:53:02.310,bitget,1INCH/USDT:USDT,0.2869,21512.7,0.2868,39306.7,0.2871,18838.8,0.2872,52904.4
1753617182460,11:53:02.460,bitget,1INCH/USDT:USDT,0.287,1645.7,0.2869,29201.4,0.2871,18838.8,0.2872,52904.4
1753617182610,11:53:02.610,bitget,1INCH/USDT:USDT,0.287,1645.7,0.2869,48400.2,0.2871,18838.8,0.2872,52904.4
1753617182761,11:53:02.761,bitget,1INCH/USDT:USDT,0.287,1977.2,0.2869,45472.3,0.2871,18838.8,0.2872,52904.4
1753617182911,11:53:02.911,bitget,1INCH/USDT:USDT,0.287,1977.2,0.2869,42543.4,0.2871,18838.8,0.2872,52904.4
1753617183061,11:53:03.061,bitget,1INCH/USDT:USDT,0.287,1977.2,0.2869,42543.4,0.2871,18838.8,0.2872,52904.4
1753617183211,11:53:03.211,bitget,1INCH/USDT:USDT,0.287,1977.2,0.2869,42543.4,0.2871,18838.8,0.2872,52904.4
1753617183361,11:53:03.361,bitget,1INCH/USDT:USDT,0.287,1977.2,0.2869,42543.4,0.2871,18838.8,0.2872,52904.4
1753617183511,11:53:03.511,bitget,1INCH/USDT:USDT,0.287,1977.2,0.2869,42543.4,0.2871,5005.4,0.2872,52904.4
1753617183661,11:53:03.661,bitget,1INCH/USDT:USDT,0.287,10138.9,0.2869,49947.4,0.2871,4687.8,0.2872,10550.6
1753617183811,11:53:03.811,bitget,1INCH/USDT:USDT,0.287,14437.5,0.2869,58772.3,0.2871,3986.4,0.2872,17133.4
1753617183961,11:53:03.961,bitget,1INCH/USDT:USDT,0.287,14437.5,0.2869,63954.5,0.2872,10223.7,0.2873,34792.8
1753617184111,11:53:04.111,bitget,1INCH/USDT:USDT,0.2871,2635.3,0.287,33494.2,0.2872,10223.7,0.2873,34792.8
1753617184261,11:53:04.261,bitget,1INCH/USDT:USDT,0.2871,6275.8,0.287,42308.7,0.2872,5513.7,0.2873,34460.4
1753617184411,11:53:04.411,bitget,1INCH/USDT:USDT,0.2871,1275.8,0.287,42308.7,0.2872,5513.7,0.2873,34460.4
1753617184562,11:53:04.562,bitget,1INCH/USDT:USDT,0.2871,944.3,0.287,41832.0,0.2872,12423.4,0.2873,34460.4
1753617184712,11:53:04.712,bitget,1INCH/USDT:USDT,0.2871,944.3,0.287,53198.7,0.2872,12651.4,0.2873,34460.4
1753617184862,11:53:04.862,bitget,1INCH/USDT:USDT,0.287,47623.4,0.2869,35867.0,0.2872,13128.1,0.2873,34460.4
1753617185012,11:53:05.012,bitget,1INCH/USDT:USDT,0.287,38808.9,0.2869,45622.0,0.2872,12651.4,0.2873,34460.4
1753617185162,11:53:05.162,bitget,1INCH/USDT:USDT,0.2871,331.5,0.287,34532.8,0.2872,13128.1,0.2873,34460.4
1753617185312,11:53:05.312,bitget,1INCH/USDT:USDT,0.2871,331.5,0.287,43343.4,0.2872,16651.4,0.2873,34937.1
1753617185462,11:53:05.462,bitget,1INCH/USDT:USDT,0.2871,331.5,0.287,39155.1,0.2872,16651.4,0.2873,34937.1
1753617185612,11:53:05.612,bitget,1INCH/USDT:USDT,0.287,39155.1,0.2869,30684.8,0.2872,17128.1,0.2873,34460.4
1753617185762,11:53:05.762,bitget,1INCH/USDT:USDT,0.287,30344.5,0.2869,40439.7,0.2872,17128.1,0.2873,34460.4
1753617185912,11:53:05.912,bitget,1INCH/USDT:USDT,0.287,28172.4,0.2869,40439.7,0.2872,17128.1,0.2873,34460.4
1753617186062,11:53:06.062,bitget,1INCH/USDT:USDT,0.2871,331.5,0.287,28172.4,0.2872,17128.1,0.2873,34460.4
1753617186212,11:53:06.212,bitget,1INCH/USDT:USDT,0.2871,331.5,0.287,36983.0,0.2872,21410.1,0.2873,34460.4
1753617186362,11:53:06.362,bitget,1INCH/USDT:USDT,0.2871,331.5,0.287,36983.0,0.2872,20933.4,0.2873,34937.1
1753617186513,11:53:06.513,bitget,1INCH/USDT:USDT,0.2871,331.5,0.287,34155.1,0.2872,20933.4,0.2873,34937.1
1753617186663,11:53:06.663,bitget,1INCH/USDT:USDT,0.2871,331.5,0.287,35611.2,0.2872,20933.4,0.2873,34937.1
1753617186813,11:53:06.813,bitget,1INCH/USDT:USDT,0.2871,331.5,0.287,35611.2,0.2872,16933.4,0.2873,34937.1
1753617186963,11:53:06.963,bitget,1INCH/USDT:USDT,0.2871,331.5,0.287,35611.2,0.2872,16933.4,0.2873,34937.1
1753617187113,11:53:07.113,bitget,1INCH/USDT:USDT,0.287,35611.2,0.2869,35867.0,0.2872,16933.4,0.2873,34937.1
1753617187263,11:53:07.263,bitget,1INCH/USDT:USDT,0.287,26800.6,0.2869,45621.6,0.2872,17410.1,0.2873,38693.7
1753617187413,11:53:07.413,bitget,1INCH/USDT:USDT,0.287,29545.0,0.2869,45621.6,0.2872,17410.1,0.2873,38693.7
1753617187563,11:53:07.563,bitget,1INCH/USDT:USDT,0.287,23196.4,0.2869,40439.4,0.2871,319.8,0.2872,17410.1
1753617187713,11:53:07.713,bitget,1INCH/USDT:USDT,0.287,23196.4,0.2869,40439.4,0.2871,319.8,0.2872,17410.1
1753617187863,11:53:07.863,bitget,1INCH/USDT:USDT,0.287,10129.6,0.2869,58747.1,0.2871,319.8,0.2872,17410.1
1753617188013,11:53:08.013,bitget,1INCH/USDT:USDT,0.287,6244.6,0.2869,58747.1,0.2871,319.8,0.2872,16933.4
1753617188163,11:53:08.163,bitget,1INCH/USDT:USDT,0.287,7363.7,0.2869,58747.1,0.2871,319.8,0.2872,16933.4
1753617188314,11:53:08.314,bitget,1INCH/USDT:USDT,0.287,7363.7,0.2869,58747.1,0.2871,319.8,0.2872,16933.4
1753617188464,11:53:08.464,bitget,1INCH/USDT:USDT,0.287,14273.4,0.2869,59223.8,0.2871,79.9,0.2872,16705.4
1753617188614,11:53:08.614,bitget,1INCH/USDT:USDT,0.287,14273.4,0.2869,64406.0,0.2871,79.9,0.2872,16705.4
1753617188764,11:53:08.764,bitget,1INCH/USDT:USDT,0.287,7363.7,0.2869,59223.8,0.2871,79.9,0.2872,16705.4
1753617188914,11:53:08.914,bitget,1INCH/USDT:USDT,0.287,4885.1,0.2869,59223.8,0.2871,79.9,0.2872,16705.4
1753617189064,11:53:09.064,bitget,1INCH/USDT:USDT,0.287,5456.9,0.2869,59223.8,0.2871,79.9,0.2872,16705.4
1753617189214,11:53:09.214,bitget,1INCH/USDT:USDT,0.287,5456.9,0.2869,59223.8,0.2871,79.9,0.2872,16705.4
1753617189364,11:53:09.364,bitget,1INCH/USDT:USDT,0.287,10456.9,0.2869,59223.8,0.2871,79.9,0.2872,16705.4
1753617189514,11:53:09.514,bitget,1INCH/USDT:USDT,0.287,10456.9,0.2869,59223.8,0.2871,79.9,0.2872,16705.4
1753617189664,11:53:09.664,bitget,1INCH/USDT:USDT,0.287,10456.9,0.2869,59223.8,0.2871,79.9,0.2872,16705.4
1753617189814,11:53:09.814,bitget,1INCH/USDT:USDT,0.287,10456.9,0.2869,59223.8,0.2871,79.9,0.2872,16705.4
1753617189964,11:53:09.964,bitget,1INCH/USDT:USDT,0.287,10456.9,0.2869,59223.8,0.2871,79.9,0.2872,16705.4
1753617190114,11:53:10.114,bitget,1INCH/USDT:USDT,0.287,10456.9,0.2869,59223.8,0.2871,79.9,0.2872,16705.4
1753617190265,11:53:10.265,bitget,1INCH/USDT:USDT,0.287,10456.9,0.2869,59223.8,0.2871,79.9,0.2872,16705.4
1753617190415,11:53:10.415,bitget,1INCH/USDT:USDT,0.287,10456.9,0.2869,59223.8,0.2871,79.9,0.2872,16705.4
1753617190565,11:53:10.565,bitget,1INCH/USDT:USDT,0.287,10456.9,0.2869,59223.8,0.2871,79.9,0.2872,16705.4
1753617190715,11:53:10.715,bitget,1INCH/USDT:USDT,0.287,10456.9,0.2869,59223.8,0.2871,399.7,0.2872,16705.4
1753617190865,11:53:10.865,bitget,1INCH/USDT:USDT,0.287,10456.9,0.2869,59223.8,0.2871,399.7,0.2872,16705.4
1753617191015,11:53:11.015,bitget,1INCH/USDT:USDT,0.287,10456.9,0.2869,59223.8,0.2871,79.9,0.2872,16705.4
1753617191165,11:53:11.165,bitget,1INCH/USDT:USDT,0.287,10456.9,0.2869,59223.8,0.2871,79.9,0.2872,16705.4
1753617191315,11:53:11.315,bitget,1INCH/USDT:USDT,0.287,10456.9,0.2869,59223.8,0.2871,399.7,0.2872,16705.4
1753617191465,11:53:11.465,bitget,1INCH/USDT:USDT,0.287,10456.9,0.2869,59223.8,0.2871,399.7,0.2872,16705.4
1753617191615,11:53:11.615,bitget,1INCH/USDT:USDT,0.287,10456.9,0.2869,59223.8,0.2871,79.9,0.2872,16705.4
1753617191765,11:53:11.765,bitget,1INCH/USDT:USDT,0.287,10456.9,0.2869,59223.8,0.2871,79.9,0.2872,16705.4
1753617191915,11:53:11.915,bitget,1INCH/USDT:USDT,0.287,10456.9,0.2869,59223.8,0.2871,79.9,0.2872,16705.4
1753617192065,11:53:12.065,bitget,1INCH/USDT:USDT,0.287,10456.9,0.2869,59223.8,0.2871,79.9,0.2872,16705.4
1753617192216,11:53:12.216,bitget,1INCH/USDT:USDT,0.287,10456.9,0.2869,59223.8,0.2871,79.9,0.2872,16705.4
1753617192366,11:53:12.366,bitget,1INCH/USDT:USDT,0.287,10456.9,0.2869,59223.8,0.2871,79.9,0.2872,16705.4
1753617192516,11:53:12.516,bitget,1INCH/USDT:USDT,0.287,10456.9,0.2869,59223.8,0.2871,79.9,0.2872,16705.4
1753617192666,11:53:12.666,bitget,1INCH/USDT:USDT,0.287,10456.9,0.2869,59223.8,0.2871,79.9,0.2872,16705.4
1753617192816,11:53:12.816,bitget,1INCH/USDT:USDT,0.287,10456.9,0.2869,59223.8,0.2871,399.7,0.2872,16705.4
1753617192966,11:53:12.966,bitget,1INCH/USDT:USDT,0.287,10456.9,0.2869,59223.8,0.2871,79.9,0.2872,16705.4
1753617193116,11:53:13.116,bitget,1INCH/USDT:USDT,0.287,10456.9,0.2869,59223.8,0.2871,79.9,0.2872,16705.4
1753617193266,11:53:13.266,bitget,1INCH/USDT:USDT,0.287,10456.9,0.2869,59223.8,0.2871,399.7,0.2872,16705.4
1753617193416,11:53:13.416,bitget,1INCH/USDT:USDT,0.287,10456.9,0.2869,59223.8,0.2871,79.9,0.2872,16705.4
1753617193566,11:53:13.566,bitget,1INCH/USDT:USDT,0.287,17366.6,0.2869,59223.8,0.2871,5262.1,0.2872,16705.4
1753617193716,11:53:13.716,bitget,1INCH/USDT:USDT,0.287,17366.6,0.2869,59223.8,0.2871,5262.1,0.2872,16705.4
1753617193866,11:53:13.866,bitget,1INCH/USDT:USDT,0.287,17366.6,0.2869,59223.8,0.2871,5262.1,0.2872,16705.4
1753617194017,11:53:14.017,bitget,1INCH/USDT:USDT,0.287,12366.6,0.2869,59223.8,0.2871,5262.1,0.2872,16705.4
1753617194167,11:53:14.167,bitget,1INCH/USDT:USDT,0.287,12366.6,0.2869,59223.8,0.2871,5262.1,0.2872,16705.4
1753617194317,11:53:14.317,bitget,1INCH/USDT:USDT,0.287,12366.6,0.2869,59223.8,0.2871,5262.1,0.2872,16705.4
1753617194467,11:53:14.467,bitget,1INCH/USDT:USDT,0.287,12366.6,0.2869,59223.8,0.2871,5262.1,0.2872,16705.4
1753617194617,11:53:14.617,bitget,1INCH/USDT:USDT,0.287,12366.6,0.2869,59223.8,0.2871,5262.1,0.2872,16705.4
1753617194767,11:53:14.767,bitget,1INCH/USDT:USDT,0.287,12366.6,0.2869,59223.8,0.2871,5262.1,0.2872,16705.4
1753617194917,11:53:14.917,bitget,1INCH/USDT:USDT,0.287,12366.6,0.2869,59223.8,0.2871,5262.1,0.2872,16705.4
1753617195067,11:53:15.067,bitget,1INCH/USDT:USDT,0.287,12366.6,0.2869,59223.8,0.2871,5262.1,0.2872,16705.4
1753617195217,11:53:15.217,bitget,1INCH/USDT:USDT,0.287,12366.6,0.2869,59223.8,0.2871,5262.1,0.2872,16705.4
1753617195367,11:53:15.367,bitget,1INCH/USDT:USDT,0.287,12366.6,0.2869,59223.8,0.2871,5262.1,0.2872,16705.4
1753617195517,11:53:15.517,bitget,1INCH/USDT:USDT,0.287,12366.6,0.2869,59223.8,0.2871,5262.1,0.2872,16705.4
1753617195667,11:53:15.667,bitget,1INCH/USDT:USDT,0.287,12366.6,0.2869,59223.8,0.2871,79.9,0.2872,16705.4
1753617195818,11:53:15.818,bitget,1INCH/USDT:USDT,0.287,12366.6,0.2869,59223.8,0.2871,79.9,0.2872,16705.4
1753617195968,11:53:15.968,bitget,1INCH/USDT:USDT,0.287,12366.6,0.2869,59223.8,0.2871,79.9,0.2872,16705.4
1753617196118,11:53:16.118,bitget,1INCH/USDT:USDT,0.287,12366.6,0.2869,59223.8,0.2871,79.9,0.2872,16705.4
1753617196268,11:53:16.268,bitget,1INCH/USDT:USDT,0.287,12366.6,0.2869,59223.8,0.2871,399.7,0.2872,16705.4
1753617196418,11:53:16.418,bitget,1INCH/USDT:USDT,0.287,12366.6,0.2869,59223.8,0.2871,399.7,0.2872,16705.4
1753617196568,11:53:16.568,bitget,1INCH/USDT:USDT,0.287,12366.6,0.2869,59223.8,0.2871,79.9,0.2872,16705.4
1753617196718,11:53:16.718,bitget,1INCH/USDT:USDT,0.287,12366.6,0.2869,59223.8,0.2871,79.9,0.2872,16705.4
1753617196868,11:53:16.868,bitget,1INCH/USDT:USDT,0.287,12366.6,0.2869,59223.8,0.2871,79.9,0.2872,16705.4
1753617197018,11:53:17.018,bitget,1INCH/USDT:USDT,0.287,12366.6,0.2869,59223.8,0.2871,79.9,0.2872,16705.4
1753617197168,11:53:17.168,bitget,1INCH/USDT:USDT,0.287,17366.6,0.2869,59223.8,0.2871,79.9,0.2872,16705.4
1753617197318,11:53:17.318,bitget,1INCH/USDT:USDT,0.287,17366.6,0.2869,59223.8,0.2871,79.9,0.2872,16705.4
1753617197469,11:53:17.469,bitget,1INCH/USDT:USDT,0.287,17366.6,0.2869,59223.8,0.2871,79.9,0.2872,16705.4
1753617197619,11:53:17.619,bitget,1INCH/USDT:USDT,0.287,17366.6,0.2869,59223.8,0.2871,79.9,0.2872,16705.4
1753617197769,11:53:17.769,bitget,1INCH/USDT:USDT,0.287,17366.6,0.2869,59223.8,0.2871,79.9,0.2872,16705.4
1753617197919,11:53:17.919,bitget,1INCH/USDT:USDT,0.287,17366.6,0.2869,59223.8,0.2871,79.9,0.2872,16705.4
1753617198069,11:53:18.069,bitget,1INCH/USDT:USDT,0.287,17366.6,0.2869,59223.8,0.2871,79.9,0.2872,16705.4
1753617198219,11:53:18.219,bitget,1INCH/USDT:USDT,0.287,17366.6,0.2869,59223.8,0.2871,79.9,0.2872,16705.4
1753617198369,11:53:18.369,bitget,1INCH/USDT:USDT,0.287,17366.6,0.2869,59223.8,0.2871,79.9,0.2872,16705.4
1753617198519,11:53:18.519,bitget,1INCH/USDT:USDT,0.287,17366.6,0.2869,59223.8,0.2871,79.9,0.2872,16705.4
1753617198669,11:53:18.669,bitget,1INCH/USDT:USDT,0.287,17366.6,0.2869,59223.8,0.2871,79.9,0.2872,16705.4
1753617198819,11:53:18.819,bitget,1INCH/USDT:USDT,0.287,17366.6,0.2869,59223.8,0.2871,79.9,0.2872,16705.4
1753617198969,11:53:18.969,bitget,1INCH/USDT:USDT,0.287,17366.6,0.2869,59223.8,0.2871,79.9,0.2872,16705.4
1753617199119,11:53:19.119,bitget,1INCH/USDT:USDT,0.287,17366.6,0.2869,59223.8,0.2871,79.9,0.2872,16705.4
1753617199270,11:53:19.270,bitget,1INCH/USDT:USDT,0.287,12366.6,0.2869,59223.8,0.2871,79.9,0.2872,16705.4
1753617199419,11:53:19.419,bitget,1INCH/USDT:USDT,0.2871,1416.4,0.287,23079.8,0.2872,9795.7,0.2873,53479.3
1753617199570,11:53:19.570,bitget,1INCH/USDT:USDT,0.287,31413.3,0.2869,58747.1,0.2872,16705.4,0.2873,53479.3
1753617199720,11:53:19.720,bitget,1INCH/USDT:USDT,0.287,22603.1,0.2869,58747.0,0.2872,17182.1,0.2873,53479.3
1753617199870,11:53:19.870,bitget,1INCH/USDT:USDT,0.287,22603.1,0.2869,58747.0,0.2872,17182.1,0.2873,53479.3
1753617200020,11:53:20.020,bitget,1INCH/USDT:USDT,0.287,22603.1,0.2869,58747.0,0.2872,17182.1,0.2873,53479.3
1753617200170,11:53:20.170,bitget,1INCH/USDT:USDT,0.287,33990.6,0.2869,40439.3,0.2871,5317.3,0.2872,22756.1
1753617200320,11:53:20.320,bitget,1INCH/USDT:USDT,0.287,24541.8,0.2869,40439.3,0.2871,5317.3,0.2872,22756.1
1753617200470,11:53:20.470,bitget,1INCH/USDT:USDT,0.287,24541.8,0.2869,40439.3,0.2871,5317.3,0.2872,22756.1
1753617200620,11:53:20.620,bitget,1INCH/USDT:USDT,0.287,24541.8,0.2869,40439.3,0.2871,5317.3,0.2872,22756.1
1753617200770,11:53:20.770,bitget,1INCH/USDT:USDT,0.287,24541.8,0.2869,40439.3,0.2871,5317.3,0.2872,22756.1
1753617200921,11:53:20.921,bitget,1INCH/USDT:USDT,0.287,24541.8,0.2869,40439.3,0.2871,5317.3,0.2872,17756.1
1753617201071,11:53:21.071,bitget,1INCH/USDT:USDT,0.2871,4281.1,0.287,35166.5,0.2872,16705.4,0.2873,53469.4
1753617201221,11:53:21.221,bitget,1INCH/USDT:USDT,0.2871,4281.1,0.287,43974.9,0.2872,16705.4,0.2873,53469.4
1753617201371,11:53:21.371,bitget,1INCH/USDT:USDT,0.2871,4281.1,0.287,41048.5,0.2872,9795.7,0.2873,53469.4
1753617201521,11:53:21.521,bitget,1INCH/USDT:USDT,0.2871,317.3,0.287,41048.5,0.2872,9795.7,0.2873,53469.4
1753617201671,11:53:21.671,bitget,1INCH/USDT:USDT,0.2871,317.3,0.287,42504.6,0.2872,9795.7,0.2873,53469.4
1753617201821,11:53:21.821,bitget,1INCH/USDT:USDT,0.2871,317.3,0.287,42504.6,0.2872,9795.7,0.2873,53469.4
1753617201971,11:53:21.971,bitget,1INCH/USDT:USDT,0.2871,317.3,0.287,42504.6,0.2872,9795.7,0.2873,53469.4
1753617202121,11:53:22.121,bitget,1INCH/USDT:USDT,0.2871,317.3,0.287,42504.6,0.2872,9795.7,0.2873,53469.4
1753617202271,11:53:22.271,bitget,1INCH/USDT:USDT,0.2871,3420.5,0.287,42504.6,0.2872,9795.7,0.2873,53469.4
1753617202421,11:53:22.421,bitget,1INCH/USDT:USDT,0.2871,3420.5,0.287,42504.6,0.2872,9795.7,0.2873,53469.4
1753617202571,11:53:22.571,bitget,1INCH/USDT:USDT,0.2871,1676.8,0.287,42504.6,0.2872,9795.7,0.2873,53469.4
1753617202872,11:53:22.872,bitget,1INCH/USDT:USDT,0.287,42504.6,0.2869,35867.0,0.2872,9795.7,0.2873,53469.4
1753617203172,11:53:23.172,bitget,1INCH/USDT:USDT,0.2871,317.3,0.287,36439.1,0.2872,15272.4,0.2873,53469.4
1753617203322,11:53:23.322,bitget,1INCH/USDT:USDT,0.2871,1261.6,0.287,45244.0,0.2872,14795.7,0.2873,53946.1
1753617203472,11:53:23.472,bitget,1INCH/USDT:USDT,0.2871,1261.6,0.287,42501.1,0.2872,14795.7,0.2873,53946.1
1753617203622,11:53:23.622,bitget,1INCH/USDT:USDT,0.287,38891.8,0.2869,35372.7,0.2871,614.4,0.2872,9795.7
1753617203772,11:53:23.772,bitget,1INCH/USDT:USDT,0.287,28630.8,0.2869,54723.2,0.2872,9795.7,0.2873,53469.4
1753617203922,11:53:23.922,bitget,1INCH/USDT:USDT,0.2871,1261.6,0.287,40897.5,0.2872,9795.7,0.2873,53469.4
1753617204072,11:53:24.072,bitget,1INCH/USDT:USDT,0.2871,944.3,0.287,59448.9,0.2872,21933.4,0.2873,53469.4
1753617204222,11:53:24.222,bitget,1INCH/USDT:USDT,0.2871,944.3,0.287,53807.2,0.2872,22410.1,0.2873,53469.4
1753617204372,11:53:24.372,bitget,1INCH/USDT:USDT,0.2871,944.3,0.287,52499.4,0.2872,22410.1,0.2873,53469.4
1753617204523,11:53:24.523,bitget,1INCH/USDT:USDT,0.2871,1261.6,0.287,52499.4,0.2872,22410.1,0.2873,53469.4
1753617204673,11:53:24.673,bitget,1INCH/USDT:USDT,0.2871,1261.6,0.287,53901.8,0.2872,21933.4,0.2873,53946.1
1753617204823,11:53:24.823,bitget,1INCH/USDT:USDT,0.2871,1261.6,0.287,53901.8,0.2872,22410.1,0.2873,53946.1
1753617204973,11:53:24.973,bitget,1INCH/USDT:USDT,0.2871,1261.6,0.287,53901.8,0.2872,22410.1,0.2873,53946.1
1753617205123,11:53:25.123,bitget,1INCH/USDT:USDT,0.2871,1261.6,0.287,53901.8,0.2872,4613.5,0.2873,53946.1
1753617205273,11:53:25.273,bitget,1INCH/USDT:USDT,0.2871,1261.6,0.287,53901.8,0.2872,4613.5,0.2873,53946.1
1753617205423,11:53:25.423,bitget,1INCH/USDT:USDT,0.2871,1526.0,0.287,53901.8,0.2872,4613.5,0.2873,53946.1
1753617205573,11:53:25.573,bitget,1INCH/USDT:USDT,0.2871,1526.0,0.287,53901.8,0.2872,4613.5,0.2873,53946.1
1753617205723,11:53:25.723,bitget,1INCH/USDT:USDT,0.2871,1526.0,0.287,53901.8,0.2872,4613.5,0.2873,53946.1
1753617205873,11:53:25.873,bitget,1INCH/USDT:USDT,0.2871,1526.0,0.287,53901.8,0.2872,4613.5,0.2873,53946.1
1753617206023,11:53:26.023,bitget,1INCH/USDT:USDT,0.2871,1526.0,0.287,53901.8,0.2872,4613.5,0.2873,53946.1
1753617206173,11:53:26.173,bitget,1INCH/USDT:USDT,0.2871,1526.0,0.287,53901.8,0.2872,4613.5,0.2873,53946.1
1753617206323,11:53:26.323,bitget,1INCH/USDT:USDT,0.2871,1526.0,0.287,53901.8,0.2872,4613.5,0.2873,53946.1
1753617206474,11:53:26.474,bitget,1INCH/USDT:USDT,0.2871,1526.0,0.287,53901.8,0.2872,9795.7,0.2873,53946.1
1753617206624,11:53:26.624,bitget,1INCH/USDT:USDT,0.2871,2536.9,0.287,53901.8,0.2872,9795.7,0.2873,53946.1
1753617206774,11:53:26.774,bitget,1INCH/USDT:USDT,0.2871,2536.9,0.287,53901.8,0.2872,9795.7,0.2873,53946.1
1753617206924,11:53:26.924,bitget,1INCH/USDT:USDT,0.2871,2536.9,0.287,53901.8,0.2872,9795.7,0.2873,53946.1
1753617207074,11:53:27.074,bitget,1INCH/USDT:USDT,0.2871,7536.9,0.287,53901.8,0.2872,9795.7,0.2873,53469.4
1753617207224,11:53:27.224,bitget,1INCH/USDT:USDT,0.2871,7536.9,0.287,53901.8,0.2872,9795.7,0.2873,53469.4
1753617207374,11:53:27.374,bitget,1INCH/USDT:USDT,0.2871,7536.9,0.287,53901.8,0.2872,9795.7,0.2873,53469.4
1753617207524,11:53:27.524,bitget,1INCH/USDT:USDT,0.2871,7536.9,0.287,53901.8,0.2872,9795.7,0.2873,53469.4
1753617207674,11:53:27.674,bitget,1INCH/USDT:USDT,0.2871,7536.9,0.287,53901.8,0.2872,9795.7,0.2873,53469.4
1753617207824,11:53:27.824,bitget,1INCH/USDT:USDT,0.2871,7536.9,0.287,53901.8,0.2872,9795.7,0.2873,53469.4
1753617207974,11:53:27.974,bitget,1INCH/USDT:USDT,0.2871,7536.9,0.287,53901.8,0.2872,9464.2,0.2873,53469.4
1753617208124,11:53:28.124,bitget,1INCH/USDT:USDT,0.2871,8364.8,0.287,53901.8,0.2872,4282.0,0.2873,34951.9
1753617208275,11:53:28.275,bitget,1INCH/USDT:USDT,0.2871,7888.1,0.287,53901.8,0.2872,9788.0,0.2873,34951.9
1753617208425,11:53:28.425,bitget,1INCH/USDT:USDT,0.2871,8310.2,0.287,53901.8,0.2872,9788.0,0.2873,34951.9
1753617208575,11:53:28.575,bitget,1INCH/USDT:USDT,0.2871,8310.2,0.287,53901.8,0.2872,9788.0,0.2873,34951.9
1753617208725,11:53:28.725,bitget,1INCH/USDT:USDT,0.2871,8310.2,0.287,53901.8,0.2872,9788.0,0.2873,34951.9
1753617208875,11:53:28.875,bitget,1INCH/USDT:USDT,0.2871,8310.2,0.287,53901.8,0.2872,9788.0,0.2873,34951.9
1753617209025,11:53:29.025,bitget,1INCH/USDT:USDT,0.2871,3310.2,0.287,53901.8,0.2872,9788.0,0.2873,34951.9
1753617209175,11:53:29.175,bitget,1INCH/USDT:USDT,0.2871,3310.2,0.287,53901.8,0.2872,9788.0,0.2873,34951.9
1753617209325,11:53:29.325,bitget,1INCH/USDT:USDT,0.2871,3310.2,0.287,53901.8,0.2872,9788.0,0.2873,34951.9
1753617209475,11:53:29.475,bitget,1INCH/USDT:USDT,0.2871,3310.2,0.287,53901.8,0.2872,9788.0,0.2873,34951.9
1753617209625,11:53:29.625,bitget,1INCH/USDT:USDT,0.2871,3310.2,0.287,53901.8,0.2872,9788.0,0.2873,34951.9
1753617209775,11:53:29.775,bitget,1INCH/USDT:USDT,0.2871,3310.2,0.287,53901.8,0.2872,9788.0,0.2873,34951.9
1753617209925,11:53:29.925,bitget,1INCH/USDT:USDT,0.2871,3310.2,0.287,53901.8,0.2872,9788.0,0.2873,34951.9
1753617210076,11:53:30.076,bitget,1INCH/USDT:USDT,0.2871,8786.9,0.287,53901.8,0.2872,9788.0,0.2873,34951.9
1753617210226,11:53:30.226,bitget,1INCH/USDT:USDT,0.2871,28377.4,0.287,53901.8,0.2872,5182.2,0.2873,34951.9
1753617210376,11:53:30.376,bitget,1INCH/USDT:USDT,0.2871,16656.3,0.287,53901.8,0.2872,1295.5,0.2873,34951.9
1753617210526,11:53:30.526,bitget,1INCH/USDT:USDT,0.2871,9269.9,0.287,53901.8,0.2872,5506.0,0.2873,34951.9
1753617210676,11:53:30.676,bitget,1INCH/USDT:USDT,0.2871,16179.6,0.287,53901.8,0.2872,5829.8,0.2873,16655.0
1753617210826,11:53:30.826,bitget,1INCH/USDT:USDT,0.2871,9269.9,0.287,53901.8,0.2872,5829.8,0.2873,16655.0
1753617210976,11:53:30.976,bitget,1INCH/USDT:USDT,0.2871,8310.2,0.287,53901.8,0.2872,5829.8,0.2873,16655.0
1753617211126,11:53:31.126,bitget,1INCH/USDT:USDT,0.2871,8310.2,0.287,53901.8,0.2872,5829.8,0.2873,16655.0
1753617211276,11:53:31.276,bitget,1INCH/USDT:USDT,0.2871,8310.2,0.287,53901.8,0.2872,5829.8,0.2873,16655.0
1753617211426,11:53:31.426,bitget,1INCH/USDT:USDT,0.2871,8310.2,0.287,53901.8,0.2872,5829.8,0.2873,16655.0
1753617211576,11:53:31.576,bitget,1INCH/USDT:USDT,0.2871,8310.2,0.287,53901.8,0.2872,5829.8,0.2873,16655.0
1753617211726,11:53:31.726,bitget,1INCH/USDT:USDT,0.2871,7888.1,0.287,53901.8,0.2872,5829.8,0.2873,16655.0
1753617211876,11:53:31.876,bitget,1INCH/USDT:USDT,0.2871,28550.1,0.287,53901.8,0.2873,16655.0,0.2874,32007.6
1753617212027,11:53:32.027,bitget,1INCH/USDT:USDT,0.2871,28550.1,0.287,53901.8,0.2873,16655.0,0.2874,32007.6
1753617212177,11:53:32.177,bitget,1INCH/USDT:USDT,0.2871,28550.1,0.287,53901.8,0.2873,16655.0,0.2874,32007.6
1753617212327,11:53:32.327,bitget,1INCH/USDT:USDT,0.2871,28550.1,0.287,53901.8,0.2873,16655.0,0.2874,32007.6
1753617212477,11:53:32.477,bitget,1INCH/USDT:USDT,0.2871,28550.1,0.287,53901.8,0.2873,16655.0,0.2874,32007.6
1753617212627,11:53:32.627,bitget,1INCH/USDT:USDT,0.2871,28550.1,0.287,53901.8,0.2873,16655.0,0.2874,46181.5
1753617212777,11:53:32.777,bitget,1INCH/USDT:USDT,0.2871,28073.4,0.287,53901.8,0.2873,16655.0,0.2874,46181.5
1753617212927,11:53:32.927,bitget,1INCH/USDT:USDT,0.2871,28550.1,0.287,53901.8,0.2873,16655.0,0.2874,46181.5
1753617213077,11:53:33.077,bitget,1INCH/USDT:USDT,0.2871,28550.1,0.287,53901.8,0.2873,16655.0,0.2874,46181.5
1753617213227,11:53:33.227,bitget,1INCH/USDT:USDT,0.2871,28550.1,0.287,72530.1,0.2873,16655.0,0.2874,46181.5
1753617213377,11:53:33.377,bitget,1INCH/USDT:USDT,0.2871,28550.1,0.287,72530.1,0.2873,16655.0,0.2874,46181.5
1753617213527,11:53:33.527,bitget,1INCH/USDT:USDT,0.2871,28550.1,0.287,72530.1,0.2873,16655.0,0.2874,46181.5
1753617213677,11:53:33.677,bitget,1INCH/USDT:USDT,0.2871,28073.4,0.287,72530.1,0.2873,17131.7,0.2874,46181.5
1753617213828,11:53:33.828,bitget,1INCH/USDT:USDT,0.2871,28073.4,0.287,72530.1,0.2873,17131.7,0.2874,46181.5
1753617213978,11:53:33.978,bitget,1INCH/USDT:USDT,0.2871,28073.4,0.287,72530.1,0.2873,17131.7,0.2874,46181.5
1753617214128,11:53:34.128,bitget,1INCH/USDT:USDT,0.2871,21163.7,0.287,77712.3,0.2872,323.8,0.2873,17359.7
1753617214278,11:53:34.278,bitget,1INCH/USDT:USDT,0.2871,7888.1,0.287,72530.1,0.2872,323.8,0.2873,16883.0
1753617214428,11:53:34.428,bitget,1INCH/USDT:USDT,0.2871,7888.1,0.287,72530.1,0.2872,323.8,0.2873,16883.0
1753617214578,11:53:34.578,bitget,1INCH/USDT:USDT,0.2871,7888.1,0.287,72530.1,0.2872,323.8,0.2873,16883.0
1753617214728,11:53:34.728,bitget,1INCH/USDT:USDT,0.2871,7888.1,0.287,72530.1,0.2872,323.8,0.2873,16883.0
1753617214878,11:53:34.878,bitget,1INCH/USDT:USDT,0.2871,7888.1,0.287,72530.1,0.2872,323.8,0.2873,16883.0
1753617215028,11:53:35.028,bitget,1INCH/USDT:USDT,0.2871,7888.1,0.287,72530.1,0.2872,323.8,0.2873,16883.0
1753617215178,11:53:35.178,bitget,1INCH/USDT:USDT,0.2871,8527.0,0.287,72530.1,0.2872,323.8,0.2873,16883.0
1753617215328,11:53:35.328,bitget,1INCH/USDT:USDT,0.2871,15436.7,0.287,72530.1,0.2873,16655.0,0.2874,46181.5
1753617215478,11:53:35.478,bitget,1INCH/USDT:USDT,0.2872,1261.6,0.2871,27993.5,0.2873,16655.0,0.2874,46181.5
1753617215629,11:53:35.629,bitget,1INCH/USDT:USDT,0.2872,1268.1,0.2871,36794.4,0.2873,16655.0,0.2874,46181.5
1753617215779,11:53:35.779,bitget,1INCH/USDT:USDT,0.2872,323.8,0.2871,46536.7,0.2873,16655.0,0.2874,46181.5
1753617215929,11:53:35.929,bitget,1INCH/USDT:USDT,0.2872,641.1,0.2871,40688.0,0.2873,16655.0,0.2874,46181.5
1753617216079,11:53:36.079,bitget,1INCH/USDT:USDT,0.2872,641.1,0.2871,40688.0,0.2873,16655.0,0.2874,46181.5
1753617216229,11:53:36.229,bitget,1INCH/USDT:USDT,0.2872,641.1,0.2871,40688.0,0.2873,16655.0,0.2874,46181.5
1753617216379,11:53:36.379,bitget,1INCH/USDT:USDT,0.2872,641.1,0.2871,40688.0,0.2873,16655.0,0.2874,46181.5
1753617216529,11:53:36.529,bitget,1INCH/USDT:USDT,0.2872,641.1,0.2871,40688.0,0.2873,16655.0,0.2874,46181.5
1753617216679,11:53:36.679,bitget,1INCH/USDT:USDT,0.2872,641.1,0.2871,40688.0,0.2873,16655.0,0.2874,46181.5
1753617216829,11:53:36.829,bitget,1INCH/USDT:USDT,0.2871,58969.6,0.287,34737.2,0.2873,16655.0,0.2874,46181.5
1753617216979,11:53:36.979,bitget,1INCH/USDT:USDT,0.2871,28031.6,0.287,53611.2,0.2873,16883.0,0.2874,46181.5
1753617217129,11:53:37.129,bitget,1INCH/USDT:USDT,0.2871,33541.5,0.287,53611.2,0.2872,320.8,0.2873,17359.7
1753617217279,11:53:37.279,bitget,1INCH/USDT:USDT,0.2871,26812.7,0.287,53611.2,0.2872,320.8,0.2873,16883.0
1753617217430,11:53:37.430,bitget,1INCH/USDT:USDT,0.2871,26812.7,0.287,53611.2,0.2872,320.8,0.2873,16883.0
1753617217580,11:53:37.580,bitget,1INCH/USDT:USDT,0.2871,26812.7,0.287,53611.2,0.2872,320.8,0.2873,16883.0
1753617217730,11:53:37.730,bitget,1INCH/USDT:USDT,0.2871,33722.4,0.287,53611.2,0.2873,16655.0,0.2874,46181.5
1753617217880,11:53:37.880,bitget,1INCH/USDT:USDT,0.2871,40603.5,0.287,53611.2,0.2873,17131.7,0.2874,46181.5
1753617218030,11:53:38.030,bitget,1INCH/USDT:USDT,0.2871,40603.5,0.287,53611.2,0.2873,17131.7,0.2874,46181.5
1753617218180,11:53:38.180,bitget,1INCH/USDT:USDT,0.2871,34170.5,0.287,53611.2,0.2873,17131.7,0.2874,46181.5
1753617218330,11:53:38.330,bitget,1INCH/USDT:USDT,0.2871,41080.2,0.287,58793.4,0.2873,17131.7,0.2874,46181.5
1753617218480,11:53:38.480,bitget,1INCH/USDT:USDT,0.2871,41080.2,0.287,58793.4,0.2873,17131.7,0.2874,46181.5
1753617218630,11:53:38.630,bitget,1INCH/USDT:USDT,0.2871,41080.2,0.287,58793.4,0.2873,17131.7,0.2874,46181.5
1753617218780,11:53:38.780,bitget,1INCH/USDT:USDT,0.2871,41080.2,0.287,58793.4,0.2873,17131.7,0.2874,46181.5
1753617218930,11:53:38.930,bitget,1INCH/USDT:USDT,0.2871,41080.2,0.287,58793.4,0.2873,17131.7,0.2874,46181.5
1753617219080,11:53:39.080,bitget,1INCH/USDT:USDT,0.2871,41080.2,0.287,58793.4,0.2873,17131.7,0.2874,46181.5
1753617219230,11:53:39.230,bitget,1INCH/USDT:USDT,0.2871,41080.2,0.287,58793.4,0.2873,17131.7,0.2874,46181.5
1753617219381,11:53:39.381,bitget,1INCH/USDT:USDT,0.2871,41080.2,0.287,58793.4,0.2873,17131.7,0.2874,46181.5
1753617219531,11:53:39.531,bitget,1INCH/USDT:USDT,0.2871,41080.2,0.287,58793.4,0.2873,17131.7,0.2874,46181.5
1753617219681,11:53:39.681,bitget,1INCH/USDT:USDT,0.2871,41080.2,0.287,58793.4,0.2873,17131.7,0.2874,46181.5
1753617219831,11:53:39.831,bitget,1INCH/USDT:USDT,0.2871,41080.2,0.287,58793.4,0.2873,17131.7,0.2874,46181.5
1753617219981,11:53:39.981,bitget,1INCH/USDT:USDT,0.2871,41080.2,0.287,58793.4,0.2873,17131.7,0.2874,46181.5
1753617220131,11:53:40.131,bitget,1INCH/USDT:USDT,0.2871,41080.2,0.287,58793.4,0.2873,17131.7,0.2874,46181.5
1753617220281,11:53:40.281,bitget,1INCH/USDT:USDT,0.2871,41080.2,0.287,58793.4,0.2873,17131.7,0.2874,46181.5
1753617220431,11:53:40.431,bitget,1INCH/USDT:USDT,0.2871,41080.2,0.287,58793.4,0.2873,17131.7,0.2874,46181.5
1753617220581,11:53:40.581,bitget,1INCH/USDT:USDT,0.2871,41080.2,0.287,58793.4,0.2873,17131.7,0.2874,46181.5
1753617220731,11:53:40.731,bitget,1INCH/USDT:USDT,0.2871,41080.2,0.287,58793.4,0.2873,17131.7,0.2874,46181.5
1753617220881,11:53:40.881,bitget,1INCH/USDT:USDT,0.2871,41080.2,0.287,58793.4,0.2873,17131.7,0.2874,46181.5
1753617221031,11:53:41.031,bitget,1INCH/USDT:USDT,0.2871,41080.2,0.287,58793.4,0.2873,17131.7,0.2874,46181.5
1753617221181,11:53:41.181,bitget,1INCH/USDT:USDT,0.2871,41080.2,0.287,58793.4,0.2873,17131.7,0.2874,46181.5
1753617221332,11:53:41.332,bitget,1INCH/USDT:USDT,0.2871,41080.2,0.287,58793.4,0.2873,17131.7,0.2874,46181.5
1753617221482,11:53:41.482,bitget,1INCH/USDT:USDT,0.2871,41080.2,0.287,58793.4,0.2873,17131.7,0.2874,46181.5
1753617221632,11:53:41.632,bitget,1INCH/USDT:USDT,0.2871,41080.2,0.287,58793.4,0.2873,17131.7,0.2874,46181.5
1753617221782,11:53:41.782,bitget,1INCH/USDT:USDT,0.2871,41080.2,0.287,58793.4,0.2873,17131.7,0.2874,46181.5
1753617221932,11:53:41.932,bitget,1INCH/USDT:USDT,0.2871,41080.2,0.287,58793.4,0.2873,17131.7,0.2874,46181.5
1753617222082,11:53:42.082,bitget,1INCH/USDT:USDT,0.2871,41080.2,0.287,58793.4,0.2873,17131.7,0.2874,46181.5
1753617222232,11:53:42.232,bitget,1INCH/USDT:USDT,0.2871,41080.2,0.287,58793.4,0.2873,17131.7,0.2874,46181.5
1753617222382,11:53:42.382,bitget,1INCH/USDT:USDT,0.2871,41080.2,0.287,58793.4,0.2873,17131.7,0.2874,46181.5
1753617222532,11:53:42.532,bitget,1INCH/USDT:USDT,0.2871,41080.2,0.287,58793.4,0.2873,17131.7,0.2874,46181.5
1753617222682,11:53:42.682,bitget,1INCH/USDT:USDT,0.2872,317.3,0.2871,41080.2,0.2873,17131.7,0.2874,46181.5
1753617222832,11:53:42.832,bitget,1INCH/USDT:USDT,0.2872,1582.4,0.2871,59623.0,0.2873,17131.7,0.2874,46181.5
1753617222982,11:53:42.982,bitget,1INCH/USDT:USDT,0.2872,1582.4,0.2871,59623.0,0.2873,16655.0,0.2874,32007.6
1753617223132,11:53:43.132,bitget,1INCH/USDT:USDT,0.2872,2941.9,0.2871,55515.5,0.2873,4233.3,0.2874,13717.2
1753617223283,11:53:43.283,bitget,1INCH/USDT:USDT,0.2872,2941.9,0.2871,55515.5,0.2873,4233.3,0.2874,13717.2
1753617223433,11:53:43.433,bitget,1INCH/USDT:USDT,0.2872,1582.4,0.2871,55515.5,0.2873,4233.3,0.2874,13717.2
1753617223583,11:53:43.583,bitget,1INCH/USDT:USDT,0.2872,1582.4,0.2871,55515.5,0.2873,4233.3,0.2874,13717.2
1753617223733,11:53:43.733,bitget,1INCH/USDT:USDT,0.2872,8492.1,0.2871,55515.5,0.2873,4233.3,0.2874,13717.2
1753617223883,11:53:43.883,bitget,1INCH/USDT:USDT,0.2872,13492.1,0.2871,55515.5,0.2873,4233.3,0.2874,13717.2
1753617224033,11:53:44.033,bitget,1INCH/USDT:USDT,0.2872,13492.1,0.2871,55515.5,0.2873,4233.3,0.2874,13717.2
1753617224183,11:53:44.183,bitget,1INCH/USDT:USDT,0.2872,13968.8,0.2871,55515.5,0.2873,4233.3,0.2874,13717.2
1753617224333,11:53:44.333,bitget,1INCH/USDT:USDT,0.2872,13968.8,0.2871,55515.5,0.2873,4233.3,0.2874,13717.2
1753617224483,11:53:44.483,bitget,1INCH/USDT:USDT,0.2872,13968.8,0.2871,55515.5,0.2873,4233.3,0.2874,13717.2
1753617224633,11:53:44.633,bitget,1INCH/USDT:USDT,0.2872,13968.8,0.2871,55515.5,0.2873,4233.3,0.2874,13717.2
1753617224783,11:53:44.783,bitget,1INCH/USDT:USDT,0.2872,13968.8,0.2871,55515.5,0.2873,4233.3,0.2874,13717.2
1753617224933,11:53:44.933,bitget,1INCH/USDT:USDT,0.2872,13968.8,0.2871,55515.5,0.2873,4233.3,0.2874,13717.2
1753617225084,11:53:45.084,bitget,1INCH/USDT:USDT,0.2872,13968.8,0.2871,55515.5,0.2873,4233.3,0.2874,13717.2
1753617225234,11:53:45.234,bitget,1INCH/USDT:USDT,0.2872,8968.8,0.2871,55515.5,0.2873,4233.3,0.2874,13717.2
1753617225384,11:53:45.384,bitget,1INCH/USDT:USDT,0.2872,8492.1,0.2871,55515.5,0.2873,4233.3,0.2874,13717.2
1753617225534,11:53:45.534,bitget,1INCH/USDT:USDT,0.2872,8492.1,0.2871,55515.5,0.2873,4233.3,0.2874,13717.2
1753617225684,11:53:45.684,bitget,1INCH/USDT:USDT,0.2872,8492.1,0.2871,55515.5,0.2873,4233.3,0.2874,13717.2
1753617225834,11:53:45.834,bitget,1INCH/USDT:USDT,0.2872,1582.4,0.2871,55515.5,0.2873,9736.3,0.2874,13717.2
1753617225984,11:53:45.984,bitget,1INCH/USDT:USDT,0.2872,3838.1,0.2871,55515.5,0.2873,9736.3,0.2874,13717.2
1753617226134,11:53:46.134,bitget,1INCH/USDT:USDT,0.2872,3838.1,0.2871,55515.5,0.2873,9736.3,0.2874,13717.2
1753617226284,11:53:46.284,bitget,1INCH/USDT:USDT,0.2872,3838.1,0.2871,55515.5,0.2873,9736.3,0.2874,13717.2
1753617226434,11:53:46.434,bitget,1INCH/USDT:USDT,0.2872,3838.1,0.2871,55515.5,0.2873,9736.3,0.2874,13717.2
1753617226584,11:53:46.584,bitget,1INCH/USDT:USDT,0.2872,3838.1,0.2871,55515.5,0.2873,9736.3,0.2874,13717.2
1753617226734,11:53:46.734,bitget,1INCH/USDT:USDT,0.2872,3838.1,0.2871,55515.5,0.2873,9736.3,0.2874,13717.2
1753617226885,11:53:46.885,bitget,1INCH/USDT:USDT,0.2872,9486.2,0.2871,56475.0,0.2873,4554.1,0.2874,13717.2
1753617227035,11:53:47.035,bitget,1INCH/USDT:USDT,0.2872,9486.2,0.2871,56475.0,0.2873,4554.1,0.2874,13717.2
1753617227185,11:53:47.185,bitget,1INCH/USDT:USDT,0.2872,9486.2,0.2871,56475.0,0.2873,4233.3,0.2874,13717.2
1753617227335,11:53:47.335,bitget,1INCH/USDT:USDT,0.2872,9962.9,0.2871,56475.0,0.2873,4233.3,0.2874,13717.2
1753617227485,11:53:47.485,bitget,1INCH/USDT:USDT,0.2872,9962.9,0.2871,56475.0,0.2873,4233.3,0.2874,13717.2
1753617227635,11:53:47.635,bitget,1INCH/USDT:USDT,0.2872,9962.9,0.2871,56475.0,0.2873,4233.3,0.2874,13717.2
1753617227785,11:53:47.785,bitget,1INCH/USDT:USDT,0.2872,14486.2,0.2871,56475.0,0.2873,4233.3,0.2874,13717.2
1753617227935,11:53:47.935,bitget,1INCH/USDT:USDT,0.2872,9486.2,0.2871,56475.0,0.2873,4233.3,0.2874,13717.2
1753617228085,11:53:48.085,bitget,1INCH/USDT:USDT,0.2872,9486.2,0.2871,56475.0,0.2873,4233.3,0.2874,13717.2
1753617228235,11:53:48.235,bitget,1INCH/USDT:USDT,0.2872,9486.2,0.2871,56475.0,0.2873,4233.3,0.2874,13717.2
1753617228385,11:53:48.385,bitget,1INCH/USDT:USDT,0.2872,9486.2,0.2871,56475.0,0.2873,4556.2,0.2874,13717.2
1753617228535,11:53:48.535,bitget,1INCH/USDT:USDT,0.2872,9486.2,0.2871,56475.0,0.2873,4233.3,0.2874,13717.2
1753617228686,11:53:48.686,bitget,1INCH/USDT:USDT,0.2872,9486.2,0.2871,56475.0,0.2873,4233.3,0.2874,13717.2
1753617228836,11:53:48.836,bitget,1INCH/USDT:USDT,0.2872,9486.2,0.2871,56475.0,0.2873,4233.3,0.2874,13717.2
1753617228986,11:53:48.986,bitget,1INCH/USDT:USDT,0.2872,9486.2,0.2871,56475.0,0.2873,4233.3,0.2874,13717.2
1753617229136,11:53:49.136,bitget,1INCH/USDT:USDT,0.2872,9486.2,0.2871,56475.0,0.2873,4233.3,0.2874,13717.2
1753617229286,11:53:49.286,bitget,1INCH/USDT:USDT,0.2872,9486.2,0.2871,56475.0,0.2873,4233.3,0.2874,13717.2
1753617229436,11:53:49.436,bitget,1INCH/USDT:USDT,0.2872,9486.2,0.2871,56475.0,0.2873,4233.3,0.2874,13717.2
1753617229586,11:53:49.586,bitget,1INCH/USDT:USDT,0.2872,9486.2,0.2871,56475.0,0.2873,4233.3,0.2874,13717.2
1753617229736,11:53:49.736,bitget,1INCH/USDT:USDT,0.2872,14486.2,0.2871,56475.0,0.2873,4233.3,0.2874,13717.2
1753617229886,11:53:49.886,bitget,1INCH/USDT:USDT,0.2872,14486.2,0.2871,56475.0,0.2873,4233.3,0.2874,13717.2
1753617230036,11:53:50.036,bitget,1INCH/USDT:USDT,0.2872,14486.2,0.2871,56475.0,0.2873,4233.3,0.2874,13717.2
1753617230186,11:53:50.186,bitget,1INCH/USDT:USDT,0.2872,14486.2,0.2871,56475.0,0.2873,4233.3,0.2874,13717.2
1753617230336,11:53:50.336,bitget,1INCH/USDT:USDT,0.2872,14486.2,0.2871,55998.3,0.2873,4233.3,0.2874,13717.2
1753617230487,11:53:50.487,bitget,1INCH/USDT:USDT,0.2873,3651.6,0.2872,27933.5,0.2874,6807.5,0.2875,31022.2
1753617230637,11:53:50.637,bitget,1INCH/USDT:USDT,0.2873,3651.6,0.2872,64673.4,0.2874,6807.5,0.2875,31022.2
1753617230787,11:53:50.787,bitget,1INCH/USDT:USDT,0.2873,2292.1,0.2872,64673.4,0.2874,6807.5,0.2875,31022.2
1753617230937,11:53:50.937,bitget,1INCH/USDT:USDT,0.2873,1426.1,0.2872,64673.4,0.2874,6807.5,0.2875,31022.2
1753617231087,11:53:51.087,bitget,1INCH/USDT:USDT,0.2873,1426.1,0.2872,64673.4,0.2874,6807.5,0.2875,31022.2
1753617231237,11:53:51.237,bitget,1INCH/USDT:USDT,0.2873,1426.1,0.2872,64673.4,0.2874,6807.5,0.2875,31022.2
1753617231387,11:53:51.387,bitget,1INCH/USDT:USDT,0.2873,1426.1,0.2872,59673.4,0.2874,6807.5,0.2875,31022.2
1753617231537,11:53:51.537,bitget,1INCH/USDT:USDT,0.2873,1103.2,0.2872,59196.7,0.2874,6807.5,0.2875,31022.2
1753617231687,11:53:51.687,bitget,1INCH/USDT:USDT,0.2873,1103.2,0.2872,34937.4,0.2874,6807.5,0.2875,31022.2
1753617231837,11:53:51.837,bitget,1INCH/USDT:USDT,0.2873,2249.0,0.2872,34937.4,0.2874,11807.5,0.2875,31022.2
1753617231987,11:53:51.987,bitget,1INCH/USDT:USDT,0.2873,3302.5,0.2872,34937.4,0.2874,11807.5,0.2875,31022.2
1753617232138,11:53:52.138,bitget,1INCH/USDT:USDT,0.2873,3302.5,0.2872,34937.4,0.2874,11807.5,0.2875,31022.2
1753617232288,11:53:52.288,bitget,1INCH/USDT:USDT,0.2872,34937.4,0.2871,53748.9,0.2874,19193.9,0.2875,31022.2
1753617232438,11:53:52.438,bitget,1INCH/USDT:USDT,0.2872,15464.2,0.2871,68030.7,0.2874,19193.9,0.2875,31022.2
1753617232588,11:53:52.588,bitget,1INCH/USDT:USDT,0.2872,20292.4,0.2871,68030.7,0.2874,19193.9,0.2875,31022.2
1753617232738,11:53:52.738,bitget,1INCH/USDT:USDT,0.2872,20292.4,0.2871,68030.7,0.2873,5322.9,0.2874,19193.9
1753617232888,11:53:52.888,bitget,1INCH/USDT:USDT,0.2872,10204.6,0.2871,68030.7,0.2873,5322.9,0.2874,18717.2
1753617233038,11:53:53.038,bitget,1INCH/USDT:USDT,0.2872,10204.6,0.2871,68030.7,0.2873,5322.9,0.2874,18717.2
1753617233188,11:53:53.188,bitget,1INCH/USDT:USDT,0.2872,10204.6,0.2871,68030.7,0.2873,5322.9,0.2874,18717.2
1753617233338,11:53:53.338,bitget,1INCH/USDT:USDT,0.2872,10204.6,0.2871,68030.7,0.2873,5322.9,0.2874,18717.2
1753617233488,11:53:53.488,bitget,1INCH/USDT:USDT,0.2872,10204.6,0.2871,68030.7,0.2873,5322.9,0.2874,18717.2
1753617233638,11:53:53.638,bitget,1INCH/USDT:USDT,0.2872,10204.6,0.2871,68030.7,0.2873,5322.9,0.2874,18717.2
1753617233788,11:53:53.788,bitget,1INCH/USDT:USDT,0.2872,10204.6,0.2871,68030.7,0.2873,5322.9,0.2874,18717.2
1753617233939,11:53:53.939,bitget,1INCH/USDT:USDT,0.2872,3019.1,0.2871,68030.7,0.2873,10981.8,0.2874,18717.2
1753617234089,11:53:54.089,bitget,1INCH/USDT:USDT,0.2872,3019.1,0.2871,68030.7,0.2873,10505.1,0.2874,18717.2
1753617234239,11:53:54.239,bitget,1INCH/USDT:USDT,0.2872,3019.1,0.2871,68030.7,0.2873,10505.1,0.2874,18717.2
1753617234389,11:53:54.389,bitget,1INCH/USDT:USDT,0.2872,3019.1,0.2871,68030.7,0.2873,10505.1,0.2874,18717.2
1753617234539,11:53:54.539,bitget,1INCH/USDT:USDT,0.2872,3019.1,0.2871,68030.7,0.2873,10505.1,0.2874,18717.2
1753617234689,11:53:54.689,bitget,1INCH/USDT:USDT,0.2872,3019.1,0.2871,68030.7,0.2873,10505.1,0.2874,18717.2
1753617234839,11:53:54.839,bitget,1INCH/USDT:USDT,0.2872,3019.1,0.2871,68030.7,0.2873,10505.1,0.2874,18717.2
1753617234989,11:53:54.989,bitget,1INCH/USDT:USDT,0.2872,3019.1,0.2871,68030.7,0.2873,10505.1,0.2874,18717.2
1753617235139,11:53:55.139,bitget,1INCH/USDT:USDT,0.2872,3019.1,0.2871,68030.7,0.2873,10505.1,0.2874,18717.2
1753617235289,11:53:55.289,bitget,1INCH/USDT:USDT,0.2872,3019.1,0.2871,68030.7,0.2873,5322.9,0.2874,18717.2
1753617235439,11:53:55.439,bitget,1INCH/USDT:USDT,0.2872,1680.3,0.2871,68030.7,0.2873,5322.9,0.2874,18717.2
1753617235589,11:53:55.589,bitget,1INCH/USDT:USDT,0.2872,3474.0,0.2871,68030.7,0.2873,5322.9,0.2874,18717.2
1753617235739,11:53:55.739,bitget,1INCH/USDT:USDT,0.2872,3474.0,0.2871,68030.7,0.2873,5322.9,0.2874,18717.2
1753617235890,11:53:55.890,bitget,1INCH/USDT:USDT,0.2872,3474.0,0.2871,68030.7,0.2873,5322.9,0.2874,18717.2
1753617236040,11:53:56.040,bitget,1INCH/USDT:USDT,0.2872,3474.0,0.2871,68030.7,0.2873,5322.9,0.2874,18717.2
1753617236190,11:53:56.190,bitget,1INCH/USDT:USDT,0.2872,3474.0,0.2871,68030.7,0.2873,5322.9,0.2874,18717.2
1753617236340,11:53:56.340,bitget,1INCH/USDT:USDT,0.2872,3474.0,0.2871,68030.7,0.2873,5322.9,0.2874,18717.2
1753617236490,11:53:56.490,bitget,1INCH/USDT:USDT,0.2872,3474.0,0.2871,68030.7,0.2873,5322.9,0.2874,18717.2
1753617236640,11:53:56.640,bitget,1INCH/USDT:USDT,0.2872,1680.3,0.2871,68030.7,0.2873,5322.9,0.2874,18717.2
1753617236790,11:53:56.790,bitget,1INCH/USDT:USDT,0.2872,1680.3,0.2871,68030.7,0.2873,5322.9,0.2874,18717.2
1753617236940,11:53:56.940,bitget,1INCH/USDT:USDT,0.2872,1680.3,0.2871,68030.7,0.2873,5322.9,0.2874,18717.2
1753617237090,11:53:57.090,bitget,1INCH/USDT:USDT,0.2872,1680.3,0.2871,68030.7,0.2873,5322.9,0.2874,18717.2
1753617237240,11:53:57.240,bitget,1INCH/USDT:USDT,0.2872,1680.3,0.2871,68030.7,0.2873,5322.9,0.2874,18717.2
1753617237390,11:53:57.390,bitget,1INCH/USDT:USDT,0.2872,1680.3,0.2871,68030.7,0.2873,5322.9,0.2874,18717.2
1753617237540,11:53:57.540,bitget,1INCH/USDT:USDT,0.2872,1680.3,0.2871,68030.7,0.2873,5322.9,0.2874,18717.2
1753617237690,11:53:57.690,bitget,1INCH/USDT:USDT,0.2872,1359.5,0.2871,68030.7,0.2873,5322.9,0.2874,18717.2
1753617237841,11:53:57.841,bitget,1INCH/USDT:USDT,0.2872,2437.8,0.2871,68030.7,0.2873,5799.6,0.2874,18717.2
1753617237991,11:53:57.991,bitget,1INCH/USDT:USDT,0.2872,2437.8,0.2871,68030.7,0.2873,5799.6,0.2874,18717.2
1753617238141,11:53:58.141,bitget,1INCH/USDT:USDT,0.2872,2437.8,0.2871,68030.7,0.2873,7249.5,0.2874,18717.2
1753617238291,11:53:58.291,bitget,1INCH/USDT:USDT,0.2872,2760.3,0.2871,68030.7,0.2873,6772.8,0.2874,18717.2
1753617238441,11:53:58.441,bitget,1INCH/USDT:USDT,0.2872,1682.0,0.2871,68030.7,0.2873,6772.8,0.2874,18717.2
1753617238591,11:53:58.591,bitget,1INCH/USDT:USDT,0.2872,1682.0,0.2871,68030.7,0.2873,6772.8,0.2874,18717.2
1753617238741,11:53:58.741,bitget,1INCH/USDT:USDT,0.2872,1682.0,0.2871,68030.7,0.2873,6772.8,0.2874,18717.2
1753617238891,11:53:58.891,bitget,1INCH/USDT:USDT,0.2872,1682.0,0.2871,68030.7,0.2873,6772.8,0.2874,18717.2
1753617239041,11:53:59.041,bitget,1INCH/USDT:USDT,0.2872,1682.0,0.2871,68030.7,0.2873,6772.8,0.2874,18717.2
1753617239191,11:53:59.191,bitget,1INCH/USDT:USDT,0.2872,1682.0,0.2871,68030.7,0.2873,6772.8,0.2874,18717.2
1753617239341,11:53:59.341,bitget,1INCH/USDT:USDT,0.2872,1682.0,0.2871,68030.7,0.2873,6772.8,0.2874,18717.2
1753617239491,11:53:59.491,bitget,1INCH/USDT:USDT,0.2872,1682.0,0.2871,68030.7,0.2873,6772.8,0.2874,18717.2
1753617239642,11:53:59.642,bitget,1INCH/USDT:USDT,0.2872,1359.5,0.2871,68030.7,0.2873,11955.0,0.2874,18717.2
1753617239792,11:53:59.792,bitget,1INCH/USDT:USDT,0.2872,3732.5,0.2871,68030.7,0.2873,11955.0,0.2874,18717.2
1753617239942,11:53:59.942,bitget,1INCH/USDT:USDT,0.2872,3732.5,0.2871,68030.7,0.2873,11955.0,0.2874,18717.2
1753617240092,11:54:00.092,bitget,1INCH/USDT:USDT,0.2872,2626.0,0.2871,68030.7,0.2873,11955.0,0.2874,18717.2
1753617240242,11:54:00.242,bitget,1INCH/USDT:USDT,0.2872,2626.0,0.2871,68030.7,0.2873,11955.0,0.2874,18717.2
1753617240392,11:54:00.392,bitget,1INCH/USDT:USDT,0.2872,2626.0,0.2871,68030.7,0.2873,11955.0,0.2874,18717.2
1753617240542,11:54:00.542,bitget,1INCH/USDT:USDT,0.2872,2626.0,0.2871,68030.7,0.2873,11955.0,0.2874,18717.2
1753617240692,11:54:00.692,bitget,1INCH/USDT:USDT,0.2872,2626.0,0.2871,68030.7,0.2873,11955.0,0.2874,18717.2
1753617240842,11:54:00.842,bitget,1INCH/USDT:USDT,0.2872,2626.0,0.2871,68030.7,0.2873,11955.0,0.2874,18717.2
1753617240992,11:54:00.992,bitget,1INCH/USDT:USDT,0.2872,2626.0,0.2871,68030.7,0.2873,11955.0,0.2874,18717.2
1753617241142,11:54:01.142,bitget,1INCH/USDT:USDT,0.2872,2626.0,0.2871,68030.7,0.2873,11955.0,0.2874,18717.2
1753617241292,11:54:01.292,bitget,1INCH/USDT:USDT,0.2872,2626.0,0.2871,68030.7,0.2873,11955.0,0.2874,18717.2
1753617241443,11:54:01.443,bitget,1INCH/USDT:USDT,0.2872,2626.0,0.2871,68030.7,0.2873,11955.0,0.2874,18717.2
1753617241593,11:54:01.593,bitget,1INCH/USDT:USDT,0.2872,2626.0,0.2871,68030.7,0.2873,11955.0,0.2874,18717.2
1753617241743,11:54:01.743,bitget,1INCH/USDT:USDT,0.2872,2626.0,0.2871,68030.7,0.2873,11955.0,0.2874,18717.2
1753617241893,11:54:01.893,bitget,1INCH/USDT:USDT,0.2872,2626.0,0.2871,68030.7,0.2873,11955.0,0.2874,18717.2
1753617242043,11:54:02.043,bitget,1INCH/USDT:USDT,0.2872,2626.0,0.2871,68030.7,0.2873,11955.0,0.2874,18717.2
1753617242193,11:54:02.193,bitget,1INCH/USDT:USDT,0.2872,2626.0,0.2871,68030.7,0.2873,11955.0,0.2874,18717.2
1753617242343,11:54:02.343,bitget,1INCH/USDT:USDT,0.2872,2626.0,0.2871,68030.7,0.2873,11955.0,0.2874,18717.2
1753617242493,11:54:02.493,bitget,1INCH/USDT:USDT,0.2872,2626.0,0.2871,68030.7,0.2873,11955.0,0.2874,18717.2
1753617242643,11:54:02.643,bitget,1INCH/USDT:USDT,0.2872,2626.0,0.2871,68030.7,0.2873,11955.0,0.2874,18717.2
1753617242793,11:54:02.793,bitget,1INCH/USDT:USDT,0.2872,2626.0,0.2871,68030.7,0.2873,11955.0,0.2874,18717.2
1753617242943,11:54:02.943,bitget,1INCH/USDT:USDT,0.2872,2948.5,0.2871,68030.7,0.2873,11955.0,0.2874,18717.2
1753617243093,11:54:03.093,bitget,1INCH/USDT:USDT,0.2872,2948.5,0.2871,68030.7,0.2873,11955.0,0.2874,18717.2
1753617243244,11:54:03.244,bitget,1INCH/USDT:USDT,0.2872,2948.5,0.2871,68030.7,0.2873,11955.0,0.2874,18717.2
1753617243394,11:54:03.394,bitget,1INCH/USDT:USDT,0.2872,2948.5,0.2871,68030.7,0.2873,11955.0,0.2874,18717.2
1753617243544,11:54:03.544,bitget,1INCH/USDT:USDT,0.2872,2948.5,0.2871,68030.7,0.2873,11955.0,0.2874,18717.2
1753617243694,11:54:03.694,bitget,1INCH/USDT:USDT,0.2872,2626.0,0.2871,68030.7,0.2873,11955.0,0.2874,18717.2
1753617243844,11:54:03.844,bitget,1INCH/USDT:USDT,0.2872,2626.0,0.2871,68030.7,0.2873,11955.0,0.2874,18717.2
1753617243994,11:54:03.994,bitget,1INCH/USDT:USDT,0.2872,2948.5,0.2871,68030.7,0.2873,11955.0,0.2874,18717.2
1753617244144,11:54:04.144,bitget,1INCH/USDT:USDT,0.2872,2948.5,0.2871,68030.7,0.2873,11955.0,0.2874,18717.2
1753617244294,11:54:04.294,bitget,1INCH/USDT:USDT,0.2872,2626.0,0.2871,68030.7,0.2873,11955.0,0.2874,18717.2
1753617244444,11:54:04.444,bitget,1INCH/USDT:USDT,0.2872,2626.0,0.2871,68030.7,0.2873,11955.0,0.2874,18717.2
1753617244594,11:54:04.594,bitget,1INCH/USDT:USDT,0.2872,2626.0,0.2871,68030.7,0.2873,11955.0,0.2874,18717.2
1753617244744,11:54:04.744,bitget,1INCH/USDT:USDT,0.2872,2626.0,0.2871,68030.7,0.2873,11955.0,0.2874,18717.2
1753617244895,11:54:04.895,bitget,1INCH/USDT:USDT,0.2872,2626.0,0.2871,68030.7,0.2873,11955.0,0.2874,18717.2
1753617245045,11:54:05.045,bitget,1INCH/USDT:USDT,0.2872,2626.0,0.2871,68030.7,0.2873,11955.0,0.2874,18717.2
1753617245195,11:54:05.195,bitget,1INCH/USDT:USDT,0.2871,68030.7,0.287,74277.0,0.2873,11955.0,0.2874,18717.2
1753617245345,11:54:05.345,bitget,1INCH/USDT:USDT,0.2871,48566.7,0.287,93149.3,0.2873,11955.0,0.2874,18717.2
1753617245495,11:54:05.495,bitget,1INCH/USDT:USDT,0.2871,48566.7,0.287,93149.3,0.2873,11955.0,0.2874,18717.2
1753617245645,11:54:05.645,bitget,1INCH/USDT:USDT,0.2871,48566.7,0.287,93149.3,0.2872,322.5,0.2873,11955.0
1753617245795,11:54:05.795,bitget,1INCH/USDT:USDT,0.2871,28737.6,0.287,93149.3,0.2872,322.5,0.2873,11955.0
1753617245945,11:54:05.945,bitget,1INCH/USDT:USDT,0.2871,28737.6,0.287,93149.3,0.2872,322.5,0.2873,11955.0
1753617246095,11:54:06.095,bitget,1INCH/USDT:USDT,0.2871,28737.6,0.287,93149.3,0.2872,322.5,0.2873,11955.0
1753617246245,11:54:06.245,bitget,1INCH/USDT:USDT,0.2871,28737.6,0.287,93149.3,0.2872,322.5,0.2873,11955.0
1753617246395,11:54:06.395,bitget,1INCH/USDT:USDT,0.2871,28737.6,0.287,93149.3,0.2872,322.5,0.2873,11955.0
1753617246545,11:54:06.545,bitget,1INCH/USDT:USDT,0.2871,28737.6,0.287,93149.3,0.2872,322.5,0.2873,11955.0
1753617246696,11:54:06.696,bitget,1INCH/USDT:USDT,0.2871,28737.6,0.287,93149.3,0.2872,322.5,0.2873,11955.0
1753617246846,11:54:06.846,bitget,1INCH/USDT:USDT,0.2871,28737.6,0.287,93149.3,0.2872,322.5,0.2873,11955.0
1753617246996,11:54:06.996,bitget,1INCH/USDT:USDT,0.2871,28737.6,0.287,93149.3,0.2872,322.5,0.2873,11955.0
1753617247146,11:54:07.146,bitget,1INCH/USDT:USDT,0.2871,28737.6,0.287,93149.3,0.2872,322.5,0.2873,11955.0
1753617247296,11:54:07.296,bitget,1INCH/USDT:USDT,0.2871,10451.9,0.287,30489.6,0.2872,5981.4,0.2873,18864.7
1753617247446,11:54:07.446,bitget,1INCH/USDT:USDT,0.2871,21493.2,0.287,31087.5,0.2872,5981.4,0.2873,18864.7
1753617247596,11:54:07.596,bitget,1INCH/USDT:USDT,0.2871,959.5,0.287,67849.4,0.2872,10981.4,0.2873,18864.7
1753617247746,11:54:07.746,bitget,1INCH/USDT:USDT,0.2871,1278.4,0.287,67849.4,0.2872,17891.1,0.2873,35721.7
1753617247896,11:54:07.896,bitget,1INCH/USDT:USDT,0.2871,1278.4,0.287,49355.1,0.2872,17891.1,0.2873,35721.7
1753617248046,11:54:08.046,bitget,1INCH/USDT:USDT,0.287,21031.1,0.2869,34462.9,0.2871,1278.4,0.2872,22595.8
1753617248196,11:54:08.196,bitget,1INCH/USDT:USDT,0.287,20747.1,0.2869,48857.6,0.2871,6074.0,0.2872,22119.1
1753617248346,11:54:08.346,bitget,1INCH/USDT:USDT,0.287,20747.1,0.2869,48857.6,0.2871,6074.0,0.2872,22119.1
1753617248497,11:54:08.497,bitget,1INCH/USDT:USDT,0.287,20747.1,0.2869,48857.6,0.2871,6074.0,0.2872,22119.1
1753617248647,11:54:08.647,bitget,1INCH/USDT:USDT,0.287,18599.0,0.2869,48857.6,0.2871,6074.0,0.2872,22119.1
1753617248797,11:54:08.797,bitget,1INCH/USDT:USDT,0.287,18599.0,0.2869,48857.6,0.2871,6074.0,0.2872,22119.1
1753617248947,11:54:08.947,bitget,1INCH/USDT:USDT,0.287,18599.0,0.2869,48857.6,0.2871,6074.0,0.2872,22119.1
1753617249097,11:54:09.097,bitget,1INCH/USDT:USDT,0.287,18599.0,0.2869,48857.6,0.2871,6074.0,0.2872,22119.1
1753617249247,11:54:09.247,bitget,1INCH/USDT:USDT,0.287,18599.0,0.2869,48857.6,0.2871,6074.0,0.2872,22119.1
1753617249397,11:54:09.397,bitget,1INCH/USDT:USDT,0.2869,32215.3,0.2868,11377.9,0.287,18267.5,0.2871,18165.9
1753617249547,11:54:09.547,bitget,1INCH/USDT:USDT,0.2869,2864.6,0.2868,48712.8,0.287,13642.5,0.2871,17689.2
1753617249697,11:54:09.697,bitget,1INCH/USDT:USDT,0.287,2052.6,0.2869,43796.3,0.2871,10067.9,0.2872,31903.6
1753617249847,11:54:09.847,bitget,1INCH/USDT:USDT,0.287,3313.3,0.2869,62795.2,0.2871,10067.9,0.2872,31903.6
1753617250147,11:54:10.147,bitget,1INCH/USDT:USDT,0.287,2052.6,0.2869,58507.2,0.2871,10067.9,0.2872,31903.6
1753617250298,11:54:10.298,bitget,1INCH/USDT:USDT,0.287,2052.6,0.2869,58507.2,0.2871,10067.9,0.2872,31903.6
1753617250448,11:54:10.448,bitget,1INCH/USDT:USDT,0.287,2052.6,0.2869,58507.2,0.2871,10067.9,0.2872,31903.6
1753617250598,11:54:10.598,bitget,1INCH/USDT:USDT,0.287,2052.6,0.2869,54379.5,0.2871,10067.9,0.2872,31903.6
1753617250748,11:54:10.748,bitget,1INCH/USDT:USDT,0.287,3205.6,0.2869,54379.5,0.2871,10067.9,0.2872,31903.6
1753617250898,11:54:10.898,bitget,1INCH/USDT:USDT,0.287,3205.6,0.2869,54379.5,0.2871,10067.9,0.2872,31903.6
1753617251048,11:54:11.048,bitget,1INCH/USDT:USDT,0.287,3205.6,0.2869,54379.5,0.2871,10067.9,0.2872,31903.6
1753617251198,11:54:11.198,bitget,1INCH/USDT:USDT,0.287,3205.6,0.2869,54379.5,0.2871,10067.9,0.2872,31903.6
1753617251348,11:54:11.348,bitget,1INCH/USDT:USDT,0.287,3205.6,0.2869,54379.5,0.2871,9749.0,0.2872,31903.6
1753617251498,11:54:11.498,bitget,1INCH/USDT:USDT,0.287,3205.6,0.2869,54379.5,0.2871,9749.0,0.2872,31903.6
1753617251648,11:54:11.648,bitget,1INCH/USDT:USDT,0.287,3205.6,0.2869,54379.5,0.2871,9749.0,0.2872,31903.6
1753617251798,11:54:11.798,bitget,1INCH/USDT:USDT,0.287,3205.6,0.2869,54379.5,0.2871,9749.0,0.2872,31903.6
1753617251948,11:54:11.948,bitget,1INCH/USDT:USDT,0.287,3205.6,0.2869,54379.5,0.2871,9749.0,0.2872,31903.6
1753617252099,11:54:12.099,bitget,1INCH/USDT:USDT,0.287,2909.0,0.2869,54379.5,0.2871,9749.0,0.2872,31903.6
1753617252249,11:54:12.249,bitget,1INCH/USDT:USDT,0.287,2909.0,0.2869,54379.5,0.2871,9749.0,0.2872,31903.6
1753617252399,11:54:12.399,bitget,1INCH/USDT:USDT,0.287,2909.0,0.2869,54379.5,0.2871,9749.0,0.2872,31903.6
1753617252549,11:54:12.549,bitget,1INCH/USDT:USDT,0.287,2909.0,0.2869,54379.5,0.2871,9749.0,0.2872,31903.6
1753617252699,11:54:12.699,bitget,1INCH/USDT:USDT,0.287,2909.0,0.2869,54379.5,0.2871,9749.0,0.2872,31903.6
1753617252849,11:54:12.849,bitget,1INCH/USDT:USDT,0.287,2909.0,0.2869,54379.5,0.2871,9749.0,0.2872,31903.6
1753617252999,11:54:12.999,bitget,1INCH/USDT:USDT,0.287,2909.0,0.2869,54379.5,0.2871,9749.0,0.2872,31903.6
1753617253149,11:54:13.149,bitget,1INCH/USDT:USDT,0.287,2909.0,0.2869,54379.5,0.2871,9749.0,0.2872,31903.6
1753617253299,11:54:13.299,bitget,1INCH/USDT:USDT,0.287,2909.0,0.2869,54379.5,0.2871,9749.0,0.2872,31903.6
1753617253449,11:54:13.449,bitget,1INCH/USDT:USDT,0.287,2909.0,0.2869,54379.5,0.2871,9749.0,0.2872,31903.6
1753617253599,11:54:13.599,bitget,1INCH/USDT:USDT,0.287,2909.0,0.2869,54379.5,0.2871,9749.0,0.2872,31903.6
1753617253749,11:54:13.749,bitget,1INCH/USDT:USDT,0.287,2909.0,0.2869,54379.5,0.2871,9749.0,0.2872,31903.6
1753617253900,11:54:13.900,bitget,1INCH/USDT:USDT,0.287,2909.0,0.2869,54379.5,0.2871,9749.0,0.2872,31903.6
1753617254050,11:54:14.050,bitget,1INCH/USDT:USDT,0.287,2909.0,0.2869,54379.5,0.2871,9749.0,0.2872,31903.6
1753617254200,11:54:14.200,bitget,1INCH/USDT:USDT,0.287,2909.0,0.2869,54379.5,0.2871,9749.0,0.2872,31903.6
1753617254350,11:54:14.350,bitget,1INCH/USDT:USDT,0.287,2909.0,0.2869,54379.5,0.2871,9749.0,0.2872,31903.6
1753617254500,11:54:14.500,bitget,1INCH/USDT:USDT,0.287,2909.0,0.2869,54379.5,0.2871,9749.0,0.2872,31903.6
1753617254650,11:54:14.650,bitget,1INCH/USDT:USDT,0.287,2909.0,0.2869,54379.5,0.2871,9749.0,0.2872,31903.6
1753617254800,11:54:14.800,bitget,1INCH/USDT:USDT,0.287,2909.0,0.2869,54379.5,0.2871,9749.0,0.2872,31903.6
1753617254950,11:54:14.950,bitget,1INCH/USDT:USDT,0.287,2909.0,0.2869,54379.5,0.2871,9749.0,0.2872,31903.6
1753617255100,11:54:15.100,bitget,1INCH/USDT:USDT,0.287,2909.0,0.2869,54379.5,0.2871,9749.0,0.2872,31903.6
1753617255250,11:54:15.250,bitget,1INCH/USDT:USDT,0.287,2909.0,0.2869,54379.5,0.2871,9749.0,0.2872,31903.6
1753617255400,11:54:15.400,bitget,1INCH/USDT:USDT,0.287,2909.0,0.2869,54379.5,0.2871,9749.0,0.2872,31903.6
1753617255550,11:54:15.550,bitget,1INCH/USDT:USDT,0.287,2909.0,0.2869,54379.5,0.2871,9749.0,0.2872,31903.6
1753617255701,11:54:15.701,bitget,1INCH/USDT:USDT,0.287,2909.0,0.2869,54379.5,0.2871,9749.0,0.2872,31903.6
1753617255851,11:54:15.851,bitget,1INCH/USDT:USDT,0.287,2909.0,0.2869,54379.5,0.2871,9749.0,0.2872,31903.6
1753617256001,11:54:16.001,bitget,1INCH/USDT:USDT,0.287,2909.0,0.2869,54379.5,0.2871,9749.0,0.2872,31903.6
1753617256151,11:54:16.151,bitget,1INCH/USDT:USDT,0.287,2909.0,0.2869,54379.5,0.2871,9749.0,0.2872,31903.6
1753617256301,11:54:16.301,bitget,1INCH/USDT:USDT,0.287,2909.0,0.2869,54379.5,0.2871,9749.0,0.2872,31903.6
1753617256451,11:54:16.451,bitget,1INCH/USDT:USDT,0.287,2909.0,0.2869,54379.5,0.2871,9749.0,0.2872,31903.6
1753617256601,11:54:16.601,bitget,1INCH/USDT:USDT,0.287,2909.0,0.2869,54379.5,0.2871,9749.0,0.2872,31903.6
1753617256751,11:54:16.751,bitget,1INCH/USDT:USDT,0.287,2909.0,0.2869,54379.5,0.2871,10067.4,0.2872,31903.6
1753617256901,11:54:16.901,bitget,1INCH/USDT:USDT,0.287,2909.0,0.2869,54379.5,0.2871,10067.4,0.2872,31903.6
1753617257051,11:54:17.051,bitget,1INCH/USDT:USDT,0.287,2909.0,0.2869,54379.5,0.2871,10067.4,0.2872,31903.6
1753617257201,11:54:17.201,bitget,1INCH/USDT:USDT,0.287,2909.0,0.2869,54379.5,0.2871,10067.4,0.2872,31903.6
1753617257351,11:54:17.351,bitget,1INCH/USDT:USDT,0.287,2909.0,0.2869,54379.5,0.2871,9749.0,0.2872,31903.6
1753617257502,11:54:17.502,bitget,1INCH/USDT:USDT,0.287,2909.0,0.2869,54379.5,0.2871,9749.0,0.2872,31903.6
1753617257652,11:54:17.652,bitget,1INCH/USDT:USDT,0.287,2909.0,0.2869,54379.5,0.2871,9749.0,0.2872,31903.6
1753617257802,11:54:17.802,bitget,1INCH/USDT:USDT,0.287,2909.0,0.2869,54379.5,0.2871,9749.0,0.2872,31903.6
1753617257952,11:54:17.952,bitget,1INCH/USDT:USDT,0.287,2909.0,0.2869,54379.5,0.2871,9749.0,0.2872,31903.6
1753617258102,11:54:18.102,bitget,1INCH/USDT:USDT,0.287,2909.0,0.2869,54379.5,0.2871,9749.0,0.2872,31903.6
1753617258252,11:54:18.252,bitget,1INCH/USDT:USDT,0.287,2909.0,0.2869,54379.5,0.2871,9749.0,0.2872,31903.6
1753617258402,11:54:18.402,bitget,1INCH/USDT:USDT,0.287,2909.0,0.2869,54379.5,0.2871,9749.0,0.2872,31903.6
1753617258552,11:54:18.552,bitget,1INCH/USDT:USDT,0.287,2909.0,0.2869,54379.5,0.2871,9749.0,0.2872,31903.6
1753617258702,11:54:18.702,bitget,1INCH/USDT:USDT,0.287,2909.0,0.2869,54379.5,0.2871,9749.0,0.2872,31903.6
1753617258852,11:54:18.852,bitget,1INCH/USDT:USDT,0.287,2909.0,0.2869,54379.5,0.2871,9749.0,0.2872,31903.6
1753617259002,11:54:19.002,bitget,1INCH/USDT:USDT,0.287,2909.0,0.2869,54379.5,0.2871,9749.0,0.2872,31903.6
1753617259152,11:54:19.152,bitget,1INCH/USDT:USDT,0.287,2909.0,0.2869,54379.5,0.2871,9749.0,0.2872,31903.6
1753617259302,11:54:19.302,bitget,1INCH/USDT:USDT,0.287,2909.0,0.2869,54379.5,0.2871,9749.0,0.2872,31903.6
1753617259453,11:54:19.453,bitget,1INCH/USDT:USDT,0.287,2909.0,0.2869,54379.5,0.2871,9749.0,0.2872,31903.6
1753617259603,11:54:19.603,bitget,1INCH/USDT:USDT,0.287,2909.0,0.2869,54379.5,0.2871,9749.0,0.2872,31903.6
1753617259753,11:54:19.753,bitget,1INCH/USDT:USDT,0.287,2909.0,0.2869,54379.5,0.2871,9749.0,0.2872,31903.6
1753617259903,11:54:19.903,bitget,1INCH/USDT:USDT,0.287,2909.0,0.2869,54379.5,0.2871,9749.0,0.2872,31903.6
1753617260053,11:54:20.053,bitget,1INCH/USDT:USDT,0.287,2909.0,0.2869,54379.5,0.2871,9749.0,0.2872,31903.6
1753617260203,11:54:20.203,bitget,1INCH/USDT:USDT,0.287,2909.0,0.2869,54379.5,0.2871,9749.0,0.2872,31903.6
1753617260353,11:54:20.353,bitget,1INCH/USDT:USDT,0.287,2909.0,0.2869,54379.5,0.2871,9749.0,0.2872,31903.6
1753617260503,11:54:20.503,bitget,1INCH/USDT:USDT,0.287,2909.0,0.2869,54379.5,0.2871,9749.0,0.2872,31903.6
1753617260653,11:54:20.653,bitget,1INCH/USDT:USDT,0.287,2909.0,0.2869,54379.5,0.2871,9749.0,0.2872,31903.6
1753617260803,11:54:20.803,bitget,1INCH/USDT:USDT,0.287,2909.0,0.2869,54379.5,0.2871,9749.0,0.2872,31903.6
1753617260953,11:54:20.953,bitget,1INCH/USDT:USDT,0.287,2909.0,0.2869,54379.5,0.2871,9749.0,0.2872,31903.6
1753617261103,11:54:21.103,bitget,1INCH/USDT:USDT,0.287,2909.0,0.2869,54379.5,0.2871,9749.0,0.2872,31903.6
1753617261254,11:54:21.254,bitget,1INCH/USDT:USDT,0.287,2909.0,0.2869,54379.5,0.2871,9749.0,0.2872,31903.6
1753617261404,11:54:21.404,bitget,1INCH/USDT:USDT,0.287,2909.0,0.2869,54379.5,0.2871,9749.0,0.2872,31903.6
1753617261554,11:54:21.554,bitget,1INCH/USDT:USDT,0.287,2909.0,0.2869,54379.5,0.2871,9749.0,0.2872,31903.6
1753617261704,11:54:21.704,bitget,1INCH/USDT:USDT,0.287,2909.0,0.2869,54379.5,0.2871,9749.0,0.2872,31903.6
1753617261854,11:54:21.854,bitget,1INCH/USDT:USDT,0.287,2909.0,0.2869,54379.5,0.2871,9749.0,0.2872,31903.6
1753617262004,11:54:22.004,bitget,1INCH/USDT:USDT,0.287,2909.0,0.2869,54379.5,0.2871,9749.0,0.2872,31903.6
1753617262154,11:54:22.154,bitget,1INCH/USDT:USDT,0.287,2909.0,0.2869,54379.5,0.2871,9749.0,0.2872,31903.6
1753617262304,11:54:22.304,bitget,1INCH/USDT:USDT,0.287,2909.0,0.2869,54379.5,0.2871,9749.0,0.2872,31903.6
1753617262454,11:54:22.454,bitget,1INCH/USDT:USDT,0.287,2909.0,0.2869,54379.5,0.2871,9749.0,0.2872,31903.6
1753617262604,11:54:22.604,bitget,1INCH/USDT:USDT,0.287,2909.0,0.2869,54379.5,0.2871,9749.0,0.2872,31903.6
1753617262754,11:54:22.754,bitget,1INCH/USDT:USDT,0.287,2909.0,0.2869,54379.5,0.2871,9749.0,0.2872,31903.6
1753617262904,11:54:22.904,bitget,1INCH/USDT:USDT,0.287,2909.0,0.2869,54379.5,0.2871,9749.0,0.2872,31903.6
1753617263055,11:54:23.055,bitget,1INCH/USDT:USDT,0.287,2909.0,0.2869,54379.5,0.2871,9749.0,0.2872,31903.6
1753617263205,11:54:23.205,bitget,1INCH/USDT:USDT,0.287,2909.0,0.2869,54379.5,0.2871,9749.0,0.2872,31903.6
1753617263355,11:54:23.355,bitget,1INCH/USDT:USDT,0.287,2909.0,0.2869,54379.5,0.2871,9749.0,0.2872,31903.6
1753617263505,11:54:23.505,bitget,1INCH/USDT:USDT,0.287,10295.4,0.2869,60288.9,0.2872,6726.1,0.2873,31709.0
1753617263655,11:54:23.655,bitget,1INCH/USDT:USDT,0.2871,1261.6,0.287,24324.7,0.2872,6726.1,0.2873,49984.4
1753617263805,11:54:23.805,bitget,1INCH/USDT:USDT,0.2871,2137.7,0.287,42371.7,0.2872,6726.1,0.2873,49984.4
1753617263955,11:54:23.955,bitget,1INCH/USDT:USDT,0.2871,2137.7,0.287,38238.9,0.2872,6726.1,0.2873,49984.4
1753617264105,11:54:24.105,bitget,1INCH/USDT:USDT,0.2871,1580.0,0.287,38238.9,0.2872,13635.8,0.2873,49984.4
1753617264255,11:54:24.255,bitget,1INCH/USDT:USDT,0.2871,1580.0,0.287,38238.9,0.2872,13635.8,0.2873,49984.4
1753617264405,11:54:24.405,bitget,1INCH/USDT:USDT,0.2871,1580.0,0.287,38238.9,0.2872,13635.8,0.2873,49984.4
1753617264555,11:54:24.555,bitget,1INCH/USDT:USDT,0.2871,1580.0,0.287,38238.9,0.2872,13635.8,0.2873,49984.4
1753617264705,11:54:24.705,bitget,1INCH/USDT:USDT,0.2871,1580.0,0.287,38238.9,0.2872,13635.8,0.2873,49984.4
1753617264856,11:54:24.856,bitget,1INCH/USDT:USDT,0.2871,1580.0,0.287,38238.9,0.2872,13635.8,0.2873,49984.4
1753617265006,11:54:25.006,bitget,1INCH/USDT:USDT,0.2871,1580.0,0.287,38238.9,0.2872,13635.8,0.2873,49984.4
1753617265156,11:54:25.156,bitget,1INCH/USDT:USDT,0.2871,1580.0,0.287,38238.9,0.2872,13635.8,0.2873,49984.4
1753617265306,11:54:25.306,bitget,1INCH/USDT:USDT,0.2871,1580.0,0.287,38238.9,0.2872,13635.8,0.2873,49984.4
1753617265456,11:54:25.456,bitget,1INCH/USDT:USDT,0.2871,1580.0,0.287,38238.9,0.2872,13635.8,0.2873,49984.4
1753617265606,11:54:25.606,bitget,1INCH/USDT:USDT,0.2871,1580.0,0.287,38238.9,0.2872,13635.8,0.2873,49984.4
1753617265756,11:54:25.756,bitget,1INCH/USDT:USDT,0.2871,1580.0,0.287,38238.9,0.2872,13635.8,0.2873,49984.4
1753617265906,11:54:25.906,bitget,1INCH/USDT:USDT,0.2871,1580.0,0.287,38238.9,0.2872,13635.8,0.2873,49984.4
1753617266056,11:54:26.056,bitget,1INCH/USDT:USDT,0.2871,1580.0,0.287,38238.9,0.2872,13635.8,0.2873,49984.4
1753617266206,11:54:26.206,bitget,1INCH/USDT:USDT,0.2871,1580.0,0.287,38238.9,0.2872,13635.8,0.2873,49984.4
1753617266356,11:54:26.356,bitget,1INCH/USDT:USDT,0.2871,1580.0,0.287,38238.9,0.2872,13635.8,0.2873,49984.4
1753617266506,11:54:26.506,bitget,1INCH/USDT:USDT,0.2871,1580.0,0.287,38238.9,0.2872,13635.8,0.2873,49984.4
1753617266656,11:54:26.656,bitget,1INCH/USDT:USDT,0.2871,1580.0,0.287,38238.9,0.2872,13635.8,0.2873,49984.4
1753617266807,11:54:26.807,bitget,1INCH/USDT:USDT,0.2871,1580.0,0.287,38238.9,0.2872,13635.8,0.2873,49984.4
1753617266957,11:54:26.957,bitget,1INCH/USDT:USDT,0.2871,1580.0,0.287,38238.9,0.2872,13635.8,0.2873,49984.4
1753617267107,11:54:27.107,bitget,1INCH/USDT:USDT,0.2871,1580.0,0.287,38238.9,0.2872,13635.8,0.2873,49984.4
1753617267257,11:54:27.257,bitget,1INCH/USDT:USDT,0.2871,1580.0,0.287,38238.9,0.2872,13635.8,0.2873,49984.4
1753617267407,11:54:27.407,bitget,1INCH/USDT:USDT,0.2871,1262.7,0.287,38238.9,0.2872,13635.8,0.2873,49984.4
1753617267557,11:54:27.557,bitget,1INCH/USDT:USDT,0.2871,3357.8,0.287,38238.9,0.2872,13635.8,0.2873,49984.4
1753617267707,11:54:27.707,bitget,1INCH/USDT:USDT,0.2871,3357.8,0.287,38238.9,0.2872,13635.8,0.2873,49984.4
1753617267857,11:54:27.857,bitget,1INCH/USDT:USDT,0.2871,3357.8,0.287,38238.9,0.2872,13635.8,0.2873,49984.4
1753617268007,11:54:28.007,bitget,1INCH/USDT:USDT,0.2871,3357.8,0.287,38238.9,0.2872,13635.8,0.2873,49984.4
1753617268157,11:54:28.157,bitget,1INCH/USDT:USDT,0.2871,3357.8,0.287,38238.9,0.2872,13635.8,0.2873,49984.4
1753617268307,11:54:28.307,bitget,1INCH/USDT:USDT,0.2871,3357.8,0.287,38238.9,0.2872,13635.8,0.2873,49984.4
1753617268457,11:54:28.457,bitget,1INCH/USDT:USDT,0.2871,3357.8,0.287,38238.9,0.2872,6726.1,0.2873,49984.4
1753617268608,11:54:28.608,bitget,1INCH/USDT:USDT,0.2871,27805.8,0.287,37762.2,0.2872,1221.4,0.2873,14852.0
1753617268758,11:54:28.758,bitget,1INCH/USDT:USDT,0.2871,28282.5,0.287,48411.6,0.2872,1221.4,0.2873,14852.0
1753617268908,11:54:28.908,bitget,1INCH/USDT:USDT,0.2871,28282.5,0.287,48411.6,0.2872,1221.4,0.2873,14852.0
1753617269058,11:54:29.058,bitget,1INCH/USDT:USDT,0.2871,28282.5,0.287,48411.6,0.2872,1221.4,0.2873,14852.0
1753617269208,11:54:29.208,bitget,1INCH/USDT:USDT,0.2871,27805.8,0.287,48411.6,0.2872,1221.4,0.2873,14852.0
1753617269358,11:54:29.358,bitget,1INCH/USDT:USDT,0.2871,27805.8,0.287,48411.6,0.2872,1221.4,0.2873,14852.0
1753617269508,11:54:29.508,bitget,1INCH/USDT:USDT,0.2871,27805.8,0.287,48411.6,0.2872,1221.4,0.2873,14852.0
1753617269658,11:54:29.658,bitget,1INCH/USDT:USDT,0.2871,27805.8,0.287,48411.6,0.2872,1221.4,0.2873,14852.0
1753617269808,11:54:29.808,bitget,1INCH/USDT:USDT,0.2871,27805.8,0.287,48411.6,0.2872,1221.4,0.2873,14852.0
1753617269958,11:54:29.958,bitget,1INCH/USDT:USDT,0.2871,27805.8,0.287,48411.6,0.2872,1221.4,0.2873,14852.0
1753617270108,11:54:30.108,bitget,1INCH/USDT:USDT,0.2871,27805.8,0.287,48411.6,0.2872,1221.4,0.2873,14852.0
1753617270258,11:54:30.258,bitget,1INCH/USDT:USDT,0.2871,27805.8,0.287,48411.6,0.2872,1221.4,0.2873,14852.0
1753617270409,11:54:30.409,bitget,1INCH/USDT:USDT,0.2871,27805.8,0.287,48411.6,0.2872,6221.4,0.2873,14852.0
1753617270559,11:54:30.559,bitget,1INCH/USDT:USDT,0.2871,20896.1,0.287,48411.6,0.2872,6540.0,0.2873,14852.0
1753617270709,11:54:30.709,bitget,1INCH/USDT:USDT,0.2871,20896.1,0.287,48411.6,0.2872,6540.0,0.2873,14852.0
1753617270859,11:54:30.859,bitget,1INCH/USDT:USDT,0.2871,2622.2,0.287,66684.5,0.2872,11722.2,0.2873,14852.0
1753617271009,11:54:31.009,bitget,1INCH/USDT:USDT,0.2871,3833.8,0.287,66684.5,0.2872,11722.2,0.2873,14852.0
1753617271159,11:54:31.159,bitget,1INCH/USDT:USDT,0.2871,3833.8,0.287,66684.5,0.2872,11722.2,0.2873,14852.0
1753617271309,11:54:31.309,bitget,1INCH/USDT:USDT,0.2871,3833.8,0.287,66684.5,0.2872,11722.2,0.2873,14852.0
1753617271459,11:54:31.459,bitget,1INCH/USDT:USDT,0.2871,3833.8,0.287,66684.5,0.2872,11722.2,0.2873,14852.0
1753617271609,11:54:31.609,bitget,1INCH/USDT:USDT,0.2871,3833.8,0.287,66684.5,0.2872,11722.2,0.2873,14852.0
1753617271759,11:54:31.759,bitget,1INCH/USDT:USDT,0.2871,3833.8,0.287,66684.5,0.2872,11722.2,0.2873,14852.0
1753617271909,11:54:31.909,bitget,1INCH/USDT:USDT,0.2871,3833.8,0.287,66684.5,0.2872,11722.2,0.2873,14852.0
1753617272059,11:54:32.059,bitget,1INCH/USDT:USDT,0.2871,3833.8,0.287,66684.5,0.2872,11722.2,0.2873,14852.0
1753617272209,11:54:32.209,bitget,1INCH/USDT:USDT,0.2871,3833.8,0.287,66684.5,0.2872,11403.6,0.2873,14852.0
1753617272360,11:54:32.360,bitget,1INCH/USDT:USDT,0.2871,3833.8,0.287,66684.5,0.2872,11403.6,0.2873,14852.0
1753617272510,11:54:32.510,bitget,1INCH/USDT:USDT,0.2871,3833.8,0.287,66684.5,0.2872,11403.6,0.2873,14852.0
1753617272660,11:54:32.660,bitget,1INCH/USDT:USDT,0.2871,3833.8,0.287,66684.5,0.2872,11403.6,0.2873,14852.0
1753617272810,11:54:32.810,bitget,1INCH/USDT:USDT,0.2871,3833.8,0.287,66684.5,0.2872,11403.6,0.2873,14852.0
1753617272960,11:54:32.960,bitget,1INCH/USDT:USDT,0.2871,3833.8,0.287,66684.5,0.2872,11403.6,0.2873,14852.0
1753617273110,11:54:33.110,bitget,1INCH/USDT:USDT,0.2871,3833.8,0.287,66684.5,0.2872,11403.6,0.2873,14852.0
1753617273260,11:54:33.260,bitget,1INCH/USDT:USDT,0.2871,3833.8,0.287,66684.5,0.2872,11403.6,0.2873,14852.0
1753617273410,11:54:33.410,bitget,1INCH/USDT:USDT,0.2871,3833.8,0.287,66684.5,0.2872,11403.6,0.2873,14852.0
1753617273560,11:54:33.560,bitget,1INCH/USDT:USDT,0.2871,3833.8,0.287,66684.5,0.2872,11403.6,0.2873,14852.0
1753617273710,11:54:33.710,bitget,1INCH/USDT:USDT,0.2871,3833.8,0.287,66684.5,0.2872,11403.6,0.2873,14852.0
1753617273860,11:54:33.860,bitget,1INCH/USDT:USDT,0.2871,3833.8,0.287,66684.5,0.2872,11403.6,0.2873,14852.0
1753617274010,11:54:34.010,bitget,1INCH/USDT:USDT,0.2871,3833.8,0.287,66684.5,0.2872,11403.6,0.2873,14852.0
1753617274160,11:54:34.160,bitget,1INCH/USDT:USDT,0.2871,3833.8,0.287,66684.5,0.2872,11403.6,0.2873,14852.0
1753617274311,11:54:34.311,bitget,1INCH/USDT:USDT,0.2871,3833.8,0.287,66684.5,0.2872,11403.6,0.2873,14852.0
1753617274461,11:54:34.461,bitget,1INCH/USDT:USDT,0.2871,3833.8,0.287,66684.5,0.2872,11403.6,0.2873,14852.0
1753617274611,11:54:34.611,bitget,1INCH/USDT:USDT,0.2871,3833.8,0.287,66684.5,0.2872,11403.6,0.2873,14852.0
1753617274761,11:54:34.761,bitget,1INCH/USDT:USDT,0.2871,3833.8,0.287,66684.5,0.2872,11403.6,0.2873,14852.0
1753617274911,11:54:34.911,bitget,1INCH/USDT:USDT,0.2871,3833.8,0.287,66684.5,0.2872,11403.6,0.2873,14852.0
1753617275061,11:54:35.061,bitget,1INCH/USDT:USDT,0.2871,3833.8,0.287,66684.5,0.2872,11403.6,0.2873,14852.0
1753617275211,11:54:35.211,bitget,1INCH/USDT:USDT,0.2871,3833.8,0.287,66684.5,0.2872,11403.6,0.2873,14852.0
1753617275361,11:54:35.361,bitget,1INCH/USDT:USDT,0.2871,3833.8,0.287,66684.5,0.2872,11403.6,0.2873,14852.0
1753617275511,11:54:35.511,bitget,1INCH/USDT:USDT,0.2871,3833.8,0.287,66684.5,0.2872,11403.6,0.2873,14852.0
1753617275661,11:54:35.661,bitget,1INCH/USDT:USDT,0.2871,3833.8,0.287,66684.5,0.2872,11403.6,0.2873,14852.0
1753617275811,11:54:35.811,bitget,1INCH/USDT:USDT,0.2871,3833.8,0.287,66684.5,0.2872,11403.6,0.2873,14852.0
1753617275961,11:54:35.961,bitget,1INCH/USDT:USDT,0.2871,3833.8,0.287,66684.5,0.2872,11403.6,0.2873,14852.0
1753617276112,11:54:36.112,bitget,1INCH/USDT:USDT,0.2871,3833.8,0.287,66684.5,0.2872,11403.6,0.2873,14852.0
1753617276262,11:54:36.262,bitget,1INCH/USDT:USDT,0.2871,3833.8,0.287,66684.5,0.2872,11403.6,0.2873,14852.0
1753617276412,11:54:36.412,bitget,1INCH/USDT:USDT,0.2871,3833.8,0.287,66684.5,0.2872,11403.6,0.2873,14852.0
1753617276562,11:54:36.562,bitget,1INCH/USDT:USDT,0.2871,3833.8,0.287,66684.5,0.2872,11403.6,0.2873,14852.0
1753617276712,11:54:36.712,bitget,1INCH/USDT:USDT,0.2871,3833.8,0.287,66684.5,0.2872,11403.6,0.2873,14852.0
1753617276862,11:54:36.862,bitget,1INCH/USDT:USDT,0.2871,3833.8,0.287,66684.5,0.2872,11403.6,0.2873,14852.0
1753617277012,11:54:37.012,bitget,1INCH/USDT:USDT,0.2871,3833.8,0.287,66684.5,0.2872,11403.6,0.2873,14852.0
1753617277162,11:54:37.162,bitget,1INCH/USDT:USDT,0.2871,3833.8,0.287,66684.5,0.2872,11403.6,0.2873,14852.0
1753617277312,11:54:37.312,bitget,1INCH/USDT:USDT,0.2871,3833.8,0.287,66684.5,0.2872,11403.6,0.2873,14852.0
1753617277462,11:54:37.462,bitget,1INCH/USDT:USDT,0.2871,3833.8,0.287,66684.5,0.2872,11403.6,0.2873,14852.0
1753617277612,11:54:37.612,bitget,1INCH/USDT:USDT,0.2871,3833.8,0.287,66684.5,0.2872,11403.6,0.2873,14852.0
1753617277762,11:54:37.762,bitget,1INCH/USDT:USDT,0.2871,3833.8,0.287,66684.5,0.2872,11403.6,0.2873,14852.0
1753617277913,11:54:37.913,bitget,1INCH/USDT:USDT,0.2871,3833.8,0.287,66684.5,0.2872,11880.3,0.2873,14852.0
1753617278063,11:54:38.063,bitget,1INCH/USDT:USDT,0.2871,3833.8,0.287,66684.5,0.2872,11880.3,0.2873,14852.0
1753617278213,11:54:38.213,bitget,1INCH/USDT:USDT,0.2871,3833.8,0.287,66684.5,0.2872,11880.3,0.2873,14852.0
1753617278363,11:54:38.363,bitget,1INCH/USDT:USDT,0.287,66684.5,0.2869,80225.1,0.2872,11880.3,0.2873,14852.0
1753617278513,11:54:38.513,bitget,1INCH/USDT:USDT,0.287,47536.5,0.2869,31817.2,0.2872,11880.3,0.2873,14852.0
1753617278663,11:54:38.663,bitget,1INCH/USDT:USDT,0.287,36887.1,0.2869,31817.2,0.2872,11880.3,0.2873,14852.0
1753617278813,11:54:38.813,bitget,1INCH/USDT:USDT,0.287,36887.1,0.2869,49640.9,0.2872,18790.0,0.2873,14852.0
1753617278963,11:54:38.963,bitget,1INCH/USDT:USDT,0.287,18614.2,0.2869,49640.9,0.2871,327.8,0.2872,18790.0
1753617279113,11:54:39.113,bitget,1INCH/USDT:USDT,0.287,29146.6,0.2869,49640.9,0.2871,5327.8,0.2872,18313.3
1753617279263,11:54:39.263,bitget,1INCH/USDT:USDT,0.287,29146.6,0.2869,49640.9,0.2872,18641.1,0.2873,14852.0
1753617279413,11:54:39.413,bitget,1INCH/USDT:USDT,0.287,33978.3,0.2869,49640.9,0.2872,19117.8,0.2873,14852.0
1753617279564,11:54:39.564,bitget,1INCH/USDT:USDT,0.287,34455.0,0.2869,49640.9,0.2872,18641.1,0.2873,14852.0
1753617279714,11:54:39.714,bitget,1INCH/USDT:USDT,0.287,33978.3,0.2869,49640.9,0.2872,19117.8,0.2873,14852.0
1753617279864,11:54:39.864,bitget,1INCH/USDT:USDT,0.287,33978.3,0.2869,49640.9,0.2872,19117.8,0.2873,14852.0
1753617280014,11:54:40.014,bitget,1INCH/USDT:USDT,0.287,33978.3,0.2869,49640.9,0.2872,19117.8,0.2873,14852.0
1753617280164,11:54:40.164,bitget,1INCH/USDT:USDT,0.287,33978.3,0.2869,49640.9,0.2871,327.8,0.2872,19117.8
1753617280314,11:54:40.314,bitget,1INCH/USDT:USDT,0.287,29146.6,0.2869,49640.9,0.2872,18641.1,0.2873,14852.0
1753617280464,11:54:40.464,bitget,1INCH/USDT:USDT,0.287,33978.3,0.2869,49640.9,0.2872,19117.8,0.2873,14852.0
1753617280614,11:54:40.614,bitget,1INCH/USDT:USDT,0.287,33978.3,0.2869,49640.9,0.2872,19117.8,0.2873,14852.0
1753617280764,11:54:40.764,bitget,1INCH/USDT:USDT,0.287,33978.3,0.2869,49640.9,0.2872,19117.8,0.2873,14852.0
1753617280914,11:54:40.914,bitget,1INCH/USDT:USDT,0.287,33978.3,0.2869,49640.9,0.2872,19117.8,0.2873,14852.0
1753617281064,11:54:41.064,bitget,1INCH/USDT:USDT,0.287,33978.3,0.2869,49640.9,0.2872,19117.8,0.2873,14852.0
1753617281214,11:54:41.214,bitget,1INCH/USDT:USDT,0.287,33978.3,0.2869,49640.9,0.2872,19117.8,0.2873,14852.0
1753617281365,11:54:41.365,bitget,1INCH/USDT:USDT,0.287,33978.3,0.2869,49640.9,0.2872,19117.8,0.2873,14852.0
1753617281515,11:54:41.515,bitget,1INCH/USDT:USDT,0.287,33978.3,0.2869,49640.9,0.2872,19117.8,0.2873,14852.0
1753617281665,11:54:41.665,bitget,1INCH/USDT:USDT,0.287,33978.3,0.2869,49640.9,0.2872,19117.8,0.2873,14852.0
1753617281815,11:54:41.815,bitget,1INCH/USDT:USDT,0.287,33978.3,0.2869,49640.9,0.2872,19117.8,0.2873,14852.0
1753617281965,11:54:41.965,bitget,1INCH/USDT:USDT,0.287,33978.3,0.2869,49640.9,0.2872,19117.8,0.2873,14852.0
1753617282115,11:54:42.115,bitget,1INCH/USDT:USDT,0.287,33978.3,0.2869,49640.9,0.2872,19117.8,0.2873,14852.0
1753617282265,11:54:42.265,bitget,1INCH/USDT:USDT,0.287,33978.3,0.2869,49640.9,0.2872,19117.8,0.2873,14852.0
1753617282415,11:54:42.415,bitget,1INCH/USDT:USDT,0.287,33978.3,0.2869,49640.9,0.2872,19117.8,0.2873,14852.0
1753617282565,11:54:42.565,bitget,1INCH/USDT:USDT,0.287,33978.3,0.2869,49640.9,0.2871,327.8,0.2872,19117.8
1753617282715,11:54:42.715,bitget,1INCH/USDT:USDT,0.287,29146.6,0.2869,49640.9,0.2871,327.8,0.2872,18641.1
1753617282865,11:54:42.865,bitget,1INCH/USDT:USDT,0.287,29146.6,0.2869,49640.9,0.2871,327.8,0.2872,18641.1
1753617283015,11:54:43.015,bitget,1INCH/USDT:USDT,0.287,29146.6,0.2869,49640.9,0.2871,327.8,0.2872,18641.1
1753617283166,11:54:43.166,bitget,1INCH/USDT:USDT,0.287,29146.6,0.2869,49640.9,0.2872,18641.1,0.2873,14852.0
1753617283316,11:54:43.316,bitget,1INCH/USDT:USDT,0.287,33978.3,0.2869,49640.9,0.2872,19117.8,0.2873,14852.0
1753617283466,11:54:43.466,bitget,1INCH/USDT:USDT,0.287,33978.3,0.2869,49640.9,0.2872,19117.8,0.2873,14852.0
1753617283616,11:54:43.616,bitget,1INCH/USDT:USDT,0.287,33978.3,0.2869,49640.9,0.2872,19117.8,0.2873,14852.0
1753617283766,11:54:43.766,bitget,1INCH/USDT:USDT,0.287,33978.3,0.2869,49640.9,0.2872,19117.8,0.2873,14852.0
1753617283916,11:54:43.916,bitget,1INCH/USDT:USDT,0.287,33978.3,0.2869,49640.9,0.2872,19117.8,0.2873,14852.0
1753617284066,11:54:44.066,bitget,1INCH/USDT:USDT,0.287,33978.3,0.2869,49640.9,0.2872,19117.8,0.2873,14852.0
1753617284216,11:54:44.216,bitget,1INCH/USDT:USDT,0.287,33978.3,0.2869,49640.9,0.2872,19117.8,0.2873,14852.0
1753617284366,11:54:44.366,bitget,1INCH/USDT:USDT,0.287,33978.3,0.2869,49640.9,0.2872,19117.8,0.2873,14852.0
1753617284516,11:54:44.516,bitget,1INCH/USDT:USDT,0.287,33978.3,0.2869,49640.9,0.2872,19117.8,0.2873,14852.0
1753617284666,11:54:44.666,bitget,1INCH/USDT:USDT,0.287,33978.3,0.2869,49640.9,0.2872,19117.8,0.2873,14852.0
1753617284816,11:54:44.816,bitget,1INCH/USDT:USDT,0.287,33978.3,0.2869,49640.9,0.2872,19117.8,0.2873,14852.0
1753617284967,11:54:44.967,bitget,1INCH/USDT:USDT,0.287,33978.3,0.2869,49640.9,0.2872,19117.8,0.2873,14852.0
1753617285117,11:54:45.117,bitget,1INCH/USDT:USDT,0.287,33978.3,0.2869,49640.9,0.2872,19117.8,0.2873,14852.0
1753617285267,11:54:45.267,bitget,1INCH/USDT:USDT,0.287,33978.3,0.2869,49640.9,0.2872,19117.8,0.2873,14852.0
1753617285417,11:54:45.417,bitget,1INCH/USDT:USDT,0.287,33978.3,0.2869,49640.9,0.2872,19117.8,0.2873,14852.0
1753617285567,11:54:45.567,bitget,1INCH/USDT:USDT,0.287,33978.3,0.2869,49640.9,0.2872,19117.8,0.2873,14852.0
1753617285717,11:54:45.717,bitget,1INCH/USDT:USDT,0.287,33978.3,0.2869,49640.9,0.2872,19117.8,0.2873,14852.0
1753617285867,11:54:45.867,bitget,1INCH/USDT:USDT,0.287,33978.3,0.2869,49640.9,0.2872,19117.8,0.2873,14852.0
1753617286017,11:54:46.017,bitget,1INCH/USDT:USDT,0.287,33978.3,0.2869,49640.9,0.2872,19117.8,0.2873,14852.0
1753617286167,11:54:46.167,bitget,1INCH/USDT:USDT,0.287,33978.3,0.2869,49640.9,0.2872,19117.8,0.2873,14852.0
1753617286317,11:54:46.317,bitget,1INCH/USDT:USDT,0.287,33978.3,0.2869,49640.9,0.2872,19117.8,0.2873,14852.0
1753617286467,11:54:46.467,bitget,1INCH/USDT:USDT,0.287,33978.3,0.2869,49640.9,0.2872,19117.8,0.2873,14852.0
1753617286617,11:54:46.617,bitget,1INCH/USDT:USDT,0.287,33978.3,0.2869,49640.9,0.2871,319.1,0.2872,19117.8
1753617286768,11:54:46.768,bitget,1INCH/USDT:USDT,0.287,29146.6,0.2869,49640.9,0.2871,319.1,0.2872,19117.8
1753617286918,11:54:46.918,bitget,1INCH/USDT:USDT,0.287,22236.9,0.2869,49640.9,0.2871,319.1,0.2872,19117.8
1753617287068,11:54:47.068,bitget,1INCH/USDT:USDT,0.287,22236.9,0.2869,49640.9,0.2871,319.1,0.2872,19117.8
1753617287218,11:54:47.218,bitget,1INCH/USDT:USDT,0.287,27068.6,0.2869,49640.9,0.2871,319.1,0.2872,19117.8
1753617287368,11:54:47.368,bitget,1INCH/USDT:USDT,0.287,22236.9,0.2869,49640.9,0.2871,319.1,0.2872,19117.8
1753617287518,11:54:47.518,bitget,1INCH/USDT:USDT,0.287,22236.9,0.2869,49640.9,0.2871,319.1,0.2872,19117.8
1753617287668,11:54:47.668,bitget,1INCH/USDT:USDT,0.287,22236.9,0.2869,49640.9,0.2871,319.1,0.2872,19117.8
1753617287818,11:54:47.818,bitget,1INCH/USDT:USDT,0.287,22236.9,0.2869,49640.9,0.2871,319.1,0.2872,19117.8
1753617287968,11:54:47.968,bitget,1INCH/USDT:USDT,0.287,22236.9,0.2869,49640.9,0.2871,319.1,0.2872,19117.8
1753617288118,11:54:48.118,bitget,1INCH/USDT:USDT,0.287,22236.9,0.2869,49640.9,0.2871,319.1,0.2872,19117.8
1753617288268,11:54:48.268,bitget,1INCH/USDT:USDT,0.287,22236.9,0.2869,49640.9,0.2871,5319.1,0.2872,19117.8
1753617288418,11:54:48.418,bitget,1INCH/USDT:USDT,0.287,22236.9,0.2869,49640.9,0.2871,5319.1,0.2872,19117.8
1753617288569,11:54:48.569,bitget,1INCH/USDT:USDT,0.287,22236.9,0.2869,49640.9,0.2871,5319.1,0.2872,19117.8
1753617288719,11:54:48.719,bitget,1INCH/USDT:USDT,0.287,22236.9,0.2869,49640.9,0.2871,5319.1,0.2872,19117.8
1753617288869,11:54:48.869,bitget,1INCH/USDT:USDT,0.287,22236.9,0.2869,49640.9,0.2871,5319.1,0.2872,19117.8
1753617289019,11:54:49.019,bitget,1INCH/USDT:USDT,0.287,22236.9,0.2869,49640.9,0.2871,5319.1,0.2872,19117.8
1753617289169,11:54:49.169,bitget,1INCH/USDT:USDT,0.287,22236.9,0.2869,49640.9,0.2871,5319.1,0.2872,19117.8
1753617289319,11:54:49.319,bitget,1INCH/USDT:USDT,0.287,22236.9,0.2869,49640.9,0.2871,5319.1,0.2872,19117.8
1753617289469,11:54:49.469,bitget,1INCH/USDT:USDT,0.287,22236.9,0.2869,49640.9,0.2871,5000.0,0.2872,19117.8
1753617289619,11:54:49.619,bitget,1INCH/USDT:USDT,0.287,22236.9,0.2869,49640.9,0.2872,19117.8,0.2873,24565.1
1753617289769,11:54:49.769,bitget,1INCH/USDT:USDT,0.2871,944.3,0.287,33978.3,0.2872,18641.1,0.2873,24565.1
1753617289919,11:54:49.919,bitget,1INCH/USDT:USDT,0.2871,944.3,0.287,53128.4,0.2872,18641.1,0.2873,24565.1
1753617290069,11:54:50.069,bitget,1INCH/USDT:USDT,0.2871,944.3,0.287,48296.7,0.2872,18641.1,0.2873,24565.1
1753617290370,11:54:50.370,bitget,1INCH/USDT:USDT,0.2871,1263.4,0.287,48296.7,0.2872,18641.1,0.2873,24565.1
1753617290520,11:54:50.520,bitget,1INCH/USDT:USDT,0.2871,1439.1,0.287,48296.7,0.2872,18641.1,0.2873,24565.1
1753617290670,11:54:50.670,bitget,1INCH/USDT:USDT,0.2871,1439.1,0.287,48296.7,0.2872,18641.1,0.2873,24565.1
1753617290820,11:54:50.820,bitget,1INCH/USDT:USDT,0.2871,3745.3,0.287,48296.7,0.2872,18641.1,0.2873,24565.1
1753617290970,11:54:50.970,bitget,1INCH/USDT:USDT,0.2871,3745.3,0.287,48296.7,0.2872,18641.1,0.2873,24565.1
1753617291120,11:54:51.120,bitget,1INCH/USDT:USDT,0.2871,3745.3,0.287,48296.7,0.2872,18641.1,0.2873,24565.1
1753617291270,11:54:51.270,bitget,1INCH/USDT:USDT,0.2871,1263.4,0.287,48296.7,0.2872,18641.1,0.2873,24565.1
1753617291420,11:54:51.420,bitget,1INCH/USDT:USDT,0.2871,1263.4,0.287,48296.7,0.2872,18641.1,0.2873,24565.1
1753617291570,11:54:51.570,bitget,1INCH/USDT:USDT,0.2871,1263.4,0.287,48296.7,0.2872,18641.1,0.2873,24565.1
1753617291720,11:54:51.720,bitget,1INCH/USDT:USDT,0.2871,1263.4,0.287,48296.7,0.2872,18641.1,0.2873,24565.1
1753617291870,11:54:51.870,bitget,1INCH/USDT:USDT,0.2871,1263.4,0.287,48296.7,0.2872,18641.1,0.2873,24565.1
1753617292020,11:54:52.020,bitget,1INCH/USDT:USDT,0.2871,1263.4,0.287,48296.7,0.2872,18641.1,0.2873,24565.1
1753617292171,11:54:52.171,bitget,1INCH/USDT:USDT,0.2871,1263.4,0.287,48296.7,0.2872,13458.9,0.2873,24565.1
1753617292321,11:54:52.321,bitget,1INCH/USDT:USDT,0.2871,1263.4,0.287,48296.7,0.2872,13458.9,0.2873,24565.1
1753617292471,11:54:52.471,bitget,1INCH/USDT:USDT,0.287,48296.7,0.2869,35369.5,0.2872,14075.6,0.2873,24565.1
1753617292621,11:54:52.621,bitget,1INCH/USDT:USDT,0.287,28829.3,0.2869,54238.5,0.2872,14075.6,0.2873,24565.1
1753617292771,11:54:52.771,bitget,1INCH/USDT:USDT,0.287,35040.3,0.2869,54238.5,0.2872,14075.6,0.2873,24565.1
1753617292921,11:54:52.921,bitget,1INCH/USDT:USDT,0.287,35040.3,0.2869,54238.5,0.2872,19257.8,0.2873,24565.1
1753617293071,11:54:53.071,bitget,1INCH/USDT:USDT,0.287,35040.3,0.2869,49056.3,0.2872,19257.8,0.2873,24565.1
1753617293221,11:54:53.221,bitget,1INCH/USDT:USDT,0.287,35040.3,0.2869,49056.3,0.2872,19257.8,0.2873,24565.1
1753617293371,11:54:53.371,bitget,1INCH/USDT:USDT,0.287,35040.3,0.2869,49056.3,0.2872,19257.8,0.2873,24565.1
1753617293521,11:54:53.521,bitget,1INCH/USDT:USDT,0.287,35040.3,0.2869,49056.3,0.2872,19257.8,0.2873,24565.1
1753617293671,11:54:53.671,bitget,1INCH/USDT:USDT,0.287,35040.3,0.2869,49056.3,0.2872,19257.8,0.2873,24565.1
1753617293821,11:54:53.821,bitget,1INCH/USDT:USDT,0.287,35040.3,0.2869,49056.3,0.2872,19257.8,0.2873,24565.1
1753617293972,11:54:53.972,bitget,1INCH/USDT:USDT,0.287,35040.3,0.2869,54238.5,0.2872,19257.8,0.2873,24565.1
1753617294122,11:54:54.122,bitget,1INCH/USDT:USDT,0.287,35040.3,0.2869,54238.5,0.2872,19257.8,0.2873,24565.1
1753617294272,11:54:54.272,bitget,1INCH/USDT:USDT,0.287,35040.3,0.2869,54238.5,0.2872,19257.8,0.2873,24565.1
1753617294422,11:54:54.422,bitget,1INCH/USDT:USDT,0.287,35040.3,0.2869,54238.5,0.2872,19257.8,0.2873,24565.1
1753617294572,11:54:54.572,bitget,1INCH/USDT:USDT,0.287,35040.3,0.2869,54238.5,0.2872,19257.8,0.2873,24565.1
1753617294722,11:54:54.722,bitget,1INCH/USDT:USDT,0.287,35040.3,0.2869,54238.5,0.2872,19257.8,0.2873,24565.1
1753617294872,11:54:54.872,bitget,1INCH/USDT:USDT,0.287,35040.3,0.2869,49056.3,0.2871,319.1,0.2872,19257.8
1753617295022,11:54:55.022,bitget,1INCH/USDT:USDT,0.287,28829.3,0.2869,49056.3,0.2871,319.1,0.2872,18781.1
1753617295172,11:54:55.172,bitget,1INCH/USDT:USDT,0.287,28829.3,0.2869,49056.3,0.2871,319.1,0.2872,18781.1
1753617295322,11:54:55.322,bitget,1INCH/USDT:USDT,0.287,28829.3,0.2869,49056.3,0.2872,18781.1,0.2873,24565.1
1753617295472,11:54:55.472,bitget,1INCH/USDT:USDT,0.287,33485.6,0.2869,49056.3,0.2871,319.1,0.2872,19257.8
1753617295622,11:54:55.622,bitget,1INCH/USDT:USDT,0.287,28829.3,0.2869,49056.3,0.2871,319.1,0.2872,18781.1
1753617295773,11:54:55.773,bitget,1INCH/USDT:USDT,0.287,28829.3,0.2869,49056.3,0.2871,319.1,0.2872,18781.1
1753617295923,11:54:55.923,bitget,1INCH/USDT:USDT,0.287,28829.3,0.2869,49056.3,0.2871,319.1,0.2872,18781.1
1753617296073,11:54:56.073,bitget,1INCH/USDT:USDT,0.287,28829.3,0.2869,49056.3,0.2871,319.1,0.2872,18781.1
1753617296223,11:54:56.223,bitget,1INCH/USDT:USDT,0.287,28829.3,0.2869,49056.3,0.2871,319.1,0.2872,18781.1
1753617296373,11:54:56.373,bitget,1INCH/USDT:USDT,0.287,28829.3,0.2869,49056.3,0.2871,319.1,0.2872,18781.1
1753617296523,11:54:56.523,bitget,1INCH/USDT:USDT,0.287,28829.3,0.2869,49056.3,0.2871,319.1,0.2872,18781.1
1753617296673,11:54:56.673,bitget,1INCH/USDT:USDT,0.287,28829.3,0.2869,49056.3,0.2871,319.1,0.2872,18781.1
1753617296823,11:54:56.823,bitget,1INCH/USDT:USDT,0.287,28829.3,0.2869,49056.3,0.2871,319.1,0.2872,18781.1
1753617296973,11:54:56.973,bitget,1INCH/USDT:USDT,0.287,28829.3,0.2869,49056.3,0.2871,319.1,0.2872,18781.1
1753617297123,11:54:57.123,bitget,1INCH/USDT:USDT,0.287,28829.3,0.2869,49056.3,0.2871,319.1,0.2872,18781.1
1753617297273,11:54:57.273,bitget,1INCH/USDT:USDT,0.287,28829.3,0.2869,49056.3,0.2871,319.1,0.2872,18781.1
1753617297423,11:54:57.423,bitget,1INCH/USDT:USDT,0.287,28829.3,0.2869,49056.3,0.2871,319.1,0.2872,18781.1
1753617297573,11:54:57.573,bitget,1INCH/USDT:USDT,0.287,28829.3,0.2869,49056.3,0.2872,18781.1,0.2873,24565.1
1753617297724,11:54:57.724,bitget,1INCH/USDT:USDT,0.287,33485.6,0.2869,49056.3,0.2872,19257.8,0.2873,24565.1
1753617297874,11:54:57.874,bitget,1INCH/USDT:USDT,0.287,33485.6,0.2869,49056.3,0.2872,19257.8,0.2873,24565.1
