timestamp,time,exchange,symbol,bid1_price,bid1_volume,bid2_price,bid2_volume,ask1_price,ask1_volume,ask2_price,ask2_volume
1753617156522,11:52:36.522,bybit,ADA/USDT:USDT,0.8229,28783.0,0.8228,114906.0,0.823,10876.0,0.8231,140420.0
1753617156622,11:52:36.622,bybit,ADA/USDT:USDT,0.8229,28777.0,0.8228,118330.0,0.823,10876.0,0.8231,140420.0
1753617156723,11:52:36.723,bybit,ADA/USDT:USDT,0.8229,28777.0,0.8228,118330.0,0.823,10876.0,0.8231,133578.0
1753617156822,11:52:36.822,bybit,ADA/USDT:USDT,0.8229,28777.0,0.8228,118330.0,0.823,10876.0,0.8231,133578.0
1753617156922,11:52:36.922,bybit,ADA/USDT:USDT,0.8229,28777.0,0.8228,118330.0,0.823,10876.0,0.8231,133578.0
1753617157022,11:52:37.022,bybit,ADA/USDT:USDT,0.8229,28777.0,0.8228,118330.0,0.823,10876.0,0.8231,140420.0
1753617157122,11:52:37.122,bybit,ADA/USDT:USDT,0.8229,28777.0,0.8228,118330.0,0.823,10876.0,0.8231,136996.0
1753617157222,11:52:37.222,bybit,ADA/USDT:USDT,0.8229,28777.0,0.8228,118330.0,0.823,10876.0,0.8231,140420.0
1753617157322,11:52:37.322,bybit,ADA/USDT:USDT,0.8229,28783.0,0.8228,118330.0,0.823,10876.0,0.8231,140420.0
1753617157422,11:52:37.422,bybit,ADA/USDT:USDT,0.8229,10511.0,0.8228,94961.0,0.823,19630.0,0.8231,148920.0
1753617157822,11:52:37.822,bybit,ADA/USDT:USDT,0.8229,9111.0,0.8228,94969.0,0.823,19630.0,0.8231,152410.0
1753617157922,11:52:37.922,bybit,ADA/USDT:USDT,0.8229,9111.0,0.8228,94969.0,0.823,19630.0,0.8231,152435.0
1753617158122,11:52:38.122,bybit,ADA/USDT:USDT,0.8229,9111.0,0.8228,102782.0,0.823,19630.0,0.8231,149927.0
1753617158422,11:52:38.422,bybit,ADA/USDT:USDT,0.8229,21556.0,0.8228,109649.0,0.823,10323.0,0.8231,69569.0
1753617158523,11:52:38.523,bybit,ADA/USDT:USDT,0.8229,21556.0,0.8228,109649.0,0.823,10323.0,0.8231,72052.0
1753617158622,11:52:38.622,bybit,ADA/USDT:USDT,0.8229,23573.0,0.8228,109649.0,0.823,8306.0,0.8231,104004.0
1753617158722,11:52:38.722,bybit,ADA/USDT:USDT,0.8229,23573.0,0.8228,109649.0,0.823,8306.0,0.8231,115726.0
1753617158822,11:52:38.822,bybit,ADA/USDT:USDT,0.8229,23573.0,0.8228,109624.0,0.823,10521.0,0.8231,139176.0
1753617159922,11:52:39.922,bybit,ADA/USDT:USDT,0.8229,23573.0,0.8228,106200.0,0.823,8514.0,0.8231,142600.0
1753617160022,11:52:40.022,bybit,ADA/USDT:USDT,0.8229,23573.0,0.8228,109649.0,0.823,8514.0,0.8231,140143.0
1753617160123,11:52:40.123,bybit,ADA/USDT:USDT,0.8229,23573.0,0.8228,106225.0,0.823,8514.0,0.8231,140143.0
1753617160222,11:52:40.222,bybit,ADA/USDT:USDT,0.8229,23573.0,0.8228,109649.0,0.823,8514.0,0.8231,133301.0
1753617160522,11:52:40.522,bybit,ADA/USDT:USDT,0.8229,15230.0,0.8228,102782.0,0.823,16646.0,0.8231,148501.0
1753617160622,11:52:40.622,bybit,ADA/USDT:USDT,0.8229,21284.0,0.8228,102782.0,0.823,16646.0,0.8231,146018.0
1753617160722,11:52:40.722,bybit,ADA/USDT:USDT,0.8229,20440.0,0.8228,102807.0,0.823,13222.0,0.8231,147050.0
1753617160822,11:52:40.822,bybit,ADA/USDT:USDT,0.8229,20440.0,0.8228,102782.0,0.823,13222.0,0.8231,147050.0
1753617161122,11:52:41.122,bybit,ADA/USDT:USDT,0.8229,21294.0,0.8228,109649.0,0.823,10531.0,0.8231,134333.0
1753617161222,11:52:41.222,bybit,ADA/USDT:USDT,0.8229,28794.0,0.8228,109649.0,0.823,10729.0,0.8231,137757.0
1753617161322,11:52:41.322,bybit,ADA/USDT:USDT,0.8229,28794.0,0.8228,106225.0,0.823,10727.0,0.8231,141175.0
1753617161924,11:52:41.924,bybit,ADA/USDT:USDT,0.8229,21069.0,0.8228,109600.0,0.823,10727.0,0.8231,134333.0
1753617162722,11:52:42.722,bybit,ADA/USDT:USDT,0.8229,21063.0,0.8228,102733.0,0.823,10732.0,0.8231,141175.0
1753617162822,11:52:42.822,bybit,ADA/USDT:USDT,0.8229,21063.0,0.8228,109600.0,0.823,7019.0,0.8231,70399.0
1753617162923,11:52:42.923,bybit,ADA/USDT:USDT,0.8229,21088.0,0.8228,109600.0,0.823,5002.0,0.8231,68513.0
1753617163022,11:52:43.022,bybit,ADA/USDT:USDT,0.8229,21063.0,0.8228,109600.0,0.823,5856.0,0.8231,107577.0
1753617163122,11:52:43.122,bybit,ADA/USDT:USDT,0.8229,21063.0,0.8228,109600.0,0.823,5856.0,0.8231,107577.0
1753617163622,11:52:43.622,bybit,ADA/USDT:USDT,0.8229,31998.0,0.8228,112605.0,0.823,5169.0,0.8231,28553.0
1753617163722,11:52:43.722,bybit,ADA/USDT:USDT,0.823,49952.0,0.8229,111411.0,0.8231,13661.0,0.8232,136593.0
1753617163822,11:52:43.822,bybit,ADA/USDT:USDT,0.823,50072.0,0.8229,107919.0,0.8231,14264.0,0.8232,140017.0
1753617163922,11:52:43.922,bybit,ADA/USDT:USDT,0.823,50072.0,0.8229,107919.0,0.8231,17219.0,0.8232,140323.0
1753617164022,11:52:44.022,bybit,ADA/USDT:USDT,0.823,50078.0,0.8229,107352.0,0.8231,17219.0,0.8232,162105.0
1753617164122,11:52:44.122,bybit,ADA/USDT:USDT,0.823,50647.0,0.8229,107352.0,0.8231,17219.0,0.8232,162105.0
1753617164222,11:52:44.222,bybit,ADA/USDT:USDT,0.823,50647.0,0.8229,99442.0,0.8231,17219.0,0.8232,162105.0
1753617164322,11:52:44.322,bybit,ADA/USDT:USDT,0.823,50647.0,0.8229,109329.0,0.8231,603.0,0.8232,70080.0
1753617164423,11:52:44.423,bybit,ADA/USDT:USDT,0.823,50647.0,0.8229,106284.0,0.8231,625.0,0.8232,69594.0
1753617164522,11:52:44.522,bybit,ADA/USDT:USDT,0.823,57489.0,0.8229,109354.0,0.8231,625.0,0.8232,29164.0
1753617164622,11:52:44.622,bybit,ADA/USDT:USDT,0.823,58092.0,0.8229,114758.0,0.8231,22.0,0.8232,27959.0
1753617164722,11:52:44.722,bybit,ADA/USDT:USDT,0.823,58092.0,0.8229,114740.0,0.8231,22.0,0.8232,27959.0
1753617165023,11:52:45.023,bybit,ADA/USDT:USDT,0.823,61122.0,0.8229,114773.0,0.8231,22.0,0.8232,26854.0
1753617165322,11:52:45.322,bybit,ADA/USDT:USDT,0.823,54668.0,0.8229,114773.0,0.8231,22.0,0.8232,26854.0
1753617165522,11:52:45.522,bybit,ADA/USDT:USDT,0.823,58153.0,0.8229,114773.0,0.8231,22.0,0.8232,26854.0
1753617165623,11:52:45.623,bybit,ADA/USDT:USDT,0.823,51286.0,0.8229,111349.0,0.8231,22.0,0.8232,26854.0
1753617165722,11:52:45.722,bybit,ADA/USDT:USDT,0.823,51286.0,0.8229,109369.0,0.8231,22.0,0.8232,29337.0
1753617165822,11:52:45.822,bybit,ADA/USDT:USDT,0.823,51286.0,0.8229,109369.0,0.8231,22.0,0.8232,52771.0
1753617165922,11:52:45.922,bybit,ADA/USDT:USDT,0.823,51286.0,0.8229,105945.0,0.8231,22.0,0.8232,65912.0
1753617166023,11:52:46.023,bybit,ADA/USDT:USDT,0.823,51286.0,0.8229,102502.0,0.8231,2039.0,0.8232,65912.0
1753617166122,11:52:46.122,bybit,ADA/USDT:USDT,0.823,51286.0,0.8229,102502.0,0.8231,5297.0,0.8232,88138.0
1753617166222,11:52:46.222,bybit,ADA/USDT:USDT,0.823,51286.0,0.8229,102502.0,0.8231,5297.0,0.8232,88138.0
1753617166422,11:52:46.422,bybit,ADA/USDT:USDT,0.823,51286.0,0.8229,105920.0,0.8231,5297.0,0.8232,88138.0
1753617166522,11:52:46.522,bybit,ADA/USDT:USDT,0.823,51286.0,0.8229,105926.0,0.8231,5297.0,0.8232,88138.0
1753617166622,11:52:46.622,bybit,ADA/USDT:USDT,0.823,51286.0,0.8229,109369.0,0.8231,5297.0,0.8232,88138.0
1753617166722,11:52:46.722,bybit,ADA/USDT:USDT,0.823,51286.0,0.8229,109369.0,0.8231,4442.0,0.8232,88138.0
1753617166822,11:52:46.822,bybit,ADA/USDT:USDT,0.823,58153.0,0.8229,109369.0,0.8231,2425.0,0.8232,24414.0
1753617166922,11:52:46.922,bybit,ADA/USDT:USDT,0.823,51286.0,0.8229,114773.0,0.8231,4442.0,0.8232,26897.0
1753617167022,11:52:47.022,bybit,ADA/USDT:USDT,0.823,51286.0,0.8229,109369.0,0.8231,4442.0,0.8232,26897.0
1753617167122,11:52:47.122,bybit,ADA/USDT:USDT,0.823,51286.0,0.8229,110149.0,0.8231,2425.0,0.8232,26897.0
1753617167222,11:52:47.222,bybit,ADA/USDT:USDT,0.823,51286.0,0.8229,110149.0,0.8231,2425.0,0.8232,26897.0
1753617167322,11:52:47.322,bybit,ADA/USDT:USDT,0.823,51286.0,0.8229,110149.0,0.8231,2425.0,0.8232,29588.0
1753617167422,11:52:47.422,bybit,ADA/USDT:USDT,0.823,51286.0,0.8229,110149.0,0.8231,2425.0,0.8232,29588.0
1753617167522,11:52:47.522,bybit,ADA/USDT:USDT,0.823,51286.0,0.8229,110124.0,0.8231,5296.0,0.8232,75205.0
1753617167623,11:52:47.623,bybit,ADA/USDT:USDT,0.823,51286.0,0.8229,110149.0,0.8231,5296.0,0.8232,75205.0
1753617167723,11:52:47.723,bybit,ADA/USDT:USDT,0.823,54710.0,0.8229,115553.0,0.8231,4442.0,0.8232,75205.0
1753617167822,11:52:47.822,bybit,ADA/USDT:USDT,0.823,35895.0,0.8229,99457.0,0.8231,5296.0,0.8232,97941.0
1753617167922,11:52:47.922,bybit,ADA/USDT:USDT,0.823,35292.0,0.8229,99457.0,0.8231,5272.0,0.8232,97854.0
1753617168022,11:52:48.022,bybit,ADA/USDT:USDT,0.823,35292.0,0.8229,106299.0,0.8231,5272.0,0.8232,76410.0
1753617168122,11:52:48.122,bybit,ADA/USDT:USDT,0.823,35292.0,0.8229,106299.0,0.8231,5272.0,0.8232,76410.0
1753617168222,11:52:48.222,bybit,ADA/USDT:USDT,0.823,39319.0,0.8229,107079.0,0.8231,5271.0,0.8232,76410.0
1753617168322,11:52:48.322,bybit,ADA/USDT:USDT,0.823,39319.0,0.8229,107079.0,0.8231,5271.0,0.8232,76410.0
1753617168422,11:52:48.422,bybit,ADA/USDT:USDT,0.823,42737.0,0.8229,107079.0,0.8231,5271.0,0.8232,76410.0
1753617168522,11:52:48.522,bybit,ADA/USDT:USDT,0.823,42737.0,0.8229,107079.0,0.8231,5271.0,0.8232,76410.0
1753617168622,11:52:48.622,bybit,ADA/USDT:USDT,0.823,42737.0,0.8229,107079.0,0.8231,2400.0,0.8232,25619.0
1753617168722,11:52:48.722,bybit,ADA/USDT:USDT,0.823,44530.0,0.8229,110691.0,0.8231,2400.0,0.8232,25619.0
1753617168822,11:52:48.822,bybit,ADA/USDT:USDT,0.823,44530.0,0.8229,110691.0,0.8231,20.0,0.8232,27999.0
1753617168922,11:52:48.922,bybit,ADA/USDT:USDT,0.8231,52346.0,0.823,118674.0,0.8232,28203.0,0.8233,154098.0
1753617169023,11:52:49.023,bybit,ADA/USDT:USDT,0.8231,52346.0,0.823,118674.0,0.8232,28203.0,0.8233,181385.0
1753617169122,11:52:49.122,bybit,ADA/USDT:USDT,0.8231,27286.0,0.823,118649.0,0.8232,28203.0,0.8233,181385.0
1753617169222,11:52:49.222,bybit,ADA/USDT:USDT,0.8231,23823.0,0.823,118044.0,0.8232,28203.0,0.8233,181385.0
1753617169323,11:52:49.323,bybit,ADA/USDT:USDT,0.8231,23094.0,0.823,118044.0,0.8232,28203.0,0.8233,181385.0
1753617169422,11:52:49.422,bybit,ADA/USDT:USDT,0.8231,23094.0,0.823,116251.0,0.8232,28203.0,0.8233,181385.0
1753617169523,11:52:49.523,bybit,ADA/USDT:USDT,0.8231,25215.0,0.823,116276.0,0.8232,28203.0,0.8233,181385.0
1753617169622,11:52:49.622,bybit,ADA/USDT:USDT,0.8231,25215.0,0.823,116276.0,0.8232,28203.0,0.8233,181385.0
1753617169722,11:52:49.722,bybit,ADA/USDT:USDT,0.8231,25541.0,0.823,116156.0,0.8232,28203.0,0.8233,181385.0
1753617169823,11:52:49.823,bybit,ADA/USDT:USDT,0.8231,28959.0,0.823,107211.0,0.8232,27611.0,0.8233,181385.0
1753617169923,11:52:49.923,bybit,ADA/USDT:USDT,0.8231,25541.0,0.823,107211.0,0.8232,27611.0,0.8233,183985.0
1753617170122,11:52:50.122,bybit,ADA/USDT:USDT,0.8231,20577.0,0.823,72725.0,0.8232,30894.0,0.8233,193284.0
1753617170222,11:52:50.222,bybit,ADA/USDT:USDT,0.8231,3053.0,0.823,42405.0,0.8232,36335.0,0.8233,196702.0
1753617170323,11:52:50.323,bybit,ADA/USDT:USDT,0.8231,6517.0,0.823,42405.0,0.8232,36328.0,0.8233,196702.0
1753617170422,11:52:50.422,bybit,ADA/USDT:USDT,0.8231,11808.0,0.823,98890.0,0.8232,30887.0,0.8233,190827.0
1753617170522,11:52:50.522,bybit,ADA/USDT:USDT,0.8231,14062.0,0.823,105732.0,0.8232,30887.0,0.8233,183985.0
1753617170622,11:52:50.622,bybit,ADA/USDT:USDT,0.8231,14466.0,0.823,105732.0,0.8232,30887.0,0.8233,183985.0
1753617170722,11:52:50.722,bybit,ADA/USDT:USDT,0.8231,14469.0,0.823,105732.0,0.8232,30887.0,0.8233,183985.0
1753617170822,11:52:50.822,bybit,ADA/USDT:USDT,0.8231,14469.0,0.823,105732.0,0.8232,30887.0,0.8233,183985.0
1753617170922,11:52:50.922,bybit,ADA/USDT:USDT,0.8231,14469.0,0.823,105732.0,0.8232,30887.0,0.8233,183985.0
1753617171022,11:52:51.022,bybit,ADA/USDT:USDT,0.8231,11869.0,0.823,105732.0,0.8232,30887.0,0.8233,183985.0
1753617171122,11:52:51.122,bybit,ADA/USDT:USDT,0.8231,21969.0,0.823,104908.0,0.8232,30887.0,0.8233,187409.0
1753617171222,11:52:51.222,bybit,ADA/USDT:USDT,0.8231,19369.0,0.823,104908.0,0.8232,30887.0,0.8233,187409.0
1753617171322,11:52:51.322,bybit,ADA/USDT:USDT,0.8231,21969.0,0.823,104908.0,0.8232,30887.0,0.8233,187409.0
1753617171422,11:52:51.422,bybit,ADA/USDT:USDT,0.8231,21968.0,0.823,108332.0,0.8232,30887.0,0.8233,183985.0
1753617171522,11:52:51.522,bybit,ADA/USDT:USDT,0.8231,31410.0,0.823,108357.0,0.8232,28196.0,0.8233,181385.0
1753617171622,11:52:51.622,bybit,ADA/USDT:USDT,0.8231,31410.0,0.823,108357.0,0.8232,141.0,0.8233,109783.0
1753617171723,11:52:51.723,bybit,ADA/USDT:USDT,0.8232,48642.0,0.8231,114966.0,0.8233,3141.0,0.8234,87466.0
1753617171822,11:52:51.822,bybit,ADA/USDT:USDT,0.8232,55484.0,0.8231,118011.0,0.8233,760.0,0.8234,33426.0
1753617171924,11:52:51.924,bybit,ADA/USDT:USDT,0.8232,55509.0,0.8231,123415.0,0.8233,760.0,0.8234,31062.0
1753617172022,11:52:52.022,bybit,ADA/USDT:USDT,0.8232,52060.0,0.8231,124195.0,0.8233,760.0,0.8234,68696.0
1753617172122,11:52:52.122,bybit,ADA/USDT:USDT,0.8232,48642.0,0.8231,124170.0,0.8233,760.0,0.8234,96981.0
1753617172222,11:52:52.222,bybit,ADA/USDT:USDT,0.8232,48642.0,0.8231,124195.0,0.8233,2957.0,0.8234,94784.0
1753617172322,11:52:52.322,bybit,ADA/USDT:USDT,0.8232,52060.0,0.8231,121150.0,0.8233,2957.0,0.8234,42779.0
1753617172422,11:52:52.422,bybit,ADA/USDT:USDT,0.8232,48642.0,0.8231,121150.0,0.8233,2957.0,0.8234,33545.0
1753617172522,11:52:52.522,bybit,ADA/USDT:USDT,0.8232,54222.0,0.8231,119029.0,0.8233,2957.0,0.8234,31062.0
1753617172622,11:52:52.622,bybit,ADA/USDT:USDT,0.8232,57640.0,0.8231,119029.0,0.8233,2957.0,0.8234,31062.0
1753617172723,11:52:52.723,bybit,ADA/USDT:USDT,0.8232,54222.0,0.8231,119036.0,0.8233,2957.0,0.8234,33545.0
1753617172922,11:52:52.922,bybit,ADA/USDT:USDT,0.8232,30470.0,0.8231,104973.0,0.8233,13827.0,0.8234,112328.0
1753617173022,11:52:53.022,bybit,ADA/USDT:USDT,0.8232,30470.0,0.8231,104973.0,0.8233,13827.0,0.8234,105486.0
1753617173122,11:52:53.122,bybit,ADA/USDT:USDT,0.8232,30470.0,0.8231,104973.0,0.8233,13827.0,0.8234,105486.0
1753617173223,11:52:53.223,bybit,ADA/USDT:USDT,0.8232,30470.0,0.8231,104973.0,0.8233,13827.0,0.8234,105486.0
1753617173323,11:52:53.323,bybit,ADA/USDT:USDT,0.8232,30470.0,0.8231,111815.0,0.8233,13827.0,0.8234,105486.0
1753617173423,11:52:53.423,bybit,ADA/USDT:USDT,0.8232,30470.0,0.8231,111815.0,0.8233,14681.0,0.8234,105486.0
1753617173522,11:52:53.522,bybit,ADA/USDT:USDT,0.8232,30470.0,0.8231,104973.0,0.8233,14681.0,0.8234,112328.0
1753617173622,11:52:53.622,bybit,ADA/USDT:USDT,0.8232,3167.0,0.8231,35786.0,0.8233,31456.0,0.8234,160842.0
1753617173723,11:52:53.723,bybit,ADA/USDT:USDT,0.8232,2771.0,0.8231,35786.0,0.8233,28206.0,0.8234,154967.0
1753617173822,11:52:53.822,bybit,ADA/USDT:USDT,0.8232,2771.0,0.8231,76433.0,0.8233,28206.0,0.8234,156916.0
1753617173922,11:52:53.922,bybit,ADA/USDT:USDT,0.8232,2771.0,0.8231,35786.0,0.8233,28798.0,0.8234,162791.0
1753617174022,11:52:54.022,bybit,ADA/USDT:USDT,0.8232,2805.0,0.8231,35786.0,0.8233,25374.0,0.8234,153473.0
1753617174122,11:52:54.122,bybit,ADA/USDT:USDT,0.8232,8253.0,0.8231,95726.0,0.8233,25374.0,0.8234,147741.0
1753617174222,11:52:54.222,bybit,ADA/USDT:USDT,0.8232,8253.0,0.8231,95726.0,0.8233,25374.0,0.8234,147741.0
1753617174322,11:52:54.322,bybit,ADA/USDT:USDT,0.8232,8253.0,0.8231,92302.0,0.8233,25374.0,0.8234,147741.0
1753617174422,11:52:54.422,bybit,ADA/USDT:USDT,0.8232,5857.0,0.8231,76432.0,0.8233,25374.0,0.8234,151190.0
1753617174522,11:52:54.522,bybit,ADA/USDT:USDT,0.8232,2805.0,0.8231,35786.0,0.8233,32458.0,0.8234,158305.0
1753617174623,11:52:54.623,bybit,ADA/USDT:USDT,0.8232,2805.0,0.8231,35786.0,0.8233,29065.0,0.8234,165097.0
1753617174723,11:52:54.723,bybit,ADA/USDT:USDT,0.8232,2805.0,0.8231,35786.0,0.8233,29643.0,0.8234,166129.0
1753617174822,11:52:54.822,bybit,ADA/USDT:USDT,0.8232,2805.0,0.8231,35786.0,0.8233,29643.0,0.8234,162711.0
1753617174922,11:52:54.922,bybit,ADA/USDT:USDT,0.8232,2805.0,0.8231,61430.0,0.8233,29643.0,0.8234,166129.0
1753617175023,11:52:55.023,bybit,ADA/USDT:USDT,0.8232,2805.0,0.8231,61430.0,0.8233,29643.0,0.8234,166129.0
1753617175122,11:52:55.122,bybit,ADA/USDT:USDT,0.8232,2805.0,0.8231,77057.0,0.8233,26219.0,0.8234,156836.0
1753617175222,11:52:55.222,bybit,ADA/USDT:USDT,0.8232,2805.0,0.8231,28151.0,0.8233,29643.0,0.8234,166129.0
1753617175322,11:52:55.322,bybit,ADA/USDT:USDT,0.8232,2805.0,0.8231,28151.0,0.8233,29643.0,0.8234,160254.0
1753617175422,11:52:55.422,bybit,ADA/USDT:USDT,0.8232,2805.0,0.8231,61614.0,0.8233,26219.0,0.8234,162711.0
1753617175522,11:52:55.522,bybit,ADA/USDT:USDT,0.8232,2805.0,0.8231,28151.0,0.8233,29643.0,0.8234,166129.0
1753617175622,11:52:55.622,bybit,ADA/USDT:USDT,0.8232,2806.0,0.8231,61377.0,0.8233,26219.0,0.8234,153387.0
1753617175723,11:52:55.723,bybit,ADA/USDT:USDT,0.8232,2806.0,0.8231,28151.0,0.8233,29643.0,0.8234,166129.0
1753617175822,11:52:55.822,bybit,ADA/USDT:USDT,0.8232,2806.0,0.8231,28151.0,0.8233,29643.0,0.8234,166129.0
1753617175922,11:52:55.922,bybit,ADA/USDT:USDT,0.8232,3079.0,0.8231,47700.0,0.8233,26219.0,0.8234,159262.0
1753617176022,11:52:56.022,bybit,ADA/USDT:USDT,0.8232,3079.0,0.8231,50300.0,0.8233,26219.0,0.8234,162686.0
1753617176122,11:52:56.122,bybit,ADA/USDT:USDT,0.8232,10782.0,0.8231,89899.0,0.8233,23619.0,0.8234,151079.0
1753617176223,11:52:56.223,bybit,ADA/USDT:USDT,0.8232,15410.0,0.8231,89899.0,0.8233,19716.0,0.8234,151079.0
1753617176322,11:52:56.322,bybit,ADA/USDT:USDT,0.8232,11958.0,0.8231,89899.0,0.8233,19716.0,0.8234,151079.0
1753617176423,11:52:56.423,bybit,ADA/USDT:USDT,0.8232,11958.0,0.8231,89899.0,0.8233,19716.0,0.8234,151079.0
1753617176522,11:52:56.522,bybit,ADA/USDT:USDT,0.8232,11958.0,0.8231,89899.0,0.8233,19716.0,0.8234,151079.0
1753617176622,11:52:56.622,bybit,ADA/USDT:USDT,0.8232,8184.0,0.8231,89899.0,0.8233,19720.0,0.8234,156954.0
1753617176722,11:52:56.722,bybit,ADA/USDT:USDT,0.8232,8184.0,0.8231,89899.0,0.8233,19720.0,0.8234,156954.0
1753617176822,11:52:56.822,bybit,ADA/USDT:USDT,0.8232,8184.0,0.8231,89899.0,0.8233,19721.0,0.8234,156954.0
1753617176922,11:52:56.922,bybit,ADA/USDT:USDT,0.8232,8184.0,0.8231,89899.0,0.8233,19721.0,0.8234,156954.0
1753617177022,11:52:57.022,bybit,ADA/USDT:USDT,0.8232,11564.0,0.8231,89899.0,0.8233,19721.0,0.8234,151079.0
1753617177122,11:52:57.122,bybit,ADA/USDT:USDT,0.8232,11564.0,0.8231,89899.0,0.8233,19721.0,0.8234,160378.0
1753617177222,11:52:57.222,bybit,ADA/USDT:USDT,0.8232,14164.0,0.8231,89899.0,0.8233,19721.0,0.8234,151079.0
1753617177323,11:52:57.323,bybit,ADA/USDT:USDT,0.8232,11564.0,0.8231,89899.0,0.8233,19721.0,0.8234,160378.0
1753617177422,11:52:57.422,bybit,ADA/USDT:USDT,0.8232,11564.0,0.8231,89899.0,0.8233,19721.0,0.8234,163821.0
1753617177622,11:52:57.622,bybit,ADA/USDT:USDT,0.8232,8184.0,0.8231,89899.0,0.8233,23145.0,0.8234,160403.0
1753617177925,11:52:57.925,bybit,ADA/USDT:USDT,0.8232,8175.0,0.8231,89899.0,0.8233,19721.0,0.8234,160378.0
1753617178022,11:52:58.022,bybit,ADA/USDT:USDT,0.8232,6775.0,0.8231,89899.0,0.8233,30645.0,0.8234,160403.0
1753617178122,11:52:58.122,bybit,ADA/USDT:USDT,0.8232,3072.0,0.8231,89899.0,0.8233,27221.0,0.8234,160403.0
1753617178222,11:52:58.222,bybit,ADA/USDT:USDT,0.8232,5089.0,0.8231,89899.0,0.8233,19721.0,0.8234,160378.0
1753617178322,11:52:58.322,bybit,ADA/USDT:USDT,0.8232,5089.0,0.8231,89899.0,0.8233,19722.0,0.8234,163796.0
1753617178422,11:52:58.422,bybit,ADA/USDT:USDT,0.8232,5089.0,0.8231,89899.0,0.8233,19722.0,0.8234,163821.0
1753617178722,11:52:58.722,bybit,ADA/USDT:USDT,0.8232,5089.0,0.8231,89899.0,0.8233,23146.0,0.8234,163821.0
1753617178822,11:52:58.822,bybit,ADA/USDT:USDT,0.8232,5089.0,0.8231,89899.0,0.8233,23146.0,0.8234,163821.0
1753617179023,11:52:59.023,bybit,ADA/USDT:USDT,0.8232,3072.0,0.8231,89899.0,0.8233,23146.0,0.8234,163821.0
1753617179122,11:52:59.122,bybit,ADA/USDT:USDT,0.8232,3072.0,0.8231,89899.0,0.8233,19724.0,0.8234,163821.0
1753617179222,11:52:59.222,bybit,ADA/USDT:USDT,0.8231,35117.0,0.823,93705.0,0.8232,699.0,0.8233,23148.0
1753617179322,11:52:59.322,bybit,ADA/USDT:USDT,0.8231,9096.0,0.823,45616.0,0.8232,52654.0,0.8233,155152.0
1753617179422,11:52:59.422,bybit,ADA/USDT:USDT,0.8231,326.0,0.823,43016.0,0.8232,59352.0,0.8233,158167.0
1753617179522,11:52:59.522,bybit,ADA/USDT:USDT,0.8231,392.0,0.823,43016.0,0.8232,59252.0,0.8233,157684.0
1753617179622,11:52:59.622,bybit,ADA/USDT:USDT,0.8231,363.0,0.823,55004.0,0.8232,59252.0,0.8233,151809.0
1753617179723,11:52:59.723,bybit,ADA/USDT:USDT,0.8231,363.0,0.823,55004.0,0.8232,59252.0,0.8233,154981.0
1753617179925,11:52:59.925,bybit,ADA/USDT:USDT,0.8231,363.0,0.823,83970.0,0.8232,58660.0,0.8233,154981.0
1753617180023,11:53:00.023,bybit,ADA/USDT:USDT,0.8231,363.0,0.823,99624.0,0.8232,58660.0,0.8233,154981.0
1753617180122,11:53:00.122,bybit,ADA/USDT:USDT,0.8231,363.0,0.823,43016.0,0.8232,55728.0,0.8233,155581.0
1753617180222,11:53:00.222,bybit,ADA/USDT:USDT,0.8231,363.0,0.823,40416.0,0.8232,55728.0,0.8233,161456.0
1753617180323,11:53:00.323,bybit,ADA/USDT:USDT,0.823,15157.0,0.8229,115903.0,0.8231,16045.0,0.8232,133051.0
1753617180423,11:53:00.423,bybit,ADA/USDT:USDT,0.823,11086.0,0.8229,64618.0,0.8231,32558.0,0.8232,144064.0
1753617180622,11:53:00.622,bybit,ADA/USDT:USDT,0.823,11086.0,0.8229,116961.0,0.8231,25124.0,0.8232,134860.0
1753617180723,11:53:00.723,bybit,ADA/USDT:USDT,0.823,9069.0,0.8229,132369.0,0.8231,25716.0,0.8232,142734.0
1753617180822,11:53:00.822,bybit,ADA/USDT:USDT,0.823,9069.0,0.8229,75997.0,0.8231,29140.0,0.8232,145217.0
1753617180922,11:53:00.922,bybit,ADA/USDT:USDT,0.823,12486.0,0.8229,75997.0,0.8231,25716.0,0.8232,142734.0
1753617181023,11:53:01.023,bybit,ADA/USDT:USDT,0.823,15086.0,0.8229,97390.0,0.8231,25716.0,0.8232,141647.0
1753617181123,11:53:01.123,bybit,ADA/USDT:USDT,0.823,13340.0,0.8229,132615.0,0.8231,23727.0,0.8232,142734.0
1753617181223,11:53:01.223,bybit,ADA/USDT:USDT,0.823,10469.0,0.8229,132615.0,0.8231,23727.0,0.8232,145217.0
1753617181323,11:53:01.323,bybit,ADA/USDT:USDT,0.823,10462.0,0.8229,132615.0,0.8231,27151.0,0.8232,145217.0
1753617181422,11:53:01.422,bybit,ADA/USDT:USDT,0.823,10462.0,0.8229,132615.0,0.8231,27326.0,0.8232,147554.0
1753617181522,11:53:01.522,bybit,ADA/USDT:USDT,0.823,10462.0,0.8229,132615.0,0.8231,23902.0,0.8232,147554.0
1753617181622,11:53:01.622,bybit,ADA/USDT:USDT,0.823,10462.0,0.8229,132615.0,0.8231,23902.0,0.8232,145071.0
1753617181722,11:53:01.722,bybit,ADA/USDT:USDT,0.823,10462.0,0.8229,132615.0,0.8231,23902.0,0.8232,145071.0
1753617181823,11:53:01.823,bybit,ADA/USDT:USDT,0.823,10462.0,0.8229,118921.0,0.8231,27326.0,0.8232,145071.0
1753617181922,11:53:01.922,bybit,ADA/USDT:USDT,0.823,20833.0,0.8229,118921.0,0.8231,23902.0,0.8232,145071.0
1753617182022,11:53:02.022,bybit,ADA/USDT:USDT,0.823,23443.0,0.8229,136039.0,0.8231,23902.0,0.8232,128985.0
1753617182122,11:53:02.122,bybit,ADA/USDT:USDT,0.8231,9405.0,0.823,35576.0,0.8232,5571.0,0.8233,128934.0
1753617182222,11:53:02.222,bybit,ADA/USDT:USDT,0.8232,58273.0,0.8231,144538.0,0.8233,3645.0,0.8234,96697.0
1753617182322,11:53:02.322,bybit,ADA/USDT:USDT,0.8232,58273.0,0.8231,144538.0,0.8233,2791.0,0.8234,50958.0
1753617182423,11:53:02.423,bybit,ADA/USDT:USDT,0.8232,58273.0,0.8231,147583.0,0.8233,764.0,0.8234,52163.0
1753617182522,11:53:02.522,bybit,ADA/USDT:USDT,0.8232,61697.0,0.8231,130396.0,0.8233,764.0,0.8234,53509.0
1753617182622,11:53:02.622,bybit,ADA/USDT:USDT,0.8232,61697.0,0.8231,131176.0,0.8234,52163.0,0.8235,142863.0
1753617182822,11:53:02.822,bybit,ADA/USDT:USDT,0.8233,49428.0,0.8232,111946.0,0.8234,2074.0,0.8235,33705.0
1753617182922,11:53:02.922,bybit,ADA/USDT:USDT,0.8233,60352.0,0.8232,111946.0,0.8234,192.0,0.8235,33705.0
1753617183022,11:53:03.022,bybit,ADA/USDT:USDT,0.8233,60352.0,0.8232,127213.0,0.8234,192.0,0.8235,33705.0
1753617183122,11:53:03.122,bybit,ADA/USDT:USDT,0.8233,60327.0,0.8232,127213.0,0.8234,192.0,0.8235,21394.0
1753617183222,11:53:03.222,bybit,ADA/USDT:USDT,0.8233,53485.0,0.8232,127213.0,0.8234,192.0,0.8235,21394.0
1753617183322,11:53:03.322,bybit,ADA/USDT:USDT,0.8233,56909.0,0.8232,127220.0,0.8234,192.0,0.8235,21394.0
1753617183423,11:53:03.423,bybit,ADA/USDT:USDT,0.8234,77262.0,0.8233,163420.0,0.8235,2460.0,0.8236,28360.0
1753617183523,11:53:03.523,bybit,ADA/USDT:USDT,0.8234,77287.0,0.8233,166707.0,0.8235,30.0,0.8236,5587.0
1753617183623,11:53:03.623,bybit,ADA/USDT:USDT,0.8236,2363.0,0.8235,65128.0,0.8237,20413.0,0.8238,106823.0
1753617183723,11:53:03.723,bybit,ADA/USDT:USDT,0.8236,62418.0,0.8235,121390.0,0.8237,9896.0,0.8238,66038.0
1753617183823,11:53:03.823,bybit,ADA/USDT:USDT,0.8237,23547.0,0.8236,100608.0,0.8238,524.0,0.8239,89836.0
1753617183922,11:53:03.922,bybit,ADA/USDT:USDT,0.8237,26965.0,0.8236,98421.0,0.8238,40.0,0.8239,60969.0
1753617184122,11:53:04.122,bybit,ADA/USDT:USDT,0.8238,45524.0,0.8237,42679.0,0.8239,32968.0,0.824,112423.0
1753617184223,11:53:04.223,bybit,ADA/USDT:USDT,0.8238,44707.0,0.8237,37631.0,0.8239,7137.0,0.824,86640.0
1753617184322,11:53:04.322,bybit,ADA/USDT:USDT,0.8238,44707.0,0.8237,40383.0,0.8239,7127.0,0.824,82766.0
1753617184423,11:53:04.423,bybit,ADA/USDT:USDT,0.8238,36886.0,0.8237,40383.0,0.8239,4628.0,0.824,81908.0
1753617184522,11:53:04.522,bybit,ADA/USDT:USDT,0.8238,1732.0,0.8237,32883.0,0.8239,15856.0,0.824,110571.0
1753617184622,11:53:04.622,bybit,ADA/USDT:USDT,0.8238,1732.0,0.8237,32883.0,0.8239,15831.0,0.824,111299.0
1753617184722,11:53:04.722,bybit,ADA/USDT:USDT,0.8238,1742.0,0.8237,32883.0,0.8239,12407.0,0.824,107881.0
1753617184822,11:53:04.822,bybit,ADA/USDT:USDT,0.8238,3759.0,0.8237,32883.0,0.8239,13261.0,0.824,111299.0
1753617184922,11:53:04.922,bybit,ADA/USDT:USDT,0.8238,3759.0,0.8237,32883.0,0.8239,13261.0,0.824,107881.0
1753617185022,11:53:05.022,bybit,ADA/USDT:USDT,0.8238,4613.0,0.8237,36301.0,0.8239,13261.0,0.824,107881.0
1753617185122,11:53:05.122,bybit,ADA/USDT:USDT,0.8238,15984.0,0.8237,40941.0,0.8239,4372.0,0.824,104636.0
1753617185222,11:53:05.222,bybit,ADA/USDT:USDT,0.8238,15984.0,0.8237,40941.0,0.8239,4372.0,0.824,104636.0
1753617185422,11:53:05.422,bybit,ADA/USDT:USDT,0.8238,12504.0,0.8237,36301.0,0.8239,6133.0,0.824,103729.0
1753617185522,11:53:05.522,bybit,ADA/USDT:USDT,0.8238,7304.0,0.8237,32883.0,0.8239,8824.0,0.824,107153.0
1753617185623,11:53:05.623,bybit,ADA/USDT:USDT,0.8238,7304.0,0.8237,32883.0,0.8239,8824.0,0.824,110571.0
1753617185722,11:53:05.722,bybit,ADA/USDT:USDT,0.8238,9050.0,0.8237,32883.0,0.8239,8824.0,0.824,107153.0
1753617185822,11:53:05.822,bybit,ADA/USDT:USDT,0.8238,9149.0,0.8237,7420.0,0.8239,27807.0,0.824,113616.0
1753617185925,11:53:05.925,bybit,ADA/USDT:USDT,0.8238,15775.0,0.8237,26991.0,0.8239,19516.0,0.824,110192.0
1753617186023,11:53:06.023,bybit,ADA/USDT:USDT,0.8238,21066.0,0.8237,33843.0,0.8239,5279.0,0.824,106774.0
1753617186122,11:53:06.122,bybit,ADA/USDT:USDT,0.8238,21066.0,0.8237,33843.0,0.8239,5279.0,0.824,77432.0
1753617186222,11:53:06.222,bybit,ADA/USDT:USDT,0.8238,21274.0,0.8237,33843.0,0.8239,5279.0,0.824,67294.0
1753617186323,11:53:06.323,bybit,ADA/USDT:USDT,0.8238,21274.0,0.8237,33843.0,0.8239,6273.0,0.824,65277.0
1753617186422,11:53:06.422,bybit,ADA/USDT:USDT,0.8238,21274.0,0.8237,33843.0,0.8239,6273.0,0.824,101101.0
1753617186522,11:53:06.522,bybit,ADA/USDT:USDT,0.8238,21274.0,0.8237,30419.0,0.8239,6273.0,0.824,101101.0
1753617186622,11:53:06.622,bybit,ADA/USDT:USDT,0.8238,21274.0,0.8237,30419.0,0.8239,3402.0,0.824,101101.0
1753617186721,11:53:06.721,bybit,ADA/USDT:USDT,0.8238,21274.0,0.8237,30419.0,0.8239,3402.0,0.824,101101.0
1753617186823,11:53:06.823,bybit,ADA/USDT:USDT,0.8238,21274.0,0.8237,33843.0,0.8239,3503.0,0.824,101101.0
1753617186922,11:53:06.922,bybit,ADA/USDT:USDT,0.8238,28774.0,0.8237,41343.0,0.8239,3503.0,0.824,101101.0
1753617187022,11:53:07.022,bybit,ADA/USDT:USDT,0.8238,28774.0,0.8237,34501.0,0.8239,9065.0,0.824,110543.0
1753617187122,11:53:07.122,bybit,ADA/USDT:USDT,0.8238,28774.0,0.8237,41343.0,0.8239,5520.0,0.824,103701.0
1753617187222,11:53:07.222,bybit,ADA/USDT:USDT,0.8238,28774.0,0.8237,37919.0,0.8239,5520.0,0.824,103701.0
1753617187322,11:53:07.322,bybit,ADA/USDT:USDT,0.8238,28774.0,0.8237,41350.0,0.8239,5520.0,0.824,103701.0
1753617187422,11:53:07.422,bybit,ADA/USDT:USDT,0.8238,28774.0,0.8237,37926.0,0.8239,8211.0,0.824,110543.0
1753617187522,11:53:07.522,bybit,ADA/USDT:USDT,0.8238,16074.0,0.8237,34508.0,0.8239,9065.0,0.824,113143.0
1753617187622,11:53:07.622,bybit,ADA/USDT:USDT,0.8238,16074.0,0.8237,37926.0,0.8239,9363.0,0.824,109725.0
1753617187722,11:53:07.722,bybit,ADA/USDT:USDT,0.8238,16074.0,0.8237,37926.0,0.8239,6672.0,0.824,106301.0
1753617187924,11:53:07.924,bybit,ADA/USDT:USDT,0.8238,16074.0,0.8237,37926.0,0.8239,9363.0,0.824,109725.0
1753617188023,11:53:08.023,bybit,ADA/USDT:USDT,0.8238,13383.0,0.8237,34508.0,0.8239,9363.0,0.824,113143.0
1753617188123,11:53:08.123,bybit,ADA/USDT:USDT,0.8238,16074.0,0.8237,34508.0,0.8239,9363.0,0.824,109725.0
1753617188223,11:53:08.223,bybit,ADA/USDT:USDT,0.8238,16074.0,0.8237,34508.0,0.8239,9363.0,0.824,109725.0
1753617188322,11:53:08.322,bybit,ADA/USDT:USDT,0.8238,16074.0,0.8237,34508.0,0.8239,9363.0,0.824,109725.0
1753617188423,11:53:08.423,bybit,ADA/USDT:USDT,0.8239,21349.0,0.8238,101500.0,0.824,27420.0,0.8241,144337.0
1753617188522,11:53:08.522,bybit,ADA/USDT:USDT,0.8239,11970.0,0.8238,101500.0,0.824,27420.0,0.8241,144337.0
1753617188623,11:53:08.623,bybit,ADA/USDT:USDT,0.8239,11970.0,0.8238,101500.0,0.824,31447.0,0.8241,148846.0
1753617188725,11:53:08.725,bybit,ADA/USDT:USDT,0.8239,11970.0,0.8238,101500.0,0.824,24386.0,0.8241,172077.0
1753617188823,11:53:08.823,bybit,ADA/USDT:USDT,0.8239,11241.0,0.8238,101500.0,0.824,27810.0,0.8241,172077.0
1753617188923,11:53:08.923,bybit,ADA/USDT:USDT,0.8239,11241.0,0.8238,44954.0,0.824,27810.0,0.8241,168659.0
1753617189123,11:53:09.123,bybit,ADA/USDT:USDT,0.8239,11241.0,0.8238,58988.0,0.824,28402.0,0.8241,172087.0
1753617189223,11:53:09.223,bybit,ADA/USDT:USDT,0.8239,11241.0,0.8238,58988.0,0.824,24978.0,0.8241,168669.0
1753617189322,11:53:09.322,bybit,ADA/USDT:USDT,0.8239,11241.0,0.8238,99889.0,0.824,24978.0,0.8241,168669.0
1753617189423,11:53:09.423,bybit,ADA/USDT:USDT,0.8239,15949.0,0.8238,99889.0,0.824,22961.0,0.8241,165245.0
1753617189522,11:53:09.522,bybit,ADA/USDT:USDT,0.8239,10387.0,0.8238,99889.0,0.824,25220.0,0.8241,171269.0
1753617189622,11:53:09.622,bybit,ADA/USDT:USDT,0.8239,10387.0,0.8238,59230.0,0.824,28644.0,0.8241,174687.0
1753617189722,11:53:09.722,bybit,ADA/USDT:USDT,0.8239,8987.0,0.8238,59230.0,0.824,28402.0,0.8241,175718.0
1753617189823,11:53:09.823,bybit,ADA/USDT:USDT,0.8239,9189.0,0.8238,97288.0,0.824,22871.0,0.8241,172892.0
1753617189924,11:53:09.924,bybit,ADA/USDT:USDT,0.8239,10043.0,0.8238,97288.0,0.824,22871.0,0.8241,172892.0
1753617190022,11:53:10.022,bybit,ADA/USDT:USDT,0.8239,11443.0,0.8238,97288.0,0.824,22871.0,0.8241,169468.0
1753617190122,11:53:10.122,bybit,ADA/USDT:USDT,0.8239,14134.0,0.8238,97313.0,0.824,17096.0,0.8241,169468.0
1753617190223,11:53:10.223,bybit,ADA/USDT:USDT,0.8239,16734.0,0.8238,105126.0,0.824,15218.0,0.8241,156154.0
1753617190323,11:53:10.323,bybit,ADA/USDT:USDT,0.8239,16734.0,0.8238,105126.0,0.824,15218.0,0.8241,172530.0
1753617190422,11:53:10.422,bybit,ADA/USDT:USDT,0.8239,14134.0,0.8238,105101.0,0.824,17818.0,0.8241,172530.0
1753617190522,11:53:10.522,bybit,ADA/USDT:USDT,0.8239,14134.0,0.8238,105126.0,0.824,17818.0,0.8241,175948.0
1753617190622,11:53:10.622,bybit,ADA/USDT:USDT,0.8239,13994.0,0.8238,91428.0,0.824,23933.0,0.8241,175948.0
1753617190722,11:53:10.722,bybit,ADA/USDT:USDT,0.8239,13994.0,0.8238,97287.0,0.824,23933.0,0.8241,175948.0
1753617190822,11:53:10.822,bybit,ADA/USDT:USDT,0.8239,18611.0,0.8238,97312.0,0.824,17909.0,0.8241,169106.0
1753617190922,11:53:10.922,bybit,ADA/USDT:USDT,0.8239,18611.0,0.8238,105124.0,0.824,17909.0,0.8241,169106.0
1753617191023,11:53:11.023,bybit,ADA/USDT:USDT,0.8239,18611.0,0.8238,105124.0,0.824,17909.0,0.8241,172530.0
1753617191122,11:53:11.122,bybit,ADA/USDT:USDT,0.8239,18611.0,0.8238,105124.0,0.824,15218.0,0.8241,172530.0
1753617191223,11:53:11.223,bybit,ADA/USDT:USDT,0.8239,18611.0,0.8238,105124.0,0.824,15218.0,0.8241,172530.0
1753617191323,11:53:11.323,bybit,ADA/USDT:USDT,0.8239,13994.0,0.8238,105099.0,0.824,18642.0,0.8241,175948.0
1753617191422,11:53:11.422,bybit,ADA/USDT:USDT,0.8239,17209.0,0.8238,105114.0,0.824,15218.0,0.8241,169106.0
1753617191522,11:53:11.522,bybit,ADA/USDT:USDT,0.8239,17209.0,0.8238,105114.0,0.824,15249.0,0.8241,172530.0
1753617191622,11:53:11.622,bybit,ADA/USDT:USDT,0.8239,16036.0,0.8238,105114.0,0.824,15249.0,0.8241,172530.0
1753617191722,11:53:11.722,bybit,ADA/USDT:USDT,0.8239,16619.0,0.8238,105114.0,0.824,15249.0,0.8241,175948.0
1753617191823,11:53:11.823,bybit,ADA/USDT:USDT,0.8239,24119.0,0.8238,105114.0,0.824,15249.0,0.8241,172530.0
1753617191924,11:53:11.924,bybit,ADA/USDT:USDT,0.8239,24119.0,0.8238,105114.0,0.824,15249.0,0.8241,168075.0
1753617192030,11:53:12.030,bybit,ADA/USDT:USDT,0.8239,24129.0,0.8238,108538.0,0.824,15249.0,0.8241,168075.0
1753617192122,11:53:12.122,bybit,ADA/USDT:USDT,0.8239,16615.0,0.8238,105114.0,0.824,15264.0,0.8241,168075.0
1753617192222,11:53:12.222,bybit,ADA/USDT:USDT,0.8239,16615.0,0.8238,105114.0,0.824,15264.0,0.8241,170287.0
1753617192323,11:53:12.323,bybit,ADA/USDT:USDT,0.8239,16615.0,0.8238,91453.0,0.824,15264.0,0.8241,170287.0
1753617192422,11:53:12.422,bybit,ADA/USDT:USDT,0.8239,14155.0,0.8238,91453.0,0.824,15264.0,0.8241,166863.0
1753617192522,11:53:12.522,bybit,ADA/USDT:USDT,0.8239,14155.0,0.8238,91453.0,0.824,15264.0,0.8241,170287.0
1753617192622,11:53:12.622,bybit,ADA/USDT:USDT,0.8239,14155.0,0.8238,83616.0,0.824,17955.0,0.8241,175402.0
1753617192723,11:53:12.723,bybit,ADA/USDT:USDT,0.8239,14015.0,0.8238,91049.0,0.824,21379.0,0.8241,179438.0
1753617192822,11:53:12.822,bybit,ADA/USDT:USDT,0.8239,14015.0,0.8238,91049.0,0.824,21379.0,0.8241,179438.0
1753617192922,11:53:12.922,bybit,ADA/USDT:USDT,0.8239,13150.0,0.8238,91049.0,0.824,17955.0,0.8241,179438.0
1753617193022,11:53:13.022,bybit,ADA/USDT:USDT,0.8239,14018.0,0.8238,91049.0,0.824,17955.0,0.8241,179438.0
1753617193122,11:53:13.122,bybit,ADA/USDT:USDT,0.8239,14018.0,0.8238,91049.0,0.824,17955.0,0.8241,176020.0
1753617193222,11:53:13.222,bybit,ADA/USDT:USDT,0.8239,14018.0,0.8238,91450.0,0.824,17955.0,0.8241,172596.0
1753617193322,11:53:13.322,bybit,ADA/USDT:USDT,0.8239,14018.0,0.8238,91450.0,0.824,17955.0,0.8241,176020.0
1753617193423,11:53:13.423,bybit,ADA/USDT:USDT,0.8239,14018.0,0.8238,91425.0,0.824,21379.0,0.8241,179438.0
1753617193522,11:53:13.522,bybit,ADA/USDT:USDT,0.8239,14018.0,0.8238,86216.0,0.824,17955.0,0.8241,176020.0
1753617193623,11:53:13.623,bybit,ADA/USDT:USDT,0.8239,14018.0,0.8238,44944.0,0.824,22213.0,0.8241,178846.0
1753617193722,11:53:13.722,bybit,ADA/USDT:USDT,0.8239,10660.0,0.8238,52756.0,0.824,18532.0,0.8241,178846.0
1753617193822,11:53:13.822,bybit,ADA/USDT:USDT,0.8239,9260.0,0.8238,78382.0,0.824,18532.0,0.8241,175428.0
1753617193922,11:53:13.922,bybit,ADA/USDT:USDT,0.8239,9260.0,0.8238,78382.0,0.824,21956.0,0.8241,178846.0
1753617194022,11:53:14.022,bybit,ADA/USDT:USDT,0.8239,9260.0,0.8238,78382.0,0.824,18048.0,0.8241,171974.0
1753617194122,11:53:14.122,bybit,ADA/USDT:USDT,0.8239,9394.0,0.8238,86189.0,0.824,18532.0,0.8241,172004.0
1753617194222,11:53:14.222,bybit,ADA/USDT:USDT,0.8239,9394.0,0.8238,86214.0,0.824,18532.0,0.8241,168363.0
1753617194322,11:53:14.322,bybit,ADA/USDT:USDT,0.8239,9705.0,0.8238,85981.0,0.824,18532.0,0.8241,171787.0
1753617194423,11:53:14.423,bybit,ADA/USDT:USDT,0.8239,9581.0,0.8238,85981.0,0.824,18564.0,0.8241,171787.0
1753617194522,11:53:14.522,bybit,ADA/USDT:USDT,0.8239,9581.0,0.8238,85981.0,0.824,21988.0,0.8241,181080.0
1753617194622,11:53:14.622,bybit,ADA/USDT:USDT,0.8239,9581.0,0.8238,52783.0,0.824,14725.0,0.8241,184721.0
1753617194722,11:53:14.722,bybit,ADA/USDT:USDT,0.8239,9581.0,0.8238,85974.0,0.824,10709.0,0.8241,179438.0
1753617194822,11:53:14.822,bybit,ADA/USDT:USDT,0.8239,22026.0,0.8238,85999.0,0.824,10709.0,0.8241,176020.0
1753617194922,11:53:14.922,bybit,ADA/USDT:USDT,0.8239,22026.0,0.8238,93805.0,0.824,5418.0,0.8241,171565.0
1753617195022,11:53:15.022,bybit,ADA/USDT:USDT,0.8239,22026.0,0.8238,97229.0,0.824,5418.0,0.8241,163466.0
1753617195122,11:53:15.122,bybit,ADA/USDT:USDT,0.8239,22026.0,0.8238,93805.0,0.824,4564.0,0.8241,161769.0
1753617195222,11:53:15.222,bybit,ADA/USDT:USDT,0.8239,22026.0,0.8238,97229.0,0.824,5415.0,0.8241,167644.0
1753617195322,11:53:15.322,bybit,ADA/USDT:USDT,0.8239,22036.0,0.8238,93805.0,0.824,5415.0,0.8241,171068.0
1753617195422,11:53:15.422,bybit,ADA/USDT:USDT,0.8239,9591.0,0.8238,44736.0,0.824,32425.0,0.8241,177622.0
1753617195522,11:53:15.522,bybit,ADA/USDT:USDT,0.8239,14536.0,0.8238,83364.0,0.824,19632.0,0.8241,170780.0
1753617195722,11:53:15.722,bybit,ADA/USDT:USDT,0.8239,17136.0,0.8238,91201.0,0.824,17032.0,0.8241,164905.0
1753617195822,11:53:15.822,bybit,ADA/USDT:USDT,0.8239,24636.0,0.8238,91201.0,0.824,17032.0,0.8241,164905.0
1753617195925,11:53:15.925,bybit,ADA/USDT:USDT,0.8239,24636.0,0.8238,91201.0,0.824,6249.0,0.8241,164905.0
1753617196022,11:53:16.022,bybit,ADA/USDT:USDT,0.8239,24636.0,0.8238,91201.0,0.824,6249.0,0.8241,168329.0
1753617196122,11:53:16.122,bybit,ADA/USDT:USDT,0.8239,24636.0,0.8238,91201.0,0.824,6249.0,0.8241,166298.0
1753617196223,11:53:16.223,bybit,ADA/USDT:USDT,0.8239,24660.0,0.8238,91201.0,0.824,6249.0,0.8241,162874.0
1753617196322,11:53:16.322,bybit,ADA/USDT:USDT,0.8239,24660.0,0.8238,91201.0,0.824,6249.0,0.8241,166298.0
1753617196423,11:53:16.423,bybit,ADA/USDT:USDT,0.8239,24660.0,0.8238,91201.0,0.824,6249.0,0.8241,162874.0
1753617196522,11:53:16.522,bybit,ADA/USDT:USDT,0.8239,24660.0,0.8238,91201.0,0.824,6249.0,0.8241,166298.0
1753617196723,11:53:16.723,bybit,ADA/USDT:USDT,0.8239,24666.0,0.8238,91201.0,0.824,6249.0,0.8241,166298.0
1753617196822,11:53:16.822,bybit,ADA/USDT:USDT,0.8239,24666.0,0.8238,91201.0,0.824,6249.0,0.8241,160274.0
1753617197022,11:53:17.022,bybit,ADA/USDT:USDT,0.824,47113.0,0.8239,105993.0,0.8241,52983.0,0.8242,126688.0
1753617197122,11:53:17.122,bybit,ADA/USDT:USDT,0.824,39078.0,0.8239,130134.0,0.8241,46350.0,0.8242,126643.0
1753617197222,11:53:17.222,bybit,ADA/USDT:USDT,0.824,22369.0,0.8239,130109.0,0.8241,46350.0,0.8242,145673.0
1753617197323,11:53:17.323,bybit,ADA/USDT:USDT,0.824,21640.0,0.8239,130109.0,0.8241,49479.0,0.8242,148781.0
1753617197423,11:53:17.423,bybit,ADA/USDT:USDT,0.824,21640.0,0.8239,130109.0,0.8241,50082.0,0.8242,148781.0
1753617197523,11:53:17.523,bybit,ADA/USDT:USDT,0.824,32300.0,0.8239,142390.0,0.8241,13040.0,0.8242,93567.0
1753617197622,11:53:17.622,bybit,ADA/USDT:USDT,0.824,28857.0,0.8239,136986.0,0.8241,13040.0,0.8242,141639.0
1753617197722,11:53:17.722,bybit,ADA/USDT:USDT,0.824,28857.0,0.8239,136986.0,0.8241,13040.0,0.8242,141639.0
1753617197822,11:53:17.822,bybit,ADA/USDT:USDT,0.824,28857.0,0.8239,133562.0,0.8241,13040.0,0.8242,141639.0
1753617197925,11:53:17.925,bybit,ADA/USDT:USDT,0.824,28857.0,0.8239,133537.0,0.8241,15057.0,0.8242,141639.0
1753617198022,11:53:18.022,bybit,ADA/USDT:USDT,0.824,26257.0,0.8239,136993.0,0.8241,14917.0,0.8242,141639.0
1753617198123,11:53:18.123,bybit,ADA/USDT:USDT,0.824,26257.0,0.8239,136993.0,0.8241,14917.0,0.8242,141639.0
1753617198222,11:53:18.222,bybit,ADA/USDT:USDT,0.824,26465.0,0.8239,136784.0,0.8241,14917.0,0.8242,141639.0
1753617198322,11:53:18.322,bybit,ADA/USDT:USDT,0.824,26653.0,0.8239,136613.0,0.8241,13040.0,0.8242,141639.0
1753617198422,11:53:18.422,bybit,ADA/USDT:USDT,0.824,26670.0,0.8239,136613.0,0.8241,13040.0,0.8242,141639.0
1753617198523,11:53:18.523,bybit,ADA/USDT:USDT,0.824,30119.0,0.8239,144617.0,0.8241,12543.0,0.8242,78443.0
1753617198622,11:53:18.622,bybit,ADA/USDT:USDT,0.824,30119.0,0.8239,139213.0,0.8241,12543.0,0.8242,93435.0
1753617198722,11:53:18.722,bybit,ADA/USDT:USDT,0.824,30094.0,0.8239,139213.0,0.8241,12543.0,0.8242,93435.0
1753617198922,11:53:18.922,bybit,ADA/USDT:USDT,0.824,26670.0,0.8239,139213.0,0.8241,14916.0,0.8242,141015.0
1753617199022,11:53:19.022,bybit,ADA/USDT:USDT,0.824,26670.0,0.8239,139213.0,0.8241,14916.0,0.8242,141015.0
1753617199122,11:53:19.122,bybit,ADA/USDT:USDT,0.824,26670.0,0.8239,139213.0,0.8241,16149.0,0.8242,141015.0
1753617199222,11:53:19.222,bybit,ADA/USDT:USDT,0.824,33512.0,0.8239,139213.0,0.8241,11669.0,0.8242,67614.0
1753617199323,11:53:19.323,bybit,ADA/USDT:USDT,0.824,30027.0,0.8239,135789.0,0.8241,2639.0,0.8242,41021.0
1753617199422,11:53:19.422,bybit,ADA/USDT:USDT,0.824,17067.0,0.8239,124543.0,0.8241,17097.0,0.8242,174613.0
1753617199522,11:53:19.522,bybit,ADA/USDT:USDT,0.824,14376.0,0.8239,124543.0,0.8241,16273.0,0.8242,161893.0
1753617199623,11:53:19.623,bybit,ADA/USDT:USDT,0.824,4598.0,0.8239,124543.0,0.8241,16273.0,0.8242,158475.0
1753617199722,11:53:19.722,bybit,ADA/USDT:USDT,0.824,446.0,0.8239,122526.0,0.8241,20193.0,0.8242,164442.0
1753617199823,11:53:19.823,bybit,ADA/USDT:USDT,0.824,3849.0,0.8239,122526.0,0.8241,16769.0,0.8242,161024.0
1753617199924,11:53:19.924,bybit,ADA/USDT:USDT,0.824,7919.0,0.8239,122526.0,0.8241,16769.0,0.8242,155149.0
1753617200022,11:53:20.022,bybit,ADA/USDT:USDT,0.8239,9462.0,0.8238,50945.0,0.824,57749.0,0.8241,160824.0
1753617200122,11:53:20.122,bybit,ADA/USDT:USDT,0.8239,11705.0,0.8238,76296.0,0.824,45394.0,0.8241,159940.0
1753617200222,11:53:20.222,bybit,ADA/USDT:USDT,0.8239,11705.0,0.8238,99933.0,0.824,37894.0,0.8241,148263.0
1753617200322,11:53:20.322,bybit,ADA/USDT:USDT,0.8239,25037.0,0.8238,106775.0,0.824,5918.0,0.8241,142924.0
1753617200422,11:53:20.422,bybit,ADA/USDT:USDT,0.8239,21632.0,0.8238,106775.0,0.824,6058.0,0.8241,131220.0
1753617200622,11:53:20.622,bybit,ADA/USDT:USDT,0.8239,21632.0,0.8238,106775.0,0.824,6058.0,0.8241,142923.0
1753617200722,11:53:20.722,bybit,ADA/USDT:USDT,0.8239,29132.0,0.8238,106775.0,0.824,6058.0,0.8241,142923.0
1753617200822,11:53:20.822,bybit,ADA/USDT:USDT,0.8239,29132.0,0.8238,106775.0,0.824,6058.0,0.8241,142923.0
1753617200922,11:53:20.922,bybit,ADA/USDT:USDT,0.8239,29132.0,0.8238,106800.0,0.824,496.0,0.8241,69924.0
1753617201022,11:53:21.022,bybit,ADA/USDT:USDT,0.8239,35974.0,0.8238,106800.0,0.824,496.0,0.8241,21523.0
1753617201122,11:53:21.122,bybit,ADA/USDT:USDT,0.8239,35974.0,0.8238,106800.0,0.824,496.0,0.8241,21523.0
1753617201223,11:53:21.223,bybit,ADA/USDT:USDT,0.824,51378.0,0.8239,144374.0,0.8241,19.0,0.8242,72076.0
1753617201323,11:53:21.323,bybit,ADA/USDT:USDT,0.824,51378.0,0.8239,142028.0,0.8241,19.0,0.8242,60748.0
1753617201422,11:53:21.422,bybit,ADA/USDT:USDT,0.824,47929.0,0.8239,142028.0,0.8241,19.0,0.8242,108904.0
1753617201523,11:53:21.523,bybit,ADA/USDT:USDT,0.8241,15626.0,0.824,92876.0,0.8242,45950.0,0.8243,148553.0
1753617201622,11:53:21.622,bybit,ADA/USDT:USDT,0.8241,13609.0,0.824,100682.0,0.8242,45950.0,0.8243,149833.0
1753617201722,11:53:21.722,bybit,ADA/USDT:USDT,0.824,47211.0,0.8239,119583.0,0.8241,3600.0,0.8242,64830.0
1753617201822,11:53:21.822,bybit,ADA/USDT:USDT,0.824,42779.0,0.8239,127626.0,0.8241,7296.0,0.8242,150652.0
1753617201922,11:53:21.922,bybit,ADA/USDT:USDT,0.824,42789.0,0.8239,127626.0,0.8241,6567.0,0.8242,150649.0
1753617202022,11:53:22.022,bybit,ADA/USDT:USDT,0.824,42789.0,0.8239,127626.0,0.8241,6567.0,0.8242,150649.0
1753617202122,11:53:22.122,bybit,ADA/USDT:USDT,0.824,42789.0,0.8239,134468.0,0.8241,374.0,0.8242,102610.0
1753617202222,11:53:22.222,bybit,ADA/USDT:USDT,0.824,42789.0,0.8239,134500.0,0.8241,374.0,0.8242,64438.0
1753617202322,11:53:22.322,bybit,ADA/USDT:USDT,0.824,42880.0,0.8239,131513.0,0.8241,374.0,0.8242,66921.0
1753617202422,11:53:22.422,bybit,ADA/USDT:USDT,0.824,42719.0,0.8239,127595.0,0.8241,5713.0,0.8242,70345.0
1753617202522,11:53:22.522,bybit,ADA/USDT:USDT,0.824,28651.0,0.8239,127595.0,0.8241,6567.0,0.8242,152570.0
1753617202622,11:53:22.622,bybit,ADA/USDT:USDT,0.824,28651.0,0.8239,127595.0,0.8241,9258.0,0.8242,154904.0
1753617202722,11:53:22.722,bybit,ADA/USDT:USDT,0.824,155.0,0.8239,39446.0,0.8241,43392.0,0.8242,161149.0
1753617202822,11:53:22.822,bybit,ADA/USDT:USDT,0.8239,9329.0,0.8238,52706.0,0.824,72145.0,0.8241,170162.0
1753617202922,11:53:22.922,bybit,ADA/USDT:USDT,0.8239,39.0,0.8238,17646.0,0.824,72145.0,0.8241,170162.0
1753617203022,11:53:23.022,bybit,ADA/USDT:USDT,0.8239,39.0,0.8238,17646.0,0.824,69330.0,0.8241,170162.0
1753617203122,11:53:23.122,bybit,ADA/USDT:USDT,0.8239,9295.0,0.8238,17636.0,0.824,69330.0,0.8241,164724.0
1753617203222,11:53:23.222,bybit,ADA/USDT:USDT,0.8239,16257.0,0.8238,96869.0,0.824,32898.0,0.8241,159518.0
1753617203322,11:53:23.322,bybit,ADA/USDT:USDT,0.8239,25317.0,0.8238,108080.0,0.824,23799.0,0.8241,159276.0
1753617203423,11:53:23.423,bybit,ADA/USDT:USDT,0.8239,25327.0,0.8238,108080.0,0.824,14386.0,0.8241,108745.0
1753617203522,11:53:23.522,bybit,ADA/USDT:USDT,0.8239,25337.0,0.8238,108080.0,0.824,10841.0,0.8241,75321.0
1753617203622,11:53:23.622,bybit,ADA/USDT:USDT,0.8239,25337.0,0.8238,108080.0,0.824,10841.0,0.8241,90907.0
1753617203722,11:53:23.722,bybit,ADA/USDT:USDT,0.8239,19313.0,0.8238,93445.0,0.824,18121.0,0.8241,151658.0
1753617203823,11:53:23.823,bybit,ADA/USDT:USDT,0.8239,19313.0,0.8238,104662.0,0.824,18121.0,0.8241,148313.0
1753617203922,11:53:23.922,bybit,ADA/USDT:USDT,0.8239,9751.0,0.8238,52276.0,0.824,18121.0,0.8241,155155.0
1753617204022,11:53:24.022,bybit,ADA/USDT:USDT,0.8239,3182.0,0.8238,52276.0,0.824,25205.0,0.8241,157670.0
1753617204122,11:53:24.122,bybit,ADA/USDT:USDT,0.8239,9806.0,0.8238,67858.0,0.824,25205.0,0.8241,155187.0
1753617204223,11:53:24.223,bybit,ADA/USDT:USDT,0.8239,14800.0,0.8238,104659.0,0.824,18363.0,0.8241,142445.0
1753617204322,11:53:24.322,bybit,ADA/USDT:USDT,0.8239,17491.0,0.8238,107259.0,0.824,19245.0,0.8241,148320.0
1753617204423,11:53:24.423,bybit,ADA/USDT:USDT,0.8239,17491.0,0.8238,107259.0,0.824,19245.0,0.8241,148320.0
1753617204522,11:53:24.522,bybit,ADA/USDT:USDT,0.8239,17491.0,0.8238,107259.0,0.824,16645.0,0.8241,148320.0
1753617204622,11:53:24.622,bybit,ADA/USDT:USDT,0.8239,17491.0,0.8238,107259.0,0.824,16645.0,0.8241,148320.0
1753617204722,11:53:24.722,bybit,ADA/USDT:USDT,0.8239,22491.0,0.8238,107259.0,0.824,16645.0,0.8241,143476.0
1753617204822,11:53:24.822,bybit,ADA/USDT:USDT,0.8239,22491.0,0.8238,103835.0,0.824,19245.0,0.8241,149351.0
1753617204923,11:53:24.923,bybit,ADA/USDT:USDT,0.8239,22491.0,0.8238,107259.0,0.824,16645.0,0.8241,149351.0
1753617205022,11:53:25.022,bybit,ADA/USDT:USDT,0.8239,22491.0,0.8238,110677.0,0.824,11695.0,0.8241,99202.0
1753617205122,11:53:25.122,bybit,ADA/USDT:USDT,0.8239,25915.0,0.8238,110687.0,0.824,10841.0,0.8241,93327.0
1753617205222,11:53:25.222,bybit,ADA/USDT:USDT,0.8239,25915.0,0.8238,110687.0,0.824,13572.0,0.8241,100420.0
1753617205423,11:53:25.423,bybit,ADA/USDT:USDT,0.8239,22501.0,0.8238,110687.0,0.824,10841.0,0.8241,107858.0
1753617205522,11:53:25.522,bybit,ADA/USDT:USDT,0.8239,29343.0,0.8238,110687.0,0.824,11092.0,0.8241,118674.0
1753617205622,11:53:25.622,bybit,ADA/USDT:USDT,0.824,38426.0,0.8239,58400.0,0.8241,13663.0,0.8242,167837.0
1753617205723,11:53:25.723,bybit,ADA/USDT:USDT,0.824,33409.0,0.8239,103941.0,0.8241,13663.0,0.8242,156679.0
1753617205822,11:53:25.822,bybit,ADA/USDT:USDT,0.824,26309.0,0.8239,93103.0,0.8241,16358.0,0.8242,162554.0
1753617205924,11:53:25.924,bybit,ADA/USDT:USDT,0.824,19530.0,0.8239,85313.0,0.8241,16358.0,0.8242,162554.0
1753617206022,11:53:26.022,bybit,ADA/USDT:USDT,0.824,19530.0,0.8239,96527.0,0.8241,9156.0,0.8242,162554.0
1753617206122,11:53:26.122,bybit,ADA/USDT:USDT,0.824,19530.0,0.8239,96527.0,0.8241,9156.0,0.8242,162554.0
1753617206222,11:53:26.222,bybit,ADA/USDT:USDT,0.824,19530.0,0.8239,93103.0,0.8241,6465.0,0.8242,156679.0
1753617206323,11:53:26.323,bybit,ADA/USDT:USDT,0.824,19530.0,0.8239,96527.0,0.8241,6465.0,0.8242,156679.0
1753617206422,11:53:26.422,bybit,ADA/USDT:USDT,0.824,19530.0,0.8239,93103.0,0.8241,6465.0,0.8242,165978.0
1753617206622,11:53:26.622,bybit,ADA/USDT:USDT,0.824,19530.0,0.8239,96534.0,0.8241,6465.0,0.8242,162554.0
1753617206723,11:53:26.723,bybit,ADA/USDT:USDT,0.824,27030.0,0.8239,96534.0,0.8241,6465.0,0.8242,162554.0
1753617206822,11:53:26.822,bybit,ADA/USDT:USDT,0.824,27030.0,0.8239,96534.0,0.8241,6465.0,0.8242,162554.0
1753617206923,11:53:26.923,bybit,ADA/USDT:USDT,0.824,34037.0,0.8239,117235.0,0.8241,603.0,0.8242,46779.0
1753617207022,11:53:27.022,bybit,ADA/USDT:USDT,0.8241,729.0,0.824,34037.0,0.8242,46779.0,0.8243,130227.0
1753617207123,11:53:27.123,bybit,ADA/USDT:USDT,0.8241,39282.0,0.824,113203.0,0.8242,13428.0,0.8243,135434.0
1753617207222,11:53:27.222,bybit,ADA/USDT:USDT,0.8241,39282.0,0.824,97978.0,0.8242,15587.0,0.8243,116138.0
1753617207322,11:53:27.322,bybit,ADA/USDT:USDT,0.8241,39282.0,0.824,101406.0,0.8242,16563.0,0.8243,115727.0
1753617207422,11:53:27.422,bybit,ADA/USDT:USDT,0.8241,39282.0,0.824,101406.0,0.8242,16563.0,0.8243,115727.0
1753617207522,11:53:27.522,bybit,ADA/USDT:USDT,0.8241,39282.0,0.824,101406.0,0.8242,16563.0,0.8243,134505.0
1753617207622,11:53:27.622,bybit,ADA/USDT:USDT,0.8241,27165.0,0.824,86905.0,0.8242,18752.0,0.8243,167139.0
1753617207722,11:53:27.722,bybit,ADA/USDT:USDT,0.8241,2691.0,0.824,79117.0,0.8242,24861.0,0.8243,189665.0
1753617207822,11:53:27.822,bybit,ADA/USDT:USDT,0.8241,4708.0,0.824,79117.0,0.8242,21443.0,0.8243,186248.0
1753617207922,11:53:27.922,bybit,ADA/USDT:USDT,0.8241,21539.0,0.824,85977.0,0.8242,14404.0,0.8243,176349.0
1753617208123,11:53:28.123,bybit,ADA/USDT:USDT,0.8241,9418.0,0.824,79117.0,0.8242,28590.0,0.8243,192336.0
1753617208222,11:53:28.222,bybit,ADA/USDT:USDT,0.8241,9418.0,0.824,79117.0,0.8242,25172.0,0.8243,191924.0
1753617208322,11:53:28.322,bybit,ADA/USDT:USDT,0.8241,9418.0,0.824,79117.0,0.8242,25172.0,0.8243,191924.0
1753617208423,11:53:28.423,bybit,ADA/USDT:USDT,0.8241,15703.0,0.824,82535.0,0.8242,21393.0,0.8243,182631.0
1753617208523,11:53:28.523,bybit,ADA/USDT:USDT,0.8241,19703.0,0.824,93763.0,0.8242,21309.0,0.8243,182624.0
1753617208623,11:53:28.623,bybit,ADA/USDT:USDT,0.8241,19703.0,0.824,93738.0,0.8242,21309.0,0.8243,182624.0
1753617208723,11:53:28.723,bybit,ADA/USDT:USDT,0.8241,15563.0,0.824,86903.0,0.8242,21309.0,0.8243,187073.0
1753617208822,11:53:28.822,bybit,ADA/USDT:USDT,0.8241,10272.0,0.824,86903.0,0.8242,21309.0,0.8243,196365.0
1753617208923,11:53:28.923,bybit,ADA/USDT:USDT,0.824,20963.0,0.8239,111502.0,0.8241,9920.0,0.8242,138299.0
1753617209022,11:53:29.022,bybit,ADA/USDT:USDT,0.824,19677.0,0.8239,111502.0,0.8241,2017.0,0.8242,114931.0
1753617209122,11:53:29.122,bybit,ADA/USDT:USDT,0.8241,24713.0,0.824,97847.0,0.8242,18445.0,0.8243,186072.0
1753617209222,11:53:29.222,bybit,ADA/USDT:USDT,0.8241,16313.0,0.824,91736.0,0.8242,18445.0,0.8243,189490.0
1753617209323,11:53:29.323,bybit,ADA/USDT:USDT,0.8241,16032.0,0.824,87270.0,0.8242,18445.0,0.8243,189490.0
1753617209422,11:53:29.422,bybit,ADA/USDT:USDT,0.8241,13432.0,0.824,87270.0,0.8242,18438.0,0.8243,192907.0
1753617209522,11:53:29.522,bybit,ADA/USDT:USDT,0.8241,18772.0,0.824,87270.0,0.8242,18438.0,0.8243,186072.0
1753617209722,11:53:29.722,bybit,ADA/USDT:USDT,0.8241,18772.0,0.824,87270.0,0.8242,18438.0,0.8243,192907.0
1753617209824,11:53:29.824,bybit,ADA/USDT:USDT,0.8241,18772.0,0.824,94105.0,0.8242,17979.0,0.8243,183769.0
1753617209925,11:53:29.925,bybit,ADA/USDT:USDT,0.8241,18772.0,0.824,109211.0,0.8242,13178.0,0.8243,110846.0
1753617210022,11:53:30.022,bybit,ADA/USDT:USDT,0.8241,18772.0,0.824,102351.0,0.8242,13178.0,0.8243,165015.0
1753617210122,11:53:30.122,bybit,ADA/USDT:USDT,0.8241,18772.0,0.824,109211.0,0.8242,12575.0,0.8243,158534.0
1753617210222,11:53:30.222,bybit,ADA/USDT:USDT,0.8241,18772.0,0.824,105769.0,0.8242,12575.0,0.8243,159140.0
1753617210322,11:53:30.322,bybit,ADA/USDT:USDT,0.8241,18765.0,0.824,102351.0,0.8242,14452.0,0.8243,162558.0
1753617210422,11:53:30.422,bybit,ADA/USDT:USDT,0.8241,18765.0,0.824,103572.0,0.8242,15055.0,0.8243,168433.0
1753617210522,11:53:30.522,bybit,ADA/USDT:USDT,0.8241,16165.0,0.824,103572.0,0.8242,14680.0,0.8243,171033.0
1753617210622,11:53:30.622,bybit,ADA/USDT:USDT,0.8241,16165.0,0.824,103572.0,0.8242,14680.0,0.8243,171639.0
1753617210722,11:53:30.722,bybit,ADA/USDT:USDT,0.8241,16165.0,0.824,103572.0,0.8242,14680.0,0.8243,175056.0
1753617210822,11:53:30.822,bybit,ADA/USDT:USDT,0.8241,16165.0,0.824,106989.0,0.8242,14680.0,0.8243,168221.0
1753617210923,11:53:30.923,bybit,ADA/USDT:USDT,0.8241,16165.0,0.824,106989.0,0.8242,14680.0,0.8243,168221.0
1753617211022,11:53:31.022,bybit,ADA/USDT:USDT,0.8241,16165.0,0.824,110407.0,0.8242,14680.0,0.8243,161740.0
1753617211122,11:53:31.122,bybit,ADA/USDT:USDT,0.8241,16165.0,0.824,103572.0,0.8242,14680.0,0.8243,168221.0
1753617211222,11:53:31.222,bybit,ADA/USDT:USDT,0.8241,16165.0,0.824,103572.0,0.8242,14680.0,0.8243,171639.0
1753617211322,11:53:31.322,bybit,ADA/USDT:USDT,0.8241,16165.0,0.824,110407.0,0.8242,14680.0,0.8243,161740.0
1753617211423,11:53:31.423,bybit,ADA/USDT:USDT,0.8241,16165.0,0.824,103572.0,0.8242,14680.0,0.8243,162346.0
1753617211522,11:53:31.522,bybit,ADA/USDT:USDT,0.8241,16165.0,0.824,106989.0,0.8242,13897.0,0.8243,162346.0
1753617211622,11:53:31.622,bybit,ADA/USDT:USDT,0.8241,23165.0,0.824,106989.0,0.8242,13897.0,0.8243,162346.0
1753617211722,11:53:31.722,bybit,ADA/USDT:USDT,0.8241,18606.0,0.824,113437.0,0.8242,11166.0,0.8243,134720.0
1753617211822,11:53:31.822,bybit,ADA/USDT:USDT,0.8242,30739.0,0.8241,104508.0,0.8243,6661.0,0.8244,100414.0
1753617211922,11:53:31.922,bybit,ADA/USDT:USDT,0.8242,34138.0,0.8241,104518.0,0.8243,3970.0,0.8244,160476.0
1753617212022,11:53:32.022,bybit,ADA/USDT:USDT,0.8242,30739.0,0.8241,104518.0,0.8243,3116.0,0.8244,160476.0
1753617212122,11:53:32.122,bybit,ADA/USDT:USDT,0.8242,37562.0,0.8241,104543.0,0.8243,1089.0,0.8244,52737.0
1753617212222,11:53:32.222,bybit,ADA/USDT:USDT,0.8242,37573.0,0.8241,104543.0,0.8243,1082.0,0.8244,37171.0
1753617212323,11:53:32.323,bybit,ADA/USDT:USDT,0.8242,36191.0,0.8241,104543.0,0.8243,1082.0,0.8244,37171.0
1753617212422,11:53:32.422,bybit,ADA/USDT:USDT,0.8242,33205.0,0.8241,100703.0,0.8243,1082.0,0.8244,55220.0
1753617212522,11:53:32.522,bybit,ADA/USDT:USDT,0.8242,36604.0,0.8241,104102.0,0.8243,1082.0,0.8244,52376.0
1753617212622,11:53:32.622,bybit,ADA/USDT:USDT,0.8242,44129.0,0.8241,104102.0,0.8243,1082.0,0.8244,52376.0
1753617212722,11:53:32.722,bybit,ADA/USDT:USDT,0.8242,47528.0,0.8241,104102.0,0.8243,1082.0,0.8244,52376.0
1753617212822,11:53:32.822,bybit,ADA/USDT:USDT,0.8242,47316.0,0.8241,104102.0,0.8243,1082.0,0.8244,52376.0
1753617212923,11:53:32.923,bybit,ADA/USDT:USDT,0.8242,47341.0,0.8241,104539.0,0.8243,1082.0,0.8244,52376.0
1753617213022,11:53:33.022,bybit,ADA/USDT:USDT,0.8242,47341.0,0.8241,104547.0,0.8243,1082.0,0.8244,36810.0
1753617213122,11:53:33.122,bybit,ADA/USDT:USDT,0.8243,58307.0,0.8242,100486.0,0.8244,12113.0,0.8245,91545.0
1753617213222,11:53:33.222,bybit,ADA/USDT:USDT,0.8243,43982.0,0.8242,92986.0,0.8244,12450.0,0.8245,91545.0
1753617213322,11:53:33.322,bybit,ADA/USDT:USDT,0.8243,44362.0,0.8242,86163.0,0.8244,12450.0,0.8245,133630.0
1753617213423,11:53:33.423,bybit,ADA/USDT:USDT,0.8243,33647.0,0.8242,82746.0,0.8244,13053.0,0.8245,133630.0
1753617213522,11:53:33.522,bybit,ADA/USDT:USDT,0.8243,26615.0,0.8242,82771.0,0.8244,13053.0,0.8245,133024.0
1753617213622,11:53:33.622,bybit,ADA/USDT:USDT,0.8243,10990.0,0.8242,64954.0,0.8244,27861.0,0.8245,165264.0
1753617213722,11:53:33.722,bybit,ADA/USDT:USDT,0.8243,13007.0,0.8242,72733.0,0.8244,26861.0,0.8245,161934.0
1753617213822,11:53:33.822,bybit,ADA/USDT:USDT,0.8243,15698.0,0.8242,79368.0,0.8244,19361.0,0.8245,158603.0
1753617213924,11:53:33.924,bybit,ADA/USDT:USDT,0.8243,13007.0,0.8242,72733.0,0.8244,19361.0,0.8245,158603.0
1753617214022,11:53:34.022,bybit,ADA/USDT:USDT,0.8243,10990.0,0.8242,72733.0,0.8244,19361.0,0.8245,161921.0
1753617214122,11:53:34.122,bybit,ADA/USDT:USDT,0.8243,10990.0,0.8242,72733.0,0.8244,19361.0,0.8245,165238.0
1753617214222,11:53:34.222,bybit,ADA/USDT:USDT,0.8243,10990.0,0.8242,72733.0,0.8244,19361.0,0.8245,171113.0
1753617214323,11:53:34.323,bybit,ADA/USDT:USDT,0.8243,10990.0,0.8242,72733.0,0.8244,19361.0,0.8245,165238.0
1753617214422,11:53:34.422,bybit,ADA/USDT:USDT,0.8243,13021.0,0.8242,72722.0,0.8244,19361.0,0.8245,161323.0
1753617214523,11:53:34.523,bybit,ADA/USDT:USDT,0.8243,13021.0,0.8242,72722.0,0.8244,19361.0,0.8245,161323.0
1753617214622,11:53:34.622,bybit,ADA/USDT:USDT,0.8243,11004.0,0.8242,72722.0,0.8244,19402.0,0.8245,167241.0
1753617214722,11:53:34.722,bybit,ADA/USDT:USDT,0.8243,10058.0,0.8242,51153.0,0.8244,22701.0,0.8245,180698.0
1753617214822,11:53:34.822,bybit,ADA/USDT:USDT,0.8243,10058.0,0.8242,40365.0,0.8244,19524.0,0.8245,179218.0
1753617214922,11:53:34.922,bybit,ADA/USDT:USDT,0.8243,14329.0,0.8242,84644.0,0.8244,19524.0,0.8245,166928.0
1753617215022,11:53:35.022,bybit,ADA/USDT:USDT,0.8243,499.0,0.8242,73695.0,0.8244,19524.0,0.8245,166528.0
1753617215122,11:53:35.122,bybit,ADA/USDT:USDT,0.8243,13791.0,0.8242,73695.0,0.8244,19524.0,0.8245,166528.0
1753617215222,11:53:35.222,bybit,ADA/USDT:USDT,0.8243,22308.0,0.8242,87853.0,0.8244,14233.0,0.8245,158092.0
1753617215323,11:53:35.323,bybit,ADA/USDT:USDT,0.8243,16531.0,0.8242,81474.0,0.8244,16833.0,0.8245,163928.0
1753617215422,11:53:35.422,bybit,ADA/USDT:USDT,0.8243,16531.0,0.8242,84651.0,0.8244,14219.0,0.8245,163928.0
1753617215522,11:53:35.522,bybit,ADA/USDT:USDT,0.8243,12391.0,0.8242,81474.0,0.8244,17271.0,0.8245,172980.0
1753617215622,11:53:35.622,bybit,ADA/USDT:USDT,0.8243,19647.0,0.8242,87828.0,0.8244,14580.0,0.8245,141047.0
1753617215722,11:53:35.722,bybit,ADA/USDT:USDT,0.8243,19647.0,0.8242,87828.0,0.8244,14580.0,0.8245,153751.0
1753617215822,11:53:35.822,bybit,ADA/USDT:USDT,0.8243,19647.0,0.8242,81474.0,0.8244,14580.0,0.8245,154357.0
1753617215922,11:53:35.922,bybit,ADA/USDT:USDT,0.8243,19647.0,0.8242,81474.0,0.8244,19871.0,0.8245,163409.0
1753617216022,11:53:36.022,bybit,ADA/USDT:USDT,0.8243,19647.0,0.8242,81474.0,0.8244,19871.0,0.8245,163409.0
1753617216122,11:53:36.122,bybit,ADA/USDT:USDT,0.8243,19647.0,0.8242,81474.0,0.8244,17271.0,0.8245,160232.0
1753617216322,11:53:36.322,bybit,ADA/USDT:USDT,0.8243,24847.0,0.8242,90428.0,0.8244,14579.0,0.8245,153751.0
1753617216423,11:53:36.423,bybit,ADA/USDT:USDT,0.8243,24847.0,0.8242,90453.0,0.8244,14579.0,0.8245,104639.0
1753617216523,11:53:36.523,bybit,ADA/USDT:USDT,0.8243,24847.0,0.8242,90428.0,0.8244,14579.0,0.8245,152589.0
1753617216622,11:53:36.622,bybit,ADA/USDT:USDT,0.8243,24847.0,0.8242,84074.0,0.8244,14579.0,0.8245,152589.0
1753617216722,11:53:36.722,bybit,ADA/USDT:USDT,0.8243,24847.0,0.8242,84074.0,0.8244,14579.0,0.8245,154226.0
1753617216822,11:53:36.822,bybit,ADA/USDT:USDT,0.8243,22247.0,0.8242,76295.0,0.8244,17270.0,0.8245,163278.0
1753617216923,11:53:36.923,bybit,ADA/USDT:USDT,0.8243,22247.0,0.8242,76295.0,0.8244,17270.0,0.8245,163278.0
1753617217022,11:53:37.022,bybit,ADA/USDT:USDT,0.8243,22247.0,0.8242,76295.0,0.8244,17270.0,0.8245,160101.0
1753617217122,11:53:37.122,bybit,ADA/USDT:USDT,0.8243,17347.0,0.8242,76295.0,0.8244,17270.0,0.8245,154226.0
1753617217223,11:53:37.223,bybit,ADA/USDT:USDT,0.8243,17347.0,0.8242,79472.0,0.8244,17270.0,0.8245,154226.0
1753617217322,11:53:37.322,bybit,ADA/USDT:USDT,0.8243,17347.0,0.8242,90426.0,0.8244,14579.0,0.8245,154226.0
1753617217422,11:53:37.422,bybit,ADA/USDT:USDT,0.8243,16764.0,0.8242,87249.0,0.8244,14579.0,0.8245,154226.0
1753617217522,11:53:37.522,bybit,ADA/USDT:USDT,0.8243,24264.0,0.8242,90426.0,0.8244,14579.0,0.8245,154226.0
1753617217622,11:53:37.622,bybit,ADA/USDT:USDT,0.8243,24264.0,0.8242,87249.0,0.8244,14579.0,0.8245,154226.0
1753617217722,11:53:37.722,bybit,ADA/USDT:USDT,0.8243,24264.0,0.8242,84072.0,0.8244,14629.0,0.8245,154226.0
1753617217822,11:53:37.822,bybit,ADA/USDT:USDT,0.8243,24264.0,0.8242,87249.0,0.8244,14629.0,0.8245,154226.0
1753617217923,11:53:37.923,bybit,ADA/USDT:USDT,0.8243,22252.0,0.8242,84072.0,0.8244,17320.0,0.8245,160580.0
1753617218022,11:53:38.022,bybit,ADA/USDT:USDT,0.8243,22252.0,0.8242,84072.0,0.8244,17320.0,0.8245,160580.0
1753617218122,11:53:38.122,bybit,ADA/USDT:USDT,0.8243,22392.0,0.8242,93026.0,0.8244,14489.0,0.8245,141522.0
1753617218222,11:53:38.222,bybit,ADA/USDT:USDT,0.8243,22392.0,0.8242,93026.0,0.8244,14489.0,0.8245,153191.0
1753617218322,11:53:38.322,bybit,ADA/USDT:USDT,0.8243,22392.0,0.8242,93026.0,0.8244,14489.0,0.8245,153191.0
1753617218422,11:53:38.422,bybit,ADA/USDT:USDT,0.8243,22854.0,0.8242,92588.0,0.8244,14489.0,0.8245,153191.0
1753617218523,11:53:38.523,bybit,ADA/USDT:USDT,0.8243,22854.0,0.8242,92613.0,0.8244,11914.0,0.8245,104639.0
1753617218623,11:53:38.623,bybit,ADA/USDT:USDT,0.8243,22854.0,0.8242,92613.0,0.8244,11914.0,0.8245,101433.0
1753617218723,11:53:38.723,bybit,ADA/USDT:USDT,0.8243,22854.0,0.8242,92588.0,0.8244,11914.0,0.8245,143540.0
1753617218823,11:53:38.823,bybit,ADA/USDT:USDT,0.8243,22854.0,0.8242,92588.0,0.8244,11914.0,0.8245,149374.0
1753617218922,11:53:38.922,bybit,ADA/USDT:USDT,0.8243,22936.0,0.8242,92588.0,0.8244,11914.0,0.8245,149374.0
1753617219023,11:53:39.023,bybit,ADA/USDT:USDT,0.8243,22936.0,0.8242,92588.0,0.8244,11914.0,0.8245,149374.0
1753617219122,11:53:39.122,bybit,ADA/USDT:USDT,0.8243,22936.0,0.8242,92588.0,0.8244,11914.0,0.8245,149374.0
1753617219222,11:53:39.222,bybit,ADA/USDT:USDT,0.8243,22936.0,0.8242,92588.0,0.8244,11914.0,0.8245,149374.0
1753617219322,11:53:39.322,bybit,ADA/USDT:USDT,0.8243,29290.0,0.8242,92613.0,0.8244,11914.0,0.8245,149374.0
1753617219422,11:53:39.422,bybit,ADA/USDT:USDT,0.8243,22993.0,0.8242,89411.0,0.8244,11914.0,0.8245,149374.0
1753617219522,11:53:39.522,bybit,ADA/USDT:USDT,0.8243,22993.0,0.8242,89411.0,0.8244,11914.0,0.8245,149374.0
1753617219622,11:53:39.622,bybit,ADA/USDT:USDT,0.8243,22993.0,0.8242,92588.0,0.8244,12768.0,0.8245,149374.0
1753617219722,11:53:39.722,bybit,ADA/USDT:USDT,0.8243,22993.0,0.8242,92588.0,0.8244,11914.0,0.8245,149374.0
1753617219823,11:53:39.823,bybit,ADA/USDT:USDT,0.8243,26170.0,0.8242,92588.0,0.8244,11914.0,0.8245,149374.0
1753617220022,11:53:40.022,bybit,ADA/USDT:USDT,0.8243,22993.0,0.8242,92588.0,0.8244,11914.0,0.8245,149373.0
1753617220122,11:53:40.122,bybit,ADA/USDT:USDT,0.8243,22993.0,0.8242,92588.0,0.8244,11914.0,0.8245,149373.0
1753617220222,11:53:40.222,bybit,ADA/USDT:USDT,0.8243,26170.0,0.8242,95593.0,0.8244,801.0,0.8245,55277.0
1753617220322,11:53:40.322,bybit,ADA/USDT:USDT,0.8243,29347.0,0.8242,119859.0,0.8244,801.0,0.8245,32596.0
1753617220423,11:53:40.423,bybit,ADA/USDT:USDT,0.8243,26168.0,0.8242,119859.0,0.8244,801.0,0.8245,32596.0
1753617220523,11:53:40.523,bybit,ADA/USDT:USDT,0.8243,26168.0,0.8242,119859.0,0.8244,198.0,0.8245,23173.0
1753617220622,11:53:40.622,bybit,ADA/USDT:USDT,0.8243,22991.0,0.8242,125263.0,0.8244,198.0,0.8245,23173.0
1753617220723,11:53:40.723,bybit,ADA/USDT:USDT,0.8244,55518.0,0.8243,151190.0,0.8245,2058.0,0.8246,33495.0
1753617220823,11:53:40.823,bybit,ADA/USDT:USDT,0.8244,61888.0,0.8243,143644.0,0.8245,2335.0,0.8246,27976.0
1753617220922,11:53:40.922,bybit,ADA/USDT:USDT,0.8244,61888.0,0.8243,143644.0,0.8245,2335.0,0.8246,25493.0
1753617221022,11:53:41.022,bybit,ADA/USDT:USDT,0.8244,61888.0,0.8243,149048.0,0.8245,1732.0,0.8246,25493.0
1753617221122,11:53:41.122,bybit,ADA/USDT:USDT,0.8244,61888.0,0.8243,149048.0,0.8245,1732.0,0.8246,25493.0
1753617221222,11:53:41.222,bybit,ADA/USDT:USDT,0.8244,55553.0,0.8243,134941.0,0.8245,4603.0,0.8246,55262.0
1753617221322,11:53:41.322,bybit,ADA/USDT:USDT,0.8244,55553.0,0.8243,137420.0,0.8245,4603.0,0.8246,76116.0
1753617221422,11:53:41.422,bybit,ADA/USDT:USDT,0.8244,55553.0,0.8243,137420.0,0.8245,4603.0,0.8246,65653.0
1753617221522,11:53:41.522,bybit,ADA/USDT:USDT,0.8244,58708.0,0.8243,140575.0,0.8245,4603.0,0.8246,53987.0
1753617221622,11:53:41.622,bybit,ADA/USDT:USDT,0.8244,61888.0,0.8243,141355.0,0.8245,4603.0,0.8246,29389.0
1753617221723,11:53:41.723,bybit,ADA/USDT:USDT,0.8244,59154.0,0.8243,142453.0,0.8245,3749.0,0.8246,29389.0
1753617221822,11:53:41.822,bybit,ADA/USDT:USDT,0.8244,62319.0,0.8243,142453.0,0.8245,3749.0,0.8246,29389.0
1753617221924,11:53:41.924,bybit,ADA/USDT:USDT,0.8244,62416.0,0.8243,142357.0,0.8245,3749.0,0.8246,29389.0
1753617222022,11:53:42.022,bybit,ADA/USDT:USDT,0.8244,62416.0,0.8243,147761.0,0.8245,3749.0,0.8246,29389.0
1753617222122,11:53:42.122,bybit,ADA/USDT:USDT,0.8244,62391.0,0.8243,142794.0,0.8245,3749.0,0.8246,29389.0
1753617222223,11:53:42.223,bybit,ADA/USDT:USDT,0.8244,62391.0,0.8243,142794.0,0.8245,3749.0,0.8246,29389.0
1753617222322,11:53:42.322,bybit,ADA/USDT:USDT,0.8244,62416.0,0.8243,147761.0,0.8245,517.0,0.8246,29389.0
1753617222422,11:53:42.422,bybit,ADA/USDT:USDT,0.8244,61995.0,0.8243,147761.0,0.8245,517.0,0.8246,29389.0
1753617222523,11:53:42.523,bybit,ADA/USDT:USDT,0.8244,62376.0,0.8243,147761.0,0.8245,517.0,0.8246,29389.0
1753617222622,11:53:42.622,bybit,ADA/USDT:USDT,0.8244,59196.0,0.8243,147761.0,0.8245,2534.0,0.8246,31872.0
1753617222722,11:53:42.722,bybit,ADA/USDT:USDT,0.8244,56041.0,0.8243,147761.0,0.8245,2544.0,0.8246,31872.0
1753617222822,11:53:42.822,bybit,ADA/USDT:USDT,0.8244,62351.0,0.8243,147761.0,0.8245,527.0,0.8246,29389.0
1753617222923,11:53:42.923,bybit,ADA/USDT:USDT,0.8245,48494.0,0.8244,122607.0,0.8246,13996.0,0.8247,92551.0
1753617223022,11:53:43.022,bybit,ADA/USDT:USDT,0.8245,51632.0,0.8244,122432.0,0.8246,3531.0,0.8247,60195.0
1753617223122,11:53:43.122,bybit,ADA/USDT:USDT,0.8245,51632.0,0.8244,125571.0,0.8246,2677.0,0.8247,60195.0
1753617223222,11:53:43.222,bybit,ADA/USDT:USDT,0.8245,48494.0,0.8244,125571.0,0.8246,2677.0,0.8247,60195.0
1753617223322,11:53:43.322,bybit,ADA/USDT:USDT,0.8245,51632.0,0.8244,125571.0,0.8246,57.0,0.8247,57595.0
1753617223422,11:53:43.422,bybit,ADA/USDT:USDT,0.8245,54829.0,0.8244,125474.0,0.8246,57.0,0.8247,57595.0
1753617223522,11:53:43.522,bybit,ADA/USDT:USDT,0.8245,54829.0,0.8244,125474.0,0.8246,57.0,0.8247,50003.0
1753617223622,11:53:43.622,bybit,ADA/USDT:USDT,0.8245,51690.0,0.8244,125474.0,0.8246,57.0,0.8247,24757.0
1753617223722,11:53:43.722,bybit,ADA/USDT:USDT,0.8245,54829.0,0.8244,125474.0,0.8246,57.0,0.8247,22274.0
1753617223922,11:53:43.922,bybit,ADA/USDT:USDT,0.8245,54829.0,0.8244,125474.0,0.8246,57.0,0.8247,22274.0
1753617224022,11:53:44.022,bybit,ADA/USDT:USDT,0.8245,37644.0,0.8244,112195.0,0.8246,1249.0,0.8247,54297.0
1753617224123,11:53:44.123,bybit,ADA/USDT:USDT,0.8245,40782.0,0.8244,111011.0,0.8246,1249.0,0.8247,27438.0
1753617224222,11:53:44.222,bybit,ADA/USDT:USDT,0.8245,43921.0,0.8244,111011.0,0.8246,1249.0,0.8247,24955.0
1753617224322,11:53:44.322,bybit,ADA/USDT:USDT,0.8245,43921.0,0.8244,111354.0,0.8246,57.0,0.8247,6883.0
1753617224422,11:53:44.422,bybit,ADA/USDT:USDT,0.8245,44441.0,0.8244,116758.0,0.8246,50.0,0.8247,6883.0
1753617224522,11:53:44.522,bybit,ADA/USDT:USDT,0.8245,48802.0,0.8244,116758.0,0.8246,50.0,0.8247,9366.0
1753617224622,11:53:44.622,bybit,ADA/USDT:USDT,0.8245,51941.0,0.8244,116758.0,0.8246,50.0,0.8247,6883.0
1753617224723,11:53:44.723,bybit,ADA/USDT:USDT,0.8245,51953.0,0.8244,116758.0,0.8246,50.0,0.8247,6883.0
1753617224822,11:53:44.822,bybit,ADA/USDT:USDT,0.8245,51953.0,0.8244,126621.0,0.8246,232.0,0.8247,6883.0
1753617224922,11:53:44.922,bybit,ADA/USDT:USDT,0.8245,51953.0,0.8244,126621.0,0.8246,232.0,0.8247,6883.0
1753617225023,11:53:45.023,bybit,ADA/USDT:USDT,0.8245,51953.0,0.8244,126621.0,0.8246,232.0,0.8247,6883.0
1753617225122,11:53:45.122,bybit,ADA/USDT:USDT,0.8245,51953.0,0.8244,126621.0,0.8246,232.0,0.8247,6883.0
1753617225223,11:53:45.223,bybit,ADA/USDT:USDT,0.8246,55464.0,0.8245,96348.0,0.8247,3089.0,0.8248,68939.0
1753617225322,11:53:45.322,bybit,ADA/USDT:USDT,0.8246,52325.0,0.8245,101752.0,0.8247,4885.0,0.8248,68939.0
1753617225422,11:53:45.422,bybit,ADA/USDT:USDT,0.8246,52325.0,0.8245,93209.0,0.8247,4885.0,0.8248,68939.0
1753617225522,11:53:45.522,bybit,ADA/USDT:USDT,0.8246,52723.0,0.8245,96328.0,0.8247,4885.0,0.8248,68939.0
1753617225623,11:53:45.623,bybit,ADA/USDT:USDT,0.8246,52723.0,0.8245,90071.0,0.8247,13047.0,0.8248,72785.0
1753617225722,11:53:45.722,bybit,ADA/USDT:USDT,0.8246,52723.0,0.8245,90071.0,0.8247,13047.0,0.8248,74575.0
1753617225823,11:53:45.823,bybit,ADA/USDT:USDT,0.8246,2747.0,0.8245,39488.0,0.8247,35561.0,0.8248,90524.0
1753617225923,11:53:45.923,bybit,ADA/USDT:USDT,0.8246,11023.0,0.8245,80245.0,0.8247,27192.0,0.8248,81505.0
1753617226022,11:53:46.022,bybit,ADA/USDT:USDT,0.8246,13714.0,0.8245,88258.0,0.8247,13025.0,0.8248,76804.0
1753617226122,11:53:46.122,bybit,ADA/USDT:USDT,0.8246,13714.0,0.8245,88258.0,0.8247,11832.0,0.8248,76804.0
1753617226223,11:53:46.223,bybit,ADA/USDT:USDT,0.8247,11196.0,0.8246,65752.0,0.8248,23955.0,0.8249,95153.0
1753617226322,11:53:46.322,bybit,ADA/USDT:USDT,0.8247,15953.0,0.8246,91019.0,0.8248,23955.0,0.8249,120484.0
1753617226422,11:53:46.422,bybit,ADA/USDT:USDT,0.8247,12478.0,0.8246,91019.0,0.8248,23955.0,0.8249,155703.0
1753617226522,11:53:46.522,bybit,ADA/USDT:USDT,0.8247,21.0,0.8246,83248.0,0.8248,23955.0,0.8249,155703.0
1753617226622,11:53:46.622,bybit,ADA/USDT:USDT,0.8247,161.0,0.8246,83248.0,0.8248,24558.0,0.8249,162459.0
1753617226722,11:53:46.722,bybit,ADA/USDT:USDT,0.8247,21.0,0.8246,83248.0,0.8248,25158.0,0.8249,165161.0
1753617226822,11:53:46.822,bybit,ADA/USDT:USDT,0.8247,21.0,0.8246,83248.0,0.8248,25158.0,0.8249,165161.0
1753617226923,11:53:46.923,bybit,ADA/USDT:USDT,0.8247,14295.0,0.8246,80432.0,0.8248,24785.0,0.8249,156113.0
1753617227022,11:53:47.022,bybit,ADA/USDT:USDT,0.8247,21749.0,0.8246,91354.0,0.8248,15054.0,0.8249,88169.0
1753617227123,11:53:47.123,bybit,ADA/USDT:USDT,0.8247,28056.0,0.8246,94384.0,0.8248,1300.0,0.8249,15121.0
1753617227223,11:53:47.223,bybit,ADA/USDT:USDT,0.8248,58762.0,0.8247,59403.0,0.8249,10030.0,0.825,22726.0
1753617227322,11:53:47.322,bybit,ADA/USDT:USDT,0.8248,58787.0,0.8247,62473.0,0.8249,167.0,0.825,13389.0
1753617227423,11:53:47.423,bybit,ADA/USDT:USDT,0.8248,18301.0,0.8247,53096.0,0.8249,30810.0,0.825,133011.0
1753617227522,11:53:47.522,bybit,ADA/USDT:USDT,0.8248,18599.0,0.8247,53096.0,0.8249,21526.0,0.825,138840.0
1753617227622,11:53:47.622,bybit,ADA/USDT:USDT,0.8248,18599.0,0.8247,56242.0,0.8249,21526.0,0.825,135693.0
1753617227722,11:53:47.722,bybit,ADA/USDT:USDT,0.8248,18301.0,0.8247,53096.0,0.8249,21526.0,0.825,135693.0
1753617227822,11:53:47.822,bybit,ADA/USDT:USDT,0.8248,18301.0,0.8247,53096.0,0.8249,21526.0,0.825,138840.0
1753617227924,11:53:47.924,bybit,ADA/USDT:USDT,0.8248,1106.0,0.8247,46725.0,0.8249,21272.0,0.825,136929.0
1753617228023,11:53:48.023,bybit,ADA/USDT:USDT,0.8248,324.0,0.8247,28813.0,0.8249,37994.0,0.825,149169.0
1753617228122,11:53:48.122,bybit,ADA/USDT:USDT,0.8248,324.0,0.8247,4973.0,0.8249,38597.0,0.825,149169.0
1753617228223,11:53:48.223,bybit,ADA/USDT:USDT,0.8247,11337.0,0.8246,61903.0,0.8248,49336.0,0.8249,156176.0
1753617228322,11:53:48.322,bybit,ADA/USDT:USDT,0.8247,16191.0,0.8246,83260.0,0.8248,24268.0,0.8249,147243.0
1753617228422,11:53:48.422,bybit,ADA/USDT:USDT,0.8247,18882.0,0.8246,89291.0,0.8248,6022.0,0.8249,95355.0
1753617228522,11:53:48.522,bybit,ADA/USDT:USDT,0.8248,7953.0,0.8247,47121.0,0.8249,34579.0,0.825,154676.0
1753617228623,11:53:48.623,bybit,ADA/USDT:USDT,0.8248,23284.0,0.8247,47110.0,0.8249,33990.0,0.825,143996.0
1753617228722,11:53:48.722,bybit,ADA/USDT:USDT,0.8248,25884.0,0.8247,50110.0,0.8249,31148.0,0.825,102104.0
1753617228822,11:53:48.822,bybit,ADA/USDT:USDT,0.8248,25884.0,0.8247,53110.0,0.8249,28457.0,0.825,102104.0
1753617228923,11:53:48.923,bybit,ADA/USDT:USDT,0.8248,25884.0,0.8247,53120.0,0.8249,12914.0,0.825,78756.0
1753617229022,11:53:49.022,bybit,ADA/USDT:USDT,0.8248,31884.0,0.8247,53145.0,0.8249,11320.0,0.825,63761.0
1753617229122,11:53:49.122,bybit,ADA/USDT:USDT,0.8248,28884.0,0.8247,53145.0,0.8249,12161.0,0.825,78683.0
1753617229222,11:53:49.222,bybit,ADA/USDT:USDT,0.8248,28884.0,0.8247,53145.0,0.8249,12161.0,0.825,78683.0
1753617229323,11:53:49.323,bybit,ADA/USDT:USDT,0.8249,4945.0,0.8248,84163.0,0.825,29778.0,0.8251,165679.0
1753617229423,11:53:49.423,bybit,ADA/USDT:USDT,0.8249,2691.0,0.8248,84163.0,0.825,30381.0,0.8251,168200.0
1753617229522,11:53:49.522,bybit,ADA/USDT:USDT,0.8249,3264.0,0.8248,84163.0,0.825,30381.0,0.8251,164779.0
1753617229622,11:53:49.622,bybit,ADA/USDT:USDT,0.8249,12080.0,0.8248,84163.0,0.825,30381.0,0.8251,164779.0
1753617229723,11:53:49.723,bybit,ADA/USDT:USDT,0.8249,12934.0,0.8248,84163.0,0.825,30381.0,0.8251,165809.0
1753617229822,11:53:49.822,bybit,ADA/USDT:USDT,0.8249,21951.0,0.8248,90163.0,0.825,13975.0,0.8251,107828.0
1753617229922,11:53:49.922,bybit,ADA/USDT:USDT,0.8249,17989.0,0.8248,97960.0,0.825,4465.0,0.8251,31789.0
1753617230022,11:53:50.022,bybit,ADA/USDT:USDT,0.8249,25007.0,0.8248,97960.0,0.825,4299.0,0.8251,31789.0
1753617230122,11:53:50.122,bybit,ADA/USDT:USDT,0.8249,30948.0,0.8248,97950.0,0.825,2001.0,0.8251,31789.0
1753617230223,11:53:50.223,bybit,ADA/USDT:USDT,0.8249,30973.0,0.8248,97950.0,0.825,2001.0,0.8251,16666.0
1753617230322,11:53:50.322,bybit,ADA/USDT:USDT,0.8249,30948.0,0.8248,97957.0,0.825,2001.0,0.8251,17065.0
1753617230422,11:53:50.422,bybit,ADA/USDT:USDT,0.8249,17529.0,0.8248,92710.0,0.825,7099.0,0.8251,33171.0
1753617230623,11:53:50.623,bybit,ADA/USDT:USDT,0.8249,17529.0,0.8248,98629.0,0.825,4262.0,0.8251,118907.0
1753617230722,11:53:50.722,bybit,ADA/USDT:USDT,0.8249,20538.0,0.8248,99434.0,0.825,3408.0,0.8251,71048.0
1753617230822,11:53:50.822,bybit,ADA/USDT:USDT,0.8249,20538.0,0.8248,99434.0,0.825,3408.0,0.8251,71048.0
1753617230922,11:53:50.922,bybit,ADA/USDT:USDT,0.8249,20538.0,0.8248,99434.0,0.825,3408.0,0.8251,68043.0
1753617231022,11:53:51.022,bybit,ADA/USDT:USDT,0.8249,20538.0,0.8248,99434.0,0.825,3408.0,0.8251,68043.0
1753617231122,11:53:51.122,bybit,ADA/USDT:USDT,0.8249,17579.0,0.8248,99434.0,0.825,3408.0,0.8251,68043.0
1753617231222,11:53:51.222,bybit,ADA/USDT:USDT,0.8249,8540.0,0.8248,84955.0,0.825,35440.0,0.8251,108876.0
1753617231322,11:53:51.322,bybit,ADA/USDT:USDT,0.8249,37.0,0.8248,37475.0,0.825,46557.0,0.8251,139931.0
1753617231423,11:53:51.423,bybit,ADA/USDT:USDT,0.8248,756.0,0.8247,51246.0,0.8249,67916.0,0.825,93127.0
1753617231522,11:53:51.522,bybit,ADA/USDT:USDT,0.8248,7.0,0.8247,8165.0,0.8249,84587.0,0.825,158666.0
1753617231622,11:53:51.622,bybit,ADA/USDT:USDT,0.8248,7.0,0.8247,2456.0,0.8249,85179.0,0.825,163953.0
1753617231722,11:53:51.722,bybit,ADA/USDT:USDT,0.8248,7.0,0.8247,5147.0,0.8249,85942.0,0.825,163953.0
1753617231823,11:53:51.823,bybit,ADA/USDT:USDT,0.8248,7.0,0.8247,5147.0,0.8249,85942.0,0.825,163953.0
1753617231922,11:53:51.922,bybit,ADA/USDT:USDT,0.8248,7.0,0.8247,5147.0,0.8249,83111.0,0.825,163953.0
1753617232022,11:53:52.022,bybit,ADA/USDT:USDT,0.8247,419.0,0.8246,36881.0,0.8248,68107.0,0.8249,167228.0
1753617232122,11:53:52.122,bybit,ADA/USDT:USDT,0.8247,419.0,0.8246,36881.0,0.8248,68107.0,0.8249,173103.0
1753617232222,11:53:52.222,bybit,ADA/USDT:USDT,0.8247,419.0,0.8246,36881.0,0.8248,65275.0,0.8249,173103.0
1753617232322,11:53:52.322,bybit,ADA/USDT:USDT,0.8247,419.0,0.8246,77879.0,0.8248,65275.0,0.8249,164955.0
1753617232423,11:53:52.423,bybit,ADA/USDT:USDT,0.8247,419.0,0.8246,85639.0,0.8248,57775.0,0.8249,164955.0
1753617232522,11:53:52.522,bybit,ADA/USDT:USDT,0.8247,419.0,0.8246,85639.0,0.8248,57884.0,0.8249,167665.0
1753617232622,11:53:52.622,bybit,ADA/USDT:USDT,0.8246,7.0,0.8245,55009.0,0.8247,54867.0,0.8248,114767.0
1753617232723,11:53:52.723,bybit,ADA/USDT:USDT,0.8246,2024.0,0.8245,70288.0,0.8247,61421.0,0.8248,115768.0
1753617232822,11:53:52.822,bybit,ADA/USDT:USDT,0.8246,3593.0,0.8245,42872.0,0.8247,61663.0,0.8248,118071.0
1753617232922,11:53:52.922,bybit,ADA/USDT:USDT,0.8246,14914.0,0.8245,50633.0,0.8247,56243.0,0.8248,104289.0
1753617233022,11:53:53.022,bybit,ADA/USDT:USDT,0.8246,14914.0,0.8245,50633.0,0.8247,62266.0,0.8248,106999.0
1753617233122,11:53:53.122,bybit,ADA/USDT:USDT,0.8246,3593.0,0.8245,42872.0,0.8247,62266.0,0.8248,106999.0
1753617233222,11:53:53.222,bybit,ADA/USDT:USDT,0.8246,3593.0,0.8245,42872.0,0.8247,62266.0,0.8248,109331.0
1753617233322,11:53:53.322,bybit,ADA/USDT:USDT,0.8246,7617.0,0.8245,42872.0,0.8247,65271.0,0.8248,109331.0
1753617233422,11:53:53.422,bybit,ADA/USDT:USDT,0.8246,20193.0,0.8245,91630.0,0.8247,27184.0,0.8248,95679.0
1753617233522,11:53:53.522,bybit,ADA/USDT:USDT,0.8246,20193.0,0.8245,94340.0,0.8247,16258.0,0.8248,84895.0
1753617233622,11:53:53.622,bybit,ADA/USDT:USDT,0.8246,20193.0,0.8245,94340.0,0.8247,16258.0,0.8248,84895.0
1753617233723,11:53:53.723,bybit,ADA/USDT:USDT,0.8246,9468.0,0.8245,42872.0,0.8247,28443.0,0.8248,98698.0
1753617233822,11:53:53.822,bybit,ADA/USDT:USDT,0.8245,25503.0,0.8244,131987.0,0.8246,18140.0,0.8247,128888.0
1753617233925,11:53:53.925,bybit,ADA/USDT:USDT,0.8245,21061.0,0.8244,131207.0,0.8246,18140.0,0.8247,128888.0
1753617234023,11:53:54.023,bybit,ADA/USDT:USDT,0.8245,21061.0,0.8244,131207.0,0.8246,18140.0,0.8247,126153.0
1753617234122,11:53:54.122,bybit,ADA/USDT:USDT,0.8245,21061.0,0.8244,131207.0,0.8246,3545.0,0.8247,123283.0
1753617234222,11:53:54.222,bybit,ADA/USDT:USDT,0.8246,19136.0,0.8245,83507.0,0.8247,18891.0,0.8248,149263.0
1753617234322,11:53:54.322,bybit,ADA/USDT:USDT,0.8246,15719.0,0.8245,100327.0,0.8247,19494.0,0.8248,138351.0
1753617234422,11:53:54.422,bybit,ADA/USDT:USDT,0.8246,15709.0,0.8245,100327.0,0.8247,19494.0,0.8248,138351.0
1753617234522,11:53:54.522,bybit,ADA/USDT:USDT,0.8246,3538.0,0.8245,51564.0,0.8247,19494.0,0.8248,143803.0
1753617234623,11:53:54.623,bybit,ADA/USDT:USDT,0.8246,667.0,0.8245,43804.0,0.8247,19494.0,0.8248,146286.0
1753617234722,11:53:54.722,bybit,ADA/USDT:USDT,0.8246,667.0,0.8245,40962.0,0.8247,22446.0,0.8248,144833.0
1753617234822,11:53:54.822,bybit,ADA/USDT:USDT,0.8246,667.0,0.8245,40962.0,0.8247,26577.0,0.8248,144833.0
1753617234922,11:53:54.922,bybit,ADA/USDT:USDT,0.8246,667.0,0.8245,52603.0,0.8247,23867.0,0.8248,144833.0
1753617235022,11:53:55.022,bybit,ADA/USDT:USDT,0.8246,677.0,0.8245,74189.0,0.8247,23867.0,0.8248,144833.0
1753617235123,11:53:55.123,bybit,ADA/USDT:USDT,0.8246,677.0,0.8245,74189.0,0.8247,23867.0,0.8248,144833.0
1753617235222,11:53:55.222,bybit,ADA/USDT:USDT,0.8246,2694.0,0.8245,74189.0,0.8247,21157.0,0.8248,144808.0
1753617235322,11:53:55.322,bybit,ADA/USDT:USDT,0.8246,677.0,0.8245,20488.0,0.8247,34077.0,0.8248,151316.0
1753617235423,11:53:55.423,bybit,ADA/USDT:USDT,0.8245,10906.0,0.8244,64462.0,0.8246,71316.0,0.8247,149818.0
1753617235522,11:53:55.522,bybit,ADA/USDT:USDT,0.8245,10303.0,0.8244,64462.0,0.8246,76844.0,0.8247,162938.0
1753617235622,11:53:55.622,bybit,ADA/USDT:USDT,0.8245,10303.0,0.8244,23902.0,0.8246,77606.0,0.8247,162938.0
1753617235722,11:53:55.722,bybit,ADA/USDT:USDT,0.8245,10346.0,0.8244,23902.0,0.8246,77606.0,0.8247,163968.0
1753617235822,11:53:55.822,bybit,ADA/USDT:USDT,0.8245,10346.0,0.8244,23902.0,0.8246,77606.0,0.8247,163968.0
1753617235922,11:53:55.922,bybit,ADA/USDT:USDT,0.8245,11200.0,0.8244,94323.0,0.8246,25386.0,0.8247,157406.0
1753617236022,11:53:56.022,bybit,ADA/USDT:USDT,0.8245,11200.0,0.8244,94323.0,0.8246,25386.0,0.8247,159906.0
1753617236123,11:53:56.123,bybit,ADA/USDT:USDT,0.8245,11200.0,0.8244,86566.0,0.8246,25386.0,0.8247,159906.0
1753617236222,11:53:56.222,bybit,ADA/USDT:USDT,0.8245,15817.0,0.8244,102673.0,0.8246,17214.0,0.8247,159906.0
1753617236322,11:53:56.322,bybit,ADA/USDT:USDT,0.8245,15817.0,0.8244,102673.0,0.8246,17214.0,0.8247,160342.0
1753617236423,11:53:56.423,bybit,ADA/USDT:USDT,0.8245,11200.0,0.8244,94908.0,0.8246,24329.0,0.8247,162730.0
1753617236522,11:53:56.522,bybit,ADA/USDT:USDT,0.8245,13217.0,0.8244,94908.0,0.8246,21829.0,0.8247,160222.0
1753617236622,11:53:56.622,bybit,ADA/USDT:USDT,0.8245,2914.0,0.8244,94908.0,0.8246,19330.0,0.8247,157722.0
1753617236723,11:53:56.723,bybit,ADA/USDT:USDT,0.8245,10430.0,0.8244,102671.0,0.8246,19330.0,0.8247,157722.0
1753617236822,11:53:56.822,bybit,ADA/USDT:USDT,0.8245,10607.0,0.8244,102671.0,0.8246,19330.0,0.8247,157722.0
1753617236922,11:53:56.922,bybit,ADA/USDT:USDT,0.8245,10607.0,0.8244,91192.0,0.8246,19330.0,0.8247,155390.0
1753617237022,11:53:57.022,bybit,ADA/USDT:USDT,0.8245,10607.0,0.8244,91192.0,0.8246,19330.0,0.8247,155390.0
1753617237123,11:53:57.123,bybit,ADA/USDT:USDT,0.8245,11835.0,0.8244,91192.0,0.8246,17214.0,0.8247,152891.0
1753617237222,11:53:57.222,bybit,ADA/USDT:USDT,0.8245,11835.0,0.8244,91192.0,0.8246,17214.0,0.8247,152891.0
1753617237322,11:53:57.322,bybit,ADA/USDT:USDT,0.8245,21126.0,0.8244,93692.0,0.8246,17214.0,0.8247,152891.0
1753617237423,11:53:57.423,bybit,ADA/USDT:USDT,0.8245,21126.0,0.8244,93692.0,0.8246,15328.0,0.8247,152891.0
1753617237522,11:53:57.522,bybit,ADA/USDT:USDT,0.8245,20949.0,0.8244,91192.0,0.8246,15480.0,0.8247,160222.0
1753617237622,11:53:57.622,bybit,ADA/USDT:USDT,0.8245,20949.0,0.8244,91192.0,0.8246,15480.0,0.8247,159786.0
1753617237723,11:53:57.723,bybit,ADA/USDT:USDT,0.8244,647.0,0.8243,36193.0,0.8245,63391.0,0.8246,141075.0
1753617237822,11:53:57.822,bybit,ADA/USDT:USDT,0.8244,13045.0,0.8243,41421.0,0.8245,66041.0,0.8246,153461.0
1753617237922,11:53:57.922,bybit,ADA/USDT:USDT,0.8244,18245.0,0.8243,92542.0,0.8245,38395.0,0.8246,141326.0
1753617238022,11:53:58.022,bybit,ADA/USDT:USDT,0.8244,15645.0,0.8243,92542.0,0.8245,30283.0,0.8246,147199.0
1753617238123,11:53:58.123,bybit,ADA/USDT:USDT,0.8244,13045.0,0.8243,90147.0,0.8245,28674.0,0.8246,149619.0
1753617238223,11:53:58.223,bybit,ADA/USDT:USDT,0.8244,13045.0,0.8243,90147.0,0.8245,28674.0,0.8246,149619.0
1753617238322,11:53:58.322,bybit,ADA/USDT:USDT,0.8244,18336.0,0.8243,92542.0,0.8245,24819.0,0.8246,146880.0
1753617238423,11:53:58.423,bybit,ADA/USDT:USDT,0.8244,13045.0,0.8243,90147.0,0.8245,24819.0,0.8246,149275.0
1753617238523,11:53:58.523,bybit,ADA/USDT:USDT,0.8244,11795.0,0.8243,49176.0,0.8245,25337.0,0.8246,151180.0
1753617238622,11:53:58.622,bybit,ADA/USDT:USDT,0.8244,10395.0,0.8243,41421.0,0.8245,25647.0,0.8246,150955.0
1753617238722,11:53:58.722,bybit,ADA/USDT:USDT,0.8244,10395.0,0.8243,41421.0,0.8245,27987.0,0.8246,151985.0
1753617238823,11:53:58.823,bybit,ADA/USDT:USDT,0.8244,7549.0,0.8243,42821.0,0.8245,28010.0,0.8246,151985.0
1753617238922,11:53:58.922,bybit,ADA/USDT:USDT,0.8244,7549.0,0.8243,42821.0,0.8245,25670.0,0.8246,151985.0
1753617239022,11:53:59.022,bybit,ADA/USDT:USDT,0.8244,7549.0,0.8243,42821.0,0.8245,28010.0,0.8246,151985.0
1753617239132,11:53:59.132,bybit,ADA/USDT:USDT,0.8244,7068.0,0.8243,42821.0,0.8245,28010.0,0.8246,151985.0
1753617239222,11:53:59.222,bybit,ADA/USDT:USDT,0.8244,11922.0,0.8243,50583.0,0.8245,25670.0,0.8246,149645.0
1753617239323,11:53:59.323,bybit,ADA/USDT:USDT,0.8244,11922.0,0.8243,91541.0,0.8245,25670.0,0.8246,149645.0
1753617239423,11:53:59.423,bybit,ADA/USDT:USDT,0.8244,11922.0,0.8243,91541.0,0.8245,25669.0,0.8246,149645.0
1753617239522,11:53:59.522,bybit,ADA/USDT:USDT,0.8244,7068.0,0.8243,12543.0,0.8245,28009.0,0.8246,154468.0
1753617239622,11:53:59.622,bybit,ADA/USDT:USDT,0.8244,7068.0,0.8243,45761.0,0.8245,25669.0,0.8246,151985.0
1753617239722,11:53:59.722,bybit,ADA/USDT:USDT,0.8243,11977.0,0.8242,67618.0,0.8244,32809.0,0.8245,145408.0
1753617239822,11:53:59.822,bybit,ADA/USDT:USDT,0.8243,8432.0,0.8242,67618.0,0.8244,33293.0,0.8245,147229.0
1753617239925,11:53:59.925,bybit,ADA/USDT:USDT,0.8243,10526.0,0.8242,65018.0,0.8244,36338.0,0.8245,147835.0
1753617240023,11:54:00.023,bybit,ADA/USDT:USDT,0.8243,11149.0,0.8242,65018.0,0.8244,36338.0,0.8245,147835.0
1753617240122,11:54:00.122,bybit,ADA/USDT:USDT,0.8243,11149.0,0.8242,72771.0,0.8244,36338.0,0.8245,147835.0
1753617240222,11:54:00.222,bybit,ADA/USDT:USDT,0.8243,5849.0,0.8242,72771.0,0.8244,36338.0,0.8245,147835.0
1753617240322,11:54:00.322,bybit,ADA/USDT:USDT,0.8243,5849.0,0.8242,72771.0,0.8244,36338.0,0.8245,147835.0
1753617240422,11:54:00.422,bybit,ADA/USDT:USDT,0.8243,5849.0,0.8242,72771.0,0.8244,36338.0,0.8245,147835.0
1753617240523,11:54:00.523,bybit,ADA/USDT:USDT,0.8243,14.0,0.8242,62418.0,0.8244,41017.0,0.8245,155954.0
1753617240622,11:54:00.622,bybit,ADA/USDT:USDT,0.8243,346.0,0.8242,62418.0,0.8244,41017.0,0.8245,155954.0
1753617240723,11:54:00.723,bybit,ADA/USDT:USDT,0.8243,3721.0,0.8242,62418.0,0.8244,46321.0,0.8245,147183.0
1753617240822,11:54:00.822,bybit,ADA/USDT:USDT,0.8243,10261.0,0.8242,83738.0,0.8244,34142.0,0.8245,141308.0
1753617240922,11:54:00.922,bybit,ADA/USDT:USDT,0.8243,20406.0,0.8242,115805.0,0.8244,10846.0,0.8245,113920.0
1753617241022,11:54:01.022,bybit,ADA/USDT:USDT,0.8243,20406.0,0.8242,115805.0,0.8244,10846.0,0.8245,114526.0
1753617241122,11:54:01.122,bybit,ADA/USDT:USDT,0.8243,20406.0,0.8242,115805.0,0.8244,10846.0,0.8245,130030.0
1753617241223,11:54:01.223,bybit,ADA/USDT:USDT,0.8243,17806.0,0.8242,113465.0,0.8244,14699.0,0.8245,135789.0
1753617241322,11:54:01.322,bybit,ADA/USDT:USDT,0.8243,17806.0,0.8242,113465.0,0.8244,12099.0,0.8245,133449.0
1753617241422,11:54:01.422,bybit,ADA/USDT:USDT,0.8243,17806.0,0.8242,113465.0,0.8244,14699.0,0.8245,135814.0
1753617241522,11:54:01.522,bybit,ADA/USDT:USDT,0.8243,17806.0,0.8242,111126.0,0.8244,14699.0,0.8245,136420.0
1753617241622,11:54:01.622,bybit,ADA/USDT:USDT,0.8243,15206.0,0.8242,111126.0,0.8244,14699.0,0.8245,131716.0
1753617241722,11:54:01.722,bybit,ADA/USDT:USDT,0.8243,15206.0,0.8242,111126.0,0.8244,13572.0,0.8245,136202.0
1753617241822,11:54:01.822,bybit,ADA/USDT:USDT,0.8243,15206.0,0.8242,111126.0,0.8244,10972.0,0.8245,133844.0
1753617241924,11:54:01.924,bybit,ADA/USDT:USDT,0.8243,9638.0,0.8242,70170.0,0.8244,29117.0,0.8245,144677.0
1753617242022,11:54:02.022,bybit,ADA/USDT:USDT,0.8243,14.0,0.8242,62418.0,0.8244,29359.0,0.8245,144677.0
1753617242122,11:54:02.122,bybit,ADA/USDT:USDT,0.8243,14.0,0.8242,28833.0,0.8244,29359.0,0.8245,144677.0
1753617242222,11:54:02.222,bybit,ADA/USDT:USDT,0.8243,14.0,0.8242,63973.0,0.8244,29359.0,0.8245,144677.0
1753617242322,11:54:02.322,bybit,ADA/USDT:USDT,0.8243,14.0,0.8242,13790.0,0.8244,36884.0,0.8245,144677.0
1753617242422,11:54:02.422,bybit,ADA/USDT:USDT,0.8243,14.0,0.8242,13790.0,0.8244,37451.0,0.8245,144797.0
1753617242523,11:54:02.523,bybit,ADA/USDT:USDT,0.8242,14.0,0.8241,46856.0,0.8243,77535.0,0.8244,165189.0
1753617242622,11:54:02.622,bybit,ADA/USDT:USDT,0.8242,14.0,0.8241,23301.0,0.8243,80840.0,0.8244,154719.0
1753617242722,11:54:02.722,bybit,ADA/USDT:USDT,0.8242,14.0,0.8241,31051.0,0.8243,80840.0,0.8244,155750.0
1753617242922,11:54:02.922,bybit,ADA/USDT:USDT,0.8242,16491.0,0.8241,94460.0,0.8243,46977.0,0.8244,120542.0
1753617243022,11:54:03.022,bybit,ADA/USDT:USDT,0.8242,11783.0,0.8241,94470.0,0.8243,46977.0,0.8244,144151.0
1753617243122,11:54:03.122,bybit,ADA/USDT:USDT,0.8242,12420.0,0.8241,88187.0,0.8243,46977.0,0.8244,146387.0
1753617243322,11:54:03.322,bybit,ADA/USDT:USDT,0.8242,1414.0,0.8241,47245.0,0.8243,51904.0,0.8244,146387.0
1753617243422,11:54:03.422,bybit,ADA/USDT:USDT,0.8242,13794.0,0.8241,40595.0,0.8243,51904.0,0.8244,146387.0
1753617243522,11:54:03.522,bybit,ADA/USDT:USDT,0.8242,13794.0,0.8241,40595.0,0.8243,51904.0,0.8244,140512.0
1753617243622,11:54:03.622,bybit,ADA/USDT:USDT,0.8242,14.0,0.8241,32846.0,0.8243,54293.0,0.8244,146387.0
1753617243722,11:54:03.722,bybit,ADA/USDT:USDT,0.8242,14.0,0.8241,23606.0,0.8243,54535.0,0.8244,146412.0
1753617243822,11:54:03.822,bybit,ADA/USDT:USDT,0.8242,158.0,0.8241,31432.0,0.8243,54535.0,0.8244,140512.0
1753617243924,11:54:03.924,bybit,ADA/USDT:USDT,0.8242,7664.0,0.8241,82712.0,0.8243,49821.0,0.8244,140512.0
1753617244022,11:54:04.022,bybit,ADA/USDT:USDT,0.8242,10535.0,0.8241,85312.0,0.8243,49821.0,0.8244,138276.0
1753617244122,11:54:04.122,bybit,ADA/USDT:USDT,0.8242,12800.0,0.8241,85312.0,0.8243,49821.0,0.8244,138276.0
1753617244222,11:54:04.222,bybit,ADA/USDT:USDT,0.8242,5781.0,0.8241,85312.0,0.8243,49821.0,0.8244,138276.0
1753617244323,11:54:04.323,bybit,ADA/USDT:USDT,0.8241,21993.0,0.824,87938.0,0.8242,1079.0,0.8243,54293.0
1753617244422,11:54:04.422,bybit,ADA/USDT:USDT,0.8241,18806.0,0.824,71378.0,0.8242,31752.0,0.8243,143923.0
1753617244522,11:54:04.522,bybit,ADA/USDT:USDT,0.8241,18806.0,0.824,83006.0,0.8242,31752.0,0.8243,143930.0
1753617244623,11:54:04.623,bybit,ADA/USDT:USDT,0.8241,18806.0,0.824,83006.0,0.8242,31772.0,0.8243,146166.0
1753617244722,11:54:04.722,bybit,ADA/USDT:USDT,0.8241,18806.0,0.824,83006.0,0.8242,31772.0,0.8243,147197.0
1753617244822,11:54:04.822,bybit,ADA/USDT:USDT,0.8241,22043.0,0.824,83006.0,0.8242,29271.0,0.8243,144936.0
1753617244923,11:54:04.923,bybit,ADA/USDT:USDT,0.8241,21406.0,0.824,83006.0,0.8242,23887.0,0.8243,139061.0
1753617245022,11:54:05.022,bybit,ADA/USDT:USDT,0.8241,18806.0,0.824,83006.0,0.8242,26578.0,0.8243,147197.0
1753617245122,11:54:05.122,bybit,ADA/USDT:USDT,0.8241,17952.0,0.824,83006.0,0.8242,28912.0,0.8243,147172.0
1753617245223,11:54:05.223,bybit,ADA/USDT:USDT,0.8241,17952.0,0.824,83006.0,0.8242,28912.0,0.8243,147172.0
1753617245322,11:54:05.322,bybit,ADA/USDT:USDT,0.8241,5912.0,0.824,41934.0,0.8242,38626.0,0.8243,159296.0
1753617245422,11:54:05.422,bybit,ADA/USDT:USDT,0.8241,4512.0,0.824,41934.0,0.8242,36365.0,0.8243,159296.0
1753617245522,11:54:05.522,bybit,ADA/USDT:USDT,0.8241,4512.0,0.824,41934.0,0.8242,38626.0,0.8243,159296.0
1753617245622,11:54:05.622,bybit,ADA/USDT:USDT,0.8241,4512.0,0.824,41934.0,0.8242,38933.0,0.8243,159296.0
1753617245722,11:54:05.722,bybit,ADA/USDT:USDT,0.8241,4512.0,0.824,41934.0,0.8242,38933.0,0.8243,159296.0
1753617245822,11:54:05.822,bybit,ADA/USDT:USDT,0.8241,4512.0,0.824,41934.0,0.8242,38908.0,0.8243,161896.0
1753617245922,11:54:05.922,bybit,ADA/USDT:USDT,0.8241,4512.0,0.824,41934.0,0.8242,38908.0,0.8243,161896.0
1753617246022,11:54:06.022,bybit,ADA/USDT:USDT,0.8241,4512.0,0.824,41934.0,0.8242,38933.0,0.8243,161896.0
1753617246123,11:54:06.123,bybit,ADA/USDT:USDT,0.824,13277.0,0.8239,74384.0,0.8241,53839.0,0.8242,141935.0
1753617246222,11:54:06.222,bybit,ADA/USDT:USDT,0.824,18568.0,0.8239,112421.0,0.8241,15316.0,0.8242,115898.0
1753617246322,11:54:06.322,bybit,ADA/USDT:USDT,0.824,15967.0,0.8239,103682.0,0.8241,18007.0,0.8242,118031.0
1753617246422,11:54:06.422,bybit,ADA/USDT:USDT,0.824,15967.0,0.8239,103246.0,0.8241,18940.0,0.8242,133498.0
1753617246522,11:54:06.522,bybit,ADA/USDT:USDT,0.824,15967.0,0.8239,101612.0,0.8241,18940.0,0.8242,131415.0
1753617246623,11:54:06.623,bybit,ADA/USDT:USDT,0.824,13276.0,0.8239,58580.0,0.8241,23398.0,0.8242,137934.0
1753617246723,11:54:06.723,bybit,ADA/USDT:USDT,0.824,15463.0,0.8239,93267.0,0.8241,19936.0,0.8242,138965.0
1753617246822,11:54:06.822,bybit,ADA/USDT:USDT,0.824,12772.0,0.8239,81392.0,0.8241,24152.0,0.8242,144840.0
1753617246922,11:54:06.922,bybit,ADA/USDT:USDT,0.824,8719.0,0.8239,24112.0,0.8241,24152.0,0.8242,144840.0
1753617247023,11:54:07.023,bybit,ADA/USDT:USDT,0.824,13.0,0.8239,16366.0,0.8241,26264.0,0.8242,147323.0
1753617247123,11:54:07.123,bybit,ADA/USDT:USDT,0.8239,5758.0,0.8238,8800.0,0.824,62397.0,0.8241,165734.0
1753617247222,11:54:07.222,bybit,ADA/USDT:USDT,0.8239,39.0,0.8238,11772.0,0.824,74490.0,0.8241,165734.0
1753617247322,11:54:07.322,bybit,ADA/USDT:USDT,0.8239,39.0,0.8238,56.0,0.824,84353.0,0.8241,166884.0
1753617247424,11:54:07.424,bybit,ADA/USDT:USDT,0.8238,10904.0,0.8237,26745.0,0.8239,47855.0,0.824,154742.0
1753617247523,11:54:07.523,bybit,ADA/USDT:USDT,0.8238,11760.0,0.8237,35894.0,0.8239,50971.0,0.824,142923.0
1753617247622,11:54:07.622,bybit,ADA/USDT:USDT,0.8238,11760.0,0.8237,35894.0,0.8239,46025.0,0.824,142923.0
1753617247722,11:54:07.722,bybit,ADA/USDT:USDT,0.8238,11760.0,0.8237,35458.0,0.8239,46025.0,0.824,140901.0
1753617247822,11:54:07.822,bybit,ADA/USDT:USDT,0.8238,12397.0,0.8237,35458.0,0.8239,38525.0,0.824,142817.0
1753617247922,11:54:07.922,bybit,ADA/USDT:USDT,0.8238,29.0,0.8237,32.0,0.8239,48388.0,0.824,142842.0
1753617248122,11:54:08.122,bybit,ADA/USDT:USDT,0.8238,11920.0,0.8237,30693.0,0.8239,52227.0,0.824,143342.0
1753617248423,11:54:08.423,bybit,ADA/USDT:USDT,0.8238,11863.0,0.8237,30693.0,0.8239,54285.0,0.824,143286.0
1753617248522,11:54:08.522,bybit,ADA/USDT:USDT,0.8238,5499.0,0.8237,30693.0,0.8239,56226.0,0.824,149161.0
1753617248622,11:54:08.622,bybit,ADA/USDT:USDT,0.8238,2985.0,0.8237,30693.0,0.8239,56226.0,0.824,149161.0
1753617248723,11:54:08.723,bybit,ADA/USDT:USDT,0.8238,2985.0,0.8237,30693.0,0.8239,56226.0,0.824,149616.0
1753617248822,11:54:08.822,bybit,ADA/USDT:USDT,0.8238,22.0,0.8237,30693.0,0.8239,59044.0,0.824,149616.0
1753617248922,11:54:08.922,bybit,ADA/USDT:USDT,0.8238,22.0,0.8237,30693.0,0.8239,59044.0,0.824,149616.0
1753617249022,11:54:09.022,bybit,ADA/USDT:USDT,0.8238,22.0,0.8237,30693.0,0.8239,58818.0,0.824,149616.0
1753617249122,11:54:09.122,bybit,ADA/USDT:USDT,0.8238,163.0,0.8237,30693.0,0.8239,56877.0,0.824,149616.0
1753617249222,11:54:09.222,bybit,ADA/USDT:USDT,0.8238,163.0,0.8237,30693.0,0.8239,56635.0,0.824,149616.0
1753617249323,11:54:09.323,bybit,ADA/USDT:USDT,0.8238,163.0,0.8237,30693.0,0.8239,56635.0,0.824,149616.0
1753617249422,11:54:09.422,bybit,ADA/USDT:USDT,0.8238,163.0,0.8237,32093.0,0.8239,56043.0,0.824,149591.0
1753617249522,11:54:09.522,bybit,ADA/USDT:USDT,0.8238,9113.0,0.8237,39234.0,0.8239,51097.0,0.824,139834.0
1753617249622,11:54:09.622,bybit,ADA/USDT:USDT,0.8238,1563.0,0.8237,37293.0,0.8239,46114.0,0.824,149591.0
1753617249722,11:54:09.722,bybit,ADA/USDT:USDT,0.8238,1563.0,0.8237,37293.0,0.8239,46111.0,0.824,149591.0
1753617249823,11:54:09.823,bybit,ADA/USDT:USDT,0.8238,1563.0,0.8237,37293.0,0.8239,46111.0,0.824,149591.0
1753617249925,11:54:09.925,bybit,ADA/USDT:USDT,0.8238,2440.0,0.8237,37293.0,0.8239,46111.0,0.824,149591.0
1753617250022,11:54:10.022,bybit,ADA/USDT:USDT,0.8238,2440.0,0.8237,37293.0,0.8239,46508.0,0.824,147650.0
1753617250122,11:54:10.122,bybit,ADA/USDT:USDT,0.8238,403.0,0.8237,37293.0,0.8239,46750.0,0.824,149591.0
1753617250223,11:54:10.223,bybit,ADA/USDT:USDT,0.8238,403.0,0.8237,37293.0,0.8239,46508.0,0.824,147650.0
1753617250323,11:54:10.323,bybit,ADA/USDT:USDT,0.8238,13130.0,0.8237,37293.0,0.8239,44491.0,0.824,137817.0
1753617250422,11:54:10.422,bybit,ADA/USDT:USDT,0.8238,1803.0,0.8237,37293.0,0.8239,44491.0,0.824,143692.0
1753617250523,11:54:10.523,bybit,ADA/USDT:USDT,0.8238,1254.0,0.8237,37293.0,0.8239,44491.0,0.824,139758.0
1753617250622,11:54:10.622,bybit,ADA/USDT:USDT,0.8238,1254.0,0.8237,37293.0,0.8239,44491.0,0.824,147574.0
1753617250722,11:54:10.722,bybit,ADA/USDT:USDT,0.8238,617.0,0.8237,37293.0,0.8239,46432.0,0.824,147599.0
1753617250822,11:54:10.822,bybit,ADA/USDT:USDT,0.8238,617.0,0.8237,37293.0,0.8239,46432.0,0.824,147599.0
1753617250922,11:54:10.922,bybit,ADA/USDT:USDT,0.8238,1254.0,0.8237,37293.0,0.8239,44491.0,0.824,147574.0
1753617251022,11:54:11.022,bybit,ADA/USDT:USDT,0.8238,617.0,0.8237,37293.0,0.8239,46432.0,0.824,147574.0
1753617251122,11:54:11.122,bybit,ADA/USDT:USDT,0.8238,2634.0,0.8237,37293.0,0.8239,46438.0,0.824,147574.0
1753617251222,11:54:11.222,bybit,ADA/USDT:USDT,0.8238,2634.0,0.8237,44793.0,0.8239,44497.0,0.824,147574.0
1753617251323,11:54:11.323,bybit,ADA/USDT:USDT,0.8238,2634.0,0.8237,37293.0,0.8239,44497.0,0.824,147574.0
1753617251422,11:54:11.422,bybit,ADA/USDT:USDT,0.8238,4092.0,0.8237,37293.0,0.8239,44497.0,0.824,147574.0
1753617251622,11:54:11.622,bybit,ADA/USDT:USDT,0.8238,4092.0,0.8237,37293.0,0.8239,36014.0,0.824,147574.0
1753617251723,11:54:11.723,bybit,ADA/USDT:USDT,0.8238,2692.0,0.8237,37293.0,0.8239,37955.0,0.824,147574.0
1753617251822,11:54:11.822,bybit,ADA/USDT:USDT,0.8238,2692.0,0.8237,37293.0,0.8239,37955.0,0.824,147574.0
1753617251922,11:54:11.922,bybit,ADA/USDT:USDT,0.8238,2692.0,0.8237,37293.0,0.8239,36014.0,0.824,147574.0
1753617252022,11:54:12.022,bybit,ADA/USDT:USDT,0.8238,9334.0,0.8237,37293.0,0.8239,34634.0,0.824,141699.0
1753617252122,11:54:12.122,bybit,ADA/USDT:USDT,0.8238,12410.0,0.8237,37293.0,0.8239,34634.0,0.824,141699.0
1753617252222,11:54:12.222,bybit,ADA/USDT:USDT,0.8238,12410.0,0.8237,44793.0,0.8239,34634.0,0.824,141699.0
1753617252322,11:54:12.322,bybit,ADA/USDT:USDT,0.8238,12410.0,0.8237,44793.0,0.8239,34634.0,0.824,141699.0
1753617252423,11:54:12.423,bybit,ADA/USDT:USDT,0.8238,12410.0,0.8237,44793.0,0.8239,34634.0,0.824,141699.0
1753617252522,11:54:12.522,bybit,ADA/USDT:USDT,0.8238,12410.0,0.8237,44793.0,0.8239,34634.0,0.824,141699.0
1753617252622,11:54:12.622,bybit,ADA/USDT:USDT,0.8238,13264.0,0.8237,44793.0,0.8239,24475.0,0.824,140575.0
1753617252723,11:54:12.723,bybit,ADA/USDT:USDT,0.8238,13264.0,0.8237,44793.0,0.8239,24475.0,0.824,142516.0
1753617252822,11:54:12.822,bybit,ADA/USDT:USDT,0.8238,13264.0,0.8237,44793.0,0.8239,24475.0,0.824,150332.0
1753617252922,11:54:12.922,bybit,ADA/USDT:USDT,0.8238,13264.0,0.8237,44793.0,0.8239,24475.0,0.824,150332.0
1753617253022,11:54:13.022,bybit,ADA/USDT:USDT,0.8238,12410.0,0.8237,44793.0,0.8239,24475.0,0.824,150332.0
1753617253122,11:54:13.122,bybit,ADA/USDT:USDT,0.8238,12410.0,0.8237,44793.0,0.8239,24475.0,0.824,150332.0
1753617253222,11:54:13.222,bybit,ADA/USDT:USDT,0.8238,12410.0,0.8237,44793.0,0.8239,24475.0,0.824,150332.0
1753617253322,11:54:13.322,bybit,ADA/USDT:USDT,0.8238,12410.0,0.8237,44793.0,0.8239,24475.0,0.824,150332.0
1753617253422,11:54:13.422,bybit,ADA/USDT:USDT,0.8238,13264.0,0.8237,44793.0,0.8239,24475.0,0.824,144457.0
1753617253522,11:54:13.522,bybit,ADA/USDT:USDT,0.8238,13264.0,0.8237,44793.0,0.8239,24395.0,0.824,150332.0
1753617253622,11:54:13.622,bybit,ADA/USDT:USDT,0.8238,13264.0,0.8237,44793.0,0.8239,24395.0,0.824,150332.0
1753617253722,11:54:13.722,bybit,ADA/USDT:USDT,0.8238,13264.0,0.8237,44793.0,0.8239,16803.0,0.824,144457.0
1753617253822,11:54:13.822,bybit,ADA/USDT:USDT,0.8238,13264.0,0.8237,44800.0,0.8239,16803.0,0.824,144457.0
1753617253922,11:54:13.922,bybit,ADA/USDT:USDT,0.8238,13264.0,0.8237,44800.0,0.8239,16803.0,0.824,144457.0
1753617254022,11:54:14.022,bybit,ADA/USDT:USDT,0.8238,13264.0,0.8237,44800.0,0.8239,16803.0,0.824,134594.0
1753617254122,11:54:14.122,bybit,ADA/USDT:USDT,0.8238,13264.0,0.8237,44800.0,0.8239,16803.0,0.824,144457.0
1753617254222,11:54:14.222,bybit,ADA/USDT:USDT,0.8238,13264.0,0.8237,44800.0,0.8239,16803.0,0.824,150332.0
1753617254322,11:54:14.322,bybit,ADA/USDT:USDT,0.8238,13264.0,0.8237,44800.0,0.8239,18744.0,0.824,150332.0
1753617254422,11:54:14.422,bybit,ADA/USDT:USDT,0.8238,13264.0,0.8237,44800.0,0.8239,18744.0,0.824,150332.0
1753617254522,11:54:14.522,bybit,ADA/USDT:USDT,0.8238,13264.0,0.8237,44800.0,0.8239,16803.0,0.824,150332.0
1753617254622,11:54:14.622,bybit,ADA/USDT:USDT,0.8238,13269.0,0.8237,44800.0,0.8239,16803.0,0.824,144457.0
1753617254722,11:54:14.722,bybit,ADA/USDT:USDT,0.8238,13269.0,0.8237,44800.0,0.8239,16803.0,0.824,144457.0
1753617254823,11:54:14.823,bybit,ADA/USDT:USDT,0.8238,9318.0,0.8237,37300.0,0.8239,18744.0,0.824,150332.0
1753617254922,11:54:14.922,bybit,ADA/USDT:USDT,0.8238,9318.0,0.8237,37300.0,0.8239,16803.0,0.824,150332.0
1753617255023,11:54:15.023,bybit,ADA/USDT:USDT,0.8238,9318.0,0.8237,37300.0,0.8239,16803.0,0.824,150332.0
1753617255122,11:54:15.122,bybit,ADA/USDT:USDT,0.8238,10172.0,0.8237,46741.0,0.8239,15714.0,0.824,140575.0
1753617255222,11:54:15.222,bybit,ADA/USDT:USDT,0.8238,21245.0,0.8237,48682.0,0.8239,10591.0,0.824,135834.0
1753617255322,11:54:15.322,bybit,ADA/USDT:USDT,0.8238,21245.0,0.8237,48707.0,0.8239,9188.0,0.824,85326.0
1753617255522,11:54:15.522,bybit,ADA/USDT:USDT,0.8238,18657.0,0.8237,46741.0,0.8239,11879.0,0.824,131490.0
1753617255622,11:54:15.622,bybit,ADA/USDT:USDT,0.8238,18656.0,0.8237,46741.0,0.8239,11879.0,0.824,141101.0
1753617255722,11:54:15.722,bybit,ADA/USDT:USDT,0.8238,18656.0,0.8237,46741.0,0.8239,13806.0,0.824,146976.0
1753617255822,11:54:15.822,bybit,ADA/USDT:USDT,0.8238,18656.0,0.8237,39234.0,0.8239,11891.0,0.824,146976.0
1753617255922,11:54:15.922,bybit,ADA/USDT:USDT,0.8238,18648.0,0.8237,39234.0,0.8239,11891.0,0.824,141101.0
1753617256022,11:54:16.022,bybit,ADA/USDT:USDT,0.8238,18648.0,0.8237,37293.0,0.8239,11891.0,0.824,141101.0
1753617256122,11:54:16.122,bybit,ADA/USDT:USDT,0.8238,18648.0,0.8237,37293.0,0.8239,11891.0,0.824,141101.0
1753617256222,11:54:16.222,bybit,ADA/USDT:USDT,0.8238,18661.0,0.8237,37293.0,0.8239,13832.0,0.824,146976.0
1753617256322,11:54:16.322,bybit,ADA/USDT:USDT,0.8238,8788.0,0.8237,37293.0,0.8239,16140.0,0.824,150711.0
1753617256422,11:54:16.422,bybit,ADA/USDT:USDT,0.8238,3988.0,0.8237,37293.0,0.8239,16140.0,0.824,150686.0
1753617256522,11:54:16.522,bybit,ADA/USDT:USDT,0.8238,4842.0,0.8237,37293.0,0.8239,16140.0,0.824,150686.0
1753617256623,11:54:16.623,bybit,ADA/USDT:USDT,0.8238,3136.0,0.8237,37293.0,0.8239,16140.0,0.824,150711.0
1753617256723,11:54:16.723,bybit,ADA/USDT:USDT,0.8238,680.0,0.8237,32093.0,0.8239,20680.0,0.824,154225.0
