timestamp,time,exchange,symbol,bid1_price,bid1_volume,bid2_price,bid2_volume,ask1_price,ask1_volume,ask2_price,ask2_volume
1753617162908,11:52:42.908,okx,AERO/USDT:USDT,0.8982,11.0,0.8981,55.0,0.8986,34.0,0.8987,91.0
1753617164108,11:52:44.108,okx,AERO/USDT:USDT,0.8982,1.0,0.8981,55.0,0.8986,45.0,0.8987,91.0
1753617164508,11:52:44.508,okx,AERO/USDT:USDT,0.8982,11.0,0.8981,55.0,0.8986,34.0,0.8987,91.0
1753617164708,11:52:44.708,okx,AERO/USDT:USDT,0.8982,53.0,0.8981,20.0,0.8986,34.0,0.8987,80.0
1753617165408,11:52:45.408,okx,AERO/USDT:USDT,0.8982,46.0,0.8981,20.0,0.8986,34.0,0.8987,88.0
1753617165508,11:52:45.508,okx,AERO/USDT:USDT,0.8982,53.0,0.8981,20.0,0.8986,34.0,0.8987,80.0
1753617166008,11:52:46.008,okx,AERO/USDT:USDT,0.8982,46.0,0.8981,20.0,0.8986,34.0,0.8987,91.0
1753617166208,11:52:46.208,okx,AERO/USDT:USDT,0.8982,46.0,0.8981,20.0,0.8986,34.0,0.8987,91.0
1753617166508,11:52:46.508,okx,AERO/USDT:USDT,0.8982,46.0,0.8981,20.0,0.8986,34.0,0.8987,91.0
1753617166808,11:52:46.808,okx,AERO/USDT:USDT,0.8982,46.0,0.8981,20.0,0.8986,34.0,0.8987,91.0
1753617167208,11:52:47.208,okx,AERO/USDT:USDT,0.8982,46.0,0.8981,20.0,0.8986,34.0,0.8987,91.0
1753617167508,11:52:47.508,okx,AERO/USDT:USDT,0.8982,46.0,0.8981,20.0,0.8986,34.0,0.8987,91.0
1753617168108,11:52:48.108,okx,AERO/USDT:USDT,0.8982,46.0,0.8981,20.0,0.8986,34.0,0.8987,91.0
1753617168608,11:52:48.608,okx,AERO/USDT:USDT,0.8982,46.0,0.8981,20.0,0.8986,34.0,0.8987,91.0
1753617169408,11:52:49.408,okx,AERO/USDT:USDT,0.8982,46.0,0.8981,20.0,0.8986,34.0,0.8987,91.0
1753617169708,11:52:49.708,okx,AERO/USDT:USDT,0.8982,46.0,0.8981,20.0,0.8986,34.0,0.8987,91.0
1753617169808,11:52:49.808,okx,AERO/USDT:USDT,0.8982,53.0,0.8981,20.0,0.8986,34.0,0.8987,83.0
1753617169908,11:52:49.908,okx,AERO/USDT:USDT,0.8982,53.0,0.8981,20.0,0.8986,34.0,0.8987,91.0
1753617170708,11:52:50.708,okx,AERO/USDT:USDT,0.8982,11.0,0.8981,47.0,0.8986,37.0,0.8987,91.0
1753617170808,11:52:50.808,okx,AERO/USDT:USDT,0.8982,11.0,0.8981,47.0,0.8986,37.0,0.8987,91.0
1753617170908,11:52:50.908,okx,AERO/USDT:USDT,0.8982,11.0,0.8981,47.0,0.8986,37.0,0.8987,91.0
1753617171008,11:52:51.008,okx,AERO/USDT:USDT,0.8982,11.0,0.8981,47.0,0.8986,37.0,0.8987,91.0
1753617171208,11:52:51.208,okx,AERO/USDT:USDT,0.8982,4.0,0.8981,47.0,0.8986,37.0,0.8987,91.0
1753617171608,11:52:51.608,okx,AERO/USDT:USDT,0.8982,11.0,0.8981,47.0,0.8986,34.0,0.8987,80.0
1753617172408,11:52:52.408,okx,AERO/USDT:USDT,0.8982,41.0,0.8981,20.0,0.8987,120.0,0.8988,1.0
1753617172708,11:52:52.708,okx,AERO/USDT:USDT,0.8982,41.0,0.8981,20.0,0.8987,120.0,0.8988,1.0
1753617172808,11:52:52.808,okx,AERO/USDT:USDT,0.8982,41.0,0.8981,20.0,0.8987,120.0,0.8988,1.0
1753617173008,11:52:53.008,okx,AERO/USDT:USDT,0.8982,41.0,0.8981,20.0,0.8987,120.0,0.8988,1.0
1753617173108,11:52:53.108,okx,AERO/USDT:USDT,0.8982,41.0,0.8981,20.0,0.8987,120.0,0.8988,1.0
1753617173508,11:52:53.508,okx,AERO/USDT:USDT,0.8982,41.0,0.8981,20.0,0.8987,120.0,0.8988,1.0
1753617173708,11:52:53.708,okx,AERO/USDT:USDT,0.8982,31.0,0.8981,9.0,0.8987,131.0,0.8988,15.0
1753617174308,11:52:54.308,okx,AERO/USDT:USDT,0.8982,41.0,0.8981,17.0,0.8987,123.0,0.8988,15.0
1753617174608,11:52:54.608,okx,AERO/USDT:USDT,0.8982,34.0,0.8981,17.0,0.8987,131.0,0.8988,15.0
1753617174908,11:52:54.908,okx,AERO/USDT:USDT,0.8982,41.0,0.8981,17.0,0.8987,131.0,0.8988,15.0
1753617175708,11:52:55.708,okx,AERO/USDT:USDT,0.8982,31.0,0.8981,17.0,0.8987,131.0,0.8988,15.0
1753617175908,11:52:55.908,okx,AERO/USDT:USDT,0.8982,31.0,0.8981,17.0,0.8987,131.0,0.8988,15.0
1753617176008,11:52:56.008,okx,AERO/USDT:USDT,0.8982,31.0,0.8981,20.0,0.8986,51.0,0.8987,91.0
1753617176108,11:52:56.108,okx,AERO/USDT:USDT,0.8982,31.0,0.8981,20.0,0.8986,43.0,0.8987,91.0
1753617176708,11:52:56.708,okx,AERO/USDT:USDT,0.8982,31.0,0.8981,20.0,0.8986,43.0,0.8987,91.0
1753617177008,11:52:57.008,okx,AERO/USDT:USDT,0.8982,32.0,0.8981,20.0,0.8986,43.0,0.8987,91.0
1753617177108,11:52:57.108,okx,AERO/USDT:USDT,0.8982,42.0,0.8981,20.0,0.8986,40.0,0.8987,91.0
1753617177208,11:52:57.208,okx,AERO/USDT:USDT,0.8982,42.0,0.8981,20.0,0.8986,40.0,0.8987,91.0
1753617177308,11:52:57.308,okx,AERO/USDT:USDT,0.8982,42.0,0.8981,20.0,0.8986,43.0,0.8987,91.0
1753617177508,11:52:57.508,okx,AERO/USDT:USDT,0.8982,35.0,0.8981,20.0,0.8986,43.0,0.8987,91.0
1753617177608,11:52:57.608,okx,AERO/USDT:USDT,0.8982,35.0,0.8981,20.0,0.8986,43.0,0.8987,91.0
1753617177708,11:52:57.708,okx,AERO/USDT:USDT,0.8982,35.0,0.8981,20.0,0.8986,43.0,0.8987,91.0
1753617177908,11:52:57.908,okx,AERO/USDT:USDT,0.8982,35.0,0.8981,20.0,0.8986,43.0,0.8987,91.0
1753617178308,11:52:58.308,okx,AERO/USDT:USDT,0.8982,35.0,0.8981,20.0,0.8986,51.0,0.8987,91.0
1753617179108,11:52:59.108,okx,AERO/USDT:USDT,0.8982,4.0,0.8981,62.0,0.8986,51.0,0.8987,91.0
1753617179208,11:52:59.208,okx,AERO/USDT:USDT,0.8982,1.0,0.8981,54.0,0.8986,51.0,0.8987,91.0
1753617179708,11:52:59.708,okx,AERO/USDT:USDT,0.8982,1.0,0.8981,9.0,0.8985,57.0,0.8986,12.0
1753617180008,11:53:00.008,okx,AERO/USDT:USDT,0.8982,1.0,0.8981,9.0,0.8985,57.0,0.8986,12.0
1753617180108,11:53:00.108,okx,AERO/USDT:USDT,0.8982,1.0,0.8981,9.0,0.8985,57.0,0.8986,12.0
1753617180208,11:53:00.208,okx,AERO/USDT:USDT,0.8982,1.0,0.8981,9.0,0.8985,57.0,0.8986,12.0
1753617180508,11:53:00.508,okx,AERO/USDT:USDT,0.8982,1.0,0.8981,9.0,0.8985,57.0,0.8986,12.0
1753617180608,11:53:00.608,okx,AERO/USDT:USDT,0.8982,1.0,0.8981,9.0,0.8985,57.0,0.8986,12.0
1753617180708,11:53:00.708,okx,AERO/USDT:USDT,0.8982,1.0,0.8981,9.0,0.8985,57.0,0.8986,12.0
1753617180908,11:53:00.908,okx,AERO/USDT:USDT,0.8982,1.0,0.8981,9.0,0.8985,57.0,0.8986,12.0
1753617181208,11:53:01.208,okx,AERO/USDT:USDT,0.8982,1.0,0.8981,12.0,0.8985,49.0,0.8986,12.0
1753617181508,11:53:01.508,okx,AERO/USDT:USDT,0.8982,1.0,0.8981,9.0,0.8985,57.0,0.8986,12.0
1753617181708,11:53:01.708,okx,AERO/USDT:USDT,0.8982,1.0,0.8981,9.0,0.8985,57.0,0.8986,12.0
1753617181808,11:53:01.808,okx,AERO/USDT:USDT,0.8982,1.0,0.8981,9.0,0.8985,57.0,0.8986,12.0
1753617182108,11:53:02.108,okx,AERO/USDT:USDT,0.8982,1.0,0.8981,9.0,0.8985,49.0,0.8986,12.0
1753617182208,11:53:02.208,okx,AERO/USDT:USDT,0.8982,11.0,0.8981,20.0,0.8985,46.0,0.8986,4.0
1753617183908,11:53:03.908,okx,AERO/USDT:USDT,0.8987,17.0,0.8986,12.0,0.8988,1.0,0.8989,9.0
1753617184008,11:53:04.008,okx,AERO/USDT:USDT,0.8987,17.0,0.8986,21.0,0.899,44.0,0.8991,10.0
1753617184108,11:53:04.108,okx,AERO/USDT:USDT,0.8987,17.0,0.8986,66.0,0.899,12.0,0.8991,10.0
1753617184808,11:53:04.808,okx,AERO/USDT:USDT,0.8987,62.0,0.8986,20.0,0.899,12.0,0.8991,10.0
1753617185108,11:53:05.108,okx,AERO/USDT:USDT,0.8987,62.0,0.8986,20.0,0.899,12.0,0.8991,10.0
1753617185308,11:53:05.308,okx,AERO/USDT:USDT,0.8987,62.0,0.8986,20.0,0.899,12.0,0.8991,10.0
1753617185408,11:53:05.408,okx,AERO/USDT:USDT,0.8987,62.0,0.8986,20.0,0.899,12.0,0.8991,10.0
1753617186708,11:53:06.708,okx,AERO/USDT:USDT,0.8987,62.0,0.8986,20.0,0.899,13.0,0.8991,10.0
1753617187308,11:53:07.308,okx,AERO/USDT:USDT,0.8987,62.0,0.8986,20.0,0.899,13.0,0.8991,10.0
1753617188308,11:53:08.308,okx,AERO/USDT:USDT,0.8987,62.0,0.8986,20.0,0.899,13.0,0.8991,10.0
1753617188508,11:53:08.508,okx,AERO/USDT:USDT,0.8987,62.0,0.8986,20.0,0.899,13.0,0.8991,10.0
1753617189608,11:53:09.608,okx,AERO/USDT:USDT,0.8987,62.0,0.8986,20.0,0.899,13.0,0.8991,10.0
1753617189808,11:53:09.808,okx,AERO/USDT:USDT,0.8987,62.0,0.8986,20.0,0.899,13.0,0.8991,10.0
1753617190808,11:53:10.808,okx,AERO/USDT:USDT,0.8987,62.0,0.8986,20.0,0.899,13.0,0.8991,10.0
1753617190908,11:53:10.908,okx,AERO/USDT:USDT,0.8987,62.0,0.8986,20.0,0.899,13.0,0.8991,10.0
1753617191008,11:53:11.008,okx,AERO/USDT:USDT,0.8987,62.0,0.8986,20.0,0.899,13.0,0.8991,10.0
1753617191708,11:53:11.708,okx,AERO/USDT:USDT,0.8988,53.0,0.8987,10.0,0.899,13.0,0.8991,10.0
1753617192108,11:53:12.108,okx,AERO/USDT:USDT,0.8988,53.0,0.8987,10.0,0.899,13.0,0.8991,10.0
1753617192308,11:53:12.308,okx,AERO/USDT:USDT,0.8988,53.0,0.8987,10.0,0.899,13.0,0.8991,10.0
1753617192808,11:53:12.808,okx,AERO/USDT:USDT,0.8988,53.0,0.8987,10.0,0.899,13.0,0.8991,10.0
1753617193208,11:53:13.208,okx,AERO/USDT:USDT,0.8988,53.0,0.8987,10.0,0.899,13.0,0.8991,10.0
1753617193308,11:53:13.308,okx,AERO/USDT:USDT,0.8988,53.0,0.8987,10.0,0.899,13.0,0.8991,10.0
1753617193708,11:53:13.708,okx,AERO/USDT:USDT,0.8988,53.0,0.8987,10.0,0.899,13.0,0.8991,10.0
1753617193808,11:53:13.808,okx,AERO/USDT:USDT,0.8988,53.0,0.8987,10.0,0.899,13.0,0.8991,10.0
1753617193908,11:53:13.908,okx,AERO/USDT:USDT,0.8988,46.0,0.8987,10.0,0.899,13.0,0.8991,10.0
1753617194008,11:53:14.008,okx,AERO/USDT:USDT,0.8988,46.0,0.8987,10.0,0.899,13.0,0.8991,10.0
1753617194108,11:53:14.108,okx,AERO/USDT:USDT,0.8988,103.0,0.8987,10.0,0.899,13.0,0.8991,10.0
1753617194408,11:53:14.408,okx,AERO/USDT:USDT,0.8988,103.0,0.8987,10.0,0.899,13.0,0.8991,10.0
1753617194508,11:53:14.508,okx,AERO/USDT:USDT,0.8988,103.0,0.8987,10.0,0.899,13.0,0.8991,10.0
1753617194908,11:53:14.908,okx,AERO/USDT:USDT,0.8988,103.0,0.8987,10.0,0.899,13.0,0.8991,10.0
1753617195008,11:53:15.008,okx,AERO/USDT:USDT,0.8988,103.0,0.8987,10.0,0.899,13.0,0.8991,10.0
1753617195208,11:53:15.208,okx,AERO/USDT:USDT,0.8988,103.0,0.8987,10.0,0.899,13.0,0.8991,10.0
1753617196108,11:53:16.108,okx,AERO/USDT:USDT,0.8988,103.0,0.8987,10.0,0.899,13.0,0.8991,10.0
1753617196308,11:53:16.308,okx,AERO/USDT:USDT,0.8988,103.0,0.8987,10.0,0.899,13.0,0.8991,10.0
1753617197008,11:53:17.008,okx,AERO/USDT:USDT,0.8989,51.0,0.8988,61.0,0.899,4.0,0.8991,10.0
1753617197708,11:53:17.708,okx,AERO/USDT:USDT,0.8989,48.0,0.8988,62.0,0.899,4.0,0.8991,10.0
1753617198508,11:53:18.508,okx,AERO/USDT:USDT,0.8989,48.0,0.8988,54.0,0.899,4.0,0.8991,10.0
1753617198808,11:53:18.808,okx,AERO/USDT:USDT,0.8989,48.0,0.8988,54.0,0.899,4.0,0.8991,10.0
1753617199408,11:53:19.408,okx,AERO/USDT:USDT,0.899,54.0,0.8988,73.0,0.8992,1.0,0.8993,18.0
1753617199608,11:53:19.608,okx,AERO/USDT:USDT,0.899,54.0,0.8988,73.0,0.8992,9.0,0.8993,21.0
1753617200008,11:53:20.008,okx,AERO/USDT:USDT,0.899,7.0,0.8988,108.0,0.8992,12.0,0.8993,63.0
1753617200108,11:53:20.108,okx,AERO/USDT:USDT,0.8988,85.0,0.8986,78.0,0.8992,50.0,0.8993,25.0
1753617200308,11:53:20.308,okx,AERO/USDT:USDT,0.8988,50.0,0.8987,35.0,0.8992,50.0,0.8993,25.0
1753617200608,11:53:20.608,okx,AERO/USDT:USDT,0.8988,50.0,0.8987,35.0,0.8992,52.0,0.8993,25.0
1753617201008,11:53:21.008,okx,AERO/USDT:USDT,0.8988,92.0,0.8987,8.0,0.8992,41.0,0.8993,22.0
1753617201208,11:53:21.208,okx,AERO/USDT:USDT,0.8988,95.0,0.8987,8.0,0.8992,3.0,0.8993,56.0
1753617201308,11:53:21.308,okx,AERO/USDT:USDT,0.8988,95.0,0.8987,8.0,0.8992,3.0,0.8993,56.0
1753617201408,11:53:21.408,okx,AERO/USDT:USDT,0.8988,92.0,0.8987,8.0,0.8992,3.0,0.8993,56.0
1753617201508,11:53:21.508,okx,AERO/USDT:USDT,0.8988,92.0,0.8987,8.0,0.8992,3.0,0.8993,56.0
1753617201908,11:53:21.908,okx,AERO/USDT:USDT,0.8988,92.0,0.8987,63.0,0.8992,3.0,0.8993,59.0
1753617202108,11:53:22.108,okx,AERO/USDT:USDT,0.8988,92.0,0.8987,11.0,0.8992,3.0,0.8993,59.0
1753617202408,11:53:22.408,okx,AERO/USDT:USDT,0.8988,85.0,0.8987,3.0,0.8992,14.0,0.8993,59.0
1753617202908,11:53:22.908,okx,AERO/USDT:USDT,0.8988,85.0,0.8986,79.0,0.8992,14.0,0.8993,59.0
1753617203208,11:53:23.208,okx,AERO/USDT:USDT,0.8988,85.0,0.8986,79.0,0.8992,14.0,0.8993,59.0
1753617203308,11:53:23.308,okx,AERO/USDT:USDT,0.8988,85.0,0.8986,79.0,0.8992,14.0,0.8993,59.0
1753617203708,11:53:23.708,okx,AERO/USDT:USDT,0.8988,85.0,0.8986,79.0,0.8992,14.0,0.8993,59.0
1753617203808,11:53:23.808,okx,AERO/USDT:USDT,0.8988,85.0,0.8986,79.0,0.8992,14.0,0.8993,59.0
1753617204008,11:53:24.008,okx,AERO/USDT:USDT,0.8988,85.0,0.8986,79.0,0.8992,14.0,0.8993,59.0
1753617204408,11:53:24.408,okx,AERO/USDT:USDT,0.8988,85.0,0.8986,79.0,0.8992,14.0,0.8993,59.0
1753617205108,11:53:25.108,okx,AERO/USDT:USDT,0.8988,85.0,0.8987,8.0,0.8992,3.0,0.8993,59.0
1753617205208,11:53:25.208,okx,AERO/USDT:USDT,0.8988,85.0,0.8987,8.0,0.8992,6.0,0.8993,59.0
1753617205808,11:53:25.808,okx,AERO/USDT:USDT,0.8988,85.0,0.8986,79.0,0.8992,14.0,0.8993,59.0
1753617205908,11:53:25.908,okx,AERO/USDT:USDT,0.8988,85.0,0.8986,79.0,0.8992,14.0,0.8993,59.0
1753617206408,11:53:26.408,okx,AERO/USDT:USDT,0.8988,85.0,0.8986,79.0,0.8992,11.0,0.8993,59.0
1753617206708,11:53:26.708,okx,AERO/USDT:USDT,0.8988,85.0,0.8986,79.0,0.8992,11.0,0.8993,59.0
1753617207108,11:53:27.108,okx,AERO/USDT:USDT,0.8989,55.0,0.8988,61.0,0.8992,3.0,0.8993,10.0
1753617207308,11:53:27.308,okx,AERO/USDT:USDT,0.8989,45.0,0.8988,54.0,0.8992,3.0,0.8993,21.0
1753617207708,11:53:27.708,okx,AERO/USDT:USDT,0.8989,46.0,0.8988,62.0,0.8992,3.0,0.8993,21.0
1753617207908,11:53:27.908,okx,AERO/USDT:USDT,0.8989,56.0,0.8988,62.0,0.8992,3.0,0.8993,10.0
1753617208108,11:53:28.108,okx,AERO/USDT:USDT,0.899,49.0,0.8989,4.0,0.8992,3.0,0.8993,10.0
1753617208208,11:53:28.208,okx,AERO/USDT:USDT,0.899,49.0,0.8989,12.0,0.8992,3.0,0.8993,10.0
1753617208308,11:53:28.308,okx,AERO/USDT:USDT,0.899,49.0,0.8989,12.0,0.8992,3.0,0.8993,10.0
1753617208408,11:53:28.408,okx,AERO/USDT:USDT,0.899,49.0,0.8989,4.0,0.8992,3.0,0.8993,10.0
1753617208708,11:53:28.708,okx,AERO/USDT:USDT,0.899,49.0,0.8989,4.0,0.8992,3.0,0.8993,10.0
1753617208808,11:53:28.808,okx,AERO/USDT:USDT,0.899,49.0,0.8989,4.0,0.8992,3.0,0.8993,10.0
1753617208908,11:53:28.908,okx,AERO/USDT:USDT,0.899,49.0,0.8989,4.0,0.8992,3.0,0.8993,21.0
1753617209708,11:53:29.708,okx,AERO/USDT:USDT,0.899,52.0,0.8989,13.0,0.8992,3.0,0.8993,10.0
1753617209908,11:53:29.908,okx,AERO/USDT:USDT,0.899,59.0,0.8989,13.0,0.8992,3.0,0.8993,1.0
1753617210008,11:53:30.008,okx,AERO/USDT:USDT,0.899,59.0,0.8989,13.0,0.8992,3.0,0.8993,1.0
1753617210108,11:53:30.108,okx,AERO/USDT:USDT,0.8992,18.0,0.8991,52.0,0.8994,9.0,0.8995,9.0
1753617210308,11:53:30.308,okx,AERO/USDT:USDT,0.8992,10.0,0.8991,52.0,0.8994,9.0,0.8995,9.0
1753617210408,11:53:30.408,okx,AERO/USDT:USDT,0.8992,10.0,0.8991,52.0,0.8994,9.0,0.8995,9.0
1753617210508,11:53:30.508,okx,AERO/USDT:USDT,0.8992,7.0,0.8991,44.0,0.8994,9.0,0.8995,9.0
1753617210808,11:53:30.808,okx,AERO/USDT:USDT,0.8992,51.0,0.8991,11.0,0.8994,9.0,0.8995,9.0
1753617211008,11:53:31.008,okx,AERO/USDT:USDT,0.8992,59.0,0.8991,11.0,0.8994,9.0,0.8995,9.0
1753617211708,11:53:31.708,okx,AERO/USDT:USDT,0.8992,59.0,0.8991,11.0,0.8994,9.0,0.8995,9.0
1753617211808,11:53:31.808,okx,AERO/USDT:USDT,0.8992,59.0,0.8991,20.0,0.8996,10.0,0.8997,10.0
1753617211908,11:53:31.908,okx,AERO/USDT:USDT,0.8992,59.0,0.8991,20.0,0.8996,10.0,0.8997,10.0
1753617213108,11:53:33.108,okx,AERO/USDT:USDT,0.8993,58.0,0.8992,12.0,0.8996,10.0,0.8997,10.0
1753617213508,11:53:33.508,okx,AERO/USDT:USDT,0.8993,50.0,0.8992,12.0,0.8996,10.0,0.8997,10.0
1753617214008,11:53:34.008,okx,AERO/USDT:USDT,0.8993,58.0,0.8992,12.0,0.8996,10.0,0.8997,10.0
1753617214208,11:53:34.208,okx,AERO/USDT:USDT,0.8993,58.0,0.8992,12.0,0.8996,10.0,0.8997,10.0
1753617214908,11:53:34.908,okx,AERO/USDT:USDT,0.8993,50.0,0.8992,12.0,0.8996,10.0,0.8997,10.0
1753617215008,11:53:35.008,okx,AERO/USDT:USDT,0.8993,58.0,0.8992,12.0,0.8996,10.0,0.8997,10.0
1753617215208,11:53:35.208,okx,AERO/USDT:USDT,0.8993,58.0,0.8992,12.0,0.8996,10.0,0.8997,10.0
1753617216008,11:53:36.008,okx,AERO/USDT:USDT,0.8993,50.0,0.8992,12.0,0.8996,10.0,0.8997,10.0
1753617216108,11:53:36.108,okx,AERO/USDT:USDT,0.8993,50.0,0.8992,12.0,0.8996,10.0,0.8997,10.0
1753617216208,11:53:36.208,okx,AERO/USDT:USDT,0.8993,50.0,0.8992,12.0,0.8996,10.0,0.8997,10.0
1753617216408,11:53:36.408,okx,AERO/USDT:USDT,0.8993,50.0,0.8992,12.0,0.8996,10.0,0.8997,10.0
1753617216608,11:53:36.608,okx,AERO/USDT:USDT,0.8993,50.0,0.8992,12.0,0.8996,10.0,0.8997,13.0
1753617216708,11:53:36.708,okx,AERO/USDT:USDT,0.8993,50.0,0.8992,12.0,0.8996,10.0,0.8997,13.0
1753617217408,11:53:37.408,okx,AERO/USDT:USDT,0.8993,58.0,0.8992,12.0,0.8996,10.0,0.8997,10.0
1753617217708,11:53:37.708,okx,AERO/USDT:USDT,0.8993,58.0,0.8992,12.0,0.8996,10.0,0.8997,10.0
1753617217808,11:53:37.808,okx,AERO/USDT:USDT,0.8993,58.0,0.8992,12.0,0.8996,10.0,0.8997,10.0
1753617217908,11:53:37.908,okx,AERO/USDT:USDT,0.8993,58.0,0.8992,12.0,0.8996,10.0,0.8997,10.0
1753617218108,11:53:38.108,okx,AERO/USDT:USDT,0.8994,39.0,0.8993,12.0,0.8996,10.0,0.8997,10.0
1753617218408,11:53:38.408,okx,AERO/USDT:USDT,0.8994,39.0,0.8993,12.0,0.8996,10.0,0.8997,10.0
1753617218608,11:53:38.608,okx,AERO/USDT:USDT,0.8995,51.0,0.8994,40.0,0.8996,1.0,0.8997,10.0
1753617218808,11:53:38.808,okx,AERO/USDT:USDT,0.8995,11.0,0.8994,40.0,0.8996,1.0,0.8997,10.0
1753617219008,11:53:39.008,okx,AERO/USDT:USDT,0.8994,28.0,0.8993,12.0,0.8996,1.0,0.8997,10.0
1753617219608,11:53:39.608,okx,AERO/USDT:USDT,0.8994,28.0,0.8993,4.0,0.8996,1.0,0.8997,21.0
1753617219708,11:53:39.708,okx,AERO/USDT:USDT,0.8994,28.0,0.8993,4.0,0.8996,1.0,0.8997,13.0
1753617219808,11:53:39.808,okx,AERO/USDT:USDT,0.8994,28.0,0.8993,12.0,0.8996,1.0,0.8997,10.0
1753617220008,11:53:40.008,okx,AERO/USDT:USDT,0.8994,28.0,0.8993,4.0,0.8996,1.0,0.8997,10.0
1753617220108,11:53:40.108,okx,AERO/USDT:USDT,0.8994,28.0,0.8993,4.0,0.8996,1.0,0.8997,10.0
1753617220208,11:53:40.208,okx,AERO/USDT:USDT,0.8994,28.0,0.8993,4.0,0.8996,1.0,0.8997,10.0
1753617220408,11:53:40.408,okx,AERO/USDT:USDT,0.8994,28.0,0.8993,12.0,0.8996,1.0,0.8997,10.0
1753617220508,11:53:40.508,okx,AERO/USDT:USDT,0.8994,28.0,0.8993,4.0,0.8996,1.0,0.8997,10.0
1753617221108,11:53:41.108,okx,AERO/USDT:USDT,0.8994,28.0,0.8993,4.0,0.8996,1.0,0.8997,10.0
1753617222108,11:53:42.108,okx,AERO/USDT:USDT,0.8994,28.0,0.8993,4.0,0.8996,1.0,0.8997,10.0
1753617222208,11:53:42.208,okx,AERO/USDT:USDT,0.8994,28.0,0.8993,12.0,0.8996,1.0,0.8997,10.0
1753617222408,11:53:42.408,okx,AERO/USDT:USDT,0.8994,28.0,0.8993,12.0,0.8996,1.0,0.8997,10.0
1753617222608,11:53:42.608,okx,AERO/USDT:USDT,0.8994,28.0,0.8993,4.0,0.8996,1.0,0.8997,10.0
1753617222708,11:53:42.708,okx,AERO/USDT:USDT,0.8994,28.0,0.8993,4.0,0.8996,1.0,0.8997,10.0
1753617222908,11:53:42.908,okx,AERO/USDT:USDT,0.8994,28.0,0.8993,12.0,0.8996,1.0,0.8997,10.0
1753617223208,11:53:43.208,okx,AERO/USDT:USDT,0.8994,28.0,0.8993,12.0,0.8996,1.0,0.8997,10.0
1753617223408,11:53:43.408,okx,AERO/USDT:USDT,0.8994,28.0,0.8993,4.0,0.8996,1.0,0.8997,10.0
1753617223508,11:53:43.508,okx,AERO/USDT:USDT,0.8994,28.0,0.8993,4.0,0.8996,1.0,0.8997,13.0
1753617224408,11:53:44.408,okx,AERO/USDT:USDT,0.8995,46.0,0.8994,12.0,0.8996,1.0,0.8997,1.0
1753617224908,11:53:44.908,okx,AERO/USDT:USDT,0.8995,38.0,0.8994,67.0,0.8996,1.0,0.8997,1.0
1753617225008,11:53:45.008,okx,AERO/USDT:USDT,0.8995,46.0,0.8994,12.0,0.8996,1.0,0.8997,1.0
1753617225208,11:53:45.208,okx,AERO/USDT:USDT,0.8995,38.0,0.8994,12.0,0.8996,1.0,0.8997,1.0
1753617225608,11:53:45.608,okx,AERO/USDT:USDT,0.8995,46.0,0.8994,12.0,0.8996,1.0,0.8997,1.0
1753617226508,11:53:46.508,okx,AERO/USDT:USDT,0.8995,46.0,0.8994,12.0,0.8996,1.0,0.8997,1.0
1753617226708,11:53:46.708,okx,AERO/USDT:USDT,0.8995,46.0,0.8994,12.0,0.8996,1.0,0.8997,1.0
1753617226808,11:53:46.808,okx,AERO/USDT:USDT,0.8995,46.0,0.8994,12.0,0.8996,1.0,0.8997,1.0
1753617227208,11:53:47.208,okx,AERO/USDT:USDT,0.8995,46.0,0.8994,12.0,0.8996,1.0,0.8997,1.0
1753617227308,11:53:47.308,okx,AERO/USDT:USDT,0.8997,10.0,0.8996,43.0,0.8998,1.0,0.8999,14.0
1753617228208,11:53:48.208,okx,AERO/USDT:USDT,0.8997,7.0,0.8996,35.0,0.8998,1.0,0.8999,14.0
1753617228908,11:53:48.908,okx,AERO/USDT:USDT,0.8997,7.0,0.8996,43.0,0.8998,1.0,0.8999,14.0
1753617229108,11:53:49.108,okx,AERO/USDT:USDT,0.8997,7.0,0.8996,43.0,0.8998,1.0,0.8999,14.0
1753617229308,11:53:49.308,okx,AERO/USDT:USDT,0.8997,7.0,0.8996,43.0,0.8998,1.0,0.8999,3.0
1753617229908,11:53:49.908,okx,AERO/USDT:USDT,0.8997,7.0,0.8996,43.0,0.8998,1.0,0.8999,3.0
1753617230008,11:53:50.008,okx,AERO/USDT:USDT,0.8997,7.0,0.8996,43.0,0.8998,1.0,0.8999,3.0
1753617230408,11:53:50.408,okx,AERO/USDT:USDT,0.8997,7.0,0.8996,43.0,0.8998,1.0,0.8999,3.0
1753617231308,11:53:51.308,okx,AERO/USDT:USDT,0.8996,31.0,0.8994,78.0,0.8998,12.0,0.8999,14.0
1753617231608,11:53:51.608,okx,AERO/USDT:USDT,0.8995,35.0,0.8994,10.0,0.8998,12.0,0.8999,23.0
1753617231708,11:53:51.708,okx,AERO/USDT:USDT,0.8995,35.0,0.8994,10.0,0.8998,12.0,0.8999,23.0
1753617232108,11:53:52.108,okx,AERO/USDT:USDT,0.8995,35.0,0.8994,10.0,0.8998,12.0,0.8999,23.0
1753617232208,11:53:52.208,okx,AERO/USDT:USDT,0.8995,35.0,0.8994,10.0,0.8998,12.0,0.8999,23.0
1753617232608,11:53:52.608,okx,AERO/USDT:USDT,0.8995,35.0,0.8994,10.0,0.8998,12.0,0.8999,23.0
1753617232708,11:53:52.708,okx,AERO/USDT:USDT,0.8995,35.0,0.8994,10.0,0.8998,12.0,0.8999,23.0
1753617232808,11:53:52.808,okx,AERO/USDT:USDT,0.8995,35.0,0.8994,10.0,0.8998,12.0,0.8999,23.0
1753617234208,11:53:54.208,okx,AERO/USDT:USDT,0.8995,35.0,0.8994,10.0,0.8998,1.0,0.8999,23.0
1753617234508,11:53:54.508,okx,AERO/USDT:USDT,0.8995,35.0,0.8994,10.0,0.8998,12.0,0.8999,23.0
1753617235808,11:53:55.808,okx,AERO/USDT:USDT,0.8995,35.0,0.8994,10.0,0.8998,12.0,0.8999,23.0
1753617236208,11:53:56.208,okx,AERO/USDT:USDT,0.8994,52.0,0.8993,10.0,0.8998,12.0,0.8999,58.0
1753617237208,11:53:57.208,okx,AERO/USDT:USDT,0.8994,52.0,0.8993,10.0,0.8998,12.0,0.8999,58.0
1753617237408,11:53:57.408,okx,AERO/USDT:USDT,0.8994,43.0,0.8993,10.0,0.8998,21.0,0.8999,58.0
1753617237508,11:53:57.508,okx,AERO/USDT:USDT,0.8997,43.0,0.8996,12.0,0.8998,1.0,0.8999,12.0
1753617237708,11:53:57.708,okx,AERO/USDT:USDT,0.8996,30.0,0.8995,9.0,0.8998,1.0,0.8999,23.0
1753617238108,11:53:58.108,okx,AERO/USDT:USDT,0.8995,30.0,0.8994,21.0,0.8998,1.0,0.8999,15.0
1753617238308,11:53:58.308,okx,AERO/USDT:USDT,0.8995,30.0,0.8994,13.0,0.8998,4.0,0.8999,23.0
1753617238508,11:53:58.508,okx,AERO/USDT:USDT,0.8995,30.0,0.8994,13.0,0.8998,4.0,0.8999,23.0
1753617238608,11:53:58.608,okx,AERO/USDT:USDT,0.8995,30.0,0.8994,13.0,0.8998,12.0,0.8999,23.0
1753617238908,11:53:58.908,okx,AERO/USDT:USDT,0.8995,30.0,0.8994,13.0,0.8998,4.0,0.8999,23.0
1753617239708,11:53:59.708,okx,AERO/USDT:USDT,0.8995,30.0,0.8994,65.0,0.8998,12.0,0.8999,23.0
1753617240908,11:54:00.908,okx,AERO/USDT:USDT,0.8995,1.0,0.8994,63.0,0.8998,1.0,0.8999,15.0
1753617241108,11:54:01.108,okx,AERO/USDT:USDT,0.8995,1.0,0.8994,55.0,0.8998,4.0,0.8999,23.0
1753617241208,11:54:01.208,okx,AERO/USDT:USDT,0.8995,1.0,0.8994,55.0,0.8998,4.0,0.8999,23.0
1753617241408,11:54:01.408,okx,AERO/USDT:USDT,0.8995,1.0,0.8994,55.0,0.8998,4.0,0.8999,23.0
1753617241508,11:54:01.508,okx,AERO/USDT:USDT,0.8995,1.0,0.8994,55.0,0.8998,4.0,0.8999,23.0
1753617241908,11:54:01.908,okx,AERO/USDT:USDT,0.8995,1.0,0.8994,55.0,0.8998,12.0,0.8999,23.0
1753617242008,11:54:02.008,okx,AERO/USDT:USDT,0.8995,1.0,0.8994,55.0,0.8998,12.0,0.8999,23.0
1753617242308,11:54:02.308,okx,AERO/USDT:USDT,0.8995,1.0,0.8994,55.0,0.8998,12.0,0.8999,23.0
1753617242508,11:54:02.508,okx,AERO/USDT:USDT,0.8995,1.0,0.8994,55.0,0.8998,12.0,0.8999,23.0
1753617243008,11:54:03.008,okx,AERO/USDT:USDT,0.8995,1.0,0.8994,55.0,0.8998,4.0,0.8999,23.0
1753617243908,11:54:03.908,okx,AERO/USDT:USDT,0.8995,1.0,0.8994,55.0,0.8998,12.0,0.8999,23.0
1753617244308,11:54:04.308,okx,AERO/USDT:USDT,0.8995,1.0,0.8994,55.0,0.8998,12.0,0.8999,57.0
1753617244508,11:54:04.508,okx,AERO/USDT:USDT,0.8995,1.0,0.8994,55.0,0.8998,12.0,0.8999,57.0
1753617244708,11:54:04.708,okx,AERO/USDT:USDT,0.8995,1.0,0.8994,55.0,0.8998,12.0,0.8999,57.0
1753617245308,11:54:05.308,okx,AERO/USDT:USDT,0.8995,1.0,0.8994,55.0,0.8998,12.0,0.8999,57.0
1753617245408,11:54:05.408,okx,AERO/USDT:USDT,0.8995,1.0,0.8994,55.0,0.8998,12.0,0.8999,57.0
1753617245908,11:54:05.908,okx,AERO/USDT:USDT,0.8995,1.0,0.8994,55.0,0.8998,12.0,0.8999,57.0
1753617246108,11:54:06.108,okx,AERO/USDT:USDT,0.8993,39.0,0.8992,11.0,0.8997,28.0,0.8998,64.0
1753617246808,11:54:06.808,okx,AERO/USDT:USDT,0.8992,1.0,0.8991,49.0,0.8996,52.0,0.8997,27.0
1753617246908,11:54:06.908,okx,AERO/USDT:USDT,0.8992,1.0,0.8991,49.0,0.8996,52.0,0.8997,27.0
1753617247108,11:54:07.108,okx,AERO/USDT:USDT,0.8992,1.0,0.8991,49.0,0.8996,52.0,0.8997,27.0
1753617247308,11:54:07.308,okx,AERO/USDT:USDT,0.8992,1.0,0.8991,10.0,0.8995,45.0,0.8996,20.0
1753617247508,11:54:07.508,okx,AERO/USDT:USDT,0.8992,1.0,0.8991,10.0,0.8995,45.0,0.8996,20.0
1753617247608,11:54:07.608,okx,AERO/USDT:USDT,0.8992,1.0,0.8991,10.0,0.8995,43.0,0.8996,20.0
1753617247708,11:54:07.708,okx,AERO/USDT:USDT,0.8992,1.0,0.8991,10.0,0.8995,43.0,0.8996,20.0
1753617247808,11:54:07.808,okx,AERO/USDT:USDT,0.8992,1.0,0.8991,10.0,0.8995,43.0,0.8996,20.0
1753617247908,11:54:07.908,okx,AERO/USDT:USDT,0.8992,1.0,0.8991,10.0,0.8995,43.0,0.8996,20.0
1753617248008,11:54:08.008,okx,AERO/USDT:USDT,0.8992,1.0,0.8991,10.0,0.8995,43.0,0.8996,20.0
1753617248108,11:54:08.108,okx,AERO/USDT:USDT,0.8992,1.0,0.8991,10.0,0.8995,43.0,0.8996,20.0
1753617248408,11:54:08.408,okx,AERO/USDT:USDT,0.8992,1.0,0.8991,10.0,0.8995,43.0,0.8996,20.0
1753617248508,11:54:08.508,okx,AERO/USDT:USDT,0.8992,1.0,0.8991,10.0,0.8995,43.0,0.8996,20.0
1753617248608,11:54:08.608,okx,AERO/USDT:USDT,0.8992,1.0,0.8991,10.0,0.8995,43.0,0.8996,20.0
1753617249608,11:54:09.608,okx,AERO/USDT:USDT,0.8992,1.0,0.8991,10.0,0.8995,43.0,0.8996,20.0
1753617250008,11:54:10.008,okx,AERO/USDT:USDT,0.8992,1.0,0.8991,10.0,0.8995,43.0,0.8996,20.0
1753617250608,11:54:10.608,okx,AERO/USDT:USDT,0.8992,1.0,0.8991,10.0,0.8995,43.0,0.8996,20.0
1753617251308,11:54:11.308,okx,AERO/USDT:USDT,0.8992,1.0,0.8991,10.0,0.8995,43.0,0.8996,20.0
1753617251408,11:54:11.408,okx,AERO/USDT:USDT,0.8992,1.0,0.8991,10.0,0.8995,43.0,0.8996,20.0
1753617251608,11:54:11.608,okx,AERO/USDT:USDT,0.8992,1.0,0.8991,10.0,0.8995,43.0,0.8996,20.0
1753617251908,11:54:11.908,okx,AERO/USDT:USDT,0.8992,1.0,0.8991,10.0,0.8995,43.0,0.8996,20.0
1753617252208,11:54:12.208,okx,AERO/USDT:USDT,0.8992,1.0,0.8991,10.0,0.8995,43.0,0.8996,20.0
1753617252408,11:54:12.408,okx,AERO/USDT:USDT,0.8992,1.0,0.8991,10.0,0.8995,43.0,0.8996,20.0
1753617252508,11:54:12.508,okx,AERO/USDT:USDT,0.8992,1.0,0.8991,10.0,0.8995,43.0,0.8996,20.0
1753617253008,11:54:13.008,okx,AERO/USDT:USDT,0.8992,1.0,0.8991,10.0,0.8995,43.0,0.8996,20.0
1753617253208,11:54:13.208,okx,AERO/USDT:USDT,0.8992,1.0,0.8991,10.0,0.8995,43.0,0.8996,20.0
1753617253308,11:54:13.308,okx,AERO/USDT:USDT,0.8992,1.0,0.8991,10.0,0.8995,43.0,0.8996,20.0
1753617253508,11:54:13.508,okx,AERO/USDT:USDT,0.8992,1.0,0.8991,10.0,0.8995,43.0,0.8996,20.0
1753617253708,11:54:13.708,okx,AERO/USDT:USDT,0.8992,1.0,0.8991,10.0,0.8995,43.0,0.8996,20.0
1753617253908,11:54:13.908,okx,AERO/USDT:USDT,0.8992,1.0,0.8991,10.0,0.8995,43.0,0.8996,20.0
1753617254708,11:54:14.708,okx,AERO/USDT:USDT,0.8992,1.0,0.8991,10.0,0.8995,43.0,0.8996,20.0
1753617254808,11:54:14.808,okx,AERO/USDT:USDT,0.8992,1.0,0.8991,10.0,0.8995,43.0,0.8996,20.0
1753617255208,11:54:15.208,okx,AERO/USDT:USDT,0.8992,1.0,0.8991,10.0,0.8995,43.0,0.8996,20.0
1753617255408,11:54:15.408,okx,AERO/USDT:USDT,0.8992,1.0,0.8991,10.0,0.8995,43.0,0.8996,20.0
1753617255508,11:54:15.508,okx,AERO/USDT:USDT,0.8992,1.0,0.8991,10.0,0.8995,43.0,0.8996,20.0
1753617255708,11:54:15.708,okx,AERO/USDT:USDT,0.8992,1.0,0.8991,10.0,0.8995,43.0,0.8996,20.0
1753617255808,11:54:15.808,okx,AERO/USDT:USDT,0.8992,1.0,0.8991,10.0,0.8995,43.0,0.8996,20.0
1753617256008,11:54:16.008,okx,AERO/USDT:USDT,0.8992,1.0,0.8991,10.0,0.8995,43.0,0.8996,20.0
1753617256308,11:54:16.308,okx,AERO/USDT:USDT,0.8992,1.0,0.8991,10.0,0.8995,43.0,0.8996,20.0
1753617256408,11:54:16.408,okx,AERO/USDT:USDT,0.8992,1.0,0.8991,10.0,0.8995,43.0,0.8996,20.0
1753617256908,11:54:16.908,okx,AERO/USDT:USDT,0.8992,1.0,0.8991,10.0,0.8995,43.0,0.8996,20.0
1753617257208,11:54:17.208,okx,AERO/USDT:USDT,0.8992,1.0,0.8991,10.0,0.8995,43.0,0.8996,20.0
1753617257308,11:54:17.308,okx,AERO/USDT:USDT,0.8992,1.0,0.8991,10.0,0.8995,43.0,0.8996,20.0
1753617257408,11:54:17.408,okx,AERO/USDT:USDT,0.8992,1.0,0.8991,10.0,0.8995,43.0,0.8996,20.0
1753617257508,11:54:17.508,okx,AERO/USDT:USDT,0.8992,1.0,0.8991,10.0,0.8995,43.0,0.8996,20.0
1753617258208,11:54:18.208,okx,AERO/USDT:USDT,0.8992,1.0,0.8991,10.0,0.8995,43.0,0.8996,20.0
1753617258308,11:54:18.308,okx,AERO/USDT:USDT,0.8992,1.0,0.8991,10.0,0.8995,43.0,0.8996,20.0
1753617258408,11:54:18.408,okx,AERO/USDT:USDT,0.8992,1.0,0.8991,10.0,0.8995,43.0,0.8996,20.0
1753617259008,11:54:19.008,okx,AERO/USDT:USDT,0.8992,1.0,0.8991,10.0,0.8995,43.0,0.8996,20.0
1753617259608,11:54:19.608,okx,AERO/USDT:USDT,0.8992,1.0,0.8991,10.0,0.8995,43.0,0.8996,20.0
1753617259908,11:54:19.908,okx,AERO/USDT:USDT,0.8992,1.0,0.8991,10.0,0.8995,43.0,0.8996,20.0
1753617260008,11:54:20.008,okx,AERO/USDT:USDT,0.8992,1.0,0.8991,10.0,0.8995,43.0,0.8996,20.0
1753617261608,11:54:21.608,okx,AERO/USDT:USDT,0.8992,1.0,0.8991,10.0,0.8995,36.0,0.8996,20.0
1753617261808,11:54:21.808,okx,AERO/USDT:USDT,0.8992,1.0,0.8991,13.0,0.8995,36.0,0.8996,20.0
1753617262208,11:54:22.208,okx,AERO/USDT:USDT,0.8992,1.0,0.8991,13.0,0.8995,36.0,0.8996,20.0
1753617262808,11:54:22.808,okx,AERO/USDT:USDT,0.8992,1.0,0.8991,13.0,0.8995,36.0,0.8996,20.0
1753617264108,11:54:24.108,okx,AERO/USDT:USDT,0.8992,1.0,0.8991,13.0,0.8995,36.0,0.8996,20.0
1753617264508,11:54:24.508,okx,AERO/USDT:USDT,0.8992,1.0,0.8991,21.0,0.8995,36.0,0.8996,12.0
1753617264708,11:54:24.708,okx,AERO/USDT:USDT,0.8992,1.0,0.8991,21.0,0.8995,33.0,0.8996,12.0
1753617265108,11:54:25.108,okx,AERO/USDT:USDT,0.8992,1.0,0.8991,21.0,0.8995,33.0,0.8996,12.0
1753617265408,11:54:25.408,okx,AERO/USDT:USDT,0.8992,1.0,0.8991,21.0,0.8995,36.0,0.8996,12.0
1753617265808,11:54:25.808,okx,AERO/USDT:USDT,0.8992,1.0,0.8991,21.0,0.8995,33.0,0.8996,12.0
1753617265908,11:54:25.908,okx,AERO/USDT:USDT,0.8992,1.0,0.8991,21.0,0.8995,36.0,0.8996,20.0
1753617266108,11:54:26.108,okx,AERO/USDT:USDT,0.8992,1.0,0.8991,21.0,0.8995,36.0,0.8996,20.0
1753617266208,11:54:26.208,okx,AERO/USDT:USDT,0.8992,1.0,0.8991,13.0,0.8995,36.0,0.8996,20.0
1753617266408,11:54:26.408,okx,AERO/USDT:USDT,0.8992,1.0,0.8991,13.0,0.8995,36.0,0.8996,20.0
1753617266908,11:54:26.908,okx,AERO/USDT:USDT,0.8992,1.0,0.8991,13.0,0.8995,36.0,0.8996,20.0
1753617267008,11:54:27.008,okx,AERO/USDT:USDT,0.8992,1.0,0.8991,10.0,0.8995,44.0,0.8996,20.0
1753617267508,11:54:27.508,okx,AERO/USDT:USDT,0.8992,1.0,0.8991,10.0,0.8995,44.0,0.8996,20.0
1753617267708,11:54:27.708,okx,AERO/USDT:USDT,0.8992,1.0,0.8991,13.0,0.8995,36.0,0.8996,20.0
1753617267808,11:54:27.808,okx,AERO/USDT:USDT,0.8992,1.0,0.8991,21.0,0.8995,36.0,0.8996,20.0
1753617268208,11:54:28.208,okx,AERO/USDT:USDT,0.8992,1.0,0.8991,13.0,0.8995,36.0,0.8996,20.0
1753617268508,11:54:28.508,okx,AERO/USDT:USDT,0.8992,1.0,0.8991,13.0,0.8995,36.0,0.8996,20.0
1753617268708,11:54:28.708,okx,AERO/USDT:USDT,0.8992,1.0,0.8991,13.0,0.8995,36.0,0.8996,20.0
1753617268908,11:54:28.908,okx,AERO/USDT:USDT,0.8992,1.0,0.8991,10.0,0.8995,44.0,0.8996,20.0
1753617269308,11:54:29.308,okx,AERO/USDT:USDT,0.8992,1.0,0.8991,13.0,0.8995,36.0,0.8996,20.0
1753617269408,11:54:29.408,okx,AERO/USDT:USDT,0.8992,1.0,0.8991,13.0,0.8995,36.0,0.8996,20.0
1753617269508,11:54:29.508,okx,AERO/USDT:USDT,0.8992,1.0,0.8991,13.0,0.8995,36.0,0.8996,20.0
1753617270208,11:54:30.208,okx,AERO/USDT:USDT,0.8991,9.0,0.899,71.0,0.8995,44.0,0.8996,31.0
1753617270708,11:54:30.708,okx,AERO/USDT:USDT,0.8991,9.0,0.899,11.0,0.8994,55.0,0.8995,44.0
1753617271108,11:54:31.108,okx,AERO/USDT:USDT,0.8991,9.0,0.899,11.0,0.8994,55.0,0.8995,44.0
1753617271208,11:54:31.208,okx,AERO/USDT:USDT,0.8991,9.0,0.899,11.0,0.8994,55.0,0.8995,44.0
1753617271608,11:54:31.608,okx,AERO/USDT:USDT,0.899,10.0,0.8989,18.0,0.8993,53.0,0.8994,12.0
1753617272308,11:54:32.308,okx,AERO/USDT:USDT,0.899,10.0,0.8989,21.0,0.8993,44.0,0.8994,10.0
1753617272708,11:54:32.708,okx,AERO/USDT:USDT,0.899,10.0,0.8989,13.0,0.8993,44.0,0.8994,18.0
1753617273308,11:54:33.308,okx,AERO/USDT:USDT,0.899,10.0,0.8989,13.0,0.8993,44.0,0.8994,18.0
1753617273808,11:54:33.808,okx,AERO/USDT:USDT,0.8989,1.0,0.8988,52.0,0.8991,3.0,0.8992,58.0
1753617274208,11:54:34.208,okx,AERO/USDT:USDT,0.8989,1.0,0.8988,52.0,0.8991,3.0,0.8992,58.0
1753617274708,11:54:34.708,okx,AERO/USDT:USDT,0.8989,1.0,0.8988,55.0,0.8992,46.0,0.8993,19.0
1753617274808,11:54:34.808,okx,AERO/USDT:USDT,0.8989,1.0,0.8988,63.0,0.8992,46.0,0.8993,11.0
1753617274908,11:54:34.908,okx,AERO/USDT:USDT,0.8989,1.0,0.8988,55.0,0.8992,46.0,0.8993,19.0
1753617275008,11:54:35.008,okx,AERO/USDT:USDT,0.8989,1.0,0.8988,52.0,0.8992,46.0,0.8993,19.0
1753617275408,11:54:35.408,okx,AERO/USDT:USDT,0.8989,1.0,0.8988,63.0,0.8992,46.0,0.8993,22.0
1753617276008,11:54:36.008,okx,AERO/USDT:USDT,0.8989,1.0,0.8988,55.0,0.8992,49.0,0.8993,22.0
1753617276408,11:54:36.408,okx,AERO/USDT:USDT,0.8989,1.0,0.8988,55.0,0.8992,49.0,0.8993,22.0
1753617276508,11:54:36.508,okx,AERO/USDT:USDT,0.8989,1.0,0.8988,52.0,0.8992,57.0,0.8993,22.0
1753617277008,11:54:37.008,okx,AERO/USDT:USDT,0.8989,1.0,0.8988,52.0,0.8992,57.0,0.8993,22.0
1753617277108,11:54:37.108,okx,AERO/USDT:USDT,0.8989,1.0,0.8988,55.0,0.8992,46.0,0.8993,22.0
1753617277308,11:54:37.308,okx,AERO/USDT:USDT,0.8989,1.0,0.8988,52.0,0.8992,57.0,0.8993,22.0
1753617277508,11:54:37.508,okx,AERO/USDT:USDT,0.8989,1.0,0.8988,52.0,0.8992,57.0,0.8993,22.0
1753617277608,11:54:37.608,okx,AERO/USDT:USDT,0.8989,1.0,0.8988,52.0,0.8992,57.0,0.8993,22.0
1753617278408,11:54:38.408,okx,AERO/USDT:USDT,0.8989,1.0,0.8988,52.0,0.8992,57.0,0.8993,22.0
1753617278608,11:54:38.608,okx,AERO/USDT:USDT,0.8989,1.0,0.8988,52.0,0.8992,57.0,0.8993,22.0
1753617279308,11:54:39.308,okx,AERO/USDT:USDT,0.8989,1.0,0.8988,52.0,0.8992,49.0,0.8993,22.0
1753617280808,11:54:40.808,okx,AERO/USDT:USDT,0.8989,1.0,0.8988,55.0,0.8992,46.0,0.8993,22.0
1753617281008,11:54:41.008,okx,AERO/USDT:USDT,0.8989,1.0,0.8988,55.0,0.8992,46.0,0.8993,22.0
1753617281508,11:54:41.508,okx,AERO/USDT:USDT,0.8989,1.0,0.8988,55.0,0.8992,46.0,0.8993,22.0
1753617282408,11:54:42.408,okx,AERO/USDT:USDT,0.8989,1.0,0.8988,52.0,0.8992,57.0,0.8993,22.0
1753617282608,11:54:42.608,okx,AERO/USDT:USDT,0.8989,1.0,0.8988,52.0,0.8992,57.0,0.8993,22.0
1753617283108,11:54:43.108,okx,AERO/USDT:USDT,0.8989,1.0,0.8988,52.0,0.8992,57.0,0.8993,22.0
1753617283208,11:54:43.208,okx,AERO/USDT:USDT,0.8989,1.0,0.8988,52.0,0.8992,57.0,0.8993,22.0
1753617284308,11:54:44.308,okx,AERO/USDT:USDT,0.8989,1.0,0.8988,52.0,0.8992,57.0,0.8993,22.0
1753617286108,11:54:46.108,okx,AERO/USDT:USDT,0.8989,1.0,0.8988,52.0,0.8992,57.0,0.8993,22.0
1753617286208,11:54:46.208,okx,AERO/USDT:USDT,0.8989,1.0,0.8988,52.0,0.8992,57.0,0.8993,22.0
1753617286708,11:54:46.708,okx,AERO/USDT:USDT,0.8989,1.0,0.8988,52.0,0.8992,57.0,0.8993,22.0
1753617286808,11:54:46.808,okx,AERO/USDT:USDT,0.8989,1.0,0.8988,52.0,0.8992,57.0,0.8993,22.0
1753617287508,11:54:47.508,okx,AERO/USDT:USDT,0.8989,1.0,0.8988,52.0,0.8992,57.0,0.8993,22.0
1753617287908,11:54:47.908,okx,AERO/USDT:USDT,0.8989,1.0,0.8988,52.0,0.8992,57.0,0.8993,22.0
1753617288208,11:54:48.208,okx,AERO/USDT:USDT,0.8989,1.0,0.8988,52.0,0.8992,57.0,0.8993,22.0
1753617288508,11:54:48.508,okx,AERO/USDT:USDT,0.8989,1.0,0.8988,52.0,0.8992,57.0,0.8993,22.0
1753617288608,11:54:48.608,okx,AERO/USDT:USDT,0.8989,1.0,0.8988,52.0,0.8992,57.0,0.8993,22.0
1753617289908,11:54:49.908,okx,AERO/USDT:USDT,0.8989,11.0,0.8988,104.0,0.8993,50.0,0.8994,10.0
1753617290208,11:54:50.208,okx,AERO/USDT:USDT,0.8989,11.0,0.8988,104.0,0.8993,50.0,0.8994,24.0
1753617290408,11:54:50.408,okx,AERO/USDT:USDT,0.8989,11.0,0.8988,104.0,0.8993,50.0,0.8994,10.0
1753617290808,11:54:50.808,okx,AERO/USDT:USDT,0.8989,11.0,0.8988,104.0,0.8993,50.0,0.8994,18.0
1753617290908,11:54:50.908,okx,AERO/USDT:USDT,0.8989,11.0,0.8988,104.0,0.8993,50.0,0.8994,18.0
1753617291008,11:54:51.008,okx,AERO/USDT:USDT,0.8989,11.0,0.8988,104.0,0.8993,50.0,0.8994,18.0
1753617291308,11:54:51.308,okx,AERO/USDT:USDT,0.8989,11.0,0.8988,104.0,0.8993,50.0,0.8994,18.0
1753617292008,11:54:52.008,okx,AERO/USDT:USDT,0.8989,11.0,0.8988,104.0,0.8993,50.0,0.8994,18.0
1753617292608,11:54:52.608,okx,AERO/USDT:USDT,0.8989,1.0,0.8988,104.0,0.8993,50.0,0.8994,18.0
1753617292708,11:54:52.708,okx,AERO/USDT:USDT,0.8989,1.0,0.8988,104.0,0.8993,50.0,0.8994,18.0
1753617292908,11:54:52.908,okx,AERO/USDT:USDT,0.8989,1.0,0.8988,63.0,0.8993,50.0,0.8994,18.0
1753617293008,11:54:53.008,okx,AERO/USDT:USDT,0.8989,11.0,0.8988,60.0,0.8993,50.0,0.8994,10.0
1753617293108,11:54:53.108,okx,AERO/USDT:USDT,0.8989,11.0,0.8988,60.0,0.8993,50.0,0.8994,10.0
1753617293208,11:54:53.208,okx,AERO/USDT:USDT,0.8989,11.0,0.8988,60.0,0.8993,50.0,0.8994,10.0
1753617293308,11:54:53.308,okx,AERO/USDT:USDT,0.8989,11.0,0.8988,60.0,0.8993,50.0,0.8994,18.0
1753617293908,11:54:53.908,okx,AERO/USDT:USDT,0.8989,11.0,0.8988,60.0,0.8993,50.0,0.8994,10.0
1753617294208,11:54:54.208,okx,AERO/USDT:USDT,0.8989,11.0,0.8988,60.0,0.8993,50.0,0.8994,18.0
1753617294908,11:54:54.908,okx,AERO/USDT:USDT,0.8989,1.0,0.8988,52.0,0.8992,54.0,0.8993,22.0
1753617295308,11:54:55.308,okx,AERO/USDT:USDT,0.8989,1.0,0.8988,52.0,0.8992,54.0,0.8993,22.0
1753617296008,11:54:56.008,okx,AERO/USDT:USDT,0.8989,1.0,0.8988,52.0,0.8992,54.0,0.8993,22.0
1753617296608,11:54:56.608,okx,AERO/USDT:USDT,0.8989,1.0,0.8988,52.0,0.8992,54.0,0.8993,22.0
1753617297308,11:54:57.308,okx,AERO/USDT:USDT,0.8989,1.0,0.8988,52.0,0.8992,54.0,0.8993,22.0
1753617298108,11:54:58.108,okx,AERO/USDT:USDT,0.8989,1.0,0.8988,52.0,0.8992,46.0,0.8993,22.0
1753617298608,11:54:58.608,okx,AERO/USDT:USDT,0.8989,1.0,0.8988,52.0,0.8992,46.0,0.8993,22.0
1753617298708,11:54:58.708,okx,AERO/USDT:USDT,0.8989,1.0,0.8988,52.0,0.8992,46.0,0.8993,22.0
1753617299108,11:54:59.108,okx,AERO/USDT:USDT,0.8989,1.0,0.8988,52.0,0.8992,46.0,0.8993,22.0
1753617299308,11:54:59.308,okx,AERO/USDT:USDT,0.8989,1.0,0.8988,52.0,0.8992,54.0,0.8993,22.0
1753617299908,11:54:59.908,okx,AERO/USDT:USDT,0.8989,1.0,0.8988,52.0,0.8992,54.0,0.8993,22.0
1753617300508,11:55:00.508,okx,AERO/USDT:USDT,0.8989,1.0,0.8988,52.0,0.8992,54.0,0.8993,22.0
1753617301008,11:55:01.008,okx,AERO/USDT:USDT,0.8989,1.0,0.8988,52.0,0.8992,56.0,0.8993,22.0
1753617301308,11:55:01.308,okx,AERO/USDT:USDT,0.8989,1.0,0.8988,52.0,0.8992,56.0,0.8993,22.0
1753617301608,11:55:01.608,okx,AERO/USDT:USDT,0.8989,1.0,0.8988,52.0,0.8992,56.0,0.8993,22.0
1753617302108,11:55:02.108,okx,AERO/USDT:USDT,0.8989,1.0,0.8988,52.0,0.8992,56.0,0.8993,22.0
1753617302408,11:55:02.408,okx,AERO/USDT:USDT,0.8989,1.0,0.8988,52.0,0.8992,56.0,0.8993,22.0
1753617302608,11:55:02.608,okx,AERO/USDT:USDT,0.8989,1.0,0.8988,52.0,0.8992,56.0,0.8993,22.0
1753617302708,11:55:02.708,okx,AERO/USDT:USDT,0.8989,1.0,0.8988,52.0,0.8992,56.0,0.8993,22.0
1753617303308,11:55:03.308,okx,AERO/USDT:USDT,0.8989,1.0,0.8988,52.0,0.8992,56.0,0.8993,22.0
1753617304208,11:55:04.208,okx,AERO/USDT:USDT,0.8989,1.0,0.8988,55.0,0.8992,48.0,0.8993,22.0
1753617304408,11:55:04.408,okx,AERO/USDT:USDT,0.8989,1.0,0.8988,55.0,0.8992,56.0,0.8993,22.0
1753617304508,11:55:04.508,okx,AERO/USDT:USDT,0.8989,1.0,0.8988,52.0,0.8992,56.0,0.8993,22.0
1753617304608,11:55:04.608,okx,AERO/USDT:USDT,0.8989,1.0,0.8988,52.0,0.8992,56.0,0.8993,22.0
1753617304808,11:55:04.808,okx,AERO/USDT:USDT,0.8989,1.0,0.8988,51.0,0.899,47.0,0.8991,11.0
1753617305008,11:55:05.008,okx,AERO/USDT:USDT,0.8986,1.0,0.8985,9.0,0.8989,13.0,0.899,58.0
1753617305108,11:55:05.108,okx,AERO/USDT:USDT,0.8986,1.0,0.8985,9.0,0.8989,13.0,0.899,69.0
1753617305208,11:55:05.208,okx,AERO/USDT:USDT,0.8986,1.0,0.8985,9.0,0.8989,47.0,0.899,33.0
1753617305308,11:55:05.308,okx,AERO/USDT:USDT,0.8986,1.0,0.8985,9.0,0.8989,47.0,0.899,33.0
1753617305708,11:55:05.708,okx,AERO/USDT:USDT,0.8986,1.0,0.8985,9.0,0.8989,39.0,0.899,33.0
1753617305808,11:55:05.808,okx,AERO/USDT:USDT,0.8986,1.0,0.8985,9.0,0.8989,47.0,0.899,33.0
1753617305908,11:55:05.908,okx,AERO/USDT:USDT,0.8986,1.0,0.8985,20.0,0.8989,36.0,0.899,25.0
1753617306308,11:55:06.308,okx,AERO/USDT:USDT,0.8986,1.0,0.8985,9.0,0.8989,39.0,0.899,33.0
1753617306608,11:55:06.608,okx,AERO/USDT:USDT,0.8986,1.0,0.8985,9.0,0.8989,36.0,0.899,33.0
1753617306708,11:55:06.708,okx,AERO/USDT:USDT,0.8986,1.0,0.8985,9.0,0.8989,36.0,0.899,25.0
1753617306808,11:55:06.808,okx,AERO/USDT:USDT,0.8986,1.0,0.8985,9.0,0.8989,36.0,0.899,25.0
1753617308408,11:55:08.408,okx,AERO/USDT:USDT,0.8986,1.0,0.8985,20.0,0.8989,36.0,0.899,25.0
1753617308808,11:55:08.808,okx,AERO/USDT:USDT,0.8986,1.0,0.8985,12.0,0.8989,36.0,0.899,25.0
1753617308908,11:55:08.908,okx,AERO/USDT:USDT,0.8986,1.0,0.8985,12.0,0.8989,36.0,0.899,25.0
1753617309608,11:55:09.608,okx,AERO/USDT:USDT,0.8986,1.0,0.8985,12.0,0.899,61.0,0.8991,19.0
1753617309808,11:55:09.808,okx,AERO/USDT:USDT,0.8986,4.0,0.8985,20.0,0.899,47.0,0.8991,22.0
1753617310108,11:55:10.108,okx,AERO/USDT:USDT,0.8986,4.0,0.8985,20.0,0.899,47.0,0.8991,14.0
1753617310808,11:55:10.808,okx,AERO/USDT:USDT,0.8986,4.0,0.8985,20.0,0.899,47.0,0.8991,22.0
1753617311908,11:55:11.908,okx,AERO/USDT:USDT,0.8986,1.0,0.8985,20.0,0.899,50.0,0.8991,22.0
1753617312108,11:55:12.108,okx,AERO/USDT:USDT,0.8986,1.0,0.8985,12.0,0.899,50.0,0.8991,22.0
1753617312408,11:55:12.408,okx,AERO/USDT:USDT,0.8986,1.0,0.8985,12.0,0.899,50.0,0.8991,22.0
1753617312508,11:55:12.508,okx,AERO/USDT:USDT,0.8986,1.0,0.8985,12.0,0.899,58.0,0.8991,22.0
1753617312908,11:55:12.908,okx,AERO/USDT:USDT,0.8986,1.0,0.8985,12.0,0.899,58.0,0.8991,22.0
1753617313908,11:55:13.908,okx,AERO/USDT:USDT,0.8986,1.0,0.8985,9.0,0.899,58.0,0.8991,22.0
1753617314008,11:55:14.008,okx,AERO/USDT:USDT,0.8986,1.0,0.8985,9.0,0.899,58.0,0.8991,22.0
1753617314408,11:55:14.408,okx,AERO/USDT:USDT,0.8986,1.0,0.8985,9.0,0.899,58.0,0.8991,22.0
1753617314508,11:55:14.508,okx,AERO/USDT:USDT,0.8986,1.0,0.8985,9.0,0.899,58.0,0.8991,22.0
1753617315008,11:55:15.008,okx,AERO/USDT:USDT,0.8986,1.0,0.8985,9.0,0.899,58.0,0.8991,22.0
1753617315108,11:55:15.108,okx,AERO/USDT:USDT,0.8986,1.0,0.8985,9.0,0.899,58.0,0.8991,22.0
1753617315408,11:55:15.408,okx,AERO/USDT:USDT,0.8987,19.0,0.8986,56.0,0.8992,48.0,0.8993,19.0
1753617315608,11:55:15.608,okx,AERO/USDT:USDT,0.8987,10.0,0.8986,58.0,0.8991,45.0,0.8992,12.0
1753617315908,11:55:15.908,okx,AERO/USDT:USDT,0.8987,10.0,0.8986,50.0,0.8991,45.0,0.8992,20.0
1753617316008,11:55:16.008,okx,AERO/USDT:USDT,0.8987,10.0,0.8986,50.0,0.8991,45.0,0.8992,20.0
1753617316308,11:55:16.308,okx,AERO/USDT:USDT,0.8987,10.0,0.8986,47.0,0.8991,53.0,0.8992,20.0
1753617316408,11:55:16.408,okx,AERO/USDT:USDT,0.8987,10.0,0.8986,50.0,0.8991,53.0,0.8992,20.0
1753617317108,11:55:17.108,okx,AERO/USDT:USDT,0.8987,10.0,0.8986,14.0,0.8991,53.0,0.8992,20.0
1753617317608,11:55:17.608,okx,AERO/USDT:USDT,0.8987,10.0,0.8986,11.0,0.8991,53.0,0.8992,20.0
1753617318108,11:55:18.108,okx,AERO/USDT:USDT,0.8987,10.0,0.8986,14.0,0.8991,53.0,0.8992,20.0
1753617318608,11:55:18.608,okx,AERO/USDT:USDT,0.8987,10.0,0.8986,14.0,0.8991,53.0,0.8992,20.0
1753617318808,11:55:18.808,okx,AERO/USDT:USDT,0.8987,10.0,0.8986,11.0,0.8991,53.0,0.8992,20.0
1753617318908,11:55:18.908,okx,AERO/USDT:USDT,0.8987,10.0,0.8986,11.0,0.8991,53.0,0.8992,20.0
1753617319208,11:55:19.208,okx,AERO/USDT:USDT,0.8987,10.0,0.8986,11.0,0.8991,53.0,0.8992,20.0
1753617319908,11:55:19.908,okx,AERO/USDT:USDT,0.8987,10.0,0.8986,11.0,0.899,57.0,0.8991,11.0
1753617320708,11:55:20.708,okx,AERO/USDT:USDT,0.8982,1.0,0.8981,9.0,0.8986,57.0,0.8987,21.0
1753617320908,11:55:20.908,okx,AERO/USDT:USDT,0.898,1.0,0.8979,7.0,0.8984,23.0,0.8985,74.0
1753617321008,11:55:21.008,okx,AERO/USDT:USDT,0.898,1.0,0.8979,7.0,0.8983,57.0,0.8984,21.0
1753617321308,11:55:21.308,okx,AERO/USDT:USDT,0.898,1.0,0.8979,7.0,0.8983,49.0,0.8984,21.0
1753617321808,11:55:21.808,okx,AERO/USDT:USDT,0.898,1.0,0.8979,7.0,0.8983,57.0,0.8984,21.0
1753617322808,11:55:22.808,okx,AERO/USDT:USDT,0.898,1.0,0.8979,7.0,0.8983,49.0,0.8984,21.0
1753617323608,11:55:23.608,okx,AERO/USDT:USDT,0.898,1.0,0.8979,7.0,0.8983,57.0,0.8984,21.0
1753617324008,11:55:24.008,okx,AERO/USDT:USDT,0.898,1.0,0.8979,8.0,0.8983,57.0,0.8984,21.0
1753617324408,11:55:24.408,okx,AERO/USDT:USDT,0.898,19.0,0.8979,19.0,0.8984,42.0,0.8985,4.0
1753617325008,11:55:25.008,okx,AERO/USDT:USDT,0.8981,18.0,0.898,51.0,0.8986,52.0,0.8987,10.0
1753617325108,11:55:25.108,okx,AERO/USDT:USDT,0.8981,18.0,0.898,51.0,0.8986,10.0,0.8987,52.0
1753617325208,11:55:25.208,okx,AERO/USDT:USDT,0.8981,18.0,0.898,51.0,0.8986,10.0,0.8987,58.0
1753617325308,11:55:25.308,okx,AERO/USDT:USDT,0.8981,9.0,0.898,45.0,0.8985,13.0,0.8986,63.0
1753617325408,11:55:25.408,okx,AERO/USDT:USDT,0.8981,9.0,0.898,45.0,0.8985,13.0,0.8986,63.0
1753617325908,11:55:25.908,okx,AERO/USDT:USDT,0.8981,9.0,0.898,10.0,0.8985,52.0,0.8986,21.0
1753617326008,11:55:26.008,okx,AERO/USDT:USDT,0.8981,9.0,0.898,10.0,0.8985,52.0,0.8986,21.0
1753617326308,11:55:26.308,okx,AERO/USDT:USDT,0.8981,9.0,0.898,10.0,0.8985,52.0,0.8986,21.0
1753617326608,11:55:26.608,okx,AERO/USDT:USDT,0.8981,9.0,0.898,10.0,0.8985,49.0,0.8986,21.0
1753617327008,11:55:27.008,okx,AERO/USDT:USDT,0.8981,9.0,0.898,10.0,0.8985,52.0,0.8986,21.0
1753617327208,11:55:27.208,okx,AERO/USDT:USDT,0.8981,9.0,0.898,10.0,0.8985,52.0,0.8986,21.0
1753617327308,11:55:27.308,okx,AERO/USDT:USDT,0.8981,9.0,0.898,13.0,0.8985,41.0,0.8986,21.0
1753617327708,11:55:27.708,okx,AERO/USDT:USDT,0.8981,9.0,0.898,10.0,0.8985,49.0,0.8986,21.0
1753617328208,11:55:28.208,okx,AERO/USDT:USDT,0.8981,9.0,0.898,13.0,0.8985,49.0,0.8986,21.0
1753617328308,11:55:28.308,okx,AERO/USDT:USDT,0.8981,9.0,0.898,13.0,0.8985,41.0,0.8986,21.0
1753617328708,11:55:28.708,okx,AERO/USDT:USDT,0.8981,9.0,0.898,13.0,0.8985,41.0,0.8986,21.0
1753617328808,11:55:28.808,okx,AERO/USDT:USDT,0.8981,9.0,0.898,10.0,0.8985,52.0,0.8986,21.0
1753617329008,11:55:29.008,okx,AERO/USDT:USDT,0.8981,9.0,0.898,10.0,0.8985,52.0,0.8986,21.0
1753617329108,11:55:29.108,okx,AERO/USDT:USDT,0.8981,9.0,0.898,13.0,0.8985,52.0,0.8986,21.0
1753617329808,11:55:29.808,okx,AERO/USDT:USDT,0.8981,9.0,0.898,13.0,0.8985,49.0,0.8986,21.0
1753617330308,11:55:30.308,okx,AERO/USDT:USDT,0.8981,9.0,0.898,10.0,0.8985,49.0,0.8986,21.0
1753617330808,11:55:30.808,okx,AERO/USDT:USDT,0.8981,9.0,0.898,10.0,0.8984,43.0,0.8985,23.0
1753617331808,11:55:31.808,okx,AERO/USDT:USDT,0.8981,9.0,0.898,10.0,0.8984,43.0,0.8985,23.0
1753617332108,11:55:32.108,okx,AERO/USDT:USDT,0.8979,1.0,0.8978,57.0,0.8981,6.0,0.8982,500.0
1753617332608,11:55:32.608,okx,AERO/USDT:USDT,0.8978,57.0,0.8977,17.0,0.8982,500.0,0.8983,11.0
1753617332708,11:55:32.708,okx,AERO/USDT:USDT,0.8978,57.0,0.8977,17.0,0.8982,506.0,0.8983,11.0
1753617333308,11:55:33.308,okx,AERO/USDT:USDT,0.8978,57.0,0.8977,17.0,0.8982,506.0,0.8983,11.0
1753617334108,11:55:34.108,okx,AERO/USDT:USDT,0.8978,63.0,0.8977,17.0,0.8982,506.0,0.8983,49.0
1753617334408,11:55:34.408,okx,AERO/USDT:USDT,0.8978,16.0,0.8977,65.0,0.8982,500.0,0.8983,57.0
1753617334508,11:55:34.508,okx,AERO/USDT:USDT,0.8978,16.0,0.8977,65.0,0.8982,500.0,0.8983,57.0
1753617334608,11:55:34.608,okx,AERO/USDT:USDT,0.8978,16.0,0.8977,65.0,0.8982,500.0,0.8983,57.0
1753617334708,11:55:34.708,okx,AERO/USDT:USDT,0.8978,10.0,0.8977,65.0,0.8982,517.0,0.8983,57.0
1753617335008,11:55:35.008,okx,AERO/USDT:USDT,0.8978,16.0,0.8977,65.0,0.8982,506.0,0.8983,60.0
1753617335408,11:55:35.408,okx,AERO/USDT:USDT,0.8978,10.0,0.8977,65.0,0.8982,500.0,0.8983,55.0
1753617335708,11:55:35.708,okx,AERO/USDT:USDT,0.8978,10.0,0.8977,65.0,0.8982,500.0,0.8983,55.0
1753617335808,11:55:35.808,okx,AERO/USDT:USDT,0.8978,10.0,0.8977,65.0,0.8982,500.0,0.8983,63.0
1753617335908,11:55:35.908,okx,AERO/USDT:USDT,0.8978,10.0,0.8977,65.0,0.8982,500.0,0.8983,55.0
1753617336008,11:55:36.008,okx,AERO/USDT:USDT,0.8978,10.0,0.8977,65.0,0.8982,500.0,0.8983,63.0
1753617336308,11:55:36.308,okx,AERO/USDT:USDT,0.8978,10.0,0.8977,65.0,0.8982,500.0,0.8983,63.0
1753617336908,11:55:36.908,okx,AERO/USDT:USDT,0.8978,10.0,0.8977,65.0,0.8982,500.0,0.8983,63.0
1753617337008,11:55:37.008,okx,AERO/USDT:USDT,0.8978,10.0,0.8977,65.0,0.8982,500.0,0.8983,63.0
1753617337708,11:55:37.708,okx,AERO/USDT:USDT,0.8978,62.0,0.8977,17.0,0.8982,500.0,0.8983,49.0
1753617337908,11:55:37.908,okx,AERO/USDT:USDT,0.8978,62.0,0.8977,17.0,0.8982,500.0,0.8983,55.0
1753617338108,11:55:38.108,okx,AERO/USDT:USDT,0.8978,62.0,0.8977,17.0,0.8982,500.0,0.8983,55.0
1753617338808,11:55:38.808,okx,AERO/USDT:USDT,0.8978,62.0,0.8977,17.0,0.8982,500.0,0.8983,55.0
1753617338908,11:55:38.908,okx,AERO/USDT:USDT,0.8978,62.0,0.8977,17.0,0.8982,500.0,0.8983,55.0
1753617339308,11:55:39.308,okx,AERO/USDT:USDT,0.8978,62.0,0.8977,17.0,0.8982,500.0,0.8983,55.0
1753617341108,11:55:41.108,okx,AERO/USDT:USDT,0.8978,62.0,0.8977,17.0,0.8982,500.0,0.8983,63.0
1753617341408,11:55:41.408,okx,AERO/USDT:USDT,0.8978,62.0,0.8977,17.0,0.8982,500.0,0.8983,63.0
1753617341508,11:55:41.508,okx,AERO/USDT:USDT,0.8978,53.0,0.8977,17.0,0.8982,500.0,0.8983,63.0
1753617341808,11:55:41.808,okx,AERO/USDT:USDT,0.8978,53.0,0.8977,17.0,0.8982,508.0,0.8983,63.0
1753617342108,11:55:42.108,okx,AERO/USDT:USDT,0.8978,53.0,0.8977,17.0,0.8982,508.0,0.8983,63.0
1753617342408,11:55:42.408,okx,AERO/USDT:USDT,0.8978,53.0,0.8977,17.0,0.8982,508.0,0.8983,63.0
1753617342508,11:55:42.508,okx,AERO/USDT:USDT,0.8978,44.0,0.8977,17.0,0.8982,511.0,0.8983,63.0
1753617342608,11:55:42.608,okx,AERO/USDT:USDT,0.8978,1.0,0.8977,39.0,0.8981,13.0,0.8982,548.0
1753617343008,11:55:43.008,okx,AERO/USDT:USDT,0.8978,10.0,0.8977,47.0,0.8982,536.0,0.8983,14.0
1753617343208,11:55:43.208,okx,AERO/USDT:USDT,0.8978,1.0,0.8977,47.0,0.8982,544.0,0.8983,14.0
1753617343408,11:55:43.408,okx,AERO/USDT:USDT,0.8978,1.0,0.8977,47.0,0.8982,544.0,0.8983,14.0
1753617344208,11:55:44.208,okx,AERO/USDT:USDT,0.8978,1.0,0.8977,39.0,0.8982,544.0,0.8983,14.0
1753617344808,11:55:44.808,okx,AERO/USDT:USDT,0.8978,10.0,0.8977,47.0,0.8982,536.0,0.8984,45.0
1753617345008,11:55:45.008,okx,AERO/USDT:USDT,0.8978,4.0,0.8977,47.0,0.8982,536.0,0.8983,8.0
1753617345408,11:55:45.408,okx,AERO/USDT:USDT,0.8978,1.0,0.8977,39.0,0.8982,547.0,0.8983,14.0
1753617345508,11:55:45.508,okx,AERO/USDT:USDT,0.8978,1.0,0.8977,47.0,0.8982,544.0,0.8983,14.0
1753617345608,11:55:45.608,okx,AERO/USDT:USDT,0.8978,4.0,0.8977,47.0,0.8982,536.0,0.8983,14.0
1753617345808,11:55:45.808,okx,AERO/USDT:USDT,0.8978,4.0,0.8977,47.0,0.8982,536.0,0.8983,14.0
1753617346608,11:55:46.608,okx,AERO/USDT:USDT,0.8978,10.0,0.8977,47.0,0.8982,536.0,0.8984,11.0
1753617346708,11:55:46.708,okx,AERO/USDT:USDT,0.8978,19.0,0.8977,47.0,0.8982,500.0,0.8984,11.0
1753617346808,11:55:46.808,okx,AERO/USDT:USDT,0.8978,53.0,0.8977,17.0,0.8982,501.0,0.8983,46.0
1753617347008,11:55:47.008,okx,AERO/USDT:USDT,0.8978,47.0,0.8977,17.0,0.8982,509.0,0.8983,60.0
1753617347208,11:55:47.208,okx,AERO/USDT:USDT,0.8978,53.0,0.8977,20.0,0.8982,501.0,0.8983,46.0
1753617347408,11:55:47.408,okx,AERO/USDT:USDT,0.8978,53.0,0.8977,20.0,0.8982,501.0,0.8983,46.0
1753617347708,11:55:47.708,okx,AERO/USDT:USDT,0.8979,55.0,0.8978,19.0,0.8982,501.0,0.8985,56.0
1753617347908,11:55:47.908,okx,AERO/USDT:USDT,0.898,55.0,0.8979,18.0,0.8982,501.0,0.8984,1.0
1753617348208,11:55:48.208,okx,AERO/USDT:USDT,0.898,55.0,0.8979,18.0,0.8982,501.0,0.8984,7.0
1753617348308,11:55:48.308,okx,AERO/USDT:USDT,0.898,40.0,0.8979,18.0,0.8982,501.0,0.8984,18.0
1753617348408,11:55:48.408,okx,AERO/USDT:USDT,0.898,46.0,0.8979,18.0,0.8982,501.0,0.8984,18.0
1753617348808,11:55:48.808,okx,AERO/USDT:USDT,0.898,46.0,0.8979,18.0,0.8982,501.0,0.8984,18.0
1753617349508,11:55:49.508,okx,AERO/USDT:USDT,0.898,46.0,0.8979,18.0,0.8982,501.0,0.8984,18.0
1753617349808,11:55:49.808,okx,AERO/USDT:USDT,0.898,46.0,0.8979,18.0,0.8982,501.0,0.8984,18.0
1753617349908,11:55:49.908,okx,AERO/USDT:USDT,0.898,46.0,0.8979,18.0,0.8982,501.0,0.8984,18.0
1753617350908,11:55:50.908,okx,AERO/USDT:USDT,0.8978,37.0,0.8977,20.0,0.898,454.0,0.8982,19.0
1753617351008,11:55:51.008,okx,AERO/USDT:USDT,0.8978,31.0,0.8977,20.0,0.898,454.0,0.8982,19.0
1753617352108,11:55:52.108,okx,AERO/USDT:USDT,0.8978,37.0,0.8977,20.0,0.898,456.0,0.8982,29.0
1753617352608,11:55:52.608,okx,AERO/USDT:USDT,0.8978,37.0,0.8977,20.0,0.898,456.0,0.8982,29.0
1753617352708,11:55:52.708,okx,AERO/USDT:USDT,0.8978,37.0,0.8977,11.0,0.898,456.0,0.8982,29.0
1753617352908,11:55:52.908,okx,AERO/USDT:USDT,0.8978,37.0,0.8977,11.0,0.898,456.0,0.8982,29.0
1753617353008,11:55:53.008,okx,AERO/USDT:USDT,0.8978,37.0,0.8977,11.0,0.898,456.0,0.8982,29.0
1753617353108,11:55:53.108,okx,AERO/USDT:USDT,0.8978,37.0,0.8977,11.0,0.898,456.0,0.8982,29.0
1753617353208,11:55:53.208,okx,AERO/USDT:USDT,0.8978,37.0,0.8977,11.0,0.898,456.0,0.8982,29.0
1753617353608,11:55:53.608,okx,AERO/USDT:USDT,0.8978,40.0,0.8977,11.0,0.898,456.0,0.8982,29.0
1753617354808,11:55:54.808,okx,AERO/USDT:USDT,0.8978,40.0,0.8977,11.0,0.898,456.0,0.8982,23.0
1753617355208,11:55:55.208,okx,AERO/USDT:USDT,0.8978,37.0,0.8977,11.0,0.898,456.0,0.8982,23.0
1753617356608,11:55:56.608,okx,AERO/USDT:USDT,0.8978,31.0,0.8977,8.0,0.898,456.0,0.8982,23.0
1753617357308,11:55:57.308,okx,AERO/USDT:USDT,0.8976,10.0,0.8975,13.0,0.898,468.0,0.8982,56.0
1753617357408,11:55:57.408,okx,AERO/USDT:USDT,0.8976,10.0,0.8975,13.0,0.898,468.0,0.8981,8.0
1753617357608,11:55:57.608,okx,AERO/USDT:USDT,0.8976,1.0,0.8975,13.0,0.8979,2.0,0.898,476.0
1753617357808,11:55:57.808,okx,AERO/USDT:USDT,0.8977,52.0,0.8976,13.0,0.898,457.0,0.8981,8.0
1753617357908,11:55:57.908,okx,AERO/USDT:USDT,0.8977,49.0,0.8976,13.0,0.898,457.0,0.8981,8.0
1753617358008,11:55:58.008,okx,AERO/USDT:USDT,0.8977,49.0,0.8976,13.0,0.898,456.0,0.8981,8.0
1753617358808,11:55:58.808,okx,AERO/USDT:USDT,0.8977,52.0,0.8976,13.0,0.898,456.0,0.8981,1.0
1753617359008,11:55:59.008,okx,AERO/USDT:USDT,0.8977,52.0,0.8976,13.0,0.898,456.0,0.8981,9.0
1753617359308,11:55:59.308,okx,AERO/USDT:USDT,0.8977,58.0,0.8976,13.0,0.898,456.0,0.8981,1.0
1753617359508,11:55:59.508,okx,AERO/USDT:USDT,0.8977,52.0,0.8976,13.0,0.898,456.0,0.8981,1.0
1753617359908,11:55:59.908,okx,AERO/USDT:USDT,0.8977,52.0,0.8976,13.0,0.898,456.0,0.8981,1.0
1753617360108,11:56:00.108,okx,AERO/USDT:USDT,0.8977,52.0,0.8976,13.0,0.898,456.0,0.8981,1.0
1753617360208,11:56:00.208,okx,AERO/USDT:USDT,0.8977,49.0,0.8976,13.0,0.898,456.0,0.8981,9.0
1753617360408,11:56:00.408,okx,AERO/USDT:USDT,0.8977,49.0,0.8976,13.0,0.898,456.0,0.8981,9.0
1753617361108,11:56:01.108,okx,AERO/USDT:USDT,0.8977,59.0,0.8976,22.0,0.898,456.0,0.8982,56.0
1753617361308,11:56:01.308,okx,AERO/USDT:USDT,0.8977,59.0,0.8976,22.0,0.898,456.0,0.8982,56.0
1753617361508,11:56:01.508,okx,AERO/USDT:USDT,0.8977,59.0,0.8976,22.0,0.898,456.0,0.8982,56.0
1753617361708,11:56:01.708,okx,AERO/USDT:USDT,0.8977,59.0,0.8976,22.0,0.898,456.0,0.8982,57.0
1753617362008,11:56:02.008,okx,AERO/USDT:USDT,0.8977,59.0,0.8976,22.0,0.898,456.0,0.8982,57.0
1753617362708,11:56:02.708,okx,AERO/USDT:USDT,0.8977,59.0,0.8976,22.0,0.898,456.0,0.8982,57.0
1753617363408,11:56:03.408,okx,AERO/USDT:USDT,0.8977,59.0,0.8976,22.0,0.898,456.0,0.8982,57.0
1753617363808,11:56:03.808,okx,AERO/USDT:USDT,0.8977,59.0,0.8976,22.0,0.898,456.0,0.8982,57.0
1753617363908,11:56:03.908,okx,AERO/USDT:USDT,0.8977,59.0,0.8976,22.0,0.898,456.0,0.8982,57.0
1753617364508,11:56:04.508,okx,AERO/USDT:USDT,0.8977,59.0,0.8976,22.0,0.898,456.0,0.8982,57.0
1753617365108,11:56:05.108,okx,AERO/USDT:USDT,0.8977,59.0,0.8976,22.0,0.898,456.0,0.8982,57.0
1753617365408,11:56:05.408,okx,AERO/USDT:USDT,0.8977,59.0,0.8976,77.0,0.898,456.0,0.8982,57.0
1753617365508,11:56:05.508,okx,AERO/USDT:USDT,0.8977,52.0,0.8976,77.0,0.898,456.0,0.8982,57.0
1753617365708,11:56:05.708,okx,AERO/USDT:USDT,0.8977,59.0,0.8976,22.0,0.898,456.0,0.8982,57.0
1753617365808,11:56:05.808,okx,AERO/USDT:USDT,0.8977,59.0,0.8976,22.0,0.898,456.0,0.8982,57.0
1753617366908,11:56:06.908,okx,AERO/USDT:USDT,0.8977,59.0,0.8976,22.0,0.898,456.0,0.8982,57.0
1753617367008,11:56:07.008,okx,AERO/USDT:USDT,0.8977,52.0,0.8976,22.0,0.898,456.0,0.8981,8.0
1753617367208,11:56:07.208,okx,AERO/USDT:USDT,0.8977,52.0,0.8976,22.0,0.898,456.0,0.8981,8.0
1753617367308,11:56:07.308,okx,AERO/USDT:USDT,0.8977,52.0,0.8976,22.0,0.898,456.0,0.8981,8.0
1753617367508,11:56:07.508,okx,AERO/USDT:USDT,0.8977,49.0,0.8976,22.0,0.898,456.0,0.8981,8.0
1753617367808,11:56:07.808,okx,AERO/USDT:USDT,0.8976,64.0,0.8975,13.0,0.898,456.0,0.8981,49.0
1753617367908,11:56:07.908,okx,AERO/USDT:USDT,0.8976,64.0,0.8975,13.0,0.898,456.0,0.8981,49.0
1753617368708,11:56:08.708,okx,AERO/USDT:USDT,0.8976,64.0,0.8975,13.0,0.898,456.0,0.8981,41.0
1753617368908,11:56:08.908,okx,AERO/USDT:USDT,0.8976,64.0,0.8975,13.0,0.898,456.0,0.8981,41.0
1753617369008,11:56:09.008,okx,AERO/USDT:USDT,0.8976,64.0,0.8975,13.0,0.898,456.0,0.8981,41.0
1753617369408,11:56:09.408,okx,AERO/USDT:USDT,0.8976,64.0,0.8975,18.0,0.898,456.0,0.8981,41.0
1753617369508,11:56:09.508,okx,AERO/USDT:USDT,0.8977,54.0,0.8976,21.0,0.898,456.0,0.8981,41.0
1753617369808,11:56:09.808,okx,AERO/USDT:USDT,0.8977,54.0,0.8976,21.0,0.898,456.0,0.8981,41.0
1753617369908,11:56:09.908,okx,AERO/USDT:USDT,0.8977,54.0,0.8976,21.0,0.898,456.0,0.8981,41.0
1753617370208,11:56:10.208,okx,AERO/USDT:USDT,0.8977,54.0,0.8976,76.0,0.898,456.0,0.8981,41.0
1753617370608,11:56:10.608,okx,AERO/USDT:USDT,0.8977,54.0,0.8976,76.0,0.898,456.0,0.8981,41.0
1753617371608,11:56:11.608,okx,AERO/USDT:USDT,0.8977,54.0,0.8976,76.0,0.898,456.0,0.8982,44.0
1753617371708,11:56:11.708,okx,AERO/USDT:USDT,0.8977,54.0,0.8976,76.0,0.898,456.0,0.8982,44.0
1753617372508,11:56:12.508,okx,AERO/USDT:USDT,0.8978,48.0,0.8977,10.0,0.898,456.0,0.8982,45.0
1753617372608,11:56:12.608,okx,AERO/USDT:USDT,0.8978,41.0,0.8977,11.0,0.898,456.0,0.8982,44.0
1753617372808,11:56:12.808,okx,AERO/USDT:USDT,0.8978,38.0,0.8977,3.0,0.898,456.0,0.8982,53.0
1753617373408,11:56:13.408,okx,AERO/USDT:USDT,0.8978,41.0,0.8977,11.0,0.898,456.0,0.8982,45.0
1753617373508,11:56:13.508,okx,AERO/USDT:USDT,0.8978,41.0,0.8977,11.0,0.898,456.0,0.8982,45.0
1753617373608,11:56:13.608,okx,AERO/USDT:USDT,0.8978,41.0,0.8977,11.0,0.898,456.0,0.8982,45.0
1753617373708,11:56:13.708,okx,AERO/USDT:USDT,0.8978,41.0,0.8977,11.0,0.898,456.0,0.8982,45.0
1753617376308,11:56:16.308,okx,AERO/USDT:USDT,0.8978,48.0,0.8977,11.0,0.898,456.0,0.8982,45.0
1753617376508,11:56:16.508,okx,AERO/USDT:USDT,0.8978,48.0,0.8977,11.0,0.898,456.0,0.8982,45.0
1753617376608,11:56:16.608,okx,AERO/USDT:USDT,0.8978,48.0,0.8977,11.0,0.898,456.0,0.8982,45.0
1753617376708,11:56:16.708,okx,AERO/USDT:USDT,0.8979,43.0,0.8978,10.0,0.898,456.0,0.8982,12.0
1753617377308,11:56:17.308,okx,AERO/USDT:USDT,0.8979,36.0,0.8978,10.0,0.898,456.0,0.8982,12.0
1753617377508,11:56:17.508,okx,AERO/USDT:USDT,0.8979,43.0,0.8978,10.0,0.898,457.0,0.8982,12.0
1753617377808,11:56:17.808,okx,AERO/USDT:USDT,0.8979,36.0,0.8978,10.0,0.898,457.0,0.8982,12.0
1753617378208,11:56:18.208,okx,AERO/USDT:USDT,0.8979,36.0,0.8978,10.0,0.898,457.0,0.8982,12.0
1753617378308,11:56:18.308,okx,AERO/USDT:USDT,0.8979,43.0,0.8978,10.0,0.898,457.0,0.8982,12.0
1753617378508,11:56:18.508,okx,AERO/USDT:USDT,0.8979,43.0,0.8978,10.0,0.898,457.0,0.8982,12.0
1753617379008,11:56:19.008,okx,AERO/USDT:USDT,0.8979,43.0,0.8978,10.0,0.898,457.0,0.8982,12.0
1753617379108,11:56:19.108,okx,AERO/USDT:USDT,0.8979,43.0,0.8978,10.0,0.898,457.0,0.8982,12.0
1753617379508,11:56:19.508,okx,AERO/USDT:USDT,0.8979,33.0,0.8978,10.0,0.898,457.0,0.8982,12.0
1753617379708,11:56:19.708,okx,AERO/USDT:USDT,0.8979,10.0,0.8978,45.0,0.898,457.0,0.8982,12.0
1753617380208,11:56:20.208,okx,AERO/USDT:USDT,0.8979,10.0,0.8978,45.0,0.898,457.0,0.8982,12.0
1753617380608,11:56:20.608,okx,AERO/USDT:USDT,0.8979,10.0,0.8978,45.0,0.898,457.0,0.8982,12.0
1753617380708,11:56:20.708,okx,AERO/USDT:USDT,0.8979,10.0,0.8978,45.0,0.898,457.0,0.8982,50.0
1753617381008,11:56:21.008,okx,AERO/USDT:USDT,0.8978,35.0,0.8977,8.0,0.898,457.0,0.8981,8.0
1753617381808,11:56:21.808,okx,AERO/USDT:USDT,0.8976,107.0,0.8975,39.0,0.898,465.0,0.8981,46.0
1753617381908,11:56:21.908,okx,AERO/USDT:USDT,0.8976,52.0,0.8975,39.0,0.898,457.0,0.8981,38.0
1753617382008,11:56:22.008,okx,AERO/USDT:USDT,0.8976,53.0,0.8975,39.0,0.898,457.0,0.8981,38.0
1753617382108,11:56:22.108,okx,AERO/USDT:USDT,0.8976,53.0,0.8975,39.0,0.898,465.0,0.8981,38.0
1753617382408,11:56:22.408,okx,AERO/USDT:USDT,0.8976,53.0,0.8975,39.0,0.898,465.0,0.8981,38.0
1753617382508,11:56:22.508,okx,AERO/USDT:USDT,0.8976,53.0,0.8975,39.0,0.898,457.0,0.8981,38.0
1753617382608,11:56:22.608,okx,AERO/USDT:USDT,0.8976,53.0,0.8975,39.0,0.898,457.0,0.8981,38.0
1753617383208,11:56:23.208,okx,AERO/USDT:USDT,0.8976,52.0,0.8975,39.0,0.898,457.0,0.8981,38.0
1753617383508,11:56:23.508,okx,AERO/USDT:USDT,0.8976,52.0,0.8975,39.0,0.898,457.0,0.8981,38.0
1753617383608,11:56:23.608,okx,AERO/USDT:USDT,0.8976,52.0,0.8975,39.0,0.898,457.0,0.8981,38.0
1753617383908,11:56:23.908,okx,AERO/USDT:USDT,0.8976,55.0,0.8975,39.0,0.898,457.0,0.8981,38.0
1753617384108,11:56:24.108,okx,AERO/USDT:USDT,0.8976,55.0,0.8975,39.0,0.898,457.0,0.8981,38.0
1753617384508,11:56:24.508,okx,AERO/USDT:USDT,0.8976,55.0,0.8975,39.0,0.898,457.0,0.8981,38.0
1753617384608,11:56:24.608,okx,AERO/USDT:USDT,0.8976,55.0,0.8975,39.0,0.898,457.0,0.8981,38.0
1753617384708,11:56:24.708,okx,AERO/USDT:USDT,0.8976,55.0,0.8975,39.0,0.898,457.0,0.8981,38.0
1753617384808,11:56:24.808,okx,AERO/USDT:USDT,0.8976,55.0,0.8975,39.0,0.898,457.0,0.8981,38.0
1753617385208,11:56:25.208,okx,AERO/USDT:USDT,0.8976,55.0,0.8975,39.0,0.898,457.0,0.8981,38.0
1753617385308,11:56:25.308,okx,AERO/USDT:USDT,0.8976,55.0,0.8975,39.0,0.898,457.0,0.8981,38.0
1753617385408,11:56:25.408,okx,AERO/USDT:USDT,0.8976,55.0,0.8975,39.0,0.898,457.0,0.8981,38.0
1753617385508,11:56:25.508,okx,AERO/USDT:USDT,0.8976,55.0,0.8975,39.0,0.898,460.0,0.8981,38.0
1753617385808,11:56:25.808,okx,AERO/USDT:USDT,0.8976,55.0,0.8975,39.0,0.898,460.0,0.8981,38.0
1753617385908,11:56:25.908,okx,AERO/USDT:USDT,0.8976,55.0,0.8975,39.0,0.898,460.0,0.8981,38.0
1753617387008,11:56:27.008,okx,AERO/USDT:USDT,0.8976,55.0,0.8975,39.0,0.898,460.0,0.8981,38.0
1753617387108,11:56:27.108,okx,AERO/USDT:USDT,0.8976,55.0,0.8975,39.0,0.898,460.0,0.8981,38.0
1753617387608,11:56:27.608,okx,AERO/USDT:USDT,0.8976,55.0,0.8975,39.0,0.898,460.0,0.8981,38.0
1753617389508,11:56:29.508,okx,AERO/USDT:USDT,0.8976,55.0,0.8975,39.0,0.898,460.0,0.8981,38.0
1753617390108,11:56:30.108,okx,AERO/USDT:USDT,0.8976,56.0,0.8975,39.0,0.898,460.0,0.8981,38.0
1753617390408,11:56:30.408,okx,AERO/USDT:USDT,0.8976,45.0,0.8975,5.0,0.898,511.0,0.8982,61.0
1753617390708,11:56:30.708,okx,AERO/USDT:USDT,0.8976,1.0,0.8975,5.0,0.8979,53.0,0.898,515.0
1753617390908,11:56:30.908,okx,AERO/USDT:USDT,0.8976,1.0,0.8974,2.0,0.8977,51.0,0.8978,21.0
1753617391008,11:56:31.008,okx,AERO/USDT:USDT,0.8976,1.0,0.8974,2.0,0.8977,40.0,0.8978,21.0
1753617391208,11:56:31.208,okx,AERO/USDT:USDT,0.8976,1.0,0.8974,2.0,0.8977,40.0,0.8978,21.0
1753617391808,11:56:31.808,okx,AERO/USDT:USDT,0.8976,1.0,0.8974,33.0,0.8978,49.0,0.8979,20.0
1753617392008,11:56:32.008,okx,AERO/USDT:USDT,0.8976,1.0,0.8974,33.0,0.8978,49.0,0.8979,20.0
1753617392308,11:56:32.308,okx,AERO/USDT:USDT,0.8976,1.0,0.8974,33.0,0.8978,49.0,0.8979,20.0
1753617392508,11:56:32.508,okx,AERO/USDT:USDT,0.8976,1.0,0.8974,33.0,0.8978,49.0,0.8979,20.0
1753617392608,11:56:32.608,okx,AERO/USDT:USDT,0.8976,1.0,0.8974,33.0,0.8978,49.0,0.8979,20.0
1753617392708,11:56:32.708,okx,AERO/USDT:USDT,0.8976,1.0,0.8974,33.0,0.8978,49.0,0.8979,20.0
1753617393508,11:56:33.508,okx,AERO/USDT:USDT,0.8976,1.0,0.8974,33.0,0.8978,49.0,0.8979,20.0
1753617393808,11:56:33.808,okx,AERO/USDT:USDT,0.8976,1.0,0.8974,33.0,0.8978,57.0,0.8979,20.0
1753617393908,11:56:33.908,okx,AERO/USDT:USDT,0.8974,1.0,0.8973,35.0,0.8976,21.0,0.8977,21.0
1753617394408,11:56:34.408,okx,AERO/USDT:USDT,0.8974,1.0,0.8973,5.0,0.8976,68.0,0.8977,21.0
1753617394908,11:56:34.908,okx,AERO/USDT:USDT,0.8974,1.0,0.8973,5.0,0.8976,57.0,0.8977,21.0
1753617395008,11:56:35.008,okx,AERO/USDT:USDT,0.8974,1.0,0.8973,5.0,0.8976,57.0,0.8977,21.0
1753617395308,11:56:35.308,okx,AERO/USDT:USDT,0.8974,1.0,0.8973,5.0,0.8976,57.0,0.8977,21.0
1753617395908,11:56:35.908,okx,AERO/USDT:USDT,0.8974,1.0,0.8973,5.0,0.8976,68.0,0.8977,21.0
1753617396108,11:56:36.108,okx,AERO/USDT:USDT,0.8974,1.0,0.8973,5.0,0.8976,68.0,0.8977,21.0
1753617396208,11:56:36.208,okx,AERO/USDT:USDT,0.8974,1.0,0.8973,5.0,0.8976,60.0,0.8977,21.0
1753617397008,11:56:37.008,okx,AERO/USDT:USDT,0.8973,5.0,0.8972,4.0,0.8976,68.0,0.8977,21.0
1753617397108,11:56:37.108,okx,AERO/USDT:USDT,0.8973,5.0,0.8972,4.0,0.8975,43.0,0.8976,21.0
1753617398708,11:56:38.708,okx,AERO/USDT:USDT,0.8973,5.0,0.8972,14.0,0.8976,68.0,0.8977,21.0
1753617399108,11:56:39.108,okx,AERO/USDT:USDT,0.8973,5.0,0.8972,14.0,0.8975,58.0,0.8976,22.0
1753617399208,11:56:39.208,okx,AERO/USDT:USDT,0.8973,5.0,0.8972,14.0,0.8975,58.0,0.8976,22.0
1753617399808,11:56:39.808,okx,AERO/USDT:USDT,0.8973,5.0,0.8972,14.0,0.8975,47.0,0.8976,14.0
1753617399908,11:56:39.908,okx,AERO/USDT:USDT,0.8973,5.0,0.8972,14.0,0.8975,47.0,0.8976,14.0
1753617400008,11:56:40.008,okx,AERO/USDT:USDT,0.8973,5.0,0.8972,14.0,0.8975,47.0,0.8976,22.0
1753617400308,11:56:40.308,okx,AERO/USDT:USDT,0.8973,5.0,0.8972,14.0,0.8975,58.0,0.8976,22.0
1753617400608,11:56:40.608,okx,AERO/USDT:USDT,0.8973,13.0,0.8972,25.0,0.8975,47.0,0.8976,11.0
1753617402408,11:56:42.408,okx,AERO/USDT:USDT,0.8973,65.0,0.8972,31.0,0.8977,10.0,0.8978,41.0
1753617402708,11:56:42.708,okx,AERO/USDT:USDT,0.8973,65.0,0.8972,86.0,0.8977,10.0,0.8978,41.0
1753617403108,11:56:43.108,okx,AERO/USDT:USDT,0.8973,57.0,0.8972,86.0,0.8977,10.0,0.8978,49.0
1753617403308,11:56:43.308,okx,AERO/USDT:USDT,0.8973,57.0,0.8972,86.0,0.8977,10.0,0.8978,49.0
1753617403508,11:56:43.508,okx,AERO/USDT:USDT,0.8973,65.0,0.8972,31.0,0.8977,10.0,0.8978,49.0
1753617403908,11:56:43.908,okx,AERO/USDT:USDT,0.8973,65.0,0.8972,31.0,0.8977,10.0,0.8978,49.0
1753617404008,11:56:44.008,okx,AERO/USDT:USDT,0.8973,65.0,0.8972,86.0,0.8977,10.0,0.8978,49.0
1753617404308,11:56:44.308,okx,AERO/USDT:USDT,0.8973,65.0,0.8972,86.0,0.8977,10.0,0.8978,41.0
1753617404508,11:56:44.508,okx,AERO/USDT:USDT,0.8973,57.0,0.8972,86.0,0.8977,10.0,0.8978,49.0
1753617404608,11:56:44.608,okx,AERO/USDT:USDT,0.8973,57.0,0.8972,86.0,0.8977,10.0,0.8978,49.0
1753617405108,11:56:45.108,okx,AERO/USDT:USDT,0.8973,65.0,0.8972,86.0,0.8977,10.0,0.8978,49.0
1753617405408,11:56:45.408,okx,AERO/USDT:USDT,0.8973,65.0,0.8972,86.0,0.8977,10.0,0.8978,41.0
1753617405608,11:56:45.608,okx,AERO/USDT:USDT,0.8973,65.0,0.8972,86.0,0.8977,10.0,0.8978,49.0
1753617405708,11:56:45.708,okx,AERO/USDT:USDT,0.8973,65.0,0.8972,86.0,0.8977,10.0,0.8978,49.0
1753617405908,11:56:45.908,okx,AERO/USDT:USDT,0.8973,65.0,0.8972,86.0,0.8977,10.0,0.8978,49.0
1753617406008,11:56:46.008,okx,AERO/USDT:USDT,0.8973,65.0,0.8972,31.0,0.8977,10.0,0.8978,49.0
1753617406208,11:56:46.208,okx,AERO/USDT:USDT,0.8973,65.0,0.8972,86.0,0.8977,10.0,0.8978,41.0
1753617406308,11:56:46.308,okx,AERO/USDT:USDT,0.8973,65.0,0.8972,86.0,0.8977,10.0,0.8978,49.0
1753617406708,11:56:46.708,okx,AERO/USDT:USDT,0.8973,65.0,0.8972,86.0,0.8977,10.0,0.8978,49.0
1753617406908,11:56:46.908,okx,AERO/USDT:USDT,0.8973,57.0,0.8972,86.0,0.8977,10.0,0.8978,49.0
1753617407208,11:56:47.208,okx,AERO/USDT:USDT,0.8973,57.0,0.8972,86.0,0.8977,10.0,0.8978,49.0
1753617407308,11:56:47.308,okx,AERO/USDT:USDT,0.8974,49.0,0.8973,17.0,0.8977,18.0,0.8978,52.0
1753617407408,11:56:47.408,okx,AERO/USDT:USDT,0.8974,49.0,0.8973,17.0,0.8977,18.0,0.8978,52.0
1753617407508,11:56:47.508,okx,AERO/USDT:USDT,0.8974,49.0,0.8973,17.0,0.8977,18.0,0.8978,52.0
1753617408408,11:56:48.408,okx,AERO/USDT:USDT,0.8974,60.0,0.8973,25.0,0.8977,10.0,0.8978,41.0
1753617409008,11:56:49.008,okx,AERO/USDT:USDT,0.8974,49.0,0.8973,17.0,0.8977,10.0,0.8978,52.0
1753617409708,11:56:49.708,okx,AERO/USDT:USDT,0.8974,60.0,0.8973,25.0,0.8977,10.0,0.8978,41.0
1753617410308,11:56:50.308,okx,AERO/USDT:USDT,0.8974,60.0,0.8973,25.0,0.8977,10.0,0.8978,52.0
1753617410408,11:56:50.408,okx,AERO/USDT:USDT,0.8974,49.0,0.8973,25.0,0.8977,10.0,0.8978,52.0
1753617412008,11:56:52.008,okx,AERO/USDT:USDT,0.8974,60.0,0.8973,25.0,0.8977,10.0,0.8978,41.0
1753617412108,11:56:52.108,okx,AERO/USDT:USDT,0.8974,60.0,0.8973,25.0,0.8977,10.0,0.8978,41.0
1753617412308,11:56:52.308,okx,AERO/USDT:USDT,0.8974,60.0,0.8973,25.0,0.8977,10.0,0.8978,41.0
1753617413208,11:56:53.208,okx,AERO/USDT:USDT,0.8974,49.0,0.8973,14.0,0.8977,18.0,0.8978,52.0
1753617413708,11:56:53.708,okx,AERO/USDT:USDT,0.8974,49.0,0.8973,17.0,0.8977,18.0,0.8978,52.0
1753617414008,11:56:54.008,okx,AERO/USDT:USDT,0.8974,49.0,0.8973,25.0,0.8977,10.0,0.8978,52.0
1753617414108,11:56:54.108,okx,AERO/USDT:USDT,0.8974,49.0,0.8973,25.0,0.8977,10.0,0.8978,52.0
1753617414508,11:56:54.508,okx,AERO/USDT:USDT,0.8974,49.0,0.8973,14.0,0.8977,10.0,0.8978,52.0
1753617414608,11:56:54.608,okx,AERO/USDT:USDT,0.8974,49.0,0.8973,14.0,0.8977,21.0,0.8978,52.0
1753617414708,11:56:54.708,okx,AERO/USDT:USDT,0.8974,49.0,0.8973,17.0,0.8977,18.0,0.8978,52.0
1753617414808,11:56:54.808,okx,AERO/USDT:USDT,0.8974,49.0,0.8973,25.0,0.8977,10.0,0.8978,52.0
1753617416308,11:56:56.308,okx,AERO/USDT:USDT,0.8973,51.0,0.8972,14.0,0.8977,21.0,0.8978,52.0
1753617417008,11:56:57.008,okx,AERO/USDT:USDT,0.8973,51.0,0.8972,20.0,0.8977,21.0,0.8978,52.0
1753617417608,11:56:57.608,okx,AERO/USDT:USDT,0.8973,51.0,0.8972,28.0,0.8977,21.0,0.8978,52.0
1753617418208,11:56:58.208,okx,AERO/USDT:USDT,0.8973,51.0,0.8972,20.0,0.8977,21.0,0.8978,52.0
1753617418408,11:56:58.408,okx,AERO/USDT:USDT,0.8973,51.0,0.8972,14.0,0.8977,21.0,0.8978,52.0
1753617419108,11:56:59.108,okx,AERO/USDT:USDT,0.8974,57.0,0.8973,25.0,0.8977,10.0,0.8978,50.0
1753617419208,11:56:59.208,okx,AERO/USDT:USDT,0.8974,57.0,0.8973,25.0,0.8977,10.0,0.8978,50.0
1753617420008,11:57:00.008,okx,AERO/USDT:USDT,0.8974,49.0,0.8973,25.0,0.8977,10.0,0.8978,61.0
1753617420108,11:57:00.108,okx,AERO/USDT:USDT,0.8974,57.0,0.8973,25.0,0.8977,10.0,0.8978,50.0
1753617420208,11:57:00.208,okx,AERO/USDT:USDT,0.8974,57.0,0.8973,25.0,0.8977,10.0,0.8978,50.0
1753617420408,11:57:00.408,okx,AERO/USDT:USDT,0.8974,112.0,0.8973,25.0,0.8977,10.0,0.8978,53.0
1753617420508,11:57:00.508,okx,AERO/USDT:USDT,0.8974,57.0,0.8973,25.0,0.8977,10.0,0.8978,53.0
1753617421008,11:57:01.008,okx,AERO/USDT:USDT,0.8974,46.0,0.8973,25.0,0.8976,1.0,0.8977,10.0
1753617421308,11:57:01.308,okx,AERO/USDT:USDT,0.8974,46.0,0.8973,14.0,0.8976,1.0,0.8977,10.0
1753617421708,11:57:01.708,okx,AERO/USDT:USDT,0.8975,32.0,0.8974,12.0,0.8976,1.0,0.8977,10.0
1753617422008,11:57:02.008,okx,AERO/USDT:USDT,0.8975,29.0,0.8974,4.0,0.8976,1.0,0.8977,10.0
1753617422108,11:57:02.108,okx,AERO/USDT:USDT,0.8975,32.0,0.8974,12.0,0.8976,1.0,0.8977,10.0
1753617422908,11:57:02.908,okx,AERO/USDT:USDT,0.8974,20.0,0.8973,119.0,0.8978,9.0,0.8979,49.0
1753617423208,11:57:03.208,okx,AERO/USDT:USDT,0.8974,20.0,0.8973,119.0,0.8978,9.0,0.8979,49.0
1753617423308,11:57:03.308,okx,AERO/USDT:USDT,0.8975,40.0,0.8974,21.0,0.8978,9.0,0.8979,49.0
1753617424708,11:57:04.708,okx,AERO/USDT:USDT,0.8975,40.0,0.8974,21.0,0.8978,9.0,0.8979,9.0
1753617425308,11:57:05.308,okx,AERO/USDT:USDT,0.8975,40.0,0.8974,21.0,0.8978,9.0,0.8979,9.0
1753617425408,11:57:05.408,okx,AERO/USDT:USDT,0.8975,40.0,0.8974,21.0,0.8978,9.0,0.8979,9.0
1753617425508,11:57:05.508,okx,AERO/USDT:USDT,0.8975,40.0,0.8974,21.0,0.8978,9.0,0.8979,9.0
1753617425608,11:57:05.608,okx,AERO/USDT:USDT,0.8975,40.0,0.8974,21.0,0.8978,9.0,0.8979,9.0
1753617425708,11:57:05.708,okx,AERO/USDT:USDT,0.8975,32.0,0.8974,21.0,0.8978,9.0,0.8979,42.0
1753617426008,11:57:06.008,okx,AERO/USDT:USDT,0.8975,40.0,0.8974,21.0,0.8978,9.0,0.8979,9.0
1753617426408,11:57:06.408,okx,AERO/USDT:USDT,0.8975,40.0,0.8974,21.0,0.8978,9.0,0.8979,42.0
1753617426508,11:57:06.508,okx,AERO/USDT:USDT,0.8975,40.0,0.8974,21.0,0.8978,9.0,0.8979,42.0
1753617426808,11:57:06.808,okx,AERO/USDT:USDT,0.8975,40.0,0.8974,21.0,0.8978,9.0,0.8979,42.0
1753617426908,11:57:06.908,okx,AERO/USDT:USDT,0.8975,40.0,0.8974,21.0,0.8978,9.0,0.8979,42.0
1753617427908,11:57:07.908,okx,AERO/USDT:USDT,0.8975,29.0,0.8974,21.0,0.8978,9.0,0.8979,50.0
1753617428608,11:57:08.608,okx,AERO/USDT:USDT,0.8975,29.0,0.8974,21.0,0.8978,9.0,0.8979,42.0
1753617429408,11:57:09.408,okx,AERO/USDT:USDT,0.8975,32.0,0.8974,21.0,0.8978,13.0,0.8979,42.0
1753617429508,11:57:09.508,okx,AERO/USDT:USDT,0.8975,32.0,0.8974,21.0,0.8978,13.0,0.8979,42.0
1753617429908,11:57:09.908,okx,AERO/USDT:USDT,0.8975,32.0,0.8974,21.0,0.8978,13.0,0.8979,42.0
1753617430108,11:57:10.108,okx,AERO/USDT:USDT,0.8975,40.0,0.8974,21.0,0.8978,13.0,0.8979,42.0
1753617430608,11:57:10.608,okx,AERO/USDT:USDT,0.8975,40.0,0.8974,21.0,0.8978,13.0,0.8979,42.0
1753617431108,11:57:11.108,okx,AERO/USDT:USDT,0.8975,40.0,0.8974,21.0,0.8978,13.0,0.8979,42.0
1753617431208,11:57:11.208,okx,AERO/USDT:USDT,0.8975,40.0,0.8974,21.0,0.8978,13.0,0.8979,42.0
1753617431308,11:57:11.308,okx,AERO/USDT:USDT,0.8975,32.0,0.8974,21.0,0.8978,13.0,0.8979,42.0
1753617431608,11:57:11.608,okx,AERO/USDT:USDT,0.8975,32.0,0.8974,21.0,0.8978,13.0,0.8979,42.0
1753617431708,11:57:11.708,okx,AERO/USDT:USDT,0.8975,40.0,0.8974,21.0,0.8978,13.0,0.8979,42.0
1753617432908,11:57:12.908,okx,AERO/USDT:USDT,0.8975,32.0,0.8974,21.0,0.8978,13.0,0.8979,50.0
1753617433308,11:57:13.308,okx,AERO/USDT:USDT,0.8975,29.0,0.8974,21.0,0.8978,13.0,0.8979,50.0
1753617433508,11:57:13.508,okx,AERO/USDT:USDT,0.8975,29.0,0.8974,13.0,0.8978,25.0,0.8979,53.0
1753617433908,11:57:13.908,okx,AERO/USDT:USDT,0.8975,29.0,0.8974,13.0,0.8978,25.0,0.8979,53.0
1753617434108,11:57:14.108,okx,AERO/USDT:USDT,0.8975,29.0,0.8974,13.0,0.8978,25.0,0.8979,53.0
1753617434608,11:57:14.608,okx,AERO/USDT:USDT,0.8975,29.0,0.8974,21.0,0.8978,17.0,0.8979,50.0
1753617434708,11:57:14.708,okx,AERO/USDT:USDT,0.8975,29.0,0.8974,13.0,0.8978,17.0,0.8979,53.0
1753617434808,11:57:14.808,okx,AERO/USDT:USDT,0.8975,29.0,0.8974,13.0,0.8978,17.0,0.8979,53.0
1753617434908,11:57:14.908,okx,AERO/USDT:USDT,0.8975,32.0,0.8974,21.0,0.8978,17.0,0.8979,42.0
1753617435808,11:57:15.808,okx,AERO/USDT:USDT,0.8974,53.0,0.8973,14.0,0.8978,67.0,0.8979,20.0
1753617436108,11:57:16.108,okx,AERO/USDT:USDT,0.8974,9.0,0.8973,58.0,0.8978,67.0,0.8979,20.0
1753617436308,11:57:16.308,okx,AERO/USDT:USDT,0.8974,9.0,0.8973,58.0,0.8978,67.0,0.8979,20.0
1753617436808,11:57:16.808,okx,AERO/USDT:USDT,0.8974,9.0,0.8973,66.0,0.8978,67.0,0.8979,20.0
1753617437008,11:57:17.008,okx,AERO/USDT:USDT,0.8974,9.0,0.8973,58.0,0.8978,67.0,0.8979,20.0
1753617437508,11:57:17.508,okx,AERO/USDT:USDT,0.8974,9.0,0.8973,58.0,0.8978,67.0,0.8979,20.0
1753617437808,11:57:17.808,okx,AERO/USDT:USDT,0.8974,9.0,0.8973,58.0,0.8978,67.0,0.8979,20.0
1753617438008,11:57:18.008,okx,AERO/USDT:USDT,0.8974,59.0,0.8973,28.0,0.8978,17.0,0.8979,46.0
1753617438108,11:57:18.108,okx,AERO/USDT:USDT,0.8974,59.0,0.8973,28.0,0.8978,17.0,0.8979,46.0
1753617438208,11:57:18.208,okx,AERO/USDT:USDT,0.8974,59.0,0.8973,28.0,0.8978,17.0,0.8979,54.0
1753617438308,11:57:18.308,okx,AERO/USDT:USDT,0.8974,59.0,0.8973,28.0,0.8978,17.0,0.8979,46.0
1753617438408,11:57:18.408,okx,AERO/USDT:USDT,0.8974,59.0,0.8973,28.0,0.8978,17.0,0.8979,46.0
1753617438708,11:57:18.708,okx,AERO/USDT:USDT,0.8974,59.0,0.8973,28.0,0.8978,17.0,0.8979,46.0
1753617438908,11:57:18.908,okx,AERO/USDT:USDT,0.8974,59.0,0.8973,28.0,0.8978,17.0,0.8979,46.0
1753617439108,11:57:19.108,okx,AERO/USDT:USDT,0.8975,50.0,0.8974,20.0,0.8978,17.0,0.8979,9.0
1753617439308,11:57:19.308,okx,AERO/USDT:USDT,0.8975,50.0,0.8974,20.0,0.8978,17.0,0.8979,9.0
1753617440708,11:57:20.708,okx,AERO/USDT:USDT,0.8975,50.0,0.8974,20.0,0.8978,17.0,0.8979,9.0
1753617440908,11:57:20.908,okx,AERO/USDT:USDT,0.8975,50.0,0.8974,20.0,0.8978,17.0,0.8979,9.0
1753617441308,11:57:21.308,okx,AERO/USDT:USDT,0.8975,50.0,0.8974,20.0,0.8978,17.0,0.8979,9.0
1753617442108,11:57:22.108,okx,AERO/USDT:USDT,0.8976,41.0,0.8975,20.0,0.8978,8.0,0.8979,9.0
1753617442608,11:57:22.608,okx,AERO/USDT:USDT,0.8976,52.0,0.8975,20.0,0.8978,8.0,0.8979,9.0
1753617442708,11:57:22.708,okx,AERO/USDT:USDT,0.8976,52.0,0.8975,20.0,0.8978,8.0,0.8979,9.0
1753617443208,11:57:23.208,okx,AERO/USDT:USDT,0.8976,52.0,0.8975,20.0,0.8978,8.0,0.8979,9.0
1753617443708,11:57:23.708,okx,AERO/USDT:USDT,0.8976,52.0,0.8975,20.0,0.8978,8.0,0.8979,9.0
1753617444008,11:57:24.008,okx,AERO/USDT:USDT,0.8976,52.0,0.8975,20.0,0.8978,8.0,0.8979,9.0
1753617445508,11:57:25.508,okx,AERO/USDT:USDT,0.8976,44.0,0.8975,20.0,0.8978,8.0,0.8979,9.0
1753617445708,11:57:25.708,okx,AERO/USDT:USDT,0.8976,41.0,0.8975,20.0,0.8978,8.0,0.8979,9.0
1753617445808,11:57:25.808,okx,AERO/USDT:USDT,0.8976,41.0,0.8975,9.0,0.8978,8.0,0.8979,17.0
1753617446408,11:57:26.408,okx,AERO/USDT:USDT,0.8974,43.0,0.8973,28.0,0.8978,19.0,0.8979,48.0
1753617446508,11:57:26.508,okx,AERO/USDT:USDT,0.8974,43.0,0.8973,83.0,0.8978,19.0,0.8979,48.0
1753617446708,11:57:26.708,okx,AERO/USDT:USDT,0.8974,43.0,0.8973,83.0,0.8978,19.0,0.8979,45.0
1753617447608,11:57:27.608,okx,AERO/USDT:USDT,0.8974,43.0,0.8973,28.0,0.8978,19.0,0.8979,45.0
1753617448208,11:57:28.208,okx,AERO/USDT:USDT,0.8974,54.0,0.8973,83.0,0.8978,8.0,0.8979,45.0
1753617448908,11:57:28.908,okx,AERO/USDT:USDT,0.8974,43.0,0.8973,83.0,0.8978,16.0,0.8979,45.0
1753617449108,11:57:29.108,okx,AERO/USDT:USDT,0.8974,43.0,0.8973,83.0,0.8978,16.0,0.8979,45.0
1753617449908,11:57:29.908,okx,AERO/USDT:USDT,0.8974,54.0,0.8973,83.0,0.8978,8.0,0.8979,45.0
1753617450008,11:57:30.008,okx,AERO/USDT:USDT,0.8974,54.0,0.8973,83.0,0.8978,8.0,0.8979,45.0
1753617450208,11:57:30.208,okx,AERO/USDT:USDT,0.8974,43.0,0.8973,83.0,0.8978,16.0,0.8979,45.0
1753617450308,11:57:30.308,okx,AERO/USDT:USDT,0.8974,43.0,0.8973,83.0,0.8978,16.0,0.8979,45.0
1753617450508,11:57:30.508,okx,AERO/USDT:USDT,0.8974,54.0,0.8973,83.0,0.8978,8.0,0.8979,45.0
1753617450608,11:57:30.608,okx,AERO/USDT:USDT,0.8974,46.0,0.8973,83.0,0.8978,16.0,0.8979,45.0
1753617450708,11:57:30.708,okx,AERO/USDT:USDT,0.8974,46.0,0.8973,83.0,0.8978,16.0,0.8979,45.0
1753617450908,11:57:30.908,okx,AERO/USDT:USDT,0.8974,46.0,0.8973,83.0,0.8978,16.0,0.8979,45.0
1753617451308,11:57:31.308,okx,AERO/USDT:USDT,0.8974,46.0,0.8973,83.0,0.8978,16.0,0.8979,45.0
1753617451408,11:57:31.408,okx,AERO/USDT:USDT,0.8974,46.0,0.8973,83.0,0.8978,16.0,0.8979,45.0
1753617452008,11:57:32.008,okx,AERO/USDT:USDT,0.8974,54.0,0.8973,83.0,0.8978,8.0,0.8979,45.0
1753617452108,11:57:32.108,okx,AERO/USDT:USDT,0.8974,54.0,0.8973,83.0,0.8978,8.0,0.8979,45.0
1753617452508,11:57:32.508,okx,AERO/USDT:USDT,0.8974,46.0,0.8973,83.0,0.8978,16.0,0.8979,45.0
1753617452608,11:57:32.608,okx,AERO/USDT:USDT,0.8974,46.0,0.8973,83.0,0.8978,16.0,0.8979,45.0
1753617454908,11:57:34.908,okx,AERO/USDT:USDT,0.8974,46.0,0.8973,83.0,0.8978,16.0,0.8979,45.0
1753617455408,11:57:35.408,okx,AERO/USDT:USDT,0.8974,54.0,0.8973,83.0,0.8978,8.0,0.8979,45.0
1753617455608,11:57:35.608,okx,AERO/USDT:USDT,0.8974,43.0,0.8973,83.0,0.8978,16.0,0.8979,45.0
1753617455908,11:57:35.908,okx,AERO/USDT:USDT,0.8974,54.0,0.8973,83.0,0.8978,8.0,0.8979,37.0
1753617456008,11:57:36.008,okx,AERO/USDT:USDT,0.8974,54.0,0.8973,83.0,0.8978,8.0,0.8979,37.0
1753617456408,11:57:36.408,okx,AERO/USDT:USDT,0.8975,30.0,0.8974,20.0,0.8978,8.0,0.8979,37.0
1753617456608,11:57:36.608,okx,AERO/USDT:USDT,0.8975,30.0,0.8974,20.0,0.8978,8.0,0.8979,45.0
1753617456708,11:57:36.708,okx,AERO/USDT:USDT,0.8975,27.0,0.8974,12.0,0.8978,16.0,0.8979,48.0
1753617456808,11:57:36.808,okx,AERO/USDT:USDT,0.8974,36.0,0.8973,116.0,0.8978,19.0,0.8979,48.0
1753617457208,11:57:37.208,okx,AERO/USDT:USDT,0.8974,36.0,0.8973,77.0,0.8978,50.0,0.8979,20.0
1753617457908,11:57:37.908,okx,AERO/USDT:USDT,0.8974,36.0,0.8973,14.0,0.8978,50.0,0.8979,20.0
1753617458208,11:57:38.208,okx,AERO/USDT:USDT,0.8974,9.0,0.8973,53.0,0.8977,51.0,0.8978,19.0
1753617458508,11:57:38.508,okx,AERO/USDT:USDT,0.8974,9.0,0.8973,53.0,0.8977,51.0,0.8978,19.0
1753617458608,11:57:38.608,okx,AERO/USDT:USDT,0.8974,9.0,0.8973,53.0,0.8977,51.0,0.8978,19.0
1753617459208,11:57:39.208,okx,AERO/USDT:USDT,0.8974,9.0,0.8973,53.0,0.8977,51.0,0.8978,19.0
1753617459408,11:57:39.408,okx,AERO/USDT:USDT,0.8974,9.0,0.8973,53.0,0.8977,51.0,0.8978,19.0
1753617459508,11:57:39.508,okx,AERO/USDT:USDT,0.8974,9.0,0.8973,53.0,0.8977,51.0,0.8978,19.0
1753617459708,11:57:39.708,okx,AERO/USDT:USDT,0.8974,9.0,0.8973,53.0,0.8977,51.0,0.8978,19.0
1753617459808,11:57:39.808,okx,AERO/USDT:USDT,0.8974,9.0,0.8973,53.0,0.8977,51.0,0.8978,19.0
1753617460008,11:57:40.008,okx,AERO/USDT:USDT,0.8974,9.0,0.8973,53.0,0.8977,51.0,0.8978,19.0
1753617460308,11:57:40.308,okx,AERO/USDT:USDT,0.8974,9.0,0.8973,53.0,0.8977,51.0,0.8978,19.0
1753617460508,11:57:40.508,okx,AERO/USDT:USDT,0.8974,67.0,0.8973,25.0,0.8978,8.0,0.8979,59.0
1753617460808,11:57:40.808,okx,AERO/USDT:USDT,0.8974,67.0,0.8973,25.0,0.8978,8.0,0.8979,59.0
1753617461008,11:57:41.008,okx,AERO/USDT:USDT,0.8974,67.0,0.8973,25.0,0.8978,8.0,0.8979,59.0
1753617461208,11:57:41.208,okx,AERO/USDT:USDT,0.8974,67.0,0.8973,25.0,0.8978,8.0,0.8979,59.0
1753617461908,11:57:41.908,okx,AERO/USDT:USDT,0.8974,67.0,0.8973,25.0,0.8978,8.0,0.8979,51.0
1753617462308,11:57:42.308,okx,AERO/USDT:USDT,0.8975,56.0,0.8974,20.0,0.8978,8.0,0.8979,51.0
1753617462408,11:57:42.408,okx,AERO/USDT:USDT,0.8975,56.0,0.8974,20.0,0.8978,8.0,0.8979,9.0
1753617462508,11:57:42.508,okx,AERO/USDT:USDT,0.8976,56.0,0.8975,11.0,0.8978,8.0,0.8979,9.0
1753617462708,11:57:42.708,okx,AERO/USDT:USDT,0.8976,56.0,0.8975,11.0,0.8978,8.0,0.8979,9.0
1753617463108,11:57:43.108,okx,AERO/USDT:USDT,0.8976,56.0,0.8975,11.0,0.8978,8.0,0.8979,9.0
1753617463608,11:57:43.608,okx,AERO/USDT:USDT,0.8976,56.0,0.8975,11.0,0.8978,8.0,0.8979,9.0
1753617464208,11:57:44.208,okx,AERO/USDT:USDT,0.8976,45.0,0.8975,11.0,0.8978,8.0,0.8979,9.0
1753617464708,11:57:44.708,okx,AERO/USDT:USDT,0.8976,45.0,0.8975,11.0,0.8978,8.0,0.8979,9.0
1753617465308,11:57:45.308,okx,AERO/USDT:USDT,0.8976,56.0,0.8975,11.0,0.8978,8.0,0.8979,9.0
1753617465408,11:57:45.408,okx,AERO/USDT:USDT,0.8976,56.0,0.8975,11.0,0.8978,8.0,0.8979,9.0
1753617465908,11:57:45.908,okx,AERO/USDT:USDT,0.8978,10.0,0.8977,47.0,0.898,458.0,0.8981,38.0
1753617466208,11:57:46.208,okx,AERO/USDT:USDT,0.8978,7.0,0.8977,47.0,0.898,458.0,0.8982,50.0
1753617466308,11:57:46.308,okx,AERO/USDT:USDT,0.8978,7.0,0.8977,47.0,0.898,458.0,0.8982,50.0
1753617466408,11:57:46.408,okx,AERO/USDT:USDT,0.8978,7.0,0.8977,39.0,0.898,458.0,0.8981,8.0
1753617466508,11:57:46.508,okx,AERO/USDT:USDT,0.8978,7.0,0.8977,39.0,0.898,458.0,0.8981,8.0
1753617466608,11:57:46.608,okx,AERO/USDT:USDT,0.8978,7.0,0.8977,47.0,0.898,458.0,0.8982,50.0
1753617467008,11:57:47.008,okx,AERO/USDT:USDT,0.8978,7.0,0.8977,47.0,0.898,458.0,0.8982,50.0
1753617467408,11:57:47.408,okx,AERO/USDT:USDT,0.8978,7.0,0.8977,36.0,0.898,458.0,0.8981,11.0
1753617468308,11:57:48.308,okx,AERO/USDT:USDT,0.8976,55.0,0.8975,17.0,0.898,460.0,0.8981,40.0
1753617468608,11:57:48.608,okx,AERO/USDT:USDT,0.8976,55.0,0.8975,17.0,0.898,460.0,0.8981,40.0
1753617468708,11:57:48.708,okx,AERO/USDT:USDT,0.8976,55.0,0.8975,17.0,0.898,460.0,0.8981,40.0
1753617468908,11:57:48.908,okx,AERO/USDT:USDT,0.8976,55.0,0.8975,17.0,0.898,460.0,0.8981,40.0
1753617469008,11:57:49.008,okx,AERO/USDT:USDT,0.8976,55.0,0.8975,17.0,0.898,460.0,0.8981,40.0
1753617469108,11:57:49.108,okx,AERO/USDT:USDT,0.8976,55.0,0.8975,17.0,0.898,460.0,0.8981,40.0
1753617469408,11:57:49.408,okx,AERO/USDT:USDT,0.8976,55.0,0.8975,17.0,0.898,460.0,0.8981,40.0
1753617469608,11:57:49.608,okx,AERO/USDT:USDT,0.8976,55.0,0.8975,17.0,0.898,460.0,0.8981,40.0
1753617470008,11:57:50.008,okx,AERO/USDT:USDT,0.8976,55.0,0.8975,17.0,0.898,460.0,0.8981,40.0
1753617470108,11:57:50.108,okx,AERO/USDT:USDT,0.8976,55.0,0.8975,17.0,0.898,460.0,0.8981,40.0
1753617470708,11:57:50.708,okx,AERO/USDT:USDT,0.8976,55.0,0.8975,17.0,0.898,460.0,0.8981,40.0
1753617470808,11:57:50.808,okx,AERO/USDT:USDT,0.8976,55.0,0.8975,17.0,0.898,460.0,0.8981,40.0
1753617471108,11:57:51.108,okx,AERO/USDT:USDT,0.8976,55.0,0.8975,17.0,0.898,460.0,0.8981,40.0
1753617472008,11:57:52.008,okx,AERO/USDT:USDT,0.8976,55.0,0.8975,17.0,0.898,460.0,0.8981,40.0
1753617472908,11:57:52.908,okx,AERO/USDT:USDT,0.8976,47.0,0.8975,17.0,0.898,469.0,0.8981,40.0
1753617473508,11:57:53.508,okx,AERO/USDT:USDT,0.8976,47.0,0.8975,17.0,0.898,469.0,0.8981,40.0
1753617474108,11:57:54.108,okx,AERO/USDT:USDT,0.8976,55.0,0.8975,17.0,0.898,461.0,0.8981,40.0
1753617474708,11:57:54.708,okx,AERO/USDT:USDT,0.8976,55.0,0.8975,17.0,0.898,461.0,0.8981,40.0
1753617475208,11:57:55.208,okx,AERO/USDT:USDT,0.8976,44.0,0.8975,17.0,0.898,469.0,0.8981,40.0
1753617475808,11:57:55.808,okx,AERO/USDT:USDT,0.8976,55.0,0.8975,17.0,0.898,461.0,0.8981,40.0
1753617477108,11:57:57.108,okx,AERO/USDT:USDT,0.8976,55.0,0.8975,17.0,0.898,461.0,0.8981,40.0
1753617477408,11:57:57.408,okx,AERO/USDT:USDT,0.8976,55.0,0.8975,17.0,0.898,461.0,0.8981,40.0
1753617478008,11:57:58.008,okx,AERO/USDT:USDT,0.8978,57.0,0.8977,11.0,0.898,461.0,0.8982,59.0
1753617478208,11:57:58.208,okx,AERO/USDT:USDT,0.8978,57.0,0.8977,11.0,0.898,461.0,0.8982,59.0
1753617478308,11:57:58.308,okx,AERO/USDT:USDT,0.8978,57.0,0.8977,11.0,0.898,461.0,0.8982,59.0
1753617478408,11:57:58.408,okx,AERO/USDT:USDT,0.8978,57.0,0.8977,11.0,0.898,461.0,0.8982,59.0
1753617479008,11:57:59.008,okx,AERO/USDT:USDT,0.8978,57.0,0.8977,11.0,0.898,461.0,0.8982,59.0
1753617479408,11:57:59.408,okx,AERO/USDT:USDT,0.8978,49.0,0.8977,11.0,0.898,461.0,0.8982,59.0
1753617479608,11:57:59.608,okx,AERO/USDT:USDT,0.8978,49.0,0.8977,11.0,0.898,461.0,0.8982,59.0
1753617479908,11:57:59.908,okx,AERO/USDT:USDT,0.8978,49.0,0.8977,11.0,0.898,461.0,0.8982,59.0
1753617480608,11:58:00.608,okx,AERO/USDT:USDT,0.8978,54.0,0.8977,11.0,0.8979,2.0,0.898,461.0
1753617480708,11:58:00.708,okx,AERO/USDT:USDT,0.8978,54.0,0.8977,11.0,0.8979,2.0,0.898,461.0
1753617481108,11:58:01.108,okx,AERO/USDT:USDT,0.8978,54.0,0.8977,11.0,0.8979,2.0,0.898,461.0
1753617481808,11:58:01.808,okx,AERO/USDT:USDT,0.8978,54.0,0.8977,11.0,0.8979,2.0,0.898,461.0
1753617482408,11:58:02.408,okx,AERO/USDT:USDT,0.8978,54.0,0.8977,11.0,0.8979,2.0,0.898,461.0
1753617483908,11:58:03.908,okx,AERO/USDT:USDT,0.8978,46.0,0.8977,11.0,0.8979,2.0,0.898,461.0
1753617484408,11:58:04.408,okx,AERO/USDT:USDT,0.8978,57.0,0.8977,11.0,0.8979,2.0,0.898,461.0
1753617485008,11:58:05.008,okx,AERO/USDT:USDT,0.8978,57.0,0.8977,11.0,0.8979,2.0,0.898,461.0
1753617485108,11:58:05.108,okx,AERO/USDT:USDT,0.8978,57.0,0.8977,11.0,0.8979,2.0,0.898,461.0
1753617485208,11:58:05.208,okx,AERO/USDT:USDT,0.8978,57.0,0.8977,11.0,0.8979,2.0,0.898,461.0
1753617485408,11:58:05.408,okx,AERO/USDT:USDT,0.8978,57.0,0.8977,11.0,0.8979,2.0,0.898,461.0
1753617486208,11:58:06.208,okx,AERO/USDT:USDT,0.8978,57.0,0.8977,11.0,0.8979,2.0,0.898,461.0
1753617486308,11:58:06.308,okx,AERO/USDT:USDT,0.8978,57.0,0.8977,11.0,0.8979,2.0,0.898,461.0
1753617486408,11:58:06.408,okx,AERO/USDT:USDT,0.8978,57.0,0.8977,11.0,0.8979,2.0,0.898,461.0
1753617487608,11:58:07.608,okx,AERO/USDT:USDT,0.8978,57.0,0.8977,11.0,0.8979,2.0,0.898,462.0
1753617488208,11:58:08.208,okx,AERO/USDT:USDT,0.8978,57.0,0.8977,11.0,0.8979,2.0,0.898,462.0
1753617488708,11:58:08.708,okx,AERO/USDT:USDT,0.8978,57.0,0.8977,66.0,0.8979,2.0,0.898,462.0
1753617488808,11:58:08.808,okx,AERO/USDT:USDT,0.8978,57.0,0.8977,66.0,0.8979,2.0,0.898,462.0
1753617489508,11:58:09.508,okx,AERO/USDT:USDT,0.8978,57.0,0.8977,66.0,0.8979,2.0,0.898,462.0
1753617489608,11:58:09.608,okx,AERO/USDT:USDT,0.8978,57.0,0.8977,11.0,0.8979,2.0,0.898,462.0
1753617489708,11:58:09.708,okx,AERO/USDT:USDT,0.8979,11.0,0.8978,58.0,0.8982,1.0,0.8983,57.0
1753617489808,11:58:09.808,okx,AERO/USDT:USDT,0.8978,47.0,0.8977,64.0,0.8982,18.0,0.8983,57.0
1753617490008,11:58:10.008,okx,AERO/USDT:USDT,0.8978,50.0,0.8977,64.0,0.8982,46.0,0.8983,9.0
1753617490108,11:58:10.108,okx,AERO/USDT:USDT,0.8978,50.0,0.8977,64.0,0.8982,46.0,0.8983,9.0
1753617490208,11:58:10.208,okx,AERO/USDT:USDT,0.8978,46.0,0.8977,64.0,0.8982,38.0,0.8983,9.0
1753617493408,11:58:13.408,okx,AERO/USDT:USDT,0.8977,55.0,0.8976,66.0,0.8982,49.0,0.8983,9.0
1753617493808,11:58:13.808,okx,AERO/USDT:USDT,0.8977,55.0,0.8976,11.0,0.8982,49.0,0.8983,9.0
1753617494008,11:58:14.008,okx,AERO/USDT:USDT,0.8977,55.0,0.8976,11.0,0.8982,49.0,0.8983,9.0
1753617494708,11:58:14.708,okx,AERO/USDT:USDT,0.8977,44.0,0.8976,66.0,0.8981,60.0,0.8982,19.0
1753617494908,11:58:14.908,okx,AERO/USDT:USDT,0.8977,9.0,0.8976,115.0,0.8981,60.0,0.8982,19.0
1753617495108,11:58:15.108,okx,AERO/USDT:USDT,0.8977,9.0,0.8976,60.0,0.8981,60.0,0.8982,19.0
1753617495508,11:58:15.508,okx,AERO/USDT:USDT,0.8977,9.0,0.8976,60.0,0.8981,60.0,0.8982,19.0
1753617495908,11:58:15.908,okx,AERO/USDT:USDT,0.8977,9.0,0.8976,60.0,0.8981,60.0,0.8982,19.0
1753617496208,11:58:16.208,okx,AERO/USDT:USDT,0.8977,39.0,0.8976,19.0,0.8981,52.0,0.8982,19.0
1753617496308,11:58:16.308,okx,AERO/USDT:USDT,0.8977,39.0,0.8976,19.0,0.8981,52.0,0.8982,19.0
1753617496808,11:58:16.808,okx,AERO/USDT:USDT,0.8977,39.0,0.8976,11.0,0.8981,60.0,0.8982,19.0
1753617497008,11:58:17.008,okx,AERO/USDT:USDT,0.8977,39.0,0.8976,74.0,0.8981,60.0,0.8982,19.0
1753617497208,11:58:17.208,okx,AERO/USDT:USDT,0.8977,39.0,0.8976,66.0,0.8981,60.0,0.8982,19.0
1753617497408,11:58:17.408,okx,AERO/USDT:USDT,0.8977,39.0,0.8976,74.0,0.8981,58.0,0.8982,19.0
1753617497608,11:58:17.608,okx,AERO/USDT:USDT,0.8977,39.0,0.8976,66.0,0.8981,61.0,0.8982,19.0
1753617497708,11:58:17.708,okx,AERO/USDT:USDT,0.8977,39.0,0.8976,66.0,0.8981,61.0,0.8982,25.0
1753617498408,11:58:18.408,okx,AERO/USDT:USDT,0.8977,39.0,0.8976,66.0,0.8981,62.0,0.8982,25.0
1753617498508,11:58:18.508,okx,AERO/USDT:USDT,0.8977,39.0,0.8976,66.0,0.8981,62.0,0.8982,25.0
1753617498608,11:58:18.608,okx,AERO/USDT:USDT,0.8977,39.0,0.8976,66.0,0.8981,62.0,0.8982,19.0
1753617499008,11:58:19.008,okx,AERO/USDT:USDT,0.8977,39.0,0.8976,66.0,0.8981,62.0,0.8982,19.0
1753617499608,11:58:19.608,okx,AERO/USDT:USDT,0.8977,39.0,0.8976,66.0,0.8981,62.0,0.8982,19.0
1753617499708,11:58:19.708,okx,AERO/USDT:USDT,0.8977,39.0,0.8976,66.0,0.8981,62.0,0.8982,19.0
1753617500308,11:58:20.308,okx,AERO/USDT:USDT,0.8976,47.0,0.8975,9.0,0.898,13.0,0.8981,68.0
1753617500708,11:58:20.708,okx,AERO/USDT:USDT,0.8976,47.0,0.8975,9.0,0.898,13.0,0.8981,68.0
1753617501308,11:58:21.308,okx,AERO/USDT:USDT,0.8976,47.0,0.8975,9.0,0.898,13.0,0.8981,68.0
1753617501408,11:58:21.408,okx,AERO/USDT:USDT,0.8976,47.0,0.8975,9.0,0.898,13.0,0.8981,68.0
1753617501908,11:58:21.908,okx,AERO/USDT:USDT,0.8976,47.0,0.8975,9.0,0.898,13.0,0.8981,68.0
1753617502008,11:58:22.008,okx,AERO/USDT:USDT,0.8976,47.0,0.8975,9.0,0.898,13.0,0.8981,68.0
1753617502108,11:58:22.108,okx,AERO/USDT:USDT,0.8976,47.0,0.8975,9.0,0.898,13.0,0.8981,68.0
1753617502508,11:58:22.508,okx,AERO/USDT:USDT,0.8976,47.0,0.8975,9.0,0.898,13.0,0.8981,68.0
1753617502608,11:58:22.608,okx,AERO/USDT:USDT,0.8976,47.0,0.8975,9.0,0.898,13.0,0.8981,68.0
1753617503008,11:58:23.008,okx,AERO/USDT:USDT,0.8976,47.0,0.8975,9.0,0.898,13.0,0.8981,68.0
1753617503208,11:58:23.208,okx,AERO/USDT:USDT,0.8976,47.0,0.8975,9.0,0.898,13.0,0.8981,68.0
1753617503408,11:58:23.408,okx,AERO/USDT:USDT,0.8976,1.0,0.8974,22.0,0.8979,20.0,0.898,22.0
1753617504108,11:58:24.108,okx,AERO/USDT:USDT,0.8976,1.0,0.8974,35.0,0.8977,21.0,0.8978,65.0
1753617504408,11:58:24.408,okx,AERO/USDT:USDT,0.8976,1.0,0.8974,35.0,0.8977,21.0,0.8978,65.0
1753617504508,11:58:24.508,okx,AERO/USDT:USDT,0.8976,1.0,0.8974,35.0,0.8977,21.0,0.8978,65.0
1753617504708,11:58:24.708,okx,AERO/USDT:USDT,0.8976,1.0,0.8974,35.0,0.8977,21.0,0.8978,65.0
1753617505008,11:58:25.008,okx,AERO/USDT:USDT,0.8976,1.0,0.8974,35.0,0.8977,21.0,0.8978,65.0
1753617505708,11:58:25.708,okx,AERO/USDT:USDT,0.8976,1.0,0.8975,3.0,0.8977,10.0,0.8978,9.0
1753617505908,11:58:25.908,okx,AERO/USDT:USDT,0.8976,12.0,0.8975,70.0,0.8979,9.0,0.898,49.0
1753617506408,11:58:26.408,okx,AERO/USDT:USDT,0.8976,4.0,0.8975,70.0,0.8979,9.0,0.898,52.0
1753617506808,11:58:26.808,okx,AERO/USDT:USDT,0.8976,1.0,0.8975,59.0,0.8979,17.0,0.898,60.0
1753617507608,11:58:27.608,okx,AERO/USDT:USDT,0.8976,1.0,0.8975,62.0,0.8979,9.0,0.898,60.0
1753617507708,11:58:27.708,okx,AERO/USDT:USDT,0.8976,1.0,0.8975,70.0,0.8979,9.0,0.898,60.0
1753617508008,11:58:28.008,okx,AERO/USDT:USDT,0.8976,1.0,0.8975,25.0,0.8979,9.0,0.898,60.0
1753617508108,11:58:28.108,okx,AERO/USDT:USDT,0.8976,55.0,0.8975,20.0,0.8979,9.0,0.898,52.0
1753617508508,11:58:28.508,okx,AERO/USDT:USDT,0.8976,44.0,0.8975,20.0,0.8979,9.0,0.898,60.0
1753617509708,11:58:29.708,okx,AERO/USDT:USDT,0.8976,1.0,0.8975,12.0,0.8979,12.0,0.898,60.0
1753617510108,11:58:30.108,okx,AERO/USDT:USDT,0.8976,12.0,0.8975,20.0,0.8979,9.0,0.898,52.0
1753617510908,11:58:30.908,okx,AERO/USDT:USDT,0.8976,1.0,0.8975,12.0,0.8979,12.0,0.898,60.0
1753617511208,11:58:31.208,okx,AERO/USDT:USDT,0.8976,1.0,0.8975,12.0,0.8979,9.0,0.898,60.0
1753617512008,11:58:32.008,okx,AERO/USDT:USDT,0.8976,53.0,0.8975,20.0,0.898,11.0,0.8981,44.0
1753617512408,11:58:32.408,okx,AERO/USDT:USDT,0.8976,53.0,0.8975,20.0,0.898,11.0,0.8981,44.0
1753617512608,11:58:32.608,okx,AERO/USDT:USDT,0.8976,62.0,0.8975,20.0,0.898,11.0,0.8981,11.0
1753617512908,11:58:32.908,okx,AERO/USDT:USDT,0.8976,62.0,0.8975,20.0,0.898,11.0,0.8981,11.0
1753617513208,11:58:33.208,okx,AERO/USDT:USDT,0.8976,62.0,0.8975,20.0,0.898,11.0,0.8981,11.0
1753617513308,11:58:33.308,okx,AERO/USDT:USDT,0.8976,62.0,0.8975,20.0,0.898,11.0,0.8981,11.0
1753617513708,11:58:33.708,okx,AERO/USDT:USDT,0.8976,62.0,0.8975,20.0,0.898,11.0,0.8981,11.0
1753617514508,11:58:34.508,okx,AERO/USDT:USDT,0.8976,62.0,0.8975,20.0,0.898,11.0,0.8981,11.0
1753617515908,11:58:35.908,okx,AERO/USDT:USDT,0.8976,53.0,0.8975,20.0,0.898,11.0,0.8981,19.0
1753617516608,11:58:36.608,okx,AERO/USDT:USDT,0.8976,53.0,0.8975,20.0,0.898,11.0,0.8981,19.0
1753617516708,11:58:36.708,okx,AERO/USDT:USDT,0.8976,42.0,0.8975,20.0,0.898,11.0,0.8981,19.0
1753617517108,11:58:37.108,okx,AERO/USDT:USDT,0.8976,12.0,0.8975,63.0,0.898,11.0,0.8981,19.0
1753617517308,11:58:37.308,okx,AERO/USDT:USDT,0.8976,12.0,0.8975,63.0,0.898,11.0,0.8981,64.0
1753617517608,11:58:37.608,okx,AERO/USDT:USDT,0.8976,12.0,0.8975,63.0,0.898,11.0,0.8981,64.0
1753617518108,11:58:38.108,okx,AERO/USDT:USDT,0.8976,4.0,0.8975,63.0,0.898,14.0,0.8981,64.0
1753617518208,11:58:38.208,okx,AERO/USDT:USDT,0.8976,4.0,0.8975,63.0,0.898,14.0,0.8981,64.0
1753617518808,11:58:38.808,okx,AERO/USDT:USDT,0.8976,21.0,0.8975,63.0,0.898,11.0,0.8981,53.0
1753617519208,11:58:39.208,okx,AERO/USDT:USDT,0.8976,21.0,0.8975,63.0,0.898,11.0,0.8981,53.0
1753617519608,11:58:39.608,okx,AERO/USDT:USDT,0.8976,21.0,0.8975,63.0,0.898,11.0,0.8981,53.0
1753617520008,11:58:40.008,okx,AERO/USDT:USDT,0.8976,21.0,0.8975,63.0,0.898,11.0,0.8981,53.0
1753617520108,11:58:40.108,okx,AERO/USDT:USDT,0.8976,21.0,0.8975,63.0,0.898,11.0,0.8981,53.0
1753617520208,11:58:40.208,okx,AERO/USDT:USDT,0.8976,21.0,0.8975,63.0,0.898,11.0,0.8981,53.0
1753617520508,11:58:40.508,okx,AERO/USDT:USDT,0.8976,21.0,0.8975,63.0,0.898,11.0,0.8981,53.0
1753617521208,11:58:41.208,okx,AERO/USDT:USDT,0.8976,21.0,0.8975,63.0,0.898,11.0,0.8981,53.0
1753617521308,11:58:41.308,okx,AERO/USDT:USDT,0.8976,21.0,0.8975,63.0,0.898,11.0,0.8981,53.0
1753617521608,11:58:41.608,okx,AERO/USDT:USDT,0.8976,10.0,0.8975,63.0,0.898,19.0,0.8981,61.0
1753617522008,11:58:42.008,okx,AERO/USDT:USDT,0.8976,21.0,0.8975,63.0,0.898,11.0,0.8981,53.0
1753617523108,11:58:43.108,okx,AERO/USDT:USDT,0.8976,1.0,0.8975,63.0,0.898,54.0,0.8981,22.0
1753617523208,11:58:43.208,okx,AERO/USDT:USDT,0.8976,12.0,0.8975,63.0,0.898,46.0,0.8981,22.0
1753617523508,11:58:43.508,okx,AERO/USDT:USDT,0.8976,12.0,0.8975,20.0,0.898,46.0,0.8981,14.0
1753617523908,11:58:43.908,okx,AERO/USDT:USDT,0.8976,12.0,0.8975,20.0,0.898,46.0,0.8981,11.0
1753617524208,11:58:44.208,okx,AERO/USDT:USDT,0.8976,12.0,0.8975,20.0,0.898,46.0,0.8981,14.0
1753617524308,11:58:44.308,okx,AERO/USDT:USDT,0.8976,12.0,0.8975,20.0,0.898,46.0,0.8981,14.0
1753617524508,11:58:44.508,okx,AERO/USDT:USDT,0.8976,12.0,0.8975,20.0,0.898,46.0,0.8981,14.0
1753617525008,11:58:45.008,okx,AERO/USDT:USDT,0.8976,12.0,0.8975,20.0,0.898,46.0,0.8981,14.0
1753617525708,11:58:45.708,okx,AERO/USDT:USDT,0.8976,12.0,0.8975,20.0,0.898,46.0,0.8981,22.0
1753617525908,11:58:45.908,okx,AERO/USDT:USDT,0.8976,12.0,0.8975,54.0,0.898,11.0,0.8981,52.0
1753617526108,11:58:46.108,okx,AERO/USDT:USDT,0.8976,12.0,0.8975,54.0,0.898,11.0,0.8981,52.0
1753617526208,11:58:46.208,okx,AERO/USDT:USDT,0.8976,12.0,0.8975,54.0,0.898,11.0,0.8981,52.0
1753617527308,11:58:47.308,okx,AERO/USDT:USDT,0.8976,1.0,0.8975,46.0,0.898,22.0,0.8981,69.0
1753617527908,11:58:47.908,okx,AERO/USDT:USDT,0.8976,1.0,0.8975,54.0,0.898,14.0,0.8981,63.0
1753617529008,11:58:49.008,okx,AERO/USDT:USDT,0.8976,1.0,0.8975,12.0,0.898,69.0,0.8981,20.0
1753617529508,11:58:49.508,okx,AERO/USDT:USDT,0.8976,1.0,0.8975,12.0,0.898,69.0,0.8981,26.0
1753617529608,11:58:49.608,okx,AERO/USDT:USDT,0.8976,1.0,0.8975,12.0,0.898,69.0,0.8981,26.0
1753617529908,11:58:49.908,okx,AERO/USDT:USDT,0.8976,1.0,0.8975,12.0,0.898,61.0,0.8981,26.0
1753617530108,11:58:50.108,okx,AERO/USDT:USDT,0.8976,1.0,0.8975,12.0,0.898,61.0,0.8981,26.0
1753617530208,11:58:50.208,okx,AERO/USDT:USDT,0.8976,1.0,0.8975,12.0,0.898,69.0,0.8981,26.0
1753617530608,11:58:50.608,okx,AERO/USDT:USDT,0.8976,1.0,0.8975,20.0,0.898,61.0,0.8981,20.0
1753617530808,11:58:50.808,okx,AERO/USDT:USDT,0.8976,1.0,0.8975,12.0,0.898,69.0,0.8981,20.0
1753617531308,11:58:51.308,okx,AERO/USDT:USDT,0.8976,1.0,0.8975,12.0,0.898,69.0,0.8981,20.0
1753617531508,11:58:51.508,okx,AERO/USDT:USDT,0.8976,1.0,0.8975,20.0,0.898,61.0,0.8981,20.0
1753617531908,11:58:51.908,okx,AERO/USDT:USDT,0.8976,1.0,0.8975,20.0,0.898,61.0,0.8981,20.0
1753617532008,11:58:52.008,okx,AERO/USDT:USDT,0.8976,1.0,0.8975,12.0,0.898,61.0,0.8981,20.0
1753617532508,11:58:52.508,okx,AERO/USDT:USDT,0.8976,1.0,0.8975,12.0,0.898,61.0,0.8981,20.0
1753617532608,11:58:52.608,okx,AERO/USDT:USDT,0.8976,1.0,0.8975,12.0,0.898,69.0,0.8981,20.0
1753617532708,11:58:52.708,okx,AERO/USDT:USDT,0.8976,1.0,0.8975,12.0,0.898,61.0,0.8981,20.0
1753617533108,11:58:53.108,okx,AERO/USDT:USDT,0.8976,1.0,0.8975,12.0,0.898,69.0,0.8981,20.0
1753617533608,11:58:53.608,okx,AERO/USDT:USDT,0.8976,1.0,0.8975,55.0,0.898,61.0,0.8981,20.0
1753617533708,11:58:53.708,okx,AERO/USDT:USDT,0.8976,1.0,0.8975,55.0,0.898,61.0,0.8981,20.0
1753617533808,11:58:53.808,okx,AERO/USDT:USDT,0.8976,1.0,0.8975,63.0,0.898,61.0,0.8981,20.0
1753617533908,11:58:53.908,okx,AERO/USDT:USDT,0.8976,12.0,0.8975,63.0,0.898,58.0,0.8981,12.0
1753617534308,11:58:54.308,okx,AERO/USDT:USDT,0.8976,12.0,0.8975,63.0,0.898,61.0,0.8981,20.0
1753617534408,11:58:54.408,okx,AERO/USDT:USDT,0.8976,12.0,0.8975,63.0,0.898,61.0,0.8981,20.0
1753617534608,11:58:54.608,okx,AERO/USDT:USDT,0.8976,12.0,0.8975,63.0,0.898,61.0,0.8981,20.0
1753617534908,11:58:54.908,okx,AERO/USDT:USDT,0.8976,12.0,0.8975,63.0,0.898,58.0,0.8981,20.0
1753617535908,11:58:55.908,okx,AERO/USDT:USDT,0.8976,49.0,0.8975,20.0,0.898,12.0,0.8981,56.0
1753617536008,11:58:56.008,okx,AERO/USDT:USDT,0.8976,49.0,0.8975,20.0,0.898,12.0,0.8981,56.0
1753617536108,11:58:56.108,okx,AERO/USDT:USDT,0.8976,49.0,0.8975,20.0,0.898,12.0,0.8981,56.0
1753617536208,11:58:56.208,okx,AERO/USDT:USDT,0.8976,49.0,0.8975,20.0,0.898,12.0,0.8981,56.0
1753617536708,11:58:56.708,okx,AERO/USDT:USDT,0.8976,49.0,0.8975,20.0,0.898,12.0,0.8981,56.0
1753617537008,11:58:57.008,okx,AERO/USDT:USDT,0.8976,41.0,0.8975,20.0,0.898,12.0,0.8981,64.0
1753617537108,11:58:57.108,okx,AERO/USDT:USDT,0.8976,49.0,0.8975,20.0,0.898,12.0,0.8981,56.0
1753617537208,11:58:57.208,okx,AERO/USDT:USDT,0.8976,49.0,0.8975,20.0,0.898,12.0,0.8981,56.0
1753617537708,11:58:57.708,okx,AERO/USDT:USDT,0.8976,49.0,0.8975,20.0,0.898,12.0,0.8981,56.0
1753617537908,11:58:57.908,okx,AERO/USDT:USDT,0.8976,49.0,0.8975,20.0,0.898,12.0,0.8981,56.0
1753617538108,11:58:58.108,okx,AERO/USDT:USDT,0.8976,49.0,0.8975,20.0,0.898,12.0,0.8981,56.0
1753617538208,11:58:58.208,okx,AERO/USDT:USDT,0.8976,49.0,0.8975,20.0,0.898,12.0,0.8981,56.0
1753617538308,11:58:58.308,okx,AERO/USDT:USDT,0.8976,49.0,0.8975,20.0,0.898,12.0,0.8981,56.0
1753617538408,11:58:58.408,okx,AERO/USDT:USDT,0.8976,49.0,0.8975,20.0,0.898,12.0,0.8981,56.0
1753617538608,11:58:58.608,okx,AERO/USDT:USDT,0.8976,49.0,0.8975,20.0,0.898,12.0,0.8981,56.0
1753617538708,11:58:58.708,okx,AERO/USDT:USDT,0.8976,49.0,0.8975,20.0,0.898,12.0,0.8981,56.0
