timestamp,time,exchange,symbol,bid1_price,bid1_volume,bid2_price,bid2_volume,ask1_price,ask1_volume,ask2_price,ask2_volume
1753617165055,11:52:45.055,bitmex,ADA/USDT:USDT,0.8232,34000.0,0.8231,79000.0,0.8234,8000.0,0.8235,57000.0
1753617165652,11:52:45.652,bitmex,ADA/USDT:USDT,0.8232,34000.0,0.8231,79000.0,0.8234,8000.0,0.8235,57000.0
1753617165880,11:52:45.880,bitmex,ADA/USDT:USDT,0.8232,34000.0,0.8231,79000.0,0.8234,8000.0,0.8235,57000.0
1753617165930,11:52:45.930,bitmex,ADA/USDT:USDT,0.8232,34000.0,0.8231,79000.0,0.8234,8000.0,0.8235,57000.0
1753617166039,11:52:46.039,bitmex,ADA/USDT:USDT,0.8231,79000.0,0.823,8000.0,0.8234,8000.0,0.8235,57000.0
1753617166088,11:52:46.088,bitmex,ADA/USDT:USDT,0.8231,71000.0,0.823,87000.0,0.8234,8000.0,0.8235,57000.0
1753617166567,11:52:46.567,bitmex,ADA/USDT:USDT,0.8231,71000.0,0.823,87000.0,0.8234,8000.0,0.8235,57000.0
1753617166616,11:52:46.616,bitmex,ADA/USDT:USDT,0.8231,71000.0,0.823,87000.0,0.8234,8000.0,0.8235,57000.0
1753617166725,11:52:46.725,bitmex,ADA/USDT:USDT,0.8231,71000.0,0.823,87000.0,0.8234,8000.0,0.8235,57000.0
1753617167012,11:52:47.012,bitmex,ADA/USDT:USDT,0.8231,71000.0,0.823,87000.0,0.8234,8000.0,0.8235,57000.0
1753617167062,11:52:47.062,bitmex,ADA/USDT:USDT,0.8231,71000.0,0.823,87000.0,0.8234,8000.0,0.8235,57000.0
1753617167904,11:52:47.904,bitmex,ADA/USDT:USDT,0.8231,71000.0,0.823,87000.0,0.8234,8000.0,0.8235,69000.0
1753617168036,11:52:48.036,bitmex,ADA/USDT:USDT,0.8231,71000.0,0.823,87000.0,0.8234,8000.0,0.8235,57000.0
1753617168914,11:52:48.914,bitmex,ADA/USDT:USDT,0.8231,71000.0,0.823,87000.0,0.8235,57000.0,0.8236,20000.0
1753617168963,11:52:48.963,bitmex,ADA/USDT:USDT,0.8232,34000.0,0.8231,71000.0,0.8235,57000.0,0.8236,20000.0
1753617169012,11:52:49.012,bitmex,ADA/USDT:USDT,0.8232,34000.0,0.8231,71000.0,0.8235,57000.0,0.8236,20000.0
1753617169547,11:52:49.547,bitmex,ADA/USDT:USDT,0.8232,34000.0,0.8231,71000.0,0.8235,57000.0,0.8236,20000.0
1753617169597,11:52:49.597,bitmex,ADA/USDT:USDT,0.8232,34000.0,0.8231,71000.0,0.8235,57000.0,0.8236,20000.0
1753617170069,11:52:50.069,bitmex,ADA/USDT:USDT,0.8232,34000.0,0.8231,71000.0,0.8234,8000.0,0.8235,57000.0
1753617170118,11:52:50.118,bitmex,ADA/USDT:USDT,0.8232,34000.0,0.8231,71000.0,0.8235,57000.0,0.8236,20000.0
1753617170207,11:52:50.207,bitmex,ADA/USDT:USDT,0.8232,34000.0,0.8231,71000.0,0.8234,8000.0,0.8235,57000.0
1753617170257,11:52:50.257,bitmex,ADA/USDT:USDT,0.8231,71000.0,0.823,87000.0,0.8234,8000.0,0.8235,57000.0
1753617170396,11:52:50.396,bitmex,ADA/USDT:USDT,0.8231,71000.0,0.823,87000.0,0.8235,57000.0,0.8236,20000.0
1753617170445,11:52:50.445,bitmex,ADA/USDT:USDT,0.8231,71000.0,0.823,87000.0,0.8235,57000.0,0.8236,20000.0
1753617170494,11:52:50.494,bitmex,ADA/USDT:USDT,0.8231,71000.0,0.823,87000.0,0.8235,57000.0,0.8236,20000.0
1753617171554,11:52:51.554,bitmex,ADA/USDT:USDT,0.8231,71000.0,0.823,87000.0,0.8235,57000.0,0.8236,20000.0
1753617171604,11:52:51.604,bitmex,ADA/USDT:USDT,0.8231,79000.0,0.823,87000.0,0.8235,49000.0,0.8236,20000.0
1753617171653,11:52:51.653,bitmex,ADA/USDT:USDT,0.8231,79000.0,0.823,87000.0,0.8235,49000.0,0.8236,20000.0
1753617171702,11:52:51.702,bitmex,ADA/USDT:USDT,0.8231,79000.0,0.823,87000.0,0.8235,49000.0,0.8236,8000.0
1753617171751,11:52:51.751,bitmex,ADA/USDT:USDT,0.8231,79000.0,0.823,87000.0,0.8235,49000.0,0.8236,8000.0
1753617171800,11:52:51.800,bitmex,ADA/USDT:USDT,0.8231,79000.0,0.823,87000.0,0.8235,49000.0,0.8236,8000.0
1753617171849,11:52:51.849,bitmex,ADA/USDT:USDT,0.8231,79000.0,0.823,87000.0,0.8235,49000.0,0.8236,8000.0
1753617171898,11:52:51.898,bitmex,ADA/USDT:USDT,0.8231,79000.0,0.823,87000.0,0.8235,49000.0,0.8237,71000.0
1753617171947,11:52:51.947,bitmex,ADA/USDT:USDT,0.8231,79000.0,0.823,87000.0,0.8235,49000.0,0.8237,59000.0
1753617171996,11:52:51.996,bitmex,ADA/USDT:USDT,0.8231,79000.0,0.823,87000.0,0.8235,49000.0,0.8237,59000.0
1753617172045,11:52:52.045,bitmex,ADA/USDT:USDT,0.8231,79000.0,0.823,87000.0,0.8235,49000.0,0.8236,8000.0
1753617172118,11:52:52.118,bitmex,ADA/USDT:USDT,0.8231,79000.0,0.823,87000.0,0.8235,49000.0,0.8236,8000.0
1753617172265,11:52:52.265,bitmex,ADA/USDT:USDT,0.8231,79000.0,0.823,87000.0,0.8235,49000.0,0.8236,8000.0
1753617172314,11:52:52.314,bitmex,ADA/USDT:USDT,0.8231,79000.0,0.823,87000.0,0.8235,49000.0,0.8236,8000.0
1753617172364,11:52:52.364,bitmex,ADA/USDT:USDT,0.8231,79000.0,0.823,87000.0,0.8235,49000.0,0.8236,8000.0
1753617173546,11:52:53.546,bitmex,ADA/USDT:USDT,0.8231,79000.0,0.823,87000.0,0.8235,49000.0,0.8236,8000.0
1753617173651,11:52:53.651,bitmex,ADA/USDT:USDT,0.8231,79000.0,0.823,87000.0,0.8235,57000.0,0.8236,8000.0
1753617173700,11:52:53.700,bitmex,ADA/USDT:USDT,0.8232,34000.0,0.8231,79000.0,0.8235,57000.0,0.8236,8000.0
1753617173755,11:52:53.755,bitmex,ADA/USDT:USDT,0.8232,34000.0,0.8231,79000.0,0.8235,57000.0,0.8236,8000.0
1753617173871,11:52:53.871,bitmex,ADA/USDT:USDT,0.8232,34000.0,0.8231,79000.0,0.8234,8000.0,0.8235,57000.0
1753617174056,11:52:54.056,bitmex,ADA/USDT:USDT,0.8232,34000.0,0.8231,79000.0,0.8235,57000.0,0.8236,8000.0
1753617174353,11:52:54.353,bitmex,ADA/USDT:USDT,0.8232,34000.0,0.8231,79000.0,0.8235,57000.0,0.8236,8000.0
1753617174512,11:52:54.512,bitmex,ADA/USDT:USDT,0.8232,34000.0,0.8231,79000.0,0.8234,8000.0,0.8235,57000.0
1753617174609,11:52:54.609,bitmex,ADA/USDT:USDT,0.8232,34000.0,0.8231,79000.0,0.8234,8000.0,0.8235,57000.0
1753617175017,11:52:55.017,bitmex,ADA/USDT:USDT,0.8232,34000.0,0.8231,79000.0,0.8234,8000.0,0.8235,57000.0
1753617175067,11:52:55.067,bitmex,ADA/USDT:USDT,0.8232,34000.0,0.8231,79000.0,0.8234,8000.0,0.8235,57000.0
1753617176156,11:52:56.156,bitmex,ADA/USDT:USDT,0.8232,34000.0,0.8231,79000.0,0.8235,57000.0,0.8236,8000.0
1753617176501,11:52:56.501,bitmex,ADA/USDT:USDT,0.8232,34000.0,0.8231,79000.0,0.8234,8000.0,0.8235,57000.0
1753617176550,11:52:56.550,bitmex,ADA/USDT:USDT,0.8233,34000.0,0.8232,79000.0,0.8236,8000.0,0.8237,71000.0
1753617176600,11:52:56.600,bitmex,ADA/USDT:USDT,0.8233,34000.0,0.8232,79000.0,0.8236,8000.0,0.8237,71000.0
1753617176649,11:52:56.649,bitmex,ADA/USDT:USDT,0.8233,34000.0,0.8232,79000.0,0.8236,8000.0,0.8237,71000.0
1753617176986,11:52:56.986,bitmex,ADA/USDT:USDT,0.8233,34000.0,0.8232,79000.0,0.8236,8000.0,0.8237,71000.0
1753617177255,11:52:57.255,bitmex,ADA/USDT:USDT,0.8233,34000.0,0.8232,79000.0,0.8236,8000.0,0.8237,71000.0
1753617177522,11:52:57.522,bitmex,ADA/USDT:USDT,0.8232,79000.0,0.8231,8000.0,0.8236,8000.0,0.8237,71000.0
1753617177571,11:52:57.571,bitmex,ADA/USDT:USDT,0.8232,71000.0,0.8231,87000.0,0.8236,8000.0,0.8237,71000.0
1753617177963,11:52:57.963,bitmex,ADA/USDT:USDT,0.8232,71000.0,0.8231,87000.0,0.8236,8000.0,0.8237,71000.0
1753617178012,11:52:58.012,bitmex,ADA/USDT:USDT,0.8232,71000.0,0.8231,87000.0,0.8236,8000.0,0.8237,71000.0
1753617179327,11:52:59.327,bitmex,ADA/USDT:USDT,0.8232,37000.0,0.8231,87000.0,0.8236,8000.0,0.8237,71000.0
1753617179377,11:52:59.377,bitmex,ADA/USDT:USDT,0.8231,71000.0,0.823,79000.0,0.8236,8000.0,0.8237,71000.0
1753617179426,11:52:59.426,bitmex,ADA/USDT:USDT,0.8231,71000.0,0.823,79000.0,0.8236,8000.0,0.8237,71000.0
1753617180135,11:53:00.135,bitmex,ADA/USDT:USDT,0.8231,71000.0,0.823,79000.0,0.8236,8000.0,0.8237,71000.0
1753617180185,11:53:00.185,bitmex,ADA/USDT:USDT,0.8231,71000.0,0.823,79000.0,0.8235,8000.0,0.8236,20000.0
1753617180378,11:53:00.378,bitmex,ADA/USDT:USDT,0.8231,71000.0,0.823,79000.0,0.8235,8000.0,0.8236,20000.0
1753617180427,11:53:00.427,bitmex,ADA/USDT:USDT,0.823,71000.0,0.8228,14000.0,0.8235,8000.0,0.8236,20000.0
1753617180477,11:53:00.477,bitmex,ADA/USDT:USDT,0.823,71000.0,0.8229,79000.0,0.8235,8000.0,0.8236,20000.0
1753617180526,11:53:00.526,bitmex,ADA/USDT:USDT,0.823,71000.0,0.8229,79000.0,0.8234,8000.0,0.8235,20000.0
1753617180575,11:53:00.575,bitmex,ADA/USDT:USDT,0.823,71000.0,0.8229,79000.0,0.8234,8000.0,0.8235,20000.0
1753617180748,11:53:00.748,bitmex,ADA/USDT:USDT,0.823,71000.0,0.8229,79000.0,0.8234,8000.0,0.8235,20000.0
1753617180797,11:53:00.797,bitmex,ADA/USDT:USDT,0.823,71000.0,0.8229,79000.0,0.8234,8000.0,0.8235,20000.0
1753617181039,11:53:01.039,bitmex,ADA/USDT:USDT,0.823,71000.0,0.8229,79000.0,0.8234,8000.0,0.8235,20000.0
1753617181088,11:53:01.088,bitmex,ADA/USDT:USDT,0.823,71000.0,0.8229,79000.0,0.8234,8000.0,0.8235,20000.0
1753617181413,11:53:01.413,bitmex,ADA/USDT:USDT,0.823,71000.0,0.8229,79000.0,0.8234,8000.0,0.8235,20000.0
1753617181463,11:53:01.463,bitmex,ADA/USDT:USDT,0.823,71000.0,0.8229,79000.0,0.8234,8000.0,0.8235,20000.0
1753617181677,11:53:01.677,bitmex,ADA/USDT:USDT,0.823,71000.0,0.8229,79000.0,0.8234,8000.0,0.8235,20000.0
1753617181726,11:53:01.726,bitmex,ADA/USDT:USDT,0.823,71000.0,0.8229,79000.0,0.8234,8000.0,0.8235,20000.0
1753617182152,11:53:02.152,bitmex,ADA/USDT:USDT,0.823,71000.0,0.8229,79000.0,0.8234,8000.0,0.8235,20000.0
1753617182202,11:53:02.202,bitmex,ADA/USDT:USDT,0.8232,34000.0,0.8231,42000.0,0.8235,20000.0,0.8236,20000.0
1753617182251,11:53:02.251,bitmex,ADA/USDT:USDT,0.8233,34000.0,0.8232,79000.0,0.8236,20000.0,0.8237,71000.0
1753617182300,11:53:02.300,bitmex,ADA/USDT:USDT,0.8233,34000.0,0.8232,79000.0,0.8236,8000.0,0.8237,71000.0
1753617182349,11:53:02.349,bitmex,ADA/USDT:USDT,0.8233,34000.0,0.8232,79000.0,0.8236,8000.0,0.8237,71000.0
1753617182399,11:53:02.399,bitmex,ADA/USDT:USDT,0.8233,34000.0,0.8232,79000.0,0.8236,8000.0,0.8237,71000.0
1753617182448,11:53:02.448,bitmex,ADA/USDT:USDT,0.8233,34000.0,0.8232,79000.0,0.8236,8000.0,0.8237,59000.0
1753617182535,11:53:02.535,bitmex,ADA/USDT:USDT,0.8233,34000.0,0.8232,79000.0,0.8236,8000.0,0.8237,59000.0
1753617182585,11:53:02.585,bitmex,ADA/USDT:USDT,0.8233,34000.0,0.8232,79000.0,0.8236,8000.0,0.8237,59000.0
1753617182634,11:53:02.634,bitmex,ADA/USDT:USDT,0.8233,34000.0,0.8232,79000.0,0.8236,8000.0,0.8237,59000.0
1753617182684,11:53:02.684,bitmex,ADA/USDT:USDT,0.8234,34000.0,0.8233,87000.0,0.8237,59000.0,0.8238,424000.0
1753617182734,11:53:02.734,bitmex,ADA/USDT:USDT,0.8234,34000.0,0.8233,87000.0,0.8237,59000.0,0.8238,424000.0
1753617182784,11:53:02.784,bitmex,ADA/USDT:USDT,0.8234,34000.0,0.8233,87000.0,0.8237,59000.0,0.8238,424000.0
1753617182876,11:53:02.876,bitmex,ADA/USDT:USDT,0.8234,34000.0,0.8233,87000.0,0.8237,59000.0,0.8238,424000.0
1753617183010,11:53:03.010,bitmex,ADA/USDT:USDT,0.8234,34000.0,0.8233,87000.0,0.8237,59000.0,0.8238,424000.0
1753617183059,11:53:03.059,bitmex,ADA/USDT:USDT,0.8234,34000.0,0.8233,87000.0,0.8237,59000.0,0.8238,424000.0
1753617183108,11:53:03.108,bitmex,ADA/USDT:USDT,0.8234,42000.0,0.8233,87000.0,0.8237,51000.0,0.8238,8000.0
1753617183157,11:53:03.157,bitmex,ADA/USDT:USDT,0.8234,42000.0,0.8233,87000.0,0.8237,51000.0,0.8238,8000.0
1753617183206,11:53:03.206,bitmex,ADA/USDT:USDT,0.8234,42000.0,0.8233,87000.0,0.8237,51000.0,0.8238,8000.0
1753617183329,11:53:03.329,bitmex,ADA/USDT:USDT,0.8234,42000.0,0.8233,87000.0,0.8237,51000.0,0.8238,8000.0
1753617183439,11:53:03.439,bitmex,ADA/USDT:USDT,0.8236,34000.0,0.8234,42000.0,0.8237,51000.0,0.8238,8000.0
1753617183489,11:53:03.489,bitmex,ADA/USDT:USDT,0.8236,34000.0,0.8235,87000.0,0.8238,51000.0,0.8239,20000.0
1753617183539,11:53:03.539,bitmex,ADA/USDT:USDT,0.8236,34000.0,0.8235,87000.0,0.8239,71000.0,0.824,427000.0
1753617183588,11:53:03.588,bitmex,ADA/USDT:USDT,0.8236,34000.0,0.8235,87000.0,0.8238,8000.0,0.8239,71000.0
1753617183637,11:53:03.637,bitmex,ADA/USDT:USDT,0.8236,34000.0,0.8235,87000.0,0.8237,49000.0,0.8239,59000.0
1753617183687,11:53:03.687,bitmex,ADA/USDT:USDT,0.8236,42000.0,0.8235,87000.0,0.8239,100000.0,0.824,427000.0
1753617183737,11:53:03.737,bitmex,ADA/USDT:USDT,0.8236,42000.0,0.8235,87000.0,0.8237,49000.0,0.8239,51000.0
1753617183786,11:53:03.786,bitmex,ADA/USDT:USDT,0.8236,42000.0,0.8235,87000.0,0.8239,51000.0,0.824,415000.0
1753617183836,11:53:03.836,bitmex,ADA/USDT:USDT,0.8238,34000.0,0.8237,34000.0,0.824,51000.0,0.8241,20000.0
1753617183886,11:53:03.886,bitmex,ADA/USDT:USDT,0.8239,34000.0,0.8238,34000.0,0.8241,51000.0,0.8242,20000.0
1753617183935,11:53:03.935,bitmex,ADA/USDT:USDT,0.8239,34000.0,0.8238,34000.0,0.8242,20000.0,0.8243,110000.0
1753617183935,11:53:03.935,bitmex,ADA/USDT:USDT,0.8239,34000.0,0.8238,79000.0,0.8241,8000.0,0.8242,71000.0
1753617183984,11:53:03.984,bitmex,ADA/USDT:USDT,0.8239,34000.0,0.8238,79000.0,0.8241,8000.0,0.8242,59000.0
1753617184035,11:53:04.035,bitmex,ADA/USDT:USDT,0.8239,34000.0,0.8238,79000.0,0.824,49000.0,0.8241,8000.0
1753617184084,11:53:04.084,bitmex,ADA/USDT:USDT,0.8239,34000.0,0.8238,79000.0,0.824,49000.0,0.8242,59000.0
1753617184133,11:53:04.133,bitmex,ADA/USDT:USDT,0.8239,34000.0,0.8238,79000.0,0.824,49000.0,0.8241,8000.0
1753617184182,11:53:04.182,bitmex,ADA/USDT:USDT,0.8239,34000.0,0.8238,79000.0,0.824,49000.0,0.8242,59000.0
1753617184231,11:53:04.231,bitmex,ADA/USDT:USDT,0.8239,34000.0,0.8238,79000.0,0.824,49000.0,0.8242,59000.0
1753617184280,11:53:04.280,bitmex,ADA/USDT:USDT,0.8239,34000.0,0.8238,79000.0,0.824,49000.0,0.8242,59000.0
1753617184329,11:53:04.329,bitmex,ADA/USDT:USDT,0.8239,34000.0,0.8238,79000.0,0.824,49000.0,0.8242,59000.0
1753617184378,11:53:04.378,bitmex,ADA/USDT:USDT,0.8239,34000.0,0.8238,79000.0,0.824,49000.0,0.8241,8000.0
1753617184511,11:53:04.511,bitmex,ADA/USDT:USDT,0.8239,34000.0,0.8238,79000.0,0.824,49000.0,0.8241,8000.0
1753617184565,11:53:04.565,bitmex,ADA/USDT:USDT,0.8239,34000.0,0.8238,79000.0,0.824,49000.0,0.8241,8000.0
1753617184615,11:53:04.615,bitmex,ADA/USDT:USDT,0.8239,34000.0,0.8238,79000.0,0.824,49000.0,0.8241,8000.0
1753617185102,11:53:05.102,bitmex,ADA/USDT:USDT,0.8239,34000.0,0.8238,79000.0,0.824,49000.0,0.8242,59000.0
1753617185159,11:53:05.159,bitmex,ADA/USDT:USDT,0.8239,34000.0,0.8238,79000.0,0.824,49000.0,0.8242,59000.0
1753617185511,11:53:05.511,bitmex,ADA/USDT:USDT,0.8239,34000.0,0.8238,79000.0,0.824,49000.0,0.8241,8000.0
1753617185762,11:53:05.762,bitmex,ADA/USDT:USDT,0.8239,34000.0,0.8238,79000.0,0.824,49000.0,0.8241,8000.0
1753617185811,11:53:05.811,bitmex,ADA/USDT:USDT,0.8239,34000.0,0.8238,79000.0,0.824,49000.0,0.8241,8000.0
1753617186092,11:53:06.092,bitmex,ADA/USDT:USDT,0.8239,34000.0,0.8238,79000.0,0.824,49000.0,0.8242,59000.0
1753617186142,11:53:06.142,bitmex,ADA/USDT:USDT,0.8239,34000.0,0.8238,79000.0,0.824,49000.0,0.8242,59000.0
1753617186429,11:53:06.429,bitmex,ADA/USDT:USDT,0.8239,34000.0,0.8238,79000.0,0.824,49000.0,0.8241,8000.0
1753617187006,11:53:07.006,bitmex,ADA/USDT:USDT,0.8239,34000.0,0.8238,79000.0,0.824,49000.0,0.8241,8000.0
1753617187170,11:53:07.170,bitmex,ADA/USDT:USDT,0.8239,34000.0,0.8238,79000.0,0.824,49000.0,0.8242,59000.0
1753617187390,11:53:07.390,bitmex,ADA/USDT:USDT,0.8239,34000.0,0.8238,79000.0,0.824,49000.0,0.8241,8000.0
1753617187440,11:53:07.440,bitmex,ADA/USDT:USDT,0.8239,34000.0,0.8238,79000.0,0.824,49000.0,0.8241,8000.0
1753617187727,11:53:07.727,bitmex,ADA/USDT:USDT,0.8239,34000.0,0.8238,79000.0,0.824,49000.0,0.8242,59000.0
1753617187827,11:53:07.827,bitmex,ADA/USDT:USDT,0.8239,34000.0,0.8238,79000.0,0.824,49000.0,0.8241,8000.0
1753617187891,11:53:07.891,bitmex,ADA/USDT:USDT,0.8239,34000.0,0.8238,79000.0,0.824,49000.0,0.8242,59000.0
1753617187941,11:53:07.941,bitmex,ADA/USDT:USDT,0.8239,34000.0,0.8238,79000.0,0.824,49000.0,0.8241,8000.0
1753617188215,11:53:08.215,bitmex,ADA/USDT:USDT,0.8239,34000.0,0.8238,79000.0,0.824,49000.0,0.8241,8000.0
1753617188381,11:53:08.381,bitmex,ADA/USDT:USDT,0.8239,34000.0,0.8238,79000.0,0.824,49000.0,0.8241,8000.0
1753617188443,11:53:08.443,bitmex,ADA/USDT:USDT,0.8239,34000.0,0.8238,79000.0,0.824,49000.0,0.8242,59000.0
1753617188493,11:53:08.493,bitmex,ADA/USDT:USDT,0.8239,34000.0,0.8238,79000.0,0.824,49000.0,0.8242,59000.0
1753617188542,11:53:08.542,bitmex,ADA/USDT:USDT,0.8239,34000.0,0.8238,79000.0,0.824,49000.0,0.8242,59000.0
1753617188591,11:53:08.591,bitmex,ADA/USDT:USDT,0.8239,34000.0,0.8238,79000.0,0.824,49000.0,0.8242,59000.0
1753617189528,11:53:09.528,bitmex,ADA/USDT:USDT,0.8239,34000.0,0.8238,79000.0,0.824,49000.0,0.8241,8000.0
1753617189681,11:53:09.681,bitmex,ADA/USDT:USDT,0.8239,34000.0,0.8238,79000.0,0.824,49000.0,0.8242,59000.0
1753617189890,11:53:09.890,bitmex,ADA/USDT:USDT,0.8239,34000.0,0.8238,79000.0,0.824,49000.0,0.8242,59000.0
1753617189939,11:53:09.939,bitmex,ADA/USDT:USDT,0.8239,34000.0,0.8238,79000.0,0.824,49000.0,0.8241,8000.0
1753617190018,11:53:10.018,bitmex,ADA/USDT:USDT,0.8239,34000.0,0.8238,79000.0,0.824,49000.0,0.8241,8000.0
1753617190067,11:53:10.067,bitmex,ADA/USDT:USDT,0.8239,34000.0,0.8238,79000.0,0.824,49000.0,0.8242,59000.0
1753617190220,11:53:10.220,bitmex,ADA/USDT:USDT,0.8239,34000.0,0.8238,79000.0,0.824,49000.0,0.8242,59000.0
1753617191341,11:53:11.341,bitmex,ADA/USDT:USDT,0.8239,34000.0,0.8238,79000.0,0.824,49000.0,0.8242,59000.0
1753617191390,11:53:11.390,bitmex,ADA/USDT:USDT,0.8239,34000.0,0.8238,79000.0,0.824,49000.0,0.8242,59000.0
1753617192425,11:53:12.425,bitmex,ADA/USDT:USDT,0.8239,34000.0,0.8238,79000.0,0.824,49000.0,0.8241,8000.0
1753617193210,11:53:13.210,bitmex,ADA/USDT:USDT,0.8239,34000.0,0.8238,79000.0,0.824,49000.0,0.8241,8000.0
1753617193413,11:53:13.413,bitmex,ADA/USDT:USDT,0.8239,34000.0,0.8238,79000.0,0.824,49000.0,0.8241,8000.0
1753617193463,11:53:13.463,bitmex,ADA/USDT:USDT,0.8239,34000.0,0.8238,79000.0,0.824,49000.0,0.8241,8000.0
1753617193707,11:53:13.707,bitmex,ADA/USDT:USDT,0.8239,34000.0,0.8238,79000.0,0.824,49000.0,0.8241,8000.0
1753617194008,11:53:14.008,bitmex,ADA/USDT:USDT,0.8239,34000.0,0.8238,79000.0,0.824,49000.0,0.8241,8000.0
1753617194126,11:53:14.126,bitmex,ADA/USDT:USDT,0.8239,34000.0,0.8238,79000.0,0.824,49000.0,0.8241,8000.0
1753617194176,11:53:14.176,bitmex,ADA/USDT:USDT,0.8239,34000.0,0.8238,79000.0,0.824,49000.0,0.8241,8000.0
1753617194622,11:53:14.622,bitmex,ADA/USDT:USDT,0.8238,79000.0,0.8236,8000.0,0.824,49000.0,0.8241,8000.0
1753617194672,11:53:14.672,bitmex,ADA/USDT:USDT,0.8238,71000.0,0.8237,8000.0,0.824,49000.0,0.8241,8000.0
1753617194721,11:53:14.721,bitmex,ADA/USDT:USDT,0.8238,71000.0,0.8237,8000.0,0.824,49000.0,0.8241,8000.0
1753617194850,11:53:14.850,bitmex,ADA/USDT:USDT,0.8238,71000.0,0.8237,8000.0,0.824,49000.0,0.8241,8000.0
1753617195212,11:53:15.212,bitmex,ADA/USDT:USDT,0.8238,71000.0,0.8237,8000.0,0.824,49000.0,0.8241,8000.0
1753617195426,11:53:15.426,bitmex,ADA/USDT:USDT,0.8238,71000.0,0.8237,8000.0,0.824,49000.0,0.8241,8000.0
1753617196010,11:53:16.010,bitmex,ADA/USDT:USDT,0.8238,71000.0,0.8237,14000.0,0.824,49000.0,0.8241,8000.0
1753617196060,11:53:16.060,bitmex,ADA/USDT:USDT,0.8238,71000.0,0.8237,14000.0,0.824,49000.0,0.8241,8000.0
1753617196221,11:53:16.221,bitmex,ADA/USDT:USDT,0.8238,71000.0,0.8237,8000.0,0.824,49000.0,0.8241,8000.0
1753617196274,11:53:16.274,bitmex,ADA/USDT:USDT,0.8238,71000.0,0.8237,8000.0,0.824,49000.0,0.8241,8000.0
1753617197024,11:53:17.024,bitmex,ADA/USDT:USDT,0.8239,34000.0,0.8238,71000.0,0.824,49000.0,0.8241,8000.0
1753617197074,11:53:17.074,bitmex,ADA/USDT:USDT,0.8239,42000.0,0.8238,71000.0,0.824,49000.0,0.8242,51000.0
1753617197123,11:53:17.123,bitmex,ADA/USDT:USDT,0.8239,42000.0,0.8238,71000.0,0.824,49000.0,0.8242,51000.0
1753617197172,11:53:17.172,bitmex,ADA/USDT:USDT,0.8239,34000.0,0.8238,71000.0,0.824,49000.0,0.8242,51000.0
1753617197313,11:53:17.313,bitmex,ADA/USDT:USDT,0.8239,34000.0,0.8238,71000.0,0.824,49000.0,0.8242,51000.0
1753617197363,11:53:17.363,bitmex,ADA/USDT:USDT,0.824,34000.0,0.8239,79000.0,0.8241,49000.0,0.8242,51000.0
1753617197522,11:53:17.522,bitmex,ADA/USDT:USDT,0.824,34000.0,0.8239,79000.0,0.8241,49000.0,0.8242,51000.0
1753617197571,11:53:17.571,bitmex,ADA/USDT:USDT,0.824,34000.0,0.8239,79000.0,0.8241,49000.0,0.8242,51000.0
1753617197635,11:53:17.635,bitmex,ADA/USDT:USDT,0.824,34000.0,0.8239,79000.0,0.8241,49000.0,0.8242,51000.0
1753617197684,11:53:17.684,bitmex,ADA/USDT:USDT,0.824,34000.0,0.8239,79000.0,0.8241,49000.0,0.8242,51000.0
1753617197883,11:53:17.883,bitmex,ADA/USDT:USDT,0.824,34000.0,0.8239,79000.0,0.8241,49000.0,0.8243,8000.0
1753617197932,11:53:17.932,bitmex,ADA/USDT:USDT,0.824,34000.0,0.8239,79000.0,0.8241,49000.0,0.8243,8000.0
1753617197981,11:53:17.981,bitmex,ADA/USDT:USDT,0.824,34000.0,0.8239,79000.0,0.8241,49000.0,0.8243,8000.0
1753617198030,11:53:18.030,bitmex,ADA/USDT:USDT,0.824,34000.0,0.8239,79000.0,0.8241,49000.0,0.8243,8000.0
1753617198256,11:53:18.256,bitmex,ADA/USDT:USDT,0.824,34000.0,0.8239,79000.0,0.8241,49000.0,0.8243,8000.0
1753617198317,11:53:18.317,bitmex,ADA/USDT:USDT,0.824,34000.0,0.8239,79000.0,0.8241,49000.0,0.8243,8000.0
1753617198417,11:53:18.417,bitmex,ADA/USDT:USDT,0.824,34000.0,0.8239,79000.0,0.8241,49000.0,0.8243,8000.0
1753617198609,11:53:18.609,bitmex,ADA/USDT:USDT,0.824,34000.0,0.8239,79000.0,0.8241,49000.0,0.8243,8000.0
1753617198659,11:53:18.659,bitmex,ADA/USDT:USDT,0.824,34000.0,0.8239,79000.0,0.8241,49000.0,0.8243,8000.0
1753617198885,11:53:18.885,bitmex,ADA/USDT:USDT,0.824,34000.0,0.8239,79000.0,0.8241,49000.0,0.8243,8000.0
1753617199260,11:53:19.260,bitmex,ADA/USDT:USDT,0.824,42000.0,0.8239,79000.0,0.8241,49000.0,0.8243,8000.0
1753617199310,11:53:19.310,bitmex,ADA/USDT:USDT,0.824,34000.0,0.8239,79000.0,0.8241,49000.0,0.8244,8000.0
1753617199360,11:53:19.360,bitmex,ADA/USDT:USDT,0.824,34000.0,0.8239,79000.0,0.8241,49000.0,0.8244,8000.0
1753617199533,11:53:19.533,bitmex,ADA/USDT:USDT,0.824,34000.0,0.8239,79000.0,0.8241,49000.0,0.8244,8000.0
1753617199763,11:53:19.763,bitmex,ADA/USDT:USDT,0.824,34000.0,0.8239,79000.0,0.8241,49000.0,0.8244,8000.0
1753617199813,11:53:19.813,bitmex,ADA/USDT:USDT,0.824,34000.0,0.8239,79000.0,0.8241,49000.0,0.8244,8000.0
1753617200026,11:53:20.026,bitmex,ADA/USDT:USDT,0.8239,79000.0,0.8237,6000.0,0.8241,49000.0,0.8244,8000.0
1753617200075,11:53:20.075,bitmex,ADA/USDT:USDT,0.8239,34000.0,0.8238,71000.0,0.8241,57000.0,0.8244,8000.0
1753617200124,11:53:20.124,bitmex,ADA/USDT:USDT,0.8239,34000.0,0.8238,71000.0,0.8241,57000.0,0.8244,20000.0
1753617200685,11:53:20.685,bitmex,ADA/USDT:USDT,0.8239,34000.0,0.8238,71000.0,0.8241,57000.0,0.8244,20000.0
1753617200735,11:53:20.735,bitmex,ADA/USDT:USDT,0.8239,34000.0,0.8238,71000.0,0.8241,49000.0,0.8242,8000.0
1753617201100,11:53:21.100,bitmex,ADA/USDT:USDT,0.8239,34000.0,0.8238,71000.0,0.8241,49000.0,0.8242,8000.0
1753617201150,11:53:21.150,bitmex,ADA/USDT:USDT,0.8239,34000.0,0.8238,71000.0,0.8241,49000.0,0.8242,8000.0
1753617201214,11:53:21.214,bitmex,ADA/USDT:USDT,0.8239,34000.0,0.8238,71000.0,0.8241,49000.0,0.8242,8000.0
1753617201264,11:53:21.264,bitmex,ADA/USDT:USDT,0.824,42000.0,0.8239,87000.0,0.8241,49000.0,0.8244,8000.0
1753617201313,11:53:21.313,bitmex,ADA/USDT:USDT,0.824,42000.0,0.8239,87000.0,0.8241,49000.0,0.8244,8000.0
1753617201362,11:53:21.362,bitmex,ADA/USDT:USDT,0.824,42000.0,0.8239,87000.0,0.8241,49000.0,0.8244,8000.0
1753617201411,11:53:21.411,bitmex,ADA/USDT:USDT,0.824,42000.0,0.8239,87000.0,0.8241,49000.0,0.8244,8000.0
1753617201460,11:53:21.460,bitmex,ADA/USDT:USDT,0.824,42000.0,0.8239,87000.0,0.8241,49000.0,0.8244,8000.0
1753617201509,11:53:21.509,bitmex,ADA/USDT:USDT,0.824,42000.0,0.8239,87000.0,0.8241,49000.0,0.8244,8000.0
1753617201559,11:53:21.559,bitmex,ADA/USDT:USDT,0.824,42000.0,0.8239,87000.0,0.8241,49000.0,0.8244,8000.0
1753617201608,11:53:21.608,bitmex,ADA/USDT:USDT,0.824,42000.0,0.8239,87000.0,0.8241,49000.0,0.8244,8000.0
1753617201657,11:53:21.657,bitmex,ADA/USDT:USDT,0.824,42000.0,0.8239,87000.0,0.8241,49000.0,0.8244,8000.0
1753617201811,11:53:21.811,bitmex,ADA/USDT:USDT,0.824,34000.0,0.8239,87000.0,0.8241,49000.0,0.8244,8000.0
1753617202175,11:53:22.175,bitmex,ADA/USDT:USDT,0.824,34000.0,0.8239,87000.0,0.8241,49000.0,0.8244,8000.0
1753617202406,11:53:22.406,bitmex,ADA/USDT:USDT,0.824,34000.0,0.8239,87000.0,0.8241,49000.0,0.8244,8000.0
1753617202455,11:53:22.455,bitmex,ADA/USDT:USDT,0.824,34000.0,0.8239,87000.0,0.8241,49000.0,0.8244,8000.0
1753617202662,11:53:22.662,bitmex,ADA/USDT:USDT,0.824,34000.0,0.8239,87000.0,0.8241,49000.0,0.8244,8000.0
1753617202759,11:53:22.759,bitmex,ADA/USDT:USDT,0.8239,87000.0,0.8238,6000.0,0.8241,49000.0,0.8244,8000.0
1753617202808,11:53:22.808,bitmex,ADA/USDT:USDT,0.8239,71000.0,0.8238,79000.0,0.8241,49000.0,0.8244,8000.0
1753617202857,11:53:22.857,bitmex,ADA/USDT:USDT,0.8238,71000.0,0.8237,8000.0,0.8241,57000.0,0.8244,8000.0
1753617202906,11:53:22.906,bitmex,ADA/USDT:USDT,0.8238,71000.0,0.8237,8000.0,0.8241,57000.0,0.8244,8000.0
1753617202955,11:53:22.955,bitmex,ADA/USDT:USDT,0.8238,71000.0,0.8237,8000.0,0.8241,57000.0,0.8244,20000.0
1753617203173,11:53:23.173,bitmex,ADA/USDT:USDT,0.8238,71000.0,0.8237,8000.0,0.8241,57000.0,0.8244,20000.0
1753617203252,11:53:23.252,bitmex,ADA/USDT:USDT,0.8238,71000.0,0.8237,8000.0,0.824,49000.0,0.8241,8000.0
1753617203301,11:53:23.301,bitmex,ADA/USDT:USDT,0.8239,34000.0,0.8238,71000.0,0.824,49000.0,0.8241,8000.0
1753617203350,11:53:23.350,bitmex,ADA/USDT:USDT,0.8239,34000.0,0.8238,71000.0,0.824,49000.0,0.8241,8000.0
1753617203516,11:53:23.516,bitmex,ADA/USDT:USDT,0.8239,34000.0,0.8238,71000.0,0.824,49000.0,0.8244,20000.0
1753617203565,11:53:23.565,bitmex,ADA/USDT:USDT,0.8239,34000.0,0.8238,71000.0,0.824,49000.0,0.8242,8000.0
1753617203743,11:53:23.743,bitmex,ADA/USDT:USDT,0.8239,34000.0,0.8238,71000.0,0.824,49000.0,0.8242,8000.0
1753617203792,11:53:23.792,bitmex,ADA/USDT:USDT,0.8239,34000.0,0.8238,71000.0,0.824,49000.0,0.8242,8000.0
1753617203841,11:53:23.841,bitmex,ADA/USDT:USDT,0.8239,34000.0,0.8238,71000.0,0.824,49000.0,0.8242,8000.0
1753617204010,11:53:24.010,bitmex,ADA/USDT:USDT,0.8239,34000.0,0.8238,71000.0,0.824,49000.0,0.8242,8000.0
1753617204059,11:53:24.059,bitmex,ADA/USDT:USDT,0.8239,34000.0,0.8238,71000.0,0.824,49000.0,0.8242,8000.0
1753617204301,11:53:24.301,bitmex,ADA/USDT:USDT,0.8239,34000.0,0.8238,71000.0,0.824,49000.0,0.8242,8000.0
1753617205124,11:53:25.124,bitmex,ADA/USDT:USDT,0.8239,34000.0,0.8238,71000.0,0.824,49000.0,0.8242,8000.0
1753617205174,11:53:25.174,bitmex,ADA/USDT:USDT,0.8239,34000.0,0.8238,71000.0,0.824,49000.0,0.8242,8000.0
1753617205223,11:53:25.223,bitmex,ADA/USDT:USDT,0.8239,34000.0,0.8238,71000.0,0.824,49000.0,0.8242,8000.0
1753617205422,11:53:25.422,bitmex,ADA/USDT:USDT,0.8239,34000.0,0.8238,71000.0,0.824,49000.0,0.8242,8000.0
1753617205471,11:53:25.471,bitmex,ADA/USDT:USDT,0.8239,34000.0,0.8238,71000.0,0.824,49000.0,0.8242,8000.0
1753617205538,11:53:25.538,bitmex,ADA/USDT:USDT,0.8239,34000.0,0.8238,71000.0,0.824,49000.0,0.8242,8000.0
1753617205607,11:53:25.607,bitmex,ADA/USDT:USDT,0.8239,34000.0,0.8238,71000.0,0.824,49000.0,0.8242,8000.0
1753617206014,11:53:26.014,bitmex,ADA/USDT:USDT,0.8239,34000.0,0.8238,71000.0,0.824,49000.0,0.8242,8000.0
1753617206064,11:53:26.064,bitmex,ADA/USDT:USDT,0.8239,34000.0,0.8238,71000.0,0.824,49000.0,0.8242,8000.0
1753617206908,11:53:26.908,bitmex,ADA/USDT:USDT,0.8239,34000.0,0.8238,71000.0,0.824,49000.0,0.8244,8000.0
1753617206957,11:53:26.957,bitmex,ADA/USDT:USDT,0.8239,34000.0,0.8238,71000.0,0.8244,8000.0,0.8245,20000.0
1753617206957,11:53:26.957,bitmex,ADA/USDT:USDT,0.8242,34000.0,0.8241,79000.0,0.8244,8000.0,0.8245,20000.0
1753617207056,11:53:27.056,bitmex,ADA/USDT:USDT,0.8242,34000.0,0.8241,79000.0,0.8243,49000.0,0.8244,8000.0
1753617207105,11:53:27.105,bitmex,ADA/USDT:USDT,0.8242,34000.0,0.8241,79000.0,0.8243,49000.0,0.8244,8000.0
1753617207154,11:53:27.154,bitmex,ADA/USDT:USDT,0.8242,34000.0,0.8241,79000.0,0.8243,49000.0,0.8244,8000.0
1753617207362,11:53:27.362,bitmex,ADA/USDT:USDT,0.8242,34000.0,0.8241,79000.0,0.8243,49000.0,0.8244,8000.0
1753617207411,11:53:27.411,bitmex,ADA/USDT:USDT,0.8242,34000.0,0.8241,79000.0,0.8243,49000.0,0.8244,8000.0
1753617207565,11:53:27.565,bitmex,ADA/USDT:USDT,0.8242,34000.0,0.8241,79000.0,0.8243,49000.0,0.8244,8000.0
1753617207675,11:53:27.675,bitmex,ADA/USDT:USDT,0.8241,79000.0,0.824,8000.0,0.8243,49000.0,0.8244,8000.0
1753617207724,11:53:27.724,bitmex,ADA/USDT:USDT,0.8241,71000.0,0.824,79000.0,0.8243,49000.0,0.8244,8000.0
1753617207773,11:53:27.773,bitmex,ADA/USDT:USDT,0.8241,71000.0,0.824,79000.0,0.8243,49000.0,0.8245,8000.0
1753617207831,11:53:27.831,bitmex,ADA/USDT:USDT,0.8241,71000.0,0.824,79000.0,0.8243,49000.0,0.8245,8000.0
1753617208055,11:53:28.055,bitmex,ADA/USDT:USDT,0.8241,71000.0,0.824,79000.0,0.8243,49000.0,0.8245,8000.0
1753617208197,11:53:28.197,bitmex,ADA/USDT:USDT,0.8241,71000.0,0.824,79000.0,0.8243,49000.0,0.8245,20000.0
1753617208246,11:53:28.246,bitmex,ADA/USDT:USDT,0.8241,71000.0,0.824,79000.0,0.8243,49000.0,0.8244,8000.0
1753617208295,11:53:28.295,bitmex,ADA/USDT:USDT,0.8241,71000.0,0.824,79000.0,0.8243,49000.0,0.8244,8000.0
1753617208568,11:53:28.568,bitmex,ADA/USDT:USDT,0.8241,71000.0,0.824,79000.0,0.8243,49000.0,0.8244,8000.0
1753617208847,11:53:28.847,bitmex,ADA/USDT:USDT,0.8241,71000.0,0.824,79000.0,0.8243,49000.0,0.8244,8000.0
1753617209014,11:53:29.014,bitmex,ADA/USDT:USDT,0.8241,71000.0,0.824,79000.0,0.8243,49000.0,0.8244,8000.0
1753617209208,11:53:29.208,bitmex,ADA/USDT:USDT,0.8241,71000.0,0.824,79000.0,0.8243,49000.0,0.8244,8000.0
1753617209304,11:53:29.304,bitmex,ADA/USDT:USDT,0.8241,71000.0,0.824,79000.0,0.8243,49000.0,0.8244,8000.0
1753617209354,11:53:29.354,bitmex,ADA/USDT:USDT,0.8241,71000.0,0.824,79000.0,0.8243,49000.0,0.8244,8000.0
1753617209946,11:53:29.946,bitmex,ADA/USDT:USDT,0.8241,71000.0,0.824,79000.0,0.8243,49000.0,0.8244,8000.0
1753617210281,11:53:30.281,bitmex,ADA/USDT:USDT,0.8241,71000.0,0.824,79000.0,0.8243,49000.0,0.8245,8000.0
1753617210412,11:53:30.412,bitmex,ADA/USDT:USDT,0.8241,71000.0,0.824,79000.0,0.8243,49000.0,0.8245,8000.0
1753617210814,11:53:30.814,bitmex,ADA/USDT:USDT,0.8241,71000.0,0.824,79000.0,0.8243,49000.0,0.8245,8000.0
1753617210863,11:53:30.863,bitmex,ADA/USDT:USDT,0.8241,71000.0,0.824,79000.0,0.8243,49000.0,0.8245,8000.0
1753617211770,11:53:31.770,bitmex,ADA/USDT:USDT,0.8242,8000.0,0.8241,71000.0,0.8243,49000.0,0.8245,8000.0
1753617211823,11:53:31.823,bitmex,ADA/USDT:USDT,0.8242,34000.0,0.8241,71000.0,0.8243,49000.0,0.8245,8000.0
1753617211872,11:53:31.872,bitmex,ADA/USDT:USDT,0.8242,34000.0,0.8241,71000.0,0.8243,49000.0,0.8245,8000.0
1753617211921,11:53:31.921,bitmex,ADA/USDT:USDT,0.8242,34000.0,0.8241,71000.0,0.8243,49000.0,0.8245,8000.0
1753617211970,11:53:31.970,bitmex,ADA/USDT:USDT,0.8242,34000.0,0.8241,71000.0,0.8243,49000.0,0.8245,8000.0
1753617212121,11:53:32.121,bitmex,ADA/USDT:USDT,0.8242,34000.0,0.8241,71000.0,0.8243,49000.0,0.8245,8000.0
1753617212171,11:53:32.171,bitmex,ADA/USDT:USDT,0.8242,34000.0,0.8241,71000.0,0.8245,8000.0,0.8246,59000.0
1753617212171,11:53:32.171,bitmex,ADA/USDT:USDT,0.8243,34000.0,0.8242,79000.0,0.8245,49000.0,0.8246,8000.0
1753617212220,11:53:32.220,bitmex,ADA/USDT:USDT,0.8243,34000.0,0.8242,79000.0,0.8245,49000.0,0.8246,8000.0
1753617212270,11:53:32.270,bitmex,ADA/USDT:USDT,0.8243,34000.0,0.8242,79000.0,0.8245,49000.0,0.8246,8000.0
1753617212490,11:53:32.490,bitmex,ADA/USDT:USDT,0.8243,34000.0,0.8242,79000.0,0.8245,49000.0,0.8246,8000.0
1753617212650,11:53:32.650,bitmex,ADA/USDT:USDT,0.8243,34000.0,0.8242,79000.0,0.8245,49000.0,0.8246,8000.0
1753617212700,11:53:32.700,bitmex,ADA/USDT:USDT,0.8243,34000.0,0.8242,79000.0,0.8245,49000.0,0.8246,8000.0
1753617212774,11:53:32.774,bitmex,ADA/USDT:USDT,0.8243,34000.0,0.8242,79000.0,0.8245,49000.0,0.8246,8000.0
1753617213052,11:53:33.052,bitmex,ADA/USDT:USDT,0.8243,34000.0,0.8242,79000.0,0.8245,49000.0,0.8246,8000.0
1753617213102,11:53:33.102,bitmex,ADA/USDT:USDT,0.8243,34000.0,0.8242,79000.0,0.8245,49000.0,0.8246,8000.0
1753617213186,11:53:33.186,bitmex,ADA/USDT:USDT,0.8243,34000.0,0.8242,79000.0,0.8245,49000.0,0.8246,8000.0
1753617213235,11:53:33.235,bitmex,ADA/USDT:USDT,0.8243,34000.0,0.8242,79000.0,0.8245,49000.0,0.8246,8000.0
1753617213573,11:53:33.573,bitmex,ADA/USDT:USDT,0.8243,34000.0,0.8242,79000.0,0.8245,49000.0,0.8246,8000.0
1753617213623,11:53:33.623,bitmex,ADA/USDT:USDT,0.8243,34000.0,0.8242,79000.0,0.8245,49000.0,0.8246,8000.0
1753617213850,11:53:33.850,bitmex,ADA/USDT:USDT,0.8243,34000.0,0.8242,79000.0,0.8245,49000.0,0.8246,8000.0
1753617214565,11:53:34.565,bitmex,ADA/USDT:USDT,0.8243,34000.0,0.8242,79000.0,0.8245,49000.0,0.8246,8000.0
1753617214615,11:53:34.615,bitmex,ADA/USDT:USDT,0.8243,34000.0,0.8242,79000.0,0.8245,49000.0,0.8246,8000.0
1753617214818,11:53:34.818,bitmex,ADA/USDT:USDT,0.8243,34000.0,0.8242,79000.0,0.8245,49000.0,0.8246,8000.0
1753617214927,11:53:34.927,bitmex,ADA/USDT:USDT,0.8243,34000.0,0.8242,79000.0,0.8245,49000.0,0.8246,8000.0
1753617215131,11:53:35.131,bitmex,ADA/USDT:USDT,0.8243,34000.0,0.8242,79000.0,0.8246,57000.0,0.8247,20000.0
1753617215180,11:53:35.180,bitmex,ADA/USDT:USDT,0.8243,34000.0,0.8242,79000.0,0.8246,57000.0,0.8247,20000.0
1753617215300,11:53:35.300,bitmex,ADA/USDT:USDT,0.8243,34000.0,0.8242,79000.0,0.8246,57000.0,0.8247,8000.0
1753617215349,11:53:35.349,bitmex,ADA/USDT:USDT,0.8243,34000.0,0.8242,79000.0,0.8246,57000.0,0.8247,8000.0
1753617215615,11:53:35.615,bitmex,ADA/USDT:USDT,0.8243,34000.0,0.8242,79000.0,0.8246,57000.0,0.8247,8000.0
1753617215664,11:53:35.664,bitmex,ADA/USDT:USDT,0.8243,34000.0,0.8242,79000.0,0.8246,57000.0,0.8247,8000.0
1753617215713,11:53:35.713,bitmex,ADA/USDT:USDT,0.8243,34000.0,0.8242,79000.0,0.8246,57000.0,0.8247,8000.0
1753617215959,11:53:35.959,bitmex,ADA/USDT:USDT,0.8243,34000.0,0.8242,79000.0,0.8246,57000.0,0.8247,20000.0
1753617216008,11:53:36.008,bitmex,ADA/USDT:USDT,0.8243,34000.0,0.8242,79000.0,0.8246,57000.0,0.8247,20000.0
1753617216181,11:53:36.181,bitmex,ADA/USDT:USDT,0.8243,34000.0,0.8242,79000.0,0.8246,57000.0,0.8247,20000.0
1753617216231,11:53:36.231,bitmex,ADA/USDT:USDT,0.8243,34000.0,0.8242,79000.0,0.8246,57000.0,0.8247,20000.0
1753617216366,11:53:36.366,bitmex,ADA/USDT:USDT,0.8243,34000.0,0.8242,79000.0,0.8246,57000.0,0.8247,8000.0
1753617216415,11:53:36.415,bitmex,ADA/USDT:USDT,0.8243,34000.0,0.8242,79000.0,0.8246,57000.0,0.8247,8000.0
1753617216837,11:53:36.837,bitmex,ADA/USDT:USDT,0.8243,34000.0,0.8242,79000.0,0.8246,57000.0,0.8247,8000.0
1753617216888,11:53:36.888,bitmex,ADA/USDT:USDT,0.8243,34000.0,0.8242,79000.0,0.8246,57000.0,0.8247,20000.0
1753617217218,11:53:37.218,bitmex,ADA/USDT:USDT,0.8243,34000.0,0.8242,79000.0,0.8246,57000.0,0.8247,8000.0
1753617217777,11:53:37.777,bitmex,ADA/USDT:USDT,0.8243,34000.0,0.8242,79000.0,0.8246,57000.0,0.8247,8000.0
1753617217827,11:53:37.827,bitmex,ADA/USDT:USDT,0.8243,34000.0,0.8242,79000.0,0.8246,57000.0,0.8247,8000.0
1753617218213,11:53:38.213,bitmex,ADA/USDT:USDT,0.8243,34000.0,0.8242,79000.0,0.8246,57000.0,0.8247,8000.0
1753617218434,11:53:38.434,bitmex,ADA/USDT:USDT,0.8243,34000.0,0.8242,79000.0,0.8246,57000.0,0.8247,8000.0
1753617218522,11:53:38.522,bitmex,ADA/USDT:USDT,0.8243,34000.0,0.8242,79000.0,0.8246,57000.0,0.8247,8000.0
1753617218693,11:53:38.693,bitmex,ADA/USDT:USDT,0.8243,34000.0,0.8242,79000.0,0.8246,57000.0,0.8247,8000.0
1753617219483,11:53:39.483,bitmex,ADA/USDT:USDT,0.8243,42000.0,0.8242,79000.0,0.8246,49000.0,0.8247,8000.0
1753617219722,11:53:39.722,bitmex,ADA/USDT:USDT,0.8243,42000.0,0.8242,79000.0,0.8246,49000.0,0.8247,8000.0
1753617220034,11:53:40.034,bitmex,ADA/USDT:USDT,0.8243,42000.0,0.8242,79000.0,0.8246,49000.0,0.8247,8000.0
1753617220244,11:53:40.244,bitmex,ADA/USDT:USDT,0.8244,8000.0,0.8243,42000.0,0.8246,49000.0,0.8247,8000.0
1753617220294,11:53:40.294,bitmex,ADA/USDT:USDT,0.8245,34000.0,0.8244,79000.0,0.8246,49000.0,0.8247,8000.0
1753617220343,11:53:40.343,bitmex,ADA/USDT:USDT,0.8245,34000.0,0.8244,79000.0,0.8246,49000.0,0.8247,8000.0
1753617220415,11:53:40.415,bitmex,ADA/USDT:USDT,0.8245,34000.0,0.8244,79000.0,0.8246,49000.0,0.8247,8000.0
1753617220464,11:53:40.464,bitmex,ADA/USDT:USDT,0.8245,34000.0,0.8244,79000.0,0.8246,49000.0,0.8247,8000.0
1753617220690,11:53:40.690,bitmex,ADA/USDT:USDT,0.8245,34000.0,0.8244,79000.0,0.8246,49000.0,0.8247,8000.0
1753617220740,11:53:40.740,bitmex,ADA/USDT:USDT,0.8245,34000.0,0.8244,79000.0,0.8246,49000.0,0.8247,8000.0
1753617220789,11:53:40.789,bitmex,ADA/USDT:USDT,0.8245,34000.0,0.8244,79000.0,0.8246,49000.0,0.8248,8000.0
1753617220838,11:53:40.838,bitmex,ADA/USDT:USDT,0.8245,34000.0,0.8244,79000.0,0.8246,49000.0,0.8248,8000.0
1753617220887,11:53:40.887,bitmex,ADA/USDT:USDT,0.8245,34000.0,0.8244,79000.0,0.8246,49000.0,0.8248,8000.0
1753617220974,11:53:40.974,bitmex,ADA/USDT:USDT,0.8245,34000.0,0.8244,79000.0,0.8246,49000.0,0.8248,8000.0
1753617221024,11:53:41.024,bitmex,ADA/USDT:USDT,0.8245,34000.0,0.8244,79000.0,0.8246,49000.0,0.8248,8000.0
1753617221073,11:53:41.073,bitmex,ADA/USDT:USDT,0.8245,34000.0,0.8244,79000.0,0.8246,49000.0,0.8248,8000.0
1753617221218,11:53:41.218,bitmex,ADA/USDT:USDT,0.8245,34000.0,0.8244,79000.0,0.8246,49000.0,0.8248,8000.0
1753617221268,11:53:41.268,bitmex,ADA/USDT:USDT,0.8245,34000.0,0.8244,79000.0,0.8246,49000.0,0.8249,8000.0
1753617221572,11:53:41.572,bitmex,ADA/USDT:USDT,0.8245,34000.0,0.8244,79000.0,0.8246,49000.0,0.8249,8000.0
1753617221843,11:53:41.843,bitmex,ADA/USDT:USDT,0.8245,34000.0,0.8244,79000.0,0.8246,49000.0,0.8249,8000.0
1753617223107,11:53:43.107,bitmex,ADA/USDT:USDT,0.8245,34000.0,0.8244,79000.0,0.8246,49000.0,0.8249,8000.0
1753617223157,11:53:43.157,bitmex,ADA/USDT:USDT,0.8245,42000.0,0.8244,79000.0,0.8246,49000.0,0.8249,8000.0
1753617223260,11:53:43.260,bitmex,ADA/USDT:USDT,0.8245,42000.0,0.8244,79000.0,0.8246,49000.0,0.8249,8000.0
1753617223310,11:53:43.310,bitmex,ADA/USDT:USDT,0.8245,42000.0,0.8244,79000.0,0.8246,49000.0,0.8249,8000.0
1753617223943,11:53:43.943,bitmex,ADA/USDT:USDT,0.8245,42000.0,0.8244,79000.0,0.8246,49000.0,0.8249,8000.0
1753617223992,11:53:43.992,bitmex,ADA/USDT:USDT,0.8245,42000.0,0.8244,79000.0,0.8246,49000.0,0.8249,8000.0
1753617224041,11:53:44.041,bitmex,ADA/USDT:USDT,0.8245,42000.0,0.8244,79000.0,0.8248,49000.0,0.8249,8000.0
1753617224090,11:53:44.090,bitmex,ADA/USDT:USDT,0.8246,34000.0,0.8245,87000.0,0.8248,49000.0,0.8249,8000.0
1753617224139,11:53:44.139,bitmex,ADA/USDT:USDT,0.8246,34000.0,0.8245,87000.0,0.8248,49000.0,0.8249,8000.0
1753617224188,11:53:44.188,bitmex,ADA/USDT:USDT,0.8246,34000.0,0.8245,87000.0,0.8248,49000.0,0.8249,8000.0
1753617224237,11:53:44.237,bitmex,ADA/USDT:USDT,0.8246,34000.0,0.8245,87000.0,0.8248,49000.0,0.8249,8000.0
1753617224321,11:53:44.321,bitmex,ADA/USDT:USDT,0.8246,34000.0,0.8245,87000.0,0.8248,49000.0,0.8249,8000.0
1753617224371,11:53:44.371,bitmex,ADA/USDT:USDT,0.8246,34000.0,0.8245,87000.0,0.8248,49000.0,0.8249,8000.0
1753617224447,11:53:44.447,bitmex,ADA/USDT:USDT,0.8246,34000.0,0.8245,87000.0,0.8248,49000.0,0.8249,8000.0
1753617224497,11:53:44.497,bitmex,ADA/USDT:USDT,0.8246,34000.0,0.8245,87000.0,0.8248,49000.0,0.8249,8000.0
1753617224562,11:53:44.562,bitmex,ADA/USDT:USDT,0.8246,34000.0,0.8245,87000.0,0.8248,49000.0,0.8249,8000.0
1753617224612,11:53:44.612,bitmex,ADA/USDT:USDT,0.8246,34000.0,0.8245,87000.0,0.8248,49000.0,0.8249,8000.0
1753617224840,11:53:44.840,bitmex,ADA/USDT:USDT,0.8246,34000.0,0.8245,87000.0,0.8248,49000.0,0.8249,8000.0
1753617225009,11:53:45.009,bitmex,ADA/USDT:USDT,0.8247,34000.0,0.8246,34000.0,0.8248,49000.0,0.8249,8000.0
1753617225058,11:53:45.058,bitmex,ADA/USDT:USDT,0.8247,34000.0,0.8246,79000.0,0.8248,49000.0,0.8249,8000.0
1753617225216,11:53:45.216,bitmex,ADA/USDT:USDT,0.8247,34000.0,0.8246,79000.0,0.8248,49000.0,0.8249,8000.0
1753617225785,11:53:45.785,bitmex,ADA/USDT:USDT,0.8246,79000.0,0.8245,8000.0,0.8248,49000.0,0.8249,8000.0
1753617225834,11:53:45.834,bitmex,ADA/USDT:USDT,0.8246,71000.0,0.8245,87000.0,0.8248,49000.0,0.8249,8000.0
1753617226014,11:53:46.014,bitmex,ADA/USDT:USDT,0.8246,71000.0,0.8245,87000.0,0.8248,49000.0,0.8249,8000.0
1753617226063,11:53:46.063,bitmex,ADA/USDT:USDT,0.8246,71000.0,0.8245,87000.0,0.8248,49000.0,0.8249,8000.0
1753617226175,11:53:46.175,bitmex,ADA/USDT:USDT,0.8246,71000.0,0.8245,87000.0,0.8248,49000.0,0.8249,8000.0
1753617226224,11:53:46.224,bitmex,ADA/USDT:USDT,0.8246,71000.0,0.8245,87000.0,0.8248,49000.0,0.8249,8000.0
1753617226273,11:53:46.273,bitmex,ADA/USDT:USDT,0.8247,34000.0,0.8246,71000.0,0.8248,49000.0,0.8249,8000.0
1753617226371,11:53:46.371,bitmex,ADA/USDT:USDT,0.8247,34000.0,0.8246,71000.0,0.8248,49000.0,0.8249,8000.0
1753617226420,11:53:46.420,bitmex,ADA/USDT:USDT,0.8247,34000.0,0.8246,71000.0,0.8248,49000.0,0.8249,8000.0
1753617226584,11:53:46.584,bitmex,ADA/USDT:USDT,0.8247,34000.0,0.8246,71000.0,0.8248,49000.0,0.8249,8000.0
1753617226638,11:53:46.638,bitmex,ADA/USDT:USDT,0.8247,34000.0,0.8246,71000.0,0.8248,49000.0,0.8249,8000.0
1753617226687,11:53:46.687,bitmex,ADA/USDT:USDT,0.8247,34000.0,0.8246,71000.0,0.8248,49000.0,0.8249,8000.0
1753617227070,11:53:47.070,bitmex,ADA/USDT:USDT,0.8247,34000.0,0.8246,71000.0,0.8248,49000.0,0.8251,99000.0
1753617227119,11:53:47.119,bitmex,ADA/USDT:USDT,0.8247,34000.0,0.8246,71000.0,0.8248,49000.0,0.825,8000.0
1753617227168,11:53:47.168,bitmex,ADA/USDT:USDT,0.8247,34000.0,0.8246,71000.0,0.8248,49000.0,0.825,8000.0
1753617227217,11:53:47.217,bitmex,ADA/USDT:USDT,0.8247,42000.0,0.8246,71000.0,0.8248,49000.0,0.8251,99000.0
1753617227267,11:53:47.267,bitmex,ADA/USDT:USDT,0.8247,42000.0,0.8246,79000.0,0.8248,49000.0,0.8251,99000.0
1753617227267,11:53:47.267,bitmex,ADA/USDT:USDT,0.8247,42000.0,0.8246,79000.0,0.8248,49000.0,0.8251,99000.0
1753617227317,11:53:47.317,bitmex,ADA/USDT:USDT,0.8247,42000.0,0.8246,79000.0,0.8248,49000.0,0.8251,8000.0
1753617227367,11:53:47.367,bitmex,ADA/USDT:USDT,0.825,34000.0,0.8249,34000.0,0.8252,59000.0,0.8253,719000.0
1753617227416,11:53:47.416,bitmex,ADA/USDT:USDT,0.8249,71000.0,0.8248,34000.0,0.8251,8000.0,0.8252,108000.0
1753617227465,11:53:47.465,bitmex,ADA/USDT:USDT,0.8248,71000.0,0.8247,42000.0,0.8251,57000.0,0.8252,8000.0
1753617227517,11:53:47.517,bitmex,ADA/USDT:USDT,0.8248,71000.0,0.8247,42000.0,0.8251,57000.0,0.8252,8000.0
1753617227620,11:53:47.620,bitmex,ADA/USDT:USDT,0.8248,71000.0,0.8247,42000.0,0.8251,57000.0,0.8252,8000.0
1753617227885,11:53:47.885,bitmex,ADA/USDT:USDT,0.8248,71000.0,0.8247,42000.0,0.8251,57000.0,0.8252,8000.0
1753617227979,11:53:47.979,bitmex,ADA/USDT:USDT,0.8248,71000.0,0.8247,42000.0,0.825,8000.0,0.8251,57000.0
1753617228028,11:53:48.028,bitmex,ADA/USDT:USDT,0.8247,34000.0,0.8246,8000.0,0.825,8000.0,0.8251,57000.0
1753617228077,11:53:48.077,bitmex,ADA/USDT:USDT,0.8247,34000.0,0.8246,87000.0,0.825,57000.0,0.8251,8000.0
1753617228208,11:53:48.208,bitmex,ADA/USDT:USDT,0.8247,34000.0,0.8246,87000.0,0.8249,8000.0,0.825,57000.0
1753617228257,11:53:48.257,bitmex,ADA/USDT:USDT,0.8246,71000.0,0.8245,79000.0,0.8249,8000.0,0.825,57000.0
1753617228306,11:53:48.306,bitmex,ADA/USDT:USDT,0.8246,71000.0,0.8245,79000.0,0.8249,8000.0,0.825,57000.0
1753617228424,11:53:48.424,bitmex,ADA/USDT:USDT,0.8246,71000.0,0.8245,79000.0,0.825,57000.0,0.8251,8000.0
1753617228474,11:53:48.474,bitmex,ADA/USDT:USDT,0.8248,34000.0,0.8247,34000.0,0.825,57000.0,0.8251,8000.0
1753617228523,11:53:48.523,bitmex,ADA/USDT:USDT,0.8248,34000.0,0.8247,34000.0,0.825,57000.0,0.8251,8000.0
1753617228572,11:53:48.572,bitmex,ADA/USDT:USDT,0.8248,34000.0,0.8247,34000.0,0.825,57000.0,0.8251,8000.0
1753617228621,11:53:48.621,bitmex,ADA/USDT:USDT,0.8248,34000.0,0.8247,34000.0,0.825,57000.0,0.8251,8000.0
1753617228670,11:53:48.670,bitmex,ADA/USDT:USDT,0.8248,34000.0,0.8247,34000.0,0.825,57000.0,0.8251,8000.0
1753617228747,11:53:48.747,bitmex,ADA/USDT:USDT,0.8248,34000.0,0.8247,34000.0,0.825,49000.0,0.8251,8000.0
1753617229057,11:53:49.057,bitmex,ADA/USDT:USDT,0.8248,34000.0,0.8247,34000.0,0.825,49000.0,0.8251,8000.0
1753617229249,11:53:49.249,bitmex,ADA/USDT:USDT,0.8248,34000.0,0.8247,34000.0,0.825,49000.0,0.8251,8000.0
1753617229298,11:53:49.298,bitmex,ADA/USDT:USDT,0.8248,34000.0,0.8247,34000.0,0.825,49000.0,0.8252,8000.0
1753617229586,11:53:49.586,bitmex,ADA/USDT:USDT,0.8248,34000.0,0.8247,34000.0,0.825,49000.0,0.8252,8000.0
1753617229716,11:53:49.716,bitmex,ADA/USDT:USDT,0.8248,34000.0,0.8247,34000.0,0.825,49000.0,0.8252,8000.0
1753617229838,11:53:49.838,bitmex,ADA/USDT:USDT,0.8249,34000.0,0.8248,34000.0,0.825,49000.0,0.8252,8000.0
1753617229888,11:53:49.888,bitmex,ADA/USDT:USDT,0.8249,34000.0,0.8248,87000.0,0.825,49000.0,0.8252,8000.0
1753617229937,11:53:49.937,bitmex,ADA/USDT:USDT,0.8249,34000.0,0.8248,87000.0,0.825,49000.0,0.8252,8000.0
1753617229986,11:53:49.986,bitmex,ADA/USDT:USDT,0.8249,34000.0,0.8248,87000.0,0.825,49000.0,0.8252,8000.0
1753617230066,11:53:50.066,bitmex,ADA/USDT:USDT,0.8249,34000.0,0.8248,87000.0,0.825,49000.0,0.8252,8000.0
1753617230115,11:53:50.115,bitmex,ADA/USDT:USDT,0.8249,34000.0,0.8248,87000.0,0.825,49000.0,0.8252,8000.0
1753617230190,11:53:50.190,bitmex,ADA/USDT:USDT,0.8249,34000.0,0.8248,87000.0,0.825,49000.0,0.8252,8000.0
1753617230240,11:53:50.240,bitmex,ADA/USDT:USDT,0.8249,42000.0,0.8248,87000.0,0.825,49000.0,0.8253,8000.0
1753617230289,11:53:50.289,bitmex,ADA/USDT:USDT,0.8249,42000.0,0.8248,87000.0,0.825,49000.0,0.8253,8000.0
1753617230391,11:53:50.391,bitmex,ADA/USDT:USDT,0.8249,42000.0,0.8248,87000.0,0.825,49000.0,0.8253,8000.0
1753617230440,11:53:50.440,bitmex,ADA/USDT:USDT,0.8249,42000.0,0.8248,87000.0,0.8253,8000.0,0.8254,8000.0
1753617230440,11:53:50.440,bitmex,ADA/USDT:USDT,0.8251,34000.0,0.825,79000.0,0.8252,49000.0,0.8253,8000.0
1753617230489,11:53:50.489,bitmex,ADA/USDT:USDT,0.825,71000.0,0.8249,79000.0,0.8252,49000.0,0.8253,8000.0
1753617230538,11:53:50.538,bitmex,ADA/USDT:USDT,0.825,71000.0,0.8249,79000.0,0.8252,49000.0,0.8253,8000.0
1753617230607,11:53:50.607,bitmex,ADA/USDT:USDT,0.825,71000.0,0.8249,79000.0,0.8252,49000.0,0.8253,8000.0
1753617230710,11:53:50.710,bitmex,ADA/USDT:USDT,0.825,71000.0,0.8249,79000.0,0.8252,49000.0,0.8253,8000.0
1753617230763,11:53:50.763,bitmex,ADA/USDT:USDT,0.825,71000.0,0.8249,79000.0,0.8252,49000.0,0.8253,8000.0
1753617230832,11:53:50.832,bitmex,ADA/USDT:USDT,0.8251,34000.0,0.825,71000.0,0.8252,49000.0,0.8253,8000.0
1753617230882,11:53:50.882,bitmex,ADA/USDT:USDT,0.8251,34000.0,0.825,71000.0,0.8252,49000.0,0.8253,8000.0
1753617230931,11:53:50.931,bitmex,ADA/USDT:USDT,0.8251,34000.0,0.825,71000.0,0.8252,49000.0,0.8253,8000.0
1753617231241,11:53:51.241,bitmex,ADA/USDT:USDT,0.825,71000.0,0.8248,8000.0,0.8252,49000.0,0.8253,8000.0
1753617231291,11:53:51.291,bitmex,ADA/USDT:USDT,0.8249,79000.0,0.8248,8000.0,0.8251,8000.0,0.8252,57000.0
1753617231340,11:53:51.340,bitmex,ADA/USDT:USDT,0.8249,71000.0,0.8248,79000.0,0.8251,8000.0,0.8252,57000.0
1753617231340,11:53:51.340,bitmex,ADA/USDT:USDT,0.8249,71000.0,0.8248,79000.0,0.8251,8000.0,0.8252,57000.0
1753617231389,11:53:51.389,bitmex,ADA/USDT:USDT,0.8249,71000.0,0.8248,79000.0,0.8251,8000.0,0.8252,57000.0
1753617231466,11:53:51.466,bitmex,ADA/USDT:USDT,0.8248,79000.0,0.8247,8000.0,0.8251,8000.0,0.8252,57000.0
1753617231516,11:53:51.516,bitmex,ADA/USDT:USDT,0.8248,79000.0,0.8245,6000.0,0.8251,8000.0,0.8252,57000.0
1753617231516,11:53:51.516,bitmex,ADA/USDT:USDT,0.8248,71000.0,0.8247,8000.0,0.825,49000.0,0.8251,8000.0
1753617231566,11:53:51.566,bitmex,ADA/USDT:USDT,0.8246,79000.0,0.8245,14000.0,0.825,49000.0,0.8251,8000.0
1753617231615,11:53:51.615,bitmex,ADA/USDT:USDT,0.8246,71000.0,0.8245,93000.0,0.825,49000.0,0.8251,8000.0
1753617231664,11:53:51.664,bitmex,ADA/USDT:USDT,0.8246,71000.0,0.8245,87000.0,0.825,49000.0,0.8251,8000.0
1753617231814,11:53:51.814,bitmex,ADA/USDT:USDT,0.8246,71000.0,0.8245,87000.0,0.825,49000.0,0.8251,8000.0
1753617231863,11:53:51.863,bitmex,ADA/USDT:USDT,0.8246,71000.0,0.8245,87000.0,0.825,49000.0,0.8252,8000.0
1753617231912,11:53:51.912,bitmex,ADA/USDT:USDT,0.8246,71000.0,0.8245,87000.0,0.825,57000.0,0.8252,8000.0
1753617231981,11:53:51.981,bitmex,ADA/USDT:USDT,0.8246,71000.0,0.8245,87000.0,0.8249,8000.0,0.825,57000.0
1753617232031,11:53:52.031,bitmex,ADA/USDT:USDT,0.8247,34000.0,0.8246,71000.0,0.8249,8000.0,0.825,57000.0
1753617232080,11:53:52.080,bitmex,ADA/USDT:USDT,0.8247,34000.0,0.8246,71000.0,0.8249,8000.0,0.825,57000.0
1753617232415,11:53:52.415,bitmex,ADA/USDT:USDT,0.8247,34000.0,0.8246,71000.0,0.8249,8000.0,0.825,57000.0
1753617232465,11:53:52.465,bitmex,ADA/USDT:USDT,0.8247,34000.0,0.8246,71000.0,0.8249,8000.0,0.825,57000.0
1753617232640,11:53:52.640,bitmex,ADA/USDT:USDT,0.8246,71000.0,0.8245,8000.0,0.8249,8000.0,0.825,57000.0
1753617232689,11:53:52.689,bitmex,ADA/USDT:USDT,0.8245,8000.0,0.8244,14000.0,0.8249,8000.0,0.825,57000.0
1753617232689,11:53:52.689,bitmex,ADA/USDT:USDT,0.8245,71000.0,0.8244,87000.0,0.8248,49000.0,0.8249,8000.0
1753617232738,11:53:52.738,bitmex,ADA/USDT:USDT,0.8245,71000.0,0.8244,87000.0,0.8248,49000.0,0.8249,8000.0
1753617232738,11:53:52.738,bitmex,ADA/USDT:USDT,0.8245,71000.0,0.8244,87000.0,0.8248,57000.0,0.8249,8000.0
1753617232836,11:53:52.836,bitmex,ADA/USDT:USDT,0.8245,71000.0,0.8244,87000.0,0.8248,57000.0,0.8249,8000.0
1753617232885,11:53:52.885,bitmex,ADA/USDT:USDT,0.8245,71000.0,0.8244,87000.0,0.8248,57000.0,0.8249,8000.0
1753617232934,11:53:52.934,bitmex,ADA/USDT:USDT,0.8245,71000.0,0.8244,87000.0,0.8248,57000.0,0.8249,8000.0
1753617233295,11:53:53.295,bitmex,ADA/USDT:USDT,0.8245,71000.0,0.8244,87000.0,0.8248,57000.0,0.8249,8000.0
1753617233383,11:53:53.383,bitmex,ADA/USDT:USDT,0.8246,34000.0,0.8245,71000.0,0.8248,57000.0,0.8249,8000.0
1753617233433,11:53:53.433,bitmex,ADA/USDT:USDT,0.8246,34000.0,0.8245,71000.0,0.8248,57000.0,0.8249,8000.0
1753617233482,11:53:53.482,bitmex,ADA/USDT:USDT,0.8246,34000.0,0.8245,71000.0,0.8248,57000.0,0.8249,8000.0
1753617233592,11:53:53.592,bitmex,ADA/USDT:USDT,0.8246,34000.0,0.8245,71000.0,0.8248,57000.0,0.8249,8000.0
1753617233867,11:53:53.867,bitmex,ADA/USDT:USDT,0.8246,34000.0,0.8245,71000.0,0.8248,57000.0,0.8249,8000.0
1753617234402,11:53:54.402,bitmex,ADA/USDT:USDT,0.8246,34000.0,0.8245,71000.0,0.8248,57000.0,0.8249,8000.0
1753617234451,11:53:54.451,bitmex,ADA/USDT:USDT,0.8246,34000.0,0.8245,71000.0,0.8248,57000.0,0.825,8000.0
1753617234716,11:53:54.716,bitmex,ADA/USDT:USDT,0.8245,71000.0,0.8244,8000.0,0.8248,57000.0,0.825,8000.0
1753617234766,11:53:54.766,bitmex,ADA/USDT:USDT,0.8245,71000.0,0.8244,87000.0,0.8248,57000.0,0.825,8000.0
1753617235445,11:53:55.445,bitmex,ADA/USDT:USDT,0.8245,71000.0,0.8244,87000.0,0.8247,8000.0,0.8248,57000.0
1753617235494,11:53:55.494,bitmex,ADA/USDT:USDT,0.8245,71000.0,0.8244,79000.0,0.8247,8000.0,0.8248,57000.0
1753617235543,11:53:55.543,bitmex,ADA/USDT:USDT,0.8245,71000.0,0.8244,79000.0,0.8247,8000.0,0.8248,57000.0
1753617235596,11:53:55.596,bitmex,ADA/USDT:USDT,0.8244,79000.0,0.8243,62000.0,0.8247,8000.0,0.8248,57000.0
1753617235646,11:53:55.646,bitmex,ADA/USDT:USDT,0.8244,71000.0,0.8243,140000.0,0.8247,8000.0,0.8248,57000.0
1753617235718,11:53:55.718,bitmex,ADA/USDT:USDT,0.8244,71000.0,0.8243,140000.0,0.8247,8000.0,0.8248,57000.0
1753617235768,11:53:55.768,bitmex,ADA/USDT:USDT,0.8244,71000.0,0.8243,140000.0,0.8247,8000.0,0.8248,57000.0
1753617235894,11:53:55.894,bitmex,ADA/USDT:USDT,0.8244,71000.0,0.8243,140000.0,0.8248,57000.0,0.825,20000.0
1753617235943,11:53:55.943,bitmex,ADA/USDT:USDT,0.8246,34000.0,0.8245,78000.0,0.8248,57000.0,0.825,20000.0
1753617236002,11:53:56.002,bitmex,ADA/USDT:USDT,0.8246,34000.0,0.8245,78000.0,0.8248,57000.0,0.825,20000.0
1753617236052,11:53:56.052,bitmex,ADA/USDT:USDT,0.8246,34000.0,0.8245,78000.0,0.8248,57000.0,0.825,20000.0
1753617236361,11:53:56.361,bitmex,ADA/USDT:USDT,0.8246,34000.0,0.8245,78000.0,0.8247,8000.0,0.8248,57000.0
1753617236411,11:53:56.411,bitmex,ADA/USDT:USDT,0.8246,34000.0,0.8245,78000.0,0.8248,57000.0,0.825,20000.0
1753617236460,11:53:56.460,bitmex,ADA/USDT:USDT,0.8246,34000.0,0.8245,78000.0,0.8248,57000.0,0.825,20000.0
1753617237072,11:53:57.072,bitmex,ADA/USDT:USDT,0.8246,34000.0,0.8245,78000.0,0.8248,57000.0,0.825,20000.0
1753617237122,11:53:57.122,bitmex,ADA/USDT:USDT,0.8246,34000.0,0.8245,78000.0,0.8248,57000.0,0.825,20000.0
1753617237204,11:53:57.204,bitmex,ADA/USDT:USDT,0.8246,34000.0,0.8245,78000.0,0.8248,57000.0,0.825,20000.0
1753617237254,11:53:57.254,bitmex,ADA/USDT:USDT,0.8246,34000.0,0.8245,78000.0,0.8248,57000.0,0.825,20000.0
1753617237385,11:53:57.385,bitmex,ADA/USDT:USDT,0.8246,34000.0,0.8245,78000.0,0.8248,57000.0,0.825,20000.0
1753617237435,11:53:57.435,bitmex,ADA/USDT:USDT,0.8246,34000.0,0.8245,78000.0,0.8248,57000.0,0.825,20000.0
1753617237557,11:53:57.557,bitmex,ADA/USDT:USDT,0.8246,34000.0,0.8245,78000.0,0.8248,57000.0,0.825,20000.0
1753617237607,11:53:57.607,bitmex,ADA/USDT:USDT,0.8246,34000.0,0.8245,78000.0,0.8248,57000.0,0.825,20000.0
1753617237743,11:53:57.743,bitmex,ADA/USDT:USDT,0.8246,34000.0,0.8245,78000.0,0.8247,8000.0,0.8248,57000.0
1753617237792,11:53:57.792,bitmex,ADA/USDT:USDT,0.8244,31000.0,0.8243,65000.0,0.8246,8000.0,0.8247,57000.0
1753617237842,11:53:57.842,bitmex,ADA/USDT:USDT,0.8244,31000.0,0.8243,65000.0,0.8246,57000.0,0.8247,8000.0
1753617237981,11:53:57.981,bitmex,ADA/USDT:USDT,0.8244,31000.0,0.8243,65000.0,0.8246,57000.0,0.8247,8000.0
1753617238030,11:53:58.030,bitmex,ADA/USDT:USDT,0.8244,31000.0,0.8243,65000.0,0.8246,57000.0,0.8247,8000.0
1753617238106,11:53:58.106,bitmex,ADA/USDT:USDT,0.8244,31000.0,0.8243,65000.0,0.8246,57000.0,0.8247,8000.0
1753617238282,11:53:58.282,bitmex,ADA/USDT:USDT,0.8244,31000.0,0.8243,65000.0,0.8246,57000.0,0.8247,8000.0
1753617238378,11:53:58.378,bitmex,ADA/USDT:USDT,0.8244,31000.0,0.8243,65000.0,0.8246,57000.0,0.8247,8000.0
1753617238428,11:53:58.428,bitmex,ADA/USDT:USDT,0.8244,31000.0,0.8243,65000.0,0.8246,57000.0,0.8247,8000.0
1753617239533,11:53:59.533,bitmex,ADA/USDT:USDT,0.8244,31000.0,0.8243,65000.0,0.8246,57000.0,0.8247,8000.0
1753617239582,11:53:59.582,bitmex,ADA/USDT:USDT,0.8244,31000.0,0.8243,65000.0,0.8246,57000.0,0.8247,8000.0
1753617239749,11:53:59.749,bitmex,ADA/USDT:USDT,0.8243,65000.0,0.8242,8000.0,0.8246,57000.0,0.8247,8000.0
1753617239798,11:53:59.798,bitmex,ADA/USDT:USDT,0.8243,65000.0,0.8242,86000.0,0.8245,8000.0,0.8246,57000.0
1753617239847,11:53:59.847,bitmex,ADA/USDT:USDT,0.8243,65000.0,0.8242,86000.0,0.8245,8000.0,0.8246,57000.0
1753617239896,11:53:59.896,bitmex,ADA/USDT:USDT,0.8243,65000.0,0.8242,86000.0,0.8245,8000.0,0.8246,57000.0
1753617239945,11:53:59.945,bitmex,ADA/USDT:USDT,0.8243,65000.0,0.8242,86000.0,0.8245,8000.0,0.8246,57000.0
1753617239994,11:53:59.994,bitmex,ADA/USDT:USDT,0.8243,65000.0,0.8242,86000.0,0.8245,8000.0,0.8246,57000.0
1753617240081,11:54:00.081,bitmex,ADA/USDT:USDT,0.8243,65000.0,0.8242,86000.0,0.8245,8000.0,0.8246,57000.0
1753617240353,11:54:00.353,bitmex,ADA/USDT:USDT,0.8243,65000.0,0.8242,86000.0,0.8245,8000.0,0.8246,57000.0
1753617240549,11:54:00.549,bitmex,ADA/USDT:USDT,0.8243,65000.0,0.8242,86000.0,0.8245,8000.0,0.8246,57000.0
1753617240598,11:54:00.598,bitmex,ADA/USDT:USDT,0.8243,65000.0,0.8242,86000.0,0.8245,8000.0,0.8246,57000.0
1753617240647,11:54:00.647,bitmex,ADA/USDT:USDT,0.8243,65000.0,0.8242,78000.0,0.8245,8000.0,0.8246,57000.0
1753617240776,11:54:00.776,bitmex,ADA/USDT:USDT,0.8243,65000.0,0.8242,78000.0,0.8245,8000.0,0.8246,57000.0
1753617240944,11:54:00.944,bitmex,ADA/USDT:USDT,0.8243,65000.0,0.8242,78000.0,0.8246,57000.0,0.8248,20000.0
1753617240994,11:54:00.994,bitmex,ADA/USDT:USDT,0.8244,31000.0,0.8243,65000.0,0.8246,57000.0,0.8248,20000.0
1753617241946,11:54:01.946,bitmex,ADA/USDT:USDT,0.8244,31000.0,0.8243,65000.0,0.8245,8000.0,0.8246,57000.0
1753617241996,11:54:01.996,bitmex,ADA/USDT:USDT,0.8242,65000.0,0.8241,86000.0,0.8245,8000.0,0.8246,57000.0
1753617242045,11:54:02.045,bitmex,ADA/USDT:USDT,0.8242,65000.0,0.8241,86000.0,0.8245,8000.0,0.8246,57000.0
1753617242094,11:54:02.094,bitmex,ADA/USDT:USDT,0.8242,65000.0,0.8241,86000.0,0.8245,8000.0,0.8246,57000.0
1753617242148,11:54:02.148,bitmex,ADA/USDT:USDT,0.8242,65000.0,0.8241,86000.0,0.8245,8000.0,0.8246,57000.0
1753617242198,11:54:02.198,bitmex,ADA/USDT:USDT,0.8242,65000.0,0.8241,86000.0,0.8245,8000.0,0.8246,57000.0
1753617242355,11:54:02.355,bitmex,ADA/USDT:USDT,0.8242,65000.0,0.8241,86000.0,0.8245,8000.0,0.8246,57000.0
1753617242404,11:54:02.404,bitmex,ADA/USDT:USDT,0.8242,65000.0,0.8241,86000.0,0.8245,8000.0,0.8246,57000.0
1753617242465,11:54:02.465,bitmex,ADA/USDT:USDT,0.8242,65000.0,0.8241,86000.0,0.8245,8000.0,0.8246,57000.0
1753617242514,11:54:02.514,bitmex,ADA/USDT:USDT,0.8242,65000.0,0.8241,86000.0,0.8245,8000.0,0.8246,57000.0
1753617242563,11:54:02.563,bitmex,ADA/USDT:USDT,0.8242,65000.0,0.8241,86000.0,0.8245,8000.0,0.8246,57000.0
1753617242612,11:54:02.612,bitmex,ADA/USDT:USDT,0.8241,65000.0,0.824,86000.0,0.8245,8000.0,0.8246,57000.0
1753617242662,11:54:02.662,bitmex,ADA/USDT:USDT,0.8241,65000.0,0.824,86000.0,0.8244,8000.0,0.8245,57000.0
1753617242711,11:54:02.711,bitmex,ADA/USDT:USDT,0.8241,65000.0,0.824,86000.0,0.8244,8000.0,0.8245,57000.0
1753617242816,11:54:02.816,bitmex,ADA/USDT:USDT,0.8241,65000.0,0.824,86000.0,0.8244,8000.0,0.8245,57000.0
1753617242865,11:54:02.865,bitmex,ADA/USDT:USDT,0.8241,65000.0,0.824,86000.0,0.8244,8000.0,0.8245,57000.0
1753617242914,11:54:02.914,bitmex,ADA/USDT:USDT,0.8242,31000.0,0.8241,65000.0,0.8245,57000.0,0.8246,8000.0
1753617242963,11:54:02.963,bitmex,ADA/USDT:USDT,0.8242,31000.0,0.8241,65000.0,0.8245,57000.0,0.8246,8000.0
1753617243347,11:54:03.347,bitmex,ADA/USDT:USDT,0.8242,31000.0,0.8241,65000.0,0.8244,8000.0,0.8245,57000.0
1753617243397,11:54:03.397,bitmex,ADA/USDT:USDT,0.8242,31000.0,0.8241,65000.0,0.8244,8000.0,0.8245,57000.0
1753617243446,11:54:03.446,bitmex,ADA/USDT:USDT,0.8242,31000.0,0.8241,65000.0,0.8245,57000.0,0.8246,8000.0
1753617243619,11:54:03.619,bitmex,ADA/USDT:USDT,0.8242,31000.0,0.8241,65000.0,0.8244,8000.0,0.8245,57000.0
1753617243669,11:54:03.669,bitmex,ADA/USDT:USDT,0.8242,31000.0,0.8241,65000.0,0.8244,8000.0,0.8245,57000.0
1753617243718,11:54:03.718,bitmex,ADA/USDT:USDT,0.8242,31000.0,0.8241,65000.0,0.8244,8000.0,0.8245,57000.0
1753617243877,11:54:03.877,bitmex,ADA/USDT:USDT,0.8242,31000.0,0.8241,65000.0,0.8245,57000.0,0.8246,8000.0
1753617243926,11:54:03.926,bitmex,ADA/USDT:USDT,0.8242,31000.0,0.8241,65000.0,0.8245,57000.0,0.8246,8000.0
1753617243988,11:54:03.988,bitmex,ADA/USDT:USDT,0.8242,31000.0,0.8241,65000.0,0.8245,57000.0,0.8246,8000.0
1753617244092,11:54:04.092,bitmex,ADA/USDT:USDT,0.8242,31000.0,0.8241,65000.0,0.8245,57000.0,0.8246,8000.0
1753617244141,11:54:04.141,bitmex,ADA/USDT:USDT,0.8242,31000.0,0.8241,65000.0,0.8245,57000.0,0.8246,8000.0
1753617244190,11:54:04.190,bitmex,ADA/USDT:USDT,0.8242,31000.0,0.8241,65000.0,0.8245,57000.0,0.8246,8000.0
1753617244273,11:54:04.273,bitmex,ADA/USDT:USDT,0.8242,31000.0,0.8241,65000.0,0.8244,8000.0,0.8245,57000.0
1753617244323,11:54:04.323,bitmex,ADA/USDT:USDT,0.8242,31000.0,0.8241,65000.0,0.8244,8000.0,0.8245,57000.0
1753617244373,11:54:04.373,bitmex,ADA/USDT:USDT,0.8241,65000.0,0.824,8000.0,0.8244,8000.0,0.8245,57000.0
1753617244422,11:54:04.422,bitmex,ADA/USDT:USDT,0.8241,65000.0,0.824,86000.0,0.8244,8000.0,0.8245,57000.0
1753617244471,11:54:04.471,bitmex,ADA/USDT:USDT,0.8241,65000.0,0.824,86000.0,0.8244,8000.0,0.8245,57000.0
1753617244563,11:54:04.563,bitmex,ADA/USDT:USDT,0.8241,65000.0,0.824,86000.0,0.8244,8000.0,0.8245,57000.0
1753617244613,11:54:04.613,bitmex,ADA/USDT:USDT,0.8241,65000.0,0.824,86000.0,0.8244,8000.0,0.8245,57000.0
1753617245012,11:54:05.012,bitmex,ADA/USDT:USDT,0.8241,65000.0,0.824,86000.0,0.8244,8000.0,0.8245,57000.0
1753617245061,11:54:05.061,bitmex,ADA/USDT:USDT,0.8241,65000.0,0.824,86000.0,0.8244,8000.0,0.8245,57000.0
1753617245314,11:54:05.314,bitmex,ADA/USDT:USDT,0.8241,65000.0,0.824,78000.0,0.8244,8000.0,0.8245,57000.0
1753617245366,11:54:05.366,bitmex,ADA/USDT:USDT,0.8241,65000.0,0.824,78000.0,0.8244,8000.0,0.8245,57000.0
1753617245415,11:54:05.415,bitmex,ADA/USDT:USDT,0.8241,65000.0,0.824,78000.0,0.8244,8000.0,0.8245,57000.0
1753617245485,11:54:05.485,bitmex,ADA/USDT:USDT,0.8241,65000.0,0.824,78000.0,0.8244,8000.0,0.8245,57000.0
1753617245534,11:54:05.534,bitmex,ADA/USDT:USDT,0.8241,65000.0,0.824,78000.0,0.8244,8000.0,0.8245,57000.0
1753617245634,11:54:05.634,bitmex,ADA/USDT:USDT,0.8241,65000.0,0.824,78000.0,0.8244,8000.0,0.8245,57000.0
1753617245913,11:54:05.913,bitmex,ADA/USDT:USDT,0.8241,65000.0,0.824,78000.0,0.8244,8000.0,0.8245,57000.0
1753617245963,11:54:05.963,bitmex,ADA/USDT:USDT,0.8241,65000.0,0.824,78000.0,0.8244,8000.0,0.8245,57000.0
1753617246012,11:54:06.012,bitmex,ADA/USDT:USDT,0.8241,65000.0,0.824,78000.0,0.8244,8000.0,0.8245,57000.0
1753617246061,11:54:06.061,bitmex,ADA/USDT:USDT,0.8241,65000.0,0.824,78000.0,0.8244,8000.0,0.8245,57000.0
1753617246110,11:54:06.110,bitmex,ADA/USDT:USDT,0.824,78000.0,0.8239,62000.0,0.8244,8000.0,0.8245,57000.0
1753617246110,11:54:06.110,bitmex,ADA/USDT:USDT,0.824,65000.0,0.8239,140000.0,0.8243,57000.0,0.8244,8000.0
1753617246159,11:54:06.159,bitmex,ADA/USDT:USDT,0.824,65000.0,0.8239,140000.0,0.8243,57000.0,0.8244,8000.0
1753617246209,11:54:06.209,bitmex,ADA/USDT:USDT,0.824,65000.0,0.8239,140000.0,0.8243,57000.0,0.8244,8000.0
1753617246259,11:54:06.259,bitmex,ADA/USDT:USDT,0.824,65000.0,0.8239,140000.0,0.8243,57000.0,0.8244,8000.0
1753617246332,11:54:06.332,bitmex,ADA/USDT:USDT,0.824,65000.0,0.8239,140000.0,0.8243,57000.0,0.8244,8000.0
1753617246384,11:54:06.384,bitmex,ADA/USDT:USDT,0.824,65000.0,0.8239,140000.0,0.8243,57000.0,0.8244,8000.0
1753617246440,11:54:06.440,bitmex,ADA/USDT:USDT,0.824,65000.0,0.8239,140000.0,0.8243,57000.0,0.8244,8000.0
1753617246523,11:54:06.523,bitmex,ADA/USDT:USDT,0.824,65000.0,0.8239,140000.0,0.8243,57000.0,0.8244,8000.0
1753617246605,11:54:06.605,bitmex,ADA/USDT:USDT,0.824,65000.0,0.8239,140000.0,0.8243,57000.0,0.8244,8000.0
1753617247002,11:54:07.002,bitmex,ADA/USDT:USDT,0.824,65000.0,0.8239,140000.0,0.8242,8000.0,0.8243,57000.0
1753617247051,11:54:07.051,bitmex,ADA/USDT:USDT,0.8239,119000.0,0.8238,86000.0,0.8242,57000.0,0.8243,8000.0
1753617247100,11:54:07.100,bitmex,ADA/USDT:USDT,0.8239,54000.0,0.8238,86000.0,0.8242,57000.0,0.8243,8000.0
1753617247149,11:54:07.149,bitmex,ADA/USDT:USDT,0.8239,54000.0,0.8238,86000.0,0.8242,57000.0,0.8243,8000.0
1753617247199,11:54:07.199,bitmex,ADA/USDT:USDT,0.8239,54000.0,0.8238,86000.0,0.8242,57000.0,0.8243,8000.0
1753617247248,11:54:07.248,bitmex,ADA/USDT:USDT,0.8239,54000.0,0.8238,86000.0,0.8241,8000.0,0.8242,57000.0
1753617247297,11:54:07.297,bitmex,ADA/USDT:USDT,0.8238,73000.0,0.8237,8000.0,0.8241,8000.0,0.8242,57000.0
1753617247297,11:54:07.297,bitmex,ADA/USDT:USDT,0.8238,73000.0,0.8237,8000.0,0.8241,8000.0,0.8242,57000.0
1753617247346,11:54:07.346,bitmex,ADA/USDT:USDT,0.8238,73000.0,0.8237,8000.0,0.8241,8000.0,0.8242,57000.0
1753617247396,11:54:07.396,bitmex,ADA/USDT:USDT,0.8238,73000.0,0.8237,8000.0,0.8241,8000.0,0.8242,57000.0
1753617247446,11:54:07.446,bitmex,ADA/USDT:USDT,0.8238,65000.0,0.8237,8000.0,0.8241,8000.0,0.8242,57000.0
1753617247531,11:54:07.531,bitmex,ADA/USDT:USDT,0.8238,65000.0,0.8237,8000.0,0.8241,8000.0,0.8242,57000.0
1753617247607,11:54:07.607,bitmex,ADA/USDT:USDT,0.8238,65000.0,0.8237,8000.0,0.8241,8000.0,0.8242,57000.0
1753617247657,11:54:07.657,bitmex,ADA/USDT:USDT,0.8238,65000.0,0.8237,8000.0,0.8241,8000.0,0.8242,57000.0
1753617247706,11:54:07.706,bitmex,ADA/USDT:USDT,0.8238,65000.0,0.8237,8000.0,0.8241,8000.0,0.8242,57000.0
1753617248033,11:54:08.033,bitmex,ADA/USDT:USDT,0.8237,8000.0,0.8236,86000.0,0.8241,8000.0,0.8242,57000.0
1753617248088,11:54:08.088,bitmex,ADA/USDT:USDT,0.8237,8000.0,0.8236,86000.0,0.8241,57000.0,0.8242,8000.0
1753617248088,11:54:08.088,bitmex,ADA/USDT:USDT,0.8238,31000.0,0.8237,8000.0,0.8241,57000.0,0.8242,8000.0
1753617248138,11:54:08.138,bitmex,ADA/USDT:USDT,0.8238,31000.0,0.8237,8000.0,0.824,8000.0,0.8241,57000.0
1753617248217,11:54:08.217,bitmex,ADA/USDT:USDT,0.8238,31000.0,0.8237,8000.0,0.824,8000.0,0.8241,57000.0
1753617248355,11:54:08.355,bitmex,ADA/USDT:USDT,0.8238,31000.0,0.8237,8000.0,0.824,8000.0,0.8241,57000.0
1753617248425,11:54:08.425,bitmex,ADA/USDT:USDT,0.8238,31000.0,0.8237,8000.0,0.824,8000.0,0.8241,57000.0
1753617248605,11:54:08.605,bitmex,ADA/USDT:USDT,0.8238,31000.0,0.8237,8000.0,0.824,8000.0,0.8241,57000.0
1753617248859,11:54:08.859,bitmex,ADA/USDT:USDT,0.8238,31000.0,0.8237,8000.0,0.824,8000.0,0.8241,57000.0
1753617249374,11:54:09.374,bitmex,ADA/USDT:USDT,0.8238,31000.0,0.8237,8000.0,0.824,8000.0,0.8241,57000.0
1753617249423,11:54:09.423,bitmex,ADA/USDT:USDT,0.8238,31000.0,0.8237,8000.0,0.824,8000.0,0.8241,57000.0
1753617249472,11:54:09.472,bitmex,ADA/USDT:USDT,0.8238,31000.0,0.8237,8000.0,0.8241,57000.0,0.8242,8000.0
1753617249521,11:54:09.521,bitmex,ADA/USDT:USDT,0.8238,31000.0,0.8237,8000.0,0.8241,57000.0,0.8242,8000.0
1753617249570,11:54:09.570,bitmex,ADA/USDT:USDT,0.8238,31000.0,0.8237,8000.0,0.8241,57000.0,0.8242,8000.0
1753617249643,11:54:09.643,bitmex,ADA/USDT:USDT,0.8238,31000.0,0.8237,8000.0,0.8241,57000.0,0.8242,8000.0
1753617249693,11:54:09.693,bitmex,ADA/USDT:USDT,0.8238,31000.0,0.8237,8000.0,0.8241,57000.0,0.8242,8000.0
1753617250107,11:54:10.107,bitmex,ADA/USDT:USDT,0.8238,31000.0,0.8237,8000.0,0.824,8000.0,0.8241,57000.0
1753617250157,11:54:10.157,bitmex,ADA/USDT:USDT,0.8238,31000.0,0.8237,8000.0,0.824,8000.0,0.8241,57000.0
1753617250206,11:54:10.206,bitmex,ADA/USDT:USDT,0.8238,31000.0,0.8237,8000.0,0.8241,57000.0,0.8242,8000.0
1753617250255,11:54:10.255,bitmex,ADA/USDT:USDT,0.8238,31000.0,0.8237,8000.0,0.8241,57000.0,0.8242,8000.0
1753617250315,11:54:10.315,bitmex,ADA/USDT:USDT,0.8238,31000.0,0.8237,8000.0,0.8241,57000.0,0.8242,8000.0
1753617250365,11:54:10.365,bitmex,ADA/USDT:USDT,0.8238,31000.0,0.8237,8000.0,0.8241,57000.0,0.8242,8000.0
1753617250685,11:54:10.685,bitmex,ADA/USDT:USDT,0.8238,31000.0,0.8237,8000.0,0.8241,57000.0,0.8242,8000.0
1753617250976,11:54:10.976,bitmex,ADA/USDT:USDT,0.8238,31000.0,0.8237,8000.0,0.8241,57000.0,0.8242,8000.0
1753617251427,11:54:11.427,bitmex,ADA/USDT:USDT,0.8238,31000.0,0.8237,8000.0,0.824,8000.0,0.8241,57000.0
1753617251476,11:54:11.476,bitmex,ADA/USDT:USDT,0.8239,31000.0,0.8238,78000.0,0.8241,57000.0,0.8242,8000.0
1753617251899,11:54:11.899,bitmex,ADA/USDT:USDT,0.8239,31000.0,0.8238,78000.0,0.8241,57000.0,0.8242,8000.0
1753617252052,11:54:12.052,bitmex,ADA/USDT:USDT,0.8239,31000.0,0.8238,78000.0,0.8241,57000.0,0.8242,8000.0
1753617252155,11:54:12.155,bitmex,ADA/USDT:USDT,0.8239,31000.0,0.8238,78000.0,0.8241,57000.0,0.8242,8000.0
1753617252502,11:54:12.502,bitmex,ADA/USDT:USDT,0.8239,31000.0,0.8238,78000.0,0.8241,57000.0,0.8242,8000.0
1753617253173,11:54:13.173,bitmex,ADA/USDT:USDT,0.8239,31000.0,0.8238,78000.0,0.8241,57000.0,0.8242,8000.0
1753617253324,11:54:13.324,bitmex,ADA/USDT:USDT,0.8239,31000.0,0.8238,78000.0,0.8241,57000.0,0.8242,8000.0
1753617253373,11:54:13.373,bitmex,ADA/USDT:USDT,0.8239,31000.0,0.8238,78000.0,0.8241,57000.0,0.8242,8000.0
1753617253736,11:54:13.736,bitmex,ADA/USDT:USDT,0.8239,31000.0,0.8238,78000.0,0.8241,57000.0,0.8242,8000.0
1753617253785,11:54:13.785,bitmex,ADA/USDT:USDT,0.8239,31000.0,0.8238,78000.0,0.8241,57000.0,0.8242,8000.0
1753617254216,11:54:14.216,bitmex,ADA/USDT:USDT,0.8239,31000.0,0.8238,78000.0,0.8241,57000.0,0.8242,8000.0
1753617254265,11:54:14.265,bitmex,ADA/USDT:USDT,0.8239,31000.0,0.8238,78000.0,0.8241,57000.0,0.8242,8000.0
1753617254406,11:54:14.406,bitmex,ADA/USDT:USDT,0.8239,31000.0,0.8238,78000.0,0.8241,57000.0,0.8242,8000.0
1753617255040,11:54:15.040,bitmex,ADA/USDT:USDT,0.8239,31000.0,0.8238,78000.0,0.8241,57000.0,0.8242,8000.0
1753617255260,11:54:15.260,bitmex,ADA/USDT:USDT,0.8239,31000.0,0.8238,78000.0,0.8241,49000.0,0.8242,8000.0
1753617255986,11:54:15.986,bitmex,ADA/USDT:USDT,0.8238,78000.0,0.8236,8000.0,0.8241,49000.0,0.8242,8000.0
1753617256036,11:54:16.036,bitmex,ADA/USDT:USDT,0.8238,65000.0,0.8236,8000.0,0.8241,49000.0,0.8242,8000.0
1753617256085,11:54:16.085,bitmex,ADA/USDT:USDT,0.8238,65000.0,0.8237,8000.0,0.8241,49000.0,0.8242,8000.0
1753617256245,11:54:16.245,bitmex,ADA/USDT:USDT,0.8238,65000.0,0.8237,8000.0,0.8241,49000.0,0.8242,8000.0
1753617256382,11:54:16.382,bitmex,ADA/USDT:USDT,0.8238,65000.0,0.8237,8000.0,0.8241,49000.0,0.8242,8000.0
1753617256431,11:54:16.431,bitmex,ADA/USDT:USDT,0.8238,65000.0,0.8237,8000.0,0.8241,49000.0,0.8242,8000.0
1753617256480,11:54:16.480,bitmex,ADA/USDT:USDT,0.8238,65000.0,0.8237,8000.0,0.8241,57000.0,0.8242,8000.0
1753617256742,11:54:16.742,bitmex,ADA/USDT:USDT,0.8238,65000.0,0.8237,8000.0,0.824,8000.0,0.8241,57000.0
1753617256803,11:54:16.803,bitmex,ADA/USDT:USDT,0.8238,65000.0,0.8237,8000.0,0.824,8000.0,0.8241,57000.0
1753617257070,11:54:17.070,bitmex,ADA/USDT:USDT,0.8238,65000.0,0.8237,8000.0,0.8241,57000.0,0.8242,8000.0
1753617257417,11:54:17.417,bitmex,ADA/USDT:USDT,0.8238,65000.0,0.8237,8000.0,0.8241,57000.0,0.8242,8000.0
1753617258295,11:54:18.295,bitmex,ADA/USDT:USDT,0.8238,65000.0,0.8237,8000.0,0.8241,57000.0,0.8242,8000.0
1753617258934,11:54:18.934,bitmex,ADA/USDT:USDT,0.8238,65000.0,0.8237,8000.0,0.8241,57000.0,0.8242,8000.0
1753617259016,11:54:19.016,bitmex,ADA/USDT:USDT,0.8238,65000.0,0.8237,8000.0,0.8241,57000.0,0.8242,8000.0
1753617259066,11:54:19.066,bitmex,ADA/USDT:USDT,0.8238,65000.0,0.8237,8000.0,0.8241,57000.0,0.8242,8000.0
1753617259467,11:54:19.467,bitmex,ADA/USDT:USDT,0.8238,65000.0,0.8237,8000.0,0.8241,57000.0,0.8242,8000.0
1753617259516,11:54:19.516,bitmex,ADA/USDT:USDT,0.8238,65000.0,0.8237,8000.0,0.8241,57000.0,0.8242,8000.0
1753617259712,11:54:19.712,bitmex,ADA/USDT:USDT,0.8238,65000.0,0.8237,8000.0,0.8241,57000.0,0.8242,8000.0
1753617260242,11:54:20.242,bitmex,ADA/USDT:USDT,0.8238,65000.0,0.8237,8000.0,0.8241,57000.0,0.8242,8000.0
1753617260694,11:54:20.694,bitmex,ADA/USDT:USDT,0.8238,65000.0,0.8237,8000.0,0.8241,57000.0,0.8242,8000.0
1753617260826,11:54:20.826,bitmex,ADA/USDT:USDT,0.8238,65000.0,0.8237,8000.0,0.8241,57000.0,0.8242,8000.0
1753617261037,11:54:21.037,bitmex,ADA/USDT:USDT,0.8238,65000.0,0.8237,8000.0,0.8241,57000.0,0.8242,8000.0
1753617261193,11:54:21.193,bitmex,ADA/USDT:USDT,0.8238,65000.0,0.8237,8000.0,0.8241,57000.0,0.8242,8000.0
1753617261332,11:54:21.332,bitmex,ADA/USDT:USDT,0.8238,65000.0,0.8237,8000.0,0.824,8000.0,0.8241,57000.0
1753617261444,11:54:21.444,bitmex,ADA/USDT:USDT,0.8238,65000.0,0.8237,8000.0,0.824,8000.0,0.8241,57000.0
1753617261707,11:54:21.707,bitmex,ADA/USDT:USDT,0.8238,65000.0,0.8237,8000.0,0.8241,57000.0,0.8242,8000.0
1753617262608,11:54:22.608,bitmex,ADA/USDT:USDT,0.8238,65000.0,0.8237,8000.0,0.8241,57000.0,0.8242,8000.0
1753617262658,11:54:22.658,bitmex,ADA/USDT:USDT,0.8238,65000.0,0.8237,8000.0,0.8241,57000.0,0.8242,8000.0
1753617263278,11:54:23.278,bitmex,ADA/USDT:USDT,0.8239,31000.0,0.8238,65000.0,0.8241,57000.0,0.8242,8000.0
1753617263327,11:54:23.327,bitmex,ADA/USDT:USDT,0.8239,31000.0,0.8238,65000.0,0.8241,49000.0,0.8242,8000.0
1753617263376,11:54:23.376,bitmex,ADA/USDT:USDT,0.8239,31000.0,0.8238,65000.0,0.8241,49000.0,0.8242,8000.0
1753617263464,11:54:23.464,bitmex,ADA/USDT:USDT,0.8239,31000.0,0.8238,65000.0,0.8241,49000.0,0.8242,8000.0
1753617263816,11:54:23.816,bitmex,ADA/USDT:USDT,0.8239,31000.0,0.8238,65000.0,0.8241,49000.0,0.8242,8000.0
1753617263866,11:54:23.866,bitmex,ADA/USDT:USDT,0.8239,31000.0,0.8238,65000.0,0.8241,49000.0,0.8242,8000.0
1753617264166,11:54:24.166,bitmex,ADA/USDT:USDT,0.8239,31000.0,0.8238,65000.0,0.8241,49000.0,0.8242,8000.0
1753617264889,11:54:24.889,bitmex,ADA/USDT:USDT,0.8239,31000.0,0.8238,65000.0,0.8241,49000.0,0.8242,8000.0
1753617265542,11:54:25.542,bitmex,ADA/USDT:USDT,0.8239,31000.0,0.8238,65000.0,0.8241,49000.0,0.8242,8000.0
1753617265591,11:54:25.591,bitmex,ADA/USDT:USDT,0.8239,31000.0,0.8238,65000.0,0.8241,49000.0,0.8242,8000.0
1753617265781,11:54:25.781,bitmex,ADA/USDT:USDT,0.824,31000.0,0.8239,78000.0,0.8241,49000.0,0.8242,8000.0
1753617265830,11:54:25.830,bitmex,ADA/USDT:USDT,0.824,31000.0,0.8239,78000.0,0.8241,49000.0,0.8242,8000.0
1753617265886,11:54:25.886,bitmex,ADA/USDT:USDT,0.824,31000.0,0.8239,78000.0,0.8241,49000.0,0.8242,8000.0
1753617265935,11:54:25.935,bitmex,ADA/USDT:USDT,0.824,31000.0,0.8239,78000.0,0.8241,49000.0,0.8242,8000.0
1753617266007,11:54:26.007,bitmex,ADA/USDT:USDT,0.824,31000.0,0.8239,78000.0,0.8241,49000.0,0.8242,8000.0
1753617266067,11:54:26.067,bitmex,ADA/USDT:USDT,0.824,31000.0,0.8239,78000.0,0.8241,49000.0,0.8242,8000.0
1753617266478,11:54:26.478,bitmex,ADA/USDT:USDT,0.824,31000.0,0.8239,78000.0,0.8241,49000.0,0.8242,8000.0
1753617267394,11:54:27.394,bitmex,ADA/USDT:USDT,0.824,31000.0,0.8239,78000.0,0.8241,49000.0,0.8242,8000.0
1753617267654,11:54:27.654,bitmex,ADA/USDT:USDT,0.824,31000.0,0.8239,78000.0,0.8241,49000.0,0.8242,8000.0
1753617267731,11:54:27.731,bitmex,ADA/USDT:USDT,0.824,31000.0,0.8239,78000.0,0.8241,49000.0,0.8243,8000.0
1753617267781,11:54:27.781,bitmex,ADA/USDT:USDT,0.824,31000.0,0.8239,78000.0,0.8241,49000.0,0.8243,8000.0
1753617267881,11:54:27.881,bitmex,ADA/USDT:USDT,0.824,31000.0,0.8239,78000.0,0.8241,49000.0,0.8243,8000.0
1753617267931,11:54:27.931,bitmex,ADA/USDT:USDT,0.824,31000.0,0.8239,78000.0,0.8241,49000.0,0.8243,8000.0
1753617267980,11:54:27.980,bitmex,ADA/USDT:USDT,0.824,31000.0,0.8239,78000.0,0.8241,49000.0,0.8243,8000.0
1753617268029,11:54:28.029,bitmex,ADA/USDT:USDT,0.824,31000.0,0.8239,78000.0,0.8241,49000.0,0.8243,8000.0
1753617268149,11:54:28.149,bitmex,ADA/USDT:USDT,0.824,31000.0,0.8239,78000.0,0.8241,49000.0,0.8243,8000.0
1753617268199,11:54:28.199,bitmex,ADA/USDT:USDT,0.824,31000.0,0.8239,78000.0,0.8241,49000.0,0.8243,8000.0
1753617268541,11:54:28.541,bitmex,ADA/USDT:USDT,0.824,31000.0,0.8239,78000.0,0.8241,49000.0,0.8244,8000.0
1753617268590,11:54:28.590,bitmex,ADA/USDT:USDT,0.824,31000.0,0.8239,78000.0,0.8241,49000.0,0.8244,8000.0
1753617268639,11:54:28.639,bitmex,ADA/USDT:USDT,0.824,31000.0,0.8239,78000.0,0.8241,49000.0,0.8244,8000.0
1753617268722,11:54:28.722,bitmex,ADA/USDT:USDT,0.824,31000.0,0.8239,78000.0,0.8241,49000.0,0.8244,8000.0
1753617268779,11:54:28.779,bitmex,ADA/USDT:USDT,0.824,31000.0,0.8239,78000.0,0.8241,49000.0,0.8244,8000.0
1753617268829,11:54:28.829,bitmex,ADA/USDT:USDT,0.824,31000.0,0.8239,78000.0,0.8241,49000.0,0.8244,8000.0
1753617269845,11:54:29.845,bitmex,ADA/USDT:USDT,0.824,31000.0,0.8239,78000.0,0.8241,49000.0,0.8244,8000.0
1753617269895,11:54:29.895,bitmex,ADA/USDT:USDT,0.824,31000.0,0.8239,78000.0,0.8241,49000.0,0.8244,8000.0
1753617270009,11:54:30.009,bitmex,ADA/USDT:USDT,0.824,31000.0,0.8239,78000.0,0.8241,49000.0,0.8244,8000.0
1753617270059,11:54:30.059,bitmex,ADA/USDT:USDT,0.824,31000.0,0.8239,78000.0,0.8241,49000.0,0.8244,8000.0
1753617270411,11:54:30.411,bitmex,ADA/USDT:USDT,0.8239,78000.0,0.8237,6000.0,0.8241,49000.0,0.8244,8000.0
1753617270460,11:54:30.460,bitmex,ADA/USDT:USDT,0.8239,65000.0,0.8238,79000.0,0.8241,49000.0,0.8244,8000.0
1753617270509,11:54:30.509,bitmex,ADA/USDT:USDT,0.8239,65000.0,0.8238,79000.0,0.8241,49000.0,0.8242,8000.0
1753617270648,11:54:30.648,bitmex,ADA/USDT:USDT,0.8239,65000.0,0.8238,79000.0,0.8241,49000.0,0.8242,8000.0
1753617270723,11:54:30.723,bitmex,ADA/USDT:USDT,0.824,31000.0,0.8239,65000.0,0.8241,49000.0,0.8242,8000.0
1753617270773,11:54:30.773,bitmex,ADA/USDT:USDT,0.824,31000.0,0.8239,65000.0,0.8241,49000.0,0.8243,8000.0
1753617270822,11:54:30.822,bitmex,ADA/USDT:USDT,0.824,31000.0,0.8239,65000.0,0.8241,49000.0,0.8243,8000.0
1753617271008,11:54:31.008,bitmex,ADA/USDT:USDT,0.824,31000.0,0.8239,65000.0,0.8241,49000.0,0.8243,8000.0
1753617271347,11:54:31.347,bitmex,ADA/USDT:USDT,0.824,31000.0,0.8239,65000.0,0.8241,49000.0,0.8243,8000.0
1753617271412,11:54:31.412,bitmex,ADA/USDT:USDT,0.824,31000.0,0.8239,65000.0,0.8241,49000.0,0.8243,8000.0
1753617271546,11:54:31.546,bitmex,ADA/USDT:USDT,0.824,31000.0,0.8239,65000.0,0.8241,49000.0,0.8243,8000.0
1753617271596,11:54:31.596,bitmex,ADA/USDT:USDT,0.8241,31000.0,0.824,79000.0,0.8242,49000.0,0.8243,8000.0
1753617272866,11:54:32.866,bitmex,ADA/USDT:USDT,0.8241,31000.0,0.824,79000.0,0.8242,49000.0,0.8243,8000.0
1753617273134,11:54:33.134,bitmex,ADA/USDT:USDT,0.8241,31000.0,0.824,79000.0,0.8242,49000.0,0.8243,8000.0
1753617273394,11:54:33.394,bitmex,ADA/USDT:USDT,0.824,79000.0,0.8236,14000.0,0.8242,49000.0,0.8243,8000.0
1753617273444,11:54:33.444,bitmex,ADA/USDT:USDT,0.824,65000.0,0.8239,79000.0,0.8242,49000.0,0.8243,8000.0
1753617273493,11:54:33.493,bitmex,ADA/USDT:USDT,0.8239,65000.0,0.8238,79000.0,0.8241,8000.0,0.8242,57000.0
1753617273542,11:54:33.542,bitmex,ADA/USDT:USDT,0.8239,65000.0,0.8238,79000.0,0.8241,8000.0,0.8242,57000.0
1753617273591,11:54:33.591,bitmex,ADA/USDT:USDT,0.8238,65000.0,0.8237,8000.0,0.8241,8000.0,0.8242,57000.0
1753617273664,11:54:33.664,bitmex,ADA/USDT:USDT,0.8238,65000.0,0.8237,8000.0,0.8241,8000.0,0.8242,57000.0
1753617273779,11:54:33.779,bitmex,ADA/USDT:USDT,0.8238,65000.0,0.8237,8000.0,0.8241,8000.0,0.8242,57000.0
1753617273829,11:54:33.829,bitmex,ADA/USDT:USDT,0.8238,65000.0,0.8237,8000.0,0.8241,8000.0,0.8242,57000.0
1753617273878,11:54:33.878,bitmex,ADA/USDT:USDT,0.8238,65000.0,0.8237,8000.0,0.8241,8000.0,0.8242,57000.0
1753617274008,11:54:34.008,bitmex,ADA/USDT:USDT,0.8238,65000.0,0.8237,8000.0,0.8241,8000.0,0.8242,57000.0
1753617274320,11:54:34.320,bitmex,ADA/USDT:USDT,0.8238,65000.0,0.8237,8000.0,0.8241,8000.0,0.8242,57000.0
1753617274369,11:54:34.369,bitmex,ADA/USDT:USDT,0.8238,65000.0,0.8237,8000.0,0.8241,8000.0,0.8242,57000.0
1753617274455,11:54:34.455,bitmex,ADA/USDT:USDT,0.8239,31000.0,0.8238,65000.0,0.8241,8000.0,0.8242,57000.0
1753617274504,11:54:34.504,bitmex,ADA/USDT:USDT,0.8239,31000.0,0.8238,65000.0,0.8241,8000.0,0.8242,57000.0
1753617274553,11:54:34.553,bitmex,ADA/USDT:USDT,0.8239,31000.0,0.8238,65000.0,0.8241,8000.0,0.8242,57000.0
1753617274750,11:54:34.750,bitmex,ADA/USDT:USDT,0.8239,31000.0,0.8238,65000.0,0.8241,8000.0,0.8242,57000.0
1753617275023,11:54:35.023,bitmex,ADA/USDT:USDT,0.8239,31000.0,0.8238,65000.0,0.8241,8000.0,0.8242,57000.0
1753617275207,11:54:35.207,bitmex,ADA/USDT:USDT,0.8239,31000.0,0.8238,65000.0,0.8241,8000.0,0.8242,57000.0
1753617275256,11:54:35.256,bitmex,ADA/USDT:USDT,0.824,31000.0,0.8239,79000.0,0.8242,57000.0,0.8243,20000.0
1753617275689,11:54:35.689,bitmex,ADA/USDT:USDT,0.824,31000.0,0.8239,79000.0,0.8242,49000.0,0.8243,20000.0
1753617275739,11:54:35.739,bitmex,ADA/USDT:USDT,0.824,31000.0,0.8239,79000.0,0.8242,49000.0,0.8243,8000.0
1753617276175,11:54:36.175,bitmex,ADA/USDT:USDT,0.824,31000.0,0.8239,79000.0,0.8242,49000.0,0.8243,8000.0
1753617276650,11:54:36.650,bitmex,ADA/USDT:USDT,0.824,31000.0,0.8239,79000.0,0.8242,49000.0,0.8243,8000.0
1753617276699,11:54:36.699,bitmex,ADA/USDT:USDT,0.824,31000.0,0.8239,79000.0,0.8242,49000.0,0.8243,8000.0
1753617276864,11:54:36.864,bitmex,ADA/USDT:USDT,0.824,31000.0,0.8239,79000.0,0.8242,49000.0,0.8243,8000.0
1753617276959,11:54:36.959,bitmex,ADA/USDT:USDT,0.824,31000.0,0.8239,79000.0,0.8242,49000.0,0.8243,8000.0
1753617277493,11:54:37.493,bitmex,ADA/USDT:USDT,0.824,31000.0,0.8239,79000.0,0.8242,49000.0,0.8243,8000.0
1753617277611,11:54:37.611,bitmex,ADA/USDT:USDT,0.8239,79000.0,0.8237,8000.0,0.8242,49000.0,0.8243,8000.0
1753617277661,11:54:37.661,bitmex,ADA/USDT:USDT,0.8239,65000.0,0.8238,79000.0,0.8242,57000.0,0.8243,8000.0
1753617277734,11:54:37.734,bitmex,ADA/USDT:USDT,0.8239,65000.0,0.8238,79000.0,0.8241,8000.0,0.8242,57000.0
1753617278217,11:54:38.217,bitmex,ADA/USDT:USDT,0.8239,65000.0,0.8238,79000.0,0.8241,8000.0,0.8242,57000.0
1753617278267,11:54:38.267,bitmex,ADA/USDT:USDT,0.8239,65000.0,0.8238,79000.0,0.8241,8000.0,0.8242,57000.0
1753617278330,11:54:38.330,bitmex,ADA/USDT:USDT,0.8239,34000.0,0.8238,79000.0,0.8241,8000.0,0.8242,57000.0
1753617278379,11:54:38.379,bitmex,ADA/USDT:USDT,0.8238,65000.0,0.8237,8000.0,0.8241,8000.0,0.8242,57000.0
1753617278428,11:54:38.428,bitmex,ADA/USDT:USDT,0.8238,65000.0,0.8237,8000.0,0.8241,8000.0,0.8242,57000.0
1753617278477,11:54:38.477,bitmex,ADA/USDT:USDT,0.8238,65000.0,0.8237,8000.0,0.8241,8000.0,0.8242,57000.0
1753617278749,11:54:38.749,bitmex,ADA/USDT:USDT,0.8238,65000.0,0.8237,8000.0,0.8241,8000.0,0.8242,57000.0
1753617278870,11:54:38.870,bitmex,ADA/USDT:USDT,0.8238,65000.0,0.8236,87000.0,0.8241,8000.0,0.8242,57000.0
1753617278920,11:54:38.920,bitmex,ADA/USDT:USDT,0.8236,73000.0,0.8235,14000.0,0.8241,8000.0,0.8242,57000.0
1753617278970,11:54:38.970,bitmex,ADA/USDT:USDT,0.8237,31000.0,0.8236,73000.0,0.824,49000.0,0.8241,8000.0
1753617279019,11:54:39.019,bitmex,ADA/USDT:USDT,0.8237,31000.0,0.8236,73000.0,0.824,49000.0,0.8241,8000.0
1753617279068,11:54:39.068,bitmex,ADA/USDT:USDT,0.8237,31000.0,0.8236,73000.0,0.824,49000.0,0.8241,8000.0
1753617279275,11:54:39.275,bitmex,ADA/USDT:USDT,0.8237,31000.0,0.8236,73000.0,0.824,49000.0,0.8241,8000.0
1753617279422,11:54:39.422,bitmex,ADA/USDT:USDT,0.8239,31000.0,0.8238,79000.0,0.824,49000.0,0.8241,8000.0
1753617279486,11:54:39.486,bitmex,ADA/USDT:USDT,0.8239,31000.0,0.8238,79000.0,0.824,49000.0,0.8241,8000.0
1753617279536,11:54:39.536,bitmex,ADA/USDT:USDT,0.8239,31000.0,0.8238,79000.0,0.824,49000.0,0.8241,8000.0
1753617279585,11:54:39.585,bitmex,ADA/USDT:USDT,0.8239,31000.0,0.8238,79000.0,0.824,49000.0,0.8241,8000.0
1753617279737,11:54:39.737,bitmex,ADA/USDT:USDT,0.8238,79000.0,0.8237,8000.0,0.824,49000.0,0.8241,8000.0
1753617279786,11:54:39.786,bitmex,ADA/USDT:USDT,0.8238,65000.0,0.8237,8000.0,0.824,49000.0,0.8241,8000.0
1753617280145,11:54:40.145,bitmex,ADA/USDT:USDT,0.8238,65000.0,0.8236,87000.0,0.824,49000.0,0.8241,8000.0
1753617280292,11:54:40.292,bitmex,ADA/USDT:USDT,0.8238,65000.0,0.8237,8000.0,0.824,49000.0,0.8241,8000.0
1753617282548,11:54:42.548,bitmex,ADA/USDT:USDT,0.8238,65000.0,0.8236,87000.0,0.824,49000.0,0.8241,8000.0
1753617282649,11:54:42.649,bitmex,ADA/USDT:USDT,0.8238,65000.0,0.8236,87000.0,0.824,49000.0,0.8241,8000.0
1753617283017,11:54:43.017,bitmex,ADA/USDT:USDT,0.8238,65000.0,0.8236,87000.0,0.824,49000.0,0.8241,8000.0
1753617283067,11:54:43.067,bitmex,ADA/USDT:USDT,0.8238,65000.0,0.8236,87000.0,0.824,49000.0,0.8241,8000.0
1753617283161,11:54:43.161,bitmex,ADA/USDT:USDT,0.8238,65000.0,0.8236,87000.0,0.824,49000.0,0.8241,8000.0
1753617283210,11:54:43.210,bitmex,ADA/USDT:USDT,0.8238,65000.0,0.8237,8000.0,0.824,49000.0,0.8241,8000.0
1753617284488,11:54:44.488,bitmex,ADA/USDT:USDT,0.8238,65000.0,0.8237,8000.0,0.824,49000.0,0.8241,8000.0
1753617284538,11:54:44.538,bitmex,ADA/USDT:USDT,0.8238,65000.0,0.8237,8000.0,0.824,49000.0,0.8241,8000.0
1753617284587,11:54:44.587,bitmex,ADA/USDT:USDT,0.8238,65000.0,0.8237,8000.0,0.824,49000.0,0.8241,8000.0
1753617284935,11:54:44.935,bitmex,ADA/USDT:USDT,0.8238,65000.0,0.8237,8000.0,0.824,49000.0,0.8241,8000.0
1753617286179,11:54:46.179,bitmex,ADA/USDT:USDT,0.8238,65000.0,0.8236,87000.0,0.824,49000.0,0.8241,8000.0
1753617286922,11:54:46.922,bitmex,ADA/USDT:USDT,0.8238,65000.0,0.8237,8000.0,0.824,49000.0,0.8241,8000.0
1753617287814,11:54:47.814,bitmex,ADA/USDT:USDT,0.8238,65000.0,0.8236,87000.0,0.824,49000.0,0.8241,8000.0
1753617287863,11:54:47.863,bitmex,ADA/USDT:USDT,0.8238,65000.0,0.8236,87000.0,0.824,49000.0,0.8241,8000.0
1753617287978,11:54:47.978,bitmex,ADA/USDT:USDT,0.8236,87000.0,0.8235,8000.0,0.824,49000.0,0.8241,8000.0
1753617288028,11:54:48.028,bitmex,ADA/USDT:USDT,0.8237,31000.0,0.8236,73000.0,0.8239,8000.0,0.824,57000.0
1753617288077,11:54:48.077,bitmex,ADA/USDT:USDT,0.8237,31000.0,0.8236,73000.0,0.8239,8000.0,0.824,57000.0
1753617288126,11:54:48.126,bitmex,ADA/USDT:USDT,0.8237,31000.0,0.8236,73000.0,0.824,57000.0,0.8241,8000.0
1753617288175,11:54:48.175,bitmex,ADA/USDT:USDT,0.8238,31000.0,0.8237,31000.0,0.824,57000.0,0.8241,8000.0
1753617288224,11:54:48.224,bitmex,ADA/USDT:USDT,0.8238,31000.0,0.8237,31000.0,0.824,57000.0,0.8241,8000.0
1753617288273,11:54:48.273,bitmex,ADA/USDT:USDT,0.8238,31000.0,0.8237,31000.0,0.824,57000.0,0.8241,8000.0
1753617288664,11:54:48.664,bitmex,ADA/USDT:USDT,0.8238,31000.0,0.8237,31000.0,0.824,57000.0,0.8241,8000.0
1753617289131,11:54:49.131,bitmex,ADA/USDT:USDT,0.8238,31000.0,0.8237,31000.0,0.824,49000.0,0.8241,8000.0
1753617289181,11:54:49.181,bitmex,ADA/USDT:USDT,0.8238,31000.0,0.8237,31000.0,0.824,49000.0,0.8241,8000.0
1753617289693,11:54:49.693,bitmex,ADA/USDT:USDT,0.8238,31000.0,0.8237,31000.0,0.824,49000.0,0.8241,8000.0
1753617289742,11:54:49.742,bitmex,ADA/USDT:USDT,0.8238,31000.0,0.8237,31000.0,0.824,49000.0,0.8241,8000.0
1753617290380,11:54:50.380,bitmex,ADA/USDT:USDT,0.8238,31000.0,0.8237,31000.0,0.824,49000.0,0.8241,8000.0
1753617290429,11:54:50.429,bitmex,ADA/USDT:USDT,0.8238,39000.0,0.8237,31000.0,0.824,49000.0,0.8242,8000.0
1753617290817,11:54:50.817,bitmex,ADA/USDT:USDT,0.8238,39000.0,0.8237,31000.0,0.824,49000.0,0.8242,8000.0
1753617291486,11:54:51.486,bitmex,ADA/USDT:USDT,0.8238,39000.0,0.8237,31000.0,0.824,49000.0,0.8242,8000.0
1753617291789,11:54:51.789,bitmex,ADA/USDT:USDT,0.8238,39000.0,0.8237,31000.0,0.824,49000.0,0.8242,8000.0
1753617292340,11:54:52.340,bitmex,ADA/USDT:USDT,0.8238,39000.0,0.8237,31000.0,0.8241,49000.0,0.8242,8000.0
1753617292389,11:54:52.389,bitmex,ADA/USDT:USDT,0.8239,31000.0,0.8238,87000.0,0.8241,49000.0,0.8242,8000.0
1753617292438,11:54:52.438,bitmex,ADA/USDT:USDT,0.8239,31000.0,0.8238,87000.0,0.8241,49000.0,0.8242,8000.0
1753617292520,11:54:52.520,bitmex,ADA/USDT:USDT,0.8239,31000.0,0.8238,79000.0,0.8241,49000.0,0.8242,8000.0
1753617292617,11:54:52.617,bitmex,ADA/USDT:USDT,0.8239,31000.0,0.8238,79000.0,0.8241,49000.0,0.8242,8000.0
1753617292666,11:54:52.666,bitmex,ADA/USDT:USDT,0.8239,31000.0,0.8238,79000.0,0.8241,49000.0,0.8242,8000.0
1753617292755,11:54:52.755,bitmex,ADA/USDT:USDT,0.8239,31000.0,0.8238,79000.0,0.8241,49000.0,0.8242,8000.0
1753617293920,11:54:53.920,bitmex,ADA/USDT:USDT,0.8239,31000.0,0.8238,79000.0,0.8241,49000.0,0.8242,8000.0
1753617293969,11:54:53.969,bitmex,ADA/USDT:USDT,0.8239,31000.0,0.8238,79000.0,0.8241,49000.0,0.8242,8000.0
1753617294850,11:54:54.850,bitmex,ADA/USDT:USDT,0.8238,79000.0,0.8235,8000.0,0.8241,49000.0,0.8242,8000.0
1753617294899,11:54:54.899,bitmex,ADA/USDT:USDT,0.8238,65000.0,0.8237,8000.0,0.8241,49000.0,0.8242,8000.0
1753617295397,11:54:55.397,bitmex,ADA/USDT:USDT,0.8238,65000.0,0.8237,8000.0,0.8241,57000.0,0.8242,8000.0
1753617295447,11:54:55.447,bitmex,ADA/USDT:USDT,0.8238,65000.0,0.8237,8000.0,0.824,8000.0,0.8241,57000.0
1753617296103,11:54:56.103,bitmex,ADA/USDT:USDT,0.8238,65000.0,0.8237,8000.0,0.8241,57000.0,0.8242,8000.0
1753617296153,11:54:56.153,bitmex,ADA/USDT:USDT,0.8238,65000.0,0.8237,8000.0,0.8241,57000.0,0.8242,8000.0
1753617296412,11:54:56.412,bitmex,ADA/USDT:USDT,0.8238,65000.0,0.8237,8000.0,0.8241,57000.0,0.8242,8000.0
1753617296461,11:54:56.461,bitmex,ADA/USDT:USDT,0.8238,65000.0,0.8237,8000.0,0.8241,57000.0,0.8242,8000.0
1753617296510,11:54:56.510,bitmex,ADA/USDT:USDT,0.8237,8000.0,0.8236,79000.0,0.8241,57000.0,0.8242,8000.0
1753617296559,11:54:56.559,bitmex,ADA/USDT:USDT,0.8236,65000.0,0.8235,87000.0,0.824,57000.0,0.8241,8000.0
1753617296719,11:54:56.719,bitmex,ADA/USDT:USDT,0.8237,8000.0,0.8236,65000.0,0.824,57000.0,0.8241,8000.0
1753617296769,11:54:56.769,bitmex,ADA/USDT:USDT,0.8239,31000.0,0.8238,79000.0,0.824,49000.0,0.8241,8000.0
1753617296818,11:54:56.818,bitmex,ADA/USDT:USDT,0.8239,31000.0,0.8238,79000.0,0.824,49000.0,0.8241,8000.0
1753617296867,11:54:56.867,bitmex,ADA/USDT:USDT,0.8239,31000.0,0.8238,79000.0,0.824,49000.0,0.8241,8000.0
1753617296917,11:54:56.917,bitmex,ADA/USDT:USDT,0.8239,31000.0,0.8238,79000.0,0.824,49000.0,0.8241,8000.0
1753617296968,11:54:56.968,bitmex,ADA/USDT:USDT,0.8239,31000.0,0.8238,79000.0,0.824,49000.0,0.8241,8000.0
1753617297418,11:54:57.418,bitmex,ADA/USDT:USDT,0.8239,31000.0,0.8238,79000.0,0.824,49000.0,0.8241,8000.0
1753617297467,11:54:57.467,bitmex,ADA/USDT:USDT,0.8239,31000.0,0.8238,79000.0,0.824,49000.0,0.8241,8000.0
1753617297609,11:54:57.609,bitmex,ADA/USDT:USDT,0.8239,31000.0,0.8238,79000.0,0.824,49000.0,0.8241,8000.0
1753617297659,11:54:57.659,bitmex,ADA/USDT:USDT,0.8239,31000.0,0.8238,79000.0,0.824,49000.0,0.8242,8000.0
1753617297748,11:54:57.748,bitmex,ADA/USDT:USDT,0.8239,31000.0,0.8238,79000.0,0.824,49000.0,0.8242,8000.0
1753617297797,11:54:57.797,bitmex,ADA/USDT:USDT,0.8239,31000.0,0.8238,79000.0,0.824,49000.0,0.8242,8000.0
1753617297905,11:54:57.905,bitmex,ADA/USDT:USDT,0.8239,31000.0,0.8238,79000.0,0.824,49000.0,0.8242,8000.0
1753617299218,11:54:59.218,bitmex,ADA/USDT:USDT,0.8238,79000.0,0.8236,8000.0,0.824,49000.0,0.8242,8000.0
1753617299268,11:54:59.268,bitmex,ADA/USDT:USDT,0.8238,65000.0,0.8237,8000.0,0.824,49000.0,0.8242,8000.0
1753617299317,11:54:59.317,bitmex,ADA/USDT:USDT,0.8238,65000.0,0.8237,8000.0,0.824,49000.0,0.8242,8000.0
1753617299563,11:54:59.563,bitmex,ADA/USDT:USDT,0.8238,65000.0,0.8236,87000.0,0.824,49000.0,0.8242,8000.0
1753617299625,11:54:59.625,bitmex,ADA/USDT:USDT,0.8238,65000.0,0.8236,87000.0,0.824,49000.0,0.8242,8000.0
1753617299675,11:54:59.675,bitmex,ADA/USDT:USDT,0.8238,65000.0,0.8237,8000.0,0.824,49000.0,0.8242,8000.0
1753617300601,11:55:00.601,bitmex,ADA/USDT:USDT,0.8238,65000.0,0.8237,8000.0,0.824,49000.0,0.8242,8000.0
1753617301089,11:55:01.089,bitmex,ADA/USDT:USDT,0.8238,65000.0,0.8236,87000.0,0.824,49000.0,0.8242,8000.0
1753617301138,11:55:01.138,bitmex,ADA/USDT:USDT,0.8236,73000.0,0.8235,87000.0,0.8239,8000.0,0.824,49000.0
1753617301187,11:55:01.187,bitmex,ADA/USDT:USDT,0.8236,65000.0,0.8235,87000.0,0.8239,8000.0,0.824,49000.0
1753617301236,11:55:01.236,bitmex,ADA/USDT:USDT,0.8237,31000.0,0.8236,65000.0,0.824,49000.0,0.8241,8000.0
1753617301285,11:55:01.285,bitmex,ADA/USDT:USDT,0.8237,31000.0,0.8236,65000.0,0.824,49000.0,0.8241,8000.0
1753617301334,11:55:01.334,bitmex,ADA/USDT:USDT,0.8237,31000.0,0.8236,65000.0,0.824,49000.0,0.8241,8000.0
1753617301704,11:55:01.704,bitmex,ADA/USDT:USDT,0.8237,31000.0,0.8236,65000.0,0.824,49000.0,0.8241,8000.0
1753617301974,11:55:01.974,bitmex,ADA/USDT:USDT,0.8237,31000.0,0.8236,65000.0,0.824,49000.0,0.8241,8000.0
1753617302218,11:55:02.218,bitmex,ADA/USDT:USDT,0.8237,31000.0,0.8236,65000.0,0.824,49000.0,0.8241,8000.0
1753617302267,11:55:02.267,bitmex,ADA/USDT:USDT,0.8237,31000.0,0.8236,65000.0,0.824,49000.0,0.8241,8000.0
1753617302606,11:55:02.606,bitmex,ADA/USDT:USDT,0.8237,31000.0,0.8236,65000.0,0.824,49000.0,0.8241,8000.0
1753617302931,11:55:02.931,bitmex,ADA/USDT:USDT,0.8237,31000.0,0.8236,65000.0,0.824,49000.0,0.8241,8000.0
1753617303398,11:55:03.398,bitmex,ADA/USDT:USDT,0.8237,31000.0,0.8236,65000.0,0.824,49000.0,0.8241,8000.0
1753617303510,11:55:03.510,bitmex,ADA/USDT:USDT,0.8237,31000.0,0.8236,65000.0,0.824,57000.0,0.8241,8000.0
1753617303559,11:55:03.559,bitmex,ADA/USDT:USDT,0.8237,31000.0,0.8236,65000.0,0.8239,8000.0,0.824,57000.0
1753617304145,11:55:04.145,bitmex,ADA/USDT:USDT,0.8237,31000.0,0.8236,65000.0,0.8239,8000.0,0.824,57000.0
1753617304195,11:55:04.195,bitmex,ADA/USDT:USDT,0.8237,31000.0,0.8236,65000.0,0.8239,8000.0,0.824,57000.0
1753617304244,11:55:04.244,bitmex,ADA/USDT:USDT,0.8236,65000.0,0.8235,87000.0,0.8239,57000.0,0.824,8000.0
1753617304293,11:55:04.293,bitmex,ADA/USDT:USDT,0.8236,65000.0,0.8235,87000.0,0.8239,57000.0,0.824,8000.0
1753617304487,11:55:04.487,bitmex,ADA/USDT:USDT,0.8236,65000.0,0.8235,87000.0,0.8238,8000.0,0.8239,57000.0
1753617304537,11:55:04.537,bitmex,ADA/USDT:USDT,0.8236,65000.0,0.8235,87000.0,0.8238,8000.0,0.8239,57000.0
1753617304586,11:55:04.586,bitmex,ADA/USDT:USDT,0.8236,65000.0,0.8235,79000.0,0.8238,8000.0,0.8239,57000.0
1753617304636,11:55:04.636,bitmex,ADA/USDT:USDT,0.8234,73000.0,0.8233,87000.0,0.8238,8000.0,0.8239,57000.0
1753617304686,11:55:04.686,bitmex,ADA/USDT:USDT,0.8234,65000.0,0.8233,87000.0,0.8237,57000.0,0.8238,8000.0
1753617304735,11:55:04.735,bitmex,ADA/USDT:USDT,0.8234,65000.0,0.8233,87000.0,0.8236,8000.0,0.8237,57000.0
1753617304784,11:55:04.784,bitmex,ADA/USDT:USDT,0.8233,65000.0,0.8232,141000.0,0.8236,8000.0,0.8237,57000.0
1753617304833,11:55:04.833,bitmex,ADA/USDT:USDT,0.8233,65000.0,0.8232,141000.0,0.8236,8000.0,0.8237,57000.0
1753617304882,11:55:04.882,bitmex,ADA/USDT:USDT,0.8233,65000.0,0.8232,141000.0,0.8236,8000.0,0.8237,57000.0
1753617304931,11:55:04.931,bitmex,ADA/USDT:USDT,0.8233,65000.0,0.8232,141000.0,0.8236,8000.0,0.8237,57000.0
1753617304980,11:55:04.980,bitmex,ADA/USDT:USDT,0.8233,65000.0,0.8232,141000.0,0.8236,8000.0,0.8237,57000.0
1753617305031,11:55:05.031,bitmex,ADA/USDT:USDT,0.8233,65000.0,0.8232,133000.0,0.8235,8000.0,0.8236,57000.0
1753617305081,11:55:05.081,bitmex,ADA/USDT:USDT,0.8233,65000.0,0.8232,133000.0,0.8235,8000.0,0.8236,57000.0
1753617305270,11:55:05.270,bitmex,ADA/USDT:USDT,0.8233,65000.0,0.8232,133000.0,0.8236,57000.0,0.8237,8000.0
1753617305319,11:55:05.319,bitmex,ADA/USDT:USDT,0.8233,65000.0,0.8232,133000.0,0.8236,57000.0,0.8237,8000.0
1753617305898,11:55:05.898,bitmex,ADA/USDT:USDT,0.8233,65000.0,0.8232,133000.0,0.8236,57000.0,0.8237,8000.0
1753617305947,11:55:05.947,bitmex,ADA/USDT:USDT,0.8235,31000.0,0.8234,39000.0,0.8236,49000.0,0.8237,8000.0
1753617305996,11:55:05.996,bitmex,ADA/USDT:USDT,0.8235,31000.0,0.8234,79000.0,0.8236,49000.0,0.8237,8000.0
1753617306045,11:55:06.045,bitmex,ADA/USDT:USDT,0.8235,31000.0,0.8234,79000.0,0.8236,49000.0,0.8237,8000.0
1753617306094,11:55:06.094,bitmex,ADA/USDT:USDT,0.8235,31000.0,0.8234,79000.0,0.8236,49000.0,0.8237,8000.0
1753617306177,11:55:06.177,bitmex,ADA/USDT:USDT,0.8235,31000.0,0.8234,79000.0,0.8236,49000.0,0.8237,8000.0
1753617306326,11:55:06.326,bitmex,ADA/USDT:USDT,0.8235,31000.0,0.8234,79000.0,0.8236,49000.0,0.8237,8000.0
1753617307018,11:55:07.018,bitmex,ADA/USDT:USDT,0.8234,79000.0,0.8233,8000.0,0.8236,49000.0,0.8237,8000.0
1753617307068,11:55:07.068,bitmex,ADA/USDT:USDT,0.8234,65000.0,0.8233,8000.0,0.8236,49000.0,0.8237,8000.0
1753617307117,11:55:07.117,bitmex,ADA/USDT:USDT,0.8233,79000.0,0.8232,133000.0,0.8236,49000.0,0.8237,8000.0
1753617307166,11:55:07.166,bitmex,ADA/USDT:USDT,0.8233,65000.0,0.8232,133000.0,0.8236,49000.0,0.8237,8000.0
1753617307638,11:55:07.638,bitmex,ADA/USDT:USDT,0.8234,31000.0,0.8233,65000.0,0.8236,49000.0,0.8237,8000.0
1753617307687,11:55:07.687,bitmex,ADA/USDT:USDT,0.8235,31000.0,0.8234,79000.0,0.8236,49000.0,0.8237,8000.0
1753617307873,11:55:07.873,bitmex,ADA/USDT:USDT,0.8235,31000.0,0.8234,79000.0,0.8236,49000.0,0.8237,8000.0
1753617308146,11:55:08.146,bitmex,ADA/USDT:USDT,0.8235,31000.0,0.8234,79000.0,0.8236,49000.0,0.8237,8000.0
1753617308218,11:55:08.218,bitmex,ADA/USDT:USDT,0.8235,31000.0,0.8234,79000.0,0.8236,49000.0,0.8237,8000.0
1753617308267,11:55:08.267,bitmex,ADA/USDT:USDT,0.8235,31000.0,0.8234,79000.0,0.8236,49000.0,0.8237,8000.0
1753617308603,11:55:08.603,bitmex,ADA/USDT:USDT,0.8235,31000.0,0.8234,79000.0,0.8236,49000.0,0.8237,8000.0
1753617308748,11:55:08.748,bitmex,ADA/USDT:USDT,0.8235,31000.0,0.8234,79000.0,0.8236,49000.0,0.8237,8000.0
1753617308797,11:55:08.797,bitmex,ADA/USDT:USDT,0.8235,31000.0,0.8234,79000.0,0.8236,49000.0,0.8238,8000.0
1753617308875,11:55:08.875,bitmex,ADA/USDT:USDT,0.8235,31000.0,0.8234,79000.0,0.8236,49000.0,0.8238,8000.0
1753617309316,11:55:09.316,bitmex,ADA/USDT:USDT,0.8235,31000.0,0.8234,79000.0,0.8236,49000.0,0.8238,8000.0
1753617309529,11:55:09.529,bitmex,ADA/USDT:USDT,0.8234,79000.0,0.8233,8000.0,0.8236,49000.0,0.8238,8000.0
1753617309579,11:55:09.579,bitmex,ADA/USDT:USDT,0.8234,65000.0,0.8233,87000.0,0.8236,49000.0,0.8238,8000.0
1753617309969,11:55:09.969,bitmex,ADA/USDT:USDT,0.8234,65000.0,0.8233,87000.0,0.8236,49000.0,0.8238,8000.0
1753617310158,11:55:10.158,bitmex,ADA/USDT:USDT,0.8234,65000.0,0.8233,87000.0,0.8236,49000.0,0.8238,8000.0
1753617310208,11:55:10.208,bitmex,ADA/USDT:USDT,0.8235,31000.0,0.8234,65000.0,0.8237,49000.0,0.8238,8000.0
1753617310257,11:55:10.257,bitmex,ADA/USDT:USDT,0.8235,31000.0,0.8234,65000.0,0.8237,49000.0,0.8238,8000.0
1753617310567,11:55:10.567,bitmex,ADA/USDT:USDT,0.8235,31000.0,0.8234,65000.0,0.8237,49000.0,0.8238,8000.0
1753617310617,11:55:10.617,bitmex,ADA/USDT:USDT,0.8235,31000.0,0.8234,65000.0,0.8237,49000.0,0.8238,8000.0
1753617310906,11:55:10.906,bitmex,ADA/USDT:USDT,0.8235,31000.0,0.8234,65000.0,0.8237,49000.0,0.8238,8000.0
1753617311264,11:55:11.264,bitmex,ADA/USDT:USDT,0.8235,31000.0,0.8234,65000.0,0.8237,49000.0,0.8238,8000.0
1753617311314,11:55:11.314,bitmex,ADA/USDT:USDT,0.8235,31000.0,0.8234,65000.0,0.8237,49000.0,0.8238,8000.0
1753617311576,11:55:11.576,bitmex,ADA/USDT:USDT,0.8235,31000.0,0.8234,65000.0,0.8237,49000.0,0.8238,8000.0
1753617311626,11:55:11.626,bitmex,ADA/USDT:USDT,0.8235,31000.0,0.8234,65000.0,0.8237,49000.0,0.8238,8000.0
1753617312913,11:55:12.913,bitmex,ADA/USDT:USDT,0.8235,31000.0,0.8234,65000.0,0.8237,49000.0,0.8238,8000.0
1753617312995,11:55:12.995,bitmex,ADA/USDT:USDT,0.8235,31000.0,0.8234,65000.0,0.8237,49000.0,0.8238,8000.0
1753617313045,11:55:13.045,bitmex,ADA/USDT:USDT,0.8235,31000.0,0.8234,65000.0,0.8237,49000.0,0.8238,8000.0
1753617313094,11:55:13.094,bitmex,ADA/USDT:USDT,0.8234,65000.0,0.8233,87000.0,0.8237,49000.0,0.8238,8000.0
1753617313143,11:55:13.143,bitmex,ADA/USDT:USDT,0.8234,65000.0,0.8233,87000.0,0.8237,49000.0,0.8238,8000.0
1753617313358,11:55:13.358,bitmex,ADA/USDT:USDT,0.8234,65000.0,0.8233,87000.0,0.8237,49000.0,0.8238,8000.0
1753617313888,11:55:13.888,bitmex,ADA/USDT:USDT,0.8234,65000.0,0.8233,87000.0,0.8237,49000.0,0.8238,8000.0
1753617314391,11:55:14.391,bitmex,ADA/USDT:USDT,0.8234,65000.0,0.8233,87000.0,0.8237,49000.0,0.8238,8000.0
1753617314475,11:55:14.475,bitmex,ADA/USDT:USDT,0.8234,65000.0,0.8233,87000.0,0.8237,49000.0,0.8238,8000.0
1753617314524,11:55:14.524,bitmex,ADA/USDT:USDT,0.8234,65000.0,0.8233,87000.0,0.8237,49000.0,0.8238,8000.0
1753617315032,11:55:15.032,bitmex,ADA/USDT:USDT,0.8234,65000.0,0.8233,87000.0,0.8237,49000.0,0.8238,8000.0
1753617315395,11:55:15.395,bitmex,ADA/USDT:USDT,0.8234,65000.0,0.8233,87000.0,0.8237,57000.0,0.8238,8000.0
1753617315445,11:55:15.445,bitmex,ADA/USDT:USDT,0.8235,31000.0,0.8234,65000.0,0.8237,57000.0,0.8238,8000.0
1753617315686,11:55:15.686,bitmex,ADA/USDT:USDT,0.8234,65000.0,0.8233,8000.0,0.8237,57000.0,0.8238,8000.0
1753617315736,11:55:15.736,bitmex,ADA/USDT:USDT,0.8234,65000.0,0.8233,87000.0,0.8237,57000.0,0.8238,8000.0
1753617315801,11:55:15.801,bitmex,ADA/USDT:USDT,0.8234,65000.0,0.8233,87000.0,0.8237,57000.0,0.8238,8000.0
1753617316266,11:55:16.266,bitmex,ADA/USDT:USDT,0.8234,65000.0,0.8233,87000.0,0.8236,8000.0,0.8237,57000.0
1753617316315,11:55:16.315,bitmex,ADA/USDT:USDT,0.8233,65000.0,0.8232,54000.0,0.8236,8000.0,0.8237,57000.0
1753617316364,11:55:16.364,bitmex,ADA/USDT:USDT,0.8233,65000.0,0.8232,133000.0,0.8236,8000.0,0.8237,57000.0
1753617316413,11:55:16.413,bitmex,ADA/USDT:USDT,0.8233,65000.0,0.8232,133000.0,0.8236,8000.0,0.8237,57000.0
1753617316462,11:55:16.462,bitmex,ADA/USDT:USDT,0.8233,65000.0,0.8232,133000.0,0.8236,8000.0,0.8237,57000.0
1753617316731,11:55:16.731,bitmex,ADA/USDT:USDT,0.8233,65000.0,0.8232,133000.0,0.8236,8000.0,0.8237,57000.0
1753617316780,11:55:16.780,bitmex,ADA/USDT:USDT,0.8232,119000.0,0.8231,87000.0,0.8236,8000.0,0.8237,57000.0
1753617316829,11:55:16.829,bitmex,ADA/USDT:USDT,0.8232,119000.0,0.8231,87000.0,0.8236,8000.0,0.8237,57000.0
1753617317003,11:55:17.003,bitmex,ADA/USDT:USDT,0.8232,119000.0,0.8231,87000.0,0.8236,8000.0,0.8237,57000.0
1753617317052,11:55:17.052,bitmex,ADA/USDT:USDT,0.8232,119000.0,0.8231,87000.0,0.8236,8000.0,0.8237,57000.0
1753617317281,11:55:17.281,bitmex,ADA/USDT:USDT,0.8232,119000.0,0.8231,87000.0,0.8236,8000.0,0.8237,57000.0
1753617317330,11:55:17.330,bitmex,ADA/USDT:USDT,0.8232,119000.0,0.8231,87000.0,0.8236,8000.0,0.8237,57000.0
1753617317818,11:55:17.818,bitmex,ADA/USDT:USDT,0.8232,119000.0,0.8231,87000.0,0.8236,8000.0,0.8237,57000.0
1753617317867,11:55:17.867,bitmex,ADA/USDT:USDT,0.8232,119000.0,0.8231,87000.0,0.8236,8000.0,0.8237,57000.0
1753617318270,11:55:18.270,bitmex,ADA/USDT:USDT,0.8233,31000.0,0.8232,119000.0,0.8236,8000.0,0.8237,57000.0
1753617318319,11:55:18.319,bitmex,ADA/USDT:USDT,0.8233,31000.0,0.8232,119000.0,0.8236,8000.0,0.8237,57000.0
1753617318368,11:55:18.368,bitmex,ADA/USDT:USDT,0.8233,31000.0,0.8232,119000.0,0.8236,8000.0,0.8237,57000.0
1753617318799,11:55:18.799,bitmex,ADA/USDT:USDT,0.8233,31000.0,0.8232,119000.0,0.8236,8000.0,0.8237,57000.0
1753617318848,11:55:18.848,bitmex,ADA/USDT:USDT,0.8232,54000.0,0.8231,8000.0,0.8236,8000.0,0.8237,57000.0
