timestamp,time,exchange,symbol,bid1_price,bid1_volume,bid2_price,bid2_volume,ask1_price,ask1_volume,ask2_price,ask2_volume
1753617155210,11:52:35.210,bitget,A/USDT:USDT,0.57655,3743.0,0.57648,9066.0,0.57707,107.0,0.57712,42.0
1753617155511,11:52:35.511,bitget,A/USDT:USDT,0.57655,3743.0,0.57648,9066.0,0.57707,107.0,0.57712,42.0
1753617156411,11:52:36.411,bitget,A/USDT:USDT,0.57655,3743.0,0.57648,9066.0,0.57707,107.0,0.57712,42.0
1753617156561,11:52:36.561,bitget,A/USDT:USDT,0.57655,3743.0,0.57648,9066.0,0.57707,107.0,0.57712,42.0
1753617156711,11:52:36.711,bitget,A/USDT:USDT,0.57655,3743.0,0.57648,9066.0,0.57707,107.0,0.57712,42.0
1753617156861,11:52:36.861,bitget,A/USDT:USDT,0.57655,3743.0,0.57648,9066.0,0.57707,107.0,0.57712,42.0
1753617157011,11:52:37.011,bitget,A/USDT:USDT,0.57655,3743.0,0.57648,9066.0,0.57707,107.0,0.57712,42.0
1753617157162,11:52:37.162,bitget,A/USDT:USDT,0.57655,3743.0,0.57648,9066.0,0.57707,107.0,0.57712,42.0
1753617157312,11:52:37.312,bitget,A/USDT:USDT,0.57655,3743.0,0.57648,9066.0,0.57707,107.0,0.57712,42.0
1753617157762,11:52:37.762,bitget,A/USDT:USDT,0.57655,3743.0,0.57648,9066.0,0.57707,107.0,0.57712,42.0
1753617157912,11:52:37.912,bitget,A/USDT:USDT,0.57655,3743.0,0.57648,9066.0,0.57707,107.0,0.57712,42.0
1753617158062,11:52:38.062,bitget,A/USDT:USDT,0.57655,3743.0,0.57648,9066.0,0.57707,107.0,0.57712,42.0
1753617158212,11:52:38.212,bitget,A/USDT:USDT,0.57655,3743.0,0.57648,9066.0,0.57707,107.0,0.57712,42.0
1753617158512,11:52:38.512,bitget,A/USDT:USDT,0.57655,3743.0,0.57648,9066.0,0.57707,107.0,0.57712,42.0
1753617158662,11:52:38.662,bitget,A/USDT:USDT,0.57655,3743.0,0.57648,9066.0,0.57707,107.0,0.57712,42.0
1753617158813,11:52:38.813,bitget,A/USDT:USDT,0.57655,3743.0,0.57648,9066.0,0.57707,107.0,0.57712,42.0
1753617158963,11:52:38.963,bitget,A/USDT:USDT,0.57655,3743.0,0.57648,9066.0,0.57707,107.0,0.57712,42.0
1753617159113,11:52:39.113,bitget,A/USDT:USDT,0.57655,3743.0,0.57648,9066.0,0.57707,107.0,0.57712,42.0
1753617159863,11:52:39.863,bitget,A/USDT:USDT,0.5766,217.0,0.57655,2871.0,0.57707,107.0,0.57712,42.0
1753617160013,11:52:40.013,bitget,A/USDT:USDT,0.57665,110.0,0.5766,535.0,0.57707,107.0,0.57712,42.0
1753617160163,11:52:40.163,bitget,A/USDT:USDT,0.57665,197.0,0.5766,535.0,0.57707,107.0,0.57712,42.0
1753617160464,11:52:40.464,bitget,A/USDT:USDT,0.5767,110.0,0.57654,110.0,0.57707,107.0,0.57712,42.0
1753617160614,11:52:40.614,bitget,A/USDT:USDT,0.57654,110.0,0.57648,9066.0,0.57707,107.0,0.57712,42.0
1753617161214,11:52:41.214,bitget,A/USDT:USDT,0.57664,110.0,0.57659,112.0,0.57707,107.0,0.57712,42.0
1753617161964,11:52:41.964,bitget,A/USDT:USDT,0.57674,110.0,0.57669,1846.0,0.57707,107.0,0.57712,42.0
1753617162715,11:52:42.715,bitget,A/USDT:USDT,0.57674,110.0,0.57669,1846.0,0.57707,107.0,0.57712,42.0
1753617162865,11:52:42.865,bitget,A/USDT:USDT,0.57674,110.0,0.57669,1846.0,0.57707,107.0,0.57712,42.0
1753617163015,11:52:43.015,bitget,A/USDT:USDT,0.57674,110.0,0.57669,1846.0,0.57707,107.0,0.57712,42.0
1753617163165,11:52:43.165,bitget,A/USDT:USDT,0.57674,110.0,0.57669,1846.0,0.57707,107.0,0.57712,42.0
1753617163615,11:52:43.615,bitget,A/USDT:USDT,0.57674,110.0,0.57669,1846.0,0.57707,107.0,0.57712,42.0
1753617163766,11:52:43.766,bitget,A/USDT:USDT,0.57674,110.0,0.57669,1846.0,0.57707,107.0,0.57712,42.0
1753617163916,11:52:43.916,bitget,A/USDT:USDT,0.57674,110.0,0.57669,1846.0,0.57707,107.0,0.57712,42.0
1753617164066,11:52:44.066,bitget,A/USDT:USDT,0.57674,110.0,0.57669,1846.0,0.57707,107.0,0.57712,42.0
1753617164216,11:52:44.216,bitget,A/USDT:USDT,0.57674,110.0,0.57669,1846.0,0.57707,107.0,0.57712,42.0
1753617164366,11:52:44.366,bitget,A/USDT:USDT,0.57674,110.0,0.57669,1846.0,0.57707,107.0,0.57712,42.0
1753617164516,11:52:44.516,bitget,A/USDT:USDT,0.57674,110.0,0.57669,1846.0,0.57707,107.0,0.57712,42.0
1753617164666,11:52:44.666,bitget,A/USDT:USDT,0.57674,110.0,0.57669,1846.0,0.57707,107.0,0.57712,42.0
1753617164966,11:52:44.966,bitget,A/USDT:USDT,0.57674,110.0,0.57669,1846.0,0.57707,107.0,0.57712,42.0
1753617165567,11:52:45.567,bitget,A/USDT:USDT,0.57679,110.0,0.57674,127.0,0.57707,107.0,0.57712,42.0
1753617165717,11:52:45.717,bitget,A/USDT:USDT,0.57679,110.0,0.57669,1734.0,0.57707,107.0,0.57712,42.0
1753617165867,11:52:45.867,bitget,A/USDT:USDT,0.57679,110.0,0.57669,1734.0,0.57707,107.0,0.57712,42.0
1753617166017,11:52:46.017,bitget,A/USDT:USDT,0.57679,110.0,0.57669,1734.0,0.57707,107.0,0.57712,42.0
1753617166167,11:52:46.167,bitget,A/USDT:USDT,0.57679,110.0,0.57669,1734.0,0.57707,107.0,0.57712,42.0
1753617166317,11:52:46.317,bitget,A/USDT:USDT,0.57679,110.0,0.57669,1734.0,0.57707,107.0,0.57712,42.0
1753617166467,11:52:46.467,bitget,A/USDT:USDT,0.57679,110.0,0.57669,1734.0,0.57707,107.0,0.57712,42.0
1753617166617,11:52:46.617,bitget,A/USDT:USDT,0.57679,110.0,0.57669,1734.0,0.57707,107.0,0.57712,42.0
1753617166767,11:52:46.767,bitget,A/USDT:USDT,0.57679,110.0,0.57669,1734.0,0.57707,107.0,0.57712,42.0
1753617166918,11:52:46.918,bitget,A/USDT:USDT,0.57679,110.0,0.57669,1734.0,0.57707,107.0,0.57712,42.0
1753617167068,11:52:47.068,bitget,A/USDT:USDT,0.57679,110.0,0.57669,1734.0,0.57707,107.0,0.57712,42.0
1753617167218,11:52:47.218,bitget,A/USDT:USDT,0.57679,110.0,0.57669,1734.0,0.57707,107.0,0.57712,42.0
1753617167368,11:52:47.368,bitget,A/USDT:USDT,0.57679,110.0,0.57653,110.0,0.57707,107.0,0.57712,42.0
1753617167518,11:52:47.518,bitget,A/USDT:USDT,0.57653,110.0,0.57646,107.0,0.57707,107.0,0.57712,42.0
1753617167668,11:52:47.668,bitget,A/USDT:USDT,0.57646,107.0,0.57643,32.0,0.57682,12.0,0.57707,107.0
1753617167968,11:52:47.968,bitget,A/USDT:USDT,0.57658,110.0,0.57653,867.0,0.57707,107.0,0.57712,42.0
1753617168118,11:52:48.118,bitget,A/USDT:USDT,0.57658,110.0,0.57653,4978.0,0.57707,107.0,0.57712,42.0
1753617168268,11:52:48.268,bitget,A/USDT:USDT,0.57658,110.0,0.57653,4978.0,0.57707,107.0,0.57712,42.0
1753617168418,11:52:48.418,bitget,A/USDT:USDT,0.57658,284.0,0.57653,4978.0,0.57707,107.0,0.57712,42.0
1753617168568,11:52:48.568,bitget,A/USDT:USDT,0.57663,109.0,0.57658,174.0,0.57707,107.0,0.57712,42.0
1753617168719,11:52:48.719,bitget,A/USDT:USDT,0.57663,248.0,0.57658,313.0,0.57707,107.0,0.57712,42.0
1753617168869,11:52:48.869,bitget,A/USDT:USDT,0.57668,109.0,0.57663,278.0,0.57707,107.0,0.57712,42.0
1753617169019,11:52:49.019,bitget,A/USDT:USDT,0.57668,109.0,0.57663,417.0,0.57707,107.0,0.57712,42.0
1753617169169,11:52:49.169,bitget,A/USDT:USDT,0.57668,1843.0,0.57663,417.0,0.57707,107.0,0.57712,42.0
1753617169319,11:52:49.319,bitget,A/USDT:USDT,0.57673,109.0,0.57668,2688.0,0.57707,107.0,0.57712,42.0
1753617169469,11:52:49.469,bitget,A/USDT:USDT,0.57673,109.0,0.57668,2601.0,0.57707,107.0,0.57712,42.0
1753617169619,11:52:49.619,bitget,A/USDT:USDT,0.57673,109.0,0.57668,2601.0,0.57707,107.0,0.57712,42.0
1753617169769,11:52:49.769,bitget,A/USDT:USDT,0.57673,109.0,0.57668,2601.0,0.57707,107.0,0.57712,42.0
1753617169919,11:52:49.919,bitget,A/USDT:USDT,0.57673,251.0,0.57668,2601.0,0.57707,107.0,0.57712,42.0
1753617170069,11:52:50.069,bitget,A/USDT:USDT,0.57678,109.0,0.57673,142.0,0.57707,107.0,0.57712,42.0
1753617170219,11:52:50.219,bitget,A/USDT:USDT,0.57678,109.0,0.57672,109.0,0.57707,107.0,0.57712,42.0
1753617170370,11:52:50.370,bitget,A/USDT:USDT,0.57672,109.0,0.57668,2601.0,0.57707,107.0,0.57712,42.0
1753617170520,11:52:50.520,bitget,A/USDT:USDT,0.57672,109.0,0.57668,2601.0,0.57707,107.0,0.57712,42.0
1753617170670,11:52:50.670,bitget,A/USDT:USDT,0.57672,109.0,0.57668,2601.0,0.57707,107.0,0.57712,42.0
1753617170820,11:52:50.820,bitget,A/USDT:USDT,0.57672,109.0,0.57668,2601.0,0.57707,107.0,0.57712,42.0
1753617170970,11:52:50.970,bitget,A/USDT:USDT,0.57672,255.0,0.57668,2601.0,0.57707,107.0,0.57712,42.0
1753617171120,11:52:51.120,bitget,A/USDT:USDT,0.57677,109.0,0.57672,146.0,0.57707,107.0,0.57712,42.0
1753617171270,11:52:51.270,bitget,A/USDT:USDT,0.57677,109.0,0.57671,109.0,0.57707,107.0,0.57712,42.0
1753617171420,11:52:51.420,bitget,A/USDT:USDT,0.57671,109.0,0.57668,2601.0,0.57707,107.0,0.57712,42.0
1753617171570,11:52:51.570,bitget,A/USDT:USDT,0.57671,109.0,0.57668,2601.0,0.57707,107.0,0.57712,42.0
1753617171871,11:52:51.871,bitget,A/USDT:USDT,0.57676,109.0,0.57671,776.0,0.5771,109.0,0.57712,42.0
1753617172021,11:52:52.021,bitget,A/USDT:USDT,0.57676,109.0,0.57671,776.0,0.5771,109.0,0.57712,42.0
1753617172171,11:52:52.171,bitget,A/USDT:USDT,0.57676,109.0,0.57671,776.0,0.5771,109.0,0.57712,42.0
1753617172321,11:52:52.321,bitget,A/USDT:USDT,0.57676,109.0,0.57671,776.0,0.5771,109.0,0.57712,42.0
1753617172471,11:52:52.471,bitget,A/USDT:USDT,0.57676,109.0,0.57671,776.0,0.5771,109.0,0.57712,42.0
1753617172621,11:52:52.621,bitget,A/USDT:USDT,0.57676,109.0,0.57671,776.0,0.5771,109.0,0.57712,42.0
1753617172771,11:52:52.771,bitget,A/USDT:USDT,0.57676,109.0,0.57665,76.0,0.5771,109.0,0.57712,42.0
1753617173071,11:52:53.071,bitget,A/USDT:USDT,0.57681,109.0,0.57676,388.0,0.5771,109.0,0.57712,42.0
1753617173221,11:52:53.221,bitget,A/USDT:USDT,0.57681,109.0,0.57676,388.0,0.5771,109.0,0.57712,42.0
1753617173371,11:52:53.371,bitget,A/USDT:USDT,0.57681,109.0,0.57676,388.0,0.5771,109.0,0.57712,42.0
1753617173521,11:52:53.521,bitget,A/USDT:USDT,0.57681,109.0,0.57676,388.0,0.5771,109.0,0.57712,42.0
1753617173672,11:52:53.672,bitget,A/USDT:USDT,0.57681,109.0,0.57676,388.0,0.5771,109.0,0.57712,42.0
1753617173822,11:52:53.822,bitget,A/USDT:USDT,0.57681,109.0,0.57669,109.0,0.5771,109.0,0.57712,42.0
1753617174122,11:52:54.122,bitget,A/USDT:USDT,0.57674,109.0,0.57669,834.0,0.5771,109.0,0.57712,42.0
1753617174272,11:52:54.272,bitget,A/USDT:USDT,0.57674,109.0,0.57669,834.0,0.5771,109.0,0.57712,42.0
1753617174422,11:52:54.422,bitget,A/USDT:USDT,0.57674,196.0,0.57669,834.0,0.5771,109.0,0.57712,42.0
1753617174572,11:52:54.572,bitget,A/USDT:USDT,0.57679,109.0,0.57674,87.0,0.5771,109.0,0.57712,42.0
1753617174722,11:52:54.722,bitget,A/USDT:USDT,0.57679,109.0,0.57669,278.0,0.5771,109.0,0.57712,42.0
1753617174872,11:52:54.872,bitget,A/USDT:USDT,0.57679,109.0,0.57669,278.0,0.5771,109.0,0.57712,42.0
1753617175022,11:52:55.022,bitget,A/USDT:USDT,0.57679,109.0,0.57669,278.0,0.5771,109.0,0.57712,42.0
1753617175172,11:52:55.172,bitget,A/USDT:USDT,0.57679,109.0,0.57675,278.0,0.5771,109.0,0.57712,42.0
1753617175323,11:52:55.323,bitget,A/USDT:USDT,0.57679,109.0,0.57675,278.0,0.5771,109.0,0.57712,42.0
1753617175473,11:52:55.473,bitget,A/USDT:USDT,0.57679,109.0,0.57675,278.0,0.5771,109.0,0.57712,42.0
1753617175623,11:52:55.623,bitget,A/USDT:USDT,0.57679,109.0,0.57675,278.0,0.5771,109.0,0.57712,42.0
1753617175773,11:52:55.773,bitget,A/USDT:USDT,0.57679,109.0,0.57675,278.0,0.5771,109.0,0.57712,42.0
1753617175923,11:52:55.923,bitget,A/USDT:USDT,0.57679,109.0,0.57675,278.0,0.5771,109.0,0.57712,42.0
1753617176073,11:52:56.073,bitget,A/USDT:USDT,0.57679,109.0,0.57675,278.0,0.5771,109.0,0.57712,42.0
1753617176223,11:52:56.223,bitget,A/USDT:USDT,0.57679,109.0,0.57675,278.0,0.5771,109.0,0.57712,42.0
1753617176373,11:52:56.373,bitget,A/USDT:USDT,0.57679,109.0,0.57675,278.0,0.5771,109.0,0.57712,42.0
1753617176523,11:52:56.523,bitget,A/USDT:USDT,0.57679,109.0,0.57673,109.0,0.5771,109.0,0.57712,42.0
1753617176673,11:52:56.673,bitget,A/USDT:USDT,0.57673,525.0,0.57665,76.0,0.5771,109.0,0.57712,42.0
1753617176824,11:52:56.824,bitget,A/USDT:USDT,0.57678,109.0,0.57673,416.0,0.5771,109.0,0.57712,42.0
1753617176974,11:52:56.974,bitget,A/USDT:USDT,0.57678,109.0,0.57673,416.0,0.5771,109.0,0.57712,42.0
1753617177124,11:52:57.124,bitget,A/USDT:USDT,0.57678,109.0,0.57673,416.0,0.5771,109.0,0.57712,42.0
1753617177274,11:52:57.274,bitget,A/USDT:USDT,0.57678,109.0,0.57673,416.0,0.5771,109.0,0.57712,42.0
1753617177424,11:52:57.424,bitget,A/USDT:USDT,0.57678,109.0,0.57673,416.0,0.5771,109.0,0.57712,42.0
1753617177724,11:52:57.724,bitget,A/USDT:USDT,0.57678,109.0,0.57673,416.0,0.5771,109.0,0.57712,42.0
1753617177874,11:52:57.874,bitget,A/USDT:USDT,0.57678,109.0,0.57673,416.0,0.5771,109.0,0.57712,42.0
1753617178024,11:52:58.024,bitget,A/USDT:USDT,0.57678,109.0,0.57673,416.0,0.5771,109.0,0.57712,42.0
1753617178174,11:52:58.174,bitget,A/USDT:USDT,0.57678,109.0,0.57673,416.0,0.5771,109.0,0.57712,42.0
1753617178324,11:52:58.324,bitget,A/USDT:USDT,0.57678,109.0,0.57673,416.0,0.5771,109.0,0.57712,42.0
1753617178775,11:52:58.775,bitget,A/USDT:USDT,0.57678,109.0,0.57673,416.0,0.5771,109.0,0.57712,42.0
1753617178925,11:52:58.925,bitget,A/USDT:USDT,0.57678,109.0,0.57673,416.0,0.5771,109.0,0.57712,42.0
1753617179075,11:52:59.075,bitget,A/USDT:USDT,0.57678,109.0,0.57673,416.0,0.5771,109.0,0.57712,42.0
1753617179225,11:52:59.225,bitget,A/USDT:USDT,0.57678,109.0,0.57673,416.0,0.5771,109.0,0.57712,42.0
1753617179375,11:52:59.375,bitget,A/USDT:USDT,0.57678,109.0,0.57673,416.0,0.5771,109.0,0.57712,42.0
1753617179525,11:52:59.525,bitget,A/USDT:USDT,0.57678,109.0,0.57673,416.0,0.5771,109.0,0.57712,42.0
1753617179675,11:52:59.675,bitget,A/USDT:USDT,0.57678,109.0,0.57673,416.0,0.5771,109.0,0.57712,42.0
1753617179825,11:52:59.825,bitget,A/USDT:USDT,0.57678,109.0,0.57673,416.0,0.5771,109.0,0.57712,42.0
1753617179975,11:52:59.975,bitget,A/USDT:USDT,0.57678,109.0,0.57673,416.0,0.5771,109.0,0.57712,42.0
1753617180126,11:53:00.126,bitget,A/USDT:USDT,0.57678,109.0,0.57673,416.0,0.5771,109.0,0.57712,42.0
1753617180276,11:53:00.276,bitget,A/USDT:USDT,0.57678,109.0,0.57673,416.0,0.5771,109.0,0.57712,42.0
1753617180426,11:53:00.426,bitget,A/USDT:USDT,0.57678,109.0,0.57673,416.0,0.5771,109.0,0.57712,42.0
1753617180576,11:53:00.576,bitget,A/USDT:USDT,0.57678,109.0,0.57673,416.0,0.5771,109.0,0.57712,42.0
1753617180726,11:53:00.726,bitget,A/USDT:USDT,0.57678,109.0,0.57673,416.0,0.5771,109.0,0.57712,42.0
1753617180876,11:53:00.876,bitget,A/USDT:USDT,0.57678,109.0,0.57673,416.0,0.5771,109.0,0.57712,42.0
1753617181026,11:53:01.026,bitget,A/USDT:USDT,0.57678,109.0,0.57673,416.0,0.5771,109.0,0.57712,42.0
1753617181176,11:53:01.176,bitget,A/USDT:USDT,0.57678,109.0,0.57673,416.0,0.5771,109.0,0.57712,42.0
1753617181326,11:53:01.326,bitget,A/USDT:USDT,0.57678,109.0,0.57673,416.0,0.5771,109.0,0.57712,42.0
1753617181476,11:53:01.476,bitget,A/USDT:USDT,0.57678,109.0,0.57673,416.0,0.5771,109.0,0.57712,42.0
1753617181626,11:53:01.626,bitget,A/USDT:USDT,0.57678,109.0,0.57673,416.0,0.5771,109.0,0.57712,42.0
1753617181927,11:53:01.927,bitget,A/USDT:USDT,0.57678,109.0,0.57673,416.0,0.5771,109.0,0.57712,42.0
1753617182077,11:53:02.077,bitget,A/USDT:USDT,0.57678,109.0,0.57665,76.0,0.5771,109.0,0.57712,42.0
1753617182227,11:53:02.227,bitget,A/USDT:USDT,0.57678,109.0,0.57665,76.0,0.5771,109.0,0.57712,42.0
1753617182377,11:53:02.377,bitget,A/USDT:USDT,0.57678,109.0,0.57665,76.0,0.5771,109.0,0.57712,42.0
1753617182527,11:53:02.527,bitget,A/USDT:USDT,0.57678,109.0,0.57665,76.0,0.5771,109.0,0.57712,42.0
1753617182677,11:53:02.677,bitget,A/USDT:USDT,0.57678,109.0,0.57665,76.0,0.5771,109.0,0.57712,42.0
1753617182827,11:53:02.827,bitget,A/USDT:USDT,0.57678,109.0,0.57665,76.0,0.5771,109.0,0.57712,42.0
1753617183127,11:53:03.127,bitget,A/USDT:USDT,0.57678,196.0,0.57675,278.0,0.5771,109.0,0.57712,42.0
1753617183277,11:53:03.277,bitget,A/USDT:USDT,0.57683,107.0,0.57678,87.0,0.5771,109.0,0.57712,42.0
1753617183428,11:53:03.428,bitget,A/USDT:USDT,0.57683,107.0,0.57678,87.0,0.5771,109.0,0.57712,42.0
1753617183577,11:53:03.577,bitget,A/USDT:USDT,0.57683,107.0,0.57682,76.0,0.5771,107.0,0.57712,42.0
1753617183728,11:53:03.728,bitget,A/USDT:USDT,0.57683,107.0,0.57682,76.0,0.57726,109.0,0.57732,107.0
1753617183878,11:53:03.878,bitget,A/USDT:USDT,0.57688,107.0,0.57683,360.0,0.57732,107.0,0.57734,31186.0
1753617184028,11:53:04.028,bitget,A/USDT:USDT,0.57688,107.0,0.57683,82.0,0.57732,107.0,0.57734,31186.0
1753617184478,11:53:04.478,bitget,A/USDT:USDT,0.57693,107.0,0.57688,380.0,0.57732,107.0,0.57735,9057.0
1753617184628,11:53:04.628,bitget,A/USDT:USDT,0.57693,107.0,0.57688,380.0,0.57732,107.0,0.57735,9057.0
1753617184779,11:53:04.779,bitget,A/USDT:USDT,0.57693,107.0,0.57688,380.0,0.57732,107.0,0.57735,9057.0
1753617184929,11:53:04.929,bitget,A/USDT:USDT,0.57693,107.0,0.57688,380.0,0.57732,107.0,0.57735,9057.0
1753617185079,11:53:05.079,bitget,A/USDT:USDT,0.57693,107.0,0.57688,380.0,0.57732,107.0,0.57735,9057.0
1753617185229,11:53:05.229,bitget,A/USDT:USDT,0.57693,107.0,0.57688,380.0,0.57732,107.0,0.57735,9057.0
1753617185379,11:53:05.379,bitget,A/USDT:USDT,0.57693,107.0,0.57688,380.0,0.57732,107.0,0.57735,9057.0
1753617185679,11:53:05.679,bitget,A/USDT:USDT,0.57693,107.0,0.57688,380.0,0.57732,107.0,0.57735,9057.0
1753617185829,11:53:05.829,bitget,A/USDT:USDT,0.57693,472.0,0.57682,76.0,0.57732,107.0,0.57735,9057.0
1753617185979,11:53:05.979,bitget,A/USDT:USDT,0.57698,107.0,0.57693,556.0,0.57732,107.0,0.57735,9057.0
1753617186279,11:53:06.279,bitget,A/USDT:USDT,0.57698,107.0,0.57693,556.0,0.57732,107.0,0.57735,9057.0
1753617186430,11:53:06.430,bitget,A/USDT:USDT,0.57698,107.0,0.57693,556.0,0.57732,107.0,0.57735,9057.0
1753617186580,11:53:06.580,bitget,A/USDT:USDT,0.57698,107.0,0.57693,556.0,0.57732,107.0,0.57735,9057.0
1753617186730,11:53:06.730,bitget,A/USDT:USDT,0.57698,107.0,0.57693,556.0,0.57732,107.0,0.57735,9057.0
1753617186880,11:53:06.880,bitget,A/USDT:USDT,0.57698,107.0,0.57693,556.0,0.57732,107.0,0.57735,9057.0
1753617187030,11:53:07.030,bitget,A/USDT:USDT,0.57698,107.0,0.57693,556.0,0.57732,107.0,0.57735,9057.0
1753617187180,11:53:07.180,bitget,A/USDT:USDT,0.57698,107.0,0.57693,556.0,0.57732,107.0,0.57735,9057.0
1753617187330,11:53:07.330,bitget,A/USDT:USDT,0.57698,107.0,0.57693,556.0,0.57732,107.0,0.57735,9057.0
1753617187480,11:53:07.480,bitget,A/USDT:USDT,0.57698,107.0,0.57693,556.0,0.57732,107.0,0.57735,9057.0
1753617187630,11:53:07.630,bitget,A/USDT:USDT,0.57698,107.0,0.57693,556.0,0.57732,107.0,0.57735,9057.0
1753617187780,11:53:07.780,bitget,A/USDT:USDT,0.57698,107.0,0.57693,556.0,0.57732,107.0,0.57735,9057.0
1753617187930,11:53:07.930,bitget,A/USDT:USDT,0.57698,107.0,0.57693,556.0,0.57732,107.0,0.57735,9057.0
1753617188081,11:53:08.081,bitget,A/USDT:USDT,0.57698,107.0,0.57693,556.0,0.57732,107.0,0.57735,9057.0
1753617188231,11:53:08.231,bitget,A/USDT:USDT,0.57698,107.0,0.57693,556.0,0.57732,107.0,0.57735,9057.0
1753617188381,11:53:08.381,bitget,A/USDT:USDT,0.57698,107.0,0.57693,556.0,0.57732,107.0,0.57735,9057.0
1753617188531,11:53:08.531,bitget,A/USDT:USDT,0.57698,107.0,0.57693,556.0,0.57732,107.0,0.57735,9057.0
1753617188831,11:53:08.831,bitget,A/USDT:USDT,0.57698,107.0,0.57693,556.0,0.57732,107.0,0.57735,9057.0
1753617188981,11:53:08.981,bitget,A/USDT:USDT,0.57698,107.0,0.57693,556.0,0.57732,107.0,0.57735,9057.0
1753617189131,11:53:09.131,bitget,A/USDT:USDT,0.57698,107.0,0.57693,556.0,0.57732,107.0,0.57735,9057.0
1753617189282,11:53:09.282,bitget,A/USDT:USDT,0.57698,107.0,0.57693,556.0,0.57732,107.0,0.57735,9057.0
1753617189432,11:53:09.432,bitget,A/USDT:USDT,0.57698,107.0,0.57693,556.0,0.57732,107.0,0.57735,9057.0
1753617189582,11:53:09.582,bitget,A/USDT:USDT,0.57698,107.0,0.57693,556.0,0.57732,107.0,0.57735,9057.0
1753617189732,11:53:09.732,bitget,A/USDT:USDT,0.57698,107.0,0.57693,556.0,0.57732,107.0,0.57735,9057.0
1753617189882,11:53:09.882,bitget,A/USDT:USDT,0.57698,107.0,0.57693,556.0,0.57732,107.0,0.57735,9057.0
1753617190032,11:53:10.032,bitget,A/USDT:USDT,0.57698,107.0,0.57693,556.0,0.57732,107.0,0.57735,9057.0
1753617190332,11:53:10.332,bitget,A/USDT:USDT,0.57698,107.0,0.57693,556.0,0.57732,107.0,0.57735,9057.0
1753617190482,11:53:10.482,bitget,A/USDT:USDT,0.57698,107.0,0.57693,556.0,0.57732,107.0,0.57735,9057.0
1753617190632,11:53:10.632,bitget,A/USDT:USDT,0.57698,107.0,0.57693,556.0,0.57732,107.0,0.57735,9057.0
1753617190782,11:53:10.782,bitget,A/USDT:USDT,0.57698,107.0,0.57693,556.0,0.57732,107.0,0.57735,9057.0
1753617190932,11:53:10.932,bitget,A/USDT:USDT,0.57698,107.0,0.57682,76.0,0.57732,107.0,0.57735,9057.0
1753617191083,11:53:11.083,bitget,A/USDT:USDT,0.57698,107.0,0.57682,76.0,0.57732,107.0,0.57735,9057.0
1753617191233,11:53:11.233,bitget,A/USDT:USDT,0.57698,107.0,0.57682,76.0,0.57732,107.0,0.57735,9057.0
1753617191383,11:53:11.383,bitget,A/USDT:USDT,0.57698,107.0,0.57682,76.0,0.57732,107.0,0.57735,9057.0
1753617191533,11:53:11.533,bitget,A/USDT:USDT,0.57698,107.0,0.57682,76.0,0.57732,107.0,0.57735,9057.0
1753617191683,11:53:11.683,bitget,A/USDT:USDT,0.57698,107.0,0.57682,76.0,0.57732,107.0,0.57735,9057.0
1753617191833,11:53:11.833,bitget,A/USDT:USDT,0.57698,107.0,0.57682,76.0,0.57732,107.0,0.57735,9057.0
1753617191983,11:53:11.983,bitget,A/USDT:USDT,0.57698,107.0,0.57682,76.0,0.57732,107.0,0.57735,9057.0
1753617192133,11:53:12.133,bitget,A/USDT:USDT,0.57698,107.0,0.57682,76.0,0.57732,107.0,0.57735,9057.0
1753617192433,11:53:12.433,bitget,A/USDT:USDT,0.57698,107.0,0.57682,76.0,0.57732,107.0,0.57735,9057.0
1753617192583,11:53:12.583,bitget,A/USDT:USDT,0.57698,107.0,0.57682,76.0,0.57732,107.0,0.57735,9057.0
1753617192734,11:53:12.734,bitget,A/USDT:USDT,0.57698,107.0,0.57682,76.0,0.57732,107.0,0.57735,9057.0
1753617192884,11:53:12.884,bitget,A/USDT:USDT,0.57698,107.0,0.57682,76.0,0.57732,107.0,0.57735,9057.0
1753617193184,11:53:13.184,bitget,A/USDT:USDT,0.57698,107.0,0.57682,76.0,0.57732,107.0,0.57735,9057.0
1753617193334,11:53:13.334,bitget,A/USDT:USDT,0.57698,107.0,0.57682,76.0,0.57732,107.0,0.57735,9057.0
1753617193484,11:53:13.484,bitget,A/USDT:USDT,0.57698,107.0,0.57682,76.0,0.57732,107.0,0.57735,9057.0
1753617193634,11:53:13.634,bitget,A/USDT:USDT,0.57698,107.0,0.57682,76.0,0.57732,107.0,0.57735,9057.0
1753617193784,11:53:13.784,bitget,A/USDT:USDT,0.57698,107.0,0.57682,76.0,0.57732,107.0,0.57735,9057.0
1753617193934,11:53:13.934,bitget,A/USDT:USDT,0.57698,107.0,0.57682,76.0,0.57732,107.0,0.57735,9057.0
1753617194084,11:53:14.084,bitget,A/USDT:USDT,0.57698,107.0,0.57682,76.0,0.57732,107.0,0.57735,9057.0
1753617194234,11:53:14.234,bitget,A/USDT:USDT,0.57698,107.0,0.57682,76.0,0.57732,107.0,0.57735,9057.0
1753617194385,11:53:14.385,bitget,A/USDT:USDT,0.57698,107.0,0.57682,76.0,0.57732,107.0,0.57735,9057.0
1753617194535,11:53:14.535,bitget,A/USDT:USDT,0.57698,107.0,0.57682,76.0,0.57732,107.0,0.57735,9057.0
1753617194685,11:53:14.685,bitget,A/USDT:USDT,0.57698,107.0,0.57682,76.0,0.57732,107.0,0.57735,9057.0
1753617194835,11:53:14.835,bitget,A/USDT:USDT,0.57698,107.0,0.57682,76.0,0.57732,107.0,0.57735,9057.0
1753617194985,11:53:14.985,bitget,A/USDT:USDT,0.57698,107.0,0.57682,76.0,0.57732,107.0,0.57735,9057.0
1753617195135,11:53:15.135,bitget,A/USDT:USDT,0.57698,107.0,0.57682,76.0,0.57732,107.0,0.57735,9057.0
1753617195285,11:53:15.285,bitget,A/USDT:USDT,0.57698,107.0,0.57682,76.0,0.57732,107.0,0.57735,9057.0
1753617195435,11:53:15.435,bitget,A/USDT:USDT,0.57698,107.0,0.57682,76.0,0.57732,107.0,0.57735,9057.0
1753617195585,11:53:15.585,bitget,A/USDT:USDT,0.57698,107.0,0.57682,76.0,0.57732,107.0,0.57735,9057.0
1753617195735,11:53:15.735,bitget,A/USDT:USDT,0.57698,107.0,0.57682,76.0,0.57732,107.0,0.57735,9057.0
1753617195885,11:53:15.885,bitget,A/USDT:USDT,0.57698,107.0,0.57682,76.0,0.57732,107.0,0.57735,9057.0
1753617196035,11:53:16.035,bitget,A/USDT:USDT,0.57698,107.0,0.57682,76.0,0.57732,107.0,0.57735,9057.0
1753617196186,11:53:16.186,bitget,A/USDT:USDT,0.57698,107.0,0.57682,76.0,0.57732,107.0,0.57735,9057.0
1753617196786,11:53:16.786,bitget,A/USDT:USDT,0.57714,106.0,0.57709,12.0,0.57732,107.0,0.57735,9057.0
1753617196936,11:53:16.936,bitget,A/USDT:USDT,0.57714,106.0,0.57709,12.0,0.57732,107.0,0.57735,9057.0
1753617197086,11:53:17.086,bitget,A/USDT:USDT,0.57714,106.0,0.57709,12.0,0.57732,107.0,0.57735,9057.0
1753617197236,11:53:17.236,bitget,A/USDT:USDT,0.57714,106.0,0.57709,12.0,0.57732,107.0,0.57735,9057.0
1753617197386,11:53:17.386,bitget,A/USDT:USDT,0.57714,106.0,0.57709,12.0,0.57732,107.0,0.57735,9057.0
1753617197536,11:53:17.536,bitget,A/USDT:USDT,0.57714,106.0,0.57709,12.0,0.57732,107.0,0.57735,9057.0
1753617197686,11:53:17.686,bitget,A/USDT:USDT,0.57714,106.0,0.57709,12.0,0.57732,107.0,0.57735,9057.0
1753617197837,11:53:17.837,bitget,A/USDT:USDT,0.57714,106.0,0.57709,12.0,0.57732,107.0,0.57735,9057.0
1753617197987,11:53:17.987,bitget,A/USDT:USDT,0.57714,106.0,0.57709,12.0,0.57732,107.0,0.57735,9057.0
1753617198137,11:53:18.137,bitget,A/USDT:USDT,0.57714,106.0,0.57709,12.0,0.57732,107.0,0.57735,9057.0
1753617198287,11:53:18.287,bitget,A/USDT:USDT,0.57714,106.0,0.57709,12.0,0.57732,107.0,0.57735,9057.0
1753617198437,11:53:18.437,bitget,A/USDT:USDT,0.57714,106.0,0.57709,12.0,0.57732,107.0,0.57735,9057.0
1753617198587,11:53:18.587,bitget,A/USDT:USDT,0.57714,106.0,0.57709,12.0,0.57732,107.0,0.57735,9057.0
1753617198737,11:53:18.737,bitget,A/USDT:USDT,0.57714,106.0,0.57709,12.0,0.57732,107.0,0.57735,9057.0
1753617198887,11:53:18.887,bitget,A/USDT:USDT,0.57714,106.0,0.57709,12.0,0.57732,107.0,0.57735,9057.0
1753617199037,11:53:19.037,bitget,A/USDT:USDT,0.57714,106.0,0.57709,12.0,0.57732,107.0,0.57735,9057.0
1753617199187,11:53:19.187,bitget,A/USDT:USDT,0.57714,106.0,0.57709,12.0,0.57732,107.0,0.57735,9057.0
1753617199337,11:53:19.337,bitget,A/USDT:USDT,0.57714,106.0,0.57709,12.0,0.57735,9057.0,0.5775,110.0
1753617199488,11:53:19.488,bitget,A/USDT:USDT,0.57714,106.0,0.57709,12.0,0.57732,107.0,0.57735,9057.0
1753617199638,11:53:19.638,bitget,A/USDT:USDT,0.57714,106.0,0.57709,12.0,0.57732,107.0,0.57735,9057.0
1753617199788,11:53:19.788,bitget,A/USDT:USDT,0.57714,106.0,0.57709,12.0,0.57732,107.0,0.57743,9050.0
1753617199938,11:53:19.938,bitget,A/USDT:USDT,0.57714,106.0,0.57709,12.0,0.57732,107.0,0.57743,9050.0
1753617200088,11:53:20.088,bitget,A/USDT:USDT,0.57709,12.0,0.57707,76.0,0.57732,107.0,0.57743,9050.0
1753617200388,11:53:20.388,bitget,A/USDT:USDT,0.57714,107.0,0.57709,12.0,0.57732,107.0,0.57743,9050.0
1753617200538,11:53:20.538,bitget,A/USDT:USDT,0.57714,107.0,0.57709,12.0,0.57732,107.0,0.57743,9050.0
1753617200688,11:53:20.688,bitget,A/USDT:USDT,0.57714,107.0,0.57709,12.0,0.57732,107.0,0.57743,9050.0
1753617200838,11:53:20.838,bitget,A/USDT:USDT,0.57714,107.0,0.57709,12.0,0.57732,107.0,0.57743,9050.0
1753617201139,11:53:21.139,bitget,A/USDT:USDT,0.57714,107.0,0.57709,12.0,0.57732,107.0,0.57743,9050.0
1753617201289,11:53:21.289,bitget,A/USDT:USDT,0.57714,107.0,0.57709,12.0,0.57732,107.0,0.57743,9050.0
1753617201439,11:53:21.439,bitget,A/USDT:USDT,0.57714,107.0,0.57709,12.0,0.57732,107.0,0.57743,9050.0
1753617201589,11:53:21.589,bitget,A/USDT:USDT,0.57714,107.0,0.57709,12.0,0.57732,107.0,0.57743,9050.0
1753617201739,11:53:21.739,bitget,A/USDT:USDT,0.57714,107.0,0.57709,12.0,0.57732,107.0,0.57743,9050.0
1753617201889,11:53:21.889,bitget,A/USDT:USDT,0.57714,107.0,0.57709,12.0,0.57732,107.0,0.57743,9050.0
1753617202039,11:53:22.039,bitget,A/USDT:USDT,0.57714,107.0,0.57709,12.0,0.57732,107.0,0.57743,9050.0
1753617202189,11:53:22.189,bitget,A/USDT:USDT,0.57714,107.0,0.57709,12.0,0.57732,107.0,0.57743,9050.0
1753617202339,11:53:22.339,bitget,A/USDT:USDT,0.57714,107.0,0.57709,12.0,0.57732,107.0,0.57743,9050.0
1753617202489,11:53:22.489,bitget,A/USDT:USDT,0.57714,107.0,0.57709,12.0,0.57732,107.0,0.57743,9050.0
1753617202639,11:53:22.639,bitget,A/USDT:USDT,0.57714,107.0,0.57709,12.0,0.57732,107.0,0.57743,9050.0
1753617202790,11:53:22.790,bitget,A/USDT:USDT,0.57714,107.0,0.57709,12.0,0.57732,107.0,0.57743,9050.0
1753617202940,11:53:22.940,bitget,A/USDT:USDT,0.57714,107.0,0.57709,12.0,0.57732,107.0,0.57743,9050.0
1753617203090,11:53:23.090,bitget,A/USDT:USDT,0.57714,107.0,0.57709,12.0,0.57732,107.0,0.57739,76.0
1753617203240,11:53:23.240,bitget,A/USDT:USDT,0.57714,107.0,0.57709,12.0,0.57732,107.0,0.57739,76.0
1753617203390,11:53:23.390,bitget,A/USDT:USDT,0.57714,107.0,0.57709,12.0,0.57732,107.0,0.57739,76.0
1753617203540,11:53:23.540,bitget,A/USDT:USDT,0.57714,107.0,0.57709,12.0,0.57732,107.0,0.57739,76.0
1753617203690,11:53:23.690,bitget,A/USDT:USDT,0.57714,107.0,0.57709,12.0,0.57732,107.0,0.57739,76.0
1753617203840,11:53:23.840,bitget,A/USDT:USDT,0.57714,107.0,0.57709,12.0,0.57732,107.0,0.57739,76.0
1753617203990,11:53:23.990,bitget,A/USDT:USDT,0.57714,107.0,0.57709,12.0,0.57732,107.0,0.57739,76.0
1753617204141,11:53:24.141,bitget,A/USDT:USDT,0.57714,107.0,0.57709,12.0,0.57732,107.0,0.57739,76.0
1753617204291,11:53:24.291,bitget,A/USDT:USDT,0.57714,107.0,0.57709,12.0,0.57732,107.0,0.57739,76.0
1753617204441,11:53:24.441,bitget,A/USDT:USDT,0.57714,107.0,0.57709,12.0,0.57732,107.0,0.57739,76.0
1753617204591,11:53:24.591,bitget,A/USDT:USDT,0.57714,107.0,0.57709,12.0,0.57732,107.0,0.57739,76.0
1753617204741,11:53:24.741,bitget,A/USDT:USDT,0.57714,107.0,0.57709,12.0,0.57732,107.0,0.57739,76.0
1753617204891,11:53:24.891,bitget,A/USDT:USDT,0.57714,107.0,0.57709,12.0,0.57732,107.0,0.57739,76.0
1753617205041,11:53:25.041,bitget,A/USDT:USDT,0.57714,107.0,0.57709,12.0,0.57732,107.0,0.57739,76.0
1753617205191,11:53:25.191,bitget,A/USDT:USDT,0.57714,107.0,0.57709,12.0,0.57732,107.0,0.57739,76.0
1753617205491,11:53:25.491,bitget,A/USDT:USDT,0.57714,107.0,0.57712,76.0,0.5774,9049.0,0.5775,110.0
1753617205642,11:53:25.642,bitget,A/USDT:USDT,0.57714,107.0,0.57712,76.0,0.57735,107.0,0.57748,9048.0
1753617205878,11:53:25.878,bitget,A/USDT:USDT,0.57714,107.0,0.57712,76.0,0.57735,107.0,0.57748,9048.0
1753617206031,11:53:26.031,bitget,A/USDT:USDT,0.57714,107.0,0.57712,76.0,0.57735,107.0,0.57748,9048.0
1753617206186,11:53:26.186,bitget,A/USDT:USDT,0.57714,107.0,0.57712,76.0,0.57735,107.0,0.57748,9048.0
1753617206376,11:53:26.376,bitget,A/USDT:USDT,0.57714,107.0,0.57712,76.0,0.57743,107.0,0.57748,9048.0
1753617206542,11:53:26.542,bitget,A/USDT:USDT,0.57714,107.0,0.57712,76.0,0.57743,107.0,0.57748,9048.0
1753617206692,11:53:26.692,bitget,A/USDT:USDT,0.57714,107.0,0.57712,76.0,0.57743,107.0,0.57748,9048.0
1753617206842,11:53:26.842,bitget,A/USDT:USDT,0.57714,107.0,0.57712,76.0,0.57743,107.0,0.57748,9048.0
1753617206992,11:53:26.992,bitget,A/USDT:USDT,0.57714,107.0,0.57712,76.0,0.57743,107.0,0.57748,9048.0
1753617207142,11:53:27.142,bitget,A/USDT:USDT,0.57714,107.0,0.57712,76.0,0.57743,107.0,0.57748,9048.0
1753617207292,11:53:27.292,bitget,A/USDT:USDT,0.57714,107.0,0.57712,76.0,0.57743,107.0,0.57748,9048.0
1753617207443,11:53:27.443,bitget,A/USDT:USDT,0.57714,107.0,0.57712,76.0,0.57743,107.0,0.57748,9048.0
1753617207593,11:53:27.593,bitget,A/USDT:USDT,0.57714,107.0,0.57712,76.0,0.57743,107.0,0.57748,9048.0
1753617207743,11:53:27.743,bitget,A/USDT:USDT,0.57714,107.0,0.57712,76.0,0.57743,107.0,0.57748,9048.0
1753617207893,11:53:27.893,bitget,A/USDT:USDT,0.57714,107.0,0.57712,76.0,0.57743,107.0,0.57748,9048.0
1753617208043,11:53:28.043,bitget,A/USDT:USDT,0.57714,107.0,0.57712,76.0,0.57743,107.0,0.57748,9048.0
1753617208193,11:53:28.193,bitget,A/USDT:USDT,0.57714,107.0,0.57712,76.0,0.57743,107.0,0.57748,9048.0
1753617208493,11:53:28.493,bitget,A/USDT:USDT,0.57714,107.0,0.57712,76.0,0.57743,107.0,0.57748,9048.0
1753617208643,11:53:28.643,bitget,A/USDT:USDT,0.57714,107.0,0.57712,76.0,0.57743,107.0,0.57748,9048.0
1753617208793,11:53:28.793,bitget,A/USDT:USDT,0.57714,107.0,0.57712,76.0,0.57743,107.0,0.57748,9048.0
1753617208943,11:53:28.943,bitget,A/USDT:USDT,0.57714,107.0,0.57712,76.0,0.57743,107.0,0.57748,9048.0
1753617209094,11:53:29.094,bitget,A/USDT:USDT,0.57714,107.0,0.57712,76.0,0.57743,107.0,0.57748,9048.0
1753617209244,11:53:29.244,bitget,A/USDT:USDT,0.57714,107.0,0.57712,76.0,0.57743,107.0,0.57748,9048.0
1753617209394,11:53:29.394,bitget,A/USDT:USDT,0.57714,107.0,0.57712,76.0,0.57743,107.0,0.57748,9048.0
1753617209544,11:53:29.544,bitget,A/USDT:USDT,0.57714,107.0,0.57712,76.0,0.57743,107.0,0.57748,9048.0
1753617209694,11:53:29.694,bitget,A/USDT:USDT,0.57714,107.0,0.57712,76.0,0.57743,107.0,0.57748,9048.0
1753617209844,11:53:29.844,bitget,A/USDT:USDT,0.57714,107.0,0.57712,76.0,0.57743,107.0,0.57748,9048.0
1753617209994,11:53:29.994,bitget,A/USDT:USDT,0.57714,107.0,0.57712,76.0,0.57743,107.0,0.57748,9048.0
1753617210294,11:53:30.294,bitget,A/USDT:USDT,0.57714,107.0,0.57712,76.0,0.57743,107.0,0.57748,9048.0
1753617210444,11:53:30.444,bitget,A/USDT:USDT,0.57714,107.0,0.57712,76.0,0.57743,107.0,0.57748,9048.0
1753617210745,11:53:30.745,bitget,A/USDT:USDT,0.57714,107.0,0.57712,76.0,0.57743,107.0,0.57748,9048.0
1753617210895,11:53:30.895,bitget,A/USDT:USDT,0.57714,107.0,0.57712,76.0,0.57743,107.0,0.57748,9048.0
1753617211045,11:53:31.045,bitget,A/USDT:USDT,0.57714,107.0,0.57712,76.0,0.57743,107.0,0.57748,9048.0
1753617211195,11:53:31.195,bitget,A/USDT:USDT,0.57714,107.0,0.57712,76.0,0.57743,107.0,0.57748,9048.0
1753617211345,11:53:31.345,bitget,A/USDT:USDT,0.57714,107.0,0.57712,76.0,0.57743,107.0,0.57748,9048.0
1753617211495,11:53:31.495,bitget,A/USDT:USDT,0.57714,107.0,0.57712,76.0,0.57743,107.0,0.57748,9048.0
1753617211645,11:53:31.645,bitget,A/USDT:USDT,0.57714,107.0,0.57712,76.0,0.57743,107.0,0.57748,9048.0
1753617211945,11:53:31.945,bitget,A/USDT:USDT,0.57714,107.0,0.57712,76.0,0.57749,9045.0,0.5775,110.0
1753617212095,11:53:32.095,bitget,A/USDT:USDT,0.57714,107.0,0.57712,76.0,0.57748,109.0,0.57749,9045.0
1753617212396,11:53:32.396,bitget,A/USDT:USDT,0.57714,107.0,0.57712,76.0,0.57748,109.0,0.57749,9045.0
1753617212546,11:53:32.546,bitget,A/USDT:USDT,0.57714,107.0,0.57712,76.0,0.57748,109.0,0.57749,9045.0
1753617212696,11:53:32.696,bitget,A/USDT:USDT,0.57714,107.0,0.57712,76.0,0.57748,109.0,0.57749,9045.0
1753617212846,11:53:32.846,bitget,A/USDT:USDT,0.57714,107.0,0.57712,76.0,0.57748,109.0,0.57749,9045.0
1753617212996,11:53:32.996,bitget,A/USDT:USDT,0.57714,107.0,0.57712,76.0,0.57748,109.0,0.57749,9045.0
1753617213146,11:53:33.146,bitget,A/USDT:USDT,0.57714,107.0,0.57712,76.0,0.57748,109.0,0.57749,9045.0
1753617213296,11:53:33.296,bitget,A/USDT:USDT,0.57714,107.0,0.57712,76.0,0.57748,109.0,0.57749,9045.0
1753617213446,11:53:33.446,bitget,A/USDT:USDT,0.57714,107.0,0.57712,76.0,0.57748,109.0,0.57749,9045.0
1753617213596,11:53:33.596,bitget,A/USDT:USDT,0.57714,107.0,0.57712,76.0,0.57748,109.0,0.57751,1776.0
1753617213746,11:53:33.746,bitget,A/USDT:USDT,0.57714,107.0,0.57712,76.0,0.57748,109.0,0.57751,1776.0
1753617213896,11:53:33.896,bitget,A/USDT:USDT,0.57714,107.0,0.57712,76.0,0.57748,109.0,0.57751,1776.0
1753617214047,11:53:34.047,bitget,A/USDT:USDT,0.57714,107.0,0.57712,76.0,0.57748,109.0,0.57751,1776.0
1753617214197,11:53:34.197,bitget,A/USDT:USDT,0.57714,107.0,0.57712,76.0,0.57748,109.0,0.57751,1776.0
1753617214347,11:53:34.347,bitget,A/USDT:USDT,0.57714,107.0,0.57712,76.0,0.57748,109.0,0.57751,1776.0
1753617214497,11:53:34.497,bitget,A/USDT:USDT,0.57714,107.0,0.57712,76.0,0.57748,109.0,0.57751,1776.0
1753617214647,11:53:34.647,bitget,A/USDT:USDT,0.57714,107.0,0.57712,76.0,0.57748,109.0,0.57751,1776.0
1753617214797,11:53:34.797,bitget,A/USDT:USDT,0.57714,107.0,0.57712,76.0,0.57748,109.0,0.57751,1776.0
1753617214947,11:53:34.947,bitget,A/USDT:USDT,0.57714,107.0,0.57712,76.0,0.57748,109.0,0.57751,1776.0
1753617215097,11:53:35.097,bitget,A/USDT:USDT,0.57714,107.0,0.57712,76.0,0.57748,109.0,0.57751,1776.0
1753617215247,11:53:35.247,bitget,A/USDT:USDT,0.57714,107.0,0.57712,76.0,0.57748,109.0,0.57751,1776.0
1753617215397,11:53:35.397,bitget,A/USDT:USDT,0.57714,107.0,0.57712,76.0,0.57751,1776.0,0.57754,9044.0
1753617215848,11:53:35.848,bitget,A/USDT:USDT,0.57719,109.0,0.57714,1152.0,0.57753,109.0,0.57754,9044.0
1753617215998,11:53:35.998,bitget,A/USDT:USDT,0.57719,109.0,0.57714,1152.0,0.57753,109.0,0.57754,9044.0
1753617216148,11:53:36.148,bitget,A/USDT:USDT,0.57719,109.0,0.57714,1152.0,0.57753,109.0,0.57754,9044.0
1753617216448,11:53:36.448,bitget,A/USDT:USDT,0.57719,109.0,0.57714,1152.0,0.57753,109.0,0.57754,9044.0
1753617216598,11:53:36.598,bitget,A/USDT:USDT,0.57719,109.0,0.57714,1152.0,0.57753,109.0,0.57754,9044.0
1753617216748,11:53:36.748,bitget,A/USDT:USDT,0.57719,109.0,0.57714,1152.0,0.57753,109.0,0.57754,9044.0
1753617216898,11:53:36.898,bitget,A/USDT:USDT,0.57719,109.0,0.57714,1152.0,0.57753,109.0,0.57754,9044.0
1753617217048,11:53:37.048,bitget,A/USDT:USDT,0.57719,109.0,0.57714,1152.0,0.57753,109.0,0.57754,9044.0
1753617217198,11:53:37.198,bitget,A/USDT:USDT,0.57719,109.0,0.57714,1152.0,0.57753,109.0,0.57754,9044.0
1753617217348,11:53:37.348,bitget,A/USDT:USDT,0.57719,109.0,0.57714,1152.0,0.57753,109.0,0.57754,9044.0
1753617217499,11:53:37.499,bitget,A/USDT:USDT,0.57719,109.0,0.57714,1152.0,0.57753,109.0,0.57754,9044.0
1753617217649,11:53:37.649,bitget,A/USDT:USDT,0.57719,109.0,0.57714,1152.0,0.57754,9044.0,0.57762,107.0
1753617217799,11:53:37.799,bitget,A/USDT:USDT,0.57719,109.0,0.57714,1152.0,0.57753,109.0,0.57761,9043.0
1753617217949,11:53:37.949,bitget,A/USDT:USDT,0.57719,109.0,0.57714,1152.0,0.57753,109.0,0.57761,9043.0
1753617218099,11:53:38.099,bitget,A/USDT:USDT,0.57719,109.0,0.57714,1152.0,0.57761,9043.0,0.57762,107.0
1753617218249,11:53:38.249,bitget,A/USDT:USDT,0.57719,109.0,0.57714,1152.0,0.57761,9043.0,0.57762,107.0
1753617218399,11:53:38.399,bitget,A/USDT:USDT,0.57719,109.0,0.57712,76.0,0.57756,107.0,0.57761,9043.0
1753617218699,11:53:38.699,bitget,A/USDT:USDT,0.57719,861.0,0.57712,76.0,0.57777,31168.0,0.57781,111.0
1753617218849,11:53:38.849,bitget,A/USDT:USDT,0.57724,107.0,0.57719,1136.0,0.57763,107.0,0.57776,9042.0
1753617218999,11:53:38.999,bitget,A/USDT:USDT,0.57724,107.0,0.57719,1136.0,0.57775,107.0,0.57776,9042.0
1753617219149,11:53:39.149,bitget,A/USDT:USDT,0.57724,107.0,0.57719,1136.0,0.57775,107.0,0.57776,9042.0
1753617219300,11:53:39.300,bitget,A/USDT:USDT,0.57724,107.0,0.57719,1136.0,0.57775,107.0,0.57776,9042.0
1753617219450,11:53:39.450,bitget,A/USDT:USDT,0.57724,107.0,0.57719,1136.0,0.57775,107.0,0.57776,9042.0
1753617219600,11:53:39.600,bitget,A/USDT:USDT,0.57724,107.0,0.57712,76.0,0.57775,107.0,0.57776,9042.0
1753617219750,11:53:39.750,bitget,A/USDT:USDT,0.57724,107.0,0.57712,76.0,0.57775,107.0,0.57776,9042.0
1753617219900,11:53:39.900,bitget,A/USDT:USDT,0.57724,107.0,0.57712,76.0,0.57775,107.0,0.57776,9042.0
1753617220050,11:53:40.050,bitget,A/USDT:USDT,0.57724,107.0,0.57712,76.0,0.57775,107.0,0.57776,9042.0
1753617220200,11:53:40.200,bitget,A/USDT:USDT,0.57724,485.0,0.57712,76.0,0.57775,107.0,0.57776,9042.0
1753617220500,11:53:40.500,bitget,A/USDT:USDT,0.57729,107.0,0.57724,1134.0,0.57775,107.0,0.57776,9042.0
1753617220651,11:53:40.651,bitget,A/USDT:USDT,0.57729,107.0,0.57724,1134.0,0.57775,107.0,0.57776,9042.0
1753617220801,11:53:40.801,bitget,A/USDT:USDT,0.57729,107.0,0.57724,1134.0,0.57775,107.0,0.57776,9042.0
1753617220951,11:53:40.951,bitget,A/USDT:USDT,0.57729,107.0,0.57724,1134.0,0.57775,107.0,0.57776,9042.0
1753617221251,11:53:41.251,bitget,A/USDT:USDT,0.57729,107.0,0.57724,1134.0,0.57775,107.0,0.57776,9042.0
1753617221401,11:53:41.401,bitget,A/USDT:USDT,0.57729,107.0,0.57724,1134.0,0.57775,107.0,0.57776,9042.0
1753617221551,11:53:41.551,bitget,A/USDT:USDT,0.57729,107.0,0.57724,1134.0,0.57775,107.0,0.57776,9042.0
1753617221701,11:53:41.701,bitget,A/USDT:USDT,0.57729,107.0,0.57724,1134.0,0.57775,107.0,0.57776,9042.0
1753617221851,11:53:41.851,bitget,A/USDT:USDT,0.57729,107.0,0.57724,1134.0,0.57775,107.0,0.57776,9042.0
1753617222001,11:53:42.001,bitget,A/USDT:USDT,0.57729,107.0,0.57724,1134.0,0.57775,107.0,0.57776,9042.0
1753617222151,11:53:42.151,bitget,A/USDT:USDT,0.57729,107.0,0.57724,1134.0,0.57775,107.0,0.57776,9042.0
1753617222302,11:53:42.302,bitget,A/USDT:USDT,0.57729,107.0,0.57724,1134.0,0.57775,107.0,0.57776,9042.0
1753617222452,11:53:42.452,bitget,A/USDT:USDT,0.57729,107.0,0.57724,1134.0,0.57775,107.0,0.57776,9042.0
1753617222602,11:53:42.602,bitget,A/USDT:USDT,0.57729,107.0,0.57724,1134.0,0.57775,107.0,0.57776,9042.0
1753617222902,11:53:42.902,bitget,A/USDT:USDT,0.57729,107.0,0.57724,1134.0,0.57775,107.0,0.57776,9042.0
1753617223052,11:53:43.052,bitget,A/USDT:USDT,0.57729,107.0,0.57724,1134.0,0.57775,107.0,0.57776,9042.0
1753617223202,11:53:43.202,bitget,A/USDT:USDT,0.57729,107.0,0.57724,1134.0,0.57775,107.0,0.57776,9042.0
1753617223352,11:53:43.352,bitget,A/USDT:USDT,0.57729,107.0,0.57724,1134.0,0.57775,107.0,0.57776,9042.0
1753617223502,11:53:43.502,bitget,A/USDT:USDT,0.57729,107.0,0.57724,1134.0,0.57775,107.0,0.57776,9042.0
1753617223652,11:53:43.652,bitget,A/USDT:USDT,0.57729,107.0,0.57724,1134.0,0.57775,107.0,0.57776,9042.0
1753617223802,11:53:43.802,bitget,A/USDT:USDT,0.57729,107.0,0.57724,1134.0,0.57775,107.0,0.57776,9042.0
1753617223952,11:53:43.952,bitget,A/USDT:USDT,0.57729,107.0,0.57724,1134.0,0.57775,107.0,0.57776,9042.0
1753617224103,11:53:44.103,bitget,A/USDT:USDT,0.57729,107.0,0.57724,1134.0,0.57775,107.0,0.57776,9042.0
1753617224253,11:53:44.253,bitget,A/USDT:USDT,0.57729,107.0,0.57712,76.0,0.57775,107.0,0.57776,9042.0
1753617224403,11:53:44.403,bitget,A/USDT:USDT,0.57729,107.0,0.57712,76.0,0.57775,107.0,0.57776,9042.0
1753617224553,11:53:44.553,bitget,A/USDT:USDT,0.57729,107.0,0.57712,76.0,0.57775,107.0,0.57776,9042.0
1753617224703,11:53:44.703,bitget,A/USDT:USDT,0.57729,107.0,0.57712,76.0,0.57775,107.0,0.57776,9042.0
1753617224853,11:53:44.853,bitget,A/USDT:USDT,0.57729,107.0,0.57712,76.0,0.57775,107.0,0.57776,9042.0
1753617225153,11:53:45.153,bitget,A/USDT:USDT,0.57729,107.0,0.57712,76.0,0.57775,107.0,0.57776,9042.0
1753617225303,11:53:45.303,bitget,A/USDT:USDT,0.57729,107.0,0.57712,76.0,0.57775,107.0,0.57776,9042.0
1753617225453,11:53:45.453,bitget,A/USDT:USDT,0.57729,107.0,0.57712,76.0,0.57775,107.0,0.57776,9042.0
1753617225604,11:53:45.604,bitget,A/USDT:USDT,0.57729,107.0,0.57712,76.0,0.57775,107.0,0.57776,9042.0
1753617225754,11:53:45.754,bitget,A/USDT:USDT,0.57729,107.0,0.57712,76.0,0.57775,107.0,0.57776,9042.0
1753617225904,11:53:45.904,bitget,A/USDT:USDT,0.57729,107.0,0.57712,76.0,0.57775,107.0,0.57776,9042.0
1753617226054,11:53:46.054,bitget,A/USDT:USDT,0.57729,107.0,0.57712,76.0,0.57775,107.0,0.57776,9042.0
1753617226204,11:53:46.204,bitget,A/USDT:USDT,0.57729,107.0,0.57712,76.0,0.57775,107.0,0.57776,9042.0
1753617226354,11:53:46.354,bitget,A/USDT:USDT,0.57729,107.0,0.57712,76.0,0.57775,107.0,0.57776,9042.0
1753617226504,11:53:46.504,bitget,A/USDT:USDT,0.57729,107.0,0.57712,76.0,0.57775,107.0,0.57776,9042.0
1753617226654,11:53:46.654,bitget,A/USDT:USDT,0.57734,107.0,0.57729,149.0,0.57775,107.0,0.57776,9042.0
1753617226804,11:53:46.804,bitget,A/USDT:USDT,0.57734,183.0,0.57729,200.0,0.57775,107.0,0.57776,9042.0
1753617226954,11:53:46.954,bitget,A/USDT:USDT,0.57739,107.0,0.57734,76.0,0.57775,107.0,0.57776,9042.0
1753617227105,11:53:47.105,bitget,A/USDT:USDT,0.57739,107.0,0.57734,76.0,0.57775,107.0,0.57776,9042.0
1753617227255,11:53:47.255,bitget,A/USDT:USDT,0.57739,107.0,0.57734,76.0,0.57775,107.0,0.57776,9042.0
1753617227555,11:53:47.555,bitget,A/USDT:USDT,0.57739,107.0,0.57737,278.0,0.57775,107.0,0.57776,9042.0
1753617227705,11:53:47.705,bitget,A/USDT:USDT,0.57739,107.0,0.57737,278.0,0.57775,107.0,0.57776,9042.0
1753617227855,11:53:47.855,bitget,A/USDT:USDT,0.57739,107.0,0.57737,278.0,0.57775,107.0,0.57776,9042.0
1753617228155,11:53:48.155,bitget,A/USDT:USDT,0.57739,107.0,0.57737,278.0,0.57775,107.0,0.57776,9042.0
1753617228305,11:53:48.305,bitget,A/USDT:USDT,0.57739,107.0,0.57737,278.0,0.57775,107.0,0.57776,9042.0
1753617228755,11:53:48.755,bitget,A/USDT:USDT,0.57739,107.0,0.57737,278.0,0.57775,107.0,0.57776,9042.0
1753617228906,11:53:48.906,bitget,A/USDT:USDT,0.57739,107.0,0.57737,278.0,0.57775,107.0,0.57776,9042.0
1753617229206,11:53:49.206,bitget,A/USDT:USDT,0.57739,107.0,0.57737,278.0,0.57775,107.0,0.57776,9042.0
1753617229356,11:53:49.356,bitget,A/USDT:USDT,0.57739,107.0,0.57737,278.0,0.57775,107.0,0.57776,9042.0
1753617229806,11:53:49.806,bitget,A/USDT:USDT,0.57739,107.0,0.57737,278.0,0.57775,107.0,0.57776,9042.0
1753617230106,11:53:50.106,bitget,A/USDT:USDT,0.57739,107.0,0.57737,278.0,0.57775,107.0,0.57776,9042.0
1753617230557,11:53:50.557,bitget,A/USDT:USDT,0.57739,107.0,0.57737,278.0,0.57775,107.0,0.57776,9042.0
1753617230707,11:53:50.707,bitget,A/USDT:USDT,0.57739,107.0,0.57737,278.0,0.57775,107.0,0.57776,9042.0
1753617230857,11:53:50.857,bitget,A/USDT:USDT,0.57739,107.0,0.57737,278.0,0.57775,107.0,0.57776,9042.0
1753617231157,11:53:51.157,bitget,A/USDT:USDT,0.57739,107.0,0.57737,278.0,0.57775,107.0,0.57776,9042.0
1753617231307,11:53:51.307,bitget,A/USDT:USDT,0.57739,107.0,0.57737,278.0,0.57775,107.0,0.57776,9042.0
1753617231757,11:53:51.757,bitget,A/USDT:USDT,0.57755,12.0,0.57739,107.0,0.57775,107.0,0.57776,9042.0
1753617232358,11:53:52.358,bitget,A/USDT:USDT,0.57755,12.0,0.57739,107.0,0.57775,107.0,0.57776,9042.0
1753617232508,11:53:52.508,bitget,A/USDT:USDT,0.57755,12.0,0.57739,107.0,0.57775,107.0,0.57776,9042.0
1753617233258,11:53:53.258,bitget,A/USDT:USDT,0.57755,12.0,0.57739,107.0,0.57776,9037.0,0.57781,111.0
1753617233408,11:53:53.408,bitget,A/USDT:USDT,0.57755,12.0,0.57739,107.0,0.57771,107.0,0.57776,9037.0
1753617233559,11:53:53.559,bitget,A/USDT:USDT,0.57755,12.0,0.57739,107.0,0.57771,107.0,0.57776,9037.0
1753617233709,11:53:53.709,bitget,A/USDT:USDT,0.57755,12.0,0.57739,107.0,0.57771,107.0,0.57776,9037.0
1753617233859,11:53:53.859,bitget,A/USDT:USDT,0.57755,12.0,0.57739,107.0,0.57771,107.0,0.57776,9037.0
1753617234009,11:53:54.009,bitget,A/USDT:USDT,0.57755,12.0,0.57739,107.0,0.57771,107.0,0.57776,9037.0
1753617234159,11:53:54.159,bitget,A/USDT:USDT,0.57755,12.0,0.57739,107.0,0.57771,107.0,0.57776,9037.0
1753617234309,11:53:54.309,bitget,A/USDT:USDT,0.57755,12.0,0.57739,107.0,0.57771,107.0,0.57776,9037.0
1753617234459,11:53:54.459,bitget,A/USDT:USDT,0.57755,12.0,0.57739,107.0,0.57771,107.0,0.57776,9037.0
1753617234909,11:53:54.909,bitget,A/USDT:USDT,0.57755,12.0,0.57739,107.0,0.57771,107.0,0.57776,9037.0
1753617235059,11:53:55.059,bitget,A/USDT:USDT,0.57755,12.0,0.57739,107.0,0.57771,107.0,0.57776,9037.0
1753617235360,11:53:55.360,bitget,A/USDT:USDT,0.57755,12.0,0.57739,107.0,0.57771,107.0,0.57776,9037.0
1753617236110,11:53:56.110,bitget,A/USDT:USDT,0.57755,12.0,0.57739,107.0,0.57771,107.0,0.57776,9037.0
1753617236260,11:53:56.260,bitget,A/USDT:USDT,0.57755,12.0,0.57754,76.0,0.57771,107.0,0.57776,9037.0
1753617236410,11:53:56.410,bitget,A/USDT:USDT,0.5776,107.0,0.57755,12.0,0.57771,107.0,0.57776,9037.0
1753617236560,11:53:56.560,bitget,A/USDT:USDT,0.5776,107.0,0.57755,12.0,0.57771,107.0,0.57776,9037.0
1753617237161,11:53:57.161,bitget,A/USDT:USDT,0.5776,107.0,0.57755,12.0,0.57771,107.0,0.57776,9037.0
1753617237311,11:53:57.311,bitget,A/USDT:USDT,0.5776,107.0,0.57755,12.0,0.57771,107.0,0.57776,9037.0
1753617237461,11:53:57.461,bitget,A/USDT:USDT,0.5776,107.0,0.57755,12.0,0.57771,107.0,0.57776,9037.0
1753617237611,11:53:57.611,bitget,A/USDT:USDT,0.5776,107.0,0.57755,12.0,0.57771,107.0,0.57776,9037.0
1753617238211,11:53:58.211,bitget,A/USDT:USDT,0.57758,107.0,0.57755,12.0,0.57771,107.0,0.57776,9037.0
1753617238361,11:53:58.361,bitget,A/USDT:USDT,0.57758,107.0,0.57755,12.0,0.57771,107.0,0.57776,9037.0
1753617238512,11:53:58.512,bitget,A/USDT:USDT,0.57758,107.0,0.57755,12.0,0.57771,107.0,0.57776,9037.0
1753617238812,11:53:58.812,bitget,A/USDT:USDT,0.57758,107.0,0.57755,12.0,0.57771,107.0,0.57776,9037.0
1753617238962,11:53:58.962,bitget,A/USDT:USDT,0.57758,107.0,0.57755,12.0,0.57771,107.0,0.57776,9037.0
1753617239562,11:53:59.562,bitget,A/USDT:USDT,0.57758,107.0,0.57755,12.0,0.57771,107.0,0.57776,9037.0
1753617239712,11:53:59.712,bitget,A/USDT:USDT,0.57758,107.0,0.57755,12.0,0.57771,107.0,0.57776,9037.0
1753617240012,11:54:00.012,bitget,A/USDT:USDT,0.57758,107.0,0.57755,12.0,0.57771,107.0,0.57776,9037.0
1753617240613,11:54:00.613,bitget,A/USDT:USDT,0.57757,107.0,0.57755,12.0,0.57771,107.0,0.57781,111.0
1753617241063,11:54:01.063,bitget,A/USDT:USDT,0.57757,107.0,0.57755,12.0,0.57781,111.0,0.57782,9035.0
1753617241363,11:54:01.363,bitget,A/USDT:USDT,0.57757,107.0,0.57755,12.0,0.57781,111.0,0.57782,9035.0
1753617241513,11:54:01.513,bitget,A/USDT:USDT,0.57757,107.0,0.57755,12.0,0.57781,111.0,0.57782,9035.0
1753617241664,11:54:01.664,bitget,A/USDT:USDT,0.57757,107.0,0.57755,12.0,0.57781,111.0,0.57782,9035.0
1753617242114,11:54:02.114,bitget,A/USDT:USDT,0.57755,12.0,0.57754,76.0,0.57781,111.0,0.57782,9035.0
1753617242414,11:54:02.414,bitget,A/USDT:USDT,0.57757,107.0,0.57755,12.0,0.57781,111.0,0.57782,9035.0
1753617242714,11:54:02.714,bitget,A/USDT:USDT,0.57755,12.0,0.57739,165.0,0.57781,111.0,0.57782,9035.0
1753617242864,11:54:02.864,bitget,A/USDT:USDT,0.57755,119.0,0.57739,165.0,0.57781,111.0,0.57782,9035.0
1753617243014,11:54:03.014,bitget,A/USDT:USDT,0.57758,107.0,0.57755,12.0,0.57781,111.0,0.57782,9035.0
1753617243164,11:54:03.164,bitget,A/USDT:USDT,0.57758,107.0,0.57755,12.0,0.57781,111.0,0.57782,9035.0
1753617243315,11:54:03.315,bitget,A/USDT:USDT,0.57758,107.0,0.57755,12.0,0.57781,111.0,0.57782,9035.0
1753617243615,11:54:03.615,bitget,A/USDT:USDT,0.57755,12.0,0.57739,107.0,0.57781,111.0,0.57782,9035.0
1753617243915,11:54:03.915,bitget,A/USDT:USDT,0.57756,107.0,0.57755,12.0,0.57781,111.0,0.57782,9035.0
1753617244065,11:54:04.065,bitget,A/USDT:USDT,0.57756,107.0,0.57755,12.0,0.57781,111.0,0.57782,9035.0
1753617244365,11:54:04.365,bitget,A/USDT:USDT,0.57756,107.0,0.57755,12.0,0.57781,111.0,0.57782,9035.0
1753617244665,11:54:04.665,bitget,A/USDT:USDT,0.57755,12.0,0.57739,107.0,0.57781,111.0,0.57782,9035.0
1753617244966,11:54:04.966,bitget,A/USDT:USDT,0.57756,107.0,0.57755,12.0,0.57781,111.0,0.57782,9035.0
1753617245116,11:54:05.116,bitget,A/USDT:USDT,0.57755,12.0,0.57739,107.0,0.57781,111.0,0.57782,9035.0
1753617245266,11:54:05.266,bitget,A/USDT:USDT,0.57755,12.0,0.57739,107.0,0.57781,111.0,0.57782,9035.0
1753617245416,11:54:05.416,bitget,A/USDT:USDT,0.57755,12.0,0.57739,107.0,0.57781,111.0,0.57782,9035.0
1753617245716,11:54:05.716,bitget,A/USDT:USDT,0.57755,12.0,0.57739,107.0,0.57781,111.0,0.57782,9035.0
1753617246166,11:54:06.166,bitget,A/USDT:USDT,0.57755,12.0,0.57739,107.0,0.57781,111.0,0.57782,9035.0
1753617246317,11:54:06.317,bitget,A/USDT:USDT,0.57755,12.0,0.57739,107.0,0.57781,299.0,0.57782,9035.0
1753617246467,11:54:06.467,bitget,A/USDT:USDT,0.57755,12.0,0.57746,76.0,0.57776,107.0,0.57782,9035.0
1753617246617,11:54:06.617,bitget,A/USDT:USDT,0.57755,12.0,0.57746,76.0,0.57776,107.0,0.57782,9035.0
1753617246767,11:54:06.767,bitget,A/USDT:USDT,0.57755,12.0,0.57746,76.0,0.57776,107.0,0.57782,9035.0
1753617246917,11:54:06.917,bitget,A/USDT:USDT,0.57755,119.0,0.57746,76.0,0.57776,107.0,0.57782,9035.0
1753617247067,11:54:07.067,bitget,A/USDT:USDT,0.57755,12.0,0.57746,76.0,0.57776,107.0,0.57786,1776.0
1753617247517,11:54:07.517,bitget,A/USDT:USDT,0.57755,12.0,0.57746,76.0,0.57776,107.0,0.57778,9033.0
1753617247667,11:54:07.667,bitget,A/USDT:USDT,0.57755,12.0,0.57746,76.0,0.57776,107.0,0.57778,9033.0
1753617247817,11:54:07.817,bitget,A/USDT:USDT,0.57755,12.0,0.57746,76.0,0.57776,107.0,0.57778,9033.0
1753617247968,11:54:07.968,bitget,A/USDT:USDT,0.57755,12.0,0.57746,76.0,0.57776,107.0,0.57778,9033.0
1753617248118,11:54:08.118,bitget,A/USDT:USDT,0.57755,12.0,0.57746,76.0,0.57776,107.0,0.57778,9033.0
1753617248268,11:54:08.268,bitget,A/USDT:USDT,0.57755,12.0,0.57739,107.0,0.57776,107.0,0.57778,9033.0
1753617248418,11:54:08.418,bitget,A/USDT:USDT,0.57755,12.0,0.57739,107.0,0.57776,107.0,0.57778,9033.0
1753617248568,11:54:08.568,bitget,A/USDT:USDT,0.57755,12.0,0.57739,107.0,0.57776,107.0,0.57778,9033.0
1753617248718,11:54:08.718,bitget,A/USDT:USDT,0.57755,12.0,0.57739,107.0,0.57776,107.0,0.57778,9033.0
1753617249018,11:54:09.018,bitget,A/USDT:USDT,0.57755,12.0,0.57739,107.0,0.57776,107.0,0.57778,9033.0
1753617249318,11:54:09.318,bitget,A/USDT:USDT,0.57755,12.0,0.57739,107.0,0.57776,107.0,0.57778,9033.0
1753617249469,11:54:09.469,bitget,A/USDT:USDT,0.57755,12.0,0.57739,107.0,0.57776,107.0,0.57778,9033.0
1753617249619,11:54:09.619,bitget,A/USDT:USDT,0.57755,12.0,0.57739,107.0,0.57776,107.0,0.57778,9033.0
1753617249769,11:54:09.769,bitget,A/USDT:USDT,0.57755,12.0,0.57739,107.0,0.57776,107.0,0.57778,9033.0
1753617249919,11:54:09.919,bitget,A/USDT:USDT,0.57755,12.0,0.57739,107.0,0.57776,107.0,0.57778,9033.0
1753617250219,11:54:10.219,bitget,A/USDT:USDT,0.57755,12.0,0.57739,107.0,0.57776,107.0,0.57778,9033.0
1753617250369,11:54:10.369,bitget,A/USDT:USDT,0.57755,12.0,0.57739,107.0,0.57776,107.0,0.57778,9033.0
1753617250519,11:54:10.519,bitget,A/USDT:USDT,0.57755,12.0,0.57739,107.0,0.57776,107.0,0.57778,9033.0
1753617250819,11:54:10.819,bitget,A/USDT:USDT,0.57755,12.0,0.57739,107.0,0.57776,107.0,0.57778,9033.0
1753617250969,11:54:10.969,bitget,A/USDT:USDT,0.57755,12.0,0.57739,107.0,0.57776,107.0,0.57778,9033.0
1753617251270,11:54:11.270,bitget,A/USDT:USDT,0.57755,12.0,0.57739,107.0,0.57776,107.0,0.57778,9033.0
1753617251420,11:54:11.420,bitget,A/USDT:USDT,0.57755,12.0,0.57739,107.0,0.57776,107.0,0.57778,9033.0
1753617251570,11:54:11.570,bitget,A/USDT:USDT,0.57755,12.0,0.57739,107.0,0.57776,107.0,0.57778,9033.0
1753617251720,11:54:11.720,bitget,A/USDT:USDT,0.57755,12.0,0.57739,107.0,0.57776,107.0,0.57778,9033.0
1753617251870,11:54:11.870,bitget,A/USDT:USDT,0.57755,12.0,0.57739,107.0,0.57776,107.0,0.57778,9033.0
1753617252020,11:54:12.020,bitget,A/USDT:USDT,0.57755,12.0,0.57739,107.0,0.57776,107.0,0.57778,9033.0
1753617252320,11:54:12.320,bitget,A/USDT:USDT,0.57755,12.0,0.57739,107.0,0.57776,107.0,0.57778,9033.0
1753617252470,11:54:12.470,bitget,A/USDT:USDT,0.57755,12.0,0.57739,107.0,0.57776,107.0,0.57778,9033.0
1753617252620,11:54:12.620,bitget,A/USDT:USDT,0.57755,12.0,0.57739,107.0,0.57776,107.0,0.57778,9033.0
1753617252771,11:54:12.771,bitget,A/USDT:USDT,0.57755,12.0,0.57739,107.0,0.57776,107.0,0.57778,9033.0
1753617252921,11:54:12.921,bitget,A/USDT:USDT,0.57755,12.0,0.57739,107.0,0.57776,107.0,0.57778,9033.0
1753617253221,11:54:13.221,bitget,A/USDT:USDT,0.57755,12.0,0.57739,107.0,0.57776,107.0,0.57778,9033.0
1753617253371,11:54:13.371,bitget,A/USDT:USDT,0.57755,12.0,0.57739,107.0,0.57776,107.0,0.57778,9033.0
1753617253521,11:54:13.521,bitget,A/USDT:USDT,0.57755,12.0,0.57739,107.0,0.57776,107.0,0.57778,9033.0
1753617253671,11:54:13.671,bitget,A/USDT:USDT,0.57755,12.0,0.57739,107.0,0.57776,107.0,0.57778,9033.0
1753617253821,11:54:13.821,bitget,A/USDT:USDT,0.57755,12.0,0.57739,107.0,0.57776,107.0,0.57778,9033.0
1753617253971,11:54:13.971,bitget,A/USDT:USDT,0.57755,12.0,0.57739,107.0,0.57776,107.0,0.57778,9033.0
1753617254121,11:54:14.121,bitget,A/USDT:USDT,0.57755,12.0,0.57739,107.0,0.57776,107.0,0.57778,9033.0
1753617254272,11:54:14.272,bitget,A/USDT:USDT,0.57755,12.0,0.57739,107.0,0.57776,107.0,0.57778,9033.0
1753617254422,11:54:14.422,bitget,A/USDT:USDT,0.57755,12.0,0.57739,107.0,0.57776,107.0,0.57778,9033.0
1753617255172,11:54:15.172,bitget,A/USDT:USDT,0.57755,12.0,0.57739,107.0,0.57776,107.0,0.57778,9033.0
1753617255472,11:54:15.472,bitget,A/USDT:USDT,0.57755,12.0,0.57739,107.0,0.57776,107.0,0.57778,9033.0
1753617255622,11:54:15.622,bitget,A/USDT:USDT,0.57755,12.0,0.57739,107.0,0.57776,107.0,0.57778,9033.0
1753617255772,11:54:15.772,bitget,A/USDT:USDT,0.57755,12.0,0.57739,107.0,0.57776,107.0,0.57778,9033.0
1753617255922,11:54:15.922,bitget,A/USDT:USDT,0.57755,12.0,0.57739,107.0,0.57776,107.0,0.57778,9033.0
1753617256073,11:54:16.073,bitget,A/USDT:USDT,0.57755,12.0,0.57739,107.0,0.57776,107.0,0.57778,9033.0
1753617256223,11:54:16.223,bitget,A/USDT:USDT,0.57755,12.0,0.57739,107.0,0.57776,107.0,0.57778,9033.0
1753617256373,11:54:16.373,bitget,A/USDT:USDT,0.57755,12.0,0.57739,107.0,0.57776,107.0,0.57778,9033.0
1753617256673,11:54:16.673,bitget,A/USDT:USDT,0.57755,12.0,0.57739,107.0,0.57776,107.0,0.57778,9033.0
1753617256823,11:54:16.823,bitget,A/USDT:USDT,0.57755,12.0,0.57739,107.0,0.57776,107.0,0.57778,9033.0
1753617256973,11:54:16.973,bitget,A/USDT:USDT,0.57755,12.0,0.57739,107.0,0.57776,107.0,0.57778,9033.0
1753617257123,11:54:17.123,bitget,A/USDT:USDT,0.57755,12.0,0.57739,107.0,0.57776,107.0,0.57778,9033.0
1753617257273,11:54:17.273,bitget,A/USDT:USDT,0.57755,12.0,0.57739,107.0,0.57776,107.0,0.57778,9033.0
1753617257423,11:54:17.423,bitget,A/USDT:USDT,0.57755,12.0,0.57739,107.0,0.57776,107.0,0.57778,9033.0
1753617257573,11:54:17.573,bitget,A/USDT:USDT,0.57755,12.0,0.57739,107.0,0.57776,107.0,0.57778,9033.0
1753617257724,11:54:17.724,bitget,A/USDT:USDT,0.57755,12.0,0.57739,107.0,0.57776,107.0,0.57778,9033.0
1753617258174,11:54:18.174,bitget,A/USDT:USDT,0.57755,12.0,0.57747,76.0,0.57776,107.0,0.57778,9033.0
1753617258324,11:54:18.324,bitget,A/USDT:USDT,0.57755,12.0,0.57747,76.0,0.57776,107.0,0.57778,9033.0
1753617258474,11:54:18.474,bitget,A/USDT:USDT,0.57755,12.0,0.57747,76.0,0.57776,107.0,0.57778,9033.0
1753617258624,11:54:18.624,bitget,A/USDT:USDT,0.57755,12.0,0.57747,76.0,0.57776,107.0,0.57778,9033.0
1753617258924,11:54:18.924,bitget,A/USDT:USDT,0.57755,12.0,0.57747,76.0,0.57776,107.0,0.57778,9033.0
1753617259074,11:54:19.074,bitget,A/USDT:USDT,0.57755,12.0,0.57747,76.0,0.57776,107.0,0.57778,9033.0
1753617259224,11:54:19.224,bitget,A/USDT:USDT,0.57755,12.0,0.57747,76.0,0.57776,107.0,0.57778,9033.0
1753617259375,11:54:19.375,bitget,A/USDT:USDT,0.57755,12.0,0.57747,76.0,0.57776,107.0,0.57778,9033.0
1753617259525,11:54:19.525,bitget,A/USDT:USDT,0.57755,12.0,0.57747,76.0,0.57776,107.0,0.57778,9033.0
1753617259675,11:54:19.675,bitget,A/USDT:USDT,0.57755,12.0,0.57747,76.0,0.57776,107.0,0.57778,9033.0
1753617259825,11:54:19.825,bitget,A/USDT:USDT,0.57755,12.0,0.57747,76.0,0.57776,107.0,0.57778,9033.0
1753617259975,11:54:19.975,bitget,A/USDT:USDT,0.57755,12.0,0.57747,76.0,0.57776,107.0,0.57778,9033.0
1753617260125,11:54:20.125,bitget,A/USDT:USDT,0.57755,12.0,0.57747,76.0,0.57776,107.0,0.57778,9033.0
1753617260275,11:54:20.275,bitget,A/USDT:USDT,0.57755,12.0,0.57747,76.0,0.57776,107.0,0.57778,9033.0
1753617260425,11:54:20.425,bitget,A/USDT:USDT,0.57755,12.0,0.57747,76.0,0.57776,107.0,0.57778,9033.0
1753617260575,11:54:20.575,bitget,A/USDT:USDT,0.57755,12.0,0.57747,76.0,0.57776,107.0,0.57778,9033.0
1753617260725,11:54:20.725,bitget,A/USDT:USDT,0.57755,12.0,0.57747,76.0,0.57776,107.0,0.57778,9033.0
1753617260875,11:54:20.875,bitget,A/USDT:USDT,0.57755,12.0,0.57747,76.0,0.57776,107.0,0.57778,9033.0
1753617261026,11:54:21.026,bitget,A/USDT:USDT,0.57755,12.0,0.57747,76.0,0.57776,107.0,0.57778,9033.0
1753617261176,11:54:21.176,bitget,A/USDT:USDT,0.57755,12.0,0.57747,76.0,0.57776,107.0,0.57778,9033.0
1753617261476,11:54:21.476,bitget,A/USDT:USDT,0.57755,12.0,0.57747,76.0,0.57776,107.0,0.57778,9033.0
1753617261626,11:54:21.626,bitget,A/USDT:USDT,0.57755,12.0,0.57747,76.0,0.57776,107.0,0.57778,9033.0
1753617261776,11:54:21.776,bitget,A/USDT:USDT,0.57755,12.0,0.57747,76.0,0.57776,107.0,0.57778,9033.0
1753617261926,11:54:21.926,bitget,A/USDT:USDT,0.57755,12.0,0.57747,76.0,0.57776,107.0,0.57778,9033.0
1753617262076,11:54:22.076,bitget,A/USDT:USDT,0.57755,12.0,0.57747,76.0,0.57776,107.0,0.57778,9033.0
1753617262376,11:54:22.376,bitget,A/USDT:USDT,0.57755,12.0,0.57747,76.0,0.57776,107.0,0.57778,9033.0
1753617262526,11:54:22.526,bitget,A/USDT:USDT,0.57755,12.0,0.57747,76.0,0.57776,107.0,0.57778,9033.0
1753617262827,11:54:22.827,bitget,A/USDT:USDT,0.57755,12.0,0.57747,76.0,0.57776,107.0,0.57778,9033.0
1753617262977,11:54:22.977,bitget,A/USDT:USDT,0.57755,12.0,0.57747,76.0,0.57776,107.0,0.57778,9033.0
1753617263277,11:54:23.277,bitget,A/USDT:USDT,0.57755,12.0,0.57747,76.0,0.57775,9030.0,0.57776,107.0
1753617263727,11:54:23.727,bitget,A/USDT:USDT,0.57755,12.0,0.57747,76.0,0.5777,108.0,0.57775,9030.0
1753617263877,11:54:23.877,bitget,A/USDT:USDT,0.57755,12.0,0.57747,76.0,0.5777,108.0,0.57775,9030.0
1753617264027,11:54:24.027,bitget,A/USDT:USDT,0.57755,12.0,0.57747,76.0,0.5777,108.0,0.57775,9030.0
1753617264177,11:54:24.177,bitget,A/USDT:USDT,0.57755,12.0,0.57747,76.0,0.5777,108.0,0.57775,9030.0
1753617264327,11:54:24.327,bitget,A/USDT:USDT,0.57755,12.0,0.57747,76.0,0.5777,108.0,0.57775,9030.0
1753617264478,11:54:24.478,bitget,A/USDT:USDT,0.57755,12.0,0.57747,76.0,0.5777,108.0,0.57775,9030.0
1753617264628,11:54:24.628,bitget,A/USDT:USDT,0.57755,12.0,0.57747,76.0,0.5777,108.0,0.57775,9030.0
1753617264778,11:54:24.778,bitget,A/USDT:USDT,0.57755,12.0,0.57747,76.0,0.5777,108.0,0.57775,9030.0
1753617264928,11:54:24.928,bitget,A/USDT:USDT,0.57755,12.0,0.57747,76.0,0.5777,108.0,0.57775,9030.0
1753617265078,11:54:25.078,bitget,A/USDT:USDT,0.57755,12.0,0.57747,76.0,0.5777,108.0,0.57775,9030.0
1753617265228,11:54:25.228,bitget,A/USDT:USDT,0.57755,12.0,0.57739,107.0,0.5777,147.0,0.57774,113.0
1753617265378,11:54:25.378,bitget,A/USDT:USDT,0.57755,12.0,0.57739,107.0,0.57765,108.0,0.5777,39.0
1753617265528,11:54:25.528,bitget,A/USDT:USDT,0.57755,12.0,0.57739,107.0,0.57765,108.0,0.57775,9030.0
1753617265678,11:54:25.678,bitget,A/USDT:USDT,0.57755,12.0,0.57739,107.0,0.57765,108.0,0.57775,9030.0
1753617265828,11:54:25.828,bitget,A/USDT:USDT,0.57755,12.0,0.57739,107.0,0.57765,108.0,0.57775,9030.0
1753617265978,11:54:25.978,bitget,A/USDT:USDT,0.57755,12.0,0.57739,107.0,0.57765,108.0,0.57775,9030.0
1753617266129,11:54:26.129,bitget,A/USDT:USDT,0.57755,12.0,0.57739,183.0,0.57765,108.0,0.57775,9030.0
1753617266429,11:54:26.429,bitget,A/USDT:USDT,0.57755,12.0,0.57739,183.0,0.57765,108.0,0.57775,9030.0
1753617266579,11:54:26.579,bitget,A/USDT:USDT,0.57755,12.0,0.57739,183.0,0.57765,108.0,0.57775,9030.0
1753617266879,11:54:26.879,bitget,A/USDT:USDT,0.57755,12.0,0.57739,183.0,0.57765,108.0,0.57775,9030.0
1753617267029,11:54:27.029,bitget,A/USDT:USDT,0.57755,12.0,0.57739,183.0,0.57765,108.0,0.57775,9030.0
1753617267179,11:54:27.179,bitget,A/USDT:USDT,0.57755,12.0,0.57739,183.0,0.57765,108.0,0.57775,9030.0
1753617267329,11:54:27.329,bitget,A/USDT:USDT,0.57755,12.0,0.57739,183.0,0.57765,108.0,0.57775,9030.0
1753617267479,11:54:27.479,bitget,A/USDT:USDT,0.57755,12.0,0.57739,183.0,0.57765,108.0,0.57775,9030.0
1753617267630,11:54:27.630,bitget,A/USDT:USDT,0.57755,12.0,0.57739,183.0,0.57765,108.0,0.57775,9030.0
1753617267780,11:54:27.780,bitget,A/USDT:USDT,0.57755,12.0,0.57739,183.0,0.57765,108.0,0.57775,9030.0
1753617268080,11:54:28.080,bitget,A/USDT:USDT,0.57755,12.0,0.57739,183.0,0.57765,108.0,0.57775,9030.0
1753617268230,11:54:28.230,bitget,A/USDT:USDT,0.57755,12.0,0.57739,183.0,0.57765,108.0,0.57775,9030.0
1753617268530,11:54:28.530,bitget,A/USDT:USDT,0.57755,12.0,0.57739,183.0,0.57765,108.0,0.57775,9030.0
1753617268680,11:54:28.680,bitget,A/USDT:USDT,0.57755,12.0,0.57739,183.0,0.57765,108.0,0.57775,9030.0
1753617268830,11:54:28.830,bitget,A/USDT:USDT,0.57755,12.0,0.57739,183.0,0.57765,108.0,0.57775,9030.0
1753617268980,11:54:28.980,bitget,A/USDT:USDT,0.57755,12.0,0.57739,183.0,0.57765,108.0,0.57775,9030.0
1753617269280,11:54:29.280,bitget,A/USDT:USDT,0.57755,12.0,0.57739,183.0,0.57765,108.0,0.57775,9030.0
1753617269431,11:54:29.431,bitget,A/USDT:USDT,0.57755,12.0,0.57739,183.0,0.57765,108.0,0.57775,9030.0
1753617269581,11:54:29.581,bitget,A/USDT:USDT,0.57755,12.0,0.57739,183.0,0.57765,108.0,0.57775,9030.0
1753617269731,11:54:29.731,bitget,A/USDT:USDT,0.57755,12.0,0.57739,183.0,0.57765,108.0,0.57775,9030.0
1753617269881,11:54:29.881,bitget,A/USDT:USDT,0.57755,12.0,0.57739,183.0,0.57765,108.0,0.57775,9030.0
1753617270031,11:54:30.031,bitget,A/USDT:USDT,0.57755,12.0,0.57739,183.0,0.57765,108.0,0.57775,9030.0
1753617270331,11:54:30.331,bitget,A/USDT:USDT,0.57755,12.0,0.57739,183.0,0.57765,108.0,0.57775,9030.0
1753617270481,11:54:30.481,bitget,A/USDT:USDT,0.57755,12.0,0.57739,183.0,0.57765,108.0,0.57775,9030.0
1753617270631,11:54:30.631,bitget,A/USDT:USDT,0.57755,12.0,0.57739,183.0,0.57765,108.0,0.57775,9030.0
1753617270781,11:54:30.781,bitget,A/USDT:USDT,0.57755,12.0,0.57739,183.0,0.57765,108.0,0.57775,9030.0
1753617270932,11:54:30.932,bitget,A/USDT:USDT,0.57755,12.0,0.57739,183.0,0.57765,108.0,0.57775,9030.0
1753617271082,11:54:31.082,bitget,A/USDT:USDT,0.57755,12.0,0.57739,183.0,0.57765,108.0,0.57775,9030.0
1753617271232,11:54:31.232,bitget,A/USDT:USDT,0.57755,12.0,0.57739,183.0,0.57765,108.0,0.57775,9030.0
1753617271382,11:54:31.382,bitget,A/USDT:USDT,0.57755,12.0,0.57739,183.0,0.57765,108.0,0.57775,9030.0
1753617271532,11:54:31.532,bitget,A/USDT:USDT,0.57755,12.0,0.57739,183.0,0.57765,108.0,0.57775,9030.0
1753617271832,11:54:31.832,bitget,A/USDT:USDT,0.57755,12.0,0.57739,183.0,0.57765,108.0,0.57775,9030.0
1753617271982,11:54:31.982,bitget,A/USDT:USDT,0.57755,12.0,0.57739,183.0,0.57765,108.0,0.57775,9030.0
1753617272132,11:54:32.132,bitget,A/USDT:USDT,0.57755,12.0,0.57739,183.0,0.57765,108.0,0.57775,9030.0
1753617272282,11:54:32.282,bitget,A/USDT:USDT,0.57755,12.0,0.57739,183.0,0.57765,108.0,0.57775,9030.0
1753617272583,11:54:32.583,bitget,A/USDT:USDT,0.57755,12.0,0.57739,183.0,0.57765,108.0,0.57775,9030.0
1753617272733,11:54:32.733,bitget,A/USDT:USDT,0.57755,12.0,0.57739,183.0,0.57765,108.0,0.57775,9030.0
1753617273033,11:54:33.033,bitget,A/USDT:USDT,0.57755,12.0,0.57739,183.0,0.57765,108.0,0.57775,9030.0
1753617273183,11:54:33.183,bitget,A/USDT:USDT,0.57755,12.0,0.57739,183.0,0.57765,108.0,0.57775,9030.0
1753617273333,11:54:33.333,bitget,A/USDT:USDT,0.57755,12.0,0.57739,183.0,0.57765,108.0,0.57775,9030.0
1753617273483,11:54:33.483,bitget,A/USDT:USDT,0.57755,12.0,0.57739,183.0,0.57765,108.0,0.57775,9030.0
1753617273633,11:54:33.633,bitget,A/USDT:USDT,0.57755,12.0,0.57739,183.0,0.57765,108.0,0.57775,9030.0
1753617273783,11:54:33.783,bitget,A/USDT:USDT,0.57755,12.0,0.57739,183.0,0.57765,108.0,0.57775,9030.0
1753617274083,11:54:34.083,bitget,A/USDT:USDT,0.57755,12.0,0.57739,183.0,0.57765,108.0,0.57775,9030.0
1753617274234,11:54:34.234,bitget,A/USDT:USDT,0.57755,12.0,0.57739,183.0,0.57765,108.0,0.57775,9030.0
1753617274384,11:54:34.384,bitget,A/USDT:USDT,0.57755,12.0,0.57739,183.0,0.57765,108.0,0.57775,9030.0
1753617274534,11:54:34.534,bitget,A/USDT:USDT,0.57755,12.0,0.57739,183.0,0.57765,108.0,0.57775,9030.0
1753617274684,11:54:34.684,bitget,A/USDT:USDT,0.57755,12.0,0.57739,183.0,0.57765,108.0,0.57775,9030.0
1753617274834,11:54:34.834,bitget,A/USDT:USDT,0.57755,12.0,0.57739,183.0,0.57765,108.0,0.57775,9030.0
1753617274984,11:54:34.984,bitget,A/USDT:USDT,0.57755,12.0,0.57739,183.0,0.57765,108.0,0.57775,9030.0
1753617275134,11:54:35.134,bitget,A/USDT:USDT,0.57755,12.0,0.57739,183.0,0.57765,108.0,0.57775,9030.0
1753617275284,11:54:35.284,bitget,A/USDT:USDT,0.57755,12.0,0.57739,183.0,0.57765,108.0,0.57775,9030.0
1753617275434,11:54:35.434,bitget,A/USDT:USDT,0.57755,12.0,0.57739,183.0,0.57765,108.0,0.57775,9030.0
1753617275584,11:54:35.584,bitget,A/USDT:USDT,0.57755,12.0,0.57739,183.0,0.57765,108.0,0.57775,9030.0
1753617275734,11:54:35.734,bitget,A/USDT:USDT,0.57755,12.0,0.57739,183.0,0.57765,108.0,0.57775,9030.0
1753617275885,11:54:35.885,bitget,A/USDT:USDT,0.57755,12.0,0.57739,183.0,0.57765,108.0,0.57775,9030.0
1753617276035,11:54:36.035,bitget,A/USDT:USDT,0.57755,12.0,0.57739,183.0,0.57765,108.0,0.57775,9030.0
1753617276335,11:54:36.335,bitget,A/USDT:USDT,0.57755,12.0,0.57739,183.0,0.57765,108.0,0.57775,9030.0
1753617276785,11:54:36.785,bitget,A/USDT:USDT,0.57755,12.0,0.57739,183.0,0.57765,108.0,0.57775,9030.0
1753617276935,11:54:36.935,bitget,A/USDT:USDT,0.57755,12.0,0.57739,183.0,0.57765,108.0,0.57775,9030.0
1753617277085,11:54:37.085,bitget,A/USDT:USDT,0.57755,12.0,0.57739,183.0,0.57765,108.0,0.57775,9030.0
1753617277235,11:54:37.235,bitget,A/USDT:USDT,0.57755,12.0,0.57739,183.0,0.57765,108.0,0.57775,9030.0
1753617277385,11:54:37.385,bitget,A/USDT:USDT,0.57755,12.0,0.57739,183.0,0.57765,108.0,0.57775,9030.0
1753617277686,11:54:37.686,bitget,A/USDT:USDT,0.57755,12.0,0.57739,183.0,0.57765,108.0,0.57775,9030.0
1753617278136,11:54:38.136,bitget,A/USDT:USDT,0.57755,12.0,0.57739,183.0,0.57765,108.0,0.57775,9030.0
1753617278286,11:54:38.286,bitget,A/USDT:USDT,0.57755,12.0,0.57739,183.0,0.57765,108.0,0.57775,9030.0
1753617278436,11:54:38.436,bitget,A/USDT:USDT,0.57755,12.0,0.57739,183.0,0.57765,108.0,0.57775,9030.0
1753617278586,11:54:38.586,bitget,A/USDT:USDT,0.57755,12.0,0.57739,183.0,0.57765,108.0,0.57775,9030.0
1753617279187,11:54:39.187,bitget,A/USDT:USDT,0.57755,12.0,0.57739,76.0,0.57765,108.0,0.57775,9030.0
1753617279337,11:54:39.337,bitget,A/USDT:USDT,0.57755,12.0,0.57739,76.0,0.57765,108.0,0.57775,9030.0
1753617279487,11:54:39.487,bitget,A/USDT:USDT,0.57755,12.0,0.57739,76.0,0.57765,108.0,0.57775,9030.0
1753617279637,11:54:39.637,bitget,A/USDT:USDT,0.57755,12.0,0.57739,76.0,0.57765,108.0,0.57775,9030.0
1753617279787,11:54:39.787,bitget,A/USDT:USDT,0.57755,12.0,0.57739,76.0,0.57765,108.0,0.57775,9030.0
1753617279937,11:54:39.937,bitget,A/USDT:USDT,0.57755,12.0,0.57739,76.0,0.57765,108.0,0.57775,9030.0
1753617280087,11:54:40.087,bitget,A/USDT:USDT,0.57755,12.0,0.57739,76.0,0.57765,108.0,0.57775,9030.0
1753617280237,11:54:40.237,bitget,A/USDT:USDT,0.57755,12.0,0.57739,76.0,0.57765,108.0,0.57775,9030.0
1753617280387,11:54:40.387,bitget,A/USDT:USDT,0.57755,12.0,0.57739,76.0,0.57765,108.0,0.57775,9030.0
1753617280537,11:54:40.537,bitget,A/USDT:USDT,0.57755,12.0,0.57739,76.0,0.57765,108.0,0.57775,9030.0
1753617280687,11:54:40.687,bitget,A/USDT:USDT,0.57755,12.0,0.57739,76.0,0.57765,108.0,0.57775,9030.0
1753617280838,11:54:40.838,bitget,A/USDT:USDT,0.57755,12.0,0.57739,76.0,0.57765,108.0,0.57775,9030.0
1753617281138,11:54:41.138,bitget,A/USDT:USDT,0.57755,12.0,0.57739,76.0,0.57765,108.0,0.57775,9030.0
1753617281288,11:54:41.288,bitget,A/USDT:USDT,0.57755,12.0,0.57739,76.0,0.57765,108.0,0.57775,9030.0
1753617281438,11:54:41.438,bitget,A/USDT:USDT,0.57755,12.0,0.57739,76.0,0.57765,108.0,0.57775,9030.0
1753617281588,11:54:41.588,bitget,A/USDT:USDT,0.57755,12.0,0.57739,76.0,0.57765,108.0,0.57775,9030.0
1753617281738,11:54:41.738,bitget,A/USDT:USDT,0.57755,12.0,0.57739,76.0,0.57765,108.0,0.57775,9030.0
1753617281888,11:54:41.888,bitget,A/USDT:USDT,0.57755,12.0,0.57739,76.0,0.57765,108.0,0.57775,9030.0
1753617282038,11:54:42.038,bitget,A/USDT:USDT,0.57755,12.0,0.57739,76.0,0.57765,108.0,0.57775,9030.0
1753617282188,11:54:42.188,bitget,A/USDT:USDT,0.57755,12.0,0.57739,76.0,0.57765,108.0,0.57775,9030.0
1753617282338,11:54:42.338,bitget,A/USDT:USDT,0.57755,12.0,0.57739,76.0,0.57765,108.0,0.57775,9030.0
1753617282489,11:54:42.489,bitget,A/USDT:USDT,0.57755,12.0,0.57739,76.0,0.57765,108.0,0.57775,9030.0
1753617282639,11:54:42.639,bitget,A/USDT:USDT,0.57755,12.0,0.57739,76.0,0.57765,108.0,0.57775,9030.0
1753617282789,11:54:42.789,bitget,A/USDT:USDT,0.57755,12.0,0.57739,76.0,0.57765,108.0,0.57775,9030.0
1753617283089,11:54:43.089,bitget,A/USDT:USDT,0.57755,12.0,0.57739,76.0,0.57765,108.0,0.57775,9030.0
1753617283239,11:54:43.239,bitget,A/USDT:USDT,0.57755,12.0,0.57739,76.0,0.57764,9024.0,0.57765,108.0
1753617283389,11:54:43.389,bitget,A/USDT:USDT,0.57755,12.0,0.57739,76.0,0.57759,106.0,0.57764,9024.0
1753617283539,11:54:43.539,bitget,A/USDT:USDT,0.57755,12.0,0.57739,76.0,0.57759,106.0,0.57764,9024.0
1753617283689,11:54:43.689,bitget,A/USDT:USDT,0.57755,12.0,0.57739,76.0,0.57759,106.0,0.57764,9024.0
1753617284290,11:54:44.290,bitget,A/USDT:USDT,0.57755,12.0,0.57739,76.0,0.57759,106.0,0.57764,9024.0
1753617284440,11:54:44.440,bitget,A/USDT:USDT,0.57755,12.0,0.57739,76.0,0.57759,106.0,0.57764,9024.0
1753617284590,11:54:44.590,bitget,A/USDT:USDT,0.57755,12.0,0.57739,76.0,0.57759,106.0,0.57764,9024.0
1753617284740,11:54:44.740,bitget,A/USDT:USDT,0.57755,12.0,0.57739,76.0,0.57759,106.0,0.57764,9024.0
1753617284890,11:54:44.890,bitget,A/USDT:USDT,0.57755,12.0,0.57739,76.0,0.57759,106.0,0.57764,9024.0
1753617285040,11:54:45.040,bitget,A/USDT:USDT,0.57755,12.0,0.57739,76.0,0.57759,106.0,0.57764,9024.0
1753617285190,11:54:45.190,bitget,A/USDT:USDT,0.57755,12.0,0.57739,76.0,0.57759,106.0,0.57764,9024.0
1753617285640,11:54:45.640,bitget,A/USDT:USDT,0.57755,12.0,0.57739,76.0,0.57759,106.0,0.57764,9024.0
1753617285791,11:54:45.791,bitget,A/USDT:USDT,0.57755,12.0,0.57739,76.0,0.57759,106.0,0.57764,9024.0
1753617285941,11:54:45.941,bitget,A/USDT:USDT,0.57755,12.0,0.57739,76.0,0.57759,106.0,0.57764,9024.0
1753617286091,11:54:46.091,bitget,A/USDT:USDT,0.57755,12.0,0.57739,76.0,0.57759,106.0,0.57764,9024.0
1753617286241,11:54:46.241,bitget,A/USDT:USDT,0.57755,12.0,0.57739,76.0,0.57759,106.0,0.57764,9024.0
1753617286391,11:54:46.391,bitget,A/USDT:USDT,0.57755,12.0,0.57739,76.0,0.57759,106.0,0.57764,9024.0
1753617286691,11:54:46.691,bitget,A/USDT:USDT,0.57755,12.0,0.57739,76.0,0.57759,106.0,0.57764,9024.0
1753617286991,11:54:46.991,bitget,A/USDT:USDT,0.57755,12.0,0.57739,76.0,0.57759,106.0,0.57764,9024.0
1753617287141,11:54:47.141,bitget,A/USDT:USDT,0.57755,12.0,0.57739,76.0,0.57759,106.0,0.57764,9024.0
1753617287291,11:54:47.291,bitget,A/USDT:USDT,0.57755,12.0,0.57739,76.0,0.57759,106.0,0.57764,9024.0
1753617287442,11:54:47.442,bitget,A/USDT:USDT,0.57755,12.0,0.57739,76.0,0.57759,106.0,0.57764,9024.0
1753617287592,11:54:47.592,bitget,A/USDT:USDT,0.57755,12.0,0.57739,76.0,0.57759,106.0,0.57764,9024.0
1753617287742,11:54:47.742,bitget,A/USDT:USDT,0.57755,12.0,0.57739,76.0,0.57759,106.0,0.57764,9024.0
1753617287892,11:54:47.892,bitget,A/USDT:USDT,0.57755,12.0,0.57739,76.0,0.57759,106.0,0.57764,9024.0
1753617288042,11:54:48.042,bitget,A/USDT:USDT,0.57755,12.0,0.57739,76.0,0.57759,106.0,0.57764,9024.0
1753617288192,11:54:48.192,bitget,A/USDT:USDT,0.57739,76.0,0.577,4085.0,0.57759,106.0,0.57764,9024.0
1753617288342,11:54:48.342,bitget,A/USDT:USDT,0.57743,12.0,0.57739,182.0,0.57759,106.0,0.57764,9024.0
1753617288492,11:54:48.492,bitget,A/USDT:USDT,0.57743,12.0,0.57739,182.0,0.57759,106.0,0.57764,9024.0
1753617288642,11:54:48.642,bitget,A/USDT:USDT,0.57743,12.0,0.57739,182.0,0.57759,106.0,0.57764,9024.0
1753617288792,11:54:48.792,bitget,A/USDT:USDT,0.57743,12.0,0.57739,182.0,0.57759,106.0,0.57764,9024.0
1753617288942,11:54:48.942,bitget,A/USDT:USDT,0.57743,12.0,0.57739,182.0,0.57759,106.0,0.57764,9024.0
1753617289243,11:54:49.243,bitget,A/USDT:USDT,0.57743,12.0,0.57739,182.0,0.57759,106.0,0.57764,9024.0
1753617289393,11:54:49.393,bitget,A/USDT:USDT,0.57743,118.0,0.57739,76.0,0.57759,106.0,0.57764,9024.0
1753617289543,11:54:49.543,bitget,A/USDT:USDT,0.57744,106.0,0.57743,12.0,0.57759,106.0,0.57764,9024.0
1753617289693,11:54:49.693,bitget,A/USDT:USDT,0.57744,106.0,0.57743,12.0,0.57759,106.0,0.57764,9024.0
1753617289843,11:54:49.843,bitget,A/USDT:USDT,0.57744,106.0,0.57743,12.0,0.57759,106.0,0.57764,9024.0
1753617289993,11:54:49.993,bitget,A/USDT:USDT,0.57744,106.0,0.57743,12.0,0.57759,106.0,0.57764,9024.0
1753617290143,11:54:50.143,bitget,A/USDT:USDT,0.57744,106.0,0.57743,12.0,0.57759,106.0,0.57764,9024.0
1753617290293,11:54:50.293,bitget,A/USDT:USDT,0.57744,106.0,0.57743,12.0,0.57759,106.0,0.57764,9024.0
1753617290443,11:54:50.443,bitget,A/USDT:USDT,0.57744,106.0,0.57743,12.0,0.57759,106.0,0.57764,9024.0
1753617290744,11:54:50.744,bitget,A/USDT:USDT,0.57744,106.0,0.57743,12.0,0.57759,106.0,0.57764,9024.0
1753617291194,11:54:51.194,bitget,A/USDT:USDT,0.57744,106.0,0.57743,12.0,0.57759,106.0,0.57764,9024.0
1753617291344,11:54:51.344,bitget,A/USDT:USDT,0.57744,106.0,0.57743,12.0,0.57759,106.0,0.57764,9024.0
1753617291494,11:54:51.494,bitget,A/USDT:USDT,0.57744,106.0,0.57743,12.0,0.57759,106.0,0.57764,9024.0
1753617291644,11:54:51.644,bitget,A/USDT:USDT,0.57744,106.0,0.57743,12.0,0.57759,106.0,0.57764,9024.0
1753617291794,11:54:51.794,bitget,A/USDT:USDT,0.57744,106.0,0.57743,12.0,0.57759,106.0,0.57764,9024.0
1753617292094,11:54:52.094,bitget,A/USDT:USDT,0.57744,106.0,0.57743,12.0,0.57759,106.0,0.57764,9024.0
1753617292244,11:54:52.244,bitget,A/USDT:USDT,0.57744,106.0,0.57743,12.0,0.57759,106.0,0.57764,9024.0
1753617292395,11:54:52.395,bitget,A/USDT:USDT,0.57744,106.0,0.57743,12.0,0.57759,106.0,0.57764,9024.0
1753617292695,11:54:52.695,bitget,A/USDT:USDT,0.57744,106.0,0.57743,12.0,0.57759,106.0,0.57764,9024.0
1753617292845,11:54:52.845,bitget,A/USDT:USDT,0.57744,106.0,0.57743,12.0,0.57759,106.0,0.57764,9024.0
1753617292995,11:54:52.995,bitget,A/USDT:USDT,0.57744,106.0,0.57743,12.0,0.57759,106.0,0.57764,9024.0
1753617293295,11:54:53.295,bitget,A/USDT:USDT,0.57744,106.0,0.57743,12.0,0.57759,106.0,0.57764,9024.0
1753617293445,11:54:53.445,bitget,A/USDT:USDT,0.57744,106.0,0.57743,12.0,0.57759,106.0,0.57764,9024.0
1753617293595,11:54:53.595,bitget,A/USDT:USDT,0.57744,106.0,0.57743,12.0,0.57759,106.0,0.57764,9024.0
1753617293745,11:54:53.745,bitget,A/USDT:USDT,0.57744,106.0,0.57743,12.0,0.57759,106.0,0.57764,9024.0
1753617293895,11:54:53.895,bitget,A/USDT:USDT,0.57744,106.0,0.57743,12.0,0.57759,106.0,0.57764,9024.0
1753617294346,11:54:54.346,bitget,A/USDT:USDT,0.57744,106.0,0.57743,12.0,0.57759,106.0,0.57764,9024.0
1753617294496,11:54:54.496,bitget,A/USDT:USDT,0.57744,106.0,0.57743,12.0,0.57759,106.0,0.57764,9024.0
1753617294646,11:54:54.646,bitget,A/USDT:USDT,0.57744,106.0,0.57743,12.0,0.57759,106.0,0.57764,9024.0
1753617294796,11:54:54.796,bitget,A/USDT:USDT,0.57744,106.0,0.57743,12.0,0.57759,106.0,0.57764,9024.0
1753617294946,11:54:54.946,bitget,A/USDT:USDT,0.57744,106.0,0.57743,12.0,0.57759,106.0,0.57764,9024.0
1753617295096,11:54:55.096,bitget,A/USDT:USDT,0.57744,106.0,0.57743,12.0,0.57759,106.0,0.57764,9024.0
1753617295246,11:54:55.246,bitget,A/USDT:USDT,0.57744,106.0,0.57743,12.0,0.57759,106.0,0.5777,9023.0
1753617295396,11:54:55.396,bitget,A/USDT:USDT,0.57744,106.0,0.57743,12.0,0.57759,106.0,0.5777,9023.0
1753617295546,11:54:55.546,bitget,A/USDT:USDT,0.57744,106.0,0.57743,12.0,0.57759,106.0,0.5777,9023.0
1753617295697,11:54:55.697,bitget,A/USDT:USDT,0.57744,106.0,0.57743,12.0,0.57759,106.0,0.5777,9023.0
1753617295847,11:54:55.847,bitget,A/USDT:USDT,0.57744,106.0,0.57743,12.0,0.57759,106.0,0.5777,9023.0
1753617295997,11:54:55.997,bitget,A/USDT:USDT,0.57744,106.0,0.57743,12.0,0.57759,106.0,0.5777,9023.0
1753617296147,11:54:56.147,bitget,A/USDT:USDT,0.57744,106.0,0.57743,12.0,0.57759,106.0,0.5777,9023.0
1753617296297,11:54:56.297,bitget,A/USDT:USDT,0.57744,106.0,0.57743,12.0,0.57759,106.0,0.5777,9023.0
1753617296447,11:54:56.447,bitget,A/USDT:USDT,0.57744,106.0,0.57743,12.0,0.57759,106.0,0.5777,9023.0
1753617296597,11:54:56.597,bitget,A/USDT:USDT,0.57744,106.0,0.57743,12.0,0.57759,106.0,0.5777,9023.0
1753617296747,11:54:56.747,bitget,A/USDT:USDT,0.57744,106.0,0.57743,12.0,0.57759,106.0,0.5777,9023.0
1753617296897,11:54:56.897,bitget,A/USDT:USDT,0.57744,106.0,0.57743,12.0,0.57759,106.0,0.5777,9023.0
1753617297198,11:54:57.198,bitget,A/USDT:USDT,0.57744,106.0,0.57743,12.0,0.57759,106.0,0.5777,9023.0
1753617297348,11:54:57.348,bitget,A/USDT:USDT,0.57744,106.0,0.57743,12.0,0.57759,106.0,0.5777,9023.0
1753617297498,11:54:57.498,bitget,A/USDT:USDT,0.57744,106.0,0.57743,12.0,0.57759,106.0,0.5777,9023.0
1753617297648,11:54:57.648,bitget,A/USDT:USDT,0.57744,106.0,0.57743,12.0,0.57759,106.0,0.5777,9023.0
1753617297798,11:54:57.798,bitget,A/USDT:USDT,0.57744,106.0,0.57743,12.0,0.57759,106.0,0.5777,9023.0
1753617297948,11:54:57.948,bitget,A/USDT:USDT,0.57744,106.0,0.57743,12.0,0.57759,106.0,0.5777,9023.0
1753617298098,11:54:58.098,bitget,A/USDT:USDT,0.57744,106.0,0.57743,12.0,0.57759,106.0,0.5777,9023.0
1753617298248,11:54:58.248,bitget,A/USDT:USDT,0.57744,106.0,0.57743,12.0,0.57759,106.0,0.5777,9023.0
1753617298398,11:54:58.398,bitget,A/USDT:USDT,0.57744,106.0,0.57743,12.0,0.57759,106.0,0.5777,9023.0
1753617298548,11:54:58.548,bitget,A/USDT:USDT,0.57744,106.0,0.57743,12.0,0.57759,106.0,0.5777,9023.0
1753617298698,11:54:58.698,bitget,A/USDT:USDT,0.57744,106.0,0.57743,12.0,0.57759,106.0,0.5777,9023.0
1753617298849,11:54:58.849,bitget,A/USDT:USDT,0.57744,106.0,0.57743,12.0,0.57759,106.0,0.5777,9023.0
1753617298999,11:54:58.999,bitget,A/USDT:USDT,0.57744,106.0,0.57743,12.0,0.57759,106.0,0.5777,9023.0
1753617299149,11:54:59.149,bitget,A/USDT:USDT,0.57744,106.0,0.57743,12.0,0.57759,106.0,0.5777,9023.0
1753617299299,11:54:59.299,bitget,A/USDT:USDT,0.57744,106.0,0.57743,12.0,0.57759,106.0,0.5777,9023.0
1753617299449,11:54:59.449,bitget,A/USDT:USDT,0.57744,106.0,0.57743,12.0,0.57759,106.0,0.5777,9023.0
1753617299749,11:54:59.749,bitget,A/USDT:USDT,0.57744,106.0,0.57743,12.0,0.57759,106.0,0.5777,9023.0
1753617299899,11:54:59.899,bitget,A/USDT:USDT,0.57744,106.0,0.57743,12.0,0.57759,106.0,0.5777,9023.0
1753617300049,11:55:00.049,bitget,A/USDT:USDT,0.57744,106.0,0.57743,12.0,0.57759,106.0,0.5777,9023.0
1753617300199,11:55:00.199,bitget,A/USDT:USDT,0.57744,106.0,0.57743,12.0,0.57759,106.0,0.5777,9023.0
1753617300349,11:55:00.349,bitget,A/USDT:USDT,0.57744,106.0,0.57743,12.0,0.57759,106.0,0.5777,9023.0
1753617300499,11:55:00.499,bitget,A/USDT:USDT,0.57744,106.0,0.57743,12.0,0.57759,106.0,0.5777,9023.0
1753617300650,11:55:00.650,bitget,A/USDT:USDT,0.57744,106.0,0.57743,12.0,0.57759,106.0,0.5777,9023.0
1753617300800,11:55:00.800,bitget,A/USDT:USDT,0.57744,106.0,0.57743,12.0,0.57759,106.0,0.57765,77.0
1753617300950,11:55:00.950,bitget,A/USDT:USDT,0.57744,106.0,0.57743,12.0,0.57759,106.0,0.57765,77.0
1753617301100,11:55:01.100,bitget,A/USDT:USDT,0.57743,12.0,0.57739,76.0,0.57759,106.0,0.57765,77.0
1753617301250,11:55:01.250,bitget,A/USDT:USDT,0.57743,12.0,0.57739,76.0,0.57759,106.0,0.57765,77.0
1753617301400,11:55:01.400,bitget,A/USDT:USDT,0.57743,118.0,0.57739,76.0,0.57759,106.0,0.57765,77.0
1753617301550,11:55:01.550,bitget,A/USDT:USDT,0.57746,106.0,0.57743,12.0,0.57759,106.0,0.57765,77.0
1753617301700,11:55:01.700,bitget,A/USDT:USDT,0.57743,118.0,0.57739,76.0,0.57759,106.0,0.57765,77.0
1753617301850,11:55:01.850,bitget,A/USDT:USDT,0.57743,118.0,0.57739,76.0,0.57759,106.0,0.57765,77.0
1753617302000,11:55:02.000,bitget,A/USDT:USDT,0.57744,106.0,0.57743,12.0,0.57759,106.0,0.57765,77.0
1753617302150,11:55:02.150,bitget,A/USDT:USDT,0.57744,106.0,0.57743,12.0,0.57759,106.0,0.57765,77.0
1753617302301,11:55:02.301,bitget,A/USDT:USDT,0.57744,106.0,0.57743,12.0,0.57759,106.0,0.57765,77.0
1753617302451,11:55:02.451,bitget,A/USDT:USDT,0.57744,106.0,0.57743,12.0,0.57759,106.0,0.57765,77.0
1753617302601,11:55:02.601,bitget,A/USDT:USDT,0.57744,106.0,0.57743,12.0,0.57759,106.0,0.57765,77.0
1753617302751,11:55:02.751,bitget,A/USDT:USDT,0.57744,106.0,0.57743,12.0,0.57759,106.0,0.57765,77.0
1753617302901,11:55:02.901,bitget,A/USDT:USDT,0.57744,106.0,0.57743,12.0,0.57759,106.0,0.57765,77.0
1753617303051,11:55:03.051,bitget,A/USDT:USDT,0.57744,106.0,0.57743,12.0,0.57759,106.0,0.57765,77.0
1753617303351,11:55:03.351,bitget,A/USDT:USDT,0.57744,106.0,0.57743,12.0,0.57759,106.0,0.57765,77.0
1753617303501,11:55:03.501,bitget,A/USDT:USDT,0.57744,106.0,0.57743,12.0,0.57759,106.0,0.57765,77.0
1753617303651,11:55:03.651,bitget,A/USDT:USDT,0.57743,12.0,0.57739,76.0,0.57759,106.0,0.57765,77.0
1753617303801,11:55:03.801,bitget,A/USDT:USDT,0.57743,12.0,0.57739,76.0,0.57759,106.0,0.57765,77.0
1753617304102,11:55:04.102,bitget,A/USDT:USDT,0.57743,12.0,0.57739,76.0,0.57759,106.0,0.57765,77.0
1753617304252,11:55:04.252,bitget,A/USDT:USDT,0.57743,12.0,0.57739,76.0,0.57759,106.0,0.57765,77.0
1753617304402,11:55:04.402,bitget,A/USDT:USDT,0.57743,12.0,0.57739,76.0,0.57759,106.0,0.57765,77.0
1753617304552,11:55:04.552,bitget,A/USDT:USDT,0.57743,12.0,0.57739,76.0,0.57759,106.0,0.57765,77.0
1753617304702,11:55:04.702,bitget,A/USDT:USDT,0.57743,12.0,0.57739,76.0,0.57759,106.0,0.57765,77.0
1753617304852,11:55:04.852,bitget,A/USDT:USDT,0.57743,12.0,0.57739,76.0,0.57759,106.0,0.57765,77.0
1753617305002,11:55:05.002,bitget,A/USDT:USDT,0.57743,12.0,0.57739,76.0,0.57759,106.0,0.57765,77.0
1753617305152,11:55:05.152,bitget,A/USDT:USDT,0.57743,12.0,0.57739,76.0,0.57759,106.0,0.57765,77.0
1753617305302,11:55:05.302,bitget,A/USDT:USDT,0.57743,12.0,0.57739,76.0,0.57759,106.0,0.57765,77.0
1753617305452,11:55:05.452,bitget,A/USDT:USDT,0.57743,12.0,0.57739,76.0,0.57759,106.0,0.57765,77.0
1753617305602,11:55:05.602,bitget,A/USDT:USDT,0.57743,12.0,0.57739,76.0,0.57759,106.0,0.57765,77.0
1753617305753,11:55:05.753,bitget,A/USDT:USDT,0.57743,12.0,0.57739,76.0,0.57759,106.0,0.57765,77.0
1753617305903,11:55:05.903,bitget,A/USDT:USDT,0.57743,12.0,0.57739,76.0,0.57759,106.0,0.57765,77.0
1753617306053,11:55:06.053,bitget,A/USDT:USDT,0.57743,12.0,0.57739,76.0,0.57759,106.0,0.57765,77.0
1753617306203,11:55:06.203,bitget,A/USDT:USDT,0.57743,12.0,0.57739,76.0,0.57759,106.0,0.57765,77.0
1753617306353,11:55:06.353,bitget,A/USDT:USDT,0.57743,12.0,0.57739,76.0,0.57759,106.0,0.57765,77.0
1753617306503,11:55:06.503,bitget,A/USDT:USDT,0.57743,12.0,0.57739,76.0,0.57759,106.0,0.57765,77.0
1753617306653,11:55:06.653,bitget,A/USDT:USDT,0.57743,12.0,0.57739,76.0,0.57759,106.0,0.57765,77.0
1753617306953,11:55:06.953,bitget,A/USDT:USDT,0.57743,12.0,0.57739,76.0,0.57759,106.0,0.57765,77.0
1753617307103,11:55:07.103,bitget,A/USDT:USDT,0.57743,12.0,0.57739,76.0,0.57759,106.0,0.57765,77.0
1753617307253,11:55:07.253,bitget,A/USDT:USDT,0.57743,12.0,0.57739,76.0,0.57759,106.0,0.57765,77.0
1753617307404,11:55:07.404,bitget,A/USDT:USDT,0.57743,12.0,0.57739,76.0,0.57759,106.0,0.57765,77.0
1753617307554,11:55:07.554,bitget,A/USDT:USDT,0.57743,12.0,0.57739,76.0,0.57759,106.0,0.57765,77.0
1753617307704,11:55:07.704,bitget,A/USDT:USDT,0.57743,12.0,0.57739,76.0,0.57759,106.0,0.57765,77.0
1753617307854,11:55:07.854,bitget,A/USDT:USDT,0.57743,12.0,0.57739,76.0,0.57759,106.0,0.57765,77.0
1753617308004,11:55:08.004,bitget,A/USDT:USDT,0.57743,12.0,0.57739,76.0,0.57759,106.0,0.57765,77.0
1753617308154,11:55:08.154,bitget,A/USDT:USDT,0.57743,12.0,0.57739,76.0,0.57759,106.0,0.57765,77.0
1753617308454,11:55:08.454,bitget,A/USDT:USDT,0.57743,12.0,0.57739,76.0,0.57759,106.0,0.57765,77.0
1753617308604,11:55:08.604,bitget,A/USDT:USDT,0.57743,12.0,0.57739,76.0,0.57759,106.0,0.57765,77.0
1753617308754,11:55:08.754,bitget,A/USDT:USDT,0.57743,12.0,0.57739,76.0,0.57759,106.0,0.57765,77.0
1753617308905,11:55:08.905,bitget,A/USDT:USDT,0.57743,12.0,0.57739,76.0,0.57759,106.0,0.57765,77.0
1753617309055,11:55:09.055,bitget,A/USDT:USDT,0.57743,12.0,0.57739,76.0,0.57759,106.0,0.57765,77.0
1753617309205,11:55:09.205,bitget,A/USDT:USDT,0.57743,12.0,0.57739,76.0,0.57759,106.0,0.57765,77.0
1753617309355,11:55:09.355,bitget,A/USDT:USDT,0.57743,12.0,0.57739,76.0,0.57759,106.0,0.57765,77.0
1753617309505,11:55:09.505,bitget,A/USDT:USDT,0.57743,12.0,0.57739,76.0,0.57759,106.0,0.57765,77.0
1753617309655,11:55:09.655,bitget,A/USDT:USDT,0.57743,12.0,0.57739,76.0,0.57759,106.0,0.57765,77.0
1753617309805,11:55:09.805,bitget,A/USDT:USDT,0.57743,12.0,0.57739,76.0,0.57759,106.0,0.57765,77.0
1753617309955,11:55:09.955,bitget,A/USDT:USDT,0.57743,12.0,0.57739,76.0,0.57759,106.0,0.57765,77.0
1753617310105,11:55:10.105,bitget,A/USDT:USDT,0.57743,12.0,0.57739,76.0,0.57759,106.0,0.57765,77.0
1753617310255,11:55:10.255,bitget,A/USDT:USDT,0.57743,12.0,0.57739,76.0,0.57759,106.0,0.57765,77.0
1753617310405,11:55:10.405,bitget,A/USDT:USDT,0.57743,12.0,0.57739,76.0,0.57759,106.0,0.57765,77.0
1753617310556,11:55:10.556,bitget,A/USDT:USDT,0.57743,12.0,0.57739,76.0,0.57759,106.0,0.57765,77.0
1753617310706,11:55:10.706,bitget,A/USDT:USDT,0.57743,118.0,0.57739,76.0,0.57759,106.0,0.57765,77.0
1753617310856,11:55:10.856,bitget,A/USDT:USDT,0.57743,118.0,0.57739,76.0,0.57759,106.0,0.57765,77.0
1753617311006,11:55:11.006,bitget,A/USDT:USDT,0.57743,118.0,0.57739,76.0,0.57759,106.0,0.57765,77.0
1753617311156,11:55:11.156,bitget,A/USDT:USDT,0.57744,106.0,0.57743,12.0,0.57759,106.0,0.57765,77.0
1753617311306,11:55:11.306,bitget,A/USDT:USDT,0.57743,12.0,0.57739,76.0,0.57759,106.0,0.57765,77.0
1753617311456,11:55:11.456,bitget,A/USDT:USDT,0.57743,12.0,0.57739,76.0,0.57759,106.0,0.57765,77.0
1753617311606,11:55:11.606,bitget,A/USDT:USDT,0.57743,12.0,0.57739,76.0,0.57759,106.0,0.57765,77.0
1753617311756,11:55:11.756,bitget,A/USDT:USDT,0.57743,12.0,0.57739,76.0,0.57759,106.0,0.57765,77.0
1753617311906,11:55:11.906,bitget,A/USDT:USDT,0.57743,12.0,0.57739,76.0,0.57759,106.0,0.57765,77.0
1753617312056,11:55:12.056,bitget,A/USDT:USDT,0.57743,12.0,0.57739,76.0,0.57759,106.0,0.57765,77.0
1753617312206,11:55:12.206,bitget,A/USDT:USDT,0.57743,12.0,0.57739,76.0,0.57759,106.0,0.57765,77.0
1753617312357,11:55:12.357,bitget,A/USDT:USDT,0.57743,12.0,0.57739,76.0,0.57759,106.0,0.57765,77.0
1753617312507,11:55:12.507,bitget,A/USDT:USDT,0.57743,12.0,0.57739,76.0,0.57759,106.0,0.57765,77.0
1753617312807,11:55:12.807,bitget,A/USDT:USDT,0.57743,12.0,0.57739,76.0,0.57759,106.0,0.57765,77.0
1753617312957,11:55:12.957,bitget,A/USDT:USDT,0.57743,12.0,0.57739,76.0,0.57759,106.0,0.57765,77.0
1753617313107,11:55:13.107,bitget,A/USDT:USDT,0.57743,12.0,0.57739,76.0,0.57759,106.0,0.57765,77.0
1753617313257,11:55:13.257,bitget,A/USDT:USDT,0.57743,12.0,0.57739,76.0,0.57754,106.0,0.57759,9018.0
1753617313407,11:55:13.407,bitget,A/USDT:USDT,0.57743,12.0,0.57739,76.0,0.57754,106.0,0.57759,9018.0
1753617313707,11:55:13.707,bitget,A/USDT:USDT,0.57743,12.0,0.57739,76.0,0.57754,106.0,0.57759,9018.0
1753617313857,11:55:13.857,bitget,A/USDT:USDT,0.57743,12.0,0.57739,76.0,0.57754,106.0,0.57759,9018.0
1753617314008,11:55:14.008,bitget,A/USDT:USDT,0.57743,12.0,0.57739,76.0,0.57754,106.0,0.57759,9018.0
1753617314158,11:55:14.158,bitget,A/USDT:USDT,0.57743,12.0,0.57739,76.0,0.57754,106.0,0.57759,9018.0
1753617314308,11:55:14.308,bitget,A/USDT:USDT,0.57743,12.0,0.57739,76.0,0.57754,106.0,0.57759,9018.0
1753617314458,11:55:14.458,bitget,A/USDT:USDT,0.57743,12.0,0.57739,76.0,0.57754,106.0,0.57759,9018.0
1753617314608,11:55:14.608,bitget,A/USDT:USDT,0.57743,12.0,0.57739,76.0,0.57754,106.0,0.57759,9018.0
1753617314908,11:55:14.908,bitget,A/USDT:USDT,0.57743,12.0,0.577,1906.0,0.57754,106.0,0.57759,9018.0
1753617315058,11:55:15.058,bitget,A/USDT:USDT,0.57743,12.0,0.57698,107.0,0.57754,106.0,0.57759,9018.0
1753617315208,11:55:15.208,bitget,A/USDT:USDT,0.57743,12.0,0.57698,107.0,0.57754,106.0,0.57759,9018.0
1753617315358,11:55:15.358,bitget,A/USDT:USDT,0.57743,12.0,0.57698,107.0,0.57754,106.0,0.57759,9018.0
1753617315509,11:55:15.509,bitget,A/USDT:USDT,0.57743,12.0,0.57698,107.0,0.57754,106.0,0.57759,9018.0
1753617315659,11:55:15.659,bitget,A/USDT:USDT,0.57743,12.0,0.57698,107.0,0.57754,106.0,0.57759,9018.0
1753617315809,11:55:15.809,bitget,A/USDT:USDT,0.57743,12.0,0.57698,107.0,0.57754,106.0,0.57759,9018.0
1753617315959,11:55:15.959,bitget,A/USDT:USDT,0.57743,12.0,0.57698,107.0,0.57754,106.0,0.57759,9018.0
1753617316109,11:55:16.109,bitget,A/USDT:USDT,0.57743,12.0,0.57698,107.0,0.57754,106.0,0.57759,9018.0
1753617316259,11:55:16.259,bitget,A/USDT:USDT,0.57743,12.0,0.57698,107.0,0.57754,106.0,0.57759,9018.0
1753617316409,11:55:16.409,bitget,A/USDT:USDT,0.57743,12.0,0.57698,107.0,0.57754,106.0,0.57759,9018.0
1753617316559,11:55:16.559,bitget,A/USDT:USDT,0.57743,12.0,0.57698,107.0,0.57754,106.0,0.57759,9018.0
1753617316709,11:55:16.709,bitget,A/USDT:USDT,0.57743,12.0,0.57698,107.0,0.57754,106.0,0.57759,9018.0
1753617316859,11:55:16.859,bitget,A/USDT:USDT,0.57743,12.0,0.57698,107.0,0.57754,106.0,0.57759,9018.0
1753617317009,11:55:17.009,bitget,A/USDT:USDT,0.57743,12.0,0.57698,107.0,0.57754,106.0,0.57759,9018.0
1753617317159,11:55:17.159,bitget,A/USDT:USDT,0.57743,12.0,0.57698,107.0,0.57754,106.0,0.57759,9018.0
1753617317309,11:55:17.309,bitget,A/USDT:USDT,0.57743,12.0,0.57698,107.0,0.57754,106.0,0.57759,9018.0
1753617317460,11:55:17.460,bitget,A/USDT:USDT,0.57743,12.0,0.57698,107.0,0.57754,106.0,0.57759,9018.0
1753617317760,11:55:17.760,bitget,A/USDT:USDT,0.57743,12.0,0.57698,107.0,0.57754,106.0,0.57759,9018.0
1753617317910,11:55:17.910,bitget,A/USDT:USDT,0.57743,12.0,0.57698,107.0,0.57754,106.0,0.57759,9018.0
1753617318060,11:55:18.060,bitget,A/USDT:USDT,0.57743,12.0,0.57698,107.0,0.57754,106.0,0.57759,9018.0
1753617318210,11:55:18.210,bitget,A/USDT:USDT,0.57743,12.0,0.57698,107.0,0.57754,106.0,0.57759,9018.0
1753617318360,11:55:18.360,bitget,A/USDT:USDT,0.57743,12.0,0.57698,107.0,0.57754,106.0,0.57759,9018.0
1753617318510,11:55:18.510,bitget,A/USDT:USDT,0.57743,12.0,0.57698,107.0,0.57754,106.0,0.57759,9018.0
1753617318660,11:55:18.660,bitget,A/USDT:USDT,0.57743,12.0,0.57698,107.0,0.57754,106.0,0.57759,9018.0
1753617318810,11:55:18.810,bitget,A/USDT:USDT,0.57743,12.0,0.57698,107.0,0.57754,106.0,0.57759,9018.0
1753617318961,11:55:18.961,bitget,A/USDT:USDT,0.57743,12.0,0.57698,107.0,0.57754,106.0,0.57759,9018.0
1753617319111,11:55:19.111,bitget,A/USDT:USDT,0.57743,12.0,0.57698,107.0,0.57754,106.0,0.57759,9018.0
1753617319261,11:55:19.261,bitget,A/USDT:USDT,0.57743,12.0,0.57698,107.0,0.57754,106.0,0.57759,9018.0
1753617319411,11:55:19.411,bitget,A/USDT:USDT,0.57743,12.0,0.57698,107.0,0.57754,106.0,0.57759,9018.0
1753617319561,11:55:19.561,bitget,A/USDT:USDT,0.57743,12.0,0.57698,107.0,0.57754,106.0,0.57759,9018.0
1753617319711,11:55:19.711,bitget,A/USDT:USDT,0.57743,12.0,0.57698,107.0,0.57754,106.0,0.57759,9018.0
1753617319861,11:55:19.861,bitget,A/USDT:USDT,0.57743,12.0,0.57698,107.0,0.57754,106.0,0.57759,9018.0
1753617320011,11:55:20.011,bitget,A/USDT:USDT,0.57743,12.0,0.57698,107.0,0.57754,106.0,0.57759,9018.0
1753617320161,11:55:20.161,bitget,A/USDT:USDT,0.57698,107.0,0.5768,31157.0,0.57753,1776.0,0.57754,106.0
1753617320311,11:55:20.311,bitget,A/USDT:USDT,0.57724,12.0,0.57698,107.0,0.57748,109.0,0.57753,1776.0
1753617320461,11:55:20.461,bitget,A/USDT:USDT,0.57724,12.0,0.57698,107.0,0.57748,109.0,0.57753,2580.0
1753617320612,11:55:20.612,bitget,A/USDT:USDT,0.57724,12.0,0.57698,107.0,0.57748,109.0,0.57753,2580.0
1753617320762,11:55:20.762,bitget,A/USDT:USDT,0.57724,12.0,0.57698,107.0,0.57748,109.0,0.57753,2580.0
1753617320912,11:55:20.912,bitget,A/USDT:USDT,0.57724,12.0,0.57698,107.0,0.57748,109.0,0.57753,1964.0
1753617321062,11:55:21.062,bitget,A/USDT:USDT,0.57724,12.0,0.57671,107.0,0.57748,391.0,0.5775,427.0
1753617321212,11:55:21.212,bitget,A/USDT:USDT,0.57724,12.0,0.57671,107.0,0.57743,109.0,0.57748,564.0
1753617321362,11:55:21.362,bitget,A/USDT:USDT,0.57724,12.0,0.57671,107.0,0.57743,146.0,0.57748,680.0
1753617321662,11:55:21.662,bitget,A/USDT:USDT,0.57724,12.0,0.57671,107.0,0.57737,9016.0,0.57738,109.0
1753617321812,11:55:21.812,bitget,A/USDT:USDT,0.57724,12.0,0.57659,106.0,0.57732,109.0,0.57737,9016.0
1753617321962,11:55:21.962,bitget,A/USDT:USDT,0.57724,12.0,0.57659,106.0,0.57732,109.0,0.57737,9016.0
1753617322112,11:55:22.112,bitget,A/USDT:USDT,0.57724,12.0,0.57659,106.0,0.57732,109.0,0.57737,9016.0
1753617322263,11:55:22.263,bitget,A/USDT:USDT,0.57724,12.0,0.57659,106.0,0.57732,109.0,0.57737,9016.0
1753617322413,11:55:22.413,bitget,A/USDT:USDT,0.57724,12.0,0.57659,106.0,0.57732,109.0,0.57737,9016.0
1753617322563,11:55:22.563,bitget,A/USDT:USDT,0.57724,12.0,0.57659,106.0,0.57732,109.0,0.57737,9016.0
1753617322713,11:55:22.713,bitget,A/USDT:USDT,0.57724,12.0,0.57659,106.0,0.57732,109.0,0.57737,9016.0
1753617322863,11:55:22.863,bitget,A/USDT:USDT,0.57724,12.0,0.57659,106.0,0.57732,109.0,0.57737,9016.0
1753617323013,11:55:23.013,bitget,A/USDT:USDT,0.57724,12.0,0.57659,106.0,0.57732,109.0,0.57737,9016.0
1753617323163,11:55:23.163,bitget,A/USDT:USDT,0.57724,12.0,0.57659,106.0,0.57732,109.0,0.57737,9016.0
1753617323313,11:55:23.313,bitget,A/USDT:USDT,0.57724,12.0,0.57659,106.0,0.57732,109.0,0.57737,9016.0
1753617323613,11:55:23.613,bitget,A/USDT:USDT,0.57724,12.0,0.57659,106.0,0.57732,109.0,0.57737,9016.0
1753617323763,11:55:23.763,bitget,A/USDT:USDT,0.57724,12.0,0.57659,106.0,0.57732,109.0,0.57737,9016.0
1753617324064,11:55:24.064,bitget,A/USDT:USDT,0.57724,12.0,0.57659,106.0,0.57732,109.0,0.57737,9016.0
1753617324214,11:55:24.214,bitget,A/USDT:USDT,0.57724,12.0,0.57659,106.0,0.57732,109.0,0.57737,9016.0
1753617324514,11:55:24.514,bitget,A/USDT:USDT,0.57724,12.0,0.57659,106.0,0.57732,109.0,0.57737,9016.0
1753617324664,11:55:24.664,bitget,A/USDT:USDT,0.57724,12.0,0.57659,106.0,0.57732,109.0,0.57737,9016.0
1753617324814,11:55:24.814,bitget,A/USDT:USDT,0.57724,12.0,0.57659,106.0,0.57732,109.0,0.57737,9016.0
1753617324964,11:55:24.964,bitget,A/USDT:USDT,0.57724,12.0,0.57659,106.0,0.57732,109.0,0.57737,9016.0
1753617325114,11:55:25.114,bitget,A/USDT:USDT,0.57724,12.0,0.57659,106.0,0.57732,109.0,0.57737,9016.0
1753617325264,11:55:25.264,bitget,A/USDT:USDT,0.57724,12.0,0.57659,106.0,0.57732,109.0,0.57737,9016.0
1753617325414,11:55:25.414,bitget,A/USDT:USDT,0.57724,12.0,0.57659,106.0,0.57732,109.0,0.57737,9016.0
1753617325565,11:55:25.565,bitget,A/USDT:USDT,0.57724,12.0,0.57659,106.0,0.57732,297.0,0.57737,9016.0
1753617325715,11:55:25.715,bitget,A/USDT:USDT,0.57724,12.0,0.57659,106.0,0.57727,109.0,0.57732,188.0
1753617325865,11:55:25.865,bitget,A/USDT:USDT,0.57724,12.0,0.57659,106.0,0.57727,109.0,0.57732,188.0
1753617326015,11:55:26.015,bitget,A/USDT:USDT,0.57724,12.0,0.57659,106.0,0.57727,109.0,0.57732,188.0
1753617326165,11:55:26.165,bitget,A/USDT:USDT,0.57724,12.0,0.57659,106.0,0.57727,109.0,0.57732,188.0
1753617326315,11:55:26.315,bitget,A/USDT:USDT,0.57724,12.0,0.57659,106.0,0.57727,109.0,0.57732,188.0
1753617326465,11:55:26.465,bitget,A/USDT:USDT,0.57724,12.0,0.57659,106.0,0.57727,109.0,0.57732,188.0
1753617326615,11:55:26.615,bitget,A/USDT:USDT,0.57724,12.0,0.57659,106.0,0.57727,109.0,0.57732,188.0
1753617326765,11:55:26.765,bitget,A/USDT:USDT,0.57724,12.0,0.57659,106.0,0.57727,109.0,0.57732,188.0
1753617326915,11:55:26.915,bitget,A/USDT:USDT,0.57724,12.0,0.57659,106.0,0.57727,109.0,0.57732,188.0
1753617327216,11:55:27.216,bitget,A/USDT:USDT,0.57724,12.0,0.57659,106.0,0.57726,9018.0,0.57727,109.0
1753617327366,11:55:27.366,bitget,A/USDT:USDT,0.57724,12.0,0.57659,106.0,0.57725,109.0,0.57726,9018.0
1753617327516,11:55:27.516,bitget,A/USDT:USDT,0.57724,12.0,0.57659,106.0,0.57725,109.0,0.57726,9018.0
1753617327666,11:55:27.666,bitget,A/USDT:USDT,0.57724,12.0,0.57659,106.0,0.57725,109.0,0.57726,9018.0
1753617327816,11:55:27.816,bitget,A/USDT:USDT,0.57724,12.0,0.57659,106.0,0.57725,109.0,0.57726,9018.0
1753617327966,11:55:27.966,bitget,A/USDT:USDT,0.57724,12.0,0.57659,106.0,0.57725,109.0,0.57726,9018.0
1753617328116,11:55:28.116,bitget,A/USDT:USDT,0.57724,12.0,0.57659,106.0,0.57725,109.0,0.57726,9018.0
1753617328266,11:55:28.266,bitget,A/USDT:USDT,0.57724,12.0,0.57659,106.0,0.57725,109.0,0.57726,9018.0
1753617328416,11:55:28.416,bitget,A/USDT:USDT,0.57724,12.0,0.57659,106.0,0.57725,109.0,0.57726,9018.0
1753617328567,11:55:28.567,bitget,A/USDT:USDT,0.57724,12.0,0.57659,106.0,0.57725,109.0,0.57726,9018.0
1753617328717,11:55:28.717,bitget,A/USDT:USDT,0.57724,12.0,0.57659,106.0,0.57725,109.0,0.57726,9018.0
1753617329017,11:55:29.017,bitget,A/USDT:USDT,0.57724,12.0,0.57659,106.0,0.57725,109.0,0.57726,9018.0
1753617329167,11:55:29.167,bitget,A/USDT:USDT,0.57724,12.0,0.57659,106.0,0.57725,109.0,0.57726,9018.0
1753617329317,11:55:29.317,bitget,A/USDT:USDT,0.57724,12.0,0.57659,106.0,0.57725,109.0,0.57726,9018.0
1753617329467,11:55:29.467,bitget,A/USDT:USDT,0.57724,12.0,0.57659,106.0,0.57725,109.0,0.57726,9018.0
1753617329617,11:55:29.617,bitget,A/USDT:USDT,0.57724,12.0,0.57659,106.0,0.57725,109.0,0.57726,9018.0
1753617329767,11:55:29.767,bitget,A/USDT:USDT,0.57724,12.0,0.57659,106.0,0.57725,109.0,0.57726,9018.0
1753617329917,11:55:29.917,bitget,A/USDT:USDT,0.57724,12.0,0.57659,106.0,0.57725,109.0,0.57726,9018.0
1753617330068,11:55:30.068,bitget,A/USDT:USDT,0.57724,12.0,0.57659,106.0,0.57725,109.0,0.57726,9018.0
1753617330218,11:55:30.218,bitget,A/USDT:USDT,0.57724,12.0,0.57659,106.0,0.57725,109.0,0.57726,9018.0
1753617330368,11:55:30.368,bitget,A/USDT:USDT,0.57724,12.0,0.57659,106.0,0.57725,109.0,0.57726,9018.0
1753617330518,11:55:30.518,bitget,A/USDT:USDT,0.57724,12.0,0.57659,106.0,0.57725,109.0,0.57726,9018.0
1753617330668,11:55:30.668,bitget,A/USDT:USDT,0.57724,12.0,0.57659,106.0,0.57725,109.0,0.57726,9018.0
1753617330818,11:55:30.818,bitget,A/USDT:USDT,0.57659,106.0,0.5765,4949.0,0.57725,109.0,0.57726,9018.0
1753617330968,11:55:30.968,bitget,A/USDT:USDT,0.57698,12.0,0.57659,183.0,0.57725,109.0,0.57726,9018.0
1753617331118,11:55:31.118,bitget,A/USDT:USDT,0.57698,12.0,0.57659,183.0,0.57725,109.0,0.57726,9018.0
1753617331268,11:55:31.268,bitget,A/USDT:USDT,0.57698,12.0,0.57659,183.0,0.57725,109.0,0.57726,9018.0
