timestamp,time,exchange,symbol,bid1_price,bid1_volume,bid2_price,bid2_volume,ask1_price,ask1_volume,ask2_price,ask2_volume
1753617155495,11:52:35.495,blofin,ACE/USDT:USDT,0.5951,119.0,0.595,102.0,0.5955,515.0,0.5957,3529.0
1753617155992,11:52:35.992,blofin,ACE/USDT:USDT,0.5951,56.0,0.595,102.0,0.5955,515.0,0.5959,622.0
1753617156495,11:52:36.495,blofin,ACE/USDT:USDT,0.5951,59.0,0.595,97.0,0.5955,515.0,0.5959,622.0
1753617157496,11:52:37.496,blofin,ACE/USDT:USDT,0.5951,59.0,0.595,97.0,0.5955,515.0,0.5956,91.0
1753617157696,11:52:37.696,blofin,ACE/USDT:USDT,0.5951,361.0,0.595,97.0,0.5955,515.0,0.5957,2865.0
1753617157993,11:52:37.993,blofin,ACE/USDT:USDT,0.5951,362.0,0.595,44.0,0.5955,516.0,0.5957,2865.0
1753617158496,11:52:38.496,blofin,ACE/USDT:USDT,0.5951,8.0,0.595,44.0,0.5955,10.0,0.5958,2978.0
1753617159499,11:52:39.499,blofin,ACE/USDT:USDT,0.5951,7.0,0.595,1257.0,0.5955,11.0,0.596,320.0
1753617159993,11:52:39.993,blofin,ACE/USDT:USDT,0.5951,7.0,0.595,1072.0,0.5955,11.0,0.5958,1020.0
1753617160500,11:52:40.500,blofin,ACE/USDT:USDT,0.5951,7.0,0.595,1072.0,0.5955,9.0,0.5958,1020.0
1753617162503,11:52:42.503,blofin,ACE/USDT:USDT,0.5952,358.0,0.595,2.0,0.5954,4.0,0.5955,5.0
1753617162994,11:52:42.994,blofin,ACE/USDT:USDT,0.5952,363.0,0.595,2.0,0.5954,5.0,0.5955,4.0
1753617163506,11:52:43.506,blofin,ACE/USDT:USDT,0.5952,362.0,0.5951,1534.0,0.5954,1.0,0.5955,8.0
1753617164506,11:52:44.506,blofin,ACE/USDT:USDT,0.5952,363.0,0.595,311.0,0.5954,1.0,0.5955,8.0
1753617164996,11:52:44.996,blofin,ACE/USDT:USDT,0.5952,363.0,0.595,2.0,0.5954,1.0,0.5955,8.0
1753617165508,11:52:45.508,blofin,ACE/USDT:USDT,0.5952,5.0,0.5951,53.0,0.5955,12.0,0.5956,1308.0
1753617165996,11:52:45.996,blofin,ACE/USDT:USDT,0.5952,5.0,0.5951,53.0,0.5955,12.0,0.596,607.0
1753617166509,11:52:46.509,blofin,ACE/USDT:USDT,0.5951,57.0,0.595,2.0,0.5955,12.0,0.596,607.0
1753617167002,11:52:47.002,blofin,ACE/USDT:USDT,0.5951,57.0,0.595,2.0,0.5955,12.0,0.5958,1666.0
1753617167999,11:52:47.999,blofin,ACE/USDT:USDT,0.5951,55.0,0.595,2.0,0.5955,9.0,0.5958,1666.0
1753617168515,11:52:48.515,blofin,ACE/USDT:USDT,0.5951,54.0,0.595,2.0,0.5955,9.0,0.596,223.0
1753617169000,11:52:49.000,blofin,ACE/USDT:USDT,0.5951,67.0,0.595,1528.0,0.5955,9.0,0.5959,73.0
1753617169514,11:52:49.514,blofin,ACE/USDT:USDT,0.5951,68.0,0.595,1528.0,0.5955,9.0,0.5959,73.0
1753617170173,11:52:50.173,blofin,ACE/USDT:USDT,0.5952,66.0,0.5951,2.0,0.5954,1.0,0.5955,8.0
1753617171001,11:52:51.001,blofin,ACE/USDT:USDT,0.5952,53.0,0.5951,2.0,0.5955,11.0,0.5957,396.0
1753617171580,11:52:51.580,blofin,ACE/USDT:USDT,0.5953,242.0,0.5952,644.0,0.5955,4.0,0.5959,3.0
1753617172094,11:52:52.094,blofin,ACE/USDT:USDT,0.5955,119.0,0.5951,1496.0,0.5961,102.0,0.5962,10.0
1753617172696,11:52:52.696,blofin,ACE/USDT:USDT,0.5955,53.0,0.5953,1802.0,0.5961,102.0,0.5962,10.0
1753617173358,11:52:53.358,blofin,ACE/USDT:USDT,0.5958,2.0,0.5957,36.0,0.5963,9.0,0.5964,3.0
1753617174002,11:52:54.002,blofin,ACE/USDT:USDT,0.5958,2.0,0.5957,36.0,0.5962,9.0,0.5963,2.0
1753617174521,11:52:54.521,blofin,ACE/USDT:USDT,0.5957,36.0,0.5955,321.0,0.5962,10.0,0.5963,2676.0
1753617175142,11:52:55.142,blofin,ACE/USDT:USDT,0.5957,36.0,0.5955,694.0,0.5962,2.0,0.5963,15.0
1753617175689,11:52:55.689,blofin,ACE/USDT:USDT,0.5957,38.0,0.5955,321.0,0.5962,625.0,0.5965,4119.0
1753617176058,11:52:56.058,blofin,ACE/USDT:USDT,0.5957,38.0,0.5955,321.0,0.5962,689.0,0.5963,6573.0
1753617177024,11:52:57.024,blofin,ACE/USDT:USDT,0.5957,2.0,0.5955,321.0,0.5962,20.0,0.5966,12056.0
1753617177162,11:52:57.162,blofin,ACE/USDT:USDT,0.5957,2.0,0.5955,321.0,0.5961,9.0,0.5962,5.0
1753617177526,11:52:57.526,blofin,ACE/USDT:USDT,0.5955,321.0,0.5954,191.0,0.5961,9.0,0.5962,5.0
1753617178019,11:52:58.019,blofin,ACE/USDT:USDT,0.5955,321.0,0.5954,196.0,0.5961,10.0,0.5962,5.0
1753617178527,11:52:58.527,blofin,ACE/USDT:USDT,0.5954,195.0,0.595,222.0,0.5961,1.0,0.5962,853.0
1753617179530,11:52:59.530,blofin,ACE/USDT:USDT,0.5954,210.0,0.595,1954.0,0.5961,1.0,0.5962,852.0
1753617180006,11:53:00.006,blofin,ACE/USDT:USDT,0.5954,195.0,0.5952,91.0,0.5961,1427.0,0.5962,3.0
1753617180532,11:53:00.532,blofin,ACE/USDT:USDT,0.5954,5.0,0.5951,191.0,0.5959,53.0,0.5961,4.0
1753617181007,11:53:01.007,blofin,ACE/USDT:USDT,0.5954,5.0,0.5951,15.0,0.5959,53.0,0.5961,4.0
1753617182008,11:53:02.008,blofin,ACE/USDT:USDT,0.5954,5.0,0.5951,30.0,0.5959,56.0,0.5961,2479.0
1753617182535,11:53:02.535,blofin,ACE/USDT:USDT,0.5954,5.0,0.5951,30.0,0.5959,61.0,0.5961,2476.0
1753617183042,11:53:03.042,blofin,ACE/USDT:USDT,0.5954,5.0,0.5951,32.0,0.5959,61.0,0.5961,2476.0
1753617184009,11:53:04.009,blofin,ACE/USDT:USDT,0.5958,189.0,0.5956,1141.0,0.5959,2.0,0.5961,1.0
1753617184545,11:53:04.545,blofin,ACE/USDT:USDT,0.5958,189.0,0.5956,1141.0,0.5961,1.0,0.5964,28.0
1753617185012,11:53:05.012,blofin,ACE/USDT:USDT,0.5958,189.0,0.5955,410.0,0.5961,1.0,0.5964,28.0
1753617186011,11:53:06.011,blofin,ACE/USDT:USDT,0.5958,197.0,0.5957,17.0,0.5961,1.0,0.5964,28.0
1753617186550,11:53:06.550,blofin,ACE/USDT:USDT,0.5958,197.0,0.5957,253.0,0.5961,1.0,0.5964,28.0
1753617187011,11:53:07.011,blofin,ACE/USDT:USDT,0.5958,197.0,0.5957,1302.0,0.5961,1.0,0.5964,28.0
1753617187552,11:53:07.552,blofin,ACE/USDT:USDT,0.5958,198.0,0.5957,1302.0,0.5961,1.0,0.5965,12.0
1753617188011,11:53:08.011,blofin,ACE/USDT:USDT,0.5958,198.0,0.5957,1066.0,0.5961,1.0,0.5965,13.0
1753617188556,11:53:08.556,blofin,ACE/USDT:USDT,0.5958,198.0,0.5957,1017.0,0.5961,1.0,0.5965,13.0
1753617189012,11:53:09.012,blofin,ACE/USDT:USDT,0.5958,198.0,0.5954,1213.0,0.5961,1.0,0.5965,13.0
1753617189558,11:53:09.558,blofin,ACE/USDT:USDT,0.5958,196.0,0.5954,1213.0,0.5961,1.0,0.5965,13.0
1753617190016,11:53:10.016,blofin,ACE/USDT:USDT,0.5958,196.0,0.5957,1406.0,0.5961,1.0,0.5965,13.0
1753617191015,11:53:11.015,blofin,ACE/USDT:USDT,0.5958,195.0,0.5956,954.0,0.5961,1.0,0.5965,12.0
1753617191559,11:53:11.559,blofin,ACE/USDT:USDT,0.5958,195.0,0.5956,954.0,0.5961,1.0,0.5965,16.0
1753617192017,11:53:12.017,blofin,ACE/USDT:USDT,0.5958,195.0,0.5954,45.0,0.5961,1.0,0.5965,16.0
1753617192560,11:53:12.560,blofin,ACE/USDT:USDT,0.5958,198.0,0.5954,5.0,0.5961,1.0,0.5965,16.0
1753617193016,11:53:13.016,blofin,ACE/USDT:USDT,0.5958,198.0,0.5954,5.0,0.5961,1.0,0.5965,12.0
1753617193562,11:53:13.562,blofin,ACE/USDT:USDT,0.5958,198.0,0.5957,130.0,0.5961,1.0,0.5965,16.0
1753617194564,11:53:14.564,blofin,ACE/USDT:USDT,0.5958,195.0,0.5957,1436.0,0.5961,1.0,0.5965,16.0
1753617195017,11:53:15.017,blofin,ACE/USDT:USDT,0.5958,195.0,0.5957,130.0,0.5961,1.0,0.5965,16.0
1753617195565,11:53:15.565,blofin,ACE/USDT:USDT,0.5958,195.0,0.5957,130.0,0.5961,1.0,0.5965,14.0
1753617196019,11:53:16.019,blofin,ACE/USDT:USDT,0.5958,195.0,0.5957,130.0,0.5961,1.0,0.5965,14.0
1753617197020,11:53:17.020,blofin,ACE/USDT:USDT,0.5958,195.0,0.5956,700.0,0.5961,1.0,0.5965,12.0
1753617197153,11:53:17.153,blofin,ACE/USDT:USDT,0.5959,189.0,0.5958,1229.0,0.5961,1.0,0.5965,14.0
1753617198022,11:53:18.022,blofin,ACE/USDT:USDT,0.5959,190.0,0.5958,1228.0,0.5961,1.0,0.5965,13.0
1753617198568,11:53:18.568,blofin,ACE/USDT:USDT,0.5959,194.0,0.5955,208.0,0.5961,1.0,0.5965,181.0
1753617199024,11:53:19.024,blofin,ACE/USDT:USDT,0.5959,194.0,0.5958,973.0,0.5961,1.0,0.5965,464.0
1753617199568,11:53:19.568,blofin,ACE/USDT:USDT,0.5959,190.0,0.5958,1180.0,0.5965,96.0,0.5967,197.0
1753617200195,11:53:20.195,blofin,ACE/USDT:USDT,0.5959,1.0,0.5954,5.0,0.5962,214.0,0.5965,2249.0
1753617200572,11:53:20.572,blofin,ACE/USDT:USDT,0.5959,1.0,0.5954,90.0,0.5961,29.0,0.5964,3272.0
1753617201297,11:53:21.297,blofin,ACE/USDT:USDT,0.5957,256.0,0.5954,10.0,0.5961,4.0,0.5962,315.0
1753617202074,11:53:22.074,blofin,ACE/USDT:USDT,0.596,305.0,0.5959,818.0,0.5965,20.0,0.5967,1313.0
1753617202575,11:53:22.575,blofin,ACE/USDT:USDT,0.596,309.0,0.5959,818.0,0.5965,20.0,0.5967,1313.0
1753617203077,11:53:23.077,blofin,ACE/USDT:USDT,0.596,308.0,0.5955,1338.0,0.5965,371.0,0.5967,197.0
1753617203577,11:53:23.577,blofin,ACE/USDT:USDT,0.596,308.0,0.5955,1338.0,0.5965,371.0,0.5967,197.0
1753617204077,11:53:24.077,blofin,ACE/USDT:USDT,0.596,310.0,0.5958,1142.0,0.5965,371.0,0.5967,5326.0
1753617205025,11:53:25.025,blofin,ACE/USDT:USDT,0.596,310.0,0.5957,492.0,0.5965,205.0,0.5967,197.0
1753617205580,11:53:25.580,blofin,ACE/USDT:USDT,0.596,309.0,0.5957,492.0,0.5965,205.0,0.5967,197.0
1753617206080,11:53:26.080,blofin,ACE/USDT:USDT,0.596,307.0,0.5957,585.0,0.5965,205.0,0.5967,197.0
1753617206582,11:53:26.582,blofin,ACE/USDT:USDT,0.596,306.0,0.5957,585.0,0.5965,205.0,0.5967,197.0
1753617207081,11:53:27.081,blofin,ACE/USDT:USDT,0.596,309.0,0.5956,181.0,0.5965,147.0,0.5967,197.0
1753617208040,11:53:28.040,blofin,ACE/USDT:USDT,0.596,313.0,0.5959,132.0,0.5965,151.0,0.5968,2685.0
1753617208585,11:53:28.585,blofin,ACE/USDT:USDT,0.596,311.0,0.5959,1344.0,0.5965,59.0,0.5966,4761.0
1753617209084,11:53:29.084,blofin,ACE/USDT:USDT,0.596,311.0,0.5959,195.0,0.5965,58.0,0.597,5493.0
1753617210587,11:53:30.587,blofin,ACE/USDT:USDT,0.596,311.0,0.5959,132.0,0.5965,55.0,0.5966,956.0
1753617211154,11:53:31.154,blofin,ACE/USDT:USDT,0.596,125.0,0.5959,132.0,0.5965,5.0,0.5969,273.0
1753617212089,11:53:32.089,blofin,ACE/USDT:USDT,0.5962,307.0,0.596,204.0,0.5965,5.0,0.5969,39.0
1753617213090,11:53:33.090,blofin,ACE/USDT:USDT,0.5962,307.0,0.596,84.0,0.5965,4.0,0.5969,269.0
1753617213590,11:53:33.590,blofin,ACE/USDT:USDT,0.5962,307.0,0.596,84.0,0.5965,4.0,0.5969,268.0
1753617214096,11:53:34.096,blofin,ACE/USDT:USDT,0.5962,307.0,0.596,84.0,0.5965,4.0,0.5969,267.0
1753617215092,11:53:35.092,blofin,ACE/USDT:USDT,0.5962,307.0,0.5961,843.0,0.5965,4.0,0.5969,435.0
1753617215594,11:53:35.594,blofin,ACE/USDT:USDT,0.5962,310.0,0.5961,843.0,0.5965,4.0,0.5969,435.0
1753617216095,11:53:36.095,blofin,ACE/USDT:USDT,0.5962,310.0,0.596,885.0,0.5965,4.0,0.5969,269.0
1753617216596,11:53:36.596,blofin,ACE/USDT:USDT,0.5962,310.0,0.596,804.0,0.5965,4.0,0.5969,269.0
1753617217096,11:53:37.096,blofin,ACE/USDT:USDT,0.5962,310.0,0.5961,1418.0,0.5965,4.0,0.5969,268.0
1753617218035,11:53:38.035,blofin,ACE/USDT:USDT,0.5962,307.0,0.5961,1418.0,0.5965,4.0,0.5969,266.0
1753617218603,11:53:38.603,blofin,ACE/USDT:USDT,0.5962,306.0,0.596,50.0,0.5965,4.0,0.5969,268.0
1753617219101,11:53:39.101,blofin,ACE/USDT:USDT,0.5962,306.0,0.5961,832.0,0.5965,4.0,0.5969,270.0
1753617219600,11:53:39.600,blofin,ACE/USDT:USDT,0.5962,306.0,0.5961,832.0,0.5965,4.0,0.5969,266.0
1753617220100,11:53:40.100,blofin,ACE/USDT:USDT,0.5962,306.0,0.596,1284.0,0.5965,4.0,0.5969,266.0
1753617220602,11:53:40.602,blofin,ACE/USDT:USDT,0.5962,306.0,0.596,1237.0,0.5965,4.0,0.5969,266.0
1753617221106,11:53:41.106,blofin,ACE/USDT:USDT,0.5962,306.0,0.596,3.0,0.5965,4.0,0.5969,592.0
1753617221604,11:53:41.604,blofin,ACE/USDT:USDT,0.5962,306.0,0.596,3.0,0.5965,4.0,0.5969,594.0
1753617222103,11:53:42.103,blofin,ACE/USDT:USDT,0.5962,306.0,0.596,3.0,0.5965,4.0,0.5969,701.0
1753617223038,11:53:43.038,blofin,ACE/USDT:USDT,0.5962,308.0,0.596,3.0,0.5965,4.0,0.5969,703.0
1753617223606,11:53:43.606,blofin,ACE/USDT:USDT,0.5962,308.0,0.596,3.0,0.5965,4.0,0.5969,871.0
1753617224105,11:53:44.105,blofin,ACE/USDT:USDT,0.5962,309.0,0.596,98.0,0.5965,4.0,0.5969,871.0
1753617225110,11:53:45.110,blofin,ACE/USDT:USDT,0.5962,309.0,0.596,3.0,0.5965,4.0,0.5969,867.0
1753617225613,11:53:45.613,blofin,ACE/USDT:USDT,0.5962,309.0,0.596,3.0,0.5965,4.0,0.5969,867.0
1753617226110,11:53:46.110,blofin,ACE/USDT:USDT,0.5962,310.0,0.596,3.0,0.5965,4.0,0.5969,867.0
1753617227112,11:53:47.112,blofin,ACE/USDT:USDT,0.5962,310.0,0.596,572.0,0.5965,4.0,0.5969,870.0
1753617227791,11:53:47.791,blofin,ACE/USDT:USDT,0.5965,205.0,0.5962,5.0,0.5969,2.0,0.597,733.0
1753617228113,11:53:48.113,blofin,ACE/USDT:USDT,0.5966,307.0,0.5962,950.0,0.597,733.0,0.5973,792.0
1753617228613,11:53:48.613,blofin,ACE/USDT:USDT,0.5966,307.0,0.5965,313.0,0.597,733.0,0.5973,792.0
1753617229115,11:53:49.115,blofin,ACE/USDT:USDT,0.5966,307.0,0.5965,313.0,0.597,733.0,0.5973,790.0
1753617230114,11:53:50.114,blofin,ACE/USDT:USDT,0.5966,307.0,0.5965,243.0,0.597,733.0,0.5973,768.0
1753617230616,11:53:50.616,blofin,ACE/USDT:USDT,0.5966,307.0,0.5965,243.0,0.597,733.0,0.5973,770.0
1753617231117,11:53:51.117,blofin,ACE/USDT:USDT,0.5966,307.0,0.5965,629.0,0.597,733.0,0.5973,759.0
1753617231618,11:53:51.618,blofin,ACE/USDT:USDT,0.5966,307.0,0.5965,629.0,0.597,733.0,0.5973,757.0
1753617232118,11:53:52.118,blofin,ACE/USDT:USDT,0.5966,310.0,0.5965,243.0,0.597,733.0,0.5973,1088.0
1753617232620,11:53:52.620,blofin,ACE/USDT:USDT,0.5966,310.0,0.5962,119.0,0.597,733.0,0.5973,1088.0
1753617233121,11:53:53.121,blofin,ACE/USDT:USDT,0.5966,308.0,0.5961,1124.0,0.597,733.0,0.5973,1659.0
1753617233620,11:53:53.620,blofin,ACE/USDT:USDT,0.5966,308.0,0.5961,1124.0,0.597,733.0,0.5973,1658.0
1753617234258,11:53:54.258,blofin,ACE/USDT:USDT,0.5965,123.0,0.5963,1183.0,0.5973,1022.0,0.5975,3747.0
1753617235123,11:53:55.123,blofin,ACE/USDT:USDT,0.5966,100.0,0.5965,4.0,0.5973,1187.0,0.5977,6768.0
1753617235626,11:53:55.626,blofin,ACE/USDT:USDT,0.5966,100.0,0.5965,4.0,0.5973,1187.0,0.5977,6750.0
1753617236126,11:53:56.126,blofin,ACE/USDT:USDT,0.5966,100.0,0.5965,1228.0,0.5973,1353.0,0.5974,4805.0
1753617236625,11:53:56.625,blofin,ACE/USDT:USDT,0.5966,103.0,0.5965,1224.0,0.5973,1353.0,0.5974,4805.0
1753617237126,11:53:57.126,blofin,ACE/USDT:USDT,0.5966,103.0,0.5961,1997.0,0.5973,1353.0,0.5977,5518.0
1753617237628,11:53:57.628,blofin,ACE/USDT:USDT,0.5966,105.0,0.5961,1997.0,0.5973,1353.0,0.5977,5518.0
1753617238129,11:53:58.129,blofin,ACE/USDT:USDT,0.5966,108.0,0.5965,1413.0,0.5973,405.0,0.5975,1053.0
1753617239632,11:53:59.632,blofin,ACE/USDT:USDT,0.5966,107.0,0.5965,1158.0,0.5973,643.0,0.5976,3712.0
1753617240309,11:54:00.309,blofin,ACE/USDT:USDT,0.5966,108.0,0.5965,998.0,0.5971,639.0,0.5973,4.0
1753617240634,11:54:00.634,blofin,ACE/USDT:USDT,0.5966,8.0,0.5964,119.0,0.5971,199.0,0.5973,4.0
1753617241136,11:54:01.136,blofin,ACE/USDT:USDT,0.5966,8.0,0.5964,100.0,0.5971,128.0,0.5973,4.0
1753617242140,11:54:02.140,blofin,ACE/USDT:USDT,0.5966,4.0,0.5964,119.0,0.5971,991.0,0.5973,4.0
1753617242639,11:54:02.639,blofin,ACE/USDT:USDT,0.5966,4.0,0.5964,120.0,0.5971,991.0,0.5973,4.0
1753617243139,11:54:03.139,blofin,ACE/USDT:USDT,0.5966,4.0,0.5964,105.0,0.5971,664.0,0.5973,2.0
1753617243639,11:54:03.639,blofin,ACE/USDT:USDT,0.5966,4.0,0.5964,102.0,0.5971,664.0,0.5973,2.0
1753617244141,11:54:04.141,blofin,ACE/USDT:USDT,0.5966,4.0,0.5964,102.0,0.5971,1399.0,0.5972,600.0
1753617245142,11:54:05.142,blofin,ACE/USDT:USDT,0.5966,4.0,0.5964,97.0,0.5971,838.0,0.5972,449.0
1753617245758,11:54:05.758,blofin,ACE/USDT:USDT,0.5966,4.0,0.5962,95.0,0.597,9.0,0.5971,5.0
1753617246337,11:54:06.337,blofin,ACE/USDT:USDT,0.5966,4.0,0.5963,110.0,0.5971,224.0,0.5973,2.0
1753617247647,11:54:07.647,blofin,ACE/USDT:USDT,0.5966,4.0,0.5963,114.0,0.5971,1133.0,0.5972,2916.0
1753617248274,11:54:08.274,blofin,ACE/USDT:USDT,0.5966,4.0,0.5961,541.0,0.5967,16.0,0.5969,5.0
1753617248648,11:54:08.648,blofin,ACE/USDT:USDT,0.5966,4.0,0.5961,541.0,0.5968,9.0,0.5969,5.0
1753617249149,11:54:09.149,blofin,ACE/USDT:USDT,0.5966,4.0,0.5961,541.0,0.5968,917.0,0.5969,5.0
1753617249653,11:54:09.653,blofin,ACE/USDT:USDT,0.5966,4.0,0.5961,541.0,0.5968,921.0,0.5973,3795.0
1753617250149,11:54:10.149,blofin,ACE/USDT:USDT,0.5966,4.0,0.5961,541.0,0.5968,1375.0,0.597,2452.0
1753617251156,11:54:11.156,blofin,ACE/USDT:USDT,0.5966,4.0,0.5961,541.0,0.5968,1375.0,0.5972,2010.0
1753617252156,11:54:12.156,blofin,ACE/USDT:USDT,0.5966,4.0,0.5961,636.0,0.5967,1537.0,0.5968,2491.0
1753617252653,11:54:12.653,blofin,ACE/USDT:USDT,0.5966,4.0,0.5961,636.0,0.5967,1537.0,0.5968,2491.0
1753617253155,11:54:13.155,blofin,ACE/USDT:USDT,0.5966,4.0,0.5961,638.0,0.5967,3.0,0.5968,774.0
1753617254064,11:54:14.064,blofin,ACE/USDT:USDT,0.5966,4.0,0.5961,638.0,0.5968,778.0,0.5969,1600.0
1753617254656,11:54:14.656,blofin,ACE/USDT:USDT,0.5966,4.0,0.5961,638.0,0.5968,776.0,0.5969,1600.0
1753617255157,11:54:15.157,blofin,ACE/USDT:USDT,0.5966,4.0,0.5961,638.0,0.5968,776.0,0.5972,2046.0
1753617255858,11:54:15.858,blofin,ACE/USDT:USDT,0.5966,4.0,0.5961,721.0,0.5968,2.0,0.5969,533.0
1753617256421,11:54:16.421,blofin,ACE/USDT:USDT,0.5966,4.0,0.5961,626.0,0.5968,12.0,0.597,30.0
1753617257064,11:54:17.064,blofin,ACE/USDT:USDT,0.5966,4.0,0.5961,721.0,0.5968,670.0,0.597,2266.0
1753617257660,11:54:17.660,blofin,ACE/USDT:USDT,0.5966,4.0,0.5961,638.0,0.5968,673.0,0.597,2266.0
1753617258163,11:54:18.163,blofin,ACE/USDT:USDT,0.5966,4.0,0.5961,639.0,0.5968,504.0,0.597,601.0
1753617259165,11:54:19.165,blofin,ACE/USDT:USDT,0.5966,4.0,0.5961,639.0,0.5968,507.0,0.5971,2500.0
1753617260067,11:54:20.067,blofin,ACE/USDT:USDT,0.5966,4.0,0.5961,637.0,0.5968,683.0,0.5972,4283.0
1753617260665,11:54:20.665,blofin,ACE/USDT:USDT,0.5966,4.0,0.5961,542.0,0.5968,682.0,0.5972,4650.0
1753617261166,11:54:21.166,blofin,ACE/USDT:USDT,0.5966,4.0,0.5961,542.0,0.5968,935.0,0.5969,123.0
1753617261678,11:54:21.678,blofin,ACE/USDT:USDT,0.5966,4.0,0.5961,541.0,0.5968,935.0,0.5969,123.0
1753617262167,11:54:22.167,blofin,ACE/USDT:USDT,0.5966,4.0,0.5961,541.0,0.5968,935.0,0.5972,508.0
1753617262668,11:54:22.668,blofin,ACE/USDT:USDT,0.5966,4.0,0.5961,541.0,0.5968,939.0,0.5972,508.0
1753617263448,11:54:23.448,blofin,ACE/USDT:USDT,0.5966,4.0,0.5963,1.0,0.5968,938.0,0.5969,3523.0
1753617263670,11:54:23.670,blofin,ACE/USDT:USDT,0.5966,4.0,0.5961,541.0,0.5968,938.0,0.5972,1104.0
1753617264170,11:54:24.170,blofin,ACE/USDT:USDT,0.5966,4.0,0.5961,541.0,0.5968,938.0,0.5972,1362.0
1753617264672,11:54:24.672,blofin,ACE/USDT:USDT,0.5966,4.0,0.5961,541.0,0.5968,936.0,0.5972,1362.0
1753617265174,11:54:25.174,blofin,ACE/USDT:USDT,0.5966,4.0,0.5961,541.0,0.5968,936.0,0.5972,3143.0
1753617266175,11:54:26.175,blofin,ACE/USDT:USDT,0.5966,4.0,0.5961,541.0,0.5968,938.0,0.5969,3630.0
1753617267071,11:54:27.071,blofin,ACE/USDT:USDT,0.5966,4.0,0.5961,541.0,0.5967,934.0,0.5968,4.0
1753617267677,11:54:27.677,blofin,ACE/USDT:USDT,0.5966,4.0,0.5961,541.0,0.5967,934.0,0.5968,4.0
1753617268177,11:54:28.177,blofin,ACE/USDT:USDT,0.5959,21.0,0.5958,421.0,0.5967,4.0,0.5968,935.0
1753617268681,11:54:28.681,blofin,ACE/USDT:USDT,0.5959,21.0,0.5958,421.0,0.5967,4.0,0.5968,936.0
1753617269180,11:54:29.180,blofin,ACE/USDT:USDT,0.5959,21.0,0.5956,122.0,0.5967,4.0,0.5968,936.0
1753617269682,11:54:29.682,blofin,ACE/USDT:USDT,0.5959,21.0,0.5956,122.0,0.5967,4.0,0.5968,935.0
1753617270427,11:54:30.427,blofin,ACE/USDT:USDT,0.5959,1.0,0.5958,205.0,0.5966,9.0,0.5967,2504.0
1753617271184,11:54:31.184,blofin,ACE/USDT:USDT,0.5959,96.0,0.5957,4.0,0.5966,136.0,0.5967,4.0
1753617271684,11:54:31.684,blofin,ACE/USDT:USDT,0.5959,100.0,0.5954,1812.0,0.5966,136.0,0.5967,4.0
1753617272186,11:54:32.186,blofin,ACE/USDT:USDT,0.5959,97.0,0.5957,460.0,0.5965,132.0,0.5966,2886.0
1753617272686,11:54:32.686,blofin,ACE/USDT:USDT,0.5959,97.0,0.5957,460.0,0.5965,134.0,0.5966,2882.0
1753617273187,11:54:33.187,blofin,ACE/USDT:USDT,0.5959,97.0,0.5958,2039.0,0.5965,3.0,0.5966,155.0
1753617273687,11:54:33.687,blofin,ACE/USDT:USDT,0.5959,97.0,0.5958,2039.0,0.5966,157.0,0.5967,4.0
1753617274187,11:54:34.187,blofin,ACE/USDT:USDT,0.5959,97.0,0.5956,756.0,0.5965,1381.0,0.5966,2.0
1753617275079,11:54:35.079,blofin,ACE/USDT:USDT,0.5959,97.0,0.5958,1577.0,0.5965,5.0,0.5966,1381.0
1753617275691,11:54:35.691,blofin,ACE/USDT:USDT,0.5959,97.0,0.5958,1577.0,0.5966,1386.0,0.5967,4.0
1753617276191,11:54:36.191,blofin,ACE/USDT:USDT,0.5959,97.0,0.5956,566.0,0.5966,1219.0,0.5967,4.0
1753617276692,11:54:36.692,blofin,ACE/USDT:USDT,0.5959,97.0,0.5956,566.0,0.5966,1218.0,0.5967,4.0
1753617277694,11:54:37.694,blofin,ACE/USDT:USDT,0.5959,100.0,0.5956,1929.0,0.5966,1384.0,0.5967,4.0
1753617278477,11:54:38.477,blofin,ACE/USDT:USDT,0.5959,4.0,0.5957,95.0,0.5964,9.0,0.5965,583.0
1753617279082,11:54:39.082,blofin,ACE/USDT:USDT,0.5959,4.0,0.5957,95.0,0.5964,1234.0,0.5967,4.0
1753617279695,11:54:39.695,blofin,ACE/USDT:USDT,0.5959,1.0,0.5957,98.0,0.5964,1233.0,0.5967,4.0
1753617280196,11:54:40.196,blofin,ACE/USDT:USDT,0.5959,1.0,0.5957,97.0,0.5964,1067.0,0.5967,439.0
1753617280697,11:54:40.697,blofin,ACE/USDT:USDT,0.5959,1.0,0.5957,97.0,0.5964,1070.0,0.5967,439.0
1753617281200,11:54:41.200,blofin,ACE/USDT:USDT,0.5959,1.0,0.5957,97.0,0.5964,257.0,0.5967,4.0
1753617282084,11:54:42.084,blofin,ACE/USDT:USDT,0.5959,1.0,0.5957,97.0,0.5964,509.0,0.5967,1020.0
1753617282556,11:54:42.556,blofin,ACE/USDT:USDT,0.5959,1.0,0.5957,2.0,0.5964,509.0,0.5965,722.0
1753617283202,11:54:43.202,blofin,ACE/USDT:USDT,0.5959,1.0,0.5955,121.0,0.5963,41.0,0.5967,4.0
1753617283705,11:54:43.705,blofin,ACE/USDT:USDT,0.5959,1.0,0.5955,123.0,0.5963,41.0,0.5967,4.0
1753617284204,11:54:44.204,blofin,ACE/USDT:USDT,0.5959,1.0,0.5955,138.0,0.5963,92.0,0.5965,1199.0
1753617284884,11:54:44.884,blofin,ACE/USDT:USDT,0.5959,1.0,0.5955,16.0,0.5962,92.0,0.5963,1964.0
1753617285346,11:54:45.346,blofin,ACE/USDT:USDT,0.5959,1.0,0.5955,1.0,0.5961,12.0,0.5962,1555.0
1753617286087,11:54:46.087,blofin,ACE/USDT:USDT,0.5959,1.0,0.5954,377.0,0.5961,411.0,0.5964,1099.0
1753617286710,11:54:46.710,blofin,ACE/USDT:USDT,0.5959,1.0,0.5954,377.0,0.5961,412.0,0.5964,1099.0
1753617287209,11:54:47.209,blofin,ACE/USDT:USDT,0.5959,1.0,0.5954,378.0,0.5961,911.0,0.5965,407.0
1753617288087,11:54:48.087,blofin,ACE/USDT:USDT,0.5959,1.0,0.5954,372.0,0.5961,911.0,0.5965,407.0
1753617288211,11:54:48.211,blofin,ACE/USDT:USDT,0.5959,1.0,0.5954,372.0,0.5961,1245.0,0.5965,483.0
1753617289213,11:54:49.213,blofin,ACE/USDT:USDT,0.5959,1.0,0.5954,370.0,0.5961,1562.0,0.5962,1679.0
1753617289713,11:54:49.713,blofin,ACE/USDT:USDT,0.5959,1.0,0.5954,371.0,0.5961,1562.0,0.5962,1679.0
1753617290375,11:54:50.375,blofin,ACE/USDT:USDT,0.5959,1.0,0.5955,95.0,0.5961,1230.0,0.5963,827.0
1753617290715,11:54:50.715,blofin,ACE/USDT:USDT,0.5959,1.0,0.5956,95.0,0.5962,58.0,0.5965,2863.0
1753617291220,11:54:51.220,blofin,ACE/USDT:USDT,0.5959,1.0,0.5956,95.0,0.5962,269.0,0.5964,2219.0
1753617292089,11:54:52.089,blofin,ACE/USDT:USDT,0.5959,1.0,0.5956,95.0,0.5962,270.0,0.5965,527.0
1753617292717,11:54:52.717,blofin,ACE/USDT:USDT,0.5959,1.0,0.5956,100.0,0.5962,270.0,0.5965,527.0
1753617293218,11:54:53.218,blofin,ACE/USDT:USDT,0.5959,1.0,0.5956,98.0,0.5962,267.0,0.5964,456.0
1753617293720,11:54:53.720,blofin,ACE/USDT:USDT,0.5959,1.0,0.5956,97.0,0.5962,267.0,0.5964,456.0
1753617294221,11:54:54.221,blofin,ACE/USDT:USDT,0.5959,1.0,0.5956,97.0,0.5962,630.0,0.5963,237.0
1753617295461,11:54:55.461,blofin,ACE/USDT:USDT,0.5959,1.0,0.5956,1.0,0.5961,629.0,0.5962,1.0
1753617296091,11:54:56.091,blofin,ACE/USDT:USDT,0.5959,1.0,0.5956,1.0,0.5961,196.0,0.5962,1.0
1753617296436,11:54:56.436,blofin,ACE/USDT:USDT,0.5959,1.0,0.5956,1.0,0.596,196.0,0.5961,554.0
1753617297225,11:54:57.225,blofin,ACE/USDT:USDT,0.5959,1.0,0.5954,392.0,0.596,2.0,0.5961,33.0
1753617297725,11:54:57.725,blofin,ACE/USDT:USDT,0.5959,1.0,0.5954,392.0,0.596,2.0,0.5961,33.0
1753617298226,11:54:58.226,blofin,ACE/USDT:USDT,0.5954,18.0,0.5952,460.0,0.5961,39.0,0.5963,821.0
1753617298727,11:54:58.727,blofin,ACE/USDT:USDT,0.5954,20.0,0.5952,460.0,0.5961,39.0,0.5963,821.0
1753617299229,11:54:59.229,blofin,ACE/USDT:USDT,0.5954,115.0,0.5952,460.0,0.5961,40.0,0.5963,2176.0
1753617300231,11:55:00.231,blofin,ACE/USDT:USDT,0.5954,115.0,0.5952,460.0,0.5961,128.0,0.5964,529.0
1753617301060,11:55:01.060,blofin,ACE/USDT:USDT,0.5954,5.0,0.5952,475.0,0.5958,3.0,0.5959,1962.0
1753617301730,11:55:01.730,blofin,ACE/USDT:USDT,0.5954,2.0,0.5953,17.0,0.5959,3.0,0.596,1070.0
1753617302234,11:55:02.234,blofin,ACE/USDT:USDT,0.5954,2.0,0.5953,85.0,0.5959,24.0,0.5961,1.0
1753617302706,11:55:02.706,blofin,ACE/USDT:USDT,0.5954,2.0,0.5953,2.0,0.5959,24.0,0.5961,1.0
1753617303233,11:55:03.233,blofin,ACE/USDT:USDT,0.5954,2.0,0.5952,550.0,0.5959,22.0,0.5961,1.0
1753617304096,11:55:04.096,blofin,ACE/USDT:USDT,0.5954,2.0,0.5952,565.0,0.5959,22.0,0.5961,1.0
1753617304235,11:55:04.235,blofin,ACE/USDT:USDT,0.5954,2.0,0.5952,565.0,0.5959,22.0,0.5961,1.0
1753617305237,11:55:05.237,blofin,ACE/USDT:USDT,0.5954,2.0,0.5952,460.0,0.5958,21.0,0.5959,3.0
1753617305737,11:55:05.737,blofin,ACE/USDT:USDT,0.5954,2.0,0.5952,460.0,0.5958,26.0,0.5961,1.0
1753617306238,11:55:06.238,blofin,ACE/USDT:USDT,0.5954,2.0,0.5952,460.0,0.5958,29.0,0.5961,1.0
1753617307101,11:55:07.101,blofin,ACE/USDT:USDT,0.5954,2.0,0.5952,460.0,0.5958,27.0,0.5961,292.0
1753617307240,11:55:07.240,blofin,ACE/USDT:USDT,0.5954,2.0,0.5952,460.0,0.5958,27.0,0.5961,292.0
1753617308242,11:55:08.242,blofin,ACE/USDT:USDT,0.5954,2.0,0.5952,460.0,0.5958,28.0,0.5961,868.0
1753617308742,11:55:08.742,blofin,ACE/USDT:USDT,0.5954,2.0,0.5952,460.0,0.5957,9.0,0.5958,4.0
1753617309242,11:55:09.242,blofin,ACE/USDT:USDT,0.5954,2.0,0.5952,460.0,0.5957,152.0,0.5958,2038.0
1753617309745,11:55:09.745,blofin,ACE/USDT:USDT,0.5954,2.0,0.5952,460.0,0.5958,154.0,0.5959,2028.0
1753617310243,11:55:10.243,blofin,ACE/USDT:USDT,0.5954,2.0,0.5952,460.0,0.5958,362.0,0.5961,4109.0
1753617310744,11:55:10.744,blofin,ACE/USDT:USDT,0.5954,2.0,0.5952,460.0,0.5958,362.0,0.5961,4109.0
1753617311244,11:55:11.244,blofin,ACE/USDT:USDT,0.5954,2.0,0.5952,460.0,0.5957,194.0,0.5958,2.0
1753617312105,11:55:12.105,blofin,ACE/USDT:USDT,0.5954,2.0,0.5952,460.0,0.5957,3.0,0.5958,360.0
1753617312244,11:55:12.244,blofin,ACE/USDT:USDT,0.5954,2.0,0.5952,460.0,0.5958,364.0,0.5961,1.0
1753617313245,11:55:13.245,blofin,ACE/USDT:USDT,0.5954,2.0,0.5952,460.0,0.5958,363.0,0.5961,1021.0
1753617313748,11:55:13.748,blofin,ACE/USDT:USDT,0.5954,2.0,0.5952,460.0,0.5958,363.0,0.5961,1021.0
1753617314248,11:55:14.248,blofin,ACE/USDT:USDT,0.5954,2.0,0.5952,460.0,0.5958,363.0,0.596,3349.0
1753617314748,11:55:14.748,blofin,ACE/USDT:USDT,0.5954,2.0,0.5952,460.0,0.5958,363.0,0.596,3349.0
1753617315249,11:55:15.249,blofin,ACE/USDT:USDT,0.5954,2.0,0.5952,460.0,0.5958,361.0,0.5961,1867.0
1753617316107,11:55:16.107,blofin,ACE/USDT:USDT,0.5954,2.0,0.5952,460.0,0.5958,361.0,0.5959,4015.0
1753617316751,11:55:16.751,blofin,ACE/USDT:USDT,0.5954,2.0,0.5952,460.0,0.5958,361.0,0.5959,4015.0
1753617317252,11:55:17.252,blofin,ACE/USDT:USDT,0.5954,2.0,0.5952,460.0,0.5958,526.0,0.596,5944.0
1753617317753,11:55:17.753,blofin,ACE/USDT:USDT,0.5954,2.0,0.5952,460.0,0.5958,526.0,0.596,5944.0
1753617318257,11:55:18.257,blofin,ACE/USDT:USDT,0.5954,2.0,0.5952,460.0,0.5958,468.0,0.5961,1.0
1753617319110,11:55:19.110,blofin,ACE/USDT:USDT,0.5954,2.0,0.5952,460.0,0.5958,471.0,0.596,2540.0
1753617319758,11:55:19.758,blofin,ACE/USDT:USDT,0.5954,2.0,0.5952,460.0,0.5956,69.0,0.5958,4.0
1753617320256,11:55:20.256,blofin,ACE/USDT:USDT,0.5954,2.0,0.5952,460.0,0.5956,137.0,0.5957,789.0
1753617320756,11:55:20.756,blofin,ACE/USDT:USDT,0.5954,2.0,0.5952,460.0,0.5955,1.0,0.5957,983.0
1753617321262,11:55:21.262,blofin,ACE/USDT:USDT,0.5954,2.0,0.5952,460.0,0.5955,1.0,0.5957,1850.0
1753617321761,11:55:21.761,blofin,ACE/USDT:USDT,0.5954,2.0,0.5952,460.0,0.5955,1.0,0.5957,1850.0
1753617322262,11:55:22.262,blofin,ACE/USDT:USDT,0.5954,2.0,0.5952,460.0,0.5955,28.0,0.5956,468.0
1753617322762,11:55:22.762,blofin,ACE/USDT:USDT,0.5954,2.0,0.5952,460.0,0.5955,31.0,0.5956,468.0
1753617323264,11:55:23.264,blofin,ACE/USDT:USDT,0.5954,2.0,0.5952,460.0,0.5955,31.0,0.5956,1417.0
1753617324112,11:55:24.112,blofin,ACE/USDT:USDT,0.5954,2.0,0.5952,460.0,0.5955,30.0,0.5959,2326.0
1753617324765,11:55:24.765,blofin,ACE/USDT:USDT,0.5954,2.0,0.5952,460.0,0.5956,30.0,0.5959,1359.0
1753617325265,11:55:25.265,blofin,ACE/USDT:USDT,0.5954,2.0,0.5952,460.0,0.5956,5.0,0.5959,694.0
1753617326113,11:55:26.113,blofin,ACE/USDT:USDT,0.5954,2.0,0.5952,460.0,0.5956,5.0,0.596,360.0
1753617326769,11:55:26.769,blofin,ACE/USDT:USDT,0.5954,2.0,0.5952,460.0,0.5956,2.0,0.596,360.0
1753617327269,11:55:27.269,blofin,ACE/USDT:USDT,0.5954,2.0,0.5952,460.0,0.5956,2.0,0.5959,24.0
1753617328271,11:55:28.271,blofin,ACE/USDT:USDT,0.595,624.0,0.5947,116.0,0.5956,7.0,0.5961,501.0
1753617329274,11:55:29.274,blofin,ACE/USDT:USDT,0.595,623.0,0.5948,853.0,0.5956,5.0,0.5959,1068.0
1753617329775,11:55:29.775,blofin,ACE/USDT:USDT,0.595,623.0,0.5948,853.0,0.5956,7.0,0.5959,1068.0
1753617330274,11:55:30.274,blofin,ACE/USDT:USDT,0.595,626.0,0.5947,116.0,0.5956,7.0,0.5957,1836.0
1753617330774,11:55:30.774,blofin,ACE/USDT:USDT,0.595,623.0,0.5947,116.0,0.5956,7.0,0.5957,1836.0
1753617331276,11:55:31.276,blofin,ACE/USDT:USDT,0.595,623.0,0.5947,116.0,0.5956,10.0,0.5961,2151.0
1753617332118,11:55:32.118,blofin,ACE/USDT:USDT,0.595,623.0,0.5948,1060.0,0.5956,9.0,0.596,2074.0
1753617332278,11:55:32.278,blofin,ACE/USDT:USDT,0.595,623.0,0.5948,1060.0,0.5956,7.0,0.596,2074.0
1753617332779,11:55:32.779,blofin,ACE/USDT:USDT,0.595,625.0,0.5948,1060.0,0.5956,7.0,0.596,2074.0
1753617333282,11:55:33.282,blofin,ACE/USDT:USDT,0.595,624.0,0.5949,1271.0,0.5956,7.0,0.596,2245.0
1753617333781,11:55:33.781,blofin,ACE/USDT:USDT,0.595,624.0,0.5949,1271.0,0.5956,6.0,0.596,2245.0
1753617334282,11:55:34.282,blofin,ACE/USDT:USDT,0.595,624.0,0.5946,298.0,0.5956,7.0,0.596,2171.0
1753617334781,11:55:34.781,blofin,ACE/USDT:USDT,0.595,624.0,0.5946,298.0,0.5956,7.0,0.596,2171.0
1753617335281,11:55:35.281,blofin,ACE/USDT:USDT,0.595,622.0,0.5945,2072.0,0.5956,7.0,0.596,413.0
1753617336121,11:55:36.121,blofin,ACE/USDT:USDT,0.595,622.0,0.5949,84.0,0.5956,7.0,0.596,988.0
1753617336788,11:55:36.788,blofin,ACE/USDT:USDT,0.595,620.0,0.5949,84.0,0.5956,7.0,0.596,988.0
1753617337286,11:55:37.286,blofin,ACE/USDT:USDT,0.595,620.0,0.5945,1332.0,0.5956,37.0,0.5961,3026.0
1753617337787,11:55:37.787,blofin,ACE/USDT:USDT,0.595,620.0,0.5945,1332.0,0.5956,36.0,0.5961,3026.0
1753617338288,11:55:38.288,blofin,ACE/USDT:USDT,0.595,624.0,0.5949,1744.0,0.5956,35.0,0.5958,3486.0
1753617339122,11:55:39.122,blofin,ACE/USDT:USDT,0.595,624.0,0.5947,904.0,0.5956,37.0,0.5958,4144.0
1753617339788,11:55:39.788,blofin,ACE/USDT:USDT,0.595,620.0,0.5947,904.0,0.5956,37.0,0.5958,4144.0
1753617340290,11:55:40.290,blofin,ACE/USDT:USDT,0.595,622.0,0.5949,129.0,0.5956,37.0,0.5957,2152.0
1753617341290,11:55:41.290,blofin,ACE/USDT:USDT,0.595,602.0,0.5949,1512.0,0.5956,37.0,0.5959,2442.0
1753617342125,11:55:42.125,blofin,ACE/USDT:USDT,0.595,602.0,0.5947,128.0,0.5956,37.0,0.5958,4095.0
1753617342791,11:55:42.791,blofin,ACE/USDT:USDT,0.595,604.0,0.5947,128.0,0.5956,37.0,0.5958,4095.0
1753617343292,11:55:43.292,blofin,ACE/USDT:USDT,0.595,601.0,0.5946,1005.0,0.5956,39.0,0.5961,4714.0
1753617343793,11:55:43.793,blofin,ACE/USDT:USDT,0.595,601.0,0.5946,1005.0,0.5956,39.0,0.5961,4714.0
1753617344294,11:55:44.294,blofin,ACE/USDT:USDT,0.595,602.0,0.5948,818.0,0.5956,39.0,0.596,598.0
1753617345127,11:55:45.127,blofin,ACE/USDT:USDT,0.5951,95.0,0.595,6.0,0.5956,9.0,0.5959,1330.0
1753617345797,11:55:45.797,blofin,ACE/USDT:USDT,0.5951,100.0,0.595,2.0,0.5956,6.0,0.5959,1330.0
1753617346297,11:55:46.297,blofin,ACE/USDT:USDT,0.5951,100.0,0.595,2.0,0.5956,650.0,0.596,410.0
1753617347128,11:55:47.128,blofin,ACE/USDT:USDT,0.5951,100.0,0.595,2.0,0.5956,649.0,0.5958,2278.0
1753617347802,11:55:47.802,blofin,ACE/USDT:USDT,0.5957,238.0,0.5952,1759.0,0.5963,121.0,0.5965,776.0
1753617348267,11:55:48.267,blofin,ACE/USDT:USDT,0.5958,142.0,0.5957,5.0,0.5965,845.0,0.5966,136.0
1753617349130,11:55:49.130,blofin,ACE/USDT:USDT,0.5958,142.0,0.5957,5.0,0.5965,999.0,0.5966,845.0
1753617349302,11:55:49.302,blofin,ACE/USDT:USDT,0.5958,147.0,0.5956,971.0,0.5965,999.0,0.5966,845.0
1753617350306,11:55:50.306,blofin,ACE/USDT:USDT,0.5959,142.0,0.5958,5.0,0.5965,999.0,0.5966,136.0
1753617350808,11:55:50.808,blofin,ACE/USDT:USDT,0.5959,147.0,0.5956,1288.0,0.5965,999.0,0.5966,136.0
1753617351307,11:55:51.307,blofin,ACE/USDT:USDT,0.5959,146.0,0.5956,356.0,0.5965,999.0,0.5966,136.0
1753617352134,11:55:52.134,blofin,ACE/USDT:USDT,0.5959,146.0,0.5957,1456.0,0.5965,998.0,0.5966,2532.0
1753617352309,11:55:52.309,blofin,ACE/USDT:USDT,0.5959,143.0,0.5957,1456.0,0.5965,998.0,0.5966,2532.0
1753617353309,11:55:53.309,blofin,ACE/USDT:USDT,0.5959,147.0,0.5958,757.0,0.5965,997.0,0.5966,136.0
1753617353811,11:55:53.811,blofin,ACE/USDT:USDT,0.5959,144.0,0.5958,757.0,0.5965,997.0,0.5966,136.0
1753617354313,11:55:54.313,blofin,ACE/USDT:USDT,0.5959,147.0,0.5957,982.0,0.5965,997.0,0.5966,136.0
1753617354816,11:55:54.816,blofin,ACE/USDT:USDT,0.5959,147.0,0.5957,982.0,0.5965,997.0,0.5966,136.0
1753617355315,11:55:55.315,blofin,ACE/USDT:USDT,0.5959,147.0,0.5958,192.0,0.5964,602.0,0.5965,10329.0
1753617356317,11:55:56.317,blofin,ACE/USDT:USDT,0.5959,147.0,0.5956,996.0,0.5965,879.0,0.5966,4231.0
1753617356860,11:55:56.860,blofin,ACE/USDT:USDT,0.595,32.0,0.5949,264.0,0.5958,101.0,0.5963,3639.0
1753617357318,11:55:57.318,blofin,ACE/USDT:USDT,0.595,32.0,0.5949,137.0,0.5957,17.0,0.5961,7843.0
1753617357823,11:55:57.823,blofin,ACE/USDT:USDT,0.595,32.0,0.5949,137.0,0.5957,19.0,0.5961,7843.0
1753617358320,11:55:58.320,blofin,ACE/USDT:USDT,0.5949,21.0,0.5948,162.0,0.5957,184.0,0.5959,3023.0
1753617359321,11:55:59.321,blofin,ACE/USDT:USDT,0.5949,25.0,0.5948,162.0,0.5957,173.0,0.596,450.0
1753617359820,11:55:59.820,blofin,ACE/USDT:USDT,0.5949,21.0,0.5948,162.0,0.5957,173.0,0.596,450.0
1753617360307,11:56:00.307,blofin,ACE/USDT:USDT,0.5949,6.0,0.5948,162.0,0.5952,9.0,0.5953,1628.0
1753617360822,11:56:00.822,blofin,ACE/USDT:USDT,0.5949,5.0,0.5948,162.0,0.5952,14.0,0.5953,1628.0
1753617361324,11:56:01.324,blofin,ACE/USDT:USDT,0.5949,5.0,0.5948,162.0,0.5952,47.0,0.5953,1433.0
1753617362325,11:56:02.325,blofin,ACE/USDT:USDT,0.5949,5.0,0.5947,114.0,0.5952,43.0,0.5954,1195.0
1753617362826,11:56:02.826,blofin,ACE/USDT:USDT,0.5949,5.0,0.5947,114.0,0.5952,43.0,0.5954,1195.0
1753617363326,11:56:03.326,blofin,ACE/USDT:USDT,0.5949,5.0,0.5946,115.0,0.5952,42.0,0.5957,339.0
1753617364141,11:56:04.141,blofin,ACE/USDT:USDT,0.5949,5.0,0.5946,115.0,0.5951,40.0,0.5952,4.0
1753617364329,11:56:04.329,blofin,ACE/USDT:USDT,0.5949,5.0,0.5946,115.0,0.5951,44.0,0.5953,70.0
1753617365329,11:56:05.329,blofin,ACE/USDT:USDT,0.5949,5.0,0.5946,117.0,0.5952,44.0,0.5953,1016.0
1753617365829,11:56:05.829,blofin,ACE/USDT:USDT,0.5949,5.0,0.5946,117.0,0.5952,41.0,0.5953,1016.0
1753617366330,11:56:06.330,blofin,ACE/USDT:USDT,0.5949,5.0,0.5946,117.0,0.5952,42.0,0.5957,165.0
1753617366837,11:56:06.837,blofin,ACE/USDT:USDT,0.5949,5.0,0.5946,115.0,0.5952,42.0,0.5957,165.0
1753617367331,11:56:07.331,blofin,ACE/USDT:USDT,0.5949,5.0,0.5946,115.0,0.5952,42.0,0.5957,143.0
1753617368146,11:56:08.146,blofin,ACE/USDT:USDT,0.5949,5.0,0.5946,114.0,0.5952,41.0,0.5957,143.0
1753617368832,11:56:08.832,blofin,ACE/USDT:USDT,0.5949,5.0,0.5946,99.0,0.5952,45.0,0.5955,1501.0
1753617369334,11:56:09.334,blofin,ACE/USDT:USDT,0.5949,5.0,0.5946,99.0,0.5952,47.0,0.5956,1040.0
1753617369835,11:56:09.835,blofin,ACE/USDT:USDT,0.5949,5.0,0.5946,99.0,0.5952,47.0,0.5956,1040.0
1753617370335,11:56:10.335,blofin,ACE/USDT:USDT,0.5949,5.0,0.5946,99.0,0.5952,43.0,0.5957,250.0
1753617370836,11:56:10.836,blofin,ACE/USDT:USDT,0.5949,5.0,0.5946,99.0,0.5952,44.0,0.5957,250.0
1753617371338,11:56:11.338,blofin,ACE/USDT:USDT,0.5949,5.0,0.5946,116.0,0.5952,44.0,0.5954,364.0
1753617372148,11:56:12.148,blofin,ACE/USDT:USDT,0.5949,5.0,0.5946,117.0,0.5952,44.0,0.5953,806.0
1753617372839,11:56:12.839,blofin,ACE/USDT:USDT,0.5949,5.0,0.5946,116.0,0.5952,44.0,0.5953,806.0
1753617373339,11:56:13.339,blofin,ACE/USDT:USDT,0.5949,5.0,0.5946,99.0,0.5952,46.0,0.5956,1547.0
1753617373839,11:56:13.839,blofin,ACE/USDT:USDT,0.5949,5.0,0.5946,99.0,0.5952,43.0,0.5956,1547.0
1753617374341,11:56:14.341,blofin,ACE/USDT:USDT,0.5949,5.0,0.5946,99.0,0.5952,43.0,0.5953,1245.0
1753617374842,11:56:14.842,blofin,ACE/USDT:USDT,0.5949,5.0,0.5946,99.0,0.5952,45.0,0.5953,1245.0
1753617375343,11:56:15.343,blofin,ACE/USDT:USDT,0.5949,5.0,0.5946,99.0,0.5952,45.0,0.5953,1342.0
1753617375845,11:56:15.845,blofin,ACE/USDT:USDT,0.5949,5.0,0.5946,99.0,0.5952,44.0,0.5953,1342.0
1753617376349,11:56:16.349,blofin,ACE/USDT:USDT,0.5949,5.0,0.5946,114.0,0.5952,44.0,0.5956,828.0
1753617377150,11:56:17.150,blofin,ACE/USDT:USDT,0.5949,5.0,0.5947,17.0,0.5952,2.0,0.5955,24.0
1753617377347,11:56:17.347,blofin,ACE/USDT:USDT,0.5949,5.0,0.5947,22.0,0.5952,2.0,0.5955,24.0
1753617377848,11:56:17.848,blofin,ACE/USDT:USDT,0.5949,5.0,0.5947,22.0,0.5955,26.0,0.5957,4.0
1753617378348,11:56:18.348,blofin,ACE/USDT:USDT,0.5949,5.0,0.5947,18.0,0.5955,11.0,0.5957,4.0
1753617378850,11:56:18.850,blofin,ACE/USDT:USDT,0.5949,5.0,0.5947,18.0,0.5955,14.0,0.5957,4.0
1753617379352,11:56:19.352,blofin,ACE/USDT:USDT,0.5949,5.0,0.5947,18.0,0.5955,3.0,0.5956,24.0
1753617379851,11:56:19.851,blofin,ACE/USDT:USDT,0.5949,5.0,0.5947,18.0,0.5955,3.0,0.5956,24.0
1753617380352,11:56:20.352,blofin,ACE/USDT:USDT,0.5949,5.0,0.5947,22.0,0.5955,3.0,0.5956,9.0
1753617380852,11:56:20.852,blofin,ACE/USDT:USDT,0.5949,5.0,0.5947,19.0,0.5955,3.0,0.5956,9.0
1753617381352,11:56:21.352,blofin,ACE/USDT:USDT,0.5949,5.0,0.5947,20.0,0.5954,28.0,0.5957,4.0
1753617382155,11:56:22.155,blofin,ACE/USDT:USDT,0.5949,5.0,0.5947,20.0,0.5954,1.0,0.5955,24.0
1753617383358,11:56:23.358,blofin,ACE/USDT:USDT,0.5949,5.0,0.5947,21.0,0.5956,119.0,0.5957,1401.0
1753617383858,11:56:23.858,blofin,ACE/USDT:USDT,0.5949,5.0,0.5947,21.0,0.5956,119.0,0.5957,1401.0
1753617384359,11:56:24.359,blofin,ACE/USDT:USDT,0.5949,5.0,0.5947,21.0,0.5955,24.0,0.5956,2158.0
1753617385157,11:56:25.157,blofin,ACE/USDT:USDT,0.5949,5.0,0.5947,23.0,0.5956,9.0,0.5957,7.0
1753617385862,11:56:25.862,blofin,ACE/USDT:USDT,0.5949,5.0,0.5947,22.0,0.5955,4.0,0.5957,4.0
1753617386363,11:56:26.363,blofin,ACE/USDT:USDT,0.5949,5.0,0.5947,5.0,0.5953,119.0,0.5955,1732.0
1753617386866,11:56:26.866,blofin,ACE/USDT:USDT,0.5949,5.0,0.5947,5.0,0.5953,119.0,0.5955,1732.0
1753617387366,11:56:27.366,blofin,ACE/USDT:USDT,0.5949,5.0,0.5945,90.0,0.5953,9.0,0.5955,3.0
1753617387864,11:56:27.864,blofin,ACE/USDT:USDT,0.5949,5.0,0.5945,90.0,0.5953,14.0,0.5957,323.0
1753617388366,11:56:28.366,blofin,ACE/USDT:USDT,0.5945,24.0,0.5944,311.0,0.5953,12.0,0.5958,2173.0
1753617389366,11:56:29.366,blofin,ACE/USDT:USDT,0.5945,22.0,0.5944,812.0,0.5953,12.0,0.5954,595.0
1753617389869,11:56:29.869,blofin,ACE/USDT:USDT,0.5945,22.0,0.5944,812.0,0.5953,13.0,0.5954,595.0
1753617390369,11:56:30.369,blofin,ACE/USDT:USDT,0.5945,22.0,0.5944,311.0,0.5953,13.0,0.5956,521.0
1753617391163,11:56:31.163,blofin,ACE/USDT:USDT,0.5945,22.0,0.5944,496.0,0.5953,186.0,0.5955,1194.0
1753617391377,11:56:31.377,blofin,ACE/USDT:USDT,0.5945,23.0,0.5944,496.0,0.5953,186.0,0.5955,1194.0
1753617392371,11:56:32.371,blofin,ACE/USDT:USDT,0.5945,24.0,0.5944,2724.0,0.5953,189.0,0.5956,680.0
1753617392871,11:56:32.871,blofin,ACE/USDT:USDT,0.5945,24.0,0.5944,2539.0,0.5953,189.0,0.5956,680.0
1753617393370,11:56:33.370,blofin,ACE/USDT:USDT,0.5945,23.0,0.5944,311.0,0.5953,26.0,0.5954,2540.0
1753617393959,11:56:33.959,blofin,ACE/USDT:USDT,0.5945,6.0,0.5944,311.0,0.595,5.0,0.5951,9.0
1753617394715,11:56:34.715,blofin,ACE/USDT:USDT,0.5945,6.0,0.5944,311.0,0.5949,9.0,0.595,5.0
1753617395169,11:56:35.169,blofin,ACE/USDT:USDT,0.5942,37.0,0.594,11.0,0.5947,119.0,0.5948,1346.0
1753617395877,11:56:35.877,blofin,ACE/USDT:USDT,0.5942,37.0,0.5941,8.0,0.5948,123.0,0.5953,1650.0
1753617396376,11:56:36.376,blofin,ACE/USDT:USDT,0.5942,37.0,0.5941,3.0,0.5948,123.0,0.5952,2673.0
1753617396881,11:56:36.881,blofin,ACE/USDT:USDT,0.5942,37.0,0.594,9.0,0.5948,123.0,0.5953,2102.0
1753617397380,11:56:37.380,blofin,ACE/USDT:USDT,0.5942,37.0,0.594,9.0,0.5947,119.0,0.5948,4.0
1753617398379,11:56:38.379,blofin,ACE/USDT:USDT,0.594,11.0,0.5939,455.0,0.5947,156.0,0.5952,2936.0
1753617398877,11:56:38.877,blofin,ACE/USDT:USDT,0.594,11.0,0.5939,455.0,0.5947,156.0,0.5952,2936.0
1753617399378,11:56:39.378,blofin,ACE/USDT:USDT,0.594,11.0,0.5939,455.0,0.5947,156.0,0.5952,2560.0
1753617399879,11:56:39.879,blofin,ACE/USDT:USDT,0.594,13.0,0.5939,455.0,0.5947,156.0,0.5952,2560.0
1753617400380,11:56:40.380,blofin,ACE/USDT:USDT,0.594,13.0,0.5939,455.0,0.5947,157.0,0.5951,2801.0
1753617401382,11:56:41.382,blofin,ACE/USDT:USDT,0.594,13.0,0.5939,526.0,0.5946,152.0,0.5947,5.0
1753617401884,11:56:41.884,blofin,ACE/USDT:USDT,0.594,13.0,0.5939,526.0,0.5946,152.0,0.5947,5.0
1753617402386,11:56:42.386,blofin,ACE/USDT:USDT,0.594,13.0,0.5939,455.0,0.5947,157.0,0.5951,4096.0
1753617402886,11:56:42.886,blofin,ACE/USDT:USDT,0.594,9.0,0.5939,455.0,0.5947,157.0,0.5951,4096.0
1753617403388,11:56:43.388,blofin,ACE/USDT:USDT,0.594,12.0,0.5939,455.0,0.5947,156.0,0.5949,1419.0
1753617404187,11:56:44.187,blofin,ACE/USDT:USDT,0.594,11.0,0.5939,455.0,0.5947,156.0,0.5952,2984.0
1753617404890,11:56:44.890,blofin,ACE/USDT:USDT,0.594,10.0,0.5939,455.0,0.5947,156.0,0.5952,2984.0
1753617405391,11:56:45.391,blofin,ACE/USDT:USDT,0.594,10.0,0.5939,455.0,0.5947,156.0,0.5952,2714.0
1753617405892,11:56:45.892,blofin,ACE/USDT:USDT,0.594,10.0,0.5939,455.0,0.5947,155.0,0.5952,2714.0
1753617406391,11:56:46.391,blofin,ACE/USDT:USDT,0.594,10.0,0.5939,1812.0,0.5947,155.0,0.5949,660.0
1753617407177,11:56:47.177,blofin,ACE/USDT:USDT,0.594,10.0,0.5939,455.0,0.5947,153.0,0.5949,735.0
1753617407896,11:56:47.896,blofin,ACE/USDT:USDT,0.594,10.0,0.5939,455.0,0.5947,153.0,0.5949,735.0
1753617408396,11:56:48.396,blofin,ACE/USDT:USDT,0.594,11.0,0.5939,455.0,0.5947,153.0,0.595,1288.0
1753617409181,11:56:49.181,blofin,ACE/USDT:USDT,0.594,11.0,0.5939,1317.0,0.5947,157.0,0.5952,2890.0
1753617409397,11:56:49.397,blofin,ACE/USDT:USDT,0.594,10.0,0.5939,1317.0,0.5947,157.0,0.5952,2890.0
1753617410185,11:56:50.185,blofin,ACE/USDT:USDT,0.594,13.0,0.5939,455.0,0.5947,157.0,0.5952,1241.0
1753617410899,11:56:50.899,blofin,ACE/USDT:USDT,0.594,9.0,0.5939,455.0,0.5947,157.0,0.5952,1241.0
1753617411400,11:56:51.400,blofin,ACE/USDT:USDT,0.594,13.0,0.5939,455.0,0.5947,157.0,0.595,2104.0
1753617411904,11:56:51.904,blofin,ACE/USDT:USDT,0.594,12.0,0.5939,455.0,0.5947,157.0,0.595,2104.0
1753617412402,11:56:52.402,blofin,ACE/USDT:USDT,0.594,9.0,0.5939,2979.0,0.5947,157.0,0.5952,681.0
1753617413654,11:56:53.654,blofin,ACE/USDT:USDT,0.594,9.0,0.5939,455.0,0.5946,174.0,0.5947,5.0
1753617414405,11:56:54.405,blofin,ACE/USDT:USDT,0.594,10.0,0.5939,455.0,0.5945,145.0,0.5947,5.0
1753617414906,11:56:54.906,blofin,ACE/USDT:USDT,0.594,11.0,0.5939,455.0,0.5945,145.0,0.5947,5.0
1753617415407,11:56:55.407,blofin,ACE/USDT:USDT,0.594,12.0,0.5939,455.0,0.5945,145.0,0.5947,5.0
1753617416186,11:56:56.186,blofin,ACE/USDT:USDT,0.594,12.0,0.5939,455.0,0.5945,148.0,0.5948,160.0
1753617416409,11:56:56.409,blofin,ACE/USDT:USDT,0.594,12.0,0.5939,566.0,0.5945,148.0,0.5948,160.0
1753617417187,11:56:57.187,blofin,ACE/USDT:USDT,0.594,12.0,0.5939,566.0,0.5945,148.0,0.5946,4222.0
1753617417911,11:56:57.911,blofin,ACE/USDT:USDT,0.594,12.0,0.5939,566.0,0.5945,149.0,0.5946,4222.0
1753617418412,11:56:58.412,blofin,ACE/USDT:USDT,0.5938,230.0,0.5937,161.0,0.5943,2.0,0.5945,9.0
1753617418914,11:56:58.914,blofin,ACE/USDT:USDT,0.5938,230.0,0.5937,165.0,0.5943,2.0,0.5945,9.0
1753617419413,11:56:59.413,blofin,ACE/USDT:USDT,0.5938,230.0,0.5937,165.0,0.5943,167.0,0.5944,1674.0
1753617420187,11:57:00.187,blofin,ACE/USDT:USDT,0.5938,230.0,0.5937,161.0,0.5943,167.0,0.5945,9.0
1753617420914,11:57:00.914,blofin,ACE/USDT:USDT,0.5938,230.0,0.5937,165.0,0.5943,167.0,0.5945,9.0
1753617421525,11:57:01.525,blofin,ACE/USDT:USDT,0.5938,230.0,0.5937,72.0,0.5945,514.0,0.5947,836.0
1753617421914,11:57:01.914,blofin,ACE/USDT:USDT,0.5938,230.0,0.5937,72.0,0.5945,4.0,0.5946,10.0
1753617422663,11:57:02.663,blofin,ACE/USDT:USDT,0.5938,230.0,0.5937,72.0,0.5945,72.0,0.5946,1.0
1753617423417,11:57:03.417,blofin,ACE/USDT:USDT,0.5938,230.0,0.5937,72.0,0.5945,4.0,0.5946,180.0
1753617423918,11:57:03.918,blofin,ACE/USDT:USDT,0.5938,230.0,0.5937,153.0,0.5945,13.0,0.5946,741.0
1753617424419,11:57:04.419,blofin,ACE/USDT:USDT,0.5938,230.0,0.5937,153.0,0.5945,4.0,0.5946,11.0
1753617425190,11:57:05.190,blofin,ACE/USDT:USDT,0.5938,230.0,0.5937,153.0,0.5945,4.0,0.5946,14.0
1753617425923,11:57:05.923,blofin,ACE/USDT:USDT,0.5938,230.0,0.5937,153.0,0.5945,4.0,0.5946,12.0
1753617426423,11:57:06.423,blofin,ACE/USDT:USDT,0.5938,230.0,0.5937,167.0,0.5945,4.0,0.5946,12.0
1753617426925,11:57:06.925,blofin,ACE/USDT:USDT,0.5938,230.0,0.5937,167.0,0.5945,278.0,0.5947,2366.0
1753617428193,11:57:08.193,blofin,ACE/USDT:USDT,0.5938,230.0,0.5937,168.0,0.5945,291.0,0.595,3471.0
1753617428925,11:57:08.925,blofin,ACE/USDT:USDT,0.5938,230.0,0.5937,149.0,0.5945,11.0,0.5948,3163.0
1753617429425,11:57:09.425,blofin,ACE/USDT:USDT,0.5938,230.0,0.5937,149.0,0.5945,15.0,0.5949,2682.0
1753617429927,11:57:09.927,blofin,ACE/USDT:USDT,0.5938,230.0,0.5937,149.0,0.5945,12.0,0.5949,2682.0
1753617430427,11:57:10.427,blofin,ACE/USDT:USDT,0.5938,230.0,0.5937,164.0,0.5945,8.0,0.5946,699.0
1753617431193,11:57:11.193,blofin,ACE/USDT:USDT,0.5938,230.0,0.5937,164.0,0.5945,11.0,0.5949,3141.0
1753617431429,11:57:11.429,blofin,ACE/USDT:USDT,0.5938,230.0,0.5937,167.0,0.5945,11.0,0.5949,3141.0
1753617432430,11:57:12.430,blofin,ACE/USDT:USDT,0.5938,230.0,0.5937,167.0,0.5945,11.0,0.595,2508.0
1753617433431,11:57:13.431,blofin,ACE/USDT:USDT,0.5938,230.0,0.5937,165.0,0.5945,8.0,0.5949,1188.0
1753617434195,11:57:14.195,blofin,ACE/USDT:USDT,0.5938,230.0,0.5937,165.0,0.5945,8.0,0.5948,1674.0
1753617435435,11:57:15.435,blofin,ACE/USDT:USDT,0.5938,230.0,0.5937,167.0,0.5945,11.0,0.5948,547.0
1753617435937,11:57:15.937,blofin,ACE/USDT:USDT,0.5938,230.0,0.5937,83.0,0.5943,132.0,0.5945,9.0
1753617437200,11:57:17.200,blofin,ACE/USDT:USDT,0.5938,230.0,0.5937,65.0,0.5943,136.0,0.5945,1788.0
1753617437937,11:57:17.937,blofin,ACE/USDT:USDT,0.5938,230.0,0.5937,65.0,0.5943,133.0,0.5945,1788.0
1753617438439,11:57:18.439,blofin,ACE/USDT:USDT,0.5938,230.0,0.5937,66.0,0.5943,6.0,0.5945,4.0
1753617439200,11:57:19.200,blofin,ACE/USDT:USDT,0.5938,230.0,0.5937,66.0,0.5943,6.0,0.5945,4.0
1753617439941,11:57:19.941,blofin,ACE/USDT:USDT,0.5938,230.0,0.5937,67.0,0.5943,7.0,0.5945,4.0
1753617440442,11:57:20.442,blofin,ACE/USDT:USDT,0.5938,230.0,0.5937,68.0,0.5943,7.0,0.5945,4.0
1753617441201,11:57:21.201,blofin,ACE/USDT:USDT,0.5938,230.0,0.5937,68.0,0.5943,7.0,0.5945,4.0
1753617441945,11:57:21.945,blofin,ACE/USDT:USDT,0.5938,230.0,0.5937,68.0,0.5943,7.0,0.5945,4.0
1753617442445,11:57:22.445,blofin,ACE/USDT:USDT,0.5939,17.0,0.5938,230.0,0.5943,2.0,0.5945,4.0
1753617443205,11:57:23.205,blofin,ACE/USDT:USDT,0.5939,18.0,0.5938,230.0,0.5945,4.0,0.5946,73.0
1753617443447,11:57:23.447,blofin,ACE/USDT:USDT,0.5939,60.0,0.5938,3485.0,0.5945,4.0,0.5946,2.0
1753617444204,11:57:24.204,blofin,ACE/USDT:USDT,0.5939,18.0,0.5938,230.0,0.5945,4.0,0.5947,9.0
1753617444949,11:57:24.949,blofin,ACE/USDT:USDT,0.5939,21.0,0.5938,230.0,0.5945,4.0,0.5947,10.0
1753617446207,11:57:26.207,blofin,ACE/USDT:USDT,0.5939,22.0,0.5938,1401.0,0.5945,136.0,0.5947,3.0
1753617447019,11:57:27.019,blofin,ACE/USDT:USDT,0.5939,5.0,0.5938,247.0,0.5944,132.0,0.5945,2506.0
1753617447449,11:57:27.449,blofin,ACE/USDT:USDT,0.5939,5.0,0.5938,290.0,0.5945,141.0,0.595,3595.0
1753617447956,11:57:27.956,blofin,ACE/USDT:USDT,0.5939,5.0,0.5938,290.0,0.5945,137.0,0.595,3595.0
1753617448452,11:57:28.452,blofin,ACE/USDT:USDT,0.5938,70.0,0.5937,681.0,0.5945,3.0,0.5947,137.0
1753617449208,11:57:29.208,blofin,ACE/USDT:USDT,0.5938,27.0,0.5935,72.0,0.5945,3.0,0.5946,6.0
1753617449955,11:57:29.955,blofin,ACE/USDT:USDT,0.5938,27.0,0.5935,72.0,0.5945,3.0,0.5946,7.0
1753617450457,11:57:30.457,blofin,ACE/USDT:USDT,0.5938,24.0,0.5935,72.0,0.5945,3.0,0.5946,7.0
1753617451210,11:57:31.210,blofin,ACE/USDT:USDT,0.5938,24.0,0.5935,72.0,0.5945,3.0,0.5946,7.0
1753617451455,11:57:31.455,blofin,ACE/USDT:USDT,0.5938,27.0,0.5935,72.0,0.5945,3.0,0.5946,7.0
1753617452213,11:57:32.213,blofin,ACE/USDT:USDT,0.5938,27.0,0.5936,40.0,0.5945,3.0,0.5946,7.0
1753617452959,11:57:32.959,blofin,ACE/USDT:USDT,0.5938,27.0,0.5934,2087.0,0.5945,3.0,0.5946,7.0
1753617453459,11:57:33.459,blofin,ACE/USDT:USDT,0.5938,26.0,0.5935,2163.0,0.5945,9.0,0.5946,4.0
1753617454213,11:57:34.213,blofin,ACE/USDT:USDT,0.5938,24.0,0.5935,24.0,0.5945,3.0,0.5946,10.0
1753617454460,11:57:34.460,blofin,ACE/USDT:USDT,0.5938,24.0,0.5935,24.0,0.5945,3.0,0.5946,10.0
1753617455461,11:57:35.461,blofin,ACE/USDT:USDT,0.5938,24.0,0.5935,1966.0,0.5945,3.0,0.5946,10.0
1753617456214,11:57:36.214,blofin,ACE/USDT:USDT,0.5938,24.0,0.5937,38.0,0.5945,3.0,0.5946,16.0
1753617456743,11:57:36.743,blofin,ACE/USDT:USDT,0.5938,25.0,0.5937,38.0,0.5945,15.0,0.5946,196.0
1753617457216,11:57:37.216,blofin,ACE/USDT:USDT,0.5938,25.0,0.5937,38.0,0.5945,135.0,0.5946,4.0
1753617457967,11:57:37.967,blofin,ACE/USDT:USDT,0.5938,24.0,0.5935,2129.0,0.5945,135.0,0.5946,4.0
1753617458468,11:57:38.468,blofin,ACE/USDT:USDT,0.5938,27.0,0.5936,435.0,0.5945,242.0,0.595,3326.0
1753617459221,11:57:39.221,blofin,ACE/USDT:USDT,0.5938,27.0,0.5936,470.0,0.5945,242.0,0.5948,1055.0
1753617459473,11:57:39.473,blofin,ACE/USDT:USDT,0.5938,27.0,0.5936,470.0,0.5945,242.0,0.5948,1055.0
1753617460469,11:57:40.469,blofin,ACE/USDT:USDT,0.5938,6.0,0.5936,17.0,0.5943,142.0,0.5945,6.0
1753617460970,11:57:40.970,blofin,ACE/USDT:USDT,0.5938,5.0,0.5936,456.0,0.5944,6.0,0.5945,6.0
1753617461472,11:57:41.472,blofin,ACE/USDT:USDT,0.5938,5.0,0.5936,502.0,0.5943,6.0,0.5945,951.0
1753617462170,11:57:42.170,blofin,ACE/USDT:USDT,0.5938,5.0,0.5936,1008.0,0.5945,12.0,0.5949,1598.0
1753617462974,11:57:42.974,blofin,ACE/USDT:USDT,0.5938,5.0,0.5937,1004.0,0.5945,14.0,0.5946,349.0
1753617463475,11:57:43.475,blofin,ACE/USDT:USDT,0.5938,5.0,0.5937,84.0,0.5945,10.0,0.5947,3307.0
1753617464221,11:57:44.221,blofin,ACE/USDT:USDT,0.5938,5.0,0.5937,95.0,0.5945,10.0,0.595,4478.0
1753617464477,11:57:44.477,blofin,ACE/USDT:USDT,0.5938,5.0,0.5937,95.0,0.5945,14.0,0.595,4478.0
1753617465479,11:57:45.479,blofin,ACE/USDT:USDT,0.5938,5.0,0.5937,97.0,0.5944,9.0,0.5945,2098.0
1753617465981,11:57:45.981,blofin,ACE/USDT:USDT,0.5938,5.0,0.5937,97.0,0.5944,3.0,0.5945,9.0
1753617466479,11:57:46.479,blofin,ACE/USDT:USDT,0.5938,5.0,0.5937,66.0,0.5945,13.0,0.5948,3405.0
1753617467225,11:57:47.225,blofin,ACE/USDT:USDT,0.5938,5.0,0.5937,66.0,0.5945,91.0,0.595,2620.0
1753617467747,11:57:47.747,blofin,ACE/USDT:USDT,0.5938,5.0,0.5937,5.0,0.5945,91.0,0.5949,2133.0
1753617468485,11:57:48.485,blofin,ACE/USDT:USDT,0.5938,5.0,0.5937,94.0,0.5944,135.0,0.5945,3.0
1753617469655,11:57:49.655,blofin,ACE/USDT:USDT,0.5938,5.0,0.5937,1.0,0.5944,147.0,0.5945,3295.0
1753617470227,11:57:50.227,blofin,ACE/USDT:USDT,0.5938,5.0,0.5937,81.0,0.5944,147.0,0.5945,3.0
1753617470545,11:57:50.545,blofin,ACE/USDT:USDT,0.5938,85.0,0.5937,1.0,0.5944,147.0,0.5945,3.0
1753617471226,11:57:51.226,blofin,ACE/USDT:USDT,0.5938,65.0,0.5937,1.0,0.5944,148.0,0.5945,3.0
1753617472068,11:57:52.068,blofin,ACE/USDT:USDT,0.5938,6.0,0.5937,60.0,0.5944,148.0,0.5945,3.0
1753617472488,11:57:52.488,blofin,ACE/USDT:USDT,0.5938,5.0,0.5937,96.0,0.5944,348.0,0.5945,3.0
1753617473229,11:57:53.229,blofin,ACE/USDT:USDT,0.5938,5.0,0.5937,96.0,0.5944,347.0,0.5945,3.0
1753617473989,11:57:53.989,blofin,ACE/USDT:USDT,0.5938,5.0,0.5937,96.0,0.5944,351.0,0.5945,3.0
1753617474490,11:57:54.490,blofin,ACE/USDT:USDT,0.5938,5.0,0.5937,83.0,0.5944,351.0,0.5945,625.0
1753617474993,11:57:54.993,blofin,ACE/USDT:USDT,0.5938,5.0,0.5937,83.0,0.5944,351.0,0.5945,625.0
1753617475491,11:57:55.491,blofin,ACE/USDT:USDT,0.5938,5.0,0.5937,83.0,0.5944,347.0,0.5945,4014.0
1753617476233,11:57:56.233,blofin,ACE/USDT:USDT,0.5938,5.0,0.5937,5.0,0.5944,348.0,0.5945,2105.0
1753617476493,11:57:56.493,blofin,ACE/USDT:USDT,0.5938,5.0,0.5936,160.0,0.5944,348.0,0.5945,2105.0
1753617477234,11:57:57.234,blofin,ACE/USDT:USDT,0.5938,5.0,0.5936,176.0,0.5944,348.0,0.5945,3.0
1753617477995,11:57:57.995,blofin,ACE/USDT:USDT,0.5938,5.0,0.5936,177.0,0.5944,348.0,0.5945,3.0
1753617478498,11:57:58.498,blofin,ACE/USDT:USDT,0.5936,180.0,0.5933,474.0,0.5944,352.0,0.5945,380.0
1753617478997,11:57:58.997,blofin,ACE/USDT:USDT,0.5936,180.0,0.5933,474.0,0.5944,355.0,0.5945,380.0
1753617479501,11:57:59.501,blofin,ACE/USDT:USDT,0.5936,165.0,0.5934,3783.0,0.5944,355.0,0.5946,117.0
1753617480297,11:58:00.297,blofin,ACE/USDT:USDT,0.5939,156.0,0.5938,2174.0,0.5944,352.0,0.5945,2389.0
1753617480498,11:58:00.498,blofin,ACE/USDT:USDT,0.5939,158.0,0.5938,2174.0,0.5944,352.0,0.5945,2389.0
1753617481499,11:58:01.499,blofin,ACE/USDT:USDT,0.5939,3.0,0.5937,1730.0,0.5944,355.0,0.5949,3840.0
1753617482000,11:58:02.000,blofin,ACE/USDT:USDT,0.5939,3.0,0.5937,1730.0,0.5944,355.0,0.5949,3840.0
1753617482501,11:58:02.501,blofin,ACE/USDT:USDT,0.5939,3.0,0.5936,2.0,0.5944,355.0,0.5946,1217.0
1753617483246,11:58:03.246,blofin,ACE/USDT:USDT,0.5939,5.0,0.5936,2.0,0.5944,356.0,0.5946,1217.0
1753617484007,11:58:04.007,blofin,ACE/USDT:USDT,0.5939,5.0,0.5937,1908.0,0.5944,370.0,0.5947,43.0
1753617484506,11:58:04.506,blofin,ACE/USDT:USDT,0.5939,5.0,0.5936,2.0,0.5944,373.0,0.5948,2024.0
1753617485508,11:58:05.508,blofin,ACE/USDT:USDT,0.5939,6.0,0.5936,2.0,0.5944,373.0,0.5947,791.0
1753617486238,11:58:06.238,blofin,ACE/USDT:USDT,0.5939,6.0,0.5938,866.0,0.5944,373.0,0.5946,2820.0
1753617486509,11:58:06.509,blofin,ACE/USDT:USDT,0.5939,6.0,0.5938,866.0,0.5944,370.0,0.5946,2820.0
1753617487239,11:58:07.239,blofin,ACE/USDT:USDT,0.5939,4.0,0.5937,2207.0,0.5944,370.0,0.5945,493.0
1753617487513,11:58:07.513,blofin,ACE/USDT:USDT,0.5939,4.0,0.5937,2207.0,0.5944,370.0,0.5945,493.0
1753617488514,11:58:08.514,blofin,ACE/USDT:USDT,0.5939,7.0,0.5938,1608.0,0.5944,370.0,0.5948,20.0
1753617489013,11:58:09.013,blofin,ACE/USDT:USDT,0.5939,7.0,0.5938,1608.0,0.5944,371.0,0.5948,20.0
1753617489515,11:58:09.515,blofin,ACE/USDT:USDT,0.5939,4.0,0.5937,1892.0,0.5944,371.0,0.5946,810.0
1753617490242,11:58:10.242,blofin,ACE/USDT:USDT,0.5939,4.0,0.5937,233.0,0.5943,231.0,0.5944,1843.0
1753617490518,11:58:10.518,blofin,ACE/USDT:USDT,0.5939,4.0,0.5937,332.0,0.5943,231.0,0.5944,1843.0
1753617491245,11:58:11.245,blofin,ACE/USDT:USDT,0.5939,4.0,0.5937,99.0,0.5944,241.0,0.5948,1558.0
1753617492521,11:58:12.521,blofin,ACE/USDT:USDT,0.5939,3.0,0.5938,264.0,0.5944,241.0,0.5949,1946.0
1753617493021,11:58:13.021,blofin,ACE/USDT:USDT,0.5939,3.0,0.5938,311.0,0.5944,241.0,0.5949,1946.0
1753617493523,11:58:13.523,blofin,ACE/USDT:USDT,0.5939,5.0,0.5937,792.0,0.5944,240.0,0.5947,2133.0
1753617494244,11:58:14.244,blofin,ACE/USDT:USDT,0.5939,5.0,0.5936,715.0,0.5943,231.0,0.5944,9.0
1753617495244,11:58:15.244,blofin,ACE/USDT:USDT,0.5939,5.0,0.5936,2.0,0.5943,137.0,0.5944,5531.0
1753617496026,11:58:16.026,blofin,ACE/USDT:USDT,0.5939,5.0,0.5936,2.0,0.5943,134.0,0.5944,5531.0
1753617496527,11:58:16.527,blofin,ACE/USDT:USDT,0.5939,5.0,0.5936,968.0,0.5943,262.0,0.5944,5.0
1753617497028,11:58:17.028,blofin,ACE/USDT:USDT,0.5939,5.0,0.5936,1192.0,0.5943,262.0,0.5944,5.0
1753617497529,11:58:17.529,blofin,ACE/USDT:USDT,0.5939,4.0,0.5936,226.0,0.5943,262.0,0.5944,5.0
1753617498247,11:58:18.247,blofin,ACE/USDT:USDT,0.5936,162.0,0.5935,721.0,0.5942,295.0,0.5943,1045.0
1753617499031,11:58:19.031,blofin,ACE/USDT:USDT,0.5936,161.0,0.5934,616.0,0.5942,137.0,0.5943,2088.0
1753617499532,11:58:19.532,blofin,ACE/USDT:USDT,0.5936,161.0,0.5933,470.0,0.5942,134.0,0.5944,3509.0
1753617500249,11:58:20.249,blofin,ACE/USDT:USDT,0.5936,162.0,0.5934,1581.0,0.5942,376.0,0.5944,5176.0
1753617500532,11:58:20.532,blofin,ACE/USDT:USDT,0.5936,162.0,0.5934,1581.0,0.5942,379.0,0.5944,5176.0
1753617501536,11:58:21.536,blofin,ACE/USDT:USDT,0.5936,162.0,0.5933,280.0,0.5942,792.0,0.5944,5.0
1753617502037,11:58:22.037,blofin,ACE/USDT:USDT,0.5936,163.0,0.5933,280.0,0.5942,792.0,0.5944,5.0
1753617502536,11:58:22.536,blofin,ACE/USDT:USDT,0.5936,163.0,0.5934,775.0,0.5942,691.0,0.5944,5.0
1753617503250,11:58:23.250,blofin,ACE/USDT:USDT,0.5936,160.0,0.5934,775.0,0.5942,690.0,0.5944,5.0
1753617503538,11:58:23.538,blofin,ACE/USDT:USDT,0.5936,160.0,0.5933,771.0,0.5941,457.0,0.5943,6048.0
1753617504540,11:58:24.540,blofin,ACE/USDT:USDT,0.5936,162.0,0.5933,280.0,0.5941,524.0,0.5942,2575.0
1753617505040,11:58:25.040,blofin,ACE/USDT:USDT,0.5936,163.0,0.5933,280.0,0.5941,524.0,0.5942,2575.0
1753617505587,11:58:25.587,blofin,ACE/USDT:USDT,0.5936,163.0,0.5934,578.0,0.5941,524.0,0.5944,5.0
1753617506251,11:58:26.251,blofin,ACE/USDT:USDT,0.5936,163.0,0.5933,280.0,0.5941,542.0,0.5944,5.0
1753617506541,11:58:26.541,blofin,ACE/USDT:USDT,0.5936,163.0,0.5933,280.0,0.5941,539.0,0.5944,5.0
1753617507542,11:58:27.542,blofin,ACE/USDT:USDT,0.5936,163.0,0.5933,658.0,0.5941,739.0,0.5944,5.0
1753617508045,11:58:28.045,blofin,ACE/USDT:USDT,0.5936,163.0,0.5934,222.0,0.5941,739.0,0.5944,5.0
1753617508549,11:58:28.549,blofin,ACE/USDT:USDT,0.5936,163.0,0.5934,1080.0,0.5941,879.0,0.5946,2377.0
1753617509252,11:58:29.252,blofin,ACE/USDT:USDT,0.5936,163.0,0.5935,170.0,0.5941,810.0,0.5942,5151.0
1753617510047,11:58:30.047,blofin,ACE/USDT:USDT,0.5936,163.0,0.5935,170.0,0.5941,809.0,0.5942,5151.0
1753617510546,11:58:30.546,blofin,ACE/USDT:USDT,0.5936,163.0,0.5934,255.0,0.5941,777.0,0.5942,6092.0
1753617511255,11:58:31.255,blofin,ACE/USDT:USDT,0.5936,163.0,0.5934,365.0,0.5941,641.0,0.5943,1855.0
1753617511548,11:58:31.548,blofin,ACE/USDT:USDT,0.5936,161.0,0.5934,365.0,0.5941,641.0,0.5943,1855.0
1753617512551,11:58:32.551,blofin,ACE/USDT:USDT,0.5938,156.0,0.5937,290.0,0.5941,4.0,0.5942,18.0
1753617513257,11:58:33.257,blofin,ACE/USDT:USDT,0.5936,22.0,0.5932,3099.0,0.5941,2.0,0.5944,221.0
1753617513550,11:58:33.550,blofin,ACE/USDT:USDT,0.5936,178.0,0.5932,599.0,0.5941,2.0,0.5944,220.0
1753617515050,11:58:35.050,blofin,ACE/USDT:USDT,0.5936,178.0,0.5935,1006.0,0.5941,2.0,0.5942,456.0
1753617515552,11:58:35.552,blofin,ACE/USDT:USDT,0.5928,48.0,0.5927,1440.0,0.593,243.0,0.5935,816.0
1753617516261,11:58:36.261,blofin,ACE/USDT:USDT,0.5928,48.0,0.5927,1443.0,0.5931,50.0,0.5936,307.0
1753617516554,11:58:36.554,blofin,ACE/USDT:USDT,0.5928,48.0,0.5927,1443.0,0.5931,55.0,0.5936,307.0
1753617517556,11:58:37.556,blofin,ACE/USDT:USDT,0.5928,129.0,0.5927,1376.0,0.5937,290.0,0.5939,29.0
1753617518165,11:58:38.165,blofin,ACE/USDT:USDT,0.5928,130.0,0.5927,1373.0,0.5936,21.0,0.5937,3.0
1753617518557,11:58:38.557,blofin,ACE/USDT:USDT,0.5928,83.0,0.5927,466.0,0.5936,8.0,0.5939,139.0
1753617519264,11:58:39.264,blofin,ACE/USDT:USDT,0.5929,88.0,0.5928,2075.0,0.5936,2.0,0.5937,6.0
1753617519815,11:58:39.815,blofin,ACE/USDT:USDT,0.5933,87.0,0.5929,153.0,0.5937,1.0,0.5938,86.0
1753617520264,11:58:40.264,blofin,ACE/USDT:USDT,0.5933,39.0,0.5932,1881.0,0.5939,189.0,0.594,4.0
1753617521061,11:58:41.061,blofin,ACE/USDT:USDT,0.5933,44.0,0.5932,1881.0,0.5939,193.0,0.5941,1292.0
1753617521564,11:58:41.564,blofin,ACE/USDT:USDT,0.5933,44.0,0.5931,103.0,0.5939,192.0,0.5941,3573.0
1753617522062,11:58:42.062,blofin,ACE/USDT:USDT,0.5933,44.0,0.5931,103.0,0.5939,190.0,0.5941,3573.0
1753617522565,11:58:42.565,blofin,ACE/USDT:USDT,0.5933,43.0,0.5931,1263.0,0.5939,790.0,0.5941,1962.0
1753617523266,11:58:43.266,blofin,ACE/USDT:USDT,0.5933,40.0,0.5931,1263.0,0.5939,794.0,0.5941,1962.0
1753617523566,11:58:43.566,blofin,ACE/USDT:USDT,0.5933,40.0,0.5928,798.0,0.5939,794.0,0.5941,2.0
1753617524271,11:58:44.271,blofin,ACE/USDT:USDT,0.5933,40.0,0.5928,1271.0,0.5938,789.0,0.5939,1.0
1753617525069,11:58:45.069,blofin,ACE/USDT:USDT,0.5933,40.0,0.5929,85.0,0.5938,793.0,0.5941,2.0
1753617525573,11:58:45.573,blofin,ACE/USDT:USDT,0.5933,40.0,0.5929,1512.0,0.5939,790.0,0.5941,2.0
1753617526071,11:58:46.071,blofin,ACE/USDT:USDT,0.5933,40.0,0.5929,1512.0,0.5939,791.0,0.5941,2.0
1753617526571,11:58:46.571,blofin,ACE/USDT:USDT,0.5933,42.0,0.5932,681.0,0.5939,791.0,0.5941,2.0
1753617527271,11:58:47.271,blofin,ACE/USDT:USDT,0.5933,42.0,0.593,893.0,0.5939,794.0,0.5941,2.0
1753617527757,11:58:47.757,blofin,ACE/USDT:USDT,0.5933,43.0,0.5929,85.0,0.5938,1294.0,0.5939,5.0
1753617528272,11:58:48.272,blofin,ACE/USDT:USDT,0.5933,40.0,0.5928,355.0,0.5938,1297.0,0.594,1483.0
1753617529075,11:58:49.075,blofin,ACE/USDT:USDT,0.5933,40.0,0.5932,1097.0,0.594,602.0,0.5941,2.0
1753617529576,11:58:49.576,blofin,ACE/USDT:USDT,0.5933,40.0,0.5928,1455.0,0.5939,477.0,0.594,2.0
1753617530078,11:58:50.078,blofin,ACE/USDT:USDT,0.5933,43.0,0.5928,1455.0,0.5939,477.0,0.594,2.0
1753617530578,11:58:50.578,blofin,ACE/USDT:USDT,0.5933,42.0,0.5932,442.0,0.5939,477.0,0.594,2.0
1753617531277,11:58:51.277,blofin,ACE/USDT:USDT,0.5933,42.0,0.5931,543.0,0.5939,480.0,0.594,1471.0
1753617531577,11:58:51.577,blofin,ACE/USDT:USDT,0.5933,41.0,0.5931,543.0,0.5939,480.0,0.594,1471.0
1753617532280,11:58:52.280,blofin,ACE/USDT:USDT,0.5933,41.0,0.5932,29.0,0.5939,479.0,0.5941,2.0
1753617532586,11:58:52.586,blofin,ACE/USDT:USDT,0.5933,41.0,0.5932,29.0,0.5939,482.0,0.5941,2.0
1753617533582,11:58:53.582,blofin,ACE/USDT:USDT,0.5933,40.0,0.5932,45.0,0.5939,508.0,0.594,993.0
1753617534084,11:58:54.084,blofin,ACE/USDT:USDT,0.5933,43.0,0.5932,45.0,0.5939,508.0,0.594,993.0
1753617534585,11:58:54.585,blofin,ACE/USDT:USDT,0.5933,41.0,0.593,80.0,0.5938,506.0,0.5939,2.0
1753617535278,11:58:55.278,blofin,ACE/USDT:USDT,0.5933,41.0,0.5932,574.0,0.5938,3.0,0.5939,506.0
1753617536278,11:58:56.278,blofin,ACE/USDT:USDT,0.5933,41.0,0.593,1584.0,0.5939,511.0,0.5941,2.0
1753617537089,11:58:57.089,blofin,ACE/USDT:USDT,0.5933,41.0,0.593,1584.0,0.5939,508.0,0.5941,2.0
1753617537279,11:58:57.279,blofin,ACE/USDT:USDT,0.5933,41.0,0.593,80.0,0.5939,508.0,0.5941,1663.0
1753617537586,11:58:57.586,blofin,ACE/USDT:USDT,0.5933,40.0,0.593,80.0,0.5939,508.0,0.5941,1663.0
1753617538589,11:58:58.589,blofin,ACE/USDT:USDT,0.5933,45.0,0.5931,36.0,0.5939,510.0,0.5943,116.0
1753617539282,11:58:59.282,blofin,ACE/USDT:USDT,0.5933,45.0,0.5931,2114.0,0.5939,510.0,0.5943,116.0
1753617539590,11:58:59.590,blofin,ACE/USDT:USDT,0.5933,42.0,0.5931,2114.0,0.5939,510.0,0.5943,116.0
1753617540591,11:59:00.591,blofin,ACE/USDT:USDT,0.5933,42.0,0.5932,252.0,0.5939,510.0,0.5943,1617.0
1753617541284,11:59:01.284,blofin,ACE/USDT:USDT,0.5933,42.0,0.5931,1338.0,0.5939,512.0,0.5941,2015.0
1753617542287,11:59:02.287,blofin,ACE/USDT:USDT,0.5933,42.0,0.593,1810.0,0.5939,515.0,0.594,543.0
1753617542595,11:59:02.595,blofin,ACE/USDT:USDT,0.5933,42.0,0.593,1810.0,0.5939,515.0,0.594,543.0
1753617543596,11:59:03.596,blofin,ACE/USDT:USDT,0.5933,42.0,0.593,341.0,0.5939,515.0,0.5942,2383.0
1753617544099,11:59:04.099,blofin,ACE/USDT:USDT,0.5933,42.0,0.593,341.0,0.5939,512.0,0.5942,2383.0
1753617544600,11:59:04.600,blofin,ACE/USDT:USDT,0.5933,41.0,0.593,341.0,0.5939,515.0,0.594,190.0
1753617545286,11:59:05.286,blofin,ACE/USDT:USDT,0.5933,41.0,0.593,341.0,0.5938,511.0,0.5939,4.0
1753617545600,11:59:05.600,blofin,ACE/USDT:USDT,0.5933,41.0,0.5931,38.0,0.5938,511.0,0.5939,4.0
1753617546289,11:59:06.289,blofin,ACE/USDT:USDT,0.5933,41.0,0.5932,2135.0,0.5938,4.0,0.5939,513.0
1753617547100,11:59:07.100,blofin,ACE/USDT:USDT,0.5933,42.0,0.5932,2135.0,0.5939,516.0,0.5943,116.0
1753617547601,11:59:07.601,blofin,ACE/USDT:USDT,0.5933,44.0,0.5931,38.0,0.5939,516.0,0.5942,568.0
1753617548603,11:59:08.603,blofin,ACE/USDT:USDT,0.5933,41.0,0.5932,943.0,0.5939,516.0,0.5943,1705.0
1753617549294,11:59:09.294,blofin,ACE/USDT:USDT,0.5933,41.0,0.5932,162.0,0.5939,516.0,0.5943,116.0
1753617549604,11:59:09.604,blofin,ACE/USDT:USDT,0.5933,41.0,0.5932,162.0,0.5939,515.0,0.5943,116.0
1753617550290,11:59:10.290,blofin,ACE/USDT:USDT,0.5933,41.0,0.5932,2067.0,0.5939,514.0,0.5943,693.0
1753617551108,11:59:11.108,blofin,ACE/USDT:USDT,0.5933,43.0,0.5932,2067.0,0.5939,514.0,0.5943,693.0
1753617551607,11:59:11.607,blofin,ACE/USDT:USDT,0.5933,44.0,0.5932,162.0,0.5939,514.0,0.5941,1804.0
1753617552292,11:59:12.292,blofin,ACE/USDT:USDT,0.5933,44.0,0.5932,162.0,0.5939,515.0,0.5942,1879.0
1753617552608,11:59:12.608,blofin,ACE/USDT:USDT,0.5933,44.0,0.593,430.0,0.5939,515.0,0.5942,1879.0
1753617553300,11:59:13.300,blofin,ACE/USDT:USDT,0.5933,41.0,0.5931,78.0,0.5939,515.0,0.5942,1879.0
1753617554111,11:59:14.111,blofin,ACE/USDT:USDT,0.5933,42.0,0.593,341.0,0.5939,517.0,0.5942,2740.0
1753617554614,11:59:14.614,blofin,ACE/USDT:USDT,0.5933,44.0,0.593,341.0,0.5939,517.0,0.594,1912.0
1753617555294,11:59:15.294,blofin,ACE/USDT:USDT,0.5933,44.0,0.5932,1300.0,0.5939,515.0,0.5943,974.0
1753617556294,11:59:16.294,blofin,ACE/USDT:USDT,0.5933,44.0,0.593,1300.0,0.5939,515.0,0.5943,379.0
1753617556617,11:59:16.617,blofin,ACE/USDT:USDT,0.5933,45.0,0.593,1300.0,0.5939,515.0,0.5943,379.0
1753617557295,11:59:17.295,blofin,ACE/USDT:USDT,0.5933,43.0,0.5931,2756.0,0.5938,511.0,0.5939,4.0
1753617558117,11:59:18.117,blofin,ACE/USDT:USDT,0.5933,45.0,0.5931,2756.0,0.5938,511.0,0.5939,4.0
1753617558618,11:59:18.618,blofin,ACE/USDT:USDT,0.5933,45.0,0.5932,1480.0,0.5938,4.0,0.5939,513.0
1753617559298,11:59:19.298,blofin,ACE/USDT:USDT,0.5933,45.0,0.593,341.0,0.5938,4.0,0.5939,513.0
1753617560298,11:59:20.298,blofin,ACE/USDT:USDT,0.5933,44.0,0.5931,2864.0,0.5938,4.0,0.5939,8.0
1753617561123,11:59:21.123,blofin,ACE/USDT:USDT,0.5933,45.0,0.5931,2864.0,0.5938,4.0,0.5939,8.0
1753617561624,11:59:21.624,blofin,ACE/USDT:USDT,0.5933,45.0,0.5932,2479.0,0.5938,4.0,0.5939,8.0
1753617562299,11:59:22.299,blofin,ACE/USDT:USDT,0.5933,59.0,0.5931,2560.0,0.5938,4.0,0.5939,4.0
1753617562626,11:59:22.626,blofin,ACE/USDT:USDT,0.5933,56.0,0.5931,2560.0,0.5938,4.0,0.5939,4.0
1753617563303,11:59:23.303,blofin,ACE/USDT:USDT,0.5933,56.0,0.5931,2560.0,0.5939,8.0,0.5943,116.0
1753617563628,11:59:23.628,blofin,ACE/USDT:USDT,0.5933,56.0,0.593,1585.0,0.5939,8.0,0.594,562.0
1753617564304,11:59:24.304,blofin,ACE/USDT:USDT,0.5933,73.0,0.5931,2552.0,0.5939,8.0,0.5943,1286.0
1753617565128,11:59:25.128,blofin,ACE/USDT:USDT,0.5933,73.0,0.5931,2552.0,0.5939,8.0,0.5943,1286.0
1753617565630,11:59:25.630,blofin,ACE/USDT:USDT,0.5933,74.0,0.593,416.0,0.5939,8.0,0.5943,116.0
1753617566306,11:59:26.306,blofin,ACE/USDT:USDT,0.5933,74.0,0.5931,1909.0,0.5939,6.0,0.5943,1233.0
1753617566630,11:59:26.630,blofin,ACE/USDT:USDT,0.5933,74.0,0.5932,18.0,0.5939,6.0,0.5943,1233.0
1753617567305,11:59:27.305,blofin,ACE/USDT:USDT,0.5933,73.0,0.5932,18.0,0.5939,6.0,0.5943,2193.0
1753617567632,11:59:27.632,blofin,ACE/USDT:USDT,0.5933,73.0,0.5932,18.0,0.5939,9.0,0.5943,2193.0
1753617568633,11:59:28.633,blofin,ACE/USDT:USDT,0.5933,72.0,0.5931,3803.0,0.5939,11.0,0.5943,978.0
1753617569134,11:59:29.134,blofin,ACE/USDT:USDT,0.5933,75.0,0.5931,3803.0,0.5939,11.0,0.5943,978.0
1753617569636,11:59:29.636,blofin,ACE/USDT:USDT,0.5933,75.0,0.593,795.0,0.5939,11.0,0.5943,1334.0
1753617570307,11:59:30.307,blofin,ACE/USDT:USDT,0.5933,75.0,0.5932,1716.0,0.5939,9.0,0.5943,2405.0
1753617570637,11:59:30.637,blofin,ACE/USDT:USDT,0.5933,76.0,0.5932,1716.0,0.5939,9.0,0.5943,2405.0
1753617571308,11:59:31.308,blofin,ACE/USDT:USDT,0.5933,76.0,0.5931,728.0,0.5938,2.0,0.5939,7.0
1753617572139,11:59:32.139,blofin,ACE/USDT:USDT,0.5933,74.0,0.5931,728.0,0.5938,7.0,0.5939,5.0
1753617572639,11:59:32.639,blofin,ACE/USDT:USDT,0.5933,74.0,0.5932,940.0,0.5939,9.0,0.5941,348.0
1753617573311,11:59:33.311,blofin,ACE/USDT:USDT,0.5933,73.0,0.5932,966.0,0.5939,10.0,0.5941,348.0
1753617573641,11:59:33.641,blofin,ACE/USDT:USDT,0.5933,73.0,0.5932,26.0,0.5939,9.0,0.594,1776.0
1753617574313,11:59:34.313,blofin,ACE/USDT:USDT,0.5933,76.0,0.5932,26.0,0.5939,9.0,0.5941,949.0
1753617574643,11:59:34.643,blofin,ACE/USDT:USDT,0.5933,76.0,0.5932,17.0,0.5939,9.0,0.5941,949.0
1753617575645,11:59:35.645,blofin,ACE/USDT:USDT,0.5933,75.0,0.5932,17.0,0.5939,9.0,0.5942,2196.0
1753617576145,11:59:36.145,blofin,ACE/USDT:USDT,0.5933,72.0,0.5932,17.0,0.5939,9.0,0.5942,2196.0
1753617576647,11:59:36.647,blofin,ACE/USDT:USDT,0.5933,74.0,0.5932,17.0,0.5939,9.0,0.5944,3102.0
1753617577311,11:59:37.311,blofin,ACE/USDT:USDT,0.5933,72.0,0.5932,17.0,0.5939,9.0,0.5942,70.0
1753617577647,11:59:37.647,blofin,ACE/USDT:USDT,0.5933,75.0,0.5932,17.0,0.5939,9.0,0.5942,70.0
1753617578315,11:59:38.315,blofin,ACE/USDT:USDT,0.5933,72.0,0.5928,863.0,0.5939,12.0,0.5942,70.0
1753617578651,11:59:38.651,blofin,ACE/USDT:USDT,0.5933,72.0,0.5928,1803.0,0.5939,11.0,0.594,3073.0
1753617579313,11:59:39.313,blofin,ACE/USDT:USDT,0.5933,72.0,0.5929,3953.0,0.5939,9.0,0.594,2899.0
1753617579651,11:59:39.651,blofin,ACE/USDT:USDT,0.5933,72.0,0.5929,3953.0,0.5939,11.0,0.594,2899.0
1753617580314,11:59:40.314,blofin,ACE/USDT:USDT,0.5933,72.0,0.5931,3914.0,0.5939,11.0,0.594,1288.0
1753617580653,11:59:40.653,blofin,ACE/USDT:USDT,0.5933,72.0,0.5931,3914.0,0.5939,9.0,0.594,1288.0
1753617581315,11:59:41.315,blofin,ACE/USDT:USDT,0.5933,72.0,0.5929,4616.0,0.5939,9.0,0.5942,1314.0
1753617581654,11:59:41.654,blofin,ACE/USDT:USDT,0.5933,72.0,0.5929,4616.0,0.5939,12.0,0.5942,1314.0
1753617582655,11:59:42.655,blofin,ACE/USDT:USDT,0.5933,72.0,0.5931,1082.0,0.5938,3.0,0.5939,8.0
1753617583322,11:59:43.322,blofin,ACE/USDT:USDT,0.5933,72.0,0.5929,4407.0,0.5938,3.0,0.5939,8.0
1753617584160,11:59:44.160,blofin,ACE/USDT:USDT,0.5933,73.0,0.5931,212.0,0.5939,13.0,0.5941,2224.0
1753617584316,11:59:44.316,blofin,ACE/USDT:USDT,0.5933,73.0,0.5931,1478.0,0.5939,13.0,0.5942,1620.0
1753617584659,11:59:44.659,blofin,ACE/USDT:USDT,0.5933,73.0,0.5931,1478.0,0.5939,13.0,0.5942,1620.0
1753617585319,11:59:45.319,blofin,ACE/USDT:USDT,0.5933,59.0,0.5931,5031.0,0.5939,13.0,0.5942,2841.0
1753617585659,11:59:45.659,blofin,ACE/USDT:USDT,0.5933,59.0,0.5931,4819.0,0.5939,13.0,0.5942,2841.0
1753617586661,11:59:46.661,blofin,ACE/USDT:USDT,0.5933,73.0,0.5928,4808.0,0.5939,13.0,0.594,44.0
1753617588322,11:59:48.322,blofin,ACE/USDT:USDT,0.5933,71.0,0.593,231.0,0.5939,10.0,0.5943,2322.0
1753617588665,11:59:48.665,blofin,ACE/USDT:USDT,0.5933,74.0,0.593,231.0,0.5939,10.0,0.594,795.0
1753617589322,11:59:49.322,blofin,ACE/USDT:USDT,0.5933,74.0,0.5931,1307.0,0.5939,9.0,0.5941,943.0
1753617590029,11:59:50.029,blofin,ACE/USDT:USDT,0.5933,74.0,0.5931,5598.0,0.5939,9.0,0.594,3.0
1753617590668,11:59:50.668,blofin,ACE/USDT:USDT,0.5933,94.0,0.593,4695.0,0.5939,9.0,0.594,2.0
1753617591322,11:59:51.322,blofin,ACE/USDT:USDT,0.5933,75.0,0.5931,3041.0,0.5939,5.0,0.594,4.0
1753617591667,11:59:51.667,blofin,ACE/USDT:USDT,0.5933,75.0,0.5931,3041.0,0.5939,5.0,0.594,4.0
1753617592321,11:59:52.321,blofin,ACE/USDT:USDT,0.5933,75.0,0.5932,3.0,0.5939,5.0,0.594,4.0
1753617592670,11:59:52.670,blofin,ACE/USDT:USDT,0.5933,74.0,0.5932,3.0,0.5939,5.0,0.594,4.0
1753617593325,11:59:53.325,blofin,ACE/USDT:USDT,0.5933,74.0,0.593,335.0,0.5939,5.0,0.594,3.0
1753617593671,11:59:53.671,blofin,ACE/USDT:USDT,0.5933,74.0,0.5929,2629.0,0.5939,5.0,0.594,3.0
1753617594326,11:59:54.326,blofin,ACE/USDT:USDT,0.5933,74.0,0.5932,2007.0,0.5939,5.0,0.594,3.0
1753617594672,11:59:54.672,blofin,ACE/USDT:USDT,0.5933,74.0,0.5932,1949.0,0.5939,5.0,0.594,3.0
1753617595174,11:59:55.174,blofin,ACE/USDT:USDT,0.5933,74.0,0.5932,1949.0,0.5939,5.0,0.594,4.0
1753617595674,11:59:55.674,blofin,ACE/USDT:USDT,0.5933,76.0,0.5931,3364.0,0.5939,5.0,0.594,4.0
1753617596328,11:59:56.328,blofin,ACE/USDT:USDT,0.5933,74.0,0.593,4130.0,0.5939,5.0,0.594,19.0
1753617597328,11:59:57.328,blofin,ACE/USDT:USDT,0.5933,74.0,0.593,2963.0,0.5939,5.0,0.594,21.0
1753617598691,11:59:58.691,blofin,ACE/USDT:USDT,0.5933,75.0,0.5931,763.0,0.594,211.0,0.5941,505.0
1753617599181,11:59:59.181,blofin,ACE/USDT:USDT,0.5933,75.0,0.5931,763.0,0.594,211.0,0.5941,505.0
1753617599681,11:59:59.681,blofin,ACE/USDT:USDT,0.5933,56.0,0.5932,1171.0,0.594,211.0,0.5943,966.0
1753617600299,12:00:00.299,blofin,ACE/USDT:USDT,0.5936,51.0,0.5933,274.0,0.594,209.0,0.5945,3620.0
1753617600665,12:00:00.665,blofin,ACE/USDT:USDT,0.5936,8.0,0.5933,5.0,0.594,173.0,0.5941,4277.0
1753617601332,12:00:01.332,blofin,ACE/USDT:USDT,0.5936,10.0,0.5935,605.0,0.594,5.0,0.5941,130.0
1753617602191,12:00:02.191,blofin,ACE/USDT:USDT,0.5936,10.0,0.5935,605.0,0.594,2.0,0.5941,131.0
1753617602688,12:00:02.688,blofin,ACE/USDT:USDT,0.5936,10.0,0.5934,63.0,0.594,2.0,0.5941,131.0
1753617603331,12:00:03.331,blofin,ACE/USDT:USDT,0.5936,15.0,0.5934,332.0,0.594,2.0,0.5941,135.0
1753617604188,12:00:04.188,blofin,ACE/USDT:USDT,0.5936,11.0,0.5934,269.0,0.594,2.0,0.5941,39.0
1753617604687,12:00:04.687,blofin,ACE/USDT:USDT,0.5936,22.0,0.5934,269.0,0.594,2.0,0.5941,35.0
1753617605334,12:00:05.334,blofin,ACE/USDT:USDT,0.5936,22.0,0.5935,2780.0,0.594,36.0,0.5941,2483.0
1753617605690,12:00:05.690,blofin,ACE/USDT:USDT,0.5936,26.0,0.5935,2780.0,0.594,36.0,0.5941,2483.0
1753617606690,12:00:06.690,blofin,ACE/USDT:USDT,0.5936,24.0,0.5933,1747.0,0.594,36.0,0.5941,1.0
1753617607692,12:00:07.692,blofin,ACE/USDT:USDT,0.5936,22.0,0.5933,4.0,0.594,2.0,0.5941,35.0
1753617608337,12:00:08.337,blofin,ACE/USDT:USDT,0.5936,21.0,0.5935,7.0,0.594,2.0,0.5941,38.0
1753617608692,12:00:08.692,blofin,ACE/USDT:USDT,0.5936,40.0,0.5935,7.0,0.594,2.0,0.5941,4.0
1753617609337,12:00:09.337,blofin,ACE/USDT:USDT,0.5936,40.0,0.5935,7.0,0.594,2.0,0.5941,4.0
1753617610194,12:00:10.194,blofin,ACE/USDT:USDT,0.5936,40.0,0.5935,7.0,0.594,2.0,0.5944,437.0
1753617610696,12:00:10.696,blofin,ACE/USDT:USDT,0.5936,40.0,0.5935,7.0,0.594,2.0,0.5944,1031.0
1753617611339,12:00:11.339,blofin,ACE/USDT:USDT,0.5936,38.0,0.5935,1156.0,0.594,2.0,0.5944,1134.0
1753617611701,12:00:11.701,blofin,ACE/USDT:USDT,0.5936,38.0,0.5935,1292.0,0.594,2.0,0.5943,1129.0
1753617612429,12:00:12.429,blofin,ACE/USDT:USDT,0.5936,261.0,0.5935,7.0,0.594,2.0,0.5942,204.0
1753617612701,12:00:12.701,blofin,ACE/USDT:USDT,0.5936,261.0,0.5933,322.0,0.594,2.0,0.5942,204.0
1753617613702,12:00:13.702,blofin,ACE/USDT:USDT,0.5936,243.0,0.5933,4.0,0.594,2.0,0.5942,191.0
1753617614879,12:00:14.879,blofin,ACE/USDT:USDT,0.5936,243.0,0.5934,1304.0,0.594,2.0,0.5941,189.0
1753617615343,12:00:15.343,blofin,ACE/USDT:USDT,0.5936,246.0,0.5933,4.0,0.594,2.0,0.5941,189.0
1753617615705,12:00:15.705,blofin,ACE/USDT:USDT,0.5936,246.0,0.5935,423.0,0.594,2.0,0.5943,194.0
1753617616343,12:00:16.343,blofin,ACE/USDT:USDT,0.5936,246.0,0.5933,4.0,0.594,2.0,0.5943,608.0
1753617617207,12:00:17.207,blofin,ACE/USDT:USDT,0.5933,14.0,0.5932,280.0,0.5939,189.0,0.594,2.0
1753617617708,12:00:17.708,blofin,ACE/USDT:USDT,0.5933,17.0,0.5932,280.0,0.5938,323.0,0.594,5626.0
1753617618345,12:00:18.345,blofin,ACE/USDT:USDT,0.5933,16.0,0.5932,23.0,0.5938,328.0,0.594,5626.0
1753617619217,12:00:19.217,blofin,ACE/USDT:USDT,0.5934,8.0,0.5933,8.0,0.5938,754.0,0.5939,2890.0
1753617619712,12:00:19.712,blofin,ACE/USDT:USDT,0.5934,84.0,0.5933,8.0,0.5939,751.0,0.594,2.0
1753617620347,12:00:20.347,blofin,ACE/USDT:USDT,0.5934,91.0,0.5933,4.0,0.5939,751.0,0.594,2707.0
1753617621346,12:00:21.346,blofin,ACE/USDT:USDT,0.5934,93.0,0.5933,4.0,0.5939,752.0,0.594,3387.0
1753617622215,12:00:22.215,blofin,ACE/USDT:USDT,0.5934,94.0,0.5933,4.0,0.5939,752.0,0.594,3387.0
1753617622718,12:00:22.718,blofin,ACE/USDT:USDT,0.5934,94.0,0.5933,4.0,0.5939,751.0,0.594,2.0
1753617623717,12:00:23.717,blofin,ACE/USDT:USDT,0.5934,91.0,0.5933,4.0,0.5939,752.0,0.594,2.0
1753617624718,12:00:24.718,blofin,ACE/USDT:USDT,0.5934,91.0,0.5933,4.0,0.5939,724.0,0.594,2.0
1753617625722,12:00:25.722,blofin,ACE/USDT:USDT,0.5934,91.0,0.5933,4.0,0.5939,722.0,0.594,2.0
1753617626721,12:00:26.721,blofin,ACE/USDT:USDT,0.5934,114.0,0.5933,4.0,0.5939,298.0,0.594,2.0
1753617627724,12:00:27.724,blofin,ACE/USDT:USDT,0.5934,130.0,0.5933,4.0,0.5939,298.0,0.594,2.0
1753617628228,12:00:28.228,blofin,ACE/USDT:USDT,0.5934,130.0,0.5933,4.0,0.5939,298.0,0.594,2.0
1753617628363,12:00:28.363,blofin,ACE/USDT:USDT,0.5934,131.0,0.5932,989.0,0.5939,301.0,0.5944,4641.0
1753617628725,12:00:28.725,blofin,ACE/USDT:USDT,0.5934,133.0,0.5931,900.0,0.5939,303.0,0.5944,1218.0
1753617629726,12:00:29.726,blofin,ACE/USDT:USDT,0.5934,142.0,0.5931,1047.0,0.5939,413.0,0.5941,4690.0
1753617630354,12:00:30.354,blofin,ACE/USDT:USDT,0.5934,142.0,0.5933,1884.0,0.5939,416.0,0.5941,4888.0
1753617630728,12:00:30.728,blofin,ACE/USDT:USDT,0.5934,142.0,0.5933,1884.0,0.5939,416.0,0.5941,4888.0
1753617631351,12:00:31.351,blofin,ACE/USDT:USDT,0.5934,143.0,0.5931,1700.0,0.5939,416.0,0.5942,2205.0
1753617632354,12:00:32.354,blofin,ACE/USDT:USDT,0.5934,143.0,0.5932,777.0,0.5939,416.0,0.594,4273.0
1753617632740,12:00:32.740,blofin,ACE/USDT:USDT,0.5934,143.0,0.5932,777.0,0.5939,416.0,0.594,4273.0
1753617633356,12:00:33.356,blofin,ACE/USDT:USDT,0.5934,142.0,0.5933,107.0,0.5939,416.0,0.594,4273.0
1753617633733,12:00:33.733,blofin,ACE/USDT:USDT,0.5934,141.0,0.5933,107.0,0.5938,408.0,0.5939,730.0
1753617634357,12:00:34.357,blofin,ACE/USDT:USDT,0.5934,141.0,0.5931,1669.0,0.5939,416.0,0.5941,5532.0
1753617635233,12:00:35.233,blofin,ACE/USDT:USDT,0.5934,141.0,0.5931,1669.0,0.5939,414.0,0.5941,5532.0
1753617635734,12:00:35.734,blofin,ACE/USDT:USDT,0.5934,141.0,0.593,1088.0,0.5939,414.0,0.5941,6720.0
1753617636357,12:00:36.357,blofin,ACE/USDT:USDT,0.5934,143.0,0.5932,1254.0,0.5939,414.0,0.5944,6741.0
1753617636737,12:00:36.737,blofin,ACE/USDT:USDT,0.5934,140.0,0.5932,1254.0,0.5939,414.0,0.5944,6741.0
1753617637358,12:00:37.358,blofin,ACE/USDT:USDT,0.5934,140.0,0.593,323.0,0.5939,414.0,0.5942,2022.0
1753617637739,12:00:37.739,blofin,ACE/USDT:USDT,0.5934,141.0,0.593,323.0,0.5939,414.0,0.5942,2022.0
1753617638360,12:00:38.360,blofin,ACE/USDT:USDT,0.5934,139.0,0.5932,67.0,0.5939,412.0,0.5942,2022.0
1753617639239,12:00:39.239,blofin,ACE/USDT:USDT,0.5934,139.0,0.5931,268.0,0.5939,413.0,0.5941,3717.0
1753617639741,12:00:39.741,blofin,ACE/USDT:USDT,0.5934,139.0,0.5931,211.0,0.5939,415.0,0.5941,1550.0
1753617640363,12:00:40.363,blofin,ACE/USDT:USDT,0.5934,142.0,0.5931,211.0,0.5939,430.0,0.5943,1791.0
1753617640742,12:00:40.742,blofin,ACE/USDT:USDT,0.5934,142.0,0.593,795.0,0.5939,430.0,0.5943,1791.0
1753617641362,12:00:41.362,blofin,ACE/USDT:USDT,0.5934,140.0,0.5933,1023.0,0.5939,430.0,0.5941,4268.0
1753617641744,12:00:41.744,blofin,ACE/USDT:USDT,0.5934,140.0,0.5933,1023.0,0.5939,431.0,0.5941,4268.0
1753617642369,12:00:42.369,blofin,ACE/USDT:USDT,0.5934,140.0,0.5933,590.0,0.5939,431.0,0.594,5509.0
1753617642745,12:00:42.745,blofin,ACE/USDT:USDT,0.5934,139.0,0.5933,590.0,0.5939,431.0,0.594,5509.0
1753617643747,12:00:43.747,blofin,ACE/USDT:USDT,0.5934,141.0,0.5931,634.0,0.5939,431.0,0.5942,10293.0
1753617644364,12:00:44.364,blofin,ACE/USDT:USDT,0.5934,141.0,0.593,1588.0,0.5939,431.0,0.5943,7143.0
1753617644747,12:00:44.747,blofin,ACE/USDT:USDT,0.5934,141.0,0.593,1405.0,0.5939,431.0,0.5943,7143.0
1753617645366,12:00:45.366,blofin,ACE/USDT:USDT,0.5934,141.0,0.5933,1671.0,0.5939,431.0,0.594,162.0
1753617646249,12:00:46.249,blofin,ACE/USDT:USDT,0.5934,141.0,0.5933,1671.0,0.5939,427.0,0.594,162.0
1753617646751,12:00:46.751,blofin,ACE/USDT:USDT,0.5934,140.0,0.5932,1069.0,0.5939,427.0,0.594,691.0
1753617647364,12:00:47.364,blofin,ACE/USDT:USDT,0.5934,140.0,0.593,113.0,0.5939,427.0,0.5942,301.0
1753617647753,12:00:47.753,blofin,ACE/USDT:USDT,0.5934,140.0,0.593,113.0,0.5939,429.0,0.5942,301.0
1753617648366,12:00:48.366,blofin,ACE/USDT:USDT,0.5934,142.0,0.593,113.0,0.5939,430.0,0.5943,103.0
1753617648754,12:00:48.754,blofin,ACE/USDT:USDT,0.5934,142.0,0.5933,2032.0,0.5939,428.0,0.5943,1949.0
1753617649366,12:00:49.366,blofin,ACE/USDT:USDT,0.5934,142.0,0.5932,1129.0,0.5939,428.0,0.5942,6578.0
1753617649758,12:00:49.758,blofin,ACE/USDT:USDT,0.5934,142.0,0.5932,1129.0,0.5939,428.0,0.5942,6578.0
1753617650760,12:00:50.760,blofin,ACE/USDT:USDT,0.5934,142.0,0.593,652.0,0.5939,429.0,0.5943,119.0
1753617651366,12:00:51.366,blofin,ACE/USDT:USDT,0.5934,143.0,0.5932,935.0,0.5939,1001.0,0.594,2546.0
1753617651762,12:00:51.762,blofin,ACE/USDT:USDT,0.5934,143.0,0.5932,935.0,0.5939,1001.0,0.594,2546.0
1753617652368,12:00:52.368,blofin,ACE/USDT:USDT,0.5934,143.0,0.5933,1609.0,0.5939,1001.0,0.5944,8940.0
1753617652764,12:00:52.764,blofin,ACE/USDT:USDT,0.5934,142.0,0.5933,1609.0,0.5939,1001.0,0.5944,8940.0
1753617654369,12:00:54.369,blofin,ACE/USDT:USDT,0.5934,16.0,0.5932,951.0,0.5939,886.0,0.5942,4013.0
1753617654765,12:00:54.765,blofin,ACE/USDT:USDT,0.5934,16.0,0.5932,951.0,0.5939,887.0,0.5942,4013.0
1753617655369,12:00:55.369,blofin,ACE/USDT:USDT,0.5934,16.0,0.5932,1004.0,0.5939,314.0,0.594,4625.0
1753617656267,12:00:56.267,blofin,ACE/USDT:USDT,0.5934,18.0,0.5932,1004.0,0.5939,314.0,0.594,4625.0
1753617656769,12:00:56.769,blofin,ACE/USDT:USDT,0.5934,16.0,0.5933,1626.0,0.5939,317.0,0.5942,1917.0
1753617657269,12:00:57.269,blofin,ACE/USDT:USDT,0.5934,16.0,0.5933,1626.0,0.5939,317.0,0.5942,1917.0
1753617657373,12:00:57.373,blofin,ACE/USDT:USDT,0.5934,16.0,0.5931,1205.0,0.5939,321.0,0.594,7411.0
1753617657771,12:00:57.771,blofin,ACE/USDT:USDT,0.5934,16.0,0.5931,1205.0,0.5939,320.0,0.594,7411.0
1753617658771,12:00:58.771,blofin,ACE/USDT:USDT,0.5934,18.0,0.5933,1728.0,0.5939,403.0,0.5942,8489.0
1753617659374,12:00:59.374,blofin,ACE/USDT:USDT,0.5934,20.0,0.5933,972.0,0.5939,828.0,0.5943,285.0
1753617659773,12:00:59.773,blofin,ACE/USDT:USDT,0.5934,21.0,0.5933,972.0,0.5939,828.0,0.5943,285.0
1753617660776,12:01:00.776,blofin,ACE/USDT:USDT,0.5934,20.0,0.5933,972.0,0.5939,825.0,0.5943,285.0
1753617661375,12:01:01.375,blofin,ACE/USDT:USDT,0.5934,20.0,0.5933,972.0,0.5939,881.0,0.5941,6774.0
1753617661776,12:01:01.776,blofin,ACE/USDT:USDT,0.5934,20.0,0.5933,972.0,0.5939,878.0,0.5941,6774.0
1753617662779,12:01:02.779,blofin,ACE/USDT:USDT,0.5934,19.0,0.5933,1340.0,0.5939,877.0,0.5943,3391.0
1753617663379,12:01:03.379,blofin,ACE/USDT:USDT,0.5934,17.0,0.5933,1276.0,0.5939,880.0,0.5943,3106.0
1753617663778,12:01:03.778,blofin,ACE/USDT:USDT,0.5934,20.0,0.5933,908.0,0.5939,880.0,0.5941,8274.0
1753617664781,12:01:04.781,blofin,ACE/USDT:USDT,0.5934,20.0,0.5933,908.0,0.5939,827.0,0.5941,6112.0
1753617665379,12:01:05.379,blofin,ACE/USDT:USDT,0.5934,20.0,0.5933,2160.0,0.5939,827.0,0.594,1217.0
1753617665784,12:01:05.784,blofin,ACE/USDT:USDT,0.5934,20.0,0.5933,2160.0,0.5939,824.0,0.594,1217.0
1753617666784,12:01:06.784,blofin,ACE/USDT:USDT,0.5934,7.0,0.5933,921.0,0.5936,342.0,0.5938,8674.0
1753617667381,12:01:07.381,blofin,ACE/USDT:USDT,0.5934,7.0,0.5933,916.0,0.5936,352.0,0.5939,4.0
1753617667910,12:01:07.910,blofin,ACE/USDT:USDT,0.5931,109.0,0.5928,398.0,0.5933,189.0,0.5935,874.0
1753617668787,12:01:08.787,blofin,ACE/USDT:USDT,0.5931,109.0,0.5927,118.0,0.5935,815.0,0.5937,1951.0
1753617669383,12:01:09.383,blofin,ACE/USDT:USDT,0.5931,109.0,0.5927,57.0,0.5934,976.0,0.5935,2.0
1753617669789,12:01:09.789,blofin,ACE/USDT:USDT,0.5931,109.0,0.5927,57.0,0.5934,976.0,0.5935,2.0
1753617670789,12:01:10.789,blofin,ACE/USDT:USDT,0.5931,109.0,0.5927,57.0,0.5935,811.0,0.5936,1082.0
1753617671382,12:01:11.382,blofin,ACE/USDT:USDT,0.5931,109.0,0.5928,113.0,0.5935,1.0,0.5936,436.0
1753617671793,12:01:11.793,blofin,ACE/USDT:USDT,0.5931,109.0,0.5928,114.0,0.5935,1.0,0.5936,68.0
1753617672383,12:01:12.383,blofin,ACE/USDT:USDT,0.5931,109.0,0.5928,140.0,0.5935,1.0,0.5936,428.0
1753617673292,12:01:13.292,blofin,ACE/USDT:USDT,0.5931,109.0,0.5928,142.0,0.5935,1.0,0.5936,428.0
1753617673387,12:01:13.387,blofin,ACE/USDT:USDT,0.5931,109.0,0.5928,144.0,0.5936,431.0,0.5937,888.0
1753617673792,12:01:13.792,blofin,ACE/USDT:USDT,0.5931,109.0,0.5928,46.0,0.5936,431.0,0.5939,4.0
1753617674378,12:01:14.378,blofin,ACE/USDT:USDT,0.5931,109.0,0.5928,44.0,0.5935,369.0,0.5936,1167.0
1753617675386,12:01:15.386,blofin,ACE/USDT:USDT,0.5929,39.0,0.5928,3.0,0.5934,73.0,0.5935,401.0
1753617675796,12:01:15.796,blofin,ACE/USDT:USDT,0.5929,39.0,0.5928,3.0,0.5934,73.0,0.5935,401.0
1753617676386,12:01:16.386,blofin,ACE/USDT:USDT,0.5929,42.0,0.5926,2280.0,0.5934,73.0,0.5936,1158.0
1753617677059,12:01:17.059,blofin,ACE/USDT:USDT,0.5929,3.0,0.5928,56.0,0.5932,194.0,0.5934,271.0
1753617677801,12:01:17.801,blofin,ACE/USDT:USDT,0.5929,3.0,0.5928,49.0,0.5932,199.0,0.5933,552.0
1753617678391,12:01:18.391,blofin,ACE/USDT:USDT,0.5928,9.0,0.5927,2487.0,0.5932,199.0,0.5933,552.0
1753617678786,12:01:18.786,blofin,ACE/USDT:USDT,0.5928,1.0,0.5927,39.0,0.5931,194.0,0.5932,3118.0
1753617679393,12:01:19.393,blofin,ACE/USDT:USDT,0.5926,433.0,0.5925,47.0,0.5929,68.0,0.593,488.0
1753617680304,12:01:20.304,blofin,ACE/USDT:USDT,0.5926,433.0,0.5925,49.0,0.5929,72.0,0.593,488.0
1753617680805,12:01:20.805,blofin,ACE/USDT:USDT,0.5926,433.0,0.5925,49.0,0.5928,5.0,0.5931,2911.0
1753617681389,12:01:21.389,blofin,ACE/USDT:USDT,0.5926,416.0,0.5925,9.0,0.5928,4.0,0.5929,4.0
1753617681807,12:01:21.807,blofin,ACE/USDT:USDT,0.5926,416.0,0.5925,9.0,0.5928,4.0,0.5929,4.0
1753617682812,12:01:22.812,blofin,ACE/USDT:USDT,0.5926,416.0,0.5925,9.0,0.5929,8.0,0.5934,1713.0
1753617683392,12:01:23.392,blofin,ACE/USDT:USDT,0.5926,416.0,0.5925,6.0,0.5929,6.0,0.5934,1713.0
1753617683810,12:01:23.810,blofin,ACE/USDT:USDT,0.5926,416.0,0.5925,6.0,0.5929,14.0,0.5933,2193.0
1753617684546,12:01:24.546,blofin,ACE/USDT:USDT,0.5926,416.0,0.5925,6.0,0.5928,13.0,0.5929,1.0
1753617684811,12:01:24.811,blofin,ACE/USDT:USDT,0.5925,2.0,0.5924,142.0,0.5929,69.0,0.5933,1301.0
1753617685812,12:01:25.812,blofin,ACE/USDT:USDT,0.5924,142.0,0.5921,152.0,0.5929,137.0,0.5934,1106.0
1753617686452,12:01:26.452,blofin,ACE/USDT:USDT,0.5927,132.0,0.5925,1648.0,0.5929,5.0,0.5936,132.0
1753617686814,12:01:26.814,blofin,ACE/USDT:USDT,0.5927,22.0,0.5925,540.0,0.5929,5.0,0.5938,119.0
1753617687396,12:01:27.396,blofin,ACE/USDT:USDT,0.5927,122.0,0.5926,675.0,0.5938,137.0,0.5939,182.0
1753617688320,12:01:28.320,blofin,ACE/USDT:USDT,0.5927,121.0,0.5926,675.0,0.5938,138.0,0.5939,182.0
1753617688962,12:01:28.962,blofin,ACE/USDT:USDT,0.5927,40.0,0.5925,1127.0,0.5937,167.0,0.5938,5.0
1753617689398,12:01:29.398,blofin,ACE/USDT:USDT,0.5927,39.0,0.5923,137.0,0.5937,79.0,0.5938,5.0
1753617690409,12:01:30.409,blofin,ACE/USDT:USDT,0.5927,39.0,0.5923,137.0,0.5937,543.0,0.5938,3.0
1753617691549,12:01:31.549,blofin,ACE/USDT:USDT,0.5927,128.0,0.5923,1086.0,0.5937,122.0,0.5938,3.0
1753617692822,12:01:32.822,blofin,ACE/USDT:USDT,0.593,194.0,0.5927,2185.0,0.5938,3.0,0.5942,231.0
1753617693398,12:01:33.398,blofin,ACE/USDT:USDT,0.593,196.0,0.5929,77.0,0.5938,3.0,0.5942,230.0
1753617693823,12:01:33.823,blofin,ACE/USDT:USDT,0.593,199.0,0.5929,77.0,0.5938,3.0,0.5942,707.0
1753617694675,12:01:34.675,blofin,ACE/USDT:USDT,0.5932,1.0,0.593,1.0,0.5938,3.0,0.5941,170.0
1753617695072,12:01:35.072,blofin,ACE/USDT:USDT,0.5932,1.0,0.593,1.0,0.5938,3.0,0.5941,170.0
1753617695802,12:01:35.802,blofin,ACE/USDT:USDT,0.5932,19.0,0.5928,1701.0,0.5938,3.0,0.5941,170.0
1753617696401,12:01:36.401,blofin,ACE/USDT:USDT,0.5932,20.0,0.5929,815.0,0.5938,3.0,0.594,659.0
1753617697064,12:01:37.064,blofin,ACE/USDT:USDT,0.5932,5.0,0.593,15.0,0.5938,3.0,0.594,829.0
1753617697402,12:01:37.402,blofin,ACE/USDT:USDT,0.593,138.0,0.5928,89.0,0.5938,3.0,0.594,663.0
1753617698331,12:01:38.331,blofin,ACE/USDT:USDT,0.593,141.0,0.5928,89.0,0.5938,3.0,0.594,663.0
1753617698832,12:01:38.832,blofin,ACE/USDT:USDT,0.593,156.0,0.5927,5.0,0.5938,3.0,0.594,494.0
1753617699402,12:01:39.402,blofin,ACE/USDT:USDT,0.5933,18.0,0.593,1572.0,0.5938,3.0,0.594,2.0
1753617699832,12:01:39.832,blofin,ACE/USDT:USDT,0.5933,18.0,0.593,1572.0,0.5938,3.0,0.594,2.0
1753617700835,12:01:40.835,blofin,ACE/USDT:USDT,0.5933,536.0,0.5932,2961.0,0.5938,3.0,0.5942,15.0
1753617701403,12:01:41.403,blofin,ACE/USDT:USDT,0.5933,35.0,0.593,3188.0,0.5938,3.0,0.5942,15.0
1753617702405,12:01:42.405,blofin,ACE/USDT:USDT,0.5933,119.0,0.593,1250.0,0.5938,3.0,0.5942,12.0
1753617703339,12:01:43.339,blofin,ACE/USDT:USDT,0.5933,119.0,0.593,1250.0,0.5938,3.0,0.5942,16.0
1753617703838,12:01:43.838,blofin,ACE/USDT:USDT,0.5933,120.0,0.5931,1066.0,0.5938,3.0,0.5942,14.0
1753617704406,12:01:44.406,blofin,ACE/USDT:USDT,0.5933,120.0,0.5931,3778.0,0.5938,3.0,0.5942,16.0
1753617704841,12:01:44.841,blofin,ACE/USDT:USDT,0.5933,118.0,0.5931,3778.0,0.5938,3.0,0.5942,16.0
1753617705406,12:01:45.406,blofin,ACE/USDT:USDT,0.5933,118.0,0.5931,229.0,0.5938,3.0,0.5942,16.0
1753617705844,12:01:45.844,blofin,ACE/USDT:USDT,0.5933,118.0,0.5931,229.0,0.5938,3.0,0.5942,13.0
1753617706844,12:01:46.844,blofin,ACE/USDT:USDT,0.5933,118.0,0.5931,229.0,0.5938,3.0,0.5942,12.0
1753617707409,12:01:47.409,blofin,ACE/USDT:USDT,0.5933,120.0,0.5931,229.0,0.5938,3.0,0.5942,12.0
1753617707843,12:01:47.843,blofin,ACE/USDT:USDT,0.5933,119.0,0.5931,229.0,0.5938,3.0,0.5942,12.0
1753617708854,12:01:48.854,blofin,ACE/USDT:USDT,0.5933,120.0,0.593,552.0,0.5938,3.0,0.5942,12.0
1753617709410,12:01:49.410,blofin,ACE/USDT:USDT,0.5933,120.0,0.5929,534.0,0.5938,3.0,0.5941,11.0
1753617709848,12:01:49.848,blofin,ACE/USDT:USDT,0.5933,120.0,0.5929,671.0,0.5938,3.0,0.5941,11.0
1753617711411,12:01:51.411,blofin,ACE/USDT:USDT,0.5933,38.0,0.5929,223.0,0.5938,3.0,0.5942,12.0
1753617711850,12:01:51.850,blofin,ACE/USDT:USDT,0.5933,38.0,0.5929,223.0,0.5938,3.0,0.5942,12.0
1753617712410,12:01:52.410,blofin,ACE/USDT:USDT,0.5933,38.0,0.5928,2069.0,0.5938,3.0,0.5942,12.0
1753617712852,12:01:52.852,blofin,ACE/USDT:USDT,0.5933,37.0,0.5928,2069.0,0.5938,3.0,0.5942,12.0
1753617713411,12:01:53.411,blofin,ACE/USDT:USDT,0.5933,38.0,0.5928,2067.0,0.5938,3.0,0.5942,15.0
1753617714357,12:01:54.357,blofin,ACE/USDT:USDT,0.5933,122.0,0.5929,1681.0,0.5938,3.0,0.5942,15.0
1753617714857,12:01:54.857,blofin,ACE/USDT:USDT,0.5933,122.0,0.5932,1723.0,0.5938,3.0,0.5942,13.0
1753617715414,12:01:55.414,blofin,ACE/USDT:USDT,0.5933,128.0,0.593,2303.0,0.5938,3.0,0.5942,12.0
1753617716413,12:01:56.413,blofin,ACE/USDT:USDT,0.5933,124.0,0.5928,727.0,0.5938,3.0,0.5942,64.0
1753617717414,12:01:57.414,blofin,ACE/USDT:USDT,0.5933,127.0,0.5932,692.0,0.5938,3.0,0.5942,436.0
1753617717995,12:01:57.995,blofin,ACE/USDT:USDT,0.5934,18.0,0.5933,1396.0,0.5938,3.0,0.5942,4.0
1753617718865,12:01:58.865,blofin,ACE/USDT:USDT,0.5934,42.0,0.593,267.0,0.5943,1131.0,0.5945,544.0
1753617719416,12:01:59.416,blofin,ACE/USDT:USDT,0.5934,39.0,0.5932,132.0,0.5943,492.0,0.5946,4807.0
1753617719963,12:01:59.963,blofin,ACE/USDT:USDT,0.5934,39.0,0.593,1912.0,0.5943,174.0,0.5944,1067.0
1753617720366,12:02:00.366,blofin,ACE/USDT:USDT,0.5934,39.0,0.5932,960.0,0.594,422.0,0.5943,7.0
1753617720865,12:02:00.865,blofin,ACE/USDT:USDT,0.5934,129.0,0.5932,634.0,0.5939,4.0,0.594,875.0
1753617721366,12:02:01.366,blofin,ACE/USDT:USDT,0.5934,126.0,0.5932,634.0,0.5939,4.0,0.594,875.0
1753617722373,12:02:02.373,blofin,ACE/USDT:USDT,0.5934,121.0,0.5932,2637.0,0.594,8.0,0.5942,1238.0
1753617722868,12:02:02.868,blofin,ACE/USDT:USDT,0.5934,106.0,0.5933,763.0,0.594,7.0,0.5943,2.0
1753617723423,12:02:03.423,blofin,ACE/USDT:USDT,0.5934,20.0,0.593,1137.0,0.594,128.0,0.5943,2.0
1753617723869,12:02:03.869,blofin,ACE/USDT:USDT,0.5934,22.0,0.593,1137.0,0.594,128.0,0.5943,2.0
1753617724370,12:02:04.370,blofin,ACE/USDT:USDT,0.5934,20.0,0.5931,486.0,0.594,8.0,0.5941,582.0
1753617724871,12:02:04.871,blofin,ACE/USDT:USDT,0.5934,27.0,0.593,23.0,0.594,8.0,0.5941,2690.0
1753617725550,12:02:05.550,blofin,ACE/USDT:USDT,0.5934,2.0,0.5932,25.0,0.5938,124.0,0.594,4.0
1753617726374,12:02:06.374,blofin,ACE/USDT:USDT,0.5934,1.0,0.593,49.0,0.5938,124.0,0.594,1946.0
1753617726874,12:02:06.874,blofin,ACE/USDT:USDT,0.5934,1.0,0.593,388.0,0.594,3.0,0.5942,1644.0
1753617727377,12:02:07.377,blofin,ACE/USDT:USDT,0.5934,1.0,0.593,391.0,0.594,3.0,0.5942,1644.0
1753617727875,12:02:07.875,blofin,ACE/USDT:USDT,0.5934,1.0,0.593,391.0,0.594,34.0,0.5943,2.0
1753617728878,12:02:08.878,blofin,ACE/USDT:USDT,0.5934,1.0,0.593,365.0,0.594,22.0,0.5942,1798.0
1753617729381,12:02:09.381,blofin,ACE/USDT:USDT,0.5934,1.0,0.593,365.0,0.594,23.0,0.5942,1798.0
1753617729878,12:02:09.878,blofin,ACE/USDT:USDT,0.5934,1.0,0.593,366.0,0.594,37.0,0.5941,1281.0
1753617730539,12:02:10.539,blofin,ACE/USDT:USDT,0.5934,1.0,0.593,220.0,0.5939,537.0,0.594,2797.0
1753617731073,12:02:11.073,blofin,ACE/USDT:USDT,0.5934,1.0,0.593,2.0,0.5939,169.0,0.5941,2089.0
1753617731729,12:02:11.729,blofin,ACE/USDT:USDT,0.5934,1.0,0.593,111.0,0.5939,230.0,0.5942,1073.0
1753617732384,12:02:12.384,blofin,ACE/USDT:USDT,0.5934,1.0,0.593,113.0,0.5939,230.0,0.5942,1073.0
1753617732884,12:02:12.884,blofin,ACE/USDT:USDT,0.5934,1.0,0.593,74.0,0.5939,4.0,0.594,1733.0
1753617733386,12:02:13.386,blofin,ACE/USDT:USDT,0.5934,1.0,0.593,72.0,0.5939,4.0,0.594,1733.0
1753617733885,12:02:13.885,blofin,ACE/USDT:USDT,0.5934,1.0,0.593,76.0,0.5939,6.0,0.5942,2176.0
1753617734385,12:02:14.385,blofin,ACE/USDT:USDT,0.5934,1.0,0.593,74.0,0.5939,6.0,0.5942,2176.0
1753617734886,12:02:14.886,blofin,ACE/USDT:USDT,0.5934,1.0,0.593,21.0,0.5939,56.0,0.5942,71.0
1753617735887,12:02:15.887,blofin,ACE/USDT:USDT,0.5934,1.0,0.593,21.0,0.5939,56.0,0.5941,967.0
1753617736388,12:02:16.388,blofin,ACE/USDT:USDT,0.5934,1.0,0.593,21.0,0.5939,57.0,0.5941,967.0
1753617736889,12:02:16.889,blofin,ACE/USDT:USDT,0.5934,1.0,0.593,123.0,0.5939,57.0,0.5943,1192.0
1753617737889,12:02:17.889,blofin,ACE/USDT:USDT,0.5934,1.0,0.593,108.0,0.5939,57.0,0.5943,2.0
1753617738890,12:02:18.890,blofin,ACE/USDT:USDT,0.5934,1.0,0.593,123.0,0.5939,53.0,0.5941,2017.0
1753617739391,12:02:19.391,blofin,ACE/USDT:USDT,0.5934,1.0,0.5933,70.0,0.5939,6.0,0.5941,677.0
1753617739892,12:02:19.892,blofin,ACE/USDT:USDT,0.5934,1.0,0.5933,95.0,0.5939,6.0,0.5943,2.0
1753617740587,12:02:20.587,blofin,ACE/USDT:USDT,0.594,103.0,0.5937,548.0,0.5943,2.0,0.5945,124.0
1753617740893,12:02:20.893,blofin,ACE/USDT:USDT,0.594,108.0,0.5937,548.0,0.5943,2.0,0.5945,124.0
1753617741882,12:02:21.882,blofin,ACE/USDT:USDT,0.594,5.0,0.5936,196.0,0.5943,2.0,0.5945,758.0
1753617742538,12:02:22.538,blofin,ACE/USDT:USDT,0.594,5.0,0.5937,70.0,0.5943,2.0,0.5945,1060.0
1753617742896,12:02:22.896,blofin,ACE/USDT:USDT,0.594,75.0,0.5937,1219.0,0.5943,2.0,0.5945,246.0
1753617743608,12:02:23.608,blofin,ACE/USDT:USDT,0.594,70.0,0.5939,3.0,0.5943,2.0,0.5945,119.0
1753617744400,12:02:24.400,blofin,ACE/USDT:USDT,0.594,70.0,0.5939,3.0,0.5943,2.0,0.5945,122.0
1753617744898,12:02:24.898,blofin,ACE/USDT:USDT,0.594,71.0,0.5935,524.0,0.5943,2.0,0.5945,113.0
1753617745400,12:02:25.400,blofin,ACE/USDT:USDT,0.594,1.0,0.5939,119.0,0.5943,2.0,0.5945,29.0
1753617745900,12:02:25.900,blofin,ACE/USDT:USDT,0.594,71.0,0.5938,1054.0,0.5943,2.0,0.5945,53.0
1753617746401,12:02:26.401,blofin,ACE/USDT:USDT,0.594,71.0,0.5938,1054.0,0.5943,2.0,0.5945,53.0
1753617746903,12:02:26.903,blofin,ACE/USDT:USDT,0.594,74.0,0.5939,199.0,0.5943,2.0,0.5945,29.0
1753617747403,12:02:27.403,blofin,ACE/USDT:USDT,0.594,74.0,0.5939,199.0,0.5943,2.0,0.5945,29.0
1753617748405,12:02:28.405,blofin,ACE/USDT:USDT,0.594,74.0,0.5937,1585.0,0.5943,2.0,0.5945,13.0
1753617749406,12:02:29.406,blofin,ACE/USDT:USDT,0.594,74.0,0.5939,476.0,0.5945,20.0,0.5947,791.0
1753617749907,12:02:29.907,blofin,ACE/USDT:USDT,0.594,77.0,0.5938,371.0,0.5945,30.0,0.5946,2266.0
1753617750526,12:02:30.526,blofin,ACE/USDT:USDT,0.5941,70.0,0.594,7.0,0.5945,533.0,0.5946,414.0
1753617751409,12:02:31.409,blofin,ACE/USDT:USDT,0.5941,70.0,0.594,7.0,0.5945,534.0,0.5946,414.0
1753617751910,12:02:31.910,blofin,ACE/USDT:USDT,0.5941,71.0,0.594,1626.0,0.5945,27.0,0.5947,1279.0
1753617752912,12:02:32.912,blofin,ACE/USDT:USDT,0.5941,75.0,0.594,3.0,0.5945,27.0,0.5948,3038.0
1753617753413,12:02:33.413,blofin,ACE/USDT:USDT,0.5941,75.0,0.594,3.0,0.5945,30.0,0.5948,3038.0
1753617754413,12:02:34.413,blofin,ACE/USDT:USDT,0.5941,74.0,0.594,3.0,0.5945,27.0,0.5948,4862.0
1753617754915,12:02:34.915,blofin,ACE/USDT:USDT,0.5941,74.0,0.594,3.0,0.5945,31.0,0.5948,4837.0
1753617755418,12:02:35.418,blofin,ACE/USDT:USDT,0.5941,74.0,0.594,3.0,0.5945,29.0,0.5948,4837.0
1753617755918,12:02:35.918,blofin,ACE/USDT:USDT,0.5941,74.0,0.594,367.0,0.5945,30.0,0.5947,2787.0
1753617756920,12:02:36.920,blofin,ACE/USDT:USDT,0.5941,74.0,0.594,1257.0,0.5945,28.0,0.5947,4668.0
1753617757420,12:02:37.420,blofin,ACE/USDT:USDT,0.5941,75.0,0.594,1257.0,0.5945,28.0,0.5947,4668.0
1753617757921,12:02:37.921,blofin,ACE/USDT:USDT,0.5941,79.0,0.594,182.0,0.5945,28.0,0.5946,814.0
1753617758423,12:02:38.423,blofin,ACE/USDT:USDT,0.5942,77.0,0.5941,2.0,0.5945,30.0,0.5949,1522.0
1753617758924,12:02:38.924,blofin,ACE/USDT:USDT,0.5942,72.0,0.594,3.0,0.5945,20.0,0.5946,1250.0
1753617759425,12:02:39.425,blofin,ACE/USDT:USDT,0.5942,72.0,0.594,3.0,0.5945,18.0,0.5946,1250.0
1753617759924,12:02:39.924,blofin,ACE/USDT:USDT,0.5942,72.0,0.594,3.0,0.5945,18.0,0.5948,1554.0
1753617760427,12:02:40.427,blofin,ACE/USDT:USDT,0.5942,72.0,0.594,3.0,0.5945,20.0,0.5948,1554.0
1753617761427,12:02:41.427,blofin,ACE/USDT:USDT,0.5942,1.0,0.5941,71.0,0.5945,21.0,0.5946,949.0
1753617761928,12:02:41.928,blofin,ACE/USDT:USDT,0.594,3.0,0.5937,358.0,0.5945,21.0,0.5947,318.0
1753617762428,12:02:42.428,blofin,ACE/USDT:USDT,0.594,3.0,0.5937,355.0,0.5945,21.0,0.5947,318.0
1753617762928,12:02:42.928,blofin,ACE/USDT:USDT,0.594,3.0,0.5937,242.0,0.5945,21.0,0.5949,2095.0
1753617763430,12:02:43.430,blofin,ACE/USDT:USDT,0.594,238.0,0.5939,1448.0,0.5945,21.0,0.5948,745.0
1753617764431,12:02:44.431,blofin,ACE/USDT:USDT,0.594,78.0,0.5937,1786.0,0.5945,20.0,0.5947,2764.0
1753617764932,12:02:44.932,blofin,ACE/USDT:USDT,0.594,76.0,0.5937,1436.0,0.5945,20.0,0.5946,206.0
1753617765485,12:02:45.485,blofin,ACE/USDT:USDT,0.5942,70.0,0.594,6.0,0.5944,11.0,0.5945,543.0
1753617765986,12:02:45.986,blofin,ACE/USDT:USDT,0.594,93.0,0.5936,411.0,0.5945,17.0,0.5949,1281.0
1753617766436,12:02:46.436,blofin,ACE/USDT:USDT,0.5941,87.0,0.594,6.0,0.5945,17.0,0.5949,1080.0
1753617767436,12:02:47.436,blofin,ACE/USDT:USDT,0.5941,75.0,0.594,3.0,0.5945,20.0,0.5946,263.0
1753617767938,12:02:47.938,blofin,ACE/USDT:USDT,0.5941,72.0,0.594,76.0,0.5945,20.0,0.5947,73.0
1753617768498,12:02:48.498,blofin,ACE/USDT:USDT,0.5947,71.0,0.5943,774.0,0.595,1.0,0.5952,11.0
1753617769087,12:02:49.087,blofin,ACE/USDT:USDT,0.5944,5.0,0.5943,119.0,0.595,1.0,0.5952,286.0
1753617769439,12:02:49.439,blofin,ACE/USDT:USDT,0.5944,5.0,0.5943,119.0,0.5952,291.0,0.5954,15.0
1753617770441,12:02:50.441,blofin,ACE/USDT:USDT,0.5943,151.0,0.594,815.0,0.5952,139.0,0.5954,15.0
1753617770940,12:02:50.940,blofin,ACE/USDT:USDT,0.5943,151.0,0.5942,1436.0,0.5952,139.0,0.5954,15.0
1753617771441,12:02:51.441,blofin,ACE/USDT:USDT,0.5943,151.0,0.5942,1436.0,0.5952,139.0,0.5954,15.0
1753617772444,12:02:52.444,blofin,ACE/USDT:USDT,0.5943,151.0,0.5941,2008.0,0.5951,134.0,0.5952,5.0
1753617772945,12:02:52.945,blofin,ACE/USDT:USDT,0.5943,32.0,0.594,1430.0,0.595,671.0,0.5952,5.0
1753617773444,12:02:53.444,blofin,ACE/USDT:USDT,0.5943,32.0,0.594,1430.0,0.595,671.0,0.5952,5.0
1753617773944,12:02:53.944,blofin,ACE/USDT:USDT,0.5943,34.0,0.594,1776.0,0.595,610.0,0.5954,15.0
1753617774947,12:02:54.947,blofin,ACE/USDT:USDT,0.5943,33.0,0.594,1103.0,0.595,444.0,0.5953,5250.0
1753617775446,12:02:55.446,blofin,ACE/USDT:USDT,0.5943,33.0,0.594,1103.0,0.595,440.0,0.5953,5250.0
1753617775946,12:02:55.946,blofin,ACE/USDT:USDT,0.5943,33.0,0.594,1663.0,0.595,440.0,0.5954,15.0
1753617776948,12:02:56.948,blofin,ACE/USDT:USDT,0.5943,137.0,0.594,58.0,0.595,607.0,0.5954,15.0
1753617777449,12:02:57.449,blofin,ACE/USDT:USDT,0.5943,137.0,0.594,58.0,0.595,608.0,0.5954,15.0
1753617777950,12:02:57.950,blofin,ACE/USDT:USDT,0.5943,133.0,0.5942,2088.0,0.595,608.0,0.5954,15.0
1753617778448,12:02:58.448,blofin,ACE/USDT:USDT,0.5943,133.0,0.5942,2088.0,0.595,608.0,0.5954,15.0
1753617778950,12:02:58.950,blofin,ACE/USDT:USDT,0.5943,135.0,0.5939,1310.0,0.595,447.0,0.5953,2970.0
1753617779951,12:02:59.951,blofin,ACE/USDT:USDT,0.5943,135.0,0.594,1643.0,0.595,24.0,0.5952,233.0
1753617780453,12:03:00.453,blofin,ACE/USDT:USDT,0.5943,105.0,0.5941,1877.0,0.595,1084.0,0.5954,4853.0
1753617781219,12:03:01.219,blofin,ACE/USDT:USDT,0.5944,132.0,0.5943,3.0,0.595,25.0,0.5951,967.0
1753617781454,12:03:01.454,blofin,ACE/USDT:USDT,0.5944,132.0,0.5943,3.0,0.595,25.0,0.5951,967.0
1753617782459,12:03:02.459,blofin,ACE/USDT:USDT,0.5944,102.0,0.5943,3.0,0.595,25.0,0.5951,1747.0
1753617782956,12:03:02.956,blofin,ACE/USDT:USDT,0.5944,102.0,0.5943,3.0,0.595,23.0,0.5951,1747.0
1753617783460,12:03:03.460,blofin,ACE/USDT:USDT,0.5944,104.0,0.5943,1.0,0.595,22.0,0.5951,1747.0
1753617783959,12:03:03.959,blofin,ACE/USDT:USDT,0.5944,104.0,0.5943,1.0,0.595,24.0,0.5951,2338.0
1753617784961,12:03:04.961,blofin,ACE/USDT:USDT,0.5944,103.0,0.5943,1.0,0.595,24.0,0.5952,169.0
