timestamp,time,exchange,symbol,bid1_price,bid1_volume,bid2_price,bid2_volume,ask1_price,ask1_volume,ask2_price,ask2_volume
1753617154785,11:52:34.785,bitget,ACH/USDT:USDT,0.022938,7088.0,0.022936,4982.0,0.022939,188313.0,0.022946,2709.0
1753617155235,11:52:35.235,bitget,ACH/USDT:USDT,0.022938,7088.0,0.022936,4982.0,0.022939,188313.0,0.022946,2709.0
1753617155385,11:52:35.385,bitget,ACH/USDT:USDT,0.022938,9901.0,0.022936,4982.0,0.022939,188313.0,0.022946,2709.0
1753617155535,11:52:35.535,bitget,ACH/USDT:USDT,0.022938,9901.0,0.022936,4982.0,0.022939,188313.0,0.022946,2709.0
1753617155835,11:52:35.835,bitget,ACH/USDT:USDT,0.022938,9901.0,0.022936,4982.0,0.022939,188313.0,0.022946,2709.0
1753617156436,11:52:36.436,bitget,ACH/USDT:USDT,0.022938,7088.0,0.022936,4982.0,0.022939,188313.0,0.022946,2709.0
1753617156586,11:52:36.586,bitget,ACH/USDT:USDT,0.022938,7088.0,0.022936,4982.0,0.022939,188313.0,0.022946,2709.0
1753617156736,11:52:36.736,bitget,ACH/USDT:USDT,0.022938,7088.0,0.022936,4982.0,0.022939,188313.0,0.022946,2709.0
1753617156886,11:52:36.886,bitget,ACH/USDT:USDT,0.022938,7088.0,0.022936,4982.0,0.022939,188313.0,0.022946,2709.0
1753617157036,11:52:37.036,bitget,ACH/USDT:USDT,0.022938,7088.0,0.022937,3290.0,0.022939,188313.0,0.022946,2709.0
1753617157186,11:52:37.186,bitget,ACH/USDT:USDT,0.022938,7088.0,0.022937,3290.0,0.022939,188313.0,0.022946,2709.0
1753617157336,11:52:37.336,bitget,ACH/USDT:USDT,0.022938,7088.0,0.022937,3290.0,0.022939,188313.0,0.022946,2709.0
1753617157636,11:52:37.636,bitget,ACH/USDT:USDT,0.022938,7088.0,0.022937,3290.0,0.022939,188313.0,0.022946,2709.0
1753617157786,11:52:37.786,bitget,ACH/USDT:USDT,0.022938,7088.0,0.022937,3290.0,0.022939,188313.0,0.022946,2709.0
1753617157937,11:52:37.937,bitget,ACH/USDT:USDT,0.022938,7088.0,0.022937,3290.0,0.022939,188313.0,0.022946,2709.0
1753617158087,11:52:38.087,bitget,ACH/USDT:USDT,0.022938,7088.0,0.022937,3290.0,0.022939,188313.0,0.022946,2709.0
1753617158237,11:52:38.237,bitget,ACH/USDT:USDT,0.022938,7088.0,0.022937,3290.0,0.022939,188313.0,0.022946,2709.0
1753617158537,11:52:38.537,bitget,ACH/USDT:USDT,0.022938,7088.0,0.022937,3290.0,0.022939,188313.0,0.022946,2709.0
1753617158687,11:52:38.687,bitget,ACH/USDT:USDT,0.022938,7088.0,0.022937,3290.0,0.022939,188313.0,0.022946,2709.0
1753617158837,11:52:38.837,bitget,ACH/USDT:USDT,0.022938,7088.0,0.022937,3290.0,0.022939,188313.0,0.022946,2709.0
1753617158987,11:52:38.987,bitget,ACH/USDT:USDT,0.022938,7088.0,0.022937,3290.0,0.022939,188313.0,0.022946,2709.0
1753617159137,11:52:39.137,bitget,ACH/USDT:USDT,0.022938,7088.0,0.022937,3290.0,0.022939,188313.0,0.022946,2709.0
1753617159888,11:52:39.888,bitget,ACH/USDT:USDT,0.022938,7088.0,0.022937,3290.0,0.022939,188313.0,0.022946,2709.0
1753617160038,11:52:40.038,bitget,ACH/USDT:USDT,0.022938,7088.0,0.022937,3290.0,0.022939,188313.0,0.022946,2709.0
1753617160188,11:52:40.188,bitget,ACH/USDT:USDT,0.022938,7088.0,0.022937,3290.0,0.022939,188313.0,0.022946,2709.0
1753617160338,11:52:40.338,bitget,ACH/USDT:USDT,0.022938,7088.0,0.022937,3290.0,0.022939,188313.0,0.022946,2709.0
1753617160488,11:52:40.488,bitget,ACH/USDT:USDT,0.022938,7088.0,0.022937,3290.0,0.022939,188313.0,0.022946,2709.0
1753617160638,11:52:40.638,bitget,ACH/USDT:USDT,0.022938,7088.0,0.022937,3290.0,0.022939,188313.0,0.022946,2709.0
1753617161089,11:52:41.089,bitget,ACH/USDT:USDT,0.022938,7088.0,0.022937,3290.0,0.022939,188313.0,0.022946,2709.0
1753617161239,11:52:41.239,bitget,ACH/USDT:USDT,0.022938,7088.0,0.022937,3290.0,0.022939,188313.0,0.022946,2709.0
1753617161689,11:52:41.689,bitget,ACH/USDT:USDT,0.022938,7088.0,0.022937,3290.0,0.022939,188313.0,0.022946,2709.0
1753617161989,11:52:41.989,bitget,ACH/USDT:USDT,0.022938,7088.0,0.022937,3290.0,0.022939,188313.0,0.022946,2709.0
1753617162439,11:52:42.439,bitget,ACH/USDT:USDT,0.022938,7088.0,0.022937,3290.0,0.022939,188313.0,0.022946,2709.0
1753617162589,11:52:42.589,bitget,ACH/USDT:USDT,0.022938,7088.0,0.022937,3290.0,0.022939,188313.0,0.022946,2709.0
1753617162740,11:52:42.740,bitget,ACH/USDT:USDT,0.022938,7088.0,0.022937,3290.0,0.022939,188313.0,0.022946,2709.0
1753617162890,11:52:42.890,bitget,ACH/USDT:USDT,0.022938,9881.0,0.022937,3290.0,0.022939,188313.0,0.022946,2709.0
1753617163040,11:52:43.040,bitget,ACH/USDT:USDT,0.022938,9881.0,0.022937,3290.0,0.022939,188313.0,0.022946,2709.0
1753617163340,11:52:43.340,bitget,ACH/USDT:USDT,0.022938,9881.0,0.022937,3290.0,0.022939,188313.0,0.022946,2709.0
1753617163490,11:52:43.490,bitget,ACH/USDT:USDT,0.022938,9881.0,0.022937,3290.0,0.022939,188313.0,0.022946,2709.0
1753617163640,11:52:43.640,bitget,ACH/USDT:USDT,0.022938,9881.0,0.022937,3290.0,0.022939,188313.0,0.022946,2709.0
1753617163790,11:52:43.790,bitget,ACH/USDT:USDT,0.022938,9881.0,0.022937,5772.0,0.022939,188313.0,0.022946,2709.0
1753617163940,11:52:43.940,bitget,ACH/USDT:USDT,0.022938,9881.0,0.022937,5772.0,0.022945,188184.0,0.022946,2709.0
1753617164090,11:52:44.090,bitget,ACH/USDT:USDT,0.022938,9881.0,0.022937,5772.0,0.022944,2793.0,0.022945,188184.0
1753617164240,11:52:44.240,bitget,ACH/USDT:USDT,0.022943,7088.0,0.022938,9881.0,0.022945,188184.0,0.022947,16173.0
1753617164391,11:52:44.391,bitget,ACH/USDT:USDT,0.022944,7088.0,0.022943,9881.0,0.022945,188184.0,0.022947,16173.0
1753617164541,11:52:44.541,bitget,ACH/USDT:USDT,0.022944,9881.0,0.022942,4991.0,0.022945,188184.0,0.022947,16173.0
1753617164691,11:52:44.691,bitget,ACH/USDT:USDT,0.022944,7088.0,0.022942,4991.0,0.022945,188184.0,0.022947,16173.0
1753617164991,11:52:44.991,bitget,ACH/USDT:USDT,0.022944,7088.0,0.022942,4991.0,0.022945,188184.0,0.022947,16173.0
1753617165441,11:52:45.441,bitget,ACH/USDT:USDT,0.022944,9881.0,0.022942,4991.0,0.022951,10519.0,0.022953,14218.0
1753617165591,11:52:45.591,bitget,ACH/USDT:USDT,0.02295,7088.0,0.022944,9881.0,0.022953,20264.0,0.022954,58831.0
1753617165741,11:52:45.741,bitget,ACH/USDT:USDT,0.02295,7088.0,0.022948,4991.0,0.022951,2793.0,0.022952,188157.0
1753617165891,11:52:45.891,bitget,ACH/USDT:USDT,0.02295,7088.0,0.022948,4991.0,0.022951,2793.0,0.022952,188157.0
1753617166042,11:52:46.042,bitget,ACH/USDT:USDT,0.02295,7088.0,0.022948,4991.0,0.022951,2793.0,0.022952,188157.0
1753617166192,11:52:46.192,bitget,ACH/USDT:USDT,0.02295,7088.0,0.022948,4991.0,0.022951,2793.0,0.022952,188157.0
1753617166342,11:52:46.342,bitget,ACH/USDT:USDT,0.02295,7088.0,0.022948,4991.0,0.022951,2793.0,0.022952,188157.0
1753617166492,11:52:46.492,bitget,ACH/USDT:USDT,0.02295,7088.0,0.022948,4991.0,0.022951,2793.0,0.022952,188157.0
1753617166642,11:52:46.642,bitget,ACH/USDT:USDT,0.02295,7088.0,0.022948,4991.0,0.022951,2793.0,0.022952,188157.0
1753617166792,11:52:46.792,bitget,ACH/USDT:USDT,0.022948,4991.0,0.022944,2793.0,0.022951,2793.0,0.022952,188157.0
1753617166942,11:52:46.942,bitget,ACH/USDT:USDT,0.022948,4991.0,0.022946,4993.0,0.022951,59240.0,0.022952,188157.0
1753617167092,11:52:47.092,bitget,ACH/USDT:USDT,0.022948,4991.0,0.022946,4993.0,0.022949,2748.0,0.022951,56447.0
1753617167242,11:52:47.242,bitget,ACH/USDT:USDT,0.022948,4991.0,0.022946,4993.0,0.022949,2748.0,0.022951,56447.0
1753617167392,11:52:47.392,bitget,ACH/USDT:USDT,0.022948,4991.0,0.022946,4993.0,0.022949,2748.0,0.022951,56447.0
1753617167543,11:52:47.543,bitget,ACH/USDT:USDT,0.022948,4991.0,0.022946,4993.0,0.022949,2748.0,0.022951,56447.0
1753617167693,11:52:47.693,bitget,ACH/USDT:USDT,0.022948,4991.0,0.022946,4993.0,0.022949,2748.0,0.022951,56447.0
1753617167843,11:52:47.843,bitget,ACH/USDT:USDT,0.022948,4991.0,0.022946,4993.0,0.022949,2748.0,0.022951,56447.0
1753617167993,11:52:47.993,bitget,ACH/USDT:USDT,0.022948,4991.0,0.022946,4993.0,0.022949,2748.0,0.022951,56447.0
1753617168143,11:52:48.143,bitget,ACH/USDT:USDT,0.022948,4991.0,0.022946,4993.0,0.022949,2748.0,0.022951,56447.0
1753617168293,11:52:48.293,bitget,ACH/USDT:USDT,0.022948,4991.0,0.022946,4993.0,0.022949,2748.0,0.022951,56447.0
1753617168443,11:52:48.443,bitget,ACH/USDT:USDT,0.022948,4991.0,0.022946,4993.0,0.022949,2748.0,0.022951,56447.0
1753617168593,11:52:48.593,bitget,ACH/USDT:USDT,0.022948,4991.0,0.022946,4993.0,0.022949,2748.0,0.022951,56447.0
1753617168743,11:52:48.743,bitget,ACH/USDT:USDT,0.022948,4991.0,0.022946,4993.0,0.022951,56447.0,0.022952,188157.0
1753617168893,11:52:48.893,bitget,ACH/USDT:USDT,0.022948,4991.0,0.022946,4993.0,0.02295,2748.0,0.022951,56447.0
1753617169043,11:52:49.043,bitget,ACH/USDT:USDT,0.022949,7088.0,0.022948,7739.0,0.022951,56447.0,0.022952,188157.0
1753617169194,11:52:49.194,bitget,ACH/USDT:USDT,0.02295,7088.0,0.022949,7088.0,0.022952,188157.0,0.022954,2795.0
1753617169344,11:52:49.344,bitget,ACH/USDT:USDT,0.022951,7088.0,0.02295,7088.0,0.022952,188157.0,0.022954,2795.0
1753617169494,11:52:49.494,bitget,ACH/USDT:USDT,0.022951,7088.0,0.022949,7741.0,0.022952,188157.0,0.022954,2795.0
1753617169644,11:52:49.644,bitget,ACH/USDT:USDT,0.022951,7088.0,0.022949,7741.0,0.022952,188157.0,0.022954,2795.0
1753617169794,11:52:49.794,bitget,ACH/USDT:USDT,0.022951,7088.0,0.022949,7741.0,0.022952,188157.0,0.022954,2795.0
1753617169944,11:52:49.944,bitget,ACH/USDT:USDT,0.022951,7088.0,0.022949,7741.0,0.022952,188157.0,0.022954,2795.0
1753617170094,11:52:50.094,bitget,ACH/USDT:USDT,0.022951,7088.0,0.022949,7741.0,0.022952,188157.0,0.022954,2795.0
1753617170244,11:52:50.244,bitget,ACH/USDT:USDT,0.022951,7088.0,0.022949,4993.0,0.022952,188157.0,0.022954,2795.0
1753617170394,11:52:50.394,bitget,ACH/USDT:USDT,0.022951,7088.0,0.022949,4993.0,0.022952,188157.0,0.022954,2795.0
1753617170544,11:52:50.544,bitget,ACH/USDT:USDT,0.022951,7088.0,0.022949,4993.0,0.022952,188157.0,0.022954,2795.0
1753617170694,11:52:50.694,bitget,ACH/USDT:USDT,0.022951,7088.0,0.022949,4993.0,0.022952,188157.0,0.022954,2795.0
1753617170845,11:52:50.845,bitget,ACH/USDT:USDT,0.022949,4993.0,0.022948,2748.0,0.022952,188157.0,0.022955,638.0
1753617170995,11:52:50.995,bitget,ACH/USDT:USDT,0.022949,4993.0,0.022948,2748.0,0.022951,2748.0,0.022952,188157.0
1753617171145,11:52:51.145,bitget,ACH/USDT:USDT,0.02295,7088.0,0.022949,4993.0,0.022951,2748.0,0.022952,188157.0
1753617171295,11:52:51.295,bitget,ACH/USDT:USDT,0.02295,7088.0,0.022948,2748.0,0.022951,2748.0,0.022952,188157.0
1753617171445,11:52:51.445,bitget,ACH/USDT:USDT,0.02295,7088.0,0.022948,7738.0,0.022951,2748.0,0.022952,188157.0
1753617171595,11:52:51.595,bitget,ACH/USDT:USDT,0.02295,7088.0,0.022948,4990.0,0.022952,188157.0,0.022955,638.0
1753617171745,11:52:51.745,bitget,ACH/USDT:USDT,0.02295,7088.0,0.022948,4990.0,0.022952,188157.0,0.022955,638.0
1753617171895,11:52:51.895,bitget,ACH/USDT:USDT,0.02295,9836.0,0.022948,4990.0,0.022952,188157.0,0.022955,638.0
1753617172045,11:52:52.045,bitget,ACH/USDT:USDT,0.022951,7088.0,0.02295,11880.0,0.022952,188157.0,0.022955,638.0
1753617172195,11:52:52.195,bitget,ACH/USDT:USDT,0.022951,9836.0,0.02295,2044.0,0.022952,188157.0,0.022955,638.0
1753617172345,11:52:52.345,bitget,ACH/USDT:USDT,0.022951,9836.0,0.02295,2044.0,0.022954,188091.0,0.022955,638.0
1753617172496,11:52:52.496,bitget,ACH/USDT:USDT,0.022953,7088.0,0.022951,9836.0,0.022954,188091.0,0.022955,638.0
1753617172646,11:52:52.646,bitget,ACH/USDT:USDT,0.022953,7088.0,0.022951,9836.0,0.022954,188091.0,0.022955,638.0
1753617172796,11:52:52.796,bitget,ACH/USDT:USDT,0.022953,7088.0,0.022951,9836.0,0.022954,188091.0,0.022955,638.0
1753617172946,11:52:52.946,bitget,ACH/USDT:USDT,0.022951,7088.0,0.02295,2044.0,0.022954,188091.0,0.022955,638.0
1753617173096,11:52:53.096,bitget,ACH/USDT:USDT,0.022951,7088.0,0.02295,2044.0,0.022953,2748.0,0.022954,188091.0
1753617173246,11:52:53.246,bitget,ACH/USDT:USDT,0.022951,7088.0,0.02295,2044.0,0.022953,2748.0,0.022954,188091.0
1753617173396,11:52:53.396,bitget,ACH/USDT:USDT,0.022951,7088.0,0.02295,2044.0,0.022953,2748.0,0.022954,188091.0
1753617173546,11:52:53.546,bitget,ACH/USDT:USDT,0.022951,7088.0,0.02295,2044.0,0.022953,2748.0,0.022954,188091.0
1753617173696,11:52:53.696,bitget,ACH/USDT:USDT,0.022949,4989.0,0.022943,13380.0,0.022953,2748.0,0.022954,188091.0
1753617173846,11:52:53.846,bitget,ACH/USDT:USDT,0.022949,4989.0,0.022946,2748.0,0.022953,2748.0,0.022954,188091.0
1753617173997,11:52:53.997,bitget,ACH/USDT:USDT,0.022949,4989.0,0.022947,4989.0,0.022953,2748.0,0.022954,188091.0
1753617174147,11:52:54.147,bitget,ACH/USDT:USDT,0.022949,7033.0,0.022948,3928.0,0.022953,59175.0,0.022954,188091.0
1753617174297,11:52:54.297,bitget,ACH/USDT:USDT,0.022949,7033.0,0.022948,3928.0,0.022953,56427.0,0.022954,188091.0
1753617174447,11:52:54.447,bitget,ACH/USDT:USDT,0.022949,9781.0,0.022948,3928.0,0.022954,188091.0,0.022955,638.0
1753617174597,11:52:54.597,bitget,ACH/USDT:USDT,0.022949,7033.0,0.022948,3928.0,0.022952,2748.0,0.022954,188091.0
1753617174747,11:52:54.747,bitget,ACH/USDT:USDT,0.022951,7088.0,0.022949,7033.0,0.022952,2748.0,0.022954,188091.0
1753617174897,11:52:54.897,bitget,ACH/USDT:USDT,0.022951,7088.0,0.022949,7033.0,0.022952,2748.0,0.022954,188091.0
1753617175047,11:52:55.047,bitget,ACH/USDT:USDT,0.022951,7088.0,0.022949,7033.0,0.022952,2748.0,0.022954,188091.0
1753617175197,11:52:55.197,bitget,ACH/USDT:USDT,0.022951,7088.0,0.022949,7033.0,0.022952,2748.0,0.022954,188091.0
1753617175347,11:52:55.347,bitget,ACH/USDT:USDT,0.022951,7088.0,0.022949,7033.0,0.022952,2748.0,0.022954,188091.0
1753617175497,11:52:55.497,bitget,ACH/USDT:USDT,0.022951,7088.0,0.022949,7033.0,0.022952,2748.0,0.022954,188091.0
1753617175648,11:52:55.648,bitget,ACH/USDT:USDT,0.022951,7088.0,0.022949,7033.0,0.022952,2748.0,0.022954,188091.0
1753617175798,11:52:55.798,bitget,ACH/USDT:USDT,0.022951,7088.0,0.022949,7033.0,0.022952,2748.0,0.022954,188091.0
1753617175948,11:52:55.948,bitget,ACH/USDT:USDT,0.022951,7088.0,0.022949,7033.0,0.022952,2748.0,0.022954,188091.0
1753617176098,11:52:56.098,bitget,ACH/USDT:USDT,0.022951,7088.0,0.022949,7033.0,0.022952,2748.0,0.022954,188091.0
1753617176248,11:52:56.248,bitget,ACH/USDT:USDT,0.022951,7088.0,0.022949,7033.0,0.022952,2748.0,0.022954,188091.0
1753617176398,11:52:56.398,bitget,ACH/USDT:USDT,0.022951,7088.0,0.022949,7033.0,0.022952,2748.0,0.022954,188091.0
1753617176548,11:52:56.548,bitget,ACH/USDT:USDT,0.022951,7088.0,0.022949,7033.0,0.022952,2748.0,0.022954,188091.0
1753617176698,11:52:56.698,bitget,ACH/USDT:USDT,0.022951,7088.0,0.022949,7033.0,0.022952,2748.0,0.022954,188091.0
1753617176848,11:52:56.848,bitget,ACH/USDT:USDT,0.022951,7088.0,0.022949,7033.0,0.022952,2748.0,0.022954,188091.0
1753617176998,11:52:56.998,bitget,ACH/USDT:USDT,0.022951,7088.0,0.022949,7033.0,0.022952,2748.0,0.022954,188091.0
1753617177148,11:52:57.148,bitget,ACH/USDT:USDT,0.022951,7088.0,0.022949,7033.0,0.022952,2748.0,0.022954,188091.0
1753617177299,11:52:57.299,bitget,ACH/USDT:USDT,0.022951,7088.0,0.022949,7033.0,0.022952,2748.0,0.022954,188091.0
1753617177449,11:52:57.449,bitget,ACH/USDT:USDT,0.022951,7088.0,0.022949,7033.0,0.022952,2748.0,0.022954,188091.0
1753617177599,11:52:57.599,bitget,ACH/USDT:USDT,0.022951,7088.0,0.022949,7033.0,0.022952,2748.0,0.022954,188091.0
1753617177749,11:52:57.749,bitget,ACH/USDT:USDT,0.022951,7088.0,0.022949,7033.0,0.022952,2748.0,0.022954,188091.0
1753617177899,11:52:57.899,bitget,ACH/USDT:USDT,0.022951,7088.0,0.022949,7033.0,0.022952,2748.0,0.022954,188091.0
1753617178049,11:52:58.049,bitget,ACH/USDT:USDT,0.022951,7088.0,0.022949,7033.0,0.022952,2748.0,0.022954,188091.0
1753617178199,11:52:58.199,bitget,ACH/USDT:USDT,0.022951,7088.0,0.022949,7033.0,0.022952,2748.0,0.022954,188091.0
1753617178349,11:52:58.349,bitget,ACH/USDT:USDT,0.022951,7088.0,0.022949,7033.0,0.022952,2748.0,0.022954,188091.0
1753617178799,11:52:58.799,bitget,ACH/USDT:USDT,0.022951,7088.0,0.022949,7033.0,0.022952,2748.0,0.022954,188091.0
1753617178950,11:52:58.950,bitget,ACH/USDT:USDT,0.022951,7088.0,0.022949,7033.0,0.022952,2748.0,0.022954,188091.0
1753617179100,11:52:59.100,bitget,ACH/USDT:USDT,0.022951,7088.0,0.022949,7033.0,0.022952,2748.0,0.022954,188091.0
1753617179250,11:52:59.250,bitget,ACH/USDT:USDT,0.022951,7088.0,0.022949,7033.0,0.022952,2748.0,0.022954,188091.0
1753617179400,11:52:59.400,bitget,ACH/USDT:USDT,0.022951,7088.0,0.022949,7033.0,0.022952,2748.0,0.022954,188091.0
1753617179550,11:52:59.550,bitget,ACH/USDT:USDT,0.022947,4997.0,0.022945,2811.0,0.022952,6038.0,0.022953,3290.0
1753617179700,11:52:59.700,bitget,ACH/USDT:USDT,0.022945,7808.0,0.022941,2793.0,0.02295,2811.0,0.022952,3290.0
1753617179850,11:52:59.850,bitget,ACH/USDT:USDT,0.022946,7088.0,0.022945,7808.0,0.02295,190807.0,0.022952,3290.0
1753617180000,11:53:00.000,bitget,ACH/USDT:USDT,0.022947,7088.0,0.022946,7088.0,0.022948,2811.0,0.02295,187996.0
1753617180150,11:53:00.150,bitget,ACH/USDT:USDT,0.022947,7088.0,0.022945,7808.0,0.022948,2811.0,0.02295,187996.0
1753617180300,11:53:00.300,bitget,ACH/USDT:USDT,0.022947,7088.0,0.022945,7808.0,0.022948,2811.0,0.02295,187996.0
1753617180450,11:53:00.450,bitget,ACH/USDT:USDT,0.022947,7088.0,0.022945,4997.0,0.022948,2811.0,0.02295,187996.0
1753617180601,11:53:00.601,bitget,ACH/USDT:USDT,0.022947,7088.0,0.022945,4997.0,0.022948,2811.0,0.02295,187996.0
1753617180751,11:53:00.751,bitget,ACH/USDT:USDT,0.022947,7088.0,0.022945,4997.0,0.022948,2811.0,0.02295,187996.0
1753617180901,11:53:00.901,bitget,ACH/USDT:USDT,0.022947,7088.0,0.022945,4997.0,0.022948,2811.0,0.02295,187996.0
1753617181051,11:53:01.051,bitget,ACH/USDT:USDT,0.022947,7088.0,0.022945,4997.0,0.022948,2811.0,0.02295,187996.0
1753617181201,11:53:01.201,bitget,ACH/USDT:USDT,0.022947,7088.0,0.022945,4997.0,0.022948,2811.0,0.02295,187996.0
1753617181351,11:53:01.351,bitget,ACH/USDT:USDT,0.022947,7088.0,0.022945,4997.0,0.022948,2811.0,0.02295,187996.0
1753617181501,11:53:01.501,bitget,ACH/USDT:USDT,0.022947,7088.0,0.022945,4997.0,0.022948,2811.0,0.02295,187996.0
1753617181651,11:53:01.651,bitget,ACH/USDT:USDT,0.022947,7088.0,0.022945,4997.0,0.022948,2811.0,0.02295,187996.0
1753617181801,11:53:01.801,bitget,ACH/USDT:USDT,0.022947,7088.0,0.022945,4997.0,0.022948,2811.0,0.02295,187996.0
1753617181951,11:53:01.951,bitget,ACH/USDT:USDT,0.022947,7088.0,0.022945,4997.0,0.022948,2811.0,0.02295,187996.0
1753617182101,11:53:02.101,bitget,ACH/USDT:USDT,0.022947,7088.0,0.022945,4997.0,0.022948,2811.0,0.02295,187996.0
1753617182252,11:53:02.252,bitget,ACH/USDT:USDT,0.022947,7088.0,0.022945,4997.0,0.02295,187996.0,0.022953,2811.0
1753617182402,11:53:02.402,bitget,ACH/USDT:USDT,0.022949,7088.0,0.022947,7088.0,0.02295,187996.0,0.022953,2811.0
1753617182552,11:53:02.552,bitget,ACH/USDT:USDT,0.022949,9899.0,0.022947,7088.0,0.02295,187996.0,0.022953,2811.0
1753617182702,11:53:02.702,bitget,ACH/USDT:USDT,0.022949,9899.0,0.022947,10378.0,0.02295,187996.0,0.022955,638.0
1753617182852,11:53:02.852,bitget,ACH/USDT:USDT,0.022949,9899.0,0.022947,10378.0,0.022955,638.0,0.022957,2805.0
1753617183002,11:53:03.002,bitget,ACH/USDT:USDT,0.022951,2811.0,0.022949,7088.0,0.022954,187966.0,0.022955,638.0
1753617183152,11:53:03.152,bitget,ACH/USDT:USDT,0.022953,7088.0,0.022951,4863.0,0.022954,187966.0,0.022955,638.0
1753617183302,11:53:03.302,bitget,ACH/USDT:USDT,0.022953,7088.0,0.022951,9864.0,0.022954,187966.0,0.022955,638.0
1753617183452,11:53:03.452,bitget,ACH/USDT:USDT,0.022953,7088.0,0.022951,7053.0,0.022954,187966.0,0.022955,638.0
1753617183602,11:53:03.602,bitget,ACH/USDT:USDT,0.022953,9899.0,0.022951,7053.0,0.022955,638.0,0.022957,2811.0
1753617183753,11:53:03.753,bitget,ACH/USDT:USDT,0.022954,9899.0,0.022953,7088.0,0.022955,638.0,0.022959,13466.0
1753617183903,11:53:03.903,bitget,ACH/USDT:USDT,0.022954,9899.0,0.022951,4863.0,0.022955,638.0,0.022957,187960.0
1753617184053,11:53:04.053,bitget,ACH/USDT:USDT,0.022954,9899.0,0.022952,5002.0,0.022955,638.0,0.022957,187960.0
1753617184203,11:53:04.203,bitget,ACH/USDT:USDT,0.022954,9899.0,0.022952,5002.0,0.022955,638.0,0.022957,187960.0
1753617184353,11:53:04.353,bitget,ACH/USDT:USDT,0.022954,9899.0,0.022952,5002.0,0.022955,638.0,0.02296,187958.0
1753617184503,11:53:04.503,bitget,ACH/USDT:USDT,0.022954,9899.0,0.022952,5002.0,0.022955,638.0,0.02296,187958.0
1753617184653,11:53:04.653,bitget,ACH/USDT:USDT,0.022954,9899.0,0.022952,5002.0,0.022955,638.0,0.02296,187958.0
1753617184803,11:53:04.803,bitget,ACH/USDT:USDT,0.022954,9899.0,0.022952,5002.0,0.022955,638.0,0.02296,187958.0
1753617184953,11:53:04.953,bitget,ACH/USDT:USDT,0.022954,9899.0,0.022952,5002.0,0.022955,638.0,0.02296,187958.0
1753617185103,11:53:05.103,bitget,ACH/USDT:USDT,0.022954,9899.0,0.022952,5002.0,0.022955,638.0,0.02296,187958.0
1753617185253,11:53:05.253,bitget,ACH/USDT:USDT,0.022954,9899.0,0.022952,5002.0,0.022955,638.0,0.02296,187958.0
1753617185404,11:53:05.404,bitget,ACH/USDT:USDT,0.022954,9899.0,0.022952,5002.0,0.022955,638.0,0.02296,187958.0
1753617185554,11:53:05.554,bitget,ACH/USDT:USDT,0.022954,9899.0,0.022952,5002.0,0.022955,638.0,0.02296,187958.0
1753617185704,11:53:05.704,bitget,ACH/USDT:USDT,0.022954,9899.0,0.022952,5002.0,0.022955,638.0,0.02296,187958.0
1753617185854,11:53:05.854,bitget,ACH/USDT:USDT,0.022954,9899.0,0.022952,5002.0,0.022955,638.0,0.02296,187958.0
1753617186004,11:53:06.004,bitget,ACH/USDT:USDT,0.022954,9899.0,0.022952,5002.0,0.022955,638.0,0.02296,187958.0
1753617186154,11:53:06.154,bitget,ACH/USDT:USDT,0.022954,9899.0,0.022952,5002.0,0.022955,638.0,0.02296,187958.0
1753617186304,11:53:06.304,bitget,ACH/USDT:USDT,0.022954,9899.0,0.022952,5002.0,0.022955,638.0,0.02296,187958.0
1753617186454,11:53:06.454,bitget,ACH/USDT:USDT,0.022954,9899.0,0.022952,5002.0,0.022955,638.0,0.02296,187958.0
1753617186604,11:53:06.604,bitget,ACH/USDT:USDT,0.022954,9899.0,0.022952,5002.0,0.022955,638.0,0.02296,187958.0
1753617186754,11:53:06.754,bitget,ACH/USDT:USDT,0.022954,9899.0,0.022952,5002.0,0.022955,638.0,0.02296,187958.0
1753617186904,11:53:06.904,bitget,ACH/USDT:USDT,0.022954,9899.0,0.022952,5002.0,0.022955,638.0,0.02296,187958.0
1753617187055,11:53:07.055,bitget,ACH/USDT:USDT,0.022954,9899.0,0.022952,5002.0,0.022955,638.0,0.02296,187958.0
1753617187355,11:53:07.355,bitget,ACH/USDT:USDT,0.022954,9899.0,0.022952,5002.0,0.022955,638.0,0.02296,187958.0
1753617187505,11:53:07.505,bitget,ACH/USDT:USDT,0.022954,9899.0,0.022952,5002.0,0.022955,638.0,0.02296,187958.0
1753617187655,11:53:07.655,bitget,ACH/USDT:USDT,0.022954,9899.0,0.022952,5002.0,0.022955,638.0,0.02296,187958.0
1753617187805,11:53:07.805,bitget,ACH/USDT:USDT,0.022954,9899.0,0.022952,5002.0,0.022955,638.0,0.022961,2811.0
1753617187955,11:53:07.955,bitget,ACH/USDT:USDT,0.022954,14357.0,0.022952,5002.0,0.022955,638.0,0.022965,190653.0
1753617188105,11:53:08.105,bitget,ACH/USDT:USDT,0.022954,14357.0,0.022952,5002.0,0.022955,638.0,0.022964,57196.0
1753617188255,11:53:08.255,bitget,ACH/USDT:USDT,0.022954,14357.0,0.022952,5002.0,0.022955,638.0,0.022963,17159.0
1753617188405,11:53:08.405,bitget,ACH/USDT:USDT,0.022954,14357.0,0.022952,5002.0,0.022955,638.0,0.022963,17159.0
1753617188555,11:53:08.555,bitget,ACH/USDT:USDT,0.022954,14357.0,0.022952,5002.0,0.022955,638.0,0.022963,17159.0
1753617188706,11:53:08.706,bitget,ACH/USDT:USDT,0.022954,14357.0,0.022952,5002.0,0.022955,638.0,0.022963,17159.0
1753617188856,11:53:08.856,bitget,ACH/USDT:USDT,0.022954,14357.0,0.022952,5002.0,0.022955,638.0,0.022964,57196.0
1753617189006,11:53:09.006,bitget,ACH/USDT:USDT,0.022954,14357.0,0.022952,5002.0,0.022955,638.0,0.022964,57196.0
1753617189156,11:53:09.156,bitget,ACH/USDT:USDT,0.022954,14357.0,0.022952,5002.0,0.022955,638.0,0.022964,57196.0
1753617189306,11:53:09.306,bitget,ACH/USDT:USDT,0.022954,14357.0,0.022952,5002.0,0.022955,638.0,0.022964,57196.0
1753617189456,11:53:09.456,bitget,ACH/USDT:USDT,0.022954,14357.0,0.022952,5002.0,0.022955,638.0,0.022965,190653.0
1753617189606,11:53:09.606,bitget,ACH/USDT:USDT,0.022954,14357.0,0.022952,5002.0,0.022955,638.0,0.022965,190653.0
1753617189756,11:53:09.756,bitget,ACH/USDT:USDT,0.022954,14357.0,0.022952,5002.0,0.022955,638.0,0.022965,2749.0
1753617189906,11:53:09.906,bitget,ACH/USDT:USDT,0.022954,14357.0,0.022952,5002.0,0.022955,638.0,0.022965,2749.0
1753617190056,11:53:10.056,bitget,ACH/USDT:USDT,0.022954,14357.0,0.022952,5002.0,0.022955,638.0,0.022965,2749.0
1753617190206,11:53:10.206,bitget,ACH/USDT:USDT,0.022954,14357.0,0.022952,5002.0,0.022955,638.0,0.022965,2749.0
1753617190357,11:53:10.357,bitget,ACH/USDT:USDT,0.022954,14357.0,0.022952,5002.0,0.022955,638.0,0.022965,2749.0
1753617190507,11:53:10.507,bitget,ACH/USDT:USDT,0.022954,14357.0,0.022952,5002.0,0.022955,638.0,0.022965,2749.0
1753617190657,11:53:10.657,bitget,ACH/USDT:USDT,0.022954,14357.0,0.022952,5002.0,0.022955,638.0,0.022965,2749.0
1753617190807,11:53:10.807,bitget,ACH/USDT:USDT,0.022954,14357.0,0.022952,5002.0,0.022955,638.0,0.022965,2749.0
1753617190957,11:53:10.957,bitget,ACH/USDT:USDT,0.022954,14357.0,0.022952,5002.0,0.022955,638.0,0.022965,2749.0
1753617191107,11:53:11.107,bitget,ACH/USDT:USDT,0.022954,20567.0,0.022952,5002.0,0.022955,638.0,0.022965,2749.0
1753617191257,11:53:11.257,bitget,ACH/USDT:USDT,0.022954,20567.0,0.022952,5002.0,0.022955,638.0,0.022965,2749.0
1753617191407,11:53:11.407,bitget,ACH/USDT:USDT,0.022954,20567.0,0.022952,5002.0,0.022955,638.0,0.022965,2749.0
1753617191557,11:53:11.557,bitget,ACH/USDT:USDT,0.022954,20567.0,0.022952,5002.0,0.022955,638.0,0.022965,2749.0
1753617191707,11:53:11.707,bitget,ACH/USDT:USDT,0.022954,20567.0,0.022952,5002.0,0.022955,638.0,0.022965,2749.0
1753617191857,11:53:11.857,bitget,ACH/USDT:USDT,0.022954,20567.0,0.022952,5002.0,0.022955,638.0,0.022965,2749.0
1753617192008,11:53:12.008,bitget,ACH/USDT:USDT,0.022954,20567.0,0.022952,5002.0,0.022955,638.0,0.022965,2749.0
1753617192158,11:53:12.158,bitget,ACH/USDT:USDT,0.022954,20567.0,0.022952,5002.0,0.022955,638.0,0.022965,2749.0
1753617192308,11:53:12.308,bitget,ACH/USDT:USDT,0.022954,20567.0,0.022952,5002.0,0.022955,638.0,0.022965,2749.0
1753617192458,11:53:12.458,bitget,ACH/USDT:USDT,0.022954,20567.0,0.022952,5002.0,0.022955,638.0,0.022965,2749.0
1753617192608,11:53:12.608,bitget,ACH/USDT:USDT,0.022954,20567.0,0.022952,5002.0,0.022955,638.0,0.022965,2749.0
1753617192758,11:53:12.758,bitget,ACH/USDT:USDT,0.022954,20567.0,0.022952,5002.0,0.022955,638.0,0.022965,2749.0
1753617192908,11:53:12.908,bitget,ACH/USDT:USDT,0.022954,20567.0,0.022952,5002.0,0.022955,638.0,0.022965,2749.0
1753617193058,11:53:13.058,bitget,ACH/USDT:USDT,0.022954,20567.0,0.022952,5002.0,0.022955,638.0,0.022965,2749.0
1753617193208,11:53:13.208,bitget,ACH/USDT:USDT,0.022954,20567.0,0.022952,5002.0,0.022955,638.0,0.022965,2749.0
1753617193358,11:53:13.358,bitget,ACH/USDT:USDT,0.022954,20567.0,0.022952,5002.0,0.022955,638.0,0.022965,2749.0
1753617193508,11:53:13.508,bitget,ACH/USDT:USDT,0.022954,20567.0,0.022952,5002.0,0.022955,638.0,0.022965,2749.0
1753617193659,11:53:13.659,bitget,ACH/USDT:USDT,0.022954,20567.0,0.022952,5002.0,0.022955,638.0,0.022965,2749.0
1753617193809,11:53:13.809,bitget,ACH/USDT:USDT,0.022954,20567.0,0.022952,5002.0,0.022955,638.0,0.022965,2749.0
1753617193959,11:53:13.959,bitget,ACH/USDT:USDT,0.022954,20567.0,0.022952,5002.0,0.022955,638.0,0.022965,2749.0
1753617194109,11:53:14.109,bitget,ACH/USDT:USDT,0.022954,20567.0,0.022952,5002.0,0.022955,638.0,0.022965,2749.0
1753617194259,11:53:14.259,bitget,ACH/USDT:USDT,0.022954,20567.0,0.022952,5002.0,0.022955,638.0,0.022965,2749.0
1753617194409,11:53:14.409,bitget,ACH/USDT:USDT,0.022954,20567.0,0.022952,5002.0,0.022955,638.0,0.022965,2749.0
1753617194559,11:53:14.559,bitget,ACH/USDT:USDT,0.022954,20567.0,0.022952,5002.0,0.022955,638.0,0.022965,2749.0
1753617194709,11:53:14.709,bitget,ACH/USDT:USDT,0.022954,20567.0,0.022952,5002.0,0.022955,638.0,0.022965,2749.0
1753617194859,11:53:14.859,bitget,ACH/USDT:USDT,0.022954,20567.0,0.022952,5002.0,0.022955,638.0,0.022965,2749.0
1753617195009,11:53:15.009,bitget,ACH/USDT:USDT,0.022954,20567.0,0.022952,5002.0,0.022955,638.0,0.022965,2749.0
1753617195160,11:53:15.160,bitget,ACH/USDT:USDT,0.022954,20567.0,0.022952,5002.0,0.022955,638.0,0.022965,2749.0
1753617195310,11:53:15.310,bitget,ACH/USDT:USDT,0.022954,20567.0,0.022952,5002.0,0.022955,638.0,0.022965,2749.0
1753617195460,11:53:15.460,bitget,ACH/USDT:USDT,0.022954,20567.0,0.022952,5002.0,0.022955,638.0,0.022965,2749.0
1753617195610,11:53:15.610,bitget,ACH/USDT:USDT,0.022954,20567.0,0.022952,5002.0,0.022955,638.0,0.022965,2749.0
1753617195760,11:53:15.760,bitget,ACH/USDT:USDT,0.022954,20567.0,0.022952,5002.0,0.022955,638.0,0.022965,2749.0
1753617195910,11:53:15.910,bitget,ACH/USDT:USDT,0.022954,20567.0,0.022952,5002.0,0.022955,638.0,0.022965,2749.0
1753617196060,11:53:16.060,bitget,ACH/USDT:USDT,0.022954,20567.0,0.022952,5002.0,0.022955,638.0,0.022965,2749.0
1753617196210,11:53:16.210,bitget,ACH/USDT:USDT,0.022954,20567.0,0.022952,5002.0,0.022955,638.0,0.022965,2749.0
1753617196360,11:53:16.360,bitget,ACH/USDT:USDT,0.022954,20567.0,0.022952,5002.0,0.022955,638.0,0.022965,2749.0
1753617196510,11:53:16.510,bitget,ACH/USDT:USDT,0.022954,14357.0,0.022952,5002.0,0.022955,638.0,0.022965,2749.0
1753617196660,11:53:16.660,bitget,ACH/USDT:USDT,0.022954,14357.0,0.022952,5002.0,0.022955,638.0,0.022965,2749.0
1753617196810,11:53:16.810,bitget,ACH/USDT:USDT,0.022954,17431.0,0.022952,5002.0,0.022955,638.0,0.022965,2749.0
1753617196961,11:53:16.961,bitget,ACH/USDT:USDT,0.022954,17431.0,0.022952,5002.0,0.022955,638.0,0.022965,2749.0
1753617197111,11:53:17.111,bitget,ACH/USDT:USDT,0.022954,21197.0,0.022952,5002.0,0.022955,638.0,0.022965,2749.0
1753617197261,11:53:17.261,bitget,ACH/USDT:USDT,0.022954,21197.0,0.022952,5002.0,0.022955,638.0,0.022965,2749.0
1753617197411,11:53:17.411,bitget,ACH/USDT:USDT,0.022954,21197.0,0.022952,5002.0,0.022955,638.0,0.022965,2749.0
1753617197561,11:53:17.561,bitget,ACH/USDT:USDT,0.022954,21197.0,0.022952,5002.0,0.022955,638.0,0.022965,2749.0
1753617197711,11:53:17.711,bitget,ACH/USDT:USDT,0.022954,21197.0,0.022952,5002.0,0.022955,638.0,0.022965,2749.0
1753617197861,11:53:17.861,bitget,ACH/USDT:USDT,0.022954,21197.0,0.022952,5002.0,0.022955,638.0,0.022965,2749.0
1753617198011,11:53:18.011,bitget,ACH/USDT:USDT,0.022954,21197.0,0.022952,5002.0,0.022955,638.0,0.022965,2749.0
1753617198161,11:53:18.161,bitget,ACH/USDT:USDT,0.022954,21197.0,0.022952,5002.0,0.022955,638.0,0.022965,2749.0
1753617198311,11:53:18.311,bitget,ACH/USDT:USDT,0.022954,21197.0,0.022952,5002.0,0.022955,638.0,0.022965,2749.0
1753617198461,11:53:18.461,bitget,ACH/USDT:USDT,0.022954,21197.0,0.022952,5002.0,0.022955,638.0,0.022968,2714.0
1753617198612,11:53:18.612,bitget,ACH/USDT:USDT,0.022954,21197.0,0.022952,5002.0,0.022955,638.0,0.022968,2714.0
1753617198762,11:53:18.762,bitget,ACH/USDT:USDT,0.022954,21197.0,0.022952,5002.0,0.022955,638.0,0.022968,2714.0
1753617198912,11:53:18.912,bitget,ACH/USDT:USDT,0.022954,21197.0,0.022952,5002.0,0.022955,638.0,0.022968,2714.0
1753617199062,11:53:19.062,bitget,ACH/USDT:USDT,0.022954,21197.0,0.022952,5002.0,0.022955,638.0,0.022968,2714.0
1753617199212,11:53:19.212,bitget,ACH/USDT:USDT,0.022954,21197.0,0.022952,5002.0,0.022955,638.0,0.022968,2714.0
1753617199362,11:53:19.362,bitget,ACH/USDT:USDT,0.022954,21197.0,0.022952,5002.0,0.022955,638.0,0.022968,2714.0
1753617199512,11:53:19.512,bitget,ACH/USDT:USDT,0.022954,21197.0,0.022952,5002.0,0.022955,638.0,0.022968,2714.0
1753617199662,11:53:19.662,bitget,ACH/USDT:USDT,0.022954,21197.0,0.022952,5002.0,0.022955,638.0,0.022968,2714.0
1753617199812,11:53:19.812,bitget,ACH/USDT:USDT,0.022954,21197.0,0.022952,5002.0,0.022955,638.0,0.022968,2714.0
1753617199962,11:53:19.962,bitget,ACH/USDT:USDT,0.022954,21197.0,0.022952,5002.0,0.022955,638.0,0.022968,2714.0
1753617200112,11:53:20.112,bitget,ACH/USDT:USDT,0.022954,21114.0,0.022952,5002.0,0.022955,638.0,0.022968,2714.0
1753617200263,11:53:20.263,bitget,ACH/USDT:USDT,0.022954,35729.0,0.022952,5002.0,0.022955,638.0,0.022968,2714.0
1753617200413,11:53:20.413,bitget,ACH/USDT:USDT,0.022954,35729.0,0.022952,5002.0,0.022955,638.0,0.022968,2714.0
1753617200563,11:53:20.563,bitget,ACH/USDT:USDT,0.022954,35729.0,0.022952,5002.0,0.022955,638.0,0.022968,2714.0
1753617200713,11:53:20.713,bitget,ACH/USDT:USDT,0.022954,35729.0,0.022952,5002.0,0.022955,638.0,0.022968,2714.0
1753617200863,11:53:20.863,bitget,ACH/USDT:USDT,0.022954,35729.0,0.022952,5002.0,0.022955,638.0,0.022968,2714.0
1753617201013,11:53:21.013,bitget,ACH/USDT:USDT,0.022954,35729.0,0.022952,5002.0,0.022955,638.0,0.022968,2714.0
1753617201163,11:53:21.163,bitget,ACH/USDT:USDT,0.022954,35729.0,0.022952,5002.0,0.022955,638.0,0.022968,2714.0
1753617201313,11:53:21.313,bitget,ACH/USDT:USDT,0.022954,35729.0,0.022952,5002.0,0.022955,638.0,0.022968,2714.0
1753617201463,11:53:21.463,bitget,ACH/USDT:USDT,0.022954,35729.0,0.022952,5002.0,0.022955,638.0,0.022968,2714.0
1753617201613,11:53:21.613,bitget,ACH/USDT:USDT,0.022954,35729.0,0.022952,5002.0,0.022955,638.0,0.022968,2714.0
1753617201764,11:53:21.764,bitget,ACH/USDT:USDT,0.022954,14055.0,0.022952,5002.0,0.022955,638.0,0.022968,2714.0
1753617201914,11:53:21.914,bitget,ACH/USDT:USDT,0.022954,18099.0,0.022952,5002.0,0.022955,638.0,0.022968,2714.0
1753617202064,11:53:22.064,bitget,ACH/USDT:USDT,0.022954,18099.0,0.022952,5002.0,0.022955,638.0,0.022968,2714.0
1753617202214,11:53:22.214,bitget,ACH/USDT:USDT,0.022954,18099.0,0.022952,5002.0,0.022955,638.0,0.022968,2714.0
1753617202364,11:53:22.364,bitget,ACH/USDT:USDT,0.022954,18099.0,0.022952,5002.0,0.022955,638.0,0.022968,2714.0
1753617202514,11:53:22.514,bitget,ACH/USDT:USDT,0.022954,18099.0,0.022952,5002.0,0.022955,638.0,0.022968,2714.0
1753617202664,11:53:22.664,bitget,ACH/USDT:USDT,0.022954,18099.0,0.022952,5002.0,0.022955,638.0,0.022968,2714.0
1753617202814,11:53:22.814,bitget,ACH/USDT:USDT,0.022954,18099.0,0.022952,5002.0,0.022955,638.0,0.022968,2714.0
1753617202964,11:53:22.964,bitget,ACH/USDT:USDT,0.022954,18099.0,0.022952,5002.0,0.022955,638.0,0.022968,2714.0
1753617203114,11:53:23.114,bitget,ACH/USDT:USDT,0.022954,18099.0,0.022952,5002.0,0.022955,638.0,0.022968,2714.0
1753617203264,11:53:23.264,bitget,ACH/USDT:USDT,0.022954,20277.0,0.022952,5002.0,0.022955,638.0,0.022968,2714.0
1753617203415,11:53:23.415,bitget,ACH/USDT:USDT,0.022954,20277.0,0.022952,5002.0,0.022955,638.0,0.022968,2714.0
1753617203565,11:53:23.565,bitget,ACH/USDT:USDT,0.022954,27381.0,0.022952,5002.0,0.022955,638.0,0.022968,2714.0
1753617203715,11:53:23.715,bitget,ACH/USDT:USDT,0.022954,27381.0,0.022952,5002.0,0.022955,638.0,0.022968,2714.0
1753617203865,11:53:23.865,bitget,ACH/USDT:USDT,0.022954,27381.0,0.022952,5002.0,0.022955,638.0,0.022968,2714.0
1753617204015,11:53:24.015,bitget,ACH/USDT:USDT,0.022954,27381.0,0.022952,5002.0,0.022955,638.0,0.022968,2714.0
1753617204165,11:53:24.165,bitget,ACH/USDT:USDT,0.022954,27381.0,0.022952,5002.0,0.022955,638.0,0.022968,2714.0
1753617204315,11:53:24.315,bitget,ACH/USDT:USDT,0.022954,27381.0,0.022952,5002.0,0.022955,638.0,0.022968,2714.0
1753617204465,11:53:24.465,bitget,ACH/USDT:USDT,0.022954,27381.0,0.022952,5002.0,0.022955,638.0,0.022968,2714.0
1753617204615,11:53:24.615,bitget,ACH/USDT:USDT,0.022954,29559.0,0.022952,5002.0,0.022955,638.0,0.022968,2714.0
1753617204765,11:53:24.765,bitget,ACH/USDT:USDT,0.022954,29559.0,0.022952,5002.0,0.022955,638.0,0.022968,2714.0
1753617204915,11:53:24.915,bitget,ACH/USDT:USDT,0.022954,33915.0,0.022952,5002.0,0.022955,638.0,0.022968,2714.0
1753617205066,11:53:25.066,bitget,ACH/USDT:USDT,0.022954,33915.0,0.022952,5002.0,0.022955,638.0,0.022968,2714.0
1753617205216,11:53:25.216,bitget,ACH/USDT:USDT,0.022954,33915.0,0.022952,5002.0,0.022955,638.0,0.022968,2714.0
1753617205366,11:53:25.366,bitget,ACH/USDT:USDT,0.022954,33915.0,0.022952,5002.0,0.022955,638.0,0.022968,2714.0
1753617205516,11:53:25.516,bitget,ACH/USDT:USDT,0.022954,33915.0,0.022952,5002.0,0.022955,638.0,0.022968,2714.0
1753617205666,11:53:25.666,bitget,ACH/USDT:USDT,0.022954,33915.0,0.022952,5002.0,0.022955,638.0,0.022968,2714.0
1753617205816,11:53:25.816,bitget,ACH/USDT:USDT,0.022954,38271.0,0.022952,5002.0,0.022955,638.0,0.022968,2714.0
1753617205966,11:53:25.966,bitget,ACH/USDT:USDT,0.022954,38271.0,0.022952,5002.0,0.022955,638.0,0.022968,2714.0
1753617206116,11:53:26.116,bitget,ACH/USDT:USDT,0.022954,38271.0,0.022952,5002.0,0.022955,638.0,0.022968,2714.0
1753617206266,11:53:26.266,bitget,ACH/USDT:USDT,0.022954,38271.0,0.022952,5002.0,0.022955,638.0,0.022968,2714.0
1753617206416,11:53:26.416,bitget,ACH/USDT:USDT,0.022954,51056.0,0.022952,5002.0,0.022955,638.0,0.022968,2714.0
1753617206566,11:53:26.566,bitget,ACH/USDT:USDT,0.022954,51056.0,0.022952,5002.0,0.022955,638.0,0.022968,2714.0
1753617206716,11:53:26.716,bitget,ACH/USDT:USDT,0.022954,51056.0,0.022952,5002.0,0.022955,638.0,0.022968,2714.0
1753617206867,11:53:26.867,bitget,ACH/USDT:USDT,0.022954,51056.0,0.022952,5002.0,0.022955,638.0,0.022968,2714.0
1753617207017,11:53:27.017,bitget,ACH/USDT:USDT,0.022954,51056.0,0.022952,5002.0,0.022955,638.0,0.022968,2714.0
1753617207167,11:53:27.167,bitget,ACH/USDT:USDT,0.022954,51056.0,0.022952,5002.0,0.022955,638.0,0.022968,2714.0
1753617207317,11:53:27.317,bitget,ACH/USDT:USDT,0.022954,51056.0,0.022952,5002.0,0.022955,638.0,0.022968,2714.0
1753617207467,11:53:27.467,bitget,ACH/USDT:USDT,0.022954,46130.0,0.022952,5002.0,0.022955,638.0,0.022968,2714.0
1753617207617,11:53:27.617,bitget,ACH/USDT:USDT,0.022954,46130.0,0.022952,5002.0,0.022955,638.0,0.022968,2714.0
1753617207767,11:53:27.767,bitget,ACH/USDT:USDT,0.022954,46130.0,0.022952,5002.0,0.022955,638.0,0.022968,2714.0
1753617207917,11:53:27.917,bitget,ACH/USDT:USDT,0.022954,46130.0,0.022952,5002.0,0.022955,638.0,0.022968,2714.0
1753617208067,11:53:28.067,bitget,ACH/USDT:USDT,0.022954,46130.0,0.022952,5002.0,0.022955,638.0,0.022968,2714.0
1753617208217,11:53:28.217,bitget,ACH/USDT:USDT,0.022954,46130.0,0.022952,5002.0,0.022955,638.0,0.022968,2714.0
1753617208367,11:53:28.367,bitget,ACH/USDT:USDT,0.022954,46130.0,0.022952,5002.0,0.022955,638.0,0.022968,2714.0
1753617208518,11:53:28.518,bitget,ACH/USDT:USDT,0.022955,13839.0,0.022954,46130.0,0.022968,2714.0,0.022971,2767.0
1753617208668,11:53:28.668,bitget,ACH/USDT:USDT,0.022967,7088.0,0.022958,44599.0,0.022974,2766.0,0.022975,7823.0
1753617208818,11:53:28.818,bitget,ACH/USDT:USDT,0.022967,7088.0,0.022965,5030.0,0.022974,2766.0,0.022976,13380.0
1753617208968,11:53:28.968,bitget,ACH/USDT:USDT,0.022967,7088.0,0.022965,5030.0,0.022974,2766.0,0.022976,13380.0
1753617209118,11:53:29.118,bitget,ACH/USDT:USDT,0.022967,9814.0,0.022965,5030.0,0.022974,2766.0,0.022976,13380.0
1753617209268,11:53:29.268,bitget,ACH/USDT:USDT,0.022967,9814.0,0.022965,5030.0,0.022974,2766.0,0.022976,13380.0
1753617209418,11:53:29.418,bitget,ACH/USDT:USDT,0.022967,9814.0,0.022965,5030.0,0.022974,2766.0,0.022976,13380.0
1753617209568,11:53:29.568,bitget,ACH/USDT:USDT,0.022967,9814.0,0.022965,5030.0,0.022974,2766.0,0.022976,13380.0
1753617209718,11:53:29.718,bitget,ACH/USDT:USDT,0.022967,9814.0,0.022965,5030.0,0.022974,2766.0,0.022976,13380.0
1753617209868,11:53:29.868,bitget,ACH/USDT:USDT,0.022967,9814.0,0.022965,5030.0,0.022974,2766.0,0.022976,13380.0
1753617210019,11:53:30.019,bitget,ACH/USDT:USDT,0.022968,2726.0,0.022967,7088.0,0.022974,2766.0,0.022977,47821.0
1753617210169,11:53:30.169,bitget,ACH/USDT:USDT,0.022968,2726.0,0.022966,5031.0,0.022974,2766.0,0.022976,14346.0
1753617210319,11:53:30.319,bitget,ACH/USDT:USDT,0.022966,5031.0,0.022964,2726.0,0.022974,2766.0,0.022976,14346.0
1753617210469,11:53:30.469,bitget,ACH/USDT:USDT,0.022966,5031.0,0.022964,7759.0,0.022974,2766.0,0.022976,14346.0
1753617210619,11:53:30.619,bitget,ACH/USDT:USDT,0.022966,7757.0,0.022964,5033.0,0.022974,2766.0,0.022976,14346.0
1753617210769,11:53:30.769,bitget,ACH/USDT:USDT,0.022967,2726.0,0.022966,5031.0,0.022974,2766.0,0.022976,14346.0
1753617210919,11:53:30.919,bitget,ACH/USDT:USDT,0.022967,2726.0,0.022965,5033.0,0.022974,2766.0,0.022976,14346.0
1753617211069,11:53:31.069,bitget,ACH/USDT:USDT,0.022967,2726.0,0.022965,5033.0,0.022974,2766.0,0.022976,14346.0
1753617211219,11:53:31.219,bitget,ACH/USDT:USDT,0.022967,2726.0,0.022965,5033.0,0.022974,2766.0,0.022976,14346.0
1753617211369,11:53:31.369,bitget,ACH/USDT:USDT,0.022967,2726.0,0.022965,5033.0,0.022974,2766.0,0.022976,14346.0
1753617211519,11:53:31.519,bitget,ACH/USDT:USDT,0.022967,2726.0,0.022965,5033.0,0.022974,2766.0,0.022976,14346.0
1753617211670,11:53:31.670,bitget,ACH/USDT:USDT,0.022967,2726.0,0.022965,5033.0,0.022974,2766.0,0.022976,14346.0
1753617211820,11:53:31.820,bitget,ACH/USDT:USDT,0.022967,2726.0,0.022965,5033.0,0.022974,2766.0,0.022977,47821.0
1753617211970,11:53:31.970,bitget,ACH/USDT:USDT,0.022967,2726.0,0.022965,5033.0,0.022974,2766.0,0.022976,14346.0
1753617212120,11:53:32.120,bitget,ACH/USDT:USDT,0.022967,2726.0,0.022965,5033.0,0.022974,2766.0,0.022976,14346.0
1753617212270,11:53:32.270,bitget,ACH/USDT:USDT,0.022973,7088.0,0.022968,7088.0,0.022978,2700.0,0.022981,69285.0
1753617212420,11:53:32.420,bitget,ACH/USDT:USDT,0.022973,7088.0,0.022971,5033.0,0.022978,2700.0,0.022981,2758.0
1753617212570,11:53:32.570,bitget,ACH/USDT:USDT,0.022973,7088.0,0.022971,5033.0,0.022981,2758.0,0.022982,12289.0
1753617212720,11:53:32.720,bitget,ACH/USDT:USDT,0.022973,7088.0,0.022971,5033.0,0.022981,2758.0,0.022982,12289.0
1753617212870,11:53:32.870,bitget,ACH/USDT:USDT,0.022973,7088.0,0.022971,5033.0,0.022981,2758.0,0.022982,12289.0
1753617213020,11:53:33.020,bitget,ACH/USDT:USDT,0.022973,7088.0,0.022971,5033.0,0.022981,2758.0,0.022982,12289.0
1753617213170,11:53:33.170,bitget,ACH/USDT:USDT,0.022973,9814.0,0.022971,5033.0,0.022981,2758.0,0.022982,12289.0
1753617213321,11:53:33.321,bitget,ACH/USDT:USDT,0.022973,9814.0,0.022971,5033.0,0.022981,2758.0,0.022982,12289.0
1753617213471,11:53:33.471,bitget,ACH/USDT:USDT,0.022971,5033.0,0.022967,2726.0,0.022981,2758.0,0.022982,12289.0
1753617213621,11:53:33.621,bitget,ACH/USDT:USDT,0.022969,5033.0,0.022961,2726.0,0.022981,2758.0,0.022982,12289.0
1753617213771,11:53:33.771,bitget,ACH/USDT:USDT,0.022969,7759.0,0.022967,5033.0,0.022981,2758.0,0.022982,12289.0
1753617213921,11:53:33.921,bitget,ACH/USDT:USDT,0.022969,5033.0,0.022967,5033.0,0.022981,2758.0,0.022982,12289.0
1753617214071,11:53:34.071,bitget,ACH/USDT:USDT,0.022969,5033.0,0.022967,5033.0,0.022981,2758.0,0.022982,12289.0
1753617214221,11:53:34.221,bitget,ACH/USDT:USDT,0.022969,5033.0,0.022967,5033.0,0.022981,2758.0,0.022982,12289.0
1753617214371,11:53:34.371,bitget,ACH/USDT:USDT,0.022969,7759.0,0.022967,5033.0,0.022981,2758.0,0.022982,12289.0
1753617214521,11:53:34.521,bitget,ACH/USDT:USDT,0.022969,7759.0,0.022967,5033.0,0.022981,2758.0,0.022982,12289.0
1753617214671,11:53:34.671,bitget,ACH/USDT:USDT,0.022969,7759.0,0.022967,5033.0,0.022981,2758.0,0.022982,12289.0
1753617214822,11:53:34.822,bitget,ACH/USDT:USDT,0.022969,5033.0,0.022967,5033.0,0.022977,44599.0,0.022981,2758.0
1753617214972,11:53:34.972,bitget,ACH/USDT:USDT,0.022969,5033.0,0.022967,5033.0,0.022975,2726.0,0.022976,13380.0
1753617215122,11:53:35.122,bitget,ACH/USDT:USDT,0.022969,5033.0,0.022967,5033.0,0.022975,2726.0,0.022976,13380.0
1753617215272,11:53:35.272,bitget,ACH/USDT:USDT,0.022969,5033.0,0.022967,5033.0,0.022975,2726.0,0.022976,13380.0
1753617215422,11:53:35.422,bitget,ACH/USDT:USDT,0.022969,5033.0,0.022967,5033.0,0.022975,2726.0,0.022976,13380.0
1753617215572,11:53:35.572,bitget,ACH/USDT:USDT,0.022969,7759.0,0.022967,5033.0,0.022975,2726.0,0.022976,13380.0
1753617215722,11:53:35.722,bitget,ACH/USDT:USDT,0.02297,9814.0,0.022969,5033.0,0.022975,2726.0,0.022976,13380.0
1753617215872,11:53:35.872,bitget,ACH/USDT:USDT,0.022971,7088.0,0.02297,7088.0,0.022975,2726.0,0.022981,2758.0
1753617216022,11:53:36.022,bitget,ACH/USDT:USDT,0.022972,7088.0,0.022971,7088.0,0.022981,2758.0,0.022982,12289.0
1753617216172,11:53:36.172,bitget,ACH/USDT:USDT,0.022973,7088.0,0.022972,7088.0,0.022981,2758.0,0.022982,12289.0
1753617216322,11:53:36.322,bitget,ACH/USDT:USDT,0.022974,7088.0,0.022973,7088.0,0.022981,2758.0,0.022982,12289.0
1753617216473,11:53:36.473,bitget,ACH/USDT:USDT,0.022974,7088.0,0.022971,7760.0,0.022981,2758.0,0.022982,12289.0
1753617216623,11:53:36.623,bitget,ACH/USDT:USDT,0.022974,7088.0,0.022972,5034.0,0.022981,2758.0,0.022982,12289.0
1753617216773,11:53:36.773,bitget,ACH/USDT:USDT,0.022974,7088.0,0.022972,5034.0,0.022981,2758.0,0.022982,12289.0
1753617216923,11:53:36.923,bitget,ACH/USDT:USDT,0.022974,7088.0,0.022972,5034.0,0.022981,2758.0,0.022982,12289.0
1753617217073,11:53:37.073,bitget,ACH/USDT:USDT,0.022974,7088.0,0.022972,5034.0,0.022981,2758.0,0.022982,12289.0
1753617217223,11:53:37.223,bitget,ACH/USDT:USDT,0.022974,7088.0,0.022972,5034.0,0.022981,2758.0,0.022982,12289.0
1753617217373,11:53:37.373,bitget,ACH/USDT:USDT,0.022974,7088.0,0.022972,5034.0,0.022981,2758.0,0.022982,12289.0
1753617217523,11:53:37.523,bitget,ACH/USDT:USDT,0.022974,7088.0,0.022972,5034.0,0.022981,2758.0,0.022982,12289.0
1753617217673,11:53:37.673,bitget,ACH/USDT:USDT,0.022974,7088.0,0.022972,5034.0,0.022981,2758.0,0.022982,12289.0
1753617217823,11:53:37.823,bitget,ACH/USDT:USDT,0.022974,7088.0,0.022972,5034.0,0.022981,2758.0,0.022982,12289.0
1753617217973,11:53:37.973,bitget,ACH/USDT:USDT,0.022974,7088.0,0.022972,5034.0,0.022981,2758.0,0.022982,12289.0
1753617218124,11:53:38.124,bitget,ACH/USDT:USDT,0.022974,7088.0,0.022972,5034.0,0.022981,2758.0,0.022982,12289.0
1753617218274,11:53:38.274,bitget,ACH/USDT:USDT,0.022974,7088.0,0.022972,5034.0,0.022981,2758.0,0.022982,12289.0
1753617218424,11:53:38.424,bitget,ACH/USDT:USDT,0.022974,7088.0,0.022972,5034.0,0.022981,2758.0,0.022982,12289.0
1753617218574,11:53:38.574,bitget,ACH/USDT:USDT,0.022975,2806.0,0.022974,7088.0,0.022981,2758.0,0.022982,12289.0
1753617218724,11:53:38.724,bitget,ACH/USDT:USDT,0.022973,5033.0,0.022968,2726.0,0.022981,2758.0,0.022982,12289.0
1753617218874,11:53:38.874,bitget,ACH/USDT:USDT,0.022974,2806.0,0.022973,5033.0,0.022981,2758.0,0.022982,12289.0
1753617219024,11:53:39.024,bitget,ACH/USDT:USDT,0.022975,7088.0,0.022974,2806.0,0.022981,2758.0,0.022982,12289.0
1753617219174,11:53:39.174,bitget,ACH/USDT:USDT,0.022975,7088.0,0.022974,2806.0,0.022981,2758.0,0.022982,12289.0
1753617219324,11:53:39.324,bitget,ACH/USDT:USDT,0.022975,7088.0,0.022974,2806.0,0.022981,2758.0,0.022982,12289.0
1753617219474,11:53:39.474,bitget,ACH/USDT:USDT,0.022975,7088.0,0.022973,5033.0,0.022981,2758.0,0.022982,12289.0
1753617219625,11:53:39.625,bitget,ACH/USDT:USDT,0.022975,7088.0,0.022973,5033.0,0.022981,2758.0,0.022982,12289.0
1753617219775,11:53:39.775,bitget,ACH/USDT:USDT,0.022975,7088.0,0.022973,5033.0,0.022981,2758.0,0.022982,12289.0
1753617219925,11:53:39.925,bitget,ACH/USDT:USDT,0.022975,7088.0,0.022973,5033.0,0.022981,2758.0,0.022982,12289.0
1753617220075,11:53:40.075,bitget,ACH/USDT:USDT,0.022975,7088.0,0.022973,5033.0,0.022981,2758.0,0.022982,12289.0
1753617220225,11:53:40.225,bitget,ACH/USDT:USDT,0.022975,7088.0,0.022973,5033.0,0.022981,2758.0,0.022982,12289.0
1753617220375,11:53:40.375,bitget,ACH/USDT:USDT,0.022975,7088.0,0.022973,5033.0,0.022981,2758.0,0.022982,12289.0
1753617220525,11:53:40.525,bitget,ACH/USDT:USDT,0.022975,7088.0,0.022973,5033.0,0.022981,2758.0,0.022982,12289.0
1753617220675,11:53:40.675,bitget,ACH/USDT:USDT,0.022975,7088.0,0.022973,5033.0,0.022981,2758.0,0.022982,12289.0
1753617220825,11:53:40.825,bitget,ACH/USDT:USDT,0.022975,9894.0,0.022973,5033.0,0.022981,2758.0,0.022982,12289.0
1753617220975,11:53:40.975,bitget,ACH/USDT:USDT,0.022976,7088.0,0.022975,7088.0,0.022981,2758.0,0.022982,12289.0
1753617221125,11:53:41.125,bitget,ACH/USDT:USDT,0.022976,7088.0,0.022974,5033.0,0.022981,2758.0,0.022982,12289.0
1753617221276,11:53:41.276,bitget,ACH/USDT:USDT,0.022976,7088.0,0.022974,5033.0,0.022981,2758.0,0.022982,12289.0
1753617221426,11:53:41.426,bitget,ACH/USDT:USDT,0.022976,7088.0,0.022974,5033.0,0.022981,2758.0,0.022982,12289.0
1753617221576,11:53:41.576,bitget,ACH/USDT:USDT,0.022976,7088.0,0.022974,5033.0,0.022981,2758.0,0.022982,12289.0
1753617221726,11:53:41.726,bitget,ACH/USDT:USDT,0.022976,7088.0,0.022974,5033.0,0.022981,2758.0,0.022982,12289.0
1753617221876,11:53:41.876,bitget,ACH/USDT:USDT,0.022976,7088.0,0.022974,5033.0,0.022981,2758.0,0.022982,12289.0
1753617222026,11:53:42.026,bitget,ACH/USDT:USDT,0.022976,7088.0,0.022974,5033.0,0.022981,2758.0,0.022982,12289.0
1753617222176,11:53:42.176,bitget,ACH/USDT:USDT,0.022976,7088.0,0.022974,5033.0,0.022981,2758.0,0.022982,12289.0
1753617222326,11:53:42.326,bitget,ACH/USDT:USDT,0.022976,7088.0,0.022974,5033.0,0.022981,2758.0,0.022982,12289.0
1753617222476,11:53:42.476,bitget,ACH/USDT:USDT,0.022976,7088.0,0.022974,5033.0,0.022981,2758.0,0.022982,12289.0
1753617222626,11:53:42.626,bitget,ACH/USDT:USDT,0.022976,7088.0,0.022974,5033.0,0.022981,2758.0,0.022982,12289.0
1753617222776,11:53:42.776,bitget,ACH/USDT:USDT,0.022976,7088.0,0.022974,5033.0,0.022981,2758.0,0.022982,12289.0
1753617222927,11:53:42.927,bitget,ACH/USDT:USDT,0.022976,7088.0,0.022974,5033.0,0.022981,2758.0,0.022982,12289.0
1753617223077,11:53:43.077,bitget,ACH/USDT:USDT,0.022976,7088.0,0.022974,5033.0,0.022981,2758.0,0.022982,12289.0
1753617223227,11:53:43.227,bitget,ACH/USDT:USDT,0.022976,7088.0,0.022974,5033.0,0.022981,2758.0,0.022982,12289.0
1753617223377,11:53:43.377,bitget,ACH/USDT:USDT,0.022976,7088.0,0.022974,5033.0,0.022981,2758.0,0.022982,12289.0
1753617223527,11:53:43.527,bitget,ACH/USDT:USDT,0.022976,7088.0,0.022974,5033.0,0.022981,2758.0,0.022982,12289.0
1753617223677,11:53:43.677,bitget,ACH/USDT:USDT,0.022976,7088.0,0.022974,5033.0,0.022981,2758.0,0.022982,12289.0
1753617223827,11:53:43.827,bitget,ACH/USDT:USDT,0.022976,7088.0,0.022974,5033.0,0.022981,2758.0,0.022982,12289.0
1753617223977,11:53:43.977,bitget,ACH/USDT:USDT,0.022976,7088.0,0.022974,5033.0,0.022981,2758.0,0.022982,12289.0
1753617224127,11:53:44.127,bitget,ACH/USDT:USDT,0.022976,7088.0,0.022974,5033.0,0.022981,2758.0,0.022982,12289.0
1753617224277,11:53:44.277,bitget,ACH/USDT:USDT,0.022976,7088.0,0.022974,5033.0,0.022981,2758.0,0.022982,12289.0
1753617224427,11:53:44.427,bitget,ACH/USDT:USDT,0.022976,7088.0,0.022974,5033.0,0.022981,2758.0,0.022982,12289.0
1753617224578,11:53:44.578,bitget,ACH/USDT:USDT,0.022976,7088.0,0.022974,5033.0,0.022981,2758.0,0.022982,12289.0
1753617224728,11:53:44.728,bitget,ACH/USDT:USDT,0.022976,7088.0,0.022974,5033.0,0.022981,2758.0,0.022982,12289.0
1753617224878,11:53:44.878,bitget,ACH/USDT:USDT,0.022976,7088.0,0.022974,5033.0,0.022981,2758.0,0.022982,12289.0
1753617225028,11:53:45.028,bitget,ACH/USDT:USDT,0.022976,9894.0,0.022974,5033.0,0.022981,2758.0,0.022982,12289.0
1753617225178,11:53:45.178,bitget,ACH/USDT:USDT,0.022976,9894.0,0.022974,5033.0,0.022981,2758.0,0.022982,12289.0
1753617225328,11:53:45.328,bitget,ACH/USDT:USDT,0.022976,7088.0,0.022974,5033.0,0.022981,2758.0,0.022982,12289.0
1753617225478,11:53:45.478,bitget,ACH/USDT:USDT,0.022976,7088.0,0.022974,5033.0,0.022981,2758.0,0.022982,12289.0
1753617225628,11:53:45.628,bitget,ACH/USDT:USDT,0.022976,7088.0,0.022974,5033.0,0.022981,2758.0,0.022982,12289.0
1753617225778,11:53:45.778,bitget,ACH/USDT:USDT,0.022976,7088.0,0.022974,5033.0,0.022981,2758.0,0.022982,12289.0
1753617225928,11:53:45.928,bitget,ACH/USDT:USDT,0.022976,7088.0,0.022974,5033.0,0.022981,2758.0,0.022982,12289.0
1753617226079,11:53:46.079,bitget,ACH/USDT:USDT,0.022976,7088.0,0.022974,5033.0,0.022981,2758.0,0.022982,12289.0
1753617226229,11:53:46.229,bitget,ACH/USDT:USDT,0.022976,7088.0,0.022974,5033.0,0.022981,2758.0,0.022982,12289.0
1753617226379,11:53:46.379,bitget,ACH/USDT:USDT,0.022976,7088.0,0.022974,5033.0,0.022981,2758.0,0.022982,12289.0
1753617226529,11:53:46.529,bitget,ACH/USDT:USDT,0.022976,7088.0,0.022974,5033.0,0.022981,2758.0,0.022982,12289.0
1753617226679,11:53:46.679,bitget,ACH/USDT:USDT,0.022976,7088.0,0.022974,5033.0,0.022981,2758.0,0.022982,12289.0
1753617226829,11:53:46.829,bitget,ACH/USDT:USDT,0.022976,7088.0,0.022974,5033.0,0.022981,2758.0,0.022982,12289.0
1753617226979,11:53:46.979,bitget,ACH/USDT:USDT,0.022976,7088.0,0.022974,5033.0,0.022981,2758.0,0.022982,12289.0
1753617227129,11:53:47.129,bitget,ACH/USDT:USDT,0.022976,7088.0,0.022974,5033.0,0.022981,2758.0,0.022982,12289.0
1753617227279,11:53:47.279,bitget,ACH/USDT:USDT,0.022983,10633.0,0.02298,7088.0,0.022984,2758.0,0.022988,2700.0
1753617227430,11:53:47.430,bitget,ACH/USDT:USDT,0.022983,10633.0,0.022981,5034.0,0.022985,187499.0,0.022988,2700.0
1753617227580,11:53:47.580,bitget,ACH/USDT:USDT,0.022981,5034.0,0.02298,7088.0,0.022984,2775.0,0.022985,187499.0
1753617227729,11:53:47.729,bitget,ACH/USDT:USDT,0.022981,5034.0,0.022979,5034.0,0.022984,59025.0,0.022988,190196.0
1753617227880,11:53:47.880,bitget,ACH/USDT:USDT,0.022981,5034.0,0.022979,5034.0,0.022982,2775.0,0.022987,57059.0
1753617228030,11:53:48.030,bitget,ACH/USDT:USDT,0.022981,5034.0,0.022979,5034.0,0.022985,2775.0,0.022987,57059.0
1753617228180,11:53:48.180,bitget,ACH/USDT:USDT,0.022981,5034.0,0.022979,5034.0,0.022985,2775.0,0.022987,57059.0
1753617228330,11:53:48.330,bitget,ACH/USDT:USDT,0.022981,5034.0,0.022979,5034.0,0.022985,2775.0,0.022987,57059.0
1753617228480,11:53:48.480,bitget,ACH/USDT:USDT,0.022981,5034.0,0.022979,5034.0,0.022985,2775.0,0.022987,57059.0
1753617228630,11:53:48.630,bitget,ACH/USDT:USDT,0.022981,5034.0,0.022979,5034.0,0.022985,2775.0,0.022987,57059.0
1753617228780,11:53:48.780,bitget,ACH/USDT:USDT,0.022981,5034.0,0.022979,5034.0,0.022985,2775.0,0.022987,57059.0
1753617228930,11:53:48.930,bitget,ACH/USDT:USDT,0.022981,5034.0,0.022979,5034.0,0.022985,2775.0,0.022987,57059.0
1753617229080,11:53:49.080,bitget,ACH/USDT:USDT,0.022981,5034.0,0.022979,5034.0,0.022985,2775.0,0.022987,57059.0
1753617229231,11:53:49.231,bitget,ACH/USDT:USDT,0.022981,5034.0,0.022979,5034.0,0.022985,2775.0,0.022987,57059.0
1753617229381,11:53:49.381,bitget,ACH/USDT:USDT,0.022981,5034.0,0.022979,5034.0,0.022985,2775.0,0.022987,57059.0
1753617229531,11:53:49.531,bitget,ACH/USDT:USDT,0.022981,5034.0,0.022979,5034.0,0.022985,2775.0,0.022987,57059.0
1753617229681,11:53:49.681,bitget,ACH/USDT:USDT,0.022981,5034.0,0.022979,5034.0,0.022985,2775.0,0.022987,57059.0
1753617229831,11:53:49.831,bitget,ACH/USDT:USDT,0.022981,5034.0,0.022979,5034.0,0.022985,2775.0,0.022987,57059.0
1753617229981,11:53:49.981,bitget,ACH/USDT:USDT,0.022981,5034.0,0.022979,5034.0,0.022985,2775.0,0.022987,57059.0
1753617230131,11:53:50.131,bitget,ACH/USDT:USDT,0.022981,5034.0,0.022979,5034.0,0.022985,2775.0,0.022987,57059.0
1753617230281,11:53:50.281,bitget,ACH/USDT:USDT,0.022982,7088.0,0.022981,5034.0,0.022985,2775.0,0.022987,57059.0
1753617230431,11:53:50.431,bitget,ACH/USDT:USDT,0.022984,7088.0,0.022982,7088.0,0.022985,2775.0,0.022987,57059.0
1753617230581,11:53:50.581,bitget,ACH/USDT:USDT,0.022984,7088.0,0.022982,7088.0,0.022987,57059.0,0.022988,190196.0
1753617230731,11:53:50.731,bitget,ACH/USDT:USDT,0.022984,7088.0,0.022982,7088.0,0.022985,2775.0,0.022987,57059.0
1753617230882,11:53:50.882,bitget,ACH/USDT:USDT,0.022984,7088.0,0.022982,7088.0,0.022985,2775.0,0.022987,57059.0
1753617231032,11:53:51.032,bitget,ACH/USDT:USDT,0.022984,7088.0,0.022982,7088.0,0.022985,2775.0,0.022987,57059.0
1753617231182,11:53:51.182,bitget,ACH/USDT:USDT,0.022984,7088.0,0.022982,7088.0,0.022985,2775.0,0.022987,57059.0
1753617231332,11:53:51.332,bitget,ACH/USDT:USDT,0.022984,7088.0,0.022982,7088.0,0.022985,2775.0,0.022987,57059.0
1753617231482,11:53:51.482,bitget,ACH/USDT:USDT,0.022984,7088.0,0.022982,7088.0,0.022985,2775.0,0.022987,57059.0
1753617231632,11:53:51.632,bitget,ACH/USDT:USDT,0.022981,8203.0,0.022979,3170.0,0.022985,2775.0,0.022987,57059.0
1753617231782,11:53:51.782,bitget,ACH/USDT:USDT,0.022981,8203.0,0.022979,8203.0,0.022985,2775.0,0.022987,57059.0
1753617231932,11:53:51.932,bitget,ACH/USDT:USDT,0.022981,8203.0,0.022979,8203.0,0.022985,2775.0,0.022987,57059.0
1753617232082,11:53:52.082,bitget,ACH/USDT:USDT,0.022981,8203.0,0.022979,8203.0,0.022985,2775.0,0.022987,57059.0
1753617232232,11:53:52.232,bitget,ACH/USDT:USDT,0.022981,8203.0,0.022979,8203.0,0.022985,2775.0,0.022987,57059.0
1753617232382,11:53:52.382,bitget,ACH/USDT:USDT,0.022981,8203.0,0.022979,8203.0,0.022985,2775.0,0.022987,57059.0
1753617232532,11:53:52.532,bitget,ACH/USDT:USDT,0.022981,8203.0,0.022979,8203.0,0.022985,2775.0,0.022987,57059.0
1753617232683,11:53:52.683,bitget,ACH/USDT:USDT,0.022977,5033.0,0.022976,5033.0,0.022985,2775.0,0.022987,101658.0
1753617232833,11:53:52.833,bitget,ACH/USDT:USDT,0.022977,5033.0,0.022975,5033.0,0.022985,2775.0,0.022986,13380.0
1753617232983,11:53:52.983,bitget,ACH/USDT:USDT,0.022977,5033.0,0.022976,3170.0,0.022985,2775.0,0.022986,13380.0
1753617233133,11:53:53.133,bitget,ACH/USDT:USDT,0.022977,5033.0,0.022976,3170.0,0.022985,2775.0,0.022986,13380.0
1753617233283,11:53:53.283,bitget,ACH/USDT:USDT,0.022978,7088.0,0.022977,5033.0,0.022985,2775.0,0.022986,13380.0
1753617233433,11:53:53.433,bitget,ACH/USDT:USDT,0.022984,7088.0,0.022979,2775.0,0.022985,2775.0,0.022986,13380.0
1753617233583,11:53:53.583,bitget,ACH/USDT:USDT,0.022984,7088.0,0.022982,5033.0,0.022985,2775.0,0.022986,13380.0
1753617233733,11:53:53.733,bitget,ACH/USDT:USDT,0.022984,7088.0,0.022982,5033.0,0.022985,2775.0,0.022986,13380.0
1753617233883,11:53:53.883,bitget,ACH/USDT:USDT,0.022979,5033.0,0.022976,3170.0,0.022985,2775.0,0.022986,13380.0
1753617234033,11:53:54.033,bitget,ACH/USDT:USDT,0.02298,5033.0,0.022979,5033.0,0.022985,2775.0,0.022986,13380.0
1753617234184,11:53:54.184,bitget,ACH/USDT:USDT,0.02298,5033.0,0.022977,7808.0,0.022985,2775.0,0.022986,13380.0
1753617234334,11:53:54.334,bitget,ACH/USDT:USDT,0.02298,5033.0,0.022978,5033.0,0.022985,2775.0,0.022986,13380.0
1753617234484,11:53:54.484,bitget,ACH/USDT:USDT,0.02298,5033.0,0.022978,5033.0,0.022985,2775.0,0.022986,13380.0
1753617234634,11:53:54.634,bitget,ACH/USDT:USDT,0.02298,5033.0,0.022978,5033.0,0.022985,2775.0,0.022986,13380.0
1753617234784,11:53:54.784,bitget,ACH/USDT:USDT,0.02298,5033.0,0.022978,5033.0,0.022985,2775.0,0.022986,13380.0
1753617234934,11:53:54.934,bitget,ACH/USDT:USDT,0.02298,5033.0,0.022978,5033.0,0.022985,2775.0,0.022986,13380.0
1753617235084,11:53:55.084,bitget,ACH/USDT:USDT,0.02298,5033.0,0.022978,5033.0,0.022985,2775.0,0.022986,13380.0
1753617235234,11:53:55.234,bitget,ACH/USDT:USDT,0.02298,5033.0,0.022978,5033.0,0.022985,2775.0,0.022986,13380.0
1753617235384,11:53:55.384,bitget,ACH/USDT:USDT,0.02298,5033.0,0.022978,5033.0,0.022985,2775.0,0.022986,13380.0
1753617235534,11:53:55.534,bitget,ACH/USDT:USDT,0.02298,5033.0,0.022978,5033.0,0.022985,2775.0,0.022986,13380.0
1753617235684,11:53:55.684,bitget,ACH/USDT:USDT,0.02298,5033.0,0.022978,5033.0,0.022985,2775.0,0.022986,13380.0
1753617235835,11:53:55.835,bitget,ACH/USDT:USDT,0.02298,5033.0,0.022978,5033.0,0.022985,2775.0,0.022986,13380.0
1753617235985,11:53:55.985,bitget,ACH/USDT:USDT,0.02298,5033.0,0.022978,5033.0,0.022985,2775.0,0.022986,13380.0
1753617236135,11:53:56.135,bitget,ACH/USDT:USDT,0.022978,5033.0,0.022976,3170.0,0.022985,2775.0,0.022986,13380.0
1753617236285,11:53:56.285,bitget,ACH/USDT:USDT,0.022978,7808.0,0.022976,8203.0,0.022985,2775.0,0.022986,13380.0
1753617236435,11:53:56.435,bitget,ACH/USDT:USDT,0.022978,5033.0,0.022976,8203.0,0.022985,2775.0,0.022986,13380.0
1753617236585,11:53:56.585,bitget,ACH/USDT:USDT,0.022978,5033.0,0.022976,8203.0,0.022985,2775.0,0.022986,13380.0
1753617236735,11:53:56.735,bitget,ACH/USDT:USDT,0.022978,5033.0,0.022977,2461.0,0.022985,2775.0,0.022986,13380.0
1753617236885,11:53:56.885,bitget,ACH/USDT:USDT,0.022978,5033.0,0.022977,2461.0,0.022985,2775.0,0.022986,13380.0
1753617237035,11:53:57.035,bitget,ACH/USDT:USDT,0.022978,5033.0,0.022977,2461.0,0.022985,2775.0,0.022986,13380.0
1753617237185,11:53:57.185,bitget,ACH/USDT:USDT,0.022978,5033.0,0.022977,2461.0,0.022985,2775.0,0.022986,13380.0
1753617237336,11:53:57.336,bitget,ACH/USDT:USDT,0.022978,5033.0,0.022977,2461.0,0.022985,2775.0,0.022986,13380.0
1753617237486,11:53:57.486,bitget,ACH/USDT:USDT,0.022978,5033.0,0.022977,2461.0,0.022985,2775.0,0.022986,13380.0
1753617237636,11:53:57.636,bitget,ACH/USDT:USDT,0.022978,5033.0,0.022977,2461.0,0.022985,2775.0,0.022986,13380.0
1753617237786,11:53:57.786,bitget,ACH/USDT:USDT,0.022978,5033.0,0.022976,8203.0,0.022985,2775.0,0.022986,13380.0
1753617237936,11:53:57.936,bitget,ACH/USDT:USDT,0.022976,8203.0,0.022975,2799.0,0.022985,2775.0,0.022986,13380.0
1753617238086,11:53:58.086,bitget,ACH/USDT:USDT,0.022976,11002.0,0.022972,12785.0,0.022985,2775.0,0.022986,13380.0
1753617238236,11:53:58.236,bitget,ACH/USDT:USDT,0.022977,3301.0,0.022976,11002.0,0.022985,2775.0,0.022986,13380.0
1753617238386,11:53:58.386,bitget,ACH/USDT:USDT,0.022978,7088.0,0.022977,6100.0,0.022985,2775.0,0.022986,13380.0
1753617238536,11:53:58.536,bitget,ACH/USDT:USDT,0.022979,7088.0,0.022978,7088.0,0.022985,2775.0,0.022986,13380.0
1753617238686,11:53:58.686,bitget,ACH/USDT:USDT,0.02298,7088.0,0.022979,7088.0,0.022985,2775.0,0.022986,13380.0
1753617238836,11:53:58.836,bitget,ACH/USDT:USDT,0.02298,7088.0,0.022978,5035.0,0.022985,2775.0,0.022986,13380.0
1753617238987,11:53:58.987,bitget,ACH/USDT:USDT,0.02298,7088.0,0.022978,5035.0,0.022985,2775.0,0.022986,13380.0
1753617239137,11:53:59.137,bitget,ACH/USDT:USDT,0.02298,7088.0,0.022978,5035.0,0.022985,2775.0,0.022986,13380.0
1753617239287,11:53:59.287,bitget,ACH/USDT:USDT,0.02298,7088.0,0.022978,5035.0,0.022985,2775.0,0.022986,13380.0
1753617239437,11:53:59.437,bitget,ACH/USDT:USDT,0.02298,7088.0,0.022978,5035.0,0.022985,2775.0,0.022986,13380.0
1753617239587,11:53:59.587,bitget,ACH/USDT:USDT,0.02298,7088.0,0.022978,5035.0,0.022985,2775.0,0.022986,13380.0
1753617239737,11:53:59.737,bitget,ACH/USDT:USDT,0.022976,3170.0,0.022975,3524.0,0.022985,2775.0,0.022986,13380.0
1753617239887,11:53:59.887,bitget,ACH/USDT:USDT,0.022975,3524.0,0.022974,17822.0,0.022985,2775.0,0.022986,13380.0
1753617240037,11:54:00.037,bitget,ACH/USDT:USDT,0.022975,3524.0,0.022973,5037.0,0.022985,2775.0,0.022986,13380.0
1753617240187,11:54:00.187,bitget,ACH/USDT:USDT,0.022975,2799.0,0.022973,5037.0,0.022985,2775.0,0.022986,13380.0
1753617240337,11:54:00.337,bitget,ACH/USDT:USDT,0.022975,2799.0,0.022973,5037.0,0.022985,2775.0,0.022986,13380.0
1753617240487,11:54:00.487,bitget,ACH/USDT:USDT,0.022973,5037.0,0.022971,16155.0,0.022985,2775.0,0.022986,13380.0
1753617240638,11:54:00.638,bitget,ACH/USDT:USDT,0.022974,2799.0,0.022973,5037.0,0.022985,2775.0,0.022986,13380.0
1753617240788,11:54:00.788,bitget,ACH/USDT:USDT,0.022975,7088.0,0.022972,5037.0,0.022985,2775.0,0.022986,13380.0
1753617240938,11:54:00.938,bitget,ACH/USDT:USDT,0.022976,7088.0,0.022975,7088.0,0.022985,2775.0,0.022986,13380.0
1753617241088,11:54:01.088,bitget,ACH/USDT:USDT,0.022976,7088.0,0.022974,5039.0,0.022985,2775.0,0.022986,13380.0
1753617241238,11:54:01.238,bitget,ACH/USDT:USDT,0.022976,7088.0,0.022974,5039.0,0.022985,2775.0,0.022986,13380.0
1753617241388,11:54:01.388,bitget,ACH/USDT:USDT,0.022976,7088.0,0.022974,5039.0,0.022985,2775.0,0.022986,13380.0
1753617241538,11:54:01.538,bitget,ACH/USDT:USDT,0.022976,7088.0,0.022974,5039.0,0.022985,2775.0,0.022986,13380.0
1753617241688,11:54:01.688,bitget,ACH/USDT:USDT,0.022977,2799.0,0.022976,7088.0,0.022985,2775.0,0.022986,13380.0
1753617241838,11:54:01.838,bitget,ACH/USDT:USDT,0.022978,7088.0,0.022975,5039.0,0.022985,2775.0,0.022986,13380.0
1753617241988,11:54:01.988,bitget,ACH/USDT:USDT,0.022978,7088.0,0.022976,5041.0,0.022985,2775.0,0.022986,13380.0
1753617242138,11:54:02.138,bitget,ACH/USDT:USDT,0.022978,7088.0,0.022976,5041.0,0.022985,2775.0,0.022986,13380.0
1753617242289,11:54:02.289,bitget,ACH/USDT:USDT,0.022976,5041.0,0.022974,2799.0,0.022985,2775.0,0.022986,13380.0
1753617242439,11:54:02.439,bitget,ACH/USDT:USDT,0.022976,5041.0,0.022974,7840.0,0.022985,2775.0,0.022986,13380.0
1753617242589,11:54:02.589,bitget,ACH/USDT:USDT,0.022976,5041.0,0.022975,2352.0,0.022985,2775.0,0.022986,13380.0
1753617242739,11:54:02.739,bitget,ACH/USDT:USDT,0.022976,5041.0,0.022974,5041.0,0.022985,2775.0,0.022986,13380.0
1753617242889,11:54:02.889,bitget,ACH/USDT:USDT,0.022976,5041.0,0.022974,5041.0,0.022985,2775.0,0.022986,13380.0
1753617243039,11:54:03.039,bitget,ACH/USDT:USDT,0.022976,7840.0,0.022974,5041.0,0.022985,2775.0,0.022986,13380.0
1753617243189,11:54:03.189,bitget,ACH/USDT:USDT,0.022976,7840.0,0.022974,5041.0,0.022985,2775.0,0.022986,13380.0
1753617243339,11:54:03.339,bitget,ACH/USDT:USDT,0.022977,7088.0,0.022976,7840.0,0.022985,2775.0,0.022986,13380.0
1753617243489,11:54:03.489,bitget,ACH/USDT:USDT,0.022978,7088.0,0.022977,7088.0,0.022985,2775.0,0.022986,13380.0
1753617243639,11:54:03.639,bitget,ACH/USDT:USDT,0.022978,7088.0,0.022976,5043.0,0.022985,2775.0,0.022986,13380.0
1753617243790,11:54:03.790,bitget,ACH/USDT:USDT,0.022978,7088.0,0.022976,5043.0,0.022985,2775.0,0.022986,13380.0
1753617243939,11:54:03.939,bitget,ACH/USDT:USDT,0.022978,7088.0,0.022976,5043.0,0.022985,2775.0,0.022986,13380.0
1753617244090,11:54:04.090,bitget,ACH/USDT:USDT,0.022978,7088.0,0.022976,5043.0,0.022985,2775.0,0.022986,13380.0
1753617244240,11:54:04.240,bitget,ACH/USDT:USDT,0.022978,7088.0,0.022976,5043.0,0.022985,2775.0,0.022986,13380.0
1753617244390,11:54:04.390,bitget,ACH/USDT:USDT,0.022978,7088.0,0.022976,5043.0,0.022985,2775.0,0.022986,13380.0
1753617244540,11:54:04.540,bitget,ACH/USDT:USDT,0.022978,7088.0,0.022976,5043.0,0.022985,2775.0,0.022986,13380.0
1753617244690,11:54:04.690,bitget,ACH/USDT:USDT,0.022978,7088.0,0.022976,5043.0,0.022985,2775.0,0.022986,13380.0
1753617244840,11:54:04.840,bitget,ACH/USDT:USDT,0.022978,7088.0,0.022976,5043.0,0.022985,2775.0,0.022986,13380.0
1753617244990,11:54:04.990,bitget,ACH/USDT:USDT,0.022978,7088.0,0.022976,5043.0,0.022985,2775.0,0.022986,13380.0
1753617245140,11:54:05.140,bitget,ACH/USDT:USDT,0.022971,16179.0,0.02297,44599.0,0.022985,2775.0,0.022986,13380.0
1753617245290,11:54:05.290,bitget,ACH/USDT:USDT,0.022973,5047.0,0.022972,2799.0,0.022985,2775.0,0.022986,13380.0
1753617245440,11:54:05.440,bitget,ACH/USDT:USDT,0.022973,5047.0,0.02297,5350.0,0.022985,2775.0,0.022986,13380.0
1753617245591,11:54:05.591,bitget,ACH/USDT:USDT,0.022973,5047.0,0.022971,5047.0,0.022985,2775.0,0.022986,13380.0
1753617245741,11:54:05.741,bitget,ACH/USDT:USDT,0.022973,5047.0,0.022971,5047.0,0.022985,2775.0,0.022986,13380.0
1753617245891,11:54:05.891,bitget,ACH/USDT:USDT,0.022973,5047.0,0.022971,5047.0,0.022985,2775.0,0.022986,13380.0
1753617246041,11:54:06.041,bitget,ACH/USDT:USDT,0.022973,5047.0,0.022971,5047.0,0.022985,2775.0,0.022986,13380.0
1753617246191,11:54:06.191,bitget,ACH/USDT:USDT,0.022971,5047.0,0.02297,3836.0,0.022981,44599.0,0.022985,2775.0
1753617246341,11:54:06.341,bitget,ACH/USDT:USDT,0.022971,5047.0,0.02297,3836.0,0.022979,2799.0,0.02298,13380.0
1753617246491,11:54:06.491,bitget,ACH/USDT:USDT,0.022971,5047.0,0.02297,3836.0,0.022979,2799.0,0.02298,13380.0
1753617246641,11:54:06.641,bitget,ACH/USDT:USDT,0.022971,5047.0,0.022969,5049.0,0.022979,2799.0,0.02298,13380.0
1753617246791,11:54:06.791,bitget,ACH/USDT:USDT,0.022971,5047.0,0.022969,5049.0,0.022979,2799.0,0.02298,13380.0
1753617246941,11:54:06.941,bitget,ACH/USDT:USDT,0.022971,5047.0,0.022969,5049.0,0.022979,2799.0,0.02298,13380.0
1753617247092,11:54:07.092,bitget,ACH/USDT:USDT,0.022971,5047.0,0.022969,5049.0,0.022979,2799.0,0.02298,13380.0
1753617247242,11:54:07.242,bitget,ACH/USDT:USDT,0.022971,5047.0,0.022969,5049.0,0.022979,2799.0,0.02298,13380.0
1753617247392,11:54:07.392,bitget,ACH/USDT:USDT,0.022971,5047.0,0.022969,5049.0,0.022979,2799.0,0.02298,13380.0
1753617247542,11:54:07.542,bitget,ACH/USDT:USDT,0.022969,5049.0,0.022967,3836.0,0.022979,2799.0,0.02298,13380.0
1753617247692,11:54:07.692,bitget,ACH/USDT:USDT,0.022969,5049.0,0.022967,8885.0,0.022979,2799.0,0.02298,13380.0
1753617247842,11:54:07.842,bitget,ACH/USDT:USDT,0.022969,5049.0,0.022967,8885.0,0.022979,2799.0,0.02298,13380.0
1753617247992,11:54:07.992,bitget,ACH/USDT:USDT,0.022967,3836.0,0.022965,16155.0,0.022979,2799.0,0.02298,13380.0
1753617248142,11:54:08.142,bitget,ACH/USDT:USDT,0.022965,2775.0,0.022964,5049.0,0.022975,44599.0,0.022979,2799.0
1753617248292,11:54:08.292,bitget,ACH/USDT:USDT,0.022965,10407.0,0.022963,5049.0,0.022973,2742.0,0.022974,13380.0
1753617248442,11:54:08.442,bitget,ACH/USDT:USDT,0.022966,7088.0,0.022965,13149.0,0.022973,2742.0,0.022974,13380.0
1753617248592,11:54:08.592,bitget,ACH/USDT:USDT,0.022966,7088.0,0.022965,8100.0,0.022973,2742.0,0.022974,13380.0
1753617248743,11:54:08.743,bitget,ACH/USDT:USDT,0.022966,7088.0,0.022965,8100.0,0.022973,2742.0,0.022974,13380.0
1753617248893,11:54:08.893,bitget,ACH/USDT:USDT,0.022966,7088.0,0.022965,8100.0,0.022973,2742.0,0.022974,13380.0
1753617249043,11:54:09.043,bitget,ACH/USDT:USDT,0.022966,7088.0,0.022964,5049.0,0.022973,2742.0,0.022974,13380.0
1753617249193,11:54:09.193,bitget,ACH/USDT:USDT,0.022966,7088.0,0.022964,5049.0,0.022973,2742.0,0.022974,13380.0
1753617249343,11:54:09.343,bitget,ACH/USDT:USDT,0.022966,7088.0,0.022964,5049.0,0.022973,2742.0,0.022974,13380.0
1753617249493,11:54:09.493,bitget,ACH/USDT:USDT,0.022966,7088.0,0.022964,5049.0,0.022973,2742.0,0.022974,13380.0
1753617249643,11:54:09.643,bitget,ACH/USDT:USDT,0.022966,7088.0,0.022964,5049.0,0.022973,2742.0,0.022974,13380.0
1753617249793,11:54:09.793,bitget,ACH/USDT:USDT,0.022966,9830.0,0.022964,5049.0,0.022973,2742.0,0.022974,13380.0
1753617249943,11:54:09.943,bitget,ACH/USDT:USDT,0.022966,9830.0,0.022964,5049.0,0.022973,2742.0,0.022974,13380.0
1753617250093,11:54:10.093,bitget,ACH/USDT:USDT,0.022966,7088.0,0.022964,5049.0,0.022973,2742.0,0.022974,13380.0
1753617250243,11:54:10.243,bitget,ACH/USDT:USDT,0.022966,7088.0,0.022964,5049.0,0.022973,2742.0,0.022974,13380.0
1753617250394,11:54:10.394,bitget,ACH/USDT:USDT,0.022966,7088.0,0.022964,5049.0,0.022973,2742.0,0.022974,13380.0
1753617250544,11:54:10.544,bitget,ACH/USDT:USDT,0.022966,7088.0,0.022964,5049.0,0.022973,2742.0,0.022974,13380.0
1753617250694,11:54:10.694,bitget,ACH/USDT:USDT,0.022966,7088.0,0.022964,5049.0,0.022973,2742.0,0.022974,13380.0
1753617250844,11:54:10.844,bitget,ACH/USDT:USDT,0.022966,7088.0,0.022964,5049.0,0.022973,2742.0,0.022974,13380.0
1753617250994,11:54:10.994,bitget,ACH/USDT:USDT,0.022966,7088.0,0.022964,5049.0,0.022973,2742.0,0.022974,13380.0
1753617251144,11:54:11.144,bitget,ACH/USDT:USDT,0.022966,7088.0,0.022964,5049.0,0.022973,2742.0,0.022974,13380.0
1753617251294,11:54:11.294,bitget,ACH/USDT:USDT,0.022966,7088.0,0.022964,5049.0,0.022973,2742.0,0.022974,13380.0
1753617251444,11:54:11.444,bitget,ACH/USDT:USDT,0.022966,7088.0,0.022964,5049.0,0.022973,2742.0,0.022974,13380.0
1753617251594,11:54:11.594,bitget,ACH/USDT:USDT,0.022966,7088.0,0.022964,5049.0,0.022973,2742.0,0.022974,13380.0
1753617251744,11:54:11.744,bitget,ACH/USDT:USDT,0.022966,7088.0,0.022964,5049.0,0.022973,2742.0,0.022974,13380.0
1753617251894,11:54:11.894,bitget,ACH/USDT:USDT,0.022966,7088.0,0.022964,5049.0,0.022973,2742.0,0.022974,13380.0
1753617252045,11:54:12.045,bitget,ACH/USDT:USDT,0.022966,9830.0,0.022964,5049.0,0.022973,2742.0,0.022974,13380.0
1753617252195,11:54:12.195,bitget,ACH/USDT:USDT,0.022966,9830.0,0.022964,5049.0,0.022973,2742.0,0.022974,13380.0
1753617252345,11:54:12.345,bitget,ACH/USDT:USDT,0.022966,9830.0,0.022964,5049.0,0.022973,2742.0,0.022974,13380.0
1753617252495,11:54:12.495,bitget,ACH/USDT:USDT,0.022966,9830.0,0.022964,5049.0,0.022973,2742.0,0.022974,13380.0
1753617252645,11:54:12.645,bitget,ACH/USDT:USDT,0.022966,7088.0,0.022964,5049.0,0.022973,2742.0,0.022974,13380.0
1753617252795,11:54:12.795,bitget,ACH/USDT:USDT,0.022966,7088.0,0.022964,5049.0,0.022973,2742.0,0.022974,13380.0
1753617252945,11:54:12.945,bitget,ACH/USDT:USDT,0.022966,7088.0,0.022964,5049.0,0.022973,2742.0,0.022974,13380.0
1753617253095,11:54:13.095,bitget,ACH/USDT:USDT,0.022966,7088.0,0.022964,5049.0,0.022973,2742.0,0.022974,13380.0
1753617253245,11:54:13.245,bitget,ACH/USDT:USDT,0.022966,7088.0,0.022964,5049.0,0.022973,2742.0,0.022974,13380.0
1753617253395,11:54:13.395,bitget,ACH/USDT:USDT,0.022966,7088.0,0.022964,5049.0,0.022973,2742.0,0.022974,13380.0
1753617253545,11:54:13.545,bitget,ACH/USDT:USDT,0.022966,7088.0,0.022964,5049.0,0.022973,2742.0,0.022974,13380.0
1753617253696,11:54:13.696,bitget,ACH/USDT:USDT,0.022966,7088.0,0.022964,5049.0,0.022973,2742.0,0.022974,13380.0
1753617253846,11:54:13.846,bitget,ACH/USDT:USDT,0.022966,7088.0,0.022964,5049.0,0.022973,2742.0,0.022974,13380.0
1753617253996,11:54:13.996,bitget,ACH/USDT:USDT,0.022966,7088.0,0.022964,5049.0,0.022973,2742.0,0.022974,13380.0
1753617254146,11:54:14.146,bitget,ACH/USDT:USDT,0.022966,7088.0,0.022964,5049.0,0.022973,2742.0,0.022974,13380.0
1753617254296,11:54:14.296,bitget,ACH/USDT:USDT,0.022966,7088.0,0.022964,5049.0,0.022973,2742.0,0.022974,13380.0
1753617254446,11:54:14.446,bitget,ACH/USDT:USDT,0.022966,7088.0,0.022964,5049.0,0.022973,2742.0,0.022974,13380.0
1753617254596,11:54:14.596,bitget,ACH/USDT:USDT,0.022966,7088.0,0.022964,5049.0,0.022973,2742.0,0.022974,13380.0
1753617254746,11:54:14.746,bitget,ACH/USDT:USDT,0.022966,7088.0,0.022964,5049.0,0.022973,2742.0,0.022974,13380.0
1753617254896,11:54:14.896,bitget,ACH/USDT:USDT,0.022966,7088.0,0.022964,5049.0,0.022973,2742.0,0.022974,13380.0
1753617255046,11:54:15.046,bitget,ACH/USDT:USDT,0.022966,7088.0,0.022964,5049.0,0.022973,2742.0,0.022974,13380.0
1753617255197,11:54:15.197,bitget,ACH/USDT:USDT,0.022966,7088.0,0.022964,5049.0,0.022973,2742.0,0.022974,13380.0
1753617255347,11:54:15.347,bitget,ACH/USDT:USDT,0.022967,2742.0,0.022966,7088.0,0.022973,2742.0,0.022974,13380.0
1753617255497,11:54:15.497,bitget,ACH/USDT:USDT,0.022965,5052.0,0.022961,6562.0,0.022973,2742.0,0.022974,13380.0
1753617255647,11:54:15.647,bitget,ACH/USDT:USDT,0.022965,5052.0,0.022961,6562.0,0.022973,2742.0,0.022974,13380.0
1753617255797,11:54:15.797,bitget,ACH/USDT:USDT,0.022965,5052.0,0.022963,5052.0,0.022973,2742.0,0.022974,13380.0
1753617255947,11:54:15.947,bitget,ACH/USDT:USDT,0.022965,7794.0,0.022963,5052.0,0.022973,2742.0,0.022974,13380.0
1753617256097,11:54:16.097,bitget,ACH/USDT:USDT,0.022965,7794.0,0.022963,5052.0,0.022973,2742.0,0.022974,13380.0
1753617256247,11:54:16.247,bitget,ACH/USDT:USDT,0.022965,7794.0,0.022963,5052.0,0.022973,2742.0,0.022974,13380.0
1753617256397,11:54:16.397,bitget,ACH/USDT:USDT,0.022965,7794.0,0.022963,5052.0,0.022973,2742.0,0.022974,13380.0
1753617256547,11:54:16.547,bitget,ACH/USDT:USDT,0.022965,5052.0,0.022963,5052.0,0.022973,2742.0,0.022974,13380.0
1753617256697,11:54:16.697,bitget,ACH/USDT:USDT,0.022965,5052.0,0.022963,5052.0,0.022973,2742.0,0.022974,13380.0
1753617256847,11:54:16.847,bitget,ACH/USDT:USDT,0.022965,5052.0,0.022963,5052.0,0.022973,2742.0,0.022974,13380.0
1753617256998,11:54:16.998,bitget,ACH/USDT:USDT,0.022965,5052.0,0.022963,5052.0,0.022973,2742.0,0.022974,13380.0
1753617257148,11:54:17.148,bitget,ACH/USDT:USDT,0.022965,5052.0,0.022963,5052.0,0.022973,2742.0,0.022974,13380.0
1753617257298,11:54:17.298,bitget,ACH/USDT:USDT,0.022965,7828.0,0.022963,5052.0,0.022973,2742.0,0.022974,13380.0
1753617257448,11:54:17.448,bitget,ACH/USDT:USDT,0.022966,2776.0,0.022965,5052.0,0.022973,2742.0,0.022974,13380.0
1753617257598,11:54:17.598,bitget,ACH/USDT:USDT,0.022964,5053.0,0.022963,5052.0,0.022973,2742.0,0.022974,13380.0
1753617257748,11:54:17.748,bitget,ACH/USDT:USDT,0.022964,7829.0,0.022962,8556.0,0.022973,2742.0,0.022974,13380.0
1753617257898,11:54:17.898,bitget,ACH/USDT:USDT,0.022964,5053.0,0.022962,8556.0,0.022973,2742.0,0.022974,13380.0
1753617258048,11:54:18.048,bitget,ACH/USDT:USDT,0.022965,2776.0,0.022964,5053.0,0.022973,2742.0,0.022974,13380.0
1753617258198,11:54:18.198,bitget,ACH/USDT:USDT,0.022966,7088.0,0.022965,2776.0,0.022973,2742.0,0.022974,13380.0
1753617258348,11:54:18.348,bitget,ACH/USDT:USDT,0.022966,7088.0,0.022965,2776.0,0.022973,2742.0,0.022974,13380.0
1753617258499,11:54:18.499,bitget,ACH/USDT:USDT,0.022966,7088.0,0.022965,2776.0,0.022973,2742.0,0.022974,13380.0
1753617258649,11:54:18.649,bitget,ACH/USDT:USDT,0.022966,7088.0,0.022965,2776.0,0.022973,2742.0,0.022974,13380.0
1753617258799,11:54:18.799,bitget,ACH/USDT:USDT,0.022966,7088.0,0.022964,5054.0,0.022973,2742.0,0.022974,13380.0
1753617258949,11:54:18.949,bitget,ACH/USDT:USDT,0.022966,9864.0,0.022964,5054.0,0.022973,2742.0,0.022974,13380.0
1753617259099,11:54:19.099,bitget,ACH/USDT:USDT,0.022966,9864.0,0.022964,5054.0,0.022973,2742.0,0.022974,13380.0
1753617259249,11:54:19.249,bitget,ACH/USDT:USDT,0.022966,9864.0,0.022964,5054.0,0.022973,2742.0,0.022974,13380.0
1753617259399,11:54:19.399,bitget,ACH/USDT:USDT,0.022966,9864.0,0.022964,5054.0,0.022973,2742.0,0.022974,13380.0
1753617259549,11:54:19.549,bitget,ACH/USDT:USDT,0.022966,9864.0,0.022964,5054.0,0.022973,2742.0,0.022974,13380.0
1753617259699,11:54:19.699,bitget,ACH/USDT:USDT,0.022966,9864.0,0.022964,5054.0,0.022973,2742.0,0.022974,13380.0
1753617259849,11:54:19.849,bitget,ACH/USDT:USDT,0.022966,9864.0,0.022964,5054.0,0.022973,2742.0,0.022974,13380.0
1753617260000,11:54:20.000,bitget,ACH/USDT:USDT,0.022966,9864.0,0.022964,5054.0,0.022973,2742.0,0.022974,13380.0
1753617260150,11:54:20.150,bitget,ACH/USDT:USDT,0.022966,9864.0,0.022964,5054.0,0.022973,2742.0,0.022974,13380.0
1753617260300,11:54:20.300,bitget,ACH/USDT:USDT,0.022966,9864.0,0.022964,5054.0,0.022973,2742.0,0.022974,13380.0
1753617260450,11:54:20.450,bitget,ACH/USDT:USDT,0.022966,7088.0,0.022964,5054.0,0.022973,2742.0,0.022974,13380.0
1753617260600,11:54:20.600,bitget,ACH/USDT:USDT,0.022966,7088.0,0.022964,5054.0,0.022973,2742.0,0.022974,13380.0
1753617260750,11:54:20.750,bitget,ACH/USDT:USDT,0.022966,7088.0,0.022964,5054.0,0.022973,2742.0,0.022974,13380.0
1753617260900,11:54:20.900,bitget,ACH/USDT:USDT,0.022966,7088.0,0.022964,5054.0,0.022973,2742.0,0.022974,13380.0
1753617261050,11:54:21.050,bitget,ACH/USDT:USDT,0.022966,7088.0,0.022964,5054.0,0.022973,2742.0,0.022974,13380.0
1753617261200,11:54:21.200,bitget,ACH/USDT:USDT,0.022966,7088.0,0.022964,5054.0,0.022973,2742.0,0.022974,13380.0
1753617261350,11:54:21.350,bitget,ACH/USDT:USDT,0.022966,7088.0,0.022964,5054.0,0.022973,2742.0,0.022974,13380.0
1753617261500,11:54:21.500,bitget,ACH/USDT:USDT,0.022966,7088.0,0.022964,5054.0,0.022973,2742.0,0.022974,13380.0
1753617261650,11:54:21.650,bitget,ACH/USDT:USDT,0.022966,7088.0,0.022964,5054.0,0.022973,2742.0,0.022974,13380.0
1753617261801,11:54:21.801,bitget,ACH/USDT:USDT,0.022966,7088.0,0.022964,5054.0,0.022973,2742.0,0.022974,13380.0
1753617261951,11:54:21.951,bitget,ACH/USDT:USDT,0.022966,7088.0,0.022964,5054.0,0.022973,2742.0,0.022974,13380.0
1753617262101,11:54:22.101,bitget,ACH/USDT:USDT,0.022966,7088.0,0.022964,5054.0,0.022973,2742.0,0.022974,13380.0
1753617262251,11:54:22.251,bitget,ACH/USDT:USDT,0.022966,7088.0,0.022964,5054.0,0.022973,2742.0,0.022974,13380.0
1753617262401,11:54:22.401,bitget,ACH/USDT:USDT,0.022966,9864.0,0.022964,5054.0,0.022973,2742.0,0.022974,13380.0
1753617262551,11:54:22.551,bitget,ACH/USDT:USDT,0.022966,9864.0,0.022964,5054.0,0.022973,2742.0,0.022974,13380.0
1753617262701,11:54:22.701,bitget,ACH/USDT:USDT,0.022966,9864.0,0.022964,5054.0,0.022973,2742.0,0.022974,13380.0
1753617262851,11:54:22.851,bitget,ACH/USDT:USDT,0.022966,9864.0,0.022964,5054.0,0.022973,2742.0,0.022974,13380.0
1753617263001,11:54:23.001,bitget,ACH/USDT:USDT,0.022966,7088.0,0.022964,5054.0,0.022973,2742.0,0.022974,13380.0
1753617263151,11:54:23.151,bitget,ACH/USDT:USDT,0.022966,7088.0,0.022964,5054.0,0.022973,2742.0,0.022974,13380.0
1753617263301,11:54:23.301,bitget,ACH/USDT:USDT,0.022966,7088.0,0.022964,5054.0,0.022973,2742.0,0.022974,13380.0
1753617263452,11:54:23.452,bitget,ACH/USDT:USDT,0.022966,7088.0,0.022964,5054.0,0.022973,2742.0,0.022974,13380.0
1753617263602,11:54:23.602,bitget,ACH/USDT:USDT,0.022966,7088.0,0.022964,5054.0,0.022973,2742.0,0.022974,13380.0
1753617263752,11:54:23.752,bitget,ACH/USDT:USDT,0.022966,7088.0,0.022964,5054.0,0.022973,2742.0,0.022974,13380.0
1753617263902,11:54:23.902,bitget,ACH/USDT:USDT,0.022966,7088.0,0.022964,5054.0,0.022973,2742.0,0.022974,13380.0
1753617264052,11:54:24.052,bitget,ACH/USDT:USDT,0.022966,7088.0,0.022964,5054.0,0.022973,2742.0,0.022974,13380.0
1753617264202,11:54:24.202,bitget,ACH/USDT:USDT,0.022966,7088.0,0.022964,5054.0,0.022973,2742.0,0.022974,13380.0
1753617264352,11:54:24.352,bitget,ACH/USDT:USDT,0.022966,7088.0,0.022964,5054.0,0.022973,2742.0,0.022974,13380.0
1753617264502,11:54:24.502,bitget,ACH/USDT:USDT,0.022966,7088.0,0.022964,5054.0,0.022973,2742.0,0.022974,13380.0
1753617264652,11:54:24.652,bitget,ACH/USDT:USDT,0.022966,7088.0,0.022964,5054.0,0.022973,2742.0,0.022974,13380.0
1753617264802,11:54:24.802,bitget,ACH/USDT:USDT,0.022966,7088.0,0.022964,5054.0,0.022973,2742.0,0.022974,13380.0
1753617264952,11:54:24.952,bitget,ACH/USDT:USDT,0.022966,7088.0,0.022964,5054.0,0.022973,2742.0,0.022974,13380.0
1753617265103,11:54:25.103,bitget,ACH/USDT:USDT,0.022966,7088.0,0.022964,5054.0,0.022973,2742.0,0.022974,13380.0
1753617265253,11:54:25.253,bitget,ACH/USDT:USDT,0.022966,7088.0,0.022964,5054.0,0.022973,2742.0,0.022974,13380.0
1753617265403,11:54:25.403,bitget,ACH/USDT:USDT,0.022966,7088.0,0.022964,5054.0,0.022973,2742.0,0.022974,13380.0
1753617265553,11:54:25.553,bitget,ACH/USDT:USDT,0.022966,9864.0,0.022964,5054.0,0.022973,2742.0,0.022974,13380.0
1753617265703,11:54:25.703,bitget,ACH/USDT:USDT,0.022966,9864.0,0.022964,5054.0,0.022973,2742.0,0.022974,13380.0
1753617265853,11:54:25.853,bitget,ACH/USDT:USDT,0.022966,9864.0,0.022964,5054.0,0.022973,2742.0,0.022974,13380.0
1753617266003,11:54:26.003,bitget,ACH/USDT:USDT,0.022966,9864.0,0.022964,5054.0,0.022973,2742.0,0.022974,13380.0
1753617266153,11:54:26.153,bitget,ACH/USDT:USDT,0.022966,9864.0,0.022964,5054.0,0.022973,2742.0,0.022974,13380.0
1753617266303,11:54:26.303,bitget,ACH/USDT:USDT,0.022966,9864.0,0.022964,5054.0,0.022973,2742.0,0.022974,13380.0
1753617266453,11:54:26.453,bitget,ACH/USDT:USDT,0.022966,7088.0,0.022964,5054.0,0.022973,2742.0,0.022974,13380.0
1753617266603,11:54:26.603,bitget,ACH/USDT:USDT,0.022966,7088.0,0.022964,5054.0,0.022973,2742.0,0.022974,13380.0
1753617266754,11:54:26.754,bitget,ACH/USDT:USDT,0.022966,7088.0,0.022964,5054.0,0.022973,2742.0,0.022974,13380.0
1753617266904,11:54:26.904,bitget,ACH/USDT:USDT,0.022966,7088.0,0.022964,5054.0,0.022973,2742.0,0.022974,13380.0
1753617267054,11:54:27.054,bitget,ACH/USDT:USDT,0.022966,7088.0,0.022964,5054.0,0.022973,2742.0,0.022974,13380.0
1753617267204,11:54:27.204,bitget,ACH/USDT:USDT,0.022966,7088.0,0.022964,5054.0,0.022973,2742.0,0.022974,13380.0
1753617267354,11:54:27.354,bitget,ACH/USDT:USDT,0.022966,7088.0,0.022964,5054.0,0.022973,2742.0,0.022974,13380.0
1753617267504,11:54:27.504,bitget,ACH/USDT:USDT,0.022966,7088.0,0.022964,5054.0,0.022973,2742.0,0.022974,13380.0
1753617267654,11:54:27.654,bitget,ACH/USDT:USDT,0.022966,7088.0,0.022964,5054.0,0.022973,2742.0,0.022974,13380.0
1753617267804,11:54:27.804,bitget,ACH/USDT:USDT,0.022966,7088.0,0.022964,5054.0,0.022973,2742.0,0.022974,13380.0
1753617267954,11:54:27.954,bitget,ACH/USDT:USDT,0.022966,9848.0,0.022964,5054.0,0.022973,2742.0,0.022974,13380.0
1753617268104,11:54:28.104,bitget,ACH/USDT:USDT,0.022966,9848.0,0.022964,5054.0,0.022973,2742.0,0.022974,13380.0
1753617268254,11:54:28.254,bitget,ACH/USDT:USDT,0.022966,9848.0,0.022964,5054.0,0.022973,2742.0,0.022974,13380.0
1753617268405,11:54:28.405,bitget,ACH/USDT:USDT,0.022966,9848.0,0.022964,5054.0,0.022973,2742.0,0.022974,13380.0
1753617268555,11:54:28.555,bitget,ACH/USDT:USDT,0.022966,9848.0,0.022964,5054.0,0.022973,2742.0,0.022974,13380.0
1753617268705,11:54:28.705,bitget,ACH/USDT:USDT,0.022966,9848.0,0.022964,5054.0,0.022973,2742.0,0.022974,13380.0
1753617268855,11:54:28.855,bitget,ACH/USDT:USDT,0.022966,7088.0,0.022964,5054.0,0.022973,2742.0,0.022974,13380.0
1753617269005,11:54:29.005,bitget,ACH/USDT:USDT,0.022966,7088.0,0.022964,5054.0,0.022973,2742.0,0.022974,13380.0
1753617269155,11:54:29.155,bitget,ACH/USDT:USDT,0.022966,7088.0,0.022964,5054.0,0.022973,2742.0,0.022974,13380.0
1753617269305,11:54:29.305,bitget,ACH/USDT:USDT,0.022966,7088.0,0.022964,5054.0,0.022973,2742.0,0.022974,13380.0
1753617269455,11:54:29.455,bitget,ACH/USDT:USDT,0.022966,7088.0,0.022964,5054.0,0.022973,2742.0,0.022974,13380.0
1753617269605,11:54:29.605,bitget,ACH/USDT:USDT,0.022966,7088.0,0.022964,5054.0,0.022973,2742.0,0.022974,13380.0
1753617269755,11:54:29.755,bitget,ACH/USDT:USDT,0.022966,7088.0,0.022964,5054.0,0.022973,2742.0,0.022974,13380.0
1753617269906,11:54:29.906,bitget,ACH/USDT:USDT,0.022966,7088.0,0.022964,5054.0,0.022973,2742.0,0.022974,13380.0
1753617270056,11:54:30.056,bitget,ACH/USDT:USDT,0.022966,7088.0,0.022964,5054.0,0.022973,2742.0,0.022974,13380.0
1753617270206,11:54:30.206,bitget,ACH/USDT:USDT,0.022966,7088.0,0.022964,5054.0,0.022973,2742.0,0.022974,13380.0
1753617270356,11:54:30.356,bitget,ACH/USDT:USDT,0.022966,7088.0,0.022964,5054.0,0.022973,2742.0,0.022974,13380.0
1753617270506,11:54:30.506,bitget,ACH/USDT:USDT,0.022962,13115.0,0.022961,20567.0,0.022973,2742.0,0.022974,13380.0
1753617270656,11:54:30.656,bitget,ACH/USDT:USDT,0.022963,2539.0,0.022962,15875.0,0.022973,2742.0,0.022974,13380.0
1753617270806,11:54:30.806,bitget,ACH/USDT:USDT,0.022963,2539.0,0.022962,10819.0,0.022973,2742.0,0.022974,13380.0
1753617270956,11:54:30.956,bitget,ACH/USDT:USDT,0.022962,10819.0,0.022961,17841.0,0.022973,2742.0,0.022974,13380.0
1753617271106,11:54:31.106,bitget,ACH/USDT:USDT,0.022962,10819.0,0.022961,12785.0,0.022973,2742.0,0.022974,13380.0
1753617271256,11:54:31.256,bitget,ACH/USDT:USDT,0.022962,10819.0,0.022961,12785.0,0.022973,2742.0,0.022974,13380.0
1753617271406,11:54:31.406,bitget,ACH/USDT:USDT,0.022963,2760.0,0.022962,8059.0,0.022973,2742.0,0.022974,13380.0
1753617271557,11:54:31.557,bitget,ACH/USDT:USDT,0.022964,7088.0,0.022963,2760.0,0.022973,2742.0,0.022974,13380.0
1753617271707,11:54:31.707,bitget,ACH/USDT:USDT,0.022964,7088.0,0.022963,2760.0,0.022973,2742.0,0.022974,13380.0
1753617271857,11:54:31.857,bitget,ACH/USDT:USDT,0.022964,7088.0,0.022963,2760.0,0.022973,2742.0,0.022974,13380.0
1753617272007,11:54:32.007,bitget,ACH/USDT:USDT,0.022964,7088.0,0.022962,13115.0,0.022973,2742.0,0.022974,13380.0
1753617272157,11:54:32.157,bitget,ACH/USDT:USDT,0.022964,9848.0,0.022962,13115.0,0.022973,2742.0,0.022974,13380.0
1753617272307,11:54:32.307,bitget,ACH/USDT:USDT,0.022964,9848.0,0.022962,13115.0,0.022973,2742.0,0.022974,13380.0
1753617272457,11:54:32.457,bitget,ACH/USDT:USDT,0.022964,9848.0,0.022962,13115.0,0.022973,2742.0,0.022974,13380.0
1753617272607,11:54:32.607,bitget,ACH/USDT:USDT,0.022964,9848.0,0.022962,8462.0,0.022973,2742.0,0.022974,13380.0
1753617272757,11:54:32.757,bitget,ACH/USDT:USDT,0.022964,9848.0,0.022962,8462.0,0.022973,2742.0,0.022974,13380.0
1753617272907,11:54:32.907,bitget,ACH/USDT:USDT,0.022965,2760.0,0.022964,7088.0,0.022973,2742.0,0.022974,13380.0
1753617273057,11:54:33.057,bitget,ACH/USDT:USDT,0.022963,5057.0,0.022962,3406.0,0.022973,2742.0,0.022974,13380.0
1753617273207,11:54:33.207,bitget,ACH/USDT:USDT,0.022963,7817.0,0.022962,3406.0,0.022973,2742.0,0.022974,13380.0
1753617273358,11:54:33.358,bitget,ACH/USDT:USDT,0.022963,7817.0,0.022962,3406.0,0.022973,2742.0,0.022974,13380.0
1753617273508,11:54:33.508,bitget,ACH/USDT:USDT,0.022961,5057.0,0.02296,3836.0,0.022973,2742.0,0.022974,13380.0
1753617273658,11:54:33.658,bitget,ACH/USDT:USDT,0.022961,7817.0,0.022959,18437.0,0.022973,2742.0,0.022974,13380.0
1753617273808,11:54:33.808,bitget,ACH/USDT:USDT,0.022962,2760.0,0.022961,5057.0,0.022969,44599.0,0.022973,2742.0
1753617273958,11:54:33.958,bitget,ACH/USDT:USDT,0.02296,5057.0,0.022957,15511.0,0.022967,2760.0,0.022968,13380.0
1753617274108,11:54:34.108,bitget,ACH/USDT:USDT,0.022961,9848.0,0.02296,7431.0,0.022967,2760.0,0.022968,68789.0
1753617274258,11:54:34.258,bitget,ACH/USDT:USDT,0.022962,7088.0,0.022961,9848.0,0.022967,2760.0,0.022968,68789.0
1753617274408,11:54:34.408,bitget,ACH/USDT:USDT,0.022962,7088.0,0.02296,7431.0,0.022967,2760.0,0.022968,68789.0
1753617274558,11:54:34.558,bitget,ACH/USDT:USDT,0.022962,7088.0,0.02296,7431.0,0.022967,2760.0,0.022968,68789.0
1753617274708,11:54:34.708,bitget,ACH/USDT:USDT,0.022962,7088.0,0.02296,7431.0,0.022967,2760.0,0.022968,68789.0
1753617274858,11:54:34.858,bitget,ACH/USDT:USDT,0.022962,7088.0,0.02296,7431.0,0.022967,2760.0,0.022968,68789.0
1753617275009,11:54:35.009,bitget,ACH/USDT:USDT,0.022962,7088.0,0.02296,7431.0,0.022967,2760.0,0.022968,68789.0
1753617275159,11:54:35.159,bitget,ACH/USDT:USDT,0.022962,7088.0,0.02296,7431.0,0.022967,2760.0,0.022968,68789.0
1753617275309,11:54:35.309,bitget,ACH/USDT:USDT,0.022962,7088.0,0.02296,7431.0,0.022967,2760.0,0.022968,68789.0
1753617275459,11:54:35.459,bitget,ACH/USDT:USDT,0.022962,7088.0,0.02296,7431.0,0.022967,2760.0,0.022968,68789.0
1753617275609,11:54:35.609,bitget,ACH/USDT:USDT,0.022962,7088.0,0.02296,7431.0,0.022967,2760.0,0.022968,68789.0
1753617275759,11:54:35.759,bitget,ACH/USDT:USDT,0.022962,7088.0,0.02296,7431.0,0.022967,2760.0,0.022968,68789.0
1753617275909,11:54:35.909,bitget,ACH/USDT:USDT,0.022962,7088.0,0.02296,7431.0,0.022967,2760.0,0.022968,68789.0
1753617276059,11:54:36.059,bitget,ACH/USDT:USDT,0.022962,7088.0,0.02296,7431.0,0.022967,2760.0,0.022968,68789.0
1753617276209,11:54:36.209,bitget,ACH/USDT:USDT,0.022962,7088.0,0.02296,7431.0,0.022967,2760.0,0.022968,68789.0
1753617276359,11:54:36.359,bitget,ACH/USDT:USDT,0.022962,7088.0,0.02296,7431.0,0.022967,2760.0,0.022968,68789.0
1753617276509,11:54:36.509,bitget,ACH/USDT:USDT,0.022962,7088.0,0.02296,7431.0,0.022967,2760.0,0.022968,68789.0
1753617276660,11:54:36.660,bitget,ACH/USDT:USDT,0.022962,7088.0,0.02296,7431.0,0.022967,2760.0,0.022968,68789.0
1753617276810,11:54:36.810,bitget,ACH/USDT:USDT,0.022962,7088.0,0.02296,7431.0,0.022967,2760.0,0.022968,68789.0
1753617276960,11:54:36.960,bitget,ACH/USDT:USDT,0.022962,7088.0,0.02296,7431.0,0.022967,2760.0,0.022968,68789.0
1753617277110,11:54:37.110,bitget,ACH/USDT:USDT,0.022962,7088.0,0.02296,7431.0,0.022967,2760.0,0.022968,68789.0
1753617277260,11:54:37.260,bitget,ACH/USDT:USDT,0.022962,7088.0,0.02296,7431.0,0.022967,2760.0,0.022968,68789.0
1753617277410,11:54:37.410,bitget,ACH/USDT:USDT,0.022962,7088.0,0.02296,7431.0,0.022967,2760.0,0.022968,68789.0
1753617277560,11:54:37.560,bitget,ACH/USDT:USDT,0.022962,7088.0,0.02296,7431.0,0.022967,2760.0,0.022968,68789.0
1753617277710,11:54:37.710,bitget,ACH/USDT:USDT,0.022962,7088.0,0.02296,7431.0,0.022967,2760.0,0.022968,68789.0
1753617277860,11:54:37.860,bitget,ACH/USDT:USDT,0.022962,7088.0,0.02296,7431.0,0.022967,2760.0,0.022968,68789.0
1753617278010,11:54:38.010,bitget,ACH/USDT:USDT,0.022962,7088.0,0.02296,7431.0,0.022967,2760.0,0.022968,68789.0
1753617278161,11:54:38.161,bitget,ACH/USDT:USDT,0.022962,7088.0,0.02296,7431.0,0.022967,2760.0,0.022968,68789.0
1753617278311,11:54:38.311,bitget,ACH/USDT:USDT,0.022962,7088.0,0.02296,7431.0,0.022967,2760.0,0.022968,68789.0
1753617278461,11:54:38.461,bitget,ACH/USDT:USDT,0.022962,7088.0,0.02296,7431.0,0.022967,2760.0,0.022968,68789.0
1753617278611,11:54:38.611,bitget,ACH/USDT:USDT,0.022962,7088.0,0.02296,7431.0,0.022967,2760.0,0.022968,68789.0
1753617278761,11:54:38.761,bitget,ACH/USDT:USDT,0.022962,7088.0,0.02296,7431.0,0.022967,2760.0,0.022968,68789.0
1753617278911,11:54:38.911,bitget,ACH/USDT:USDT,0.02296,5057.0,0.022957,2726.0,0.022967,2760.0,0.022968,68789.0
1753617279061,11:54:39.061,bitget,ACH/USDT:USDT,0.022958,5055.0,0.022957,2726.0,0.022967,2760.0,0.022968,68789.0
1753617279211,11:54:39.211,bitget,ACH/USDT:USDT,0.022958,7820.0,0.022956,5055.0,0.022967,2760.0,0.022968,68789.0
1753617279361,11:54:39.361,bitget,ACH/USDT:USDT,0.022959,2765.0,0.022958,13471.0,0.022967,2760.0,0.022968,55409.0
1753617279511,11:54:39.511,bitget,ACH/USDT:USDT,0.022961,2765.0,0.02296,7088.0,0.022967,2760.0,0.022968,70462.0
1753617279662,11:54:39.662,bitget,ACH/USDT:USDT,0.022962,7088.0,0.022961,2765.0,0.022967,7276.0,0.022968,70462.0
1753617279811,11:54:39.811,bitget,ACH/USDT:USDT,0.022962,7088.0,0.022961,2765.0,0.022965,2765.0,0.022967,4516.0
1753617279962,11:54:39.962,bitget,ACH/USDT:USDT,0.022962,7088.0,0.022961,2765.0,0.022965,2765.0,0.022967,4516.0
1753617280112,11:54:40.112,bitget,ACH/USDT:USDT,0.022962,7088.0,0.022961,2765.0,0.022965,2765.0,0.022967,4516.0
1753617280262,11:54:40.262,bitget,ACH/USDT:USDT,0.022962,7088.0,0.022961,2765.0,0.022965,2765.0,0.022967,4516.0
1753617280412,11:54:40.412,bitget,ACH/USDT:USDT,0.022962,7088.0,0.022961,2765.0,0.022965,2765.0,0.022967,4516.0
1753617280562,11:54:40.562,bitget,ACH/USDT:USDT,0.022962,7088.0,0.022961,2765.0,0.022965,2765.0,0.022967,4516.0
1753617280712,11:54:40.712,bitget,ACH/USDT:USDT,0.022962,7088.0,0.022961,2765.0,0.022965,2765.0,0.022968,73227.0
1753617280862,11:54:40.862,bitget,ACH/USDT:USDT,0.022962,7088.0,0.022961,2765.0,0.022965,2765.0,0.022968,73227.0
1753617281012,11:54:41.012,bitget,ACH/USDT:USDT,0.022962,7088.0,0.022961,2765.0,0.022965,2765.0,0.022968,73227.0
1753617281162,11:54:41.162,bitget,ACH/USDT:USDT,0.022962,7088.0,0.022961,2765.0,0.022965,2765.0,0.022968,73227.0
1753617281313,11:54:41.313,bitget,ACH/USDT:USDT,0.022962,7088.0,0.022961,2765.0,0.022965,2765.0,0.022968,73227.0
1753617281463,11:54:41.463,bitget,ACH/USDT:USDT,0.022962,7088.0,0.022961,2765.0,0.022965,2765.0,0.022968,73227.0
1753617281613,11:54:41.613,bitget,ACH/USDT:USDT,0.022962,7088.0,0.022961,2765.0,0.022965,2765.0,0.022968,73227.0
1753617281763,11:54:41.763,bitget,ACH/USDT:USDT,0.022962,7088.0,0.022961,2765.0,0.022965,2765.0,0.022968,73227.0
1753617281913,11:54:41.913,bitget,ACH/USDT:USDT,0.022962,7088.0,0.022961,2765.0,0.022965,2765.0,0.022968,73227.0
1753617282063,11:54:42.063,bitget,ACH/USDT:USDT,0.022962,7088.0,0.02296,5055.0,0.022965,2765.0,0.022968,73227.0
1753617282213,11:54:42.213,bitget,ACH/USDT:USDT,0.022962,7088.0,0.02296,5055.0,0.022965,2765.0,0.022968,73227.0
1753617282363,11:54:42.363,bitget,ACH/USDT:USDT,0.022962,7088.0,0.02296,5055.0,0.022965,2765.0,0.022968,73227.0
1753617282513,11:54:42.513,bitget,ACH/USDT:USDT,0.022962,7088.0,0.02296,5055.0,0.022965,2765.0,0.022968,73227.0
1753617282663,11:54:42.663,bitget,ACH/USDT:USDT,0.022962,7088.0,0.02296,5055.0,0.022965,2765.0,0.022968,73227.0
1753617282813,11:54:42.813,bitget,ACH/USDT:USDT,0.022962,7088.0,0.02296,5055.0,0.022965,2765.0,0.022968,73227.0
1753617282964,11:54:42.964,bitget,ACH/USDT:USDT,0.022962,7088.0,0.02296,5055.0,0.022965,2765.0,0.022968,73227.0
1753617283114,11:54:43.114,bitget,ACH/USDT:USDT,0.022962,7088.0,0.02296,5055.0,0.022965,2765.0,0.022968,73227.0
1753617283264,11:54:43.264,bitget,ACH/USDT:USDT,0.022962,7088.0,0.02296,5055.0,0.022965,2765.0,0.022968,73227.0
1753617283414,11:54:43.414,bitget,ACH/USDT:USDT,0.022962,7088.0,0.02296,5055.0,0.022965,2765.0,0.022968,73227.0
1753617283564,11:54:43.564,bitget,ACH/USDT:USDT,0.022962,7088.0,0.02296,5055.0,0.022965,2765.0,0.022968,73227.0
1753617283714,11:54:43.714,bitget,ACH/USDT:USDT,0.022962,7088.0,0.02296,5055.0,0.022965,2765.0,0.022968,73227.0
1753617283864,11:54:43.864,bitget,ACH/USDT:USDT,0.022962,7088.0,0.02296,5055.0,0.022965,2765.0,0.022968,73227.0
1753617284014,11:54:44.014,bitget,ACH/USDT:USDT,0.022962,7088.0,0.02296,5055.0,0.022965,2765.0,0.022968,73227.0
1753617284164,11:54:44.164,bitget,ACH/USDT:USDT,0.022962,7088.0,0.02296,5055.0,0.022965,2765.0,0.022968,73227.0
1753617284314,11:54:44.314,bitget,ACH/USDT:USDT,0.022962,7088.0,0.02296,5055.0,0.022965,2765.0,0.022968,73227.0
1753617284464,11:54:44.464,bitget,ACH/USDT:USDT,0.022962,7088.0,0.02296,5055.0,0.022965,2765.0,0.022968,73227.0
1753617284615,11:54:44.615,bitget,ACH/USDT:USDT,0.022962,7088.0,0.02296,5055.0,0.022965,2765.0,0.022968,73227.0
1753617284765,11:54:44.765,bitget,ACH/USDT:USDT,0.022962,7088.0,0.02296,5055.0,0.022965,2765.0,0.022968,73227.0
1753617284915,11:54:44.915,bitget,ACH/USDT:USDT,0.022962,7088.0,0.02296,5055.0,0.022965,2765.0,0.022968,73227.0
1753617285065,11:54:45.065,bitget,ACH/USDT:USDT,0.022962,7088.0,0.02296,5055.0,0.022965,2765.0,0.022968,73227.0
1753617285215,11:54:45.215,bitget,ACH/USDT:USDT,0.022962,7088.0,0.02296,5055.0,0.022965,2765.0,0.022968,73227.0
1753617285365,11:54:45.365,bitget,ACH/USDT:USDT,0.022962,7088.0,0.02296,5055.0,0.022965,2765.0,0.022968,73227.0
1753617285515,11:54:45.515,bitget,ACH/USDT:USDT,0.022962,7088.0,0.02296,5055.0,0.022965,2765.0,0.022968,73227.0
1753617285665,11:54:45.665,bitget,ACH/USDT:USDT,0.022962,7088.0,0.02296,5055.0,0.022965,2765.0,0.022968,73227.0
1753617285815,11:54:45.815,bitget,ACH/USDT:USDT,0.022962,7088.0,0.02296,5055.0,0.022965,2765.0,0.022968,73227.0
1753617285965,11:54:45.965,bitget,ACH/USDT:USDT,0.022962,7088.0,0.02296,5055.0,0.022965,2765.0,0.022968,73227.0
1753617286116,11:54:46.116,bitget,ACH/USDT:USDT,0.022962,7088.0,0.02296,5055.0,0.022965,2765.0,0.022968,73227.0
1753617286266,11:54:46.266,bitget,ACH/USDT:USDT,0.022962,7088.0,0.02296,5055.0,0.022965,2765.0,0.022968,73227.0
1753617286416,11:54:46.416,bitget,ACH/USDT:USDT,0.022962,7088.0,0.02296,5055.0,0.022965,2765.0,0.022968,73227.0
1753617286566,11:54:46.566,bitget,ACH/USDT:USDT,0.022962,7088.0,0.02296,5055.0,0.022965,2765.0,0.022968,73227.0
1753617286716,11:54:46.716,bitget,ACH/USDT:USDT,0.022962,7088.0,0.02296,5055.0,0.022965,2765.0,0.022968,73227.0
1753617286866,11:54:46.866,bitget,ACH/USDT:USDT,0.02296,5055.0,0.022957,2975.0,0.022965,2765.0,0.022968,73227.0
1753617287016,11:54:47.016,bitget,ACH/USDT:USDT,0.02296,5055.0,0.022958,5055.0,0.022965,2765.0,0.022968,73227.0
1753617287166,11:54:47.166,bitget,ACH/USDT:USDT,0.02296,5055.0,0.022958,5055.0,0.022965,2765.0,0.022968,73227.0
1753617287316,11:54:47.316,bitget,ACH/USDT:USDT,0.02296,7840.0,0.022958,5055.0,0.022965,2765.0,0.022968,73227.0
1753617287466,11:54:47.466,bitget,ACH/USDT:USDT,0.02296,7840.0,0.022958,5055.0,0.022965,2765.0,0.022968,73227.0
1753617287616,11:54:47.616,bitget,ACH/USDT:USDT,0.02296,7840.0,0.022958,5055.0,0.022965,2765.0,0.022968,73227.0
1753617287767,11:54:47.767,bitget,ACH/USDT:USDT,0.02296,5055.0,0.022958,5055.0,0.022965,2765.0,0.022968,73227.0
1753617287917,11:54:47.917,bitget,ACH/USDT:USDT,0.02296,5055.0,0.022958,5055.0,0.022965,2765.0,0.022968,73227.0
1753617288067,11:54:48.067,bitget,ACH/USDT:USDT,0.022958,5055.0,0.022957,2975.0,0.022965,2765.0,0.022968,73227.0
1753617288217,11:54:48.217,bitget,ACH/USDT:USDT,0.022958,7840.0,0.022956,5054.0,0.022965,2765.0,0.022968,73227.0
1753617288367,11:54:48.367,bitget,ACH/USDT:USDT,0.022958,7840.0,0.022956,5054.0,0.022965,2765.0,0.022968,73227.0
1753617288517,11:54:48.517,bitget,ACH/USDT:USDT,0.022958,7840.0,0.022956,5054.0,0.022965,2765.0,0.022968,73227.0
1753617288667,11:54:48.667,bitget,ACH/USDT:USDT,0.022958,7840.0,0.022956,5054.0,0.022965,2765.0,0.022968,73227.0
1753617288817,11:54:48.817,bitget,ACH/USDT:USDT,0.022958,7840.0,0.022956,5054.0,0.022965,2765.0,0.022968,73227.0
1753617288967,11:54:48.967,bitget,ACH/USDT:USDT,0.022958,7840.0,0.022956,5054.0,0.022965,2765.0,0.022968,73227.0
1753617289117,11:54:49.117,bitget,ACH/USDT:USDT,0.022958,7840.0,0.022956,5054.0,0.022965,2765.0,0.022968,73227.0
1753617289268,11:54:49.268,bitget,ACH/USDT:USDT,0.022959,2785.0,0.022958,9329.0,0.022965,2765.0,0.022968,73227.0
1753617289418,11:54:49.418,bitget,ACH/USDT:USDT,0.02296,7088.0,0.022959,2785.0,0.022965,2765.0,0.022968,73227.0
1753617289568,11:54:49.568,bitget,ACH/USDT:USDT,0.02296,7088.0,0.022958,9329.0,0.022965,2765.0,0.022968,73227.0
1753617289718,11:54:49.718,bitget,ACH/USDT:USDT,0.02296,7088.0,0.022958,9329.0,0.022965,2765.0,0.022968,73227.0
1753617289868,11:54:49.868,bitget,ACH/USDT:USDT,0.022961,2785.0,0.02296,7088.0,0.022967,2785.0,0.022968,70462.0
1753617290018,11:54:50.018,bitget,ACH/USDT:USDT,0.022962,7088.0,0.022961,2785.0,0.022967,2785.0,0.022969,59153.0
1753617290168,11:54:50.168,bitget,ACH/USDT:USDT,0.022963,7088.0,0.022962,7088.0,0.022967,2785.0,0.022969,59153.0
