timestamp,time,exchange,symbol,bid1_price,bid1_volume,bid2_price,bid2_volume,ask1_price,ask1_volume,ask2_price,ask2_volume
1753617158264,11:52:38.264,blofin,AERGO/USDT:USDT,0.13368,832.0,0.13362,25387.0,0.1337,1386.0,0.13375,26312.0
1753617160265,11:52:40.265,blofin,AERGO/USDT:USDT,0.13368,732.0,0.13361,9510.0,0.1337,1385.0,0.13376,15660.0
1753617162267,11:52:42.267,blofin,AERGO/USDT:USDT,0.13368,258.0,0.13355,8564.0,0.1337,1285.0,0.13382,8564.0
1753617163268,11:52:43.268,blofin,AERGO/USDT:USDT,0.13368,156.0,0.13355,8564.0,0.1337,1286.0,0.13382,8564.0
1753617164173,11:52:44.173,blofin,AERGO/USDT:USDT,0.13368,149.0,0.13362,32120.0,0.1337,1286.0,0.13375,36681.0
1753617166180,11:52:46.180,blofin,AERGO/USDT:USDT,0.13368,158.0,0.13362,1950.0,0.1337,1285.0,0.13382,8564.0
1753617166271,11:52:46.271,blofin,AERGO/USDT:USDT,0.13368,158.0,0.13362,1950.0,0.1337,1286.0,0.13382,8564.0
1753617167180,11:52:47.180,blofin,AERGO/USDT:USDT,0.13368,177.0,0.13362,1950.0,0.1337,1286.0,0.13378,16206.0
1753617167274,11:52:47.274,blofin,AERGO/USDT:USDT,0.13368,175.0,0.13362,1950.0,0.1337,1286.0,0.13378,16206.0
1753617168275,11:52:48.275,blofin,AERGO/USDT:USDT,0.13368,162.0,0.13364,16064.0,0.1337,1284.0,0.13373,33083.0
1753617169276,11:52:49.276,blofin,AERGO/USDT:USDT,0.13368,156.0,0.13355,8564.0,0.1337,1284.0,0.1338,1304.0
1753617170277,11:52:50.277,blofin,AERGO/USDT:USDT,0.13368,156.0,0.13355,26731.0,0.1337,1283.0,0.1338,1304.0
1753617171277,11:52:51.277,blofin,AERGO/USDT:USDT,0.13368,156.0,0.13355,8564.0,0.1337,464.0,0.1338,1304.0
1753617172277,11:52:52.277,blofin,AERGO/USDT:USDT,0.13368,156.0,0.13361,8181.0,0.1337,469.0,0.13377,32795.0
1753617173278,11:52:53.278,blofin,AERGO/USDT:USDT,0.13368,152.0,0.13364,27754.0,0.1337,466.0,0.13373,33311.0
1753617174279,11:52:54.279,blofin,AERGO/USDT:USDT,0.13368,152.0,0.13359,1239.0,0.1337,375.0,0.13382,8564.0
1753617175280,11:52:55.280,blofin,AERGO/USDT:USDT,0.13368,152.0,0.13362,29937.0,0.1337,273.0,0.13375,32616.0
1753617176281,11:52:56.281,blofin,AERGO/USDT:USDT,0.13368,156.0,0.13362,5132.0,0.1337,273.0,0.13375,17305.0
1753617177184,11:52:57.184,blofin,AERGO/USDT:USDT,0.13368,156.0,0.13359,1239.0,0.1337,187.0,0.13382,8564.0
1753617177281,11:52:57.281,blofin,AERGO/USDT:USDT,0.13368,156.0,0.13359,1239.0,0.1337,188.0,0.13382,8564.0
1753617178282,11:52:58.282,blofin,AERGO/USDT:USDT,0.13368,158.0,0.13355,8564.0,0.1337,195.0,0.13382,8564.0
1753617179282,11:52:59.282,blofin,AERGO/USDT:USDT,0.13368,156.0,0.13355,8564.0,0.1337,195.0,0.13382,8564.0
1753617180283,11:53:00.283,blofin,AERGO/USDT:USDT,0.13368,156.0,0.13359,14553.0,0.1337,101.0,0.13378,18658.0
1753617180832,11:53:00.832,blofin,AERGO/USDT:USDT,0.13368,156.0,0.13355,8564.0,0.1337,9.0,0.13371,91.0
1753617181284,11:53:01.284,blofin,AERGO/USDT:USDT,0.13368,346.0,0.13355,8564.0,0.1337,9.0,0.13372,40.0
1753617182188,11:53:02.188,blofin,AERGO/USDT:USDT,0.13368,346.0,0.13358,7502.0,0.1337,9.0,0.13372,40.0
1753617182286,11:53:02.286,blofin,AERGO/USDT:USDT,0.13368,346.0,0.13358,7502.0,0.1337,9.0,0.13372,40.0
1753617183189,11:53:03.189,blofin,AERGO/USDT:USDT,0.13368,345.0,0.13357,21646.0,0.1337,5.0,0.13371,43.0
1753617183697,11:53:03.697,blofin,AERGO/USDT:USDT,0.13369,338.0,0.13368,4.0,0.1337,5.0,0.13371,3.0
1753617184287,11:53:04.287,blofin,AERGO/USDT:USDT,0.13371,2844.0,0.13368,3.0,0.13375,654.0,0.13383,8564.0
1753617184461,11:53:04.461,blofin,AERGO/USDT:USDT,0.13371,2844.0,0.13368,3.0,0.13373,632.0,0.13376,11841.0
1753617185190,11:53:05.190,blofin,AERGO/USDT:USDT,0.13371,168.0,0.13368,3.0,0.13373,2991.0,0.13383,8564.0
1753617185713,11:53:05.713,blofin,AERGO/USDT:USDT,0.13371,445.0,0.13368,3.0,0.13373,3.0,0.13374,2991.0
1753617186287,11:53:06.287,blofin,AERGO/USDT:USDT,0.13371,445.0,0.13368,3.0,0.13376,661.0,0.13383,8564.0
1753617187286,11:53:07.286,blofin,AERGO/USDT:USDT,0.13371,445.0,0.13368,3.0,0.13376,3328.0,0.13383,8564.0
1753617188288,11:53:08.288,blofin,AERGO/USDT:USDT,0.13371,449.0,0.13368,3.0,0.13376,3228.0,0.13385,26726.0
1753617189287,11:53:09.287,blofin,AERGO/USDT:USDT,0.13371,445.0,0.13368,3.0,0.13376,3139.0,0.13384,39283.0
1753617190291,11:53:10.291,blofin,AERGO/USDT:USDT,0.13371,446.0,0.13368,3.0,0.13376,3139.0,0.13387,8562.0
1753617191287,11:53:11.287,blofin,AERGO/USDT:USDT,0.13371,446.0,0.13368,3.0,0.13376,3137.0,0.13386,11299.0
1753617192289,11:53:12.289,blofin,AERGO/USDT:USDT,0.13371,636.0,0.13368,3.0,0.13376,3137.0,0.13387,8562.0
1753617193289,11:53:13.289,blofin,AERGO/USDT:USDT,0.13371,635.0,0.13368,3.0,0.13376,3035.0,0.13387,8562.0
1753617194291,11:53:14.291,blofin,AERGO/USDT:USDT,0.13371,635.0,0.13368,3.0,0.13376,3034.0,0.13387,8562.0
1753617195290,11:53:15.290,blofin,AERGO/USDT:USDT,0.13371,635.0,0.13368,3.0,0.13376,3034.0,0.13387,8562.0
1753617196292,11:53:16.292,blofin,AERGO/USDT:USDT,0.13372,2763.0,0.13371,3.0,0.13376,339.0,0.13387,8562.0
1753617197291,11:53:17.291,blofin,AERGO/USDT:USDT,0.13372,2928.0,0.13368,3.0,0.13376,2994.0,0.13381,41516.0
1753617198005,11:53:18.005,blofin,AERGO/USDT:USDT,0.13373,2927.0,0.13372,1.0,0.13376,4.0,0.13377,335.0
1753617198294,11:53:18.294,blofin,AERGO/USDT:USDT,0.13373,2448.0,0.13368,3.0,0.13377,338.0,0.13388,8561.0
1753617199293,11:53:19.293,blofin,AERGO/USDT:USDT,0.13373,2534.0,0.13368,3.0,0.13378,907.0,0.13388,8561.0
1753617200294,11:53:20.294,blofin,AERGO/USDT:USDT,0.13373,169.0,0.13368,3.0,0.13377,2744.0,0.13378,2.0
1753617201604,11:53:21.604,blofin,AERGO/USDT:USDT,0.13373,2.0,0.13372,36.0,0.13377,2649.0,0.13378,2.0
1753617202295,11:53:22.295,blofin,AERGO/USDT:USDT,0.13372,354.0,0.13368,3.0,0.13377,2557.0,0.13378,2.0
1753617203204,11:53:23.204,blofin,AERGO/USDT:USDT,0.13373,353.0,0.13368,3.0,0.13378,2558.0,0.13383,17706.0
1753617203296,11:53:23.296,blofin,AERGO/USDT:USDT,0.13373,2595.0,0.13368,3.0,0.13378,806.0,0.13388,894.0
1753617204300,11:53:24.300,blofin,AERGO/USDT:USDT,0.13373,2593.0,0.13368,3.0,0.13378,806.0,0.13388,894.0
1753617205297,11:53:25.297,blofin,AERGO/USDT:USDT,0.13373,2596.0,0.13368,3.0,0.13378,806.0,0.13388,894.0
1753617206602,11:53:26.602,blofin,AERGO/USDT:USDT,0.13375,2592.0,0.13373,1.0,0.13378,806.0,0.13388,894.0
1753617207299,11:53:27.299,blofin,AERGO/USDT:USDT,0.13375,399.0,0.13368,3.0,0.13378,806.0,0.13388,894.0
1753617208223,11:53:28.223,blofin,AERGO/USDT:USDT,0.13375,403.0,0.13366,1046.0,0.13377,808.0,0.13378,1.0
1753617208300,11:53:28.300,blofin,AERGO/USDT:USDT,0.13375,402.0,0.1337,10788.0,0.13377,2998.0,0.13381,16035.0
1753617209213,11:53:29.213,blofin,AERGO/USDT:USDT,0.13375,402.0,0.13366,417.0,0.13377,2998.0,0.13389,8406.0
1753617209783,11:53:29.783,blofin,AERGO/USDT:USDT,0.13375,402.0,0.13366,7871.0,0.13377,8.0,0.13378,2990.0
1753617210302,11:53:30.302,blofin,AERGO/USDT:USDT,0.13375,405.0,0.13366,417.0,0.13377,8.0,0.13378,805.0
1753617211302,11:53:31.302,blofin,AERGO/USDT:USDT,0.13375,405.0,0.1337,2634.0,0.13377,8.0,0.13378,570.0
1753617212304,11:53:32.304,blofin,AERGO/USDT:USDT,0.13375,593.0,0.13362,8406.0,0.13377,8.0,0.13378,570.0
1753617213305,11:53:33.305,blofin,AERGO/USDT:USDT,0.13375,3413.0,0.13362,8405.0,0.13377,3.0,0.13378,572.0
1753617214214,11:53:34.214,blofin,AERGO/USDT:USDT,0.13375,3413.0,0.13362,8405.0,0.13377,3.0,0.13378,572.0
1753617214306,11:53:34.306,blofin,AERGO/USDT:USDT,0.13375,3411.0,0.13362,8405.0,0.13377,3.0,0.13378,572.0
1753617215214,11:53:35.214,blofin,AERGO/USDT:USDT,0.13375,3411.0,0.13362,8405.0,0.13377,3.0,0.13378,299.0
1753617215308,11:53:35.308,blofin,AERGO/USDT:USDT,0.13375,3411.0,0.13362,8405.0,0.13377,3.0,0.13378,299.0
1753617217216,11:53:37.216,blofin,AERGO/USDT:USDT,0.13375,3411.0,0.13362,8405.0,0.13377,3.0,0.13378,203.0
1753617217308,11:53:37.308,blofin,AERGO/USDT:USDT,0.13375,3411.0,0.13362,8405.0,0.13377,3.0,0.13378,204.0
1753617218310,11:53:38.310,blofin,AERGO/USDT:USDT,0.13375,3410.0,0.1337,3432.0,0.13377,3.0,0.13378,106.0
1753617219309,11:53:39.309,blofin,AERGO/USDT:USDT,0.13375,3411.0,0.13371,7660.0,0.13377,3.0,0.13378,106.0
1753617220020,11:53:40.020,blofin,AERGO/USDT:USDT,0.13375,3411.0,0.13362,8405.0,0.13377,106.0,0.13378,3.0
1753617220311,11:53:40.311,blofin,AERGO/USDT:USDT,0.13375,3410.0,0.13368,3066.0,0.13377,2993.0,0.13378,3.0
1753617221312,11:53:41.312,blofin,AERGO/USDT:USDT,0.13375,3410.0,0.13363,12497.0,0.13377,2993.0,0.13378,3.0
1753617222312,11:53:42.312,blofin,AERGO/USDT:USDT,0.13375,3410.0,0.13362,8405.0,0.13377,2998.0,0.1339,8405.0
1753617223514,11:53:43.514,blofin,AERGO/USDT:USDT,0.13375,3412.0,0.13369,17457.0,0.13377,5.0,0.1338,3056.0
1753617223715,11:53:43.715,blofin,AERGO/USDT:USDT,0.13375,3412.0,0.13362,8406.0,0.13377,5.0,0.13379,40.0
1753617224315,11:53:44.315,blofin,AERGO/USDT:USDT,0.13375,3412.0,0.13362,8406.0,0.13377,5.0,0.1338,40.0
1753617225314,11:53:45.314,blofin,AERGO/USDT:USDT,0.13375,3411.0,0.13363,5013.0,0.13377,5.0,0.1338,3028.0
1753617226316,11:53:46.316,blofin,AERGO/USDT:USDT,0.13375,3411.0,0.13362,8406.0,0.13377,3.0,0.1338,3033.0
1753617227315,11:53:47.315,blofin,AERGO/USDT:USDT,0.13375,3450.0,0.13362,21358.0,0.13377,3.0,0.1338,3033.0
1753617228316,11:53:48.316,blofin,AERGO/USDT:USDT,0.13375,3450.0,0.13363,8405.0,0.13377,3.0,0.1338,2946.0
1753617228725,11:53:48.725,blofin,AERGO/USDT:USDT,0.13375,3450.0,0.13363,8405.0,0.13377,3.0,0.1338,2.0
1753617229316,11:53:49.316,blofin,AERGO/USDT:USDT,0.13375,3449.0,0.13364,9204.0,0.13377,3.0,0.1338,432.0
1753617229679,11:53:49.679,blofin,AERGO/USDT:USDT,0.13375,3449.0,0.13364,4286.0,0.13377,3.0,0.1338,2.0
1753617230318,11:53:50.318,blofin,AERGO/USDT:USDT,0.13375,3449.0,0.13363,8405.0,0.13377,3.0,0.1338,2.0
1753617231318,11:53:51.318,blofin,AERGO/USDT:USDT,0.13375,35855.0,0.13363,8405.0,0.13377,3.0,0.1338,2.0
1753617232322,11:53:52.322,blofin,AERGO/USDT:USDT,0.13375,35855.0,0.13363,8405.0,0.13377,3.0,0.13381,435.0
1753617233320,11:53:53.320,blofin,AERGO/USDT:USDT,0.13375,36601.0,0.13364,8404.0,0.13377,3.0,0.13381,279.0
1753617235324,11:53:55.324,blofin,AERGO/USDT:USDT,0.13375,36603.0,0.13364,8404.0,0.13377,3.0,0.13381,279.0
1753617236325,11:53:56.325,blofin,AERGO/USDT:USDT,0.13375,36603.0,0.13367,21023.0,0.13377,3.0,0.13381,279.0
1753617237324,11:53:57.324,blofin,AERGO/USDT:USDT,0.13375,36602.0,0.13364,8404.0,0.13377,3.0,0.13381,182.0
1753617238246,11:53:58.246,blofin,AERGO/USDT:USDT,0.13375,36603.0,0.13364,8404.0,0.13381,185.0,0.13391,8404.0
1753617238327,11:53:58.327,blofin,AERGO/USDT:USDT,0.13375,36492.0,0.13364,8404.0,0.13381,184.0,0.13391,8404.0
1753617239233,11:53:59.233,blofin,AERGO/USDT:USDT,0.13375,36492.0,0.13364,8404.0,0.13381,184.0,0.13391,8404.0
1753617239598,11:53:59.598,blofin,AERGO/USDT:USDT,0.13376,36486.0,0.13375,6.0,0.13381,187.0,0.13386,26718.0
1753617240235,11:54:00.235,blofin,AERGO/USDT:USDT,0.13375,36602.0,0.13364,8404.0,0.13381,187.0,0.13391,8404.0
1753617240720,11:54:00.720,blofin,AERGO/USDT:USDT,0.13377,4994.0,0.13375,6.0,0.13381,8.0,0.13382,179.0
1753617241235,11:54:01.235,blofin,AERGO/USDT:USDT,0.13377,4994.0,0.13375,6.0,0.13381,8.0,0.13382,325.0
1753617241329,11:54:01.329,blofin,AERGO/USDT:USDT,0.13377,4998.0,0.13375,5.0,0.13381,8.0,0.13382,325.0
1753617242330,11:54:02.330,blofin,AERGO/USDT:USDT,0.13377,4998.0,0.13375,5.0,0.13381,3.0,0.13382,328.0
1753617243237,11:54:03.237,blofin,AERGO/USDT:USDT,0.13377,4995.0,0.13375,5.0,0.13381,3.0,0.13382,328.0
1753617243333,11:54:03.333,blofin,AERGO/USDT:USDT,0.13377,5633.0,0.13375,5.0,0.13381,3.0,0.13382,131.0
1753617244237,11:54:04.237,blofin,AERGO/USDT:USDT,0.13377,5633.0,0.13375,5.0,0.13381,3.0,0.13382,79.0
1753617244331,11:54:04.331,blofin,AERGO/USDT:USDT,0.13377,5637.0,0.13375,5.0,0.13381,3.0,0.13382,79.0
1753617245238,11:54:05.238,blofin,AERGO/USDT:USDT,0.13377,5637.0,0.13375,5.0,0.13381,3.0,0.13382,79.0
1753617245338,11:54:05.338,blofin,AERGO/USDT:USDT,0.13377,5637.0,0.13375,5.0,0.13381,3.0,0.13382,81.0
1753617246239,11:54:06.239,blofin,AERGO/USDT:USDT,0.13377,5637.0,0.13375,5.0,0.13381,3.0,0.13382,81.0
1753617246718,11:54:06.718,blofin,AERGO/USDT:USDT,0.13377,5675.0,0.13375,5.0,0.13381,3.0,0.13382,4.0
1753617247334,11:54:07.334,blofin,AERGO/USDT:USDT,0.13377,5675.0,0.13375,5.0,0.13381,3.0,0.13382,4.0
1753617248334,11:54:08.334,blofin,AERGO/USDT:USDT,0.13377,5715.0,0.13375,5.0,0.13381,3.0,0.13383,1980.0
1753617249334,11:54:09.334,blofin,AERGO/USDT:USDT,0.13377,5753.0,0.13375,5.0,0.13381,3.0,0.13383,1980.0
1753617250337,11:54:10.337,blofin,AERGO/USDT:USDT,0.13377,5752.0,0.13375,5.0,0.13381,3.0,0.13383,1980.0
1753617251242,11:54:11.242,blofin,AERGO/USDT:USDT,0.13377,5752.0,0.13375,5.0,0.13381,3.0,0.13383,1878.0
1753617251336,11:54:11.336,blofin,AERGO/USDT:USDT,0.13377,5751.0,0.13375,5.0,0.13381,3.0,0.13383,1878.0
1753617252242,11:54:12.242,blofin,AERGO/USDT:USDT,0.13377,3275.0,0.13375,5.0,0.1338,2989.0,0.13381,3.0
1753617252335,11:54:12.335,blofin,AERGO/USDT:USDT,0.13377,3275.0,0.13375,5.0,0.1338,2990.0,0.13381,3.0
1753617253244,11:54:13.244,blofin,AERGO/USDT:USDT,0.13377,3275.0,0.13375,5.0,0.1338,2990.0,0.13381,3.0
1753617253335,11:54:13.335,blofin,AERGO/USDT:USDT,0.13377,3275.0,0.13375,5.0,0.1338,2993.0,0.13381,3.0
1753617253776,11:54:13.776,blofin,AERGO/USDT:USDT,0.13377,3275.0,0.13375,5.0,0.1338,4.0,0.13381,2992.0
1753617254413,11:54:14.413,blofin,AERGO/USDT:USDT,0.13379,3274.0,0.13377,4.0,0.1338,4.0,0.13381,3.0
1753617255338,11:54:15.338,blofin,AERGO/USDT:USDT,0.13379,45.0,0.13375,5.0,0.1338,4.0,0.13381,3.0
1753617256339,11:54:16.339,blofin,AERGO/USDT:USDT,0.13379,45.0,0.13375,5.0,0.1338,4.0,0.13381,3.0
1753617257339,11:54:17.339,blofin,AERGO/USDT:USDT,0.13379,42.0,0.13375,5.0,0.1338,4.0,0.13381,3.0
1753617258339,11:54:18.339,blofin,AERGO/USDT:USDT,0.13379,45.0,0.13375,5.0,0.13381,3.0,0.13382,2449.0
1753617259340,11:54:19.340,blofin,AERGO/USDT:USDT,0.13379,45.0,0.13375,5.0,0.13381,3.0,0.13382,2446.0
1753617260341,11:54:20.341,blofin,AERGO/USDT:USDT,0.13379,2205.0,0.13375,5.0,0.13381,3.0,0.13382,2446.0
1753617260784,11:54:20.784,blofin,AERGO/USDT:USDT,0.13379,2360.0,0.13375,5.0,0.13381,3.0,0.13382,1.0
1753617261341,11:54:21.341,blofin,AERGO/USDT:USDT,0.13379,2360.0,0.13375,5.0,0.13381,3.0,0.13382,1.0
1753617262250,11:54:22.250,blofin,AERGO/USDT:USDT,0.13379,2360.0,0.13375,5.0,0.13381,3.0,0.13382,1.0
1753617262345,11:54:22.345,blofin,AERGO/USDT:USDT,0.13379,2360.0,0.13375,5.0,0.13381,3.0,0.13383,1779.0
1753617263343,11:54:23.343,blofin,AERGO/USDT:USDT,0.13379,2363.0,0.13375,5.0,0.13381,3.0,0.13383,1780.0
1753617264022,11:54:24.022,blofin,AERGO/USDT:USDT,0.13379,2363.0,0.13375,5.0,0.13381,1780.0,0.13383,3.0
1753617264342,11:54:24.342,blofin,AERGO/USDT:USDT,0.13379,2363.0,0.13375,5.0,0.13381,2992.0,0.13383,3.0
1753617265251,11:54:25.251,blofin,AERGO/USDT:USDT,0.13379,2363.0,0.13375,5.0,0.13381,2992.0,0.13383,3.0
1753617265344,11:54:25.344,blofin,AERGO/USDT:USDT,0.13379,2361.0,0.13375,5.0,0.13381,2992.0,0.13383,3.0
1753617265777,11:54:25.777,blofin,AERGO/USDT:USDT,0.13379,2361.0,0.13375,5.0,0.13381,3.0,0.13382,2989.0
1753617266344,11:54:26.344,blofin,AERGO/USDT:USDT,0.13379,2361.0,0.13375,5.0,0.13381,3.0,0.13383,1820.0
1753617267253,11:54:27.253,blofin,AERGO/USDT:USDT,0.13379,2402.0,0.13375,5.0,0.13381,3.0,0.13383,1820.0
1753617267346,11:54:27.346,blofin,AERGO/USDT:USDT,0.13379,2402.0,0.13375,5.0,0.13381,3.0,0.13383,1820.0
1753617268347,11:54:28.347,blofin,AERGO/USDT:USDT,0.13379,2409.0,0.13367,8414.0,0.13383,2041.0,0.13392,976.0
1753617269347,11:54:29.347,blofin,AERGO/USDT:USDT,0.13379,2409.0,0.13367,8414.0,0.13383,1949.0,0.13392,976.0
1753617270188,11:54:30.188,blofin,AERGO/USDT:USDT,0.1338,2400.0,0.13379,9.0,0.13383,1949.0,0.13392,976.0
1753617270352,11:54:30.352,blofin,AERGO/USDT:USDT,0.1338,2404.0,0.13379,4.0,0.13383,1949.0,0.13392,976.0
1753617271348,11:54:31.348,blofin,AERGO/USDT:USDT,0.1338,112.0,0.13379,4.0,0.13383,1857.0,0.13392,976.0
1753617272256,11:54:32.256,blofin,AERGO/USDT:USDT,0.1338,112.0,0.13379,4.0,0.13383,1663.0,0.13392,976.0
1753617273258,11:54:33.258,blofin,AERGO/USDT:USDT,0.1338,110.0,0.13379,4.0,0.13383,1666.0,0.13392,976.0
1753617273349,11:54:33.349,blofin,AERGO/USDT:USDT,0.1338,109.0,0.13379,4.0,0.13383,1666.0,0.13392,976.0
1753617274351,11:54:34.351,blofin,AERGO/USDT:USDT,0.1338,109.0,0.13379,4.0,0.13383,1665.0,0.13392,976.0
1753617275352,11:54:35.352,blofin,AERGO/USDT:USDT,0.1338,109.0,0.13379,4.0,0.13383,4464.0,0.13392,976.0
1753617276230,11:54:36.230,blofin,AERGO/USDT:USDT,0.1338,339.0,0.13379,4.0,0.13382,4458.0,0.13383,6.0
1753617276779,11:54:36.779,blofin,AERGO/USDT:USDT,0.1338,340.0,0.13379,4.0,0.13383,2995.0,0.13392,34212.0
1753617277353,11:54:37.353,blofin,AERGO/USDT:USDT,0.1338,341.0,0.13379,4.0,0.13383,4464.0,0.13392,976.0
1753617278355,11:54:38.355,blofin,AERGO/USDT:USDT,0.1338,341.0,0.13379,4.0,0.13383,4466.0,0.13392,976.0
1753617278643,11:54:38.643,blofin,AERGO/USDT:USDT,0.1338,3.0,0.13379,4.0,0.13381,4458.0,0.13383,8.0
1753617279355,11:54:39.355,blofin,AERGO/USDT:USDT,0.13377,595.0,0.13368,15227.0,0.13379,698.0,0.13383,8.0
1753617280359,11:54:40.359,blofin,AERGO/USDT:USDT,0.13377,1484.0,0.13367,8414.0,0.13379,701.0,0.13383,3.0
1753617281356,11:54:41.356,blofin,AERGO/USDT:USDT,0.13377,1484.0,0.13367,8414.0,0.13379,700.0,0.13383,3.0
1753617282357,11:54:42.357,blofin,AERGO/USDT:USDT,0.13375,1489.0,0.13367,8414.0,0.13377,698.0,0.13379,2.0
1753617283357,11:54:43.357,blofin,AERGO/USDT:USDT,0.13375,33667.0,0.13362,12359.0,0.13377,556.0,0.13383,3.0
1753617284359,11:54:44.359,blofin,AERGO/USDT:USDT,0.13375,33668.0,0.13362,12359.0,0.13377,556.0,0.13383,3.0
1753617285358,11:54:45.358,blofin,AERGO/USDT:USDT,0.13375,33728.0,0.13362,12359.0,0.13377,557.0,0.13383,3.0
1753617286359,11:54:46.359,blofin,AERGO/USDT:USDT,0.13375,33728.0,0.13364,18689.0,0.13377,557.0,0.13383,3.0
1753617287361,11:54:47.361,blofin,AERGO/USDT:USDT,0.13375,33728.0,0.13363,13551.0,0.13377,557.0,0.13383,3.0
1753617288361,11:54:48.361,blofin,AERGO/USDT:USDT,0.13369,470.0,0.13364,11874.0,0.13373,556.0,0.13377,31469.0
1753617289362,11:54:49.362,blofin,AERGO/USDT:USDT,0.13369,1333.0,0.13362,3942.0,0.13372,558.0,0.13383,3.0
1753617290362,11:54:50.362,blofin,AERGO/USDT:USDT,0.13369,991.0,0.13362,3942.0,0.13372,5108.0,0.13383,3.0
1753617291362,11:54:51.362,blofin,AERGO/USDT:USDT,0.13369,991.0,0.13362,3942.0,0.13372,5108.0,0.13383,3.0
1753617292363,11:54:52.363,blofin,AERGO/USDT:USDT,0.13369,891.0,0.13362,3942.0,0.13372,8099.0,0.13383,3.0
1753617293365,11:54:53.365,blofin,AERGO/USDT:USDT,0.13369,892.0,0.13362,3942.0,0.13372,8096.0,0.1338,19376.0
1753617294366,11:54:54.366,blofin,AERGO/USDT:USDT,0.13369,891.0,0.13362,3942.0,0.13372,8096.0,0.13383,3.0
1753617295279,11:54:55.279,blofin,AERGO/USDT:USDT,0.13369,891.0,0.13362,3942.0,0.13372,8096.0,0.13382,14025.0
1753617295378,11:54:55.378,blofin,AERGO/USDT:USDT,0.13369,891.0,0.13362,3942.0,0.13372,8097.0,0.13382,14025.0
1753617296279,11:54:56.279,blofin,AERGO/USDT:USDT,0.13369,891.0,0.13365,4956.0,0.13372,8097.0,0.13375,22737.0
1753617296365,11:54:56.365,blofin,AERGO/USDT:USDT,0.13369,891.0,0.13365,4956.0,0.13372,8097.0,0.13375,22737.0
1753617297650,11:54:57.650,blofin,AERGO/USDT:USDT,0.13372,2798.0,0.13369,4.0,0.13379,922.0,0.13382,1733.0
1753617298370,11:54:58.370,blofin,AERGO/USDT:USDT,0.13374,3827.0,0.13363,8417.0,0.1338,3302.0,0.13391,8417.0
1753617298663,11:54:58.663,blofin,AERGO/USDT:USDT,0.13374,3827.0,0.13363,8417.0,0.1338,7.0,0.13381,3295.0
1753617299366,11:54:59.366,blofin,AERGO/USDT:USDT,0.13375,3763.0,0.13374,7.0,0.1338,4.0,0.13381,3273.0
1753617300367,11:55:00.367,blofin,AERGO/USDT:USDT,0.13375,3763.0,0.13374,7.0,0.1338,4.0,0.13381,3275.0
1753617301368,11:55:01.368,blofin,AERGO/USDT:USDT,0.13375,3768.0,0.13374,2.0,0.1338,4.0,0.13381,3275.0
1753617302369,11:55:02.369,blofin,AERGO/USDT:USDT,0.13375,3768.0,0.13374,2.0,0.1338,4.0,0.13381,3275.0
1753617303356,11:55:03.356,blofin,AERGO/USDT:USDT,0.13377,3763.0,0.13375,4.0,0.1338,4.0,0.13381,3276.0
1753617304369,11:55:04.369,blofin,AERGO/USDT:USDT,0.13377,1862.0,0.13374,2.0,0.1338,4.0,0.13381,125.0
1753617304619,11:55:04.619,blofin,AERGO/USDT:USDT,0.13377,2.0,0.13375,1860.0,0.1338,4.0,0.13381,125.0
1753617305372,11:55:05.372,blofin,AERGO/USDT:USDT,0.13377,1047.0,0.13374,2.0,0.1338,4.0,0.13381,2896.0
1753617306372,11:55:06.372,blofin,AERGO/USDT:USDT,0.13377,1047.0,0.13374,2.0,0.1338,4.0,0.13381,2896.0
1753617307372,11:55:07.372,blofin,AERGO/USDT:USDT,0.13377,1047.0,0.13374,2.0,0.1338,4.0,0.13381,2898.0
1753617308376,11:55:08.376,blofin,AERGO/USDT:USDT,0.13377,1047.0,0.13374,2.0,0.1338,2997.0,0.13392,8416.0
1753617309373,11:55:09.373,blofin,AERGO/USDT:USDT,0.13377,1047.0,0.13374,2.0,0.1338,3115.0,0.13392,8416.0
1753617310374,11:55:10.374,blofin,AERGO/USDT:USDT,0.13377,1047.0,0.13374,2.0,0.1338,3111.0,0.13392,8416.0
1753617311374,11:55:11.374,blofin,AERGO/USDT:USDT,0.13377,1047.0,0.13374,2.0,0.1338,3113.0,0.13388,40441.0
1753617312375,11:55:12.375,blofin,AERGO/USDT:USDT,0.13377,1047.0,0.13374,2.0,0.1338,3114.0,0.13392,8416.0
1753617313375,11:55:13.375,blofin,AERGO/USDT:USDT,0.13377,1049.0,0.13374,2.0,0.1338,3115.0,0.13392,8416.0
1753617314377,11:55:14.377,blofin,AERGO/USDT:USDT,0.13377,1049.0,0.13374,2.0,0.1338,3115.0,0.13392,8416.0
1753617315376,11:55:15.376,blofin,AERGO/USDT:USDT,0.13377,1049.0,0.13374,5305.0,0.1338,3115.0,0.13382,14127.0
1753617316682,11:55:16.682,blofin,AERGO/USDT:USDT,0.13377,707.0,0.13374,2.0,0.13379,5980.0,0.1338,5.0
1753617317165,11:55:17.165,blofin,AERGO/USDT:USDT,0.13375,992.0,0.13374,2.0,0.13378,555.0,0.1338,5.0
1753617317377,11:55:17.377,blofin,AERGO/USDT:USDT,0.13375,995.0,0.13374,2.0,0.13379,2834.0,0.1338,5.0
1753617318378,11:55:18.378,blofin,AERGO/USDT:USDT,0.13375,995.0,0.13374,2.0,0.13379,2838.0,0.1338,4.0
1753617319378,11:55:19.378,blofin,AERGO/USDT:USDT,0.13375,1610.0,0.13374,2.0,0.13379,2839.0,0.1338,4.0
1753617320604,11:55:20.604,blofin,AERGO/USDT:USDT,0.13375,1610.0,0.13374,2.0,0.13377,1121.0,0.13379,4.0
1753617321400,11:55:21.400,blofin,AERGO/USDT:USDT,0.13375,1610.0,0.13374,2.0,0.13377,5742.0,0.1338,4.0
1753617322387,11:55:22.387,blofin,AERGO/USDT:USDT,0.13375,1610.0,0.13374,2.0,0.13377,5742.0,0.1338,4.0
1753617323389,11:55:23.389,blofin,AERGO/USDT:USDT,0.13375,1610.0,0.13374,2.0,0.13377,5742.0,0.1338,4.0
1753617324388,11:55:24.388,blofin,AERGO/USDT:USDT,0.13375,1610.0,0.13374,2.0,0.13377,5742.0,0.1338,4.0
1753617325390,11:55:25.390,blofin,AERGO/USDT:USDT,0.13375,1610.0,0.13374,2.0,0.13377,2994.0,0.1338,4.0
1753617326390,11:55:26.390,blofin,AERGO/USDT:USDT,0.13375,1610.0,0.13374,2.0,0.13377,2994.0,0.1338,4.0
1753617327390,11:55:27.390,blofin,AERGO/USDT:USDT,0.13375,1676.0,0.13374,2.0,0.13377,2993.0,0.1338,4.0
1753617328391,11:55:28.391,blofin,AERGO/USDT:USDT,0.13375,1682.0,0.13365,9061.0,0.13377,2995.0,0.13386,11726.0
1753617329391,11:55:29.391,blofin,AERGO/USDT:USDT,0.13375,1682.0,0.13362,8298.0,0.13377,2995.0,0.13389,9268.0
1753617330306,11:55:30.306,blofin,AERGO/USDT:USDT,0.13375,1682.0,0.13362,8298.0,0.13377,2995.0,0.13389,9268.0
1753617330394,11:55:30.394,blofin,AERGO/USDT:USDT,0.13375,1679.0,0.13362,8298.0,0.13377,2995.0,0.13389,9268.0
1753617331092,11:55:31.092,blofin,AERGO/USDT:USDT,0.13375,6.0,0.13373,1673.0,0.13376,2989.0,0.13377,6.0
1753617331393,11:55:31.393,blofin,AERGO/USDT:USDT,0.13369,3122.0,0.13362,8298.0,0.13375,1334.0,0.13377,6.0
1753617332394,11:55:32.394,blofin,AERGO/USDT:USDT,0.13369,3313.0,0.13362,8298.0,0.13375,1334.0,0.13377,6.0
1753617333396,11:55:33.396,blofin,AERGO/USDT:USDT,0.13369,257.0,0.13357,2348.0,0.13372,2991.0,0.13377,2.0
1753617334310,11:55:34.310,blofin,AERGO/USDT:USDT,0.13369,257.0,0.13357,2348.0,0.13372,2991.0,0.13377,2.0
1753617335397,11:55:35.397,blofin,AERGO/USDT:USDT,0.13369,257.0,0.13359,28375.0,0.13372,2991.0,0.13377,2.0
1753617336399,11:55:36.399,blofin,AERGO/USDT:USDT,0.13369,257.0,0.13356,9816.0,0.13372,3059.0,0.13377,2.0
1753617337398,11:55:37.398,blofin,AERGO/USDT:USDT,0.13369,257.0,0.13356,9816.0,0.13372,3058.0,0.13377,2.0
1753617338399,11:55:38.399,blofin,AERGO/USDT:USDT,0.13369,259.0,0.13365,25731.0,0.13372,3060.0,0.13375,282.0
1753617339312,11:55:39.312,blofin,AERGO/USDT:USDT,0.13369,259.0,0.13356,8302.0,0.13372,3060.0,0.13377,2.0
1753617339400,11:55:39.400,blofin,AERGO/USDT:USDT,0.13369,257.0,0.13356,8302.0,0.13372,3060.0,0.13377,2.0
1753617340401,11:55:40.401,blofin,AERGO/USDT:USDT,0.13369,257.0,0.13356,8302.0,0.13372,3178.0,0.13377,2.0
1753617341403,11:55:41.403,blofin,AERGO/USDT:USDT,0.13369,259.0,0.13356,8302.0,0.13372,3178.0,0.13377,2.0
1753617342316,11:55:42.316,blofin,AERGO/USDT:USDT,0.13369,259.0,0.13365,6714.0,0.13372,3178.0,0.13375,10659.0
1753617342403,11:55:42.403,blofin,AERGO/USDT:USDT,0.13369,261.0,0.13365,6714.0,0.13372,3178.0,0.13375,10659.0
1753617343317,11:55:43.317,blofin,AERGO/USDT:USDT,0.13369,261.0,0.13365,6714.0,0.13372,3177.0,0.13375,10659.0
1753617343405,11:55:43.405,blofin,AERGO/USDT:USDT,0.13369,261.0,0.13364,403.0,0.13372,3175.0,0.13377,2.0
1753617344318,11:55:44.318,blofin,AERGO/USDT:USDT,0.13369,261.0,0.13364,403.0,0.13372,3175.0,0.13377,2.0
1753617344407,11:55:44.407,blofin,AERGO/USDT:USDT,0.13369,261.0,0.13364,403.0,0.13372,3178.0,0.13377,2.0
1753617345405,11:55:45.405,blofin,AERGO/USDT:USDT,0.1337,211.0,0.13369,5.0,0.13372,3175.0,0.13377,2.0
1753617346408,11:55:46.408,blofin,AERGO/USDT:USDT,0.1337,347.0,0.13369,5.0,0.13372,3175.0,0.13377,2.0
1753617347408,11:55:47.408,blofin,AERGO/USDT:USDT,0.1337,350.0,0.13362,2430.0,0.13372,3175.0,0.13377,2.0
1753617348320,11:55:48.320,blofin,AERGO/USDT:USDT,0.13372,3082.0,0.13358,17757.0,0.13377,2.0,0.13378,125.0
1753617348464,11:55:48.464,blofin,AERGO/USDT:USDT,0.13373,2866.0,0.13372,3.0,0.13377,2.0,0.13378,575.0
1753617349412,11:55:49.412,blofin,AERGO/USDT:USDT,0.13373,2880.0,0.13372,3.0,0.13377,2.0,0.13378,575.0
1753617350413,11:55:50.413,blofin,AERGO/USDT:USDT,0.13373,2883.0,0.13361,8299.0,0.13377,2.0,0.13378,575.0
1753617350824,11:55:50.824,blofin,AERGO/USDT:USDT,0.13373,2883.0,0.13361,8299.0,0.13377,2.0,0.13378,5.0
1753617351414,11:55:51.414,blofin,AERGO/USDT:USDT,0.13373,2883.0,0.13361,8299.0,0.13377,2.0,0.13378,5.0
1753617352414,11:55:52.414,blofin,AERGO/USDT:USDT,0.13373,2883.0,0.13362,6277.0,0.13377,2.0,0.13379,2752.0
1753617353416,11:55:53.416,blofin,AERGO/USDT:USDT,0.13373,2881.0,0.13368,2503.0,0.13377,2.0,0.13379,2752.0
1753617354416,11:55:54.416,blofin,AERGO/USDT:USDT,0.13373,2882.0,0.1337,4459.0,0.13377,2.0,0.13379,2792.0
1753617355417,11:55:55.417,blofin,AERGO/USDT:USDT,0.13373,2882.0,0.13366,8779.0,0.13377,2.0,0.13379,2792.0
1753617356560,11:55:56.560,blofin,AERGO/USDT:USDT,0.13373,2883.0,0.13362,8298.0,0.13377,2.0,0.13378,2789.0
1753617357027,11:55:57.027,blofin,AERGO/USDT:USDT,0.13373,238.0,0.13364,8666.0,0.13377,2714.0,0.13379,3.0
1753617357323,11:55:57.323,blofin,AERGO/USDT:USDT,0.13373,238.0,0.13362,8298.0,0.13377,1123.0,0.13379,3.0
1753617357537,11:55:57.537,blofin,AERGO/USDT:USDT,0.13373,237.0,0.13362,8298.0,0.13377,2.0,0.13378,1121.0
1753617358297,11:55:58.297,blofin,AERGO/USDT:USDT,0.13373,2.0,0.13367,235.0,0.13376,2989.0,0.13377,2.0
1753617358418,11:55:58.418,blofin,AERGO/USDT:USDT,0.1337,242.0,0.13359,5159.0,0.13375,2999.0,0.13386,33431.0
1753617359324,11:55:59.324,blofin,AERGO/USDT:USDT,0.1337,10301.0,0.13362,16199.0,0.13375,338.0,0.13382,38111.0
1753617359421,11:55:59.421,blofin,AERGO/USDT:USDT,0.1337,10301.0,0.13362,16199.0,0.13375,338.0,0.13382,38111.0
1753617360426,11:56:00.426,blofin,AERGO/USDT:USDT,0.1337,10533.0,0.13358,8300.0,0.13375,338.0,0.13386,8300.0
1753617360895,11:56:00.895,blofin,AERGO/USDT:USDT,0.13371,10526.0,0.1337,7.0,0.13375,338.0,0.13386,8300.0
1753617361421,11:56:01.421,blofin,AERGO/USDT:USDT,0.1337,10533.0,0.13364,1357.0,0.13375,338.0,0.1338,13162.0
1753617362423,11:56:02.423,blofin,AERGO/USDT:USDT,0.1337,10533.0,0.13358,8300.0,0.13374,332.0,0.13375,5.0
1753617363095,11:56:03.095,blofin,AERGO/USDT:USDT,0.1337,10533.0,0.13358,8300.0,0.13374,4.0,0.13375,742.0
1753617363423,11:56:03.423,blofin,AERGO/USDT:USDT,0.1337,10534.0,0.13358,8301.0,0.13374,737.0,0.13375,5.0
1753617364291,11:56:04.291,blofin,AERGO/USDT:USDT,0.1337,10364.0,0.13358,8301.0,0.13374,1.0,0.13375,741.0
1753617364425,11:56:04.425,blofin,AERGO/USDT:USDT,0.1337,10361.0,0.13363,8010.0,0.13374,735.0,0.13375,5.0
1753617365333,11:56:05.333,blofin,AERGO/USDT:USDT,0.1337,10361.0,0.13358,8301.0,0.13374,735.0,0.13375,5.0
1753617366428,11:56:06.428,blofin,AERGO/USDT:USDT,0.1337,10361.0,0.13358,8301.0,0.13374,737.0,0.13375,5.0
1753617367333,11:56:07.333,blofin,AERGO/USDT:USDT,0.1337,10361.0,0.13364,9477.0,0.13374,737.0,0.13375,5.0
1753617367429,11:56:07.429,blofin,AERGO/USDT:USDT,0.1337,10361.0,0.13364,9477.0,0.13374,737.0,0.13375,5.0
1753617368429,11:56:08.429,blofin,AERGO/USDT:USDT,0.1337,10911.0,0.13362,1975.0,0.13374,738.0,0.13375,5.0
1753617369335,11:56:09.335,blofin,AERGO/USDT:USDT,0.1337,10911.0,0.13366,11550.0,0.13374,738.0,0.13375,5.0
1753617370430,11:56:10.430,blofin,AERGO/USDT:USDT,0.1337,11029.0,0.13359,306.0,0.13374,738.0,0.13375,5.0
1753617371335,11:56:11.335,blofin,AERGO/USDT:USDT,0.1337,11029.0,0.13359,306.0,0.13374,738.0,0.13375,5.0
1753617372432,11:56:12.432,blofin,AERGO/USDT:USDT,0.1337,11029.0,0.13363,17041.0,0.13374,737.0,0.13375,5.0
1753617373434,11:56:13.434,blofin,AERGO/USDT:USDT,0.13371,11023.0,0.1337,4.0,0.13374,738.0,0.13375,5.0
1753617374438,11:56:14.438,blofin,AERGO/USDT:USDT,0.13371,1613.0,0.1337,4.0,0.13374,738.0,0.13375,5.0
1753617375339,11:56:15.339,blofin,AERGO/USDT:USDT,0.13371,1613.0,0.1337,4.0,0.13374,738.0,0.13375,5.0
1753617375439,11:56:15.439,blofin,AERGO/USDT:USDT,0.13371,1613.0,0.1337,4.0,0.13374,738.0,0.13375,5.0
1753617376624,11:56:16.624,blofin,AERGO/USDT:USDT,0.13372,1609.0,0.13371,1.0,0.13374,738.0,0.13375,5.0
1753617377438,11:56:17.438,blofin,AERGO/USDT:USDT,0.13372,1580.0,0.13371,1.0,0.13374,738.0,0.13375,5.0
1753617378341,11:56:18.341,blofin,AERGO/USDT:USDT,0.13372,1583.0,0.1337,4.0,0.13374,738.0,0.13375,5.0
1753617378438,11:56:18.438,blofin,AERGO/USDT:USDT,0.13372,1583.0,0.1337,4.0,0.13374,735.0,0.13375,5.0
1753617379439,11:56:19.439,blofin,AERGO/USDT:USDT,0.13372,1581.0,0.1337,4.0,0.13374,735.0,0.13375,5.0
1753617380441,11:56:20.441,blofin,AERGO/USDT:USDT,0.13372,1583.0,0.1337,4.0,0.13374,3725.0,0.13375,5.0
1753617381443,11:56:21.443,blofin,AERGO/USDT:USDT,0.13372,1585.0,0.1337,4.0,0.13374,3725.0,0.13375,5.0
1753617382442,11:56:22.442,blofin,AERGO/USDT:USDT,0.13372,1585.0,0.1337,4.0,0.13374,3729.0,0.13375,5.0
1753617383443,11:56:23.443,blofin,AERGO/USDT:USDT,0.13372,1585.0,0.1337,4.0,0.13374,3728.0,0.13375,5.0
1753617384343,11:56:24.343,blofin,AERGO/USDT:USDT,0.13372,1585.0,0.1337,4.0,0.13374,3728.0,0.13375,5.0
1753617384445,11:56:24.445,blofin,AERGO/USDT:USDT,0.13372,1585.0,0.1337,4.0,0.13374,3725.0,0.13375,5.0
1753617386447,11:56:26.447,blofin,AERGO/USDT:USDT,0.13372,1585.0,0.1337,4.0,0.13374,3725.0,0.13375,5.0
1753617387461,11:56:27.461,blofin,AERGO/USDT:USDT,0.13372,1585.0,0.1337,4.0,0.13374,3725.0,0.13375,5.0
1753617388456,11:56:28.456,blofin,AERGO/USDT:USDT,0.13372,1587.0,0.13366,5168.0,0.13374,3727.0,0.13379,25080.0
1753617389448,11:56:29.448,blofin,AERGO/USDT:USDT,0.13372,1584.0,0.13368,9476.0,0.13374,3721.0,0.13378,24882.0
1753617390448,11:56:30.448,blofin,AERGO/USDT:USDT,0.13372,1587.0,0.13359,8166.0,0.13374,3721.0,0.13386,8166.0
1753617390863,11:56:30.863,blofin,AERGO/USDT:USDT,0.13372,7.0,0.13371,1580.0,0.13374,3721.0,0.13386,8166.0
1753617391449,11:56:31.449,blofin,AERGO/USDT:USDT,0.13372,7.0,0.13371,1023.0,0.13373,6325.0,0.13374,1.0
1753617392453,11:56:32.453,blofin,AERGO/USDT:USDT,0.13372,7.0,0.13371,1023.0,0.13373,6329.0,0.13374,1.0
1753617393352,11:56:33.352,blofin,AERGO/USDT:USDT,0.13372,2.0,0.13371,1026.0,0.13373,6327.0,0.13374,1.0
1753617393451,11:56:33.451,blofin,AERGO/USDT:USDT,0.13372,2.0,0.13371,1024.0,0.13373,6327.0,0.13374,1.0
1753617394461,11:56:34.461,blofin,AERGO/USDT:USDT,0.13372,2.0,0.13371,1024.0,0.13373,6327.0,0.13374,1.0
1753617395354,11:56:35.354,blofin,AERGO/USDT:USDT,0.13372,2.0,0.13371,1024.0,0.13373,6327.0,0.13374,1.0
1753617395455,11:56:35.455,blofin,AERGO/USDT:USDT,0.13372,2.0,0.13371,1024.0,0.13373,6325.0,0.13374,1.0
1753617396456,11:56:36.456,blofin,AERGO/USDT:USDT,0.13372,2.0,0.13371,1024.0,0.13373,6325.0,0.13374,1.0
1753617397354,11:56:37.354,blofin,AERGO/USDT:USDT,0.13372,2.0,0.13371,1024.0,0.13373,6325.0,0.13374,1.0
1753617397457,11:56:37.457,blofin,AERGO/USDT:USDT,0.13372,2.0,0.13371,1025.0,0.13373,6325.0,0.13374,1.0
1753617398457,11:56:38.457,blofin,AERGO/USDT:USDT,0.13372,2.0,0.13371,1319.0,0.13373,6326.0,0.13374,1.0
1753617399458,11:56:39.458,blofin,AERGO/USDT:USDT,0.13372,2.0,0.13371,1322.0,0.13373,6326.0,0.13374,1.0
1753617400459,11:56:40.459,blofin,AERGO/USDT:USDT,0.13372,2.0,0.13371,1322.0,0.13373,6329.0,0.13374,1.0
1753617401460,11:56:41.460,blofin,AERGO/USDT:USDT,0.13372,2.0,0.13371,1322.0,0.13373,6329.0,0.13374,1.0
1753617402461,11:56:42.461,blofin,AERGO/USDT:USDT,0.13372,2.0,0.13371,1322.0,0.13373,3546.0,0.13374,1.0
1753617403460,11:56:43.460,blofin,AERGO/USDT:USDT,0.13372,2.0,0.13371,1321.0,0.13373,3547.0,0.13374,1.0
1753617404470,11:56:44.470,blofin,AERGO/USDT:USDT,0.13372,2.0,0.13371,1319.0,0.13373,3547.0,0.13374,1.0
1753617405467,11:56:45.467,blofin,AERGO/USDT:USDT,0.13372,2.0,0.13371,1321.0,0.13373,3547.0,0.13374,1.0
1753617406468,11:56:46.468,blofin,AERGO/USDT:USDT,0.13372,2.0,0.13371,1388.0,0.13373,3547.0,0.13374,1.0
1753617407470,11:56:47.470,blofin,AERGO/USDT:USDT,0.13372,2.0,0.13371,1388.0,0.13373,3548.0,0.13374,1.0
1753617408364,11:56:48.364,blofin,AERGO/USDT:USDT,0.13372,2.0,0.13371,1385.0,0.13373,3546.0,0.13374,1.0
1753617408470,11:56:48.470,blofin,AERGO/USDT:USDT,0.13372,2.0,0.13371,1386.0,0.13373,3546.0,0.13374,1.0
1753617409471,11:56:49.471,blofin,AERGO/USDT:USDT,0.13372,2.0,0.13371,1389.0,0.13373,3440.0,0.13374,1.0
1753617410476,11:56:50.476,blofin,AERGO/USDT:USDT,0.13372,2.0,0.13371,1389.0,0.13373,3440.0,0.13374,1.0
1753617411476,11:56:51.476,blofin,AERGO/USDT:USDT,0.13372,2.0,0.13371,1894.0,0.13373,3525.0,0.13374,1.0
1753617412384,11:56:52.384,blofin,AERGO/USDT:USDT,0.13372,2.0,0.13371,1894.0,0.13373,3540.0,0.13374,1.0
1753617412478,11:56:52.478,blofin,AERGO/USDT:USDT,0.13372,2.0,0.13371,1894.0,0.13373,3544.0,0.13374,1.0
1753617413383,11:56:53.383,blofin,AERGO/USDT:USDT,0.13372,2.0,0.13371,1894.0,0.13373,3540.0,0.13374,1.0
1753617413478,11:56:53.478,blofin,AERGO/USDT:USDT,0.13372,2.0,0.13371,1894.0,0.13373,3508.0,0.13374,1.0
1753617414481,11:56:54.481,blofin,AERGO/USDT:USDT,0.13372,2.0,0.13371,1894.0,0.13373,3508.0,0.13374,1.0
1753617415479,11:56:55.479,blofin,AERGO/USDT:USDT,0.13372,2.0,0.13371,1894.0,0.13373,4631.0,0.13374,1.0
1753617416480,11:56:56.480,blofin,AERGO/USDT:USDT,0.13372,2.0,0.13371,1894.0,0.13373,4722.0,0.13374,1.0
1753617417490,11:56:57.490,blofin,AERGO/USDT:USDT,0.13372,2.0,0.13371,1894.0,0.13373,4721.0,0.13374,1.0
1753617418482,11:56:58.482,blofin,AERGO/USDT:USDT,0.13371,1895.0,0.13358,8166.0,0.13373,4728.0,0.13385,8166.0
1753617419484,11:56:59.484,blofin,AERGO/USDT:USDT,0.13371,1895.0,0.13359,26560.0,0.13373,3450.0,0.13384,11288.0
1753617420484,11:57:00.484,blofin,AERGO/USDT:USDT,0.13371,1895.0,0.13361,25129.0,0.13373,1885.0,0.13382,3654.0
1753617421492,11:57:01.492,blofin,AERGO/USDT:USDT,0.13371,2006.0,0.1336,29301.0,0.13373,712.0,0.13383,9308.0
1753617422488,11:57:02.488,blofin,AERGO/USDT:USDT,0.13371,2006.0,0.13362,22767.0,0.13373,849.0,0.13381,1729.0
1753617423485,11:57:03.485,blofin,AERGO/USDT:USDT,0.13371,2003.0,0.13358,8166.0,0.13373,851.0,0.13385,10436.0
1753617424487,11:57:04.487,blofin,AERGO/USDT:USDT,0.13371,2007.0,0.13358,8166.0,0.13373,748.0,0.13385,10436.0
1753617425552,11:57:05.552,blofin,AERGO/USDT:USDT,0.13371,2007.0,0.13361,16799.0,0.13373,9.0,0.13377,739.0
1753617425604,11:57:05.604,blofin,AERGO/USDT:USDT,0.13372,2000.0,0.13371,7.0,0.13373,9.0,0.13377,739.0
1753617426489,11:57:06.489,blofin,AERGO/USDT:USDT,0.13372,771.0,0.13371,2.0,0.13373,9.0,0.13376,2989.0
1753617426796,11:57:06.796,blofin,AERGO/USDT:USDT,0.13372,771.0,0.13371,2.0,0.13373,9.0,0.13377,2888.0
1753617427490,11:57:07.490,blofin,AERGO/USDT:USDT,0.13372,771.0,0.13371,2.0,0.13373,9.0,0.13376,2990.0
1753617427698,11:57:07.698,blofin,AERGO/USDT:USDT,0.13372,771.0,0.13371,2.0,0.13373,9.0,0.13377,2990.0
1753617428571,11:57:08.571,blofin,AERGO/USDT:USDT,0.13372,772.0,0.13371,2.0,0.13373,5.0,0.13376,2368.0
1753617429490,11:57:09.490,blofin,AERGO/USDT:USDT,0.13372,772.0,0.13371,2.0,0.13373,5.0,0.13376,2738.0
1753617430492,11:57:10.492,blofin,AERGO/USDT:USDT,0.13372,815.0,0.13371,2.0,0.13373,5.0,0.13376,2738.0
1753617431492,11:57:11.492,blofin,AERGO/USDT:USDT,0.13372,815.0,0.13371,2.0,0.13373,5.0,0.13376,2626.0
1753617432398,11:57:12.398,blofin,AERGO/USDT:USDT,0.13372,815.0,0.13371,2.0,0.13373,5.0,0.13375,2735.0
1753617432493,11:57:12.493,blofin,AERGO/USDT:USDT,0.13372,815.0,0.13371,2.0,0.13373,5.0,0.13375,2736.0
1753617433493,11:57:13.493,blofin,AERGO/USDT:USDT,0.13372,819.0,0.13371,2.0,0.13373,5.0,0.13375,2647.0
1753617434495,11:57:14.495,blofin,AERGO/USDT:USDT,0.13372,819.0,0.13371,2.0,0.13373,5.0,0.13375,2647.0
1753617435401,11:57:15.401,blofin,AERGO/USDT:USDT,0.13372,819.0,0.13371,2.0,0.13373,5.0,0.13375,2647.0
1753617435497,11:57:15.497,blofin,AERGO/USDT:USDT,0.13372,819.0,0.13371,2.0,0.13373,5.0,0.13375,2647.0
1753617436401,11:57:16.401,blofin,AERGO/USDT:USDT,0.13372,819.0,0.13371,2.0,0.13373,5.0,0.13375,2442.0
1753617436497,11:57:16.497,blofin,AERGO/USDT:USDT,0.13372,819.0,0.13371,2.0,0.13373,5.0,0.13375,2439.0
1753617437402,11:57:17.402,blofin,AERGO/USDT:USDT,0.13372,819.0,0.13371,2.0,0.13373,5.0,0.13375,2340.0
1753617438499,11:57:18.499,blofin,AERGO/USDT:USDT,0.13372,815.0,0.13371,2.0,0.13373,5.0,0.13375,2343.0
1753617439502,11:57:19.502,blofin,AERGO/USDT:USDT,0.13372,817.0,0.13371,2.0,0.13373,5.0,0.13375,2343.0
1753617440500,11:57:20.500,blofin,AERGO/USDT:USDT,0.13372,817.0,0.13371,2.0,0.13373,5.0,0.13375,2343.0
1753617441986,11:57:21.986,blofin,AERGO/USDT:USDT,0.13372,817.0,0.13371,2.0,0.13373,5.0,0.13375,3.0
1753617442501,11:57:22.501,blofin,AERGO/USDT:USDT,0.13372,817.0,0.13371,2.0,0.13373,5.0,0.13375,3.0
1753617443502,11:57:23.502,blofin,AERGO/USDT:USDT,0.13372,815.0,0.13371,2.0,0.13373,5.0,0.13376,3390.0
1753617444503,11:57:24.503,blofin,AERGO/USDT:USDT,0.13372,815.0,0.13371,2.0,0.13373,5.0,0.13376,3048.0
1753617445504,11:57:25.504,blofin,AERGO/USDT:USDT,0.13372,815.0,0.13371,2.0,0.13373,5.0,0.13376,142.0
1753617446505,11:57:26.505,blofin,AERGO/USDT:USDT,0.13372,815.0,0.13371,2.0,0.13373,5.0,0.13376,2851.0
1753617447506,11:57:27.506,blofin,AERGO/USDT:USDT,0.13372,818.0,0.13371,2.0,0.13373,5.0,0.13376,2843.0
1753617448508,11:57:28.508,blofin,AERGO/USDT:USDT,0.13373,638.0,0.13363,436.0,0.13376,2844.0,0.13385,5958.0
1753617449410,11:57:29.410,blofin,AERGO/USDT:USDT,0.13373,817.0,0.13367,13661.0,0.13376,2844.0,0.13382,39789.0
1753617449509,11:57:29.509,blofin,AERGO/USDT:USDT,0.13373,817.0,0.13367,13661.0,0.13376,2840.0,0.13382,39789.0
1753617450774,11:57:30.774,blofin,AERGO/USDT:USDT,0.13373,816.0,0.13369,12923.0,0.13376,2.0,0.13377,2747.0
1753617451510,11:57:31.510,blofin,AERGO/USDT:USDT,0.13373,816.0,0.13363,436.0,0.13376,2.0,0.13377,666.0
1753617452516,11:57:32.516,blofin,AERGO/USDT:USDT,0.13373,816.0,0.13363,436.0,0.13376,2.0,0.13377,557.0
1753617453511,11:57:33.511,blofin,AERGO/USDT:USDT,0.13373,819.0,0.13363,436.0,0.13376,1.0,0.13377,561.0
1753617454514,11:57:34.514,blofin,AERGO/USDT:USDT,0.13373,819.0,0.13363,436.0,0.13376,1.0,0.13377,466.0
1753617455418,11:57:35.418,blofin,AERGO/USDT:USDT,0.13373,819.0,0.13363,436.0,0.13376,2991.0,0.13377,5.0
1753617455515,11:57:35.515,blofin,AERGO/USDT:USDT,0.13373,820.0,0.13363,436.0,0.13376,2991.0,0.13377,5.0
1753617456419,11:57:36.419,blofin,AERGO/USDT:USDT,0.13373,820.0,0.13366,5642.0,0.13376,2991.0,0.13377,5.0
1753617456515,11:57:36.515,blofin,AERGO/USDT:USDT,0.13373,820.0,0.13366,5642.0,0.13376,2991.0,0.13377,5.0
1753617457421,11:57:37.421,blofin,AERGO/USDT:USDT,0.13373,820.0,0.13363,822.0,0.13376,2991.0,0.13377,5.0
1753617457516,11:57:37.516,blofin,AERGO/USDT:USDT,0.13373,820.0,0.13363,436.0,0.13376,2991.0,0.13377,5.0
1753617458472,11:57:38.472,blofin,AERGO/USDT:USDT,0.13373,817.0,0.13367,10928.0,0.13375,2990.0,0.13376,2.0
1753617459519,11:57:39.519,blofin,AERGO/USDT:USDT,0.13373,817.0,0.13364,5387.0,0.13375,4150.0,0.13376,1.0
1753617460518,11:57:40.518,blofin,AERGO/USDT:USDT,0.13373,818.0,0.13364,112.0,0.13375,4042.0,0.13376,1.0
1753617461521,11:57:41.521,blofin,AERGO/USDT:USDT,0.13373,818.0,0.13369,6895.0,0.13375,4042.0,0.13376,1.0
1753617462519,11:57:42.519,blofin,AERGO/USDT:USDT,0.13373,817.0,0.13364,112.0,0.13375,3943.0,0.13376,1.0
1753617463519,11:57:43.519,blofin,AERGO/USDT:USDT,0.13373,818.0,0.13363,436.0,0.13375,3841.0,0.13376,1.0
1753617464479,11:57:44.479,blofin,AERGO/USDT:USDT,0.13373,818.0,0.13363,436.0,0.13375,1.0,0.13376,3841.0
1753617465523,11:57:45.523,blofin,AERGO/USDT:USDT,0.13373,819.0,0.13363,436.0,0.13375,3630.0,0.13376,1.0
1753617466522,11:57:46.522,blofin,AERGO/USDT:USDT,0.13373,819.0,0.13363,436.0,0.13375,3630.0,0.13376,1.0
1753617467524,11:57:47.524,blofin,AERGO/USDT:USDT,0.13373,819.0,0.13363,436.0,0.13375,3630.0,0.13376,1.0
1753617468525,11:57:48.525,blofin,AERGO/USDT:USDT,0.13373,818.0,0.13365,21119.0,0.13375,3632.0,0.13376,1.0
1753617469525,11:57:49.525,blofin,AERGO/USDT:USDT,0.13373,818.0,0.13364,25986.0,0.13375,3536.0,0.13376,1.0
1753617470526,11:57:50.526,blofin,AERGO/USDT:USDT,0.13373,817.0,0.13363,436.0,0.13375,3442.0,0.13376,1.0
1753617472526,11:57:52.526,blofin,AERGO/USDT:USDT,0.13373,817.0,0.13367,10908.0,0.13375,3337.0,0.13376,1.0
1753617473527,11:57:53.527,blofin,AERGO/USDT:USDT,0.13373,819.0,0.13366,20459.0,0.13375,3234.0,0.13376,1.0
1753617474533,11:57:54.533,blofin,AERGO/USDT:USDT,0.13373,819.0,0.13367,280.0,0.13375,3234.0,0.13376,1.0
1753617475528,11:57:55.528,blofin,AERGO/USDT:USDT,0.13373,818.0,0.13364,24309.0,0.13375,3052.0,0.13376,1.0
1753617476530,11:57:56.530,blofin,AERGO/USDT:USDT,0.13373,818.0,0.13363,436.0,0.13375,3052.0,0.13376,1.0
1753617477529,11:57:57.529,blofin,AERGO/USDT:USDT,0.13373,818.0,0.13368,25161.0,0.13375,3052.0,0.13376,1.0
1753617478530,11:57:58.530,blofin,AERGO/USDT:USDT,0.13373,821.0,0.13365,4397.0,0.13375,3058.0,0.13382,3436.0
1753617479532,11:57:59.532,blofin,AERGO/USDT:USDT,0.13373,821.0,0.13365,4397.0,0.13375,5940.0,0.13382,3436.0
1753617480532,11:58:00.532,blofin,AERGO/USDT:USDT,0.13373,821.0,0.13365,4397.0,0.13375,5842.0,0.13382,1342.0
1753617481533,11:58:01.533,blofin,AERGO/USDT:USDT,0.13373,823.0,0.13365,4397.0,0.13375,5842.0,0.13382,1342.0
1753617482533,11:58:02.533,blofin,AERGO/USDT:USDT,0.13373,820.0,0.13365,4397.0,0.13375,5842.0,0.13382,1342.0
1753617483534,11:58:03.534,blofin,AERGO/USDT:USDT,0.13373,821.0,0.13368,9368.0,0.13375,5743.0,0.13379,22236.0
1753617484535,11:58:04.535,blofin,AERGO/USDT:USDT,0.13373,874.0,0.13367,2281.0,0.13375,5656.0,0.13382,1342.0
1753617485535,11:58:05.535,blofin,AERGO/USDT:USDT,0.13373,875.0,0.13367,2281.0,0.13375,5453.0,0.13382,1342.0
1753617486536,11:58:06.536,blofin,AERGO/USDT:USDT,0.13373,875.0,0.13367,2281.0,0.13375,5493.0,0.13382,1342.0
1753617487536,11:58:07.536,blofin,AERGO/USDT:USDT,0.13373,875.0,0.13367,13611.0,0.13375,5493.0,0.1338,5440.0
1753617488441,11:58:08.441,blofin,AERGO/USDT:USDT,0.13373,873.0,0.13367,11330.0,0.13375,5496.0,0.1338,5440.0
1753617488536,11:58:08.536,blofin,AERGO/USDT:USDT,0.13373,873.0,0.13365,4397.0,0.13375,5494.0,0.13382,1342.0
1753617489540,11:58:09.540,blofin,AERGO/USDT:USDT,0.13373,872.0,0.13365,4397.0,0.13375,5494.0,0.13382,1342.0
1753617490442,11:58:10.442,blofin,AERGO/USDT:USDT,0.13373,3669.0,0.13369,21818.0,0.13375,5390.0,0.13378,6002.0
1753617490878,11:58:10.878,blofin,AERGO/USDT:USDT,0.13375,2797.0,0.13373,5.0,0.13378,258.0,0.13382,29451.0
1753617491540,11:58:11.540,blofin,AERGO/USDT:USDT,0.13375,3512.0,0.13373,4.0,0.1338,3585.0,0.13382,1342.0
1753617492613,11:58:12.613,blofin,AERGO/USDT:USDT,0.13376,3510.0,0.13375,2.0,0.1338,786.0,0.13382,1342.0
1753617493445,11:58:13.445,blofin,AERGO/USDT:USDT,0.13376,3512.0,0.13373,4.0,0.1338,785.0,0.13382,1342.0
1753617493703,11:58:13.703,blofin,AERGO/USDT:USDT,0.13377,3542.0,0.13376,2.0,0.1338,447.0,0.13382,1342.0
1753617495704,11:58:15.704,blofin,AERGO/USDT:USDT,0.13378,908.0,0.13377,4.0,0.1338,4.0,0.13381,95.0
1753617496834,11:58:16.834,blofin,AERGO/USDT:USDT,0.13378,913.0,0.13373,11817.0,0.1338,17.0,0.13382,1342.0
1753617497447,11:58:17.447,blofin,AERGO/USDT:USDT,0.13378,803.0,0.13373,4.0,0.1338,16377.0,0.13382,1342.0
1753617497545,11:58:17.545,blofin,AERGO/USDT:USDT,0.13378,803.0,0.13373,4.0,0.1338,16377.0,0.13382,1342.0
1753617498547,11:58:18.547,blofin,AERGO/USDT:USDT,0.13378,800.0,0.13373,4.0,0.1338,16374.0,0.13382,1342.0
1753617499545,11:58:19.545,blofin,AERGO/USDT:USDT,0.13378,800.0,0.13373,4.0,0.1338,16374.0,0.13382,1342.0
1753617500021,11:58:20.021,blofin,AERGO/USDT:USDT,0.13373,855.0,0.13365,12424.0,0.13379,16373.0,0.1338,1.0
1753617500528,11:58:20.528,blofin,AERGO/USDT:USDT,0.13373,381.0,0.13365,12424.0,0.13379,1121.0,0.1338,1.0
1753617501549,11:58:21.549,blofin,AERGO/USDT:USDT,0.13373,621.0,0.13368,12933.0,0.13379,3947.0,0.13382,1342.0
1753617502451,11:58:22.451,blofin,AERGO/USDT:USDT,0.13373,621.0,0.13365,12424.0,0.13379,3947.0,0.13382,1342.0
1753617502548,11:58:22.548,blofin,AERGO/USDT:USDT,0.13373,621.0,0.13365,12424.0,0.13379,3950.0,0.13382,1342.0
1753617503549,11:58:23.549,blofin,AERGO/USDT:USDT,0.13373,623.0,0.13365,4397.0,0.13379,3949.0,0.13382,1342.0
1753617504550,11:58:24.550,blofin,AERGO/USDT:USDT,0.13373,623.0,0.13365,4397.0,0.13379,3035.0,0.13382,1342.0
1753617505551,11:58:25.551,blofin,AERGO/USDT:USDT,0.13373,623.0,0.13365,4397.0,0.13379,3035.0,0.13382,1342.0
1753617506030,11:58:26.030,blofin,AERGO/USDT:USDT,0.13373,3367.0,0.13367,18811.0,0.13378,3030.0,0.13379,5.0
1753617506553,11:58:26.553,blofin,AERGO/USDT:USDT,0.13373,3367.0,0.1337,22313.0,0.13378,42.0,0.1338,19300.0
1753617507552,11:58:27.552,blofin,AERGO/USDT:USDT,0.13373,3369.0,0.13367,6340.0,0.13378,42.0,0.13382,1342.0
1753617508552,11:58:28.552,blofin,AERGO/USDT:USDT,0.13373,3368.0,0.13363,4982.0,0.13378,44.0,0.13388,2963.0
1753617509456,11:58:29.456,blofin,AERGO/USDT:USDT,0.13373,3368.0,0.13363,4982.0,0.13378,44.0,0.13388,2963.0
1753617509553,11:58:29.553,blofin,AERGO/USDT:USDT,0.13373,3370.0,0.13363,4982.0,0.13378,44.0,0.13388,2963.0
1753617510553,11:58:30.553,blofin,AERGO/USDT:USDT,0.13373,3370.0,0.13363,3319.0,0.13378,44.0,0.13388,2963.0
1753617511525,11:58:31.525,blofin,AERGO/USDT:USDT,0.13374,3361.0,0.13373,9.0,0.13378,44.0,0.13388,2963.0
1753617512145,11:58:32.145,blofin,AERGO/USDT:USDT,0.13375,2744.0,0.13373,9.0,0.13378,919.0,0.13381,29873.0
1753617512557,11:58:32.557,blofin,AERGO/USDT:USDT,0.13375,127.0,0.13373,4.0,0.13378,919.0,0.13388,2963.0
1753617513555,11:58:33.555,blofin,AERGO/USDT:USDT,0.13375,376.0,0.13373,4.0,0.13378,47.0,0.13388,2963.0
1753617514558,11:58:34.558,blofin,AERGO/USDT:USDT,0.13375,376.0,0.13373,4.0,0.13378,47.0,0.13385,16775.0
1753617515556,11:58:35.556,blofin,AERGO/USDT:USDT,0.13375,376.0,0.13373,4.0,0.13378,47.0,0.1338,49060.0
1753617516464,11:58:36.464,blofin,AERGO/USDT:USDT,0.13375,376.0,0.13373,4.0,0.13378,47.0,0.13384,43584.0
1753617517462,11:58:37.462,blofin,AERGO/USDT:USDT,0.13375,376.0,0.13373,4.0,0.13378,47.0,0.13388,19435.0
1753617518464,11:58:38.464,blofin,AERGO/USDT:USDT,0.13375,377.0,0.13373,4.0,0.13378,47.0,0.13388,19435.0
1753617518573,11:58:38.573,blofin,AERGO/USDT:USDT,0.13375,377.0,0.13373,4.0,0.13378,45.0,0.13382,16909.0
1753617519559,11:58:39.559,blofin,AERGO/USDT:USDT,0.13375,377.0,0.13373,4.0,0.13378,45.0,0.13388,2963.0
1753617520560,11:58:40.560,blofin,AERGO/USDT:USDT,0.13375,453.0,0.13373,4.0,0.13378,45.0,0.13388,2963.0
1753617521561,11:58:41.561,blofin,AERGO/USDT:USDT,0.13375,456.0,0.13373,4.0,0.13378,45.0,0.13388,2963.0
1753617522468,11:58:42.468,blofin,AERGO/USDT:USDT,0.13375,456.0,0.13373,4.0,0.13378,45.0,0.13388,12499.0
1753617522562,11:58:42.562,blofin,AERGO/USDT:USDT,0.13375,456.0,0.13373,4.0,0.13378,46.0,0.13388,12499.0
1753617523303,11:58:43.303,blofin,AERGO/USDT:USDT,0.13376,451.0,0.13375,5.0,0.13378,46.0,0.13388,2963.0
1753617523561,11:58:43.561,blofin,AERGO/USDT:USDT,0.13376,44.0,0.13373,4.0,0.13378,416.0,0.13388,2963.0
1753617524563,11:58:44.563,blofin,AERGO/USDT:USDT,0.13376,44.0,0.13373,4.0,0.13378,327.0,0.13388,2963.0
1753617525570,11:58:45.570,blofin,AERGO/USDT:USDT,0.13376,44.0,0.13373,4.0,0.13378,237.0,0.13388,2963.0
1753617526469,11:58:46.469,blofin,AERGO/USDT:USDT,0.13376,44.0,0.13373,4.0,0.13378,237.0,0.13388,2963.0
1753617526565,11:58:46.565,blofin,AERGO/USDT:USDT,0.13376,44.0,0.13373,4.0,0.13378,237.0,0.13388,2963.0
1753617527470,11:58:47.470,blofin,AERGO/USDT:USDT,0.13376,44.0,0.13373,4.0,0.13378,237.0,0.13388,2963.0
1753617527706,11:58:47.706,blofin,AERGO/USDT:USDT,0.13376,44.0,0.13373,4.0,0.13378,9.0,0.13379,228.0
1753617528568,11:58:48.568,blofin,AERGO/USDT:USDT,0.13376,45.0,0.13373,4.0,0.13378,4.0,0.13379,287.0
1753617528882,11:58:48.882,blofin,AERGO/USDT:USDT,0.13376,5.0,0.13375,268.0,0.13378,4.0,0.13379,287.0
1753617530572,11:58:50.572,blofin,AERGO/USDT:USDT,0.13373,285.0,0.13363,11306.0,0.13376,555.0,0.13378,4.0
1753617531473,11:58:51.473,blofin,AERGO/USDT:USDT,0.13373,285.0,0.13363,11306.0,0.13376,555.0,0.13378,4.0
1753617531571,11:58:51.571,blofin,AERGO/USDT:USDT,0.13373,285.0,0.13363,11306.0,0.13376,557.0,0.13378,4.0
1753617532473,11:58:52.473,blofin,AERGO/USDT:USDT,0.13373,285.0,0.13368,22824.0,0.13376,557.0,0.13378,4.0
1753617532572,11:58:52.572,blofin,AERGO/USDT:USDT,0.13373,285.0,0.13368,22824.0,0.13376,559.0,0.13378,4.0
1753617533573,11:58:53.573,blofin,AERGO/USDT:USDT,0.13373,821.0,0.13363,3319.0,0.13376,556.0,0.13378,4.0
1753617534572,11:58:54.572,blofin,AERGO/USDT:USDT,0.13373,821.0,0.13363,3319.0,0.13376,556.0,0.13378,4.0
1753617535573,11:58:55.573,blofin,AERGO/USDT:USDT,0.13373,821.0,0.13363,6725.0,0.13376,557.0,0.13378,4.0
1753617536574,11:58:56.574,blofin,AERGO/USDT:USDT,0.13373,821.0,0.13363,3319.0,0.13376,557.0,0.13378,4.0
1753617537574,11:58:57.574,blofin,AERGO/USDT:USDT,0.13373,821.0,0.13363,3319.0,0.13376,557.0,0.13378,4.0
1753617538488,11:58:58.488,blofin,AERGO/USDT:USDT,0.13373,819.0,0.13362,1104.0,0.13376,559.0,0.13386,550.0
1753617538577,11:58:58.577,blofin,AERGO/USDT:USDT,0.13373,818.0,0.13367,28082.0,0.13376,560.0,0.13381,16171.0
1753617539577,11:58:59.577,blofin,AERGO/USDT:USDT,0.13373,818.0,0.13368,22384.0,0.13376,560.0,0.1338,9025.0
1753617540577,11:59:00.577,blofin,AERGO/USDT:USDT,0.13373,818.0,0.13363,22295.0,0.13376,559.0,0.13385,32698.0
1753617541578,11:59:01.578,blofin,AERGO/USDT:USDT,0.13373,818.0,0.1336,7989.0,0.13376,560.0,0.13385,1926.0
1753617542578,11:59:02.578,blofin,AERGO/USDT:USDT,0.13373,818.0,0.1336,7989.0,0.13375,557.0,0.13376,2.0
1753617543484,11:59:03.484,blofin,AERGO/USDT:USDT,0.13373,818.0,0.1336,7989.0,0.13375,560.0,0.13376,2.0
1753617543581,11:59:03.581,blofin,AERGO/USDT:USDT,0.13373,818.0,0.13368,17430.0,0.13375,904.0,0.13376,2.0
1753617544582,11:59:04.582,blofin,AERGO/USDT:USDT,0.13373,819.0,0.1336,7990.0,0.13375,814.0,0.13376,2.0
1753617545582,11:59:05.582,blofin,AERGO/USDT:USDT,0.13373,819.0,0.1336,7990.0,0.13375,344.0,0.13376,2.0
1753617546581,11:59:06.581,blofin,AERGO/USDT:USDT,0.13373,819.0,0.1336,7990.0,0.13375,345.0,0.13376,2.0
1753617547584,11:59:07.584,blofin,AERGO/USDT:USDT,0.13373,822.0,0.13361,14082.0,0.13375,345.0,0.13376,2.0
1753617549584,11:59:09.584,blofin,AERGO/USDT:USDT,0.13373,819.0,0.13363,7844.0,0.13375,162.0,0.13376,2.0
1753617550073,11:59:10.073,blofin,AERGO/USDT:USDT,0.13376,3383.0,0.13373,4.0,0.1338,286.0,0.13387,7990.0
1753617550584,11:59:10.584,blofin,AERGO/USDT:USDT,0.13376,3468.0,0.13373,2.0,0.1338,16526.0,0.13387,7990.0
1753617551489,11:59:11.489,blofin,AERGO/USDT:USDT,0.13377,3458.0,0.13376,4.0,0.1338,16526.0,0.13387,7990.0
1753617552044,11:59:12.044,blofin,AERGO/USDT:USDT,0.13377,1.0,0.13373,2.0,0.1338,16526.0,0.13387,7990.0
1753617552586,11:59:12.586,blofin,AERGO/USDT:USDT,0.13373,2.0,0.13367,1578.0,0.13375,321.0,0.13387,7990.0
1753617553495,11:59:13.495,blofin,AERGO/USDT:USDT,0.13373,2.0,0.13367,1581.0,0.13375,322.0,0.13387,7990.0
1753617553586,11:59:13.586,blofin,AERGO/USDT:USDT,0.13373,2.0,0.13367,1708.0,0.13375,322.0,0.13384,7991.0
1753617554586,11:59:14.586,blofin,AERGO/USDT:USDT,0.13373,2.0,0.13367,1708.0,0.13375,323.0,0.1338,9952.0
1753617555586,11:59:15.586,blofin,AERGO/USDT:USDT,0.13373,2.0,0.13367,1708.0,0.13375,323.0,0.13384,7991.0
1753617556586,11:59:16.586,blofin,AERGO/USDT:USDT,0.13373,2.0,0.13367,1708.0,0.13375,1375.0,0.13383,1422.0
1753617557587,11:59:17.587,blofin,AERGO/USDT:USDT,0.13373,2.0,0.13367,1708.0,0.13375,1375.0,0.13384,7991.0
1753617558586,11:59:18.586,blofin,AERGO/USDT:USDT,0.13373,2.0,0.13367,1735.0,0.13375,1375.0,0.13384,7991.0
1753617559587,11:59:19.587,blofin,AERGO/USDT:USDT,0.13373,2.0,0.13367,1738.0,0.13375,1158.0,0.13384,7991.0
1753617560757,11:59:20.757,blofin,AERGO/USDT:USDT,0.13373,2.0,0.13367,2564.0,0.13375,1.0,0.13376,61.0
1753617561588,11:59:21.588,blofin,AERGO/USDT:USDT,0.13373,2.0,0.13367,2564.0,0.13375,1.0,0.13376,170.0
1753617562036,11:59:22.036,blofin,AERGO/USDT:USDT,0.13373,2.0,0.13372,2559.0,0.13375,1.0,0.13376,170.0
1753617562775,11:59:22.775,blofin,AERGO/USDT:USDT,0.13373,2.0,0.13372,3844.0,0.13375,1.0,0.13377,170.0
1753617563588,11:59:23.588,blofin,AERGO/USDT:USDT,0.13373,2.0,0.13372,3845.0,0.13377,325.0,0.13387,1567.0
1753617564589,11:59:24.589,blofin,AERGO/USDT:USDT,0.13373,2.0,0.13372,3845.0,0.13377,325.0,0.13387,1567.0
1753617565589,11:59:25.589,blofin,AERGO/USDT:USDT,0.13373,2.0,0.13372,3845.0,0.13377,325.0,0.13387,1567.0
1753617566590,11:59:26.590,blofin,AERGO/USDT:USDT,0.13373,2.0,0.13372,3790.0,0.13377,218.0,0.13387,1567.0
1753617567590,11:59:27.590,blofin,AERGO/USDT:USDT,0.13373,2.0,0.13372,3791.0,0.13377,218.0,0.13387,1567.0
1753617567762,11:59:27.762,blofin,AERGO/USDT:USDT,0.13373,2.0,0.13372,3791.0,0.13377,4.0,0.13378,214.0
1753617568591,11:59:28.591,blofin,AERGO/USDT:USDT,0.13372,4301.0,0.13361,7831.0,0.13378,1319.0,0.13388,774.0
1753617569592,11:59:29.592,blofin,AERGO/USDT:USDT,0.13372,4301.0,0.13362,6461.0,0.13378,1225.0,0.13387,24275.0
1753617570587,11:59:30.587,blofin,AERGO/USDT:USDT,0.13372,4301.0,0.13361,7831.0,0.13376,120.0,0.13378,4.0
1753617571505,11:59:31.505,blofin,AERGO/USDT:USDT,0.13373,3625.0,0.13372,7.0,0.13376,98.0,0.13378,2.0
1753617571761,11:59:31.761,blofin,AERGO/USDT:USDT,0.13373,3861.0,0.13372,3.0,0.13376,2.0,0.13378,98.0
1753617572594,11:59:32.594,blofin,AERGO/USDT:USDT,0.13373,3861.0,0.13372,3.0,0.13376,2.0,0.13378,2.0
1753617573595,11:59:33.595,blofin,AERGO/USDT:USDT,0.13373,3858.0,0.13372,3.0,0.13378,2.0,0.13379,482.0
1753617574506,11:59:34.506,blofin,AERGO/USDT:USDT,0.13373,3858.0,0.13372,3.0,0.13378,2.0,0.13379,482.0
1753617574600,11:59:34.600,blofin,AERGO/USDT:USDT,0.13373,3857.0,0.13372,3.0,0.13378,2.0,0.13379,482.0
1753617575597,11:59:35.597,blofin,AERGO/USDT:USDT,0.13373,3858.0,0.13372,3.0,0.13378,2.0,0.13379,1362.0
1753617576597,11:59:36.597,blofin,AERGO/USDT:USDT,0.13373,3858.0,0.13372,3.0,0.13378,2.0,0.13379,263.0
1753617577598,11:59:37.598,blofin,AERGO/USDT:USDT,0.13373,3860.0,0.13372,3.0,0.13378,2.0,0.13379,50.0
1753617578598,11:59:38.598,blofin,AERGO/USDT:USDT,0.13373,3860.0,0.13372,3.0,0.13378,2.0,0.13379,50.0
1753617578871,11:59:38.871,blofin,AERGO/USDT:USDT,0.13373,3860.0,0.13372,3.0,0.13378,2.0,0.13379,4.0
1753617579599,11:59:39.599,blofin,AERGO/USDT:USDT,0.13373,3860.0,0.13372,3.0,0.13378,2.0,0.1338,19370.0
1753617580511,11:59:40.511,blofin,AERGO/USDT:USDT,0.13373,4498.0,0.13372,3.0,0.13378,2.0,0.1338,19268.0
1753617581600,11:59:41.600,blofin,AERGO/USDT:USDT,0.13373,4496.0,0.13372,3.0,0.13378,2.0,0.1338,19308.0
1753617582601,11:59:42.601,blofin,AERGO/USDT:USDT,0.13373,4496.0,0.13372,3.0,0.13378,2.0,0.1338,19309.0
1753617583606,11:59:43.606,blofin,AERGO/USDT:USDT,0.13373,4498.0,0.13372,3.0,0.13378,2.0,0.1338,19307.0
1753617584515,11:59:44.515,blofin,AERGO/USDT:USDT,0.13373,4498.0,0.13372,3.0,0.13378,2.0,0.1338,19203.0
1753617584605,11:59:44.605,blofin,AERGO/USDT:USDT,0.13373,4498.0,0.13372,3.0,0.13378,2.0,0.1338,19204.0
1753617585514,11:59:45.514,blofin,AERGO/USDT:USDT,0.13373,4834.0,0.13372,3.0,0.13378,2.0,0.1338,19104.0
1753617585606,11:59:45.606,blofin,AERGO/USDT:USDT,0.13373,4834.0,0.13372,3.0,0.13378,2.0,0.1338,19105.0
1753617586295,11:59:46.295,blofin,AERGO/USDT:USDT,0.13375,4830.0,0.13373,4.0,0.13378,2.0,0.1338,4.0
1753617586948,11:59:46.948,blofin,AERGO/USDT:USDT,0.13378,4226.0,0.13373,4.0,0.1338,4.0,0.13384,323.0
1753617587609,11:59:47.609,blofin,AERGO/USDT:USDT,0.13378,4227.0,0.13372,3.0,0.1338,4.0,0.13384,2987.0
1753617588607,11:59:48.607,blofin,AERGO/USDT:USDT,0.13378,4230.0,0.13372,3.0,0.13384,2990.0,0.13388,774.0
1753617588820,11:59:48.820,blofin,AERGO/USDT:USDT,0.13378,4230.0,0.13375,1124.0,0.13384,3.0,0.13385,2987.0
1753617589606,11:59:49.606,blofin,AERGO/USDT:USDT,0.13378,4230.0,0.13372,3.0,0.13384,2990.0,0.13388,774.0
1753617590608,11:59:50.608,blofin,AERGO/USDT:USDT,0.13378,4230.0,0.13372,3.0,0.13384,2992.0,0.13388,774.0
1753617591609,11:59:51.609,blofin,AERGO/USDT:USDT,0.13378,4230.0,0.13372,3.0,0.13384,2992.0,0.13388,774.0
1753617591771,11:59:51.771,blofin,AERGO/USDT:USDT,0.13378,4230.0,0.13372,3.0,0.13384,4.0,0.13385,2884.0
1753617592609,11:59:52.609,blofin,AERGO/USDT:USDT,0.13378,4230.0,0.13372,3.0,0.13384,2989.0,0.13388,774.0
1753617592771,11:59:52.771,blofin,AERGO/USDT:USDT,0.13378,4230.0,0.13372,3.0,0.13384,1.0,0.13385,2871.0
1753617593519,11:59:53.519,blofin,AERGO/USDT:USDT,0.13378,4228.0,0.13372,3.0,0.13384,1194.0,0.13388,774.0
1753617593836,11:59:53.836,blofin,AERGO/USDT:USDT,0.13378,4229.0,0.13372,3.0,0.13384,2.0,0.13385,2988.0
1753617594615,11:59:54.615,blofin,AERGO/USDT:USDT,0.13378,4229.0,0.13372,3.0,0.13384,2990.0,0.13388,774.0
1753617594881,11:59:54.881,blofin,AERGO/USDT:USDT,0.13384,4225.0,0.13378,4.0,0.13386,214.0,0.13388,774.0
1753617595612,11:59:55.612,blofin,AERGO/USDT:USDT,0.13383,1101.0,0.13378,4.0,0.13387,1231.0,0.13388,774.0
1753617596521,11:59:56.521,blofin,AERGO/USDT:USDT,0.13383,1101.0,0.13378,4.0,0.13387,1231.0,0.13388,774.0
1753617597613,11:59:57.613,blofin,AERGO/USDT:USDT,0.13383,1101.0,0.13378,4.0,0.13387,1066.0,0.13388,774.0
1753617598368,11:59:58.368,blofin,AERGO/USDT:USDT,0.13383,1101.0,0.13378,11152.0,0.13387,3.0,0.13388,829.0
1753617598613,11:59:58.613,blofin,AERGO/USDT:USDT,0.13384,1101.0,0.13383,4.0,0.13388,3316.0,0.13394,2026.0
1753617599616,11:59:59.616,blofin,AERGO/USDT:USDT,0.13384,1129.0,0.13383,1.0,0.13387,6762.0,0.13388,4.0
1753617600615,12:00:00.615,blofin,AERGO/USDT:USDT,0.13384,1129.0,0.13383,1.0,0.13387,6640.0,0.13388,4.0
1753617601616,12:00:01.616,blofin,AERGO/USDT:USDT,0.13384,1129.0,0.13383,1.0,0.13387,6640.0,0.13388,4.0
1753617602831,12:00:02.831,blofin,AERGO/USDT:USDT,0.13384,5.0,0.13383,1.0,0.13385,9797.0,0.13388,4.0
1753617603531,12:00:03.531,blofin,AERGO/USDT:USDT,0.13379,359.0,0.13372,4025.0,0.13383,2784.0,0.13388,2.0
1753617603616,12:00:03.616,blofin,AERGO/USDT:USDT,0.13379,54.0,0.13372,4025.0,0.13383,1123.0,0.13388,2.0
1753617604616,12:00:04.616,blofin,AERGO/USDT:USDT,0.13379,842.0,0.13372,4025.0,0.13383,11011.0,0.13388,2.0
1753617605616,12:00:05.616,blofin,AERGO/USDT:USDT,0.13379,2.0,0.13376,1434.0,0.1338,8958.0,0.13384,37067.0
1753617606618,12:00:06.618,blofin,AERGO/USDT:USDT,0.13375,297.0,0.13372,4025.0,0.13379,1176.0,0.13388,14123.0
1753617607618,12:00:07.618,blofin,AERGO/USDT:USDT,0.13375,540.0,0.13372,4025.0,0.13379,55.0,0.13388,2.0
1753617608126,12:00:08.126,blofin,AERGO/USDT:USDT,0.13375,540.0,0.13372,4025.0,0.13379,11950.0,0.13388,2.0
1753617608680,12:00:08.680,blofin,AERGO/USDT:USDT,0.13375,3.0,0.13374,540.0,0.13376,1121.0,0.13379,4.0
1753617609618,12:00:09.618,blofin,AERGO/USDT:USDT,0.13375,3.0,0.13374,317.0,0.13376,9301.0,0.13387,34009.0
1753617610620,12:00:10.620,blofin,AERGO/USDT:USDT,0.13375,3.0,0.13374,254.0,0.13376,9302.0,0.13388,2.0
1753617611014,12:00:11.014,blofin,AERGO/USDT:USDT,0.13373,254.0,0.13372,4025.0,0.13375,9297.0,0.13376,5.0
1753617611621,12:00:11.621,blofin,AERGO/USDT:USDT,0.13373,685.0,0.13372,4025.0,0.13375,8703.0,0.13376,5.0
1753617612624,12:00:12.624,blofin,AERGO/USDT:USDT,0.13373,686.0,0.13372,4025.0,0.13375,16467.0,0.13376,5.0
1753617613621,12:00:13.621,blofin,AERGO/USDT:USDT,0.13373,688.0,0.13372,4025.0,0.13375,16471.0,0.13388,7579.0
1753617614536,12:00:14.536,blofin,AERGO/USDT:USDT,0.13373,3.0,0.13372,4025.0,0.13374,15250.0,0.13375,4.0
1753617614622,12:00:14.622,blofin,AERGO/USDT:USDT,0.13373,3.0,0.13372,4025.0,0.13374,15250.0,0.13375,4.0
1753617615536,12:00:15.536,blofin,AERGO/USDT:USDT,0.13372,4025.0,0.13371,327.0,0.13373,1122.0,0.13375,4.0
1753617615987,12:00:15.987,blofin,AERGO/USDT:USDT,0.13369,4156.0,0.13368,5673.0,0.13372,15250.0,0.13373,4.0
1753617616536,12:00:16.536,blofin,AERGO/USDT:USDT,0.13369,4163.0,0.13368,5673.0,0.13372,8376.0,0.13373,4.0
1753617616624,12:00:16.624,blofin,AERGO/USDT:USDT,0.13369,4166.0,0.13368,5673.0,0.13372,8376.0,0.13373,4.0
1753617617537,12:00:17.537,blofin,AERGO/USDT:USDT,0.13369,4166.0,0.13368,5673.0,0.13372,8376.0,0.13373,4.0
1753617617627,12:00:17.627,blofin,AERGO/USDT:USDT,0.13369,4166.0,0.13368,5673.0,0.13372,8376.0,0.13373,4.0
1753617618626,12:00:18.626,blofin,AERGO/USDT:USDT,0.13369,4167.0,0.13368,5673.0,0.13372,8377.0,0.13377,11872.0
1753617619539,12:00:19.539,blofin,AERGO/USDT:USDT,0.13369,4167.0,0.13368,5673.0,0.13372,8377.0,0.13384,7675.0
1753617619959,12:00:19.959,blofin,AERGO/USDT:USDT,0.13369,3833.0,0.13368,5673.0,0.1337,8376.0,0.13372,1.0
1753617620909,12:00:20.909,blofin,AERGO/USDT:USDT,0.13368,5673.0,0.13367,1564.0,0.13369,6278.0,0.13372,1.0
1753617621432,12:00:21.432,blofin,AERGO/USDT:USDT,0.13365,2540.0,0.13364,4202.0,0.13367,555.0,0.13372,1.0
1753617621629,12:00:21.629,blofin,AERGO/USDT:USDT,0.13365,2540.0,0.13364,3122.0,0.13367,555.0,0.13372,1.0
1753617622629,12:00:22.629,blofin,AERGO/USDT:USDT,0.13365,2540.0,0.13364,3413.0,0.13367,555.0,0.13372,1.0
1753617623629,12:00:23.629,blofin,AERGO/USDT:USDT,0.13365,2540.0,0.13364,3415.0,0.13367,657.0,0.13379,7515.0
1753617624631,12:00:24.631,blofin,AERGO/USDT:USDT,0.13365,2540.0,0.13364,3418.0,0.13367,879.0,0.13379,7515.0
1753617625051,12:00:25.051,blofin,AERGO/USDT:USDT,0.13364,3119.0,0.13363,299.0,0.13365,1225.0,0.13367,4.0
1753617625631,12:00:25.631,blofin,AERGO/USDT:USDT,0.13364,3119.0,0.13363,838.0,0.13365,5979.0,0.13367,4.0
1753617626122,12:00:26.122,blofin,AERGO/USDT:USDT,0.13362,688.0,0.13361,6102.0,0.13364,5979.0,0.13367,4.0
1753617626633,12:00:26.633,blofin,AERGO/USDT:USDT,0.13362,676.0,0.13361,6102.0,0.13364,6126.0,0.13377,2993.0
1753617627267,12:00:27.267,blofin,AERGO/USDT:USDT,0.13363,676.0,0.13361,6102.0,0.13364,1.0,0.13366,6125.0
1753617627633,12:00:27.633,blofin,AERGO/USDT:USDT,0.13364,3880.0,0.13361,6102.0,0.13367,478.0,0.13379,7515.0
1753617628632,12:00:28.632,blofin,AERGO/USDT:USDT,0.13364,2896.0,0.1336,39143.0,0.13367,5.0,0.13369,527.0
1753617630638,12:00:30.638,blofin,AERGO/USDT:USDT,0.13366,3516.0,0.13364,5.0,0.13367,1.0,0.13369,44.0
1753617631636,12:00:31.636,blofin,AERGO/USDT:USDT,0.13366,3516.0,0.13364,5.0,0.13367,1.0,0.13369,94.0
1753617632637,12:00:32.637,blofin,AERGO/USDT:USDT,0.13366,3516.0,0.13364,5.0,0.13367,1.0,0.13369,91.0
1753617633637,12:00:33.637,blofin,AERGO/USDT:USDT,0.13366,3517.0,0.13364,1.0,0.13367,1.0,0.13369,181.0
1753617634639,12:00:34.639,blofin,AERGO/USDT:USDT,0.13366,3517.0,0.13364,1.0,0.13367,1.0,0.13369,181.0
1753617635641,12:00:35.641,blofin,AERGO/USDT:USDT,0.13366,3520.0,0.13364,1.0,0.13367,1.0,0.13369,307.0
1753617636640,12:00:36.640,blofin,AERGO/USDT:USDT,0.13366,3520.0,0.13364,1.0,0.13367,1.0,0.13369,304.0
1753617637646,12:00:37.646,blofin,AERGO/USDT:USDT,0.13366,3520.0,0.13364,1.0,0.13367,1.0,0.13369,304.0
1753617638641,12:00:38.641,blofin,AERGO/USDT:USDT,0.13366,699.0,0.13364,1.0,0.13367,1.0,0.13369,12850.0
1753617639642,12:00:39.642,blofin,AERGO/USDT:USDT,0.13366,172.0,0.13364,1.0,0.13367,1.0,0.13369,13188.0
1753617640643,12:00:40.643,blofin,AERGO/USDT:USDT,0.13366,775.0,0.13364,1.0,0.13367,1.0,0.13369,13352.0
1753617641646,12:00:41.646,blofin,AERGO/USDT:USDT,0.13366,775.0,0.13364,1.0,0.13367,1.0,0.13369,13352.0
1753617642645,12:00:42.645,blofin,AERGO/USDT:USDT,0.13366,776.0,0.13364,1.0,0.13367,1.0,0.13369,13352.0
1753617643647,12:00:43.647,blofin,AERGO/USDT:USDT,0.13366,776.0,0.13364,1.0,0.13367,1.0,0.13369,13349.0
1753617644647,12:00:44.647,blofin,AERGO/USDT:USDT,0.13366,776.0,0.13364,1.0,0.13367,1.0,0.13369,13349.0
1753617645647,12:00:45.647,blofin,AERGO/USDT:USDT,0.13364,139.0,0.13355,2202.0,0.13366,556.0,0.13367,1.0
1753617647648,12:00:47.648,blofin,AERGO/USDT:USDT,0.13364,142.0,0.13355,2202.0,0.13366,678.0,0.13367,1.0
1753617648649,12:00:48.649,blofin,AERGO/USDT:USDT,0.13364,143.0,0.13359,40821.0,0.13366,679.0,0.13367,1.0
1753617649651,12:00:49.651,blofin,AERGO/USDT:USDT,0.13364,143.0,0.13354,2118.0,0.13366,680.0,0.13367,1.0
1753617650561,12:00:50.561,blofin,AERGO/USDT:USDT,0.13364,143.0,0.13354,2118.0,0.13366,680.0,0.13367,1.0
1753617650654,12:00:50.654,blofin,AERGO/USDT:USDT,0.13364,143.0,0.13354,2118.0,0.13366,676.0,0.13367,1.0
1753617651561,12:00:51.561,blofin,AERGO/USDT:USDT,0.13364,143.0,0.13356,20293.0,0.13366,723.0,0.13367,1.0
1753617651652,12:00:51.652,blofin,AERGO/USDT:USDT,0.13364,142.0,0.13356,20293.0,0.13366,723.0,0.13367,1.0
1753617652653,12:00:52.653,blofin,AERGO/USDT:USDT,0.13364,140.0,0.13354,2118.0,0.13366,723.0,0.13367,1.0
1753617653658,12:00:53.658,blofin,AERGO/USDT:USDT,0.13364,143.0,0.13351,7758.0,0.13366,1715.0,0.13367,1.0
1753617654654,12:00:54.654,blofin,AERGO/USDT:USDT,0.13364,140.0,0.13351,7758.0,0.13366,1715.0,0.13367,1.0
1753617655653,12:00:55.653,blofin,AERGO/USDT:USDT,0.13364,140.0,0.13351,7758.0,0.13366,1765.0,0.13367,1.0
1753617656661,12:00:56.661,blofin,AERGO/USDT:USDT,0.13362,943.0,0.13351,7758.0,0.13364,560.0,0.13367,1.0
1753617657657,12:00:57.657,blofin,AERGO/USDT:USDT,0.13362,3574.0,0.13351,7758.0,0.13366,1207.0,0.13367,1.0
1753617658659,12:00:58.659,blofin,AERGO/USDT:USDT,0.13362,3769.0,0.1335,7759.0,0.13366,1259.0,0.13377,7439.0
1753617659660,12:00:59.660,blofin,AERGO/USDT:USDT,0.13362,3770.0,0.1335,7759.0,0.13366,1259.0,0.13377,7439.0
1753617660170,12:01:00.170,blofin,AERGO/USDT:USDT,0.13362,7.0,0.13361,3763.0,0.13363,1250.0,0.13366,9.0
1753617660661,12:01:00.661,blofin,AERGO/USDT:USDT,0.13362,4440.0,0.1335,7759.0,0.13365,163.0,0.13366,4.0
1753617660738,12:01:00.738,blofin,AERGO/USDT:USDT,0.13362,4440.0,0.1335,7759.0,0.13365,1.0,0.13366,166.0
1753617661661,12:01:01.661,blofin,AERGO/USDT:USDT,0.13362,4440.0,0.13351,43678.0,0.13365,1.0,0.13366,1254.0
1753617662662,12:01:02.662,blofin,AERGO/USDT:USDT,0.13362,4440.0,0.1335,7759.0,0.13364,988.0,0.13365,1.0
1753617663785,12:01:03.785,blofin,AERGO/USDT:USDT,0.13363,4433.0,0.13362,7.0,0.13364,3.0,0.13366,992.0
1753617664663,12:01:04.663,blofin,AERGO/USDT:USDT,0.13363,21663.0,0.13362,7.0,0.13364,3.0,0.13366,4.0
1753617664921,12:01:04.921,blofin,AERGO/USDT:USDT,0.13363,21663.0,0.13362,7.0,0.13364,3.0,0.13366,4.0
1753617665666,12:01:05.666,blofin,AERGO/USDT:USDT,0.13363,21663.0,0.13362,7.0,0.13366,4.0,0.13369,629.0
1753617666666,12:01:06.666,blofin,AERGO/USDT:USDT,0.13363,21663.0,0.13362,7.0,0.13366,4.0,0.13369,381.0
1753617667667,12:01:07.667,blofin,AERGO/USDT:USDT,0.13363,21665.0,0.13362,4.0,0.13366,4.0,0.13369,381.0
1753617668669,12:01:08.669,blofin,AERGO/USDT:USDT,0.13363,21667.0,0.13362,4.0,0.13366,4.0,0.13369,707.0
1753617669573,12:01:09.573,blofin,AERGO/USDT:USDT,0.13363,21667.0,0.13362,4.0,0.13366,4.0,0.13369,461.0
1753617670033,12:01:10.033,blofin,AERGO/USDT:USDT,0.13363,21666.0,0.13362,4.0,0.13366,4.0,0.13369,3.0
1753617670884,12:01:10.884,blofin,AERGO/USDT:USDT,0.13364,4603.0,0.13363,3.0,0.13366,4.0,0.1337,5.0
1753617671669,12:01:11.669,blofin,AERGO/USDT:USDT,0.13364,5436.0,0.13363,3.0,0.13366,4.0,0.13372,6593.0
1753617672671,12:01:12.671,blofin,AERGO/USDT:USDT,0.13364,4218.0,0.13363,3.0,0.13366,4.0,0.13369,2553.0
1753617673670,12:01:13.670,blofin,AERGO/USDT:USDT,0.13364,4221.0,0.13362,4.0,0.13366,4.0,0.13369,2552.0
1753617674672,12:01:14.672,blofin,AERGO/USDT:USDT,0.13364,4221.0,0.13362,4.0,0.13366,4.0,0.13369,2326.0
1753617675578,12:01:15.578,blofin,AERGO/USDT:USDT,0.13364,4307.0,0.13362,4.0,0.13366,4.0,0.13369,2326.0
1753617675674,12:01:15.674,blofin,AERGO/USDT:USDT,0.13364,4307.0,0.13362,4.0,0.13366,4.0,0.13369,2326.0
1753617676673,12:01:16.673,blofin,AERGO/USDT:USDT,0.13364,4307.0,0.13362,4.0,0.13366,4.0,0.13369,2078.0
1753617677674,12:01:17.674,blofin,AERGO/USDT:USDT,0.13364,4307.0,0.13362,4.0,0.13366,4.0,0.13369,1934.0
1753617678675,12:01:18.675,blofin,AERGO/USDT:USDT,0.13364,4242.0,0.13362,4.0,0.13366,4.0,0.13369,1815.0
1753617679675,12:01:19.675,blofin,AERGO/USDT:USDT,0.13364,1049.0,0.13362,4.0,0.13366,4.0,0.13369,1596.0
1753617680678,12:01:20.678,blofin,AERGO/USDT:USDT,0.13364,6976.0,0.13362,4.0,0.13366,4.0,0.13369,1598.0
1753617681678,12:01:21.678,blofin,AERGO/USDT:USDT,0.13364,7016.0,0.13362,4.0,0.13366,4.0,0.13369,1486.0
1753617682679,12:01:22.679,blofin,AERGO/USDT:USDT,0.13364,7016.0,0.13362,4.0,0.13366,4.0,0.13369,1356.0
1753617683681,12:01:23.681,blofin,AERGO/USDT:USDT,0.13364,7016.0,0.13362,4.0,0.13366,4.0,0.13369,1150.0
1753617684681,12:01:24.681,blofin,AERGO/USDT:USDT,0.13364,7016.0,0.13362,4.0,0.13366,4.0,0.13369,912.0
1753617685683,12:01:25.683,blofin,AERGO/USDT:USDT,0.13364,7017.0,0.13362,4.0,0.13366,4.0,0.13369,950.0
1753617686683,12:01:26.683,blofin,AERGO/USDT:USDT,0.13364,7017.0,0.13362,4.0,0.13366,4.0,0.13369,829.0
1753617687684,12:01:27.684,blofin,AERGO/USDT:USDT,0.13364,7016.0,0.13362,4.0,0.13366,4.0,0.13369,730.0
1753617688682,12:01:28.682,blofin,AERGO/USDT:USDT,0.13364,7021.0,0.13355,29263.0,0.13369,614.0,0.13377,30876.0
1753617689076,12:01:29.076,blofin,AERGO/USDT:USDT,0.13364,3848.0,0.13355,125.0,0.13367,367.0,0.13369,8.0
1753617689782,12:01:29.782,blofin,AERGO/USDT:USDT,0.13364,7039.0,0.13356,2756.0,0.13368,286.0,0.13369,8.0
1753617690685,12:01:30.685,blofin,AERGO/USDT:USDT,0.13364,7414.0,0.13357,44178.0,0.13369,84.0,0.13375,20441.0
1753617691685,12:01:31.685,blofin,AERGO/USDT:USDT,0.13365,3834.0,0.13364,4.0,0.13369,84.0,0.13378,2308.0
1753617692292,12:01:32.292,blofin,AERGO/USDT:USDT,0.13368,239.0,0.13365,1.0,0.13374,248.0,0.13378,2308.0
1753617692691,12:01:32.691,blofin,AERGO/USDT:USDT,0.13371,1234.0,0.13365,1.0,0.13377,6040.0,0.13378,2308.0
1753617693948,12:01:33.948,blofin,AERGO/USDT:USDT,0.13373,2828.0,0.13371,2.0,0.13377,2.0,0.13378,2878.0
1753617694688,12:01:34.688,blofin,AERGO/USDT:USDT,0.13373,4859.0,0.13371,2.0,0.13378,2883.0,0.1338,1157.0
1753617695018,12:01:35.018,blofin,AERGO/USDT:USDT,0.13373,4859.0,0.13371,2.0,0.13378,2313.0,0.13379,334.0
1753617695688,12:01:35.688,blofin,AERGO/USDT:USDT,0.13373,4859.0,0.13371,2.0,0.13378,2313.0,0.13379,2729.0
1753617696689,12:01:36.689,blofin,AERGO/USDT:USDT,0.13373,4859.0,0.13371,2.0,0.13378,2308.0,0.13379,2730.0
1753617697693,12:01:37.693,blofin,AERGO/USDT:USDT,0.13373,2120.0,0.13367,17066.0,0.13378,2308.0,0.13379,2521.0
1753617698693,12:01:38.693,blofin,AERGO/USDT:USDT,0.13374,2929.0,0.13364,4.0,0.13378,2308.0,0.1338,4149.0
1753617698899,12:01:38.899,blofin,AERGO/USDT:USDT,0.13375,3783.0,0.13374,2.0,0.13378,2308.0,0.1338,4149.0
1753617699890,12:01:39.890,blofin,AERGO/USDT:USDT,0.13378,2841.0,0.13374,2.0,0.1338,1159.0,0.13384,11500.0
1753617700692,12:01:40.692,blofin,AERGO/USDT:USDT,0.13378,4473.0,0.13374,2.0,0.1338,1157.0,0.13384,11380.0
1753617701692,12:01:41.692,blofin,AERGO/USDT:USDT,0.13378,3643.0,0.13367,11387.0,0.1338,1157.0,0.13384,7441.0
1753617702693,12:01:42.693,blofin,AERGO/USDT:USDT,0.13378,3643.0,0.13373,8672.0,0.1338,1157.0,0.13384,7096.0
1753617703694,12:01:43.694,blofin,AERGO/USDT:USDT,0.13378,3644.0,0.1337,516.0,0.1338,1157.0,0.13384,6406.0
1753617704705,12:01:44.705,blofin,AERGO/USDT:USDT,0.13378,3644.0,0.1337,516.0,0.1338,1157.0,0.13384,6409.0
1753617705694,12:01:45.694,blofin,AERGO/USDT:USDT,0.13378,3644.0,0.1337,516.0,0.1338,1157.0,0.13384,6410.0
1753617706706,12:01:46.706,blofin,AERGO/USDT:USDT,0.13378,800.0,0.1337,516.0,0.1338,1157.0,0.13384,6186.0
1753617707698,12:01:47.698,blofin,AERGO/USDT:USDT,0.13378,800.0,0.1337,516.0,0.1338,1157.0,0.13384,6565.0
1753617708698,12:01:48.698,blofin,AERGO/USDT:USDT,0.13378,799.0,0.13373,13422.0,0.1338,1157.0,0.13384,6452.0
1753617709697,12:01:49.697,blofin,AERGO/USDT:USDT,0.13378,799.0,0.13372,1117.0,0.1338,1157.0,0.13384,6330.0
1753617710699,12:01:50.699,blofin,AERGO/USDT:USDT,0.13378,799.0,0.13372,4367.0,0.1338,1157.0,0.13384,6461.0
1753617711698,12:01:51.698,blofin,AERGO/USDT:USDT,0.13378,799.0,0.13366,7638.0,0.1338,1157.0,0.13384,6428.0
1753617712699,12:01:52.699,blofin,AERGO/USDT:USDT,0.13378,799.0,0.13366,7638.0,0.1338,1157.0,0.13384,5569.0
1753617713699,12:01:53.699,blofin,AERGO/USDT:USDT,0.13378,802.0,0.13366,7638.0,0.1338,1157.0,0.13384,5349.0
1753617714700,12:01:54.700,blofin,AERGO/USDT:USDT,0.13378,803.0,0.13366,7638.0,0.1338,1157.0,0.13384,5235.0
1753617715703,12:01:55.703,blofin,AERGO/USDT:USDT,0.13378,803.0,0.13368,10282.0,0.1338,1157.0,0.13384,5120.0
1753617716701,12:01:56.701,blofin,AERGO/USDT:USDT,0.13378,803.0,0.13369,17078.0,0.1338,1157.0,0.13384,5120.0
1753617717702,12:01:57.702,blofin,AERGO/USDT:USDT,0.13378,803.0,0.13366,7638.0,0.1338,1157.0,0.13384,5120.0
1753617718702,12:01:58.702,blofin,AERGO/USDT:USDT,0.13378,804.0,0.13366,7638.0,0.13384,456.0,0.13395,7426.0
1753617719609,12:01:59.609,blofin,AERGO/USDT:USDT,0.13378,29751.0,0.13366,7638.0,0.13384,2870.0,0.13395,7426.0
1753617719703,12:01:59.703,blofin,AERGO/USDT:USDT,0.13378,29751.0,0.13366,7638.0,0.13384,2867.0,0.13395,7426.0
1753617720525,12:02:00.525,blofin,AERGO/USDT:USDT,0.13378,5976.0,0.13368,4467.0,0.1338,50.0,0.13384,2.0
1753617720703,12:02:00.703,blofin,AERGO/USDT:USDT,0.13378,5977.0,0.13366,7638.0,0.1338,270.0,0.13384,2.0
1753617721704,12:02:01.704,blofin,AERGO/USDT:USDT,0.13378,5979.0,0.13366,7638.0,0.1338,270.0,0.13384,2.0
1753617722704,12:02:02.704,blofin,AERGO/USDT:USDT,0.13372,296.0,0.13366,7638.0,0.13377,472.0,0.13384,1.0
1753617723704,12:02:03.704,blofin,AERGO/USDT:USDT,0.13372,813.0,0.13361,3314.0,0.13377,473.0,0.13384,1.0
1753617724706,12:02:04.706,blofin,AERGO/USDT:USDT,0.13372,813.0,0.13363,26890.0,0.13377,473.0,0.13384,1.0
1753617725707,12:02:05.707,blofin,AERGO/USDT:USDT,0.13372,1561.0,0.13361,3874.0,0.13377,473.0,0.13384,1.0
1753617726707,12:02:06.707,blofin,AERGO/USDT:USDT,0.13372,1561.0,0.13361,3874.0,0.13377,473.0,0.13384,1.0
1753617727615,12:02:07.615,blofin,AERGO/USDT:USDT,0.13372,1451.0,0.13361,3874.0,0.13377,3246.0,0.13384,1.0
1753617728710,12:02:08.710,blofin,AERGO/USDT:USDT,0.13372,1449.0,0.13365,14306.0,0.13377,473.0,0.13383,22852.0
1753617729709,12:02:09.709,blofin,AERGO/USDT:USDT,0.13372,1448.0,0.13362,45696.0,0.13377,473.0,0.13384,1.0
1753617730711,12:02:10.711,blofin,AERGO/USDT:USDT,0.13372,810.0,0.13361,3314.0,0.13377,474.0,0.13384,1.0
1753617731712,12:02:11.712,blofin,AERGO/USDT:USDT,0.13372,810.0,0.13361,3314.0,0.13377,3193.0,0.13384,1.0
1753617732718,12:02:12.718,blofin,AERGO/USDT:USDT,0.13372,810.0,0.13361,3314.0,0.13377,3190.0,0.13384,1.0
1753617733712,12:02:13.712,blofin,AERGO/USDT:USDT,0.13372,810.0,0.13361,3314.0,0.13377,3190.0,0.13384,1.0
1753617734713,12:02:14.713,blofin,AERGO/USDT:USDT,0.13372,810.0,0.13361,3314.0,0.13377,3191.0,0.13384,1.0
1753617735716,12:02:15.716,blofin,AERGO/USDT:USDT,0.13372,810.0,0.13361,3314.0,0.13377,3191.0,0.13384,1.0
1753617736621,12:02:16.621,blofin,AERGO/USDT:USDT,0.13372,810.0,0.13361,3314.0,0.13377,3191.0,0.13384,1.0
1753617736716,12:02:16.716,blofin,AERGO/USDT:USDT,0.13372,810.0,0.13361,3314.0,0.13377,3191.0,0.13384,1.0
1753617737623,12:02:17.623,blofin,AERGO/USDT:USDT,0.13372,810.0,0.13366,10818.0,0.13377,3191.0,0.13382,51621.0
1753617737715,12:02:17.715,blofin,AERGO/USDT:USDT,0.13372,811.0,0.13366,10818.0,0.13377,3191.0,0.13382,51621.0
1753617738623,12:02:18.623,blofin,AERGO/USDT:USDT,0.13372,810.0,0.13361,3314.0,0.13375,3058.0,0.13384,1.0
1753617738715,12:02:18.715,blofin,AERGO/USDT:USDT,0.13372,811.0,0.13361,29877.0,0.13375,340.0,0.13384,1.0
1753617739625,12:02:19.625,blofin,AERGO/USDT:USDT,0.13373,2974.0,0.13372,3.0,0.13375,4.0,0.13379,2927.0
1753617739718,12:02:19.718,blofin,AERGO/USDT:USDT,0.13373,2974.0,0.13372,3.0,0.13375,4.0,0.13379,2927.0
1753617740632,12:02:20.632,blofin,AERGO/USDT:USDT,0.13373,3138.0,0.13372,3.0,0.13375,4.0,0.13379,2927.0
1753617740718,12:02:20.718,blofin,AERGO/USDT:USDT,0.13373,3138.0,0.13372,3.0,0.13379,2928.0,0.13384,1.0
1753617741718,12:02:21.718,blofin,AERGO/USDT:USDT,0.13373,3139.0,0.13361,4776.0,0.13379,2928.0,0.13384,1.0
1753617742719,12:02:22.719,blofin,AERGO/USDT:USDT,0.13373,3139.0,0.13361,4776.0,0.13379,2969.0,0.13384,1.0
1753617743720,12:02:23.720,blofin,AERGO/USDT:USDT,0.13373,3143.0,0.13368,21503.0,0.13379,2749.0,0.13383,2261.0
1753617744720,12:02:24.720,blofin,AERGO/USDT:USDT,0.13373,3142.0,0.1337,37533.0,0.13379,2628.0,0.13382,43120.0
1753617745631,12:02:25.631,blofin,AERGO/USDT:USDT,0.13373,3142.0,0.13366,34493.0,0.13379,2391.0,0.13384,1.0
1753617746721,12:02:26.721,blofin,AERGO/USDT:USDT,0.13373,3143.0,0.13361,10954.0,0.13379,2391.0,0.13384,1.0
1753617747723,12:02:27.723,blofin,AERGO/USDT:USDT,0.13373,3143.0,0.13361,10954.0,0.13379,2395.0,0.13384,1.0
1753617748304,12:02:28.304,blofin,AERGO/USDT:USDT,0.13373,3143.0,0.13365,5815.0,0.13377,2271.0,0.13379,5.0
1753617748723,12:02:28.723,blofin,AERGO/USDT:USDT,0.13374,3185.0,0.13362,7531.0,0.13379,251.0,0.1339,7056.0
1753617749133,12:02:29.133,blofin,AERGO/USDT:USDT,0.13375,3257.0,0.13374,2.0,0.13379,22.0,0.13385,7103.0
1753617749725,12:02:29.725,blofin,AERGO/USDT:USDT,0.13375,3296.0,0.13374,1.0,0.13379,3.0,0.13381,2769.0
1753617750634,12:02:30.634,blofin,AERGO/USDT:USDT,0.13375,3934.0,0.13374,1.0,0.13379,3.0,0.13381,2532.0
1753617750862,12:02:30.862,blofin,AERGO/USDT:USDT,0.13377,3929.0,0.13375,5.0,0.13379,2.0,0.13381,4.0
1753617751638,12:02:31.638,blofin,AERGO/USDT:USDT,0.13377,3164.0,0.13375,5.0,0.13379,2.0,0.13381,4.0
1753617751724,12:02:31.724,blofin,AERGO/USDT:USDT,0.13377,3164.0,0.13375,5.0,0.13379,2.0,0.13381,4.0
1753617752725,12:02:32.725,blofin,AERGO/USDT:USDT,0.13377,3165.0,0.13374,1.0,0.13379,2.0,0.13381,4.0
1753617753726,12:02:33.726,blofin,AERGO/USDT:USDT,0.13377,3167.0,0.13374,2218.0,0.13379,2.0,0.13384,6601.0
1753617754729,12:02:34.729,blofin,AERGO/USDT:USDT,0.13377,3167.0,0.13374,1.0,0.13379,2.0,0.13384,6263.0
1753617755727,12:02:35.727,blofin,AERGO/USDT:USDT,0.13377,3165.0,0.13374,1.0,0.13379,2.0,0.13384,6263.0
1753617755951,12:02:35.951,blofin,AERGO/USDT:USDT,0.13378,3164.0,0.13377,1.0,0.13379,2.0,0.13384,6136.0
1753617756728,12:02:36.728,blofin,AERGO/USDT:USDT,0.1338,371.0,0.13374,1.0,0.13384,5738.0,0.13394,7365.0
1753617757641,12:02:37.641,blofin,AERGO/USDT:USDT,0.1338,421.0,0.13374,1.0,0.13384,3560.0,0.13394,7365.0
1753617758730,12:02:38.730,blofin,AERGO/USDT:USDT,0.1338,421.0,0.13376,3839.0,0.13384,3559.0,0.13387,38988.0
1753617759730,12:02:39.730,blofin,AERGO/USDT:USDT,0.1338,421.0,0.13374,1.0,0.13384,3458.0,0.13395,7349.0
1753617760730,12:02:40.730,blofin,AERGO/USDT:USDT,0.1338,4852.0,0.13374,1.0,0.13384,3254.0,0.13395,7349.0
1753617761730,12:02:41.730,blofin,AERGO/USDT:USDT,0.1338,4852.0,0.13374,1.0,0.13384,3138.0,0.13395,7349.0
1753617762844,12:02:42.844,blofin,AERGO/USDT:USDT,0.1338,4852.0,0.13374,1.0,0.13384,1.0,0.13385,3023.0
1753617763733,12:02:43.733,blofin,AERGO/USDT:USDT,0.1338,4854.0,0.13374,1.0,0.13386,2784.0,0.13396,7281.0
1753617764647,12:02:44.647,blofin,AERGO/USDT:USDT,0.1338,4854.0,0.13374,1.0,0.13386,2784.0,0.13396,7281.0
1753617764737,12:02:44.737,blofin,AERGO/USDT:USDT,0.1338,4851.0,0.13374,1.0,0.13386,2784.0,0.13396,7281.0
1753617765734,12:02:45.734,blofin,AERGO/USDT:USDT,0.1338,4851.0,0.13374,5305.0,0.13386,2657.0,0.13391,30570.0
1753617766734,12:02:46.734,blofin,AERGO/USDT:USDT,0.1338,4851.0,0.13374,1.0,0.13386,2427.0,0.13394,397.0
1753617767361,12:02:47.361,blofin,AERGO/USDT:USDT,0.13367,8101.0,0.13366,10288.0,0.13371,193.0,0.1338,16727.0
1753617767737,12:02:47.737,blofin,AERGO/USDT:USDT,0.13367,8101.0,0.13366,10288.0,0.13372,1416.0,0.13375,5493.0
1753617768310,12:02:48.310,blofin,AERGO/USDT:USDT,0.13367,8101.0,0.13366,10288.0,0.13372,4.0,0.13373,1412.0
1753617768736,12:02:48.736,blofin,AERGO/USDT:USDT,0.13366,3234.0,0.13356,421.0,0.13373,1576.0,0.13382,528.0
1753617769738,12:02:49.738,blofin,AERGO/USDT:USDT,0.13366,3233.0,0.13356,5592.0,0.13373,1576.0,0.13382,30261.0
1753617770739,12:02:50.739,blofin,AERGO/USDT:USDT,0.13366,2933.0,0.13355,7535.0,0.13371,1203.0,0.13373,1.0
1753617771020,12:02:51.020,blofin,AERGO/USDT:USDT,0.13366,2933.0,0.13363,3606.0,0.13372,1068.0,0.13373,1.0
1753617771735,12:02:51.735,blofin,AERGO/USDT:USDT,0.13366,472.0,0.13361,7812.0,0.1337,1068.0,0.13373,1.0
1753617772739,12:02:52.739,blofin,AERGO/USDT:USDT,0.13366,475.0,0.13355,7535.0,0.1337,2588.0,0.13373,1.0
1753617773740,12:02:53.740,blofin,AERGO/USDT:USDT,0.13366,475.0,0.13354,7536.0,0.1337,2094.0,0.13381,7536.0
1753617774651,12:02:54.651,blofin,AERGO/USDT:USDT,0.13366,1224.0,0.13363,1630.0,0.1337,2094.0,0.13372,1489.0
1753617775653,12:02:55.653,blofin,AERGO/USDT:USDT,0.13366,1220.0,0.13354,7536.0,0.1337,1962.0,0.13381,7536.0
1753617776744,12:02:56.744,blofin,AERGO/USDT:USDT,0.13366,474.0,0.13359,1739.0,0.1337,1835.0,0.13376,6382.0
1753617777742,12:02:57.742,blofin,AERGO/USDT:USDT,0.13366,474.0,0.13354,7536.0,0.1337,2.0,0.13371,1833.0
1753617778744,12:02:58.744,blofin,AERGO/USDT:USDT,0.13366,474.0,0.13354,10664.0,0.13371,1073.0,0.13382,8592.0
1753617779377,12:02:59.377,blofin,AERGO/USDT:USDT,0.13367,470.0,0.13366,4.0,0.1337,947.0,0.13371,5.0
1753617779746,12:02:59.746,blofin,AERGO/USDT:USDT,0.13366,474.0,0.13354,7536.0,0.1337,7716.0,0.13371,3.0
1753617780747,12:03:00.747,blofin,AERGO/USDT:USDT,0.13366,475.0,0.13354,7536.0,0.1337,7292.0,0.13371,3.0
1753617781432,12:03:01.432,blofin,AERGO/USDT:USDT,0.13366,5.0,0.13363,963.0,0.1337,7292.0,0.13371,3.0
1753617781747,12:03:01.747,blofin,AERGO/USDT:USDT,0.13366,475.0,0.13362,1061.0,0.13369,283.0,0.13371,3.0
1753617782660,12:03:02.660,blofin,AERGO/USDT:USDT,0.13366,475.0,0.13354,7536.0,0.13369,283.0,0.13371,3.0
1753617782752,12:03:02.752,blofin,AERGO/USDT:USDT,0.13366,477.0,0.13354,7536.0,0.13369,283.0,0.13371,3.0
1753617783747,12:03:03.747,blofin,AERGO/USDT:USDT,0.13366,473.0,0.13353,7536.0,0.13369,283.0,0.13371,3.0
1753617785661,12:03:05.661,blofin,AERGO/USDT:USDT,0.13366,473.0,0.13353,7536.0,0.13369,325.0,0.13371,3.0
1753617785748,12:03:05.748,blofin,AERGO/USDT:USDT,0.13366,473.0,0.13353,7536.0,0.13369,328.0,0.13371,3.0
1753617786745,12:03:06.745,blofin,AERGO/USDT:USDT,0.13366,578.0,0.13353,7536.0,0.13369,5.0,0.1337,42.0
1753617787750,12:03:07.750,blofin,AERGO/USDT:USDT,0.13366,578.0,0.13353,7536.0,0.13369,5.0,0.1337,7223.0
1753617787931,12:03:07.931,blofin,AERGO/USDT:USDT,0.13368,2782.0,0.13366,3.0,0.13369,5.0,0.13371,3.0
1753617788750,12:03:08.750,blofin,AERGO/USDT:USDT,0.13368,3271.0,0.13366,2.0,0.13371,3.0,0.13372,948.0
1753617789755,12:03:09.755,blofin,AERGO/USDT:USDT,0.13368,3271.0,0.13366,2.0,0.13371,3.0,0.13372,561.0
1753617790753,12:03:10.753,blofin,AERGO/USDT:USDT,0.13368,3271.0,0.13366,2.0,0.13371,3.0,0.13372,4872.0
1753617791755,12:03:11.755,blofin,AERGO/USDT:USDT,0.13368,3271.0,0.13366,2.0,0.13371,3.0,0.13372,4734.0
1753617792089,12:03:12.089,blofin,AERGO/USDT:USDT,0.13371,2782.0,0.13368,1.0,0.13372,3.0,0.13376,414.0
1753617792928,12:03:12.928,blofin,AERGO/USDT:USDT,0.13373,2988.0,0.13368,1.0,0.13378,3192.0,0.13383,7480.0
1753617793669,12:03:13.669,blofin,AERGO/USDT:USDT,0.13373,2990.0,0.13366,2.0,0.13378,3196.0,0.13383,7480.0
1753617793755,12:03:13.755,blofin,AERGO/USDT:USDT,0.13373,3196.0,0.13366,12353.0,0.13378,574.0,0.13384,23839.0
1753617794758,12:03:14.758,blofin,AERGO/USDT:USDT,0.13374,3013.0,0.13373,2.0,0.13378,307.0,0.13388,24509.0
1753617795157,12:03:15.157,blofin,AERGO/USDT:USDT,0.13374,3013.0,0.13373,2.0,0.13377,303.0,0.13378,4.0
1753617795756,12:03:15.756,blofin,AERGO/USDT:USDT,0.13374,3018.0,0.13366,2.0,0.13377,296.0,0.13378,4.0
1753617795972,12:03:15.972,blofin,AERGO/USDT:USDT,0.13374,3018.0,0.1337,10626.0,0.13378,17.0,0.13381,13031.0
1753617796759,12:03:16.759,blofin,AERGO/USDT:USDT,0.13374,3018.0,0.13366,2.0,0.13378,307.0,0.13389,8638.0
1753617797670,12:03:17.670,blofin,AERGO/USDT:USDT,0.13374,3018.0,0.13366,2.0,0.13378,60.0,0.13387,14627.0
1753617797726,12:03:17.726,blofin,AERGO/USDT:USDT,0.13374,5.0,0.13372,3013.0,0.13378,60.0,0.13389,8638.0
1753617798762,12:03:18.762,blofin,AERGO/USDT:USDT,0.13374,398.0,0.13366,2.0,0.13377,283.0,0.13389,8728.0
1753617799760,12:03:19.760,blofin,AERGO/USDT:USDT,0.13374,398.0,0.13366,2.0,0.13377,283.0,0.13389,8728.0
1753617800764,12:03:20.764,blofin,AERGO/USDT:USDT,0.13374,398.0,0.13366,2.0,0.13377,284.0,0.13386,36765.0
1753617801763,12:03:21.763,blofin,AERGO/USDT:USDT,0.13374,400.0,0.13366,2.0,0.13377,284.0,0.13385,28270.0
1753617802675,12:03:22.675,blofin,AERGO/USDT:USDT,0.13374,647.0,0.13366,2.0,0.13377,284.0,0.13389,8728.0
1753617802904,12:03:22.904,blofin,AERGO/USDT:USDT,0.13374,647.0,0.13366,2.0,0.13377,5.0,0.13379,3062.0
1753617803675,12:03:23.675,blofin,AERGO/USDT:USDT,0.13374,647.0,0.13366,2.0,0.13379,3063.0,0.13388,20064.0
1753617803764,12:03:23.764,blofin,AERGO/USDT:USDT,0.13374,647.0,0.13366,13384.0,0.13379,429.0,0.13386,17377.0
1753617804507,12:03:24.507,blofin,AERGO/USDT:USDT,0.13374,647.0,0.13371,15154.0,0.13378,3195.0,0.13379,1.0
1753617804764,12:03:24.764,blofin,AERGO/USDT:USDT,0.13374,647.0,0.13366,2.0,0.13378,2770.0,0.13389,1564.0
1753617805224,12:03:25.224,blofin,AERGO/USDT:USDT,0.13374,647.0,0.1337,4318.0,0.13378,3.0,0.13379,2490.0
1753617805763,12:03:25.763,blofin,AERGO/USDT:USDT,0.13374,647.0,0.13366,2.0,0.13378,3.0,0.13379,1991.0
1753617806764,12:03:26.764,blofin,AERGO/USDT:USDT,0.13374,647.0,0.13366,2.0,0.13379,147.0,0.13389,1564.0
1753617807902,12:03:27.902,blofin,AERGO/USDT:USDT,0.13374,647.0,0.13366,2.0,0.13379,3.0,0.1338,28.0
1753617808768,12:03:28.768,blofin,AERGO/USDT:USDT,0.13374,649.0,0.13363,7396.0,0.1338,3187.0,0.13391,7019.0
1753617809849,12:03:29.849,blofin,AERGO/USDT:USDT,0.13374,649.0,0.13363,7396.0,0.1338,6.0,0.13381,2900.0
1753617810684,12:03:30.684,blofin,AERGO/USDT:USDT,0.13374,3490.0,0.13363,7396.0,0.1338,6.0,0.13381,3196.0
1753617810766,12:03:30.766,blofin,AERGO/USDT:USDT,0.13374,3490.0,0.13363,7396.0,0.1338,3.0,0.13381,3197.0
1753617811769,12:03:31.769,blofin,AERGO/USDT:USDT,0.13375,3147.0,0.13374,6.0,0.1338,3.0,0.13381,2811.0
1753617812770,12:03:32.770,blofin,AERGO/USDT:USDT,0.13375,3147.0,0.13374,6.0,0.1338,3.0,0.13381,2683.0
1753617813917,12:03:33.917,blofin,AERGO/USDT:USDT,0.13375,4.0,0.13374,55.0,0.13376,555.0,0.1338,3.0
1753617814829,12:03:34.829,blofin,AERGO/USDT:USDT,0.13375,4.0,0.13374,55.0,0.13376,1.0,0.13377,555.0
1753617815688,12:03:35.688,blofin,AERGO/USDT:USDT,0.13375,4.0,0.13374,451.0,0.13376,1.0,0.13377,40.0
1753617815770,12:03:35.770,blofin,AERGO/USDT:USDT,0.13375,4.0,0.13374,451.0,0.13377,43.0,0.1338,3.0
1753617816770,12:03:36.770,blofin,AERGO/USDT:USDT,0.13375,4.0,0.13374,451.0,0.13377,43.0,0.1338,3.0
1753617817773,12:03:37.773,blofin,AERGO/USDT:USDT,0.13374,453.0,0.13371,16083.0,0.13377,43.0,0.13379,23930.0
1753617818142,12:03:38.142,blofin,AERGO/USDT:USDT,0.13374,453.0,0.13364,7396.0,0.13376,40.0,0.13377,3.0
1753617818772,12:03:38.772,blofin,AERGO/USDT:USDT,0.13374,456.0,0.1337,7387.0,0.13376,6497.0,0.13379,2877.0
1753617819774,12:03:39.774,blofin,AERGO/USDT:USDT,0.13374,456.0,0.13361,7397.0,0.13376,6107.0,0.1338,3.0
1753617820691,12:03:40.691,blofin,AERGO/USDT:USDT,0.13374,456.0,0.13364,796.0,0.13376,5966.0,0.1338,3.0
1753617821775,12:03:41.775,blofin,AERGO/USDT:USDT,0.13374,456.0,0.13369,21075.0,0.13376,5685.0,0.1338,19639.0
1753617822776,12:03:42.776,blofin,AERGO/USDT:USDT,0.13374,456.0,0.13367,3793.0,0.13376,5789.0,0.1338,3.0
1753617823775,12:03:43.775,blofin,AERGO/USDT:USDT,0.13374,454.0,0.13364,629.0,0.13376,5789.0,0.1338,3.0
1753617824694,12:03:44.694,blofin,AERGO/USDT:USDT,0.13374,5.0,0.13373,449.0,0.13375,5394.0,0.13376,1.0
1753617824776,12:03:44.776,blofin,AERGO/USDT:USDT,0.13374,5.0,0.13373,449.0,0.13375,5394.0,0.13376,1.0
1753617825694,12:03:45.694,blofin,AERGO/USDT:USDT,0.13374,5.0,0.13373,327.0,0.13375,555.0,0.13376,1.0
1753617825776,12:03:45.776,blofin,AERGO/USDT:USDT,0.13374,2.0,0.13373,330.0,0.13375,555.0,0.13376,1.0
1753617826778,12:03:46.778,blofin,AERGO/USDT:USDT,0.13374,2.0,0.13373,330.0,0.13375,559.0,0.1338,3.0
1753617827779,12:03:47.779,blofin,AERGO/USDT:USDT,0.13374,2.0,0.13373,330.0,0.13376,5398.0,0.1338,23460.0
1753617828779,12:03:48.779,blofin,AERGO/USDT:USDT,0.13374,2.0,0.13373,332.0,0.13376,5143.0,0.1338,3.0
1753617829837,12:03:49.837,blofin,AERGO/USDT:USDT,0.13374,2.0,0.13373,5.0,0.13376,5144.0,0.1338,3.0
1753617830903,12:03:50.903,blofin,AERGO/USDT:USDT,0.13367,2782.0,0.13365,1144.0,0.13372,555.0,0.13376,1839.0
1753617831781,12:03:51.781,blofin,AERGO/USDT:USDT,0.13367,2940.0,0.13365,1144.0,0.13374,1821.0,0.13376,1836.0
1753617832782,12:03:52.782,blofin,AERGO/USDT:USDT,0.13367,2945.0,0.13365,1144.0,0.13374,280.0,0.13376,1836.0
1753617833783,12:03:53.783,blofin,AERGO/USDT:USDT,0.13367,2941.0,0.13361,2142.0,0.13374,282.0,0.1338,3.0
1753617834783,12:03:54.783,blofin,AERGO/USDT:USDT,0.13367,2945.0,0.13363,10094.0,0.13374,1834.0,0.13377,25297.0
1753617835786,12:03:55.786,blofin,AERGO/USDT:USDT,0.13367,2795.0,0.13361,2142.0,0.13374,2866.0,0.1338,3.0
1753617836702,12:03:56.702,blofin,AERGO/USDT:USDT,0.13368,3077.0,0.13367,5.0,0.13374,2347.0,0.13378,24244.0
1753617836787,12:03:56.787,blofin,AERGO/USDT:USDT,0.13368,3077.0,0.13367,5.0,0.13374,2348.0,0.13378,24244.0
1753617837786,12:03:57.786,blofin,AERGO/USDT:USDT,0.13368,3081.0,0.13361,2142.0,0.13374,2348.0,0.1338,3.0
1753617838787,12:03:58.787,blofin,AERGO/USDT:USDT,0.13368,3083.0,0.13357,7399.0,0.13374,2352.0,0.13385,7391.0
1753617839340,12:03:59.340,blofin,AERGO/USDT:USDT,0.13368,3083.0,0.13357,7399.0,0.13372,2238.0,0.13374,9.0
1753617839788,12:03:59.788,blofin,AERGO/USDT:USDT,0.13368,3083.0,0.13365,5119.0,0.13372,5034.0,0.13374,4.0
1753617840789,12:04:00.789,blofin,AERGO/USDT:USDT,0.13368,3083.0,0.13358,16071.0,0.13372,4790.0,0.13374,4.0
1753617841706,12:04:01.706,blofin,AERGO/USDT:USDT,0.13368,3083.0,0.13357,7399.0,0.13372,4434.0,0.13374,4.0
1753617841789,12:04:01.789,blofin,AERGO/USDT:USDT,0.13368,3083.0,0.13357,7399.0,0.13372,4436.0,0.13374,4.0
1753617842706,12:04:02.706,blofin,AERGO/USDT:USDT,0.13368,249.0,0.13357,7399.0,0.13372,4436.0,0.13374,4.0
1753617842791,12:04:02.791,blofin,AERGO/USDT:USDT,0.13368,249.0,0.13357,7399.0,0.13372,4435.0,0.13374,4.0
1753617843714,12:04:03.714,blofin,AERGO/USDT:USDT,0.13368,249.0,0.13357,7399.0,0.13372,4435.0,0.13374,4.0
1753617843793,12:04:03.793,blofin,AERGO/USDT:USDT,0.13368,250.0,0.13356,7400.0,0.13372,4435.0,0.13374,4.0
1753617844792,12:04:04.792,blofin,AERGO/USDT:USDT,0.13368,250.0,0.13356,7400.0,0.13372,4308.0,0.13374,4.0
1753617845792,12:04:05.792,blofin,AERGO/USDT:USDT,0.13368,250.0,0.13356,7400.0,0.13372,4064.0,0.13374,4.0
1753617846028,12:04:06.028,blofin,AERGO/USDT:USDT,0.13363,1783.0,0.13356,7400.0,0.13367,555.0,0.13372,2.0
1753617846794,12:04:06.794,blofin,AERGO/USDT:USDT,0.13363,1783.0,0.13356,7400.0,0.1337,962.0,0.13372,2.0
1753617847793,12:04:07.793,blofin,AERGO/USDT:USDT,0.13363,4046.0,0.13356,7400.0,0.1337,962.0,0.13372,2.0
1753617848911,12:04:08.911,blofin,AERGO/USDT:USDT,0.13364,4043.0,0.13363,1.0,0.1337,964.0,0.13374,4.0
1753617850797,12:04:10.797,blofin,AERGO/USDT:USDT,0.13366,3089.0,0.13363,1.0,0.13371,281.0,0.13374,4.0
1753617851797,12:04:11.797,blofin,AERGO/USDT:USDT,0.13366,3089.0,0.13363,1.0,0.13371,281.0,0.13374,4.0
1753617852799,12:04:12.799,blofin,AERGO/USDT:USDT,0.13366,3092.0,0.13354,288.0,0.13371,54.0,0.13374,4.0
1753617854802,12:04:14.802,blofin,AERGO/USDT:USDT,0.13368,3128.0,0.13366,4.0,0.13372,3472.0,0.13374,4.0
1753617855306,12:04:15.306,blofin,AERGO/USDT:USDT,0.13368,3128.0,0.13366,4.0,0.13371,3340.0,0.13372,5.0
1753617855801,12:04:15.801,blofin,AERGO/USDT:USDT,0.13368,416.0,0.13366,4.0,0.13371,57.0,0.13372,5.0
1753617856801,12:04:16.801,blofin,AERGO/USDT:USDT,0.13368,416.0,0.13366,4.0,0.13372,62.0,0.13374,4.0
1753617857802,12:04:17.802,blofin,AERGO/USDT:USDT,0.13368,416.0,0.13366,4.0,0.13372,3150.0,0.13374,4.0
1753617858803,12:04:18.803,blofin,AERGO/USDT:USDT,0.13368,418.0,0.13356,7400.0,0.13372,3148.0,0.13374,4.0
1753617859803,12:04:19.803,blofin,AERGO/USDT:USDT,0.13368,418.0,0.13361,16253.0,0.13372,4361.0,0.13374,4.0
1753617860806,12:04:20.806,blofin,AERGO/USDT:USDT,0.13368,323.0,0.13357,1086.0,0.13372,4308.0,0.13374,4.0
1753617861881,12:04:21.881,blofin,AERGO/USDT:USDT,0.13368,4.0,0.13366,319.0,0.13372,4218.0,0.13374,4.0
1753617862807,12:04:22.807,blofin,AERGO/USDT:USDT,0.13368,3164.0,0.13357,1086.0,0.13372,4218.0,0.13374,4.0
1753617863809,12:04:23.809,blofin,AERGO/USDT:USDT,0.13368,3162.0,0.13356,7400.0,0.13372,4216.0,0.13374,4.0
1753617864724,12:04:24.724,blofin,AERGO/USDT:USDT,0.13368,357.0,0.13356,7400.0,0.13372,4215.0,0.13374,4.0
1753617864810,12:04:24.810,blofin,AERGO/USDT:USDT,0.13368,358.0,0.13356,7400.0,0.13372,4215.0,0.13374,4.0
1753617865810,12:04:25.810,blofin,AERGO/USDT:USDT,0.13368,358.0,0.13358,6288.0,0.13372,4215.0,0.13374,4.0
1753617866724,12:04:26.724,blofin,AERGO/USDT:USDT,0.13368,358.0,0.13356,7400.0,0.13372,4215.0,0.13374,4.0
1753617867552,12:04:27.552,blofin,AERGO/USDT:USDT,0.13368,360.0,0.13356,24673.0,0.13371,4212.0,0.13372,3.0
1753617867811,12:04:27.811,blofin,AERGO/USDT:USDT,0.13368,357.0,0.13356,7400.0,0.13371,314.0,0.13372,3.0
1753617868739,12:04:28.739,blofin,AERGO/USDT:USDT,0.13368,360.0,0.13356,7400.0,0.13371,316.0,0.13372,3.0
1753617868814,12:04:28.814,blofin,AERGO/USDT:USDT,0.13368,360.0,0.13355,7413.0,0.13371,207.0,0.13383,7413.0
1753617869712,12:04:29.712,blofin,AERGO/USDT:USDT,0.13368,360.0,0.13355,7413.0,0.1337,87.0,0.13371,3.0
1753617869814,12:04:29.814,blofin,AERGO/USDT:USDT,0.13368,360.0,0.1336,27056.0,0.1337,91.0,0.13371,2.0
1753617870813,12:04:30.813,blofin,AERGO/USDT:USDT,0.13368,360.0,0.13355,7413.0,0.1337,3011.0,0.13371,2.0
1753617871735,12:04:31.735,blofin,AERGO/USDT:USDT,0.13368,360.0,0.1336,16782.0,0.1337,227.0,0.13371,2.0
1753617871815,12:04:31.815,blofin,AERGO/USDT:USDT,0.13368,360.0,0.1336,16782.0,0.1337,228.0,0.13371,2.0
1753617872800,12:04:32.800,blofin,AERGO/USDT:USDT,0.1337,355.0,0.13368,5.0,0.13371,2.0,0.13372,103.0
1753617873805,12:04:33.805,blofin,AERGO/USDT:USDT,0.1337,3.0,0.13368,51.0,0.13371,2.0,0.13372,4216.0
1753617873905,12:04:33.905,blofin,AERGO/USDT:USDT,0.1337,3.0,0.13368,51.0,0.13371,2.0,0.13372,4216.0
1753617874734,12:04:34.734,blofin,AERGO/USDT:USDT,0.1337,3.0,0.13368,358.0,0.13371,2.0,0.13372,4060.0
1753617874817,12:04:34.817,blofin,AERGO/USDT:USDT,0.1337,3.0,0.13368,358.0,0.13371,2.0,0.13372,4058.0
1753617875820,12:04:35.820,blofin,AERGO/USDT:USDT,0.13368,360.0,0.13357,7412.0,0.13371,2.0,0.13372,4058.0
1753617876817,12:04:36.817,blofin,AERGO/USDT:USDT,0.13368,360.0,0.13357,7412.0,0.13371,2.0,0.13372,4059.0
1753617877822,12:04:37.822,blofin,AERGO/USDT:USDT,0.13368,360.0,0.13357,7412.0,0.13371,2.0,0.13372,3860.0
1753617878819,12:04:38.819,blofin,AERGO/USDT:USDT,0.13368,363.0,0.13356,7413.0,0.13371,2.0,0.13372,3510.0
1753617879820,12:04:39.820,blofin,AERGO/USDT:USDT,0.13369,7394.0,0.13368,3.0,0.13371,2.0,0.13372,3510.0
1753617880820,12:04:40.820,blofin,AERGO/USDT:USDT,0.13369,7394.0,0.13368,3.0,0.13371,2.0,0.13372,3389.0
1753617881828,12:04:41.828,blofin,AERGO/USDT:USDT,0.13369,7833.0,0.13368,3.0,0.13371,2.0,0.13372,3389.0
1753617882823,12:04:42.823,blofin,AERGO/USDT:USDT,0.13369,7833.0,0.13368,3.0,0.13371,2.0,0.13372,3291.0
1753617883823,12:04:43.823,blofin,AERGO/USDT:USDT,0.13369,7833.0,0.13368,3.0,0.13371,2.0,0.13372,3265.0
1753617884201,12:04:44.201,blofin,AERGO/USDT:USDT,0.13369,7833.0,0.13368,3.0,0.13371,2897.0,0.13372,5.0
1753617884824,12:04:44.824,blofin,AERGO/USDT:USDT,0.13369,7833.0,0.13368,3.0,0.13371,424.0,0.13372,5.0
1753617885826,12:04:45.826,blofin,AERGO/USDT:USDT,0.13369,7830.0,0.13368,3.0,0.13371,424.0,0.13372,5.0
1753617885913,12:04:45.913,blofin,AERGO/USDT:USDT,0.13369,7830.0,0.13368,3.0,0.13371,2.0,0.13372,427.0
1753617886741,12:04:46.741,blofin,AERGO/USDT:USDT,0.13369,7830.0,0.13368,3.0,0.13371,2.0,0.13372,2900.0
1753617886825,12:04:46.825,blofin,AERGO/USDT:USDT,0.13369,7832.0,0.13368,3.0,0.13371,2.0,0.13372,2900.0
1753617887826,12:04:47.826,blofin,AERGO/USDT:USDT,0.13369,7832.0,0.13368,3.0,0.13371,2.0,0.13372,2785.0
1753617888316,12:04:48.316,blofin,AERGO/USDT:USDT,0.13369,7832.0,0.13368,3.0,0.13371,2782.0,0.13372,5.0
1753617888827,12:04:48.827,blofin,AERGO/USDT:USDT,0.13369,7833.0,0.13368,3.0,0.13371,968.0,0.13374,33113.0
1753617889515,12:04:49.515,blofin,AERGO/USDT:USDT,0.13369,7833.0,0.13368,3.0,0.13371,3.0,0.13372,652.0
1753617889828,12:04:49.828,blofin,AERGO/USDT:USDT,0.13369,7830.0,0.13368,3.0,0.13371,657.0,0.13383,7413.0
1753617890830,12:04:50.830,blofin,AERGO/USDT:USDT,0.13369,7831.0,0.13368,3.0,0.13371,549.0,0.1338,4651.0
1753617891829,12:04:51.829,blofin,AERGO/USDT:USDT,0.13369,7832.0,0.13368,3.0,0.13371,549.0,0.13383,7413.0
1753617892830,12:04:52.830,blofin,AERGO/USDT:USDT,0.13369,7831.0,0.13368,3.0,0.13371,442.0,0.13383,7413.0
1753617893830,12:04:53.830,blofin,AERGO/USDT:USDT,0.13368,3.0,0.13366,78.0,0.1337,3283.0,0.13371,2.0
1753617894832,12:04:54.832,blofin,AERGO/USDT:USDT,0.13368,3.0,0.13366,373.0,0.1337,3283.0,0.13371,2.0
1753617895831,12:04:55.831,blofin,AERGO/USDT:USDT,0.13368,3.0,0.13366,373.0,0.1337,3285.0,0.13371,2.0
1753617896832,12:04:56.832,blofin,AERGO/USDT:USDT,0.13368,3.0,0.13366,373.0,0.1337,3285.0,0.13371,2.0
1753617897834,12:04:57.834,blofin,AERGO/USDT:USDT,0.13368,3.0,0.13366,372.0,0.1337,3285.0,0.13371,2.0
1753617898760,12:04:58.760,blofin,AERGO/USDT:USDT,0.13368,3.0,0.13367,40.0,0.1337,3161.0,0.13371,2.0
1753617898834,12:04:58.834,blofin,AERGO/USDT:USDT,0.13367,45.0,0.13358,23276.0,0.1337,3161.0,0.13378,41309.0
1753617899834,12:04:59.834,blofin,AERGO/USDT:USDT,0.13367,45.0,0.13354,7414.0,0.1337,3041.0,0.13382,7414.0
1753617901052,12:05:01.052,blofin,AERGO/USDT:USDT,0.13367,124.0,0.13354,7414.0,0.1337,602.0,0.13382,7414.0
1753617901838,12:05:01.838,blofin,AERGO/USDT:USDT,0.13367,124.0,0.13362,30026.0,0.1337,592.0,0.13374,43794.0
1753617902756,12:05:02.756,blofin,AERGO/USDT:USDT,0.13367,124.0,0.13354,7414.0,0.13369,600.0,0.1337,4.0
1753617902837,12:05:02.837,blofin,AERGO/USDT:USDT,0.13367,124.0,0.13354,7414.0,0.13369,604.0,0.1337,1.0
1753617903757,12:05:03.757,blofin,AERGO/USDT:USDT,0.13367,4.0,0.13366,124.0,0.13368,855.0,0.1337,1.0
1753617903838,12:05:03.838,blofin,AERGO/USDT:USDT,0.13367,4.0,0.13366,300.0,0.13368,33455.0,0.1337,1.0
1753617904840,12:05:04.840,blofin,AERGO/USDT:USDT,0.13367,4.0,0.13366,300.0,0.13368,33338.0,0.1337,1.0
1753617905841,12:05:05.841,blofin,AERGO/USDT:USDT,0.13367,4.0,0.13366,299.0,0.13368,33110.0,0.1337,1.0
1753617906841,12:05:06.841,blofin,AERGO/USDT:USDT,0.13367,4.0,0.13366,299.0,0.13368,33110.0,0.1337,1.0
1753617907843,12:05:07.843,blofin,AERGO/USDT:USDT,0.13367,4.0,0.13366,299.0,0.13368,33000.0,0.1337,1.0
1753617908842,12:05:08.842,blofin,AERGO/USDT:USDT,0.13367,4.0,0.13366,300.0,0.13368,32879.0,0.1337,1.0
1753617909845,12:05:09.845,blofin,AERGO/USDT:USDT,0.13367,4.0,0.13366,298.0,0.13368,32764.0,0.1337,1.0
1753617910846,12:05:10.846,blofin,AERGO/USDT:USDT,0.13367,4.0,0.13366,296.0,0.13368,32657.0,0.1337,1.0
1753617911848,12:05:11.848,blofin,AERGO/USDT:USDT,0.13367,4.0,0.13366,298.0,0.13368,32430.0,0.1337,1.0
1753617912846,12:05:12.846,blofin,AERGO/USDT:USDT,0.13367,4.0,0.13366,298.0,0.13368,32432.0,0.1337,1.0
1753617913846,12:05:13.846,blofin,AERGO/USDT:USDT,0.13367,4.0,0.13366,297.0,0.13368,32306.0,0.1337,1.0
