timestamp,time,exchange,symbol,bid1_price,bid1_volume,bid2_price,bid2_volume,ask1_price,ask1_volume,ask2_price,ask2_volume
1753617155930,11:52:35.930,blofin,ACT/USDT:USDT,0.04603,239.0,0.04602,3005.0,0.04605,289.0,0.04606,4.0
1753617156430,11:52:36.430,blofin,ACT/USDT:USDT,0.04603,235.0,0.04601,3841.0,0.04605,294.0,0.04608,320.0
1753617156933,11:52:36.933,blofin,ACT/USDT:USDT,0.04603,237.0,0.04601,3841.0,0.04605,294.0,0.04608,320.0
1753617157434,11:52:37.434,blofin,ACT/USDT:USDT,0.04603,238.0,0.04601,3841.0,0.04605,10.0,0.04606,284.0
1753617157933,11:52:37.933,blofin,ACT/USDT:USDT,0.04603,238.0,0.04601,3841.0,0.04605,10.0,0.04606,284.0
1753617158435,11:52:38.435,blofin,ACT/USDT:USDT,0.04603,238.0,0.04601,3841.0,0.04605,5.0,0.04606,288.0
1753617159437,11:52:39.437,blofin,ACT/USDT:USDT,0.04603,235.0,0.04601,3841.0,0.04605,5.0,0.04606,321.0
1753617160291,11:52:40.291,blofin,ACT/USDT:USDT,0.04603,239.0,0.04601,3841.0,0.04605,5.0,0.04606,321.0
1753617160438,11:52:40.438,blofin,ACT/USDT:USDT,0.04603,239.0,0.04601,3841.0,0.04605,5.0,0.04606,323.0
1753617162441,11:52:42.441,blofin,ACT/USDT:USDT,0.04603,236.0,0.04602,8849.0,0.04605,225.0,0.04606,2.0
1753617162943,11:52:42.943,blofin,ACT/USDT:USDT,0.04603,236.0,0.04601,19890.0,0.04605,225.0,0.04606,2.0
1753617163443,11:52:43.443,blofin,ACT/USDT:USDT,0.04603,236.0,0.04602,2570.0,0.04605,5.0,0.04606,232.0
1753617163942,11:52:43.942,blofin,ACT/USDT:USDT,0.04603,236.0,0.04601,12430.0,0.04605,5.0,0.04606,232.0
1753617165445,11:52:45.445,blofin,ACT/USDT:USDT,0.04603,886.0,0.04601,12430.0,0.04605,218.0,0.0461,3351.0
1753617165946,11:52:45.946,blofin,ACT/USDT:USDT,0.04603,886.0,0.04601,12430.0,0.04605,219.0,0.0461,3351.0
1753617166447,11:52:46.447,blofin,ACT/USDT:USDT,0.04603,885.0,0.04601,3841.0,0.04605,6.0,0.04606,211.0
1753617167296,11:52:47.296,blofin,ACT/USDT:USDT,0.04603,885.0,0.04601,8598.0,0.04605,6.0,0.04606,230.0
1753617167450,11:52:47.450,blofin,ACT/USDT:USDT,0.04603,885.0,0.04601,8598.0,0.04605,5.0,0.04606,235.0
1753617168296,11:52:48.296,blofin,ACT/USDT:USDT,0.04603,885.0,0.04601,3841.0,0.04605,5.0,0.04606,254.0
1753617168450,11:52:48.450,blofin,ACT/USDT:USDT,0.04603,885.0,0.04601,3841.0,0.04605,5.0,0.04606,256.0
1753617169294,11:52:49.294,blofin,ACT/USDT:USDT,0.04604,7492.0,0.04603,4.0,0.04605,5.0,0.04606,4.0
1753617169451,11:52:49.451,blofin,ACT/USDT:USDT,0.04604,7492.0,0.04603,4.0,0.04605,5.0,0.04607,21.0
1753617169951,11:52:49.951,blofin,ACT/USDT:USDT,0.04604,7492.0,0.04603,4.0,0.04605,5.0,0.04607,21.0
1753617170298,11:52:50.298,blofin,ACT/USDT:USDT,0.04604,7526.0,0.04603,3624.0,0.04605,5.0,0.04607,9.0
1753617170954,11:52:50.954,blofin,ACT/USDT:USDT,0.04604,7528.0,0.04603,3623.0,0.04605,5.0,0.04607,9.0
1753617171297,11:52:51.297,blofin,ACT/USDT:USDT,0.04604,7529.0,0.04603,8101.0,0.04605,5.0,0.04607,12.0
1753617171955,11:52:51.955,blofin,ACT/USDT:USDT,0.04606,7764.0,0.04604,3.0,0.04608,13.0,0.0461,7355.0
1753617172456,11:52:52.456,blofin,ACT/USDT:USDT,0.04606,154.0,0.04605,3768.0,0.04609,701.0,0.04613,3590.0
1753617172957,11:52:52.957,blofin,ACT/USDT:USDT,0.04606,154.0,0.04605,3768.0,0.04609,701.0,0.04613,3590.0
1753617173457,11:52:53.457,blofin,ACT/USDT:USDT,0.04606,154.0,0.04604,3.0,0.04609,675.0,0.04614,8621.0
1753617173959,11:52:53.959,blofin,ACT/USDT:USDT,0.04606,157.0,0.04603,3.0,0.04609,675.0,0.04614,8621.0
1753617174302,11:52:54.302,blofin,ACT/USDT:USDT,0.04606,157.0,0.04603,2529.0,0.04609,675.0,0.04612,7997.0
1753617175302,11:52:55.302,blofin,ACT/USDT:USDT,0.04606,157.0,0.04603,3.0,0.04608,673.0,0.04609,2.0
1753617175460,11:52:55.460,blofin,ACT/USDT:USDT,0.04606,157.0,0.04603,1692.0,0.04608,673.0,0.04609,2.0
1753617176302,11:52:56.302,blofin,ACT/USDT:USDT,0.04606,157.0,0.04603,3.0,0.04608,675.0,0.04611,6735.0
1753617176461,11:52:56.461,blofin,ACT/USDT:USDT,0.04606,35.0,0.04604,5206.0,0.04608,2.0,0.04609,673.0
1753617177463,11:52:57.463,blofin,ACT/USDT:USDT,0.04606,35.0,0.04603,3131.0,0.04608,675.0,0.04611,9869.0
1753617178304,11:52:58.304,blofin,ACT/USDT:USDT,0.04606,35.0,0.04603,7220.0,0.04608,2.0,0.04609,673.0
1753617179465,11:52:59.465,blofin,ACT/USDT:USDT,0.04606,27.0,0.04604,4346.0,0.04608,2.0,0.04609,1020.0
1753617179967,11:52:59.967,blofin,ACT/USDT:USDT,0.04604,26.0,0.04603,3.0,0.04608,1456.0,0.0461,10711.0
1753617180468,11:53:00.468,blofin,ACT/USDT:USDT,0.04604,9313.0,0.04603,3.0,0.04607,18.0,0.04608,2.0
1753617180971,11:53:00.971,blofin,ACT/USDT:USDT,0.04604,9313.0,0.04603,3.0,0.04607,1147.0,0.04608,9810.0
1753617181471,11:53:01.471,blofin,ACT/USDT:USDT,0.04604,7731.0,0.04603,3.0,0.04607,31.0,0.04608,730.0
1753617181971,11:53:01.971,blofin,ACT/USDT:USDT,0.04604,7731.0,0.04603,3.0,0.04607,32.0,0.04608,730.0
1753617182473,11:53:02.473,blofin,ACT/USDT:USDT,0.04604,7830.0,0.04603,3.0,0.04607,14.0,0.04612,7869.0
1753617182977,11:53:02.977,blofin,ACT/USDT:USDT,0.04606,900.0,0.04603,3.0,0.04607,4.0,0.04608,842.0
1753617183437,11:53:03.437,blofin,ACT/USDT:USDT,0.04606,4008.0,0.04603,6162.0,0.04607,4.0,0.04609,784.0
1753617183976,11:53:03.976,blofin,ACT/USDT:USDT,0.04607,651.0,0.04606,5.0,0.0461,141.0,0.04613,5540.0
1753617184477,11:53:04.477,blofin,ACT/USDT:USDT,0.04607,474.0,0.04604,3284.0,0.0461,768.0,0.04614,9766.0
1753617185309,11:53:05.309,blofin,ACT/USDT:USDT,0.04607,474.0,0.04604,2386.0,0.0461,625.0,0.04613,7739.0
1753617185980,11:53:05.980,blofin,ACT/USDT:USDT,0.04607,5.0,0.04606,469.0,0.04609,720.0,0.0461,1.0
1753617186487,11:53:06.487,blofin,ACT/USDT:USDT,0.04606,1015.0,0.04605,1814.0,0.04609,723.0,0.0461,6648.0
1753617186981,11:53:06.981,blofin,ACT/USDT:USDT,0.04606,1015.0,0.04605,1814.0,0.04609,723.0,0.0461,6648.0
1753617187482,11:53:07.482,blofin,ACT/USDT:USDT,0.04606,1015.0,0.04605,2566.0,0.04609,3.0,0.0461,720.0
1753617187984,11:53:07.984,blofin,ACT/USDT:USDT,0.04606,1015.0,0.04605,2284.0,0.04609,3.0,0.0461,720.0
1753617188483,11:53:08.483,blofin,ACT/USDT:USDT,0.04606,1015.0,0.04603,9709.0,0.04609,1.0,0.0461,724.0
1753617189485,11:53:09.485,blofin,ACT/USDT:USDT,0.04606,1016.0,0.04605,525.0,0.04609,1.0,0.0461,747.0
1753617190486,11:53:10.486,blofin,ACT/USDT:USDT,0.04606,1016.0,0.04603,10084.0,0.04609,744.0,0.0461,4905.0
1753617190991,11:53:10.991,blofin,ACT/USDT:USDT,0.04606,1016.0,0.04603,10084.0,0.04609,749.0,0.0461,4901.0
1753617191487,11:53:11.487,blofin,ACT/USDT:USDT,0.04606,1012.0,0.04605,4185.0,0.04608,817.0,0.04609,5.0
1753617191988,11:53:11.988,blofin,ACT/USDT:USDT,0.04606,1013.0,0.04605,4185.0,0.04608,817.0,0.04609,5.0
1753617192490,11:53:12.490,blofin,ACT/USDT:USDT,0.04606,1065.0,0.04605,3491.0,0.04609,47.0,0.04611,2024.0
1753617192990,11:53:12.990,blofin,ACT/USDT:USDT,0.04606,1065.0,0.04605,3491.0,0.04609,47.0,0.04611,2024.0
1753617193992,11:53:13.992,blofin,ACT/USDT:USDT,0.04606,1064.0,0.04604,5431.0,0.04609,47.0,0.04612,8925.0
1753617194494,11:53:14.494,blofin,ACT/USDT:USDT,0.04606,1068.0,0.04603,19672.0,0.04609,47.0,0.04611,5972.0
1753617194995,11:53:14.995,blofin,ACT/USDT:USDT,0.04606,1068.0,0.04603,19672.0,0.04609,46.0,0.04611,5972.0
1753617195495,11:53:15.495,blofin,ACT/USDT:USDT,0.04606,1068.0,0.04603,14893.0,0.04609,46.0,0.04613,3712.0
1753617195996,11:53:15.996,blofin,ACT/USDT:USDT,0.04606,1066.0,0.04603,14893.0,0.04609,46.0,0.04613,3712.0
1753617196497,11:53:16.497,blofin,ACT/USDT:USDT,0.04606,1066.0,0.04603,3860.0,0.04608,42.0,0.04609,2.0
1753617197318,11:53:17.318,blofin,ACT/USDT:USDT,0.04607,643.0,0.04606,2187.0,0.04609,2.0,0.0461,123.0
1753617197997,11:53:17.997,blofin,ACT/USDT:USDT,0.04607,645.0,0.04606,2184.0,0.04609,2.0,0.0461,123.0
1753617198498,11:53:18.498,blofin,ACT/USDT:USDT,0.04607,645.0,0.04606,4326.0,0.04609,2.0,0.0461,123.0
1753617198999,11:53:18.999,blofin,ACT/USDT:USDT,0.04607,645.0,0.04606,4326.0,0.04609,2.0,0.0461,123.0
1753617199499,11:53:19.499,blofin,ACT/USDT:USDT,0.04607,670.0,0.04606,5.0,0.04609,129.0,0.0461,10011.0
1753617200000,11:53:20.000,blofin,ACT/USDT:USDT,0.04607,670.0,0.04606,5.0,0.04609,127.0,0.0461,10011.0
1753617200501,11:53:20.501,blofin,ACT/USDT:USDT,0.04607,26.0,0.04606,5.0,0.04609,797.0,0.0461,8926.0
1753617201325,11:53:21.325,blofin,ACT/USDT:USDT,0.04607,25.0,0.04606,5.0,0.04609,799.0,0.0461,8926.0
1753617202003,11:53:22.003,blofin,ACT/USDT:USDT,0.04607,673.0,0.04606,5.0,0.04609,5.0,0.0461,141.0
1753617202503,11:53:22.503,blofin,ACT/USDT:USDT,0.04607,673.0,0.04606,3912.0,0.04609,1.0,0.0461,71.0
1753617203507,11:53:23.507,blofin,ACT/USDT:USDT,0.04607,673.0,0.04606,5.0,0.04609,1.0,0.0461,114.0
1753617204006,11:53:24.006,blofin,ACT/USDT:USDT,0.04607,673.0,0.04606,5.0,0.04609,1.0,0.0461,114.0
1753617204506,11:53:24.506,blofin,ACT/USDT:USDT,0.04607,673.0,0.04606,5.0,0.04609,1.0,0.0461,123.0
1753617205008,11:53:25.008,blofin,ACT/USDT:USDT,0.04607,672.0,0.04606,5.0,0.04609,1.0,0.0461,123.0
1753617205510,11:53:25.510,blofin,ACT/USDT:USDT,0.04607,671.0,0.04606,5.0,0.04609,1.0,0.0461,123.0
1753617206010,11:53:26.010,blofin,ACT/USDT:USDT,0.04607,671.0,0.04606,5.0,0.04609,1.0,0.0461,120.0
1753617206511,11:53:26.511,blofin,ACT/USDT:USDT,0.04607,670.0,0.04606,4168.0,0.04609,1.0,0.0461,104.0
1753617207327,11:53:27.327,blofin,ACT/USDT:USDT,0.04607,670.0,0.04606,5.0,0.04609,1.0,0.0461,134.0
1753617207483,11:53:27.483,blofin,ACT/USDT:USDT,0.04608,668.0,0.04607,2.0,0.04609,1.0,0.0461,2.0
1753617208329,11:53:28.329,blofin,ACT/USDT:USDT,0.04608,1148.0,0.04607,4698.0,0.04609,1.0,0.0461,18.0
1753617208514,11:53:28.514,blofin,ACT/USDT:USDT,0.04608,1152.0,0.04607,4696.0,0.04609,1.0,0.0461,18.0
1753617209327,11:53:29.327,blofin,ACT/USDT:USDT,0.04608,1149.0,0.04606,5.0,0.04609,1.0,0.04611,22.0
1753617209729,11:53:29.729,blofin,ACT/USDT:USDT,0.04608,1153.0,0.04606,1352.0,0.04609,1.0,0.04611,4.0
1753617210326,11:53:30.326,blofin,ACT/USDT:USDT,0.04608,3074.0,0.04606,5.0,0.04611,667.0,0.04615,4403.0
1753617210519,11:53:30.519,blofin,ACT/USDT:USDT,0.04608,3074.0,0.04607,93.0,0.04611,667.0,0.04615,4403.0
1753617211333,11:53:31.333,blofin,ACT/USDT:USDT,0.04608,3070.0,0.04606,5.0,0.04611,666.0,0.04615,4403.0
1753617211719,11:53:31.719,blofin,ACT/USDT:USDT,0.04609,1490.0,0.04608,1.0,0.04611,663.0,0.04612,5.0
1753617212523,11:53:32.523,blofin,ACT/USDT:USDT,0.04609,317.0,0.04608,3187.0,0.04611,5.0,0.04613,663.0
1753617213024,11:53:33.024,blofin,ACT/USDT:USDT,0.04609,317.0,0.04608,3187.0,0.04613,667.0,0.04614,10447.0
1753617213524,11:53:33.524,blofin,ACT/USDT:USDT,0.04609,2554.0,0.04608,1.0,0.04613,709.0,0.04616,839.0
1753617214025,11:53:34.025,blofin,ACT/USDT:USDT,0.04609,2554.0,0.04608,1.0,0.04613,706.0,0.04616,839.0
1753617214525,11:53:34.525,blofin,ACT/USDT:USDT,0.04609,978.0,0.04608,1.0,0.04613,685.0,0.04617,12875.0
1753617215025,11:53:35.025,blofin,ACT/USDT:USDT,0.04609,981.0,0.04607,1475.0,0.04611,681.0,0.04612,2714.0
1753617215527,11:53:35.527,blofin,ACT/USDT:USDT,0.04609,970.0,0.04606,5.0,0.04613,688.0,0.04617,9728.0
1753617216531,11:53:36.531,blofin,ACT/USDT:USDT,0.04609,972.0,0.04604,2594.0,0.04612,681.0,0.04613,8.0
1753617217335,11:53:37.335,blofin,ACT/USDT:USDT,0.04609,972.0,0.04607,2807.0,0.04612,681.0,0.04613,8.0
1753617217532,11:53:37.532,blofin,ACT/USDT:USDT,0.04609,972.0,0.04608,7140.0,0.04612,681.0,0.04613,8.0
1753617218333,11:53:38.333,blofin,ACT/USDT:USDT,0.04609,972.0,0.04608,7140.0,0.04613,689.0,0.04617,4159.0
1753617218531,11:53:38.531,blofin,ACT/USDT:USDT,0.04609,972.0,0.04605,3391.0,0.04613,689.0,0.04617,4159.0
1753617219336,11:53:39.336,blofin,ACT/USDT:USDT,0.04609,972.0,0.04606,89.0,0.04612,681.0,0.04613,8.0
1753617219533,11:53:39.533,blofin,ACT/USDT:USDT,0.04609,972.0,0.04606,89.0,0.04612,683.0,0.04613,3.0
1753617220338,11:53:40.338,blofin,ACT/USDT:USDT,0.04609,972.0,0.04606,282.0,0.04612,2.0,0.04613,684.0
1753617220546,11:53:40.546,blofin,ACT/USDT:USDT,0.04609,972.0,0.04606,282.0,0.04612,2.0,0.04613,684.0
1753617221334,11:53:41.334,blofin,ACT/USDT:USDT,0.04609,970.0,0.04606,282.0,0.04613,685.0,0.04618,7146.0
1753617221536,11:53:41.536,blofin,ACT/USDT:USDT,0.04609,970.0,0.04605,3312.0,0.04613,685.0,0.04615,9135.0
1753617222339,11:53:42.339,blofin,ACT/USDT:USDT,0.04609,1322.0,0.04606,2508.0,0.04612,681.0,0.04613,9772.0
1753617222859,11:53:42.859,blofin,ACT/USDT:USDT,0.0461,1320.0,0.04609,233.0,0.04612,2.0,0.04613,684.0
1753617223804,11:53:43.804,blofin,ACT/USDT:USDT,0.0461,985.0,0.04609,2.0,0.04612,88.0,0.04613,2388.0
1753617224337,11:53:44.337,blofin,ACT/USDT:USDT,0.0461,986.0,0.04609,1.0,0.04613,96.0,0.04618,8407.0
1753617224540,11:53:44.540,blofin,ACT/USDT:USDT,0.0461,986.0,0.04609,1.0,0.04613,96.0,0.04618,8407.0
1753617225336,11:53:45.336,blofin,ACT/USDT:USDT,0.0461,986.0,0.04609,1336.0,0.04613,5.0,0.04614,825.0
1753617225788,11:53:45.788,blofin,ACT/USDT:USDT,0.0461,1.0,0.04609,312.0,0.04613,677.0,0.04614,2.0
1753617226337,11:53:46.337,blofin,ACT/USDT:USDT,0.04609,313.0,0.04605,918.0,0.04611,675.0,0.04613,3.0
1753617227041,11:53:47.041,blofin,ACT/USDT:USDT,0.04609,1335.0,0.04604,232.0,0.04611,1.0,0.04613,351.0
1753617227337,11:53:47.337,blofin,ACT/USDT:USDT,0.0461,3160.0,0.04609,2.0,0.04611,1.0,0.04613,1325.0
1753617228049,11:53:48.049,blofin,ACT/USDT:USDT,0.0461,3162.0,0.04609,1.0,0.04613,1326.0,0.04615,5258.0
1753617228547,11:53:48.547,blofin,ACT/USDT:USDT,0.0461,789.0,0.04609,1.0,0.04613,317.0,0.04617,4839.0
1753617229550,11:53:49.550,blofin,ACT/USDT:USDT,0.04611,1044.0,0.0461,1198.0,0.04613,3.0,0.04614,316.0
1753617230215,11:53:50.215,blofin,ACT/USDT:USDT,0.04611,435.0,0.0461,2.0,0.04613,3.0,0.04614,1054.0
1753617230550,11:53:50.550,blofin,ACT/USDT:USDT,0.04612,427.0,0.0461,2.0,0.04615,2598.0,0.04619,2647.0
1753617231242,11:53:51.242,blofin,ACT/USDT:USDT,0.04613,2926.0,0.0461,1785.0,0.04615,2545.0,0.04616,7415.0
1753617231610,11:53:51.610,blofin,ACT/USDT:USDT,0.04612,3.0,0.04611,334.0,0.04614,5.0,0.04616,2530.0
1753617232343,11:53:52.343,blofin,ACT/USDT:USDT,0.04611,1869.0,0.0461,8165.0,0.04614,352.0,0.04618,7435.0
1753617232648,11:53:52.648,blofin,ACT/USDT:USDT,0.04611,1.0,0.0461,10030.0,0.04614,352.0,0.04617,7466.0
1753617233343,11:53:53.343,blofin,ACT/USDT:USDT,0.04611,322.0,0.0461,8165.0,0.04614,946.0,0.04617,335.0
1753617233883,11:53:53.883,blofin,ACT/USDT:USDT,0.04611,1.0,0.0461,8165.0,0.04613,941.0,0.04614,5.0
1753617234344,11:53:54.344,blofin,ACT/USDT:USDT,0.0461,8639.0,0.04609,1.0,0.04614,2091.0,0.04618,2647.0
1753617234554,11:53:54.554,blofin,ACT/USDT:USDT,0.0461,8639.0,0.04609,1.0,0.04614,2089.0,0.04618,2647.0
1753617235345,11:53:55.345,blofin,ACT/USDT:USDT,0.0461,8639.0,0.04609,1.0,0.04614,2091.0,0.04615,1434.0
1753617235555,11:53:55.555,blofin,ACT/USDT:USDT,0.0461,8636.0,0.04609,1.0,0.04614,2091.0,0.04615,1434.0
1753617236343,11:53:56.343,blofin,ACT/USDT:USDT,0.0461,471.0,0.04609,2608.0,0.04614,2087.0,0.04615,1434.0
1753617236557,11:53:56.557,blofin,ACT/USDT:USDT,0.0461,473.0,0.04609,2608.0,0.04614,2087.0,0.04616,3098.0
1753617237558,11:53:57.558,blofin,ACT/USDT:USDT,0.0461,471.0,0.04609,1.0,0.04614,2087.0,0.04617,1628.0
1753617238058,11:53:58.058,blofin,ACT/USDT:USDT,0.0461,472.0,0.04609,1.0,0.04614,2087.0,0.04617,1628.0
1753617238559,11:53:58.559,blofin,ACT/USDT:USDT,0.0461,471.0,0.04609,1.0,0.04614,2087.0,0.04617,1628.0
1753617239059,11:53:59.059,blofin,ACT/USDT:USDT,0.0461,471.0,0.04609,1.0,0.04614,2087.0,0.04618,7365.0
1753617239765,11:53:59.765,blofin,ACT/USDT:USDT,0.0461,471.0,0.04609,659.0,0.04614,781.0,0.04618,16838.0
1753617240561,11:54:00.561,blofin,ACT/USDT:USDT,0.0461,2.0,0.04609,1106.0,0.04612,663.0,0.04613,1286.0
1753617241345,11:54:01.345,blofin,ACT/USDT:USDT,0.04609,1109.0,0.04606,2904.0,0.04612,660.0,0.04613,1286.0
1753617242064,11:54:02.064,blofin,ACT/USDT:USDT,0.04609,1109.0,0.04608,858.0,0.04612,78.0,0.04615,970.0
1753617242566,11:54:02.566,blofin,ACT/USDT:USDT,0.04609,1.0,0.04608,368.0,0.04611,1543.0,0.04612,5.0
1753617243066,11:54:03.066,blofin,ACT/USDT:USDT,0.04609,1.0,0.04608,370.0,0.04611,1543.0,0.04612,5.0
1753617243567,11:54:03.567,blofin,ACT/USDT:USDT,0.04609,1.0,0.04608,951.0,0.04611,687.0,0.04616,2939.0
1753617244350,11:54:04.350,blofin,ACT/USDT:USDT,0.04609,1.0,0.04608,960.0,0.0461,410.0,0.04611,3.0
1753617244567,11:54:04.567,blofin,ACT/USDT:USDT,0.04609,1.0,0.04608,960.0,0.0461,414.0,0.04613,6473.0
1753617245572,11:54:05.572,blofin,ACT/USDT:USDT,0.04609,1.0,0.04608,341.0,0.0461,414.0,0.04613,1480.0
1753617246080,11:54:06.080,blofin,ACT/USDT:USDT,0.04608,5.0,0.04607,336.0,0.04609,4.0,0.04611,410.0
1753617246573,11:54:06.573,blofin,ACT/USDT:USDT,0.04607,5111.0,0.04605,6501.0,0.04609,7.0,0.0461,73.0
1753617247355,11:54:07.355,blofin,ACT/USDT:USDT,0.04607,2122.0,0.04606,2899.0,0.04609,7.0,0.0461,2849.0
1753617248030,11:54:08.030,blofin,ACT/USDT:USDT,0.04607,3.0,0.04606,1090.0,0.04608,1412.0,0.04609,3.0
1753617248577,11:54:08.577,blofin,ACT/USDT:USDT,0.04607,1.0,0.04606,761.0,0.04609,2830.0,0.0461,4.0
1753617249078,11:54:09.078,blofin,ACT/USDT:USDT,0.04607,1.0,0.04606,764.0,0.04609,2830.0,0.0461,4.0
1753617249579,11:54:09.579,blofin,ACT/USDT:USDT,0.04607,1.0,0.04606,764.0,0.04609,2830.0,0.0461,4.0
1753617250356,11:54:10.356,blofin,ACT/USDT:USDT,0.04607,1.0,0.04606,764.0,0.04608,2827.0,0.04609,3818.0
1753617250579,11:54:10.579,blofin,ACT/USDT:USDT,0.04607,1.0,0.04606,764.0,0.04608,2827.0,0.04609,3818.0
1753617251353,11:54:11.353,blofin,ACT/USDT:USDT,0.04607,1.0,0.04606,765.0,0.04608,2828.0,0.04609,3816.0
1753617251580,11:54:11.580,blofin,ACT/USDT:USDT,0.04607,1.0,0.04606,765.0,0.04609,2906.0,0.04613,82.0
1753617252355,11:54:12.355,blofin,ACT/USDT:USDT,0.04607,1.0,0.04606,765.0,0.04609,2906.0,0.04611,5651.0
1753617252580,11:54:12.580,blofin,ACT/USDT:USDT,0.04607,1.0,0.04606,764.0,0.04609,2906.0,0.04611,5651.0
1753617253360,11:54:13.360,blofin,ACT/USDT:USDT,0.04607,1.0,0.04606,764.0,0.04609,213.0,0.04614,4761.0
1753617253581,11:54:13.581,blofin,ACT/USDT:USDT,0.04607,1.0,0.04606,764.0,0.04609,214.0,0.04614,4761.0
1753617254355,11:54:14.355,blofin,ACT/USDT:USDT,0.04607,1.0,0.04606,764.0,0.04609,214.0,0.04614,5549.0
1753617254586,11:54:14.586,blofin,ACT/USDT:USDT,0.04607,1.0,0.04606,763.0,0.04609,214.0,0.04614,5549.0
1753617255357,11:54:15.357,blofin,ACT/USDT:USDT,0.04607,1.0,0.04606,763.0,0.04609,214.0,0.0461,3559.0
1753617255584,11:54:15.584,blofin,ACT/USDT:USDT,0.04607,1.0,0.04606,763.0,0.04609,210.0,0.0461,3559.0
1753617256357,11:54:16.357,blofin,ACT/USDT:USDT,0.04607,1.0,0.04606,765.0,0.04609,212.0,0.0461,3559.0
1753617256585,11:54:16.585,blofin,ACT/USDT:USDT,0.04607,1.0,0.04606,765.0,0.04608,209.0,0.04609,3.0
1753617257361,11:54:17.361,blofin,ACT/USDT:USDT,0.04607,1.0,0.04606,765.0,0.04608,3.0,0.04609,209.0
1753617257587,11:54:17.587,blofin,ACT/USDT:USDT,0.04607,1.0,0.04606,765.0,0.04608,3.0,0.04609,209.0
1753617258359,11:54:18.359,blofin,ACT/USDT:USDT,0.04607,1.0,0.04606,764.0,0.04608,3.0,0.04609,209.0
1753617258588,11:54:18.588,blofin,ACT/USDT:USDT,0.04607,1.0,0.04606,763.0,0.04608,3.0,0.04609,209.0
1753617259361,11:54:19.361,blofin,ACT/USDT:USDT,0.04607,1.0,0.04606,764.0,0.04608,3.0,0.04609,209.0
1753617259588,11:54:19.588,blofin,ACT/USDT:USDT,0.04607,1.0,0.04606,764.0,0.04608,3.0,0.04609,209.0
1753617260361,11:54:20.361,blofin,ACT/USDT:USDT,0.04607,1.0,0.04606,764.0,0.04608,3.0,0.04609,209.0
1753617261091,11:54:21.091,blofin,ACT/USDT:USDT,0.04607,1.0,0.04606,763.0,0.04608,3.0,0.04609,209.0
1753617261358,11:54:21.358,blofin,ACT/USDT:USDT,0.04607,1.0,0.04606,766.0,0.04609,214.0,0.04613,1945.0
1753617261592,11:54:21.592,blofin,ACT/USDT:USDT,0.04607,1.0,0.04606,766.0,0.04609,212.0,0.04613,918.0
1753617262361,11:54:22.361,blofin,ACT/USDT:USDT,0.04607,1.0,0.04606,766.0,0.04609,210.0,0.04613,4408.0
1753617262594,11:54:22.594,blofin,ACT/USDT:USDT,0.04607,1.0,0.04606,766.0,0.04609,211.0,0.04613,4408.0
1753617263361,11:54:23.361,blofin,ACT/USDT:USDT,0.04607,1.0,0.04606,776.0,0.04609,211.0,0.04611,5675.0
1753617263596,11:54:23.596,blofin,ACT/USDT:USDT,0.04607,1.0,0.04606,776.0,0.04609,211.0,0.04611,5675.0
1753617264364,11:54:24.364,blofin,ACT/USDT:USDT,0.04607,1.0,0.04606,807.0,0.04609,211.0,0.0461,5271.0
1753617264597,11:54:24.597,blofin,ACT/USDT:USDT,0.04607,1.0,0.04606,807.0,0.04609,211.0,0.0461,5271.0
1753617265363,11:54:25.363,blofin,ACT/USDT:USDT,0.04607,1.0,0.04606,807.0,0.04609,211.0,0.04611,4686.0
1753617265599,11:54:25.599,blofin,ACT/USDT:USDT,0.04607,1.0,0.04606,807.0,0.04609,211.0,0.04611,4686.0
1753617266363,11:54:26.363,blofin,ACT/USDT:USDT,0.04607,1.0,0.04606,807.0,0.04609,212.0,0.04611,4686.0
1753617266599,11:54:26.599,blofin,ACT/USDT:USDT,0.04607,1.0,0.04606,822.0,0.04609,211.0,0.04611,4965.0
1753617267366,11:54:27.366,blofin,ACT/USDT:USDT,0.04607,1.0,0.04606,823.0,0.04608,206.0,0.04609,5.0
1753617267601,11:54:27.601,blofin,ACT/USDT:USDT,0.04607,1.0,0.04606,823.0,0.04608,208.0,0.04609,3.0
1753617268365,11:54:28.365,blofin,ACT/USDT:USDT,0.04607,1.0,0.04606,823.0,0.04608,2.0,0.04609,209.0
1753617269366,11:54:29.366,blofin,ACT/USDT:USDT,0.04607,1.0,0.04606,824.0,0.04608,2.0,0.04609,209.0
1753617269604,11:54:29.604,blofin,ACT/USDT:USDT,0.04607,1.0,0.04606,824.0,0.04608,2.0,0.04609,209.0
1753617270368,11:54:30.368,blofin,ACT/USDT:USDT,0.04607,1.0,0.04606,833.0,0.04609,213.0,0.04611,3376.0
1753617270603,11:54:30.603,blofin,ACT/USDT:USDT,0.04607,1.0,0.04606,833.0,0.04609,212.0,0.04611,3376.0
1753617271365,11:54:31.365,blofin,ACT/USDT:USDT,0.04607,1.0,0.04606,831.0,0.04609,213.0,0.04611,3376.0
1753617271605,11:54:31.605,blofin,ACT/USDT:USDT,0.04607,1.0,0.04606,831.0,0.04609,213.0,0.04611,4031.0
1753617272376,11:54:32.376,blofin,ACT/USDT:USDT,0.04607,1.0,0.04606,831.0,0.04609,212.0,0.0461,5225.0
1753617272619,11:54:32.619,blofin,ACT/USDT:USDT,0.04607,1.0,0.04606,831.0,0.04609,212.0,0.0461,5225.0
1753617273369,11:54:33.369,blofin,ACT/USDT:USDT,0.04607,1.0,0.04606,831.0,0.04609,258.0,0.04611,4484.0
1753617273609,11:54:33.609,blofin,ACT/USDT:USDT,0.04607,1.0,0.04605,832.0,0.04609,258.0,0.04611,8292.0
1753617274373,11:54:34.373,blofin,ACT/USDT:USDT,0.04607,1.0,0.04605,507.0,0.04608,416.0,0.04609,8.0
1753617275372,11:54:35.372,blofin,ACT/USDT:USDT,0.04607,1.0,0.04605,1682.0,0.04608,419.0,0.04609,3.0
1753617275611,11:54:35.611,blofin,ACT/USDT:USDT,0.04607,1.0,0.04605,1679.0,0.04608,419.0,0.04609,3.0
1753617276383,11:54:36.383,blofin,ACT/USDT:USDT,0.04605,1681.0,0.04603,3417.0,0.04608,422.0,0.04611,4747.0
1753617277113,11:54:37.113,blofin,ACT/USDT:USDT,0.04605,1682.0,0.04604,1304.0,0.04607,416.0,0.04608,7.0
1753617277373,11:54:37.373,blofin,ACT/USDT:USDT,0.04605,1682.0,0.04602,2510.0,0.04608,423.0,0.04609,971.0
1753617278617,11:54:38.617,blofin,ACT/USDT:USDT,0.04605,1681.0,0.04602,137.0,0.04608,420.0,0.04613,7510.0
1753617279119,11:54:39.119,blofin,ACT/USDT:USDT,0.04605,1681.0,0.04602,137.0,0.04608,422.0,0.04613,7510.0
1753617279621,11:54:39.621,blofin,ACT/USDT:USDT,0.04605,1559.0,0.04602,2706.0,0.04608,1203.0,0.04613,7316.0
1753617280620,11:54:40.620,blofin,ACT/USDT:USDT,0.04605,1561.0,0.046,4215.0,0.04608,422.0,0.04609,6989.0
1753617281379,11:54:41.379,blofin,ACT/USDT:USDT,0.04605,1559.0,0.04601,6654.0,0.04608,423.0,0.04609,6989.0
1753617281621,11:54:41.621,blofin,ACT/USDT:USDT,0.04605,1560.0,0.04601,6654.0,0.04608,423.0,0.0461,3714.0
1753617282378,11:54:42.378,blofin,ACT/USDT:USDT,0.04605,1558.0,0.04602,2411.0,0.04607,416.0,0.04608,6130.0
1753617283127,11:54:43.127,blofin,ACT/USDT:USDT,0.04605,1557.0,0.04603,7717.0,0.04607,416.0,0.04608,6130.0
1753617283381,11:54:43.381,blofin,ACT/USDT:USDT,0.04605,1557.0,0.04603,7717.0,0.04608,1204.0,0.0461,3714.0
1753617284630,11:54:44.630,blofin,ACT/USDT:USDT,0.04605,1557.0,0.04604,1395.0,0.04608,421.0,0.0461,12161.0
1753617285132,11:54:45.132,blofin,ACT/USDT:USDT,0.04605,1557.0,0.04604,1395.0,0.04608,421.0,0.0461,12161.0
1753617285631,11:54:45.631,blofin,ACT/USDT:USDT,0.04605,1557.0,0.04604,3015.0,0.04608,423.0,0.0461,3714.0
1753617286131,11:54:46.131,blofin,ACT/USDT:USDT,0.04605,1557.0,0.04604,3015.0,0.04608,420.0,0.0461,3714.0
1753617286633,11:54:46.633,blofin,ACT/USDT:USDT,0.04605,1559.0,0.04603,5181.0,0.04608,770.0,0.04609,5545.0
1753617287135,11:54:47.135,blofin,ACT/USDT:USDT,0.04605,1559.0,0.04601,4102.0,0.04608,770.0,0.04609,5545.0
1753617287635,11:54:47.635,blofin,ACT/USDT:USDT,0.04605,1559.0,0.04602,4370.0,0.04607,1201.0,0.04608,2.0
1753617288385,11:54:48.385,blofin,ACT/USDT:USDT,0.04605,1559.0,0.04603,131.0,0.04607,3.0,0.04608,1199.0
1753617288636,11:54:48.636,blofin,ACT/USDT:USDT,0.04605,1560.0,0.04603,131.0,0.04607,3.0,0.04608,1199.0
1753617289384,11:54:49.384,blofin,ACT/USDT:USDT,0.04605,1493.0,0.04601,1854.0,0.04608,1202.0,0.04612,6393.0
1753617290385,11:54:50.385,blofin,ACT/USDT:USDT,0.04605,1493.0,0.04604,4752.0,0.04608,404.0,0.04611,4750.0
1753617290638,11:54:50.638,blofin,ACT/USDT:USDT,0.04605,1490.0,0.04604,4752.0,0.04608,404.0,0.04611,4750.0
1753617291387,11:54:51.387,blofin,ACT/USDT:USDT,0.04605,1493.0,0.04604,4752.0,0.04608,400.0,0.04611,4750.0
1753617291642,11:54:51.642,blofin,ACT/USDT:USDT,0.04605,1484.0,0.04604,1652.0,0.04608,404.0,0.04611,817.0
1753617292388,11:54:52.388,blofin,ACT/USDT:USDT,0.04605,1484.0,0.046,6315.0,0.04608,407.0,0.04609,3805.0
1753617292643,11:54:52.643,blofin,ACT/USDT:USDT,0.04605,1484.0,0.04601,5319.0,0.04608,407.0,0.04609,3805.0
1753617293403,11:54:53.403,blofin,ACT/USDT:USDT,0.04605,1485.0,0.04604,1448.0,0.04607,401.0,0.04608,6.0
1753617293643,11:54:53.643,blofin,ACT/USDT:USDT,0.04605,1485.0,0.04604,1448.0,0.04607,401.0,0.04608,6.0
1753617294389,11:54:54.389,blofin,ACT/USDT:USDT,0.04605,1485.0,0.04603,2848.0,0.04608,407.0,0.04613,2895.0
1753617295389,11:54:55.389,blofin,ACT/USDT:USDT,0.04605,1485.0,0.04602,8358.0,0.04608,435.0,0.04611,1400.0
1753617295648,11:54:55.648,blofin,ACT/USDT:USDT,0.04605,1483.0,0.04602,8358.0,0.04608,435.0,0.04611,1400.0
1753617296390,11:54:56.390,blofin,ACT/USDT:USDT,0.04605,1485.0,0.04602,5223.0,0.04608,433.0,0.04611,1400.0
1753617296647,11:54:56.647,blofin,ACT/USDT:USDT,0.04605,1486.0,0.04601,5326.0,0.04608,433.0,0.04609,1213.0
1753617297391,11:54:57.391,blofin,ACT/USDT:USDT,0.04605,1486.0,0.04601,2607.0,0.04607,429.0,0.04608,7.0
1753617297648,11:54:57.648,blofin,ACT/USDT:USDT,0.04605,1486.0,0.04603,1198.0,0.04607,429.0,0.04608,7.0
1753617298651,11:54:58.651,blofin,ACT/USDT:USDT,0.04605,1485.0,0.04603,1198.0,0.04608,433.0,0.04609,225.0
1753617299151,11:54:59.151,blofin,ACT/USDT:USDT,0.04605,1485.0,0.04603,1198.0,0.04608,434.0,0.04609,225.0
1753617299652,11:54:59.652,blofin,ACT/USDT:USDT,0.04605,1485.0,0.04603,1198.0,0.04608,436.0,0.04609,1120.0
1753617300654,11:55:00.654,blofin,ACT/USDT:USDT,0.04605,1485.0,0.04603,4357.0,0.04608,436.0,0.0461,674.0
1753617301155,11:55:01.155,blofin,ACT/USDT:USDT,0.04605,1485.0,0.04603,4357.0,0.04608,434.0,0.0461,674.0
1753617301393,11:55:01.393,blofin,ACT/USDT:USDT,0.04605,1486.0,0.04603,3524.0,0.04608,436.0,0.0461,674.0
1753617302158,11:55:02.158,blofin,ACT/USDT:USDT,0.04605,1486.0,0.04604,5651.0,0.04608,435.0,0.04611,5254.0
1753617302656,11:55:02.656,blofin,ACT/USDT:USDT,0.04605,1486.0,0.04601,1174.0,0.04608,436.0,0.04609,2257.0
1753617303156,11:55:03.156,blofin,ACT/USDT:USDT,0.04605,1486.0,0.046,3894.0,0.04608,436.0,0.04609,2257.0
1753617303657,11:55:03.657,blofin,ACT/USDT:USDT,0.04605,1486.0,0.04604,6491.0,0.04608,436.0,0.04611,655.0
1753617304159,11:55:04.159,blofin,ACT/USDT:USDT,0.04605,1485.0,0.04604,6491.0,0.04608,436.0,0.04611,655.0
1753617304684,11:55:04.684,blofin,ACT/USDT:USDT,0.04605,2.0,0.04604,1491.0,0.04607,811.0,0.04608,7.0
1753617305161,11:55:05.161,blofin,ACT/USDT:USDT,0.04605,2.0,0.04603,287.0,0.04606,2073.0,0.04608,5986.0
1753617305661,11:55:05.661,blofin,ACT/USDT:USDT,0.04605,2.0,0.04603,14.0,0.04606,2610.0,0.04608,2.0
1753617306411,11:55:06.411,blofin,ACT/USDT:USDT,0.04603,17.0,0.04601,5581.0,0.04606,2613.0,0.04611,6415.0
1753617306671,11:55:06.671,blofin,ACT/USDT:USDT,0.04603,18.0,0.04601,4355.0,0.04606,2161.0,0.04611,301.0
1753617307400,11:55:07.400,blofin,ACT/USDT:USDT,0.04603,17.0,0.04602,1525.0,0.04605,2594.0,0.04606,7.0
1753617307663,11:55:07.663,blofin,ACT/USDT:USDT,0.04603,16.0,0.04602,1525.0,0.04605,2594.0,0.04606,7.0
1753617308401,11:55:08.401,blofin,ACT/USDT:USDT,0.04603,16.0,0.04602,3850.0,0.04606,2601.0,0.0461,719.0
1753617308672,11:55:08.672,blofin,ACT/USDT:USDT,0.04603,16.0,0.04602,3850.0,0.04606,2598.0,0.0461,719.0
1753617309401,11:55:09.401,blofin,ACT/USDT:USDT,0.04603,16.0,0.04601,5190.0,0.04606,2599.0,0.04607,4761.0
1753617309666,11:55:09.666,blofin,ACT/USDT:USDT,0.04603,16.0,0.04601,5190.0,0.04606,2598.0,0.04607,4761.0
1753617310402,11:55:10.402,blofin,ACT/USDT:USDT,0.04603,16.0,0.04601,5190.0,0.04606,2998.0,0.04609,68.0
1753617311041,11:55:11.041,blofin,ACT/USDT:USDT,0.04603,3.0,0.04602,354.0,0.04605,2820.0,0.04606,8001.0
1753617311401,11:55:11.401,blofin,ACT/USDT:USDT,0.04603,3.0,0.04602,353.0,0.04605,2823.0,0.04606,8000.0
1753617311668,11:55:11.668,blofin,ACT/USDT:USDT,0.04603,3.0,0.04602,412.0,0.04605,233.0,0.04606,3.0
1753617312403,11:55:12.403,blofin,ACT/USDT:USDT,0.04603,3.0,0.04602,416.0,0.04604,734.0,0.04605,3.0
1753617312668,11:55:12.668,blofin,ACT/USDT:USDT,0.04603,3.0,0.04602,416.0,0.04604,734.0,0.04605,3.0
1753617313671,11:55:13.671,blofin,ACT/USDT:USDT,0.04603,3.0,0.04602,127.0,0.04605,1141.0,0.04606,3.0
1753617314672,11:55:14.672,blofin,ACT/USDT:USDT,0.04603,3.0,0.04602,794.0,0.04605,736.0,0.04606,5139.0
1753617315404,11:55:15.404,blofin,ACT/USDT:USDT,0.04603,3.0,0.04602,797.0,0.04605,707.0,0.04606,3.0
1753617315674,11:55:15.674,blofin,ACT/USDT:USDT,0.04603,3.0,0.04602,797.0,0.04605,707.0,0.04606,3.0
1753617316405,11:55:16.405,blofin,ACT/USDT:USDT,0.04603,3.0,0.04602,795.0,0.04605,706.0,0.04606,3.0
1753617316675,11:55:16.675,blofin,ACT/USDT:USDT,0.04603,3.0,0.04602,795.0,0.04605,707.0,0.04606,1697.0
1753617317475,11:55:17.475,blofin,ACT/USDT:USDT,0.04603,3.0,0.04602,5.0,0.04605,707.0,0.04606,3.0
1753617317677,11:55:17.677,blofin,ACT/USDT:USDT,0.04601,1527.0,0.04599,2665.0,0.04603,705.0,0.04604,1205.0
1753617318407,11:55:18.407,blofin,ACT/USDT:USDT,0.04601,2247.0,0.04597,4526.0,0.04603,807.0,0.04605,2.0
1753617318679,11:55:18.679,blofin,ACT/USDT:USDT,0.04601,2247.0,0.046,7011.0,0.04603,807.0,0.04605,2.0
1753617319411,11:55:19.411,blofin,ACT/USDT:USDT,0.04601,2215.0,0.046,7011.0,0.04603,807.0,0.04604,7069.0
1753617320024,11:55:20.024,blofin,ACT/USDT:USDT,0.04601,1499.0,0.046,7727.0,0.04603,2.0,0.04604,807.0
1753617320680,11:55:20.680,blofin,ACT/USDT:USDT,0.04601,1494.0,0.046,392.0,0.04602,1759.0,0.04603,2.0
1753617321682,11:55:21.682,blofin,ACT/USDT:USDT,0.04599,971.0,0.04596,1070.0,0.04601,897.0,0.04605,4479.0
1753617322409,11:55:22.409,blofin,ACT/USDT:USDT,0.04599,971.0,0.04596,1070.0,0.04601,897.0,0.04606,5893.0
1753617322686,11:55:22.686,blofin,ACT/USDT:USDT,0.04599,971.0,0.04596,1070.0,0.04601,895.0,0.04606,5893.0
1753617323685,11:55:23.685,blofin,ACT/USDT:USDT,0.04599,1106.0,0.04596,1070.0,0.04601,927.0,0.04604,274.0
1753617324690,11:55:24.690,blofin,ACT/USDT:USDT,0.046,592.0,0.04599,4.0,0.04601,3.0,0.04602,986.0
1753617325413,11:55:25.413,blofin,ACT/USDT:USDT,0.046,1115.0,0.04598,12997.0,0.04601,3.0,0.04603,658.0
1753617325687,11:55:25.687,blofin,ACT/USDT:USDT,0.046,1115.0,0.04598,4520.0,0.04601,3.0,0.04603,658.0
1753617326413,11:55:26.413,blofin,ACT/USDT:USDT,0.046,1115.0,0.04598,4520.0,0.04603,661.0,0.04606,3852.0
1753617326688,11:55:26.688,blofin,ACT/USDT:USDT,0.046,10.0,0.04599,9149.0,0.04603,663.0,0.04605,3870.0
1753617327689,11:55:27.689,blofin,ACT/USDT:USDT,0.046,1.0,0.04599,9.0,0.04601,682.0,0.04602,2332.0
1753617328190,11:55:28.190,blofin,ACT/USDT:USDT,0.046,1.0,0.04599,9.0,0.04601,679.0,0.04602,2332.0
1753617328693,11:55:28.693,blofin,ACT/USDT:USDT,0.04599,959.0,0.04597,1287.0,0.04601,2.0,0.04602,364.0
1753617329193,11:55:29.193,blofin,ACT/USDT:USDT,0.04599,963.0,0.04597,1287.0,0.04601,2.0,0.04602,364.0
1753617329693,11:55:29.693,blofin,ACT/USDT:USDT,0.04599,959.0,0.04596,9810.0,0.04601,2.0,0.04602,364.0
1753617330194,11:55:30.194,blofin,ACT/USDT:USDT,0.04599,959.0,0.04596,9810.0,0.04602,369.0,0.04606,1934.0
1753617330701,11:55:30.701,blofin,ACT/USDT:USDT,0.04599,709.0,0.04596,9810.0,0.04602,96.0,0.04605,1194.0
1753617331196,11:55:31.196,blofin,ACT/USDT:USDT,0.04599,709.0,0.04596,9810.0,0.04602,97.0,0.04605,1194.0
1753617331698,11:55:31.698,blofin,ACT/USDT:USDT,0.04599,525.0,0.04596,3104.0,0.04602,1590.0,0.04603,3020.0
1753617332197,11:55:32.197,blofin,ACT/USDT:USDT,0.04599,525.0,0.04597,7015.0,0.04602,1590.0,0.04603,3020.0
1753617332698,11:55:32.698,blofin,ACT/USDT:USDT,0.04599,395.0,0.04597,7015.0,0.04602,1590.0,0.04603,6491.0
1753617333417,11:55:33.417,blofin,ACT/USDT:USDT,0.04599,119.0,0.04597,7015.0,0.04601,1587.0,0.04602,2.0
1753617334417,11:55:34.417,blofin,ACT/USDT:USDT,0.04596,2038.0,0.04595,3293.0,0.04599,1283.0,0.04601,4884.0
1753617334700,11:55:34.700,blofin,ACT/USDT:USDT,0.04596,2038.0,0.04595,3293.0,0.04599,1286.0,0.04601,4884.0
1753617335419,11:55:35.419,blofin,ACT/USDT:USDT,0.04596,2038.0,0.04595,3293.0,0.04598,1321.0,0.04599,1224.0
1753617336202,11:55:36.202,blofin,ACT/USDT:USDT,0.04596,2038.0,0.04595,3293.0,0.04598,1321.0,0.04599,1224.0
1753617336704,11:55:36.704,blofin,ACT/USDT:USDT,0.04596,974.0,0.04593,8969.0,0.04598,5.0,0.04599,1373.0
1753617337419,11:55:37.419,blofin,ACT/USDT:USDT,0.04596,973.0,0.04593,7185.0,0.04598,5.0,0.04599,1401.0
1753617337707,11:55:37.707,blofin,ACT/USDT:USDT,0.04596,971.0,0.04593,7185.0,0.04598,5.0,0.04599,1401.0
1753617338439,11:55:38.439,blofin,ACT/USDT:USDT,0.04596,1028.0,0.04593,7185.0,0.04598,358.0,0.046,4729.0
1753617339422,11:55:39.422,blofin,ACT/USDT:USDT,0.04596,1028.0,0.04593,4722.0,0.04598,5.0,0.04599,353.0
1753617339713,11:55:39.713,blofin,ACT/USDT:USDT,0.04596,1030.0,0.04593,4722.0,0.04598,5.0,0.04599,353.0
1753617340424,11:55:40.424,blofin,ACT/USDT:USDT,0.04596,1030.0,0.04593,4722.0,0.04598,5.0,0.04599,382.0
1753617340710,11:55:40.710,blofin,ACT/USDT:USDT,0.04596,1030.0,0.04592,7869.0,0.04598,5.0,0.04599,382.0
1753617341421,11:55:41.421,blofin,ACT/USDT:USDT,0.04596,1030.0,0.04592,7869.0,0.04598,2.0,0.04599,384.0
1753617341711,11:55:41.711,blofin,ACT/USDT:USDT,0.04596,1030.0,0.04594,1056.0,0.04598,2.0,0.04599,358.0
1753617342425,11:55:42.425,blofin,ACT/USDT:USDT,0.04596,1030.0,0.04595,3395.0,0.04598,2.0,0.04599,355.0
1753617343424,11:55:43.424,blofin,ACT/USDT:USDT,0.04596,1028.0,0.04592,6894.0,0.04598,355.0,0.04599,6074.0
1753617343716,11:55:43.716,blofin,ACT/USDT:USDT,0.04596,1027.0,0.04592,6894.0,0.04598,355.0,0.04599,6074.0
1753617344429,11:55:44.429,blofin,ACT/USDT:USDT,0.04596,971.0,0.04594,5460.0,0.04598,6.0,0.04599,353.0
1753617344717,11:55:44.717,blofin,ACT/USDT:USDT,0.04596,970.0,0.04594,5460.0,0.04598,6.0,0.04599,353.0
1753617345718,11:55:45.718,blofin,ACT/USDT:USDT,0.04596,974.0,0.04595,4789.0,0.04598,6.0,0.04599,273.0
1753617346221,11:55:46.221,blofin,ACT/USDT:USDT,0.04596,974.0,0.04595,4789.0,0.04598,2.0,0.04599,278.0
1753617346684,11:55:46.684,blofin,ACT/USDT:USDT,0.04596,999.0,0.04594,4396.0,0.04598,2.0,0.04599,4.0
1753617347498,11:55:47.498,blofin,ACT/USDT:USDT,0.04597,792.0,0.04596,6.0,0.04598,2.0,0.046,4.0
1753617347721,11:55:47.721,blofin,ACT/USDT:USDT,0.04598,792.0,0.04596,6.0,0.046,4.0,0.04601,423.0
1753617348427,11:55:48.427,blofin,ACT/USDT:USDT,0.04598,1174.0,0.04596,6.0,0.046,4.0,0.04601,730.0
1753617348723,11:55:48.723,blofin,ACT/USDT:USDT,0.04598,1175.0,0.04596,1.0,0.046,4.0,0.04601,730.0
1753617349725,11:55:49.725,blofin,ACT/USDT:USDT,0.04598,1175.0,0.04597,3746.0,0.04601,734.0,0.04602,6290.0
1753617350223,11:55:50.223,blofin,ACT/USDT:USDT,0.04598,1175.0,0.04597,3746.0,0.04601,732.0,0.04602,6290.0
1753617350723,11:55:50.723,blofin,ACT/USDT:USDT,0.04598,1296.0,0.04596,1.0,0.046,730.0,0.04601,2.0
1753617351225,11:55:51.225,blofin,ACT/USDT:USDT,0.04598,1296.0,0.04596,1.0,0.046,730.0,0.04601,2.0
1753617351725,11:55:51.725,blofin,ACT/USDT:USDT,0.04598,1116.0,0.04596,4385.0,0.046,4.0,0.04601,739.0
1753617352430,11:55:52.430,blofin,ACT/USDT:USDT,0.04598,1117.0,0.04596,6293.0,0.046,4.0,0.04601,739.0
1753617352728,11:55:52.728,blofin,ACT/USDT:USDT,0.04598,1115.0,0.04596,6293.0,0.046,4.0,0.04601,739.0
1753617353429,11:55:53.429,blofin,ACT/USDT:USDT,0.04598,1115.0,0.04596,4385.0,0.046,739.0,0.04601,3.0
1753617354230,11:55:54.230,blofin,ACT/USDT:USDT,0.04598,1115.0,0.04596,4385.0,0.046,744.0,0.04602,6290.0
1753617354730,11:55:54.730,blofin,ACT/USDT:USDT,0.04598,1113.0,0.04596,4385.0,0.046,5.0,0.04601,739.0
1753617355233,11:55:55.233,blofin,ACT/USDT:USDT,0.04598,1113.0,0.04596,5913.0,0.046,5.0,0.04601,739.0
1753617355733,11:55:55.733,blofin,ACT/USDT:USDT,0.04598,2421.0,0.04596,5913.0,0.04601,740.0,0.04602,6290.0
1753617356431,11:55:56.431,blofin,ACT/USDT:USDT,0.04598,2423.0,0.04596,1.0,0.04601,741.0,0.04602,6290.0
1753617356735,11:55:56.735,blofin,ACT/USDT:USDT,0.04598,2423.0,0.04597,3951.0,0.04601,741.0,0.04602,12753.0
1753617357433,11:55:57.433,blofin,ACT/USDT:USDT,0.04598,2423.0,0.04596,1.0,0.04601,741.0,0.04602,6290.0
1753617358237,11:55:58.237,blofin,ACT/USDT:USDT,0.04598,2424.0,0.04596,1.0,0.04601,741.0,0.04602,6290.0
1753617358740,11:55:58.740,blofin,ACT/USDT:USDT,0.04598,2424.0,0.04596,1.0,0.046,741.0,0.04602,6290.0
1753617359436,11:55:59.436,blofin,ACT/USDT:USDT,0.04598,2424.0,0.04597,4756.0,0.046,4.0,0.04601,739.0
1753617359740,11:55:59.740,blofin,ACT/USDT:USDT,0.04598,2423.0,0.04597,4756.0,0.046,4.0,0.04601,739.0
1753617360436,11:56:00.436,blofin,ACT/USDT:USDT,0.04598,2423.0,0.04596,3034.0,0.046,739.0,0.04601,1.0
1753617360742,11:56:00.742,blofin,ACT/USDT:USDT,0.04598,2422.0,0.04596,3034.0,0.046,739.0,0.04601,1.0
1753617361742,11:56:01.742,blofin,ACT/USDT:USDT,0.04598,1754.0,0.04596,6807.0,0.046,5.0,0.04601,739.0
1753617362244,11:56:02.244,blofin,ACT/USDT:USDT,0.04598,1754.0,0.04596,6807.0,0.04601,743.0,0.04602,6290.0
1753617362744,11:56:02.744,blofin,ACT/USDT:USDT,0.04598,1754.0,0.04597,6876.0,0.046,389.0,0.04601,4.0
1753617363439,11:56:03.439,blofin,ACT/USDT:USDT,0.04598,1754.0,0.04596,6807.0,0.04601,403.0,0.04602,6290.0
1753617363746,11:56:03.746,blofin,ACT/USDT:USDT,0.04598,1751.0,0.04596,6807.0,0.04601,403.0,0.04602,6290.0
1753617364518,11:56:04.518,blofin,ACT/USDT:USDT,0.04598,1753.0,0.04596,6807.0,0.04601,403.0,0.04602,6290.0
1753617364747,11:56:04.747,blofin,ACT/USDT:USDT,0.04598,1753.0,0.04596,6807.0,0.04601,404.0,0.04602,6290.0
1753617365439,11:56:05.439,blofin,ACT/USDT:USDT,0.04598,1754.0,0.04596,6807.0,0.04601,5.0,0.04602,6896.0
1753617365748,11:56:05.748,blofin,ACT/USDT:USDT,0.04598,1752.0,0.04596,6807.0,0.04601,5.0,0.04602,6896.0
1753617366451,11:56:06.451,blofin,ACT/USDT:USDT,0.04598,1756.0,0.04596,6806.0,0.04601,5.0,0.04602,611.0
1753617366750,11:56:06.750,blofin,ACT/USDT:USDT,0.04598,1754.0,0.04597,1514.0,0.04602,622.0,0.04605,273.0
1753617367442,11:56:07.442,blofin,ACT/USDT:USDT,0.04598,1661.0,0.04597,1514.0,0.04601,639.0,0.04602,6.0
1753617368252,11:56:08.252,blofin,ACT/USDT:USDT,0.04598,1660.0,0.04597,1514.0,0.04601,639.0,0.04602,6.0
1753617368752,11:56:08.752,blofin,ACT/USDT:USDT,0.04598,1660.0,0.04597,1514.0,0.04601,733.0,0.04602,6.0
1753617369253,11:56:09.253,blofin,ACT/USDT:USDT,0.04598,1660.0,0.04597,1514.0,0.04601,737.0,0.04602,5.0
1753617369754,11:56:09.754,blofin,ACT/USDT:USDT,0.04598,1660.0,0.04594,2702.0,0.04601,822.0,0.04602,3770.0
1753617370446,11:56:10.446,blofin,ACT/USDT:USDT,0.04598,1790.0,0.04594,8438.0,0.04601,89.0,0.04602,5.0
1753617370755,11:56:10.755,blofin,ACT/USDT:USDT,0.04598,1790.0,0.04594,8438.0,0.04601,87.0,0.04602,5.0
1753617371443,11:56:11.443,blofin,ACT/USDT:USDT,0.04598,1791.0,0.04594,8438.0,0.04601,88.0,0.04602,5.0
1753617371756,11:56:11.756,blofin,ACT/USDT:USDT,0.04598,1791.0,0.04595,8069.0,0.04601,108.0,0.04602,5.0
1753617372444,11:56:12.444,blofin,ACT/USDT:USDT,0.04598,1791.0,0.04596,4079.0,0.04601,109.0,0.04602,5.0
1753617372758,11:56:12.758,blofin,ACT/USDT:USDT,0.04598,1792.0,0.04596,4079.0,0.04601,109.0,0.04602,5.0
1753617373445,11:56:13.445,blofin,ACT/USDT:USDT,0.04598,1792.0,0.04595,5703.0,0.04601,109.0,0.04602,5.0
1753617374263,11:56:14.263,blofin,ACT/USDT:USDT,0.04598,1791.0,0.04595,5703.0,0.04601,109.0,0.04602,5.0
1753617374760,11:56:14.760,blofin,ACT/USDT:USDT,0.04598,1788.0,0.04595,7328.0,0.046,105.0,0.04601,4.0
1753617375261,11:56:15.261,blofin,ACT/USDT:USDT,0.04598,1791.0,0.04595,7328.0,0.046,105.0,0.04601,4.0
1753617375762,11:56:15.762,blofin,ACT/USDT:USDT,0.04598,1793.0,0.04596,5662.0,0.046,23.0,0.04602,5.0
1753617376262,11:56:16.262,blofin,ACT/USDT:USDT,0.04598,1793.0,0.04596,5662.0,0.046,23.0,0.04602,5.0
1753617376761,11:56:16.761,blofin,ACT/USDT:USDT,0.04598,1794.0,0.04594,104.0,0.046,2.0,0.04602,154.0
1753617377449,11:56:17.449,blofin,ACT/USDT:USDT,0.04598,1794.0,0.04594,104.0,0.04602,626.0,0.04606,14090.0
1753617377765,11:56:17.765,blofin,ACT/USDT:USDT,0.04598,1792.0,0.04594,104.0,0.04602,626.0,0.04606,14090.0
1753617378276,11:56:18.276,blofin,ACT/USDT:USDT,0.04598,1790.0,0.04594,104.0,0.04602,626.0,0.04606,14090.0
1753617378767,11:56:18.767,blofin,ACT/USDT:USDT,0.04599,1654.0,0.04598,4.0,0.04602,625.0,0.04603,4387.0
1753617379451,11:56:19.451,blofin,ACT/USDT:USDT,0.04599,688.0,0.04598,3.0,0.04601,616.0,0.04602,9.0
1753617380268,11:56:20.268,blofin,ACT/USDT:USDT,0.04599,688.0,0.04598,3.0,0.04601,616.0,0.04602,9.0
1753617380771,11:56:20.771,blofin,ACT/USDT:USDT,0.04599,688.0,0.04598,3.0,0.04602,633.0,0.04603,1569.0
1753617381451,11:56:21.451,blofin,ACT/USDT:USDT,0.04599,690.0,0.04598,3.0,0.04602,632.0,0.04603,1569.0
1753617381774,11:56:21.774,blofin,ACT/USDT:USDT,0.04599,690.0,0.04598,2187.0,0.04601,625.0,0.04602,7.0
1753617382452,11:56:22.452,blofin,ACT/USDT:USDT,0.04599,32.0,0.04598,6412.0,0.04602,632.0,0.04603,8147.0
1753617382775,11:56:22.775,blofin,ACT/USDT:USDT,0.04599,32.0,0.04598,3.0,0.04602,632.0,0.04603,8147.0
1753617383777,11:56:23.777,blofin,ACT/USDT:USDT,0.04599,29.0,0.04598,3.0,0.04602,623.0,0.04605,5404.0
1753617384277,11:56:24.277,blofin,ACT/USDT:USDT,0.04599,29.0,0.04598,3.0,0.04602,625.0,0.04605,5404.0
1753617384777,11:56:24.777,blofin,ACT/USDT:USDT,0.04599,29.0,0.04598,3.0,0.04602,625.0,0.04605,5404.0
1753617385455,11:56:25.455,blofin,ACT/USDT:USDT,0.04599,29.0,0.04598,3.0,0.04602,626.0,0.04605,5404.0
1753617385777,11:56:25.777,blofin,ACT/USDT:USDT,0.04599,31.0,0.04598,3.0,0.04602,626.0,0.04605,5404.0
1753617386778,11:56:26.778,blofin,ACT/USDT:USDT,0.04599,31.0,0.04598,2128.0,0.04602,623.0,0.04603,1584.0
1753617387780,11:56:27.780,blofin,ACT/USDT:USDT,0.04599,31.0,0.04598,3.0,0.04602,623.0,0.04605,6220.0
1753617388281,11:56:28.281,blofin,ACT/USDT:USDT,0.04599,32.0,0.04598,3.0,0.04602,623.0,0.04605,6220.0
1753617388782,11:56:28.782,blofin,ACT/USDT:USDT,0.04599,33.0,0.04598,3.0,0.04602,623.0,0.04603,3307.0
1753617389785,11:56:29.785,blofin,ACT/USDT:USDT,0.04599,33.0,0.04598,3.0,0.04602,625.0,0.04605,561.0
1753617390784,11:56:30.784,blofin,ACT/USDT:USDT,0.04599,33.0,0.04598,3.0,0.04602,1430.0,0.04605,2332.0
1753617391459,11:56:31.459,blofin,ACT/USDT:USDT,0.04599,30.0,0.04598,2244.0,0.04602,1431.0,0.04605,2332.0
1753617391786,11:56:31.786,blofin,ACT/USDT:USDT,0.04599,29.0,0.04598,2244.0,0.04601,1387.0,0.04602,9.0
1753617392460,11:56:32.460,blofin,ACT/USDT:USDT,0.04599,29.0,0.04598,2244.0,0.04601,2.0,0.04602,1653.0
1753617392787,11:56:32.787,blofin,ACT/USDT:USDT,0.04599,29.0,0.04598,689.0,0.04601,2.0,0.04602,1653.0
1753617393461,11:56:33.461,blofin,ACT/USDT:USDT,0.04599,31.0,0.04598,689.0,0.04601,2.0,0.04602,1662.0
1753617394165,11:56:34.165,blofin,ACT/USDT:USDT,0.04596,759.0,0.04594,4796.0,0.04598,3.0,0.04599,2304.0
1753617394461,11:56:34.461,blofin,ACT/USDT:USDT,0.04596,1082.0,0.04595,7845.0,0.04598,3.0,0.04599,738.0
1753617394790,11:56:34.790,blofin,ACT/USDT:USDT,0.04596,1082.0,0.04595,7845.0,0.04599,739.0,0.04602,6318.0
1753617395463,11:56:35.463,blofin,ACT/USDT:USDT,0.04596,1212.0,0.04594,9468.0,0.04599,739.0,0.04602,6713.0
1753617395792,11:56:35.792,blofin,ACT/USDT:USDT,0.04596,1212.0,0.04594,9468.0,0.04599,740.0,0.04602,6713.0
1753617396474,11:56:36.474,blofin,ACT/USDT:USDT,0.04596,1216.0,0.04594,9364.0,0.04599,745.0,0.04602,6708.0
1753617397308,11:56:37.308,blofin,ACT/USDT:USDT,0.04596,4.0,0.04595,555.0,0.04597,761.0,0.04599,10.0
1753617397795,11:56:37.795,blofin,ACT/USDT:USDT,0.04596,4.0,0.04595,173.0,0.04598,968.0,0.04599,10.0
1753617398295,11:56:38.295,blofin,ACT/USDT:USDT,0.04596,4.0,0.04595,171.0,0.04598,968.0,0.04599,10.0
1753617398797,11:56:38.797,blofin,ACT/USDT:USDT,0.04596,4.0,0.04595,171.0,0.04597,1318.0,0.04599,5.0
1753617399296,11:56:39.296,blofin,ACT/USDT:USDT,0.04596,4.0,0.04595,172.0,0.04597,1318.0,0.04599,5.0
1753617399800,11:56:39.800,blofin,ACT/USDT:USDT,0.04596,4.0,0.04595,40.0,0.04597,1417.0,0.04598,6122.0
1753617400299,11:56:40.299,blofin,ACT/USDT:USDT,0.04596,4.0,0.04595,40.0,0.04597,1417.0,0.04598,6122.0
1753617400801,11:56:40.801,blofin,ACT/USDT:USDT,0.04596,4.0,0.04595,40.0,0.04598,1803.0,0.04599,5.0
1753617401465,11:56:41.465,blofin,ACT/USDT:USDT,0.04596,4.0,0.04595,39.0,0.04598,1802.0,0.04599,5.0
1753617401801,11:56:41.801,blofin,ACT/USDT:USDT,0.04596,4.0,0.04595,39.0,0.04597,1414.0,0.04598,1995.0
1753617402468,11:56:42.468,blofin,ACT/USDT:USDT,0.04596,4.0,0.04595,1006.0,0.04597,5.0,0.04598,548.0
1753617402804,11:56:42.804,blofin,ACT/USDT:USDT,0.04596,4.0,0.04595,1009.0,0.04597,5.0,0.04598,548.0
1753617403806,11:56:43.806,blofin,ACT/USDT:USDT,0.04596,4.0,0.04595,1163.0,0.04597,5.0,0.04598,548.0
1753617404306,11:56:44.306,blofin,ACT/USDT:USDT,0.04596,4.0,0.04595,1165.0,0.04597,5.0,0.04598,548.0
1753617404807,11:56:44.807,blofin,ACT/USDT:USDT,0.04596,4.0,0.04595,1165.0,0.04597,5.0,0.04598,548.0
1753617405308,11:56:45.308,blofin,ACT/USDT:USDT,0.04596,4.0,0.04595,1165.0,0.04598,551.0,0.04599,5.0
1753617405810,11:56:45.810,blofin,ACT/USDT:USDT,0.04596,4.0,0.04595,826.0,0.04598,510.0,0.04599,5.0
1753617406467,11:56:46.467,blofin,ACT/USDT:USDT,0.04596,4.0,0.04595,827.0,0.04598,511.0,0.04599,5.0
1753617406811,11:56:46.811,blofin,ACT/USDT:USDT,0.04596,4.0,0.04595,174.0,0.04598,511.0,0.04599,5.0
1753617407469,11:56:47.469,blofin,ACT/USDT:USDT,0.04596,4.0,0.04595,174.0,0.04597,507.0,0.04598,4.0
1753617407813,11:56:47.813,blofin,ACT/USDT:USDT,0.04596,4.0,0.04595,174.0,0.04597,509.0,0.04599,5.0
1753617408473,11:56:48.473,blofin,ACT/USDT:USDT,0.04596,4.0,0.04595,42.0,0.04597,2.0,0.04598,507.0
1753617408816,11:56:48.816,blofin,ACT/USDT:USDT,0.04596,4.0,0.04595,42.0,0.04597,2.0,0.04598,507.0
1753617409473,11:56:49.473,blofin,ACT/USDT:USDT,0.04596,4.0,0.04595,42.0,0.04597,2.0,0.04598,507.0
1753617409819,11:56:49.819,blofin,ACT/USDT:USDT,0.04596,4.0,0.04595,42.0,0.04597,2.0,0.04598,507.0
1753617410472,11:56:50.472,blofin,ACT/USDT:USDT,0.04596,4.0,0.04595,42.0,0.04597,2.0,0.04598,518.0
1753617411472,11:56:51.472,blofin,ACT/USDT:USDT,0.04596,4.0,0.04595,39.0,0.04598,521.0,0.04599,5.0
1753617411818,11:56:51.818,blofin,ACT/USDT:USDT,0.04596,4.0,0.04595,39.0,0.04598,521.0,0.04599,5.0
1753617412474,11:56:52.474,blofin,ACT/USDT:USDT,0.04596,4.0,0.04595,41.0,0.04598,521.0,0.04599,5.0
1753617412821,11:56:52.821,blofin,ACT/USDT:USDT,0.04596,4.0,0.04595,41.0,0.04598,521.0,0.04599,5.0
1753617413475,11:56:53.475,blofin,ACT/USDT:USDT,0.04596,4.0,0.04595,41.0,0.04598,521.0,0.04599,5.0
1753617413823,11:56:53.823,blofin,ACT/USDT:USDT,0.04596,4.0,0.04595,41.0,0.04598,521.0,0.04599,5.0
1753617414476,11:56:54.476,blofin,ACT/USDT:USDT,0.04596,4.0,0.04595,43.0,0.04598,2162.0,0.04599,2714.0
1753617414824,11:56:54.824,blofin,ACT/USDT:USDT,0.04596,4.0,0.04595,40.0,0.04598,2162.0,0.04599,2714.0
1753617415474,11:56:55.474,blofin,ACT/USDT:USDT,0.04596,4.0,0.04595,41.0,0.04598,2162.0,0.04599,5.0
1753617415827,11:56:55.827,blofin,ACT/USDT:USDT,0.04596,4.0,0.04595,41.0,0.04598,2161.0,0.04599,5.0
1753617416476,11:56:56.476,blofin,ACT/USDT:USDT,0.04596,4.0,0.04595,40.0,0.04598,2161.0,0.04599,5.0
1753617416826,11:56:56.826,blofin,ACT/USDT:USDT,0.04596,4.0,0.04595,40.0,0.04597,2159.0,0.04598,4769.0
1753617417480,11:56:57.480,blofin,ACT/USDT:USDT,0.04596,4.0,0.04595,40.0,0.04598,2161.0,0.04599,5.0
1753617417829,11:56:57.829,blofin,ACT/USDT:USDT,0.04596,4.0,0.04595,40.0,0.04598,2164.0,0.04599,5.0
1753617418621,11:56:58.621,blofin,ACT/USDT:USDT,0.04596,4.0,0.04595,2.0,0.04597,2159.0,0.04598,5.0
1753617418886,11:56:58.886,blofin,ACT/USDT:USDT,0.04593,754.0,0.04591,7722.0,0.04596,1214.0,0.04597,2.0
1753617419478,11:56:59.478,blofin,ACT/USDT:USDT,0.04594,795.0,0.0459,7679.0,0.04596,219.0,0.04597,1.0
1753617419831,11:56:59.831,blofin,ACT/USDT:USDT,0.04594,795.0,0.0459,7679.0,0.04596,219.0,0.04597,1.0
1753617420478,11:57:00.478,blofin,ACT/USDT:USDT,0.04594,796.0,0.04591,4745.0,0.04597,220.0,0.04599,5.0
1753617421478,11:57:01.478,blofin,ACT/USDT:USDT,0.04594,799.0,0.04591,4745.0,0.04597,224.0,0.04599,5.0
1753617421834,11:57:01.834,blofin,ACT/USDT:USDT,0.04594,799.0,0.04593,1829.0,0.04597,224.0,0.04598,1747.0
1753617422836,11:57:02.836,blofin,ACT/USDT:USDT,0.04595,1579.0,0.04593,3825.0,0.04597,82.0,0.04599,5.0
1753617423335,11:57:03.335,blofin,ACT/USDT:USDT,0.04596,1576.0,0.04595,3.0,0.04597,5.0,0.04599,82.0
1753617423836,11:57:03.836,blofin,ACT/USDT:USDT,0.04596,856.0,0.04595,3.0,0.04597,5.0,0.04598,356.0
1753617424337,11:57:04.337,blofin,ACT/USDT:USDT,0.04596,856.0,0.04595,3.0,0.04597,5.0,0.04598,356.0
1753617424838,11:57:04.838,blofin,ACT/USDT:USDT,0.04596,856.0,0.04595,591.0,0.04597,5.0,0.04599,370.0
1753617425340,11:57:05.340,blofin,ACT/USDT:USDT,0.04596,861.0,0.04595,588.0,0.04597,5.0,0.04599,370.0
1753617425840,11:57:05.840,blofin,ACT/USDT:USDT,0.04596,861.0,0.04592,2723.0,0.04597,5.0,0.04598,299.0
1753617426493,11:57:06.493,blofin,ACT/USDT:USDT,0.04596,864.0,0.04595,5932.0,0.04597,5.0,0.04598,300.0
1753617426841,11:57:06.841,blofin,ACT/USDT:USDT,0.04596,863.0,0.04594,4000.0,0.04598,1.0,0.04599,304.0
1753617427486,11:57:07.486,blofin,ACT/USDT:USDT,0.04596,863.0,0.04595,4972.0,0.04598,1.0,0.04599,25.0
1753617427843,11:57:07.843,blofin,ACT/USDT:USDT,0.04596,863.0,0.04595,4972.0,0.04598,1.0,0.04599,25.0
1753617428488,11:57:08.488,blofin,ACT/USDT:USDT,0.04596,863.0,0.04595,5651.0,0.04598,1.0,0.04599,36.0
1753617429483,11:57:09.483,blofin,ACT/USDT:USDT,0.04596,863.0,0.04591,9082.0,0.04598,1.0,0.04599,77.0
1753617429845,11:57:09.845,blofin,ACT/USDT:USDT,0.04596,863.0,0.04591,9082.0,0.04598,1.0,0.04599,77.0
1753617430346,11:57:10.346,blofin,ACT/USDT:USDT,0.04596,863.0,0.04591,9082.0,0.04598,1.0,0.04599,78.0
1753617430847,11:57:10.847,blofin,ACT/USDT:USDT,0.04596,863.0,0.04595,4412.0,0.04598,1.0,0.04599,78.0
1753617431347,11:57:11.347,blofin,ACT/USDT:USDT,0.04596,862.0,0.04595,4412.0,0.04598,1.0,0.04599,78.0
1753617431848,11:57:11.848,blofin,ACT/USDT:USDT,0.04596,864.0,0.04592,6321.0,0.04598,79.0,0.04599,70.0
1753617432350,11:57:12.350,blofin,ACT/USDT:USDT,0.04596,862.0,0.04592,6321.0,0.04598,79.0,0.04599,70.0
1753617432850,11:57:12.850,blofin,ACT/USDT:USDT,0.04596,860.0,0.04593,1793.0,0.04598,79.0,0.04599,3027.0
1753617433351,11:57:13.351,blofin,ACT/USDT:USDT,0.04596,860.0,0.04593,1793.0,0.04598,77.0,0.04599,3027.0
1753617433850,11:57:13.850,blofin,ACT/USDT:USDT,0.04597,861.0,0.04596,3.0,0.04598,3.0,0.046,97.0
1753617434852,11:57:14.852,blofin,ACT/USDT:USDT,0.04597,23.0,0.04596,3.0,0.04598,1.0,0.046,1157.0
1753617435859,11:57:15.859,blofin,ACT/USDT:USDT,0.04597,1.0,0.04596,3.0,0.04598,1.0,0.04599,1791.0
1753617436353,11:57:16.353,blofin,ACT/USDT:USDT,0.04596,3.0,0.04594,761.0,0.04597,2285.0,0.04598,3208.0
1753617436857,11:57:16.857,blofin,ACT/USDT:USDT,0.04596,3.0,0.04594,984.0,0.04597,1.0,0.04598,1742.0
1753617437855,11:57:17.855,blofin,ACT/USDT:USDT,0.04596,3.0,0.04594,985.0,0.04597,1394.0,0.04598,4036.0
1753617438492,11:57:18.492,blofin,ACT/USDT:USDT,0.04596,3.0,0.04595,674.0,0.04597,734.0,0.04598,1.0
1753617439491,11:57:19.491,blofin,ACT/USDT:USDT,0.04596,437.0,0.04594,2.0,0.04597,5.0,0.04598,1.0
1753617440493,11:57:20.493,blofin,ACT/USDT:USDT,0.04596,3.0,0.04595,982.0,0.04598,1027.0,0.04599,1.0
1753617440981,11:57:20.981,blofin,ACT/USDT:USDT,0.04596,985.0,0.04594,2.0,0.04598,3.0,0.04599,1026.0
1753617441622,11:57:21.622,blofin,ACT/USDT:USDT,0.04597,674.0,0.04596,6.0,0.04598,1.0,0.046,5792.0
1753617442169,11:57:22.169,blofin,ACT/USDT:USDT,0.04597,773.0,0.04596,6.0,0.04598,1.0,0.046,3.0
1753617442494,11:57:22.494,blofin,ACT/USDT:USDT,0.04598,979.0,0.04597,3067.0,0.04601,1147.0,0.04602,3814.0
1753617443361,11:57:23.361,blofin,ACT/USDT:USDT,0.04598,979.0,0.04597,3067.0,0.04601,1147.0,0.04602,3814.0
1753617443860,11:57:23.860,blofin,ACT/USDT:USDT,0.04598,984.0,0.04596,5666.0,0.04601,161.0,0.04604,7691.0
1753617444863,11:57:24.863,blofin,ACT/USDT:USDT,0.04598,1052.0,0.04596,3.0,0.04601,171.0,0.04604,7129.0
1753617445363,11:57:25.363,blofin,ACT/USDT:USDT,0.04598,1050.0,0.04596,3.0,0.04601,171.0,0.04604,7129.0
1753617445830,11:57:25.830,blofin,ACT/USDT:USDT,0.04598,3.0,0.04597,19.0,0.046,3776.0,0.04601,5750.0
1753617446498,11:57:26.498,blofin,ACT/USDT:USDT,0.04597,22.0,0.04596,3.0,0.046,3780.0,0.04601,5746.0
1753617446868,11:57:26.868,blofin,ACT/USDT:USDT,0.04597,364.0,0.04596,3.0,0.04599,671.0,0.04602,2625.0
1753617447500,11:57:27.500,blofin,ACT/USDT:USDT,0.04597,364.0,0.04596,4560.0,0.04599,3.0,0.046,668.0
1753617447868,11:57:27.868,blofin,ACT/USDT:USDT,0.04597,364.0,0.04596,4560.0,0.046,671.0,0.04604,7569.0
1753617448500,11:57:28.500,blofin,ACT/USDT:USDT,0.04597,364.0,0.04596,3.0,0.04599,668.0,0.046,5912.0
1753617448871,11:57:28.871,blofin,ACT/USDT:USDT,0.04597,366.0,0.04596,3.0,0.04599,668.0,0.046,5912.0
1753617449502,11:57:29.502,blofin,ACT/USDT:USDT,0.04597,366.0,0.04596,3.0,0.04599,673.0,0.04603,5984.0
1753617450505,11:57:30.505,blofin,ACT/USDT:USDT,0.04597,366.0,0.04596,3.0,0.04599,5.0,0.046,668.0
1753617450882,11:57:30.882,blofin,ACT/USDT:USDT,0.04597,366.0,0.04596,3.0,0.046,669.0,0.04601,3028.0
1753617451503,11:57:31.503,blofin,ACT/USDT:USDT,0.04597,364.0,0.04596,3.0,0.046,669.0,0.04601,3028.0
1753617451875,11:57:31.875,blofin,ACT/USDT:USDT,0.04597,362.0,0.04596,8537.0,0.04599,668.0,0.046,1.0
1753617452503,11:57:32.503,blofin,ACT/USDT:USDT,0.04597,384.0,0.04596,3.0,0.046,669.0,0.04605,7357.0
1753617453505,11:57:33.505,blofin,ACT/USDT:USDT,0.04597,384.0,0.04596,3.0,0.04599,668.0,0.046,5.0
1753617453878,11:57:33.878,blofin,ACT/USDT:USDT,0.04597,384.0,0.04596,3.0,0.04599,671.0,0.04602,2660.0
1753617454881,11:57:34.881,blofin,ACT/USDT:USDT,0.04597,43.0,0.04596,6465.0,0.04599,3.0,0.046,1133.0
1753617455378,11:57:35.378,blofin,ACT/USDT:USDT,0.04597,43.0,0.04596,7802.0,0.04599,3.0,0.046,1133.0
1753617455878,11:57:35.878,blofin,ACT/USDT:USDT,0.04597,44.0,0.04596,7802.0,0.04599,3.0,0.046,1133.0
1753617456379,11:57:36.379,blofin,ACT/USDT:USDT,0.04597,44.0,0.04596,7802.0,0.04599,3.0,0.046,1133.0
1753617456881,11:57:36.881,blofin,ACT/USDT:USDT,0.04597,49.0,0.04595,3796.0,0.046,1140.0,0.04604,5171.0
1753617457507,11:57:37.507,blofin,ACT/USDT:USDT,0.04597,27.0,0.04596,2196.0,0.04599,1133.0,0.046,6.0
1753617457881,11:57:37.881,blofin,ACT/USDT:USDT,0.04597,25.0,0.04596,2196.0,0.04599,1133.0,0.046,6.0
1753617458513,11:57:38.513,blofin,ACT/USDT:USDT,0.04597,25.0,0.04594,6407.0,0.04599,1133.0,0.046,6.0
1753617458883,11:57:38.883,blofin,ACT/USDT:USDT,0.04597,26.0,0.04594,6407.0,0.04599,1133.0,0.046,6.0
1753617459509,11:57:39.509,blofin,ACT/USDT:USDT,0.04597,26.0,0.04595,11086.0,0.046,1139.0,0.04604,1165.0
1753617460386,11:57:40.386,blofin,ACT/USDT:USDT,0.04597,23.0,0.04595,11086.0,0.046,1139.0,0.04604,1165.0
1753617460886,11:57:40.886,blofin,ACT/USDT:USDT,0.04597,48.0,0.04595,7572.0,0.046,1139.0,0.04604,7728.0
1753617461387,11:57:41.387,blofin,ACT/USDT:USDT,0.04597,48.0,0.04596,1890.0,0.046,1139.0,0.04604,7728.0
1753617461889,11:57:41.889,blofin,ACT/USDT:USDT,0.04597,48.0,0.04594,9544.0,0.046,1141.0,0.04601,3509.0
1753617462509,11:57:42.509,blofin,ACT/USDT:USDT,0.04598,1103.0,0.04597,3.0,0.046,8.0,0.04601,9.0
1753617462899,11:57:42.899,blofin,ACT/USDT:USDT,0.04598,1103.0,0.04597,5611.0,0.046,8.0,0.04601,9.0
1753617463512,11:57:43.512,blofin,ACT/USDT:USDT,0.04598,1085.0,0.04597,5611.0,0.046,8.0,0.04601,9.0
1753617464010,11:57:44.010,blofin,ACT/USDT:USDT,0.04598,2.0,0.04597,8.0,0.046,1129.0,0.04604,5707.0
1753617464511,11:57:44.511,blofin,ACT/USDT:USDT,0.04597,1000.0,0.04595,7603.0,0.046,2020.0,0.04603,1460.0
1753617464895,11:57:44.895,blofin,ACT/USDT:USDT,0.04597,1000.0,0.04595,7603.0,0.046,2019.0,0.04603,1460.0
1753617465654,11:57:45.654,blofin,ACT/USDT:USDT,0.04598,993.0,0.04597,7.0,0.046,1128.0,0.04602,3029.0
1753617465893,11:57:45.893,blofin,ACT/USDT:USDT,0.04598,998.0,0.04597,3.0,0.046,1128.0,0.04602,3029.0
1753617466898,11:57:46.898,blofin,ACT/USDT:USDT,0.04598,663.0,0.04597,3.0,0.046,32.0,0.04604,2987.0
1753617467372,11:57:47.372,blofin,ACT/USDT:USDT,0.04598,4.0,0.04597,662.0,0.046,7.0,0.04601,9.0
1753617467899,11:57:47.899,blofin,ACT/USDT:USDT,0.04597,1423.0,0.04596,14682.0,0.046,5.0,0.04601,1151.0
1753617468401,11:57:48.401,blofin,ACT/USDT:USDT,0.04597,1423.0,0.04596,5774.0,0.046,5.0,0.04601,1151.0
1753617468898,11:57:48.898,blofin,ACT/USDT:USDT,0.04597,997.0,0.04596,1321.0,0.046,5.0,0.04601,1154.0
1753617469515,11:57:49.515,blofin,ACT/USDT:USDT,0.04597,1043.0,0.04596,4885.0,0.046,5.0,0.04601,1163.0
1753617469900,11:57:49.900,blofin,ACT/USDT:USDT,0.04597,1043.0,0.04596,4885.0,0.046,5.0,0.04601,1163.0
1753617470514,11:57:50.514,blofin,ACT/USDT:USDT,0.04598,9.0,0.04597,6887.0,0.046,1165.0,0.04601,3.0
1753617470903,11:57:50.903,blofin,ACT/USDT:USDT,0.04598,9.0,0.04597,6887.0,0.046,1168.0,0.04602,8240.0
1753617471514,11:57:51.514,blofin,ACT/USDT:USDT,0.04598,10.0,0.04597,16684.0,0.046,1170.0,0.04602,8240.0
1753617471903,11:57:51.903,blofin,ACT/USDT:USDT,0.04598,60.0,0.04597,15411.0,0.046,10.0,0.04601,1160.0
1753617472515,11:57:52.515,blofin,ACT/USDT:USDT,0.04598,59.0,0.04597,12312.0,0.046,10.0,0.04601,1160.0
1753617472904,11:57:52.904,blofin,ACT/USDT:USDT,0.04598,59.0,0.04597,12312.0,0.046,5.0,0.04601,1162.0
1753617473404,11:57:53.404,blofin,ACT/USDT:USDT,0.04598,59.0,0.04597,12312.0,0.046,5.0,0.04601,1162.0
1753617473516,11:57:53.516,blofin,ACT/USDT:USDT,0.04598,59.0,0.04597,9801.0,0.046,1607.0,0.04601,7631.0
1753617473905,11:57:53.905,blofin,ACT/USDT:USDT,0.04598,59.0,0.04597,9801.0,0.046,1612.0,0.04601,7629.0
1753617474519,11:57:54.519,blofin,ACT/USDT:USDT,0.04598,59.0,0.04597,9801.0,0.046,10.0,0.04601,1775.0
1753617474909,11:57:54.909,blofin,ACT/USDT:USDT,0.04598,59.0,0.04597,9801.0,0.046,5.0,0.04601,1780.0
1753617475521,11:57:55.521,blofin,ACT/USDT:USDT,0.04598,60.0,0.04597,11205.0,0.046,5.0,0.04601,1780.0
1753617476412,11:57:56.412,blofin,ACT/USDT:USDT,0.04598,60.0,0.04597,11205.0,0.046,5.0,0.04601,1777.0
1753617476912,11:57:56.912,blofin,ACT/USDT:USDT,0.04598,60.0,0.04597,5539.0,0.046,5.0,0.04601,1776.0
1753617477413,11:57:57.413,blofin,ACT/USDT:USDT,0.04598,60.0,0.04597,9792.0,0.046,5.0,0.04601,1776.0
1753617477913,11:57:57.913,blofin,ACT/USDT:USDT,0.04598,60.0,0.04597,4256.0,0.046,1794.0,0.04604,7445.0
1753617478417,11:57:58.417,blofin,ACT/USDT:USDT,0.04598,60.0,0.04597,4256.0,0.046,1793.0,0.04604,7445.0
1753617478916,11:57:58.916,blofin,ACT/USDT:USDT,0.04598,705.0,0.04597,3.0,0.046,8.0,0.04601,660.0
1753617479522,11:57:59.522,blofin,ACT/USDT:USDT,0.04598,705.0,0.04597,3.0,0.046,652.0,0.04605,11334.0
1753617479918,11:57:59.918,blofin,ACT/USDT:USDT,0.04598,705.0,0.04597,7358.0,0.046,652.0,0.04605,11334.0
1753617480525,11:58:00.525,blofin,ACT/USDT:USDT,0.04598,705.0,0.04597,5698.0,0.046,8.0,0.04601,654.0
1753617480922,11:58:00.922,blofin,ACT/USDT:USDT,0.04598,705.0,0.04597,13671.0,0.046,8.0,0.04601,654.0
1753617481523,11:58:01.523,blofin,ACT/USDT:USDT,0.04598,702.0,0.04597,5698.0,0.046,5.0,0.04601,659.0
1753617481922,11:58:01.922,blofin,ACT/USDT:USDT,0.04598,702.0,0.04597,3.0,0.046,5.0,0.04601,722.0
1753617482523,11:58:02.523,blofin,ACT/USDT:USDT,0.04598,702.0,0.04597,3.0,0.046,722.0,0.04601,2.0
1753617483423,11:58:03.423,blofin,ACT/USDT:USDT,0.04598,701.0,0.04597,6501.0,0.046,722.0,0.04601,2.0
1753617483923,11:58:03.923,blofin,ACT/USDT:USDT,0.04598,701.0,0.04597,6501.0,0.046,5.0,0.04601,722.0
1753617484526,11:58:04.526,blofin,ACT/USDT:USDT,0.04598,701.0,0.04597,3.0,0.046,722.0,0.04601,5.0
1753617484925,11:58:04.925,blofin,ACT/USDT:USDT,0.04598,701.0,0.04597,3.0,0.046,725.0,0.04602,6316.0
1753617485526,11:58:05.526,blofin,ACT/USDT:USDT,0.04598,701.0,0.04597,5825.0,0.046,715.0,0.04604,8676.0
1753617486538,11:58:06.538,blofin,ACT/USDT:USDT,0.04598,706.0,0.04597,5822.0,0.046,712.0,0.04604,8676.0
1753617486931,11:58:06.931,blofin,ACT/USDT:USDT,0.04598,707.0,0.04593,20407.0,0.046,6.0,0.04601,718.0
1753617487527,11:58:07.527,blofin,ACT/USDT:USDT,0.04598,697.0,0.04596,1801.0,0.046,6.0,0.04601,932.0
1753617487930,11:58:07.930,blofin,ACT/USDT:USDT,0.04598,697.0,0.04596,1801.0,0.046,6.0,0.04601,932.0
1753617488529,11:58:08.529,blofin,ACT/USDT:USDT,0.04598,697.0,0.04594,4800.0,0.046,868.0,0.04601,3.0
1753617489434,11:58:09.434,blofin,ACT/USDT:USDT,0.04598,699.0,0.04594,4800.0,0.046,868.0,0.04601,3.0
1753617489931,11:58:09.931,blofin,ACT/USDT:USDT,0.04598,699.0,0.04595,2557.0,0.046,2.0,0.04601,919.0
1753617490529,11:58:10.529,blofin,ACT/USDT:USDT,0.04598,699.0,0.04596,1446.0,0.046,868.0,0.04601,2387.0
1753617490934,11:58:10.934,blofin,ACT/USDT:USDT,0.04598,699.0,0.04596,1446.0,0.046,872.0,0.04601,2384.0
1753617491695,11:58:11.695,blofin,ACT/USDT:USDT,0.04598,700.0,0.04596,650.0,0.046,6.0,0.04603,932.0
1753617491936,11:58:11.936,blofin,ACT/USDT:USDT,0.04599,691.0,0.04598,9.0,0.046,2.0,0.04603,933.0
1753617492533,11:58:12.533,blofin,ACT/USDT:USDT,0.04599,1191.0,0.04598,5.0,0.046,2.0,0.04603,2018.0
1753617493533,11:58:13.533,blofin,ACT/USDT:USDT,0.04599,1191.0,0.04598,5.0,0.046,2.0,0.04602,735.0
1753617493936,11:58:13.936,blofin,ACT/USDT:USDT,0.04599,1191.0,0.04598,1144.0,0.046,2.0,0.04602,735.0
1753617494533,11:58:14.533,blofin,ACT/USDT:USDT,0.04599,1191.0,0.04598,1144.0,0.046,2.0,0.04602,737.0
1753617495026,11:58:15.026,blofin,ACT/USDT:USDT,0.04599,3.0,0.04598,2313.0,0.046,2.0,0.04602,2628.0
1753617495938,11:58:15.938,blofin,ACT/USDT:USDT,0.04598,2177.0,0.04594,4071.0,0.046,2.0,0.04601,859.0
1753617496438,11:58:16.438,blofin,ACT/USDT:USDT,0.04598,2178.0,0.04594,4071.0,0.046,2.0,0.04601,859.0
1753617496941,11:58:16.941,blofin,ACT/USDT:USDT,0.04598,992.0,0.04597,1809.0,0.046,2.0,0.04601,907.0
1753617497442,11:58:17.442,blofin,ACT/USDT:USDT,0.04598,993.0,0.04597,1809.0,0.046,2.0,0.04601,907.0
1753617497941,11:58:17.941,blofin,ACT/USDT:USDT,0.04598,5.0,0.04597,2821.0,0.046,2.0,0.04601,907.0
1753617498447,11:58:18.447,blofin,ACT/USDT:USDT,0.04598,5.0,0.04597,1012.0,0.046,2.0,0.04601,907.0
1753617498944,11:58:18.944,blofin,ACT/USDT:USDT,0.04598,5.0,0.04597,1028.0,0.046,2.0,0.04601,1.0
1753617499538,11:58:19.538,blofin,ACT/USDT:USDT,0.04598,5.0,0.04597,1028.0,0.046,2.0,0.04601,1.0
1753617499943,11:58:19.943,blofin,ACT/USDT:USDT,0.04598,5.0,0.04597,1028.0,0.046,2.0,0.04601,1.0
1753617500536,11:58:20.536,blofin,ACT/USDT:USDT,0.04598,5.0,0.04597,347.0,0.046,7.0,0.04601,1220.0
1753617500944,11:58:20.944,blofin,ACT/USDT:USDT,0.04598,5.0,0.04597,346.0,0.046,7.0,0.04601,1220.0
1753617501538,11:58:21.538,blofin,ACT/USDT:USDT,0.04598,5.0,0.04597,347.0,0.046,2.0,0.04601,1223.0
1753617502540,11:58:22.540,blofin,ACT/USDT:USDT,0.04598,5.0,0.04597,347.0,0.046,2.0,0.04601,1646.0
1753617502923,11:58:22.923,blofin,ACT/USDT:USDT,0.04598,5.0,0.04597,4.0,0.046,1645.0,0.04601,3.0
1753617503538,11:58:23.538,blofin,ACT/USDT:USDT,0.04598,5.0,0.04597,4.0,0.04599,3.0,0.046,1655.0
1753617503952,11:58:23.952,blofin,ACT/USDT:USDT,0.04598,5.0,0.04596,416.0,0.04599,3.0,0.046,1655.0
1753617504542,11:58:24.542,blofin,ACT/USDT:USDT,0.04598,5.0,0.04596,336.0,0.04599,1642.0,0.046,3.0
1753617504955,11:58:24.955,blofin,ACT/USDT:USDT,0.04598,5.0,0.04596,336.0,0.04599,1645.0,0.046,2.0
1753617505955,11:58:25.955,blofin,ACT/USDT:USDT,0.04598,5.0,0.04596,338.0,0.04599,3.0,0.046,1644.0
1753617506542,11:58:26.542,blofin,ACT/USDT:USDT,0.04598,5.0,0.04596,336.0,0.046,1649.0,0.04601,159.0
1753617506955,11:58:26.955,blofin,ACT/USDT:USDT,0.04598,5.0,0.04596,983.0,0.046,827.0,0.04602,5249.0
1753617507543,11:58:27.543,blofin,ACT/USDT:USDT,0.04598,5.0,0.04596,983.0,0.046,824.0,0.04603,4725.0
1753617507959,11:58:27.959,blofin,ACT/USDT:USDT,0.04598,5.0,0.04596,983.0,0.046,827.0,0.04603,4725.0
1753617508542,11:58:28.542,blofin,ACT/USDT:USDT,0.04598,5.0,0.04596,983.0,0.046,827.0,0.04603,8188.0
1753617508958,11:58:28.958,blofin,ACT/USDT:USDT,0.04598,5.0,0.04596,986.0,0.046,827.0,0.04603,8188.0
1753617509543,11:58:29.543,blofin,ACT/USDT:USDT,0.04598,5.0,0.04596,986.0,0.046,827.0,0.04605,8160.0
1753617509959,11:58:29.959,blofin,ACT/USDT:USDT,0.04598,5.0,0.04596,986.0,0.046,823.0,0.04605,8160.0
1753617510547,11:58:30.547,blofin,ACT/USDT:USDT,0.04598,5.0,0.04596,986.0,0.04599,820.0,0.046,5.0
1753617510959,11:58:30.959,blofin,ACT/USDT:USDT,0.04598,5.0,0.04596,986.0,0.04599,824.0,0.046,2.0
1753617511544,11:58:31.544,blofin,ACT/USDT:USDT,0.04598,5.0,0.04597,983.0,0.046,826.0,0.04605,1452.0
1753617512254,11:58:32.254,blofin,ACT/USDT:USDT,0.04598,672.0,0.04597,5.0,0.046,6.0,0.04601,144.0
1753617512546,11:58:32.546,blofin,ACT/USDT:USDT,0.04598,938.0,0.04597,5.0,0.046,2.0,0.04601,15.0
1753617513126,11:58:33.126,blofin,ACT/USDT:USDT,0.04598,5.0,0.04597,26.0,0.046,2.0,0.04601,834.0
1753617513547,11:58:33.547,blofin,ACT/USDT:USDT,0.04598,5.0,0.04597,969.0,0.046,2.0,0.04601,937.0
1753617513964,11:58:33.964,blofin,ACT/USDT:USDT,0.04598,5.0,0.04597,969.0,0.046,2.0,0.04601,937.0
1753617514549,11:58:34.549,blofin,ACT/USDT:USDT,0.04598,5.0,0.04597,966.0,0.046,2.0,0.04601,937.0
1753617514967,11:58:34.967,blofin,ACT/USDT:USDT,0.04598,5.0,0.04597,968.0,0.046,2.0,0.04601,937.0
1753617515550,11:58:35.550,blofin,ACT/USDT:USDT,0.04598,5.0,0.04597,969.0,0.046,2.0,0.04601,937.0
1753617516564,11:58:36.564,blofin,ACT/USDT:USDT,0.04597,972.0,0.04596,14960.0,0.04601,942.0,0.04606,13856.0
1753617516969,11:58:36.969,blofin,ACT/USDT:USDT,0.04597,970.0,0.04594,4906.0,0.04601,939.0,0.04603,9931.0
1753617517561,11:58:37.561,blofin,ACT/USDT:USDT,0.04597,328.0,0.04594,4906.0,0.046,1746.0,0.04601,7.0
1753617517971,11:58:37.971,blofin,ACT/USDT:USDT,0.04597,324.0,0.04594,4906.0,0.046,1746.0,0.04601,7.0
1753617518979,11:58:38.979,blofin,ACT/USDT:USDT,0.04597,974.0,0.04596,5777.0,0.04601,1408.0,0.04605,4501.0
1753617519975,11:58:39.975,blofin,ACT/USDT:USDT,0.04597,974.0,0.04592,18446.0,0.046,1398.0,0.04601,10.0
1753617520553,11:58:40.553,blofin,ACT/USDT:USDT,0.04597,974.0,0.04596,3002.0,0.046,182.0,0.04601,10.0
1753617520976,11:58:40.976,blofin,ACT/USDT:USDT,0.04597,974.0,0.04596,3002.0,0.046,182.0,0.04601,10.0
1753617521555,11:58:41.555,blofin,ACT/USDT:USDT,0.04597,977.0,0.04593,1861.0,0.046,186.0,0.04601,5.0
1753617521978,11:58:41.978,blofin,ACT/USDT:USDT,0.04597,977.0,0.04595,9270.0,0.046,186.0,0.04601,5.0
1753617522563,11:58:42.563,blofin,ACT/USDT:USDT,0.04597,977.0,0.04595,7258.0,0.04599,192.0,0.046,4.0
1753617522979,11:58:42.979,blofin,ACT/USDT:USDT,0.04597,977.0,0.04595,7258.0,0.04599,197.0,0.04601,5.0
1753617523559,11:58:43.559,blofin,ACT/USDT:USDT,0.04597,977.0,0.04594,1808.0,0.04599,679.0,0.04601,5.0
1753617523981,11:58:43.981,blofin,ACT/USDT:USDT,0.04597,974.0,0.04594,1808.0,0.04599,679.0,0.04601,5.0
1753617524558,11:58:44.558,blofin,ACT/USDT:USDT,0.04597,974.0,0.04594,389.0,0.04599,5.0,0.046,674.0
1753617524982,11:58:44.982,blofin,ACT/USDT:USDT,0.04597,978.0,0.04594,389.0,0.04599,5.0,0.046,674.0
1753617525557,11:58:45.557,blofin,ACT/USDT:USDT,0.04597,978.0,0.04594,2298.0,0.04599,679.0,0.04601,5.0
1753617526986,11:58:46.986,blofin,ACT/USDT:USDT,0.04597,974.0,0.04594,5501.0,0.04599,676.0,0.046,7490.0
1753617527487,11:58:47.487,blofin,ACT/USDT:USDT,0.04597,974.0,0.04596,8635.0,0.04599,676.0,0.046,7490.0
1753617527987,11:58:47.987,blofin,ACT/USDT:USDT,0.04597,974.0,0.04596,8635.0,0.046,695.0,0.04601,5.0
1753617528562,11:58:48.562,blofin,ACT/USDT:USDT,0.04597,974.0,0.04596,8635.0,0.046,698.0,0.04601,5.0
1753617529560,11:58:49.560,blofin,ACT/USDT:USDT,0.04597,974.0,0.04594,2676.0,0.046,698.0,0.04601,5.0
1753617529990,11:58:49.990,blofin,ACT/USDT:USDT,0.04597,974.0,0.04594,2676.0,0.046,697.0,0.04601,5.0
1753617530489,11:58:50.489,blofin,ACT/USDT:USDT,0.04597,974.0,0.04594,2676.0,0.046,694.0,0.04601,5.0
1753617530562,11:58:50.562,blofin,ACT/USDT:USDT,0.04597,974.0,0.04596,6735.0,0.04599,702.0,0.046,3240.0
1753617530990,11:58:50.990,blofin,ACT/USDT:USDT,0.04597,978.0,0.04596,6735.0,0.04599,702.0,0.046,3240.0
1753617531992,11:58:51.992,blofin,ACT/USDT:USDT,0.04597,977.0,0.04596,1683.0,0.04599,706.0,0.04601,5.0
1753617532569,11:58:52.569,blofin,ACT/USDT:USDT,0.04597,977.0,0.04594,5032.0,0.04599,4.0,0.046,817.0
1753617533563,11:58:53.563,blofin,ACT/USDT:USDT,0.04597,985.0,0.04592,21713.0,0.04599,821.0,0.046,7749.0
1753617534116,11:58:54.116,blofin,ACT/USDT:USDT,0.04593,977.0,0.04592,19653.0,0.04596,817.0,0.04599,5.0
1753617534564,11:58:54.564,blofin,ACT/USDT:USDT,0.04593,1301.0,0.04592,19653.0,0.04596,8057.0,0.04598,1651.0
1753617534997,11:58:54.997,blofin,ACT/USDT:USDT,0.04593,1303.0,0.04592,19653.0,0.04596,8057.0,0.04598,1651.0
1753617535565,11:58:55.565,blofin,ACT/USDT:USDT,0.04593,1433.0,0.04592,19653.0,0.04596,8057.0,0.04599,2773.0
1753617535997,11:58:55.997,blofin,ACT/USDT:USDT,0.04593,1433.0,0.04592,19653.0,0.04596,8059.0,0.04599,2773.0
1753617536566,11:58:56.566,blofin,ACT/USDT:USDT,0.04593,1434.0,0.04592,10923.0,0.04596,8058.0,0.04599,781.0
1753617537002,11:58:57.002,blofin,ACT/USDT:USDT,0.04593,1436.0,0.04592,10923.0,0.04596,8058.0,0.046,709.0
1753617537567,11:58:57.567,blofin,ACT/USDT:USDT,0.04593,1036.0,0.04592,13593.0,0.04596,8102.0,0.04599,6557.0
1753617538000,11:58:58.000,blofin,ACT/USDT:USDT,0.04593,1032.0,0.04592,13593.0,0.04596,8102.0,0.04599,6557.0
1753617538568,11:58:58.568,blofin,ACT/USDT:USDT,0.04593,1032.0,0.04592,13593.0,0.04596,8102.0,0.04598,5262.0
1753617539505,11:58:59.505,blofin,ACT/USDT:USDT,0.04593,1033.0,0.04592,13593.0,0.04596,8102.0,0.04598,5262.0
1753617540003,11:59:00.003,blofin,ACT/USDT:USDT,0.04593,1032.0,0.04592,13593.0,0.04596,8102.0,0.04598,3093.0
1753617540568,11:59:00.568,blofin,ACT/USDT:USDT,0.04596,551.0,0.04593,1.0,0.04599,973.0,0.046,207.0
1753617541005,11:59:01.005,blofin,ACT/USDT:USDT,0.04596,555.0,0.04592,17402.0,0.04599,973.0,0.046,207.0
1753617541569,11:59:01.569,blofin,ACT/USDT:USDT,0.04596,556.0,0.04592,14732.0,0.04599,977.0,0.046,207.0
1753617542007,11:59:02.007,blofin,ACT/USDT:USDT,0.04596,201.0,0.04592,15675.0,0.04598,974.0,0.04601,5.0
1753617542571,11:59:02.571,blofin,ACT/USDT:USDT,0.04596,201.0,0.04592,10923.0,0.04598,2.0,0.04599,973.0
1753617543009,11:59:03.009,blofin,ACT/USDT:USDT,0.04596,201.0,0.04592,10923.0,0.04599,977.0,0.046,5318.0
1753617543572,11:59:03.572,blofin,ACT/USDT:USDT,0.04596,201.0,0.04592,12626.0,0.04599,975.0,0.04601,5.0
1753617544008,11:59:04.008,blofin,ACT/USDT:USDT,0.04596,201.0,0.04592,12626.0,0.04599,975.0,0.04601,5.0
1753617544571,11:59:04.571,blofin,ACT/USDT:USDT,0.04596,201.0,0.04593,5467.0,0.04599,977.0,0.046,4550.0
1753617545010,11:59:05.010,blofin,ACT/USDT:USDT,0.04596,201.0,0.04593,5467.0,0.04599,978.0,0.046,4550.0
1753617545511,11:59:05.511,blofin,ACT/USDT:USDT,0.04596,200.0,0.04593,5467.0,0.04599,978.0,0.046,4550.0
1753617546011,11:59:06.011,blofin,ACT/USDT:USDT,0.04596,200.0,0.04594,5443.0,0.04598,973.0,0.04599,5.0
1753617546582,11:59:06.582,blofin,ACT/USDT:USDT,0.04596,460.0,0.04595,3039.0,0.04598,5.0,0.04599,973.0
1753617547014,11:59:07.014,blofin,ACT/USDT:USDT,0.04596,463.0,0.04595,3039.0,0.04598,5.0,0.04599,975.0
1753617547575,11:59:07.575,blofin,ACT/USDT:USDT,0.04596,463.0,0.04595,961.0,0.04598,2856.0,0.04599,5.0
1753617548014,11:59:08.014,blofin,ACT/USDT:USDT,0.04596,462.0,0.04595,961.0,0.04598,2856.0,0.04599,5.0
1753617548579,11:59:08.579,blofin,ACT/USDT:USDT,0.04596,202.0,0.04593,5521.0,0.04598,5.0,0.04599,2856.0
1753617549337,11:59:09.337,blofin,ACT/USDT:USDT,0.04597,196.0,0.04596,6.0,0.04598,5.0,0.04599,4.0
1753617549578,11:59:09.578,blofin,ACT/USDT:USDT,0.04597,294.0,0.04596,2404.0,0.04598,5.0,0.046,833.0
1753617550016,11:59:10.016,blofin,ACT/USDT:USDT,0.04597,299.0,0.04596,2403.0,0.04598,5.0,0.046,833.0
1753617550577,11:59:10.577,blofin,ACT/USDT:USDT,0.04597,319.0,0.04596,5.0,0.04598,5.0,0.046,863.0
1753617551017,11:59:11.017,blofin,ACT/USDT:USDT,0.04597,321.0,0.04596,5.0,0.04598,5.0,0.046,863.0
1753617551580,11:59:11.580,blofin,ACT/USDT:USDT,0.04597,321.0,0.04596,5.0,0.04598,5.0,0.046,863.0
1753617552019,11:59:12.019,blofin,ACT/USDT:USDT,0.04597,321.0,0.04596,5.0,0.04598,5.0,0.046,864.0
1753617552579,11:59:12.579,blofin,ACT/USDT:USDT,0.04597,321.0,0.04596,5.0,0.04598,5.0,0.046,866.0
1753617553022,11:59:13.022,blofin,ACT/USDT:USDT,0.04597,321.0,0.04596,5.0,0.04598,5.0,0.046,866.0
1753617553579,11:59:13.579,blofin,ACT/USDT:USDT,0.04597,321.0,0.04596,4562.0,0.04598,5.0,0.046,836.0
1753617554023,11:59:14.023,blofin,ACT/USDT:USDT,0.04597,321.0,0.04596,4562.0,0.04598,5.0,0.046,836.0
1753617554580,11:59:14.580,blofin,ACT/USDT:USDT,0.04597,321.0,0.04596,5.0,0.04598,5.0,0.046,836.0
1753617555025,11:59:15.025,blofin,ACT/USDT:USDT,0.04597,318.0,0.04596,5.0,0.04598,5.0,0.046,836.0
1753617555580,11:59:15.580,blofin,ACT/USDT:USDT,0.04597,318.0,0.04596,5.0,0.04598,5.0,0.046,824.0
1753617556025,11:59:16.025,blofin,ACT/USDT:USDT,0.04597,320.0,0.04596,5.0,0.04598,5.0,0.046,824.0
1753617556581,11:59:16.581,blofin,ACT/USDT:USDT,0.04597,318.0,0.04596,5.0,0.04598,5.0,0.046,824.0
1753617557026,11:59:17.026,blofin,ACT/USDT:USDT,0.04597,318.0,0.04596,5.0,0.04598,5.0,0.046,825.0
1753617557581,11:59:17.581,blofin,ACT/USDT:USDT,0.04598,873.0,0.04597,10534.0,0.046,4.0,0.04601,67.0
1753617558581,11:59:18.581,blofin,ACT/USDT:USDT,0.04599,487.0,0.04597,10532.0,0.04601,555.0,0.04604,5100.0
1753617559532,11:59:19.532,blofin,ACT/USDT:USDT,0.04598,364.0,0.04597,10532.0,0.04601,555.0,0.04602,494.0
1753617560032,11:59:20.032,blofin,ACT/USDT:USDT,0.04598,696.0,0.04597,10532.0,0.04601,4.0,0.04602,587.0
1753617560533,11:59:20.533,blofin,ACT/USDT:USDT,0.04598,696.0,0.04596,5.0,0.04601,4.0,0.04602,587.0
1753617561034,11:59:21.034,blofin,ACT/USDT:USDT,0.04598,384.0,0.04597,4443.0,0.04601,4.0,0.04602,587.0
1753617561536,11:59:21.536,blofin,ACT/USDT:USDT,0.04598,384.0,0.04597,4443.0,0.04602,592.0,0.04603,6652.0
1753617562036,11:59:22.036,blofin,ACT/USDT:USDT,0.04598,383.0,0.04596,5.0,0.04602,589.0,0.04605,1227.0
1753617562539,11:59:22.539,blofin,ACT/USDT:USDT,0.04598,385.0,0.04596,5.0,0.04602,589.0,0.04605,1227.0
1753617563038,11:59:23.038,blofin,ACT/USDT:USDT,0.04598,385.0,0.04597,2065.0,0.04602,939.0,0.04603,3522.0
1753617564040,11:59:24.040,blofin,ACT/USDT:USDT,0.04598,1057.0,0.04596,4662.0,0.04601,577.0,0.04605,1227.0
1753617564545,11:59:24.545,blofin,ACT/USDT:USDT,0.04598,1057.0,0.04596,4662.0,0.04601,577.0,0.04605,1227.0
1753617565044,11:59:25.044,blofin,ACT/USDT:USDT,0.04598,1053.0,0.04596,5.0,0.04601,587.0,0.04605,1227.0
1753617565544,11:59:25.544,blofin,ACT/USDT:USDT,0.04598,1056.0,0.04596,5.0,0.04601,587.0,0.04605,1227.0
1753617566045,11:59:26.045,blofin,ACT/USDT:USDT,0.04598,1056.0,0.04596,4181.0,0.04602,586.0,0.04605,1227.0
1753617566545,11:59:26.545,blofin,ACT/USDT:USDT,0.04598,1054.0,0.04596,4181.0,0.04602,586.0,0.04605,1227.0
1753617567047,11:59:27.047,blofin,ACT/USDT:USDT,0.04598,1053.0,0.04596,1414.0,0.04601,584.0,0.04602,1.0
1753617567547,11:59:27.547,blofin,ACT/USDT:USDT,0.04598,1053.0,0.04596,1414.0,0.04601,584.0,0.04602,1.0
1753617568047,11:59:28.047,blofin,ACT/USDT:USDT,0.04598,1055.0,0.04596,5.0,0.04601,584.0,0.04602,1.0
1753617568548,11:59:28.548,blofin,ACT/USDT:USDT,0.04598,1055.0,0.04596,5.0,0.04601,584.0,0.04602,1.0
1753617569027,11:59:29.027,blofin,ACT/USDT:USDT,0.04599,1052.0,0.04598,3.0,0.04601,594.0,0.04602,1.0
1753617569550,11:59:29.550,blofin,ACT/USDT:USDT,0.04599,1054.0,0.04596,2378.0,0.04601,594.0,0.04602,1.0
1753617570050,11:59:30.050,blofin,ACT/USDT:USDT,0.04599,144.0,0.04598,455.0,0.04602,596.0,0.04604,9377.0
1753617570550,11:59:30.550,blofin,ACT/USDT:USDT,0.04599,144.0,0.04598,7058.0,0.04602,596.0,0.04604,9377.0
1753617571050,11:59:31.050,blofin,ACT/USDT:USDT,0.04599,144.0,0.04598,6603.0,0.04601,598.0,0.04602,2332.0
1753617571553,11:59:31.553,blofin,ACT/USDT:USDT,0.04599,144.0,0.04597,11297.0,0.04601,598.0,0.04602,2332.0
1753617572053,11:59:32.053,blofin,ACT/USDT:USDT,0.04599,144.0,0.04598,11987.0,0.04601,599.0,0.04603,5160.0
1753617572847,11:59:32.847,blofin,ACT/USDT:USDT,0.04599,4.0,0.04598,9708.0,0.04601,599.0,0.04603,5160.0
1753617573056,11:59:33.056,blofin,ACT/USDT:USDT,0.04599,1560.0,0.04596,2983.0,0.04601,5.0,0.04602,594.0
1753617573555,11:59:33.555,blofin,ACT/USDT:USDT,0.04599,1559.0,0.04596,2983.0,0.04601,5.0,0.04602,594.0
1753617574055,11:59:34.055,blofin,ACT/USDT:USDT,0.04599,124.0,0.04598,7254.0,0.04602,625.0,0.04603,5160.0
1753617574556,11:59:34.556,blofin,ACT/USDT:USDT,0.04599,124.0,0.04598,7254.0,0.04602,623.0,0.04603,5160.0
1753617575057,11:59:35.057,blofin,ACT/USDT:USDT,0.04599,122.0,0.04598,7749.0,0.04602,632.0,0.04603,5160.0
1753617575558,11:59:35.558,blofin,ACT/USDT:USDT,0.04599,122.0,0.04598,7749.0,0.04602,631.0,0.04603,5160.0
1753617576059,11:59:36.059,blofin,ACT/USDT:USDT,0.04599,122.0,0.04596,8348.0,0.04602,631.0,0.04603,5160.0
1753617576610,11:59:36.610,blofin,ACT/USDT:USDT,0.04599,126.0,0.04597,1941.0,0.04602,632.0,0.04603,5160.0
1753617577060,11:59:37.060,blofin,ACT/USDT:USDT,0.04599,126.0,0.04597,1941.0,0.04602,632.0,0.04605,10190.0
1753617578062,11:59:38.062,blofin,ACT/USDT:USDT,0.04599,126.0,0.04598,3460.0,0.04601,629.0,0.04602,3.0
1753617578562,11:59:38.562,blofin,ACT/USDT:USDT,0.04599,126.0,0.04598,3460.0,0.04601,632.0,0.04602,1.0
1753617579275,11:59:39.275,blofin,ACT/USDT:USDT,0.04599,5.0,0.04598,121.0,0.04602,632.0,0.04603,4681.0
1753617579564,11:59:39.564,blofin,ACT/USDT:USDT,0.04599,2.0,0.04598,125.0,0.04602,632.0,0.04603,4681.0
1753617580565,11:59:40.565,blofin,ACT/USDT:USDT,0.04599,2.0,0.04598,1051.0,0.04602,652.0,0.04603,857.0
1753617581066,11:59:41.066,blofin,ACT/USDT:USDT,0.04599,2.0,0.04598,1050.0,0.04602,652.0,0.04607,16753.0
1753617581566,11:59:41.566,blofin,ACT/USDT:USDT,0.04599,2.0,0.04598,1049.0,0.04602,652.0,0.04607,16753.0
1753617582067,11:59:42.067,blofin,ACT/USDT:USDT,0.04599,2.0,0.04598,1052.0,0.04601,650.0,0.04602,4.0
1753617582567,11:59:42.567,blofin,ACT/USDT:USDT,0.04599,2.0,0.04598,1052.0,0.04601,650.0,0.04602,4.0
1753617583069,11:59:43.069,blofin,ACT/USDT:USDT,0.04599,2.0,0.04598,659.0,0.04602,655.0,0.04603,4814.0
1753617583573,11:59:43.573,blofin,ACT/USDT:USDT,0.04599,2.0,0.04598,660.0,0.04602,655.0,0.04603,4814.0
1753617584071,11:59:44.071,blofin,ACT/USDT:USDT,0.04599,2.0,0.04598,1051.0,0.04602,655.0,0.04607,1921.0
1753617584572,11:59:44.572,blofin,ACT/USDT:USDT,0.04599,2.0,0.04598,1051.0,0.04602,655.0,0.04607,1921.0
1753617585073,11:59:45.073,blofin,ACT/USDT:USDT,0.04599,1052.0,0.04596,7676.0,0.04601,650.0,0.04602,5.0
1753617585575,11:59:45.575,blofin,ACT/USDT:USDT,0.04599,1052.0,0.04596,10019.0,0.04601,650.0,0.04602,5.0
1753617586221,11:59:46.221,blofin,ACT/USDT:USDT,0.04599,659.0,0.04598,6873.0,0.04602,5.0,0.04603,73.0
1753617586576,11:59:46.576,blofin,ACT/USDT:USDT,0.046,655.0,0.04599,4.0,0.04602,5.0,0.04603,73.0
1753617587078,11:59:47.078,blofin,ACT/USDT:USDT,0.046,307.0,0.04599,2.0,0.04602,733.0,0.04603,5.0
1753617587577,11:59:47.577,blofin,ACT/USDT:USDT,0.046,305.0,0.04599,2.0,0.04602,733.0,0.04603,5.0
1753617588078,11:59:48.078,blofin,ACT/USDT:USDT,0.046,305.0,0.04599,2.0,0.04602,1.0,0.04603,737.0
1753617588578,11:59:48.578,blofin,ACT/USDT:USDT,0.046,305.0,0.04599,2.0,0.04602,1.0,0.04603,733.0
1753617589078,11:59:49.078,blofin,ACT/USDT:USDT,0.046,305.0,0.04599,2.0,0.04602,1.0,0.04603,691.0
1753617590080,11:59:50.080,blofin,ACT/USDT:USDT,0.046,305.0,0.04599,2.0,0.04602,695.0,0.04606,1756.0
1753617590687,11:59:50.687,blofin,ACT/USDT:USDT,0.046,2.0,0.04599,1076.0,0.04602,1.0,0.04603,1421.0
1753617591081,11:59:51.081,blofin,ACT/USDT:USDT,0.046,2.0,0.04599,1076.0,0.04602,1.0,0.04603,1423.0
1753617592085,11:59:52.085,blofin,ACT/USDT:USDT,0.04599,345.0,0.04598,10192.0,0.04601,1073.0,0.04602,1.0
1753617592583,11:59:52.583,blofin,ACT/USDT:USDT,0.04599,345.0,0.04598,10192.0,0.04601,1078.0,0.04602,1.0
1753617593085,11:59:53.085,blofin,ACT/USDT:USDT,0.04599,352.0,0.04598,10192.0,0.04601,5.0,0.04602,689.0
1753617593586,11:59:53.586,blofin,ACT/USDT:USDT,0.04599,352.0,0.04598,10192.0,0.04602,692.0,0.04606,3876.0
1753617594587,11:59:54.587,blofin,ACT/USDT:USDT,0.04599,352.0,0.04596,12382.0,0.04601,692.0,0.04602,383.0
1753617595090,11:59:55.090,blofin,ACT/USDT:USDT,0.04599,352.0,0.04596,11454.0,0.04602,693.0,0.04606,4023.0
1753617596088,11:59:56.088,blofin,ACT/USDT:USDT,0.04599,14.0,0.04598,6185.0,0.04602,1041.0,0.04606,8045.0
1753617596591,11:59:56.591,blofin,ACT/USDT:USDT,0.04599,5.0,0.04598,6194.0,0.04601,1040.0,0.04602,1.0
1753617597090,11:59:57.090,blofin,ACT/USDT:USDT,0.04599,2.0,0.04598,356.0,0.04601,1.0,0.04602,689.0
1753617597592,11:59:57.592,blofin,ACT/USDT:USDT,0.04599,2.0,0.04598,359.0,0.04601,1.0,0.04602,689.0
1753617598092,11:59:58.092,blofin,ACT/USDT:USDT,0.04599,2.0,0.04598,359.0,0.04601,1.0,0.04602,689.0
1753617598592,11:59:58.592,blofin,ACT/USDT:USDT,0.04599,2.0,0.04597,339.0,0.04601,1.0,0.04602,1037.0
1753617599173,11:59:59.173,blofin,ACT/USDT:USDT,0.04599,2.0,0.04598,1349.0,0.04601,1.0,0.04602,2302.0
1753617599603,11:59:59.603,blofin,ACT/USDT:USDT,0.04599,2.0,0.04598,1349.0,0.04602,2306.0,0.04607,7254.0
1753617600094,12:00:00.094,blofin,ACT/USDT:USDT,0.04599,2.0,0.04598,300.0,0.04601,2102.0,0.04602,815.0
1753617600597,12:00:00.597,blofin,ACT/USDT:USDT,0.04599,2.0,0.04598,300.0,0.04601,2102.0,0.04602,815.0
1753617601098,12:00:01.098,blofin,ACT/USDT:USDT,0.04599,2.0,0.04598,300.0,0.04601,2102.0,0.04602,1.0
1753617601597,12:00:01.597,blofin,ACT/USDT:USDT,0.04599,2.0,0.04598,303.0,0.04601,2102.0,0.04602,1.0
1753617602099,12:00:02.099,blofin,ACT/USDT:USDT,0.04599,2.0,0.04598,305.0,0.04601,4.0,0.04602,2101.0
1753617602785,12:00:02.785,blofin,ACT/USDT:USDT,0.04599,2.0,0.04598,305.0,0.04601,1098.0,0.04602,4640.0
1753617603601,12:00:03.601,blofin,ACT/USDT:USDT,0.04599,953.0,0.04596,8939.0,0.04601,688.0,0.04602,5.0
1753617604101,12:00:04.101,blofin,ACT/USDT:USDT,0.046,648.0,0.04599,2.0,0.04602,5.0,0.04603,11.0
1753617604601,12:00:04.601,blofin,ACT/USDT:USDT,0.046,649.0,0.04599,2.0,0.04602,5.0,0.04603,11.0
1753617605103,12:00:05.103,blofin,ACT/USDT:USDT,0.046,1116.0,0.04599,2.0,0.04602,5.0,0.04603,115.0
1753617605606,12:00:05.606,blofin,ACT/USDT:USDT,0.046,1116.0,0.04599,2.0,0.04602,5.0,0.04603,115.0
1753617606104,12:00:06.104,blofin,ACT/USDT:USDT,0.046,1116.0,0.04599,2.0,0.04602,120.0,0.04606,318.0
1753617606913,12:00:06.913,blofin,ACT/USDT:USDT,0.046,651.0,0.04597,885.0,0.04602,349.0,0.04605,438.0
1753617607106,12:00:07.106,blofin,ACT/USDT:USDT,0.046,651.0,0.04597,885.0,0.04601,340.0,0.04602,7746.0
1753617607610,12:00:07.610,blofin,ACT/USDT:USDT,0.046,651.0,0.04596,7371.0,0.04601,340.0,0.04602,7746.0
1753617608107,12:00:08.107,blofin,ACT/USDT:USDT,0.046,1.0,0.04598,989.0,0.04601,165.0,0.04602,9.0
1753617609109,12:00:09.109,blofin,ACT/USDT:USDT,0.04598,987.0,0.04596,7371.0,0.046,191.0,0.04602,9.0
1753617609609,12:00:09.609,blofin,ACT/USDT:USDT,0.04598,987.0,0.04596,7371.0,0.046,194.0,0.04602,4.0
1753617611112,12:00:11.112,blofin,ACT/USDT:USDT,0.04598,988.0,0.04596,7371.0,0.046,3.0,0.04601,269.0
1753617611612,12:00:11.612,blofin,ACT/USDT:USDT,0.04598,990.0,0.04596,7371.0,0.046,3.0,0.04601,269.0
1753617612378,12:00:12.378,blofin,ACT/USDT:USDT,0.04598,990.0,0.04595,6922.0,0.046,391.0,0.04601,5.0
1753617612612,12:00:12.612,blofin,ACT/USDT:USDT,0.04598,990.0,0.04595,6922.0,0.046,395.0,0.04602,4.0
1753617613112,12:00:13.112,blofin,ACT/USDT:USDT,0.04598,4.0,0.04597,120.0,0.04599,1014.0,0.04602,4.0
1753617613614,12:00:13.614,blofin,ACT/USDT:USDT,0.04597,123.0,0.04595,11769.0,0.04599,1014.0,0.04602,4.0
1753617614116,12:00:14.116,blofin,ACT/USDT:USDT,0.04597,123.0,0.04596,5207.0,0.046,603.0,0.04602,6499.0
1753617614616,12:00:14.616,blofin,ACT/USDT:USDT,0.04597,123.0,0.04596,5207.0,0.046,602.0,0.04602,6499.0
1753617615619,12:00:15.619,blofin,ACT/USDT:USDT,0.04597,768.0,0.04596,3903.0,0.046,602.0,0.04602,4.0
1753617616325,12:00:16.325,blofin,ACT/USDT:USDT,0.04597,4.0,0.04596,644.0,0.04599,475.0,0.046,4.0
1753617616619,12:00:16.619,blofin,ACT/USDT:USDT,0.04596,1429.0,0.04595,6922.0,0.04599,475.0,0.046,4.0
1753617617120,12:00:17.120,blofin,ACT/USDT:USDT,0.04596,1012.0,0.04595,16303.0,0.04599,237.0,0.04602,4.0
1753617618622,12:00:18.622,blofin,ACT/USDT:USDT,0.04596,303.0,0.04595,16303.0,0.04599,264.0,0.04601,3276.0
1753617619122,12:00:19.122,blofin,ACT/USDT:USDT,0.04596,303.0,0.04595,6922.0,0.04599,264.0,0.04602,4.0
1753617619624,12:00:19.624,blofin,ACT/USDT:USDT,0.04596,303.0,0.04595,6922.0,0.04599,264.0,0.04602,4.0
1753617620124,12:00:20.124,blofin,ACT/USDT:USDT,0.04596,303.0,0.04595,6922.0,0.04599,265.0,0.04602,4.0
1753617620625,12:00:20.625,blofin,ACT/USDT:USDT,0.04596,433.0,0.04595,6922.0,0.04599,265.0,0.04602,4.0
1753617621126,12:00:21.126,blofin,ACT/USDT:USDT,0.04596,528.0,0.04595,7036.0,0.04599,4.0,0.046,652.0
1753617622126,12:00:22.126,blofin,ACT/USDT:USDT,0.04596,398.0,0.04595,6922.0,0.04599,1003.0,0.046,7846.0
1753617623128,12:00:23.128,blofin,ACT/USDT:USDT,0.04596,325.0,0.04595,6922.0,0.04599,3.0,0.046,794.0
1753617623628,12:00:23.628,blofin,ACT/USDT:USDT,0.04596,325.0,0.04595,6922.0,0.046,797.0,0.04601,5305.0
1753617624132,12:00:24.132,blofin,ACT/USDT:USDT,0.04596,325.0,0.04595,6922.0,0.046,1123.0,0.04602,1087.0
1753617624630,12:00:24.630,blofin,ACT/USDT:USDT,0.04596,325.0,0.04595,6922.0,0.046,1123.0,0.04602,4.0
1753617625130,12:00:25.130,blofin,ACT/USDT:USDT,0.04596,460.0,0.04595,6922.0,0.04599,773.0,0.046,2.0
1753617625780,12:00:25.780,blofin,ACT/USDT:USDT,0.04596,460.0,0.04595,6922.0,0.04599,16.0,0.04602,4.0
1753617626133,12:00:26.133,blofin,ACT/USDT:USDT,0.04597,455.0,0.04596,3388.0,0.04599,3.0,0.046,13.0
1753617626635,12:00:26.635,blofin,ACT/USDT:USDT,0.04597,459.0,0.04596,3383.0,0.04599,3.0,0.046,13.0
1753617627392,12:00:27.392,blofin,ACT/USDT:USDT,0.04597,818.0,0.04595,6922.0,0.046,3.0,0.04601,132.0
1753617628134,12:00:28.134,blofin,ACT/USDT:USDT,0.04598,1197.0,0.04596,5567.0,0.046,3.0,0.04601,764.0
1753617628691,12:00:28.691,blofin,ACT/USDT:USDT,0.04598,399.0,0.04595,6981.0,0.04601,5.0,0.04602,1921.0
1753617629138,12:00:29.138,blofin,ACT/USDT:USDT,0.04599,400.0,0.04597,314.0,0.04601,5.0,0.04602,1921.0
1753617629637,12:00:29.637,blofin,ACT/USDT:USDT,0.04599,5.0,0.04597,242.0,0.04601,736.0,0.04602,4.0
1753617630138,12:00:30.138,blofin,ACT/USDT:USDT,0.04599,5.0,0.04597,730.0,0.046,814.0,0.04602,4.0
1753617630639,12:00:30.639,blofin,ACT/USDT:USDT,0.04597,731.0,0.04596,1671.0,0.046,814.0,0.04602,4.0
1753617631141,12:00:31.141,blofin,ACT/USDT:USDT,0.04597,1048.0,0.04595,6922.0,0.046,814.0,0.04602,662.0
1753617631639,12:00:31.639,blofin,ACT/USDT:USDT,0.04597,1048.0,0.04596,8997.0,0.046,814.0,0.04602,662.0
1753617632640,12:00:32.640,blofin,ACT/USDT:USDT,0.04597,1048.0,0.04595,6922.0,0.046,2.0,0.04601,950.0
1753617633144,12:00:33.144,blofin,ACT/USDT:USDT,0.04597,1048.0,0.04595,6922.0,0.046,2.0,0.04601,950.0
1753617633641,12:00:33.641,blofin,ACT/USDT:USDT,0.04597,10.0,0.04595,6922.0,0.046,2.0,0.04601,1720.0
1753617634147,12:00:34.147,blofin,ACT/USDT:USDT,0.04597,12.0,0.04595,6922.0,0.04601,1723.0,0.04602,4.0
1753617634640,12:00:34.640,blofin,ACT/USDT:USDT,0.04597,12.0,0.04595,6922.0,0.046,905.0,0.04601,3.0
1753617635147,12:00:35.147,blofin,ACT/USDT:USDT,0.04597,12.0,0.04595,6922.0,0.046,910.0,0.04602,4.0
1753617635643,12:00:35.643,blofin,ACT/USDT:USDT,0.04597,12.0,0.04595,11173.0,0.046,2119.0,0.04601,1975.0
1753617636149,12:00:36.149,blofin,ACT/USDT:USDT,0.04597,13.0,0.04595,11173.0,0.046,2119.0,0.04601,1975.0
1753617636650,12:00:36.650,blofin,ACT/USDT:USDT,0.04597,13.0,0.04595,9108.0,0.046,2119.0,0.04602,4595.0
1753617637645,12:00:37.645,blofin,ACT/USDT:USDT,0.04597,16.0,0.04595,8392.0,0.046,2120.0,0.04602,248.0
1753617638150,12:00:38.150,blofin,ACT/USDT:USDT,0.04597,15.0,0.04595,8392.0,0.046,2120.0,0.04602,248.0
1753617638646,12:00:38.646,blofin,ACT/USDT:USDT,0.04597,15.0,0.04595,5349.0,0.04599,2114.0,0.046,6.0
1753617639152,12:00:39.152,blofin,ACT/USDT:USDT,0.04597,15.0,0.04595,7241.0,0.04599,2118.0,0.046,1.0
1753617639795,12:00:39.795,blofin,ACT/USDT:USDT,0.04597,5.0,0.04596,70.0,0.04599,4.0,0.046,402.0
1753617640161,12:00:40.161,blofin,ACT/USDT:USDT,0.04597,5.0,0.04596,72.0,0.04599,4.0,0.046,402.0
1753617640977,12:00:40.977,blofin,ACT/USDT:USDT,0.04597,5.0,0.04596,526.0,0.04599,2143.0,0.046,2.0
1753617641155,12:00:41.155,blofin,ACT/USDT:USDT,0.04597,5.0,0.04596,527.0,0.04599,2143.0,0.046,2.0
1753617641648,12:00:41.648,blofin,ACT/USDT:USDT,0.04597,5.0,0.04596,524.0,0.04599,2144.0,0.046,1.0
1753617642156,12:00:42.156,blofin,ACT/USDT:USDT,0.04597,5.0,0.04596,525.0,0.04598,140.0,0.046,1.0
1753617642649,12:00:42.649,blofin,ACT/USDT:USDT,0.04597,5.0,0.04596,551.0,0.04598,140.0,0.04599,2721.0
1753617643157,12:00:43.157,blofin,ACT/USDT:USDT,0.04597,5.0,0.04596,551.0,0.04598,139.0,0.04599,2721.0
1753617643650,12:00:43.650,blofin,ACT/USDT:USDT,0.04597,5.0,0.04596,551.0,0.04598,2.0,0.04599,137.0
1753617644651,12:00:44.651,blofin,ACT/USDT:USDT,0.04597,5.0,0.04596,551.0,0.04599,141.0,0.046,2343.0
1753617645162,12:00:45.162,blofin,ACT/USDT:USDT,0.04597,5.0,0.04596,554.0,0.04599,141.0,0.046,2343.0
1753617645651,12:00:45.651,blofin,ACT/USDT:USDT,0.04597,5.0,0.04596,552.0,0.04598,137.0,0.04599,4.0
1753617646174,12:00:46.174,blofin,ACT/USDT:USDT,0.04597,5.0,0.04596,552.0,0.04598,138.0,0.046,1.0
1753617646649,12:00:46.649,blofin,ACT/USDT:USDT,0.04597,5.0,0.04596,549.0,0.04598,139.0,0.046,1.0
1753617647166,12:00:47.166,blofin,ACT/USDT:USDT,0.04597,5.0,0.04596,549.0,0.04598,2.0,0.04599,137.0
1753617647652,12:00:47.652,blofin,ACT/USDT:USDT,0.04597,5.0,0.04596,552.0,0.04598,2.0,0.04599,137.0
1753617648168,12:00:48.168,blofin,ACT/USDT:USDT,0.04597,5.0,0.04596,552.0,0.04599,139.0,0.046,7664.0
1753617648653,12:00:48.653,blofin,ACT/USDT:USDT,0.04597,5.0,0.04596,552.0,0.04599,139.0,0.046,1.0
1753617649652,12:00:49.652,blofin,ACT/USDT:USDT,0.04597,5.0,0.04596,553.0,0.04599,139.0,0.046,5578.0
1753617650171,12:00:50.171,blofin,ACT/USDT:USDT,0.04597,5.0,0.04596,555.0,0.04599,138.0,0.046,5578.0
1753617650653,12:00:50.653,blofin,ACT/USDT:USDT,0.04597,5.0,0.04596,107.0,0.04599,804.0,0.046,100.0
1753617651170,12:00:51.170,blofin,ACT/USDT:USDT,0.04597,5.0,0.04596,107.0,0.04599,806.0,0.046,100.0
1753617651859,12:00:51.859,blofin,ACT/USDT:USDT,0.04597,5.0,0.04596,27.0,0.04599,2287.0,0.046,1.0
1753617652172,12:00:52.172,blofin,ACT/USDT:USDT,0.04597,35.0,0.04595,5349.0,0.04599,4.0,0.046,2284.0
1753617652942,12:00:52.942,blofin,ACT/USDT:USDT,0.04597,10.0,0.04596,254.0,0.04599,636.0,0.046,5767.0
1753617653172,12:00:53.172,blofin,ACT/USDT:USDT,0.04597,5.0,0.04596,259.0,0.04599,636.0,0.046,5767.0
1753617653656,12:00:53.656,blofin,ACT/USDT:USDT,0.04597,5.0,0.04596,126.0,0.04599,968.0,0.046,6.0
1753617654658,12:00:54.658,blofin,ACT/USDT:USDT,0.04597,5.0,0.04596,124.0,0.04599,968.0,0.046,2596.0
1753617655179,12:00:55.179,blofin,ACT/USDT:USDT,0.04597,5.0,0.04596,124.0,0.04599,969.0,0.046,2591.0
1753617655657,12:00:55.657,blofin,ACT/USDT:USDT,0.04597,5.0,0.04596,774.0,0.04598,71.0,0.04599,1.0
1753617656182,12:00:56.182,blofin,ACT/USDT:USDT,0.04597,5.0,0.04596,774.0,0.04598,74.0,0.046,6446.0
1753617656660,12:00:56.660,blofin,ACT/USDT:USDT,0.04597,5.0,0.04596,774.0,0.04598,75.0,0.046,6446.0
1753617657184,12:00:57.184,blofin,ACT/USDT:USDT,0.04597,5.0,0.04596,779.0,0.04599,73.0,0.046,1.0
1753617657658,12:00:57.658,blofin,ACT/USDT:USDT,0.04597,5.0,0.04596,779.0,0.04598,71.0,0.04599,2.0
1753617658184,12:00:58.184,blofin,ACT/USDT:USDT,0.04597,5.0,0.04596,778.0,0.04598,75.0,0.046,1.0
1753617658660,12:00:58.660,blofin,ACT/USDT:USDT,0.04597,5.0,0.04596,778.0,0.04598,4.0,0.04599,71.0
1753617659185,12:00:59.185,blofin,ACT/USDT:USDT,0.04597,5.0,0.04596,779.0,0.04598,4.0,0.04599,71.0
1753617659660,12:00:59.660,blofin,ACT/USDT:USDT,0.04597,5.0,0.04596,778.0,0.04598,4.0,0.04599,93.0
1753617660351,12:01:00.351,blofin,ACT/USDT:USDT,0.04597,5.0,0.04596,774.0,0.04598,4.0,0.046,637.0
1753617660903,12:01:00.903,blofin,ACT/USDT:USDT,0.04597,776.0,0.04596,3.0,0.04598,4.0,0.046,1.0
1753617661187,12:01:01.187,blofin,ACT/USDT:USDT,0.04598,771.0,0.04597,5.0,0.046,1.0,0.04601,76.0
1753617662192,12:01:02.192,blofin,ACT/USDT:USDT,0.04598,1.0,0.04597,776.0,0.046,1.0,0.04601,118.0
1753617663192,12:01:03.192,blofin,ACT/USDT:USDT,0.04598,1.0,0.04597,1419.0,0.046,1.0,0.04601,756.0
1753617663672,12:01:03.672,blofin,ACT/USDT:USDT,0.04598,1.0,0.04597,1419.0,0.046,768.0,0.04601,1.0
1753617664192,12:01:04.192,blofin,ACT/USDT:USDT,0.04597,1422.0,0.04595,14336.0,0.046,770.0,0.04603,4889.0
1753617664669,12:01:04.669,blofin,ACT/USDT:USDT,0.04597,8.0,0.04596,1007.0,0.046,3.0,0.04601,2009.0
1753617665195,12:01:05.195,blofin,ACT/USDT:USDT,0.04597,8.0,0.04596,1007.0,0.046,1.0,0.04601,2013.0
1753617665670,12:01:05.670,blofin,ACT/USDT:USDT,0.04597,8.0,0.04596,1007.0,0.046,1686.0,0.04601,5298.0
1753617666195,12:01:06.195,blofin,ACT/USDT:USDT,0.04597,1014.0,0.04595,14336.0,0.046,1687.0,0.04601,5488.0
1753617666678,12:01:06.678,blofin,ACT/USDT:USDT,0.04597,7.0,0.04596,1519.0,0.046,1687.0,0.04604,1727.0
1753617667198,12:01:07.198,blofin,ACT/USDT:USDT,0.04596,1526.0,0.04593,2168.0,0.046,1692.0,0.04605,7709.0
1753617667669,12:01:07.669,blofin,ACT/USDT:USDT,0.04596,1014.0,0.04593,5007.0,0.046,7.0,0.04601,1731.0
1753617668673,12:01:08.673,blofin,ACT/USDT:USDT,0.04596,1014.0,0.04592,659.0,0.046,1762.0,0.04601,10460.0
1753617669201,12:01:09.201,blofin,ACT/USDT:USDT,0.04596,1013.0,0.04592,659.0,0.046,1760.0,0.04601,10460.0
1753617670202,12:01:10.202,blofin,ACT/USDT:USDT,0.04596,1013.0,0.04595,6362.0,0.046,2.0,0.04601,1757.0
1753617670674,12:01:10.674,blofin,ACT/USDT:USDT,0.04596,1013.0,0.04595,4575.0,0.04598,113.0,0.046,2.0
1753617671203,12:01:11.203,blofin,ACT/USDT:USDT,0.04596,1013.0,0.04595,4575.0,0.04598,118.0,0.046,2.0
1753617671674,12:01:11.674,blofin,ACT/USDT:USDT,0.04596,1011.0,0.04595,4575.0,0.04598,118.0,0.046,2.0
1753617672203,12:01:12.203,blofin,ACT/USDT:USDT,0.04596,1201.0,0.04592,8860.0,0.04598,3.0,0.046,126.0
1753617672676,12:01:12.676,blofin,ACT/USDT:USDT,0.04596,1458.0,0.04592,8860.0,0.04598,3.0,0.046,853.0
1753617673206,12:01:13.206,blofin,ACT/USDT:USDT,0.04596,1459.0,0.04592,8860.0,0.046,856.0,0.04604,6342.0
1753617673678,12:01:13.678,blofin,ACT/USDT:USDT,0.04596,1459.0,0.04594,1331.0,0.04599,1028.0,0.046,5.0
1753617674206,12:01:14.206,blofin,ACT/USDT:USDT,0.04596,1458.0,0.04594,1331.0,0.04599,1028.0,0.046,5.0
1753617674680,12:01:14.680,blofin,ACT/USDT:USDT,0.04596,1458.0,0.04595,6163.0,0.04599,1050.0,0.046,7441.0
1753617675206,12:01:15.206,blofin,ACT/USDT:USDT,0.04596,1458.0,0.04595,6163.0,0.04599,1051.0,0.046,7438.0
1753617675680,12:01:15.680,blofin,ACT/USDT:USDT,0.04596,1458.0,0.04592,8860.0,0.04599,1.0,0.046,1052.0
1753617676207,12:01:16.207,blofin,ACT/USDT:USDT,0.04596,1458.0,0.04592,659.0,0.046,1054.0,0.04604,10329.0
1753617676681,12:01:16.681,blofin,ACT/USDT:USDT,0.04596,1462.0,0.04592,5790.0,0.046,1054.0,0.04604,10329.0
1753617677208,12:01:17.208,blofin,ACT/USDT:USDT,0.04596,1462.0,0.04594,8717.0,0.046,1053.0,0.04602,8011.0
1753617677686,12:01:17.686,blofin,ACT/USDT:USDT,0.04596,230.0,0.04595,1609.0,0.046,1071.0,0.04605,2008.0
1753617678683,12:01:18.683,blofin,ACT/USDT:USDT,0.04596,6.0,0.04595,28.0,0.04598,681.0,0.046,3.0
1753617679210,12:01:19.210,blofin,ACT/USDT:USDT,0.04596,3.0,0.04595,32.0,0.04598,686.0,0.046,2.0
1753617679684,12:01:19.684,blofin,ACT/USDT:USDT,0.04596,3.0,0.04595,692.0,0.04597,281.0,0.04598,5.0
1753617680212,12:01:20.212,blofin,ACT/USDT:USDT,0.04596,3.0,0.04595,690.0,0.04597,282.0,0.046,2.0
1753617680685,12:01:20.685,blofin,ACT/USDT:USDT,0.04596,3.0,0.04595,690.0,0.04597,1.0,0.04598,259.0
1753617681211,12:01:21.211,blofin,ACT/USDT:USDT,0.04596,3.0,0.04595,690.0,0.04598,264.0,0.04599,4364.0
1753617681684,12:01:21.684,blofin,ACT/USDT:USDT,0.04596,3.0,0.04595,693.0,0.04598,260.0,0.04599,4364.0
1753617682213,12:01:22.213,blofin,ACT/USDT:USDT,0.04596,3.0,0.04595,693.0,0.04598,264.0,0.046,2.0
1753617682688,12:01:22.688,blofin,ACT/USDT:USDT,0.04596,3.0,0.04595,823.0,0.04597,259.0,0.04598,5604.0
1753617683215,12:01:23.215,blofin,ACT/USDT:USDT,0.04596,3.0,0.04595,823.0,0.04597,259.0,0.04598,5604.0
1753617683688,12:01:23.688,blofin,ACT/USDT:USDT,0.04596,3.0,0.04595,823.0,0.04598,273.0,0.046,2.0
1753617684392,12:01:24.392,blofin,ACT/USDT:USDT,0.04596,821.0,0.04595,3.0,0.04598,5.0,0.04599,268.0
1753617685217,12:01:25.217,blofin,ACT/USDT:USDT,0.04596,1022.0,0.04595,5365.0,0.04598,62.0,0.046,2.0
1753617685689,12:01:25.689,blofin,ACT/USDT:USDT,0.04596,981.0,0.04594,4181.0,0.04598,40.0,0.046,2.0
1753617686219,12:01:26.219,blofin,ACT/USDT:USDT,0.04596,984.0,0.04594,4181.0,0.04598,37.0,0.046,2.0
1753617686692,12:01:26.692,blofin,ACT/USDT:USDT,0.04596,981.0,0.04595,11949.0,0.04598,38.0,0.046,2.0
1753617687224,12:01:27.224,blofin,ACT/USDT:USDT,0.04596,981.0,0.04595,11949.0,0.04598,38.0,0.046,2.0
1753617687722,12:01:27.722,blofin,ACT/USDT:USDT,0.04598,1058.0,0.04596,4.0,0.046,2.0,0.04601,1654.0
1753617688224,12:01:28.224,blofin,ACT/USDT:USDT,0.04598,1060.0,0.04596,3.0,0.046,2.0,0.04601,1654.0
1753617688694,12:01:28.694,blofin,ACT/USDT:USDT,0.04598,1146.0,0.04596,3.0,0.046,81.0,0.04601,4.0
1753617689225,12:01:29.225,blofin,ACT/USDT:USDT,0.04598,1146.0,0.04596,3.0,0.046,83.0,0.04604,6079.0
1753617689692,12:01:29.692,blofin,ACT/USDT:USDT,0.04598,1146.0,0.04596,3.0,0.046,4.0,0.04601,79.0
1753617690228,12:01:30.228,blofin,ACT/USDT:USDT,0.04598,1146.0,0.04596,3.0,0.046,4.0,0.04601,79.0
1753617690694,12:01:30.694,blofin,ACT/USDT:USDT,0.04598,1146.0,0.04596,3.0,0.046,4.0,0.04601,57.0
1753617691445,12:01:31.445,blofin,ACT/USDT:USDT,0.04599,1401.0,0.04598,2.0,0.046,2.0,0.04601,5.0
1753617692217,12:01:32.217,blofin,ACT/USDT:USDT,0.04601,1133.0,0.046,1.0,0.04603,1.0,0.04604,384.0
1753617692695,12:01:32.695,blofin,ACT/USDT:USDT,0.04602,1131.0,0.04601,4.0,0.04603,1.0,0.04604,201.0
1753617693379,12:01:33.379,blofin,ACT/USDT:USDT,0.04603,134.0,0.04601,4792.0,0.04607,4040.0,0.04609,23792.0
1753617693697,12:01:33.697,blofin,ACT/USDT:USDT,0.04603,291.0,0.04601,4.0,0.04606,669.0,0.04607,4980.0
1753617694231,12:01:34.231,blofin,ACT/USDT:USDT,0.04603,291.0,0.04601,4.0,0.04606,669.0,0.04607,4980.0
1753617694697,12:01:34.697,blofin,ACT/USDT:USDT,0.04602,1151.0,0.04601,4837.0,0.04605,647.0,0.04606,5321.0
1753617695232,12:01:35.232,blofin,ACT/USDT:USDT,0.04602,1154.0,0.04601,11246.0,0.04605,647.0,0.04606,5321.0
1753617695701,12:01:35.701,blofin,ACT/USDT:USDT,0.04602,370.0,0.04601,6413.0,0.04605,669.0,0.04607,2491.0
1753617696233,12:01:36.233,blofin,ACT/USDT:USDT,0.04602,370.0,0.04601,6413.0,0.04605,670.0,0.04607,2487.0
1753617697105,12:01:37.105,blofin,ACT/USDT:USDT,0.04602,5.0,0.04601,3755.0,0.04604,669.0,0.04605,6.0
1753617697199,12:01:37.199,blofin,ACT/USDT:USDT,0.04601,3724.0,0.04599,8628.0,0.04602,669.0,0.04605,6.0
1753617697701,12:01:37.701,blofin,ACT/USDT:USDT,0.04599,9558.0,0.04598,2108.0,0.04601,366.0,0.04605,6.0
1753617698559,12:01:38.559,blofin,ACT/USDT:USDT,0.046,958.0,0.04599,7618.0,0.04603,122.0,0.04605,6.0
1753617699127,12:01:39.127,blofin,ACT/USDT:USDT,0.04601,410.0,0.046,3797.0,0.04605,1973.0,0.04608,3098.0
1753617699824,12:01:39.824,blofin,ACT/USDT:USDT,0.04601,658.0,0.046,2.0,0.04605,1138.0,0.0461,599.0
1753617700242,12:01:40.242,blofin,ACT/USDT:USDT,0.04601,660.0,0.04599,15437.0,0.04605,1138.0,0.0461,599.0
1753617700705,12:01:40.705,blofin,ACT/USDT:USDT,0.04601,1950.0,0.04599,14588.0,0.04605,1275.0,0.04608,5438.0
1753617701241,12:01:41.241,blofin,ACT/USDT:USDT,0.04601,1952.0,0.04599,8637.0,0.04605,1275.0,0.04608,5438.0
