timestamp,time,exchange,symbol,bid1_price,bid1_volume,bid2_price,bid2_volume,ask1_price,ask1_volume,ask2_price,ask2_volume
1753617154881,11:52:34.881,blofin,ACH/USDT:USDT,0.02291,4881.0,0.02289,90389.0,0.02293,3.0,0.02294,5387.0
1753617155999,11:52:35.999,blofin,ACH/USDT:USDT,0.02291,4910.0,0.0229,37259.0,0.02293,3.0,0.02294,6476.0
1753617156380,11:52:36.380,blofin,ACH/USDT:USDT,0.02291,4910.0,0.0229,37259.0,0.02293,3.0,0.02294,6473.0
1753617157380,11:52:37.380,blofin,ACH/USDT:USDT,0.02291,4910.0,0.02289,150790.0,0.02293,6478.0,0.02298,11465.0
1753617158883,11:52:38.883,blofin,ACH/USDT:USDT,0.02291,4912.0,0.0229,29031.0,0.02293,6478.0,0.02296,17331.0
1753617160886,11:52:40.886,blofin,ACH/USDT:USDT,0.02291,4909.0,0.0229,26711.0,0.02293,6477.0,0.02296,119508.0
1753617161391,11:52:41.391,blofin,ACH/USDT:USDT,0.02291,4912.0,0.02289,3615.0,0.02293,5.0,0.02294,6472.0
1753617162389,11:52:42.389,blofin,ACH/USDT:USDT,0.02291,4911.0,0.0229,85818.0,0.02293,6477.0,0.02296,129914.0
1753617163391,11:52:43.391,blofin,ACH/USDT:USDT,0.02291,4913.0,0.02288,38390.0,0.02293,5.0,0.02294,5384.0
1753617164004,11:52:44.004,blofin,ACH/USDT:USDT,0.02291,4913.0,0.02289,19333.0,0.02293,5.0,0.02294,1536.0
1753617165452,11:52:45.452,blofin,ACH/USDT:USDT,0.02292,1512.0,0.02291,5.0,0.02293,3.0,0.02294,26499.0
1753617166006,11:52:46.006,blofin,ACH/USDT:USDT,0.02292,1208.0,0.02291,5.0,0.02293,3.0,0.02294,29652.0
1753617166394,11:52:46.394,blofin,ACH/USDT:USDT,0.02292,1208.0,0.02291,5.0,0.02293,3.0,0.02294,29651.0
1753617166896,11:52:46.896,blofin,ACH/USDT:USDT,0.02292,1208.0,0.02291,5.0,0.02293,3.0,0.02294,29651.0
1753617167397,11:52:47.397,blofin,ACH/USDT:USDT,0.02292,1217.0,0.02291,40884.0,0.02293,3.0,0.02294,3.0
1753617168005,11:52:48.005,blofin,ACH/USDT:USDT,0.02292,1625.0,0.02291,4.0,0.02293,3.0,0.02294,7816.0
1753617168897,11:52:48.897,blofin,ACH/USDT:USDT,0.02292,1626.0,0.02291,4.0,0.02293,3.0,0.02294,7816.0
1753617169400,11:52:49.400,blofin,ACH/USDT:USDT,0.02292,1625.0,0.02291,4.0,0.02293,3.0,0.02295,7821.0
1753617170900,11:52:50.900,blofin,ACH/USDT:USDT,0.02292,4633.0,0.02291,4.0,0.02293,3.0,0.02294,5384.0
1753617171400,11:52:51.400,blofin,ACH/USDT:USDT,0.02292,4633.0,0.02291,114305.0,0.02293,3.0,0.02294,5384.0
1753617172014,11:52:52.014,blofin,ACH/USDT:USDT,0.02292,4641.0,0.02291,4.0,0.02293,3.0,0.02294,3481.0
1753617172906,11:52:52.906,blofin,ACH/USDT:USDT,0.02292,4644.0,0.02291,4.0,0.02293,3.0,0.02294,3482.0
1753617173404,11:52:53.404,blofin,ACH/USDT:USDT,0.02292,4644.0,0.02291,4.0,0.02293,3.0,0.02294,1209.0
1753617174010,11:52:54.010,blofin,ACH/USDT:USDT,0.02292,4220.0,0.02291,4.0,0.02293,3.0,0.02294,2489.0
1753617175408,11:52:55.408,blofin,ACH/USDT:USDT,0.02292,4646.0,0.02291,2910.0,0.02294,2375.0,0.02295,137933.0
1753617176011,11:52:56.011,blofin,ACH/USDT:USDT,0.02292,4646.0,0.02291,2910.0,0.02294,2377.0,0.02298,10275.0
1753617176409,11:52:56.409,blofin,ACH/USDT:USDT,0.02292,4647.0,0.02291,2910.0,0.02294,2377.0,0.02298,10275.0
1753617177410,11:52:57.410,blofin,ACH/USDT:USDT,0.02292,4644.0,0.02291,10536.0,0.02294,2385.0,0.02297,26092.0
1753617178014,11:52:58.014,blofin,ACH/USDT:USDT,0.02292,4644.0,0.02291,10536.0,0.02294,2385.0,0.02297,44861.0
1753617178415,11:52:58.415,blofin,ACH/USDT:USDT,0.02292,4645.0,0.02291,10536.0,0.02294,2385.0,0.02297,44861.0
1753617179017,11:52:59.017,blofin,ACH/USDT:USDT,0.02292,4645.0,0.02291,142984.0,0.02294,2383.0,0.02295,130585.0
1753617179913,11:52:59.913,blofin,ACH/USDT:USDT,0.02292,4645.0,0.02291,142984.0,0.02294,2383.0,0.02295,130585.0
1753617180413,11:53:00.413,blofin,ACH/USDT:USDT,0.02292,320.0,0.02289,6856.0,0.02294,4903.0,0.02296,104142.0
1753617181015,11:53:01.015,blofin,ACH/USDT:USDT,0.02292,232.0,0.02289,6856.0,0.02294,7.0,0.02295,4912.0
1753617181415,11:53:01.415,blofin,ACH/USDT:USDT,0.02292,232.0,0.02289,4128.0,0.02294,7.0,0.02295,4912.0
1753617182417,11:53:02.417,blofin,ACH/USDT:USDT,0.02292,232.0,0.0229,19976.0,0.02294,4921.0,0.02298,50004.0
1753617183017,11:53:03.017,blofin,ACH/USDT:USDT,0.02292,4750.0,0.02289,4128.0,0.02294,1281.0,0.02295,1638.0
1753617183420,11:53:03.420,blofin,ACH/USDT:USDT,0.02292,4750.0,0.02291,4643.0,0.02294,1281.0,0.02295,1638.0
1753617184431,11:53:04.431,blofin,ACH/USDT:USDT,0.02292,4750.0,0.02291,2004.0,0.02294,209.0,0.02296,174908.0
1753617185021,11:53:05.021,blofin,ACH/USDT:USDT,0.02292,4751.0,0.02291,3182.0,0.02294,208.0,0.02296,174908.0
1753617185424,11:53:05.424,blofin,ACH/USDT:USDT,0.02292,6295.0,0.02291,3182.0,0.02294,207.0,0.02296,98906.0
1753617186426,11:53:06.426,blofin,ACH/USDT:USDT,0.02292,6294.0,0.02291,3182.0,0.02294,209.0,0.02299,3215.0
1753617187819,11:53:07.819,blofin,ACH/USDT:USDT,0.02293,5232.0,0.02292,6.0,0.02294,9.0,0.02296,9240.0
1753617189027,11:53:09.027,blofin,ACH/USDT:USDT,0.02293,5233.0,0.02292,3.0,0.02294,4.0,0.02295,2237.0
1753617189432,11:53:09.432,blofin,ACH/USDT:USDT,0.02293,5235.0,0.02292,3.0,0.02294,4.0,0.02295,2237.0
1753617190028,11:53:10.028,blofin,ACH/USDT:USDT,0.02293,5237.0,0.02292,7985.0,0.02294,4.0,0.02295,2237.0
1753617190436,11:53:10.436,blofin,ACH/USDT:USDT,0.02293,5237.0,0.02292,7985.0,0.02294,4.0,0.02296,2234.0
1753617191437,11:53:11.437,blofin,ACH/USDT:USDT,0.02293,5259.0,0.02292,7985.0,0.02294,4.0,0.02295,2232.0
1753617192029,11:53:12.029,blofin,ACH/USDT:USDT,0.02293,5259.0,0.02292,3.0,0.02294,4.0,0.02295,2232.0
1753617192438,11:53:12.438,blofin,ACH/USDT:USDT,0.02293,5259.0,0.02292,3.0,0.02294,4.0,0.02295,2233.0
1753617193440,11:53:13.440,blofin,ACH/USDT:USDT,0.02293,5259.0,0.02292,3.0,0.02294,4.0,0.02295,2234.0
1753617194030,11:53:14.030,blofin,ACH/USDT:USDT,0.02293,5259.0,0.02292,3.0,0.02294,4.0,0.02295,4.0
1753617194441,11:53:14.441,blofin,ACH/USDT:USDT,0.02293,5259.0,0.02292,3.0,0.02294,4.0,0.02296,2236.0
1753617195031,11:53:15.031,blofin,ACH/USDT:USDT,0.02293,5257.0,0.02292,3.0,0.02294,4.0,0.02296,2236.0
1753617195945,11:53:15.945,blofin,ACH/USDT:USDT,0.02293,5261.0,0.02292,3.0,0.02294,4.0,0.02296,2236.0
1753617196444,11:53:16.444,blofin,ACH/USDT:USDT,0.02293,5260.0,0.02292,3.0,0.02294,4.0,0.02295,2232.0
1753617197032,11:53:17.032,blofin,ACH/USDT:USDT,0.02293,5260.0,0.02292,31343.0,0.02294,4.0,0.02295,2296.0
1753617197444,11:53:17.444,blofin,ACH/USDT:USDT,0.02293,5260.0,0.02292,31343.0,0.02294,4.0,0.02295,2298.0
1753617198032,11:53:18.032,blofin,ACH/USDT:USDT,0.02293,5284.0,0.02292,3.0,0.02294,4.0,0.02295,3.0
1753617199036,11:53:19.036,blofin,ACH/USDT:USDT,0.02293,5282.0,0.02292,3.0,0.02294,4.0,0.02295,1440.0
1753617199447,11:53:19.447,blofin,ACH/USDT:USDT,0.02293,5282.0,0.02292,3.0,0.02294,4.0,0.02295,1440.0
1753617200449,11:53:20.449,blofin,ACH/USDT:USDT,0.02293,5282.0,0.02292,3.0,0.02294,4.0,0.02295,2.0
1753617201034,11:53:21.034,blofin,ACH/USDT:USDT,0.02293,1682.0,0.02292,3.0,0.02294,4.0,0.02296,4417.0
1753617201952,11:53:21.952,blofin,ACH/USDT:USDT,0.02293,1684.0,0.02292,3.0,0.02294,4.0,0.02296,4417.0
1753617202454,11:53:22.454,blofin,ACH/USDT:USDT,0.02293,5204.0,0.02292,3.0,0.02294,4.0,0.02296,369.0
1753617203037,11:53:23.037,blofin,ACH/USDT:USDT,0.02293,4916.0,0.02292,6008.0,0.02294,4.0,0.02296,1241.0
1753617203457,11:53:23.457,blofin,ACH/USDT:USDT,0.02293,4916.0,0.02292,6008.0,0.02294,4.0,0.02296,1245.0
1753617204459,11:53:24.459,blofin,ACH/USDT:USDT,0.02293,5226.0,0.02292,3.0,0.02294,4.0,0.02295,352.0
1753617205050,11:53:25.050,blofin,ACH/USDT:USDT,0.02293,5226.0,0.02292,3.0,0.02294,4.0,0.02295,355.0
1753617205458,11:53:25.458,blofin,ACH/USDT:USDT,0.02293,5233.0,0.02291,105532.0,0.02295,357.0,0.02296,54236.0
1753617206461,11:53:26.461,blofin,ACH/USDT:USDT,0.02293,5229.0,0.0229,9199.0,0.02295,363.0,0.02299,35441.0
1753617207042,11:53:27.042,blofin,ACH/USDT:USDT,0.02293,6829.0,0.02292,100837.0,0.02295,133.0,0.02298,111884.0
1753617207463,11:53:27.463,blofin,ACH/USDT:USDT,0.02293,6829.0,0.02292,100837.0,0.02295,131.0,0.02298,111884.0
1753617208465,11:53:28.465,blofin,ACH/USDT:USDT,0.02293,6829.0,0.0229,53649.0,0.02295,131.0,0.023,24504.0
1753617209042,11:53:29.042,blofin,ACH/USDT:USDT,0.02293,6831.0,0.0229,143225.0,0.02295,131.0,0.02297,24673.0
1753617209467,11:53:29.467,blofin,ACH/USDT:USDT,0.02293,6831.0,0.0229,143225.0,0.02295,132.0,0.02297,24673.0
1753617210483,11:53:30.483,blofin,ACH/USDT:USDT,0.02293,6800.0,0.02292,111415.0,0.02295,123.0,0.02297,29843.0
1753617211044,11:53:31.044,blofin,ACH/USDT:USDT,0.02293,6800.0,0.02291,64404.0,0.02295,140.0,0.023,128588.0
1753617211852,11:53:31.852,blofin,ACH/USDT:USDT,0.02294,2088.0,0.02293,18238.0,0.02295,2.0,0.02297,5152.0
1753617212469,11:53:32.469,blofin,ACH/USDT:USDT,0.02294,2104.0,0.02293,8.0,0.02295,1.0,0.02297,5170.0
1753617213047,11:53:33.047,blofin,ACH/USDT:USDT,0.02294,3920.0,0.02293,8.0,0.02295,1.0,0.02297,2834.0
1753617213471,11:53:33.471,blofin,ACH/USDT:USDT,0.02294,3920.0,0.02293,8.0,0.02295,1.0,0.02297,2835.0
1753617214472,11:53:34.472,blofin,ACH/USDT:USDT,0.02294,2105.0,0.02293,4.0,0.02295,1.0,0.02296,5368.0
1753617215474,11:53:35.474,blofin,ACH/USDT:USDT,0.02294,235.0,0.02293,4.0,0.02295,1.0,0.02296,5369.0
1753617216477,11:53:36.477,blofin,ACH/USDT:USDT,0.02294,4034.0,0.02293,43051.0,0.02295,1.0,0.02296,2833.0
1753617217053,11:53:37.053,blofin,ACH/USDT:USDT,0.02294,4346.0,0.02293,31855.0,0.02295,1.0,0.02296,2837.0
1753617217479,11:53:37.479,blofin,ACH/USDT:USDT,0.02294,4346.0,0.02293,31855.0,0.02295,1.0,0.02296,2837.0
1753617218052,11:53:38.052,blofin,ACH/USDT:USDT,0.02294,4346.0,0.02293,4.0,0.02295,1.0,0.02296,2835.0
1753617218980,11:53:38.980,blofin,ACH/USDT:USDT,0.02294,4349.0,0.02293,4.0,0.02295,1.0,0.02296,2835.0
1753617219484,11:53:39.484,blofin,ACH/USDT:USDT,0.02294,4293.0,0.02293,129659.0,0.02295,1.0,0.02296,778.0
1753617220055,11:53:40.055,blofin,ACH/USDT:USDT,0.02294,4291.0,0.02293,129659.0,0.02295,1.0,0.02296,779.0
1753617220486,11:53:40.486,blofin,ACH/USDT:USDT,0.02294,6002.0,0.02293,4.0,0.02295,1.0,0.02296,3.0
1753617221486,11:53:41.486,blofin,ACH/USDT:USDT,0.02294,6347.0,0.02293,61686.0,0.02295,1.0,0.02296,595.0
1753617222060,11:53:42.060,blofin,ACH/USDT:USDT,0.02294,6346.0,0.02293,4.0,0.02295,1.0,0.02296,595.0
1753617222489,11:53:42.489,blofin,ACH/USDT:USDT,0.02294,6346.0,0.02293,4.0,0.02295,1.0,0.02296,595.0
1753617223055,11:53:43.055,blofin,ACH/USDT:USDT,0.02294,6418.0,0.02293,4.0,0.02295,1.0,0.02296,643.0
1753617224492,11:53:44.492,blofin,ACH/USDT:USDT,0.02294,6418.0,0.02293,4.0,0.02295,1.0,0.02297,644.0
1753617225059,11:53:45.059,blofin,ACH/USDT:USDT,0.02294,6421.0,0.02293,4.0,0.02295,1.0,0.02297,644.0
1753617225493,11:53:45.493,blofin,ACH/USDT:USDT,0.02294,6413.0,0.02293,4.0,0.02295,1.0,0.02296,642.0
1753617226496,11:53:46.496,blofin,ACH/USDT:USDT,0.02294,6068.0,0.02293,4.0,0.02295,1.0,0.02296,2.0
1753617227060,11:53:47.060,blofin,ACH/USDT:USDT,0.02294,6068.0,0.02293,4.0,0.02295,1.0,0.02297,651.0
1753617227496,11:53:47.496,blofin,ACH/USDT:USDT,0.02295,3409.0,0.02294,73842.0,0.02297,3563.0,0.02299,18285.0
1753617228498,11:53:48.498,blofin,ACH/USDT:USDT,0.02295,1537.0,0.02294,54779.0,0.02297,4.0,0.02298,4792.0
1753617228998,11:53:48.998,blofin,ACH/USDT:USDT,0.02295,1539.0,0.02294,54779.0,0.02297,4.0,0.02298,4792.0
1753617229499,11:53:49.499,blofin,ACH/USDT:USDT,0.02295,2419.0,0.02294,2698.0,0.02297,4.0,0.02298,4552.0
1753617230062,11:53:50.062,blofin,ACH/USDT:USDT,0.02295,2421.0,0.02293,6935.0,0.02298,4557.0,0.02303,170853.0
1753617231003,11:53:51.003,blofin,ACH/USDT:USDT,0.02295,3505.0,0.02293,6935.0,0.02298,4557.0,0.023,148794.0
1753617231503,11:53:51.503,blofin,ACH/USDT:USDT,0.02295,5217.0,0.02293,6935.0,0.02297,1301.0,0.02302,1791.0
1753617232061,11:53:52.061,blofin,ACH/USDT:USDT,0.02295,1817.0,0.02293,62104.0,0.02297,4403.0,0.02299,42213.0
1753617233006,11:53:53.006,blofin,ACH/USDT:USDT,0.02295,1817.0,0.02294,8593.0,0.02297,4404.0,0.02299,42213.0
1753617233507,11:53:53.507,blofin,ACH/USDT:USDT,0.02295,249.0,0.02294,126000.0,0.02297,5172.0,0.02301,105020.0
1753617234064,11:53:54.064,blofin,ACH/USDT:USDT,0.02295,3155.0,0.02294,8593.0,0.02297,4.0,0.02298,4824.0
1753617235009,11:53:55.009,blofin,ACH/USDT:USDT,0.02295,3153.0,0.02293,4.0,0.02297,4.0,0.02298,4824.0
1753617235525,11:53:55.525,blofin,ACH/USDT:USDT,0.02295,3154.0,0.02292,13836.0,0.02297,4848.0,0.02298,8.0
1753617236066,11:53:56.066,blofin,ACH/USDT:USDT,0.02295,1818.0,0.02292,13836.0,0.02297,4850.0,0.02298,28301.0
1753617236512,11:53:56.512,blofin,ACH/USDT:USDT,0.02295,1818.0,0.02292,13836.0,0.02297,4851.0,0.02298,28301.0
1753617237514,11:53:57.514,blofin,ACH/USDT:USDT,0.02295,1818.0,0.02293,4563.0,0.02297,4851.0,0.02298,3.0
1753617238013,11:53:58.013,blofin,ACH/USDT:USDT,0.02295,1821.0,0.02293,4563.0,0.02297,4851.0,0.02298,3.0
1753617238515,11:53:58.515,blofin,ACH/USDT:USDT,0.02295,2453.0,0.02292,69005.0,0.02297,2163.0,0.02298,3.0
1753617239068,11:53:59.068,blofin,ACH/USDT:USDT,0.02295,2877.0,0.02292,85624.0,0.02297,2163.0,0.02298,3.0
1753617239516,11:53:59.516,blofin,ACH/USDT:USDT,0.02295,2875.0,0.02292,85624.0,0.02297,2163.0,0.02298,3.0
1753617240518,11:54:00.518,blofin,ACH/USDT:USDT,0.02295,316.0,0.02294,4356.0,0.02297,5029.0,0.02298,3.0
1753617241069,11:54:01.069,blofin,ACH/USDT:USDT,0.02295,325.0,0.02294,58865.0,0.02297,5029.0,0.02298,3.0
1753617241518,11:54:01.518,blofin,ACH/USDT:USDT,0.02295,322.0,0.02294,58865.0,0.02297,5029.0,0.02298,3.0
1753617242520,11:54:02.520,blofin,ACH/USDT:USDT,0.02295,114.0,0.02294,4356.0,0.02297,3.0,0.02298,5051.0
1753617243021,11:54:03.021,blofin,ACH/USDT:USDT,0.02295,114.0,0.02294,4356.0,0.02298,5052.0,0.02301,139316.0
1753617243521,11:54:03.521,blofin,ACH/USDT:USDT,0.02295,114.0,0.02294,4356.0,0.02297,5051.0,0.02298,3.0
1753617244022,11:54:04.022,blofin,ACH/USDT:USDT,0.02295,114.0,0.02294,4356.0,0.02297,5051.0,0.02298,3.0
1753617245024,11:54:05.024,blofin,ACH/USDT:USDT,0.02295,786.0,0.02293,129183.0,0.02297,5051.0,0.02298,3.0
1753617245524,11:54:05.524,blofin,ACH/USDT:USDT,0.02295,1.0,0.02294,6436.0,0.02296,1872.0,0.02297,5.0
1753617246025,11:54:06.025,blofin,ACH/USDT:USDT,0.02295,1.0,0.02294,6436.0,0.02296,1874.0,0.02298,3.0
1753617247025,11:54:07.025,blofin,ACH/USDT:USDT,0.02295,1.0,0.02294,6667.0,0.02296,2106.0,0.02298,3.0
1753617247528,11:54:07.528,blofin,ACH/USDT:USDT,0.02295,1.0,0.02294,6667.0,0.02296,2106.0,0.02298,3.0
1753617248528,11:54:08.528,blofin,ACH/USDT:USDT,0.02295,1.0,0.02294,11.0,0.02296,4227.0,0.02297,20481.0
1753617249034,11:54:09.034,blofin,ACH/USDT:USDT,0.02295,1.0,0.02294,11.0,0.02296,4227.0,0.02297,20481.0
1753617250088,11:54:10.088,blofin,ACH/USDT:USDT,0.02295,1.0,0.02294,10.0,0.02296,5090.0,0.02298,3.0
1753617251538,11:54:11.538,blofin,ACH/USDT:USDT,0.02295,1.0,0.02294,10.0,0.02296,5089.0,0.02298,26939.0
1753617252040,11:54:12.040,blofin,ACH/USDT:USDT,0.02295,1.0,0.02294,10.0,0.02296,5092.0,0.02298,26939.0
1753617252538,11:54:12.538,blofin,ACH/USDT:USDT,0.02295,1.0,0.02294,12.0,0.02296,5092.0,0.02298,3.0
1753617253539,11:54:13.539,blofin,ACH/USDT:USDT,0.02295,1.0,0.02294,9.0,0.02296,4.0,0.02297,5088.0
1753617254040,11:54:14.040,blofin,ACH/USDT:USDT,0.02295,1.0,0.02294,9.0,0.02297,5089.0,0.02298,3.0
1753617254541,11:54:14.541,blofin,ACH/USDT:USDT,0.02295,1.0,0.02294,12.0,0.02297,5089.0,0.02298,183317.0
1753617255543,11:54:15.543,blofin,ACH/USDT:USDT,0.02295,1.0,0.02294,10.0,0.02297,5090.0,0.02298,3.0
1753617256043,11:54:16.043,blofin,ACH/USDT:USDT,0.02295,1.0,0.02294,10.0,0.02297,5089.0,0.02298,3.0
1753617256543,11:54:16.543,blofin,ACH/USDT:USDT,0.02295,1.0,0.02294,234.0,0.02297,5172.0,0.02298,3.0
1753617257543,11:54:17.543,blofin,ACH/USDT:USDT,0.02295,1.0,0.02294,10.0,0.02296,5194.0,0.02298,3.0
1753617258548,11:54:18.548,blofin,ACH/USDT:USDT,0.02295,1.0,0.02294,10.0,0.02296,5194.0,0.02298,3.0
1753617259547,11:54:19.547,blofin,ACH/USDT:USDT,0.02295,1.0,0.02294,250.0,0.02296,2.0,0.02297,4880.0
1753617260048,11:54:20.048,blofin,ACH/USDT:USDT,0.02295,1.0,0.02294,250.0,0.02296,2.0,0.02297,4880.0
1753617260549,11:54:20.549,blofin,ACH/USDT:USDT,0.02295,1.0,0.02294,249.0,0.02296,5200.0,0.02297,5.0
1753617261550,11:54:21.550,blofin,ACH/USDT:USDT,0.02295,1.0,0.02294,249.0,0.02296,5205.0,0.02297,49457.0
1753617262052,11:54:22.052,blofin,ACH/USDT:USDT,0.02295,1.0,0.02294,249.0,0.02296,5205.0,0.02297,49457.0
1753617262551,11:54:22.551,blofin,ACH/USDT:USDT,0.02295,1.0,0.02294,253.0,0.02296,5205.0,0.02297,104443.0
1753617263052,11:54:23.052,blofin,ACH/USDT:USDT,0.02295,1.0,0.02294,253.0,0.02296,5205.0,0.02297,104443.0
1753617263553,11:54:23.553,blofin,ACH/USDT:USDT,0.02295,1.0,0.02294,253.0,0.02296,4869.0,0.02298,3.0
1753617264553,11:54:24.553,blofin,ACH/USDT:USDT,0.02295,1.0,0.02294,253.0,0.02296,5181.0,0.02297,165850.0
1753617265556,11:54:25.556,blofin,ACH/USDT:USDT,0.02294,257.0,0.02292,213315.0,0.02296,5185.0,0.02299,48445.0
1753617266558,11:54:26.558,blofin,ACH/USDT:USDT,0.02294,256.0,0.02293,29042.0,0.02296,5185.0,0.02299,134528.0
1753617267561,11:54:27.561,blofin,ACH/USDT:USDT,0.02294,256.0,0.02292,212236.0,0.02296,5185.0,0.02299,72231.0
1753617268060,11:54:28.060,blofin,ACH/USDT:USDT,0.02294,253.0,0.02292,212236.0,0.02296,5185.0,0.02299,72231.0
1753617268562,11:54:28.562,blofin,ACH/USDT:USDT,0.02294,253.0,0.02293,103795.0,0.02296,5185.0,0.02298,41669.0
1753617269249,11:54:29.249,blofin,ACH/USDT:USDT,0.02294,8.0,0.02293,9448.0,0.02296,5233.0,0.02299,48445.0
1753617269563,11:54:29.563,blofin,ACH/USDT:USDT,0.02294,16.0,0.02292,109434.0,0.02296,5233.0,0.02297,187488.0
1753617270064,11:54:30.064,blofin,ACH/USDT:USDT,0.02294,4.0,0.02293,4338.0,0.02296,1017.0,0.02299,48445.0
1753617271067,11:54:31.067,blofin,ACH/USDT:USDT,0.02294,4.0,0.02293,4378.0,0.02295,1012.0,0.02296,4.0
1753617271569,11:54:31.569,blofin,ACH/USDT:USDT,0.02294,4.0,0.02293,4602.0,0.02295,2596.0,0.02296,4.0
1753617272070,11:54:32.070,blofin,ACH/USDT:USDT,0.02294,4.0,0.02293,4602.0,0.02295,2596.0,0.02296,4.0
1753617272570,11:54:32.570,blofin,ACH/USDT:USDT,0.02294,4.0,0.02293,4602.0,0.02295,2594.0,0.02296,4.0
1753617273071,11:54:33.071,blofin,ACH/USDT:USDT,0.02294,4.0,0.02293,4602.0,0.02295,2593.0,0.02296,4.0
1753617274073,11:54:34.073,blofin,ACH/USDT:USDT,0.02294,4.0,0.02293,4602.0,0.02295,2594.0,0.02296,4.0
1753617274573,11:54:34.573,blofin,ACH/USDT:USDT,0.02294,4.0,0.02293,3085.0,0.02295,4706.0,0.02296,4.0
1753617275077,11:54:35.077,blofin,ACH/USDT:USDT,0.02294,4.0,0.02293,3085.0,0.02295,4707.0,0.02296,4.0
1753617275575,11:54:35.575,blofin,ACH/USDT:USDT,0.02294,4.0,0.02293,3085.0,0.02295,4707.0,0.02296,4.0
1753617276077,11:54:36.077,blofin,ACH/USDT:USDT,0.02294,4.0,0.02293,3085.0,0.02295,4707.0,0.02296,4.0
1753617276577,11:54:36.577,blofin,ACH/USDT:USDT,0.02294,4.0,0.02293,2051.0,0.02295,4707.0,0.02296,148340.0
1753617277580,11:54:37.580,blofin,ACH/USDT:USDT,0.02294,4.0,0.02293,2049.0,0.02295,4.0,0.02296,4708.0
1753617278583,11:54:38.583,blofin,ACH/USDT:USDT,0.02294,4.0,0.02293,2052.0,0.02295,4706.0,0.02296,4.0
1753617279082,11:54:39.082,blofin,ACH/USDT:USDT,0.02294,4.0,0.02293,2050.0,0.02295,4706.0,0.02296,4.0
1753617279583,11:54:39.583,blofin,ACH/USDT:USDT,0.02294,4.0,0.02293,1186.0,0.02295,4706.0,0.02296,4.0
1753617280586,11:54:40.586,blofin,ACH/USDT:USDT,0.02294,4.0,0.02293,4675.0,0.02295,2642.0,0.02296,4.0
1753617281087,11:54:41.087,blofin,ACH/USDT:USDT,0.02294,4.0,0.02293,4675.0,0.02295,2645.0,0.02296,4.0
1753617281588,11:54:41.588,blofin,ACH/USDT:USDT,0.02294,4.0,0.02293,4677.0,0.02295,2653.0,0.02296,136236.0
1753617282092,11:54:42.092,blofin,ACH/USDT:USDT,0.02294,4.0,0.02293,4677.0,0.02295,2652.0,0.02296,136236.0
1753617282591,11:54:42.591,blofin,ACH/USDT:USDT,0.02294,4.0,0.02293,4673.0,0.02295,2732.0,0.02296,4.0
1753617283593,11:54:43.593,blofin,ACH/USDT:USDT,0.02294,4.0,0.02293,4673.0,0.02295,4.0,0.02296,2732.0
1753617284094,11:54:44.094,blofin,ACH/USDT:USDT,0.02294,4.0,0.02293,4675.0,0.02295,4.0,0.02296,2732.0
1753617284595,11:54:44.595,blofin,ACH/USDT:USDT,0.02294,4.0,0.02293,4675.0,0.02295,2731.0,0.02296,4.0
1753617285249,11:54:45.249,blofin,ACH/USDT:USDT,0.02294,4.0,0.02293,4673.0,0.02295,2731.0,0.02296,4.0
1753617286099,11:54:46.099,blofin,ACH/USDT:USDT,0.02294,4.0,0.02293,4677.0,0.02295,2733.0,0.02296,4.0
1753617286599,11:54:46.599,blofin,ACH/USDT:USDT,0.02294,4.0,0.02293,4677.0,0.02295,2733.0,0.02296,4.0
1753617287100,11:54:47.100,blofin,ACH/USDT:USDT,0.02294,4.0,0.02293,3589.0,0.02295,5.0,0.02296,2740.0
1753617287602,11:54:47.602,blofin,ACH/USDT:USDT,0.02294,4.0,0.02293,3587.0,0.02295,5.0,0.02296,2740.0
1753617288100,11:54:48.100,blofin,ACH/USDT:USDT,0.02294,4.0,0.02293,1459.0,0.02295,5.0,0.02296,4852.0
1753617289101,11:54:49.101,blofin,ACH/USDT:USDT,0.02294,4.0,0.02293,1467.0,0.02296,4857.0,0.02299,66540.0
1753617289605,11:54:49.605,blofin,ACH/USDT:USDT,0.02294,4.0,0.02293,1467.0,0.02296,4855.0,0.02299,66540.0
1753617290103,11:54:50.103,blofin,ACH/USDT:USDT,0.02294,4.0,0.02293,1466.0,0.02296,4857.0,0.02299,66540.0
1753617290609,11:54:50.609,blofin,ACH/USDT:USDT,0.02294,4.0,0.02293,3835.0,0.02295,2776.0,0.02296,9.0
1753617291609,11:54:51.609,blofin,ACH/USDT:USDT,0.02294,4.0,0.02293,6747.0,0.02295,48.0,0.02296,9.0
1753617292103,11:54:52.103,blofin,ACH/USDT:USDT,0.02294,4.0,0.02293,5883.0,0.02295,48.0,0.02296,40985.0
1753617292611,11:54:52.611,blofin,ACH/USDT:USDT,0.02294,4.0,0.02293,5883.0,0.02295,49.0,0.02296,40980.0
1753617293103,11:54:53.103,blofin,ACH/USDT:USDT,0.02294,4.0,0.02293,5899.0,0.02295,49.0,0.02296,4.0
1753617293612,11:54:53.612,blofin,ACH/USDT:USDT,0.02294,4.0,0.02293,5900.0,0.02295,51.0,0.02296,4.0
1753617294105,11:54:54.105,blofin,ACH/USDT:USDT,0.02294,4.0,0.02293,5900.0,0.02295,51.0,0.02296,4.0
1753617294614,11:54:54.614,blofin,ACH/USDT:USDT,0.02294,4.0,0.02293,5900.0,0.02295,51.0,0.02296,4.0
1753617295120,11:54:55.120,blofin,ACH/USDT:USDT,0.02293,5902.0,0.02292,10975.0,0.02295,55.0,0.02299,70278.0
1753617295617,11:54:55.617,blofin,ACH/USDT:USDT,0.02293,5795.0,0.02292,10975.0,0.02295,4.0,0.02296,282.0
1753617297107,11:54:57.107,blofin,ACH/USDT:USDT,0.02293,5483.0,0.02292,10975.0,0.02295,1316.0,0.02296,2.0
1753617297621,11:54:57.621,blofin,ACH/USDT:USDT,0.02293,5487.0,0.02292,10975.0,0.02295,1316.0,0.02296,2.0
1753617298110,11:54:58.110,blofin,ACH/USDT:USDT,0.02293,5487.0,0.02292,10975.0,0.02295,1316.0,0.02296,92049.0
1753617298622,11:54:58.622,blofin,ACH/USDT:USDT,0.02293,5483.0,0.02292,10975.0,0.02295,1317.0,0.02296,92047.0
1753617299623,11:54:59.623,blofin,ACH/USDT:USDT,0.02293,5483.0,0.02292,10975.0,0.02295,4.0,0.02296,1314.0
1753617300112,11:55:00.112,blofin,ACH/USDT:USDT,0.02293,5483.0,0.02292,10975.0,0.02295,4.0,0.02296,1317.0
1753617300625,11:55:00.625,blofin,ACH/USDT:USDT,0.02293,5484.0,0.02292,10975.0,0.02295,1320.0,0.02296,85890.0
1753617301114,11:55:01.114,blofin,ACH/USDT:USDT,0.02293,5484.0,0.02292,10975.0,0.02295,1624.0,0.02297,133618.0
1753617302122,11:55:02.122,blofin,ACH/USDT:USDT,0.02293,4020.0,0.02292,56544.0,0.02295,3840.0,0.02299,150387.0
1753617302631,11:55:02.631,blofin,ACH/USDT:USDT,0.02293,4021.0,0.02292,56544.0,0.02295,3840.0,0.02299,150387.0
1753617303116,11:55:03.116,blofin,ACH/USDT:USDT,0.02293,5653.0,0.02292,10975.0,0.02295,8.0,0.02296,1320.0
1753617303633,11:55:03.633,blofin,ACH/USDT:USDT,0.02293,5653.0,0.02292,10975.0,0.02295,8.0,0.02296,1320.0
1753617304634,11:55:04.634,blofin,ACH/USDT:USDT,0.02293,2965.0,0.02292,10975.0,0.02295,4.0,0.02296,4955.0
1753617305634,11:55:05.634,blofin,ACH/USDT:USDT,0.02293,1879.0,0.02292,10975.0,0.02295,4.0,0.02296,12794.0
1753617306118,11:55:06.118,blofin,ACH/USDT:USDT,0.02293,4559.0,0.02292,10975.0,0.02295,3004.0,0.02296,2.0
1753617307117,11:55:07.117,blofin,ACH/USDT:USDT,0.02293,4555.0,0.02292,10975.0,0.02295,2981.0,0.02296,150229.0
1753617307638,11:55:07.638,blofin,ACH/USDT:USDT,0.02293,4557.0,0.02292,10975.0,0.02295,2981.0,0.02296,150229.0
1753617308641,11:55:08.641,blofin,ACH/USDT:USDT,0.02293,4557.0,0.02292,10975.0,0.02295,4.0,0.02296,2979.0
1753617309121,11:55:09.121,blofin,ACH/USDT:USDT,0.02293,4557.0,0.02292,10975.0,0.02295,2980.0,0.02296,3.0
1753617310122,11:55:10.122,blofin,ACH/USDT:USDT,0.02293,4559.0,0.02292,10975.0,0.02295,2981.0,0.02298,134777.0
1753617311122,11:55:11.122,blofin,ACH/USDT:USDT,0.02293,4558.0,0.02292,92723.0,0.02295,2980.0,0.02296,2.0
1753617312125,11:55:12.125,blofin,ACH/USDT:USDT,0.02293,2942.0,0.02292,10975.0,0.02295,5095.0,0.02299,13043.0
1753617312647,11:55:12.647,blofin,ACH/USDT:USDT,0.02293,2943.0,0.02292,10975.0,0.02295,5097.0,0.02299,13043.0
1753617313649,11:55:13.649,blofin,ACH/USDT:USDT,0.02293,2943.0,0.02292,10975.0,0.02295,5097.0,0.02297,129707.0
1753617314125,11:55:14.125,blofin,ACH/USDT:USDT,0.02293,2943.0,0.02292,18149.0,0.02295,5097.0,0.023,151196.0
1753617315129,11:55:15.129,blofin,ACH/USDT:USDT,0.02293,2940.0,0.02292,27279.0,0.02295,5096.0,0.023,151196.0
1753617315651,11:55:15.651,blofin,ACH/USDT:USDT,0.02293,2942.0,0.02292,20105.0,0.02295,5096.0,0.02299,12425.0
1753617316653,11:55:16.653,blofin,ACH/USDT:USDT,0.02293,2941.0,0.02292,16951.0,0.02295,5096.0,0.02299,43520.0
1753617317129,11:55:17.129,blofin,ACH/USDT:USDT,0.02293,1877.0,0.02292,16951.0,0.02295,8.0,0.02296,5088.0
1753617317654,11:55:17.654,blofin,ACH/USDT:USDT,0.02293,1877.0,0.02292,10975.0,0.02295,8.0,0.02296,5088.0
1753617318657,11:55:18.657,blofin,ACH/USDT:USDT,0.02293,1877.0,0.02292,10975.0,0.02295,8.0,0.02296,5040.0
1753617319256,11:55:19.256,blofin,ACH/USDT:USDT,0.02293,1877.0,0.02292,10975.0,0.02295,4.0,0.02296,5141.0
1753617319655,11:55:19.655,blofin,ACH/USDT:USDT,0.02293,5.0,0.02292,15367.0,0.02295,1460.0,0.02296,73770.0
1753617320658,11:55:20.658,blofin,ACH/USDT:USDT,0.02293,2.0,0.02292,14371.0,0.02294,4825.0,0.02295,4.0
1753617321131,11:55:21.131,blofin,ACH/USDT:USDT,0.02293,2.0,0.02292,10995.0,0.02294,4673.0,0.02295,4.0
1753617322133,11:55:22.133,blofin,ACH/USDT:USDT,0.02293,2.0,0.02292,11795.0,0.02294,1.0,0.02295,4756.0
1753617322661,11:55:22.661,blofin,ACH/USDT:USDT,0.02293,2.0,0.02292,11795.0,0.02295,4761.0,0.02296,37276.0
1753617323661,11:55:23.661,blofin,ACH/USDT:USDT,0.02293,2.0,0.02292,12035.0,0.02294,4752.0,0.02295,9.0
1753617324134,11:55:24.134,blofin,ACH/USDT:USDT,0.02293,2.0,0.02292,14515.0,0.02294,2640.0,0.02295,9.0
1753617324663,11:55:24.663,blofin,ACH/USDT:USDT,0.02293,2.0,0.02292,14512.0,0.02294,2642.0,0.02295,4.0
1753617325667,11:55:25.667,blofin,ACH/USDT:USDT,0.02292,4548.0,0.02291,61856.0,0.02294,1749.0,0.02296,130072.0
1753617326135,11:55:26.135,blofin,ACH/USDT:USDT,0.02292,4060.0,0.0229,30207.0,0.02294,5.0,0.02295,2776.0
1753617327134,11:55:27.134,blofin,ACH/USDT:USDT,0.02292,4060.0,0.02291,7179.0,0.02294,2778.0,0.02295,3.0
1753617327667,11:55:27.667,blofin,ACH/USDT:USDT,0.02292,4061.0,0.02291,7179.0,0.02294,2782.0,0.02296,120123.0
1753617329137,11:55:29.137,blofin,ACH/USDT:USDT,0.02292,4058.0,0.02291,11175.0,0.02294,2782.0,0.02298,16438.0
1753617329672,11:55:29.672,blofin,ACH/USDT:USDT,0.02292,4060.0,0.0229,30207.0,0.02294,2782.0,0.02298,16438.0
1753617330674,11:55:30.674,blofin,ACH/USDT:USDT,0.02292,5019.0,0.02291,2754.0,0.02294,6.0,0.02295,2776.0
1753617332139,11:55:32.139,blofin,ACH/USDT:USDT,0.02292,11774.0,0.0229,30207.0,0.02294,6.0,0.02295,1120.0
1753617333140,11:55:33.140,blofin,ACH/USDT:USDT,0.02292,5318.0,0.0229,30207.0,0.02294,1138.0,0.02295,4.0
1753617334142,11:55:34.142,blofin,ACH/USDT:USDT,0.02292,5115.0,0.0229,30207.0,0.02294,1138.0,0.02295,4.0
1753617334681,11:55:34.681,blofin,ACH/USDT:USDT,0.02292,5116.0,0.0229,30207.0,0.02294,1138.0,0.02295,4.0
1753617335143,11:55:35.143,blofin,ACH/USDT:USDT,0.02292,5118.0,0.0229,30207.0,0.02294,1141.0,0.02299,65536.0
1753617336142,11:55:36.142,blofin,ACH/USDT:USDT,0.02292,1274.0,0.0229,30207.0,0.02294,4389.0,0.02296,127458.0
1753617336684,11:55:36.684,blofin,ACH/USDT:USDT,0.02292,1274.0,0.0229,30207.0,0.02294,4389.0,0.02296,127458.0
1753617337686,11:55:37.686,blofin,ACH/USDT:USDT,0.02292,1277.0,0.0229,30207.0,0.02294,5.0,0.02295,4384.0
1753617338145,11:55:38.145,blofin,ACH/USDT:USDT,0.02292,1293.0,0.0229,30207.0,0.02294,4389.0,0.02298,174930.0
1753617339145,11:55:39.145,blofin,ACH/USDT:USDT,0.02292,1293.0,0.02291,42374.0,0.02294,7.0,0.02295,4384.0
1753617339690,11:55:39.690,blofin,ACH/USDT:USDT,0.02292,1293.0,0.02291,42374.0,0.02294,2.0,0.02295,4388.0
1753617340146,11:55:40.146,blofin,ACH/USDT:USDT,0.02292,1290.0,0.02291,48630.0,0.02294,2.0,0.02295,4385.0
1753617341146,11:55:41.146,blofin,ACH/USDT:USDT,0.02292,1290.0,0.02291,93801.0,0.02294,4386.0,0.02295,170344.0
1753617341695,11:55:41.695,blofin,ACH/USDT:USDT,0.02292,1293.0,0.02291,93801.0,0.02294,4388.0,0.02295,170343.0
1753617342147,11:55:42.147,blofin,ACH/USDT:USDT,0.02292,85.0,0.0229,30729.0,0.02294,4468.0,0.02298,100342.0
1753617343146,11:55:43.146,blofin,ACH/USDT:USDT,0.02292,83.0,0.0229,30729.0,0.02294,6.0,0.02295,4464.0
1753617343697,11:55:43.697,blofin,ACH/USDT:USDT,0.02292,83.0,0.0229,30729.0,0.02294,2.0,0.02295,4469.0
1753617344148,11:55:44.148,blofin,ACH/USDT:USDT,0.02292,83.0,0.0229,136626.0,0.02294,4490.0,0.02295,7557.0
1753617344698,11:55:44.698,blofin,ACH/USDT:USDT,0.02292,83.0,0.0229,136626.0,0.02294,4493.0,0.02295,7552.0
1753617345701,11:55:45.701,blofin,ACH/USDT:USDT,0.02292,956.0,0.0229,159700.0,0.02294,4468.0,0.02295,22070.0
1753617346201,11:55:46.201,blofin,ACH/USDT:USDT,0.02292,958.0,0.0229,30207.0,0.02294,4468.0,0.02295,160024.0
1753617346703,11:55:46.703,blofin,ACH/USDT:USDT,0.02292,958.0,0.0229,30207.0,0.02294,4468.0,0.02295,160024.0
1753617347201,11:55:47.201,blofin,ACH/USDT:USDT,0.02292,262.0,0.0229,30207.0,0.02294,4.0,0.02295,4968.0
1753617348149,11:55:48.149,blofin,ACH/USDT:USDT,0.02292,3222.0,0.02291,28160.0,0.02294,4722.0,0.02295,5.0
1753617348705,11:55:48.705,blofin,ACH/USDT:USDT,0.02292,3222.0,0.02291,28160.0,0.02294,4726.0,0.02299,109990.0
1753617349205,11:55:49.205,blofin,ACH/USDT:USDT,0.02292,2198.0,0.0229,30207.0,0.02294,4740.0,0.02299,194193.0
1753617350209,11:55:50.209,blofin,ACH/USDT:USDT,0.02292,2197.0,0.0229,30207.0,0.02294,6367.0,0.02297,74824.0
1753617350707,11:55:50.707,blofin,ACH/USDT:USDT,0.02292,2197.0,0.0229,30207.0,0.02294,6367.0,0.02297,74824.0
1753617351709,11:55:51.709,blofin,ACH/USDT:USDT,0.02292,261.0,0.0229,95685.0,0.02294,2.0,0.02295,6365.0
1753617352209,11:55:52.209,blofin,ACH/USDT:USDT,0.02292,1253.0,0.02291,95396.0,0.02294,6363.0,0.02298,119636.0
1753617353157,11:55:53.157,blofin,ACH/USDT:USDT,0.02292,261.0,0.02291,8025.0,0.02294,3.0,0.02295,6360.0
1753617353711,11:55:53.711,blofin,ACH/USDT:USDT,0.02292,261.0,0.02291,5767.0,0.02294,2.0,0.02295,6364.0
1753617354211,11:55:54.211,blofin,ACH/USDT:USDT,0.02292,261.0,0.02291,5767.0,0.02294,2.0,0.02295,6762.0
1753617354714,11:55:54.714,blofin,ACH/USDT:USDT,0.02292,261.0,0.02291,5767.0,0.02294,2.0,0.02295,6765.0
1753617355714,11:55:55.714,blofin,ACH/USDT:USDT,0.02292,261.0,0.02291,41893.0,0.02294,6760.0,0.02295,3.0
1753617356214,11:55:56.214,blofin,ACH/USDT:USDT,0.02292,1255.0,0.0229,112958.0,0.02294,6760.0,0.02295,3.0
1753617357217,11:55:57.217,blofin,ACH/USDT:USDT,0.02292,261.0,0.02289,10346.0,0.02295,6763.0,0.023,65684.0
1753617357720,11:55:57.720,blofin,ACH/USDT:USDT,0.02292,262.0,0.02289,10346.0,0.02295,6763.0,0.023,65684.0
1753617359222,11:55:59.222,blofin,ACH/USDT:USDT,0.02292,38.0,0.02291,7951.0,0.02294,7154.0,0.02295,2.0
1753617359725,11:55:59.725,blofin,ACH/USDT:USDT,0.02292,38.0,0.02291,7951.0,0.02294,7154.0,0.02295,2.0
1753617360223,11:56:00.223,blofin,ACH/USDT:USDT,0.02292,40.0,0.02291,3657.0,0.02294,7156.0,0.02295,2.0
1753617361225,11:56:01.225,blofin,ACH/USDT:USDT,0.02292,278.0,0.02291,3657.0,0.02294,6969.0,0.02295,2.0
1753617362226,11:56:02.226,blofin,ACH/USDT:USDT,0.02292,4285.0,0.02291,84771.0,0.02294,4857.0,0.02295,143510.0
1753617363227,11:56:03.227,blofin,ACH/USDT:USDT,0.02292,2173.0,0.0229,10500.0,0.02294,6577.0,0.02295,158436.0
1753617363728,11:56:03.728,blofin,ACH/USDT:USDT,0.02292,2173.0,0.0229,8803.0,0.02294,6577.0,0.02295,158436.0
1753617364228,11:56:04.228,blofin,ACH/USDT:USDT,0.02292,2173.0,0.02291,104350.0,0.02294,6585.0,0.02295,2.0
1753617365230,11:56:05.230,blofin,ACH/USDT:USDT,0.02292,2173.0,0.02291,163624.0,0.02294,6586.0,0.02295,44153.0
1753617365730,11:56:05.730,blofin,ACH/USDT:USDT,0.02292,2175.0,0.02291,163624.0,0.02294,6586.0,0.02295,44153.0
1753617366231,11:56:06.231,blofin,ACH/USDT:USDT,0.02292,280.0,0.02291,11588.0,0.02294,6586.0,0.02295,2.0
1753617367232,11:56:07.232,blofin,ACH/USDT:USDT,0.02292,280.0,0.02291,11588.0,0.02294,2.0,0.02295,6586.0
1753617367733,11:56:07.733,blofin,ACH/USDT:USDT,0.02292,280.0,0.0229,2125.0,0.02294,2.0,0.02295,6586.0
1753617368736,11:56:08.736,blofin,ACH/USDT:USDT,0.02292,40.0,0.0229,2125.0,0.02295,6587.0,0.02298,27702.0
1753617369737,11:56:09.737,blofin,ACH/USDT:USDT,0.02292,38.0,0.0229,2125.0,0.02294,6584.0,0.02295,3.0
1753617370239,11:56:10.239,blofin,ACH/USDT:USDT,0.02292,1145.0,0.02291,130510.0,0.02294,6594.0,0.02295,2.0
1753617370741,11:56:10.741,blofin,ACH/USDT:USDT,0.02292,1145.0,0.02291,130510.0,0.02294,6596.0,0.02295,2.0
1753617371242,11:56:11.242,blofin,ACH/USDT:USDT,0.02292,1145.0,0.0229,142882.0,0.02295,6596.0,0.02299,11831.0
1753617371743,11:56:11.743,blofin,ACH/USDT:USDT,0.02292,1144.0,0.0229,142882.0,0.02295,6596.0,0.02299,11831.0
1753617372243,11:56:12.243,blofin,ACH/USDT:USDT,0.02292,1144.0,0.02289,61181.0,0.02294,6597.0,0.02295,2.0
1753617372755,11:56:12.755,blofin,ACH/USDT:USDT,0.02292,1145.0,0.02289,61181.0,0.02294,6597.0,0.02295,2.0
1753617373245,11:56:13.245,blofin,ACH/USDT:USDT,0.02292,4761.0,0.02289,10346.0,0.02294,4469.0,0.02295,2.0
1753617374175,11:56:14.175,blofin,ACH/USDT:USDT,0.02292,4361.0,0.02291,42146.0,0.02294,4.0,0.02295,4466.0
1753617375253,11:56:15.253,blofin,ACH/USDT:USDT,0.02292,2245.0,0.02289,10346.0,0.02295,6645.0,0.02299,135124.0
1753617375751,11:56:15.751,blofin,ACH/USDT:USDT,0.02292,2245.0,0.02289,10346.0,0.02295,6644.0,0.02299,135124.0
1753617376252,11:56:16.252,blofin,ACH/USDT:USDT,0.02292,2245.0,0.0229,5344.0,0.02294,6344.0,0.02295,58854.0
1753617377255,11:56:17.255,blofin,ACH/USDT:USDT,0.02292,2649.0,0.02291,9901.0,0.02295,6244.0,0.02299,25931.0
1753617377755,11:56:17.755,blofin,ACH/USDT:USDT,0.02292,2648.0,0.02291,9901.0,0.02295,6244.0,0.02299,25931.0
1753617378254,11:56:18.254,blofin,ACH/USDT:USDT,0.02292,2544.0,0.02291,3841.0,0.02294,6240.0,0.02295,4.0
1753617378759,11:56:18.759,blofin,ACH/USDT:USDT,0.02292,2542.0,0.02291,3841.0,0.02294,6240.0,0.02295,4.0
1753617379255,11:56:19.255,blofin,ACH/USDT:USDT,0.02292,2542.0,0.02289,10346.0,0.02294,6240.0,0.02295,4.0
1753617380258,11:56:20.258,blofin,ACH/USDT:USDT,0.02292,2473.0,0.02291,54310.0,0.02294,6244.0,0.02295,5512.0
1753617381260,11:56:21.260,blofin,ACH/USDT:USDT,0.02292,1201.0,0.02289,17191.0,0.02294,6645.0,0.02295,2.0
1753617382182,11:56:22.182,blofin,ACH/USDT:USDT,0.02292,985.0,0.02291,116630.0,0.02294,6645.0,0.02295,2.0
1753617382765,11:56:22.765,blofin,ACH/USDT:USDT,0.02292,982.0,0.02291,116630.0,0.02294,6645.0,0.02295,2.0
1753617383265,11:56:23.265,blofin,ACH/USDT:USDT,0.02292,1590.0,0.0229,11979.0,0.02294,6241.0,0.02295,2.0
1753617384267,11:56:24.267,blofin,ACH/USDT:USDT,0.02292,1192.0,0.0229,11979.0,0.02294,6657.0,0.02295,2.0
1753617385199,11:56:25.199,blofin,ACH/USDT:USDT,0.02292,1190.0,0.0229,11979.0,0.02294,6658.0,0.02297,16549.0
1753617385769,11:56:25.769,blofin,ACH/USDT:USDT,0.02292,1192.0,0.0229,11055.0,0.02294,4.0,0.02295,6656.0
1753617386273,11:56:26.273,blofin,ACH/USDT:USDT,0.02292,3512.0,0.0229,11055.0,0.02294,4484.0,0.02295,43127.0
1753617386770,11:56:26.770,blofin,ACH/USDT:USDT,0.02292,3511.0,0.0229,11055.0,0.02294,4484.0,0.02295,43127.0
1753617387270,11:56:27.270,blofin,ACH/USDT:USDT,0.02292,1695.0,0.0229,11055.0,0.02294,6476.0,0.02296,89146.0
1753617388272,11:56:28.272,blofin,ACH/USDT:USDT,0.02292,959.0,0.02291,20690.0,0.02294,6876.0,0.02298,28409.0
1753617389271,11:56:29.271,blofin,ACH/USDT:USDT,0.02292,33.0,0.0229,108679.0,0.02294,6876.0,0.02297,6596.0
1753617389773,11:56:29.773,blofin,ACH/USDT:USDT,0.02292,33.0,0.0229,108679.0,0.02294,6877.0,0.02297,6596.0
1753617390274,11:56:30.274,blofin,ACH/USDT:USDT,0.02292,31.0,0.02291,132350.0,0.02294,6878.0,0.02296,1574.0
1753617391275,11:56:31.275,blofin,ACH/USDT:USDT,0.02292,7.0,0.02291,2568.0,0.02294,4493.0,0.02297,158488.0
1753617391777,11:56:31.777,blofin,ACH/USDT:USDT,0.02292,4.0,0.02291,2570.0,0.02294,4493.0,0.02297,158488.0
1753617392778,11:56:32.778,blofin,ACH/USDT:USDT,0.02292,4.0,0.02291,2570.0,0.02293,4491.0,0.02294,1.0
1753617393280,11:56:33.280,blofin,ACH/USDT:USDT,0.02292,4.0,0.02291,2570.0,0.02293,4491.0,0.02294,1.0
1753617393781,11:56:33.781,blofin,ACH/USDT:USDT,0.02292,4.0,0.02291,2570.0,0.02293,4491.0,0.02294,1.0
1753617394782,11:56:34.782,blofin,ACH/USDT:USDT,0.02292,4.0,0.02291,2570.0,0.02294,4494.0,0.02295,131597.0
1753617395283,11:56:35.283,blofin,ACH/USDT:USDT,0.02292,4.0,0.02291,1034.0,0.02293,4488.0,0.02294,5.0
1753617396193,11:56:36.193,blofin,ACH/USDT:USDT,0.02292,4.0,0.02291,1034.0,0.02293,4488.0,0.02294,27047.0
1753617396784,11:56:36.784,blofin,ACH/USDT:USDT,0.02292,4.0,0.02291,1034.0,0.02293,4489.0,0.02294,27043.0
1753617397452,11:56:37.452,blofin,ACH/USDT:USDT,0.02291,200.0,0.0229,128895.0,0.02293,1.0,0.02294,12209.0
1753617398287,11:56:38.287,blofin,ACH/USDT:USDT,0.02291,220.0,0.0229,4129.0,0.02293,12224.0,0.02294,6.0
1753617398787,11:56:38.787,blofin,ACH/USDT:USDT,0.02291,219.0,0.0229,4129.0,0.02293,12224.0,0.02294,6.0
1753617399789,11:56:39.789,blofin,ACH/USDT:USDT,0.02291,4443.0,0.0229,4129.0,0.02293,2904.0,0.02294,104115.0
1753617401291,11:56:41.291,blofin,ACH/USDT:USDT,0.02291,243.0,0.0229,1072.0,0.02293,4.0,0.02294,5433.0
1753617401793,11:56:41.793,blofin,ACH/USDT:USDT,0.02291,243.0,0.0229,1072.0,0.02294,5438.0,0.02299,32442.0
1753617402292,11:56:42.292,blofin,ACH/USDT:USDT,0.02291,1089.0,0.0229,1072.0,0.02294,5438.0,0.02297,89070.0
1753617403292,11:56:43.292,blofin,ACH/USDT:USDT,0.02291,242.0,0.0229,34611.0,0.02294,5654.0,0.02299,158390.0
1753617404295,11:56:44.295,blofin,ACH/USDT:USDT,0.02291,241.0,0.02288,94133.0,0.02293,5648.0,0.02294,6.0
1753617404794,11:56:44.794,blofin,ACH/USDT:USDT,0.02291,241.0,0.02288,94133.0,0.02293,5650.0,0.02294,1.0
1753617405797,11:56:45.797,blofin,ACH/USDT:USDT,0.02291,244.0,0.02289,86057.0,0.02293,5650.0,0.02294,1.0
1753617406297,11:56:46.297,blofin,ACH/USDT:USDT,0.02291,244.0,0.02289,5716.0,0.02293,2.0,0.02294,5649.0
1753617407299,11:56:47.299,blofin,ACH/USDT:USDT,0.02291,244.0,0.02289,82941.0,0.02293,5656.0,0.02294,4.0
1753617407799,11:56:47.799,blofin,ACH/USDT:USDT,0.02291,243.0,0.02289,82941.0,0.02293,5656.0,0.02294,4.0
1753617408300,11:56:48.300,blofin,ACH/USDT:USDT,0.02291,243.0,0.02289,154637.0,0.02293,5656.0,0.02294,64216.0
1753617409302,11:56:49.302,blofin,ACH/USDT:USDT,0.02291,241.0,0.0229,125068.0,0.02293,5656.0,0.02294,4.0
1753617409803,11:56:49.803,blofin,ACH/USDT:USDT,0.02291,244.0,0.0229,125068.0,0.02293,5656.0,0.02294,4.0
1753617410313,11:56:50.313,blofin,ACH/USDT:USDT,0.02291,245.0,0.02287,23543.0,0.02293,5693.0,0.02294,1.0
1753617411206,11:56:51.206,blofin,ACH/USDT:USDT,0.02291,13.0,0.0229,75182.0,0.02293,5.0,0.02294,5689.0
1753617411807,11:56:51.807,blofin,ACH/USDT:USDT,0.02291,13.0,0.0229,75182.0,0.02294,5690.0,0.02299,189526.0
1753617413811,11:56:53.811,blofin,ACH/USDT:USDT,0.02291,13.0,0.0229,12099.0,0.02293,3.0,0.02294,6025.0
1753617414311,11:56:54.311,blofin,ACH/USDT:USDT,0.02291,13.0,0.0229,13365.0,0.02293,15051.0,0.02294,42613.0
1753617414811,11:56:54.811,blofin,ACH/USDT:USDT,0.02291,13.0,0.02288,9936.0,0.02293,15051.0,0.02294,42613.0
1753617415313,11:56:55.313,blofin,ACH/USDT:USDT,0.02291,14.0,0.0229,10790.0,0.02293,8090.0,0.02294,31136.0
1753617416313,11:56:56.313,blofin,ACH/USDT:USDT,0.02291,12.0,0.0229,10790.0,0.02293,8089.0,0.02296,32980.0
1753617416815,11:56:56.815,blofin,ACH/USDT:USDT,0.02291,14.0,0.0229,10790.0,0.02293,8089.0,0.02296,32980.0
1753617417818,11:56:57.818,blofin,ACH/USDT:USDT,0.02291,12.0,0.0229,10790.0,0.02293,8090.0,0.02295,14448.0
1753617418318,11:56:58.318,blofin,ACH/USDT:USDT,0.02291,12.0,0.0229,10790.0,0.02293,8120.0,0.02294,42144.0
1753617418818,11:56:58.818,blofin,ACH/USDT:USDT,0.02291,12.0,0.0229,10790.0,0.02293,8120.0,0.02294,42144.0
1753617419319,11:56:59.319,blofin,ACH/USDT:USDT,0.02291,13.0,0.0229,10790.0,0.02293,8136.0,0.02296,32980.0
1753617420215,11:57:00.215,blofin,ACH/USDT:USDT,0.02291,14.0,0.0229,10790.0,0.02293,8134.0,0.02296,32980.0
1753617420821,11:57:00.821,blofin,ACH/USDT:USDT,0.02291,12.0,0.0229,10790.0,0.02293,8134.0,0.02295,194692.0
1753617421322,11:57:01.322,blofin,ACH/USDT:USDT,0.02291,12.0,0.0229,10790.0,0.02293,8078.0,0.02296,32980.0
1753617422324,11:57:02.324,blofin,ACH/USDT:USDT,0.02291,236.0,0.0229,10790.0,0.02293,8056.0,0.02295,76687.0
1753617423325,11:57:03.325,blofin,ACH/USDT:USDT,0.02291,2348.0,0.0229,10790.0,0.02293,5647.0,0.02294,170311.0
1753617424329,11:57:04.329,blofin,ACH/USDT:USDT,0.02291,236.0,0.0229,15691.0,0.02293,7823.0,0.02296,32980.0
1753617424831,11:57:04.831,blofin,ACH/USDT:USDT,0.02291,236.0,0.0229,10790.0,0.02293,7823.0,0.02296,32980.0
1753617425329,11:57:05.329,blofin,ACH/USDT:USDT,0.02291,236.0,0.0229,10790.0,0.02293,7826.0,0.02296,32980.0
1753617426330,11:57:06.330,blofin,ACH/USDT:USDT,0.02291,238.0,0.0229,10790.0,0.02293,9.0,0.02294,7816.0
1753617427332,11:57:07.332,blofin,ACH/USDT:USDT,0.02291,1091.0,0.0229,10790.0,0.02293,9.0,0.02294,7816.0
1753617428336,11:57:08.336,blofin,ACH/USDT:USDT,0.02291,11.0,0.0229,10790.0,0.02293,7826.0,0.02296,51850.0
1753617428835,11:57:08.835,blofin,ACH/USDT:USDT,0.02291,11.0,0.0229,10790.0,0.02293,7826.0,0.02296,51850.0
1753617429335,11:57:09.335,blofin,ACH/USDT:USDT,0.02291,11.0,0.0229,140024.0,0.02293,7824.0,0.02294,163286.0
1753617430338,11:57:10.338,blofin,ACH/USDT:USDT,0.02291,10.0,0.0229,10790.0,0.02293,7823.0,0.02296,32980.0
1753617430838,11:57:10.838,blofin,ACH/USDT:USDT,0.02291,13.0,0.0229,10790.0,0.02293,7823.0,0.02296,32980.0
1753617431338,11:57:11.338,blofin,ACH/USDT:USDT,0.02291,13.0,0.0229,10790.0,0.02293,7824.0,0.02294,136707.0
1753617432340,11:57:12.340,blofin,ACH/USDT:USDT,0.02291,13.0,0.0229,23065.0,0.02293,7826.0,0.02296,32980.0
1753617432841,11:57:12.841,blofin,ACH/USDT:USDT,0.02291,13.0,0.0229,23065.0,0.02293,7824.0,0.02296,32980.0
1753617434342,11:57:14.342,blofin,ACH/USDT:USDT,0.02291,13.0,0.0229,23065.0,0.02293,7823.0,0.02296,32980.0
1753617434844,11:57:14.844,blofin,ACH/USDT:USDT,0.02291,13.0,0.0229,10790.0,0.02293,7823.0,0.02296,32980.0
1753617435345,11:57:15.345,blofin,ACH/USDT:USDT,0.02291,10.0,0.0229,96419.0,0.02293,7826.0,0.02296,32980.0
1753617436347,11:57:16.347,blofin,ACH/USDT:USDT,0.02291,14.0,0.0229,166126.0,0.02293,7850.0,0.02294,97203.0
1753617436854,11:57:16.854,blofin,ACH/USDT:USDT,0.02291,6.0,0.0229,23123.0,0.02292,3460.0,0.02293,5.0
1753617437849,11:57:17.849,blofin,ACH/USDT:USDT,0.02291,6.0,0.0229,13566.0,0.02292,4.0,0.02293,2253.0
1753617438350,11:57:18.350,blofin,ACH/USDT:USDT,0.02291,6.0,0.0229,15302.0,0.02292,244.0,0.02293,5.0
1753617439227,11:57:19.227,blofin,ACH/USDT:USDT,0.02291,1.0,0.0229,15307.0,0.02292,4.0,0.02293,61.0
1753617439855,11:57:19.855,blofin,ACH/USDT:USDT,0.02291,1.0,0.0229,15307.0,0.02293,62.0,0.02296,32980.0
1753617440355,11:57:20.355,blofin,ACH/USDT:USDT,0.02291,1.0,0.0229,15201.0,0.02292,1144.0,0.02293,16393.0
1753617441358,11:57:21.358,blofin,ACH/USDT:USDT,0.02291,1.0,0.0229,15305.0,0.02292,283.0,0.02293,5.0
1753617442055,11:57:22.055,blofin,ACH/USDT:USDT,0.02291,1.0,0.0229,15305.0,0.02292,283.0,0.02293,5.0
1753617442861,11:57:22.861,blofin,ACH/USDT:USDT,0.02291,1390.0,0.0229,10790.0,0.02292,3.0,0.02293,7437.0
1753617443360,11:57:23.360,blofin,ACH/USDT:USDT,0.02291,1110.0,0.0229,10790.0,0.02293,5.0,0.02294,7747.0
1753617444364,11:57:24.364,blofin,ACH/USDT:USDT,0.02291,1108.0,0.0229,10790.0,0.02293,7453.0,0.02294,29318.0
1753617444866,11:57:24.866,blofin,ACH/USDT:USDT,0.02291,1108.0,0.0229,10790.0,0.02293,7454.0,0.02294,29315.0
1753617445867,11:57:25.867,blofin,ACH/USDT:USDT,0.02291,231.0,0.0229,21974.0,0.02293,2.0,0.02294,7853.0
1753617446366,11:57:26.366,blofin,ACH/USDT:USDT,0.02291,23.0,0.0229,21974.0,0.02293,7852.0,0.02294,61684.0
1753617447368,11:57:27.368,blofin,ACH/USDT:USDT,0.02291,22.0,0.0229,21974.0,0.02293,15540.0,0.02298,57735.0
1753617448374,11:57:28.374,blofin,ACH/USDT:USDT,0.02291,19.0,0.0229,42553.0,0.02293,7852.0,0.02294,83209.0
1753617449235,11:57:29.235,blofin,ACH/USDT:USDT,0.02291,19.0,0.0229,21974.0,0.02293,4.0,0.02294,7848.0
1753617449872,11:57:29.872,blofin,ACH/USDT:USDT,0.02291,22.0,0.0229,21974.0,0.02293,4.0,0.02294,7848.0
1753617450371,11:57:30.371,blofin,ACH/USDT:USDT,0.02291,22.0,0.0229,21974.0,0.02293,2.0,0.02294,7851.0
1753617451373,11:57:31.373,blofin,ACH/USDT:USDT,0.02291,22.0,0.0229,33770.0,0.02293,7850.0,0.02294,119861.0
1753617451875,11:57:31.875,blofin,ACH/USDT:USDT,0.02291,21.0,0.0229,33770.0,0.02293,7850.0,0.02294,119861.0
1753617452376,11:57:32.376,blofin,ACH/USDT:USDT,0.02291,20.0,0.0229,33770.0,0.02293,2.0,0.02294,7851.0
1753617453377,11:57:33.377,blofin,ACH/USDT:USDT,0.02291,19.0,0.0229,33770.0,0.02293,7850.0,0.02294,3.0
1753617453875,11:57:33.875,blofin,ACH/USDT:USDT,0.02291,19.0,0.0229,33770.0,0.02293,7852.0,0.02295,163285.0
1753617454377,11:57:34.377,blofin,ACH/USDT:USDT,0.02291,19.0,0.0229,21974.0,0.02293,9796.0,0.02294,168394.0
1753617454879,11:57:34.879,blofin,ACH/USDT:USDT,0.02291,22.0,0.0229,21974.0,0.02293,9796.0,0.02294,168394.0
1753617455378,11:57:35.378,blofin,ACH/USDT:USDT,0.02291,21.0,0.0229,21974.0,0.02293,6.0,0.02294,9792.0
1753617456379,11:57:36.379,blofin,ACH/USDT:USDT,0.02291,21.0,0.0229,21974.0,0.02293,2.0,0.02294,9794.0
1753617456879,11:57:36.879,blofin,ACH/USDT:USDT,0.02291,2.0,0.0229,23879.0,0.02293,4274.0,0.02294,2.0
1753617457379,11:57:37.379,blofin,ACH/USDT:USDT,0.02291,2.0,0.0229,22248.0,0.02292,9160.0,0.02293,2.0
1753617458244,11:57:38.244,blofin,ACH/USDT:USDT,0.02291,2.0,0.0229,22248.0,0.02292,9164.0,0.02293,2.0
1753617458883,11:57:38.883,blofin,ACH/USDT:USDT,0.02291,2.0,0.0229,22248.0,0.02292,9165.0,0.02293,2.0
1753617459385,11:57:39.385,blofin,ACH/USDT:USDT,0.02291,2.0,0.0229,22000.0,0.02292,7610.0,0.02293,61278.0
1753617460387,11:57:40.387,blofin,ACH/USDT:USDT,0.02291,2.0,0.0229,22001.0,0.02292,7613.0,0.02293,2.0
1753617461389,11:57:41.389,blofin,ACH/USDT:USDT,0.02291,2.0,0.0229,25209.0,0.02293,4332.0,0.02298,29757.0
1753617462392,11:57:42.392,blofin,ACH/USDT:USDT,0.02291,2.0,0.0229,26659.0,0.02292,2872.0,0.02293,4.0
1753617463393,11:57:43.393,blofin,ACH/USDT:USDT,0.02291,2.0,0.0229,26385.0,0.02292,2872.0,0.02293,4.0
1753617463895,11:57:43.895,blofin,ACH/USDT:USDT,0.02291,2.0,0.0229,26385.0,0.02292,2877.0,0.02293,2.0
1753617464396,11:57:44.396,blofin,ACH/USDT:USDT,0.02291,2.0,0.0229,26387.0,0.02292,2877.0,0.02293,2.0
1753617465252,11:57:45.252,blofin,ACH/USDT:USDT,0.02291,2.0,0.0229,26383.0,0.02292,2877.0,0.02293,2.0
1753617465398,11:57:45.398,blofin,ACH/USDT:USDT,0.02291,2.0,0.0229,26682.0,0.02292,2877.0,0.02293,2.0
1753617466400,11:57:46.400,blofin,ACH/USDT:USDT,0.02291,2.0,0.0229,26679.0,0.02292,2877.0,0.02293,2.0
1753617466900,11:57:46.900,blofin,ACH/USDT:USDT,0.02291,2.0,0.0229,26679.0,0.02292,2877.0,0.02293,2.0
1753617467401,11:57:47.401,blofin,ACH/USDT:USDT,0.02291,2.0,0.0229,26682.0,0.02292,1773.0,0.02293,2.0
1753617468253,11:57:48.253,blofin,ACH/USDT:USDT,0.02291,2.0,0.0229,26682.0,0.02292,3.0,0.02293,1770.0
1753617468916,11:57:48.916,blofin,ACH/USDT:USDT,0.02291,2.0,0.0229,26681.0,0.02293,1773.0,0.02294,116130.0
1753617469403,11:57:49.403,blofin,ACH/USDT:USDT,0.02291,2.0,0.0229,26385.0,0.02292,1776.0,0.02293,5.0
1753617470412,11:57:50.412,blofin,ACH/USDT:USDT,0.02291,2.0,0.0229,26683.0,0.02292,3732.0,0.02293,13745.0
1753617471407,11:57:51.407,blofin,ACH/USDT:USDT,0.02291,2.0,0.0229,26283.0,0.02292,4673.0,0.02293,2.0
1753617472408,11:57:52.408,blofin,ACH/USDT:USDT,0.02291,2.0,0.0229,26683.0,0.02292,4676.0,0.02293,2.0
1753617474413,11:57:54.413,blofin,ACH/USDT:USDT,0.02291,2.0,0.0229,26680.0,0.02292,7018.0,0.02293,2.0
1753617474914,11:57:54.914,blofin,ACH/USDT:USDT,0.02291,2.0,0.0229,26679.0,0.02292,7018.0,0.02293,2.0
1753617475415,11:57:55.415,blofin,ACH/USDT:USDT,0.0229,4310.0,0.02286,177198.0,0.02292,7419.0,0.02294,130893.0
1753617476259,11:57:56.259,blofin,ACH/USDT:USDT,0.0229,4709.0,0.02286,26683.0,0.02292,3.0,0.02293,7016.0
1753617476918,11:57:56.918,blofin,ACH/USDT:USDT,0.0229,4709.0,0.02286,29267.0,0.02292,3.0,0.02293,7016.0
1753617477419,11:57:57.419,blofin,ACH/USDT:USDT,0.0229,4709.0,0.02286,104265.0,0.02292,7022.0,0.02297,105543.0
1753617478260,11:57:58.260,blofin,ACH/USDT:USDT,0.0229,6311.0,0.02287,77212.0,0.02292,6830.0,0.02294,24705.0
1753617478921,11:57:58.921,blofin,ACH/USDT:USDT,0.0229,6311.0,0.02287,77212.0,0.02292,6827.0,0.02294,24705.0
1753617479423,11:57:59.423,blofin,ACH/USDT:USDT,0.0229,6311.0,0.02286,20222.0,0.02292,6828.0,0.02297,132756.0
1753617480264,11:58:00.264,blofin,ACH/USDT:USDT,0.0229,6310.0,0.02286,23804.0,0.02292,6828.0,0.02297,132756.0
1753617480923,11:58:00.923,blofin,ACH/USDT:USDT,0.0229,6310.0,0.02287,9403.0,0.02292,7053.0,0.02295,137160.0
1753617481425,11:58:01.425,blofin,ACH/USDT:USDT,0.0229,6312.0,0.02287,18221.0,0.02292,7053.0,0.02297,106011.0
1753617482273,11:58:02.273,blofin,ACH/USDT:USDT,0.0229,6312.0,0.02288,35244.0,0.02292,4.0,0.02293,6824.0
1753617482933,11:58:02.933,blofin,ACH/USDT:USDT,0.0229,6312.0,0.02288,35244.0,0.02292,1.0,0.02293,6828.0
1753617483931,11:58:03.931,blofin,ACH/USDT:USDT,0.0229,6311.0,0.02287,124012.0,0.02292,7033.0,0.02293,4.0
1753617484433,11:58:04.433,blofin,ACH/USDT:USDT,0.0229,6311.0,0.02286,38180.0,0.02292,7033.0,0.02293,4.0
1753617485434,11:58:05.434,blofin,ACH/USDT:USDT,0.0229,6310.0,0.02288,136868.0,0.02292,7037.0,0.02295,160414.0
1753617485936,11:58:05.936,blofin,ACH/USDT:USDT,0.0229,6310.0,0.02288,136868.0,0.02292,7036.0,0.02295,160414.0
1753617486438,11:58:06.438,blofin,ACH/USDT:USDT,0.0229,6310.0,0.02288,8622.0,0.02292,1.0,0.02293,7037.0
1753617487269,11:58:07.269,blofin,ACH/USDT:USDT,0.0229,6311.0,0.02288,8622.0,0.02292,7033.0,0.02293,5.0
1753617487938,11:58:07.938,blofin,ACH/USDT:USDT,0.0229,6308.0,0.02288,8622.0,0.02292,7037.0,0.02297,114692.0
1753617488438,11:58:08.438,blofin,ACH/USDT:USDT,0.0229,6310.0,0.02288,8622.0,0.02292,7037.0,0.02297,12865.0
1753617488942,11:58:08.942,blofin,ACH/USDT:USDT,0.0229,6310.0,0.02288,8622.0,0.02292,7037.0,0.02297,1485.0
1753617489446,11:58:09.446,blofin,ACH/USDT:USDT,0.0229,6310.0,0.02287,61290.0,0.02292,7053.0,0.02294,3574.0
1753617490443,11:58:10.443,blofin,ACH/USDT:USDT,0.0229,6309.0,0.02288,12110.0,0.02292,2.0,0.02293,7048.0
1753617490946,11:58:10.946,blofin,ACH/USDT:USDT,0.0229,6312.0,0.02288,12110.0,0.02292,2.0,0.02293,7048.0
1753617491445,11:58:11.445,blofin,ACH/USDT:USDT,0.0229,6312.0,0.02289,6201.0,0.02292,2.0,0.02293,7048.0
1753617492446,11:58:12.446,blofin,ACH/USDT:USDT,0.0229,3800.0,0.02288,107046.0,0.02292,13066.0,0.02296,28496.0
1753617492951,11:58:12.951,blofin,ACH/USDT:USDT,0.0229,3800.0,0.02288,107046.0,0.02292,13069.0,0.02296,28496.0
1753617493450,11:58:13.450,blofin,ACH/USDT:USDT,0.0229,6309.0,0.02286,20222.0,0.02292,9501.0,0.02294,14335.0
1753617494454,11:58:14.454,blofin,ACH/USDT:USDT,0.0229,6309.0,0.02286,117010.0,0.02292,9498.0,0.02295,115623.0
1753617494953,11:58:14.953,blofin,ACH/USDT:USDT,0.0229,6309.0,0.02287,5121.0,0.02292,9498.0,0.02295,115623.0
1753617495452,11:58:15.452,blofin,ACH/USDT:USDT,0.0229,2728.0,0.02287,34471.0,0.02292,13141.0,0.02293,6966.0
1753617496454,11:58:16.454,blofin,ACH/USDT:USDT,0.0229,6344.0,0.02289,98887.0,0.02292,10629.0,0.02295,64732.0
1753617497278,11:58:17.278,blofin,ACH/USDT:USDT,0.0229,6344.0,0.02286,147534.0,0.02292,3.0,0.02293,10624.0
1753617497957,11:58:17.957,blofin,ACH/USDT:USDT,0.0229,6344.0,0.02286,147534.0,0.02292,1.0,0.02293,10625.0
1753617498457,11:58:18.457,blofin,ACH/USDT:USDT,0.0229,6344.0,0.02289,100083.0,0.02292,10627.0,0.02293,153742.0
1753617499279,11:58:19.279,blofin,ACH/USDT:USDT,0.0229,5944.0,0.02289,95979.0,0.02292,10923.0,0.02294,172060.0
1753617499962,11:58:19.962,blofin,ACH/USDT:USDT,0.0229,5940.0,0.02289,95979.0,0.02292,10923.0,0.02294,172060.0
1753617500461,11:58:20.461,blofin,ACH/USDT:USDT,0.0229,5944.0,0.02289,2610.0,0.02292,3.0,0.02293,11024.0
1753617501282,11:58:21.282,blofin,ACH/USDT:USDT,0.0229,5944.0,0.02289,2610.0,0.02292,11025.0,0.02293,2.0
1753617501963,11:58:21.963,blofin,ACH/USDT:USDT,0.0229,5944.0,0.02289,2610.0,0.02292,11030.0,0.02297,141862.0
1753617502464,11:58:22.464,blofin,ACH/USDT:USDT,0.0229,5944.0,0.02289,40051.0,0.02292,11030.0,0.02296,66223.0
1753617503464,11:58:23.464,blofin,ACH/USDT:USDT,0.0229,5943.0,0.02288,12460.0,0.02292,11030.0,0.02297,134288.0
1753617503968,11:58:23.968,blofin,ACH/USDT:USDT,0.0229,5943.0,0.02288,12460.0,0.02292,11027.0,0.02297,134288.0
1753617504472,11:58:24.472,blofin,ACH/USDT:USDT,0.0229,1839.0,0.02289,85749.0,0.02292,13358.0,0.02297,149939.0
1753617505468,11:58:25.468,blofin,ACH/USDT:USDT,0.0229,1838.0,0.02289,30411.0,0.02292,13361.0,0.02293,42284.0
1753617506292,11:58:26.292,blofin,ACH/USDT:USDT,0.0229,5933.0,0.02289,30411.0,0.02292,11145.0,0.02295,39464.0
1753617506971,11:58:26.971,blofin,ACH/USDT:USDT,0.0229,5933.0,0.02289,30411.0,0.02292,11146.0,0.02295,39464.0
1753617507472,11:58:27.472,blofin,ACH/USDT:USDT,0.0229,5933.0,0.02289,30411.0,0.02292,11250.0,0.02293,126364.0
1753617508290,11:58:28.290,blofin,ACH/USDT:USDT,0.0229,5933.0,0.02289,143334.0,0.02292,11249.0,0.02294,133882.0
1753617508977,11:58:28.977,blofin,ACH/USDT:USDT,0.0229,5933.0,0.02289,143334.0,0.02292,11248.0,0.02294,133882.0
1753617509291,11:58:29.291,blofin,ACH/USDT:USDT,0.0229,2725.0,0.02289,88696.0,0.02292,8.0,0.02293,13352.0
1753617509978,11:58:29.978,blofin,ACH/USDT:USDT,0.0229,2724.0,0.02289,88696.0,0.02292,5.0,0.02293,13354.0
1753617510477,11:58:30.477,blofin,ACH/USDT:USDT,0.0229,2725.0,0.02289,174915.0,0.02292,5.0,0.02293,13357.0
1753617511479,11:58:31.479,blofin,ACH/USDT:USDT,0.0229,2725.0,0.02289,38896.0,0.02292,11218.0,0.02295,147560.0
1753617512293,11:58:32.293,blofin,ACH/USDT:USDT,0.0229,6333.0,0.02289,30411.0,0.02292,9690.0,0.02296,7652.0
1753617512983,11:58:32.983,blofin,ACH/USDT:USDT,0.0229,6333.0,0.02289,30411.0,0.02292,9690.0,0.02296,7652.0
1753617513483,11:58:33.483,blofin,ACH/USDT:USDT,0.0229,8229.0,0.02289,30411.0,0.02292,2370.0,0.02295,5123.0
1753617514293,11:58:34.293,blofin,ACH/USDT:USDT,0.0229,8228.0,0.02289,30411.0,0.02292,994.0,0.02295,53314.0
1753617515486,11:58:35.486,blofin,ACH/USDT:USDT,0.0229,7860.0,0.02289,30411.0,0.02292,2350.0,0.02295,77813.0
1753617516999,11:58:36.999,blofin,ACH/USDT:USDT,0.0229,7862.0,0.02289,54136.0,0.02292,7.0,0.02293,2344.0
1753617517491,11:58:37.491,blofin,ACH/USDT:USDT,0.0229,7861.0,0.02289,30411.0,0.02292,7.0,0.02293,2344.0
1753617518297,11:58:38.297,blofin,ACH/USDT:USDT,0.0229,7860.0,0.02289,30411.0,0.02292,7.0,0.02293,2344.0
1753617518993,11:58:38.993,blofin,ACH/USDT:USDT,0.0229,7863.0,0.02289,30411.0,0.02292,7.0,0.02293,2344.0
1753617519494,11:58:39.494,blofin,ACH/USDT:USDT,0.0229,7887.0,0.02289,30411.0,0.02292,2122.0,0.02294,42524.0
1753617520495,11:58:40.495,blofin,ACH/USDT:USDT,0.0229,4388.0,0.02289,31964.0,0.02292,6128.0,0.02295,93071.0
1753617520997,11:58:40.997,blofin,ACH/USDT:USDT,0.0229,4388.0,0.02289,30411.0,0.02292,6128.0,0.02295,93071.0
1753617521496,11:58:41.496,blofin,ACH/USDT:USDT,0.0229,2278.0,0.02289,30411.0,0.02292,6128.0,0.02295,137069.0
1753617522498,11:58:42.498,blofin,ACH/USDT:USDT,0.0229,1152.0,0.02289,30411.0,0.02292,8.0,0.02293,6416.0
1753617522998,11:58:42.998,blofin,ACH/USDT:USDT,0.0229,1152.0,0.02289,30411.0,0.02292,8.0,0.02293,6416.0
1753617523499,11:58:43.499,blofin,ACH/USDT:USDT,0.0229,256.0,0.02289,30411.0,0.02292,6424.0,0.02297,102020.0
1753617524504,11:58:44.504,blofin,ACH/USDT:USDT,0.0229,1140.0,0.02289,178237.0,0.02292,6129.0,0.02293,57672.0
1753617525309,11:58:45.309,blofin,ACH/USDT:USDT,0.0229,1142.0,0.02289,178237.0,0.02292,6130.0,0.02293,57672.0
1753617525503,11:58:45.503,blofin,ACH/USDT:USDT,0.0229,1141.0,0.02289,30411.0,0.02292,6426.0,0.02295,172203.0
1753617526506,11:58:46.506,blofin,ACH/USDT:USDT,0.0229,1141.0,0.02289,30411.0,0.02292,6426.0,0.02293,11113.0
1753617527304,11:58:47.304,blofin,ACH/USDT:USDT,0.0229,2252.0,0.02289,30411.0,0.02292,6130.0,0.02294,133772.0
1753617528009,11:58:48.009,blofin,ACH/USDT:USDT,0.0229,2253.0,0.02289,30411.0,0.02292,6126.0,0.02294,133772.0
1753617528509,11:58:48.509,blofin,ACH/USDT:USDT,0.0229,4768.0,0.02289,30411.0,0.02292,3358.0,0.02295,8336.0
1753617529308,11:58:49.308,blofin,ACH/USDT:USDT,0.0229,4768.0,0.02289,30411.0,0.02292,6.0,0.02293,3352.0
1753617530012,11:58:50.012,blofin,ACH/USDT:USDT,0.0229,4768.0,0.02289,30411.0,0.02292,5.0,0.02293,3357.0
1753617530512,11:58:50.512,blofin,ACH/USDT:USDT,0.0229,4768.0,0.02289,30411.0,0.02292,5.0,0.02293,3378.0
1753617531308,11:58:51.308,blofin,ACH/USDT:USDT,0.0229,2256.0,0.02289,67736.0,0.02292,7853.0,0.02293,2.0
1753617532014,11:58:52.014,blofin,ACH/USDT:USDT,0.0229,2253.0,0.02289,67736.0,0.02292,7853.0,0.02293,2.0
1753617532515,11:58:52.515,blofin,ACH/USDT:USDT,0.0229,4757.0,0.02289,111306.0,0.02292,5442.0,0.02296,45302.0
1753617533310,11:58:53.310,blofin,ACH/USDT:USDT,0.0229,6293.0,0.02289,35912.0,0.02292,5338.0,0.02295,28476.0
1753617533517,11:58:53.517,blofin,ACH/USDT:USDT,0.0229,6293.0,0.02289,35912.0,0.02292,5334.0,0.02295,28476.0
1753617534520,11:58:54.520,blofin,ACH/USDT:USDT,0.0229,6293.0,0.02289,30411.0,0.02292,6.0,0.02293,4520.0
1753617535021,11:58:55.021,blofin,ACH/USDT:USDT,0.0229,6294.0,0.02289,30411.0,0.02292,6.0,0.02293,4520.0
1753617535522,11:58:55.522,blofin,ACH/USDT:USDT,0.0229,6294.0,0.02288,120516.0,0.02293,4526.0,0.02294,81593.0
1753617536524,11:58:56.524,blofin,ACH/USDT:USDT,0.0229,6294.0,0.02287,11066.0,0.02293,4306.0,0.02294,126832.0
1753617537024,11:58:57.024,blofin,ACH/USDT:USDT,0.0229,6294.0,0.02287,11066.0,0.02293,4303.0,0.02294,126832.0
1753617537524,11:58:57.524,blofin,ACH/USDT:USDT,0.0229,6295.0,0.02287,11066.0,0.02292,4296.0,0.02293,7.0
1753617538528,11:58:58.528,blofin,ACH/USDT:USDT,0.0229,6294.0,0.02289,89636.0,0.02292,4296.0,0.02293,7.0
1753617539316,11:58:59.316,blofin,ACH/USDT:USDT,0.0229,6296.0,0.02289,611.0,0.02292,4296.0,0.02293,7.0
1753617539526,11:58:59.526,blofin,ACH/USDT:USDT,0.0229,6293.0,0.02289,611.0,0.02292,4296.0,0.02293,7.0
1753617540536,11:59:00.536,blofin,ACH/USDT:USDT,0.0229,6295.0,0.02287,53900.0,0.02292,4497.0,0.02293,5.0
1753617541318,11:59:01.318,blofin,ACH/USDT:USDT,0.0229,4783.0,0.02287,7699.0,0.02292,4436.0,0.02293,5.0
1753617542029,11:59:02.029,blofin,ACH/USDT:USDT,0.0229,4782.0,0.02287,7699.0,0.02292,4436.0,0.02293,5.0
1753617542536,11:59:02.536,blofin,ACH/USDT:USDT,0.0229,6318.0,0.02288,9918.0,0.02292,4.0,0.02293,4437.0
1753617543318,11:59:03.318,blofin,ACH/USDT:USDT,0.0229,6294.0,0.02288,9918.0,0.02292,4.0,0.02293,4437.0
1753617543533,11:59:03.533,blofin,ACH/USDT:USDT,0.0229,6295.0,0.02288,9918.0,0.02292,4.0,0.02293,4437.0
1753617544533,11:59:04.533,blofin,ACH/USDT:USDT,0.0229,6319.0,0.02289,5940.0,0.02292,4.0,0.02293,4653.0
1753617545034,11:59:05.034,blofin,ACH/USDT:USDT,0.0229,6321.0,0.02289,5940.0,0.02292,4.0,0.02293,4653.0
1753617545535,11:59:05.535,blofin,ACH/USDT:USDT,0.02291,1184.0,0.0229,7.0,0.02293,3194.0,0.02298,152692.0
1753617546539,11:59:06.539,blofin,ACH/USDT:USDT,0.02291,1384.0,0.0229,7.0,0.02293,7.0,0.02294,3432.0
1753617547322,11:59:07.322,blofin,ACH/USDT:USDT,0.02291,1091.0,0.0229,4.0,0.02293,4615.0,0.02297,93696.0
1753617548039,11:59:08.039,blofin,ACH/USDT:USDT,0.02291,1093.0,0.0229,4.0,0.02293,4615.0,0.02297,93696.0
1753617548543,11:59:08.543,blofin,ACH/USDT:USDT,0.02291,1093.0,0.0229,4.0,0.02293,5.0,0.02294,5693.0
1753617549324,11:59:09.324,blofin,ACH/USDT:USDT,0.02291,1093.0,0.0229,45634.0,0.02293,5.0,0.02294,5397.0
1753617549542,11:59:09.542,blofin,ACH/USDT:USDT,0.02291,1093.0,0.0229,45634.0,0.02293,5.0,0.02294,5394.0
1753617550544,11:59:10.544,blofin,ACH/USDT:USDT,0.02291,1093.0,0.0229,4.0,0.02293,5397.0,0.02294,5.0
1753617551325,11:59:11.325,blofin,ACH/USDT:USDT,0.02291,6085.0,0.0229,4.0,0.02293,2405.0,0.02294,5.0
1753617551545,11:59:11.545,blofin,ACH/USDT:USDT,0.02291,6081.0,0.0229,4.0,0.02293,2405.0,0.02294,5.0
1753617552546,11:59:12.546,blofin,ACH/USDT:USDT,0.02291,6083.0,0.0229,4.0,0.02293,10.0,0.02294,2400.0
1753617553326,11:59:13.326,blofin,ACH/USDT:USDT,0.02291,6083.0,0.0229,91295.0,0.02293,1162.0,0.02295,49855.0
1753617553549,11:59:13.549,blofin,ACH/USDT:USDT,0.02291,6082.0,0.0229,91295.0,0.02293,1162.0,0.02295,49855.0
1753617554550,11:59:14.550,blofin,ACH/USDT:USDT,0.02291,7682.0,0.0229,4.0,0.02293,1130.0,0.02294,114434.0
1753617555386,11:59:15.386,blofin,ACH/USDT:USDT,0.02291,7684.0,0.0229,47517.0,0.02293,1128.0,0.02295,138539.0
1753617555551,11:59:15.551,blofin,ACH/USDT:USDT,0.02291,7683.0,0.0229,47517.0,0.02293,1128.0,0.02295,138539.0
1753617556553,11:59:16.553,blofin,ACH/USDT:USDT,0.02291,7683.0,0.0229,4.0,0.02293,1129.0,0.02298,191937.0
1753617557331,11:59:17.331,blofin,ACH/USDT:USDT,0.02291,7683.0,0.0229,23507.0,0.02293,1129.0,0.02298,93033.0
1753617557556,11:59:17.556,blofin,ACH/USDT:USDT,0.02291,7681.0,0.0229,23507.0,0.02293,1129.0,0.02298,93033.0
1753617558558,11:59:18.558,blofin,ACH/USDT:USDT,0.02291,7705.0,0.0229,5966.0,0.02293,7.0,0.02294,1128.0
1753617559559,11:59:19.559,blofin,ACH/USDT:USDT,0.02291,7705.0,0.0229,4.0,0.02293,1175.0,0.02298,158723.0
1753617560561,11:59:20.561,blofin,ACH/USDT:USDT,0.02291,7705.0,0.0229,4.0,0.02293,10.0,0.02294,1168.0
1753617561061,11:59:21.061,blofin,ACH/USDT:USDT,0.02291,7705.0,0.0229,4.0,0.02293,5.0,0.02294,1169.0
1753617561565,11:59:21.565,blofin,ACH/USDT:USDT,0.02291,7705.0,0.0229,3731.0,0.02293,1173.0,0.02294,1.0
1753617563066,11:59:23.066,blofin,ACH/USDT:USDT,0.02292,1074.0,0.0229,3473.0,0.02293,10.0,0.02294,5712.0
1753617563568,11:59:23.568,blofin,ACH/USDT:USDT,0.02292,4730.0,0.0229,4.0,0.02293,10.0,0.02294,1152.0
1753617564570,11:59:24.570,blofin,ACH/USDT:USDT,0.02292,4730.0,0.0229,4.0,0.02293,5.0,0.02295,1156.0
1753617565570,11:59:25.570,blofin,ACH/USDT:USDT,0.02292,4732.0,0.02288,45491.0,0.02294,1161.0,0.02295,4.0
1753617566573,11:59:26.573,blofin,ACH/USDT:USDT,0.02292,4732.0,0.0229,8314.0,0.02294,1177.0,0.02295,48317.0
1753617567341,11:59:27.341,blofin,ACH/USDT:USDT,0.02292,4731.0,0.0229,8314.0,0.02294,1201.0,0.02295,4.0
1753617568074,11:59:28.074,blofin,ACH/USDT:USDT,0.02292,4734.0,0.02291,7163.0,0.02294,1201.0,0.02295,4.0
1753617568575,11:59:28.575,blofin,ACH/USDT:USDT,0.02292,4732.0,0.02291,138515.0,0.02294,1.0,0.02295,1204.0
1753617569576,11:59:29.576,blofin,ACH/USDT:USDT,0.02292,4732.0,0.02289,77242.0,0.02294,312.0,0.02295,113637.0
1753617570343,11:59:30.343,blofin,ACH/USDT:USDT,0.02292,4730.0,0.02291,3565.0,0.02294,315.0,0.02295,113633.0
1753617570577,11:59:30.577,blofin,ACH/USDT:USDT,0.02292,4733.0,0.02291,3565.0,0.02294,315.0,0.02295,4.0
1753617571579,11:59:31.579,blofin,ACH/USDT:USDT,0.02292,4733.0,0.02291,3565.0,0.02294,1187.0,0.02295,4.0
1753617572342,11:59:32.342,blofin,ACH/USDT:USDT,0.02292,4733.0,0.02291,101320.0,0.02294,1185.0,0.02295,4.0
1753617573083,11:59:33.083,blofin,ACH/USDT:USDT,0.02292,4731.0,0.02291,101320.0,0.02294,1187.0,0.02295,4.0
1753617573581,11:59:33.581,blofin,ACH/USDT:USDT,0.02292,4732.0,0.02291,3565.0,0.02294,3.0,0.02295,1188.0
1753617574344,11:59:34.344,blofin,ACH/USDT:USDT,0.02292,6332.0,0.02291,3565.0,0.02294,112.0,0.02295,8.0
1753617575086,11:59:35.086,blofin,ACH/USDT:USDT,0.02292,6331.0,0.0229,97153.0,0.02294,112.0,0.02295,8.0
1753617575587,11:59:35.587,blofin,ACH/USDT:USDT,0.02292,6330.0,0.02291,22513.0,0.02294,117.0,0.02295,4.0
1753617576589,11:59:36.589,blofin,ACH/USDT:USDT,0.02292,6330.0,0.02288,48253.0,0.02294,113.0,0.02295,4.0
1753617577091,11:59:37.091,blofin,ACH/USDT:USDT,0.02292,6333.0,0.02288,48253.0,0.02294,113.0,0.02295,4.0
1753617577591,11:59:37.591,blofin,ACH/USDT:USDT,0.02292,6333.0,0.02291,1007.0,0.02294,121.0,0.02295,4.0
1753617578592,11:59:38.592,blofin,ACH/USDT:USDT,0.02292,6331.0,0.02291,1007.0,0.02294,121.0,0.02295,4.0
1753617579350,11:59:39.350,blofin,ACH/USDT:USDT,0.02292,6331.0,0.02291,1007.0,0.02294,4.0,0.02295,124.0
1753617580094,11:59:40.094,blofin,ACH/USDT:USDT,0.02292,6330.0,0.02291,1007.0,0.02295,129.0,0.02297,64418.0
1753617580596,11:59:40.596,blofin,ACH/USDT:USDT,0.02292,6333.0,0.02288,65491.0,0.02295,127.0,0.02298,116429.0
1753617581596,11:59:41.596,blofin,ACH/USDT:USDT,0.02292,6330.0,0.02288,79894.0,0.02294,408.0,0.02295,5.0
1753617582349,11:59:42.349,blofin,ACH/USDT:USDT,0.02292,6330.0,0.02288,51248.0,0.02295,413.0,0.02298,43172.0
1753617582599,11:59:42.599,blofin,ACH/USDT:USDT,0.02292,6330.0,0.02288,51248.0,0.02295,414.0,0.02298,43172.0
1753617583601,11:59:43.601,blofin,ACH/USDT:USDT,0.02292,6331.0,0.02289,47369.0,0.02295,249.0,0.02298,40524.0
1753617584353,11:59:44.353,blofin,ACH/USDT:USDT,0.02292,6331.0,0.02288,118289.0,0.02295,255.0,0.02296,10310.0
1753617585604,11:59:45.604,blofin,ACH/USDT:USDT,0.02292,6334.0,0.02291,65269.0,0.02294,248.0,0.02295,5.0
1753617586605,11:59:46.605,blofin,ACH/USDT:USDT,0.02292,6486.0,0.02289,190770.0,0.02294,274.0,0.02295,61246.0
1753617587352,11:59:47.352,blofin,ACH/USDT:USDT,0.02292,6486.0,0.02288,110807.0,0.02294,266.0,0.02295,4.0
1753617588107,11:59:48.107,blofin,ACH/USDT:USDT,0.02292,6486.0,0.02288,110807.0,0.02294,267.0,0.02295,4.0
1753617588610,11:59:48.610,blofin,ACH/USDT:USDT,0.02292,6486.0,0.02291,98404.0,0.02294,267.0,0.02295,4.0
1753617589356,11:59:49.356,blofin,ACH/USDT:USDT,0.02292,6484.0,0.02289,65268.0,0.02294,251.0,0.02295,4.0
1753617590112,11:59:50.112,blofin,ACH/USDT:USDT,0.02293,1979.0,0.02292,41086.0,0.02294,4.0,0.02295,3676.0
1753617591112,11:59:51.112,blofin,ACH/USDT:USDT,0.02293,3019.0,0.02292,79356.0,0.02295,3694.0,0.023,69033.0
1753617591613,11:59:51.613,blofin,ACH/USDT:USDT,0.02293,363.0,0.02292,6142.0,0.02295,5133.0,0.02299,34800.0
1753617592360,11:59:52.360,blofin,ACH/USDT:USDT,0.02293,355.0,0.02292,1.0,0.02295,4733.0,0.023,164136.0
1753617593116,11:59:53.116,blofin,ACH/USDT:USDT,0.02293,355.0,0.02292,1.0,0.02295,4734.0,0.023,164136.0
1753617593617,11:59:53.617,blofin,ACH/USDT:USDT,0.02293,171.0,0.02292,45530.0,0.02295,5134.0,0.02297,157096.0
1753617594619,11:59:54.619,blofin,ACH/USDT:USDT,0.02293,177.0,0.02292,62025.0,0.02295,4.0,0.02296,5138.0
1753617595375,11:59:55.375,blofin,ACH/USDT:USDT,0.02293,177.0,0.02292,74793.0,0.02295,4.0,0.02296,5138.0
1753617596124,11:59:56.124,blofin,ACH/USDT:USDT,0.02293,178.0,0.02292,5958.0,0.02295,5136.0,0.02296,8.0
1753617596623,11:59:56.623,blofin,ACH/USDT:USDT,0.02293,178.0,0.02292,5958.0,0.02296,5145.0,0.02299,65618.0
1753617597626,11:59:57.626,blofin,ACH/USDT:USDT,0.02293,178.0,0.02292,5958.0,0.02296,5209.0,0.023,80541.0
1753617598127,11:59:58.127,blofin,ACH/USDT:USDT,0.02293,179.0,0.02292,5958.0,0.02296,5209.0,0.023,80541.0
1753617598629,11:59:58.629,blofin,ACH/USDT:USDT,0.02293,179.0,0.02292,5958.0,0.02296,5257.0,0.023,23414.0
1753617599629,11:59:59.629,blofin,ACH/USDT:USDT,0.02293,1.0,0.02292,5133.0,0.02295,2440.0,0.02296,9.0
1753617600367,12:00:00.367,blofin,ACH/USDT:USDT,0.02293,1.0,0.02292,4994.0,0.02295,2443.0,0.02296,4.0
1753617601133,12:00:01.133,blofin,ACH/USDT:USDT,0.02293,1.0,0.02292,6445.0,0.02295,2165.0,0.02296,127599.0
1753617601635,12:00:01.635,blofin,ACH/USDT:USDT,0.02293,1.0,0.02292,6445.0,0.02294,2165.0,0.02296,4.0
1753617602635,12:00:02.635,blofin,ACH/USDT:USDT,0.02293,1.0,0.02292,6445.0,0.02294,2.0,0.02295,2456.0
1753617603369,12:00:03.369,blofin,ACH/USDT:USDT,0.02293,1.0,0.02292,4981.0,0.02294,2.0,0.02295,2168.0
1753617604370,12:00:04.370,blofin,ACH/USDT:USDT,0.02293,1.0,0.02292,6845.0,0.02294,10.0,0.02296,4.0
1753617605372,12:00:05.372,blofin,ACH/USDT:USDT,0.02293,1.0,0.02292,6845.0,0.02294,13.0,0.02296,4.0
1753617606142,12:00:06.142,blofin,ACH/USDT:USDT,0.02293,1.0,0.02292,6869.0,0.02294,13.0,0.02296,4.0
1753617607142,12:00:07.142,blofin,ACH/USDT:USDT,0.02293,1.0,0.02292,6844.0,0.02294,11.0,0.02296,51540.0
1753617607643,12:00:07.643,blofin,ACH/USDT:USDT,0.02293,1.0,0.02292,6844.0,0.02294,3.0,0.02295,824.0
1753617608644,12:00:08.644,blofin,ACH/USDT:USDT,0.02293,1.0,0.02292,6844.0,0.02294,827.0,0.02296,4.0
1753617609375,12:00:09.375,blofin,ACH/USDT:USDT,0.02293,1.0,0.02292,6845.0,0.02294,1715.0,0.02295,103156.0
1753617610148,12:00:10.148,blofin,ACH/USDT:USDT,0.02293,1.0,0.02292,6845.0,0.02294,1715.0,0.02295,103156.0
1753617610648,12:00:10.648,blofin,ACH/USDT:USDT,0.02293,1.0,0.02292,6844.0,0.02294,829.0,0.02296,4.0
1753617611374,12:00:11.374,blofin,ACH/USDT:USDT,0.02293,1.0,0.02292,6842.0,0.02294,829.0,0.02296,4.0
1753617612375,12:00:12.375,blofin,ACH/USDT:USDT,0.02293,1.0,0.02292,6845.0,0.02294,1713.0,0.02296,4.0
1753617613151,12:00:13.151,blofin,ACH/USDT:USDT,0.02293,1.0,0.02292,6845.0,0.02294,1714.0,0.02296,4.0
1753617613653,12:00:13.653,blofin,ACH/USDT:USDT,0.02293,1.0,0.02292,2789.0,0.02294,5162.0,0.02296,4.0
1753617614654,12:00:14.654,blofin,ACH/USDT:USDT,0.02293,1.0,0.02292,2786.0,0.02294,5266.0,0.02296,4.0
1753617615381,12:00:15.381,blofin,ACH/USDT:USDT,0.02293,1.0,0.02292,2786.0,0.02294,5266.0,0.02296,4.0
1753617615653,12:00:15.653,blofin,ACH/USDT:USDT,0.02293,1.0,0.02292,2786.0,0.02294,5269.0,0.02296,4.0
1753617616657,12:00:16.657,blofin,ACH/USDT:USDT,0.02293,1.0,0.02292,2785.0,0.02294,5.0,0.02295,5160.0
1753617617381,12:00:17.381,blofin,ACH/USDT:USDT,0.02293,1.0,0.02292,1809.0,0.02295,4891.0,0.02296,4.0
1753617618158,12:00:18.158,blofin,ACH/USDT:USDT,0.02293,1.0,0.02292,1813.0,0.02295,4893.0,0.02296,4.0
1753617618660,12:00:18.660,blofin,ACH/USDT:USDT,0.02293,1.0,0.02292,949.0,0.02294,5344.0,0.02295,5.0
1753617619382,12:00:19.382,blofin,ACH/USDT:USDT,0.02293,1.0,0.02292,213.0,0.02294,5344.0,0.02295,5.0
1753617620164,12:00:20.164,blofin,ACH/USDT:USDT,0.02293,1.0,0.02292,213.0,0.02294,5346.0,0.02296,4.0
1753617620661,12:00:20.661,blofin,ACH/USDT:USDT,0.02293,1.0,0.02292,10.0,0.02294,5349.0,0.02296,4.0
1753617621662,12:00:21.662,blofin,ACH/USDT:USDT,0.02293,1.0,0.02292,10.0,0.02294,5346.0,0.02295,112771.0
1753617622167,12:00:22.167,blofin,ACH/USDT:USDT,0.02293,1.0,0.02292,10.0,0.02294,5348.0,0.02295,112771.0
1753617622665,12:00:22.665,blofin,ACH/USDT:USDT,0.02293,1.0,0.02292,13.0,0.02294,4.0,0.02295,5688.0
1753617623668,12:00:23.668,blofin,ACH/USDT:USDT,0.02293,1.0,0.02292,13.0,0.02294,5692.0,0.02296,71928.0
1753617624385,12:00:24.385,blofin,ACH/USDT:USDT,0.02293,1.0,0.02292,13.0,0.02294,5693.0,0.02295,145713.0
1753617624668,12:00:24.668,blofin,ACH/USDT:USDT,0.02293,1.0,0.02292,13.0,0.02294,5690.0,0.02295,145713.0
1753617625671,12:00:25.671,blofin,ACH/USDT:USDT,0.02292,14.0,0.02289,50481.0,0.02294,5697.0,0.02298,127998.0
1753617626384,12:00:26.384,blofin,ACH/USDT:USDT,0.02292,14.0,0.02288,103026.0,0.02294,5721.0,0.02299,177159.0
1753617627171,12:00:27.171,blofin,ACH/USDT:USDT,0.02292,1.0,0.02291,4154.0,0.02293,184.0,0.02294,9.0
1753617627672,12:00:27.672,blofin,ACH/USDT:USDT,0.02292,1.0,0.02291,6050.0,0.02294,801.0,0.02297,67347.0
1753617628387,12:00:28.387,blofin,ACH/USDT:USDT,0.02292,1.0,0.02291,5754.0,0.02294,833.0,0.02296,86038.0
1753617629176,12:00:29.176,blofin,ACH/USDT:USDT,0.02292,1.0,0.02291,5754.0,0.02294,833.0,0.02296,86038.0
1753617629676,12:00:29.676,blofin,ACH/USDT:USDT,0.02292,1.0,0.02291,4154.0,0.02293,2547.0,0.02294,5.0
1753617630389,12:00:30.389,blofin,ACH/USDT:USDT,0.02292,1.0,0.02291,4155.0,0.02293,2548.0,0.02294,5.0
1753617631178,12:00:31.178,blofin,ACH/USDT:USDT,0.02292,1.0,0.02291,4155.0,0.02293,2548.0,0.02294,5.0
1753617631679,12:00:31.679,blofin,ACH/USDT:USDT,0.02292,1.0,0.02291,4155.0,0.02293,2532.0,0.02294,5.0
1753617632680,12:00:32.680,blofin,ACH/USDT:USDT,0.02292,1.0,0.02291,4157.0,0.02293,2529.0,0.02294,5.0
1753617633389,12:00:33.389,blofin,ACH/USDT:USDT,0.02292,1.0,0.02291,1989.0,0.02293,6401.0,0.02294,5.0
1753617634183,12:00:34.183,blofin,ACH/USDT:USDT,0.02292,1.0,0.02291,1989.0,0.02293,6404.0,0.02294,5.0
1753617634687,12:00:34.687,blofin,ACH/USDT:USDT,0.02292,1.0,0.02291,1989.0,0.02293,6697.0,0.02294,92042.0
1753617635393,12:00:35.393,blofin,ACH/USDT:USDT,0.02292,1.0,0.02291,1989.0,0.02293,6697.0,0.02294,92042.0
1753617636185,12:00:36.185,blofin,ACH/USDT:USDT,0.02292,1.0,0.02291,1987.0,0.02293,6697.0,0.02294,5.0
1753617636686,12:00:36.686,blofin,ACH/USDT:USDT,0.02292,1.0,0.02291,1979.0,0.02293,6684.0,0.02294,5.0
1753617637691,12:00:37.691,blofin,ACH/USDT:USDT,0.02292,1.0,0.02291,1987.0,0.02293,5162.0,0.02294,133301.0
1753617638399,12:00:38.399,blofin,ACH/USDT:USDT,0.02292,1.0,0.02291,1979.0,0.02293,6690.0,0.02294,5.0
1753617638690,12:00:38.690,blofin,ACH/USDT:USDT,0.02292,1.0,0.02291,1979.0,0.02293,6690.0,0.02294,5.0
1753617639694,12:00:39.694,blofin,ACH/USDT:USDT,0.02292,1.0,0.02291,1979.0,0.02293,6796.0,0.02294,5.0
1753617640395,12:00:40.395,blofin,ACH/USDT:USDT,0.02292,1.0,0.02291,1977.0,0.02293,6795.0,0.02294,5.0
1753617641694,12:00:41.694,blofin,ACH/USDT:USDT,0.02292,1.0,0.02291,1969.0,0.02293,6933.0,0.02294,5.0
1753617643395,12:00:43.395,blofin,ACH/USDT:USDT,0.02291,1.0,0.0229,2304.0,0.02292,5016.0,0.02293,1.0
1753617643696,12:00:43.696,blofin,ACH/USDT:USDT,0.02291,1.0,0.0229,2304.0,0.02292,5018.0,0.02294,5.0
1753617644697,12:00:44.697,blofin,ACH/USDT:USDT,0.0229,1421.0,0.02288,6031.0,0.02292,2.0,0.02293,5056.0
1753617645400,12:00:45.400,blofin,ACH/USDT:USDT,0.0229,1417.0,0.02287,73178.0,0.02293,5061.0,0.02294,5.0
1753617646199,12:00:46.199,blofin,ACH/USDT:USDT,0.0229,1420.0,0.02287,3538.0,0.02292,6312.0,0.02293,90265.0
1753617646699,12:00:46.699,blofin,ACH/USDT:USDT,0.0229,284.0,0.02289,144513.0,0.02292,6354.0,0.02294,26032.0
1753617647400,12:00:47.400,blofin,ACH/USDT:USDT,0.0229,284.0,0.02289,4373.0,0.02292,6354.0,0.02294,5.0
1753617648202,12:00:48.202,blofin,ACH/USDT:USDT,0.0229,282.0,0.02289,4373.0,0.02292,6356.0,0.02294,5.0
1753617648705,12:00:48.705,blofin,ACH/USDT:USDT,0.0229,5149.0,0.02289,81250.0,0.02292,4220.0,0.02294,5.0
1753617649403,12:00:49.403,blofin,ACH/USDT:USDT,0.0229,5148.0,0.02289,4373.0,0.02292,4.0,0.02293,3816.0
1753617650209,12:00:50.209,blofin,ACH/USDT:USDT,0.0229,5148.0,0.02287,931.0,0.02292,4.0,0.02293,3816.0
1753617650708,12:00:50.708,blofin,ACH/USDT:USDT,0.0229,1155.0,0.02287,405.0,0.02292,6371.0,0.02294,5.0
1753617651712,12:00:51.712,blofin,ACH/USDT:USDT,0.0229,1155.0,0.02287,405.0,0.02293,6265.0,0.02294,5.0
1753617652404,12:00:52.404,blofin,ACH/USDT:USDT,0.0229,282.0,0.02288,160458.0,0.02292,6368.0,0.02293,1.0
1753617652714,12:00:52.714,blofin,ACH/USDT:USDT,0.0229,282.0,0.02288,160458.0,0.02292,6368.0,0.02293,1.0
1753617653716,12:00:53.716,blofin,ACH/USDT:USDT,0.0229,306.0,0.02287,39163.0,0.02292,6507.0,0.02294,5.0
1753617654407,12:00:54.407,blofin,ACH/USDT:USDT,0.0229,306.0,0.02287,405.0,0.02292,6401.0,0.02293,89214.0
1753617655219,12:00:55.219,blofin,ACH/USDT:USDT,0.0229,306.0,0.02287,405.0,0.02292,6405.0,0.02293,89214.0
1753617655721,12:00:55.721,blofin,ACH/USDT:USDT,0.0229,4879.0,0.02288,133935.0,0.02292,3022.0,0.02294,80988.0
1753617656722,12:00:56.722,blofin,ACH/USDT:USDT,0.0229,4581.0,0.02288,5420.0,0.02292,4062.0,0.02294,141778.0
1753617657408,12:00:57.408,blofin,ACH/USDT:USDT,0.0229,4581.0,0.02288,56714.0,0.02292,4064.0,0.02294,36843.0
1753617658224,12:00:58.224,blofin,ACH/USDT:USDT,0.0229,4584.0,0.02288,56714.0,0.02292,4064.0,0.02294,36843.0
1753617658727,12:00:58.727,blofin,ACH/USDT:USDT,0.0229,4480.0,0.02289,150692.0,0.02292,4360.0,0.02294,36843.0
1753617659727,12:00:59.727,blofin,ACH/USDT:USDT,0.0229,2125.0,0.02288,5420.0,0.02292,6480.0,0.02294,36843.0
1753617660417,12:01:00.417,blofin,ACH/USDT:USDT,0.0229,2125.0,0.02289,4390.0,0.02292,6477.0,0.02294,36843.0
1753617660729,12:01:00.729,blofin,ACH/USDT:USDT,0.0229,2141.0,0.02289,4390.0,0.02292,3.0,0.02293,6507.0
1753617661731,12:01:01.731,blofin,ACH/USDT:USDT,0.0229,4661.0,0.02289,4390.0,0.02292,2013.0,0.02294,36843.0
1753617662420,12:01:02.420,blofin,ACH/USDT:USDT,0.0229,4661.0,0.02289,4390.0,0.02292,7.0,0.02293,4056.0
1753617663234,12:01:03.234,blofin,ACH/USDT:USDT,0.0229,4664.0,0.02288,5420.0,0.02292,7.0,0.02293,4056.0
1753617663735,12:01:03.735,blofin,ACH/USDT:USDT,0.0229,4664.0,0.02288,63793.0,0.02292,4064.0,0.02293,26812.0
1753617664417,12:01:04.417,blofin,ACH/USDT:USDT,0.0229,4368.0,0.02288,5420.0,0.02292,4040.0,0.02293,93125.0
1753617665237,12:01:05.237,blofin,ACH/USDT:USDT,0.0229,4365.0,0.02288,5420.0,0.02292,4040.0,0.02293,93125.0
1753617665737,12:01:05.737,blofin,ACH/USDT:USDT,0.0229,4663.0,0.02288,172268.0,0.02292,4040.0,0.02294,36843.0
1753617666419,12:01:06.419,blofin,ACH/USDT:USDT,0.0229,4663.0,0.02288,119132.0,0.02292,3952.0,0.02294,122463.0
1753617667240,12:01:07.240,blofin,ACH/USDT:USDT,0.0229,4663.0,0.02288,119132.0,0.02292,3951.0,0.02294,122463.0
1753617667740,12:01:07.740,blofin,ACH/USDT:USDT,0.0229,710.0,0.02288,5420.0,0.02292,6127.0,0.02294,54679.0
1753617668420,12:01:08.420,blofin,ACH/USDT:USDT,0.0229,309.0,0.02288,122354.0,0.02292,7.0,0.02293,6520.0
1753617669243,12:01:09.243,blofin,ACH/USDT:USDT,0.0229,309.0,0.02288,122354.0,0.02292,3.0,0.02293,6523.0
1753617669745,12:01:09.745,blofin,ACH/USDT:USDT,0.0229,717.0,0.02288,5420.0,0.02292,6123.0,0.02293,85249.0
1753617670422,12:01:10.422,blofin,ACH/USDT:USDT,0.0229,717.0,0.02288,9970.0,0.02292,6128.0,0.02293,85246.0
1753617671246,12:01:11.246,blofin,ACH/USDT:USDT,0.0229,718.0,0.02289,99350.0,0.02292,6128.0,0.02294,36843.0
1753617671747,12:01:11.747,blofin,ACH/USDT:USDT,0.0229,316.0,0.02288,111488.0,0.02292,6648.0,0.02294,44408.0
1753617672423,12:01:12.423,blofin,ACH/USDT:USDT,0.0229,316.0,0.02288,5420.0,0.02292,6656.0,0.02293,96211.0
1753617673751,12:01:13.751,blofin,ACH/USDT:USDT,0.0229,317.0,0.02288,5420.0,0.02292,6656.0,0.02294,38390.0
1753617674426,12:01:14.426,blofin,ACH/USDT:USDT,0.0229,319.0,0.02289,154750.0,0.02292,6656.0,0.02294,38390.0
1753617674752,12:01:14.752,blofin,ACH/USDT:USDT,0.0229,319.0,0.02289,154750.0,0.02292,6652.0,0.02294,38390.0
1753617675426,12:01:15.426,blofin,ACH/USDT:USDT,0.0229,317.0,0.02289,156646.0,0.02292,6656.0,0.02294,36843.0
1753617676256,12:01:16.256,blofin,ACH/USDT:USDT,0.0229,4669.0,0.02289,1896.0,0.02292,4144.0,0.02294,36843.0
1753617676759,12:01:16.759,blofin,ACH/USDT:USDT,0.0229,4669.0,0.02289,1896.0,0.02292,4143.0,0.02294,127618.0
1753617677426,12:01:17.426,blofin,ACH/USDT:USDT,0.0229,613.0,0.02289,14472.0,0.02292,6263.0,0.02294,36843.0
1753617678059,12:01:18.059,blofin,ACH/USDT:USDT,0.0229,5.0,0.02289,9744.0,0.02291,1048.0,0.02292,5.0
1753617678759,12:01:18.759,blofin,ACH/USDT:USDT,0.0229,3.0,0.02289,2997.0,0.02291,4600.0,0.02292,5.0
1753617679429,12:01:19.429,blofin,ACH/USDT:USDT,0.0229,3.0,0.02289,1829.0,0.02291,6083.0,0.02292,24487.0
1753617680262,12:01:20.262,blofin,ACH/USDT:USDT,0.0229,3.0,0.02289,1829.0,0.02291,6085.0,0.02292,24487.0
1753617680765,12:01:20.765,blofin,ACH/USDT:USDT,0.0229,3.0,0.02289,5493.0,0.02291,1724.0,0.02292,54870.0
1753617681766,12:01:21.766,blofin,ACH/USDT:USDT,0.0229,3.0,0.02289,5093.0,0.02291,4.0,0.02292,2603.0
1753617682429,12:01:22.429,blofin,ACH/USDT:USDT,0.0229,3.0,0.02289,5093.0,0.02291,2608.0,0.02292,8.0
1753617682768,12:01:22.768,blofin,ACH/USDT:USDT,0.0229,3.0,0.02289,5092.0,0.02291,2608.0,0.02292,8.0
1753617683431,12:01:23.431,blofin,ACH/USDT:USDT,0.0229,3.0,0.02289,5092.0,0.02292,2616.0,0.02294,36843.0
1753617684431,12:01:24.431,blofin,ACH/USDT:USDT,0.0229,3.0,0.02289,5492.0,0.02292,1749.0,0.02293,111064.0
1753617684773,12:01:24.773,blofin,ACH/USDT:USDT,0.0229,3.0,0.02289,5493.0,0.02292,1749.0,0.02293,111064.0
1753617685773,12:01:25.773,blofin,ACH/USDT:USDT,0.02289,7463.0,0.02288,13188.0,0.02291,1256.0,0.02292,7.0
1753617686279,12:01:26.279,blofin,ACH/USDT:USDT,0.02289,7462.0,0.02288,13188.0,0.02291,1256.0,0.02292,7.0
1753617686775,12:01:26.775,blofin,ACH/USDT:USDT,0.02289,7462.0,0.02288,13188.0,0.02291,1256.0,0.02292,7.0
1753617687655,12:01:27.655,blofin,ACH/USDT:USDT,0.02289,7462.0,0.02288,13188.0,0.02291,1267.0,0.02292,4.0
1753617688441,12:01:28.441,blofin,ACH/USDT:USDT,0.0229,3156.0,0.02289,3263.0,0.02292,4.0,0.02293,3933.0
1753617688778,12:01:28.778,blofin,ACH/USDT:USDT,0.0229,3156.0,0.02289,3263.0,0.02292,4.0,0.02293,3932.0
1753617689779,12:01:29.779,blofin,ACH/USDT:USDT,0.0229,2185.0,0.02289,3.0,0.02292,5205.0,0.02294,77289.0
1753617690780,12:01:30.780,blofin,ACH/USDT:USDT,0.0229,2186.0,0.02289,73083.0,0.02292,5.0,0.02293,5200.0
1753617691443,12:01:31.443,blofin,ACH/USDT:USDT,0.0229,2187.0,0.02289,3.0,0.02292,5.0,0.02293,5096.0
1753617692439,12:01:32.439,blofin,ACH/USDT:USDT,0.02291,4848.0,0.0229,99122.0,0.02292,4.0,0.02293,3283.0
1753617692782,12:01:32.782,blofin,ACH/USDT:USDT,0.02291,4848.0,0.0229,99122.0,0.02292,4.0,0.02293,3283.0
1753617693784,12:01:33.784,blofin,ACH/USDT:USDT,0.02291,6962.0,0.02289,61550.0,0.02292,4.0,0.02293,267.0
1753617694440,12:01:34.440,blofin,ACH/USDT:USDT,0.02291,6985.0,0.0229,10060.0,0.02292,4.0,0.02293,3.0
1753617694786,12:01:34.786,blofin,ACH/USDT:USDT,0.02291,6985.0,0.0229,10060.0,0.02292,4.0,0.02294,34764.0
1753617695789,12:01:35.789,blofin,ACH/USDT:USDT,0.02291,6235.0,0.02289,11078.0,0.02292,4.0,0.02294,34939.0
1753617696442,12:01:36.442,blofin,ACH/USDT:USDT,0.02291,6235.0,0.02289,11078.0,0.02292,4.0,0.02294,34939.0
1753617697292,12:01:37.292,blofin,ACH/USDT:USDT,0.02291,6237.0,0.02289,11078.0,0.02292,4.0,0.02294,34939.0
1753617697793,12:01:37.793,blofin,ACH/USDT:USDT,0.02291,3461.0,0.0229,52327.0,0.02292,4.0,0.02293,3466.0
1753617698444,12:01:38.444,blofin,ACH/USDT:USDT,0.02291,2653.0,0.02289,11078.0,0.02292,4.0,0.02293,3449.0
1753617699296,12:01:39.296,blofin,ACH/USDT:USDT,0.02292,1200.0,0.02291,5.0,0.02293,1.0,0.02294,36673.0
1753617699799,12:01:39.799,blofin,ACH/USDT:USDT,0.02292,4765.0,0.02289,3.0,0.02293,1.0,0.02294,35665.0
1753617700808,12:01:40.808,blofin,ACH/USDT:USDT,0.02292,4364.0,0.02291,69480.0,0.02294,35636.0,0.02295,12130.0
1753617701447,12:01:41.447,blofin,ACH/USDT:USDT,0.02292,4364.0,0.0229,8511.0,0.02294,35740.0,0.02296,85322.0
1753617702446,12:01:42.446,blofin,ACH/USDT:USDT,0.02292,4364.0,0.02289,20331.0,0.02294,35636.0,0.02298,25677.0
1753617703305,12:01:43.305,blofin,ACH/USDT:USDT,0.02292,4361.0,0.02289,20331.0,0.02294,35637.0,0.02298,25677.0
1753617703809,12:01:43.809,blofin,ACH/USDT:USDT,0.02292,4364.0,0.02291,59262.0,0.02294,35733.0,0.02298,25677.0
1753617704448,12:01:44.448,blofin,ACH/USDT:USDT,0.02292,4364.0,0.02289,20331.0,0.02294,34501.0,0.02295,1232.0
1753617704807,12:01:44.807,blofin,ACH/USDT:USDT,0.02292,4364.0,0.02289,10033.0,0.02294,34501.0,0.02295,1232.0
1753617705811,12:01:45.811,blofin,ACH/USDT:USDT,0.02292,4365.0,0.0229,3990.0,0.02294,37137.0,0.02295,5.0
1753617706449,12:01:46.449,blofin,ACH/USDT:USDT,0.02292,237.0,0.0229,3990.0,0.02294,34497.0,0.02295,5517.0
1753617707057,12:01:47.057,blofin,ACH/USDT:USDT,0.02292,5.0,0.02291,4080.0,0.02293,896.0,0.02294,94835.0
1753617707813,12:01:47.813,blofin,ACH/USDT:USDT,0.02291,4275.0,0.0229,3990.0,0.02293,1160.0,0.02294,34499.0
1753617708450,12:01:48.450,blofin,ACH/USDT:USDT,0.02291,2131.0,0.0229,3990.0,0.02293,4817.0,0.02294,34497.0
1753617709315,12:01:49.315,blofin,ACH/USDT:USDT,0.02291,2130.0,0.0229,3990.0,0.02293,4818.0,0.02294,34497.0
1753617709816,12:01:49.816,blofin,ACH/USDT:USDT,0.02291,2130.0,0.0229,6517.0,0.02293,4818.0,0.02294,34497.0
1753617710548,12:01:50.548,blofin,ACH/USDT:USDT,0.02291,5.0,0.0229,6144.0,0.02293,219.0,0.02294,34497.0
1753617711819,12:01:51.819,blofin,ACH/USDT:USDT,0.0229,4274.0,0.02289,56232.0,0.02292,256.0,0.02293,3.0
1753617712451,12:01:52.451,blofin,ACH/USDT:USDT,0.0229,4274.0,0.02289,3.0,0.02292,258.0,0.02294,34497.0
1753617712822,12:01:52.822,blofin,ACH/USDT:USDT,0.0229,4274.0,0.02289,3.0,0.02292,258.0,0.02294,34497.0
1753617713824,12:01:53.824,blofin,ACH/USDT:USDT,0.0229,4275.0,0.02289,3.0,0.02292,1114.0,0.02294,34497.0
1753617714453,12:01:54.453,blofin,ACH/USDT:USDT,0.0229,4275.0,0.02289,3.0,0.02292,2833.0,0.02294,34497.0
1753617714829,12:01:54.829,blofin,ACH/USDT:USDT,0.0229,4275.0,0.02289,3.0,0.02292,2836.0,0.02294,34497.0
1753617715829,12:01:55.829,blofin,ACH/USDT:USDT,0.0229,4282.0,0.02288,7939.0,0.02292,2545.0,0.02294,87136.0
1753617716455,12:01:56.455,blofin,ACH/USDT:USDT,0.0229,4282.0,0.02288,7939.0,0.02292,2943.0,0.02295,58086.0
1753617717455,12:01:57.455,blofin,ACH/USDT:USDT,0.0229,4282.0,0.02289,127162.0,0.02292,2838.0,0.02297,12739.0
1753617718456,12:01:58.456,blofin,ACH/USDT:USDT,0.0229,2135.0,0.02288,7939.0,0.02292,6.0,0.02293,6168.0
1753617718834,12:01:58.834,blofin,ACH/USDT:USDT,0.0229,2135.0,0.02288,7939.0,0.02292,5.0,0.02293,6170.0
1753617719834,12:01:59.834,blofin,ACH/USDT:USDT,0.0229,2138.0,0.02288,49145.0,0.02292,5.0,0.02293,6170.0
1753617721336,12:02:01.336,blofin,ACH/USDT:USDT,0.0229,5016.0,0.02288,3858.0,0.02292,1445.0,0.02293,1.0
1753617721837,12:02:01.837,blofin,ACH/USDT:USDT,0.0229,5024.0,0.02287,11197.0,0.02292,957.0,0.02293,1.0
1753617722837,12:02:02.837,blofin,ACH/USDT:USDT,0.0229,5024.0,0.02287,11197.0,0.02292,1178.0,0.02293,1608.0
1753617723840,12:02:03.840,blofin,ACH/USDT:USDT,0.0229,4656.0,0.02288,41343.0,0.02292,1178.0,0.02296,71944.0
1753617724462,12:02:04.462,blofin,ACH/USDT:USDT,0.0229,4361.0,0.02287,38939.0,0.02292,10.0,0.02293,1168.0
1753617725341,12:02:05.341,blofin,ACH/USDT:USDT,0.0229,4360.0,0.02287,38939.0,0.02292,10.0,0.02293,1168.0
1753617725844,12:02:05.844,blofin,ACH/USDT:USDT,0.0229,4360.0,0.02289,118927.0,0.02292,2061.0,0.02293,1.0
1753617727346,12:02:07.346,blofin,ACH/USDT:USDT,0.0229,2144.0,0.02286,167252.0,0.02292,5.0,0.02293,5701.0
1753617727846,12:02:07.846,blofin,ACH/USDT:USDT,0.0229,1120.0,0.02287,2887.0,0.02292,5701.0,0.02293,5.0
1753617728849,12:02:08.849,blofin,ACH/USDT:USDT,0.0229,4214.0,0.02287,147190.0,0.02292,1581.0,0.02293,5.0
1753617729856,12:02:09.856,blofin,ACH/USDT:USDT,0.0229,1122.0,0.02289,89381.0,0.02292,5533.0,0.02293,5.0
1753617730465,12:02:10.465,blofin,ACH/USDT:USDT,0.0229,1122.0,0.02289,92036.0,0.02292,5537.0,0.02294,136545.0
1753617731349,12:02:11.349,blofin,ACH/USDT:USDT,0.0229,1122.0,0.02288,151842.0,0.02292,5536.0,0.02295,114172.0
1753617731850,12:02:11.850,blofin,ACH/USDT:USDT,0.0229,246.0,0.02288,6012.0,0.02292,5560.0,0.02294,72357.0
1753617732854,12:02:12.854,blofin,ACH/USDT:USDT,0.0229,1126.0,0.02289,3898.0,0.02292,5240.0,0.02295,109225.0
1753617733465,12:02:13.465,blofin,ACH/USDT:USDT,0.0229,1126.0,0.02289,171757.0,0.02292,7.0,0.02293,5232.0
1753617734357,12:02:14.357,blofin,ACH/USDT:USDT,0.0229,1126.0,0.02289,171757.0,0.02292,5.0,0.02293,5234.0
1753617734857,12:02:14.857,blofin,ACH/USDT:USDT,0.0229,1126.0,0.02289,3898.0,0.02292,5533.0,0.02293,2.0
1753617735469,12:02:15.469,blofin,ACH/USDT:USDT,0.0229,1128.0,0.02286,10379.0,0.02292,5535.0,0.02297,104270.0
1753617736468,12:02:16.468,blofin,ACH/USDT:USDT,0.0229,4352.0,0.02288,147208.0,0.02292,2158.0,0.02293,108289.0
1753617736860,12:02:16.860,blofin,ACH/USDT:USDT,0.0229,4352.0,0.02288,147208.0,0.02292,2162.0,0.02293,108289.0
1753617737862,12:02:17.862,blofin,ACH/USDT:USDT,0.0229,4352.0,0.02289,129813.0,0.02292,3730.0,0.02296,46781.0
1753617738469,12:02:18.469,blofin,ACH/USDT:USDT,0.0229,4352.0,0.02287,65334.0,0.02292,9.0,0.02293,3720.0
1753617739364,12:02:19.364,blofin,ACH/USDT:USDT,0.0229,4353.0,0.02287,65334.0,0.02292,5.0,0.02293,3721.0
1753617739865,12:02:19.865,blofin,ACH/USDT:USDT,0.0229,4753.0,0.02289,145498.0,0.02292,1113.0,0.02297,154848.0
1753617740866,12:02:20.866,blofin,ACH/USDT:USDT,0.0229,4750.0,0.02288,162713.0,0.02292,9.0,0.02293,840.0
1753617741472,12:02:21.472,blofin,ACH/USDT:USDT,0.0229,4478.0,0.02287,7960.0,0.02292,1045.0,0.02293,5.0
1753617742369,12:02:22.369,blofin,ACH/USDT:USDT,0.0229,4478.0,0.02287,7960.0,0.02292,1050.0,0.02294,36552.0
1753617742869,12:02:22.869,blofin,ACH/USDT:USDT,0.0229,4774.0,0.02289,21505.0,0.02292,849.0,0.02295,54271.0
1753617743881,12:02:23.881,blofin,ACH/USDT:USDT,0.0229,4775.0,0.02287,173621.0,0.02292,950.0,0.02296,66955.0
1753617744474,12:02:24.474,blofin,ACH/USDT:USDT,0.0229,4775.0,0.02287,7960.0,0.02292,952.0,0.02295,142144.0
1753617745373,12:02:25.373,blofin,ACH/USDT:USDT,0.0229,4776.0,0.02287,7960.0,0.02292,952.0,0.02295,142144.0
1753617745880,12:02:25.880,blofin,ACH/USDT:USDT,0.0229,4771.0,0.02288,7172.0,0.02292,953.0,0.02293,71465.0
1753617746478,12:02:26.478,blofin,ACH/USDT:USDT,0.0229,4771.0,0.02289,155867.0,0.02292,953.0,0.02296,95457.0
1753617747478,12:02:27.478,blofin,ACH/USDT:USDT,0.0229,4771.0,0.02289,74280.0,0.02292,951.0,0.02293,29589.0
1753617747879,12:02:27.879,blofin,ACH/USDT:USDT,0.0229,4771.0,0.02289,74280.0,0.02292,951.0,0.02293,29589.0
1753617748479,12:02:28.479,blofin,ACH/USDT:USDT,0.0229,4771.0,0.02288,7172.0,0.02292,953.0,0.02294,12208.0
1753617749479,12:02:29.479,blofin,ACH/USDT:USDT,0.0229,4771.0,0.02289,162721.0,0.02292,951.0,0.02293,44565.0
1753617749881,12:02:29.881,blofin,ACH/USDT:USDT,0.0229,4771.0,0.02289,175186.0,0.02292,951.0,0.02293,44565.0
1753617750883,12:02:30.883,blofin,ACH/USDT:USDT,0.0229,4772.0,0.02289,34420.0,0.02292,5.0,0.02293,944.0
1753617751548,12:02:31.548,blofin,ACH/USDT:USDT,0.02291,1088.0,0.0229,4.0,0.02292,5.0,0.02293,3240.0
1753617752483,12:02:32.483,blofin,ACH/USDT:USDT,0.02291,4496.0,0.0229,4.0,0.02292,4.0,0.02293,3.0
1753617752888,12:02:32.888,blofin,ACH/USDT:USDT,0.02291,4496.0,0.0229,4.0,0.02292,4.0,0.02294,1116.0
1753617753890,12:02:33.890,blofin,ACH/USDT:USDT,0.02291,4200.0,0.0229,4.0,0.02292,4.0,0.02294,2268.0
1753617754487,12:02:34.487,blofin,ACH/USDT:USDT,0.02291,2088.0,0.0229,166209.0,0.02292,4.0,0.02293,4568.0
1753617754892,12:02:34.892,blofin,ACH/USDT:USDT,0.02291,2088.0,0.0229,178236.0,0.02292,4.0,0.02293,4568.0
1753617755894,12:02:35.894,blofin,ACH/USDT:USDT,0.02291,2090.0,0.0229,1.0,0.02292,4.0,0.02293,4380.0
1753617756486,12:02:36.486,blofin,ACH/USDT:USDT,0.02291,4604.0,0.0229,9615.0,0.02292,4.0,0.02293,236.0
1753617757394,12:02:37.394,blofin,ACH/USDT:USDT,0.02291,4604.0,0.0229,9615.0,0.02292,4.0,0.02293,237.0
1753617757896,12:02:37.896,blofin,ACH/USDT:USDT,0.02291,4604.0,0.0229,1.0,0.02292,4.0,0.02294,241.0
1753617758494,12:02:38.494,blofin,ACH/USDT:USDT,0.02291,4602.0,0.0229,1.0,0.02292,4.0,0.02293,16.0
1753617758898,12:02:38.898,blofin,ACH/USDT:USDT,0.02291,4602.0,0.0229,1.0,0.02292,4.0,0.02293,18.0
1753617759899,12:02:39.899,blofin,ACH/USDT:USDT,0.02291,6205.0,0.0229,1.0,0.02292,4.0,0.02293,19.0
1753617760490,12:02:40.490,blofin,ACH/USDT:USDT,0.02291,6205.0,0.0229,1.0,0.02292,4.0,0.02293,17.0
1753617760902,12:02:40.902,blofin,ACH/USDT:USDT,0.02291,4305.0,0.0229,1.0,0.02292,4.0,0.02293,425.0
1753617761488,12:02:41.488,blofin,ACH/USDT:USDT,0.02291,4305.0,0.0229,1.0,0.02292,4.0,0.02293,427.0
1753617761903,12:02:41.903,blofin,ACH/USDT:USDT,0.02291,4305.0,0.0229,1.0,0.02292,4.0,0.02293,429.0
1753617762907,12:02:42.907,blofin,ACH/USDT:USDT,0.02291,6057.0,0.0229,143780.0,0.02292,4.0,0.02293,489.0
1753617763490,12:02:43.490,blofin,ACH/USDT:USDT,0.02291,5765.0,0.0229,1.0,0.02292,4.0,0.02293,1.0
1753617763909,12:02:43.909,blofin,ACH/USDT:USDT,0.02291,5762.0,0.0229,1.0,0.02292,4.0,0.02293,1.0
1753617764490,12:02:44.490,blofin,ACH/USDT:USDT,0.02291,5764.0,0.0229,157176.0,0.02292,4.0,0.02293,1345.0
1753617765412,12:02:45.412,blofin,ACH/USDT:USDT,0.02291,5764.0,0.0229,157176.0,0.02292,4.0,0.02293,1349.0
1753617765912,12:02:45.912,blofin,ACH/USDT:USDT,0.02291,6061.0,0.0229,1.0,0.02292,4.0,0.02293,281.0
1753617766492,12:02:46.492,blofin,ACH/USDT:USDT,0.02291,6061.0,0.0229,1.0,0.02292,4.0,0.02293,1.0
1753617767413,12:02:47.413,blofin,ACH/USDT:USDT,0.02291,6059.0,0.0229,1.0,0.02292,4.0,0.02293,1.0
1753617767917,12:02:47.917,blofin,ACH/USDT:USDT,0.02291,6059.0,0.0229,1.0,0.02292,4.0,0.02294,340.0
1753617768497,12:02:48.497,blofin,ACH/USDT:USDT,0.02291,6058.0,0.0229,1.0,0.02292,4.0,0.02293,336.0
1753617769496,12:02:49.496,blofin,ACH/USDT:USDT,0.02291,7661.0,0.0229,1.0,0.02292,4.0,0.02294,364.0
1753617770920,12:02:50.920,blofin,ACH/USDT:USDT,0.02291,7658.0,0.0229,1.0,0.02292,4.0,0.02293,584.0
1753617771498,12:02:51.498,blofin,ACH/USDT:USDT,0.02291,3545.0,0.0229,1.0,0.02292,4.0,0.02293,3552.0
1753617771925,12:02:51.925,blofin,ACH/USDT:USDT,0.02291,3545.0,0.0229,1.0,0.02292,4.0,0.02293,3553.0
1753617772926,12:02:52.926,blofin,ACH/USDT:USDT,0.02291,3545.0,0.0229,5960.0,0.02292,4.0,0.02293,1.0
1753617773498,12:02:53.498,blofin,ACH/USDT:USDT,0.02291,2545.0,0.0229,5960.0,0.02292,4.0,0.02293,5985.0
1753617774499,12:02:54.499,blofin,ACH/USDT:USDT,0.02291,2546.0,0.0229,5960.0,0.02292,4.0,0.02293,5690.0
1753617774929,12:02:54.929,blofin,ACH/USDT:USDT,0.02291,2546.0,0.0229,5960.0,0.02292,4.0,0.02293,5693.0
1753617775931,12:02:55.931,blofin,ACH/USDT:USDT,0.02291,2547.0,0.02289,8769.0,0.02293,5730.0,0.02295,18229.0
1753617776500,12:02:56.500,blofin,ACH/USDT:USDT,0.02291,6060.0,0.02289,76094.0,0.02293,5626.0,0.02295,18229.0
1753617776932,12:02:56.932,blofin,ACH/USDT:USDT,0.02291,6061.0,0.02289,76094.0,0.02293,5626.0,0.02295,18229.0
1753617777935,12:02:57.935,blofin,ACH/USDT:USDT,0.02291,6061.0,0.02289,8769.0,0.02293,5625.0,0.02295,18229.0
1753617779938,12:02:59.938,blofin,ACH/USDT:USDT,0.02291,6061.0,0.0229,114679.0,0.02293,1520.0,0.02295,18229.0
1753617780503,12:03:00.503,blofin,ACH/USDT:USDT,0.02291,6058.0,0.0229,114679.0,0.02293,1519.0,0.02295,18229.0
1753617780939,12:03:00.939,blofin,ACH/USDT:USDT,0.02291,6058.0,0.0229,5960.0,0.02293,1521.0,0.02295,18229.0
1753617781940,12:03:01.940,blofin,ACH/USDT:USDT,0.02291,6058.0,0.02289,90335.0,0.02293,5.0,0.02294,1515.0
1753617782508,12:03:02.508,blofin,ACH/USDT:USDT,0.02291,6082.0,0.0229,74364.0,0.02293,1517.0,0.02294,63842.0
1753617783505,12:03:03.505,blofin,ACH/USDT:USDT,0.02291,6060.0,0.02289,65348.0,0.02293,1517.0,0.02294,1.0
1753617783942,12:03:03.942,blofin,ACH/USDT:USDT,0.02291,6060.0,0.02289,65348.0,0.02293,1521.0,0.02295,18229.0
1753617784945,12:03:04.945,blofin,ACH/USDT:USDT,0.02291,6062.0,0.02289,127117.0,0.02293,5.0,0.02294,1513.0
1753617785508,12:03:05.508,blofin,ACH/USDT:USDT,0.02291,6061.0,0.02289,127117.0,0.02293,5.0,0.02294,1513.0
1753617785945,12:03:05.945,blofin,ACH/USDT:USDT,0.02291,6061.0,0.02289,48939.0,0.02293,5.0,0.02294,1741.0
1753617786947,12:03:06.947,blofin,ACH/USDT:USDT,0.02291,6061.0,0.02288,12941.0,0.02293,5.0,0.02294,69.0
1753617787948,12:03:07.948,blofin,ACH/USDT:USDT,0.02292,4792.0,0.02291,5.0,0.02293,5.0,0.02294,235.0
1753617788508,12:03:08.508,blofin,ACH/USDT:USDT,0.02292,6392.0,0.02291,5.0,0.02293,5.0,0.02294,21.0
1753617788947,12:03:08.947,blofin,ACH/USDT:USDT,0.02292,6393.0,0.02291,1.0,0.02293,5.0,0.02294,21.0
1753617789951,12:03:09.951,blofin,ACH/USDT:USDT,0.02292,6396.0,0.02291,1.0,0.02293,5.0,0.02294,5.0
1753617790512,12:03:10.512,blofin,ACH/USDT:USDT,0.02292,6397.0,0.02291,1.0,0.02293,5.0,0.02295,18249.0
1753617791511,12:03:11.511,blofin,ACH/USDT:USDT,0.02292,6405.0,0.02291,8235.0,0.02293,5.0,0.02294,856.0
1753617792956,12:03:12.956,blofin,ACH/USDT:USDT,0.02292,6403.0,0.02291,1.0,0.02293,5.0,0.02294,624.0
1753617793513,12:03:13.513,blofin,ACH/USDT:USDT,0.02292,6403.0,0.02291,120593.0,0.02293,5.0,0.02294,624.0
1753617794516,12:03:14.516,blofin,ACH/USDT:USDT,0.02292,2049.0,0.02291,1.0,0.02293,5.0,0.02294,4873.0
1753617794959,12:03:14.959,blofin,ACH/USDT:USDT,0.02292,2049.0,0.02291,1.0,0.02293,5.0,0.02294,4877.0
1753617795515,12:03:15.515,blofin,ACH/USDT:USDT,0.02292,2052.0,0.02291,1.0,0.02293,5.0,0.02294,4873.0
1753617796965,12:03:16.965,blofin,ACH/USDT:USDT,0.02292,5929.0,0.02291,1.0,0.02293,5.0,0.02294,1276.0
1753617797967,12:03:17.967,blofin,ACH/USDT:USDT,0.02292,5929.0,0.02291,8688.0,0.02293,5.0,0.02294,1.0
1753617798474,12:03:18.474,blofin,ACH/USDT:USDT,0.02292,5929.0,0.02291,8688.0,0.02293,5.0,0.02294,1.0
1753617799469,12:03:19.469,blofin,ACH/USDT:USDT,0.02292,5825.0,0.02291,1.0,0.02293,5.0,0.02294,276.0
1753617799969,12:03:19.969,blofin,ACH/USDT:USDT,0.02292,3417.0,0.02291,144336.0,0.02293,5.0,0.02294,3858.0
1753617800524,12:03:20.524,blofin,ACH/USDT:USDT,0.02292,2453.0,0.02291,10846.0,0.02293,5.0,0.02294,4.0
1753617801475,12:03:21.475,blofin,ACH/USDT:USDT,0.02292,2450.0,0.02291,2074.0,0.02293,5.0,0.02294,4.0
1753617801975,12:03:21.975,blofin,ACH/USDT:USDT,0.02292,4476.0,0.02291,2074.0,0.02293,5.0,0.02294,4.0
1753617802475,12:03:22.475,blofin,ACH/USDT:USDT,0.02292,4474.0,0.02291,2074.0,0.02293,5.0,0.02294,4.0
1753617802976,12:03:22.976,blofin,ACH/USDT:USDT,0.02292,2050.0,0.02291,2074.0,0.02293,5.0,0.02294,4660.0
1753617803977,12:03:23.977,blofin,ACH/USDT:USDT,0.02292,1965.0,0.02291,2074.0,0.02293,5.0,0.02294,4276.0
1753617804478,12:03:24.478,blofin,ACH/USDT:USDT,0.02292,1965.0,0.02291,1.0,0.02293,5.0,0.02294,4276.0
1753617804980,12:03:24.980,blofin,ACH/USDT:USDT,0.02292,4650.0,0.02291,63509.0,0.02293,5.0,0.02294,1628.0
1753617805981,12:03:25.981,blofin,ACH/USDT:USDT,0.02292,5078.0,0.02291,156008.0,0.02294,534.0,0.02295,114122.0
1753617806982,12:03:26.982,blofin,ACH/USDT:USDT,0.02292,6678.0,0.02288,27102.0,0.02294,294.0,0.02297,95635.0
1753617807984,12:03:27.984,blofin,ACH/USDT:USDT,0.02292,6680.0,0.0229,81524.0,0.02294,6.0,0.02295,288.0
1753617808494,12:03:28.494,blofin,ACH/USDT:USDT,0.02292,6680.0,0.0229,81524.0,0.02294,6.0,0.02295,288.0
1753617808989,12:03:28.989,blofin,ACH/USDT:USDT,0.02292,6680.0,0.02289,58599.0,0.02294,6.0,0.02295,288.0
1753617809990,12:03:29.990,blofin,ACH/USDT:USDT,0.02292,6680.0,0.02291,59357.0,0.02294,5.0,0.02295,291.0
1753617810490,12:03:30.490,blofin,ACH/USDT:USDT,0.02292,6679.0,0.02291,59357.0,0.02294,5.0,0.02295,291.0
1753617810991,12:03:30.991,blofin,ACH/USDT:USDT,0.02292,6679.0,0.02289,637.0,0.02294,296.0,0.02296,126212.0
1753617811493,12:03:31.493,blofin,ACH/USDT:USDT,0.02292,6682.0,0.02289,637.0,0.02294,296.0,0.02296,126212.0
1753617812494,12:03:32.494,blofin,ACH/USDT:USDT,0.02292,6678.0,0.02289,637.0,0.02294,70.0,0.02297,44303.0
1753617812994,12:03:32.994,blofin,ACH/USDT:USDT,0.02292,6679.0,0.02291,57331.0,0.02294,6.0,0.02295,56.0
1753617813496,12:03:33.496,blofin,ACH/USDT:USDT,0.02292,6679.0,0.02291,57331.0,0.02294,5.0,0.02295,59.0
1753617813996,12:03:33.996,blofin,ACH/USDT:USDT,0.02292,6702.0,0.0229,106169.0,0.02294,69.0,0.02295,3.0
1753617814998,12:03:34.998,blofin,ACH/USDT:USDT,0.02292,6702.0,0.02289,637.0,0.02294,5.0,0.02295,59.0
1753617815499,12:03:35.499,blofin,ACH/USDT:USDT,0.02292,6702.0,0.02289,637.0,0.02294,5.0,0.02295,57.0
1753617816000,12:03:36.000,blofin,ACH/USDT:USDT,0.02292,6704.0,0.02288,35764.0,0.02294,66.0,0.02297,1649.0
1753617817004,12:03:37.004,blofin,ACH/USDT:USDT,0.02292,1408.0,0.02288,197075.0,0.02294,3663.0,0.02298,65454.0
1753617817502,12:03:37.502,blofin,ACH/USDT:USDT,0.02292,1408.0,0.02288,197075.0,0.02294,3662.0,0.02298,65454.0
1753617818504,12:03:38.504,blofin,ACH/USDT:USDT,0.02292,2240.0,0.02289,26491.0,0.02294,4270.0,0.02296,2715.0
1753617819005,12:03:39.005,blofin,ACH/USDT:USDT,0.02292,2242.0,0.0229,80300.0,0.02294,6.0,0.02295,4368.0
1753617819507,12:03:39.507,blofin,ACH/USDT:USDT,0.02292,2242.0,0.0229,80300.0,0.02294,5.0,0.02295,4370.0
1753617820510,12:03:40.510,blofin,ACH/USDT:USDT,0.02292,6334.0,0.0229,149457.0,0.02294,293.0,0.02295,24912.0
1753617821009,12:03:41.009,blofin,ACH/USDT:USDT,0.02292,6039.0,0.0229,11311.0,0.02294,295.0,0.02299,71241.0
1753617821510,12:03:41.510,blofin,ACH/USDT:USDT,0.02292,6040.0,0.0229,11311.0,0.02294,295.0,0.02299,71241.0
1753617822513,12:03:42.513,blofin,ACH/USDT:USDT,0.02292,6032.0,0.0229,11311.0,0.02294,151.0,0.02298,34863.0
1753617823016,12:03:43.016,blofin,ACH/USDT:USDT,0.02292,6328.0,0.0229,1780.0,0.02294,151.0,0.02296,26496.0
1753617824016,12:03:44.016,blofin,ACH/USDT:USDT,0.02292,7928.0,0.02289,8438.0,0.02294,151.0,0.02298,127188.0
1753617824519,12:03:44.519,blofin,ACH/USDT:USDT,0.02292,7928.0,0.02289,8438.0,0.02294,152.0,0.02298,127188.0
1753617825516,12:03:45.516,blofin,ACH/USDT:USDT,0.02292,7928.0,0.02291,6861.0,0.02294,153.0,0.02295,23131.0
1753617826017,12:03:46.017,blofin,ACH/USDT:USDT,0.02292,7930.0,0.02288,136609.0,0.02294,414.0,0.02299,19520.0
1753617827018,12:03:47.018,blofin,ACH/USDT:USDT,0.02292,6218.0,0.0229,94999.0,0.02294,5.0,0.02295,1700.0
