timestamp,time,exchange,symbol,bid1_price,bid1_volume,bid2_price,bid2_volume,ask1_price,ask1_volume,ask2_price,ask2_volume
1753617156894,11:52:36.894,bybit,ACE/USDT:USDT,0.595,4245.4,0.5949,8.5,0.5951,4.4,0.5955,296.3
1753617156994,11:52:36.994,bybit,ACE/USDT:USDT,0.595,4434.2,0.5949,8.5,0.5951,4.4,0.5955,296.3
1753617157394,11:52:37.394,bybit,ACE/USDT:USDT,0.595,4266.1,0.5949,8.5,0.5951,4.4,0.5955,296.3
1753617157895,11:52:37.895,bybit,ACE/USDT:USDT,0.5951,356.1,0.595,457.9,0.5953,78.2,0.5956,296.1
1753617157996,11:52:37.996,bybit,ACE/USDT:USDT,0.5951,356.1,0.595,457.9,0.5953,78.2,0.5956,296.1
1753617158094,11:52:38.094,bybit,ACE/USDT:USDT,0.5951,356.1,0.595,420.1,0.5953,78.2,0.5956,296.1
1753617158294,11:52:38.294,bybit,ACE/USDT:USDT,0.5951,356.1,0.595,420.1,0.5953,78.2,0.5956,296.1
1753617158494,11:52:38.494,bybit,ACE/USDT:USDT,0.5951,356.1,0.595,420.1,0.5953,78.2,0.5956,296.1
1753617158594,11:52:38.594,bybit,ACE/USDT:USDT,0.5951,356.1,0.595,420.1,0.5953,78.2,0.5956,296.1
1753617158695,11:52:38.695,bybit,ACE/USDT:USDT,0.5951,356.1,0.595,420.1,0.5953,78.2,0.5956,296.1
1753617158795,11:52:38.795,bybit,ACE/USDT:USDT,0.5951,356.1,0.595,420.1,0.5953,78.2,0.5956,296.1
1753617158894,11:52:38.894,bybit,ACE/USDT:USDT,0.5951,356.1,0.595,420.1,0.5953,78.2,0.5956,296.1
1753617158994,11:52:38.994,bybit,ACE/USDT:USDT,0.5951,356.1,0.595,420.1,0.5953,78.2,0.5956,296.1
1753617159094,11:52:39.094,bybit,ACE/USDT:USDT,0.5951,356.1,0.595,420.1,0.5953,78.2,0.5956,296.1
1753617159194,11:52:39.194,bybit,ACE/USDT:USDT,0.5951,356.1,0.595,420.1,0.5953,78.2,0.5956,296.1
1753617160094,11:52:40.094,bybit,ACE/USDT:USDT,0.5951,3525.1,0.595,420.1,0.5953,78.2,0.5956,296.1
1753617160201,11:52:40.201,bybit,ACE/USDT:USDT,0.5951,3525.1,0.595,420.1,0.5953,78.2,0.5956,296.1
1753617161194,11:52:41.194,bybit,ACE/USDT:USDT,0.5951,494.5,0.595,420.1,0.5953,78.2,0.5956,296.1
1753617161994,11:52:41.994,bybit,ACE/USDT:USDT,0.5951,3486.7,0.595,420.1,0.5953,78.2,0.5956,296.1
1753617162696,11:52:42.696,bybit,ACE/USDT:USDT,0.5952,1426.1,0.5951,3557.2,0.5957,18.0,0.5958,18.0
1753617163095,11:52:43.095,bybit,ACE/USDT:USDT,0.5952,1426.1,0.5951,3557.2,0.5957,55.8,0.5958,18.0
1753617163595,11:52:43.595,bybit,ACE/USDT:USDT,0.5952,1426.1,0.5951,3557.2,0.5957,47.4,0.5958,18.0
1753617163694,11:52:43.694,bybit,ACE/USDT:USDT,0.5953,548.0,0.5952,1046.0,0.5957,47.4,0.5958,18.0
1753617163794,11:52:43.794,bybit,ACE/USDT:USDT,0.5953,380.1,0.5952,1046.0,0.5957,47.4,0.5958,18.0
1753617163894,11:52:43.894,bybit,ACE/USDT:USDT,0.5953,380.1,0.5952,1046.0,0.5957,47.4,0.5958,18.0
1753617163994,11:52:43.994,bybit,ACE/USDT:USDT,0.5953,380.1,0.5952,1046.0,0.5957,47.4,0.5958,18.0
1753617164094,11:52:44.094,bybit,ACE/USDT:USDT,0.5953,380.1,0.5952,1046.0,0.5957,47.4,0.5958,18.0
1753617164295,11:52:44.295,bybit,ACE/USDT:USDT,0.5953,380.1,0.5952,1046.0,0.5957,47.4,0.5958,18.0
1753617164595,11:52:44.595,bybit,ACE/USDT:USDT,0.5954,942.8,0.5953,1495.6,0.5957,37.8,0.5958,18.0
1753617164694,11:52:44.694,bybit,ACE/USDT:USDT,0.5954,942.8,0.5953,1495.6,0.5957,37.8,0.5958,18.0
1753617164995,11:52:44.995,bybit,ACE/USDT:USDT,0.5954,942.8,0.5953,1495.6,0.5957,37.8,0.5958,18.0
1753617165894,11:52:45.894,bybit,ACE/USDT:USDT,0.5954,1842.5,0.5953,1495.6,0.5955,98.3,0.5957,37.8
1753617165995,11:52:45.995,bybit,ACE/USDT:USDT,0.5954,1842.5,0.5953,1495.6,0.5955,98.3,0.5957,37.8
1753617166094,11:52:46.094,bybit,ACE/USDT:USDT,0.5954,1842.5,0.5953,1495.6,0.5955,98.3,0.5958,591.4
1753617166495,11:52:46.495,bybit,ACE/USDT:USDT,0.5954,1842.5,0.5953,1495.6,0.5955,98.3,0.5958,591.4
1753617166594,11:52:46.594,bybit,ACE/USDT:USDT,0.5954,1842.5,0.5953,1495.6,0.5955,98.3,0.5958,591.4
1753617167095,11:52:47.095,bybit,ACE/USDT:USDT,0.5954,1842.5,0.5953,1495.6,0.5955,98.3,0.5958,591.4
1753617167194,11:52:47.194,bybit,ACE/USDT:USDT,0.5954,1842.5,0.5953,1495.6,0.5955,98.3,0.5958,591.4
1753617167494,11:52:47.494,bybit,ACE/USDT:USDT,0.5954,1842.5,0.5953,1495.6,0.5955,99.3,0.5958,591.4
1753617167594,11:52:47.594,bybit,ACE/USDT:USDT,0.5954,1842.5,0.5952,310.9,0.5955,99.3,0.5958,591.4
1753617167694,11:52:47.694,bybit,ACE/USDT:USDT,0.5954,1842.5,0.5952,310.9,0.5955,99.3,0.5958,591.4
1753617168396,11:52:48.396,bybit,ACE/USDT:USDT,0.5954,3370.9,0.5952,310.9,0.5955,99.3,0.5958,591.4
1753617168696,11:52:48.696,bybit,ACE/USDT:USDT,0.5954,3370.9,0.5952,310.9,0.5955,99.3,0.5958,591.4
1753617168795,11:52:48.795,bybit,ACE/USDT:USDT,0.5954,3370.9,0.5952,310.9,0.5955,99.3,0.5958,591.4
1753617169294,11:52:49.294,bybit,ACE/USDT:USDT,0.5954,3370.9,0.5952,310.9,0.5955,129.3,0.5958,591.4
1753617169394,11:52:49.394,bybit,ACE/USDT:USDT,0.5954,3370.9,0.5952,310.9,0.5955,129.3,0.5958,591.4
1753617169694,11:52:49.694,bybit,ACE/USDT:USDT,0.5954,3370.9,0.5952,310.9,0.5955,129.3,0.5958,591.4
1753617169795,11:52:49.795,bybit,ACE/USDT:USDT,0.5954,3370.9,0.5952,310.9,0.5955,129.3,0.5958,591.4
1753617169895,11:52:49.895,bybit,ACE/USDT:USDT,0.5954,3370.9,0.5952,310.9,0.5955,129.3,0.5958,591.4
1753617170196,11:52:50.196,bybit,ACE/USDT:USDT,0.5954,3337.9,0.5952,310.9,0.5955,31.0,0.5958,591.4
1753617170294,11:52:50.294,bybit,ACE/USDT:USDT,0.5954,3337.9,0.5952,310.9,0.5955,31.0,0.5958,591.4
1753617170394,11:52:50.394,bybit,ACE/USDT:USDT,0.5954,3337.9,0.5952,310.9,0.5955,31.0,0.5958,591.4
1753617170794,11:52:50.794,bybit,ACE/USDT:USDT,0.5954,3337.9,0.5952,310.9,0.5955,31.0,0.5958,591.4
1753617170994,11:52:50.994,bybit,ACE/USDT:USDT,0.5954,3337.9,0.5952,310.9,0.5955,31.0,0.5958,591.4
1753617171195,11:52:51.195,bybit,ACE/USDT:USDT,0.5954,3337.9,0.5952,286.7,0.5955,73.7,0.5957,24.2
1753617171405,11:52:51.405,bybit,ACE/USDT:USDT,0.5954,3337.9,0.5952,286.7,0.5955,31.0,0.5957,24.2
1753617171495,11:52:51.495,bybit,ACE/USDT:USDT,0.5954,3337.9,0.5952,286.7,0.5955,31.0,0.5958,591.4
1753617171594,11:52:51.594,bybit,ACE/USDT:USDT,0.5955,111.0,0.5952,583.6,0.5956,98.3,0.5958,8.4
1753617171694,11:52:51.694,bybit,ACE/USDT:USDT,0.5955,111.0,0.5952,583.6,0.5956,98.3,0.5958,8.4
1753617171795,11:52:51.795,bybit,ACE/USDT:USDT,0.5955,797.1,0.5953,50.0,0.5958,8.4,0.5961,302.0
1753617171894,11:52:51.894,bybit,ACE/USDT:USDT,0.5955,293.3,0.5953,59.5,0.5958,8.4,0.596,24.2
1753617171994,11:52:51.994,bybit,ACE/USDT:USDT,0.5955,326.3,0.5953,59.5,0.5958,8.4,0.596,24.2
1753617172095,11:52:52.095,bybit,ACE/USDT:USDT,0.5955,302.8,0.5954,9.5,0.5958,46.2,0.596,24.2
1753617172197,11:52:52.197,bybit,ACE/USDT:USDT,0.5955,426.8,0.5954,9.5,0.5958,46.2,0.596,24.2
1753617172395,11:52:52.395,bybit,ACE/USDT:USDT,0.5955,435.8,0.5954,9.5,0.5958,46.2,0.5961,589.3
1753617172494,11:52:52.494,bybit,ACE/USDT:USDT,0.5955,585.2,0.5954,9.5,0.5958,46.2,0.5961,589.3
1753617172695,11:52:52.695,bybit,ACE/USDT:USDT,0.5956,801.9,0.5955,1555.4,0.5958,37.8,0.5961,589.3
1753617172995,11:52:52.995,bybit,ACE/USDT:USDT,0.5956,759.9,0.5955,1555.4,0.5958,37.8,0.5961,589.3
1753617173095,11:52:53.095,bybit,ACE/USDT:USDT,0.5956,792.9,0.5955,1555.4,0.5958,80.5,0.5961,589.3
1753617173494,11:52:53.494,bybit,ACE/USDT:USDT,0.5956,792.9,0.5955,1555.4,0.5958,80.5,0.5961,589.3
1753617173595,11:52:53.595,bybit,ACE/USDT:USDT,0.5956,792.9,0.5955,1555.4,0.5958,80.5,0.5961,589.3
1753617173994,11:52:53.994,bybit,ACE/USDT:USDT,0.5956,792.9,0.5955,1555.4,0.5958,80.5,0.5961,589.3
1753617174095,11:52:54.095,bybit,ACE/USDT:USDT,0.5956,792.9,0.5955,1555.4,0.5958,80.5,0.5961,589.3
1753617174199,11:52:54.199,bybit,ACE/USDT:USDT,0.5956,792.9,0.5955,1555.4,0.5958,80.5,0.5961,589.3
1753617174595,11:52:54.595,bybit,ACE/USDT:USDT,0.5956,792.9,0.5955,1555.4,0.5958,80.5,0.5961,589.3
1753617175094,11:52:55.094,bybit,ACE/USDT:USDT,0.5956,792.9,0.5955,1555.4,0.5958,42.7,0.5961,589.3
1753617175194,11:52:55.194,bybit,ACE/USDT:USDT,0.5956,326.3,0.5955,1495.3,0.5957,7.3,0.596,287.2
1753617175294,11:52:55.294,bybit,ACE/USDT:USDT,0.5956,386.2,0.5955,1495.3,0.5957,7.3,0.596,287.2
1753617175595,11:52:55.595,bybit,ACE/USDT:USDT,0.5956,834.8,0.5955,1504.8,0.5961,8.4,0.5963,284.3
1753617175695,11:52:55.695,bybit,ACE/USDT:USDT,0.5956,293.3,0.5955,8.4,0.5957,98.3,0.596,295.6
1753617175794,11:52:55.794,bybit,ACE/USDT:USDT,0.5956,293.3,0.5955,8.4,0.5957,98.3,0.596,295.6
1753617176094,11:52:56.094,bybit,ACE/USDT:USDT,0.5956,293.3,0.5955,8.4,0.5957,98.3,0.596,295.6
1753617176695,11:52:56.695,bybit,ACE/USDT:USDT,0.5956,293.3,0.5955,8.4,0.5957,98.3,0.596,295.6
1753617176794,11:52:56.794,bybit,ACE/USDT:USDT,0.5956,293.3,0.5955,8.4,0.5957,98.3,0.596,295.6
1753617176894,11:52:56.894,bybit,ACE/USDT:USDT,0.5956,326.3,0.5955,8.4,0.5958,98.3,0.5961,574.5
1753617177095,11:52:57.095,bybit,ACE/USDT:USDT,0.5956,326.3,0.5955,8.4,0.5957,98.3,0.596,574.5
1753617177295,11:52:57.295,bybit,ACE/USDT:USDT,0.5956,326.3,0.5955,8.4,0.5957,98.3,0.596,574.5
1753617177394,11:52:57.394,bybit,ACE/USDT:USDT,0.5956,327.3,0.5955,8.4,0.5957,98.3,0.596,574.5
1753617177896,11:52:57.896,bybit,ACE/USDT:USDT,0.5956,327.3,0.5955,8.4,0.5957,98.3,0.596,574.5
1753617177994,11:52:57.994,bybit,ACE/USDT:USDT,0.5956,327.3,0.5955,8.4,0.5957,98.3,0.596,574.5
1753617178094,11:52:58.094,bybit,ACE/USDT:USDT,0.5956,327.3,0.5955,8.4,0.5957,136.1,0.596,574.5
1753617178196,11:52:58.196,bybit,ACE/USDT:USDT,0.5956,327.3,0.5955,8.4,0.5957,136.1,0.596,574.5
1753617178994,11:52:58.994,bybit,ACE/USDT:USDT,0.5956,327.3,0.5955,8.4,0.5957,136.1,0.596,574.5
1753617179095,11:52:59.095,bybit,ACE/USDT:USDT,0.5956,327.3,0.5955,8.4,0.5957,136.1,0.596,574.5
1753617179195,11:52:59.195,bybit,ACE/USDT:USDT,0.5956,327.3,0.5955,8.4,0.5957,136.1,0.596,574.5
1753617179394,11:52:59.394,bybit,ACE/USDT:USDT,0.5956,1747.4,0.5955,8.4,0.5957,136.1,0.596,574.5
1753617179595,11:52:59.595,bybit,ACE/USDT:USDT,0.5956,1747.4,0.5955,8.4,0.5957,136.1,0.596,574.5
1753617179695,11:52:59.695,bybit,ACE/USDT:USDT,0.5956,1747.4,0.5955,8.4,0.5957,136.1,0.596,574.5
1753617180196,11:53:00.196,bybit,ACE/USDT:USDT,0.5956,1532.1,0.5955,8.4,0.5957,136.1,0.596,574.5
1753617180294,11:53:00.294,bybit,ACE/USDT:USDT,0.5956,2952.2,0.5955,8.4,0.5957,136.1,0.596,574.5
1753617180395,11:53:00.395,bybit,ACE/USDT:USDT,0.5956,2919.2,0.5955,8.4,0.5957,136.1,0.596,574.5
1753617180695,11:53:00.695,bybit,ACE/USDT:USDT,0.5956,2919.2,0.5955,8.4,0.5957,136.1,0.596,574.5
1753617180795,11:53:00.795,bybit,ACE/USDT:USDT,0.5956,2919.2,0.5955,8.4,0.5957,136.1,0.596,574.5
1753617181594,11:53:01.594,bybit,ACE/USDT:USDT,0.5956,2919.2,0.5955,8.4,0.5957,136.1,0.596,574.5
1753617181794,11:53:01.794,bybit,ACE/USDT:USDT,0.5956,2919.2,0.5955,8.4,0.5957,136.1,0.596,574.5
1753617181893,11:53:01.893,bybit,ACE/USDT:USDT,0.5956,2919.2,0.5955,8.4,0.5957,136.1,0.596,574.5
1753617181994,11:53:01.994,bybit,ACE/USDT:USDT,0.5956,2919.2,0.5955,8.4,0.5957,136.1,0.596,574.5
1753617182294,11:53:02.294,bybit,ACE/USDT:USDT,0.5956,2919.2,0.5955,8.4,0.5957,136.1,0.596,574.5
1753617182394,11:53:02.394,bybit,ACE/USDT:USDT,0.5956,2919.2,0.5955,8.4,0.5957,136.1,0.596,574.5
1753617182494,11:53:02.494,bybit,ACE/USDT:USDT,0.5956,2919.2,0.5955,8.4,0.5957,136.1,0.596,574.5
1753617182895,11:53:02.895,bybit,ACE/USDT:USDT,0.5956,2919.2,0.5955,8.4,0.5957,136.1,0.596,574.5
1753617182995,11:53:02.995,bybit,ACE/USDT:USDT,0.5956,2919.2,0.5955,8.4,0.5957,136.1,0.596,574.5
1753617183094,11:53:03.094,bybit,ACE/USDT:USDT,0.5956,2919.2,0.5955,8.4,0.5957,98.3,0.596,574.5
1753617183394,11:53:03.394,bybit,ACE/USDT:USDT,0.5956,2919.2,0.5955,8.4,0.5957,98.3,0.596,574.5
1753617183496,11:53:03.496,bybit,ACE/USDT:USDT,0.5957,209.3,0.5956,10.5,0.5962,9.5,0.5963,93.5
1753617183695,11:53:03.695,bybit,ACE/USDT:USDT,0.5958,120.5,0.5957,107.8,0.5964,104.0,0.5965,9.5
1753617183908,11:53:03.908,bybit,ACE/USDT:USDT,0.5959,111.0,0.5957,132.0,0.5961,98.3,0.5962,193.3
1753617183996,11:53:03.996,bybit,ACE/USDT:USDT,0.5959,111.0,0.5957,132.0,0.5961,98.3,0.5964,299.0
1753617184199,11:53:04.199,bybit,ACE/USDT:USDT,0.5959,111.0,0.5957,107.8,0.5961,37.8,0.5964,299.0
1753617184296,11:53:04.296,bybit,ACE/USDT:USDT,0.5959,342.8,0.5957,107.8,0.5961,37.8,0.5964,299.0
1753617184395,11:53:04.395,bybit,ACE/USDT:USDT,0.5959,342.8,0.5957,107.8,0.5961,37.8,0.5964,299.0
1753617184494,11:53:04.494,bybit,ACE/USDT:USDT,0.5959,342.8,0.5957,107.8,0.5961,37.8,0.5964,299.0
1753617184594,11:53:04.594,bybit,ACE/USDT:USDT,0.5959,342.8,0.5957,107.8,0.5961,37.8,0.5964,299.0
1753617185194,11:53:05.194,bybit,ACE/USDT:USDT,0.5959,1762.7,0.5957,107.8,0.5961,29.5,0.5964,299.0
1753617185694,11:53:05.694,bybit,ACE/USDT:USDT,0.5959,1762.7,0.5957,98.3,0.5961,72.2,0.5963,9.5
1753617185896,11:53:05.896,bybit,ACE/USDT:USDT,0.5959,1762.7,0.5957,98.3,0.5961,72.2,0.5963,9.5
1753617185995,11:53:05.995,bybit,ACE/USDT:USDT,0.5959,1762.7,0.5957,98.3,0.5961,72.2,0.5963,9.5
1753617186095,11:53:06.095,bybit,ACE/USDT:USDT,0.5959,1762.7,0.5957,98.3,0.5961,72.2,0.5963,9.5
1753617186198,11:53:06.198,bybit,ACE/USDT:USDT,0.5959,1762.7,0.5957,98.3,0.5961,72.2,0.5964,586.2
1753617186296,11:53:06.296,bybit,ACE/USDT:USDT,0.5959,1762.7,0.5957,98.3,0.5961,72.2,0.5964,586.2
1753617186494,11:53:06.494,bybit,ACE/USDT:USDT,0.5959,1762.7,0.5957,98.3,0.5961,72.2,0.5964,586.2
1753617186795,11:53:06.795,bybit,ACE/USDT:USDT,0.5959,1762.7,0.5957,98.3,0.5961,72.2,0.5964,586.2
1753617186994,11:53:06.994,bybit,ACE/USDT:USDT,0.5959,1762.7,0.5957,98.3,0.5961,72.2,0.5964,586.2
1753617187095,11:53:07.095,bybit,ACE/USDT:USDT,0.5959,1762.7,0.5957,98.3,0.5961,42.7,0.5964,594.6
1753617187695,11:53:07.695,bybit,ACE/USDT:USDT,0.5959,1762.7,0.5957,98.3,0.5961,42.7,0.5964,594.6
1753617187894,11:53:07.894,bybit,ACE/USDT:USDT,0.5959,1762.7,0.5957,98.3,0.5961,42.7,0.5964,594.6
1753617187994,11:53:07.994,bybit,ACE/USDT:USDT,0.5959,1762.7,0.5957,98.3,0.5961,42.7,0.5964,594.6
1753617188194,11:53:08.194,bybit,ACE/USDT:USDT,0.5959,1775.4,0.5957,98.3,0.5961,42.7,0.5964,594.6
1753617188295,11:53:08.295,bybit,ACE/USDT:USDT,0.5959,1762.7,0.5957,98.3,0.5961,42.7,0.5964,594.6
1753617188495,11:53:08.495,bybit,ACE/USDT:USDT,0.5959,1762.7,0.5957,98.3,0.5961,42.7,0.5964,594.6
1753617188894,11:53:08.894,bybit,ACE/USDT:USDT,0.5959,1762.7,0.5957,98.3,0.5961,42.7,0.5964,594.6
1753617189194,11:53:09.194,bybit,ACE/USDT:USDT,0.5959,1762.7,0.5957,98.3,0.5961,42.7,0.5964,594.6
1753617189595,11:53:09.595,bybit,ACE/USDT:USDT,0.5959,1762.7,0.5957,98.3,0.5961,42.7,0.5964,594.6
1753617189696,11:53:09.696,bybit,ACE/USDT:USDT,0.5959,1762.7,0.5957,98.3,0.5961,42.7,0.5964,594.6
1753617190095,11:53:10.095,bybit,ACE/USDT:USDT,0.5959,1762.7,0.5957,98.3,0.5961,42.7,0.5964,594.6
1753617190196,11:53:10.196,bybit,ACE/USDT:USDT,0.5959,1762.7,0.5957,98.3,0.5961,42.7,0.5964,594.6
1753617190693,11:53:10.693,bybit,ACE/USDT:USDT,0.5959,1762.7,0.5957,98.3,0.5961,42.7,0.5964,594.6
1753617190794,11:53:10.794,bybit,ACE/USDT:USDT,0.5959,1762.7,0.5957,98.3,0.5961,42.7,0.5964,594.6
1753617190994,11:53:10.994,bybit,ACE/USDT:USDT,0.5959,1762.7,0.5957,98.3,0.5961,42.7,0.5964,594.6
1753617191196,11:53:11.196,bybit,ACE/USDT:USDT,0.5959,1762.7,0.5957,98.3,0.5961,42.7,0.5964,594.6
1753617191295,11:53:11.295,bybit,ACE/USDT:USDT,0.5959,1762.7,0.5957,98.3,0.5961,42.7,0.5964,594.6
1753617191694,11:53:11.694,bybit,ACE/USDT:USDT,0.5959,1762.7,0.5957,98.3,0.5961,42.7,0.5964,594.6
1753617191894,11:53:11.894,bybit,ACE/USDT:USDT,0.5959,1762.7,0.5957,98.3,0.5961,42.7,0.5964,594.6
1753617192200,11:53:12.200,bybit,ACE/USDT:USDT,0.5959,1791.1,0.5957,98.3,0.5961,42.7,0.5964,594.6
1753617192294,11:53:12.294,bybit,ACE/USDT:USDT,0.5959,1762.7,0.5957,98.3,0.5961,42.7,0.5964,594.6
1753617192394,11:53:12.394,bybit,ACE/USDT:USDT,0.5959,1762.7,0.5957,98.3,0.5961,42.7,0.5964,594.6
1753617192794,11:53:12.794,bybit,ACE/USDT:USDT,0.5959,1762.7,0.5957,98.3,0.5961,42.7,0.5964,594.6
1753617192994,11:53:12.994,bybit,ACE/USDT:USDT,0.5959,1762.7,0.5957,98.3,0.5961,42.7,0.5964,594.6
1753617193293,11:53:13.293,bybit,ACE/USDT:USDT,0.5959,1762.7,0.5957,98.3,0.5961,42.7,0.5964,594.6
1753617193495,11:53:13.495,bybit,ACE/USDT:USDT,0.5959,1762.7,0.5957,98.3,0.5961,42.7,0.5964,594.6
1753617193594,11:53:13.594,bybit,ACE/USDT:USDT,0.5959,1762.7,0.5957,98.3,0.5961,42.7,0.5964,594.6
1753617193795,11:53:13.795,bybit,ACE/USDT:USDT,0.5959,1762.7,0.5957,98.3,0.5961,42.7,0.5964,594.6
1753617193895,11:53:13.895,bybit,ACE/USDT:USDT,0.5959,1762.7,0.5957,98.3,0.5961,42.7,0.5964,594.6
1753617193994,11:53:13.994,bybit,ACE/USDT:USDT,0.5959,1762.7,0.5957,98.3,0.5961,42.5,0.5964,594.6
1753617194094,11:53:14.094,bybit,ACE/USDT:USDT,0.5959,1762.7,0.5957,98.3,0.5961,42.5,0.5964,594.6
1753617194198,11:53:14.198,bybit,ACE/USDT:USDT,0.5959,1762.7,0.5957,98.3,0.5961,42.5,0.5964,594.6
1753617194795,11:53:14.795,bybit,ACE/USDT:USDT,0.5959,1762.7,0.5957,98.3,0.5961,42.5,0.5964,594.6
1753617195094,11:53:15.094,bybit,ACE/USDT:USDT,0.5959,1762.7,0.5957,98.3,0.5961,42.5,0.5964,594.6
1753617195194,11:53:15.194,bybit,ACE/USDT:USDT,0.5959,1762.7,0.5957,98.3,0.5961,42.5,0.5964,594.6
1753617195295,11:53:15.295,bybit,ACE/USDT:USDT,0.5959,1762.7,0.5957,98.3,0.5961,42.5,0.5964,594.6
1753617195794,11:53:15.794,bybit,ACE/USDT:USDT,0.5959,1762.7,0.5957,98.3,0.5961,42.5,0.5964,594.6
1753617195894,11:53:15.894,bybit,ACE/USDT:USDT,0.5959,1762.7,0.5957,98.3,0.5961,42.5,0.5964,594.6
1753617196197,11:53:16.197,bybit,ACE/USDT:USDT,0.5959,1762.7,0.5957,98.3,0.5961,42.5,0.5964,594.6
1753617196294,11:53:16.294,bybit,ACE/USDT:USDT,0.5959,1762.7,0.5957,98.3,0.5961,42.5,0.5964,594.6
1753617196395,11:53:16.395,bybit,ACE/USDT:USDT,0.5959,1762.7,0.5957,98.3,0.5961,42.5,0.5964,594.6
1753617196495,11:53:16.495,bybit,ACE/USDT:USDT,0.5959,1762.7,0.5957,98.3,0.5961,42.5,0.5964,594.6
1753617196894,11:53:16.894,bybit,ACE/USDT:USDT,0.5959,1778.1,0.5957,98.3,0.5961,42.5,0.5964,594.6
1753617196994,11:53:16.994,bybit,ACE/USDT:USDT,0.5959,373.6,0.5957,98.3,0.5961,42.5,0.5964,594.6
1753617197096,11:53:17.096,bybit,ACE/USDT:USDT,0.5959,777.7,0.5957,107.8,0.5961,98.3,0.5964,594.0
1753617197194,11:53:17.194,bybit,ACE/USDT:USDT,0.5959,777.7,0.5957,107.8,0.5961,98.3,0.5964,594.0
1753617198795,11:53:18.795,bybit,ACE/USDT:USDT,0.5959,777.7,0.5957,107.8,0.5961,98.3,0.5964,594.0
1753617198995,11:53:18.995,bybit,ACE/USDT:USDT,0.5959,777.7,0.5958,9.5,0.5964,10.5,0.5965,287.0
1753617199094,11:53:19.094,bybit,ACE/USDT:USDT,0.5959,777.7,0.5958,9.5,0.5964,48.4,0.5966,581.1
1753617199195,11:53:19.195,bybit,ACE/USDT:USDT,0.596,477.5,0.5959,419.5,0.5962,98.3,0.5964,48.4
1753617199394,11:53:19.394,bybit,ACE/USDT:USDT,0.596,342.8,0.5959,419.5,0.5962,98.3,0.5964,48.4
1753617199495,11:53:19.495,bybit,ACE/USDT:USDT,0.596,342.8,0.5959,419.5,0.5962,98.3,0.5964,48.4
1753617199596,11:53:19.596,bybit,ACE/USDT:USDT,0.596,342.8,0.5959,419.5,0.5962,98.3,0.5964,48.4
1753617199895,11:53:19.895,bybit,ACE/USDT:USDT,0.596,342.8,0.5959,419.5,0.5962,98.3,0.5964,48.4
1753617199994,11:53:19.994,bybit,ACE/USDT:USDT,0.596,342.8,0.5959,419.5,0.5962,98.3,0.5964,48.4
1753617200295,11:53:20.295,bybit,ACE/USDT:USDT,0.5957,154.0,0.5956,2.3,0.5958,98.3,0.5961,573.9
1753617200695,11:53:20.695,bybit,ACE/USDT:USDT,0.5957,154.0,0.5956,2.3,0.5958,98.3,0.5961,573.9
1753617200794,11:53:20.794,bybit,ACE/USDT:USDT,0.5957,154.0,0.5956,2.3,0.5958,98.3,0.5961,573.9
1753617201094,11:53:21.094,bybit,ACE/USDT:USDT,0.5957,154.0,0.5956,2.3,0.5958,98.3,0.5961,573.9
1753617201295,11:53:21.295,bybit,ACE/USDT:USDT,0.5961,42.5,0.596,9.5,0.5966,83.9,0.5967,110.2
1753617201395,11:53:21.395,bybit,ACE/USDT:USDT,0.5961,33.0,0.5958,296.6,0.5962,194.4,0.5963,8.4
1753617201495,11:53:21.495,bybit,ACE/USDT:USDT,0.5961,33.0,0.5958,287.1,0.5962,194.4,0.5964,9.5
1753617201595,11:53:21.595,bybit,ACE/USDT:USDT,0.5961,33.0,0.5958,287.1,0.5962,194.4,0.5963,510.1
1753617201695,11:53:21.695,bybit,ACE/USDT:USDT,0.5961,33.0,0.5958,296.6,0.5962,98.3,0.5963,510.1
1753617201894,11:53:21.894,bybit,ACE/USDT:USDT,0.5961,171.0,0.5958,296.6,0.5962,98.3,0.5963,510.1
1753617201995,11:53:21.995,bybit,ACE/USDT:USDT,0.5961,171.0,0.5958,296.6,0.5962,98.3,0.5963,510.1
1753617202095,11:53:22.095,bybit,ACE/USDT:USDT,0.5961,171.0,0.5958,296.6,0.5962,136.2,0.5963,510.1
1753617202295,11:53:22.295,bybit,ACE/USDT:USDT,0.5961,171.0,0.5958,296.6,0.5962,136.2,0.5963,510.1
1753617202395,11:53:22.395,bybit,ACE/USDT:USDT,0.5961,171.0,0.5958,296.6,0.5962,136.2,0.5963,510.1
1753617202594,11:53:22.594,bybit,ACE/USDT:USDT,0.5961,171.0,0.5958,296.6,0.5962,136.2,0.5963,510.1
1753617202895,11:53:22.895,bybit,ACE/USDT:USDT,0.5961,171.0,0.5958,296.6,0.5962,136.2,0.5963,510.1
1753617203194,11:53:23.194,bybit,ACE/USDT:USDT,0.5961,171.0,0.5958,296.6,0.5962,136.2,0.5963,510.1
1753617203394,11:53:23.394,bybit,ACE/USDT:USDT,0.5961,171.0,0.5958,296.6,0.5962,136.2,0.5963,510.1
1753617203595,11:53:23.595,bybit,ACE/USDT:USDT,0.5961,171.0,0.5958,296.6,0.5962,136.2,0.5963,510.1
1753617203994,11:53:23.994,bybit,ACE/USDT:USDT,0.5961,171.0,0.5958,296.6,0.5962,136.2,0.5963,510.1
1753617204200,11:53:24.200,bybit,ACE/USDT:USDT,0.5961,171.0,0.5958,296.6,0.5962,136.2,0.5963,510.1
1753617205195,11:53:25.195,bybit,ACE/USDT:USDT,0.5961,171.0,0.5958,296.6,0.5962,136.2,0.5963,510.1
1753617205696,11:53:25.696,bybit,ACE/USDT:USDT,0.5961,171.0,0.5958,296.6,0.5962,136.2,0.5963,510.1
1753617205795,11:53:25.795,bybit,ACE/USDT:USDT,0.5961,171.0,0.5958,296.6,0.5962,136.2,0.5963,510.1
1753617206094,11:53:26.094,bybit,ACE/USDT:USDT,0.5961,171.0,0.5958,296.6,0.5962,136.2,0.5963,510.1
1753617206196,11:53:26.196,bybit,ACE/USDT:USDT,0.5961,171.0,0.5958,296.6,0.5962,136.2,0.5963,510.1
1753617206894,11:53:26.894,bybit,ACE/USDT:USDT,0.5961,171.0,0.5958,296.6,0.5962,136.2,0.5963,510.1
1753617206995,11:53:26.995,bybit,ACE/USDT:USDT,0.5961,171.0,0.5958,296.6,0.5962,136.2,0.5963,510.1
1753617207194,11:53:27.194,bybit,ACE/USDT:USDT,0.5961,171.0,0.5958,296.6,0.5962,136.2,0.5963,510.1
1753617207296,11:53:27.296,bybit,ACE/USDT:USDT,0.5961,171.0,0.5958,296.6,0.5962,136.2,0.5963,510.1
1753617207494,11:53:27.494,bybit,ACE/USDT:USDT,0.5961,171.0,0.5958,296.6,0.5962,136.2,0.5963,510.1
1753617207594,11:53:27.594,bybit,ACE/USDT:USDT,0.5961,171.0,0.5958,296.6,0.5962,136.2,0.5963,510.1
1753617207694,11:53:27.694,bybit,ACE/USDT:USDT,0.5961,171.0,0.5958,296.6,0.5962,136.2,0.5963,510.1
1753617208595,11:53:28.595,bybit,ACE/USDT:USDT,0.5961,171.0,0.5958,296.6,0.5962,136.2,0.5963,510.1
1753617208694,11:53:28.694,bybit,ACE/USDT:USDT,0.5961,171.0,0.5958,296.6,0.5962,136.2,0.5963,510.1
1753617209294,11:53:29.294,bybit,ACE/USDT:USDT,0.5961,171.0,0.5958,296.6,0.5962,136.2,0.5963,510.1
1753617209695,11:53:29.695,bybit,ACE/USDT:USDT,0.5961,171.0,0.5958,296.6,0.5962,136.2,0.5963,510.1
1753617209894,11:53:29.894,bybit,ACE/USDT:USDT,0.5961,171.0,0.5958,296.6,0.5962,136.2,0.5963,510.1
1753617210214,11:53:30.214,bybit,ACE/USDT:USDT,0.5961,171.0,0.5958,296.6,0.5962,136.2,0.5963,510.1
1753617210294,11:53:30.294,bybit,ACE/USDT:USDT,0.5961,171.0,0.5958,296.6,0.5962,136.2,0.5963,510.1
1753617210394,11:53:30.394,bybit,ACE/USDT:USDT,0.5961,171.0,0.5958,296.6,0.5962,136.2,0.5963,510.1
1753617210794,11:53:30.794,bybit,ACE/USDT:USDT,0.5964,93.1,0.5963,60.1,0.5966,98.3,0.5967,8.4
1753617210895,11:53:30.895,bybit,ACE/USDT:USDT,0.5964,93.1,0.5963,60.1,0.5966,98.3,0.5967,8.4
1753617210995,11:53:30.995,bybit,ACE/USDT:USDT,0.5964,231.1,0.5963,60.1,0.5966,98.3,0.5967,8.4
1753617211094,11:53:31.094,bybit,ACE/USDT:USDT,0.5964,93.1,0.5963,60.1,0.5965,141.0,0.5966,37.9
1753617211196,11:53:31.196,bybit,ACE/USDT:USDT,0.5964,153.2,0.5963,60.1,0.5965,141.0,0.5966,37.9
1753617211294,11:53:31.294,bybit,ACE/USDT:USDT,0.5964,111.0,0.5963,60.1,0.5965,141.0,0.5966,37.9
1753617211395,11:53:31.395,bybit,ACE/USDT:USDT,0.5964,111.0,0.5963,60.1,0.5965,98.3,0.5966,37.9
1753617211495,11:53:31.495,bybit,ACE/USDT:USDT,0.5964,111.0,0.5963,60.1,0.5966,37.9,0.5967,8.4
1753617211595,11:53:31.595,bybit,ACE/USDT:USDT,0.5964,111.0,0.5963,60.1,0.5966,37.9,0.5967,8.4
1753617211695,11:53:31.695,bybit,ACE/USDT:USDT,0.5964,111.0,0.5963,60.1,0.5966,37.9,0.5967,8.4
1753617211895,11:53:31.895,bybit,ACE/USDT:USDT,0.5964,111.0,0.5963,60.1,0.5966,37.9,0.5967,8.4
1753617212295,11:53:32.295,bybit,ACE/USDT:USDT,0.5964,111.0,0.5963,60.1,0.5966,37.9,0.5967,8.4
1753617212394,11:53:32.394,bybit,ACE/USDT:USDT,0.5964,111.0,0.5963,60.1,0.5966,37.9,0.5967,8.4
1753617212494,11:53:32.494,bybit,ACE/USDT:USDT,0.5964,111.0,0.5963,60.1,0.5966,37.9,0.5967,8.4
1753617212594,11:53:32.594,bybit,ACE/USDT:USDT,0.5964,111.0,0.5963,60.1,0.5966,37.9,0.5967,8.4
1753617212696,11:53:32.696,bybit,ACE/USDT:USDT,0.5964,111.0,0.5963,60.1,0.5966,80.6,0.5967,8.4
1753617212795,11:53:32.795,bybit,ACE/USDT:USDT,0.5964,111.0,0.5963,60.1,0.5966,80.6,0.5967,8.4
1753617212895,11:53:32.895,bybit,ACE/USDT:USDT,0.5964,171.1,0.5963,60.1,0.5966,80.6,0.5967,8.4
1753617213094,11:53:33.094,bybit,ACE/USDT:USDT,0.5964,171.1,0.5963,60.1,0.5966,42.7,0.5967,8.4
1753617213196,11:53:33.196,bybit,ACE/USDT:USDT,0.5964,171.1,0.5963,60.1,0.5966,42.7,0.5967,8.4
1753617213295,11:53:33.295,bybit,ACE/USDT:USDT,0.5964,171.1,0.5963,60.1,0.5966,42.7,0.5967,8.4
1753617213794,11:53:33.794,bybit,ACE/USDT:USDT,0.5964,171.1,0.5963,60.1,0.5966,42.7,0.5967,8.4
1753617213994,11:53:33.994,bybit,ACE/USDT:USDT,0.5964,171.1,0.5963,60.1,0.5966,42.7,0.5967,8.4
1753617214494,11:53:34.494,bybit,ACE/USDT:USDT,0.5964,171.1,0.5962,145.7,0.5966,42.7,0.5967,8.4
1753617214594,11:53:34.594,bybit,ACE/USDT:USDT,0.5964,222.0,0.5962,136.2,0.5965,98.3,0.5967,8.4
1753617214795,11:53:34.795,bybit,ACE/USDT:USDT,0.5964,111.0,0.5962,136.2,0.5965,98.3,0.5967,8.4
1753617215594,11:53:35.594,bybit,ACE/USDT:USDT,0.5964,111.0,0.5962,136.2,0.5965,98.3,0.5967,8.4
1753617215694,11:53:35.694,bybit,ACE/USDT:USDT,0.5964,111.0,0.5962,136.2,0.5965,98.3,0.5967,8.4
1753617215894,11:53:35.894,bybit,ACE/USDT:USDT,0.5964,111.0,0.5962,136.2,0.5965,98.3,0.5967,8.4
1753617216094,11:53:36.094,bybit,ACE/USDT:USDT,0.5964,111.0,0.5962,136.2,0.5965,98.3,0.5967,8.4
1753617216195,11:53:36.195,bybit,ACE/USDT:USDT,0.5964,111.0,0.5962,136.2,0.5965,98.3,0.5967,8.4
1753617216696,11:53:36.696,bybit,ACE/USDT:USDT,0.5964,111.0,0.5962,136.2,0.5965,98.3,0.5967,8.4
1753617216896,11:53:36.896,bybit,ACE/USDT:USDT,0.5964,111.0,0.5962,136.2,0.5965,98.3,0.5967,8.4
1753617217295,11:53:37.295,bybit,ACE/USDT:USDT,0.5964,111.0,0.5962,136.2,0.5965,98.3,0.5967,8.4
1753617217795,11:53:37.795,bybit,ACE/USDT:USDT,0.5964,111.0,0.5962,136.2,0.5965,98.3,0.5967,8.4
1753617217994,11:53:37.994,bybit,ACE/USDT:USDT,0.5964,111.0,0.5962,136.2,0.5965,98.3,0.5967,8.4
1753617218394,11:53:38.394,bybit,ACE/USDT:USDT,0.5964,120.7,0.5962,136.2,0.5965,98.3,0.5967,8.4
1753617218495,11:53:38.495,bybit,ACE/USDT:USDT,0.5964,120.7,0.5962,136.2,0.5965,98.3,0.5967,8.4
1753617218694,11:53:38.694,bybit,ACE/USDT:USDT,0.5964,111.0,0.5962,136.2,0.5965,98.3,0.5967,8.4
1753617218995,11:53:38.995,bybit,ACE/USDT:USDT,0.5964,111.0,0.5962,136.2,0.5965,98.3,0.5967,8.4
1753617219594,11:53:39.594,bybit,ACE/USDT:USDT,0.5964,111.0,0.5962,136.2,0.5965,98.3,0.5967,8.4
1753617219694,11:53:39.694,bybit,ACE/USDT:USDT,0.5964,111.0,0.5962,136.2,0.5965,98.3,0.5967,8.4
1753617220294,11:53:40.294,bybit,ACE/USDT:USDT,0.5964,120.7,0.5962,136.2,0.5965,98.3,0.5967,8.4
1753617220394,11:53:40.394,bybit,ACE/USDT:USDT,0.5964,111.0,0.5962,136.2,0.5965,98.3,0.5967,8.4
1753617220494,11:53:40.494,bybit,ACE/USDT:USDT,0.5964,111.0,0.5962,136.2,0.5965,98.3,0.5967,8.4
1753617220594,11:53:40.594,bybit,ACE/USDT:USDT,0.5964,111.0,0.5962,136.2,0.5965,98.3,0.5967,8.4
1753617220694,11:53:40.694,bybit,ACE/USDT:USDT,0.5964,111.0,0.5962,136.2,0.5965,98.3,0.5967,8.4
1753617220794,11:53:40.794,bybit,ACE/USDT:USDT,0.5964,111.0,0.5962,136.2,0.5965,98.3,0.5967,8.4
1753617221194,11:53:41.194,bybit,ACE/USDT:USDT,0.5964,111.0,0.5962,136.2,0.5965,98.3,0.5967,8.4
1753617221295,11:53:41.295,bybit,ACE/USDT:USDT,0.5964,111.0,0.5962,136.2,0.5965,98.3,0.5967,8.4
1753617221394,11:53:41.394,bybit,ACE/USDT:USDT,0.5964,111.0,0.5962,136.2,0.5965,99.7,0.5967,8.4
1753617221794,11:53:41.794,bybit,ACE/USDT:USDT,0.5964,111.0,0.5962,136.2,0.5965,99.7,0.5967,8.4
1753617221894,11:53:41.894,bybit,ACE/USDT:USDT,0.5964,111.0,0.5962,136.2,0.5965,99.7,0.5967,8.4
1753617222494,11:53:42.494,bybit,ACE/USDT:USDT,0.5964,111.0,0.5962,136.2,0.5965,99.7,0.5967,8.4
1753617223194,11:53:43.194,bybit,ACE/USDT:USDT,0.5964,111.0,0.5962,136.2,0.5965,99.7,0.5967,8.4
1753617223294,11:53:43.294,bybit,ACE/USDT:USDT,0.5964,111.0,0.5962,136.2,0.5965,99.7,0.5967,8.4
1753617223594,11:53:43.594,bybit,ACE/USDT:USDT,0.5964,111.0,0.5962,136.2,0.5965,99.7,0.5967,8.4
1753617223694,11:53:43.694,bybit,ACE/USDT:USDT,0.5964,111.0,0.5962,136.2,0.5965,99.7,0.5967,8.4
1753617224196,11:53:44.196,bybit,ACE/USDT:USDT,0.5964,111.0,0.5962,136.2,0.5965,99.7,0.5967,8.4
1753617224294,11:53:44.294,bybit,ACE/USDT:USDT,0.5964,111.0,0.5962,136.2,0.5965,99.7,0.5967,8.4
1753617224895,11:53:44.895,bybit,ACE/USDT:USDT,0.5964,111.0,0.5962,136.2,0.5965,99.7,0.5967,8.4
1753617225195,11:53:45.195,bybit,ACE/USDT:USDT,0.5964,111.0,0.5962,136.2,0.5965,99.7,0.5967,8.4
1753617225895,11:53:45.895,bybit,ACE/USDT:USDT,0.5964,111.0,0.5962,136.2,0.5965,99.7,0.5967,8.4
1753617226094,11:53:46.094,bybit,ACE/USDT:USDT,0.5964,111.0,0.5962,136.2,0.5965,99.7,0.5967,8.4
1753617226495,11:53:46.495,bybit,ACE/USDT:USDT,0.5964,111.0,0.5962,136.2,0.5965,99.7,0.5967,8.4
1753617226595,11:53:46.595,bybit,ACE/USDT:USDT,0.5964,111.0,0.5962,136.2,0.5965,99.7,0.5967,8.4
1753617226994,11:53:46.994,bybit,ACE/USDT:USDT,0.5964,111.0,0.5962,136.2,0.5965,99.7,0.5967,8.4
1753617227094,11:53:47.094,bybit,ACE/USDT:USDT,0.5964,111.0,0.5962,136.2,0.5965,99.7,0.5967,8.4
1753617227194,11:53:47.194,bybit,ACE/USDT:USDT,0.5964,111.0,0.5962,136.2,0.5965,99.7,0.5967,8.4
1753617227294,11:53:47.294,bybit,ACE/USDT:USDT,0.5964,111.0,0.5962,136.2,0.5965,99.7,0.5967,8.4
1753617227694,11:53:47.694,bybit,ACE/USDT:USDT,0.5964,111.0,0.5962,136.2,0.5965,99.7,0.5967,8.4
1753617227794,11:53:47.794,bybit,ACE/USDT:USDT,0.5964,1051.9,0.5963,9.5,0.5965,1.4,0.5967,8.4
1753617227895,11:53:47.895,bybit,ACE/USDT:USDT,0.5964,697.8,0.5963,9.5,0.5965,1.4,0.5967,8.4
1753617227995,11:53:47.995,bybit,ACE/USDT:USDT,0.5964,814.2,0.5963,9.5,0.5965,1.4,0.5967,8.4
1753617228196,11:53:48.196,bybit,ACE/USDT:USDT,0.5964,1071.4,0.5963,9.5,0.5965,1.4,0.5967,8.4
1753617228294,11:53:48.294,bybit,ACE/USDT:USDT,0.5964,1032.6,0.5963,9.5,0.5965,1.4,0.5967,8.4
1753617228395,11:53:48.395,bybit,ACE/USDT:USDT,0.5964,963.3,0.5963,9.5,0.5965,1.4,0.5967,8.4
1753617228495,11:53:48.495,bybit,ACE/USDT:USDT,0.5964,963.3,0.5963,9.5,0.5965,1.4,0.5967,8.4
1753617228594,11:53:48.594,bybit,ACE/USDT:USDT,0.5964,983.5,0.5963,9.5,0.5965,1.4,0.5967,8.4
1753617228694,11:53:48.694,bybit,ACE/USDT:USDT,0.5964,983.5,0.5963,9.5,0.5965,1.4,0.5967,8.4
1753617228795,11:53:48.795,bybit,ACE/USDT:USDT,0.5964,983.5,0.5963,9.5,0.5965,1.4,0.5967,8.4
1753617228894,11:53:48.894,bybit,ACE/USDT:USDT,0.5964,2137.8,0.5962,160.4,0.5965,1.4,0.5967,8.4
1753617228995,11:53:48.995,bybit,ACE/USDT:USDT,0.5964,2137.8,0.5962,160.4,0.5965,1.4,0.5967,8.4
1753617229094,11:53:49.094,bybit,ACE/USDT:USDT,0.5964,2556.9,0.5962,160.4,0.5965,1.4,0.5967,8.4
1753617229194,11:53:49.194,bybit,ACE/USDT:USDT,0.5964,2556.9,0.5962,160.4,0.5965,1.4,0.5967,8.4
1753617229296,11:53:49.296,bybit,ACE/USDT:USDT,0.5964,2556.9,0.5962,160.4,0.5965,1.4,0.5967,8.4
1753617229395,11:53:49.395,bybit,ACE/USDT:USDT,0.5964,2556.9,0.5962,160.4,0.5965,1.4,0.5967,8.4
1753617229494,11:53:49.494,bybit,ACE/USDT:USDT,0.5964,2556.9,0.5962,160.4,0.5965,1.4,0.5967,8.4
1753617229594,11:53:49.594,bybit,ACE/USDT:USDT,0.5964,2556.9,0.5962,160.4,0.5965,1.4,0.5967,8.4
1753617229794,11:53:49.794,bybit,ACE/USDT:USDT,0.5964,2556.9,0.5962,160.4,0.5965,1.4,0.5967,8.4
1753617229894,11:53:49.894,bybit,ACE/USDT:USDT,0.5964,2556.9,0.5962,160.4,0.5965,1.4,0.5967,8.4
1753617229994,11:53:49.994,bybit,ACE/USDT:USDT,0.5964,2556.9,0.5962,160.4,0.5965,1.4,0.5967,8.4
1753617230094,11:53:50.094,bybit,ACE/USDT:USDT,0.5964,2556.9,0.5962,160.4,0.5965,1.4,0.5967,8.4
1753617230202,11:53:50.202,bybit,ACE/USDT:USDT,0.5964,2628.9,0.5962,160.4,0.5965,1.4,0.5967,8.4
1753617230395,11:53:50.395,bybit,ACE/USDT:USDT,0.5964,2628.9,0.5962,160.4,0.5965,1.4,0.5967,8.4
1753617230494,11:53:50.494,bybit,ACE/USDT:USDT,0.5964,2628.9,0.5962,160.4,0.5965,1.4,0.5967,8.4
1753617230594,11:53:50.594,bybit,ACE/USDT:USDT,0.5964,2756.8,0.5962,160.4,0.5965,1.4,0.5967,8.4
1753617230694,11:53:50.694,bybit,ACE/USDT:USDT,0.5964,2756.8,0.5962,160.4,0.5965,1.4,0.5967,8.4
1753617230894,11:53:50.894,bybit,ACE/USDT:USDT,0.5964,2756.8,0.5962,160.4,0.5965,1.4,0.5967,8.4
1753617230994,11:53:50.994,bybit,ACE/USDT:USDT,0.5964,2756.8,0.5962,160.4,0.5965,1.4,0.5967,8.4
1753617231094,11:53:51.094,bybit,ACE/USDT:USDT,0.5964,2756.8,0.5962,160.4,0.5965,1.4,0.5967,8.4
1753617231194,11:53:51.194,bybit,ACE/USDT:USDT,0.5964,2756.8,0.5962,160.4,0.5965,1.4,0.5967,8.4
1753617231296,11:53:51.296,bybit,ACE/USDT:USDT,0.5964,2756.8,0.5962,160.4,0.5965,1.4,0.5967,8.4
1753617231395,11:53:51.395,bybit,ACE/USDT:USDT,0.5964,2217.9,0.5962,160.4,0.5965,1.4,0.5967,8.4
1753617231494,11:53:51.494,bybit,ACE/USDT:USDT,0.5964,2137.8,0.5962,160.4,0.5965,1.4,0.5967,8.4
1753617231595,11:53:51.595,bybit,ACE/USDT:USDT,0.5964,2137.8,0.5962,160.4,0.5965,1.4,0.5967,8.4
1753617231694,11:53:51.694,bybit,ACE/USDT:USDT,0.5964,1970.1,0.5962,160.4,0.5965,1.4,0.5967,8.4
1753617231794,11:53:51.794,bybit,ACE/USDT:USDT,0.5964,1970.1,0.5962,160.4,0.5965,1.4,0.5967,8.4
1753617231896,11:53:51.896,bybit,ACE/USDT:USDT,0.5964,2137.8,0.5962,160.4,0.5965,1.4,0.5967,8.4
1753617231995,11:53:51.995,bybit,ACE/USDT:USDT,0.5964,2202.7,0.5962,160.4,0.5965,1.4,0.5967,8.4
1753617232094,11:53:52.094,bybit,ACE/USDT:USDT,0.5964,2202.7,0.5962,160.4,0.5965,1.4,0.5967,8.4
1753617232196,11:53:52.196,bybit,ACE/USDT:USDT,0.5964,2202.7,0.5962,160.4,0.5965,1.4,0.5967,8.4
1753617232294,11:53:52.294,bybit,ACE/USDT:USDT,0.5964,2118.8,0.5962,160.4,0.5965,1.4,0.5967,8.4
1753617232395,11:53:52.395,bybit,ACE/USDT:USDT,0.5964,2427.2,0.5962,160.4,0.5965,1.4,0.5967,8.4
1753617232495,11:53:52.495,bybit,ACE/USDT:USDT,0.5964,2585.2,0.5962,160.4,0.5965,1.4,0.5967,8.4
1753617232596,11:53:52.596,bybit,ACE/USDT:USDT,0.5964,2614.3,0.5962,160.4,0.5965,1.4,0.5967,8.4
1753617232794,11:53:52.794,bybit,ACE/USDT:USDT,0.5964,2427.2,0.5962,160.4,0.5965,1.4,0.5967,8.4
1753617232994,11:53:52.994,bybit,ACE/USDT:USDT,0.5964,2427.2,0.5962,160.4,0.5965,1.4,0.5967,8.4
1753617233195,11:53:53.195,bybit,ACE/USDT:USDT,0.5964,2427.2,0.5962,160.4,0.5965,1.4,0.5967,8.4
1753617233296,11:53:53.296,bybit,ACE/USDT:USDT,0.5964,2427.2,0.5962,160.4,0.5965,1.4,0.5967,8.4
1753617233394,11:53:53.394,bybit,ACE/USDT:USDT,0.5964,2427.2,0.5962,160.4,0.5965,1.4,0.5967,8.4
1753617233494,11:53:53.494,bybit,ACE/USDT:USDT,0.5964,2427.2,0.5962,160.4,0.5965,1.4,0.5967,8.4
1753617233595,11:53:53.595,bybit,ACE/USDT:USDT,0.5964,2436.9,0.5962,160.4,0.5965,1.4,0.5967,8.4
1753617233894,11:53:53.894,bybit,ACE/USDT:USDT,0.5964,2446.6,0.5962,160.4,0.5965,1.4,0.5967,8.4
1753617233995,11:53:53.995,bybit,ACE/USDT:USDT,0.5968,33.0,0.5966,705.5,0.5972,289.4,0.5973,9.5
1753617234095,11:53:54.095,bybit,ACE/USDT:USDT,0.5968,292.8,0.5967,8.4,0.5972,47.3,0.5973,9.5
1753617234196,11:53:54.196,bybit,ACE/USDT:USDT,0.5969,550.2,0.5968,1834.0,0.5971,98.3,0.5972,47.3
1753617234306,11:53:54.306,bybit,ACE/USDT:USDT,0.5969,661.2,0.5968,1508.2,0.5971,98.3,0.5972,47.3
1753617234394,11:53:54.394,bybit,ACE/USDT:USDT,0.5969,661.2,0.5968,1508.2,0.5971,98.3,0.5972,47.3
1753617234494,11:53:54.494,bybit,ACE/USDT:USDT,0.5969,661.2,0.5968,1508.2,0.5971,98.3,0.5972,47.3
1753617234595,11:53:54.595,bybit,ACE/USDT:USDT,0.5969,661.2,0.5968,1508.2,0.5971,98.3,0.5972,47.3
1753617234694,11:53:54.694,bybit,ACE/USDT:USDT,0.5969,661.2,0.5968,1508.2,0.5971,98.3,0.5972,47.3
1753617234794,11:53:54.794,bybit,ACE/USDT:USDT,0.5969,661.2,0.5968,1508.2,0.5971,98.3,0.5972,47.3
1753617234895,11:53:54.895,bybit,ACE/USDT:USDT,0.5969,661.2,0.5968,1508.2,0.5971,98.3,0.5972,47.3
1753617235094,11:53:55.094,bybit,ACE/USDT:USDT,0.5969,699.1,0.5968,1508.2,0.5971,98.3,0.5972,9.4
1753617235195,11:53:55.195,bybit,ACE/USDT:USDT,0.5969,699.1,0.5968,1508.2,0.5971,98.3,0.5972,9.4
1753617235294,11:53:55.294,bybit,ACE/USDT:USDT,0.5969,699.1,0.5968,1508.2,0.5971,98.3,0.5972,9.4
1753617235394,11:53:55.394,bybit,ACE/USDT:USDT,0.5969,699.1,0.5968,1508.2,0.5971,98.3,0.5972,9.4
1753617235595,11:53:55.595,bybit,ACE/USDT:USDT,0.5969,699.1,0.5968,1508.2,0.5971,98.3,0.5972,9.4
1753617235696,11:53:55.696,bybit,ACE/USDT:USDT,0.5969,699.1,0.5968,1508.2,0.5971,98.3,0.5972,9.4
1753617235795,11:53:55.795,bybit,ACE/USDT:USDT,0.5969,148.9,0.5967,8.4,0.5971,98.3,0.5972,9.4
1753617236094,11:53:56.094,bybit,ACE/USDT:USDT,0.5969,111.0,0.5967,8.4,0.5971,98.3,0.5972,9.4
1753617236294,11:53:56.294,bybit,ACE/USDT:USDT,0.5969,111.0,0.5967,8.4,0.5971,98.3,0.5972,9.4
1753617236394,11:53:56.394,bybit,ACE/USDT:USDT,0.5969,111.0,0.5967,8.4,0.5971,98.3,0.5972,9.4
1753617236895,11:53:56.895,bybit,ACE/USDT:USDT,0.5969,111.0,0.5967,8.4,0.5971,98.3,0.5972,9.4
1753617236994,11:53:56.994,bybit,ACE/USDT:USDT,0.5969,111.0,0.5967,8.4,0.5971,98.3,0.5972,9.4
1753617237494,11:53:57.494,bybit,ACE/USDT:USDT,0.5969,111.0,0.5967,8.4,0.5971,98.3,0.5972,9.4
1753617237594,11:53:57.594,bybit,ACE/USDT:USDT,0.5969,111.0,0.5967,8.4,0.5971,98.3,0.5972,9.4
1753617237795,11:53:57.795,bybit,ACE/USDT:USDT,0.5969,1619.2,0.5967,8.4,0.597,98.3,0.5972,9.4
1753617237894,11:53:57.894,bybit,ACE/USDT:USDT,0.5969,1619.2,0.5967,8.4,0.597,98.3,0.5972,9.4
1753617237994,11:53:57.994,bybit,ACE/USDT:USDT,0.5969,1619.2,0.5967,8.4,0.597,98.3,0.5972,9.4
1753617238094,11:53:58.094,bybit,ACE/USDT:USDT,0.5969,1619.2,0.5967,8.4,0.597,98.3,0.5972,9.4
1753617238294,11:53:58.294,bybit,ACE/USDT:USDT,0.5969,1619.2,0.5967,8.4,0.597,98.3,0.5972,9.4
1753617238394,11:53:58.394,bybit,ACE/USDT:USDT,0.5969,1619.2,0.5967,8.4,0.597,98.3,0.5972,9.4
1753617238494,11:53:58.494,bybit,ACE/USDT:USDT,0.5969,1619.2,0.5967,8.4,0.597,98.3,0.5972,9.4
1753617238595,11:53:58.595,bybit,ACE/USDT:USDT,0.5969,1619.2,0.5967,8.4,0.597,98.3,0.5972,9.4
1753617238696,11:53:58.696,bybit,ACE/USDT:USDT,0.5969,1619.2,0.5967,8.4,0.597,98.3,0.5972,9.4
1753617239094,11:53:59.094,bybit,ACE/USDT:USDT,0.5969,1619.2,0.5967,8.4,0.597,98.3,0.5972,9.4
1753617239195,11:53:59.195,bybit,ACE/USDT:USDT,0.5969,1619.2,0.5967,8.4,0.597,98.3,0.5972,9.4
1753617239694,11:53:59.694,bybit,ACE/USDT:USDT,0.5969,1619.2,0.5967,8.4,0.597,98.3,0.5972,9.4
1753617239795,11:53:59.795,bybit,ACE/USDT:USDT,0.5969,1619.2,0.5967,8.4,0.597,98.3,0.5972,9.4
1753617239994,11:53:59.994,bybit,ACE/USDT:USDT,0.5969,1619.2,0.5967,8.4,0.597,98.3,0.5972,9.4
1753617240095,11:54:00.095,bybit,ACE/USDT:USDT,0.5969,1619.2,0.5967,8.4,0.597,136.3,0.5972,9.4
1753617240199,11:54:00.199,bybit,ACE/USDT:USDT,0.5969,1619.2,0.5967,8.4,0.597,136.3,0.5972,9.4
1753617240295,11:54:00.295,bybit,ACE/USDT:USDT,0.5969,1619.2,0.5967,8.4,0.597,136.3,0.5972,9.4
1753617240394,11:54:00.394,bybit,ACE/USDT:USDT,0.5969,1508.2,0.5967,8.4,0.597,136.3,0.5972,9.4
1753617240494,11:54:00.494,bybit,ACE/USDT:USDT,0.5969,1508.2,0.5967,8.4,0.597,136.3,0.5971,9.5
1753617240595,11:54:00.595,bybit,ACE/USDT:USDT,0.5969,1508.2,0.5967,8.4,0.597,136.3,0.5971,9.5
1753617240696,11:54:00.696,bybit,ACE/USDT:USDT,0.5969,1508.2,0.5967,8.4,0.597,136.3,0.5971,9.5
1753617240794,11:54:00.794,bybit,ACE/USDT:USDT,0.5969,1508.2,0.5967,8.4,0.597,136.3,0.5971,9.5
1753617240894,11:54:00.894,bybit,ACE/USDT:USDT,0.5969,1508.2,0.5967,8.4,0.597,136.3,0.5971,9.5
1753617241094,11:54:01.094,bybit,ACE/USDT:USDT,0.5969,1508.2,0.5967,8.4,0.597,136.3,0.5971,9.5
1753617241794,11:54:01.794,bybit,ACE/USDT:USDT,0.5969,1508.2,0.5967,8.4,0.597,136.3,0.5971,9.5
1753617241895,11:54:01.895,bybit,ACE/USDT:USDT,0.5969,1508.2,0.5967,8.4,0.597,136.3,0.5971,9.5
1753617242294,11:54:02.294,bybit,ACE/USDT:USDT,0.5969,1508.2,0.5967,8.4,0.597,136.3,0.5971,9.5
1753617242394,11:54:02.394,bybit,ACE/USDT:USDT,0.5969,1508.2,0.5967,8.4,0.597,136.3,0.5971,9.5
1753617242894,11:54:02.894,bybit,ACE/USDT:USDT,0.5969,1508.2,0.5967,8.4,0.597,136.3,0.5971,9.5
1753617242994,11:54:02.994,bybit,ACE/USDT:USDT,0.5969,1508.2,0.5967,8.4,0.597,136.3,0.5971,9.5
1753617243294,11:54:03.294,bybit,ACE/USDT:USDT,0.5969,1508.2,0.5967,8.4,0.597,136.3,0.5971,9.5
1753617243396,11:54:03.396,bybit,ACE/USDT:USDT,0.5969,1508.2,0.5967,8.4,0.597,136.3,0.5971,9.5
1753617243496,11:54:03.496,bybit,ACE/USDT:USDT,0.5969,1508.2,0.5967,8.4,0.597,136.3,0.5971,9.5
1753617243694,11:54:03.694,bybit,ACE/USDT:USDT,0.5969,1508.2,0.5967,8.4,0.597,136.3,0.5971,9.5
1753617243894,11:54:03.894,bybit,ACE/USDT:USDT,0.5969,1508.2,0.5967,8.4,0.597,136.3,0.5971,9.5
1753617244200,11:54:04.200,bybit,ACE/USDT:USDT,0.5969,1508.2,0.5967,8.4,0.597,136.3,0.5971,9.5
1753617244394,11:54:04.394,bybit,ACE/USDT:USDT,0.5969,1508.2,0.5967,8.4,0.597,140.7,0.5972,9.4
1753617244495,11:54:04.495,bybit,ACE/USDT:USDT,0.5969,1508.2,0.5967,8.4,0.597,140.7,0.5972,9.4
1753617244594,11:54:04.594,bybit,ACE/USDT:USDT,0.5969,1508.2,0.5967,8.4,0.597,140.7,0.5972,9.4
1753617244994,11:54:04.994,bybit,ACE/USDT:USDT,0.5969,1508.2,0.5967,8.4,0.597,140.7,0.5972,9.4
1753617245095,11:54:05.095,bybit,ACE/USDT:USDT,0.5969,1508.2,0.5967,8.4,0.597,140.7,0.5972,9.4
1753617245395,11:54:05.395,bybit,ACE/USDT:USDT,0.5969,1442.6,0.5967,8.4,0.597,159.5,0.5971,9.5
1753617245496,11:54:05.496,bybit,ACE/USDT:USDT,0.5962,452.3,0.5961,58.4,0.5965,289.4,0.5966,289.4
1753617245596,11:54:05.596,bybit,ACE/USDT:USDT,0.5962,464.9,0.5961,58.4,0.5964,110.9,0.5967,33.7
1753617245697,11:54:05.697,bybit,ACE/USDT:USDT,0.5963,777.2,0.5962,419.3,0.5964,12.6,0.5967,9.5
1753617245796,11:54:05.796,bybit,ACE/USDT:USDT,0.5964,448.7,0.5963,177.2,0.5969,24.2,0.597,85.4
1753617245895,11:54:05.895,bybit,ACE/USDT:USDT,0.5964,451.8,0.5963,9.5,0.5967,193.3,0.5968,289.4
1753617245994,11:54:05.994,bybit,ACE/USDT:USDT,0.5965,606.8,0.5963,9.5,0.5966,98.3,0.5969,571.7
1753617246394,11:54:06.394,bybit,ACE/USDT:USDT,0.5965,477.2,0.5963,9.5,0.5966,98.3,0.5969,571.7
1753617246694,11:54:06.694,bybit,ACE/USDT:USDT,0.5965,477.2,0.5963,9.5,0.5966,98.3,0.5969,571.7
1753617246795,11:54:06.795,bybit,ACE/USDT:USDT,0.5965,477.2,0.5963,9.5,0.5966,98.3,0.5969,571.7
1753617246894,11:54:06.894,bybit,ACE/USDT:USDT,0.5965,477.2,0.5963,9.5,0.5966,98.3,0.5969,571.7
1753617247094,11:54:07.094,bybit,ACE/USDT:USDT,0.5965,439.2,0.5963,9.5,0.5966,98.3,0.5969,571.7
1753617247295,11:54:07.295,bybit,ACE/USDT:USDT,0.5965,439.2,0.5963,9.5,0.5966,98.3,0.5969,595.9
1753617247395,11:54:07.395,bybit,ACE/USDT:USDT,0.5965,439.2,0.5962,1000.5,0.5966,98.3,0.5969,595.9
1753617247494,11:54:07.494,bybit,ACE/USDT:USDT,0.5965,439.2,0.5962,1000.5,0.5966,98.3,0.5969,595.9
1753617247595,11:54:07.595,bybit,ACE/USDT:USDT,0.5965,439.2,0.5962,1000.5,0.5966,98.3,0.5969,571.7
1753617247794,11:54:07.794,bybit,ACE/USDT:USDT,0.5965,439.2,0.5962,1000.5,0.5966,98.3,0.5969,571.7
1753617247894,11:54:07.894,bybit,ACE/USDT:USDT,0.5965,439.2,0.5962,1000.5,0.5966,98.3,0.5969,571.7
1753617247994,11:54:07.994,bybit,ACE/USDT:USDT,0.5965,439.2,0.5962,1000.5,0.5966,98.3,0.5968,9.5
1753617248096,11:54:08.096,bybit,ACE/USDT:USDT,0.5962,419.3,0.5961,8.4,0.5963,98.3,0.5966,38.0
1753617248196,11:54:08.196,bybit,ACE/USDT:USDT,0.5962,33.0,0.5961,8.4,0.5963,98.3,0.5966,348.0
1753617248296,11:54:08.296,bybit,ACE/USDT:USDT,0.5961,309.6,0.5959,572.6,0.5962,98.3,0.5965,285.8
1753617248394,11:54:08.394,bybit,ACE/USDT:USDT,0.5961,309.6,0.5959,572.6,0.5962,98.3,0.5965,285.8
1753617248494,11:54:08.494,bybit,ACE/USDT:USDT,0.5961,309.6,0.5959,572.6,0.5962,98.3,0.5965,285.8
1753617248694,11:54:08.694,bybit,ACE/USDT:USDT,0.5961,418.6,0.5959,572.6,0.5962,98.3,0.5965,285.8
1753617248895,11:54:08.895,bybit,ACE/USDT:USDT,0.5961,418.6,0.5959,572.6,0.5962,98.3,0.5965,285.8
1753617248994,11:54:08.994,bybit,ACE/USDT:USDT,0.5961,418.6,0.5959,572.6,0.5962,98.3,0.5965,285.8
1753617249094,11:54:09.094,bybit,ACE/USDT:USDT,0.5961,456.7,0.5959,572.6,0.5962,98.3,0.5965,310.0
1753617249195,11:54:09.195,bybit,ACE/USDT:USDT,0.5961,456.7,0.5959,572.6,0.5962,98.3,0.5965,310.0
1753617249294,11:54:09.294,bybit,ACE/USDT:USDT,0.5961,456.7,0.5959,572.6,0.5962,98.3,0.5965,310.0
1753617249594,11:54:09.594,bybit,ACE/USDT:USDT,0.5961,456.7,0.5959,572.6,0.5962,98.3,0.5965,310.0
1753617249695,11:54:09.695,bybit,ACE/USDT:USDT,0.5961,456.7,0.5959,572.6,0.5962,98.3,0.5965,310.0
1753617249895,11:54:09.895,bybit,ACE/USDT:USDT,0.5961,456.7,0.5959,572.6,0.5962,98.3,0.5965,285.8
1753617249995,11:54:09.995,bybit,ACE/USDT:USDT,0.5961,456.7,0.5959,572.6,0.5962,98.3,0.5965,285.8
1753617250094,11:54:10.094,bybit,ACE/USDT:USDT,0.5961,456.7,0.5959,572.6,0.5962,98.3,0.5965,285.8
1753617250199,11:54:10.199,bybit,ACE/USDT:USDT,0.5961,456.7,0.5959,572.6,0.5962,98.3,0.5965,285.8
1753617250295,11:54:10.295,bybit,ACE/USDT:USDT,0.5961,456.7,0.5959,572.6,0.5962,98.3,0.5965,285.8
1753617250394,11:54:10.394,bybit,ACE/USDT:USDT,0.5961,456.7,0.5959,572.6,0.5962,98.3,0.5965,285.8
1753617251995,11:54:11.995,bybit,ACE/USDT:USDT,0.5961,456.7,0.5959,582.1,0.5962,83.1,0.5965,285.8
1753617252094,11:54:12.094,bybit,ACE/USDT:USDT,0.5961,498.7,0.5959,582.1,0.5962,83.1,0.5965,285.8
1753617252295,11:54:12.295,bybit,ACE/USDT:USDT,0.5961,498.7,0.5959,582.1,0.5962,83.1,0.5965,285.8
1753617252395,11:54:12.395,bybit,ACE/USDT:USDT,0.5961,498.7,0.5959,582.1,0.5962,83.1,0.5965,285.8
1753617252894,11:54:12.894,bybit,ACE/USDT:USDT,0.5961,498.7,0.5959,582.1,0.5962,83.1,0.5965,285.8
1753617252995,11:54:12.995,bybit,ACE/USDT:USDT,0.5961,498.7,0.5959,582.1,0.5962,83.1,0.5965,285.8
1753617253495,11:54:13.495,bybit,ACE/USDT:USDT,0.5961,498.7,0.5959,582.1,0.5962,83.1,0.5965,285.8
1753617253594,11:54:13.594,bybit,ACE/USDT:USDT,0.5961,498.7,0.5959,582.1,0.5962,83.1,0.5965,285.8
1753617253696,11:54:13.696,bybit,ACE/USDT:USDT,0.5961,498.7,0.5959,582.1,0.5962,83.1,0.5965,285.8
1753617254199,11:54:14.199,bybit,ACE/USDT:USDT,0.5961,498.7,0.5959,582.1,0.5962,83.1,0.5965,285.8
1753617254995,11:54:14.995,bybit,ACE/USDT:USDT,0.5961,498.7,0.5959,582.1,0.5962,83.1,0.5965,285.8
1753617255094,11:54:15.094,bybit,ACE/USDT:USDT,0.5961,498.7,0.5959,582.1,0.5962,83.1,0.5965,285.8
1753617255195,11:54:15.195,bybit,ACE/USDT:USDT,0.5961,498.7,0.5959,582.1,0.5962,83.1,0.5965,285.8
1753617255295,11:54:15.295,bybit,ACE/USDT:USDT,0.5962,151.5,0.5961,353.3,0.5968,9.5,0.5969,9.5
1753617255494,11:54:15.494,bybit,ACE/USDT:USDT,0.5963,410.2,0.5962,9.5,0.5968,9.5,0.5969,9.5
1753617255594,11:54:15.594,bybit,ACE/USDT:USDT,0.5963,541.9,0.5962,9.5,0.5968,9.5,0.5969,9.5
1753617255694,11:54:15.694,bybit,ACE/USDT:USDT,0.5963,574.1,0.5962,9.5,0.5968,22.7,0.5969,9.5
1753617255994,11:54:15.994,bybit,ACE/USDT:USDT,0.5963,268.2,0.5961,70.7,0.5964,98.3,0.5967,572.0
1753617256094,11:54:16.094,bybit,ACE/USDT:USDT,0.5963,268.2,0.5961,32.6,0.5964,98.3,0.5967,572.0
1753617256294,11:54:16.294,bybit,ACE/USDT:USDT,0.5963,268.2,0.5961,32.6,0.5964,98.3,0.5967,572.0
1753617256395,11:54:16.395,bybit,ACE/USDT:USDT,0.5963,307.0,0.5961,8.4,0.5964,98.3,0.5967,581.5
1753617256595,11:54:16.595,bybit,ACE/USDT:USDT,0.5963,301.2,0.5961,8.4,0.5964,98.3,0.5967,581.5
1753617256694,11:54:16.694,bybit,ACE/USDT:USDT,0.5963,301.2,0.5961,8.4,0.5964,98.3,0.5967,581.5
1753617256994,11:54:16.994,bybit,ACE/USDT:USDT,0.5963,357.2,0.5961,8.4,0.5964,98.3,0.5967,581.5
1753617257094,11:54:17.094,bybit,ACE/USDT:USDT,0.5963,357.2,0.5961,8.4,0.5964,98.3,0.5967,581.5
1753617257194,11:54:17.194,bybit,ACE/USDT:USDT,0.5963,389.6,0.5961,8.4,0.5964,98.3,0.5967,581.5
1753617257294,11:54:17.294,bybit,ACE/USDT:USDT,0.5963,366.9,0.5961,8.4,0.5964,98.3,0.5967,581.5
1753617257494,11:54:17.494,bybit,ACE/USDT:USDT,0.5963,357.2,0.5961,8.4,0.5964,98.3,0.5967,581.5
1753617257594,11:54:17.594,bybit,ACE/USDT:USDT,0.5963,357.2,0.5961,8.4,0.5964,98.3,0.5967,581.5
1753617258094,11:54:18.094,bybit,ACE/USDT:USDT,0.5963,357.2,0.5961,8.4,0.5964,98.3,0.5967,581.5
1753617258295,11:54:18.295,bybit,ACE/USDT:USDT,0.5963,357.2,0.5961,8.4,0.5964,98.3,0.5967,581.5
1753617258500,11:54:18.500,bybit,ACE/USDT:USDT,0.5963,376.6,0.5961,8.4,0.5964,98.3,0.5967,581.5
1753617258595,11:54:18.595,bybit,ACE/USDT:USDT,0.5963,357.2,0.5961,8.4,0.5964,98.3,0.5967,581.5
1753617258795,11:54:18.795,bybit,ACE/USDT:USDT,0.5963,357.2,0.5961,8.4,0.5964,98.3,0.5967,581.5
1753617258894,11:54:18.894,bybit,ACE/USDT:USDT,0.5963,357.2,0.5961,8.4,0.5964,98.3,0.5967,581.5
1753617258994,11:54:18.994,bybit,ACE/USDT:USDT,0.5963,357.2,0.5961,8.4,0.5964,98.3,0.5967,581.5
1753617259294,11:54:19.294,bybit,ACE/USDT:USDT,0.5963,376.6,0.5961,8.4,0.5964,98.3,0.5967,581.5
1753617259494,11:54:19.494,bybit,ACE/USDT:USDT,0.5963,483.3,0.5961,8.4,0.5964,98.3,0.5967,581.5
1753617259594,11:54:19.594,bybit,ACE/USDT:USDT,0.5963,386.3,0.5961,8.4,0.5964,98.3,0.5967,581.5
1753617259995,11:54:19.995,bybit,ACE/USDT:USDT,0.5963,386.3,0.5961,8.4,0.5964,98.3,0.5967,581.5
1753617260494,11:54:20.494,bybit,ACE/USDT:USDT,0.5963,106.7,0.5961,8.4,0.5964,183.7,0.5965,9.5
1753617260594,11:54:20.594,bybit,ACE/USDT:USDT,0.5963,71.8,0.5961,8.4,0.5964,141.0,0.5965,9.5
1753617260695,11:54:20.695,bybit,ACE/USDT:USDT,0.5963,62.1,0.5961,8.4,0.5964,141.0,0.5965,9.5
1753617261105,11:54:21.105,bybit,ACE/USDT:USDT,0.5963,62.1,0.5961,8.4,0.5964,179.1,0.5965,9.5
1753617261194,11:54:21.194,bybit,ACE/USDT:USDT,0.5963,62.1,0.5961,8.4,0.5964,179.1,0.5965,9.5
1753617261394,11:54:21.394,bybit,ACE/USDT:USDT,0.5963,62.1,0.5961,8.4,0.5964,179.1,0.5965,9.5
1753617262296,11:54:22.296,bybit,ACE/USDT:USDT,0.5963,62.1,0.5961,8.4,0.5964,179.1,0.5965,9.5
1753617262696,11:54:22.696,bybit,ACE/USDT:USDT,0.5963,62.1,0.5961,8.4,0.5964,179.1,0.5965,9.5
1753617262895,11:54:22.895,bybit,ACE/USDT:USDT,0.5963,62.1,0.5961,8.4,0.5964,179.1,0.5965,9.5
1753617263094,11:54:23.094,bybit,ACE/USDT:USDT,0.5963,62.1,0.5961,8.4,0.5964,179.1,0.5965,9.5
1753617263494,11:54:23.494,bybit,ACE/USDT:USDT,0.5963,167.1,0.5961,8.4,0.5964,179.1,0.5965,9.5
1753617263595,11:54:23.595,bybit,ACE/USDT:USDT,0.5963,29.1,0.5961,8.4,0.5964,179.1,0.5965,9.5
1753617263694,11:54:23.694,bybit,ACE/USDT:USDT,0.5963,29.1,0.5961,8.4,0.5964,179.1,0.5965,9.5
1753617263894,11:54:23.894,bybit,ACE/USDT:USDT,0.5963,29.1,0.5961,8.4,0.5964,179.1,0.5965,9.5
1753617263995,11:54:23.995,bybit,ACE/USDT:USDT,0.5963,29.1,0.5961,8.4,0.5964,179.1,0.5965,9.5
1753617264095,11:54:24.095,bybit,ACE/USDT:USDT,0.5963,29.1,0.5961,8.4,0.5964,179.1,0.5965,9.5
1753617264496,11:54:24.496,bybit,ACE/USDT:USDT,0.5963,29.1,0.5961,8.4,0.5964,179.1,0.5965,9.5
1753617264594,11:54:24.594,bybit,ACE/USDT:USDT,0.5963,29.1,0.5961,8.4,0.5964,179.1,0.5965,9.5
1753617265194,11:54:25.194,bybit,ACE/USDT:USDT,0.5963,107.1,0.5961,8.4,0.5964,141.0,0.5965,9.5
1753617265695,11:54:25.695,bybit,ACE/USDT:USDT,0.5963,107.1,0.5961,8.4,0.5964,141.0,0.5965,9.5
1753617265795,11:54:25.795,bybit,ACE/USDT:USDT,0.5963,107.1,0.5961,8.4,0.5964,141.0,0.5965,9.5
1753617266095,11:54:26.095,bybit,ACE/USDT:USDT,0.5963,107.1,0.5961,8.4,0.5964,141.0,0.5966,33.7
1753617266196,11:54:26.196,bybit,ACE/USDT:USDT,0.5963,107.1,0.5961,8.4,0.5964,141.0,0.5966,33.7
1753617266394,11:54:26.394,bybit,ACE/USDT:USDT,0.5963,107.1,0.5961,8.4,0.5964,141.0,0.5966,33.7
1753617266494,11:54:26.494,bybit,ACE/USDT:USDT,0.5963,107.1,0.5961,8.4,0.5964,141.0,0.5966,33.7
1753617266794,11:54:26.794,bybit,ACE/USDT:USDT,0.5963,107.1,0.5961,8.4,0.5964,141.0,0.5966,33.7
1753617266894,11:54:26.894,bybit,ACE/USDT:USDT,0.5963,107.1,0.5961,8.4,0.5964,141.0,0.5966,33.7
1753617267594,11:54:27.594,bybit,ACE/USDT:USDT,0.5963,107.1,0.5961,8.4,0.5964,141.0,0.5966,33.7
1753617267695,11:54:27.695,bybit,ACE/USDT:USDT,0.5963,107.1,0.5961,8.4,0.5964,141.0,0.5966,33.7
1753617268095,11:54:28.095,bybit,ACE/USDT:USDT,0.5963,107.1,0.5961,8.4,0.5964,141.0,0.5966,33.7
1753617268201,11:54:28.201,bybit,ACE/USDT:USDT,0.5963,107.1,0.5961,8.4,0.5964,141.0,0.5966,33.7
1753617268294,11:54:28.294,bybit,ACE/USDT:USDT,0.5963,107.1,0.5961,8.4,0.5964,141.0,0.5966,33.7
1753617268694,11:54:28.694,bybit,ACE/USDT:USDT,0.5963,107.1,0.5961,8.4,0.5964,141.0,0.5966,33.7
1753617268795,11:54:28.795,bybit,ACE/USDT:USDT,0.5963,107.1,0.5961,8.4,0.5964,141.0,0.5966,33.7
1753617269194,11:54:29.194,bybit,ACE/USDT:USDT,0.5963,107.1,0.5961,8.4,0.5964,141.0,0.5966,33.7
1753617269295,11:54:29.295,bybit,ACE/USDT:USDT,0.5963,107.1,0.5961,8.4,0.5964,141.0,0.5966,33.7
1753617269695,11:54:29.695,bybit,ACE/USDT:USDT,0.5963,107.1,0.5961,8.4,0.5964,141.0,0.5966,33.7
1753617269794,11:54:29.794,bybit,ACE/USDT:USDT,0.5963,107.1,0.5961,8.4,0.5964,141.0,0.5966,33.7
1753617270095,11:54:30.095,bybit,ACE/USDT:USDT,0.5963,29.1,0.5961,8.4,0.5964,141.0,0.5966,33.7
1753617270198,11:54:30.198,bybit,ACE/USDT:USDT,0.5963,29.1,0.5961,8.4,0.5964,141.0,0.5966,33.7
1753617270295,11:54:30.295,bybit,ACE/USDT:USDT,0.5963,29.1,0.5961,8.4,0.5964,141.0,0.5966,33.7
1753617270495,11:54:30.495,bybit,ACE/USDT:USDT,0.5963,62.1,0.5961,8.4,0.5964,141.0,0.5966,33.7
1753617270995,11:54:30.995,bybit,ACE/USDT:USDT,0.5963,62.1,0.5961,8.4,0.5964,141.0,0.5966,33.7
1753617271494,11:54:31.494,bybit,ACE/USDT:USDT,0.5963,62.1,0.5961,8.4,0.5964,141.0,0.5966,33.7
1753617271795,11:54:31.795,bybit,ACE/USDT:USDT,0.5963,62.1,0.5961,8.4,0.5964,141.0,0.5966,33.7
1753617272095,11:54:32.095,bybit,ACE/USDT:USDT,0.5963,62.1,0.5961,8.4,0.5964,179.1,0.5966,33.7
1753617272195,11:54:32.195,bybit,ACE/USDT:USDT,0.5963,62.1,0.5961,8.4,0.5964,179.1,0.5966,33.7
1753617272594,11:54:32.594,bybit,ACE/USDT:USDT,0.5963,62.1,0.5961,8.4,0.5964,179.1,0.5966,33.7
1753617272794,11:54:32.794,bybit,ACE/USDT:USDT,0.5963,62.1,0.5961,8.4,0.5964,179.1,0.5966,33.7
1753617272894,11:54:32.894,bybit,ACE/USDT:USDT,0.5963,62.1,0.5961,8.4,0.5964,179.1,0.5966,33.7
1753617273195,11:54:33.195,bybit,ACE/USDT:USDT,0.5963,62.1,0.5961,8.4,0.5964,179.1,0.5966,33.7
1753617273294,11:54:33.294,bybit,ACE/USDT:USDT,0.5963,62.1,0.5961,8.4,0.5964,179.1,0.5966,33.7
1753617273395,11:54:33.395,bybit,ACE/USDT:USDT,0.5963,62.1,0.5961,8.4,0.5964,179.1,0.5966,33.7
1753617273794,11:54:33.794,bybit,ACE/USDT:USDT,0.5963,62.1,0.5961,8.4,0.5964,179.1,0.5966,33.7
1753617273894,11:54:33.894,bybit,ACE/USDT:USDT,0.5963,62.1,0.5961,8.4,0.5964,179.1,0.5966,33.7
1753617273994,11:54:33.994,bybit,ACE/USDT:USDT,0.5963,62.1,0.5961,8.4,0.5964,179.1,0.5966,33.7
1753617274794,11:54:34.794,bybit,ACE/USDT:USDT,0.5963,62.1,0.5961,8.4,0.5964,179.1,0.5966,33.7
1753617275095,11:54:35.095,bybit,ACE/USDT:USDT,0.5963,62.1,0.5961,8.4,0.5964,179.1,0.5966,33.7
1753617275294,11:54:35.294,bybit,ACE/USDT:USDT,0.5963,62.1,0.5961,8.4,0.5964,179.1,0.5966,33.7
1753617275394,11:54:35.394,bybit,ACE/USDT:USDT,0.5963,62.1,0.5961,8.4,0.5964,179.1,0.5966,33.7
1753617275494,11:54:35.494,bybit,ACE/USDT:USDT,0.5963,62.1,0.5961,8.4,0.5964,179.1,0.5966,33.7
1753617275594,11:54:35.594,bybit,ACE/USDT:USDT,0.5963,62.1,0.5961,8.4,0.5964,179.1,0.5966,33.7
1753617275794,11:54:35.794,bybit,ACE/USDT:USDT,0.5963,62.1,0.5961,8.4,0.5964,179.1,0.5966,33.7
1753617276199,11:54:36.199,bybit,ACE/USDT:USDT,0.5963,62.1,0.5961,8.4,0.5964,179.1,0.5966,33.7
1753617276294,11:54:36.294,bybit,ACE/USDT:USDT,0.5963,62.1,0.5961,8.4,0.5964,179.1,0.5966,33.7
1753617276794,11:54:36.794,bybit,ACE/USDT:USDT,0.5963,62.1,0.5961,8.4,0.5964,179.1,0.5966,33.7
1753617276894,11:54:36.894,bybit,ACE/USDT:USDT,0.5963,62.1,0.5961,8.4,0.5964,179.1,0.5966,33.7
1753617277094,11:54:37.094,bybit,ACE/USDT:USDT,0.5963,62.1,0.5961,8.4,0.5964,179.1,0.5966,33.7
1753617277194,11:54:37.194,bybit,ACE/USDT:USDT,0.5963,62.1,0.5961,8.4,0.5964,179.1,0.5966,33.7
1753617277595,11:54:37.595,bybit,ACE/USDT:USDT,0.5963,62.1,0.5961,8.4,0.5964,179.1,0.5966,33.7
1753617277795,11:54:37.795,bybit,ACE/USDT:USDT,0.5963,62.1,0.5961,8.4,0.5964,179.1,0.5966,33.7
1753617277895,11:54:37.895,bybit,ACE/USDT:USDT,0.5963,33.0,0.5961,8.4,0.5964,179.1,0.5966,33.7
1753617277994,11:54:37.994,bybit,ACE/USDT:USDT,0.5963,207.0,0.5961,8.4,0.5964,179.1,0.5966,33.7
1753617278094,11:54:38.094,bybit,ACE/USDT:USDT,0.5963,207.0,0.5961,32.6,0.5964,179.1,0.5966,33.7
1753617278394,11:54:38.394,bybit,ACE/USDT:USDT,0.5961,225.8,0.5959,572.6,0.5962,289.4,0.5964,79.1
1753617278694,11:54:38.694,bybit,ACE/USDT:USDT,0.5961,225.8,0.5959,572.6,0.5962,289.4,0.5964,79.1
1753617278794,11:54:38.794,bybit,ACE/USDT:USDT,0.5961,225.8,0.5959,285.7,0.5962,289.4,0.5964,79.1
1753617278894,11:54:38.894,bybit,ACE/USDT:USDT,0.5961,225.8,0.5959,285.7,0.5962,289.4,0.5964,79.1
1753617278995,11:54:38.995,bybit,ACE/USDT:USDT,0.5961,225.8,0.5959,285.7,0.5962,289.4,0.5964,79.1
1753617279095,11:54:39.095,bybit,ACE/USDT:USDT,0.5961,225.8,0.5959,285.7,0.5962,327.6,0.5964,41.0
1753617279195,11:54:39.195,bybit,ACE/USDT:USDT,0.5961,225.8,0.5959,285.7,0.5962,327.6,0.5964,41.0
1753617279295,11:54:39.295,bybit,ACE/USDT:USDT,0.5961,225.8,0.5959,285.7,0.5962,327.6,0.5964,41.0
1753617279396,11:54:39.396,bybit,ACE/USDT:USDT,0.5961,225.8,0.5959,285.7,0.5962,327.6,0.5964,41.0
1753617279495,11:54:39.495,bybit,ACE/USDT:USDT,0.5961,287.2,0.5959,285.7,0.5962,327.6,0.5964,41.0
1753617279695,11:54:39.695,bybit,ACE/USDT:USDT,0.5961,52.1,0.5959,285.7,0.5962,327.6,0.5964,41.0
1753617279796,11:54:39.796,bybit,ACE/USDT:USDT,0.5961,52.1,0.5959,285.7,0.5962,327.6,0.5964,41.0
1753617279994,11:54:39.994,bybit,ACE/USDT:USDT,0.5961,52.1,0.5959,285.7,0.5962,327.6,0.5964,41.0
1753617280294,11:54:40.294,bybit,ACE/USDT:USDT,0.5961,61.8,0.5959,285.7,0.5962,327.6,0.5964,41.0
1753617280395,11:54:40.395,bybit,ACE/USDT:USDT,0.5961,61.8,0.5959,285.7,0.5962,327.6,0.5964,41.0
1753617280895,11:54:40.895,bybit,ACE/USDT:USDT,0.5961,61.8,0.5959,285.7,0.5962,327.6,0.5964,41.0
1753617281094,11:54:41.094,bybit,ACE/USDT:USDT,0.5961,71.5,0.5959,285.7,0.5962,327.6,0.5964,41.0
1753617281294,11:54:41.294,bybit,ACE/USDT:USDT,0.5961,71.5,0.5959,285.7,0.5962,327.6,0.5964,41.0
1753617281394,11:54:41.394,bybit,ACE/USDT:USDT,0.5961,71.5,0.5959,285.7,0.5962,327.6,0.5964,41.0
1753617281495,11:54:41.495,bybit,ACE/USDT:USDT,0.5961,71.5,0.5959,285.7,0.5962,327.6,0.5964,41.0
1753617281594,11:54:41.594,bybit,ACE/USDT:USDT,0.5961,71.5,0.5959,285.7,0.5962,327.6,0.5964,41.0
1753617281695,11:54:41.695,bybit,ACE/USDT:USDT,0.5961,81.2,0.5959,285.7,0.5962,327.6,0.5964,41.0
1753617281794,11:54:41.794,bybit,ACE/USDT:USDT,0.5961,90.9,0.5959,285.7,0.5962,327.6,0.5964,41.0
1753617281895,11:54:41.895,bybit,ACE/USDT:USDT,0.5961,81.2,0.5959,285.7,0.5962,327.6,0.5964,41.0
1753617281994,11:54:41.994,bybit,ACE/USDT:USDT,0.5961,71.5,0.5959,285.7,0.5962,334.5,0.5964,41.0
1753617282095,11:54:42.095,bybit,ACE/USDT:USDT,0.5961,71.5,0.5959,285.7,0.5962,296.3,0.5964,41.0
1753617282495,11:54:42.495,bybit,ACE/USDT:USDT,0.5961,71.5,0.5959,285.7,0.5962,296.3,0.5964,41.0
1753617282594,11:54:42.594,bybit,ACE/USDT:USDT,0.5961,9.7,0.5959,285.7,0.5962,296.3,0.5963,9.6
1753617282796,11:54:42.796,bybit,ACE/USDT:USDT,0.5959,254.0,0.5958,8.4,0.596,98.3,0.5962,6.9
1753617282895,11:54:42.895,bybit,ACE/USDT:USDT,0.5959,254.0,0.5958,8.4,0.596,98.3,0.5962,6.9
1753617282995,11:54:42.995,bybit,ACE/USDT:USDT,0.5959,372.1,0.5958,8.4,0.596,98.3,0.5962,6.9
1753617283094,11:54:43.094,bybit,ACE/USDT:USDT,0.5959,488.3,0.5958,8.4,0.596,98.3,0.5962,6.9
1753617283195,11:54:43.195,bybit,ACE/USDT:USDT,0.5959,689.2,0.5958,8.4,0.596,98.3,0.5962,6.9
1753617284095,11:54:44.095,bybit,ACE/USDT:USDT,0.5959,689.2,0.5958,8.4,0.596,98.3,0.5962,6.9
1753617284194,11:54:44.194,bybit,ACE/USDT:USDT,0.5959,689.2,0.5958,8.4,0.596,98.3,0.5962,6.9
1753617284295,11:54:44.295,bybit,ACE/USDT:USDT,0.5959,689.2,0.5958,8.4,0.596,98.3,0.5962,6.9
1753617284394,11:54:44.394,bybit,ACE/USDT:USDT,0.5959,689.2,0.5958,8.4,0.596,98.3,0.5962,6.9
1753617284594,11:54:44.594,bybit,ACE/USDT:USDT,0.5959,689.2,0.5958,8.4,0.596,98.3,0.5962,6.9
1753617284695,11:54:44.695,bybit,ACE/USDT:USDT,0.5959,689.2,0.5958,8.4,0.596,98.3,0.5962,6.9
1753617284794,11:54:44.794,bybit,ACE/USDT:USDT,0.5959,689.2,0.5958,8.4,0.596,98.3,0.5962,6.9
1753617284994,11:54:44.994,bybit,ACE/USDT:USDT,0.5959,116.2,0.5958,8.4,0.596,160.0,0.5961,9.6
1753617285094,11:54:45.094,bybit,ACE/USDT:USDT,0.5959,38.2,0.5958,8.4,0.596,160.0,0.5961,9.6
1753617285295,11:54:45.295,bybit,ACE/USDT:USDT,0.5958,128.6,0.5956,287.9,0.5959,98.3,0.596,19.0
1753617285395,11:54:45.395,bybit,ACE/USDT:USDT,0.5958,222.7,0.5956,287.9,0.5959,98.3,0.5961,9.6
1753617285794,11:54:45.794,bybit,ACE/USDT:USDT,0.5958,222.7,0.5956,287.9,0.5959,98.3,0.5961,9.6
1753617286094,11:54:46.094,bybit,ACE/USDT:USDT,0.5958,222.7,0.5956,287.9,0.5959,98.3,0.5961,9.6
1753617286200,11:54:46.200,bybit,ACE/USDT:USDT,0.5958,300.7,0.5956,287.9,0.5959,98.3,0.5961,9.6
1753617286294,11:54:46.294,bybit,ACE/USDT:USDT,0.5958,300.7,0.5956,287.9,0.5959,98.3,0.5961,9.6
1753617286494,11:54:46.494,bybit,ACE/USDT:USDT,0.5958,300.7,0.5956,287.9,0.5959,98.3,0.5961,9.6
1753617286594,11:54:46.594,bybit,ACE/USDT:USDT,0.5958,300.7,0.5956,287.9,0.5959,98.3,0.5961,9.6
1753617286696,11:54:46.696,bybit,ACE/USDT:USDT,0.5958,300.7,0.5956,287.9,0.5959,98.3,0.5961,9.6
1753617286794,11:54:46.794,bybit,ACE/USDT:USDT,0.5958,300.7,0.5956,287.9,0.5959,98.3,0.5961,9.6
1753617286894,11:54:46.894,bybit,ACE/USDT:USDT,0.5958,300.7,0.5956,287.9,0.5959,98.3,0.5961,9.6
1753617287295,11:54:47.295,bybit,ACE/USDT:USDT,0.5958,321.0,0.5956,286.9,0.5959,98.3,0.5961,9.6
1753617287895,11:54:47.895,bybit,ACE/USDT:USDT,0.5958,321.0,0.5956,286.9,0.5959,98.3,0.5961,9.6
1753617287995,11:54:47.995,bybit,ACE/USDT:USDT,0.5958,321.0,0.5956,286.9,0.5959,98.3,0.5961,9.6
1753617288095,11:54:48.095,bybit,ACE/USDT:USDT,0.5958,321.0,0.5956,286.9,0.5959,98.3,0.5961,9.6
1753617288396,11:54:48.396,bybit,ACE/USDT:USDT,0.5958,321.0,0.5956,286.9,0.5959,98.3,0.5961,9.6
1753617288495,11:54:48.495,bybit,ACE/USDT:USDT,0.5958,321.0,0.5956,286.9,0.5959,98.3,0.5961,9.6
1753617288594,11:54:48.594,bybit,ACE/USDT:USDT,0.5958,321.0,0.5956,286.9,0.5959,98.3,0.5961,9.6
1753617288994,11:54:48.994,bybit,ACE/USDT:USDT,0.5958,321.0,0.5956,286.9,0.5959,98.3,0.5961,9.6
1753617289094,11:54:49.094,bybit,ACE/USDT:USDT,0.5958,321.0,0.5956,286.9,0.5959,98.3,0.5961,9.6
1753617289495,11:54:49.495,bybit,ACE/USDT:USDT,0.5958,321.0,0.5956,286.9,0.5959,98.3,0.5961,9.6
1753617289694,11:54:49.694,bybit,ACE/USDT:USDT,0.5958,321.0,0.5956,286.9,0.5959,98.3,0.5961,9.6
1753617290196,11:54:50.196,bybit,ACE/USDT:USDT,0.5958,260.9,0.5956,286.9,0.5959,98.3,0.5961,9.6
1753617290395,11:54:50.395,bybit,ACE/USDT:USDT,0.5958,321.0,0.5957,9.7,0.5962,6.9,0.5964,571.1
1753617290494,11:54:50.494,bybit,ACE/USDT:USDT,0.5958,321.0,0.5957,9.7,0.5961,98.3,0.5962,6.9
1753617290594,11:54:50.594,bybit,ACE/USDT:USDT,0.5958,321.0,0.5957,9.7,0.5961,98.3,0.5962,6.9
1753617290695,11:54:50.695,bybit,ACE/USDT:USDT,0.5958,321.0,0.5957,9.7,0.5961,98.3,0.5962,6.9
1753617291195,11:54:51.195,bybit,ACE/USDT:USDT,0.5958,321.0,0.5957,9.7,0.5961,136.5,0.5962,6.9
1753617291394,11:54:51.394,bybit,ACE/USDT:USDT,0.5958,321.0,0.5957,9.7,0.5961,136.5,0.5962,6.9
1753617291494,11:54:51.494,bybit,ACE/USDT:USDT,0.5958,321.0,0.5957,9.7,0.5961,136.5,0.5962,6.9
1753617291595,11:54:51.595,bybit,ACE/USDT:USDT,0.5958,321.0,0.5957,9.7,0.5961,136.5,0.5962,6.9
1753617292294,11:54:52.294,bybit,ACE/USDT:USDT,0.5958,321.0,0.5957,9.7,0.5961,136.5,0.5962,6.9
1753617292394,11:54:52.394,bybit,ACE/USDT:USDT,0.5958,321.0,0.5957,9.7,0.5961,136.5,0.5962,6.9
1753617292894,11:54:52.894,bybit,ACE/USDT:USDT,0.5958,321.0,0.5957,9.7,0.5961,136.5,0.5962,6.9
1753617292994,11:54:52.994,bybit,ACE/USDT:USDT,0.5958,321.0,0.5957,9.7,0.5961,136.5,0.5962,6.9
1753617293094,11:54:53.094,bybit,ACE/USDT:USDT,0.5958,321.0,0.5957,9.7,0.5961,98.3,0.5962,6.9
1753617293395,11:54:53.395,bybit,ACE/USDT:USDT,0.5958,321.0,0.5957,9.7,0.5961,98.3,0.5962,6.9
1753617293494,11:54:53.494,bybit,ACE/USDT:USDT,0.5958,321.0,0.5957,9.7,0.5961,98.3,0.5962,6.9
1753617293594,11:54:53.594,bybit,ACE/USDT:USDT,0.5958,321.0,0.5956,320.8,0.5959,98.3,0.596,92.0
1753617293695,11:54:53.695,bybit,ACE/USDT:USDT,0.5958,321.0,0.5956,320.8,0.5959,98.3,0.596,92.0
1753617293994,11:54:53.994,bybit,ACE/USDT:USDT,0.5958,321.0,0.5956,320.8,0.5959,98.3,0.596,92.0
1753617294095,11:54:54.095,bybit,ACE/USDT:USDT,0.5958,321.0,0.5956,320.8,0.5959,98.3,0.596,92.0
1753617294595,11:54:54.595,bybit,ACE/USDT:USDT,0.5958,321.0,0.5956,320.8,0.5959,98.3,0.596,92.0
1753617294695,11:54:54.695,bybit,ACE/USDT:USDT,0.5958,321.0,0.5956,320.8,0.5959,98.3,0.596,92.0
1753617294995,11:54:54.995,bybit,ACE/USDT:USDT,0.5958,321.0,0.5956,320.8,0.5959,98.3,0.596,92.0
1753617295094,11:54:55.094,bybit,ACE/USDT:USDT,0.5958,321.0,0.5956,320.8,0.5959,98.3,0.596,92.0
1753617295294,11:54:55.294,bybit,ACE/USDT:USDT,0.5958,321.0,0.5956,320.8,0.5959,98.3,0.596,92.0
1753617295494,11:54:55.494,bybit,ACE/USDT:USDT,0.5958,287.0,0.5956,320.8,0.5959,98.3,0.596,92.0
1753617295594,11:54:55.594,bybit,ACE/USDT:USDT,0.5958,243.0,0.5956,320.8,0.5959,98.3,0.596,92.0
1753617295694,11:54:55.694,bybit,ACE/USDT:USDT,0.5958,243.0,0.5956,320.8,0.5959,98.3,0.596,92.0
1753617296196,11:54:56.196,bybit,ACE/USDT:USDT,0.5958,243.0,0.5956,320.8,0.5959,98.3,0.596,92.0
1753617296294,11:54:56.294,bybit,ACE/USDT:USDT,0.5958,243.0,0.5956,320.8,0.5959,98.3,0.596,92.0
1753617296394,11:54:56.394,bybit,ACE/USDT:USDT,0.5958,243.0,0.5956,320.8,0.5959,98.3,0.596,92.0
1753617296695,11:54:56.695,bybit,ACE/USDT:USDT,0.5958,243.0,0.5956,320.8,0.5959,98.3,0.596,92.0
1753617296794,11:54:56.794,bybit,ACE/USDT:USDT,0.5958,243.0,0.5956,320.8,0.5959,98.3,0.596,92.0
1753617297194,11:54:57.194,bybit,ACE/USDT:USDT,0.5958,243.0,0.5956,320.8,0.5959,98.3,0.596,92.0
1753617297294,11:54:57.294,bybit,ACE/USDT:USDT,0.5958,209.0,0.5956,320.8,0.5959,98.3,0.596,92.0
1753617297794,11:54:57.794,bybit,ACE/USDT:USDT,0.5958,209.0,0.5956,320.8,0.5959,98.3,0.596,92.0
1753617297894,11:54:57.894,bybit,ACE/USDT:USDT,0.5958,209.0,0.5956,320.8,0.5959,98.3,0.596,92.0
1753617298395,11:54:58.395,bybit,ACE/USDT:USDT,0.5958,209.0,0.5956,320.8,0.5959,98.3,0.596,92.0
1753617298495,11:54:58.495,bybit,ACE/USDT:USDT,0.5958,209.0,0.5956,320.8,0.5959,98.3,0.596,92.0
1753617298795,11:54:58.795,bybit,ACE/USDT:USDT,0.5958,209.0,0.5956,320.8,0.5959,98.3,0.596,92.0
1753617298894,11:54:58.894,bybit,ACE/USDT:USDT,0.5958,209.0,0.5956,320.8,0.5959,98.3,0.596,92.0
1753617298995,11:54:58.995,bybit,ACE/USDT:USDT,0.5958,209.0,0.5956,320.8,0.5959,98.3,0.596,92.0
1753617299094,11:54:59.094,bybit,ACE/USDT:USDT,0.5958,321.0,0.5956,320.8,0.596,92.0,0.5962,602.0
1753617299394,11:54:59.394,bybit,ACE/USDT:USDT,0.5958,321.0,0.5956,320.8,0.596,92.0,0.5962,602.0
1753617299494,11:54:59.494,bybit,ACE/USDT:USDT,0.5958,321.0,0.5956,320.8,0.596,92.0,0.5962,602.0
1753617299995,11:54:59.995,bybit,ACE/USDT:USDT,0.5958,321.0,0.5956,320.8,0.596,92.0,0.5962,602.0
1753617300197,11:55:00.197,bybit,ACE/USDT:USDT,0.5958,321.0,0.5956,320.8,0.596,92.0,0.5962,602.0
1753617300394,11:55:00.394,bybit,ACE/USDT:USDT,0.5958,321.0,0.5956,320.8,0.5959,98.3,0.596,92.0
1753617300496,11:55:00.496,bybit,ACE/USDT:USDT,0.5958,321.0,0.5956,320.8,0.5959,98.3,0.596,92.0
1753617300894,11:55:00.894,bybit,ACE/USDT:USDT,0.5958,287.0,0.5956,320.8,0.5959,98.3,0.596,92.0
1753617300994,11:55:00.994,bybit,ACE/USDT:USDT,0.5958,287.0,0.5956,320.8,0.5959,98.3,0.596,92.0
1753617301094,11:55:01.094,bybit,ACE/USDT:USDT,0.5958,209.0,0.5956,296.6,0.5959,98.3,0.596,92.0
1753617301194,11:55:01.194,bybit,ACE/USDT:USDT,0.5958,209.0,0.5956,296.6,0.5959,98.3,0.596,92.0
1753617301294,11:55:01.294,bybit,ACE/USDT:USDT,0.5958,347.0,0.5956,296.6,0.5959,98.3,0.596,92.0
1753617301595,11:55:01.595,bybit,ACE/USDT:USDT,0.5958,347.0,0.5956,296.6,0.5959,98.3,0.596,92.0
1753617301695,11:55:01.695,bybit,ACE/USDT:USDT,0.5958,347.0,0.5956,296.6,0.5959,98.3,0.596,92.0
1753617301794,11:55:01.794,bybit,ACE/USDT:USDT,0.5958,347.0,0.5956,296.6,0.5959,98.3,0.596,92.0
1753617302094,11:55:02.094,bybit,ACE/USDT:USDT,0.5958,347.0,0.5956,296.6,0.5959,98.3,0.596,92.0
1753617302695,11:55:02.695,bybit,ACE/USDT:USDT,0.5958,347.0,0.5956,296.6,0.5959,98.3,0.596,92.0
1753617302795,11:55:02.795,bybit,ACE/USDT:USDT,0.5958,209.0,0.5956,296.6,0.5959,98.3,0.596,92.0
1753617303195,11:55:03.195,bybit,ACE/USDT:USDT,0.5958,209.0,0.5956,296.6,0.5959,98.3,0.596,92.0
1753617303295,11:55:03.295,bybit,ACE/USDT:USDT,0.5958,209.0,0.5956,296.6,0.5959,98.3,0.596,92.0
1753617303494,11:55:03.494,bybit,ACE/USDT:USDT,0.5958,209.0,0.5956,296.6,0.5959,98.3,0.596,92.0
1753617303594,11:55:03.594,bybit,ACE/USDT:USDT,0.5958,209.0,0.5956,296.6,0.5959,98.3,0.596,92.0
1753617304094,11:55:04.094,bybit,ACE/USDT:USDT,0.5958,209.0,0.5956,296.6,0.5959,136.6,0.596,92.0
1753617304196,11:55:04.196,bybit,ACE/USDT:USDT,0.5958,209.0,0.5956,296.6,0.5959,136.6,0.596,92.0
1753617304295,11:55:04.295,bybit,ACE/USDT:USDT,0.5958,209.0,0.5956,296.6,0.5959,136.6,0.596,92.0
1753617304394,11:55:04.394,bybit,ACE/USDT:USDT,0.5958,209.0,0.5956,296.6,0.5959,136.6,0.596,92.0
1753617304694,11:55:04.694,bybit,ACE/USDT:USDT,0.5958,209.0,0.5956,296.6,0.5959,136.6,0.596,92.0
1753617304894,11:55:04.894,bybit,ACE/USDT:USDT,0.5958,88.8,0.5956,296.6,0.5959,136.6,0.596,92.0
1753617304997,11:55:04.997,bybit,ACE/USDT:USDT,0.5958,28.7,0.5956,296.6,0.5959,136.6,0.596,92.0
1753617305096,11:55:05.096,bybit,ACE/USDT:USDT,0.5958,28.7,0.5956,296.6,0.5959,136.6,0.596,92.0
1753617305195,11:55:05.195,bybit,ACE/USDT:USDT,0.5958,28.7,0.5956,296.6,0.5959,136.6,0.596,92.0
1753617305295,11:55:05.295,bybit,ACE/USDT:USDT,0.5958,28.7,0.5956,296.6,0.5959,136.6,0.596,92.0
1753617305394,11:55:05.394,bybit,ACE/USDT:USDT,0.5958,28.7,0.5956,296.6,0.5959,136.6,0.596,92.0
1753617305595,11:55:05.595,bybit,ACE/USDT:USDT,0.5958,28.7,0.5956,296.6,0.5959,136.6,0.596,92.0
1753617305794,11:55:05.794,bybit,ACE/USDT:USDT,0.5958,28.7,0.5956,296.6,0.5959,136.6,0.596,92.0
1753617305895,11:55:05.895,bybit,ACE/USDT:USDT,0.5958,28.7,0.5956,296.6,0.5959,136.6,0.596,92.0
1753617305994,11:55:05.994,bybit,ACE/USDT:USDT,0.5958,28.7,0.5956,296.6,0.5959,136.6,0.596,92.0
1753617306196,11:55:06.196,bybit,ACE/USDT:USDT,0.5958,28.7,0.5956,296.6,0.5959,136.6,0.596,92.0
1753617306494,11:55:06.494,bybit,ACE/USDT:USDT,0.5958,28.7,0.5956,296.6,0.5959,136.6,0.596,92.0
1753617307095,11:55:07.095,bybit,ACE/USDT:USDT,0.5958,28.7,0.5956,296.6,0.5959,136.6,0.596,92.0
1753617307194,11:55:07.194,bybit,ACE/USDT:USDT,0.5958,28.7,0.5956,296.6,0.5959,136.6,0.596,92.0
1753617307695,11:55:07.695,bybit,ACE/USDT:USDT,0.5958,28.7,0.5956,296.6,0.5959,136.6,0.596,92.0
1753617308095,11:55:08.095,bybit,ACE/USDT:USDT,0.5958,28.7,0.5956,296.6,0.5959,136.6,0.596,92.0
1753617308195,11:55:08.195,bybit,ACE/USDT:USDT,0.5956,1.3,0.5955,8.4,0.5957,289.4,0.5959,57.3
1753617308294,11:55:08.294,bybit,ACE/USDT:USDT,0.5956,1.3,0.5955,8.4,0.5957,289.4,0.5958,24.2
1753617308395,11:55:08.395,bybit,ACE/USDT:USDT,0.5956,1.3,0.5955,8.4,0.5957,289.4,0.5958,24.2
1753617308495,11:55:08.495,bybit,ACE/USDT:USDT,0.5956,1.3,0.5955,8.4,0.5957,289.4,0.5958,24.2
1753617308595,11:55:08.595,bybit,ACE/USDT:USDT,0.5956,1.3,0.5955,8.4,0.5957,289.4,0.5958,24.2
1753617308694,11:55:08.694,bybit,ACE/USDT:USDT,0.5956,1.3,0.5955,8.4,0.5957,289.4,0.5958,24.2
1753617308795,11:55:08.795,bybit,ACE/USDT:USDT,0.5956,1.3,0.5955,8.4,0.5957,289.4,0.5958,24.2
1753617308895,11:55:08.895,bybit,ACE/USDT:USDT,0.5955,8.4,0.5952,580.6,0.5956,193.3,0.5958,33.9
1753617308995,11:55:08.995,bybit,ACE/USDT:USDT,0.5955,8.4,0.5952,295.1,0.5956,193.3,0.5958,33.9
1753617309095,11:55:09.095,bybit,ACE/USDT:USDT,0.5955,8.4,0.5952,295.1,0.5956,193.3,0.5958,33.9
1753617309195,11:55:09.195,bybit,ACE/USDT:USDT,0.5955,8.4,0.5952,295.1,0.5956,231.6,0.5958,33.9
1753617309294,11:55:09.294,bybit,ACE/USDT:USDT,0.5955,8.4,0.5952,295.1,0.5956,231.6,0.5958,33.9
1753617309494,11:55:09.494,bybit,ACE/USDT:USDT,0.5955,8.4,0.5953,9.7,0.5956,231.6,0.5958,33.9
1753617309595,11:55:09.595,bybit,ACE/USDT:USDT,0.5955,8.4,0.5952,295.1,0.5956,231.6,0.5958,33.9
1753617309694,11:55:09.694,bybit,ACE/USDT:USDT,0.5955,8.4,0.5952,295.1,0.5956,231.6,0.5958,33.9
1753617309794,11:55:09.794,bybit,ACE/USDT:USDT,0.5955,8.4,0.5952,295.1,0.5956,231.6,0.5958,33.9
1753617309894,11:55:09.894,bybit,ACE/USDT:USDT,0.5955,8.4,0.5952,295.1,0.5956,231.6,0.5958,33.9
1753617309996,11:55:09.996,bybit,ACE/USDT:USDT,0.5955,8.4,0.5952,295.1,0.5956,231.6,0.5958,33.9
1753617310198,11:55:10.198,bybit,ACE/USDT:USDT,0.5955,8.4,0.5952,295.1,0.5956,231.6,0.5958,33.9
1753617310494,11:55:10.494,bybit,ACE/USDT:USDT,0.5955,8.4,0.5953,9.7,0.5956,231.6,0.5958,33.9
1753617310894,11:55:10.894,bybit,ACE/USDT:USDT,0.5955,8.4,0.5952,295.1,0.5956,266.9,0.5958,33.9
1753617310994,11:55:10.994,bybit,ACE/USDT:USDT,0.5955,8.4,0.5952,295.1,0.5956,266.9,0.5958,33.9
1753617311094,11:55:11.094,bybit,ACE/USDT:USDT,0.5955,8.4,0.5952,295.1,0.5956,266.9,0.5958,33.9
1753617311195,11:55:11.195,bybit,ACE/USDT:USDT,0.5955,8.4,0.5952,295.1,0.5956,266.9,0.5958,33.9
1753617311294,11:55:11.294,bybit,ACE/USDT:USDT,0.5955,8.4,0.5952,295.1,0.5956,266.9,0.5958,33.9
1753617311595,11:55:11.595,bybit,ACE/USDT:USDT,0.5955,8.4,0.5952,295.1,0.5956,266.9,0.5958,33.9
1753617311695,11:55:11.695,bybit,ACE/USDT:USDT,0.5955,8.4,0.5952,295.1,0.5956,266.9,0.5958,33.9
1753617312794,11:55:12.794,bybit,ACE/USDT:USDT,0.5955,8.4,0.5952,295.1,0.5956,266.9,0.5958,33.9
1753617312894,11:55:12.894,bybit,ACE/USDT:USDT,0.5955,8.4,0.5952,295.1,0.5956,266.9,0.5958,33.9
1753617312995,11:55:12.995,bybit,ACE/USDT:USDT,0.5955,8.4,0.5952,295.1,0.5956,266.9,0.5958,33.9
1753617313094,11:55:13.094,bybit,ACE/USDT:USDT,0.5955,16.8,0.5952,295.1,0.5956,266.9,0.5958,33.9
1753617313194,11:55:13.194,bybit,ACE/USDT:USDT,0.5955,16.8,0.5952,295.1,0.5956,266.9,0.5958,33.9
1753617313294,11:55:13.294,bybit,ACE/USDT:USDT,0.5955,16.8,0.5952,295.1,0.5956,266.9,0.5958,33.9
1753617313394,11:55:13.394,bybit,ACE/USDT:USDT,0.5955,16.8,0.5952,295.1,0.5956,266.9,0.5958,33.9
1753617313495,11:55:13.495,bybit,ACE/USDT:USDT,0.5955,8.4,0.5952,295.1,0.5956,266.9,0.5958,33.9
1753617313594,11:55:13.594,bybit,ACE/USDT:USDT,0.5955,16.8,0.5952,295.1,0.5956,266.9,0.5958,33.9
1753617313695,11:55:13.695,bybit,ACE/USDT:USDT,0.5955,16.8,0.5953,9.7,0.5956,266.9,0.5958,33.9
1753617313794,11:55:13.794,bybit,ACE/USDT:USDT,0.5955,8.4,0.5953,9.7,0.5956,266.9,0.5958,33.9
1753617313896,11:55:13.896,bybit,ACE/USDT:USDT,0.5955,8.4,0.5952,295.1,0.5956,266.9,0.5958,33.9
1753617313994,11:55:13.994,bybit,ACE/USDT:USDT,0.5955,16.8,0.5952,295.1,0.5956,266.9,0.5958,33.9
1753617314295,11:55:14.295,bybit,ACE/USDT:USDT,0.5955,16.8,0.5952,295.1,0.5956,269.4,0.5958,33.9
1753617314394,11:55:14.394,bybit,ACE/USDT:USDT,0.5955,16.8,0.5952,295.1,0.5956,269.4,0.5958,33.9
1753617314494,11:55:14.494,bybit,ACE/USDT:USDT,0.5955,8.4,0.5952,295.1,0.5956,269.4,0.5958,33.9
1753617314895,11:55:14.895,bybit,ACE/USDT:USDT,0.5955,8.4,0.5952,295.1,0.5956,269.4,0.5958,33.9
1753617314994,11:55:14.994,bybit,ACE/USDT:USDT,0.5955,16.8,0.5952,295.1,0.5956,269.4,0.5958,33.9
1753617315895,11:55:15.895,bybit,ACE/USDT:USDT,0.5955,16.8,0.5952,295.1,0.5956,269.4,0.5958,33.9
1753617315994,11:55:15.994,bybit,ACE/USDT:USDT,0.5955,16.8,0.5952,295.1,0.5956,269.4,0.5958,33.9
1753617316196,11:55:16.196,bybit,ACE/USDT:USDT,0.5955,16.8,0.5952,295.1,0.5956,269.4,0.5958,33.9
1753617316295,11:55:16.295,bybit,ACE/USDT:USDT,0.5955,16.8,0.5952,295.1,0.5956,269.4,0.5958,33.9
1753617316394,11:55:16.394,bybit,ACE/USDT:USDT,0.5955,16.8,0.5952,295.1,0.5956,269.4,0.5958,33.9
1753617316595,11:55:16.595,bybit,ACE/USDT:USDT,0.5955,16.8,0.5952,295.1,0.5956,269.4,0.5958,33.9
1753617317094,11:55:17.094,bybit,ACE/USDT:USDT,0.5955,16.8,0.5952,295.1,0.5956,269.4,0.5958,33.9
1753617317195,11:55:17.195,bybit,ACE/USDT:USDT,0.5955,16.8,0.5952,295.1,0.5956,269.4,0.5958,33.9
1753617317594,11:55:17.594,bybit,ACE/USDT:USDT,0.5955,16.8,0.5952,295.1,0.5956,269.4,0.5958,33.9
1753617318294,11:55:18.294,bybit,ACE/USDT:USDT,0.5955,16.8,0.5952,295.1,0.5956,269.4,0.5958,33.9
1753617318394,11:55:18.394,bybit,ACE/USDT:USDT,0.5955,16.8,0.5952,295.1,0.5956,269.4,0.5958,33.9
1753617319095,11:55:19.095,bybit,ACE/USDT:USDT,0.5955,16.8,0.5952,295.1,0.5956,269.4,0.5958,33.9
1753617319196,11:55:19.196,bybit,ACE/USDT:USDT,0.595,319.4,0.5949,580.5,0.5953,98.3,0.5956,371.1
1753617319294,11:55:19.294,bybit,ACE/USDT:USDT,0.595,34.0,0.5949,9.8,0.5952,98.3,0.5955,295.0
1753617319594,11:55:19.594,bybit,ACE/USDT:USDT,0.595,454.1,0.5949,9.8,0.5954,24.2,0.5955,33.9
1753617319695,11:55:19.695,bybit,ACE/USDT:USDT,0.595,454.1,0.5949,9.8,0.5955,9.7,0.5956,85.8
1753617319794,11:55:19.794,bybit,ACE/USDT:USDT,0.595,669.0,0.5949,9.8,0.5955,9.7,0.5956,85.8
1753617319895,11:55:19.895,bybit,ACE/USDT:USDT,0.595,1082.6,0.5949,9.8,0.5953,98.3,0.5955,33.9
1753617320094,11:55:20.094,bybit,ACE/USDT:USDT,0.5951,231.0,0.595,1048.6,0.5952,98.3,0.5953,38.4
1753617320200,11:55:20.200,bybit,ACE/USDT:USDT,0.5951,3192.7,0.595,1048.6,0.5952,98.3,0.5953,38.4
1753617320294,11:55:20.294,bybit,ACE/USDT:USDT,0.5951,3192.7,0.595,1048.6,0.5952,98.3,0.5953,38.4
1753617320394,11:55:20.394,bybit,ACE/USDT:USDT,0.5951,3192.7,0.595,1048.6,0.5952,98.3,0.5953,38.4
1753617320494,11:55:20.494,bybit,ACE/USDT:USDT,0.5951,3192.7,0.595,1048.6,0.5952,98.3,0.5953,38.4
1753617320594,11:55:20.594,bybit,ACE/USDT:USDT,0.5951,3192.7,0.595,1048.6,0.5952,98.3,0.5953,38.4
1753617320698,11:55:20.698,bybit,ACE/USDT:USDT,0.5951,3192.7,0.595,1048.6,0.5952,98.3,0.5953,38.4
1753617320795,11:55:20.795,bybit,ACE/USDT:USDT,0.5951,3956.7,0.595,1048.6,0.5952,98.3,0.5953,38.4
1753617320895,11:55:20.895,bybit,ACE/USDT:USDT,0.5951,3956.7,0.595,1048.6,0.5952,98.3,0.5953,38.4
1753617320996,11:55:20.996,bybit,ACE/USDT:USDT,0.5951,3956.7,0.595,1048.6,0.5952,98.3,0.5953,38.4
1753617321095,11:55:21.095,bybit,ACE/USDT:USDT,0.5951,7205.8,0.595,1048.6,0.5952,98.3,0.5955,9.7
1753617321294,11:55:21.294,bybit,ACE/USDT:USDT,0.5951,7205.8,0.595,1048.6,0.5952,98.3,0.5955,9.7
1753617321396,11:55:21.396,bybit,ACE/USDT:USDT,0.5951,7205.8,0.595,1048.6,0.5952,98.3,0.5955,9.7
1753617321494,11:55:21.494,bybit,ACE/USDT:USDT,0.5951,7205.8,0.595,1048.6,0.5952,98.3,0.5955,9.7
1753617321595,11:55:21.595,bybit,ACE/USDT:USDT,0.5951,7205.8,0.595,1048.6,0.5952,98.3,0.5955,9.7
1753617321895,11:55:21.895,bybit,ACE/USDT:USDT,0.5951,7205.8,0.595,1048.6,0.5952,98.3,0.5955,9.7
1753617322096,11:55:22.096,bybit,ACE/USDT:USDT,0.5951,7244.2,0.595,1048.6,0.5952,106.8,0.5955,9.7
1753617322197,11:55:22.197,bybit,ACE/USDT:USDT,0.5951,7244.2,0.595,1048.6,0.5952,98.3,0.5955,9.7
1753617322294,11:55:22.294,bybit,ACE/USDT:USDT,0.5951,7244.2,0.595,1048.6,0.5952,98.3,0.5955,9.7
1753617322696,11:55:22.696,bybit,ACE/USDT:USDT,0.5951,7568.1,0.595,724.7,0.5952,98.3,0.5955,9.7
1753617323294,11:55:23.294,bybit,ACE/USDT:USDT,0.5951,8567.2,0.595,724.7,0.5952,98.3,0.5955,9.7
1753617323695,11:55:23.695,bybit,ACE/USDT:USDT,0.5951,8567.2,0.595,572.4,0.5952,98.3,0.5955,9.7
1753617323894,11:55:23.894,bybit,ACE/USDT:USDT,0.5951,8567.2,0.595,420.1,0.5952,98.3,0.5955,9.7
1753617323994,11:55:23.994,bybit,ACE/USDT:USDT,0.5951,8567.2,0.595,420.1,0.5952,106.8,0.5955,9.7
1753617324199,11:55:24.199,bybit,ACE/USDT:USDT,0.5951,15639.4,0.595,420.1,0.5952,106.8,0.5955,9.7
1753617324294,11:55:24.294,bybit,ACE/USDT:USDT,0.5954,9.7,0.5953,9.7,0.5959,19.0,0.596,101.8
1753617324396,11:55:24.396,bybit,ACE/USDT:USDT,0.5954,43.7,0.5953,9.7,0.5957,289.4,0.5958,107.2
1753617324495,11:55:24.495,bybit,ACE/USDT:USDT,0.5954,104.2,0.5952,9.7,0.5955,98.3,0.5958,570.6
1753617324594,11:55:24.594,bybit,ACE/USDT:USDT,0.5954,104.2,0.5952,9.7,0.5955,98.3,0.5958,570.6
1753617324795,11:55:24.795,bybit,ACE/USDT:USDT,0.5954,104.2,0.5952,9.7,0.5955,98.3,0.5958,570.6
1753617324896,11:55:24.896,bybit,ACE/USDT:USDT,0.5954,104.2,0.5952,9.7,0.5955,98.3,0.5958,570.6
1753617324995,11:55:24.995,bybit,ACE/USDT:USDT,0.5954,104.2,0.5952,9.7,0.5955,98.3,0.5958,570.6
1753617325400,11:55:25.400,bybit,ACE/USDT:USDT,0.5954,104.2,0.5952,9.7,0.5955,98.3,0.5958,570.6
1753617325595,11:55:25.595,bybit,ACE/USDT:USDT,0.5954,104.2,0.5952,9.7,0.5955,98.3,0.5958,570.6
1753617325994,11:55:25.994,bybit,ACE/USDT:USDT,0.5954,104.2,0.5952,9.7,0.5955,98.3,0.5958,570.6
1753617326094,11:55:26.094,bybit,ACE/USDT:USDT,0.5954,715.6,0.5952,9.7,0.5955,98.3,0.5958,570.6
1753617326294,11:55:26.294,bybit,ACE/USDT:USDT,0.5954,715.6,0.5952,9.7,0.5955,98.3,0.5958,570.6
1753617326594,11:55:26.594,bybit,ACE/USDT:USDT,0.5954,715.6,0.5952,9.7,0.5955,98.3,0.5958,570.6
1753617326694,11:55:26.694,bybit,ACE/USDT:USDT,0.5954,715.6,0.5952,9.7,0.5955,98.3,0.5958,570.6
1753617327195,11:55:27.195,bybit,ACE/USDT:USDT,0.5954,104.2,0.5952,9.7,0.5955,98.3,0.5958,570.6
1753617327494,11:55:27.494,bybit,ACE/USDT:USDT,0.5954,104.2,0.5952,9.7,0.5955,98.3,0.5958,570.6
1753617327594,11:55:27.594,bybit,ACE/USDT:USDT,0.5954,104.2,0.5952,9.7,0.5955,98.3,0.5958,570.6
1753617327795,11:55:27.795,bybit,ACE/USDT:USDT,0.5954,104.2,0.5952,9.7,0.5955,98.3,0.5958,570.6
1753617328200,11:55:28.200,bybit,ACE/USDT:USDT,0.5954,104.2,0.5952,9.7,0.5955,98.3,0.5958,570.6
1753617328294,11:55:28.294,bybit,ACE/USDT:USDT,0.5954,104.2,0.5952,9.7,0.5955,98.3,0.5958,594.8
1753617328795,11:55:28.795,bybit,ACE/USDT:USDT,0.5954,104.2,0.5952,9.7,0.5955,98.3,0.5958,594.8
1753617328894,11:55:28.894,bybit,ACE/USDT:USDT,0.5954,104.2,0.5952,9.7,0.5955,98.3,0.5958,594.8
1753617329096,11:55:29.096,bybit,ACE/USDT:USDT,0.5954,104.2,0.5952,9.7,0.5955,98.3,0.5958,594.8
1753617329295,11:55:29.295,bybit,ACE/USDT:USDT,0.5954,104.2,0.5952,9.7,0.5955,98.3,0.5958,570.6
1753617329394,11:55:29.394,bybit,ACE/USDT:USDT,0.5954,164.3,0.5952,9.7,0.5955,98.3,0.5958,570.6
1753617329494,11:55:29.494,bybit,ACE/USDT:USDT,0.5954,164.3,0.5952,9.7,0.5955,98.3,0.5958,570.6
1753617329895,11:55:29.895,bybit,ACE/USDT:USDT,0.5954,94.1,0.5952,9.7,0.5955,98.3,0.5958,570.6
1753617329995,11:55:29.995,bybit,ACE/USDT:USDT,0.5954,34.0,0.5952,9.7,0.5955,98.3,0.5958,594.8
1753617330095,11:55:30.095,bybit,ACE/USDT:USDT,0.5954,34.0,0.5952,9.7,0.5955,98.3,0.5958,594.8
1753617330194,11:55:30.194,bybit,ACE/USDT:USDT,0.5954,292.3,0.5952,9.7,0.5955,98.3,0.5958,594.8
1753617330294,11:55:30.294,bybit,ACE/USDT:USDT,0.5954,292.3,0.5952,9.7,0.5955,98.3,0.5958,594.8
1753617330395,11:55:30.395,bybit,ACE/USDT:USDT,0.5954,292.3,0.5952,9.7,0.5955,98.3,0.5958,594.8
1753617330495,11:55:30.495,bybit,ACE/USDT:USDT,0.5954,292.3,0.5952,9.7,0.5955,98.3,0.5958,594.8
1753617330694,11:55:30.694,bybit,ACE/USDT:USDT,0.5954,292.3,0.5952,9.7,0.5955,98.3,0.5958,594.8
1753617330894,11:55:30.894,bybit,ACE/USDT:USDT,0.5954,112.0,0.5952,9.7,0.5955,98.3,0.5958,594.8
1753617331296,11:55:31.296,bybit,ACE/USDT:USDT,0.5954,112.0,0.5952,9.7,0.5955,98.3,0.5958,594.8
1753617331394,11:55:31.394,bybit,ACE/USDT:USDT,0.5954,112.0,0.5952,9.7,0.5955,98.3,0.5958,594.8
1753617331594,11:55:31.594,bybit,ACE/USDT:USDT,0.5954,112.0,0.5952,9.7,0.5955,98.3,0.5958,594.8
1753617331894,11:55:31.894,bybit,ACE/USDT:USDT,0.5954,172.1,0.5952,9.7,0.5955,98.3,0.5958,570.6
1753617331995,11:55:31.995,bybit,ACE/USDT:USDT,0.5954,172.1,0.5952,9.7,0.5955,98.3,0.5958,570.6
1753617332095,11:55:32.095,bybit,ACE/USDT:USDT,0.5954,232.2,0.5952,9.7,0.5955,98.3,0.5958,570.6
1753617332199,11:55:32.199,bybit,ACE/USDT:USDT,0.5954,232.2,0.5952,9.7,0.5955,98.3,0.5958,570.6
1753617332595,11:55:32.595,bybit,ACE/USDT:USDT,0.5954,232.2,0.5952,9.7,0.5955,98.3,0.5958,570.6
1753617332694,11:55:32.694,bybit,ACE/USDT:USDT,0.5954,232.2,0.5952,9.7,0.5955,98.3,0.5958,570.6
1753617332794,11:55:32.794,bybit,ACE/USDT:USDT,0.5954,232.2,0.5952,9.7,0.5955,98.3,0.5958,570.6
1753617332894,11:55:32.894,bybit,ACE/USDT:USDT,0.5954,232.2,0.5952,9.7,0.5955,98.3,0.5958,570.6
1753617333095,11:55:33.095,bybit,ACE/USDT:USDT,0.5954,112.0,0.5952,9.7,0.5955,98.3,0.5958,570.6
1753617333195,11:55:33.195,bybit,ACE/USDT:USDT,0.5954,112.0,0.5952,9.7,0.5955,98.3,0.5958,594.8
1753617333294,11:55:33.294,bybit,ACE/USDT:USDT,0.5954,112.0,0.5952,9.7,0.5955,98.3,0.5958,594.8
1753617334294,11:55:34.294,bybit,ACE/USDT:USDT,0.5954,112.0,0.5952,9.7,0.5955,123.7,0.5958,594.8
1753617334594,11:55:34.594,bybit,ACE/USDT:USDT,0.5954,112.0,0.5952,9.7,0.5955,123.7,0.5958,594.8
1753617334994,11:55:34.994,bybit,ACE/USDT:USDT,0.5954,112.0,0.5952,9.7,0.5955,123.7,0.5958,594.8
1753617335094,11:55:35.094,bybit,ACE/USDT:USDT,0.5954,112.0,0.5952,9.7,0.5955,123.7,0.5958,594.8
1753617335294,11:55:35.294,bybit,ACE/USDT:USDT,0.5954,242.3,0.5952,9.7,0.5955,123.7,0.5958,594.8
1753617335395,11:55:35.395,bybit,ACE/USDT:USDT,0.5954,242.3,0.5952,9.7,0.5955,123.7,0.5958,594.8
1753617335494,11:55:35.494,bybit,ACE/USDT:USDT,0.5954,242.3,0.5952,9.7,0.5955,123.7,0.5958,594.8
1753617335595,11:55:35.595,bybit,ACE/USDT:USDT,0.5954,242.3,0.5952,9.7,0.5955,123.7,0.5958,594.8
1753617336094,11:55:36.094,bybit,ACE/USDT:USDT,0.5954,242.3,0.5952,9.7,0.5955,123.7,0.5958,594.8
1753617336197,11:55:36.197,bybit,ACE/USDT:USDT,0.5954,242.3,0.5952,9.7,0.5955,123.7,0.5958,594.8
1753617336695,11:55:36.695,bybit,ACE/USDT:USDT,0.5954,242.3,0.5952,9.7,0.5955,129.4,0.5958,594.8
1753617336795,11:55:36.795,bybit,ACE/USDT:USDT,0.5954,112.0,0.5952,9.7,0.5955,129.4,0.5958,594.8
1753617336994,11:55:36.994,bybit,ACE/USDT:USDT,0.5954,112.0,0.5951,570.6,0.5955,129.4,0.5957,9.7
1753617337294,11:55:37.294,bybit,ACE/USDT:USDT,0.5954,112.0,0.5951,570.6,0.5955,167.8,0.5957,9.7
1753617337395,11:55:37.395,bybit,ACE/USDT:USDT,0.5954,112.0,0.5951,570.6,0.5955,167.8,0.5957,9.7
1753617337594,11:55:37.594,bybit,ACE/USDT:USDT,0.5954,112.0,0.5951,570.6,0.5955,167.8,0.5957,9.7
1753617337695,11:55:37.695,bybit,ACE/USDT:USDT,0.5954,112.0,0.5951,570.6,0.5955,167.8,0.5957,9.7
1753617337794,11:55:37.794,bybit,ACE/USDT:USDT,0.5954,112.0,0.5951,570.6,0.5955,167.8,0.5957,9.7
1753617338294,11:55:38.294,bybit,ACE/USDT:USDT,0.5954,112.0,0.5951,570.6,0.5955,167.8,0.5957,9.7
1753617338994,11:55:38.994,bybit,ACE/USDT:USDT,0.5954,112.0,0.5951,570.6,0.5955,167.8,0.5957,9.7
1753617339395,11:55:39.395,bybit,ACE/USDT:USDT,0.5954,112.0,0.5951,570.6,0.5955,167.8,0.5957,9.7
1753617339795,11:55:39.795,bybit,ACE/USDT:USDT,0.5954,112.0,0.5951,570.6,0.5955,167.8,0.5957,9.7
1753617339994,11:55:39.994,bybit,ACE/USDT:USDT,0.5954,112.0,0.5951,570.6,0.5955,167.8,0.5957,9.7
1753617340095,11:55:40.095,bybit,ACE/USDT:USDT,0.5954,112.0,0.5951,570.6,0.5955,167.8,0.5957,9.7
1753617340294,11:55:40.294,bybit,ACE/USDT:USDT,0.5954,112.0,0.5951,580.3,0.5955,167.8,0.5957,9.7
1753617340395,11:55:40.395,bybit,ACE/USDT:USDT,0.5954,112.0,0.5951,580.3,0.5955,167.8,0.5957,9.7
1753617340594,11:55:40.594,bybit,ACE/USDT:USDT,0.5954,112.0,0.5951,580.3,0.5955,167.8,0.5957,9.7
1753617341194,11:55:41.194,bybit,ACE/USDT:USDT,0.5954,112.0,0.5951,580.3,0.5955,167.8,0.5957,9.7
1753617341295,11:55:41.295,bybit,ACE/USDT:USDT,0.5954,112.0,0.5951,580.3,0.5955,167.8,0.5957,9.7
1753617341594,11:55:41.594,bybit,ACE/USDT:USDT,0.5954,112.0,0.5951,580.3,0.5955,142.4,0.5957,9.7
1753617341694,11:55:41.694,bybit,ACE/USDT:USDT,0.5954,112.0,0.5951,580.3,0.5955,168.0,0.5957,9.7
1753617341794,11:55:41.794,bybit,ACE/USDT:USDT,0.5954,112.0,0.5951,580.3,0.5955,168.0,0.5957,9.7
1753617342596,11:55:42.596,bybit,ACE/USDT:USDT,0.5954,112.0,0.5951,580.3,0.5955,168.0,0.5957,9.7
1753617342696,11:55:42.696,bybit,ACE/USDT:USDT,0.5954,112.0,0.5951,580.3,0.5955,168.0,0.5957,9.7
1753617342795,11:55:42.795,bybit,ACE/USDT:USDT,0.5954,112.0,0.5951,580.3,0.5955,168.0,0.5957,9.7
1753617342895,11:55:42.895,bybit,ACE/USDT:USDT,0.5954,112.0,0.5951,580.3,0.5955,168.0,0.5957,9.7
1753617342995,11:55:42.995,bybit,ACE/USDT:USDT,0.5954,112.0,0.5952,9.7,0.5955,168.0,0.5957,9.7
1753617343094,11:55:43.094,bybit,ACE/USDT:USDT,0.5954,112.0,0.5952,9.7,0.5955,168.0,0.5957,9.7
1753617343294,11:55:43.294,bybit,ACE/USDT:USDT,0.5954,112.0,0.5952,9.7,0.5955,168.0,0.5957,9.7
1753617343494,11:55:43.494,bybit,ACE/USDT:USDT,0.5954,112.0,0.5952,9.7,0.5955,168.0,0.5957,9.7
1753617343695,11:55:43.695,bybit,ACE/USDT:USDT,0.5954,112.0,0.5952,9.7,0.5955,168.0,0.5957,9.7
1753617343795,11:55:43.795,bybit,ACE/USDT:USDT,0.5954,112.0,0.5952,9.7,0.5955,168.0,0.5957,9.7
1753617344695,11:55:44.695,bybit,ACE/USDT:USDT,0.5954,112.0,0.5952,9.7,0.5955,181.7,0.5957,9.7
1753617344895,11:55:44.895,bybit,ACE/USDT:USDT,0.5954,112.0,0.5952,9.7,0.5955,83.4,0.5958,319.2
1753617344994,11:55:44.994,bybit,ACE/USDT:USDT,0.5954,112.0,0.5952,9.7,0.5955,83.4,0.5958,319.2
1753617345195,11:55:45.195,bybit,ACE/USDT:USDT,0.5954,390.9,0.5952,9.7,0.5955,45.0,0.5958,319.2
1753617345495,11:55:45.495,bybit,ACE/USDT:USDT,0.5954,390.9,0.5952,9.7,0.5955,45.0,0.5958,295.0
1753617345594,11:55:45.594,bybit,ACE/USDT:USDT,0.5954,390.9,0.5952,9.7,0.5955,45.0,0.5958,295.0
1753617346594,11:55:46.594,bybit,ACE/USDT:USDT,0.5954,390.9,0.5952,9.7,0.5955,45.0,0.5958,295.0
1753617346696,11:55:46.696,bybit,ACE/USDT:USDT,0.5954,390.9,0.5952,9.7,0.5955,45.0,0.5958,295.0
1753617346994,11:55:46.994,bybit,ACE/USDT:USDT,0.5954,390.9,0.5952,9.7,0.5955,45.0,0.5958,295.0
1753617347596,11:55:47.596,bybit,ACE/USDT:USDT,0.5958,531.6,0.5957,9.7,0.596,92.0,0.5962,285.4
1753617347695,11:55:47.695,bybit,ACE/USDT:USDT,0.5959,112.0,0.5957,9.7,0.596,92.0,0.5963,293.8
1753617347795,11:55:47.795,bybit,ACE/USDT:USDT,0.5959,112.0,0.5957,9.7,0.596,92.0,0.5963,293.8
1753617347894,11:55:47.894,bybit,ACE/USDT:USDT,0.5959,112.0,0.5957,9.7,0.596,92.0,0.5963,293.8
1753617348094,11:55:48.094,bybit,ACE/USDT:USDT,0.5959,112.0,0.5957,9.7,0.596,92.0,0.5963,293.8
1753617348201,11:55:48.201,bybit,ACE/USDT:USDT,0.5959,380.6,0.5957,9.7,0.596,92.0,0.5963,293.8
1753617348294,11:55:48.294,bybit,ACE/USDT:USDT,0.5959,380.6,0.5957,9.7,0.596,92.0,0.5963,293.8
1753617348394,11:55:48.394,bybit,ACE/USDT:USDT,0.5959,380.6,0.5957,9.7,0.596,92.0,0.5963,293.8
1753617348494,11:55:48.494,bybit,ACE/USDT:USDT,0.5959,380.6,0.5957,9.7,0.596,92.0,0.5963,293.8
1753617348594,11:55:48.594,bybit,ACE/USDT:USDT,0.5959,380.6,0.5957,9.7,0.596,92.0,0.5963,293.8
1753617348795,11:55:48.795,bybit,ACE/USDT:USDT,0.5959,380.6,0.5957,9.7,0.596,92.0,0.5963,293.8
1753617348894,11:55:48.894,bybit,ACE/USDT:USDT,0.5959,380.6,0.5957,9.7,0.596,92.0,0.5963,293.8
1753617348995,11:55:48.995,bybit,ACE/USDT:USDT,0.5959,380.6,0.5957,9.7,0.596,92.0,0.5963,293.8
1753617349095,11:55:49.095,bybit,ACE/USDT:USDT,0.5959,380.6,0.5957,9.7,0.596,92.0,0.5963,293.8
1753617349294,11:55:49.294,bybit,ACE/USDT:USDT,0.5959,380.6,0.5957,9.7,0.596,92.0,0.5963,293.8
1753617349395,11:55:49.395,bybit,ACE/USDT:USDT,0.5959,380.6,0.5957,9.7,0.596,92.0,0.5963,293.8
1753617349494,11:55:49.494,bybit,ACE/USDT:USDT,0.5959,380.6,0.5957,9.7,0.596,92.0,0.5963,293.8
1753617349594,11:55:49.594,bybit,ACE/USDT:USDT,0.5959,380.6,0.5957,9.7,0.596,92.0,0.5963,293.8
1753617349696,11:55:49.696,bybit,ACE/USDT:USDT,0.5959,440.7,0.5957,9.7,0.596,92.0,0.5963,293.8
1753617349794,11:55:49.794,bybit,ACE/USDT:USDT,0.5959,380.6,0.5957,9.7,0.596,112.5,0.5963,293.0
1753617349895,11:55:49.895,bybit,ACE/USDT:USDT,0.5959,380.6,0.5957,9.7,0.596,112.5,0.5963,293.0
1753617350094,11:55:50.094,bybit,ACE/USDT:USDT,0.5959,380.6,0.5957,9.7,0.596,112.5,0.5963,293.0
1753617350294,11:55:50.294,bybit,ACE/USDT:USDT,0.5959,380.6,0.5957,9.7,0.596,148.5,0.5963,293.0
1753617350395,11:55:50.395,bybit,ACE/USDT:USDT,0.5959,380.6,0.5957,9.7,0.596,148.5,0.5963,293.0
1753617350595,11:55:50.595,bybit,ACE/USDT:USDT,0.5959,380.6,0.5957,9.7,0.596,148.5,0.5963,293.0
1753617350696,11:55:50.696,bybit,ACE/USDT:USDT,0.5959,380.6,0.5957,9.7,0.596,148.5,0.5963,317.2
1753617350794,11:55:50.794,bybit,ACE/USDT:USDT,0.5959,380.6,0.5957,9.7,0.596,148.5,0.5963,317.2
1753617350894,11:55:50.894,bybit,ACE/USDT:USDT,0.5959,380.6,0.5957,9.7,0.596,148.5,0.5963,317.2
1753617350995,11:55:50.995,bybit,ACE/USDT:USDT,0.5959,380.6,0.5957,9.7,0.596,148.5,0.5963,317.2
1753617351194,11:55:51.194,bybit,ACE/USDT:USDT,0.5959,380.6,0.5956,579.3,0.596,148.5,0.5963,326.9
1753617351294,11:55:51.294,bybit,ACE/USDT:USDT,0.5959,380.6,0.5956,579.3,0.596,148.5,0.5963,326.9
1753617351395,11:55:51.395,bybit,ACE/USDT:USDT,0.5959,709.9,0.5956,579.3,0.596,148.5,0.5963,326.9
1753617351494,11:55:51.494,bybit,ACE/USDT:USDT,0.5959,649.8,0.5956,603.5,0.596,148.5,0.5963,302.7
1753617351594,11:55:51.594,bybit,ACE/USDT:USDT,0.5959,380.6,0.5956,603.5,0.596,148.5,0.5963,302.7
1753617351694,11:55:51.694,bybit,ACE/USDT:USDT,0.5959,380.6,0.5956,603.5,0.596,148.5,0.5963,302.7
1753617351894,11:55:51.894,bybit,ACE/USDT:USDT,0.5959,380.6,0.5956,603.5,0.596,148.5,0.5963,326.9
1753617351994,11:55:51.994,bybit,ACE/USDT:USDT,0.5959,380.6,0.5956,603.5,0.596,148.5,0.5963,326.9
1753617352294,11:55:52.294,bybit,ACE/USDT:USDT,0.5959,380.6,0.5956,603.5,0.596,148.5,0.5963,326.9
1753617352394,11:55:52.394,bybit,ACE/USDT:USDT,0.5959,380.6,0.5956,603.5,0.596,148.5,0.5963,326.9
1753617352494,11:55:52.494,bybit,ACE/USDT:USDT,0.5959,380.6,0.5956,603.5,0.596,148.5,0.5963,326.9
1753617352895,11:55:52.895,bybit,ACE/USDT:USDT,0.5959,380.6,0.5956,603.5,0.596,148.5,0.5963,326.9
1753617353294,11:55:53.294,bybit,ACE/USDT:USDT,0.5959,380.6,0.5956,603.5,0.596,148.5,0.5963,326.9
1753617353395,11:55:53.395,bybit,ACE/USDT:USDT,0.5959,380.6,0.5956,603.5,0.596,148.5,0.5963,326.9
1753617353494,11:55:53.494,bybit,ACE/USDT:USDT,0.5959,380.6,0.5956,603.5,0.596,148.5,0.5963,302.7
1753617354094,11:55:54.094,bybit,ACE/USDT:USDT,0.5959,380.6,0.5956,603.5,0.596,148.5,0.5963,302.7
1753617354294,11:55:54.294,bybit,ACE/USDT:USDT,0.5959,380.6,0.5956,603.5,0.596,148.5,0.5963,302.7
1753617354494,11:55:54.494,bybit,ACE/USDT:USDT,0.5959,380.6,0.5956,603.5,0.596,148.5,0.5963,302.7
1753617354594,11:55:54.594,bybit,ACE/USDT:USDT,0.5959,380.6,0.5956,603.5,0.596,148.5,0.5963,302.7
1753617355194,11:55:55.194,bybit,ACE/USDT:USDT,0.5959,419.0,0.5956,603.5,0.596,148.5,0.5963,302.7
1753617355394,11:55:55.394,bybit,ACE/USDT:USDT,0.5959,419.0,0.5956,603.5,0.596,148.5,0.5963,302.7
1753617355594,11:55:55.594,bybit,ACE/USDT:USDT,0.5959,419.0,0.5956,603.5,0.596,148.5,0.5963,302.7
1753617355794,11:55:55.794,bybit,ACE/USDT:USDT,0.5959,419.0,0.5956,603.5,0.596,148.5,0.5963,302.7
1753617355995,11:55:55.995,bybit,ACE/USDT:USDT,0.5959,701.6,0.5956,603.5,0.596,148.5,0.5963,302.7
1753617356095,11:55:56.095,bybit,ACE/USDT:USDT,0.5959,521.7,0.5956,603.5,0.596,148.5,0.5963,294.3
1753617356194,11:55:56.194,bybit,ACE/USDT:USDT,0.5959,521.7,0.5956,603.5,0.596,148.5,0.5963,294.3
1753617356294,11:55:56.294,bybit,ACE/USDT:USDT,0.5959,485.7,0.5956,603.5,0.596,112.5,0.5963,294.3
1753617356394,11:55:56.394,bybit,ACE/USDT:USDT,0.5959,451.7,0.5956,593.8,0.596,112.5,0.5962,9.7
1753617356594,11:55:56.594,bybit,ACE/USDT:USDT,0.5959,183.1,0.5956,569.6,0.596,131.3,0.5961,9.7
1753617356795,11:55:56.795,bybit,ACE/USDT:USDT,0.5953,43.0,0.595,568.9,0.5954,98.3,0.5955,9.7
1753617356895,11:55:56.895,bybit,ACE/USDT:USDT,0.5955,43.7,0.5954,9.7,0.5958,98.3,0.596,220.6
1753617356994,11:55:56.994,bybit,ACE/USDT:USDT,0.5951,578.6,0.595,602.5,0.5956,98.3,0.5957,98.3
1753617357196,11:55:57.196,bybit,ACE/USDT:USDT,0.5952,295.8,0.5951,48.1,0.5957,9.7,0.5958,9.7
1753617357295,11:55:57.295,bybit,ACE/USDT:USDT,0.5952,304.3,0.5951,48.1,0.5957,9.7,0.5958,9.7
1753617357395,11:55:57.395,bybit,ACE/USDT:USDT,0.5952,312.8,0.5951,48.1,0.5957,9.7,0.5958,9.7
1753617357494,11:55:57.494,bybit,ACE/USDT:USDT,0.5952,376.7,0.5951,48.1,0.5954,98.3,0.5955,98.3
1753617357595,11:55:57.595,bybit,ACE/USDT:USDT,0.5952,359.7,0.5951,38.5,0.5954,98.3,0.5957,578.6
1753617357696,11:55:57.696,bybit,ACE/USDT:USDT,0.5952,423.6,0.5951,38.5,0.5954,98.3,0.5957,578.6
1753617357794,11:55:57.794,bybit,ACE/USDT:USDT,0.5952,255.6,0.5951,38.5,0.5954,98.3,0.5957,578.6
1753617357895,11:55:57.895,bybit,ACE/USDT:USDT,0.5951,38.5,0.595,8.5,0.5953,98.3,0.5956,578.8
1753617357994,11:55:57.994,bybit,ACE/USDT:USDT,0.5951,38.5,0.595,8.5,0.5953,98.3,0.5956,578.8
1753617358094,11:55:58.094,bybit,ACE/USDT:USDT,0.5951,48.2,0.595,8.5,0.5953,98.3,0.5956,578.8
1753617358198,11:55:58.198,bybit,ACE/USDT:USDT,0.5951,38.5,0.595,8.5,0.5953,98.3,0.5956,578.8
1753617358394,11:55:58.394,bybit,ACE/USDT:USDT,0.5951,147.5,0.595,8.5,0.5953,98.3,0.5956,578.8
1753617358594,11:55:58.594,bybit,ACE/USDT:USDT,0.5951,147.5,0.595,8.5,0.5953,98.3,0.5956,578.8
1753617358695,11:55:58.695,bybit,ACE/USDT:USDT,0.5951,147.5,0.595,8.5,0.5953,98.3,0.5956,578.8
1753617359095,11:55:59.095,bybit,ACE/USDT:USDT,0.5951,166.9,0.595,8.5,0.5953,98.3,0.5956,578.8
1753617359294,11:55:59.294,bybit,ACE/USDT:USDT,0.5951,156.0,0.595,8.5,0.5953,98.3,0.5956,578.8
1753617359494,11:55:59.494,bybit,ACE/USDT:USDT,0.5951,156.0,0.595,8.5,0.5953,98.3,0.5956,578.8
1753617359594,11:55:59.594,bybit,ACE/USDT:USDT,0.5951,156.0,0.595,8.5,0.5953,98.3,0.5956,603.0
1753617359696,11:55:59.696,bybit,ACE/USDT:USDT,0.5951,147.5,0.595,8.5,0.5953,98.3,0.5956,603.0
1753617359794,11:55:59.794,bybit,ACE/USDT:USDT,0.5951,157.2,0.595,8.5,0.5953,98.3,0.5956,603.0
1753617359894,11:55:59.894,bybit,ACE/USDT:USDT,0.5951,147.5,0.595,8.5,0.5953,98.3,0.5956,578.8
1753617360095,11:56:00.095,bybit,ACE/USDT:USDT,0.5951,81.0,0.595,8.5,0.5953,98.3,0.5956,578.8
1753617360196,11:56:00.196,bybit,ACE/USDT:USDT,0.5951,100.4,0.595,8.5,0.5953,98.3,0.5956,578.8
1753617360294,11:56:00.294,bybit,ACE/USDT:USDT,0.5951,47.0,0.595,8.5,0.5952,98.3,0.5955,294.2
1753617360394,11:56:00.394,bybit,ACE/USDT:USDT,0.5951,56.7,0.595,8.5,0.5952,98.3,0.5955,294.2
1753617360495,11:56:00.495,bybit,ACE/USDT:USDT,0.5951,66.4,0.595,8.5,0.5952,98.3,0.5955,294.2
1753617360594,11:56:00.594,bybit,ACE/USDT:USDT,0.5951,47.0,0.595,8.5,0.5952,98.3,0.5955,294.2
1753617360695,11:56:00.695,bybit,ACE/USDT:USDT,0.5951,47.0,0.595,8.5,0.5952,98.3,0.5955,294.2
1753617360896,11:56:00.896,bybit,ACE/USDT:USDT,0.5951,47.0,0.595,8.5,0.5952,98.3,0.5955,294.2
1753617360995,11:56:00.995,bybit,ACE/USDT:USDT,0.5951,47.0,0.595,8.5,0.5952,98.3,0.5955,294.2
1753617361394,11:56:01.394,bybit,ACE/USDT:USDT,0.5951,47.0,0.595,8.5,0.5952,98.3,0.5955,294.2
1753617361494,11:56:01.494,bybit,ACE/USDT:USDT,0.5951,47.0,0.595,8.5,0.5952,98.3,0.5955,294.2
1753617361895,11:56:01.895,bybit,ACE/USDT:USDT,0.5951,47.0,0.595,8.5,0.5952,98.3,0.5955,294.2
1753617362096,11:56:02.096,bybit,ACE/USDT:USDT,0.5951,38.5,0.595,8.5,0.5952,98.3,0.5955,294.2
1753617362394,11:56:02.394,bybit,ACE/USDT:USDT,0.5951,147.5,0.595,8.5,0.5952,101.9,0.5955,294.2
1753617362494,11:56:02.494,bybit,ACE/USDT:USDT,0.5951,147.5,0.595,8.5,0.5952,101.9,0.5955,294.2
1753617362594,11:56:02.594,bybit,ACE/USDT:USDT,0.5951,147.5,0.595,8.5,0.5952,101.9,0.5955,294.2
1753617363095,11:56:03.095,bybit,ACE/USDT:USDT,0.5951,147.5,0.595,8.5,0.5952,101.9,0.5955,294.2
1753617363195,11:56:03.195,bybit,ACE/USDT:USDT,0.5951,147.5,0.595,8.5,0.5952,101.9,0.5955,294.2
1753617363594,11:56:03.594,bybit,ACE/USDT:USDT,0.5951,147.5,0.595,8.5,0.5952,101.9,0.5955,294.2
1753617363694,11:56:03.694,bybit,ACE/USDT:USDT,0.5951,147.5,0.595,8.5,0.5952,101.9,0.5955,294.2
1753617364201,11:56:04.201,bybit,ACE/USDT:USDT,0.5951,147.5,0.595,8.5,0.5952,101.9,0.5955,294.2
1753617364295,11:56:04.295,bybit,ACE/USDT:USDT,0.5951,147.5,0.595,8.5,0.5952,101.9,0.5955,294.2
1753617364396,11:56:04.396,bybit,ACE/USDT:USDT,0.5951,157.2,0.595,8.5,0.5952,101.9,0.5955,294.2
1753617364494,11:56:04.494,bybit,ACE/USDT:USDT,0.5951,166.9,0.595,8.5,0.5952,101.9,0.5955,294.2
1753617364694,11:56:04.694,bybit,ACE/USDT:USDT,0.5951,147.5,0.595,8.5,0.5952,101.9,0.5955,294.2
1753617364794,11:56:04.794,bybit,ACE/USDT:USDT,0.5951,147.5,0.595,8.5,0.5952,101.9,0.5955,294.2
1753617365195,11:56:05.195,bybit,ACE/USDT:USDT,0.5951,147.5,0.595,8.5,0.5952,101.9,0.5955,294.2
1753617365294,11:56:05.294,bybit,ACE/USDT:USDT,0.5951,147.5,0.595,8.5,0.5952,101.9,0.5955,294.2
1753617365394,11:56:05.394,bybit,ACE/USDT:USDT,0.5951,166.9,0.595,8.5,0.5952,101.9,0.5955,294.2
1753617365795,11:56:05.795,bybit,ACE/USDT:USDT,0.5951,147.5,0.595,8.5,0.5952,101.9,0.5955,294.2
1753617365994,11:56:05.994,bybit,ACE/USDT:USDT,0.5951,147.5,0.595,8.5,0.5952,101.9,0.5955,294.2
1753617366094,11:56:06.094,bybit,ACE/USDT:USDT,0.5951,147.5,0.595,8.5,0.5952,101.9,0.5955,294.2
1753617366295,11:56:06.295,bybit,ACE/USDT:USDT,0.5951,147.5,0.595,8.5,0.5952,101.9,0.5955,294.2
1753617366394,11:56:06.394,bybit,ACE/USDT:USDT,0.5951,147.5,0.595,8.5,0.5952,101.9,0.5955,294.2
1753617366605,11:56:06.605,bybit,ACE/USDT:USDT,0.5951,147.5,0.595,8.5,0.5952,101.9,0.5955,294.2
1753617366794,11:56:06.794,bybit,ACE/USDT:USDT,0.5951,147.5,0.595,8.5,0.5952,101.9,0.5955,294.2
