timestamp,time,exchange,symbol,bid1_price,bid1_volume,bid2_price,bid2_volume,ask1_price,ask1_volume,ask2_price,ask2_volume
1753617162905,11:52:42.905,okx,AEVO/USDT:USDT,0.11095,3.0,0.11094,3.0,0.11096,880.0,0.11097,1102.0
1753617163705,11:52:43.705,okx,AEVO/USDT:USDT,0.11096,1090.0,0.11095,6.0,0.11098,1387.0,0.11099,10714.0
1753617164505,11:52:44.505,okx,AEVO/USDT:USDT,0.11096,1090.0,0.11095,6.0,0.11098,1387.0,0.11099,10714.0
1753617166005,11:52:46.005,okx,AEVO/USDT:USDT,0.11096,1090.0,0.11095,6.0,0.11098,1387.0,0.11099,10714.0
1753617166305,11:52:46.305,okx,AEVO/USDT:USDT,0.11096,1090.0,0.11095,6.0,0.11098,1387.0,0.11099,10714.0
1753617166505,11:52:46.505,okx,AEVO/USDT:USDT,0.11096,1090.0,0.11095,6.0,0.11098,1387.0,0.11099,10714.0
1753617166605,11:52:46.605,okx,AEVO/USDT:USDT,0.11096,1090.0,0.11095,6.0,0.11098,1387.0,0.11099,10714.0
1753617167105,11:52:47.105,okx,AEVO/USDT:USDT,0.11096,1090.0,0.11095,6.0,0.11098,1387.0,0.11099,10714.0
1753617167405,11:52:47.405,okx,AEVO/USDT:USDT,0.11096,1090.0,0.11095,6.0,0.11098,1387.0,0.11099,10714.0
1753617168205,11:52:48.205,okx,AEVO/USDT:USDT,0.11096,1090.0,0.11095,6.0,0.11098,1387.0,0.11099,10714.0
1753617168405,11:52:48.405,okx,AEVO/USDT:USDT,0.11096,1090.0,0.11095,6.0,0.11098,1387.0,0.11099,10714.0
1753617169105,11:52:49.105,okx,AEVO/USDT:USDT,0.11104,2.0,0.11103,1839.0,0.11107,1.0,0.11108,1063.0
1753617169205,11:52:49.205,okx,AEVO/USDT:USDT,0.11104,1.0,0.11103,1839.0,0.11107,1.0,0.11108,1062.0
1753617170605,11:52:50.605,okx,AEVO/USDT:USDT,0.11104,1.0,0.11103,1839.0,0.11107,1.0,0.11108,1146.0
1753617170705,11:52:50.705,okx,AEVO/USDT:USDT,0.11104,1.0,0.11103,1839.0,0.11107,1.0,0.11108,1146.0
1753617171005,11:52:51.005,okx,AEVO/USDT:USDT,0.11104,1.0,0.11103,1839.0,0.11107,1.0,0.11108,1146.0
1753617171405,11:52:51.405,okx,AEVO/USDT:USDT,0.11104,1.0,0.11103,3.0,0.11107,1.0,0.11108,23.0
1753617172705,11:52:52.705,okx,AEVO/USDT:USDT,0.11105,730.0,0.11104,1388.0,0.11107,44.0,0.11108,24.0
1753617172905,11:52:52.905,okx,AEVO/USDT:USDT,0.11105,730.0,0.11104,1388.0,0.11107,44.0,0.11108,24.0
1753617173605,11:52:53.605,okx,AEVO/USDT:USDT,0.11103,1.0,0.11102,535.0,0.11106,1.0,0.11107,1052.0
1753617173705,11:52:53.705,okx,AEVO/USDT:USDT,0.11103,1.0,0.11102,535.0,0.11106,1.0,0.11107,1052.0
1753617174005,11:52:54.005,okx,AEVO/USDT:USDT,0.11103,1.0,0.11102,535.0,0.11106,1.0,0.11107,2046.0
1753617174405,11:52:54.405,okx,AEVO/USDT:USDT,0.11103,1.0,0.11102,535.0,0.11106,1.0,0.11107,1052.0
1753617175105,11:52:55.105,okx,AEVO/USDT:USDT,0.11103,1.0,0.11102,535.0,0.11106,1.0,0.11107,2067.0
1753617175305,11:52:55.305,okx,AEVO/USDT:USDT,0.11103,1.0,0.11102,535.0,0.11106,1.0,0.11107,1073.0
1753617175605,11:52:55.605,okx,AEVO/USDT:USDT,0.11103,1.0,0.11102,535.0,0.11106,1.0,0.11107,1073.0
1753617175905,11:52:55.905,okx,AEVO/USDT:USDT,0.11102,1.0,0.11101,1790.0,0.11106,1275.0,0.11107,3377.0
1753617176105,11:52:56.105,okx,AEVO/USDT:USDT,0.11104,729.0,0.11103,3.0,0.11107,863.0,0.11108,1285.0
1753617177005,11:52:57.005,okx,AEVO/USDT:USDT,0.11104,729.0,0.11103,3.0,0.11107,863.0,0.11108,2279.0
1753617177305,11:52:57.305,okx,AEVO/USDT:USDT,0.11104,729.0,0.11103,3.0,0.11107,863.0,0.11108,2279.0
1753617177605,11:52:57.605,okx,AEVO/USDT:USDT,0.11104,729.0,0.11103,3.0,0.11107,1389.0,0.11108,2279.0
1753617177705,11:52:57.705,okx,AEVO/USDT:USDT,0.11104,729.0,0.11103,3.0,0.11107,1389.0,0.11108,2279.0
1753617177905,11:52:57.905,okx,AEVO/USDT:USDT,0.11104,729.0,0.11103,3.0,0.11107,1389.0,0.11108,2279.0
1753617178005,11:52:58.005,okx,AEVO/USDT:USDT,0.11104,729.0,0.11103,3.0,0.11107,1389.0,0.11108,2279.0
1753617178605,11:52:58.605,okx,AEVO/USDT:USDT,0.11104,729.0,0.11103,3.0,0.11107,1389.0,0.11108,2279.0
1753617181105,11:53:01.105,okx,AEVO/USDT:USDT,0.11101,8.0,0.111,485.0,0.11102,765.0,0.11103,758.0
1753617181305,11:53:01.305,okx,AEVO/USDT:USDT,0.11101,8.0,0.111,485.0,0.11102,765.0,0.11103,1743.0
1753617181405,11:53:01.405,okx,AEVO/USDT:USDT,0.11101,8.0,0.111,485.0,0.11102,765.0,0.11103,1743.0
1753617181705,11:53:01.705,okx,AEVO/USDT:USDT,0.11101,8.0,0.111,485.0,0.11102,765.0,0.11103,1743.0
1753617182105,11:53:02.105,okx,AEVO/USDT:USDT,0.11101,8.0,0.111,485.0,0.11102,765.0,0.11103,758.0
1753617182305,11:53:02.305,okx,AEVO/USDT:USDT,0.11101,8.0,0.111,485.0,0.11102,765.0,0.11103,758.0
1753617183005,11:53:03.005,okx,AEVO/USDT:USDT,0.11102,729.0,0.11101,11.0,0.11103,21.0,0.11104,2.0
1753617183805,11:53:03.805,okx,AEVO/USDT:USDT,0.1111,1.0,0.11108,468.0,0.11112,799.0,0.11113,814.0
1753617184305,11:53:04.305,okx,AEVO/USDT:USDT,0.11109,1.0,0.11108,471.0,0.11112,1.0,0.11113,810.0
1753617184505,11:53:04.505,okx,AEVO/USDT:USDT,0.11109,1.0,0.11108,471.0,0.11112,1.0,0.11113,810.0
1753617184705,11:53:04.705,okx,AEVO/USDT:USDT,0.11109,1.0,0.11108,471.0,0.11112,1.0,0.11113,810.0
1753617185305,11:53:05.305,okx,AEVO/USDT:USDT,0.11108,1.0,0.11107,1013.0,0.11113,1343.0,0.11114,1023.0
1753617185805,11:53:05.805,okx,AEVO/USDT:USDT,0.11109,1.0,0.11108,540.0,0.11113,2330.0,0.11114,2755.0
1753617186105,11:53:06.105,okx,AEVO/USDT:USDT,0.11108,1.0,0.11107,1635.0,0.11112,1.0,0.11113,1345.0
1753617186705,11:53:06.705,okx,AEVO/USDT:USDT,0.11107,479.0,0.11106,799.0,0.11111,1.0,0.11112,882.0
1753617187105,11:53:07.105,okx,AEVO/USDT:USDT,0.11107,479.0,0.11106,800.0,0.11112,1077.0,0.11113,4358.0
1753617187205,11:53:07.205,okx,AEVO/USDT:USDT,0.11107,479.0,0.11106,2791.0,0.11112,2.0,0.11113,2330.0
1753617187405,11:53:07.405,okx,AEVO/USDT:USDT,0.11108,64.0,0.11107,481.0,0.11111,1.0,0.11112,903.0
1753617187505,11:53:07.505,okx,AEVO/USDT:USDT,0.11108,64.0,0.11107,481.0,0.11111,1.0,0.11112,903.0
1753617187805,11:53:07.805,okx,AEVO/USDT:USDT,0.11108,334.0,0.11107,481.0,0.11112,2.0,0.11113,2330.0
1753617187905,11:53:07.905,okx,AEVO/USDT:USDT,0.11108,196.0,0.11107,482.0,0.11113,2329.0,0.11114,2755.0
1753617188005,11:53:08.005,okx,AEVO/USDT:USDT,0.11108,159.0,0.11107,482.0,0.11113,2329.0,0.11114,2755.0
1753617188205,11:53:08.205,okx,AEVO/USDT:USDT,0.11109,1.0,0.11108,158.0,0.11113,2329.0,0.11114,2755.0
1753617188305,11:53:08.305,okx,AEVO/USDT:USDT,0.11108,158.0,0.11107,2454.0,0.11112,1.0,0.11113,2329.0
1753617188905,11:53:08.905,okx,AEVO/USDT:USDT,0.11109,2.0,0.11108,1316.0,0.11112,880.0,0.11113,1344.0
1753617189105,11:53:09.105,okx,AEVO/USDT:USDT,0.11111,4.0,0.11109,474.0,0.11113,1344.0,0.11114,3662.0
1753617189705,11:53:09.705,okx,AEVO/USDT:USDT,0.11111,4.0,0.11109,476.0,0.11113,811.0,0.11114,3662.0
1753617189905,11:53:09.905,okx,AEVO/USDT:USDT,0.11111,4.0,0.11109,476.0,0.11113,811.0,0.11114,3662.0
1753617190005,11:53:10.005,okx,AEVO/USDT:USDT,0.11111,4.0,0.11109,476.0,0.11113,811.0,0.11114,3662.0
1753617190105,11:53:10.105,okx,AEVO/USDT:USDT,0.11111,4.0,0.11109,476.0,0.11113,809.0,0.11114,1962.0
1753617190205,11:53:10.205,okx,AEVO/USDT:USDT,0.11111,4.0,0.11109,476.0,0.11113,809.0,0.11114,1962.0
1753617190405,11:53:10.405,okx,AEVO/USDT:USDT,0.11111,4.0,0.11109,476.0,0.11113,809.0,0.11114,1962.0
1753617190805,11:53:10.805,okx,AEVO/USDT:USDT,0.11111,4.0,0.11109,476.0,0.11113,810.0,0.11114,1962.0
1753617191805,11:53:11.805,okx,AEVO/USDT:USDT,0.11111,4.0,0.1111,78.0,0.11114,1962.0,0.11115,518.0
1753617192005,11:53:12.005,okx,AEVO/USDT:USDT,0.11111,4.0,0.1111,78.0,0.11114,1962.0,0.11115,518.0
1753617192305,11:53:12.305,okx,AEVO/USDT:USDT,0.11111,4.0,0.1111,79.0,0.11114,1.0,0.11115,518.0
1753617192605,11:53:12.605,okx,AEVO/USDT:USDT,0.1111,77.0,0.11109,1017.0,0.11114,1.0,0.11115,518.0
1753617193105,11:53:13.105,okx,AEVO/USDT:USDT,0.1111,617.0,0.11109,477.0,0.11114,1.0,0.11115,518.0
1753617193205,11:53:13.205,okx,AEVO/USDT:USDT,0.1111,617.0,0.11109,477.0,0.11114,1.0,0.11115,518.0
1753617193305,11:53:13.305,okx,AEVO/USDT:USDT,0.1111,617.0,0.11109,477.0,0.11114,1.0,0.11115,518.0
1753617193505,11:53:13.505,okx,AEVO/USDT:USDT,0.1111,617.0,0.11109,477.0,0.11114,1.0,0.11115,518.0
1753617195005,11:53:15.005,okx,AEVO/USDT:USDT,0.11117,66.0,0.11116,66.0,0.11118,3.0,0.11119,3.0
1753617195405,11:53:15.405,okx,AEVO/USDT:USDT,0.11115,1895.0,0.11114,2.0,0.11118,3.0,0.1112,733.0
1753617195805,11:53:15.805,okx,AEVO/USDT:USDT,0.11115,1895.0,0.11114,2.0,0.11118,3.0,0.1112,733.0
1753617195905,11:53:15.905,okx,AEVO/USDT:USDT,0.11115,1895.0,0.11114,2.0,0.11118,3.0,0.1112,733.0
1753617196005,11:53:16.005,okx,AEVO/USDT:USDT,0.11115,1895.0,0.11114,2.0,0.11118,3.0,0.1112,733.0
1753617196205,11:53:16.205,okx,AEVO/USDT:USDT,0.11115,1895.0,0.11114,2.0,0.11118,3.0,0.1112,733.0
1753617196405,11:53:16.405,okx,AEVO/USDT:USDT,0.11119,1207.0,0.11118,1969.0,0.1112,210.0,0.11122,1.0
1753617196705,11:53:16.705,okx,AEVO/USDT:USDT,0.11119,478.0,0.11118,1969.0,0.1112,210.0,0.11122,1.0
1753617196805,11:53:16.805,okx,AEVO/USDT:USDT,0.11119,478.0,0.11118,1969.0,0.1112,210.0,0.11122,1.0
1753617197305,11:53:17.305,okx,AEVO/USDT:USDT,0.11121,729.0,0.1112,1684.0,0.11122,1.0,0.11124,2.0
1753617197405,11:53:17.405,okx,AEVO/USDT:USDT,0.11121,729.0,0.1112,1684.0,0.11122,1.0,0.11124,2.0
1753617197505,11:53:17.505,okx,AEVO/USDT:USDT,0.11121,729.0,0.1112,1684.0,0.11122,1.0,0.11124,2.0
1753617197605,11:53:17.605,okx,AEVO/USDT:USDT,0.11121,729.0,0.1112,1684.0,0.11122,1.0,0.11124,2.0
1753617197905,11:53:17.905,okx,AEVO/USDT:USDT,0.11121,729.0,0.1112,1684.0,0.11122,1.0,0.11124,2.0
1753617198005,11:53:18.005,okx,AEVO/USDT:USDT,0.11121,729.0,0.1112,1684.0,0.11122,1.0,0.11124,2.0
1753617198405,11:53:18.405,okx,AEVO/USDT:USDT,0.11121,729.0,0.1112,1684.0,0.11122,1.0,0.11124,2.0
1753617198805,11:53:18.805,okx,AEVO/USDT:USDT,0.11121,729.0,0.1112,1684.0,0.11122,1.0,0.11124,2.0
1753617199605,11:53:19.605,okx,AEVO/USDT:USDT,0.11121,729.0,0.1112,1684.0,0.11122,1.0,0.11124,2.0
1753617199705,11:53:19.705,okx,AEVO/USDT:USDT,0.11121,729.0,0.1112,1684.0,0.11122,1.0,0.11124,2.0
1753617199905,11:53:19.905,okx,AEVO/USDT:USDT,0.11121,729.0,0.1112,1684.0,0.11122,1.0,0.11124,2.0
1753617200205,11:53:20.205,okx,AEVO/USDT:USDT,0.11119,478.0,0.11118,2.0,0.11122,1126.0,0.11123,2791.0
1753617200305,11:53:20.305,okx,AEVO/USDT:USDT,0.11119,478.0,0.11118,2.0,0.11122,1126.0,0.11123,2791.0
1753617200505,11:53:20.505,okx,AEVO/USDT:USDT,0.11119,478.0,0.11118,2.0,0.11122,1126.0,0.11123,2791.0
1753617200905,11:53:20.905,okx,AEVO/USDT:USDT,0.11119,478.0,0.11118,2.0,0.11122,1126.0,0.11123,2791.0
1753617201005,11:53:21.005,okx,AEVO/USDT:USDT,0.11119,478.0,0.11118,2.0,0.11122,586.0,0.11123,2791.0
1753617201105,11:53:21.105,okx,AEVO/USDT:USDT,0.11119,478.0,0.11118,2.0,0.11122,1.0,0.11123,820.0
1753617201205,11:53:21.205,okx,AEVO/USDT:USDT,0.11119,478.0,0.11118,2.0,0.11122,1.0,0.11123,820.0
1753617201305,11:53:21.305,okx,AEVO/USDT:USDT,0.11119,478.0,0.11118,2.0,0.11122,1.0,0.11123,820.0
1753617203005,11:53:23.005,okx,AEVO/USDT:USDT,0.11119,478.0,0.11118,2.0,0.11122,1112.0,0.11123,4367.0
1753617203205,11:53:23.205,okx,AEVO/USDT:USDT,0.11119,478.0,0.11118,2.0,0.11122,1112.0,0.11123,4367.0
1753617203305,11:53:23.305,okx,AEVO/USDT:USDT,0.11119,478.0,0.11118,2.0,0.11122,1112.0,0.11123,4367.0
1753617203405,11:53:23.405,okx,AEVO/USDT:USDT,0.11119,478.0,0.11118,2.0,0.11122,1112.0,0.11123,4367.0
1753617203605,11:53:23.605,okx,AEVO/USDT:USDT,0.11119,478.0,0.11118,2.0,0.11122,1112.0,0.11123,4367.0
1753617203705,11:53:23.705,okx,AEVO/USDT:USDT,0.11119,478.0,0.11118,2.0,0.11122,1112.0,0.11123,4367.0
1753617204505,11:53:24.505,okx,AEVO/USDT:USDT,0.11119,478.0,0.11118,2.0,0.11122,1112.0,0.11123,4367.0
1753617205305,11:53:25.305,okx,AEVO/USDT:USDT,0.11119,478.0,0.11118,2.0,0.11122,1112.0,0.11123,4367.0
1753617205505,11:53:25.505,okx,AEVO/USDT:USDT,0.11119,478.0,0.11118,2.0,0.11122,527.0,0.11123,3382.0
1753617205605,11:53:25.605,okx,AEVO/USDT:USDT,0.11119,478.0,0.11118,2.0,0.11122,527.0,0.11123,2397.0
1753617206205,11:53:26.205,okx,AEVO/USDT:USDT,0.11119,478.0,0.11118,3.0,0.11122,1.0,0.11123,2397.0
1753617206505,11:53:26.505,okx,AEVO/USDT:USDT,0.11119,478.0,0.11118,3.0,0.11122,1.0,0.11123,2397.0
1753617206605,11:53:26.605,okx,AEVO/USDT:USDT,0.11119,478.0,0.11118,3.0,0.11122,1.0,0.11123,820.0
1753617206905,11:53:26.905,okx,AEVO/USDT:USDT,0.11116,541.0,0.11115,3003.0,0.11122,1429.0,0.11123,4249.0
1753617207005,11:53:27.005,okx,AEVO/USDT:USDT,0.11116,541.0,0.11115,3003.0,0.11122,528.0,0.11123,1777.0
1753617207105,11:53:27.105,okx,AEVO/USDT:USDT,0.11116,541.0,0.11115,3003.0,0.11122,573.0,0.11123,1777.0
1753617207205,11:53:27.205,okx,AEVO/USDT:USDT,0.11116,541.0,0.11115,3003.0,0.11122,573.0,0.11123,1777.0
1753617207405,11:53:27.405,okx,AEVO/USDT:USDT,0.11116,541.0,0.11115,3003.0,0.11122,573.0,0.11123,2762.0
1753617207905,11:53:27.905,okx,AEVO/USDT:USDT,0.11117,526.0,0.11116,3.0,0.11122,47.0,0.11123,2303.0
1753617208305,11:53:28.305,okx,AEVO/USDT:USDT,0.11116,1.0,0.11115,3003.0,0.1112,1.0,0.11122,2123.0
1753617208505,11:53:28.505,okx,AEVO/USDT:USDT,0.11116,1.0,0.11115,3003.0,0.1112,1.0,0.11121,1043.0
1753617208605,11:53:28.605,okx,AEVO/USDT:USDT,0.11116,1.0,0.11115,3003.0,0.1112,1.0,0.11121,1997.0
1753617208805,11:53:28.805,okx,AEVO/USDT:USDT,0.11116,1.0,0.11115,3003.0,0.11121,1998.0,0.11122,3072.0
1753617209705,11:53:29.705,okx,AEVO/USDT:USDT,0.11116,1.0,0.11115,3003.0,0.1112,1.0,0.11121,2043.0
1753617210405,11:53:30.405,okx,AEVO/USDT:USDT,0.11116,1.0,0.11115,3003.0,0.11121,1.0,0.11122,1502.0
1753617210805,11:53:30.805,okx,AEVO/USDT:USDT,0.11116,1.0,0.11115,3003.0,0.1112,37.0,0.11121,526.0
1753617211405,11:53:31.405,okx,AEVO/USDT:USDT,0.11116,532.0,0.11115,3003.0,0.11122,1990.0,0.11123,2737.0
1753617211505,11:53:31.505,okx,AEVO/USDT:USDT,0.11116,532.0,0.11115,3003.0,0.11122,1990.0,0.11123,2737.0
1753617212005,11:53:32.005,okx,AEVO/USDT:USDT,0.11117,531.0,0.11116,1623.0,0.11122,1458.0,0.11123,2737.0
1753617212805,11:53:32.805,okx,AEVO/USDT:USDT,0.11123,568.0,0.11122,1682.0,0.11124,1.0,0.11126,63.0
1753617213205,11:53:33.205,okx,AEVO/USDT:USDT,0.11124,1969.0,0.11123,480.0,0.11126,63.0,0.11128,865.0
1753617213405,11:53:33.405,okx,AEVO/USDT:USDT,0.11124,1969.0,0.11123,480.0,0.11126,63.0,0.11128,1392.0
1753617213505,11:53:33.505,okx,AEVO/USDT:USDT,0.11124,1969.0,0.11123,480.0,0.11126,63.0,0.11128,1392.0
1753617213805,11:53:33.805,okx,AEVO/USDT:USDT,0.11124,1969.0,0.11123,480.0,0.11126,63.0,0.11128,1392.0
1753617214205,11:53:34.205,okx,AEVO/USDT:USDT,0.11124,1969.0,0.11123,480.0,0.11126,63.0,0.11128,1392.0
1753617214405,11:53:34.405,okx,AEVO/USDT:USDT,0.11124,1969.0,0.11123,480.0,0.11126,63.0,0.11128,1392.0
1753617214705,11:53:34.705,okx,AEVO/USDT:USDT,0.11124,1969.0,0.11123,480.0,0.11126,69.0,0.11128,1392.0
1753617215105,11:53:35.105,okx,AEVO/USDT:USDT,0.11123,478.0,0.11122,1683.0,0.11126,69.0,0.11127,922.0
1753617215305,11:53:35.305,okx,AEVO/USDT:USDT,0.11123,478.0,0.11122,1683.0,0.11126,69.0,0.11128,1392.0
1753617215505,11:53:35.505,okx,AEVO/USDT:USDT,0.11123,478.0,0.11122,1683.0,0.11126,69.0,0.11128,1392.0
1753617215805,11:53:35.805,okx,AEVO/USDT:USDT,0.11123,478.0,0.11122,1683.0,0.11126,69.0,0.11127,969.0
1753617215905,11:53:35.905,okx,AEVO/USDT:USDT,0.11123,478.0,0.11122,1683.0,0.11126,69.0,0.11127,969.0
1753617216305,11:53:36.305,okx,AEVO/USDT:USDT,0.11123,478.0,0.11122,1683.0,0.11126,69.0,0.11128,1392.0
1753617216405,11:53:36.405,okx,AEVO/USDT:USDT,0.11123,478.0,0.11122,1683.0,0.11126,69.0,0.11127,1119.0
1753617216505,11:53:36.505,okx,AEVO/USDT:USDT,0.11123,3470.0,0.11122,1683.0,0.11126,63.0,0.11127,1119.0
1753617216605,11:53:36.605,okx,AEVO/USDT:USDT,0.11123,3470.0,0.11122,1683.0,0.11126,63.0,0.11127,1119.0
1753617216805,11:53:36.805,okx,AEVO/USDT:USDT,0.11123,3470.0,0.11122,1683.0,0.11126,63.0,0.11128,1392.0
1753617217005,11:53:37.005,okx,AEVO/USDT:USDT,0.11123,3470.0,0.11122,1683.0,0.11126,63.0,0.11127,1119.0
1753617217205,11:53:37.205,okx,AEVO/USDT:USDT,0.11123,3470.0,0.11122,1683.0,0.11126,63.0,0.11128,1392.0
1753617217405,11:53:37.405,okx,AEVO/USDT:USDT,0.11123,3470.0,0.11122,1683.0,0.11126,63.0,0.11127,1119.0
1753617217805,11:53:37.805,okx,AEVO/USDT:USDT,0.11123,3496.0,0.11122,1683.0,0.11126,63.0,0.11128,1392.0
1753617218705,11:53:38.705,okx,AEVO/USDT:USDT,0.11129,354.0,0.11127,2.0,0.11131,533.0,0.11132,3125.0
1753617218805,11:53:38.805,okx,AEVO/USDT:USDT,0.11129,354.0,0.11127,2.0,0.11131,533.0,0.11132,3125.0
1753617219205,11:53:39.205,okx,AEVO/USDT:USDT,0.11129,354.0,0.11127,2.0,0.11131,533.0,0.11132,2594.0
1753617219605,11:53:39.605,okx,AEVO/USDT:USDT,0.11129,354.0,0.11127,2.0,0.11131,535.0,0.11132,2594.0
1753617220005,11:53:40.005,okx,AEVO/USDT:USDT,0.11129,354.0,0.11127,2.0,0.11131,535.0,0.11132,2594.0
1753617220205,11:53:40.205,okx,AEVO/USDT:USDT,0.11129,354.0,0.11127,2.0,0.11131,535.0,0.11132,2594.0
1753617220305,11:53:40.305,okx,AEVO/USDT:USDT,0.11129,354.0,0.11127,2.0,0.11131,535.0,0.11132,2594.0
1753617221005,11:53:41.005,okx,AEVO/USDT:USDT,0.11129,354.0,0.11127,2.0,0.11131,535.0,0.11132,2594.0
1753617221105,11:53:41.105,okx,AEVO/USDT:USDT,0.11129,354.0,0.11127,2.0,0.11131,535.0,0.11132,2594.0
1753617221705,11:53:41.705,okx,AEVO/USDT:USDT,0.11129,354.0,0.11127,2.0,0.11131,309.0,0.11132,2594.0
1753617222505,11:53:42.505,okx,AEVO/USDT:USDT,0.11129,354.0,0.11127,2.0,0.11131,307.0,0.11132,2594.0
1753617222905,11:53:42.905,okx,AEVO/USDT:USDT,0.11129,354.0,0.11127,2.0,0.11131,307.0,0.11132,2594.0
1753617223105,11:53:43.105,okx,AEVO/USDT:USDT,0.11129,354.0,0.11127,2.0,0.11132,2593.0,0.11133,5.0
1753617223205,11:53:43.205,okx,AEVO/USDT:USDT,0.11129,354.0,0.11127,2.0,0.11132,2593.0,0.11133,5.0
1753617223405,11:53:43.405,okx,AEVO/USDT:USDT,0.11129,354.0,0.11127,2.0,0.11132,2593.0,0.11133,980.0
1753617223705,11:53:43.705,okx,AEVO/USDT:USDT,0.11129,354.0,0.11127,2.0,0.11132,2593.0,0.11133,980.0
1753617224805,11:53:44.805,okx,AEVO/USDT:USDT,0.11129,366.0,0.11127,2.0,0.11132,2593.0,0.11133,980.0
1753617225205,11:53:45.205,okx,AEVO/USDT:USDT,0.11129,366.0,0.11127,2.0,0.11132,2593.0,0.11133,2741.0
1753617226005,11:53:46.005,okx,AEVO/USDT:USDT,0.11129,366.0,0.11126,2.0,0.11132,2593.0,0.11133,2741.0
1753617226605,11:53:46.605,okx,AEVO/USDT:USDT,0.11129,366.0,0.11126,2.0,0.11132,2593.0,0.11133,2741.0
1753617226905,11:53:46.905,okx,AEVO/USDT:USDT,0.11129,366.0,0.11126,2.0,0.11132,2593.0,0.11133,2741.0
1753617227005,11:53:47.005,okx,AEVO/USDT:USDT,0.11129,366.0,0.11126,2.0,0.11132,2593.0,0.11133,2741.0
1753617227905,11:53:47.905,okx,AEVO/USDT:USDT,0.11129,366.0,0.11127,2.0,0.11132,534.0,0.11133,2755.0
1753617228105,11:53:48.105,okx,AEVO/USDT:USDT,0.11129,366.0,0.11127,2.0,0.11132,534.0,0.11133,2755.0
1753617229005,11:53:49.005,okx,AEVO/USDT:USDT,0.11129,366.0,0.11127,524.0,0.11132,2017.0,0.11133,867.0
1753617229505,11:53:49.505,okx,AEVO/USDT:USDT,0.11129,366.0,0.11128,776.0,0.11132,12.0,0.11133,2350.0
1753617229805,11:53:49.805,okx,AEVO/USDT:USDT,0.11129,366.0,0.11128,776.0,0.11132,12.0,0.11133,1487.0
1753617230305,11:53:50.305,okx,AEVO/USDT:USDT,0.11129,366.0,0.11128,776.0,0.11132,10.0,0.11133,1487.0
1753617230505,11:53:50.505,okx,AEVO/USDT:USDT,0.11129,366.0,0.11128,776.0,0.11132,10.0,0.11133,1487.0
1753617230805,11:53:50.805,okx,AEVO/USDT:USDT,0.11129,12.0,0.11128,776.0,0.11132,10.0,0.11133,1487.0
1753617231905,11:53:51.905,okx,AEVO/USDT:USDT,0.11125,714.0,0.11124,3.0,0.11128,713.0,0.11129,1089.0
1753617232005,11:53:52.005,okx,AEVO/USDT:USDT,0.11125,714.0,0.11124,3.0,0.11128,713.0,0.11129,1089.0
1753617232105,11:53:52.105,okx,AEVO/USDT:USDT,0.11125,714.0,0.11124,3.0,0.11128,713.0,0.11129,1089.0
1753617232205,11:53:52.205,okx,AEVO/USDT:USDT,0.11125,714.0,0.11124,3.0,0.11128,713.0,0.11129,2064.0
1753617233105,11:53:53.105,okx,AEVO/USDT:USDT,0.11124,1.0,0.11123,3468.0,0.11128,602.0,0.11129,823.0
1753617233805,11:53:53.805,okx,AEVO/USDT:USDT,0.11124,1.0,0.11123,3468.0,0.11128,519.0,0.11129,823.0
1753617234305,11:53:54.305,okx,AEVO/USDT:USDT,0.11124,1.0,0.11123,3468.0,0.11128,519.0,0.11129,1992.0
1753617234405,11:53:54.405,okx,AEVO/USDT:USDT,0.11124,1.0,0.11123,3468.0,0.11128,519.0,0.11129,1992.0
1753617234605,11:53:54.605,okx,AEVO/USDT:USDT,0.11124,1.0,0.11123,3468.0,0.11128,519.0,0.11129,1992.0
1753617234705,11:53:54.705,okx,AEVO/USDT:USDT,0.11124,1.0,0.11123,3468.0,0.11127,713.0,0.11128,519.0
1753617235205,11:53:55.205,okx,AEVO/USDT:USDT,0.11124,1.0,0.11123,3468.0,0.11127,1231.0,0.11128,1.0
1753617235405,11:53:55.405,okx,AEVO/USDT:USDT,0.11124,1.0,0.11123,3468.0,0.11127,1231.0,0.11128,1.0
1753617236805,11:53:56.805,okx,AEVO/USDT:USDT,0.11124,1.0,0.11123,3468.0,0.11127,518.0,0.11128,1.0
1753617237405,11:53:57.405,okx,AEVO/USDT:USDT,0.11124,70.0,0.11123,3468.0,0.11127,518.0,0.11128,1.0
1753617237705,11:53:57.705,okx,AEVO/USDT:USDT,0.11124,70.0,0.11123,3468.0,0.11127,1658.0,0.11128,1951.0
1753617237905,11:53:57.905,okx,AEVO/USDT:USDT,0.11124,1295.0,0.11123,2994.0,0.11127,1658.0,0.11128,1952.0
1753617238105,11:53:58.105,okx,AEVO/USDT:USDT,0.11124,1295.0,0.11123,2994.0,0.11127,1658.0,0.11128,1952.0
1753617238305,11:53:58.305,okx,AEVO/USDT:USDT,0.11124,1295.0,0.11123,2994.0,0.11127,1658.0,0.11128,1952.0
1753617239105,11:53:59.105,okx,AEVO/USDT:USDT,0.11124,1295.0,0.11123,2994.0,0.11127,1658.0,0.11128,1952.0
1753617239605,11:53:59.605,okx,AEVO/USDT:USDT,0.11124,1295.0,0.11123,2994.0,0.11127,1658.0,0.11128,1952.0
1753617239705,11:53:59.705,okx,AEVO/USDT:USDT,0.11124,1295.0,0.11123,2994.0,0.11126,4.0,0.11127,1658.0
1753617240605,11:54:00.605,okx,AEVO/USDT:USDT,0.11124,1295.0,0.11123,2994.0,0.11125,190.0,0.11126,522.0
1753617240905,11:54:00.905,okx,AEVO/USDT:USDT,0.11124,1295.0,0.11123,2994.0,0.11125,190.0,0.11126,518.0
1753617241305,11:54:01.305,okx,AEVO/USDT:USDT,0.11124,1295.0,0.11123,2994.0,0.11125,190.0,0.11126,518.0
1753617241505,11:54:01.505,okx,AEVO/USDT:USDT,0.11124,1295.0,0.11123,2994.0,0.11125,190.0,0.11126,518.0
1753617241705,11:54:01.705,okx,AEVO/USDT:USDT,0.1112,3.0,0.11119,889.0,0.11122,3288.0,0.11123,2397.0
1753617242105,11:54:02.105,okx,AEVO/USDT:USDT,0.1112,3.0,0.11119,889.0,0.11122,3288.0,0.11123,2397.0
1753617242205,11:54:02.205,okx,AEVO/USDT:USDT,0.1112,3.0,0.11119,2.0,0.11122,3288.0,0.11123,2397.0
1753617242305,11:54:02.305,okx,AEVO/USDT:USDT,0.1112,3.0,0.11119,2.0,0.11122,3288.0,0.11123,2397.0
1753617242505,11:54:02.505,okx,AEVO/USDT:USDT,0.11118,475.0,0.11117,2.0,0.1112,1671.0,0.11121,1722.0
1753617242605,11:54:02.605,okx,AEVO/USDT:USDT,0.11118,475.0,0.11117,2.0,0.1112,1671.0,0.11121,812.0
1753617243005,11:54:03.005,okx,AEVO/USDT:USDT,0.11118,475.0,0.11117,2.0,0.1112,1671.0,0.11121,812.0
1753617243505,11:54:03.505,okx,AEVO/USDT:USDT,0.11118,475.0,0.11117,2.0,0.1112,1671.0,0.11121,812.0
1753617243705,11:54:03.705,okx,AEVO/USDT:USDT,0.11118,475.0,0.11117,2.0,0.1112,1671.0,0.11121,812.0
1753617243905,11:54:03.905,okx,AEVO/USDT:USDT,0.11118,475.0,0.11117,2.0,0.1112,1671.0,0.11121,812.0
1753617244105,11:54:04.105,okx,AEVO/USDT:USDT,0.11118,475.0,0.11117,2.0,0.1112,1671.0,0.11121,812.0
1753617244305,11:54:04.305,okx,AEVO/USDT:USDT,0.11118,475.0,0.11117,2.0,0.1112,1671.0,0.11121,812.0
1753617244505,11:54:04.505,okx,AEVO/USDT:USDT,0.11118,475.0,0.11117,2.0,0.1112,1671.0,0.11121,812.0
1753617245805,11:54:05.805,okx,AEVO/USDT:USDT,0.11116,1.0,0.11115,4.0,0.11118,2814.0,0.11119,765.0
1753617247405,11:54:07.405,okx,AEVO/USDT:USDT,0.11115,481.0,0.11114,3.0,0.11116,1070.0,0.11118,2024.0
1753617248205,11:54:08.205,okx,AEVO/USDT:USDT,0.11112,1.0,0.11111,2.0,0.11114,1486.0,0.11115,2.0
1753617248705,11:54:08.705,okx,AEVO/USDT:USDT,0.11112,1.0,0.11111,2.0,0.11114,1496.0,0.11115,2.0
1753617248905,11:54:08.905,okx,AEVO/USDT:USDT,0.11112,1.0,0.11111,2.0,0.11114,1496.0,0.11115,2.0
1753617249605,11:54:09.605,okx,AEVO/USDT:USDT,0.11112,1.0,0.11111,476.0,0.11114,1496.0,0.11115,2.0
1753617249905,11:54:09.905,okx,AEVO/USDT:USDT,0.11112,4.0,0.11111,476.0,0.11114,1496.0,0.11115,2.0
1753617250105,11:54:10.105,okx,AEVO/USDT:USDT,0.11112,4.0,0.11111,476.0,0.11114,1496.0,0.11115,2.0
1753617251405,11:54:11.405,okx,AEVO/USDT:USDT,0.11112,4.0,0.11111,476.0,0.11114,1496.0,0.11115,2.0
1753617251505,11:54:11.505,okx,AEVO/USDT:USDT,0.11112,4.0,0.11111,476.0,0.11114,1496.0,0.11115,2.0
1753617251805,11:54:11.805,okx,AEVO/USDT:USDT,0.11112,4.0,0.11111,476.0,0.11114,1496.0,0.11115,2.0
1753617252505,11:54:12.505,okx,AEVO/USDT:USDT,0.11112,4.0,0.11111,476.0,0.11114,10462.0,0.11115,2.0
1753617253005,11:54:13.005,okx,AEVO/USDT:USDT,0.11112,1.0,0.11111,476.0,0.11114,10462.0,0.11115,2.0
1753617253105,11:54:13.105,okx,AEVO/USDT:USDT,0.11112,1.0,0.11111,476.0,0.11114,10462.0,0.11115,2.0
1753617253205,11:54:13.205,okx,AEVO/USDT:USDT,0.11112,1.0,0.11111,476.0,0.11114,10462.0,0.11115,2.0
1753617253705,11:54:13.705,okx,AEVO/USDT:USDT,0.11112,1.0,0.11111,476.0,0.11114,10462.0,0.11115,2.0
1753617253805,11:54:13.805,okx,AEVO/USDT:USDT,0.11112,1.0,0.11111,476.0,0.11114,10462.0,0.11115,2.0
1753617254305,11:54:14.305,okx,AEVO/USDT:USDT,0.11112,1.0,0.11111,476.0,0.11114,10462.0,0.11115,2.0
1753617254705,11:54:14.705,okx,AEVO/USDT:USDT,0.11112,1.0,0.11111,476.0,0.11114,10462.0,0.11115,2.0
1753617254905,11:54:14.905,okx,AEVO/USDT:USDT,0.11112,1.0,0.11111,476.0,0.11114,10462.0,0.11115,2.0
1753617255305,11:54:15.305,okx,AEVO/USDT:USDT,0.11112,1.0,0.11111,476.0,0.11114,10462.0,0.11115,2.0
1753617255405,11:54:15.405,okx,AEVO/USDT:USDT,0.11112,1.0,0.11111,476.0,0.11114,10462.0,0.11115,2.0
1753617256205,11:54:16.205,okx,AEVO/USDT:USDT,0.11112,1.0,0.11111,476.0,0.11114,10462.0,0.11115,1.0
1753617256305,11:54:16.305,okx,AEVO/USDT:USDT,0.11112,1.0,0.11111,476.0,0.11114,10462.0,0.11115,1.0
1753617256605,11:54:16.605,okx,AEVO/USDT:USDT,0.11112,1.0,0.11111,476.0,0.11114,10462.0,0.11115,1.0
1753617256705,11:54:16.705,okx,AEVO/USDT:USDT,0.11112,1.0,0.11111,476.0,0.11114,10462.0,0.11115,1.0
1753617256805,11:54:16.805,okx,AEVO/USDT:USDT,0.11112,1.0,0.11111,476.0,0.11114,10462.0,0.11115,1.0
1753617257205,11:54:17.205,okx,AEVO/USDT:USDT,0.11111,474.0,0.1111,5.0,0.11112,1969.0,0.11114,10462.0
1753617257305,11:54:17.305,okx,AEVO/USDT:USDT,0.11111,474.0,0.1111,5.0,0.11112,1969.0,0.11114,10462.0
1753617257405,11:54:17.405,okx,AEVO/USDT:USDT,0.11111,474.0,0.1111,5.0,0.11112,1969.0,0.11114,10462.0
1753617257505,11:54:17.505,okx,AEVO/USDT:USDT,0.11111,474.0,0.1111,5.0,0.11112,1969.0,0.11114,10462.0
1753617258005,11:54:18.005,okx,AEVO/USDT:USDT,0.11111,474.0,0.1111,5.0,0.11112,1969.0,0.11114,10462.0
1753617259505,11:54:19.505,okx,AEVO/USDT:USDT,0.11111,474.0,0.1111,5.0,0.11112,1969.0,0.11114,10462.0
1753617259705,11:54:19.705,okx,AEVO/USDT:USDT,0.11111,474.0,0.1111,5.0,0.11112,1969.0,0.11114,10462.0
1753617260005,11:54:20.005,okx,AEVO/USDT:USDT,0.11111,474.0,0.1111,5.0,0.11112,1969.0,0.11114,10462.0
1753617260305,11:54:20.305,okx,AEVO/USDT:USDT,0.11111,474.0,0.1111,5.0,0.11112,1969.0,0.11114,10462.0
1753617261505,11:54:21.505,okx,AEVO/USDT:USDT,0.11111,474.0,0.1111,5.0,0.11112,1969.0,0.11114,10462.0
1753617262005,11:54:22.005,okx,AEVO/USDT:USDT,0.11111,474.0,0.1111,5.0,0.11112,1969.0,0.11114,10462.0
1753617262105,11:54:22.105,okx,AEVO/USDT:USDT,0.11111,474.0,0.1111,5.0,0.11112,1969.0,0.11114,10462.0
1753617262805,11:54:22.805,okx,AEVO/USDT:USDT,0.11111,474.0,0.1111,5.0,0.11114,8976.0,0.11115,1.0
1753617263305,11:54:23.305,okx,AEVO/USDT:USDT,0.11111,474.0,0.1111,5.0,0.11114,8976.0,0.11115,1.0
1753617263505,11:54:23.505,okx,AEVO/USDT:USDT,0.11111,474.0,0.1111,233.0,0.11114,8976.0,0.11115,1.0
1753617263805,11:54:23.805,okx,AEVO/USDT:USDT,0.11111,474.0,0.1111,5.0,0.11114,8976.0,0.11115,1.0
1753617265905,11:54:25.905,okx,AEVO/USDT:USDT,0.11111,474.0,0.1111,5.0,0.11114,9091.0,0.11115,1611.0
1753617266005,11:54:26.005,okx,AEVO/USDT:USDT,0.11111,474.0,0.1111,5.0,0.11114,9091.0,0.11115,701.0
1753617266405,11:54:26.405,okx,AEVO/USDT:USDT,0.11111,474.0,0.1111,5.0,0.11114,9091.0,0.11115,1.0
1753617267605,11:54:27.605,okx,AEVO/USDT:USDT,0.11111,474.0,0.1111,695.0,0.11114,9091.0,0.11115,1.0
1753617268105,11:54:28.105,okx,AEVO/USDT:USDT,0.11111,474.0,0.1111,5.0,0.11114,9091.0,0.11115,1.0
1753617268205,11:54:28.205,okx,AEVO/USDT:USDT,0.11111,474.0,0.1111,5.0,0.11114,9091.0,0.11115,1.0
1753617270205,11:54:30.205,okx,AEVO/USDT:USDT,0.1111,3.0,0.11109,4.0,0.11111,2815.0,0.11112,701.0
1753617270305,11:54:30.305,okx,AEVO/USDT:USDT,0.1111,1.0,0.11109,4.0,0.11111,2815.0,0.11112,701.0
1753617270505,11:54:30.505,okx,AEVO/USDT:USDT,0.1111,1.0,0.11109,4.0,0.11111,2815.0,0.11112,1665.0
1753617270805,11:54:30.805,okx,AEVO/USDT:USDT,0.1111,1.0,0.11109,4.0,0.11111,2815.0,0.11112,1665.0
1753617270905,11:54:30.905,okx,AEVO/USDT:USDT,0.1111,1.0,0.11109,4.0,0.11111,2815.0,0.11112,1665.0
1753617272305,11:54:32.305,okx,AEVO/USDT:USDT,0.1111,1.0,0.11109,4.0,0.11111,2815.0,0.11112,1665.0
1753617272905,11:54:32.905,okx,AEVO/USDT:USDT,0.1111,1.0,0.11109,4.0,0.11111,2815.0,0.11112,1665.0
1753617273105,11:54:33.105,okx,AEVO/USDT:USDT,0.1111,1.0,0.11109,4.0,0.11111,2815.0,0.11112,1665.0
1753617273305,11:54:33.305,okx,AEVO/USDT:USDT,0.1111,1.0,0.11109,4.0,0.11111,2815.0,0.11112,1665.0
1753617273405,11:54:33.405,okx,AEVO/USDT:USDT,0.1111,1.0,0.11109,4.0,0.11111,2815.0,0.11112,1665.0
1753617273505,11:54:33.505,okx,AEVO/USDT:USDT,0.1111,1.0,0.11109,2.0,0.11111,2815.0,0.11112,2617.0
1753617276405,11:54:36.405,okx,AEVO/USDT:USDT,0.11108,1.0,0.11106,3.0,0.11109,4560.0,0.1111,1691.0
1753617277105,11:54:37.105,okx,AEVO/USDT:USDT,0.11108,1.0,0.11106,3.0,0.11109,4560.0,0.1111,1691.0
1753617277305,11:54:37.305,okx,AEVO/USDT:USDT,0.11108,1.0,0.11106,3.0,0.11109,4560.0,0.1111,1691.0
1753617277605,11:54:37.605,okx,AEVO/USDT:USDT,0.11108,1.0,0.11106,3.0,0.11109,4560.0,0.1111,2643.0
1753617278305,11:54:38.305,okx,AEVO/USDT:USDT,0.11108,1.0,0.11106,3.0,0.11109,4560.0,0.1111,2643.0
1753617278405,11:54:38.405,okx,AEVO/USDT:USDT,0.11108,1.0,0.11106,3.0,0.11109,4560.0,0.1111,2643.0
1753617278505,11:54:38.505,okx,AEVO/USDT:USDT,0.11108,1.0,0.11106,3.0,0.11109,4560.0,0.1111,2643.0
1753617280205,11:54:40.205,okx,AEVO/USDT:USDT,0.11108,1.0,0.11107,2.0,0.11109,5743.0,0.1111,2538.0
1753617280305,11:54:40.305,okx,AEVO/USDT:USDT,0.11108,1.0,0.11107,2.0,0.11109,5743.0,0.1111,2538.0
1753617280605,11:54:40.605,okx,AEVO/USDT:USDT,0.11108,1.0,0.11107,2.0,0.11109,5743.0,0.1111,2538.0
1753617281405,11:54:41.405,okx,AEVO/USDT:USDT,0.11108,1.0,0.11107,2.0,0.11109,5743.0,0.1111,1586.0
1753617281505,11:54:41.505,okx,AEVO/USDT:USDT,0.11108,1.0,0.11107,2.0,0.11109,5743.0,0.1111,1586.0
1753617283105,11:54:43.105,okx,AEVO/USDT:USDT,0.11108,1.0,0.11106,3.0,0.11109,5743.0,0.1111,2538.0
1753617283505,11:54:43.505,okx,AEVO/USDT:USDT,0.11108,1.0,0.11106,3.0,0.11109,5743.0,0.1111,2538.0
1753617283605,11:54:43.605,okx,AEVO/USDT:USDT,0.11108,1.0,0.11106,3.0,0.11109,5743.0,0.1111,2538.0
1753617285005,11:54:45.005,okx,AEVO/USDT:USDT,0.11108,1.0,0.11106,3.0,0.11109,5743.0,0.1111,2538.0
1753617286005,11:54:46.005,okx,AEVO/USDT:USDT,0.11108,1.0,0.11106,3.0,0.11109,6496.0,0.1111,2538.0
1753617288005,11:54:48.005,okx,AEVO/USDT:USDT,0.11108,1.0,0.11106,1.0,0.11109,6606.0,0.1111,2538.0
1753617288105,11:54:48.105,okx,AEVO/USDT:USDT,0.11108,1.0,0.11106,1.0,0.11109,6606.0,0.1111,2538.0
1753617288405,11:54:48.405,okx,AEVO/USDT:USDT,0.11108,1.0,0.11106,1.0,0.11109,19501.0,0.1111,2538.0
1753617288805,11:54:48.805,okx,AEVO/USDT:USDT,0.11108,1.0,0.11106,1.0,0.11109,19501.0,0.1111,2538.0
1753617289505,11:54:49.505,okx,AEVO/USDT:USDT,0.11108,1.0,0.11106,1.0,0.11109,19501.0,0.1111,1586.0
1753617290005,11:54:50.005,okx,AEVO/USDT:USDT,0.11108,1.0,0.11106,1.0,0.11109,19501.0,0.1111,922.0
1753617290605,11:54:50.605,okx,AEVO/USDT:USDT,0.11108,1.0,0.11106,3.0,0.11109,17534.0,0.1111,921.0
1753617292505,11:54:52.505,okx,AEVO/USDT:USDT,0.11108,1.0,0.11106,4.0,0.11109,17534.0,0.1111,1585.0
1753617292805,11:54:52.805,okx,AEVO/USDT:USDT,0.11108,1.0,0.11106,4.0,0.11109,17534.0,0.1111,1585.0
1753617293405,11:54:53.405,okx,AEVO/USDT:USDT,0.1112,362.0,0.11119,1797.0,0.11127,5041.0,0.11128,7885.0
1753617294105,11:54:54.105,okx,AEVO/USDT:USDT,0.11115,2.0,0.11114,3.0,0.11119,540.0,0.1112,517.0
1753617294505,11:54:54.505,okx,AEVO/USDT:USDT,0.11115,2.0,0.11114,3.0,0.11119,540.0,0.1112,515.0
1753617295005,11:54:55.005,okx,AEVO/USDT:USDT,0.11115,2.0,0.11114,3.0,0.11119,540.0,0.1112,515.0
1753617295205,11:54:55.205,okx,AEVO/USDT:USDT,0.11115,2.0,0.11114,3.0,0.11119,540.0,0.1112,515.0
1753617295305,11:54:55.305,okx,AEVO/USDT:USDT,0.11115,2.0,0.11114,3.0,0.11119,540.0,0.1112,515.0
1753617295705,11:54:55.705,okx,AEVO/USDT:USDT,0.11115,2.0,0.11114,3.0,0.11119,540.0,0.1112,514.0
1753617296505,11:54:56.505,okx,AEVO/USDT:USDT,0.11115,2.0,0.11114,3.0,0.11119,540.0,0.1112,514.0
1753617296705,11:54:56.705,okx,AEVO/USDT:USDT,0.11115,2.0,0.11114,3.0,0.11119,540.0,0.1112,514.0
1753617296905,11:54:56.905,okx,AEVO/USDT:USDT,0.11115,2.0,0.11114,3.0,0.11119,540.0,0.1112,514.0
1753617297605,11:54:57.605,okx,AEVO/USDT:USDT,0.11116,1430.0,0.11115,4.0,0.1112,513.0,0.11122,1569.0
1753617297805,11:54:57.805,okx,AEVO/USDT:USDT,0.1112,90.0,0.11118,441.0,0.11121,1268.0,0.11122,1642.0
1753617298105,11:54:58.105,okx,AEVO/USDT:USDT,0.11119,441.0,0.11118,2.0,0.11121,1268.0,0.11123,2738.0
1753617298805,11:54:58.805,okx,AEVO/USDT:USDT,0.11119,441.0,0.11118,2.0,0.11121,1268.0,0.11123,2789.0
1753617300005,11:55:00.005,okx,AEVO/USDT:USDT,0.1112,2136.0,0.11119,2.0,0.11121,1268.0,0.11123,1087.0
1753617300105,11:55:00.105,okx,AEVO/USDT:USDT,0.11117,1586.0,0.11116,3.0,0.11121,1268.0,0.11123,1087.0
1753617300305,11:55:00.305,okx,AEVO/USDT:USDT,0.11117,1586.0,0.11116,3.0,0.11119,1728.0,0.1112,1.0
1753617300505,11:55:00.505,okx,AEVO/USDT:USDT,0.11117,1586.0,0.11116,3.0,0.11119,1728.0,0.1112,1.0
1753617302105,11:55:02.105,okx,AEVO/USDT:USDT,0.11116,1587.0,0.11115,804.0,0.11119,1728.0,0.1112,1.0
1753617302605,11:55:02.605,okx,AEVO/USDT:USDT,0.11116,1587.0,0.11115,804.0,0.11118,1229.0,0.11119,1728.0
1753617303005,11:55:03.005,okx,AEVO/USDT:USDT,0.11116,1587.0,0.11115,804.0,0.11118,1229.0,0.11119,1728.0
1753617303105,11:55:03.105,okx,AEVO/USDT:USDT,0.11116,1587.0,0.11115,804.0,0.11118,1229.0,0.11119,1728.0
1753617303405,11:55:03.405,okx,AEVO/USDT:USDT,0.11115,5.0,0.11114,3.0,0.11116,1970.0,0.11117,604.0
1753617303805,11:55:03.805,okx,AEVO/USDT:USDT,0.1111,3.0,0.11109,371.0,0.11111,458.0,0.11112,544.0
1753617304005,11:55:04.005,okx,AEVO/USDT:USDT,0.1111,3.0,0.11109,371.0,0.11111,458.0,0.11112,1.0
1753617304105,11:55:04.105,okx,AEVO/USDT:USDT,0.1111,3.0,0.11109,371.0,0.11111,458.0,0.11112,2.0
1753617304205,11:55:04.205,okx,AEVO/USDT:USDT,0.1111,3.0,0.11109,371.0,0.11111,458.0,0.11112,2.0
1753617305505,11:55:05.505,okx,AEVO/USDT:USDT,0.11109,1512.0,0.11108,244.0,0.11111,458.0,0.11112,1.0
1753617305805,11:55:05.805,okx,AEVO/USDT:USDT,0.11109,1512.0,0.11108,244.0,0.11111,458.0,0.11112,1.0
1753617306005,11:55:06.005,okx,AEVO/USDT:USDT,0.11109,1512.0,0.11108,244.0,0.11111,458.0,0.11112,1.0
1753617306205,11:55:06.205,okx,AEVO/USDT:USDT,0.11109,1512.0,0.11108,244.0,0.11111,458.0,0.11112,1.0
1753617306705,11:55:06.705,okx,AEVO/USDT:USDT,0.11109,1512.0,0.11108,244.0,0.11113,2741.0,0.11114,3187.0
1753617306805,11:55:06.805,okx,AEVO/USDT:USDT,0.11109,1512.0,0.11108,244.0,0.11113,2741.0,0.11114,3187.0
1753617306905,11:55:06.905,okx,AEVO/USDT:USDT,0.11109,1513.0,0.11108,244.0,0.11114,929.0,0.11115,3948.0
1753617307105,11:55:07.105,okx,AEVO/USDT:USDT,0.11109,1512.0,0.11108,1004.0,0.11114,1734.0,0.11115,2817.0
1753617307405,11:55:07.405,okx,AEVO/USDT:USDT,0.11109,1512.0,0.11108,1004.0,0.11114,1734.0,0.11115,2817.0
1753617307705,11:55:07.705,okx,AEVO/USDT:USDT,0.11109,1512.0,0.11108,1004.0,0.11114,1734.0,0.11115,2817.0
1753617308005,11:55:08.005,okx,AEVO/USDT:USDT,0.11109,1512.0,0.11108,1005.0,0.11114,1590.0,0.11115,2816.0
1753617308205,11:55:08.205,okx,AEVO/USDT:USDT,0.11109,1512.0,0.11108,1005.0,0.11114,1590.0,0.11115,2816.0
1753617308705,11:55:08.705,okx,AEVO/USDT:USDT,0.11109,1512.0,0.11108,1005.0,0.11114,1590.0,0.11115,2816.0
1753617309305,11:55:09.305,okx,AEVO/USDT:USDT,0.11109,1512.0,0.11108,1005.0,0.11114,1590.0,0.11115,2816.0
1753617309705,11:55:09.705,okx,AEVO/USDT:USDT,0.11109,1512.0,0.11108,1005.0,0.11114,2133.0,0.11115,3743.0
1753617310305,11:55:10.305,okx,AEVO/USDT:USDT,0.11109,1513.0,0.11108,1005.0,0.11114,2133.0,0.11115,7324.0
1753617310805,11:55:10.805,okx,AEVO/USDT:USDT,0.11114,1430.0,0.11113,1801.0,0.11116,1.0,0.11118,1230.0
1753617312405,11:55:12.405,okx,AEVO/USDT:USDT,0.11113,3463.0,0.11112,3.0,0.11114,1805.0,0.11116,3.0
1753617312505,11:55:12.505,okx,AEVO/USDT:USDT,0.11113,3463.0,0.11112,3.0,0.11114,1805.0,0.11116,3.0
1753617313305,11:55:13.305,okx,AEVO/USDT:USDT,0.11108,522.0,0.11107,2.0,0.11111,798.0,0.11112,1145.0
1753617313405,11:55:13.405,okx,AEVO/USDT:USDT,0.11108,522.0,0.11107,2.0,0.11111,798.0,0.11112,1145.0
1753617313705,11:55:13.705,okx,AEVO/USDT:USDT,0.11108,522.0,0.11107,2.0,0.11111,798.0,0.11112,1145.0
1753617313905,11:55:13.905,okx,AEVO/USDT:USDT,0.11108,522.0,0.11107,1667.0,0.11111,798.0,0.11112,1145.0
1753617314205,11:55:14.205,okx,AEVO/USDT:USDT,0.11108,1.0,0.11107,1667.0,0.1111,1511.0,0.11111,1.0
1753617314405,11:55:14.405,okx,AEVO/USDT:USDT,0.11108,1.0,0.11107,1667.0,0.1111,1649.0,0.11111,1.0
1753617315405,11:55:15.405,okx,AEVO/USDT:USDT,0.11108,1.0,0.11107,2.0,0.1111,1649.0,0.11111,1.0
1753617316305,11:55:16.305,okx,AEVO/USDT:USDT,0.11108,1.0,0.11107,2.0,0.1111,2277.0,0.11111,1.0
1753617317805,11:55:17.805,okx,AEVO/USDT:USDT,0.11108,1.0,0.11107,2.0,0.1111,2277.0,0.11111,1.0
1753617318105,11:55:18.105,okx,AEVO/USDT:USDT,0.11108,1.0,0.11107,2.0,0.1111,2277.0,0.11111,1.0
1753617318905,11:55:18.905,okx,AEVO/USDT:USDT,0.11108,1.0,0.11107,2.0,0.11109,1482.0,0.1111,1694.0
1753617319105,11:55:19.105,okx,AEVO/USDT:USDT,0.11108,1.0,0.11107,2.0,0.11109,1482.0,0.1111,1694.0
1753617319305,11:55:19.305,okx,AEVO/USDT:USDT,0.11108,1.0,0.11107,2.0,0.11109,1482.0,0.1111,1694.0
1753617319505,11:55:19.505,okx,AEVO/USDT:USDT,0.11108,1.0,0.11107,2.0,0.11109,1482.0,0.1111,1694.0
1753617321505,11:55:21.505,okx,AEVO/USDT:USDT,0.111,3.0,0.11099,2.0,0.11101,1510.0,0.11102,1.0
1753617322305,11:55:22.305,okx,AEVO/USDT:USDT,0.111,3.0,0.11099,2.0,0.11101,1510.0,0.11102,1.0
1753617322405,11:55:22.405,okx,AEVO/USDT:USDT,0.111,3.0,0.11099,2.0,0.11101,1510.0,0.11102,1.0
1753617322705,11:55:22.705,okx,AEVO/USDT:USDT,0.111,3.0,0.11099,2.0,0.11103,2080.0,0.11104,556.0
1753617323005,11:55:23.005,okx,AEVO/USDT:USDT,0.111,3.0,0.11099,2.0,0.11103,2080.0,0.11104,556.0
1753617323205,11:55:23.205,okx,AEVO/USDT:USDT,0.111,3.0,0.11099,2.0,0.11103,2080.0,0.11104,556.0
1753617323905,11:55:23.905,okx,AEVO/USDT:USDT,0.111,3.0,0.11099,2.0,0.11103,776.0,0.11104,554.0
1753617324105,11:55:24.105,okx,AEVO/USDT:USDT,0.111,3.0,0.11099,2.0,0.11102,1.0,0.11103,776.0
1753617324505,11:55:24.505,okx,AEVO/USDT:USDT,0.11103,1319.0,0.11102,3.0,0.11107,767.0,0.11108,6.0
1753617324705,11:55:24.705,okx,AEVO/USDT:USDT,0.11103,1319.0,0.11102,2422.0,0.11107,767.0,0.11108,2.0
1753617324905,11:55:24.905,okx,AEVO/USDT:USDT,0.11103,1319.0,0.11102,2422.0,0.11107,767.0,0.11108,2.0
1753617325005,11:55:25.005,okx,AEVO/USDT:USDT,0.11103,2574.0,0.11102,2422.0,0.11107,767.0,0.11108,2.0
1753617325105,11:55:25.105,okx,AEVO/USDT:USDT,0.11103,2574.0,0.11102,2422.0,0.11107,767.0,0.11108,2.0
1753617325505,11:55:25.505,okx,AEVO/USDT:USDT,0.11103,1314.0,0.11102,1538.0,0.11107,1304.0,0.11108,2.0
1753617325605,11:55:25.605,okx,AEVO/USDT:USDT,0.11103,1313.0,0.11102,1538.0,0.11107,1304.0,0.11108,2.0
1753617325805,11:55:25.805,okx,AEVO/USDT:USDT,0.11102,3696.0,0.11101,1804.0,0.11106,1425.0,0.11107,1848.0
1753617326005,11:55:26.005,okx,AEVO/USDT:USDT,0.11102,2157.0,0.11101,1804.0,0.11106,1968.0,0.11107,2775.0
1753617326205,11:55:26.205,okx,AEVO/USDT:USDT,0.11102,2155.0,0.11101,1804.0,0.11106,1968.0,0.11107,2775.0
1753617326605,11:55:26.605,okx,AEVO/USDT:USDT,0.11102,2151.0,0.11101,3.0,0.11106,1968.0,0.11107,2775.0
1753617326805,11:55:26.805,okx,AEVO/USDT:USDT,0.111,2.0,0.11099,2.0,0.11102,1511.0,0.11103,2.0
1753617327405,11:55:27.405,okx,AEVO/USDT:USDT,0.11098,2443.0,0.11097,530.0,0.11103,1747.0,0.11104,929.0
1753617327505,11:55:27.505,okx,AEVO/USDT:USDT,0.11098,2202.0,0.11097,530.0,0.11103,1747.0,0.11104,929.0
1753617327605,11:55:27.605,okx,AEVO/USDT:USDT,0.11098,2201.0,0.11097,3611.0,0.11103,1747.0,0.11104,929.0
1753617327905,11:55:27.905,okx,AEVO/USDT:USDT,0.11099,3.0,0.11098,2232.0,0.11104,784.0,0.11105,2719.0
1753617328105,11:55:28.105,okx,AEVO/USDT:USDT,0.11098,2183.0,0.11097,3526.0,0.11104,1737.0,0.11105,5088.0
1753617328505,11:55:28.505,okx,AEVO/USDT:USDT,0.11098,2178.0,0.11097,3146.0,0.11104,1737.0,0.11105,5088.0
1753617328805,11:55:28.805,okx,AEVO/USDT:USDT,0.11098,2175.0,0.11097,481.0,0.11104,1737.0,0.11105,5088.0
1753617328905,11:55:28.905,okx,AEVO/USDT:USDT,0.11098,2174.0,0.11097,2987.0,0.11104,1737.0,0.11105,5088.0
1753617329105,11:55:29.105,okx,AEVO/USDT:USDT,0.111,98.0,0.11099,854.0,0.11105,3344.0,0.11106,6610.0
1753617329305,11:55:29.305,okx,AEVO/USDT:USDT,0.11099,852.0,0.11098,542.0,0.11104,2.0,0.11105,2523.0
1753617329405,11:55:29.405,okx,AEVO/USDT:USDT,0.11099,851.0,0.11098,542.0,0.11104,2.0,0.11105,2523.0
1753617330705,11:55:30.705,okx,AEVO/USDT:USDT,0.11099,1691.0,0.11098,1288.0,0.11101,2.0,0.11103,1.0
1753617330905,11:55:30.905,okx,AEVO/USDT:USDT,0.11099,1688.0,0.11098,1288.0,0.11101,2.0,0.11103,1.0
1753617331105,11:55:31.105,okx,AEVO/USDT:USDT,0.11099,1686.0,0.11098,1288.0,0.11101,2.0,0.11103,1.0
1753617331705,11:55:31.705,okx,AEVO/USDT:USDT,0.11099,1680.0,0.11098,1288.0,0.11103,1.0,0.11104,1378.0
1753617332305,11:55:32.305,okx,AEVO/USDT:USDT,0.11099,1677.0,0.11098,1288.0,0.11104,1663.0,0.11105,4446.0
1753617332405,11:55:32.405,okx,AEVO/USDT:USDT,0.11099,1676.0,0.11098,1288.0,0.11104,1663.0,0.11105,4446.0
1753617332505,11:55:32.505,okx,AEVO/USDT:USDT,0.11099,1674.0,0.11098,1288.0,0.11104,1663.0,0.11105,4446.0
1753617332605,11:55:32.605,okx,AEVO/USDT:USDT,0.11099,1673.0,0.11098,1288.0,0.11104,1663.0,0.11105,4446.0
1753617333005,11:55:33.005,okx,AEVO/USDT:USDT,0.11099,1670.0,0.11098,1288.0,0.11104,837.0,0.11105,4446.0
1753617333405,11:55:33.405,okx,AEVO/USDT:USDT,0.11099,477.0,0.11098,4.0,0.11103,2923.0,0.11104,1849.0
1753617333605,11:55:33.605,okx,AEVO/USDT:USDT,0.11099,474.0,0.11098,889.0,0.11103,2924.0,0.11104,1849.0
1753617334205,11:55:34.205,okx,AEVO/USDT:USDT,0.11099,467.0,0.11098,4.0,0.11101,1.0,0.11104,4098.0
1753617334405,11:55:34.405,okx,AEVO/USDT:USDT,0.11099,465.0,0.11098,1903.0,0.11101,1.0,0.11104,3885.0
1753617335105,11:55:35.105,okx,AEVO/USDT:USDT,0.11099,461.0,0.11098,1904.0,0.11102,489.0,0.11103,1983.0
1753617335605,11:55:35.605,okx,AEVO/USDT:USDT,0.11098,1898.0,0.11097,1742.0,0.11102,381.0,0.11103,1.0
1753617336405,11:55:36.405,okx,AEVO/USDT:USDT,0.111,880.0,0.11099,256.0,0.11104,1133.0,0.11105,6686.0
1753617336505,11:55:36.505,okx,AEVO/USDT:USDT,0.111,879.0,0.11099,256.0,0.11104,1133.0,0.11105,6686.0
1753617336605,11:55:36.605,okx,AEVO/USDT:USDT,0.111,878.0,0.11099,256.0,0.11103,1.0,0.11104,1134.0
1753617336805,11:55:36.805,okx,AEVO/USDT:USDT,0.111,876.0,0.11099,256.0,0.11103,1.0,0.11104,1134.0
1753617336905,11:55:36.905,okx,AEVO/USDT:USDT,0.111,875.0,0.11099,2.0,0.11103,1.0,0.11104,1134.0
1753617337905,11:55:37.905,okx,AEVO/USDT:USDT,0.11098,1892.0,0.11097,1219.0,0.11102,387.0,0.11103,968.0
1753617338005,11:55:38.005,okx,AEVO/USDT:USDT,0.11098,1891.0,0.11097,1219.0,0.11102,387.0,0.11103,968.0
1753617338105,11:55:38.105,okx,AEVO/USDT:USDT,0.11098,1890.0,0.11097,1219.0,0.11102,387.0,0.11103,968.0
1753617338205,11:55:38.205,okx,AEVO/USDT:USDT,0.11098,1889.0,0.11097,1219.0,0.11102,387.0,0.11103,968.0
1753617338405,11:55:38.405,okx,AEVO/USDT:USDT,0.11098,1888.0,0.11097,1219.0,0.11102,387.0,0.11103,968.0
1753617339305,11:55:39.305,okx,AEVO/USDT:USDT,0.11098,1888.0,0.11097,1219.0,0.11101,1.0,0.11103,769.0
1753617339605,11:55:39.605,okx,AEVO/USDT:USDT,0.111,880.0,0.11099,294.0,0.11103,769.0,0.11104,1732.0
1753617339705,11:55:39.705,okx,AEVO/USDT:USDT,0.111,880.0,0.11099,294.0,0.11103,769.0,0.11104,1732.0
1753617339805,11:55:39.805,okx,AEVO/USDT:USDT,0.111,880.0,0.11099,3.0,0.11103,769.0,0.11104,2567.0
1753617339905,11:55:39.905,okx,AEVO/USDT:USDT,0.111,880.0,0.11099,3.0,0.11103,769.0,0.11104,2567.0
1753617340505,11:55:40.505,okx,AEVO/USDT:USDT,0.111,880.0,0.11099,3.0,0.11103,1299.0,0.11104,896.0
1753617340605,11:55:40.605,okx,AEVO/USDT:USDT,0.111,880.0,0.11099,3.0,0.11103,1299.0,0.11104,896.0
1753617342505,11:55:42.505,okx,AEVO/USDT:USDT,0.11098,1601.0,0.11097,480.0,0.11101,312.0,0.11102,1596.0
1753617342605,11:55:42.605,okx,AEVO/USDT:USDT,0.11098,1601.0,0.11097,480.0,0.11101,312.0,0.11102,1596.0
1753617343605,11:55:43.605,okx,AEVO/USDT:USDT,0.11097,661.0,0.11096,3.0,0.11098,1.0,0.111,1.0
1753617343905,11:55:43.905,okx,AEVO/USDT:USDT,0.11097,661.0,0.11096,3.0,0.11098,1.0,0.111,1.0
1753617344405,11:55:44.405,okx,AEVO/USDT:USDT,0.11097,661.0,0.11096,4.0,0.11098,1.0,0.111,1.0
1753617344605,11:55:44.605,okx,AEVO/USDT:USDT,0.11097,661.0,0.11096,4.0,0.11098,1.0,0.111,1.0
1753617345005,11:55:45.005,okx,AEVO/USDT:USDT,0.11098,1.0,0.11097,3195.0,0.11101,1.0,0.11102,96.0
1753617345105,11:55:45.105,okx,AEVO/USDT:USDT,0.11098,219.0,0.11097,2668.0,0.11101,1.0,0.11102,837.0
1753617345205,11:55:45.205,okx,AEVO/USDT:USDT,0.11098,219.0,0.11097,1954.0,0.11101,1.0,0.11102,837.0
1753617345405,11:55:45.405,okx,AEVO/USDT:USDT,0.11097,1952.0,0.11096,4.0,0.111,1.0,0.11101,1.0
1753617345505,11:55:45.505,okx,AEVO/USDT:USDT,0.11097,1952.0,0.11096,4.0,0.111,1.0,0.11101,1.0
1753617345905,11:55:45.905,okx,AEVO/USDT:USDT,0.11097,181.0,0.11096,2106.0,0.11099,1.0,0.111,2.0
1753617346005,11:55:46.005,okx,AEVO/USDT:USDT,0.11097,181.0,0.11096,2106.0,0.11099,1.0,0.111,2.0
1753617346205,11:55:46.205,okx,AEVO/USDT:USDT,0.11097,1.0,0.11096,2106.0,0.11099,1.0,0.111,2.0
1753617347605,11:55:47.605,okx,AEVO/USDT:USDT,0.11101,1319.0,0.111,528.0,0.11102,2.0,0.11103,776.0
1753617348305,11:55:48.305,okx,AEVO/USDT:USDT,0.11103,3868.0,0.11102,612.0,0.11104,60.0,0.11105,1.0
1753617348805,11:55:48.805,okx,AEVO/USDT:USDT,0.11103,3868.0,0.11102,612.0,0.11104,60.0,0.11105,1.0
1753617348905,11:55:48.905,okx,AEVO/USDT:USDT,0.11103,3868.0,0.11102,612.0,0.11104,60.0,0.11105,1.0
1753617349205,11:55:49.205,okx,AEVO/USDT:USDT,0.11103,3868.0,0.11102,612.0,0.11104,60.0,0.11105,1.0
1753617349305,11:55:49.305,okx,AEVO/USDT:USDT,0.11103,3868.0,0.11102,612.0,0.11104,60.0,0.11105,1.0
1753617349405,11:55:49.405,okx,AEVO/USDT:USDT,0.11103,3868.0,0.11102,612.0,0.11104,60.0,0.11105,1.0
1753617349705,11:55:49.705,okx,AEVO/USDT:USDT,0.11103,3868.0,0.11102,612.0,0.11104,60.0,0.11105,1.0
1753617350105,11:55:50.105,okx,AEVO/USDT:USDT,0.11103,3868.0,0.11102,612.0,0.11104,60.0,0.11105,1.0
1753617350405,11:55:50.405,okx,AEVO/USDT:USDT,0.11103,3868.0,0.11102,612.0,0.11104,60.0,0.11105,1.0
1753617351205,11:55:51.205,okx,AEVO/USDT:USDT,0.11103,3167.0,0.11102,3.0,0.11104,60.0,0.11105,1.0
1753617351305,11:55:51.305,okx,AEVO/USDT:USDT,0.11103,3167.0,0.11102,3.0,0.11104,60.0,0.11105,1.0
1753617351505,11:55:51.505,okx,AEVO/USDT:USDT,0.11103,3167.0,0.11102,3.0,0.11104,60.0,0.11105,1.0
1753617351705,11:55:51.705,okx,AEVO/USDT:USDT,0.11103,3167.0,0.11102,3.0,0.11104,60.0,0.11105,1.0
1753617351805,11:55:51.805,okx,AEVO/USDT:USDT,0.11103,3167.0,0.11102,3.0,0.11104,60.0,0.11105,1.0
1753617352505,11:55:52.505,okx,AEVO/USDT:USDT,0.11103,3167.0,0.11102,3.0,0.11104,60.0,0.11105,1.0
1753617352605,11:55:52.605,okx,AEVO/USDT:USDT,0.11103,3167.0,0.11102,3.0,0.11104,60.0,0.11105,1.0
1753617352805,11:55:52.805,okx,AEVO/USDT:USDT,0.11103,3167.0,0.11102,3.0,0.11104,60.0,0.11105,1.0
1753617353805,11:55:53.805,okx,AEVO/USDT:USDT,0.11103,3167.0,0.11102,3.0,0.11104,60.0,0.11105,1.0
1753617354305,11:55:54.305,okx,AEVO/USDT:USDT,0.11103,3167.0,0.11102,3.0,0.11104,60.0,0.11105,1.0
1753617354505,11:55:54.505,okx,AEVO/USDT:USDT,0.11103,3167.0,0.11102,3.0,0.11104,60.0,0.11105,1.0
1753617355205,11:55:55.205,okx,AEVO/USDT:USDT,0.11103,3167.0,0.11102,3.0,0.11104,60.0,0.11105,1.0
1753617355505,11:55:55.505,okx,AEVO/USDT:USDT,0.11103,3167.0,0.11102,3.0,0.11104,60.0,0.11105,1.0
1753617356305,11:55:56.305,okx,AEVO/USDT:USDT,0.11103,3167.0,0.11102,3.0,0.11104,60.0,0.11105,1.0
1753617357405,11:55:57.405,okx,AEVO/USDT:USDT,0.11101,1785.0,0.111,481.0,0.11103,1655.0,0.11104,895.0
1753617357805,11:55:57.805,okx,AEVO/USDT:USDT,0.11101,1785.0,0.111,481.0,0.11103,1167.0,0.11104,60.0
1753617358405,11:55:58.405,okx,AEVO/USDT:USDT,0.111,2242.0,0.11099,3.0,0.11102,1.0,0.11103,1586.0
1753617360405,11:56:00.405,okx,AEVO/USDT:USDT,0.11102,1319.0,0.11101,1804.0,0.11103,1.0,0.11104,60.0
1753617360505,11:56:00.505,okx,AEVO/USDT:USDT,0.11102,1320.0,0.11101,1804.0,0.11104,59.0,0.11105,1.0
1753617360805,11:56:00.805,okx,AEVO/USDT:USDT,0.11102,1320.0,0.11101,1804.0,0.11104,59.0,0.11105,1.0
1753617361605,11:56:01.605,okx,AEVO/USDT:USDT,0.11107,1431.0,0.11105,1629.0,0.11109,513.0,0.1111,4.0
1753617361905,11:56:01.905,okx,AEVO/USDT:USDT,0.11107,1431.0,0.11106,3.0,0.11109,512.0,0.1111,2.0
1753617362605,11:56:02.605,okx,AEVO/USDT:USDT,0.11107,1431.0,0.11106,3.0,0.11109,512.0,0.1111,2.0
1753617362705,11:56:02.705,okx,AEVO/USDT:USDT,0.11107,1431.0,0.11106,3.0,0.11109,512.0,0.1111,2.0
1753617363005,11:56:03.005,okx,AEVO/USDT:USDT,0.11107,1431.0,0.11106,1918.0,0.11109,512.0,0.1111,2.0
1753617363305,11:56:03.305,okx,AEVO/USDT:USDT,0.11108,1915.0,0.11107,3.0,0.11109,512.0,0.1111,2.0
1753617363705,11:56:03.705,okx,AEVO/USDT:USDT,0.11108,2365.0,0.11107,3.0,0.11109,512.0,0.1111,2.0
1753617364405,11:56:04.405,okx,AEVO/USDT:USDT,0.11108,2.0,0.11107,2020.0,0.11109,512.0,0.1111,2.0
1753617364505,11:56:04.505,okx,AEVO/USDT:USDT,0.11108,2.0,0.11107,2020.0,0.11109,512.0,0.1111,2.0
1753617364905,11:56:04.905,okx,AEVO/USDT:USDT,0.11108,2.0,0.11107,2020.0,0.11109,512.0,0.1111,2.0
1753617365105,11:56:05.105,okx,AEVO/USDT:USDT,0.11108,2.0,0.11107,2020.0,0.11109,512.0,0.1111,2.0
1753617365405,11:56:05.405,okx,AEVO/USDT:USDT,0.11108,2.0,0.11107,2020.0,0.11109,512.0,0.1111,2.0
1753617365605,11:56:05.605,okx,AEVO/USDT:USDT,0.11108,2.0,0.11106,4.0,0.11109,1050.0,0.1111,904.0
1753617366505,11:56:06.505,okx,AEVO/USDT:USDT,0.11108,2.0,0.11106,2.0,0.11109,512.0,0.1111,904.0
1753617366605,11:56:06.605,okx,AEVO/USDT:USDT,0.11108,2.0,0.11106,2.0,0.11109,512.0,0.1111,904.0
1753617366705,11:56:06.705,okx,AEVO/USDT:USDT,0.11108,2.0,0.11106,4.0,0.11109,512.0,0.1111,1842.0
1753617367305,11:56:07.305,okx,AEVO/USDT:USDT,0.11108,2.0,0.11106,4.0,0.11109,512.0,0.1111,1842.0
1753617368605,11:56:08.605,okx,AEVO/USDT:USDT,0.11104,2862.0,0.11103,523.0,0.11105,1.0,0.11106,1.0
1753617370205,11:56:10.205,okx,AEVO/USDT:USDT,0.11105,4854.0,0.11104,4.0,0.11106,1.0,0.11109,1473.0
1753617371005,11:56:11.005,okx,AEVO/USDT:USDT,0.11105,4854.0,0.11104,11.0,0.11106,1.0,0.11109,547.0
1753617371205,11:56:11.205,okx,AEVO/USDT:USDT,0.11105,4854.0,0.11104,11.0,0.11106,1.0,0.11109,1473.0
1753617371305,11:56:11.305,okx,AEVO/USDT:USDT,0.11105,2885.0,0.11104,11.0,0.11106,1.0,0.11109,1473.0
1753617372705,11:56:12.705,okx,AEVO/USDT:USDT,0.11105,2885.0,0.11104,4.0,0.11106,1.0,0.11109,2117.0
1753617373105,11:56:13.105,okx,AEVO/USDT:USDT,0.11104,2.0,0.11103,522.0,0.11106,1.0,0.11108,1537.0
1753617373405,11:56:13.405,okx,AEVO/USDT:USDT,0.11104,2.0,0.11103,522.0,0.11106,1.0,0.11108,1537.0
1753617373605,11:56:13.605,okx,AEVO/USDT:USDT,0.11104,2.0,0.11103,522.0,0.11106,1.0,0.11108,610.0
1753617373705,11:56:13.705,okx,AEVO/USDT:USDT,0.11104,2.0,0.11103,522.0,0.11106,1.0,0.11108,1029.0
1753617373805,11:56:13.805,okx,AEVO/USDT:USDT,0.11104,2.0,0.11103,522.0,0.11106,1.0,0.11108,1029.0
1753617374105,11:56:14.105,okx,AEVO/USDT:USDT,0.11104,2.0,0.11103,522.0,0.11106,1.0,0.11108,1029.0
1753617374405,11:56:14.405,okx,AEVO/USDT:USDT,0.11104,2.0,0.11103,522.0,0.11106,1.0,0.11108,1029.0
1753617375105,11:56:15.105,okx,AEVO/USDT:USDT,0.11104,1476.0,0.11103,522.0,0.11106,1.0,0.11108,610.0
1753617375305,11:56:15.305,okx,AEVO/USDT:USDT,0.11104,1476.0,0.11103,522.0,0.11106,1.0,0.11108,610.0
1753617375405,11:56:15.405,okx,AEVO/USDT:USDT,0.11104,1476.0,0.11103,522.0,0.11106,1.0,0.11108,610.0
1753617377305,11:56:17.305,okx,AEVO/USDT:USDT,0.11104,2014.0,0.11103,522.0,0.11106,1.0,0.11109,547.0
1753617377405,11:56:17.405,okx,AEVO/USDT:USDT,0.11104,2014.0,0.11103,522.0,0.11106,1.0,0.11109,547.0
1753617377505,11:56:17.505,okx,AEVO/USDT:USDT,0.11104,2014.0,0.11103,522.0,0.11106,1.0,0.11109,547.0
1753617377705,11:56:17.705,okx,AEVO/USDT:USDT,0.11104,2014.0,0.11103,522.0,0.11106,1.0,0.11109,547.0
1753617378105,11:56:18.105,okx,AEVO/USDT:USDT,0.11104,2014.0,0.11103,522.0,0.11106,1.0,0.11109,547.0
1753617378505,11:56:18.505,okx,AEVO/USDT:USDT,0.11104,2014.0,0.11103,522.0,0.11106,1.0,0.11109,547.0
1753617379005,11:56:19.005,okx,AEVO/USDT:USDT,0.11104,2014.0,0.11103,522.0,0.11106,1.0,0.11109,547.0
1753617379305,11:56:19.305,okx,AEVO/USDT:USDT,0.11104,2014.0,0.11103,522.0,0.11106,1.0,0.11109,547.0
1753617381105,11:56:21.105,okx,AEVO/USDT:USDT,0.11104,1476.0,0.11103,522.0,0.11106,1.0,0.11109,2680.0
1753617381205,11:56:21.205,okx,AEVO/USDT:USDT,0.11104,1476.0,0.11103,522.0,0.11106,1.0,0.11107,5.0
1753617381805,11:56:21.805,okx,AEVO/USDT:USDT,0.11105,2409.0,0.11104,4.0,0.11107,509.0,0.11108,758.0
1753617382605,11:56:22.605,okx,AEVO/USDT:USDT,0.11105,2409.0,0.11104,4.0,0.11107,509.0,0.11108,758.0
1753617382805,11:56:22.805,okx,AEVO/USDT:USDT,0.11105,2409.0,0.11104,4.0,0.11107,509.0,0.11108,758.0
1753617383105,11:56:23.105,okx,AEVO/USDT:USDT,0.11105,2409.0,0.11104,4.0,0.11107,509.0,0.11108,758.0
1753617383305,11:56:23.305,okx,AEVO/USDT:USDT,0.11105,2409.0,0.11104,4.0,0.11107,509.0,0.11108,758.0
1753617383405,11:56:23.405,okx,AEVO/USDT:USDT,0.11105,2409.0,0.11104,4.0,0.11107,509.0,0.11108,758.0
1753617384005,11:56:24.005,okx,AEVO/USDT:USDT,0.11105,2409.0,0.11104,4.0,0.11107,1.0,0.11108,1.0
1753617384605,11:56:24.605,okx,AEVO/USDT:USDT,0.11105,2409.0,0.11104,4.0,0.11107,1.0,0.11108,1.0
1753617385005,11:56:25.005,okx,AEVO/USDT:USDT,0.11105,2409.0,0.11104,4.0,0.11107,1.0,0.11108,1.0
1753617385105,11:56:25.105,okx,AEVO/USDT:USDT,0.11105,2409.0,0.11104,4.0,0.11107,1.0,0.11108,1.0
1753617385405,11:56:25.405,okx,AEVO/USDT:USDT,0.11105,2409.0,0.11104,4.0,0.11107,1.0,0.11108,1.0
1753617386505,11:56:26.505,okx,AEVO/USDT:USDT,0.11105,2409.0,0.11104,4.0,0.11107,1.0,0.11108,1.0
1753617388405,11:56:28.405,okx,AEVO/USDT:USDT,0.11105,2438.0,0.11104,4.0,0.11107,1.0,0.11108,1.0
1753617390705,11:56:30.705,okx,AEVO/USDT:USDT,0.11105,2438.0,0.11104,4.0,0.11107,1.0,0.11108,1.0
1753617390905,11:56:30.905,okx,AEVO/USDT:USDT,0.11105,2438.0,0.11104,4.0,0.11107,923.0,0.11108,1415.0
1753617392405,11:56:32.405,okx,AEVO/USDT:USDT,0.11105,2438.0,0.11104,4.0,0.11107,2.0,0.11108,1.0
1753617393205,11:56:33.205,okx,AEVO/USDT:USDT,0.11105,2438.0,0.11104,4.0,0.11107,2.0,0.11108,1.0
1753617393305,11:56:33.305,okx,AEVO/USDT:USDT,0.11105,2438.0,0.11104,4.0,0.11107,2.0,0.11108,1.0
1753617393905,11:56:33.905,okx,AEVO/USDT:USDT,0.11102,1.0,0.11101,2.0,0.11103,2585.0,0.11104,1416.0
1753617394205,11:56:34.205,okx,AEVO/USDT:USDT,0.11102,1.0,0.11101,2.0,0.11103,2189.0,0.11104,709.0
1753617394605,11:56:34.605,okx,AEVO/USDT:USDT,0.11102,1.0,0.11101,2.0,0.11103,2189.0,0.11104,2.0
1753617395605,11:56:35.605,okx,AEVO/USDT:USDT,0.11102,1.0,0.11101,2.0,0.11103,1853.0,0.11104,2.0
1753617395805,11:56:35.805,okx,AEVO/USDT:USDT,0.11102,1.0,0.11101,2.0,0.11103,1853.0,0.11104,709.0
1753617398005,11:56:38.005,okx,AEVO/USDT:USDT,0.111,71.0,0.11099,2.0,0.11101,248.0,0.11102,489.0
1753617398705,11:56:38.705,okx,AEVO/USDT:USDT,0.111,67.0,0.11099,2.0,0.11101,260.0,0.11102,490.0
1753617399105,11:56:39.105,okx,AEVO/USDT:USDT,0.111,62.0,0.11099,2.0,0.11101,260.0,0.11102,490.0
1753617399205,11:56:39.205,okx,AEVO/USDT:USDT,0.111,61.0,0.11099,2.0,0.11101,260.0,0.11102,490.0
1753617399405,11:56:39.405,okx,AEVO/USDT:USDT,0.111,59.0,0.11099,2.0,0.11101,260.0,0.11102,490.0
1753617399805,11:56:39.805,okx,AEVO/USDT:USDT,0.111,55.0,0.11099,2.0,0.11101,20.0,0.11103,4256.0
1753617400105,11:56:40.105,okx,AEVO/USDT:USDT,0.111,52.0,0.11099,2.0,0.11101,416.0,0.11102,707.0
1753617400805,11:56:40.805,okx,AEVO/USDT:USDT,0.111,44.0,0.11099,2.0,0.11101,20.0,0.11102,347.0
1753617401405,11:56:41.405,okx,AEVO/USDT:USDT,0.111,38.0,0.11099,2.0,0.11101,20.0,0.11103,3936.0
1753617401705,11:56:41.705,okx,AEVO/USDT:USDT,0.111,35.0,0.11099,2.0,0.11101,20.0,0.11103,3936.0
1753617402305,11:56:42.305,okx,AEVO/USDT:USDT,0.111,568.0,0.11099,2.0,0.11101,20.0,0.11103,2933.0
1753617403105,11:56:43.105,okx,AEVO/USDT:USDT,0.111,20.0,0.11099,2.0,0.11101,20.0,0.11103,3640.0
1753617403505,11:56:43.505,okx,AEVO/USDT:USDT,0.111,16.0,0.11099,2.0,0.11101,20.0,0.11103,3640.0
1753617403605,11:56:43.605,okx,AEVO/USDT:USDT,0.111,15.0,0.11099,2.0,0.11101,20.0,0.11103,3640.0
1753617404205,11:56:44.205,okx,AEVO/USDT:USDT,0.111,9.0,0.11099,2.0,0.11101,20.0,0.11103,3640.0
1753617404305,11:56:44.305,okx,AEVO/USDT:USDT,0.111,8.0,0.11099,2.0,0.11101,20.0,0.11103,3640.0
1753617404405,11:56:44.405,okx,AEVO/USDT:USDT,0.111,7.0,0.11099,2.0,0.11101,20.0,0.11103,3640.0
1753617404705,11:56:44.705,okx,AEVO/USDT:USDT,0.111,4.0,0.11099,2.0,0.11101,20.0,0.11103,3640.0
1753617405005,11:56:45.005,okx,AEVO/USDT:USDT,0.111,1.0,0.11099,2.0,0.11101,20.0,0.11102,1.0
1753617405105,11:56:45.105,okx,AEVO/USDT:USDT,0.11098,524.0,0.11097,3.0,0.11101,416.0,0.11102,1608.0
1753617405205,11:56:45.205,okx,AEVO/USDT:USDT,0.11098,523.0,0.11097,3.0,0.11101,416.0,0.11102,1608.0
1753617405305,11:56:45.305,okx,AEVO/USDT:USDT,0.11097,1.0,0.11096,525.0,0.11101,417.0,0.11102,2535.0
1753617405605,11:56:45.605,okx,AEVO/USDT:USDT,0.11097,729.0,0.11096,523.0,0.11098,240.0,0.111,2.0
1753617405805,11:56:45.805,okx,AEVO/USDT:USDT,0.11097,727.0,0.11096,523.0,0.11098,240.0,0.111,2.0
1753617405905,11:56:45.905,okx,AEVO/USDT:USDT,0.11097,726.0,0.11096,523.0,0.11098,240.0,0.111,2.0
1753617406005,11:56:46.005,okx,AEVO/USDT:USDT,0.11097,879.0,0.11096,523.0,0.11098,240.0,0.11099,1.0
1753617406205,11:56:46.205,okx,AEVO/USDT:USDT,0.11097,877.0,0.11096,1424.0,0.11098,240.0,0.11099,1.0
1753617406405,11:56:46.405,okx,AEVO/USDT:USDT,0.11098,3048.0,0.11097,542.0,0.11101,20.0,0.11102,1.0
1753617406505,11:56:46.505,okx,AEVO/USDT:USDT,0.11098,1319.0,0.11097,542.0,0.11101,20.0,0.11102,1.0
1753617406605,11:56:46.605,okx,AEVO/USDT:USDT,0.11098,1318.0,0.11097,542.0,0.11101,20.0,0.11102,1.0
1753617406705,11:56:46.705,okx,AEVO/USDT:USDT,0.11098,1317.0,0.11097,542.0,0.11101,20.0,0.11102,1.0
1753617407305,11:56:47.305,okx,AEVO/USDT:USDT,0.11098,1311.0,0.11097,542.0,0.11101,20.0,0.11102,901.0
1753617407605,11:56:47.605,okx,AEVO/USDT:USDT,0.11098,1308.0,0.11097,542.0,0.11101,20.0,0.11102,901.0
1753617407805,11:56:47.805,okx,AEVO/USDT:USDT,0.11098,1306.0,0.11097,542.0,0.11101,20.0,0.11102,901.0
1753617407905,11:56:47.905,okx,AEVO/USDT:USDT,0.11098,1304.0,0.11097,542.0,0.11101,20.0,0.11102,901.0
1753617408105,11:56:48.105,okx,AEVO/USDT:USDT,0.11098,1886.0,0.11097,542.0,0.11101,20.0,0.11102,1.0
1753617409005,11:56:49.005,okx,AEVO/USDT:USDT,0.11098,1338.0,0.11097,3.0,0.11101,20.0,0.11102,708.0
1753617409205,11:56:49.205,okx,AEVO/USDT:USDT,0.11098,1336.0,0.11097,3.0,0.11101,20.0,0.11102,708.0
1753617409305,11:56:49.305,okx,AEVO/USDT:USDT,0.11098,1335.0,0.11097,3.0,0.11101,20.0,0.11102,708.0
1753617409605,11:56:49.605,okx,AEVO/USDT:USDT,0.11098,1331.0,0.11097,3.0,0.11101,20.0,0.11102,1608.0
1753617409805,11:56:49.805,okx,AEVO/USDT:USDT,0.11098,1868.0,0.11097,3.0,0.11101,20.0,0.11102,1608.0
1753617410105,11:56:50.105,okx,AEVO/USDT:USDT,0.11098,1866.0,0.11097,3.0,0.11101,20.0,0.11102,1608.0
1753617410705,11:56:50.705,okx,AEVO/USDT:USDT,0.11098,1859.0,0.11097,3.0,0.11101,20.0,0.11102,1608.0
1753617411205,11:56:51.205,okx,AEVO/USDT:USDT,0.11098,1854.0,0.11097,3.0,0.11101,20.0,0.11102,708.0
1753617412605,11:56:52.605,okx,AEVO/USDT:USDT,0.11098,1851.0,0.11097,3.0,0.11101,20.0,0.11102,708.0
1753617412705,11:56:52.705,okx,AEVO/USDT:USDT,0.11098,1851.0,0.11097,3.0,0.11101,20.0,0.11102,708.0
1753617413105,11:56:53.105,okx,AEVO/USDT:USDT,0.11098,1312.0,0.11097,3.0,0.11101,20.0,0.11102,708.0
1753617413405,11:56:53.405,okx,AEVO/USDT:USDT,0.11098,1312.0,0.11097,3.0,0.11101,20.0,0.11102,708.0
1753617414205,11:56:54.205,okx,AEVO/USDT:USDT,0.11098,1267.0,0.11097,3.0,0.11101,20.0,0.11102,708.0
1753617414305,11:56:54.305,okx,AEVO/USDT:USDT,0.11098,1267.0,0.11097,3.0,0.11101,20.0,0.11102,708.0
1753617414505,11:56:54.505,okx,AEVO/USDT:USDT,0.11098,1267.0,0.11097,3.0,0.11101,20.0,0.11102,708.0
1753617415105,11:56:55.105,okx,AEVO/USDT:USDT,0.11098,1267.0,0.11097,3.0,0.11101,20.0,0.11102,708.0
1753617415205,11:56:55.205,okx,AEVO/USDT:USDT,0.11098,1267.0,0.11097,3.0,0.11101,20.0,0.11102,708.0
1753617415505,11:56:55.505,okx,AEVO/USDT:USDT,0.11098,1267.0,0.11097,3.0,0.11101,31.0,0.11102,708.0
1753617417505,11:56:57.505,okx,AEVO/USDT:USDT,0.11098,1266.0,0.11097,2.0,0.111,4787.0,0.11101,31.0
1753617417805,11:56:57.805,okx,AEVO/USDT:USDT,0.11098,1266.0,0.11097,2.0,0.111,4787.0,0.11101,31.0
1753617418105,11:56:58.105,okx,AEVO/USDT:USDT,0.11098,1266.0,0.11097,2.0,0.111,4787.0,0.11101,31.0
1753617418405,11:56:58.405,okx,AEVO/USDT:USDT,0.11098,1266.0,0.11097,2.0,0.111,4787.0,0.11101,31.0
1753617418505,11:56:58.505,okx,AEVO/USDT:USDT,0.11098,1266.0,0.11097,2.0,0.111,4787.0,0.11101,31.0
1753617418605,11:56:58.605,okx,AEVO/USDT:USDT,0.11098,1266.0,0.11097,2.0,0.111,5149.0,0.11101,31.0
1753617419105,11:56:59.105,okx,AEVO/USDT:USDT,0.11098,1266.0,0.11097,2.0,0.111,5149.0,0.11101,31.0
1753617419505,11:56:59.505,okx,AEVO/USDT:USDT,0.11098,1266.0,0.11097,2.0,0.111,5149.0,0.11101,31.0
1753617419905,11:56:59.905,okx,AEVO/USDT:USDT,0.11098,1266.0,0.11097,2.0,0.111,5151.0,0.11101,31.0
1753617420205,11:57:00.205,okx,AEVO/USDT:USDT,0.11098,1266.0,0.11097,2.0,0.111,5151.0,0.11101,31.0
1753617420505,11:57:00.505,okx,AEVO/USDT:USDT,0.11098,1266.0,0.11097,2.0,0.11099,313.0,0.111,5152.0
1753617420605,11:57:00.605,okx,AEVO/USDT:USDT,0.11098,1266.0,0.11097,2.0,0.11099,313.0,0.111,5152.0
1753617421505,11:57:01.505,okx,AEVO/USDT:USDT,0.11098,1266.0,0.11097,2.0,0.11099,333.0,0.111,4810.0
1753617422105,11:57:02.105,okx,AEVO/USDT:USDT,0.11098,1266.0,0.11097,3.0,0.11099,333.0,0.111,4810.0
1753617422605,11:57:02.605,okx,AEVO/USDT:USDT,0.11097,531.0,0.11096,4.0,0.11099,1.0,0.11101,237.0
1753617423305,11:57:03.305,okx,AEVO/USDT:USDT,0.11097,531.0,0.11096,4.0,0.11099,1.0,0.11102,21.0
1753617423405,11:57:03.405,okx,AEVO/USDT:USDT,0.11097,531.0,0.11096,4.0,0.11099,1.0,0.11102,21.0
1753617423805,11:57:03.805,okx,AEVO/USDT:USDT,0.11097,532.0,0.11096,4.0,0.11099,1.0,0.11102,21.0
1753617424305,11:57:04.305,okx,AEVO/USDT:USDT,0.11097,532.0,0.11096,4.0,0.11099,1.0,0.11102,21.0
1753617425005,11:57:05.005,okx,AEVO/USDT:USDT,0.11097,532.0,0.11096,4.0,0.11099,1.0,0.11102,21.0
1753617425205,11:57:05.205,okx,AEVO/USDT:USDT,0.11097,532.0,0.11096,4.0,0.11099,1.0,0.11102,21.0
1753617425305,11:57:05.305,okx,AEVO/USDT:USDT,0.11097,532.0,0.11096,4.0,0.11099,1.0,0.11102,21.0
1753617425905,11:57:05.905,okx,AEVO/USDT:USDT,0.11097,532.0,0.11096,4.0,0.11099,1.0,0.11102,21.0
1753617427105,11:57:07.105,okx,AEVO/USDT:USDT,0.11098,1.0,0.11097,534.0,0.11101,1.0,0.11102,22.0
1753617427205,11:57:07.205,okx,AEVO/USDT:USDT,0.11098,1.0,0.11097,534.0,0.11101,1.0,0.11102,22.0
1753617427505,11:57:07.505,okx,AEVO/USDT:USDT,0.11098,2.0,0.11097,534.0,0.11101,1.0,0.11102,22.0
1753617427805,11:57:07.805,okx,AEVO/USDT:USDT,0.11098,2.0,0.11097,534.0,0.11101,1.0,0.11102,22.0
1753617428405,11:57:08.405,okx,AEVO/USDT:USDT,0.11098,1.0,0.11097,2.0,0.11099,580.0,0.111,526.0
1753617428805,11:57:08.805,okx,AEVO/USDT:USDT,0.11098,1.0,0.11097,2.0,0.11099,580.0,0.111,526.0
1753617429105,11:57:09.105,okx,AEVO/USDT:USDT,0.11098,1.0,0.11097,2.0,0.11099,580.0,0.111,526.0
1753617429505,11:57:09.505,okx,AEVO/USDT:USDT,0.11098,1.0,0.11097,2.0,0.11099,965.0,0.111,526.0
1753617429805,11:57:09.805,okx,AEVO/USDT:USDT,0.11098,1.0,0.11097,2.0,0.11099,965.0,0.111,526.0
1753617429905,11:57:09.905,okx,AEVO/USDT:USDT,0.11098,1.0,0.11097,2.0,0.11099,965.0,0.111,526.0
1753617430205,11:57:10.205,okx,AEVO/USDT:USDT,0.11098,1.0,0.11097,2.0,0.11099,386.0,0.111,526.0
1753617430405,11:57:10.405,okx,AEVO/USDT:USDT,0.11098,1.0,0.11097,2.0,0.11099,386.0,0.111,2.0
1753617431305,11:57:11.305,okx,AEVO/USDT:USDT,0.11098,1.0,0.11097,2.0,0.11099,386.0,0.111,2.0
1753617431605,11:57:11.605,okx,AEVO/USDT:USDT,0.11098,1.0,0.11097,2.0,0.11099,386.0,0.111,2.0
1753617432805,11:57:12.805,okx,AEVO/USDT:USDT,0.11098,1.0,0.11097,2.0,0.11099,4881.0,0.111,2.0
1753617433905,11:57:13.905,okx,AEVO/USDT:USDT,0.11098,881.0,0.11097,2.0,0.11099,4496.0,0.111,2.0
1753617434305,11:57:14.305,okx,AEVO/USDT:USDT,0.11098,881.0,0.11097,2.0,0.11099,4496.0,0.111,2.0
1753617434605,11:57:14.605,okx,AEVO/USDT:USDT,0.11098,881.0,0.11097,2.0,0.11099,4496.0,0.111,2.0
1753617435705,11:57:15.705,okx,AEVO/USDT:USDT,0.11098,1.0,0.11096,453.0,0.11099,12190.0,0.111,2.0
1753617436405,11:57:16.405,okx,AEVO/USDT:USDT,0.11096,1.0,0.11095,5.0,0.11097,1034.0,0.11098,2106.0
1753617436505,11:57:16.505,okx,AEVO/USDT:USDT,0.11096,1.0,0.11095,5.0,0.11097,1034.0,0.11098,2106.0
1753617436605,11:57:16.605,okx,AEVO/USDT:USDT,0.11096,1.0,0.11095,5.0,0.11097,512.0,0.11098,1314.0
1753617436705,11:57:16.705,okx,AEVO/USDT:USDT,0.11096,1.0,0.11095,4.0,0.11097,512.0,0.11098,803.0
1753617437205,11:57:17.205,okx,AEVO/USDT:USDT,0.11096,1.0,0.11095,4.0,0.11097,512.0,0.11098,803.0
1753617437405,11:57:17.405,okx,AEVO/USDT:USDT,0.11096,1.0,0.11095,4.0,0.11097,575.0,0.11098,1704.0
1753617437605,11:57:17.605,okx,AEVO/USDT:USDT,0.11096,1.0,0.11095,4.0,0.11097,575.0,0.11098,1704.0
1753617438405,11:57:18.405,okx,AEVO/USDT:USDT,0.11096,881.0,0.11095,4.0,0.11097,88.0,0.11098,244.0
1753617438505,11:57:18.505,okx,AEVO/USDT:USDT,0.11096,881.0,0.11095,4.0,0.11097,88.0,0.11098,244.0
1753617439405,11:57:19.405,okx,AEVO/USDT:USDT,0.11096,1403.0,0.11095,4.0,0.11097,88.0,0.11098,2.0
1753617440005,11:57:20.005,okx,AEVO/USDT:USDT,0.11096,881.0,0.11095,4.0,0.11097,88.0,0.11098,2.0
1753617440905,11:57:20.905,okx,AEVO/USDT:USDT,0.11096,881.0,0.11095,4.0,0.11097,88.0,0.11098,2.0
1753617441205,11:57:21.205,okx,AEVO/USDT:USDT,0.11096,1414.0,0.11095,5.0,0.11097,88.0,0.11098,2.0
1753617441305,11:57:21.305,okx,AEVO/USDT:USDT,0.11096,1414.0,0.11095,5.0,0.11097,88.0,0.11098,2.0
1753617441705,11:57:21.705,okx,AEVO/USDT:USDT,0.11099,1.0,0.11098,534.0,0.11102,21.0,0.11103,195.0
1753617442005,11:57:22.005,okx,AEVO/USDT:USDT,0.11099,1948.0,0.11098,828.0,0.11102,21.0,0.11103,193.0
1753617442505,11:57:22.505,okx,AEVO/USDT:USDT,0.11105,1357.0,0.11104,2601.0,0.11108,732.0,0.11109,543.0
1753617442605,11:57:22.605,okx,AEVO/USDT:USDT,0.11104,2600.0,0.11103,1538.0,0.11105,50.0,0.11107,1.0
1753617443005,11:57:23.005,okx,AEVO/USDT:USDT,0.11104,1775.0,0.11103,714.0,0.11107,512.0,0.11108,733.0
1753617443105,11:57:23.105,okx,AEVO/USDT:USDT,0.11104,1775.0,0.11103,714.0,0.11107,512.0,0.11108,733.0
1753617443405,11:57:23.405,okx,AEVO/USDT:USDT,0.11104,1775.0,0.11103,714.0,0.11107,512.0,0.11108,733.0
1753617443505,11:57:23.505,okx,AEVO/USDT:USDT,0.11104,1775.0,0.11103,714.0,0.11107,512.0,0.11108,733.0
1753617444005,11:57:24.005,okx,AEVO/USDT:USDT,0.11104,1775.0,0.11103,714.0,0.11107,512.0,0.11108,733.0
1753617444605,11:57:24.605,okx,AEVO/USDT:USDT,0.11102,4734.0,0.11101,2.0,0.11105,638.0,0.11106,433.0
1753617444705,11:57:24.705,okx,AEVO/USDT:USDT,0.11102,2785.0,0.11101,2.0,0.11105,638.0,0.11106,433.0
1753617446205,11:57:26.205,okx,AEVO/USDT:USDT,0.111,3.0,0.11099,2.0,0.11102,714.0,0.11103,2306.0
1753617446305,11:57:26.305,okx,AEVO/USDT:USDT,0.111,3.0,0.11099,2.0,0.11102,714.0,0.11103,2306.0
1753617447005,11:57:27.005,okx,AEVO/USDT:USDT,0.111,3.0,0.11099,2.0,0.11102,714.0,0.11103,1514.0
1753617448205,11:57:28.205,okx,AEVO/USDT:USDT,0.111,3.0,0.11099,2.0,0.11102,714.0,0.11103,793.0
1753617448305,11:57:28.305,okx,AEVO/USDT:USDT,0.111,3.0,0.11099,2.0,0.11102,714.0,0.11103,793.0
1753617449205,11:57:29.205,okx,AEVO/USDT:USDT,0.111,3.0,0.11099,2.0,0.11102,714.0,0.11103,793.0
1753617451905,11:57:31.905,okx,AEVO/USDT:USDT,0.111,537.0,0.11099,3.0,0.11103,573.0,0.11104,1.0
1753617452705,11:57:32.705,okx,AEVO/USDT:USDT,0.111,537.0,0.11099,3.0,0.11103,664.0,0.11104,1.0
1753617453105,11:57:33.105,okx,AEVO/USDT:USDT,0.111,537.0,0.11099,3.0,0.11103,664.0,0.11104,1.0
1753617453805,11:57:33.805,okx,AEVO/USDT:USDT,0.111,8.0,0.11099,3.0,0.11102,798.0,0.11103,92.0
1753617454005,11:57:34.005,okx,AEVO/USDT:USDT,0.111,8.0,0.11099,3.0,0.11102,798.0,0.11103,92.0
1753617454605,11:57:34.605,okx,AEVO/USDT:USDT,0.111,8.0,0.11099,3.0,0.11102,798.0,0.11103,92.0
1753617454705,11:57:34.705,okx,AEVO/USDT:USDT,0.111,8.0,0.11099,3.0,0.11102,798.0,0.11103,92.0
1753617454805,11:57:34.805,okx,AEVO/USDT:USDT,0.111,8.0,0.11099,3.0,0.11102,798.0,0.11103,92.0
1753617455805,11:57:35.805,okx,AEVO/USDT:USDT,0.11104,518.0,0.11103,531.0,0.11107,548.0,0.11108,2.0
1753617455905,11:57:35.905,okx,AEVO/USDT:USDT,0.11104,518.0,0.11103,531.0,0.11107,548.0,0.11108,2.0
1753617456005,11:57:36.005,okx,AEVO/USDT:USDT,0.11104,518.0,0.11103,531.0,0.11107,548.0,0.11108,2.0
1753617456505,11:57:36.505,okx,AEVO/USDT:USDT,0.11103,880.0,0.11102,3.0,0.11104,715.0,0.11105,1.0
1753617456805,11:57:36.805,okx,AEVO/USDT:USDT,0.11103,880.0,0.11102,4.0,0.11104,715.0,0.11105,1.0
1753617456905,11:57:36.905,okx,AEVO/USDT:USDT,0.11103,880.0,0.11102,4.0,0.11104,715.0,0.11105,1.0
1753617457005,11:57:37.005,okx,AEVO/USDT:USDT,0.11103,880.0,0.11102,4.0,0.11104,715.0,0.11105,1.0
1753617458405,11:57:38.405,okx,AEVO/USDT:USDT,0.11102,1.0,0.11101,1804.0,0.11104,715.0,0.11105,1166.0
1753617458505,11:57:38.505,okx,AEVO/USDT:USDT,0.11102,1.0,0.11101,1804.0,0.11104,715.0,0.11105,1166.0
1753617459405,11:57:39.405,okx,AEVO/USDT:USDT,0.11102,3.0,0.11101,1804.0,0.11104,1.0,0.11105,1166.0
1753617459605,11:57:39.605,okx,AEVO/USDT:USDT,0.11102,3.0,0.11101,1804.0,0.11104,1.0,0.11105,1166.0
1753617460305,11:57:40.305,okx,AEVO/USDT:USDT,0.11102,3.0,0.11101,1804.0,0.11104,1096.0,0.11105,1166.0
1753617461005,11:57:41.005,okx,AEVO/USDT:USDT,0.11102,2533.0,0.11101,3.0,0.11103,7302.0,0.11104,1097.0
1753617462305,11:57:42.305,okx,AEVO/USDT:USDT,0.11103,1267.0,0.11102,2520.0,0.11104,1095.0,0.11105,1.0
1753617463005,11:57:43.005,okx,AEVO/USDT:USDT,0.11104,1127.0,0.11103,759.0,0.11107,543.0,0.11108,552.0
1753617463105,11:57:43.105,okx,AEVO/USDT:USDT,0.11104,1127.0,0.11103,759.0,0.11107,543.0,0.11108,552.0
1753617463305,11:57:43.305,okx,AEVO/USDT:USDT,0.11104,1127.0,0.11103,759.0,0.11107,543.0,0.11108,552.0
1753617463405,11:57:43.405,okx,AEVO/USDT:USDT,0.11104,1127.0,0.11103,454.0,0.11107,543.0,0.11108,552.0
1753617464005,11:57:44.005,okx,AEVO/USDT:USDT,0.11104,589.0,0.11103,454.0,0.11107,543.0,0.11108,552.0
1753617464105,11:57:44.105,okx,AEVO/USDT:USDT,0.11104,589.0,0.11103,806.0,0.11107,543.0,0.11108,552.0
1753617465305,11:57:45.305,okx,AEVO/USDT:USDT,0.11104,452.0,0.11103,842.0,0.11107,99.0,0.11108,311.0
1753617466105,11:57:46.105,okx,AEVO/USDT:USDT,0.11104,1580.0,0.11103,365.0,0.11107,99.0,0.11108,2.0
1753617467205,11:57:47.205,okx,AEVO/USDT:USDT,0.11104,1580.0,0.11103,365.0,0.11107,99.0,0.11108,2.0
1753617467405,11:57:47.405,okx,AEVO/USDT:USDT,0.11104,1042.0,0.11103,365.0,0.11107,99.0,0.11108,2.0
1753617467805,11:57:47.805,okx,AEVO/USDT:USDT,0.11104,1042.0,0.11103,4.0,0.11107,99.0,0.11108,2.0
1753617469505,11:57:49.505,okx,AEVO/USDT:USDT,0.11104,4563.0,0.11103,4.0,0.11107,586.0,0.11108,1.0
1753617470005,11:57:50.005,okx,AEVO/USDT:USDT,0.11105,494.0,0.11104,4424.0,0.11109,385.0,0.1111,984.0
1753617470105,11:57:50.105,okx,AEVO/USDT:USDT,0.11105,494.0,0.11104,4424.0,0.11109,430.0,0.1111,984.0
1753617472805,11:57:52.805,okx,AEVO/USDT:USDT,0.11104,4416.0,0.11103,4.0,0.11106,600.0,0.11108,2.0
1753617473005,11:57:53.005,okx,AEVO/USDT:USDT,0.11105,1.0,0.11104,4578.0,0.11109,408.0,0.1111,2171.0
1753617473805,11:57:53.805,okx,AEVO/USDT:USDT,0.11104,5028.0,0.11103,4.0,0.11108,1.0,0.11109,417.0
1753617473905,11:57:53.905,okx,AEVO/USDT:USDT,0.11106,90.0,0.11105,91.0,0.11107,672.0,0.11108,1.0
1753617474305,11:57:54.305,okx,AEVO/USDT:USDT,0.11104,5021.0,0.11103,1839.0,0.11107,672.0,0.11109,419.0
1753617474405,11:57:54.405,okx,AEVO/USDT:USDT,0.11104,5020.0,0.11103,1839.0,0.11107,672.0,0.11109,419.0
1753617475005,11:57:55.005,okx,AEVO/USDT:USDT,0.11104,5015.0,0.11103,1839.0,0.11108,1.0,0.11109,1054.0
1753617475105,11:57:55.105,okx,AEVO/USDT:USDT,0.11104,4397.0,0.11103,1839.0,0.11108,534.0,0.11109,3693.0
1753617475405,11:57:55.405,okx,AEVO/USDT:USDT,0.11104,4393.0,0.11103,1839.0,0.11108,414.0,0.11109,3301.0
1753617475505,11:57:55.505,okx,AEVO/USDT:USDT,0.11104,4391.0,0.11103,1839.0,0.11108,414.0,0.11109,3301.0
1753617475705,11:57:55.705,okx,AEVO/USDT:USDT,0.11104,4389.0,0.11103,1839.0,0.11108,414.0,0.11109,3301.0
1753617475805,11:57:55.805,okx,AEVO/USDT:USDT,0.11104,4388.0,0.11103,1839.0,0.11108,414.0,0.11109,3301.0
1753617475905,11:57:55.905,okx,AEVO/USDT:USDT,0.11104,4387.0,0.11103,1839.0,0.11108,414.0,0.11109,3301.0
1753617476005,11:57:56.005,okx,AEVO/USDT:USDT,0.11104,4386.0,0.11103,1839.0,0.11108,414.0,0.11109,2543.0
1753617476405,11:57:56.405,okx,AEVO/USDT:USDT,0.11104,4382.0,0.11103,1839.0,0.11108,665.0,0.11109,1055.0
1753617476605,11:57:56.605,okx,AEVO/USDT:USDT,0.11104,4380.0,0.11103,1839.0,0.11108,665.0,0.11109,1055.0
1753617476905,11:57:56.905,okx,AEVO/USDT:USDT,0.11104,4377.0,0.11103,1839.0,0.11108,665.0,0.11109,1055.0
1753617477105,11:57:57.105,okx,AEVO/USDT:USDT,0.11104,4375.0,0.11103,1839.0,0.11108,665.0,0.11109,1055.0
1753617477305,11:57:57.305,okx,AEVO/USDT:USDT,0.11104,4373.0,0.11103,1839.0,0.11108,665.0,0.11109,1055.0
1753617477505,11:57:57.505,okx,AEVO/USDT:USDT,0.11104,4370.0,0.11103,1839.0,0.11108,703.0,0.11109,1055.0
1753617477905,11:57:57.905,okx,AEVO/USDT:USDT,0.11104,5550.0,0.11103,2582.0,0.11108,703.0,0.11109,33.0
1753617478305,11:57:58.305,okx,AEVO/USDT:USDT,0.11104,5706.0,0.11103,3.0,0.11106,17615.0,0.11107,1.0
1753617478905,11:57:58.905,okx,AEVO/USDT:USDT,0.11104,5700.0,0.11103,3.0,0.11106,17615.0,0.11107,1.0
1753617479105,11:57:59.105,okx,AEVO/USDT:USDT,0.11104,5697.0,0.11103,3.0,0.11106,17615.0,0.11107,1.0
1753617479605,11:57:59.605,okx,AEVO/USDT:USDT,0.11104,4961.0,0.11103,3.0,0.11106,17615.0,0.11107,1.0
1753617479705,11:57:59.705,okx,AEVO/USDT:USDT,0.11104,4960.0,0.11103,3.0,0.11106,17615.0,0.11107,1.0
1753617479905,11:57:59.905,okx,AEVO/USDT:USDT,0.11104,4958.0,0.11103,3.0,0.11106,17615.0,0.11107,1.0
1753617480005,11:58:00.005,okx,AEVO/USDT:USDT,0.11104,4957.0,0.11103,3.0,0.11106,17615.0,0.11107,1.0
1753617480105,11:58:00.105,okx,AEVO/USDT:USDT,0.11104,4956.0,0.11103,3.0,0.11106,17615.0,0.11107,1.0
1753617480505,11:58:00.505,okx,AEVO/USDT:USDT,0.11104,4952.0,0.11103,3.0,0.11106,17615.0,0.11107,1.0
1753617480605,11:58:00.605,okx,AEVO/USDT:USDT,0.11104,4951.0,0.11103,3.0,0.11106,17615.0,0.11107,1.0
1753617480705,11:58:00.705,okx,AEVO/USDT:USDT,0.11104,4950.0,0.11103,3.0,0.11106,17615.0,0.11107,1.0
1753617480805,11:58:00.805,okx,AEVO/USDT:USDT,0.11104,4949.0,0.11103,3.0,0.11106,17615.0,0.11107,1.0
1753617480905,11:58:00.905,okx,AEVO/USDT:USDT,0.11102,1803.0,0.11101,3.0,0.11105,6.0,0.11106,18797.0
1753617481005,11:58:01.005,okx,AEVO/USDT:USDT,0.11102,1802.0,0.11101,3.0,0.11105,6.0,0.11106,18041.0
1753617481205,11:58:01.205,okx,AEVO/USDT:USDT,0.11102,1799.0,0.11101,3.0,0.11105,6.0,0.11106,18041.0
1753617481705,11:58:01.705,okx,AEVO/USDT:USDT,0.11102,1794.0,0.11101,1736.0,0.11105,6.0,0.11106,18041.0
1753617481805,11:58:01.805,okx,AEVO/USDT:USDT,0.11102,1793.0,0.11101,3.0,0.11105,6.0,0.11106,18041.0
1753617481905,11:58:01.905,okx,AEVO/USDT:USDT,0.11102,1792.0,0.11101,3.0,0.11105,6.0,0.11106,18041.0
1753617482405,11:58:02.405,okx,AEVO/USDT:USDT,0.11102,1787.0,0.11101,1798.0,0.11105,8.0,0.11106,18041.0
1753617482705,11:58:02.705,okx,AEVO/USDT:USDT,0.11102,1784.0,0.11101,1798.0,0.11105,8.0,0.11106,18041.0
1753617482805,11:58:02.805,okx,AEVO/USDT:USDT,0.11102,1782.0,0.11101,1798.0,0.11105,8.0,0.11106,18041.0
1753617483305,11:58:03.305,okx,AEVO/USDT:USDT,0.11102,1777.0,0.11101,1798.0,0.11105,8.0,0.11106,18041.0
1753617483905,11:58:03.905,okx,AEVO/USDT:USDT,0.111,2.0,0.11099,610.0,0.11103,102.0,0.11104,3345.0
1753617484205,11:58:04.205,okx,AEVO/USDT:USDT,0.11099,608.0,0.11098,2313.0,0.11103,101.0,0.11104,3345.0
1753617484705,11:58:04.705,okx,AEVO/USDT:USDT,0.11098,381.0,0.11097,1884.0,0.11102,1.0,0.11103,365.0
1753617485205,11:58:05.205,okx,AEVO/USDT:USDT,0.11098,377.0,0.11097,1885.0,0.11102,746.0,0.11103,2615.0
1753617485805,11:58:05.805,okx,AEVO/USDT:USDT,0.11098,377.0,0.11097,1885.0,0.11102,746.0,0.11103,2615.0
1753617485905,11:58:05.905,okx,AEVO/USDT:USDT,0.11098,377.0,0.11097,1885.0,0.11102,746.0,0.11103,2615.0
1753617487005,11:58:07.005,okx,AEVO/USDT:USDT,0.11098,377.0,0.11097,1885.0,0.11102,746.0,0.11103,2615.0
1753617487105,11:58:07.105,okx,AEVO/USDT:USDT,0.11098,377.0,0.11097,1885.0,0.11102,746.0,0.11103,2615.0
1753617489105,11:58:09.105,okx,AEVO/USDT:USDT,0.11102,1319.0,0.11101,3.0,0.11104,1.0,0.11105,549.0
1753617489605,11:58:09.605,okx,AEVO/USDT:USDT,0.11103,1366.0,0.11102,2989.0,0.11104,1.0,0.11105,7.0
1753617490305,11:58:10.305,okx,AEVO/USDT:USDT,0.11103,729.0,0.11102,2253.0,0.11104,46.0,0.11105,7.0
1753617492205,11:58:12.205,okx,AEVO/USDT:USDT,0.11103,729.0,0.11102,2253.0,0.11104,46.0,0.11105,7.0
1753617492905,11:58:12.905,okx,AEVO/USDT:USDT,0.11103,729.0,0.11102,2253.0,0.11104,46.0,0.11105,7.0
1753617494005,11:58:14.005,okx,AEVO/USDT:USDT,0.11103,729.0,0.11102,2253.0,0.11104,46.0,0.11105,7.0
1753617494305,11:58:14.305,okx,AEVO/USDT:USDT,0.11103,729.0,0.11102,1803.0,0.11104,46.0,0.11105,7.0
1753617495005,11:58:15.005,okx,AEVO/USDT:USDT,0.11098,383.0,0.11097,1884.0,0.11101,2189.0,0.11102,679.0
1753617495305,11:58:15.305,okx,AEVO/USDT:USDT,0.11098,383.0,0.11097,1884.0,0.11101,2189.0,0.11102,679.0
1753617495405,11:58:15.405,okx,AEVO/USDT:USDT,0.11098,383.0,0.11097,1884.0,0.11101,2189.0,0.11102,679.0
1753617495505,11:58:15.505,okx,AEVO/USDT:USDT,0.11098,383.0,0.11097,1884.0,0.11101,1511.0,0.11102,1.0
1753617495605,11:58:15.605,okx,AEVO/USDT:USDT,0.11098,383.0,0.11097,1884.0,0.11101,1511.0,0.11102,1.0
1753617495905,11:58:15.905,okx,AEVO/USDT:USDT,0.11098,383.0,0.11097,1884.0,0.11101,1511.0,0.11102,1131.0
1753617496205,11:58:16.205,okx,AEVO/USDT:USDT,0.11098,383.0,0.11097,1884.0,0.11101,1511.0,0.11102,1.0
1753617496305,11:58:16.305,okx,AEVO/USDT:USDT,0.11098,383.0,0.11097,1884.0,0.11101,1511.0,0.11102,1.0
1753617496905,11:58:16.905,okx,AEVO/USDT:USDT,0.11098,383.0,0.11097,1884.0,0.11101,1511.0,0.11102,1131.0
1753617497005,11:58:17.005,okx,AEVO/USDT:USDT,0.11098,383.0,0.11097,1884.0,0.11101,1511.0,0.11102,1131.0
1753617497105,11:58:17.105,okx,AEVO/USDT:USDT,0.11098,383.0,0.11097,1884.0,0.11101,1511.0,0.11102,1131.0
1753617498105,11:58:18.105,okx,AEVO/USDT:USDT,0.11098,383.0,0.11097,1885.0,0.111,797.0,0.11101,1199.0
1753617498205,11:58:18.205,okx,AEVO/USDT:USDT,0.11098,383.0,0.11097,1885.0,0.111,797.0,0.11101,1199.0
1753617498605,11:58:18.605,okx,AEVO/USDT:USDT,0.11098,383.0,0.11097,1885.0,0.111,797.0,0.11101,1199.0
1753617499305,11:58:19.305,okx,AEVO/USDT:USDT,0.11098,383.0,0.11097,1885.0,0.111,797.0,0.11101,679.0
1753617499405,11:58:19.405,okx,AEVO/USDT:USDT,0.11098,383.0,0.11097,1885.0,0.111,797.0,0.11101,679.0
1753617500805,11:58:20.805,okx,AEVO/USDT:USDT,0.11098,383.0,0.11097,1885.0,0.111,1317.0,0.11101,679.0
1753617501205,11:58:21.205,okx,AEVO/USDT:USDT,0.11098,383.0,0.11097,1885.0,0.111,1318.0,0.11101,679.0
1753617502405,11:58:22.405,okx,AEVO/USDT:USDT,0.11098,384.0,0.11097,1885.0,0.111,1.0,0.11101,679.0
1753617502705,11:58:22.705,okx,AEVO/USDT:USDT,0.11098,384.0,0.11097,1885.0,0.111,1.0,0.11101,679.0
1753617503305,11:58:23.305,okx,AEVO/USDT:USDT,0.11098,383.0,0.11097,3.0,0.11099,6262.0,0.111,1500.0
1753617504005,11:58:24.005,okx,AEVO/USDT:USDT,0.11096,1.0,0.11095,4.0,0.11097,1394.0,0.11098,1818.0
1753617504105,11:58:24.105,okx,AEVO/USDT:USDT,0.11096,1.0,0.11095,4.0,0.11097,1394.0,0.11098,1818.0
1753617505405,11:58:25.405,okx,AEVO/USDT:USDT,0.11096,1.0,0.11095,4.0,0.11097,2784.0,0.11098,1502.0
1753617505605,11:58:25.605,okx,AEVO/USDT:USDT,0.11096,1.0,0.11095,4.0,0.11097,2784.0,0.11098,1502.0
1753617505805,11:58:25.805,okx,AEVO/USDT:USDT,0.11096,1.0,0.11095,4.0,0.11097,2246.0,0.11098,367.0
1753617506305,11:58:26.305,okx,AEVO/USDT:USDT,0.11096,1.0,0.11095,4.0,0.11097,2246.0,0.11098,367.0
1753617507705,11:58:27.705,okx,AEVO/USDT:USDT,0.11096,1.0,0.11095,4.0,0.11097,2246.0,0.11098,1502.0
1753617508005,11:58:28.005,okx,AEVO/USDT:USDT,0.11096,1.0,0.11095,4.0,0.11097,2246.0,0.11098,1502.0
1753617508905,11:58:28.905,okx,AEVO/USDT:USDT,0.11096,1.0,0.11095,4.0,0.11097,2246.0,0.11098,1502.0
1753617509305,11:58:29.305,okx,AEVO/USDT:USDT,0.11096,1.0,0.11095,4.0,0.11097,2246.0,0.11098,1502.0
1753617509605,11:58:29.605,okx,AEVO/USDT:USDT,0.11096,1.0,0.11095,4.0,0.11097,2246.0,0.11098,1502.0
1753617510305,11:58:30.305,okx,AEVO/USDT:USDT,0.11096,1.0,0.11095,4.0,0.11097,2246.0,0.11098,367.0
1753617511205,11:58:31.205,okx,AEVO/USDT:USDT,0.11096,1.0,0.11095,4.0,0.11097,2246.0,0.11098,367.0
1753617511505,11:58:31.505,okx,AEVO/USDT:USDT,0.11097,1794.0,0.11096,3.0,0.11098,657.0,0.11099,6503.0
1753617511905,11:58:31.905,okx,AEVO/USDT:USDT,0.11097,1794.0,0.11096,3.0,0.11099,6503.0,0.111,2.0
1753617512005,11:58:32.005,okx,AEVO/USDT:USDT,0.11097,1794.0,0.11096,3.0,0.11099,6503.0,0.111,2.0
1753617512105,11:58:32.105,okx,AEVO/USDT:USDT,0.11097,1794.0,0.11096,3.0,0.11099,6503.0,0.111,2.0
1753617512205,11:58:32.205,okx,AEVO/USDT:USDT,0.11097,1794.0,0.11096,3.0,0.11099,6503.0,0.111,2.0
1753617512505,11:58:32.505,okx,AEVO/USDT:USDT,0.11097,1806.0,0.11096,3.0,0.11099,6503.0,0.111,2.0
1753617512705,11:58:32.705,okx,AEVO/USDT:USDT,0.11097,1806.0,0.11096,3.0,0.11099,6503.0,0.111,2.0
1753617513005,11:58:33.005,okx,AEVO/USDT:USDT,0.11096,3.0,0.11095,117.0,0.11099,6503.0,0.111,1089.0
1753617513805,11:58:33.805,okx,AEVO/USDT:USDT,0.11096,1.0,0.11095,4.0,0.11097,713.0,0.11098,779.0
1753617513905,11:58:33.905,okx,AEVO/USDT:USDT,0.11096,1.0,0.11095,4.0,0.11097,713.0,0.11098,779.0
1753617514105,11:58:34.105,okx,AEVO/USDT:USDT,0.11096,1.0,0.11095,4.0,0.11098,778.0,0.11099,7552.0
1753617514605,11:58:34.605,okx,AEVO/USDT:USDT,0.11096,1.0,0.11095,67.0,0.11098,1299.0,0.11099,7552.0
1753617514805,11:58:34.805,okx,AEVO/USDT:USDT,0.11096,3.0,0.11095,4.0,0.11097,521.0,0.11098,1866.0
1753617516405,11:58:36.405,okx,AEVO/USDT:USDT,0.11096,3.0,0.11095,4.0,0.11097,522.0,0.11098,779.0
1753617517405,11:58:37.405,okx,AEVO/USDT:USDT,0.11096,3.0,0.11095,4.0,0.11097,522.0,0.11098,2.0
1753617517905,11:58:37.905,okx,AEVO/USDT:USDT,0.11096,3.0,0.11095,4.0,0.11098,1.0,0.11099,7552.0
1753617518305,11:58:38.305,okx,AEVO/USDT:USDT,0.11096,3.0,0.11095,118.0,0.11098,1511.0,0.11099,6900.0
1753617518605,11:58:38.605,okx,AEVO/USDT:USDT,0.11096,3.0,0.11095,4.0,0.11098,1511.0,0.11099,6900.0
1753617519605,11:58:39.605,okx,AEVO/USDT:USDT,0.11096,3.0,0.11095,4.0,0.11098,1511.0,0.11099,6900.0
1753617520205,11:58:40.205,okx,AEVO/USDT:USDT,0.11096,3.0,0.11095,4.0,0.11098,1511.0,0.11099,6900.0
1753617520305,11:58:40.305,okx,AEVO/USDT:USDT,0.11096,3.0,0.11095,4.0,0.11098,1511.0,0.11099,6900.0
1753617521405,11:58:41.405,okx,AEVO/USDT:USDT,0.11096,3.0,0.11095,4.0,0.11097,25795.0,0.11098,2.0
1753617521605,11:58:41.605,okx,AEVO/USDT:USDT,0.11096,3.0,0.11095,4.0,0.11097,25795.0,0.11098,2.0
1753617522305,11:58:42.305,okx,AEVO/USDT:USDT,0.11096,3.0,0.11095,4.0,0.11097,25795.0,0.11098,2.0
1753617523905,11:58:43.905,okx,AEVO/USDT:USDT,0.11096,3.0,0.11095,4.0,0.11097,25795.0,0.11098,2.0
1753617524505,11:58:44.505,okx,AEVO/USDT:USDT,0.11096,3.0,0.11095,4.0,0.11097,25795.0,0.11098,2.0
1753617524705,11:58:44.705,okx,AEVO/USDT:USDT,0.11096,3.0,0.11095,4.0,0.11097,25795.0,0.11098,2.0
1753617526305,11:58:46.305,okx,AEVO/USDT:USDT,0.11096,3.0,0.11095,4.0,0.11097,25795.0,0.11098,2.0
1753617526605,11:58:46.605,okx,AEVO/USDT:USDT,0.11096,3.0,0.11095,4.0,0.11097,25795.0,0.11098,2.0
1753617526705,11:58:46.705,okx,AEVO/USDT:USDT,0.11096,3.0,0.11095,4.0,0.11097,25795.0,0.11098,2.0
1753617526805,11:58:46.805,okx,AEVO/USDT:USDT,0.11096,3.0,0.11095,4.0,0.11097,25795.0,0.11098,2.0
1753617528405,11:58:48.405,okx,AEVO/USDT:USDT,0.11096,3.0,0.11095,4.0,0.11097,25795.0,0.11098,2.0
1753617530005,11:58:50.005,okx,AEVO/USDT:USDT,0.11096,3.0,0.11095,4.0,0.11097,25795.0,0.11098,2.0
1753617531405,11:58:51.405,okx,AEVO/USDT:USDT,0.11096,3.0,0.11095,4.0,0.11097,25795.0,0.11098,2.0
1753617532905,11:58:52.905,okx,AEVO/USDT:USDT,0.11096,3.0,0.11095,4.0,0.11097,25795.0,0.11098,2.0
1753617533105,11:58:53.105,okx,AEVO/USDT:USDT,0.11096,3.0,0.11095,4.0,0.11097,25795.0,0.11098,2.0
1753617533205,11:58:53.205,okx,AEVO/USDT:USDT,0.11096,3.0,0.11095,4.0,0.11097,25795.0,0.11098,2.0
1753617533405,11:58:53.405,okx,AEVO/USDT:USDT,0.11096,3.0,0.11095,4.0,0.11097,25795.0,0.11098,2.0
1753617533905,11:58:53.905,okx,AEVO/USDT:USDT,0.11096,3.0,0.11095,4.0,0.11097,25795.0,0.11098,2.0
1753617534305,11:58:54.305,okx,AEVO/USDT:USDT,0.11096,3.0,0.11095,4.0,0.11097,25795.0,0.11098,2.0
1753617534605,11:58:54.605,okx,AEVO/USDT:USDT,0.11096,3.0,0.11095,4.0,0.11097,25795.0,0.11098,2.0
1753617535405,11:58:55.405,okx,AEVO/USDT:USDT,0.11096,3.0,0.11095,4.0,0.11097,25795.0,0.11098,2.0
1753617535605,11:58:55.605,okx,AEVO/USDT:USDT,0.11096,3.0,0.11095,4.0,0.11097,25795.0,0.11098,2.0
1753617536605,11:58:56.605,okx,AEVO/USDT:USDT,0.11096,3.0,0.11095,4.0,0.11097,25795.0,0.11098,2.0
1753617538605,11:58:58.605,okx,AEVO/USDT:USDT,0.11096,3.0,0.11095,4.0,0.11097,25813.0,0.11098,2.0
1753617538705,11:58:58.705,okx,AEVO/USDT:USDT,0.11096,3.0,0.11095,4.0,0.11097,25813.0,0.11098,2.0
1753617538805,11:58:58.805,okx,AEVO/USDT:USDT,0.11096,3.0,0.11095,4.0,0.11097,25813.0,0.11098,2.0
1753617539205,11:58:59.205,okx,AEVO/USDT:USDT,0.11096,3.0,0.11095,4.0,0.11097,25813.0,0.11098,2.0
1753617540305,11:59:00.305,okx,AEVO/USDT:USDT,0.11096,538.0,0.11095,4.0,0.11097,27736.0,0.11098,2.0
1753617540805,11:59:00.805,okx,AEVO/USDT:USDT,0.111,2019.0,0.11099,5942.0,0.11104,645.0,0.11105,3509.0
1753617541005,11:59:01.005,okx,AEVO/USDT:USDT,0.111,2019.0,0.11099,5942.0,0.11104,645.0,0.11105,3509.0
1753617541305,11:59:01.305,okx,AEVO/USDT:USDT,0.111,2019.0,0.11099,5942.0,0.11104,645.0,0.11105,3509.0
1753617541605,11:59:01.605,okx,AEVO/USDT:USDT,0.111,2019.0,0.11099,5942.0,0.11104,645.0,0.11105,3509.0
1753617541705,11:59:01.705,okx,AEVO/USDT:USDT,0.111,2019.0,0.11099,5942.0,0.11104,645.0,0.11105,3509.0
1753617542305,11:59:02.305,okx,AEVO/USDT:USDT,0.111,2064.0,0.11099,5942.0,0.11104,645.0,0.11105,1692.0
1753617542605,11:59:02.605,okx,AEVO/USDT:USDT,0.111,2064.0,0.11099,5942.0,0.11104,108.0,0.11105,4.0
1753617542705,11:59:02.705,okx,AEVO/USDT:USDT,0.111,2064.0,0.11099,5942.0,0.11103,3.0,0.11104,108.0
1753617543205,11:59:03.205,okx,AEVO/USDT:USDT,0.111,2064.0,0.11099,540.0,0.11103,3.0,0.11104,108.0
1753617543405,11:59:03.405,okx,AEVO/USDT:USDT,0.111,2064.0,0.11099,540.0,0.11103,3.0,0.11104,108.0
1753617543605,11:59:03.605,okx,AEVO/USDT:USDT,0.111,2064.0,0.11099,540.0,0.11103,3.0,0.11104,108.0
1753617543905,11:59:03.905,okx,AEVO/USDT:USDT,0.111,2064.0,0.11099,540.0,0.11104,108.0,0.11105,5453.0
1753617545305,11:59:05.305,okx,AEVO/USDT:USDT,0.11099,805.0,0.11098,3586.0,0.11102,714.0,0.11103,522.0
1753617545705,11:59:05.705,okx,AEVO/USDT:USDT,0.111,520.0,0.11099,2.0,0.11104,109.0,0.11105,4.0
1753617546505,11:59:06.505,okx,AEVO/USDT:USDT,0.11098,1050.0,0.11097,2593.0,0.11101,1.0,0.11102,3897.0
1753617546905,11:59:06.905,okx,AEVO/USDT:USDT,0.11098,1046.0,0.11097,2594.0,0.11101,1.0,0.11102,2346.0
1753617547105,11:59:07.105,okx,AEVO/USDT:USDT,0.11098,1044.0,0.11097,2594.0,0.11101,1.0,0.11102,2346.0
1753617547305,11:59:07.305,okx,AEVO/USDT:USDT,0.11098,1042.0,0.11097,2594.0,0.11101,1.0,0.11102,2346.0
1753617547405,11:59:07.405,okx,AEVO/USDT:USDT,0.11098,1042.0,0.11097,2594.0,0.11101,1.0,0.11102,2346.0
1753617547505,11:59:07.505,okx,AEVO/USDT:USDT,0.11098,1041.0,0.11097,2594.0,0.11101,1.0,0.11102,2346.0
1753617547905,11:59:07.905,okx,AEVO/USDT:USDT,0.11098,1037.0,0.11097,2594.0,0.11101,1.0,0.11102,2347.0
1753617548205,11:59:08.205,okx,AEVO/USDT:USDT,0.11098,1034.0,0.11097,2594.0,0.11101,1.0,0.11102,523.0
1753617548305,11:59:08.305,okx,AEVO/USDT:USDT,0.11098,1033.0,0.11097,2594.0,0.11102,523.0,0.11103,6080.0
1753617548805,11:59:08.805,okx,AEVO/USDT:USDT,0.11098,1028.0,0.11097,2594.0,0.11101,49.0,0.11102,4395.0
1753617548905,11:59:08.905,okx,AEVO/USDT:USDT,0.11098,1027.0,0.11097,2594.0,0.11101,49.0,0.11102,4395.0
1753617549005,11:59:09.005,okx,AEVO/USDT:USDT,0.11098,1026.0,0.11097,2594.0,0.11101,49.0,0.11102,4395.0
1753617549105,11:59:09.105,okx,AEVO/USDT:USDT,0.11098,1025.0,0.11097,2594.0,0.11101,49.0,0.11102,4395.0
1753617549205,11:59:09.205,okx,AEVO/USDT:USDT,0.11098,1024.0,0.11097,2594.0,0.11101,49.0,0.11102,4395.0
1753617549305,11:59:09.305,okx,AEVO/USDT:USDT,0.11098,1023.0,0.11097,2594.0,0.11101,49.0,0.11102,4395.0
1753617549605,11:59:09.605,okx,AEVO/USDT:USDT,0.11098,1542.0,0.11097,2594.0,0.11101,49.0,0.11102,1.0
1753617550205,11:59:10.205,okx,AEVO/USDT:USDT,0.11098,1536.0,0.11097,3256.0,0.11101,49.0,0.11102,1.0
1753617551105,11:59:11.105,okx,AEVO/USDT:USDT,0.11098,1571.0,0.11097,3256.0,0.11101,49.0,0.11102,1.0
1753617551205,11:59:11.205,okx,AEVO/USDT:USDT,0.11098,1570.0,0.11097,3256.0,0.11101,49.0,0.11102,1.0
1753617551505,11:59:11.505,okx,AEVO/USDT:USDT,0.11098,1567.0,0.11097,3256.0,0.11101,49.0,0.11102,1.0
1753617551805,11:59:11.805,okx,AEVO/USDT:USDT,0.11099,516.0,0.11098,50.0,0.11101,49.0,0.11102,1.0
1753617552205,11:59:12.205,okx,AEVO/USDT:USDT,0.11099,684.0,0.11098,534.0,0.11101,49.0,0.11102,1.0
1753617552405,11:59:12.405,okx,AEVO/USDT:USDT,0.11099,682.0,0.11098,5.0,0.11101,49.0,0.11102,1.0
1753617552605,11:59:12.605,okx,AEVO/USDT:USDT,0.11099,680.0,0.11098,5.0,0.11101,49.0,0.11102,1.0
1753617552805,11:59:12.805,okx,AEVO/USDT:USDT,0.11099,683.0,0.11098,5.0,0.11101,49.0,0.11102,1.0
1753617552905,11:59:12.905,okx,AEVO/USDT:USDT,0.111,1.0,0.11099,683.0,0.11103,4.0,0.11104,436.0
1753617554105,11:59:14.105,okx,AEVO/USDT:USDT,0.11099,730.0,0.11098,5.0,0.11102,1.0,0.11103,4.0
1753617554305,11:59:14.305,okx,AEVO/USDT:USDT,0.11099,727.0,0.11098,1424.0,0.11102,1.0,0.11103,4.0
1753617554405,11:59:14.405,okx,AEVO/USDT:USDT,0.11099,726.0,0.11098,1424.0,0.11102,1.0,0.11103,4.0
1753617554605,11:59:14.605,okx,AEVO/USDT:USDT,0.111,569.0,0.11099,48.0,0.11102,1.0,0.11103,4.0
1753617555505,11:59:15.505,okx,AEVO/USDT:USDT,0.11101,1.0,0.111,518.0,0.11103,2.0,0.11104,64.0
1753617555705,11:59:15.705,okx,AEVO/USDT:USDT,0.111,517.0,0.11099,165.0,0.11103,3.0,0.11104,64.0
1753617556005,11:59:16.005,okx,AEVO/USDT:USDT,0.111,514.0,0.11099,165.0,0.11103,3.0,0.11104,64.0
1753617557005,11:59:17.005,okx,AEVO/USDT:USDT,0.11099,514.0,0.11098,1833.0,0.11102,1.0,0.11103,4.0
1753617558005,11:59:18.005,okx,AEVO/USDT:USDT,0.111,892.0,0.11099,48.0,0.11103,2.0,0.11104,64.0
1753617558505,11:59:18.505,okx,AEVO/USDT:USDT,0.111,1045.0,0.11099,3.0,0.11102,1.0,0.11104,64.0
1753617558805,11:59:18.805,okx,AEVO/USDT:USDT,0.11101,1.0,0.111,1564.0,0.11104,64.0,0.11105,4.0
1753617558905,11:59:18.905,okx,AEVO/USDT:USDT,0.111,1404.0,0.11099,3.0,0.11102,1.0,0.11104,64.0
1753617559105,11:59:19.105,okx,AEVO/USDT:USDT,0.11103,46.0,0.11101,1913.0,0.11104,64.0,0.11105,4.0
1753617559205,11:59:19.205,okx,AEVO/USDT:USDT,0.11101,1914.0,0.111,1351.0,0.11104,63.0,0.11105,1867.0
1753617559405,11:59:19.405,okx,AEVO/USDT:USDT,0.11101,1914.0,0.111,1351.0,0.11104,63.0,0.11105,1867.0
1753617559805,11:59:19.805,okx,AEVO/USDT:USDT,0.11101,1914.0,0.111,724.0,0.11104,63.0,0.11105,4.0
1753617559905,11:59:19.905,okx,AEVO/USDT:USDT,0.11101,1914.0,0.111,724.0,0.11104,63.0,0.11105,4.0
1753617560005,11:59:20.005,okx,AEVO/USDT:USDT,0.11101,1914.0,0.111,724.0,0.11104,63.0,0.11105,4.0
1753617560105,11:59:20.105,okx,AEVO/USDT:USDT,0.11101,1914.0,0.111,679.0,0.11104,63.0,0.11105,4.0
1753617560305,11:59:20.305,okx,AEVO/USDT:USDT,0.11101,1914.0,0.111,679.0,0.11104,63.0,0.11105,4.0
1753617561905,11:59:21.905,okx,AEVO/USDT:USDT,0.11101,1914.0,0.111,679.0,0.11104,63.0,0.11105,1860.0
1753617562005,11:59:22.005,okx,AEVO/USDT:USDT,0.11101,1914.0,0.111,520.0,0.11104,63.0,0.11105,4.0
1753617562205,11:59:22.205,okx,AEVO/USDT:USDT,0.11101,2117.0,0.111,2.0,0.11103,1438.0,0.11104,592.0
1753617562305,11:59:22.305,okx,AEVO/USDT:USDT,0.11101,2117.0,0.111,2.0,0.11103,1438.0,0.11104,592.0
1753617563105,11:59:23.105,okx,AEVO/USDT:USDT,0.11102,1.0,0.11101,2072.0,0.11104,64.0,0.11105,316.0
1753617563605,11:59:23.605,okx,AEVO/USDT:USDT,0.11102,1.0,0.11101,2072.0,0.11104,64.0,0.11105,316.0
1753617564205,11:59:24.205,okx,AEVO/USDT:USDT,0.11102,1.0,0.11101,2072.0,0.11104,64.0,0.11105,316.0
1753617564305,11:59:24.305,okx,AEVO/USDT:USDT,0.11102,1.0,0.11101,2072.0,0.11104,64.0,0.11105,316.0
1753617565305,11:59:25.305,okx,AEVO/USDT:USDT,0.11102,1.0,0.11101,2072.0,0.11104,64.0,0.11105,316.0
1753617565705,11:59:25.705,okx,AEVO/USDT:USDT,0.11102,1.0,0.11101,2072.0,0.11104,64.0,0.11105,316.0
1753617566205,11:59:26.205,okx,AEVO/USDT:USDT,0.11102,1.0,0.11101,2072.0,0.11104,64.0,0.11105,316.0
1753617567405,11:59:27.405,okx,AEVO/USDT:USDT,0.11102,1.0,0.111,2.0,0.11103,1240.0,0.11104,1004.0
1753617567505,11:59:27.505,okx,AEVO/USDT:USDT,0.11102,1.0,0.111,2.0,0.11103,1240.0,0.11104,1004.0
1753617567705,11:59:27.705,okx,AEVO/USDT:USDT,0.11102,881.0,0.11101,1.0,0.11104,63.0,0.11105,4.0
1753617568005,11:59:28.005,okx,AEVO/USDT:USDT,0.11102,1040.0,0.11101,110.0,0.11104,63.0,0.11105,4.0
1753617568405,11:59:28.405,okx,AEVO/USDT:USDT,0.11107,1257.0,0.11106,1835.0,0.11111,4084.0,0.11112,5.0
1753617568905,11:59:28.905,okx,AEVO/USDT:USDT,0.11107,528.0,0.11106,665.0,0.11109,798.0,0.11112,533.0
1753617569305,11:59:29.305,okx,AEVO/USDT:USDT,0.11105,1714.0,0.11104,1139.0,0.11108,713.0,0.11109,1.0
1753617569405,11:59:29.405,okx,AEVO/USDT:USDT,0.11105,1714.0,0.11104,1139.0,0.11108,713.0,0.11109,1.0
1753617569505,11:59:29.505,okx,AEVO/USDT:USDT,0.11105,1714.0,0.11104,1139.0,0.11108,713.0,0.11109,1.0
1753617569605,11:59:29.605,okx,AEVO/USDT:USDT,0.11105,1714.0,0.11104,1139.0,0.11108,713.0,0.11109,1.0
1753617570005,11:59:30.005,okx,AEVO/USDT:USDT,0.11105,1714.0,0.11104,1139.0,0.11108,713.0,0.11109,1.0
1753617570505,11:59:30.505,okx,AEVO/USDT:USDT,0.11105,1714.0,0.11104,1139.0,0.11109,1.0,0.1111,1.0
1753617571305,11:59:31.305,okx,AEVO/USDT:USDT,0.11106,529.0,0.11105,1480.0,0.11111,529.0,0.11112,1160.0
1753617571505,11:59:31.505,okx,AEVO/USDT:USDT,0.11106,529.0,0.11105,1480.0,0.11111,529.0,0.11112,1160.0
1753617571905,11:59:31.905,okx,AEVO/USDT:USDT,0.11106,529.0,0.11105,1480.0,0.11111,529.0,0.11112,5.0
1753617572005,11:59:32.005,okx,AEVO/USDT:USDT,0.11106,529.0,0.11105,1480.0,0.11111,529.0,0.11112,1172.0
1753617572105,11:59:32.105,okx,AEVO/USDT:USDT,0.11106,529.0,0.11105,1480.0,0.11111,529.0,0.11112,1172.0
1753617572505,11:59:32.505,okx,AEVO/USDT:USDT,0.11106,529.0,0.11105,1480.0,0.11111,529.0,0.11112,1172.0
1753617572705,11:59:32.705,okx,AEVO/USDT:USDT,0.11106,529.0,0.11105,1480.0,0.11111,529.0,0.11112,1172.0
1753617573005,11:59:33.005,okx,AEVO/USDT:USDT,0.11109,3.0,0.11106,529.0,0.11111,529.0,0.11112,1172.0
1753617573305,11:59:33.305,okx,AEVO/USDT:USDT,0.11109,3.0,0.11108,2.0,0.11111,529.0,0.11112,1172.0
1753617575305,11:59:35.305,okx,AEVO/USDT:USDT,0.11109,162.0,0.11108,3.0,0.11111,797.0,0.11112,5.0
1753617575405,11:59:35.405,okx,AEVO/USDT:USDT,0.11109,162.0,0.11108,3.0,0.11111,797.0,0.11112,5.0
1753617575605,11:59:35.605,okx,AEVO/USDT:USDT,0.11109,162.0,0.11108,3.0,0.11111,797.0,0.11112,5.0
1753617575905,11:59:35.905,okx,AEVO/USDT:USDT,0.11109,162.0,0.11108,3.0,0.11111,797.0,0.11112,5.0
1753617576505,11:59:36.505,okx,AEVO/USDT:USDT,0.11109,1854.0,0.11108,3.0,0.11111,797.0,0.11112,5.0
1753617576605,11:59:36.605,okx,AEVO/USDT:USDT,0.11109,1854.0,0.11108,3.0,0.11111,797.0,0.11112,5.0
1753617577605,11:59:37.605,okx,AEVO/USDT:USDT,0.11109,1854.0,0.11108,3.0,0.11111,839.0,0.11112,5.0
1753617577705,11:59:37.705,okx,AEVO/USDT:USDT,0.11109,1854.0,0.11108,3.0,0.11111,839.0,0.11112,5.0
1753617577905,11:59:37.905,okx,AEVO/USDT:USDT,0.11109,1854.0,0.11108,3.0,0.11111,1380.0,0.11112,5.0
1753617578005,11:59:38.005,okx,AEVO/USDT:USDT,0.11109,1854.0,0.11108,3.0,0.11111,1380.0,0.11112,5.0
1753617578605,11:59:38.605,okx,AEVO/USDT:USDT,0.11109,1854.0,0.11108,3.0,0.11111,1380.0,0.11112,5.0
1753617579405,11:59:39.405,okx,AEVO/USDT:USDT,0.11109,1854.0,0.11108,4.0,0.11111,42.0,0.11112,5.0
1753617580905,11:59:40.905,okx,AEVO/USDT:USDT,0.11109,1854.0,0.11108,574.0,0.11111,42.0,0.11112,2.0
1753617583705,11:59:43.705,okx,AEVO/USDT:USDT,0.11108,8.0,0.11107,2.0,0.11111,1369.0,0.11112,4.0
1753617585105,11:59:45.105,okx,AEVO/USDT:USDT,0.11108,537.0,0.11107,2.0,0.1111,1511.0,0.11111,43.0
1753617585905,11:59:45.905,okx,AEVO/USDT:USDT,0.11108,537.0,0.11107,2.0,0.1111,1961.0,0.11111,1.0
1753617586805,11:59:46.805,okx,AEVO/USDT:USDT,0.11108,537.0,0.11107,2.0,0.1111,1991.0,0.11111,1.0
1753617587405,11:59:47.405,okx,AEVO/USDT:USDT,0.11108,537.0,0.11107,2.0,0.1111,1991.0,0.11111,1.0
1753617587505,11:59:47.505,okx,AEVO/USDT:USDT,0.11108,537.0,0.11107,2.0,0.1111,1991.0,0.11111,1.0
1753617588605,11:59:48.605,okx,AEVO/USDT:USDT,0.11108,537.0,0.11107,2.0,0.1111,1228.0,0.11111,1.0
1753617590405,11:59:50.405,okx,AEVO/USDT:USDT,0.11112,1.0,0.11111,2853.0,0.11116,530.0,0.11118,533.0
1753617591105,11:59:51.105,okx,AEVO/USDT:USDT,0.11106,1.0,0.11105,4.0,0.11109,714.0,0.1111,529.0
1753617591205,11:59:51.205,okx,AEVO/USDT:USDT,0.11106,1.0,0.11105,4.0,0.11108,1511.0,0.11109,1.0
1753617591305,11:59:51.305,okx,AEVO/USDT:USDT,0.11106,1.0,0.11105,4.0,0.11108,1511.0,0.11109,1.0
1753617591405,11:59:51.405,okx,AEVO/USDT:USDT,0.11106,1.0,0.11105,4.0,0.11108,1511.0,0.11109,1.0
1753617591905,11:59:51.905,okx,AEVO/USDT:USDT,0.11106,1.0,0.11105,4.0,0.11108,1510.0,0.11109,1.0
1753617592105,11:59:52.105,okx,AEVO/USDT:USDT,0.11106,1.0,0.11105,4.0,0.11108,1510.0,0.11109,1.0
1753617592205,11:59:52.205,okx,AEVO/USDT:USDT,0.11106,1.0,0.11105,4.0,0.11108,1510.0,0.11109,1.0
1753617593305,11:59:53.305,okx,AEVO/USDT:USDT,0.11106,1.0,0.11105,6.0,0.11108,2042.0,0.11109,1.0
1753617594605,11:59:54.605,okx,AEVO/USDT:USDT,0.11106,1.0,0.11105,4.0,0.11108,1510.0,0.11109,1.0
1753617597105,11:59:57.105,okx,AEVO/USDT:USDT,0.11106,1.0,0.11105,4.0,0.11108,1510.0,0.11109,1.0
1753617597905,11:59:57.905,okx,AEVO/USDT:USDT,0.11106,1.0,0.11105,4.0,0.11108,1510.0,0.11109,1.0
1753617598505,11:59:58.505,okx,AEVO/USDT:USDT,0.11106,1.0,0.11105,4.0,0.11108,1510.0,0.11109,1.0
1753617598605,11:59:58.605,okx,AEVO/USDT:USDT,0.11106,1.0,0.11105,4.0,0.11108,1510.0,0.11109,1.0
1753617599005,11:59:59.005,okx,AEVO/USDT:USDT,0.11106,1.0,0.11105,4.0,0.11108,2042.0,0.11109,1.0
1753617600405,12:00:00.405,okx,AEVO/USDT:USDT,0.11106,1.0,0.11105,4.0,0.11107,128.0,0.11108,533.0
1753617600505,12:00:00.505,okx,AEVO/USDT:USDT,0.11106,1.0,0.11105,4.0,0.11107,660.0,0.11108,533.0
1753617600805,12:00:00.805,okx,AEVO/USDT:USDT,0.11106,1.0,0.11105,4.0,0.11107,660.0,0.11108,1.0
1753617601405,12:00:01.405,okx,AEVO/USDT:USDT,0.111,3.0,0.11099,1062.0,0.11104,2015.0,0.11105,1089.0
1753617601805,12:00:01.805,okx,AEVO/USDT:USDT,0.111,3.0,0.11099,1062.0,0.11104,2015.0,0.11105,1089.0
1753617601905,12:00:01.905,okx,AEVO/USDT:USDT,0.111,3.0,0.11099,1062.0,0.11104,2015.0,0.11105,1089.0
1753617603005,12:00:03.005,okx,AEVO/USDT:USDT,0.11098,240.0,0.11097,2.0,0.11099,713.0,0.111,1.0
1753617604105,12:00:04.105,okx,AEVO/USDT:USDT,0.11098,462.0,0.11097,3.0,0.11102,521.0,0.11103,1352.0
1753617604805,12:00:04.805,okx,AEVO/USDT:USDT,0.11096,1.0,0.11095,4.0,0.11099,1235.0,0.111,990.0
1753617605505,12:00:05.505,okx,AEVO/USDT:USDT,0.11096,1.0,0.11095,4.0,0.11098,521.0,0.11099,46.0
1753617605705,12:00:05.705,okx,AEVO/USDT:USDT,0.11096,1.0,0.11095,4.0,0.11098,521.0,0.11099,46.0
1753617606605,12:00:06.605,okx,AEVO/USDT:USDT,0.1109,1206.0,0.11089,692.0,0.11095,521.0,0.11096,69188.0
1753617607105,12:00:07.105,okx,AEVO/USDT:USDT,0.1109,684.0,0.11089,691.0,0.11092,521.0,0.11093,974.0
1753617607205,12:00:07.205,okx,AEVO/USDT:USDT,0.1109,686.0,0.11089,2.0,0.11091,45.0,0.11092,48.0
