timestamp,time,exchange,symbol,bid1_price,bid1_volume,bid2_price,bid2_volume,ask1_price,ask1_volume,ask2_price,ask2_volume
1753617156530,11:52:36.530,blofin,ADA/USDT:USDT,0.8222,401.0,0.822,0.02,0.8225,625.0,0.8226,2.0
1753617160024,11:52:40.024,blofin,ADA/USDT:USDT,0.8223,3.0,0.8222,325.0,0.8225,278.0,0.8226,2.0
1753617160536,11:52:40.536,blofin,ADA/USDT:USDT,0.8222,330.0,0.8221,1637.0,0.8225,276.0,0.8226,2.0
1753617161536,11:52:41.536,blofin,ADA/USDT:USDT,0.8223,328.0,0.8221,2667.0,0.8225,278.0,0.8226,2.0
1753617163538,11:52:43.538,blofin,ADA/USDT:USDT,0.8222,374.0,0.8221,4709.0,0.8225,220.0,0.8226,256.0
1753617164027,11:52:44.027,blofin,ADA/USDT:USDT,0.8222,388.0,0.822,5240.02,0.8225,49.0,0.8226,256.0
1753617165545,11:52:45.545,blofin,ADA/USDT:USDT,0.8225,482.0,0.8224,4894.0,0.8226,257.0,0.8227,253.0
1753617166025,11:52:46.025,blofin,ADA/USDT:USDT,0.8225,1.0,0.8224,414.0,0.8226,257.0,0.8227,534.0
1753617166547,11:52:46.547,blofin,ADA/USDT:USDT,0.8225,1.0,0.8224,414.0,0.8226,256.0,0.8227,535.0
1753617167027,11:52:47.027,blofin,ADA/USDT:USDT,0.8225,222.0,0.8224,2393.0,0.8226,256.0,0.8227,525.0
1753617168043,11:52:48.043,blofin,ADA/USDT:USDT,0.8225,225.0,0.8224,2393.0,0.8226,254.0,0.8227,531.0
1753617168546,11:52:48.546,blofin,ADA/USDT:USDT,0.8225,5.0,0.8224,5.0,0.8227,569.0,0.8229,4285.0
1753617169027,11:52:49.027,blofin,ADA/USDT:USDT,0.8225,377.0,0.8224,2584.0,0.8227,236.0,0.8229,5602.0
1753617170032,11:52:50.032,blofin,ADA/USDT:USDT,0.8225,480.0,0.8224,4740.0,0.8227,5.0,0.8228,224.0
1753617170550,11:52:50.550,blofin,ADA/USDT:USDT,0.8225,481.0,0.8224,4740.0,0.8227,5.0,0.8228,224.0
1753617171032,11:52:51.032,blofin,ADA/USDT:USDT,0.8225,8.0,0.8224,331.0,0.8227,231.0,0.823,6779.0
1753617171749,11:52:51.749,blofin,ADA/USDT:USDT,0.8226,457.0,0.8225,3.0,0.8227,4.0,0.8228,19.0
1753617172557,11:52:52.557,blofin,ADA/USDT:USDT,0.8225,975.0,0.8222,26.0,0.8227,4.0,0.8228,3.0
1753617173031,11:52:53.031,blofin,ADA/USDT:USDT,0.8225,973.0,0.8222,26.0,0.8227,3.0,0.8228,6.0
1753617173552,11:52:53.552,blofin,ADA/USDT:USDT,0.8225,896.0,0.8222,6162.0,0.8227,3.0,0.8228,262.0
1753617174029,11:52:54.029,blofin,ADA/USDT:USDT,0.8225,4820.0,0.8222,1028.0,0.8227,3.0,0.8228,3.0
1753617175030,11:52:55.030,blofin,ADA/USDT:USDT,0.8225,6.0,0.8224,335.0,0.8227,229.0,0.8231,3884.0
1753617175555,11:52:55.555,blofin,ADA/USDT:USDT,0.8225,3.0,0.8224,337.0,0.8227,229.0,0.8231,3884.0
1753617176032,11:52:56.032,blofin,ADA/USDT:USDT,0.8225,3.0,0.8224,323.0,0.8227,262.0,0.823,1412.0
1753617177032,11:52:57.032,blofin,ADA/USDT:USDT,0.8225,3.0,0.8224,358.0,0.8227,195.0,0.8231,5305.0
1753617177558,11:52:57.558,blofin,ADA/USDT:USDT,0.8225,3.0,0.8224,359.0,0.8227,195.0,0.8231,5305.0
1753617178559,11:52:58.559,blofin,ADA/USDT:USDT,0.8225,351.0,0.8224,1622.0,0.8227,3.0,0.8228,238.0
1753617179561,11:52:59.561,blofin,ADA/USDT:USDT,0.8225,351.0,0.8224,1045.0,0.8227,3.0,0.8228,239.0
1753617180035,11:53:00.035,blofin,ADA/USDT:USDT,0.8225,3.0,0.8224,9.0,0.8227,723.0,0.8228,3.0
1753617180562,11:53:00.562,blofin,ADA/USDT:USDT,0.8225,3.0,0.8224,9.0,0.8226,545.0,0.8227,3.0
1753617181036,11:53:01.036,blofin,ADA/USDT:USDT,0.8225,3.0,0.8224,4.0,0.8226,1342.0,0.8227,3.0
1753617181563,11:53:01.563,blofin,ADA/USDT:USDT,0.8225,3.0,0.8223,34.0,0.8226,1342.0,0.8227,3.0
1753617182565,11:53:02.565,blofin,ADA/USDT:USDT,0.8225,769.0,0.8223,3.0,0.8226,5.0,0.8227,3.0
1753617183035,11:53:03.035,blofin,ADA/USDT:USDT,0.8227,739.0,0.8225,3.0,0.8229,52.0,0.8234,6115.0
1753617184028,11:53:04.028,blofin,ADA/USDT:USDT,0.8231,680.0,0.8229,688.0,0.8233,332.0,0.8234,250.0
1753617184572,11:53:04.572,blofin,ADA/USDT:USDT,0.8232,680.0,0.8229,6819.0,0.8233,332.0,0.8234,253.0
1753617185571,11:53:05.571,blofin,ADA/USDT:USDT,0.8231,227.0,0.8226,6702.0,0.8234,376.0,0.8235,125.0
1753617186036,11:53:06.036,blofin,ADA/USDT:USDT,0.8232,162.0,0.8231,5.0,0.8234,399.0,0.8235,538.0
1753617187037,11:53:07.037,blofin,ADA/USDT:USDT,0.8232,259.0,0.8231,4062.0,0.8234,286.0,0.8235,339.0
1753617187573,11:53:07.573,blofin,ADA/USDT:USDT,0.8232,259.0,0.8231,4062.0,0.8234,284.0,0.8235,125.0
1753617188043,11:53:08.043,blofin,ADA/USDT:USDT,0.8232,263.0,0.8231,4057.0,0.8234,284.0,0.8238,44.0
1753617188574,11:53:08.574,blofin,ADA/USDT:USDT,0.8231,233.0,0.8226,2171.0,0.8234,373.0,0.8238,2175.0
1753617189575,11:53:09.575,blofin,ADA/USDT:USDT,0.8231,396.0,0.823,5497.0,0.8234,325.0,0.8237,4703.0
1753617190054,11:53:10.054,blofin,ADA/USDT:USDT,0.8232,272.0,0.8231,4.0,0.8234,340.0,0.8238,44.0
1753617190577,11:53:10.577,blofin,ADA/USDT:USDT,0.8232,272.0,0.8231,4.0,0.8234,338.0,0.8238,218.0
1753617191578,11:53:11.578,blofin,ADA/USDT:USDT,0.8231,454.0,0.8229,4003.0,0.8234,118.0,0.8238,218.0
1753617192042,11:53:12.042,blofin,ADA/USDT:USDT,0.8231,467.0,0.8226,4341.0,0.8234,118.0,0.8237,3252.0
1753617193042,11:53:13.042,blofin,ADA/USDT:USDT,0.8231,468.0,0.8226,4341.0,0.8234,117.0,0.8237,3252.0
1753617193580,11:53:13.580,blofin,ADA/USDT:USDT,0.8231,304.0,0.8226,7219.0,0.8234,296.0,0.8236,1101.0
1753617194044,11:53:14.044,blofin,ADA/USDT:USDT,0.8232,285.0,0.8231,2.0,0.8234,296.0,0.8237,5234.0
1753617194582,11:53:14.582,blofin,ADA/USDT:USDT,0.8232,285.0,0.8231,2.0,0.8234,296.0,0.8237,5234.0
1753617195043,11:53:15.043,blofin,ADA/USDT:USDT,0.8231,409.0,0.8229,1199.0,0.8234,118.0,0.8236,1609.0
1753617196043,11:53:16.043,blofin,ADA/USDT:USDT,0.8231,364.0,0.8228,3532.0,0.8234,113.0,0.8238,2537.0
1753617197087,11:53:17.087,blofin,ADA/USDT:USDT,0.8232,565.0,0.8231,937.0,0.8234,4.0,0.8235,112.0
1753617197586,11:53:17.586,blofin,ADA/USDT:USDT,0.8232,564.0,0.8231,937.0,0.8234,4.0,0.8235,112.0
1753617198062,11:53:18.062,blofin,ADA/USDT:USDT,0.8232,567.0,0.8231,937.0,0.8234,4.0,0.8235,116.0
1753617199045,11:53:19.045,blofin,ADA/USDT:USDT,0.8232,1342.0,0.823,3615.0,0.8235,89.0,0.8239,4829.0
1753617199588,11:53:19.588,blofin,ADA/USDT:USDT,0.8233,1015.0,0.8232,6.0,0.8235,4.0,0.8236,29.0
1753617200097,11:53:20.097,blofin,ADA/USDT:USDT,0.8233,1015.0,0.8232,6.0,0.8235,687.0,0.8236,1.0
1753617201047,11:53:21.047,blofin,ADA/USDT:USDT,0.8232,430.0,0.8229,4811.0,0.8235,281.0,0.8238,6315.0
1753617201591,11:53:21.591,blofin,ADA/USDT:USDT,0.8233,614.0,0.8232,4085.0,0.8235,6.0,0.8236,89.0
1753617202049,11:53:22.049,blofin,ADA/USDT:USDT,0.8233,305.0,0.8232,3.0,0.8235,6.0,0.8236,355.0
1753617203047,11:53:23.047,blofin,ADA/USDT:USDT,0.8232,265.0,0.8229,2916.0,0.8234,1389.0,0.8235,4.0
1753617203592,11:53:23.592,blofin,ADA/USDT:USDT,0.8232,6.0,0.8231,175.0,0.8234,1009.0,0.8235,4.0
1753617204047,11:53:24.047,blofin,ADA/USDT:USDT,0.8232,6.0,0.8231,397.0,0.8234,203.0,0.8235,310.0
1753617204596,11:53:24.596,blofin,ADA/USDT:USDT,0.8232,3.0,0.8231,399.0,0.8234,203.0,0.8235,310.0
1753617205597,11:53:25.597,blofin,ADA/USDT:USDT,0.8233,573.0,0.8232,3.0,0.8235,11.0,0.8237,90.0
1753617206100,11:53:26.100,blofin,ADA/USDT:USDT,0.8232,661.0,0.8231,2.0,0.8235,132.0,0.8237,90.0
1753617206602,11:53:26.602,blofin,ADA/USDT:USDT,0.8232,661.0,0.8231,2.0,0.8235,131.0,0.8237,90.0
1753617207052,11:53:27.052,blofin,ADA/USDT:USDT,0.8233,1068.0,0.8232,3.0,0.8235,7.0,0.8236,9.0
1753617208105,11:53:28.105,blofin,ADA/USDT:USDT,0.8233,774.0,0.8232,3.0,0.8235,4.0,0.8236,336.0
1753617208604,11:53:28.604,blofin,ADA/USDT:USDT,0.8233,776.0,0.8232,3.0,0.8235,4.0,0.8236,336.0
1753617209104,11:53:29.104,blofin,ADA/USDT:USDT,0.8233,454.0,0.8232,3.0,0.8235,4.0,0.8236,546.0
1753617210106,11:53:30.106,blofin,ADA/USDT:USDT,0.8234,696.0,0.8233,7376.0,0.8235,4.0,0.8236,8.0
1753617210606,11:53:30.606,blofin,ADA/USDT:USDT,0.8234,699.0,0.8233,7372.0,0.8235,4.0,0.8236,8.0
1753617211107,11:53:31.107,blofin,ADA/USDT:USDT,0.8233,673.0,0.8232,3.0,0.8235,4.0,0.8236,11.0
1753617212052,11:53:32.052,blofin,ADA/USDT:USDT,0.8234,1115.0,0.8233,5.0,0.8235,4.0,0.8236,2.0
1753617212609,11:53:32.609,blofin,ADA/USDT:USDT,0.8236,1115.0,0.8233,5.0,0.8238,8.0,0.8239,3147.0
1753617213114,11:53:33.114,blofin,ADA/USDT:USDT,0.8236,555.0,0.8234,1206.0,0.8238,10.0,0.824,195.0
1753617213609,11:53:33.609,blofin,ADA/USDT:USDT,0.8236,555.0,0.8234,1206.0,0.8238,10.0,0.824,195.0
1753617214612,11:53:34.612,blofin,ADA/USDT:USDT,0.8235,499.0,0.8232,8.0,0.8238,367.0,0.824,2923.0
1753617215111,11:53:35.111,blofin,ADA/USDT:USDT,0.8236,318.0,0.8235,3917.0,0.8238,236.0,0.824,195.0
1753617215616,11:53:35.616,blofin,ADA/USDT:USDT,0.8236,318.0,0.8235,3917.0,0.8238,238.0,0.824,195.0
1753617216113,11:53:36.113,blofin,ADA/USDT:USDT,0.8235,355.0,0.8232,8.0,0.8238,184.0,0.824,3818.0
1753617217114,11:53:37.114,blofin,ADA/USDT:USDT,0.8235,391.0,0.8232,3384.0,0.8238,162.0,0.824,3907.0
1753617218115,11:53:38.115,blofin,ADA/USDT:USDT,0.8235,431.0,0.8234,3160.0,0.8238,192.0,0.8242,1834.0
1753617218616,11:53:38.616,blofin,ADA/USDT:USDT,0.8235,430.0,0.8234,3160.0,0.8238,192.0,0.8242,1834.0
1753617219617,11:53:39.617,blofin,ADA/USDT:USDT,0.8235,474.0,0.8233,1120.0,0.8238,18.0,0.8242,3552.0
1753617220243,11:53:40.243,blofin,ADA/USDT:USDT,0.8237,491.0,0.8236,7163.0,0.8238,4.0,0.824,11.0
1753617220731,11:53:40.731,blofin,ADA/USDT:USDT,0.8237,1027.0,0.8235,2.0,0.824,13.0,0.8242,2336.0
1753617221621,11:53:41.621,blofin,ADA/USDT:USDT,0.8237,462.0,0.8234,1387.0,0.824,182.0,0.8243,950.0
1753617222125,11:53:42.125,blofin,ADA/USDT:USDT,0.8237,551.0,0.8232,3838.0,0.824,215.0,0.8243,950.0
1753617223037,11:53:43.037,blofin,ADA/USDT:USDT,0.8239,582.0,0.8238,4108.0,0.824,5.0,0.8241,38.0
1753617223625,11:53:43.625,blofin,ADA/USDT:USDT,0.8239,2.0,0.8238,671.0,0.8241,199.0,0.8243,735.0
1753617224126,11:53:44.126,blofin,ADA/USDT:USDT,0.8238,503.0,0.8234,4624.0,0.8241,332.0,0.8243,735.0
1753617225127,11:53:45.127,blofin,ADA/USDT:USDT,0.8238,642.0,0.8237,3339.0,0.8241,71.0,0.8243,735.0
1753617225627,11:53:45.627,blofin,ADA/USDT:USDT,0.8238,639.0,0.8237,3339.0,0.8241,71.0,0.8243,735.0
1753617226227,11:53:46.227,blofin,ADA/USDT:USDT,0.8239,521.0,0.8238,2.0,0.8241,1.0,0.8242,203.0
1753617227227,11:53:47.227,blofin,ADA/USDT:USDT,0.8242,751.0,0.8241,5353.0,0.8243,736.0,0.8244,63.0
1753617227947,11:53:47.947,blofin,ADA/USDT:USDT,0.8242,3.0,0.824,227.0,0.8243,1171.0,0.8246,5702.0
1753617228632,11:53:48.632,blofin,ADA/USDT:USDT,0.8241,182.0,0.824,8.0,0.8243,620.0,0.8245,4567.0
1753617229133,11:53:49.133,blofin,ADA/USDT:USDT,0.8241,756.0,0.824,2235.0,0.8243,7.0,0.8244,319.0
1753617230133,11:53:50.133,blofin,ADA/USDT:USDT,0.8242,821.0,0.8241,3342.0,0.8243,2.0,0.8244,3.0
1753617230634,11:53:50.634,blofin,ADA/USDT:USDT,0.8242,821.0,0.8241,3342.0,0.8243,2.0,0.8245,53.0
1753617231507,11:53:51.507,blofin,ADA/USDT:USDT,0.8241,116.0,0.824,8.0,0.8243,650.0,0.8244,2824.0
1753617232137,11:53:52.137,blofin,ADA/USDT:USDT,0.8241,118.0,0.824,3.0,0.8243,885.0,0.8246,1609.0
1753617232757,11:53:52.757,blofin,ADA/USDT:USDT,0.824,3.0,0.8239,5.0,0.8241,1385.0,0.8243,4.0
1753617233638,11:53:53.638,blofin,ADA/USDT:USDT,0.824,3.0,0.8238,457.0,0.8241,1169.0,0.8242,5742.0
1753617234139,11:53:54.139,blofin,ADA/USDT:USDT,0.824,3.0,0.8239,217.0,0.8241,480.0,0.8243,3427.0
1753617235140,11:53:55.140,blofin,ADA/USDT:USDT,0.824,3.0,0.8239,224.0,0.8241,4.0,0.8242,447.0
1753617235641,11:53:55.641,blofin,ADA/USDT:USDT,0.8237,173.0,0.8234,207.0,0.824,452.0,0.8241,4.0
1753617236642,11:53:56.642,blofin,ADA/USDT:USDT,0.8237,276.0,0.8236,3833.0,0.824,310.0,0.8243,4520.0
1753617238146,11:53:58.146,blofin,ADA/USDT:USDT,0.8238,14.0,0.8235,2270.0,0.824,666.0,0.8242,4555.0
1753617238645,11:53:58.645,blofin,ADA/USDT:USDT,0.8238,14.0,0.8235,2270.0,0.824,666.0,0.8242,4555.0
1753617239145,11:53:59.145,blofin,ADA/USDT:USDT,0.8238,8.0,0.8235,1674.0,0.824,824.0,0.8241,625.0
1753617240149,11:54:00.149,blofin,ADA/USDT:USDT,0.8238,4.0,0.8236,4.0,0.8239,1329.0,0.824,567.0
1753617240704,11:54:00.704,blofin,ADA/USDT:USDT,0.8238,4.0,0.8236,4.0,0.8239,1358.0,0.8242,5558.0
1753617241148,11:54:01.148,blofin,ADA/USDT:USDT,0.8235,335.0,0.8233,1948.0,0.8238,53.0,0.8243,2009.0
1753617242166,11:54:02.166,blofin,ADA/USDT:USDT,0.8236,138.0,0.8235,3859.0,0.8238,5.0,0.8239,327.0
1753617243147,11:54:03.147,blofin,ADA/USDT:USDT,0.8235,392.0,0.8233,631.0,0.8237,249.0,0.824,162.0
1753617243655,11:54:03.655,blofin,ADA/USDT:USDT,0.8235,395.0,0.8233,631.0,0.8237,249.0,0.824,162.0
1753617244149,11:54:04.149,blofin,ADA/USDT:USDT,0.8235,326.0,0.8234,2049.0,0.8237,407.0,0.824,162.0
1753617245153,11:54:05.153,blofin,ADA/USDT:USDT,0.8235,2.0,0.8234,90.0,0.8237,585.0,0.8238,5942.0
1753617246152,11:54:06.152,blofin,ADA/USDT:USDT,0.8235,2.0,0.8233,661.0,0.8236,818.0,0.824,162.0
1753617247082,11:54:07.082,blofin,ADA/USDT:USDT,0.8233,631.0,0.8232,155.0,0.8235,437.0,0.8236,3.0
1753617247656,11:54:07.656,blofin,ADA/USDT:USDT,0.8233,631.0,0.8232,4.0,0.8234,642.0,0.8239,2471.0
1753617248155,11:54:08.155,blofin,ADA/USDT:USDT,0.8231,551.0,0.823,231.0,0.8233,1044.0,0.8234,5.0
1753617249158,11:54:09.158,blofin,ADA/USDT:USDT,0.8231,742.0,0.823,1579.0,0.8233,561.0,0.8238,3745.0
1753617250082,11:54:10.082,blofin,ADA/USDT:USDT,0.8231,933.0,0.8229,467.0,0.8233,351.0,0.8237,2129.0
1753617250663,11:54:10.663,blofin,ADA/USDT:USDT,0.8231,936.0,0.8229,467.0,0.8233,350.0,0.8237,2129.0
1753617251161,11:54:11.161,blofin,ADA/USDT:USDT,0.8231,554.0,0.823,380.0,0.8233,356.0,0.8238,6618.0
1753617252165,11:54:12.165,blofin,ADA/USDT:USDT,0.8231,549.0,0.823,381.0,0.8233,363.0,0.8235,513.0
1753617252664,11:54:12.664,blofin,ADA/USDT:USDT,0.8231,549.0,0.823,381.0,0.8233,363.0,0.8235,513.0
1753617253166,11:54:13.166,blofin,ADA/USDT:USDT,0.8231,549.0,0.823,290.0,0.8233,327.0,0.8236,1744.0
1753617254168,11:54:14.168,blofin,ADA/USDT:USDT,0.8231,549.0,0.823,290.0,0.8233,327.0,0.8234,3745.0
1753617255172,11:54:15.172,blofin,ADA/USDT:USDT,0.8231,549.0,0.823,290.0,0.8233,325.0,0.8238,3418.0
1753617256170,11:54:16.170,blofin,ADA/USDT:USDT,0.8231,549.0,0.823,383.0,0.8233,180.0,0.8237,435.0
1753617256673,11:54:16.673,blofin,ADA/USDT:USDT,0.8231,549.0,0.823,384.0,0.8233,180.0,0.8237,435.0
1753617257173,11:54:17.173,blofin,ADA/USDT:USDT,0.8231,549.0,0.823,238.0,0.8233,358.0,0.8238,3692.0
1753617258173,11:54:18.173,blofin,ADA/USDT:USDT,0.823,302.0,0.8225,3408.0,0.8233,193.0,0.8235,6569.0
1753617258675,11:54:18.675,blofin,ADA/USDT:USDT,0.823,302.0,0.8225,3408.0,0.8233,195.0,0.8235,6569.0
1753617259176,11:54:19.176,blofin,ADA/USDT:USDT,0.823,361.0,0.8228,2852.0,0.8233,186.0,0.8235,3993.0
1753617260090,11:54:20.090,blofin,ADA/USDT:USDT,0.8231,294.0,0.823,10.0,0.8233,364.0,0.8235,2713.0
1753617260678,11:54:20.678,blofin,ADA/USDT:USDT,0.8231,294.0,0.823,10.0,0.8233,364.0,0.8235,2713.0
1753617261180,11:54:21.180,blofin,ADA/USDT:USDT,0.8231,294.0,0.823,2730.0,0.8233,3.0,0.8234,368.0
1753617261681,11:54:21.681,blofin,ADA/USDT:USDT,0.8231,294.0,0.823,2730.0,0.8233,1.0,0.8234,372.0
1753617262181,11:54:22.181,blofin,ADA/USDT:USDT,0.823,305.0,0.8229,4037.0,0.8233,204.0,0.8234,4.0
1753617263091,11:54:23.091,blofin,ADA/USDT:USDT,0.823,303.0,0.8229,4037.0,0.8233,206.0,0.8238,1177.0
1753617263686,11:54:23.686,blofin,ADA/USDT:USDT,0.823,303.0,0.8229,706.0,0.8233,231.0,0.8235,818.0
1753617264184,11:54:24.184,blofin,ADA/USDT:USDT,0.8231,449.0,0.823,8.0,0.8233,205.0,0.8237,6649.0
1753617265093,11:54:25.093,blofin,ADA/USDT:USDT,0.8231,2.0,0.823,449.0,0.8233,184.0,0.8238,2429.0
1753617265806,11:54:25.806,blofin,ADA/USDT:USDT,0.8232,793.0,0.8231,2.0,0.8233,1.0,0.8234,4.0
1753617266186,11:54:26.186,blofin,ADA/USDT:USDT,0.8232,466.0,0.823,5.0,0.8233,1.0,0.8234,4.0
1753617266686,11:54:26.686,blofin,ADA/USDT:USDT,0.8232,466.0,0.823,5.0,0.8233,1.0,0.8234,4.0
1753617267688,11:54:27.688,blofin,ADA/USDT:USDT,0.8233,266.0,0.823,3287.0,0.8234,4.0,0.8235,406.0
1753617268188,11:54:28.188,blofin,ADA/USDT:USDT,0.8233,2.0,0.8232,401.0,0.8235,64.0,0.8236,333.0
1753617268689,11:54:28.689,blofin,ADA/USDT:USDT,0.8232,403.0,0.8231,1930.0,0.8235,64.0,0.8236,333.0
1753617269689,11:54:29.689,blofin,ADA/USDT:USDT,0.8232,386.0,0.823,5.0,0.8235,336.0,0.8236,6327.0
1753617270190,11:54:30.190,blofin,ADA/USDT:USDT,0.8232,288.0,0.823,5.0,0.8235,345.0,0.8238,70.0
1753617271095,11:54:31.095,blofin,ADA/USDT:USDT,0.8233,280.0,0.8232,3166.0,0.8235,369.0,0.8237,5812.0
1753617271692,11:54:31.692,blofin,ADA/USDT:USDT,0.8233,283.0,0.8232,3164.0,0.8235,370.0,0.8237,5812.0
1753617272193,11:54:32.193,blofin,ADA/USDT:USDT,0.8233,320.0,0.8232,4768.0,0.8235,2.0,0.8236,142.0
1753617273095,11:54:33.095,blofin,ADA/USDT:USDT,0.8233,321.0,0.8232,4768.0,0.8236,147.0,0.8239,3566.0
1753617273694,11:54:33.694,blofin,ADA/USDT:USDT,0.8232,80.0,0.8231,2517.0,0.8234,364.0,0.8235,2.0
1753617274193,11:54:34.193,blofin,ADA/USDT:USDT,0.8232,167.0,0.8231,1128.0,0.8235,1015.0,0.8239,2572.0
1753617275194,11:54:35.194,blofin,ADA/USDT:USDT,0.8232,1.0,0.8231,100.0,0.8234,1023.0,0.8235,2.0
1753617275758,11:54:35.758,blofin,ADA/USDT:USDT,0.8232,435.0,0.823,542.0,0.8235,6.0,0.8236,8103.0
1753617276698,11:54:36.698,blofin,ADA/USDT:USDT,0.8233,399.0,0.8232,1.0,0.8235,214.0,0.8239,1927.0
1753617277199,11:54:37.199,blofin,ADA/USDT:USDT,0.8233,76.0,0.8232,647.0,0.8235,513.0,0.8238,2446.0
1753617278702,11:54:38.702,blofin,ADA/USDT:USDT,0.8231,187.0,0.823,5.0,0.8234,456.0,0.8235,5169.0
1753617279204,11:54:39.204,blofin,ADA/USDT:USDT,0.8231,70.0,0.823,5.0,0.8233,1214.0,0.8234,3.0
1753617280103,11:54:40.103,blofin,ADA/USDT:USDT,0.8231,5.0,0.823,488.0,0.8233,283.0,0.8234,3.0
1753617280706,11:54:40.706,blofin,ADA/USDT:USDT,0.8231,5.0,0.823,488.0,0.8233,286.0,0.8236,4210.0
1753617281208,11:54:41.208,blofin,ADA/USDT:USDT,0.8231,394.0,0.823,5.0,0.8233,193.0,0.8236,852.0
1753617282206,11:54:42.206,blofin,ADA/USDT:USDT,0.8231,5.0,0.823,310.0,0.8233,341.0,0.8234,5432.0
1753617282707,11:54:42.707,blofin,ADA/USDT:USDT,0.823,313.0,0.8225,1716.0,0.8233,341.0,0.8234,5432.0
1753617283209,11:54:43.209,blofin,ADA/USDT:USDT,0.823,66.0,0.8228,736.0,0.8233,564.0,0.8236,3143.0
1753617284211,11:54:44.211,blofin,ADA/USDT:USDT,0.823,271.0,0.8228,2760.0,0.8233,328.0,0.8238,1175.0
1753617285210,11:54:45.210,blofin,ADA/USDT:USDT,0.8231,272.0,0.823,823.0,0.8233,5.0,0.8234,207.0
1753617286213,11:54:46.213,blofin,ADA/USDT:USDT,0.8231,4.0,0.823,277.0,0.8233,157.0,0.8237,5573.0
1753617286713,11:54:46.713,blofin,ADA/USDT:USDT,0.8231,4.0,0.823,277.0,0.8233,153.0,0.8237,5573.0
1753617287466,11:54:47.466,blofin,ADA/USDT:USDT,0.8231,4.0,0.823,76.0,0.8233,502.25,0.8236,5077.0
1753617288216,11:54:48.216,blofin,ADA/USDT:USDT,0.823,79.0,0.8225,1059.0,0.8233,496.0,0.8235,646.0
1753617288717,11:54:48.717,blofin,ADA/USDT:USDT,0.823,79.0,0.8225,1059.0,0.8233,496.0,0.8235,646.0
1753617289218,11:54:49.218,blofin,ADA/USDT:USDT,0.8231,65.0,0.823,3.0,0.8233,404.0,0.8234,2775.0
1753617290219,11:54:50.219,blofin,ADA/USDT:USDT,0.8231,3.0,0.823,492.0,0.8233,68.0,0.8235,646.0
1753617291112,11:54:51.112,blofin,ADA/USDT:USDT,0.8231,3.0,0.823,575.0,0.8233,29.0,0.8235,646.0
1753617291720,11:54:51.720,blofin,ADA/USDT:USDT,0.823,576.0,0.8227,3956.0,0.8233,29.0,0.8235,646.0
1753617292224,11:54:52.224,blofin,ADA/USDT:USDT,0.8231,585.0,0.823,3429.0,0.8233,3.0,0.8234,25.0
1753617293113,11:54:53.113,blofin,ADA/USDT:USDT,0.8231,588.0,0.823,3428.0,0.8233,1.0,0.8234,28.0
1753617293722,11:54:53.722,blofin,ADA/USDT:USDT,0.8231,3.0,0.823,575.0,0.8233,32.0,0.8235,646.0
1753617295224,11:54:55.224,blofin,ADA/USDT:USDT,0.8231,391.0,0.823,3.0,0.8233,30.0,0.8234,7098.0
1753617295726,11:54:55.726,blofin,ADA/USDT:USDT,0.8231,389.0,0.823,3.0,0.8233,30.0,0.8234,7098.0
1753617296225,11:54:56.225,blofin,ADA/USDT:USDT,0.8231,1.0,0.823,343.0,0.8233,145.0,0.8234,80.0
1753617297228,11:54:57.228,blofin,ADA/USDT:USDT,0.8231,359.0,0.823,4762.0,0.8233,3.0,0.8234,324.0
1753617297728,11:54:57.728,blofin,ADA/USDT:USDT,0.8231,359.0,0.823,4762.0,0.8233,1.0,0.8234,326.0
1753617298228,11:54:58.228,blofin,ADA/USDT:USDT,0.8231,454.0,0.823,1824.0,0.8233,1.0,0.8234,26.0
1753617299235,11:54:59.235,blofin,ADA/USDT:USDT,0.8231,2.0,0.823,470.0,0.8233,29.0,0.8234,3.0
1753617299732,11:54:59.732,blofin,ADA/USDT:USDT,0.823,474.0,0.8227,4480.0,0.8233,29.0,0.8234,3.0
1753617300732,11:55:00.732,blofin,ADA/USDT:USDT,0.823,298.0,0.8229,1419.0,0.8233,395.0,0.8234,3.0
1753617301233,11:55:01.233,blofin,ADA/USDT:USDT,0.8231,197.0,0.823,2616.0,0.8233,1.0,0.8234,506.0
1753617302233,11:55:02.233,blofin,ADA/USDT:USDT,0.823,174.0,0.8226,2490.0,0.8233,433.0,0.8234,7518.0
1753617302734,11:55:02.734,blofin,ADA/USDT:USDT,0.823,175.0,0.8226,2490.0,0.8233,433.0,0.8234,7518.0
1753617303736,11:55:03.736,blofin,ADA/USDT:USDT,0.823,172.0,0.8227,385.0,0.8233,429.0,0.8235,4598.0
1753617304491,11:55:04.491,blofin,ADA/USDT:USDT,0.823,3.0,0.8229,5.0,0.8231,1162.0,0.8233,4.0
1753617305937,11:55:05.937,blofin,ADA/USDT:USDT,0.8227,4.0,0.8226,531.0,0.8228,1.0,0.8229,169.0
1753617306743,11:55:06.743,blofin,ADA/USDT:USDT,0.8226,654.0,0.8224,254.0,0.8229,34.0,0.8232,3416.0
1753617307243,11:55:07.243,blofin,ADA/USDT:USDT,0.8226,413.0,0.8224,254.0,0.8229,324.0,0.8232,63.0
1753617308244,11:55:08.244,blofin,ADA/USDT:USDT,0.8226,280.0,0.8224,254.0,0.8229,225.0,0.8233,1.0
1753617308746,11:55:08.746,blofin,ADA/USDT:USDT,0.8226,280.0,0.8224,254.0,0.8229,225.0,0.8233,1.0
1753617309744,11:55:09.744,blofin,ADA/USDT:USDT,0.8226,343.0,0.8224,254.0,0.8229,61.0,0.8232,194.0
1753617310246,11:55:10.246,blofin,ADA/USDT:USDT,0.8226,390.0,0.8224,254.0,0.8229,56.0,0.823,3808.0
1753617311193,11:55:11.193,blofin,ADA/USDT:USDT,0.8227,388.0,0.8226,1.0,0.8229,5.0,0.823,26.0
1753617311748,11:55:11.748,blofin,ADA/USDT:USDT,0.8227,389.0,0.8225,638.0,0.823,31.0,0.8232,4776.0
1753617312248,11:55:12.248,blofin,ADA/USDT:USDT,0.8227,147.0,0.8226,2945.0,0.823,305.0,0.8233,2390.0
1753617313249,11:55:13.249,blofin,ADA/USDT:USDT,0.8228,94.0,0.8227,2.0,0.823,349.0,0.8233,2721.0
1753617313750,11:55:13.750,blofin,ADA/USDT:USDT,0.8228,99.0,0.8226,3549.0,0.823,349.0,0.8233,2721.0
1753617314251,11:55:14.251,blofin,ADA/USDT:USDT,0.8227,22.0,0.8224,3519.0,0.823,447.0,0.8233,1.0
1753617315251,11:55:15.251,blofin,ADA/USDT:USDT,0.8227,21.0,0.8226,3876.0,0.823,631.0,0.8233,1.0
1753617315754,11:55:15.754,blofin,ADA/USDT:USDT,0.8227,20.0,0.8226,3876.0,0.823,631.0,0.8233,1.0
1753617316251,11:55:16.251,blofin,ADA/USDT:USDT,0.8227,26.0,0.8224,254.0,0.823,630.0,0.8233,1.0
1753617317255,11:55:17.255,blofin,ADA/USDT:USDT,0.8225,315.0,0.8224,254.0,0.8228,203.0,0.8232,6970.0
1753617317753,11:55:17.753,blofin,ADA/USDT:USDT,0.8225,315.0,0.8224,254.0,0.8228,207.0,0.8232,6970.0
1753617318257,11:55:18.257,blofin,ADA/USDT:USDT,0.8225,284.0,0.822,723.02,0.8228,255.0,0.8233,529.0
1753617319135,11:55:19.135,blofin,ADA/USDT:USDT,0.8225,7.0,0.8224,182.0,0.8227,1036.0,0.8228,10.0
1753617319756,11:55:19.756,blofin,ADA/USDT:USDT,0.8225,2.0,0.8224,185.0,0.8227,1036.0,0.8228,10.0
1753617320259,11:55:20.259,blofin,ADA/USDT:USDT,0.8224,3.0,0.8222,76.0,0.8225,1087.0,0.8226,6776.0
1753617321261,11:55:21.261,blofin,ADA/USDT:USDT,0.8223,85.0,0.822,0.02,0.8225,1059.0,0.8228,5.0
1753617322261,11:55:22.261,blofin,ADA/USDT:USDT,0.8223,5.0,0.8222,220.0,0.8225,493.0,0.8227,1265.0
1753617323264,11:55:23.264,blofin,ADA/USDT:USDT,0.8222,80.0,0.822,0.02,0.8225,514.0,0.8226,924.0
1753617323762,11:55:23.762,blofin,ADA/USDT:USDT,0.8222,80.0,0.822,0.02,0.8225,514.0,0.8226,924.0
1753617324455,11:55:24.455,blofin,ADA/USDT:USDT,0.8224,657.0,0.8222,3.0,0.8225,5.0,0.8227,55.0
1753617325488,11:55:25.488,blofin,ADA/USDT:USDT,0.8224,6.0,0.8222,3.0,0.8227,482.0,0.8228,5.0
1753617326268,11:55:26.268,blofin,ADA/USDT:USDT,0.8223,146.0,0.822,0.02,0.8226,516.0,0.8227,1925.0
1753617326768,11:55:26.768,blofin,ADA/USDT:USDT,0.8222,411.0,0.822,0.02,0.8225,112.0,0.8227,1.0
1753617327768,11:55:27.768,blofin,ADA/USDT:USDT,0.8223,164.0,0.8222,2.0,0.8225,414.0,0.8228,5.0
1753617328269,11:55:28.269,blofin,ADA/USDT:USDT,0.8223,2.0,0.8222,51.0,0.8225,552.0,0.8228,696.0
1753617329142,11:55:29.142,blofin,ADA/USDT:USDT,0.8223,2.0,0.8222,197.0,0.8225,302.0,0.8227,2472.0
1753617329773,11:55:29.773,blofin,ADA/USDT:USDT,0.8222,202.0,0.8221,4113.0,0.8225,302.0,0.8227,2472.0
1753617330272,11:55:30.272,blofin,ADA/USDT:USDT,0.8222,8.0,0.822,0.02,0.8225,345.0,0.8228,6777.0
1753617331274,11:55:31.274,blofin,ADA/USDT:USDT,0.8221,92.0,0.822,1970.02,0.8224,1292.0,0.8225,3.0
1753617331775,11:55:31.775,blofin,ADA/USDT:USDT,0.8221,6.0,0.822,0.02,0.8223,1361.0,0.8225,6047.0
1753617332776,11:55:32.776,blofin,ADA/USDT:USDT,0.8221,511.0,0.822,0.02,0.8224,5.0,0.8225,3702.0
1753617333277,11:55:33.277,blofin,ADA/USDT:USDT,0.8222,453.0,0.8221,3335.0,0.8225,295.0,0.8227,39.0
1753617334144,11:55:34.144,blofin,ADA/USDT:USDT,0.8221,282.0,0.822,0.02,0.8224,270.0,0.8225,3.0
1753617334777,11:55:34.777,blofin,ADA/USDT:USDT,0.8221,280.0,0.822,0.02,0.8224,270.0,0.8225,3.0
1753617335279,11:55:35.279,blofin,ADA/USDT:USDT,0.8222,156.0,0.8221,2.0,0.8224,325.0,0.8228,6443.0
1753617336146,11:55:36.146,blofin,ADA/USDT:USDT,0.8221,399.0,0.822,0.02,0.8224,170.0,0.8226,958.0
1753617336781,11:55:36.781,blofin,ADA/USDT:USDT,0.8221,399.0,0.822,0.02,0.8224,170.0,0.8226,958.0
1753617337282,11:55:37.282,blofin,ADA/USDT:USDT,0.8221,389.0,0.822,0.02,0.8224,171.0,0.8228,5.0
1753617337784,11:55:37.784,blofin,ADA/USDT:USDT,0.8221,389.0,0.822,0.02,0.8224,168.0,0.8228,5.0
1753617338283,11:55:38.283,blofin,ADA/USDT:USDT,0.8222,191.0,0.822,0.02,0.8224,522.0,0.8225,58.0
1753617339283,11:55:39.283,blofin,ADA/USDT:USDT,0.8222,5.0,0.8221,220.0,0.8224,317.0,0.8228,7169.0
1753617339789,11:55:39.789,blofin,ADA/USDT:USDT,0.8221,224.0,0.822,0.02,0.8224,317.0,0.8228,7169.0
1753617340283,11:55:40.283,blofin,ADA/USDT:USDT,0.8221,289.0,0.822,395.02,0.8224,260.0,0.8225,4799.0
1753617341148,11:55:41.148,blofin,ADA/USDT:USDT,0.8221,294.0,0.822,0.02,0.8224,211.0,0.8228,5.0
1753617341786,11:55:41.786,blofin,ADA/USDT:USDT,0.8221,294.0,0.822,0.02,0.8224,214.0,0.8228,5.0
1753617342285,11:55:42.285,blofin,ADA/USDT:USDT,0.8221,94.0,0.822,0.02,0.8224,666.0,0.8228,5.0
1753617342787,11:55:42.787,blofin,ADA/USDT:USDT,0.8221,94.0,0.822,4350.02,0.8223,672.0,0.8224,1.0
1753617343287,11:55:43.287,blofin,ADA/USDT:USDT,0.822,254.02,0.8217,439.0,0.8223,693.0,0.8225,99.0
1753617344291,11:55:44.291,blofin,ADA/USDT:USDT,0.8221,4.0,0.822,87.02,0.8223,727.0,0.8225,99.0
1753617344789,11:55:44.789,blofin,ADA/USDT:USDT,0.822,87.02,0.8217,4034.0,0.8223,727.0,0.8225,99.0
1753617345284,11:55:45.284,blofin,ADA/USDT:USDT,0.8221,368.0,0.822,5.02,0.8223,208.0,0.8225,5871.0
1753617346292,11:55:46.292,blofin,ADA/USDT:USDT,0.822,298.02,0.8219,4216.0,0.8223,420.0,0.8224,4826.0
1753617346751,11:55:46.751,blofin,ADA/USDT:USDT,0.8222,383.0,0.8221,2.0,0.8223,1.0,0.8224,30.0
1753617347518,11:55:47.518,blofin,ADA/USDT:USDT,0.8223,617.0,0.822,3.02,0.8224,3.0,0.8225,105.0
1753617348166,11:55:48.166,blofin,ADA/USDT:USDT,0.8225,364.0,0.8224,3147.0,0.8226,4.0,0.8228,599.0
1753617348796,11:55:48.796,blofin,ADA/USDT:USDT,0.8225,188.0,0.8221,776.0,0.8227,531.0,0.8228,5.0
1753617349297,11:55:49.297,blofin,ADA/USDT:USDT,0.8225,2.0,0.8224,249.0,0.8227,571.0,0.8228,5.0
1753617350299,11:55:50.299,blofin,ADA/USDT:USDT,0.8225,1.0,0.8224,189.0,0.8227,585.0,0.8228,5.0
1753617350847,11:55:50.847,blofin,ADA/USDT:USDT,0.8225,1.0,0.8224,7.0,0.8226,677.0,0.8227,4.0
1753617351300,11:55:51.300,blofin,ADA/USDT:USDT,0.8225,1.0,0.8224,239.0,0.8226,1362.0,0.8227,4.0
1753617352303,11:55:52.303,blofin,ADA/USDT:USDT,0.8222,342.0,0.822,627.02,0.8225,202.0,0.8227,1210.0
1753617352803,11:55:52.803,blofin,ADA/USDT:USDT,0.8222,342.0,0.822,627.02,0.8225,199.0,0.8227,1210.0
1753617353304,11:55:53.304,blofin,ADA/USDT:USDT,0.8222,292.0,0.822,627.02,0.8225,235.0,0.8227,4594.0
1753617354305,11:55:54.305,blofin,ADA/USDT:USDT,0.8222,387.0,0.822,627.02,0.8225,55.0,0.8228,724.0
1753617354805,11:55:54.805,blofin,ADA/USDT:USDT,0.8222,388.0,0.822,627.02,0.8225,55.0,0.8228,724.0
1753617355306,11:55:55.306,blofin,ADA/USDT:USDT,0.8223,410.0,0.8222,3.0,0.8225,178.0,0.8227,347.0
1753617356309,11:55:56.309,blofin,ADA/USDT:USDT,0.8223,595.0,0.8222,3.0,0.8225,4.0,0.8226,307.0
1753617357163,11:55:57.163,blofin,ADA/USDT:USDT,0.8222,3.0,0.8221,289.0,0.8224,169.0,0.8225,3.0
1753617357812,11:55:57.812,blofin,ADA/USDT:USDT,0.8221,294.0,0.822,627.02,0.8224,170.0,0.8228,5.0
1753617358311,11:55:58.311,blofin,ADA/USDT:USDT,0.8222,272.0,0.8221,5.0,0.8224,287.0,0.8226,5668.0
1753617359159,11:55:59.159,blofin,ADA/USDT:USDT,0.8221,85.0,0.822,627.02,0.8224,431.0,0.8228,5.0
1753617360314,11:56:00.314,blofin,ADA/USDT:USDT,0.8222,60.0,0.8221,4482.0,0.8224,343.0,0.8225,2901.0
1753617361315,11:56:01.315,blofin,ADA/USDT:USDT,0.8221,443.0,0.822,627.02,0.8224,72.0,0.8226,3991.0
1753617362303,11:56:02.303,blofin,ADA/USDT:USDT,0.8222,646.0,0.8221,5.0,0.8224,1.0,0.8225,38.0
1753617362817,11:56:02.817,blofin,ADA/USDT:USDT,0.8223,1064.0,0.8222,715.0,0.8224,1.0,0.8225,38.0
1753617363319,11:56:03.319,blofin,ADA/USDT:USDT,0.8224,255.0,0.8223,5.0,0.8226,433.0,0.8228,5.0
1753617364318,11:56:04.318,blofin,ADA/USDT:USDT,0.8224,276.0,0.8223,5.0,0.8226,235.0,0.8228,5.0
1753617364819,11:56:04.819,blofin,ADA/USDT:USDT,0.8224,276.0,0.8223,5.0,0.8226,235.0,0.8228,5.0
1753617365319,11:56:05.319,blofin,ADA/USDT:USDT,0.8223,219.0,0.822,627.02,0.8226,499.0,0.8228,5.0
1753617366323,11:56:06.323,blofin,ADA/USDT:USDT,0.8223,5.0,0.8222,10.0,0.8225,438.0,0.8226,434.0
1753617367169,11:56:07.169,blofin,ADA/USDT:USDT,0.8222,319.0,0.822,627.02,0.8225,164.0,0.8226,1445.0
1753617367824,11:56:07.824,blofin,ADA/USDT:USDT,0.8222,319.0,0.822,627.02,0.8225,164.0,0.8226,1445.0
1753617368325,11:56:08.325,blofin,ADA/USDT:USDT,0.8222,10.0,0.822,627.02,0.8225,653.0,0.8228,5621.0
1753617369170,11:56:09.170,blofin,ADA/USDT:USDT,0.8222,10.0,0.822,627.02,0.8225,674.0,0.8228,8969.0
1753617369829,11:56:09.829,blofin,ADA/USDT:USDT,0.8222,8.0,0.822,627.02,0.8225,671.0,0.8228,8969.0
1753617370327,11:56:10.327,blofin,ADA/USDT:USDT,0.8223,231.0,0.8222,2.0,0.8225,550.0,0.8226,5230.0
1753617370829,11:56:10.829,blofin,ADA/USDT:USDT,0.8223,231.0,0.8222,2.0,0.8225,553.0,0.8226,5230.0
1753617371328,11:56:11.328,blofin,ADA/USDT:USDT,0.8223,512.0,0.8222,2.0,0.8225,84.0,0.8228,6860.0
1753617372332,11:56:12.332,blofin,ADA/USDT:USDT,0.8223,365.0,0.8222,5553.0,0.8225,1.0,0.8226,175.0
1753617372831,11:56:12.831,blofin,ADA/USDT:USDT,0.8223,365.0,0.8222,5553.0,0.8226,176.0,0.8227,2704.0
1753617373335,11:56:13.335,blofin,ADA/USDT:USDT,0.8223,5.0,0.8222,193.0,0.8225,360.0,0.8228,5.0
1753617374175,11:56:14.175,blofin,ADA/USDT:USDT,0.8223,509.0,0.8222,1447.0,0.8225,85.0,0.8227,3841.0
1753617374835,11:56:14.835,blofin,ADA/USDT:USDT,0.8223,513.0,0.8222,1443.0,0.8225,85.0,0.8227,3841.0
1753617375336,11:56:15.336,blofin,ADA/USDT:USDT,0.8223,4.0,0.8222,499.0,0.8225,205.0,0.8228,946.0
1753617375838,11:56:15.838,blofin,ADA/USDT:USDT,0.8223,4.0,0.8222,499.0,0.8225,204.0,0.8228,946.0
1753617376630,11:56:16.630,blofin,ADA/USDT:USDT,0.8224,906.0,0.8223,4.0,0.8225,1.0,0.8227,55.0
1753617377178,11:56:17.178,blofin,ADA/USDT:USDT,0.8225,675.0,0.8224,638.0,0.8228,335.0,0.8229,5243.0
1753617377840,11:56:17.840,blofin,ADA/USDT:USDT,0.8225,676.0,0.8224,637.0,0.8228,340.0,0.8229,5243.0
1753617378344,11:56:18.344,blofin,ADA/USDT:USDT,0.8225,5.0,0.8224,445.0,0.8227,423.0,0.8228,6.0
1753617378861,11:56:18.861,blofin,ADA/USDT:USDT,0.8225,5.0,0.8224,444.0,0.8227,423.0,0.8228,6.0
1753617379469,11:56:19.469,blofin,ADA/USDT:USDT,0.8225,5.0,0.8224,12.0,0.8226,530.0,0.8227,5.0
1753617380181,11:56:20.181,blofin,ADA/USDT:USDT,0.8225,5.0,0.8223,19.0,0.8226,1421.0,0.8227,5.0
1753617380844,11:56:20.844,blofin,ADA/USDT:USDT,0.8225,5.0,0.8223,22.0,0.8226,1421.0,0.8227,5.0
1753617381345,11:56:21.345,blofin,ADA/USDT:USDT,0.8225,5.0,0.8223,13.0,0.8226,1315.0,0.8227,5.0
1753617382181,11:56:22.181,blofin,ADA/USDT:USDT,0.8225,5.0,0.8224,7.0,0.8227,1344.0,0.8228,4.0
1753617382847,11:56:22.847,blofin,ADA/USDT:USDT,0.8225,5.0,0.8224,7.0,0.8227,1344.0,0.8228,4.0
1753617383348,11:56:23.348,blofin,ADA/USDT:USDT,0.8225,5.0,0.8223,145.0,0.8226,1330.0,0.8227,1838.0
1753617383849,11:56:23.849,blofin,ADA/USDT:USDT,0.8225,5.0,0.8223,145.0,0.8226,1332.0,0.8227,1837.0
1753617384352,11:56:24.352,blofin,ADA/USDT:USDT,0.8225,5.0,0.8223,243.0,0.8226,567.0,0.8227,3284.0
1753617385354,11:56:25.354,blofin,ADA/USDT:USDT,0.8225,5.0,0.8223,32.0,0.8226,680.0,0.8228,6438.0
1753617386023,11:56:26.023,blofin,ADA/USDT:USDT,0.8223,1.0,0.8222,505.0,0.8225,724.0,0.8226,2.0
1753617386353,11:56:26.353,blofin,ADA/USDT:USDT,0.8223,6.0,0.8222,493.0,0.8225,1438.0,0.8226,38.0
1753617387183,11:56:27.183,blofin,ADA/USDT:USDT,0.8223,1.0,0.8222,751.0,0.8225,1046.0,0.8226,38.0
1753617387858,11:56:27.858,blofin,ADA/USDT:USDT,0.8222,753.0,0.822,734.02,0.8225,1046.0,0.8226,38.0
1753617388359,11:56:28.359,blofin,ADA/USDT:USDT,0.8222,501.0,0.822,852.02,0.8225,1216.0,0.8228,944.0
1753617389184,11:56:29.184,blofin,ADA/USDT:USDT,0.8223,2.0,0.8222,498.0,0.8225,1236.0,0.8227,1318.0
1753617389828,11:56:29.828,blofin,ADA/USDT:USDT,0.8222,495.0,0.822,734.02,0.8223,1416.0,0.8225,933.0
1753617390364,11:56:30.364,blofin,ADA/USDT:USDT,0.8222,493.0,0.8221,349.0,0.8223,3.0,0.8224,416.0
1753617391185,11:56:31.185,blofin,ADA/USDT:USDT,0.822,734.02,0.8219,373.0,0.8222,994.0,0.8224,1568.0
1753617391869,11:56:31.869,blofin,ADA/USDT:USDT,0.822,734.02,0.8219,373.0,0.8222,995.0,0.8224,1568.0
1753617392377,11:56:32.377,blofin,ADA/USDT:USDT,0.822,734.02,0.8219,254.0,0.8222,1044.0,0.8225,3995.0
1753617393189,11:56:33.189,blofin,ADA/USDT:USDT,0.822,734.02,0.8219,255.0,0.8222,1045.0,0.8225,3995.0
1753617393374,11:56:33.374,blofin,ADA/USDT:USDT,0.822,902.02,0.8219,1.0,0.8222,1074.0,0.8227,1054.0
1753617394375,11:56:34.375,blofin,ADA/USDT:USDT,0.822,735.02,0.8219,1.0,0.8221,1242.0,0.8222,1.0
1753617395191,11:56:35.191,blofin,ADA/USDT:USDT,0.822,734.02,0.8219,1.0,0.8221,7257.0,0.8222,1.0
1753617395375,11:56:35.375,blofin,ADA/USDT:USDT,0.822,734.02,0.8219,1.0,0.8221,7257.0,0.8222,1.0
1753617396486,11:56:36.486,blofin,ADA/USDT:USDT,0.822,734.02,0.8219,3.0,0.8225,3976.0,0.8228,4.0
1753617396886,11:56:36.886,blofin,ADA/USDT:USDT,0.822,734.02,0.8219,3.0,0.8225,3976.0,0.8228,4.0
1753617398382,11:56:38.382,blofin,ADA/USDT:USDT,0.8218,655.0,0.8217,1684.0,0.822,99.0,0.8224,5243.0
1753617399607,11:56:39.607,blofin,ADA/USDT:USDT,0.8218,1.0,0.8217,32.0,0.8219,412.0,0.822,1.0
1753617400382,11:56:40.382,blofin,ADA/USDT:USDT,0.8216,519.0,0.8213,4035.02,0.8219,722.0,0.822,1.0
1753617400884,11:56:40.884,blofin,ADA/USDT:USDT,0.8216,519.0,0.8213,4035.02,0.8219,722.0,0.822,1.0
1753617401385,11:56:41.385,blofin,ADA/USDT:USDT,0.8216,903.0,0.8215,1374.0,0.8219,157.0,0.822,1.0
1753617402389,11:56:42.389,blofin,ADA/USDT:USDT,0.8217,436.0,0.8216,478.0,0.8219,94.0,0.8221,7456.0
1753617403196,11:56:43.196,blofin,ADA/USDT:USDT,0.8217,440.0,0.8216,475.0,0.8219,93.0,0.822,82.0
1753617403888,11:56:43.888,blofin,ADA/USDT:USDT,0.8217,425.0,0.8216,1233.0,0.822,412.0,0.8221,85.0
1753617404388,11:56:44.388,blofin,ADA/USDT:USDT,0.8216,688.0,0.8213,3256.02,0.8219,346.0,0.822,87.0
1753617405389,11:56:45.389,blofin,ADA/USDT:USDT,0.8217,209.0,0.8216,1934.0,0.822,438.0,0.8221,3982.0
1753617406201,11:56:46.201,blofin,ADA/USDT:USDT,0.8217,380.0,0.8216,476.0,0.8219,97.0,0.822,1.0
1753617406892,11:56:46.892,blofin,ADA/USDT:USDT,0.8217,385.0,0.8216,475.0,0.8219,102.0,0.8221,85.0
1753617407394,11:56:47.394,blofin,ADA/USDT:USDT,0.8217,5.0,0.8216,847.0,0.8219,344.0,0.8221,85.0
1753617408394,11:56:48.394,blofin,ADA/USDT:USDT,0.8216,318.0,0.8213,0.02,0.8219,208.0,0.822,2225.0
1753617409201,11:56:49.201,blofin,ADA/USDT:USDT,0.8217,890.0,0.8216,6.0,0.8219,6.0,0.822,125.0
1753617409901,11:56:49.901,blofin,ADA/USDT:USDT,0.8217,893.0,0.8216,2.0,0.8219,6.0,0.822,125.0
1753617410398,11:56:50.398,blofin,ADA/USDT:USDT,0.8217,849.0,0.8216,2.0,0.8219,6.0,0.822,60.0
1753617411399,11:56:51.399,blofin,ADA/USDT:USDT,0.8218,508.0,0.8217,1.0,0.8219,5.0,0.822,233.0
1753617411900,11:56:51.900,blofin,ADA/USDT:USDT,0.8218,504.42,0.8217,1.0,0.8219,5.0,0.822,233.0
1753617412400,11:56:52.400,blofin,ADA/USDT:USDT,0.8217,511.0,0.8216,2.0,0.8219,5.0,0.822,104.0
1753617413203,11:56:53.203,blofin,ADA/USDT:USDT,0.8217,515.0,0.8216,2.0,0.8219,5.0,0.822,104.0
1753617413902,11:56:53.902,blofin,ADA/USDT:USDT,0.8217,287.71,0.8216,2.0,0.8219,5.0,0.822,460.0
1753617414402,11:56:54.402,blofin,ADA/USDT:USDT,0.8217,15.0,0.8216,2.0,0.8219,5.0,0.822,785.0
1753617414905,11:56:54.905,blofin,ADA/USDT:USDT,0.8216,2.0,0.8215,59.0,0.8218,1299.0,0.8219,5692.0
1753617415405,11:56:55.405,blofin,ADA/USDT:USDT,0.8216,280.0,0.8215,4.0,0.8218,387.0,0.8219,3008.0
1753617416404,11:56:56.404,blofin,ADA/USDT:USDT,0.8216,2.0,0.8215,302.0,0.8218,389.0,0.8219,5.0
1753617416904,11:56:56.904,blofin,ADA/USDT:USDT,0.8216,2.0,0.8215,302.0,0.8218,390.0,0.8219,5.0
1753617417407,11:56:57.407,blofin,ADA/USDT:USDT,0.8216,2.0,0.8215,268.0,0.8218,408.0,0.8219,7569.0
1753617418208,11:56:58.208,blofin,ADA/USDT:USDT,0.8216,2.0,0.8215,270.0,0.8218,410.0,0.8219,7569.0
1753617418911,11:56:58.911,blofin,ADA/USDT:USDT,0.8216,2.0,0.8215,240.0,0.8218,421.0,0.8219,5.0
1753617419412,11:56:59.412,blofin,ADA/USDT:USDT,0.8216,2.0,0.8215,327.0,0.8218,412.0,0.8219,5.0
1753617420412,11:57:00.412,blofin,ADA/USDT:USDT,0.8216,2.0,0.8215,246.0,0.8218,374.0,0.8219,1615.0
1753617421414,11:57:01.414,blofin,ADA/USDT:USDT,0.8216,2.0,0.8215,513.0,0.8218,35.0,0.8219,5.0
1753617422209,11:57:02.209,blofin,ADA/USDT:USDT,0.8217,860.0,0.8216,1821.0,0.8218,2.0,0.8219,5.0
1753617422415,11:57:02.415,blofin,ADA/USDT:USDT,0.8217,860.0,0.8216,1821.0,0.8219,5.0,0.822,4.0
1753617423419,11:57:03.419,blofin,ADA/USDT:USDT,0.8217,320.0,0.8216,5174.0,0.8219,5.0,0.822,451.0
1753617423925,11:57:03.925,blofin,ADA/USDT:USDT,0.8217,318.0,0.8216,5174.0,0.8219,5.0,0.822,451.0
1753617424422,11:57:04.422,blofin,ADA/USDT:USDT,0.8218,371.0,0.8216,2.0,0.8219,5.0,0.822,118.0
1753617425213,11:57:05.213,blofin,ADA/USDT:USDT,0.8218,779.0,0.8216,2835.0,0.8219,5.0,0.822,2.0
1753617426030,11:57:06.030,blofin,ADA/USDT:USDT,0.8219,637.0,0.8218,4.0,0.8221,3.0,0.8222,109.0
1753617426427,11:57:06.427,blofin,ADA/USDT:USDT,0.8219,587.0,0.8216,2.0,0.8221,3.0,0.8222,186.0
1753617427427,11:57:07.427,blofin,ADA/USDT:USDT,0.822,403.0,0.8219,3603.0,0.8221,3.0,0.8222,256.0
1753617427928,11:57:07.928,blofin,ADA/USDT:USDT,0.822,403.0,0.8219,3603.0,0.8222,261.0,0.8225,5947.0
1753617428429,11:57:08.429,blofin,ADA/USDT:USDT,0.8219,198.0,0.8217,3165.0,0.8222,383.0,0.8227,485.0
1753617429430,11:57:09.430,blofin,ADA/USDT:USDT,0.822,152.0,0.8219,1865.0,0.8222,472.0,0.8224,4304.0
1753617429932,11:57:09.932,blofin,ADA/USDT:USDT,0.822,152.0,0.8219,1865.0,0.8222,473.0,0.8224,4304.0
1753617430432,11:57:10.432,blofin,ADA/USDT:USDT,0.822,248.0,0.8217,173.0,0.8222,310.0,0.8227,1470.0
1753617431217,11:57:11.217,blofin,ADA/USDT:USDT,0.822,251.0,0.8217,173.0,0.8222,307.0,0.8223,6034.0
1753617431936,11:57:11.936,blofin,ADA/USDT:USDT,0.822,255.0,0.8217,173.0,0.8222,307.0,0.8223,6034.0
1753617432438,11:57:12.438,blofin,ADA/USDT:USDT,0.822,5.0,0.8219,147.0,0.8222,415.0,0.8227,632.0
1753617432937,11:57:12.937,blofin,ADA/USDT:USDT,0.822,5.0,0.8219,147.0,0.8222,414.0,0.8227,632.0
1753617433438,11:57:13.438,blofin,ADA/USDT:USDT,0.822,43.0,0.8216,2.0,0.8222,417.0,0.8223,6851.0
1753617434439,11:57:14.439,blofin,ADA/USDT:USDT,0.822,2.0,0.8219,71.0,0.8222,402.0,0.8223,1903.0
1753617434939,11:57:14.939,blofin,ADA/USDT:USDT,0.822,2.0,0.8219,71.0,0.8222,403.0,0.8223,1903.0
1753617435718,11:57:15.718,blofin,ADA/USDT:USDT,0.822,2.0,0.8218,15.0,0.8221,522.0,0.8222,2.0
1753617436222,11:57:16.222,blofin,ADA/USDT:USDT,0.8216,163.0,0.8213,0.02,0.8219,1199.0,0.8223,72.0
1753617436942,11:57:16.942,blofin,ADA/USDT:USDT,0.8216,166.0,0.8213,0.02,0.8219,1199.0,0.8223,72.0
1753617437442,11:57:17.442,blofin,ADA/USDT:USDT,0.8217,242.0,0.8216,1539.0,0.822,880.0,0.8224,3688.0
1753617438237,11:57:18.237,blofin,ADA/USDT:USDT,0.8218,1009.0,0.8216,3.0,0.822,1.0,0.8221,21.0
1753617438945,11:57:18.945,blofin,ADA/USDT:USDT,0.8219,542.0,0.8218,5.0,0.8221,219.0,0.8224,5811.0
1753617439443,11:57:19.443,blofin,ADA/USDT:USDT,0.8219,577.0,0.8218,4064.0,0.8221,4.0,0.8222,11.0
1753617440445,11:57:20.445,blofin,ADA/USDT:USDT,0.8219,111.0,0.8218,5.0,0.8221,4.0,0.8222,531.0
1753617440948,11:57:20.948,blofin,ADA/USDT:USDT,0.8219,114.0,0.8218,5.0,0.8221,4.0,0.8222,531.0
1753617441445,11:57:21.445,blofin,ADA/USDT:USDT,0.8219,329.0,0.8218,5.0,0.8221,3.0,0.8222,355.0
1753617442216,11:57:22.216,blofin,ADA/USDT:USDT,0.8223,656.0,0.8222,965.0,0.8226,164.0,0.8227,291.0
1753617442947,11:57:22.947,blofin,ADA/USDT:USDT,0.8222,658.0,0.8221,1858.0,0.8225,167.0,0.8227,291.0
1753617443449,11:57:23.449,blofin,ADA/USDT:USDT,0.8222,403.0,0.8221,49.0,0.8225,549.0,0.8227,291.0
1753617444449,11:57:24.449,blofin,ADA/USDT:USDT,0.8222,390.0,0.8221,3953.0,0.8225,569.0,0.8226,122.0
1753617445132,11:57:25.132,blofin,ADA/USDT:USDT,0.8222,2.0,0.8221,12.0,0.8224,817.0,0.8225,4.0
1753617445450,11:57:25.450,blofin,ADA/USDT:USDT,0.8222,2.0,0.8221,4.0,0.8223,1645.0,0.8224,2609.0
1753617446450,11:57:26.450,blofin,ADA/USDT:USDT,0.8221,4.0,0.8218,5.0,0.8222,1507.0,0.8227,4133.0
1753617447229,11:57:27.229,blofin,ADA/USDT:USDT,0.8219,99.0,0.8218,5.0,0.8222,1491.0,0.8225,656.0
1753617447958,11:57:27.958,blofin,ADA/USDT:USDT,0.8219,104.0,0.8218,5.0,0.8222,1487.0,0.8225,656.0
1753617448454,11:57:28.454,blofin,ADA/USDT:USDT,0.8219,111.0,0.8218,5.0,0.8222,1406.0,0.8224,4772.0
1753617449455,11:57:29.455,blofin,ADA/USDT:USDT,0.8219,108.0,0.8218,5.0,0.8222,1408.0,0.8227,4236.0
1753617449955,11:57:29.955,blofin,ADA/USDT:USDT,0.8219,108.0,0.8218,5.0,0.8222,1408.0,0.8227,4236.0
1753617450456,11:57:30.456,blofin,ADA/USDT:USDT,0.822,106.0,0.8219,4892.0,0.8222,1411.0,0.8224,2130.0
1753617451457,11:57:31.457,blofin,ADA/USDT:USDT,0.822,3.0,0.8219,367.0,0.8222,580.0,0.8225,168.0
1753617452234,11:57:32.234,blofin,ADA/USDT:USDT,0.822,3.0,0.8219,106.0,0.8222,625.0,0.8227,4718.0
1753617452958,11:57:32.958,blofin,ADA/USDT:USDT,0.8219,82.0,0.8218,3006.0,0.8222,794.0,0.8226,8056.0
1753617453459,11:57:33.459,blofin,ADA/USDT:USDT,0.8219,4.0,0.8218,394.0,0.8221,95.0,0.8222,3608.0
1753617454234,11:57:34.234,blofin,ADA/USDT:USDT,0.8219,4.0,0.8218,269.0,0.8221,320.0,0.8223,7152.0
1753617454963,11:57:34.963,blofin,ADA/USDT:USDT,0.8219,4.0,0.8218,269.0,0.8221,320.0,0.8223,7152.0
1753617455465,11:57:35.465,blofin,ADA/USDT:USDT,0.8219,267.0,0.8218,5.0,0.8221,240.0,0.8225,6379.0
1753617456236,11:57:36.236,blofin,ADA/USDT:USDT,0.8219,269.0,0.8218,5.0,0.8221,204.0,0.8223,234.0
1753617456966,11:57:36.966,blofin,ADA/USDT:USDT,0.8218,16.0,0.8214,2773.0,0.822,945.0,0.8221,5.0
1753617457659,11:57:37.659,blofin,ADA/USDT:USDT,0.8218,5.0,0.8217,12.0,0.8219,1315.0,0.822,9191.0
1753617458239,11:57:38.239,blofin,ADA/USDT:USDT,0.8218,5.0,0.8217,7.0,0.8219,1320.0,0.822,9191.0
1753617458970,11:57:38.970,blofin,ADA/USDT:USDT,0.8216,2.0,0.8215,78.0,0.8218,525.0,0.8222,6567.0
1753617459467,11:57:39.467,blofin,ADA/USDT:USDT,0.8215,306.0,0.8214,4041.0,0.8218,302.0,0.8221,3231.0
1753617460238,11:57:40.238,blofin,ADA/USDT:USDT,0.8215,299.0,0.8213,0.02,0.8218,339.0,0.8223,4684.0
1753617460969,11:57:40.969,blofin,ADA/USDT:USDT,0.8215,299.0,0.8213,0.02,0.8218,337.0,0.8223,4684.0
1753617461550,11:57:41.550,blofin,ADA/USDT:USDT,0.8216,1010.0,0.8215,5.0,0.8218,1.0,0.8219,54.0
1753617462238,11:57:42.238,blofin,ADA/USDT:USDT,0.8218,470.0,0.8216,2840.0,0.822,5.0,0.8221,330.0
1753617462972,11:57:42.972,blofin,ADA/USDT:USDT,0.8218,472.0,0.8216,2840.0,0.8221,332.0,0.8225,144.0
1753617463471,11:57:43.471,blofin,ADA/USDT:USDT,0.8218,461.0,0.8213,4488.02,0.8221,232.0,0.8222,4879.0
1753617464473,11:57:44.473,blofin,ADA/USDT:USDT,0.8218,213.0,0.8215,3567.0,0.8221,559.0,0.8222,5428.0
1753617465241,11:57:45.241,blofin,ADA/USDT:USDT,0.8218,269.0,0.8217,3128.0,0.8221,269.0,0.8226,8935.0
1753617465475,11:57:45.475,blofin,ADA/USDT:USDT,0.8218,269.0,0.8217,3128.0,0.8221,269.0,0.8226,8935.0
1753617466476,11:57:46.476,blofin,ADA/USDT:USDT,0.8219,447.0,0.8218,4841.0,0.8221,5.0,0.8222,30.0
1753617467243,11:57:47.243,blofin,ADA/USDT:USDT,0.8219,2.0,0.8218,306.0,0.8221,339.0,0.8223,3098.0
1753617467979,11:57:47.979,blofin,ADA/USDT:USDT,0.8219,2.0,0.8218,7.0,0.822,594.0,0.8225,2530.0
1753617468480,11:57:48.480,blofin,ADA/USDT:USDT,0.8218,3.0,0.8217,462.0,0.822,669.0,0.8222,26.0
1753617469481,11:57:49.481,blofin,ADA/USDT:USDT,0.8218,3.0,0.8217,424.0,0.822,97.0,0.8223,1235.0
1753617470984,11:57:50.984,blofin,ADA/USDT:USDT,0.8218,3.0,0.8217,555.0,0.822,100.0,0.8222,2272.0
1753617471484,11:57:51.484,blofin,ADA/USDT:USDT,0.8218,3.0,0.8217,430.0,0.822,72.0,0.8221,3125.0
1753617472246,11:57:52.246,blofin,ADA/USDT:USDT,0.8218,915.0,0.8217,4.0,0.822,3.0,0.8221,66.0
1753617472984,11:57:52.984,blofin,ADA/USDT:USDT,0.8218,920.0,0.8216,52.0,0.822,3.0,0.8221,66.0
1753617473488,11:57:53.488,blofin,ADA/USDT:USDT,0.8218,514.0,0.8217,4499.0,0.822,3.0,0.8221,344.0
1753617475069,11:57:55.069,blofin,ADA/USDT:USDT,0.8218,23.0,0.8213,4308.02,0.822,608.0,0.8221,5.0
1753617475489,11:57:55.489,blofin,ADA/USDT:USDT,0.8218,166.0,0.8216,5063.0,0.822,1334.0,0.8221,5.0
1753617476251,11:57:56.251,blofin,ADA/USDT:USDT,0.8218,4.0,0.8217,207.0,0.822,1170.0,0.8221,5.0
1753617476989,11:57:56.989,blofin,ADA/USDT:USDT,0.8218,3.0,0.8217,211.0,0.822,1174.0,0.8223,4473.0
1753617477496,11:57:57.496,blofin,ADA/USDT:USDT,0.8218,425.0,0.8217,6426.0,0.822,3.0,0.8221,65.0
1753617478493,11:57:58.493,blofin,ADA/USDT:USDT,0.8218,639.0,0.8214,4435.0,0.822,3.0,0.8221,75.0
1753617479250,11:57:59.250,blofin,ADA/USDT:USDT,0.8218,605.0,0.8215,214.0,0.822,3.0,0.8221,66.0
1753617479995,11:57:59.995,blofin,ADA/USDT:USDT,0.8218,604.0,0.8215,214.0,0.822,3.0,0.8221,66.0
1753617480496,11:58:00.496,blofin,ADA/USDT:USDT,0.8219,373.0,0.8218,3.0,0.822,3.0,0.8221,368.0
1753617481252,11:58:01.252,blofin,ADA/USDT:USDT,0.8219,5.0,0.8218,356.0,0.822,3.0,0.8221,183.0
1753617481998,11:58:01.998,blofin,ADA/USDT:USDT,0.8218,358.0,0.8213,1893.02,0.822,3.0,0.8221,183.0
1753617482500,11:58:02.500,blofin,ADA/USDT:USDT,0.8218,402.0,0.8216,935.0,0.822,3.0,0.8221,53.0
1753617483501,11:58:03.501,blofin,ADA/USDT:USDT,0.8218,508.0,0.8214,2933.0,0.822,3.0,0.8221,46.0
1753617484010,11:58:04.010,blofin,ADA/USDT:USDT,0.8218,508.0,0.8214,2933.0,0.822,3.0,0.8221,47.0
1753617484505,11:58:04.505,blofin,ADA/USDT:USDT,0.8218,383.0,0.8217,3670.0,0.822,3.0,0.8221,55.0
1753617485502,11:58:05.502,blofin,ADA/USDT:USDT,0.8219,373.0,0.8218,7.0,0.822,3.0,0.8221,156.0
1753617486256,11:58:06.256,blofin,ADA/USDT:USDT,0.8219,188.0,0.8218,3490.0,0.822,3.0,0.8221,324.0
1753617487506,11:58:07.506,blofin,ADA/USDT:USDT,0.8219,253.0,0.8218,4164.0,0.822,3.0,0.8221,5.0
1753617488256,11:58:08.256,blofin,ADA/USDT:USDT,0.8219,253.0,0.8218,4164.0,0.822,3.0,0.8222,306.0
1753617489007,11:58:09.007,blofin,ADA/USDT:USDT,0.8218,498.0,0.8214,3255.0,0.822,3.0,0.8221,67.0
1753617489640,11:58:09.640,blofin,ADA/USDT:USDT,0.8219,489.0,0.8218,5849.0,0.822,3.0,0.8221,5.0
1753617490256,11:58:10.256,blofin,ADA/USDT:USDT,0.8219,705.0,0.8218,3331.0,0.822,3.0,0.8221,5.0
1753617490510,11:58:10.510,blofin,ADA/USDT:USDT,0.8219,705.0,0.8218,3331.0,0.822,3.0,0.8222,92.0
1753617491512,11:58:11.512,blofin,ADA/USDT:USDT,0.8219,521.0,0.8218,757.0,0.822,3.0,0.8222,242.0
1753617492258,11:58:12.258,blofin,ADA/USDT:USDT,0.8219,243.0,0.8218,3.0,0.822,3.0,0.8222,355.0
1753617493260,11:58:13.260,blofin,ADA/USDT:USDT,0.8219,241.0,0.8218,3.0,0.822,3.0,0.8222,355.0
1753617493516,11:58:13.516,blofin,ADA/USDT:USDT,0.8219,215.0,0.8218,3.0,0.822,3.0,0.8222,453.0
1753617494519,11:58:14.519,blofin,ADA/USDT:USDT,0.822,11.0,0.8219,2576.0,0.8222,573.0,0.8223,672.0
1753617495259,11:58:15.259,blofin,ADA/USDT:USDT,0.8219,5.0,0.8218,3.0,0.822,1206.0,0.8221,4269.0
1753617496022,11:58:16.022,blofin,ADA/USDT:USDT,0.8218,3.0,0.8217,203.0,0.822,1206.0,0.8221,4269.0
1753617496520,11:58:16.520,blofin,ADA/USDT:USDT,0.8218,3.0,0.8217,331.0,0.822,145.0,0.8222,6269.0
1753617498274,11:58:18.274,blofin,ADA/USDT:USDT,0.8217,10.0,0.8215,2410.0,0.822,543.0,0.8221,4.0
1753617499025,11:58:19.025,blofin,ADA/USDT:USDT,0.8217,293.0,0.8215,384.0,0.822,245.0,0.8222,5241.0
1753617499525,11:58:19.525,blofin,ADA/USDT:USDT,0.8218,288.0,0.8217,3.0,0.822,232.0,0.8224,1953.0
1753617500262,11:58:20.262,blofin,ADA/USDT:USDT,0.8218,3.0,0.8217,10.0,0.822,573.0,0.8222,4290.0
1753617501262,11:58:21.262,blofin,ADA/USDT:USDT,0.8217,11.0,0.8216,2283.0,0.822,752.0,0.8225,644.0
1753617501528,11:58:21.528,blofin,ADA/USDT:USDT,0.8217,11.0,0.8216,2283.0,0.822,751.0,0.8225,644.0
1753617502529,11:58:22.529,blofin,ADA/USDT:USDT,0.8217,12.0,0.8215,1654.0,0.822,776.0,0.8222,2528.0
1753617503229,11:58:23.229,blofin,ADA/USDT:USDT,0.8217,4.0,0.8216,8.0,0.822,777.0,0.8224,5623.0
1753617503483,11:58:23.483,blofin,ADA/USDT:USDT,0.8217,3.0,0.8216,10.0,0.8218,1500.0,0.8219,4.0
1753617504532,11:58:24.532,blofin,ADA/USDT:USDT,0.8217,3.0,0.8215,226.0,0.8218,1142.0,0.8219,4824.0
1753617505034,11:58:25.034,blofin,ADA/USDT:USDT,0.8217,3.0,0.8215,226.0,0.8218,1146.0,0.8219,4824.0
1753617505857,11:58:25.857,blofin,ADA/USDT:USDT,0.8217,3.0,0.8216,535.0,0.8218,5.0,0.8219,19.0
1753617506533,11:58:26.533,blofin,ADA/USDT:USDT,0.8217,3.0,0.8216,933.0,0.8218,5.0,0.8219,64.0
1753617507036,11:58:27.036,blofin,ADA/USDT:USDT,0.8217,3.0,0.8216,932.0,0.8218,5.0,0.8219,64.0
1753617507534,11:58:27.534,blofin,ADA/USDT:USDT,0.8217,3.0,0.8216,464.0,0.8218,5.0,0.8219,237.0
1753617508267,11:58:28.267,blofin,ADA/USDT:USDT,0.8217,3.0,0.8216,464.0,0.8219,238.0,0.822,1.0
1753617509038,11:58:29.038,blofin,ADA/USDT:USDT,0.8217,3.0,0.8216,462.0,0.8219,258.0,0.822,1.0
1753617509542,11:58:29.542,blofin,ADA/USDT:USDT,0.8217,244.0,0.8216,3048.0,0.8219,419.0,0.822,1.0
1753617510270,11:58:30.270,blofin,ADA/USDT:USDT,0.8217,421.0,0.8216,6505.0,0.8219,5.0,0.822,308.0
1753617510562,11:58:30.562,blofin,ADA/USDT:USDT,0.8218,1017.0,0.8217,3.0,0.8219,5.0,0.822,1.0
1753617511545,11:58:31.545,blofin,ADA/USDT:USDT,0.8218,285.0,0.8217,3.0,0.8219,5.0,0.822,1.0
1753617512348,11:58:32.348,blofin,ADA/USDT:USDT,0.8221,664.0,0.8217,3.0,0.8223,11.0,0.8225,127.0
1753617513047,11:58:33.047,blofin,ADA/USDT:USDT,0.8219,626.0,0.8218,1975.0,0.8222,176.0,0.8225,127.0
1753617513556,11:58:33.556,blofin,ADA/USDT:USDT,0.822,265.0,0.8219,3935.0,0.8222,1.0,0.8223,819.0
1753617514271,11:58:34.271,blofin,ADA/USDT:USDT,0.8219,312.0,0.8217,3205.0,0.8222,433.0,0.8223,4.0
1753617515048,11:58:35.048,blofin,ADA/USDT:USDT,0.8219,313.0,0.8217,3205.0,0.8222,436.0,0.8226,5989.0
1753617515549,11:58:35.549,blofin,ADA/USDT:USDT,0.8219,223.0,0.8217,3.0,0.8222,433.0,0.8225,4054.0
1753617516274,11:58:36.274,blofin,ADA/USDT:USDT,0.8219,306.0,0.8217,3.0,0.8222,299.0,0.8225,1408.0
1753617517052,11:58:37.052,blofin,ADA/USDT:USDT,0.8219,305.0,0.8217,3.0,0.8222,299.0,0.8225,1408.0
1753617517551,11:58:37.551,blofin,ADA/USDT:USDT,0.8219,252.0,0.8217,2236.0,0.8222,357.0,0.8226,8773.0
1753617518277,11:58:38.277,blofin,ADA/USDT:USDT,0.8219,252.0,0.8217,2236.0,0.8222,357.0,0.8226,8773.0
1753617519053,11:58:39.053,blofin,ADA/USDT:USDT,0.8219,342.0,0.8217,3.0,0.8222,219.0,0.8226,1016.0
1753617519553,11:58:39.553,blofin,ADA/USDT:USDT,0.8219,388.0,0.8217,3.0,0.8222,13.0,0.8224,1002.0
1753617520054,11:58:40.054,blofin,ADA/USDT:USDT,0.8219,384.0,0.8217,3.0,0.8222,13.0,0.8224,1002.0
1753617520557,11:58:40.557,blofin,ADA/USDT:USDT,0.8221,1000.0,0.8217,3.0,0.8222,1.0,0.8224,1.0
1753617521278,11:58:41.278,blofin,ADA/USDT:USDT,0.8222,897.0,0.8221,1315.0,0.8224,213.0,0.8227,5242.0
1753617522058,11:58:42.058,blofin,ADA/USDT:USDT,0.8222,902.0,0.8221,1314.0,0.8224,218.0,0.8227,5242.0
1753617522558,11:58:42.558,blofin,ADA/USDT:USDT,0.8222,10.0,0.8218,3365.0,0.8224,813.0,0.8229,4661.0
1753617523281,11:58:43.281,blofin,ADA/USDT:USDT,0.8221,10.0,0.822,4057.0,0.8224,604.0,0.8228,3350.0
1753617523560,11:58:43.560,blofin,ADA/USDT:USDT,0.8221,4.0,0.822,284.0,0.8223,1156.0,0.8228,4220.0
1753617524561,11:58:44.561,blofin,ADA/USDT:USDT,0.8222,713.0,0.822,768.0,0.8223,3.0,0.8224,232.0
1753617525064,11:58:45.064,blofin,ADA/USDT:USDT,0.8222,713.0,0.822,768.0,0.8224,236.0,0.8226,1845.0
1753617525564,11:58:45.564,blofin,ADA/USDT:USDT,0.8222,5.0,0.8221,249.0,0.8224,334.0,0.8228,1111.0
1753617526291,11:58:46.291,blofin,ADA/USDT:USDT,0.8222,5.0,0.8221,411.0,0.8224,68.0,0.8228,5310.0
1753617526564,11:58:46.564,blofin,ADA/USDT:USDT,0.8221,415.0,0.8217,4710.0,0.8224,68.0,0.8228,5310.0
1753617527568,11:58:47.568,blofin,ADA/USDT:USDT,0.8221,338.0,0.8217,3.0,0.8224,277.0,0.8227,2507.0
1753617528067,11:58:48.067,blofin,ADA/USDT:USDT,0.8221,338.0,0.8217,3.0,0.8224,278.0,0.8227,2507.0
1753617528568,11:58:48.568,blofin,ADA/USDT:USDT,0.8221,334.0,0.8219,3680.0,0.8224,283.0,0.8227,2950.0
1753617529284,11:58:49.284,blofin,ADA/USDT:USDT,0.8221,275.0,0.822,1085.0,0.8224,308.0,0.8227,3072.0
1753617530095,11:58:50.095,blofin,ADA/USDT:USDT,0.8221,275.0,0.822,1085.0,0.8224,307.0,0.8227,3072.0
1753617530596,11:58:50.596,blofin,ADA/USDT:USDT,0.8221,273.0,0.8217,5159.0,0.8224,302.0,0.8226,1959.0
1753617531097,11:58:51.097,blofin,ADA/USDT:USDT,0.8221,275.0,0.8217,5159.0,0.8224,302.0,0.8226,1959.0
1753617531597,11:58:51.597,blofin,ADA/USDT:USDT,0.8221,287.0,0.822,2794.0,0.8224,306.0,0.8227,4601.0
1753617532288,11:58:52.288,blofin,ADA/USDT:USDT,0.8221,292.0,0.8219,3602.0,0.8224,341.0,0.8228,5847.0
1753617533099,11:58:53.099,blofin,ADA/USDT:USDT,0.8221,292.0,0.8219,3602.0,0.8224,343.0,0.8228,5847.0
1753617533599,11:58:53.599,blofin,ADA/USDT:USDT,0.8221,323.0,0.8216,4497.0,0.8224,177.0,0.8228,540.0
1753617534288,11:58:54.288,blofin,ADA/USDT:USDT,0.8222,378.0,0.8221,3282.0,0.8224,21.0,0.8227,4639.0
1753617534603,11:58:54.603,blofin,ADA/USDT:USDT,0.8222,383.0,0.8221,3277.0,0.8224,21.0,0.8227,4639.0
1753617535603,11:58:55.603,blofin,ADA/USDT:USDT,0.8223,227.0,0.8222,2.0,0.8224,10.0,0.8226,503.0
1753617536290,11:58:56.290,blofin,ADA/USDT:USDT,0.8223,450.0,0.8222,2.0,0.8224,5.0,0.8226,229.0
1753617537105,11:58:57.105,blofin,ADA/USDT:USDT,0.8223,450.0,0.8222,2.0,0.8224,5.0,0.8226,229.0
1753617537607,11:58:57.607,blofin,ADA/USDT:USDT,0.8224,470.0,0.8222,2.0,0.8226,69.0,0.8228,540.0
1753617538291,11:58:58.291,blofin,ADA/USDT:USDT,0.8224,475.0,0.8221,5.0,0.8226,70.0,0.8228,540.0
1753617539107,11:58:59.107,blofin,ADA/USDT:USDT,0.8224,5.0,0.8223,474.0,0.8226,67.0,0.8228,540.0
1753617539290,11:58:59.290,blofin,ADA/USDT:USDT,0.8224,421.0,0.8221,3139.0,0.8226,490.0,0.8228,1468.0
1753617540109,11:59:00.109,blofin,ADA/USDT:USDT,0.8224,419.0,0.8221,3139.0,0.8226,490.0,0.8228,1468.0
1753617540609,11:59:00.609,blofin,ADA/USDT:USDT,0.8224,757.0,0.8221,2223.0,0.8227,444.0,0.8228,540.0
1753617541292,11:59:01.292,blofin,ADA/USDT:USDT,0.8225,773.0,0.8224,1094.0,0.8227,205.0,0.8228,540.0
1753617542111,11:59:02.111,blofin,ADA/USDT:USDT,0.8225,778.0,0.8224,1091.0,0.8227,205.0,0.8228,540.0
1753617542612,11:59:02.612,blofin,ADA/USDT:USDT,0.8225,790.0,0.8224,5558.0,0.8228,736.0,0.8232,3763.0
1753617543294,11:59:03.294,blofin,ADA/USDT:USDT,0.8225,789.0,0.8224,5558.0,0.8228,738.0,0.8232,3763.0
1753617544116,11:59:04.116,blofin,ADA/USDT:USDT,0.8224,783.0,0.8221,2457.0,0.8227,54.0,0.8228,540.0
1753617544617,11:59:04.617,blofin,ADA/USDT:USDT,0.8224,772.0,0.8221,5390.0,0.8227,262.0,0.8228,5793.0
1753617545619,11:59:05.619,blofin,ADA/USDT:USDT,0.8224,791.0,0.8222,149.0,0.8227,220.0,0.8228,540.0
1753617546621,11:59:06.621,blofin,ADA/USDT:USDT,0.8224,678.0,0.8223,695.0,0.8227,51.0,0.8228,540.0
1753617547298,11:59:07.298,blofin,ADA/USDT:USDT,0.8225,434.0,0.8224,3698.0,0.8227,651.0,0.8228,540.0
1753617547623,11:59:07.623,blofin,ADA/USDT:USDT,0.8225,434.0,0.8224,3698.0,0.8227,652.0,0.8228,540.0
1753617548300,11:59:08.300,blofin,ADA/USDT:USDT,0.8225,434.44,0.8224,3695.0,0.8227,650.0,0.8228,540.0
1753617549124,11:59:09.124,blofin,ADA/USDT:USDT,0.8225,1.0,0.8224,577.0,0.8227,195.0,0.8228,540.0
1753617549625,11:59:09.625,blofin,ADA/USDT:USDT,0.8225,581.0,0.8224,4227.0,0.8228,581.0,0.8231,191.0
1753617550302,11:59:10.302,blofin,ADA/USDT:USDT,0.8227,803.0,0.8225,552.0,0.8228,544.0,0.8229,132.0
1753617551128,11:59:11.128,blofin,ADA/USDT:USDT,0.8227,803.0,0.8225,552.0,0.8228,540.0,0.8229,133.0
1753617551817,11:59:11.817,blofin,ADA/USDT:USDT,0.8228,805.0,0.8227,2220.0,0.8229,5.0,0.823,150.0
1753617552302,11:59:12.302,blofin,ADA/USDT:USDT,0.8228,600.0,0.8225,2427.0,0.823,412.0,0.8231,3864.0
1753617552629,11:59:12.629,blofin,ADA/USDT:USDT,0.8228,600.0,0.8225,2427.0,0.823,412.0,0.8231,3864.0
1753617553632,11:59:13.632,blofin,ADA/USDT:USDT,0.8228,578.0,0.8224,5704.0,0.823,2.0,0.8231,1.0
1753617554304,11:59:14.304,blofin,ADA/USDT:USDT,0.8228,556.0,0.8226,169.0,0.8231,202.0,0.8232,3513.0
1753617555133,11:59:15.133,blofin,ADA/USDT:USDT,0.8228,556.0,0.8226,169.0,0.8231,202.0,0.8232,3513.0
1753617555633,11:59:15.633,blofin,ADA/USDT:USDT,0.8229,556.0,0.8228,1256.0,0.8231,227.0,0.8233,6246.0
1753617556305,11:59:16.305,blofin,ADA/USDT:USDT,0.8229,1.0,0.8228,531.0,0.8231,284.0,0.8233,2901.0
1753617557135,11:59:17.135,blofin,ADA/USDT:USDT,0.8228,534.0,0.8224,4625.0,0.8231,281.0,0.8233,2901.0
1753617557635,11:59:17.635,blofin,ADA/USDT:USDT,0.8228,563.0,0.8225,6006.0,0.8231,44.0,0.8233,429.0
1753617558322,11:59:18.322,blofin,ADA/USDT:USDT,0.823,909.0,0.8227,854.0,0.8231,1.0,0.8233,447.0
1753617558729,11:59:18.729,blofin,ADA/USDT:USDT,0.823,7.0,0.8229,69.0,0.8232,433.0,0.8233,8.0
1753617559640,11:59:19.640,blofin,ADA/USDT:USDT,0.823,380.0,0.8228,334.0,0.8232,980.0,0.8233,831.0
1753617560261,11:59:20.261,blofin,ADA/USDT:USDT,0.823,380.0,0.8228,334.0,0.8232,974.52,0.8233,831.0
1753617560641,11:59:20.641,blofin,ADA/USDT:USDT,0.823,7.0,0.8229,307.0,0.8232,583.0,0.8233,1756.0
1753617561645,11:59:21.645,blofin,ADA/USDT:USDT,0.823,3.0,0.8229,303.0,0.8232,591.0,0.8233,177.0
1753617562145,11:59:22.145,blofin,ADA/USDT:USDT,0.823,3.0,0.8229,304.0,0.8232,591.0,0.8233,177.0
1753617562644,11:59:22.644,blofin,ADA/USDT:USDT,0.823,302.0,0.8229,4.0,0.8232,676.0,0.8233,177.0
1753617563312,11:59:23.312,blofin,ADA/USDT:USDT,0.823,434.0,0.8229,1467.0,0.8233,172.0,0.8238,4744.0
1753617564146,11:59:24.146,blofin,ADA/USDT:USDT,0.8231,831.0,0.823,2006.0,0.8233,5.0,0.8234,352.0
1753617564645,11:59:24.645,blofin,ADA/USDT:USDT,0.823,853.0,0.8226,1499.0,0.8233,305.0,0.8234,2.0
1753617565315,11:59:25.315,blofin,ADA/USDT:USDT,0.823,683.0,0.8228,1518.0,0.8233,355.0,0.8234,2.0
1753617565650,11:59:25.650,blofin,ADA/USDT:USDT,0.823,683.0,0.8228,1518.0,0.8233,358.0,0.8236,5479.0
1753617566647,11:59:26.647,blofin,ADA/USDT:USDT,0.823,7.0,0.8229,651.0,0.8232,350.0,0.8233,5.0
1753617567318,11:59:27.318,blofin,ADA/USDT:USDT,0.823,415.0,0.8229,1.0,0.8232,319.0,0.8233,5.0
1753617567651,11:59:27.651,blofin,ADA/USDT:USDT,0.823,415.0,0.8229,1.0,0.8232,319.0,0.8233,5.0
1753617568549,11:59:28.549,blofin,ADA/USDT:USDT,0.823,3.0,0.8229,870.0,0.8231,2.0,0.8232,430.0
1753617569164,11:59:29.164,blofin,ADA/USDT:USDT,0.823,3.0,0.8229,870.0,0.8232,248.0,0.8233,130.0
1753617569653,11:59:29.653,blofin,ADA/USDT:USDT,0.823,3.0,0.8229,889.0,0.8232,267.0,0.8233,1100.0
1753617570320,11:59:30.320,blofin,ADA/USDT:USDT,0.823,921.0,0.8229,2836.0,0.8232,2.0,0.8233,378.0
1753617571155,11:59:31.155,blofin,ADA/USDT:USDT,0.823,923.0,0.8229,2832.0,0.8232,2.0,0.8233,378.0
1753617571658,11:59:31.658,blofin,ADA/USDT:USDT,0.823,5.0,0.8229,920.0,0.8232,225.0,0.8233,130.0
1753617572320,11:59:32.320,blofin,ADA/USDT:USDT,0.823,5.0,0.8229,948.0,0.8232,124.0,0.8233,130.0
1753617572656,11:59:32.656,blofin,ADA/USDT:USDT,0.823,5.0,0.8229,948.0,0.8232,127.0,0.8233,130.0
1753617573593,11:59:33.593,blofin,ADA/USDT:USDT,0.8231,952.0,0.823,3.0,0.8232,2.0,0.8233,12.0
1753617574159,11:59:34.159,blofin,ADA/USDT:USDT,0.8231,952.0,0.823,3.0,0.8233,14.0,0.8236,6660.0
1753617574661,11:59:34.661,blofin,ADA/USDT:USDT,0.823,514.0,0.8229,5.0,0.8233,375.0,0.8234,1335.0
1753617575321,11:59:35.321,blofin,ADA/USDT:USDT,0.8231,481.0,0.823,3502.0,0.8233,7.0,0.8234,368.0
1753617575663,11:59:35.663,blofin,ADA/USDT:USDT,0.8231,482.0,0.823,3502.0,0.8233,7.0,0.8234,368.0
1753617576664,11:59:36.664,blofin,ADA/USDT:USDT,0.8231,1.0,0.823,496.0,0.8233,344.0,0.8238,4069.0
1753617577321,11:59:37.321,blofin,ADA/USDT:USDT,0.8231,1.0,0.823,492.0,0.8233,217.0,0.8234,6228.0
1753617577668,11:59:37.668,blofin,ADA/USDT:USDT,0.823,496.0,0.8225,4281.0,0.8233,217.0,0.8234,6228.0
1753617578669,11:59:38.669,blofin,ADA/USDT:USDT,0.823,130.0,0.8227,5107.0,0.8233,487.0,0.8237,4263.0
1753617579323,11:59:39.323,blofin,ADA/USDT:USDT,0.823,374.0,0.8226,4482.0,0.8233,252.0,0.8237,10374.0
1753617579672,11:59:39.672,blofin,ADA/USDT:USDT,0.823,374.0,0.8226,4482.0,0.8233,252.0,0.8237,10374.0
1753617580672,11:59:40.672,blofin,ADA/USDT:USDT,0.823,387.0,0.8226,3343.0,0.8233,224.0,0.8236,5006.0
1753617581324,11:59:41.324,blofin,ADA/USDT:USDT,0.823,300.0,0.8225,285.0,0.8233,384.0,0.8237,380.0
1753617581676,11:59:41.676,blofin,ADA/USDT:USDT,0.823,300.0,0.8225,285.0,0.8233,386.0,0.8237,380.0
1753617582490,11:59:42.490,blofin,ADA/USDT:USDT,0.8231,2.0,0.823,351.5,0.8233,283.0,0.8238,8977.0
1753617582786,11:59:42.786,blofin,ADA/USDT:USDT,0.823,351.5,0.8229,4368.0,0.8233,279.0,0.8238,8977.0
1753617583677,11:59:43.677,blofin,ADA/USDT:USDT,0.8231,1.0,0.823,361.5,0.8233,225.0,0.8235,6051.0
1753617584329,11:59:44.329,blofin,ADA/USDT:USDT,0.8231,393.0,0.823,13.5,0.8233,225.0,0.8236,2327.0
1753617584956,11:59:44.956,blofin,ADA/USDT:USDT,0.8232,472.0,0.8231,6244.0,0.8233,224.0,0.8238,6816.0
1753617585679,11:59:45.679,blofin,ADA/USDT:USDT,0.8232,747.0,0.823,11.5,0.8233,5.0,0.8235,332.0
1753617586327,11:59:46.327,blofin,ADA/USDT:USDT,0.8233,749.0,0.8232,5582.0,0.8235,205.0,0.8238,5870.0
1753617586676,11:59:46.676,blofin,ADA/USDT:USDT,0.8232,1.0,0.8231,713.0,0.8234,107.0,0.8235,2.0
1753617587685,11:59:47.685,blofin,ADA/USDT:USDT,0.8232,1.0,0.8231,454.0,0.8234,368.0,0.8236,3520.0
1753617588183,11:59:48.183,blofin,ADA/USDT:USDT,0.8231,456.0,0.823,11.5,0.8234,368.0,0.8236,3520.0
1753617588684,11:59:48.684,blofin,ADA/USDT:USDT,0.8232,168.0,0.8231,1.0,0.8234,468.0,0.8238,295.0
1753617589330,11:59:49.330,blofin,ADA/USDT:USDT,0.8232,4.0,0.8231,229.0,0.8234,469.0,0.8236,5044.0
1753617590185,11:59:50.185,blofin,ADA/USDT:USDT,0.8232,4.0,0.8231,81.0,0.8234,402.0,0.8238,295.0
1753617591330,11:59:51.330,blofin,ADA/USDT:USDT,0.8231,1.0,0.823,8.5,0.8232,847.0,0.8233,6653.0
1753617591688,11:59:51.688,blofin,ADA/USDT:USDT,0.8231,1.0,0.823,8.5,0.8232,847.0,0.8233,6653.0
1753617592689,11:59:52.689,blofin,ADA/USDT:USDT,0.8231,1.0,0.823,322.5,0.8232,704.0,0.8234,513.0
1753617593337,11:59:53.337,blofin,ADA/USDT:USDT,0.823,8.5,0.8229,262.0,0.8231,738.0,0.8234,2.0
1753617593689,11:59:53.689,blofin,ADA/USDT:USDT,0.823,8.5,0.8229,5.0,0.8231,929.0,0.8234,3178.0
1753617594333,11:59:54.333,blofin,ADA/USDT:USDT,0.823,8.5,0.8229,4.0,0.8231,953.0,0.8234,2.0
1753617595191,11:59:55.191,blofin,ADA/USDT:USDT,0.823,8.5,0.8229,3.0,0.8231,954.0,0.8234,2.0
1753617595885,11:59:55.885,blofin,ADA/USDT:USDT,0.823,8.5,0.8229,736.0,0.8232,109.0,0.8234,4074.0
1753617596333,11:59:56.333,blofin,ADA/USDT:USDT,0.823,8.5,0.8229,8.0,0.8231,422.0,0.8232,6889.0
1753617596786,11:59:56.786,blofin,ADA/USDT:USDT,0.823,8.5,0.8229,3.0,0.8231,422.0,0.8232,6889.0
1753617597697,11:59:57.697,blofin,ADA/USDT:USDT,0.823,8.5,0.8229,3.0,0.8232,3917.0,0.8234,2.0
1753617598337,11:59:58.337,blofin,ADA/USDT:USDT,0.823,8.5,0.8229,1.0,0.8232,3917.0,0.8234,2.0
1753617598903,11:59:58.903,blofin,ADA/USDT:USDT,0.823,8.5,0.8229,4.0,0.8234,369.0,0.8238,295.0
1753617599336,11:59:59.336,blofin,ADA/USDT:USDT,0.823,8.5,0.8229,4.0,0.8234,2.0,0.8235,4137.0
1753617599985,11:59:59.985,blofin,ADA/USDT:USDT,0.823,8.5,0.8229,2.0,0.8234,2.0,0.8235,4137.0
1753617600703,12:00:00.703,blofin,ADA/USDT:USDT,0.823,8.5,0.8229,2.0,0.8231,3816.0,0.8232,496.0
1753617601338,12:00:01.338,blofin,ADA/USDT:USDT,0.823,8.5,0.8229,4.0,0.8231,5205.0,0.8234,2.0
1753617602340,12:00:02.340,blofin,ADA/USDT:USDT,0.823,8.5,0.8229,3.0,0.8234,3711.0,0.8237,2151.0
1753617603503,12:00:03.503,blofin,ADA/USDT:USDT,0.823,8.5,0.8229,1219.0,0.8232,43.0,0.8234,5401.0
1753617604341,12:00:04.341,blofin,ADA/USDT:USDT,0.8231,3.0,0.823,914.5,0.8233,41.0,0.8234,3812.0
1753617605210,12:00:05.210,blofin,ADA/USDT:USDT,0.8231,883.0,0.823,8.5,0.8233,624.0,0.8234,2.0
1753617605843,12:00:05.843,blofin,ADA/USDT:USDT,0.823,8.5,0.8229,65.0,0.8232,807.0,0.8233,1.0
1753617606341,12:00:06.341,blofin,ADA/USDT:USDT,0.8231,4.0,0.823,1187.5,0.8232,5.0,0.8233,63.0
1753617607342,12:00:07.342,blofin,ADA/USDT:USDT,0.823,4.0,0.8229,407.0,0.8232,372.0,0.8234,3654.0
1753617607832,12:00:07.832,blofin,ADA/USDT:USDT,0.8231,430.0,0.823,4.0,0.8232,5.0,0.8233,153.0
1753617608713,12:00:08.713,blofin,ADA/USDT:USDT,0.8231,4.0,0.8229,1.0,0.8232,554.0,0.8233,1.0
1753617609343,12:00:09.343,blofin,ADA/USDT:USDT,0.8231,4.0,0.823,309.0,0.8232,216.0,0.8234,3241.0
1753617609716,12:00:09.716,blofin,ADA/USDT:USDT,0.8231,4.0,0.823,309.0,0.8232,216.0,0.8234,3241.0
1753617610715,12:00:10.715,blofin,ADA/USDT:USDT,0.8231,4.0,0.8229,426.0,0.8232,28.0,0.8234,2809.0
1753617611345,12:00:11.345,blofin,ADA/USDT:USDT,0.823,412.0,0.8229,2365.0,0.8232,5.0,0.8233,24.0
1753617611718,12:00:11.718,blofin,ADA/USDT:USDT,0.823,412.0,0.8229,2365.0,0.8232,5.0,0.8233,24.0
1753617612719,12:00:12.719,blofin,ADA/USDT:USDT,0.823,380.0,0.8228,5.0,0.8231,725.0,0.8233,3243.0
1753617613723,12:00:13.723,blofin,ADA/USDT:USDT,0.8229,390.0,0.8224,4394.0,0.8232,500.0,0.8234,2689.0
1753617614724,12:00:14.724,blofin,ADA/USDT:USDT,0.8229,166.0,0.8224,1845.0,0.8232,442.0,0.8234,2.0
1753617615347,12:00:15.347,blofin,ADA/USDT:USDT,0.8229,197.0,0.8227,191.0,0.8232,436.0,0.8234,2.0
1753617616096,12:00:16.096,blofin,ADA/USDT:USDT,0.8229,1.0,0.8228,1.0,0.8231,495.0,0.8232,5.0
1753617616347,12:00:16.347,blofin,ADA/USDT:USDT,0.8229,1.0,0.8228,298.0,0.8231,782.0,0.8233,3209.0
1753617616727,12:00:16.727,blofin,ADA/USDT:USDT,0.8229,1.0,0.8228,298.0,0.823,900.0,0.8231,2.0
1753617617727,12:00:17.727,blofin,ADA/USDT:USDT,0.8227,228.0,0.8225,4738.0,0.823,574.0,0.8234,1909.0
1753617618364,12:00:18.364,blofin,ADA/USDT:USDT,0.8227,229.0,0.8225,4738.0,0.823,574.0,0.8234,1907.0
1753617619229,12:00:19.229,blofin,ADA/USDT:USDT,0.8228,306.0,0.8227,362.0,0.823,577.0,0.8235,5818.0
1753617619696,12:00:19.696,blofin,ADA/USDT:USDT,0.8228,2.0,0.8227,91.0,0.8229,579.0,0.823,2.0
1753617620349,12:00:20.349,blofin,ADA/USDT:USDT,0.8228,2.0,0.8227,1.0,0.8229,986.0,0.823,2.0
1753617621352,12:00:21.352,blofin,ADA/USDT:USDT,0.8228,2.0,0.8227,5.0,0.8229,5.0,0.823,1125.0
1753617621732,12:00:21.732,blofin,ADA/USDT:USDT,0.8227,1.0,0.8226,5.0,0.8228,1124.0,0.8229,5.0
1753617622485,12:00:22.485,blofin,ADA/USDT:USDT,0.8227,439.0,0.8226,4.0,0.8229,36.0,0.823,1.0
1753617623352,12:00:23.352,blofin,ADA/USDT:USDT,0.8227,440.0,0.8222,3026.0,0.8229,32.0,0.823,1.0
1753617623734,12:00:23.734,blofin,ADA/USDT:USDT,0.8227,2.0,0.8226,453.0,0.8229,473.0,0.823,1063.0
1753617624735,12:00:24.735,blofin,ADA/USDT:USDT,0.8227,2.0,0.8226,228.0,0.8228,1.0,0.8229,473.0
1753617625355,12:00:25.355,blofin,ADA/USDT:USDT,0.8227,2.0,0.8225,393.0,0.8228,393.0,0.823,7044.0
1753617626240,12:00:26.240,blofin,ADA/USDT:USDT,0.8227,2.0,0.8225,393.0,0.8228,394.0,0.823,7044.0
1753617626740,12:00:26.740,blofin,ADA/USDT:USDT,0.8227,2.0,0.8225,357.0,0.8228,399.0,0.823,1.0
1753617627354,12:00:27.354,blofin,ADA/USDT:USDT,0.8227,2.0,0.8225,594.0,0.8228,42.0,0.8229,5000.0
1753617628243,12:00:28.243,blofin,ADA/USDT:USDT,0.8227,1.0,0.8225,598.0,0.8228,42.0,0.8229,5000.0
1753617628978,12:00:28.978,blofin,ADA/USDT:USDT,0.8227,76.0,0.8222,5978.0,0.8228,3.0,0.8229,519.0
1753617629746,12:00:29.746,blofin,ADA/USDT:USDT,0.8227,1.0,0.8225,50.0,0.8228,751.0,0.8229,4.0
1753617630360,12:00:30.360,blofin,ADA/USDT:USDT,0.8227,1.0,0.8225,298.0,0.8228,200.0,0.8229,4.0
1753617631250,12:00:31.250,blofin,ADA/USDT:USDT,0.8227,747.0,0.8225,352.0,0.8228,5.0,0.8229,166.0
1753617631755,12:00:31.755,blofin,ADA/USDT:USDT,0.8227,1.0,0.8226,537.0,0.8229,370.0,0.823,1.0
1753617632354,12:00:32.354,blofin,ADA/USDT:USDT,0.8227,1.0,0.8226,2.0,0.8229,710.0,0.823,1084.0
1753617633110,12:00:33.110,blofin,ADA/USDT:USDT,0.8226,1.0,0.8225,2.0,0.8227,782.0,0.8228,2552.0
1753617633355,12:00:33.355,blofin,ADA/USDT:USDT,0.8225,2.0,0.8224,3.0,0.8227,786.0,0.8228,2552.0
1753617634356,12:00:34.356,blofin,ADA/USDT:USDT,0.8224,239.0,0.8222,2840.0,0.8227,354.0,0.823,1.0
1753617634750,12:00:34.750,blofin,ADA/USDT:USDT,0.8224,237.0,0.8222,2840.0,0.8227,354.0,0.823,1.0
1753617635360,12:00:35.360,blofin,ADA/USDT:USDT,0.8224,316.0,0.8222,2338.0,0.8227,354.0,0.8229,5513.0
1753617636251,12:00:36.251,blofin,ADA/USDT:USDT,0.8224,316.0,0.8222,2338.0,0.8227,354.0,0.8229,5513.0
1753617636754,12:00:36.754,blofin,ADA/USDT:USDT,0.8226,754.0,0.8225,652.0,0.8227,4.0,0.8228,292.0
1753617638132,12:00:38.132,blofin,ADA/USDT:USDT,0.8226,407.0,0.8225,2197.0,0.8227,4.0,0.8228,425.0
1753617638757,12:00:38.757,blofin,ADA/USDT:USDT,0.8226,391.0,0.8225,2670.0,0.8228,393.0,0.8229,540.0
1753617639361,12:00:39.361,blofin,ADA/USDT:USDT,0.8226,1.0,0.8225,408.0,0.8228,249.0,0.823,6233.0
1753617639759,12:00:39.759,blofin,ADA/USDT:USDT,0.8226,1.0,0.8225,408.0,0.8228,249.0,0.823,6233.0
1753617640360,12:00:40.360,blofin,ADA/USDT:USDT,0.8226,121.0,0.8225,4.0,0.8228,415.0,0.823,1.0
1753617641259,12:00:41.259,blofin,ADA/USDT:USDT,0.8226,124.0,0.8222,2590.0,0.8228,413.0,0.823,1.0
1753617642763,12:00:42.763,blofin,ADA/USDT:USDT,0.8226,3.0,0.8225,173.0,0.8227,1047.0,0.8229,2429.0
1753617643763,12:00:43.763,blofin,ADA/USDT:USDT,0.8225,3.0,0.8222,679.0,0.8227,1149.0,0.8229,245.0
1753617644363,12:00:44.363,blofin,ADA/USDT:USDT,0.8225,2.0,0.8223,266.0,0.8226,1078.0,0.8227,3672.0
1753617644766,12:00:44.766,blofin,ADA/USDT:USDT,0.8223,270.0,0.8222,1692.0,0.8226,1078.0,0.8227,3672.0
1753617645767,12:00:45.767,blofin,ADA/USDT:USDT,0.8223,270.0,0.8222,679.0,0.8226,1209.0,0.8227,358.0
1753617646366,12:00:46.366,blofin,ADA/USDT:USDT,0.8224,280.0,0.8223,4.0,0.8226,513.0,0.823,2378.0
1753617646769,12:00:46.769,blofin,ADA/USDT:USDT,0.8224,283.0,0.8222,3143.0,0.8226,513.0,0.823,2378.0
1753617647366,12:00:47.366,blofin,ADA/USDT:USDT,0.8224,3.0,0.8223,300.0,0.8226,514.0,0.823,1.0
1753617648271,12:00:48.271,blofin,ADA/USDT:USDT,0.8224,3.0,0.8223,300.0,0.8226,516.0,0.823,1.0
1753617648772,12:00:48.772,blofin,ADA/USDT:USDT,0.8223,318.0,0.8222,295.0,0.8226,518.0,0.823,151.0
1753617649372,12:00:49.372,blofin,ADA/USDT:USDT,0.8223,401.0,0.8218,1434.0,0.8226,210.0,0.8227,449.0
1753617649773,12:00:49.773,blofin,ADA/USDT:USDT,0.8223,401.0,0.8218,1434.0,0.8226,211.0,0.8227,449.0
1753617650370,12:00:50.370,blofin,ADA/USDT:USDT,0.8223,243.0,0.8222,93.0,0.8226,584.0,0.8229,195.0
1753617651899,12:00:51.899,blofin,ADA/USDT:USDT,0.8223,6.0,0.8222,75.0,0.8225,483.0,0.8226,8.0
1753617652371,12:00:52.371,blofin,ADA/USDT:USDT,0.8223,321.0,0.8221,4009.0,0.8225,362.0,0.8226,8.0
1753617653786,12:00:53.786,blofin,ADA/USDT:USDT,0.8223,4.0,0.8222,8.0,0.8225,670.0,0.8226,4.0
1753617654372,12:00:54.372,blofin,ADA/USDT:USDT,0.8223,4.0,0.8222,7.0,0.8225,675.0,0.8226,4.0
1753617654778,12:00:54.778,blofin,ADA/USDT:USDT,0.8223,4.0,0.8222,7.0,0.8225,675.0,0.8226,4.0
1753617655372,12:00:55.372,blofin,ADA/USDT:USDT,0.8223,4.0,0.8222,685.0,0.8225,27.0,0.8226,4.0
1753617656372,12:00:56.372,blofin,ADA/USDT:USDT,0.8223,1.0,0.8222,371.0,0.8225,192.0,0.8226,4334.0
1753617656875,12:00:56.875,blofin,ADA/USDT:USDT,0.8223,1.0,0.8222,371.0,0.8225,152.54,0.8226,4334.0
1753617657374,12:00:57.374,blofin,ADA/USDT:USDT,0.8223,1.0,0.8222,364.0,0.8225,231.0,0.8226,2365.0
1753617658283,12:00:58.283,blofin,ADA/USDT:USDT,0.8223,1.0,0.8222,364.0,0.8225,235.0,0.8226,2365.0
1753617658784,12:00:58.784,blofin,ADA/USDT:USDT,0.8223,240.0,0.8222,4.0,0.8225,247.0,0.8226,2021.0
1753617659378,12:00:59.378,blofin,ADA/USDT:USDT,0.8223,33.0,0.8222,4.0,0.8225,522.0,0.8226,4.0
1753617660035,12:01:00.035,blofin,ADA/USDT:USDT,0.8223,33.0,0.8222,4.0,0.8225,522.0,0.8226,4.0
1753617660722,12:01:00.722,blofin,ADA/USDT:USDT,0.8225,1023.0,0.8224,1335.0,0.8226,4.0,0.8228,11.0
1753617661377,12:01:01.377,blofin,ADA/USDT:USDT,0.8225,653.0,0.8223,1.0,0.8226,4.0,0.8227,111.0
1753617661786,12:01:01.786,blofin,ADA/USDT:USDT,0.8225,653.0,0.8223,1.0,0.8226,4.0,0.8227,116.0
1753617662787,12:01:02.787,blofin,ADA/USDT:USDT,0.8224,244.0,0.8223,1.0,0.8226,4.0,0.8227,464.0
1753617663378,12:01:03.378,blofin,ADA/USDT:USDT,0.8224,242.0,0.8223,1.0,0.8226,4.0,0.8227,463.0
1753617663791,12:01:03.791,blofin,ADA/USDT:USDT,0.8224,210.0,0.8223,1.0,0.8226,4.0,0.8227,410.0
1753617664378,12:01:04.378,blofin,ADA/USDT:USDT,0.8224,5.0,0.8223,3766.0,0.8226,4.0,0.8227,739.0
1753617665289,12:01:05.289,blofin,ADA/USDT:USDT,0.8224,5.0,0.8223,1.0,0.8226,747.0,0.8227,6098.0
1753617666446,12:01:06.446,blofin,ADA/USDT:USDT,0.8224,4.0,0.8223,421.0,0.8226,72.0,0.8227,2.0
1753617666791,12:01:06.791,blofin,ADA/USDT:USDT,0.8224,4.0,0.8223,421.0,0.8226,74.0,0.8231,5386.0
1753617667378,12:01:07.378,blofin,ADA/USDT:USDT,0.8224,4.0,0.8223,76.0,0.8226,375.0,0.8229,111.0
1753617668381,12:01:08.381,blofin,ADA/USDT:USDT,0.8223,77.0,0.822,362.0,0.8226,376.0,0.8229,111.0
1753617668931,12:01:08.931,blofin,ADA/USDT:USDT,0.8224,539.0,0.8223,2.0,0.8226,6.0,0.8227,43.0
1753617669383,12:01:09.383,blofin,ADA/USDT:USDT,0.8224,205.0,0.8223,2.0,0.8226,6.0,0.8227,411.0
1753617670300,12:01:10.300,blofin,ADA/USDT:USDT,0.8224,206.0,0.8223,1.0,0.8226,6.0,0.8227,411.0
1753617670799,12:01:10.799,blofin,ADA/USDT:USDT,0.8224,258.0,0.8223,2077.0,0.8226,4.0,0.8227,388.0
1753617671381,12:01:11.381,blofin,ADA/USDT:USDT,0.8224,240.0,0.8223,2714.0,0.8226,4.0,0.8227,388.0
1753617672382,12:01:12.382,blofin,ADA/USDT:USDT,0.8224,313.0,0.8223,1.0,0.8226,4.0,0.8227,383.0
1753617672802,12:01:12.802,blofin,ADA/USDT:USDT,0.8224,313.0,0.8223,1.0,0.8226,4.0,0.8227,382.0
1753617673387,12:01:13.387,blofin,ADA/USDT:USDT,0.8224,311.0,0.8223,1.0,0.8226,4.0,0.8227,383.0
1753617673805,12:01:13.805,blofin,ADA/USDT:USDT,0.8224,300.0,0.8223,1.0,0.8226,4.0,0.8227,389.0
1753617674807,12:01:14.807,blofin,ADA/USDT:USDT,0.8224,69.0,0.8223,1.0,0.8226,4.0,0.8227,499.0
1753617675384,12:01:15.384,blofin,ADA/USDT:USDT,0.8224,197.0,0.8223,1.0,0.8226,4.0,0.8227,405.0
1753617676385,12:01:16.385,blofin,ADA/USDT:USDT,0.8224,167.0,0.8223,1.0,0.8226,4.0,0.8227,409.0
1753617677309,12:01:17.309,blofin,ADA/USDT:USDT,0.8223,10.0,0.8222,1046.0,0.8226,706.0,0.8227,5.0
1753617678048,12:01:18.048,blofin,ADA/USDT:USDT,0.822,112.0,0.8218,1843.0,0.8223,1375.0,0.8225,585.0
1753617678550,12:01:18.550,blofin,ADA/USDT:USDT,0.8218,4.0,0.8217,141.0,0.822,1347.0,0.8221,7.0
1753617679388,12:01:19.388,blofin,ADA/USDT:USDT,0.8219,585.0,0.8218,4.0,0.822,1.0,0.8221,3.0
1753617679814,12:01:19.814,blofin,ADA/USDT:USDT,0.8219,590.0,0.8218,2.0,0.822,1.0,0.8221,3.0
1753617680390,12:01:20.390,blofin,ADA/USDT:USDT,0.8221,987.0,0.822,3036.0,0.8223,143.0,0.8225,2397.0
1753617681394,12:01:21.394,blofin,ADA/USDT:USDT,0.8221,347.0,0.822,252.0,0.8223,380.0,0.8225,1817.0
1753617682389,12:01:22.389,blofin,ADA/USDT:USDT,0.8221,389.0,0.822,4.0,0.8223,334.0,0.8226,2309.0
1753617682817,12:01:22.817,blofin,ADA/USDT:USDT,0.8221,389.0,0.822,4.0,0.8223,336.0,0.8226,2309.0
1753617683820,12:01:23.820,blofin,ADA/USDT:USDT,0.8221,96.0,0.8218,2.0,0.8223,569.0,0.8225,212.0
1753617684393,12:01:24.393,blofin,ADA/USDT:USDT,0.8221,560.0,0.8218,3719.0,0.8223,112.0,0.8225,212.0
1753617684829,12:01:24.829,blofin,ADA/USDT:USDT,0.8223,622.0,0.8221,2.0,0.8225,271.0,0.8226,408.0
1753617685824,12:01:25.824,blofin,ADA/USDT:USDT,0.8222,259.0,0.8221,2.0,0.8225,566.0,0.8226,408.0
1753617686395,12:01:26.395,blofin,ADA/USDT:USDT,0.8222,230.0,0.8221,2.0,0.8225,569.0,0.8226,408.0
1753617686826,12:01:26.826,blofin,ADA/USDT:USDT,0.8222,234.0,0.8219,473.0,0.8225,569.0,0.8226,408.0
1753617687393,12:01:27.393,blofin,ADA/USDT:USDT,0.8223,273.0,0.8222,549.0,0.8225,505.0,0.8226,408.0
1753617688396,12:01:28.396,blofin,ADA/USDT:USDT,0.8223,278.0,0.8222,545.0,0.8225,503.0,0.8226,268.0
1753617688826,12:01:28.826,blofin,ADA/USDT:USDT,0.8223,5.0,0.8222,187.0,0.8225,904.0,0.8226,268.0
1753617689397,12:01:29.397,blofin,ADA/USDT:USDT,0.8223,5.0,0.8222,68.0,0.8225,958.0,0.8226,268.0
1753617689828,12:01:29.828,blofin,ADA/USDT:USDT,0.8223,5.0,0.8222,68.0,0.8225,958.0,0.8226,268.0
1753617690833,12:01:30.833,blofin,ADA/USDT:USDT,0.8223,5.0,0.8222,235.0,0.8225,901.0,0.8226,268.0
1753617691387,12:01:31.387,blofin,ADA/USDT:USDT,0.8224,607.0,0.8223,5.0,0.8225,1.0,0.8226,391.0
1753617692399,12:01:32.399,blofin,ADA/USDT:USDT,0.8226,725.0,0.8221,1865.0,0.8227,199.0,0.8228,14.0
1753617692833,12:01:32.833,blofin,ADA/USDT:USDT,0.8228,994.0,0.8227,1811.0,0.8229,184.0,0.823,16.0
1753617693834,12:01:33.834,blofin,ADA/USDT:USDT,0.8228,687.0,0.8227,803.0,0.8231,996.0,0.8232,4290.0
1753617694399,12:01:34.399,blofin,ADA/USDT:USDT,0.8229,681.0,0.8228,2816.0,0.8231,664.0,0.8232,347.0
1753617694835,12:01:34.835,blofin,ADA/USDT:USDT,0.8227,364.0,0.8224,3339.0,0.823,377.0,0.8231,664.0
1753617695401,12:01:35.401,blofin,ADA/USDT:USDT,0.8227,213.0,0.8224,4237.0,0.823,721.0,0.8231,663.0
1753617696403,12:01:36.403,blofin,ADA/USDT:USDT,0.8227,30.0,0.8223,11.0,0.823,843.0,0.8231,663.0
1753617696840,12:01:36.840,blofin,ADA/USDT:USDT,0.8227,3.0,0.8226,27.0,0.8229,841.0,0.823,3.0
1753617697402,12:01:37.402,blofin,ADA/USDT:USDT,0.8225,273.0,0.8221,2418.0,0.8227,1298.0,0.8229,3671.0
1753617698407,12:01:38.407,blofin,ADA/USDT:USDT,0.8226,575.0,0.8225,4795.0,0.8229,111.0,0.8231,663.0
1753617698913,12:01:38.913,blofin,ADA/USDT:USDT,0.8227,628.0,0.8226,2.0,0.8229,5.0,0.823,349.0
1753617699842,12:01:39.842,blofin,ADA/USDT:USDT,0.823,671.0,0.8228,4595.0,0.8231,663.0,0.8232,40.0
1753617700405,12:01:40.405,blofin,ADA/USDT:USDT,0.8231,1.0,0.823,736.0,0.8232,2.0,0.8233,376.0
1753617700843,12:01:40.843,blofin,ADA/USDT:USDT,0.823,737.0,0.8226,1671.0,0.8232,2.0,0.8233,376.0
1753617701406,12:01:41.406,blofin,ADA/USDT:USDT,0.8231,816.0,0.823,252.0,0.8232,2.0,0.8233,134.0
1753617702409,12:01:42.409,blofin,ADA/USDT:USDT,0.8232,597.0,0.8231,1007.0,0.8234,2.0,0.8235,1298.0
1753617702845,12:01:42.845,blofin,ADA/USDT:USDT,0.8232,597.0,0.8231,1007.0,0.8235,1301.0,0.8236,4325.0
1753617703408,12:01:43.408,blofin,ADA/USDT:USDT,0.8232,601.0,0.8231,1006.0,0.8235,1302.0,0.8236,4325.0
1753617704410,12:01:44.410,blofin,ADA/USDT:USDT,0.8231,548.0,0.8229,1277.0,0.8234,9.0,0.8235,816.0
1753617704849,12:01:44.849,blofin,ADA/USDT:USDT,0.8231,546.0,0.8229,1277.0,0.8234,9.0,0.8235,816.0
1753617705849,12:01:45.849,blofin,ADA/USDT:USDT,0.8231,2.0,0.823,7.0,0.8233,538.0,0.8235,816.0
1753617706409,12:01:46.409,blofin,ADA/USDT:USDT,0.823,393.0,0.8229,3105.0,0.8233,583.0,0.8235,816.0
1753617707354,12:01:47.354,blofin,ADA/USDT:USDT,0.823,393.0,0.8229,3105.0,0.8233,584.0,0.8235,812.0
1753617707854,12:01:47.854,blofin,ADA/USDT:USDT,0.823,5.0,0.8229,52.0,0.8232,474.0,0.8233,541.0
1753617708428,12:01:48.428,blofin,ADA/USDT:USDT,0.823,5.0,0.8229,54.0,0.8232,474.0,0.8233,541.0
1753617709413,12:01:49.413,blofin,ADA/USDT:USDT,0.8229,289.0,0.8226,842.0,0.8232,304.0,0.8234,355.0
1753617709857,12:01:49.857,blofin,ADA/USDT:USDT,0.8229,289.0,0.8226,842.0,0.8232,308.0,0.8234,355.0
1753617710856,12:01:50.856,blofin,ADA/USDT:USDT,0.8229,288.0,0.8228,2.0,0.8231,611.0,0.8232,662.0
1753617711415,12:01:51.415,blofin,ADA/USDT:USDT,0.8229,2.0,0.8228,495.0,0.8231,195.0,0.8232,1.0
1753617711860,12:01:51.860,blofin,ADA/USDT:USDT,0.8229,2.0,0.8228,495.0,0.8231,178.92,0.8232,1.0
1753617712846,12:01:52.846,blofin,ADA/USDT:USDT,0.823,397.0,0.8229,2.0,0.8232,174.0,0.8234,355.0
1753617713558,12:01:53.558,blofin,ADA/USDT:USDT,0.823,56.0,0.8229,2.0,0.8231,532.0,0.8232,2.0
1753617714369,12:01:54.369,blofin,ADA/USDT:USDT,0.823,312.0,0.8229,4.0,0.8232,300.0,0.8233,1233.0
1753617714865,12:01:54.865,blofin,ADA/USDT:USDT,0.8229,578.0,0.8227,2807.0,0.8232,379.0,0.8234,355.0
1753617715441,12:01:55.441,blofin,ADA/USDT:USDT,0.8229,489.0,0.8226,755.0,0.8232,166.0,0.8234,2813.0
1753617715865,12:01:55.865,blofin,ADA/USDT:USDT,0.8229,489.0,0.8226,755.0,0.8232,167.0,0.8234,2813.0
1753617716867,12:01:56.867,blofin,ADA/USDT:USDT,0.8229,461.0,0.8225,2334.0,0.8232,220.0,0.8234,3398.0
1753617717419,12:01:57.419,blofin,ADA/USDT:USDT,0.8229,464.0,0.8227,3599.0,0.8232,173.0,0.8233,581.0
1753617717867,12:01:57.867,blofin,ADA/USDT:USDT,0.8229,464.0,0.8227,3599.0,0.8232,172.0,0.8233,581.0
1753617718420,12:01:58.420,blofin,ADA/USDT:USDT,0.8229,467.0,0.8227,3599.0,0.8232,175.0,0.8233,581.0
1753617719370,12:01:59.370,blofin,ADA/USDT:USDT,0.8229,2.0,0.8228,11.0,0.8231,495.0,0.8232,6.0
1753617719984,12:01:59.984,blofin,ADA/USDT:USDT,0.8229,308.0,0.8228,2.0,0.8232,503.0,0.8234,355.0
1753617720592,12:02:00.592,blofin,ADA/USDT:USDT,0.8233,540.0,0.8231,69.0,0.8234,355.0,0.8235,682.0
1753617720871,12:02:00.871,blofin,ADA/USDT:USDT,0.8233,540.0,0.8231,69.0,0.8234,355.0,0.8235,682.0
1753617721878,12:02:01.878,blofin,ADA/USDT:USDT,0.8233,4.0,0.8232,275.0,0.8234,355.0,0.8235,1093.0
1753617722452,12:02:02.452,blofin,ADA/USDT:USDT,0.8229,2.0,0.8228,365.0,0.8231,106.0,0.8234,355.0
1753617723429,12:02:03.429,blofin,ADA/USDT:USDT,0.8229,2.0,0.8228,629.0,0.8231,5.0,0.8234,355.0
1753617723874,12:02:03.874,blofin,ADA/USDT:USDT,0.8229,2.0,0.8228,629.0,0.8231,5.0,0.8234,355.0
1753617724471,12:02:04.471,blofin,ADA/USDT:USDT,0.8229,555.0,0.8228,2.0,0.8231,1.0,0.8232,5.0
1753617724876,12:02:04.876,blofin,ADA/USDT:USDT,0.8229,555.0,0.8228,2.0,0.8232,8.0,0.8234,355.0
1753617725878,12:02:05.878,blofin,ADA/USDT:USDT,0.8229,2.0,0.8228,402.0,0.8231,518.0,0.8232,3.0
1753617726380,12:02:06.380,blofin,ADA/USDT:USDT,0.8229,2.0,0.8228,403.0,0.8231,518.0,0.8232,3.0
1753617727382,12:02:07.382,blofin,ADA/USDT:USDT,0.8229,2.0,0.8228,374.0,0.8231,329.0,0.8232,3.0
1753617727850,12:02:07.850,blofin,ADA/USDT:USDT,0.823,143.0,0.8229,2.0,0.8232,457.0,0.8234,355.0
1753617728883,12:02:08.883,blofin,ADA/USDT:USDT,0.823,91.0,0.8229,2.0,0.8231,552.0,0.8232,4.0
1753617729383,12:02:09.383,blofin,ADA/USDT:USDT,0.823,89.0,0.8229,2.0,0.8231,552.0,0.8232,4.0
1753617729885,12:02:09.885,blofin,ADA/USDT:USDT,0.8229,403.0,0.8228,4227.0,0.8232,168.0,0.8234,1283.0
1753617730384,12:02:10.384,blofin,ADA/USDT:USDT,0.8229,403.0,0.8228,4227.0,0.8232,167.0,0.8234,1283.0
1753617731388,12:02:11.388,blofin,ADA/USDT:USDT,0.8229,2.0,0.8228,5.0,0.823,516.0,0.8232,3.0
1753617731889,12:02:11.889,blofin,ADA/USDT:USDT,0.8229,2.0,0.8228,5.0,0.823,398.0,0.8233,6750.0
1753617732608,12:02:12.608,blofin,ADA/USDT:USDT,0.8229,558.0,0.8228,5.0,0.823,5.0,0.8231,101.0
1753617732888,12:02:12.888,blofin,ADA/USDT:USDT,0.8229,558.0,0.8228,5.0,0.8231,92.25,0.8234,355.0
1753617733891,12:02:13.891,blofin,ADA/USDT:USDT,0.8229,471.0,0.8228,2780.0,0.8232,200.0,0.8234,2829.0
1753617735669,12:02:15.669,blofin,ADA/USDT:USDT,0.823,128.0,0.8229,3932.0,0.8231,5.0,0.8233,396.0
1753617736395,12:02:16.395,blofin,ADA/USDT:USDT,0.823,128.0,0.8229,3932.0,0.8233,398.0,0.8234,355.0
1753617736896,12:02:16.896,blofin,ADA/USDT:USDT,0.8229,378.0,0.8228,1.0,0.8232,296.0,0.8234,2691.0
1753617737400,12:02:17.400,blofin,ADA/USDT:USDT,0.8229,378.0,0.8228,1.0,0.8232,296.0,0.8234,2691.0
1753617737898,12:02:17.898,blofin,ADA/USDT:USDT,0.8229,1085.0,0.8228,1.0,0.8232,256.0,0.8234,355.0
1753617738901,12:02:18.901,blofin,ADA/USDT:USDT,0.823,1117.0,0.8229,7.0,0.8232,9.0,0.8233,67.0
1753617739434,12:02:19.434,blofin,ADA/USDT:USDT,0.8232,705.0,0.8229,7.0,0.8235,436.0,0.8239,5793.0
1753617739901,12:02:19.901,blofin,ADA/USDT:USDT,0.8232,706.0,0.8229,3.0,0.8235,436.0,0.8239,5793.0
1753617740402,12:02:20.402,blofin,ADA/USDT:USDT,0.8232,706.0,0.8229,3.0,0.8235,436.0,0.8239,5793.0
1753617740903,12:02:20.903,blofin,ADA/USDT:USDT,0.8232,712.0,0.823,2939.0,0.8235,375.0,0.8236,1140.0
1753617741399,12:02:21.399,blofin,ADA/USDT:USDT,0.8232,5.0,0.8231,6.0,0.8233,1396.0,0.8235,3.0
1753617742501,12:02:22.501,blofin,ADA/USDT:USDT,0.8232,572.0,0.823,2092.0,0.8234,164.0,0.8235,3.0
1753617742907,12:02:22.907,blofin,ADA/USDT:USDT,0.8232,572.0,0.823,2092.0,0.8234,164.0,0.8235,3.0
1753617743909,12:02:23.909,blofin,ADA/USDT:USDT,0.8233,2.0,0.8232,492.0,0.8235,331.0,0.8236,4748.0
1753617744409,12:02:24.409,blofin,ADA/USDT:USDT,0.8232,495.0,0.8231,4226.0,0.8235,331.0,0.8236,4748.0
1753617744912,12:02:24.912,blofin,ADA/USDT:USDT,0.8233,506.0,0.8232,2902.0,0.8235,409.0,0.8236,6261.0
1753617745912,12:02:25.912,blofin,ADA/USDT:USDT,0.8233,543.0,0.8229,4738.0,0.8235,324.0,0.8237,246.0
1753617746413,12:02:26.413,blofin,ADA/USDT:USDT,0.8233,540.0,0.8229,4738.0,0.8235,324.0,0.8237,246.0
1753617746912,12:02:26.912,blofin,ADA/USDT:USDT,0.8233,2.0,0.8232,729.0,0.8235,60.0,0.8237,246.0
1753617747913,12:02:27.913,blofin,ADA/USDT:USDT,0.8233,727.0,0.8232,2698.0,0.8235,52.0,0.8237,4431.0
1753617748413,12:02:28.413,blofin,ADA/USDT:USDT,0.8233,731.0,0.8232,2694.0,0.8235,52.0,0.8237,4431.0
1753617748916,12:02:28.916,blofin,ADA/USDT:USDT,0.8233,3.0,0.8232,421.0,0.8235,51.0,0.824,5136.0
1753617749417,12:02:29.417,blofin,ADA/USDT:USDT,0.8233,3.0,0.8232,421.0,0.8235,51.0,0.824,5136.0
1753617750418,12:02:30.418,blofin,ADA/USDT:USDT,0.8232,459.0,0.8229,3.0,0.8235,342.0,0.8236,3392.0
1753617750918,12:02:30.918,blofin,ADA/USDT:USDT,0.8232,451.0,0.8229,3.0,0.8235,292.0,0.824,2410.0
1753617751417,12:02:31.417,blofin,ADA/USDT:USDT,0.8232,450.0,0.8229,3.0,0.8235,292.0,0.824,2410.0
1753617752419,12:02:32.419,blofin,ADA/USDT:USDT,0.8232,210.0,0.823,59.0,0.8235,364.0,0.8239,2009.0
1753617752907,12:02:32.907,blofin,ADA/USDT:USDT,0.8232,1.0,0.8231,119.0,0.8233,1257.0,0.8235,2.0
1753617753421,12:02:33.421,blofin,ADA/USDT:USDT,0.823,85.0,0.8229,3.0,0.8233,63.0,0.8235,1529.0
1753617753921,12:02:33.921,blofin,ADA/USDT:USDT,0.8231,697.0,0.823,5.0,0.8233,64.0,0.8238,717.0
1753617754924,12:02:34.924,blofin,ADA/USDT:USDT,0.8231,1.0,0.823,749.0,0.8233,166.0,0.8238,5870.0
1753617755426,12:02:35.426,blofin,ADA/USDT:USDT,0.823,751.0,0.8229,3.0,0.8233,166.0,0.8238,5870.0
1753617755924,12:02:35.924,blofin,ADA/USDT:USDT,0.8231,730.0,0.823,2.0,0.8233,1.0,0.8234,654.0
1753617756821,12:02:36.821,blofin,ADA/USDT:USDT,0.8231,358.0,0.823,2850.0,0.8233,1.0,0.8234,186.0
1753617757427,12:02:37.427,blofin,ADA/USDT:USDT,0.8231,362.0,0.823,2847.0,0.8234,189.0,0.8235,3923.0
1753617757928,12:02:37.928,blofin,ADA/USDT:USDT,0.8231,200.0,0.8229,1839.0,0.8234,441.0,0.8235,4617.0
1753617758428,12:02:38.428,blofin,ADA/USDT:USDT,0.8231,200.0,0.8229,1839.0,0.8234,442.0,0.8235,4617.0
1753617759428,12:02:39.428,blofin,ADA/USDT:USDT,0.8231,415.0,0.8229,2770.0,0.8234,335.0,0.8235,720.0
1753617761047,12:02:41.047,blofin,ADA/USDT:USDT,0.8231,5.0,0.823,62.0,0.8233,1452.0,0.8234,4.0
1753617761433,12:02:41.433,blofin,ADA/USDT:USDT,0.8229,567.0,0.8227,1457.0,0.8232,1124.0,0.8234,3692.0
1753617762432,12:02:42.432,blofin,ADA/USDT:USDT,0.8229,568.0,0.8225,2075.0,0.8232,197.0,0.8235,3550.0
1753617762934,12:02:42.934,blofin,ADA/USDT:USDT,0.8229,690.0,0.8228,5257.0,0.8232,13.0,0.8237,2505.0
1753617763435,12:02:43.435,blofin,ADA/USDT:USDT,0.8229,690.0,0.8228,5257.0,0.8232,14.0,0.8237,2505.0
1753617764328,12:02:44.328,blofin,ADA/USDT:USDT,0.8231,602.0,0.823,4952.0,0.8232,3.0,0.8234,23.0
1753617764937,12:02:44.937,blofin,ADA/USDT:USDT,0.8232,903.0,0.8231,66.0,0.8235,278.0,0.8237,4635.0
1753617765440,12:02:45.440,blofin,ADA/USDT:USDT,0.8232,903.0,0.8231,66.0,0.8235,278.0,0.8237,4635.0
1753617765939,12:02:45.939,blofin,ADA/USDT:USDT,0.8231,949.0,0.823,4467.0,0.8234,61.0,0.8235,5630.0
1753617766445,12:02:46.445,blofin,ADA/USDT:USDT,0.8231,949.0,0.823,4467.0,0.8234,61.0,0.8235,5630.0
1753617766940,12:02:46.940,blofin,ADA/USDT:USDT,0.8231,959.0,0.8229,3.0,0.8234,26.0,0.8235,3061.0
1753617767997,12:02:47.997,blofin,ADA/USDT:USDT,0.8232,334.0,0.8231,2.0,0.8235,116.0,0.8237,3050.0
1753617768443,12:02:48.443,blofin,ADA/USDT:USDT,0.8232,334.0,0.8231,2.0,0.8235,117.0,0.8237,3050.0
1753617768945,12:02:48.945,blofin,ADA/USDT:USDT,0.8232,459.0,0.8229,64.0,0.8235,397.0,0.8237,151.0
1753617769444,12:02:49.444,blofin,ADA/USDT:USDT,0.8232,459.0,0.8229,64.0,0.8235,395.0,0.8237,151.0
1753617770399,12:02:50.399,blofin,ADA/USDT:USDT,0.8232,289.0,0.8229,64.0,0.8234,593.0,0.8235,972.0
1753617770945,12:02:50.945,blofin,ADA/USDT:USDT,0.8232,7.0,0.823,27.0,0.8233,1373.0,0.8234,2282.0
1753617771445,12:02:51.445,blofin,ADA/USDT:USDT,0.8232,7.0,0.823,27.0,0.8233,1373.0,0.8234,2282.0
1753617771946,12:02:51.946,blofin,ADA/USDT:USDT,0.8229,73.0,0.8228,250.0,0.8232,1315.0,0.8233,2.0
1753617772947,12:02:52.947,blofin,ADA/USDT:USDT,0.823,65.0,0.8229,3.0,0.8232,1480.0,0.8235,2.0
1753617774949,12:02:54.949,blofin,ADA/USDT:USDT,0.8229,99.0,0.8228,258.0,0.8232,1630.0,0.8235,8108.0
1753617775451,12:02:55.451,blofin,ADA/USDT:USDT,0.8229,99.0,0.8228,258.0,0.8232,1630.0,0.8235,8108.0
1753617775952,12:02:55.952,blofin,ADA/USDT:USDT,0.8229,108.0,0.8227,45.0,0.8231,1673.0,0.8232,2.0
1753617776457,12:02:56.457,blofin,ADA/USDT:USDT,0.8229,107.0,0.8227,45.0,0.8231,1673.0,0.8232,2.0
1753617777454,12:02:57.454,blofin,ADA/USDT:USDT,0.8229,98.0,0.8227,45.0,0.8231,1338.0,0.8232,2.0
1753617777955,12:02:57.955,blofin,ADA/USDT:USDT,0.8229,1.0,0.8228,316.0,0.8231,1226.0,0.8233,9296.0
1753617778959,12:02:58.959,blofin,ADA/USDT:USDT,0.8228,608.0,0.8227,45.0,0.8231,274.0,0.8235,5943.0
1753617779966,12:02:59.966,blofin,ADA/USDT:USDT,0.8228,681.0,0.8227,45.0,0.8231,27.0,0.8233,1651.0
1753617780463,12:03:00.463,blofin,ADA/USDT:USDT,0.8228,681.0,0.8227,45.0,0.8231,27.0,0.8233,1651.0
1753617781182,12:03:01.182,blofin,ADA/USDT:USDT,0.8229,804.0,0.8228,4848.0,0.8231,2.0,0.8232,28.0
1753617782464,12:03:02.464,blofin,ADA/USDT:USDT,0.8231,804.0,0.823,2.0,0.8234,6.0,0.8235,2.0
1753617782964,12:03:02.964,blofin,ADA/USDT:USDT,0.8231,818.0,0.823,912.0,0.8234,101.0,0.8235,4524.0
1753617783969,12:03:03.969,blofin,ADA/USDT:USDT,0.8231,839.0,0.8229,1465.0,0.8234,99.0,0.8235,2.0
1753617784466,12:03:04.466,blofin,ADA/USDT:USDT,0.8231,763.0,0.8229,4986.0,0.8234,299.0,0.8235,2.0
1753617784975,12:03:04.975,blofin,ADA/USDT:USDT,0.8231,764.0,0.8229,4986.0,0.8234,299.0,0.8235,2.0
1753617785974,12:03:05.974,blofin,ADA/USDT:USDT,0.8231,18.0,0.8227,4508.0,0.8234,689.0,0.8235,2.0
1753617786470,12:03:06.470,blofin,ADA/USDT:USDT,0.8231,78.0,0.8227,45.0,0.8234,420.0,0.8235,2.0
1753617786975,12:03:06.975,blofin,ADA/USDT:USDT,0.8231,78.0,0.8227,45.0,0.8234,419.0,0.8235,2.0
1753617787452,12:03:07.452,blofin,ADA/USDT:USDT,0.8232,418.0,0.8231,4.0,0.8234,3.0,0.8235,13.0
1753617788469,12:03:08.469,blofin,ADA/USDT:USDT,0.8232,1106.0,0.8231,4512.0,0.8235,14.0,0.8237,4081.0
1753617788977,12:03:08.977,blofin,ADA/USDT:USDT,0.8232,998.0,0.8228,6265.0,0.8235,23.0,0.8239,8995.0
1753617789469,12:03:09.469,blofin,ADA/USDT:USDT,0.8232,1021.0,0.823,2168.0,0.8235,30.0,0.8239,4525.0
1753617790472,12:03:10.472,blofin,ADA/USDT:USDT,0.8232,1025.0,0.8231,4803.0,0.8235,30.0,0.8237,6787.0
1753617790978,12:03:10.978,blofin,ADA/USDT:USDT,0.8232,1025.0,0.8231,4803.0,0.8235,33.0,0.8237,6787.0
1753617791473,12:03:11.473,blofin,ADA/USDT:USDT,0.8232,360.0,0.8227,1056.0,0.8235,70.0,0.8236,529.0
1753617791978,12:03:11.978,blofin,ADA/USDT:USDT,0.8232,360.0,0.8227,1056.0,0.8235,68.0,0.8236,529.0
1753617792979,12:03:12.979,blofin,ADA/USDT:USDT,0.8232,606.0,0.8229,5904.0,0.8235,34.0,0.8237,324.0
1753617793474,12:03:13.474,blofin,ADA/USDT:USDT,0.8232,609.0,0.8229,5904.0,0.8235,34.0,0.8237,324.0
1753617793980,12:03:13.980,blofin,ADA/USDT:USDT,0.8232,580.0,0.8231,2391.0,0.8235,38.0,0.8237,2769.0
1753617794473,12:03:14.473,blofin,ADA/USDT:USDT,0.8232,607.0,0.8231,4138.0,0.8235,75.0,0.824,1502.0
1753617795474,12:03:15.474,blofin,ADA/USDT:USDT,0.8234,701.0,0.8232,5.0,0.8237,16.0,0.8238,2359.0
1753617795985,12:03:15.985,blofin,ADA/USDT:USDT,0.8234,701.0,0.8232,5.0,0.8237,21.0,0.8238,2359.0
1753617796477,12:03:16.477,blofin,ADA/USDT:USDT,0.8234,737.0,0.8232,5.0,0.8237,173.0,0.8238,5273.0
1753617797476,12:03:17.476,blofin,ADA/USDT:USDT,0.8234,371.0,0.8232,1921.0,0.8237,141.0,0.8241,133.0
1753617797986,12:03:17.986,blofin,ADA/USDT:USDT,0.8234,371.0,0.8232,1921.0,0.8237,141.0,0.8242,2099.0
1753617798491,12:03:18.491,blofin,ADA/USDT:USDT,0.8234,375.0,0.8232,1921.0,0.8237,145.0,0.8242,2099.0
1753617798987,12:03:18.987,blofin,ADA/USDT:USDT,0.8235,405.0,0.8234,5462.0,0.8237,10.0,0.824,4674.0
1753617799987,12:03:19.987,blofin,ADA/USDT:USDT,0.8234,414.0,0.8232,238.0,0.8237,170.0,0.8238,193.0
1753617800478,12:03:20.478,blofin,ADA/USDT:USDT,0.8234,603.0,0.8231,776.0,0.8237,10.0,0.8238,193.0
1753617800990,12:03:20.990,blofin,ADA/USDT:USDT,0.8234,601.0,0.8231,776.0,0.8237,10.0,0.8238,193.0
1753617801991,12:03:21.991,blofin,ADA/USDT:USDT,0.8234,91.0,0.823,2691.72,0.8237,747.0,0.8238,193.0
1753617802479,12:03:22.479,blofin,ADA/USDT:USDT,0.8234,136.0,0.823,221.72,0.8237,272.0,0.8238,193.0
1753617802992,12:03:22.992,blofin,ADA/USDT:USDT,0.8234,135.0,0.823,221.72,0.8237,272.0,0.8238,193.0
1753617803997,12:03:23.997,blofin,ADA/USDT:USDT,0.8235,29.0,0.8234,2176.0,0.8237,6.0,0.8238,461.0
1753617804479,12:03:24.479,blofin,ADA/USDT:USDT,0.8235,14.0,0.8234,4.0,0.8237,656.0,0.8241,1372.0
1753617805480,12:03:25.480,blofin,ADA/USDT:USDT,0.8235,4.0,0.8234,623.0,0.8237,19.0,0.8239,1803.0
1753617805998,12:03:25.998,blofin,ADA/USDT:USDT,0.8235,633.0,0.8234,4.0,0.8237,5.0,0.8238,12.0
1753617807001,12:03:27.001,blofin,ADA/USDT:USDT,0.8235,837.0,0.8234,1641.0,0.8237,4.0,0.8238,70.0
1753617807480,12:03:27.480,blofin,ADA/USDT:USDT,0.8236,828.0,0.8235,5134.0,0.8237,4.0,0.8238,72.0
1753617808002,12:03:28.002,blofin,ADA/USDT:USDT,0.8236,832.0,0.8235,5130.0,0.8237,4.0,0.8238,72.0
1753617809003,12:03:29.003,blofin,ADA/USDT:USDT,0.8236,818.0,0.8234,4.0,0.8237,4.0,0.8238,4.0
1753617809738,12:03:29.738,blofin,ADA/USDT:USDT,0.8237,1.0,0.8235,473.0,0.8238,459.0,0.824,2371.0
1753617810003,12:03:30.003,blofin,ADA/USDT:USDT,0.8235,476.0,0.8234,4.0,0.8238,459.0,0.824,2371.0
1753617810482,12:03:30.482,blofin,ADA/USDT:USDT,0.8235,223.0,0.8234,4.0,0.8238,437.0,0.824,2026.0
1753617811485,12:03:31.485,blofin,ADA/USDT:USDT,0.8235,288.0,0.8234,4.0,0.8238,307.0,0.8239,1499.0
1753617812008,12:03:32.008,blofin,ADA/USDT:USDT,0.8235,288.0,0.8234,4.0,0.8238,307.0,0.8239,1499.0
1753617812485,12:03:32.485,blofin,ADA/USDT:USDT,0.8235,284.0,0.8234,4.0,0.8238,306.0,0.8241,1938.0
1753617813485,12:03:33.485,blofin,ADA/USDT:USDT,0.8235,286.0,0.8234,4.0,0.8238,304.0,0.8241,1938.0
1753617814009,12:03:34.009,blofin,ADA/USDT:USDT,0.8235,643.0,0.8234,4.0,0.8238,7.0,0.8239,3976.0
1753617815010,12:03:35.010,blofin,ADA/USDT:USDT,0.8235,334.0,0.8234,4.0,0.8238,256.0,0.824,1276.0
1753617815488,12:03:35.488,blofin,ADA/USDT:USDT,0.8235,313.0,0.8234,4.0,0.8238,212.0,0.824,2029.0
1753617816012,12:03:36.012,blofin,ADA/USDT:USDT,0.8235,311.0,0.8234,4.0,0.8238,212.0,0.824,2029.0
1753617818016,12:03:38.016,blofin,ADA/USDT:USDT,0.8236,1.0,0.8235,175.0,0.8238,372.0,0.8243,5246.0
1753617818490,12:03:38.490,blofin,ADA/USDT:USDT,0.8235,179.0,0.8234,4.0,0.8238,370.0,0.8243,5246.0
1753617819017,12:03:39.017,blofin,ADA/USDT:USDT,0.8235,350.0,0.8234,2159.0,0.8238,146.0,0.8239,5411.0
1753617820018,12:03:40.018,blofin,ADA/USDT:USDT,0.8235,181.0,0.8234,4.0,0.8238,340.0,0.8243,3521.0
1753617820492,12:03:40.492,blofin,ADA/USDT:USDT,0.8236,175.0,0.8235,4.0,0.8238,327.0,0.824,3554.0
1753617821491,12:03:41.491,blofin,ADA/USDT:USDT,0.8236,617.0,0.8235,5971.0,0.8238,60.0,0.8241,5573.0
1753617823025,12:03:43.025,blofin,ADA/USDT:USDT,0.8237,670.0,0.8236,1.0,0.8238,3.0,0.824,756.0
1753617823494,12:03:43.494,blofin,ADA/USDT:USDT,0.8237,674.0,0.8235,4917.0,0.824,758.0,0.8244,179.0
1753617824025,12:03:44.025,blofin,ADA/USDT:USDT,0.8238,166.0,0.8237,4.0,0.824,644.0,0.8244,426.0
1753617825496,12:03:45.496,blofin,ADA/USDT:USDT,0.8237,4.0,0.8236,64.0,0.8239,1304.0,0.824,5.0
1753617826088,12:03:46.088,blofin,ADA/USDT:USDT,0.8236,5.0,0.8235,174.0,0.8238,574.0,0.824,5002.0
1753617826494,12:03:46.494,blofin,ADA/USDT:USDT,0.8236,369.0,0.8234,1275.0,0.8238,427.0,0.824,5.0
1753617827496,12:03:47.496,blofin,ADA/USDT:USDT,0.8236,5.0,0.8235,9.0,0.8238,591.0,0.8243,2556.0
1753617828031,12:03:48.031,blofin,ADA/USDT:USDT,0.8235,10.0,0.8234,2813.0,0.8238,591.0,0.8243,2556.0
1753617828511,12:03:48.511,blofin,ADA/USDT:USDT,0.8235,13.0,0.8234,2809.0,0.8238,593.0,0.8243,2556.0
1753617829031,12:03:49.031,blofin,ADA/USDT:USDT,0.8235,179.0,0.8231,2591.0,0.8238,442.0,0.8241,620.0
1753617829500,12:03:49.500,blofin,ADA/USDT:USDT,0.8236,516.0,0.8235,4834.0,0.8238,4.0,0.8239,56.0
1753617830501,12:03:50.501,blofin,ADA/USDT:USDT,0.8236,1060.0,0.8235,5830.0,0.8238,4.0,0.8239,58.0
1753617831034,12:03:51.034,blofin,ADA/USDT:USDT,0.8236,1062.0,0.8235,5830.0,0.8238,2.0,0.8239,60.0
1753617832500,12:03:52.500,blofin,ADA/USDT:USDT,0.8236,1071.0,0.8235,3.0,0.8238,2.0,0.8239,11.0
1753617833037,12:03:53.037,blofin,ADA/USDT:USDT,0.8236,1071.0,0.8235,3.0,0.8238,2.0,0.8239,11.0
1753617833757,12:03:53.757,blofin,ADA/USDT:USDT,0.8237,1064.0,0.8236,4.0,0.8238,2.0,0.8239,2.0
1753617834038,12:03:54.038,blofin,ADA/USDT:USDT,0.8237,1064.0,0.8236,4.0,0.8238,2.0,0.8239,2.0
1753617834506,12:03:54.506,blofin,ADA/USDT:USDT,0.8238,968.0,0.8236,4.0,0.8239,2.0,0.824,525.0
1753617835504,12:03:55.504,blofin,ADA/USDT:USDT,0.8237,923.0,0.8236,4.0,0.824,533.0,0.8243,6792.0
1753617836042,12:03:56.042,blofin,ADA/USDT:USDT,0.8237,923.0,0.8236,4.0,0.824,531.0,0.8243,6792.0
1753617836505,12:03:56.505,blofin,ADA/USDT:USDT,0.8237,911.0,0.8236,3163.0,0.824,538.0,0.8244,4876.0
1753617837047,12:03:57.047,blofin,ADA/USDT:USDT,0.8237,4.0,0.8236,245.0,0.8239,100.0,0.824,3.0
1753617838049,12:03:58.049,blofin,ADA/USDT:USDT,0.8235,14.0,0.8234,4168.0,0.8238,654.0,0.8239,4.0
1753617838509,12:03:58.509,blofin,ADA/USDT:USDT,0.8235,15.0,0.8234,4168.0,0.8238,658.0,0.8243,2134.0
1753617839047,12:03:59.047,blofin,ADA/USDT:USDT,0.8235,171.0,0.8233,5821.0,0.8238,1156.0,0.8241,2485.0
1753617839507,12:03:59.507,blofin,ADA/USDT:USDT,0.8235,515.0,0.8234,126.0,0.8238,389.0,0.824,1708.0
1753617840046,12:04:00.046,blofin,ADA/USDT:USDT,0.8235,515.0,0.8234,126.0,0.8238,389.0,0.824,1708.0
1753617840511,12:04:00.511,blofin,ADA/USDT:USDT,0.8235,284.0,0.8233,1982.0,0.8238,405.0,0.8242,2426.0
1753617841048,12:04:01.048,blofin,ADA/USDT:USDT,0.8235,284.0,0.8233,1806.0,0.8238,404.0,0.8242,2426.0
1753617841515,12:04:01.515,blofin,ADA/USDT:USDT,0.8235,363.0,0.8233,3231.0,0.8238,396.0,0.8241,2501.0
1753617842513,12:04:02.513,blofin,ADA/USDT:USDT,0.8235,15.0,0.8234,5281.0,0.8238,1149.0,0.8243,5681.0
1753617843052,12:04:03.052,blofin,ADA/USDT:USDT,0.8235,12.0,0.8234,5281.0,0.8238,1152.0,0.8243,5681.0
1753617843759,12:04:03.759,blofin,ADA/USDT:USDT,0.8235,5.0,0.8233,49.0,0.8236,1216.0,0.8237,1409.0
1753617844052,12:04:04.052,blofin,ADA/USDT:USDT,0.8232,6.0,0.8231,5434.0,0.8235,1239.0,0.8236,886.0
1753617845194,12:04:05.194,blofin,ADA/USDT:USDT,0.8231,673.0,0.823,35.72,0.8233,524.0,0.8234,4570.0
1753617845513,12:04:05.513,blofin,ADA/USDT:USDT,0.8231,1.0,0.823,35.72,0.8233,1190.0,0.8234,3179.0
1753617846514,12:04:06.514,blofin,ADA/USDT:USDT,0.823,35.72,0.8229,245.0,0.8232,260.0,0.8234,2866.0
1753617847514,12:04:07.514,blofin,ADA/USDT:USDT,0.823,35.72,0.8229,581.0,0.8232,107.0,0.8237,859.0
1753617848060,12:04:08.060,blofin,ADA/USDT:USDT,0.823,35.72,0.8229,581.0,0.8232,106.0,0.8237,859.0
1753617849062,12:04:09.062,blofin,ADA/USDT:USDT,0.823,35.72,0.8229,582.0,0.8232,8.0,0.8235,3456.0
1753617849649,12:04:09.649,blofin,ADA/USDT:USDT,0.8232,558.0,0.8231,4.0,0.8233,5.0,0.8235,477.0
1753617850516,12:04:10.516,blofin,ADA/USDT:USDT,0.8232,288.0,0.823,35.72,0.8235,507.0,0.8237,617.0
1753617851064,12:04:11.064,blofin,ADA/USDT:USDT,0.8232,291.0,0.823,35.72,0.8235,507.0,0.8237,617.0
1753617851757,12:04:11.757,blofin,ADA/USDT:USDT,0.8232,6.0,0.8231,2222.0,0.8234,598.0,0.8235,2.0
1753617852517,12:04:12.517,blofin,ADA/USDT:USDT,0.8232,322.0,0.8231,1819.0,0.8234,780.0,0.8235,2.0
1753617853067,12:04:13.067,blofin,ADA/USDT:USDT,0.8232,322.0,0.8231,1819.0,0.8234,785.0,0.8237,5323.0
1753617853518,12:04:13.518,blofin,ADA/USDT:USDT,0.8232,324.0,0.8231,1819.0,0.8234,781.0,0.8235,32.0
1753617854020,12:04:14.020,blofin,ADA/USDT:USDT,0.8232,1056.0,0.823,35.72,0.8234,3.0,0.8235,32.0
1753617854521,12:04:14.521,blofin,ADA/USDT:USDT,0.8233,498.0,0.8232,5.0,0.8234,3.0,0.8235,32.0
