timestamp,time,exchange,symbol,bid1_price,bid1_volume,bid2_price,bid2_volume,ask1_price,ask1_volume,ask2_price,ask2_volume
1753617155200,11:52:35.200,bitget,AERO/USDT:USDT,0.8981,101.0,0.898,93.0,0.8988,252.0,0.8989,1183.0
1753617155500,11:52:35.500,bitget,AERO/USDT:USDT,0.8981,101.0,0.898,93.0,0.8988,252.0,0.8989,1183.0
1753617155950,11:52:35.950,bitget,AERO/USDT:USDT,0.8981,101.0,0.898,93.0,0.8988,252.0,0.8989,1183.0
1753617156400,11:52:36.400,bitget,AERO/USDT:USDT,0.8981,101.0,0.898,93.0,0.8988,252.0,0.8989,1183.0
1753617156551,11:52:36.551,bitget,AERO/USDT:USDT,0.8981,101.0,0.898,93.0,0.8988,252.0,0.8989,1183.0
1753617156700,11:52:36.700,bitget,AERO/USDT:USDT,0.8981,101.0,0.898,93.0,0.8988,252.0,0.8989,1183.0
1753617156851,11:52:36.851,bitget,AERO/USDT:USDT,0.8981,101.0,0.898,93.0,0.8988,252.0,0.8989,1183.0
1753617157001,11:52:37.001,bitget,AERO/USDT:USDT,0.8981,101.0,0.898,93.0,0.8988,252.0,0.8989,1183.0
1753617157151,11:52:37.151,bitget,AERO/USDT:USDT,0.8981,101.0,0.898,93.0,0.8988,252.0,0.8989,1183.0
1753617157301,11:52:37.301,bitget,AERO/USDT:USDT,0.8981,101.0,0.898,93.0,0.8988,252.0,0.8989,1183.0
1753617157901,11:52:37.901,bitget,AERO/USDT:USDT,0.8981,101.0,0.898,93.0,0.8988,252.0,0.8989,1183.0
1753617158051,11:52:38.051,bitget,AERO/USDT:USDT,0.8981,101.0,0.898,93.0,0.8988,252.0,0.8989,1183.0
1753617158652,11:52:38.652,bitget,AERO/USDT:USDT,0.8981,101.0,0.898,93.0,0.8988,252.0,0.8989,1183.0
1753617158952,11:52:38.952,bitget,AERO/USDT:USDT,0.8981,101.0,0.898,93.0,0.8988,252.0,0.8989,1183.0
1753617159102,11:52:39.102,bitget,AERO/USDT:USDT,0.8981,101.0,0.898,93.0,0.8988,252.0,0.8989,1183.0
1753617160603,11:52:40.603,bitget,AERO/USDT:USDT,0.8981,101.0,0.898,93.0,0.8988,252.0,0.8989,1183.0
1753617161203,11:52:41.203,bitget,AERO/USDT:USDT,0.8981,101.0,0.898,93.0,0.8988,252.0,0.8989,1183.0
1753617161353,11:52:41.353,bitget,AERO/USDT:USDT,0.8981,101.0,0.898,93.0,0.8988,252.0,0.8989,1183.0
1753617161954,11:52:41.954,bitget,AERO/USDT:USDT,0.8981,101.0,0.898,93.0,0.8988,252.0,0.8989,1183.0
1753617162704,11:52:42.704,bitget,AERO/USDT:USDT,0.8981,101.0,0.898,93.0,0.8988,252.0,0.8989,1183.0
1753617163005,11:52:43.005,bitget,AERO/USDT:USDT,0.8981,101.0,0.898,93.0,0.8988,252.0,0.8989,1183.0
1753617163605,11:52:43.605,bitget,AERO/USDT:USDT,0.8981,101.0,0.898,93.0,0.8988,252.0,0.8989,1183.0
1753617163755,11:52:43.755,bitget,AERO/USDT:USDT,0.8981,101.0,0.898,93.0,0.8988,252.0,0.8989,1183.0
1753617163905,11:52:43.905,bitget,AERO/USDT:USDT,0.8981,101.0,0.898,93.0,0.8988,252.0,0.8989,1183.0
1753617164055,11:52:44.055,bitget,AERO/USDT:USDT,0.8981,101.0,0.898,93.0,0.8988,252.0,0.8989,1183.0
1753617164355,11:52:44.355,bitget,AERO/USDT:USDT,0.8981,101.0,0.898,93.0,0.8988,252.0,0.8989,1183.0
1753617164505,11:52:44.505,bitget,AERO/USDT:USDT,0.8981,101.0,0.898,93.0,0.8988,252.0,0.8989,1183.0
1753617164656,11:52:44.656,bitget,AERO/USDT:USDT,0.8981,101.0,0.898,93.0,0.8988,252.0,0.8989,1183.0
1753617165406,11:52:45.406,bitget,AERO/USDT:USDT,0.8981,101.0,0.898,93.0,0.8988,252.0,0.8989,1183.0
1753617165706,11:52:45.706,bitget,AERO/USDT:USDT,0.8981,101.0,0.898,93.0,0.8988,252.0,0.8989,1183.0
1753617165856,11:52:45.856,bitget,AERO/USDT:USDT,0.8981,571.0,0.898,93.0,0.8988,252.0,0.8989,1183.0
1753617166006,11:52:46.006,bitget,AERO/USDT:USDT,0.8981,571.0,0.898,93.0,0.8988,252.0,0.8989,1183.0
1753617166157,11:52:46.157,bitget,AERO/USDT:USDT,0.8981,571.0,0.898,93.0,0.8988,252.0,0.8989,1183.0
1753617166307,11:52:46.307,bitget,AERO/USDT:USDT,0.8981,571.0,0.898,93.0,0.8988,252.0,0.8989,1183.0
1753617166457,11:52:46.457,bitget,AERO/USDT:USDT,0.8981,571.0,0.898,93.0,0.8988,252.0,0.8989,1183.0
1753617166757,11:52:46.757,bitget,AERO/USDT:USDT,0.8981,571.0,0.898,93.0,0.8988,252.0,0.8989,1183.0
1753617166907,11:52:46.907,bitget,AERO/USDT:USDT,0.8981,571.0,0.898,93.0,0.8988,252.0,0.8989,1183.0
1753617167057,11:52:47.057,bitget,AERO/USDT:USDT,0.8981,571.0,0.898,93.0,0.8988,252.0,0.8989,1183.0
1753617167207,11:52:47.207,bitget,AERO/USDT:USDT,0.8981,571.0,0.898,93.0,0.8988,252.0,0.8989,1183.0
1753617167358,11:52:47.358,bitget,AERO/USDT:USDT,0.8981,571.0,0.898,93.0,0.8988,252.0,0.8989,1183.0
1753617167658,11:52:47.658,bitget,AERO/USDT:USDT,0.8981,571.0,0.898,93.0,0.8988,252.0,0.8989,1183.0
1753617167808,11:52:47.808,bitget,AERO/USDT:USDT,0.8981,571.0,0.898,93.0,0.8988,252.0,0.8989,1183.0
1753617167958,11:52:47.958,bitget,AERO/USDT:USDT,0.8981,571.0,0.898,93.0,0.8988,252.0,0.8989,1183.0
1753617168408,11:52:48.408,bitget,AERO/USDT:USDT,0.8981,571.0,0.898,93.0,0.8988,252.0,0.8989,1183.0
1753617168558,11:52:48.558,bitget,AERO/USDT:USDT,0.8981,571.0,0.898,93.0,0.8988,252.0,0.8989,1183.0
1753617168708,11:52:48.708,bitget,AERO/USDT:USDT,0.8981,101.0,0.898,93.0,0.8988,252.0,0.8989,1183.0
1753617168858,11:52:48.858,bitget,AERO/USDT:USDT,0.8983,101.0,0.8982,470.0,0.8988,252.0,0.8989,1183.0
1753617169009,11:52:49.009,bitget,AERO/USDT:USDT,0.8983,101.0,0.8982,470.0,0.8988,252.0,0.8989,1183.0
1753617169159,11:52:49.159,bitget,AERO/USDT:USDT,0.8983,101.0,0.8982,470.0,0.8988,252.0,0.8989,1183.0
1753617169309,11:52:49.309,bitget,AERO/USDT:USDT,0.8983,101.0,0.8982,470.0,0.8988,252.0,0.8989,1183.0
1753617169459,11:52:49.459,bitget,AERO/USDT:USDT,0.8983,101.0,0.8982,470.0,0.8988,252.0,0.8989,1183.0
1753617169759,11:52:49.759,bitget,AERO/USDT:USDT,0.8983,101.0,0.8982,470.0,0.8988,252.0,0.8989,1183.0
1753617170059,11:52:50.059,bitget,AERO/USDT:USDT,0.8983,101.0,0.8982,470.0,0.8988,252.0,0.8989,1183.0
1753617170209,11:52:50.209,bitget,AERO/USDT:USDT,0.8983,101.0,0.8982,470.0,0.8988,252.0,0.8989,1183.0
1753617170359,11:52:50.359,bitget,AERO/USDT:USDT,0.8983,101.0,0.8982,470.0,0.8988,252.0,0.8989,1183.0
1753617170510,11:52:50.510,bitget,AERO/USDT:USDT,0.8983,101.0,0.8982,470.0,0.8988,252.0,0.8989,1183.0
1753617170660,11:52:50.660,bitget,AERO/USDT:USDT,0.8983,101.0,0.8982,470.0,0.8988,252.0,0.8989,1183.0
1753617170810,11:52:50.810,bitget,AERO/USDT:USDT,0.8983,101.0,0.8982,470.0,0.8988,252.0,0.8989,1183.0
1753617170960,11:52:50.960,bitget,AERO/USDT:USDT,0.8983,101.0,0.8982,470.0,0.8988,252.0,0.8989,1183.0
1753617171410,11:52:51.410,bitget,AERO/USDT:USDT,0.8983,101.0,0.8982,470.0,0.8988,252.0,0.8989,1183.0
1753617171560,11:52:51.560,bitget,AERO/USDT:USDT,0.8983,101.0,0.8982,470.0,0.8988,252.0,0.8989,1183.0
1753617171710,11:52:51.710,bitget,AERO/USDT:USDT,0.8983,101.0,0.8982,470.0,0.8988,252.0,0.8989,1183.0
1753617171860,11:52:51.860,bitget,AERO/USDT:USDT,0.8983,571.0,0.898,93.0,0.8988,252.0,0.8989,1183.0
1753617172010,11:52:52.010,bitget,AERO/USDT:USDT,0.8983,571.0,0.898,93.0,0.8988,252.0,0.8989,1183.0
1753617172161,11:52:52.161,bitget,AERO/USDT:USDT,0.8983,604.0,0.8982,92.0,0.8988,188.0,0.8989,1183.0
1753617172311,11:52:52.311,bitget,AERO/USDT:USDT,0.8983,604.0,0.8982,92.0,0.8988,188.0,0.8989,1183.0
1753617172461,11:52:52.461,bitget,AERO/USDT:USDT,0.8983,604.0,0.8982,92.0,0.8988,188.0,0.8989,1183.0
1753617172611,11:52:52.611,bitget,AERO/USDT:USDT,0.8983,604.0,0.8982,92.0,0.8988,188.0,0.8989,1183.0
1753617173211,11:52:53.211,bitget,AERO/USDT:USDT,0.8983,604.0,0.8982,92.0,0.8988,188.0,0.8989,1183.0
1753617173361,11:52:53.361,bitget,AERO/USDT:USDT,0.8983,604.0,0.8982,92.0,0.8988,188.0,0.8989,1183.0
1753617173511,11:52:53.511,bitget,AERO/USDT:USDT,0.8983,604.0,0.8982,92.0,0.8988,188.0,0.8989,1183.0
1753617173812,11:52:53.812,bitget,AERO/USDT:USDT,0.8983,571.0,0.898,93.0,0.8988,188.0,0.8989,1245.0
1753617173962,11:52:53.962,bitget,AERO/USDT:USDT,0.8983,571.0,0.898,93.0,0.8988,188.0,0.8989,1245.0
1753617174112,11:52:54.112,bitget,AERO/USDT:USDT,0.8983,571.0,0.898,93.0,0.8988,188.0,0.8989,1245.0
1753617174412,11:52:54.412,bitget,AERO/USDT:USDT,0.8983,101.0,0.8982,470.0,0.8988,188.0,0.8989,1245.0
1753617174562,11:52:54.562,bitget,AERO/USDT:USDT,0.8983,101.0,0.8982,470.0,0.8988,188.0,0.8989,1245.0
1753617174712,11:52:54.712,bitget,AERO/USDT:USDT,0.8983,101.0,0.8982,470.0,0.8988,188.0,0.8989,1245.0
1753617174862,11:52:54.862,bitget,AERO/USDT:USDT,0.8983,101.0,0.8982,470.0,0.8988,188.0,0.8989,1245.0
1753617175162,11:52:55.162,bitget,AERO/USDT:USDT,0.8983,101.0,0.8982,470.0,0.8988,188.0,0.8989,1245.0
1753617175613,11:52:55.613,bitget,AERO/USDT:USDT,0.8983,101.0,0.8982,470.0,0.8988,188.0,0.8989,1245.0
1753617175763,11:52:55.763,bitget,AERO/USDT:USDT,0.8983,101.0,0.8982,470.0,0.8988,188.0,0.8989,1245.0
1753617176213,11:52:56.213,bitget,AERO/USDT:USDT,0.8983,101.0,0.8982,470.0,0.8988,188.0,0.8989,1245.0
1753617176363,11:52:56.363,bitget,AERO/USDT:USDT,0.8983,101.0,0.8982,470.0,0.8988,188.0,0.8989,1245.0
1753617176513,11:52:56.513,bitget,AERO/USDT:USDT,0.8983,101.0,0.8982,470.0,0.8988,188.0,0.8989,1245.0
1753617176813,11:52:56.813,bitget,AERO/USDT:USDT,0.8983,101.0,0.8982,470.0,0.8988,188.0,0.8989,1245.0
1753617176964,11:52:56.964,bitget,AERO/USDT:USDT,0.8983,101.0,0.8982,470.0,0.8988,188.0,0.8989,1245.0
1753617177264,11:52:57.264,bitget,AERO/USDT:USDT,0.8983,101.0,0.8982,470.0,0.8988,188.0,0.8989,1245.0
1753617177414,11:52:57.414,bitget,AERO/USDT:USDT,0.8983,101.0,0.8982,470.0,0.8988,188.0,0.8989,1245.0
1753617177564,11:52:57.564,bitget,AERO/USDT:USDT,0.8983,101.0,0.8982,470.0,0.8988,188.0,0.8989,1245.0
1753617177864,11:52:57.864,bitget,AERO/USDT:USDT,0.8983,101.0,0.8982,470.0,0.8988,188.0,0.8989,1245.0
1753617178014,11:52:58.014,bitget,AERO/USDT:USDT,0.8983,101.0,0.8982,470.0,0.8988,188.0,0.8989,1245.0
1753617178164,11:52:58.164,bitget,AERO/USDT:USDT,0.8983,101.0,0.8982,470.0,0.8988,188.0,0.8989,1245.0
1753617178314,11:52:58.314,bitget,AERO/USDT:USDT,0.8983,101.0,0.8982,470.0,0.8988,188.0,0.8989,1245.0
1753617178465,11:52:58.465,bitget,AERO/USDT:USDT,0.8983,101.0,0.8982,470.0,0.8988,188.0,0.8989,1245.0
1753617178765,11:52:58.765,bitget,AERO/USDT:USDT,0.8983,101.0,0.8982,470.0,0.8988,188.0,0.8989,1245.0
1753617178915,11:52:58.915,bitget,AERO/USDT:USDT,0.8983,101.0,0.8982,470.0,0.8988,188.0,0.8989,1245.0
1753617179215,11:52:59.215,bitget,AERO/USDT:USDT,0.8983,101.0,0.8982,470.0,0.8988,188.0,0.8989,1245.0
1753617179365,11:52:59.365,bitget,AERO/USDT:USDT,0.8983,101.0,0.8982,470.0,0.8988,188.0,0.8989,1245.0
1753617179515,11:52:59.515,bitget,AERO/USDT:USDT,0.8981,470.0,0.898,6.0,0.8988,188.0,0.8989,146.0
1753617179665,11:52:59.665,bitget,AERO/USDT:USDT,0.8981,470.0,0.898,6.0,0.8988,1287.0,0.8989,146.0
1753617179815,11:52:59.815,bitget,AERO/USDT:USDT,0.8981,470.0,0.898,6.0,0.8988,1287.0,0.8989,146.0
1753617179966,11:52:59.966,bitget,AERO/USDT:USDT,0.8981,470.0,0.898,6.0,0.8988,1287.0,0.8989,146.0
1753617180116,11:53:00.116,bitget,AERO/USDT:USDT,0.8981,470.0,0.898,6.0,0.8988,1287.0,0.8989,146.0
1753617180266,11:53:00.266,bitget,AERO/USDT:USDT,0.8981,470.0,0.898,6.0,0.8988,1287.0,0.8989,146.0
1753617180416,11:53:00.416,bitget,AERO/USDT:USDT,0.8981,470.0,0.898,6.0,0.8988,1287.0,0.8989,146.0
1753617180566,11:53:00.566,bitget,AERO/USDT:USDT,0.8982,101.0,0.8981,470.0,0.8988,188.0,0.8989,1245.0
1753617180866,11:53:00.866,bitget,AERO/USDT:USDT,0.8982,101.0,0.8981,470.0,0.8988,188.0,0.8989,1245.0
1753617181016,11:53:01.016,bitget,AERO/USDT:USDT,0.8982,101.0,0.8981,470.0,0.8988,188.0,0.8989,1245.0
1753617181467,11:53:01.467,bitget,AERO/USDT:USDT,0.8982,101.0,0.8981,470.0,0.8988,188.0,0.8989,1245.0
1753617181617,11:53:01.617,bitget,AERO/USDT:USDT,0.8982,101.0,0.8981,470.0,0.8988,188.0,0.8989,1245.0
1753617181767,11:53:01.767,bitget,AERO/USDT:USDT,0.8982,101.0,0.8981,470.0,0.8988,188.0,0.8989,1245.0
1753617181917,11:53:01.917,bitget,AERO/USDT:USDT,0.8982,101.0,0.8981,470.0,0.8988,188.0,0.8989,1245.0
1753617182067,11:53:02.067,bitget,AERO/USDT:USDT,0.8982,101.0,0.8981,470.0,0.8988,188.0,0.8989,1245.0
1753617182217,11:53:02.217,bitget,AERO/USDT:USDT,0.8982,101.0,0.8981,470.0,0.8988,188.0,0.8989,1245.0
1753617182367,11:53:02.367,bitget,AERO/USDT:USDT,0.8982,101.0,0.8981,470.0,0.8988,188.0,0.8989,1245.0
1753617182517,11:53:02.517,bitget,AERO/USDT:USDT,0.8982,101.0,0.8981,470.0,0.8988,188.0,0.8989,1245.0
1753617182667,11:53:02.667,bitget,AERO/USDT:USDT,0.8982,101.0,0.8981,532.0,0.8988,188.0,0.8989,1245.0
1753617182817,11:53:02.817,bitget,AERO/USDT:USDT,0.8982,187.0,0.8981,532.0,0.8988,101.0,0.8989,1245.0
1753617183118,11:53:03.118,bitget,AERO/USDT:USDT,0.8982,187.0,0.8981,532.0,0.8988,101.0,0.8989,1183.0
1753617183418,11:53:03.418,bitget,AERO/USDT:USDT,0.8982,187.0,0.8981,532.0,0.8988,101.0,0.8989,1183.0
1753617183718,11:53:03.718,bitget,AERO/USDT:USDT,0.8983,86.0,0.8982,1213.0,0.8989,1099.0,0.899,4808.0
1753617183868,11:53:03.868,bitget,AERO/USDT:USDT,0.8984,571.0,0.8983,86.0,0.899,4808.0,0.8992,1515.0
1753617184018,11:53:04.018,bitget,AERO/USDT:USDT,0.8985,86.0,0.8984,843.0,0.8992,88.0,0.8993,13450.0
1753617184168,11:53:04.168,bitget,AERO/USDT:USDT,0.8987,86.0,0.8986,187.0,0.8993,86.0,0.8994,1185.0
1753617184318,11:53:04.318,bitget,AERO/USDT:USDT,0.8988,101.0,0.8987,130.0,0.8994,5990.0,0.8995,574.0
1753617184469,11:53:04.469,bitget,AERO/USDT:USDT,0.8988,101.0,0.8987,130.0,0.8993,101.0,0.8994,5990.0
1753617184619,11:53:04.619,bitget,AERO/USDT:USDT,0.8988,101.0,0.8987,130.0,0.8993,101.0,0.8994,5990.0
1753617184769,11:53:04.769,bitget,AERO/USDT:USDT,0.8988,101.0,0.8987,130.0,0.8993,101.0,0.8994,5990.0
1753617184919,11:53:04.919,bitget,AERO/USDT:USDT,0.8988,101.0,0.8987,130.0,0.8993,101.0,0.8994,5990.0
1753617185069,11:53:05.069,bitget,AERO/USDT:USDT,0.8988,101.0,0.8987,130.0,0.8993,101.0,0.8994,5990.0
1753617185219,11:53:05.219,bitget,AERO/USDT:USDT,0.8988,101.0,0.8987,130.0,0.8993,101.0,0.8994,5990.0
1753617185369,11:53:05.369,bitget,AERO/USDT:USDT,0.8988,101.0,0.8987,130.0,0.8993,101.0,0.8994,5990.0
1753617185819,11:53:05.819,bitget,AERO/USDT:USDT,0.8988,101.0,0.8987,130.0,0.8993,101.0,0.8994,5990.0
1753617185969,11:53:05.969,bitget,AERO/USDT:USDT,0.8988,101.0,0.8987,130.0,0.8993,101.0,0.8994,5990.0
1753617186120,11:53:06.120,bitget,AERO/USDT:USDT,0.8988,101.0,0.8987,130.0,0.8993,101.0,0.8994,5990.0
1753617186270,11:53:06.270,bitget,AERO/USDT:USDT,0.8988,101.0,0.8987,130.0,0.8993,101.0,0.8994,5990.0
1753617186420,11:53:06.420,bitget,AERO/USDT:USDT,0.8988,101.0,0.8987,130.0,0.8993,101.0,0.8994,5990.0
1753617186570,11:53:06.570,bitget,AERO/USDT:USDT,0.8988,101.0,0.8987,130.0,0.8993,101.0,0.8994,5990.0
1753617186870,11:53:06.870,bitget,AERO/USDT:USDT,0.8988,101.0,0.8987,130.0,0.8993,101.0,0.8994,5990.0
1753617187020,11:53:07.020,bitget,AERO/USDT:USDT,0.8988,101.0,0.8987,130.0,0.8993,101.0,0.8994,5990.0
1753617187170,11:53:07.170,bitget,AERO/USDT:USDT,0.8988,101.0,0.8987,130.0,0.8993,101.0,0.8994,5990.0
1753617187320,11:53:07.320,bitget,AERO/USDT:USDT,0.8988,101.0,0.8987,130.0,0.8993,101.0,0.8994,5990.0
1753617187470,11:53:07.470,bitget,AERO/USDT:USDT,0.8988,101.0,0.8987,130.0,0.8993,101.0,0.8994,5990.0
1753617187620,11:53:07.620,bitget,AERO/USDT:USDT,0.8988,101.0,0.8987,130.0,0.8993,101.0,0.8994,5990.0
1753617187771,11:53:07.771,bitget,AERO/USDT:USDT,0.8988,101.0,0.8987,130.0,0.8993,101.0,0.8994,5990.0
1753617187921,11:53:07.921,bitget,AERO/USDT:USDT,0.8988,101.0,0.8987,130.0,0.8993,101.0,0.8994,5990.0
1753617188071,11:53:08.071,bitget,AERO/USDT:USDT,0.8988,101.0,0.8987,130.0,0.8993,101.0,0.8994,5990.0
1753617188221,11:53:08.221,bitget,AERO/USDT:USDT,0.8988,101.0,0.8987,130.0,0.8993,101.0,0.8994,5990.0
1753617188371,11:53:08.371,bitget,AERO/USDT:USDT,0.8988,101.0,0.8987,130.0,0.8993,101.0,0.8994,5990.0
1753617188521,11:53:08.521,bitget,AERO/USDT:USDT,0.8988,101.0,0.8987,130.0,0.8993,101.0,0.8994,5990.0
1753617188671,11:53:08.671,bitget,AERO/USDT:USDT,0.8988,101.0,0.8987,130.0,0.8993,101.0,0.8994,5990.0
1753617188821,11:53:08.821,bitget,AERO/USDT:USDT,0.8988,101.0,0.8987,130.0,0.8993,101.0,0.8994,5990.0
1753617188971,11:53:08.971,bitget,AERO/USDT:USDT,0.8988,101.0,0.8987,130.0,0.8993,101.0,0.8994,5990.0
1753617189122,11:53:09.122,bitget,AERO/USDT:USDT,0.8988,101.0,0.8987,130.0,0.8993,101.0,0.8994,5990.0
1753617189572,11:53:09.572,bitget,AERO/USDT:USDT,0.8988,101.0,0.8987,130.0,0.8993,101.0,0.8994,5990.0
1753617189722,11:53:09.722,bitget,AERO/USDT:USDT,0.8988,101.0,0.8987,600.0,0.8993,101.0,0.8994,5990.0
1753617189872,11:53:09.872,bitget,AERO/USDT:USDT,0.8988,101.0,0.8987,600.0,0.8993,101.0,0.8994,5990.0
1753617190022,11:53:10.022,bitget,AERO/USDT:USDT,0.8988,101.0,0.8987,600.0,0.8993,101.0,0.8994,5990.0
1753617190172,11:53:10.172,bitget,AERO/USDT:USDT,0.8988,101.0,0.8987,600.0,0.8993,101.0,0.8994,5990.0
1753617190322,11:53:10.322,bitget,AERO/USDT:USDT,0.8988,101.0,0.8987,600.0,0.8993,101.0,0.8994,5990.0
1753617190472,11:53:10.472,bitget,AERO/USDT:USDT,0.8988,101.0,0.8987,600.0,0.8993,101.0,0.8994,5990.0
1753617190622,11:53:10.622,bitget,AERO/USDT:USDT,0.8988,101.0,0.8987,600.0,0.8993,101.0,0.8994,5990.0
1753617190773,11:53:10.773,bitget,AERO/USDT:USDT,0.8988,101.0,0.8987,600.0,0.8993,101.0,0.8994,5990.0
1753617191073,11:53:11.073,bitget,AERO/USDT:USDT,0.8988,101.0,0.8987,600.0,0.8993,101.0,0.8994,5990.0
1753617191223,11:53:11.223,bitget,AERO/USDT:USDT,0.8988,101.0,0.8987,600.0,0.8993,101.0,0.8994,5990.0
1753617191373,11:53:11.373,bitget,AERO/USDT:USDT,0.8988,101.0,0.8987,600.0,0.8993,101.0,0.8994,5990.0
1753617191973,11:53:11.973,bitget,AERO/USDT:USDT,0.8988,101.0,0.8987,600.0,0.8993,101.0,0.8994,5990.0
1753617192123,11:53:12.123,bitget,AERO/USDT:USDT,0.8988,101.0,0.8987,600.0,0.8993,101.0,0.8994,5990.0
1753617192273,11:53:12.273,bitget,AERO/USDT:USDT,0.8988,101.0,0.8987,600.0,0.8993,101.0,0.8994,5990.0
1753617192424,11:53:12.424,bitget,AERO/USDT:USDT,0.8988,101.0,0.8987,600.0,0.8993,101.0,0.8994,5990.0
1753617193174,11:53:13.174,bitget,AERO/USDT:USDT,0.8988,101.0,0.8987,600.0,0.8993,101.0,0.8994,5990.0
1753617193324,11:53:13.324,bitget,AERO/USDT:USDT,0.8988,101.0,0.8987,600.0,0.8993,101.0,0.8994,5990.0
1753617193474,11:53:13.474,bitget,AERO/USDT:USDT,0.8988,101.0,0.8987,600.0,0.8993,101.0,0.8994,5990.0
1753617193624,11:53:13.624,bitget,AERO/USDT:USDT,0.8988,101.0,0.8987,600.0,0.8993,101.0,0.8994,5990.0
1753617193774,11:53:13.774,bitget,AERO/USDT:USDT,0.8988,101.0,0.8987,600.0,0.8993,101.0,0.8994,5990.0
1753617193924,11:53:13.924,bitget,AERO/USDT:USDT,0.8988,101.0,0.8987,600.0,0.8993,101.0,0.8994,5990.0
1753617194075,11:53:14.075,bitget,AERO/USDT:USDT,0.8988,101.0,0.8987,600.0,0.8993,101.0,0.8994,5990.0
1753617194225,11:53:14.225,bitget,AERO/USDT:USDT,0.8988,101.0,0.8987,600.0,0.8993,101.0,0.8994,5990.0
1753617194375,11:53:14.375,bitget,AERO/USDT:USDT,0.8988,101.0,0.8987,600.0,0.8993,101.0,0.8994,5990.0
1753617194525,11:53:14.525,bitget,AERO/USDT:USDT,0.8988,101.0,0.8987,600.0,0.8993,101.0,0.8994,5990.0
1753617194675,11:53:14.675,bitget,AERO/USDT:USDT,0.8988,101.0,0.8987,600.0,0.8993,101.0,0.8994,5990.0
1753617194825,11:53:14.825,bitget,AERO/USDT:USDT,0.8988,101.0,0.8987,600.0,0.8993,101.0,0.8994,5990.0
1753617194975,11:53:14.975,bitget,AERO/USDT:USDT,0.8988,101.0,0.8987,600.0,0.8993,101.0,0.8994,5990.0
1753617195125,11:53:15.125,bitget,AERO/USDT:USDT,0.8988,101.0,0.8987,600.0,0.8993,101.0,0.8994,5990.0
1753617195426,11:53:15.426,bitget,AERO/USDT:USDT,0.8988,101.0,0.8987,600.0,0.8993,101.0,0.8994,5990.0
1753617195576,11:53:15.576,bitget,AERO/USDT:USDT,0.8988,101.0,0.8987,600.0,0.8993,101.0,0.8994,5990.0
1753617196026,11:53:16.026,bitget,AERO/USDT:USDT,0.8988,101.0,0.8987,600.0,0.8993,101.0,0.8994,5990.0
1753617196326,11:53:16.326,bitget,AERO/USDT:USDT,0.8988,101.0,0.8987,600.0,0.8993,101.0,0.8994,5990.0
1753617196476,11:53:16.476,bitget,AERO/USDT:USDT,0.8988,101.0,0.8987,600.0,0.8993,101.0,0.8994,5990.0
1753617196626,11:53:16.626,bitget,AERO/USDT:USDT,0.8988,101.0,0.8987,600.0,0.8993,101.0,0.8994,5990.0
1753617196776,11:53:16.776,bitget,AERO/USDT:USDT,0.8988,101.0,0.8987,600.0,0.8993,101.0,0.8994,5990.0
1753617196926,11:53:16.926,bitget,AERO/USDT:USDT,0.8988,101.0,0.8987,600.0,0.8993,101.0,0.8994,5990.0
1753617197077,11:53:17.077,bitget,AERO/USDT:USDT,0.8988,101.0,0.8987,600.0,0.8993,101.0,0.8994,5990.0
1753617197227,11:53:17.227,bitget,AERO/USDT:USDT,0.8988,101.0,0.8987,600.0,0.8993,101.0,0.8994,5990.0
1753617197377,11:53:17.377,bitget,AERO/USDT:USDT,0.8988,101.0,0.8987,600.0,0.8993,101.0,0.8994,5990.0
1753617197827,11:53:17.827,bitget,AERO/USDT:USDT,0.8988,101.0,0.8987,600.0,0.8993,101.0,0.8994,5990.0
1753617197977,11:53:17.977,bitget,AERO/USDT:USDT,0.8988,101.0,0.8987,600.0,0.8993,101.0,0.8994,5990.0
1753617198277,11:53:18.277,bitget,AERO/USDT:USDT,0.8988,101.0,0.8987,600.0,0.8993,101.0,0.8994,5990.0
1753617198577,11:53:18.577,bitget,AERO/USDT:USDT,0.8988,101.0,0.8987,600.0,0.8993,101.0,0.8994,5990.0
1753617198728,11:53:18.728,bitget,AERO/USDT:USDT,0.8988,101.0,0.8987,600.0,0.8993,101.0,0.8994,5990.0
1753617198878,11:53:18.878,bitget,AERO/USDT:USDT,0.8988,101.0,0.8987,600.0,0.8993,101.0,0.8994,5990.0
1753617199028,11:53:19.028,bitget,AERO/USDT:USDT,0.8988,101.0,0.8987,600.0,0.8993,101.0,0.8994,5990.0
1753617199328,11:53:19.328,bitget,AERO/USDT:USDT,0.8988,1211.0,0.8987,130.0,0.8993,101.0,0.8994,5990.0
1753617199478,11:53:19.478,bitget,AERO/USDT:USDT,0.8988,655.0,0.8987,130.0,0.8993,101.0,0.8994,5990.0
1753617199628,11:53:19.628,bitget,AERO/USDT:USDT,0.8988,571.0,0.8987,86.0,0.8993,101.0,0.8994,6052.0
1753617199778,11:53:19.778,bitget,AERO/USDT:USDT,0.8988,571.0,0.8987,86.0,0.8993,101.0,0.8994,6052.0
1753617199928,11:53:19.928,bitget,AERO/USDT:USDT,0.8988,571.0,0.8987,86.0,0.8993,101.0,0.8994,6052.0
1753617200078,11:53:20.078,bitget,AERO/USDT:USDT,0.8988,101.0,0.8987,470.0,0.8992,84.0,0.8993,185.0
1753617200228,11:53:20.228,bitget,AERO/USDT:USDT,0.8988,101.0,0.8987,470.0,0.8991,101.0,0.8992,84.0
1753617200379,11:53:20.379,bitget,AERO/USDT:USDT,0.8988,101.0,0.8987,470.0,0.8991,163.0,0.8992,146.0
1753617200529,11:53:20.529,bitget,AERO/USDT:USDT,0.8988,101.0,0.8987,470.0,0.8991,163.0,0.8992,146.0
1753617200679,11:53:20.679,bitget,AERO/USDT:USDT,0.8988,101.0,0.8987,470.0,0.8991,163.0,0.8992,146.0
1753617200829,11:53:20.829,bitget,AERO/USDT:USDT,0.8988,101.0,0.8987,470.0,0.8991,163.0,0.8992,146.0
1753617200979,11:53:20.979,bitget,AERO/USDT:USDT,0.8988,101.0,0.8987,470.0,0.8991,163.0,0.8992,146.0
1753617201129,11:53:21.129,bitget,AERO/USDT:USDT,0.8988,101.0,0.8987,470.0,0.8991,163.0,0.8992,146.0
1753617201279,11:53:21.279,bitget,AERO/USDT:USDT,0.8988,571.0,0.8986,62.0,0.8991,101.0,0.8993,84.0
1753617201429,11:53:21.429,bitget,AERO/USDT:USDT,0.8988,571.0,0.8986,62.0,0.8991,101.0,0.8993,84.0
1753617201579,11:53:21.579,bitget,AERO/USDT:USDT,0.8988,571.0,0.8986,62.0,0.8991,101.0,0.8993,84.0
1753617201729,11:53:21.729,bitget,AERO/USDT:USDT,0.8988,571.0,0.8986,62.0,0.8991,101.0,0.8993,84.0
1753617201879,11:53:21.879,bitget,AERO/USDT:USDT,0.8988,571.0,0.8986,62.0,0.8991,101.0,0.8993,84.0
1753617202030,11:53:22.030,bitget,AERO/USDT:USDT,0.8988,571.0,0.8986,146.0,0.8991,101.0,0.8993,84.0
1753617202180,11:53:22.180,bitget,AERO/USDT:USDT,0.8988,571.0,0.8986,146.0,0.8991,101.0,0.8993,84.0
1753617202330,11:53:22.330,bitget,AERO/USDT:USDT,0.8988,571.0,0.8986,146.0,0.8991,101.0,0.8993,146.0
1753617202630,11:53:22.630,bitget,AERO/USDT:USDT,0.8988,571.0,0.8986,146.0,0.8991,101.0,0.8993,146.0
1753617202780,11:53:22.780,bitget,AERO/USDT:USDT,0.8988,571.0,0.8986,146.0,0.8991,101.0,0.8993,146.0
1753617202930,11:53:22.930,bitget,AERO/USDT:USDT,0.8988,571.0,0.8986,146.0,0.8991,101.0,0.8993,146.0
1753617203231,11:53:23.231,bitget,AERO/USDT:USDT,0.8988,571.0,0.8986,146.0,0.8991,101.0,0.8993,146.0
1753617203380,11:53:23.380,bitget,AERO/USDT:USDT,0.8988,571.0,0.8986,146.0,0.8991,101.0,0.8993,146.0
1753617203531,11:53:23.531,bitget,AERO/USDT:USDT,0.8988,571.0,0.8986,146.0,0.8991,101.0,0.8993,146.0
1753617203681,11:53:23.681,bitget,AERO/USDT:USDT,0.8988,571.0,0.8986,146.0,0.8991,101.0,0.8993,146.0
1753617203831,11:53:23.831,bitget,AERO/USDT:USDT,0.8988,571.0,0.8986,146.0,0.8991,101.0,0.8993,146.0
1753617203981,11:53:23.981,bitget,AERO/USDT:USDT,0.8988,571.0,0.8986,146.0,0.8991,101.0,0.8993,146.0
1753617204131,11:53:24.131,bitget,AERO/USDT:USDT,0.8988,571.0,0.8986,146.0,0.8991,101.0,0.8993,146.0
1753617204281,11:53:24.281,bitget,AERO/USDT:USDT,0.8988,571.0,0.8986,146.0,0.8991,101.0,0.8993,146.0
1753617204431,11:53:24.431,bitget,AERO/USDT:USDT,0.8988,571.0,0.8986,146.0,0.8991,101.0,0.8993,146.0
1753617204581,11:53:24.581,bitget,AERO/USDT:USDT,0.8988,571.0,0.8986,146.0,0.8991,101.0,0.8993,146.0
1753617204731,11:53:24.731,bitget,AERO/USDT:USDT,0.8988,571.0,0.8986,146.0,0.8991,101.0,0.8993,146.0
1753617204881,11:53:24.881,bitget,AERO/USDT:USDT,0.8988,571.0,0.8986,146.0,0.8991,101.0,0.8993,146.0
1753617205032,11:53:25.032,bitget,AERO/USDT:USDT,0.8988,571.0,0.8986,146.0,0.8991,101.0,0.8993,146.0
1753617205182,11:53:25.182,bitget,AERO/USDT:USDT,0.8988,571.0,0.8986,146.0,0.8991,101.0,0.8993,146.0
1753617205332,11:53:25.332,bitget,AERO/USDT:USDT,0.8988,571.0,0.8986,146.0,0.8991,101.0,0.8993,146.0
1753617205482,11:53:25.482,bitget,AERO/USDT:USDT,0.8988,571.0,0.8986,146.0,0.8991,101.0,0.8993,146.0
1753617205632,11:53:25.632,bitget,AERO/USDT:USDT,0.8988,571.0,0.8986,146.0,0.8991,101.0,0.8993,146.0
1753617205782,11:53:25.782,bitget,AERO/USDT:USDT,0.8988,571.0,0.8986,146.0,0.8991,101.0,0.8993,146.0
1753617206082,11:53:26.082,bitget,AERO/USDT:USDT,0.8988,571.0,0.8986,146.0,0.8991,101.0,0.8993,146.0
1753617206232,11:53:26.232,bitget,AERO/USDT:USDT,0.8988,571.0,0.8986,146.0,0.8991,101.0,0.8993,62.0
1753617206382,11:53:26.382,bitget,AERO/USDT:USDT,0.8988,571.0,0.8986,146.0,0.8991,101.0,0.8993,62.0
1753617206533,11:53:26.533,bitget,AERO/USDT:USDT,0.8988,571.0,0.8986,146.0,0.8991,101.0,0.8993,62.0
1753617206683,11:53:26.683,bitget,AERO/USDT:USDT,0.8988,571.0,0.8986,146.0,0.8991,101.0,0.8993,62.0
1753617206833,11:53:26.833,bitget,AERO/USDT:USDT,0.8988,571.0,0.8986,146.0,0.8991,101.0,0.8993,62.0
1753617206983,11:53:26.983,bitget,AERO/USDT:USDT,0.8988,571.0,0.8986,146.0,0.8993,62.0,0.8994,5831.0
1753617207133,11:53:27.133,bitget,AERO/USDT:USDT,0.8988,571.0,0.8986,146.0,0.8994,4891.0,0.8996,2125.0
1753617207283,11:53:27.283,bitget,AERO/USDT:USDT,0.8988,571.0,0.8986,146.0,0.8993,101.0,0.8994,4891.0
1753617207433,11:53:27.433,bitget,AERO/USDT:USDT,0.8988,571.0,0.8986,146.0,0.8993,101.0,0.8994,4891.0
1753617207583,11:53:27.583,bitget,AERO/USDT:USDT,0.8988,571.0,0.8986,146.0,0.8993,101.0,0.8994,4891.0
1753617207734,11:53:27.734,bitget,AERO/USDT:USDT,0.8988,571.0,0.8986,146.0,0.8993,101.0,0.8994,4891.0
1753617207884,11:53:27.884,bitget,AERO/USDT:USDT,0.8988,1127.0,0.8986,146.0,0.8993,101.0,0.8994,4805.0
1753617208034,11:53:28.034,bitget,AERO/USDT:USDT,0.8989,470.0,0.8988,101.0,0.8993,101.0,0.8994,4805.0
1753617208184,11:53:28.184,bitget,AERO/USDT:USDT,0.899,101.0,0.8989,470.0,0.8993,101.0,0.8994,4805.0
1753617208334,11:53:28.334,bitget,AERO/USDT:USDT,0.899,101.0,0.8989,470.0,0.8993,101.0,0.8995,85.0
1753617208484,11:53:28.484,bitget,AERO/USDT:USDT,0.899,101.0,0.8989,470.0,0.8993,101.0,0.8995,85.0
1753617208634,11:53:28.634,bitget,AERO/USDT:USDT,0.899,101.0,0.8989,470.0,0.8993,101.0,0.8995,85.0
1753617208784,11:53:28.784,bitget,AERO/USDT:USDT,0.899,101.0,0.8989,532.0,0.8995,85.0,0.8996,6926.0
1753617208934,11:53:28.934,bitget,AERO/USDT:USDT,0.899,571.0,0.8989,62.0,0.8995,85.0,0.8996,5986.0
1753617209085,11:53:29.085,bitget,AERO/USDT:USDT,0.899,571.0,0.8989,62.0,0.8995,85.0,0.8996,5986.0
1753617209235,11:53:29.235,bitget,AERO/USDT:USDT,0.899,571.0,0.8989,62.0,0.8995,85.0,0.8996,5986.0
1753617209385,11:53:29.385,bitget,AERO/USDT:USDT,0.899,571.0,0.8989,62.0,0.8995,85.0,0.8996,5986.0
1753617209535,11:53:29.535,bitget,AERO/USDT:USDT,0.899,571.0,0.8989,62.0,0.8995,85.0,0.8996,5986.0
1753617209685,11:53:29.685,bitget,AERO/USDT:USDT,0.899,571.0,0.8989,62.0,0.8995,85.0,0.8996,5986.0
1753617209835,11:53:29.835,bitget,AERO/USDT:USDT,0.899,571.0,0.8989,62.0,0.8994,101.0,0.8995,85.0
1753617209985,11:53:29.985,bitget,AERO/USDT:USDT,0.8991,470.0,0.899,189.0,0.8994,101.0,0.8996,5986.0
1753617210135,11:53:30.135,bitget,AERO/USDT:USDT,0.8992,101.0,0.8991,470.0,0.8996,5986.0,0.8997,85.0
1753617210285,11:53:30.285,bitget,AERO/USDT:USDT,0.8992,101.0,0.8991,470.0,0.8996,5900.0,0.8997,85.0
1753617210435,11:53:30.435,bitget,AERO/USDT:USDT,0.8992,101.0,0.8991,470.0,0.8996,4801.0,0.8997,85.0
1753617210585,11:53:30.585,bitget,AERO/USDT:USDT,0.8992,101.0,0.8991,470.0,0.8997,85.0,0.8998,5373.0
1753617210736,11:53:30.736,bitget,AERO/USDT:USDT,0.8992,101.0,0.8991,470.0,0.8997,85.0,0.8998,5373.0
1753617210886,11:53:30.886,bitget,AERO/USDT:USDT,0.8992,101.0,0.8991,470.0,0.8997,85.0,0.8998,5373.0
1753617211036,11:53:31.036,bitget,AERO/USDT:USDT,0.8992,101.0,0.8991,470.0,0.8997,85.0,0.8998,5373.0
1753617211186,11:53:31.186,bitget,AERO/USDT:USDT,0.8992,101.0,0.8991,470.0,0.8997,85.0,0.8998,5373.0
1753617211336,11:53:31.336,bitget,AERO/USDT:USDT,0.8992,101.0,0.8991,470.0,0.8997,85.0,0.8998,5373.0
1753617211486,11:53:31.486,bitget,AERO/USDT:USDT,0.8992,101.0,0.8991,470.0,0.8997,85.0,0.8998,5373.0
1753617211636,11:53:31.636,bitget,AERO/USDT:USDT,0.8992,101.0,0.8991,470.0,0.8997,85.0,0.8998,4886.0
1753617211786,11:53:31.786,bitget,AERO/USDT:USDT,0.8992,868.0,0.8991,83.0,0.8998,86.0,0.8999,86.0
1753617211936,11:53:31.936,bitget,AERO/USDT:USDT,0.8993,470.0,0.8992,398.0,0.8999,86.0,0.9,5985.0
1753617212086,11:53:32.086,bitget,AERO/USDT:USDT,0.8994,101.0,0.8993,470.0,0.8999,86.0,0.9,5985.0
1753617212237,11:53:32.237,bitget,AERO/USDT:USDT,0.8994,101.0,0.8992,297.0,0.8999,86.0,0.9,5985.0
1753617212537,11:53:32.537,bitget,AERO/USDT:USDT,0.8994,101.0,0.8992,297.0,0.8999,86.0,0.9,5985.0
1753617212687,11:53:32.687,bitget,AERO/USDT:USDT,0.8994,101.0,0.8992,297.0,0.8999,86.0,0.9,5985.0
1753617212837,11:53:32.837,bitget,AERO/USDT:USDT,0.8994,101.0,0.8992,297.0,0.8999,86.0,0.9,5985.0
1753617212987,11:53:32.987,bitget,AERO/USDT:USDT,0.8994,101.0,0.8992,382.0,0.8999,86.0,0.9,5985.0
1753617213287,11:53:33.287,bitget,AERO/USDT:USDT,0.8994,101.0,0.8992,382.0,0.8999,86.0,0.9,5985.0
1753617213437,11:53:33.437,bitget,AERO/USDT:USDT,0.8994,101.0,0.8992,382.0,0.8999,86.0,0.9,5985.0
1753617213587,11:53:33.587,bitget,AERO/USDT:USDT,0.8994,101.0,0.8992,382.0,0.8999,86.0,0.9,5985.0
1753617213737,11:53:33.737,bitget,AERO/USDT:USDT,0.8994,101.0,0.8992,382.0,0.8999,86.0,0.9,5985.0
1753617213888,11:53:33.888,bitget,AERO/USDT:USDT,0.8994,101.0,0.8992,382.0,0.8999,86.0,0.9,5985.0
1753617214038,11:53:34.038,bitget,AERO/USDT:USDT,0.8994,101.0,0.8992,382.0,0.8999,86.0,0.9,5985.0
1753617214188,11:53:34.188,bitget,AERO/USDT:USDT,0.8994,101.0,0.8992,382.0,0.8999,86.0,0.9,5985.0
1753617214338,11:53:34.338,bitget,AERO/USDT:USDT,0.8994,101.0,0.8992,382.0,0.8999,86.0,0.9,5985.0
1753617214488,11:53:34.488,bitget,AERO/USDT:USDT,0.8994,101.0,0.8992,382.0,0.8999,86.0,0.9,5985.0
1753617214638,11:53:34.638,bitget,AERO/USDT:USDT,0.8994,101.0,0.8992,382.0,0.8999,86.0,0.9,5985.0
1753617214938,11:53:34.938,bitget,AERO/USDT:USDT,0.8994,101.0,0.8992,382.0,0.8999,86.0,0.9,5985.0
1753617215088,11:53:35.088,bitget,AERO/USDT:USDT,0.8994,101.0,0.8992,382.0,0.8999,86.0,0.9,5985.0
1753617215238,11:53:35.238,bitget,AERO/USDT:USDT,0.8994,101.0,0.8992,382.0,0.8999,86.0,0.9,5985.0
1753617215389,11:53:35.389,bitget,AERO/USDT:USDT,0.8994,101.0,0.8992,382.0,0.8999,86.0,0.9,5985.0
1753617215689,11:53:35.689,bitget,AERO/USDT:USDT,0.8994,101.0,0.8992,382.0,0.8999,86.0,0.9,5985.0
1753617215839,11:53:35.839,bitget,AERO/USDT:USDT,0.8994,101.0,0.8992,382.0,0.8999,86.0,0.9,5985.0
1753617215989,11:53:35.989,bitget,AERO/USDT:USDT,0.8994,101.0,0.8992,382.0,0.8999,86.0,0.9,5985.0
1753617216589,11:53:36.589,bitget,AERO/USDT:USDT,0.8994,101.0,0.8992,382.0,0.8999,86.0,0.9,5985.0
1753617216740,11:53:36.740,bitget,AERO/USDT:USDT,0.8994,101.0,0.8992,382.0,0.8999,86.0,0.9,5985.0
1753617217040,11:53:37.040,bitget,AERO/USDT:USDT,0.8994,101.0,0.8992,382.0,0.8999,86.0,0.9,5985.0
1753617217340,11:53:37.340,bitget,AERO/USDT:USDT,0.8994,101.0,0.8992,382.0,0.8999,86.0,0.9,5985.0
1753617217490,11:53:37.490,bitget,AERO/USDT:USDT,0.8994,101.0,0.8992,382.0,0.8999,86.0,0.9,5985.0
1753617217790,11:53:37.790,bitget,AERO/USDT:USDT,0.8994,101.0,0.8992,382.0,0.8999,86.0,0.9,5985.0
1753617217940,11:53:37.940,bitget,AERO/USDT:USDT,0.8994,101.0,0.8992,382.0,0.8999,86.0,0.9,5985.0
1753617218240,11:53:38.240,bitget,AERO/USDT:USDT,0.8994,101.0,0.8992,127.0,0.9,86.0,0.9001,86.0
1753617218390,11:53:38.390,bitget,AERO/USDT:USDT,0.8994,101.0,0.8992,238.0,0.9,4798.0,0.9001,86.0
1753617218541,11:53:38.541,bitget,AERO/USDT:USDT,0.8994,186.0,0.8992,238.0,0.9,4798.0,0.9001,86.0
1753617218691,11:53:38.691,bitget,AERO/USDT:USDT,0.8994,186.0,0.8992,238.0,0.9,4798.0,0.9001,86.0
1753617218841,11:53:38.841,bitget,AERO/USDT:USDT,0.8994,186.0,0.8992,238.0,0.9,4798.0,0.9001,86.0
1753617218991,11:53:38.991,bitget,AERO/USDT:USDT,0.8994,186.0,0.8992,127.0,0.8999,1200.0,0.9,4798.0
1753617219141,11:53:39.141,bitget,AERO/USDT:USDT,0.8994,186.0,0.8992,127.0,0.8999,101.0,0.9,4798.0
1753617219291,11:53:39.291,bitget,AERO/USDT:USDT,0.8994,186.0,0.8992,127.0,0.8999,101.0,0.9,4798.0
1753617219441,11:53:39.441,bitget,AERO/USDT:USDT,0.8994,186.0,0.8992,127.0,0.8999,101.0,0.9,4798.0
1753617219742,11:53:39.742,bitget,AERO/USDT:USDT,0.8994,186.0,0.8992,127.0,0.8999,1200.0,0.9,4798.0
1753617219985,11:53:39.985,bitget,AERO/USDT:USDT,0.8994,186.0,0.8992,127.0,0.8999,101.0,0.9,4798.0
1753617220146,11:53:40.146,bitget,AERO/USDT:USDT,0.8994,186.0,0.8992,127.0,0.8999,101.0,0.9,4798.0
1753617220342,11:53:40.342,bitget,AERO/USDT:USDT,0.8994,186.0,0.8992,127.0,0.8999,1200.0,0.9,4798.0
1753617220492,11:53:40.492,bitget,AERO/USDT:USDT,0.8994,186.0,0.8992,127.0,0.8999,1200.0,0.9,4798.0
1753617220642,11:53:40.642,bitget,AERO/USDT:USDT,0.8994,186.0,0.8992,127.0,0.8999,1200.0,0.9,4798.0
1753617220792,11:53:40.792,bitget,AERO/USDT:USDT,0.8994,186.0,0.8992,127.0,0.8999,1200.0,0.9,4798.0
1753617220942,11:53:40.942,bitget,AERO/USDT:USDT,0.8994,186.0,0.8992,238.0,0.8999,1200.0,0.9,4798.0
1753617221092,11:53:41.092,bitget,AERO/USDT:USDT,0.8994,186.0,0.8992,238.0,0.8999,1200.0,0.9,4798.0
1753617221242,11:53:41.242,bitget,AERO/USDT:USDT,0.8994,186.0,0.8992,238.0,0.8999,1200.0,0.9,4798.0
1753617221392,11:53:41.392,bitget,AERO/USDT:USDT,0.8994,186.0,0.8992,238.0,0.8999,1200.0,0.9,4798.0
1753617221542,11:53:41.542,bitget,AERO/USDT:USDT,0.8994,186.0,0.8992,238.0,0.8999,1200.0,0.9,4798.0
1753617221692,11:53:41.692,bitget,AERO/USDT:USDT,0.8994,186.0,0.8992,238.0,0.8999,1200.0,0.9,4798.0
1753617221842,11:53:41.842,bitget,AERO/USDT:USDT,0.8994,186.0,0.8992,238.0,0.8999,1200.0,0.9,4798.0
1753617221993,11:53:41.993,bitget,AERO/USDT:USDT,0.8994,186.0,0.8992,238.0,0.8999,1200.0,0.9,4798.0
1753617222143,11:53:42.143,bitget,AERO/USDT:USDT,0.8994,186.0,0.8992,238.0,0.8999,101.0,0.9,4798.0
1753617222293,11:53:42.293,bitget,AERO/USDT:USDT,0.8994,186.0,0.8992,238.0,0.8999,101.0,0.9,4798.0
1753617222443,11:53:42.443,bitget,AERO/USDT:USDT,0.8994,186.0,0.8992,238.0,0.8999,101.0,0.9,4798.0
1753617222593,11:53:42.593,bitget,AERO/USDT:USDT,0.8994,186.0,0.8992,238.0,0.8999,101.0,0.9,4798.0
1753617222743,11:53:42.743,bitget,AERO/USDT:USDT,0.8994,186.0,0.8992,238.0,0.8999,1200.0,0.9,4798.0
1753617222893,11:53:42.893,bitget,AERO/USDT:USDT,0.8994,186.0,0.8992,238.0,0.8999,1200.0,0.9,4798.0
1753617223193,11:53:43.193,bitget,AERO/USDT:USDT,0.8994,186.0,0.8992,238.0,0.8999,1200.0,0.9,4798.0
1753617223344,11:53:43.344,bitget,AERO/USDT:USDT,0.8994,186.0,0.8992,238.0,0.8999,1200.0,0.9,4798.0
1753617223494,11:53:43.494,bitget,AERO/USDT:USDT,0.8994,186.0,0.8992,238.0,0.8999,1200.0,0.9,4798.0
1753617223644,11:53:43.644,bitget,AERO/USDT:USDT,0.8994,186.0,0.8992,238.0,0.8999,1200.0,0.9,4798.0
1753617223944,11:53:43.944,bitget,AERO/USDT:USDT,0.8994,186.0,0.8992,238.0,0.8999,1200.0,0.9,4798.0
1753617224094,11:53:44.094,bitget,AERO/USDT:USDT,0.8994,186.0,0.8992,238.0,0.8999,1200.0,0.9,4798.0
1753617224244,11:53:44.244,bitget,AERO/USDT:USDT,0.8994,186.0,0.8992,238.0,0.8999,1200.0,0.9,4798.0
1753617224394,11:53:44.394,bitget,AERO/USDT:USDT,0.8994,186.0,0.8992,238.0,0.8999,1200.0,0.9,4798.0
1753617224544,11:53:44.544,bitget,AERO/USDT:USDT,0.8996,101.0,0.8995,127.0,0.9,4798.0,0.9001,86.0
1753617224694,11:53:44.694,bitget,AERO/USDT:USDT,0.8996,101.0,0.8995,127.0,0.8999,1099.0,0.9,4798.0
1753617224844,11:53:44.844,bitget,AERO/USDT:USDT,0.8996,101.0,0.8995,42.0,0.9,4798.0,0.9003,86.0
1753617225145,11:53:45.145,bitget,AERO/USDT:USDT,0.8996,101.0,0.8995,42.0,0.9,4798.0,0.9003,86.0
1753617225295,11:53:45.295,bitget,AERO/USDT:USDT,0.8996,101.0,0.8995,42.0,0.9,4798.0,0.9003,86.0
1753617225445,11:53:45.445,bitget,AERO/USDT:USDT,0.8996,101.0,0.8995,42.0,0.9,4798.0,0.9003,86.0
1753617225745,11:53:45.745,bitget,AERO/USDT:USDT,0.8996,101.0,0.8995,42.0,0.9,4798.0,0.9003,86.0
1753617225895,11:53:45.895,bitget,AERO/USDT:USDT,0.8996,101.0,0.8995,42.0,0.9,4798.0,0.9003,86.0
1753617226195,11:53:46.195,bitget,AERO/USDT:USDT,0.8996,101.0,0.8995,42.0,0.9,4798.0,0.9003,86.0
1753617226345,11:53:46.345,bitget,AERO/USDT:USDT,0.8996,101.0,0.8995,42.0,0.9,4798.0,0.9003,86.0
1753617226496,11:53:46.496,bitget,AERO/USDT:USDT,0.8996,101.0,0.8995,42.0,0.9,4798.0,0.9003,86.0
1753617226646,11:53:46.646,bitget,AERO/USDT:USDT,0.8996,101.0,0.8995,42.0,0.9,4798.0,0.9003,86.0
1753617226796,11:53:46.796,bitget,AERO/USDT:USDT,0.8996,101.0,0.8995,42.0,0.9,4798.0,0.9003,86.0
1753617226946,11:53:46.946,bitget,AERO/USDT:USDT,0.8996,101.0,0.8995,42.0,0.9,4798.0,0.9003,86.0
1753617227096,11:53:47.096,bitget,AERO/USDT:USDT,0.8996,101.0,0.8995,42.0,0.9,4798.0,0.9003,86.0
1753617227396,11:53:47.396,bitget,AERO/USDT:USDT,0.8996,101.0,0.8995,42.0,0.9002,4795.0,0.9003,86.0
1753617227546,11:53:47.546,bitget,AERO/USDT:USDT,0.8996,101.0,0.8995,42.0,0.9001,101.0,0.9002,4795.0
1753617227696,11:53:47.696,bitget,AERO/USDT:USDT,0.8996,101.0,0.8995,42.0,0.9001,101.0,0.9002,4795.0
1753617227846,11:53:47.846,bitget,AERO/USDT:USDT,0.8996,101.0,0.8995,42.0,0.9001,101.0,0.9002,4795.0
1753617227996,11:53:47.996,bitget,AERO/USDT:USDT,0.8996,101.0,0.8995,42.0,0.9001,101.0,0.9002,4795.0
1753617228146,11:53:48.146,bitget,AERO/USDT:USDT,0.8996,101.0,0.8995,42.0,0.9001,101.0,0.9002,4795.0
1753617228297,11:53:48.297,bitget,AERO/USDT:USDT,0.8996,101.0,0.8995,42.0,0.9001,101.0,0.9002,4795.0
1753617228447,11:53:48.447,bitget,AERO/USDT:USDT,0.8996,101.0,0.8995,42.0,0.9001,101.0,0.9002,4795.0
1753617228597,11:53:48.597,bitget,AERO/USDT:USDT,0.8996,101.0,0.8995,42.0,0.9001,101.0,0.9002,4795.0
1753617228747,11:53:48.747,bitget,AERO/USDT:USDT,0.8996,101.0,0.8995,42.0,0.9001,101.0,0.9002,4795.0
1753617228897,11:53:48.897,bitget,AERO/USDT:USDT,0.8996,101.0,0.8995,42.0,0.9001,101.0,0.9002,4795.0
1753617229047,11:53:49.047,bitget,AERO/USDT:USDT,0.8996,101.0,0.8995,42.0,0.9001,101.0,0.9002,4795.0
1753617229197,11:53:49.197,bitget,AERO/USDT:USDT,0.8996,101.0,0.8995,42.0,0.9001,101.0,0.9002,4795.0
1753617229347,11:53:49.347,bitget,AERO/USDT:USDT,0.8996,101.0,0.8995,42.0,0.9001,101.0,0.9002,4795.0
1753617229497,11:53:49.497,bitget,AERO/USDT:USDT,0.8996,101.0,0.8995,42.0,0.9001,101.0,0.9002,4795.0
1753617229798,11:53:49.798,bitget,AERO/USDT:USDT,0.8996,101.0,0.8995,42.0,0.9001,101.0,0.9002,4795.0
1753617229948,11:53:49.948,bitget,AERO/USDT:USDT,0.8996,101.0,0.8995,42.0,0.9001,101.0,0.9002,4795.0
1753617230098,11:53:50.098,bitget,AERO/USDT:USDT,0.8996,101.0,0.8995,42.0,0.9001,101.0,0.9002,4795.0
1753617230248,11:53:50.248,bitget,AERO/USDT:USDT,0.8996,101.0,0.8995,42.0,0.9001,101.0,0.9002,4795.0
1753617230398,11:53:50.398,bitget,AERO/USDT:USDT,0.8996,101.0,0.8995,42.0,0.9001,101.0,0.9002,4795.0
1753617230848,11:53:50.848,bitget,AERO/USDT:USDT,0.8996,101.0,0.8995,42.0,0.9001,101.0,0.9002,4795.0
1753617230998,11:53:50.998,bitget,AERO/USDT:USDT,0.8996,101.0,0.8995,42.0,0.9001,101.0,0.9002,4795.0
1753617231149,11:53:51.149,bitget,AERO/USDT:USDT,0.8996,101.0,0.8995,42.0,0.9001,101.0,0.9002,4795.0
1753617231298,11:53:51.298,bitget,AERO/USDT:USDT,0.8996,101.0,0.8994,85.0,0.9001,185.0,0.9002,4857.0
1753617231449,11:53:51.449,bitget,AERO/USDT:USDT,0.8996,101.0,0.8993,470.0,0.9,84.0,0.9001,1284.0
1753617231599,11:53:51.599,bitget,AERO/USDT:USDT,0.8996,101.0,0.8994,470.0,0.8999,247.0,0.9,146.0
1753617231749,11:53:51.749,bitget,AERO/USDT:USDT,0.8996,101.0,0.8994,470.0,0.8999,247.0,0.9,146.0
1753617232049,11:53:52.049,bitget,AERO/USDT:USDT,0.8996,101.0,0.8994,470.0,0.8999,247.0,0.9,146.0
1753617232199,11:53:52.199,bitget,AERO/USDT:USDT,0.8996,101.0,0.8994,470.0,0.8999,247.0,0.9,146.0
1753617232349,11:53:52.349,bitget,AERO/USDT:USDT,0.8996,101.0,0.8994,470.0,0.8999,247.0,0.9,146.0
1753617232499,11:53:52.499,bitget,AERO/USDT:USDT,0.8996,101.0,0.8994,470.0,0.8999,247.0,0.9,146.0
1753617232649,11:53:52.649,bitget,AERO/USDT:USDT,0.8996,101.0,0.8994,470.0,0.8999,247.0,0.9,146.0
1753617232800,11:53:52.800,bitget,AERO/USDT:USDT,0.8996,101.0,0.8994,470.0,0.8999,247.0,0.9,146.0
1753617233250,11:53:53.250,bitget,AERO/USDT:USDT,0.8996,101.0,0.8994,470.0,0.8999,247.0,0.9,146.0
1753617233850,11:53:53.850,bitget,AERO/USDT:USDT,0.8996,101.0,0.8994,470.0,0.8999,734.0,0.9,146.0
1753617234000,11:53:54.000,bitget,AERO/USDT:USDT,0.8996,101.0,0.8994,470.0,0.8999,734.0,0.9,146.0
1753617234301,11:53:54.301,bitget,AERO/USDT:USDT,0.8996,101.0,0.8991,111.0,0.8998,487.0,0.8999,247.0
1753617234451,11:53:54.451,bitget,AERO/USDT:USDT,0.8996,101.0,0.8992,470.0,0.8998,487.0,0.8999,247.0
1753617234601,11:53:54.601,bitget,AERO/USDT:USDT,0.8996,101.0,0.8994,62.0,0.8998,487.0,0.8999,247.0
1753617234751,11:53:54.751,bitget,AERO/USDT:USDT,0.8996,101.0,0.8994,62.0,0.8998,487.0,0.8999,247.0
1753617234901,11:53:54.901,bitget,AERO/USDT:USDT,0.8996,101.0,0.8994,62.0,0.8998,487.0,0.8999,247.0
1753617235051,11:53:55.051,bitget,AERO/USDT:USDT,0.8996,101.0,0.8994,62.0,0.8998,487.0,0.8999,247.0
1753617235201,11:53:55.201,bitget,AERO/USDT:USDT,0.8996,101.0,0.8994,62.0,0.8998,487.0,0.8999,247.0
1753617235952,11:53:55.952,bitget,AERO/USDT:USDT,0.8994,101.0,0.8993,470.0,0.8997,101.0,0.8999,146.0
1753617236102,11:53:56.102,bitget,AERO/USDT:USDT,0.8994,101.0,0.8993,470.0,0.8996,508.0,0.8997,101.0
1753617236252,11:53:56.252,bitget,AERO/USDT:USDT,0.8994,101.0,0.8993,470.0,0.8996,508.0,0.8997,101.0
1753617236402,11:53:56.402,bitget,AERO/USDT:USDT,0.8994,101.0,0.8993,470.0,0.8996,508.0,0.8997,101.0
1753617236552,11:53:56.552,bitget,AERO/USDT:USDT,0.8994,101.0,0.8993,470.0,0.8996,508.0,0.8997,101.0
1753617236702,11:53:56.702,bitget,AERO/USDT:USDT,0.8994,101.0,0.8993,470.0,0.8996,508.0,0.8997,101.0
1753617236852,11:53:56.852,bitget,AERO/USDT:USDT,0.8994,101.0,0.8993,470.0,0.8996,508.0,0.8997,101.0
1753617237002,11:53:57.002,bitget,AERO/USDT:USDT,0.8994,101.0,0.8993,470.0,0.8996,508.0,0.8997,101.0
1753617237152,11:53:57.152,bitget,AERO/USDT:USDT,0.8994,101.0,0.8993,470.0,0.8996,508.0,0.8997,101.0
1753617237302,11:53:57.302,bitget,AERO/USDT:USDT,0.8994,101.0,0.8993,470.0,0.8996,508.0,0.8997,101.0
1753617237453,11:53:57.453,bitget,AERO/USDT:USDT,0.8994,101.0,0.8992,532.0,0.8996,508.0,0.8997,101.0
1753617237603,11:53:57.603,bitget,AERO/USDT:USDT,0.8996,101.0,0.8994,187.0,0.9,84.0,0.9001,1691.0
1753617237753,11:53:57.753,bitget,AERO/USDT:USDT,0.8993,84.0,0.8991,581.0,0.8998,101.0,0.8999,508.0
1753617237903,11:53:57.903,bitget,AERO/USDT:USDT,0.8994,101.0,0.8992,470.0,0.8997,508.0,0.8998,101.0
1753617238053,11:53:58.053,bitget,AERO/USDT:USDT,0.8994,101.0,0.8993,62.0,0.8997,508.0,0.8998,101.0
1753617238203,11:53:58.203,bitget,AERO/USDT:USDT,0.8994,101.0,0.8993,62.0,0.8997,508.0,0.8998,101.0
1753617238353,11:53:58.353,bitget,AERO/USDT:USDT,0.8994,101.0,0.8993,62.0,0.8997,508.0,0.8998,101.0
1753617238503,11:53:58.503,bitget,AERO/USDT:USDT,0.8994,101.0,0.8993,62.0,0.8997,508.0,0.8998,101.0
1753617238653,11:53:58.653,bitget,AERO/USDT:USDT,0.8994,101.0,0.8993,62.0,0.8998,101.0,0.9,84.0
1753617238803,11:53:58.803,bitget,AERO/USDT:USDT,0.8994,101.0,0.8993,62.0,0.8997,508.0,0.8998,101.0
1753617238953,11:53:58.953,bitget,AERO/USDT:USDT,0.8994,101.0,0.8993,62.0,0.8997,508.0,0.8998,101.0
1753617239254,11:53:59.254,bitget,AERO/USDT:USDT,0.8994,101.0,0.8993,62.0,0.8997,508.0,0.8998,101.0
1753617239404,11:53:59.404,bitget,AERO/USDT:USDT,0.8994,101.0,0.8993,62.0,0.8997,508.0,0.8998,101.0
1753617239554,11:53:59.554,bitget,AERO/USDT:USDT,0.8994,101.0,0.8993,62.0,0.8997,508.0,0.8998,101.0
1753617239704,11:53:59.704,bitget,AERO/USDT:USDT,0.8994,101.0,0.8993,1161.0,0.8998,101.0,0.9,84.0
1753617239854,11:53:59.854,bitget,AERO/USDT:USDT,0.8994,101.0,0.8993,62.0,0.8998,101.0,0.8999,62.0
1753617240004,11:54:00.004,bitget,AERO/USDT:USDT,0.8994,101.0,0.8993,62.0,0.8998,101.0,0.8999,62.0
1753617240154,11:54:00.154,bitget,AERO/USDT:USDT,0.8994,101.0,0.8993,62.0,0.8998,101.0,0.8999,62.0
1753617240304,11:54:00.304,bitget,AERO/USDT:USDT,0.8994,101.0,0.8993,62.0,0.8997,508.0,0.8998,101.0
1753617240454,11:54:00.454,bitget,AERO/USDT:USDT,0.8994,101.0,0.8993,62.0,0.8997,508.0,0.8998,101.0
1753617240604,11:54:00.604,bitget,AERO/USDT:USDT,0.8994,101.0,0.8993,62.0,0.8998,101.0,0.8999,146.0
1753617240755,11:54:00.755,bitget,AERO/USDT:USDT,0.8994,101.0,0.8993,62.0,0.8997,508.0,0.8998,101.0
1753617240905,11:54:00.905,bitget,AERO/USDT:USDT,0.8994,101.0,0.8993,62.0,0.8997,508.0,0.8998,101.0
1753617241205,11:54:01.205,bitget,AERO/USDT:USDT,0.8994,101.0,0.8993,62.0,0.8998,101.0,0.8999,146.0
1753617241355,11:54:01.355,bitget,AERO/USDT:USDT,0.8994,101.0,0.8993,62.0,0.8998,101.0,0.8999,146.0
1753617241655,11:54:01.655,bitget,AERO/USDT:USDT,0.8994,101.0,0.8993,62.0,0.8998,101.0,0.8999,146.0
1753617241805,11:54:01.805,bitget,AERO/USDT:USDT,0.8994,101.0,0.8993,62.0,0.8998,101.0,0.8999,146.0
1753617241955,11:54:01.955,bitget,AERO/USDT:USDT,0.8994,101.0,0.8993,62.0,0.8998,101.0,0.8999,146.0
1753617242256,11:54:02.256,bitget,AERO/USDT:USDT,0.8994,101.0,0.8993,62.0,0.8998,101.0,0.8999,146.0
1753617242406,11:54:02.406,bitget,AERO/USDT:USDT,0.8994,101.0,0.8993,62.0,0.8998,101.0,0.8999,146.0
1753617242556,11:54:02.556,bitget,AERO/USDT:USDT,0.8994,101.0,0.8993,62.0,0.8998,101.0,0.8999,146.0
1753617242706,11:54:02.706,bitget,AERO/USDT:USDT,0.8994,101.0,0.8993,62.0,0.8998,101.0,0.8999,146.0
1753617243006,11:54:03.006,bitget,AERO/USDT:USDT,0.8994,101.0,0.8993,62.0,0.8998,101.0,0.8999,146.0
1753617243156,11:54:03.156,bitget,AERO/USDT:USDT,0.8994,101.0,0.8993,62.0,0.8998,101.0,0.8999,146.0
1753617243306,11:54:03.306,bitget,AERO/USDT:USDT,0.8994,101.0,0.8993,62.0,0.8998,101.0,0.8999,146.0
1753617243456,11:54:03.456,bitget,AERO/USDT:USDT,0.8994,101.0,0.8993,62.0,0.8998,101.0,0.8999,146.0
1753617243606,11:54:03.606,bitget,AERO/USDT:USDT,0.8994,101.0,0.8993,62.0,0.8998,101.0,0.8999,146.0
1753617243757,11:54:03.757,bitget,AERO/USDT:USDT,0.8994,101.0,0.8993,62.0,0.8998,101.0,0.8999,146.0
1753617243907,11:54:03.907,bitget,AERO/USDT:USDT,0.8994,101.0,0.8993,62.0,0.8998,101.0,0.8999,146.0
1753617244057,11:54:04.057,bitget,AERO/USDT:USDT,0.8994,101.0,0.8993,62.0,0.8998,101.0,0.8999,146.0
1753617244207,11:54:04.207,bitget,AERO/USDT:USDT,0.8994,101.0,0.8993,62.0,0.8998,101.0,0.8999,146.0
1753617244357,11:54:04.357,bitget,AERO/USDT:USDT,0.8994,101.0,0.8993,62.0,0.8998,101.0,0.8999,146.0
1753617244507,11:54:04.507,bitget,AERO/USDT:USDT,0.8994,101.0,0.8993,62.0,0.8998,101.0,0.8999,146.0
1753617244657,11:54:04.657,bitget,AERO/USDT:USDT,0.8994,101.0,0.8993,62.0,0.8998,101.0,0.8999,146.0
1753617244807,11:54:04.807,bitget,AERO/USDT:USDT,0.8994,101.0,0.8993,62.0,0.8998,101.0,0.8999,146.0
1753617244957,11:54:04.957,bitget,AERO/USDT:USDT,0.8994,101.0,0.8993,62.0,0.8998,101.0,0.8999,146.0
1753617245107,11:54:05.107,bitget,AERO/USDT:USDT,0.8994,101.0,0.8993,62.0,0.8998,101.0,0.8999,146.0
1753617245258,11:54:05.258,bitget,AERO/USDT:USDT,0.8994,101.0,0.8993,62.0,0.8998,101.0,0.8999,146.0
1753617245558,11:54:05.558,bitget,AERO/USDT:USDT,0.8994,101.0,0.899,555.0,0.8998,187.0,0.8999,146.0
1753617245708,11:54:05.708,bitget,AERO/USDT:USDT,0.8994,101.0,0.899,555.0,0.8998,187.0,0.8999,146.0
1753617246008,11:54:06.008,bitget,AERO/USDT:USDT,0.8994,101.0,0.899,555.0,0.8998,187.0,0.8999,146.0
1753617246158,11:54:06.158,bitget,AERO/USDT:USDT,0.899,85.0,0.8989,1099.0,0.8997,1185.0,0.8998,187.0
1753617246458,11:54:06.458,bitget,AERO/USDT:USDT,0.8991,101.0,0.899,85.0,0.8996,249.0,0.8997,86.0
1753617246608,11:54:06.608,bitget,AERO/USDT:USDT,0.8991,101.0,0.899,85.0,0.8996,249.0,0.8997,86.0
1753617246908,11:54:06.908,bitget,AERO/USDT:USDT,0.8991,101.0,0.899,85.0,0.8996,249.0,0.8997,86.0
1753617247059,11:54:07.059,bitget,AERO/USDT:USDT,0.8991,101.0,0.899,85.0,0.8996,249.0,0.8997,86.0
1753617247209,11:54:07.209,bitget,AERO/USDT:USDT,0.8991,101.0,0.8988,86.0,0.8995,86.0,0.8996,249.0
1753617247509,11:54:07.509,bitget,AERO/USDT:USDT,0.8991,101.0,0.8987,111.0,0.8994,101.0,0.8995,86.0
1753617247659,11:54:07.659,bitget,AERO/USDT:USDT,0.8991,101.0,0.8987,111.0,0.8994,101.0,0.8995,86.0
1753617247809,11:54:07.809,bitget,AERO/USDT:USDT,0.8991,101.0,0.8986,195.0,0.8994,101.0,0.8995,86.0
1753617248409,11:54:08.409,bitget,AERO/USDT:USDT,0.8987,101.0,0.8986,195.0,0.8992,101.0,0.8993,148.0
1753617248560,11:54:08.560,bitget,AERO/USDT:USDT,0.8987,156.0,0.8986,195.0,0.8992,101.0,0.8993,148.0
1753617248710,11:54:08.710,bitget,AERO/USDT:USDT,0.8987,156.0,0.8986,195.0,0.8992,101.0,0.8993,148.0
1753617248860,11:54:08.860,bitget,AERO/USDT:USDT,0.8987,156.0,0.8986,195.0,0.8992,101.0,0.8993,148.0
1753617249010,11:54:09.010,bitget,AERO/USDT:USDT,0.8987,156.0,0.8986,195.0,0.8992,101.0,0.8993,148.0
1753617249160,11:54:09.160,bitget,AERO/USDT:USDT,0.8987,156.0,0.8986,195.0,0.8992,101.0,0.8993,148.0
1753617249310,11:54:09.310,bitget,AERO/USDT:USDT,0.8987,156.0,0.8986,195.0,0.8992,101.0,0.8993,148.0
1753617249460,11:54:09.460,bitget,AERO/USDT:USDT,0.8987,156.0,0.8986,195.0,0.8992,101.0,0.8993,148.0
1753617249610,11:54:09.610,bitget,AERO/USDT:USDT,0.8987,156.0,0.8986,195.0,0.8992,101.0,0.8993,148.0
1753617249760,11:54:09.760,bitget,AERO/USDT:USDT,0.8987,101.0,0.8986,195.0,0.8992,101.0,0.8993,148.0
1753617249910,11:54:09.910,bitget,AERO/USDT:USDT,0.8987,101.0,0.8986,195.0,0.8992,101.0,0.8993,148.0
1753617250211,11:54:10.211,bitget,AERO/USDT:USDT,0.8987,101.0,0.8986,195.0,0.8992,101.0,0.8993,148.0
1753617250361,11:54:10.361,bitget,AERO/USDT:USDT,0.8987,101.0,0.8986,195.0,0.8992,101.0,0.8993,148.0
1753617250511,11:54:10.511,bitget,AERO/USDT:USDT,0.8987,155.0,0.8986,195.0,0.8992,101.0,0.8993,148.0
1753617250661,11:54:10.661,bitget,AERO/USDT:USDT,0.8987,155.0,0.8986,195.0,0.8992,101.0,0.8993,148.0
1753617250811,11:54:10.811,bitget,AERO/USDT:USDT,0.8987,155.0,0.8986,195.0,0.8992,101.0,0.8993,148.0
1753617250961,11:54:10.961,bitget,AERO/USDT:USDT,0.8987,155.0,0.8986,195.0,0.8992,101.0,0.8993,148.0
1753617251111,11:54:11.111,bitget,AERO/USDT:USDT,0.8987,155.0,0.8986,195.0,0.8992,101.0,0.8993,148.0
1753617251261,11:54:11.261,bitget,AERO/USDT:USDT,0.8987,155.0,0.8986,195.0,0.8992,101.0,0.8993,148.0
1753617251411,11:54:11.411,bitget,AERO/USDT:USDT,0.8987,155.0,0.8986,195.0,0.8992,101.0,0.8993,148.0
1753617251561,11:54:11.561,bitget,AERO/USDT:USDT,0.8987,155.0,0.8986,195.0,0.8992,101.0,0.8993,148.0
1753617251712,11:54:11.712,bitget,AERO/USDT:USDT,0.8987,155.0,0.8986,195.0,0.8992,101.0,0.8993,148.0
1753617251862,11:54:11.862,bitget,AERO/USDT:USDT,0.8987,155.0,0.8986,195.0,0.8992,101.0,0.8993,148.0
1753617252012,11:54:12.012,bitget,AERO/USDT:USDT,0.8987,155.0,0.8986,195.0,0.8992,101.0,0.8993,148.0
1753617252162,11:54:12.162,bitget,AERO/USDT:USDT,0.8987,155.0,0.8986,195.0,0.8992,101.0,0.8993,148.0
1753617252312,11:54:12.312,bitget,AERO/USDT:USDT,0.8987,155.0,0.8986,195.0,0.8992,101.0,0.8993,148.0
1753617252462,11:54:12.462,bitget,AERO/USDT:USDT,0.8987,155.0,0.8986,195.0,0.8992,101.0,0.8993,148.0
1753617252612,11:54:12.612,bitget,AERO/USDT:USDT,0.8987,155.0,0.8986,195.0,0.8992,101.0,0.8993,148.0
1753617252762,11:54:12.762,bitget,AERO/USDT:USDT,0.8987,155.0,0.8986,195.0,0.8992,101.0,0.8993,148.0
1753617252912,11:54:12.912,bitget,AERO/USDT:USDT,0.8987,155.0,0.8986,195.0,0.8992,101.0,0.8993,148.0
1753617253062,11:54:13.062,bitget,AERO/USDT:USDT,0.8987,155.0,0.8986,195.0,0.8992,101.0,0.8993,148.0
1753617253212,11:54:13.212,bitget,AERO/USDT:USDT,0.8987,155.0,0.8986,195.0,0.8992,101.0,0.8993,148.0
1753617253363,11:54:13.363,bitget,AERO/USDT:USDT,0.8987,155.0,0.8986,195.0,0.8992,101.0,0.8993,148.0
1753617253513,11:54:13.513,bitget,AERO/USDT:USDT,0.8987,155.0,0.8986,195.0,0.8992,101.0,0.8993,148.0
1753617253663,11:54:13.663,bitget,AERO/USDT:USDT,0.8987,155.0,0.8986,195.0,0.8992,101.0,0.8993,148.0
1753617253813,11:54:13.813,bitget,AERO/USDT:USDT,0.8987,155.0,0.8986,195.0,0.8992,101.0,0.8993,148.0
1753617253963,11:54:13.963,bitget,AERO/USDT:USDT,0.8987,155.0,0.8986,195.0,0.8992,101.0,0.8993,148.0
1753617254113,11:54:14.113,bitget,AERO/USDT:USDT,0.8987,155.0,0.8986,195.0,0.8992,101.0,0.8993,148.0
1753617254263,11:54:14.263,bitget,AERO/USDT:USDT,0.8987,155.0,0.8986,195.0,0.8992,101.0,0.8993,148.0
1753617254413,11:54:14.413,bitget,AERO/USDT:USDT,0.8987,155.0,0.8986,195.0,0.8992,101.0,0.8993,148.0
1753617254563,11:54:14.563,bitget,AERO/USDT:USDT,0.8987,155.0,0.8986,195.0,0.8992,101.0,0.8993,148.0
1753617254713,11:54:14.713,bitget,AERO/USDT:USDT,0.8987,155.0,0.8986,195.0,0.8992,101.0,0.8993,148.0
1753617254864,11:54:14.864,bitget,AERO/USDT:USDT,0.8987,155.0,0.8986,195.0,0.8992,101.0,0.8993,148.0
1753617255014,11:54:15.014,bitget,AERO/USDT:USDT,0.8987,155.0,0.8986,195.0,0.8992,101.0,0.8993,148.0
1753617255164,11:54:15.164,bitget,AERO/USDT:USDT,0.8987,155.0,0.8986,195.0,0.8992,101.0,0.8993,148.0
1753617255314,11:54:15.314,bitget,AERO/USDT:USDT,0.8987,155.0,0.8986,195.0,0.8992,101.0,0.8993,148.0
1753617255614,11:54:15.614,bitget,AERO/USDT:USDT,0.8988,85.0,0.8987,240.0,0.8992,101.0,0.8993,62.0
1753617255764,11:54:15.764,bitget,AERO/USDT:USDT,0.8989,101.0,0.8988,85.0,0.8992,101.0,0.8993,62.0
1753617255914,11:54:15.914,bitget,AERO/USDT:USDT,0.8989,101.0,0.8988,85.0,0.8992,101.0,0.8993,62.0
1753617256064,11:54:16.064,bitget,AERO/USDT:USDT,0.8989,101.0,0.8988,85.0,0.8992,101.0,0.8993,62.0
1753617256214,11:54:16.214,bitget,AERO/USDT:USDT,0.8989,101.0,0.8988,85.0,0.8992,101.0,0.8993,62.0
1753617256364,11:54:16.364,bitget,AERO/USDT:USDT,0.8989,101.0,0.8988,85.0,0.8992,101.0,0.8993,62.0
1753617256815,11:54:16.815,bitget,AERO/USDT:USDT,0.8989,101.0,0.8988,85.0,0.8992,101.0,0.8993,62.0
1753617256965,11:54:16.965,bitget,AERO/USDT:USDT,0.8989,101.0,0.8988,85.0,0.8992,101.0,0.8993,62.0
1753617257115,11:54:17.115,bitget,AERO/USDT:USDT,0.8989,101.0,0.8988,85.0,0.8992,101.0,0.8993,62.0
1753617257265,11:54:17.265,bitget,AERO/USDT:USDT,0.8989,101.0,0.8988,85.0,0.8992,101.0,0.8993,62.0
1753617257565,11:54:17.565,bitget,AERO/USDT:USDT,0.8989,101.0,0.8988,85.0,0.8992,101.0,0.8993,62.0
1753617257715,11:54:17.715,bitget,AERO/USDT:USDT,0.8989,101.0,0.8988,85.0,0.8992,101.0,0.8993,62.0
1753617258016,11:54:18.016,bitget,AERO/USDT:USDT,0.8989,101.0,0.8988,85.0,0.8992,101.0,0.8993,62.0
1753617258166,11:54:18.166,bitget,AERO/USDT:USDT,0.8989,101.0,0.8988,85.0,0.8992,101.0,0.8993,62.0
1753617258316,11:54:18.316,bitget,AERO/USDT:USDT,0.8989,101.0,0.8988,85.0,0.8992,101.0,0.8993,62.0
1753617258466,11:54:18.466,bitget,AERO/USDT:USDT,0.8989,101.0,0.8988,85.0,0.8992,101.0,0.8993,62.0
1753617258616,11:54:18.616,bitget,AERO/USDT:USDT,0.8989,101.0,0.8987,85.0,0.8992,101.0,0.8993,62.0
1753617258766,11:54:18.766,bitget,AERO/USDT:USDT,0.8989,101.0,0.8987,85.0,0.8992,101.0,0.8993,62.0
1753617258916,11:54:18.916,bitget,AERO/USDT:USDT,0.8989,101.0,0.8987,85.0,0.8992,101.0,0.8993,62.0
1753617259066,11:54:19.066,bitget,AERO/USDT:USDT,0.8989,101.0,0.8987,85.0,0.8992,101.0,0.8993,62.0
1753617259216,11:54:19.216,bitget,AERO/USDT:USDT,0.8989,101.0,0.8987,85.0,0.8992,101.0,0.8993,62.0
1753617259366,11:54:19.366,bitget,AERO/USDT:USDT,0.8989,101.0,0.8987,85.0,0.8992,101.0,0.8993,62.0
1753617259517,11:54:19.517,bitget,AERO/USDT:USDT,0.8989,101.0,0.8987,85.0,0.8992,101.0,0.8993,62.0
1753617259667,11:54:19.667,bitget,AERO/USDT:USDT,0.8989,101.0,0.8987,85.0,0.8992,101.0,0.8993,62.0
1753617259817,11:54:19.817,bitget,AERO/USDT:USDT,0.8989,101.0,0.8987,85.0,0.8992,101.0,0.8993,62.0
1753617259967,11:54:19.967,bitget,AERO/USDT:USDT,0.8989,101.0,0.8987,85.0,0.8992,101.0,0.8993,62.0
1753617260117,11:54:20.117,bitget,AERO/USDT:USDT,0.8989,101.0,0.8987,85.0,0.8992,101.0,0.8993,62.0
1753617260417,11:54:20.417,bitget,AERO/USDT:USDT,0.8989,101.0,0.8987,85.0,0.8992,101.0,0.8993,62.0
1753617260567,11:54:20.567,bitget,AERO/USDT:USDT,0.8989,101.0,0.8987,85.0,0.8992,101.0,0.8993,62.0
1753617260717,11:54:20.717,bitget,AERO/USDT:USDT,0.8989,101.0,0.8987,85.0,0.8992,101.0,0.8993,62.0
1753617260867,11:54:20.867,bitget,AERO/USDT:USDT,0.8989,101.0,0.8987,85.0,0.8992,101.0,0.8993,62.0
1753617261017,11:54:21.017,bitget,AERO/USDT:USDT,0.8989,101.0,0.8987,85.0,0.8992,101.0,0.8993,62.0
1753617261168,11:54:21.168,bitget,AERO/USDT:USDT,0.8989,101.0,0.8987,85.0,0.8992,101.0,0.8993,62.0
1753617261318,11:54:21.318,bitget,AERO/USDT:USDT,0.8989,101.0,0.8987,85.0,0.8992,101.0,0.8993,62.0
1753617261469,11:54:21.469,bitget,AERO/USDT:USDT,0.8989,101.0,0.8987,85.0,0.8992,101.0,0.8993,62.0
1753617261619,11:54:21.619,bitget,AERO/USDT:USDT,0.8989,101.0,0.8988,470.0,0.8992,101.0,0.8993,62.0
1753617261769,11:54:21.769,bitget,AERO/USDT:USDT,0.8989,101.0,0.8988,470.0,0.8992,101.0,0.8993,62.0
1753617261919,11:54:21.919,bitget,AERO/USDT:USDT,0.8989,101.0,0.8988,470.0,0.8992,101.0,0.8993,62.0
1753617262069,11:54:22.069,bitget,AERO/USDT:USDT,0.8989,101.0,0.8988,470.0,0.8992,101.0,0.8993,62.0
1753617262219,11:54:22.219,bitget,AERO/USDT:USDT,0.8989,101.0,0.8988,470.0,0.8992,101.0,0.8993,62.0
1753617262369,11:54:22.369,bitget,AERO/USDT:USDT,0.8989,101.0,0.8988,470.0,0.8992,101.0,0.8993,62.0
1753617262519,11:54:22.519,bitget,AERO/USDT:USDT,0.8989,101.0,0.8988,470.0,0.8992,101.0,0.8993,62.0
1753617262670,11:54:22.670,bitget,AERO/USDT:USDT,0.8989,101.0,0.8988,470.0,0.8992,101.0,0.8993,62.0
1753617262820,11:54:22.820,bitget,AERO/USDT:USDT,0.8989,101.0,0.8988,470.0,0.8992,101.0,0.8993,62.0
1753617262970,11:54:22.970,bitget,AERO/USDT:USDT,0.8989,101.0,0.8988,470.0,0.8992,101.0,0.8993,62.0
1753617263120,11:54:23.120,bitget,AERO/USDT:USDT,0.8989,101.0,0.8988,470.0,0.8992,101.0,0.8993,62.0
1753617263270,11:54:23.270,bitget,AERO/USDT:USDT,0.8989,101.0,0.8988,470.0,0.8992,101.0,0.8993,62.0
1753617263420,11:54:23.420,bitget,AERO/USDT:USDT,0.8989,101.0,0.8988,470.0,0.8992,101.0,0.8993,62.0
1753617263720,11:54:23.720,bitget,AERO/USDT:USDT,0.8989,101.0,0.8988,470.0,0.8992,101.0,0.8993,62.0
1753617263871,11:54:23.871,bitget,AERO/USDT:USDT,0.8989,101.0,0.8988,470.0,0.8992,101.0,0.8993,62.0
1753617264021,11:54:24.021,bitget,AERO/USDT:USDT,0.8989,101.0,0.8988,470.0,0.8992,101.0,0.8993,62.0
1753617264171,11:54:24.171,bitget,AERO/USDT:USDT,0.8989,101.0,0.8988,470.0,0.8992,101.0,0.8993,62.0
1753617264321,11:54:24.321,bitget,AERO/USDT:USDT,0.8989,101.0,0.8988,470.0,0.8992,101.0,0.8993,62.0
1753617264471,11:54:24.471,bitget,AERO/USDT:USDT,0.8989,101.0,0.8988,470.0,0.8992,101.0,0.8993,62.0
1753617264621,11:54:24.621,bitget,AERO/USDT:USDT,0.8989,101.0,0.8988,470.0,0.8992,101.0,0.8993,62.0
1753617264771,11:54:24.771,bitget,AERO/USDT:USDT,0.8989,101.0,0.8988,470.0,0.8992,101.0,0.8993,62.0
1753617264921,11:54:24.921,bitget,AERO/USDT:USDT,0.8989,101.0,0.8988,470.0,0.8992,101.0,0.8993,62.0
1753617265071,11:54:25.071,bitget,AERO/USDT:USDT,0.8989,101.0,0.8988,470.0,0.8992,101.0,0.8993,62.0
1753617265221,11:54:25.221,bitget,AERO/USDT:USDT,0.8989,101.0,0.8988,470.0,0.8992,101.0,0.8993,62.0
1753617265371,11:54:25.371,bitget,AERO/USDT:USDT,0.8989,101.0,0.8988,470.0,0.8992,101.0,0.8993,62.0
1753617265671,11:54:25.671,bitget,AERO/USDT:USDT,0.8989,101.0,0.8988,470.0,0.8992,101.0,0.8993,62.0
1753617265822,11:54:25.822,bitget,AERO/USDT:USDT,0.8989,101.0,0.8988,470.0,0.8992,101.0,0.8993,62.0
1753617266122,11:54:26.122,bitget,AERO/USDT:USDT,0.8989,101.0,0.8988,470.0,0.8992,101.0,0.8993,62.0
1753617266572,11:54:26.572,bitget,AERO/USDT:USDT,0.8989,101.0,0.8988,470.0,0.8992,101.0,0.8993,62.0
1753617266872,11:54:26.872,bitget,AERO/USDT:USDT,0.8989,101.0,0.8988,470.0,0.8992,101.0,0.8993,62.0
1753617267172,11:54:27.172,bitget,AERO/USDT:USDT,0.8989,101.0,0.8988,470.0,0.8992,101.0,0.8993,62.0
1753617267322,11:54:27.322,bitget,AERO/USDT:USDT,0.8989,101.0,0.8988,470.0,0.8992,101.0,0.8993,62.0
1753617267473,11:54:27.473,bitget,AERO/USDT:USDT,0.8989,101.0,0.8988,470.0,0.8992,101.0,0.8993,62.0
1753617267623,11:54:27.623,bitget,AERO/USDT:USDT,0.8989,101.0,0.8988,470.0,0.8992,101.0,0.8993,62.0
1753617267773,11:54:27.773,bitget,AERO/USDT:USDT,0.8989,101.0,0.8988,470.0,0.8992,101.0,0.8993,62.0
1753617267923,11:54:27.923,bitget,AERO/USDT:USDT,0.8989,101.0,0.8988,470.0,0.8992,101.0,0.8993,62.0
1753617268073,11:54:28.073,bitget,AERO/USDT:USDT,0.8989,101.0,0.8988,470.0,0.8992,101.0,0.8993,62.0
1753617268223,11:54:28.223,bitget,AERO/USDT:USDT,0.8989,101.0,0.8988,470.0,0.8992,101.0,0.8993,62.0
1753617268373,11:54:28.373,bitget,AERO/USDT:USDT,0.8989,101.0,0.8988,470.0,0.8992,101.0,0.8993,62.0
1753617268523,11:54:28.523,bitget,AERO/USDT:USDT,0.8989,101.0,0.8988,470.0,0.8992,101.0,0.8993,62.0
1753617268673,11:54:28.673,bitget,AERO/USDT:USDT,0.8989,101.0,0.8988,470.0,0.8992,101.0,0.8993,62.0
1753617268823,11:54:28.823,bitget,AERO/USDT:USDT,0.8989,101.0,0.8988,470.0,0.8992,101.0,0.8993,62.0
1753617268974,11:54:28.974,bitget,AERO/USDT:USDT,0.8989,101.0,0.8988,470.0,0.8992,101.0,0.8993,62.0
1753617269124,11:54:29.124,bitget,AERO/USDT:USDT,0.8989,101.0,0.8988,470.0,0.8992,101.0,0.8993,62.0
1753617269424,11:54:29.424,bitget,AERO/USDT:USDT,0.8989,101.0,0.8988,470.0,0.8992,101.0,0.8993,62.0
1753617269574,11:54:29.574,bitget,AERO/USDT:USDT,0.8989,101.0,0.8988,470.0,0.8992,101.0,0.8993,62.0
1753617269724,11:54:29.724,bitget,AERO/USDT:USDT,0.8989,101.0,0.8988,470.0,0.8992,101.0,0.8993,62.0
1753617270024,11:54:30.024,bitget,AERO/USDT:USDT,0.8989,101.0,0.8988,470.0,0.8992,101.0,0.8993,62.0
1753617270174,11:54:30.174,bitget,AERO/USDT:USDT,0.8989,101.0,0.8988,470.0,0.8992,101.0,0.8993,62.0
1753617270324,11:54:30.324,bitget,AERO/USDT:USDT,0.8989,101.0,0.8988,470.0,0.8992,101.0,0.8993,62.0
1753617270474,11:54:30.474,bitget,AERO/USDT:USDT,0.8989,101.0,0.8988,470.0,0.8992,101.0,0.8993,62.0
1753617270625,11:54:30.625,bitget,AERO/USDT:USDT,0.8989,101.0,0.8988,470.0,0.8992,101.0,0.8993,62.0
1753617270775,11:54:30.775,bitget,AERO/USDT:USDT,0.8989,101.0,0.8988,470.0,0.8992,101.0,0.8993,62.0
1753617270925,11:54:30.925,bitget,AERO/USDT:USDT,0.8989,101.0,0.8988,470.0,0.8992,101.0,0.8993,62.0
1753617271075,11:54:31.075,bitget,AERO/USDT:USDT,0.8989,101.0,0.8988,470.0,0.8992,101.0,0.8993,62.0
1753617271225,11:54:31.225,bitget,AERO/USDT:USDT,0.8989,101.0,0.8988,470.0,0.8992,101.0,0.8993,62.0
1753617271375,11:54:31.375,bitget,AERO/USDT:USDT,0.8989,101.0,0.8988,470.0,0.8992,101.0,0.8993,62.0
1753617271525,11:54:31.525,bitget,AERO/USDT:USDT,0.8989,101.0,0.8988,470.0,0.8992,101.0,0.8993,62.0
1753617271675,11:54:31.675,bitget,AERO/USDT:USDT,0.8987,470.0,0.8986,146.0,0.8992,101.0,0.8993,62.0
1753617271825,11:54:31.825,bitget,AERO/USDT:USDT,0.8987,470.0,0.8986,146.0,0.8992,101.0,0.8993,62.0
1753617271975,11:54:31.975,bitget,AERO/USDT:USDT,0.8987,470.0,0.8986,146.0,0.8992,101.0,0.8993,62.0
1753617272126,11:54:32.126,bitget,AERO/USDT:USDT,0.8988,101.0,0.8987,532.0,0.8992,101.0,0.8993,62.0
1753617272276,11:54:32.276,bitget,AERO/USDT:USDT,0.8988,101.0,0.8987,532.0,0.8992,101.0,0.8993,62.0
1753617272426,11:54:32.426,bitget,AERO/USDT:USDT,0.8988,101.0,0.8987,532.0,0.8992,101.0,0.8993,62.0
1753617272576,11:54:32.576,bitget,AERO/USDT:USDT,0.8988,101.0,0.8987,532.0,0.8992,101.0,0.8993,62.0
1753617272726,11:54:32.726,bitget,AERO/USDT:USDT,0.8988,101.0,0.8987,532.0,0.8992,101.0,0.8993,62.0
1753617272876,11:54:32.876,bitget,AERO/USDT:USDT,0.8988,101.0,0.8987,532.0,0.8992,101.0,0.8993,62.0
1753617273176,11:54:33.176,bitget,AERO/USDT:USDT,0.8988,101.0,0.8987,532.0,0.8992,101.0,0.8993,62.0
1753617273326,11:54:33.326,bitget,AERO/USDT:USDT,0.8988,101.0,0.8987,532.0,0.8992,101.0,0.8993,62.0
1753617273476,11:54:33.476,bitget,AERO/USDT:USDT,0.8988,101.0,0.8987,532.0,0.8992,185.0,0.8993,62.0
1753617273626,11:54:33.626,bitget,AERO/USDT:USDT,0.8988,101.0,0.8987,532.0,0.8992,185.0,0.8993,62.0
1753617273776,11:54:33.776,bitget,AERO/USDT:USDT,0.8984,581.0,0.8983,4877.0,0.8992,185.0,0.8993,62.0
1753617274227,11:54:34.227,bitget,AERO/USDT:USDT,0.8985,101.0,0.8984,1680.0,0.8992,185.0,0.8993,62.0
1753617274377,11:54:34.377,bitget,AERO/USDT:USDT,0.8985,657.0,0.8984,1680.0,0.8992,185.0,0.8993,62.0
1753617274527,11:54:34.527,bitget,AERO/USDT:USDT,0.8985,657.0,0.8984,1680.0,0.8992,185.0,0.8993,62.0
1753617274677,11:54:34.677,bitget,AERO/USDT:USDT,0.8985,657.0,0.8984,1680.0,0.8992,185.0,0.8993,62.0
1753617274827,11:54:34.827,bitget,AERO/USDT:USDT,0.8985,657.0,0.8984,1680.0,0.8992,185.0,0.8993,62.0
1753617274977,11:54:34.977,bitget,AERO/USDT:USDT,0.8985,657.0,0.8984,1680.0,0.8992,185.0,0.8993,62.0
1753617275127,11:54:35.127,bitget,AERO/USDT:USDT,0.8985,657.0,0.8984,1680.0,0.8992,185.0,0.8993,62.0
1753617275277,11:54:35.277,bitget,AERO/USDT:USDT,0.8985,657.0,0.8984,1680.0,0.8992,185.0,0.8993,62.0
1753617275428,11:54:35.428,bitget,AERO/USDT:USDT,0.8985,101.0,0.8984,581.0,0.8992,185.0,0.8993,62.0
1753617275578,11:54:35.578,bitget,AERO/USDT:USDT,0.8985,656.0,0.8984,1210.0,0.8992,185.0,0.8993,62.0
1753617275728,11:54:35.728,bitget,AERO/USDT:USDT,0.8985,656.0,0.8984,1210.0,0.8992,185.0,0.8993,62.0
1753617275878,11:54:35.878,bitget,AERO/USDT:USDT,0.8985,656.0,0.8984,1210.0,0.8992,185.0,0.8993,62.0
1753617276028,11:54:36.028,bitget,AERO/USDT:USDT,0.8985,656.0,0.8984,1210.0,0.8992,185.0,0.8993,62.0
1753617276328,11:54:36.328,bitget,AERO/USDT:USDT,0.8985,656.0,0.8984,1210.0,0.8992,185.0,0.8993,62.0
1753617276478,11:54:36.478,bitget,AERO/USDT:USDT,0.8985,656.0,0.8984,1210.0,0.8992,185.0,0.8993,62.0
1753617276628,11:54:36.628,bitget,AERO/USDT:USDT,0.8985,656.0,0.8984,1210.0,0.8992,185.0,0.8993,62.0
1753617276778,11:54:36.778,bitget,AERO/USDT:USDT,0.8985,656.0,0.8984,1210.0,0.8992,185.0,0.8993,62.0
1753617276928,11:54:36.928,bitget,AERO/USDT:USDT,0.8985,656.0,0.8984,1210.0,0.8992,185.0,0.8993,62.0
1753617277078,11:54:37.078,bitget,AERO/USDT:USDT,0.8985,656.0,0.8984,1210.0,0.8992,185.0,0.8993,62.0
1753617277229,11:54:37.229,bitget,AERO/USDT:USDT,0.8985,656.0,0.8984,1210.0,0.8992,185.0,0.8993,62.0
1753617277379,11:54:37.379,bitget,AERO/USDT:USDT,0.8985,656.0,0.8984,1210.0,0.8992,185.0,0.8993,62.0
1753617277529,11:54:37.529,bitget,AERO/USDT:USDT,0.8985,656.0,0.8984,1210.0,0.8992,185.0,0.8993,62.0
1753617277679,11:54:37.679,bitget,AERO/USDT:USDT,0.8985,656.0,0.8984,1210.0,0.8992,185.0,0.8993,62.0
1753617277829,11:54:37.829,bitget,AERO/USDT:USDT,0.8985,656.0,0.8984,1210.0,0.8992,185.0,0.8993,62.0
1753617278279,11:54:38.279,bitget,AERO/USDT:USDT,0.8985,656.0,0.8984,111.0,0.8992,185.0,0.8993,62.0
1753617278579,11:54:38.579,bitget,AERO/USDT:USDT,0.8985,656.0,0.8984,111.0,0.899,101.0,0.8991,85.0
1753617278880,11:54:38.880,bitget,AERO/USDT:USDT,0.8985,656.0,0.8984,111.0,0.899,101.0,0.8991,85.0
1753617279030,11:54:39.030,bitget,AERO/USDT:USDT,0.8985,149.0,0.8984,111.0,0.899,161.0,0.8991,145.0
1753617279180,11:54:39.180,bitget,AERO/USDT:USDT,0.8985,101.0,0.8984,111.0,0.899,161.0,0.8991,145.0
1753617279330,11:54:39.330,bitget,AERO/USDT:USDT,0.8985,299.0,0.8984,196.0,0.899,161.0,0.8991,145.0
1753617279480,11:54:39.480,bitget,AERO/USDT:USDT,0.8985,384.0,0.8984,256.0,0.899,101.0,0.8991,85.0
1753617279630,11:54:39.630,bitget,AERO/USDT:USDT,0.8985,384.0,0.8984,256.0,0.899,101.0,0.8991,85.0
1753617279780,11:54:39.780,bitget,AERO/USDT:USDT,0.8985,384.0,0.8984,256.0,0.899,101.0,0.8991,85.0
1753617279930,11:54:39.930,bitget,AERO/USDT:USDT,0.8985,384.0,0.8984,1355.0,0.899,101.0,0.8991,85.0
1753617280080,11:54:40.080,bitget,AERO/USDT:USDT,0.8985,384.0,0.8984,256.0,0.899,101.0,0.8991,85.0
1753617280231,11:54:40.231,bitget,AERO/USDT:USDT,0.8985,384.0,0.8984,256.0,0.899,101.0,0.8991,85.0
1753617280381,11:54:40.381,bitget,AERO/USDT:USDT,0.8985,384.0,0.8984,1355.0,0.899,101.0,0.8992,84.0
1753617280531,11:54:40.531,bitget,AERO/USDT:USDT,0.8985,384.0,0.8984,1355.0,0.899,101.0,0.8992,84.0
1753617280681,11:54:40.681,bitget,AERO/USDT:USDT,0.8985,384.0,0.8984,1355.0,0.899,101.0,0.8992,84.0
1753617280831,11:54:40.831,bitget,AERO/USDT:USDT,0.8985,384.0,0.8984,1355.0,0.899,101.0,0.8992,84.0
1753617280981,11:54:40.981,bitget,AERO/USDT:USDT,0.8985,384.0,0.8984,1355.0,0.899,101.0,0.8992,84.0
1753617281131,11:54:41.131,bitget,AERO/USDT:USDT,0.8985,384.0,0.8984,1355.0,0.899,101.0,0.8992,84.0
1753617281281,11:54:41.281,bitget,AERO/USDT:USDT,0.8985,384.0,0.8984,1355.0,0.899,101.0,0.8992,84.0
1753617281431,11:54:41.431,bitget,AERO/USDT:USDT,0.8985,384.0,0.8984,256.0,0.899,101.0,0.8992,84.0
1753617281581,11:54:41.581,bitget,AERO/USDT:USDT,0.8985,384.0,0.8984,256.0,0.899,101.0,0.8992,84.0
1753617281732,11:54:41.732,bitget,AERO/USDT:USDT,0.8985,384.0,0.8984,256.0,0.899,101.0,0.8992,84.0
1753617281882,11:54:41.882,bitget,AERO/USDT:USDT,0.8985,384.0,0.8984,256.0,0.899,101.0,0.8992,84.0
1753617282032,11:54:42.032,bitget,AERO/USDT:USDT,0.8985,384.0,0.8984,1355.0,0.899,101.0,0.8992,84.0
1753617282182,11:54:42.182,bitget,AERO/USDT:USDT,0.8985,384.0,0.8984,1355.0,0.899,101.0,0.8992,84.0
1753617282332,11:54:42.332,bitget,AERO/USDT:USDT,0.8985,186.0,0.8984,1355.0,0.899,161.0,0.8991,60.0
1753617282482,11:54:42.482,bitget,AERO/USDT:USDT,0.8985,186.0,0.8984,256.0,0.899,161.0,0.8991,60.0
1753617282632,11:54:42.632,bitget,AERO/USDT:USDT,0.8985,186.0,0.8984,196.0,0.899,161.0,0.8991,60.0
1753617282932,11:54:42.932,bitget,AERO/USDT:USDT,0.8985,186.0,0.8984,196.0,0.899,161.0,0.8991,60.0
1753617283082,11:54:43.082,bitget,AERO/USDT:USDT,0.8985,186.0,0.8984,196.0,0.899,161.0,0.8991,60.0
1753617283383,11:54:43.383,bitget,AERO/USDT:USDT,0.8985,186.0,0.8984,196.0,0.899,161.0,0.8991,60.0
1753617283533,11:54:43.533,bitget,AERO/USDT:USDT,0.8985,186.0,0.8984,196.0,0.899,161.0,0.8991,60.0
1753617283683,11:54:43.683,bitget,AERO/USDT:USDT,0.8985,186.0,0.8984,196.0,0.899,161.0,0.8991,60.0
1753617283833,11:54:43.833,bitget,AERO/USDT:USDT,0.8985,186.0,0.8984,196.0,0.899,161.0,0.8991,60.0
1753617283983,11:54:43.983,bitget,AERO/USDT:USDT,0.8985,186.0,0.8984,196.0,0.899,161.0,0.8991,60.0
1753617284283,11:54:44.283,bitget,AERO/USDT:USDT,0.8985,186.0,0.8984,196.0,0.899,161.0,0.8991,60.0
1753617284433,11:54:44.433,bitget,AERO/USDT:USDT,0.8985,656.0,0.8984,1295.0,0.899,161.0,0.8991,60.0
1753617284583,11:54:44.583,bitget,AERO/USDT:USDT,0.8985,186.0,0.8984,1765.0,0.899,161.0,0.8991,60.0
1753617284733,11:54:44.733,bitget,AERO/USDT:USDT,0.8985,186.0,0.8984,1765.0,0.899,161.0,0.8991,60.0
1753617284883,11:54:44.883,bitget,AERO/USDT:USDT,0.8985,186.0,0.8984,1765.0,0.899,161.0,0.8991,60.0
1753617285034,11:54:45.034,bitget,AERO/USDT:USDT,0.8985,186.0,0.8984,1765.0,0.899,161.0,0.8991,60.0
1753617285184,11:54:45.184,bitget,AERO/USDT:USDT,0.8985,186.0,0.8984,1654.0,0.899,161.0,0.8991,60.0
1753617285484,11:54:45.484,bitget,AERO/USDT:USDT,0.8985,186.0,0.8984,1654.0,0.899,161.0,0.8991,60.0
1753617285634,11:54:45.634,bitget,AERO/USDT:USDT,0.8985,186.0,0.8984,555.0,0.899,161.0,0.8991,60.0
1753617285934,11:54:45.934,bitget,AERO/USDT:USDT,0.8985,186.0,0.8984,555.0,0.899,161.0,0.8991,60.0
1753617286084,11:54:46.084,bitget,AERO/USDT:USDT,0.8985,186.0,0.8984,555.0,0.899,161.0,0.8991,60.0
1753617286234,11:54:46.234,bitget,AERO/USDT:USDT,0.8985,186.0,0.8984,555.0,0.899,161.0,0.8991,60.0
1753617286384,11:54:46.384,bitget,AERO/USDT:USDT,0.8985,186.0,0.8984,666.0,0.899,161.0,0.8991,60.0
1753617286535,11:54:46.535,bitget,AERO/USDT:USDT,0.8985,186.0,0.8984,666.0,0.899,161.0,0.8991,60.0
1753617286685,11:54:46.685,bitget,AERO/USDT:USDT,0.8985,186.0,0.8984,666.0,0.899,161.0,0.8991,147.0
1753617286835,11:54:46.835,bitget,AERO/USDT:USDT,0.8985,186.0,0.8984,666.0,0.899,161.0,0.8991,147.0
1753617286985,11:54:46.985,bitget,AERO/USDT:USDT,0.8985,186.0,0.8984,666.0,0.899,161.0,0.8991,147.0
1753617287135,11:54:47.135,bitget,AERO/USDT:USDT,0.8985,186.0,0.8984,666.0,0.899,161.0,0.8991,147.0
1753617287285,11:54:47.285,bitget,AERO/USDT:USDT,0.8985,186.0,0.8984,666.0,0.899,161.0,0.8991,147.0
1753617287435,11:54:47.435,bitget,AERO/USDT:USDT,0.8985,186.0,0.8984,666.0,0.899,161.0,0.8991,147.0
1753617287585,11:54:47.585,bitget,AERO/USDT:USDT,0.8985,186.0,0.8984,666.0,0.899,161.0,0.8991,147.0
1753617287735,11:54:47.735,bitget,AERO/USDT:USDT,0.8985,186.0,0.8984,666.0,0.899,161.0,0.8991,147.0
1753617287885,11:54:47.885,bitget,AERO/USDT:USDT,0.8985,186.0,0.8984,666.0,0.899,161.0,0.8991,147.0
1753617288035,11:54:48.035,bitget,AERO/USDT:USDT,0.8985,101.0,0.8984,666.0,0.899,161.0,0.8991,147.0
1753617288186,11:54:48.186,bitget,AERO/USDT:USDT,0.8985,101.0,0.8984,1765.0,0.899,161.0,0.8991,147.0
1753617288336,11:54:48.336,bitget,AERO/USDT:USDT,0.8985,101.0,0.8984,1765.0,0.899,161.0,0.8991,147.0
1753617288486,11:54:48.486,bitget,AERO/USDT:USDT,0.8985,101.0,0.8984,1765.0,0.899,161.0,0.8991,147.0
1753617288636,11:54:48.636,bitget,AERO/USDT:USDT,0.8985,101.0,0.8984,1765.0,0.899,161.0,0.8991,147.0
1753617288786,11:54:48.786,bitget,AERO/USDT:USDT,0.8985,101.0,0.8984,1765.0,0.899,161.0,0.8991,147.0
1753617288936,11:54:48.936,bitget,AERO/USDT:USDT,0.8985,101.0,0.8984,1765.0,0.899,161.0,0.8991,147.0
1753617289236,11:54:49.236,bitget,AERO/USDT:USDT,0.8985,101.0,0.8984,1765.0,0.899,161.0,0.8991,147.0
1753617289386,11:54:49.386,bitget,AERO/USDT:USDT,0.8985,101.0,0.8984,1765.0,0.899,161.0,0.8991,147.0
1753617289686,11:54:49.686,bitget,AERO/USDT:USDT,0.8985,101.0,0.8984,1765.0,0.899,161.0,0.8991,147.0
1753617289837,11:54:49.837,bitget,AERO/USDT:USDT,0.8985,299.0,0.8984,1712.0,0.899,101.0,0.8992,85.0
1753617289987,11:54:49.987,bitget,AERO/USDT:USDT,0.8985,299.0,0.8984,1712.0,0.899,101.0,0.8992,85.0
1753617290137,11:54:50.137,bitget,AERO/USDT:USDT,0.8985,402.0,0.8984,1712.0,0.899,101.0,0.8992,85.0
1753617290437,11:54:50.437,bitget,AERO/USDT:USDT,0.8986,87.0,0.8985,402.0,0.899,101.0,0.8993,940.0
1753617290587,11:54:50.587,bitget,AERO/USDT:USDT,0.8987,101.0,0.8986,87.0,0.899,101.0,0.8993,940.0
1753617290737,11:54:50.737,bitget,AERO/USDT:USDT,0.8987,101.0,0.8986,557.0,0.899,101.0,0.8993,940.0
1753617290887,11:54:50.887,bitget,AERO/USDT:USDT,0.8987,101.0,0.8986,557.0,0.899,101.0,0.8993,940.0
1753617291037,11:54:51.037,bitget,AERO/USDT:USDT,0.8987,101.0,0.8986,557.0,0.899,101.0,0.8993,940.0
1753617291187,11:54:51.187,bitget,AERO/USDT:USDT,0.8987,101.0,0.8986,557.0,0.899,101.0,0.8993,940.0
1753617291338,11:54:51.338,bitget,AERO/USDT:USDT,0.8987,101.0,0.8986,557.0,0.899,101.0,0.8992,1099.0
1753617291638,11:54:51.638,bitget,AERO/USDT:USDT,0.8987,101.0,0.8986,557.0,0.899,101.0,0.8993,940.0
1753617291788,11:54:51.788,bitget,AERO/USDT:USDT,0.8987,101.0,0.8986,557.0,0.899,101.0,0.8993,940.0
1753617291938,11:54:51.938,bitget,AERO/USDT:USDT,0.8987,101.0,0.8986,557.0,0.899,101.0,0.8993,940.0
1753617292088,11:54:52.088,bitget,AERO/USDT:USDT,0.8987,101.0,0.8986,557.0,0.899,101.0,0.8993,940.0
1753617292238,11:54:52.238,bitget,AERO/USDT:USDT,0.8987,101.0,0.8986,557.0,0.899,101.0,0.8993,940.0
1753617292388,11:54:52.388,bitget,AERO/USDT:USDT,0.8987,101.0,0.8986,557.0,0.899,101.0,0.8993,940.0
1753617292538,11:54:52.538,bitget,AERO/USDT:USDT,0.8987,101.0,0.8986,557.0,0.899,101.0,0.8992,60.0
1753617292688,11:54:52.688,bitget,AERO/USDT:USDT,0.8987,101.0,0.8986,557.0,0.899,101.0,0.8992,1159.0
1753617292839,11:54:52.839,bitget,AERO/USDT:USDT,0.8987,101.0,0.8986,557.0,0.899,101.0,0.8992,1159.0
1753617292989,11:54:52.989,bitget,AERO/USDT:USDT,0.8987,101.0,0.8986,557.0,0.899,101.0,0.8992,1159.0
1753617293139,11:54:53.139,bitget,AERO/USDT:USDT,0.8987,101.0,0.8986,557.0,0.899,101.0,0.8992,1159.0
1753617293289,11:54:53.289,bitget,AERO/USDT:USDT,0.8987,101.0,0.8986,557.0,0.899,101.0,0.8992,1159.0
1753617293439,11:54:53.439,bitget,AERO/USDT:USDT,0.8987,101.0,0.8986,557.0,0.899,101.0,0.8992,1159.0
1753617293589,11:54:53.589,bitget,AERO/USDT:USDT,0.8987,101.0,0.8986,557.0,0.899,101.0,0.8992,1159.0
1753617293889,11:54:53.889,bitget,AERO/USDT:USDT,0.8987,101.0,0.8986,557.0,0.899,101.0,0.8992,1159.0
1753617294039,11:54:54.039,bitget,AERO/USDT:USDT,0.8987,101.0,0.8986,557.0,0.899,101.0,0.8992,1159.0
1753617294189,11:54:54.189,bitget,AERO/USDT:USDT,0.8987,101.0,0.8986,557.0,0.899,101.0,0.8992,1159.0
1753617294340,11:54:54.340,bitget,AERO/USDT:USDT,0.8987,101.0,0.8986,557.0,0.899,101.0,0.8992,1159.0
1753617294490,11:54:54.490,bitget,AERO/USDT:USDT,0.8987,101.0,0.8986,557.0,0.899,101.0,0.8992,1159.0
1753617294790,11:54:54.790,bitget,AERO/USDT:USDT,0.8987,101.0,0.8985,557.0,0.899,101.0,0.8992,1159.0
1753617294940,11:54:54.940,bitget,AERO/USDT:USDT,0.8987,101.0,0.8985,557.0,0.899,101.0,0.8992,1159.0
1753617295240,11:54:55.240,bitget,AERO/USDT:USDT,0.8987,101.0,0.8985,557.0,0.899,101.0,0.8992,1159.0
1753617295540,11:54:55.540,bitget,AERO/USDT:USDT,0.8985,470.0,0.8984,1353.0,0.899,101.0,0.8992,60.0
1753617295690,11:54:55.690,bitget,AERO/USDT:USDT,0.8985,470.0,0.8984,1353.0,0.899,101.0,0.8992,1159.0
1753617295841,11:54:55.841,bitget,AERO/USDT:USDT,0.8985,470.0,0.8984,1353.0,0.899,101.0,0.8992,60.0
1753617295991,11:54:55.991,bitget,AERO/USDT:USDT,0.8986,101.0,0.8985,470.0,0.899,101.0,0.8992,1159.0
1753617296141,11:54:56.141,bitget,AERO/USDT:USDT,0.8986,101.0,0.8985,470.0,0.899,101.0,0.8992,1159.0
1753617296291,11:54:56.291,bitget,AERO/USDT:USDT,0.8986,101.0,0.8985,470.0,0.899,101.0,0.8992,1159.0
1753617296441,11:54:56.441,bitget,AERO/USDT:USDT,0.8986,101.0,0.8985,470.0,0.899,101.0,0.8992,1159.0
1753617296591,11:54:56.591,bitget,AERO/USDT:USDT,0.8986,101.0,0.8985,470.0,0.899,101.0,0.8992,1159.0
1753617296741,11:54:56.741,bitget,AERO/USDT:USDT,0.8986,101.0,0.8985,470.0,0.899,101.0,0.8992,1159.0
1753617296891,11:54:56.891,bitget,AERO/USDT:USDT,0.8986,101.0,0.8985,470.0,0.899,101.0,0.8992,1159.0
1753617297041,11:54:57.041,bitget,AERO/USDT:USDT,0.8986,101.0,0.8985,470.0,0.899,101.0,0.8992,1159.0
1753617297191,11:54:57.191,bitget,AERO/USDT:USDT,0.8986,101.0,0.8985,470.0,0.899,101.0,0.8992,1159.0
1753617297341,11:54:57.341,bitget,AERO/USDT:USDT,0.8986,101.0,0.8985,470.0,0.899,101.0,0.8992,1159.0
1753617297642,11:54:57.642,bitget,AERO/USDT:USDT,0.8986,101.0,0.8985,470.0,0.899,101.0,0.8992,1159.0
1753617297792,11:54:57.792,bitget,AERO/USDT:USDT,0.8986,101.0,0.8985,470.0,0.899,101.0,0.8992,1159.0
1753617297942,11:54:57.942,bitget,AERO/USDT:USDT,0.8986,101.0,0.8985,470.0,0.899,101.0,0.8992,1159.0
1753617298092,11:54:58.092,bitget,AERO/USDT:USDT,0.8986,101.0,0.8985,470.0,0.899,101.0,0.8992,1159.0
1753617298242,11:54:58.242,bitget,AERO/USDT:USDT,0.8986,101.0,0.8985,470.0,0.899,101.0,0.8992,1159.0
1753617298392,11:54:58.392,bitget,AERO/USDT:USDT,0.8986,101.0,0.8985,470.0,0.899,101.0,0.8992,1159.0
1753617298542,11:54:58.542,bitget,AERO/USDT:USDT,0.8986,101.0,0.8985,470.0,0.899,101.0,0.8992,1159.0
1753617298842,11:54:58.842,bitget,AERO/USDT:USDT,0.8986,101.0,0.8985,470.0,0.899,101.0,0.8992,1159.0
1753617298992,11:54:58.992,bitget,AERO/USDT:USDT,0.8986,101.0,0.8985,470.0,0.899,101.0,0.8992,1159.0
1753617299142,11:54:59.142,bitget,AERO/USDT:USDT,0.8986,101.0,0.8985,470.0,0.899,101.0,0.8992,1159.0
1753617299293,11:54:59.293,bitget,AERO/USDT:USDT,0.8986,101.0,0.8985,470.0,0.899,101.0,0.8992,1159.0
1753617299443,11:54:59.443,bitget,AERO/USDT:USDT,0.8986,101.0,0.8985,470.0,0.899,101.0,0.8992,1159.0
1753617299593,11:54:59.593,bitget,AERO/USDT:USDT,0.8986,101.0,0.8985,470.0,0.899,101.0,0.8992,1159.0
1753617299743,11:54:59.743,bitget,AERO/USDT:USDT,0.8986,101.0,0.8985,470.0,0.899,101.0,0.8992,1159.0
1753617299893,11:54:59.893,bitget,AERO/USDT:USDT,0.8986,101.0,0.8985,470.0,0.899,101.0,0.8992,1159.0
1753617300343,11:55:00.343,bitget,AERO/USDT:USDT,0.8986,101.0,0.8985,470.0,0.899,101.0,0.8992,1159.0
1753617300494,11:55:00.494,bitget,AERO/USDT:USDT,0.8986,101.0,0.8985,470.0,0.899,101.0,0.8992,1159.0
1753617300644,11:55:00.644,bitget,AERO/USDT:USDT,0.8986,101.0,0.8985,470.0,0.899,101.0,0.8992,1159.0
1753617300794,11:55:00.794,bitget,AERO/USDT:USDT,0.8986,101.0,0.8985,470.0,0.899,101.0,0.8992,1159.0
1753617300944,11:55:00.944,bitget,AERO/USDT:USDT,0.8986,101.0,0.8985,470.0,0.899,101.0,0.8992,1159.0
1753617301094,11:55:01.094,bitget,AERO/USDT:USDT,0.8986,101.0,0.8985,470.0,0.899,186.0,0.8992,1159.0
1753617301244,11:55:01.244,bitget,AERO/USDT:USDT,0.8986,101.0,0.8985,470.0,0.899,186.0,0.8992,1159.0
1753617301394,11:55:01.394,bitget,AERO/USDT:USDT,0.8986,101.0,0.8985,470.0,0.899,186.0,0.8992,1159.0
1753617301544,11:55:01.544,bitget,AERO/USDT:USDT,0.8986,101.0,0.8985,470.0,0.899,186.0,0.8992,1159.0
1753617301694,11:55:01.694,bitget,AERO/USDT:USDT,0.8986,101.0,0.8985,470.0,0.899,186.0,0.8992,1159.0
1753617301844,11:55:01.844,bitget,AERO/USDT:USDT,0.8986,101.0,0.8985,470.0,0.899,186.0,0.8992,1159.0
1753617302145,11:55:02.145,bitget,AERO/USDT:USDT,0.8986,101.0,0.8985,470.0,0.899,186.0,0.8992,1159.0
1753617302295,11:55:02.295,bitget,AERO/USDT:USDT,0.8986,101.0,0.8985,470.0,0.899,186.0,0.8992,1159.0
1753617302445,11:55:02.445,bitget,AERO/USDT:USDT,0.8986,101.0,0.8985,470.0,0.899,186.0,0.8992,1159.0
1753617302595,11:55:02.595,bitget,AERO/USDT:USDT,0.8986,101.0,0.8985,470.0,0.899,186.0,0.8992,1159.0
1753617302745,11:55:02.745,bitget,AERO/USDT:USDT,0.8986,101.0,0.8985,470.0,0.899,186.0,0.8992,1159.0
1753617302895,11:55:02.895,bitget,AERO/USDT:USDT,0.8986,101.0,0.8985,470.0,0.899,186.0,0.8992,1159.0
1753617303045,11:55:03.045,bitget,AERO/USDT:USDT,0.8986,101.0,0.8985,470.0,0.899,186.0,0.8992,1159.0
1753617303195,11:55:03.195,bitget,AERO/USDT:USDT,0.8986,101.0,0.8985,470.0,0.899,186.0,0.8992,1159.0
1753617303345,11:55:03.345,bitget,AERO/USDT:USDT,0.8986,101.0,0.8985,470.0,0.899,186.0,0.8992,1159.0
1753617303495,11:55:03.495,bitget,AERO/USDT:USDT,0.8986,101.0,0.8985,470.0,0.899,186.0,0.8992,1159.0
1753617303645,11:55:03.645,bitget,AERO/USDT:USDT,0.8986,101.0,0.8985,470.0,0.899,186.0,0.8992,1159.0
1753617303796,11:55:03.796,bitget,AERO/USDT:USDT,0.8986,101.0,0.8985,470.0,0.899,186.0,0.8992,1159.0
1753617303946,11:55:03.946,bitget,AERO/USDT:USDT,0.8986,101.0,0.8985,470.0,0.899,186.0,0.8992,1159.0
1753617304096,11:55:04.096,bitget,AERO/USDT:USDT,0.8986,101.0,0.8985,470.0,0.899,186.0,0.8992,1159.0
1753617304246,11:55:04.246,bitget,AERO/USDT:USDT,0.8986,101.0,0.8985,470.0,0.899,186.0,0.8992,1159.0
1753617304396,11:55:04.396,bitget,AERO/USDT:USDT,0.8986,101.0,0.8985,470.0,0.899,186.0,0.8992,1159.0
1753617304546,11:55:04.546,bitget,AERO/USDT:USDT,0.8986,101.0,0.8985,470.0,0.899,186.0,0.8992,1159.0
1753617304696,11:55:04.696,bitget,AERO/USDT:USDT,0.8986,101.0,0.8983,4988.0,0.8989,85.0,0.899,186.0
1753617304846,11:55:04.846,bitget,AERO/USDT:USDT,0.8984,101.0,0.8983,4791.0,0.8988,101.0,0.8989,145.0
1753617304996,11:55:04.996,bitget,AERO/USDT:USDT,0.8984,101.0,0.8983,4791.0,0.8988,101.0,0.8989,145.0
1753617305297,11:55:05.297,bitget,AERO/USDT:USDT,0.8983,101.0,0.8982,43.0,0.8988,188.0,0.8989,145.0
1753617305447,11:55:05.447,bitget,AERO/USDT:USDT,0.8983,101.0,0.8982,43.0,0.8988,188.0,0.8989,145.0
1753617305597,11:55:05.597,bitget,AERO/USDT:USDT,0.8983,101.0,0.8982,43.0,0.8988,188.0,0.8989,145.0
1753617305747,11:55:05.747,bitget,AERO/USDT:USDT,0.8983,101.0,0.8982,43.0,0.8988,188.0,0.8989,145.0
1753617305897,11:55:05.897,bitget,AERO/USDT:USDT,0.8983,101.0,0.8982,43.0,0.8988,188.0,0.8989,145.0
1753617306047,11:55:06.047,bitget,AERO/USDT:USDT,0.8983,188.0,0.8982,43.0,0.8988,101.0,0.8989,145.0
1753617306197,11:55:06.197,bitget,AERO/USDT:USDT,0.8983,188.0,0.8982,43.0,0.8988,101.0,0.8989,145.0
1753617306347,11:55:06.347,bitget,AERO/USDT:USDT,0.8983,188.0,0.8982,43.0,0.8988,101.0,0.8989,145.0
1753617306497,11:55:06.497,bitget,AERO/USDT:USDT,0.8983,188.0,0.8982,43.0,0.8988,101.0,0.8989,145.0
1753617306647,11:55:06.647,bitget,AERO/USDT:USDT,0.8983,188.0,0.8982,43.0,0.8988,101.0,0.8989,145.0
1753617306798,11:55:06.798,bitget,AERO/USDT:USDT,0.8983,188.0,0.8982,43.0,0.8988,101.0,0.8989,145.0
1753617306948,11:55:06.948,bitget,AERO/USDT:USDT,0.8983,188.0,0.8982,43.0,0.8988,101.0,0.8989,145.0
1753617307098,11:55:07.098,bitget,AERO/USDT:USDT,0.8983,188.0,0.8982,43.0,0.8988,101.0,0.8989,145.0
1753617307398,11:55:07.398,bitget,AERO/USDT:USDT,0.8983,188.0,0.8982,43.0,0.8988,101.0,0.8989,145.0
1753617307548,11:55:07.548,bitget,AERO/USDT:USDT,0.8983,188.0,0.8982,101.0,0.8988,101.0,0.8989,145.0
1753617307698,11:55:07.698,bitget,AERO/USDT:USDT,0.8983,188.0,0.8982,101.0,0.8988,101.0,0.8989,145.0
1753617307998,11:55:07.998,bitget,AERO/USDT:USDT,0.8983,188.0,0.8982,101.0,0.8988,101.0,0.8989,145.0
1753617308148,11:55:08.148,bitget,AERO/USDT:USDT,0.8983,188.0,0.8982,101.0,0.8988,101.0,0.8989,145.0
1753617308298,11:55:08.298,bitget,AERO/USDT:USDT,0.8983,188.0,0.8982,101.0,0.8988,101.0,0.8989,145.0
1753617308448,11:55:08.448,bitget,AERO/USDT:USDT,0.8983,188.0,0.8982,101.0,0.8988,101.0,0.8989,145.0
1753617308599,11:55:08.599,bitget,AERO/USDT:USDT,0.8983,188.0,0.8982,101.0,0.8988,101.0,0.8989,145.0
1753617308749,11:55:08.749,bitget,AERO/USDT:USDT,0.8983,188.0,0.8982,101.0,0.8988,101.0,0.8989,145.0
1753617308899,11:55:08.899,bitget,AERO/USDT:USDT,0.8983,188.0,0.8982,101.0,0.8988,101.0,0.8989,145.0
1753617309049,11:55:09.049,bitget,AERO/USDT:USDT,0.8983,188.0,0.8982,101.0,0.8988,101.0,0.8989,145.0
1753617309199,11:55:09.199,bitget,AERO/USDT:USDT,0.8983,188.0,0.8982,101.0,0.8988,101.0,0.8989,145.0
1753617309349,11:55:09.349,bitget,AERO/USDT:USDT,0.8983,188.0,0.8982,101.0,0.8988,101.0,0.8989,145.0
1753617309499,11:55:09.499,bitget,AERO/USDT:USDT,0.8983,188.0,0.8982,101.0,0.8988,101.0,0.8989,145.0
1753617309649,11:55:09.649,bitget,AERO/USDT:USDT,0.8983,188.0,0.8982,101.0,0.8988,101.0,0.8989,145.0
1753617309799,11:55:09.799,bitget,AERO/USDT:USDT,0.8983,188.0,0.8982,101.0,0.8988,101.0,0.8989,145.0
1753617309949,11:55:09.949,bitget,AERO/USDT:USDT,0.8983,188.0,0.8982,101.0,0.8988,101.0,0.8989,145.0
1753617310099,11:55:10.099,bitget,AERO/USDT:USDT,0.8983,188.0,0.8982,101.0,0.8988,101.0,0.8989,145.0
1753617310250,11:55:10.250,bitget,AERO/USDT:USDT,0.8983,188.0,0.8982,101.0,0.8988,101.0,0.8989,145.0
1753617310400,11:55:10.400,bitget,AERO/USDT:USDT,0.8983,188.0,0.8982,101.0,0.8988,101.0,0.8989,145.0
1753617310550,11:55:10.550,bitget,AERO/USDT:USDT,0.8983,188.0,0.8982,101.0,0.8988,101.0,0.8989,145.0
1753617310700,11:55:10.700,bitget,AERO/USDT:USDT,0.8983,188.0,0.8982,101.0,0.8988,101.0,0.8989,145.0
1753617310850,11:55:10.850,bitget,AERO/USDT:USDT,0.8983,188.0,0.8982,101.0,0.8988,101.0,0.8989,145.0
1753617311150,11:55:11.150,bitget,AERO/USDT:USDT,0.8983,188.0,0.8982,101.0,0.8988,101.0,0.8989,145.0
1753617311300,11:55:11.300,bitget,AERO/USDT:USDT,0.8983,188.0,0.8982,101.0,0.8988,101.0,0.8989,145.0
1753617311450,11:55:11.450,bitget,AERO/USDT:USDT,0.8983,188.0,0.8982,101.0,0.8988,101.0,0.8989,145.0
1753617311600,11:55:11.600,bitget,AERO/USDT:USDT,0.8983,188.0,0.8982,101.0,0.8988,101.0,0.8989,145.0
1753617311750,11:55:11.750,bitget,AERO/USDT:USDT,0.8983,188.0,0.8982,101.0,0.8988,101.0,0.8989,145.0
1753617311901,11:55:11.901,bitget,AERO/USDT:USDT,0.8983,188.0,0.8982,101.0,0.8988,101.0,0.8989,145.0
1753617312051,11:55:12.051,bitget,AERO/USDT:USDT,0.8983,188.0,0.8982,101.0,0.8988,101.0,0.8989,145.0
1753617312351,11:55:12.351,bitget,AERO/USDT:USDT,0.8983,188.0,0.8982,101.0,0.8988,101.0,0.8989,145.0
1753617312501,11:55:12.501,bitget,AERO/USDT:USDT,0.8983,188.0,0.8982,101.0,0.8988,101.0,0.8989,145.0
1753617312801,11:55:12.801,bitget,AERO/USDT:USDT,0.8983,188.0,0.8982,101.0,0.8988,101.0,0.8989,145.0
1753617312951,11:55:12.951,bitget,AERO/USDT:USDT,0.8983,188.0,0.8982,101.0,0.8988,101.0,0.8989,145.0
1753617313101,11:55:13.101,bitget,AERO/USDT:USDT,0.8983,188.0,0.8982,101.0,0.8988,101.0,0.8989,145.0
1753617313251,11:55:13.251,bitget,AERO/USDT:USDT,0.8983,188.0,0.8982,101.0,0.8988,101.0,0.8989,145.0
1753617313401,11:55:13.401,bitget,AERO/USDT:USDT,0.8983,188.0,0.8982,101.0,0.8988,101.0,0.8989,145.0
1753617313702,11:55:13.702,bitget,AERO/USDT:USDT,0.8983,188.0,0.8982,101.0,0.8988,101.0,0.8989,145.0
1753617313852,11:55:13.852,bitget,AERO/USDT:USDT,0.8983,188.0,0.8982,101.0,0.8988,101.0,0.8989,145.0
1753617314152,11:55:14.152,bitget,AERO/USDT:USDT,0.8983,188.0,0.8982,101.0,0.8988,101.0,0.8989,145.0
1753617314302,11:55:14.302,bitget,AERO/USDT:USDT,0.8983,188.0,0.8982,101.0,0.8988,101.0,0.8989,145.0
1753617314452,11:55:14.452,bitget,AERO/USDT:USDT,0.8983,188.0,0.8982,101.0,0.8988,101.0,0.8989,145.0
1753617314602,11:55:14.602,bitget,AERO/USDT:USDT,0.8983,188.0,0.8982,101.0,0.8988,101.0,0.8989,145.0
1753617314752,11:55:14.752,bitget,AERO/USDT:USDT,0.8983,188.0,0.8982,101.0,0.8988,101.0,0.8989,145.0
1753617314902,11:55:14.902,bitget,AERO/USDT:USDT,0.8983,188.0,0.8982,101.0,0.8988,101.0,0.8989,145.0
1753617315203,11:55:15.203,bitget,AERO/USDT:USDT,0.8983,188.0,0.8982,101.0,0.8988,101.0,0.8989,145.0
1753617315353,11:55:15.353,bitget,AERO/USDT:USDT,0.8983,188.0,0.8982,101.0,0.8988,101.0,0.8989,145.0
1753617315503,11:55:15.503,bitget,AERO/USDT:USDT,0.8984,742.0,0.8983,557.0,0.8991,186.0,0.8993,1099.0
1753617315653,11:55:15.653,bitget,AERO/USDT:USDT,0.8984,742.0,0.8983,87.0,0.8991,186.0,0.8993,1099.0
1753617315803,11:55:15.803,bitget,AERO/USDT:USDT,0.8984,742.0,0.8983,87.0,0.8991,186.0,0.8993,1099.0
1753617315953,11:55:15.953,bitget,AERO/USDT:USDT,0.8984,101.0,0.8983,87.0,0.8989,101.0,0.899,85.0
1753617316103,11:55:16.103,bitget,AERO/USDT:USDT,0.8984,101.0,0.8983,87.0,0.8989,101.0,0.899,85.0
1753617316253,11:55:16.253,bitget,AERO/USDT:USDT,0.8984,101.0,0.8983,87.0,0.8989,101.0,0.899,85.0
1753617316403,11:55:16.403,bitget,AERO/USDT:USDT,0.8984,101.0,0.8983,87.0,0.8989,101.0,0.899,85.0
1753617316553,11:55:16.553,bitget,AERO/USDT:USDT,0.8984,101.0,0.8983,87.0,0.8989,101.0,0.899,85.0
1753617316704,11:55:16.704,bitget,AERO/USDT:USDT,0.8984,101.0,0.8983,87.0,0.8989,186.0,0.899,85.0
1753617316854,11:55:16.854,bitget,AERO/USDT:USDT,0.8984,101.0,0.8983,87.0,0.8989,186.0,0.899,85.0
1753617317004,11:55:17.004,bitget,AERO/USDT:USDT,0.8984,101.0,0.8983,87.0,0.8989,186.0,0.899,85.0
1753617317154,11:55:17.154,bitget,AERO/USDT:USDT,0.8984,101.0,0.8983,87.0,0.8989,186.0,0.899,85.0
1753617317604,11:55:17.604,bitget,AERO/USDT:USDT,0.8984,101.0,0.8983,87.0,0.8989,186.0,0.899,85.0
1753617317754,11:55:17.754,bitget,AERO/USDT:USDT,0.8984,101.0,0.8983,87.0,0.8989,186.0,0.899,85.0
1753617318054,11:55:18.054,bitget,AERO/USDT:USDT,0.8984,101.0,0.8983,87.0,0.8989,186.0,0.8991,85.0
1753617318204,11:55:18.204,bitget,AERO/USDT:USDT,0.8984,101.0,0.8983,87.0,0.8989,186.0,0.8991,85.0
1753617318355,11:55:18.355,bitget,AERO/USDT:USDT,0.8984,101.0,0.8983,87.0,0.8989,186.0,0.8991,85.0
1753617318505,11:55:18.505,bitget,AERO/USDT:USDT,0.8984,101.0,0.8983,87.0,0.8989,186.0,0.8991,85.0
1753617318655,11:55:18.655,bitget,AERO/USDT:USDT,0.8984,101.0,0.8983,87.0,0.8989,186.0,0.8991,85.0
1753617318805,11:55:18.805,bitget,AERO/USDT:USDT,0.8984,101.0,0.8983,87.0,0.8989,186.0,0.8991,85.0
1753617318955,11:55:18.955,bitget,AERO/USDT:USDT,0.8984,101.0,0.8983,87.0,0.8989,186.0,0.8991,85.0
1753617319255,11:55:19.255,bitget,AERO/USDT:USDT,0.8984,101.0,0.8983,87.0,0.8989,186.0,0.8991,85.0
1753617319405,11:55:19.405,bitget,AERO/USDT:USDT,0.8984,101.0,0.8983,87.0,0.8989,186.0,0.8991,85.0
1753617319555,11:55:19.555,bitget,AERO/USDT:USDT,0.8984,101.0,0.8983,87.0,0.8989,186.0,0.8991,85.0
1753617319705,11:55:19.705,bitget,AERO/USDT:USDT,0.8984,101.0,0.8983,87.0,0.8989,186.0,0.8991,85.0
1753617320005,11:55:20.005,bitget,AERO/USDT:USDT,0.8984,101.0,0.8982,58.0,0.8988,85.0,0.8989,186.0
1753617320156,11:55:20.156,bitget,AERO/USDT:USDT,0.8981,111.0,0.898,5975.0,0.8987,101.0,0.8988,85.0
1753617320306,11:55:20.306,bitget,AERO/USDT:USDT,0.898,4792.0,0.8979,195.0,0.8985,101.0,0.8986,85.0
1753617320456,11:55:20.456,bitget,AERO/USDT:USDT,0.898,6.0,0.8979,111.0,0.8984,85.0,0.8985,186.0
1753617320606,11:55:20.606,bitget,AERO/USDT:USDT,0.898,6.0,0.8978,85.0,0.8983,101.0,0.8984,145.0
1753617320756,11:55:20.756,bitget,AERO/USDT:USDT,0.898,6.0,0.8977,4980.0,0.8983,186.0,0.8984,145.0
1753617320906,11:55:20.906,bitget,AERO/USDT:USDT,0.898,6.0,0.8977,196.0,0.8983,186.0,0.8984,145.0
1753617321056,11:55:21.056,bitget,AERO/USDT:USDT,0.898,6.0,0.8976,85.0,0.8982,85.0,0.8983,186.0
1753617321206,11:55:21.206,bitget,AERO/USDT:USDT,0.898,6.0,0.8976,85.0,0.8981,161.0,0.8982,145.0
1753617321356,11:55:21.356,bitget,AERO/USDT:USDT,0.898,6.0,0.8976,85.0,0.8981,161.0,0.8982,145.0
1753617321507,11:55:21.507,bitget,AERO/USDT:USDT,0.898,6.0,0.8976,85.0,0.8981,161.0,0.8982,145.0
1753617321807,11:55:21.807,bitget,AERO/USDT:USDT,0.898,6.0,0.8976,85.0,0.8981,161.0,0.8982,145.0
1753617321957,11:55:21.957,bitget,AERO/USDT:USDT,0.898,6.0,0.8976,85.0,0.8981,161.0,0.8982,145.0
1753617322107,11:55:22.107,bitget,AERO/USDT:USDT,0.898,6.0,0.8976,85.0,0.8981,161.0,0.8982,145.0
1753617322257,11:55:22.257,bitget,AERO/USDT:USDT,0.898,6.0,0.8976,85.0,0.8981,161.0,0.8982,145.0
1753617322407,11:55:22.407,bitget,AERO/USDT:USDT,0.898,6.0,0.8976,85.0,0.8981,161.0,0.8982,145.0
1753617322707,11:55:22.707,bitget,AERO/USDT:USDT,0.898,6.0,0.8976,85.0,0.8981,161.0,0.8982,145.0
1753617322857,11:55:22.857,bitget,AERO/USDT:USDT,0.898,6.0,0.8976,85.0,0.8981,161.0,0.8982,145.0
1753617323007,11:55:23.007,bitget,AERO/USDT:USDT,0.898,6.0,0.8975,85.0,0.8981,161.0,0.8982,145.0
1753617323157,11:55:23.157,bitget,AERO/USDT:USDT,0.898,6.0,0.8975,85.0,0.8981,161.0,0.8982,145.0
1753617323308,11:55:23.308,bitget,AERO/USDT:USDT,0.898,6.0,0.8975,85.0,0.8981,161.0,0.8982,145.0
1753617323608,11:55:23.608,bitget,AERO/USDT:USDT,0.898,6.0,0.8975,85.0,0.8981,161.0,0.8982,145.0
1753617323758,11:55:23.758,bitget,AERO/USDT:USDT,0.898,6.0,0.8975,85.0,0.8981,161.0,0.8982,145.0
1753617323908,11:55:23.908,bitget,AERO/USDT:USDT,0.898,6.0,0.8975,196.0,0.8981,161.0,0.8982,145.0
1753617324058,11:55:24.058,bitget,AERO/USDT:USDT,0.898,6.0,0.8975,196.0,0.8981,161.0,0.8982,145.0
1753617324208,11:55:24.208,bitget,AERO/USDT:USDT,0.898,6.0,0.8975,196.0,0.8981,161.0,0.8982,145.0
1753617324508,11:55:24.508,bitget,AERO/USDT:USDT,0.898,6.0,0.8975,196.0,0.8984,145.0,0.8985,145.0
1753617324658,11:55:24.658,bitget,AERO/USDT:USDT,0.898,6.0,0.8975,196.0,0.8983,101.0,0.8984,145.0
1753617324808,11:55:24.808,bitget,AERO/USDT:USDT,0.898,6.0,0.8975,196.0,0.8983,101.0,0.8984,145.0
1753617324958,11:55:24.958,bitget,AERO/USDT:USDT,0.8981,101.0,0.898,45.0,0.8983,101.0,0.8985,85.0
1753617325109,11:55:25.109,bitget,AERO/USDT:USDT,0.8981,101.0,0.898,45.0,0.8985,85.0,0.8986,85.0
1753617325259,11:55:25.259,bitget,AERO/USDT:USDT,0.8981,101.0,0.898,45.0,0.8984,101.0,0.8986,85.0
1753617325409,11:55:25.409,bitget,AERO/USDT:USDT,0.8981,101.0,0.898,6.0,0.8984,187.0,0.8986,60.0
1753617325709,11:55:25.709,bitget,AERO/USDT:USDT,0.898,6.0,0.8976,186.0,0.8983,86.0,0.8984,187.0
1753617325859,11:55:25.859,bitget,AERO/USDT:USDT,0.898,6.0,0.8977,470.0,0.8983,86.0,0.8984,187.0
1753617326009,11:55:26.009,bitget,AERO/USDT:USDT,0.898,6.0,0.8977,470.0,0.8983,86.0,0.8984,187.0
1753617326159,11:55:26.159,bitget,AERO/USDT:USDT,0.898,6.0,0.8977,470.0,0.8983,86.0,0.8984,187.0
1753617326309,11:55:26.309,bitget,AERO/USDT:USDT,0.898,6.0,0.8977,470.0,0.8983,86.0,0.8984,187.0
1753617326459,11:55:26.459,bitget,AERO/USDT:USDT,0.898,6.0,0.8977,470.0,0.8983,86.0,0.8984,187.0
1753617326609,11:55:26.609,bitget,AERO/USDT:USDT,0.898,6.0,0.8977,470.0,0.8983,86.0,0.8984,187.0
1753617326759,11:55:26.759,bitget,AERO/USDT:USDT,0.898,6.0,0.8977,470.0,0.8983,86.0,0.8984,187.0
1753617326910,11:55:26.910,bitget,AERO/USDT:USDT,0.898,6.0,0.8977,470.0,0.8983,86.0,0.8984,187.0
1753617327210,11:55:27.210,bitget,AERO/USDT:USDT,0.898,6.0,0.8977,470.0,0.8983,86.0,0.8984,187.0
1753617327360,11:55:27.360,bitget,AERO/USDT:USDT,0.898,6.0,0.8977,470.0,0.8983,86.0,0.8984,187.0
1753617327510,11:55:27.510,bitget,AERO/USDT:USDT,0.898,6.0,0.8977,470.0,0.8983,86.0,0.8984,187.0
1753617327660,11:55:27.660,bitget,AERO/USDT:USDT,0.898,6.0,0.8977,470.0,0.8983,86.0,0.8984,187.0
1753617327810,11:55:27.810,bitget,AERO/USDT:USDT,0.898,6.0,0.8977,470.0,0.8983,86.0,0.8984,187.0
1753617327960,11:55:27.960,bitget,AERO/USDT:USDT,0.898,6.0,0.8977,470.0,0.8983,86.0,0.8984,187.0
1753617328110,11:55:28.110,bitget,AERO/USDT:USDT,0.898,6.0,0.8977,470.0,0.8983,86.0,0.8984,187.0
1753617328260,11:55:28.260,bitget,AERO/USDT:USDT,0.898,6.0,0.8977,470.0,0.8983,86.0,0.8984,187.0
1753617328410,11:55:28.410,bitget,AERO/USDT:USDT,0.898,6.0,0.8977,470.0,0.8983,86.0,0.8984,187.0
1753617328561,11:55:28.561,bitget,AERO/USDT:USDT,0.898,6.0,0.8977,470.0,0.8983,86.0,0.8984,187.0
1753617328711,11:55:28.711,bitget,AERO/USDT:USDT,0.898,6.0,0.8977,470.0,0.8983,86.0,0.8984,187.0
1753617328861,11:55:28.861,bitget,AERO/USDT:USDT,0.898,6.0,0.8977,470.0,0.8983,86.0,0.8984,187.0
1753617329011,11:55:29.011,bitget,AERO/USDT:USDT,0.898,6.0,0.8977,470.0,0.8983,86.0,0.8984,187.0
1753617329161,11:55:29.161,bitget,AERO/USDT:USDT,0.898,6.0,0.8977,470.0,0.8983,86.0,0.8984,187.0
1753617329461,11:55:29.461,bitget,AERO/USDT:USDT,0.898,6.0,0.8977,470.0,0.8983,86.0,0.8984,187.0
1753617329611,11:55:29.611,bitget,AERO/USDT:USDT,0.898,6.0,0.8977,470.0,0.8983,86.0,0.8984,187.0
1753617329911,11:55:29.911,bitget,AERO/USDT:USDT,0.898,6.0,0.8977,470.0,0.8983,86.0,0.8984,187.0
1753617330061,11:55:30.061,bitget,AERO/USDT:USDT,0.898,6.0,0.8977,470.0,0.8983,86.0,0.8984,187.0
1753617330212,11:55:30.212,bitget,AERO/USDT:USDT,0.898,6.0,0.8977,470.0,0.8983,86.0,0.8984,187.0
1753617330362,11:55:30.362,bitget,AERO/USDT:USDT,0.898,6.0,0.8977,470.0,0.8983,86.0,0.8984,187.0
1753617330512,11:55:30.512,bitget,AERO/USDT:USDT,0.898,6.0,0.8977,470.0,0.8983,86.0,0.8984,187.0
1753617330662,11:55:30.662,bitget,AERO/USDT:USDT,0.898,6.0,0.8977,470.0,0.8983,86.0,0.8984,187.0
1753617330812,11:55:30.812,bitget,AERO/USDT:USDT,0.898,6.0,0.8977,470.0,0.8982,101.0,0.8983,146.0
1753617330962,11:55:30.962,bitget,AERO/USDT:USDT,0.898,6.0,0.8978,470.0,0.8982,187.0,0.8983,146.0
1753617331112,11:55:31.112,bitget,AERO/USDT:USDT,0.898,6.0,0.8978,470.0,0.8982,187.0,0.8983,146.0
1753617331262,11:55:31.262,bitget,AERO/USDT:USDT,0.898,6.0,0.8978,470.0,0.8982,187.0,0.8983,146.0
1753617331412,11:55:31.412,bitget,AERO/USDT:USDT,0.898,6.0,0.8978,470.0,0.8982,187.0,0.8983,146.0
1753617331562,11:55:31.562,bitget,AERO/USDT:USDT,0.898,6.0,0.8978,470.0,0.8982,187.0,0.8983,146.0
1753617331712,11:55:31.712,bitget,AERO/USDT:USDT,0.898,6.0,0.8978,470.0,0.8982,187.0,0.8983,146.0
1753617331862,11:55:31.862,bitget,AERO/USDT:USDT,0.898,6.0,0.8978,470.0,0.8982,187.0,0.8983,146.0
1753617332013,11:55:32.013,bitget,AERO/USDT:USDT,0.898,6.0,0.8978,470.0,0.8982,187.0,0.8983,146.0
1753617332163,11:55:32.163,bitget,AERO/USDT:USDT,0.898,6.0,0.8978,470.0,0.8982,187.0,0.8983,146.0
1753617332313,11:55:32.313,bitget,AERO/USDT:USDT,0.898,6.0,0.8978,470.0,0.8982,187.0,0.8983,146.0
1753617332613,11:55:32.613,bitget,AERO/USDT:USDT,0.898,6.0,0.8978,470.0,0.8982,187.0,0.8983,146.0
1753617332763,11:55:32.763,bitget,AERO/USDT:USDT,0.898,6.0,0.8978,470.0,0.8982,187.0,0.8983,146.0
1753617332913,11:55:32.913,bitget,AERO/USDT:USDT,0.898,6.0,0.8978,470.0,0.8982,187.0,0.8983,146.0
1753617333063,11:55:33.063,bitget,AERO/USDT:USDT,0.898,6.0,0.8978,470.0,0.8982,187.0,0.8983,146.0
1753617333213,11:55:33.213,bitget,AERO/USDT:USDT,0.898,6.0,0.8978,470.0,0.8982,187.0,0.8983,146.0
1753617333363,11:55:33.363,bitget,AERO/USDT:USDT,0.898,6.0,0.8978,470.0,0.8982,187.0,0.8983,146.0
1753617333513,11:55:33.513,bitget,AERO/USDT:USDT,0.898,6.0,0.8978,470.0,0.8982,187.0,0.8983,146.0
1753617333814,11:55:33.814,bitget,AERO/USDT:USDT,0.898,6.0,0.8978,470.0,0.8982,187.0,0.8983,146.0
1753617333964,11:55:33.964,bitget,AERO/USDT:USDT,0.898,6.0,0.8978,470.0,0.8982,187.0,0.8983,146.0
1753617334114,11:55:34.114,bitget,AERO/USDT:USDT,0.898,6.0,0.8978,470.0,0.8982,187.0,0.8983,146.0
1753617334414,11:55:34.414,bitget,AERO/USDT:USDT,0.898,6.0,0.8978,470.0,0.8982,187.0,0.8983,146.0
1753617334564,11:55:34.564,bitget,AERO/USDT:USDT,0.898,6.0,0.8978,470.0,0.8982,187.0,0.8983,146.0
