timestamp,time,exchange,symbol,bid1_price,bid1_volume,bid2_price,bid2_volume,ask1_price,ask1_volume,ask2_price,ask2_volume
1753617162908,11:52:42.908,okx,ACH/USDT:USDT,0.02292,613.0,0.02291,1608.0,0.02293,673.0,0.02294,1822.0
1753617163708,11:52:43.708,okx,ACH/USDT:USDT,0.02292,613.0,0.02291,1634.0,0.02293,585.0,0.02294,1953.0
1753617163908,11:52:43.908,okx,ACH/USDT:USDT,0.02292,613.0,0.02291,1638.0,0.02293,192.0,0.02294,2345.0
1753617164008,11:52:44.008,okx,ACH/USDT:USDT,0.02292,613.0,0.02291,1638.0,0.02293,192.0,0.02294,2345.0
1753617166108,11:52:46.108,okx,ACH/USDT:USDT,0.02293,151.0,0.02292,1931.0,0.02294,3706.0,0.02295,2705.0
1753617166408,11:52:46.408,okx,ACH/USDT:USDT,0.02293,152.0,0.02292,1931.0,0.02294,1016.0,0.02295,2705.0
1753617166508,11:52:46.508,okx,ACH/USDT:USDT,0.02293,152.0,0.02292,1931.0,0.02294,1016.0,0.02295,2705.0
1753617167408,11:52:47.408,okx,ACH/USDT:USDT,0.02293,203.0,0.02292,1923.0,0.02294,977.0,0.02295,2705.0
1753617168408,11:52:48.408,okx,ACH/USDT:USDT,0.02293,203.0,0.02292,1923.0,0.02294,977.0,0.02295,2705.0
1753617170208,11:52:50.208,okx,ACH/USDT:USDT,0.02293,579.0,0.02292,1784.0,0.02294,673.0,0.02295,2244.0
1753617170308,11:52:50.308,okx,ACH/USDT:USDT,0.02293,579.0,0.02292,1784.0,0.02294,673.0,0.02295,2244.0
1753617171308,11:52:51.308,okx,ACH/USDT:USDT,0.02293,580.0,0.02292,1784.0,0.02294,673.0,0.02295,2240.0
1753617171408,11:52:51.408,okx,ACH/USDT:USDT,0.02293,580.0,0.02292,1784.0,0.02294,673.0,0.02295,2240.0
1753617171508,11:52:51.508,okx,ACH/USDT:USDT,0.02293,580.0,0.02292,1784.0,0.02294,673.0,0.02295,2240.0
1753617171708,11:52:51.708,okx,ACH/USDT:USDT,0.02293,580.0,0.02292,1784.0,0.02294,566.0,0.02295,2240.0
1753617177808,11:52:57.808,okx,ACH/USDT:USDT,0.02293,580.0,0.02292,1831.0,0.02294,297.0,0.02295,1403.0
1753617179508,11:52:59.508,okx,ACH/USDT:USDT,0.02293,39.0,0.02292,1788.0,0.02294,612.0,0.02295,1403.0
1753617180308,11:53:00.308,okx,ACH/USDT:USDT,0.02293,28.0,0.02292,1925.0,0.02294,612.0,0.02295,1603.0
1753617180408,11:53:00.408,okx,ACH/USDT:USDT,0.02293,28.0,0.02292,1925.0,0.02294,612.0,0.02295,1403.0
1753617181008,11:53:01.008,okx,ACH/USDT:USDT,0.02293,28.0,0.02292,1925.0,0.02294,614.0,0.02295,1403.0
1753617181308,11:53:01.308,okx,ACH/USDT:USDT,0.02293,28.0,0.02292,1925.0,0.02294,614.0,0.02295,1403.0
1753617181608,11:53:01.608,okx,ACH/USDT:USDT,0.02293,28.0,0.02292,1635.0,0.02294,614.0,0.02295,1403.0
1753617182308,11:53:02.308,okx,ACH/USDT:USDT,0.02293,446.0,0.02292,1925.0,0.02294,299.0,0.02295,1403.0
1753617182608,11:53:02.608,okx,ACH/USDT:USDT,0.02293,448.0,0.02292,1925.0,0.02294,310.0,0.02295,1403.0
1753617182708,11:53:02.708,okx,ACH/USDT:USDT,0.02293,593.0,0.02292,1831.0,0.02294,279.0,0.02295,1403.0
1753617182808,11:53:02.808,okx,ACH/USDT:USDT,0.02293,593.0,0.02292,1831.0,0.02294,159.0,0.02295,1403.0
1753617183108,11:53:03.108,okx,ACH/USDT:USDT,0.02293,593.0,0.02292,2116.0,0.02294,160.0,0.02295,1494.0
1753617183308,11:53:03.308,okx,ACH/USDT:USDT,0.02293,593.0,0.02292,2116.0,0.02294,160.0,0.02295,1494.0
1753617183408,11:53:03.408,okx,ACH/USDT:USDT,0.02293,593.0,0.02292,2116.0,0.02294,49.0,0.02295,1494.0
1753617183608,11:53:03.608,okx,ACH/USDT:USDT,0.02293,593.0,0.02292,2116.0,0.02294,25.0,0.02295,1451.0
1753617183708,11:53:03.708,okx,ACH/USDT:USDT,0.02293,593.0,0.02292,2286.0,0.02294,25.0,0.02295,1451.0
1753617183808,11:53:03.808,okx,ACH/USDT:USDT,0.02293,593.0,0.02292,2286.0,0.02294,25.0,0.02295,1451.0
1753617184108,11:53:04.108,okx,ACH/USDT:USDT,0.02293,786.0,0.02292,2286.0,0.02294,25.0,0.02295,1233.0
1753617184208,11:53:04.208,okx,ACH/USDT:USDT,0.02293,786.0,0.02292,2286.0,0.02294,25.0,0.02295,1233.0
1753617184308,11:53:04.308,okx,ACH/USDT:USDT,0.02293,786.0,0.02292,2286.0,0.02294,25.0,0.02295,1233.0
1753617185508,11:53:05.508,okx,ACH/USDT:USDT,0.02293,786.0,0.02292,2670.0,0.02294,25.0,0.02295,1233.0
1753617186308,11:53:06.308,okx,ACH/USDT:USDT,0.02293,786.0,0.02292,2670.0,0.02294,25.0,0.02295,841.0
1753617186908,11:53:06.908,okx,ACH/USDT:USDT,0.02293,786.0,0.02292,2670.0,0.02294,25.0,0.02295,841.0
1753617187208,11:53:07.208,okx,ACH/USDT:USDT,0.02293,786.0,0.02292,2670.0,0.02294,25.0,0.02295,841.0
1753617188008,11:53:08.008,okx,ACH/USDT:USDT,0.02294,615.0,0.02293,1836.0,0.02295,1155.0,0.02296,1563.0
1753617188708,11:53:08.708,okx,ACH/USDT:USDT,0.02294,615.0,0.02293,1833.0,0.02295,1155.0,0.02296,1563.0
1753617188808,11:53:08.808,okx,ACH/USDT:USDT,0.02294,615.0,0.02293,1833.0,0.02295,279.0,0.02296,1563.0
1753617189308,11:53:09.308,okx,ACH/USDT:USDT,0.02294,654.0,0.02293,1876.0,0.02295,279.0,0.02296,1438.0
1753617189408,11:53:09.408,okx,ACH/USDT:USDT,0.02294,654.0,0.02293,1876.0,0.02295,279.0,0.02296,1438.0
1753617190308,11:53:10.308,okx,ACH/USDT:USDT,0.02294,654.0,0.02293,1874.0,0.02295,279.0,0.02296,1438.0
1753617190408,11:53:10.408,okx,ACH/USDT:USDT,0.02294,657.0,0.02293,1874.0,0.02295,279.0,0.02296,1438.0
1753617191308,11:53:11.308,okx,ACH/USDT:USDT,0.02294,657.0,0.02293,1874.0,0.02295,279.0,0.02296,1438.0
1753617191808,11:53:11.808,okx,ACH/USDT:USDT,0.02294,657.0,0.02293,1874.0,0.02295,279.0,0.02296,1438.0
1753617191908,11:53:11.908,okx,ACH/USDT:USDT,0.02294,657.0,0.02293,1874.0,0.02295,279.0,0.02296,1438.0
1753617193508,11:53:13.508,okx,ACH/USDT:USDT,0.02294,657.0,0.02293,1874.0,0.02295,279.0,0.02296,1438.0
1753617195408,11:53:15.408,okx,ACH/USDT:USDT,0.02294,657.0,0.02293,1874.0,0.02295,279.0,0.02296,1438.0
1753617196208,11:53:16.208,okx,ACH/USDT:USDT,0.02294,657.0,0.02293,1874.0,0.02295,279.0,0.02296,1438.0
1753617196408,11:53:16.408,okx,ACH/USDT:USDT,0.02294,657.0,0.02293,1874.0,0.02295,279.0,0.02296,1438.0
1753617196608,11:53:16.608,okx,ACH/USDT:USDT,0.02294,657.0,0.02293,1874.0,0.02295,287.0,0.02296,1491.0
1753617196708,11:53:16.708,okx,ACH/USDT:USDT,0.02294,657.0,0.02293,1874.0,0.02295,287.0,0.02296,1491.0
1753617196908,11:53:16.908,okx,ACH/USDT:USDT,0.02294,657.0,0.02293,1874.0,0.02295,287.0,0.02296,1491.0
1753617197008,11:53:17.008,okx,ACH/USDT:USDT,0.02294,660.0,0.02293,1878.0,0.02295,175.0,0.02296,1491.0
1753617197108,11:53:17.108,okx,ACH/USDT:USDT,0.02294,660.0,0.02293,1878.0,0.02295,175.0,0.02296,1491.0
1753617198908,11:53:18.908,okx,ACH/USDT:USDT,0.02294,660.0,0.02293,1878.0,0.02295,180.0,0.02296,1491.0
1753617199008,11:53:19.008,okx,ACH/USDT:USDT,0.02294,660.0,0.02293,1878.0,0.02295,180.0,0.02296,1491.0
1753617199108,11:53:19.108,okx,ACH/USDT:USDT,0.02294,660.0,0.02293,1878.0,0.02295,180.0,0.02296,1491.0
1753617199308,11:53:19.308,okx,ACH/USDT:USDT,0.02294,660.0,0.02293,1878.0,0.02295,180.0,0.02296,1491.0
1753617199408,11:53:19.408,okx,ACH/USDT:USDT,0.02294,646.0,0.02293,1878.0,0.02295,180.0,0.02296,1491.0
1753617200108,11:53:20.108,okx,ACH/USDT:USDT,0.02294,255.0,0.02293,1645.0,0.02295,605.0,0.02296,1491.0
1753617200208,11:53:20.208,okx,ACH/USDT:USDT,0.02294,157.0,0.02293,1765.0,0.02295,552.0,0.02296,1491.0
1753617200508,11:53:20.508,okx,ACH/USDT:USDT,0.02294,210.0,0.02293,1765.0,0.02295,552.0,0.02296,1491.0
1753617201308,11:53:21.308,okx,ACH/USDT:USDT,0.02294,650.0,0.02293,1801.0,0.02295,45.0,0.02296,1448.0
1753617201708,11:53:21.708,okx,ACH/USDT:USDT,0.02294,650.0,0.02293,1801.0,0.02295,46.0,0.02296,1592.0
1753617201808,11:53:21.808,okx,ACH/USDT:USDT,0.02294,650.0,0.02293,1801.0,0.02295,46.0,0.02296,1592.0
1753617202008,11:53:22.008,okx,ACH/USDT:USDT,0.02294,653.0,0.02293,1801.0,0.02295,46.0,0.02296,1592.0
1753617202208,11:53:22.208,okx,ACH/USDT:USDT,0.02294,653.0,0.02293,1801.0,0.02295,45.0,0.02296,1592.0
1753617202308,11:53:22.308,okx,ACH/USDT:USDT,0.02294,653.0,0.02293,1801.0,0.02295,45.0,0.02296,1592.0
1753617202708,11:53:22.708,okx,ACH/USDT:USDT,0.02294,614.0,0.02293,1801.0,0.02295,155.0,0.02296,1592.0
1753617202808,11:53:22.808,okx,ACH/USDT:USDT,0.02294,614.0,0.02293,1801.0,0.02295,155.0,0.02296,1592.0
1753617203408,11:53:23.408,okx,ACH/USDT:USDT,0.02294,614.0,0.02293,1801.0,0.02295,155.0,0.02296,1592.0
1753617203508,11:53:23.508,okx,ACH/USDT:USDT,0.02294,653.0,0.02293,1801.0,0.02295,45.0,0.02296,1592.0
1753617203608,11:53:23.608,okx,ACH/USDT:USDT,0.02294,653.0,0.02293,1801.0,0.02295,44.0,0.02296,1592.0
1753617205308,11:53:25.308,okx,ACH/USDT:USDT,0.02294,653.0,0.02293,1801.0,0.02295,44.0,0.02296,1592.0
1753617206308,11:53:26.308,okx,ACH/USDT:USDT,0.02294,653.0,0.02293,1801.0,0.02295,16.0,0.02296,1302.0
1753617206408,11:53:26.408,okx,ACH/USDT:USDT,0.02294,653.0,0.02293,1928.0,0.02295,16.0,0.02296,1302.0
1753617206708,11:53:26.708,okx,ACH/USDT:USDT,0.02294,653.0,0.02293,1928.0,0.02295,16.0,0.02296,910.0
1753617206808,11:53:26.808,okx,ACH/USDT:USDT,0.02294,653.0,0.02293,1928.0,0.02295,16.0,0.02296,910.0
1753617207208,11:53:27.208,okx,ACH/USDT:USDT,0.02294,853.0,0.02293,2128.0,0.02295,16.0,0.02296,910.0
1753617207508,11:53:27.508,okx,ACH/USDT:USDT,0.02294,853.0,0.02293,2128.0,0.02295,16.0,0.02296,910.0
1753617207608,11:53:27.608,okx,ACH/USDT:USDT,0.02294,853.0,0.02293,2128.0,0.02295,16.0,0.02296,910.0
1753617208508,11:53:28.508,okx,ACH/USDT:USDT,0.02294,853.0,0.02293,2323.0,0.02295,16.0,0.02296,910.0
1753617209108,11:53:29.108,okx,ACH/USDT:USDT,0.02294,853.0,0.02293,2323.0,0.02295,16.0,0.02296,910.0
1753617209408,11:53:29.408,okx,ACH/USDT:USDT,0.02294,853.0,0.02293,2323.0,0.02295,16.0,0.02296,910.0
1753617209508,11:53:29.508,okx,ACH/USDT:USDT,0.02294,849.0,0.02293,2323.0,0.02295,17.0,0.02296,910.0
1753617209608,11:53:29.608,okx,ACH/USDT:USDT,0.02294,849.0,0.02293,2323.0,0.02295,17.0,0.02296,910.0
1753617209908,11:53:29.908,okx,ACH/USDT:USDT,0.02294,849.0,0.02293,2323.0,0.02295,15.0,0.02296,910.0
1753617210408,11:53:30.408,okx,ACH/USDT:USDT,0.02294,849.0,0.02293,2323.0,0.02295,17.0,0.02296,910.0
1753617210708,11:53:30.708,okx,ACH/USDT:USDT,0.02294,849.0,0.02293,2323.0,0.02295,17.0,0.02296,910.0
1753617211508,11:53:31.508,okx,ACH/USDT:USDT,0.02294,849.0,0.02293,2323.0,0.02295,17.0,0.02296,910.0
1753617211608,11:53:31.608,okx,ACH/USDT:USDT,0.02294,849.0,0.02293,2323.0,0.02295,17.0,0.02296,910.0
1753617211708,11:53:31.708,okx,ACH/USDT:USDT,0.02294,892.0,0.02293,2323.0,0.02296,910.0,0.02297,1610.0
1753617212008,11:53:32.008,okx,ACH/USDT:USDT,0.02295,263.0,0.02294,1741.0,0.02296,646.0,0.02297,1567.0
1753617212208,11:53:32.208,okx,ACH/USDT:USDT,0.02295,490.0,0.02294,1741.0,0.02296,215.0,0.02297,1477.0
1753617212408,11:53:32.408,okx,ACH/USDT:USDT,0.02295,490.0,0.02294,1741.0,0.02296,384.0,0.02297,1086.0
1753617212508,11:53:32.508,okx,ACH/USDT:USDT,0.02295,451.0,0.02294,1741.0,0.02296,384.0,0.02297,1086.0
1753617212808,11:53:32.808,okx,ACH/USDT:USDT,0.02295,490.0,0.02294,1741.0,0.02296,354.0,0.02297,1043.0
1753617213408,11:53:33.408,okx,ACH/USDT:USDT,0.02295,437.0,0.02294,1741.0,0.02296,354.0,0.02297,1043.0
1753617213608,11:53:33.608,okx,ACH/USDT:USDT,0.02295,263.0,0.02294,1741.0,0.02296,671.0,0.02297,1043.0
1753617213708,11:53:33.708,okx,ACH/USDT:USDT,0.02295,263.0,0.02294,1741.0,0.02296,671.0,0.02297,1043.0
1753617214708,11:53:34.708,okx,ACH/USDT:USDT,0.02295,29.0,0.02294,1741.0,0.02296,671.0,0.02297,1043.0
1753617215108,11:53:35.108,okx,ACH/USDT:USDT,0.02295,29.0,0.02294,1577.0,0.02296,671.0,0.02297,1243.0
1753617215408,11:53:35.408,okx,ACH/USDT:USDT,0.02295,29.0,0.02294,1867.0,0.02296,671.0,0.02297,1243.0
1753617215708,11:53:35.708,okx,ACH/USDT:USDT,0.02295,543.0,0.02294,1741.0,0.02296,354.0,0.02297,1043.0
1753617215808,11:53:35.808,okx,ACH/USDT:USDT,0.02295,543.0,0.02294,1741.0,0.02296,354.0,0.02297,1043.0
1753617215908,11:53:35.908,okx,ACH/USDT:USDT,0.02295,504.0,0.02294,1741.0,0.02296,354.0,0.02297,1043.0
1753617218208,11:53:38.208,okx,ACH/USDT:USDT,0.02295,543.0,0.02294,1784.0,0.02296,354.0,0.02297,1043.0
1753617218508,11:53:38.508,okx,ACH/USDT:USDT,0.02295,550.0,0.02294,1784.0,0.02296,212.0,0.02297,753.0
1753617218708,11:53:38.708,okx,ACH/USDT:USDT,0.02295,550.0,0.02294,2175.0,0.02296,97.0,0.02297,1095.0
1753617219208,11:53:39.208,okx,ACH/USDT:USDT,0.02295,550.0,0.02294,2175.0,0.02296,97.0,0.02297,1095.0
1753617219308,11:53:39.308,okx,ACH/USDT:USDT,0.02295,550.0,0.02294,2175.0,0.02296,97.0,0.02297,1095.0
1753617220208,11:53:40.208,okx,ACH/USDT:USDT,0.02295,750.0,0.02294,2175.0,0.02296,97.0,0.02297,1095.0
1753617220308,11:53:40.308,okx,ACH/USDT:USDT,0.02295,750.0,0.02294,2175.0,0.02296,101.0,0.02297,1095.0
1753617220808,11:53:40.808,okx,ACH/USDT:USDT,0.02295,750.0,0.02294,2175.0,0.02296,74.0,0.02297,1095.0
1753617220908,11:53:40.908,okx,ACH/USDT:USDT,0.02295,793.0,0.02294,2175.0,0.02296,74.0,0.02297,1052.0
1753617221308,11:53:41.308,okx,ACH/USDT:USDT,0.02295,793.0,0.02294,2370.0,0.02296,74.0,0.02297,1052.0
1753617221408,11:53:41.408,okx,ACH/USDT:USDT,0.02295,793.0,0.02294,2370.0,0.02296,74.0,0.02297,1052.0
1753617221808,11:53:41.808,okx,ACH/USDT:USDT,0.02295,793.0,0.02294,2370.0,0.02296,74.0,0.02297,1052.0
1753617222308,11:53:42.308,okx,ACH/USDT:USDT,0.02295,793.0,0.02294,2370.0,0.02296,74.0,0.02297,1052.0
1753617223208,11:53:43.208,okx,ACH/USDT:USDT,0.02295,802.0,0.02294,2370.0,0.02296,80.0,0.02297,1052.0
1753617223308,11:53:43.308,okx,ACH/USDT:USDT,0.02295,802.0,0.02294,2370.0,0.02296,80.0,0.02297,1052.0
1753617223608,11:53:43.608,okx,ACH/USDT:USDT,0.02295,802.0,0.02294,2370.0,0.02296,80.0,0.02297,1052.0
1753617224308,11:53:44.308,okx,ACH/USDT:USDT,0.02295,801.0,0.02294,2370.0,0.02296,80.0,0.02297,1052.0
1753617225508,11:53:45.508,okx,ACH/USDT:USDT,0.02295,801.0,0.02294,2370.0,0.02296,80.0,0.02297,1052.0
1753617225808,11:53:45.808,okx,ACH/USDT:USDT,0.02295,758.0,0.02294,2370.0,0.02296,105.0,0.02297,1052.0
1753617226408,11:53:46.408,okx,ACH/USDT:USDT,0.02295,758.0,0.02294,2370.0,0.02296,106.0,0.02297,1052.0
1753617226608,11:53:46.608,okx,ACH/USDT:USDT,0.02295,758.0,0.02294,2370.0,0.02296,106.0,0.02297,1052.0
1753617227008,11:53:47.008,okx,ACH/USDT:USDT,0.02295,758.0,0.02294,2370.0,0.02296,81.0,0.02297,1052.0
1753617227208,11:53:47.208,okx,ACH/USDT:USDT,0.02296,426.0,0.02295,1973.0,0.02297,445.0,0.02298,1892.0
1753617227308,11:53:47.308,okx,ACH/USDT:USDT,0.02296,389.0,0.02295,1974.0,0.02297,638.0,0.02298,1892.0
1753617227408,11:53:47.408,okx,ACH/USDT:USDT,0.02296,263.0,0.02295,1974.0,0.02297,599.0,0.02298,1892.0
1753617227508,11:53:47.508,okx,ACH/USDT:USDT,0.02296,263.0,0.02295,2096.0,0.02297,599.0,0.02298,1892.0
1753617228108,11:53:48.108,okx,ACH/USDT:USDT,0.02296,192.0,0.02295,2097.0,0.02297,599.0,0.02298,1452.0
1753617228308,11:53:48.308,okx,ACH/USDT:USDT,0.02296,192.0,0.02295,2097.0,0.02297,569.0,0.02298,1452.0
1753617228808,11:53:48.808,okx,ACH/USDT:USDT,0.02296,192.0,0.02295,2097.0,0.02297,569.0,0.02298,1452.0
1753617230708,11:53:50.708,okx,ACH/USDT:USDT,0.02296,652.0,0.02295,1961.0,0.02297,162.0,0.02298,1193.0
1753617231208,11:53:51.208,okx,ACH/USDT:USDT,0.02296,652.0,0.02295,1961.0,0.02297,162.0,0.02298,1193.0
1753617231808,11:53:51.808,okx,ACH/USDT:USDT,0.02296,227.0,0.02295,2100.0,0.02297,550.0,0.02298,1061.0
1753617232208,11:53:52.208,okx,ACH/USDT:USDT,0.02296,227.0,0.02295,2100.0,0.02297,550.0,0.02298,1061.0
1753617232308,11:53:52.308,okx,ACH/USDT:USDT,0.02296,227.0,0.02295,2100.0,0.02297,550.0,0.02298,1061.0
1753617233808,11:53:53.808,okx,ACH/USDT:USDT,0.02296,394.0,0.02295,2052.0,0.02297,601.0,0.02298,1261.0
1753617233908,11:53:53.908,okx,ACH/USDT:USDT,0.02296,394.0,0.02295,2052.0,0.02297,603.0,0.02298,1261.0
1753617234308,11:53:54.308,okx,ACH/USDT:USDT,0.02296,394.0,0.02295,2052.0,0.02297,603.0,0.02298,1261.0
1753617234408,11:53:54.408,okx,ACH/USDT:USDT,0.02296,394.0,0.02295,2052.0,0.02297,606.0,0.02298,1261.0
1753617235108,11:53:55.108,okx,ACH/USDT:USDT,0.02296,394.0,0.02295,2052.0,0.02297,606.0,0.02298,1261.0
1753617235508,11:53:55.508,okx,ACH/USDT:USDT,0.02296,394.0,0.02295,2052.0,0.02297,606.0,0.02298,1261.0
1753617235908,11:53:55.908,okx,ACH/USDT:USDT,0.02296,394.0,0.02295,2052.0,0.02297,344.0,0.02298,1261.0
1753617236108,11:53:56.108,okx,ACH/USDT:USDT,0.02296,227.0,0.02295,2052.0,0.02297,606.0,0.02298,1261.0
1753617236408,11:53:56.408,okx,ACH/USDT:USDT,0.02296,227.0,0.02295,2052.0,0.02297,606.0,0.02298,1261.0
1753617236708,11:53:56.708,okx,ACH/USDT:USDT,0.02296,227.0,0.02295,2052.0,0.02297,606.0,0.02298,1261.0
1753617237608,11:53:57.608,okx,ACH/USDT:USDT,0.02296,234.0,0.02295,2045.0,0.02297,614.0,0.02298,1261.0
1753617239508,11:53:59.508,okx,ACH/USDT:USDT,0.02296,124.0,0.02295,2045.0,0.02297,585.0,0.02298,1261.0
1753617239608,11:53:59.608,okx,ACH/USDT:USDT,0.02296,124.0,0.02295,1755.0,0.02297,585.0,0.02298,1261.0
1753617239908,11:53:59.908,okx,ACH/USDT:USDT,0.02296,39.0,0.02295,1755.0,0.02297,628.0,0.02298,1261.0
1753617240208,11:54:00.208,okx,ACH/USDT:USDT,0.02296,39.0,0.02295,1755.0,0.02297,628.0,0.02298,1261.0
1753617240308,11:54:00.308,okx,ACH/USDT:USDT,0.02296,39.0,0.02295,1755.0,0.02297,628.0,0.02298,1261.0
1753617240408,11:54:00.408,okx,ACH/USDT:USDT,0.02296,14.0,0.02295,1755.0,0.02297,628.0,0.02298,1061.0
1753617240508,11:54:00.508,okx,ACH/USDT:USDT,0.02296,14.0,0.02295,1755.0,0.02297,628.0,0.02298,1061.0
1753617240608,11:54:00.608,okx,ACH/USDT:USDT,0.02296,14.0,0.02295,1755.0,0.02297,628.0,0.02298,1061.0
1753617242008,11:54:02.008,okx,ACH/USDT:USDT,0.02296,14.0,0.02295,1755.0,0.02297,631.0,0.02298,1063.0
1753617243208,11:54:03.208,okx,ACH/USDT:USDT,0.02296,124.0,0.02295,1755.0,0.02297,592.0,0.02298,1063.0
1753617243308,11:54:03.308,okx,ACH/USDT:USDT,0.02296,124.0,0.02295,1755.0,0.02297,631.0,0.02298,1063.0
1753617243808,11:54:03.808,okx,ACH/USDT:USDT,0.02296,98.0,0.02295,1755.0,0.02297,631.0,0.02298,1063.0
1753617243908,11:54:03.908,okx,ACH/USDT:USDT,0.02296,98.0,0.02295,1755.0,0.02297,631.0,0.02298,1063.0
1753617244108,11:54:04.108,okx,ACH/USDT:USDT,0.02296,98.0,0.02295,1755.0,0.02297,631.0,0.02298,1063.0
1753617244808,11:54:04.808,okx,ACH/USDT:USDT,0.02296,142.0,0.02295,1755.0,0.02297,631.0,0.02298,1631.0
1753617245108,11:54:05.108,okx,ACH/USDT:USDT,0.02295,804.0,0.02294,2571.0,0.02296,234.0,0.02297,998.0
1753617245408,11:54:05.408,okx,ACH/USDT:USDT,0.02295,833.0,0.02294,2416.0,0.02296,263.0,0.02297,1198.0
1753617245808,11:54:05.808,okx,ACH/USDT:USDT,0.02295,833.0,0.02294,2416.0,0.02296,263.0,0.02297,1199.0
1753617246108,11:54:06.108,okx,ACH/USDT:USDT,0.02295,833.0,0.02294,2416.0,0.02296,316.0,0.02297,1160.0
1753617246308,11:54:06.308,okx,ACH/USDT:USDT,0.02295,833.0,0.02294,2416.0,0.02296,316.0,0.02297,1160.0
1753617246408,11:54:06.408,okx,ACH/USDT:USDT,0.02295,833.0,0.02294,2416.0,0.02296,316.0,0.02297,1160.0
1753617246708,11:54:06.708,okx,ACH/USDT:USDT,0.02295,833.0,0.02294,2416.0,0.02296,263.0,0.02297,1160.0
1753617247308,11:54:07.308,okx,ACH/USDT:USDT,0.02295,694.0,0.02294,2416.0,0.02296,580.0,0.02297,1160.0
1753617247408,11:54:07.408,okx,ACH/USDT:USDT,0.02295,481.0,0.02294,1982.0,0.02296,580.0,0.02297,1160.0
1753617248308,11:54:08.308,okx,ACH/USDT:USDT,0.02295,1.0,0.02294,1487.0,0.02296,663.0,0.02297,1238.0
1753617248408,11:54:08.408,okx,ACH/USDT:USDT,0.02295,1.0,0.02294,1487.0,0.02296,663.0,0.02297,1238.0
1753617250408,11:54:10.408,okx,ACH/USDT:USDT,0.02295,1.0,0.02294,1487.0,0.02296,636.0,0.02297,1238.0
1753617252708,11:54:12.708,okx,ACH/USDT:USDT,0.02295,1.0,0.02294,1487.0,0.02296,636.0,0.02297,1238.0
1753617253408,11:54:13.408,okx,ACH/USDT:USDT,0.02295,1.0,0.02294,1487.0,0.02296,636.0,0.02297,1238.0
1753617255608,11:54:15.608,okx,ACH/USDT:USDT,0.02295,29.0,0.02294,1487.0,0.02296,646.0,0.02297,1795.0
1753617256108,11:54:16.108,okx,ACH/USDT:USDT,0.02295,29.0,0.02294,1487.0,0.02296,646.0,0.02297,1795.0
1753617256208,11:54:16.208,okx,ACH/USDT:USDT,0.02295,29.0,0.02294,1487.0,0.02296,646.0,0.02297,1795.0
1753617258608,11:54:18.608,okx,ACH/USDT:USDT,0.02295,1.0,0.02294,1487.0,0.02296,649.0,0.02297,1788.0
1753617258808,11:54:18.808,okx,ACH/USDT:USDT,0.02295,31.0,0.02294,1487.0,0.02296,610.0,0.02297,1788.0
1753617259408,11:54:19.408,okx,ACH/USDT:USDT,0.02295,31.0,0.02294,1487.0,0.02296,649.0,0.02297,1788.0
1753617259508,11:54:19.508,okx,ACH/USDT:USDT,0.02295,137.0,0.02294,1487.0,0.02296,650.0,0.02297,1788.0
1753617262108,11:54:22.108,okx,ACH/USDT:USDT,0.02295,31.0,0.02294,1487.0,0.02296,647.0,0.02297,1788.0
1753617262508,11:54:22.508,okx,ACH/USDT:USDT,0.02295,31.0,0.02294,1487.0,0.02296,647.0,0.02297,1788.0
1753617262608,11:54:22.608,okx,ACH/USDT:USDT,0.02295,31.0,0.02294,1487.0,0.02296,608.0,0.02297,1788.0
1753617263608,11:54:23.608,okx,ACH/USDT:USDT,0.02295,31.0,0.02294,1487.0,0.02296,647.0,0.02297,1788.0
1753617265008,11:54:25.008,okx,ACH/USDT:USDT,0.02295,31.0,0.02294,1487.0,0.02296,647.0,0.02297,1915.0
1753617267308,11:54:27.308,okx,ACH/USDT:USDT,0.02295,31.0,0.02294,1487.0,0.02296,647.0,0.02297,1915.0
1753617269108,11:54:29.108,okx,ACH/USDT:USDT,0.02295,1.0,0.02294,1487.0,0.02296,647.0,0.02297,1915.0
1753617269608,11:54:29.608,okx,ACH/USDT:USDT,0.02295,1.0,0.02294,993.0,0.02296,639.0,0.02297,1870.0
1753617269708,11:54:29.708,okx,ACH/USDT:USDT,0.02295,1.0,0.02294,993.0,0.02296,637.0,0.02297,1828.0
1753617269808,11:54:29.808,okx,ACH/USDT:USDT,0.02295,1.0,0.02294,1021.0,0.02296,653.0,0.02297,1954.0
1753617269908,11:54:29.908,okx,ACH/USDT:USDT,0.02294,542.0,0.02293,2318.0,0.02295,126.0,0.02296,933.0
1753617270108,11:54:30.108,okx,ACH/USDT:USDT,0.02294,547.0,0.02293,2318.0,0.02295,126.0,0.02296,933.0
1753617270608,11:54:30.608,okx,ACH/USDT:USDT,0.02294,575.0,0.02293,1928.0,0.02295,324.0,0.02296,732.0
1753617270908,11:54:30.908,okx,ACH/USDT:USDT,0.02294,575.0,0.02293,1928.0,0.02295,324.0,0.02296,1022.0
1753617271908,11:54:31.908,okx,ACH/USDT:USDT,0.02294,575.0,0.02293,1928.0,0.02295,324.0,0.02296,1022.0
1753617272008,11:54:32.008,okx,ACH/USDT:USDT,0.02294,575.0,0.02293,1928.0,0.02295,324.0,0.02296,1022.0
1753617273608,11:54:33.608,okx,ACH/USDT:USDT,0.02294,388.0,0.02293,1885.0,0.02295,588.0,0.02296,1022.0
1753617274008,11:54:34.008,okx,ACH/USDT:USDT,0.02294,385.0,0.02293,1885.0,0.02295,588.0,0.02296,1412.0
1753617274608,11:54:34.608,okx,ACH/USDT:USDT,0.02294,385.0,0.02293,1885.0,0.02295,588.0,0.02296,1412.0
1753617275108,11:54:35.108,okx,ACH/USDT:USDT,0.02294,256.0,0.02293,1885.0,0.02295,588.0,0.02296,1416.0
1753617275708,11:54:35.708,okx,ACH/USDT:USDT,0.02294,256.0,0.02293,2021.0,0.02295,588.0,0.02296,1416.0
1753617278208,11:54:38.208,okx,ACH/USDT:USDT,0.02294,256.0,0.02293,2021.0,0.02295,588.0,0.02296,1026.0
1753617278308,11:54:38.308,okx,ACH/USDT:USDT,0.02294,256.0,0.02293,2021.0,0.02295,588.0,0.02296,1026.0
1753617278808,11:54:38.808,okx,ACH/USDT:USDT,0.02294,256.0,0.02293,1731.0,0.02295,588.0,0.02296,1069.0
1753617279008,11:54:39.008,okx,ACH/USDT:USDT,0.02294,148.0,0.02293,1731.0,0.02295,588.0,0.02296,1269.0
1753617279208,11:54:39.208,okx,ACH/USDT:USDT,0.02294,148.0,0.02293,1731.0,0.02295,588.0,0.02296,1269.0
1753617279308,11:54:39.308,okx,ACH/USDT:USDT,0.02294,582.0,0.02293,1885.0,0.02295,275.0,0.02296,1259.0
1753617279408,11:54:39.408,okx,ACH/USDT:USDT,0.02294,584.0,0.02293,1885.0,0.02295,330.0,0.02296,1259.0
1753617280308,11:54:40.308,okx,ACH/USDT:USDT,0.02294,584.0,0.02293,1885.0,0.02295,331.0,0.02296,1259.0
1753617283308,11:54:43.308,okx,ACH/USDT:USDT,0.02294,584.0,0.02293,1885.0,0.02295,341.0,0.02296,1259.0
1753617283608,11:54:43.608,okx,ACH/USDT:USDT,0.02294,584.0,0.02293,1885.0,0.02295,341.0,0.02296,1259.0
1753617283908,11:54:43.908,okx,ACH/USDT:USDT,0.02294,584.0,0.02293,1885.0,0.02295,341.0,0.02296,1259.0
1753617284208,11:54:44.208,okx,ACH/USDT:USDT,0.02294,584.0,0.02293,1885.0,0.02295,341.0,0.02296,1259.0
1753617284408,11:54:44.408,okx,ACH/USDT:USDT,0.02294,584.0,0.02293,1885.0,0.02295,341.0,0.02296,1259.0
1753617286808,11:54:46.808,okx,ACH/USDT:USDT,0.02294,448.0,0.02293,1600.0,0.02295,342.0,0.02296,1259.0
1753617286908,11:54:46.908,okx,ACH/USDT:USDT,0.02294,448.0,0.02293,1719.0,0.02295,342.0,0.02296,1259.0
1753617287308,11:54:47.308,okx,ACH/USDT:USDT,0.02294,448.0,0.02293,1719.0,0.02295,342.0,0.02296,1259.0
1753617287808,11:54:47.808,okx,ACH/USDT:USDT,0.02294,448.0,0.02293,1719.0,0.02295,342.0,0.02296,1259.0
1753617288008,11:54:48.008,okx,ACH/USDT:USDT,0.02294,182.0,0.02293,1429.0,0.02295,606.0,0.02296,1259.0
1753617289208,11:54:49.208,okx,ACH/USDT:USDT,0.02294,292.0,0.02293,1719.0,0.02295,606.0,0.02296,1259.0
1753617289508,11:54:49.508,okx,ACH/USDT:USDT,0.02294,292.0,0.02293,1719.0,0.02295,612.0,0.02296,1256.0
1753617289708,11:54:49.708,okx,ACH/USDT:USDT,0.02294,479.0,0.02293,1600.0,0.02295,348.0,0.02296,1056.0
1753617289808,11:54:49.808,okx,ACH/USDT:USDT,0.02294,479.0,0.02293,1600.0,0.02295,347.0,0.02296,1056.0
1753617290308,11:54:50.308,okx,ACH/USDT:USDT,0.02294,479.0,0.02293,1600.0,0.02295,238.0,0.02296,1056.0
1753617290608,11:54:50.608,okx,ACH/USDT:USDT,0.02294,843.0,0.02293,1643.0,0.02295,6.0,0.02296,1143.0
1753617291108,11:54:51.108,okx,ACH/USDT:USDT,0.02294,721.0,0.02293,1643.0,0.02295,6.0,0.02296,1143.0
1753617291908,11:54:51.908,okx,ACH/USDT:USDT,0.02294,735.0,0.02293,1843.0,0.02295,6.0,0.02296,853.0
1753617292208,11:54:52.208,okx,ACH/USDT:USDT,0.02294,696.0,0.02293,1843.0,0.02295,6.0,0.02296,1143.0
1753617292308,11:54:52.308,okx,ACH/USDT:USDT,0.02294,735.0,0.02293,1843.0,0.02295,6.0,0.02296,1143.0
1753617294108,11:54:54.108,okx,ACH/USDT:USDT,0.02294,737.0,0.02293,2030.0,0.02295,6.0,0.02296,1143.0
1753617294808,11:54:54.808,okx,ACH/USDT:USDT,0.02294,724.0,0.02293,2030.0,0.02295,33.0,0.02296,1143.0
1753617295808,11:54:55.808,okx,ACH/USDT:USDT,0.02294,724.0,0.02293,2030.0,0.02295,164.0,0.02296,1143.0
1753617295908,11:54:55.908,okx,ACH/USDT:USDT,0.02294,724.0,0.02293,2030.0,0.02295,164.0,0.02296,1143.0
1753617299708,11:54:59.708,okx,ACH/USDT:USDT,0.02294,685.0,0.02293,2030.0,0.02295,164.0,0.02296,1143.0
1753617300208,11:55:00.208,okx,ACH/USDT:USDT,0.02294,685.0,0.02293,2030.0,0.02295,164.0,0.02296,1143.0
1753617300408,11:55:00.408,okx,ACH/USDT:USDT,0.02294,685.0,0.02293,2030.0,0.02295,164.0,0.02296,1143.0
1753617300608,11:55:00.608,okx,ACH/USDT:USDT,0.02294,685.0,0.02293,2315.0,0.02295,164.0,0.02296,1143.0
1753617300808,11:55:00.808,okx,ACH/USDT:USDT,0.02294,685.0,0.02293,2315.0,0.02295,164.0,0.02296,1143.0
1753617301108,11:55:01.108,okx,ACH/USDT:USDT,0.02294,505.0,0.02293,2272.0,0.02295,479.0,0.02296,1188.0
1753617301208,11:55:01.208,okx,ACH/USDT:USDT,0.02294,505.0,0.02293,2272.0,0.02295,442.0,0.02296,1188.0
1753617301908,11:55:01.908,okx,ACH/USDT:USDT,0.02294,505.0,0.02293,2272.0,0.02295,479.0,0.02296,1188.0
1753617302008,11:55:02.008,okx,ACH/USDT:USDT,0.02294,502.0,0.02293,2272.0,0.02295,479.0,0.02296,1188.0
1753617303608,11:55:03.608,okx,ACH/USDT:USDT,0.02294,502.0,0.02293,2085.0,0.02295,619.0,0.02296,1058.0
1753617303808,11:55:03.808,okx,ACH/USDT:USDT,0.02294,370.0,0.02293,2205.0,0.02295,619.0,0.02296,1058.0
1753617304608,11:55:04.608,okx,ACH/USDT:USDT,0.02294,370.0,0.02293,1795.0,0.02295,1594.0,0.02296,1069.0
1753617304908,11:55:04.908,okx,ACH/USDT:USDT,0.02294,263.0,0.02293,1941.0,0.02295,1596.0,0.02296,1069.0
1753617305008,11:55:05.008,okx,ACH/USDT:USDT,0.02294,234.0,0.02293,1941.0,0.02295,1599.0,0.02296,1069.0
1753617305208,11:55:05.208,okx,ACH/USDT:USDT,0.02294,234.0,0.02293,1941.0,0.02295,1599.0,0.02296,1069.0
1753617305308,11:55:05.308,okx,ACH/USDT:USDT,0.02294,234.0,0.02293,1941.0,0.02295,1599.0,0.02296,1069.0
1753617305508,11:55:05.508,okx,ACH/USDT:USDT,0.02294,234.0,0.02293,1941.0,0.02295,1599.0,0.02296,1069.0
1753617305608,11:55:05.608,okx,ACH/USDT:USDT,0.02294,234.0,0.02293,1941.0,0.02295,639.0,0.02296,1069.0
1753617305908,11:55:05.908,okx,ACH/USDT:USDT,0.02294,367.0,0.02293,1941.0,0.02295,639.0,0.02296,1069.0
1753617306008,11:55:06.008,okx,ACH/USDT:USDT,0.02294,569.0,0.02293,2231.0,0.02295,375.0,0.02296,1069.0
1753617306108,11:55:06.108,okx,ACH/USDT:USDT,0.02294,569.0,0.02293,2231.0,0.02295,372.0,0.02296,1069.0
1753617306208,11:55:06.208,okx,ACH/USDT:USDT,0.02294,569.0,0.02293,2231.0,0.02295,372.0,0.02296,1069.0
1753617306308,11:55:06.308,okx,ACH/USDT:USDT,0.02294,569.0,0.02293,2231.0,0.02295,372.0,0.02296,1069.0
1753617307808,11:55:07.808,okx,ACH/USDT:USDT,0.02294,569.0,0.02293,2231.0,0.02295,372.0,0.02296,1069.0
1753617308008,11:55:08.008,okx,ACH/USDT:USDT,0.02294,569.0,0.02293,2231.0,0.02295,372.0,0.02296,1069.0
1753617310508,11:55:10.508,okx,ACH/USDT:USDT,0.02294,569.0,0.02293,2231.0,0.02295,372.0,0.02296,1069.0
1753617311108,11:55:11.108,okx,ACH/USDT:USDT,0.02294,367.0,0.02293,1843.0,0.02295,636.0,0.02296,1069.0
1753617312808,11:55:12.808,okx,ACH/USDT:USDT,0.02294,367.0,0.02293,1940.0,0.02295,636.0,0.02296,1069.0
1753617313308,11:55:13.308,okx,ACH/USDT:USDT,0.02294,367.0,0.02293,1940.0,0.02295,636.0,0.02296,1069.0
1753617314208,11:55:14.208,okx,ACH/USDT:USDT,0.02294,367.0,0.02293,1940.0,0.02295,636.0,0.02296,1069.0
1753617314708,11:55:14.708,okx,ACH/USDT:USDT,0.02294,367.0,0.02293,1940.0,0.02295,636.0,0.02296,1069.0
1753617316508,11:55:16.508,okx,ACH/USDT:USDT,0.02294,234.0,0.02293,1650.0,0.02295,636.0,0.02296,1069.0
1753617316608,11:55:16.608,okx,ACH/USDT:USDT,0.02294,234.0,0.02293,1650.0,0.02295,636.0,0.02296,1069.0
1753617317408,11:55:17.408,okx,ACH/USDT:USDT,0.02294,234.0,0.02293,1650.0,0.02295,636.0,0.02296,1069.0
1753617318008,11:55:18.008,okx,ACH/USDT:USDT,0.02294,234.0,0.02293,1650.0,0.02295,630.0,0.02296,1069.0
1753617318308,11:55:18.308,okx,ACH/USDT:USDT,0.02294,234.0,0.02293,1650.0,0.02295,637.0,0.02296,1069.0
1753617318408,11:55:18.408,okx,ACH/USDT:USDT,0.02294,234.0,0.02293,1650.0,0.02295,637.0,0.02296,1069.0
1753617318508,11:55:18.508,okx,ACH/USDT:USDT,0.02294,234.0,0.02293,1650.0,0.02295,637.0,0.02296,1069.0
1753617319308,11:55:19.308,okx,ACH/USDT:USDT,0.02293,552.0,0.02292,2505.0,0.02294,188.0,0.02295,1003.0
1753617319408,11:55:19.408,okx,ACH/USDT:USDT,0.02293,554.0,0.02292,2505.0,0.02294,190.0,0.02295,1004.0
1753617319608,11:55:19.608,okx,ACH/USDT:USDT,0.02293,554.0,0.02292,2505.0,0.02294,227.0,0.02295,1204.0
1753617319708,11:55:19.708,okx,ACH/USDT:USDT,0.02293,554.0,0.02292,2505.0,0.02294,227.0,0.02295,1204.0
1753617319808,11:55:19.808,okx,ACH/USDT:USDT,0.02293,554.0,0.02292,2505.0,0.02294,227.0,0.02295,1204.0
1753617320008,11:55:20.008,okx,ACH/USDT:USDT,0.02293,424.0,0.02292,2199.0,0.02294,603.0,0.02295,1316.0
1753617320508,11:55:20.508,okx,ACH/USDT:USDT,0.02293,30.0,0.02292,1609.0,0.02294,584.0,0.02295,1317.0
1753617321208,11:55:21.208,okx,ACH/USDT:USDT,0.02293,2.0,0.02292,1409.0,0.02294,594.0,0.02295,1308.0
1753617321408,11:55:21.408,okx,ACH/USDT:USDT,0.02293,2.0,0.02292,1409.0,0.02294,594.0,0.02295,1308.0
1753617321508,11:55:21.508,okx,ACH/USDT:USDT,0.02293,2.0,0.02292,1409.0,0.02294,594.0,0.02295,1308.0
1753617321608,11:55:21.608,okx,ACH/USDT:USDT,0.02293,2.0,0.02292,1409.0,0.02294,594.0,0.02295,1308.0
1753617322408,11:55:22.408,okx,ACH/USDT:USDT,0.02293,2.0,0.02292,1409.0,0.02294,594.0,0.02295,1308.0
1753617322508,11:55:22.508,okx,ACH/USDT:USDT,0.02293,130.0,0.02292,1409.0,0.02294,594.0,0.02295,1308.0
1753617322608,11:55:22.608,okx,ACH/USDT:USDT,0.02293,132.0,0.02292,1409.0,0.02294,594.0,0.02295,1308.0
1753617323108,11:55:23.108,okx,ACH/USDT:USDT,0.02293,132.0,0.02292,1699.0,0.02294,594.0,0.02295,1308.0
1753617323208,11:55:23.208,okx,ACH/USDT:USDT,0.02293,132.0,0.02292,1699.0,0.02294,594.0,0.02295,1308.0
1753617323308,11:55:23.308,okx,ACH/USDT:USDT,0.02293,242.0,0.02292,1699.0,0.02294,594.0,0.02295,1308.0
1753617323508,11:55:23.508,okx,ACH/USDT:USDT,0.02293,242.0,0.02292,1699.0,0.02294,594.0,0.02295,1308.0
1753617323808,11:55:23.808,okx,ACH/USDT:USDT,0.02293,442.0,0.02292,1699.0,0.02294,330.0,0.02295,1308.0
1753617324008,11:55:24.008,okx,ACH/USDT:USDT,0.02293,442.0,0.02292,1699.0,0.02294,330.0,0.02295,1308.0
1753617324108,11:55:24.108,okx,ACH/USDT:USDT,0.02293,442.0,0.02292,1699.0,0.02294,330.0,0.02295,1308.0
1753617324408,11:55:24.408,okx,ACH/USDT:USDT,0.02293,605.0,0.02292,1894.0,0.02294,168.0,0.02295,1108.0
1753617324508,11:55:24.508,okx,ACH/USDT:USDT,0.02293,568.0,0.02292,1894.0,0.02294,168.0,0.02295,1108.0
1753617324908,11:55:24.908,okx,ACH/USDT:USDT,0.02293,568.0,0.02292,1894.0,0.02294,205.0,0.02295,1108.0
1753617325108,11:55:25.108,okx,ACH/USDT:USDT,0.02293,568.0,0.02292,1894.0,0.02294,48.0,0.02295,1065.0
1753617325308,11:55:25.308,okx,ACH/USDT:USDT,0.02293,568.0,0.02292,1894.0,0.02294,347.0,0.02295,1065.0
1753617325808,11:55:25.808,okx,ACH/USDT:USDT,0.02293,344.0,0.02292,1996.0,0.02294,347.0,0.02295,1065.0
1753617325908,11:55:25.908,okx,ACH/USDT:USDT,0.02293,344.0,0.02292,1996.0,0.02294,347.0,0.02295,1065.0
1753617326108,11:55:26.108,okx,ACH/USDT:USDT,0.02293,507.0,0.02292,1996.0,0.02294,347.0,0.02295,1065.0
1753617326208,11:55:26.208,okx,ACH/USDT:USDT,0.02293,507.0,0.02292,1996.0,0.02294,347.0,0.02295,1065.0
1753617326508,11:55:26.508,okx,ACH/USDT:USDT,0.02293,507.0,0.02292,1996.0,0.02294,347.0,0.02295,1265.0
1753617327008,11:55:27.008,okx,ACH/USDT:USDT,0.02293,507.0,0.02292,1996.0,0.02294,347.0,0.02295,1265.0
1753617327608,11:55:27.608,okx,ACH/USDT:USDT,0.02293,507.0,0.02292,1996.0,0.02294,347.0,0.02295,1265.0
1753617327908,11:55:27.908,okx,ACH/USDT:USDT,0.02293,507.0,0.02292,2039.0,0.02294,347.0,0.02295,1308.0
1753617328408,11:55:28.408,okx,ACH/USDT:USDT,0.02293,507.0,0.02292,2039.0,0.02294,347.0,0.02295,1308.0
1753617328508,11:55:28.508,okx,ACH/USDT:USDT,0.02293,507.0,0.02292,2039.0,0.02294,347.0,0.02295,1308.0
1753617328908,11:55:28.908,okx,ACH/USDT:USDT,0.02293,507.0,0.02292,2039.0,0.02294,347.0,0.02295,1308.0
1753617329408,11:55:29.408,okx,ACH/USDT:USDT,0.02293,507.0,0.02292,2039.0,0.02294,347.0,0.02295,1308.0
1753617330508,11:55:30.508,okx,ACH/USDT:USDT,0.02293,627.0,0.02292,1894.0,0.02294,348.0,0.02295,1308.0
1753617330708,11:55:30.708,okx,ACH/USDT:USDT,0.02293,397.0,0.02292,1894.0,0.02294,348.0,0.02295,1308.0
1753617330808,11:55:30.808,okx,ACH/USDT:USDT,0.02293,397.0,0.02292,1894.0,0.02294,348.0,0.02295,1308.0
1753617330908,11:55:30.908,okx,ACH/USDT:USDT,0.02293,397.0,0.02292,1894.0,0.02294,348.0,0.02295,1308.0
1753617331408,11:55:31.408,okx,ACH/USDT:USDT,0.02293,397.0,0.02292,1894.0,0.02294,348.0,0.02295,1308.0
1753617331508,11:55:31.508,okx,ACH/USDT:USDT,0.02293,235.0,0.02292,1894.0,0.02294,347.0,0.02295,1308.0
1753617331608,11:55:31.608,okx,ACH/USDT:USDT,0.02293,157.0,0.02292,1995.0,0.02294,611.0,0.02295,1308.0
1753617332008,11:55:32.008,okx,ACH/USDT:USDT,0.02293,1471.0,0.02292,1853.0,0.02294,140.0,0.02295,1970.0
1753617332208,11:55:32.208,okx,ACH/USDT:USDT,0.02293,802.0,0.02292,1853.0,0.02294,142.0,0.02295,1970.0
1753617332408,11:55:32.408,okx,ACH/USDT:USDT,0.02293,677.0,0.02292,1853.0,0.02294,142.0,0.02295,1970.0
1753617332908,11:55:32.908,okx,ACH/USDT:USDT,0.02293,677.0,0.02292,1853.0,0.02294,142.0,0.02295,1970.0
1753617334308,11:55:34.308,okx,ACH/USDT:USDT,0.02293,266.0,0.02292,1525.0,0.02294,548.0,0.02295,1051.0
1753617334708,11:55:34.708,okx,ACH/USDT:USDT,0.02293,158.0,0.02292,1235.0,0.02294,548.0,0.02295,1094.0
1753617337408,11:55:37.408,okx,ACH/USDT:USDT,0.02293,159.0,0.02292,1235.0,0.02294,548.0,0.02295,1094.0
1753617337808,11:55:37.808,okx,ACH/USDT:USDT,0.02293,161.0,0.02292,1235.0,0.02294,548.0,0.02295,1094.0
1753617338608,11:55:38.608,okx,ACH/USDT:USDT,0.02293,161.0,0.02292,1435.0,0.02294,548.0,0.02295,1094.0
1753617339408,11:55:39.408,okx,ACH/USDT:USDT,0.02293,161.0,0.02292,1526.0,0.02294,548.0,0.02295,1094.0
1753617340008,11:55:40.008,okx,ACH/USDT:USDT,0.02293,161.0,0.02292,1816.0,0.02294,548.0,0.02295,1094.0
1753617340808,11:55:40.808,okx,ACH/USDT:USDT,0.02293,161.0,0.02292,1816.0,0.02294,548.0,0.02295,1094.0
1753617343108,11:55:43.108,okx,ACH/USDT:USDT,0.02293,10.0,0.02292,1459.0,0.02294,561.0,0.02295,1095.0
1753617343308,11:55:43.308,okx,ACH/USDT:USDT,0.02293,10.0,0.02292,1459.0,0.02294,561.0,0.02295,1095.0
1753617343508,11:55:43.508,okx,ACH/USDT:USDT,0.02293,10.0,0.02292,1459.0,0.02294,561.0,0.02295,1095.0
1753617343708,11:55:43.708,okx,ACH/USDT:USDT,0.02293,10.0,0.02292,1459.0,0.02294,561.0,0.02295,1095.0
1753617343908,11:55:43.908,okx,ACH/USDT:USDT,0.02293,10.0,0.02292,1459.0,0.02294,561.0,0.02295,1095.0
1753617344108,11:55:44.108,okx,ACH/USDT:USDT,0.02293,10.0,0.02292,1459.0,0.02294,604.0,0.02295,1095.0
1753617344808,11:55:44.808,okx,ACH/USDT:USDT,0.02293,119.0,0.02292,1174.0,0.02294,524.0,0.02295,1095.0
1753617345108,11:55:45.108,okx,ACH/USDT:USDT,0.02293,119.0,0.02292,1174.0,0.02294,558.0,0.02295,1095.0
1753617345308,11:55:45.308,okx,ACH/USDT:USDT,0.02293,119.0,0.02292,1174.0,0.02294,558.0,0.02295,1095.0
1753617346208,11:55:46.208,okx,ACH/USDT:USDT,0.02293,119.0,0.02292,1174.0,0.02294,558.0,0.02295,1095.0
1753617346308,11:55:46.308,okx,ACH/USDT:USDT,0.02293,114.0,0.02292,1374.0,0.02294,619.0,0.02295,1095.0
1753617346808,11:55:46.808,okx,ACH/USDT:USDT,0.02293,142.0,0.02292,1664.0,0.02294,545.0,0.02295,1095.0
1753617347108,11:55:47.108,okx,ACH/USDT:USDT,0.02293,32.0,0.02292,1374.0,0.02294,621.0,0.02295,1095.0
1753617347608,11:55:47.608,okx,ACH/USDT:USDT,0.02293,439.0,0.02292,1531.0,0.02294,572.0,0.02295,895.0
1753617350008,11:55:50.008,okx,ACH/USDT:USDT,0.02293,274.0,0.02292,1531.0,0.02294,795.0,0.02295,980.0
1753617350808,11:55:50.808,okx,ACH/USDT:USDT,0.02293,32.0,0.02292,1359.0,0.02294,795.0,0.02295,980.0
1753617351608,11:55:51.608,okx,ACH/USDT:USDT,0.02293,32.0,0.02292,1359.0,0.02294,795.0,0.02295,1180.0
1753617351908,11:55:51.908,okx,ACH/USDT:USDT,0.02293,32.0,0.02292,1359.0,0.02294,795.0,0.02295,1180.0
1753617352208,11:55:52.208,okx,ACH/USDT:USDT,0.02293,129.0,0.02292,1359.0,0.02294,795.0,0.02295,1180.0
1753617352808,11:55:52.808,okx,ACH/USDT:USDT,0.02293,129.0,0.02292,1359.0,0.02294,795.0,0.02295,1180.0
1753617353308,11:55:53.308,okx,ACH/USDT:USDT,0.02293,32.0,0.02292,1359.0,0.02294,795.0,0.02295,1180.0
1753617353508,11:55:53.508,okx,ACH/USDT:USDT,0.02293,32.0,0.02292,1359.0,0.02294,794.0,0.02295,1180.0
1753617353908,11:55:53.908,okx,ACH/USDT:USDT,0.02293,32.0,0.02292,1359.0,0.02294,845.0,0.02295,1180.0
1753617354008,11:55:54.008,okx,ACH/USDT:USDT,0.02293,32.0,0.02292,1359.0,0.02294,845.0,0.02295,1180.0
1753617354408,11:55:54.408,okx,ACH/USDT:USDT,0.02293,157.0,0.02292,1359.0,0.02294,845.0,0.02295,1180.0
1753617355108,11:55:55.108,okx,ACH/USDT:USDT,0.02293,32.0,0.02292,1359.0,0.02294,845.0,0.02295,1180.0
1753617355408,11:55:55.408,okx,ACH/USDT:USDT,0.02293,156.0,0.02292,1649.0,0.02294,845.0,0.02295,1180.0
1753617356108,11:55:56.108,okx,ACH/USDT:USDT,0.02293,32.0,0.02292,1359.0,0.02294,845.0,0.02295,1180.0
1753617356508,11:55:56.508,okx,ACH/USDT:USDT,0.02293,155.0,0.02292,1359.0,0.02294,845.0,0.02295,1180.0
1753617356608,11:55:56.608,okx,ACH/USDT:USDT,0.02293,32.0,0.02292,1359.0,0.02294,845.0,0.02295,1180.0
1753617356708,11:55:56.708,okx,ACH/USDT:USDT,0.02293,32.0,0.02292,1159.0,0.02294,845.0,0.02295,1180.0
1753617356908,11:55:56.908,okx,ACH/USDT:USDT,0.02293,32.0,0.02292,1159.0,0.02294,845.0,0.02295,1180.0
1753617357008,11:55:57.008,okx,ACH/USDT:USDT,0.02293,32.0,0.02292,1159.0,0.02294,845.0,0.02295,1180.0
1753617357208,11:55:57.208,okx,ACH/USDT:USDT,0.02293,32.0,0.02292,1159.0,0.02294,845.0,0.02295,1180.0
1753617357508,11:55:57.508,okx,ACH/USDT:USDT,0.02293,32.0,0.02292,1159.0,0.02294,845.0,0.02295,1180.0
1753617358108,11:55:58.108,okx,ACH/USDT:USDT,0.02293,3.0,0.02292,1159.0,0.02294,851.0,0.02295,1180.0
1753617358708,11:55:58.708,okx,ACH/USDT:USDT,0.02293,2.0,0.02292,1159.0,0.02294,894.0,0.02295,1180.0
1753617360008,11:56:00.008,okx,ACH/USDT:USDT,0.02293,4.0,0.02292,1159.0,0.02294,894.0,0.02295,1180.0
1753617360508,11:56:00.508,okx,ACH/USDT:USDT,0.02293,4.0,0.02292,1159.0,0.02294,917.0,0.02295,980.0
1753617360608,11:56:00.608,okx,ACH/USDT:USDT,0.02293,4.0,0.02292,1159.0,0.02294,917.0,0.02295,980.0
1753617360708,11:56:00.708,okx,ACH/USDT:USDT,0.02293,4.0,0.02292,1159.0,0.02294,917.0,0.02295,980.0
1753617360808,11:56:00.808,okx,ACH/USDT:USDT,0.02293,4.0,0.02292,1159.0,0.02294,917.0,0.02295,984.0
1753617361108,11:56:01.108,okx,ACH/USDT:USDT,0.02293,34.0,0.02292,1667.0,0.02294,871.0,0.02295,984.0
1753617361208,11:56:01.208,okx,ACH/USDT:USDT,0.02293,34.0,0.02292,1667.0,0.02294,871.0,0.02295,984.0
1753617361408,11:56:01.408,okx,ACH/USDT:USDT,0.02293,159.0,0.02292,1377.0,0.02294,871.0,0.02295,984.0
1753617361608,11:56:01.608,okx,ACH/USDT:USDT,0.02293,535.0,0.02292,1667.0,0.02294,607.0,0.02295,984.0
1753617362308,11:56:02.308,okx,ACH/USDT:USDT,0.02293,406.0,0.02292,1667.0,0.02294,785.0,0.02295,984.0
1753617363308,11:56:03.308,okx,ACH/USDT:USDT,0.02293,271.0,0.02292,1667.0,0.02294,822.0,0.02295,984.0
1753617363408,11:56:03.408,okx,ACH/USDT:USDT,0.02293,271.0,0.02292,1667.0,0.02294,822.0,0.02295,984.0
1753617364108,11:56:04.108,okx,ACH/USDT:USDT,0.02293,271.0,0.02292,1667.0,0.02294,823.0,0.02295,984.0
1753617364308,11:56:04.308,okx,ACH/USDT:USDT,0.02293,271.0,0.02292,1667.0,0.02294,823.0,0.02295,984.0
1753617365308,11:56:05.308,okx,ACH/USDT:USDT,0.02293,271.0,0.02292,1667.0,0.02294,823.0,0.02295,984.0
1753617368208,11:56:08.208,okx,ACH/USDT:USDT,0.02293,4.0,0.02292,1377.0,0.02294,823.0,0.02295,984.0
1753617369408,11:56:09.408,okx,ACH/USDT:USDT,0.02293,441.0,0.02292,1667.0,0.02294,558.0,0.02295,984.0
1753617369608,11:56:09.608,okx,ACH/USDT:USDT,0.02293,140.0,0.02292,1667.0,0.02294,824.0,0.02295,984.0
1753617369708,11:56:09.708,okx,ACH/USDT:USDT,0.02293,268.0,0.02292,1667.0,0.02294,774.0,0.02295,984.0
1753617370308,11:56:10.308,okx,ACH/USDT:USDT,0.02293,142.0,0.02292,1667.0,0.02294,824.0,0.02295,984.0
1753617370708,11:56:10.708,okx,ACH/USDT:USDT,0.02293,142.0,0.02292,1667.0,0.02294,824.0,0.02295,984.0
1753617370908,11:56:10.908,okx,ACH/USDT:USDT,0.02293,142.0,0.02292,1667.0,0.02294,824.0,0.02295,984.0
1753617371108,11:56:11.108,okx,ACH/USDT:USDT,0.02293,142.0,0.02292,1667.0,0.02294,824.0,0.02295,984.0
1753617371308,11:56:11.308,okx,ACH/USDT:USDT,0.02293,142.0,0.02292,1667.0,0.02294,824.0,0.02295,984.0
1753617372408,11:56:12.408,okx,ACH/USDT:USDT,0.02293,594.0,0.02292,1549.0,0.02294,558.0,0.02295,984.0
1753617373208,11:56:13.208,okx,ACH/USDT:USDT,0.02293,544.0,0.02292,1549.0,0.02294,558.0,0.02295,984.0
1753617373308,11:56:13.308,okx,ACH/USDT:USDT,0.02293,544.0,0.02292,1549.0,0.02294,558.0,0.02295,984.0
1753617374308,11:56:14.308,okx,ACH/USDT:USDT,0.02293,280.0,0.02292,1549.0,0.02294,830.0,0.02295,984.0
1753617374408,11:56:14.408,okx,ACH/USDT:USDT,0.02293,280.0,0.02292,1549.0,0.02294,830.0,0.02295,984.0
1753617374608,11:56:14.608,okx,ACH/USDT:USDT,0.02293,280.0,0.02292,1549.0,0.02294,830.0,0.02295,984.0
1753617375608,11:56:15.608,okx,ACH/USDT:USDT,0.02293,280.0,0.02292,1549.0,0.02294,830.0,0.02295,984.0
1753617376108,11:56:16.108,okx,ACH/USDT:USDT,0.02293,280.0,0.02292,1549.0,0.02294,793.0,0.02295,984.0
1753617376208,11:56:16.208,okx,ACH/USDT:USDT,0.02293,280.0,0.02292,1549.0,0.02294,830.0,0.02295,984.0
1753617376408,11:56:16.408,okx,ACH/USDT:USDT,0.02293,280.0,0.02292,1549.0,0.02294,793.0,0.02295,984.0
1753617376808,11:56:16.808,okx,ACH/USDT:USDT,0.02293,330.0,0.02292,1549.0,0.02294,780.0,0.02295,984.0
1753617379408,11:56:19.408,okx,ACH/USDT:USDT,0.02293,293.0,0.02292,1834.0,0.02294,780.0,0.02295,984.0
1753617379808,11:56:19.808,okx,ACH/USDT:USDT,0.02293,258.0,0.02292,1834.0,0.02294,830.0,0.02295,984.0
1753617381308,11:56:21.308,okx,ACH/USDT:USDT,0.02293,149.0,0.02292,1973.0,0.02294,830.0,0.02295,984.0
1753617381708,11:56:21.708,okx,ACH/USDT:USDT,0.02293,122.0,0.02292,1973.0,0.02294,830.0,0.02295,984.0
1753617382208,11:56:22.208,okx,ACH/USDT:USDT,0.02293,122.0,0.02292,1973.0,0.02294,830.0,0.02295,984.0
1753617382308,11:56:22.308,okx,ACH/USDT:USDT,0.02293,122.0,0.02292,1973.0,0.02294,830.0,0.02295,984.0
1753617382508,11:56:22.508,okx,ACH/USDT:USDT,0.02293,122.0,0.02292,1973.0,0.02294,830.0,0.02295,984.0
1753617383008,11:56:23.008,okx,ACH/USDT:USDT,0.02293,148.0,0.02292,1973.0,0.02294,830.0,0.02295,984.0
1753617384008,11:56:24.008,okx,ACH/USDT:USDT,0.02293,148.0,0.02292,1973.0,0.02294,832.0,0.02295,984.0
1753617384208,11:56:24.208,okx,ACH/USDT:USDT,0.02293,148.0,0.02292,1973.0,0.02294,832.0,0.02295,984.0
1753617385508,11:56:25.508,okx,ACH/USDT:USDT,0.02293,147.0,0.02292,1973.0,0.02294,832.0,0.02295,984.0
1753617385708,11:56:25.708,okx,ACH/USDT:USDT,0.02293,197.0,0.02292,1973.0,0.02294,782.0,0.02295,984.0
1753617386008,11:56:26.008,okx,ACH/USDT:USDT,0.02293,282.0,0.02292,1973.0,0.02294,597.0,0.02295,984.0
1753617386208,11:56:26.208,okx,ACH/USDT:USDT,0.02293,262.0,0.02292,1834.0,0.02294,846.0,0.02295,984.0
1753617386408,11:56:26.408,okx,ACH/USDT:USDT,0.02293,312.0,0.02292,1834.0,0.02294,809.0,0.02295,984.0
1753617386508,11:56:26.508,okx,ACH/USDT:USDT,0.02293,312.0,0.02292,1834.0,0.02294,809.0,0.02295,984.0
1753617386608,11:56:26.608,okx,ACH/USDT:USDT,0.02293,312.0,0.02292,1834.0,0.02294,809.0,0.02295,984.0
1753617386708,11:56:26.708,okx,ACH/USDT:USDT,0.02293,211.0,0.02292,1834.0,0.02294,809.0,0.02295,984.0
1753617386808,11:56:26.808,okx,ACH/USDT:USDT,0.02293,211.0,0.02292,1834.0,0.02294,809.0,0.02295,984.0
1753617387308,11:56:27.308,okx,ACH/USDT:USDT,0.02293,302.0,0.02292,1834.0,0.02294,809.0,0.02295,984.0
1753617387708,11:56:27.708,okx,ACH/USDT:USDT,0.02293,119.0,0.02292,1616.0,0.02294,859.0,0.02295,984.0
1753617388008,11:56:28.008,okx,ACH/USDT:USDT,0.02293,119.0,0.02292,1616.0,0.02294,859.0,0.02295,984.0
1753617388208,11:56:28.208,okx,ACH/USDT:USDT,0.02293,119.0,0.02292,1616.0,0.02294,859.0,0.02295,984.0
1753617388408,11:56:28.408,okx,ACH/USDT:USDT,0.02293,119.0,0.02292,1616.0,0.02294,859.0,0.02295,984.0
1753617388508,11:56:28.508,okx,ACH/USDT:USDT,0.02293,119.0,0.02292,1616.0,0.02294,859.0,0.02295,984.0
1753617388808,11:56:28.808,okx,ACH/USDT:USDT,0.02293,28.0,0.02292,1474.0,0.02294,859.0,0.02295,984.0
1753617389008,11:56:29.008,okx,ACH/USDT:USDT,0.02293,5.0,0.02292,1474.0,0.02294,859.0,0.02295,984.0
1753617389108,11:56:29.108,okx,ACH/USDT:USDT,0.02293,3.0,0.02292,1184.0,0.02294,859.0,0.02295,984.0
1753617389308,11:56:29.308,okx,ACH/USDT:USDT,0.02293,3.0,0.02292,1184.0,0.02294,859.0,0.02295,984.0
1753617389608,11:56:29.608,okx,ACH/USDT:USDT,0.02293,3.0,0.02292,1184.0,0.02294,859.0,0.02295,984.0
1753617389808,11:56:29.808,okx,ACH/USDT:USDT,0.02293,3.0,0.02292,1184.0,0.02294,859.0,0.02295,984.0
1753617390208,11:56:30.208,okx,ACH/USDT:USDT,0.02293,3.0,0.02292,1184.0,0.02294,859.0,0.02295,984.0
1753617390308,11:56:30.308,okx,ACH/USDT:USDT,0.02293,3.0,0.02292,1184.0,0.02294,770.0,0.02295,984.0
1753617390408,11:56:30.408,okx,ACH/USDT:USDT,0.02293,3.0,0.02292,1184.0,0.02294,892.0,0.02295,984.0
1753617390608,11:56:30.608,okx,ACH/USDT:USDT,0.02293,3.0,0.02292,1184.0,0.02294,892.0,0.02295,984.0
1753617390808,11:56:30.808,okx,ACH/USDT:USDT,0.02293,3.0,0.02292,1041.0,0.02294,935.0,0.02295,988.0
1753617391308,11:56:31.308,okx,ACH/USDT:USDT,0.02292,321.0,0.02291,2202.0,0.02293,561.0,0.02294,1385.0
1753617391608,11:56:31.608,okx,ACH/USDT:USDT,0.02292,321.0,0.02291,2202.0,0.02293,561.0,0.02294,1385.0
1753617393808,11:56:33.808,okx,ACH/USDT:USDT,0.02292,321.0,0.02291,2202.0,0.02293,561.0,0.02294,1385.0
1753617394008,11:56:34.008,okx,ACH/USDT:USDT,0.02292,321.0,0.02291,2202.0,0.02293,561.0,0.02294,1385.0
1753617394108,11:56:34.108,okx,ACH/USDT:USDT,0.02292,321.0,0.02291,2202.0,0.02293,561.0,0.02294,1385.0
1753617394608,11:56:34.608,okx,ACH/USDT:USDT,0.02292,296.0,0.02291,2202.0,0.02293,561.0,0.02294,1385.0
1753617394708,11:56:34.708,okx,ACH/USDT:USDT,0.02292,129.0,0.02291,2202.0,0.02293,561.0,0.02294,1585.0
1753617395408,11:56:35.408,okx,ACH/USDT:USDT,0.02292,129.0,0.02291,2159.0,0.02293,561.0,0.02294,1585.0
1753617397308,11:56:37.308,okx,ACH/USDT:USDT,0.02291,663.0,0.0229,2784.0,0.02292,137.0,0.02293,1068.0
1753617397608,11:56:37.608,okx,ACH/USDT:USDT,0.02292,129.0,0.02291,1832.0,0.02293,1528.0,0.02294,1554.0
1753617397708,11:56:37.708,okx,ACH/USDT:USDT,0.02292,150.0,0.02291,1832.0,0.02293,1528.0,0.02294,1554.0
1753617397808,11:56:37.808,okx,ACH/USDT:USDT,0.02292,152.0,0.02291,1832.0,0.02293,1528.0,0.02294,1554.0
1753617398108,11:56:38.108,okx,ACH/USDT:USDT,0.02292,27.0,0.02291,1832.0,0.02293,1528.0,0.02294,1554.0
1753617398208,11:56:38.208,okx,ACH/USDT:USDT,0.02292,135.0,0.02291,1832.0,0.02293,1515.0,0.02294,1554.0
1753617398308,11:56:38.308,okx,ACH/USDT:USDT,0.02292,135.0,0.02291,1832.0,0.02293,1515.0,0.02294,1554.0
1753617398908,11:56:38.908,okx,ACH/USDT:USDT,0.02292,555.0,0.02291,1832.0,0.02293,363.0,0.02294,1554.0
1753617399308,11:56:39.308,okx,ACH/USDT:USDT,0.02292,555.0,0.02291,1832.0,0.02293,363.0,0.02294,1554.0
1753617399408,11:56:39.408,okx,ACH/USDT:USDT,0.02292,555.0,0.02291,1832.0,0.02293,363.0,0.02294,1554.0
1753617400508,11:56:40.508,okx,ACH/USDT:USDT,0.02292,1.0,0.02291,1462.0,0.02293,679.0,0.02294,1432.0
1753617400708,11:56:40.708,okx,ACH/USDT:USDT,0.02292,30.0,0.02291,1462.0,0.02293,679.0,0.02294,1632.0
1753617400908,11:56:40.908,okx,ACH/USDT:USDT,0.02292,30.0,0.02291,1462.0,0.02293,679.0,0.02294,1632.0
1753617401008,11:56:41.008,okx,ACH/USDT:USDT,0.02292,30.0,0.02291,1752.0,0.02293,679.0,0.02294,1632.0
1753617401208,11:56:41.208,okx,ACH/USDT:USDT,0.02292,30.0,0.02291,1752.0,0.02293,679.0,0.02294,1632.0
1753617401308,11:56:41.308,okx,ACH/USDT:USDT,0.02292,30.0,0.02291,1752.0,0.02293,679.0,0.02294,1632.0
1753617401408,11:56:41.408,okx,ACH/USDT:USDT,0.02292,30.0,0.02291,1462.0,0.02293,679.0,0.02294,1632.0
1753617401608,11:56:41.608,okx,ACH/USDT:USDT,0.02292,30.0,0.02291,1462.0,0.02293,679.0,0.02294,1632.0
1753617401708,11:56:41.708,okx,ACH/USDT:USDT,0.02292,30.0,0.02291,1462.0,0.02293,679.0,0.02294,1632.0
1753617402008,11:56:42.008,okx,ACH/USDT:USDT,0.02292,30.0,0.02291,1752.0,0.02293,679.0,0.02294,1632.0
1753617402108,11:56:42.108,okx,ACH/USDT:USDT,0.02292,136.0,0.02291,1752.0,0.02293,679.0,0.02294,1432.0
1753617402208,11:56:42.208,okx,ACH/USDT:USDT,0.02292,532.0,0.02291,1752.0,0.02293,498.0,0.02294,1432.0
1753617402308,11:56:42.308,okx,ACH/USDT:USDT,0.02292,534.0,0.02291,1752.0,0.02293,498.0,0.02294,1432.0
1753617402808,11:56:42.808,okx,ACH/USDT:USDT,0.02292,162.0,0.02291,1752.0,0.02293,706.0,0.02294,1632.0
1753617403408,11:56:43.408,okx,ACH/USDT:USDT,0.02292,30.0,0.02291,1462.0,0.02293,706.0,0.02294,1632.0
1753617404208,11:56:44.208,okx,ACH/USDT:USDT,0.02292,30.0,0.02291,1462.0,0.02293,706.0,0.02294,1632.0
1753617404408,11:56:44.408,okx,ACH/USDT:USDT,0.02292,30.0,0.02291,1462.0,0.02293,706.0,0.02294,1632.0
1753617405208,11:56:45.208,okx,ACH/USDT:USDT,0.02292,30.0,0.02291,1462.0,0.02293,706.0,0.02294,1632.0
1753617405308,11:56:45.308,okx,ACH/USDT:USDT,0.02292,30.0,0.02291,1462.0,0.02293,706.0,0.02294,1632.0
1753617405508,11:56:45.508,okx,ACH/USDT:USDT,0.02292,30.0,0.02291,1462.0,0.02293,706.0,0.02294,1632.0
1753617406408,11:56:46.408,okx,ACH/USDT:USDT,0.02292,30.0,0.02291,1462.0,0.02293,707.0,0.02294,1632.0
1753617406808,11:56:46.808,okx,ACH/USDT:USDT,0.02292,30.0,0.02291,1462.0,0.02293,707.0,0.02294,1632.0
1753617411008,11:56:51.008,okx,ACH/USDT:USDT,0.02292,1.0,0.02291,1462.0,0.02293,711.0,0.02294,1632.0
1753617411308,11:56:51.308,okx,ACH/USDT:USDT,0.02292,1.0,0.02291,1462.0,0.02293,711.0,0.02294,1632.0
1753617411508,11:56:51.508,okx,ACH/USDT:USDT,0.02292,1.0,0.02291,1462.0,0.02293,754.0,0.02294,1632.0
1753617413308,11:56:53.308,okx,ACH/USDT:USDT,0.02292,1.0,0.02291,1462.0,0.02293,753.0,0.02294,1632.0
1753617413808,11:56:53.808,okx,ACH/USDT:USDT,0.02292,1.0,0.02291,1462.0,0.02293,1635.0,0.02294,1429.0
1753617413908,11:56:53.908,okx,ACH/USDT:USDT,0.02292,1.0,0.02291,1462.0,0.02293,1878.0,0.02294,1429.0
1753617414008,11:56:54.008,okx,ACH/USDT:USDT,0.02292,1.0,0.02291,1462.0,0.02293,1878.0,0.02294,1429.0
1753617414208,11:56:54.208,okx,ACH/USDT:USDT,0.02292,1.0,0.02291,1462.0,0.02293,1881.0,0.02294,1429.0
1753617414308,11:56:54.308,okx,ACH/USDT:USDT,0.02292,1.0,0.02291,1462.0,0.02293,1894.0,0.02294,1429.0
1753617415108,11:56:55.108,okx,ACH/USDT:USDT,0.02292,1.0,0.02291,1462.0,0.02293,1010.0,0.02294,1429.0
1753617416008,11:56:56.008,okx,ACH/USDT:USDT,0.02292,1.0,0.02291,1462.0,0.02293,1010.0,0.02294,1429.0
1753617416908,11:56:56.908,okx,ACH/USDT:USDT,0.02292,1.0,0.02291,1462.0,0.02293,1010.0,0.02294,1429.0
1753617417308,11:56:57.308,okx,ACH/USDT:USDT,0.02292,1.0,0.02291,1462.0,0.02293,1014.0,0.02294,1429.0
1753617417708,11:56:57.708,okx,ACH/USDT:USDT,0.02292,1.0,0.02291,1462.0,0.02293,1014.0,0.02294,1429.0
1753617418508,11:56:58.508,okx,ACH/USDT:USDT,0.02292,1.0,0.02291,1462.0,0.02293,1016.0,0.02294,1818.0
1753617418708,11:56:58.708,okx,ACH/USDT:USDT,0.02292,1.0,0.02291,1462.0,0.02293,1016.0,0.02294,1818.0
1753617418808,11:56:58.808,okx,ACH/USDT:USDT,0.02292,1.0,0.02291,1462.0,0.02293,1016.0,0.02294,1818.0
1753617419408,11:56:59.408,okx,ACH/USDT:USDT,0.02292,1.0,0.02291,1462.0,0.02293,1016.0,0.02294,1818.0
1753617419808,11:56:59.808,okx,ACH/USDT:USDT,0.02292,1.0,0.02291,1462.0,0.02293,1016.0,0.02294,1818.0
1753617420608,11:57:00.608,okx,ACH/USDT:USDT,0.02292,1.0,0.02291,1462.0,0.02293,1017.0,0.02294,1618.0
1753617420908,11:57:00.908,okx,ACH/USDT:USDT,0.02292,1.0,0.02291,1462.0,0.02293,1009.0,0.02294,1618.0
1753617421508,11:57:01.508,okx,ACH/USDT:USDT,0.02292,29.0,0.02291,1462.0,0.02293,1009.0,0.02294,1601.0
1753617422208,11:57:02.208,okx,ACH/USDT:USDT,0.02292,293.0,0.02291,1752.0,0.02293,718.0,0.02294,1723.0
1753617422308,11:57:02.308,okx,ACH/USDT:USDT,0.02292,293.0,0.02291,1795.0,0.02293,705.0,0.02294,1723.0
1753617422508,11:57:02.508,okx,ACH/USDT:USDT,0.02292,293.0,0.02291,1795.0,0.02293,705.0,0.02294,1334.0
1753617422808,11:57:02.808,okx,ACH/USDT:USDT,0.02292,293.0,0.02291,1795.0,0.02293,705.0,0.02294,1723.0
1753617423008,11:57:03.008,okx,ACH/USDT:USDT,0.02292,293.0,0.02291,1795.0,0.02293,705.0,0.02294,1723.0
1753617423608,11:57:03.608,okx,ACH/USDT:USDT,0.02292,136.0,0.02291,1795.0,0.02293,927.0,0.02294,1639.0
1753617423708,11:57:03.708,okx,ACH/USDT:USDT,0.02292,136.0,0.02291,1795.0,0.02293,925.0,0.02294,1639.0
1753617424008,11:57:04.008,okx,ACH/USDT:USDT,0.02292,29.0,0.02291,1505.0,0.02293,977.0,0.02294,1639.0
1753617424308,11:57:04.308,okx,ACH/USDT:USDT,0.02292,29.0,0.02291,1505.0,0.02293,977.0,0.02294,1639.0
1753617424908,11:57:04.908,okx,ACH/USDT:USDT,0.02292,29.0,0.02291,1505.0,0.02293,977.0,0.02294,1639.0
1753617425008,11:57:05.008,okx,ACH/USDT:USDT,0.02292,29.0,0.02291,1505.0,0.02293,977.0,0.02294,1639.0
1753617425208,11:57:05.208,okx,ACH/USDT:USDT,0.02292,29.0,0.02291,1795.0,0.02293,977.0,0.02294,1639.0
1753617426208,11:57:06.208,okx,ACH/USDT:USDT,0.02292,29.0,0.02291,1505.0,0.02293,977.0,0.02294,1639.0
1753617427208,11:57:07.208,okx,ACH/USDT:USDT,0.02292,136.0,0.02291,1795.0,0.02293,977.0,0.02294,1639.0
1753617427608,11:57:07.608,okx,ACH/USDT:USDT,0.02292,136.0,0.02291,1795.0,0.02293,977.0,0.02294,1639.0
1753617427708,11:57:07.708,okx,ACH/USDT:USDT,0.02292,136.0,0.02291,1795.0,0.02293,977.0,0.02294,1639.0
1753617427808,11:57:07.808,okx,ACH/USDT:USDT,0.02292,29.0,0.02291,1505.0,0.02293,977.0,0.02294,1639.0
1753617428408,11:57:08.408,okx,ACH/USDT:USDT,0.02292,1.0,0.02291,1505.0,0.02293,977.0,0.02294,1639.0
1753617428708,11:57:08.708,okx,ACH/USDT:USDT,0.02292,1.0,0.02291,1462.0,0.02293,977.0,0.02294,1639.0
1753617428908,11:57:08.908,okx,ACH/USDT:USDT,0.02292,1.0,0.02291,1462.0,0.02293,977.0,0.02294,1639.0
1753617429608,11:57:09.608,okx,ACH/USDT:USDT,0.02292,1.0,0.02291,1462.0,0.02293,977.0,0.02294,1639.0
1753617431408,11:57:11.408,okx,ACH/USDT:USDT,0.02292,1.0,0.02291,1462.0,0.02293,977.0,0.02294,1639.0
1753617432008,11:57:12.008,okx,ACH/USDT:USDT,0.02292,1.0,0.02291,1462.0,0.02293,977.0,0.02294,1639.0
1753617432208,11:57:12.208,okx,ACH/USDT:USDT,0.02292,1.0,0.02291,1462.0,0.02293,977.0,0.02294,1639.0
1753617433208,11:57:13.208,okx,ACH/USDT:USDT,0.02292,1.0,0.02291,1462.0,0.02293,977.0,0.02294,1639.0
1753617433408,11:57:13.408,okx,ACH/USDT:USDT,0.02292,1.0,0.02291,1462.0,0.02293,977.0,0.02294,1639.0
1753617434008,11:57:14.008,okx,ACH/USDT:USDT,0.02292,1.0,0.02291,1462.0,0.02293,977.0,0.02294,1639.0
1753617434408,11:57:14.408,okx,ACH/USDT:USDT,0.02292,1.0,0.02291,1462.0,0.02293,977.0,0.02294,1639.0
1753617435008,11:57:15.008,okx,ACH/USDT:USDT,0.02292,1.0,0.02291,1462.0,0.02293,977.0,0.02294,1639.0
1753617435408,11:57:15.408,okx,ACH/USDT:USDT,0.02292,1.0,0.02291,1462.0,0.02293,977.0,0.02294,1639.0
1753617435508,11:57:15.508,okx,ACH/USDT:USDT,0.02292,1.0,0.02291,1462.0,0.02293,977.0,0.02294,1639.0
1753617435608,11:57:15.608,okx,ACH/USDT:USDT,0.02292,1.0,0.02291,1462.0,0.02293,977.0,0.02294,1639.0
1753617436208,11:57:16.208,okx,ACH/USDT:USDT,0.02292,1.0,0.02291,1335.0,0.02293,980.0,0.02294,1639.0
1753617436708,11:57:16.708,okx,ACH/USDT:USDT,0.02291,384.0,0.0229,3852.0,0.02292,281.0,0.02293,1145.0
1753617436808,11:57:16.808,okx,ACH/USDT:USDT,0.02291,384.0,0.0229,3852.0,0.02292,281.0,0.02293,1145.0
1753617437208,11:57:17.208,okx,ACH/USDT:USDT,0.02291,347.0,0.0229,3852.0,0.02292,282.0,0.02293,1140.0
1753617437308,11:57:17.308,okx,ACH/USDT:USDT,0.02291,347.0,0.0229,3852.0,0.02292,282.0,0.02293,1140.0
1753617438008,11:57:18.008,okx,ACH/USDT:USDT,0.02291,561.0,0.0229,3725.0,0.02292,30.0,0.02293,1084.0
1753617438808,11:57:18.808,okx,ACH/USDT:USDT,0.02291,551.0,0.0229,3725.0,0.02292,30.0,0.02293,1213.0
1753617440008,11:57:20.008,okx,ACH/USDT:USDT,0.02291,551.0,0.0229,3725.0,0.02292,143.0,0.02293,1213.0
1753617440808,11:57:20.808,okx,ACH/USDT:USDT,0.02291,564.0,0.0229,3725.0,0.02292,35.0,0.02293,1213.0
1753617441008,11:57:21.008,okx,ACH/USDT:USDT,0.02291,564.0,0.0229,3725.0,0.02292,35.0,0.02293,1213.0
1753617441308,11:57:21.308,okx,ACH/USDT:USDT,0.02291,527.0,0.0229,3440.0,0.02292,7.0,0.02293,1213.0
1753617441408,11:57:21.408,okx,ACH/USDT:USDT,0.02291,564.0,0.0229,3440.0,0.02292,7.0,0.02293,1213.0
1753617441508,11:57:21.508,okx,ACH/USDT:USDT,0.02291,527.0,0.0229,3440.0,0.02292,34.0,0.02293,1213.0
1753617441608,11:57:21.608,okx,ACH/USDT:USDT,0.02291,564.0,0.0229,3440.0,0.02292,34.0,0.02293,1213.0
1753617442108,11:57:22.108,okx,ACH/USDT:USDT,0.02292,173.0,0.02291,2081.0,0.02293,929.0,0.02294,1555.0
1753617442208,11:57:22.208,okx,ACH/USDT:USDT,0.02292,175.0,0.02291,2081.0,0.02293,931.0,0.02294,1555.0
1753617442408,11:57:22.408,okx,ACH/USDT:USDT,0.02292,175.0,0.02291,2081.0,0.02293,931.0,0.02294,1555.0
1753617444608,11:57:24.608,okx,ACH/USDT:USDT,0.02292,139.0,0.02291,2081.0,0.02293,981.0,0.02294,1555.0
1753617445008,11:57:25.008,okx,ACH/USDT:USDT,0.02292,28.0,0.02291,2081.0,0.02293,981.0,0.02294,1555.0
1753617445808,11:57:25.808,okx,ACH/USDT:USDT,0.02292,2.0,0.02291,1548.0,0.02293,981.0,0.02294,1759.0
1753617446108,11:57:26.108,okx,ACH/USDT:USDT,0.02292,2.0,0.02291,1548.0,0.02293,981.0,0.02294,1759.0
1753617446208,11:57:26.208,okx,ACH/USDT:USDT,0.02292,2.0,0.02291,1548.0,0.02293,981.0,0.02294,1759.0
1753617446908,11:57:26.908,okx,ACH/USDT:USDT,0.02292,2.0,0.02291,1548.0,0.02293,981.0,0.02294,1759.0
1753617447108,11:57:27.108,okx,ACH/USDT:USDT,0.02292,2.0,0.02291,1548.0,0.02293,1942.0,0.02294,2195.0
1753617447208,11:57:27.208,okx,ACH/USDT:USDT,0.02292,2.0,0.02291,1548.0,0.02293,1942.0,0.02294,2195.0
1753617447408,11:57:27.408,okx,ACH/USDT:USDT,0.02292,2.0,0.02291,1548.0,0.02293,1942.0,0.02294,2195.0
1753617447708,11:57:27.708,okx,ACH/USDT:USDT,0.02292,2.0,0.02291,1548.0,0.02293,1942.0,0.02294,2195.0
1753617448408,11:57:28.408,okx,ACH/USDT:USDT,0.02292,2.0,0.02291,1548.0,0.02293,981.0,0.02294,2195.0
1753617448608,11:57:28.608,okx,ACH/USDT:USDT,0.02292,2.0,0.02291,1548.0,0.02293,981.0,0.02294,2195.0
1753617451808,11:57:31.808,okx,ACH/USDT:USDT,0.02292,2.0,0.02291,1548.0,0.02293,981.0,0.02294,2195.0
1753617452208,11:57:32.208,okx,ACH/USDT:USDT,0.02292,2.0,0.02291,1548.0,0.02293,981.0,0.02294,2195.0
1753617453208,11:57:33.208,okx,ACH/USDT:USDT,0.02292,2.0,0.02291,1548.0,0.02293,981.0,0.02294,2195.0
1753617453508,11:57:33.508,okx,ACH/USDT:USDT,0.02292,2.0,0.02291,1310.0,0.02293,1024.0,0.02294,2506.0
1753617453608,11:57:33.608,okx,ACH/USDT:USDT,0.02292,2.0,0.02291,1189.0,0.02293,1024.0,0.02294,3123.0
1753617453808,11:57:33.808,okx,ACH/USDT:USDT,0.02292,2.0,0.02291,1286.0,0.02293,1024.0,0.02294,3123.0
1753617453908,11:57:33.908,okx,ACH/USDT:USDT,0.02292,2.0,0.02291,1512.0,0.02293,1024.0,0.02294,3123.0
1753617454108,11:57:34.108,okx,ACH/USDT:USDT,0.02292,2.0,0.02291,1512.0,0.02293,1224.0,0.02294,3123.0
1753617454208,11:57:34.208,okx,ACH/USDT:USDT,0.02292,2.0,0.02291,1512.0,0.02293,1224.0,0.02294,3123.0
1753617454608,11:57:34.608,okx,ACH/USDT:USDT,0.02292,2.0,0.02291,1512.0,0.02293,1224.0,0.02294,3123.0
1753617454708,11:57:34.708,okx,ACH/USDT:USDT,0.02292,2.0,0.02291,1512.0,0.02293,1224.0,0.02294,3123.0
1753617455808,11:57:35.808,okx,ACH/USDT:USDT,0.02292,2.0,0.02291,1512.0,0.02293,1224.0,0.02294,3123.0
1753617456108,11:57:36.108,okx,ACH/USDT:USDT,0.02292,2.0,0.02291,1512.0,0.02293,1224.0,0.02294,3123.0
1753617456208,11:57:36.208,okx,ACH/USDT:USDT,0.02292,2.0,0.02291,1512.0,0.02293,1224.0,0.02294,3123.0
1753617456708,11:57:36.708,okx,ACH/USDT:USDT,0.02291,238.0,0.0229,3564.0,0.02292,534.0,0.02293,1040.0
1753617457008,11:57:37.008,okx,ACH/USDT:USDT,0.02291,34.0,0.0229,3564.0,0.02292,1145.0,0.02293,1364.0
1753617457108,11:57:37.108,okx,ACH/USDT:USDT,0.02291,34.0,0.0229,3564.0,0.02292,1145.0,0.02293,1364.0
1753617457208,11:57:37.208,okx,ACH/USDT:USDT,0.02291,34.0,0.0229,3564.0,0.02292,1145.0,0.02293,1364.0
1753617457908,11:57:37.908,okx,ACH/USDT:USDT,0.02291,34.0,0.0229,3274.0,0.02292,1145.0,0.02293,1364.0
1753617458008,11:57:38.008,okx,ACH/USDT:USDT,0.02291,34.0,0.0229,3274.0,0.02292,1145.0,0.02293,1364.0
1753617458108,11:57:38.108,okx,ACH/USDT:USDT,0.02291,34.0,0.0229,3564.0,0.02292,1145.0,0.02293,1364.0
1753617458408,11:57:38.408,okx,ACH/USDT:USDT,0.02291,3.0,0.0229,3231.0,0.02292,1145.0,0.02293,1364.0
1753617458708,11:57:38.708,okx,ACH/USDT:USDT,0.02291,3.0,0.0229,3231.0,0.02292,951.0,0.02293,1364.0
1753617459608,11:57:39.608,okx,ACH/USDT:USDT,0.02291,3.0,0.0229,3231.0,0.02292,951.0,0.02293,1364.0
1753617460108,11:57:40.108,okx,ACH/USDT:USDT,0.02291,3.0,0.0229,3231.0,0.02292,951.0,0.02293,1364.0
1753617460208,11:57:40.208,okx,ACH/USDT:USDT,0.02291,3.0,0.0229,3231.0,0.02292,951.0,0.02293,1364.0
1753617460508,11:57:40.508,okx,ACH/USDT:USDT,0.02291,404.0,0.0229,3521.0,0.02292,541.0,0.02293,1753.0
1753617461108,11:57:41.108,okx,ACH/USDT:USDT,0.02291,404.0,0.0229,3521.0,0.02292,541.0,0.02293,1753.0
1753617461308,11:57:41.308,okx,ACH/USDT:USDT,0.02291,140.0,0.0229,3521.0,0.02292,719.0,0.02293,1600.0
1753617461408,11:57:41.408,okx,ACH/USDT:USDT,0.02291,140.0,0.0229,3521.0,0.02292,719.0,0.02293,1600.0
1753617461608,11:57:41.608,okx,ACH/USDT:USDT,0.02291,404.0,0.0229,3521.0,0.02292,520.0,0.02293,1600.0
1753617462008,11:57:42.008,okx,ACH/USDT:USDT,0.02291,585.0,0.0229,3440.0,0.02292,470.0,0.02293,1400.0
1753617462108,11:57:42.108,okx,ACH/USDT:USDT,0.02291,585.0,0.0229,3440.0,0.02292,359.0,0.02293,1400.0
1753617462808,11:57:42.808,okx,ACH/USDT:USDT,0.02291,548.0,0.0229,3440.0,0.02292,359.0,0.02293,1400.0
1753617462908,11:57:42.908,okx,ACH/USDT:USDT,0.02291,548.0,0.0229,3440.0,0.02292,359.0,0.02293,1400.0
1753617463008,11:57:43.008,okx,ACH/USDT:USDT,0.02291,551.0,0.0229,3440.0,0.02292,359.0,0.02293,1400.0
1753617463308,11:57:43.308,okx,ACH/USDT:USDT,0.02291,551.0,0.0229,3440.0,0.02292,359.0,0.02293,1400.0
1753617464008,11:57:44.008,okx,ACH/USDT:USDT,0.02291,588.0,0.0229,3440.0,0.02292,359.0,0.02293,1400.0
1753617464108,11:57:44.108,okx,ACH/USDT:USDT,0.02291,551.0,0.0229,3440.0,0.02292,359.0,0.02293,1400.0
1753617465208,11:57:45.208,okx,ACH/USDT:USDT,0.02291,551.0,0.0229,3440.0,0.02292,359.0,0.02293,1400.0
1753617465508,11:57:45.508,okx,ACH/USDT:USDT,0.02291,588.0,0.0229,3440.0,0.02292,359.0,0.02293,1400.0
1753617465808,11:57:45.808,okx,ACH/USDT:USDT,0.02291,588.0,0.0229,3440.0,0.02292,359.0,0.02293,1400.0
1753617468108,11:57:48.108,okx,ACH/USDT:USDT,0.02291,588.0,0.0229,3440.0,0.02292,221.0,0.02293,1545.0
1753617470208,11:57:50.208,okx,ACH/USDT:USDT,0.02291,588.0,0.0229,3440.0,0.02292,466.0,0.02293,1302.0
1753617471708,11:57:51.708,okx,ACH/USDT:USDT,0.02291,538.0,0.0229,3440.0,0.02292,584.0,0.02293,1157.0
1753617472408,11:57:52.408,okx,ACH/USDT:USDT,0.02291,588.0,0.0229,3440.0,0.02292,995.0,0.02293,1157.0
1753617473408,11:57:53.408,okx,ACH/USDT:USDT,0.02291,588.0,0.0229,3440.0,0.02292,877.0,0.02293,1277.0
1753617477708,11:57:57.708,okx,ACH/USDT:USDT,0.02291,588.0,0.0229,3725.0,0.02292,853.0,0.02293,1277.0
1753617478908,11:57:58.908,okx,ACH/USDT:USDT,0.02291,788.0,0.0229,3725.0,0.02292,853.0,0.02293,1277.0
1753617479508,11:57:59.508,okx,ACH/USDT:USDT,0.02291,788.0,0.0229,3725.0,0.02292,881.0,0.02293,1277.0
1753617480308,11:58:00.308,okx,ACH/USDT:USDT,0.02291,788.0,0.0229,3725.0,0.02292,881.0,0.02293,885.0
1753617480908,11:58:00.908,okx,ACH/USDT:USDT,0.02291,788.0,0.0229,3725.0,0.02292,881.0,0.02293,886.0
1753617481308,11:58:01.308,okx,ACH/USDT:USDT,0.02291,788.0,0.0229,3725.0,0.02292,881.0,0.02293,886.0
1753617481708,11:58:01.708,okx,ACH/USDT:USDT,0.02291,788.0,0.0229,3725.0,0.02292,881.0,0.02293,886.0
1753617482008,11:58:02.008,okx,ACH/USDT:USDT,0.02291,788.0,0.0229,3725.0,0.02292,853.0,0.02293,886.0
1753617483208,11:58:03.208,okx,ACH/USDT:USDT,0.02291,788.0,0.0229,3440.0,0.02292,879.0,0.02293,886.0
1753617484108,11:58:04.108,okx,ACH/USDT:USDT,0.02291,788.0,0.0229,3440.0,0.02292,879.0,0.02293,886.0
1753617484208,11:58:04.208,okx,ACH/USDT:USDT,0.02291,788.0,0.0229,3440.0,0.02292,879.0,0.02293,886.0
1753617484308,11:58:04.308,okx,ACH/USDT:USDT,0.02291,788.0,0.0229,3440.0,0.02292,879.0,0.02293,886.0
1753617484508,11:58:04.508,okx,ACH/USDT:USDT,0.02291,788.0,0.0229,3440.0,0.02292,879.0,0.02293,886.0
1753617485908,11:58:05.908,okx,ACH/USDT:USDT,0.02291,788.0,0.0229,3440.0,0.02292,879.0,0.02293,886.0
1753617487108,11:58:07.108,okx,ACH/USDT:USDT,0.02291,788.0,0.0229,3440.0,0.02292,879.0,0.02293,886.0
1753617488308,11:58:08.308,okx,ACH/USDT:USDT,0.02291,788.0,0.0229,3725.0,0.02292,879.0,0.02293,886.0
1753617488508,11:58:08.508,okx,ACH/USDT:USDT,0.02291,788.0,0.0229,3725.0,0.02292,854.0,0.02293,886.0
1753617488608,11:58:08.608,okx,ACH/USDT:USDT,0.02291,788.0,0.0229,3725.0,0.02292,854.0,0.02293,886.0
1753617489008,11:58:09.008,okx,ACH/USDT:USDT,0.02291,788.0,0.0229,3725.0,0.02292,881.0,0.02293,886.0
1753617489108,11:58:09.108,okx,ACH/USDT:USDT,0.02291,788.0,0.0229,3725.0,0.02292,881.0,0.02293,886.0
1753617489608,11:58:09.608,okx,ACH/USDT:USDT,0.02291,788.0,0.0229,3725.0,0.02292,881.0,0.02293,886.0
1753617490208,11:58:10.208,okx,ACH/USDT:USDT,0.02291,788.0,0.0229,3725.0,0.02292,881.0,0.02293,886.0
1753617492208,11:58:12.208,okx,ACH/USDT:USDT,0.02291,474.0,0.0229,3440.0,0.02292,1633.0,0.02293,978.0
1753617492308,11:58:12.308,okx,ACH/USDT:USDT,0.02291,474.0,0.0229,3440.0,0.02292,1633.0,0.02293,978.0
1753617492608,11:58:12.608,okx,ACH/USDT:USDT,0.02291,474.0,0.0229,3440.0,0.02292,1633.0,0.02293,978.0
1753617492908,11:58:12.908,okx,ACH/USDT:USDT,0.02291,788.0,0.0229,3725.0,0.02292,1185.0,0.02293,978.0
1753617493008,11:58:13.008,okx,ACH/USDT:USDT,0.02291,788.0,0.0229,3725.0,0.02292,1187.0,0.02293,1097.0
1753617494208,11:58:14.208,okx,ACH/USDT:USDT,0.02291,788.0,0.0229,3725.0,0.02292,1187.0,0.02293,1097.0
1753617494808,11:58:14.808,okx,ACH/USDT:USDT,0.02291,474.0,0.0229,3440.0,0.02292,1642.0,0.02293,978.0
1753617495108,11:58:15.108,okx,ACH/USDT:USDT,0.02291,340.0,0.0229,3559.0,0.02292,1642.0,0.02293,978.0
1753617495808,11:58:15.808,okx,ACH/USDT:USDT,0.02291,478.0,0.0229,3440.0,0.02292,1642.0,0.02293,978.0
1753617496008,11:58:16.008,okx,ACH/USDT:USDT,0.02291,478.0,0.0229,3440.0,0.02292,1378.0,0.02293,978.0
1753617496108,11:58:16.108,okx,ACH/USDT:USDT,0.02291,792.0,0.0229,3440.0,0.02292,1328.0,0.02293,978.0
1753617496408,11:58:16.408,okx,ACH/USDT:USDT,0.02291,792.0,0.0229,3440.0,0.02292,1328.0,0.02293,978.0
1753617498308,11:58:18.308,okx,ACH/USDT:USDT,0.02291,742.0,0.0229,3440.0,0.02292,1365.0,0.02293,978.0
1753617500008,11:58:20.008,okx,ACH/USDT:USDT,0.02291,742.0,0.0229,3440.0,0.02292,1378.0,0.02293,978.0
1753617500408,11:58:20.408,okx,ACH/USDT:USDT,0.02291,742.0,0.0229,3725.0,0.02292,1378.0,0.02293,978.0
1753617501208,11:58:21.208,okx,ACH/USDT:USDT,0.02291,742.0,0.0229,3725.0,0.02292,1378.0,0.02293,978.0
1753617502308,11:58:22.308,okx,ACH/USDT:USDT,0.02291,742.0,0.0229,3725.0,0.02292,1378.0,0.02293,978.0
1753617503208,11:58:23.208,okx,ACH/USDT:USDT,0.02291,742.0,0.0229,3725.0,0.02292,1378.0,0.02293,978.0
1753617503508,11:58:23.508,okx,ACH/USDT:USDT,0.02291,229.0,0.0229,3854.0,0.02292,1669.0,0.02293,935.0
1753617503808,11:58:23.808,okx,ACH/USDT:USDT,0.02291,229.0,0.0229,3854.0,0.02292,1669.0,0.02293,935.0
1753617504308,11:58:24.308,okx,ACH/USDT:USDT,0.02291,229.0,0.0229,3569.0,0.02292,1669.0,0.02293,935.0
1753617504608,11:58:24.608,okx,ACH/USDT:USDT,0.02291,229.0,0.0229,3569.0,0.02292,1669.0,0.02293,935.0
1753617505108,11:58:25.108,okx,ACH/USDT:USDT,0.02291,229.0,0.0229,3569.0,0.02292,1669.0,0.02293,935.0
1753617506008,11:58:26.008,okx,ACH/USDT:USDT,0.02291,741.0,0.0229,3440.0,0.02292,1392.0,0.02293,935.0
1753617506308,11:58:26.308,okx,ACH/USDT:USDT,0.02291,741.0,0.0229,3440.0,0.02292,1405.0,0.02293,935.0
1753617508208,11:58:28.208,okx,ACH/USDT:USDT,0.02291,741.0,0.0229,3440.0,0.02292,1405.0,0.02293,935.0
1753617509808,11:58:29.808,okx,ACH/USDT:USDT,0.02291,340.0,0.0229,3440.0,0.02292,1669.0,0.02293,935.0
1753617510608,11:58:30.608,okx,ACH/USDT:USDT,0.02291,340.0,0.0229,3570.0,0.02292,1405.0,0.02293,935.0
1753617510708,11:58:30.708,okx,ACH/USDT:USDT,0.02291,340.0,0.0229,3570.0,0.02292,1405.0,0.02293,935.0
1753617511308,11:58:31.308,okx,ACH/USDT:USDT,0.02291,741.0,0.0229,3440.0,0.02292,1401.0,0.02293,935.0
1753617511408,11:58:31.408,okx,ACH/USDT:USDT,0.02291,741.0,0.0229,3440.0,0.02292,1401.0,0.02293,935.0
1753617512208,11:58:32.208,okx,ACH/USDT:USDT,0.02291,791.0,0.0229,3725.0,0.02292,1210.0,0.02293,1068.0
1753617512308,11:58:32.308,okx,ACH/USDT:USDT,0.02291,791.0,0.0229,3725.0,0.02292,1210.0,0.02293,1068.0
1753617512508,11:58:32.508,okx,ACH/USDT:USDT,0.02291,1025.0,0.0229,3725.0,0.02292,264.0,0.02293,813.0
1753617513008,11:58:33.008,okx,ACH/USDT:USDT,0.02291,988.0,0.0229,2582.0,0.02292,295.0,0.02293,813.0
1753617513408,11:58:33.408,okx,ACH/USDT:USDT,0.02291,1028.0,0.0229,2582.0,0.02292,295.0,0.02293,813.0
1753617514708,11:58:34.708,okx,ACH/USDT:USDT,0.02291,935.0,0.0229,2582.0,0.02292,330.0,0.02293,813.0
1753617514808,11:58:34.808,okx,ACH/USDT:USDT,0.02291,948.0,0.0229,2582.0,0.02292,293.0,0.02293,813.0
1753617514908,11:58:34.908,okx,ACH/USDT:USDT,0.02291,948.0,0.0229,2582.0,0.02292,293.0,0.02293,813.0
1753617516108,11:58:36.108,okx,ACH/USDT:USDT,0.02291,982.0,0.0229,2582.0,0.02292,293.0,0.02293,813.0
1753617516308,11:58:36.308,okx,ACH/USDT:USDT,0.02291,982.0,0.0229,2582.0,0.02292,293.0,0.02293,813.0
1753617516708,11:58:36.708,okx,ACH/USDT:USDT,0.02291,982.0,0.0229,2582.0,0.02292,293.0,0.02293,813.0
1753617517808,11:58:37.808,okx,ACH/USDT:USDT,0.02291,982.0,0.0229,2582.0,0.02292,293.0,0.02293,813.0
1753617517908,11:58:37.908,okx,ACH/USDT:USDT,0.02291,982.0,0.0229,2582.0,0.02292,293.0,0.02293,813.0
1753617518408,11:58:38.408,okx,ACH/USDT:USDT,0.02291,982.0,0.0229,2582.0,0.02292,264.0,0.02293,813.0
1753617519108,11:58:39.108,okx,ACH/USDT:USDT,0.02291,985.0,0.0229,2582.0,0.02292,264.0,0.02293,813.0
1753617520408,11:58:40.408,okx,ACH/USDT:USDT,0.02291,284.0,0.0229,1215.0,0.02292,765.0,0.02293,895.0
1753617520908,11:58:40.908,okx,ACH/USDT:USDT,0.02291,284.0,0.0229,1215.0,0.02292,765.0,0.02293,895.0
1753617521508,11:58:41.508,okx,ACH/USDT:USDT,0.02291,143.0,0.0229,1215.0,0.02292,802.0,0.02293,895.0
1753617522208,11:58:42.208,okx,ACH/USDT:USDT,0.02291,143.0,0.0229,1337.0,0.02292,802.0,0.02293,895.0
1753617522808,11:58:42.808,okx,ACH/USDT:USDT,0.02291,143.0,0.0229,1337.0,0.02292,802.0,0.02293,895.0
1753617523308,11:58:43.308,okx,ACH/USDT:USDT,0.02291,31.0,0.0229,1047.0,0.02292,802.0,0.02293,895.0
1753617523408,11:58:43.408,okx,ACH/USDT:USDT,0.02291,31.0,0.0229,1047.0,0.02292,802.0,0.02293,895.0
1753617523608,11:58:43.608,okx,ACH/USDT:USDT,0.02291,31.0,0.0229,1047.0,0.02292,802.0,0.02293,895.0
1753617524108,11:58:44.108,okx,ACH/USDT:USDT,0.02291,142.0,0.0229,1337.0,0.02292,765.0,0.02293,895.0
1753617524408,11:58:44.408,okx,ACH/USDT:USDT,0.02291,142.0,0.0229,1337.0,0.02292,802.0,0.02293,895.0
1753617525208,11:58:45.208,okx,ACH/USDT:USDT,0.02291,142.0,0.0229,1337.0,0.02292,802.0,0.02293,895.0
1753617525308,11:58:45.308,okx,ACH/USDT:USDT,0.02291,142.0,0.0229,1337.0,0.02292,802.0,0.02293,895.0
1753617525408,11:58:45.408,okx,ACH/USDT:USDT,0.02291,142.0,0.0229,1337.0,0.02292,802.0,0.02293,895.0
1753617525808,11:58:45.808,okx,ACH/USDT:USDT,0.02291,142.0,0.0229,1337.0,0.02292,765.0,0.02293,895.0
1753617526708,11:58:46.708,okx,ACH/USDT:USDT,0.02291,142.0,0.0229,1475.0,0.02292,765.0,0.02293,895.0
1753617527108,11:58:47.108,okx,ACH/USDT:USDT,0.02291,142.0,0.0229,1475.0,0.02292,765.0,0.02293,895.0
1753617527208,11:58:47.208,okx,ACH/USDT:USDT,0.02291,281.0,0.0229,1353.0,0.02292,765.0,0.02293,895.0
1753617528308,11:58:48.308,okx,ACH/USDT:USDT,0.02291,595.0,0.0229,1396.0,0.02292,419.0,0.02293,934.0
1753617530008,11:58:50.008,okx,ACH/USDT:USDT,0.02291,595.0,0.0229,1396.0,0.02292,422.0,0.02293,934.0
1753617531008,11:58:51.008,okx,ACH/USDT:USDT,0.02291,281.0,0.0229,1396.0,0.02292,979.0,0.02293,934.0
1753617531108,11:58:51.108,okx,ACH/USDT:USDT,0.02291,281.0,0.0229,1396.0,0.02292,981.0,0.02293,934.0
1753617531408,11:58:51.408,okx,ACH/USDT:USDT,0.02291,281.0,0.0229,1396.0,0.02292,980.0,0.02293,934.0
1753617533408,11:58:53.408,okx,ACH/USDT:USDT,0.02291,773.0,0.0229,3486.0,0.02292,693.0,0.02293,934.0
1753617535508,11:58:55.508,okx,ACH/USDT:USDT,0.02291,786.0,0.0229,3486.0,0.02292,565.0,0.02293,1061.0
1753617537308,11:58:57.308,okx,ACH/USDT:USDT,0.02291,786.0,0.0229,3486.0,0.02292,537.0,0.02293,1061.0
1753617537808,11:58:57.808,okx,ACH/USDT:USDT,0.02291,786.0,0.0229,3486.0,0.02292,537.0,0.02293,1061.0
1753617538508,11:58:58.508,okx,ACH/USDT:USDT,0.02291,786.0,0.0229,3486.0,0.02292,537.0,0.02293,1061.0
1753617538908,11:58:58.908,okx,ACH/USDT:USDT,0.02291,786.0,0.0229,3486.0,0.02292,537.0,0.02293,1061.0
1753617539608,11:58:59.608,okx,ACH/USDT:USDT,0.02291,786.0,0.0229,3486.0,0.02292,537.0,0.02293,1061.0
1753617540108,11:59:00.108,okx,ACH/USDT:USDT,0.02291,786.0,0.0229,3486.0,0.02292,562.0,0.02293,1060.0
1753617540308,11:59:00.308,okx,ACH/USDT:USDT,0.02291,786.0,0.0229,3486.0,0.02292,562.0,0.02293,1060.0
1753617540408,11:59:00.408,okx,ACH/USDT:USDT,0.02291,786.0,0.0229,3486.0,0.02292,554.0,0.02293,1060.0
1753617540908,11:59:00.908,okx,ACH/USDT:USDT,0.02291,786.0,0.0229,3486.0,0.02292,554.0,0.02293,1060.0
1753617542408,11:59:02.408,okx,ACH/USDT:USDT,0.02291,597.0,0.0229,3486.0,0.02292,554.0,0.02293,1060.0
1753617542808,11:59:02.808,okx,ACH/USDT:USDT,0.02291,597.0,0.0229,3486.0,0.02292,554.0,0.02293,1060.0
1753617545108,11:59:05.108,okx,ACH/USDT:USDT,0.02291,786.0,0.0229,3486.0,0.02292,581.0,0.02293,1060.0
1753617545508,11:59:05.508,okx,ACH/USDT:USDT,0.02292,173.0,0.02291,2173.0,0.02293,429.0,0.02294,1372.0
1753617548408,11:59:08.408,okx,ACH/USDT:USDT,0.02292,136.0,0.02291,1981.0,0.02293,674.0,0.02294,1372.0
1753617548508,11:59:08.508,okx,ACH/USDT:USDT,0.02292,136.0,0.02291,1981.0,0.02293,674.0,0.02294,1372.0
1753617548708,11:59:08.708,okx,ACH/USDT:USDT,0.02292,136.0,0.02291,1981.0,0.02293,674.0,0.02294,1372.0
1753617548808,11:59:08.808,okx,ACH/USDT:USDT,0.02292,136.0,0.02291,1981.0,0.02293,674.0,0.02294,1372.0
1753617549208,11:59:09.208,okx,ACH/USDT:USDT,0.02292,136.0,0.02291,1981.0,0.02293,674.0,0.02294,1372.0
1753617549308,11:59:09.308,okx,ACH/USDT:USDT,0.02292,136.0,0.02291,1981.0,0.02293,711.0,0.02294,1372.0
1753617549408,11:59:09.408,okx,ACH/USDT:USDT,0.02292,136.0,0.02291,1981.0,0.02293,674.0,0.02294,1372.0
1753617549508,11:59:09.508,okx,ACH/USDT:USDT,0.02292,136.0,0.02291,1981.0,0.02293,674.0,0.02294,1372.0
1753617550708,11:59:10.708,okx,ACH/USDT:USDT,0.02292,760.0,0.02291,2221.0,0.02293,300.0,0.02294,979.0
1753617551008,11:59:11.008,okx,ACH/USDT:USDT,0.02292,760.0,0.02291,2221.0,0.02293,300.0,0.02294,979.0
1753617551108,11:59:11.108,okx,ACH/USDT:USDT,0.02292,760.0,0.02291,2221.0,0.02293,300.0,0.02294,979.0
1753617551208,11:59:11.208,okx,ACH/USDT:USDT,0.02292,760.0,0.02291,2221.0,0.02293,300.0,0.02294,979.0
1753617551408,11:59:11.408,okx,ACH/USDT:USDT,0.02292,760.0,0.02291,2221.0,0.02293,300.0,0.02294,979.0
1753617552308,11:59:12.308,okx,ACH/USDT:USDT,0.02292,760.0,0.02291,2221.0,0.02293,300.0,0.02294,979.0
1753617552708,11:59:12.708,okx,ACH/USDT:USDT,0.02292,760.0,0.02291,2221.0,0.02293,173.0,0.02294,979.0
1753617553008,11:59:13.008,okx,ACH/USDT:USDT,0.02292,760.0,0.02291,2221.0,0.02293,173.0,0.02294,979.0
1753617553108,11:59:13.108,okx,ACH/USDT:USDT,0.02292,760.0,0.02291,2221.0,0.02293,173.0,0.02294,979.0
1753617553408,11:59:13.408,okx,ACH/USDT:USDT,0.02292,760.0,0.02291,2221.0,0.02293,140.0,0.02294,825.0
1753617553808,11:59:13.808,okx,ACH/USDT:USDT,0.02292,760.0,0.02291,2221.0,0.02293,140.0,0.02294,825.0
1753617554008,11:59:14.008,okx,ACH/USDT:USDT,0.02292,960.0,0.02291,2421.0,0.02293,140.0,0.02294,825.0
1753617554808,11:59:14.808,okx,ACH/USDT:USDT,0.02292,960.0,0.02291,2421.0,0.02293,140.0,0.02294,825.0
1753617555308,11:59:15.308,okx,ACH/USDT:USDT,0.02292,960.0,0.02291,2421.0,0.02293,140.0,0.02294,825.0
1753617556108,11:59:16.108,okx,ACH/USDT:USDT,0.02292,960.0,0.02291,2421.0,0.02293,140.0,0.02294,825.0
1753617556308,11:59:16.308,okx,ACH/USDT:USDT,0.02292,960.0,0.02291,2706.0,0.02293,140.0,0.02294,825.0
1753617556408,11:59:16.408,okx,ACH/USDT:USDT,0.02292,960.0,0.02291,2706.0,0.02293,140.0,0.02294,825.0
1753617557308,11:59:17.308,okx,ACH/USDT:USDT,0.02292,960.0,0.02291,2706.0,0.02293,140.0,0.02294,825.0
1753617557408,11:59:17.408,okx,ACH/USDT:USDT,0.02292,960.0,0.02291,2706.0,0.02293,140.0,0.02294,825.0
1753617558108,11:59:18.108,okx,ACH/USDT:USDT,0.02292,963.0,0.02291,2706.0,0.02293,141.0,0.02294,825.0
1753617558308,11:59:18.308,okx,ACH/USDT:USDT,0.02292,963.0,0.02291,2924.0,0.02293,143.0,0.02294,825.0
1753617558908,11:59:18.908,okx,ACH/USDT:USDT,0.02292,963.0,0.02291,3230.0,0.02293,146.0,0.02294,825.0
1753617559308,11:59:19.308,okx,ACH/USDT:USDT,0.02292,963.0,0.02291,3230.0,0.02293,146.0,0.02294,825.0
1753617559508,11:59:19.508,okx,ACH/USDT:USDT,0.02292,963.0,0.02291,3230.0,0.02293,146.0,0.02294,825.0
1753617559808,11:59:19.808,okx,ACH/USDT:USDT,0.02292,963.0,0.02291,3230.0,0.02293,146.0,0.02294,825.0
1753617560408,11:59:20.408,okx,ACH/USDT:USDT,0.02292,963.0,0.02291,3230.0,0.02293,146.0,0.02294,825.0
1753617561608,11:59:21.608,okx,ACH/USDT:USDT,0.02292,963.0,0.02291,3230.0,0.02293,147.0,0.02294,825.0
1753617562808,11:59:22.808,okx,ACH/USDT:USDT,0.02293,632.0,0.02292,2069.0,0.02294,141.0,0.02295,1045.0
1753617562908,11:59:22.908,okx,ACH/USDT:USDT,0.02293,591.0,0.02292,2069.0,0.02294,139.0,0.02295,1045.0
1753617563108,11:59:23.108,okx,ACH/USDT:USDT,0.02293,591.0,0.02292,2351.0,0.02294,139.0,0.02295,1045.0
1753617563408,11:59:23.408,okx,ACH/USDT:USDT,0.02293,591.0,0.02292,2351.0,0.02294,144.0,0.02295,1045.0
1753617563608,11:59:23.608,okx,ACH/USDT:USDT,0.02293,591.0,0.02292,2351.0,0.02294,144.0,0.02295,1045.0
1753617563708,11:59:23.708,okx,ACH/USDT:USDT,0.02293,591.0,0.02292,2351.0,0.02294,144.0,0.02295,1045.0
1753617563908,11:59:23.908,okx,ACH/USDT:USDT,0.02293,591.0,0.02292,2351.0,0.02294,144.0,0.02295,1045.0
1753617564008,11:59:24.008,okx,ACH/USDT:USDT,0.02293,591.0,0.02292,2351.0,0.02294,144.0,0.02295,1045.0
1753617564308,11:59:24.308,okx,ACH/USDT:USDT,0.02293,591.0,0.02292,2351.0,0.02294,145.0,0.02295,1045.0
1753617566408,11:59:26.408,okx,ACH/USDT:USDT,0.02293,554.0,0.02292,2308.0,0.02294,269.0,0.02295,971.0
1753617566508,11:59:26.508,okx,ACH/USDT:USDT,0.02293,554.0,0.02292,2308.0,0.02294,269.0,0.02295,971.0
1753617566808,11:59:26.808,okx,ACH/USDT:USDT,0.02293,591.0,0.02292,2308.0,0.02294,150.0,0.02295,971.0
1753617566908,11:59:26.908,okx,ACH/USDT:USDT,0.02293,591.0,0.02292,2308.0,0.02294,150.0,0.02295,971.0
1753617567008,11:59:27.008,okx,ACH/USDT:USDT,0.02293,591.0,0.02292,2308.0,0.02294,150.0,0.02295,971.0
1753617567808,11:59:27.808,okx,ACH/USDT:USDT,0.02293,591.0,0.02292,2308.0,0.02294,150.0,0.02295,971.0
1753617568408,11:59:28.408,okx,ACH/USDT:USDT,0.02293,591.0,0.02292,2308.0,0.02294,150.0,0.02295,971.0
1753617568508,11:59:28.508,okx,ACH/USDT:USDT,0.02293,591.0,0.02292,2308.0,0.02294,39.0,0.02295,1093.0
1753617568608,11:59:28.608,okx,ACH/USDT:USDT,0.02293,591.0,0.02292,2308.0,0.02294,39.0,0.02295,1093.0
1753617569008,11:59:29.008,okx,ACH/USDT:USDT,0.02293,591.0,0.02292,2308.0,0.02294,39.0,0.02295,1093.0
1753617569308,11:59:29.308,okx,ACH/USDT:USDT,0.02293,591.0,0.02292,2308.0,0.02294,39.0,0.02295,1093.0
1753617569908,11:59:29.908,okx,ACH/USDT:USDT,0.02293,591.0,0.02292,2351.0,0.02294,39.0,0.02295,1093.0
1753617570108,11:59:30.108,okx,ACH/USDT:USDT,0.02293,591.0,0.02292,2351.0,0.02294,39.0,0.02295,1093.0
1753617570308,11:59:30.308,okx,ACH/USDT:USDT,0.02293,591.0,0.02292,2351.0,0.02294,39.0,0.02295,1093.0
1753617570608,11:59:30.608,okx,ACH/USDT:USDT,0.02293,554.0,0.02292,2351.0,0.02294,148.0,0.02295,1093.0
1753617572308,11:59:32.308,okx,ACH/USDT:USDT,0.02293,591.0,0.02292,2351.0,0.02294,148.0,0.02295,1093.0
1753617573108,11:59:33.108,okx,ACH/USDT:USDT,0.02293,591.0,0.02292,2351.0,0.02294,148.0,0.02295,1093.0
1753617573208,11:59:33.208,okx,ACH/USDT:USDT,0.02293,591.0,0.02292,2351.0,0.02294,148.0,0.02295,1093.0
1753617573408,11:59:33.408,okx,ACH/USDT:USDT,0.02293,591.0,0.02292,2351.0,0.02294,14.0,0.02295,1093.0
1753617573508,11:59:33.508,okx,ACH/USDT:USDT,0.02293,591.0,0.02292,2450.0,0.02294,14.0,0.02295,879.0
1753617573608,11:59:33.608,okx,ACH/USDT:USDT,0.02293,591.0,0.02292,2450.0,0.02294,14.0,0.02295,879.0
1753617573708,11:59:33.708,okx,ACH/USDT:USDT,0.02293,791.0,0.02292,2450.0,0.02294,14.0,0.02295,879.0
1753617573908,11:59:33.908,okx,ACH/USDT:USDT,0.02293,791.0,0.02292,2450.0,0.02294,14.0,0.02295,879.0
1753617575008,11:59:35.008,okx,ACH/USDT:USDT,0.02293,791.0,0.02292,2450.0,0.02294,14.0,0.02295,879.0
1753617575808,11:59:35.808,okx,ACH/USDT:USDT,0.02293,791.0,0.02292,2450.0,0.02294,14.0,0.02295,879.0
1753617576808,11:59:36.808,okx,ACH/USDT:USDT,0.02293,791.0,0.02292,2601.0,0.02294,15.0,0.02295,879.0
1753617577408,11:59:37.408,okx,ACH/USDT:USDT,0.02293,791.0,0.02292,2601.0,0.02294,15.0,0.02295,879.0
1753617577908,11:59:37.908,okx,ACH/USDT:USDT,0.02293,791.0,0.02292,2601.0,0.02294,15.0,0.02295,879.0
1753617578308,11:59:38.308,okx,ACH/USDT:USDT,0.02293,791.0,0.02292,2601.0,0.02294,15.0,0.02295,879.0
1753617579108,11:59:39.108,okx,ACH/USDT:USDT,0.02293,791.0,0.02292,2601.0,0.02294,15.0,0.02295,879.0
1753617579808,11:59:39.808,okx,ACH/USDT:USDT,0.02293,791.0,0.02292,2701.0,0.02294,15.0,0.02295,879.0
1753617580108,11:59:40.108,okx,ACH/USDT:USDT,0.02293,791.0,0.02292,2701.0,0.02294,15.0,0.02295,879.0
1753617580308,11:59:40.308,okx,ACH/USDT:USDT,0.02293,791.0,0.02292,2701.0,0.02294,15.0,0.02295,879.0
1753617580508,11:59:40.508,okx,ACH/USDT:USDT,0.02293,791.0,0.02292,2701.0,0.02294,25.0,0.02295,879.0
1753617580808,11:59:40.808,okx,ACH/USDT:USDT,0.02293,791.0,0.02292,2701.0,0.02294,50.0,0.02295,879.0
1753617581308,11:59:41.308,okx,ACH/USDT:USDT,0.02293,791.0,0.02292,2701.0,0.02294,51.0,0.02295,879.0
1753617582708,11:59:42.708,okx,ACH/USDT:USDT,0.02293,778.0,0.02292,2701.0,0.02294,55.0,0.02295,879.0
1753617583008,11:59:43.008,okx,ACH/USDT:USDT,0.02293,791.0,0.02292,2701.0,0.02294,30.0,0.02295,879.0
1753617583108,11:59:43.108,okx,ACH/USDT:USDT,0.02293,791.0,0.02292,2701.0,0.02294,30.0,0.02295,879.0
1753617584408,11:59:44.408,okx,ACH/USDT:USDT,0.02293,791.0,0.02292,2701.0,0.02294,31.0,0.02295,879.0
1753617584508,11:59:44.508,okx,ACH/USDT:USDT,0.02293,791.0,0.02292,2701.0,0.02294,31.0,0.02295,879.0
1753617584608,11:59:44.608,okx,ACH/USDT:USDT,0.02293,791.0,0.02292,2701.0,0.02294,31.0,0.02295,879.0
1753617584908,11:59:44.908,okx,ACH/USDT:USDT,0.02293,791.0,0.02292,2701.0,0.02294,31.0,0.02295,879.0
1753617585208,11:59:45.208,okx,ACH/USDT:USDT,0.02293,791.0,0.02292,2701.0,0.02294,31.0,0.02295,879.0
1753617585408,11:59:45.408,okx,ACH/USDT:USDT,0.02293,810.0,0.02292,2701.0,0.02294,31.0,0.02295,879.0
1753617586108,11:59:46.108,okx,ACH/USDT:USDT,0.02293,810.0,0.02292,2701.0,0.02294,31.0,0.02295,879.0
1753617586208,11:59:46.208,okx,ACH/USDT:USDT,0.02293,810.0,0.02292,2701.0,0.02294,34.0,0.02295,879.0
1753617586708,11:59:46.708,okx,ACH/USDT:USDT,0.02293,810.0,0.02292,2701.0,0.02294,33.0,0.02295,879.0
1753617587408,11:59:47.408,okx,ACH/USDT:USDT,0.02293,810.0,0.02292,2701.0,0.02294,33.0,0.02295,879.0
1753617587508,11:59:47.508,okx,ACH/USDT:USDT,0.02293,810.0,0.02292,2701.0,0.02294,33.0,0.02295,879.0
1753617588308,11:59:48.308,okx,ACH/USDT:USDT,0.02293,810.0,0.02292,2701.0,0.02294,33.0,0.02295,879.0
1753617588708,11:59:48.708,okx,ACH/USDT:USDT,0.02293,810.0,0.02292,2701.0,0.02294,31.0,0.02295,879.0
1753617589308,11:59:49.308,okx,ACH/USDT:USDT,0.02293,810.0,0.02292,2701.0,0.02294,32.0,0.02295,879.0
1753617590008,11:59:50.008,okx,ACH/USDT:USDT,0.02294,377.0,0.02293,1735.0,0.02295,461.0,0.02296,1374.0
1753617590208,11:59:50.208,okx,ACH/USDT:USDT,0.02294,377.0,0.02293,2123.0,0.02295,461.0,0.02296,1374.0
1753617590608,11:59:50.608,okx,ACH/USDT:USDT,0.02294,45.0,0.02293,1562.0,0.02295,588.0,0.02296,1239.0
1753617591008,11:59:51.008,okx,ACH/USDT:USDT,0.02294,45.0,0.02293,1562.0,0.02295,591.0,0.02296,1239.0
1753617591308,11:59:51.308,okx,ACH/USDT:USDT,0.02294,45.0,0.02293,1562.0,0.02295,641.0,0.02296,1239.0
1753617591408,11:59:51.408,okx,ACH/USDT:USDT,0.02294,45.0,0.02293,1562.0,0.02295,604.0,0.02296,1239.0
1753617591508,11:59:51.508,okx,ACH/USDT:USDT,0.02294,45.0,0.02293,1847.0,0.02295,591.0,0.02296,1239.0
1753617593208,11:59:53.208,okx,ACH/USDT:USDT,0.02294,21.0,0.02293,1647.0,0.02295,641.0,0.02296,1239.0
1753617593308,11:59:53.308,okx,ACH/USDT:USDT,0.02294,21.0,0.02293,1647.0,0.02295,641.0,0.02296,1239.0
1753617595308,11:59:55.308,okx,ACH/USDT:USDT,0.02294,22.0,0.02293,1647.0,0.02295,642.0,0.02296,1239.0
1753617595508,11:59:55.508,okx,ACH/USDT:USDT,0.02294,22.0,0.02293,1647.0,0.02295,642.0,0.02296,1239.0
1753617596408,11:59:56.408,okx,ACH/USDT:USDT,0.02294,22.0,0.02293,1647.0,0.02295,642.0,0.02296,1239.0
1753617597208,11:59:57.208,okx,ACH/USDT:USDT,0.02294,22.0,0.02293,1647.0,0.02295,642.0,0.02296,1239.0
1753617597408,11:59:57.408,okx,ACH/USDT:USDT,0.02294,22.0,0.02293,1362.0,0.02295,656.0,0.02296,1239.0
1753617599108,11:59:59.108,okx,ACH/USDT:USDT,0.02294,22.0,0.02293,1362.0,0.02295,656.0,0.02296,1239.0
1753617599208,11:59:59.208,okx,ACH/USDT:USDT,0.02294,22.0,0.02293,1362.0,0.02295,656.0,0.02296,1239.0
1753617599308,11:59:59.308,okx,ACH/USDT:USDT,0.02294,22.0,0.02293,1362.0,0.02295,656.0,0.02296,1239.0
1753617599908,11:59:59.908,okx,ACH/USDT:USDT,0.02293,805.0,0.02292,2302.0,0.02294,270.0,0.02295,996.0
1753617600308,12:00:00.308,okx,ACH/USDT:USDT,0.02293,805.0,0.02292,2302.0,0.02294,270.0,0.02295,993.0
1753617601208,12:00:01.208,okx,ACH/USDT:USDT,0.02293,805.0,0.02292,2302.0,0.02294,270.0,0.02295,995.0
1753617602008,12:00:02.008,okx,ACH/USDT:USDT,0.02293,805.0,0.02292,2302.0,0.02294,307.0,0.02295,995.0
1753617602708,12:00:02.708,okx,ACH/USDT:USDT,0.02293,855.0,0.02292,2302.0,0.02294,244.0,0.02295,982.0
1753617603508,12:00:03.508,okx,ACH/USDT:USDT,0.02293,657.0,0.02292,2168.0,0.02294,28.0,0.02295,939.0
1753617603608,12:00:03.608,okx,ACH/USDT:USDT,0.02293,853.0,0.02292,2168.0,0.02294,28.0,0.02295,1067.0
1753617603808,12:00:03.808,okx,ACH/USDT:USDT,0.02293,855.0,0.02292,2168.0,0.02294,1.0,0.02295,1067.0
1753617604508,12:00:04.508,okx,ACH/USDT:USDT,0.02293,855.0,0.02292,2398.0,0.02294,1.0,0.02295,858.0
1753617604608,12:00:04.608,okx,ACH/USDT:USDT,0.02293,855.0,0.02292,2398.0,0.02294,1.0,0.02295,858.0
1753617605008,12:00:05.008,okx,ACH/USDT:USDT,0.02293,858.0,0.02292,2398.0,0.02294,1.0,0.02295,858.0
1753617605208,12:00:05.208,okx,ACH/USDT:USDT,0.02293,858.0,0.02292,2398.0,0.02294,1.0,0.02295,858.0
1753617606008,12:00:06.008,okx,ACH/USDT:USDT,0.02293,855.0,0.02292,2398.0,0.02294,139.0,0.02295,858.0
1753617606308,12:00:06.308,okx,ACH/USDT:USDT,0.02293,855.0,0.02292,2398.0,0.02294,1.0,0.02295,858.0
1753617606808,12:00:06.808,okx,ACH/USDT:USDT,0.02293,855.0,0.02292,2499.0,0.02294,1.0,0.02295,858.0
1753617606908,12:00:06.908,okx,ACH/USDT:USDT,0.02293,855.0,0.02292,2499.0,0.02294,28.0,0.02295,858.0
1753617607008,12:00:07.008,okx,ACH/USDT:USDT,0.02293,855.0,0.02292,2499.0,0.02294,30.0,0.02295,858.0
1753617607108,12:00:07.108,okx,ACH/USDT:USDT,0.02293,855.0,0.02292,2499.0,0.02294,30.0,0.02295,858.0
1753617607208,12:00:07.208,okx,ACH/USDT:USDT,0.02293,855.0,0.02292,2499.0,0.02294,30.0,0.02295,858.0
1753617608408,12:00:08.408,okx,ACH/USDT:USDT,0.02293,855.0,0.02292,2499.0,0.02294,103.0,0.02295,858.0
1753617608608,12:00:08.608,okx,ACH/USDT:USDT,0.02293,855.0,0.02292,2499.0,0.02294,214.0,0.02295,858.0
1753617609308,12:00:09.308,okx,ACH/USDT:USDT,0.02293,855.0,0.02292,2499.0,0.02294,214.0,0.02295,858.0
1753617610208,12:00:10.208,okx,ACH/USDT:USDT,0.02293,855.0,0.02292,2499.0,0.02294,103.0,0.02295,858.0
1753617611408,12:00:11.408,okx,ACH/USDT:USDT,0.02293,855.0,0.02292,2499.0,0.02294,214.0,0.02295,858.0
1753617612508,12:00:12.508,okx,ACH/USDT:USDT,0.02293,348.0,0.02292,2226.0,0.02294,658.0,0.02295,982.0
1753617613008,12:00:13.008,okx,ACH/USDT:USDT,0.02293,348.0,0.02292,2226.0,0.02294,608.0,0.02295,982.0
1753617613108,12:00:13.108,okx,ACH/USDT:USDT,0.02293,348.0,0.02292,2226.0,0.02294,658.0,0.02295,982.0
1753617613808,12:00:13.808,okx,ACH/USDT:USDT,0.02293,348.0,0.02292,2226.0,0.02294,645.0,0.02295,982.0
1753617614008,12:00:14.008,okx,ACH/USDT:USDT,0.02293,348.0,0.02292,2226.0,0.02294,608.0,0.02295,982.0
1753617615008,12:00:15.008,okx,ACH/USDT:USDT,0.02293,348.0,0.02292,2226.0,0.02294,658.0,0.02295,982.0
1753617615208,12:00:15.208,okx,ACH/USDT:USDT,0.02293,348.0,0.02292,2226.0,0.02294,658.0,0.02295,982.0
1753617615808,12:00:15.808,okx,ACH/USDT:USDT,0.02293,348.0,0.02292,2226.0,0.02294,645.0,0.02295,982.0
1753617616808,12:00:16.808,okx,ACH/USDT:USDT,0.02293,118.0,0.02292,2248.0,0.02294,658.0,0.02295,982.0
1753617617208,12:00:17.208,okx,ACH/USDT:USDT,0.02293,118.0,0.02292,2248.0,0.02294,661.0,0.02295,982.0
1753617617308,12:00:17.308,okx,ACH/USDT:USDT,0.02293,226.0,0.02292,2248.0,0.02294,611.0,0.02295,982.0
1753617617508,12:00:17.508,okx,ACH/USDT:USDT,0.02293,226.0,0.02292,2248.0,0.02294,668.0,0.02295,976.0
1753617617608,12:00:17.608,okx,ACH/USDT:USDT,0.02293,226.0,0.02292,2248.0,0.02294,668.0,0.02295,976.0
1753617618308,12:00:18.308,okx,ACH/USDT:USDT,0.02293,118.0,0.02292,2248.0,0.02294,668.0,0.02295,976.0
1753617618408,12:00:18.408,okx,ACH/USDT:USDT,0.02293,118.0,0.02292,2248.0,0.02294,668.0,0.02295,976.0
1753617618608,12:00:18.608,okx,ACH/USDT:USDT,0.02293,118.0,0.02292,2248.0,0.02294,668.0,0.02295,976.0
1753617618708,12:00:18.708,okx,ACH/USDT:USDT,0.02293,118.0,0.02292,2248.0,0.02294,668.0,0.02295,976.0
1753617618808,12:00:18.808,okx,ACH/USDT:USDT,0.02293,26.0,0.02292,1860.0,0.02294,668.0,0.02295,976.0
1753617618908,12:00:18.908,okx,ACH/USDT:USDT,0.02293,26.0,0.02292,1570.0,0.02294,668.0,0.02295,976.0
1753617620108,12:00:20.108,okx,ACH/USDT:USDT,0.02293,120.0,0.02292,1575.0,0.02294,668.0,0.02295,976.0
1753617620308,12:00:20.308,okx,ACH/USDT:USDT,0.02293,1.0,0.02292,1285.0,0.02294,668.0,0.02295,976.0
1753617620408,12:00:20.408,okx,ACH/USDT:USDT,0.02293,1.0,0.02292,1285.0,0.02294,668.0,0.02295,976.0
1753617621208,12:00:21.208,okx,ACH/USDT:USDT,0.02293,1.0,0.02292,1285.0,0.02294,668.0,0.02295,976.0
1753617621508,12:00:21.508,okx,ACH/USDT:USDT,0.02293,1.0,0.02292,1285.0,0.02294,711.0,0.02295,980.0
1753617621708,12:00:21.708,okx,ACH/USDT:USDT,0.02293,1.0,0.02292,1285.0,0.02294,711.0,0.02295,980.0
1753617621908,12:00:21.908,okx,ACH/USDT:USDT,0.02293,1.0,0.02292,1285.0,0.02294,711.0,0.02295,980.0
1753617622208,12:00:22.208,okx,ACH/USDT:USDT,0.02293,1.0,0.02292,1285.0,0.02294,711.0,0.02295,980.0
1753617622508,12:00:22.508,okx,ACH/USDT:USDT,0.02293,1.0,0.02292,1285.0,0.02294,711.0,0.02295,980.0
1753617622708,12:00:22.708,okx,ACH/USDT:USDT,0.02293,1.0,0.02292,1285.0,0.02294,711.0,0.02295,980.0
1753617623008,12:00:23.008,okx,ACH/USDT:USDT,0.02293,1.0,0.02292,1285.0,0.02294,711.0,0.02295,980.0
1753617623608,12:00:23.608,okx,ACH/USDT:USDT,0.02293,1.0,0.02292,1285.0,0.02294,711.0,0.02295,980.0
1753617624008,12:00:24.008,okx,ACH/USDT:USDT,0.02293,1.0,0.02292,1285.0,0.02294,711.0,0.02295,980.0
1753617624208,12:00:24.208,okx,ACH/USDT:USDT,0.02293,1.0,0.02292,1285.0,0.02294,711.0,0.02295,980.0
1753617624408,12:00:24.408,okx,ACH/USDT:USDT,0.02293,1.0,0.02292,1285.0,0.02294,711.0,0.02295,980.0
1753617624808,12:00:24.808,okx,ACH/USDT:USDT,0.02293,1.0,0.02292,1285.0,0.02294,711.0,0.02295,980.0
1753617625008,12:00:25.008,okx,ACH/USDT:USDT,0.02293,1.0,0.02292,1285.0,0.02294,711.0,0.02295,980.0
1753617625408,12:00:25.408,okx,ACH/USDT:USDT,0.02293,1.0,0.02292,1285.0,0.02294,711.0,0.02295,980.0
1753617625508,12:00:25.508,okx,ACH/USDT:USDT,0.02293,1.0,0.02292,1285.0,0.02294,714.0,0.02295,980.0
1753617626308,12:00:26.308,okx,ACH/USDT:USDT,0.02293,1.0,0.02292,1285.0,0.02294,714.0,0.02295,980.0
1753617626408,12:00:26.408,okx,ACH/USDT:USDT,0.02293,1.0,0.02292,1285.0,0.02294,717.0,0.02295,980.0
1753617626508,12:00:26.508,okx,ACH/USDT:USDT,0.02293,1.0,0.02292,1285.0,0.02294,718.0,0.02295,980.0
1753617626708,12:00:26.708,okx,ACH/USDT:USDT,0.02293,1.0,0.02292,1285.0,0.02294,867.0,0.02295,980.0
1753617626808,12:00:26.808,okx,ACH/USDT:USDT,0.02293,1.0,0.02292,1285.0,0.02294,868.0,0.02295,980.0
1753617626908,12:00:26.908,okx,ACH/USDT:USDT,0.02292,519.0,0.02291,2743.0,0.02293,23.0,0.02294,1374.0
1753617627208,12:00:27.208,okx,ACH/USDT:USDT,0.02292,719.0,0.02291,2743.0,0.02293,99.0,0.02294,1298.0
1753617627508,12:00:27.508,okx,ACH/USDT:USDT,0.02292,719.0,0.02291,2743.0,0.02293,101.0,0.02294,1298.0
1753617628008,12:00:28.008,okx,ACH/USDT:USDT,0.02292,719.0,0.02291,2743.0,0.02293,101.0,0.02294,1298.0
1753617629108,12:00:29.108,okx,ACH/USDT:USDT,0.02292,719.0,0.02291,2743.0,0.02293,163.0,0.02294,1285.0
1753617631908,12:00:31.908,okx,ACH/USDT:USDT,0.02292,519.0,0.02291,2743.0,0.02293,316.0,0.02294,1130.0
1753617632508,12:00:32.508,okx,ACH/USDT:USDT,0.02292,519.0,0.02291,2743.0,0.02293,316.0,0.02294,1130.0
1753617632608,12:00:32.608,okx,ACH/USDT:USDT,0.02292,519.0,0.02291,2743.0,0.02293,316.0,0.02294,1130.0
1753617632908,12:00:32.908,okx,ACH/USDT:USDT,0.02292,248.0,0.02291,2242.0,0.02293,800.0,0.02294,1004.0
1753617633508,12:00:33.508,okx,ACH/USDT:USDT,0.02292,248.0,0.02291,2242.0,0.02293,837.0,0.02294,1004.0
1753617633908,12:00:33.908,okx,ACH/USDT:USDT,0.02292,248.0,0.02291,2242.0,0.02293,837.0,0.02294,1004.0
1753617635108,12:00:35.108,okx,ACH/USDT:USDT,0.02292,248.0,0.02291,2532.0,0.02293,837.0,0.02294,1004.0
1753617635208,12:00:35.208,okx,ACH/USDT:USDT,0.02292,248.0,0.02291,2532.0,0.02293,800.0,0.02294,1004.0
1753617635308,12:00:35.308,okx,ACH/USDT:USDT,0.02292,248.0,0.02291,2532.0,0.02293,837.0,0.02294,1004.0
1753617635908,12:00:35.908,okx,ACH/USDT:USDT,0.02292,248.0,0.02291,2532.0,0.02293,837.0,0.02294,1004.0
1753617636308,12:00:36.308,okx,ACH/USDT:USDT,0.02292,247.0,0.02291,2532.0,0.02293,835.0,0.02294,1004.0
1753617637108,12:00:37.108,okx,ACH/USDT:USDT,0.02292,248.0,0.02291,2242.0,0.02293,835.0,0.02294,1004.0
1753617637208,12:00:37.208,okx,ACH/USDT:USDT,0.02292,247.0,0.02291,2532.0,0.02293,835.0,0.02294,1004.0
1753617638108,12:00:38.108,okx,ACH/USDT:USDT,0.02292,247.0,0.02291,2532.0,0.02293,836.0,0.02294,1004.0
1753617638208,12:00:38.208,okx,ACH/USDT:USDT,0.02292,247.0,0.02291,2532.0,0.02293,799.0,0.02294,1047.0
1753617638608,12:00:38.608,okx,ACH/USDT:USDT,0.02292,247.0,0.02291,2532.0,0.02293,849.0,0.02294,1047.0
1753617639608,12:00:39.608,okx,ACH/USDT:USDT,0.02292,220.0,0.02291,2149.0,0.02293,849.0,0.02294,1047.0
1753617639708,12:00:39.708,okx,ACH/USDT:USDT,0.02292,220.0,0.02291,2149.0,0.02293,849.0,0.02294,1047.0
1753617639808,12:00:39.808,okx,ACH/USDT:USDT,0.02292,246.0,0.02291,2439.0,0.02293,849.0,0.02294,1047.0
1753617639908,12:00:39.908,okx,ACH/USDT:USDT,0.02292,246.0,0.02291,2439.0,0.02293,849.0,0.02294,1047.0
1753617640108,12:00:40.108,okx,ACH/USDT:USDT,0.02292,246.0,0.02291,2439.0,0.02293,849.0,0.02294,1047.0
1753617640208,12:00:40.208,okx,ACH/USDT:USDT,0.02292,246.0,0.02291,2439.0,0.02293,849.0,0.02294,1047.0
1753617640308,12:00:40.308,okx,ACH/USDT:USDT,0.02292,246.0,0.02291,2439.0,0.02293,849.0,0.02294,1047.0
1753617640808,12:00:40.808,okx,ACH/USDT:USDT,0.02292,246.0,0.02291,2439.0,0.02293,849.0,0.02294,1047.0
1753617641708,12:00:41.708,okx,ACH/USDT:USDT,0.02292,246.0,0.02291,2439.0,0.02293,868.0,0.02294,1047.0
1753617641808,12:00:41.808,okx,ACH/USDT:USDT,0.02292,97.0,0.02291,2149.0,0.02293,868.0,0.02294,1047.0
1753617642008,12:00:42.008,okx,ACH/USDT:USDT,0.02292,97.0,0.02291,1903.0,0.02293,868.0,0.02294,1247.0
1753617642208,12:00:42.208,okx,ACH/USDT:USDT,0.02292,97.0,0.02291,1903.0,0.02293,868.0,0.02294,1247.0
1753617642508,12:00:42.508,okx,ACH/USDT:USDT,0.02292,28.0,0.02291,1901.0,0.02293,870.0,0.02294,1247.0
1753617642808,12:00:42.808,okx,ACH/USDT:USDT,0.02291,552.0,0.0229,3975.0,0.02292,187.0,0.02293,1105.0
1753617642908,12:00:42.908,okx,ACH/USDT:USDT,0.02291,288.0,0.0229,3497.0,0.02292,622.0,0.02293,986.0
1753617643008,12:00:43.008,okx,ACH/USDT:USDT,0.02291,288.0,0.0229,3497.0,0.02292,627.0,0.02293,986.0
1753617643308,12:00:43.308,okx,ACH/USDT:USDT,0.02291,288.0,0.0229,3497.0,0.02292,627.0,0.02293,1029.0
1753617643708,12:00:43.708,okx,ACH/USDT:USDT,0.02291,288.0,0.0229,3715.0,0.02292,628.0,0.02293,1029.0
1753617644008,12:00:44.008,okx,ACH/USDT:USDT,0.02291,288.0,0.0229,3715.0,0.02292,628.0,0.02293,1029.0
1753617644108,12:00:44.108,okx,ACH/USDT:USDT,0.02291,288.0,0.0229,3715.0,0.02292,632.0,0.02293,1029.0
1753617644208,12:00:44.208,okx,ACH/USDT:USDT,0.02291,288.0,0.0229,3715.0,0.02292,632.0,0.02293,1029.0
1753617644308,12:00:44.308,okx,ACH/USDT:USDT,0.02291,177.0,0.0229,3430.0,0.02292,632.0,0.02293,1029.0
1753617644508,12:00:44.508,okx,ACH/USDT:USDT,0.02291,177.0,0.0229,3430.0,0.02292,789.0,0.02293,875.0
1753617645008,12:00:45.008,okx,ACH/USDT:USDT,0.02291,177.0,0.0229,3430.0,0.02292,789.0,0.02293,1075.0
1753617645608,12:00:45.608,okx,ACH/USDT:USDT,0.02291,177.0,0.0229,3140.0,0.02292,789.0,0.02293,1075.0
1753617645708,12:00:45.708,okx,ACH/USDT:USDT,0.02291,35.0,0.0229,3140.0,0.02292,794.0,0.02293,1075.0
1753617645808,12:00:45.808,okx,ACH/USDT:USDT,0.02291,35.0,0.0229,3140.0,0.02292,794.0,0.02293,1075.0
1753617646108,12:00:46.108,okx,ACH/USDT:USDT,0.02291,35.0,0.0229,3280.0,0.02292,794.0,0.02293,1075.0
1753617646408,12:00:46.408,okx,ACH/USDT:USDT,0.02291,35.0,0.0229,3280.0,0.02292,794.0,0.02293,1075.0
1753617646608,12:00:46.608,okx,ACH/USDT:USDT,0.02291,35.0,0.0229,3280.0,0.02292,794.0,0.02293,1075.0
1753617648008,12:00:48.008,okx,ACH/USDT:USDT,0.02291,643.0,0.0229,3430.0,0.02292,477.0,0.02293,1075.0
1753617648108,12:00:48.108,okx,ACH/USDT:USDT,0.02291,643.0,0.0229,3430.0,0.02292,490.0,0.02293,1075.0
1753617648308,12:00:48.308,okx,ACH/USDT:USDT,0.02291,643.0,0.0229,3430.0,0.02292,527.0,0.02293,1075.0
1753617648608,12:00:48.608,okx,ACH/USDT:USDT,0.02291,643.0,0.0229,3430.0,0.02292,490.0,0.02293,1075.0
1753617648708,12:00:48.708,okx,ACH/USDT:USDT,0.02291,643.0,0.0229,3430.0,0.02292,477.0,0.02293,1075.0
1753617648808,12:00:48.808,okx,ACH/USDT:USDT,0.02291,643.0,0.0229,3430.0,0.02292,477.0,0.02293,1075.0
1753617649608,12:00:49.608,okx,ACH/USDT:USDT,0.02291,643.0,0.0229,3430.0,0.02292,518.0,0.02293,1075.0
1753617649808,12:00:49.808,okx,ACH/USDT:USDT,0.02291,35.0,0.0229,3097.0,0.02292,794.0,0.02293,1075.0
1753617649908,12:00:49.908,okx,ACH/USDT:USDT,0.02291,35.0,0.0229,3240.0,0.02292,796.0,0.02293,1075.0
1753617650108,12:00:50.108,okx,ACH/USDT:USDT,0.02291,144.0,0.0229,3240.0,0.02292,796.0,0.02293,1075.0
1753617650408,12:00:50.408,okx,ACH/USDT:USDT,0.02291,144.0,0.0229,3530.0,0.02292,796.0,0.02293,1075.0
1753617650808,12:00:50.808,okx,ACH/USDT:USDT,0.02291,144.0,0.0229,3530.0,0.02292,796.0,0.02293,1075.0
1753617651208,12:00:51.208,okx,ACH/USDT:USDT,0.02291,144.0,0.0229,3530.0,0.02292,783.0,0.02293,1075.0
1753617651308,12:00:51.308,okx,ACH/USDT:USDT,0.02291,144.0,0.0229,3530.0,0.02292,783.0,0.02293,1075.0
1753617651508,12:00:51.508,okx,ACH/USDT:USDT,0.02291,144.0,0.0229,3530.0,0.02292,796.0,0.02293,1075.0
