timestamp,time,exchange,symbol,bid1_price,bid1_volume,bid2_price,bid2_volume,ask1_price,ask1_volume,ask2_price,ask2_volume
1753617155503,11:52:35.503,binance,ACE/USDT:USDT,0.5952,802.36,0.5951,217.23,0.5953,16.33,0.5954,52.78
1753617155781,11:52:35.781,binance,ACE/USDT:USDT,0.5952,802.36,0.5951,250.83,0.5953,16.33,0.5954,52.78
1753617155939,11:52:35.939,binance,ACE/USDT:USDT,0.5952,802.36,0.5951,250.83,0.5953,16.33,0.5954,52.78
1753617156488,11:52:36.488,binance,ACE/USDT:USDT,0.5952,802.36,0.5951,250.83,0.5953,16.33,0.5954,52.78
1753617156702,11:52:36.702,binance,ACE/USDT:USDT,0.5952,802.36,0.5951,250.83,0.5953,16.33,0.5954,52.78
1753617157088,11:52:37.088,binance,ACE/USDT:USDT,0.5952,802.36,0.5951,250.83,0.5953,16.33,0.5954,52.78
1753617157198,11:52:37.198,binance,ACE/USDT:USDT,0.5952,802.36,0.5951,250.83,0.5953,16.33,0.5954,52.78
1753617157302,11:52:37.302,binance,ACE/USDT:USDT,0.5952,802.36,0.5951,250.83,0.5953,16.33,0.5954,52.78
1753617157799,11:52:37.799,binance,ACE/USDT:USDT,0.5952,802.36,0.5951,250.83,0.5953,25.15,0.5954,52.78
1753617157902,11:52:37.902,binance,ACE/USDT:USDT,0.5952,802.36,0.5951,250.83,0.5953,25.15,0.5954,52.78
1753617158501,11:52:38.501,binance,ACE/USDT:USDT,0.5952,802.36,0.5951,250.83,0.5953,25.15,0.5954,52.78
1753617158901,11:52:38.901,binance,ACE/USDT:USDT,0.5952,802.36,0.5951,250.83,0.5953,25.15,0.5954,52.78
1753617159002,11:52:39.002,binance,ACE/USDT:USDT,0.5952,802.36,0.5951,250.83,0.5953,25.15,0.5954,52.78
1753617159834,11:52:39.834,binance,ACE/USDT:USDT,0.5952,802.36,0.5951,250.83,0.5953,25.15,0.5954,52.78
1753617160136,11:52:40.136,binance,ACE/USDT:USDT,0.5952,835.96,0.5951,250.83,0.5953,25.15,0.5954,52.78
1753617160451,11:52:40.451,binance,ACE/USDT:USDT,0.5952,802.36,0.5951,250.83,0.5953,25.15,0.5954,52.78
1753617160579,11:52:40.579,binance,ACE/USDT:USDT,0.5952,802.36,0.5951,250.83,0.5953,25.15,0.5954,52.78
1753617160701,11:52:40.701,binance,ACE/USDT:USDT,0.5952,802.36,0.5951,250.83,0.5953,25.15,0.5954,52.78
1753617161302,11:52:41.302,binance,ACE/USDT:USDT,0.5952,835.96,0.5951,250.83,0.5953,25.15,0.5954,52.78
1753617161902,11:52:41.902,binance,ACE/USDT:USDT,0.5952,802.36,0.5951,250.83,0.5953,25.15,0.5954,52.78
1753617162624,11:52:42.624,binance,ACE/USDT:USDT,0.5953,487.01,0.5952,819.17,0.5955,157.28,0.5956,2055.49
1753617162789,11:52:42.789,binance,ACE/USDT:USDT,0.5953,487.01,0.5952,819.17,0.5955,157.28,0.5956,2055.49
1753617162905,11:52:42.905,binance,ACE/USDT:USDT,0.5953,487.01,0.5952,819.17,0.5955,157.28,0.5956,2055.49
1753617163902,11:52:43.902,binance,ACE/USDT:USDT,0.5953,487.01,0.5952,819.17,0.5955,157.28,0.5956,2055.49
1753617164102,11:52:44.102,binance,ACE/USDT:USDT,0.5953,487.01,0.5952,16.81,0.5955,157.28,0.5956,2055.49
1753617164408,11:52:44.408,binance,ACE/USDT:USDT,0.5953,487.01,0.5952,16.81,0.5955,157.28,0.5956,2055.49
1753617164512,11:52:44.512,binance,ACE/USDT:USDT,0.5953,487.01,0.5952,16.81,0.5955,157.28,0.5956,2055.49
1753617165002,11:52:45.002,binance,ACE/USDT:USDT,0.5953,487.01,0.5952,16.81,0.5955,157.28,0.5956,2055.49
1753617165472,11:52:45.472,binance,ACE/USDT:USDT,0.5953,453.41,0.5952,16.81,0.5954,8.82,0.5955,16.8
1753617165580,11:52:45.580,binance,ACE/USDT:USDT,0.5953,453.41,0.5952,16.81,0.5954,17.64,0.5955,16.8
1753617165702,11:52:45.702,binance,ACE/USDT:USDT,0.5953,453.41,0.5952,16.81,0.5954,17.64,0.5955,16.8
1753617166102,11:52:46.102,binance,ACE/USDT:USDT,0.5953,453.41,0.5952,16.81,0.5954,17.64,0.5955,16.8
1753617166571,11:52:46.571,binance,ACE/USDT:USDT,0.5953,453.41,0.5952,50.41,0.5954,17.64,0.5955,16.8
1753617166802,11:52:46.802,binance,ACE/USDT:USDT,0.5953,453.41,0.5952,50.41,0.5954,17.64,0.5955,16.8
1753617167002,11:52:47.002,binance,ACE/USDT:USDT,0.5953,453.41,0.5952,50.41,0.5954,17.64,0.5955,16.8
1753617167202,11:52:47.202,binance,ACE/USDT:USDT,0.5953,453.41,0.5952,50.41,0.5954,17.64,0.5955,16.8
1753617167488,11:52:47.488,binance,ACE/USDT:USDT,0.5953,453.41,0.5952,50.41,0.5954,17.64,0.5955,16.8
1753617167667,11:52:47.667,binance,ACE/USDT:USDT,0.5953,453.41,0.5952,50.41,0.5954,17.64,0.5955,16.8
1753617167802,11:52:47.802,binance,ACE/USDT:USDT,0.5953,453.41,0.5952,50.41,0.5954,17.64,0.5955,16.8
1753617168026,11:52:48.026,binance,ACE/USDT:USDT,0.5953,453.41,0.5952,50.41,0.5954,17.64,0.5955,16.8
1753617168139,11:52:48.139,binance,ACE/USDT:USDT,0.5953,453.41,0.5952,50.41,0.5954,17.64,0.5955,16.8
1753617168402,11:52:48.402,binance,ACE/USDT:USDT,0.5953,453.41,0.5952,50.41,0.5954,17.64,0.5955,16.8
1753617169002,11:52:49.002,binance,ACE/USDT:USDT,0.5953,453.41,0.5952,16.81,0.5954,31.02,0.5955,16.8
1753617169302,11:52:49.302,binance,ACE/USDT:USDT,0.5953,453.41,0.5952,16.81,0.5954,31.02,0.5955,16.8
1753617169405,11:52:49.405,binance,ACE/USDT:USDT,0.5953,453.41,0.5952,50.41,0.5954,31.02,0.5955,16.8
1753617169602,11:52:49.602,binance,ACE/USDT:USDT,0.5953,453.41,0.5952,50.41,0.5954,31.02,0.5955,16.8
1753617169734,11:52:49.734,binance,ACE/USDT:USDT,0.5953,453.41,0.5952,50.41,0.5954,31.02,0.5955,16.8
1753617169937,11:52:49.937,binance,ACE/USDT:USDT,0.5953,453.41,0.5952,50.41,0.5954,31.02,0.5955,16.8
1753617170040,11:52:50.040,binance,ACE/USDT:USDT,0.5953,487.01,0.5952,50.41,0.5954,31.02,0.5955,16.8
1753617170199,11:52:50.199,binance,ACE/USDT:USDT,0.5953,487.01,0.5952,50.41,0.5956,1870.68,0.5957,1077.57
1753617170304,11:52:50.304,binance,ACE/USDT:USDT,0.5953,487.01,0.5952,50.41,0.5956,1870.68,0.5957,1077.57
1753617170502,11:52:50.502,binance,ACE/USDT:USDT,0.5953,487.01,0.5952,50.41,0.5956,1880.38,0.5957,1077.57
1753617170668,11:52:50.668,binance,ACE/USDT:USDT,0.5953,487.01,0.5952,50.41,0.5956,1880.38,0.5957,1077.57
1753617170802,11:52:50.802,binance,ACE/USDT:USDT,0.5953,487.01,0.5952,50.41,0.5956,1880.38,0.5957,1077.57
1753617171102,11:52:51.102,binance,ACE/USDT:USDT,0.5953,487.01,0.5952,50.41,0.5956,1880.38,0.5957,1077.57
1753617171246,11:52:51.246,binance,ACE/USDT:USDT,0.5953,453.41,0.5952,50.4,0.5956,211.62,0.5957,889.49
1753617171359,11:52:51.359,binance,ACE/USDT:USDT,0.5953,453.41,0.5952,50.4,0.5956,221.32,0.5957,889.49
1753617171556,11:52:51.556,binance,ACE/USDT:USDT,0.5953,621.35,0.5952,50.4,0.5956,19.4,0.5957,198.7
1753617171657,11:52:51.657,binance,ACE/USDT:USDT,0.5953,621.35,0.5952,50.4,0.5956,19.4,0.5957,215.5
1753617171775,11:52:51.775,binance,ACE/USDT:USDT,0.5955,200.42,0.5954,356.86,0.5958,173.56,0.5959,166.08
1753617171878,11:52:51.878,binance,ACE/USDT:USDT,0.5955,200.42,0.5954,865.66,0.5958,173.56,0.5959,166.08
1753617171980,11:52:51.980,binance,ACE/USDT:USDT,0.5955,200.42,0.5954,356.86,0.5958,173.56,0.5959,166.08
1753617172133,11:52:52.133,binance,ACE/USDT:USDT,0.5955,200.42,0.5954,356.86,0.5959,149.28,0.596,1911.7
1753617172236,11:52:52.236,binance,ACE/USDT:USDT,0.5955,753.54,0.5954,356.86,0.5959,149.28,0.596,1699.73
1753617172346,11:52:52.346,binance,ACE/USDT:USDT,0.5955,753.54,0.5954,356.86,0.5959,149.28,0.596,1713.59
1753617172454,11:52:52.454,binance,ACE/USDT:USDT,0.5955,753.54,0.5954,356.86,0.5959,149.28,0.596,1713.59
1753617172561,11:52:52.561,binance,ACE/USDT:USDT,0.5955,753.54,0.5954,356.86,0.5959,149.28,0.596,1727.45
1753617172695,11:52:52.695,binance,ACE/USDT:USDT,0.5955,244.74,0.5954,356.86,0.5958,147.31,0.5959,166.07
1753617173089,11:52:53.089,binance,ACE/USDT:USDT,0.5955,353.93,0.5954,356.86,0.5958,147.31,0.5959,177.41
1753617173194,11:52:53.194,binance,ACE/USDT:USDT,0.5955,353.93,0.5954,356.86,0.5958,147.31,0.5959,177.41
1753617173299,11:52:53.299,binance,ACE/USDT:USDT,0.5955,353.93,0.5954,356.86,0.5958,147.31,0.5959,177.41
1753617173417,11:52:53.417,binance,ACE/USDT:USDT,0.5955,353.93,0.5954,356.86,0.5958,147.31,0.5959,197.78
1753617173523,11:52:53.523,binance,ACE/USDT:USDT,0.5955,353.93,0.5954,323.28,0.5958,147.31,0.5959,259.74
1753617173689,11:52:53.689,binance,ACE/USDT:USDT,0.5955,353.93,0.5954,184.69,0.5958,147.31,0.5959,259.74
1753617174002,11:52:54.002,binance,ACE/USDT:USDT,0.5955,353.93,0.5954,184.69,0.5958,147.31,0.5959,259.74
1753617174115,11:52:54.115,binance,ACE/USDT:USDT,0.5955,353.93,0.5954,184.69,0.5958,147.31,0.5959,259.74
1753617174249,11:52:54.249,binance,ACE/USDT:USDT,0.5955,309.61,0.5954,184.69,0.5958,147.31,0.5959,177.41
1753617174399,11:52:54.399,binance,ACE/USDT:USDT,0.5955,309.61,0.5954,184.69,0.5958,147.31,0.5959,259.89
1753617174695,11:52:54.695,binance,ACE/USDT:USDT,0.5955,309.61,0.5954,229.01,0.5958,147.31,0.5959,259.89
1753617174801,11:52:54.801,binance,ACE/USDT:USDT,0.5955,309.61,0.5954,229.01,0.5958,147.31,0.5959,259.89
1753617175102,11:52:55.102,binance,ACE/USDT:USDT,0.5955,309.61,0.5954,229.01,0.5957,8.99,0.5958,164.1
1753617175205,11:52:55.205,binance,ACE/USDT:USDT,0.5955,309.61,0.5954,229.01,0.5957,8.99,0.5958,183.5
1753617175316,11:52:55.316,binance,ACE/USDT:USDT,0.5955,309.61,0.5954,229.01,0.5957,8.99,0.5958,193.2
1753617175522,11:52:55.522,binance,ACE/USDT:USDT,0.5955,756.61,0.5954,229.01,0.5957,8.99,0.5958,164.1
1753617175628,11:52:55.628,binance,ACE/USDT:USDT,0.5955,756.61,0.5954,229.01,0.5958,29.1,0.5959,166.07
1753617175734,11:52:55.734,binance,ACE/USDT:USDT,0.5955,309.61,0.5954,229.01,0.5958,38.05,0.5959,149.28
1753617175842,11:52:55.842,binance,ACE/USDT:USDT,0.5955,309.61,0.5954,229.01,0.5958,57.99,0.5959,184.23
1753617175969,11:52:55.969,binance,ACE/USDT:USDT,0.5955,309.61,0.5954,229.01,0.5958,57.99,0.5959,204.35
1753617176141,11:52:56.141,binance,ACE/USDT:USDT,0.5955,309.61,0.5954,229.01,0.5958,57.99,0.5959,204.35
1753617176299,11:52:56.299,binance,ACE/USDT:USDT,0.5955,309.61,0.5954,229.01,0.5958,57.99,0.5959,204.35
1753617176611,11:52:56.611,binance,ACE/USDT:USDT,0.5955,309.61,0.5954,229.01,0.5958,57.99,0.5959,204.35
1753617176733,11:52:56.733,binance,ACE/USDT:USDT,0.5955,309.61,0.5954,229.01,0.5958,57.99,0.5959,204.35
1753617176898,11:52:56.898,binance,ACE/USDT:USDT,0.5955,299.32,0.5954,229.01,0.5959,233.19,0.596,2066.82
1753617177003,11:52:57.003,binance,ACE/USDT:USDT,0.5955,299.32,0.5954,229.01,0.5958,200.42,0.5959,171.21
1753617177108,11:52:57.108,binance,ACE/USDT:USDT,0.5955,299.32,0.5954,61.12,0.5958,200.42,0.5959,188.0
1753617177239,11:52:57.239,binance,ACE/USDT:USDT,0.5955,299.32,0.5954,61.12,0.5958,200.42,0.5959,188.0
1753617177369,11:52:57.369,binance,ACE/USDT:USDT,0.5955,299.32,0.5954,61.12,0.5958,200.42,0.5959,188.0
1753617177482,11:52:57.482,binance,ACE/USDT:USDT,0.5955,299.32,0.5954,61.12,0.5958,220.96,0.5959,166.07
1753617177594,11:52:57.594,binance,ACE/USDT:USDT,0.5955,299.32,0.5954,61.12,0.5958,220.96,0.5959,166.07
1753617177788,11:52:57.788,binance,ACE/USDT:USDT,0.5955,299.32,0.5954,61.12,0.5958,220.96,0.5959,166.07
1753617177899,11:52:57.899,binance,ACE/USDT:USDT,0.5955,299.32,0.5954,61.12,0.5958,220.96,0.5959,166.07
1753617178097,11:52:58.097,binance,ACE/USDT:USDT,0.5955,323.65,0.5954,61.12,0.5958,220.96,0.5959,166.07
1753617178299,11:52:58.299,binance,ACE/USDT:USDT,0.5955,323.65,0.5954,61.12,0.5958,220.96,0.5959,166.07
1753617178463,11:52:58.463,binance,ACE/USDT:USDT,0.5955,323.65,0.5954,61.12,0.5958,210.89,0.5959,166.07
1753617178902,11:52:58.902,binance,ACE/USDT:USDT,0.5955,323.65,0.5954,61.12,0.5958,210.89,0.5959,166.07
1753617179214,11:52:59.214,binance,ACE/USDT:USDT,0.5955,133.52,0.5954,61.12,0.5957,251.83,0.5958,227.68
1753617179320,11:52:59.320,binance,ACE/USDT:USDT,0.5955,133.52,0.5954,61.12,0.5957,251.83,0.5958,227.68
1753617179429,11:52:59.429,binance,ACE/USDT:USDT,0.5955,133.52,0.5954,61.12,0.5957,251.83,0.5958,227.68
1753617179586,11:52:59.586,binance,ACE/USDT:USDT,0.5955,133.52,0.5954,61.12,0.5957,251.83,0.5958,227.68
1753617179718,11:52:59.718,binance,ACE/USDT:USDT,0.5955,133.52,0.5954,61.12,0.5958,210.89,0.5959,166.07
1753617179965,11:52:59.965,binance,ACE/USDT:USDT,0.5955,133.52,0.5954,61.12,0.5958,210.89,0.5959,166.07
1753617180102,11:53:00.102,binance,ACE/USDT:USDT,0.5955,133.52,0.5954,61.12,0.5958,210.89,0.5959,166.07
1753617180215,11:53:00.215,binance,ACE/USDT:USDT,0.5955,133.52,0.5954,61.12,0.5957,251.83,0.5958,227.68
1753617180332,11:53:00.332,binance,ACE/USDT:USDT,0.5955,133.52,0.5954,61.12,0.5956,12.34,0.5957,288.85
1753617180433,11:53:00.433,binance,ACE/USDT:USDT,0.5955,133.52,0.5954,61.12,0.5956,160.31,0.5957,392.02
1753617180539,11:53:00.539,binance,ACE/USDT:USDT,0.5955,133.52,0.5954,61.12,0.5956,160.31,0.5957,416.24
1753617180715,11:53:00.715,binance,ACE/USDT:USDT,0.5955,133.52,0.5954,61.12,0.5956,160.31,0.5957,164.41
1753617180819,11:53:00.819,binance,ACE/USDT:USDT,0.5955,133.52,0.5954,61.12,0.5956,160.31,0.5957,164.41
1753617180929,11:53:00.929,binance,ACE/USDT:USDT,0.5955,133.52,0.5954,61.12,0.5956,160.31,0.5957,164.41
1753617181102,11:53:01.102,binance,ACE/USDT:USDT,0.5955,133.52,0.5954,61.12,0.5956,160.31,0.5957,164.41
1753617181430,11:53:01.430,binance,ACE/USDT:USDT,0.5955,133.52,0.5954,61.12,0.5956,160.31,0.5957,189.09
1753617181539,11:53:01.539,binance,ACE/USDT:USDT,0.5955,133.52,0.5954,61.12,0.5956,160.31,0.5957,189.09
1753617181642,11:53:01.642,binance,ACE/USDT:USDT,0.5955,133.52,0.5954,61.12,0.5956,160.31,0.5957,189.09
1753617181975,11:53:01.975,binance,ACE/USDT:USDT,0.5955,123.86,0.5954,61.12,0.5956,160.31,0.5957,189.09
1753617182106,11:53:02.106,binance,ACE/USDT:USDT,0.5955,123.86,0.5954,61.12,0.5956,160.31,0.5957,189.09
1753617182208,11:53:02.208,binance,ACE/USDT:USDT,0.5955,123.86,0.5954,61.12,0.5956,160.31,0.5957,257.85
1753617182364,11:53:02.364,binance,ACE/USDT:USDT,0.5955,123.86,0.5954,61.12,0.5956,160.31,0.5957,257.85
1753617182600,11:53:02.600,binance,ACE/USDT:USDT,0.5955,123.86,0.5954,61.12,0.5956,160.31,0.5957,257.85
1753617182730,11:53:02.730,binance,ACE/USDT:USDT,0.5955,123.86,0.5954,61.12,0.5956,160.31,0.5957,257.85
1753617182933,11:53:02.933,binance,ACE/USDT:USDT,0.5955,123.86,0.5954,61.12,0.5956,160.31,0.5957,257.85
1753617183036,11:53:03.036,binance,ACE/USDT:USDT,0.5955,123.86,0.5954,90.04,0.5956,160.31,0.5957,257.85
1753617183149,11:53:03.149,binance,ACE/USDT:USDT,0.5955,123.86,0.5954,61.12,0.5956,160.31,0.5957,257.85
1753617183299,11:53:03.299,binance,ACE/USDT:USDT,0.5955,123.86,0.5954,61.12,0.5956,160.31,0.5957,257.85
1753617183412,11:53:03.412,binance,ACE/USDT:USDT,0.5956,200.42,0.5955,123.86,0.5957,257.85,0.5958,633.0
1753617183516,11:53:03.516,binance,ACE/USDT:USDT,0.5956,200.42,0.5955,140.66,0.5957,172.3,0.5958,53.81
1753617183646,11:53:03.646,binance,ACE/USDT:USDT,0.5957,148.08,0.5956,200.42,0.5958,53.81,0.5959,194.35
1753617183767,11:53:03.767,binance,ACE/USDT:USDT,0.5957,148.08,0.5956,217.22,0.5958,37.02,0.5959,183.35
1753617183885,11:53:03.885,binance,ACE/USDT:USDT,0.5958,200.42,0.5957,148.08,0.5959,183.35,0.596,237.05
1753617184001,11:53:04.001,binance,ACE/USDT:USDT,0.5959,537.34,0.5958,200.42,0.5961,16.79,0.5962,776.25
1753617184105,11:53:04.105,binance,ACE/USDT:USDT,0.5959,383.77,0.5958,1132.79,0.5962,239.49,0.5963,406.15
1753617184206,11:53:04.206,binance,ACE/USDT:USDT,0.5959,461.65,0.5958,1132.79,0.5962,200.42,0.5963,199.4
1753617184307,11:53:04.307,binance,ACE/USDT:USDT,0.5959,461.65,0.5958,435.93,0.5962,200.42,0.5963,216.18
1753617184426,11:53:04.426,binance,ACE/USDT:USDT,0.5959,461.65,0.5958,435.93,0.5962,200.42,0.5963,216.18
1753617184566,11:53:04.566,binance,ACE/USDT:USDT,0.5959,278.3,0.5958,435.93,0.5962,200.42,0.5963,590.62
1753617184784,11:53:04.784,binance,ACE/USDT:USDT,0.5959,287.12,0.5958,435.93,0.5962,200.42,0.5963,590.62
1753617184902,11:53:04.902,binance,ACE/USDT:USDT,0.5959,287.12,0.5958,435.93,0.5962,200.42,0.5963,590.62
1753617185074,11:53:05.074,binance,ACE/USDT:USDT,0.5959,270.75,0.5958,668.44,0.5962,200.42,0.5963,590.62
1753617185253,11:53:05.253,binance,ACE/USDT:USDT,0.5959,270.75,0.5958,668.44,0.5962,200.42,0.5963,590.62
1753617185360,11:53:05.360,binance,ACE/USDT:USDT,0.5959,270.75,0.5958,668.44,0.5962,177.92,0.5963,590.62
1753617185467,11:53:05.467,binance,ACE/USDT:USDT,0.5959,270.75,0.5958,668.44,0.5962,152.52,0.5963,590.62
1753617185569,11:53:05.569,binance,ACE/USDT:USDT,0.5959,237.19,0.5958,668.44,0.5962,152.52,0.5963,590.62
1753617185706,11:53:05.706,binance,ACE/USDT:USDT,0.5959,237.19,0.5958,668.44,0.5962,152.52,0.5963,590.62
1753617185812,11:53:05.812,binance,ACE/USDT:USDT,0.5959,53.14,0.5958,668.44,0.5962,174.18,0.5963,590.62
1753617185914,11:53:05.914,binance,ACE/USDT:USDT,0.5959,8.82,0.5958,217.22,0.5961,614.02,0.5962,358.74
1753617186049,11:53:06.049,binance,ACE/USDT:USDT,0.5959,8.82,0.5958,217.22,0.5961,614.02,0.5962,358.74
1753617186180,11:53:06.180,binance,ACE/USDT:USDT,0.5959,8.82,0.5958,217.22,0.5961,251.66,0.5962,337.08
1753617186289,11:53:06.289,binance,ACE/USDT:USDT,0.5959,8.82,0.5958,217.22,0.5961,251.66,0.5962,337.08
1753617186395,11:53:06.395,binance,ACE/USDT:USDT,0.5959,8.82,0.5958,261.54,0.5962,320.3,0.5963,590.62
1753617186497,11:53:06.497,binance,ACE/USDT:USDT,0.5959,8.82,0.5958,261.54,0.5962,320.3,0.5963,590.62
1753617186600,11:53:06.600,binance,ACE/USDT:USDT,0.5959,8.82,0.5958,261.54,0.5962,320.3,0.5963,590.62
1753617186730,11:53:06.730,binance,ACE/USDT:USDT,0.5959,8.82,0.5958,261.54,0.5962,320.3,0.5963,590.62
1753617186898,11:53:06.898,binance,ACE/USDT:USDT,0.5959,8.82,0.5958,261.54,0.5962,341.96,0.5963,590.62
1753617187002,11:53:07.002,binance,ACE/USDT:USDT,0.5959,8.82,0.5958,261.54,0.5962,341.96,0.5963,590.62
1753617187109,11:53:07.109,binance,ACE/USDT:USDT,0.5959,42.38,0.5958,261.54,0.5962,341.96,0.5963,590.62
1753617187312,11:53:07.312,binance,ACE/USDT:USDT,0.5959,42.38,0.5958,261.54,0.5962,341.96,0.5963,590.62
1753617187423,11:53:07.423,binance,ACE/USDT:USDT,0.5959,42.38,0.5958,261.54,0.5962,341.96,0.5963,590.62
1753617187602,11:53:07.602,binance,ACE/USDT:USDT,0.5959,42.38,0.5958,261.54,0.5962,341.96,0.5963,590.62
1753617188189,11:53:08.189,binance,ACE/USDT:USDT,0.5959,42.38,0.5958,261.54,0.5962,341.96,0.5963,590.62
1753617188296,11:53:08.296,binance,ACE/USDT:USDT,0.5959,42.38,0.5958,261.54,0.5962,354.77,0.5963,590.62
1753617188633,11:53:08.633,binance,ACE/USDT:USDT,0.5959,8.82,0.5958,261.54,0.5961,251.66,0.5962,371.55
1753617188735,11:53:08.735,binance,ACE/USDT:USDT,0.5959,8.82,0.5958,261.54,0.5961,251.66,0.5962,358.74
1753617188849,11:53:08.849,binance,ACE/USDT:USDT,0.5959,8.82,0.5958,261.54,0.5961,251.66,0.5962,358.74
1753617189144,11:53:09.144,binance,ACE/USDT:USDT,0.5959,8.82,0.5958,295.1,0.5962,174.18,0.5963,590.62
1753617189250,11:53:09.250,binance,ACE/USDT:USDT,0.5959,8.82,0.5958,295.1,0.5962,174.18,0.5963,590.62
1753617189402,11:53:09.402,binance,ACE/USDT:USDT,0.5959,8.82,0.5958,295.1,0.5962,199.8,0.5963,590.62
1753617189631,11:53:09.631,binance,ACE/USDT:USDT,0.5959,8.82,0.5958,295.1,0.5962,199.8,0.5963,590.62
1753617189899,11:53:09.899,binance,ACE/USDT:USDT,0.5959,8.82,0.5958,295.1,0.5962,199.8,0.5963,590.62
1753617190001,11:53:10.001,binance,ACE/USDT:USDT,0.5959,8.82,0.5958,295.1,0.5962,199.8,0.5963,590.62
1753617190402,11:53:10.402,binance,ACE/USDT:USDT,0.5959,8.82,0.5958,250.78,0.5962,199.8,0.5963,617.04
1753617190509,11:53:10.509,binance,ACE/USDT:USDT,0.5959,8.82,0.5958,250.78,0.5962,199.8,0.5963,617.04
1753617190879,11:53:10.879,binance,ACE/USDT:USDT,0.5959,8.82,0.5958,250.78,0.5962,199.8,0.5963,617.04
1753617191002,11:53:11.002,binance,ACE/USDT:USDT,0.5959,8.82,0.5958,250.78,0.5962,199.8,0.5963,617.04
1753617191168,11:53:11.168,binance,ACE/USDT:USDT,0.5959,8.82,0.5958,250.78,0.5962,199.8,0.5963,617.04
1753617191353,11:53:11.353,binance,ACE/USDT:USDT,0.5959,8.82,0.5958,250.78,0.5962,199.8,0.5963,617.04
1753617191481,11:53:11.481,binance,ACE/USDT:USDT,0.5959,8.82,0.5958,250.78,0.5962,199.8,0.5963,617.04
1753617191810,11:53:11.810,binance,ACE/USDT:USDT,0.5959,42.38,0.5958,250.78,0.5962,199.8,0.5963,617.04
1753617192035,11:53:12.035,binance,ACE/USDT:USDT,0.5959,94.63,0.5958,250.78,0.5962,216.45,0.5963,617.04
1753617192311,11:53:12.311,binance,ACE/USDT:USDT,0.5959,94.63,0.5958,250.78,0.5962,216.45,0.5963,617.04
1753617192421,11:53:12.421,binance,ACE/USDT:USDT,0.5959,94.63,0.5958,250.78,0.5962,216.45,0.5963,617.04
1753617192560,11:53:12.560,binance,ACE/USDT:USDT,0.5959,94.63,0.5958,250.78,0.5962,216.45,0.5963,617.04
1753617192789,11:53:12.789,binance,ACE/USDT:USDT,0.5959,94.63,0.5958,250.78,0.5962,216.45,0.5963,617.04
1753617193302,11:53:13.302,binance,ACE/USDT:USDT,0.5959,94.63,0.5958,250.78,0.5962,216.45,0.5963,617.04
1753617193858,11:53:13.858,binance,ACE/USDT:USDT,0.5959,94.63,0.5958,250.78,0.5962,216.45,0.5963,617.04
1753617194120,11:53:14.120,binance,ACE/USDT:USDT,0.5959,94.63,0.5958,250.78,0.5962,216.45,0.5963,617.04
1753617194409,11:53:14.409,binance,ACE/USDT:USDT,0.5959,94.63,0.5958,250.78,0.5962,216.45,0.5963,617.04
1753617194559,11:53:14.559,binance,ACE/USDT:USDT,0.5959,94.63,0.5958,250.78,0.5962,216.45,0.5963,617.04
1753617195002,11:53:15.002,binance,ACE/USDT:USDT,0.596,8.81,0.5959,111.41,0.5962,216.45,0.5963,617.04
1753617195103,11:53:15.103,binance,ACE/USDT:USDT,0.596,42.37,0.5959,111.41,0.5962,238.67,0.5963,617.04
1753617195247,11:53:15.247,binance,ACE/USDT:USDT,0.596,42.37,0.5959,111.41,0.5962,238.67,0.5963,617.04
1753617195484,11:53:15.484,binance,ACE/USDT:USDT,0.596,51.18,0.5959,102.59,0.5962,238.67,0.5963,617.04
1753617195590,11:53:15.590,binance,ACE/USDT:USDT,0.596,51.18,0.5959,102.59,0.5962,238.67,0.5963,617.04
1753617196102,11:53:16.102,binance,ACE/USDT:USDT,0.596,51.18,0.5959,102.59,0.5962,238.67,0.5963,617.04
1753617196524,11:53:16.524,binance,ACE/USDT:USDT,0.596,51.18,0.5959,102.59,0.5962,238.67,0.5963,617.04
1753617196650,11:53:16.650,binance,ACE/USDT:USDT,0.596,51.18,0.5959,102.59,0.5962,86.15,0.5963,242.6
1753617196755,11:53:16.755,binance,ACE/USDT:USDT,0.596,51.18,0.5959,50.34,0.5962,86.15,0.5963,242.6
1753617196880,11:53:16.880,binance,ACE/USDT:USDT,0.596,51.18,0.5959,50.34,0.5962,38.87,0.5963,242.6
1753617197026,11:53:17.026,binance,ACE/USDT:USDT,0.596,51.18,0.5959,218.08,0.5962,189.78,0.5963,242.6
1753617197161,11:53:17.161,binance,ACE/USDT:USDT,0.596,51.18,0.5959,218.08,0.5962,177.03,0.5963,242.6
1753617197303,11:53:17.303,binance,ACE/USDT:USDT,0.596,17.62,0.5959,218.08,0.5962,197.53,0.5963,242.6
1753617197537,11:53:17.537,binance,ACE/USDT:USDT,0.596,17.62,0.5959,218.08,0.5962,131.66,0.5963,242.6
1753617197648,11:53:17.648,binance,ACE/USDT:USDT,0.596,17.62,0.5959,218.08,0.5962,131.66,0.5963,242.6
1753617197749,11:53:17.749,binance,ACE/USDT:USDT,0.596,51.18,0.5959,218.08,0.5962,131.66,0.5963,242.6
1753617198109,11:53:18.109,binance,ACE/USDT:USDT,0.596,17.62,0.5959,184.52,0.5962,131.66,0.5963,242.6
1753617198219,11:53:18.219,binance,ACE/USDT:USDT,0.596,17.62,0.5959,218.08,0.5962,131.66,0.5963,242.6
1753617198354,11:53:18.354,binance,ACE/USDT:USDT,0.596,17.62,0.5959,218.08,0.5962,131.66,0.5963,242.6
1753617198457,11:53:18.457,binance,ACE/USDT:USDT,0.596,17.62,0.5959,218.08,0.5962,91.21,0.5963,242.6
1753617198640,11:53:18.640,binance,ACE/USDT:USDT,0.596,17.62,0.5959,218.08,0.5962,91.21,0.5963,242.6
1753617198748,11:53:18.748,binance,ACE/USDT:USDT,0.596,17.62,0.5959,218.08,0.5962,91.21,0.5963,242.6
1753617199056,11:53:19.056,binance,ACE/USDT:USDT,0.596,51.17,0.5959,218.08,0.5963,200.42,0.5964,1687.58
1753617199162,11:53:19.162,binance,ACE/USDT:USDT,0.596,51.17,0.5959,218.08,0.5963,200.42,0.5964,1687.58
1753617199268,11:53:19.268,binance,ACE/USDT:USDT,0.596,51.17,0.5959,50.34,0.5963,200.42,0.5964,1855.32
1753617199393,11:53:19.393,binance,ACE/USDT:USDT,0.596,51.17,0.5959,50.34,0.5963,200.42,0.5964,1855.32
1753617199619,11:53:19.619,binance,ACE/USDT:USDT,0.596,51.17,0.5959,50.34,0.5963,200.42,0.5964,1855.32
1753617199728,11:53:19.728,binance,ACE/USDT:USDT,0.596,51.17,0.5959,50.34,0.5963,200.42,0.5964,1855.32
1753617199833,11:53:19.833,binance,ACE/USDT:USDT,0.596,51.17,0.5959,50.34,0.5963,200.42,0.5964,1855.32
1753617200073,11:53:20.073,binance,ACE/USDT:USDT,0.5958,200.42,0.5957,16.8,0.596,245.2,0.5961,200.42
1753617200176,11:53:20.176,binance,ACE/USDT:USDT,0.5956,200.42,0.5955,41.13,0.5958,118.84,0.5959,16.78
1753617200280,11:53:20.280,binance,ACE/USDT:USDT,0.5956,200.42,0.5955,41.13,0.5958,286.7,0.5959,16.78
1753617200434,11:53:20.434,binance,ACE/USDT:USDT,0.5956,200.42,0.5955,41.13,0.5958,286.7,0.5959,16.78
1753617200568,11:53:20.568,binance,ACE/USDT:USDT,0.5956,200.42,0.5955,41.13,0.5958,286.7,0.5959,16.78
1753617200702,11:53:20.702,binance,ACE/USDT:USDT,0.5956,200.42,0.5955,41.13,0.5958,286.7,0.5959,16.78
1753617200809,11:53:20.809,binance,ACE/USDT:USDT,0.5956,200.42,0.5955,41.13,0.5958,286.7,0.5959,16.78
1753617201270,11:53:21.270,binance,ACE/USDT:USDT,0.5956,233.99,0.5955,208.95,0.596,21.17,0.5961,351.24
1753617201371,11:53:21.371,binance,ACE/USDT:USDT,0.5956,401.8,0.5955,208.95,0.5962,428.68,0.5963,207.96
1753617201473,11:53:21.473,binance,ACE/USDT:USDT,0.5956,401.8,0.5955,208.95,0.5962,191.17,0.5963,207.96
1753617201589,11:53:21.589,binance,ACE/USDT:USDT,0.5958,200.42,0.5957,474.5,0.5963,191.17,0.5964,2073.9
1753617201712,11:53:21.712,binance,ACE/USDT:USDT,0.5958,233.98,0.5957,491.29,0.5963,250.15,0.5964,1855.33
1753617201819,11:53:21.819,binance,ACE/USDT:USDT,0.5958,233.98,0.5957,491.29,0.5963,250.15,0.5964,1855.33
1753617201928,11:53:21.928,binance,ACE/USDT:USDT,0.5958,233.98,0.5957,491.29,0.5962,200.42,0.5963,291.22
1753617202035,11:53:22.035,binance,ACE/USDT:USDT,0.5958,233.98,0.5957,491.29,0.5962,209.23,0.5963,291.22
1753617202146,11:53:22.146,binance,ACE/USDT:USDT,0.5958,233.98,0.5957,491.29,0.5962,209.23,0.5963,291.22
1753617202263,11:53:22.263,binance,ACE/USDT:USDT,0.5958,233.98,0.5957,491.29,0.5962,209.23,0.5963,291.22
1753617202573,11:53:22.573,binance,ACE/USDT:USDT,0.5958,233.98,0.5957,491.29,0.5962,209.23,0.5963,291.22
1753617202675,11:53:22.675,binance,ACE/USDT:USDT,0.5958,233.98,0.5957,491.29,0.5962,209.23,0.5963,291.22
1753617202808,11:53:22.808,binance,ACE/USDT:USDT,0.5958,233.98,0.5957,491.29,0.5962,209.23,0.5963,291.22
1753617202999,11:53:22.999,binance,ACE/USDT:USDT,0.5958,233.98,0.5957,491.29,0.5962,209.23,0.5963,291.22
1753617203159,11:53:23.159,binance,ACE/USDT:USDT,0.5958,233.98,0.5957,491.29,0.5962,209.23,0.5963,291.22
1753617203499,11:53:23.499,binance,ACE/USDT:USDT,0.5958,233.98,0.5957,491.29,0.5962,209.23,0.5963,291.22
1753617203702,11:53:23.702,binance,ACE/USDT:USDT,0.5958,233.98,0.5957,491.29,0.5962,209.23,0.5963,291.22
1753617203819,11:53:23.819,binance,ACE/USDT:USDT,0.5958,233.98,0.5957,491.29,0.5962,209.23,0.5963,291.22
1753617204002,11:53:24.002,binance,ACE/USDT:USDT,0.5958,233.98,0.5957,491.29,0.5962,209.23,0.5963,291.22
1753617204302,11:53:24.302,binance,ACE/USDT:USDT,0.5958,233.98,0.5957,491.29,0.5962,209.23,0.5963,291.22
1753617204602,11:53:24.602,binance,ACE/USDT:USDT,0.5958,233.98,0.5957,491.29,0.5962,209.23,0.5963,291.22
1753617204888,11:53:24.888,binance,ACE/USDT:USDT,0.5958,233.98,0.5957,491.29,0.5962,209.23,0.5963,291.22
1753617205004,11:53:25.004,binance,ACE/USDT:USDT,0.5958,233.98,0.5957,491.29,0.5962,209.23,0.5963,291.22
1753617205139,11:53:25.139,binance,ACE/USDT:USDT,0.5958,233.98,0.5957,491.29,0.5962,209.23,0.5963,266.93
1753617205275,11:53:25.275,binance,ACE/USDT:USDT,0.5958,233.98,0.5957,491.29,0.5962,209.23,0.5963,266.93
1753617205505,11:53:25.505,binance,ACE/USDT:USDT,0.5958,200.42,0.5957,524.85,0.5962,273.87,0.5963,207.95
1753617205633,11:53:25.633,binance,ACE/USDT:USDT,0.5958,200.42,0.5957,524.85,0.5962,355.59,0.5963,207.95
1753617205758,11:53:25.758,binance,ACE/USDT:USDT,0.5958,200.42,0.5957,524.85,0.5962,380.67,0.5963,207.95
1753617205869,11:53:25.869,binance,ACE/USDT:USDT,0.5958,200.42,0.5957,524.85,0.5962,380.67,0.5963,207.95
1753617206033,11:53:26.033,binance,ACE/USDT:USDT,0.5958,200.42,0.5957,524.85,0.5962,380.67,0.5963,207.95
1753617206203,11:53:26.203,binance,ACE/USDT:USDT,0.5958,233.98,0.5957,524.85,0.5962,380.67,0.5963,207.95
1753617206333,11:53:26.333,binance,ACE/USDT:USDT,0.5958,233.98,0.5957,524.85,0.5962,298.95,0.5963,207.95
1753617206576,11:53:26.576,binance,ACE/USDT:USDT,0.5958,233.98,0.5957,524.85,0.5962,339.81,0.5963,207.95
1753617206678,11:53:26.678,binance,ACE/USDT:USDT,0.5958,200.42,0.5957,524.85,0.5962,380.67,0.5963,207.95
1753617206809,11:53:26.809,binance,ACE/USDT:USDT,0.5958,200.42,0.5957,524.85,0.5962,380.67,0.5963,207.95
1753617207102,11:53:27.102,binance,ACE/USDT:USDT,0.5958,200.42,0.5957,524.85,0.5962,380.67,0.5963,207.95
1753617207369,11:53:27.369,binance,ACE/USDT:USDT,0.5958,200.42,0.5957,524.85,0.5962,380.67,0.5963,207.95
1753617207482,11:53:27.482,binance,ACE/USDT:USDT,0.5958,200.42,0.5957,524.85,0.5962,380.67,0.5963,207.95
1753617207621,11:53:27.621,binance,ACE/USDT:USDT,0.5958,233.98,0.5957,524.85,0.5962,249.57,0.5963,207.95
1753617207725,11:53:27.725,binance,ACE/USDT:USDT,0.5958,233.98,0.5957,524.85,0.5962,249.57,0.5963,207.95
1753617207862,11:53:27.862,binance,ACE/USDT:USDT,0.5958,233.98,0.5957,524.85,0.5962,49.15,0.5963,207.95
1753617208011,11:53:28.011,binance,ACE/USDT:USDT,0.5958,233.98,0.5957,524.85,0.5962,49.15,0.5963,207.95
1753617208299,11:53:28.299,binance,ACE/USDT:USDT,0.5958,233.98,0.5957,524.85,0.5962,49.15,0.5963,207.95
1753617208502,11:53:28.502,binance,ACE/USDT:USDT,0.5958,233.98,0.5957,524.85,0.5962,49.15,0.5963,207.95
1753617208802,11:53:28.802,binance,ACE/USDT:USDT,0.5958,233.98,0.5957,524.85,0.5962,49.15,0.5963,207.95
1753617209018,11:53:29.018,binance,ACE/USDT:USDT,0.5958,233.98,0.5957,524.85,0.5962,49.15,0.5963,207.95
1753617209182,11:53:29.182,binance,ACE/USDT:USDT,0.5958,233.98,0.5957,524.85,0.5962,49.15,0.5963,207.95
1753617209402,11:53:29.402,binance,ACE/USDT:USDT,0.5958,233.98,0.5957,524.85,0.5962,49.15,0.5963,207.95
1753617209589,11:53:29.589,binance,ACE/USDT:USDT,0.5958,233.98,0.5957,524.85,0.5962,49.15,0.5963,207.95
1753617209702,11:53:29.702,binance,ACE/USDT:USDT,0.5958,233.98,0.5957,524.85,0.5962,49.15,0.5963,207.95
1753617209904,11:53:29.904,binance,ACE/USDT:USDT,0.5958,233.98,0.5957,524.85,0.5962,49.15,0.5963,207.95
1753617210046,11:53:30.046,binance,ACE/USDT:USDT,0.5958,233.98,0.5957,524.85,0.5962,49.15,0.5963,207.95
1753617210171,11:53:30.171,binance,ACE/USDT:USDT,0.5958,233.98,0.5957,524.85,0.5962,49.15,0.5963,207.95
1753617210323,11:53:30.323,binance,ACE/USDT:USDT,0.5958,233.98,0.5957,524.85,0.5962,49.15,0.5963,207.95
1753617210568,11:53:30.568,binance,ACE/USDT:USDT,0.5958,233.98,0.5957,524.85,0.5962,49.15,0.5963,207.95
1753617210680,11:53:30.680,binance,ACE/USDT:USDT,0.5963,200.42,0.5962,196.18,0.5966,1121.34,0.5967,78.48
1753617210782,11:53:30.782,binance,ACE/USDT:USDT,0.5963,200.42,0.5962,196.18,0.5966,1150.83,0.5967,78.48
1753617210886,11:53:30.886,binance,ACE/USDT:USDT,0.5963,200.42,0.5962,28.53,0.5966,1209.81,0.5967,78.48
1753617211024,11:53:31.024,binance,ACE/USDT:USDT,0.5963,200.42,0.5962,194.91,0.5966,1180.32,0.5967,78.48
1753617211126,11:53:31.126,binance,ACE/USDT:USDT,0.5963,200.42,0.5962,194.91,0.5966,1150.83,0.5967,78.48
1753617211229,11:53:31.229,binance,ACE/USDT:USDT,0.5963,200.42,0.5962,194.91,0.5965,200.42,0.5966,1167.6
1753617211500,11:53:31.500,binance,ACE/USDT:USDT,0.5963,200.42,0.5962,194.91,0.5965,200.42,0.5966,1305.78
1753617211602,11:53:31.602,binance,ACE/USDT:USDT,0.5963,200.42,0.5962,194.91,0.5965,200.42,0.5966,1305.78
1753617211712,11:53:31.712,binance,ACE/USDT:USDT,0.5963,200.42,0.5962,194.91,0.5966,1305.78,0.5967,89.48
1753617211840,11:53:31.840,binance,ACE/USDT:USDT,0.5963,200.42,0.5962,194.91,0.5966,1289.01,0.5967,78.48
1753617211948,11:53:31.948,binance,ACE/USDT:USDT,0.5963,200.42,0.5962,194.91,0.5966,1300.38,0.5967,78.48
1753617212099,11:53:32.099,binance,ACE/USDT:USDT,0.5963,200.42,0.5962,194.91,0.5966,1311.75,0.5967,78.48
1753617212203,11:53:32.203,binance,ACE/USDT:USDT,0.5963,200.42,0.5962,194.91,0.5966,1144.08,0.5967,78.48
1753617212379,11:53:32.379,binance,ACE/USDT:USDT,0.5963,200.42,0.5962,194.91,0.5966,1144.08,0.5967,78.48
1753617212605,11:53:32.605,binance,ACE/USDT:USDT,0.5963,200.42,0.5962,194.91,0.5966,1144.08,0.5967,78.48
1753617212724,11:53:32.724,binance,ACE/USDT:USDT,0.5963,200.42,0.5962,194.91,0.5966,1168.26,0.5967,78.48
1753617212902,11:53:32.902,binance,ACE/USDT:USDT,0.5963,200.42,0.5962,194.91,0.5966,1192.44,0.5967,78.48
1753617213004,11:53:33.004,binance,ACE/USDT:USDT,0.5963,200.42,0.5962,194.91,0.5966,1168.26,0.5967,78.48
1753617213134,11:53:33.134,binance,ACE/USDT:USDT,0.5963,200.42,0.5962,228.45,0.5966,1168.26,0.5967,78.48
1753617213301,11:53:33.301,binance,ACE/USDT:USDT,0.5963,200.42,0.5962,228.45,0.5966,1168.26,0.5967,78.48
1753617213462,11:53:33.462,binance,ACE/USDT:USDT,0.5963,200.42,0.5962,228.45,0.5966,1168.26,0.5967,78.48
1753617213799,11:53:33.799,binance,ACE/USDT:USDT,0.5963,200.42,0.5962,228.45,0.5966,1168.26,0.5967,78.48
1753617213902,11:53:33.902,binance,ACE/USDT:USDT,0.5963,200.42,0.5962,228.45,0.5966,1168.26,0.5967,78.48
1753617214101,11:53:34.101,binance,ACE/USDT:USDT,0.5963,200.42,0.5962,228.45,0.5966,1168.26,0.5967,78.48
1753617214297,11:53:34.297,binance,ACE/USDT:USDT,0.5963,232.76,0.5962,228.45,0.5966,1168.26,0.5967,78.48
1753617214401,11:53:34.401,binance,ACE/USDT:USDT,0.5963,232.76,0.5962,228.45,0.5966,1168.26,0.5967,78.48
1753617214559,11:53:34.559,binance,ACE/USDT:USDT,0.5963,169.8,0.5962,194.91,0.5965,382.5,0.5966,1317.15
1753617214661,11:53:34.661,binance,ACE/USDT:USDT,0.5963,169.8,0.5962,194.91,0.5965,411.99,0.5966,1317.15
1753617214762,11:53:34.762,binance,ACE/USDT:USDT,0.5963,32.34,0.5962,194.91,0.5965,441.48,0.5966,1317.15
1753617214921,11:53:34.921,binance,ACE/USDT:USDT,0.5963,32.34,0.5962,194.91,0.5965,441.48,0.5966,1317.15
1753617215033,11:53:35.033,binance,ACE/USDT:USDT,0.5963,41.15,0.5962,194.91,0.5965,441.48,0.5966,1317.15
1753617215202,11:53:35.202,binance,ACE/USDT:USDT,0.5963,41.15,0.5962,194.91,0.5965,441.48,0.5966,1305.78
1753617215747,11:53:35.747,binance,ACE/USDT:USDT,0.5963,41.15,0.5962,194.91,0.5965,441.48,0.5966,1305.78
1753617215850,11:53:35.850,binance,ACE/USDT:USDT,0.5963,41.15,0.5962,228.45,0.5965,441.48,0.5966,1305.78
1753617216151,11:53:36.151,binance,ACE/USDT:USDT,0.5963,41.15,0.5962,228.45,0.5965,441.48,0.5966,1305.78
1753617216271,11:53:36.271,binance,ACE/USDT:USDT,0.5963,41.15,0.5962,228.45,0.5965,441.48,0.5966,1305.78
1753617216389,11:53:36.389,binance,ACE/USDT:USDT,0.5963,41.15,0.5962,228.45,0.5965,441.48,0.5966,1305.78
1753617216502,11:53:36.502,binance,ACE/USDT:USDT,0.5963,41.15,0.5962,228.45,0.5965,441.48,0.5966,1305.78
1753617216843,11:53:36.843,binance,ACE/USDT:USDT,0.5963,41.15,0.5962,228.45,0.5965,441.48,0.5966,1305.78
1753617217001,11:53:37.001,binance,ACE/USDT:USDT,0.5963,41.15,0.5962,228.45,0.5965,441.48,0.5966,1305.78
1753617217194,11:53:37.194,binance,ACE/USDT:USDT,0.5963,41.15,0.5962,228.45,0.5965,441.48,0.5966,1305.78
1753617217402,11:53:37.402,binance,ACE/USDT:USDT,0.5963,41.15,0.5962,228.45,0.5965,441.48,0.5966,1305.78
1753617217516,11:53:37.516,binance,ACE/USDT:USDT,0.5963,41.15,0.5962,228.45,0.5965,441.48,0.5966,1305.78
1753617218002,11:53:38.002,binance,ACE/USDT:USDT,0.5963,41.15,0.5962,228.45,0.5965,441.48,0.5966,1305.78
1753617218109,11:53:38.109,binance,ACE/USDT:USDT,0.5963,41.15,0.5962,228.45,0.5965,441.48,0.5966,1305.78
1753617218434,11:53:38.434,binance,ACE/USDT:USDT,0.5963,30.95,0.5962,194.91,0.5965,318.38,0.5966,1305.78
1753617218555,11:53:38.555,binance,ACE/USDT:USDT,0.5963,30.95,0.5962,194.91,0.5965,274.64,0.5966,1317.52
1753617218729,11:53:38.729,binance,ACE/USDT:USDT,0.5963,30.95,0.5962,194.91,0.5965,274.64,0.5966,1317.52
1753617218890,11:53:38.890,binance,ACE/USDT:USDT,0.5963,30.95,0.5962,228.45,0.5965,274.64,0.5966,1317.52
1753617219003,11:53:39.003,binance,ACE/USDT:USDT,0.5963,30.95,0.5962,228.45,0.5965,304.13,0.5966,1317.52
1753617219152,11:53:39.152,binance,ACE/USDT:USDT,0.5963,30.95,0.5962,228.45,0.5965,304.13,0.5966,1317.52
1753617219302,11:53:39.302,binance,ACE/USDT:USDT,0.5963,30.95,0.5962,228.45,0.5965,304.13,0.5966,1317.52
1753617219602,11:53:39.602,binance,ACE/USDT:USDT,0.5963,30.95,0.5962,228.45,0.5965,304.13,0.5966,1317.52
1753617219902,11:53:39.902,binance,ACE/USDT:USDT,0.5963,30.95,0.5962,228.45,0.5965,304.13,0.5966,1317.52
1753617220202,11:53:40.202,binance,ACE/USDT:USDT,0.5963,30.95,0.5962,228.45,0.5965,304.13,0.5966,1317.52
1753617220367,11:53:40.367,binance,ACE/USDT:USDT,0.5963,30.95,0.5962,228.45,0.5965,274.64,0.5966,1317.52
1753617220474,11:53:40.474,binance,ACE/USDT:USDT,0.5963,30.95,0.5962,228.45,0.5965,245.15,0.5966,1317.52
1753617220607,11:53:40.607,binance,ACE/USDT:USDT,0.5963,30.95,0.5962,28.53,0.5964,95.08,0.5965,202.94
1753617220709,11:53:40.709,binance,ACE/USDT:USDT,0.5963,45.73,0.5962,28.53,0.5964,95.08,0.5965,232.43
1753617220853,11:53:40.853,binance,ACE/USDT:USDT,0.5963,45.73,0.5962,28.53,0.5964,95.08,0.5965,291.41
1753617221002,11:53:41.002,binance,ACE/USDT:USDT,0.5963,45.73,0.5962,28.53,0.5964,95.08,0.5965,291.41
1753617221232,11:53:41.232,binance,ACE/USDT:USDT,0.5963,45.73,0.5962,28.53,0.5964,95.08,0.5965,291.41
1753617221397,11:53:41.397,binance,ACE/USDT:USDT,0.5963,45.73,0.5962,28.53,0.5964,97.87,0.5965,202.94
1753617221500,11:53:41.500,binance,ACE/USDT:USDT,0.5963,45.73,0.5962,62.07,0.5964,97.87,0.5965,232.85
1753617221629,11:53:41.629,binance,ACE/USDT:USDT,0.5963,45.73,0.5962,28.53,0.5964,97.87,0.5965,262.76
1753617221802,11:53:41.802,binance,ACE/USDT:USDT,0.5963,45.73,0.5962,28.53,0.5964,97.87,0.5965,262.76
1753617221933,11:53:41.933,binance,ACE/USDT:USDT,0.5963,45.73,0.5962,28.53,0.5964,97.87,0.5965,262.76
1753617222100,11:53:42.100,binance,ACE/USDT:USDT,0.5963,45.73,0.5962,28.53,0.5964,97.87,0.5965,262.76
1753617222209,11:53:42.209,binance,ACE/USDT:USDT,0.5963,45.73,0.5962,28.53,0.5964,97.87,0.5965,262.76
1753617222537,11:53:42.537,binance,ACE/USDT:USDT,0.5963,45.73,0.5962,62.07,0.5964,97.87,0.5965,262.76
1753617222641,11:53:42.641,binance,ACE/USDT:USDT,0.5963,45.73,0.5962,62.07,0.5964,97.87,0.5965,262.76
1753617222989,11:53:42.989,binance,ACE/USDT:USDT,0.5963,45.73,0.5962,62.07,0.5964,97.87,0.5965,262.76
1753617223101,11:53:43.101,binance,ACE/USDT:USDT,0.5963,45.73,0.5962,62.07,0.5964,97.87,0.5965,262.76
1753617223212,11:53:43.212,binance,ACE/USDT:USDT,0.5963,45.73,0.5962,62.07,0.5964,97.87,0.5965,262.76
1753617223602,11:53:43.602,binance,ACE/USDT:USDT,0.5963,45.73,0.5962,62.07,0.5964,97.87,0.5965,262.76
1753617223833,11:53:43.833,binance,ACE/USDT:USDT,0.5963,45.73,0.5962,28.53,0.5964,97.87,0.5965,262.76
1753617223949,11:53:43.949,binance,ACE/USDT:USDT,0.5963,45.73,0.5962,28.53,0.5964,97.87,0.5965,262.76
1753617224139,11:53:44.139,binance,ACE/USDT:USDT,0.5963,45.73,0.5962,28.53,0.5964,97.87,0.5965,262.76
1753617224445,11:53:44.445,binance,ACE/USDT:USDT,0.5963,45.73,0.5962,28.53,0.5964,97.87,0.5965,262.76
1753617224702,11:53:44.702,binance,ACE/USDT:USDT,0.5963,45.73,0.5962,62.07,0.5964,97.87,0.5965,262.76
1753617224814,11:53:44.814,binance,ACE/USDT:USDT,0.5963,45.73,0.5962,62.07,0.5964,97.87,0.5965,262.76
1753617225302,11:53:45.302,binance,ACE/USDT:USDT,0.5963,45.73,0.5962,62.07,0.5964,97.87,0.5965,262.76
1753617225889,11:53:45.889,binance,ACE/USDT:USDT,0.5963,45.73,0.5962,62.07,0.5964,97.87,0.5965,262.76
1753617225998,11:53:45.998,binance,ACE/USDT:USDT,0.5963,45.73,0.5962,62.07,0.5964,97.87,0.5965,262.76
1753617226402,11:53:46.402,binance,ACE/USDT:USDT,0.5963,45.73,0.5962,62.07,0.5964,97.87,0.5965,262.76
1753617226758,11:53:46.758,binance,ACE/USDT:USDT,0.5963,45.73,0.5962,62.07,0.5964,97.87,0.5965,262.76
1753617226974,11:53:46.974,binance,ACE/USDT:USDT,0.5963,45.73,0.5962,62.07,0.5964,97.87,0.5965,262.76
1753617227076,11:53:47.076,binance,ACE/USDT:USDT,0.5963,45.73,0.5962,62.07,0.5964,97.87,0.5965,262.76
1753617227222,11:53:47.222,binance,ACE/USDT:USDT,0.5963,45.73,0.5962,62.07,0.5964,97.87,0.5965,262.76
1753617227397,11:53:47.397,binance,ACE/USDT:USDT,0.5963,45.73,0.5962,62.07,0.5964,97.87,0.5965,262.76
1753617227518,11:53:47.518,binance,ACE/USDT:USDT,0.5963,45.73,0.5962,62.07,0.5964,97.87,0.5965,262.76
1753617227701,11:53:47.701,binance,ACE/USDT:USDT,0.5963,79.27,0.5962,62.07,0.5964,97.87,0.5965,233.27
1753617227805,11:53:47.805,binance,ACE/USDT:USDT,0.5966,233.94,0.5965,16.77,0.5968,19.68,0.5969,165.42
1753617227911,11:53:47.911,binance,ACE/USDT:USDT,0.5966,233.94,0.5965,16.77,0.5968,28.18,0.5969,165.42
1753617228012,11:53:48.012,binance,ACE/USDT:USDT,0.5966,242.74,0.5965,16.77,0.5968,47.56,0.5969,416.77
1753617228115,11:53:48.115,binance,ACE/USDT:USDT,0.5966,242.74,0.5965,16.77,0.5968,47.56,0.5969,416.77
1753617228269,11:53:48.269,binance,ACE/USDT:USDT,0.5966,42.32,0.5965,16.77,0.5968,47.56,0.5969,436.15
1753617228399,11:53:48.399,binance,ACE/USDT:USDT,0.5966,42.32,0.5965,16.77,0.5968,47.56,0.5969,455.53
1753617228502,11:53:48.502,binance,ACE/USDT:USDT,0.5966,33.52,0.5965,16.77,0.5968,47.56,0.5969,455.53
1753617228617,11:53:48.617,binance,ACE/USDT:USDT,0.5966,33.52,0.5965,16.77,0.5968,47.56,0.5969,455.53
1753617228816,11:53:48.816,binance,ACE/USDT:USDT,0.5964,721.39,0.5963,134.76,0.5968,193.68,0.5969,455.53
1753617229026,11:53:49.026,binance,ACE/USDT:USDT,0.5966,200.42,0.5965,474.5,0.5968,193.68,0.5969,287.95
1753617229134,11:53:49.134,binance,ACE/USDT:USDT,0.5966,200.42,0.5965,524.78,0.5968,193.68,0.5969,287.95
1753617229305,11:53:49.305,binance,ACE/USDT:USDT,0.5966,200.42,0.5965,524.78,0.5968,193.68,0.5969,287.95
1753617229502,11:53:49.502,binance,ACE/USDT:USDT,0.5966,200.42,0.5965,524.78,0.5968,193.68,0.5969,287.95
1753617229607,11:53:49.607,binance,ACE/USDT:USDT,0.5966,200.42,0.5965,524.78,0.5968,193.68,0.5969,287.95
1753617229731,11:53:49.731,binance,ACE/USDT:USDT,0.5966,200.42,0.5965,524.78,0.5968,193.68,0.5969,287.95
1753617230102,11:53:50.102,binance,ACE/USDT:USDT,0.5966,200.42,0.5965,524.78,0.5968,193.68,0.5969,287.95
1753617230240,11:53:50.240,binance,ACE/USDT:USDT,0.5966,200.42,0.5965,524.78,0.5968,203.37,0.5969,287.95
1753617230518,11:53:50.518,binance,ACE/USDT:USDT,0.5966,200.42,0.5965,524.78,0.5968,203.37,0.5969,287.95
1753617230659,11:53:50.659,binance,ACE/USDT:USDT,0.5966,200.42,0.5965,491.26,0.5968,213.06,0.5969,287.95
1753617230802,11:53:50.802,binance,ACE/USDT:USDT,0.5966,200.42,0.5965,491.26,0.5968,213.06,0.5969,287.95
1753617231202,11:53:51.202,binance,ACE/USDT:USDT,0.5966,200.42,0.5965,524.78,0.5968,213.06,0.5969,194.49
1753617231308,11:53:51.308,binance,ACE/USDT:USDT,0.5965,474.5,0.5964,384.78,0.5968,160.41,0.5969,362.07
1753617231410,11:53:51.410,binance,ACE/USDT:USDT,0.5964,349.16,0.5963,788.64,0.5967,210.12,0.5968,169.52
1753617231530,11:53:51.530,binance,ACE/USDT:USDT,0.5964,349.16,0.5963,788.64,0.5967,239.22,0.5968,150.14
1753617231641,11:53:51.641,binance,ACE/USDT:USDT,0.5964,349.16,0.5963,788.64,0.5967,248.92,0.5968,150.14
1753617231764,11:53:51.764,binance,ACE/USDT:USDT,0.5964,349.16,0.5963,788.64,0.5967,268.32,0.5968,150.14
1753617231902,11:53:51.902,binance,ACE/USDT:USDT,0.5964,349.16,0.5963,788.64,0.5967,278.02,0.5968,150.14
1753617232006,11:53:52.006,binance,ACE/USDT:USDT,0.5964,349.16,0.5963,788.64,0.5967,278.02,0.5968,150.14
1753617232203,11:53:52.203,binance,ACE/USDT:USDT,0.5965,489.2,0.5964,365.93,0.5967,278.02,0.5968,150.14
1753617232350,11:53:52.350,binance,ACE/USDT:USDT,0.5966,8.8,0.5965,505.97,0.5967,278.02,0.5968,150.14
1753617232472,11:53:52.472,binance,ACE/USDT:USDT,0.5966,8.8,0.5965,505.97,0.5967,278.02,0.5968,150.14
1753617232602,11:53:52.602,binance,ACE/USDT:USDT,0.5966,8.8,0.5965,505.97,0.5967,287.21,0.5968,150.14
1753617232716,11:53:52.716,binance,ACE/USDT:USDT,0.5966,8.8,0.5965,505.97,0.5967,287.21,0.5968,150.14
1753617232963,11:53:52.963,binance,ACE/USDT:USDT,0.5966,8.8,0.5965,505.97,0.5967,287.21,0.5968,150.14
1753617233101,11:53:53.101,binance,ACE/USDT:USDT,0.5966,8.8,0.5965,505.97,0.5967,287.21,0.5968,150.14
1753617233286,11:53:53.286,binance,ACE/USDT:USDT,0.5966,8.8,0.5965,505.97,0.5967,287.21,0.5968,150.14
1753617233509,11:53:53.509,binance,ACE/USDT:USDT,0.5966,8.8,0.5965,505.97,0.5967,287.21,0.5968,150.14
1753617233637,11:53:53.637,binance,ACE/USDT:USDT,0.5966,8.8,0.5965,505.97,0.5967,287.21,0.5968,130.76
1753617233742,11:53:53.742,binance,ACE/USDT:USDT,0.5966,8.8,0.5965,505.97,0.5967,296.91,0.5968,130.76
1753617233876,11:53:53.876,binance,ACE/USDT:USDT,0.5966,8.8,0.5965,505.97,0.5967,306.61,0.5968,130.76
1753617234021,11:53:54.021,binance,ACE/USDT:USDT,0.5967,173.15,0.5966,341.17,0.597,575.89,0.5971,367.04
1753617234124,11:53:54.124,binance,ACE/USDT:USDT,0.5967,870.01,0.5966,176.49,0.597,575.89,0.5971,367.04
1753617234231,11:53:54.231,binance,ACE/USDT:USDT,0.5967,870.01,0.5966,674.79,0.597,575.89,0.5971,367.04
1753617234343,11:53:54.343,binance,ACE/USDT:USDT,0.5967,870.01,0.5966,674.79,0.597,575.89,0.5971,367.04
1753617234472,11:53:54.472,binance,ACE/USDT:USDT,0.5967,870.01,0.5966,674.79,0.597,575.89,0.5971,367.04
1753617234688,11:53:54.688,binance,ACE/USDT:USDT,0.5967,870.01,0.5966,674.79,0.597,575.89,0.5971,367.04
1753617234849,11:53:54.849,binance,ACE/USDT:USDT,0.5967,870.01,0.5966,674.79,0.597,575.89,0.5971,367.04
1753617234959,11:53:54.959,binance,ACE/USDT:USDT,0.5967,870.01,0.5966,674.79,0.597,575.89,0.5971,367.04
1753617235064,11:53:55.064,binance,ACE/USDT:USDT,0.5967,870.01,0.5966,674.79,0.597,575.89,0.5971,367.04
1753617235167,11:53:55.167,binance,ACE/USDT:USDT,0.5967,870.01,0.5966,674.79,0.597,575.89,0.5971,367.04
1753617235269,11:53:55.269,binance,ACE/USDT:USDT,0.5967,870.01,0.5966,674.79,0.597,575.89,0.5971,367.04
1753617235425,11:53:55.425,binance,ACE/USDT:USDT,0.5967,870.01,0.5966,674.79,0.597,575.89,0.5971,367.04
1753617235556,11:53:55.556,binance,ACE/USDT:USDT,0.5967,923.12,0.5966,674.79,0.597,575.89,0.5971,367.04
1753617235683,11:53:55.683,binance,ACE/USDT:USDT,0.5967,923.12,0.5966,674.79,0.597,575.89,0.5971,367.04
1753617235786,11:53:55.786,binance,ACE/USDT:USDT,0.5967,923.12,0.5966,674.79,0.597,575.89,0.5971,367.04
1753617236077,11:53:56.077,binance,ACE/USDT:USDT,0.5967,923.12,0.5966,674.79,0.597,575.89,0.5971,367.04
1753617236302,11:53:56.302,binance,ACE/USDT:USDT,0.5967,923.12,0.5966,674.79,0.597,575.89,0.5971,367.04
1753617236902,11:53:56.902,binance,ACE/USDT:USDT,0.5967,923.12,0.5966,674.79,0.597,575.89,0.5971,367.04
1753617237018,11:53:57.018,binance,ACE/USDT:USDT,0.5967,923.12,0.5966,674.79,0.597,575.89,0.5971,367.04
1753617237139,11:53:57.139,binance,ACE/USDT:USDT,0.5967,923.12,0.5966,674.79,0.597,575.89,0.5971,367.04
1753617237249,11:53:57.249,binance,ACE/USDT:USDT,0.5967,923.12,0.5966,674.79,0.597,575.89,0.5971,367.04
1753617237351,11:53:57.351,binance,ACE/USDT:USDT,0.5967,923.12,0.5966,674.79,0.597,575.89,0.5971,367.04
1753617237498,11:53:57.498,binance,ACE/USDT:USDT,0.5967,923.12,0.5966,674.79,0.597,575.89,0.5971,367.04
1753617237601,11:53:57.601,binance,ACE/USDT:USDT,0.5967,923.12,0.5966,674.79,0.597,575.89,0.5971,367.04
1753617237706,11:53:57.706,binance,ACE/USDT:USDT,0.5967,883.92,0.5966,176.49,0.5969,146.33,0.597,575.89
1753617237820,11:53:57.820,binance,ACE/USDT:USDT,0.5967,187.06,0.5966,176.49,0.5969,146.33,0.597,592.65
1753617237941,11:53:57.941,binance,ACE/USDT:USDT,0.5967,187.06,0.5966,176.49,0.5969,146.33,0.597,592.65
1753617238098,11:53:58.098,binance,ACE/USDT:USDT,0.5967,187.06,0.5966,176.49,0.5969,146.33,0.597,592.65
1753617238288,11:53:58.288,binance,ACE/USDT:USDT,0.5967,187.06,0.5966,176.49,0.5969,146.33,0.597,592.65
1753617238390,11:53:58.390,binance,ACE/USDT:USDT,0.5967,187.06,0.5966,167.69,0.5968,44.91,0.5969,163.09
1753617238526,11:53:58.526,binance,ACE/USDT:USDT,0.5967,187.06,0.5966,167.69,0.5968,44.91,0.5969,163.09
1753617238648,11:53:58.648,binance,ACE/USDT:USDT,0.5967,187.06,0.5966,167.69,0.5968,44.91,0.5969,163.09
1753617238939,11:53:58.939,binance,ACE/USDT:USDT,0.5967,187.06,0.5966,167.69,0.5968,44.91,0.5969,163.09
1753617239102,11:53:59.102,binance,ACE/USDT:USDT,0.5967,187.06,0.5966,167.69,0.5968,44.91,0.5969,163.09
1753617239459,11:53:59.459,binance,ACE/USDT:USDT,0.5967,187.06,0.5966,167.69,0.5968,44.91,0.5969,163.09
1753617239562,11:53:59.562,binance,ACE/USDT:USDT,0.5967,187.06,0.5966,167.69,0.5968,44.91,0.5969,163.09
1753617239702,11:53:59.702,binance,ACE/USDT:USDT,0.5967,187.06,0.5966,167.69,0.5968,44.91,0.5969,163.09
1753617240002,11:54:00.002,binance,ACE/USDT:USDT,0.5967,187.06,0.5966,167.69,0.5968,44.91,0.5969,163.09
1753617240230,11:54:00.230,binance,ACE/USDT:USDT,0.5967,187.06,0.5966,167.69,0.5968,53.71,0.5969,163.09
1753617240386,11:54:00.386,binance,ACE/USDT:USDT,0.5967,187.06,0.5966,167.69,0.5968,372.8,0.5969,278.18
1753617240488,11:54:00.488,binance,ACE/USDT:USDT,0.5966,150.92,0.5965,16.77,0.5968,643.45,0.5969,278.18
1753617240590,11:54:00.590,binance,ACE/USDT:USDT,0.5966,150.92,0.5965,16.77,0.5968,643.45,0.5969,278.18
1753617240802,11:54:00.802,binance,ACE/USDT:USDT,0.5966,150.92,0.5965,16.77,0.5968,643.45,0.5969,278.18
1753617240905,11:54:00.905,binance,ACE/USDT:USDT,0.5966,150.92,0.5965,16.77,0.5968,643.45,0.5969,278.18
1753617241363,11:54:01.363,binance,ACE/USDT:USDT,0.5966,150.92,0.5965,16.77,0.5968,643.45,0.5969,278.18
1753617241519,11:54:01.519,binance,ACE/USDT:USDT,0.5966,150.92,0.5965,16.77,0.5968,643.45,0.5969,278.18
1753617241902,11:54:01.902,binance,ACE/USDT:USDT,0.5966,150.92,0.5965,16.77,0.5968,643.45,0.5969,278.18
1753617242006,11:54:02.006,binance,ACE/USDT:USDT,0.5966,150.92,0.5965,16.77,0.5968,643.45,0.5969,278.18
1753617242129,11:54:02.129,binance,ACE/USDT:USDT,0.5966,150.92,0.5965,16.77,0.5968,643.45,0.5969,278.18
1753617242237,11:54:02.237,binance,ACE/USDT:USDT,0.5966,150.92,0.5965,16.77,0.5968,643.45,0.5969,278.18
1753617242340,11:54:02.340,binance,ACE/USDT:USDT,0.5966,172.77,0.5965,16.77,0.5968,643.45,0.5969,278.18
1753617242502,11:54:02.502,binance,ACE/USDT:USDT,0.5966,172.77,0.5965,16.77,0.5968,643.45,0.5969,278.18
1753617243039,11:54:03.039,binance,ACE/USDT:USDT,0.5966,172.77,0.5965,16.77,0.5968,643.45,0.5969,278.18
1753617243461,11:54:03.461,binance,ACE/USDT:USDT,0.5966,172.77,0.5965,16.77,0.5968,662.52,0.5969,278.18
1753617243589,11:54:03.589,binance,ACE/USDT:USDT,0.5966,172.77,0.5965,16.77,0.5968,662.52,0.5969,278.18
1753617243915,11:54:03.915,binance,ACE/USDT:USDT,0.5966,172.77,0.5965,16.77,0.5967,251.38,0.5968,679.28
1753617244039,11:54:04.039,binance,ACE/USDT:USDT,0.5966,172.77,0.5965,16.77,0.5967,251.38,0.5968,679.28
1753617244146,11:54:04.146,binance,ACE/USDT:USDT,0.5966,172.77,0.5965,16.77,0.5967,251.38,0.5968,679.28
1753617244414,11:54:04.414,binance,ACE/USDT:USDT,0.5966,172.77,0.5965,16.77,0.5968,662.52,0.5969,278.18
1753617244516,11:54:04.516,binance,ACE/USDT:USDT,0.5966,171.46,0.5965,16.77,0.5967,251.38,0.5968,679.29
1753617244619,11:54:04.619,binance,ACE/USDT:USDT,0.5966,171.46,0.5965,16.77,0.5967,251.38,0.5968,679.29
1753617244802,11:54:04.802,binance,ACE/USDT:USDT,0.5966,171.46,0.5965,16.77,0.5967,251.38,0.5968,679.29
1753617245129,11:54:05.129,binance,ACE/USDT:USDT,0.5966,171.46,0.5965,45.09,0.5967,251.38,0.5968,679.29
1753617245297,11:54:05.297,binance,ACE/USDT:USDT,0.5965,45.09,0.5964,239.93,0.5967,276.47,0.5968,670.49
1753617245398,11:54:05.398,binance,ACE/USDT:USDT,0.5964,11.74,0.5963,163.08,0.5967,276.47,0.5968,2329.55
1753617245509,11:54:05.509,binance,ACE/USDT:USDT,0.5964,11.74,0.5963,163.08,0.5967,276.47,0.5968,2329.55
1753617245659,11:54:05.659,binance,ACE/USDT:USDT,0.5964,11.74,0.5963,163.08,0.5967,25.09,0.5968,2329.55
1753617245768,11:54:05.768,binance,ACE/USDT:USDT,0.5964,170.59,0.5963,163.08,0.5967,25.09,0.5968,2329.55
1753617246185,11:54:06.185,binance,ACE/USDT:USDT,0.5964,170.59,0.5963,163.08,0.5967,25.09,0.5968,2329.55
1753617246288,11:54:06.288,binance,ACE/USDT:USDT,0.5964,170.59,0.5963,163.08,0.5967,25.09,0.5968,2329.55
1753617246397,11:54:06.397,binance,ACE/USDT:USDT,0.5964,170.59,0.5963,163.08,0.5967,51.58,0.5968,2310.48
1753617246506,11:54:06.506,binance,ACE/USDT:USDT,0.5964,170.59,0.5963,163.08,0.5967,51.58,0.5968,2310.48
1753617246802,11:54:06.802,binance,ACE/USDT:USDT,0.5964,170.59,0.5963,163.08,0.5967,51.58,0.5968,2310.48
1753617247130,11:54:07.130,binance,ACE/USDT:USDT,0.5964,170.59,0.5963,163.08,0.5967,51.58,0.5968,2310.48
1753617247372,11:54:07.372,binance,ACE/USDT:USDT,0.5964,11.74,0.5963,163.08,0.5966,390.04,0.5967,68.35
1753617247483,11:54:07.483,binance,ACE/USDT:USDT,0.5964,11.74,0.5963,163.08,0.5966,390.04,0.5967,68.35
1753617247701,11:54:07.701,binance,ACE/USDT:USDT,0.5964,11.74,0.5963,163.08,0.5966,390.04,0.5967,68.35
1753617247814,11:54:07.814,binance,ACE/USDT:USDT,0.5964,11.74,0.5963,163.08,0.5966,390.04,0.5967,68.35
1753617247915,11:54:07.915,binance,ACE/USDT:USDT,0.5964,11.74,0.5963,163.08,0.5966,138.59,0.5967,68.35
1753617248056,11:54:08.056,binance,ACE/USDT:USDT,0.5963,146.31,0.5962,191.19,0.5965,251.47,0.5966,323.03
1753617248175,11:54:08.175,binance,ACE/USDT:USDT,0.5962,11.75,0.5961,163.93,0.5964,60.28,0.5965,278.73
1753617248279,11:54:08.279,binance,ACE/USDT:USDT,0.5962,11.75,0.5961,163.93,0.5964,227.98,0.5965,278.73
1753617248381,11:54:08.381,binance,ACE/USDT:USDT,0.5962,11.75,0.5961,163.93,0.5964,250.59,0.5965,278.73
1753617248501,11:54:08.501,binance,ACE/USDT:USDT,0.5962,11.75,0.5961,163.93,0.5964,250.59,0.5965,27.26
1753617248608,11:54:08.608,binance,ACE/USDT:USDT,0.5962,11.75,0.5961,163.93,0.5964,250.59,0.5965,27.26
1753617248886,11:54:08.886,binance,ACE/USDT:USDT,0.5962,11.75,0.5961,163.93,0.5964,267.18,0.5965,27.26
1753617249018,11:54:09.018,binance,ACE/USDT:USDT,0.5962,11.75,0.5961,163.93,0.5964,267.18,0.5965,27.26
1753617249200,11:54:09.200,binance,ACE/USDT:USDT,0.5962,11.75,0.5961,163.93,0.5964,267.18,0.5965,27.26
1753617249305,11:54:09.305,binance,ACE/USDT:USDT,0.5962,11.75,0.5961,163.93,0.5964,267.18,0.5965,27.26
1753617249410,11:54:09.410,binance,ACE/USDT:USDT,0.5962,11.75,0.5961,163.93,0.5964,267.18,0.5965,27.26
1753617249518,11:54:09.518,binance,ACE/USDT:USDT,0.5962,11.75,0.5961,163.93,0.5964,267.18,0.5965,27.26
1753617249799,11:54:09.799,binance,ACE/USDT:USDT,0.5962,11.75,0.5961,163.93,0.5964,267.18,0.5965,27.26
1753617250049,11:54:10.049,binance,ACE/USDT:USDT,0.5962,11.75,0.5961,163.93,0.5964,267.18,0.5965,27.26
1753617250339,11:54:10.339,binance,ACE/USDT:USDT,0.5962,11.75,0.5961,163.93,0.5964,267.18,0.5965,27.26
1753617250602,11:54:10.602,binance,ACE/USDT:USDT,0.5962,11.75,0.5961,163.93,0.5964,267.18,0.5965,27.26
1753617250902,11:54:10.902,binance,ACE/USDT:USDT,0.5962,11.75,0.5961,163.93,0.5964,267.18,0.5965,27.26
1753617251134,11:54:11.134,binance,ACE/USDT:USDT,0.5962,11.75,0.5961,163.93,0.5964,267.18,0.5965,27.26
1753617251237,11:54:11.237,binance,ACE/USDT:USDT,0.5962,11.75,0.5961,163.93,0.5964,267.18,0.5965,27.26
1753617251364,11:54:11.364,binance,ACE/USDT:USDT,0.5962,11.75,0.5961,163.93,0.5964,267.18,0.5965,27.26
1753617251502,11:54:11.502,binance,ACE/USDT:USDT,0.5962,11.75,0.5961,163.93,0.5964,267.18,0.5965,27.26
1753617251656,11:54:11.656,binance,ACE/USDT:USDT,0.5962,20.56,0.5961,163.93,0.5964,267.18,0.5965,27.26
1753617251759,11:54:11.759,binance,ACE/USDT:USDT,0.5962,20.56,0.5961,163.93,0.5964,267.18,0.5965,27.26
1753617251925,11:54:11.925,binance,ACE/USDT:USDT,0.5962,20.56,0.5961,163.93,0.5964,267.18,0.5965,27.26
1753617252045,11:54:12.045,binance,ACE/USDT:USDT,0.5962,20.56,0.5961,163.93,0.5964,124.4,0.5965,27.26
1753617252174,11:54:12.174,binance,ACE/USDT:USDT,0.5962,20.56,0.5961,163.93,0.5964,149.32,0.5965,27.26
1753617252402,11:54:12.402,binance,ACE/USDT:USDT,0.5962,20.56,0.5961,163.93,0.5964,149.32,0.5965,27.26
1753617252588,11:54:12.588,binance,ACE/USDT:USDT,0.5962,20.56,0.5961,163.93,0.5964,149.32,0.5965,27.26
1753617252802,11:54:12.802,binance,ACE/USDT:USDT,0.5962,20.56,0.5961,163.93,0.5964,149.32,0.5965,27.26
1753617252990,11:54:12.990,binance,ACE/USDT:USDT,0.5962,20.56,0.5961,163.93,0.5964,149.32,0.5965,52.18
1753617253389,11:54:13.389,binance,ACE/USDT:USDT,0.5962,20.56,0.5961,163.93,0.5964,149.32,0.5965,52.18
1753617253669,11:54:13.669,binance,ACE/USDT:USDT,0.5962,20.56,0.5961,163.93,0.5964,149.32,0.5965,52.18
1753617253781,11:54:13.781,binance,ACE/USDT:USDT,0.5962,20.56,0.5961,163.93,0.5964,149.32,0.5965,52.18
1753617253902,11:54:13.902,binance,ACE/USDT:USDT,0.5962,20.56,0.5961,197.48,0.5964,149.32,0.5965,52.18
1753617254503,11:54:14.503,binance,ACE/USDT:USDT,0.5962,20.56,0.5961,197.48,0.5964,149.32,0.5965,52.18
1753617255208,11:54:15.208,binance,ACE/USDT:USDT,0.5962,20.56,0.5961,163.93,0.5964,208.24,0.5965,77.1
1753617255311,11:54:15.311,binance,ACE/USDT:USDT,0.5962,20.56,0.5961,163.93,0.5964,99.48,0.5965,10.49
1753617255539,11:54:15.539,binance,ACE/USDT:USDT,0.5962,593.36,0.5961,435.93,0.5964,99.48,0.5965,27.27
1753617255648,11:54:15.648,binance,ACE/USDT:USDT,0.5963,200.42,0.5962,643.69,0.5964,99.48,0.5965,27.27
1753617255751,11:54:15.751,binance,ACE/USDT:USDT,0.5962,626.91,0.5961,435.93,0.5964,39.2,0.5965,27.27
1753617255857,11:54:15.857,binance,ACE/USDT:USDT,0.5962,20.56,0.5961,435.93,0.5964,39.2,0.5965,27.27
1753617255991,11:54:15.991,binance,ACE/USDT:USDT,0.5962,20.56,0.5961,16.78,0.5964,39.2,0.5965,27.27
1753617256202,11:54:16.202,binance,ACE/USDT:USDT,0.5962,20.56,0.5961,16.78,0.5964,39.2,0.5965,27.27
1753617256371,11:54:16.371,binance,ACE/USDT:USDT,0.5962,20.56,0.5961,16.78,0.5964,740.31,0.5965,27.27
1753617256478,11:54:16.478,binance,ACE/USDT:USDT,0.5962,20.56,0.5961,16.78,0.5964,740.31,0.5965,27.27
1753617256739,11:54:16.739,binance,ACE/USDT:USDT,0.5962,20.56,0.5961,16.78,0.5964,740.31,0.5965,27.27
1753617257002,11:54:17.002,binance,ACE/USDT:USDT,0.5962,20.56,0.5961,16.78,0.5964,740.31,0.5965,27.27
1753617257153,11:54:17.153,binance,ACE/USDT:USDT,0.5962,54.11,0.5961,50.33,0.5964,740.31,0.5965,27.27
1753617257254,11:54:17.254,binance,ACE/USDT:USDT,0.5962,20.56,0.5961,50.33,0.5964,769.06,0.5965,27.27
1753617257426,11:54:17.426,binance,ACE/USDT:USDT,0.5962,20.56,0.5961,16.78,0.5964,797.82,0.5965,27.27
1753617257558,11:54:17.558,binance,ACE/USDT:USDT,0.5962,20.56,0.5961,16.78,0.5964,797.82,0.5965,27.27
1753617257702,11:54:17.702,binance,ACE/USDT:USDT,0.5962,20.56,0.5961,16.78,0.5964,797.82,0.5965,27.27
1753617257901,11:54:17.901,binance,ACE/USDT:USDT,0.5962,20.56,0.5961,16.78,0.5964,797.82,0.5965,27.27
1753617258199,11:54:18.199,binance,ACE/USDT:USDT,0.5962,20.56,0.5961,16.78,0.5964,797.82,0.5965,27.27
1753617258302,11:54:18.302,binance,ACE/USDT:USDT,0.5962,20.56,0.5961,50.33,0.5964,797.82,0.5965,27.27
1753617258413,11:54:18.413,binance,ACE/USDT:USDT,0.5962,20.56,0.5961,50.33,0.5964,769.06,0.5965,27.27
1753617258576,11:54:18.576,binance,ACE/USDT:USDT,0.5962,20.56,0.5961,16.78,0.5964,798.22,0.5965,27.27
1753617258802,11:54:18.802,binance,ACE/USDT:USDT,0.5962,20.56,0.5961,16.78,0.5964,798.22,0.5965,27.27
1753617259158,11:54:19.158,binance,ACE/USDT:USDT,0.5962,20.56,0.5961,16.78,0.5964,825.33,0.5965,27.27
1753617259289,11:54:19.289,binance,ACE/USDT:USDT,0.5962,10.61,0.5961,16.78,0.5964,852.28,0.5965,27.27
1753617259415,11:54:19.415,binance,ACE/USDT:USDT,0.5962,10.61,0.5961,16.78,0.5964,1264.17,0.5965,27.27
1753617259538,11:54:19.538,binance,ACE/USDT:USDT,0.5962,10.61,0.5961,16.78,0.5964,1264.17,0.5965,27.27
1753617259659,11:54:19.659,binance,ACE/USDT:USDT,0.5962,10.61,0.5961,16.78,0.5964,1264.17,0.5965,27.27
1753617259902,11:54:19.902,binance,ACE/USDT:USDT,0.5962,10.61,0.5961,16.78,0.5964,1264.17,0.5965,27.27
1753617260088,11:54:20.088,binance,ACE/USDT:USDT,0.5962,10.61,0.5961,16.78,0.5964,1264.17,0.5965,27.27
1753617260437,11:54:20.437,binance,ACE/USDT:USDT,0.596,174.13,0.5959,687.74,0.5963,311.83,0.5964,1448.66
1753617260646,11:54:20.646,binance,ACE/USDT:USDT,0.596,193.44,0.5959,687.74,0.5963,519.91,0.5964,1075.06
1753617260800,11:54:20.800,binance,ACE/USDT:USDT,0.596,193.44,0.5959,687.74,0.5963,547.31,0.5964,1075.06
1753617261002,11:54:21.002,binance,ACE/USDT:USDT,0.596,193.44,0.5959,687.74,0.5963,295.76,0.5964,1075.06
1753617261108,11:54:21.108,binance,ACE/USDT:USDT,0.596,193.44,0.5959,687.74,0.5963,295.76,0.5964,1075.06
1753617261527,11:54:21.527,binance,ACE/USDT:USDT,0.596,193.44,0.5959,687.74,0.5963,295.76,0.5964,1045.9
1753617261634,11:54:21.634,binance,ACE/USDT:USDT,0.596,193.44,0.5959,721.29,0.5963,295.76,0.5964,1045.9
1753617261760,11:54:21.760,binance,ACE/USDT:USDT,0.596,193.44,0.5959,721.29,0.5963,329.38,0.5964,1045.9
1753617262102,11:54:22.102,binance,ACE/USDT:USDT,0.596,193.44,0.5959,721.29,0.5963,329.38,0.5964,1045.9
1753617262206,11:54:22.206,binance,ACE/USDT:USDT,0.596,193.44,0.5959,721.29,0.5963,329.38,0.5964,1045.9
1753617262328,11:54:22.328,binance,ACE/USDT:USDT,0.596,193.44,0.5959,721.29,0.5963,329.38,0.5964,1018.79
1753617262650,11:54:22.650,binance,ACE/USDT:USDT,0.596,226.99,0.5959,721.29,0.5963,357.48,0.5964,936.67
1753617262753,11:54:22.753,binance,ACE/USDT:USDT,0.596,193.44,0.5959,721.29,0.5963,414.8,0.5964,909.71
1753617262908,11:54:22.908,binance,ACE/USDT:USDT,0.596,193.44,0.5959,687.74,0.5963,442.91,0.5964,909.71
1753617263106,11:54:23.106,binance,ACE/USDT:USDT,0.596,193.44,0.5959,721.29,0.5963,442.91,0.5964,909.71
1753617263221,11:54:23.221,binance,ACE/USDT:USDT,0.596,193.44,0.5959,721.29,0.5963,442.91,0.5964,909.71
1753617263369,11:54:23.369,binance,ACE/USDT:USDT,0.596,193.44,0.5959,721.29,0.5963,442.91,0.5964,909.71
1753617263901,11:54:23.901,binance,ACE/USDT:USDT,0.596,193.44,0.5959,721.29,0.5963,444.68,0.5964,909.71
1753617264120,11:54:24.120,binance,ACE/USDT:USDT,0.596,193.44,0.5959,721.29,0.5963,444.68,0.5964,909.71
1753617264402,11:54:24.402,binance,ACE/USDT:USDT,0.596,226.99,0.5959,721.29,0.5963,444.68,0.5964,909.71
1753617264519,11:54:24.519,binance,ACE/USDT:USDT,0.596,226.99,0.5959,721.29,0.5963,444.68,0.5964,909.71
1753617264705,11:54:24.705,binance,ACE/USDT:USDT,0.596,226.99,0.5959,721.29,0.5963,444.68,0.5964,909.71
1753617264973,11:54:24.973,binance,ACE/USDT:USDT,0.596,226.99,0.5959,721.29,0.5963,444.68,0.5964,909.71
1753617265102,11:54:25.102,binance,ACE/USDT:USDT,0.596,226.99,0.5959,721.29,0.5963,444.68,0.5964,909.71
1753617265375,11:54:25.375,binance,ACE/USDT:USDT,0.596,226.99,0.5959,721.29,0.5963,444.68,0.5964,909.71
1753617265491,11:54:25.491,binance,ACE/USDT:USDT,0.596,193.44,0.5959,721.29,0.5963,444.68,0.5964,909.71
1753617265602,11:54:25.602,binance,ACE/USDT:USDT,0.596,193.44,0.5959,721.29,0.5963,444.68,0.5964,909.71
1753617266113,11:54:26.113,binance,ACE/USDT:USDT,0.596,226.99,0.5959,721.29,0.5963,444.68,0.5964,909.71
1753617266288,11:54:26.288,binance,ACE/USDT:USDT,0.596,226.99,0.5959,721.29,0.5963,444.68,0.5964,909.71
1753617266543,11:54:26.543,binance,ACE/USDT:USDT,0.596,193.44,0.5959,687.74,0.5963,472.35,0.5964,909.71
1753617266702,11:54:26.702,binance,ACE/USDT:USDT,0.596,193.44,0.5959,687.74,0.5963,472.35,0.5964,909.71
1753617266854,11:54:26.854,binance,ACE/USDT:USDT,0.596,193.44,0.5959,721.29,0.5963,472.35,0.5964,909.71
1753617267303,11:54:27.303,binance,ACE/USDT:USDT,0.596,193.44,0.5959,721.29,0.5963,472.35,0.5964,909.71
1753617267674,11:54:27.674,binance,ACE/USDT:USDT,0.596,193.44,0.5959,721.29,0.5963,472.35,0.5964,909.71
1753617267902,11:54:27.902,binance,ACE/USDT:USDT,0.596,226.99,0.5959,721.29,0.5963,472.35,0.5964,909.71
1753617268028,11:54:28.028,binance,ACE/USDT:USDT,0.596,193.44,0.5959,721.29,0.5963,503.03,0.5964,909.71
1753617268133,11:54:28.133,binance,ACE/USDT:USDT,0.596,193.44,0.5959,687.74,0.5963,503.03,0.5964,909.71
1753617268502,11:54:28.502,binance,ACE/USDT:USDT,0.596,193.44,0.5959,687.74,0.5963,503.03,0.5964,909.71
1753617269102,11:54:29.102,binance,ACE/USDT:USDT,0.596,193.44,0.5959,687.74,0.5963,503.03,0.5964,909.71
1753617269237,11:54:29.237,binance,ACE/USDT:USDT,0.596,193.44,0.5959,687.74,0.5963,503.03,0.5964,909.71
1753617269703,11:54:29.703,binance,ACE/USDT:USDT,0.596,193.44,0.5959,687.74,0.5963,503.03,0.5964,909.71
1753617270139,11:54:30.139,binance,ACE/USDT:USDT,0.596,193.44,0.5959,197.33,0.5963,482.74,0.5964,909.71
1753617270258,11:54:30.258,binance,ACE/USDT:USDT,0.596,193.44,0.5959,197.33,0.5963,482.74,0.5964,909.71
1753617270449,11:54:30.449,binance,ACE/USDT:USDT,0.596,193.44,0.5959,197.33,0.5963,482.74,0.5964,909.71
1753617270802,11:54:30.802,binance,ACE/USDT:USDT,0.596,193.44,0.5959,197.33,0.5963,482.74,0.5964,909.71
1753617270943,11:54:30.943,binance,ACE/USDT:USDT,0.596,193.44,0.5959,163.78,0.5963,514.06,0.5964,909.71
1753617271055,11:54:31.055,binance,ACE/USDT:USDT,0.596,193.44,0.5959,163.78,0.5963,514.06,0.5964,909.71
1753617271402,11:54:31.402,binance,ACE/USDT:USDT,0.596,193.44,0.5959,163.78,0.5963,514.06,0.5964,909.71
1753617271539,11:54:31.539,binance,ACE/USDT:USDT,0.596,193.44,0.5959,197.33,0.5963,514.06,0.5964,909.71
1753617271811,11:54:31.811,binance,ACE/USDT:USDT,0.596,193.44,0.5959,197.33,0.5963,514.06,0.5964,909.71
1753617271939,11:54:31.939,binance,ACE/USDT:USDT,0.596,193.44,0.5959,197.33,0.5963,514.06,0.5964,909.71
1753617272054,11:54:32.054,binance,ACE/USDT:USDT,0.596,226.99,0.5959,197.33,0.5963,514.06,0.5964,909.71
1753617272221,11:54:32.221,binance,ACE/USDT:USDT,0.596,226.99,0.5959,197.33,0.5963,514.06,0.5964,909.71
1753617272502,11:54:32.502,binance,ACE/USDT:USDT,0.596,226.99,0.5959,197.33,0.5963,514.06,0.5964,909.71
1753617272615,11:54:32.615,binance,ACE/USDT:USDT,0.596,226.99,0.5959,197.33,0.5963,514.06,0.5964,909.71
1753617273099,11:54:33.099,binance,ACE/USDT:USDT,0.596,226.99,0.5959,197.33,0.5963,514.06,0.5964,909.71
1753617273202,11:54:33.202,binance,ACE/USDT:USDT,0.596,226.99,0.5959,197.33,0.5963,514.06,0.5964,909.71
1753617273323,11:54:33.323,binance,ACE/USDT:USDT,0.596,226.99,0.5959,197.33,0.5963,514.06,0.5964,909.71
1753617273629,11:54:33.629,binance,ACE/USDT:USDT,0.596,226.99,0.5959,197.33,0.5963,514.06,0.5964,909.71
1753617273784,11:54:33.784,binance,ACE/USDT:USDT,0.596,226.99,0.5959,197.33,0.5963,514.06,0.5964,909.71
1753617274202,11:54:34.202,binance,ACE/USDT:USDT,0.596,226.99,0.5959,197.33,0.5963,514.06,0.5964,909.71
1753617274352,11:54:34.352,binance,ACE/USDT:USDT,0.596,193.44,0.5959,197.33,0.5963,514.06,0.5964,909.71
1753617274612,11:54:34.612,binance,ACE/USDT:USDT,0.596,193.44,0.5959,197.33,0.5963,514.06,0.5964,909.71
1753617274738,11:54:34.738,binance,ACE/USDT:USDT,0.596,226.99,0.5959,197.33,0.5963,514.06,0.5964,909.71
1753617275085,11:54:35.085,binance,ACE/USDT:USDT,0.596,226.99,0.5959,197.33,0.5963,514.06,0.5964,909.71
1753617275302,11:54:35.302,binance,ACE/USDT:USDT,0.596,226.99,0.5959,197.33,0.5963,514.06,0.5964,909.71
1753617275482,11:54:35.482,binance,ACE/USDT:USDT,0.596,193.44,0.5959,163.78,0.5963,1227.65,0.5964,397.74
1753617275592,11:54:35.592,binance,ACE/USDT:USDT,0.596,193.44,0.5959,163.78,0.5963,1227.65,0.5964,397.74
1753617275889,11:54:35.889,binance,ACE/USDT:USDT,0.596,193.44,0.5959,163.78,0.5963,1227.65,0.5964,397.74
1753617276001,11:54:36.001,binance,ACE/USDT:USDT,0.596,193.44,0.5959,197.33,0.5963,1227.65,0.5964,397.74
1753617276399,11:54:36.399,binance,ACE/USDT:USDT,0.596,193.44,0.5959,197.33,0.5963,1227.65,0.5964,397.74
1753617276902,11:54:36.902,binance,ACE/USDT:USDT,0.596,193.44,0.5959,197.33,0.5963,1227.65,0.5964,397.74
1753617277148,11:54:37.148,binance,ACE/USDT:USDT,0.596,226.99,0.5959,197.33,0.5963,1227.65,0.5964,397.74
1753617277459,11:54:37.459,binance,ACE/USDT:USDT,0.596,226.99,0.5959,197.33,0.5963,1227.65,0.5964,397.74
1753617277918,11:54:37.918,binance,ACE/USDT:USDT,0.596,193.44,0.5959,163.78,0.5962,251.61,0.5963,877.08
1753617278020,11:54:38.020,binance,ACE/USDT:USDT,0.596,193.44,0.5959,163.78,0.5962,334.02,0.5963,877.08
1753617278174,11:54:38.174,binance,ACE/USDT:USDT,0.5958,897.28,0.5956,178.7,0.5961,289.57,0.5962,436.16
1753617278279,11:54:38.279,binance,ACE/USDT:USDT,0.5958,897.28,0.5957,16.79,0.5961,455.86,0.5962,469.78
1753617278380,11:54:38.380,binance,ACE/USDT:USDT,0.5958,897.28,0.5957,16.79,0.5961,490.09,0.5962,184.55
1753617278489,11:54:38.489,binance,ACE/USDT:USDT,0.5958,897.28,0.5957,16.79,0.5961,490.09,0.5962,184.55
1753617278784,11:54:38.784,binance,ACE/USDT:USDT,0.5958,696.86,0.5957,16.79,0.5961,490.09,0.5962,184.55
1753617278901,11:54:38.901,binance,ACE/USDT:USDT,0.5958,696.86,0.5957,16.79,0.5961,490.09,0.5962,184.55
1753617279002,11:54:39.002,binance,ACE/USDT:USDT,0.5958,696.86,0.5957,16.79,0.5961,490.09,0.5962,184.55
1753617279288,11:54:39.288,binance,ACE/USDT:USDT,0.5958,696.86,0.5957,16.79,0.5961,490.09,0.5962,184.55
1753617279394,11:54:39.394,binance,ACE/USDT:USDT,0.5959,200.42,0.5958,747.21,0.5961,351.5,0.5962,184.55
1753617279498,11:54:39.498,binance,ACE/USDT:USDT,0.5959,209.9,0.5958,50.35,0.5961,416.45,0.5962,184.55
1753617279601,11:54:39.601,binance,ACE/USDT:USDT,0.5959,906.76,0.5958,50.35,0.5961,416.45,0.5962,184.55
1753617279704,11:54:39.704,binance,ACE/USDT:USDT,0.5959,9.48,0.5958,179.17,0.5961,416.45,0.5962,184.55
1753617279818,11:54:39.818,binance,ACE/USDT:USDT,0.5959,9.48,0.5958,179.17,0.5961,416.45,0.5962,184.55
1753617280080,11:54:40.080,binance,ACE/USDT:USDT,0.5959,9.48,0.5958,179.17,0.5961,416.45,0.5962,184.55
1753617280202,11:54:40.202,binance,ACE/USDT:USDT,0.5959,9.48,0.5958,179.17,0.596,8.81,0.5961,368.17
1753617280327,11:54:40.327,binance,ACE/USDT:USDT,0.5959,9.48,0.5958,179.17,0.596,8.81,0.5961,342.65
1753617280431,11:54:40.431,binance,ACE/USDT:USDT,0.5959,9.48,0.5958,179.17,0.596,8.81,0.5961,468.23
1753617280629,11:54:40.629,binance,ACE/USDT:USDT,0.5959,9.48,0.5958,179.17,0.596,8.81,0.5961,468.23
1753617281110,11:54:41.110,binance,ACE/USDT:USDT,0.5959,9.48,0.5958,179.17,0.596,19.3,0.5961,426.0
1753617281213,11:54:41.213,binance,ACE/USDT:USDT,0.5959,9.48,0.5958,179.17,0.596,19.3,0.5961,468.23
1753617281481,11:54:41.481,binance,ACE/USDT:USDT,0.5959,9.48,0.5958,179.17,0.596,19.3,0.5961,468.23
1753617281602,11:54:41.602,binance,ACE/USDT:USDT,0.5959,9.48,0.5958,179.17,0.596,8.81,0.5961,358.03
1753617281732,11:54:41.732,binance,ACE/USDT:USDT,0.5959,9.48,0.5958,179.17,0.596,183.93,0.5961,64.95
1753617281876,11:54:41.876,binance,ACE/USDT:USDT,0.5959,9.48,0.5958,179.17,0.596,229.7,0.5961,64.95
1753617282004,11:54:42.004,binance,ACE/USDT:USDT,0.5959,9.48,0.5958,179.17,0.596,229.7,0.5961,64.95
1753617282202,11:54:42.202,binance,ACE/USDT:USDT,0.5959,9.48,0.5958,179.17,0.596,229.7,0.5961,75.44
1753617282305,11:54:42.305,binance,ACE/USDT:USDT,0.5959,9.48,0.5958,179.17,0.596,229.7,0.5961,75.44
1753617282417,11:54:42.417,binance,ACE/USDT:USDT,0.5959,9.48,0.5958,179.17,0.596,229.7,0.5961,75.44
1753617282584,11:54:42.584,binance,ACE/USDT:USDT,0.5957,146.91,0.5956,163.7,0.596,229.7,0.5961,10.49
1753617282688,11:54:42.688,binance,ACE/USDT:USDT,0.5958,200.42,0.5957,860.56,0.5959,8.82,0.596,279.87
1753617282791,11:54:42.791,binance,ACE/USDT:USDT,0.5958,897.28,0.5957,16.79,0.5959,8.82,0.596,242.66
1753617282894,11:54:42.894,binance,ACE/USDT:USDT,0.5958,897.28,0.5957,16.79,0.5959,8.82,0.596,415.02
1753617282995,11:54:42.995,binance,ACE/USDT:USDT,0.5958,897.28,0.5957,16.79,0.5959,8.82,0.596,444.51
1753617283200,11:54:43.200,binance,ACE/USDT:USDT,0.5958,897.28,0.5957,16.79,0.5959,8.82,0.596,532.98
1753617283389,11:54:43.389,binance,ACE/USDT:USDT,0.5958,897.28,0.5957,16.79,0.5959,8.82,0.596,532.98
1753617283575,11:54:43.575,binance,ACE/USDT:USDT,0.5958,897.28,0.5957,16.79,0.5959,8.82,0.596,532.98
1753617283733,11:54:43.733,binance,ACE/USDT:USDT,0.5958,897.28,0.5957,16.79,0.5959,8.82,0.596,532.98
1753617283902,11:54:43.902,binance,ACE/USDT:USDT,0.5958,897.28,0.5957,16.79,0.5959,8.82,0.596,532.98
1753617284172,11:54:44.172,binance,ACE/USDT:USDT,0.5958,696.86,0.5957,16.79,0.5959,8.82,0.596,415.02
1753617284360,11:54:44.360,binance,ACE/USDT:USDT,0.5958,696.86,0.5957,16.79,0.5959,8.82,0.596,532.98
1753617284478,11:54:44.478,binance,ACE/USDT:USDT,0.5958,696.86,0.5957,16.79,0.5959,8.82,0.596,474.0
1753617284662,11:54:44.662,binance,ACE/USDT:USDT,0.5958,696.86,0.5957,16.79,0.5959,8.82,0.596,444.51
1753617284905,11:54:44.905,binance,ACE/USDT:USDT,0.5955,200.42,0.5954,143.72,0.5957,162.38,0.5958,314.71
1753617285015,11:54:45.015,binance,ACE/USDT:USDT,0.5955,200.42,0.5954,143.72,0.5957,222.66,0.5958,475.56
1753617285117,11:54:45.117,binance,ACE/USDT:USDT,0.5955,200.42,0.5954,143.72,0.5957,222.66,0.5958,331.5
1753617285246,11:54:45.246,binance,ACE/USDT:USDT,0.5955,200.42,0.5954,143.72,0.5957,252.16,0.5958,331.5
1753617285358,11:54:45.358,binance,ACE/USDT:USDT,0.5955,200.42,0.5954,143.72,0.5957,281.66,0.5958,331.5
1753617285477,11:54:45.477,binance,ACE/USDT:USDT,0.5955,200.42,0.5954,143.72,0.5957,340.66,0.5958,331.5
1753617285602,11:54:45.602,binance,ACE/USDT:USDT,0.5955,200.42,0.5954,143.72,0.5957,340.66,0.5958,331.5
1753617285708,11:54:45.708,binance,ACE/USDT:USDT,0.5955,200.42,0.5954,143.72,0.5957,340.66,0.5958,331.5
1753617286015,11:54:46.015,binance,ACE/USDT:USDT,0.5955,200.42,0.5954,143.72,0.5957,340.66,0.5958,331.5
1753617286118,11:54:46.118,binance,ACE/USDT:USDT,0.5955,200.42,0.5954,143.72,0.5957,340.66,0.5958,331.5
1753617286289,11:54:46.289,binance,ACE/USDT:USDT,0.5955,200.42,0.5954,143.72,0.5957,340.66,0.5958,331.5
1753617286401,11:54:46.401,binance,ACE/USDT:USDT,0.5955,200.42,0.5954,143.72,0.5957,511.64,0.5958,184.68
1753617286504,11:54:46.504,binance,ACE/USDT:USDT,0.5955,200.42,0.5954,143.72,0.5957,511.64,0.5958,184.68
1753617286609,11:54:46.609,binance,ACE/USDT:USDT,0.5955,200.42,0.5954,143.72,0.5957,511.64,0.5958,184.68
1753617286819,11:54:46.819,binance,ACE/USDT:USDT,0.5955,200.42,0.5954,177.3,0.5957,511.64,0.5958,184.68
1753617286948,11:54:46.948,binance,ACE/USDT:USDT,0.5955,200.42,0.5954,177.3,0.5957,511.64,0.5958,184.68
1753617287076,11:54:47.076,binance,ACE/USDT:USDT,0.5955,200.42,0.5954,177.3,0.5957,511.64,0.5958,184.68
1753617287201,11:54:47.201,binance,ACE/USDT:USDT,0.5955,200.42,0.5954,177.3,0.5957,511.64,0.5958,184.68
1753617287629,11:54:47.629,binance,ACE/USDT:USDT,0.5955,200.42,0.5954,143.72,0.5957,1233.19,0.5958,407.6
1753617287781,11:54:47.781,binance,ACE/USDT:USDT,0.5955,200.42,0.5954,16.79,0.5957,1233.19,0.5958,407.6
1753617287950,11:54:47.950,binance,ACE/USDT:USDT,0.5955,200.42,0.5954,16.79,0.5957,1233.19,0.5958,407.6
1753617288059,11:54:48.059,binance,ACE/USDT:USDT,0.5955,200.42,0.5954,16.79,0.5957,1233.19,0.5958,407.6
1753617288179,11:54:48.179,binance,ACE/USDT:USDT,0.5955,200.42,0.5954,16.79,0.5957,1233.19,0.5958,407.6
1753617288302,11:54:48.302,binance,ACE/USDT:USDT,0.5955,200.42,0.5954,16.79,0.5957,1233.19,0.5958,407.6
1753617288405,11:54:48.405,binance,ACE/USDT:USDT,0.5955,200.42,0.5954,16.79,0.5957,1233.19,0.5958,407.6
1753617288643,11:54:48.643,binance,ACE/USDT:USDT,0.5955,200.42,0.5954,16.79,0.5957,1233.19,0.5958,407.6
1753617288788,11:54:48.788,binance,ACE/USDT:USDT,0.5955,200.42,0.5954,16.79,0.5957,1233.19,0.5958,407.6
1753617288897,11:54:48.897,binance,ACE/USDT:USDT,0.5955,200.42,0.5954,16.79,0.5957,1262.69,0.5958,407.6
1753617289001,11:54:49.001,binance,ACE/USDT:USDT,0.5955,200.42,0.5954,16.79,0.5957,1262.69,0.5958,407.6
1753617289119,11:54:49.119,binance,ACE/USDT:USDT,0.5955,200.42,0.5954,16.79,0.5957,1262.69,0.5958,407.6
1753617289302,11:54:49.302,binance,ACE/USDT:USDT,0.5955,200.42,0.5954,16.79,0.5957,1262.69,0.5958,407.6
1753617289443,11:54:49.443,binance,ACE/USDT:USDT,0.5955,200.42,0.5954,16.79,0.5957,1262.69,0.5958,407.6
1753617289821,11:54:49.821,binance,ACE/USDT:USDT,0.5955,200.42,0.5954,16.79,0.5957,1262.69,0.5958,407.6
1753617289936,11:54:49.936,binance,ACE/USDT:USDT,0.5955,200.42,0.5954,16.79,0.5957,1262.69,0.5958,184.68
1753617290043,11:54:50.043,binance,ACE/USDT:USDT,0.5955,200.42,0.5954,50.37,0.5957,1262.69,0.5958,184.68
1753617290378,11:54:50.378,binance,ACE/USDT:USDT,0.5955,351.33,0.5954,218.25,0.5959,184.5,0.596,45.82
1753617290481,11:54:50.481,binance,ACE/USDT:USDT,0.5955,384.91,0.5954,218.25,0.5959,184.51,0.596,192.01
1753617290584,11:54:50.584,binance,ACE/USDT:USDT,0.5955,384.91,0.5954,218.25,0.5959,214.01,0.596,192.01
1753617290710,11:54:50.710,binance,ACE/USDT:USDT,0.5955,874.11,0.5954,218.25,0.5959,243.51,0.596,192.01
1753617290909,11:54:50.909,binance,ACE/USDT:USDT,0.5955,874.11,0.5954,218.25,0.5959,243.51,0.596,192.01
1753617291101,11:54:51.101,binance,ACE/USDT:USDT,0.5955,874.11,0.5954,218.25,0.5959,243.51,0.596,192.01
1753617291502,11:54:51.502,binance,ACE/USDT:USDT,0.5955,874.11,0.5954,218.25,0.5959,243.51,0.596,192.01
1753617292659,11:54:52.659,binance,ACE/USDT:USDT,0.5955,874.11,0.5954,218.25,0.5959,243.51,0.596,192.01
1753617292992,11:54:52.992,binance,ACE/USDT:USDT,0.5955,874.11,0.5954,218.25,0.5959,243.51,0.596,192.01
1753617293189,11:54:53.189,binance,ACE/USDT:USDT,0.5955,874.11,0.5954,218.25,0.5959,243.51,0.596,192.01
1753617293531,11:54:53.531,binance,ACE/USDT:USDT,0.5955,874.11,0.5954,218.25,0.5959,243.51,0.596,192.01
1753617293716,11:54:53.716,binance,ACE/USDT:USDT,0.5955,840.53,0.5954,218.25,0.5959,298.71,0.596,359.87
1753617293933,11:54:53.933,binance,ACE/USDT:USDT,0.5955,840.53,0.5954,184.67,0.5959,298.71,0.596,359.87
1753617294298,11:54:54.298,binance,ACE/USDT:USDT,0.5955,840.53,0.5954,184.67,0.5959,298.71,0.596,359.87
1753617294407,11:54:54.407,binance,ACE/USDT:USDT,0.5955,840.53,0.5954,184.67,0.5959,298.71,0.596,359.87
1753617294802,11:54:54.802,binance,ACE/USDT:USDT,0.5955,840.53,0.5954,184.67,0.5959,298.71,0.596,359.87
1753617294905,11:54:54.905,binance,ACE/USDT:USDT,0.5955,840.53,0.5954,184.67,0.5959,298.71,0.596,359.87
1753617295275,11:54:55.275,binance,ACE/USDT:USDT,0.5955,840.53,0.5954,184.67,0.5959,298.71,0.596,359.87
1753617295383,11:54:55.383,binance,ACE/USDT:USDT,0.5955,351.33,0.5954,16.79,0.5959,328.2,0.596,359.87
1753617295486,11:54:55.486,binance,ACE/USDT:USDT,0.5955,351.33,0.5954,16.79,0.5959,328.2,0.596,359.87
1753617295625,11:54:55.625,binance,ACE/USDT:USDT,0.5955,351.33,0.5954,16.79,0.5959,357.69,0.596,359.87
1753617295745,11:54:55.745,binance,ACE/USDT:USDT,0.5955,351.33,0.5954,16.79,0.5959,441.6,0.596,359.87
1753617296165,11:54:56.165,binance,ACE/USDT:USDT,0.5955,351.33,0.5954,16.79,0.5959,441.6,0.596,359.87
1753617296389,11:54:56.389,binance,ACE/USDT:USDT,0.5955,351.33,0.5954,16.79,0.5957,8.82,0.5958,184.68
1753617296495,11:54:56.495,binance,ACE/USDT:USDT,0.5955,351.33,0.5954,16.79,0.5957,8.82,0.5958,184.68
1753617296737,11:54:56.737,binance,ACE/USDT:USDT,0.5955,351.33,0.5954,16.79,0.5957,8.82,0.5958,273.15
1753617296871,11:54:56.871,binance,ACE/USDT:USDT,0.5955,351.33,0.5954,16.79,0.5957,35.5,0.5958,214.17
1753617297101,11:54:57.101,binance,ACE/USDT:USDT,0.5955,351.33,0.5954,16.79,0.5957,35.5,0.5958,214.17
1753617297274,11:54:57.274,binance,ACE/USDT:USDT,0.5955,351.33,0.5954,16.79,0.5957,35.5,0.5958,243.66
1753617297402,11:54:57.402,binance,ACE/USDT:USDT,0.5955,351.33,0.5954,16.79,0.5957,35.5,0.5958,243.66
1753617297589,11:54:57.589,binance,ACE/USDT:USDT,0.5955,351.33,0.5954,16.79,0.5957,35.5,0.5958,243.66
1753617298002,11:54:58.002,binance,ACE/USDT:USDT,0.5955,351.33,0.5954,16.79,0.5957,35.5,0.5958,302.64
1753617298142,11:54:58.142,binance,ACE/USDT:USDT,0.5955,351.33,0.5954,16.79,0.5957,35.5,0.5958,386.56
1753617298483,11:54:58.483,binance,ACE/USDT:USDT,0.5955,351.33,0.5954,16.79,0.5957,35.5,0.5958,386.56
1753617298701,11:54:58.701,binance,ACE/USDT:USDT,0.5955,351.33,0.5954,16.79,0.5956,9.57,0.5957,35.5
1753617298814,11:54:58.814,binance,ACE/USDT:USDT,0.5955,351.33,0.5954,16.79,0.5956,9.57,0.5957,52.3
1753617298917,11:54:58.917,binance,ACE/USDT:USDT,0.5955,351.33,0.5954,16.79,0.5956,9.57,0.5957,52.3
1753617299043,11:54:59.043,binance,ACE/USDT:USDT,0.5955,351.33,0.5954,16.79,0.5958,290.35,0.5959,16.79
1753617299146,11:54:59.146,binance,ACE/USDT:USDT,0.5955,351.33,0.5954,184.67,0.5958,147.45,0.5959,179.07
1753617299259,11:54:59.259,binance,ACE/USDT:USDT,0.5955,351.33,0.5954,184.67,0.5958,147.45,0.5959,206.67
1753617299415,11:54:59.415,binance,ACE/USDT:USDT,0.5955,351.33,0.5954,184.67,0.5958,147.45,0.5959,318.18
1753617299517,11:54:59.517,binance,ACE/USDT:USDT,0.5955,351.33,0.5954,184.67,0.5958,147.45,0.5959,318.18
1753617299639,11:54:59.639,binance,ACE/USDT:USDT,0.5955,351.33,0.5954,184.67,0.5958,147.45,0.5959,318.18
1753617300029,11:55:00.029,binance,ACE/USDT:USDT,0.5955,351.33,0.5954,184.67,0.5958,147.45,0.5959,318.18
1753617300130,11:55:00.130,binance,ACE/USDT:USDT,0.5955,351.33,0.5954,184.67,0.5958,147.45,0.5959,318.18
1753617300246,11:55:00.246,binance,ACE/USDT:USDT,0.5955,351.33,0.5954,184.67,0.5958,147.45,0.5959,318.18
1753617300355,11:55:00.355,binance,ACE/USDT:USDT,0.5955,351.33,0.5954,184.67,0.5957,16.7,0.5958,134.75
1753617300459,11:55:00.459,binance,ACE/USDT:USDT,0.5955,351.33,0.5954,184.67,0.5957,41.11,0.5958,75.77
1753617300617,11:55:00.617,binance,ACE/USDT:USDT,0.5955,351.33,0.5954,184.67,0.5957,41.11,0.5958,75.77
1753617300720,11:55:00.720,binance,ACE/USDT:USDT,0.5955,351.33,0.5954,184.67,0.5957,41.11,0.5958,75.77
1753617300912,11:55:00.912,binance,ACE/USDT:USDT,0.5955,351.33,0.5954,16.79,0.5957,41.11,0.5958,243.66
1753617301015,11:55:01.015,binance,ACE/USDT:USDT,0.5955,351.33,0.5954,16.79,0.5957,41.11,0.5958,243.66
1753617301139,11:55:01.139,binance,ACE/USDT:USDT,0.5955,351.33,0.5954,16.79,0.5957,41.11,0.5958,243.66
1753617301259,11:55:01.259,binance,ACE/USDT:USDT,0.5955,351.33,0.5954,16.79,0.5957,41.11,0.5958,243.66
1753617301465,11:55:01.465,binance,ACE/USDT:USDT,0.5955,351.33,0.5954,16.79,0.5957,57.81,0.5958,273.15
1753617301568,11:55:01.568,binance,ACE/USDT:USDT,0.5955,351.33,0.5954,16.79,0.5957,87.31,0.5958,302.64
1753617301882,11:55:01.882,binance,ACE/USDT:USDT,0.5955,351.33,0.5954,16.79,0.5957,87.31,0.5958,302.64
1753617302202,11:55:02.202,binance,ACE/USDT:USDT,0.5955,351.33,0.5954,16.79,0.5957,87.31,0.5958,302.64
1753617302388,11:55:02.388,binance,ACE/USDT:USDT,0.5955,351.33,0.5954,16.79,0.5957,87.31,0.5958,302.64
1753617302789,11:55:02.789,binance,ACE/USDT:USDT,0.5955,351.33,0.5954,16.79,0.5957,87.31,0.5958,386.56
1753617302948,11:55:02.948,binance,ACE/USDT:USDT,0.5955,351.33,0.5954,16.79,0.5957,87.31,0.5958,416.05
1753617303129,11:55:03.129,binance,ACE/USDT:USDT,0.5955,351.33,0.5954,16.79,0.5957,87.31,0.5958,416.05
1753617303339,11:55:03.339,binance,ACE/USDT:USDT,0.5955,351.33,0.5954,16.79,0.5957,87.31,0.5958,416.05
1753617303493,11:55:03.493,binance,ACE/USDT:USDT,0.5955,351.33,0.5954,16.79,0.5957,87.31,0.5958,416.05
1753617303624,11:55:03.624,binance,ACE/USDT:USDT,0.5955,351.33,0.5954,16.79,0.5957,87.31,0.5958,416.05
1753617303781,11:55:03.781,binance,ACE/USDT:USDT,0.5955,351.33,0.5954,16.79,0.5957,87.31,0.5958,416.05
1753617303889,11:55:03.889,binance,ACE/USDT:USDT,0.5955,351.33,0.5954,16.79,0.5957,87.31,0.5958,416.05
1753617304002,11:55:04.002,binance,ACE/USDT:USDT,0.5955,351.33,0.5954,16.79,0.5957,87.31,0.5958,416.05
1753617304139,11:55:04.139,binance,ACE/USDT:USDT,0.5955,351.33,0.5954,50.37,0.5957,87.31,0.5958,456.57
1753617304299,11:55:04.299,binance,ACE/USDT:USDT,0.5955,351.33,0.5954,50.37,0.5957,87.31,0.5958,456.57
1753617304402,11:55:04.402,binance,ACE/USDT:USDT,0.5955,351.33,0.5954,50.37,0.5957,87.31,0.5958,497.13
1753617304549,11:55:04.549,binance,ACE/USDT:USDT,0.5955,351.33,0.5954,50.37,0.5957,87.31,0.5958,467.64
1753617304670,11:55:04.670,binance,ACE/USDT:USDT,0.5955,150.91,0.5954,16.79,0.5957,57.81,0.5958,467.64
1753617304772,11:55:04.772,binance,ACE/USDT:USDT,0.5955,150.91,0.5954,16.79,0.5957,57.81,0.5958,408.66
1753617304905,11:55:04.905,binance,ACE/USDT:USDT,0.5955,150.91,0.5954,16.79,0.5957,57.81,0.5958,449.21
1753617305087,11:55:05.087,binance,ACE/USDT:USDT,0.5955,150.91,0.5954,16.79,0.5957,66.63,0.5958,449.21
1753617305220,11:55:05.220,binance,ACE/USDT:USDT,0.5955,150.91,0.5954,16.79,0.5957,66.63,0.5958,265.76
1753617305346,11:55:05.346,binance,ACE/USDT:USDT,0.5955,150.91,0.5954,16.79,0.5957,66.63,0.5958,341.63
1753617305537,11:55:05.537,binance,ACE/USDT:USDT,0.5955,150.91,0.5954,16.79,0.5957,66.63,0.5958,376.95
1753617305665,11:55:05.665,binance,ACE/USDT:USDT,0.5955,150.91,0.5954,16.79,0.5957,66.63,0.5958,412.27
1753617305802,11:55:05.802,binance,ACE/USDT:USDT,0.5955,150.91,0.5954,16.79,0.5957,66.63,0.5958,412.27
1753617305918,11:55:05.918,binance,ACE/USDT:USDT,0.5955,150.91,0.5954,16.79,0.5957,66.63,0.5958,412.27
1753617306189,11:55:06.189,binance,ACE/USDT:USDT,0.5955,150.91,0.5954,16.79,0.5957,66.63,0.5958,412.27
1753617306399,11:55:06.399,binance,ACE/USDT:USDT,0.5955,150.91,0.5954,16.79,0.5957,66.63,0.5958,412.27
1753617306501,11:55:06.501,binance,ACE/USDT:USDT,0.5955,150.91,0.5954,16.79,0.5957,66.63,0.5958,412.27
1753617306643,11:55:06.643,binance,ACE/USDT:USDT,0.5955,150.91,0.5954,16.79,0.5957,66.63,0.5958,412.27
1753617306768,11:55:06.768,binance,ACE/USDT:USDT,0.5955,172.92,0.5954,16.79,0.5957,66.63,0.5958,376.95
1753617306889,11:55:06.889,binance,ACE/USDT:USDT,0.5955,172.92,0.5954,16.79,0.5957,66.63,0.5958,336.4
1753617307134,11:55:07.134,binance,ACE/USDT:USDT,0.5955,172.92,0.5954,50.37,0.5957,0.59,0.5958,295.88
1753617307237,11:55:07.237,binance,ACE/USDT:USDT,0.5955,172.92,0.5954,50.37,0.5956,46.96,0.5957,17.39
1753617307352,11:55:07.352,binance,ACE/USDT:USDT,0.5955,172.92,0.5954,16.79,0.5956,46.96,0.5957,17.39
1753617307508,11:55:07.508,binance,ACE/USDT:USDT,0.5955,172.92,0.5954,16.79,0.5956,46.96,0.5957,17.39
1753617307683,11:55:07.683,binance,ACE/USDT:USDT,0.5955,172.92,0.5954,16.79,0.5956,46.96,0.5957,16.8
1753617307802,11:55:07.802,binance,ACE/USDT:USDT,0.5955,172.92,0.5954,16.79,0.5956,46.96,0.5957,16.8
1753617308002,11:55:08.002,binance,ACE/USDT:USDT,0.5955,172.92,0.5954,16.79,0.5956,46.96,0.5957,16.8
1753617308193,11:55:08.193,binance,ACE/USDT:USDT,0.5952,11.77,0.5951,162.75,0.5955,20660.41,0.5956,437.03
1753617308298,11:55:08.298,binance,ACE/USDT:USDT,0.5952,11.77,0.5951,162.75,0.5955,20660.41,0.5956,2311.27
1753617308399,11:55:08.399,binance,ACE/USDT:USDT,0.5952,11.77,0.5951,766.05,0.5954,251.95,0.5955,20677.21
1753617308503,11:55:08.503,binance,ACE/USDT:USDT,0.5952,11.77,0.5951,766.05,0.5954,251.95,0.5955,20687.7
1753617308608,11:55:08.608,binance,ACE/USDT:USDT,0.5952,11.77,0.5951,766.05,0.5954,251.95,0.5955,20687.7
1753617308727,11:55:08.727,binance,ACE/USDT:USDT,0.5952,11.77,0.5951,766.05,0.5954,251.95,0.5955,20687.7
1753617308851,11:55:08.851,binance,ACE/USDT:USDT,0.5952,200.42,0.5951,603.3,0.5955,20670.9,0.5956,2311.27
1753617308954,11:55:08.954,binance,ACE/USDT:USDT,0.5952,200.42,0.5951,16.8,0.5954,251.95,0.5955,20687.7
1753617309059,11:55:09.059,binance,ACE/USDT:USDT,0.5952,200.42,0.5951,506.0,0.5954,251.95,0.5955,20687.7
1753617309161,11:55:09.161,binance,ACE/USDT:USDT,0.5952,200.42,0.5951,16.8,0.5954,251.95,0.5955,20687.7
1753617309265,11:55:09.265,binance,ACE/USDT:USDT,0.5952,200.42,0.5951,506.0,0.5954,251.95,0.5955,20687.7
1753617309499,11:55:09.499,binance,ACE/USDT:USDT,0.5952,200.42,0.5951,506.0,0.5955,20670.9,0.5956,2311.27
1753617309602,11:55:09.602,binance,ACE/USDT:USDT,0.5952,200.42,0.5951,506.0,0.5955,20670.9,0.5956,2311.27
1753617309770,11:55:09.770,binance,ACE/USDT:USDT,0.5952,200.42,0.5951,506.0,0.5955,20670.9,0.5956,2311.27
1753617310002,11:55:10.002,binance,ACE/USDT:USDT,0.5952,200.42,0.5951,506.0,0.5954,251.95,0.5955,20687.7
1753617310104,11:55:10.104,binance,ACE/USDT:USDT,0.5952,200.42,0.5951,506.0,0.5954,251.95,0.5955,20687.7
1753617310233,11:55:10.233,binance,ACE/USDT:USDT,0.5952,200.42,0.5951,506.0,0.5954,251.95,0.5955,20687.7
1753617310518,11:55:10.518,binance,ACE/USDT:USDT,0.5952,200.42,0.5951,506.0,0.5955,20670.9,0.5956,2311.27
1753617310621,11:55:10.621,binance,ACE/USDT:USDT,0.5952,200.42,0.5951,506.0,0.5955,20670.9,0.5956,2311.27
1753617310724,11:55:10.724,binance,ACE/USDT:USDT,0.5952,200.42,0.5951,506.0,0.5955,20670.9,0.5956,2311.27
1753617310879,11:55:10.879,binance,ACE/USDT:USDT,0.5952,200.42,0.5951,506.0,0.5955,20670.9,0.5956,2311.27
1753617311102,11:55:11.102,binance,ACE/USDT:USDT,0.5952,260.69,0.5951,506.0,0.5955,20660.41,0.5956,2311.27
1753617311218,11:55:11.218,binance,ACE/USDT:USDT,0.5952,260.69,0.5951,506.0,0.5954,251.95,0.5955,20677.21
1753617311324,11:55:11.324,binance,ACE/USDT:USDT,0.5952,200.42,0.5951,506.0,0.5954,251.95,0.5955,20677.21
1753617311429,11:55:11.429,binance,ACE/USDT:USDT,0.5952,200.42,0.5951,539.6,0.5954,251.95,0.5955,20677.21
1753617311533,11:55:11.533,binance,ACE/USDT:USDT,0.5952,200.42,0.5951,539.6,0.5954,251.95,0.5955,20677.21
1753617311668,11:55:11.668,binance,ACE/USDT:USDT,0.5952,234.02,0.5951,539.6,0.5955,20660.41,0.5956,2311.27
1753617311777,11:55:11.777,binance,ACE/USDT:USDT,0.5952,234.02,0.5951,539.6,0.5955,20660.41,0.5956,2311.27
1753617311885,11:55:11.885,binance,ACE/USDT:USDT,0.5952,234.02,0.5951,539.6,0.5955,20660.41,0.5956,2311.27
1753617311991,11:55:11.991,binance,ACE/USDT:USDT,0.5952,234.02,0.5951,539.6,0.5955,20660.41,0.5956,2311.27
1753617312202,11:55:12.202,binance,ACE/USDT:USDT,0.5952,234.02,0.5951,539.6,0.5955,20660.41,0.5956,2311.27
1753617312696,11:55:12.696,binance,ACE/USDT:USDT,0.5952,234.02,0.5951,539.6,0.5955,20660.41,0.5956,2311.27
1753617312802,11:55:12.802,binance,ACE/USDT:USDT,0.5952,234.02,0.5951,539.6,0.5955,20660.41,0.5956,2311.27
1753617313001,11:55:13.001,binance,ACE/USDT:USDT,0.5952,234.02,0.5951,539.6,0.5955,20660.41,0.5956,2311.27
1753617313214,11:55:13.214,binance,ACE/USDT:USDT,0.5952,200.42,0.5951,506.0,0.5954,251.95,0.5955,20677.21
1753617313320,11:55:13.320,binance,ACE/USDT:USDT,0.5952,200.42,0.5951,506.0,0.5954,251.95,0.5955,20677.21
1753617313434,11:55:13.434,binance,ACE/USDT:USDT,0.5952,200.42,0.5951,506.0,0.5954,251.95,0.5955,20677.21
1753617313554,11:55:13.554,binance,ACE/USDT:USDT,0.5952,200.42,0.5951,506.0,0.5954,251.95,0.5955,20677.21
1753617313724,11:55:13.724,binance,ACE/USDT:USDT,0.5952,234.02,0.5951,539.6,0.5955,20660.41,0.5956,2311.27
1753617313826,11:55:13.826,binance,ACE/USDT:USDT,0.5952,200.42,0.5951,539.6,0.5954,251.95,0.5955,20677.21
1753617313936,11:55:13.936,binance,ACE/USDT:USDT,0.5952,200.42,0.5951,506.0,0.5954,251.95,0.5955,20677.21
1753617314039,11:55:14.039,binance,ACE/USDT:USDT,0.5952,200.42,0.5951,506.0,0.5954,251.95,0.5955,20677.21
1753617314359,11:55:14.359,binance,ACE/USDT:USDT,0.5951,200.42,0.595,242.68,0.5954,138.59,0.5955,20677.22
1753617314478,11:55:14.478,binance,ACE/USDT:USDT,0.5951,200.42,0.595,242.68,0.5954,138.59,0.5955,20677.22
1753617314589,11:55:14.589,binance,ACE/USDT:USDT,0.5951,748.82,0.595,242.68,0.5954,138.59,0.5955,20677.22
1753617314902,11:55:14.902,binance,ACE/USDT:USDT,0.5951,748.82,0.595,242.68,0.5954,138.59,0.5955,20677.22
1753617315007,11:55:15.007,binance,ACE/USDT:USDT,0.5951,748.82,0.595,242.68,0.5954,138.59,0.5955,20677.22
1753617315123,11:55:15.123,binance,ACE/USDT:USDT,0.5951,748.82,0.595,242.68,0.5954,138.59,0.5955,20677.22
1753617315502,11:55:15.502,binance,ACE/USDT:USDT,0.5951,748.82,0.595,242.68,0.5954,138.59,0.5955,20677.22
1753617315798,11:55:15.798,binance,ACE/USDT:USDT,0.5951,748.82,0.595,242.68,0.5954,364.02,0.5955,20677.22
1753617316009,11:55:16.009,binance,ACE/USDT:USDT,0.5951,748.82,0.595,242.68,0.5954,364.02,0.5955,20677.22
1753617316438,11:55:16.438,binance,ACE/USDT:USDT,0.5951,748.82,0.595,242.68,0.5954,364.02,0.5955,20677.22
1753617316543,11:55:16.543,binance,ACE/USDT:USDT,0.5951,748.82,0.595,242.68,0.5954,364.02,0.5955,20677.22
1753617316653,11:55:16.653,binance,ACE/USDT:USDT,0.5951,548.4,0.595,242.68,0.5954,364.02,0.5955,20677.22
1753617317038,11:55:17.038,binance,ACE/USDT:USDT,0.5951,548.4,0.595,242.68,0.5954,364.02,0.5955,20677.22
1753617317143,11:55:17.143,binance,ACE/USDT:USDT,0.5951,548.4,0.595,242.68,0.5954,364.02,0.5955,20677.22
1753617317428,11:55:17.428,binance,ACE/USDT:USDT,0.5951,548.4,0.595,242.68,0.5954,364.02,0.5955,20677.22
1753617317540,11:55:17.540,binance,ACE/USDT:USDT,0.5951,548.4,0.595,276.28,0.5954,364.02,0.5955,20677.22
1753617317702,11:55:17.702,binance,ACE/USDT:USDT,0.5951,548.4,0.595,276.28,0.5954,364.02,0.5955,20677.22
1753617318052,11:55:18.052,binance,ACE/USDT:USDT,0.5951,548.4,0.595,276.28,0.5954,364.02,0.5955,20677.22
1753617318223,11:55:18.223,binance,ACE/USDT:USDT,0.5951,582.0,0.595,276.28,0.5954,364.02,0.5955,20677.22
1753617318328,11:55:18.328,binance,ACE/USDT:USDT,0.5951,548.4,0.595,276.28,0.5954,399.34,0.5955,20677.22
1753617318789,11:55:18.789,binance,ACE/USDT:USDT,0.5951,548.4,0.595,276.28,0.5954,399.34,0.5955,20677.22
1753617318917,11:55:18.917,binance,ACE/USDT:USDT,0.5951,548.4,0.595,74.72,0.5953,251.99,0.5954,416.15
1753617319020,11:55:19.020,binance,ACE/USDT:USDT,0.5951,548.4,0.595,74.72,0.5953,251.99,0.5954,416.15
1753617319136,11:55:19.136,binance,ACE/USDT:USDT,0.5951,548.4,0.595,74.72,0.5953,251.99,0.5954,416.15
1753617319415,11:55:19.415,binance,ACE/USDT:USDT,0.5951,548.4,0.595,74.72,0.5953,225.58,0.5954,358.73
1753617319662,11:55:19.662,binance,ACE/USDT:USDT,0.5952,20346.8,0.5951,565.21,0.5953,225.58,0.5954,52.13
1753617319789,11:55:19.789,binance,ACE/USDT:USDT,0.5952,20346.8,0.5951,565.21,0.5953,225.58,0.5954,52.13
1753617319931,11:55:19.931,binance,ACE/USDT:USDT,0.5952,20313.2,0.5951,565.21,0.5953,225.58,0.5954,52.13
1753617320045,11:55:20.045,binance,ACE/USDT:USDT,0.5952,18266.83,0.5951,565.21,0.5953,225.58,0.5954,52.13
1753617320204,11:55:20.204,binance,ACE/USDT:USDT,0.5952,18266.83,0.5951,565.21,0.5953,225.58,0.5954,52.13
1753617320364,11:55:20.364,binance,ACE/USDT:USDT,0.5952,18266.83,0.5951,565.21,0.5953,225.58,0.5954,52.13
1753617320484,11:55:20.484,binance,ACE/USDT:USDT,0.5952,18266.83,0.5951,565.21,0.5953,225.58,0.5954,52.13
1753617320586,11:55:20.586,binance,ACE/USDT:USDT,0.5952,18266.83,0.5951,565.21,0.5953,225.58,0.5954,52.13
1753617320787,11:55:20.787,binance,ACE/USDT:USDT,0.5952,18266.83,0.5951,565.21,0.5953,234.4,0.5954,52.13
1753617320921,11:55:20.921,binance,ACE/USDT:USDT,0.5952,12235.37,0.5951,565.21,0.5953,263.89,0.5954,220.12
1753617321189,11:55:21.189,binance,ACE/USDT:USDT,0.5952,12235.37,0.5951,565.21,0.5953,293.38,0.5954,220.12
1753617321413,11:55:21.413,binance,ACE/USDT:USDT,0.5952,12235.37,0.5951,565.21,0.5953,293.38,0.5954,220.12
1753617321579,11:55:21.579,binance,ACE/USDT:USDT,0.5952,12235.37,0.5951,565.21,0.5953,293.38,0.5954,220.12
1753617322102,11:55:22.102,binance,ACE/USDT:USDT,0.5952,12235.37,0.5951,565.21,0.5953,293.38,0.5954,220.12
1753617322207,11:55:22.207,binance,ACE/USDT:USDT,0.5952,12235.37,0.5951,565.21,0.5953,354.9,0.5954,220.12
1753617322335,11:55:22.335,binance,ACE/USDT:USDT,0.5952,12235.37,0.5951,565.21,0.5953,438.89,0.5954,220.12
1753617322458,11:55:22.458,binance,ACE/USDT:USDT,0.5952,12235.37,0.5951,565.21,0.5953,438.89,0.5954,220.12
1753617322619,11:55:22.619,binance,ACE/USDT:USDT,0.5952,12235.37,0.5951,565.21,0.5953,438.89,0.5954,220.12
1753617322723,11:55:22.723,binance,ACE/USDT:USDT,0.5952,12235.37,0.5951,565.21,0.5953,438.89,0.5954,52.13
1753617323169,11:55:23.169,binance,ACE/USDT:USDT,0.5952,12235.37,0.5951,565.21,0.5953,438.89,0.5954,52.13
1753617323301,11:55:23.301,binance,ACE/USDT:USDT,0.5952,12235.37,0.5951,565.21,0.5953,438.89,0.5954,52.13
1753617323402,11:55:23.402,binance,ACE/USDT:USDT,0.5952,12235.37,0.5951,565.21,0.5953,438.89,0.5954,52.13
1753617323689,11:55:23.689,binance,ACE/USDT:USDT,0.5952,12235.37,0.5951,565.21,0.5953,438.89,0.5954,52.13
1753617323793,11:55:23.793,binance,ACE/USDT:USDT,0.5952,12235.37,0.5951,565.21,0.5953,438.89,0.5954,52.13
1753617323969,11:55:23.969,binance,ACE/USDT:USDT,0.5952,12235.37,0.5951,565.21,0.5953,438.89,0.5954,52.13
1753617324105,11:55:24.105,binance,ACE/USDT:USDT,0.5952,12235.37,0.5951,565.21,0.5953,502.95,0.5954,52.13
1753617324249,11:55:24.249,binance,ACE/USDT:USDT,0.5952,12235.37,0.5951,565.21,0.5953,502.95,0.5954,52.13
1753617324378,11:55:24.378,binance,ACE/USDT:USDT,0.5953,233.99,0.5952,12252.18,0.5954,35.32,0.5955,20677.22
1753617324484,11:55:24.484,binance,ACE/USDT:USDT,0.5953,234.02,0.5952,12252.18,0.5955,20660.41,0.5956,1744.12
1753617324588,11:55:24.588,binance,ACE/USDT:USDT,0.5953,2071.85,0.5952,12252.18,0.5955,20660.41,0.5956,1744.12
1753617324702,11:55:24.702,binance,ACE/USDT:USDT,0.5953,2071.85,0.5952,12252.18,0.5955,20719.39,0.5956,1744.12
1753617324820,11:55:24.820,binance,ACE/USDT:USDT,0.5953,2071.85,0.5952,12252.18,0.5955,20719.39,0.5956,1912.07
1753617324949,11:55:24.949,binance,ACE/USDT:USDT,0.5953,2071.85,0.5952,12252.18,0.5955,20719.39,0.5956,1912.07
1753617325084,11:55:25.084,binance,ACE/USDT:USDT,0.5953,2071.85,0.5952,12252.18,0.5955,20719.39,0.5956,1912.07
1753617325228,11:55:25.228,binance,ACE/USDT:USDT,0.5953,2071.85,0.5952,12252.18,0.5955,20719.39,0.5956,1912.07
1753617325370,11:55:25.370,binance,ACE/USDT:USDT,0.5953,200.42,0.5952,12252.18,0.5955,20719.39,0.5956,1912.07
1753617325474,11:55:25.474,binance,ACE/USDT:USDT,0.5953,200.42,0.5952,12252.18,0.5955,20748.88,0.5956,253.01
1753617325579,11:55:25.579,binance,ACE/USDT:USDT,0.5953,200.42,0.5952,12252.18,0.5955,20748.88,0.5956,253.01
1753617325829,11:55:25.829,binance,ACE/USDT:USDT,0.5953,200.42,0.5952,12252.18,0.5955,20748.88,0.5956,253.01
1753617325985,11:55:25.985,binance,ACE/USDT:USDT,0.5953,200.42,0.5952,12252.18,0.5955,20748.88,0.5956,253.01
1753617326089,11:55:26.089,binance,ACE/USDT:USDT,0.5953,2038.25,0.5952,12252.18,0.5955,20748.88,0.5956,253.01
1753617326224,11:55:26.224,binance,ACE/USDT:USDT,0.5953,2038.25,0.5952,12252.18,0.5955,20748.88,0.5956,253.01
1753617326389,11:55:26.389,binance,ACE/USDT:USDT,0.5953,2038.25,0.5952,12252.18,0.5955,20748.88,0.5956,253.01
1753617326629,11:55:26.629,binance,ACE/USDT:USDT,0.5953,2038.25,0.5952,12252.18,0.5955,20748.88,0.5956,253.01
1753617326763,11:55:26.763,binance,ACE/USDT:USDT,0.5953,2038.25,0.5952,12252.18,0.5955,20748.88,0.5956,253.01
1753617326865,11:55:26.865,binance,ACE/USDT:USDT,0.5953,2038.25,0.5952,12252.18,0.5955,20748.88,0.5956,253.01
1753617326981,11:55:26.981,binance,ACE/USDT:USDT,0.5953,2038.25,0.5952,12252.18,0.5955,20748.88,0.5956,253.01
1753617327087,11:55:27.087,binance,ACE/USDT:USDT,0.5953,2038.25,0.5952,12252.18,0.5955,20748.88,0.5956,253.01
1753617327191,11:55:27.191,binance,ACE/USDT:USDT,0.5953,2038.25,0.5952,12252.18,0.5955,20748.88,0.5956,253.01
1753617327489,11:55:27.489,binance,ACE/USDT:USDT,0.5953,2038.25,0.5952,12252.18,0.5955,20748.88,0.5956,253.01
1753617327611,11:55:27.611,binance,ACE/USDT:USDT,0.5953,2038.25,0.5952,12252.18,0.5955,20748.88,0.5956,253.01
1753617327778,11:55:27.778,binance,ACE/USDT:USDT,0.5953,2038.25,0.5952,12252.18,0.5955,20748.88,0.5956,253.01
1753617327933,11:55:27.933,binance,ACE/USDT:USDT,0.5953,2038.25,0.5952,12285.78,0.5955,20748.88,0.5956,253.01
1753617328061,11:55:28.061,binance,ACE/USDT:USDT,0.5953,2038.25,0.5952,12285.78,0.5955,20719.39,0.5956,253.01
1753617328302,11:55:28.302,binance,ACE/USDT:USDT,0.5953,2038.25,0.5952,12285.78,0.5955,20719.39,0.5956,253.01
1753617328454,11:55:28.454,binance,ACE/USDT:USDT,0.5953,2038.25,0.5952,12285.78,0.5955,20748.88,0.5956,253.01
1753617328589,11:55:28.589,binance,ACE/USDT:USDT,0.5953,2038.25,0.5952,12285.78,0.5955,20748.88,0.5956,253.01
1753617328701,11:55:28.701,binance,ACE/USDT:USDT,0.5953,2038.25,0.5952,12285.78,0.5955,20748.88,0.5956,253.01
1753617328902,11:55:28.902,binance,ACE/USDT:USDT,0.5953,2038.25,0.5952,12285.78,0.5955,20748.88,0.5956,253.01
1753617329071,11:55:29.071,binance,ACE/USDT:USDT,0.5953,2038.25,0.5952,12285.78,0.5955,20748.88,0.5956,253.01
1753617329201,11:55:29.201,binance,ACE/USDT:USDT,0.5953,2038.25,0.5952,12285.78,0.5955,20689.9,0.5956,206.05
1753617329305,11:55:29.305,binance,ACE/USDT:USDT,0.5953,200.42,0.5952,12252.18,0.5954,59.02,0.5955,20677.21
1753617329408,11:55:29.408,binance,ACE/USDT:USDT,0.5953,200.42,0.5952,12252.18,0.5954,59.02,0.5955,20736.19
1753617329546,11:55:29.546,binance,ACE/USDT:USDT,0.5953,200.42,0.5952,12252.18,0.5954,59.02,0.5955,20765.68
1753617329651,11:55:29.651,binance,ACE/USDT:USDT,0.5953,200.42,0.5952,12252.18,0.5954,59.02,0.5955,20765.68
1753617330107,11:55:30.107,binance,ACE/USDT:USDT,0.5953,200.42,0.5952,12252.17,0.5954,59.02,0.5955,20706.7
1753617330238,11:55:30.238,binance,ACE/USDT:USDT,0.5953,200.42,0.5952,12252.17,0.5954,59.02,0.5955,20765.68
1753617330418,11:55:30.418,binance,ACE/USDT:USDT,0.5953,200.42,0.5952,12252.17,0.5954,59.02,0.5955,20765.68
1753617330583,11:55:30.583,binance,ACE/USDT:USDT,0.5953,200.42,0.5952,12252.17,0.5954,59.02,0.5955,20765.68
1753617330689,11:55:30.689,binance,ACE/USDT:USDT,0.5953,200.42,0.5952,12252.17,0.5954,59.02,0.5955,20765.68
1753617330894,11:55:30.894,binance,ACE/USDT:USDT,0.5952,12235.37,0.5951,16.81,0.5954,59.02,0.5955,20706.7
1753617330999,11:55:30.999,binance,ACE/USDT:USDT,0.5952,12235.37,0.5951,16.81,0.5954,59.02,0.5955,20706.7
1753617331141,11:55:31.141,binance,ACE/USDT:USDT,0.5952,12235.37,0.5951,538.41,0.5954,59.02,0.5955,20706.7
