timestamp,time,exchange,symbol,bid1_price,bid1_volume,bid2_price,bid2_volume,ask1_price,ask1_volume,ask2_price,ask2_volume
1753617155475,11:52:35.475,blofin,AEVO/USDT:USDT,0.11094,6.0,0.1109,65844.0,0.11097,2.0,0.11099,6.0
1753617155985,11:52:35.985,blofin,AEVO/USDT:USDT,0.11094,6.0,0.11092,16061.0,0.11097,2.0,0.11099,4.0
1753617156901,11:52:36.901,blofin,AEVO/USDT:USDT,0.11094,6.0,0.11092,25444.0,0.11097,2.0,0.11099,4.0
1753617157476,11:52:37.476,blofin,AEVO/USDT:USDT,0.11094,6.0,0.11092,28791.0,0.11097,2.0,0.11099,5.0
1753617157976,11:52:37.976,blofin,AEVO/USDT:USDT,0.11094,6.0,0.11093,57080.0,0.11097,2.0,0.11099,5.0
1753617158480,11:52:38.480,blofin,AEVO/USDT:USDT,0.11094,6.0,0.11093,57080.0,0.11097,2.0,0.11099,5.0
1753617159478,11:52:39.478,blofin,AEVO/USDT:USDT,0.11094,5.0,0.11092,1.0,0.11097,2.0,0.11098,1.0
1753617160321,11:52:40.321,blofin,AEVO/USDT:USDT,0.11095,3.0,0.11093,3.0,0.11097,2.0,0.11098,1314.0
1753617160909,11:52:40.909,blofin,AEVO/USDT:USDT,0.11093,5.0,0.1109,49290.0,0.11096,1315.0,0.11097,61451.0
1753617162482,11:52:42.482,blofin,AEVO/USDT:USDT,0.11094,3.0,0.11093,35357.0,0.11097,885.0,0.11101,25434.0
1753617162983,11:52:42.983,blofin,AEVO/USDT:USDT,0.11093,7.0,0.11088,58986.0,0.11096,880.0,0.11097,37114.0
1753617163910,11:52:43.910,blofin,AEVO/USDT:USDT,0.11095,1090.0,0.11093,21431.0,0.11097,5.0,0.11099,1387.0
1753617164486,11:52:44.486,blofin,AEVO/USDT:USDT,0.11095,1091.0,0.11093,21427.0,0.11097,5.0,0.11099,1387.0
1753617165487,11:52:45.487,blofin,AEVO/USDT:USDT,0.11095,1091.0,0.1109,52441.0,0.11097,5.0,0.11099,1387.0
1753617165987,11:52:45.987,blofin,AEVO/USDT:USDT,0.11095,1091.0,0.11092,2753.0,0.11097,2.0,0.11099,1392.0
1753617166910,11:52:46.910,blofin,AEVO/USDT:USDT,0.11095,1091.0,0.11091,23675.0,0.11097,2.0,0.11098,1387.0
1753617166989,11:52:46.989,blofin,AEVO/USDT:USDT,0.11095,1095.0,0.11091,23675.0,0.11097,2.0,0.11098,1387.0
1753617167991,11:52:47.991,blofin,AEVO/USDT:USDT,0.11095,1095.0,0.11093,53821.0,0.11097,2.0,0.11098,1391.0
1753617168491,11:52:48.491,blofin,AEVO/USDT:USDT,0.11095,1094.0,0.11093,53821.0,0.11097,2.0,0.11098,1391.0
1753617169066,11:52:49.066,blofin,AEVO/USDT:USDT,0.11103,1430.0,0.11099,37452.0,0.11104,9771.0,0.11105,1273.0
1753617169493,11:52:49.493,blofin,AEVO/USDT:USDT,0.11103,1431.0,0.11099,37452.0,0.11104,9771.0,0.11105,1273.0
1753617169994,11:52:49.994,blofin,AEVO/USDT:USDT,0.11103,1.0,0.11102,1.0,0.11104,9771.0,0.11105,1273.0
1753617170994,11:52:50.994,blofin,AEVO/USDT:USDT,0.11103,6.0,0.11102,7072.0,0.11107,10.0,0.11108,1.0
1753617171495,11:52:51.495,blofin,AEVO/USDT:USDT,0.11103,6.0,0.11102,7072.0,0.11107,5.0,0.11108,4.0
1753617171990,11:52:51.990,blofin,AEVO/USDT:USDT,0.11104,1385.0,0.11103,5.0,0.11107,5.0,0.11108,47.0
1753617172497,11:52:52.497,blofin,AEVO/USDT:USDT,0.11104,1385.0,0.11103,5.0,0.11107,5.0,0.11108,45.0
1753617172996,11:52:52.996,blofin,AEVO/USDT:USDT,0.11104,730.0,0.11103,5.0,0.11107,5.0,0.11108,49.0
1753617173997,11:52:53.997,blofin,AEVO/USDT:USDT,0.11103,5.0,0.11102,6.0,0.11107,11.0,0.1111,4068.0
1753617174497,11:52:54.497,blofin,AEVO/USDT:USDT,0.11103,5.0,0.11102,6.0,0.11107,11.0,0.1111,4068.0
1753617174998,11:52:54.998,blofin,AEVO/USDT:USDT,0.11103,5.0,0.11102,6.0,0.11107,11.0,0.1111,18777.0
1753617175855,11:52:55.855,blofin,AEVO/USDT:USDT,0.11103,5.0,0.11102,5.0,0.11105,1275.0,0.11106,23713.0
1753617176027,11:52:56.027,blofin,AEVO/USDT:USDT,0.11103,1.0,0.11102,78395.0,0.11106,1275.0,0.11107,5.0
1753617177005,11:52:57.005,blofin,AEVO/USDT:USDT,0.11103,729.0,0.11102,5.0,0.11107,868.0,0.11108,62666.0
1753617177504,11:52:57.504,blofin,AEVO/USDT:USDT,0.11103,731.0,0.11102,5.0,0.11107,868.0,0.11108,62666.0
1753617178917,11:52:58.917,blofin,AEVO/USDT:USDT,0.11103,731.0,0.11102,5.0,0.11107,1397.0,0.11108,58077.0
1753617179466,11:52:59.466,blofin,AEVO/USDT:USDT,0.11102,5.0,0.11099,1352.0,0.11103,1320.0,0.11104,31502.0
1753617180006,11:53:00.006,blofin,AEVO/USDT:USDT,0.11099,478.0,0.11098,5.0,0.11103,715.0,0.11107,5.0
1753617180856,11:53:00.856,blofin,AEVO/USDT:USDT,0.111,478.0,0.11099,5.0,0.11102,1394.0,0.11103,36093.0
1753617181009,11:53:01.009,blofin,AEVO/USDT:USDT,0.111,5.0,0.11099,478.0,0.11102,1395.0,0.11103,9611.0
1753617182011,11:53:02.011,blofin,AEVO/USDT:USDT,0.11099,12.0,0.11095,13713.0,0.11102,766.0,0.11103,6323.0
1753617182668,11:53:02.668,blofin,AEVO/USDT:USDT,0.11099,12.0,0.11094,45993.0,0.11102,5.0,0.11103,765.0
1753617183012,11:53:03.012,blofin,AEVO/USDT:USDT,0.11101,729.0,0.11099,4.0,0.11102,5.0,0.11103,21.0
1753617184019,11:53:04.019,blofin,AEVO/USDT:USDT,0.11108,1656.0,0.11106,21875.0,0.1111,4068.0,0.11111,3334.0
1753617184519,11:53:04.519,blofin,AEVO/USDT:USDT,0.11108,1659.0,0.11106,21875.0,0.1111,4068.0,0.11111,3334.0
1753617185396,11:53:05.396,blofin,AEVO/USDT:USDT,0.11106,1.0,0.11105,3.0,0.1111,4068.0,0.11111,3334.0
1753617186018,11:53:06.018,blofin,AEVO/USDT:USDT,0.11106,5.0,0.11104,17278.0,0.1111,4068.0,0.11111,3334.0
1753617186575,11:53:06.575,blofin,AEVO/USDT:USDT,0.11108,1.0,0.11106,4.0,0.1111,4068.0,0.11111,3334.0
1753617187194,11:53:07.194,blofin,AEVO/USDT:USDT,0.11108,2.0,0.11106,479.0,0.11109,1.0,0.1111,4704.0
1753617187865,11:53:07.865,blofin,AEVO/USDT:USDT,0.11108,2.0,0.11107,334.0,0.1111,4068.0,0.11111,3334.0
1753617188091,11:53:08.091,blofin,AEVO/USDT:USDT,0.11108,2.0,0.11107,159.0,0.1111,4068.0,0.11111,3334.0
1753617188546,11:53:08.546,blofin,AEVO/USDT:USDT,0.11108,2.0,0.11106,158.0,0.1111,4068.0,0.11111,3339.0
1753617189109,11:53:09.109,blofin,AEVO/USDT:USDT,0.11108,476.0,0.11105,10580.0,0.11112,3837.0,0.11114,2332.0
1753617189523,11:53:09.523,blofin,AEVO/USDT:USDT,0.1111,4.0,0.11108,2.0,0.11112,3837.0,0.11114,1347.0
1753617189925,11:53:09.925,blofin,AEVO/USDT:USDT,0.1111,4.0,0.11108,31683.0,0.11112,3837.0,0.11113,811.0
1753617190024,11:53:10.024,blofin,AEVO/USDT:USDT,0.1111,4.0,0.11108,31683.0,0.11112,3837.0,0.11113,811.0
1753617191025,11:53:11.025,blofin,AEVO/USDT:USDT,0.1111,6.0,0.11107,10413.0,0.11112,3837.0,0.11113,4.0
1753617191622,11:53:11.622,blofin,AEVO/USDT:USDT,0.1111,6.0,0.11109,17207.0,0.11112,3837.0,0.11114,811.0
1753617192027,11:53:12.027,blofin,AEVO/USDT:USDT,0.11109,5.0,0.11106,32959.0,0.11112,3837.0,0.11114,1963.0
1753617192528,11:53:12.528,blofin,AEVO/USDT:USDT,0.11109,1.0,0.11108,4.0,0.11112,3837.0,0.11114,2.0
1753617193028,11:53:13.028,blofin,AEVO/USDT:USDT,0.11109,1.0,0.11108,77.0,0.11112,3837.0,0.11114,2.0
1753617193939,11:53:13.939,blofin,AEVO/USDT:USDT,0.11109,617.0,0.11108,29267.0,0.11112,3837.0,0.11114,1.0
1753617194530,11:53:14.530,blofin,AEVO/USDT:USDT,0.11109,617.0,0.11108,29267.0,0.11112,3837.0,0.11115,8563.0
1753617195066,11:53:15.066,blofin,AEVO/USDT:USDT,0.11113,617.0,0.1111,13223.0,0.11116,1.0,0.11117,28973.0
1753617195532,11:53:15.532,blofin,AEVO/USDT:USDT,0.11113,621.0,0.11111,47240.0,0.11118,1.0,0.11119,51666.0
1753617196257,11:53:16.257,blofin,AEVO/USDT:USDT,0.11115,1895.0,0.11114,36189.0,0.11118,2.0,0.11119,3.0
1753617197019,11:53:17.019,blofin,AEVO/USDT:USDT,0.11119,478.0,0.11116,1117.0,0.1112,10528.0,0.11122,10326.0
1753617198035,11:53:18.035,blofin,AEVO/USDT:USDT,0.1112,729.0,0.11119,56860.0,0.11122,10116.0,0.11123,990.0
1753617198536,11:53:18.536,blofin,AEVO/USDT:USDT,0.1112,729.0,0.11119,56860.0,0.11122,10116.0,0.11123,990.0
1753617199037,11:53:19.037,blofin,AEVO/USDT:USDT,0.11119,731.0,0.11115,41361.0,0.11122,10117.0,0.11123,20908.0
1753617199537,11:53:19.537,blofin,AEVO/USDT:USDT,0.11119,731.0,0.11115,41361.0,0.11122,10119.0,0.11123,20903.0
1753617200016,11:53:20.016,blofin,AEVO/USDT:USDT,0.11119,2.0,0.11118,729.0,0.11122,10118.0,0.11123,985.0
1753617200538,11:53:20.538,blofin,AEVO/USDT:USDT,0.11118,731.0,0.11115,56554.0,0.11122,10116.0,0.11123,990.0
1753617201039,11:53:21.039,blofin,AEVO/USDT:USDT,0.11118,7.0,0.11117,478.0,0.11122,1126.0,0.11123,17701.0
1753617202042,11:53:22.042,blofin,AEVO/USDT:USDT,0.11118,4.0,0.11117,482.0,0.11122,1.0,0.11123,18499.0
1753617202541,11:53:22.541,blofin,AEVO/USDT:USDT,0.11118,4.0,0.11117,480.0,0.11122,1.0,0.11123,18499.0
1753617203043,11:53:23.043,blofin,AEVO/USDT:USDT,0.11118,484.0,0.11117,6953.0,0.11123,594.0,0.11124,27714.0
1753617204044,11:53:24.044,blofin,AEVO/USDT:USDT,0.11118,484.0,0.11113,11163.0,0.11122,1113.0,0.11123,5959.0
1753617205047,11:53:25.047,blofin,AEVO/USDT:USDT,0.11118,4.0,0.11117,482.0,0.11122,1113.0,0.11123,66160.0
1753617205548,11:53:25.548,blofin,AEVO/USDT:USDT,0.11118,4.0,0.11117,480.0,0.11122,1113.0,0.11123,66160.0
1753617206046,11:53:26.046,blofin,AEVO/USDT:USDT,0.11118,484.0,0.11113,18953.0,0.11122,1113.0,0.11123,21740.0
1753617206896,11:53:26.896,blofin,AEVO/USDT:USDT,0.11118,6.0,0.11116,478.0,0.11122,5.0,0.11123,34289.0
1753617207048,11:53:27.048,blofin,AEVO/USDT:USDT,0.11118,6.0,0.11115,478.0,0.11122,5.0,0.11123,4.0
1753617208150,11:53:28.150,blofin,AEVO/USDT:USDT,0.11118,4.0,0.11115,3.0,0.11121,298.0,0.11122,4.0
1753617208785,11:53:28.785,blofin,AEVO/USDT:USDT,0.11118,4.0,0.11115,1.0,0.11122,5.0,0.11123,4.0
1753617209146,11:53:29.146,blofin,AEVO/USDT:USDT,0.11118,4.0,0.11115,1.0,0.1112,1.0,0.11121,9450.0
1753617209951,11:53:29.951,blofin,AEVO/USDT:USDT,0.11118,4.0,0.11115,1.0,0.11121,3.0,0.11122,21483.0
1753617210597,11:53:30.597,blofin,AEVO/USDT:USDT,0.11118,4.0,0.11115,4.0,0.11121,3.0,0.11123,21624.0
1753617211053,11:53:31.053,blofin,AEVO/USDT:USDT,0.11118,4.0,0.11115,2.0,0.1112,38.0,0.11121,33899.0
1753617211848,11:53:31.848,blofin,AEVO/USDT:USDT,0.11118,4.0,0.11115,2.0,0.11121,5.0,0.11122,1990.0
1753617212253,11:53:32.253,blofin,AEVO/USDT:USDT,0.11122,1261.0,0.1112,26595.0,0.11123,4.0,0.11125,1.0
1753617213059,11:53:33.059,blofin,AEVO/USDT:USDT,0.11122,572.0,0.11118,2050.0,0.11123,4.0,0.11125,1.0
1753617213561,11:53:33.561,blofin,AEVO/USDT:USDT,0.11123,568.0,0.11122,4.0,0.11127,6.0,0.11129,952.0
1753617214562,11:53:34.562,blofin,AEVO/USDT:USDT,0.11122,1973.0,0.1112,34397.0,0.11126,68.0,0.11127,35885.0
1753617215060,11:53:35.060,blofin,AEVO/USDT:USDT,0.11122,479.0,0.11118,45551.0,0.11126,5.0,0.11127,69.0
1753617215563,11:53:35.563,blofin,AEVO/USDT:USDT,0.11122,481.0,0.11118,45551.0,0.11126,5.0,0.11127,69.0
1753617216061,11:53:36.061,blofin,AEVO/USDT:USDT,0.11122,481.0,0.11118,32422.0,0.11127,71.0,0.11131,4252.0
1753617216562,11:53:36.562,blofin,AEVO/USDT:USDT,0.11122,481.0,0.11118,32422.0,0.11127,71.0,0.11131,4252.0
1753617217063,11:53:37.063,blofin,AEVO/USDT:USDT,0.11122,3473.0,0.11119,3172.0,0.11127,65.0,0.11131,59146.0
1753617218064,11:53:38.064,blofin,AEVO/USDT:USDT,0.11122,3.0,0.11121,3496.0,0.11126,68.0,0.11127,2250.0
1753617218565,11:53:38.565,blofin,AEVO/USDT:USDT,0.11122,3.0,0.11121,3496.0,0.11126,64.0,0.11127,2250.0
1753617219065,11:53:39.065,blofin,AEVO/USDT:USDT,0.11128,354.0,0.11127,436.0,0.11131,4252.0,0.11132,537.0
1753617219566,11:53:39.566,blofin,AEVO/USDT:USDT,0.11128,354.0,0.11127,436.0,0.11131,4252.0,0.11132,537.0
1753617220067,11:53:40.067,blofin,AEVO/USDT:USDT,0.11128,354.0,0.11127,24722.0,0.11131,4252.0,0.11132,538.0
1753617220568,11:53:40.568,blofin,AEVO/USDT:USDT,0.11128,354.0,0.11127,24722.0,0.11131,4252.0,0.11132,537.0
1753617221068,11:53:41.068,blofin,AEVO/USDT:USDT,0.11128,356.0,0.11124,18331.0,0.11131,4252.0,0.11132,540.0
1753617221569,11:53:41.569,blofin,AEVO/USDT:USDT,0.11128,356.0,0.11124,18287.0,0.11131,4252.0,0.11132,540.0
1753617222069,11:53:42.069,blofin,AEVO/USDT:USDT,0.11128,356.0,0.11124,39267.0,0.11131,4561.0,0.11132,5.0
1753617223025,11:53:43.025,blofin,AEVO/USDT:USDT,0.11128,356.0,0.11124,34599.0,0.11131,4255.0,0.11133,7511.0
1753617223573,11:53:43.573,blofin,AEVO/USDT:USDT,0.11128,356.0,0.11124,34599.0,0.11131,4252.0,0.11133,7516.0
1753617224073,11:53:44.073,blofin,AEVO/USDT:USDT,0.11128,368.0,0.11126,2662.0,0.11131,4252.0,0.11133,9802.0
1753617224574,11:53:44.574,blofin,AEVO/USDT:USDT,0.11128,368.0,0.11126,2662.0,0.11131,4252.0,0.11133,9799.0
1753617225074,11:53:45.074,blofin,AEVO/USDT:USDT,0.11128,367.0,0.11126,20496.0,0.11131,4252.0,0.11133,9799.0
1753617225959,11:53:45.959,blofin,AEVO/USDT:USDT,0.11128,370.0,0.11126,20496.0,0.11131,4252.0,0.11133,9802.0
1753617226578,11:53:46.578,blofin,AEVO/USDT:USDT,0.11128,4.0,0.11127,366.0,0.11131,4252.0,0.11132,2593.0
1753617227078,11:53:47.078,blofin,AEVO/USDT:USDT,0.11127,368.0,0.11122,32909.0,0.11131,4252.0,0.11132,2593.0
1753617227601,11:53:47.601,blofin,AEVO/USDT:USDT,0.11127,368.0,0.11122,32909.0,0.11131,4252.0,0.11132,2594.0
1753617228080,11:53:48.080,blofin,AEVO/USDT:USDT,0.11128,370.0,0.11123,24705.0,0.11131,4252.0,0.11132,1.0
1753617228962,11:53:48.962,blofin,AEVO/USDT:USDT,0.11128,370.0,0.11126,21223.0,0.11131,4252.0,0.11132,2018.0
1753617229083,11:53:49.083,blofin,AEVO/USDT:USDT,0.11128,370.0,0.11126,21223.0,0.11131,4252.0,0.11132,2021.0
1753617230084,11:53:50.084,blofin,AEVO/USDT:USDT,0.11128,4.0,0.11127,366.0,0.11131,4252.0,0.11132,13.0
1753617230588,11:53:50.588,blofin,AEVO/USDT:USDT,0.11128,4.0,0.11127,366.0,0.11131,4252.0,0.11132,11.0
1753617231087,11:53:51.087,blofin,AEVO/USDT:USDT,0.11128,12.0,0.11127,17607.0,0.11132,5.0,0.11133,12.0
1753617231964,11:53:51.964,blofin,AEVO/USDT:USDT,0.11127,10.0,0.11124,714.0,0.11129,713.0,0.11131,44593.0
1753617232588,11:53:52.588,blofin,AEVO/USDT:USDT,0.11123,1.0,0.11121,2091.0,0.11128,344.0,0.11132,10254.0
1753617232645,11:53:52.645,blofin,AEVO/USDT:USDT,0.11123,1.0,0.11121,2091.0,0.11128,5.0,0.11129,19795.0
1753617233088,11:53:53.088,blofin,AEVO/USDT:USDT,0.11123,1.0,0.11121,2091.0,0.11129,605.0,0.11131,55614.0
1753617233964,11:53:53.964,blofin,AEVO/USDT:USDT,0.11123,3.0,0.11121,2091.0,0.11129,522.0,0.11132,5.0
1753617234089,11:53:54.089,blofin,AEVO/USDT:USDT,0.11123,3.0,0.11121,2091.0,0.11129,521.0,0.11132,5.0
1753617235090,11:53:55.090,blofin,AEVO/USDT:USDT,0.11123,2.0,0.11122,5540.0,0.11128,715.0,0.1113,46393.0
1753617235591,11:53:55.591,blofin,AEVO/USDT:USDT,0.11123,2.0,0.11122,5540.0,0.11128,715.0,0.1113,46393.0
1753617236094,11:53:56.094,blofin,AEVO/USDT:USDT,0.11123,3.0,0.11122,10037.0,0.11128,520.0,0.1113,58432.0
1753617236594,11:53:56.594,blofin,AEVO/USDT:USDT,0.11123,2.0,0.11122,10037.0,0.11128,520.0,0.1113,58432.0
1753617237093,11:53:57.093,blofin,AEVO/USDT:USDT,0.11123,2.0,0.11121,2091.0,0.11128,520.0,0.11132,7565.0
1753617237595,11:53:57.595,blofin,AEVO/USDT:USDT,0.11123,4.0,0.11121,2091.0,0.11128,520.0,0.11132,7565.0
1753617238596,11:53:58.596,blofin,AEVO/USDT:USDT,0.11123,3.0,0.11122,1295.0,0.11127,1661.0,0.11128,62477.0
1753617238977,11:53:58.977,blofin,AEVO/USDT:USDT,0.11123,1298.0,0.11121,2091.0,0.11127,3.0,0.11128,1658.0
1753617239749,11:53:59.749,blofin,AEVO/USDT:USDT,0.11123,1297.0,0.11121,10845.0,0.11126,4.0,0.11128,4.0
1753617240306,11:54:00.306,blofin,AEVO/USDT:USDT,0.11123,1297.0,0.11121,15335.0,0.11126,527.0,0.11127,4321.0
1753617240976,11:54:00.976,blofin,AEVO/USDT:USDT,0.11123,1297.0,0.11121,15335.0,0.11126,525.0,0.11127,4321.0
1753617241601,11:54:01.601,blofin,AEVO/USDT:USDT,0.11123,1297.0,0.11121,2091.0,0.11125,192.0,0.11126,14657.0
1753617242102,11:54:02.102,blofin,AEVO/USDT:USDT,0.11121,2091.0,0.11119,4895.0,0.11122,3288.0,0.11123,17502.0
1753617242605,11:54:02.605,blofin,AEVO/USDT:USDT,0.11119,4895.0,0.11118,2801.0,0.11121,3290.0,0.11122,62220.0
1753617243101,11:54:03.101,blofin,AEVO/USDT:USDT,0.11119,4895.0,0.11118,2800.0,0.11121,1673.0,0.11125,36328.0
1753617244105,11:54:04.105,blofin,AEVO/USDT:USDT,0.11119,4895.0,0.11118,2800.0,0.11121,1673.0,0.11126,16276.0
1753617245109,11:54:05.109,blofin,AEVO/USDT:USDT,0.11119,4895.0,0.11118,2800.0,0.1112,1671.0,0.11121,54929.0
1753617245608,11:54:05.608,blofin,AEVO/USDT:USDT,0.11117,1.0,0.11115,475.0,0.11118,1672.0,0.11119,40713.0
1753617246989,11:54:06.989,blofin,AEVO/USDT:USDT,0.11115,2.0,0.11114,9721.0,0.11117,1073.0,0.11122,57771.0
1753617247609,11:54:07.609,blofin,AEVO/USDT:USDT,0.11114,9725.0,0.11112,32603.0,0.11117,1073.0,0.11122,57771.0
1753617248159,11:54:08.159,blofin,AEVO/USDT:USDT,0.11111,2800.0,0.1111,5.0,0.11115,1486.0,0.11117,3.0
1753617248608,11:54:08.608,blofin,AEVO/USDT:USDT,0.11111,2805.0,0.11109,40098.0,0.11115,1486.0,0.11117,3.0
1753617249108,11:54:09.108,blofin,AEVO/USDT:USDT,0.11111,2804.0,0.1111,1.0,0.11114,1499.0,0.11115,3948.0
1753617249998,11:54:09.998,blofin,AEVO/USDT:USDT,0.11111,2804.0,0.1111,4.0,0.11114,1501.0,0.11115,35210.0
1753617250112,11:54:10.112,blofin,AEVO/USDT:USDT,0.11111,2804.0,0.1111,4.0,0.11114,1500.0,0.11115,35210.0
1753617251112,11:54:11.112,blofin,AEVO/USDT:USDT,0.11111,2808.0,0.11109,46156.0,0.11114,3.0,0.11115,1496.0
1753617251612,11:54:11.612,blofin,AEVO/USDT:USDT,0.11111,2808.0,0.11109,46156.0,0.11114,3.0,0.11115,1496.0
1753617252112,11:54:12.112,blofin,AEVO/USDT:USDT,0.11111,2808.0,0.1111,19477.0,0.11115,1501.0,0.11117,2850.0
1753617253114,11:54:13.114,blofin,AEVO/USDT:USDT,0.11111,2805.0,0.1111,12940.0,0.11115,10467.0,0.11116,40543.0
1753617253995,11:54:13.995,blofin,AEVO/USDT:USDT,0.11111,2805.0,0.11109,41408.0,0.11115,10463.0,0.11117,2850.0
1753617254615,11:54:14.615,blofin,AEVO/USDT:USDT,0.11111,2802.0,0.11109,41408.0,0.11115,10463.0,0.11117,2850.0
1753617255115,11:54:15.115,blofin,AEVO/USDT:USDT,0.11111,2801.0,0.1111,1.0,0.11114,10462.0,0.11115,33343.0
1753617255617,11:54:15.617,blofin,AEVO/USDT:USDT,0.11111,2799.0,0.1111,4.0,0.11114,10462.0,0.11115,33343.0
1753617256117,11:54:16.117,blofin,AEVO/USDT:USDT,0.11111,2799.0,0.1111,2.0,0.11114,10464.0,0.11115,3820.0
1753617256968,11:54:16.968,blofin,AEVO/USDT:USDT,0.11111,2799.0,0.1111,1.0,0.11112,10462.0,0.11113,39862.0
1753617257617,11:54:17.617,blofin,AEVO/USDT:USDT,0.11111,2799.0,0.11109,2.0,0.11112,10462.0,0.11113,9262.0
1753617258117,11:54:18.117,blofin,AEVO/USDT:USDT,0.11111,2799.0,0.1111,474.0,0.11112,1969.0,0.11113,19655.0
1753617258620,11:54:18.620,blofin,AEVO/USDT:USDT,0.11111,2799.0,0.1111,477.0,0.11112,1969.0,0.11113,19655.0
1753617259120,11:54:19.120,blofin,AEVO/USDT:USDT,0.11111,2799.0,0.1111,477.0,0.11113,1974.0,0.11117,21472.0
1753617260007,11:54:20.007,blofin,AEVO/USDT:USDT,0.11111,2799.0,0.1111,479.0,0.11113,1974.0,0.11115,44044.0
1753617260624,11:54:20.624,blofin,AEVO/USDT:USDT,0.11111,2799.0,0.1111,479.0,0.11113,1971.0,0.11115,44044.0
1753617261124,11:54:21.124,blofin,AEVO/USDT:USDT,0.1111,481.0,0.11105,40124.0,0.11112,1971.0,0.11113,15615.0
1753617261624,11:54:21.624,blofin,AEVO/USDT:USDT,0.1111,481.0,0.11105,40124.0,0.11112,1973.0,0.11113,15615.0
1753617262746,11:54:22.746,blofin,AEVO/USDT:USDT,0.1111,481.0,0.11108,13762.0,0.11112,3.0,0.11113,4.0
1753617263126,11:54:23.126,blofin,AEVO/USDT:USDT,0.1111,481.0,0.11106,46910.0,0.11113,4.0,0.11115,8977.0
1753617263626,11:54:23.626,blofin,AEVO/USDT:USDT,0.1111,482.0,0.11106,46910.0,0.11113,4.0,0.11115,8977.0
1753617264127,11:54:24.127,blofin,AEVO/USDT:USDT,0.1111,482.0,0.11107,19949.0,0.11113,4.0,0.11114,8976.0
1753617264626,11:54:24.626,blofin,AEVO/USDT:USDT,0.1111,479.0,0.11107,19949.0,0.11113,4.0,0.11114,8976.0
1753617265129,11:54:25.129,blofin,AEVO/USDT:USDT,0.1111,5.0,0.11109,474.0,0.11113,4.0,0.11114,9091.0
1753617265627,11:54:25.627,blofin,AEVO/USDT:USDT,0.1111,3.0,0.11109,478.0,0.11113,4.0,0.11114,9091.0
1753617266129,11:54:26.129,blofin,AEVO/USDT:USDT,0.1111,479.0,0.11105,53004.0,0.11113,4.0,0.11114,9093.0
1753617267016,11:54:27.016,blofin,AEVO/USDT:USDT,0.1111,480.0,0.11105,46690.0,0.11113,4.0,0.11114,2.0
1753617267630,11:54:27.630,blofin,AEVO/USDT:USDT,0.1111,478.0,0.11108,3273.0,0.11113,4.0,0.11114,2.0
1753617268132,11:54:28.132,blofin,AEVO/USDT:USDT,0.1111,4.0,0.11109,474.0,0.11113,4.0,0.11114,9092.0
1753617268632,11:54:28.632,blofin,AEVO/USDT:USDT,0.1111,3.0,0.11109,477.0,0.11113,4.0,0.11114,9092.0
1753617269134,11:54:29.134,blofin,AEVO/USDT:USDT,0.1111,477.0,0.11109,3.0,0.11113,4.0,0.11115,9093.0
1753617270014,11:54:30.014,blofin,AEVO/USDT:USDT,0.1111,3.0,0.11109,477.0,0.11113,4.0,0.11114,9091.0
1753617270137,11:54:30.137,blofin,AEVO/USDT:USDT,0.1111,3.0,0.11109,6.0,0.11111,2817.0,0.11112,64337.0
1753617271135,11:54:31.135,blofin,AEVO/USDT:USDT,0.1111,3.0,0.11109,4.0,0.11111,2816.0,0.11112,19454.0
1753617271637,11:54:31.637,blofin,AEVO/USDT:USDT,0.1111,3.0,0.11108,2.0,0.11111,2816.0,0.11112,19454.0
1753617272138,11:54:32.138,blofin,AEVO/USDT:USDT,0.1111,3.0,0.11109,1.0,0.11112,2818.0,0.11113,4.0
1753617272642,11:54:32.642,blofin,AEVO/USDT:USDT,0.1111,3.0,0.11109,1.0,0.11112,2818.0,0.11113,4.0
1753617273138,11:54:33.138,blofin,AEVO/USDT:USDT,0.1111,3.0,0.11109,1.0,0.11112,2819.0,0.11113,4.0
1753617274019,11:54:34.019,blofin,AEVO/USDT:USDT,0.11108,1.0,0.11107,1.0,0.1111,4560.0,0.11112,76094.0
1753617274140,11:54:34.140,blofin,AEVO/USDT:USDT,0.11108,1.0,0.11107,1.0,0.1111,4561.0,0.11112,76093.0
1753617275142,11:54:35.142,blofin,AEVO/USDT:USDT,0.11107,3.0,0.11105,27156.0,0.1111,4563.0,0.11113,4.0
1753617276142,11:54:36.142,blofin,AEVO/USDT:USDT,0.11107,4.0,0.11104,20825.0,0.1111,4565.0,0.11112,5996.0
1753617276644,11:54:36.644,blofin,AEVO/USDT:USDT,0.11107,4.0,0.11106,2997.0,0.1111,4565.0,0.11112,5996.0
1753617277163,11:54:37.163,blofin,AEVO/USDT:USDT,0.11107,3.0,0.11106,43063.0,0.11109,4560.0,0.1111,5953.0
1753617277647,11:54:37.647,blofin,AEVO/USDT:USDT,0.11107,3.0,0.11106,43063.0,0.11109,4562.0,0.1111,5948.0
1753617278148,11:54:38.148,blofin,AEVO/USDT:USDT,0.11107,4.0,0.11106,28668.0,0.11109,2.0,0.1111,4560.0
1753617279150,11:54:39.150,blofin,AEVO/USDT:USDT,0.11107,6.0,0.11106,2997.0,0.1111,4565.0,0.11111,5876.0
1753617279652,11:54:39.652,blofin,AEVO/USDT:USDT,0.11107,6.0,0.11106,2997.0,0.1111,4563.0,0.11111,5876.0
1753617280158,11:54:40.158,blofin,AEVO/USDT:USDT,0.11107,6.0,0.11106,2997.0,0.1111,4003.0,0.11113,4.0
1753617280653,11:54:40.653,blofin,AEVO/USDT:USDT,0.11107,6.0,0.11106,2997.0,0.1111,4003.0,0.11113,4.0
1753617281157,11:54:41.157,blofin,AEVO/USDT:USDT,0.11107,6.0,0.11106,2415.0,0.1111,5744.0,0.11113,18508.0
1753617282023,11:54:42.023,blofin,AEVO/USDT:USDT,0.11107,5.0,0.11106,1044.0,0.11109,5743.0,0.1111,18267.0
1753617282156,11:54:42.156,blofin,AEVO/USDT:USDT,0.11106,1049.0,0.11101,13159.0,0.11109,5743.0,0.1111,18267.0
1753617283157,11:54:43.157,blofin,AEVO/USDT:USDT,0.11106,1046.0,0.11102,14925.0,0.11109,5747.0,0.1111,18836.0
1753617283668,11:54:43.668,blofin,AEVO/USDT:USDT,0.11106,3.0,0.11102,14925.0,0.11109,5747.0,0.1111,18836.0
1753617284159,11:54:44.159,blofin,AEVO/USDT:USDT,0.11107,1.0,0.11106,2.0,0.1111,5745.0,0.11111,33312.0
1753617284660,11:54:44.660,blofin,AEVO/USDT:USDT,0.11107,1.0,0.11106,2.0,0.1111,5747.0,0.11111,33312.0
1753617285162,11:54:45.162,blofin,AEVO/USDT:USDT,0.11107,3.0,0.11106,7392.0,0.11109,5743.0,0.1111,88228.0
1753617286026,11:54:46.026,blofin,AEVO/USDT:USDT,0.11107,2.0,0.11106,7392.0,0.11109,5748.0,0.1111,88224.0
1753617286162,11:54:46.162,blofin,AEVO/USDT:USDT,0.11107,2.0,0.11105,42758.0,0.11109,5.0,0.1111,6496.0
1753617286662,11:54:46.662,blofin,AEVO/USDT:USDT,0.11107,2.0,0.11105,42758.0,0.11109,5.0,0.1111,6496.0
1753617287163,11:54:47.163,blofin,AEVO/USDT:USDT,0.11107,2.0,0.11103,19321.0,0.11109,6501.0,0.11113,32762.0
1753617288030,11:54:48.030,blofin,AEVO/USDT:USDT,0.11107,2.0,0.11106,29263.0,0.11109,3.0,0.1111,6606.0
1753617288666,11:54:48.666,blofin,AEVO/USDT:USDT,0.11107,2.0,0.11106,29263.0,0.11109,3.0,0.1111,6606.0
1753617289167,11:54:49.167,blofin,AEVO/USDT:USDT,0.11106,2.0,0.11101,11440.0,0.11109,19504.0,0.1111,8123.0
1753617290169,11:54:50.169,blofin,AEVO/USDT:USDT,0.11107,3.0,0.11105,36755.0,0.11109,3.0,0.1111,19501.0
1753617290670,11:54:50.670,blofin,AEVO/USDT:USDT,0.11107,2.0,0.11105,36755.0,0.11109,3.0,0.1111,19501.0
1753617291172,11:54:51.172,blofin,AEVO/USDT:USDT,0.11107,3.0,0.11105,850.0,0.1111,17542.0,0.11112,115431.0
1753617292032,11:54:52.032,blofin,AEVO/USDT:USDT,0.11107,2.0,0.11106,1.0,0.11109,17534.0,0.1111,83219.0
1753617292675,11:54:52.675,blofin,AEVO/USDT:USDT,0.11107,1.0,0.11106,5.0,0.11109,17539.0,0.1111,83216.0
1753617293175,11:54:53.175,blofin,AEVO/USDT:USDT,0.11107,2.0,0.11106,4.0,0.11109,5.0,0.1111,17537.0
1753617293775,11:54:53.775,blofin,AEVO/USDT:USDT,0.11114,850.0,0.11113,5.0,0.1112,4650.0,0.11121,7441.0
1753617294177,11:54:54.177,blofin,AEVO/USDT:USDT,0.11114,2.0,0.11113,5.0,0.1112,4651.0,0.11121,7441.0
1753617295179,11:54:55.179,blofin,AEVO/USDT:USDT,0.11114,6.0,0.11112,33050.0,0.1112,4587.0,0.11121,7441.0
1753617296036,11:54:56.036,blofin,AEVO/USDT:USDT,0.11114,7.0,0.11112,33050.0,0.1112,545.0,0.11121,7441.0
1753617296682,11:54:56.682,blofin,AEVO/USDT:USDT,0.11114,7.0,0.11111,51129.0,0.1112,544.0,0.11121,2270.0
1753617297192,11:54:57.192,blofin,AEVO/USDT:USDT,0.11114,7.0,0.1111,13882.0,0.1112,4.0,0.11121,2810.0
1753617297815,11:54:57.815,blofin,AEVO/USDT:USDT,0.11119,2137.0,0.11116,32632.0,0.1112,4.0,0.11121,2270.0
1753617298183,11:54:58.183,blofin,AEVO/USDT:USDT,0.11118,445.0,0.11116,25732.0,0.1112,4.0,0.11121,3538.0
1753617298888,11:54:58.888,blofin,AEVO/USDT:USDT,0.11118,445.0,0.11117,3581.0,0.11121,3540.0,0.11122,6594.0
1753617299185,11:54:59.185,blofin,AEVO/USDT:USDT,0.11119,2136.0,0.11118,4.0,0.11121,3540.0,0.11125,19782.0
1753617300038,11:55:00.038,blofin,AEVO/USDT:USDT,0.11119,2136.0,0.11118,34152.0,0.11121,2272.0,0.11122,1268.0
1753617300300,11:55:00.300,blofin,AEVO/USDT:USDT,0.11116,1586.0,0.11115,3.0,0.1112,1268.0,0.11121,59912.0
1753617301189,11:55:01.189,blofin,AEVO/USDT:USDT,0.11116,4.0,0.11114,1586.0,0.11119,1728.0,0.1112,54581.0
1753617301689,11:55:01.689,blofin,AEVO/USDT:USDT,0.11114,1587.0,0.11112,40528.0,0.11119,1728.0,0.1112,54581.0
1753617302189,11:55:02.189,blofin,AEVO/USDT:USDT,0.11115,1589.0,0.11111,13707.0,0.1112,1730.0,0.11121,2270.0
1753617302690,11:55:02.690,blofin,AEVO/USDT:USDT,0.11114,1592.0,0.1111,36393.0,0.11118,1728.0,0.11119,40314.0
1753617303457,11:55:03.457,blofin,AEVO/USDT:USDT,0.11114,10.0,0.11112,37445.0,0.11117,1970.0,0.1112,34587.0
1753617304040,11:55:04.040,blofin,AEVO/USDT:USDT,0.11109,3.0,0.11107,1.0,0.11112,458.0,0.11113,42039.0
1753617304191,11:55:04.191,blofin,AEVO/USDT:USDT,0.11109,3.0,0.11107,1.0,0.11112,461.0,0.11113,42039.0
1753617305192,11:55:05.192,blofin,AEVO/USDT:USDT,0.11107,1.0,0.11106,1512.0,0.1111,1000.0,0.11111,25964.0
1753617305693,11:55:05.693,blofin,AEVO/USDT:USDT,0.11108,241.0,0.11107,1.0,0.11112,1151.0,0.11113,20710.0
1753617306193,11:55:06.193,blofin,AEVO/USDT:USDT,0.11108,1.0,0.11107,1513.0,0.11111,461.0,0.11112,31744.0
1753617307042,11:55:07.042,blofin,AEVO/USDT:USDT,0.11108,1.0,0.11107,1514.0,0.11114,934.0,0.11115,8182.0
1753617307696,11:55:07.696,blofin,AEVO/USDT:USDT,0.11108,1.0,0.11107,1514.0,0.11114,932.0,0.11115,8182.0
1753617308196,11:55:08.196,blofin,AEVO/USDT:USDT,0.11108,1.0,0.11107,1513.0,0.11114,1736.0,0.11115,23641.0
1753617308697,11:55:08.697,blofin,AEVO/USDT:USDT,0.11108,1.0,0.11107,1513.0,0.11114,1736.0,0.11115,23641.0
1753617309199,11:55:09.199,blofin,AEVO/USDT:USDT,0.11108,1513.0,0.11107,1.0,0.11114,1592.0,0.11115,42464.0
1753617309784,11:55:09.784,blofin,AEVO/USDT:USDT,0.11108,2.0,0.11107,1513.0,0.11114,2135.0,0.11115,48118.0
1753617310445,11:55:10.445,blofin,AEVO/USDT:USDT,0.1111,1513.0,0.11108,2.0,0.11114,2134.0,0.11115,89310.0
1753617311046,11:55:11.046,blofin,AEVO/USDT:USDT,0.11113,1517.0,0.11112,20465.0,0.11117,2138.0,0.11119,66321.0
1753617311201,11:55:11.201,blofin,AEVO/USDT:USDT,0.11112,1433.0,0.1111,1064.0,0.11116,1.0,0.11117,7682.0
1753617312046,11:55:12.046,blofin,AEVO/USDT:USDT,0.11112,3466.0,0.1111,1064.0,0.11115,1805.0,0.11117,45421.0
1753617312703,11:55:12.703,blofin,AEVO/USDT:USDT,0.11112,3466.0,0.1111,1064.0,0.11115,1809.0,0.11117,45416.0
1753617313205,11:55:13.205,blofin,AEVO/USDT:USDT,0.1111,1064.0,0.11108,3953.0,0.11111,1805.0,0.11112,52815.0
1753617313707,11:55:13.707,blofin,AEVO/USDT:USDT,0.11108,3953.0,0.11107,1.0,0.11111,1805.0,0.11112,52815.0
1753617314195,11:55:14.195,blofin,AEVO/USDT:USDT,0.11108,3953.0,0.11107,523.0,0.1111,798.0,0.11111,4936.0
1753617315048,11:55:15.048,blofin,AEVO/USDT:USDT,0.11108,3953.0,0.11107,6.0,0.1111,1649.0,0.11111,11608.0
1753617315209,11:55:15.209,blofin,AEVO/USDT:USDT,0.11108,3953.0,0.11107,6.0,0.1111,1649.0,0.11111,11608.0
1753617316211,11:55:16.211,blofin,AEVO/USDT:USDT,0.11107,1.0,0.11106,3.0,0.1111,1651.0,0.11111,11952.0
1753617316711,11:55:16.711,blofin,AEVO/USDT:USDT,0.11107,1.0,0.11106,6.0,0.1111,1651.0,0.11111,11952.0
1753617317213,11:55:17.213,blofin,AEVO/USDT:USDT,0.11107,5.0,0.11105,27704.0,0.1111,2.0,0.11111,2277.0
1753617318050,11:55:18.050,blofin,AEVO/USDT:USDT,0.11107,4.0,0.11105,11918.0,0.1111,2.0,0.11111,2277.0
1753617318597,11:55:18.597,blofin,AEVO/USDT:USDT,0.11107,4.0,0.11104,27337.0,0.1111,2279.0,0.11113,2867.0
1753617319057,11:55:19.057,blofin,AEVO/USDT:USDT,0.11107,4.0,0.11103,39368.0,0.11109,1482.0,0.1111,34500.0
1753617320216,11:55:20.216,blofin,AEVO/USDT:USDT,0.11107,4.0,0.11102,4694.0,0.11109,4.0,0.1111,1994.0
1753617320780,11:55:20.780,blofin,AEVO/USDT:USDT,0.11102,1800.0,0.111,39576.0,0.11104,1150.0,0.11105,41691.0
1753617321216,11:55:21.216,blofin,AEVO/USDT:USDT,0.111,888.0,0.11099,2.0,0.11102,3.0,0.11103,1510.0
1753617321716,11:55:21.716,blofin,AEVO/USDT:USDT,0.11099,891.0,0.11095,24603.0,0.11101,1510.0,0.11102,55815.0
1753617322217,11:55:22.217,blofin,AEVO/USDT:USDT,0.11099,4.0,0.11098,3.0,0.11101,1512.0,0.11102,12167.0
1753617322702,11:55:22.702,blofin,AEVO/USDT:USDT,0.11099,4.0,0.11098,3.0,0.11101,2.0,0.11102,1511.0
1753617323218,11:55:23.218,blofin,AEVO/USDT:USDT,0.11099,2.0,0.11098,6.0,0.11101,2.0,0.11102,1.0
1753617324130,11:55:24.130,blofin,AEVO/USDT:USDT,0.11099,2.0,0.11098,6.0,0.11101,2.0,0.11102,777.0
1753617324722,11:55:24.722,blofin,AEVO/USDT:USDT,0.11101,543.0,0.111,29108.0,0.11106,4858.0,0.11107,776.0
1753617325219,11:55:25.219,blofin,AEVO/USDT:USDT,0.11102,2574.0,0.11101,3.0,0.11106,4858.0,0.11108,1377.0
1753617326220,11:55:26.220,blofin,AEVO/USDT:USDT,0.11101,2157.0,0.111,1.0,0.11106,4858.0,0.11107,1972.0
1753617326755,11:55:26.755,blofin,AEVO/USDT:USDT,0.111,1.0,0.11099,5.0,0.11103,1511.0,0.11106,4858.0
1753617327335,11:55:27.335,blofin,AEVO/USDT:USDT,0.11099,2.0,0.11098,2206.0,0.11104,691.0,0.11106,4858.0
1753617328081,11:55:28.081,blofin,AEVO/USDT:USDT,0.11099,2.0,0.11098,1.0,0.11105,784.0,0.11106,4858.0
1753617328225,11:55:28.225,blofin,AEVO/USDT:USDT,0.11099,2.0,0.11097,8.0,0.11105,784.0,0.11106,4858.0
1753617329307,11:55:29.307,blofin,AEVO/USDT:USDT,0.11099,2.0,0.11098,853.0,0.11104,4.0,0.11105,34578.0
1753617329858,11:55:29.858,blofin,AEVO/USDT:USDT,0.11099,2.0,0.11098,848.0,0.11104,4.0,0.11105,26150.0
1753617330421,11:55:30.421,blofin,AEVO/USDT:USDT,0.11099,5.0,0.11098,5498.0,0.11104,4.0,0.11106,4858.0
1753617330728,11:55:30.728,blofin,AEVO/USDT:USDT,0.11099,2.0,0.11098,1694.0,0.11102,3.0,0.11104,41233.0
1753617331228,11:55:31.228,blofin,AEVO/USDT:USDT,0.11099,2.0,0.11098,1691.0,0.11101,6.0,0.11102,38220.0
1753617332126,11:55:32.126,blofin,AEVO/USDT:USDT,0.11099,1682.0,0.11098,37195.0,0.11105,1.0,0.11106,4858.0
1753617332729,11:55:32.729,blofin,AEVO/USDT:USDT,0.11099,2.0,0.11098,1683.0,0.11105,1.0,0.11106,4858.0
1753617332962,11:55:32.962,blofin,AEVO/USDT:USDT,0.11099,2.0,0.11098,3.0,0.11103,1664.0,0.11104,27354.0
1753617333449,11:55:33.449,blofin,AEVO/USDT:USDT,0.11098,481.0,0.11097,29619.0,0.11103,2923.0,0.11106,4858.0
1753617333866,11:55:33.866,blofin,AEVO/USDT:USDT,0.11098,476.0,0.11093,47244.0,0.11103,1.0,0.11106,4858.0
1753617334324,11:55:34.324,blofin,AEVO/USDT:USDT,0.11099,467.0,0.11098,4.0,0.11103,5.0,0.11105,1.0
1753617334785,11:55:34.785,blofin,AEVO/USDT:USDT,0.11098,166.0,0.11096,28055.0,0.11103,493.0,0.11105,44693.0
1753617335389,11:55:35.389,blofin,AEVO/USDT:USDT,0.11099,1.0,0.11098,2.0,0.11102,45.0,0.11103,5.0
1753617336130,11:55:36.130,blofin,AEVO/USDT:USDT,0.11098,1894.0,0.11097,1.0,0.11101,1.0,0.11104,1.0
1753617336735,11:55:36.735,blofin,AEVO/USDT:USDT,0.11099,882.0,0.11097,13574.0,0.11101,1.0,0.11104,1.0
1753617337267,11:55:37.267,blofin,AEVO/USDT:USDT,0.11099,4.0,0.11098,872.0,0.11103,5.0,0.11104,1.0
1753617337737,11:55:37.737,blofin,AEVO/USDT:USDT,0.11097,1.0,0.11092,38638.0,0.11102,499.0,0.11103,5.0
1753617338580,11:55:38.580,blofin,AEVO/USDT:USDT,0.11097,1889.0,0.11093,65906.0,0.11103,5.0,0.11104,769.0
1753617339063,11:55:39.063,blofin,AEVO/USDT:USDT,0.11097,1.0,0.11096,1888.0,0.11101,1.0,0.11102,51836.0
1753617339739,11:55:39.739,blofin,AEVO/USDT:USDT,0.11099,1888.0,0.11097,1.0,0.11104,5.0,0.11106,4858.0
1753617340241,11:55:40.241,blofin,AEVO/USDT:USDT,0.11099,880.0,0.11097,1.0,0.11104,773.0,0.11106,4858.0
1753617340740,11:55:40.740,blofin,AEVO/USDT:USDT,0.11099,884.0,0.11095,12811.0,0.11104,773.0,0.11106,4858.0
1753617341243,11:55:41.243,blofin,AEVO/USDT:USDT,0.11099,5.0,0.11098,880.0,0.11103,779.0,0.11104,7183.0
1753617342208,11:55:42.208,blofin,AEVO/USDT:USDT,0.11098,1.0,0.11096,880.0,0.111,776.0,0.11101,3677.0
1753617342744,11:55:42.744,blofin,AEVO/USDT:USDT,0.11098,1.0,0.11097,1600.0,0.111,5.0,0.11102,1.0
1753617343243,11:55:43.243,blofin,AEVO/USDT:USDT,0.11096,1806.0,0.11091,33978.0,0.11099,45.0,0.111,5.0
1753617343754,11:55:43.754,blofin,AEVO/USDT:USDT,0.11096,1809.0,0.11091,33978.0,0.11099,45.0,0.111,5.0
1753617344246,11:55:44.246,blofin,AEVO/USDT:USDT,0.11096,666.0,0.11094,30550.0,0.11099,4.0,0.111,35900.0
1753617345069,11:55:45.069,blofin,AEVO/USDT:USDT,0.11097,1.0,0.11096,5.0,0.11099,2.0,0.11101,1.0
1753617345749,11:55:45.749,blofin,AEVO/USDT:USDT,0.11096,6.0,0.11093,20975.0,0.11099,2.0,0.11101,1.0
1753617345936,11:55:45.936,blofin,AEVO/USDT:USDT,0.11096,1957.0,0.11093,5532.0,0.11099,2.0,0.111,1.0
1753617346538,11:55:46.538,blofin,AEVO/USDT:USDT,0.11096,2.0,0.11095,1.0,0.11099,1.0,0.111,13804.0
1753617347101,11:55:47.101,blofin,AEVO/USDT:USDT,0.11098,1319.0,0.11096,2.0,0.111,4.0,0.11101,1.0
1753617347714,11:55:47.714,blofin,AEVO/USDT:USDT,0.111,1319.0,0.11098,44580.0,0.11103,2.0,0.11104,22764.0
1753617348254,11:55:48.254,blofin,AEVO/USDT:USDT,0.11102,3869.0,0.11097,31498.0,0.11105,63.0,0.11106,4858.0
1753617349079,11:55:49.079,blofin,AEVO/USDT:USDT,0.11102,3869.0,0.11097,10613.0,0.11104,60.0,0.11105,15743.0
1753617349254,11:55:49.254,blofin,AEVO/USDT:USDT,0.11102,3869.0,0.11097,10613.0,0.11104,62.0,0.11105,15739.0
1753617350262,11:55:50.262,blofin,AEVO/USDT:USDT,0.11102,3869.0,0.11101,616.0,0.11104,2.0,0.11105,60.0
1753617350757,11:55:50.757,blofin,AEVO/USDT:USDT,0.11102,3869.0,0.11101,616.0,0.11104,2.0,0.11105,60.0
1753617351261,11:55:51.261,blofin,AEVO/USDT:USDT,0.11102,3172.0,0.111,11089.0,0.11105,65.0,0.1111,33085.0
1753617352081,11:55:52.081,blofin,AEVO/USDT:USDT,0.11102,3172.0,0.111,42796.0,0.11105,64.0,0.1111,10034.0
1753617352262,11:55:52.262,blofin,AEVO/USDT:USDT,0.11102,3172.0,0.111,42796.0,0.11105,64.0,0.1111,10034.0
1753617353261,11:55:53.261,blofin,AEVO/USDT:USDT,0.11102,3169.0,0.11101,23363.0,0.11105,66.0,0.11107,13728.0
1753617354273,11:55:54.273,blofin,AEVO/USDT:USDT,0.11102,1.0,0.11101,3169.0,0.11104,60.0,0.11105,22247.0
1753617355085,11:55:55.085,blofin,AEVO/USDT:USDT,0.11102,1.0,0.11101,3169.0,0.11104,63.0,0.11105,1438.0
1753617356265,11:55:56.265,blofin,AEVO/USDT:USDT,0.11102,1.0,0.11101,3172.0,0.11104,64.0,0.11105,6601.0
1753617356848,11:55:56.848,blofin,AEVO/USDT:USDT,0.11102,1.0,0.11101,5.0,0.11103,60.0,0.11104,3100.0
1753617357267,11:55:57.267,blofin,AEVO/USDT:USDT,0.11102,1.0,0.11101,5.0,0.11104,1657.0,0.11105,3.0
1753617358087,11:55:58.087,blofin,AEVO/USDT:USDT,0.11102,1.0,0.11101,5.0,0.11103,1167.0,0.11104,24092.0
1753617358326,11:55:58.326,blofin,AEVO/USDT:USDT,0.11099,1790.0,0.11097,1703.0,0.11103,1167.0,0.11104,2.0
1753617359270,11:55:59.270,blofin,AEVO/USDT:USDT,0.11099,2246.0,0.11098,1459.0,0.11103,1.0,0.11104,2.0
1753617359771,11:55:59.771,blofin,AEVO/USDT:USDT,0.11099,2246.0,0.11098,1459.0,0.11103,4.0,0.11105,36371.0
1753617360427,11:56:00.427,blofin,AEVO/USDT:USDT,0.11101,2242.0,0.11099,4.0,0.11103,948.0,0.11104,7472.0
1753617361091,11:56:01.091,blofin,AEVO/USDT:USDT,0.11102,1325.0,0.11101,30869.0,0.11105,66.0,0.11106,21857.0
1753617361645,11:56:01.645,blofin,AEVO/USDT:USDT,0.11106,1180.0,0.11104,18827.0,0.11109,2099.0,0.1111,7.0
1753617362275,11:56:02.275,blofin,AEVO/USDT:USDT,0.11106,1431.0,0.11103,3.0,0.11109,2099.0,0.1111,517.0
1753617362775,11:56:02.775,blofin,AEVO/USDT:USDT,0.11106,1431.0,0.11103,3.0,0.11109,2099.0,0.1111,515.0
1753617363276,11:56:03.276,blofin,AEVO/USDT:USDT,0.11107,1431.0,0.11104,17442.0,0.11109,2099.0,0.1111,515.0
1753617364093,11:56:04.093,blofin,AEVO/USDT:USDT,0.11107,2365.0,0.11103,5904.0,0.11109,2099.0,0.1111,514.0
1753617364778,11:56:04.778,blofin,AEVO/USDT:USDT,0.11107,2365.0,0.11103,5904.0,0.11109,2099.0,0.1111,513.0
1753617365780,11:56:05.780,blofin,AEVO/USDT:USDT,0.11106,5.0,0.11103,3457.0,0.11109,2612.0,0.1111,16746.0
1753617366280,11:56:06.280,blofin,AEVO/USDT:USDT,0.11107,2.0,0.11106,22154.0,0.11109,1052.0,0.1111,70330.0
1753617367095,11:56:07.095,blofin,AEVO/USDT:USDT,0.11107,2.0,0.11106,3.0,0.11109,1.0,0.1111,512.0
1753617367284,11:56:07.284,blofin,AEVO/USDT:USDT,0.11107,7.0,0.11105,27300.0,0.11109,1.0,0.1111,512.0
1753617368096,11:56:08.096,blofin,AEVO/USDT:USDT,0.11107,7.0,0.11105,24084.0,0.1111,515.0,0.11112,60764.0
1753617368785,11:56:08.785,blofin,AEVO/USDT:USDT,0.11103,451.0,0.11101,42399.0,0.11106,714.0,0.1111,3.0
1753617369285,11:56:09.285,blofin,AEVO/USDT:USDT,0.11103,2862.0,0.11102,34258.0,0.11105,4.0,0.11106,36933.0
1753617369789,11:56:09.789,blofin,AEVO/USDT:USDT,0.11104,2866.0,0.11102,14977.0,0.11105,3.0,0.11107,1.0
1753617370286,11:56:10.286,blofin,AEVO/USDT:USDT,0.11104,4858.0,0.11102,37052.0,0.11106,3.0,0.11107,30684.0
1753617371097,11:56:11.097,blofin,AEVO/USDT:USDT,0.11104,4856.0,0.11102,37052.0,0.11106,4.0,0.11107,30684.0
1753617371290,11:56:11.290,blofin,AEVO/USDT:USDT,0.11104,2.0,0.11103,4854.0,0.11106,4.0,0.11107,68574.0
1753617372293,11:56:12.293,blofin,AEVO/USDT:USDT,0.11104,2890.0,0.11099,18160.0,0.11106,3.0,0.11107,1.0
1753617372792,11:56:12.792,blofin,AEVO/USDT:USDT,0.11104,2887.0,0.11099,18160.0,0.11106,3.0,0.11107,1.0
1753617373292,11:56:13.292,blofin,AEVO/USDT:USDT,0.11104,2.0,0.11102,2.0,0.11106,4.0,0.11107,6149.0
1753617373795,11:56:13.795,blofin,AEVO/USDT:USDT,0.11104,2.0,0.11102,2.0,0.11106,4.0,0.11107,6149.0
1753617374297,11:56:14.297,blofin,AEVO/USDT:USDT,0.11103,2708.0,0.11101,24313.0,0.11106,4.0,0.11107,9300.0
1753617374799,11:56:14.799,blofin,AEVO/USDT:USDT,0.11103,2708.0,0.11101,24313.0,0.11106,4.0,0.11107,9300.0
1753617375296,11:56:15.296,blofin,AEVO/USDT:USDT,0.11103,1480.0,0.11099,64530.0,0.11107,2.0,0.1111,1109.0
1753617375797,11:56:15.797,blofin,AEVO/USDT:USDT,0.11103,1480.0,0.11099,64530.0,0.11107,4.0,0.1111,1109.0
1753617376299,11:56:16.299,blofin,AEVO/USDT:USDT,0.11103,5.0,0.11102,1476.0,0.11106,2.0,0.11107,31826.0
1753617377103,11:56:17.103,blofin,AEVO/USDT:USDT,0.11103,2019.0,0.11098,53419.0,0.11106,4.0,0.11107,29557.0
1753617377298,11:56:17.298,blofin,AEVO/USDT:USDT,0.11103,2019.0,0.11098,53419.0,0.11106,4.0,0.11107,29557.0
1753617377799,11:56:17.799,blofin,AEVO/USDT:USDT,0.11103,2019.0,0.11098,53419.0,0.11106,5.0,0.11107,29557.0
1753617378802,11:56:18.802,blofin,AEVO/USDT:USDT,0.11103,2017.0,0.11102,22011.0,0.11106,5.0,0.11107,55712.0
1753617379302,11:56:19.302,blofin,AEVO/USDT:USDT,0.11103,2018.0,0.11101,19419.0,0.11106,4.0,0.11107,1.0
1753617380104,11:56:20.104,blofin,AEVO/USDT:USDT,0.11103,2017.0,0.11102,17469.0,0.11106,4.0,0.11107,1.0
1753617380313,11:56:20.313,blofin,AEVO/USDT:USDT,0.11103,2017.0,0.11102,17469.0,0.11107,4.0,0.11109,54019.0
1753617380817,11:56:20.817,blofin,AEVO/USDT:USDT,0.11103,2016.0,0.11102,17469.0,0.11107,4.0,0.11109,54019.0
1753617381304,11:56:21.304,blofin,AEVO/USDT:USDT,0.11103,1483.0,0.11102,2780.0,0.11107,6.0,0.11111,29607.0
1753617382306,11:56:22.306,blofin,AEVO/USDT:USDT,0.11104,3.0,0.11103,2413.0,0.11107,515.0,0.11108,43699.0
1753617383306,11:56:23.306,blofin,AEVO/USDT:USDT,0.11104,2410.0,0.11103,4.0,0.11107,515.0,0.11108,10718.0
1753617384309,11:56:24.309,blofin,AEVO/USDT:USDT,0.11104,2413.0,0.11103,4.0,0.11107,6.0,0.11108,1.0
1753617385113,11:56:25.113,blofin,AEVO/USDT:USDT,0.11104,2413.0,0.11103,4.0,0.11107,4.0,0.11108,1.0
1753617385813,11:56:25.813,blofin,AEVO/USDT:USDT,0.11104,2411.0,0.11103,4.0,0.11107,5.0,0.11109,929.0
1753617386313,11:56:26.313,blofin,AEVO/USDT:USDT,0.11104,5.0,0.11103,5064.0,0.11107,6.0,0.11108,31621.0
1753617386813,11:56:26.813,blofin,AEVO/USDT:USDT,0.11103,5069.0,0.11102,1597.0,0.11107,6.0,0.11108,31621.0
1753617387313,11:56:27.313,blofin,AEVO/USDT:USDT,0.11104,2409.0,0.11103,2660.0,0.11107,5.0,0.11108,1.0
1753617387814,11:56:27.814,blofin,AEVO/USDT:USDT,0.11104,2412.0,0.11103,2655.0,0.11107,5.0,0.11108,1.0
1753617388815,11:56:28.815,blofin,AEVO/USDT:USDT,0.11104,2441.0,0.11103,2655.0,0.11107,3.0,0.11108,6.0
1753617389816,11:56:29.816,blofin,AEVO/USDT:USDT,0.11104,2442.0,0.11103,4.0,0.11107,4.0,0.11108,18250.0
1753617390317,11:56:30.317,blofin,AEVO/USDT:USDT,0.11104,2442.0,0.11103,4.0,0.11107,3.0,0.11108,6.0
1753617391114,11:56:31.114,blofin,AEVO/USDT:USDT,0.11104,2442.0,0.11103,4.0,0.11107,3.0,0.11108,4.0
1753617391316,11:56:31.316,blofin,AEVO/USDT:USDT,0.11104,2442.0,0.11103,4.0,0.11107,3.0,0.11108,400.0
1753617392318,11:56:32.318,blofin,AEVO/USDT:USDT,0.11104,2441.0,0.11103,4.0,0.11107,3.0,0.11108,402.0
1753617393319,11:56:33.319,blofin,AEVO/USDT:USDT,0.11104,2441.0,0.11103,4.0,0.11107,3.0,0.11108,6.0
1753617394116,11:56:34.116,blofin,AEVO/USDT:USDT,0.11101,1.0,0.111,5.0,0.11104,2585.0,0.11105,11735.0
1753617394322,11:56:34.322,blofin,AEVO/USDT:USDT,0.11101,5.0,0.11097,17903.0,0.11104,2585.0,0.11105,11735.0
1753617395325,11:56:35.325,blofin,AEVO/USDT:USDT,0.111,5.0,0.11099,27615.0,0.11103,2532.0,0.11104,3348.0
1753617395824,11:56:35.824,blofin,AEVO/USDT:USDT,0.111,5.0,0.11099,27615.0,0.11103,2535.0,0.11104,3347.0
1753617396324,11:56:36.324,blofin,AEVO/USDT:USDT,0.11101,6.0,0.111,10749.0,0.11103,1.0,0.11104,1853.0
1753617397118,11:56:37.118,blofin,AEVO/USDT:USDT,0.11101,4906.0,0.111,319.0,0.11103,2250.0,0.11104,39442.0
1753617397327,11:56:37.327,blofin,AEVO/USDT:USDT,0.11101,5.0,0.11099,4901.0,0.11102,2253.0,0.11104,13643.0
1753617398329,11:56:38.329,blofin,AEVO/USDT:USDT,0.11099,72.0,0.11097,4023.0,0.11102,252.0,0.11103,39357.0
1753617399332,11:56:39.332,blofin,AEVO/USDT:USDT,0.11099,64.0,0.11097,4023.0,0.11102,264.0,0.11107,5374.0
1753617400119,11:56:40.119,blofin,AEVO/USDT:USDT,0.11099,54.0,0.11097,4023.0,0.11101,20.0,0.11102,25772.0
1753617400332,11:56:40.332,blofin,AEVO/USDT:USDT,0.11099,57.0,0.11097,4023.0,0.11101,20.0,0.11102,25772.0
1753617401338,11:56:41.338,blofin,AEVO/USDT:USDT,0.11099,5.0,0.11098,42.0,0.11101,25.0,0.11102,52162.0
1753617401833,11:56:41.833,blofin,AEVO/USDT:USDT,0.11099,5.0,0.11098,42.0,0.11101,22.0,0.11102,52162.0
1753617402333,11:56:42.333,blofin,AEVO/USDT:USDT,0.11099,5.0,0.11098,32.0,0.11101,22.0,0.11102,34144.0
1753617403121,11:56:43.121,blofin,AEVO/USDT:USDT,0.11099,26.0,0.11097,4023.0,0.11101,2.0,0.11102,20.0
1753617403336,11:56:43.336,blofin,AEVO/USDT:USDT,0.11099,24.0,0.11097,4023.0,0.11101,2.0,0.11102,20.0
1753617404337,11:56:44.337,blofin,AEVO/USDT:USDT,0.11099,12.0,0.11098,15338.0,0.11101,2.0,0.11102,20.0
1753617404838,11:56:44.838,blofin,AEVO/USDT:USDT,0.11099,12.0,0.11098,15338.0,0.11101,2.0,0.11102,20.0
1753617405388,11:56:45.388,blofin,AEVO/USDT:USDT,0.11097,4023.0,0.11094,1.0,0.11099,417.0,0.111,58656.0
1753617406122,11:56:46.122,blofin,AEVO/USDT:USDT,0.11097,4023.0,0.11095,731.0,0.11098,243.0,0.11099,48488.0
1753617406447,11:56:46.447,blofin,AEVO/USDT:USDT,0.11097,4899.0,0.11096,64952.0,0.11099,2.0,0.11101,240.0
1753617407342,11:56:47.342,blofin,AEVO/USDT:USDT,0.11097,5337.0,0.11095,5.0,0.11099,2.0,0.11102,20.0
1753617407842,11:56:47.842,blofin,AEVO/USDT:USDT,0.11097,5337.0,0.11095,5.0,0.11099,2.0,0.11102,20.0
1753617408342,11:56:48.342,blofin,AEVO/USDT:USDT,0.11097,4023.0,0.11096,1303.0,0.11099,2.0,0.11101,20.0
1753617409124,11:56:49.124,blofin,AEVO/USDT:USDT,0.11097,5361.0,0.11095,46744.0,0.11099,2.0,0.11102,20.0
1753617409345,11:56:49.345,blofin,AEVO/USDT:USDT,0.11097,5361.0,0.11095,46744.0,0.11099,2.0,0.11102,20.0
1753617410350,11:56:50.350,blofin,AEVO/USDT:USDT,0.11097,5892.0,0.11094,49869.0,0.11099,2.0,0.11102,20.0
1753617410846,11:56:50.846,blofin,AEVO/USDT:USDT,0.11097,5892.0,0.11094,47229.0,0.11099,2.0,0.11102,20.0
1753617411346,11:56:51.346,blofin,AEVO/USDT:USDT,0.11097,1.0,0.11096,1861.0,0.11101,20.0,0.11102,56422.0
1753617411846,11:56:51.846,blofin,AEVO/USDT:USDT,0.11097,1.0,0.11096,1857.0,0.11101,20.0,0.11102,56422.0
1753617412348,11:56:52.348,blofin,AEVO/USDT:USDT,0.11097,1852.0,0.11096,43410.0,0.11102,26.0,0.11103,53652.0
1753617413129,11:56:53.129,blofin,AEVO/USDT:USDT,0.11097,1315.0,0.11096,1609.0,0.11102,25.0,0.11104,29946.0
1753617413849,11:56:53.849,blofin,AEVO/USDT:USDT,0.11097,1314.0,0.11096,1609.0,0.11102,25.0,0.11104,29946.0
1753617414350,11:56:54.350,blofin,AEVO/USDT:USDT,0.11097,2.0,0.11096,1312.0,0.11101,20.0,0.11102,4419.0
1753617414851,11:56:54.851,blofin,AEVO/USDT:USDT,0.11097,1.0,0.11096,1315.0,0.11101,20.0,0.11102,4419.0
1753617415351,11:56:55.351,blofin,AEVO/USDT:USDT,0.11097,1268.0,0.11096,3.0,0.11101,20.0,0.11102,5.0
1753617416130,11:56:56.130,blofin,AEVO/USDT:USDT,0.11097,1272.0,0.11094,746.0,0.11101,25.0,0.11102,2.0
1753617416354,11:56:56.354,blofin,AEVO/USDT:USDT,0.11097,1272.0,0.11094,746.0,0.11102,37.0,0.11106,47605.0
1753617417130,11:56:57.130,blofin,AEVO/USDT:USDT,0.11097,1272.0,0.11095,55381.0,0.11102,38.0,0.11103,33079.0
1753617417855,11:56:57.855,blofin,AEVO/USDT:USDT,0.11097,1269.0,0.11095,1596.0,0.11101,35.0,0.11102,2.0
1753617418356,11:56:58.356,blofin,AEVO/USDT:USDT,0.11097,1268.0,0.11096,36805.0,0.111,4787.0,0.11101,19613.0
1753617418857,11:56:58.857,blofin,AEVO/USDT:USDT,0.11097,1268.0,0.11096,36805.0,0.111,4787.0,0.11101,19613.0
1753617419357,11:56:59.357,blofin,AEVO/USDT:USDT,0.11097,1271.0,0.11095,41904.0,0.11101,5153.0,0.11102,2.0
1753617420272,11:57:00.272,blofin,AEVO/USDT:USDT,0.11097,1271.0,0.11096,20297.0,0.111,5151.0,0.11101,3.0
1753617420859,11:57:00.859,blofin,AEVO/USDT:USDT,0.11097,1271.0,0.11096,20297.0,0.111,5155.0,0.11102,28100.0
1753617421367,11:57:01.367,blofin,AEVO/USDT:USDT,0.11097,1270.0,0.11095,2427.0,0.11099,333.0,0.111,38110.0
1753617422136,11:57:02.136,blofin,AEVO/USDT:USDT,0.11097,1272.0,0.11095,10901.0,0.111,337.0,0.11102,2.0
1753617422538,11:57:02.538,blofin,AEVO/USDT:USDT,0.11097,6.0,0.11096,1319.0,0.11102,23.0,0.11103,19731.0
1753617423362,11:57:03.362,blofin,AEVO/USDT:USDT,0.11097,1.0,0.11096,534.0,0.111,1.0,0.11102,2.0
1753617423863,11:57:03.863,blofin,AEVO/USDT:USDT,0.11097,1.0,0.11096,533.0,0.111,1.0,0.11102,2.0
1753617424365,11:57:04.365,blofin,AEVO/USDT:USDT,0.11097,1.0,0.11095,533.0,0.11099,1.0,0.111,8193.0
1753617425137,11:57:05.137,blofin,AEVO/USDT:USDT,0.11097,1.0,0.11096,532.0,0.11099,2.0,0.11102,2.0
1753617425867,11:57:05.867,blofin,AEVO/USDT:USDT,0.11097,1.0,0.11096,536.0,0.11099,6.0,0.11102,2.0
1753617426365,11:57:06.365,blofin,AEVO/USDT:USDT,0.11097,1.0,0.11096,534.0,0.111,3.0,0.11102,2.0
1753617427025,11:57:07.025,blofin,AEVO/USDT:USDT,0.11097,1.0,0.11096,534.0,0.11099,1.0,0.11102,16059.0
1753617427367,11:57:07.367,blofin,AEVO/USDT:USDT,0.11097,93.0,0.11096,2.0,0.11102,3.0,0.11105,49128.0
1753617428258,11:57:08.258,blofin,AEVO/USDT:USDT,0.11097,5.0,0.11096,1.0,0.11099,1322.0,0.111,4448.0
1753617428869,11:57:08.869,blofin,AEVO/USDT:USDT,0.11097,5.0,0.11096,1.0,0.11099,1322.0,0.111,4448.0
1753617429371,11:57:09.371,blofin,AEVO/USDT:USDT,0.11097,6.0,0.11093,16639.0,0.111,580.0,0.11102,2.0
1753617429873,11:57:09.873,blofin,AEVO/USDT:USDT,0.11097,6.0,0.11093,16639.0,0.111,581.0,0.11102,2.0
1753617430372,11:57:10.372,blofin,AEVO/USDT:USDT,0.11097,6.0,0.11096,20719.0,0.111,966.0,0.11102,2.0
1753617431143,11:57:11.143,blofin,AEVO/USDT:USDT,0.11097,3.0,0.11096,20719.0,0.111,969.0,0.11102,2.0
1753617431889,11:57:11.889,blofin,AEVO/USDT:USDT,0.11097,6.0,0.11094,865.0,0.11099,386.0,0.111,4.0
1753617432375,11:57:12.375,blofin,AEVO/USDT:USDT,0.11097,5.0,0.11096,1.0,0.11099,388.0,0.111,32074.0
1753617432878,11:57:12.878,blofin,AEVO/USDT:USDT,0.11097,5.0,0.11096,1.0,0.11099,387.0,0.111,32074.0
1753617433378,11:57:13.378,blofin,AEVO/USDT:USDT,0.11097,6.0,0.11096,9074.0,0.11099,4882.0,0.111,39571.0
1753617434144,11:57:14.144,blofin,AEVO/USDT:USDT,0.11097,886.0,0.11095,11236.0,0.11099,4497.0,0.111,16016.0
1753617434882,11:57:14.882,blofin,AEVO/USDT:USDT,0.11097,886.0,0.11095,11236.0,0.11099,4498.0,0.111,16016.0
1753617435378,11:57:15.378,blofin,AEVO/USDT:USDT,0.11097,1.0,0.11096,886.0,0.11099,4498.0,0.111,29397.0
1753617435880,11:57:15.880,blofin,AEVO/USDT:USDT,0.11097,1.0,0.11094,6.0,0.11098,12190.0,0.11099,32027.0
1753617436370,11:57:16.370,blofin,AEVO/USDT:USDT,0.11097,1.0,0.11095,1.0,0.11098,2350.0,0.11102,2.0
1753617437385,11:57:17.385,blofin,AEVO/USDT:USDT,0.11097,1.0,0.11095,5.0,0.11098,515.0,0.11101,14875.0
1753617437883,11:57:17.883,blofin,AEVO/USDT:USDT,0.11097,1.0,0.11095,5.0,0.11098,514.0,0.11101,14875.0
1753617438385,11:57:18.385,blofin,AEVO/USDT:USDT,0.11097,1.0,0.11095,5.0,0.11098,579.0,0.11099,40409.0
1753617439147,11:57:19.147,blofin,AEVO/USDT:USDT,0.11097,1.0,0.11095,1407.0,0.11098,92.0,0.11099,20730.0
1753617439887,11:57:19.887,blofin,AEVO/USDT:USDT,0.11097,1.0,0.11095,1408.0,0.11098,91.0,0.11099,20730.0
1753617440389,11:57:20.389,blofin,AEVO/USDT:USDT,0.11094,883.0,0.1109,28376.0,0.11097,88.0,0.11098,10799.0
1753617441160,11:57:21.160,blofin,AEVO/USDT:USDT,0.11094,886.0,0.1109,28376.0,0.11097,91.0,0.11098,10796.0
1753617441918,11:57:21.918,blofin,AEVO/USDT:USDT,0.11097,535.0,0.11096,35371.0,0.11101,8749.0,0.11102,4.0
1753617442348,11:57:22.348,blofin,AEVO/USDT:USDT,0.11104,1774.0,0.11103,32241.0,0.11107,896.0,0.11108,7468.0
1753617443149,11:57:23.149,blofin,AEVO/USDT:USDT,0.11103,1775.0,0.11101,46102.0,0.11107,1408.0,0.11108,39105.0
1753617443895,11:57:23.895,blofin,AEVO/USDT:USDT,0.11103,1775.0,0.11101,46102.0,0.11107,1410.0,0.11108,39100.0
1753617444152,11:57:24.152,blofin,AEVO/USDT:USDT,0.11102,1775.0,0.11098,23033.0,0.11107,1410.0,0.11108,26197.0
1753617444896,11:57:24.896,blofin,AEVO/USDT:USDT,0.11101,1774.0,0.11098,7627.0,0.11105,433.0,0.11107,898.0
1753617445397,11:57:25.397,blofin,AEVO/USDT:USDT,0.111,2785.0,0.11099,57050.0,0.11105,642.0,0.11106,19336.0
1753617446151,11:57:26.151,blofin,AEVO/USDT:USDT,0.11099,1806.0,0.11098,60406.0,0.11102,723.0,0.11103,25596.0
1753617446899,11:57:26.899,blofin,AEVO/USDT:USDT,0.11099,8.0,0.11096,17718.0,0.11103,717.0,0.11105,3751.0
1753617447400,11:57:27.400,blofin,AEVO/USDT:USDT,0.11099,5.0,0.11098,3.0,0.11102,714.0,0.11103,41408.0
1753617448163,11:57:28.163,blofin,AEVO/USDT:USDT,0.11099,8.0,0.11096,12904.0,0.11103,717.0,0.11105,33369.0
1753617448404,11:57:28.404,blofin,AEVO/USDT:USDT,0.11099,8.0,0.11096,12904.0,0.11103,717.0,0.11105,33369.0
1753617449404,11:57:29.404,blofin,AEVO/USDT:USDT,0.11099,8.0,0.11098,29478.0,0.11103,715.0,0.11107,2226.0
1753617449905,11:57:29.905,blofin,AEVO/USDT:USDT,0.11099,8.0,0.11098,29478.0,0.11103,715.0,0.11107,2226.0
1753617450405,11:57:30.405,blofin,AEVO/USDT:USDT,0.11099,8.0,0.11096,3936.0,0.11103,715.0,0.11108,28153.0
1753617451545,11:57:31.545,blofin,AEVO/USDT:USDT,0.11099,532.0,0.11098,5.0,0.11103,3.0,0.11104,573.0
1753617452408,11:57:32.408,blofin,AEVO/USDT:USDT,0.11099,537.0,0.11098,5.0,0.11104,576.0,0.11106,36403.0
1753617452908,11:57:32.908,blofin,AEVO/USDT:USDT,0.11099,537.0,0.11098,5.0,0.11104,577.0,0.11106,36403.0
1753617453410,11:57:33.410,blofin,AEVO/USDT:USDT,0.11099,537.0,0.11098,5.0,0.11103,666.0,0.11108,35714.0
1753617454167,11:57:34.167,blofin,AEVO/USDT:USDT,0.11099,8.0,0.11098,31090.0,0.11103,800.0,0.11106,31008.0
1753617454910,11:57:34.910,blofin,AEVO/USDT:USDT,0.11099,12.0,0.11098,31085.0,0.11103,800.0,0.11106,31008.0
1753617455532,11:57:35.532,blofin,AEVO/USDT:USDT,0.11105,536.0,0.11101,49607.0,0.11108,3447.0,0.11111,5120.0
1753617456165,11:57:36.165,blofin,AEVO/USDT:USDT,0.11103,538.0,0.111,31995.0,0.11108,3449.0,0.11111,5120.0
1753617456530,11:57:36.530,blofin,AEVO/USDT:USDT,0.11103,2.0,0.11101,1.0,0.11105,548.0,0.11107,2100.0
1753617457413,11:57:37.413,blofin,AEVO/USDT:USDT,0.11102,881.0,0.111,16455.0,0.11105,716.0,0.11108,2649.0
1753617457913,11:57:37.913,blofin,AEVO/USDT:USDT,0.11102,881.0,0.111,16455.0,0.11105,716.0,0.11108,2649.0
1753617458414,11:57:38.414,blofin,AEVO/USDT:USDT,0.111,5.0,0.11098,2434.0,0.11104,715.0,0.11105,16405.0
1753617459164,11:57:39.164,blofin,AEVO/USDT:USDT,0.11101,1.0,0.111,4.0,0.11104,3.0,0.11107,39333.0
1753617459916,11:57:39.916,blofin,AEVO/USDT:USDT,0.11101,2.0,0.11099,21728.0,0.11104,6.0,0.11107,39333.0
1753617460374,11:57:40.374,blofin,AEVO/USDT:USDT,0.11101,4.0,0.111,12086.0,0.11104,6.0,0.11106,8929.0
1753617460918,11:57:40.918,blofin,AEVO/USDT:USDT,0.11101,7.0,0.111,12086.0,0.11104,5.0,0.11106,8929.0
1753617461419,11:57:41.419,blofin,AEVO/USDT:USDT,0.111,2537.0,0.11098,1212.0,0.11103,7302.0,0.11104,4083.0
1753617462170,11:57:42.170,blofin,AEVO/USDT:USDT,0.11102,1267.0,0.111,3.0,0.11104,1097.0,0.11108,3453.0
1753617462920,11:57:42.920,blofin,AEVO/USDT:USDT,0.11102,2310.0,0.11101,42913.0,0.11107,1.0,0.11108,31902.0
1753617463422,11:57:43.422,blofin,AEVO/USDT:USDT,0.11102,1132.0,0.111,42668.0,0.11107,543.0,0.11108,29768.0
1753617464169,11:57:44.169,blofin,AEVO/USDT:USDT,0.11102,591.0,0.111,26651.0,0.11107,543.0,0.11108,24301.0
1753617464924,11:57:44.924,blofin,AEVO/USDT:USDT,0.11102,591.0,0.111,26651.0,0.11107,544.0,0.11108,24301.0
1753617465425,11:57:45.425,blofin,AEVO/USDT:USDT,0.11102,454.0,0.111,61534.0,0.11107,100.0,0.11108,8488.0
1753617465925,11:57:45.925,blofin,AEVO/USDT:USDT,0.11102,457.0,0.111,61534.0,0.11107,100.0,0.11108,8488.0
1753617466425,11:57:46.425,blofin,AEVO/USDT:USDT,0.11103,1580.0,0.11102,2.0,0.11107,101.0,0.11108,13393.0
1753617467171,11:57:47.171,blofin,AEVO/USDT:USDT,0.11103,1584.0,0.11101,53478.0,0.11107,101.0,0.11108,30883.0
1753617467930,11:57:47.930,blofin,AEVO/USDT:USDT,0.11103,1585.0,0.11101,53478.0,0.11107,100.0,0.11108,30883.0
1753617468429,11:57:48.429,blofin,AEVO/USDT:USDT,0.11102,1046.0,0.11097,29001.0,0.11107,100.0,0.11108,25798.0
1753617468929,11:57:48.929,blofin,AEVO/USDT:USDT,0.11102,1043.0,0.11097,29001.0,0.11107,100.0,0.11108,25798.0
1753617469429,11:57:49.429,blofin,AEVO/USDT:USDT,0.11103,4563.0,0.11102,45093.0,0.11108,3237.0,0.11111,5120.0
1753617470175,11:57:50.175,blofin,AEVO/USDT:USDT,0.11104,494.0,0.11102,1.0,0.11108,2649.0,0.11109,4.0
1753617470430,11:57:50.430,blofin,AEVO/USDT:USDT,0.11104,494.0,0.11102,1.0,0.11108,2649.0,0.1111,432.0
1753617471187,11:57:51.187,blofin,AEVO/USDT:USDT,0.11104,499.0,0.11102,1.0,0.1111,435.0,0.11112,11261.0
1753617471933,11:57:51.933,blofin,AEVO/USDT:USDT,0.11104,8.0,0.11103,1512.0,0.11107,603.0,0.11108,8704.0
1753617472437,11:57:52.437,blofin,AEVO/USDT:USDT,0.11104,5.0,0.11103,4425.0,0.11107,603.0,0.11108,20834.0
1753617473195,11:57:53.195,blofin,AEVO/USDT:USDT,0.11104,6.0,0.11103,1.0,0.11107,3.0,0.1111,411.0
1753617473989,11:57:53.989,blofin,AEVO/USDT:USDT,0.11104,570.0,0.11102,1662.0,0.11106,1.0,0.11107,418.0
1753617474437,11:57:54.437,blofin,AEVO/USDT:USDT,0.11104,5.0,0.11103,5029.0,0.11106,1.0,0.11108,672.0
1753617475438,11:57:55.438,blofin,AEVO/USDT:USDT,0.11104,5.0,0.11103,4397.0,0.11106,1.0,0.11109,533.0
1753617476179,11:57:56.179,blofin,AEVO/USDT:USDT,0.11104,5.0,0.11103,4399.0,0.11109,535.0,0.1111,3.0
1753617476438,11:57:56.438,blofin,AEVO/USDT:USDT,0.11104,5.0,0.11103,4.0,0.11108,416.0,0.11109,58896.0
1753617477178,11:57:57.178,blofin,AEVO/USDT:USDT,0.11104,5.0,0.11102,4377.0,0.11108,667.0,0.11109,49603.0
1753617477942,11:57:57.942,blofin,AEVO/USDT:USDT,0.11104,5.0,0.11103,4373.0,0.11109,669.0,0.1111,3.0
1753617479179,11:57:59.179,blofin,AEVO/USDT:USDT,0.11104,5.0,0.11103,5698.0,0.11106,17615.0,0.11107,35599.0
1753617479449,11:57:59.449,blofin,AEVO/USDT:USDT,0.11104,5.0,0.11103,5698.0,0.11106,17615.0,0.11107,35599.0
1753617480180,11:58:00.180,blofin,AEVO/USDT:USDT,0.11104,5.0,0.11103,4957.0,0.11107,17620.0,0.11108,4371.0
1753617481446,11:58:01.446,blofin,AEVO/USDT:USDT,0.11104,5.0,0.11101,1806.0,0.11106,7.0,0.11107,36205.0
1753617481947,11:58:01.947,blofin,AEVO/USDT:USDT,0.11104,5.0,0.11101,1806.0,0.11106,7.0,0.11107,36205.0
1753617482447,11:58:02.447,blofin,AEVO/USDT:USDT,0.11104,5.0,0.11101,1793.0,0.11106,9.0,0.1111,3.0
1753617483183,11:58:03.183,blofin,AEVO/USDT:USDT,0.11104,5.0,0.11101,3.0,0.11105,8.0,0.11106,15376.0
1753617483952,11:58:03.952,blofin,AEVO/USDT:USDT,0.11099,4.0,0.11096,1692.0,0.11104,550.0,0.11105,3.0
1753617485184,11:58:05.184,blofin,AEVO/USDT:USDT,0.11098,5.0,0.11097,377.0,0.11103,746.0,0.11104,1.0
1753617485452,11:58:05.452,blofin,AEVO/USDT:USDT,0.11098,5.0,0.11097,377.0,0.11103,748.0,0.11108,23010.0
1753617486186,11:58:06.186,blofin,AEVO/USDT:USDT,0.11097,380.0,0.11095,3865.0,0.11103,749.0,0.11108,23010.0
1753617486455,11:58:06.455,blofin,AEVO/USDT:USDT,0.11097,379.0,0.11095,3865.0,0.11102,746.0,0.11103,3.0
1753617487186,11:58:07.186,blofin,AEVO/USDT:USDT,0.11097,2.0,0.11096,377.0,0.11102,746.0,0.11103,21220.0
1753617487456,11:58:07.456,blofin,AEVO/USDT:USDT,0.11096,379.0,0.11095,3865.0,0.11102,746.0,0.11103,21220.0
1753617488458,11:58:08.458,blofin,AEVO/USDT:USDT,0.111,382.0,0.11098,8657.0,0.11104,4.0,0.11105,7866.0
1753617488958,11:58:08.958,blofin,AEVO/USDT:USDT,0.111,382.0,0.11098,8657.0,0.11104,4.0,0.11105,7866.0
1753617489638,11:58:09.638,blofin,AEVO/USDT:USDT,0.11101,1319.0,0.11099,30524.0,0.11104,4.0,0.11105,21981.0
1753617490201,11:58:10.201,blofin,AEVO/USDT:USDT,0.11102,729.0,0.11101,5.0,0.11104,3.0,0.11105,1.0
1753617490460,11:58:10.460,blofin,AEVO/USDT:USDT,0.11102,729.0,0.11101,5.0,0.11105,2.0,0.1111,27562.0
1753617491199,11:58:11.199,blofin,AEVO/USDT:USDT,0.11102,732.0,0.11099,7420.0,0.11105,5.0,0.1111,27562.0
1753617491963,11:58:11.963,blofin,AEVO/USDT:USDT,0.11102,731.0,0.111,1428.0,0.11105,50.0,0.11109,26249.0
1753617492465,11:58:12.465,blofin,AEVO/USDT:USDT,0.11102,731.0,0.11099,21993.0,0.11105,50.0,0.11106,37700.0
1753617492965,11:58:12.965,blofin,AEVO/USDT:USDT,0.11102,731.0,0.11099,21993.0,0.11105,50.0,0.11106,37700.0
1753617493467,11:58:13.467,blofin,AEVO/USDT:USDT,0.11102,2.0,0.11101,729.0,0.11104,46.0,0.11105,25987.0
1753617494201,11:58:14.201,blofin,AEVO/USDT:USDT,0.11102,731.0,0.11099,2183.0,0.11104,5.0,0.11105,46.0
1753617494876,11:58:14.876,blofin,AEVO/USDT:USDT,0.11102,2.0,0.111,729.0,0.11104,51.0,0.11108,3534.0
1753617495203,11:58:15.203,blofin,AEVO/USDT:USDT,0.11097,2195.0,0.11096,27238.0,0.11102,2194.0,0.11103,43974.0
1753617496473,11:58:16.473,blofin,AEVO/USDT:USDT,0.11097,3.0,0.11096,383.0,0.11101,1511.0,0.11102,20175.0
1753617496975,11:58:16.975,blofin,AEVO/USDT:USDT,0.11097,3.0,0.11096,383.0,0.11101,1512.0,0.11102,20173.0
1753617497716,11:58:17.716,blofin,AEVO/USDT:USDT,0.11097,3.0,0.11096,383.0,0.111,1511.0,0.11101,18756.0
1753617498207,11:58:18.207,blofin,AEVO/USDT:USDT,0.11097,3.0,0.11096,383.0,0.111,797.0,0.11101,17486.0
1753617499482,11:58:19.482,blofin,AEVO/USDT:USDT,0.11097,383.0,0.11096,4.0,0.11101,798.0,0.11105,29405.0
1753617500210,11:58:20.210,blofin,AEVO/USDT:USDT,0.11097,386.0,0.11095,3865.0,0.11101,798.0,0.11105,18477.0
1753617500483,11:58:20.483,blofin,AEVO/USDT:USDT,0.11097,386.0,0.11095,3865.0,0.11101,799.0,0.11105,18477.0
1753617501485,11:58:21.485,blofin,AEVO/USDT:USDT,0.11097,388.0,0.11095,46530.0,0.11101,1326.0,0.11105,27061.0
1753617502038,11:58:22.038,blofin,AEVO/USDT:USDT,0.11097,389.0,0.11095,4744.0,0.11101,1327.0,0.11105,3082.0
1753617502486,11:58:22.486,blofin,AEVO/USDT:USDT,0.11097,1.0,0.11096,387.0,0.111,679.0,0.11101,7405.0
1753617503316,11:58:23.316,blofin,AEVO/USDT:USDT,0.11097,384.0,0.11096,3.0,0.111,1502.0,0.11101,5.0
1753617503868,11:58:23.868,blofin,AEVO/USDT:USDT,0.11096,3.0,0.11095,5625.0,0.11098,1.0,0.11099,44015.0
1753617504494,11:58:24.494,blofin,AEVO/USDT:USDT,0.11095,4748.0,0.11094,442.0,0.11098,1394.0,0.111,46959.0
1753617504991,11:58:24.991,blofin,AEVO/USDT:USDT,0.11095,4748.0,0.11094,442.0,0.11098,1399.0,0.111,46957.0
1753617505492,11:58:25.492,blofin,AEVO/USDT:USDT,0.11095,4747.0,0.11094,1.0,0.11097,3469.0,0.11098,74112.0
1753617506212,11:58:26.212,blofin,AEVO/USDT:USDT,0.11095,4744.0,0.11094,5.0,0.11097,3467.0,0.11098,74112.0
1753617506994,11:58:26.994,blofin,AEVO/USDT:USDT,0.11095,4750.0,0.11093,4567.0,0.11098,2249.0,0.11101,5.0
1753617507494,11:58:27.494,blofin,AEVO/USDT:USDT,0.11095,4749.0,0.11094,1.0,0.11097,2246.0,0.11098,36937.0
1753617508214,11:58:28.214,blofin,AEVO/USDT:USDT,0.11095,4750.0,0.11093,4567.0,0.11098,2249.0,0.11099,56255.0
1753617508495,11:58:28.495,blofin,AEVO/USDT:USDT,0.11095,4750.0,0.11093,4567.0,0.11098,2247.0,0.11099,56255.0
1753617509214,11:58:29.214,blofin,AEVO/USDT:USDT,0.11095,4750.0,0.11093,4567.0,0.11097,2246.0,0.11098,1.0
1753617509997,11:58:29.997,blofin,AEVO/USDT:USDT,0.11095,4748.0,0.11093,4567.0,0.11097,2247.0,0.11101,74952.0
1753617510499,11:58:30.499,blofin,AEVO/USDT:USDT,0.11095,4744.0,0.11094,4.0,0.11097,2247.0,0.11098,31614.0
1753617511219,11:58:31.219,blofin,AEVO/USDT:USDT,0.11095,4744.0,0.11094,3.0,0.11097,2249.0,0.11098,31614.0
1753617511617,11:58:31.617,blofin,AEVO/USDT:USDT,0.11096,1794.0,0.11095,4744.0,0.11099,662.0,0.111,17830.0
1753617512501,11:58:32.501,blofin,AEVO/USDT:USDT,0.11096,5.0,0.11095,6538.0,0.11099,6508.0,0.111,9499.0
1753617513217,11:58:33.217,blofin,AEVO/USDT:USDT,0.11096,5.0,0.11095,4745.0,0.11099,1512.0,0.111,2326.0
1753617513789,11:58:33.789,blofin,AEVO/USDT:USDT,0.11096,5.0,0.11095,4745.0,0.11098,1511.0,0.11099,18376.0
1753617514218,11:58:34.218,blofin,AEVO/USDT:USDT,0.11095,4750.0,0.11093,4567.0,0.11099,780.0,0.111,2326.0
1753617515005,11:58:35.005,blofin,AEVO/USDT:USDT,0.11095,4750.0,0.11093,4567.0,0.11097,1299.0,0.11099,2.0
1753617515507,11:58:35.507,blofin,AEVO/USDT:USDT,0.11095,4749.0,0.11094,3.0,0.11097,525.0,0.11098,38930.0
1753617516224,11:58:36.224,blofin,AEVO/USDT:USDT,0.11095,4749.0,0.11094,3.0,0.11097,526.0,0.11098,32273.0
1753617516509,11:58:36.509,blofin,AEVO/USDT:USDT,0.11095,4744.0,0.11094,4.0,0.11097,524.0,0.11098,32273.0
1753617517010,11:58:37.010,blofin,AEVO/USDT:USDT,0.11095,4744.0,0.11094,4.0,0.11097,524.0,0.11098,32273.0
1753617517526,11:58:37.526,blofin,AEVO/USDT:USDT,0.11095,4749.0,0.11093,4567.0,0.11097,522.0,0.11098,13381.0
1753617518219,11:58:38.219,blofin,AEVO/USDT:USDT,0.11095,4749.0,0.11093,4567.0,0.11098,2.0,0.11099,2999.0
1753617518512,11:58:38.512,blofin,AEVO/USDT:USDT,0.11095,4751.0,0.11093,4567.0,0.11098,2.0,0.11099,2999.0
1753617519221,11:58:39.221,blofin,AEVO/USDT:USDT,0.11095,4751.0,0.11093,19640.0,0.11098,1511.0,0.11099,28911.0
1753617519513,11:58:39.513,blofin,AEVO/USDT:USDT,0.11095,4749.0,0.11093,19640.0,0.11098,1511.0,0.11099,28911.0
1753617520221,11:58:40.221,blofin,AEVO/USDT:USDT,0.11095,4748.0,0.11093,4567.0,0.11099,4510.0,0.111,2881.0
1753617521016,11:58:41.016,blofin,AEVO/USDT:USDT,0.11095,4748.0,0.11093,4567.0,0.11099,4510.0,0.111,2881.0
1753617521515,11:58:41.515,blofin,AEVO/USDT:USDT,0.11095,4752.0,0.11094,10166.0,0.11098,1511.0,0.11099,5.0
1753617522016,11:58:42.016,blofin,AEVO/USDT:USDT,0.11095,4752.0,0.11094,10166.0,0.11098,1512.0,0.11101,5.0
1753617522516,11:58:42.516,blofin,AEVO/USDT:USDT,0.11095,4752.0,0.11094,34569.0,0.11098,25796.0,0.111,2329.0
1753617523223,11:58:43.223,blofin,AEVO/USDT:USDT,0.11095,4749.0,0.11093,4567.0,0.11098,25796.0,0.111,2633.0
1753617524524,11:58:44.524,blofin,AEVO/USDT:USDT,0.11095,4750.0,0.11094,37283.0,0.11098,25796.0,0.11101,30692.0
1753617525021,11:58:45.021,blofin,AEVO/USDT:USDT,0.11095,4750.0,0.11094,37283.0,0.11098,25800.0,0.11101,30692.0
1753617525521,11:58:45.521,blofin,AEVO/USDT:USDT,0.11095,4750.0,0.11093,4567.0,0.11098,25800.0,0.11101,5.0
1753617526022,11:58:46.022,blofin,AEVO/USDT:USDT,0.11095,4750.0,0.11093,4567.0,0.11098,25800.0,0.11101,5.0
1753617526523,11:58:46.523,blofin,AEVO/USDT:USDT,0.11095,4751.0,0.11094,28935.0,0.11098,25797.0,0.11101,3345.0
1753617527228,11:58:47.228,blofin,AEVO/USDT:USDT,0.11095,4748.0,0.11094,3.0,0.11097,25795.0,0.11098,49750.0
1753617527526,11:58:47.526,blofin,AEVO/USDT:USDT,0.11095,4748.0,0.11094,3.0,0.11097,25797.0,0.11098,49748.0
1753617528525,11:58:48.525,blofin,AEVO/USDT:USDT,0.11095,4744.0,0.11094,4.0,0.11097,25797.0,0.11098,33849.0
1753617529026,11:58:49.026,blofin,AEVO/USDT:USDT,0.11095,4744.0,0.11094,7.0,0.11097,25797.0,0.11098,33849.0
1753617529527,11:58:49.527,blofin,AEVO/USDT:USDT,0.11095,4744.0,0.11094,7.0,0.11097,25797.0,0.11098,19995.0
1753617530528,11:58:50.528,blofin,AEVO/USDT:USDT,0.11095,4744.0,0.11094,6.0,0.11097,25797.0,0.11098,37319.0
1753617531246,11:58:51.246,blofin,AEVO/USDT:USDT,0.11094,10.0,0.1109,12769.0,0.11097,25801.0,0.11098,37319.0
1753617531529,11:58:51.529,blofin,AEVO/USDT:USDT,0.11095,3.0,0.11094,26415.0,0.11097,1.0,0.11098,25796.0
1753617532233,11:58:52.233,blofin,AEVO/USDT:USDT,0.11095,4.0,0.11094,4.0,0.11097,1.0,0.11098,25796.0
1753617532530,11:58:52.530,blofin,AEVO/USDT:USDT,0.11095,4.0,0.11094,4.0,0.11097,1.0,0.11098,25797.0
1753617533533,11:58:53.533,blofin,AEVO/USDT:USDT,0.11095,7.0,0.11094,4.0,0.11097,1.0,0.11098,25796.0
1753617534032,11:58:54.032,blofin,AEVO/USDT:USDT,0.11095,4.0,0.11094,4.0,0.11097,1.0,0.11098,25796.0
1753617534533,11:58:54.533,blofin,AEVO/USDT:USDT,0.11095,4.0,0.11094,4.0,0.11097,25797.0,0.11099,64213.0
1753617535236,11:58:55.236,blofin,AEVO/USDT:USDT,0.11095,4.0,0.11094,4.0,0.11097,25797.0,0.11098,27108.0
1753617535536,11:58:55.536,blofin,AEVO/USDT:USDT,0.11095,7.0,0.11094,4.0,0.11097,25797.0,0.11098,27108.0
1753617536535,11:58:56.535,blofin,AEVO/USDT:USDT,0.11095,8.0,0.11094,4.0,0.11097,25797.0,0.11101,1188.0
1753617537035,11:58:57.035,blofin,AEVO/USDT:USDT,0.11095,6.0,0.11094,4.0,0.11097,25797.0,0.11101,1188.0
1753617537236,11:58:57.236,blofin,AEVO/USDT:USDT,0.11095,3.0,0.11094,7.0,0.11097,25797.0,0.11098,56866.0
1753617537537,11:58:57.537,blofin,AEVO/USDT:USDT,0.11095,3.0,0.11094,7.0,0.11097,25801.0,0.11098,56866.0
1753617538237,11:58:58.237,blofin,AEVO/USDT:USDT,0.11095,3.0,0.11094,8.0,0.11097,6.0,0.11098,25813.0
1753617538541,11:58:58.541,blofin,AEVO/USDT:USDT,0.11095,7.0,0.11094,4.0,0.11097,6.0,0.11098,25813.0
1753617539238,11:58:59.238,blofin,AEVO/USDT:USDT,0.11095,7.0,0.11094,4.0,0.11097,6.0,0.11098,25813.0
1753617540044,11:59:00.044,blofin,AEVO/USDT:USDT,0.11095,5.0,0.11094,4.0,0.11097,6.0,0.11098,25813.0
1753617540510,11:59:00.510,blofin,AEVO/USDT:USDT,0.11099,1319.0,0.11096,28651.0,0.11101,1188.0,0.11102,7556.0
1753617541241,11:59:01.241,blofin,AEVO/USDT:USDT,0.11099,1322.0,0.11097,723.0,0.11102,7556.0,0.11103,7820.0
1753617541543,11:59:01.543,blofin,AEVO/USDT:USDT,0.11099,2022.0,0.11098,27471.0,0.11102,7556.0,0.11103,7820.0
1753617542243,11:59:02.243,blofin,AEVO/USDT:USDT,0.11099,3.0,0.11098,2064.0,0.11102,7556.0,0.11103,7820.0
1753617542746,11:59:02.746,blofin,AEVO/USDT:USDT,0.11099,2067.0,0.11095,30835.0,0.11102,7556.0,0.11103,7820.0
1753617543558,11:59:03.558,blofin,AEVO/USDT:USDT,0.11099,2065.0,0.11098,2233.0,0.11102,7556.0,0.11103,7820.0
1753617544061,11:59:04.061,blofin,AEVO/USDT:USDT,0.11099,1.0,0.11098,3926.0,0.11102,7556.0,0.11103,7820.0
1753617544561,11:59:04.561,blofin,AEVO/USDT:USDT,0.11099,7469.0,0.11098,1862.0,0.11102,7556.0,0.11103,7820.0
1753617545243,11:59:05.243,blofin,AEVO/USDT:USDT,0.11099,3.0,0.11098,2669.0,0.11102,1.0,0.11103,51732.0
1753617545516,11:59:05.516,blofin,AEVO/USDT:USDT,0.11099,1042.0,0.11098,1862.0,0.11103,7820.0,0.11104,109.0
1753617546428,11:59:06.428,blofin,AEVO/USDT:USDT,0.11097,882.0,0.11096,3391.0,0.111,4.0,0.11102,1552.0
1753617547065,11:59:07.065,blofin,AEVO/USDT:USDT,0.11097,1049.0,0.11094,4.0,0.11102,2348.0,0.11103,7820.0
1753617547625,11:59:07.625,blofin,AEVO/USDT:USDT,0.11097,1043.0,0.11095,8201.0,0.11101,1.0,0.11102,43845.0
1753617548036,11:59:08.036,blofin,AEVO/USDT:USDT,0.11097,2.0,0.11096,1037.0,0.11102,3.0,0.11103,44498.0
1753617548568,11:59:08.568,blofin,AEVO/USDT:USDT,0.11097,1037.0,0.11094,4.0,0.11102,2349.0,0.11103,7820.0
1753617549245,11:59:09.245,blofin,AEVO/USDT:USDT,0.11097,1029.0,0.11095,23243.0,0.11101,49.0,0.11102,616.0
1753617549571,11:59:09.571,blofin,AEVO/USDT:USDT,0.11097,1029.0,0.11095,23243.0,0.11101,51.0,0.11102,612.0
1753617550573,11:59:10.573,blofin,AEVO/USDT:USDT,0.11097,1541.0,0.11094,9309.0,0.11101,3.0,0.11102,49.0
1753617551073,11:59:11.073,blofin,AEVO/USDT:USDT,0.11097,1541.0,0.11094,9309.0,0.11102,51.0,0.11103,15761.0
1753617551655,11:59:11.655,blofin,AEVO/USDT:USDT,0.11097,1570.0,0.11094,58666.0,0.11101,51.0,0.11102,25253.0
1753617552251,11:59:12.251,blofin,AEVO/USDT:USDT,0.11098,685.0,0.11097,2.0,0.11101,2.0,0.11102,49.0
1753617552938,11:59:12.938,blofin,AEVO/USDT:USDT,0.11098,683.0,0.11097,30068.0,0.11102,4.0,0.11103,7869.0
1753617553397,11:59:13.397,blofin,AEVO/USDT:USDT,0.11098,514.0,0.11097,2.0,0.11102,2.0,0.11103,9624.0
1753617554078,11:59:14.078,blofin,AEVO/USDT:USDT,0.11098,514.0,0.11097,2.0,0.11102,4.0,0.11103,9624.0
1753617554576,11:59:14.576,blofin,AEVO/USDT:USDT,0.11098,726.0,0.11097,2.0,0.11102,4.0,0.11103,24660.0
1753617555249,11:59:15.249,blofin,AEVO/USDT:USDT,0.11099,45.0,0.11098,4.0,0.11102,3.0,0.11103,7821.0
1753617555578,11:59:15.578,blofin,AEVO/USDT:USDT,0.11099,3.0,0.11098,16216.0,0.11102,3.0,0.11103,7820.0
1753617556215,11:59:16.215,blofin,AEVO/USDT:USDT,0.11099,2.0,0.11098,512.0,0.11102,6.0,0.11103,68945.0
1753617556581,11:59:16.581,blofin,AEVO/USDT:USDT,0.11098,525.0,0.11094,4.0,0.11102,1.0,0.11103,7821.0
1753617557580,11:59:17.580,blofin,AEVO/USDT:USDT,0.11098,162.0,0.11096,21337.0,0.11103,7823.0,0.11104,34874.0
1753617558069,11:59:18.069,blofin,AEVO/USDT:USDT,0.11099,892.0,0.11098,2.0,0.11103,7821.0,0.11105,2.0
1753617558807,11:59:18.807,blofin,AEVO/USDT:USDT,0.11099,1566.0,0.11095,4168.0,0.11103,7820.0,0.11105,4.0
1753617559262,11:59:19.262,blofin,AEVO/USDT:USDT,0.111,1914.0,0.11095,32606.0,0.11103,7820.0,0.11105,66.0
1753617560586,11:59:20.586,blofin,AEVO/USDT:USDT,0.111,1914.0,0.11096,1270.0,0.11103,7820.0,0.11104,63.0
1753617561087,11:59:21.087,blofin,AEVO/USDT:USDT,0.111,1914.0,0.11095,7866.0,0.11103,7820.0,0.11104,63.0
1753617561587,11:59:21.587,blofin,AEVO/USDT:USDT,0.111,5.0,0.11099,1914.0,0.11104,68.0,0.11105,2789.0
1753617562255,11:59:22.255,blofin,AEVO/USDT:USDT,0.111,2122.0,0.11098,14007.0,0.11104,1443.0,0.11107,16833.0
1753617562774,11:59:22.774,blofin,AEVO/USDT:USDT,0.111,2122.0,0.11097,1018.0,0.11104,718.0,0.11108,29626.0
1753617563257,11:59:23.257,blofin,AEVO/USDT:USDT,0.11101,1.0,0.111,5.0,0.11104,69.0,0.11105,48680.0
1753617563589,11:59:23.589,blofin,AEVO/USDT:USDT,0.11101,6.0,0.111,4.0,0.11104,69.0,0.11105,48680.0
1753617564589,11:59:24.589,blofin,AEVO/USDT:USDT,0.11101,6.0,0.111,4.0,0.11104,4.0,0.11105,68.0
1753617565090,11:59:25.090,blofin,AEVO/USDT:USDT,0.11101,6.0,0.111,4.0,0.11104,4.0,0.11105,68.0
1753617565591,11:59:25.591,blofin,AEVO/USDT:USDT,0.11101,6.0,0.111,4.0,0.11104,4.0,0.11105,68.0
1753617566262,11:59:26.262,blofin,AEVO/USDT:USDT,0.11101,6.0,0.111,4.0,0.11104,4.0,0.11105,67.0
1753617566592,11:59:26.592,blofin,AEVO/USDT:USDT,0.11101,6.0,0.111,4.0,0.11103,68.0,0.11104,4.0
1753617567261,11:59:27.261,blofin,AEVO/USDT:USDT,0.11101,6.0,0.111,7010.0,0.11103,1243.0,0.11104,8042.0
1753617567705,11:59:27.705,blofin,AEVO/USDT:USDT,0.11101,6.0,0.111,4.0,0.11103,3.0,0.11104,4.0
1753617568566,11:59:28.566,blofin,AEVO/USDT:USDT,0.11106,1.0,0.11105,9592.0,0.11111,2.0,0.11112,1728.0
1753617569155,11:59:29.155,blofin,AEVO/USDT:USDT,0.11105,529.0,0.11103,14885.0,0.1111,3.0,0.11111,529.0
1753617569597,11:59:29.597,blofin,AEVO/USDT:USDT,0.11103,1186.0,0.11101,4.0,0.11108,713.0,0.11109,4151.0
1753617570730,11:59:30.730,blofin,AEVO/USDT:USDT,0.11105,1714.0,0.11101,23953.0,0.11108,5.0,0.11112,1729.0
1753617571263,11:59:31.263,blofin,AEVO/USDT:USDT,0.11105,1719.0,0.11101,23949.0,0.11112,1732.0,0.11116,9646.0
1753617572101,11:59:32.101,blofin,AEVO/USDT:USDT,0.11105,532.0,0.11102,17082.0,0.11112,2260.0,0.11114,5417.0
1753617572600,11:59:32.600,blofin,AEVO/USDT:USDT,0.11105,3.0,0.11104,529.0,0.11111,532.0,0.11112,70117.0
1753617573264,11:59:33.264,blofin,AEVO/USDT:USDT,0.11108,4.0,0.11105,2500.0,0.11111,3.0,0.11112,2257.0
1753617573602,11:59:33.602,blofin,AEVO/USDT:USDT,0.11108,4.0,0.11105,2500.0,0.11112,2261.0,0.11114,17475.0
1753617574272,11:59:34.272,blofin,AEVO/USDT:USDT,0.11108,1.0,0.11107,162.0,0.11111,797.0,0.11112,50864.0
1753617575105,11:59:35.105,blofin,AEVO/USDT:USDT,0.11108,1.0,0.11107,162.0,0.11111,801.0,0.11112,50860.0
1753617575605,11:59:35.605,blofin,AEVO/USDT:USDT,0.11108,164.0,0.11104,11935.0,0.11111,4.0,0.11112,2525.0
1753617576107,11:59:36.107,blofin,AEVO/USDT:USDT,0.11108,164.0,0.11104,11935.0,0.11111,4.0,0.11112,2525.0
1753617576607,11:59:36.607,blofin,AEVO/USDT:USDT,0.11108,165.0,0.11106,30591.0,0.11111,800.0,0.11112,19012.0
1753617578315,11:59:38.315,blofin,AEVO/USDT:USDT,0.11108,1857.0,0.11104,35290.0,0.11111,2.0,0.11112,3108.0
1753617578630,11:59:38.630,blofin,AEVO/USDT:USDT,0.11108,1857.0,0.11104,35290.0,0.11112,3109.0,0.11115,59376.0
1753617579280,11:59:39.280,blofin,AEVO/USDT:USDT,0.11108,1857.0,0.11107,14099.0,0.11112,3109.0,0.11115,12524.0
1753617579631,11:59:39.631,blofin,AEVO/USDT:USDT,0.11108,1857.0,0.11107,14099.0,0.11112,3112.0,0.11115,12524.0
1753617580283,11:59:40.283,blofin,AEVO/USDT:USDT,0.11108,1857.0,0.11103,13862.0,0.11111,42.0,0.11112,4643.0
1753617580632,11:59:40.632,blofin,AEVO/USDT:USDT,0.11108,1857.0,0.11103,13862.0,0.11111,44.0,0.11112,4642.0
1753617581281,11:59:41.281,blofin,AEVO/USDT:USDT,0.11108,1859.0,0.11103,13862.0,0.11111,44.0,0.11112,4642.0
1753617581637,11:59:41.637,blofin,AEVO/USDT:USDT,0.11108,1859.0,0.11103,13395.0,0.11111,44.0,0.11112,16822.0
1753617582284,11:59:42.284,blofin,AEVO/USDT:USDT,0.11108,1859.0,0.11106,17271.0,0.11111,5.0,0.11112,2567.0
1753617582636,11:59:42.636,blofin,AEVO/USDT:USDT,0.11108,1859.0,0.11106,17271.0,0.11112,2571.0,0.11116,45619.0
1753617583282,11:59:43.282,blofin,AEVO/USDT:USDT,0.11108,1859.0,0.11107,15038.0,0.11112,3100.0,0.11113,17704.0
1753617584138,11:59:44.138,blofin,AEVO/USDT:USDT,0.11108,5.0,0.11106,1854.0,0.11111,1371.0,0.11112,51187.0
1753617584379,11:59:44.379,blofin,AEVO/USDT:USDT,0.11108,5.0,0.11107,8.0,0.11111,1372.0,0.11112,1728.0
1753617584639,11:59:44.639,blofin,AEVO/USDT:USDT,0.11107,11.0,0.11103,56679.0,0.11111,1372.0,0.11112,1728.0
1753617585284,11:59:45.284,blofin,AEVO/USDT:USDT,0.11107,538.0,0.11103,21411.0,0.11111,1514.0,0.11112,1728.0
1753617585649,11:59:45.649,blofin,AEVO/USDT:USDT,0.11107,539.0,0.11103,21411.0,0.11111,1514.0,0.11112,1728.0
1753617586642,11:59:46.642,blofin,AEVO/USDT:USDT,0.11107,542.0,0.11105,594.0,0.11111,1994.0,0.11112,1728.0
1753617587284,11:59:47.284,blofin,AEVO/USDT:USDT,0.11107,539.0,0.11106,22388.0,0.1111,1991.0,0.11111,46300.0
1753617587644,11:59:47.644,blofin,AEVO/USDT:USDT,0.11107,539.0,0.11106,22388.0,0.1111,1991.0,0.11111,46300.0
1753617588286,11:59:48.286,blofin,AEVO/USDT:USDT,0.11107,10.0,0.11104,3003.0,0.11111,1231.0,0.11112,1728.0
1753617588646,11:59:48.646,blofin,AEVO/USDT:USDT,0.11107,10.0,0.11104,3003.0,0.11111,1233.0,0.11112,1728.0
1753617589286,11:59:49.286,blofin,AEVO/USDT:USDT,0.11107,2.0,0.11106,537.0,0.1111,1228.0,0.11111,5214.0
1753617589915,11:59:49.915,blofin,AEVO/USDT:USDT,0.11112,658.0,0.11109,27450.0,0.11116,4894.0,0.11118,1.0
1753617590648,11:59:50.648,blofin,AEVO/USDT:USDT,0.11105,1.0,0.11104,35009.0,0.11109,530.0,0.1111,31786.0
1753617591299,11:59:51.299,blofin,AEVO/USDT:USDT,0.11105,6.0,0.11103,973.0,0.11109,722.0,0.11111,32580.0
1753617592288,11:59:52.288,blofin,AEVO/USDT:USDT,0.11105,9.0,0.11103,18070.0,0.11108,4.0,0.11109,1513.0
1753617592649,11:59:52.649,blofin,AEVO/USDT:USDT,0.11105,9.0,0.11103,18070.0,0.11109,1517.0,0.11112,4194.0
1753617593288,11:59:53.288,blofin,AEVO/USDT:USDT,0.11105,8.0,0.11104,1.0,0.11108,2042.0,0.11109,45157.0
1753617593650,11:59:53.650,blofin,AEVO/USDT:USDT,0.11105,5.0,0.11104,6.0,0.11108,2042.0,0.11109,45157.0
1753617594289,11:59:54.289,blofin,AEVO/USDT:USDT,0.11105,6.0,0.11104,5.0,0.11109,1515.0,0.1111,28332.0
1753617594651,11:59:54.651,blofin,AEVO/USDT:USDT,0.11105,7.0,0.111,20935.0,0.11109,1515.0,0.1111,28332.0
1753617595153,11:59:55.153,blofin,AEVO/USDT:USDT,0.11105,7.0,0.111,20935.0,0.11109,1515.0,0.1111,28332.0
1753617595654,11:59:55.654,blofin,AEVO/USDT:USDT,0.11105,5.0,0.11104,3.0,0.11108,1510.0,0.11109,10900.0
1753617596292,11:59:56.292,blofin,AEVO/USDT:USDT,0.11105,5.0,0.11104,2.0,0.11108,1514.0,0.11109,10898.0
1753617596654,11:59:56.654,blofin,AEVO/USDT:USDT,0.11105,5.0,0.11104,2.0,0.11108,1514.0,0.11109,5178.0
1753617597290,11:59:57.290,blofin,AEVO/USDT:USDT,0.11105,5.0,0.11104,2.0,0.11108,1513.0,0.11109,34084.0
1753617597657,11:59:57.657,blofin,AEVO/USDT:USDT,0.11105,5.0,0.11104,2.0,0.11108,1513.0,0.11109,34084.0
1753617598658,11:59:58.658,blofin,AEVO/USDT:USDT,0.11105,6.0,0.11104,1.0,0.11109,1516.0,0.11112,4194.0
1753617599160,11:59:59.160,blofin,AEVO/USDT:USDT,0.11105,6.0,0.11104,1.0,0.11109,1517.0,0.11112,4194.0
1753617599661,11:59:59.661,blofin,AEVO/USDT:USDT,0.11105,7.0,0.111,15054.0,0.11109,2049.0,0.11112,43886.0
1753617600294,12:00:00.294,blofin,AEVO/USDT:USDT,0.11105,6.0,0.11104,1.0,0.11108,2042.0,0.11109,25856.0
1753617601056,12:00:01.056,blofin,AEVO/USDT:USDT,0.11105,6.0,0.11103,1.0,0.11106,660.0,0.11107,38184.0
1753617601664,12:00:01.664,blofin,AEVO/USDT:USDT,0.111,3875.0,0.11099,5.0,0.11104,2015.0,0.11105,31361.0
1753617602164,12:00:02.164,blofin,AEVO/USDT:USDT,0.111,3875.0,0.11099,6.0,0.11103,2015.0,0.11104,27286.0
1753617602761,12:00:02.761,blofin,AEVO/USDT:USDT,0.11099,3.0,0.11098,240.0,0.11103,522.0,0.11104,74046.0
1753617602997,12:00:02.997,blofin,AEVO/USDT:USDT,0.11097,1431.0,0.11095,24110.0,0.111,521.0,0.11101,17706.0
1753617603572,12:00:03.572,blofin,AEVO/USDT:USDT,0.11097,4.0,0.11096,521.0,0.11102,521.0,0.11103,56664.0
1753617604169,12:00:04.169,blofin,AEVO/USDT:USDT,0.11097,985.0,0.11095,4536.0,0.11103,521.0,0.11105,2.0
1753617605289,12:00:05.289,blofin,AEVO/USDT:USDT,0.11097,2.0,0.11095,3184.0,0.11098,1280.0,0.11101,44711.0
1753617606067,12:00:06.067,blofin,AEVO/USDT:USDT,0.11095,3183.0,0.11093,1.0,0.11096,521.0,0.11097,34731.0
1753617606669,12:00:06.669,blofin,AEVO/USDT:USDT,0.11092,6079.0,0.11091,5.0,0.11095,70169.0,0.11096,7622.0
1753617607288,12:00:07.288,blofin,AEVO/USDT:USDT,0.11089,686.0,0.11087,4479.0,0.11091,45.0,0.11092,39256.0
1753617607876,12:00:07.876,blofin,AEVO/USDT:USDT,0.11088,729.0,0.11087,10433.0,0.11093,4.0,0.11094,521.0
1753617608425,12:00:08.425,blofin,AEVO/USDT:USDT,0.11088,695.0,0.11087,4484.0,0.11093,2094.0,0.11094,104625.0
1753617608674,12:00:08.674,blofin,AEVO/USDT:USDT,0.11088,697.0,0.11087,4479.0,0.11093,2094.0,0.11094,104625.0
1753617609301,12:00:09.301,blofin,AEVO/USDT:USDT,0.11088,700.0,0.11087,4479.0,0.11093,524.0,0.11098,94303.0
1753617610177,12:00:10.177,blofin,AEVO/USDT:USDT,0.11087,5178.0,0.11083,25821.0,0.11091,521.0,0.11092,91220.0
1753617610677,12:00:10.677,blofin,AEVO/USDT:USDT,0.11087,4946.0,0.11083,40197.0,0.11093,1381.0,0.11094,61987.0
1753617611305,12:00:11.305,blofin,AEVO/USDT:USDT,0.11087,4479.0,0.11086,467.0,0.11089,522.0,0.1109,97134.0
1753617611679,12:00:11.679,blofin,AEVO/USDT:USDT,0.11087,4481.0,0.11083,33843.0,0.11089,1.0,0.1109,68721.0
1753617612308,12:00:12.308,blofin,AEVO/USDT:USDT,0.11087,4481.0,0.11086,47436.0,0.11089,1.0,0.1109,69556.0
1753617612685,12:00:12.685,blofin,AEVO/USDT:USDT,0.11087,4481.0,0.11086,47436.0,0.11089,1.0,0.1109,69556.0
1753617613684,12:00:13.684,blofin,AEVO/USDT:USDT,0.11087,16560.0,0.11084,20837.0,0.1109,69561.0,0.11092,33715.0
1753617614184,12:00:14.184,blofin,AEVO/USDT:USDT,0.11087,16560.0,0.11084,20837.0,0.1109,69561.0,0.11092,33715.0
1753617614687,12:00:14.687,blofin,AEVO/USDT:USDT,0.11087,4479.0,0.11086,12081.0,0.11089,69556.0,0.1109,31610.0
1753617615308,12:00:15.308,blofin,AEVO/USDT:USDT,0.11087,16559.0,0.11086,1.0,0.11089,69557.0,0.11094,3244.0
1753617615687,12:00:15.687,blofin,AEVO/USDT:USDT,0.11087,16559.0,0.11086,1.0,0.11089,69560.0,0.11094,3244.0
1753617616313,12:00:16.313,blofin,AEVO/USDT:USDT,0.11087,16561.0,0.11084,582.0,0.11089,69561.0,0.11094,3244.0
1753617617188,12:00:17.188,blofin,AEVO/USDT:USDT,0.11087,4479.0,0.11086,12084.0,0.11089,69561.0,0.1109,23262.0
1753617617689,12:00:17.689,blofin,AEVO/USDT:USDT,0.11087,16560.0,0.11086,21049.0,0.11089,69561.0,0.1109,53436.0
1753617618312,12:00:18.312,blofin,AEVO/USDT:USDT,0.11087,4482.0,0.11086,12080.0,0.11089,69561.0,0.1109,23080.0
1753617619191,12:00:19.191,blofin,AEVO/USDT:USDT,0.11087,4479.0,0.11086,12084.0,0.11089,69561.0,0.1109,23080.0
1753617619692,12:00:19.692,blofin,AEVO/USDT:USDT,0.11087,4479.0,0.11086,12084.0,0.11089,69561.0,0.1109,50941.0
1753617620312,12:00:20.312,blofin,AEVO/USDT:USDT,0.11087,16559.0,0.11086,4.0,0.11089,69561.0,0.1109,27383.0
1753617620692,12:00:20.692,blofin,AEVO/USDT:USDT,0.11087,16559.0,0.11086,4.0,0.11089,69561.0,0.1109,27383.0
1753617621539,12:00:21.539,blofin,AEVO/USDT:USDT,0.11087,6.0,0.11086,12080.0,0.11089,69562.0,0.11092,11164.0
1753617622194,12:00:22.194,blofin,AEVO/USDT:USDT,0.11087,2.0,0.11086,12084.0,0.11089,69566.0,0.11092,11164.0
1753617623315,12:00:23.315,blofin,AEVO/USDT:USDT,0.11087,2.0,0.11086,528.0,0.11089,5.0,0.1109,69558.0
1753617623697,12:00:23.697,blofin,AEVO/USDT:USDT,0.11087,2.0,0.11086,528.0,0.11089,5.0,0.1109,69558.0
1753617624712,12:00:24.712,blofin,AEVO/USDT:USDT,0.11087,2.0,0.11086,530.0,0.11089,69564.0,0.1109,2.0
1753617625316,12:00:25.316,blofin,AEVO/USDT:USDT,0.11087,2.0,0.11086,4.0,0.11089,69564.0,0.1109,3159.0
1753617625699,12:00:25.699,blofin,AEVO/USDT:USDT,0.11087,2.0,0.11086,4.0,0.11089,69568.0,0.1109,3157.0
1753617626317,12:00:26.317,blofin,AEVO/USDT:USDT,0.11087,2.0,0.11085,527.0,0.11089,69566.0,0.1109,3157.0
1753617627702,12:00:27.702,blofin,AEVO/USDT:USDT,0.11087,2.0,0.11086,883.0,0.11089,7.0,0.1109,51717.0
1753617628318,12:00:28.318,blofin,AEVO/USDT:USDT,0.11087,2.0,0.11086,5.0,0.11089,5.0,0.1109,51744.0
1753617629057,12:00:29.057,blofin,AEVO/USDT:USDT,0.11087,2.0,0.11086,3.0,0.11088,51743.0,0.11089,5.0
1753617629760,12:00:29.760,blofin,AEVO/USDT:USDT,0.11081,1.0,0.11078,27380.0,0.11085,1497.0,0.11086,5.0
1753617630320,12:00:30.320,blofin,AEVO/USDT:USDT,0.11081,684.0,0.11076,26578.0,0.11084,973.0,0.11086,5.0
1753617630677,12:00:30.677,blofin,AEVO/USDT:USDT,0.11078,68.0,0.11075,5497.0,0.11081,1237.0,0.11082,37467.0
1753617631320,12:00:31.320,blofin,AEVO/USDT:USDT,0.11078,70.0,0.11075,5497.0,0.11081,1240.0,0.11082,37467.0
1753617632209,12:00:32.209,blofin,AEVO/USDT:USDT,0.11079,69.0,0.11077,24250.0,0.11082,977.0,0.11085,75527.0
1753617632322,12:00:32.322,blofin,AEVO/USDT:USDT,0.11079,1.0,0.11078,68.0,0.11081,973.0,0.11082,49609.0
1753617632750,12:00:32.750,blofin,AEVO/USDT:USDT,0.11077,68.0,0.11075,27134.0,0.11079,976.0,0.1108,78611.0
1753617633325,12:00:33.325,blofin,AEVO/USDT:USDT,0.11077,630.0,0.11075,11028.0,0.11079,3.0,0.1108,973.0
1753617633711,12:00:33.711,blofin,AEVO/USDT:USDT,0.11077,635.0,0.11075,11028.0,0.11079,3.0,0.1108,973.0
1753617634712,12:00:34.712,blofin,AEVO/USDT:USDT,0.11077,5.0,0.11076,630.0,0.11079,2663.0,0.11084,78438.0
1753617635212,12:00:35.212,blofin,AEVO/USDT:USDT,0.11077,5.0,0.11076,630.0,0.11079,2659.0,0.11084,78438.0
1753617635714,12:00:35.714,blofin,AEVO/USDT:USDT,0.11077,5.0,0.11076,30.0,0.11079,50898.0,0.11083,14811.0
1753617636327,12:00:36.327,blofin,AEVO/USDT:USDT,0.11076,33.0,0.11075,33104.0,0.11079,50902.0,0.11083,14811.0
1753617637326,12:00:37.326,blofin,AEVO/USDT:USDT,0.11076,1.0,0.11075,30.0,0.11078,50897.0,0.11079,27400.0
1753617637717,12:00:37.717,blofin,AEVO/USDT:USDT,0.11075,33.0,0.11074,8649.0,0.11078,50897.0,0.11079,27400.0
1753617638327,12:00:38.327,blofin,AEVO/USDT:USDT,0.11076,31.0,0.11075,44410.0,0.11079,51059.0,0.11082,23268.0
1753617639218,12:00:39.218,blofin,AEVO/USDT:USDT,0.11076,32.0,0.11075,44407.0,0.11079,51056.0,0.11082,23268.0
1753617639719,12:00:39.719,blofin,AEVO/USDT:USDT,0.11076,32.0,0.11075,21143.0,0.11079,52741.0,0.11082,28280.0
1753617640328,12:00:40.328,blofin,AEVO/USDT:USDT,0.11076,32.0,0.11074,94.0,0.11078,52739.0,0.11079,20843.0
1753617640721,12:00:40.721,blofin,AEVO/USDT:USDT,0.11076,32.0,0.11074,94.0,0.11078,52740.0,0.11079,20841.0
1753617641329,12:00:41.329,blofin,AEVO/USDT:USDT,0.11076,34.0,0.11074,94.0,0.11078,52744.0,0.11079,20841.0
1753617641722,12:00:41.722,blofin,AEVO/USDT:USDT,0.11076,34.0,0.11074,94.0,0.11078,52744.0,0.11079,25448.0
1753617642328,12:00:42.328,blofin,AEVO/USDT:USDT,0.11076,3.0,0.11075,31.0,0.11078,52744.0,0.11079,40206.0
1753617642723,12:00:42.723,blofin,AEVO/USDT:USDT,0.11076,3.0,0.11075,31.0,0.11078,52743.0,0.11079,40206.0
1753617644339,12:00:44.339,blofin,AEVO/USDT:USDT,0.11076,31.0,0.11075,5.0,0.11078,2.0,0.11079,52739.0
1753617644725,12:00:44.725,blofin,AEVO/USDT:USDT,0.11076,31.0,0.11075,5.0,0.11078,2.0,0.11079,52739.0
1753617645334,12:00:45.334,blofin,AEVO/USDT:USDT,0.11076,31.0,0.11075,5.0,0.11078,2.0,0.11079,52739.0
1753617646228,12:00:46.228,blofin,AEVO/USDT:USDT,0.11076,33.0,0.11074,94.0,0.11078,2.0,0.11079,52739.0
1753617646729,12:00:46.729,blofin,AEVO/USDT:USDT,0.11076,16611.0,0.11074,9314.0,0.11078,52739.0,0.11079,862.0
1753617647334,12:00:47.334,blofin,AEVO/USDT:USDT,0.11076,16611.0,0.11075,24963.0,0.11079,52742.0,0.11081,6000.0
1753617647729,12:00:47.729,blofin,AEVO/USDT:USDT,0.11076,16611.0,0.11075,24963.0,0.11079,52740.0,0.11081,6000.0
1753617648334,12:00:48.334,blofin,AEVO/USDT:USDT,0.11076,2.0,0.11075,16606.0,0.11078,52739.0,0.11079,2769.0
1753617648730,12:00:48.730,blofin,AEVO/USDT:USDT,0.11076,2.0,0.11075,16606.0,0.11078,52739.0,0.11079,2769.0
1753617649336,12:00:49.336,blofin,AEVO/USDT:USDT,0.11076,16607.0,0.11074,94.0,0.11078,55488.0,0.11079,35603.0
1753617649733,12:00:49.733,blofin,AEVO/USDT:USDT,0.11076,16607.0,0.11074,94.0,0.11078,55493.0,0.11079,35602.0
1753617650735,12:00:50.735,blofin,AEVO/USDT:USDT,0.11076,16608.0,0.11074,34353.0,0.11078,55493.0,0.11079,2641.0
1753617651347,12:00:51.347,blofin,AEVO/USDT:USDT,0.11076,16608.0,0.11075,14734.0,0.11078,5.0,0.11079,55488.0
1753617651736,12:00:51.736,blofin,AEVO/USDT:USDT,0.11076,16612.0,0.11075,14734.0,0.11078,5.0,0.11079,55488.0
1753617652317,12:00:52.317,blofin,AEVO/USDT:USDT,0.11076,7.0,0.11074,16605.0,0.11078,55491.0,0.11079,4112.0
1753617652736,12:00:52.736,blofin,AEVO/USDT:USDT,0.11074,16605.0,0.11073,3572.0,0.11076,55490.0,0.11077,23126.0
1753617653738,12:00:53.738,blofin,AEVO/USDT:USDT,0.11074,3.0,0.11073,3572.0,0.11076,51603.0,0.11078,7953.0
1753617654339,12:00:54.339,blofin,AEVO/USDT:USDT,0.11074,3.0,0.11073,3572.0,0.11076,2.0,0.11077,51601.0
1753617654813,12:00:54.813,blofin,AEVO/USDT:USDT,0.11077,541.0,0.11073,3572.0,0.11078,3.0,0.1108,51842.0
1753617655454,12:00:55.454,blofin,AEVO/USDT:USDT,0.11077,748.0,0.11073,3572.0,0.1108,1.0,0.11081,235.0
1753617656257,12:00:56.257,blofin,AEVO/USDT:USDT,0.11078,982.0,0.11075,21295.0,0.1108,2.0,0.11081,5286.0
1753617656744,12:00:56.744,blofin,AEVO/USDT:USDT,0.11078,1422.0,0.11073,67407.0,0.1108,2.0,0.11082,2231.0
1753617657247,12:00:57.247,blofin,AEVO/USDT:USDT,0.11078,1422.0,0.11073,67407.0,0.1108,5.0,0.11082,2231.0
1753617657342,12:00:57.342,blofin,AEVO/USDT:USDT,0.11078,1422.0,0.11076,11115.0,0.1108,4.0,0.11081,1.0
1753617657746,12:00:57.746,blofin,AEVO/USDT:USDT,0.11078,1422.0,0.11076,11115.0,0.1108,4.0,0.11081,1.0
1753617658747,12:00:58.747,blofin,AEVO/USDT:USDT,0.11077,545.0,0.11074,11824.0,0.11081,5.0,0.11082,2231.0
1753617659447,12:00:59.447,blofin,AEVO/USDT:USDT,0.11078,541.0,0.11077,5317.0,0.11081,5.0,0.11082,21305.0
1753617659748,12:00:59.748,blofin,AEVO/USDT:USDT,0.11078,541.0,0.11077,5317.0,0.11081,5.0,0.11082,21305.0
1753617660801,12:01:00.801,blofin,AEVO/USDT:USDT,0.1108,541.0,0.11078,1.0,0.11081,4.0,0.11082,2231.0
1753617661343,12:01:01.343,blofin,AEVO/USDT:USDT,0.1108,2306.0,0.11079,23317.0,0.11082,2231.0,0.11084,4.0
1753617661812,12:01:01.812,blofin,AEVO/USDT:USDT,0.1108,3.0,0.11079,531.0,0.11082,2231.0,0.11084,6.0
1753617663343,12:01:03.343,blofin,AEVO/USDT:USDT,0.1108,483.0,0.11077,15493.0,0.11082,2231.0,0.11084,1482.0
1753617664012,12:01:04.012,blofin,AEVO/USDT:USDT,0.11077,479.0,0.11076,6507.0,0.11081,2012.0,0.11082,45518.0
1753617664757,12:01:04.757,blofin,AEVO/USDT:USDT,0.11076,12.0,0.11074,4251.0,0.11081,576.0,0.11082,49698.0
1753617665344,12:01:05.344,blofin,AEVO/USDT:USDT,0.11076,16.0,0.11074,11006.0,0.11081,1342.0,0.11082,91941.0
1753617665761,12:01:05.761,blofin,AEVO/USDT:USDT,0.11076,16.0,0.11075,26651.0,0.1108,531.0,0.11081,9311.0
1753617666765,12:01:06.765,blofin,AEVO/USDT:USDT,0.11076,10.0,0.11073,22430.0,0.11079,131.0,0.1108,2.0
1753617667347,12:01:07.347,blofin,AEVO/USDT:USDT,0.11076,21.0,0.11073,3572.0,0.11079,1965.0,0.1108,2.0
1753617667762,12:01:07.762,blofin,AEVO/USDT:USDT,0.11076,21.0,0.11073,3572.0,0.11079,1967.0,0.11082,2231.0
1753617668764,12:01:08.764,blofin,AEVO/USDT:USDT,0.11076,19.0,0.11073,3572.0,0.11079,2.0,0.1108,1965.0
1753617669347,12:01:09.347,blofin,AEVO/USDT:USDT,0.11076,550.0,0.11075,3881.0,0.11079,2.0,0.11081,830.0
1753617669766,12:01:09.766,blofin,AEVO/USDT:USDT,0.11076,550.0,0.11075,3881.0,0.11081,831.0,0.11082,2231.0
1753617670768,12:01:10.768,blofin,AEVO/USDT:USDT,0.11078,549.0,0.11074,27359.0,0.11081,831.0,0.11082,67093.0
1753617671349,12:01:11.349,blofin,AEVO/USDT:USDT,0.11078,549.0,0.11074,27359.0,0.11081,834.0,0.11082,67093.0
1753617671769,12:01:11.769,blofin,AEVO/USDT:USDT,0.11077,485.0,0.11075,43492.0,0.11081,4.0,0.11082,3041.0
1753617672774,12:01:12.774,blofin,AEVO/USDT:USDT,0.11077,635.0,0.11073,3572.0,0.11081,98.0,0.11082,63726.0
1753617673350,12:01:13.350,blofin,AEVO/USDT:USDT,0.11077,635.0,0.11073,3572.0,0.11082,2333.0,0.11084,10369.0
1753617674351,12:01:14.351,blofin,AEVO/USDT:USDT,0.11077,1056.0,0.11075,2253.0,0.11082,2335.0,0.11083,29252.0
1753617675352,12:01:15.352,blofin,AEVO/USDT:USDT,0.11077,1056.0,0.11076,57642.0,0.11082,2330.0,0.11085,516.0
1753617675779,12:01:15.779,blofin,AEVO/USDT:USDT,0.11077,1056.0,0.11076,57642.0,0.11082,2333.0,0.11085,516.0
1753617676353,12:01:16.353,blofin,AEVO/USDT:USDT,0.11077,1059.0,0.11076,60422.0,0.11082,2333.0,0.11085,516.0
1753617676781,12:01:16.781,blofin,AEVO/USDT:USDT,0.11076,3431.0,0.11073,6928.0,0.11081,490.0,0.11082,66709.0
1753617677783,12:01:17.783,blofin,AEVO/USDT:USDT,0.11077,122.0,0.11076,2781.0,0.1108,1020.0,0.11081,65351.0
1753617678355,12:01:18.355,blofin,AEVO/USDT:USDT,0.11074,18.0,0.11073,24955.0,0.11077,1866.0,0.1108,45405.0
1753617678783,12:01:18.783,blofin,AEVO/USDT:USDT,0.11073,6928.0,0.11072,1163.0,0.11075,1866.0,0.11079,20972.0
1753617679446,12:01:19.446,blofin,AEVO/USDT:USDT,0.11073,6928.0,0.11072,1163.0,0.11075,1896.0,0.11076,45105.0
1753617680354,12:01:20.354,blofin,AEVO/USDT:USDT,0.11074,1.0,0.11073,8666.0,0.1108,549.0,0.11081,26855.0
1753617680968,12:01:20.968,blofin,AEVO/USDT:USDT,0.11074,1.0,0.11073,8666.0,0.11079,548.0,0.1108,39286.0
1753617681367,12:01:21.367,blofin,AEVO/USDT:USDT,0.11074,1.0,0.11073,5099.0,0.11079,553.0,0.1108,39286.0
1753617682293,12:01:22.293,blofin,AEVO/USDT:USDT,0.11073,1219.0,0.11069,41342.0,0.11079,765.0,0.1108,18221.0
1753617682791,12:01:22.791,blofin,AEVO/USDT:USDT,0.11073,1754.0,0.11071,9276.0,0.11079,765.0,0.1108,35697.0
1753617683357,12:01:23.357,blofin,AEVO/USDT:USDT,0.11074,1744.0,0.11073,50236.0,0.11079,762.0,0.1108,59996.0
1753617683796,12:01:23.796,blofin,AEVO/USDT:USDT,0.11074,1746.0,0.11073,5.0,0.11079,5.0,0.11081,757.0
1753617684539,12:01:24.539,blofin,AEVO/USDT:USDT,0.11074,2.0,0.11073,1020.0,0.11079,3655.0,0.1108,58035.0
1753617684798,12:01:24.798,blofin,AEVO/USDT:USDT,0.11074,1017.0,0.11073,5.0,0.11079,4.0,0.1108,4.0
1753617685798,12:01:25.798,blofin,AEVO/USDT:USDT,0.11074,1858.0,0.11073,5.0,0.11079,4.0,0.1108,4.0
1753617686366,12:01:26.366,blofin,AEVO/USDT:USDT,0.11064,1856.0,0.11062,64767.0,0.11067,3656.0,0.11068,75717.0
1753617687046,12:01:27.046,blofin,AEVO/USDT:USDT,0.11064,1267.0,0.11059,12874.0,0.11067,5.0,0.11069,263.0
1753617687654,12:01:27.654,blofin,AEVO/USDT:USDT,0.11071,1747.0,0.11068,25870.0,0.11073,659.0,0.11074,692.0
1753617688804,12:01:28.804,blofin,AEVO/USDT:USDT,0.11068,1592.0,0.11064,33240.0,0.11073,1160.0,0.11074,2610.0
1753617689369,12:01:29.369,blofin,AEVO/USDT:USDT,0.11069,2.0,0.11068,47762.0,0.11074,1690.0,0.11075,39224.0
1753617690370,12:01:30.370,blofin,AEVO/USDT:USDT,0.11068,1.0,0.11067,2.0,0.11071,1867.0,0.11072,68979.0
1753617690804,12:01:30.804,blofin,AEVO/USDT:USDT,0.11068,1.0,0.11067,2.0,0.11071,1867.0,0.11072,68979.0
1753617691567,12:01:31.567,blofin,AEVO/USDT:USDT,0.11073,393.0,0.11071,3606.0,0.11074,2913.0,0.11076,812.0
1753617693507,12:01:33.507,blofin,AEVO/USDT:USDT,0.11077,1118.0,0.11072,33301.0,0.11079,5.0,0.1108,1030.0
1753617693811,12:01:33.811,blofin,AEVO/USDT:USDT,0.11077,1118.0,0.11072,33301.0,0.11079,5.0,0.1108,1030.0
1753617694612,12:01:34.612,blofin,AEVO/USDT:USDT,0.11077,3.0,0.11075,2.0,0.11079,4.0,0.1108,4570.0
1753617695312,12:01:35.312,blofin,AEVO/USDT:USDT,0.11074,6.0,0.11073,55079.0,0.11078,2703.0,0.11079,20638.0
1753617695864,12:01:35.864,blofin,AEVO/USDT:USDT,0.11074,4.0,0.11072,3.0,0.11077,2080.0,0.11078,42008.0
1753617696378,12:01:36.378,blofin,AEVO/USDT:USDT,0.11072,4.0,0.1107,63387.0,0.11077,2083.0,0.11078,42008.0
1753617697056,12:01:37.056,blofin,AEVO/USDT:USDT,0.11072,8.0,0.11068,9969.0,0.11075,1390.0,0.11076,19825.0
1753617697375,12:01:37.375,blofin,AEVO/USDT:USDT,0.11071,51.0,0.11069,36286.0,0.11074,1200.0,0.11077,3.0
1753617698381,12:01:38.381,blofin,AEVO/USDT:USDT,0.11071,1.0,0.1107,46.0,0.11073,3286.0,0.11074,37200.0
1753617698975,12:01:38.975,blofin,AEVO/USDT:USDT,0.11079,2820.0,0.11075,40146.0,0.11082,8416.0,0.11083,43066.0
1753617699378,12:01:39.378,blofin,AEVO/USDT:USDT,0.11081,1585.0,0.1108,20787.0,0.11082,8415.0,0.11084,263.0
1753617699816,12:01:39.816,blofin,AEVO/USDT:USDT,0.11081,1588.0,0.1108,20786.0,0.11082,8415.0,0.11084,263.0
1753617700817,12:01:40.817,blofin,AEVO/USDT:USDT,0.11081,1587.0,0.11077,38036.0,0.11082,8415.0,0.11083,81.0
1753617701378,12:01:41.378,blofin,AEVO/USDT:USDT,0.11081,1590.0,0.11077,38036.0,0.11082,8415.0,0.11083,82.0
1753617701818,12:01:41.818,blofin,AEVO/USDT:USDT,0.11081,1587.0,0.11079,42278.0,0.11082,8415.0,0.11083,82.0
1753617702379,12:01:42.379,blofin,AEVO/USDT:USDT,0.11081,1587.0,0.1108,7747.0,0.11082,8415.0,0.11083,1.0
1753617703320,12:01:43.320,blofin,AEVO/USDT:USDT,0.11081,1587.0,0.1108,7747.0,0.11082,8415.0,0.11084,83.0
1753617703820,12:01:43.820,blofin,AEVO/USDT:USDT,0.11081,1587.0,0.11079,1510.0,0.11082,8415.0,0.11083,84.0
1753617704447,12:01:44.447,blofin,AEVO/USDT:USDT,0.11081,1589.0,0.11079,1510.0,0.11082,8415.0,0.11083,84.0
1753617704822,12:01:44.822,blofin,AEVO/USDT:USDT,0.11083,2823.0,0.11081,80597.0,0.11086,2483.0,0.11087,26048.0
1753617705646,12:01:45.646,blofin,AEVO/USDT:USDT,0.11083,5.0,0.11081,2.0,0.11084,540.0,0.11085,18911.0
1753617705824,12:01:45.824,blofin,AEVO/USDT:USDT,0.1108,1923.0,0.11079,2.0,0.11083,1184.0,0.11084,13591.0
1753617706826,12:01:46.826,blofin,AEVO/USDT:USDT,0.11079,6.0,0.11078,18787.0,0.11083,4.0,0.11084,1180.0
1753617707387,12:01:47.387,blofin,AEVO/USDT:USDT,0.11079,6.0,0.11076,35444.0,0.11083,823.0,0.11086,2462.0
1753617707829,12:01:47.829,blofin,AEVO/USDT:USDT,0.11079,7.0,0.11076,35444.0,0.11083,823.0,0.11086,2462.0
1753617708828,12:01:48.828,blofin,AEVO/USDT:USDT,0.11079,2.0,0.11075,4142.0,0.11083,4.0,0.11084,519.0
1753617709386,12:01:49.386,blofin,AEVO/USDT:USDT,0.11079,1.0,0.11078,1.0,0.11083,1999.0,0.11084,10870.0
1753617709961,12:01:49.961,blofin,AEVO/USDT:USDT,0.11079,5.0,0.11078,1.0,0.11083,519.0,0.11084,48447.0
1753617710759,12:01:50.759,blofin,AEVO/USDT:USDT,0.11079,8.0,0.11075,2987.0,0.11083,665.0,0.11086,24060.0
1753617711400,12:01:51.400,blofin,AEVO/USDT:USDT,0.11079,10.0,0.11077,41181.0,0.11084,668.0,0.11088,46600.0
1753617712389,12:01:52.389,blofin,AEVO/USDT:USDT,0.11079,9.0,0.11076,46395.0,0.11083,2053.0,0.11084,18853.0
1753617712834,12:01:52.834,blofin,AEVO/USDT:USDT,0.11079,9.0,0.11076,46395.0,0.11083,2053.0,0.11084,18853.0
1753617713610,12:01:53.610,blofin,AEVO/USDT:USDT,0.11079,6.0,0.11078,1.0,0.11082,2051.0,0.11083,2339.0
1753617714337,12:01:54.337,blofin,AEVO/USDT:USDT,0.1108,1.0,0.11079,47975.0,0.11084,540.0,0.11085,21993.0
1753617714857,12:01:54.857,blofin,AEVO/USDT:USDT,0.1108,1354.0,0.11079,6.0,0.11083,41.0,0.11084,8187.0
1753617715352,12:01:55.352,blofin,AEVO/USDT:USDT,0.11079,9.0,0.11075,29845.0,0.11083,2.0,0.11084,50.0
1753617715850,12:01:55.850,blofin,AEVO/USDT:USDT,0.1108,3.0,0.11079,2.0,0.11082,50.0,0.11083,11924.0
1753617716401,12:01:56.401,blofin,AEVO/USDT:USDT,0.11079,2.0,0.11078,4.0,0.11082,1937.0,0.11083,39177.0
1753617717225,12:01:57.225,blofin,AEVO/USDT:USDT,0.11079,5.0,0.11078,1.0,0.11081,1936.0,0.11082,46727.0
1753617717350,12:01:57.350,blofin,AEVO/USDT:USDT,0.11079,9.0,0.11076,54772.0,0.11081,1936.0,0.11082,46727.0
1753617717851,12:01:57.851,blofin,AEVO/USDT:USDT,0.11079,9.0,0.11076,5410.0,0.11082,9280.0,0.11083,45268.0
1753617718852,12:01:58.852,blofin,AEVO/USDT:USDT,0.11079,10.0,0.11076,26017.0,0.11082,9280.0,0.11083,27195.0
1753617719352,12:01:59.352,blofin,AEVO/USDT:USDT,0.11079,10.0,0.11076,26017.0,0.11082,9281.0,0.11083,27195.0
1753617719998,12:01:59.998,blofin,AEVO/USDT:USDT,0.11079,10.0,0.11075,311.0,0.11082,3.0,0.11083,9279.0
1753617720476,12:02:00.476,blofin,AEVO/USDT:USDT,0.11082,1922.0,0.1108,18431.0,0.11084,3837.0,0.11085,16755.0
1753617720853,12:02:00.853,blofin,AEVO/USDT:USDT,0.11081,1439.0,0.11079,7.0,0.11084,3.0,0.11086,536.0
1753617721638,12:02:01.638,blofin,AEVO/USDT:USDT,0.11081,2.0,0.1108,1439.0,0.11084,3.0,0.11085,9941.0
1753617722387,12:02:02.387,blofin,AEVO/USDT:USDT,0.1108,2.0,0.11079,2.0,0.11081,1244.0,0.11082,82014.0
1753617722857,12:02:02.857,blofin,AEVO/USDT:USDT,0.11079,2.0,0.11077,3818.0,0.1108,1244.0,0.11081,62959.0
1753617723359,12:02:03.359,blofin,AEVO/USDT:USDT,0.11079,2.0,0.11077,3818.0,0.1108,1249.0,0.11081,62959.0
1753617723861,12:02:03.861,blofin,AEVO/USDT:USDT,0.11079,2.0,0.11078,4.0,0.1108,5.0,0.11081,441.0
1753617724361,12:02:04.361,blofin,AEVO/USDT:USDT,0.11079,2.0,0.11078,4.0,0.11081,444.0,0.11084,3.0
1753617724861,12:02:04.861,blofin,AEVO/USDT:USDT,0.11079,2.0,0.11078,7.0,0.11081,2296.0,0.11084,3.0
1753617725862,12:02:05.862,blofin,AEVO/USDT:USDT,0.11079,2.0,0.11078,3.0,0.1108,2300.0,0.11081,18572.0
1753617726362,12:02:06.362,blofin,AEVO/USDT:USDT,0.11079,2.0,0.11078,3.0,0.1108,2300.0,0.11081,18572.0
1753617726865,12:02:06.865,blofin,AEVO/USDT:USDT,0.11079,2.0,0.11078,2.0,0.1108,2297.0,0.11081,6272.0
1753617727366,12:02:07.366,blofin,AEVO/USDT:USDT,0.11079,2.0,0.11078,2.0,0.1108,2297.0,0.11081,6272.0
1753617728193,12:02:08.193,blofin,AEVO/USDT:USDT,0.11079,4.0,0.11078,1645.0,0.1108,2.0,0.11084,532.0
1753617729367,12:02:09.367,blofin,AEVO/USDT:USDT,0.11079,2.0,0.11078,6.0,0.11081,1555.0,0.11084,3.0
1753617729871,12:02:09.871,blofin,AEVO/USDT:USDT,0.11079,2.0,0.11078,8.0,0.11081,1555.0,0.11084,3.0
1753617730866,12:02:10.866,blofin,AEVO/USDT:USDT,0.11078,4.0,0.11076,4.0,0.11079,2086.0,0.1108,8791.0
1753617731737,12:02:11.737,blofin,AEVO/USDT:USDT,0.11076,5.0,0.11075,311.0,0.11077,3.0,0.11081,1238.0
1753617732370,12:02:12.370,blofin,AEVO/USDT:USDT,0.11076,4.0,0.11075,317.0,0.11077,3.0,0.1108,1510.0
1753617732871,12:02:12.871,blofin,AEVO/USDT:USDT,0.11076,4.0,0.11075,311.0,0.11078,1516.0,0.11079,2632.0
1753617733371,12:02:13.371,blofin,AEVO/USDT:USDT,0.11075,311.0,0.11074,6.0,0.11078,1516.0,0.11079,2632.0
1753617733874,12:02:13.874,blofin,AEVO/USDT:USDT,0.11075,321.0,0.11073,25272.0,0.11078,1541.0,0.1108,33078.0
1753617734647,12:02:14.647,blofin,AEVO/USDT:USDT,0.11076,5.0,0.11075,316.0,0.11078,5.0,0.11079,2564.0
1753617735288,12:02:15.288,blofin,AEVO/USDT:USDT,0.11075,316.0,0.11074,3.0,0.11078,5.0,0.11079,2564.0
1753617735875,12:02:15.875,blofin,AEVO/USDT:USDT,0.11075,316.0,0.11074,3.0,0.11077,17740.0,0.11078,59485.0
1753617736376,12:02:16.376,blofin,AEVO/USDT:USDT,0.11075,316.0,0.11074,3.0,0.11077,17740.0,0.11078,59485.0
