timestamp,time,exchange,symbol,bid1_price,bid1_volume,bid2_price,bid2_volume,ask1_price,ask1_volume,ask2_price,ask2_volume
1753617156482,11:52:36.482,blofin,AERO/USDT:USDT,0.8972,5.0,0.8971,4114.0,0.8973,898.0,0.8974,4.0
1753617158483,11:52:38.483,blofin,AERO/USDT:USDT,0.8972,5.0,0.8971,4112.0,0.8973,1150.0,0.8974,4.0
1753617160482,11:52:40.482,blofin,AERO/USDT:USDT,0.8972,5.0,0.8971,4110.0,0.8973,1147.0,0.8974,4.0
1753617162484,11:52:42.484,blofin,AERO/USDT:USDT,0.8972,5.0,0.8971,4110.0,0.8973,1150.0,0.8974,4.0
1753617163484,11:52:43.484,blofin,AERO/USDT:USDT,0.8972,5.0,0.8971,4112.0,0.8973,922.0,0.8974,4.0
1753617164485,11:52:44.485,blofin,AERO/USDT:USDT,0.8972,5.0,0.8971,4112.0,0.8973,922.0,0.8974,4.0
1753617165486,11:52:45.486,blofin,AERO/USDT:USDT,0.8972,5.0,0.8971,4283.0,0.8973,922.0,0.8974,4.0
1753617166487,11:52:46.487,blofin,AERO/USDT:USDT,0.8972,5.0,0.8971,4283.0,0.8973,921.0,0.8974,4.0
1753617167488,11:52:47.488,blofin,AERO/USDT:USDT,0.8972,5.0,0.8971,4284.0,0.8973,921.0,0.8974,4.0
1753617168490,11:52:48.490,blofin,AERO/USDT:USDT,0.8972,5.0,0.8971,4284.0,0.8973,921.0,0.8974,4.0
1753617169553,11:52:49.553,blofin,AERO/USDT:USDT,0.8972,5.0,0.8971,4283.0,0.8973,922.0,0.8974,4.0
1753617170490,11:52:50.490,blofin,AERO/USDT:USDT,0.8972,5.0,0.8971,4283.0,0.8973,922.0,0.8974,4.0
1753617171495,11:52:51.495,blofin,AERO/USDT:USDT,0.8972,5.0,0.8971,4282.0,0.8973,922.0,0.8974,4.0
1753617172490,11:52:52.490,blofin,AERO/USDT:USDT,0.8972,5.0,0.8971,4402.0,0.8973,913.0,0.8974,4.0
1753617173492,11:52:53.492,blofin,AERO/USDT:USDT,0.8972,5.0,0.8971,4402.0,0.8973,913.0,0.8974,4.0
1753617174492,11:52:54.492,blofin,AERO/USDT:USDT,0.8972,5.0,0.8971,4288.0,0.8973,909.0,0.8974,4.0
1753617175494,11:52:55.494,blofin,AERO/USDT:USDT,0.8972,5.0,0.8971,4285.0,0.8973,909.0,0.8974,4.0
1753617176508,11:52:56.508,blofin,AERO/USDT:USDT,0.8971,4284.0,0.8968,7244.0,0.8973,911.0,0.8977,8867.0
1753617177495,11:52:57.495,blofin,AERO/USDT:USDT,0.8971,4283.0,0.8969,8902.0,0.8973,913.0,0.8976,5786.0
1753617179495,11:52:59.495,blofin,AERO/USDT:USDT,0.8971,4111.0,0.8965,2658.0,0.8973,1585.0,0.8979,421.0
1753617180497,11:53:00.497,blofin,AERO/USDT:USDT,0.8971,4110.0,0.8965,6082.0,0.8973,1699.0,0.8979,8650.0
1753617181496,11:53:01.496,blofin,AERO/USDT:USDT,0.8971,4114.0,0.8965,5565.0,0.8973,1702.0,0.8979,8229.0
1753617183586,11:53:03.586,blofin,AERO/USDT:USDT,0.8972,4509.0,0.8971,6.0,0.8973,4.0,0.8975,909.0
1753617183997,11:53:03.997,blofin,AERO/USDT:USDT,0.8978,1049.0,0.8971,7451.0,0.898,2134.0,0.8981,302.0
1753617184552,11:53:04.552,blofin,AERO/USDT:USDT,0.8977,419.0,0.8971,6.0,0.898,2692.0,0.8984,1760.0
1753617185378,11:53:05.378,blofin,AERO/USDT:USDT,0.8978,5402.0,0.8971,6.0,0.898,2686.0,0.8984,1760.0
1753617185550,11:53:05.550,blofin,AERO/USDT:USDT,0.8978,20.0,0.8971,6.0,0.898,2688.0,0.8984,1760.0
1753617186501,11:53:06.501,blofin,AERO/USDT:USDT,0.8978,25.0,0.8971,1.0,0.898,2691.0,0.8984,1760.0
1753617187501,11:53:07.501,blofin,AERO/USDT:USDT,0.8978,25.0,0.8972,5988.0,0.898,2691.0,0.8984,684.0
1753617188553,11:53:08.553,blofin,AERO/USDT:USDT,0.8978,21.0,0.8971,1.0,0.898,2691.0,0.8984,684.0
1753617189503,11:53:09.503,blofin,AERO/USDT:USDT,0.8978,21.0,0.8971,1.0,0.898,3414.0,0.8984,684.0
1753617190554,11:53:10.554,blofin,AERO/USDT:USDT,0.8978,24.0,0.8971,1.0,0.898,3424.0,0.8984,684.0
1753617191506,11:53:11.506,blofin,AERO/USDT:USDT,0.8978,21.0,0.8971,1.0,0.898,3424.0,0.8984,684.0
1753617192506,11:53:12.506,blofin,AERO/USDT:USDT,0.8978,69.0,0.8974,401.0,0.898,3424.0,0.8984,11077.0
1753617193506,11:53:13.506,blofin,AERO/USDT:USDT,0.8978,69.0,0.8971,236.0,0.898,3424.0,0.8984,684.0
1753617194506,11:53:14.506,blofin,AERO/USDT:USDT,0.8978,71.0,0.8971,236.0,0.898,3424.0,0.8984,684.0
1753617195509,11:53:15.509,blofin,AERO/USDT:USDT,0.8978,71.0,0.8971,236.0,0.898,3422.0,0.8984,684.0
1753617196510,11:53:16.510,blofin,AERO/USDT:USDT,0.8978,70.0,0.8971,1.0,0.898,3423.0,0.8984,684.0
1753617197513,11:53:17.513,blofin,AERO/USDT:USDT,0.8978,605.0,0.8971,1.0,0.898,2871.0,0.8984,684.0
1753617198513,11:53:18.513,blofin,AERO/USDT:USDT,0.8978,605.0,0.8971,1.0,0.898,2871.0,0.8984,684.0
1753617199510,11:53:19.510,blofin,AERO/USDT:USDT,0.8978,1003.0,0.8971,1.0,0.898,2871.0,0.8984,684.0
1753617200511,11:53:20.511,blofin,AERO/USDT:USDT,0.8978,67.0,0.8975,265.0,0.898,3408.0,0.8983,11188.0
1753617201512,11:53:21.512,blofin,AERO/USDT:USDT,0.8978,69.0,0.8975,265.0,0.898,3407.0,0.8983,11188.0
1753617202512,11:53:22.512,blofin,AERO/USDT:USDT,0.8978,69.0,0.8975,13317.0,0.898,2871.0,0.8983,6623.0
1753617203515,11:53:23.515,blofin,AERO/USDT:USDT,0.8978,69.0,0.8971,1.0,0.898,2871.0,0.8984,684.0
1753617205516,11:53:25.516,blofin,AERO/USDT:USDT,0.8978,89.0,0.8971,1.0,0.898,2948.0,0.8984,684.0
1753617206528,11:53:26.528,blofin,AERO/USDT:USDT,0.8978,92.0,0.897,191.0,0.898,817.0,0.8988,199.0
1753617207518,11:53:27.518,blofin,AERO/USDT:USDT,0.8978,631.0,0.8967,1244.0,0.898,819.0,0.8991,1512.0
1753617208027,11:53:28.027,blofin,AERO/USDT:USDT,0.8979,1431.0,0.8978,6.0,0.898,8.0,0.8981,811.0
1753617208517,11:53:28.517,blofin,AERO/USDT:USDT,0.8979,5581.0,0.8978,6.0,0.898,8.0,0.8981,9.0
1753617209518,11:53:29.518,blofin,AERO/USDT:USDT,0.8979,5705.0,0.8978,3.0,0.898,8.0,0.8981,9.0
1753617209927,11:53:29.927,blofin,AERO/USDT:USDT,0.8979,5705.0,0.8978,3.0,0.898,5.0,0.8981,3.0
1753617210236,11:53:30.236,blofin,AERO/USDT:USDT,0.8981,5612.0,0.8979,8496.0,0.8984,9.0,0.8987,8814.0
1753617210915,11:53:30.915,blofin,AERO/USDT:USDT,0.8982,5988.0,0.8979,4.0,0.8984,569.0,0.8991,1512.0
1753617211780,11:53:31.780,blofin,AERO/USDT:USDT,0.8982,424.0,0.8978,3.0,0.8984,5.0,0.8985,25.0
1753617212519,11:53:32.519,blofin,AERO/USDT:USDT,0.8983,4789.0,0.8982,5.0,0.8984,5.0,0.8985,11.0
1753617213523,11:53:33.523,blofin,AERO/USDT:USDT,0.8983,4675.0,0.8982,5.0,0.8985,15.0,0.8992,2562.0
1753617214524,11:53:34.524,blofin,AERO/USDT:USDT,0.8983,4790.0,0.8978,3.0,0.8985,15.0,0.8992,2562.0
1753617215578,11:53:35.578,blofin,AERO/USDT:USDT,0.8983,4790.0,0.8978,3.0,0.8985,12.0,0.8992,2562.0
1753617216524,11:53:36.524,blofin,AERO/USDT:USDT,0.8983,4793.0,0.8978,3.0,0.8985,13.0,0.8992,2562.0
1753617217522,11:53:37.522,blofin,AERO/USDT:USDT,0.8983,4799.0,0.8978,3.0,0.8985,13.0,0.8992,2562.0
1753617218136,11:53:38.136,blofin,AERO/USDT:USDT,0.8983,4683.0,0.8978,3.0,0.8985,2.0,0.8986,11.0
1753617218528,11:53:38.528,blofin,AERO/USDT:USDT,0.8984,1151.0,0.8983,2.0,0.8985,2.0,0.8986,25.0
1753617219523,11:53:39.523,blofin,AERO/USDT:USDT,0.8984,1151.0,0.8983,2.0,0.8986,28.0,0.8992,5014.0
1753617220525,11:53:40.525,blofin,AERO/USDT:USDT,0.8984,1602.0,0.8978,3.0,0.8986,28.0,0.8992,2562.0
1753617220583,11:53:40.583,blofin,AERO/USDT:USDT,0.8984,1602.0,0.8978,3.0,0.8986,30.0,0.8992,2562.0
1753617221528,11:53:41.528,blofin,AERO/USDT:USDT,0.8984,1605.0,0.8978,3.0,0.8986,26.0,0.8992,2562.0
1753617222525,11:53:42.525,blofin,AERO/USDT:USDT,0.8984,1880.0,0.8978,3.0,0.8986,29.0,0.8992,2562.0
1753617223526,11:53:43.526,blofin,AERO/USDT:USDT,0.8984,1881.0,0.8978,3.0,0.8986,29.0,0.8992,2562.0
1753617224527,11:53:44.527,blofin,AERO/USDT:USDT,0.8985,1210.0,0.8984,5.0,0.8986,4.0,0.8987,15.0
1753617225528,11:53:45.528,blofin,AERO/USDT:USDT,0.8985,5290.0,0.8984,5.0,0.8987,250.0,0.8992,2562.0
1753617226578,11:53:46.578,blofin,AERO/USDT:USDT,0.8985,5107.0,0.8983,14181.0,0.8987,787.0,0.8989,2545.0
1753617227250,11:53:47.250,blofin,AERO/USDT:USDT,0.8985,5045.0,0.8978,541.0,0.8987,4.0,0.8988,783.0
1753617227530,11:53:47.530,blofin,AERO/USDT:USDT,0.8986,1134.0,0.8985,3.0,0.8987,4.0,0.8988,16.0
1753617228530,11:53:48.530,blofin,AERO/USDT:USDT,0.8986,853.0,0.8978,541.0,0.8987,4.0,0.8988,552.0
1753617228580,11:53:48.580,blofin,AERO/USDT:USDT,0.8986,852.0,0.8978,541.0,0.8987,4.0,0.8988,552.0
1753617229529,11:53:49.529,blofin,AERO/USDT:USDT,0.8986,1139.0,0.8978,541.0,0.8987,4.0,0.8988,16.0
1753617230584,11:53:50.584,blofin,AERO/USDT:USDT,0.8986,866.0,0.8978,541.0,0.8988,20.0,0.8992,2562.0
1753617231585,11:53:51.585,blofin,AERO/USDT:USDT,0.8985,5219.0,0.8978,3.0,0.8987,913.0,0.8992,2562.0
1753617232584,11:53:52.584,blofin,AERO/USDT:USDT,0.8985,3683.0,0.8978,3.0,0.8987,1514.0,0.8992,2562.0
1753617233584,11:53:53.584,blofin,AERO/USDT:USDT,0.8985,4216.0,0.8983,12587.0,0.8987,1400.0,0.8989,10532.0
1753617234534,11:53:54.534,blofin,AERO/USDT:USDT,0.8985,4216.0,0.8978,3.0,0.8987,1400.0,0.8992,2562.0
1753617235587,11:53:55.587,blofin,AERO/USDT:USDT,0.8985,4216.0,0.8978,3.0,0.8987,1400.0,0.8992,2562.0
1753617236548,11:53:56.548,blofin,AERO/USDT:USDT,0.8985,4217.0,0.8974,1243.0,0.8987,1401.0,0.8993,716.0
1753617237587,11:53:57.587,blofin,AERO/USDT:USDT,0.8985,3077.0,0.8974,1243.0,0.8987,1543.0,0.8998,1080.0
1753617238592,11:53:58.592,blofin,AERO/USDT:USDT,0.8985,3077.0,0.8974,11915.0,0.8987,1395.0,0.8998,1080.0
1753617239538,11:53:59.538,blofin,AERO/USDT:USDT,0.8985,3077.0,0.8976,13460.0,0.8987,1395.0,0.8996,3622.0
1753617240588,11:54:00.588,blofin,AERO/USDT:USDT,0.8985,3078.0,0.8974,1243.0,0.8987,1121.0,0.8998,1080.0
1753617241536,11:54:01.536,blofin,AERO/USDT:USDT,0.8985,3078.0,0.8974,1243.0,0.8987,1117.0,0.8998,1080.0
1753617241590,11:54:01.590,blofin,AERO/USDT:USDT,0.8985,3078.0,0.8974,1243.0,0.8987,1003.0,0.8998,1073.0
1753617242539,11:54:02.539,blofin,AERO/USDT:USDT,0.8985,3050.0,0.8974,1243.0,0.8987,1117.0,0.8998,1073.0
1753617242590,11:54:02.590,blofin,AERO/USDT:USDT,0.8985,3050.0,0.8974,1243.0,0.8987,1119.0,0.8998,1073.0
1753617243537,11:54:03.537,blofin,AERO/USDT:USDT,0.8985,3109.0,0.8974,1243.0,0.8987,1119.0,0.8998,1073.0
1753617244590,11:54:04.590,blofin,AERO/USDT:USDT,0.8985,3050.0,0.8975,14531.0,0.8987,1202.0,0.8997,8319.0
1753617245537,11:54:05.537,blofin,AERO/USDT:USDT,0.8985,3100.0,0.8974,8100.0,0.8987,1755.0,0.8998,1073.0
1753617245591,11:54:05.591,blofin,AERO/USDT:USDT,0.8985,3097.0,0.8974,8100.0,0.8987,1755.0,0.8998,1073.0
1753617246155,11:54:06.155,blofin,AERO/USDT:USDT,0.8982,3094.0,0.8977,2455.0,0.8985,1861.0,0.8987,4.0
1753617246603,11:54:06.603,blofin,AERO/USDT:USDT,0.898,1180.0,0.8976,181.0,0.8983,1740.0,0.8987,1.0
1753617247219,11:54:07.219,blofin,AERO/USDT:USDT,0.898,1229.0,0.8976,181.0,0.8982,2160.0,0.8983,2.0
1753617247594,11:54:07.594,blofin,AERO/USDT:USDT,0.898,5.0,0.8979,877.0,0.8982,2109.0,0.8983,2.0
1753617247979,11:54:07.979,blofin,AERO/USDT:USDT,0.898,5.0,0.8979,877.0,0.8981,2109.0,0.8983,2.0
1753617248596,11:54:08.596,blofin,AERO/USDT:USDT,0.898,5.0,0.8979,9.0,0.8981,566.0,0.8984,286.0
1753617249542,11:54:09.542,blofin,AERO/USDT:USDT,0.898,5.0,0.8979,545.0,0.8981,1163.0,0.8987,1.0
1753617249594,11:54:09.594,blofin,AERO/USDT:USDT,0.8979,549.0,0.8976,181.0,0.8981,1163.0,0.8987,1.0
1753617250543,11:54:10.543,blofin,AERO/USDT:USDT,0.8979,549.0,0.8976,181.0,0.8981,343.0,0.8987,1.0
1753617251596,11:54:11.596,blofin,AERO/USDT:USDT,0.8979,550.0,0.8968,1243.0,0.8981,345.0,0.8987,1.0
1753617252543,11:54:12.543,blofin,AERO/USDT:USDT,0.8979,566.0,0.8968,1243.0,0.8981,685.0,0.8987,1.0
1753617252597,11:54:12.597,blofin,AERO/USDT:USDT,0.8979,563.0,0.8968,1243.0,0.8981,685.0,0.8987,1.0
1753617253545,11:54:13.545,blofin,AERO/USDT:USDT,0.8979,563.0,0.8973,8261.0,0.8981,345.0,0.8987,7713.0
1753617254545,11:54:14.545,blofin,AERO/USDT:USDT,0.8979,563.0,0.8977,1617.0,0.8981,345.0,0.8983,3853.0
1753617254598,11:54:14.598,blofin,AERO/USDT:USDT,0.8979,564.0,0.8977,1617.0,0.8981,345.0,0.8983,3853.0
1753617255547,11:54:15.547,blofin,AERO/USDT:USDT,0.8979,567.0,0.8975,2042.0,0.8981,378.0,0.8985,11129.0
1753617255598,11:54:15.598,blofin,AERO/USDT:USDT,0.8979,567.0,0.8975,2042.0,0.8981,378.0,0.8985,11129.0
1753617256546,11:54:16.546,blofin,AERO/USDT:USDT,0.8979,567.0,0.8975,2042.0,0.8981,377.0,0.8985,11129.0
1753617256600,11:54:16.600,blofin,AERO/USDT:USDT,0.8979,567.0,0.8972,564.0,0.8981,344.0,0.8987,1.0
1753617257600,11:54:17.600,blofin,AERO/USDT:USDT,0.8979,569.0,0.8972,564.0,0.8981,344.0,0.8987,1.0
1753617258603,11:54:18.603,blofin,AERO/USDT:USDT,0.8979,566.0,0.8975,8073.0,0.8981,351.0,0.8985,4197.0
1753617259546,11:54:19.546,blofin,AERO/USDT:USDT,0.8979,566.0,0.8972,8288.0,0.8981,351.0,0.8987,1.0
1753617259603,11:54:19.603,blofin,AERO/USDT:USDT,0.8979,566.0,0.8972,8288.0,0.8981,351.0,0.8987,1.0
1753617260548,11:54:20.548,blofin,AERO/USDT:USDT,0.8979,566.0,0.8975,4045.0,0.8981,351.0,0.8986,16808.0
1753617260603,11:54:20.603,blofin,AERO/USDT:USDT,0.8979,566.0,0.8975,4045.0,0.8981,352.0,0.8986,16808.0
1753617261604,11:54:21.604,blofin,AERO/USDT:USDT,0.8979,30.0,0.8968,1243.0,0.8981,893.0,0.8987,1.0
1753617262549,11:54:22.549,blofin,AERO/USDT:USDT,0.8979,28.0,0.8968,11063.0,0.8981,893.0,0.8987,1.0
1753617262606,11:54:22.606,blofin,AERO/USDT:USDT,0.8979,25.0,0.8968,11063.0,0.8981,893.0,0.8987,1.0
1753617263549,11:54:23.549,blofin,AERO/USDT:USDT,0.8979,25.0,0.8975,959.0,0.8981,893.0,0.8985,15825.0
1753617263606,11:54:23.606,blofin,AERO/USDT:USDT,0.8979,24.0,0.8975,959.0,0.8981,893.0,0.8985,15825.0
1753617264607,11:54:24.607,blofin,AERO/USDT:USDT,0.8979,26.0,0.8972,8808.0,0.8981,893.0,0.8987,1.0
1753617265550,11:54:25.550,blofin,AERO/USDT:USDT,0.8979,26.0,0.8973,5790.0,0.8981,1007.0,0.8987,1.0
1753617266563,11:54:26.563,blofin,AERO/USDT:USDT,0.8979,28.0,0.8973,5790.0,0.8981,1012.0,0.8988,11721.0
1753617267553,11:54:27.553,blofin,AERO/USDT:USDT,0.8979,27.0,0.897,646.0,0.8981,1010.0,0.8992,1123.0
1753617268553,11:54:28.553,blofin,AERO/USDT:USDT,0.8979,27.0,0.8971,7882.0,0.8981,896.0,0.899,11311.0
1753617268610,11:54:28.610,blofin,AERO/USDT:USDT,0.8979,27.0,0.8971,7882.0,0.8981,897.0,0.899,11311.0
1753617269553,11:54:29.553,blofin,AERO/USDT:USDT,0.8979,27.0,0.8976,5116.0,0.8981,897.0,0.8984,2219.0
1753617269612,11:54:29.612,blofin,AERO/USDT:USDT,0.8979,29.0,0.8976,5116.0,0.8981,897.0,0.8984,2219.0
1753617270555,11:54:30.555,blofin,AERO/USDT:USDT,0.8979,29.0,0.897,646.0,0.8981,1144.0,0.8992,1123.0
1753617270611,11:54:30.611,blofin,AERO/USDT:USDT,0.8979,29.0,0.897,646.0,0.8981,1144.0,0.8992,1123.0
1753617271555,11:54:31.555,blofin,AERO/USDT:USDT,0.8979,30.0,0.897,646.0,0.8981,1144.0,0.8992,1123.0
1753617271612,11:54:31.612,blofin,AERO/USDT:USDT,0.8979,57.0,0.897,646.0,0.8981,1144.0,0.8992,1121.0
1753617272555,11:54:32.555,blofin,AERO/USDT:USDT,0.8979,48.0,0.897,646.0,0.8981,1144.0,0.8992,1121.0
1753617272614,11:54:32.614,blofin,AERO/USDT:USDT,0.8979,48.0,0.897,646.0,0.8981,1144.0,0.8992,1121.0
1753617273615,11:54:33.615,blofin,AERO/USDT:USDT,0.8979,51.0,0.8975,3689.0,0.8981,1144.0,0.8985,9328.0
1753617273739,11:54:33.739,blofin,AERO/USDT:USDT,0.8979,7.0,0.8977,44.0,0.898,1297.0,0.8981,9.0
1753617274556,11:54:34.556,blofin,AERO/USDT:USDT,0.8977,7.0,0.897,646.0,0.8979,902.0,0.8981,9.0
1753617274616,11:54:34.616,blofin,AERO/USDT:USDT,0.8977,7.0,0.897,646.0,0.8979,904.0,0.8981,5.0
1753617275558,11:54:35.558,blofin,AERO/USDT:USDT,0.8977,570.0,0.897,646.0,0.8979,344.0,0.8981,5.0
1753617275617,11:54:35.617,blofin,AERO/USDT:USDT,0.8977,572.0,0.897,646.0,0.8979,344.0,0.8981,5.0
1753617276560,11:54:36.560,blofin,AERO/USDT:USDT,0.8977,572.0,0.897,646.0,0.8979,345.0,0.8981,5.0
1753617276618,11:54:36.618,blofin,AERO/USDT:USDT,0.8977,28.0,0.897,646.0,0.8979,1004.0,0.8981,5.0
1753617277560,11:54:37.560,blofin,AERO/USDT:USDT,0.8977,9.0,0.8973,9271.0,0.8979,1004.0,0.8981,5.0
1753617277619,11:54:37.619,blofin,AERO/USDT:USDT,0.8977,9.0,0.8973,9271.0,0.8979,1003.0,0.8981,5.0
1753617278565,11:54:38.565,blofin,AERO/USDT:USDT,0.8977,9.0,0.897,8041.0,0.8979,1117.0,0.8981,5.0
1753617279623,11:54:39.623,blofin,AERO/USDT:USDT,0.8977,9.0,0.897,646.0,0.8979,889.0,0.8981,5.0
1753617280564,11:54:40.564,blofin,AERO/USDT:USDT,0.8977,9.0,0.8974,3717.0,0.8979,889.0,0.8981,5.0
1753617281623,11:54:41.623,blofin,AERO/USDT:USDT,0.8977,31.0,0.8972,323.0,0.8979,891.0,0.8981,5.0
1753617282621,11:54:42.621,blofin,AERO/USDT:USDT,0.8977,12.0,0.8972,323.0,0.8979,1119.0,0.8981,5.0
1753617283622,11:54:43.622,blofin,AERO/USDT:USDT,0.8977,9.0,0.8975,5358.0,0.8979,1119.0,0.8981,8019.0
1753617284623,11:54:44.623,blofin,AERO/USDT:USDT,0.8977,614.0,0.8974,2691.0,0.8979,1119.0,0.8981,5.0
1753617285624,11:54:45.624,blofin,AERO/USDT:USDT,0.8977,614.0,0.8972,323.0,0.8979,1119.0,0.8981,5.0
1753617286625,11:54:46.625,blofin,AERO/USDT:USDT,0.8977,614.0,0.897,646.0,0.8979,1117.0,0.8981,5.0
1753617287568,11:54:47.568,blofin,AERO/USDT:USDT,0.8977,614.0,0.8972,3363.0,0.8979,1117.0,0.8981,5.0
1753617287626,11:54:47.626,blofin,AERO/USDT:USDT,0.8977,614.0,0.8972,3363.0,0.8979,1116.0,0.8981,5.0
1753617288629,11:54:48.629,blofin,AERO/USDT:USDT,0.8977,614.0,0.897,646.0,0.8979,1123.0,0.8981,5.0
1753617289627,11:54:49.627,blofin,AERO/USDT:USDT,0.8977,614.0,0.8975,10097.0,0.8979,896.0,0.8981,579.0
1753617290628,11:54:50.628,blofin,AERO/USDT:USDT,0.8977,1163.0,0.897,646.0,0.8979,352.0,0.8981,5.0
1753617292570,11:54:52.570,blofin,AERO/USDT:USDT,0.8977,1178.0,0.897,646.0,0.8979,351.0,0.8981,5.0
1753617292629,11:54:52.629,blofin,AERO/USDT:USDT,0.8977,1178.0,0.897,646.0,0.8979,354.0,0.8981,5.0
1753617293571,11:54:53.571,blofin,AERO/USDT:USDT,0.8977,610.0,0.8972,6032.0,0.8979,903.0,0.8981,5.0
1753617294572,11:54:54.572,blofin,AERO/USDT:USDT,0.8977,629.0,0.8973,4877.0,0.8979,903.0,0.8981,5.0
1753617294633,11:54:54.633,blofin,AERO/USDT:USDT,0.8977,629.0,0.8973,4877.0,0.8979,902.0,0.8981,5.0
1753617295631,11:54:55.631,blofin,AERO/USDT:USDT,0.8977,611.0,0.897,646.0,0.8979,1130.0,0.8981,5.0
1753617296587,11:54:56.587,blofin,AERO/USDT:USDT,0.8977,612.0,0.8966,1244.0,0.8979,1134.0,0.899,1118.0
1753617297575,11:54:57.575,blofin,AERO/USDT:USDT,0.8977,633.0,0.8972,116.0,0.8979,1132.0,0.8984,7050.0
1753617298633,11:54:58.633,blofin,AERO/USDT:USDT,0.8977,614.0,0.8966,1245.0,0.8979,1132.0,0.899,1120.0
1753617299633,11:54:59.633,blofin,AERO/USDT:USDT,0.8977,614.0,0.8972,8826.0,0.8979,1132.0,0.8985,1393.0
1753617300634,11:55:00.634,blofin,AERO/USDT:USDT,0.8977,614.0,0.897,299.0,0.8979,1133.0,0.899,1120.0
1753617301635,11:55:01.635,blofin,AERO/USDT:USDT,0.8977,634.0,0.8966,1245.0,0.8979,1018.0,0.899,1062.0
1753617302577,11:55:02.577,blofin,AERO/USDT:USDT,0.8977,615.0,0.8966,1245.0,0.8979,1131.0,0.899,1062.0
1753617302635,11:55:02.635,blofin,AERO/USDT:USDT,0.8977,614.0,0.8966,1245.0,0.8979,1131.0,0.899,1062.0
1753617303578,11:55:03.578,blofin,AERO/USDT:USDT,0.8977,614.0,0.8966,1245.0,0.8979,1144.0,0.899,1062.0
1753617304636,11:55:04.636,blofin,AERO/USDT:USDT,0.8977,613.0,0.8973,9068.0,0.8979,1150.0,0.8984,12661.0
1753617305020,11:55:05.020,blofin,AERO/USDT:USDT,0.8977,4.0,0.8976,609.0,0.8979,1981.0,0.8984,5827.0
1753617306636,11:55:06.636,blofin,AERO/USDT:USDT,0.8977,1.0,0.8976,456.0,0.8978,2531.0,0.8979,4.0
1753617308582,11:55:08.582,blofin,AERO/USDT:USDT,0.8977,1.0,0.8976,456.0,0.8978,2532.0,0.8979,4.0
1753617308639,11:55:08.639,blofin,AERO/USDT:USDT,0.8977,1.0,0.8976,454.0,0.8978,2532.0,0.8979,4.0
1753617309639,11:55:09.639,blofin,AERO/USDT:USDT,0.8977,1.0,0.8976,454.0,0.8978,2606.0,0.8979,4.0
1753617310639,11:55:10.639,blofin,AERO/USDT:USDT,0.8977,1.0,0.8976,454.0,0.8978,2387.0,0.8979,4.0
1753617311585,11:55:11.585,blofin,AERO/USDT:USDT,0.8977,1.0,0.8976,457.0,0.8978,2384.0,0.8979,4.0
1753617311638,11:55:11.638,blofin,AERO/USDT:USDT,0.8977,1.0,0.8976,457.0,0.8978,2372.0,0.8979,4.0
1753617312586,11:55:12.586,blofin,AERO/USDT:USDT,0.8977,1.0,0.8976,458.0,0.8978,2423.0,0.8979,4.0
1753617312641,11:55:12.641,blofin,AERO/USDT:USDT,0.8977,1.0,0.8976,458.0,0.8978,2423.0,0.8979,4.0
1753617313643,11:55:13.643,blofin,AERO/USDT:USDT,0.8977,1.0,0.8976,458.0,0.8978,2775.0,0.8979,4.0
1753617314589,11:55:14.589,blofin,AERO/USDT:USDT,0.8977,1.0,0.8976,458.0,0.8978,2885.0,0.8979,4.0
1753617314644,11:55:14.644,blofin,AERO/USDT:USDT,0.8977,1.0,0.8976,458.0,0.8978,2889.0,0.8979,4.0
1753617315589,11:55:15.589,blofin,AERO/USDT:USDT,0.8977,1.0,0.8976,458.0,0.8978,2052.0,0.8979,4.0
1753617315645,11:55:15.645,blofin,AERO/USDT:USDT,0.8977,1.0,0.8976,458.0,0.8978,2049.0,0.8979,4.0
1753617316645,11:55:16.645,blofin,AERO/USDT:USDT,0.8977,1.0,0.8976,456.0,0.8978,1714.0,0.8979,4.0
1753617317647,11:55:17.647,blofin,AERO/USDT:USDT,0.8977,1.0,0.8976,487.0,0.8978,1610.0,0.8979,4.0
1753617318646,11:55:18.646,blofin,AERO/USDT:USDT,0.8977,1.0,0.8976,456.0,0.8978,1947.0,0.8979,4.0
1753617319649,11:55:19.649,blofin,AERO/USDT:USDT,0.8977,1.0,0.8976,455.0,0.8978,2276.0,0.8979,4.0
1753617320287,11:55:20.287,blofin,AERO/USDT:USDT,0.8972,313.0,0.8967,840.0,0.8974,1462.0,0.8978,3.0
1753617320827,11:55:20.827,blofin,AERO/USDT:USDT,0.8969,4.0,0.8967,847.0,0.897,544.0,0.8974,3219.0
1753617321189,11:55:21.189,blofin,AERO/USDT:USDT,0.8967,3637.0,0.8965,1245.0,0.8969,1679.0,0.8978,3.0
1753617321649,11:55:21.649,blofin,AERO/USDT:USDT,0.8967,578.0,0.8962,8920.0,0.8969,227.0,0.8974,9777.0
1753617322648,11:55:22.648,blofin,AERO/USDT:USDT,0.8967,584.0,0.8965,15570.0,0.8969,230.0,0.8971,5002.0
1753617323669,11:55:23.669,blofin,AERO/USDT:USDT,0.8967,584.0,0.8956,7916.0,0.8969,230.0,0.8979,4.0
1753617324658,11:55:24.658,blofin,AERO/USDT:USDT,0.8967,1227.0,0.8956,2380.0,0.8969,230.0,0.8979,4.0
1753617324835,11:55:24.835,blofin,AERO/USDT:USDT,0.8968,1072.0,0.8967,5.0,0.8969,5.0,0.8971,9.0
1753617325015,11:55:25.015,blofin,AERO/USDT:USDT,0.8969,666.0,0.8967,5.0,0.8972,9.0,0.8979,275.0
1753617325315,11:55:25.315,blofin,AERO/USDT:USDT,0.8969,553.0,0.8967,5.0,0.8972,209.0,0.8976,5933.0
1753617325659,11:55:25.659,blofin,AERO/USDT:USDT,0.8969,35.0,0.8958,8017.0,0.8971,553.0,0.8979,4.0
1753617325995,11:55:25.995,blofin,AERO/USDT:USDT,0.8969,2.0,0.8968,33.0,0.8971,553.0,0.8978,6703.0
1753617326605,11:55:26.605,blofin,AERO/USDT:USDT,0.8969,2.0,0.8968,35.0,0.8971,554.0,0.8978,6703.0
1753617326661,11:55:26.661,blofin,AERO/USDT:USDT,0.8968,593.0,0.896,8802.0,0.8971,842.0,0.898,10951.0
1753617327593,11:55:27.593,blofin,AERO/USDT:USDT,0.8968,873.0,0.8965,11182.0,0.897,280.0,0.8971,3.0
1753617328661,11:55:28.661,blofin,AERO/USDT:USDT,0.8968,871.0,0.8966,11019.0,0.897,280.0,0.8971,3.0
1753617329662,11:55:29.662,blofin,AERO/USDT:USDT,0.8968,871.0,0.8962,2636.0,0.897,281.0,0.8971,1.0
1753617330596,11:55:30.596,blofin,AERO/USDT:USDT,0.8968,318.0,0.8959,820.0,0.897,299.0,0.8971,1.0
1753617330663,11:55:30.663,blofin,AERO/USDT:USDT,0.8968,318.0,0.8958,9978.0,0.897,299.0,0.8971,1.0
1753617331147,11:55:31.147,blofin,AERO/USDT:USDT,0.8968,4.0,0.8967,6.0,0.897,852.0,0.8971,1.0
1753617331598,11:55:31.598,blofin,AERO/USDT:USDT,0.8968,2.0,0.8967,11.0,0.897,854.0,0.8971,1.0
1753617331664,11:55:31.664,blofin,AERO/USDT:USDT,0.8968,2.0,0.8967,1891.0,0.897,1246.0,0.8971,1.0
1753617332666,11:55:32.666,blofin,AERO/USDT:USDT,0.8968,2.0,0.8967,1897.0,0.897,1248.0,0.8971,1.0
1753617333667,11:55:33.667,blofin,AERO/USDT:USDT,0.8968,2.0,0.8967,1897.0,0.897,1439.0,0.8971,1.0
1753617334610,11:55:34.610,blofin,AERO/USDT:USDT,0.8968,2.0,0.8967,1891.0,0.897,1552.0,0.8971,1.0
1753617334666,11:55:34.666,blofin,AERO/USDT:USDT,0.8968,2.0,0.8967,1891.0,0.897,1552.0,0.8971,1.0
1753617335215,11:55:35.215,blofin,AERO/USDT:USDT,0.8968,2.0,0.8967,38.0,0.897,560.0,0.8971,1.0
1753617335601,11:55:35.601,blofin,AERO/USDT:USDT,0.8968,2.0,0.8967,1945.0,0.897,1531.0,0.8971,1.0
1753617335666,11:55:35.666,blofin,AERO/USDT:USDT,0.8968,2.0,0.8967,1945.0,0.897,1531.0,0.8971,1.0
1753617336667,11:55:36.667,blofin,AERO/USDT:USDT,0.8968,2.0,0.8967,1947.0,0.897,1642.0,0.8971,1.0
1753617337596,11:55:37.596,blofin,AERO/USDT:USDT,0.8968,1944.0,0.8967,5.0,0.897,1642.0,0.8971,1.0
1753617337667,11:55:37.667,blofin,AERO/USDT:USDT,0.8968,1944.0,0.8967,5.0,0.897,1642.0,0.8971,1.0
1753617338604,11:55:38.604,blofin,AERO/USDT:USDT,0.8968,655.0,0.8967,5.0,0.897,301.0,0.8971,1.0
1753617338668,11:55:38.668,blofin,AERO/USDT:USDT,0.8968,660.0,0.8965,4934.0,0.897,301.0,0.8971,1.0
1753617339669,11:55:39.669,blofin,AERO/USDT:USDT,0.8968,660.0,0.8958,641.0,0.897,302.0,0.8971,1.0
1753617340606,11:55:40.606,blofin,AERO/USDT:USDT,0.8968,105.0,0.8959,2731.0,0.897,1083.0,0.8971,1.0
1753617340669,11:55:40.669,blofin,AERO/USDT:USDT,0.8968,101.0,0.8959,2731.0,0.897,1083.0,0.8971,1.0
1753617341672,11:55:41.672,blofin,AERO/USDT:USDT,0.8968,102.0,0.8957,4015.0,0.897,1083.0,0.8971,1.0
1753617342672,11:55:42.672,blofin,AERO/USDT:USDT,0.8968,102.0,0.8958,9135.0,0.897,1265.0,0.8971,1.0
1753617343672,11:55:43.672,blofin,AERO/USDT:USDT,0.8968,103.0,0.8959,9061.0,0.897,1242.0,0.8971,1.0
1753617344673,11:55:44.673,blofin,AERO/USDT:USDT,0.8968,104.0,0.8964,6537.0,0.897,1265.0,0.8971,1.0
1753617345674,11:55:45.674,blofin,AERO/USDT:USDT,0.8968,104.0,0.8962,8287.0,0.897,1266.0,0.8971,1.0
1753617346676,11:55:46.676,blofin,AERO/USDT:USDT,0.8968,102.0,0.8957,2478.0,0.897,1040.0,0.8971,1.0
1753617347612,11:55:47.612,blofin,AERO/USDT:USDT,0.8968,660.0,0.8965,2787.0,0.897,299.0,0.8971,1.0
1753617347785,11:55:47.785,blofin,AERO/USDT:USDT,0.8972,617.0,0.8968,4.0,0.8974,9.0,0.898,489.0
1753617348356,11:55:48.356,blofin,AERO/USDT:USDT,0.897,11.0,0.8968,4.0,0.8974,478.0,0.898,489.0
1753617348623,11:55:48.623,blofin,AERO/USDT:USDT,0.8971,98.0,0.8968,4.0,0.8973,558.0,0.898,489.0
1753617348678,11:55:48.678,blofin,AERO/USDT:USDT,0.8971,98.0,0.8968,4.0,0.8973,558.0,0.898,489.0
1753617349678,11:55:49.678,blofin,AERO/USDT:USDT,0.8971,102.0,0.8968,2.0,0.8973,558.0,0.898,489.0
1753617350678,11:55:50.678,blofin,AERO/USDT:USDT,0.8971,102.0,0.8968,2.0,0.8973,695.0,0.898,489.0
1753617351677,11:55:51.677,blofin,AERO/USDT:USDT,0.8971,99.0,0.8968,2.0,0.8973,943.0,0.898,489.0
1753617352680,11:55:52.680,blofin,AERO/USDT:USDT,0.8971,99.0,0.8968,2.0,0.8973,1034.0,0.898,489.0
1753617353679,11:55:53.679,blofin,AERO/USDT:USDT,0.8971,99.0,0.8969,12252.0,0.8973,1141.0,0.8975,4335.0
1753617354626,11:55:54.626,blofin,AERO/USDT:USDT,0.8971,99.0,0.8968,2.0,0.8973,777.0,0.898,489.0
1753617354680,11:55:54.680,blofin,AERO/USDT:USDT,0.8971,99.0,0.8968,2.0,0.8973,777.0,0.898,489.0
1753617355680,11:55:55.680,blofin,AERO/USDT:USDT,0.8971,99.0,0.8969,2160.0,0.8973,777.0,0.8976,4165.0
1753617356744,11:55:56.744,blofin,AERO/USDT:USDT,0.8971,104.0,0.8966,8366.0,0.8973,899.0,0.8979,438.0
1753617356855,11:55:56.855,blofin,AERO/USDT:USDT,0.8968,59.0,0.8965,4441.0,0.8971,1592.0,0.8973,5.0
1753617357682,11:55:57.682,blofin,AERO/USDT:USDT,0.8967,2365.0,0.8965,3331.0,0.897,785.0,0.8973,7551.0
1753617358681,11:55:58.681,blofin,AERO/USDT:USDT,0.8967,2373.0,0.8965,2904.0,0.897,1609.0,0.8973,1.0
1753617359683,11:55:59.683,blofin,AERO/USDT:USDT,0.8967,2373.0,0.8965,2904.0,0.897,1609.0,0.8973,1.0
1753617360683,11:56:00.683,blofin,AERO/USDT:USDT,0.8967,2373.0,0.8965,2904.0,0.897,1374.0,0.8973,1.0
1753617361017,11:56:01.017,blofin,AERO/USDT:USDT,0.897,548.0,0.8967,2.0,0.8972,548.0,0.8973,1.0
1753617361683,11:56:01.683,blofin,AERO/USDT:USDT,0.897,64.0,0.8965,2904.0,0.8972,553.0,0.8973,1.0
1753617362684,11:56:02.684,blofin,AERO/USDT:USDT,0.897,53.0,0.8965,2904.0,0.8972,551.0,0.8973,1.0
1753617363686,11:56:03.686,blofin,AERO/USDT:USDT,0.897,53.0,0.8965,2904.0,0.8972,551.0,0.8973,1.0
1753617364684,11:56:04.684,blofin,AERO/USDT:USDT,0.897,53.0,0.8965,5518.0,0.8972,552.0,0.8973,1.0
1753617365686,11:56:05.686,blofin,AERO/USDT:USDT,0.8969,51.0,0.8965,2904.0,0.8971,774.0,0.8972,4.0
1753617366687,11:56:06.687,blofin,AERO/USDT:USDT,0.8969,51.0,0.8966,13949.0,0.8971,542.0,0.8973,1.0
1753617367687,11:56:07.687,blofin,AERO/USDT:USDT,0.8969,51.0,0.8965,2904.0,0.8971,792.0,0.8973,1.0
1753617368636,11:56:08.636,blofin,AERO/USDT:USDT,0.8969,51.0,0.8965,2904.0,0.8971,769.0,0.8973,1.0
1753617368689,11:56:08.689,blofin,AERO/USDT:USDT,0.8969,53.0,0.8965,2904.0,0.8971,769.0,0.8973,1.0
1753617369437,11:56:09.437,blofin,AERO/USDT:USDT,0.8969,53.0,0.8965,2904.0,0.8971,3.0,0.8972,653.0
1753617369688,11:56:09.688,blofin,AERO/USDT:USDT,0.897,35.0,0.8969,4.0,0.8972,1110.0,0.8973,1.0
1753617370691,11:56:10.691,blofin,AERO/USDT:USDT,0.897,35.0,0.8969,4.0,0.8972,1221.0,0.8973,1.0
1753617371689,11:56:11.689,blofin,AERO/USDT:USDT,0.897,566.0,0.8965,2904.0,0.8972,362.0,0.8973,1.0
1753617372690,11:56:12.690,blofin,AERO/USDT:USDT,0.897,26.0,0.8965,2904.0,0.8972,475.0,0.8973,1.0
1753617373693,11:56:13.693,blofin,AERO/USDT:USDT,0.897,26.0,0.8965,2904.0,0.8972,1016.0,0.8973,1.0
1753617374692,11:56:14.692,blofin,AERO/USDT:USDT,0.897,26.0,0.8965,2904.0,0.8972,1016.0,0.8973,1.0
1753617375694,11:56:15.694,blofin,AERO/USDT:USDT,0.897,26.0,0.8965,2904.0,0.8972,1016.0,0.8973,1.0
1753617376693,11:56:16.693,blofin,AERO/USDT:USDT,0.897,29.0,0.8965,2904.0,0.8972,1019.0,0.8973,1.0
1753617377639,11:56:17.639,blofin,AERO/USDT:USDT,0.897,583.0,0.8965,2904.0,0.8972,435.0,0.8973,1.0
1753617377695,11:56:17.695,blofin,AERO/USDT:USDT,0.897,583.0,0.8965,2904.0,0.8972,435.0,0.8973,1.0
1753617378641,11:56:18.641,blofin,AERO/USDT:USDT,0.897,583.0,0.8965,2904.0,0.8972,426.0,0.8973,1.0
1753617378695,11:56:18.695,blofin,AERO/USDT:USDT,0.897,582.0,0.8965,2904.0,0.8972,426.0,0.8973,1.0
1753617379698,11:56:19.698,blofin,AERO/USDT:USDT,0.897,28.0,0.8965,2904.0,0.8972,425.0,0.8973,1.0
1753617380697,11:56:20.697,blofin,AERO/USDT:USDT,0.897,28.0,0.8965,2904.0,0.8972,424.0,0.8973,1.0
1753617381645,11:56:21.645,blofin,AERO/USDT:USDT,0.897,26.0,0.8965,2904.0,0.8972,426.0,0.8973,1.0
1753617381696,11:56:21.696,blofin,AERO/USDT:USDT,0.897,215.0,0.8968,3040.0,0.8972,1393.0,0.8973,1.0
1753617382698,11:56:22.698,blofin,AERO/USDT:USDT,0.897,215.0,0.8968,15898.0,0.8972,1389.0,0.8973,1.0
1753617383698,11:56:23.698,blofin,AERO/USDT:USDT,0.897,215.0,0.8965,2904.0,0.8972,1391.0,0.8973,1.0
1753617384648,11:56:24.648,blofin,AERO/USDT:USDT,0.897,215.0,0.8965,2904.0,0.8972,1391.0,0.8973,1.0
1753617384714,11:56:24.714,blofin,AERO/USDT:USDT,0.897,215.0,0.8965,2904.0,0.8972,1390.0,0.8973,1.0
1753617385700,11:56:25.700,blofin,AERO/USDT:USDT,0.897,240.0,0.8965,2904.0,0.8972,1448.0,0.8973,1.0
1753617386658,11:56:26.658,blofin,AERO/USDT:USDT,0.897,244.0,0.8961,8942.0,0.8972,1450.0,0.8981,801.0
1753617387648,11:56:27.648,blofin,AERO/USDT:USDT,0.897,247.0,0.896,4423.0,0.8972,1451.0,0.8983,14335.0
1753617387701,11:56:27.701,blofin,AERO/USDT:USDT,0.897,247.0,0.896,4423.0,0.8972,1451.0,0.8983,14335.0
1753617388701,11:56:28.701,blofin,AERO/USDT:USDT,0.897,247.0,0.8959,2726.0,0.8972,1452.0,0.8983,2909.0
1753617389652,11:56:29.652,blofin,AERO/USDT:USDT,0.897,247.0,0.8965,2636.0,0.8972,1452.0,0.8977,10628.0
1753617389703,11:56:29.703,blofin,AERO/USDT:USDT,0.897,246.0,0.8965,2636.0,0.8972,1452.0,0.8977,10628.0
1753617390650,11:56:30.650,blofin,AERO/USDT:USDT,0.897,67.0,0.8965,5555.0,0.8972,2582.0,0.8977,12640.0
1753617390958,11:56:30.958,blofin,AERO/USDT:USDT,0.8966,16.0,0.8961,5602.0,0.8969,1808.0,0.8972,5.0
1753617391703,11:56:31.703,blofin,AERO/USDT:USDT,0.8966,6057.0,0.8959,10227.0,0.8968,340.0,0.8972,2.0
1753617392651,11:56:32.651,blofin,AERO/USDT:USDT,0.8966,6070.0,0.8959,1487.0,0.8968,340.0,0.8972,2.0
1753617392703,11:56:32.703,blofin,AERO/USDT:USDT,0.8966,6070.0,0.8959,1487.0,0.8968,341.0,0.8972,2.0
1753617393704,11:56:33.704,blofin,AERO/USDT:USDT,0.8966,6062.0,0.8962,3699.0,0.8968,341.0,0.8972,2.0
1753617393916,11:56:33.916,blofin,AERO/USDT:USDT,0.8966,2.0,0.8965,6133.0,0.8968,893.0,0.8972,2.0
1753617394661,11:56:34.661,blofin,AERO/USDT:USDT,0.8966,2.0,0.8965,18.0,0.8967,688.0,0.8968,5.0
1753617395653,11:56:35.653,blofin,AERO/USDT:USDT,0.8966,2.0,0.8965,18.0,0.8967,693.0,0.8972,2.0
1753617395706,11:56:35.706,blofin,AERO/USDT:USDT,0.8966,2.0,0.8965,18.0,0.8967,693.0,0.8972,2.0
1753617396654,11:56:36.654,blofin,AERO/USDT:USDT,0.8965,22.0,0.8959,1487.0,0.8967,692.0,0.8972,2.0
1753617396707,11:56:36.707,blofin,AERO/USDT:USDT,0.8965,23.0,0.896,1092.0,0.8967,1011.0,0.8972,13127.0
1753617396980,11:56:36.980,blofin,AERO/USDT:USDT,0.8962,16.0,0.8959,9986.0,0.8965,537.0,0.8967,4.0
1753617397113,11:56:37.113,blofin,AERO/USDT:USDT,0.8961,860.0,0.8959,1487.0,0.8963,1170.0,0.8967,4.0
1753617397398,11:56:37.398,blofin,AERO/USDT:USDT,0.8961,558.0,0.8959,1487.0,0.8963,1588.0,0.8966,11189.0
1753617398708,11:56:38.708,blofin,AERO/USDT:USDT,0.8961,900.0,0.8959,1487.0,0.8963,67.0,0.8967,10045.0
1753617399658,11:56:39.658,blofin,AERO/USDT:USDT,0.8961,900.0,0.8959,1487.0,0.8963,67.0,0.8967,4.0
1753617400658,11:56:40.658,blofin,AERO/USDT:USDT,0.8961,5473.0,0.8959,1487.0,0.8963,67.0,0.8967,4.0
1753617401714,11:56:41.714,blofin,AERO/USDT:USDT,0.8961,5588.0,0.8959,1487.0,0.8963,72.0,0.8972,2.0
1753617402217,11:56:42.217,blofin,AERO/USDT:USDT,0.8964,11.0,0.8961,5.0,0.8968,1034.0,0.8972,2.0
1753617402345,11:56:42.345,blofin,AERO/USDT:USDT,0.8965,565.0,0.8961,5.0,0.8967,242.0,0.8972,2.0
1753617402709,11:56:42.709,blofin,AERO/USDT:USDT,0.8965,537.0,0.8961,5.0,0.8968,1038.0,0.8972,2.0
1753617403660,11:56:43.660,blofin,AERO/USDT:USDT,0.8965,537.0,0.8961,5.0,0.8968,1038.0,0.8972,2.0
1753617404660,11:56:44.660,blofin,AERO/USDT:USDT,0.8965,2.0,0.8964,5326.0,0.8967,794.0,0.8968,3.0
1753617405666,11:56:45.666,blofin,AERO/USDT:USDT,0.8964,5331.0,0.8959,1487.0,0.8967,794.0,0.8968,3.0
1753617406698,11:56:46.698,blofin,AERO/USDT:USDT,0.8965,5330.0,0.8963,126.0,0.8968,555.0,0.897,12685.0
1753617407722,11:56:47.722,blofin,AERO/USDT:USDT,0.8965,554.0,0.8959,1798.0,0.8968,904.0,0.8972,374.0
1753617408665,11:56:48.665,blofin,AERO/USDT:USDT,0.8965,554.0,0.8961,10740.0,0.8968,791.0,0.8972,374.0
1753617409664,11:56:49.664,blofin,AERO/USDT:USDT,0.8965,554.0,0.8959,1798.0,0.8968,598.0,0.8972,2.0
1753617409714,11:56:49.714,blofin,AERO/USDT:USDT,0.8965,554.0,0.8959,1487.0,0.8968,598.0,0.8972,2.0
1753617410666,11:56:50.666,blofin,AERO/USDT:USDT,0.8965,554.0,0.8959,1487.0,0.8968,598.0,0.8972,2.0
1753617411666,11:56:51.666,blofin,AERO/USDT:USDT,0.8965,554.0,0.8959,1487.0,0.8968,598.0,0.8972,2.0
1753617412667,11:56:52.667,blofin,AERO/USDT:USDT,0.8965,554.0,0.8959,1487.0,0.8968,597.0,0.8972,2.0
1753617412897,11:56:52.897,blofin,AERO/USDT:USDT,0.8965,2.0,0.8964,552.0,0.8967,826.0,0.8968,1.0
1753617413667,11:56:53.667,blofin,AERO/USDT:USDT,0.8965,2.0,0.8964,5326.0,0.8967,552.0,0.8968,1.0
1753617414670,11:56:54.670,blofin,AERO/USDT:USDT,0.8965,2.0,0.8964,5326.0,0.8967,555.0,0.8972,2.0
1753617415116,11:56:55.116,blofin,AERO/USDT:USDT,0.8965,2.0,0.8964,5326.0,0.8966,552.0,0.8967,2.0
1753617415670,11:56:55.670,blofin,AERO/USDT:USDT,0.8965,2.0,0.8964,4460.0,0.8966,539.0,0.8967,2.0
1753617416396,11:56:56.396,blofin,AERO/USDT:USDT,0.8965,2.0,0.8964,4460.0,0.8966,5.0,0.8967,539.0
1753617416682,11:56:56.682,blofin,AERO/USDT:USDT,0.8965,2.0,0.8964,4463.0,0.8966,5.0,0.8967,544.0
1753617417669,11:56:57.669,blofin,AERO/USDT:USDT,0.8964,4468.0,0.8953,1225.0,0.8967,570.0,0.8978,1055.0
1753617418125,11:56:58.125,blofin,AERO/USDT:USDT,0.8964,4476.0,0.8955,11895.0,0.8966,561.0,0.8967,9.0
1753617418205,11:56:58.205,blofin,AERO/USDT:USDT,0.8964,4465.0,0.8961,3809.0,0.8967,629.0,0.897,15902.0
1753617418305,11:56:58.305,blofin,AERO/USDT:USDT,0.8964,4465.0,0.8956,2697.0,0.8966,561.0,0.8967,9.0
1753617418669,11:56:58.669,blofin,AERO/USDT:USDT,0.8964,4064.0,0.8956,9660.0,0.8966,539.0,0.8967,9.0
1753617419494,11:56:59.494,blofin,AERO/USDT:USDT,0.8964,4177.0,0.8957,7395.0,0.8967,548.0,0.8975,6447.0
1753617419669,11:56:59.669,blofin,AERO/USDT:USDT,0.8964,4216.0,0.8953,1225.0,0.8967,570.0,0.8978,1055.0
1753617419720,11:56:59.720,blofin,AERO/USDT:USDT,0.8964,4216.0,0.8953,1225.0,0.8967,567.0,0.8978,1055.0
1753617420015,11:57:00.015,blofin,AERO/USDT:USDT,0.8965,4211.0,0.8964,5.0,0.8967,567.0,0.8973,4857.0
1753617420722,11:57:00.722,blofin,AERO/USDT:USDT,0.8965,360.0,0.8964,3.0,0.8967,567.0,0.8975,10408.0
1753617421673,11:57:01.673,blofin,AERO/USDT:USDT,0.8965,360.0,0.8964,3.0,0.8967,568.0,0.8975,10408.0
1753617422723,11:57:02.723,blofin,AERO/USDT:USDT,0.8965,899.0,0.8964,3.0,0.8967,19.0,0.8979,1043.0
1753617423723,11:57:03.723,blofin,AERO/USDT:USDT,0.8965,1012.0,0.8964,3.0,0.8967,19.0,0.8975,6213.0
1753617424727,11:57:04.727,blofin,AERO/USDT:USDT,0.8965,1299.0,0.8964,3.0,0.8967,19.0,0.8978,14255.0
1753617425727,11:57:05.727,blofin,AERO/USDT:USDT,0.8965,1299.0,0.8964,3.0,0.8967,19.0,0.8973,8928.0
1753617426727,11:57:06.727,blofin,AERO/USDT:USDT,0.8965,1304.0,0.8964,3.0,0.8967,20.0,0.8979,1033.0
1753617427729,11:57:07.729,blofin,AERO/USDT:USDT,0.8965,1306.0,0.8964,3.0,0.8967,20.0,0.8979,1033.0
1753617428729,11:57:08.729,blofin,AERO/USDT:USDT,0.8965,1075.0,0.8964,3.0,0.8967,20.0,0.8971,4419.0
1753617429730,11:57:09.730,blofin,AERO/USDT:USDT,0.8965,1075.0,0.8964,3.0,0.8967,18.0,0.8975,5714.0
1753617430681,11:57:10.681,blofin,AERO/USDT:USDT,0.8965,1075.0,0.8964,3.0,0.8967,687.0,0.8972,4802.0
1753617431734,11:57:11.734,blofin,AERO/USDT:USDT,0.8965,1075.0,0.8964,3.0,0.8967,66.0,0.8974,125.0
1753617432680,11:57:12.680,blofin,AERO/USDT:USDT,0.8965,359.0,0.8964,3.0,0.8967,606.0,0.8974,125.0
1753617433733,11:57:13.733,blofin,AERO/USDT:USDT,0.8965,359.0,0.8964,3.0,0.8967,607.0,0.8973,13247.0
1753617434682,11:57:14.682,blofin,AERO/USDT:USDT,0.8965,359.0,0.8964,3.0,0.8967,607.0,0.8972,6227.0
1753617435688,11:57:15.688,blofin,AERO/USDT:USDT,0.8965,348.0,0.8964,3.0,0.8967,734.0,0.8976,456.0
1753617436685,11:57:16.685,blofin,AERO/USDT:USDT,0.8965,347.0,0.8964,3.0,0.8967,734.0,0.8979,1027.0
1753617437687,11:57:17.687,blofin,AERO/USDT:USDT,0.8965,347.0,0.8964,3.0,0.8967,849.0,0.8971,9749.0
1753617438685,11:57:18.685,blofin,AERO/USDT:USDT,0.8965,898.0,0.8964,3.0,0.8967,66.0,0.8979,8572.0
1753617439685,11:57:19.685,blofin,AERO/USDT:USDT,0.8965,898.0,0.8964,3.0,0.8967,66.0,0.8976,11808.0
1753617440737,11:57:20.737,blofin,AERO/USDT:USDT,0.8965,1011.0,0.8964,3.0,0.8967,66.0,0.8979,1038.0
1753617441688,11:57:21.688,blofin,AERO/USDT:USDT,0.8965,1009.0,0.8964,3.0,0.8967,69.0,0.8979,1038.0
1753617442287,11:57:22.287,blofin,AERO/USDT:USDT,0.8966,1592.0,0.8965,1.0,0.8967,6.0,0.8968,70.0
1753617442689,11:57:22.689,blofin,AERO/USDT:USDT,0.8966,5655.0,0.8965,1.0,0.8967,6.0,0.8968,6.0
1753617443740,11:57:23.740,blofin,AERO/USDT:USDT,0.8966,5786.0,0.8965,1.0,0.8967,5.0,0.8968,11.0
1753617444744,11:57:24.744,blofin,AERO/USDT:USDT,0.8966,5588.0,0.8965,1.0,0.8967,5.0,0.8968,11.0
1753617445742,11:57:25.742,blofin,AERO/USDT:USDT,0.8966,5236.0,0.8964,3.0,0.8967,5.0,0.8968,11.0
1753617446702,11:57:26.702,blofin,AERO/USDT:USDT,0.8966,5241.0,0.8959,7389.0,0.8968,15.0,0.8975,11771.0
1753617447691,11:57:27.691,blofin,AERO/USDT:USDT,0.8966,4423.0,0.8955,1224.0,0.8968,668.0,0.8976,610.0
1753617448690,11:57:28.690,blofin,AERO/USDT:USDT,0.8966,4423.0,0.8955,7632.0,0.8968,558.0,0.8976,610.0
1753617448743,11:57:28.743,blofin,AERO/USDT:USDT,0.8966,4420.0,0.8955,7632.0,0.8968,558.0,0.8976,610.0
1753617449697,11:57:29.697,blofin,AERO/USDT:USDT,0.8966,4420.0,0.8955,1224.0,0.8968,558.0,0.8976,610.0
1753617450692,11:57:30.692,blofin,AERO/USDT:USDT,0.8966,4420.0,0.8958,6006.0,0.8968,671.0,0.8976,8572.0
1753617450743,11:57:30.743,blofin,AERO/USDT:USDT,0.8966,4420.0,0.8958,6006.0,0.8968,671.0,0.8976,8572.0
1753617451694,11:57:31.694,blofin,AERO/USDT:USDT,0.8966,4424.0,0.8958,6006.0,0.8968,671.0,0.8976,8572.0
1753617452693,11:57:32.693,blofin,AERO/USDT:USDT,0.8966,4535.0,0.8961,1876.0,0.8968,784.0,0.8973,4459.0
1753617453694,11:57:33.694,blofin,AERO/USDT:USDT,0.8966,4531.0,0.8957,1246.0,0.8968,671.0,0.8976,610.0
1753617454695,11:57:34.695,blofin,AERO/USDT:USDT,0.8966,4531.0,0.8962,2828.0,0.8968,671.0,0.8972,13031.0
1753617456697,11:57:36.697,blofin,AERO/USDT:USDT,0.8966,4533.0,0.8955,1224.0,0.8968,558.0,0.8976,610.0
1753617457697,11:57:37.697,blofin,AERO/USDT:USDT,0.8966,4522.0,0.896,2059.0,0.8968,799.0,0.8974,6493.0
1753617457751,11:57:37.751,blofin,AERO/USDT:USDT,0.8966,4522.0,0.896,2059.0,0.8968,799.0,0.8974,6493.0
1753617458697,11:57:38.697,blofin,AERO/USDT:USDT,0.8966,4522.0,0.8959,4056.0,0.8968,999.0,0.8976,1054.0
1753617459698,11:57:39.698,blofin,AERO/USDT:USDT,0.8966,4523.0,0.8955,1224.0,0.8968,1005.0,0.8976,610.0
1753617460698,11:57:40.698,blofin,AERO/USDT:USDT,0.8966,4522.0,0.8955,8596.0,0.8968,20.0,0.8976,610.0
1753617461701,11:57:41.701,blofin,AERO/USDT:USDT,0.8966,4521.0,0.8955,8596.0,0.8968,21.0,0.8976,610.0
1753617462702,11:57:42.702,blofin,AERO/USDT:USDT,0.8966,4747.0,0.8955,1224.0,0.8968,15.0,0.8976,610.0
1753617463705,11:57:43.705,blofin,AERO/USDT:USDT,0.8966,4752.0,0.8955,1224.0,0.8968,15.0,0.8976,610.0
1753617464701,11:57:44.701,blofin,AERO/USDT:USDT,0.8966,4639.0,0.8955,1224.0,0.8968,14.0,0.8976,610.0
1753617465702,11:57:45.702,blofin,AERO/USDT:USDT,0.8966,4756.0,0.8962,6735.0,0.8968,14.0,0.8972,2399.0
1753617465754,11:57:45.754,blofin,AERO/USDT:USDT,0.8969,4748.0,0.8966,5.0,0.8972,6.0,0.8976,610.0
1753617466704,11:57:46.704,blofin,AERO/USDT:USDT,0.8969,4750.0,0.8966,5.0,0.8972,8.0,0.8976,610.0
1753617467245,11:57:47.245,blofin,AERO/USDT:USDT,0.8969,4610.0,0.8966,5.0,0.8971,938.0,0.8972,2.0
1753617467704,11:57:47.704,blofin,AERO/USDT:USDT,0.8969,4074.0,0.8966,5.0,0.8971,649.0,0.8972,2.0
1753617468705,11:57:48.705,blofin,AERO/USDT:USDT,0.8969,4074.0,0.8966,5.0,0.8971,536.0,0.8972,2.0
1753617469706,11:57:49.706,blofin,AERO/USDT:USDT,0.8969,4074.0,0.8966,5.0,0.8971,649.0,0.8972,2.0
1753617470706,11:57:50.706,blofin,AERO/USDT:USDT,0.8969,4084.0,0.8966,5.0,0.8971,540.0,0.8976,610.0
1753617471708,11:57:51.708,blofin,AERO/USDT:USDT,0.8969,4085.0,0.8966,5.0,0.8971,539.0,0.8976,610.0
1753617472709,11:57:52.709,blofin,AERO/USDT:USDT,0.8969,4085.0,0.8966,5.0,0.8971,652.0,0.8976,610.0
1753617473708,11:57:53.708,blofin,AERO/USDT:USDT,0.8969,4085.0,0.8967,1368.0,0.8971,652.0,0.8973,1267.0
1753617473758,11:57:53.758,blofin,AERO/USDT:USDT,0.8969,4085.0,0.8967,1368.0,0.8971,652.0,0.8973,1267.0
1753617474709,11:57:54.709,blofin,AERO/USDT:USDT,0.8969,4085.0,0.8966,5.0,0.8971,652.0,0.8976,610.0
1753617475710,11:57:55.710,blofin,AERO/USDT:USDT,0.8969,4429.0,0.8967,7826.0,0.8971,654.0,0.8973,4740.0
1753617476724,11:57:56.724,blofin,AERO/USDT:USDT,0.8969,4432.0,0.8967,7826.0,0.8971,655.0,0.8973,4740.0
1753617477793,11:57:57.793,blofin,AERO/USDT:USDT,0.897,4434.0,0.8969,8.0,0.8971,9.0,0.8972,848.0
1753617477991,11:57:57.991,blofin,AERO/USDT:USDT,0.8969,556.0,0.8964,2447.0,0.8971,9.0,0.8972,137.0
1753617478713,11:57:58.713,blofin,AERO/USDT:USDT,0.8969,4431.0,0.8964,2447.0,0.8971,9.0,0.8972,685.0
1753617480714,11:58:00.714,blofin,AERO/USDT:USDT,0.8969,4544.0,0.8964,1968.0,0.8971,9.0,0.8972,909.0
1753617480766,11:58:00.766,blofin,AERO/USDT:USDT,0.8969,4543.0,0.8964,1968.0,0.8971,9.0,0.8972,909.0
1753617481715,11:58:01.715,blofin,AERO/USDT:USDT,0.8969,4540.0,0.8964,1968.0,0.8971,5.0,0.8972,914.0
1753617482714,11:58:02.714,blofin,AERO/USDT:USDT,0.8969,4542.0,0.8964,1968.0,0.8971,5.0,0.8972,914.0
1753617483718,11:58:03.718,blofin,AERO/USDT:USDT,0.8969,4526.0,0.8964,1968.0,0.8971,5.0,0.8972,914.0
1753617484058,11:58:04.058,blofin,AERO/USDT:USDT,0.897,4519.0,0.8969,8.0,0.8971,5.0,0.8972,924.0
1753617484716,11:58:04.716,blofin,AERO/USDT:USDT,0.897,548.0,0.8969,8.0,0.8971,5.0,0.8972,15.0
1753617485716,11:58:05.716,blofin,AERO/USDT:USDT,0.897,548.0,0.8969,8.0,0.8971,5.0,0.8972,15.0
1753617486718,11:58:06.718,blofin,AERO/USDT:USDT,0.897,552.0,0.8969,3.0,0.8971,5.0,0.8972,12.0
1753617487128,11:58:07.128,blofin,AERO/USDT:USDT,0.897,4.0,0.8969,551.0,0.8971,5.0,0.8972,12.0
1753617487718,11:58:07.718,blofin,AERO/USDT:USDT,0.897,4.0,0.8969,4522.0,0.8971,285.0,0.8972,2.0
1753617487768,11:58:07.768,blofin,AERO/USDT:USDT,0.8969,4527.0,0.8964,1968.0,0.8971,285.0,0.8972,2.0
1753617487826,11:58:07.826,blofin,AERO/USDT:USDT,0.8969,4527.0,0.8966,11390.0,0.8971,5.0,0.8972,282.0
1753617488646,11:58:08.646,blofin,AERO/USDT:USDT,0.897,4519.0,0.8969,8.0,0.8971,5.0,0.8972,556.0
1753617488722,11:58:08.722,blofin,AERO/USDT:USDT,0.897,879.0,0.8969,8.0,0.8971,5.0,0.8972,21.0
1753617489723,11:58:09.723,blofin,AERO/USDT:USDT,0.897,995.0,0.8969,3.0,0.8971,5.0,0.8972,21.0
1753617490724,11:58:10.724,blofin,AERO/USDT:USDT,0.897,638.0,0.8969,3.0,0.8971,5.0,0.8972,15.0
1753617491723,11:58:11.723,blofin,AERO/USDT:USDT,0.897,638.0,0.8969,3.0,0.8971,5.0,0.8972,12.0
1753617492724,11:58:12.724,blofin,AERO/USDT:USDT,0.897,1263.0,0.8969,3.0,0.8971,5.0,0.8972,547.0
1753617493729,11:58:13.729,blofin,AERO/USDT:USDT,0.897,1283.0,0.8969,3.0,0.8971,5.0,0.8972,548.0
1753617494725,11:58:14.725,blofin,AERO/USDT:USDT,0.897,264.0,0.8969,3.0,0.8971,5.0,0.8972,774.0
1753617495727,11:58:15.727,blofin,AERO/USDT:USDT,0.897,264.0,0.8969,3.0,0.8971,5.0,0.8972,797.0
1753617496727,11:58:16.727,blofin,AERO/USDT:USDT,0.897,265.0,0.8969,3.0,0.8971,5.0,0.8972,797.0
1753617497728,11:58:17.728,blofin,AERO/USDT:USDT,0.897,265.0,0.8969,3.0,0.8971,5.0,0.8972,660.0
1753617498730,11:58:18.730,blofin,AERO/USDT:USDT,0.897,285.0,0.8969,3.0,0.8971,5.0,0.8972,773.0
1753617499729,11:58:19.729,blofin,AERO/USDT:USDT,0.897,265.0,0.8969,3.0,0.8971,5.0,0.8972,796.0
1753617500729,11:58:20.729,blofin,AERO/USDT:USDT,0.897,265.0,0.8969,3.0,0.8971,5.0,0.8972,1348.0
1753617501732,11:58:21.732,blofin,AERO/USDT:USDT,0.897,264.0,0.8969,3.0,0.8971,5.0,0.8972,1345.0
1753617502732,11:58:22.732,blofin,AERO/USDT:USDT,0.897,360.0,0.8969,3.0,0.8971,5.0,0.8972,2224.0
1753617502884,11:58:22.884,blofin,AERO/USDT:USDT,0.897,2.0,0.8969,193.0,0.8971,2227.0,0.8972,2.0
1753617503537,11:58:23.537,blofin,AERO/USDT:USDT,0.8964,1968.0,0.8963,1183.0,0.8968,2425.0,0.8971,5.0
1753617503733,11:58:23.733,blofin,AERO/USDT:USDT,0.8964,1968.0,0.8963,1220.0,0.8966,1526.0,0.8971,5.0
1753617504735,11:58:24.735,blofin,AERO/USDT:USDT,0.8964,1968.0,0.8963,1249.0,0.8966,1526.0,0.8971,5.0
1753617505118,11:58:25.118,blofin,AERO/USDT:USDT,0.8964,2514.0,0.8963,704.0,0.8966,1526.0,0.8971,5.0
1753617505737,11:58:25.737,blofin,AERO/USDT:USDT,0.8964,2504.0,0.8963,704.0,0.8967,1653.0,0.8971,5.0
1753617506748,11:58:26.748,blofin,AERO/USDT:USDT,0.8965,540.0,0.8963,8622.0,0.8967,1463.0,0.8969,2989.0
1753617507737,11:58:27.737,blofin,AERO/USDT:USDT,0.8965,543.0,0.8961,10332.0,0.8967,14.0,0.8972,4311.0
1753617508737,11:58:28.737,blofin,AERO/USDT:USDT,0.8965,545.0,0.896,6405.0,0.8967,14.0,0.8973,5879.0
1753617509738,11:58:29.738,blofin,AERO/USDT:USDT,0.8965,607.0,0.8955,698.0,0.8967,12.0,0.8974,576.0
1753617510738,11:58:30.738,blofin,AERO/USDT:USDT,0.8965,607.0,0.8955,698.0,0.8967,47.0,0.8974,576.0
1753617511738,11:58:31.738,blofin,AERO/USDT:USDT,0.8965,603.0,0.8954,2455.0,0.8967,50.0,0.8977,474.0
1753617512739,11:58:32.739,blofin,AERO/USDT:USDT,0.8967,477.0,0.8965,5.0,0.8969,9.0,0.8977,5693.0
1753617513739,11:58:33.739,blofin,AERO/USDT:USDT,0.8967,1132.0,0.8965,5.0,0.8969,14.0,0.8973,8619.0
1753617514739,11:58:34.739,blofin,AERO/USDT:USDT,0.8967,1137.0,0.8965,4.0,0.8969,14.0,0.8977,474.0
1753617515741,11:58:35.741,blofin,AERO/USDT:USDT,0.8967,905.0,0.8965,4.0,0.8969,14.0,0.8975,541.0
1753617516743,11:58:36.743,blofin,AERO/USDT:USDT,0.8967,905.0,0.8965,4.0,0.8969,11.0,0.8975,541.0
1753617517743,11:58:37.743,blofin,AERO/USDT:USDT,0.8967,67.0,0.8965,5283.0,0.8969,544.0,0.8971,8187.0
1753617518741,11:58:38.741,blofin,AERO/USDT:USDT,0.8967,601.0,0.8965,4.0,0.8969,13.0,0.8977,474.0
1753617519742,11:58:39.742,blofin,AERO/USDT:USDT,0.8967,599.0,0.8965,4.0,0.8969,13.0,0.8972,1102.0
1753617520742,11:58:40.742,blofin,AERO/USDT:USDT,0.8967,713.0,0.8965,4.0,0.8969,13.0,0.8977,474.0
1753617521744,11:58:41.744,blofin,AERO/USDT:USDT,0.8967,711.0,0.8965,4.0,0.8969,11.0,0.8977,474.0
1753617522744,11:58:42.744,blofin,AERO/USDT:USDT,0.8967,598.0,0.8965,4.0,0.8969,12.0,0.8974,3872.0
1753617523744,11:58:43.744,blofin,AERO/USDT:USDT,0.8967,598.0,0.8965,4.0,0.8969,11.0,0.8977,474.0
1753617524745,11:58:44.745,blofin,AERO/USDT:USDT,0.8967,598.0,0.8965,4.0,0.8969,14.0,0.8974,9643.0
1753617525746,11:58:45.746,blofin,AERO/USDT:USDT,0.8967,598.0,0.8965,4.0,0.8969,14.0,0.8974,5355.0
1753617526749,11:58:46.749,blofin,AERO/USDT:USDT,0.8967,599.0,0.8965,4.0,0.8969,10.0,0.8974,5355.0
1753617527747,11:58:47.747,blofin,AERO/USDT:USDT,0.8967,63.0,0.8965,4.0,0.8969,544.0,0.8976,309.0
1753617528749,11:58:48.749,blofin,AERO/USDT:USDT,0.8967,65.0,0.8965,4.0,0.8969,544.0,0.8976,309.0
1753617529748,11:58:49.748,blofin,AERO/USDT:USDT,0.8967,65.0,0.8965,4.0,0.8969,657.0,0.8976,9776.0
1753617530751,11:58:50.751,blofin,AERO/USDT:USDT,0.8967,65.0,0.8965,4.0,0.8969,544.0,0.8973,3501.0
1753617531749,11:58:51.749,blofin,AERO/USDT:USDT,0.8967,63.0,0.8965,4.0,0.8969,544.0,0.8973,3501.0
1753617532749,11:58:52.749,blofin,AERO/USDT:USDT,0.8967,63.0,0.8965,4.0,0.8969,544.0,0.8977,474.0
1753617533752,11:58:53.752,blofin,AERO/USDT:USDT,0.8967,66.0,0.8965,4.0,0.8969,544.0,0.8977,474.0
1753617534753,11:58:54.753,blofin,AERO/USDT:USDT,0.8967,600.0,0.8965,4.0,0.8969,11.0,0.8977,474.0
1753617535753,11:58:55.753,blofin,AERO/USDT:USDT,0.8967,724.0,0.8965,4.0,0.8969,12.0,0.8976,2782.0
1753617536771,11:58:56.771,blofin,AERO/USDT:USDT,0.8967,724.0,0.8961,5463.0,0.8969,17.0,0.8976,2782.0
1753617537807,11:58:57.807,blofin,AERO/USDT:USDT,0.8967,727.0,0.8959,1733.0,0.8969,9.0,0.897,9.0
1753617538755,11:58:58.755,blofin,AERO/USDT:USDT,0.8968,619.0,0.8967,7.0,0.8969,9.0,0.897,18.0
1753617539215,11:58:59.215,blofin,AERO/USDT:USDT,0.8969,619.0,0.8968,2.0,0.8973,18.0,0.898,1524.0
1753617539755,11:58:59.755,blofin,AERO/USDT:USDT,0.897,1851.0,0.8968,2.0,0.8973,579.0,0.8977,2467.0
1753617540437,11:59:00.437,blofin,AERO/USDT:USDT,0.8971,2093.0,0.897,1.0,0.8973,28.0,0.898,1524.0
1753617540756,11:59:00.756,blofin,AERO/USDT:USDT,0.8971,969.0,0.897,1.0,0.8973,28.0,0.898,1524.0
1753617541758,11:59:01.758,blofin,AERO/USDT:USDT,0.8971,974.0,0.8967,3.0,0.8973,32.0,0.898,1524.0
1753617542758,11:59:02.758,blofin,AERO/USDT:USDT,0.8971,938.0,0.8967,3.0,0.8973,8.0,0.898,499.0
1753617543758,11:59:03.758,blofin,AERO/USDT:USDT,0.8971,822.0,0.8969,9890.0,0.8973,8.0,0.8975,8046.0
1753617544758,11:59:04.758,blofin,AERO/USDT:USDT,0.8971,822.0,0.8967,3.0,0.8973,18.0,0.898,928.0
1753617545760,11:59:05.760,blofin,AERO/USDT:USDT,0.8971,1058.0,0.8967,3.0,0.8973,18.0,0.898,928.0
1753617546762,11:59:06.762,blofin,AERO/USDT:USDT,0.8971,1061.0,0.8967,3.0,0.8973,20.0,0.898,499.0
1753617547762,11:59:07.762,blofin,AERO/USDT:USDT,0.8971,1395.0,0.8967,3.0,0.8973,18.0,0.898,499.0
1753617548764,11:59:08.764,blofin,AERO/USDT:USDT,0.8971,1454.0,0.8967,3.0,0.8973,18.0,0.898,499.0
1753617549506,11:59:09.506,blofin,AERO/USDT:USDT,0.8972,1614.0,0.8971,3.0,0.8973,2.0,0.8974,16.0
1753617549766,11:59:09.766,blofin,AERO/USDT:USDT,0.8973,1264.0,0.8971,3.0,0.8975,9.0,0.898,499.0
1753617550765,11:59:10.765,blofin,AERO/USDT:USDT,0.8973,1206.0,0.8969,10154.0,0.8975,2009.0,0.8979,7938.0
1753617551768,11:59:11.768,blofin,AERO/USDT:USDT,0.8973,1203.0,0.8969,10154.0,0.8975,2013.0,0.8979,7938.0
1753617552767,11:59:12.767,blofin,AERO/USDT:USDT,0.8973,1211.0,0.8971,7018.0,0.8975,2014.0,0.8977,1016.0
1753617553767,11:59:13.767,blofin,AERO/USDT:USDT,0.8973,1320.0,0.8967,510.0,0.8975,2014.0,0.898,499.0
1753617554767,11:59:14.767,blofin,AERO/USDT:USDT,0.8973,1320.0,0.8968,254.0,0.8975,2013.0,0.898,5888.0
1753617555768,11:59:15.768,blofin,AERO/USDT:USDT,0.8973,1264.0,0.8967,3.0,0.8975,2004.0,0.898,499.0
1753617556769,11:59:16.769,blofin,AERO/USDT:USDT,0.8973,1266.0,0.8967,3.0,0.8975,2002.0,0.898,499.0
1753617557769,11:59:17.769,blofin,AERO/USDT:USDT,0.8973,1533.0,0.8967,3.0,0.8975,2005.0,0.898,499.0
1753617558336,11:59:18.336,blofin,AERO/USDT:USDT,0.8977,576.0,0.8973,4.0,0.898,508.0,0.8981,1411.0
1753617558772,11:59:18.772,blofin,AERO/USDT:USDT,0.8978,1222.0,0.8973,4.0,0.898,699.0,0.8981,1411.0
1753617559773,11:59:19.773,blofin,AERO/USDT:USDT,0.8978,435.0,0.8973,4.0,0.898,1553.0,0.8981,1411.0
1753617560546,11:59:20.546,blofin,AERO/USDT:USDT,0.8977,435.0,0.8973,4.0,0.898,1663.0,0.8981,1411.0
1753617560624,11:59:20.624,blofin,AERO/USDT:USDT,0.8976,28.0,0.8973,342.0,0.8978,847.0,0.898,500.0
1753617560776,11:59:20.776,blofin,AERO/USDT:USDT,0.8975,2020.0,0.8973,4.0,0.8978,537.0,0.898,500.0
1753617561772,11:59:21.772,blofin,AERO/USDT:USDT,0.8975,2021.0,0.8967,3.0,0.8978,539.0,0.898,499.0
1753617562820,11:59:22.820,blofin,AERO/USDT:USDT,0.8976,2229.0,0.8975,4.0,0.8978,2.0,0.898,1036.0
1753617564774,11:59:24.774,blofin,AERO/USDT:USDT,0.8977,599.0,0.8975,4.0,0.898,1416.0,0.8981,1411.0
1753617565775,11:59:25.775,blofin,AERO/USDT:USDT,0.8977,604.0,0.8973,5833.0,0.898,1303.0,0.8981,1411.0
1753617565870,11:59:25.870,blofin,AERO/USDT:USDT,0.8977,601.0,0.8968,7072.0,0.8979,10.0,0.898,504.0
1753617566789,11:59:26.789,blofin,AERO/USDT:USDT,0.8977,603.0,0.8968,7072.0,0.8979,13.0,0.898,5.0
1753617567779,11:59:27.779,blofin,AERO/USDT:USDT,0.8977,67.0,0.897,3057.0,0.8979,956.0,0.8986,5778.0
1753617568787,11:59:28.787,blofin,AERO/USDT:USDT,0.8977,67.0,0.8968,6108.0,0.8979,1043.0,0.8988,10131.0
1753617569780,11:59:29.780,blofin,AERO/USDT:USDT,0.8977,65.0,0.8969,9458.0,0.8979,1066.0,0.8987,9526.0
1753617570783,11:59:30.783,blofin,AERO/USDT:USDT,0.8977,65.0,0.8971,7488.0,0.8979,957.0,0.8986,8200.0
1753617571783,11:59:31.783,blofin,AERO/USDT:USDT,0.8977,65.0,0.8971,7488.0,0.8979,957.0,0.8986,8200.0
1753617572784,11:59:32.784,blofin,AERO/USDT:USDT,0.8977,65.0,0.897,380.0,0.8979,1046.0,0.899,1200.0
1753617573784,11:59:33.784,blofin,AERO/USDT:USDT,0.8977,625.0,0.897,12154.0,0.8979,254.0,0.8987,5714.0
1753617574786,11:59:34.786,blofin,AERO/USDT:USDT,0.8977,644.0,0.8975,3474.0,0.8979,257.0,0.8981,10464.0
1753617575789,11:59:35.789,blofin,AERO/USDT:USDT,0.8977,84.0,0.8975,3979.0,0.8979,814.0,0.8981,9464.0
1753617576790,11:59:36.790,blofin,AERO/USDT:USDT,0.8977,87.0,0.8975,3979.0,0.8979,810.0,0.8981,9464.0
1753617577789,11:59:37.789,blofin,AERO/USDT:USDT,0.8977,87.0,0.8971,297.0,0.8979,810.0,0.8987,102.0
1753617578788,11:59:38.788,blofin,AERO/USDT:USDT,0.8977,643.0,0.8975,11304.0,0.8979,810.0,0.8982,13014.0
1753617579789,11:59:39.789,blofin,AERO/USDT:USDT,0.8977,643.0,0.8973,10769.0,0.8979,254.0,0.8984,10682.0
1753617580790,11:59:40.790,blofin,AERO/USDT:USDT,0.8977,643.0,0.8972,5843.0,0.8979,254.0,0.8984,9124.0
1753617581790,11:59:41.790,blofin,AERO/USDT:USDT,0.8977,641.0,0.8972,5843.0,0.8979,255.0,0.8984,9124.0
1753617582790,11:59:42.790,blofin,AERO/USDT:USDT,0.8977,85.0,0.8966,1672.0,0.8979,813.0,0.899,1235.0
1753617583793,11:59:43.793,blofin,AERO/USDT:USDT,0.8977,85.0,0.8966,1183.0,0.8979,813.0,0.899,1235.0
1753617584791,11:59:44.791,blofin,AERO/USDT:USDT,0.8977,636.0,0.8974,452.0,0.8979,257.0,0.8982,6451.0
1753617585792,11:59:45.792,blofin,AERO/USDT:USDT,0.8977,636.0,0.8966,1183.0,0.8979,254.0,0.899,1235.0
1753617586793,11:59:46.793,blofin,AERO/USDT:USDT,0.8977,635.0,0.8966,1183.0,0.8979,254.0,0.899,971.0
1753617587793,11:59:47.793,blofin,AERO/USDT:USDT,0.8977,635.0,0.8966,3539.0,0.8979,254.0,0.899,6570.0
1753617588793,11:59:48.793,blofin,AERO/USDT:USDT,0.8977,637.0,0.8968,461.0,0.8979,254.0,0.8989,289.0
1753617589794,11:59:49.794,blofin,AERO/USDT:USDT,0.8977,643.0,0.8966,7408.0,0.8979,254.0,0.899,950.0
1753617590795,11:59:50.795,blofin,AERO/USDT:USDT,0.8977,105.0,0.8975,2150.0,0.8979,578.0,0.8981,2504.0
1753617591796,11:59:51.796,blofin,AERO/USDT:USDT,0.8977,105.0,0.8975,2150.0,0.8979,580.0,0.8981,2504.0
1753617592798,11:59:52.798,blofin,AERO/USDT:USDT,0.8977,99.0,0.897,437.0,0.8979,693.0,0.8987,594.0
1753617593798,11:59:53.798,blofin,AERO/USDT:USDT,0.8977,101.0,0.897,437.0,0.8979,580.0,0.8987,594.0
1753617594801,11:59:54.801,blofin,AERO/USDT:USDT,0.8977,98.0,0.8975,688.0,0.8979,693.0,0.8981,10286.0
1753617595798,11:59:55.798,blofin,AERO/USDT:USDT,0.8977,98.0,0.897,437.0,0.8979,580.0,0.8987,594.0
1753617596813,11:59:56.813,blofin,AERO/USDT:USDT,0.8977,98.0,0.897,437.0,0.8979,580.0,0.8987,594.0
1753617597802,11:59:57.802,blofin,AERO/USDT:USDT,0.8977,101.0,0.8975,6274.0,0.8979,579.0,0.8982,5700.0
1753617598801,11:59:58.801,blofin,AERO/USDT:USDT,0.8977,101.0,0.8973,5443.0,0.8979,1200.0,0.8983,4487.0
1753617599803,11:59:59.803,blofin,AERO/USDT:USDT,0.8977,101.0,0.897,294.0,0.8979,1309.0,0.899,850.0
1753617600811,12:00:00.811,blofin,AERO/USDT:USDT,0.8977,101.0,0.897,8821.0,0.8979,1644.0,0.8986,6418.0
1753617601804,12:00:01.804,blofin,AERO/USDT:USDT,0.8977,97.0,0.897,8821.0,0.8979,1646.0,0.8986,6418.0
1753617602546,12:00:02.546,blofin,AERO/USDT:USDT,0.8977,6.0,0.8975,94.0,0.8979,2307.0,0.899,856.0
1753617602668,12:00:02.668,blofin,AERO/USDT:USDT,0.8974,62.0,0.8969,2893.0,0.8976,547.0,0.8979,5.0
1753617602850,12:00:02.850,blofin,AERO/USDT:USDT,0.8975,547.0,0.8971,7309.0,0.8977,547.0,0.8979,5.0
1753617603089,12:00:03.089,blofin,AERO/USDT:USDT,0.8975,747.0,0.8973,4934.0,0.8978,9.0,0.8979,5.0
1753617603437,12:00:03.437,blofin,AERO/USDT:USDT,0.8975,915.0,0.8966,1683.0,0.8977,903.0,0.8979,5.0
1753617604809,12:00:04.809,blofin,AERO/USDT:USDT,0.8977,975.0,0.8966,1130.0,0.8979,24.0,0.899,856.0
1753617605808,12:00:05.808,blofin,AERO/USDT:USDT,0.8977,1173.0,0.8966,1130.0,0.8979,16.0,0.899,856.0
1753617606956,12:00:06.956,blofin,AERO/USDT:USDT,0.8977,4.0,0.8976,777.0,0.8979,17.0,0.8983,1719.0
1753617607809,12:00:07.809,blofin,AERO/USDT:USDT,0.8977,4.0,0.8975,839.0,0.8978,1570.0,0.8979,7.0
1753617607865,12:00:07.865,blofin,AERO/USDT:USDT,0.8977,4.0,0.8976,551.0,0.8978,1570.0,0.8979,7.0
1753617608455,12:00:08.455,blofin,AERO/USDT:USDT,0.8977,4.0,0.8975,551.0,0.8978,387.0,0.8979,7.0
1753617608815,12:00:08.815,blofin,AERO/USDT:USDT,0.8977,4.0,0.8975,833.0,0.8978,938.0,0.8979,7.0
1753617609810,12:00:09.810,blofin,AERO/USDT:USDT,0.8977,4.0,0.8975,839.0,0.8978,1570.0,0.8979,7.0
1753617610226,12:00:10.226,blofin,AERO/USDT:USDT,0.8976,553.0,0.8975,2.0,0.8978,1570.0,0.8979,7.0
1753617610812,12:00:10.812,blofin,AERO/USDT:USDT,0.8976,551.0,0.8975,2.0,0.8978,387.0,0.8979,7.0
1753617611820,12:00:11.820,blofin,AERO/USDT:USDT,0.8976,853.0,0.8967,10254.0,0.8978,387.0,0.8979,7.0
1753617612814,12:00:12.814,blofin,AERO/USDT:USDT,0.8976,636.0,0.8965,6204.0,0.8978,388.0,0.8979,2.0
1753617613818,12:00:13.818,blofin,AERO/USDT:USDT,0.8976,630.0,0.8967,2559.0,0.8978,388.0,0.8979,2.0
1753617614818,12:00:14.818,blofin,AERO/USDT:USDT,0.8976,630.0,0.8965,1130.0,0.8978,389.0,0.8979,2.0
1753617615819,12:00:15.819,blofin,AERO/USDT:USDT,0.8976,630.0,0.8965,1130.0,0.8978,391.0,0.8979,2.0
1753617616818,12:00:16.818,blofin,AERO/USDT:USDT,0.8976,632.0,0.8965,1130.0,0.8978,390.0,0.8979,2.0
1753617617820,12:00:17.820,blofin,AERO/USDT:USDT,0.8976,632.0,0.8973,8364.0,0.8978,390.0,0.8979,2.0
1753617618821,12:00:18.821,blofin,AERO/USDT:USDT,0.8976,632.0,0.8965,1130.0,0.8978,390.0,0.8979,2.0
1753617619820,12:00:19.820,blofin,AERO/USDT:USDT,0.8976,662.0,0.8965,1130.0,0.8978,390.0,0.8979,2.0
1753617620823,12:00:20.823,blofin,AERO/USDT:USDT,0.8976,231.0,0.8974,6475.0,0.8978,945.0,0.8979,2.0
1753617621823,12:00:21.823,blofin,AERO/USDT:USDT,0.8976,230.0,0.8974,6475.0,0.8978,947.0,0.8979,2.0
1753617622825,12:00:22.825,blofin,AERO/USDT:USDT,0.8976,933.0,0.8974,11254.0,0.8978,374.0,0.8979,2.0
1753617623829,12:00:23.829,blofin,AERO/USDT:USDT,0.8976,933.0,0.8965,1130.0,0.8978,376.0,0.8979,2.0
1753617624827,12:00:24.827,blofin,AERO/USDT:USDT,0.8976,933.0,0.8967,11557.0,0.8978,376.0,0.8979,2.0
1753617625656,12:00:25.656,blofin,AERO/USDT:USDT,0.8976,3.0,0.8975,930.0,0.8978,373.0,0.8979,2.0
1753617625825,12:00:25.825,blofin,AERO/USDT:USDT,0.8976,3.0,0.8975,894.0,0.8978,922.0,0.8979,2.0
1753617626838,12:00:26.838,blofin,AERO/USDT:USDT,0.8975,902.0,0.897,3744.0,0.8978,925.0,0.8983,8603.0
1753617627826,12:00:27.826,blofin,AERO/USDT:USDT,0.8975,1417.0,0.8969,193.0,0.8978,375.0,0.8987,1772.0
1753617628686,12:00:28.686,blofin,AERO/USDT:USDT,0.8976,1409.0,0.8975,8.0,0.8978,379.0,0.8982,1997.0
1753617628827,12:00:28.827,blofin,AERO/USDT:USDT,0.8976,1170.0,0.8975,8.0,0.8978,379.0,0.8981,792.0
1753617629486,12:00:29.486,blofin,AERO/USDT:USDT,0.8975,18.0,0.8969,637.0,0.8978,1060.0,0.8985,7901.0
1753617629828,12:00:29.828,blofin,AERO/USDT:USDT,0.8975,14.0,0.8969,637.0,0.8977,722.0,0.8978,8.0
1753617630829,12:00:30.829,blofin,AERO/USDT:USDT,0.8975,395.0,0.8969,637.0,0.8977,742.0,0.8978,8.0
1753617631830,12:00:31.830,blofin,AERO/USDT:USDT,0.8975,396.0,0.8969,193.0,0.8977,747.0,0.8978,3.0
1753617632832,12:00:32.832,blofin,AERO/USDT:USDT,0.8973,208.0,0.8969,193.0,0.8975,613.0,0.8977,5.0
1753617633835,12:00:33.835,blofin,AERO/USDT:USDT,0.8973,208.0,0.8969,193.0,0.8975,616.0,0.8978,3.0
1753617634884,12:00:34.884,blofin,AERO/USDT:USDT,0.8973,210.0,0.8969,193.0,0.8975,646.0,0.8978,3.0
1753617635832,12:00:35.832,blofin,AERO/USDT:USDT,0.8973,210.0,0.8969,193.0,0.8975,673.0,0.8978,3.0
1753617636836,12:00:36.836,blofin,AERO/USDT:USDT,0.8973,213.0,0.8969,193.0,0.8975,671.0,0.8978,3.0
1753617637834,12:00:37.834,blofin,AERO/USDT:USDT,0.8973,209.0,0.8969,193.0,0.8975,671.0,0.8978,3.0
1753617638835,12:00:38.835,blofin,AERO/USDT:USDT,0.8973,209.0,0.8969,9892.0,0.8975,671.0,0.8978,3.0
1753617639840,12:00:39.840,blofin,AERO/USDT:USDT,0.8973,209.0,0.8971,624.0,0.8975,671.0,0.8978,9963.0
1753617640836,12:00:40.836,blofin,AERO/USDT:USDT,0.8973,209.0,0.8971,8754.0,0.8975,671.0,0.8977,11764.0
1753617641836,12:00:41.836,blofin,AERO/USDT:USDT,0.8973,211.0,0.8971,8754.0,0.8975,675.0,0.8977,11764.0
1753617642837,12:00:42.837,blofin,AERO/USDT:USDT,0.8973,210.0,0.8969,193.0,0.8975,1005.0,0.8978,3.0
1753617643840,12:00:43.840,blofin,AERO/USDT:USDT,0.8973,210.0,0.897,9052.0,0.8975,1005.0,0.8978,3.0
1753617644839,12:00:44.839,blofin,AERO/USDT:USDT,0.8973,210.0,0.8969,193.0,0.8975,1011.0,0.8978,3.0
1753617645840,12:00:45.840,blofin,AERO/USDT:USDT,0.8973,209.0,0.8969,193.0,0.8975,1121.0,0.8978,3.0
1753617646841,12:00:46.841,blofin,AERO/USDT:USDT,0.8973,213.0,0.8969,193.0,0.8975,1121.0,0.8978,3.0
1753617647842,12:00:47.842,blofin,AERO/USDT:USDT,0.8973,213.0,0.8969,193.0,0.8975,1341.0,0.8978,3.0
1753617648842,12:00:48.842,blofin,AERO/USDT:USDT,0.8973,209.0,0.8969,193.0,0.8975,1341.0,0.8978,3.0
1753617649842,12:00:49.842,blofin,AERO/USDT:USDT,0.8973,71.0,0.8969,193.0,0.8975,1444.0,0.8978,3.0
1753617650952,12:00:50.952,blofin,AERO/USDT:USDT,0.8973,1.0,0.8972,70.0,0.8974,2126.0,0.8975,3.0
1753617651844,12:00:51.844,blofin,AERO/USDT:USDT,0.8971,31.0,0.8969,193.0,0.8973,2017.0,0.8978,3.0
1753617652847,12:00:52.847,blofin,AERO/USDT:USDT,0.8971,17.0,0.8969,193.0,0.8973,837.0,0.8978,3.0
1753617653846,12:00:53.846,blofin,AERO/USDT:USDT,0.8971,45.0,0.8969,193.0,0.8973,1079.0,0.8978,3.0
1753617654849,12:00:54.849,blofin,AERO/USDT:USDT,0.8971,49.0,0.8969,193.0,0.8973,947.0,0.8978,3.0
1753617655846,12:00:55.846,blofin,AERO/USDT:USDT,0.8971,54.0,0.8969,193.0,0.8973,610.0,0.8978,3.0
1753617656859,12:00:56.859,blofin,AERO/USDT:USDT,0.8971,59.0,0.896,1131.0,0.8973,613.0,0.8984,1021.0
1753617657852,12:00:57.852,blofin,AERO/USDT:USDT,0.8971,595.0,0.896,1126.0,0.8973,108.0,0.8984,1027.0
1753617658850,12:00:58.850,blofin,AERO/USDT:USDT,0.8971,53.0,0.8963,2421.0,0.8973,650.0,0.8981,10325.0
1753617659849,12:00:59.849,blofin,AERO/USDT:USDT,0.8971,595.0,0.896,1126.0,0.8973,107.0,0.8984,1027.0
1753617660278,12:01:00.278,blofin,AERO/USDT:USDT,0.8971,813.0,0.896,1126.0,0.8973,9.0,0.8975,98.0
1753617660849,12:01:00.849,blofin,AERO/USDT:USDT,0.8973,1061.0,0.8971,9.0,0.8975,148.0,0.8984,1027.0
1753617661851,12:01:01.851,blofin,AERO/USDT:USDT,0.8973,1063.0,0.8971,5.0,0.8975,152.0,0.8984,1027.0
1753617662852,12:01:02.852,blofin,AERO/USDT:USDT,0.8973,1504.0,0.8971,5.0,0.8975,51.0,0.8986,1028.0
1753617663853,12:01:03.853,blofin,AERO/USDT:USDT,0.8973,1504.0,0.8971,5.0,0.8975,52.0,0.8982,12097.0
1753617664853,12:01:04.853,blofin,AERO/USDT:USDT,0.8973,1504.0,0.8971,5.0,0.8975,52.0,0.8986,1028.0
1753617665854,12:01:05.854,blofin,AERO/USDT:USDT,0.8973,1901.0,0.8971,5.0,0.8975,48.0,0.8986,1028.0
1753617666856,12:01:06.856,blofin,AERO/USDT:USDT,0.8973,1904.0,0.8971,5.0,0.8975,48.0,0.8986,1028.0
1753617667860,12:01:07.860,blofin,AERO/USDT:USDT,0.8973,1686.0,0.8971,5.0,0.8975,48.0,0.8986,1029.0
1753617668856,12:01:08.856,blofin,AERO/USDT:USDT,0.8973,1683.0,0.8971,5.0,0.8975,48.0,0.8986,1029.0
1753617669857,12:01:09.857,blofin,AERO/USDT:USDT,0.8973,1683.0,0.8971,5.0,0.8975,48.0,0.8978,875.0
1753617670858,12:01:10.858,blofin,AERO/USDT:USDT,0.8973,1683.0,0.8971,5.0,0.8975,39.0,0.8978,10803.0
1753617671861,12:01:11.861,blofin,AERO/USDT:USDT,0.8973,1685.0,0.8971,5.0,0.8975,42.0,0.8978,10803.0
1753617672863,12:01:12.863,blofin,AERO/USDT:USDT,0.8973,1685.0,0.8971,5.0,0.8975,43.0,0.8981,449.0
1753617673863,12:01:13.863,blofin,AERO/USDT:USDT,0.8973,1683.0,0.8971,5.0,0.8975,43.0,0.8981,449.0
1753617674866,12:01:14.866,blofin,AERO/USDT:USDT,0.8973,2396.0,0.8971,5.0,0.8975,43.0,0.8981,449.0
1753617675866,12:01:15.866,blofin,AERO/USDT:USDT,0.8973,2394.0,0.8971,5.0,0.8975,43.0,0.8979,10068.0
1753617676869,12:01:16.869,blofin,AERO/USDT:USDT,0.8973,2396.0,0.8971,5.0,0.8975,40.0,0.8979,10068.0
1753617678188,12:01:18.188,blofin,AERO/USDT:USDT,0.8973,5.0,0.8972,6.0,0.8975,1039.0,0.8984,330.0
1753617678868,12:01:18.868,blofin,AERO/USDT:USDT,0.8971,21.0,0.8964,123.0,0.8973,987.0,0.8975,2.0
1753617679869,12:01:19.869,blofin,AERO/USDT:USDT,0.8971,579.0,0.8964,123.0,0.8973,864.0,0.8984,2376.0
1753617680227,12:01:20.227,blofin,AERO/USDT:USDT,0.8971,24.0,0.8964,123.0,0.8973,4.0,0.8974,854.0
1753617680455,12:01:20.455,blofin,AERO/USDT:USDT,0.8971,837.0,0.8967,537.0,0.8973,4.0,0.8974,39.0
1753617680988,12:01:20.988,blofin,AERO/USDT:USDT,0.8971,837.0,0.8964,8433.0,0.8973,1096.0,0.898,2457.0
1753617681870,12:01:21.870,blofin,AERO/USDT:USDT,0.8971,838.0,0.8964,8310.0,0.8973,1097.0,0.898,2457.0
1753617682869,12:01:22.869,blofin,AERO/USDT:USDT,0.8971,25.0,0.8962,605.0,0.8973,693.0,0.8984,1049.0
1753617683870,12:01:23.870,blofin,AERO/USDT:USDT,0.8971,608.0,0.8962,9001.0,0.8973,26.0,0.8982,5301.0
1753617684828,12:01:24.828,blofin,AERO/USDT:USDT,0.8971,886.0,0.8962,605.0,0.8973,5.0,0.8974,21.0
1753617684917,12:01:24.917,blofin,AERO/USDT:USDT,0.8971,668.0,0.8962,2505.0,0.8973,1458.0,0.8983,14335.0
1753617686886,12:01:26.886,blofin,AERO/USDT:USDT,0.8971,635.0,0.8965,3738.0,0.8973,1459.0,0.8979,3866.0
1753617687874,12:01:27.874,blofin,AERO/USDT:USDT,0.8971,1328.0,0.8966,9652.0,0.8973,1458.0,0.8979,8391.0
1753617688873,12:01:28.873,blofin,AERO/USDT:USDT,0.8971,608.0,0.8964,345.0,0.8973,1458.0,0.8982,16445.0
1753617689873,12:01:29.873,blofin,AERO/USDT:USDT,0.8971,634.0,0.8964,345.0,0.8973,1458.0,0.8982,832.0
1753617690876,12:01:30.876,blofin,AERO/USDT:USDT,0.8971,640.0,0.8964,8952.0,0.8973,1500.0,0.898,3438.0
1753617691412,12:01:31.412,blofin,AERO/USDT:USDT,0.8971,634.0,0.8967,8657.0,0.8973,7.0,0.8976,1493.0
1753617691877,12:01:31.877,blofin,AERO/USDT:USDT,0.8976,391.0,0.8972,3555.0,0.8978,180.0,0.8982,832.0
1753617692876,12:01:32.876,blofin,AERO/USDT:USDT,0.8977,1091.0,0.8976,2.0,0.8978,4.0,0.8979,10.0
1753617693879,12:01:33.879,blofin,AERO/USDT:USDT,0.8977,1093.0,0.8971,4.0,0.8978,4.0,0.8979,20.0
1753617694877,12:01:34.877,blofin,AERO/USDT:USDT,0.8977,5324.0,0.8971,4.0,0.8978,4.0,0.8979,30.0
1753617695880,12:01:35.880,blofin,AERO/USDT:USDT,0.8977,5330.0,0.8971,4.0,0.8978,4.0,0.8979,30.0
1753617696880,12:01:36.880,blofin,AERO/USDT:USDT,0.8977,5329.0,0.8971,4.0,0.8979,33.0,0.8982,832.0
1753617697880,12:01:37.880,blofin,AERO/USDT:USDT,0.8977,5179.0,0.8971,4.0,0.8979,33.0,0.8982,832.0
1753617698885,12:01:38.885,blofin,AERO/USDT:USDT,0.8978,1332.0,0.8977,2.0,0.8979,3.0,0.898,7.0
1753617698939,12:01:38.939,blofin,AERO/USDT:USDT,0.8979,1332.0,0.8977,2.0,0.8982,832.0,0.8984,1441.0
1753617699884,12:01:39.884,blofin,AERO/USDT:USDT,0.8982,4838.0,0.8979,8784.0,0.8984,1692.0,0.8987,10531.0
1753617700884,12:01:40.884,blofin,AERO/USDT:USDT,0.8982,5086.0,0.8977,276.0,0.8984,1494.0,0.8987,1202.0
1753617701075,12:01:41.075,blofin,AERO/USDT:USDT,0.8982,5833.0,0.898,4195.0,0.8984,1435.0,0.8985,16.0
1753617701884,12:01:41.884,blofin,AERO/USDT:USDT,0.8983,5830.0,0.8973,811.0,0.8984,1434.0,0.8985,20.0
1753617702885,12:01:42.885,blofin,AERO/USDT:USDT,0.8983,1689.0,0.8973,3956.0,0.8984,1434.0,0.8985,6.0
1753617703940,12:01:43.940,blofin,AERO/USDT:USDT,0.8983,1941.0,0.8972,1124.0,0.8984,1434.0,0.8985,6.0
1753617704888,12:01:44.888,blofin,AERO/USDT:USDT,0.8983,1768.0,0.8977,13504.0,0.8984,1434.0,0.8985,6.0
1753617705888,12:01:45.888,blofin,AERO/USDT:USDT,0.8983,1612.0,0.8972,12373.0,0.8984,1434.0,0.8985,554.0
1753617706889,12:01:46.889,blofin,AERO/USDT:USDT,0.8983,1611.0,0.8972,12373.0,0.8984,1434.0,0.8985,553.0
1753617707889,12:01:47.889,blofin,AERO/USDT:USDT,0.8983,197.0,0.8974,2571.0,0.8984,1434.0,0.8985,794.0
1753617708605,12:01:48.605,blofin,AERO/USDT:USDT,0.8983,4.0,0.8982,193.0,0.8984,1434.0,0.8985,662.0
1753617708747,12:01:48.747,blofin,AERO/USDT:USDT,0.8983,4.0,0.8982,4887.0,0.8984,1434.0,0.8985,660.0
1753617708892,12:01:48.892,blofin,AERO/USDT:USDT,0.8983,4.0,0.8982,5355.0,0.8984,1434.0,0.8985,991.0
1753617710155,12:01:50.155,blofin,AERO/USDT:USDT,0.8982,5356.0,0.8975,5942.0,0.8984,2422.0,0.8985,3.0
1753617710941,12:01:50.941,blofin,AERO/USDT:USDT,0.8982,4901.0,0.8972,1124.0,0.8984,2091.0,0.8985,3.0
1753617711893,12:01:51.893,blofin,AERO/USDT:USDT,0.8982,4904.0,0.8972,1124.0,0.8984,2094.0,0.8987,1202.0
1753617712884,12:01:52.884,blofin,AERO/USDT:USDT,0.8982,4904.0,0.8971,1128.0,0.8984,1437.0,0.8985,109.0
1753617713019,12:01:53.019,blofin,AERO/USDT:USDT,0.8983,1.0,0.8982,548.0,0.8984,1437.0,0.8985,550.0
1753617713944,12:01:53.944,blofin,AERO/USDT:USDT,0.8983,1.0,0.8982,4900.0,0.8984,1984.0,0.8987,1202.0
1753617714598,12:01:54.598,blofin,AERO/USDT:USDT,0.8983,1.0,0.8982,4900.0,0.8984,1916.0,0.8987,1202.0
1753617714894,12:01:54.894,blofin,AERO/USDT:USDT,0.8983,1.0,0.8982,4900.0,0.8984,1916.0,0.8987,1202.0
1753617715898,12:01:55.898,blofin,AERO/USDT:USDT,0.8983,1.0,0.8982,4900.0,0.8984,2456.0,0.8987,1202.0
1753617716904,12:01:56.904,blofin,AERO/USDT:USDT,0.8983,1.0,0.8982,4900.0,0.8984,1976.0,0.8987,1202.0
1753617717895,12:01:57.895,blofin,AERO/USDT:USDT,0.8982,4907.0,0.8973,424.0,0.8984,542.0,0.8989,1419.0
1753617718898,12:01:58.898,blofin,AERO/USDT:USDT,0.8982,4910.0,0.8978,7281.0,0.8984,542.0,0.8988,12785.0
1753617720008,12:02:00.008,blofin,AERO/USDT:USDT,0.8983,4910.0,0.8982,9.0,0.8984,3.0,0.8985,538.0
1753617720912,12:02:00.912,blofin,AERO/USDT:USDT,0.8984,5635.0,0.8982,9.0,0.8986,7.0,0.8989,1419.0
1753617721949,12:02:01.949,blofin,AERO/USDT:USDT,0.8984,5744.0,0.8982,5.0,0.8986,9.0,0.8989,1419.0
1753617722900,12:02:02.900,blofin,AERO/USDT:USDT,0.8984,4578.0,0.8982,5.0,0.8986,547.0,0.8989,1419.0
1753617723901,12:02:03.901,blofin,AERO/USDT:USDT,0.8984,4232.0,0.8982,5.0,0.8986,765.0,0.8989,1419.0
1753617724899,12:02:04.899,blofin,AERO/USDT:USDT,0.8984,4255.0,0.8982,5.0,0.8986,659.0,0.8989,1419.0
1753617725901,12:02:05.901,blofin,AERO/USDT:USDT,0.8984,4256.0,0.8982,5.0,0.8986,774.0,0.8989,1419.0
1753617726904,12:02:06.904,blofin,AERO/USDT:USDT,0.8984,4257.0,0.8982,5.0,0.8986,773.0,0.8989,1419.0
1753617727903,12:02:07.903,blofin,AERO/USDT:USDT,0.8984,4257.0,0.8982,5.0,0.8986,1103.0,0.8989,1419.0
1753617728959,12:02:08.959,blofin,AERO/USDT:USDT,0.8982,4259.0,0.8979,7703.0,0.8984,763.0,0.8985,1.0
1753617729641,12:02:09.641,blofin,AERO/USDT:USDT,0.8982,5.0,0.898,10.0,0.8983,2125.0,0.8985,1.0
1753617729907,12:02:09.907,blofin,AERO/USDT:USDT,0.898,113.0,0.8973,1544.0,0.8982,582.0,0.8985,1.0
1753617730576,12:02:10.576,blofin,AERO/USDT:USDT,0.8979,113.0,0.8973,1544.0,0.8982,563.0,0.8989,1419.0
1753617730705,12:02:10.705,blofin,AERO/USDT:USDT,0.8978,9.0,0.8974,11461.0,0.8981,559.0,0.8982,4.0
1753617730907,12:02:10.907,blofin,AERO/USDT:USDT,0.8978,254.0,0.8973,1544.0,0.898,559.0,0.8982,4.0
1753617731907,12:02:11.907,blofin,AERO/USDT:USDT,0.8977,258.0,0.8973,1544.0,0.8979,560.0,0.8989,1419.0
1753617732911,12:02:12.911,blofin,AERO/USDT:USDT,0.8977,1042.0,0.8973,424.0,0.8979,17.0,0.8986,408.0
1753617733906,12:02:13.906,blofin,AERO/USDT:USDT,0.8977,819.0,0.8973,424.0,0.8979,17.0,0.8989,1419.0
1753617734908,12:02:14.908,blofin,AERO/USDT:USDT,0.8977,819.0,0.8973,424.0,0.8979,17.0,0.8989,1419.0
1753617735677,12:02:15.677,blofin,AERO/USDT:USDT,0.8981,551.0,0.8977,1.0,0.8983,9.0,0.8989,1419.0
1753617735955,12:02:15.955,blofin,AERO/USDT:USDT,0.898,551.0,0.8977,1.0,0.8983,565.0,0.8989,8067.0
1753617736715,12:02:16.715,blofin,AERO/USDT:USDT,0.898,551.0,0.8978,4503.0,0.8982,821.0,0.8983,5.0
1753617736911,12:02:16.911,blofin,AERO/USDT:USDT,0.8979,556.0,0.8976,4413.0,0.8982,825.0,0.8986,2133.0
1753617737911,12:02:17.911,blofin,AERO/USDT:USDT,0.8979,1063.0,0.8977,11754.0,0.8982,555.0,0.8984,8291.0
1753617738746,12:02:18.746,blofin,AERO/USDT:USDT,0.898,1062.0,0.8979,1.0,0.8982,555.0,0.8989,1419.0
1753617739126,12:02:19.126,blofin,AERO/USDT:USDT,0.898,553.0,0.8973,424.0,0.8982,4.0,0.8983,551.0
1753617739915,12:02:19.915,blofin,AERO/USDT:USDT,0.8982,551.0,0.898,2.0,0.8984,7.0,0.8989,1419.0
1753617740913,12:02:20.913,blofin,AERO/USDT:USDT,0.8982,551.0,0.898,2.0,0.8984,9.0,0.8989,1419.0
1753617741917,12:02:21.917,blofin,AERO/USDT:USDT,0.8982,553.0,0.8974,7303.0,0.8984,8.0,0.8989,1419.0
1753617742917,12:02:22.917,blofin,AERO/USDT:USDT,0.8982,797.0,0.8973,847.0,0.8984,12.0,0.8989,1419.0
1753617743916,12:02:23.916,blofin,AERO/USDT:USDT,0.8982,798.0,0.8973,847.0,0.8984,12.0,0.8989,1419.0
1753617744918,12:02:24.918,blofin,AERO/USDT:USDT,0.8982,802.0,0.8973,847.0,0.8984,12.0,0.8989,1419.0
1753617745918,12:02:25.918,blofin,AERO/USDT:USDT,0.8982,796.0,0.8979,1239.0,0.8984,19.0,0.8987,447.0
1753617746930,12:02:26.930,blofin,AERO/USDT:USDT,0.8982,797.0,0.8977,7474.0,0.8984,19.0,0.8989,11449.0
1753617747922,12:02:27.922,blofin,AERO/USDT:USDT,0.8982,363.0,0.8975,1185.0,0.8984,558.0,0.8989,492.0
1753617748921,12:02:28.921,blofin,AERO/USDT:USDT,0.8982,253.0,0.8975,1185.0,0.8984,558.0,0.8989,492.0
1753617749242,12:02:29.242,blofin,AERO/USDT:USDT,0.8982,250.0,0.8975,1185.0,0.8984,558.0,0.8989,492.0
1753617749921,12:02:29.921,blofin,AERO/USDT:USDT,0.8984,206.0,0.8982,6.0,0.8986,765.0,0.8989,492.0
1753617750922,12:02:30.922,blofin,AERO/USDT:USDT,0.8984,753.0,0.8982,5.0,0.8986,765.0,0.8989,492.0
1753617751976,12:02:31.976,blofin,AERO/USDT:USDT,0.8984,218.0,0.8982,5.0,0.8986,769.0,0.8991,768.0
1753617752924,12:02:32.924,blofin,AERO/USDT:USDT,0.8984,218.0,0.8982,5.0,0.8986,769.0,0.8991,768.0
1753617753924,12:02:33.924,blofin,AERO/USDT:USDT,0.8984,12.0,0.8982,5.0,0.8986,1012.0,0.8991,768.0
1753617754925,12:02:34.925,blofin,AERO/USDT:USDT,0.8984,12.0,0.8982,5.0,0.8986,1009.0,0.8991,768.0
1753617755925,12:02:35.925,blofin,AERO/USDT:USDT,0.8984,12.0,0.8982,5.0,0.8986,986.0,0.8991,768.0
1753617756929,12:02:36.929,blofin,AERO/USDT:USDT,0.8984,12.0,0.8982,5.0,0.8986,989.0,0.8991,768.0
1753617757928,12:02:37.928,blofin,AERO/USDT:USDT,0.8984,557.0,0.8982,5.0,0.8986,776.0,0.899,11268.0
1753617758929,12:02:38.929,blofin,AERO/USDT:USDT,0.8984,557.0,0.8982,5.0,0.8986,235.0,0.8991,768.0
1753617759929,12:02:39.929,blofin,AERO/USDT:USDT,0.8984,557.0,0.8982,5.0,0.8986,235.0,0.8991,768.0
1753617760930,12:02:40.930,blofin,AERO/USDT:USDT,0.8984,557.0,0.8982,5.0,0.8986,235.0,0.8991,768.0
1753617761939,12:02:41.939,blofin,AERO/USDT:USDT,0.8984,12.0,0.8982,5.0,0.8986,886.0,0.8991,768.0
1753617762932,12:02:42.932,blofin,AERO/USDT:USDT,0.8984,13.0,0.8982,5.0,0.8986,886.0,0.8991,768.0
1753617763937,12:02:43.937,blofin,AERO/USDT:USDT,0.8984,15.0,0.8982,5.0,0.8986,909.0,0.8991,768.0
1753617764983,12:02:44.983,blofin,AERO/USDT:USDT,0.8984,16.0,0.8982,5.0,0.8986,886.0,0.8991,768.0
1753617765933,12:02:45.933,blofin,AERO/USDT:USDT,0.8984,557.0,0.8982,5.0,0.8986,341.0,0.8991,768.0
1753617766934,12:02:46.934,blofin,AERO/USDT:USDT,0.8984,553.0,0.8982,5.0,0.8986,345.0,0.8991,768.0
1753617767935,12:02:47.935,blofin,AERO/USDT:USDT,0.8984,554.0,0.8982,5.0,0.8986,235.0,0.8991,768.0
1753617768145,12:02:48.145,blofin,AERO/USDT:USDT,0.8984,5.0,0.8983,552.0,0.8986,235.0,0.8991,768.0
1753617768935,12:02:48.935,blofin,AERO/USDT:USDT,0.8984,5.0,0.8983,1071.0,0.8986,468.0,0.8991,768.0
1753617769755,12:02:49.755,blofin,AERO/USDT:USDT,0.8984,5.0,0.8983,962.0,0.8985,1004.0,0.8986,5.0
1753617769935,12:02:49.935,blofin,AERO/USDT:USDT,0.8984,5.0,0.8982,1016.0,0.8985,541.0,0.8986,5.0
1753617770755,12:02:50.755,blofin,AERO/USDT:USDT,0.8982,1018.0,0.8975,1185.0,0.8984,775.0,0.8986,5.0
1753617770937,12:02:50.937,blofin,AERO/USDT:USDT,0.8982,241.0,0.8975,1185.0,0.8984,541.0,0.8986,5.0
1753617771938,12:02:51.938,blofin,AERO/USDT:USDT,0.8982,244.0,0.8975,1185.0,0.8984,542.0,0.8991,768.0
1753617772446,12:02:52.446,blofin,AERO/USDT:USDT,0.8982,10.0,0.8981,234.0,0.8984,545.0,0.8991,768.0
1753617772827,12:02:52.827,blofin,AERO/USDT:USDT,0.8982,10.0,0.8981,1506.0,0.8983,541.0,0.8984,4.0
1753617772938,12:02:52.938,blofin,AERO/USDT:USDT,0.8982,10.0,0.8981,260.0,0.8983,541.0,0.8984,4.0
1753617773306,12:02:53.306,blofin,AERO/USDT:USDT,0.8982,10.0,0.898,7.0,0.8983,544.0,0.8991,768.0
1753617773940,12:02:53.940,blofin,AERO/USDT:USDT,0.8982,10.0,0.898,837.0,0.8983,544.0,0.8991,768.0
1753617774941,12:02:54.941,blofin,AERO/USDT:USDT,0.8982,10.0,0.898,1055.0,0.8983,544.0,0.8991,768.0
1753617775940,12:02:55.940,blofin,AERO/USDT:USDT,0.8982,10.0,0.898,1055.0,0.8983,544.0,0.8991,768.0
1753617776954,12:02:56.954,blofin,AERO/USDT:USDT,0.8982,5.0,0.898,1058.0,0.8983,544.0,0.8995,949.0
1753617777697,12:02:57.697,blofin,AERO/USDT:USDT,0.898,843.0,0.8978,6846.0,0.8983,4.0,0.8984,541.0
1753617777757,12:02:57.757,blofin,AERO/USDT:USDT,0.8981,837.0,0.898,6.0,0.8983,4.0,0.8984,541.0
1753617777946,12:02:57.946,blofin,AERO/USDT:USDT,0.8981,793.0,0.898,6.0,0.8983,4.0,0.8984,895.0
1753617778984,12:02:58.984,blofin,AERO/USDT:USDT,0.898,799.0,0.8971,9922.0,0.8983,899.0,0.8993,7772.0
1753617779329,12:02:59.329,blofin,AERO/USDT:USDT,0.8981,837.0,0.898,6.0,0.8983,4.0,0.8985,556.0
1753617779415,12:02:59.415,blofin,AERO/USDT:USDT,0.8982,1046.0,0.898,6.0,0.8983,4.0,0.8985,771.0
1753617779946,12:02:59.946,blofin,AERO/USDT:USDT,0.8982,1275.0,0.898,6.0,0.8983,4.0,0.8985,556.0
1753617780949,12:03:00.949,blofin,AERO/USDT:USDT,0.8982,1275.0,0.898,6.0,0.8983,1.0,0.8985,791.0
1753617781942,12:03:01.942,blofin,AERO/USDT:USDT,0.8983,1384.0,0.898,6.0,0.8985,235.0,0.8993,9264.0
1753617782951,12:03:02.951,blofin,AERO/USDT:USDT,0.8983,1822.0,0.898,3.0,0.8986,491.0,0.8991,1963.0
1753617783952,12:03:03.952,blofin,AERO/USDT:USDT,0.8983,1721.0,0.898,3.0,0.8986,1048.0,0.8997,7367.0
1753617784796,12:03:04.796,blofin,AERO/USDT:USDT,0.8983,1722.0,0.898,3.0,0.8985,1046.0,0.8986,2.0
1753617785056,12:03:05.056,blofin,AERO/USDT:USDT,0.8983,5.0,0.8982,122.0,0.8985,671.0,0.8991,10033.0
1753617785235,12:03:05.235,blofin,AERO/USDT:USDT,0.8983,5.0,0.8982,564.0,0.8985,539.0,0.8997,953.0
1753617785956,12:03:05.956,blofin,AERO/USDT:USDT,0.8983,5.0,0.8982,797.0,0.8985,859.0,0.8997,953.0
1753617786953,12:03:06.953,blofin,AERO/USDT:USDT,0.8982,802.0,0.898,3.0,0.8985,857.0,0.8997,953.0
1753617787279,12:03:07.279,blofin,AERO/USDT:USDT,0.8983,872.0,0.8982,5.0,0.8985,3.0,0.8986,856.0
1753617787953,12:03:07.953,blofin,AERO/USDT:USDT,0.8983,1324.0,0.8982,5.0,0.8985,3.0,0.8986,230.0
1753617789248,12:03:09.248,blofin,AERO/USDT:USDT,0.8984,1762.0,0.8983,1.0,0.8985,3.0,0.8986,230.0
1753617789956,12:03:09.956,blofin,AERO/USDT:USDT,0.8984,900.0,0.8983,1.0,0.8985,3.0,0.8986,766.0
1753617790955,12:03:10.955,blofin,AERO/USDT:USDT,0.8984,1020.0,0.8983,1.0,0.8986,232.0,0.8989,2647.0
1753617791956,12:03:11.956,blofin,AERO/USDT:USDT,0.8984,1023.0,0.8982,6123.0,0.8986,234.0,0.8989,2647.0
1753617792958,12:03:12.958,blofin,AERO/USDT:USDT,0.8984,1833.0,0.898,3.0,0.8986,234.0,0.8995,232.0
1753617793959,12:03:13.959,blofin,AERO/USDT:USDT,0.8984,1615.0,0.8981,5959.0,0.8986,232.0,0.8989,10055.0
1753617794960,12:03:14.960,blofin,AERO/USDT:USDT,0.8984,1835.0,0.898,3.0,0.8986,232.0,0.8995,232.0
1753617795369,12:03:15.369,blofin,AERO/USDT:USDT,0.8985,417.0,0.8984,5.0,0.8986,2.0,0.8987,122.0
1753617795962,12:03:15.962,blofin,AERO/USDT:USDT,0.8985,1615.0,0.8984,5.0,0.8986,2.0,0.8987,122.0
1753617796961,12:03:16.961,blofin,AERO/USDT:USDT,0.8985,1619.0,0.898,3.0,0.8987,125.0,0.8998,939.0
1753617797961,12:03:17.961,blofin,AERO/USDT:USDT,0.8985,1250.0,0.8982,6444.0,0.8987,118.0,0.899,11305.0
1753617798965,12:03:18.965,blofin,AERO/USDT:USDT,0.8985,1250.0,0.898,3.0,0.8987,118.0,0.8995,665.0
1753617799966,12:03:19.966,blofin,AERO/USDT:USDT,0.8985,1293.0,0.898,3.0,0.8987,120.0,0.8995,665.0
1753617800966,12:03:20.966,blofin,AERO/USDT:USDT,0.8985,829.0,0.898,3.0,0.8987,677.0,0.8995,665.0
1753617801299,12:03:21.299,blofin,AERO/USDT:USDT,0.8985,2.0,0.8984,211.0,0.8987,810.0,0.8992,11921.0
1753617801966,12:03:21.966,blofin,AERO/USDT:USDT,0.8984,213.0,0.898,3.0,0.8986,807.0,0.8999,974.0
1753617802968,12:03:22.968,blofin,AERO/USDT:USDT,0.8984,236.0,0.898,3.0,0.8986,1039.0,0.8996,5688.0
1753617803968,12:03:23.968,blofin,AERO/USDT:USDT,0.8984,236.0,0.898,3.0,0.8986,1039.0,0.8998,986.0
1753617804385,12:03:24.385,blofin,AERO/USDT:USDT,0.8981,1579.0,0.898,3.0,0.8983,800.0,0.8986,3.0
1753617804969,12:03:24.969,blofin,AERO/USDT:USDT,0.8981,51.0,0.898,3.0,0.8983,1280.0,0.8986,3.0
1753617805418,12:03:25.418,blofin,AERO/USDT:USDT,0.8983,1162.0,0.8981,1.0,0.8986,792.0,0.8996,9565.0
1753617805606,12:03:25.606,blofin,AERO/USDT:USDT,0.8983,1042.0,0.8981,1.0,0.8985,557.0,0.8986,3.0
1753617805970,12:03:25.970,blofin,AERO/USDT:USDT,0.8983,802.0,0.8981,1.0,0.8985,453.0,0.8986,3.0
1753617806067,12:03:26.067,blofin,AERO/USDT:USDT,0.8983,589.0,0.898,3.0,0.8986,569.0,0.8997,1629.0
1753617806981,12:03:26.981,blofin,AERO/USDT:USDT,0.8983,593.0,0.8973,1126.0,0.8986,570.0,0.8997,1629.0
1753617807970,12:03:27.970,blofin,AERO/USDT:USDT,0.8983,1071.0,0.8972,1126.0,0.8986,572.0,0.8997,996.0
1753617808972,12:03:28.972,blofin,AERO/USDT:USDT,0.8983,1118.0,0.8978,4844.0,0.8986,572.0,0.8991,6944.0
1753617809971,12:03:29.971,blofin,AERO/USDT:USDT,0.8983,904.0,0.8974,7820.0,0.8985,10.0,0.8986,6.0
1753617810972,12:03:30.972,blofin,AERO/USDT:USDT,0.8983,904.0,0.8972,1126.0,0.8985,10.0,0.8986,6.0
1753617811974,12:03:31.974,blofin,AERO/USDT:USDT,0.8983,901.0,0.8972,1126.0,0.8985,14.0,0.8986,1.0
1753617813035,12:03:33.035,blofin,AERO/USDT:USDT,0.8985,1381.0,0.8983,5.0,0.8986,5.0,0.8987,9.0
1753617813175,12:03:33.175,blofin,AERO/USDT:USDT,0.8985,957.0,0.8983,5.0,0.8986,5.0,0.8988,9.0
1753617814006,12:03:34.006,blofin,AERO/USDT:USDT,0.8985,498.0,0.8983,9936.0,0.8986,1.0,0.8987,549.0
1753617814978,12:03:34.978,blofin,AERO/USDT:USDT,0.8985,302.0,0.8983,5.0,0.8986,1.0,0.8987,549.0
1753617815977,12:03:35.977,blofin,AERO/USDT:USDT,0.8985,302.0,0.8983,5.0,0.8986,1.0,0.8987,549.0
1753617816657,12:03:36.657,blofin,AERO/USDT:USDT,0.8984,211.0,0.8983,5.0,0.8986,1.0,0.8987,659.0
1753617816980,12:03:36.980,blofin,AERO/USDT:USDT,0.8984,216.0,0.8983,4.0,0.8986,1.0,0.8987,657.0
1753617817981,12:03:37.981,blofin,AERO/USDT:USDT,0.8984,571.0,0.8983,4.0,0.8986,1.0,0.8987,548.0
1753617818986,12:03:38.986,blofin,AERO/USDT:USDT,0.8984,1315.0,0.8983,4.0,0.8986,1.0,0.8987,548.0
1753617819982,12:03:39.982,blofin,AERO/USDT:USDT,0.8984,1461.0,0.8983,4.0,0.8986,1.0,0.8987,548.0
1753617820983,12:03:40.983,blofin,AERO/USDT:USDT,0.8984,584.0,0.8983,4.0,0.8986,1.0,0.8987,548.0
1753617821297,12:03:41.297,blofin,AERO/USDT:USDT,0.8984,584.0,0.8983,4.0,0.8986,1.0,0.8987,2.0
1753617821587,12:03:41.587,blofin,AERO/USDT:USDT,0.8985,1113.0,0.8984,1.0,0.8986,1.0,0.8987,808.0
1753617822346,12:03:42.346,blofin,AERO/USDT:USDT,0.8985,102.0,0.8983,4.0,0.8986,1.0,0.8987,1.0
1753617822987,12:03:42.987,blofin,AERO/USDT:USDT,0.8985,1300.0,0.8983,4.0,0.8986,1.0,0.8987,1.0
1753617823986,12:03:43.986,blofin,AERO/USDT:USDT,0.8985,1356.0,0.8983,4.0,0.8986,1.0,0.8988,581.0
1753617824711,12:03:44.711,blofin,AERO/USDT:USDT,0.8985,4.0,0.8984,140.0,0.8986,1.0,0.8987,545.0
1753617824987,12:03:44.987,blofin,AERO/USDT:USDT,0.8985,4.0,0.8984,1494.0,0.8986,1.0,0.8987,545.0
1753617826014,12:03:46.014,blofin,AERO/USDT:USDT,0.8985,4.0,0.8984,636.0,0.8986,546.0,0.8987,5.0
1753617826991,12:03:46.991,blofin,AERO/USDT:USDT,0.8984,640.0,0.8983,4.0,0.8986,548.0,0.8999,12043.0
1753617827992,12:03:47.992,blofin,AERO/USDT:USDT,0.8984,21.0,0.8983,4.0,0.8986,664.0,0.8998,985.0
1753617828991,12:03:48.991,blofin,AERO/USDT:USDT,0.8984,21.0,0.8983,4.0,0.8986,664.0,0.8998,985.0
1753617829990,12:03:49.990,blofin,AERO/USDT:USDT,0.8984,740.0,0.8983,4.0,0.8986,121.0,0.8998,6354.0
1753617830994,12:03:50.994,blofin,AERO/USDT:USDT,0.8984,590.0,0.8983,4.0,0.8986,132.0,0.8997,2705.0
1753617831992,12:03:51.992,blofin,AERO/USDT:USDT,0.8984,589.0,0.8983,4.0,0.8986,130.0,0.8997,2705.0
1753617832993,12:03:52.993,blofin,AERO/USDT:USDT,0.8984,86.0,0.8983,4.0,0.8986,675.0,0.8998,983.0
1753617833993,12:03:53.993,blofin,AERO/USDT:USDT,0.8984,86.0,0.8983,4.0,0.8986,685.0,0.8998,983.0
1753617834993,12:03:54.993,blofin,AERO/USDT:USDT,0.8984,86.0,0.8983,4.0,0.8986,687.0,0.8998,983.0
1753617835995,12:03:55.995,blofin,AERO/USDT:USDT,0.8984,239.0,0.8983,4.0,0.8986,687.0,0.8998,983.0
1753617837007,12:03:57.007,blofin,AERO/USDT:USDT,0.8984,243.0,0.8973,1126.0,0.8986,690.0,0.8998,983.0
1753617837998,12:03:57.998,blofin,AERO/USDT:USDT,0.8984,724.0,0.8978,8279.0,0.8986,144.0,0.8992,3941.0
1753617838996,12:03:58.996,blofin,AERO/USDT:USDT,0.8984,724.0,0.8975,307.0,0.8986,144.0,0.8997,960.0
1753617840000,12:04:00.000,blofin,AERO/USDT:USDT,0.8984,735.0,0.8975,9172.0,0.8986,144.0,0.8996,7415.0
1753617840998,12:04:00.998,blofin,AERO/USDT:USDT,0.8984,735.0,0.8975,14858.0,0.8986,146.0,0.8995,12281.0
1753617841998,12:04:01.998,blofin,AERO/USDT:USDT,0.8984,733.0,0.8975,14551.0,0.8986,144.0,0.8995,12281.0
1753617842387,12:04:02.387,blofin,AERO/USDT:USDT,0.8984,7.0,0.8983,28.0,0.8986,923.0,0.8996,1645.0
1753617843115,12:04:03.115,blofin,AERO/USDT:USDT,0.8981,156.0,0.8973,1108.0,0.8984,670.0,0.8986,7.0
1753617843528,12:04:03.528,blofin,AERO/USDT:USDT,0.8981,1059.0,0.8973,1108.0,0.8983,1105.0,0.8986,7.0
1753617844236,12:04:04.236,blofin,AERO/USDT:USDT,0.8981,4.0,0.898,152.0,0.8982,894.0,0.8986,7.0
1753617844588,12:04:04.588,blofin,AERO/USDT:USDT,0.8981,4.0,0.8979,286.0,0.8982,1180.0,0.8986,7.0
1753617845014,12:04:05.014,blofin,AERO/USDT:USDT,0.8979,800.0,0.8973,1209.0,0.8981,1349.0,0.8986,7.0
1753617846012,12:04:06.012,blofin,AERO/USDT:USDT,0.8979,800.0,0.8973,1108.0,0.8981,956.0,0.8986,7.0
1753617847006,12:04:07.006,blofin,AERO/USDT:USDT,0.8979,804.0,0.8973,1108.0,0.8981,961.0,0.8986,4.0
1753617847236,12:04:07.236,blofin,AERO/USDT:USDT,0.8979,4.0,0.8978,293.0,0.8981,846.0,0.8986,4.0
1753617849006,12:04:09.006,blofin,AERO/USDT:USDT,0.8979,4.0,0.8978,587.0,0.8981,1191.0,0.8983,1169.0
1753617849576,12:04:09.576,blofin,AERO/USDT:USDT,0.8979,4.0,0.8978,559.0,0.8981,5.0,0.8982,1077.0
1753617849647,12:04:09.647,blofin,AERO/USDT:USDT,0.898,559.0,0.8979,4.0,0.8981,5.0,0.8983,1077.0
1753617850006,12:04:10.006,blofin,AERO/USDT:USDT,0.8982,765.0,0.8979,4.0,0.8984,678.0,0.8986,4.0
1753617850657,12:04:10.657,blofin,AERO/USDT:USDT,0.8981,899.0,0.8979,4.0,0.8983,568.0,0.8984,4.0
1753617851085,12:04:11.085,blofin,AERO/USDT:USDT,0.8979,36.0,0.8968,1108.0,0.8982,559.0,0.8984,4.0
1753617852007,12:04:12.007,blofin,AERO/USDT:USDT,0.8979,33.0,0.8968,1108.0,0.8982,561.0,0.8986,4.0
1753617853012,12:04:13.012,blofin,AERO/USDT:USDT,0.8979,1070.0,0.8975,9249.0,0.8982,442.0,0.8986,5703.0
1753617853315,12:04:13.315,blofin,AERO/USDT:USDT,0.8979,962.0,0.8969,9191.0,0.8982,2.0,0.8983,331.0
1753617853736,12:04:13.736,blofin,AERO/USDT:USDT,0.898,960.0,0.8979,2.0,0.8982,2.0,0.8983,1002.0
1753617854078,12:04:14.078,blofin,AERO/USDT:USDT,0.8981,1028.0,0.898,3.0,0.8982,2.0,0.8984,820.0
1753617855704,12:04:15.704,blofin,AERO/USDT:USDT,0.8981,202.0,0.8976,10770.0,0.8982,2.0,0.8984,543.0
1753617856012,12:04:16.012,blofin,AERO/USDT:USDT,0.8981,971.0,0.8969,1108.0,0.8982,2.0,0.8984,820.0
1753617856486,12:04:16.486,blofin,AERO/USDT:USDT,0.8981,2.0,0.898,810.0,0.8982,652.0,0.8984,3.0
1753617856646,12:04:16.646,blofin,AERO/USDT:USDT,0.8979,559.0,0.8969,12157.0,0.8981,761.0,0.8984,3.0
1753617857033,12:04:17.033,blofin,AERO/USDT:USDT,0.898,829.0,0.8979,5.0,0.8983,315.0,0.8986,4.0
1753617857570,12:04:17.570,blofin,AERO/USDT:USDT,0.898,766.0,0.8979,5.0,0.8982,280.0,0.8983,4.0
1753617858016,12:04:18.016,blofin,AERO/USDT:USDT,0.898,543.0,0.8979,5.0,0.8982,280.0,0.8983,4.0
1753617859014,12:04:19.014,blofin,AERO/USDT:USDT,0.898,543.0,0.8979,5.0,0.8982,294.0,0.8986,4.0
1753617860014,12:04:20.014,blofin,AERO/USDT:USDT,0.898,543.0,0.8979,5.0,0.8982,294.0,0.8986,4.0
1753617860067,12:04:20.067,blofin,AERO/USDT:USDT,0.8979,548.0,0.8971,6117.0,0.8981,291.0,0.8982,4.0
1753617860676,12:04:20.676,blofin,AERO/USDT:USDT,0.8979,5.0,0.8978,559.0,0.898,773.0,0.8982,4.0
1753617861014,12:04:21.014,blofin,AERO/USDT:USDT,0.8979,5.0,0.8977,790.0,0.898,761.0,0.8982,4.0
1753617861645,12:04:21.645,blofin,AERO/USDT:USDT,0.8977,791.0,0.8971,4086.0,0.8979,652.0,0.8982,4.0
1753617862017,12:04:22.017,blofin,AERO/USDT:USDT,0.8977,791.0,0.8971,4086.0,0.8979,657.0,0.8985,10476.0
1753617862390,12:04:22.390,blofin,AERO/USDT:USDT,0.8977,573.0,0.8967,1867.0,0.8979,3.0,0.8981,10.0
1753617863018,12:04:23.018,blofin,AERO/USDT:USDT,0.898,733.0,0.8977,1.0,0.8982,173.0,0.8986,2057.0
1753617864019,12:04:24.019,blofin,AERO/USDT:USDT,0.898,4630.0,0.8977,1.0,0.8982,177.0,0.8986,4.0
1753617865021,12:04:25.021,blofin,AERO/USDT:USDT,0.898,4638.0,0.8974,4192.0,0.8982,177.0,0.8986,4.0
1753617866021,12:04:26.021,blofin,AERO/USDT:USDT,0.898,4638.0,0.8978,12113.0,0.8982,178.0,0.8985,1853.0
1753617867034,12:04:27.034,blofin,AERO/USDT:USDT,0.898,4639.0,0.8978,12113.0,0.8982,180.0,0.8985,1853.0
1753617868022,12:04:28.022,blofin,AERO/USDT:USDT,0.898,4099.0,0.8974,301.0,0.8982,712.0,0.8992,4111.0
1753617869023,12:04:29.023,blofin,AERO/USDT:USDT,0.898,4434.0,0.8974,301.0,0.8982,714.0,0.8991,6520.0
1753617870024,12:04:30.024,blofin,AERO/USDT:USDT,0.898,4242.0,0.8974,301.0,0.8982,877.0,0.8992,2516.0
1753617871025,12:04:31.025,blofin,AERO/USDT:USDT,0.898,4242.0,0.8974,301.0,0.8982,786.0,0.8989,11060.0
1753617871596,12:04:31.596,blofin,AERO/USDT:USDT,0.8984,726.0,0.898,4.0,0.8986,543.0,0.8992,2516.0
1753617872027,12:04:32.027,blofin,AERO/USDT:USDT,0.8984,729.0,0.898,1.0,0.8986,544.0,0.8992,2020.0
1753617873024,12:04:33.024,blofin,AERO/USDT:USDT,0.8984,537.0,0.8982,3834.0,0.8986,8.0,0.8989,4851.0
1753617874025,12:04:34.025,blofin,AERO/USDT:USDT,0.8984,933.0,0.8981,10706.0,0.8986,8.0,0.8989,11101.0
1753617875027,12:04:35.027,blofin,AERO/USDT:USDT,0.8984,935.0,0.898,1.0,0.8986,8.0,0.8992,2020.0
1753617876030,12:04:36.030,blofin,AERO/USDT:USDT,0.8984,935.0,0.898,1.0,0.8986,8.0,0.8992,2020.0
1753617877028,12:04:37.028,blofin,AERO/USDT:USDT,0.8984,932.0,0.898,1.0,0.8986,10.0,0.8992,2020.0
1753617878030,12:04:38.030,blofin,AERO/USDT:USDT,0.8984,932.0,0.898,1.0,0.8986,10.0,0.8992,2020.0
1753617879030,12:04:39.030,blofin,AERO/USDT:USDT,0.8984,932.0,0.898,1.0,0.8986,10.0,0.8992,2020.0
1753617880030,12:04:40.030,blofin,AERO/USDT:USDT,0.8984,932.0,0.898,1.0,0.8986,12.0,0.8992,2020.0
1753617881031,12:04:41.031,blofin,AERO/USDT:USDT,0.8984,935.0,0.898,1.0,0.8986,12.0,0.8992,2020.0
1753617882041,12:04:42.041,blofin,AERO/USDT:USDT,0.8984,398.0,0.898,1.0,0.8986,779.0,0.8992,2020.0
1753617883033,12:04:43.033,blofin,AERO/USDT:USDT,0.8984,399.0,0.898,1.0,0.8986,670.0,0.8992,2020.0
1753617884034,12:04:44.034,blofin,AERO/USDT:USDT,0.8984,399.0,0.898,1.0,0.8986,813.0,0.8992,2020.0
1753617885037,12:04:45.037,blofin,AERO/USDT:USDT,0.8984,395.0,0.898,1.0,0.8986,1013.0,0.8992,2020.0
1753617886035,12:04:46.035,blofin,AERO/USDT:USDT,0.8984,396.0,0.898,1.0,0.8986,778.0,0.8992,2020.0
1753617887040,12:04:47.040,blofin,AERO/USDT:USDT,0.8984,396.0,0.898,1.0,0.8986,777.0,0.8992,2020.0
1753617888036,12:04:48.036,blofin,AERO/USDT:USDT,0.8984,406.0,0.898,1.0,0.8986,1018.0,0.8992,17719.0
1753617889037,12:04:49.037,blofin,AERO/USDT:USDT,0.8984,407.0,0.898,1.0,0.8986,577.0,0.8992,2020.0
1753617890037,12:04:50.037,blofin,AERO/USDT:USDT,0.8984,407.0,0.898,1.0,0.8986,575.0,0.8992,2020.0
1753617891038,12:04:51.038,blofin,AERO/USDT:USDT,0.8984,407.0,0.8982,7034.0,0.8986,577.0,0.8988,14541.0
1753617892039,12:04:52.039,blofin,AERO/USDT:USDT,0.8984,405.0,0.8982,7034.0,0.8986,577.0,0.8988,14541.0
1753617893039,12:04:53.039,blofin,AERO/USDT:USDT,0.8984,405.0,0.8982,1157.0,0.8986,570.0,0.8989,6855.0
1753617893356,12:04:53.356,blofin,AERO/USDT:USDT,0.8984,1.0,0.8983,404.0,0.8986,794.0,0.8988,1027.0
1753617895040,12:04:55.040,blofin,AERO/USDT:USDT,0.8984,1.0,0.8983,7001.0,0.8985,874.0,0.8992,2020.0
1753617896042,12:04:56.042,blofin,AERO/USDT:USDT,0.8984,1.0,0.8983,7001.0,0.8985,765.0,0.8992,2020.0
1753617897056,12:04:57.056,blofin,AERO/USDT:USDT,0.8984,1.0,0.8983,7005.0,0.8985,766.0,0.8993,612.0
1753617898043,12:04:58.043,blofin,AERO/USDT:USDT,0.8983,7010.0,0.898,6143.0,0.8985,769.0,0.8989,3284.0
1753617899044,12:04:59.044,blofin,AERO/USDT:USDT,0.8983,7119.0,0.8976,3816.0,0.8985,775.0,0.8993,12213.0
1753617900045,12:05:00.045,blofin,AERO/USDT:USDT,0.8983,7118.0,0.8974,3998.0,0.8985,769.0,0.8994,13114.0
1753617900587,12:05:00.587,blofin,AERO/USDT:USDT,0.8985,437.0,0.8983,8.0,0.8988,6.0,0.8994,445.0
1753617900695,12:05:00.695,blofin,AERO/USDT:USDT,0.8986,7940.0,0.8983,8.0,0.8988,231.0,0.8993,2976.0
1753617901046,12:05:01.046,blofin,AERO/USDT:USDT,0.8986,540.0,0.8983,8.0,0.8988,7.0,0.8994,445.0
1753617902052,12:05:02.052,blofin,AERO/USDT:USDT,0.8986,541.0,0.8983,4.0,0.8988,12.0,0.8996,970.0
1753617903048,12:05:03.048,blofin,AERO/USDT:USDT,0.8986,944.0,0.8983,4.0,0.8988,12.0,0.8998,680.0
1753617904049,12:05:04.049,blofin,AERO/USDT:USDT,0.8986,1392.0,0.8983,4.0,0.8988,11.0,0.8998,680.0
1753617905051,12:05:05.051,blofin,AERO/USDT:USDT,0.8986,1473.0,0.8983,4.0,0.8988,11.0,0.8997,7930.0
1753617906050,12:05:06.050,blofin,AERO/USDT:USDT,0.8986,1467.0,0.8983,4.0,0.8988,11.0,0.8998,7508.0
1753617907054,12:05:07.054,blofin,AERO/USDT:USDT,0.8986,1467.0,0.8983,4.0,0.8988,12.0,0.8998,7508.0
1753617908051,12:05:08.051,blofin,AERO/USDT:USDT,0.8986,1395.0,0.8983,4.0,0.8988,12.0,0.8998,680.0
1753617908495,12:05:08.495,blofin,AERO/USDT:USDT,0.8986,4.0,0.8985,140.0,0.8988,773.0,0.8996,3257.0
1753617909169,12:05:09.169,blofin,AERO/USDT:USDT,0.8985,7769.0,0.8983,4.0,0.8988,834.0,0.8998,680.0
1753617910053,12:05:10.053,blofin,AERO/USDT:USDT,0.8986,798.0,0.8985,1.0,0.8988,9.0,0.8995,281.0
1753617911053,12:05:11.053,blofin,AERO/USDT:USDT,0.8986,808.0,0.8985,1.0,0.8988,9.0,0.8998,680.0
1753617912054,12:05:12.054,blofin,AERO/USDT:USDT,0.8986,813.0,0.8983,4.0,0.8988,9.0,0.8998,680.0
1753617913057,12:05:13.057,blofin,AERO/USDT:USDT,0.8986,813.0,0.8983,4.0,0.8988,9.0,0.8996,9828.0
1753617914056,12:05:14.056,blofin,AERO/USDT:USDT,0.8986,813.0,0.8983,4.0,0.8988,8.0,0.8998,680.0
1753617915058,12:05:15.058,blofin,AERO/USDT:USDT,0.8986,813.0,0.8983,4.0,0.8988,8.0,0.8998,680.0
1753617916059,12:05:16.059,blofin,AERO/USDT:USDT,0.8986,813.0,0.8983,4.0,0.8988,8.0,0.8998,680.0
1753617917060,12:05:17.060,blofin,AERO/USDT:USDT,0.8986,813.0,0.8983,4.0,0.8988,12.0,0.8998,680.0
1753617918062,12:05:18.062,blofin,AERO/USDT:USDT,0.8986,1915.0,0.8983,4.0,0.8988,12.0,0.8998,680.0
1753617919056,12:05:19.056,blofin,AERO/USDT:USDT,0.8988,1373.0,0.8986,2.0,0.8991,241.0,0.8998,680.0
1753617920062,12:05:20.062,blofin,AERO/USDT:USDT,0.8989,8573.0,0.8983,4.0,0.8991,323.0,0.8998,680.0
1753617921064,12:05:21.064,blofin,AERO/USDT:USDT,0.8989,8579.0,0.8986,2890.0,0.8991,323.0,0.8994,2359.0
1753617922066,12:05:22.066,blofin,AERO/USDT:USDT,0.8989,8579.0,0.8986,2890.0,0.8991,326.0,0.8994,2359.0
1753617923064,12:05:23.064,blofin,AERO/USDT:USDT,0.8989,7976.0,0.8984,2322.0,0.8991,326.0,0.8997,6030.0
1753617924070,12:05:24.070,blofin,AERO/USDT:USDT,0.8989,7009.0,0.8983,4.0,0.8991,1075.0,0.8998,680.0
1753617925071,12:05:25.071,blofin,AERO/USDT:USDT,0.8989,7003.0,0.8985,8917.0,0.8991,1081.0,0.8995,6033.0
1753617926069,12:05:26.069,blofin,AERO/USDT:USDT,0.8989,7003.0,0.8983,4.0,0.8991,988.0,0.8998,680.0
1753617927083,12:05:27.083,blofin,AERO/USDT:USDT,0.8989,7007.0,0.8978,1337.0,0.8991,992.0,0.9,277.0
1753617928074,12:05:28.074,blofin,AERO/USDT:USDT,0.8989,7009.0,0.8978,1127.0,0.8991,880.0,0.9002,1007.0
1753617929073,12:05:29.073,blofin,AERO/USDT:USDT,0.8989,7064.0,0.8981,2356.0,0.8991,1086.0,0.9,7446.0
1753617930073,12:05:30.073,blofin,AERO/USDT:USDT,0.8989,7064.0,0.8979,185.0,0.8991,1617.0,0.9002,1792.0
1753617930326,12:05:30.326,blofin,AERO/USDT:USDT,0.8989,8.0,0.8987,6914.0,0.899,2072.0,0.8991,8.0
1753617931074,12:05:31.074,blofin,AERO/USDT:USDT,0.8986,5704.0,0.8978,1127.0,0.8989,971.0,0.8991,8.0
1753617931468,12:05:31.468,blofin,AERO/USDT:USDT,0.8986,5704.0,0.8978,1127.0,0.8988,552.0,0.8989,4.0
1753617932074,12:05:32.074,blofin,AERO/USDT:USDT,0.8986,5708.0,0.8978,1127.0,0.8988,554.0,0.8991,4.0
1753617933077,12:05:33.077,blofin,AERO/USDT:USDT,0.8986,5442.0,0.8975,1127.0,0.8988,556.0,0.8991,4.0
1753617934074,12:05:34.074,blofin,AERO/USDT:USDT,0.8986,5440.0,0.8982,3509.0,0.8988,556.0,0.8991,4.0
1753617935077,12:05:35.077,blofin,AERO/USDT:USDT,0.8986,5440.0,0.8984,2790.0,0.8988,556.0,0.899,1984.0
1753617936079,12:05:36.079,blofin,AERO/USDT:USDT,0.8986,5440.0,0.8976,7882.0,0.8988,553.0,0.8991,4.0
1753617937080,12:05:37.080,blofin,AERO/USDT:USDT,0.8986,5443.0,0.8976,7882.0,0.8988,556.0,0.8991,4.0
1753617938080,12:05:38.080,blofin,AERO/USDT:USDT,0.8986,5442.0,0.8975,1127.0,0.8988,556.0,0.8991,4.0
1753617939226,12:05:39.226,blofin,AERO/USDT:USDT,0.8986,5442.0,0.898,36.0,0.8988,4.0,0.8989,552.0
1753617939528,12:05:39.528,blofin,AERO/USDT:USDT,0.8986,660.0,0.898,36.0,0.8988,4.0,0.8989,552.0
1753617940081,12:05:40.081,blofin,AERO/USDT:USDT,0.8986,5925.0,0.898,36.0,0.8988,4.0,0.8989,552.0
1753617940826,12:05:40.826,blofin,AERO/USDT:USDT,0.8987,6118.0,0.8986,4.0,0.8989,554.0,0.8991,4.0
1753617941082,12:05:41.082,blofin,AERO/USDT:USDT,0.8987,1716.0,0.8986,4.0,0.8989,2.0,0.899,1181.0
1753617941266,12:05:41.266,blofin,AERO/USDT:USDT,0.8987,1.0,0.8986,6024.0,0.8989,555.0,0.8991,4.0
1753617942082,12:05:42.082,blofin,AERO/USDT:USDT,0.8986,6027.0,0.8983,4796.0,0.8989,555.0,0.8991,4.0
1753617943082,12:05:43.082,blofin,AERO/USDT:USDT,0.8986,6234.0,0.8977,391.0,0.8989,554.0,0.8991,4.0
1753617944083,12:05:44.083,blofin,AERO/USDT:USDT,0.8986,5934.0,0.8977,391.0,0.8989,557.0,0.8991,4.0
1753617945084,12:05:45.084,blofin,AERO/USDT:USDT,0.8986,5932.0,0.8978,3080.0,0.8989,557.0,0.8991,4.0
1753617946092,12:05:46.092,blofin,AERO/USDT:USDT,0.8987,100.0,0.8986,1.0,0.8989,554.0,0.8991,4.0
1753617947086,12:05:47.086,blofin,AERO/USDT:USDT,0.8987,102.0,0.8976,7031.0,0.8989,558.0,0.8991,4.0
1753617948087,12:05:48.087,blofin,AERO/USDT:USDT,0.8987,205.0,0.8976,10436.0,0.8989,554.0,0.8991,4.0
1753617949089,12:05:49.089,blofin,AERO/USDT:USDT,0.8987,640.0,0.8985,6136.0,0.8989,1.0,0.899,820.0
1753617950090,12:05:50.090,blofin,AERO/USDT:USDT,0.8987,2140.0,0.8977,10932.0,0.8989,1.0,0.899,826.0
1753617951094,12:05:51.094,blofin,AERO/USDT:USDT,0.8987,899.0,0.8983,7299.0,0.8989,30.0,0.8991,4.0
1753617952090,12:05:52.090,blofin,AERO/USDT:USDT,0.8987,895.0,0.8983,7299.0,0.8989,33.0,0.8991,4.0
1753617953091,12:05:53.091,blofin,AERO/USDT:USDT,0.8987,897.0,0.8979,561.0,0.8989,33.0,0.8991,4.0
1753617954092,12:05:54.092,blofin,AERO/USDT:USDT,0.8987,794.0,0.8978,211.0,0.8989,33.0,0.8991,4.0
1753617955092,12:05:55.092,blofin,AERO/USDT:USDT,0.8987,898.0,0.8985,7650.0,0.8989,33.0,0.8991,4.0
1753617956092,12:05:56.092,blofin,AERO/USDT:USDT,0.8987,257.0,0.8978,211.0,0.8989,580.0,0.8991,4.0
1753617957106,12:05:57.106,blofin,AERO/USDT:USDT,0.8987,255.0,0.8978,211.0,0.8989,582.0,0.8997,377.0
1753617958094,12:05:58.094,blofin,AERO/USDT:USDT,0.8987,105.0,0.8976,1139.0,0.8989,1009.0,0.9,1012.0
1753617959094,12:05:59.094,blofin,AERO/USDT:USDT,0.8987,105.0,0.8985,10072.0,0.8989,792.0,0.8991,8082.0
1753617960095,12:06:00.095,blofin,AERO/USDT:USDT,0.8987,105.0,0.8983,10374.0,0.8989,1028.0,0.8993,10350.0
1753617961095,12:06:01.095,blofin,AERO/USDT:USDT,0.8987,103.0,0.898,84.0,0.8989,1144.0,0.9,1012.0
1753617962102,12:06:02.102,blofin,AERO/USDT:USDT,0.8987,105.0,0.8976,1139.0,0.8989,1142.0,0.9,1012.0
1753617962756,12:06:02.756,blofin,AERO/USDT:USDT,0.8987,5.0,0.8986,100.0,0.8989,2224.0,0.9,1029.0
1753617963100,12:06:03.100,blofin,AERO/USDT:USDT,0.8987,5.0,0.8986,5438.0,0.8988,2283.0,0.8989,5.0
1753617964098,12:06:04.098,blofin,AERO/USDT:USDT,0.8987,1.0,0.8986,5439.0,0.8988,2289.0,0.8989,5.0
1753617965098,12:06:05.098,blofin,AERO/USDT:USDT,0.8987,1.0,0.8986,5421.0,0.8988,2267.0,0.8989,2.0
1753617966103,12:06:06.103,blofin,AERO/USDT:USDT,0.8987,1.0,0.8986,5423.0,0.8988,2055.0,0.8989,2.0
