timestamp,time,exchange,symbol,bid1_price,bid1_volume,bid2_price,bid2_volume,ask1_price,ask1_volume,ask2_price,ask2_volume
1753617162905,11:52:42.905,okx,ACE/USDT:USDT,0.5953,358.0,0.5952,1.0,0.5954,4.0,0.5955,1.0
1753617163405,11:52:43.405,okx,ACE/USDT:USDT,0.5953,358.0,0.5952,1.0,0.5954,4.0,0.5955,1.0
1753617163805,11:52:43.805,okx,ACE/USDT:USDT,0.5953,358.0,0.5952,1.0,0.5954,4.0,0.5955,1.0
1753617166005,11:52:46.005,okx,ACE/USDT:USDT,0.5952,53.0,0.5951,48.0,0.5954,4.0,0.5955,2.0
1753617166305,11:52:46.305,okx,ACE/USDT:USDT,0.5952,53.0,0.5951,48.0,0.5954,4.0,0.5955,2.0
1753617166905,11:52:46.905,okx,ACE/USDT:USDT,0.5952,53.0,0.5951,48.0,0.5954,4.0,0.5955,2.0
1753617167005,11:52:47.005,okx,ACE/USDT:USDT,0.5952,53.0,0.5951,48.0,0.5954,4.0,0.5955,2.0
1753617167105,11:52:47.105,okx,ACE/USDT:USDT,0.5952,53.0,0.5951,48.0,0.5954,4.0,0.5955,2.0
1753617168005,11:52:48.005,okx,ACE/USDT:USDT,0.5952,53.0,0.5951,48.0,0.5954,4.0,0.5955,2.0
1753617168305,11:52:48.305,okx,ACE/USDT:USDT,0.5952,66.0,0.5951,48.0,0.5954,4.0,0.5955,2.0
1753617168505,11:52:48.505,okx,ACE/USDT:USDT,0.5952,66.0,0.5951,48.0,0.5954,4.0,0.5955,2.0
1753617170305,11:52:50.305,okx,ACE/USDT:USDT,0.5953,53.0,0.5952,14.0,0.5954,4.0,0.5955,2.0
1753617170505,11:52:50.505,okx,ACE/USDT:USDT,0.5953,53.0,0.5952,14.0,0.5954,4.0,0.5955,2.0
1753617170705,11:52:50.705,okx,ACE/USDT:USDT,0.5953,53.0,0.5952,14.0,0.5954,4.0,0.5955,2.0
1753617170805,11:52:50.805,okx,ACE/USDT:USDT,0.5953,53.0,0.5952,14.0,0.5954,4.0,0.5955,2.0
1753617171205,11:52:51.205,okx,ACE/USDT:USDT,0.5952,13.0,0.595,182.0,0.5954,4.0,0.5955,2.0
1753617171405,11:52:51.405,okx,ACE/USDT:USDT,0.5953,53.0,0.5952,14.0,0.5954,4.0,0.5955,2.0
1753617171505,11:52:51.505,okx,ACE/USDT:USDT,0.5955,242.0,0.5952,314.0,0.5959,119.0,0.596,1.0
1753617171705,11:52:51.705,okx,ACE/USDT:USDT,0.5956,358.0,0.5954,1.0,0.5962,22.0,0.5963,278.0
1753617171805,11:52:51.805,okx,ACE/USDT:USDT,0.596,53.0,0.5958,1.0,0.5962,166.0,0.5963,119.0
1753617171905,11:52:51.905,okx,ACE/USDT:USDT,0.5957,119.0,0.5956,120.0,0.5963,101.0,0.5964,250.0
1753617172205,11:52:52.205,okx,ACE/USDT:USDT,0.5958,53.0,0.5956,120.0,0.5963,281.0,0.5964,251.0
1753617172605,11:52:52.605,okx,ACE/USDT:USDT,0.5958,53.0,0.5956,120.0,0.5963,116.0,0.5964,251.0
1753617172705,11:52:52.705,okx,ACE/USDT:USDT,0.5957,53.0,0.5956,120.0,0.5963,116.0,0.5964,85.0
1753617173005,11:52:53.005,okx,ACE/USDT:USDT,0.5956,120.0,0.5955,232.0,0.5963,785.0,0.5964,250.0
1753617173205,11:52:53.205,okx,ACE/USDT:USDT,0.5955,119.0,0.5954,1.0,0.5962,9.0,0.5963,640.0
1753617173305,11:52:53.305,okx,ACE/USDT:USDT,0.5955,119.0,0.5954,1.0,0.5962,9.0,0.5963,805.0
1753617174005,11:52:54.005,okx,ACE/USDT:USDT,0.5955,358.0,0.5953,205.0,0.5961,495.0,0.5962,9.0
1753617174205,11:52:54.205,okx,ACE/USDT:USDT,0.5955,373.0,0.5953,205.0,0.5961,510.0,0.5963,689.0
1753617174805,11:52:54.805,okx,ACE/USDT:USDT,0.5955,373.0,0.5953,205.0,0.5961,15.0,0.5963,524.0
1753617175505,11:52:55.505,okx,ACE/USDT:USDT,0.5958,53.0,0.5956,1.0,0.5962,954.0,0.5963,21.0
1753617175605,11:52:55.605,okx,ACE/USDT:USDT,0.596,53.0,0.5956,232.0,0.5962,623.0,0.5963,331.0
1753617175905,11:52:55.905,okx,ACE/USDT:USDT,0.5955,15.0,0.5954,17.0,0.5961,685.0,0.5962,121.0
1753617177405,11:52:57.405,okx,ACE/USDT:USDT,0.5955,189.0,0.5953,220.0,0.5961,684.0,0.5962,22.0
1753617177505,11:52:57.505,okx,ACE/USDT:USDT,0.5955,189.0,0.5953,220.0,0.5961,684.0,0.5962,22.0
1753617177805,11:52:57.805,okx,ACE/USDT:USDT,0.5955,189.0,0.5953,220.0,0.5961,849.0,0.5962,109.0
1753617178305,11:52:58.305,okx,ACE/USDT:USDT,0.5955,204.0,0.5953,205.0,0.5961,849.0,0.5962,109.0
1753617178905,11:52:58.905,okx,ACE/USDT:USDT,0.5955,204.0,0.5953,205.0,0.5961,849.0,0.5962,109.0
1753617179305,11:52:59.305,okx,ACE/USDT:USDT,0.5955,189.0,0.5953,205.0,0.5961,834.0,0.5962,109.0
1753617179505,11:52:59.505,okx,ACE/USDT:USDT,0.5955,189.0,0.5953,205.0,0.5961,1329.0,0.5962,109.0
1753617179805,11:52:59.805,okx,ACE/USDT:USDT,0.5955,189.0,0.5953,205.0,0.5961,1426.0,0.5962,109.0
1753617180105,11:53:00.105,okx,ACE/USDT:USDT,0.5955,189.0,0.5953,205.0,0.5961,1344.0,0.5962,109.0
1753617180805,11:53:00.805,okx,ACE/USDT:USDT,0.5952,13.0,0.5951,205.0,0.5958,53.0,0.596,300.0
1753617181005,11:53:01.005,okx,ACE/USDT:USDT,0.5952,13.0,0.5951,205.0,0.5958,53.0,0.596,300.0
1753617181705,11:53:01.705,okx,ACE/USDT:USDT,0.5952,28.0,0.5951,86.0,0.5958,53.0,0.596,300.0
1753617182505,11:53:02.505,okx,ACE/USDT:USDT,0.5952,28.0,0.5951,86.0,0.5958,56.0,0.596,300.0
1753617183105,11:53:03.105,okx,ACE/USDT:USDT,0.5955,1.0,0.5952,329.0,0.5958,56.0,0.596,300.0
1753617184605,11:53:04.605,okx,ACE/USDT:USDT,0.5959,189.0,0.5958,25.0,0.5964,11.0,0.5965,203.0
1753617184805,11:53:04.805,okx,ACE/USDT:USDT,0.5959,189.0,0.5958,25.0,0.5964,11.0,0.5965,203.0
1753617185105,11:53:05.105,okx,ACE/USDT:USDT,0.5959,189.0,0.5958,25.0,0.5964,11.0,0.5965,203.0
1753617185205,11:53:05.205,okx,ACE/USDT:USDT,0.5959,189.0,0.5958,25.0,0.5964,11.0,0.5965,203.0
1753617185405,11:53:05.405,okx,ACE/USDT:USDT,0.5959,189.0,0.5958,25.0,0.5964,11.0,0.5965,203.0
1753617185905,11:53:05.905,okx,ACE/USDT:USDT,0.5959,194.0,0.5958,1.0,0.5964,11.0,0.5965,203.0
1753617186305,11:53:06.305,okx,ACE/USDT:USDT,0.5959,194.0,0.5958,1.0,0.5964,11.0,0.5965,203.0
1753617186405,11:53:06.405,okx,ACE/USDT:USDT,0.5959,194.0,0.5958,1.0,0.5964,11.0,0.5965,203.0
1753617186905,11:53:06.905,okx,ACE/USDT:USDT,0.5959,194.0,0.5958,1.0,0.5964,11.0,0.5965,203.0
1753617187905,11:53:07.905,okx,ACE/USDT:USDT,0.5959,194.0,0.5958,1.0,0.5964,11.0,0.5965,203.0
1753617189805,11:53:09.805,okx,ACE/USDT:USDT,0.5959,194.0,0.5958,1.0,0.5964,11.0,0.5965,203.0
1753617190205,11:53:10.205,okx,ACE/USDT:USDT,0.5959,194.0,0.5958,1.0,0.5964,11.0,0.5965,203.0
1753617190705,11:53:10.705,okx,ACE/USDT:USDT,0.5959,194.0,0.5958,1.0,0.5964,11.0,0.5965,203.0
1753617191305,11:53:11.305,okx,ACE/USDT:USDT,0.5959,194.0,0.5958,1.0,0.5964,11.0,0.5965,203.0
1753617191405,11:53:11.405,okx,ACE/USDT:USDT,0.5959,194.0,0.5958,1.0,0.5964,11.0,0.5965,203.0
1753617192205,11:53:12.205,okx,ACE/USDT:USDT,0.5959,194.0,0.5958,1.0,0.5964,11.0,0.5965,203.0
1753617192305,11:53:12.305,okx,ACE/USDT:USDT,0.5959,194.0,0.5958,1.0,0.5964,11.0,0.5965,203.0
1753617193105,11:53:13.105,okx,ACE/USDT:USDT,0.5959,194.0,0.5958,1.0,0.5964,11.0,0.5965,204.0
1753617193505,11:53:13.505,okx,ACE/USDT:USDT,0.5959,194.0,0.5958,1.0,0.5964,11.0,0.5965,204.0
1753617194005,11:53:14.005,okx,ACE/USDT:USDT,0.5959,194.0,0.5958,1.0,0.5964,11.0,0.5965,204.0
1753617194105,11:53:14.105,okx,ACE/USDT:USDT,0.5959,194.0,0.5958,1.0,0.5964,11.0,0.5965,204.0
1753617194405,11:53:14.405,okx,ACE/USDT:USDT,0.5959,194.0,0.5958,1.0,0.5964,11.0,0.5965,204.0
1753617194505,11:53:14.505,okx,ACE/USDT:USDT,0.5959,194.0,0.5958,1.0,0.5964,11.0,0.5965,204.0
1753617195105,11:53:15.105,okx,ACE/USDT:USDT,0.5959,194.0,0.5958,1.0,0.5964,11.0,0.5965,119.0
1753617195205,11:53:15.205,okx,ACE/USDT:USDT,0.5959,194.0,0.5958,1.0,0.5964,11.0,0.5965,119.0
1753617195705,11:53:15.705,okx,ACE/USDT:USDT,0.5959,194.0,0.5958,1.0,0.5964,11.0,0.5965,119.0
1753617196405,11:53:16.405,okx,ACE/USDT:USDT,0.5959,194.0,0.5958,1.0,0.5964,11.0,0.5965,119.0
1753617196705,11:53:16.705,okx,ACE/USDT:USDT,0.5959,194.0,0.5958,1.0,0.5964,11.0,0.5965,119.0
1753617197205,11:53:17.205,okx,ACE/USDT:USDT,0.596,189.0,0.5959,5.0,0.5964,11.0,0.5965,119.0
1753617198005,11:53:18.005,okx,ACE/USDT:USDT,0.596,192.0,0.5958,155.0,0.5964,179.0,0.5965,119.0
1753617198305,11:53:18.305,okx,ACE/USDT:USDT,0.596,192.0,0.5958,155.0,0.5964,179.0,0.5965,119.0
1753617199005,11:53:19.005,okx,ACE/USDT:USDT,0.5962,189.0,0.596,4.0,0.5964,94.0,0.5966,1.0
1753617199605,11:53:19.605,okx,ACE/USDT:USDT,0.596,308.0,0.5958,68.0,0.5964,154.0,0.5966,68.0
1753617199705,11:53:19.705,okx,ACE/USDT:USDT,0.596,308.0,0.5958,68.0,0.5964,214.0,0.5966,68.0
1753617199805,11:53:19.805,okx,ACE/USDT:USDT,0.596,308.0,0.5958,68.0,0.5964,214.0,0.5966,68.0
1753617200005,11:53:20.005,okx,ACE/USDT:USDT,0.596,308.0,0.5958,68.0,0.5964,214.0,0.5966,155.0
1753617200305,11:53:20.305,okx,ACE/USDT:USDT,0.5955,189.0,0.5954,112.0,0.596,263.0,0.5961,189.0
1753617200905,11:53:20.905,okx,ACE/USDT:USDT,0.5955,189.0,0.5954,112.0,0.596,397.0,0.5961,87.0
1753617201205,11:53:21.205,okx,ACE/USDT:USDT,0.5956,256.0,0.5955,17.0,0.596,315.0,0.5961,87.0
1753617201705,11:53:21.705,okx,ACE/USDT:USDT,0.5961,305.0,0.5958,189.0,0.5964,18.0,0.5965,285.0
1753617202005,11:53:22.005,okx,ACE/USDT:USDT,0.5961,305.0,0.5958,70.0,0.5964,361.0,0.5965,285.0
1753617202205,11:53:22.205,okx,ACE/USDT:USDT,0.5961,305.0,0.5958,70.0,0.5964,261.0,0.5965,450.0
1753617202505,11:53:22.505,okx,ACE/USDT:USDT,0.5961,305.0,0.5958,70.0,0.5964,201.0,0.5965,450.0
1753617203205,11:53:23.205,okx,ACE/USDT:USDT,0.5961,305.0,0.5958,189.0,0.5964,369.0,0.5965,450.0
1753617203505,11:53:23.505,okx,ACE/USDT:USDT,0.5961,305.0,0.5958,189.0,0.5964,369.0,0.5965,285.0
1753617203605,11:53:23.605,okx,ACE/USDT:USDT,0.5961,305.0,0.5958,189.0,0.5964,369.0,0.5965,285.0
1753617203705,11:53:23.705,okx,ACE/USDT:USDT,0.5961,305.0,0.5958,189.0,0.5964,369.0,0.5965,285.0
1753617204005,11:53:24.005,okx,ACE/USDT:USDT,0.5961,305.0,0.5958,189.0,0.5964,369.0,0.5965,285.0
1753617204105,11:53:24.105,okx,ACE/USDT:USDT,0.5961,305.0,0.5958,189.0,0.5964,306.0,0.5965,285.0
1753617205205,11:53:25.205,okx,ACE/USDT:USDT,0.5961,305.0,0.5958,189.0,0.5964,201.0,0.5965,285.0
1753617206505,11:53:26.505,okx,ACE/USDT:USDT,0.5961,305.0,0.5958,189.0,0.5964,143.0,0.5965,119.0
1753617206705,11:53:26.705,okx,ACE/USDT:USDT,0.5961,305.0,0.5958,189.0,0.5964,143.0,0.5965,119.0
1753617207305,11:53:27.305,okx,ACE/USDT:USDT,0.5961,305.0,0.5958,189.0,0.5964,143.0,0.5965,119.0
1753617207905,11:53:27.905,okx,ACE/USDT:USDT,0.5961,305.0,0.5958,189.0,0.5964,50.0,0.5965,119.0
1753617208005,11:53:28.005,okx,ACE/USDT:USDT,0.5961,305.0,0.5958,189.0,0.5964,50.0,0.5965,119.0
1753617208905,11:53:28.905,okx,ACE/USDT:USDT,0.5961,305.0,0.5958,189.0,0.5964,50.0,0.5965,119.0
1753617209705,11:53:29.705,okx,ACE/USDT:USDT,0.5961,305.0,0.5958,189.0,0.5964,50.0,0.5965,119.0
1753617210005,11:53:30.005,okx,ACE/USDT:USDT,0.5961,305.0,0.5958,189.0,0.5964,50.0,0.5965,119.0
1753617210105,11:53:30.105,okx,ACE/USDT:USDT,0.5961,305.0,0.5958,189.0,0.5964,50.0,0.5965,119.0
1753617210205,11:53:30.205,okx,ACE/USDT:USDT,0.5961,305.0,0.5958,189.0,0.5964,50.0,0.5965,119.0
1753617210305,11:53:30.305,okx,ACE/USDT:USDT,0.5961,305.0,0.5958,189.0,0.5964,50.0,0.5965,119.0
1753617210805,11:53:30.805,okx,ACE/USDT:USDT,0.5965,305.0,0.5964,1.0,0.5968,273.0,0.5969,285.0
1753617211305,11:53:31.305,okx,ACE/USDT:USDT,0.5962,189.0,0.5961,1.0,0.5967,129.0,0.5968,39.0
1753617211405,11:53:31.405,okx,ACE/USDT:USDT,0.5962,189.0,0.5961,1.0,0.5967,120.0,0.5968,39.0
1753617211805,11:53:31.805,okx,ACE/USDT:USDT,0.5963,305.0,0.5961,1.0,0.5968,39.0,0.5969,119.0
1753617212005,11:53:32.005,okx,ACE/USDT:USDT,0.5963,305.0,0.5961,1.0,0.5968,265.0,0.5969,119.0
1753617212705,11:53:32.705,okx,ACE/USDT:USDT,0.5963,305.0,0.5961,1.0,0.5968,265.0,0.5969,119.0
1753617213105,11:53:33.105,okx,ACE/USDT:USDT,0.5963,305.0,0.5961,1.0,0.5968,265.0,0.5969,119.0
1753617213405,11:53:33.405,okx,ACE/USDT:USDT,0.5963,305.0,0.5961,1.0,0.5968,265.0,0.5969,119.0
1753617215105,11:53:35.105,okx,ACE/USDT:USDT,0.5963,305.0,0.5961,1.0,0.5968,431.0,0.5969,119.0
1753617215705,11:53:35.705,okx,ACE/USDT:USDT,0.5963,305.0,0.5961,1.0,0.5968,265.0,0.5969,119.0
1753617215805,11:53:35.805,okx,ACE/USDT:USDT,0.5963,305.0,0.5961,1.0,0.5968,265.0,0.5969,119.0
1753617217905,11:53:37.905,okx,ACE/USDT:USDT,0.5963,305.0,0.5961,1.0,0.5968,265.0,0.5969,119.0
1753617218205,11:53:38.205,okx,ACE/USDT:USDT,0.5963,305.0,0.5961,1.0,0.5968,265.0,0.5969,119.0
1753617218305,11:53:38.305,okx,ACE/USDT:USDT,0.5963,305.0,0.5961,1.0,0.5968,265.0,0.5969,119.0
1753617218405,11:53:38.405,okx,ACE/USDT:USDT,0.5963,305.0,0.5961,1.0,0.5968,265.0,0.5969,119.0
1753617218505,11:53:38.505,okx,ACE/USDT:USDT,0.5963,305.0,0.5961,2.0,0.5968,265.0,0.5969,119.0
1753617218605,11:53:38.605,okx,ACE/USDT:USDT,0.5963,305.0,0.5961,1.0,0.5968,265.0,0.5969,119.0
1753617218705,11:53:38.705,okx,ACE/USDT:USDT,0.5963,305.0,0.5961,1.0,0.5968,265.0,0.5969,119.0
1753617219605,11:53:39.605,okx,ACE/USDT:USDT,0.5963,305.0,0.5961,1.0,0.5968,265.0,0.5969,119.0
1753617220005,11:53:40.005,okx,ACE/USDT:USDT,0.5963,305.0,0.5961,1.0,0.5968,265.0,0.5969,119.0
1753617220605,11:53:40.605,okx,ACE/USDT:USDT,0.5963,305.0,0.5961,1.0,0.5968,59.0,0.5969,119.0
1753617220705,11:53:40.705,okx,ACE/USDT:USDT,0.5963,305.0,0.5961,1.0,0.5968,562.0,0.5969,119.0
1753617221405,11:53:41.405,okx,ACE/USDT:USDT,0.5963,305.0,0.5961,1.0,0.5968,591.0,0.5969,119.0
1753617221605,11:53:41.605,okx,ACE/USDT:USDT,0.5963,305.0,0.5961,1.0,0.5968,591.0,0.5969,119.0
1753617222305,11:53:42.305,okx,ACE/USDT:USDT,0.5963,305.0,0.5961,1.0,0.5968,669.0,0.5969,119.0
1753617223005,11:53:43.005,okx,ACE/USDT:USDT,0.5963,305.0,0.5961,1.0,0.5968,866.0,0.5969,119.0
1753617223505,11:53:43.505,okx,ACE/USDT:USDT,0.5963,305.0,0.5961,1.0,0.5968,866.0,0.5969,119.0
1753617223605,11:53:43.605,okx,ACE/USDT:USDT,0.5963,305.0,0.5961,1.0,0.5968,866.0,0.5969,119.0
1753617225205,11:53:45.205,okx,ACE/USDT:USDT,0.5963,305.0,0.5961,1.0,0.5968,866.0,0.5969,119.0
1753617226405,11:53:46.405,okx,ACE/USDT:USDT,0.5963,305.0,0.5961,1.0,0.5968,866.0,0.5969,119.0
1753617226805,11:53:46.805,okx,ACE/USDT:USDT,0.5963,305.0,0.5961,1.0,0.5968,866.0,0.5969,119.0
1753617227005,11:53:47.005,okx,ACE/USDT:USDT,0.5963,305.0,0.5961,1.0,0.5968,866.0,0.5969,119.0
1753617228005,11:53:48.005,okx,ACE/USDT:USDT,0.5967,305.0,0.5966,1.0,0.5972,285.0,0.5973,88.0
1753617228405,11:53:48.405,okx,ACE/USDT:USDT,0.5967,305.0,0.5966,1.0,0.5972,285.0,0.5973,88.0
1753617228805,11:53:48.805,okx,ACE/USDT:USDT,0.5967,305.0,0.5966,1.0,0.5972,285.0,0.5973,88.0
1753617229105,11:53:49.105,okx,ACE/USDT:USDT,0.5967,305.0,0.5966,1.0,0.5972,192.0,0.5973,88.0
1753617229205,11:53:49.205,okx,ACE/USDT:USDT,0.5967,305.0,0.5966,1.0,0.5972,250.0,0.5973,88.0
1753617229705,11:53:49.705,okx,ACE/USDT:USDT,0.5967,305.0,0.5966,1.0,0.5972,262.0,0.5973,88.0
1753617229805,11:53:49.805,okx,ACE/USDT:USDT,0.5967,305.0,0.5966,1.0,0.5972,262.0,0.5973,88.0
1753617230005,11:53:50.005,okx,ACE/USDT:USDT,0.5967,305.0,0.5966,1.0,0.5972,262.0,0.5973,88.0
1753617230405,11:53:50.405,okx,ACE/USDT:USDT,0.5967,305.0,0.5966,1.0,0.5972,247.0,0.5973,88.0
1753617230605,11:53:50.605,okx,ACE/USDT:USDT,0.5967,305.0,0.5966,1.0,0.5972,247.0,0.5973,88.0
1753617230705,11:53:50.705,okx,ACE/USDT:USDT,0.5967,305.0,0.5966,1.0,0.5972,251.0,0.5973,88.0
1753617231205,11:53:51.205,okx,ACE/USDT:USDT,0.5967,305.0,0.5966,1.0,0.5972,251.0,0.5973,88.0
1753617231505,11:53:51.505,okx,ACE/USDT:USDT,0.5967,305.0,0.5966,1.0,0.5972,417.0,0.5973,88.0
1753617232505,11:53:52.505,okx,ACE/USDT:USDT,0.5967,305.0,0.5966,1.0,0.5972,1152.0,0.5973,583.0
1753617232805,11:53:52.805,okx,ACE/USDT:USDT,0.5967,305.0,0.5966,1.0,0.5972,1152.0,0.5973,583.0
1753617234005,11:53:54.005,okx,ACE/USDT:USDT,0.5971,305.0,0.5968,183.0,0.5972,31.0,0.5973,419.0
1753617234305,11:53:54.305,okx,ACE/USDT:USDT,0.5967,100.0,0.5966,1.0,0.5972,516.0,0.5973,604.0
1753617234605,11:53:54.605,okx,ACE/USDT:USDT,0.5967,100.0,0.5966,1.0,0.5972,682.0,0.5973,604.0
1753617234705,11:53:54.705,okx,ACE/USDT:USDT,0.5967,100.0,0.5966,1.0,0.5972,682.0,0.5973,604.0
1753617234905,11:53:54.905,okx,ACE/USDT:USDT,0.5967,100.0,0.5966,1.0,0.5972,682.0,0.5973,604.0
1753617235005,11:53:55.005,okx,ACE/USDT:USDT,0.5967,100.0,0.5966,1.0,0.5972,516.0,0.5973,604.0
1753617235305,11:53:55.305,okx,ACE/USDT:USDT,0.5967,100.0,0.5966,1.0,0.5972,516.0,0.5973,109.0
1753617236005,11:53:56.005,okx,ACE/USDT:USDT,0.5967,100.0,0.5966,1.0,0.5972,682.0,0.5973,109.0
1753617236205,11:53:56.205,okx,ACE/USDT:USDT,0.5967,100.0,0.5966,1.0,0.5972,682.0,0.5973,109.0
1753617236305,11:53:56.305,okx,ACE/USDT:USDT,0.5967,100.0,0.5966,1.0,0.5972,682.0,0.5973,109.0
1753617236405,11:53:56.405,okx,ACE/USDT:USDT,0.5967,100.0,0.5966,1.0,0.5972,682.0,0.5973,109.0
1753617237105,11:53:57.105,okx,ACE/USDT:USDT,0.5967,100.0,0.5966,1.0,0.5972,682.0,0.5973,109.0
1753617237405,11:53:57.405,okx,ACE/USDT:USDT,0.5967,100.0,0.5966,1.0,0.5972,682.0,0.5973,109.0
1753617237805,11:53:57.805,okx,ACE/USDT:USDT,0.5967,100.0,0.5966,1.0,0.5972,489.0,0.5973,109.0
1753617238405,11:53:58.405,okx,ACE/USDT:USDT,0.5967,100.0,0.5966,1.0,0.5972,565.0,0.5973,604.0
1753617238505,11:53:58.505,okx,ACE/USDT:USDT,0.5967,100.0,0.5966,1.0,0.5972,626.0,0.5973,604.0
1753617238905,11:53:58.905,okx,ACE/USDT:USDT,0.5967,100.0,0.5966,1.0,0.5972,639.0,0.5973,604.0
1753617239205,11:53:59.205,okx,ACE/USDT:USDT,0.5967,100.0,0.5966,1.0,0.5972,624.0,0.5973,604.0
1753617239705,11:53:59.705,okx,ACE/USDT:USDT,0.5967,100.0,0.5966,1.0,0.5972,624.0,0.5973,604.0
1753617240305,11:54:00.305,okx,ACE/USDT:USDT,0.5964,119.0,0.5963,203.0,0.597,199.0,0.5972,428.0
1753617241205,11:54:01.205,okx,ACE/USDT:USDT,0.5965,115.0,0.5964,1.0,0.597,128.0,0.5972,222.0
1753617242005,11:54:02.005,okx,ACE/USDT:USDT,0.5965,115.0,0.5964,1.0,0.597,991.0,0.5972,245.0
1753617242605,11:54:02.605,okx,ACE/USDT:USDT,0.5965,100.0,0.5964,1.0,0.597,991.0,0.5972,410.0
1753617242705,11:54:02.705,okx,ACE/USDT:USDT,0.5965,100.0,0.5964,1.0,0.597,991.0,0.5972,410.0
1753617242905,11:54:02.905,okx,ACE/USDT:USDT,0.5965,100.0,0.5964,1.0,0.597,660.0,0.5972,245.0
1753617243105,11:54:03.105,okx,ACE/USDT:USDT,0.5965,100.0,0.5964,1.0,0.597,660.0,0.5972,245.0
1753617243205,11:54:03.205,okx,ACE/USDT:USDT,0.5965,100.0,0.5964,1.0,0.597,660.0,0.5972,245.0
1753617243405,11:54:03.405,okx,ACE/USDT:USDT,0.5965,100.0,0.5964,1.0,0.597,672.0,0.5972,241.0
1753617243505,11:54:03.505,okx,ACE/USDT:USDT,0.5965,100.0,0.5964,1.0,0.597,672.0,0.5972,241.0
1753617243705,11:54:03.705,okx,ACE/USDT:USDT,0.5965,100.0,0.5964,1.0,0.597,838.0,0.5972,241.0
1753617243905,11:54:03.905,okx,ACE/USDT:USDT,0.5965,100.0,0.5964,1.0,0.597,1231.0,0.5972,241.0
1753617244405,11:54:04.405,okx,ACE/USDT:USDT,0.5965,100.0,0.5964,1.0,0.597,838.0,0.5971,84.0
1753617245305,11:54:05.305,okx,ACE/USDT:USDT,0.5965,95.0,0.5964,1.0,0.597,1391.0,0.5971,579.0
1753617245405,11:54:05.405,okx,ACE/USDT:USDT,0.5961,136.0,0.596,85.0,0.5969,16.0,0.597,142.0
1753617246005,11:54:06.005,okx,ACE/USDT:USDT,0.5964,95.0,0.5962,17.0,0.5969,53.0,0.597,187.0
1753617246205,11:54:06.205,okx,ACE/USDT:USDT,0.5964,110.0,0.5962,17.0,0.5969,219.0,0.597,187.0
1753617246505,11:54:06.505,okx,ACE/USDT:USDT,0.5964,110.0,0.5962,120.0,0.597,1130.0,0.5971,84.0
1753617246605,11:54:06.605,okx,ACE/USDT:USDT,0.5964,110.0,0.5962,120.0,0.597,1130.0,0.5971,84.0
1753617246905,11:54:06.905,okx,ACE/USDT:USDT,0.5964,110.0,0.5962,120.0,0.597,1130.0,0.5971,84.0
1753617247505,11:54:07.505,okx,ACE/USDT:USDT,0.5964,95.0,0.5962,120.0,0.597,1904.0,0.5971,84.0
1753617248005,11:54:08.005,okx,ACE/USDT:USDT,0.5961,1.0,0.596,319.0,0.5969,84.0,0.597,1708.0
1753617248105,11:54:08.105,okx,ACE/USDT:USDT,0.5962,95.0,0.596,17.0,0.5968,175.0,0.5969,87.0
1753617248405,11:54:08.405,okx,ACE/USDT:USDT,0.5961,95.0,0.5959,68.0,0.5967,334.0,0.5968,213.0
1753617248605,11:54:08.605,okx,ACE/USDT:USDT,0.5961,95.0,0.5959,68.0,0.5967,837.0,0.5968,213.0
1753617249005,11:54:09.005,okx,ACE/USDT:USDT,0.5961,95.0,0.5959,68.0,0.5967,917.0,0.5968,213.0
1753617249105,11:54:09.105,okx,ACE/USDT:USDT,0.5961,110.0,0.5959,68.0,0.5967,1083.0,0.5968,213.0
1753617249205,11:54:09.205,okx,ACE/USDT:USDT,0.5961,110.0,0.5959,68.0,0.5967,1083.0,0.5968,213.0
1753617249305,11:54:09.305,okx,ACE/USDT:USDT,0.5961,110.0,0.5959,68.0,0.5967,1083.0,0.5968,213.0
1753617249405,11:54:09.405,okx,ACE/USDT:USDT,0.5961,110.0,0.5959,68.0,0.5967,917.0,0.5968,213.0
1753617249505,11:54:09.505,okx,ACE/USDT:USDT,0.5961,110.0,0.5959,68.0,0.5967,1291.0,0.5968,213.0
1753617250405,11:54:10.405,okx,ACE/USDT:USDT,0.5961,110.0,0.5959,68.0,0.5967,1371.0,0.5968,213.0
1753617251405,11:54:11.405,okx,ACE/USDT:USDT,0.5961,110.0,0.5959,68.0,0.5967,1371.0,0.5968,119.0
1753617254305,11:54:14.305,okx,ACE/USDT:USDT,0.5962,95.0,0.5961,1.0,0.5967,774.0,0.5968,119.0
1753617254505,11:54:14.505,okx,ACE/USDT:USDT,0.5962,95.0,0.5961,1.0,0.5967,774.0,0.5968,119.0
1753617254705,11:54:14.705,okx,ACE/USDT:USDT,0.5962,95.0,0.5961,1.0,0.5967,774.0,0.5968,119.0
1753617254805,11:54:14.805,okx,ACE/USDT:USDT,0.5962,95.0,0.5961,1.0,0.5967,774.0,0.5968,119.0
1753617255605,11:54:15.605,okx,ACE/USDT:USDT,0.5964,95.0,0.5962,46.0,0.5968,563.0,0.5969,105.0
1753617255705,11:54:15.705,okx,ACE/USDT:USDT,0.5964,95.0,0.5962,46.0,0.5968,533.0,0.5969,105.0
1753617255905,11:54:15.905,okx,ACE/USDT:USDT,0.596,119.0,0.5959,202.0,0.5968,898.0,0.5969,84.0
1753617256005,11:54:16.005,okx,ACE/USDT:USDT,0.5959,202.0,0.5958,348.0,0.5967,9.0,0.5968,638.0
1753617256105,11:54:16.105,okx,ACE/USDT:USDT,0.5959,217.0,0.5958,348.0,0.5967,9.0,0.5968,638.0
1753617256505,11:54:16.505,okx,ACE/USDT:USDT,0.5962,95.0,0.5961,1.0,0.5967,669.0,0.5968,638.0
1753617257005,11:54:17.005,okx,ACE/USDT:USDT,0.5962,95.0,0.5961,1.0,0.5967,669.0,0.5968,638.0
1753617257305,11:54:17.305,okx,ACE/USDT:USDT,0.5962,95.0,0.5961,1.0,0.5967,503.0,0.5968,638.0
1753617257505,11:54:17.505,okx,ACE/USDT:USDT,0.5962,95.0,0.5961,1.0,0.5967,503.0,0.5968,638.0
1753617258705,11:54:18.705,okx,ACE/USDT:USDT,0.5962,95.0,0.5961,1.0,0.5967,503.0,0.5968,638.0
1753617259505,11:54:19.505,okx,ACE/USDT:USDT,0.5962,95.0,0.5961,1.0,0.5967,513.0,0.5968,638.0
1753617259805,11:54:19.805,okx,ACE/USDT:USDT,0.5962,95.0,0.5961,1.0,0.5967,679.0,0.5968,638.0
1753617260505,11:54:20.505,okx,ACE/USDT:USDT,0.596,95.0,0.5959,119.0,0.5967,431.0,0.5968,136.0
1753617262205,11:54:22.205,okx,ACE/USDT:USDT,0.596,110.0,0.5959,119.0,0.5967,934.0,0.5968,136.0
1753617262705,11:54:22.705,okx,ACE/USDT:USDT,0.596,110.0,0.5959,119.0,0.5967,934.0,0.5968,136.0
1753617264705,11:54:24.705,okx,ACE/USDT:USDT,0.596,15.0,0.5959,119.0,0.5967,934.0,0.5968,136.0
1753617265305,11:54:25.305,okx,ACE/USDT:USDT,0.596,15.0,0.5959,119.0,0.5967,934.0,0.5968,136.0
1753617265905,11:54:25.905,okx,ACE/USDT:USDT,0.596,15.0,0.5959,119.0,0.5967,934.0,0.5968,136.0
1753617266905,11:54:26.905,okx,ACE/USDT:USDT,0.596,15.0,0.5959,119.0,0.5967,934.0,0.5968,136.0
1753617267605,11:54:27.605,okx,ACE/USDT:USDT,0.596,15.0,0.5959,119.0,0.5967,934.0,0.5968,136.0
1753617268205,11:54:28.205,okx,ACE/USDT:USDT,0.596,15.0,0.5959,119.0,0.5967,934.0,0.5968,136.0
1753617269105,11:54:29.105,okx,ACE/USDT:USDT,0.596,15.0,0.5959,119.0,0.5967,934.0,0.5968,136.0
1753617269705,11:54:29.705,okx,ACE/USDT:USDT,0.596,15.0,0.5959,119.0,0.5967,934.0,0.5968,136.0
1753617271505,11:54:31.505,okx,ACE/USDT:USDT,0.596,95.0,0.5958,18.0,0.5965,132.0,0.5966,1049.0
1753617272005,11:54:32.005,okx,ACE/USDT:USDT,0.596,95.0,0.5958,18.0,0.5965,132.0,0.5966,1049.0
1753617272305,11:54:32.305,okx,ACE/USDT:USDT,0.596,95.0,0.5958,18.0,0.5965,132.0,0.5966,1049.0
1753617272505,11:54:32.505,okx,ACE/USDT:USDT,0.596,95.0,0.5958,18.0,0.5965,155.0,0.5966,1049.0
1753617272705,11:54:32.705,okx,ACE/USDT:USDT,0.596,95.0,0.5958,18.0,0.5965,155.0,0.5966,1049.0
1753617273205,11:54:33.205,okx,ACE/USDT:USDT,0.596,95.0,0.5958,18.0,0.5965,949.0,0.5966,1.0
1753617273305,11:54:33.305,okx,ACE/USDT:USDT,0.596,95.0,0.5958,18.0,0.5965,1215.0,0.5966,1.0
1753617273505,11:54:33.505,okx,ACE/USDT:USDT,0.596,95.0,0.5958,18.0,0.5965,1381.0,0.5966,1.0
1753617273705,11:54:33.705,okx,ACE/USDT:USDT,0.596,95.0,0.5958,18.0,0.5965,1381.0,0.5966,1.0
1753617274405,11:54:34.405,okx,ACE/USDT:USDT,0.596,95.0,0.5958,18.0,0.5965,1381.0,0.5966,1.0
1753617275405,11:54:35.405,okx,ACE/USDT:USDT,0.596,95.0,0.5958,18.0,0.5965,1215.0,0.5966,1.0
1753617276605,11:54:36.605,okx,ACE/USDT:USDT,0.596,95.0,0.5958,18.0,0.5965,1215.0,0.5966,1.0
1753617276705,11:54:36.705,okx,ACE/USDT:USDT,0.596,95.0,0.5958,18.0,0.5965,1381.0,0.5966,1.0
1753617276805,11:54:36.805,okx,ACE/USDT:USDT,0.596,95.0,0.5958,18.0,0.5965,1381.0,0.5966,1.0
1753617277405,11:54:37.405,okx,ACE/USDT:USDT,0.596,95.0,0.5958,18.0,0.5965,1381.0,0.5966,1.0
1753617277705,11:54:37.705,okx,ACE/USDT:USDT,0.596,95.0,0.5958,18.0,0.5965,1381.0,0.5966,1.0
1753617277905,11:54:37.905,okx,ACE/USDT:USDT,0.596,95.0,0.5958,18.0,0.5965,1621.0,0.5966,331.0
1753617278605,11:54:38.605,okx,ACE/USDT:USDT,0.5958,95.0,0.5957,98.0,0.5963,1066.0,0.5964,120.0
1753617279105,11:54:39.105,okx,ACE/USDT:USDT,0.5958,95.0,0.5957,98.0,0.5963,1232.0,0.5964,120.0
1753617279505,11:54:39.505,okx,ACE/USDT:USDT,0.5958,95.0,0.5957,98.0,0.5963,1066.0,0.5964,120.0
1753617280005,11:54:40.005,okx,ACE/USDT:USDT,0.5958,95.0,0.5957,98.0,0.5963,1066.0,0.5964,120.0
1753617280505,11:54:40.505,okx,ACE/USDT:USDT,0.5958,95.0,0.5957,98.0,0.5963,254.0,0.5964,120.0
1753617282205,11:54:42.205,okx,ACE/USDT:USDT,0.5958,95.0,0.5956,120.0,0.5963,506.0,0.5964,120.0
1753617282705,11:54:42.705,okx,ACE/USDT:USDT,0.5956,119.0,0.5955,88.0,0.5962,9.0,0.5963,734.0
1753617282905,11:54:42.905,okx,ACE/USDT:USDT,0.5956,119.0,0.5955,88.0,0.5962,40.0,0.5963,231.0
1753617283005,11:54:43.005,okx,ACE/USDT:USDT,0.5956,119.0,0.5955,88.0,0.5962,40.0,0.5963,231.0
1753617283205,11:54:43.205,okx,ACE/USDT:USDT,0.5956,134.0,0.5955,88.0,0.5962,40.0,0.5963,231.0
1753617283305,11:54:43.305,okx,ACE/USDT:USDT,0.5956,134.0,0.5955,88.0,0.5962,40.0,0.5963,231.0
1753617284305,11:54:44.305,okx,ACE/USDT:USDT,0.5956,134.0,0.5955,88.0,0.5962,91.0,0.5963,184.0
1753617284405,11:54:44.405,okx,ACE/USDT:USDT,0.5956,134.0,0.5955,88.0,0.5962,92.0,0.5963,184.0
1753617284805,11:54:44.805,okx,ACE/USDT:USDT,0.5956,15.0,0.5955,88.0,0.5962,92.0,0.5963,184.0
1753617285305,11:54:45.305,okx,ACE/USDT:USDT,0.5955,95.0,0.5954,103.0,0.596,9.0,0.5961,185.0
1753617285605,11:54:45.605,okx,ACE/USDT:USDT,0.5955,95.0,0.5954,103.0,0.596,9.0,0.5961,185.0
1753617285705,11:54:45.705,okx,ACE/USDT:USDT,0.5955,95.0,0.5954,103.0,0.596,9.0,0.5961,185.0
1753617285805,11:54:45.805,okx,ACE/USDT:USDT,0.5955,95.0,0.5954,103.0,0.596,9.0,0.5961,185.0
1753617286205,11:54:46.205,okx,ACE/USDT:USDT,0.5955,95.0,0.5954,103.0,0.596,408.0,0.5961,169.0
1753617286305,11:54:46.305,okx,ACE/USDT:USDT,0.5955,95.0,0.5954,103.0,0.596,408.0,0.5961,169.0
1753617286505,11:54:46.505,okx,ACE/USDT:USDT,0.5955,95.0,0.5954,103.0,0.596,544.0,0.5961,169.0
1753617286605,11:54:46.605,okx,ACE/USDT:USDT,0.5955,95.0,0.5954,103.0,0.596,907.0,0.5961,169.0
1753617287405,11:54:47.405,okx,ACE/USDT:USDT,0.5955,95.0,0.5954,103.0,0.596,907.0,0.5961,169.0
1753617287505,11:54:47.505,okx,ACE/USDT:USDT,0.5955,95.0,0.5954,103.0,0.596,907.0,0.5961,169.0
1753617287805,11:54:47.805,okx,ACE/USDT:USDT,0.5955,95.0,0.5953,270.0,0.596,907.0,0.5961,169.0
1753617288005,11:54:48.005,okx,ACE/USDT:USDT,0.5955,95.0,0.5953,270.0,0.596,1241.0,0.5961,1.0
1753617288505,11:54:48.505,okx,ACE/USDT:USDT,0.5955,95.0,0.5953,270.0,0.596,1393.0,0.5961,1.0
1753617289005,11:54:49.005,okx,ACE/USDT:USDT,0.5955,95.0,0.5953,270.0,0.596,1558.0,0.5961,1.0
1753617289105,11:54:49.105,okx,ACE/USDT:USDT,0.5955,95.0,0.5953,270.0,0.596,1393.0,0.5961,1.0
1753617289605,11:54:49.605,okx,ACE/USDT:USDT,0.5955,95.0,0.5953,270.0,0.596,1393.0,0.5961,1.0
1753617289805,11:54:49.805,okx,ACE/USDT:USDT,0.5955,95.0,0.5954,1.0,0.596,1227.0,0.5961,1.0
1753617290205,11:54:50.205,okx,ACE/USDT:USDT,0.5955,95.0,0.5953,270.0,0.596,1227.0,0.5961,1.0
1753617290305,11:54:50.305,okx,ACE/USDT:USDT,0.5955,95.0,0.5954,84.0,0.596,1227.0,0.5961,1.0
1753617290405,11:54:50.405,okx,ACE/USDT:USDT,0.5957,95.0,0.5956,86.0,0.5961,55.0,0.5962,188.0
1753617291505,11:54:51.505,okx,ACE/USDT:USDT,0.5957,95.0,0.5956,86.0,0.5961,266.0,0.5962,337.0
1753617291805,11:54:51.805,okx,ACE/USDT:USDT,0.5957,95.0,0.5956,86.0,0.5961,266.0,0.5962,337.0
1753617292105,11:54:52.105,okx,ACE/USDT:USDT,0.5957,95.0,0.5956,86.0,0.5961,266.0,0.5962,337.0
1753617292605,11:54:52.605,okx,ACE/USDT:USDT,0.5957,95.0,0.5955,117.0,0.5961,266.0,0.5962,337.0
1753617292705,11:54:52.705,okx,ACE/USDT:USDT,0.5957,95.0,0.5955,117.0,0.5961,266.0,0.5962,337.0
1753617293605,11:54:53.605,okx,ACE/USDT:USDT,0.5957,95.0,0.5955,117.0,0.5961,629.0,0.5962,22.0
1753617294205,11:54:54.205,okx,ACE/USDT:USDT,0.5957,95.0,0.5955,117.0,0.5961,629.0,0.5962,22.0
1753617294305,11:54:54.305,okx,ACE/USDT:USDT,0.5957,95.0,0.5955,117.0,0.5961,629.0,0.5962,22.0
1753617294805,11:54:54.805,okx,ACE/USDT:USDT,0.5957,95.0,0.5955,117.0,0.5961,629.0,0.5962,22.0
1753617295505,11:54:55.505,okx,ACE/USDT:USDT,0.5954,84.0,0.5953,85.0,0.596,9.0,0.5961,122.0
1753617296105,11:54:56.105,okx,ACE/USDT:USDT,0.5955,211.0,0.5954,82.0,0.596,196.0,0.5961,122.0
1753617297005,11:54:57.005,okx,ACE/USDT:USDT,0.5955,116.0,0.5954,82.0,0.596,33.0,0.5961,1.0
1753617297105,11:54:57.105,okx,ACE/USDT:USDT,0.5955,116.0,0.5954,82.0,0.596,33.0,0.5961,1.0
1753617297205,11:54:57.205,okx,ACE/USDT:USDT,0.5955,15.0,0.5954,82.0,0.596,33.0,0.5961,1.0
1753617297405,11:54:57.405,okx,ACE/USDT:USDT,0.5955,15.0,0.5954,82.0,0.596,33.0,0.5961,1.0
1753617298005,11:54:58.005,okx,ACE/USDT:USDT,0.5955,15.0,0.5953,415.0,0.596,33.0,0.5961,1.0
1753617298205,11:54:58.205,okx,ACE/USDT:USDT,0.5955,15.0,0.5953,415.0,0.596,33.0,0.5961,1.0
1753617298505,11:54:58.505,okx,ACE/USDT:USDT,0.5955,15.0,0.5953,415.0,0.596,34.0,0.5961,1.0
1753617300605,11:55:00.605,okx,ACE/USDT:USDT,0.5955,110.0,0.5953,415.0,0.596,54.0,0.5961,2.0
1753617300905,11:55:00.905,okx,ACE/USDT:USDT,0.5955,15.0,0.5953,415.0,0.5958,3.0,0.5959,1.0
1753617301305,11:55:01.305,okx,ACE/USDT:USDT,0.5954,83.0,0.5953,85.0,0.5958,21.0,0.5959,1.0
1753617301505,11:55:01.505,okx,ACE/USDT:USDT,0.5954,83.0,0.5953,85.0,0.5958,21.0,0.5959,1.0
1753617302305,11:55:02.305,okx,ACE/USDT:USDT,0.5954,83.0,0.5953,85.0,0.5958,21.0,0.5959,1.0
1753617302405,11:55:02.405,okx,ACE/USDT:USDT,0.5954,83.0,0.5953,85.0,0.5958,21.0,0.5959,1.0
1753617302505,11:55:02.505,okx,ACE/USDT:USDT,0.5954,83.0,0.5953,85.0,0.5958,21.0,0.5959,1.0
1753617302705,11:55:02.705,okx,ACE/USDT:USDT,0.5953,85.0,0.5952,205.0,0.5958,21.0,0.5959,1.0
1753617302905,11:55:02.905,okx,ACE/USDT:USDT,0.5953,85.0,0.5952,205.0,0.5958,21.0,0.5959,1.0
1753617303105,11:55:03.105,okx,ACE/USDT:USDT,0.5953,100.0,0.5952,205.0,0.5958,21.0,0.5959,1.0
1753617303305,11:55:03.305,okx,ACE/USDT:USDT,0.5953,100.0,0.5952,205.0,0.5958,21.0,0.5959,1.0
1753617303805,11:55:03.805,okx,ACE/USDT:USDT,0.5953,100.0,0.5952,205.0,0.5958,21.0,0.5959,1.0
1753617304705,11:55:04.705,okx,ACE/USDT:USDT,0.5953,85.0,0.5952,86.0,0.5958,64.0,0.5959,1.0
1753617305205,11:55:05.205,okx,ACE/USDT:USDT,0.5951,246.0,0.595,206.0,0.5957,9.0,0.5958,22.0
1753617305405,11:55:05.405,okx,ACE/USDT:USDT,0.5951,246.0,0.595,206.0,0.5957,24.0,0.5958,1.0
1753617306105,11:55:06.105,okx,ACE/USDT:USDT,0.5952,226.0,0.5951,231.0,0.5957,24.0,0.5958,1.0
1753617306405,11:55:06.405,okx,ACE/USDT:USDT,0.5952,226.0,0.5951,231.0,0.5957,24.0,0.5958,1.0
1753617307105,11:55:07.105,okx,ACE/USDT:USDT,0.5952,226.0,0.5951,231.0,0.5957,24.0,0.5958,1.0
1753617307305,11:55:07.305,okx,ACE/USDT:USDT,0.5952,226.0,0.5951,231.0,0.5957,24.0,0.5958,1.0
1753617307705,11:55:07.705,okx,ACE/USDT:USDT,0.5952,226.0,0.5951,231.0,0.5957,24.0,0.5958,1.0
1753617308005,11:55:08.005,okx,ACE/USDT:USDT,0.5952,226.0,0.5951,231.0,0.5957,24.0,0.5958,1.0
1753617308105,11:55:08.105,okx,ACE/USDT:USDT,0.5952,226.0,0.5951,231.0,0.5957,24.0,0.5958,1.0
1753617308205,11:55:08.205,okx,ACE/USDT:USDT,0.595,87.0,0.5949,322.0,0.5957,24.0,0.5958,19.0
1753617308305,11:55:08.305,okx,ACE/USDT:USDT,0.5949,86.0,0.5948,518.0,0.5956,9.0,0.5957,42.0
1753617308605,11:55:08.605,okx,ACE/USDT:USDT,0.595,95.0,0.5948,351.0,0.5956,9.0,0.5957,42.0
1753617309105,11:55:09.105,okx,ACE/USDT:USDT,0.5951,95.0,0.595,1.0,0.5956,152.0,0.5957,42.0
1753617310005,11:55:10.005,okx,ACE/USDT:USDT,0.5951,95.0,0.595,1.0,0.5957,360.0,0.5958,120.0
1753617310305,11:55:10.305,okx,ACE/USDT:USDT,0.5951,95.0,0.595,1.0,0.5957,360.0,0.5958,120.0
1753617310905,11:55:10.905,okx,ACE/USDT:USDT,0.5951,95.0,0.595,1.0,0.5957,194.0,0.5958,120.0
1753617311305,11:55:11.305,okx,ACE/USDT:USDT,0.5951,95.0,0.595,1.0,0.5957,360.0,0.5958,120.0
1753617311505,11:55:11.505,okx,ACE/USDT:USDT,0.5951,95.0,0.595,1.0,0.5957,360.0,0.5958,120.0
1753617311605,11:55:11.605,okx,ACE/USDT:USDT,0.5951,95.0,0.595,1.0,0.5957,360.0,0.5958,120.0
1753617313205,11:55:13.205,okx,ACE/USDT:USDT,0.5951,95.0,0.595,1.0,0.5957,360.0,0.5958,120.0
1753617313505,11:55:13.505,okx,ACE/USDT:USDT,0.5951,95.0,0.595,1.0,0.5957,284.0,0.5958,120.0
1753617314105,11:55:14.105,okx,ACE/USDT:USDT,0.5951,95.0,0.595,1.0,0.5957,360.0,0.5958,120.0
1753617315305,11:55:15.305,okx,ACE/USDT:USDT,0.5951,95.0,0.595,1.0,0.5957,360.0,0.5958,120.0
1753617316205,11:55:16.205,okx,ACE/USDT:USDT,0.5951,95.0,0.595,1.0,0.5957,360.0,0.5958,120.0
1753617316505,11:55:16.505,okx,ACE/USDT:USDT,0.5951,95.0,0.595,1.0,0.5957,525.0,0.5958,120.0
1753617317105,11:55:17.105,okx,ACE/USDT:USDT,0.5951,95.0,0.595,1.0,0.5957,540.0,0.5958,120.0
1753617317205,11:55:17.205,okx,ACE/USDT:USDT,0.5951,95.0,0.595,1.0,0.5957,540.0,0.5958,120.0
1753617317905,11:55:17.905,okx,ACE/USDT:USDT,0.5951,95.0,0.595,1.0,0.5957,464.0,0.5958,120.0
1753617318705,11:55:18.705,okx,ACE/USDT:USDT,0.5951,95.0,0.595,1.0,0.5957,576.0,0.5958,120.0
1753617319305,11:55:19.305,okx,ACE/USDT:USDT,0.5949,852.0,0.5948,120.0,0.5955,319.0,0.5956,81.0
1753617319505,11:55:19.505,okx,ACE/USDT:USDT,0.5949,852.0,0.5948,120.0,0.5955,69.0,0.5956,81.0
1753617319605,11:55:19.605,okx,ACE/USDT:USDT,0.595,95.0,0.5949,852.0,0.5955,137.0,0.5957,177.0
1753617319705,11:55:19.705,okx,ACE/USDT:USDT,0.595,95.0,0.5949,852.0,0.5955,137.0,0.5957,159.0
1753617320105,11:55:20.105,okx,ACE/USDT:USDT,0.595,95.0,0.5949,852.0,0.5955,137.0,0.5957,144.0
1753617320405,11:55:20.405,okx,ACE/USDT:USDT,0.595,95.0,0.5949,936.0,0.5955,137.0,0.5957,165.0
1753617320605,11:55:20.605,okx,ACE/USDT:USDT,0.595,95.0,0.5949,936.0,0.5954,1.0,0.5955,137.0
1753617320705,11:55:20.705,okx,ACE/USDT:USDT,0.595,95.0,0.5949,936.0,0.5954,1.0,0.5955,3.0
1753617321305,11:55:21.305,okx,ACE/USDT:USDT,0.595,95.0,0.5949,1020.0,0.5954,1.0,0.5955,3.0
1753617322405,11:55:22.405,okx,ACE/USDT:USDT,0.595,95.0,0.5949,1020.0,0.5954,27.0,0.5955,3.0
1753617322505,11:55:22.505,okx,ACE/USDT:USDT,0.595,95.0,0.5949,1020.0,0.5954,27.0,0.5955,3.0
1753617323105,11:55:23.105,okx,ACE/USDT:USDT,0.595,95.0,0.5949,1020.0,0.5954,27.0,0.5955,3.0
1753617323705,11:55:23.705,okx,ACE/USDT:USDT,0.595,95.0,0.5949,1020.0,0.5954,26.0,0.5955,3.0
1753617324205,11:55:24.205,okx,ACE/USDT:USDT,0.595,95.0,0.5949,1020.0,0.5954,26.0,0.5955,3.0
1753617325405,11:55:25.405,okx,ACE/USDT:USDT,0.5951,619.0,0.595,1.0,0.5955,1.0,0.5956,1.0
1753617325505,11:55:25.505,okx,ACE/USDT:USDT,0.5951,619.0,0.595,1.0,0.5955,1.0,0.5956,1.0
1753617325905,11:55:25.905,okx,ACE/USDT:USDT,0.5951,619.0,0.595,1.0,0.5955,1.0,0.5956,1.0
1753617326205,11:55:26.205,okx,ACE/USDT:USDT,0.5951,619.0,0.595,1.0,0.5955,1.0,0.5956,1.0
1753617327605,11:55:27.605,okx,ACE/USDT:USDT,0.5951,619.0,0.595,1.0,0.5955,1.0,0.5956,1.0
1753617328405,11:55:28.405,okx,ACE/USDT:USDT,0.5951,619.0,0.595,1.0,0.5955,1.0,0.5956,1.0
1753617328605,11:55:28.605,okx,ACE/USDT:USDT,0.5951,619.0,0.595,1.0,0.5955,1.0,0.5956,1.0
1753617328705,11:55:28.705,okx,ACE/USDT:USDT,0.5951,619.0,0.595,1.0,0.5955,1.0,0.5956,1.0
1753617330405,11:55:30.405,okx,ACE/USDT:USDT,0.5951,619.0,0.595,1.0,0.5955,1.0,0.5956,1.0
1753617330805,11:55:30.805,okx,ACE/USDT:USDT,0.5951,619.0,0.595,1.0,0.5955,2.0,0.5956,1.0
1753617331005,11:55:31.005,okx,ACE/USDT:USDT,0.5951,619.0,0.595,1.0,0.5955,2.0,0.5956,1.0
1753617331505,11:55:31.505,okx,ACE/USDT:USDT,0.5951,619.0,0.595,1.0,0.5955,2.0,0.5956,1.0
1753617331605,11:55:31.605,okx,ACE/USDT:USDT,0.5951,619.0,0.595,1.0,0.5955,2.0,0.5956,1.0
1753617331905,11:55:31.905,okx,ACE/USDT:USDT,0.5951,619.0,0.595,1.0,0.5955,1.0,0.5956,1.0
1753617332205,11:55:32.205,okx,ACE/USDT:USDT,0.5951,619.0,0.595,1.0,0.5955,1.0,0.5956,1.0
1753617332305,11:55:32.305,okx,ACE/USDT:USDT,0.5951,619.0,0.595,1.0,0.5955,1.0,0.5956,1.0
1753617333105,11:55:33.105,okx,ACE/USDT:USDT,0.5951,619.0,0.595,1.0,0.5955,1.0,0.5956,1.0
1753617333205,11:55:33.205,okx,ACE/USDT:USDT,0.5951,619.0,0.595,1.0,0.5955,1.0,0.5956,167.0
1753617333605,11:55:33.605,okx,ACE/USDT:USDT,0.5951,619.0,0.595,1.0,0.5955,1.0,0.5956,167.0
1753617333905,11:55:33.905,okx,ACE/USDT:USDT,0.5951,619.0,0.595,1.0,0.5955,1.0,0.5956,167.0
1753617334205,11:55:34.205,okx,ACE/USDT:USDT,0.5951,617.0,0.595,1.0,0.5955,1.0,0.5956,1.0
1753617334505,11:55:34.505,okx,ACE/USDT:USDT,0.5951,617.0,0.595,1.0,0.5955,1.0,0.5956,1.0
1753617335205,11:55:35.205,okx,ACE/USDT:USDT,0.5951,617.0,0.595,1.0,0.5955,1.0,0.5956,1.0
1753617335905,11:55:35.905,okx,ACE/USDT:USDT,0.5951,617.0,0.595,1.0,0.5955,1.0,0.5956,1.0
1753617336405,11:55:36.405,okx,ACE/USDT:USDT,0.5951,617.0,0.595,1.0,0.5955,1.0,0.5956,1.0
1753617337005,11:55:37.005,okx,ACE/USDT:USDT,0.5951,617.0,0.595,1.0,0.5955,31.0,0.5956,1.0
1753617337205,11:55:37.205,okx,ACE/USDT:USDT,0.5951,617.0,0.595,1.0,0.5955,31.0,0.5956,1.0
1753617338305,11:55:38.305,okx,ACE/USDT:USDT,0.5951,617.0,0.595,1.0,0.5955,31.0,0.5956,1.0
1753617338805,11:55:38.805,okx,ACE/USDT:USDT,0.5951,617.0,0.595,1.0,0.5955,31.0,0.5956,1.0
1753617339305,11:55:39.305,okx,ACE/USDT:USDT,0.5951,617.0,0.595,1.0,0.5955,31.0,0.5956,1.0
1753617339505,11:55:39.505,okx,ACE/USDT:USDT,0.5951,617.0,0.595,1.0,0.5955,31.0,0.5956,1.0
1753617339605,11:55:39.605,okx,ACE/USDT:USDT,0.5951,617.0,0.595,1.0,0.5955,31.0,0.5956,1.0
1753617340105,11:55:40.105,okx,ACE/USDT:USDT,0.5951,617.0,0.595,1.0,0.5955,31.0,0.5956,1.0
1753617340205,11:55:40.205,okx,ACE/USDT:USDT,0.5951,599.0,0.595,1.0,0.5955,50.0,0.5956,1.0
1753617340305,11:55:40.305,okx,ACE/USDT:USDT,0.5951,597.0,0.595,1.0,0.5955,31.0,0.5956,1.0
1753617340705,11:55:40.705,okx,ACE/USDT:USDT,0.5951,597.0,0.595,1.0,0.5955,31.0,0.5956,1.0
1753617341305,11:55:41.305,okx,ACE/USDT:USDT,0.5951,597.0,0.595,1.0,0.5955,31.0,0.5956,1.0
1753617341705,11:55:41.705,okx,ACE/USDT:USDT,0.5951,597.0,0.595,1.0,0.5955,31.0,0.5956,167.0
1753617341805,11:55:41.805,okx,ACE/USDT:USDT,0.5951,597.0,0.595,1.0,0.5955,31.0,0.5956,167.0
1753617342105,11:55:42.105,okx,ACE/USDT:USDT,0.5951,597.0,0.595,1.0,0.5955,31.0,0.5956,167.0
1753617342205,11:55:42.205,okx,ACE/USDT:USDT,0.5951,597.0,0.595,1.0,0.5955,73.0,0.5956,167.0
1753617342805,11:55:42.805,okx,ACE/USDT:USDT,0.5951,597.0,0.595,1.0,0.5955,31.0,0.5956,332.0
1753617342905,11:55:42.905,okx,ACE/USDT:USDT,0.5951,597.0,0.595,1.0,0.5955,31.0,0.5956,167.0
1753617343405,11:55:43.405,okx,ACE/USDT:USDT,0.5951,597.0,0.595,1.0,0.5955,31.0,0.5956,167.0
1753617343705,11:55:43.705,okx,ACE/USDT:USDT,0.5951,597.0,0.595,1.0,0.5955,31.0,0.5956,332.0
1753617344605,11:55:44.605,okx,ACE/USDT:USDT,0.5951,597.0,0.595,1.0,0.5955,31.0,0.5956,167.0
1753617344905,11:55:44.905,okx,ACE/USDT:USDT,0.5952,95.0,0.5951,597.0,0.5955,1.0,0.5956,1.0
1753617345005,11:55:45.005,okx,ACE/USDT:USDT,0.5952,95.0,0.5951,597.0,0.5955,1.0,0.5956,1.0
1753617345205,11:55:45.205,okx,ACE/USDT:USDT,0.5952,95.0,0.5951,597.0,0.5955,645.0,0.5956,1.0
1753617345305,11:55:45.305,okx,ACE/USDT:USDT,0.5952,95.0,0.5951,597.0,0.5955,645.0,0.5956,1.0
1753617345405,11:55:45.405,okx,ACE/USDT:USDT,0.5952,95.0,0.5951,597.0,0.5955,645.0,0.5956,1.0
1753617345705,11:55:45.705,okx,ACE/USDT:USDT,0.5952,95.0,0.5951,597.0,0.5955,645.0,0.5956,1.0
1753617345905,11:55:45.905,okx,ACE/USDT:USDT,0.5952,95.0,0.5951,597.0,0.5955,645.0,0.5956,1.0
1753617346205,11:55:46.205,okx,ACE/USDT:USDT,0.5952,95.0,0.5951,597.0,0.5955,645.0,0.5956,1.0
1753617346305,11:55:46.305,okx,ACE/USDT:USDT,0.5952,95.0,0.5951,597.0,0.5955,645.0,0.5956,1.0
1753617346705,11:55:46.705,okx,ACE/USDT:USDT,0.5952,95.0,0.5951,597.0,0.5955,645.0,0.5956,1.0
1753617346805,11:55:46.805,okx,ACE/USDT:USDT,0.5952,95.0,0.5951,597.0,0.5955,645.0,0.5956,1.0
1753617347005,11:55:47.005,okx,ACE/USDT:USDT,0.5952,95.0,0.5951,597.0,0.5955,645.0,0.5956,1.0
1753617347405,11:55:47.405,okx,ACE/USDT:USDT,0.5952,95.0,0.5951,597.0,0.5955,645.0,0.5956,1.0
1753617347605,11:55:47.605,okx,ACE/USDT:USDT,0.5958,235.0,0.5957,44.0,0.5961,503.0,0.5963,419.0
1753617348005,11:55:48.005,okx,ACE/USDT:USDT,0.5958,142.0,0.5956,189.0,0.5964,390.0,0.5965,84.0
1753617348205,11:55:48.205,okx,ACE/USDT:USDT,0.5958,142.0,0.5956,189.0,0.5964,570.0,0.5965,84.0
1753617348405,11:55:48.405,okx,ACE/USDT:USDT,0.5959,142.0,0.5958,1.0,0.5964,1052.0,0.5965,84.0
1753617348505,11:55:48.505,okx,ACE/USDT:USDT,0.5959,142.0,0.5958,1.0,0.5964,887.0,0.5965,84.0
1753617348605,11:55:48.605,okx,ACE/USDT:USDT,0.5959,142.0,0.5958,1.0,0.5964,721.0,0.5965,84.0
1753617348905,11:55:48.905,okx,ACE/USDT:USDT,0.5959,142.0,0.5958,1.0,0.5964,721.0,0.5965,84.0
1753617349005,11:55:49.005,okx,ACE/USDT:USDT,0.5959,142.0,0.5958,1.0,0.5964,721.0,0.5965,84.0
1753617349205,11:55:49.205,okx,ACE/USDT:USDT,0.5959,142.0,0.5958,1.0,0.5964,721.0,0.5965,84.0
1753617349305,11:55:49.305,okx,ACE/USDT:USDT,0.5959,142.0,0.5958,1.0,0.5964,721.0,0.5965,84.0
1753617349405,11:55:49.405,okx,ACE/USDT:USDT,0.5959,142.0,0.5958,1.0,0.5964,721.0,0.5965,84.0
1753617349505,11:55:49.505,okx,ACE/USDT:USDT,0.5959,142.0,0.5958,1.0,0.5964,721.0,0.5965,84.0
1753617350205,11:55:50.205,okx,ACE/USDT:USDT,0.596,142.0,0.5958,1.0,0.5964,721.0,0.5965,250.0
1753617350605,11:55:50.605,okx,ACE/USDT:USDT,0.596,142.0,0.5958,1.0,0.5964,721.0,0.5965,745.0
1753617350705,11:55:50.705,okx,ACE/USDT:USDT,0.596,142.0,0.5958,1.0,0.5964,721.0,0.5965,745.0
1753617351105,11:55:51.105,okx,ACE/USDT:USDT,0.596,142.0,0.5958,1.0,0.5964,721.0,0.5965,745.0
1753617351305,11:55:51.305,okx,ACE/USDT:USDT,0.596,142.0,0.5958,1.0,0.5964,721.0,0.5965,745.0
1753617352105,11:55:52.105,okx,ACE/USDT:USDT,0.596,142.0,0.5958,1.0,0.5964,721.0,0.5965,745.0
1753617352305,11:55:52.305,okx,ACE/USDT:USDT,0.596,142.0,0.5958,1.0,0.5964,721.0,0.5965,745.0
1753617352805,11:55:52.805,okx,ACE/USDT:USDT,0.596,142.0,0.5958,1.0,0.5964,721.0,0.5965,579.0
1753617352905,11:55:52.905,okx,ACE/USDT:USDT,0.596,142.0,0.5958,1.0,0.5964,721.0,0.5965,579.0
1753617353005,11:55:53.005,okx,ACE/USDT:USDT,0.596,142.0,0.5958,1.0,0.5964,721.0,0.5965,745.0
1753617353205,11:55:53.205,okx,ACE/USDT:USDT,0.596,142.0,0.5958,1.0,0.5964,721.0,0.5965,745.0
1753617353305,11:55:53.305,okx,ACE/USDT:USDT,0.596,142.0,0.5958,1.0,0.5964,721.0,0.5965,745.0
1753617354005,11:55:54.005,okx,ACE/USDT:USDT,0.596,142.0,0.5958,1.0,0.5964,721.0,0.5965,745.0
1753617354605,11:55:54.605,okx,ACE/USDT:USDT,0.596,142.0,0.5958,1.0,0.5964,721.0,0.5965,579.0
1753617355105,11:55:55.105,okx,ACE/USDT:USDT,0.596,142.0,0.5958,1.0,0.5964,602.0,0.5965,745.0
1753617355505,11:55:55.505,okx,ACE/USDT:USDT,0.596,142.0,0.5958,1.0,0.5964,602.0,0.5965,910.0
1753617355805,11:55:55.805,okx,ACE/USDT:USDT,0.596,142.0,0.5958,1.0,0.5964,602.0,0.5965,910.0
1753617356205,11:55:56.205,okx,ACE/USDT:USDT,0.596,142.0,0.5958,1.0,0.5964,602.0,0.5965,910.0
1753617356305,11:55:56.305,okx,ACE/USDT:USDT,0.5958,1.0,0.5957,307.0,0.5964,603.0,0.5965,910.0
1753617356505,11:55:56.505,okx,ACE/USDT:USDT,0.5956,2.0,0.5955,121.0,0.5962,30.0,0.5963,84.0
1753617357205,11:55:57.205,okx,ACE/USDT:USDT,0.595,15.0,0.5949,120.0,0.5956,9.0,0.5957,157.0
1753617357305,11:55:57.305,okx,ACE/USDT:USDT,0.595,15.0,0.5949,120.0,0.5956,9.0,0.5957,136.0
1753617357405,11:55:57.405,okx,ACE/USDT:USDT,0.595,15.0,0.5949,120.0,0.5956,9.0,0.5957,136.0
1753617357505,11:55:57.505,okx,ACE/USDT:USDT,0.595,15.0,0.5949,137.0,0.5956,9.0,0.5957,136.0
1753617357905,11:55:57.905,okx,ACE/USDT:USDT,0.595,15.0,0.5949,137.0,0.5956,9.0,0.5957,136.0
1753617358105,11:55:58.105,okx,ACE/USDT:USDT,0.595,15.0,0.5949,1.0,0.5956,166.0,0.5957,119.0
1753617358405,11:55:58.405,okx,ACE/USDT:USDT,0.595,15.0,0.5949,1.0,0.5956,331.0,0.5957,203.0
1753617358605,11:55:58.605,okx,ACE/USDT:USDT,0.595,15.0,0.5949,1.0,0.5956,331.0,0.5957,203.0
1753617360105,11:56:00.105,okx,ACE/USDT:USDT,0.5948,119.0,0.5947,254.0,0.5955,145.0,0.5957,203.0
1753617360805,11:56:00.805,okx,ACE/USDT:USDT,0.5947,87.0,0.5946,90.0,0.5951,44.0,0.5952,1.0
1753617360905,11:56:00.905,okx,ACE/USDT:USDT,0.5947,87.0,0.5946,90.0,0.5951,44.0,0.5952,1.0
1753617361105,11:56:01.105,okx,ACE/USDT:USDT,0.5947,102.0,0.5946,90.0,0.5951,44.0,0.5952,1.0
1753617361305,11:56:01.305,okx,ACE/USDT:USDT,0.5947,113.0,0.5946,90.0,0.5951,44.0,0.5952,1.0
1753617361405,11:56:01.405,okx,ACE/USDT:USDT,0.5947,113.0,0.5946,90.0,0.5951,44.0,0.5952,1.0
1753617361705,11:56:01.705,okx,ACE/USDT:USDT,0.5947,113.0,0.5946,107.0,0.5951,40.0,0.5952,1.0
1753617361805,11:56:01.805,okx,ACE/USDT:USDT,0.5947,113.0,0.5946,107.0,0.5951,40.0,0.5952,1.0
1753617363505,11:56:03.505,okx,ACE/USDT:USDT,0.5947,113.0,0.5946,107.0,0.5951,40.0,0.5952,1.0
1753617364405,11:56:04.405,okx,ACE/USDT:USDT,0.5947,113.0,0.5946,107.0,0.5951,40.0,0.5952,1.0
1753617365005,11:56:05.005,okx,ACE/USDT:USDT,0.5947,113.0,0.5946,105.0,0.5951,40.0,0.5952,1.0
1753617365205,11:56:05.205,okx,ACE/USDT:USDT,0.5947,113.0,0.5946,105.0,0.5951,40.0,0.5952,1.0
1753617365305,11:56:05.305,okx,ACE/USDT:USDT,0.5947,113.0,0.5946,105.0,0.5951,40.0,0.5952,1.0
1753617365905,11:56:05.905,okx,ACE/USDT:USDT,0.5947,113.0,0.5946,105.0,0.5951,40.0,0.5952,1.0
1753617366805,11:56:06.805,okx,ACE/USDT:USDT,0.5947,113.0,0.5946,105.0,0.5951,40.0,0.5952,1.0
1753617366905,11:56:06.905,okx,ACE/USDT:USDT,0.5947,113.0,0.5946,105.0,0.5951,40.0,0.5952,1.0
1753617367505,11:56:07.505,okx,ACE/USDT:USDT,0.5947,113.0,0.5946,105.0,0.5951,40.0,0.5952,1.0
1753617368605,11:56:08.605,okx,ACE/USDT:USDT,0.5947,98.0,0.5946,105.0,0.5951,42.0,0.5952,1.0
1753617370105,11:56:10.105,okx,ACE/USDT:USDT,0.5947,113.0,0.5946,105.0,0.5951,42.0,0.5952,1.0
1753617370805,11:56:10.805,okx,ACE/USDT:USDT,0.5947,113.0,0.5946,105.0,0.5951,42.0,0.5952,1.0
1753617371405,11:56:11.405,okx,ACE/USDT:USDT,0.5947,113.0,0.5946,105.0,0.5951,42.0,0.5952,1.0
1753617371605,11:56:11.605,okx,ACE/USDT:USDT,0.5947,113.0,0.5946,105.0,0.5951,42.0,0.5952,1.0
1753617372005,11:56:12.005,okx,ACE/USDT:USDT,0.5947,113.0,0.5946,105.0,0.5951,42.0,0.5952,1.0
1753617372505,11:56:12.505,okx,ACE/USDT:USDT,0.5947,113.0,0.5946,105.0,0.5951,42.0,0.5952,1.0
1753617373605,11:56:13.605,okx,ACE/USDT:USDT,0.5947,98.0,0.5946,105.0,0.5951,42.0,0.5952,1.0
1753617374405,11:56:14.405,okx,ACE/USDT:USDT,0.5947,98.0,0.5946,105.0,0.5951,42.0,0.5952,1.0
1753617375105,11:56:15.105,okx,ACE/USDT:USDT,0.5947,113.0,0.5946,105.0,0.5951,42.0,0.5952,1.0
1753617375505,11:56:15.505,okx,ACE/USDT:USDT,0.5947,113.0,0.5946,105.0,0.5951,42.0,0.5952,1.0
1753617375705,11:56:15.705,okx,ACE/USDT:USDT,0.5947,113.0,0.5946,105.0,0.5951,42.0,0.5952,1.0
1753617376205,11:56:16.205,okx,ACE/USDT:USDT,0.5947,113.0,0.5946,105.0,0.5951,42.0,0.5952,1.0
1753617376405,11:56:16.405,okx,ACE/USDT:USDT,0.5947,113.0,0.5946,105.0,0.5951,42.0,0.5952,1.0
1753617376905,11:56:16.905,okx,ACE/USDT:USDT,0.5948,17.0,0.5947,130.0,0.5955,9.0,0.5956,119.0
1753617377305,11:56:17.305,okx,ACE/USDT:USDT,0.5948,17.0,0.5947,115.0,0.5954,9.0,0.5955,16.0
1753617378005,11:56:18.005,okx,ACE/USDT:USDT,0.5948,17.0,0.5947,115.0,0.5954,9.0,0.5955,16.0
1753617378305,11:56:18.305,okx,ACE/USDT:USDT,0.5948,17.0,0.5947,115.0,0.5955,9.0,0.5956,119.0
1753617378505,11:56:18.505,okx,ACE/USDT:USDT,0.5948,17.0,0.5947,115.0,0.5955,9.0,0.5956,119.0
1753617378705,11:56:18.705,okx,ACE/USDT:USDT,0.5948,17.0,0.5947,115.0,0.5955,9.0,0.5956,119.0
1753617379205,11:56:19.205,okx,ACE/USDT:USDT,0.5948,17.0,0.5947,115.0,0.5954,9.0,0.5955,16.0
1753617379405,11:56:19.405,okx,ACE/USDT:USDT,0.5948,17.0,0.5947,115.0,0.5954,9.0,0.5955,16.0
1753617379705,11:56:19.705,okx,ACE/USDT:USDT,0.5948,17.0,0.5947,115.0,0.5954,9.0,0.5955,16.0
1753617379805,11:56:19.805,okx,ACE/USDT:USDT,0.5948,17.0,0.5947,115.0,0.5954,9.0,0.5955,16.0
1753617380105,11:56:20.105,okx,ACE/USDT:USDT,0.5948,17.0,0.5947,115.0,0.5954,9.0,0.5955,1.0
1753617380205,11:56:20.205,okx,ACE/USDT:USDT,0.5948,17.0,0.5947,115.0,0.5955,9.0,0.5956,120.0
1753617380405,11:56:20.405,okx,ACE/USDT:USDT,0.5948,18.0,0.5947,104.0,0.5955,9.0,0.5956,120.0
1753617380705,11:56:20.705,okx,ACE/USDT:USDT,0.5948,18.0,0.5947,104.0,0.5955,9.0,0.5956,120.0
1753617380805,11:56:20.805,okx,ACE/USDT:USDT,0.5948,18.0,0.5947,104.0,0.5955,9.0,0.5956,120.0
1753617381005,11:56:21.005,okx,ACE/USDT:USDT,0.5948,18.0,0.5947,104.0,0.5955,9.0,0.5956,120.0
1753617381105,11:56:21.105,okx,ACE/USDT:USDT,0.5948,18.0,0.5947,104.0,0.5955,24.0,0.5956,120.0
1753617381205,11:56:21.205,okx,ACE/USDT:USDT,0.5948,18.0,0.5947,104.0,0.5954,9.0,0.5955,15.0
1753617381905,11:56:21.905,okx,ACE/USDT:USDT,0.5948,18.0,0.5947,104.0,0.5954,9.0,0.5955,15.0
1753617382205,11:56:22.205,okx,ACE/USDT:USDT,0.5948,18.0,0.5947,104.0,0.5954,15.0,0.5956,239.0
1753617382305,11:56:22.305,okx,ACE/USDT:USDT,0.5948,18.0,0.5947,104.0,0.5954,15.0,0.5956,239.0
1753617383205,11:56:23.205,okx,ACE/USDT:USDT,0.5948,18.0,0.5947,104.0,0.5955,9.0,0.5956,119.0
1753617383705,11:56:23.705,okx,ACE/USDT:USDT,0.5948,18.0,0.5947,250.0,0.5955,9.0,0.5956,119.0
1753617383805,11:56:23.805,okx,ACE/USDT:USDT,0.5948,18.0,0.5947,250.0,0.5955,9.0,0.5956,119.0
1753617384205,11:56:24.205,okx,ACE/USDT:USDT,0.5948,18.0,0.5947,250.0,0.5954,9.0,0.5955,16.0
1753617385105,11:56:25.105,okx,ACE/USDT:USDT,0.5948,18.0,0.5947,104.0,0.5955,9.0,0.5956,119.0
1753617385205,11:56:25.205,okx,ACE/USDT:USDT,0.5948,18.0,0.5947,104.0,0.5955,9.0,0.5956,119.0
1753617385505,11:56:25.505,okx,ACE/USDT:USDT,0.5948,17.0,0.5947,104.0,0.5954,1.0,0.5955,13.0
1753617386005,11:56:26.005,okx,ACE/USDT:USDT,0.5946,17.0,0.5945,230.0,0.595,145.0,0.5953,236.0
1753617386205,11:56:26.205,okx,ACE/USDT:USDT,0.5946,17.0,0.5945,230.0,0.5952,9.0,0.5953,119.0
1753617386305,11:56:26.305,okx,ACE/USDT:USDT,0.5946,17.0,0.5945,230.0,0.5952,9.0,0.5953,119.0
1753617387905,11:56:27.905,okx,ACE/USDT:USDT,0.5946,17.0,0.5945,230.0,0.5952,9.0,0.5953,119.0
1753617388105,11:56:28.105,okx,ACE/USDT:USDT,0.5946,17.0,0.5945,230.0,0.5952,9.0,0.5953,119.0
1753617388505,11:56:28.505,okx,ACE/USDT:USDT,0.5946,17.0,0.5945,230.0,0.5952,9.0,0.5953,119.0
1753617389405,11:56:29.405,okx,ACE/USDT:USDT,0.5946,17.0,0.5945,230.0,0.5952,9.0,0.5953,119.0
1753617389905,11:56:29.905,okx,ACE/USDT:USDT,0.5946,17.0,0.5945,230.0,0.5952,9.0,0.5953,119.0
1753617390305,11:56:30.305,okx,ACE/USDT:USDT,0.5946,17.0,0.5945,230.0,0.5952,9.0,0.5953,119.0
1753617390905,11:56:30.905,okx,ACE/USDT:USDT,0.5946,17.0,0.5944,439.0,0.5952,176.0,0.5953,119.0
1753617391105,11:56:31.105,okx,ACE/USDT:USDT,0.5946,17.0,0.5944,439.0,0.5952,182.0,0.5953,119.0
1753617391305,11:56:31.305,okx,ACE/USDT:USDT,0.5946,17.0,0.5944,439.0,0.5952,182.0,0.5953,119.0
1753617391605,11:56:31.605,okx,ACE/USDT:USDT,0.5946,17.0,0.5944,439.0,0.5952,182.0,0.5953,119.0
1753617391705,11:56:31.705,okx,ACE/USDT:USDT,0.5946,17.0,0.5944,439.0,0.5952,182.0,0.5953,119.0
1753617392205,11:56:32.205,okx,ACE/USDT:USDT,0.5946,17.0,0.5944,439.0,0.5952,15.0,0.5953,119.0
1753617392705,11:56:32.705,okx,ACE/USDT:USDT,0.5946,17.0,0.5944,439.0,0.5952,15.0,0.5953,119.0
1753617392805,11:56:32.805,okx,ACE/USDT:USDT,0.5946,17.0,0.5944,439.0,0.5952,15.0,0.5953,119.0
1753617393105,11:56:33.105,okx,ACE/USDT:USDT,0.5946,17.0,0.5944,439.0,0.5952,21.0,0.5953,119.0
1753617393405,11:56:33.405,okx,ACE/USDT:USDT,0.5946,17.0,0.5944,439.0,0.5952,21.0,0.5953,119.0
1753617394205,11:56:34.205,okx,ACE/USDT:USDT,0.5942,212.0,0.5941,289.0,0.5949,167.0,0.595,10.0
1753617395005,11:56:35.005,okx,ACE/USDT:USDT,0.5941,8.0,0.594,45.0,0.5946,119.0,0.5947,119.0
1753617395105,11:56:35.105,okx,ACE/USDT:USDT,0.5941,8.0,0.594,45.0,0.5946,119.0,0.5947,119.0
1753617395305,11:56:35.305,okx,ACE/USDT:USDT,0.5941,8.0,0.594,45.0,0.5946,119.0,0.5947,119.0
1753617396305,11:56:36.305,okx,ACE/USDT:USDT,0.5942,1.0,0.5941,8.0,0.5947,119.0,0.5949,208.0
1753617397205,11:56:37.205,okx,ACE/USDT:USDT,0.5941,8.0,0.594,45.0,0.5946,145.0,0.5947,286.0
1753617397605,11:56:37.605,okx,ACE/USDT:USDT,0.5941,8.0,0.594,45.0,0.5946,152.0,0.5947,119.0
1753617397905,11:56:37.905,okx,ACE/USDT:USDT,0.5941,8.0,0.594,45.0,0.5946,152.0,0.5947,119.0
1753617398205,11:56:38.205,okx,ACE/USDT:USDT,0.5941,8.0,0.594,45.0,0.5946,152.0,0.5947,119.0
1753617398405,11:56:38.405,okx,ACE/USDT:USDT,0.5941,8.0,0.594,45.0,0.5946,152.0,0.5947,119.0
1753617398505,11:56:38.505,okx,ACE/USDT:USDT,0.5941,8.0,0.594,45.0,0.5946,152.0,0.5947,119.0
1753617399205,11:56:39.205,okx,ACE/USDT:USDT,0.5941,8.0,0.594,45.0,0.5946,152.0,0.5947,119.0
1753617399605,11:56:39.605,okx,ACE/USDT:USDT,0.5941,8.0,0.594,45.0,0.5946,152.0,0.5947,119.0
1753617400305,11:56:40.305,okx,ACE/USDT:USDT,0.5941,8.0,0.594,45.0,0.5946,152.0,0.5947,119.0
1753617400605,11:56:40.605,okx,ACE/USDT:USDT,0.5941,8.0,0.594,45.0,0.5946,152.0,0.5947,119.0
1753617401005,11:56:41.005,okx,ACE/USDT:USDT,0.5941,8.0,0.594,45.0,0.5946,152.0,0.5947,119.0
1753617401205,11:56:41.205,okx,ACE/USDT:USDT,0.5941,8.0,0.594,45.0,0.5946,152.0,0.5947,119.0
1753617401305,11:56:41.305,okx,ACE/USDT:USDT,0.5941,8.0,0.594,45.0,0.5946,152.0,0.5947,119.0
1753617401705,11:56:41.705,okx,ACE/USDT:USDT,0.5941,8.0,0.594,45.0,0.5946,152.0,0.5947,119.0
1753617401805,11:56:41.805,okx,ACE/USDT:USDT,0.5941,8.0,0.594,45.0,0.5946,152.0,0.5947,119.0
1753617403005,11:56:43.005,okx,ACE/USDT:USDT,0.5941,8.0,0.594,45.0,0.5946,152.0,0.5947,119.0
1753617403905,11:56:43.905,okx,ACE/USDT:USDT,0.5941,8.0,0.594,45.0,0.5946,152.0,0.5947,119.0
1753617404005,11:56:44.005,okx,ACE/USDT:USDT,0.5941,8.0,0.594,45.0,0.5946,152.0,0.5947,119.0
1753617404105,11:56:44.105,okx,ACE/USDT:USDT,0.5941,8.0,0.594,45.0,0.5946,152.0,0.5947,119.0
1753617405205,11:56:45.205,okx,ACE/USDT:USDT,0.5941,8.0,0.594,45.0,0.5946,152.0,0.5947,119.0
1753617406305,11:56:46.305,okx,ACE/USDT:USDT,0.5941,8.0,0.594,45.0,0.5946,152.0,0.5947,119.0
1753617407605,11:56:47.605,okx,ACE/USDT:USDT,0.5941,8.0,0.594,45.0,0.5946,152.0,0.5947,119.0
1753617407705,11:56:47.705,okx,ACE/USDT:USDT,0.5941,8.0,0.594,45.0,0.5946,152.0,0.5947,119.0
1753617408105,11:56:48.105,okx,ACE/USDT:USDT,0.5941,8.0,0.594,45.0,0.5946,152.0,0.5947,119.0
1753617408405,11:56:48.405,okx,ACE/USDT:USDT,0.5941,8.0,0.594,45.0,0.5946,152.0,0.5947,119.0
1753617408805,11:56:48.805,okx,ACE/USDT:USDT,0.5941,8.0,0.594,45.0,0.5946,152.0,0.5947,119.0
1753617409105,11:56:49.105,okx,ACE/USDT:USDT,0.5941,8.0,0.594,45.0,0.5946,152.0,0.5947,119.0
1753617409405,11:56:49.405,okx,ACE/USDT:USDT,0.5941,8.0,0.594,45.0,0.5946,152.0,0.5947,119.0
1753617409905,11:56:49.905,okx,ACE/USDT:USDT,0.5941,8.0,0.594,45.0,0.5946,152.0,0.5947,119.0
1753617410005,11:56:50.005,okx,ACE/USDT:USDT,0.5941,8.0,0.594,45.0,0.5946,152.0,0.5947,119.0
1753617410505,11:56:50.505,okx,ACE/USDT:USDT,0.5941,8.0,0.594,45.0,0.5946,152.0,0.5947,119.0
1753617410605,11:56:50.605,okx,ACE/USDT:USDT,0.5941,8.0,0.594,45.0,0.5946,152.0,0.5947,119.0
1753617411605,11:56:51.605,okx,ACE/USDT:USDT,0.5941,8.0,0.594,45.0,0.5946,152.0,0.5947,119.0
1753617412305,11:56:52.305,okx,ACE/USDT:USDT,0.5941,8.0,0.594,45.0,0.5946,152.0,0.5947,119.0
1753617412805,11:56:52.805,okx,ACE/USDT:USDT,0.5941,8.0,0.594,45.0,0.5945,145.0,0.5946,8.0
1753617413105,11:56:53.105,okx,ACE/USDT:USDT,0.5941,8.0,0.594,45.0,0.5946,7.0,0.5947,119.0
1753617413505,11:56:53.505,okx,ACE/USDT:USDT,0.5941,8.0,0.594,45.0,0.5946,174.0,0.5947,119.0
1753617413705,11:56:53.705,okx,ACE/USDT:USDT,0.5941,8.0,0.594,45.0,0.5944,145.0,0.5946,8.0
1753617414005,11:56:54.005,okx,ACE/USDT:USDT,0.5941,8.0,0.594,45.0,0.5944,145.0,0.5945,167.0
1753617414805,11:56:54.805,okx,ACE/USDT:USDT,0.5941,8.0,0.594,45.0,0.5944,145.0,0.5945,167.0
1753617415205,11:56:55.205,okx,ACE/USDT:USDT,0.5941,8.0,0.594,45.0,0.5944,145.0,0.5945,167.0
1753617415405,11:56:55.405,okx,ACE/USDT:USDT,0.5941,8.0,0.594,45.0,0.5944,145.0,0.5945,167.0
1753617415505,11:56:55.505,okx,ACE/USDT:USDT,0.5941,8.0,0.594,45.0,0.5944,145.0,0.5945,333.0
1753617415705,11:56:55.705,okx,ACE/USDT:USDT,0.5941,8.0,0.594,45.0,0.5944,145.0,0.5945,333.0
1753617415805,11:56:55.805,okx,ACE/USDT:USDT,0.5941,8.0,0.594,45.0,0.5944,145.0,0.5945,333.0
1753617416005,11:56:56.005,okx,ACE/USDT:USDT,0.5941,8.0,0.594,45.0,0.5944,145.0,0.5945,333.0
1753617416105,11:56:56.105,okx,ACE/USDT:USDT,0.5941,8.0,0.594,45.0,0.5944,145.0,0.5945,333.0
1753617418505,11:56:58.505,okx,ACE/USDT:USDT,0.5938,62.0,0.5937,200.0,0.5942,167.0,0.5943,285.0
1753617418805,11:56:58.805,okx,ACE/USDT:USDT,0.5938,62.0,0.5937,200.0,0.5942,167.0,0.5943,285.0
1753617418905,11:56:58.905,okx,ACE/USDT:USDT,0.5938,62.0,0.5937,200.0,0.5942,167.0,0.5943,285.0
1753617419805,11:56:59.805,okx,ACE/USDT:USDT,0.5938,62.0,0.5937,200.0,0.5942,167.0,0.5943,285.0
1753617420005,11:57:00.005,okx,ACE/USDT:USDT,0.5938,62.0,0.5937,200.0,0.5942,167.0,0.5943,285.0
1753617421005,11:57:01.005,okx,ACE/USDT:USDT,0.5938,64.0,0.5937,159.0,0.5942,167.0,0.5943,119.0
1753617421105,11:57:01.105,okx,ACE/USDT:USDT,0.5938,64.0,0.5937,159.0,0.5943,119.0,0.5944,256.0
1753617421805,11:57:01.805,okx,ACE/USDT:USDT,0.5938,67.0,0.5937,159.0,0.5945,9.0,0.5946,176.0
1753617421905,11:57:01.905,okx,ACE/USDT:USDT,0.5938,67.0,0.5937,159.0,0.5945,9.0,0.5946,176.0
1753617424105,11:57:04.105,okx,ACE/USDT:USDT,0.5938,151.0,0.5937,243.0,0.5945,9.0,0.5946,390.0
1753617425305,11:57:05.305,okx,ACE/USDT:USDT,0.5938,151.0,0.5937,243.0,0.5945,9.0,0.5946,390.0
1753617425405,11:57:05.405,okx,ACE/USDT:USDT,0.5938,151.0,0.5937,243.0,0.5945,9.0,0.5946,390.0
1753617425705,11:57:05.705,okx,ACE/USDT:USDT,0.5938,151.0,0.5937,243.0,0.5945,9.0,0.5946,390.0
1753617426105,11:57:06.105,okx,ACE/USDT:USDT,0.5938,166.0,0.5937,243.0,0.5945,9.0,0.5946,390.0
1753617426805,11:57:06.805,okx,ACE/USDT:USDT,0.5938,166.0,0.5937,243.0,0.5945,271.0,0.5946,176.0
1753617427405,11:57:07.405,okx,ACE/USDT:USDT,0.5938,166.0,0.5937,243.0,0.5944,9.0,0.5946,245.0
1753617427905,11:57:07.905,okx,ACE/USDT:USDT,0.5938,163.0,0.5937,243.0,0.5944,6.0,0.5945,168.0
1753617428305,11:57:08.305,okx,ACE/USDT:USDT,0.5938,148.0,0.5937,243.0,0.5944,6.0,0.5945,168.0
1753617428905,11:57:08.905,okx,ACE/USDT:USDT,0.5938,148.0,0.5937,370.0,0.5944,6.0,0.5945,168.0
1753617429105,11:57:09.105,okx,ACE/USDT:USDT,0.5938,148.0,0.5937,370.0,0.5944,6.0,0.5945,168.0
1753617429405,11:57:09.405,okx,ACE/USDT:USDT,0.5938,148.0,0.5937,370.0,0.5944,2.0,0.5945,168.0
1753617429505,11:57:09.505,okx,ACE/USDT:USDT,0.5938,148.0,0.5937,370.0,0.5944,2.0,0.5945,168.0
1753617430505,11:57:10.505,okx,ACE/USDT:USDT,0.5938,163.0,0.5937,370.0,0.5944,2.0,0.5945,168.0
1753617430805,11:57:10.805,okx,ACE/USDT:USDT,0.5938,163.0,0.5937,370.0,0.5944,2.0,0.5945,168.0
1753617431105,11:57:11.105,okx,ACE/USDT:USDT,0.5938,163.0,0.5937,370.0,0.5944,2.0,0.5945,168.0
1753617431905,11:57:11.905,okx,ACE/USDT:USDT,0.5938,163.0,0.5937,370.0,0.5944,2.0,0.5945,168.0
1753617432105,11:57:12.105,okx,ACE/USDT:USDT,0.5938,163.0,0.5937,370.0,0.5944,2.0,0.5945,168.0
1753617432705,11:57:12.705,okx,ACE/USDT:USDT,0.5938,163.0,0.5937,370.0,0.5944,2.0,0.5945,168.0
1753617433005,11:57:13.005,okx,ACE/USDT:USDT,0.5938,163.0,0.5937,370.0,0.5944,2.0,0.5945,168.0
1753617433705,11:57:13.705,okx,ACE/USDT:USDT,0.5938,163.0,0.5937,370.0,0.5944,2.0,0.5945,168.0
1753617434105,11:57:14.105,okx,ACE/USDT:USDT,0.5938,163.0,0.5937,370.0,0.5944,2.0,0.5945,168.0
1753617435205,11:57:15.205,okx,ACE/USDT:USDT,0.5938,163.0,0.5937,370.0,0.5944,2.0,0.5945,168.0
1753617435405,11:57:15.405,okx,ACE/USDT:USDT,0.5938,163.0,0.5937,370.0,0.5944,2.0,0.5945,168.0
1753617436105,11:57:16.105,okx,ACE/USDT:USDT,0.5938,64.0,0.5937,202.0,0.5942,132.0,0.5944,356.0
1753617436205,11:57:16.205,okx,ACE/USDT:USDT,0.5938,64.0,0.5937,202.0,0.5942,132.0,0.5944,356.0
1753617436305,11:57:16.305,okx,ACE/USDT:USDT,0.5938,64.0,0.5937,202.0,0.5942,132.0,0.5944,356.0
1753617437005,11:57:17.005,okx,ACE/USDT:USDT,0.5938,64.0,0.5937,159.0,0.5942,132.0,0.5944,356.0
1753617437105,11:57:17.105,okx,ACE/USDT:USDT,0.5938,64.0,0.5937,159.0,0.5942,132.0,0.5944,356.0
1753617437505,11:57:17.505,okx,ACE/USDT:USDT,0.5938,64.0,0.5937,159.0,0.5942,137.0,0.5944,354.0
1753617437605,11:57:17.605,okx,ACE/USDT:USDT,0.5938,64.0,0.5937,159.0,0.5942,137.0,0.5944,354.0
1753617438305,11:57:18.305,okx,ACE/USDT:USDT,0.5938,64.0,0.5937,159.0,0.5942,5.0,0.5944,186.0
1753617439005,11:57:19.005,okx,ACE/USDT:USDT,0.5938,64.0,0.5937,159.0,0.5942,5.0,0.5944,186.0
1753617439105,11:57:19.105,okx,ACE/USDT:USDT,0.5938,64.0,0.5937,159.0,0.5942,5.0,0.5944,186.0
1753617440705,11:57:20.705,okx,ACE/USDT:USDT,0.5938,65.0,0.5937,159.0,0.5942,5.0,0.5944,186.0
1753617441005,11:57:21.005,okx,ACE/USDT:USDT,0.5938,65.0,0.5937,159.0,0.5942,5.0,0.5944,186.0
1753617441205,11:57:21.205,okx,ACE/USDT:USDT,0.5938,65.0,0.5937,159.0,0.5942,5.0,0.5944,186.0
1753617442005,11:57:22.005,okx,ACE/USDT:USDT,0.5938,152.0,0.5937,662.0,0.5946,176.0,0.5947,287.0
1753617442405,11:57:22.405,okx,ACE/USDT:USDT,0.594,59.0,0.5939,104.0,0.5946,7.0,0.5947,168.0
1753617442705,11:57:22.705,okx,ACE/USDT:USDT,0.594,59.0,0.5939,104.0,0.5946,147.0,0.5947,168.0
1753617443305,11:57:23.305,okx,ACE/USDT:USDT,0.594,59.0,0.5939,104.0,0.5946,147.0,0.5947,168.0
1753617443705,11:57:23.705,okx,ACE/USDT:USDT,0.594,17.0,0.5939,104.0,0.5946,7.0,0.5947,168.0
1753617443805,11:57:23.805,okx,ACE/USDT:USDT,0.594,17.0,0.5939,104.0,0.5946,7.0,0.5947,168.0
1753617444405,11:57:24.405,okx,ACE/USDT:USDT,0.594,17.0,0.5939,104.0,0.5946,7.0,0.5947,168.0
1753617444805,11:57:24.805,okx,ACE/USDT:USDT,0.594,17.0,0.5939,104.0,0.5946,7.0,0.5947,168.0
1753617445005,11:57:25.005,okx,ACE/USDT:USDT,0.594,17.0,0.5939,147.0,0.5946,7.0,0.5947,168.0
1753617445105,11:57:25.105,okx,ACE/USDT:USDT,0.594,17.0,0.5939,147.0,0.5946,17.0,0.5947,168.0
1753617445405,11:57:25.405,okx,ACE/USDT:USDT,0.594,17.0,0.5939,147.0,0.5946,7.0,0.5947,168.0
1753617446005,11:57:26.005,okx,ACE/USDT:USDT,0.594,17.0,0.5939,60.0,0.5944,132.0,0.5946,192.0
1753617446505,11:57:26.505,okx,ACE/USDT:USDT,0.594,17.0,0.5939,60.0,0.5944,132.0,0.5946,192.0
1753617446605,11:57:26.605,okx,ACE/USDT:USDT,0.594,17.0,0.5939,60.0,0.5944,132.0,0.5946,192.0
1753617446705,11:57:26.705,okx,ACE/USDT:USDT,0.594,17.0,0.5939,60.0,0.5944,132.0,0.5946,192.0
1753617446905,11:57:26.905,okx,ACE/USDT:USDT,0.594,17.0,0.5939,60.0,0.5944,132.0,0.5946,192.0
1753617447205,11:57:27.205,okx,ACE/USDT:USDT,0.5939,60.0,0.5938,169.0,0.5944,132.0,0.5946,192.0
1753617447705,11:57:27.705,okx,ACE/USDT:USDT,0.5939,60.0,0.5938,169.0,0.5944,132.0,0.5946,192.0
1753617448005,11:57:28.005,okx,ACE/USDT:USDT,0.5939,60.0,0.5938,168.0,0.5944,132.0,0.5946,192.0
1753617448405,11:57:28.405,okx,ACE/USDT:USDT,0.5939,60.0,0.5938,167.0,0.5946,7.0,0.5947,168.0
1753617448505,11:57:28.505,okx,ACE/USDT:USDT,0.5939,60.0,0.5938,167.0,0.5945,6.0,0.5946,8.0
1753617448905,11:57:28.905,okx,ACE/USDT:USDT,0.5939,17.0,0.5938,166.0,0.5945,6.0,0.5946,8.0
1753617450605,11:57:30.605,okx,ACE/USDT:USDT,0.5939,17.0,0.5938,166.0,0.5945,6.0,0.5946,8.0
1753617450705,11:57:30.705,okx,ACE/USDT:USDT,0.5939,17.0,0.5938,166.0,0.5945,6.0,0.5946,8.0
1753617451205,11:57:31.205,okx,ACE/USDT:USDT,0.5939,17.0,0.5938,166.0,0.5945,6.0,0.5946,8.0
1753617455505,11:57:35.505,okx,ACE/USDT:USDT,0.5939,17.0,0.5938,82.0,0.5945,16.0,0.5946,1.0
1753617456205,11:57:36.205,okx,ACE/USDT:USDT,0.5939,17.0,0.5938,82.0,0.5945,12.0,0.5946,1.0
1753617456405,11:57:36.405,okx,ACE/USDT:USDT,0.5939,17.0,0.5938,82.0,0.5945,12.0,0.5946,1.0
1753617456505,11:57:36.505,okx,ACE/USDT:USDT,0.5939,17.0,0.5938,82.0,0.5945,12.0,0.5946,1.0
1753617456905,11:57:36.905,okx,ACE/USDT:USDT,0.5939,17.0,0.5938,82.0,0.5944,132.0,0.5945,12.0
1753617457305,11:57:37.305,okx,ACE/USDT:USDT,0.5939,17.0,0.5938,82.0,0.5944,132.0,0.5945,12.0
1753617457405,11:57:37.405,okx,ACE/USDT:USDT,0.5939,17.0,0.5938,82.0,0.5944,132.0,0.5945,12.0
1753617457605,11:57:37.605,okx,ACE/USDT:USDT,0.5939,17.0,0.5938,82.0,0.5944,236.0,0.5945,12.0
1753617458105,11:57:38.105,okx,ACE/USDT:USDT,0.5939,17.0,0.5938,82.0,0.5944,236.0,0.5945,12.0
1753617459605,11:57:39.605,okx,ACE/USDT:USDT,0.5939,17.0,0.5938,82.0,0.5944,236.0,0.5945,12.0
1753617460405,11:57:40.405,okx,ACE/USDT:USDT,0.5937,540.0,0.5936,120.0,0.5942,132.0,0.5943,2.0
1753617460605,11:57:40.605,okx,ACE/USDT:USDT,0.5937,455.0,0.5936,121.0,0.5944,6.0,0.5945,148.0
1753617460805,11:57:40.805,okx,ACE/USDT:USDT,0.5937,455.0,0.5936,121.0,0.5943,6.0,0.5944,37.0
1753617461305,11:57:41.305,okx,ACE/USDT:USDT,0.5937,498.0,0.5936,121.0,0.5943,6.0,0.5944,37.0
1753617461405,11:57:41.405,okx,ACE/USDT:USDT,0.5937,498.0,0.5936,121.0,0.5943,6.0,0.5944,37.0
1753617461905,11:57:41.905,okx,ACE/USDT:USDT,0.5937,498.0,0.5936,121.0,0.5943,6.0,0.5944,37.0
1753617462105,11:57:42.105,okx,ACE/USDT:USDT,0.5937,1003.0,0.5936,208.0,0.5943,6.0,0.5944,1.0
1753617462305,11:57:42.305,okx,ACE/USDT:USDT,0.5938,81.0,0.5937,1087.0,0.5944,6.0,0.5945,148.0
1753617462405,11:57:42.405,okx,ACE/USDT:USDT,0.5938,81.0,0.5937,1087.0,0.5944,6.0,0.5945,148.0
1753617462905,11:57:42.905,okx,ACE/USDT:USDT,0.5938,81.0,0.5937,1088.0,0.5944,6.0,0.5945,148.0
1753617463405,11:57:43.405,okx,ACE/USDT:USDT,0.5938,81.0,0.5937,1088.0,0.5944,6.0,0.5945,148.0
1753617463505,11:57:43.505,okx,ACE/USDT:USDT,0.5938,81.0,0.5937,585.0,0.5944,6.0,0.5945,148.0
1753617464005,11:57:44.005,okx,ACE/USDT:USDT,0.5938,92.0,0.5937,585.0,0.5944,6.0,0.5945,148.0
1753617464105,11:57:44.105,okx,ACE/USDT:USDT,0.5938,92.0,0.5937,585.0,0.5944,6.0,0.5945,148.0
1753617464705,11:57:44.705,okx,ACE/USDT:USDT,0.5938,92.0,0.5937,585.0,0.5944,6.0,0.5945,148.0
1753617465705,11:57:45.705,okx,ACE/USDT:USDT,0.5938,92.0,0.5937,585.0,0.5944,6.0,0.5945,148.0
1753617466105,11:57:46.105,okx,ACE/USDT:USDT,0.5938,61.0,0.5937,585.0,0.5944,6.0,0.5945,148.0
1753617466205,11:57:46.205,okx,ACE/USDT:USDT,0.5938,61.0,0.5937,585.0,0.5944,6.0,0.5945,148.0
1753617466305,11:57:46.305,okx,ACE/USDT:USDT,0.5938,61.0,0.5937,585.0,0.5944,6.0,0.5945,148.0
1753617466605,11:57:46.605,okx,ACE/USDT:USDT,0.5938,61.0,0.5937,585.0,0.5944,90.0,0.5945,148.0
1753617467405,11:57:47.405,okx,ACE/USDT:USDT,0.5938,61.0,0.5937,585.0,0.5944,84.0,0.5945,148.0
1753617467505,11:57:47.505,okx,ACE/USDT:USDT,0.5938,61.0,0.5937,585.0,0.5944,84.0,0.5945,148.0
1753617467705,11:57:47.705,okx,ACE/USDT:USDT,0.5937,585.0,0.5936,208.0,0.5944,84.0,0.5945,148.0
1753617468505,11:57:48.505,okx,ACE/USDT:USDT,0.5938,93.0,0.5937,585.0,0.5943,144.0,0.5944,1.0
1753617469005,11:57:49.005,okx,ACE/USDT:USDT,0.5938,93.0,0.5937,585.0,0.5943,144.0,0.5944,1.0
1753617469105,11:57:49.105,okx,ACE/USDT:USDT,0.5938,93.0,0.5937,585.0,0.5943,144.0,0.5944,1.0
1753617469805,11:57:49.805,okx,ACE/USDT:USDT,0.5938,80.0,0.5937,669.0,0.5943,144.0,0.5944,1.0
1753617470105,11:57:50.105,okx,ACE/USDT:USDT,0.5938,80.0,0.5937,669.0,0.5943,144.0,0.5944,1.0
1753617470405,11:57:50.405,okx,ACE/USDT:USDT,0.5938,80.0,0.5937,669.0,0.5943,144.0,0.5944,1.0
1753617470505,11:57:50.505,okx,ACE/USDT:USDT,0.5939,1.0,0.5938,80.0,0.5943,144.0,0.5944,1.0
1753617470605,11:57:50.605,okx,ACE/USDT:USDT,0.5939,61.0,0.5938,81.0,0.5943,144.0,0.5944,1.0
1753617470705,11:57:50.705,okx,ACE/USDT:USDT,0.5939,61.0,0.5938,81.0,0.5943,144.0,0.5944,1.0
1753617471105,11:57:51.105,okx,ACE/USDT:USDT,0.5939,60.0,0.5938,1.0,0.5943,144.0,0.5944,1.0
1753617472105,11:57:52.105,okx,ACE/USDT:USDT,0.5938,94.0,0.5937,669.0,0.5943,344.0,0.5944,1.0
1753617472205,11:57:52.205,okx,ACE/USDT:USDT,0.5938,94.0,0.5937,158.0,0.5943,344.0,0.5944,1.0
1753617472605,11:57:52.605,okx,ACE/USDT:USDT,0.5938,94.0,0.5937,158.0,0.5943,346.0,0.5944,1.0
1753617472805,11:57:52.805,okx,ACE/USDT:USDT,0.5938,94.0,0.5937,158.0,0.5943,346.0,0.5944,1.0
1753617473205,11:57:53.205,okx,ACE/USDT:USDT,0.5938,94.0,0.5937,158.0,0.5943,346.0,0.5944,1.0
1753617473605,11:57:53.605,okx,ACE/USDT:USDT,0.5938,94.0,0.5937,158.0,0.5943,346.0,0.5944,1.0
1753617473905,11:57:53.905,okx,ACE/USDT:USDT,0.5938,94.0,0.5937,158.0,0.5943,346.0,0.5944,1.0
1753617474005,11:57:54.005,okx,ACE/USDT:USDT,0.5937,158.0,0.5936,208.0,0.5943,346.0,0.5944,1.0
1753617474705,11:57:54.705,okx,ACE/USDT:USDT,0.5938,78.0,0.5937,158.0,0.5943,346.0,0.5944,1.0
1753617475405,11:57:55.405,okx,ACE/USDT:USDT,0.5938,78.0,0.5937,158.0,0.5943,346.0,0.5944,1.0
1753617475905,11:57:55.905,okx,ACE/USDT:USDT,0.5938,78.0,0.5937,158.0,0.5943,346.0,0.5944,1.0
1753617476405,11:57:56.405,okx,ACE/USDT:USDT,0.5937,158.0,0.5936,121.0,0.5943,346.0,0.5944,1.0
1753617476805,11:57:56.805,okx,ACE/USDT:USDT,0.5937,158.0,0.5936,121.0,0.5943,346.0,0.5944,1.0
1753617477005,11:57:57.005,okx,ACE/USDT:USDT,0.5937,158.0,0.5936,121.0,0.5943,346.0,0.5944,1.0
1753617477505,11:57:57.505,okx,ACE/USDT:USDT,0.5937,173.0,0.5936,121.0,0.5943,346.0,0.5944,1.0
1753617477705,11:57:57.705,okx,ACE/USDT:USDT,0.5937,173.0,0.5936,121.0,0.5943,346.0,0.5944,1.0
1753617478305,11:57:58.305,okx,ACE/USDT:USDT,0.5937,173.0,0.5936,121.0,0.5943,346.0,0.5944,1.0
1753617478705,11:57:58.705,okx,ACE/USDT:USDT,0.5937,173.0,0.5936,121.0,0.5943,346.0,0.5944,1.0
1753617479105,11:57:59.105,okx,ACE/USDT:USDT,0.5937,158.0,0.5936,121.0,0.5943,346.0,0.5944,1.0
1753617479205,11:57:59.205,okx,ACE/USDT:USDT,0.5937,158.0,0.5936,121.0,0.5943,346.0,0.5944,1.0
1753617479605,11:57:59.605,okx,ACE/USDT:USDT,0.5937,158.0,0.5936,121.0,0.5943,346.0,0.5944,1.0
1753617479705,11:57:59.705,okx,ACE/USDT:USDT,0.5937,158.0,0.5936,121.0,0.5943,346.0,0.5944,1.0
1753617480305,11:58:00.305,okx,ACE/USDT:USDT,0.594,2.0,0.5938,115.0,0.5943,346.0,0.5944,1.0
1753617481105,11:58:01.105,okx,ACE/USDT:USDT,0.594,2.0,0.5938,115.0,0.5943,346.0,0.5944,1.0
1753617482005,11:58:02.005,okx,ACE/USDT:USDT,0.594,2.0,0.5938,234.0,0.5943,346.0,0.5944,1.0
1753617482405,11:58:02.405,okx,ACE/USDT:USDT,0.594,2.0,0.5938,234.0,0.5943,346.0,0.5944,1.0
1753617483105,11:58:03.105,okx,ACE/USDT:USDT,0.594,2.0,0.5938,234.0,0.5943,360.0,0.5944,1.0
1753617483205,11:58:03.205,okx,ACE/USDT:USDT,0.594,2.0,0.5938,234.0,0.5943,360.0,0.5944,1.0
1753617483605,11:58:03.605,okx,ACE/USDT:USDT,0.594,2.0,0.5938,115.0,0.5943,363.0,0.5944,1.0
1753617484005,11:58:04.005,okx,ACE/USDT:USDT,0.594,2.0,0.5938,115.0,0.5943,363.0,0.5944,1.0
1753617484305,11:58:04.305,okx,ACE/USDT:USDT,0.594,2.0,0.5938,234.0,0.5943,363.0,0.5944,1.0
1753617485105,11:58:05.105,okx,ACE/USDT:USDT,0.594,2.0,0.5938,234.0,0.5943,363.0,0.5944,1.0
1753617487505,11:58:07.505,okx,ACE/USDT:USDT,0.594,2.0,0.5938,234.0,0.5943,363.0,0.5944,1.0
1753617488305,11:58:08.305,okx,ACE/USDT:USDT,0.594,2.0,0.5938,234.0,0.5943,363.0,0.5944,1.0
1753617489505,11:58:09.505,okx,ACE/USDT:USDT,0.594,2.0,0.5938,234.0,0.5943,363.0,0.5944,1.0
1753617489705,11:58:09.705,okx,ACE/USDT:USDT,0.594,2.0,0.5938,234.0,0.5943,231.0,0.5944,1.0
1753617490005,11:58:10.005,okx,ACE/USDT:USDT,0.594,2.0,0.5938,234.0,0.5943,231.0,0.5944,1.0
1753617490405,11:58:10.405,okx,ACE/USDT:USDT,0.594,2.0,0.5938,234.0,0.5943,231.0,0.5944,1.0
1753617490605,11:58:10.605,okx,ACE/USDT:USDT,0.594,2.0,0.5938,234.0,0.5943,231.0,0.5944,1.0
1753617491605,11:58:11.605,okx,ACE/USDT:USDT,0.594,2.0,0.5938,234.0,0.5943,231.0,0.5944,1.0
1753617494005,11:58:14.005,okx,ACE/USDT:USDT,0.594,2.0,0.5938,234.0,0.5943,231.0,0.5944,1.0
1753617494405,11:58:14.405,okx,ACE/USDT:USDT,0.594,2.0,0.5938,234.0,0.5943,231.0,0.5944,1.0
1753617495405,11:58:15.405,okx,ACE/USDT:USDT,0.594,2.0,0.5938,1.0,0.5942,258.0,0.5943,31.0
1753617495505,11:58:15.505,okx,ACE/USDT:USDT,0.594,2.0,0.5938,1.0,0.5942,258.0,0.5943,31.0
1753617495805,11:58:15.805,okx,ACE/USDT:USDT,0.594,2.0,0.5938,113.0,0.5942,258.0,0.5943,31.0
1753617496605,11:58:16.605,okx,ACE/USDT:USDT,0.594,2.0,0.5938,113.0,0.5942,258.0,0.5943,31.0
1753617497705,11:58:17.705,okx,ACE/USDT:USDT,0.594,2.0,0.5938,113.0,0.5942,258.0,0.5943,31.0
1753617497905,11:58:17.905,okx,ACE/USDT:USDT,0.5937,156.0,0.5936,3.0,0.5942,294.0,0.5943,228.0
1753617498305,11:58:18.305,okx,ACE/USDT:USDT,0.5937,156.0,0.5936,3.0,0.5941,132.0,0.5942,11.0
1753617498505,11:58:18.505,okx,ACE/USDT:USDT,0.5937,156.0,0.5936,3.0,0.5941,132.0,0.5942,11.0
1753617498805,11:58:18.805,okx,ACE/USDT:USDT,0.5937,156.0,0.5936,3.0,0.5941,132.0,0.5942,11.0
1753617498905,11:58:18.905,okx,ACE/USDT:USDT,0.5937,156.0,0.5936,3.0,0.5941,132.0,0.5942,11.0
1753617499205,11:58:19.205,okx,ACE/USDT:USDT,0.5937,156.0,0.5936,3.0,0.5941,132.0,0.5942,11.0
1753617499605,11:58:19.605,okx,ACE/USDT:USDT,0.5937,156.0,0.5936,3.0,0.5941,374.0,0.5942,11.0
1753617500005,11:58:20.005,okx,ACE/USDT:USDT,0.5937,156.0,0.5936,3.0,0.5941,374.0,0.5942,178.0
1753617500305,11:58:20.305,okx,ACE/USDT:USDT,0.5937,156.0,0.5936,3.0,0.5941,392.0,0.5942,344.0
1753617500405,11:58:20.405,okx,ACE/USDT:USDT,0.5937,156.0,0.5936,3.0,0.5941,392.0,0.5942,344.0
1753617500505,11:58:20.505,okx,ACE/USDT:USDT,0.5937,156.0,0.5936,3.0,0.5941,521.0,0.5942,344.0
1753617500705,11:58:20.705,okx,ACE/USDT:USDT,0.5937,156.0,0.5936,3.0,0.5941,521.0,0.5942,344.0
1753617501005,11:58:21.005,okx,ACE/USDT:USDT,0.5937,156.0,0.5936,3.0,0.5941,392.0,0.5942,344.0
1753617501105,11:58:21.105,okx,ACE/USDT:USDT,0.5937,156.0,0.5936,3.0,0.5941,530.0,0.5942,334.0
1753617501205,11:58:21.205,okx,ACE/USDT:USDT,0.5937,156.0,0.5936,3.0,0.5941,791.0,0.5942,334.0
1753617503305,11:58:23.305,okx,ACE/USDT:USDT,0.5937,156.0,0.5936,3.0,0.5941,452.0,0.5942,334.0
1753617503905,11:58:23.905,okx,ACE/USDT:USDT,0.5937,156.0,0.5936,3.0,0.594,519.0,0.5941,216.0
1753617504005,11:58:24.005,okx,ACE/USDT:USDT,0.5937,156.0,0.5936,3.0,0.594,519.0,0.5941,216.0
1753617505105,11:58:25.105,okx,ACE/USDT:USDT,0.5937,156.0,0.5936,3.0,0.594,519.0,0.5941,216.0
1753617505605,11:58:25.605,okx,ACE/USDT:USDT,0.5937,156.0,0.5936,3.0,0.594,519.0,0.5941,216.0
1753617505805,11:58:25.805,okx,ACE/USDT:USDT,0.5937,156.0,0.5936,3.0,0.594,519.0,0.5941,216.0
1753617506705,11:58:26.705,okx,ACE/USDT:USDT,0.5937,156.0,0.5936,3.0,0.594,737.0,0.5941,18.0
1753617506805,11:58:26.805,okx,ACE/USDT:USDT,0.5937,156.0,0.5936,3.0,0.594,737.0,0.5941,18.0
1753617507505,11:58:27.505,okx,ACE/USDT:USDT,0.5937,156.0,0.5936,3.0,0.594,861.0,0.5941,351.0
1753617507905,11:58:27.905,okx,ACE/USDT:USDT,0.5937,156.0,0.5936,3.0,0.594,737.0,0.5941,351.0
1753617508505,11:58:28.505,okx,ACE/USDT:USDT,0.5937,156.0,0.5936,3.0,0.594,872.0,0.5941,351.0
1753617508605,11:58:28.605,okx,ACE/USDT:USDT,0.5937,156.0,0.5936,3.0,0.594,872.0,0.5941,351.0
1753617508805,11:58:28.805,okx,ACE/USDT:USDT,0.5937,156.0,0.5936,3.0,0.594,805.0,0.5941,351.0
1753617509005,11:58:29.005,okx,ACE/USDT:USDT,0.5937,156.0,0.5936,3.0,0.594,805.0,0.5941,351.0
1753617509305,11:58:29.305,okx,ACE/USDT:USDT,0.5937,156.0,0.5936,3.0,0.594,737.0,0.5941,351.0
1753617509605,11:58:29.605,okx,ACE/USDT:USDT,0.5937,156.0,0.5936,3.0,0.594,705.0,0.5941,351.0
1753617509705,11:58:29.705,okx,ACE/USDT:USDT,0.5937,156.0,0.5936,3.0,0.594,773.0,0.5941,351.0
1753617510105,11:58:30.105,okx,ACE/USDT:USDT,0.5937,156.0,0.5936,3.0,0.594,773.0,0.5941,185.0
1753617510205,11:58:30.205,okx,ACE/USDT:USDT,0.5937,156.0,0.5936,3.0,0.594,773.0,0.5941,185.0
1753617511205,11:58:31.205,okx,ACE/USDT:USDT,0.5937,156.0,0.5936,3.0,0.594,637.0,0.5941,18.0
1753617511605,11:58:31.605,okx,ACE/USDT:USDT,0.5937,156.0,0.5936,3.0,0.594,78.0,0.5941,18.0
1753617511705,11:58:31.705,okx,ACE/USDT:USDT,0.5937,156.0,0.5936,3.0,0.594,18.0,0.5941,18.0
1753617511905,11:58:31.905,okx,ACE/USDT:USDT,0.5937,156.0,0.5936,3.0,0.594,18.0,0.5941,18.0
1753617512005,11:58:32.005,okx,ACE/USDT:USDT,0.5937,156.0,0.5936,3.0,0.594,18.0,0.5941,18.0
1753617512205,11:58:32.205,okx,ACE/USDT:USDT,0.5937,156.0,0.5936,3.0,0.594,18.0,0.5941,18.0
1753617512405,11:58:32.405,okx,ACE/USDT:USDT,0.5937,156.0,0.5936,3.0,0.594,18.0,0.5941,18.0
1753617512805,11:58:32.805,okx,ACE/USDT:USDT,0.5938,136.0,0.5937,173.0,0.5944,86.0,0.5945,287.0
1753617512905,11:58:32.905,okx,ACE/USDT:USDT,0.5938,17.0,0.5937,173.0,0.5943,132.0,0.5944,87.0
1753617513105,11:58:33.105,okx,ACE/USDT:USDT,0.5937,173.0,0.5936,139.0,0.5943,218.0,0.5944,87.0
1753617513305,11:58:33.305,okx,ACE/USDT:USDT,0.5937,173.0,0.5936,139.0,0.5943,218.0,0.5944,87.0
1753617513505,11:58:33.505,okx,ACE/USDT:USDT,0.5937,173.0,0.5936,20.0,0.5943,218.0,0.5944,87.0
1753617513705,11:58:33.705,okx,ACE/USDT:USDT,0.5937,173.0,0.5936,20.0,0.5943,455.0,0.5944,87.0
1753617514205,11:58:34.205,okx,ACE/USDT:USDT,0.5937,173.0,0.5936,20.0,0.5943,455.0,0.5944,87.0
1753617515805,11:58:35.805,okx,ACE/USDT:USDT,0.5928,67.0,0.5926,150.0,0.593,50.0,0.5931,1.0
1753617516105,11:58:36.105,okx,ACE/USDT:USDT,0.5928,67.0,0.5926,653.0,0.593,50.0,0.5931,1.0
1753617516705,11:58:36.705,okx,ACE/USDT:USDT,0.5928,6.0,0.5926,190.0,0.593,50.0,0.5931,1.0
1753617517505,11:58:37.505,okx,ACE/USDT:USDT,0.5929,81.0,0.5928,288.0,0.5936,6.0,0.5937,288.0
1753617517805,11:58:37.805,okx,ACE/USDT:USDT,0.5929,81.0,0.5928,288.0,0.5936,6.0,0.5937,873.0
1753617518105,11:58:38.105,okx,ACE/USDT:USDT,0.5929,81.0,0.5928,282.0,0.5936,21.0,0.5937,873.0
1753617518305,11:58:38.305,okx,ACE/USDT:USDT,0.5929,81.0,0.5928,282.0,0.5935,6.0,0.5936,15.0
1753617518405,11:58:38.405,okx,ACE/USDT:USDT,0.5929,81.0,0.5928,282.0,0.5935,6.0,0.5936,15.0
1753617518805,11:58:38.805,okx,ACE/USDT:USDT,0.5929,81.0,0.5928,282.0,0.5935,6.0,0.5936,15.0
1753617518905,11:58:38.905,okx,ACE/USDT:USDT,0.5929,81.0,0.5928,282.0,0.5935,6.0,0.5936,15.0
1753617519105,11:58:39.105,okx,ACE/USDT:USDT,0.5929,16.0,0.5928,282.0,0.5935,6.0,0.5937,873.0
1753617519205,11:58:39.205,okx,ACE/USDT:USDT,0.593,88.0,0.5929,16.0,0.5936,6.0,0.5937,873.0
1753617519305,11:58:39.305,okx,ACE/USDT:USDT,0.593,88.0,0.5929,16.0,0.5936,6.0,0.5937,288.0
1753617519705,11:58:39.705,okx,ACE/USDT:USDT,0.5931,87.0,0.593,104.0,0.5937,86.0,0.5939,315.0
1753617519805,11:58:39.805,okx,ACE/USDT:USDT,0.5934,39.0,0.5933,1.0,0.5939,286.0,0.594,85.0
1753617520205,11:58:40.205,okx,ACE/USDT:USDT,0.5934,39.0,0.5933,1.0,0.5938,189.0,0.5939,134.0
1753617520305,11:58:40.305,okx,ACE/USDT:USDT,0.5934,39.0,0.5933,1.0,0.5938,189.0,0.5939,134.0
1753617520605,11:58:40.605,okx,ACE/USDT:USDT,0.5934,39.0,0.5933,1.0,0.5938,189.0,0.5939,134.0
1753617520805,11:58:40.805,okx,ACE/USDT:USDT,0.5934,39.0,0.5933,1.0,0.5938,189.0,0.5939,134.0
1753617521005,11:58:41.005,okx,ACE/USDT:USDT,0.5934,39.0,0.5933,1.0,0.5938,189.0,0.5939,134.0
1753617521205,11:58:41.205,okx,ACE/USDT:USDT,0.5934,39.0,0.5933,1.0,0.5938,189.0,0.5939,119.0
1753617522105,11:58:42.105,okx,ACE/USDT:USDT,0.5934,39.0,0.5933,1.0,0.5938,789.0,0.5939,286.0
1753617522205,11:58:42.205,okx,ACE/USDT:USDT,0.5934,39.0,0.5933,1.0,0.5938,789.0,0.5939,286.0
1753617522305,11:58:42.305,okx,ACE/USDT:USDT,0.5934,39.0,0.5933,1.0,0.5938,789.0,0.5939,286.0
1753617522505,11:58:42.505,okx,ACE/USDT:USDT,0.5934,39.0,0.5933,1.0,0.5938,789.0,0.5939,286.0
1753617522605,11:58:42.605,okx,ACE/USDT:USDT,0.5934,39.0,0.5933,1.0,0.5938,789.0,0.5939,286.0
1753617522805,11:58:42.805,okx,ACE/USDT:USDT,0.5934,39.0,0.5933,1.0,0.5938,789.0,0.5939,286.0
1753617523005,11:58:43.005,okx,ACE/USDT:USDT,0.5934,39.0,0.5933,1.0,0.5938,789.0,0.5939,286.0
1753617523105,11:58:43.105,okx,ACE/USDT:USDT,0.5934,39.0,0.5933,1.0,0.5938,789.0,0.5939,286.0
1753617524405,11:58:44.405,okx,ACE/USDT:USDT,0.5934,39.0,0.5933,1.0,0.5938,789.0,0.5939,119.0
1753617525305,11:58:45.305,okx,ACE/USDT:USDT,0.5934,39.0,0.5933,1.0,0.5938,789.0,0.5939,119.0
1753617526405,11:58:46.405,okx,ACE/USDT:USDT,0.5934,39.0,0.5933,1.0,0.5938,789.0,0.5939,119.0
1753617526805,11:58:46.805,okx,ACE/USDT:USDT,0.5934,39.0,0.5933,1.0,0.5938,789.0,0.5939,119.0
1753617527105,11:58:47.105,okx,ACE/USDT:USDT,0.5934,39.0,0.5933,1.0,0.5938,789.0,0.5939,119.0
1753617527505,11:58:47.505,okx,ACE/USDT:USDT,0.5934,39.0,0.5933,1.0,0.5938,1294.0,0.5939,119.0
1753617527905,11:58:47.905,okx,ACE/USDT:USDT,0.5934,39.0,0.5933,1.0,0.5937,600.0,0.5939,119.0
1753617528705,11:58:48.705,okx,ACE/USDT:USDT,0.5934,39.0,0.5933,1.0,0.5939,791.0,0.594,478.0
1753617529205,11:58:49.205,okx,ACE/USDT:USDT,0.5934,39.0,0.5933,1.0,0.5938,477.0,0.5939,972.0
1753617529505,11:58:49.505,okx,ACE/USDT:USDT,0.5934,39.0,0.5933,1.0,0.5938,477.0,0.5939,806.0
1753617529605,11:58:49.605,okx,ACE/USDT:USDT,0.5934,39.0,0.5933,1.0,0.5938,477.0,0.5939,806.0
1753617530305,11:58:50.305,okx,ACE/USDT:USDT,0.5934,39.0,0.5933,1.0,0.5938,477.0,0.5939,624.0
1753617530405,11:58:50.405,okx,ACE/USDT:USDT,0.5934,39.0,0.5933,1.0,0.5938,478.0,0.5939,624.0
1753617531305,11:58:51.305,okx,ACE/USDT:USDT,0.5934,39.0,0.5933,1.0,0.5938,478.0,0.5939,624.0
1753617531805,11:58:51.805,okx,ACE/USDT:USDT,0.5934,39.0,0.5933,1.0,0.5938,478.0,0.5939,119.0
1753617531905,11:58:51.905,okx,ACE/USDT:USDT,0.5934,39.0,0.5933,1.0,0.5938,478.0,0.5939,119.0
1753617532205,11:58:52.205,okx,ACE/USDT:USDT,0.5934,39.0,0.5933,1.0,0.5938,478.0,0.5939,119.0
1753617532305,11:58:52.305,okx,ACE/USDT:USDT,0.5934,39.0,0.5933,1.0,0.5938,506.0,0.5939,119.0
1753617533905,11:58:53.905,okx,ACE/USDT:USDT,0.5934,39.0,0.5933,1.0,0.5938,506.0,0.5939,715.0
1753617534105,11:58:54.105,okx,ACE/USDT:USDT,0.5934,39.0,0.5933,1.0,0.5938,506.0,0.5939,715.0
1753617535405,11:58:55.405,okx,ACE/USDT:USDT,0.5934,39.0,0.5933,1.0,0.5938,506.0,0.5939,715.0
1753617535605,11:58:55.605,okx,ACE/USDT:USDT,0.5934,39.0,0.5933,1.0,0.5938,506.0,0.5939,715.0
1753617536405,11:58:56.405,okx,ACE/USDT:USDT,0.5934,39.0,0.5933,1.0,0.5938,506.0,0.5939,715.0
1753617536505,11:58:56.505,okx,ACE/USDT:USDT,0.5934,39.0,0.5933,1.0,0.5938,506.0,0.5939,715.0
1753617536705,11:58:56.705,okx,ACE/USDT:USDT,0.5934,39.0,0.5933,1.0,0.5938,506.0,0.5939,715.0
1753617536805,11:58:56.805,okx,ACE/USDT:USDT,0.5934,39.0,0.5933,1.0,0.5938,506.0,0.5939,715.0
1753617536905,11:58:56.905,okx,ACE/USDT:USDT,0.5934,39.0,0.5933,1.0,0.5938,506.0,0.5939,715.0
1753617537505,11:58:57.505,okx,ACE/USDT:USDT,0.5934,39.0,0.5933,1.0,0.5938,506.0,0.5939,715.0
1753617537905,11:58:57.905,okx,ACE/USDT:USDT,0.5934,39.0,0.5933,1.0,0.5938,506.0,0.5939,715.0
1753617538005,11:58:58.005,okx,ACE/USDT:USDT,0.5934,39.0,0.5933,1.0,0.5938,506.0,0.5939,715.0
1753617539005,11:58:59.005,okx,ACE/USDT:USDT,0.5934,39.0,0.5933,1.0,0.5938,506.0,0.5939,715.0
1753617539505,11:58:59.505,okx,ACE/USDT:USDT,0.5934,39.0,0.5933,1.0,0.5938,506.0,0.5939,596.0
1753617539605,11:58:59.605,okx,ACE/USDT:USDT,0.5934,39.0,0.5933,1.0,0.5938,506.0,0.5939,596.0
1753617539705,11:58:59.705,okx,ACE/USDT:USDT,0.5934,39.0,0.5933,1.0,0.5938,506.0,0.5939,596.0
1753617540305,11:59:00.305,okx,ACE/USDT:USDT,0.5934,39.0,0.5933,1.0,0.5938,506.0,0.5939,596.0
1753617540605,11:59:00.605,okx,ACE/USDT:USDT,0.5934,39.0,0.5933,1.0,0.5938,506.0,0.5939,596.0
1753617540705,11:59:00.705,okx,ACE/USDT:USDT,0.5934,39.0,0.5933,1.0,0.5938,506.0,0.5939,596.0
1753617541205,11:59:01.205,okx,ACE/USDT:USDT,0.5934,39.0,0.5933,1.0,0.5938,508.0,0.5939,598.0
1753617541605,11:59:01.605,okx,ACE/USDT:USDT,0.5934,39.0,0.5933,1.0,0.5938,508.0,0.5939,598.0
1753617542205,11:59:02.205,okx,ACE/USDT:USDT,0.5934,39.0,0.5933,1.0,0.5938,508.0,0.5939,598.0
1753617542705,11:59:02.705,okx,ACE/USDT:USDT,0.5934,40.0,0.5933,1.0,0.5938,508.0,0.5939,598.0
1753617543405,11:59:03.405,okx,ACE/USDT:USDT,0.5934,40.0,0.5933,1.0,0.5938,508.0,0.5939,598.0
1753617544505,11:59:04.505,okx,ACE/USDT:USDT,0.5934,39.0,0.5933,1.0,0.5938,511.0,0.5939,598.0
1753617545105,11:59:05.105,okx,ACE/USDT:USDT,0.5934,39.0,0.5933,1.0,0.5938,511.0,0.5939,598.0
1753617545305,11:59:05.305,okx,ACE/USDT:USDT,0.5934,39.0,0.5933,1.0,0.5938,511.0,0.5939,598.0
1753617545405,11:59:05.405,okx,ACE/USDT:USDT,0.5934,39.0,0.5933,1.0,0.5938,511.0,0.5939,598.0
1753617546505,11:59:06.505,okx,ACE/USDT:USDT,0.5934,39.0,0.5933,1.0,0.5938,511.0,0.5939,598.0
1753617546705,11:59:06.705,okx,ACE/USDT:USDT,0.5934,39.0,0.5933,1.0,0.5938,511.0,0.5939,598.0
1753617546805,11:59:06.805,okx,ACE/USDT:USDT,0.5934,39.0,0.5933,1.0,0.5938,511.0,0.5939,598.0
1753617546905,11:59:06.905,okx,ACE/USDT:USDT,0.5934,39.0,0.5933,1.0,0.5938,511.0,0.5939,598.0
1753617547405,11:59:07.405,okx,ACE/USDT:USDT,0.5934,39.0,0.5933,1.0,0.5938,511.0,0.5939,598.0
1753617549105,11:59:09.105,okx,ACE/USDT:USDT,0.5934,39.0,0.5933,1.0,0.5938,511.0,0.5939,598.0
1753617549405,11:59:09.405,okx,ACE/USDT:USDT,0.5934,39.0,0.5933,1.0,0.5938,511.0,0.5939,598.0
1753617550005,11:59:10.005,okx,ACE/USDT:USDT,0.5934,39.0,0.5933,1.0,0.5938,511.0,0.5939,598.0
1753617550105,11:59:10.105,okx,ACE/USDT:USDT,0.5934,39.0,0.5933,1.0,0.5938,511.0,0.5939,598.0
1753617550405,11:59:10.405,okx,ACE/USDT:USDT,0.5934,39.0,0.5933,504.0,0.5938,511.0,0.5939,598.0
1753617550905,11:59:10.905,okx,ACE/USDT:USDT,0.5934,39.0,0.5933,504.0,0.5938,511.0,0.5939,598.0
1753617551405,11:59:11.405,okx,ACE/USDT:USDT,0.5934,39.0,0.5933,504.0,0.5938,511.0,0.5939,598.0
1753617552605,11:59:12.605,okx,ACE/USDT:USDT,0.5934,40.0,0.5933,504.0,0.5938,511.0,0.5939,598.0
1753617553005,11:59:13.005,okx,ACE/USDT:USDT,0.5934,40.0,0.5933,504.0,0.5938,511.0,0.5939,598.0
1753617553205,11:59:13.205,okx,ACE/USDT:USDT,0.5934,40.0,0.5933,504.0,0.5938,511.0,0.5939,598.0
1753617555005,11:59:15.005,okx,ACE/USDT:USDT,0.5934,40.0,0.5933,504.0,0.5938,511.0,0.5939,598.0
1753617556105,11:59:16.105,okx,ACE/USDT:USDT,0.5934,40.0,0.5933,504.0,0.5938,511.0,0.5939,598.0
1753617556305,11:59:16.305,okx,ACE/USDT:USDT,0.5934,40.0,0.5933,504.0,0.5938,511.0,0.5939,598.0
1753617556605,11:59:16.605,okx,ACE/USDT:USDT,0.5934,40.0,0.5933,504.0,0.5938,511.0,0.5939,598.0
1753617557105,11:59:17.105,okx,ACE/USDT:USDT,0.5934,40.0,0.5933,504.0,0.5938,511.0,0.5939,598.0
1753617558605,11:59:18.605,okx,ACE/USDT:USDT,0.5934,40.0,0.5933,504.0,0.5938,511.0,0.5939,2.0
1753617559005,11:59:19.005,okx,ACE/USDT:USDT,0.5934,40.0,0.5933,504.0,0.5938,511.0,0.5939,2.0
1753617559505,11:59:19.505,okx,ACE/USDT:USDT,0.5934,40.0,0.5933,504.0,0.5938,511.0,0.5939,2.0
1753617561005,11:59:21.005,okx,ACE/USDT:USDT,0.5934,39.0,0.5933,504.0,0.5938,6.0,0.5939,2.0
1753617562305,11:59:22.305,okx,ACE/USDT:USDT,0.5934,53.0,0.5933,504.0,0.5938,2.0,0.5939,2.0
1753617564105,11:59:24.105,okx,ACE/USDT:USDT,0.5934,68.0,0.5933,504.0,0.5938,2.0,0.5939,2.0
1753617564205,11:59:24.205,okx,ACE/USDT:USDT,0.5934,68.0,0.5933,504.0,0.5938,2.0,0.5939,2.0
1753617564305,11:59:24.305,okx,ACE/USDT:USDT,0.5934,68.0,0.5933,504.0,0.5938,2.0,0.5939,2.0
1753617564405,11:59:24.405,okx,ACE/USDT:USDT,0.5934,68.0,0.5933,504.0,0.5938,2.0,0.5939,2.0
1753617565005,11:59:25.005,okx,ACE/USDT:USDT,0.5934,68.0,0.5933,504.0,0.5938,2.0,0.5939,2.0
1753617565205,11:59:25.205,okx,ACE/USDT:USDT,0.5934,68.0,0.5933,504.0,0.5938,2.0,0.5939,2.0
1753617565505,11:59:25.505,okx,ACE/USDT:USDT,0.5934,68.0,0.5933,504.0,0.5938,2.0,0.5939,2.0
1753617566105,11:59:26.105,okx,ACE/USDT:USDT,0.5934,68.0,0.5933,504.0,0.5938,2.0,0.5939,2.0
1753617566705,11:59:26.705,okx,ACE/USDT:USDT,0.5934,68.0,0.5933,504.0,0.5938,2.0,0.5939,2.0
1753617566805,11:59:26.805,okx,ACE/USDT:USDT,0.5934,68.0,0.5933,504.0,0.5938,2.0,0.5939,2.0
1753617567905,11:59:27.905,okx,ACE/USDT:USDT,0.5934,68.0,0.5933,504.0,0.5938,2.0,0.5939,2.0
1753617568505,11:59:28.505,okx,ACE/USDT:USDT,0.5934,68.0,0.5933,504.0,0.5938,2.0,0.5939,2.0
1753617569205,11:59:29.205,okx,ACE/USDT:USDT,0.5934,68.0,0.5933,504.0,0.5938,2.0,0.5939,2.0
1753617569705,11:59:29.705,okx,ACE/USDT:USDT,0.5934,68.0,0.5933,504.0,0.5938,2.0,0.5939,2.0
1753617570305,11:59:30.305,okx,ACE/USDT:USDT,0.5934,68.0,0.5933,504.0,0.5938,2.0,0.5939,2.0
1753617570905,11:59:30.905,okx,ACE/USDT:USDT,0.5934,68.0,0.5933,504.0,0.5938,2.0,0.5939,2.0
1753617572405,11:59:32.405,okx,ACE/USDT:USDT,0.5934,68.0,0.5933,504.0,0.5938,2.0,0.5939,2.0
1753617572805,11:59:32.805,okx,ACE/USDT:USDT,0.5934,68.0,0.5933,504.0,0.5938,2.0,0.5939,2.0
1753617573005,11:59:33.005,okx,ACE/USDT:USDT,0.5934,68.0,0.5933,504.0,0.5938,2.0,0.5939,2.0
1753617573105,11:59:33.105,okx,ACE/USDT:USDT,0.5934,68.0,0.5933,504.0,0.5938,2.0,0.5939,2.0
1753617573205,11:59:33.205,okx,ACE/USDT:USDT,0.5934,68.0,0.5933,504.0,0.5938,2.0,0.5939,2.0
1753617573605,11:59:33.605,okx,ACE/USDT:USDT,0.5934,68.0,0.5933,504.0,0.5938,2.0,0.5939,2.0
1753617573705,11:59:33.705,okx,ACE/USDT:USDT,0.5934,68.0,0.5933,504.0,0.5938,2.0,0.5939,2.0
1753617573805,11:59:33.805,okx,ACE/USDT:USDT,0.5934,68.0,0.5933,504.0,0.5938,2.0,0.5939,2.0
1753617574205,11:59:34.205,okx,ACE/USDT:USDT,0.5934,68.0,0.5933,504.0,0.5938,2.0,0.5939,2.0
1753617574605,11:59:34.605,okx,ACE/USDT:USDT,0.5934,68.0,0.5933,504.0,0.5938,2.0,0.5939,2.0
1753617574805,11:59:34.805,okx,ACE/USDT:USDT,0.5934,68.0,0.5933,504.0,0.5938,2.0,0.5939,2.0
1753617574905,11:59:34.905,okx,ACE/USDT:USDT,0.5934,68.0,0.5933,504.0,0.5938,2.0,0.5939,2.0
1753617575805,11:59:35.805,okx,ACE/USDT:USDT,0.5934,68.0,0.5933,504.0,0.5938,2.0,0.5939,2.0
1753617576405,11:59:36.405,okx,ACE/USDT:USDT,0.5934,68.0,0.5933,504.0,0.5938,2.0,0.5939,2.0
1753617577005,11:59:37.005,okx,ACE/USDT:USDT,0.5934,68.0,0.5933,504.0,0.5938,2.0,0.5939,2.0
1753617577105,11:59:37.105,okx,ACE/USDT:USDT,0.5934,68.0,0.5933,504.0,0.5938,2.0,0.5939,2.0
1753617578205,11:59:38.205,okx,ACE/USDT:USDT,0.5934,68.0,0.5933,504.0,0.5938,2.0,0.5939,2.0
1753617578805,11:59:38.805,okx,ACE/USDT:USDT,0.5934,68.0,0.5933,504.0,0.5938,2.0,0.5939,2.0
1753617580205,11:59:40.205,okx,ACE/USDT:USDT,0.5934,68.0,0.5933,504.0,0.5938,2.0,0.5939,2.0
1753617580905,11:59:40.905,okx,ACE/USDT:USDT,0.5934,68.0,0.5933,504.0,0.5938,2.0,0.5939,2.0
1753617581105,11:59:41.105,okx,ACE/USDT:USDT,0.5934,68.0,0.5933,504.0,0.5938,2.0,0.5939,2.0
1753617581405,11:59:41.405,okx,ACE/USDT:USDT,0.5934,68.0,0.5933,504.0,0.5938,2.0,0.5939,2.0
1753617582005,11:59:42.005,okx,ACE/USDT:USDT,0.5934,68.0,0.5933,504.0,0.5938,3.0,0.5939,2.0
1753617583105,11:59:43.105,okx,ACE/USDT:USDT,0.5934,68.0,0.5933,504.0,0.5938,3.0,0.5939,2.0
1753617583805,11:59:43.805,okx,ACE/USDT:USDT,0.5934,68.0,0.5933,504.0,0.5938,3.0,0.5939,2.0
1753617584405,11:59:44.405,okx,ACE/USDT:USDT,0.5934,68.0,0.5933,504.0,0.5938,3.0,0.5939,2.0
1753617584505,11:59:44.505,okx,ACE/USDT:USDT,0.5934,68.0,0.5933,504.0,0.5938,3.0,0.5939,2.0
1753617584905,11:59:44.905,okx,ACE/USDT:USDT,0.5934,68.0,0.5933,504.0,0.5938,3.0,0.5939,2.0
1753617585005,11:59:45.005,okx,ACE/USDT:USDT,0.5934,68.0,0.5933,504.0,0.5938,3.0,0.5939,2.0
1753617585205,11:59:45.205,okx,ACE/USDT:USDT,0.5934,54.0,0.5933,504.0,0.5938,3.0,0.5939,2.0
1753617585505,11:59:45.505,okx,ACE/USDT:USDT,0.5934,67.0,0.5933,504.0,0.5938,3.0,0.5939,2.0
1753617586005,11:59:46.005,okx,ACE/USDT:USDT,0.5934,67.0,0.5933,504.0,0.5938,3.0,0.5939,2.0
1753617586205,11:59:46.205,okx,ACE/USDT:USDT,0.5934,67.0,0.5933,504.0,0.5938,3.0,0.5939,2.0
1753617586305,11:59:46.305,okx,ACE/USDT:USDT,0.5934,67.0,0.5933,504.0,0.5938,3.0,0.5939,2.0
1753617587505,11:59:47.505,okx,ACE/USDT:USDT,0.5934,67.0,0.5933,504.0,0.5938,3.0,0.5939,2.0
1753617587605,11:59:47.605,okx,ACE/USDT:USDT,0.5934,67.0,0.5933,504.0,0.5938,3.0,0.5939,2.0
1753617587705,11:59:47.705,okx,ACE/USDT:USDT,0.5934,67.0,0.5933,504.0,0.5938,3.0,0.5939,2.0
1753617588005,11:59:48.005,okx,ACE/USDT:USDT,0.5934,67.0,0.5933,504.0,0.5938,3.0,0.5939,2.0
1753617588105,11:59:48.105,okx,ACE/USDT:USDT,0.5934,67.0,0.5933,504.0,0.5938,3.0,0.5939,2.0
1753617588205,11:59:48.205,okx,ACE/USDT:USDT,0.5934,67.0,0.5933,504.0,0.5938,3.0,0.5939,2.0
1753617588305,11:59:48.305,okx,ACE/USDT:USDT,0.5934,67.0,0.5933,504.0,0.5938,3.0,0.5939,2.0
1753617589405,11:59:49.405,okx,ACE/USDT:USDT,0.5934,67.0,0.5933,504.0,0.5938,3.0,0.5939,2.0
1753617590305,11:59:50.305,okx,ACE/USDT:USDT,0.5935,87.0,0.5934,69.0,0.5939,2.0,0.594,2.0
1753617590505,11:59:50.505,okx,ACE/USDT:USDT,0.5934,68.0,0.5933,623.0,0.5939,2.0,0.594,2.0
1753617590705,11:59:50.705,okx,ACE/USDT:USDT,0.5934,68.0,0.5933,504.0,0.5939,2.0,0.594,2.0
1753617590805,11:59:50.805,okx,ACE/USDT:USDT,0.5934,68.0,0.5933,504.0,0.5939,2.0,0.594,2.0
1753617591205,11:59:51.205,okx,ACE/USDT:USDT,0.5934,68.0,0.5933,504.0,0.5939,2.0,0.594,2.0
1753617591305,11:59:51.305,okx,ACE/USDT:USDT,0.5934,68.0,0.5933,1.0,0.5939,2.0,0.594,2.0
1753617591805,11:59:51.805,okx,ACE/USDT:USDT,0.5934,68.0,0.5933,1.0,0.5939,2.0,0.594,2.0
1753617592405,11:59:52.405,okx,ACE/USDT:USDT,0.5934,68.0,0.5933,1.0,0.5939,2.0,0.594,2.0
1753617592905,11:59:52.905,okx,ACE/USDT:USDT,0.5934,68.0,0.5933,1.0,0.5939,2.0,0.594,2.0
1753617593405,11:59:53.405,okx,ACE/USDT:USDT,0.5934,68.0,0.5933,1.0,0.5939,2.0,0.594,2.0
1753617594005,11:59:54.005,okx,ACE/USDT:USDT,0.5934,68.0,0.5933,1.0,0.5939,2.0,0.594,2.0
1753617594505,11:59:54.505,okx,ACE/USDT:USDT,0.5934,68.0,0.5933,1.0,0.5939,2.0,0.594,2.0
1753617594805,11:59:54.805,okx,ACE/USDT:USDT,0.5934,68.0,0.5933,1.0,0.5939,2.0,0.594,2.0
1753617595005,11:59:55.005,okx,ACE/USDT:USDT,0.5934,68.0,0.5933,1.0,0.5939,2.0,0.594,2.0
1753617595105,11:59:55.105,okx,ACE/USDT:USDT,0.5934,68.0,0.5933,1.0,0.5939,2.0,0.594,2.0
1753617595305,11:59:55.305,okx,ACE/USDT:USDT,0.5934,68.0,0.5933,1.0,0.5939,2.0,0.594,2.0
1753617595505,11:59:55.505,okx,ACE/USDT:USDT,0.5934,68.0,0.5933,1.0,0.5939,2.0,0.594,2.0
1753617595605,11:59:55.605,okx,ACE/USDT:USDT,0.5934,68.0,0.5933,1.0,0.5939,2.0,0.594,2.0
1753617596105,11:59:56.105,okx,ACE/USDT:USDT,0.5934,68.0,0.5933,1.0,0.5939,17.0,0.594,2.0
1753617596205,11:59:56.205,okx,ACE/USDT:USDT,0.5934,68.0,0.5933,1.0,0.5939,17.0,0.594,2.0
1753617596705,11:59:56.705,okx,ACE/USDT:USDT,0.5934,68.0,0.5933,1.0,0.5939,17.0,0.594,2.0
1753617596805,11:59:56.805,okx,ACE/USDT:USDT,0.5934,68.0,0.5933,1.0,0.5939,17.0,0.594,2.0
1753617597305,11:59:57.305,okx,ACE/USDT:USDT,0.5934,68.0,0.5933,1.0,0.5939,17.0,0.594,2.0
1753617598205,11:59:58.205,okx,ACE/USDT:USDT,0.5934,66.0,0.5933,1.0,0.5939,206.0,0.594,2.0
1753617598605,11:59:58.605,okx,ACE/USDT:USDT,0.5934,66.0,0.5933,1.0,0.5939,206.0,0.594,2.0
1753617598805,11:59:58.805,okx,ACE/USDT:USDT,0.5934,66.0,0.5933,1.0,0.5939,206.0,0.594,2.0
1753617599405,11:59:59.405,okx,ACE/USDT:USDT,0.5934,51.0,0.5933,1.0,0.5939,206.0,0.594,2.0
1753617600305,12:00:00.305,okx,ACE/USDT:USDT,0.5937,8.0,0.5934,165.0,0.5939,15.0,0.594,2.0
1753617600605,12:00:00.605,okx,ACE/USDT:USDT,0.5937,8.0,0.5936,1.0,0.5941,168.0,0.5942,167.0
1753617600805,12:00:00.805,okx,ACE/USDT:USDT,0.5937,8.0,0.5936,1.0,0.594,115.0,0.5941,168.0
1753617601005,12:00:01.005,okx,ACE/USDT:USDT,0.5937,10.0,0.5936,3.0,0.594,115.0,0.5941,168.0
1753617601105,12:00:01.105,okx,ACE/USDT:USDT,0.5937,10.0,0.5936,3.0,0.594,130.0,0.5941,168.0
1753617601205,12:00:01.205,okx,ACE/USDT:USDT,0.5937,10.0,0.5936,3.0,0.594,130.0,0.5941,168.0
1753617601305,12:00:01.305,okx,ACE/USDT:USDT,0.5937,10.0,0.5936,3.0,0.594,130.0,0.5941,168.0
1753617601505,12:00:01.505,okx,ACE/USDT:USDT,0.5937,10.0,0.5936,3.0,0.594,130.0,0.5941,168.0
1753617601705,12:00:01.705,okx,ACE/USDT:USDT,0.5937,10.0,0.5936,3.0,0.594,130.0,0.5941,168.0
1753617602105,12:00:02.105,okx,ACE/USDT:USDT,0.5937,10.0,0.5936,3.0,0.594,130.0,0.5941,334.0
1753617602305,12:00:02.305,okx,ACE/USDT:USDT,0.5937,10.0,0.5936,3.0,0.594,130.0,0.5941,334.0
1753617602405,12:00:02.405,okx,ACE/USDT:USDT,0.5937,10.0,0.5936,3.0,0.594,130.0,0.5941,1132.0
1753617602705,12:00:02.705,okx,ACE/USDT:USDT,0.5937,10.0,0.5936,3.0,0.594,49.0,0.5941,1024.0
1753617603005,12:00:03.005,okx,ACE/USDT:USDT,0.5937,10.0,0.5936,3.0,0.594,49.0,0.5941,182.0
1753617603105,12:00:03.105,okx,ACE/USDT:USDT,0.5937,10.0,0.5936,3.0,0.594,34.0,0.5941,182.0
1753617603605,12:00:03.605,okx,ACE/USDT:USDT,0.5937,21.0,0.5936,3.0,0.594,34.0,0.5941,15.0
1753617604405,12:00:04.405,okx,ACE/USDT:USDT,0.5937,21.0,0.5936,3.0,0.594,34.0,0.5941,15.0
1753617605105,12:00:05.105,okx,ACE/USDT:USDT,0.5937,21.0,0.5936,3.0,0.594,34.0,0.5941,10.0
1753617605305,12:00:05.305,okx,ACE/USDT:USDT,0.5937,21.0,0.5936,3.0,0.594,34.0,0.5941,10.0
1753617605405,12:00:05.405,okx,ACE/USDT:USDT,0.5937,21.0,0.5936,3.0,0.594,34.0,0.5941,10.0
1753617605605,12:00:05.605,okx,ACE/USDT:USDT,0.5937,19.0,0.5936,3.0,0.594,34.0,0.5942,115.0
1753617605805,12:00:05.805,okx,ACE/USDT:USDT,0.5937,19.0,0.5936,3.0,0.594,34.0,0.5942,115.0
1753617605905,12:00:05.905,okx,ACE/USDT:USDT,0.5937,19.0,0.5936,3.0,0.594,34.0,0.5942,115.0
1753617606205,12:00:06.205,okx,ACE/USDT:USDT,0.5937,19.0,0.5936,3.0,0.594,34.0,0.5942,115.0
1753617606505,12:00:06.505,okx,ACE/USDT:USDT,0.5937,19.0,0.5936,3.0,0.594,34.0,0.5942,115.0
1753617607605,12:00:07.605,okx,ACE/USDT:USDT,0.5937,19.0,0.5936,3.0,0.594,34.0,0.5942,115.0
1753617607905,12:00:07.905,okx,ACE/USDT:USDT,0.5937,19.0,0.5936,3.0,0.594,34.0,0.5942,115.0
1753617608105,12:00:08.105,okx,ACE/USDT:USDT,0.5937,19.0,0.5936,3.0,0.594,34.0,0.5942,115.0
1753617608205,12:00:08.205,okx,ACE/USDT:USDT,0.5937,19.0,0.5936,3.0,0.594,34.0,0.5942,115.0
1753617608405,12:00:08.405,okx,ACE/USDT:USDT,0.5937,19.0,0.5936,3.0,0.594,34.0,0.5942,115.0
1753617609105,12:00:09.105,okx,ACE/USDT:USDT,0.5937,35.0,0.5936,19.0,0.5943,435.0,0.5944,169.0
1753617609805,12:00:09.805,okx,ACE/USDT:USDT,0.5937,35.0,0.5936,19.0,0.5943,1026.0,0.5944,169.0
1753617610205,12:00:10.205,okx,ACE/USDT:USDT,0.5937,35.0,0.5936,19.0,0.5943,1026.0,0.5944,169.0
1753617610305,12:00:10.305,okx,ACE/USDT:USDT,0.5937,35.0,0.5936,19.0,0.5943,1026.0,0.5944,169.0
1753617610705,12:00:10.705,okx,ACE/USDT:USDT,0.5937,35.0,0.5936,19.0,0.5943,1129.0,0.5944,169.0
1753617611105,12:00:11.105,okx,ACE/USDT:USDT,0.5937,35.0,0.5936,19.0,0.5943,1129.0,0.5944,169.0
1753617612105,12:00:12.105,okx,ACE/USDT:USDT,0.5937,35.0,0.5936,19.0,0.5942,204.0,0.5943,925.0
1753617612405,12:00:12.405,okx,ACE/USDT:USDT,0.5937,242.0,0.5936,3.0,0.5941,189.0,0.5942,15.0
1753617612805,12:00:12.805,okx,ACE/USDT:USDT,0.5937,242.0,0.5936,3.0,0.5941,189.0,0.5942,16.0
1753617612905,12:00:12.905,okx,ACE/USDT:USDT,0.5937,242.0,0.5936,3.0,0.5941,189.0,0.5942,16.0
1753617614105,12:00:14.105,okx,ACE/USDT:USDT,0.5937,242.0,0.5936,3.0,0.5941,189.0,0.5942,167.0
1753617614205,12:00:14.205,okx,ACE/USDT:USDT,0.5937,242.0,0.5936,3.0,0.5941,189.0,0.5942,167.0
1753617614305,12:00:14.305,okx,ACE/USDT:USDT,0.5937,242.0,0.5936,3.0,0.5941,189.0,0.5942,665.0
1753617614705,12:00:14.705,okx,ACE/USDT:USDT,0.5937,242.0,0.5936,3.0,0.5941,189.0,0.5942,665.0
1753617615005,12:00:15.005,okx,ACE/USDT:USDT,0.5937,242.0,0.5936,3.0,0.594,189.0,0.5942,665.0
1753617615205,12:00:15.205,okx,ACE/USDT:USDT,0.5937,242.0,0.5936,3.0,0.594,189.0,0.5942,665.0
1753617615405,12:00:15.405,okx,ACE/USDT:USDT,0.5937,242.0,0.5936,3.0,0.594,189.0,0.5942,235.0
1753617616105,12:00:16.105,okx,ACE/USDT:USDT,0.5937,242.0,0.5936,3.0,0.5942,605.0,0.5943,952.0
1753617616805,12:00:16.805,okx,ACE/USDT:USDT,0.5934,8.0,0.5932,110.0,0.5938,323.0,0.5939,119.0
1753617618105,12:00:18.105,okx,ACE/USDT:USDT,0.5934,8.0,0.5932,110.0,0.5938,747.0,0.5939,119.0
1753617618205,12:00:18.205,okx,ACE/USDT:USDT,0.5934,8.0,0.5932,110.0,0.5938,747.0,0.5939,286.0
1753617618405,12:00:18.405,okx,ACE/USDT:USDT,0.5934,8.0,0.5932,110.0,0.5938,747.0,0.5939,286.0
1753617619005,12:00:19.005,okx,ACE/USDT:USDT,0.5935,84.0,0.5934,9.0,0.5938,749.0,0.5939,452.0
1753617619405,12:00:19.405,okx,ACE/USDT:USDT,0.5935,88.0,0.5934,9.0,0.5938,749.0,0.5939,167.0
1753617619705,12:00:19.705,okx,ACE/USDT:USDT,0.5935,88.0,0.5934,9.0,0.5938,749.0,0.594,201.0
1753617619905,12:00:19.905,okx,ACE/USDT:USDT,0.5935,88.0,0.5934,9.0,0.5938,749.0,0.594,201.0
1753617620105,12:00:20.105,okx,ACE/USDT:USDT,0.5935,88.0,0.5934,9.0,0.5938,749.0,0.594,201.0
1753617620205,12:00:20.205,okx,ACE/USDT:USDT,0.5935,88.0,0.5934,9.0,0.5938,749.0,0.5939,167.0
1753617621005,12:00:21.005,okx,ACE/USDT:USDT,0.5935,90.0,0.5934,9.0,0.5938,747.0,0.5939,333.0
1753617621105,12:00:21.105,okx,ACE/USDT:USDT,0.5935,90.0,0.5934,9.0,0.5938,747.0,0.5939,333.0
1753617622505,12:00:22.505,okx,ACE/USDT:USDT,0.5935,90.0,0.5934,9.0,0.5938,747.0,0.5939,167.0
1753617622805,12:00:22.805,okx,ACE/USDT:USDT,0.5935,90.0,0.5934,9.0,0.5938,747.0,0.5939,167.0
1753617623005,12:00:23.005,okx,ACE/USDT:USDT,0.5935,90.0,0.5934,9.0,0.5938,747.0,0.5939,167.0
1753617623305,12:00:23.305,okx,ACE/USDT:USDT,0.5935,90.0,0.5934,9.0,0.5938,719.0,0.5939,167.0
1753617623905,12:00:23.905,okx,ACE/USDT:USDT,0.5935,90.0,0.5934,9.0,0.5938,719.0,0.594,201.0
1753617624005,12:00:24.005,okx,ACE/USDT:USDT,0.5935,90.0,0.5934,9.0,0.5938,719.0,0.594,201.0
1753617624105,12:00:24.105,okx,ACE/USDT:USDT,0.5935,90.0,0.5934,9.0,0.5938,719.0,0.594,201.0
1753617624405,12:00:24.405,okx,ACE/USDT:USDT,0.5935,90.0,0.5934,9.0,0.5938,719.0,0.594,201.0
1753617625005,12:00:25.005,okx,ACE/USDT:USDT,0.5935,90.0,0.5934,9.0,0.5938,719.0,0.594,201.0
1753617627105,12:00:27.105,okx,ACE/USDT:USDT,0.5935,124.0,0.5934,9.0,0.5938,295.0,0.594,116.0
1753617627305,12:00:27.305,okx,ACE/USDT:USDT,0.5935,125.0,0.5934,9.0,0.5938,295.0,0.594,116.0
1753617628105,12:00:28.105,okx,ACE/USDT:USDT,0.5935,128.0,0.5934,9.0,0.5938,295.0,0.594,116.0
