timestamp,time,exchange,symbol,bid1_price,bid1_volume,bid2_price,bid2_volume,ask1_price,ask1_volume,ask2_price,ask2_volume
1753617165515,11:52:45.515,bitmex,AAVE/USDT:USDT,295.7,1000.0,295.55,3000.0,295.86,3000.0,295.87,3000.0
1753617166124,11:52:46.124,bitmex,AAVE/USDT:USDT,295.7,1000.0,295.55,3000.0,295.86,3000.0,295.87,3000.0
1753617166174,11:52:46.174,bitmex,AAVE/USDT:USDT,295.7,1000.0,295.55,3000.0,295.85,3000.0,295.86,3000.0
1753617167304,11:52:47.304,bitmex,AAVE/USDT:USDT,295.7,1000.0,295.55,3000.0,295.85,3000.0,295.86,3000.0
1753617167353,11:52:47.353,bitmex,AAVE/USDT:USDT,295.7,1000.0,295.55,3000.0,295.85,3000.0,295.86,3000.0
1753617168358,11:52:48.358,bitmex,AAVE/USDT:USDT,295.7,1000.0,295.55,3000.0,295.85,3000.0,295.86,3000.0
1753617168407,11:52:48.407,bitmex,AAVE/USDT:USDT,295.7,1000.0,295.55,3000.0,295.85,3000.0,295.86,3000.0
1753617168687,11:52:48.687,bitmex,AAVE/USDT:USDT,295.7,1000.0,295.55,3000.0,295.86,3000.0,295.87,3000.0
1753617169761,11:52:49.761,bitmex,AAVE/USDT:USDT,295.7,1000.0,295.55,3000.0,295.86,3000.0,295.87,3000.0
1753617169811,11:52:49.811,bitmex,AAVE/USDT:USDT,295.7,1000.0,295.55,3000.0,295.86,3000.0,295.87,3000.0
1753617169860,11:52:49.860,bitmex,AAVE/USDT:USDT,295.7,1000.0,295.55,3000.0,295.86,3000.0,295.87,3000.0
1753617169923,11:52:49.923,bitmex,AAVE/USDT:USDT,295.7,1000.0,295.55,3000.0,295.86,3000.0,295.87,3000.0
1753617169973,11:52:49.973,bitmex,AAVE/USDT:USDT,295.7,1000.0,295.55,3000.0,295.86,3000.0,295.87,3000.0
1753617170368,11:52:50.368,bitmex,AAVE/USDT:USDT,295.7,1000.0,295.55,3000.0,295.86,3000.0,295.87,3000.0
1753617170749,11:52:50.749,bitmex,AAVE/USDT:USDT,295.7,1000.0,295.55,3000.0,295.86,3000.0,295.87,3000.0
1753617170798,11:52:50.798,bitmex,AAVE/USDT:USDT,295.7,1000.0,295.55,3000.0,295.87,3000.0,295.88,3000.0
1753617171082,11:52:51.082,bitmex,AAVE/USDT:USDT,295.7,1000.0,295.55,3000.0,295.86,3000.0,295.87,3000.0
1753617171596,11:52:51.596,bitmex,AAVE/USDT:USDT,295.7,1000.0,295.57,3000.0,295.86,3000.0,295.87,3000.0
1753617171646,11:52:51.646,bitmex,AAVE/USDT:USDT,295.7,1000.0,295.58,3000.0,295.88,3000.0,295.89,3000.0
1753617171716,11:52:51.716,bitmex,AAVE/USDT:USDT,295.7,1000.0,295.58,3000.0,295.89,3000.0,295.9,3000.0
1753617171765,11:52:51.765,bitmex,AAVE/USDT:USDT,295.7,1000.0,295.59,3000.0,295.89,3000.0,295.9,3000.0
1753617171830,11:52:51.830,bitmex,AAVE/USDT:USDT,295.7,1000.0,295.59,3000.0,295.89,3000.0,295.9,3000.0
1753617171879,11:52:51.879,bitmex,AAVE/USDT:USDT,295.7,1000.0,295.59,3000.0,295.89,3000.0,295.9,3000.0
1753617172008,11:52:52.008,bitmex,AAVE/USDT:USDT,295.7,1000.0,295.59,3000.0,295.89,3000.0,295.9,3000.0
1753617172058,11:52:52.058,bitmex,AAVE/USDT:USDT,295.7,1000.0,295.59,3000.0,295.89,3000.0,295.9,3000.0
1753617172107,11:52:52.107,bitmex,AAVE/USDT:USDT,295.7,1000.0,295.59,3000.0,295.89,3000.0,295.9,3000.0
1753617172943,11:52:52.943,bitmex,AAVE/USDT:USDT,295.7,1000.0,295.58,3000.0,295.89,3000.0,295.9,3000.0
1753617172992,11:52:52.992,bitmex,AAVE/USDT:USDT,295.7,1000.0,295.58,3000.0,295.88,3000.0,295.89,3000.0
1753617173165,11:52:53.165,bitmex,AAVE/USDT:USDT,295.7,1000.0,295.58,3000.0,295.88,3000.0,295.89,3000.0
1753617173214,11:52:53.214,bitmex,AAVE/USDT:USDT,295.7,1000.0,295.58,3000.0,295.88,3000.0,295.89,3000.0
1753617173263,11:52:53.263,bitmex,AAVE/USDT:USDT,295.7,1000.0,295.58,3000.0,295.88,3000.0,295.89,3000.0
1753617173816,11:52:53.816,bitmex,AAVE/USDT:USDT,295.7,1000.0,295.58,3000.0,295.87,3000.0,295.88,3000.0
1753617173866,11:52:53.866,bitmex,AAVE/USDT:USDT,295.7,1000.0,295.58,3000.0,295.87,3000.0,295.88,3000.0
1753617174097,11:52:54.097,bitmex,AAVE/USDT:USDT,295.7,1000.0,295.59,3000.0,295.87,3000.0,295.88,3000.0
1753617174147,11:52:54.147,bitmex,AAVE/USDT:USDT,295.7,1000.0,295.59,3000.0,295.89,3000.0,295.9,3000.0
1753617174196,11:52:54.196,bitmex,AAVE/USDT:USDT,295.7,1000.0,295.59,3000.0,295.88,3000.0,295.89,3000.0
1753617174246,11:52:54.246,bitmex,AAVE/USDT:USDT,295.7,1000.0,295.59,3000.0,295.89,3000.0,295.9,3000.0
1753617174448,11:52:54.448,bitmex,AAVE/USDT:USDT,295.7,1000.0,295.59,3000.0,295.89,3000.0,295.9,3000.0
1753617174498,11:52:54.498,bitmex,AAVE/USDT:USDT,295.7,1000.0,295.59,3000.0,295.89,3000.0,295.9,3000.0
1753617174572,11:52:54.572,bitmex,AAVE/USDT:USDT,295.7,1000.0,295.58,3000.0,295.89,3000.0,295.9,3000.0
1753617174621,11:52:54.621,bitmex,AAVE/USDT:USDT,295.7,1000.0,295.58,3000.0,295.88,3000.0,295.89,3000.0
1753617174723,11:52:54.723,bitmex,AAVE/USDT:USDT,295.7,1000.0,295.58,3000.0,295.88,3000.0,295.89,3000.0
1753617174773,11:52:54.773,bitmex,AAVE/USDT:USDT,295.7,1000.0,295.59,3000.0,295.88,3000.0,295.89,3000.0
1753617175584,11:52:55.584,bitmex,AAVE/USDT:USDT,295.7,1000.0,295.59,3000.0,295.88,3000.0,295.89,3000.0
1753617175633,11:52:55.633,bitmex,AAVE/USDT:USDT,295.7,1000.0,295.59,3000.0,295.88,3000.0,295.89,3000.0
1753617175682,11:52:55.682,bitmex,AAVE/USDT:USDT,295.7,1000.0,295.59,3000.0,295.88,3000.0,295.89,3000.0
1753617175731,11:52:55.731,bitmex,AAVE/USDT:USDT,295.7,1000.0,295.59,3000.0,295.88,3000.0,295.89,3000.0
1753617175780,11:52:55.780,bitmex,AAVE/USDT:USDT,295.7,1000.0,295.58,3000.0,295.88,3000.0,295.89,3000.0
1753617175829,11:52:55.829,bitmex,AAVE/USDT:USDT,295.7,1000.0,295.59,3000.0,295.88,3000.0,295.89,3000.0
1753617176682,11:52:56.682,bitmex,AAVE/USDT:USDT,295.7,1000.0,295.59,3000.0,295.88,3000.0,295.89,3000.0
1753617176731,11:52:56.731,bitmex,AAVE/USDT:USDT,295.7,1000.0,295.59,3000.0,295.88,3000.0,295.89,3000.0
1753617177757,11:52:57.757,bitmex,AAVE/USDT:USDT,295.7,1000.0,295.59,3000.0,295.88,3000.0,295.89,3000.0
1753617177825,11:52:57.825,bitmex,AAVE/USDT:USDT,295.7,1000.0,295.59,3000.0,295.88,3000.0,295.89,3000.0
1753617179100,11:52:59.100,bitmex,AAVE/USDT:USDT,295.7,1000.0,295.59,3000.0,295.88,3000.0,295.89,3000.0
1753617179149,11:52:59.149,bitmex,AAVE/USDT:USDT,295.7,1000.0,295.59,3000.0,295.88,3000.0,295.89,3000.0
1753617179309,11:52:59.309,bitmex,AAVE/USDT:USDT,295.7,1000.0,295.58,3000.0,295.88,3000.0,295.89,3000.0
1753617179522,11:52:59.522,bitmex,AAVE/USDT:USDT,295.7,1000.0,295.58,3000.0,295.88,3000.0,295.89,3000.0
1753617179572,11:52:59.572,bitmex,AAVE/USDT:USDT,295.7,1000.0,295.58,3000.0,295.87,3000.0,295.88,3000.0
1753617180173,11:53:00.173,bitmex,AAVE/USDT:USDT,295.7,1000.0,295.58,3000.0,295.87,3000.0,295.88,3000.0
1753617180227,11:53:00.227,bitmex,AAVE/USDT:USDT,295.7,1000.0,295.58,3000.0,295.87,3000.0,295.88,3000.0
1753617180923,11:53:00.923,bitmex,AAVE/USDT:USDT,295.7,1000.0,295.58,3000.0,295.88,3000.0,295.89,3000.0
1753617180972,11:53:00.972,bitmex,AAVE/USDT:USDT,295.7,1000.0,295.59,3000.0,295.88,3000.0,295.89,3000.0
1753617181152,11:53:01.152,bitmex,AAVE/USDT:USDT,295.7,1000.0,295.59,3000.0,295.88,3000.0,295.89,3000.0
1753617181201,11:53:01.201,bitmex,AAVE/USDT:USDT,295.7,1000.0,295.57,3000.0,295.87,3000.0,295.88,3000.0
1753617181250,11:53:01.250,bitmex,AAVE/USDT:USDT,295.7,1000.0,295.57,3000.0,295.86,3000.0,295.87,3000.0
1753617181635,11:53:01.635,bitmex,AAVE/USDT:USDT,295.7,1000.0,295.57,3000.0,295.86,3000.0,295.87,3000.0
1753617181684,11:53:01.684,bitmex,AAVE/USDT:USDT,295.7,1000.0,295.57,3000.0,295.86,3000.0,295.87,3000.0
1753617182294,11:53:02.294,bitmex,AAVE/USDT:USDT,295.7,1000.0,295.57,3000.0,295.87,3000.0,295.88,3000.0
1753617182344,11:53:02.344,bitmex,AAVE/USDT:USDT,295.7,1000.0,295.58,3000.0,295.88,3000.0,295.89,3000.0
1753617182494,11:53:02.494,bitmex,AAVE/USDT:USDT,295.7,1000.0,295.58,3000.0,295.88,3000.0,295.89,3000.0
1753617182543,11:53:02.543,bitmex,AAVE/USDT:USDT,295.7,1000.0,295.57,3000.0,295.87,3000.0,295.88,3000.0
1753617182598,11:53:02.598,bitmex,AAVE/USDT:USDT,295.7,1000.0,295.57,3000.0,295.87,3000.0,295.88,3000.0
1753617182699,11:53:02.699,bitmex,AAVE/USDT:USDT,295.7,1000.0,295.57,3000.0,295.87,3000.0,295.88,3000.0
1753617182749,11:53:02.749,bitmex,AAVE/USDT:USDT,295.7,1000.0,295.59,3000.0,295.89,3000.0,295.9,3000.0
1753617182798,11:53:02.798,bitmex,AAVE/USDT:USDT,295.7,1000.0,295.59,3000.0,295.9,3000.0,295.91,3000.0
1753617182880,11:53:02.880,bitmex,AAVE/USDT:USDT,295.7,1000.0,295.6,3000.0,295.9,3000.0,295.91,3000.0
1753617183451,11:53:03.451,bitmex,AAVE/USDT:USDT,295.7,1000.0,295.6,3000.0,295.9,3000.0,295.91,3000.0
1753617183500,11:53:03.500,bitmex,AAVE/USDT:USDT,295.7,1000.0,295.6,3000.0,295.91,3000.0,295.92,3000.0
1753617183549,11:53:03.549,bitmex,AAVE/USDT:USDT,295.7,1000.0,295.6,3000.0,295.93,3000.0,295.94,3000.0
1753617183598,11:53:03.598,bitmex,AAVE/USDT:USDT,295.7,1000.0,295.6,3000.0,295.94,3000.0,295.95,3000.0
1753617183647,11:53:03.647,bitmex,AAVE/USDT:USDT,295.7,1000.0,295.62,3000.0,295.94,3000.0,295.95,3000.0
1753617183697,11:53:03.697,bitmex,AAVE/USDT:USDT,295.7,1000.0,295.62,3000.0,295.94,3000.0,295.95,3000.0
1753617183746,11:53:03.746,bitmex,AAVE/USDT:USDT,295.7,1000.0,295.62,3000.0,295.96,3000.0,295.97,3000.0
1753617183798,11:53:03.798,bitmex,AAVE/USDT:USDT,295.7,1000.0,295.62,3000.0,295.97,3000.0,295.98,3000.0
1753617183900,11:53:03.900,bitmex,AAVE/USDT:USDT,295.7,1000.0,295.62,3000.0,295.97,3000.0,295.98,3000.0
1753617183949,11:53:03.949,bitmex,AAVE/USDT:USDT,295.7,1000.0,295.62,3000.0,295.98,3000.0,295.99,3000.0
1753617184010,11:53:04.010,bitmex,AAVE/USDT:USDT,295.7,1000.0,295.62,3000.0,295.98,3000.0,295.99,3000.0
1753617184059,11:53:04.059,bitmex,AAVE/USDT:USDT,295.7,1000.0,295.62,3000.0,295.98,3000.0,295.99,3000.0
1753617184108,11:53:04.108,bitmex,AAVE/USDT:USDT,295.7,1000.0,295.68,3000.0,295.98,3000.0,295.99,3000.0
1753617184326,11:53:04.326,bitmex,AAVE/USDT:USDT,295.7,1000.0,295.68,3000.0,295.98,3000.0,295.99,3000.0
1753617184376,11:53:04.376,bitmex,AAVE/USDT:USDT,295.7,1000.0,295.68,3000.0,295.98,3000.0,295.99,3000.0
1753617184982,11:53:04.982,bitmex,AAVE/USDT:USDT,295.7,1000.0,295.68,3000.0,295.98,3000.0,295.99,3000.0
1753617185032,11:53:05.032,bitmex,AAVE/USDT:USDT,295.7,1000.0,295.68,3000.0,295.98,3000.0,295.99,3000.0
1753617185423,11:53:05.423,bitmex,AAVE/USDT:USDT,295.7,1000.0,295.68,3000.0,295.99,3000.0,296.0,3000.0
1753617185473,11:53:05.473,bitmex,AAVE/USDT:USDT,295.7,1000.0,295.69,3000.0,295.99,3000.0,296.0,3000.0
1753617185673,11:53:05.673,bitmex,AAVE/USDT:USDT,295.7,4000.0,295.69,3000.0,295.99,3000.0,296.0,3000.0
1753617185916,11:53:05.916,bitmex,AAVE/USDT:USDT,295.7,1000.0,295.69,3000.0,295.99,3000.0,296.0,3000.0
1753617185965,11:53:05.965,bitmex,AAVE/USDT:USDT,295.7,1000.0,295.69,3000.0,295.98,3000.0,295.99,3000.0
1753617186014,11:53:06.014,bitmex,AAVE/USDT:USDT,295.7,1000.0,295.69,3000.0,295.98,3000.0,295.99,3000.0
1753617186071,11:53:06.071,bitmex,AAVE/USDT:USDT,295.7,1000.0,295.69,3000.0,295.99,3000.0,296.0,3000.0
1753617186120,11:53:06.120,bitmex,AAVE/USDT:USDT,295.7,4000.0,295.69,3000.0,295.99,3000.0,296.0,3000.0
1753617186169,11:53:06.169,bitmex,AAVE/USDT:USDT,295.7,4000.0,295.69,3000.0,295.99,3000.0,296.0,3000.0
1753617186218,11:53:06.218,bitmex,AAVE/USDT:USDT,295.7,4000.0,295.69,3000.0,295.99,3000.0,296.0,3000.0
1753617186706,11:53:06.706,bitmex,AAVE/USDT:USDT,295.7,4000.0,295.69,3000.0,295.99,3000.0,296.0,3000.0
1753617186755,11:53:06.755,bitmex,AAVE/USDT:USDT,295.7,4000.0,295.69,3000.0,296.0,3000.0,296.01,3000.0
1753617186866,11:53:06.866,bitmex,AAVE/USDT:USDT,295.71,3000.0,295.7,4000.0,296.0,3000.0,296.01,3000.0
1753617186915,11:53:06.915,bitmex,AAVE/USDT:USDT,295.71,3000.0,295.7,4000.0,296.01,3000.0,296.12,115000.0
1753617186915,11:53:06.915,bitmex,AAVE/USDT:USDT,295.71,1000.0,295.7,3000.0,296.01,3000.0,296.02,3000.0
1753617186964,11:53:06.964,bitmex,AAVE/USDT:USDT,295.71,4000.0,295.7,3000.0,296.01,3000.0,296.02,3000.0
1753617187295,11:53:07.295,bitmex,AAVE/USDT:USDT,295.71,4000.0,295.7,3000.0,296.01,3000.0,296.02,3000.0
1753617187345,11:53:07.345,bitmex,AAVE/USDT:USDT,295.71,4000.0,295.7,3000.0,296.01,3000.0,296.02,3000.0
1753617187394,11:53:07.394,bitmex,AAVE/USDT:USDT,295.71,4000.0,295.7,3000.0,296.02,3000.0,296.03,3000.0
1753617187532,11:53:07.532,bitmex,AAVE/USDT:USDT,295.71,4000.0,295.7,3000.0,296.01,3000.0,296.02,3000.0
1753617187581,11:53:07.581,bitmex,AAVE/USDT:USDT,295.71,1000.0,295.7,3000.0,296.0,3000.0,296.01,3000.0
1753617188573,11:53:08.573,bitmex,AAVE/USDT:USDT,295.71,1000.0,295.7,3000.0,296.0,3000.0,296.01,3000.0
1753617188622,11:53:08.622,bitmex,AAVE/USDT:USDT,295.71,1000.0,295.7,3000.0,296.0,3000.0,296.01,3000.0
1753617188807,11:53:08.807,bitmex,AAVE/USDT:USDT,295.71,1000.0,295.7,3000.0,296.0,3000.0,296.01,3000.0
1753617188856,11:53:08.856,bitmex,AAVE/USDT:USDT,295.71,1000.0,295.7,3000.0,296.0,3000.0,296.01,3000.0
1753617189123,11:53:09.123,bitmex,AAVE/USDT:USDT,295.71,1000.0,295.7,3000.0,296.0,3000.0,296.01,3000.0
1753617189172,11:53:09.172,bitmex,AAVE/USDT:USDT,295.71,1000.0,295.7,3000.0,296.0,3000.0,296.01,3000.0
1753617189405,11:53:09.405,bitmex,AAVE/USDT:USDT,295.71,1000.0,295.7,3000.0,296.0,3000.0,296.01,3000.0
1753617189605,11:53:09.605,bitmex,AAVE/USDT:USDT,295.71,1000.0,295.7,3000.0,296.0,3000.0,296.01,3000.0
1753617189655,11:53:09.655,bitmex,AAVE/USDT:USDT,295.71,1000.0,295.7,3000.0,296.0,3000.0,296.01,3000.0
1753617190009,11:53:10.009,bitmex,AAVE/USDT:USDT,295.71,1000.0,295.7,3000.0,296.0,3000.0,296.01,3000.0
1753617190009,11:53:10.009,bitmex,AAVE/USDT:USDT,295.71,4000.0,295.7,3000.0,296.0,3000.0,296.01,3000.0
1753617190345,11:53:10.345,bitmex,AAVE/USDT:USDT,295.71,4000.0,295.7,3000.0,296.01,3000.0,296.02,3000.0
1753617190539,11:53:10.539,bitmex,AAVE/USDT:USDT,295.71,1000.0,295.7,3000.0,296.01,3000.0,296.02,3000.0
1753617190744,11:53:10.744,bitmex,AAVE/USDT:USDT,295.71,1000.0,295.7,3000.0,296.0,3000.0,296.01,3000.0
1753617190794,11:53:10.794,bitmex,AAVE/USDT:USDT,295.71,1000.0,295.7,3000.0,296.0,3000.0,296.01,3000.0
1753617190913,11:53:10.913,bitmex,AAVE/USDT:USDT,295.71,4000.0,295.7,3000.0,296.0,3000.0,296.01,3000.0
1753617190962,11:53:10.962,bitmex,AAVE/USDT:USDT,295.71,4000.0,295.7,3000.0,296.01,3000.0,296.02,3000.0
1753617191730,11:53:11.730,bitmex,AAVE/USDT:USDT,295.71,1000.0,295.7,3000.0,296.01,3000.0,296.02,3000.0
1753617191779,11:53:11.779,bitmex,AAVE/USDT:USDT,295.71,4000.0,295.7,3000.0,296.01,3000.0,296.02,3000.0
1753617191888,11:53:11.888,bitmex,AAVE/USDT:USDT,295.71,4000.0,295.7,3000.0,296.01,3000.0,296.02,3000.0
1753617191937,11:53:11.937,bitmex,AAVE/USDT:USDT,295.71,4000.0,295.7,3000.0,296.01,3000.0,296.02,3000.0
1753617192303,11:53:12.303,bitmex,AAVE/USDT:USDT,295.71,4000.0,295.7,3000.0,296.0,3000.0,296.01,3000.0
1753617192352,11:53:12.352,bitmex,AAVE/USDT:USDT,295.71,1000.0,295.7,3000.0,296.0,3000.0,296.01,3000.0
1753617192561,11:53:12.561,bitmex,AAVE/USDT:USDT,295.71,1000.0,295.7,3000.0,296.01,3000.0,296.02,3000.0
1753617192631,11:53:12.631,bitmex,AAVE/USDT:USDT,295.71,1000.0,295.7,3000.0,296.0,3000.0,296.01,3000.0
1753617192684,11:53:12.684,bitmex,AAVE/USDT:USDT,295.71,4000.0,295.7,3000.0,296.0,3000.0,296.01,3000.0
1753617192733,11:53:12.733,bitmex,AAVE/USDT:USDT,295.71,1000.0,295.7,3000.0,296.0,3000.0,296.01,3000.0
1753617192782,11:53:12.782,bitmex,AAVE/USDT:USDT,295.71,1000.0,295.7,3000.0,296.0,3000.0,296.01,3000.0
1753617192842,11:53:12.842,bitmex,AAVE/USDT:USDT,295.71,4000.0,295.7,3000.0,296.0,3000.0,296.01,3000.0
1753617193073,11:53:13.073,bitmex,AAVE/USDT:USDT,295.71,4000.0,295.7,3000.0,296.0,3000.0,296.01,3000.0
1753617193122,11:53:13.122,bitmex,AAVE/USDT:USDT,295.71,4000.0,295.7,3000.0,296.0,3000.0,296.01,3000.0
1753617193901,11:53:13.901,bitmex,AAVE/USDT:USDT,295.71,1000.0,295.7,3000.0,296.0,3000.0,296.01,3000.0
1753617193950,11:53:13.950,bitmex,AAVE/USDT:USDT,295.71,1000.0,295.7,3000.0,296.0,3000.0,296.01,3000.0
1753617194423,11:53:14.423,bitmex,AAVE/USDT:USDT,295.71,1000.0,295.7,3000.0,296.0,3000.0,296.01,3000.0
1753617195100,11:53:15.100,bitmex,AAVE/USDT:USDT,295.71,1000.0,295.7,3000.0,296.0,3000.0,296.01,3000.0
1753617195424,11:53:15.424,bitmex,AAVE/USDT:USDT,295.71,1000.0,295.7,3000.0,296.0,3000.0,296.01,3000.0
1753617195473,11:53:15.473,bitmex,AAVE/USDT:USDT,295.71,1000.0,295.7,3000.0,296.0,3000.0,296.01,3000.0
1753617196255,11:53:16.255,bitmex,AAVE/USDT:USDT,295.71,1000.0,295.7,3000.0,296.0,3000.0,296.01,3000.0
1753617196305,11:53:16.305,bitmex,AAVE/USDT:USDT,295.71,4000.0,295.7,3000.0,296.01,3000.0,296.12,115000.0
1753617196305,11:53:16.305,bitmex,AAVE/USDT:USDT,295.71,4000.0,295.7,3000.0,296.01,3000.0,296.02,3000.0
1753617196354,11:53:16.354,bitmex,AAVE/USDT:USDT,295.71,4000.0,295.7,3000.0,296.01,3000.0,296.02,3000.0
1753617196615,11:53:16.615,bitmex,AAVE/USDT:USDT,295.71,4000.0,295.7,3000.0,296.01,3000.0,296.02,3000.0
1753617196665,11:53:16.665,bitmex,AAVE/USDT:USDT,295.71,4000.0,295.7,3000.0,296.01,3000.0,296.02,3000.0
1753617196750,11:53:16.750,bitmex,AAVE/USDT:USDT,295.71,1000.0,295.7,3000.0,296.01,3000.0,296.02,3000.0
1753617197072,11:53:17.072,bitmex,AAVE/USDT:USDT,295.71,4000.0,295.7,3000.0,296.01,3000.0,296.02,3000.0
1753617197121,11:53:17.121,bitmex,AAVE/USDT:USDT,295.72,4000.0,295.71,3000.0,296.03,3000.0,296.04,3000.0
1753617197170,11:53:17.170,bitmex,AAVE/USDT:USDT,295.73,1000.0,295.72,3000.0,296.05,3000.0,296.06,3000.0
1753617197219,11:53:17.219,bitmex,AAVE/USDT:USDT,295.73,4000.0,295.72,3000.0,296.05,3000.0,296.06,3000.0
1753617197328,11:53:17.328,bitmex,AAVE/USDT:USDT,295.73,4000.0,295.72,3000.0,296.04,3000.0,296.05,3000.0
1753617197377,11:53:17.377,bitmex,AAVE/USDT:USDT,295.73,1000.0,295.72,3000.0,296.03,3000.0,296.04,3000.0
1753617197442,11:53:17.442,bitmex,AAVE/USDT:USDT,295.73,4000.0,295.72,3000.0,296.03,3000.0,296.04,3000.0
1753617197492,11:53:17.492,bitmex,AAVE/USDT:USDT,295.73,4000.0,295.72,3000.0,296.04,3000.0,296.05,3000.0
1753617197894,11:53:17.894,bitmex,AAVE/USDT:USDT,295.74,3000.0,295.73,4000.0,296.04,3000.0,296.05,3000.0
1753617197944,11:53:17.944,bitmex,AAVE/USDT:USDT,295.74,4000.0,295.73,3000.0,296.04,3000.0,296.05,3000.0
1753617198088,11:53:18.088,bitmex,AAVE/USDT:USDT,295.74,4000.0,295.73,3000.0,296.05,3000.0,296.06,3000.0
1753617198189,11:53:18.189,bitmex,AAVE/USDT:USDT,295.74,1000.0,295.73,3000.0,296.05,3000.0,296.06,3000.0
1753617198189,11:53:18.189,bitmex,AAVE/USDT:USDT,295.74,1000.0,295.73,3000.0,296.05,3000.0,296.06,3000.0
1753617198284,11:53:18.284,bitmex,AAVE/USDT:USDT,295.74,1000.0,295.73,3000.0,296.04,3000.0,296.05,3000.0
1753617198333,11:53:18.333,bitmex,AAVE/USDT:USDT,295.74,1000.0,295.73,3000.0,296.05,3000.0,296.06,3000.0
1753617198414,11:53:18.414,bitmex,AAVE/USDT:USDT,295.74,1000.0,295.73,3000.0,296.05,3000.0,296.06,3000.0
1753617198463,11:53:18.463,bitmex,AAVE/USDT:USDT,295.74,1000.0,295.73,3000.0,296.05,3000.0,296.06,3000.0
1753617198723,11:53:18.723,bitmex,AAVE/USDT:USDT,295.74,1000.0,295.73,3000.0,296.05,3000.0,296.06,3000.0
1753617198773,11:53:18.773,bitmex,AAVE/USDT:USDT,295.74,1000.0,295.73,3000.0,296.05,3000.0,296.06,3000.0
1753617199281,11:53:19.281,bitmex,AAVE/USDT:USDT,295.74,1000.0,295.73,3000.0,296.05,3000.0,296.06,3000.0
1753617199331,11:53:19.331,bitmex,AAVE/USDT:USDT,295.78,4000.0,295.77,3000.0,296.07,3000.0,296.08,3000.0
1753617199380,11:53:19.380,bitmex,AAVE/USDT:USDT,295.78,4000.0,295.77,3000.0,296.08,3000.0,296.09,3000.0
1753617199429,11:53:19.429,bitmex,AAVE/USDT:USDT,295.78,4000.0,295.77,3000.0,296.08,3000.0,296.09,3000.0
1753617199478,11:53:19.478,bitmex,AAVE/USDT:USDT,295.78,4000.0,295.77,3000.0,296.07,3000.0,296.08,3000.0
1753617199527,11:53:19.527,bitmex,AAVE/USDT:USDT,295.78,4000.0,295.77,3000.0,296.07,3000.0,296.08,3000.0
1753617200044,11:53:20.044,bitmex,AAVE/USDT:USDT,295.78,4000.0,295.77,3000.0,296.07,3000.0,296.08,3000.0
1753617200094,11:53:20.094,bitmex,AAVE/USDT:USDT,295.78,1000.0,295.76,3000.0,296.06,3000.0,296.07,3000.0
1753617200144,11:53:20.144,bitmex,AAVE/USDT:USDT,295.78,1000.0,295.76,3000.0,296.05,3000.0,296.06,3000.0
1753617200193,11:53:20.193,bitmex,AAVE/USDT:USDT,295.78,1000.0,295.74,3000.0,296.04,3000.0,296.05,3000.0
1753617200242,11:53:20.242,bitmex,AAVE/USDT:USDT,295.78,1000.0,295.76,3000.0,296.05,3000.0,296.06,3000.0
1753617200291,11:53:20.291,bitmex,AAVE/USDT:USDT,295.78,1000.0,295.76,3000.0,296.06,3000.0,296.07,3000.0
1753617200387,11:53:20.387,bitmex,AAVE/USDT:USDT,295.78,1000.0,295.77,3000.0,296.06,3000.0,296.07,3000.0
1753617200436,11:53:20.436,bitmex,AAVE/USDT:USDT,295.78,1000.0,295.76,3000.0,296.07,3000.0,296.08,3000.0
1753617200595,11:53:20.595,bitmex,AAVE/USDT:USDT,295.78,1000.0,295.76,3000.0,296.07,3000.0,296.08,3000.0
1753617200705,11:53:20.705,bitmex,AAVE/USDT:USDT,295.78,1000.0,295.76,3000.0,296.07,3000.0,296.08,3000.0
1753617200754,11:53:20.754,bitmex,AAVE/USDT:USDT,295.78,1000.0,295.76,3000.0,296.07,3000.0,296.08,3000.0
1753617201078,11:53:21.078,bitmex,AAVE/USDT:USDT,295.78,1000.0,295.76,3000.0,296.06,3000.0,296.07,3000.0
1753617201128,11:53:21.128,bitmex,AAVE/USDT:USDT,295.78,1000.0,295.76,3000.0,296.07,3000.0,296.08,3000.0
1753617201177,11:53:21.177,bitmex,AAVE/USDT:USDT,295.78,1000.0,295.77,3000.0,296.07,3000.0,296.08,3000.0
1753617201226,11:53:21.226,bitmex,AAVE/USDT:USDT,295.78,4000.0,295.77,3000.0,296.09,3000.0,296.1,3000.0
1753617201833,11:53:21.833,bitmex,AAVE/USDT:USDT,295.78,4000.0,295.77,3000.0,296.08,3000.0,296.09,3000.0
1753617202024,11:53:22.024,bitmex,AAVE/USDT:USDT,295.78,4000.0,295.77,3000.0,296.08,3000.0,296.09,3000.0
1753617202073,11:53:22.073,bitmex,AAVE/USDT:USDT,295.78,4000.0,295.77,3000.0,296.08,3000.0,296.09,3000.0
1753617202271,11:53:22.271,bitmex,AAVE/USDT:USDT,295.78,4000.0,295.77,3000.0,296.09,3000.0,296.1,3000.0
1753617202931,11:53:22.931,bitmex,AAVE/USDT:USDT,295.78,4000.0,295.77,3000.0,296.08,3000.0,296.09,3000.0
1753617203259,11:53:23.259,bitmex,AAVE/USDT:USDT,295.78,4000.0,295.77,3000.0,296.08,3000.0,296.09,3000.0
1753617203635,11:53:23.635,bitmex,AAVE/USDT:USDT,295.78,4000.0,295.77,3000.0,296.09,3000.0,296.1,3000.0
1753617203744,11:53:23.744,bitmex,AAVE/USDT:USDT,295.78,4000.0,295.77,3000.0,296.09,3000.0,296.1,3000.0
1753617203875,11:53:23.875,bitmex,AAVE/USDT:USDT,295.78,4000.0,295.77,3000.0,296.08,3000.0,296.09,3000.0
1753617204324,11:53:24.324,bitmex,AAVE/USDT:USDT,295.78,4000.0,295.77,3000.0,296.08,3000.0,296.09,3000.0
1753617204373,11:53:24.373,bitmex,AAVE/USDT:USDT,295.78,4000.0,295.77,3000.0,296.08,3000.0,296.09,3000.0
1753617204622,11:53:24.622,bitmex,AAVE/USDT:USDT,295.78,4000.0,295.77,3000.0,296.08,3000.0,296.09,3000.0
1753617204672,11:53:24.672,bitmex,AAVE/USDT:USDT,295.78,4000.0,295.77,3000.0,296.08,3000.0,296.09,3000.0
1753617204990,11:53:24.990,bitmex,AAVE/USDT:USDT,295.78,4000.0,295.77,3000.0,296.09,3000.0,296.1,3000.0
1753617205643,11:53:25.643,bitmex,AAVE/USDT:USDT,295.79,3000.0,295.78,4000.0,296.09,3000.0,296.1,3000.0
1753617205693,11:53:25.693,bitmex,AAVE/USDT:USDT,295.79,4000.0,295.78,3000.0,296.1,3000.0,296.11,3000.0
1753617205792,11:53:25.792,bitmex,AAVE/USDT:USDT,295.79,4000.0,295.78,3000.0,296.1,3000.0,296.11,3000.0
1753617206085,11:53:26.085,bitmex,AAVE/USDT:USDT,295.79,4000.0,295.78,3000.0,296.1,3000.0,296.11,3000.0
1753617206135,11:53:26.135,bitmex,AAVE/USDT:USDT,295.82,4000.0,295.81,3000.0,296.11,3000.0,296.12,3000.0
1753617206396,11:53:26.396,bitmex,AAVE/USDT:USDT,295.82,4000.0,295.81,3000.0,296.11,3000.0,296.12,3000.0
1753617206445,11:53:26.445,bitmex,AAVE/USDT:USDT,295.82,4000.0,295.81,3000.0,296.11,3000.0,296.12,3000.0
1753617206494,11:53:26.494,bitmex,AAVE/USDT:USDT,295.82,4000.0,295.81,3000.0,296.12,3000.0,296.13,3000.0
1753617206543,11:53:26.543,bitmex,AAVE/USDT:USDT,295.82,4000.0,295.81,3000.0,296.14,3000.0,296.15,3000.0
1753617206616,11:53:26.616,bitmex,AAVE/USDT:USDT,295.84,3000.0,295.82,1000.0,296.14,3000.0,296.15,3000.0
1753617206665,11:53:26.665,bitmex,AAVE/USDT:USDT,295.84,4000.0,295.83,3000.0,296.15,3000.0,296.16,3000.0
1753617206717,11:53:26.717,bitmex,AAVE/USDT:USDT,295.84,4000.0,295.83,3000.0,296.15,3000.0,296.16,3000.0
1753617206766,11:53:26.766,bitmex,AAVE/USDT:USDT,295.84,4000.0,295.83,3000.0,296.15,3000.0,296.16,3000.0
1753617206822,11:53:26.822,bitmex,AAVE/USDT:USDT,295.84,4000.0,295.83,3000.0,296.15,3000.0,296.16,3000.0
1753617206872,11:53:26.872,bitmex,AAVE/USDT:USDT,295.84,4000.0,295.83,3000.0,296.15,3000.0,296.16,3000.0
1753617206921,11:53:26.921,bitmex,AAVE/USDT:USDT,295.84,4000.0,295.83,3000.0,296.15,3000.0,296.16,3000.0
1753617206970,11:53:26.970,bitmex,AAVE/USDT:USDT,295.86,4000.0,295.85,3000.0,296.16,3000.0,296.17,3000.0
1753617207020,11:53:27.020,bitmex,AAVE/USDT:USDT,295.86,4000.0,295.85,3000.0,296.18,3000.0,296.19,3000.0
1753617207078,11:53:27.078,bitmex,AAVE/USDT:USDT,295.87,3000.0,295.86,4000.0,296.18,3000.0,296.19,3000.0
1753617207127,11:53:27.127,bitmex,AAVE/USDT:USDT,295.87,1000.0,295.86,3000.0,296.18,3000.0,296.19,3000.0
1753617207954,11:53:27.954,bitmex,AAVE/USDT:USDT,295.87,4000.0,295.86,3000.0,296.18,3000.0,296.19,3000.0
1753617208003,11:53:28.003,bitmex,AAVE/USDT:USDT,295.89,4000.0,295.88,3000.0,296.2,3000.0,296.21,3000.0
1753617208053,11:53:28.053,bitmex,AAVE/USDT:USDT,295.89,4000.0,295.88,3000.0,296.2,3000.0,296.21,3000.0
1753617208102,11:53:28.102,bitmex,AAVE/USDT:USDT,295.89,4000.0,295.88,3000.0,296.2,3000.0,296.21,3000.0
1753617208676,11:53:28.676,bitmex,AAVE/USDT:USDT,295.89,4000.0,295.88,3000.0,296.2,3000.0,296.21,3000.0
1753617208725,11:53:28.725,bitmex,AAVE/USDT:USDT,295.89,4000.0,295.88,3000.0,296.19,3000.0,296.2,3000.0
1753617208933,11:53:28.933,bitmex,AAVE/USDT:USDT,295.9,3000.0,295.89,4000.0,296.19,3000.0,296.2,3000.0
1753617208982,11:53:28.982,bitmex,AAVE/USDT:USDT,295.9,1000.0,295.89,3000.0,296.19,3000.0,296.2,3000.0
1753617209192,11:53:29.192,bitmex,AAVE/USDT:USDT,295.9,1000.0,295.89,3000.0,296.19,3000.0,296.2,3000.0
1753617209242,11:53:29.242,bitmex,AAVE/USDT:USDT,295.9,1000.0,295.89,3000.0,296.19,3000.0,296.2,3000.0
1753617209291,11:53:29.291,bitmex,AAVE/USDT:USDT,295.9,1000.0,295.89,3000.0,296.19,3000.0,296.2,3000.0
1753617209340,11:53:29.340,bitmex,AAVE/USDT:USDT,295.9,1000.0,295.89,3000.0,296.2,3000.0,296.21,3000.0
1753617209963,11:53:29.963,bitmex,AAVE/USDT:USDT,295.9,1000.0,295.89,3000.0,296.19,3000.0,296.2,3000.0
1753617210013,11:53:30.013,bitmex,AAVE/USDT:USDT,295.92,4000.0,295.91,3000.0,296.23,3000.0,296.24,3000.0
1753617210104,11:53:30.104,bitmex,AAVE/USDT:USDT,295.92,4000.0,295.91,3000.0,296.23,3000.0,296.24,3000.0
1753617210154,11:53:30.154,bitmex,AAVE/USDT:USDT,295.93,4000.0,295.92,3000.0,296.23,3000.0,296.24,3000.0
1753617210203,11:53:30.203,bitmex,AAVE/USDT:USDT,295.93,1000.0,295.92,3000.0,296.23,3000.0,296.24,3000.0
1753617210252,11:53:30.252,bitmex,AAVE/USDT:USDT,295.93,1000.0,295.92,3000.0,296.23,3000.0,296.24,3000.0
1753617210252,11:53:30.252,bitmex,AAVE/USDT:USDT,295.93,4000.0,295.92,3000.0,296.23,3000.0,296.24,3000.0
1753617210301,11:53:30.301,bitmex,AAVE/USDT:USDT,295.93,1000.0,295.92,3000.0,296.23,3000.0,296.24,3000.0
1753617210350,11:53:30.350,bitmex,AAVE/USDT:USDT,295.93,4000.0,295.92,3000.0,296.23,3000.0,296.24,3000.0
1753617210399,11:53:30.399,bitmex,AAVE/USDT:USDT,295.93,1000.0,295.92,3000.0,296.23,3000.0,296.24,3000.0
1753617210448,11:53:30.448,bitmex,AAVE/USDT:USDT,295.93,4000.0,295.92,3000.0,296.23,3000.0,296.24,3000.0
1753617210497,11:53:30.497,bitmex,AAVE/USDT:USDT,295.93,1000.0,295.92,3000.0,296.23,3000.0,296.24,3000.0
1753617210597,11:53:30.597,bitmex,AAVE/USDT:USDT,295.93,1000.0,295.92,3000.0,296.23,3000.0,296.24,3000.0
1753617210646,11:53:30.646,bitmex,AAVE/USDT:USDT,295.93,1000.0,295.92,3000.0,296.23,3000.0,296.24,3000.0
1753617210837,11:53:30.837,bitmex,AAVE/USDT:USDT,295.93,4000.0,295.92,3000.0,296.23,3000.0,296.24,3000.0
1753617210886,11:53:30.886,bitmex,AAVE/USDT:USDT,295.94,4000.0,295.93,3000.0,296.24,3000.0,296.25,3000.0
1753617211336,11:53:31.336,bitmex,AAVE/USDT:USDT,295.94,4000.0,295.93,3000.0,296.24,3000.0,296.25,3000.0
1753617211556,11:53:31.556,bitmex,AAVE/USDT:USDT,295.94,4000.0,295.93,3000.0,296.24,3000.0,296.25,3000.0
1753617211615,11:53:31.615,bitmex,AAVE/USDT:USDT,295.94,4000.0,295.93,3000.0,296.24,3000.0,296.25,3000.0
1753617211801,11:53:31.801,bitmex,AAVE/USDT:USDT,295.94,4000.0,295.93,3000.0,296.23,3000.0,296.24,3000.0
1753617211850,11:53:31.850,bitmex,AAVE/USDT:USDT,295.96,4000.0,295.95,3000.0,296.26,3000.0,296.27,3000.0
1753617211899,11:53:31.899,bitmex,AAVE/USDT:USDT,295.96,4000.0,295.95,3000.0,296.27,3000.0,296.28,3000.0
1753617211948,11:53:31.948,bitmex,AAVE/USDT:USDT,295.96,3000.0,295.7,3000.0,296.27,3000.0,296.28,3000.0
1753617211948,11:53:31.948,bitmex,AAVE/USDT:USDT,295.97,4000.0,295.96,3000.0,296.27,3000.0,296.28,3000.0
1753617211997,11:53:31.997,bitmex,AAVE/USDT:USDT,295.97,4000.0,295.96,3000.0,296.27,3000.0,296.28,3000.0
1753617212046,11:53:32.046,bitmex,AAVE/USDT:USDT,295.97,4000.0,295.96,3000.0,296.27,3000.0,296.28,3000.0
1753617212297,11:53:32.297,bitmex,AAVE/USDT:USDT,295.97,4000.0,295.96,3000.0,296.28,3000.0,296.29,3000.0
1753617212347,11:53:32.347,bitmex,AAVE/USDT:USDT,295.98,3000.0,295.97,4000.0,296.28,3000.0,296.29,3000.0
1753617212397,11:53:32.397,bitmex,AAVE/USDT:USDT,295.98,1000.0,295.97,3000.0,296.28,3000.0,296.29,3000.0
1753617212446,11:53:32.446,bitmex,AAVE/USDT:USDT,295.98,4000.0,295.97,3000.0,296.29,3000.0,296.3,3000.0
1753617212495,11:53:32.495,bitmex,AAVE/USDT:USDT,295.98,1000.0,295.97,3000.0,296.29,3000.0,296.3,3000.0
1753617212544,11:53:32.544,bitmex,AAVE/USDT:USDT,295.98,1000.0,295.97,3000.0,296.28,3000.0,296.29,3000.0
1753617212593,11:53:32.593,bitmex,AAVE/USDT:USDT,295.98,1000.0,295.97,3000.0,296.29,3000.0,296.3,3000.0
1753617212642,11:53:32.642,bitmex,AAVE/USDT:USDT,295.98,1000.0,295.97,3000.0,296.29,3000.0,296.3,3000.0
1753617212705,11:53:32.705,bitmex,AAVE/USDT:USDT,295.98,4000.0,295.97,3000.0,296.29,3000.0,296.3,3000.0
1753617212804,11:53:32.804,bitmex,AAVE/USDT:USDT,295.98,1000.0,295.97,3000.0,296.29,3000.0,296.3,3000.0
1753617212853,11:53:32.853,bitmex,AAVE/USDT:USDT,295.98,1000.0,295.97,3000.0,296.29,3000.0,296.3,3000.0
1753617212964,11:53:32.964,bitmex,AAVE/USDT:USDT,295.98,1000.0,295.97,3000.0,296.29,3000.0,296.3,3000.0
1753617213014,11:53:33.014,bitmex,AAVE/USDT:USDT,295.98,1000.0,295.97,3000.0,296.29,3000.0,296.39,115000.0
1753617213014,11:53:33.014,bitmex,AAVE/USDT:USDT,295.98,4000.0,295.97,3000.0,296.28,3000.0,296.29,3000.0
1753617213138,11:53:33.138,bitmex,AAVE/USDT:USDT,295.98,4000.0,295.97,3000.0,296.29,3000.0,296.3,3000.0
1753617213884,11:53:33.884,bitmex,AAVE/USDT:USDT,295.98,4000.0,295.97,3000.0,296.29,3000.0,296.3,3000.0
1753617213944,11:53:33.944,bitmex,AAVE/USDT:USDT,295.98,4000.0,295.97,3000.0,296.29,3000.0,296.3,3000.0
1753617213994,11:53:33.994,bitmex,AAVE/USDT:USDT,295.98,4000.0,295.97,3000.0,296.29,3000.0,296.3,3000.0
1753617214574,11:53:34.574,bitmex,AAVE/USDT:USDT,295.98,4000.0,295.97,3000.0,296.28,3000.0,296.29,3000.0
1753617214714,11:53:34.714,bitmex,AAVE/USDT:USDT,295.98,4000.0,295.97,3000.0,296.29,3000.0,296.3,3000.0
1753617215114,11:53:35.114,bitmex,AAVE/USDT:USDT,295.98,4000.0,295.97,3000.0,296.29,3000.0,296.3,3000.0
1753617215173,11:53:35.173,bitmex,AAVE/USDT:USDT,295.98,4000.0,295.97,3000.0,296.29,3000.0,296.3,3000.0
1753617215222,11:53:35.222,bitmex,AAVE/USDT:USDT,295.98,4000.0,295.97,3000.0,296.28,3000.0,296.29,3000.0
1753617216379,11:53:36.379,bitmex,AAVE/USDT:USDT,295.98,4000.0,295.97,3000.0,296.28,3000.0,296.29,3000.0
1753617216429,11:53:36.429,bitmex,AAVE/USDT:USDT,295.98,4000.0,295.97,3000.0,296.28,3000.0,296.29,3000.0
1753617216478,11:53:36.478,bitmex,AAVE/USDT:USDT,295.98,4000.0,295.97,3000.0,296.29,3000.0,296.3,3000.0
1753617216694,11:53:36.694,bitmex,AAVE/USDT:USDT,295.98,4000.0,295.97,3000.0,296.29,3000.0,296.3,3000.0
1753617216743,11:53:36.743,bitmex,AAVE/USDT:USDT,295.98,4000.0,295.97,3000.0,296.29,3000.0,296.3,3000.0
1753617217476,11:53:37.476,bitmex,AAVE/USDT:USDT,295.98,4000.0,295.97,3000.0,296.29,3000.0,296.3,3000.0
1753617217525,11:53:37.525,bitmex,AAVE/USDT:USDT,295.98,4000.0,295.97,3000.0,296.29,3000.0,296.3,3000.0
1753617218102,11:53:38.102,bitmex,AAVE/USDT:USDT,295.98,4000.0,295.97,3000.0,296.29,3000.0,296.3,3000.0
1753617218186,11:53:38.186,bitmex,AAVE/USDT:USDT,295.98,4000.0,295.97,3000.0,296.3,3000.0,296.31,3000.0
1753617218283,11:53:38.283,bitmex,AAVE/USDT:USDT,295.98,4000.0,295.97,3000.0,296.3,3000.0,296.31,3000.0
1753617218644,11:53:38.644,bitmex,AAVE/USDT:USDT,295.98,4000.0,295.97,3000.0,296.3,3000.0,296.31,3000.0
1753617218694,11:53:38.694,bitmex,AAVE/USDT:USDT,295.84,3000.0,295.82,729000.0,296.47,115000.0,296.49,729000.0
1753617218694,11:53:38.694,bitmex,AAVE/USDT:USDT,296.01,4000.0,296.0,3000.0,296.32,3000.0,296.33,3000.0
1753617218743,11:53:38.743,bitmex,AAVE/USDT:USDT,296.01,4000.0,296.0,3000.0,296.32,3000.0,296.33,3000.0
1753617219263,11:53:39.263,bitmex,AAVE/USDT:USDT,296.01,4000.0,296.0,3000.0,296.31,3000.0,296.32,3000.0
1753617219315,11:53:39.315,bitmex,AAVE/USDT:USDT,296.01,4000.0,296.0,3000.0,296.32,3000.0,296.33,3000.0
1753617219364,11:53:39.364,bitmex,AAVE/USDT:USDT,296.01,4000.0,296.0,3000.0,296.31,3000.0,296.32,3000.0
1753617219437,11:53:39.437,bitmex,AAVE/USDT:USDT,296.01,4000.0,296.0,3000.0,296.31,3000.0,296.32,3000.0
1753617219798,11:53:39.798,bitmex,AAVE/USDT:USDT,296.01,4000.0,296.0,3000.0,296.31,3000.0,296.32,3000.0
1753617219848,11:53:39.848,bitmex,AAVE/USDT:USDT,296.01,4000.0,296.0,3000.0,296.31,3000.0,296.32,3000.0
1753617221873,11:53:41.873,bitmex,AAVE/USDT:USDT,296.01,4000.0,296.0,3000.0,296.31,3000.0,296.32,3000.0
1753617221922,11:53:41.922,bitmex,AAVE/USDT:USDT,296.01,4000.0,296.0,3000.0,296.31,3000.0,296.32,3000.0
1753617222082,11:53:42.082,bitmex,AAVE/USDT:USDT,296.01,4000.0,296.0,3000.0,296.32,3000.0,296.33,3000.0
1753617222364,11:53:42.364,bitmex,AAVE/USDT:USDT,296.01,4000.0,296.0,3000.0,296.32,3000.0,296.33,3000.0
1753617222616,11:53:42.616,bitmex,AAVE/USDT:USDT,296.01,4000.0,296.0,3000.0,296.32,3000.0,296.33,3000.0
1753617222665,11:53:42.665,bitmex,AAVE/USDT:USDT,296.01,4000.0,296.0,3000.0,296.32,3000.0,296.33,3000.0
1753617222714,11:53:42.714,bitmex,AAVE/USDT:USDT,296.01,4000.0,296.0,3000.0,296.33,3000.0,296.34,3000.0
1753617222795,11:53:42.795,bitmex,AAVE/USDT:USDT,296.01,4000.0,296.0,3000.0,296.33,3000.0,296.34,3000.0
1753617222944,11:53:42.944,bitmex,AAVE/USDT:USDT,296.01,4000.0,296.0,3000.0,296.32,3000.0,296.33,3000.0
1753617222993,11:53:42.993,bitmex,AAVE/USDT:USDT,296.03,4000.0,296.02,3000.0,296.34,3000.0,296.35,3000.0
1753617223431,11:53:43.431,bitmex,AAVE/USDT:USDT,296.03,4000.0,296.02,3000.0,296.35,3000.0,296.36,3000.0
1753617223480,11:53:43.480,bitmex,AAVE/USDT:USDT,296.06,4000.0,296.05,3000.0,296.35,3000.0,296.36,3000.0
1753617223529,11:53:43.529,bitmex,AAVE/USDT:USDT,296.06,4000.0,296.05,3000.0,296.35,3000.0,296.36,3000.0
1753617223578,11:53:43.578,bitmex,AAVE/USDT:USDT,296.06,4000.0,296.05,3000.0,296.35,3000.0,296.36,3000.0
1753617223679,11:53:43.679,bitmex,AAVE/USDT:USDT,296.06,4000.0,296.05,3000.0,296.36,3000.0,296.37,3000.0
1753617223728,11:53:43.728,bitmex,AAVE/USDT:USDT,296.06,4000.0,296.05,3000.0,296.36,3000.0,296.37,3000.0
1753617223944,11:53:43.944,bitmex,AAVE/USDT:USDT,296.06,4000.0,296.05,3000.0,296.36,3000.0,296.37,3000.0
1753617225006,11:53:45.006,bitmex,AAVE/USDT:USDT,296.06,4000.0,296.05,3000.0,296.36,3000.0,296.37,3000.0
1753617225056,11:53:45.056,bitmex,AAVE/USDT:USDT,296.06,4000.0,296.05,3000.0,296.36,3000.0,296.37,3000.0
1753617225114,11:53:45.114,bitmex,AAVE/USDT:USDT,296.06,4000.0,296.05,3000.0,296.36,3000.0,296.37,3000.0
1753617225849,11:53:45.849,bitmex,AAVE/USDT:USDT,296.06,1000.0,296.05,3000.0,296.36,3000.0,296.37,3000.0
1753617225898,11:53:45.898,bitmex,AAVE/USDT:USDT,296.06,1000.0,296.05,3000.0,296.35,3000.0,296.36,3000.0
1753617225947,11:53:45.947,bitmex,AAVE/USDT:USDT,296.06,4000.0,296.05,3000.0,296.35,3000.0,296.36,3000.0
1753617226335,11:53:46.335,bitmex,AAVE/USDT:USDT,296.06,4000.0,296.05,3000.0,296.35,3000.0,296.36,3000.0
1753617226384,11:53:46.384,bitmex,AAVE/USDT:USDT,296.06,4000.0,296.05,3000.0,296.35,3000.0,296.36,3000.0
1753617227255,11:53:47.255,bitmex,AAVE/USDT:USDT,296.06,4000.0,296.05,3000.0,296.36,3000.0,296.37,3000.0
1753617227401,11:53:47.401,bitmex,AAVE/USDT:USDT,296.06,4000.0,296.05,3000.0,296.36,3000.0,296.37,3000.0
1753617227450,11:53:47.450,bitmex,AAVE/USDT:USDT,296.06,4000.0,296.05,3000.0,296.36,3000.0,296.37,3000.0
1753617227818,11:53:47.818,bitmex,AAVE/USDT:USDT,296.06,4000.0,296.05,3000.0,296.36,3000.0,296.37,3000.0
1753617228274,11:53:48.274,bitmex,AAVE/USDT:USDT,296.06,1000.0,296.05,3000.0,296.36,3000.0,296.37,3000.0
1753617228324,11:53:48.324,bitmex,AAVE/USDT:USDT,296.06,4000.0,296.05,3000.0,296.36,3000.0,296.37,3000.0
1753617228675,11:53:48.675,bitmex,AAVE/USDT:USDT,296.06,4000.0,296.05,3000.0,296.36,3000.0,296.37,3000.0
1753617228816,11:53:48.816,bitmex,AAVE/USDT:USDT,296.06,4000.0,296.05,3000.0,296.36,3000.0,296.37,3000.0
1753617228866,11:53:48.866,bitmex,AAVE/USDT:USDT,296.06,4000.0,296.05,3000.0,296.36,3000.0,296.37,3000.0
1753617229022,11:53:49.022,bitmex,AAVE/USDT:USDT,296.06,4000.0,296.05,3000.0,296.36,3000.0,296.37,3000.0
1753617229071,11:53:49.071,bitmex,AAVE/USDT:USDT,296.08,1000.0,296.07,3000.0,296.4,3000.0,296.41,3000.0
1753617229120,11:53:49.120,bitmex,AAVE/USDT:USDT,296.08,4000.0,296.07,3000.0,296.41,3000.0,296.42,3000.0
1753617229169,11:53:49.169,bitmex,AAVE/USDT:USDT,296.08,1000.0,296.07,3000.0,296.41,3000.0,296.42,3000.0
1753617229218,11:53:49.218,bitmex,AAVE/USDT:USDT,296.08,1000.0,296.07,3000.0,296.41,3000.0,296.42,3000.0
1753617229267,11:53:49.267,bitmex,AAVE/USDT:USDT,296.08,4000.0,296.07,3000.0,296.39,3000.0,296.4,3000.0
1753617229328,11:53:49.328,bitmex,AAVE/USDT:USDT,296.09,3000.0,296.08,4000.0,296.39,3000.0,296.4,3000.0
1753617229378,11:53:49.378,bitmex,AAVE/USDT:USDT,296.09,1000.0,296.08,3000.0,296.4,3000.0,296.41,3000.0
1753617229435,11:53:49.435,bitmex,AAVE/USDT:USDT,296.09,1000.0,296.08,3000.0,296.41,3000.0,296.42,3000.0
1753617229484,11:53:49.484,bitmex,AAVE/USDT:USDT,296.09,1000.0,296.08,3000.0,296.41,3000.0,296.42,3000.0
1753617229654,11:53:49.654,bitmex,AAVE/USDT:USDT,296.09,1000.0,296.08,3000.0,296.4,3000.0,296.41,3000.0
1753617229796,11:53:49.796,bitmex,AAVE/USDT:USDT,296.09,1000.0,296.08,3000.0,296.4,3000.0,296.41,3000.0
1753617229846,11:53:49.846,bitmex,AAVE/USDT:USDT,296.09,1000.0,296.08,3000.0,296.4,3000.0,296.41,3000.0
1753617229895,11:53:49.895,bitmex,AAVE/USDT:USDT,296.09,1000.0,296.08,3000.0,296.41,3000.0,296.42,3000.0
1753617229944,11:53:49.944,bitmex,AAVE/USDT:USDT,296.09,4000.0,296.08,3000.0,296.41,3000.0,296.42,3000.0
1753617229993,11:53:49.993,bitmex,AAVE/USDT:USDT,296.09,1000.0,296.08,3000.0,296.41,3000.0,296.42,3000.0
1753617230042,11:53:50.042,bitmex,AAVE/USDT:USDT,296.09,4000.0,296.08,3000.0,296.4,3000.0,296.41,3000.0
1753617230268,11:53:50.268,bitmex,AAVE/USDT:USDT,296.09,4000.0,296.08,3000.0,296.41,3000.0,296.42,3000.0
1753617230318,11:53:50.318,bitmex,AAVE/USDT:USDT,296.1,4000.0,296.09,3000.0,296.41,3000.0,296.42,3000.0
1753617230464,11:53:50.464,bitmex,AAVE/USDT:USDT,296.1,4000.0,296.09,3000.0,296.41,3000.0,296.42,3000.0
1753617230513,11:53:50.513,bitmex,AAVE/USDT:USDT,296.1,4000.0,296.09,3000.0,296.41,3000.0,296.42,3000.0
1753617230562,11:53:50.562,bitmex,AAVE/USDT:USDT,296.1,4000.0,296.09,3000.0,296.4,3000.0,296.41,3000.0
1753617230611,11:53:50.611,bitmex,AAVE/USDT:USDT,296.1,4000.0,296.09,3000.0,296.4,3000.0,296.41,3000.0
1753617230975,11:53:50.975,bitmex,AAVE/USDT:USDT,296.1,4000.0,296.09,3000.0,296.4,3000.0,296.41,3000.0
1753617231024,11:53:51.024,bitmex,AAVE/USDT:USDT,296.1,4000.0,296.09,3000.0,296.4,3000.0,296.41,3000.0
1753617231268,11:53:51.268,bitmex,AAVE/USDT:USDT,296.1,4000.0,296.09,3000.0,296.41,3000.0,296.42,3000.0
1753617231318,11:53:51.318,bitmex,AAVE/USDT:USDT,296.1,4000.0,296.09,3000.0,296.4,3000.0,296.41,3000.0
1753617231445,11:53:51.445,bitmex,AAVE/USDT:USDT,296.1,4000.0,296.09,3000.0,296.4,3000.0,296.41,3000.0
1753617231494,11:53:51.494,bitmex,AAVE/USDT:USDT,296.1,4000.0,296.09,3000.0,296.39,3000.0,296.4,3000.0
1753617231599,11:53:51.599,bitmex,AAVE/USDT:USDT,296.1,4000.0,296.06,3000.0,296.39,3000.0,296.4,3000.0
1753617231648,11:53:51.648,bitmex,AAVE/USDT:USDT,296.1,1000.0,296.06,3000.0,296.36,3000.0,296.37,3000.0
1753617231697,11:53:51.697,bitmex,AAVE/USDT:USDT,296.1,1000.0,296.06,3000.0,296.36,3000.0,296.37,3000.0
1753617231839,11:53:51.839,bitmex,AAVE/USDT:USDT,296.1,1000.0,296.06,3000.0,296.35,3000.0,296.36,3000.0
1753617231889,11:53:51.889,bitmex,AAVE/USDT:USDT,296.1,1000.0,296.06,3000.0,296.35,3000.0,296.36,3000.0
1753617232085,11:53:52.085,bitmex,AAVE/USDT:USDT,296.1,1000.0,296.06,3000.0,296.35,3000.0,296.36,3000.0
1753617232135,11:53:52.135,bitmex,AAVE/USDT:USDT,296.1,1000.0,296.06,3000.0,296.35,3000.0,296.36,3000.0
1753617232184,11:53:52.184,bitmex,AAVE/USDT:USDT,296.1,1000.0,296.06,3000.0,296.35,3000.0,296.36,3000.0
1753617232603,11:53:52.603,bitmex,AAVE/USDT:USDT,296.1,1000.0,296.06,3000.0,296.35,3000.0,296.36,3000.0
1753617232653,11:53:52.653,bitmex,AAVE/USDT:USDT,296.1,1000.0,296.01,3000.0,296.33,3000.0,296.34,3000.0
1753617232702,11:53:52.702,bitmex,AAVE/USDT:USDT,296.1,1000.0,296.01,3000.0,296.53,3000.0,296.55,115000.0
1753617232702,11:53:52.702,bitmex,AAVE/USDT:USDT,296.1,1000.0,296.01,3000.0,296.31,3000.0,296.32,3000.0
1753617232751,11:53:52.751,bitmex,AAVE/USDT:USDT,296.1,1000.0,296.0,3000.0,296.31,3000.0,296.53,3000.0
1753617232751,11:53:52.751,bitmex,AAVE/USDT:USDT,296.1,1000.0,296.0,3000.0,296.3,3000.0,296.31,3000.0
1753617232800,11:53:52.800,bitmex,AAVE/USDT:USDT,296.1,1000.0,296.01,3000.0,296.3,3000.0,296.31,3000.0
1753617232887,11:53:52.887,bitmex,AAVE/USDT:USDT,296.1,1000.0,296.01,3000.0,296.31,3000.0,296.32,3000.0
1753617233061,11:53:53.061,bitmex,AAVE/USDT:USDT,296.1,1000.0,296.01,3000.0,296.31,3000.0,296.32,3000.0
1753617233111,11:53:53.111,bitmex,AAVE/USDT:USDT,296.1,1000.0,296.01,3000.0,296.3,3000.0,296.31,3000.0
1753617233304,11:53:53.304,bitmex,AAVE/USDT:USDT,296.1,1000.0,296.01,3000.0,296.3,3000.0,296.31,3000.0
1753617233375,11:53:53.375,bitmex,AAVE/USDT:USDT,296.1,1000.0,296.01,3000.0,296.3,3000.0,296.31,3000.0
1753617233425,11:53:53.425,bitmex,AAVE/USDT:USDT,296.1,1000.0,296.01,3000.0,296.3,3000.0,296.31,3000.0
1753617234525,11:53:54.525,bitmex,AAVE/USDT:USDT,296.1,1000.0,296.01,3000.0,296.3,3000.0,296.31,3000.0
1753617234574,11:53:54.574,bitmex,AAVE/USDT:USDT,296.1,1000.0,296.01,3000.0,296.3,3000.0,296.31,3000.0
1753617234623,11:53:54.623,bitmex,AAVE/USDT:USDT,296.1,1000.0,296.01,3000.0,296.3,3000.0,296.31,3000.0
1753617235450,11:53:55.450,bitmex,AAVE/USDT:USDT,296.1,1000.0,296.0,3000.0,296.3,3000.0,296.31,3000.0
1753617235562,11:53:55.562,bitmex,AAVE/USDT:USDT,296.1,1000.0,296.0,3000.0,296.29,3000.0,296.3,3000.0
1753617235611,11:53:55.611,bitmex,AAVE/USDT:USDT,296.1,1000.0,296.0,3000.0,296.29,3000.0,296.3,3000.0
1753617235660,11:53:55.660,bitmex,AAVE/USDT:USDT,296.1,1000.0,296.0,3000.0,296.29,3000.0,296.3,3000.0
1753617235709,11:53:55.709,bitmex,AAVE/USDT:USDT,296.1,1000.0,295.95,3000.0,296.26,3000.0,296.27,3000.0
1753617235758,11:53:55.758,bitmex,AAVE/USDT:USDT,296.1,1000.0,295.95,3000.0,296.26,3000.0,296.27,3000.0
1753617235828,11:53:55.828,bitmex,AAVE/USDT:USDT,296.1,1000.0,295.95,3000.0,296.25,3000.0,296.26,3000.0
1753617235904,11:53:55.904,bitmex,AAVE/USDT:USDT,296.1,1000.0,295.95,3000.0,296.26,3000.0,296.27,3000.0
1753617235954,11:53:55.954,bitmex,AAVE/USDT:USDT,296.1,1000.0,295.97,3000.0,296.26,3000.0,296.27,3000.0
1753617236004,11:53:56.004,bitmex,AAVE/USDT:USDT,296.1,1000.0,295.97,3000.0,296.26,3000.0,296.27,3000.0
1753617236484,11:53:56.484,bitmex,AAVE/USDT:USDT,296.1,1000.0,295.96,3000.0,296.25,3000.0,296.26,3000.0
1753617236564,11:53:56.564,bitmex,AAVE/USDT:USDT,296.1,1000.0,295.95,3000.0,296.25,3000.0,296.26,3000.0
1753617236757,11:53:56.757,bitmex,AAVE/USDT:USDT,296.1,1000.0,295.95,3000.0,296.25,3000.0,296.26,3000.0
1753617236806,11:53:56.806,bitmex,AAVE/USDT:USDT,296.1,1000.0,295.95,3000.0,296.25,3000.0,296.26,3000.0
1753617236855,11:53:56.855,bitmex,AAVE/USDT:USDT,296.1,1000.0,295.95,3000.0,296.25,3000.0,296.26,3000.0
1753617237784,11:53:57.784,bitmex,AAVE/USDT:USDT,296.1,1000.0,295.95,3000.0,296.25,3000.0,296.26,3000.0
1753617237833,11:53:57.833,bitmex,AAVE/USDT:USDT,296.1,1000.0,295.92,3000.0,296.25,3000.0,296.26,3000.0
1753617237882,11:53:57.882,bitmex,AAVE/USDT:USDT,296.1,1000.0,295.92,3000.0,296.25,3000.0,296.26,3000.0
1753617237931,11:53:57.931,bitmex,AAVE/USDT:USDT,296.1,1000.0,295.91,3000.0,296.23,3000.0,296.24,3000.0
1753617237980,11:53:57.980,bitmex,AAVE/USDT:USDT,296.1,1000.0,295.92,3000.0,296.22,3000.0,296.23,3000.0
1753617238029,11:53:58.029,bitmex,AAVE/USDT:USDT,296.1,1000.0,295.92,3000.0,296.22,3000.0,296.23,3000.0
1753617238291,11:53:58.291,bitmex,AAVE/USDT:USDT,296.1,1000.0,295.92,3000.0,296.21,3000.0,296.22,3000.0
1753617238870,11:53:58.870,bitmex,AAVE/USDT:USDT,296.1,1000.0,295.92,3000.0,296.2,3000.0,296.21,3000.0
1753617239164,11:53:59.164,bitmex,AAVE/USDT:USDT,296.1,1000.0,295.92,3000.0,296.2,3000.0,296.21,3000.0
1753617239213,11:53:59.213,bitmex,AAVE/USDT:USDT,296.1,1000.0,295.92,3000.0,296.2,3000.0,296.21,3000.0
1753617239281,11:53:59.281,bitmex,AAVE/USDT:USDT,296.1,1000.0,295.92,3000.0,296.21,3000.0,296.22,3000.0
1753617239331,11:53:59.331,bitmex,AAVE/USDT:USDT,296.1,1000.0,295.92,3000.0,296.21,3000.0,296.22,3000.0
1753617239380,11:53:59.380,bitmex,AAVE/USDT:USDT,296.1,1000.0,295.92,3000.0,296.21,3000.0,296.22,3000.0
1753617239725,11:53:59.725,bitmex,AAVE/USDT:USDT,296.1,1000.0,295.92,3000.0,296.21,3000.0,296.22,3000.0
1753617239794,11:53:59.794,bitmex,AAVE/USDT:USDT,296.1,1000.0,295.92,3000.0,296.2,3000.0,296.21,3000.0
1753617239844,11:53:59.844,bitmex,AAVE/USDT:USDT,296.1,1000.0,295.91,3000.0,296.2,3000.0,296.21,3000.0
1753617240514,11:54:00.514,bitmex,AAVE/USDT:USDT,296.1,1000.0,295.91,3000.0,296.2,3000.0,296.21,3000.0
1753617240563,11:54:00.563,bitmex,AAVE/USDT:USDT,296.1,1000.0,295.91,3000.0,296.2,3000.0,296.21,3000.0
1753617240846,11:54:00.846,bitmex,AAVE/USDT:USDT,296.1,1000.0,295.91,3000.0,296.21,3000.0,296.22,3000.0
1753617240896,11:54:00.896,bitmex,AAVE/USDT:USDT,296.1,1000.0,295.91,3000.0,296.2,3000.0,296.21,3000.0
1753617241028,11:54:01.028,bitmex,AAVE/USDT:USDT,296.1,1000.0,295.92,3000.0,296.2,3000.0,296.21,3000.0
1753617241077,11:54:01.077,bitmex,AAVE/USDT:USDT,296.1,1000.0,295.92,3000.0,296.21,3000.0,296.22,3000.0
1753617241126,11:54:01.126,bitmex,AAVE/USDT:USDT,296.1,1000.0,295.91,3000.0,296.2,3000.0,296.21,3000.0
1753617241201,11:54:01.201,bitmex,AAVE/USDT:USDT,296.1,1000.0,295.91,3000.0,296.2,3000.0,296.21,3000.0
1753617242019,11:54:02.019,bitmex,AAVE/USDT:USDT,296.1,1000.0,295.91,3000.0,296.19,3000.0,296.2,3000.0
1753617242069,11:54:02.069,bitmex,AAVE/USDT:USDT,296.1,1000.0,295.86,3000.0,296.17,3000.0,296.18,3000.0
1753617242149,11:54:02.149,bitmex,AAVE/USDT:USDT,296.1,1000.0,295.86,3000.0,296.16,3000.0,296.17,3000.0
1753617242804,11:54:02.804,bitmex,AAVE/USDT:USDT,296.1,1000.0,295.86,3000.0,296.16,3000.0,296.17,3000.0
1753617242854,11:54:02.854,bitmex,AAVE/USDT:USDT,296.1,1000.0,295.86,3000.0,296.16,3000.0,296.17,3000.0
1753617242934,11:54:02.934,bitmex,AAVE/USDT:USDT,296.1,1000.0,295.87,3000.0,296.16,3000.0,296.17,3000.0
1753617242983,11:54:02.983,bitmex,AAVE/USDT:USDT,296.1,1000.0,295.88,3000.0,296.16,3000.0,296.17,3000.0
1753617243032,11:54:03.032,bitmex,AAVE/USDT:USDT,296.1,1000.0,295.88,3000.0,296.17,3000.0,296.18,3000.0
1753617243325,11:54:03.325,bitmex,AAVE/USDT:USDT,296.1,1000.0,295.88,3000.0,296.16,3000.0,296.17,3000.0
1753617243375,11:54:03.375,bitmex,AAVE/USDT:USDT,296.1,1000.0,295.82,729000.0,296.16,3000.0,296.17,3000.0
1753617243375,11:54:03.375,bitmex,AAVE/USDT:USDT,296.1,1000.0,295.86,3000.0,296.16,3000.0,296.17,3000.0
1753617243800,11:54:03.800,bitmex,AAVE/USDT:USDT,296.1,1000.0,295.86,3000.0,296.16,3000.0,296.17,3000.0
1753617243947,11:54:03.947,bitmex,AAVE/USDT:USDT,296.1,1000.0,295.86,3000.0,296.16,3000.0,296.17,3000.0
1753617244003,11:54:04.003,bitmex,AAVE/USDT:USDT,296.1,1000.0,295.86,3000.0,296.16,3000.0,296.17,3000.0
1753617244053,11:54:04.053,bitmex,AAVE/USDT:USDT,296.1,1000.0,295.86,3000.0,296.16,3000.0,296.17,3000.0
1753617244125,11:54:04.125,bitmex,AAVE/USDT:USDT,296.1,1000.0,295.86,3000.0,296.16,3000.0,296.17,3000.0
1753617244174,11:54:04.174,bitmex,AAVE/USDT:USDT,296.1,1000.0,295.86,3000.0,296.16,3000.0,296.17,3000.0
1753617244785,11:54:04.785,bitmex,AAVE/USDT:USDT,296.1,1000.0,295.86,3000.0,296.15,3000.0,296.16,3000.0
1753617244919,11:54:04.919,bitmex,AAVE/USDT:USDT,296.1,1000.0,295.86,3000.0,296.16,3000.0,296.17,3000.0
1753617245099,11:54:05.099,bitmex,AAVE/USDT:USDT,296.1,1000.0,295.86,3000.0,296.16,3000.0,296.17,3000.0
1753617245148,11:54:05.148,bitmex,AAVE/USDT:USDT,296.1,1000.0,295.86,3000.0,296.16,3000.0,296.17,3000.0
1753617245369,11:54:05.369,bitmex,AAVE/USDT:USDT,296.1,1000.0,295.86,3000.0,296.15,3000.0,296.16,3000.0
1753617245418,11:54:05.418,bitmex,AAVE/USDT:USDT,296.1,1000.0,295.85,3000.0,296.15,3000.0,296.16,3000.0
1753617245475,11:54:05.475,bitmex,AAVE/USDT:USDT,296.1,1000.0,295.86,3000.0,296.15,3000.0,296.16,3000.0
1753617245652,11:54:05.652,bitmex,AAVE/USDT:USDT,296.1,1000.0,295.86,3000.0,296.15,3000.0,296.16,3000.0
1753617245701,11:54:05.701,bitmex,AAVE/USDT:USDT,296.1,1000.0,295.86,3000.0,296.15,3000.0,296.16,3000.0
1753617246069,11:54:06.069,bitmex,AAVE/USDT:USDT,296.1,1000.0,295.85,3000.0,296.15,3000.0,296.16,3000.0
1753617246120,11:54:06.120,bitmex,AAVE/USDT:USDT,296.1,1000.0,295.86,3000.0,296.15,3000.0,296.16,3000.0
1753617246170,11:54:06.170,bitmex,AAVE/USDT:USDT,296.1,1000.0,295.85,3000.0,296.16,3000.0,296.17,3000.0
1753617246258,11:54:06.258,bitmex,AAVE/USDT:USDT,296.1,1000.0,295.85,3000.0,296.14,3000.0,296.17,3000.0
1753617246308,11:54:06.308,bitmex,AAVE/USDT:USDT,296.1,1000.0,295.85,3000.0,296.14,3000.0,296.15,3000.0
1753617246357,11:54:06.357,bitmex,AAVE/USDT:USDT,296.1,1000.0,295.85,3000.0,296.14,3000.0,296.15,3000.0
1753617246443,11:54:06.443,bitmex,AAVE/USDT:USDT,296.1,1000.0,295.85,3000.0,296.14,3000.0,296.15,3000.0
1753617246500,11:54:06.500,bitmex,AAVE/USDT:USDT,296.1,1000.0,295.85,3000.0,296.14,3000.0,296.15,3000.0
1753617246549,11:54:06.549,bitmex,AAVE/USDT:USDT,296.1,1000.0,295.85,3000.0,296.15,3000.0,296.16,3000.0
1753617246647,11:54:06.647,bitmex,AAVE/USDT:USDT,296.1,1000.0,295.85,3000.0,296.15,3000.0,296.16,3000.0
1753617246696,11:54:06.696,bitmex,AAVE/USDT:USDT,296.1,1000.0,295.85,3000.0,296.14,3000.0,296.15,3000.0
1753617246745,11:54:06.745,bitmex,AAVE/USDT:USDT,296.1,1000.0,295.85,3000.0,296.15,3000.0,296.16,3000.0
1753617247092,11:54:07.092,bitmex,AAVE/USDT:USDT,296.1,1000.0,295.86,3000.0,296.15,3000.0,296.16,3000.0
1753617247349,11:54:07.349,bitmex,AAVE/USDT:USDT,296.1,1000.0,295.85,3000.0,296.15,3000.0,296.16,3000.0
1753617247404,11:54:07.404,bitmex,AAVE/USDT:USDT,296.1,1000.0,295.85,3000.0,296.14,3000.0,296.15,3000.0
1753617247504,11:54:07.504,bitmex,AAVE/USDT:USDT,296.1,1000.0,295.85,3000.0,296.14,3000.0,296.15,3000.0
1753617247554,11:54:07.554,bitmex,AAVE/USDT:USDT,296.1,1000.0,295.85,3000.0,296.14,3000.0,296.15,3000.0
1753617247963,11:54:07.963,bitmex,AAVE/USDT:USDT,295.85,3000.0,295.84,3000.0,296.14,3000.0,296.15,3000.0
1753617248012,11:54:08.012,bitmex,AAVE/USDT:USDT,295.85,4000.0,295.84,3000.0,296.14,3000.0,296.15,3000.0
1753617248061,11:54:08.061,bitmex,AAVE/USDT:USDT,295.85,1000.0,295.83,3000.0,296.12,3000.0,296.13,3000.0
1753617248110,11:54:08.110,bitmex,AAVE/USDT:USDT,295.85,1000.0,295.78,3000.0,296.09,3000.0,296.1,3000.0
1753617248159,11:54:08.159,bitmex,AAVE/USDT:USDT,295.85,1000.0,295.79,3000.0,296.09,3000.0,296.1,3000.0
1753617248340,11:54:08.340,bitmex,AAVE/USDT:USDT,295.85,1000.0,295.79,3000.0,296.08,3000.0,296.09,3000.0
1753617248390,11:54:08.390,bitmex,AAVE/USDT:USDT,295.85,1000.0,295.78,3000.0,296.08,3000.0,296.09,3000.0
1753617248615,11:54:08.615,bitmex,AAVE/USDT:USDT,295.85,1000.0,295.78,3000.0,296.07,3000.0,296.08,3000.0
1753617248686,11:54:08.686,bitmex,AAVE/USDT:USDT,295.85,1000.0,295.78,3000.0,296.07,3000.0,296.08,3000.0
1753617248736,11:54:08.736,bitmex,AAVE/USDT:USDT,295.85,1000.0,295.78,3000.0,296.08,3000.0,296.09,3000.0
1753617248785,11:54:08.785,bitmex,AAVE/USDT:USDT,295.85,1000.0,295.78,3000.0,296.08,3000.0,296.09,3000.0
1753617249054,11:54:09.054,bitmex,AAVE/USDT:USDT,295.85,1000.0,295.78,3000.0,296.08,3000.0,296.09,3000.0
1753617249104,11:54:09.104,bitmex,AAVE/USDT:USDT,295.85,1000.0,295.78,3000.0,296.08,3000.0,296.09,3000.0
1753617249536,11:54:09.536,bitmex,AAVE/USDT:USDT,295.85,1000.0,295.78,3000.0,296.08,3000.0,296.09,3000.0
1753617249585,11:54:09.585,bitmex,AAVE/USDT:USDT,295.85,1000.0,295.78,3000.0,296.08,3000.0,296.09,3000.0
1753617249634,11:54:09.634,bitmex,AAVE/USDT:USDT,295.85,1000.0,295.78,3000.0,296.09,3000.0,296.1,3000.0
1753617249742,11:54:09.742,bitmex,AAVE/USDT:USDT,295.85,1000.0,295.78,3000.0,296.09,3000.0,296.1,3000.0
1753617249791,11:54:09.791,bitmex,AAVE/USDT:USDT,295.85,1000.0,295.78,3000.0,296.09,3000.0,296.1,3000.0
1753617249840,11:54:09.840,bitmex,AAVE/USDT:USDT,295.85,1000.0,295.78,3000.0,296.09,3000.0,296.1,3000.0
1753617250172,11:54:10.172,bitmex,AAVE/USDT:USDT,295.85,1000.0,295.78,3000.0,296.08,3000.0,296.09,3000.0
1753617250437,11:54:10.437,bitmex,AAVE/USDT:USDT,295.85,1000.0,295.78,3000.0,296.09,3000.0,296.1,3000.0
1753617250642,11:54:10.642,bitmex,AAVE/USDT:USDT,295.85,1000.0,295.78,3000.0,296.08,3000.0,296.09,3000.0
1753617250903,11:54:10.903,bitmex,AAVE/USDT:USDT,295.85,1000.0,295.78,3000.0,296.08,3000.0,296.09,3000.0
1753617250952,11:54:10.952,bitmex,AAVE/USDT:USDT,295.85,1000.0,295.78,3000.0,296.08,3000.0,296.09,3000.0
1753617251001,11:54:11.001,bitmex,AAVE/USDT:USDT,295.85,1000.0,295.78,3000.0,296.08,3000.0,296.09,3000.0
1753617251325,11:54:11.325,bitmex,AAVE/USDT:USDT,295.85,1000.0,295.78,3000.0,296.08,3000.0,296.09,3000.0
1753617251375,11:54:11.375,bitmex,AAVE/USDT:USDT,295.85,1000.0,295.78,3000.0,296.08,3000.0,296.09,3000.0
1753617251927,11:54:11.927,bitmex,AAVE/USDT:USDT,295.85,1000.0,295.78,3000.0,296.08,3000.0,296.09,3000.0
1753617252074,11:54:12.074,bitmex,AAVE/USDT:USDT,295.85,1000.0,295.78,3000.0,296.08,3000.0,296.09,3000.0
1753617252124,11:54:12.124,bitmex,AAVE/USDT:USDT,295.85,1000.0,295.78,3000.0,296.08,3000.0,296.09,3000.0
1753617252407,11:54:12.407,bitmex,AAVE/USDT:USDT,295.85,1000.0,295.78,3000.0,296.08,3000.0,296.09,3000.0
1753617252633,11:54:12.633,bitmex,AAVE/USDT:USDT,295.85,1000.0,295.78,3000.0,296.09,3000.0,296.1,3000.0
1753617252682,11:54:12.682,bitmex,AAVE/USDT:USDT,295.85,1000.0,295.78,3000.0,296.08,3000.0,296.09,3000.0
1753617252845,11:54:12.845,bitmex,AAVE/USDT:USDT,295.85,1000.0,295.78,3000.0,296.08,3000.0,296.09,3000.0
1753617253392,11:54:13.392,bitmex,AAVE/USDT:USDT,295.85,1000.0,295.78,3000.0,296.08,3000.0,296.09,3000.0
1753617253442,11:54:13.442,bitmex,AAVE/USDT:USDT,295.85,1000.0,295.78,3000.0,296.08,3000.0,296.09,3000.0
1753617254494,11:54:14.494,bitmex,AAVE/USDT:USDT,295.85,1000.0,295.78,3000.0,296.08,3000.0,296.09,3000.0
1753617254544,11:54:14.544,bitmex,AAVE/USDT:USDT,295.85,1000.0,295.78,3000.0,296.08,3000.0,296.09,3000.0
1753617255364,11:54:15.364,bitmex,AAVE/USDT:USDT,295.85,1000.0,295.78,3000.0,296.09,3000.0,296.1,3000.0
1753617255561,11:54:15.561,bitmex,AAVE/USDT:USDT,295.85,1000.0,295.78,3000.0,296.09,3000.0,296.1,3000.0
1753617255610,11:54:15.610,bitmex,AAVE/USDT:USDT,295.85,1000.0,295.78,3000.0,296.09,3000.0,296.1,3000.0
1753617255610,11:54:15.610,bitmex,AAVE/USDT:USDT,295.85,1000.0,295.78,3000.0,296.09,3000.0,296.1,3000.0
1753617256125,11:54:16.125,bitmex,AAVE/USDT:USDT,295.85,1000.0,295.78,3000.0,296.09,3000.0,296.1,3000.0
1753617256175,11:54:16.175,bitmex,AAVE/USDT:USDT,295.85,1000.0,295.78,3000.0,296.09,3000.0,296.1,3000.0
1753617256232,11:54:16.232,bitmex,AAVE/USDT:USDT,295.85,1000.0,295.78,3000.0,296.08,3000.0,296.09,3000.0
1753617256744,11:54:16.744,bitmex,AAVE/USDT:USDT,295.85,1000.0,295.78,3000.0,296.08,3000.0,296.09,3000.0
1753617256794,11:54:16.794,bitmex,AAVE/USDT:USDT,295.85,1000.0,295.78,3000.0,296.08,3000.0,296.09,3000.0
1753617258064,11:54:18.064,bitmex,AAVE/USDT:USDT,295.85,1000.0,295.78,3000.0,296.08,3000.0,296.09,3000.0
1753617258134,11:54:18.134,bitmex,AAVE/USDT:USDT,295.85,1000.0,295.78,3000.0,296.08,3000.0,296.09,3000.0
1753617259274,11:54:19.274,bitmex,AAVE/USDT:USDT,295.85,1000.0,295.78,3000.0,296.08,3000.0,296.09,3000.0
1753617259323,11:54:19.323,bitmex,AAVE/USDT:USDT,295.85,1000.0,295.78,3000.0,296.08,3000.0,296.09,3000.0
1753617260284,11:54:20.284,bitmex,AAVE/USDT:USDT,295.85,1000.0,295.78,3000.0,296.08,3000.0,296.09,3000.0
1753617260354,11:54:20.354,bitmex,AAVE/USDT:USDT,295.85,1000.0,295.78,3000.0,296.08,3000.0,296.09,3000.0
1753617260770,11:54:20.770,bitmex,AAVE/USDT:USDT,295.85,1000.0,295.79,3000.0,296.08,3000.0,296.09,3000.0
1753617260819,11:54:20.819,bitmex,AAVE/USDT:USDT,295.85,1000.0,295.79,3000.0,296.07,3000.0,296.08,3000.0
1753617260926,11:54:20.926,bitmex,AAVE/USDT:USDT,295.85,1000.0,295.79,3000.0,296.07,3000.0,296.08,3000.0
1753617260976,11:54:20.976,bitmex,AAVE/USDT:USDT,295.85,1000.0,295.79,3000.0,296.08,3000.0,296.09,3000.0
1753617261391,11:54:21.391,bitmex,AAVE/USDT:USDT,295.85,1000.0,295.78,3000.0,296.08,3000.0,296.09,3000.0
1753617261441,11:54:21.441,bitmex,AAVE/USDT:USDT,295.85,1000.0,295.78,3000.0,296.07,3000.0,296.08,3000.0
1753617261490,11:54:21.490,bitmex,AAVE/USDT:USDT,295.85,1000.0,295.78,3000.0,296.07,3000.0,296.08,3000.0
1753617262282,11:54:22.282,bitmex,AAVE/USDT:USDT,295.85,1000.0,295.79,3000.0,296.07,3000.0,296.08,3000.0
1753617262331,11:54:22.331,bitmex,AAVE/USDT:USDT,295.85,1000.0,295.78,3000.0,296.08,3000.0,296.09,3000.0
1753617262561,11:54:22.561,bitmex,AAVE/USDT:USDT,295.85,1000.0,295.78,3000.0,296.08,3000.0,296.09,3000.0
1753617262634,11:54:22.634,bitmex,AAVE/USDT:USDT,295.85,1000.0,295.78,3000.0,296.08,3000.0,296.09,3000.0
1753617263764,11:54:23.764,bitmex,AAVE/USDT:USDT,295.85,1000.0,295.79,3000.0,296.08,3000.0,296.09,3000.0
1753617263814,11:54:23.814,bitmex,AAVE/USDT:USDT,295.85,1000.0,295.79,3000.0,296.08,3000.0,296.09,3000.0
1753617264106,11:54:24.106,bitmex,AAVE/USDT:USDT,295.85,1000.0,295.78,3000.0,296.08,3000.0,296.09,3000.0
1753617264155,11:54:24.155,bitmex,AAVE/USDT:USDT,295.85,1000.0,295.78,3000.0,296.07,3000.0,296.08,3000.0
1753617264204,11:54:24.204,bitmex,AAVE/USDT:USDT,295.85,1000.0,295.79,3000.0,296.07,3000.0,296.08,3000.0
1753617264510,11:54:24.510,bitmex,AAVE/USDT:USDT,295.85,1000.0,295.78,3000.0,296.07,3000.0,296.08,3000.0
1753617265081,11:54:25.081,bitmex,AAVE/USDT:USDT,295.85,1000.0,295.78,3000.0,296.07,3000.0,296.08,3000.0
1753617265081,11:54:25.081,bitmex,AAVE/USDT:USDT,295.85,1000.0,295.78,3000.0,296.07,3000.0,296.08,3000.0
1753617265131,11:54:25.131,bitmex,AAVE/USDT:USDT,295.85,1000.0,295.78,3000.0,296.07,3000.0,296.08,3000.0
1753617265729,11:54:25.729,bitmex,AAVE/USDT:USDT,295.85,1000.0,295.78,3000.0,296.07,3000.0,296.08,3000.0
1753617265779,11:54:25.779,bitmex,AAVE/USDT:USDT,295.85,1000.0,295.78,3000.0,296.07,3000.0,296.08,3000.0
1753617266136,11:54:26.136,bitmex,AAVE/USDT:USDT,295.85,1000.0,295.79,3000.0,296.07,3000.0,296.08,3000.0
1753617266391,11:54:26.391,bitmex,AAVE/USDT:USDT,295.85,1000.0,295.78,3000.0,296.07,3000.0,296.08,3000.0
1753617266486,11:54:26.486,bitmex,AAVE/USDT:USDT,295.85,1000.0,295.79,3000.0,296.07,3000.0,296.08,3000.0
1753617266535,11:54:26.535,bitmex,AAVE/USDT:USDT,295.85,1000.0,295.78,3000.0,296.07,3000.0,296.08,3000.0
1753617266833,11:54:26.833,bitmex,AAVE/USDT:USDT,295.85,1000.0,295.79,3000.0,296.07,3000.0,296.08,3000.0
1753617266902,11:54:26.902,bitmex,AAVE/USDT:USDT,295.85,1000.0,295.78,3000.0,296.07,3000.0,296.08,3000.0
1753617267673,11:54:27.673,bitmex,AAVE/USDT:USDT,295.85,1000.0,295.78,3000.0,296.08,3000.0,296.09,3000.0
1753617267722,11:54:27.722,bitmex,AAVE/USDT:USDT,295.85,1000.0,295.78,3000.0,296.08,3000.0,296.09,3000.0
1753617267885,11:54:27.885,bitmex,AAVE/USDT:USDT,295.85,1000.0,295.78,3000.0,296.09,3000.0,296.1,3000.0
1753617267935,11:54:27.935,bitmex,AAVE/USDT:USDT,295.85,1000.0,295.79,3000.0,296.09,3000.0,296.1,3000.0
1753617268143,11:54:28.143,bitmex,AAVE/USDT:USDT,295.85,1000.0,295.79,3000.0,296.08,3000.0,296.09,3000.0
1753617268192,11:54:28.192,bitmex,AAVE/USDT:USDT,295.85,1000.0,295.78,3000.0,296.08,3000.0,296.09,3000.0
1753617269305,11:54:29.305,bitmex,AAVE/USDT:USDT,295.85,1000.0,295.79,3000.0,296.08,3000.0,296.09,3000.0
1753617269355,11:54:29.355,bitmex,AAVE/USDT:USDT,295.85,1000.0,295.78,3000.0,296.09,3000.0,296.1,3000.0
1753617270344,11:54:30.344,bitmex,AAVE/USDT:USDT,295.85,1000.0,295.78,3000.0,296.08,3000.0,296.09,3000.0
1753617270463,11:54:30.463,bitmex,AAVE/USDT:USDT,295.85,1000.0,295.77,3000.0,296.08,3000.0,296.09,3000.0
1753617270525,11:54:30.525,bitmex,AAVE/USDT:USDT,295.85,1000.0,295.77,3000.0,296.08,3000.0,296.09,3000.0
1753617270575,11:54:30.575,bitmex,AAVE/USDT:USDT,295.85,1000.0,295.77,3000.0,296.08,3000.0,296.09,3000.0
1753617270624,11:54:30.624,bitmex,AAVE/USDT:USDT,295.85,1000.0,295.77,3000.0,296.08,3000.0,296.09,3000.0
1753617273274,11:54:33.274,bitmex,AAVE/USDT:USDT,295.85,1000.0,295.77,3000.0,296.08,3000.0,296.09,3000.0
1753617275327,11:54:35.327,bitmex,AAVE/USDT:USDT,295.85,1000.0,295.77,3000.0,296.08,3000.0,296.09,3000.0
1753617275376,11:54:35.376,bitmex,AAVE/USDT:USDT,295.85,1000.0,295.77,3000.0,296.08,3000.0,296.09,3000.0
1753617276854,11:54:36.854,bitmex,AAVE/USDT:USDT,295.85,1000.0,295.77,3000.0,296.09,3000.0,296.1,3000.0
1753617276903,11:54:36.903,bitmex,AAVE/USDT:USDT,295.85,1000.0,295.77,3000.0,296.08,3000.0,296.09,3000.0
1753617278127,11:54:38.127,bitmex,AAVE/USDT:USDT,295.85,1000.0,295.77,3000.0,296.07,3000.0,296.08,3000.0
1753617278176,11:54:38.176,bitmex,AAVE/USDT:USDT,295.85,1000.0,295.77,3000.0,296.07,3000.0,296.08,3000.0
1753617278225,11:54:38.225,bitmex,AAVE/USDT:USDT,295.85,1000.0,295.77,3000.0,296.08,3000.0,296.09,3000.0
1753617278295,11:54:38.295,bitmex,AAVE/USDT:USDT,295.85,1000.0,295.77,3000.0,296.07,3000.0,296.08,3000.0
1753617278411,11:54:38.411,bitmex,AAVE/USDT:USDT,295.85,1000.0,295.77,3000.0,296.06,3000.0,296.07,3000.0
1753617278460,11:54:38.460,bitmex,AAVE/USDT:USDT,295.85,1000.0,295.76,3000.0,296.05,3000.0,296.06,3000.0
1753617278653,11:54:38.653,bitmex,AAVE/USDT:USDT,295.85,1000.0,295.75,3000.0,296.05,3000.0,296.06,3000.0
1753617278702,11:54:38.702,bitmex,AAVE/USDT:USDT,295.85,1000.0,295.75,3000.0,296.06,3000.0,296.07,3000.0
1753617278966,11:54:38.966,bitmex,AAVE/USDT:USDT,295.85,1000.0,295.75,3000.0,296.06,3000.0,296.07,3000.0
1753617279015,11:54:39.015,bitmex,AAVE/USDT:USDT,295.85,1000.0,295.75,3000.0,296.06,3000.0,296.07,3000.0
1753617279225,11:54:39.225,bitmex,AAVE/USDT:USDT,295.85,1000.0,295.75,3000.0,296.05,3000.0,296.06,3000.0
1753617279324,11:54:39.324,bitmex,AAVE/USDT:USDT,295.85,1000.0,295.75,3000.0,296.06,3000.0,296.07,3000.0
1753617279373,11:54:39.373,bitmex,AAVE/USDT:USDT,295.85,1000.0,295.75,3000.0,296.07,3000.0,296.08,3000.0
1753617280126,11:54:40.126,bitmex,AAVE/USDT:USDT,295.85,1000.0,295.75,3000.0,296.07,3000.0,296.08,3000.0
1753617280175,11:54:40.175,bitmex,AAVE/USDT:USDT,295.85,1000.0,295.75,3000.0,296.06,3000.0,296.07,3000.0
1753617280224,11:54:40.224,bitmex,AAVE/USDT:USDT,295.85,1000.0,295.75,3000.0,296.07,3000.0,296.08,3000.0
1753617280273,11:54:40.273,bitmex,AAVE/USDT:USDT,295.85,1000.0,295.75,3000.0,296.06,3000.0,296.07,3000.0
1753617280344,11:54:40.344,bitmex,AAVE/USDT:USDT,295.85,1000.0,295.75,3000.0,296.07,3000.0,296.08,3000.0
1753617280394,11:54:40.394,bitmex,AAVE/USDT:USDT,295.85,1000.0,295.75,3000.0,296.07,3000.0,296.08,3000.0
1753617280959,11:54:40.959,bitmex,AAVE/USDT:USDT,295.85,1000.0,295.75,3000.0,296.06,3000.0,296.07,3000.0
1753617281341,11:54:41.341,bitmex,AAVE/USDT:USDT,295.85,1000.0,295.75,3000.0,296.07,3000.0,296.08,3000.0
1753617281391,11:54:41.391,bitmex,AAVE/USDT:USDT,295.85,1000.0,295.75,3000.0,296.07,3000.0,296.08,3000.0
1753617281440,11:54:41.440,bitmex,AAVE/USDT:USDT,295.85,1000.0,295.75,3000.0,296.07,3000.0,296.08,3000.0
1753617281606,11:54:41.606,bitmex,AAVE/USDT:USDT,295.85,1000.0,295.75,3000.0,296.06,3000.0,296.07,3000.0
1753617281655,11:54:41.655,bitmex,AAVE/USDT:USDT,295.85,1000.0,295.75,3000.0,296.07,3000.0,296.08,3000.0
1753617282235,11:54:42.235,bitmex,AAVE/USDT:USDT,295.85,1000.0,295.75,3000.0,296.06,3000.0,296.07,3000.0
1753617282284,11:54:42.284,bitmex,AAVE/USDT:USDT,295.85,1000.0,295.75,3000.0,296.07,3000.0,296.08,3000.0
1753617282464,11:54:42.464,bitmex,AAVE/USDT:USDT,295.85,1000.0,295.75,3000.0,296.06,3000.0,296.07,3000.0
1753617282556,11:54:42.556,bitmex,AAVE/USDT:USDT,295.85,1000.0,295.75,3000.0,296.07,3000.0,296.08,3000.0
1753617282629,11:54:42.629,bitmex,AAVE/USDT:USDT,295.85,1000.0,295.75,3000.0,296.06,3000.0,296.07,3000.0
1753617282793,11:54:42.793,bitmex,AAVE/USDT:USDT,295.85,1000.0,295.75,3000.0,296.06,3000.0,296.07,3000.0
1753617282843,11:54:42.843,bitmex,AAVE/USDT:USDT,295.85,1000.0,295.75,3000.0,296.06,3000.0,296.07,3000.0
1753617283746,11:54:43.746,bitmex,AAVE/USDT:USDT,295.85,1000.0,295.75,3000.0,296.06,3000.0,296.07,3000.0
1753617283795,11:54:43.795,bitmex,AAVE/USDT:USDT,295.85,1000.0,295.75,3000.0,296.06,3000.0,296.07,3000.0
1753617284246,11:54:44.246,bitmex,AAVE/USDT:USDT,295.85,1000.0,295.76,3000.0,296.06,3000.0,296.07,3000.0
1753617284879,11:54:44.879,bitmex,AAVE/USDT:USDT,295.85,1000.0,295.76,3000.0,296.06,3000.0,296.07,3000.0
1753617284928,11:54:44.928,bitmex,AAVE/USDT:USDT,295.85,1000.0,295.76,3000.0,296.06,3000.0,296.07,3000.0
1753617284977,11:54:44.977,bitmex,AAVE/USDT:USDT,295.85,1000.0,295.76,3000.0,296.06,3000.0,296.07,3000.0
1753617285232,11:54:45.232,bitmex,AAVE/USDT:USDT,295.85,1000.0,295.75,3000.0,296.06,3000.0,296.07,3000.0
1753617285281,11:54:45.281,bitmex,AAVE/USDT:USDT,295.85,1000.0,295.76,3000.0,296.06,3000.0,296.07,3000.0
1753617286063,11:54:46.063,bitmex,AAVE/USDT:USDT,295.85,1000.0,295.76,3000.0,296.06,3000.0,296.07,3000.0
1753617286124,11:54:46.124,bitmex,AAVE/USDT:USDT,295.85,1000.0,295.76,3000.0,296.06,3000.0,296.07,3000.0
1753617286363,11:54:46.363,bitmex,AAVE/USDT:USDT,295.85,1000.0,295.75,3000.0,296.06,3000.0,296.07,3000.0
1753617286641,11:54:46.641,bitmex,AAVE/USDT:USDT,295.85,1000.0,295.76,3000.0,296.06,3000.0,296.07,3000.0
1753617287236,11:54:47.236,bitmex,AAVE/USDT:USDT,295.85,1000.0,295.76,3000.0,296.06,3000.0,296.07,3000.0
1753617287285,11:54:47.285,bitmex,AAVE/USDT:USDT,295.85,1000.0,295.76,3000.0,296.06,3000.0,296.07,3000.0
1753617287845,11:54:47.845,bitmex,AAVE/USDT:USDT,295.85,1000.0,295.75,3000.0,296.06,3000.0,296.07,3000.0
1753617287931,11:54:47.931,bitmex,AAVE/USDT:USDT,295.85,1000.0,295.75,3000.0,296.06,3000.0,296.07,3000.0
1753617288057,11:54:48.057,bitmex,AAVE/USDT:USDT,295.85,1000.0,295.75,3000.0,296.06,3000.0,296.07,3000.0
1753617288106,11:54:48.106,bitmex,AAVE/USDT:USDT,295.85,1000.0,295.75,3000.0,296.05,3000.0,296.06,3000.0
1753617288485,11:54:48.485,bitmex,AAVE/USDT:USDT,295.85,1000.0,295.75,3000.0,296.05,3000.0,296.06,3000.0
1753617288534,11:54:48.534,bitmex,AAVE/USDT:USDT,295.85,1000.0,295.75,3000.0,296.05,3000.0,296.06,3000.0
1753617289205,11:54:49.205,bitmex,AAVE/USDT:USDT,295.85,1000.0,295.75,3000.0,296.06,3000.0,296.07,3000.0
1753617289590,11:54:49.590,bitmex,AAVE/USDT:USDT,295.85,1000.0,295.76,3000.0,296.06,3000.0,296.07,3000.0
1753617289665,11:54:49.665,bitmex,AAVE/USDT:USDT,295.85,1000.0,295.76,3000.0,296.06,3000.0,296.07,3000.0
1753617289714,11:54:49.714,bitmex,AAVE/USDT:USDT,295.85,1000.0,295.75,3000.0,296.06,3000.0,296.07,3000.0
1753617289763,11:54:49.763,bitmex,AAVE/USDT:USDT,295.85,1000.0,295.75,3000.0,296.06,3000.0,296.07,3000.0
1753617289812,11:54:49.812,bitmex,AAVE/USDT:USDT,295.85,1000.0,295.75,3000.0,296.07,3000.0,296.08,3000.0
1753617290001,11:54:50.001,bitmex,AAVE/USDT:USDT,295.85,1000.0,295.75,3000.0,296.06,3000.0,296.07,3000.0
1753617290240,11:54:50.240,bitmex,AAVE/USDT:USDT,295.85,1000.0,295.75,3000.0,296.07,3000.0,296.08,3000.0
1753617290290,11:54:50.290,bitmex,AAVE/USDT:USDT,295.85,1000.0,295.76,3000.0,296.07,3000.0,296.08,3000.0
1753617290339,11:54:50.339,bitmex,AAVE/USDT:USDT,295.85,1000.0,295.75,3000.0,296.07,3000.0,296.08,3000.0
1753617290388,11:54:50.388,bitmex,AAVE/USDT:USDT,295.85,1000.0,295.76,3000.0,296.07,3000.0,296.08,3000.0
1753617290437,11:54:50.437,bitmex,AAVE/USDT:USDT,295.85,1000.0,295.76,3000.0,296.07,3000.0,296.08,3000.0
1753617290814,11:54:50.814,bitmex,AAVE/USDT:USDT,295.85,1000.0,295.76,3000.0,296.07,3000.0,296.08,3000.0
1753617290864,11:54:50.864,bitmex,AAVE/USDT:USDT,295.85,1000.0,295.76,3000.0,296.07,3000.0,296.08,3000.0
1753617290913,11:54:50.913,bitmex,AAVE/USDT:USDT,295.85,1000.0,295.76,3000.0,296.06,3000.0,296.07,3000.0
1753617291034,11:54:51.034,bitmex,AAVE/USDT:USDT,295.85,1000.0,295.76,3000.0,296.07,3000.0,296.08,3000.0
1753617291336,11:54:51.336,bitmex,AAVE/USDT:USDT,295.85,1000.0,295.75,3000.0,296.07,3000.0,296.08,3000.0
1753617292394,11:54:52.394,bitmex,AAVE/USDT:USDT,295.85,1000.0,295.75,3000.0,296.07,3000.0,296.08,3000.0
1753617292445,11:54:52.445,bitmex,AAVE/USDT:USDT,295.85,1000.0,295.75,3000.0,296.07,3000.0,296.08,3000.0
1753617292542,11:54:52.542,bitmex,AAVE/USDT:USDT,295.85,1000.0,295.75,3000.0,296.06,3000.0,296.07,3000.0
1753617292729,11:54:52.729,bitmex,AAVE/USDT:USDT,295.85,1000.0,295.75,3000.0,296.07,3000.0,296.08,3000.0
1753617293194,11:54:53.194,bitmex,AAVE/USDT:USDT,295.85,1000.0,295.75,3000.0,296.07,3000.0,296.08,3000.0
1753617293265,11:54:53.265,bitmex,AAVE/USDT:USDT,295.85,1000.0,295.75,3000.0,296.07,3000.0,296.08,3000.0
1753617293315,11:54:53.315,bitmex,AAVE/USDT:USDT,295.85,1000.0,295.76,3000.0,296.07,3000.0,296.08,3000.0
1753617294403,11:54:54.403,bitmex,AAVE/USDT:USDT,295.85,1000.0,295.75,3000.0,296.07,3000.0,296.08,3000.0
1753617294527,11:54:54.527,bitmex,AAVE/USDT:USDT,295.85,1000.0,295.75,3000.0,296.07,3000.0,296.08,3000.0
1753617294577,11:54:54.577,bitmex,AAVE/USDT:USDT,295.85,1000.0,295.75,3000.0,296.07,3000.0,296.08,3000.0
1753617294808,11:54:54.808,bitmex,AAVE/USDT:USDT,295.85,1000.0,295.75,3000.0,296.06,3000.0,296.07,3000.0
1753617294858,11:54:54.858,bitmex,AAVE/USDT:USDT,295.85,1000.0,295.75,3000.0,296.06,3000.0,296.07,3000.0
1753617294941,11:54:54.941,bitmex,AAVE/USDT:USDT,295.85,1000.0,295.75,3000.0,296.07,3000.0,296.08,3000.0
1753617294991,11:54:54.991,bitmex,AAVE/USDT:USDT,295.85,1000.0,295.75,3000.0,296.06,3000.0,296.07,3000.0
1753617295422,11:54:55.422,bitmex,AAVE/USDT:USDT,295.85,1000.0,295.76,3000.0,296.06,3000.0,296.07,3000.0
1753617295477,11:54:55.477,bitmex,AAVE/USDT:USDT,295.85,1000.0,295.75,3000.0,296.06,3000.0,296.07,3000.0
1753617295527,11:54:55.527,bitmex,AAVE/USDT:USDT,295.85,1000.0,295.76,3000.0,296.06,3000.0,296.07,3000.0
1753617296741,11:54:56.741,bitmex,AAVE/USDT:USDT,295.85,1000.0,295.76,3000.0,296.06,3000.0,296.07,3000.0
1753617298279,11:54:58.279,bitmex,AAVE/USDT:USDT,295.85,1000.0,295.75,3000.0,296.06,3000.0,296.07,3000.0
1753617298369,11:54:58.369,bitmex,AAVE/USDT:USDT,295.85,1000.0,295.76,3000.0,296.06,3000.0,296.07,3000.0
1753617298592,11:54:58.592,bitmex,AAVE/USDT:USDT,295.85,1000.0,295.75,3000.0,296.06,3000.0,296.07,3000.0
1753617298641,11:54:58.641,bitmex,AAVE/USDT:USDT,295.85,1000.0,295.76,3000.0,296.06,3000.0,296.07,3000.0
1753617299222,11:54:59.222,bitmex,AAVE/USDT:USDT,295.85,1000.0,295.75,3000.0,296.06,3000.0,296.07,3000.0
1753617299327,11:54:59.327,bitmex,AAVE/USDT:USDT,295.85,1000.0,295.75,3000.0,296.06,3000.0,296.07,3000.0
1753617299376,11:54:59.376,bitmex,AAVE/USDT:USDT,295.85,1000.0,295.75,3000.0,296.06,3000.0,296.07,3000.0
1753617299636,11:54:59.636,bitmex,AAVE/USDT:USDT,295.85,1000.0,295.76,3000.0,296.06,3000.0,296.07,3000.0
1753617299685,11:54:59.685,bitmex,AAVE/USDT:USDT,295.85,1000.0,295.75,3000.0,296.06,3000.0,296.07,3000.0
1753617299941,11:54:59.941,bitmex,AAVE/USDT:USDT,295.85,1000.0,295.75,3000.0,296.05,3000.0,296.06,3000.0
1753617299990,11:54:59.990,bitmex,AAVE/USDT:USDT,295.85,1000.0,295.76,3000.0,296.05,3000.0,296.06,3000.0
1753617301151,11:55:01.151,bitmex,AAVE/USDT:USDT,295.85,1000.0,295.75,3000.0,296.05,3000.0,296.06,3000.0
1753617301206,11:55:01.206,bitmex,AAVE/USDT:USDT,295.85,1000.0,295.75,3000.0,296.06,3000.0,296.07,3000.0
1753617301256,11:55:01.256,bitmex,AAVE/USDT:USDT,295.85,1000.0,295.75,3000.0,296.05,3000.0,296.06,3000.0
1753617301305,11:55:01.305,bitmex,AAVE/USDT:USDT,295.85,1000.0,295.76,3000.0,296.05,3000.0,296.06,3000.0
1753617301354,11:55:01.354,bitmex,AAVE/USDT:USDT,295.85,1000.0,295.75,3000.0,296.05,3000.0,296.06,3000.0
1753617301866,11:55:01.866,bitmex,AAVE/USDT:USDT,295.85,1000.0,295.75,3000.0,296.05,3000.0,296.06,3000.0
1753617301915,11:55:01.915,bitmex,AAVE/USDT:USDT,295.85,1000.0,295.75,3000.0,296.05,3000.0,296.06,3000.0
1753617302494,11:55:02.494,bitmex,AAVE/USDT:USDT,295.85,1000.0,295.76,3000.0,296.05,3000.0,296.06,3000.0
1753617302543,11:55:02.543,bitmex,AAVE/USDT:USDT,295.85,1000.0,295.75,3000.0,296.05,3000.0,296.06,3000.0
1753617302875,11:55:02.875,bitmex,AAVE/USDT:USDT,295.85,1000.0,295.75,3000.0,296.05,3000.0,296.06,3000.0
1753617303126,11:55:03.126,bitmex,AAVE/USDT:USDT,295.85,1000.0,295.75,3000.0,296.06,3000.0,296.07,3000.0
1753617303176,11:55:03.176,bitmex,AAVE/USDT:USDT,295.85,1000.0,295.76,3000.0,296.06,3000.0,296.07,3000.0
1753617303467,11:55:03.467,bitmex,AAVE/USDT:USDT,295.85,1000.0,295.76,3000.0,296.05,3000.0,296.06,3000.0
1753617303517,11:55:03.517,bitmex,AAVE/USDT:USDT,295.85,1000.0,295.76,3000.0,296.06,3000.0,296.07,3000.0
1753617303566,11:55:03.566,bitmex,AAVE/USDT:USDT,295.85,1000.0,295.76,3000.0,296.06,3000.0,296.07,3000.0
1753617303615,11:55:03.615,bitmex,AAVE/USDT:USDT,295.85,1000.0,295.75,3000.0,296.05,3000.0,296.06,3000.0
1753617303717,11:55:03.717,bitmex,AAVE/USDT:USDT,295.85,1000.0,295.76,3000.0,296.05,3000.0,296.06,3000.0
1753617303766,11:55:03.766,bitmex,AAVE/USDT:USDT,295.85,1000.0,295.76,3000.0,296.06,3000.0,296.07,3000.0
1753617303816,11:55:03.816,bitmex,AAVE/USDT:USDT,295.85,1000.0,295.76,3000.0,296.05,3000.0,296.06,3000.0
1753617303897,11:55:03.897,bitmex,AAVE/USDT:USDT,295.85,1000.0,295.76,3000.0,296.06,3000.0,296.07,3000.0
1753617304127,11:55:04.127,bitmex,AAVE/USDT:USDT,295.85,1000.0,295.76,3000.0,296.06,3000.0,296.07,3000.0
1753617304177,11:55:04.177,bitmex,AAVE/USDT:USDT,295.85,1000.0,295.77,3000.0,296.05,3000.0,296.06,3000.0
1753617304226,11:55:04.226,bitmex,AAVE/USDT:USDT,295.85,1000.0,295.77,3000.0,296.05,3000.0,296.06,3000.0
1753617304226,11:55:04.226,bitmex,AAVE/USDT:USDT,295.85,1000.0,295.77,3000.0,296.05,3000.0,296.06,3000.0
1753617304275,11:55:04.275,bitmex,AAVE/USDT:USDT,295.85,1000.0,295.77,3000.0,296.05,3000.0,296.06,3000.0
1753617304324,11:55:04.324,bitmex,AAVE/USDT:USDT,295.85,1000.0,295.76,3000.0,296.05,3000.0,296.06,3000.0
1753617304373,11:55:04.373,bitmex,AAVE/USDT:USDT,295.85,1000.0,295.77,3000.0,296.05,3000.0,296.06,3000.0
1753617304434,11:55:04.434,bitmex,AAVE/USDT:USDT,295.85,1000.0,295.76,3000.0,296.05,3000.0,296.06,3000.0
1753617304494,11:55:04.494,bitmex,AAVE/USDT:USDT,295.85,1000.0,295.77,3000.0,296.05,3000.0,296.06,3000.0
1753617304559,11:55:04.559,bitmex,AAVE/USDT:USDT,295.85,1000.0,295.76,3000.0,296.05,3000.0,296.06,3000.0
1753617304609,11:55:04.609,bitmex,AAVE/USDT:USDT,295.85,1000.0,295.76,3000.0,296.05,3000.0,296.06,3000.0
1753617304658,11:55:04.658,bitmex,AAVE/USDT:USDT,295.85,1000.0,295.77,3000.0,296.05,3000.0,296.06,3000.0
1753617304761,11:55:04.761,bitmex,AAVE/USDT:USDT,295.85,1000.0,295.76,3000.0,296.05,3000.0,296.06,3000.0
1753617304810,11:55:04.810,bitmex,AAVE/USDT:USDT,295.85,1000.0,295.76,3000.0,296.05,3000.0,296.06,3000.0
1753617304860,11:55:04.860,bitmex,AAVE/USDT:USDT,295.85,1000.0,295.76,3000.0,296.05,3000.0,296.3,3000.0
1753617304860,11:55:04.860,bitmex,AAVE/USDT:USDT,295.85,1000.0,295.76,3000.0,296.04,3000.0,296.05,3000.0
1753617304909,11:55:04.909,bitmex,AAVE/USDT:USDT,295.85,1000.0,295.75,3000.0,296.02,3000.0,296.03,3000.0
1753617304972,11:55:04.972,bitmex,AAVE/USDT:USDT,295.85,1000.0,295.75,3000.0,296.02,3000.0,296.03,3000.0
1753617305021,11:55:05.021,bitmex,AAVE/USDT:USDT,295.85,1000.0,295.74,3000.0,296.02,3000.0,296.03,3000.0
1753617305071,11:55:05.071,bitmex,AAVE/USDT:USDT,295.85,1000.0,295.71,3000.0,296.0,3000.0,296.01,3000.0
1753617305121,11:55:05.121,bitmex,AAVE/USDT:USDT,295.85,1000.0,295.68,3000.0,296.0,3000.0,296.01,3000.0
1753617305171,11:55:05.171,bitmex,AAVE/USDT:USDT,295.85,1000.0,295.68,3000.0,295.97,3000.0,295.98,3000.0
1753617305220,11:55:05.220,bitmex,AAVE/USDT:USDT,295.85,1000.0,295.68,3000.0,295.98,3000.0,295.99,3000.0
1753617305269,11:55:05.269,bitmex,AAVE/USDT:USDT,295.85,1000.0,295.68,3000.0,295.97,3000.0,295.98,3000.0
1753617305318,11:55:05.318,bitmex,AAVE/USDT:USDT,295.85,1000.0,295.67,3000.0,295.97,3000.0,295.98,3000.0
1753617305367,11:55:05.367,bitmex,AAVE/USDT:USDT,295.85,1000.0,295.67,3000.0,295.97,3000.0,295.98,3000.0
1753617305480,11:55:05.480,bitmex,AAVE/USDT:USDT,295.85,1000.0,295.68,3000.0,295.97,3000.0,295.98,3000.0
1753617306395,11:55:06.395,bitmex,AAVE/USDT:USDT,295.85,1000.0,295.68,3000.0,295.97,3000.0,295.98,3000.0
1753617306445,11:55:06.445,bitmex,AAVE/USDT:USDT,295.85,1000.0,295.68,3000.0,295.97,3000.0,295.98,3000.0
1753617307661,11:55:07.661,bitmex,AAVE/USDT:USDT,295.85,1000.0,295.68,3000.0,295.97,3000.0,295.98,3000.0
1753617307711,11:55:07.711,bitmex,AAVE/USDT:USDT,295.85,1000.0,295.68,3000.0,295.97,3000.0,295.98,3000.0
1753617307760,11:55:07.760,bitmex,AAVE/USDT:USDT,295.85,1000.0,295.69,3000.0,295.97,3000.0,295.98,3000.0
1753617307952,11:55:07.952,bitmex,AAVE/USDT:USDT,295.85,1000.0,295.69,3000.0,295.96,3000.0,295.97,3000.0
1753617308002,11:55:08.002,bitmex,AAVE/USDT:USDT,295.85,1000.0,295.69,3000.0,295.97,3000.0,295.98,3000.0
1753617308083,11:55:08.083,bitmex,AAVE/USDT:USDT,295.85,1000.0,295.69,3000.0,295.97,3000.0,295.98,3000.0
1753617308133,11:55:08.133,bitmex,AAVE/USDT:USDT,295.85,1000.0,295.69,3000.0,295.97,3000.0,295.98,3000.0
1753617308321,11:55:08.321,bitmex,AAVE/USDT:USDT,295.85,1000.0,295.68,3000.0,295.97,3000.0,295.98,3000.0
1753617308380,11:55:08.380,bitmex,AAVE/USDT:USDT,295.85,1000.0,295.69,3000.0,295.97,3000.0,295.98,3000.0
1753617308503,11:55:08.503,bitmex,AAVE/USDT:USDT,295.85,1000.0,295.69,3000.0,295.96,3000.0,295.97,3000.0
1753617308563,11:55:08.563,bitmex,AAVE/USDT:USDT,295.85,1000.0,295.69,3000.0,295.97,3000.0,295.98,3000.0
1753617308731,11:55:08.731,bitmex,AAVE/USDT:USDT,295.85,1000.0,295.69,3000.0,295.97,3000.0,295.98,3000.0
1753617308780,11:55:08.780,bitmex,AAVE/USDT:USDT,295.85,1000.0,295.69,3000.0,295.97,3000.0,295.98,3000.0
1753617308927,11:55:08.927,bitmex,AAVE/USDT:USDT,295.85,1000.0,295.69,3000.0,295.97,3000.0,295.98,3000.0
1753617308977,11:55:08.977,bitmex,AAVE/USDT:USDT,295.85,1000.0,295.69,3000.0,295.97,3000.0,295.98,3000.0
1753617309127,11:55:09.127,bitmex,AAVE/USDT:USDT,295.85,1000.0,295.69,3000.0,295.96,3000.0,295.97,3000.0
1753617309210,11:55:09.210,bitmex,AAVE/USDT:USDT,295.85,1000.0,295.69,3000.0,295.97,3000.0,295.98,3000.0
1753617309269,11:55:09.269,bitmex,AAVE/USDT:USDT,295.85,1000.0,295.69,3000.0,295.96,3000.0,295.97,3000.0
1753617309350,11:55:09.350,bitmex,AAVE/USDT:USDT,295.85,1000.0,295.69,3000.0,295.96,3000.0,295.97,3000.0
1753617309849,11:55:09.849,bitmex,AAVE/USDT:USDT,295.85,1000.0,295.69,3000.0,295.97,3000.0,295.98,3000.0
1753617309898,11:55:09.898,bitmex,AAVE/USDT:USDT,295.85,1000.0,295.69,3000.0,295.98,3000.0,295.99,3000.0
1753617309958,11:55:09.958,bitmex,AAVE/USDT:USDT,295.85,1000.0,295.68,3000.0,295.98,3000.0,295.99,3000.0
1753617310007,11:55:10.007,bitmex,AAVE/USDT:USDT,295.85,1000.0,295.69,3000.0,295.98,3000.0,295.99,3000.0
1753617310056,11:55:10.056,bitmex,AAVE/USDT:USDT,295.85,1000.0,295.68,3000.0,295.99,3000.0,296.0,3000.0
1753617310105,11:55:10.105,bitmex,AAVE/USDT:USDT,295.85,1000.0,295.68,3000.0,295.99,3000.0,296.0,3000.0
1753617310190,11:55:10.190,bitmex,AAVE/USDT:USDT,295.85,1000.0,295.69,3000.0,295.99,3000.0,296.0,3000.0
1753617310239,11:55:10.239,bitmex,AAVE/USDT:USDT,295.85,1000.0,295.69,3000.0,296.0,3000.0,296.01,3000.0
1753617310361,11:55:10.361,bitmex,AAVE/USDT:USDT,295.85,1000.0,295.68,3000.0,296.0,3000.0,296.01,3000.0
1753617310411,11:55:10.411,bitmex,AAVE/USDT:USDT,295.85,1000.0,295.68,3000.0,296.01,3000.0,296.02,3000.0
1753617310460,11:55:10.460,bitmex,AAVE/USDT:USDT,295.85,1000.0,295.69,3000.0,296.01,3000.0,296.02,3000.0
1753617310936,11:55:10.936,bitmex,AAVE/USDT:USDT,295.85,1000.0,295.69,3000.0,296.01,3000.0,296.02,3000.0
1753617311058,11:55:11.058,bitmex,AAVE/USDT:USDT,295.85,1000.0,295.69,3000.0,296.01,3000.0,296.02,3000.0
1753617311107,11:55:11.107,bitmex,AAVE/USDT:USDT,295.85,1000.0,295.69,3000.0,296.01,3000.0,296.02,3000.0
1753617311361,11:55:11.361,bitmex,AAVE/USDT:USDT,295.85,1000.0,295.68,3000.0,296.01,3000.0,296.02,3000.0
1753617311411,11:55:11.411,bitmex,AAVE/USDT:USDT,295.85,1000.0,295.68,3000.0,296.02,3000.0,296.03,3000.0
1753617311460,11:55:11.460,bitmex,AAVE/USDT:USDT,295.85,1000.0,295.69,3000.0,296.01,3000.0,296.02,3000.0
1753617312275,11:55:12.275,bitmex,AAVE/USDT:USDT,295.85,1000.0,295.69,3000.0,296.01,3000.0,296.02,3000.0
1753617312353,11:55:12.353,bitmex,AAVE/USDT:USDT,295.85,1000.0,295.69,3000.0,296.01,3000.0,296.02,3000.0
1753617313031,11:55:13.031,bitmex,AAVE/USDT:USDT,295.85,1000.0,295.69,3000.0,296.0,3000.0,296.01,3000.0
1753617313100,11:55:13.100,bitmex,AAVE/USDT:USDT,295.85,1000.0,295.69,3000.0,295.99,3000.0,296.0,3000.0
1753617313234,11:55:13.234,bitmex,AAVE/USDT:USDT,295.85,1000.0,295.68,3000.0,295.99,3000.0,296.0,3000.0
1753617313283,11:55:13.283,bitmex,AAVE/USDT:USDT,295.85,1000.0,295.69,3000.0,295.97,3000.0,295.98,3000.0
1753617313332,11:55:13.332,bitmex,AAVE/USDT:USDT,295.85,1000.0,295.69,3000.0,295.98,3000.0,295.99,3000.0
1753617313382,11:55:13.382,bitmex,AAVE/USDT:USDT,295.85,1000.0,295.69,3000.0,295.98,3000.0,295.99,3000.0
1753617313472,11:55:13.472,bitmex,AAVE/USDT:USDT,295.85,1000.0,295.69,3000.0,295.98,3000.0,295.99,3000.0
1753617313522,11:55:13.522,bitmex,AAVE/USDT:USDT,295.85,1000.0,295.69,3000.0,295.98,3000.0,295.99,3000.0
1753617313571,11:55:13.571,bitmex,AAVE/USDT:USDT,295.85,1000.0,295.69,3000.0,295.98,3000.0,295.99,3000.0
1753617313727,11:55:13.727,bitmex,AAVE/USDT:USDT,295.85,1000.0,295.69,3000.0,295.98,3000.0,295.99,3000.0
1753617313777,11:55:13.777,bitmex,AAVE/USDT:USDT,295.85,1000.0,295.69,3000.0,295.98,3000.0,295.99,3000.0
1753617314093,11:55:14.093,bitmex,AAVE/USDT:USDT,295.85,1000.0,295.69,3000.0,295.97,3000.0,295.98,3000.0
1753617314575,11:55:14.575,bitmex,AAVE/USDT:USDT,295.85,1000.0,295.69,3000.0,295.97,3000.0,295.98,3000.0
1753617314625,11:55:14.625,bitmex,AAVE/USDT:USDT,295.85,1000.0,295.69,3000.0,295.97,3000.0,295.98,3000.0
1753617315505,11:55:15.505,bitmex,AAVE/USDT:USDT,295.85,1000.0,295.69,3000.0,295.96,3000.0,295.97,3000.0
1753617316076,11:55:16.076,bitmex,AAVE/USDT:USDT,295.85,1000.0,295.69,3000.0,295.96,3000.0,295.97,3000.0
1753617316126,11:55:16.126,bitmex,AAVE/USDT:USDT,295.85,1000.0,295.69,3000.0,295.96,3000.0,295.97,3000.0
1753617316175,11:55:16.175,bitmex,AAVE/USDT:USDT,295.85,1000.0,295.69,3000.0,295.96,3000.0,295.97,3000.0
1753617316304,11:55:16.304,bitmex,AAVE/USDT:USDT,295.85,1000.0,295.69,3000.0,295.96,3000.0,295.97,3000.0
1753617316365,11:55:16.365,bitmex,AAVE/USDT:USDT,295.85,1000.0,295.69,3000.0,295.96,3000.0,295.97,3000.0
1753617316414,11:55:16.414,bitmex,AAVE/USDT:USDT,295.85,1000.0,295.68,3000.0,295.96,3000.0,295.97,3000.0
1753617316764,11:55:16.764,bitmex,AAVE/USDT:USDT,295.85,1000.0,295.67,3000.0,295.96,3000.0,295.97,3000.0
1753617316814,11:55:16.814,bitmex,AAVE/USDT:USDT,295.85,1000.0,295.63,3000.0,295.92,3000.0,295.95,3000.0
1753617316863,11:55:16.863,bitmex,AAVE/USDT:USDT,295.85,1000.0,295.63,3000.0,295.91,3000.0,295.92,3000.0
1753617316982,11:55:16.982,bitmex,AAVE/USDT:USDT,295.85,1000.0,295.63,3000.0,295.91,3000.0,295.92,3000.0
1753617317031,11:55:17.031,bitmex,AAVE/USDT:USDT,295.85,1000.0,295.63,3000.0,295.92,3000.0,295.93,3000.0
1753617317080,11:55:17.080,bitmex,AAVE/USDT:USDT,295.85,1000.0,295.63,3000.0,295.92,3000.0,295.93,3000.0
1753617317129,11:55:17.129,bitmex,AAVE/USDT:USDT,295.85,1000.0,295.63,3000.0,295.92,3000.0,295.93,3000.0
1753617317178,11:55:17.178,bitmex,AAVE/USDT:USDT,295.85,1000.0,295.63,3000.0,295.91,3000.0,295.92,3000.0
1753617317227,11:55:17.227,bitmex,AAVE/USDT:USDT,295.85,1000.0,295.65,3000.0,295.93,3000.0,295.94,3000.0
1753617317364,11:55:17.364,bitmex,AAVE/USDT:USDT,295.85,1000.0,295.64,3000.0,295.93,3000.0,295.94,3000.0
1753617317414,11:55:17.414,bitmex,AAVE/USDT:USDT,295.85,1000.0,295.64,3000.0,295.92,3000.0,295.93,3000.0
1753617318114,11:55:18.114,bitmex,AAVE/USDT:USDT,295.85,1000.0,295.64,3000.0,295.92,3000.0,295.93,3000.0
1753617318174,11:55:18.174,bitmex,AAVE/USDT:USDT,295.85,1000.0,295.64,3000.0,295.92,3000.0,295.93,3000.0
1753617318224,11:55:18.224,bitmex,AAVE/USDT:USDT,295.85,1000.0,295.64,3000.0,295.92,3000.0,295.93,3000.0
1753617318527,11:55:18.527,bitmex,AAVE/USDT:USDT,295.85,1000.0,295.64,3000.0,295.92,3000.0,295.93,3000.0
1753617318576,11:55:18.576,bitmex,AAVE/USDT:USDT,295.85,1000.0,295.64,3000.0,295.92,3000.0,295.93,3000.0
1753617318888,11:55:18.888,bitmex,AAVE/USDT:USDT,295.85,1000.0,295.63,3000.0,295.92,3000.0,295.93,3000.0
1753617319201,11:55:19.201,bitmex,AAVE/USDT:USDT,295.85,1000.0,295.64,3000.0,295.92,3000.0,295.93,3000.0
1753617319250,11:55:19.250,bitmex,AAVE/USDT:USDT,295.85,1000.0,295.63,3000.0,295.92,3000.0,295.93,3000.0
1753617319299,11:55:19.299,bitmex,AAVE/USDT:USDT,295.85,1000.0,295.62,3000.0,295.91,3000.0,295.92,3000.0
1753617319348,11:55:19.348,bitmex,AAVE/USDT:USDT,295.85,1000.0,295.62,3000.0,295.91,3000.0,295.92,3000.0
1753617319397,11:55:19.397,bitmex,AAVE/USDT:USDT,295.85,1000.0,295.62,3000.0,295.91,3000.0,295.92,3000.0
1753617319446,11:55:19.446,bitmex,AAVE/USDT:USDT,295.85,1000.0,295.62,3000.0,295.91,3000.0,295.92,3000.0
1753617319495,11:55:19.495,bitmex,AAVE/USDT:USDT,295.85,1000.0,295.62,3000.0,295.91,3000.0,295.92,3000.0
1753617319782,11:55:19.782,bitmex,AAVE/USDT:USDT,295.85,1000.0,295.62,3000.0,295.91,3000.0,295.92,3000.0
1753617319831,11:55:19.831,bitmex,AAVE/USDT:USDT,295.85,1000.0,295.62,3000.0,295.91,3000.0,295.92,3000.0
1753617319880,11:55:19.880,bitmex,AAVE/USDT:USDT,295.6,4000.0,295.59,3000.0,295.88,3000.0,295.89,3000.0
1753617319929,11:55:19.929,bitmex,AAVE/USDT:USDT,295.6,1000.0,295.59,3000.0,295.87,3000.0,295.88,3000.0
1753617319979,11:55:19.979,bitmex,AAVE/USDT:USDT,295.6,1000.0,295.57,3000.0,295.87,3000.0,295.88,3000.0
1753617320028,11:55:20.028,bitmex,AAVE/USDT:USDT,295.6,1000.0,295.56,3000.0,295.85,3000.0,295.86,3000.0
1753617320081,11:55:20.081,bitmex,AAVE/USDT:USDT,295.6,1000.0,295.56,3000.0,295.84,3000.0,295.85,3000.0
1753617320130,11:55:20.130,bitmex,AAVE/USDT:USDT,295.6,1000.0,295.55,3000.0,295.84,3000.0,295.85,3000.0
1753617320180,11:55:20.180,bitmex,AAVE/USDT:USDT,295.6,1000.0,295.55,3000.0,295.84,3000.0,295.85,3000.0
1753617320237,11:55:20.237,bitmex,AAVE/USDT:USDT,295.6,1000.0,295.54,3000.0,295.84,3000.0,295.85,3000.0
1753617320287,11:55:20.287,bitmex,AAVE/USDT:USDT,295.6,1000.0,295.54,3000.0,295.82,3000.0,295.83,3000.0
1753617320336,11:55:20.336,bitmex,AAVE/USDT:USDT,295.6,1000.0,295.53,3000.0,295.82,3000.0,295.83,3000.0
1753617320386,11:55:20.386,bitmex,AAVE/USDT:USDT,295.6,1000.0,295.53,3000.0,295.81,3000.0,295.82,3000.0
1753617320472,11:55:20.472,bitmex,AAVE/USDT:USDT,295.6,1000.0,295.53,3000.0,295.8,3000.0,295.81,3000.0
1753617320522,11:55:20.522,bitmex,AAVE/USDT:USDT,295.6,1000.0,295.52,3000.0,295.81,3000.0,295.82,3000.0
1753617320571,11:55:20.571,bitmex,AAVE/USDT:USDT,295.6,1000.0,295.53,3000.0,295.81,3000.0,295.82,3000.0
1753617320620,11:55:20.620,bitmex,AAVE/USDT:USDT,295.6,1000.0,295.53,3000.0,295.81,3000.0,295.82,3000.0
1753617320669,11:55:20.669,bitmex,AAVE/USDT:USDT,295.6,1000.0,295.53,3000.0,295.81,3000.0,295.82,3000.0
1753617320718,11:55:20.718,bitmex,AAVE/USDT:USDT,295.6,1000.0,295.52,3000.0,295.81,3000.0,295.82,3000.0
1753617320936,11:55:20.936,bitmex,AAVE/USDT:USDT,295.6,1000.0,295.5,3000.0,295.79,3000.0,295.8,3000.0
1753617321032,11:55:21.032,bitmex,AAVE/USDT:USDT,295.6,1000.0,295.51,3000.0,295.79,3000.0,295.8,3000.0
1753617321081,11:55:21.081,bitmex,AAVE/USDT:USDT,295.6,1000.0,295.5,3000.0,295.79,3000.0,295.8,3000.0
1753617321166,11:55:21.166,bitmex,AAVE/USDT:USDT,295.6,1000.0,295.51,3000.0,295.79,3000.0,295.8,3000.0
1753617321216,11:55:21.216,bitmex,AAVE/USDT:USDT,295.6,1000.0,295.51,3000.0,295.79,3000.0,295.8,3000.0
1753617321265,11:55:21.265,bitmex,AAVE/USDT:USDT,295.6,1000.0,295.5,3000.0,295.79,3000.0,295.8,3000.0
1753617321328,11:55:21.328,bitmex,AAVE/USDT:USDT,295.6,1000.0,295.5,3000.0,295.78,3000.0,295.79,3000.0
1753617321377,11:55:21.377,bitmex,AAVE/USDT:USDT,295.6,1000.0,295.51,3000.0,295.79,3000.0,295.8,3000.0
1753617321426,11:55:21.426,bitmex,AAVE/USDT:USDT,295.6,1000.0,295.5,3000.0,295.79,3000.0,295.8,3000.0
1753617321908,11:55:21.908,bitmex,AAVE/USDT:USDT,295.6,1000.0,295.5,3000.0,295.79,3000.0,295.8,3000.0
1753617321957,11:55:21.957,bitmex,AAVE/USDT:USDT,295.6,1000.0,295.5,3000.0,295.79,3000.0,295.8,3000.0
1753617322006,11:55:22.006,bitmex,AAVE/USDT:USDT,295.6,1000.0,295.5,3000.0,295.79,3000.0,295.8,3000.0
1753617322006,11:55:22.006,bitmex,AAVE/USDT:USDT,295.6,1000.0,295.5,3000.0,295.79,3000.0,295.8,3000.0
1753617322292,11:55:22.292,bitmex,AAVE/USDT:USDT,295.6,1000.0,295.49,3000.0,295.79,3000.0,295.8,3000.0
1753617322342,11:55:22.342,bitmex,AAVE/USDT:USDT,295.6,1000.0,295.49,3000.0,295.78,3000.0,295.79,3000.0
1753617322414,11:55:22.414,bitmex,AAVE/USDT:USDT,295.6,1000.0,295.49,3000.0,295.79,3000.0,295.8,3000.0
1753617322891,11:55:22.891,bitmex,AAVE/USDT:USDT,295.6,1000.0,295.49,3000.0,295.8,3000.0,295.81,3000.0
1753617322940,11:55:22.940,bitmex,AAVE/USDT:USDT,295.6,1000.0,295.48,3000.0,295.8,3000.0,295.81,3000.0
1753617322989,11:55:22.989,bitmex,AAVE/USDT:USDT,295.6,1000.0,295.48,3000.0,295.8,3000.0,295.81,3000.0
1753617323038,11:55:23.038,bitmex,AAVE/USDT:USDT,295.6,1000.0,295.49,3000.0,295.79,3000.0,295.8,3000.0
1753617323232,11:55:23.232,bitmex,AAVE/USDT:USDT,295.6,1000.0,295.48,3000.0,295.79,3000.0,295.8,3000.0
1753617323770,11:55:23.770,bitmex,AAVE/USDT:USDT,295.6,1000.0,295.49,3000.0,295.79,3000.0,295.8,3000.0
1753617323820,11:55:23.820,bitmex,AAVE/USDT:USDT,295.6,1000.0,295.48,3000.0,295.8,3000.0,295.81,3000.0
1753617324067,11:55:24.067,bitmex,AAVE/USDT:USDT,295.6,1000.0,295.48,3000.0,295.8,3000.0,295.81,3000.0
1753617324116,11:55:24.116,bitmex,AAVE/USDT:USDT,295.6,1000.0,295.48,3000.0,295.8,3000.0,295.81,3000.0
1753617324330,11:55:24.330,bitmex,AAVE/USDT:USDT,295.6,1000.0,295.48,3000.0,295.81,3000.0,295.82,3000.0
1753617324379,11:55:24.379,bitmex,AAVE/USDT:USDT,295.6,1000.0,295.53,3000.0,295.82,3000.0,295.83,3000.0
1753617324429,11:55:24.429,bitmex,AAVE/USDT:USDT,295.6,1000.0,295.52,3000.0,295.85,3000.0,295.86,3000.0
1753617324478,11:55:24.478,bitmex,AAVE/USDT:USDT,295.6,1000.0,295.52,3000.0,295.85,3000.0,295.86,3000.0
1753617324527,11:55:24.527,bitmex,AAVE/USDT:USDT,295.6,1000.0,295.55,3000.0,295.85,3000.0,295.86,3000.0
1753617324576,11:55:24.576,bitmex,AAVE/USDT:USDT,295.6,1000.0,295.55,3000.0,295.85,3000.0,295.86,3000.0
1753617324640,11:55:24.640,bitmex,AAVE/USDT:USDT,295.6,1000.0,295.55,3000.0,295.84,3000.0,295.85,3000.0
1753617324711,11:55:24.711,bitmex,AAVE/USDT:USDT,295.6,1000.0,295.55,3000.0,295.85,3000.0,296.07,3000.0
1753617324711,11:55:24.711,bitmex,AAVE/USDT:USDT,295.6,1000.0,295.55,3000.0,295.85,3000.0,295.86,3000.0
1753617324760,11:55:24.760,bitmex,AAVE/USDT:USDT,295.6,1000.0,295.54,3000.0,295.87,3000.0,295.88,3000.0
1753617324809,11:55:24.809,bitmex,AAVE/USDT:USDT,295.6,1000.0,295.55,3000.0,295.87,3000.0,295.88,3000.0
1753617324871,11:55:24.871,bitmex,AAVE/USDT:USDT,295.6,1000.0,295.55,3000.0,295.86,3000.0,295.87,3000.0
1753617325018,11:55:25.018,bitmex,AAVE/USDT:USDT,295.6,1000.0,295.55,3000.0,295.86,3000.0,295.87,3000.0
1753617325067,11:55:25.067,bitmex,AAVE/USDT:USDT,295.6,1000.0,295.56,3000.0,295.9,3000.0,295.91,3000.0
1753617325127,11:55:25.127,bitmex,AAVE/USDT:USDT,295.6,1000.0,295.58,3000.0,295.9,3000.0,295.91,3000.0
1753617325177,11:55:25.177,bitmex,AAVE/USDT:USDT,295.6,1000.0,295.58,3000.0,295.9,3000.0,295.91,3000.0
1753617325265,11:55:25.265,bitmex,AAVE/USDT:USDT,295.6,1000.0,295.58,3000.0,295.9,3000.0,295.91,3000.0
1753617325315,11:55:25.315,bitmex,AAVE/USDT:USDT,295.6,1000.0,295.58,3000.0,295.91,3000.0,295.92,3000.0
1753617325364,11:55:25.364,bitmex,AAVE/USDT:USDT,295.6,1000.0,295.59,3000.0,295.88,3000.0,295.89,3000.0
1753617325413,11:55:25.413,bitmex,AAVE/USDT:USDT,295.6,1000.0,295.45,729000.0,295.88,3000.0,295.89,3000.0
1753617325413,11:55:25.413,bitmex,AAVE/USDT:USDT,295.6,1000.0,295.56,3000.0,295.88,3000.0,295.89,3000.0
1753617325462,11:55:25.462,bitmex,AAVE/USDT:USDT,295.6,1000.0,295.56,3000.0,295.85,3000.0,295.86,3000.0
1753617325539,11:55:25.539,bitmex,AAVE/USDT:USDT,295.6,1000.0,295.56,3000.0,295.84,3000.0,295.85,3000.0
1753617325671,11:55:25.671,bitmex,AAVE/USDT:USDT,295.6,1000.0,295.56,3000.0,295.85,3000.0,295.86,3000.0
1753617325760,11:55:25.760,bitmex,AAVE/USDT:USDT,295.6,1000.0,295.56,3000.0,295.84,3000.0,295.85,3000.0
1753617326008,11:55:26.008,bitmex,AAVE/USDT:USDT,295.6,1000.0,295.56,3000.0,295.84,3000.0,295.85,3000.0
1753617326057,11:55:26.057,bitmex,AAVE/USDT:USDT,295.6,1000.0,295.56,3000.0,295.84,3000.0,295.85,3000.0
1753617326413,11:55:26.413,bitmex,AAVE/USDT:USDT,295.6,1000.0,295.56,3000.0,295.83,3000.0,295.84,3000.0
1753617326463,11:55:26.463,bitmex,AAVE/USDT:USDT,295.6,1000.0,295.55,3000.0,295.83,3000.0,295.84,3000.0
1753617326512,11:55:26.512,bitmex,AAVE/USDT:USDT,295.6,1000.0,295.54,3000.0,295.83,3000.0,295.84,3000.0
1753617326561,11:55:26.561,bitmex,AAVE/USDT:USDT,295.6,1000.0,295.54,3000.0,295.82,3000.0,295.83,3000.0
1753617326610,11:55:26.610,bitmex,AAVE/USDT:USDT,295.6,1000.0,295.54,3000.0,295.82,3000.0,295.83,3000.0
1753617326948,11:55:26.948,bitmex,AAVE/USDT:USDT,295.6,1000.0,295.54,3000.0,295.82,3000.0,295.83,3000.0
1753617327253,11:55:27.253,bitmex,AAVE/USDT:USDT,295.6,1000.0,295.54,3000.0,295.81,3000.0,295.82,3000.0
1753617327302,11:55:27.302,bitmex,AAVE/USDT:USDT,295.6,1000.0,295.54,3000.0,295.82,3000.0,295.83,3000.0
1753617327895,11:55:27.895,bitmex,AAVE/USDT:USDT,295.6,1000.0,295.54,3000.0,295.82,3000.0,295.83,3000.0
1753617327945,11:55:27.945,bitmex,AAVE/USDT:USDT,295.6,1000.0,295.54,3000.0,295.82,3000.0,295.83,3000.0
1753617328784,11:55:28.784,bitmex,AAVE/USDT:USDT,295.6,1000.0,295.54,3000.0,295.82,3000.0,295.83,3000.0
1753617328833,11:55:28.833,bitmex,AAVE/USDT:USDT,295.6,1000.0,295.54,3000.0,295.82,3000.0,295.83,3000.0
1753617329329,11:55:29.329,bitmex,AAVE/USDT:USDT,295.6,1000.0,295.54,3000.0,295.82,3000.0,295.83,3000.0
1753617329378,11:55:29.378,bitmex,AAVE/USDT:USDT,295.6,1000.0,295.54,3000.0,295.82,3000.0,295.83,3000.0
1753617329916,11:55:29.916,bitmex,AAVE/USDT:USDT,295.6,1000.0,295.54,3000.0,295.82,3000.0,295.83,3000.0
1753617329966,11:55:29.966,bitmex,AAVE/USDT:USDT,295.6,1000.0,295.53,3000.0,295.81,3000.0,295.82,3000.0
1753617330015,11:55:30.015,bitmex,AAVE/USDT:USDT,295.6,1000.0,295.5,3000.0,295.8,3000.0,295.81,3000.0
1753617330064,11:55:30.064,bitmex,AAVE/USDT:USDT,295.6,1000.0,295.51,3000.0,295.79,3000.0,295.8,3000.0
1753617330113,11:55:30.113,bitmex,AAVE/USDT:USDT,295.6,1000.0,295.5,3000.0,295.79,3000.0,295.8,3000.0
1753617330648,11:55:30.648,bitmex,AAVE/USDT:USDT,295.6,1000.0,295.51,3000.0,295.79,3000.0,295.8,3000.0
1753617330697,11:55:30.697,bitmex,AAVE/USDT:USDT,295.6,1000.0,295.5,3000.0,295.79,3000.0,295.8,3000.0
1753617330942,11:55:30.942,bitmex,AAVE/USDT:USDT,295.6,1000.0,295.5,3000.0,295.78,3000.0,295.79,3000.0
1753617331164,11:55:31.164,bitmex,AAVE/USDT:USDT,295.6,1000.0,295.5,3000.0,295.78,3000.0,295.79,3000.0
1753617331213,11:55:31.213,bitmex,AAVE/USDT:USDT,295.6,1000.0,295.5,3000.0,295.78,3000.0,295.79,3000.0
1753617331213,11:55:31.213,bitmex,AAVE/USDT:USDT,295.6,1000.0,295.5,3000.0,295.78,3000.0,295.79,3000.0
1753617331901,11:55:31.901,bitmex,AAVE/USDT:USDT,295.6,1000.0,295.5,3000.0,295.79,3000.0,295.8,3000.0
1753617332176,11:55:32.176,bitmex,AAVE/USDT:USDT,295.6,1000.0,295.5,3000.0,295.79,3000.0,295.8,3000.0
1753617332235,11:55:32.235,bitmex,AAVE/USDT:USDT,295.6,1000.0,295.5,3000.0,295.79,3000.0,295.8,3000.0
1753617332285,11:55:32.285,bitmex,AAVE/USDT:USDT,295.6,1000.0,295.5,3000.0,295.79,3000.0,295.8,3000.0
1753617332334,11:55:32.334,bitmex,AAVE/USDT:USDT,295.6,1000.0,295.5,3000.0,295.79,3000.0,295.8,3000.0
1753617332601,11:55:32.601,bitmex,AAVE/USDT:USDT,295.6,1000.0,295.5,3000.0,295.79,3000.0,295.8,3000.0
1753617332949,11:55:32.949,bitmex,AAVE/USDT:USDT,295.6,1000.0,295.5,3000.0,295.79,3000.0,295.8,3000.0
1753617332999,11:55:32.999,bitmex,AAVE/USDT:USDT,295.6,1000.0,295.5,3000.0,295.79,3000.0,295.8,3000.0
1753617333336,11:55:33.336,bitmex,AAVE/USDT:USDT,295.6,1000.0,295.5,3000.0,295.79,3000.0,295.8,3000.0
1753617333386,11:55:33.386,bitmex,AAVE/USDT:USDT,295.6,1000.0,295.5,3000.0,295.79,3000.0,295.8,3000.0
1753617333435,11:55:33.435,bitmex,AAVE/USDT:USDT,295.6,1000.0,295.5,3000.0,295.79,3000.0,295.8,3000.0
1753617334716,11:55:34.716,bitmex,AAVE/USDT:USDT,295.6,1000.0,295.5,3000.0,295.79,3000.0,295.8,3000.0
1753617334783,11:55:34.783,bitmex,AAVE/USDT:USDT,295.6,1000.0,295.5,3000.0,295.78,3000.0,295.79,3000.0
1753617334833,11:55:34.833,bitmex,AAVE/USDT:USDT,295.6,1000.0,295.47,3000.0,295.76,3000.0,295.77,3000.0
1753617334882,11:55:34.882,bitmex,AAVE/USDT:USDT,295.6,1000.0,295.47,3000.0,295.77,3000.0,295.78,3000.0
1753617335311,11:55:35.311,bitmex,AAVE/USDT:USDT,295.6,1000.0,295.47,3000.0,295.78,3000.0,295.79,3000.0
1753617335361,11:55:35.361,bitmex,AAVE/USDT:USDT,295.6,1000.0,295.49,3000.0,295.78,3000.0,295.79,3000.0
1753617335410,11:55:35.410,bitmex,AAVE/USDT:USDT,295.6,1000.0,295.49,3000.0,295.79,3000.0,295.8,3000.0
1753617335638,11:55:35.638,bitmex,AAVE/USDT:USDT,295.6,1000.0,295.48,3000.0,295.79,3000.0,295.8,3000.0
1753617335687,11:55:35.687,bitmex,AAVE/USDT:USDT,295.6,1000.0,295.48,3000.0,295.78,3000.0,295.79,3000.0
1753617335736,11:55:35.736,bitmex,AAVE/USDT:USDT,295.6,1000.0,295.48,3000.0,295.78,3000.0,295.79,3000.0
1753617335793,11:55:35.793,bitmex,AAVE/USDT:USDT,295.6,1000.0,295.48,3000.0,295.78,3000.0,295.79,3000.0
1753617335843,11:55:35.843,bitmex,AAVE/USDT:USDT,295.6,1000.0,295.48,3000.0,295.78,3000.0,295.79,3000.0
1753617336615,11:55:36.615,bitmex,AAVE/USDT:USDT,295.6,1000.0,295.47,3000.0,295.78,3000.0,295.79,3000.0
1753617337037,11:55:37.037,bitmex,AAVE/USDT:USDT,295.6,1000.0,295.47,3000.0,295.78,3000.0,295.79,3000.0
1753617337086,11:55:37.086,bitmex,AAVE/USDT:USDT,295.6,1000.0,295.47,3000.0,295.78,3000.0,295.79,3000.0
1753617337269,11:55:37.269,bitmex,AAVE/USDT:USDT,295.6,1000.0,295.47,3000.0,295.77,3000.0,295.78,3000.0
1753617338020,11:55:38.020,bitmex,AAVE/USDT:USDT,295.6,1000.0,295.47,3000.0,295.77,3000.0,295.78,3000.0
1753617338069,11:55:38.069,bitmex,AAVE/USDT:USDT,295.6,1000.0,295.47,3000.0,295.77,3000.0,295.78,3000.0
1753617338253,11:55:38.253,bitmex,AAVE/USDT:USDT,295.6,1000.0,295.47,3000.0,295.76,3000.0,295.77,3000.0
1753617338303,11:55:38.303,bitmex,AAVE/USDT:USDT,295.6,1000.0,295.47,3000.0,295.77,3000.0,295.78,3000.0
1753617338598,11:55:38.598,bitmex,AAVE/USDT:USDT,295.6,1000.0,295.47,3000.0,295.76,3000.0,295.77,3000.0
1753617339352,11:55:39.352,bitmex,AAVE/USDT:USDT,295.6,1000.0,295.47,3000.0,295.76,3000.0,295.77,3000.0
1753617339402,11:55:39.402,bitmex,AAVE/USDT:USDT,295.6,1000.0,295.47,3000.0,295.76,3000.0,295.77,3000.0
1753617340528,11:55:40.528,bitmex,AAVE/USDT:USDT,295.6,1000.0,295.47,3000.0,295.76,3000.0,295.77,3000.0
1753617340577,11:55:40.577,bitmex,AAVE/USDT:USDT,295.6,1000.0,295.47,3000.0,295.76,3000.0,295.77,3000.0
1753617340626,11:55:40.626,bitmex,AAVE/USDT:USDT,295.6,1000.0,295.47,3000.0,295.76,3000.0,295.77,3000.0
1753617341318,11:55:41.318,bitmex,AAVE/USDT:USDT,295.6,1000.0,295.47,3000.0,295.76,3000.0,295.77,3000.0
1753617341631,11:55:41.631,bitmex,AAVE/USDT:USDT,295.6,1000.0,295.47,3000.0,295.76,3000.0,295.77,3000.0
1753617341631,11:55:41.631,bitmex,AAVE/USDT:USDT,295.6,1000.0,295.47,3000.0,295.76,3000.0,295.77,3000.0
1753617341681,11:55:41.681,bitmex,AAVE/USDT:USDT,295.6,1000.0,295.47,3000.0,295.76,3000.0,295.77,3000.0
