timestamp,time,exchange,symbol,bid1_price,bid1_volume,bid2_price,bid2_volume,ask1_price,ask1_volume,ask2_price,ask2_volume
1753617156674,11:52:36.674,bybit,ACH/USDT:USDT,0.02291,6800.0,0.022908,880.0,0.022911,220.0,0.022915,250.0
1753617156774,11:52:36.774,bybit,ACH/USDT:USDT,0.02291,6800.0,0.022908,880.0,0.022911,220.0,0.022915,250.0
1753617157075,11:52:37.075,bybit,ACH/USDT:USDT,0.02291,6470.0,0.022908,880.0,0.022911,220.0,0.022915,250.0
1753617159175,11:52:39.175,bybit,ACH/USDT:USDT,0.02291,6470.0,0.022908,880.0,0.022911,220.0,0.022915,250.0
1753617160674,11:52:40.674,bybit,ACH/USDT:USDT,0.02291,6470.0,0.022908,880.0,0.022911,220.0,0.022915,250.0
1753617162275,11:52:42.275,bybit,ACH/USDT:USDT,0.02291,9720.0,0.022908,1520.0,0.022911,220.0,0.022915,250.0
1753617162874,11:52:42.874,bybit,ACH/USDT:USDT,0.02291,9720.0,0.022909,640.0,0.022911,220.0,0.022915,250.0
1753617163075,11:52:43.075,bybit,ACH/USDT:USDT,0.02291,9720.0,0.022909,640.0,0.022911,220.0,0.022915,250.0
1753617163573,11:52:43.573,bybit,ACH/USDT:USDT,0.022919,1090.0,0.022914,740.0,0.02292,240.0,0.022925,1310.0
1753617163775,11:52:43.775,bybit,ACH/USDT:USDT,0.022919,1090.0,0.022914,740.0,0.02292,240.0,0.022925,1310.0
1753617163875,11:52:43.875,bybit,ACH/USDT:USDT,0.022919,1090.0,0.022914,740.0,0.02292,240.0,0.022925,1310.0
1753617163974,11:52:43.974,bybit,ACH/USDT:USDT,0.022919,1090.0,0.022914,740.0,0.02292,240.0,0.022925,1310.0
1753617164075,11:52:44.075,bybit,ACH/USDT:USDT,0.022919,1090.0,0.022914,740.0,0.02292,240.0,0.022925,1310.0
1753617164575,11:52:44.575,bybit,ACH/USDT:USDT,0.022919,1090.0,0.022914,740.0,0.02292,240.0,0.022925,1310.0
1753617164675,11:52:44.675,bybit,ACH/USDT:USDT,0.022919,1090.0,0.022914,740.0,0.02292,240.0,0.022925,1310.0
1753617165073,11:52:45.073,bybit,ACH/USDT:USDT,0.022919,1090.0,0.022914,740.0,0.02292,240.0,0.022925,1310.0
1753617165474,11:52:45.474,bybit,ACH/USDT:USDT,0.022919,1830.0,0.022917,590.0,0.02292,240.0,0.022925,1310.0
1753617165673,11:52:45.673,bybit,ACH/USDT:USDT,0.022919,1830.0,0.022917,590.0,0.02292,240.0,0.022925,1310.0
1753617165773,11:52:45.773,bybit,ACH/USDT:USDT,0.022919,1830.0,0.022917,590.0,0.02292,240.0,0.022925,1310.0
1753617165873,11:52:45.873,bybit,ACH/USDT:USDT,0.022919,1830.0,0.022917,590.0,0.02292,240.0,0.022925,1310.0
1753617166075,11:52:46.075,bybit,ACH/USDT:USDT,0.022919,1830.0,0.022917,590.0,0.02292,240.0,0.022925,1310.0
1753617166175,11:52:46.175,bybit,ACH/USDT:USDT,0.022919,1830.0,0.022917,590.0,0.02292,240.0,0.022925,1310.0
1753617166474,11:52:46.474,bybit,ACH/USDT:USDT,0.022919,1830.0,0.022917,590.0,0.02292,340.0,0.022925,1310.0
1753617166573,11:52:46.573,bybit,ACH/USDT:USDT,0.022919,1830.0,0.022917,590.0,0.02292,340.0,0.022925,1310.0
1753617166676,11:52:46.676,bybit,ACH/USDT:USDT,0.022919,1830.0,0.022917,590.0,0.02292,340.0,0.022925,1310.0
1753617166975,11:52:46.975,bybit,ACH/USDT:USDT,0.022919,1830.0,0.022917,590.0,0.02292,340.0,0.022925,1310.0
1753617167074,11:52:47.074,bybit,ACH/USDT:USDT,0.022919,1830.0,0.022917,590.0,0.02292,340.0,0.022925,1310.0
1753617167574,11:52:47.574,bybit,ACH/USDT:USDT,0.022919,1830.0,0.022917,590.0,0.02292,340.0,0.022925,1310.0
1753617167775,11:52:47.775,bybit,ACH/USDT:USDT,0.022919,1830.0,0.022917,590.0,0.02292,340.0,0.022925,1310.0
1753617168174,11:52:48.174,bybit,ACH/USDT:USDT,0.022919,1830.0,0.022917,590.0,0.02292,340.0,0.022925,1310.0
1753617168474,11:52:48.474,bybit,ACH/USDT:USDT,0.022919,1830.0,0.022917,590.0,0.02292,340.0,0.022925,1310.0
1753617168574,11:52:48.574,bybit,ACH/USDT:USDT,0.022919,1830.0,0.022917,590.0,0.02292,340.0,0.022925,1310.0
1753617168775,11:52:48.775,bybit,ACH/USDT:USDT,0.022919,1830.0,0.022917,590.0,0.02292,340.0,0.022925,1310.0
1753617168975,11:52:48.975,bybit,ACH/USDT:USDT,0.022924,1970.0,0.022922,880.0,0.022925,240.0,0.02293,1310.0
1753617169075,11:52:49.075,bybit,ACH/USDT:USDT,0.022924,1970.0,0.022922,880.0,0.022925,240.0,0.02293,1310.0
1753617169175,11:52:49.175,bybit,ACH/USDT:USDT,0.022924,1970.0,0.022922,880.0,0.022925,240.0,0.02293,1310.0
1753617169275,11:52:49.275,bybit,ACH/USDT:USDT,0.022924,1970.0,0.022922,880.0,0.022925,240.0,0.02293,1310.0
1753617169673,11:52:49.673,bybit,ACH/USDT:USDT,0.022924,1970.0,0.022922,880.0,0.022925,240.0,0.02293,1310.0
1753617170274,11:52:50.274,bybit,ACH/USDT:USDT,0.022924,1970.0,0.022922,880.0,0.022925,240.0,0.02293,1310.0
1753617170474,11:52:50.474,bybit,ACH/USDT:USDT,0.022924,1970.0,0.022922,880.0,0.022925,240.0,0.02293,1310.0
1753617170575,11:52:50.575,bybit,ACH/USDT:USDT,0.022924,1970.0,0.022922,880.0,0.022925,240.0,0.02293,1310.0
1753617170676,11:52:50.676,bybit,ACH/USDT:USDT,0.022924,1970.0,0.022922,880.0,0.022925,240.0,0.02293,1310.0
1753617170775,11:52:50.775,bybit,ACH/USDT:USDT,0.022924,2710.0,0.022922,1470.0,0.022925,240.0,0.02293,1310.0
1753617170874,11:52:50.874,bybit,ACH/USDT:USDT,0.022924,1090.0,0.022922,590.0,0.022925,240.0,0.02293,1310.0
1753617170975,11:52:50.975,bybit,ACH/USDT:USDT,0.022924,1090.0,0.022922,590.0,0.022925,240.0,0.02293,1310.0
1753617171573,11:52:51.573,bybit,ACH/USDT:USDT,0.022924,1090.0,0.022922,590.0,0.022925,240.0,0.02293,1310.0
1753617171974,11:52:51.974,bybit,ACH/USDT:USDT,0.022924,1090.0,0.022923,880.0,0.022925,240.0,0.02293,240.0
1753617172075,11:52:52.075,bybit,ACH/USDT:USDT,0.022924,1090.0,0.022923,880.0,0.022925,240.0,0.02293,240.0
1753617172176,11:52:52.176,bybit,ACH/USDT:USDT,0.022924,1090.0,0.022923,880.0,0.022925,240.0,0.02293,240.0
1753617172975,11:52:52.975,bybit,ACH/USDT:USDT,0.022924,1090.0,0.022922,590.0,0.022925,240.0,0.02293,240.0
1753617173375,11:52:53.375,bybit,ACH/USDT:USDT,0.022924,1090.0,0.022922,590.0,0.022925,240.0,0.02293,240.0
1753617173677,11:52:53.677,bybit,ACH/USDT:USDT,0.022924,1090.0,0.022922,590.0,0.022925,240.0,0.02293,240.0
1753617173773,11:52:53.773,bybit,ACH/USDT:USDT,0.022924,1090.0,0.022922,590.0,0.022925,240.0,0.02293,240.0
1753617173873,11:52:53.873,bybit,ACH/USDT:USDT,0.022924,1090.0,0.022922,590.0,0.022925,240.0,0.02293,240.0
1753617174075,11:52:54.075,bybit,ACH/USDT:USDT,0.022924,1090.0,0.022922,590.0,0.022925,240.0,0.02293,240.0
1753617174175,11:52:54.175,bybit,ACH/USDT:USDT,0.022924,1090.0,0.022922,590.0,0.022925,240.0,0.02293,240.0
1753617174273,11:52:54.273,bybit,ACH/USDT:USDT,0.022924,1090.0,0.022922,590.0,0.022925,240.0,0.02293,240.0
1753617175273,11:52:55.273,bybit,ACH/USDT:USDT,0.022924,1090.0,0.022922,590.0,0.022925,240.0,0.02293,240.0
1753617175375,11:52:55.375,bybit,ACH/USDT:USDT,0.022924,1090.0,0.022922,590.0,0.022925,240.0,0.02293,240.0
1753617177775,11:52:57.775,bybit,ACH/USDT:USDT,0.022924,1090.0,0.022922,590.0,0.022925,240.0,0.022927,1680.0
1753617177874,11:52:57.874,bybit,ACH/USDT:USDT,0.022924,1090.0,0.022922,590.0,0.022925,240.0,0.022927,1680.0
1753617178973,11:52:58.973,bybit,ACH/USDT:USDT,0.022924,1090.0,0.022922,590.0,0.022925,240.0,0.022927,1680.0
1753617179275,11:52:59.275,bybit,ACH/USDT:USDT,0.022924,1090.0,0.022922,590.0,0.022925,240.0,0.022927,1680.0
1753617179475,11:52:59.475,bybit,ACH/USDT:USDT,0.022924,1090.0,0.022917,1070.0,0.022925,240.0,0.022927,1680.0
1753617179574,11:52:59.574,bybit,ACH/USDT:USDT,0.022924,1090.0,0.022917,1070.0,0.022925,240.0,0.022927,1680.0
1753617179680,11:52:59.680,bybit,ACH/USDT:USDT,0.022924,1090.0,0.022917,1070.0,0.022925,240.0,0.022927,1680.0
1753617179974,11:52:59.974,bybit,ACH/USDT:USDT,0.022924,770.0,0.022917,1070.0,0.022925,240.0,0.022927,1680.0
1753617180075,11:53:00.075,bybit,ACH/USDT:USDT,0.022924,770.0,0.022917,1070.0,0.022925,240.0,0.022927,1680.0
1753617180175,11:53:00.175,bybit,ACH/USDT:USDT,0.022924,770.0,0.022917,1070.0,0.022925,240.0,0.022927,1680.0
1753617180574,11:53:00.574,bybit,ACH/USDT:USDT,0.022924,770.0,0.022917,1070.0,0.022925,240.0,0.022927,1680.0
1753617181275,11:53:01.275,bybit,ACH/USDT:USDT,0.022924,770.0,0.022917,1810.0,0.022925,240.0,0.022927,1680.0
1753617182073,11:53:02.073,bybit,ACH/USDT:USDT,0.022924,770.0,0.022917,1810.0,0.022925,570.0,0.022927,1680.0
1753617182275,11:53:02.275,bybit,ACH/USDT:USDT,0.022924,770.0,0.022918,640.0,0.022925,570.0,0.022927,1680.0
1753617182373,11:53:02.373,bybit,ACH/USDT:USDT,0.022924,770.0,0.02292,590.0,0.022925,570.0,0.022927,1680.0
1753617182475,11:53:02.475,bybit,ACH/USDT:USDT,0.022924,770.0,0.02292,590.0,0.022925,570.0,0.02293,240.0
1753617182575,11:53:02.575,bybit,ACH/USDT:USDT,0.022924,770.0,0.02292,590.0,0.022925,2250.0,0.02293,240.0
1753617182676,11:53:02.676,bybit,ACH/USDT:USDT,0.022929,1090.0,0.022924,1620.0,0.02293,240.0,0.022935,1310.0
1753617182775,11:53:02.775,bybit,ACH/USDT:USDT,0.022929,1090.0,0.022927,880.0,0.02293,240.0,0.022935,1310.0
1753617182874,11:53:02.874,bybit,ACH/USDT:USDT,0.022929,1970.0,0.022927,880.0,0.02293,240.0,0.022935,1310.0
1753617182973,11:53:02.973,bybit,ACH/USDT:USDT,0.022929,1970.0,0.022927,880.0,0.02293,240.0,0.022935,1310.0
1753617183073,11:53:03.073,bybit,ACH/USDT:USDT,0.022929,1970.0,0.022927,880.0,0.02293,240.0,0.022935,1310.0
1753617183175,11:53:03.175,bybit,ACH/USDT:USDT,0.022929,1970.0,0.022927,880.0,0.02293,240.0,0.022935,1310.0
1753617183374,11:53:03.374,bybit,ACH/USDT:USDT,0.022929,1970.0,0.022927,880.0,0.02293,240.0,0.022935,1310.0
1753617183473,11:53:03.473,bybit,ACH/USDT:USDT,0.022929,1970.0,0.022927,880.0,0.02293,240.0,0.022935,1310.0
1753617183679,11:53:03.679,bybit,ACH/USDT:USDT,0.022929,1970.0,0.022927,880.0,0.02293,240.0,0.022935,1310.0
1753617183885,11:53:03.885,bybit,ACH/USDT:USDT,0.02293,2900.0,0.022929,880.0,0.022935,240.0,0.02294,240.0
1753617183974,11:53:03.974,bybit,ACH/USDT:USDT,0.022933,2180.0,0.022932,570.0,0.022935,240.0,0.02294,240.0
1753617184074,11:53:04.074,bybit,ACH/USDT:USDT,0.022934,1970.0,0.022932,1450.0,0.022935,240.0,0.02294,240.0
1753617184174,11:53:04.174,bybit,ACH/USDT:USDT,0.022934,3060.0,0.022932,1450.0,0.022935,240.0,0.02294,240.0
1753617184274,11:53:04.274,bybit,ACH/USDT:USDT,0.022934,3060.0,0.022932,1450.0,0.022935,240.0,0.02294,240.0
1753617184475,11:53:04.475,bybit,ACH/USDT:USDT,0.022934,3060.0,0.022932,1450.0,0.022935,240.0,0.02294,240.0
1753617184575,11:53:04.575,bybit,ACH/USDT:USDT,0.022934,3060.0,0.022932,1450.0,0.022935,240.0,0.02294,240.0
1753617184673,11:53:04.673,bybit,ACH/USDT:USDT,0.022934,3060.0,0.022932,1450.0,0.022935,240.0,0.02294,240.0
1753617184786,11:53:04.786,bybit,ACH/USDT:USDT,0.022934,3060.0,0.022932,1450.0,0.022935,240.0,0.02294,240.0
1753617184874,11:53:04.874,bybit,ACH/USDT:USDT,0.022934,3060.0,0.022932,1450.0,0.022935,240.0,0.02294,240.0
1753617184975,11:53:04.975,bybit,ACH/USDT:USDT,0.022934,3060.0,0.022932,1450.0,0.022935,240.0,0.02294,240.0
1753617185075,11:53:05.075,bybit,ACH/USDT:USDT,0.022934,3060.0,0.022932,1450.0,0.022935,240.0,0.02294,240.0
1753617185174,11:53:05.174,bybit,ACH/USDT:USDT,0.022934,3060.0,0.022932,1450.0,0.022935,240.0,0.02294,240.0
1753617185374,11:53:05.374,bybit,ACH/USDT:USDT,0.022934,3300.0,0.022932,1450.0,0.022935,240.0,0.02294,240.0
1753617185874,11:53:05.874,bybit,ACH/USDT:USDT,0.022934,3300.0,0.022932,1450.0,0.022935,240.0,0.02294,240.0
1753617186074,11:53:06.074,bybit,ACH/USDT:USDT,0.022934,3300.0,0.022932,1450.0,0.022935,240.0,0.02294,240.0
1753617186174,11:53:06.174,bybit,ACH/USDT:USDT,0.022934,3300.0,0.022932,1450.0,0.022935,240.0,0.02294,240.0
1753617186473,11:53:06.473,bybit,ACH/USDT:USDT,0.022934,3300.0,0.022932,1450.0,0.022935,240.0,0.02294,240.0
1753617186575,11:53:06.575,bybit,ACH/USDT:USDT,0.022934,3300.0,0.022932,1450.0,0.022935,240.0,0.02294,240.0
1753617186875,11:53:06.875,bybit,ACH/USDT:USDT,0.022934,3300.0,0.022932,1450.0,0.022935,240.0,0.02294,240.0
1753617186975,11:53:06.975,bybit,ACH/USDT:USDT,0.022934,3300.0,0.022932,1450.0,0.022935,240.0,0.02294,240.0
1753617187074,11:53:07.074,bybit,ACH/USDT:USDT,0.022934,3300.0,0.022932,1450.0,0.022935,240.0,0.02294,240.0
1753617187174,11:53:07.174,bybit,ACH/USDT:USDT,0.022934,3300.0,0.022932,1450.0,0.022935,240.0,0.02294,240.0
1753617187374,11:53:07.374,bybit,ACH/USDT:USDT,0.022934,3300.0,0.022932,1450.0,0.022935,240.0,0.02294,240.0
1753617187775,11:53:07.775,bybit,ACH/USDT:USDT,0.022934,4020.0,0.022932,1450.0,0.022935,240.0,0.02294,240.0
1753617187875,11:53:07.875,bybit,ACH/USDT:USDT,0.022934,4020.0,0.022932,1450.0,0.022935,240.0,0.02294,240.0
1753617188075,11:53:08.075,bybit,ACH/USDT:USDT,0.022934,4350.0,0.022932,1450.0,0.022935,240.0,0.02294,240.0
1753617188273,11:53:08.273,bybit,ACH/USDT:USDT,0.022934,4350.0,0.022932,1450.0,0.022935,240.0,0.02294,240.0
1753617188373,11:53:08.373,bybit,ACH/USDT:USDT,0.022934,4350.0,0.022932,1450.0,0.022935,240.0,0.02294,240.0
1753617188573,11:53:08.573,bybit,ACH/USDT:USDT,0.022934,4350.0,0.022932,1450.0,0.022935,240.0,0.02294,240.0
1753617188676,11:53:08.676,bybit,ACH/USDT:USDT,0.022934,4350.0,0.022932,1450.0,0.022935,240.0,0.02294,240.0
1753617188874,11:53:08.874,bybit,ACH/USDT:USDT,0.022934,3470.0,0.022933,880.0,0.022935,480.0,0.02294,240.0
1753617188975,11:53:08.975,bybit,ACH/USDT:USDT,0.022934,3470.0,0.022933,880.0,0.022935,480.0,0.02294,240.0
1753617189075,11:53:09.075,bybit,ACH/USDT:USDT,0.022934,3140.0,0.022933,880.0,0.022935,480.0,0.02294,240.0
1753617189176,11:53:09.176,bybit,ACH/USDT:USDT,0.022934,3140.0,0.022933,880.0,0.022935,480.0,0.02294,240.0
1753617189274,11:53:09.274,bybit,ACH/USDT:USDT,0.022934,3140.0,0.022933,880.0,0.022935,480.0,0.02294,240.0
1753617189373,11:53:09.373,bybit,ACH/USDT:USDT,0.022939,1970.0,0.022938,880.0,0.02294,240.0,0.022945,240.0
1753617189474,11:53:09.474,bybit,ACH/USDT:USDT,0.022939,1970.0,0.022938,880.0,0.02294,240.0,0.022945,240.0
1753617189680,11:53:09.680,bybit,ACH/USDT:USDT,0.022939,1970.0,0.022938,880.0,0.02294,240.0,0.022945,240.0
1753617189875,11:53:09.875,bybit,ACH/USDT:USDT,0.022939,1970.0,0.022938,880.0,0.02294,480.0,0.022945,240.0
1753617190273,11:53:10.273,bybit,ACH/USDT:USDT,0.022939,1970.0,0.022938,880.0,0.02294,480.0,0.022945,240.0
1753617190374,11:53:10.374,bybit,ACH/USDT:USDT,0.022939,1970.0,0.022938,880.0,0.02294,480.0,0.022945,240.0
1753617190475,11:53:10.475,bybit,ACH/USDT:USDT,0.022939,1970.0,0.022938,880.0,0.02294,480.0,0.022945,240.0
1753617190575,11:53:10.575,bybit,ACH/USDT:USDT,0.022939,1970.0,0.022938,880.0,0.02294,480.0,0.022945,240.0
1753617190676,11:53:10.676,bybit,ACH/USDT:USDT,0.022939,1970.0,0.022938,880.0,0.02294,480.0,0.022945,240.0
1753617190875,11:53:10.875,bybit,ACH/USDT:USDT,0.022939,1090.0,0.022935,880.0,0.02294,480.0,0.022945,240.0
1753617191074,11:53:11.074,bybit,ACH/USDT:USDT,0.022939,1090.0,0.022935,880.0,0.02294,480.0,0.022945,240.0
1753617191475,11:53:11.475,bybit,ACH/USDT:USDT,0.022939,1090.0,0.022935,880.0,0.02294,480.0,0.022945,240.0
1753617192676,11:53:12.676,bybit,ACH/USDT:USDT,0.022939,1090.0,0.022935,880.0,0.02294,480.0,0.022945,240.0
1753617192775,11:53:12.775,bybit,ACH/USDT:USDT,0.022939,1090.0,0.022935,880.0,0.02294,480.0,0.022945,240.0
1753617193175,11:53:13.175,bybit,ACH/USDT:USDT,0.022939,1090.0,0.022935,1450.0,0.02294,240.0,0.022945,240.0
1753617193473,11:53:13.473,bybit,ACH/USDT:USDT,0.022939,1090.0,0.022935,1450.0,0.02294,240.0,0.022945,240.0
1753617193774,11:53:13.774,bybit,ACH/USDT:USDT,0.022939,1090.0,0.022935,1450.0,0.02294,480.0,0.022945,240.0
1753617193876,11:53:13.876,bybit,ACH/USDT:USDT,0.022939,1090.0,0.022935,1450.0,0.02294,480.0,0.022945,240.0
1753617194175,11:53:14.175,bybit,ACH/USDT:USDT,0.022939,1090.0,0.022935,1450.0,0.02294,480.0,0.022945,240.0
1753617194675,11:53:14.675,bybit,ACH/USDT:USDT,0.022939,1090.0,0.022935,1450.0,0.02294,480.0,0.022945,240.0
1753617195173,11:53:15.173,bybit,ACH/USDT:USDT,0.022939,1090.0,0.022935,1450.0,0.02294,240.0,0.022945,240.0
1753617195474,11:53:15.474,bybit,ACH/USDT:USDT,0.022939,1090.0,0.022935,1450.0,0.02294,240.0,0.022945,240.0
1753617195677,11:53:15.677,bybit,ACH/USDT:USDT,0.022939,1090.0,0.022935,1450.0,0.02294,240.0,0.022945,240.0
1753617195873,11:53:15.873,bybit,ACH/USDT:USDT,0.022939,1090.0,0.022935,1450.0,0.02294,480.0,0.022945,240.0
1753617196274,11:53:16.274,bybit,ACH/USDT:USDT,0.022939,1090.0,0.022935,1450.0,0.02294,480.0,0.022945,240.0
1753617196373,11:53:16.373,bybit,ACH/USDT:USDT,0.022939,1090.0,0.022935,1450.0,0.02294,480.0,0.022945,240.0
1753617196475,11:53:16.475,bybit,ACH/USDT:USDT,0.022939,1090.0,0.022937,570.0,0.02294,480.0,0.022945,240.0
1753617196575,11:53:16.575,bybit,ACH/USDT:USDT,0.022939,1090.0,0.022937,570.0,0.02294,480.0,0.022945,240.0
1753617196674,11:53:16.674,bybit,ACH/USDT:USDT,0.022939,1090.0,0.022937,570.0,0.02294,480.0,0.022945,240.0
1753617196874,11:53:16.874,bybit,ACH/USDT:USDT,0.022939,1090.0,0.022937,570.0,0.02294,480.0,0.022945,240.0
1753617197475,11:53:17.475,bybit,ACH/USDT:USDT,0.022939,1090.0,0.022937,570.0,0.02294,480.0,0.022945,240.0
1753617198575,11:53:18.575,bybit,ACH/USDT:USDT,0.022939,1090.0,0.022937,570.0,0.02294,480.0,0.022945,240.0
1753617199275,11:53:19.275,bybit,ACH/USDT:USDT,0.022939,1090.0,0.022937,570.0,0.02294,480.0,0.022945,240.0
1753617199374,11:53:19.374,bybit,ACH/USDT:USDT,0.022939,1090.0,0.022937,570.0,0.02294,480.0,0.022945,240.0
1753617199475,11:53:19.475,bybit,ACH/USDT:USDT,0.022939,1090.0,0.022937,570.0,0.02294,480.0,0.022945,240.0
1753617199575,11:53:19.575,bybit,ACH/USDT:USDT,0.022939,1090.0,0.022937,570.0,0.02294,480.0,0.022945,240.0
1753617199677,11:53:19.677,bybit,ACH/USDT:USDT,0.022939,1090.0,0.022937,570.0,0.02294,480.0,0.022945,240.0
1753617199775,11:53:19.775,bybit,ACH/USDT:USDT,0.022939,1090.0,0.022937,570.0,0.02294,480.0,0.022945,240.0
1753617200075,11:53:20.075,bybit,ACH/USDT:USDT,0.022939,1090.0,0.022937,570.0,0.02294,480.0,0.022945,610.0
1753617200174,11:53:20.174,bybit,ACH/USDT:USDT,0.022939,1090.0,0.022937,570.0,0.02294,480.0,0.022945,610.0
1753617200373,11:53:20.373,bybit,ACH/USDT:USDT,0.022939,1090.0,0.022937,570.0,0.02294,480.0,0.022945,610.0
1753617200475,11:53:20.475,bybit,ACH/USDT:USDT,0.022939,1090.0,0.022937,570.0,0.02294,480.0,0.022945,610.0
1753617200575,11:53:20.575,bybit,ACH/USDT:USDT,0.022939,1090.0,0.022937,570.0,0.02294,480.0,0.022945,610.0
1753617200975,11:53:20.975,bybit,ACH/USDT:USDT,0.022939,1090.0,0.022937,570.0,0.02294,480.0,0.022945,610.0
1753617201073,11:53:21.073,bybit,ACH/USDT:USDT,0.022939,1090.0,0.022937,570.0,0.02294,480.0,0.022945,240.0
1753617201175,11:53:21.175,bybit,ACH/USDT:USDT,0.022939,1090.0,0.022937,570.0,0.02294,480.0,0.022945,240.0
1753617201275,11:53:21.275,bybit,ACH/USDT:USDT,0.022939,1090.0,0.022937,570.0,0.02294,480.0,0.022945,240.0
1753617201375,11:53:21.375,bybit,ACH/USDT:USDT,0.022939,1090.0,0.022937,570.0,0.02294,480.0,0.022945,240.0
1753617201575,11:53:21.575,bybit,ACH/USDT:USDT,0.022939,1090.0,0.022937,570.0,0.02294,480.0,0.022945,240.0
1753617201679,11:53:21.679,bybit,ACH/USDT:USDT,0.022939,1090.0,0.022937,570.0,0.02294,480.0,0.022945,240.0
1753617201974,11:53:21.974,bybit,ACH/USDT:USDT,0.022939,1090.0,0.022937,570.0,0.02294,480.0,0.022945,240.0
1753617202075,11:53:22.075,bybit,ACH/USDT:USDT,0.022939,1090.0,0.022937,570.0,0.02294,480.0,0.022945,240.0
1753617202173,11:53:22.173,bybit,ACH/USDT:USDT,0.022939,1090.0,0.022937,570.0,0.02294,480.0,0.022945,240.0
1753617202275,11:53:22.275,bybit,ACH/USDT:USDT,0.022939,1090.0,0.022937,570.0,0.02294,480.0,0.022945,240.0
1753617202475,11:53:22.475,bybit,ACH/USDT:USDT,0.022939,1190.0,0.022937,570.0,0.02294,480.0,0.022945,240.0
1753617202773,11:53:22.773,bybit,ACH/USDT:USDT,0.022939,1190.0,0.022937,570.0,0.02294,480.0,0.022945,240.0
1753617203575,11:53:23.575,bybit,ACH/USDT:USDT,0.022939,1190.0,0.022937,570.0,0.02294,480.0,0.022945,240.0
1753617203776,11:53:23.776,bybit,ACH/USDT:USDT,0.022939,1190.0,0.022937,570.0,0.02294,480.0,0.022945,240.0
1753617205373,11:53:25.373,bybit,ACH/USDT:USDT,0.022939,1190.0,0.022937,570.0,0.02294,480.0,0.022945,240.0
1753617205677,11:53:25.677,bybit,ACH/USDT:USDT,0.022939,1190.0,0.022937,570.0,0.02294,480.0,0.022945,240.0
1753617206374,11:53:26.374,bybit,ACH/USDT:USDT,0.022939,1190.0,0.022937,570.0,0.02294,480.0,0.022945,240.0
1753617206676,11:53:26.676,bybit,ACH/USDT:USDT,0.022944,1970.0,0.022942,880.0,0.022945,240.0,0.022946,10.0
1753617206776,11:53:26.776,bybit,ACH/USDT:USDT,0.022944,1970.0,0.022942,880.0,0.022945,240.0,0.022946,10.0
1753617206875,11:53:26.875,bybit,ACH/USDT:USDT,0.022944,1970.0,0.022942,880.0,0.022945,240.0,0.022946,10.0
1753617206974,11:53:26.974,bybit,ACH/USDT:USDT,0.022944,1970.0,0.022942,880.0,0.022945,240.0,0.022946,10.0
1753617207074,11:53:27.074,bybit,ACH/USDT:USDT,0.022944,1970.0,0.022942,880.0,0.022945,240.0,0.022946,10.0
1753617207176,11:53:27.176,bybit,ACH/USDT:USDT,0.022944,1970.0,0.022942,880.0,0.022945,240.0,0.022946,10.0
1753617207375,11:53:27.375,bybit,ACH/USDT:USDT,0.022944,1970.0,0.022942,1450.0,0.022945,240.0,0.022946,10.0
1753617207677,11:53:27.677,bybit,ACH/USDT:USDT,0.022944,1970.0,0.022942,1450.0,0.022945,240.0,0.022946,10.0
1753617207873,11:53:27.873,bybit,ACH/USDT:USDT,0.022944,1970.0,0.022942,1450.0,0.022945,240.0,0.022946,10.0
1753617207974,11:53:27.974,bybit,ACH/USDT:USDT,0.022944,1970.0,0.022942,1450.0,0.022945,240.0,0.022946,10.0
1753617208073,11:53:28.073,bybit,ACH/USDT:USDT,0.022944,1970.0,0.022942,1450.0,0.022945,240.0,0.022946,10.0
1753617208175,11:53:28.175,bybit,ACH/USDT:USDT,0.022944,1970.0,0.022942,1450.0,0.022945,240.0,0.022946,10.0
1753617208374,11:53:28.374,bybit,ACH/USDT:USDT,0.022944,1970.0,0.022942,1450.0,0.022945,240.0,0.022946,10.0
1753617208474,11:53:28.474,bybit,ACH/USDT:USDT,0.022944,1970.0,0.022942,1450.0,0.022945,240.0,0.022946,10.0
1753617208874,11:53:28.874,bybit,ACH/USDT:USDT,0.022944,1970.0,0.022942,1450.0,0.022945,240.0,0.022946,10.0
1753617208974,11:53:28.974,bybit,ACH/USDT:USDT,0.022944,1970.0,0.022942,1450.0,0.022945,240.0,0.022946,10.0
1753617209075,11:53:29.075,bybit,ACH/USDT:USDT,0.022944,1970.0,0.022942,1450.0,0.022945,240.0,0.022946,10.0
1753617209374,11:53:29.374,bybit,ACH/USDT:USDT,0.022944,1970.0,0.022942,1450.0,0.022945,240.0,0.022946,10.0
1753617209573,11:53:29.573,bybit,ACH/USDT:USDT,0.022944,1970.0,0.022942,1450.0,0.022945,240.0,0.022946,10.0
1753617209773,11:53:29.773,bybit,ACH/USDT:USDT,0.022944,1970.0,0.022942,1450.0,0.022945,240.0,0.022946,10.0
1753617210173,11:53:30.173,bybit,ACH/USDT:USDT,0.022944,1970.0,0.022942,1450.0,0.022945,240.0,0.022946,10.0
1753617210281,11:53:30.281,bybit,ACH/USDT:USDT,0.022944,1970.0,0.022942,1450.0,0.022945,240.0,0.022946,10.0
1753617210474,11:53:30.474,bybit,ACH/USDT:USDT,0.022944,1970.0,0.022942,1450.0,0.022945,240.0,0.022946,10.0
1753617210874,11:53:30.874,bybit,ACH/USDT:USDT,0.022944,1970.0,0.022942,1450.0,0.022945,240.0,0.022946,10.0
1753617210975,11:53:30.975,bybit,ACH/USDT:USDT,0.022944,1970.0,0.022942,1450.0,0.022945,240.0,0.022946,10.0
1753617211074,11:53:31.074,bybit,ACH/USDT:USDT,0.022944,1970.0,0.022942,1450.0,0.022945,240.0,0.022946,10.0
1753617211774,11:53:31.774,bybit,ACH/USDT:USDT,0.022945,2900.0,0.022944,1600.0,0.022946,10.0,0.022948,240.0
1753617211873,11:53:31.873,bybit,ACH/USDT:USDT,0.022945,2900.0,0.022944,1600.0,0.022946,10.0,0.022949,260.0
1753617211975,11:53:31.975,bybit,ACH/USDT:USDT,0.022945,2900.0,0.022944,1600.0,0.022946,10.0,0.022949,260.0
1753617212073,11:53:32.073,bybit,ACH/USDT:USDT,0.022945,2900.0,0.022944,1600.0,0.022946,10.0,0.022949,260.0
1753617212176,11:53:32.176,bybit,ACH/USDT:USDT,0.022949,570.0,0.022947,570.0,0.022955,240.0,0.02296,1310.0
1753617212276,11:53:32.276,bybit,ACH/USDT:USDT,0.02295,2180.0,0.022949,570.0,0.022954,380.0,0.022955,480.0
1753617212376,11:53:32.376,bybit,ACH/USDT:USDT,0.02295,2180.0,0.022949,570.0,0.022954,380.0,0.022955,480.0
1753617212474,11:53:32.474,bybit,ACH/USDT:USDT,0.022951,2180.0,0.022949,570.0,0.022954,380.0,0.022955,480.0
1753617212574,11:53:32.574,bybit,ACH/USDT:USDT,0.022952,1090.0,0.022949,570.0,0.022954,380.0,0.022955,480.0
1753617212675,11:53:32.675,bybit,ACH/USDT:USDT,0.022952,1090.0,0.022949,570.0,0.022954,380.0,0.022955,480.0
1753617212774,11:53:32.774,bybit,ACH/USDT:USDT,0.022952,1090.0,0.022949,570.0,0.022954,380.0,0.022955,480.0
1753617212873,11:53:32.873,bybit,ACH/USDT:USDT,0.022953,1090.0,0.022949,570.0,0.022954,380.0,0.022955,480.0
1753617212975,11:53:32.975,bybit,ACH/USDT:USDT,0.022953,1090.0,0.022949,570.0,0.022954,380.0,0.022955,480.0
1753617213373,11:53:33.373,bybit,ACH/USDT:USDT,0.022953,1090.0,0.022949,570.0,0.022954,380.0,0.022955,480.0
1753617213473,11:53:33.473,bybit,ACH/USDT:USDT,0.022953,1090.0,0.022949,570.0,0.022954,380.0,0.022955,480.0
1753617213575,11:53:33.575,bybit,ACH/USDT:USDT,0.022953,1090.0,0.022949,570.0,0.022954,380.0,0.022955,480.0
1753617213774,11:53:33.774,bybit,ACH/USDT:USDT,0.022953,1090.0,0.022949,570.0,0.022954,380.0,0.022955,480.0
1753617213874,11:53:33.874,bybit,ACH/USDT:USDT,0.022953,1090.0,0.022949,570.0,0.022954,380.0,0.022955,480.0
1753617213975,11:53:33.975,bybit,ACH/USDT:USDT,0.022953,1090.0,0.022949,570.0,0.022954,380.0,0.022955,480.0
1753617214175,11:53:34.175,bybit,ACH/USDT:USDT,0.022953,1090.0,0.022949,570.0,0.022954,380.0,0.022955,480.0
1753617214374,11:53:34.374,bybit,ACH/USDT:USDT,0.022953,1090.0,0.022949,570.0,0.022954,380.0,0.022955,480.0
1753617214774,11:53:34.774,bybit,ACH/USDT:USDT,0.022953,1090.0,0.022949,570.0,0.022954,380.0,0.022955,480.0
1753617214976,11:53:34.976,bybit,ACH/USDT:USDT,0.022953,1090.0,0.022949,570.0,0.022954,380.0,0.022955,480.0
1753617215074,11:53:35.074,bybit,ACH/USDT:USDT,0.022953,1090.0,0.022949,570.0,0.022954,380.0,0.022955,480.0
1753617215176,11:53:35.176,bybit,ACH/USDT:USDT,0.022953,1090.0,0.022949,570.0,0.022954,380.0,0.022955,480.0
1753617215275,11:53:35.275,bybit,ACH/USDT:USDT,0.022953,1090.0,0.022949,570.0,0.022954,380.0,0.022955,480.0
1753617215374,11:53:35.374,bybit,ACH/USDT:USDT,0.022953,1090.0,0.022949,570.0,0.022954,380.0,0.022955,480.0
1753617215574,11:53:35.574,bybit,ACH/USDT:USDT,0.022953,1090.0,0.022949,570.0,0.022954,380.0,0.022955,480.0
1753617215677,11:53:35.677,bybit,ACH/USDT:USDT,0.022953,1090.0,0.022949,570.0,0.022954,380.0,0.022955,480.0
1753617215775,11:53:35.775,bybit,ACH/USDT:USDT,0.022953,1090.0,0.022949,570.0,0.022954,380.0,0.022955,480.0
1753617215874,11:53:35.874,bybit,ACH/USDT:USDT,0.022953,1090.0,0.022949,570.0,0.022954,380.0,0.022955,480.0
1753617216074,11:53:36.074,bybit,ACH/USDT:USDT,0.022953,1090.0,0.022949,570.0,0.022954,380.0,0.022955,480.0
1753617216474,11:53:36.474,bybit,ACH/USDT:USDT,0.022953,1090.0,0.022949,570.0,0.022954,380.0,0.022955,480.0
1753617216676,11:53:36.676,bybit,ACH/USDT:USDT,0.022953,1090.0,0.022949,570.0,0.022954,380.0,0.022955,480.0
1753617217473,11:53:37.473,bybit,ACH/USDT:USDT,0.022953,1090.0,0.022949,570.0,0.022954,380.0,0.022955,480.0
1753617217573,11:53:37.573,bybit,ACH/USDT:USDT,0.022953,1090.0,0.022949,570.0,0.022954,380.0,0.022955,480.0
1753617218173,11:53:38.173,bybit,ACH/USDT:USDT,0.022953,1090.0,0.022949,570.0,0.022954,380.0,0.022955,480.0
1753617218376,11:53:38.376,bybit,ACH/USDT:USDT,0.022953,1090.0,0.022949,570.0,0.022954,380.0,0.022955,480.0
1753617218475,11:53:38.475,bybit,ACH/USDT:USDT,0.022953,1090.0,0.022949,570.0,0.022954,380.0,0.022955,480.0
1753617218575,11:53:38.575,bybit,ACH/USDT:USDT,0.022953,1090.0,0.022949,570.0,0.022954,380.0,0.022955,480.0
1753617218674,11:53:38.674,bybit,ACH/USDT:USDT,0.022953,1090.0,0.022949,570.0,0.022954,380.0,0.022955,480.0
1753617218775,11:53:38.775,bybit,ACH/USDT:USDT,0.022953,1090.0,0.022949,570.0,0.022954,380.0,0.022955,480.0
1753617218974,11:53:38.974,bybit,ACH/USDT:USDT,0.022953,1090.0,0.022949,570.0,0.022954,380.0,0.022955,480.0
1753617219176,11:53:39.176,bybit,ACH/USDT:USDT,0.022953,1090.0,0.022949,570.0,0.022954,380.0,0.022955,480.0
1753617219274,11:53:39.274,bybit,ACH/USDT:USDT,0.022953,1090.0,0.022949,570.0,0.022954,380.0,0.022955,480.0
1753617219375,11:53:39.375,bybit,ACH/USDT:USDT,0.022953,1090.0,0.022949,570.0,0.022954,380.0,0.022955,480.0
1753617219473,11:53:39.473,bybit,ACH/USDT:USDT,0.022953,1090.0,0.022949,570.0,0.022954,380.0,0.022955,480.0
1753617219673,11:53:39.673,bybit,ACH/USDT:USDT,0.022953,1090.0,0.022949,570.0,0.022954,380.0,0.022955,480.0
1753617219774,11:53:39.774,bybit,ACH/USDT:USDT,0.022953,1090.0,0.022949,570.0,0.022954,380.0,0.022955,480.0
1753617219874,11:53:39.874,bybit,ACH/USDT:USDT,0.022953,1090.0,0.022949,570.0,0.022954,380.0,0.022955,480.0
1753617219974,11:53:39.974,bybit,ACH/USDT:USDT,0.022953,1090.0,0.022949,570.0,0.022954,380.0,0.022955,480.0
1753617220275,11:53:40.275,bybit,ACH/USDT:USDT,0.022953,1090.0,0.022949,570.0,0.022954,380.0,0.022955,480.0
1753617220674,11:53:40.674,bybit,ACH/USDT:USDT,0.022954,1090.0,0.022949,570.0,0.022955,480.0,0.02296,240.0
1753617220775,11:53:40.775,bybit,ACH/USDT:USDT,0.022954,1970.0,0.022952,880.0,0.022955,240.0,0.02296,240.0
1753617220874,11:53:40.874,bybit,ACH/USDT:USDT,0.022954,1970.0,0.022952,1450.0,0.022955,240.0,0.02296,240.0
1753617220973,11:53:40.973,bybit,ACH/USDT:USDT,0.022954,1970.0,0.022952,1450.0,0.022955,240.0,0.022959,240.0
1753617221273,11:53:41.273,bybit,ACH/USDT:USDT,0.022954,1970.0,0.022952,1450.0,0.022955,240.0,0.022959,240.0
1753617221474,11:53:41.474,bybit,ACH/USDT:USDT,0.022954,1970.0,0.022952,1450.0,0.022955,240.0,0.022959,240.0
1753617221573,11:53:41.573,bybit,ACH/USDT:USDT,0.022954,1970.0,0.022952,1450.0,0.022955,240.0,0.022959,240.0
1753617221974,11:53:41.974,bybit,ACH/USDT:USDT,0.022954,1970.0,0.022952,1450.0,0.022955,240.0,0.022959,240.0
1753617222199,11:53:42.199,bybit,ACH/USDT:USDT,0.022954,1970.0,0.022952,1450.0,0.022955,240.0,0.022959,240.0
1753617222275,11:53:42.275,bybit,ACH/USDT:USDT,0.022954,1970.0,0.022952,1450.0,0.022955,240.0,0.022959,240.0
1753617222575,11:53:42.575,bybit,ACH/USDT:USDT,0.022954,1970.0,0.022952,1450.0,0.022955,240.0,0.022959,240.0
1753617222674,11:53:42.674,bybit,ACH/USDT:USDT,0.022954,1970.0,0.022952,1450.0,0.022955,240.0,0.022959,240.0
1753617224374,11:53:44.374,bybit,ACH/USDT:USDT,0.022954,1970.0,0.022952,1450.0,0.022955,240.0,0.022959,240.0
1753617224675,11:53:44.675,bybit,ACH/USDT:USDT,0.022954,1970.0,0.022952,1450.0,0.022955,800.0,0.022959,240.0
1753617224774,11:53:44.774,bybit,ACH/USDT:USDT,0.022954,1970.0,0.022952,1450.0,0.022955,800.0,0.022959,240.0
1753617224973,11:53:44.973,bybit,ACH/USDT:USDT,0.022954,1970.0,0.022952,1450.0,0.022955,800.0,0.022959,240.0
1753617225775,11:53:45.775,bybit,ACH/USDT:USDT,0.022954,1970.0,0.022952,1450.0,0.022955,800.0,0.022959,240.0
1753617225875,11:53:45.875,bybit,ACH/USDT:USDT,0.022954,1970.0,0.022952,1450.0,0.022955,800.0,0.022959,240.0
1753617225974,11:53:45.974,bybit,ACH/USDT:USDT,0.022954,1970.0,0.022952,1450.0,0.022955,800.0,0.022959,240.0
1753617226073,11:53:46.073,bybit,ACH/USDT:USDT,0.022954,1970.0,0.022952,1450.0,0.022955,800.0,0.022959,240.0
1753617226375,11:53:46.375,bybit,ACH/USDT:USDT,0.022954,1970.0,0.022952,1450.0,0.022955,800.0,0.022959,240.0
1753617226573,11:53:46.573,bybit,ACH/USDT:USDT,0.022954,1970.0,0.022952,1450.0,0.022955,800.0,0.022959,240.0
1753617226974,11:53:46.974,bybit,ACH/USDT:USDT,0.022954,1970.0,0.022952,1450.0,0.022955,800.0,0.022959,240.0
1753617227074,11:53:47.074,bybit,ACH/USDT:USDT,0.022954,1970.0,0.022952,1450.0,0.022955,800.0,0.022959,240.0
1753617227174,11:53:47.174,bybit,ACH/USDT:USDT,0.022954,1970.0,0.022952,1450.0,0.022955,800.0,0.022959,240.0
1753617227275,11:53:47.275,bybit,ACH/USDT:USDT,0.022959,1090.0,0.022958,1600.0,0.02296,480.0,0.022965,240.0
1753617227375,11:53:47.375,bybit,ACH/USDT:USDT,0.022959,1090.0,0.022958,1600.0,0.02296,480.0,0.022965,240.0
1753617227573,11:53:47.573,bybit,ACH/USDT:USDT,0.022959,1090.0,0.022958,1600.0,0.02296,480.0,0.022965,240.0
1753617227677,11:53:47.677,bybit,ACH/USDT:USDT,0.022959,1090.0,0.022958,1600.0,0.02296,480.0,0.022965,240.0
1753617227874,11:53:47.874,bybit,ACH/USDT:USDT,0.022959,1090.0,0.022958,1600.0,0.02296,480.0,0.022965,240.0
1753617227974,11:53:47.974,bybit,ACH/USDT:USDT,0.022959,1090.0,0.022958,1600.0,0.02296,480.0,0.022965,240.0
1753617228274,11:53:48.274,bybit,ACH/USDT:USDT,0.022959,1090.0,0.022958,1600.0,0.02296,480.0,0.022965,240.0
1753617228374,11:53:48.374,bybit,ACH/USDT:USDT,0.022959,1090.0,0.022958,1600.0,0.02296,480.0,0.022965,240.0
1753617228675,11:53:48.675,bybit,ACH/USDT:USDT,0.022959,1090.0,0.022958,1600.0,0.02296,480.0,0.022965,240.0
1753617228773,11:53:48.773,bybit,ACH/USDT:USDT,0.022959,1090.0,0.022958,1600.0,0.02296,480.0,0.022965,240.0
1753617228874,11:53:48.874,bybit,ACH/USDT:USDT,0.022959,1090.0,0.022958,1600.0,0.02296,480.0,0.022965,240.0
1753617229376,11:53:49.376,bybit,ACH/USDT:USDT,0.022959,1090.0,0.022958,1600.0,0.02296,480.0,0.022965,240.0
1753617229875,11:53:49.875,bybit,ACH/USDT:USDT,0.022959,1090.0,0.022958,1600.0,0.02296,480.0,0.022965,240.0
1753617230275,11:53:50.275,bybit,ACH/USDT:USDT,0.022959,1090.0,0.022958,1600.0,0.02296,480.0,0.022965,240.0
1753617230375,11:53:50.375,bybit,ACH/USDT:USDT,0.022959,1090.0,0.022958,1600.0,0.02296,480.0,0.022965,240.0
1753617230474,11:53:50.474,bybit,ACH/USDT:USDT,0.022959,1810.0,0.022958,1600.0,0.02296,480.0,0.022965,240.0
1753617230573,11:53:50.573,bybit,ACH/USDT:USDT,0.022959,1810.0,0.022958,1600.0,0.02296,480.0,0.022965,240.0
1753617230873,11:53:50.873,bybit,ACH/USDT:USDT,0.022959,1810.0,0.022958,1600.0,0.02296,480.0,0.022965,240.0
1753617231275,11:53:51.275,bybit,ACH/USDT:USDT,0.022959,1810.0,0.022958,1600.0,0.02296,480.0,0.022965,240.0
1753617231373,11:53:51.373,bybit,ACH/USDT:USDT,0.022959,1810.0,0.022958,1600.0,0.02296,480.0,0.022965,240.0
1753617231476,11:53:51.476,bybit,ACH/USDT:USDT,0.022959,1810.0,0.022958,720.0,0.02296,240.0,0.022965,240.0
1753617231573,11:53:51.573,bybit,ACH/USDT:USDT,0.022959,1810.0,0.022958,720.0,0.02296,240.0,0.022964,240.0
1753617231678,11:53:51.678,bybit,ACH/USDT:USDT,0.022959,1810.0,0.022958,720.0,0.02296,240.0,0.022964,240.0
1753617231774,11:53:51.774,bybit,ACH/USDT:USDT,0.022959,1810.0,0.022958,720.0,0.02296,240.0,0.022964,240.0
1753617231873,11:53:51.873,bybit,ACH/USDT:USDT,0.022959,1810.0,0.022958,720.0,0.02296,240.0,0.022964,240.0
1753617231973,11:53:51.973,bybit,ACH/USDT:USDT,0.022959,1810.0,0.022958,1600.0,0.02296,240.0,0.022964,240.0
1753617232275,11:53:52.275,bybit,ACH/USDT:USDT,0.022959,1810.0,0.022958,1600.0,0.02296,240.0,0.022964,240.0
1753617232375,11:53:52.375,bybit,ACH/USDT:USDT,0.022959,1810.0,0.022958,1600.0,0.02296,240.0,0.022964,240.0
1753617232475,11:53:52.475,bybit,ACH/USDT:USDT,0.022959,1810.0,0.022958,1600.0,0.02296,240.0,0.022964,240.0
1753617232575,11:53:52.575,bybit,ACH/USDT:USDT,0.022959,1090.0,0.022951,1640.0,0.02296,240.0,0.022964,600.0
1753617232674,11:53:52.674,bybit,ACH/USDT:USDT,0.022959,1090.0,0.022953,570.0,0.02296,240.0,0.022964,600.0
1753617232773,11:53:52.773,bybit,ACH/USDT:USDT,0.022959,1090.0,0.022953,570.0,0.02296,480.0,0.022964,240.0
1753617233275,11:53:53.275,bybit,ACH/USDT:USDT,0.022959,1090.0,0.022957,570.0,0.02296,480.0,0.022964,240.0
1753617233374,11:53:53.374,bybit,ACH/USDT:USDT,0.022959,1090.0,0.022957,570.0,0.02296,480.0,0.022964,240.0
1753617233774,11:53:53.774,bybit,ACH/USDT:USDT,0.022959,1090.0,0.022957,570.0,0.02296,480.0,0.022964,240.0
1753617233875,11:53:53.875,bybit,ACH/USDT:USDT,0.022959,1090.0,0.022957,570.0,0.02296,240.0,0.022964,240.0
1753617234273,11:53:54.273,bybit,ACH/USDT:USDT,0.022959,1090.0,0.022957,570.0,0.02296,240.0,0.022964,240.0
1753617234576,11:53:54.576,bybit,ACH/USDT:USDT,0.022959,1090.0,0.022957,570.0,0.02296,240.0,0.022964,240.0
1753617234774,11:53:54.774,bybit,ACH/USDT:USDT,0.022959,1090.0,0.022957,570.0,0.02296,240.0,0.022964,240.0
1753617235476,11:53:55.476,bybit,ACH/USDT:USDT,0.022959,1090.0,0.022957,570.0,0.02296,240.0,0.022964,240.0
1753617235573,11:53:55.573,bybit,ACH/USDT:USDT,0.022959,1090.0,0.022957,570.0,0.02296,240.0,0.022964,240.0
1753617235680,11:53:55.680,bybit,ACH/USDT:USDT,0.022959,1090.0,0.022957,570.0,0.02296,240.0,0.022964,240.0
1753617235876,11:53:55.876,bybit,ACH/USDT:USDT,0.022959,1090.0,0.022957,570.0,0.02296,240.0,0.022964,240.0
1753617235976,11:53:55.976,bybit,ACH/USDT:USDT,0.022959,1090.0,0.022957,570.0,0.02296,240.0,0.022964,240.0
1753617236075,11:53:56.075,bybit,ACH/USDT:USDT,0.022959,1090.0,0.022957,570.0,0.02296,240.0,0.022964,240.0
1753617236674,11:53:56.674,bybit,ACH/USDT:USDT,0.022959,1090.0,0.022957,570.0,0.02296,240.0,0.022964,240.0
1753617237075,11:53:57.075,bybit,ACH/USDT:USDT,0.022959,1090.0,0.022957,570.0,0.02296,240.0,0.022964,240.0
1753617237774,11:53:57.774,bybit,ACH/USDT:USDT,0.022959,1090.0,0.022957,570.0,0.02296,480.0,0.022964,240.0
1753617237874,11:53:57.874,bybit,ACH/USDT:USDT,0.022959,1090.0,0.022957,570.0,0.02296,480.0,0.022964,240.0
1753617237975,11:53:57.975,bybit,ACH/USDT:USDT,0.022959,1090.0,0.022957,570.0,0.02296,480.0,0.022964,240.0
1753617238075,11:53:58.075,bybit,ACH/USDT:USDT,0.022959,1090.0,0.022957,570.0,0.02296,480.0,0.022964,240.0
1753617238275,11:53:58.275,bybit,ACH/USDT:USDT,0.022959,1090.0,0.022957,570.0,0.02296,480.0,0.022964,240.0
1753617238374,11:53:58.374,bybit,ACH/USDT:USDT,0.022959,1090.0,0.022957,570.0,0.02296,480.0,0.022964,240.0
1753617238575,11:53:58.575,bybit,ACH/USDT:USDT,0.022959,1090.0,0.022957,570.0,0.02296,480.0,0.022964,240.0
1753617238676,11:53:58.676,bybit,ACH/USDT:USDT,0.022959,1090.0,0.022957,570.0,0.02296,480.0,0.022964,240.0
1753617239176,11:53:59.176,bybit,ACH/USDT:USDT,0.022959,1090.0,0.022957,570.0,0.02296,480.0,0.022964,240.0
1753617239573,11:53:59.573,bybit,ACH/USDT:USDT,0.022959,1090.0,0.022957,570.0,0.02296,480.0,0.022964,240.0
1753617239680,11:53:59.680,bybit,ACH/USDT:USDT,0.022959,1090.0,0.022957,570.0,0.02296,480.0,0.022964,640.0
1753617239775,11:53:59.775,bybit,ACH/USDT:USDT,0.022959,1090.0,0.022957,570.0,0.02296,480.0,0.022964,640.0
1753617239975,11:53:59.975,bybit,ACH/USDT:USDT,0.022959,1090.0,0.022953,570.0,0.02296,480.0,0.022964,640.0
1753617240176,11:54:00.176,bybit,ACH/USDT:USDT,0.022959,1090.0,0.022953,570.0,0.02296,480.0,0.022964,640.0
1753617240276,11:54:00.276,bybit,ACH/USDT:USDT,0.022959,1090.0,0.022953,570.0,0.02296,480.0,0.022964,640.0
1753617240574,11:54:00.574,bybit,ACH/USDT:USDT,0.022959,1090.0,0.022953,570.0,0.02296,480.0,0.022964,640.0
1753617241275,11:54:01.275,bybit,ACH/USDT:USDT,0.022959,1090.0,0.022953,570.0,0.02296,480.0,0.022964,640.0
1753617241474,11:54:01.474,bybit,ACH/USDT:USDT,0.022959,1090.0,0.022953,570.0,0.02296,480.0,0.022964,640.0
1753617241575,11:54:01.575,bybit,ACH/USDT:USDT,0.022959,1090.0,0.022953,570.0,0.02296,480.0,0.022964,640.0
1753617241681,11:54:01.681,bybit,ACH/USDT:USDT,0.022959,1090.0,0.022953,570.0,0.02296,480.0,0.022964,640.0
1753617242074,11:54:02.074,bybit,ACH/USDT:USDT,0.022953,570.0,0.022951,1640.0,0.02296,810.0,0.022964,640.0
1753617242174,11:54:02.174,bybit,ACH/USDT:USDT,0.022957,1090.0,0.022956,220.0,0.022959,2230.0,0.02296,810.0
1753617242274,11:54:02.274,bybit,ACH/USDT:USDT,0.022957,1090.0,0.022956,220.0,0.022959,2230.0,0.02296,810.0
1753617242373,11:54:02.373,bybit,ACH/USDT:USDT,0.022957,1090.0,0.022956,220.0,0.022959,2230.0,0.02296,810.0
1753617242474,11:54:02.474,bybit,ACH/USDT:USDT,0.022957,1090.0,0.022956,220.0,0.022959,2230.0,0.02296,810.0
1753617242574,11:54:02.574,bybit,ACH/USDT:USDT,0.022957,1090.0,0.022956,220.0,0.022959,2230.0,0.02296,810.0
1753617242675,11:54:02.675,bybit,ACH/USDT:USDT,0.022957,1090.0,0.022956,220.0,0.022959,2230.0,0.02296,810.0
1753617242774,11:54:02.774,bybit,ACH/USDT:USDT,0.022957,1090.0,0.022956,220.0,0.022959,2230.0,0.02296,810.0
1753617242876,11:54:02.876,bybit,ACH/USDT:USDT,0.022958,1090.0,0.022956,220.0,0.022959,2230.0,0.02296,810.0
1753617243075,11:54:03.075,bybit,ACH/USDT:USDT,0.022958,1090.0,0.022956,220.0,0.022959,2230.0,0.02296,480.0
1753617243176,11:54:03.176,bybit,ACH/USDT:USDT,0.022958,1090.0,0.022956,220.0,0.022959,2230.0,0.02296,480.0
1753617243275,11:54:03.275,bybit,ACH/USDT:USDT,0.022958,1090.0,0.022956,220.0,0.022959,2230.0,0.02296,480.0
1753617243575,11:54:03.575,bybit,ACH/USDT:USDT,0.022958,1090.0,0.022956,220.0,0.022959,2230.0,0.02296,480.0
1753617243674,11:54:03.674,bybit,ACH/USDT:USDT,0.022958,1090.0,0.022956,220.0,0.022959,2230.0,0.02296,480.0
1753617244176,11:54:04.176,bybit,ACH/USDT:USDT,0.022958,1090.0,0.022956,220.0,0.022959,2230.0,0.02296,480.0
1753617244275,11:54:04.275,bybit,ACH/USDT:USDT,0.022958,1090.0,0.022956,220.0,0.022959,2230.0,0.02296,480.0
1753617244373,11:54:04.373,bybit,ACH/USDT:USDT,0.022958,1090.0,0.022956,220.0,0.022959,2230.0,0.02296,480.0
1753617244574,11:54:04.574,bybit,ACH/USDT:USDT,0.022958,1090.0,0.022956,220.0,0.022959,2230.0,0.02296,480.0
1753617244775,11:54:04.775,bybit,ACH/USDT:USDT,0.022958,1090.0,0.022956,220.0,0.022959,2230.0,0.02296,480.0
1753617245075,11:54:05.075,bybit,ACH/USDT:USDT,0.022958,1090.0,0.022956,220.0,0.022959,2230.0,0.02296,480.0
1753617245175,11:54:05.175,bybit,ACH/USDT:USDT,0.022956,220.0,0.02295,1070.0,0.022957,1140.0,0.02296,1050.0
1753617245273,11:54:05.273,bybit,ACH/USDT:USDT,0.022956,220.0,0.02295,1070.0,0.022957,1380.0,0.02296,1050.0
1753617245375,11:54:05.375,bybit,ACH/USDT:USDT,0.022956,220.0,0.02295,1070.0,0.022957,1380.0,0.02296,480.0
1753617246075,11:54:06.075,bybit,ACH/USDT:USDT,0.022956,220.0,0.02295,1070.0,0.022957,1870.0,0.02296,1200.0
1753617246175,11:54:06.175,bybit,ACH/USDT:USDT,0.022956,220.0,0.02295,1070.0,0.022957,1870.0,0.02296,1200.0
1753617246279,11:54:06.279,bybit,ACH/USDT:USDT,0.022956,220.0,0.02295,1070.0,0.022957,1870.0,0.02296,1200.0
1753617246375,11:54:06.375,bybit,ACH/USDT:USDT,0.022956,220.0,0.02295,1070.0,0.022957,1870.0,0.02296,1200.0
1753617246674,11:54:06.674,bybit,ACH/USDT:USDT,0.022956,220.0,0.02295,1070.0,0.022957,1870.0,0.02296,1200.0
1753617246776,11:54:06.776,bybit,ACH/USDT:USDT,0.022956,1290.0,0.02295,1070.0,0.022957,1380.0,0.02296,480.0
1753617246873,11:54:06.873,bybit,ACH/USDT:USDT,0.022956,1290.0,0.02295,1070.0,0.022957,1380.0,0.02296,480.0
1753617246973,11:54:06.973,bybit,ACH/USDT:USDT,0.022956,1290.0,0.02295,1070.0,0.022957,1380.0,0.02296,480.0
1753617247074,11:54:07.074,bybit,ACH/USDT:USDT,0.022956,1290.0,0.02295,1070.0,0.022957,1710.0,0.02296,480.0
1753617247175,11:54:07.175,bybit,ACH/USDT:USDT,0.022956,1290.0,0.02295,1070.0,0.022957,1710.0,0.02296,480.0
1753617247274,11:54:07.274,bybit,ACH/USDT:USDT,0.02295,1070.0,0.022948,1290.0,0.022957,1710.0,0.02296,1180.0
1753617247374,11:54:07.374,bybit,ACH/USDT:USDT,0.022948,220.0,0.022943,1790.0,0.022956,2230.0,0.022957,570.0
1753617247473,11:54:07.473,bybit,ACH/USDT:USDT,0.022948,220.0,0.022943,1790.0,0.022956,2950.0,0.022957,570.0
1753617247575,11:54:07.575,bybit,ACH/USDT:USDT,0.022948,220.0,0.022943,1790.0,0.022954,1090.0,0.022955,380.0
1753617247774,11:54:07.774,bybit,ACH/USDT:USDT,0.022948,220.0,0.022943,1790.0,0.022954,1090.0,0.022955,380.0
1753617247876,11:54:07.876,bybit,ACH/USDT:USDT,0.022948,220.0,0.022943,1790.0,0.022954,1090.0,0.022955,380.0
1753617247975,11:54:07.975,bybit,ACH/USDT:USDT,0.022948,220.0,0.022943,1790.0,0.02295,2230.0,0.022951,240.0
1753617248074,11:54:08.074,bybit,ACH/USDT:USDT,0.022948,220.0,0.022943,1790.0,0.022949,1140.0,0.022951,240.0
1753617248177,11:54:08.177,bybit,ACH/USDT:USDT,0.022948,220.0,0.022943,1790.0,0.022949,1140.0,0.022951,240.0
1753617248275,11:54:08.275,bybit,ACH/USDT:USDT,0.022948,220.0,0.022943,1790.0,0.022949,1140.0,0.022951,240.0
1753617248374,11:54:08.374,bybit,ACH/USDT:USDT,0.022948,220.0,0.022943,1790.0,0.022949,1140.0,0.022951,240.0
1753617248475,11:54:08.475,bybit,ACH/USDT:USDT,0.022948,220.0,0.022943,1790.0,0.022949,1140.0,0.022951,240.0
1753617248776,11:54:08.776,bybit,ACH/USDT:USDT,0.022948,220.0,0.022943,1790.0,0.022949,1140.0,0.022951,240.0
1753617248875,11:54:08.875,bybit,ACH/USDT:USDT,0.022948,220.0,0.022943,1790.0,0.022949,1140.0,0.022951,240.0
1753617248976,11:54:08.976,bybit,ACH/USDT:USDT,0.022948,220.0,0.022943,1790.0,0.022949,1140.0,0.022951,240.0
1753617249373,11:54:09.373,bybit,ACH/USDT:USDT,0.022948,220.0,0.022943,1790.0,0.022949,1140.0,0.022951,240.0
1753617249473,11:54:09.473,bybit,ACH/USDT:USDT,0.022948,220.0,0.022943,1790.0,0.022949,1140.0,0.022951,240.0
1753617249575,11:54:09.575,bybit,ACH/USDT:USDT,0.022948,220.0,0.022943,1790.0,0.022949,1140.0,0.022951,240.0
1753617249875,11:54:09.875,bybit,ACH/USDT:USDT,0.022948,220.0,0.022943,1790.0,0.022949,1140.0,0.022951,240.0
1753617249975,11:54:09.975,bybit,ACH/USDT:USDT,0.022948,220.0,0.022943,1790.0,0.022949,1140.0,0.022951,240.0
1753617250676,11:54:10.676,bybit,ACH/USDT:USDT,0.022948,220.0,0.022943,1790.0,0.022949,1140.0,0.022951,240.0
1753617250773,11:54:10.773,bybit,ACH/USDT:USDT,0.022948,220.0,0.022943,1790.0,0.022949,1140.0,0.022951,240.0
1753617251074,11:54:11.074,bybit,ACH/USDT:USDT,0.022948,220.0,0.022943,1790.0,0.022949,1140.0,0.022951,240.0
1753617251173,11:54:11.173,bybit,ACH/USDT:USDT,0.022948,220.0,0.022943,1790.0,0.022949,1140.0,0.022951,240.0
1753617251274,11:54:11.274,bybit,ACH/USDT:USDT,0.022948,220.0,0.022943,1790.0,0.022949,1140.0,0.022951,240.0
1753617251975,11:54:11.975,bybit,ACH/USDT:USDT,0.022948,1290.0,0.022946,880.0,0.022949,920.0,0.022951,240.0
1753617252074,11:54:12.074,bybit,ACH/USDT:USDT,0.022948,1290.0,0.022946,880.0,0.022949,920.0,0.022951,240.0
1753617252674,11:54:12.674,bybit,ACH/USDT:USDT,0.022948,1290.0,0.022946,880.0,0.022949,920.0,0.022951,240.0
1753617252775,11:54:12.775,bybit,ACH/USDT:USDT,0.022948,1290.0,0.022946,880.0,0.022949,920.0,0.022951,240.0
1753617253074,11:54:13.074,bybit,ACH/USDT:USDT,0.022948,1290.0,0.022946,880.0,0.022949,920.0,0.022951,240.0
1753617253975,11:54:13.975,bybit,ACH/USDT:USDT,0.022948,1290.0,0.022946,880.0,0.022949,920.0,0.022951,240.0
1753617254875,11:54:14.875,bybit,ACH/USDT:USDT,0.022948,1290.0,0.022946,880.0,0.022949,920.0,0.022951,240.0
1753617254974,11:54:14.974,bybit,ACH/USDT:USDT,0.022948,1290.0,0.022946,880.0,0.022949,920.0,0.022951,240.0
1753617255274,11:54:15.274,bybit,ACH/USDT:USDT,0.022948,1290.0,0.022946,880.0,0.022949,920.0,0.022951,240.0
1753617255375,11:54:15.375,bybit,ACH/USDT:USDT,0.022948,1290.0,0.022946,880.0,0.022949,920.0,0.022951,240.0
1753617255574,11:54:15.574,bybit,ACH/USDT:USDT,0.022948,1290.0,0.022946,880.0,0.022949,920.0,0.022951,240.0
1753617255677,11:54:15.677,bybit,ACH/USDT:USDT,0.022948,1290.0,0.022946,880.0,0.022949,920.0,0.022951,240.0
1753617255875,11:54:15.875,bybit,ACH/USDT:USDT,0.022948,1290.0,0.022946,880.0,0.022949,920.0,0.022951,240.0
1753617256375,11:54:16.375,bybit,ACH/USDT:USDT,0.022948,1290.0,0.022946,880.0,0.022949,920.0,0.022951,240.0
1753617256474,11:54:16.474,bybit,ACH/USDT:USDT,0.022948,1290.0,0.022946,880.0,0.022949,920.0,0.022951,240.0
1753617257073,11:54:17.073,bybit,ACH/USDT:USDT,0.022948,1290.0,0.022946,880.0,0.022949,920.0,0.022951,240.0
1753617258374,11:54:18.374,bybit,ACH/USDT:USDT,0.022948,1290.0,0.022946,880.0,0.022949,920.0,0.022951,240.0
1753617258475,11:54:18.475,bybit,ACH/USDT:USDT,0.022948,1290.0,0.022946,880.0,0.022949,920.0,0.022951,240.0
1753617258674,11:54:18.674,bybit,ACH/USDT:USDT,0.022948,1290.0,0.022946,880.0,0.022949,920.0,0.022951,240.0
1753617258875,11:54:18.875,bybit,ACH/USDT:USDT,0.022948,1290.0,0.022946,880.0,0.022949,920.0,0.022951,240.0
1753617259075,11:54:19.075,bybit,ACH/USDT:USDT,0.022948,1290.0,0.022946,880.0,0.022949,920.0,0.022951,240.0
1753617259275,11:54:19.275,bybit,ACH/USDT:USDT,0.022948,1290.0,0.022946,880.0,0.022949,920.0,0.022951,240.0
1753617259774,11:54:19.774,bybit,ACH/USDT:USDT,0.022948,1290.0,0.022946,880.0,0.022949,920.0,0.022951,240.0
1753617259875,11:54:19.875,bybit,ACH/USDT:USDT,0.022948,1290.0,0.022946,880.0,0.022949,920.0,0.022951,240.0
1753617260274,11:54:20.274,bybit,ACH/USDT:USDT,0.022948,1290.0,0.022946,880.0,0.022949,920.0,0.022951,240.0
1753617260674,11:54:20.674,bybit,ACH/USDT:USDT,0.022948,1290.0,0.022946,880.0,0.022949,920.0,0.022951,240.0
1753617262074,11:54:22.074,bybit,ACH/USDT:USDT,0.022948,1290.0,0.022946,880.0,0.022949,920.0,0.022951,240.0
1753617262175,11:54:22.175,bybit,ACH/USDT:USDT,0.022948,1290.0,0.022946,880.0,0.022949,920.0,0.022951,240.0
1753617262774,11:54:22.774,bybit,ACH/USDT:USDT,0.022948,1290.0,0.022946,880.0,0.022949,920.0,0.022951,240.0
1753617263074,11:54:23.074,bybit,ACH/USDT:USDT,0.022948,1290.0,0.022946,880.0,0.022949,920.0,0.022951,240.0
1753617263176,11:54:23.176,bybit,ACH/USDT:USDT,0.022948,1290.0,0.022946,880.0,0.022949,920.0,0.022951,240.0
1753617263475,11:54:23.475,bybit,ACH/USDT:USDT,0.022948,1290.0,0.022946,880.0,0.022949,920.0,0.022951,240.0
1753617263574,11:54:23.574,bybit,ACH/USDT:USDT,0.022948,1290.0,0.022946,880.0,0.022949,920.0,0.022951,240.0
1753617263875,11:54:23.875,bybit,ACH/USDT:USDT,0.022948,3790.0,0.022946,880.0,0.022949,920.0,0.022951,240.0
1753617263974,11:54:23.974,bybit,ACH/USDT:USDT,0.022948,3790.0,0.022946,880.0,0.022949,920.0,0.022951,240.0
1753617264076,11:54:24.076,bybit,ACH/USDT:USDT,0.022948,3790.0,0.022946,880.0,0.022949,920.0,0.022951,240.0
1753617265476,11:54:25.476,bybit,ACH/USDT:USDT,0.022948,3790.0,0.022946,880.0,0.022949,920.0,0.022951,240.0
1753617265873,11:54:25.873,bybit,ACH/USDT:USDT,0.022948,3790.0,0.022946,880.0,0.022949,920.0,0.022951,240.0
1753617266275,11:54:26.275,bybit,ACH/USDT:USDT,0.022948,3790.0,0.022946,880.0,0.022949,920.0,0.022951,240.0
1753617266475,11:54:26.475,bybit,ACH/USDT:USDT,0.022948,3790.0,0.022946,880.0,0.022949,920.0,0.022951,240.0
1753617267275,11:54:27.275,bybit,ACH/USDT:USDT,0.022948,3790.0,0.022946,880.0,0.022949,920.0,0.022951,240.0
1753617269176,11:54:29.176,bybit,ACH/USDT:USDT,0.022948,3790.0,0.022946,880.0,0.022949,920.0,0.022951,240.0
1753617269275,11:54:29.275,bybit,ACH/USDT:USDT,0.022948,3790.0,0.022946,880.0,0.022949,920.0,0.022951,240.0
1753617269374,11:54:29.374,bybit,ACH/USDT:USDT,0.022948,3790.0,0.022946,880.0,0.022949,920.0,0.022951,240.0
1753617269474,11:54:29.474,bybit,ACH/USDT:USDT,0.022948,3790.0,0.022946,880.0,0.022949,920.0,0.022951,240.0
1753617269575,11:54:29.575,bybit,ACH/USDT:USDT,0.022948,3790.0,0.022946,880.0,0.022949,920.0,0.022951,240.0
1753617269676,11:54:29.676,bybit,ACH/USDT:USDT,0.022948,3790.0,0.022946,880.0,0.022949,920.0,0.022951,240.0
1753617269775,11:54:29.775,bybit,ACH/USDT:USDT,0.022948,3790.0,0.022946,880.0,0.022949,920.0,0.022951,240.0
1753617269875,11:54:29.875,bybit,ACH/USDT:USDT,0.022948,3790.0,0.022946,880.0,0.022949,920.0,0.022951,240.0
1753617269975,11:54:29.975,bybit,ACH/USDT:USDT,0.022948,3790.0,0.022946,880.0,0.022949,920.0,0.022951,240.0
1753617270273,11:54:30.273,bybit,ACH/USDT:USDT,0.022948,3790.0,0.022946,880.0,0.022949,920.0,0.022951,240.0
1753617270374,11:54:30.374,bybit,ACH/USDT:USDT,0.022948,3790.0,0.022946,880.0,0.022949,920.0,0.022951,240.0
1753617270475,11:54:30.475,bybit,ACH/USDT:USDT,0.022948,3790.0,0.022941,880.0,0.022949,920.0,0.022951,810.0
1753617270574,11:54:30.574,bybit,ACH/USDT:USDT,0.022948,3790.0,0.022941,880.0,0.022949,920.0,0.022951,240.0
1753617270676,11:54:30.676,bybit,ACH/USDT:USDT,0.022948,3790.0,0.022941,880.0,0.022949,920.0,0.022951,240.0
1753617270976,11:54:30.976,bybit,ACH/USDT:USDT,0.022948,3790.0,0.022941,880.0,0.022949,920.0,0.022951,240.0
1753617271275,11:54:31.275,bybit,ACH/USDT:USDT,0.022948,3790.0,0.022941,880.0,0.022949,920.0,0.022951,240.0
1753617271375,11:54:31.375,bybit,ACH/USDT:USDT,0.022948,3790.0,0.022941,880.0,0.022949,920.0,0.022951,240.0
1753617271575,11:54:31.575,bybit,ACH/USDT:USDT,0.022948,3790.0,0.022941,880.0,0.022949,920.0,0.022951,240.0
1753617271673,11:54:31.673,bybit,ACH/USDT:USDT,0.022948,3790.0,0.022941,880.0,0.022949,920.0,0.022951,240.0
1753617272273,11:54:32.273,bybit,ACH/USDT:USDT,0.022948,3790.0,0.022941,880.0,0.022949,920.0,0.022951,240.0
1753617272774,11:54:32.774,bybit,ACH/USDT:USDT,0.022948,3790.0,0.022941,1330.0,0.022949,920.0,0.022951,240.0
1753617273475,11:54:33.475,bybit,ACH/USDT:USDT,0.022939,100.0,0.022935,240.0,0.022947,570.0,0.022948,380.0
1753617273576,11:54:33.576,bybit,ACH/USDT:USDT,0.022939,100.0,0.022935,810.0,0.022944,380.0,0.022945,240.0
1753617273678,11:54:33.678,bybit,ACH/USDT:USDT,0.022939,100.0,0.022935,810.0,0.022943,1140.0,0.022944,380.0
1753617273775,11:54:33.775,bybit,ACH/USDT:USDT,0.022939,100.0,0.022935,810.0,0.022943,1140.0,0.022944,380.0
1753617273974,11:54:33.974,bybit,ACH/USDT:USDT,0.02294,1090.0,0.022939,100.0,0.022943,1140.0,0.022944,380.0
1753617274475,11:54:34.475,bybit,ACH/USDT:USDT,0.02294,1090.0,0.022939,100.0,0.022943,1140.0,0.022944,380.0
1753617274676,11:54:34.676,bybit,ACH/USDT:USDT,0.02294,1090.0,0.022939,100.0,0.022943,1140.0,0.022944,380.0
1753617274774,11:54:34.774,bybit,ACH/USDT:USDT,0.02294,1090.0,0.022939,100.0,0.022943,1140.0,0.022944,380.0
1753617275074,11:54:35.074,bybit,ACH/USDT:USDT,0.02294,1090.0,0.022939,100.0,0.022942,7540.0,0.022944,380.0
1753617275174,11:54:35.174,bybit,ACH/USDT:USDT,0.022941,1090.0,0.022939,100.0,0.022942,7540.0,0.022944,380.0
1753617275475,11:54:35.475,bybit,ACH/USDT:USDT,0.022941,1090.0,0.022939,100.0,0.022942,7540.0,0.022944,380.0
1753617275574,11:54:35.574,bybit,ACH/USDT:USDT,0.022941,1090.0,0.022939,100.0,0.022942,8690.0,0.022944,380.0
1753617276676,11:54:36.676,bybit,ACH/USDT:USDT,0.022941,1090.0,0.022939,100.0,0.022942,8690.0,0.022944,380.0
1753617278375,11:54:38.375,bybit,ACH/USDT:USDT,0.022941,1090.0,0.022939,100.0,0.022942,8690.0,0.022944,380.0
1753617278473,11:54:38.473,bybit,ACH/USDT:USDT,0.022941,1090.0,0.022939,100.0,0.022942,8690.0,0.022944,380.0
1753617278575,11:54:38.575,bybit,ACH/USDT:USDT,0.022941,1090.0,0.022939,100.0,0.022942,8690.0,0.022944,380.0
1753617278774,11:54:38.774,bybit,ACH/USDT:USDT,0.022941,1090.0,0.022939,100.0,0.022942,8690.0,0.022944,380.0
1753617278873,11:54:38.873,bybit,ACH/USDT:USDT,0.022941,1090.0,0.022939,100.0,0.022942,8690.0,0.022944,380.0
1753617278975,11:54:38.975,bybit,ACH/USDT:USDT,0.022941,1090.0,0.022939,100.0,0.022942,8690.0,0.022944,380.0
1753617279075,11:54:39.075,bybit,ACH/USDT:USDT,0.022941,1090.0,0.022939,100.0,0.022942,8690.0,0.022944,380.0
1753617279173,11:54:39.173,bybit,ACH/USDT:USDT,0.022941,1090.0,0.022939,100.0,0.022942,8690.0,0.022944,380.0
1753617279274,11:54:39.274,bybit,ACH/USDT:USDT,0.022941,1090.0,0.022939,100.0,0.022942,8690.0,0.022944,380.0
1753617279376,11:54:39.376,bybit,ACH/USDT:USDT,0.022941,1090.0,0.022939,100.0,0.022942,8690.0,0.022944,380.0
1753617279474,11:54:39.474,bybit,ACH/USDT:USDT,0.022941,1090.0,0.022939,100.0,0.022942,8690.0,0.022944,380.0
1753617279573,11:54:39.573,bybit,ACH/USDT:USDT,0.022941,1090.0,0.022939,100.0,0.022942,7250.0,0.022944,380.0
1753617279873,11:54:39.873,bybit,ACH/USDT:USDT,0.022941,1090.0,0.022939,100.0,0.022942,7250.0,0.022944,380.0
1753617280374,11:54:40.374,bybit,ACH/USDT:USDT,0.022941,1090.0,0.022939,100.0,0.022942,7250.0,0.022944,380.0
1753617280474,11:54:40.474,bybit,ACH/USDT:USDT,0.022941,1090.0,0.022939,100.0,0.022942,7250.0,0.022944,380.0
1753617280675,11:54:40.675,bybit,ACH/USDT:USDT,0.022941,1090.0,0.022939,100.0,0.022942,7250.0,0.022944,380.0
1753617281073,11:54:41.073,bybit,ACH/USDT:USDT,0.022941,1090.0,0.022939,100.0,0.022942,7250.0,0.022944,380.0
1753617281676,11:54:41.676,bybit,ACH/USDT:USDT,0.022941,1090.0,0.022939,100.0,0.022942,7250.0,0.022944,380.0
1753617281775,11:54:41.775,bybit,ACH/USDT:USDT,0.022941,1090.0,0.022939,100.0,0.022942,7250.0,0.022944,380.0
1753617282174,11:54:42.174,bybit,ACH/USDT:USDT,0.022941,1090.0,0.022939,100.0,0.022942,7250.0,0.022944,380.0
1753617282473,11:54:42.473,bybit,ACH/USDT:USDT,0.022941,1090.0,0.022939,100.0,0.022942,7250.0,0.022944,380.0
1753617282575,11:54:42.575,bybit,ACH/USDT:USDT,0.022941,1090.0,0.022939,100.0,0.022942,7250.0,0.022944,380.0
1753617282773,11:54:42.773,bybit,ACH/USDT:USDT,0.022941,1090.0,0.022939,100.0,0.022942,7250.0,0.022944,380.0
1753617283173,11:54:43.173,bybit,ACH/USDT:USDT,0.022941,1090.0,0.022939,100.0,0.022942,7250.0,0.022944,380.0
1753617283475,11:54:43.475,bybit,ACH/USDT:USDT,0.022941,1090.0,0.022939,100.0,0.022942,7250.0,0.022944,380.0
1753617283574,11:54:43.574,bybit,ACH/USDT:USDT,0.022941,1090.0,0.022939,100.0,0.022942,7250.0,0.022944,380.0
1753617284676,11:54:44.676,bybit,ACH/USDT:USDT,0.022941,1090.0,0.022939,100.0,0.022942,7250.0,0.022944,380.0
1753617284775,11:54:44.775,bybit,ACH/USDT:USDT,0.022941,1090.0,0.022939,100.0,0.022942,7250.0,0.022944,380.0
1753617285175,11:54:45.175,bybit,ACH/USDT:USDT,0.022941,1090.0,0.022939,100.0,0.022942,7250.0,0.022944,380.0
1753617286075,11:54:46.075,bybit,ACH/USDT:USDT,0.022941,1090.0,0.022939,100.0,0.022942,7250.0,0.022944,380.0
1753617286176,11:54:46.176,bybit,ACH/USDT:USDT,0.022941,1090.0,0.022939,100.0,0.022942,7250.0,0.022944,380.0
1753617286275,11:54:46.275,bybit,ACH/USDT:USDT,0.022941,1090.0,0.022939,100.0,0.022942,7250.0,0.022944,380.0
1753617286773,11:54:46.773,bybit,ACH/USDT:USDT,0.022941,1090.0,0.022939,100.0,0.022942,7250.0,0.022944,380.0
1753617286975,11:54:46.975,bybit,ACH/USDT:USDT,0.022941,1090.0,0.022939,100.0,0.022942,7250.0,0.022944,380.0
1753617287175,11:54:47.175,bybit,ACH/USDT:USDT,0.022941,1090.0,0.022939,100.0,0.022942,7250.0,0.022944,380.0
1753617287674,11:54:47.674,bybit,ACH/USDT:USDT,0.022941,1090.0,0.022939,100.0,0.022942,7250.0,0.022944,380.0
1753617287775,11:54:47.775,bybit,ACH/USDT:USDT,0.022941,1090.0,0.022939,100.0,0.022942,7250.0,0.022944,380.0
1753617287874,11:54:47.874,bybit,ACH/USDT:USDT,0.022941,1090.0,0.022939,100.0,0.022942,7250.0,0.022944,380.0
1753617287974,11:54:47.974,bybit,ACH/USDT:USDT,0.022941,1090.0,0.022939,100.0,0.022942,7250.0,0.022944,380.0
1753617288075,11:54:48.075,bybit,ACH/USDT:USDT,0.022941,1090.0,0.022939,100.0,0.022942,7250.0,0.022944,380.0
1753617288176,11:54:48.176,bybit,ACH/USDT:USDT,0.022941,1090.0,0.022939,100.0,0.022942,7250.0,0.022944,380.0
1753617288375,11:54:48.375,bybit,ACH/USDT:USDT,0.022941,1090.0,0.022939,100.0,0.022942,7250.0,0.022944,380.0
1753617288575,11:54:48.575,bybit,ACH/USDT:USDT,0.022941,1090.0,0.022939,100.0,0.022942,7250.0,0.022944,380.0
1753617289074,11:54:49.074,bybit,ACH/USDT:USDT,0.022941,1090.0,0.022939,100.0,0.022942,7250.0,0.022944,380.0
1753617289175,11:54:49.175,bybit,ACH/USDT:USDT,0.022941,1090.0,0.022939,100.0,0.022942,7250.0,0.022944,380.0
1753617289475,11:54:49.475,bybit,ACH/USDT:USDT,0.022941,1090.0,0.022939,100.0,0.022942,7250.0,0.022944,380.0
1753617289574,11:54:49.574,bybit,ACH/USDT:USDT,0.022941,1090.0,0.022939,100.0,0.022942,7250.0,0.022944,380.0
1753617289674,11:54:49.674,bybit,ACH/USDT:USDT,0.022941,1090.0,0.022939,100.0,0.022942,7250.0,0.022944,380.0
1753617289775,11:54:49.775,bybit,ACH/USDT:USDT,0.022941,1090.0,0.022939,100.0,0.022942,7250.0,0.022944,380.0
1753617290375,11:54:50.375,bybit,ACH/USDT:USDT,0.022941,1810.0,0.022939,670.0,0.022942,7250.0,0.022944,380.0
1753617290474,11:54:50.474,bybit,ACH/USDT:USDT,0.022941,1810.0,0.022939,670.0,0.022942,7250.0,0.022944,380.0
1753617291176,11:54:51.176,bybit,ACH/USDT:USDT,0.022941,1810.0,0.022939,670.0,0.022942,7250.0,0.022944,380.0
1753617291274,11:54:51.274,bybit,ACH/USDT:USDT,0.022941,1810.0,0.022939,670.0,0.022942,7250.0,0.022944,380.0
1753617291375,11:54:51.375,bybit,ACH/USDT:USDT,0.022941,1810.0,0.022939,670.0,0.022942,7250.0,0.022944,380.0
1753617291473,11:54:51.473,bybit,ACH/USDT:USDT,0.022941,1810.0,0.022939,670.0,0.022942,7250.0,0.022944,380.0
1753617291773,11:54:51.773,bybit,ACH/USDT:USDT,0.022941,1810.0,0.022939,670.0,0.022942,7250.0,0.022944,380.0
1753617292275,11:54:52.275,bybit,ACH/USDT:USDT,0.022941,1810.0,0.022939,670.0,0.022942,7250.0,0.022944,380.0
1753617292476,11:54:52.476,bybit,ACH/USDT:USDT,0.022941,1810.0,0.022939,670.0,0.022942,7250.0,0.022945,240.0
1753617292576,11:54:52.576,bybit,ACH/USDT:USDT,0.022941,1810.0,0.022939,670.0,0.022942,7250.0,0.022945,240.0
1753617292675,11:54:52.675,bybit,ACH/USDT:USDT,0.022941,1810.0,0.022939,670.0,0.022942,7250.0,0.022945,240.0
1753617293775,11:54:53.775,bybit,ACH/USDT:USDT,0.022941,1810.0,0.022939,670.0,0.022942,7250.0,0.022945,240.0
1753617294273,11:54:54.273,bybit,ACH/USDT:USDT,0.022941,1810.0,0.022939,670.0,0.022942,7250.0,0.022945,240.0
1753617294375,11:54:54.375,bybit,ACH/USDT:USDT,0.022941,1810.0,0.022939,670.0,0.022942,7250.0,0.022945,240.0
1753617294874,11:54:54.874,bybit,ACH/USDT:USDT,0.022941,1810.0,0.022939,670.0,0.022942,7250.0,0.022945,240.0
1753617295576,11:54:55.576,bybit,ACH/USDT:USDT,0.022941,1810.0,0.022939,670.0,0.022942,7250.0,0.022945,240.0
1753617295679,11:54:55.679,bybit,ACH/USDT:USDT,0.022941,1810.0,0.022939,670.0,0.022942,7250.0,0.022945,240.0
1753617295974,11:54:55.974,bybit,ACH/USDT:USDT,0.022941,1810.0,0.022939,670.0,0.022942,7250.0,0.022945,240.0
1753617296275,11:54:56.275,bybit,ACH/USDT:USDT,0.022941,1810.0,0.022939,670.0,0.022942,7250.0,0.022945,240.0
1753617296873,11:54:56.873,bybit,ACH/USDT:USDT,0.022941,1810.0,0.022939,670.0,0.022942,7250.0,0.022945,240.0
1753617296975,11:54:56.975,bybit,ACH/USDT:USDT,0.022941,1810.0,0.022939,670.0,0.022942,7250.0,0.022945,240.0
1753617298974,11:54:58.974,bybit,ACH/USDT:USDT,0.022941,1810.0,0.022939,670.0,0.022942,7250.0,0.022945,240.0
1753617299075,11:54:59.075,bybit,ACH/USDT:USDT,0.022941,1810.0,0.022939,670.0,0.022942,7250.0,0.022945,240.0
1753617300175,11:55:00.175,bybit,ACH/USDT:USDT,0.022941,1810.0,0.022939,670.0,0.022942,7250.0,0.022945,240.0
1753617300574,11:55:00.574,bybit,ACH/USDT:USDT,0.022941,1810.0,0.022939,670.0,0.022942,7250.0,0.022945,240.0
1753617300675,11:55:00.675,bybit,ACH/USDT:USDT,0.022941,1810.0,0.022939,670.0,0.022942,7250.0,0.022945,240.0
1753617300774,11:55:00.774,bybit,ACH/USDT:USDT,0.022941,1810.0,0.022939,670.0,0.022942,7250.0,0.022945,240.0
1753617300873,11:55:00.873,bybit,ACH/USDT:USDT,0.022941,1810.0,0.022939,670.0,0.022942,7250.0,0.022945,240.0
1753617300974,11:55:00.974,bybit,ACH/USDT:USDT,0.022941,1810.0,0.022939,670.0,0.022942,7250.0,0.022945,240.0
1753617301075,11:55:01.075,bybit,ACH/USDT:USDT,0.022941,1090.0,0.022939,670.0,0.022942,7250.0,0.022945,240.0
1753617301174,11:55:01.174,bybit,ACH/USDT:USDT,0.022941,1090.0,0.022939,100.0,0.022942,7250.0,0.022945,240.0
1753617301274,11:55:01.274,bybit,ACH/USDT:USDT,0.022941,1090.0,0.022939,100.0,0.022942,7250.0,0.022945,240.0
1753617301375,11:55:01.375,bybit,ACH/USDT:USDT,0.022941,1090.0,0.022939,100.0,0.022942,7250.0,0.022945,240.0
1753617301673,11:55:01.673,bybit,ACH/USDT:USDT,0.022941,1090.0,0.022939,100.0,0.022942,7250.0,0.022945,240.0
1753617302074,11:55:02.074,bybit,ACH/USDT:USDT,0.022941,3270.0,0.022939,100.0,0.022942,7250.0,0.022945,240.0
1753617302175,11:55:02.175,bybit,ACH/USDT:USDT,0.022941,3270.0,0.022939,100.0,0.022942,7250.0,0.022945,240.0
1753617302475,11:55:02.475,bybit,ACH/USDT:USDT,0.022941,1090.0,0.022939,100.0,0.022942,7250.0,0.022945,240.0
1753617302675,11:55:02.675,bybit,ACH/USDT:USDT,0.022941,1090.0,0.022939,100.0,0.022942,7250.0,0.022945,240.0
1753617303174,11:55:03.174,bybit,ACH/USDT:USDT,0.022941,1090.0,0.022939,100.0,0.022942,7250.0,0.022945,240.0
1753617303275,11:55:03.275,bybit,ACH/USDT:USDT,0.022941,1090.0,0.022939,100.0,0.022942,7250.0,0.022945,240.0
1753617303574,11:55:03.574,bybit,ACH/USDT:USDT,0.022941,3270.0,0.022939,100.0,0.022942,7250.0,0.022945,240.0
1753617303674,11:55:03.674,bybit,ACH/USDT:USDT,0.022941,3270.0,0.022939,100.0,0.022942,7250.0,0.022945,240.0
1753617303775,11:55:03.775,bybit,ACH/USDT:USDT,0.022941,1090.0,0.022939,100.0,0.022942,7250.0,0.022945,240.0
1753617303874,11:55:03.874,bybit,ACH/USDT:USDT,0.022941,1090.0,0.022939,100.0,0.022942,7250.0,0.022945,240.0
1753617303974,11:55:03.974,bybit,ACH/USDT:USDT,0.022941,1090.0,0.022939,100.0,0.022942,7480.0,0.022945,240.0
1753617304374,11:55:04.374,bybit,ACH/USDT:USDT,0.022941,1090.0,0.022939,100.0,0.022942,7480.0,0.022945,240.0
1753617304575,11:55:04.575,bybit,ACH/USDT:USDT,0.022941,1090.0,0.022939,100.0,0.022942,7480.0,0.022945,240.0
1753617304675,11:55:04.675,bybit,ACH/USDT:USDT,0.022939,100.0,0.022935,810.0,0.022942,7480.0,0.022945,240.0
1753617304775,11:55:04.775,bybit,ACH/USDT:USDT,0.02294,1090.0,0.022939,100.0,0.022941,1140.0,0.022942,7480.0
1753617304876,11:55:04.876,bybit,ACH/USDT:USDT,0.02294,1090.0,0.022939,100.0,0.022941,1140.0,0.022942,7480.0
1753617304977,11:55:04.977,bybit,ACH/USDT:USDT,0.02294,1090.0,0.022939,100.0,0.022941,1140.0,0.022942,7480.0
1753617305074,11:55:05.074,bybit,ACH/USDT:USDT,0.02294,1090.0,0.022939,100.0,0.022941,1470.0,0.022942,7480.0
1753617305174,11:55:05.174,bybit,ACH/USDT:USDT,0.02294,1090.0,0.022939,100.0,0.022941,1470.0,0.022942,7480.0
1753617305275,11:55:05.275,bybit,ACH/USDT:USDT,0.02294,1090.0,0.022939,100.0,0.022941,1470.0,0.022942,7480.0
1753617305575,11:55:05.575,bybit,ACH/USDT:USDT,0.02294,1090.0,0.022939,100.0,0.022941,1470.0,0.022942,7480.0
1753617305873,11:55:05.873,bybit,ACH/USDT:USDT,0.02294,1090.0,0.022939,100.0,0.022941,1470.0,0.022942,7480.0
1753617305975,11:55:05.975,bybit,ACH/USDT:USDT,0.02294,1090.0,0.022939,100.0,0.022941,1470.0,0.022942,7480.0
1753617306073,11:55:06.073,bybit,ACH/USDT:USDT,0.02294,1090.0,0.022939,100.0,0.022941,1140.0,0.022942,7480.0
1753617306275,11:55:06.275,bybit,ACH/USDT:USDT,0.02294,1090.0,0.022939,100.0,0.022941,1140.0,0.022942,7480.0
1753617306376,11:55:06.376,bybit,ACH/USDT:USDT,0.02294,1090.0,0.022939,100.0,0.022941,1140.0,0.022942,7480.0
1753617306576,11:55:06.576,bybit,ACH/USDT:USDT,0.02294,1090.0,0.022939,100.0,0.022941,1140.0,0.022942,7480.0
1753617307075,11:55:07.075,bybit,ACH/USDT:USDT,0.02294,1090.0,0.022939,100.0,0.022941,1140.0,0.022942,7480.0
1753617307176,11:55:07.176,bybit,ACH/USDT:USDT,0.02294,1090.0,0.022939,100.0,0.022941,1470.0,0.022942,7480.0
1753617307475,11:55:07.475,bybit,ACH/USDT:USDT,0.02294,1090.0,0.022939,100.0,0.022941,330.0,0.022942,7480.0
1753617307573,11:55:07.573,bybit,ACH/USDT:USDT,0.02294,1090.0,0.022939,100.0,0.022941,330.0,0.022942,7480.0
1753617307676,11:55:07.676,bybit,ACH/USDT:USDT,0.02294,1090.0,0.022939,100.0,0.022941,330.0,0.022942,7480.0
1753617308074,11:55:08.074,bybit,ACH/USDT:USDT,0.02294,1090.0,0.022939,100.0,0.022942,7480.0,0.022944,450.0
1753617308176,11:55:08.176,bybit,ACH/USDT:USDT,0.022941,1090.0,0.022939,100.0,0.022942,7480.0,0.022944,450.0
1753617308574,11:55:08.574,bybit,ACH/USDT:USDT,0.022941,1090.0,0.022935,810.0,0.022942,7480.0,0.022944,450.0
1753617308674,11:55:08.674,bybit,ACH/USDT:USDT,0.022941,1090.0,0.022935,810.0,0.022942,7480.0,0.022944,450.0
1753617309176,11:55:09.176,bybit,ACH/USDT:USDT,0.022941,1090.0,0.022935,810.0,0.022942,7810.0,0.022944,450.0
1753617310974,11:55:10.974,bybit,ACH/USDT:USDT,0.022941,1090.0,0.022935,810.0,0.022942,7810.0,0.022944,450.0
1753617311074,11:55:11.074,bybit,ACH/USDT:USDT,0.022941,1090.0,0.022935,810.0,0.022942,7480.0,0.022944,450.0
1753617311174,11:55:11.174,bybit,ACH/USDT:USDT,0.022941,1090.0,0.022937,580.0,0.022942,7480.0,0.022944,450.0
1753617311573,11:55:11.573,bybit,ACH/USDT:USDT,0.022941,1090.0,0.022937,580.0,0.022942,7480.0,0.022944,450.0
1753617311775,11:55:11.775,bybit,ACH/USDT:USDT,0.022941,1090.0,0.022937,580.0,0.022942,7200.0,0.022944,450.0
1753617312274,11:55:12.274,bybit,ACH/USDT:USDT,0.022941,1090.0,0.022937,580.0,0.022942,7200.0,0.022944,450.0
1753617312574,11:55:12.574,bybit,ACH/USDT:USDT,0.022941,1090.0,0.022937,580.0,0.022942,7200.0,0.022944,450.0
1753617313175,11:55:13.175,bybit,ACH/USDT:USDT,0.022941,1090.0,0.022937,580.0,0.022942,7530.0,0.022944,450.0
1753617313375,11:55:13.375,bybit,ACH/USDT:USDT,0.022941,1090.0,0.022937,580.0,0.022942,7530.0,0.022944,450.0
1753617313474,11:55:13.474,bybit,ACH/USDT:USDT,0.022941,1090.0,0.022937,580.0,0.022942,7530.0,0.022944,450.0
1753617313575,11:55:13.575,bybit,ACH/USDT:USDT,0.022941,1090.0,0.022937,580.0,0.022942,7530.0,0.022944,450.0
1753617315075,11:55:15.075,bybit,ACH/USDT:USDT,0.022941,1090.0,0.022937,580.0,0.022942,7530.0,0.022944,450.0
1753617316476,11:55:16.476,bybit,ACH/USDT:USDT,0.022936,1090.0,0.022935,810.0,0.022941,2230.0,0.022942,7530.0
1753617316574,11:55:16.574,bybit,ACH/USDT:USDT,0.022936,1090.0,0.022935,810.0,0.022941,2230.0,0.022942,7530.0
1753617316875,11:55:16.875,bybit,ACH/USDT:USDT,0.022936,1090.0,0.022935,810.0,0.022941,2230.0,0.022942,7530.0
1753617317174,11:55:17.174,bybit,ACH/USDT:USDT,0.022936,1090.0,0.022935,810.0,0.022941,2230.0,0.022942,7200.0
1753617317975,11:55:17.975,bybit,ACH/USDT:USDT,0.022937,1090.0,0.022936,1090.0,0.022941,2230.0,0.022942,7200.0
1753617318074,11:55:18.074,bybit,ACH/USDT:USDT,0.022938,1090.0,0.022935,810.0,0.022941,2230.0,0.022942,7200.0
1753617318175,11:55:18.175,bybit,ACH/USDT:USDT,0.022938,1090.0,0.022935,810.0,0.022941,2230.0,0.022942,7200.0
1753617318275,11:55:18.275,bybit,ACH/USDT:USDT,0.022938,1090.0,0.022935,810.0,0.022941,2230.0,0.022942,7200.0
1753617318573,11:55:18.573,bybit,ACH/USDT:USDT,0.022938,1090.0,0.022935,810.0,0.022941,2230.0,0.022942,7200.0
1753617318676,11:55:18.676,bybit,ACH/USDT:USDT,0.022939,1090.0,0.022935,810.0,0.022941,2230.0,0.022942,7200.0
1753617318875,11:55:18.875,bybit,ACH/USDT:USDT,0.022939,1090.0,0.022935,810.0,0.022941,2230.0,0.022942,7200.0
1753617319176,11:55:19.176,bybit,ACH/USDT:USDT,0.022935,240.0,0.02293,1310.0,0.022939,380.0,0.02294,550.0
1753617319274,11:55:19.274,bybit,ACH/USDT:USDT,0.022936,1090.0,0.022935,240.0,0.022939,380.0,0.02294,550.0
1753617319373,11:55:19.373,bybit,ACH/USDT:USDT,0.022936,1090.0,0.022935,240.0,0.022939,380.0,0.02294,550.0
1753617319575,11:55:19.575,bybit,ACH/USDT:USDT,0.022936,1090.0,0.022935,240.0,0.022939,380.0,0.02294,550.0
1753617319673,11:55:19.673,bybit,ACH/USDT:USDT,0.022936,1090.0,0.022935,240.0,0.022939,380.0,0.02294,550.0
1753617319874,11:55:19.874,bybit,ACH/USDT:USDT,0.022937,1090.0,0.022936,1090.0,0.022939,380.0,0.022942,7200.0
1753617319986,11:55:19.986,bybit,ACH/USDT:USDT,0.022937,1090.0,0.022935,240.0,0.022939,380.0,0.022942,7200.0
1753617320075,11:55:20.075,bybit,ACH/USDT:USDT,0.022938,1090.0,0.022935,240.0,0.022939,710.0,0.022942,7200.0
1753617320174,11:55:20.174,bybit,ACH/USDT:USDT,0.022935,240.0,0.02293,240.0,0.022936,1380.0,0.022939,1220.0
1753617320274,11:55:20.274,bybit,ACH/USDT:USDT,0.022935,240.0,0.02293,240.0,0.022936,1380.0,0.022939,1220.0
1753617320374,11:55:20.374,bybit,ACH/USDT:USDT,0.022935,240.0,0.02293,240.0,0.022936,1960.0,0.022939,1220.0
1753617320475,11:55:20.475,bybit,ACH/USDT:USDT,0.022935,240.0,0.02293,240.0,0.022936,1960.0,0.022939,1220.0
1753617320573,11:55:20.573,bybit,ACH/USDT:USDT,0.022935,240.0,0.02293,240.0,0.022936,1960.0,0.022939,1220.0
1753617320677,11:55:20.677,bybit,ACH/USDT:USDT,0.02293,240.0,0.022927,720.0,0.022935,2810.0,0.022936,820.0
1753617320775,11:55:20.775,bybit,ACH/USDT:USDT,0.022931,1090.0,0.02293,240.0,0.022934,2230.0,0.022936,820.0
1753617320876,11:55:20.876,bybit,ACH/USDT:USDT,0.022931,1090.0,0.02293,240.0,0.022933,380.0,0.022936,240.0
1753617321175,11:55:21.175,bybit,ACH/USDT:USDT,0.022931,1090.0,0.02293,240.0,0.022933,380.0,0.022936,240.0
1753617321275,11:55:21.275,bybit,ACH/USDT:USDT,0.022931,1090.0,0.02293,240.0,0.022933,380.0,0.022936,240.0
1753617321374,11:55:21.374,bybit,ACH/USDT:USDT,0.022931,1090.0,0.02293,240.0,0.022933,380.0,0.022936,240.0
1753617321473,11:55:21.473,bybit,ACH/USDT:USDT,0.022931,1090.0,0.02293,240.0,0.022933,380.0,0.022936,240.0
1753617321573,11:55:21.573,bybit,ACH/USDT:USDT,0.022931,1090.0,0.02293,240.0,0.022933,380.0,0.022936,240.0
1753617321673,11:55:21.673,bybit,ACH/USDT:USDT,0.022932,1090.0,0.02293,240.0,0.022933,380.0,0.022936,240.0
1753617321775,11:55:21.775,bybit,ACH/USDT:USDT,0.022932,1090.0,0.02293,240.0,0.022933,380.0,0.022936,240.0
1753617321975,11:55:21.975,bybit,ACH/USDT:USDT,0.022932,1090.0,0.02293,240.0,0.022933,380.0,0.022936,240.0
1753617322074,11:55:22.074,bybit,ACH/USDT:USDT,0.022932,1090.0,0.02293,240.0,0.022933,380.0,0.022936,240.0
1753617322274,11:55:22.274,bybit,ACH/USDT:USDT,0.022932,1090.0,0.02293,240.0,0.022933,380.0,0.022936,240.0
1753617322375,11:55:22.375,bybit,ACH/USDT:USDT,0.022932,1090.0,0.02293,240.0,0.022933,380.0,0.022936,240.0
1753617322474,11:55:22.474,bybit,ACH/USDT:USDT,0.022932,1090.0,0.02293,240.0,0.022933,380.0,0.022936,240.0
1753617322573,11:55:22.573,bybit,ACH/USDT:USDT,0.022932,1090.0,0.02293,240.0,0.022933,380.0,0.022936,240.0
1753617322675,11:55:22.675,bybit,ACH/USDT:USDT,0.022932,1090.0,0.02293,240.0,0.022933,380.0,0.022936,240.0
1753617322774,11:55:22.774,bybit,ACH/USDT:USDT,0.022932,1090.0,0.02293,240.0,0.022933,380.0,0.022936,240.0
1753617323075,11:55:23.075,bybit,ACH/USDT:USDT,0.022932,1090.0,0.02293,240.0,0.022933,380.0,0.022936,240.0
1753617323176,11:55:23.176,bybit,ACH/USDT:USDT,0.022932,1090.0,0.02293,240.0,0.022933,380.0,0.022936,240.0
1753617323375,11:55:23.375,bybit,ACH/USDT:USDT,0.022932,1090.0,0.02293,240.0,0.022933,380.0,0.022936,240.0
1753617323774,11:55:23.774,bybit,ACH/USDT:USDT,0.022932,1090.0,0.02293,240.0,0.022933,380.0,0.022936,240.0
1753617324374,11:55:24.374,bybit,ACH/USDT:USDT,0.022932,1090.0,0.02293,820.0,0.022933,380.0,0.022936,240.0
1753617324875,11:55:24.875,bybit,ACH/USDT:USDT,0.022932,1090.0,0.02293,820.0,0.022933,380.0,0.022936,240.0
1753617325076,11:55:25.076,bybit,ACH/USDT:USDT,0.022932,1090.0,0.02293,820.0,0.022933,380.0,0.022936,240.0
1753617325273,11:55:25.273,bybit,ACH/USDT:USDT,0.022932,1090.0,0.02293,820.0,0.022933,380.0,0.022936,240.0
1753617325409,11:55:25.409,bybit,ACH/USDT:USDT,0.022932,1090.0,0.02293,820.0,0.022933,380.0,0.022936,240.0
1753617325682,11:55:25.682,bybit,ACH/USDT:USDT,0.022932,1090.0,0.02293,820.0,0.022933,380.0,0.022936,240.0
1753617325775,11:55:25.775,bybit,ACH/USDT:USDT,0.022932,1090.0,0.02293,820.0,0.022933,380.0,0.022936,240.0
1753617326175,11:55:26.175,bybit,ACH/USDT:USDT,0.022932,1090.0,0.02293,820.0,0.022933,380.0,0.022936,240.0
1753617326375,11:55:26.375,bybit,ACH/USDT:USDT,0.022932,1090.0,0.02293,820.0,0.022933,380.0,0.022936,240.0
1753617326676,11:55:26.676,bybit,ACH/USDT:USDT,0.022932,1090.0,0.02293,820.0,0.022933,380.0,0.022936,240.0
1753617326875,11:55:26.875,bybit,ACH/USDT:USDT,0.022932,1090.0,0.02293,820.0,0.022933,380.0,0.022936,240.0
1753617327075,11:55:27.075,bybit,ACH/USDT:USDT,0.022932,1090.0,0.02293,820.0,0.022933,380.0,0.022936,240.0
1753617327873,11:55:27.873,bybit,ACH/USDT:USDT,0.022932,1090.0,0.02293,820.0,0.022933,380.0,0.022936,240.0
1753617327973,11:55:27.973,bybit,ACH/USDT:USDT,0.022932,1090.0,0.02293,820.0,0.022933,380.0,0.022936,240.0
1753617328075,11:55:28.075,bybit,ACH/USDT:USDT,0.022932,1090.0,0.02293,820.0,0.022933,380.0,0.022936,240.0
1753617328475,11:55:28.475,bybit,ACH/USDT:USDT,0.022932,1090.0,0.02293,820.0,0.022933,380.0,0.022936,240.0
1753617329673,11:55:29.673,bybit,ACH/USDT:USDT,0.022932,1090.0,0.02293,820.0,0.022933,380.0,0.022936,240.0
1753617329975,11:55:29.975,bybit,ACH/USDT:USDT,0.022932,1090.0,0.02293,820.0,0.022933,380.0,0.022936,240.0
1753617330475,11:55:30.475,bybit,ACH/USDT:USDT,0.022932,1090.0,0.02293,820.0,0.022933,380.0,0.022936,240.0
1753617330676,11:55:30.676,bybit,ACH/USDT:USDT,0.022932,1090.0,0.02293,820.0,0.022933,380.0,0.022936,240.0
1753617330775,11:55:30.775,bybit,ACH/USDT:USDT,0.022932,1090.0,0.02293,820.0,0.022933,380.0,0.022936,240.0
1753617331375,11:55:31.375,bybit,ACH/USDT:USDT,0.022932,1090.0,0.02293,820.0,0.022933,380.0,0.022936,240.0
1753617331475,11:55:31.475,bybit,ACH/USDT:USDT,0.022932,1090.0,0.02293,820.0,0.022933,380.0,0.022936,240.0
1753617331575,11:55:31.575,bybit,ACH/USDT:USDT,0.022932,1090.0,0.02293,820.0,0.022933,380.0,0.022936,240.0
1753617331775,11:55:31.775,bybit,ACH/USDT:USDT,0.022932,1090.0,0.02293,820.0,0.022933,380.0,0.022936,240.0
1753617331874,11:55:31.874,bybit,ACH/USDT:USDT,0.022932,1090.0,0.02293,820.0,0.022933,380.0,0.022936,240.0
1753617331976,11:55:31.976,bybit,ACH/USDT:USDT,0.022939,2180.0,0.022934,580.0,0.022942,7210.0,0.022945,240.0
1753617332076,11:55:32.076,bybit,ACH/USDT:USDT,0.022939,2180.0,0.022934,580.0,0.022942,7210.0,0.022945,240.0
1753617332174,11:55:32.174,bybit,ACH/USDT:USDT,0.02294,1090.0,0.022934,580.0,0.022942,7210.0,0.022945,240.0
1753617332275,11:55:32.275,bybit,ACH/USDT:USDT,0.02294,1090.0,0.022934,580.0,0.022942,7210.0,0.022945,240.0
1753617332373,11:55:32.373,bybit,ACH/USDT:USDT,0.022941,1090.0,0.022934,580.0,0.022942,7210.0,0.022945,240.0
1753617332575,11:55:32.575,bybit,ACH/USDT:USDT,0.022941,1090.0,0.022934,580.0,0.022942,7210.0,0.022945,240.0
1753617332676,11:55:32.676,bybit,ACH/USDT:USDT,0.022941,1090.0,0.022934,580.0,0.022942,7210.0,0.022945,240.0
1753617332775,11:55:32.775,bybit,ACH/USDT:USDT,0.022941,1090.0,0.022934,580.0,0.022942,7210.0,0.022945,240.0
1753617332874,11:55:32.874,bybit,ACH/USDT:USDT,0.022941,1090.0,0.022934,580.0,0.022942,7210.0,0.022945,240.0
1753617332975,11:55:32.975,bybit,ACH/USDT:USDT,0.022941,1090.0,0.022934,580.0,0.022942,7210.0,0.022945,240.0
1753617333074,11:55:33.074,bybit,ACH/USDT:USDT,0.022941,1090.0,0.022934,580.0,0.022942,7210.0,0.022945,240.0
1753617333677,11:55:33.677,bybit,ACH/USDT:USDT,0.022941,1090.0,0.022934,580.0,0.022942,7210.0,0.022945,240.0
1753617333775,11:55:33.775,bybit,ACH/USDT:USDT,0.022941,1090.0,0.022934,580.0,0.022942,7210.0,0.022945,240.0
1753617334075,11:55:34.075,bybit,ACH/USDT:USDT,0.022933,1070.0,0.022932,1070.0,0.02294,570.0,0.022942,7210.0
1753617334174,11:55:34.174,bybit,ACH/USDT:USDT,0.022931,1090.0,0.02293,240.0,0.022938,4360.0,0.022939,380.0
1753617334275,11:55:34.275,bybit,ACH/USDT:USDT,0.022932,1090.0,0.02293,240.0,0.022938,1140.0,0.022939,380.0
1753617334476,11:55:34.476,bybit,ACH/USDT:USDT,0.022934,1090.0,0.02293,240.0,0.022938,1140.0,0.022939,380.0
1753617334573,11:55:34.573,bybit,ACH/USDT:USDT,0.022934,1090.0,0.02293,240.0,0.022938,1140.0,0.022939,380.0
1753617334674,11:55:34.674,bybit,ACH/USDT:USDT,0.022935,1090.0,0.02293,240.0,0.022938,1140.0,0.022939,380.0
1753617334773,11:55:34.773,bybit,ACH/USDT:USDT,0.022935,1090.0,0.02293,240.0,0.022938,1690.0,0.022939,380.0
1753617335176,11:55:35.176,bybit,ACH/USDT:USDT,0.022935,1090.0,0.02293,240.0,0.022938,1690.0,0.022939,380.0
1753617335274,11:55:35.274,bybit,ACH/USDT:USDT,0.022935,1090.0,0.02293,240.0,0.022938,1690.0,0.022939,380.0
1753617335375,11:55:35.375,bybit,ACH/USDT:USDT,0.022935,1090.0,0.02293,240.0,0.022938,1690.0,0.022939,380.0
1753617335475,11:55:35.475,bybit,ACH/USDT:USDT,0.022936,1090.0,0.02293,240.0,0.022938,1140.0,0.022939,380.0
1753617336677,11:55:36.677,bybit,ACH/USDT:USDT,0.022936,1090.0,0.02293,240.0,0.022938,1140.0,0.022939,380.0
1753617337076,11:55:37.076,bybit,ACH/USDT:USDT,0.022936,1090.0,0.02293,240.0,0.022938,1140.0,0.022939,380.0
1753617337475,11:55:37.475,bybit,ACH/USDT:USDT,0.022936,1090.0,0.02293,240.0,0.022938,1140.0,0.022939,380.0
1753617337775,11:55:37.775,bybit,ACH/USDT:USDT,0.022937,1090.0,0.02293,240.0,0.022938,1140.0,0.022939,380.0
1753617337875,11:55:37.875,bybit,ACH/USDT:USDT,0.022937,1090.0,0.02293,240.0,0.022938,1140.0,0.022939,380.0
1753617338274,11:55:38.274,bybit,ACH/USDT:USDT,0.022937,1090.0,0.02293,240.0,0.022938,1140.0,0.022939,380.0
1753617338574,11:55:38.574,bybit,ACH/USDT:USDT,0.022937,1090.0,0.02293,240.0,0.022938,1140.0,0.022939,380.0
1753617338675,11:55:38.675,bybit,ACH/USDT:USDT,0.022937,1090.0,0.02293,240.0,0.022938,1140.0,0.022939,380.0
1753617339374,11:55:39.374,bybit,ACH/USDT:USDT,0.022937,1090.0,0.02293,960.0,0.022938,1140.0,0.022939,380.0
1753617339773,11:55:39.773,bybit,ACH/USDT:USDT,0.022937,1090.0,0.02293,960.0,0.022938,1140.0,0.022939,380.0
1753617340675,11:55:40.675,bybit,ACH/USDT:USDT,0.022937,1090.0,0.02293,960.0,0.022938,1140.0,0.022939,380.0
1753617340974,11:55:40.974,bybit,ACH/USDT:USDT,0.022937,1090.0,0.02293,960.0,0.022938,1140.0,0.022939,380.0
1753617341673,11:55:41.673,bybit,ACH/USDT:USDT,0.022937,1090.0,0.02293,960.0,0.022938,1140.0,0.022939,380.0
1753617341775,11:55:41.775,bybit,ACH/USDT:USDT,0.02293,960.0,0.022928,570.0,0.022936,380.0,0.022938,520.0
1753617341876,11:55:41.876,bybit,ACH/USDT:USDT,0.02293,240.0,0.022928,570.0,0.022935,2230.0,0.022936,830.0
1753617341975,11:55:41.975,bybit,ACH/USDT:USDT,0.02293,240.0,0.022928,570.0,0.022935,2230.0,0.022936,830.0
1753617342075,11:55:42.075,bybit,ACH/USDT:USDT,0.02293,240.0,0.022928,570.0,0.022934,2230.0,0.022936,830.0
1753617342175,11:55:42.175,bybit,ACH/USDT:USDT,0.022931,1090.0,0.02293,240.0,0.022933,380.0,0.022936,380.0
1753617342275,11:55:42.275,bybit,ACH/USDT:USDT,0.022931,1090.0,0.02293,240.0,0.022933,380.0,0.022936,380.0
1753617342374,11:55:42.374,bybit,ACH/USDT:USDT,0.022932,1090.0,0.022931,1090.0,0.022933,380.0,0.022936,380.0
1753617342474,11:55:42.474,bybit,ACH/USDT:USDT,0.022932,1090.0,0.02293,240.0,0.022933,380.0,0.022936,380.0
1753617342574,11:55:42.574,bybit,ACH/USDT:USDT,0.022932,1090.0,0.02293,240.0,0.022933,380.0,0.022936,380.0
1753617342676,11:55:42.676,bybit,ACH/USDT:USDT,0.022932,1090.0,0.02293,240.0,0.022933,1260.0,0.022936,380.0
1753617343683,11:55:43.683,bybit,ACH/USDT:USDT,0.022932,1090.0,0.02293,240.0,0.022933,1260.0,0.022936,380.0
1753617344173,11:55:44.173,bybit,ACH/USDT:USDT,0.022932,1090.0,0.02293,240.0,0.022933,1260.0,0.022936,380.0
1753617344674,11:55:44.674,bybit,ACH/USDT:USDT,0.022932,1090.0,0.02293,240.0,0.022933,1260.0,0.022936,380.0
1753617344775,11:55:44.775,bybit,ACH/USDT:USDT,0.022932,1090.0,0.02293,240.0,0.022933,8040.0,0.022936,380.0
1753617344873,11:55:44.873,bybit,ACH/USDT:USDT,0.022932,1090.0,0.02293,240.0,0.022933,8040.0,0.022936,380.0
1753617344975,11:55:44.975,bybit,ACH/USDT:USDT,0.022932,1090.0,0.02293,240.0,0.022933,8040.0,0.022936,380.0
1753617345174,11:55:45.174,bybit,ACH/USDT:USDT,0.022932,1090.0,0.02293,240.0,0.022933,8040.0,0.022936,380.0
1753617346274,11:55:46.274,bybit,ACH/USDT:USDT,0.022932,1090.0,0.02293,240.0,0.022933,8040.0,0.022936,380.0
1753617346775,11:55:46.775,bybit,ACH/USDT:USDT,0.022932,1090.0,0.02293,240.0,0.022933,8040.0,0.022936,380.0
1753617346975,11:55:46.975,bybit,ACH/USDT:USDT,0.022932,1090.0,0.02293,240.0,0.022933,8040.0,0.022936,380.0
1753617347074,11:55:47.074,bybit,ACH/USDT:USDT,0.022932,1090.0,0.02293,240.0,0.022933,8040.0,0.022936,380.0
1753617347176,11:55:47.176,bybit,ACH/USDT:USDT,0.022932,1090.0,0.02293,240.0,0.022933,8040.0,0.022936,380.0
1753617347273,11:55:47.273,bybit,ACH/USDT:USDT,0.022932,1090.0,0.02293,240.0,0.022933,8040.0,0.022936,380.0
1753617347374,11:55:47.374,bybit,ACH/USDT:USDT,0.022932,1090.0,0.02293,240.0,0.022933,8040.0,0.022936,380.0
1753617347574,11:55:47.574,bybit,ACH/USDT:USDT,0.022932,1090.0,0.02293,240.0,0.022933,8040.0,0.022936,380.0
1753617347678,11:55:47.678,bybit,ACH/USDT:USDT,0.022932,1090.0,0.02293,240.0,0.022933,8040.0,0.022936,380.0
1753617347775,11:55:47.775,bybit,ACH/USDT:USDT,0.022932,1090.0,0.02293,240.0,0.022933,8040.0,0.022936,380.0
1753617347874,11:55:47.874,bybit,ACH/USDT:USDT,0.022932,1090.0,0.02293,240.0,0.022933,8040.0,0.022936,380.0
1753617347975,11:55:47.975,bybit,ACH/USDT:USDT,0.022932,1090.0,0.02293,240.0,0.022933,8040.0,0.022936,380.0
1753617348174,11:55:48.174,bybit,ACH/USDT:USDT,0.022932,1090.0,0.02293,240.0,0.022933,7660.0,0.022936,380.0
1753617348274,11:55:48.274,bybit,ACH/USDT:USDT,0.022932,1090.0,0.02293,240.0,0.022933,7660.0,0.022936,380.0
1753617348374,11:55:48.374,bybit,ACH/USDT:USDT,0.022932,1090.0,0.02293,240.0,0.022933,7660.0,0.022936,380.0
1753617348474,11:55:48.474,bybit,ACH/USDT:USDT,0.022932,1090.0,0.02293,240.0,0.022933,7660.0,0.022936,380.0
1753617349680,11:55:49.680,bybit,ACH/USDT:USDT,0.022932,1090.0,0.02293,240.0,0.022933,7890.0,0.022936,380.0
1753617350575,11:55:50.575,bybit,ACH/USDT:USDT,0.022932,1090.0,0.02293,240.0,0.022933,7890.0,0.022936,380.0
1753617350675,11:55:50.675,bybit,ACH/USDT:USDT,0.022932,1090.0,0.02293,240.0,0.022933,7890.0,0.022936,380.0
1753617351275,11:55:51.275,bybit,ACH/USDT:USDT,0.022932,1090.0,0.02293,240.0,0.022933,7890.0,0.022936,380.0
1753617351876,11:55:51.876,bybit,ACH/USDT:USDT,0.022932,1090.0,0.02293,240.0,0.022933,7890.0,0.022936,380.0
1753617351975,11:55:51.975,bybit,ACH/USDT:USDT,0.022932,1090.0,0.02293,240.0,0.022933,7890.0,0.022936,380.0
1753617352875,11:55:52.875,bybit,ACH/USDT:USDT,0.022932,1090.0,0.02293,240.0,0.022933,7890.0,0.022936,380.0
1753617353475,11:55:53.475,bybit,ACH/USDT:USDT,0.022932,1090.0,0.02293,240.0,0.022933,7890.0,0.022936,380.0
1753617354375,11:55:54.375,bybit,ACH/USDT:USDT,0.022932,1090.0,0.02293,240.0,0.022933,7890.0,0.022936,380.0
1753617354676,11:55:54.676,bybit,ACH/USDT:USDT,0.022932,1090.0,0.02293,240.0,0.022933,7890.0,0.022936,380.0
1753617354875,11:55:54.875,bybit,ACH/USDT:USDT,0.022932,1090.0,0.02293,240.0,0.022933,7890.0,0.022936,380.0
1753617354975,11:55:54.975,bybit,ACH/USDT:USDT,0.022932,1090.0,0.02293,240.0,0.022933,7890.0,0.022936,380.0
1753617355174,11:55:55.174,bybit,ACH/USDT:USDT,0.022932,1090.0,0.02293,240.0,0.022933,7890.0,0.022936,380.0
1753617355374,11:55:55.374,bybit,ACH/USDT:USDT,0.022932,1090.0,0.02293,240.0,0.022933,7890.0,0.022936,380.0
1753617356075,11:55:56.075,bybit,ACH/USDT:USDT,0.022932,1090.0,0.02293,240.0,0.022933,7890.0,0.022936,380.0
1753617356175,11:55:56.175,bybit,ACH/USDT:USDT,0.022932,1090.0,0.02293,240.0,0.022933,7890.0,0.022936,380.0
1753617356675,11:55:56.675,bybit,ACH/USDT:USDT,0.022932,1090.0,0.02293,240.0,0.022933,7890.0,0.022936,380.0
1753617356975,11:55:56.975,bybit,ACH/USDT:USDT,0.022932,1090.0,0.02293,240.0,0.022933,7890.0,0.022936,380.0
1753617357375,11:55:57.375,bybit,ACH/USDT:USDT,0.022932,1090.0,0.02293,240.0,0.022933,7890.0,0.022936,380.0
1753617357974,11:55:57.974,bybit,ACH/USDT:USDT,0.022932,1090.0,0.02293,240.0,0.022933,7890.0,0.022936,380.0
1753617358274,11:55:58.274,bybit,ACH/USDT:USDT,0.02293,240.0,0.022926,720.0,0.022933,7890.0,0.022936,380.0
1753617358375,11:55:58.375,bybit,ACH/USDT:USDT,0.02293,240.0,0.022926,720.0,0.022932,2230.0,0.022933,7890.0
1753617358475,11:55:58.475,bybit,ACH/USDT:USDT,0.02293,240.0,0.022926,720.0,0.022932,2230.0,0.022933,7890.0
1753617358574,11:55:58.574,bybit,ACH/USDT:USDT,0.02293,240.0,0.022926,720.0,0.022932,2230.0,0.022933,7890.0
1753617358773,11:55:58.773,bybit,ACH/USDT:USDT,0.022931,1090.0,0.02293,240.0,0.022932,2230.0,0.022933,7890.0
1753617358875,11:55:58.875,bybit,ACH/USDT:USDT,0.022931,1090.0,0.02293,240.0,0.022932,2230.0,0.022933,7890.0
1753617358973,11:55:58.973,bybit,ACH/USDT:USDT,0.022931,1090.0,0.02293,240.0,0.022932,2230.0,0.022933,7890.0
1753617359174,11:55:59.174,bybit,ACH/USDT:USDT,0.022931,1090.0,0.02293,240.0,0.022932,2230.0,0.022933,7890.0
1753617359274,11:55:59.274,bybit,ACH/USDT:USDT,0.022931,1090.0,0.02293,240.0,0.022932,2230.0,0.022933,7890.0
1753617359374,11:55:59.374,bybit,ACH/USDT:USDT,0.022931,1090.0,0.02293,240.0,0.022932,2230.0,0.022933,7890.0
1753617359474,11:55:59.474,bybit,ACH/USDT:USDT,0.022931,1090.0,0.02293,240.0,0.022932,2230.0,0.022933,7890.0
1753617359775,11:55:59.775,bybit,ACH/USDT:USDT,0.022931,1090.0,0.02293,240.0,0.022932,2230.0,0.022933,7890.0
1753617360073,11:56:00.073,bybit,ACH/USDT:USDT,0.022931,1090.0,0.02293,240.0,0.022932,2230.0,0.022933,7890.0
1753617360775,11:56:00.775,bybit,ACH/USDT:USDT,0.022931,1090.0,0.02293,240.0,0.022932,2230.0,0.022933,7890.0
1753617360875,11:56:00.875,bybit,ACH/USDT:USDT,0.022931,1090.0,0.02293,240.0,0.022932,2230.0,0.022933,7890.0
1753617360974,11:56:00.974,bybit,ACH/USDT:USDT,0.022931,1090.0,0.02293,240.0,0.022932,2230.0,0.022933,7890.0
1753617361075,11:56:01.075,bybit,ACH/USDT:USDT,0.022931,1090.0,0.02293,240.0,0.022932,2230.0,0.022933,7890.0
1753617361373,11:56:01.373,bybit,ACH/USDT:USDT,0.022931,1090.0,0.02293,240.0,0.022932,2230.0,0.022933,7890.0
1753617361473,11:56:01.473,bybit,ACH/USDT:USDT,0.022931,1090.0,0.02293,240.0,0.022932,2230.0,0.022933,7890.0
1753617361575,11:56:01.575,bybit,ACH/USDT:USDT,0.022931,1090.0,0.02293,240.0,0.022932,2230.0,0.022933,7890.0
1753617361680,11:56:01.680,bybit,ACH/USDT:USDT,0.022931,1090.0,0.02293,240.0,0.022932,2230.0,0.022933,7890.0
1753617362275,11:56:02.275,bybit,ACH/USDT:USDT,0.022931,1090.0,0.02293,240.0,0.022932,2230.0,0.022933,7890.0
1753617362575,11:56:02.575,bybit,ACH/USDT:USDT,0.022931,1090.0,0.02293,240.0,0.022932,2230.0,0.022933,7890.0
1753617362677,11:56:02.677,bybit,ACH/USDT:USDT,0.022931,1090.0,0.02293,240.0,0.022932,2230.0,0.022933,7890.0
1753617363475,11:56:03.475,bybit,ACH/USDT:USDT,0.022931,1090.0,0.02293,240.0,0.022932,2230.0,0.022933,7890.0
1753617363574,11:56:03.574,bybit,ACH/USDT:USDT,0.022931,1090.0,0.02293,240.0,0.022932,2230.0,0.022933,7890.0
1753617363676,11:56:03.676,bybit,ACH/USDT:USDT,0.022931,1090.0,0.02293,240.0,0.022932,2230.0,0.022933,7890.0
1753617363773,11:56:03.773,bybit,ACH/USDT:USDT,0.022931,1090.0,0.02293,240.0,0.022932,2230.0,0.022933,7890.0
1753617363875,11:56:03.875,bybit,ACH/USDT:USDT,0.022931,1090.0,0.02293,240.0,0.022932,2230.0,0.022933,7890.0
1753617364175,11:56:04.175,bybit,ACH/USDT:USDT,0.022931,1090.0,0.02293,240.0,0.022932,2230.0,0.022933,7890.0
1753617364373,11:56:04.373,bybit,ACH/USDT:USDT,0.022931,1090.0,0.02293,240.0,0.022932,2230.0,0.022933,7890.0
1753617364474,11:56:04.474,bybit,ACH/USDT:USDT,0.022931,1090.0,0.02293,240.0,0.022932,2230.0,0.022933,7890.0
1753617365075,11:56:05.075,bybit,ACH/USDT:USDT,0.022931,1090.0,0.02293,240.0,0.022932,2230.0,0.022933,7890.0
1753617365475,11:56:05.475,bybit,ACH/USDT:USDT,0.022931,1090.0,0.02293,240.0,0.022932,2230.0,0.022933,7890.0
1753617365575,11:56:05.575,bybit,ACH/USDT:USDT,0.022931,1090.0,0.02293,240.0,0.022932,2230.0,0.022933,7890.0
1753617365677,11:56:05.677,bybit,ACH/USDT:USDT,0.022931,1090.0,0.02293,240.0,0.022932,2230.0,0.022933,7890.0
1753617366274,11:56:06.274,bybit,ACH/USDT:USDT,0.022931,1090.0,0.02293,240.0,0.022932,2230.0,0.022933,7890.0
1753617366374,11:56:06.374,bybit,ACH/USDT:USDT,0.022931,1090.0,0.02293,240.0,0.022932,2230.0,0.022933,7890.0
1753617366598,11:56:06.598,bybit,ACH/USDT:USDT,0.022931,1090.0,0.02293,240.0,0.022932,2230.0,0.022933,7890.0
1753617366675,11:56:06.675,bybit,ACH/USDT:USDT,0.022931,1090.0,0.02293,240.0,0.022932,2230.0,0.022933,7890.0
1753617367474,11:56:07.474,bybit,ACH/USDT:USDT,0.022931,1090.0,0.02293,240.0,0.022932,2230.0,0.022933,7890.0
1753617368275,11:56:08.275,bybit,ACH/USDT:USDT,0.022931,1090.0,0.02293,240.0,0.022932,2230.0,0.022933,7890.0
1753617369474,11:56:09.474,bybit,ACH/USDT:USDT,0.022931,1090.0,0.02293,240.0,0.022932,2230.0,0.022933,7890.0
1753617369575,11:56:09.575,bybit,ACH/USDT:USDT,0.022931,1090.0,0.02293,240.0,0.022932,2230.0,0.022933,7890.0
1753617369975,11:56:09.975,bybit,ACH/USDT:USDT,0.022931,1090.0,0.02293,240.0,0.022932,2230.0,0.022933,7890.0
1753617370275,11:56:10.275,bybit,ACH/USDT:USDT,0.022931,1090.0,0.02293,240.0,0.022932,2230.0,0.022933,7890.0
1753617370675,11:56:10.675,bybit,ACH/USDT:USDT,0.022931,1090.0,0.02293,240.0,0.022932,2230.0,0.022933,7890.0
1753617371074,11:56:11.074,bybit,ACH/USDT:USDT,0.022931,1090.0,0.02293,240.0,0.022932,2230.0,0.022933,7890.0
1753617371175,11:56:11.175,bybit,ACH/USDT:USDT,0.022931,1090.0,0.02293,240.0,0.022932,2230.0,0.022933,7890.0
1753617371775,11:56:11.775,bybit,ACH/USDT:USDT,0.022931,1090.0,0.02293,240.0,0.022932,2230.0,0.022933,7890.0
1753617372274,11:56:12.274,bybit,ACH/USDT:USDT,0.022931,1090.0,0.02293,240.0,0.022933,7890.0,0.022936,380.0
1753617372373,11:56:12.373,bybit,ACH/USDT:USDT,0.022932,1090.0,0.02293,240.0,0.022933,7890.0,0.022936,380.0
1753617372475,11:56:12.475,bybit,ACH/USDT:USDT,0.022932,1090.0,0.02293,240.0,0.022933,7890.0,0.022936,380.0
1753617372574,11:56:12.574,bybit,ACH/USDT:USDT,0.022932,1090.0,0.02293,240.0,0.022933,7890.0,0.022936,380.0
1753617372975,11:56:12.975,bybit,ACH/USDT:USDT,0.022932,1090.0,0.02293,240.0,0.022933,7890.0,0.022936,380.0
1753617373175,11:56:13.175,bybit,ACH/USDT:USDT,0.022932,1090.0,0.02293,240.0,0.022933,7890.0,0.022936,380.0
1753617373274,11:56:13.274,bybit,ACH/USDT:USDT,0.022932,1090.0,0.02293,240.0,0.022933,7890.0,0.022936,380.0
1753617373575,11:56:13.575,bybit,ACH/USDT:USDT,0.022932,1090.0,0.02293,240.0,0.022933,7890.0,0.022936,380.0
1753617373682,11:56:13.682,bybit,ACH/USDT:USDT,0.022932,1090.0,0.02293,240.0,0.022933,7890.0,0.022936,380.0
1753617373775,11:56:13.775,bybit,ACH/USDT:USDT,0.022932,1090.0,0.02293,240.0,0.022933,7890.0,0.022936,380.0
1753617375677,11:56:15.677,bybit,ACH/USDT:USDT,0.022932,1090.0,0.02293,240.0,0.022933,7890.0,0.022936,380.0
1753617375774,11:56:15.774,bybit,ACH/USDT:USDT,0.022932,1090.0,0.02293,240.0,0.022933,7890.0,0.022936,380.0
1753617375874,11:56:15.874,bybit,ACH/USDT:USDT,0.022932,1090.0,0.02293,240.0,0.022933,7890.0,0.022936,380.0
1753617377274,11:56:17.274,bybit,ACH/USDT:USDT,0.022932,1090.0,0.02293,240.0,0.022933,7890.0,0.022936,380.0
1753617377375,11:56:17.375,bybit,ACH/USDT:USDT,0.022932,1090.0,0.02293,240.0,0.022933,7890.0,0.022936,380.0
1753617377573,11:56:17.573,bybit,ACH/USDT:USDT,0.022932,1090.0,0.02293,240.0,0.022933,7890.0,0.022936,380.0
1753617377678,11:56:17.678,bybit,ACH/USDT:USDT,0.022932,1090.0,0.02293,240.0,0.022933,7890.0,0.022936,380.0
1753617377975,11:56:17.975,bybit,ACH/USDT:USDT,0.022932,1090.0,0.02293,240.0,0.022933,7890.0,0.022936,380.0
1753617378076,11:56:18.076,bybit,ACH/USDT:USDT,0.022932,1090.0,0.02293,240.0,0.022933,7890.0,0.022936,380.0
1753617379175,11:56:19.175,bybit,ACH/USDT:USDT,0.022932,1090.0,0.02293,240.0,0.022933,7890.0,0.022936,380.0
1753617379274,11:56:19.274,bybit,ACH/USDT:USDT,0.022932,1090.0,0.02293,240.0,0.022933,7890.0,0.022936,380.0
1753617379375,11:56:19.375,bybit,ACH/USDT:USDT,0.022932,1090.0,0.02293,240.0,0.022933,7890.0,0.022936,380.0
1753617379475,11:56:19.475,bybit,ACH/USDT:USDT,0.022932,1090.0,0.02293,240.0,0.022933,7890.0,0.022936,380.0
1753617379875,11:56:19.875,bybit,ACH/USDT:USDT,0.022932,1090.0,0.02293,240.0,0.022933,7890.0,0.022936,380.0
1753617379975,11:56:19.975,bybit,ACH/USDT:USDT,0.022932,1090.0,0.02293,240.0,0.022933,7890.0,0.022936,380.0
1753617380677,11:56:20.677,bybit,ACH/USDT:USDT,0.022932,1090.0,0.02293,240.0,0.022933,7890.0,0.022936,380.0
1753617380776,11:56:20.776,bybit,ACH/USDT:USDT,0.022932,1090.0,0.02293,240.0,0.022933,7890.0,0.022936,380.0
1753617381075,11:56:21.075,bybit,ACH/USDT:USDT,0.022932,1090.0,0.02293,240.0,0.022933,7890.0,0.022936,380.0
1753617381678,11:56:21.678,bybit,ACH/USDT:USDT,0.022932,1090.0,0.02293,240.0,0.022933,7990.0,0.022936,380.0
1753617381974,11:56:21.974,bybit,ACH/USDT:USDT,0.022932,1090.0,0.02293,240.0,0.022933,7990.0,0.022936,380.0
1753617382674,11:56:22.674,bybit,ACH/USDT:USDT,0.022932,1090.0,0.02293,240.0,0.022933,7990.0,0.022936,380.0
1753617382973,11:56:22.973,bybit,ACH/USDT:USDT,0.022932,1090.0,0.02293,240.0,0.022933,7990.0,0.022936,380.0
1753617383274,11:56:23.274,bybit,ACH/USDT:USDT,0.022932,1090.0,0.02293,240.0,0.022933,7990.0,0.022936,380.0
1753617383874,11:56:23.874,bybit,ACH/USDT:USDT,0.022932,1090.0,0.02293,240.0,0.022933,7990.0,0.022936,380.0
1753617384573,11:56:24.573,bybit,ACH/USDT:USDT,0.022932,1090.0,0.02293,240.0,0.022933,7990.0,0.022936,380.0
1753617384675,11:56:24.675,bybit,ACH/USDT:USDT,0.022932,1090.0,0.02293,240.0,0.022933,7990.0,0.022936,380.0
1753617385475,11:56:25.475,bybit,ACH/USDT:USDT,0.022932,1090.0,0.02293,240.0,0.022933,7990.0,0.022936,380.0
1753617385574,11:56:25.574,bybit,ACH/USDT:USDT,0.022932,1090.0,0.02293,240.0,0.022933,7990.0,0.022936,380.0
1753617385679,11:56:25.679,bybit,ACH/USDT:USDT,0.022932,1090.0,0.02293,240.0,0.022933,7990.0,0.022936,380.0
1753617385974,11:56:25.974,bybit,ACH/USDT:USDT,0.022932,1200.0,0.02293,240.0,0.022933,7990.0,0.022936,380.0
1753617386073,11:56:26.073,bybit,ACH/USDT:USDT,0.022932,1200.0,0.02293,240.0,0.022933,7990.0,0.022936,380.0
1753617386175,11:56:26.175,bybit,ACH/USDT:USDT,0.022932,1200.0,0.02293,240.0,0.022933,7990.0,0.022936,380.0
1753617386274,11:56:26.274,bybit,ACH/USDT:USDT,0.022932,1200.0,0.02293,240.0,0.022933,7990.0,0.022936,380.0
1753617386375,11:56:26.375,bybit,ACH/USDT:USDT,0.022932,1200.0,0.02293,240.0,0.022933,7990.0,0.022936,380.0
1753617387475,11:56:27.475,bybit,ACH/USDT:USDT,0.022932,1200.0,0.02293,240.0,0.022933,7990.0,0.022936,380.0
1753617387576,11:56:27.576,bybit,ACH/USDT:USDT,0.022932,1200.0,0.02293,240.0,0.022933,7990.0,0.022936,380.0
1753617387775,11:56:27.775,bybit,ACH/USDT:USDT,0.022932,1200.0,0.02293,240.0,0.022933,7990.0,0.022936,380.0
1753617387874,11:56:27.874,bybit,ACH/USDT:USDT,0.022932,1200.0,0.02293,240.0,0.022933,7990.0,0.022936,380.0
1753617387973,11:56:27.973,bybit,ACH/USDT:USDT,0.022932,1200.0,0.02293,240.0,0.022933,7990.0,0.022936,380.0
1753617388575,11:56:28.575,bybit,ACH/USDT:USDT,0.022932,1200.0,0.02293,240.0,0.022933,7990.0,0.022936,380.0
1753617388876,11:56:28.876,bybit,ACH/USDT:USDT,0.022932,1200.0,0.02293,240.0,0.022933,7990.0,0.022936,380.0
1753617389273,11:56:29.273,bybit,ACH/USDT:USDT,0.022932,1200.0,0.02293,240.0,0.022933,7990.0,0.022936,380.0
1753617389374,11:56:29.374,bybit,ACH/USDT:USDT,0.022932,1200.0,0.02293,240.0,0.022933,7990.0,0.022936,380.0
1753617389774,11:56:29.774,bybit,ACH/USDT:USDT,0.022932,1200.0,0.02293,240.0,0.022933,7990.0,0.022936,380.0
1753617389975,11:56:29.975,bybit,ACH/USDT:USDT,0.022932,1200.0,0.02293,240.0,0.022933,7990.0,0.022936,380.0
1753617390075,11:56:30.075,bybit,ACH/USDT:USDT,0.022932,1200.0,0.02293,240.0,0.022933,7990.0,0.022936,380.0
1753617390273,11:56:30.273,bybit,ACH/USDT:USDT,0.022932,1200.0,0.02293,240.0,0.022933,7990.0,0.022936,380.0
1753617390375,11:56:30.375,bybit,ACH/USDT:USDT,0.022932,1200.0,0.02293,240.0,0.022933,7990.0,0.022936,380.0
1753617390774,11:56:30.774,bybit,ACH/USDT:USDT,0.02293,240.0,0.022925,240.0,0.022931,2660.0,0.022933,7990.0
1753617390874,11:56:30.874,bybit,ACH/USDT:USDT,0.02293,240.0,0.022925,240.0,0.022931,2660.0,0.022933,7990.0
1753617390976,11:56:30.976,bybit,ACH/USDT:USDT,0.02293,240.0,0.022925,240.0,0.022931,2660.0,0.022933,7990.0
1753617391074,11:56:31.074,bybit,ACH/USDT:USDT,0.02293,240.0,0.022925,240.0,0.022931,2990.0,0.022933,7990.0
1753617391273,11:56:31.273,bybit,ACH/USDT:USDT,0.02293,240.0,0.022925,240.0,0.022931,2990.0,0.022933,7990.0
1753617391373,11:56:31.373,bybit,ACH/USDT:USDT,0.02293,240.0,0.022925,240.0,0.022931,2990.0,0.022933,7990.0
1753617391677,11:56:31.677,bybit,ACH/USDT:USDT,0.02293,240.0,0.022925,240.0,0.022931,2990.0,0.022933,7990.0
1753617391875,11:56:31.875,bybit,ACH/USDT:USDT,0.02293,240.0,0.022925,240.0,0.022931,2990.0,0.022933,7990.0
1753617391976,11:56:31.976,bybit,ACH/USDT:USDT,0.02293,240.0,0.022925,240.0,0.022931,2990.0,0.022933,7990.0
1753617393674,11:56:33.674,bybit,ACH/USDT:USDT,0.022925,240.0,0.02292,1310.0,0.02293,3200.0,0.022931,760.0
1753617393776,11:56:33.776,bybit,ACH/USDT:USDT,0.022925,240.0,0.02292,1310.0,0.022926,390.0,0.022927,240.0
1753617393875,11:56:33.875,bybit,ACH/USDT:USDT,0.022925,240.0,0.02292,1310.0,0.022926,390.0,0.022927,240.0
1753617394176,11:56:34.176,bybit,ACH/USDT:USDT,0.022925,240.0,0.02292,1310.0,0.022926,390.0,0.022927,240.0
1753617394275,11:56:34.275,bybit,ACH/USDT:USDT,0.022925,240.0,0.02292,1310.0,0.022926,390.0,0.022927,240.0
1753617394674,11:56:34.674,bybit,ACH/USDT:USDT,0.022925,240.0,0.02292,1310.0,0.022926,390.0,0.022927,240.0
1753617394773,11:56:34.773,bybit,ACH/USDT:USDT,0.022925,240.0,0.02292,1310.0,0.022926,390.0,0.022927,240.0
1753617394976,11:56:34.976,bybit,ACH/USDT:USDT,0.022925,240.0,0.02292,1310.0,0.022926,390.0,0.022927,240.0
1753617395075,11:56:35.075,bybit,ACH/USDT:USDT,0.022925,240.0,0.02292,1310.0,0.022926,390.0,0.022927,240.0
1753617395275,11:56:35.275,bybit,ACH/USDT:USDT,0.022925,240.0,0.02292,1310.0,0.022926,390.0,0.022927,240.0
1753617395376,11:56:35.376,bybit,ACH/USDT:USDT,0.022925,240.0,0.02292,1310.0,0.022926,390.0,0.022927,240.0
1753617396074,11:56:36.074,bybit,ACH/USDT:USDT,0.022925,1310.0,0.02292,1310.0,0.022926,390.0,0.022927,240.0
1753617396174,11:56:36.174,bybit,ACH/USDT:USDT,0.022925,1310.0,0.02292,1310.0,0.022926,390.0,0.022927,240.0
1753617396275,11:56:36.275,bybit,ACH/USDT:USDT,0.022925,1310.0,0.02292,1310.0,0.022926,390.0,0.022927,240.0
1753617397177,11:56:37.177,bybit,ACH/USDT:USDT,0.022915,250.0,0.022911,10.0,0.02292,2230.0,0.022921,240.0
1753617397276,11:56:37.276,bybit,ACH/USDT:USDT,0.022916,1090.0,0.022915,250.0,0.02292,2230.0,0.022921,240.0
1753617397374,11:56:37.374,bybit,ACH/USDT:USDT,0.022917,1090.0,0.022915,250.0,0.02292,1090.0,0.022921,240.0
1753617397474,11:56:37.474,bybit,ACH/USDT:USDT,0.022919,880.0,0.022917,880.0,0.022921,240.0,0.022926,390.0
1753617397576,11:56:37.576,bybit,ACH/USDT:USDT,0.02292,1090.0,0.022917,720.0,0.022926,390.0,0.022927,240.0
