timestamp,time,exchange,symbol,bid1_price,bid1_volume,bid2_price,bid2_volume,ask1_price,ask1_volume,ask2_price,ask2_volume
1753617155502,11:52:35.502,binance,ACH/USDT:USDT,0.022922,3732.0,0.02292,873.0,0.022923,4170.0,0.022924,720.0
1753617155802,11:52:35.802,binance,ACH/USDT:USDT,0.022922,3732.0,0.02292,873.0,0.022923,4170.0,0.022924,720.0
1753617155952,11:52:35.952,binance,ACH/USDT:USDT,0.022922,3732.0,0.02292,873.0,0.022923,4170.0,0.022924,720.0
1753617156469,11:52:36.469,binance,ACH/USDT:USDT,0.022922,6305.0,0.02292,873.0,0.022923,4170.0,0.022924,720.0
1753617156572,11:52:36.572,binance,ACH/USDT:USDT,0.022922,6305.0,0.02292,873.0,0.022923,4170.0,0.022924,720.0
1753617156675,11:52:36.675,binance,ACH/USDT:USDT,0.022922,6305.0,0.02292,873.0,0.022923,4170.0,0.022924,720.0
1753617156899,11:52:36.899,binance,ACH/USDT:USDT,0.022922,6305.0,0.02292,873.0,0.022923,15587.0,0.022924,720.0
1753617157007,11:52:37.007,binance,ACH/USDT:USDT,0.022922,6305.0,0.02292,873.0,0.022923,15587.0,0.022924,720.0
1753617157153,11:52:37.153,binance,ACH/USDT:USDT,0.022922,6305.0,0.02292,873.0,0.022923,15587.0,0.022924,720.0
1753617157427,11:52:37.427,binance,ACH/USDT:USDT,0.022922,6305.0,0.02292,873.0,0.022923,13169.0,0.022924,720.0
1753617157702,11:52:37.702,binance,ACH/USDT:USDT,0.022922,6305.0,0.02292,873.0,0.022923,13169.0,0.022924,720.0
1753617157820,11:52:37.820,binance,ACH/USDT:USDT,0.022922,6305.0,0.02292,873.0,0.022923,13169.0,0.022924,720.0
1753617157935,11:52:37.935,binance,ACH/USDT:USDT,0.022922,6305.0,0.02292,873.0,0.022923,13169.0,0.022924,720.0
1753617158102,11:52:38.102,binance,ACH/USDT:USDT,0.022922,6305.0,0.02292,873.0,0.022923,13169.0,0.022924,720.0
1753617158554,11:52:38.554,binance,ACH/USDT:USDT,0.022922,6305.0,0.02292,873.0,0.022923,11426.0,0.022924,720.0
1753617158718,11:52:38.718,binance,ACH/USDT:USDT,0.022922,6305.0,0.02292,873.0,0.022923,11426.0,0.022924,720.0
1753617158821,11:52:38.821,binance,ACH/USDT:USDT,0.022922,6305.0,0.02292,873.0,0.022923,11426.0,0.022924,720.0
1753617158967,11:52:38.967,binance,ACH/USDT:USDT,0.022922,6305.0,0.02292,873.0,0.022923,11426.0,0.022924,720.0
1753617159102,11:52:39.102,binance,ACH/USDT:USDT,0.022922,6305.0,0.02292,873.0,0.022923,11426.0,0.022924,720.0
1753617159902,11:52:39.902,binance,ACH/USDT:USDT,0.022922,6305.0,0.02292,873.0,0.022923,11426.0,0.022924,720.0
1753617160007,11:52:40.007,binance,ACH/USDT:USDT,0.022922,6305.0,0.02292,873.0,0.022923,11426.0,0.022924,720.0
1753617160202,11:52:40.202,binance,ACH/USDT:USDT,0.022922,6305.0,0.02292,873.0,0.022923,11426.0,0.022924,720.0
1753617160576,11:52:40.576,binance,ACH/USDT:USDT,0.022922,12926.0,0.022919,5699.0,0.022923,11426.0,0.022924,720.0
1753617161221,11:52:41.221,binance,ACH/USDT:USDT,0.022922,16938.0,0.022919,5699.0,0.022923,11426.0,0.022924,720.0
1753617161981,11:52:41.981,binance,ACH/USDT:USDT,0.022922,16938.0,0.022919,16146.0,0.022923,11426.0,0.022924,720.0
1753617162828,11:52:42.828,binance,ACH/USDT:USDT,0.022923,2229.0,0.022922,16938.0,0.022925,20327.0,0.022926,546.0
1753617162932,11:52:42.932,binance,ACH/USDT:USDT,0.022922,16938.0,0.022919,16866.0,0.022925,18082.0,0.022926,546.0
1753617163038,11:52:43.038,binance,ACH/USDT:USDT,0.022922,16938.0,0.022919,16866.0,0.022925,18082.0,0.022926,546.0
1753617163509,11:52:43.509,binance,ACH/USDT:USDT,0.022926,2229.0,0.022923,17192.0,0.022927,684.0,0.022928,2571.0
1753617163613,11:52:43.613,binance,ACH/USDT:USDT,0.022926,2229.0,0.022923,17192.0,0.022927,684.0,0.022928,2571.0
1753617163735,11:52:43.735,binance,ACH/USDT:USDT,0.022926,2229.0,0.022923,17192.0,0.022927,684.0,0.022928,2571.0
1753617163837,11:52:43.837,binance,ACH/USDT:USDT,0.022926,2458.0,0.022923,17192.0,0.022927,684.0,0.022928,2571.0
1753617163943,11:52:43.943,binance,ACH/USDT:USDT,0.022926,2458.0,0.022924,2351.0,0.022927,684.0,0.022928,2571.0
1753617164062,11:52:44.062,binance,ACH/USDT:USDT,0.022926,2458.0,0.022924,2351.0,0.022927,684.0,0.022928,2571.0
1753617164165,11:52:44.165,binance,ACH/USDT:USDT,0.022926,2458.0,0.022924,2351.0,0.022927,684.0,0.022928,2571.0
1753617164392,11:52:44.392,binance,ACH/USDT:USDT,0.022926,2458.0,0.022924,2351.0,0.022927,684.0,0.022928,2571.0
1753617164495,11:52:44.495,binance,ACH/USDT:USDT,0.022926,2458.0,0.022924,2351.0,0.022927,684.0,0.022928,2571.0
1753617164622,11:52:44.622,binance,ACH/USDT:USDT,0.022926,2458.0,0.022924,2351.0,0.022927,684.0,0.022928,2571.0
1753617165012,11:52:45.012,binance,ACH/USDT:USDT,0.022926,2458.0,0.022924,2351.0,0.022927,684.0,0.022928,2571.0
1753617165518,11:52:45.518,binance,ACH/USDT:USDT,0.022928,4216.0,0.022927,873.0,0.022929,240.0,0.02293,720.0
1753617165621,11:52:45.621,binance,ACH/USDT:USDT,0.022928,4216.0,0.022927,873.0,0.022929,240.0,0.02293,720.0
1753617165727,11:52:45.727,binance,ACH/USDT:USDT,0.022928,4216.0,0.022927,5928.0,0.022929,240.0,0.022931,585.0
1753617165831,11:52:45.831,binance,ACH/USDT:USDT,0.022928,4216.0,0.022927,5928.0,0.022929,240.0,0.022931,585.0
1753617166006,11:52:46.006,binance,ACH/USDT:USDT,0.022928,4216.0,0.022927,5928.0,0.022929,240.0,0.022931,585.0
1753617166121,11:52:46.121,binance,ACH/USDT:USDT,0.022928,4216.0,0.022927,5928.0,0.022929,240.0,0.022931,585.0
1753617166244,11:52:46.244,binance,ACH/USDT:USDT,0.022928,4216.0,0.022927,5928.0,0.022929,240.0,0.022931,585.0
1753617166458,11:52:46.458,binance,ACH/USDT:USDT,0.022928,4216.0,0.022927,5928.0,0.022929,240.0,0.022931,585.0
1753617166598,11:52:46.598,binance,ACH/USDT:USDT,0.022928,4216.0,0.022927,5928.0,0.022929,240.0,0.022931,585.0
1753617166701,11:52:46.701,binance,ACH/USDT:USDT,0.022928,4216.0,0.022927,5928.0,0.022929,240.0,0.022931,585.0
1753617166913,11:52:46.913,binance,ACH/USDT:USDT,0.022928,4216.0,0.022927,5928.0,0.022929,240.0,0.022931,585.0
1753617167278,11:52:47.278,binance,ACH/USDT:USDT,0.022928,7454.0,0.022927,5928.0,0.022929,240.0,0.022931,585.0
1753617167420,11:52:47.420,binance,ACH/USDT:USDT,0.022928,7454.0,0.022927,5928.0,0.022929,240.0,0.022931,585.0
1753617167521,11:52:47.521,binance,ACH/USDT:USDT,0.022928,7454.0,0.022927,5928.0,0.022929,240.0,0.022931,585.0
1753617167716,11:52:47.716,binance,ACH/USDT:USDT,0.022928,7454.0,0.022927,5928.0,0.022929,240.0,0.022931,585.0
1753617167821,11:52:47.821,binance,ACH/USDT:USDT,0.022928,7454.0,0.022927,5928.0,0.022929,240.0,0.022931,585.0
1753617168402,11:52:48.402,binance,ACH/USDT:USDT,0.022928,7454.0,0.022927,5928.0,0.022929,240.0,0.022931,585.0
1753617168511,11:52:48.511,binance,ACH/USDT:USDT,0.022928,7454.0,0.022927,5928.0,0.022929,240.0,0.022931,585.0
1753617168989,11:52:48.989,binance,ACH/USDT:USDT,0.022932,3343.0,0.022929,4764.0,0.022933,588.0,0.022934,942.0
1753617169095,11:52:49.095,binance,ACH/USDT:USDT,0.022932,4216.0,0.022929,4764.0,0.022933,588.0,0.022934,942.0
1753617169199,11:52:49.199,binance,ACH/USDT:USDT,0.022932,4216.0,0.022929,1380.0,0.022933,588.0,0.022934,942.0
1753617169305,11:52:49.305,binance,ACH/USDT:USDT,0.022932,3343.0,0.022929,2253.0,0.022933,588.0,0.022934,942.0
1753617169434,11:52:49.434,binance,ACH/USDT:USDT,0.022932,3343.0,0.022929,2253.0,0.022933,588.0,0.022934,942.0
1753617169545,11:52:49.545,binance,ACH/USDT:USDT,0.022932,3343.0,0.022929,2253.0,0.022933,588.0,0.022934,942.0
1753617169689,11:52:49.689,binance,ACH/USDT:USDT,0.022932,3343.0,0.022929,2253.0,0.022933,588.0,0.022934,942.0
1753617169791,11:52:49.791,binance,ACH/USDT:USDT,0.022932,3343.0,0.022929,2253.0,0.022933,588.0,0.022934,942.0
1753617169991,11:52:49.991,binance,ACH/USDT:USDT,0.022932,3343.0,0.022929,2253.0,0.022933,588.0,0.022934,942.0
1753617170098,11:52:50.098,binance,ACH/USDT:USDT,0.022932,3343.0,0.022929,2253.0,0.022933,588.0,0.022934,942.0
1753617170202,11:52:50.202,binance,ACH/USDT:USDT,0.022932,3343.0,0.022929,1380.0,0.022933,588.0,0.022934,4286.0
1753617170306,11:52:50.306,binance,ACH/USDT:USDT,0.022932,3343.0,0.022929,1380.0,0.022933,588.0,0.022934,4286.0
1753617170491,11:52:50.491,binance,ACH/USDT:USDT,0.022932,3343.0,0.022929,1380.0,0.022933,588.0,0.022934,942.0
1753617170628,11:52:50.628,binance,ACH/USDT:USDT,0.022932,3343.0,0.022929,1380.0,0.022933,588.0,0.022934,942.0
1753617170731,11:52:50.731,binance,ACH/USDT:USDT,0.022933,3343.0,0.022932,9254.0,0.022935,240.0,0.022936,4243.0
1753617170832,11:52:50.832,binance,ACH/USDT:USDT,0.022932,2911.0,0.022931,873.0,0.022934,21322.0,0.022935,240.0
1753617170936,11:52:50.936,binance,ACH/USDT:USDT,0.022932,2911.0,0.022931,873.0,0.022934,21322.0,0.022935,240.0
1753617171039,11:52:51.039,binance,ACH/USDT:USDT,0.022932,2911.0,0.022931,873.0,0.022934,21322.0,0.022935,240.0
1753617171302,11:52:51.302,binance,ACH/USDT:USDT,0.022932,2911.0,0.022931,873.0,0.022934,21322.0,0.022935,240.0
1753617171422,11:52:51.422,binance,ACH/USDT:USDT,0.022932,2911.0,0.022931,873.0,0.022934,21322.0,0.022935,240.0
1753617171527,11:52:51.527,binance,ACH/USDT:USDT,0.022932,2911.0,0.022931,873.0,0.022934,21322.0,0.022935,240.0
1753617171645,11:52:51.645,binance,ACH/USDT:USDT,0.022932,2911.0,0.022931,873.0,0.022934,21322.0,0.022935,240.0
1753617171763,11:52:51.763,binance,ACH/USDT:USDT,0.022932,2911.0,0.022931,873.0,0.022934,21322.0,0.022935,240.0
1753617171869,11:52:51.869,binance,ACH/USDT:USDT,0.022932,2911.0,0.022931,873.0,0.022934,21322.0,0.022935,240.0
1753617171978,11:52:51.978,binance,ACH/USDT:USDT,0.022934,3343.0,0.022932,2911.0,0.022935,240.0,0.022936,942.0
1753617172128,11:52:52.128,binance,ACH/USDT:USDT,0.022934,3343.0,0.022932,4641.0,0.022935,240.0,0.022936,942.0
1753617172348,11:52:52.348,binance,ACH/USDT:USDT,0.022934,3343.0,0.022932,4641.0,0.022935,240.0,0.022936,942.0
1753617172451,11:52:52.451,binance,ACH/USDT:USDT,0.022934,3343.0,0.022932,4641.0,0.022935,240.0,0.022936,942.0
1753617172554,11:52:52.554,binance,ACH/USDT:USDT,0.022934,3343.0,0.022932,4641.0,0.022935,240.0,0.022936,942.0
1753617172656,11:52:52.656,binance,ACH/USDT:USDT,0.022934,3343.0,0.022932,4641.0,0.022935,240.0,0.022936,942.0
1753617172994,11:52:52.994,binance,ACH/USDT:USDT,0.022932,2911.0,0.022931,720.0,0.022935,240.0,0.022936,942.0
1753617173246,11:52:53.246,binance,ACH/USDT:USDT,0.022932,2911.0,0.022931,720.0,0.022935,240.0,0.022936,4287.0
1753617173391,11:52:53.391,binance,ACH/USDT:USDT,0.022932,3867.0,0.022931,720.0,0.022935,240.0,0.022936,4287.0
1753617173498,11:52:53.498,binance,ACH/USDT:USDT,0.022932,3867.0,0.022931,720.0,0.022935,240.0,0.022936,4287.0
1753617173635,11:52:53.635,binance,ACH/USDT:USDT,0.022932,3867.0,0.022931,720.0,0.022934,10562.0,0.022935,240.0
1753617173738,11:52:53.738,binance,ACH/USDT:USDT,0.022932,3867.0,0.022931,720.0,0.022934,10562.0,0.022935,3584.0
1753617173902,11:52:53.902,binance,ACH/USDT:USDT,0.022932,3867.0,0.022931,720.0,0.022934,10562.0,0.022935,240.0
1753617174020,11:52:54.020,binance,ACH/USDT:USDT,0.022932,3867.0,0.022931,720.0,0.022934,10562.0,0.022935,240.0
1753617174121,11:52:54.121,binance,ACH/USDT:USDT,0.022933,1521.0,0.022932,3867.0,0.022935,240.0,0.022936,942.0
1753617174265,11:52:54.265,binance,ACH/USDT:USDT,0.022934,2229.0,0.022933,1521.0,0.022935,240.0,0.022936,942.0
1753617174441,11:52:54.441,binance,ACH/USDT:USDT,0.022934,2229.0,0.022933,1521.0,0.022935,240.0,0.022936,942.0
1753617174545,11:52:54.545,binance,ACH/USDT:USDT,0.022934,2229.0,0.022933,1521.0,0.022935,240.0,0.022936,942.0
1753617174650,11:52:54.650,binance,ACH/USDT:USDT,0.022934,2229.0,0.022933,1521.0,0.022935,240.0,0.022936,942.0
1753617174754,11:52:54.754,binance,ACH/USDT:USDT,0.022934,2229.0,0.022933,1521.0,0.022935,240.0,0.022936,942.0
1753617175102,11:52:55.102,binance,ACH/USDT:USDT,0.022934,2229.0,0.022933,1521.0,0.022935,240.0,0.022936,942.0
1753617175402,11:52:55.402,binance,ACH/USDT:USDT,0.022934,2229.0,0.022933,1521.0,0.022935,240.0,0.022936,942.0
1753617175557,11:52:55.557,binance,ACH/USDT:USDT,0.022934,2229.0,0.022933,1521.0,0.022935,240.0,0.022936,942.0
1753617175798,11:52:55.798,binance,ACH/USDT:USDT,0.022934,2229.0,0.022933,1521.0,0.022935,240.0,0.022936,942.0
1753617176002,11:52:56.002,binance,ACH/USDT:USDT,0.022934,2229.0,0.022933,1521.0,0.022935,240.0,0.022936,942.0
1753617176115,11:52:56.115,binance,ACH/USDT:USDT,0.022934,2229.0,0.022933,1521.0,0.022935,240.0,0.022936,942.0
1753617176602,11:52:56.602,binance,ACH/USDT:USDT,0.022934,3162.0,0.022933,1521.0,0.022935,240.0,0.022936,942.0
1753617176802,11:52:56.802,binance,ACH/USDT:USDT,0.022934,3162.0,0.022933,1521.0,0.022935,240.0,0.022936,942.0
1753617176907,11:52:56.907,binance,ACH/USDT:USDT,0.022934,3162.0,0.022933,1521.0,0.022935,240.0,0.022936,942.0
1753617177028,11:52:57.028,binance,ACH/USDT:USDT,0.022934,3162.0,0.022933,1521.0,0.022935,240.0,0.022936,942.0
1753617177202,11:52:57.202,binance,ACH/USDT:USDT,0.022934,3162.0,0.022933,1521.0,0.022935,240.0,0.022936,942.0
1753617177738,11:52:57.738,binance,ACH/USDT:USDT,0.022934,933.0,0.022933,1521.0,0.022935,2131.0,0.022936,942.0
1753617177841,11:52:57.841,binance,ACH/USDT:USDT,0.022934,933.0,0.022933,1521.0,0.022935,2131.0,0.022936,942.0
1753617178133,11:52:58.133,binance,ACH/USDT:USDT,0.022934,933.0,0.022933,1521.0,0.022935,2131.0,0.022936,942.0
1753617178368,11:52:58.368,binance,ACH/USDT:USDT,0.022934,933.0,0.022933,1521.0,0.022935,2131.0,0.022936,942.0
1753617179006,11:52:59.006,binance,ACH/USDT:USDT,0.022934,933.0,0.022933,1521.0,0.022935,2131.0,0.022936,942.0
1753617179330,11:52:59.330,binance,ACH/USDT:USDT,0.022934,933.0,0.022933,1521.0,0.022935,2131.0,0.022936,942.0
1753617179434,11:52:59.434,binance,ACH/USDT:USDT,0.022931,6540.0,0.022929,720.0,0.022934,12587.0,0.022935,22434.0
1753617179537,11:52:59.537,binance,ACH/USDT:USDT,0.022929,720.0,0.022928,3459.0,0.022934,13740.0,0.022935,22434.0
1753617179647,11:52:59.647,binance,ACH/USDT:USDT,0.022929,720.0,0.022928,3459.0,0.022934,13519.0,0.022935,11820.0
1753617179917,11:52:59.917,binance,ACH/USDT:USDT,0.022931,1698.0,0.022929,720.0,0.022934,13519.0,0.022935,11820.0
1753617180018,11:53:00.018,binance,ACH/USDT:USDT,0.022931,1698.0,0.022929,720.0,0.022934,12587.0,0.022935,11820.0
1753617180127,11:53:00.127,binance,ACH/USDT:USDT,0.022931,1698.0,0.022929,720.0,0.022934,12587.0,0.022935,11820.0
1753617180371,11:53:00.371,binance,ACH/USDT:USDT,0.022931,1698.0,0.022929,720.0,0.022934,12587.0,0.022935,11820.0
1753617180502,11:53:00.502,binance,ACH/USDT:USDT,0.022931,1698.0,0.022929,720.0,0.022934,12587.0,0.022935,11820.0
1753617180605,11:53:00.605,binance,ACH/USDT:USDT,0.022931,1698.0,0.022929,720.0,0.022934,12587.0,0.022935,11820.0
1753617180802,11:53:00.802,binance,ACH/USDT:USDT,0.022931,1698.0,0.022929,720.0,0.022934,14478.0,0.022935,9929.0
1753617180947,11:53:00.947,binance,ACH/USDT:USDT,0.022931,1698.0,0.022929,720.0,0.022934,14478.0,0.022935,9929.0
1753617181061,11:53:01.061,binance,ACH/USDT:USDT,0.022931,1698.0,0.022929,720.0,0.022934,12505.0,0.022935,6585.0
1753617181183,11:53:01.183,binance,ACH/USDT:USDT,0.022931,1698.0,0.022929,720.0,0.022934,14532.0,0.022935,10083.0
1753617181331,11:53:01.331,binance,ACH/USDT:USDT,0.022932,2486.0,0.022931,1698.0,0.022934,14532.0,0.022935,10083.0
1753617181490,11:53:01.490,binance,ACH/USDT:USDT,0.022932,2486.0,0.022931,1698.0,0.022934,14532.0,0.022935,10083.0
1753617181604,11:53:01.604,binance,ACH/USDT:USDT,0.022932,2486.0,0.022931,1698.0,0.022934,14532.0,0.022935,10083.0
1753617181761,11:53:01.761,binance,ACH/USDT:USDT,0.022932,2486.0,0.022931,1698.0,0.022934,14532.0,0.022935,10083.0
1753617181874,11:53:01.874,binance,ACH/USDT:USDT,0.022932,2486.0,0.022931,1698.0,0.022934,14532.0,0.022935,10083.0
1753617182023,11:53:02.023,binance,ACH/USDT:USDT,0.022932,2486.0,0.022931,1698.0,0.022934,14532.0,0.022935,10083.0
1753617182202,11:53:02.202,binance,ACH/USDT:USDT,0.022932,2486.0,0.022931,1698.0,0.022934,1891.0,0.022935,240.0
1753617182305,11:53:02.305,binance,ACH/USDT:USDT,0.022932,2486.0,0.022931,1698.0,0.022934,1891.0,0.022935,240.0
1753617182406,11:53:02.406,binance,ACH/USDT:USDT,0.022933,2229.0,0.022932,9633.0,0.022934,1891.0,0.022935,240.0
1753617182520,11:53:02.520,binance,ACH/USDT:USDT,0.022933,2229.0,0.022932,9633.0,0.022934,1891.0,0.022935,240.0
1753617182681,11:53:02.681,binance,ACH/USDT:USDT,0.022934,3802.0,0.022933,10614.0,0.022935,240.0,0.022936,221.0
1753617182782,11:53:02.782,binance,ACH/USDT:USDT,0.022937,3343.0,0.022934,14812.0,0.022938,1266.0,0.022939,1056.0
1753617182885,11:53:02.885,binance,ACH/USDT:USDT,0.022937,3343.0,0.022934,14812.0,0.022938,1266.0,0.022939,1056.0
1753617182995,11:53:02.995,binance,ACH/USDT:USDT,0.022937,4215.0,0.022934,14812.0,0.022938,1266.0,0.022939,1056.0
1753617183206,11:53:03.206,binance,ACH/USDT:USDT,0.022937,4215.0,0.022935,1995.0,0.022938,1266.0,0.022939,1056.0
1753617183339,11:53:03.339,binance,ACH/USDT:USDT,0.022937,4215.0,0.022935,1995.0,0.022938,1266.0,0.022939,1056.0
1753617183483,11:53:03.483,binance,ACH/USDT:USDT,0.022937,4215.0,0.022935,1995.0,0.022938,546.0,0.022939,1056.0
1753617183584,11:53:03.584,binance,ACH/USDT:USDT,0.022937,4215.0,0.022935,1995.0,0.022939,1056.0,0.02294,3305.0
1753617183688,11:53:03.688,binance,ACH/USDT:USDT,0.022938,458.0,0.022937,11486.0,0.022939,1056.0,0.02294,3305.0
1753617183802,11:53:03.802,binance,ACH/USDT:USDT,0.022938,458.0,0.022937,11486.0,0.022939,1056.0,0.02294,2585.0
1753617183941,11:53:03.941,binance,ACH/USDT:USDT,0.022938,20114.0,0.022937,6482.0,0.022941,461.0,0.022942,28935.0
1753617184050,11:53:04.050,binance,ACH/USDT:USDT,0.02294,2229.0,0.022939,10614.0,0.022941,240.0,0.022942,720.0
1753617184160,11:53:04.160,binance,ACH/USDT:USDT,0.02294,12843.0,0.022938,17959.0,0.022941,240.0,0.022942,720.0
1753617184264,11:53:04.264,binance,ACH/USDT:USDT,0.02294,12843.0,0.022938,17959.0,0.022941,1186.0,0.022942,720.0
1753617184367,11:53:04.367,binance,ACH/USDT:USDT,0.02294,2229.0,0.022938,11917.0,0.022941,1186.0,0.022942,720.0
1753617184480,11:53:04.480,binance,ACH/USDT:USDT,0.02294,8497.0,0.022938,8917.0,0.022941,1186.0,0.022942,720.0
1753617184618,11:53:04.618,binance,ACH/USDT:USDT,0.02294,8497.0,0.022938,8917.0,0.022941,1186.0,0.022942,720.0
1753617184728,11:53:04.728,binance,ACH/USDT:USDT,0.02294,8497.0,0.022938,8917.0,0.022941,1186.0,0.022942,720.0
1753617184859,11:53:04.859,binance,ACH/USDT:USDT,0.02294,8497.0,0.022938,8917.0,0.022941,1186.0,0.022942,720.0
1753617184962,11:53:04.962,binance,ACH/USDT:USDT,0.02294,8497.0,0.022938,8917.0,0.022941,1186.0,0.022942,720.0
1753617185065,11:53:05.065,binance,ACH/USDT:USDT,0.02294,8497.0,0.022938,8917.0,0.022941,1186.0,0.022942,720.0
1753617185374,11:53:05.374,binance,ACH/USDT:USDT,0.02294,8497.0,0.022938,8917.0,0.022941,1186.0,0.022942,720.0
1753617185477,11:53:05.477,binance,ACH/USDT:USDT,0.02294,8496.0,0.022938,8917.0,0.022941,1186.0,0.022942,720.0
1753617185751,11:53:05.751,binance,ACH/USDT:USDT,0.02294,8496.0,0.022938,8917.0,0.022941,1186.0,0.022942,720.0
1753617185878,11:53:05.878,binance,ACH/USDT:USDT,0.02294,8496.0,0.022938,8917.0,0.022941,1186.0,0.022942,720.0
1753617186102,11:53:06.102,binance,ACH/USDT:USDT,0.02294,8496.0,0.022938,8917.0,0.022941,1186.0,0.022942,720.0
1753617186502,11:53:06.502,binance,ACH/USDT:USDT,0.02294,8496.0,0.022938,8917.0,0.022941,1186.0,0.022942,720.0
1753617186627,11:53:06.627,binance,ACH/USDT:USDT,0.02294,8496.0,0.022938,8917.0,0.022941,1186.0,0.022942,720.0
1753617186802,11:53:06.802,binance,ACH/USDT:USDT,0.02294,8496.0,0.022938,8917.0,0.022941,1186.0,0.022942,720.0
1753617186978,11:53:06.978,binance,ACH/USDT:USDT,0.02294,8496.0,0.022938,8917.0,0.022941,968.0,0.022942,720.0
1753617187083,11:53:07.083,binance,ACH/USDT:USDT,0.02294,14928.0,0.022938,8917.0,0.022941,968.0,0.022942,720.0
1753617187187,11:53:07.187,binance,ACH/USDT:USDT,0.02294,14928.0,0.022938,8917.0,0.022941,968.0,0.022942,720.0
1753617187302,11:53:07.302,binance,ACH/USDT:USDT,0.02294,14928.0,0.022938,8917.0,0.022941,968.0,0.022942,720.0
1753617187414,11:53:07.414,binance,ACH/USDT:USDT,0.02294,14928.0,0.022938,8917.0,0.022941,968.0,0.022942,720.0
1753617187579,11:53:07.579,binance,ACH/USDT:USDT,0.02294,14984.0,0.022938,8917.0,0.022941,968.0,0.022942,720.0
1753617187702,11:53:07.702,binance,ACH/USDT:USDT,0.022942,2229.0,0.02294,15755.0,0.022943,1616.0,0.022944,1266.0
1753617187803,11:53:07.803,binance,ACH/USDT:USDT,0.022945,2229.0,0.022944,306.0,0.022946,720.0,0.022947,240.0
1753617187906,11:53:07.906,binance,ACH/USDT:USDT,0.022945,2229.0,0.022944,306.0,0.022946,720.0,0.022947,240.0
1753617188007,11:53:08.007,binance,ACH/USDT:USDT,0.022945,2229.0,0.022944,306.0,0.022946,720.0,0.022947,240.0
1753617188110,11:53:08.110,binance,ACH/USDT:USDT,0.022945,2229.0,0.022944,306.0,0.022946,720.0,0.022947,240.0
1753617188212,11:53:08.212,binance,ACH/USDT:USDT,0.022945,2229.0,0.022944,306.0,0.022946,720.0,0.022947,240.0
1753617188328,11:53:08.328,binance,ACH/USDT:USDT,0.022945,2229.0,0.022944,306.0,0.022946,720.0,0.022947,3738.0
1753617188576,11:53:08.576,binance,ACH/USDT:USDT,0.022945,2229.0,0.022944,306.0,0.022946,720.0,0.022947,3738.0
1753617188695,11:53:08.695,binance,ACH/USDT:USDT,0.022945,2229.0,0.022944,306.0,0.022946,720.0,0.022947,3738.0
1753617188813,11:53:08.813,binance,ACH/USDT:USDT,0.022945,2229.0,0.022944,306.0,0.022946,720.0,0.022947,3738.0
1753617188920,11:53:08.920,binance,ACH/USDT:USDT,0.022945,2229.0,0.022944,306.0,0.022946,720.0,0.022947,3738.0
1753617189113,11:53:09.113,binance,ACH/USDT:USDT,0.022945,2229.0,0.022944,306.0,0.022946,720.0,0.022947,240.0
1753617189233,11:53:09.233,binance,ACH/USDT:USDT,0.022945,2229.0,0.022944,306.0,0.022946,720.0,0.022947,240.0
1753617189338,11:53:09.338,binance,ACH/USDT:USDT,0.022945,2459.0,0.022944,306.0,0.022947,240.0,0.022948,5138.0
1753617189442,11:53:09.442,binance,ACH/USDT:USDT,0.022945,2459.0,0.022944,306.0,0.022947,240.0,0.022948,5138.0
1753617189551,11:53:09.551,binance,ACH/USDT:USDT,0.022945,2459.0,0.022944,306.0,0.022947,240.0,0.022948,5138.0
1753617189703,11:53:09.703,binance,ACH/USDT:USDT,0.022945,2459.0,0.022944,306.0,0.022947,240.0,0.022948,5138.0
1753617189906,11:53:09.906,binance,ACH/USDT:USDT,0.022945,2459.0,0.022944,306.0,0.022947,240.0,0.022948,5138.0
1753617190302,11:53:10.302,binance,ACH/USDT:USDT,0.022945,2459.0,0.022944,306.0,0.022947,240.0,0.022948,5138.0
1753617190421,11:53:10.421,binance,ACH/USDT:USDT,0.022945,2459.0,0.022944,306.0,0.022947,1068.0,0.022948,5138.0
1753617190571,11:53:10.571,binance,ACH/USDT:USDT,0.022945,2459.0,0.022944,306.0,0.022947,1068.0,0.022948,5138.0
1753617190758,11:53:10.758,binance,ACH/USDT:USDT,0.022945,2459.0,0.022944,306.0,0.022947,1068.0,0.022948,5138.0
1753617190861,11:53:10.861,binance,ACH/USDT:USDT,0.022946,5334.0,0.022945,230.0,0.022947,1068.0,0.022948,5138.0
1753617190978,11:53:10.978,binance,ACH/USDT:USDT,0.022946,5334.0,0.022945,230.0,0.022947,1068.0,0.022948,5138.0
1753617191083,11:53:11.083,binance,ACH/USDT:USDT,0.022946,5334.0,0.022945,230.0,0.022947,1068.0,0.022948,1379.0
1753617191208,11:53:11.208,binance,ACH/USDT:USDT,0.022946,5334.0,0.022945,230.0,0.022947,240.0,0.022948,1379.0
1753617191351,11:53:11.351,binance,ACH/USDT:USDT,0.022946,5334.0,0.022945,230.0,0.022947,240.0,0.022948,1379.0
1753617191491,11:53:11.491,binance,ACH/USDT:USDT,0.022946,5334.0,0.022945,230.0,0.022947,469.0,0.022948,1379.0
1753617191611,11:53:11.611,binance,ACH/USDT:USDT,0.022946,5334.0,0.022945,230.0,0.022947,469.0,0.022948,1379.0
1753617191749,11:53:11.749,binance,ACH/USDT:USDT,0.022946,5334.0,0.022945,230.0,0.022947,469.0,0.022948,1379.0
1753617191856,11:53:11.856,binance,ACH/USDT:USDT,0.022946,5334.0,0.022945,230.0,0.022947,469.0,0.022948,1379.0
1753617191960,11:53:11.960,binance,ACH/USDT:USDT,0.022946,5334.0,0.022945,230.0,0.022947,469.0,0.022948,1379.0
1753617192062,11:53:12.062,binance,ACH/USDT:USDT,0.022946,5334.0,0.022945,230.0,0.022947,1287.0,0.022948,1379.0
1753617192178,11:53:12.178,binance,ACH/USDT:USDT,0.022946,5334.0,0.022945,230.0,0.022947,1287.0,0.022948,1379.0
1753617192422,11:53:12.422,binance,ACH/USDT:USDT,0.022946,5334.0,0.022945,230.0,0.022947,1287.0,0.022948,1379.0
1753617192601,11:53:12.601,binance,ACH/USDT:USDT,0.022946,5334.0,0.022945,230.0,0.022947,1287.0,0.022948,1379.0
1753617193002,11:53:13.002,binance,ACH/USDT:USDT,0.022946,5334.0,0.022945,230.0,0.022947,1287.0,0.022948,1379.0
1753617193182,11:53:13.182,binance,ACH/USDT:USDT,0.022946,6688.0,0.022945,230.0,0.022947,1287.0,0.022948,1379.0
1753617193427,11:53:13.427,binance,ACH/USDT:USDT,0.022946,6688.0,0.022945,230.0,0.022947,1287.0,0.022948,1379.0
1753617193531,11:53:13.531,binance,ACH/USDT:USDT,0.022946,6688.0,0.022945,230.0,0.022947,1287.0,0.022948,1379.0
1753617193701,11:53:13.701,binance,ACH/USDT:USDT,0.022946,6688.0,0.022945,230.0,0.022947,1287.0,0.022948,1379.0
1753617194028,11:53:14.028,binance,ACH/USDT:USDT,0.022946,6688.0,0.022945,230.0,0.022947,1287.0,0.022948,1379.0
1753617194202,11:53:14.202,binance,ACH/USDT:USDT,0.022946,6688.0,0.022945,230.0,0.022947,1287.0,0.022948,1379.0
1753617194702,11:53:14.702,binance,ACH/USDT:USDT,0.022946,6688.0,0.022945,230.0,0.022947,1287.0,0.022948,1379.0
1753617195137,11:53:15.137,binance,ACH/USDT:USDT,0.022946,6688.0,0.022945,230.0,0.022947,1287.0,0.022948,1379.0
1753617195243,11:53:15.243,binance,ACH/USDT:USDT,0.022946,6688.0,0.022945,230.0,0.022947,469.0,0.022948,1379.0
1753617195520,11:53:15.520,binance,ACH/USDT:USDT,0.022946,6688.0,0.022945,230.0,0.022947,698.0,0.022948,1379.0
1753617195659,11:53:15.659,binance,ACH/USDT:USDT,0.022946,6688.0,0.022945,230.0,0.022947,1500.0,0.022948,1379.0
1753617195802,11:53:15.802,binance,ACH/USDT:USDT,0.022946,6688.0,0.022945,230.0,0.022947,2301.0,0.022948,941.0
1753617195906,11:53:15.906,binance,ACH/USDT:USDT,0.022946,6688.0,0.022945,230.0,0.022947,1500.0,0.022948,941.0
1753617196010,11:53:16.010,binance,ACH/USDT:USDT,0.022946,6688.0,0.022945,230.0,0.022947,1500.0,0.022948,941.0
1753617196119,11:53:16.119,binance,ACH/USDT:USDT,0.022946,8076.0,0.022945,230.0,0.022947,1500.0,0.022948,941.0
1753617196240,11:53:16.240,binance,ACH/USDT:USDT,0.022946,9541.0,0.022945,230.0,0.022947,1500.0,0.022948,941.0
1753617196481,11:53:16.481,binance,ACH/USDT:USDT,0.022946,7312.0,0.022945,230.0,0.022949,11451.0,0.02295,2308.0
1753617196585,11:53:16.585,binance,ACH/USDT:USDT,0.022946,7312.0,0.022945,230.0,0.022949,11451.0,0.02295,2308.0
1753617196695,11:53:16.695,binance,ACH/USDT:USDT,0.022947,1883.0,0.022946,7312.0,0.022949,11451.0,0.02295,2308.0
1753617196824,11:53:16.824,binance,ACH/USDT:USDT,0.022947,1883.0,0.022946,8184.0,0.022949,11451.0,0.02295,2308.0
1753617196978,11:53:16.978,binance,ACH/USDT:USDT,0.022947,1883.0,0.022946,8184.0,0.022949,10651.0,0.02295,2308.0
1753617197092,11:53:17.092,binance,ACH/USDT:USDT,0.022947,3270.0,0.022946,5924.0,0.022949,10651.0,0.02295,2308.0
1753617197202,11:53:17.202,binance,ACH/USDT:USDT,0.022947,3270.0,0.022946,5924.0,0.022949,10651.0,0.02295,2308.0
1753617197494,11:53:17.494,binance,ACH/USDT:USDT,0.022947,3613.0,0.022946,5924.0,0.022949,10651.0,0.02295,2308.0
1753617197606,11:53:17.606,binance,ACH/USDT:USDT,0.022947,3613.0,0.022946,5924.0,0.022949,10651.0,0.02295,2308.0
1753617197751,11:53:17.751,binance,ACH/USDT:USDT,0.022947,3613.0,0.022946,5924.0,0.022949,10651.0,0.02295,2308.0
1753617197855,11:53:17.855,binance,ACH/USDT:USDT,0.022947,3613.0,0.022946,5924.0,0.022949,10651.0,0.02295,2308.0
1753617198006,11:53:18.006,binance,ACH/USDT:USDT,0.022947,3613.0,0.022946,5924.0,0.022949,10651.0,0.02295,1588.0
1753617198109,11:53:18.109,binance,ACH/USDT:USDT,0.022947,3613.0,0.022946,5924.0,0.022949,10651.0,0.02295,1588.0
1753617198302,11:53:18.302,binance,ACH/USDT:USDT,0.022947,3613.0,0.022946,5924.0,0.022949,10651.0,0.02295,1588.0
1753617198468,11:53:18.468,binance,ACH/USDT:USDT,0.022947,3613.0,0.022946,5924.0,0.022948,3547.0,0.022949,10651.0
1753617198602,11:53:18.602,binance,ACH/USDT:USDT,0.022947,3613.0,0.022946,5924.0,0.022948,3547.0,0.022949,10651.0
1753617198861,11:53:18.861,binance,ACH/USDT:USDT,0.022947,3613.0,0.022946,5924.0,0.022948,3547.0,0.022949,10651.0
1753617199071,11:53:19.071,binance,ACH/USDT:USDT,0.022947,3613.0,0.022946,5924.0,0.022948,3547.0,0.022949,10651.0
1753617199181,11:53:19.181,binance,ACH/USDT:USDT,0.022947,3613.0,0.022946,5924.0,0.022948,3547.0,0.022949,10651.0
1753617199286,11:53:19.286,binance,ACH/USDT:USDT,0.022947,4485.0,0.022946,5924.0,0.022949,10651.0,0.02295,1588.0
1753617199390,11:53:19.390,binance,ACH/USDT:USDT,0.022947,4485.0,0.022946,5924.0,0.022949,10651.0,0.02295,1588.0
1753617199557,11:53:19.557,binance,ACH/USDT:USDT,0.022947,4485.0,0.022946,5924.0,0.022949,10651.0,0.02295,1588.0
1753617199671,11:53:19.671,binance,ACH/USDT:USDT,0.022947,2604.0,0.022946,5924.0,0.022949,10651.0,0.02295,5086.0
1753617199777,11:53:19.777,binance,ACH/USDT:USDT,0.022947,2604.0,0.022946,5924.0,0.022949,10651.0,0.02295,5086.0
1753617199902,11:53:19.902,binance,ACH/USDT:USDT,0.022947,2604.0,0.022946,5924.0,0.022949,10651.0,0.02295,5086.0
1753617200034,11:53:20.034,binance,ACH/USDT:USDT,0.022946,5924.0,0.022945,950.0,0.022947,10404.0,0.022948,2027.0
1753617200154,11:53:20.154,binance,ACH/USDT:USDT,0.022946,5924.0,0.022945,230.0,0.022947,13220.0,0.022948,5525.0
1753617200264,11:53:20.264,binance,ACH/USDT:USDT,0.022946,5924.0,0.022945,230.0,0.022947,13220.0,0.022948,5525.0
1753617200366,11:53:20.366,binance,ACH/USDT:USDT,0.022946,5924.0,0.022945,230.0,0.022947,13220.0,0.022948,5525.0
1753617200477,11:53:20.477,binance,ACH/USDT:USDT,0.022946,5924.0,0.022945,230.0,0.022947,11192.0,0.022948,2027.0
1753617200582,11:53:20.582,binance,ACH/USDT:USDT,0.022946,5924.0,0.022945,230.0,0.022947,11192.0,0.022948,2027.0
1753617200791,11:53:20.791,binance,ACH/USDT:USDT,0.022946,5924.0,0.022945,230.0,0.022947,11192.0,0.022948,2027.0
1753617200955,11:53:20.955,binance,ACH/USDT:USDT,0.022946,5924.0,0.022945,230.0,0.022947,788.0,0.022948,2027.0
1753617201060,11:53:21.060,binance,ACH/USDT:USDT,0.022946,5924.0,0.022945,230.0,0.022947,788.0,0.022949,11484.0
1753617201161,11:53:21.161,binance,ACH/USDT:USDT,0.022946,7376.0,0.022945,230.0,0.022947,788.0,0.022949,11484.0
1753617201269,11:53:21.269,binance,ACH/USDT:USDT,0.022946,7376.0,0.022945,230.0,0.022949,11484.0,0.02295,2308.0
1753617201372,11:53:21.372,binance,ACH/USDT:USDT,0.022946,7376.0,0.022945,230.0,0.022949,11484.0,0.02295,1487.0
1753617201547,11:53:21.547,binance,ACH/USDT:USDT,0.022946,7376.0,0.022945,230.0,0.022949,11484.0,0.02295,1487.0
1753617201653,11:53:21.653,binance,ACH/USDT:USDT,0.022947,1011.0,0.022946,7376.0,0.022949,11484.0,0.02295,1487.0
1753617201778,11:53:21.778,binance,ACH/USDT:USDT,0.022947,1011.0,0.022946,7376.0,0.022949,11484.0,0.02295,1487.0
1753617201902,11:53:21.902,binance,ACH/USDT:USDT,0.022947,1011.0,0.022946,7376.0,0.022949,12260.0,0.02295,1487.0
1753617202006,11:53:22.006,binance,ACH/USDT:USDT,0.022947,1011.0,0.022946,7376.0,0.022949,12260.0,0.02295,1487.0
1753617202248,11:53:22.248,binance,ACH/USDT:USDT,0.022947,1011.0,0.022946,7376.0,0.022949,12260.0,0.02295,1487.0
1753617202352,11:53:22.352,binance,ACH/USDT:USDT,0.022947,1011.0,0.022946,7376.0,0.022949,11484.0,0.02295,1487.0
1753617202455,11:53:22.455,binance,ACH/USDT:USDT,0.022947,1011.0,0.022946,7376.0,0.022949,11484.0,0.02295,1487.0
1753617202602,11:53:22.602,binance,ACH/USDT:USDT,0.022947,1011.0,0.022946,7376.0,0.022949,11484.0,0.02295,1487.0
1753617202706,11:53:22.706,binance,ACH/USDT:USDT,0.022947,1011.0,0.022946,7376.0,0.022949,11484.0,0.02295,1487.0
1753617203002,11:53:23.002,binance,ACH/USDT:USDT,0.022947,1011.0,0.022946,7376.0,0.022949,12255.0,0.02295,1487.0
1753617203202,11:53:23.202,binance,ACH/USDT:USDT,0.022947,1011.0,0.022946,7376.0,0.022949,12255.0,0.02295,1487.0
1753617203363,11:53:23.363,binance,ACH/USDT:USDT,0.022947,1011.0,0.022946,7376.0,0.022949,12255.0,0.02295,1487.0
1753617203544,11:53:23.544,binance,ACH/USDT:USDT,0.022948,4572.0,0.022947,1011.0,0.022949,12255.0,0.02295,1487.0
1753617203807,11:53:23.807,binance,ACH/USDT:USDT,0.022948,4572.0,0.022947,1011.0,0.022949,12255.0,0.02295,1487.0
1753617203978,11:53:23.978,binance,ACH/USDT:USDT,0.022948,4572.0,0.022947,1011.0,0.022949,12255.0,0.02295,1487.0
1753617204102,11:53:24.102,binance,ACH/USDT:USDT,0.022948,4572.0,0.022947,1011.0,0.022949,12255.0,0.02295,1487.0
1753617204213,11:53:24.213,binance,ACH/USDT:USDT,0.022948,4572.0,0.022947,1011.0,0.022949,12255.0,0.02295,1487.0
1753617204316,11:53:24.316,binance,ACH/USDT:USDT,0.022948,4572.0,0.022947,1011.0,0.022949,12255.0,0.02295,1487.0
1753617204478,11:53:24.478,binance,ACH/USDT:USDT,0.022948,4572.0,0.022947,1011.0,0.022949,12255.0,0.02295,1487.0
1753617204610,11:53:24.610,binance,ACH/USDT:USDT,0.022948,4572.0,0.022947,1011.0,0.022949,12255.0,0.02295,1487.0
1753617204713,11:53:24.713,binance,ACH/USDT:USDT,0.022948,4572.0,0.022947,1011.0,0.022949,12255.0,0.02295,1487.0
1753617204902,11:53:24.902,binance,ACH/USDT:USDT,0.022948,4572.0,0.022947,1011.0,0.022949,12255.0,0.02295,1487.0
1753617205135,11:53:25.135,binance,ACH/USDT:USDT,0.022948,4572.0,0.022947,1011.0,0.022949,12255.0,0.02295,1487.0
1753617205272,11:53:25.272,binance,ACH/USDT:USDT,0.022948,4572.0,0.022947,1011.0,0.022949,11422.0,0.02295,1487.0
1753617205375,11:53:25.375,binance,ACH/USDT:USDT,0.022948,4572.0,0.022947,1011.0,0.022949,11422.0,0.02295,1487.0
1753617205549,11:53:25.549,binance,ACH/USDT:USDT,0.022948,4572.0,0.022947,1011.0,0.022949,11422.0,0.02295,767.0
1753617205653,11:53:25.653,binance,ACH/USDT:USDT,0.022948,4572.0,0.022947,1011.0,0.022949,11422.0,0.02295,767.0
1753617205756,11:53:25.756,binance,ACH/USDT:USDT,0.022948,4572.0,0.022947,1011.0,0.022949,11422.0,0.02295,767.0
1753617205891,11:53:25.891,binance,ACH/USDT:USDT,0.022948,4572.0,0.022947,1011.0,0.022949,11422.0,0.02295,767.0
1753617206106,11:53:26.106,binance,ACH/USDT:USDT,0.022948,4572.0,0.022947,1011.0,0.022949,11422.0,0.02295,767.0
1753617206302,11:53:26.302,binance,ACH/USDT:USDT,0.022948,4572.0,0.022947,1011.0,0.022949,11422.0,0.02295,767.0
1753617206442,11:53:26.442,binance,ACH/USDT:USDT,0.022948,4572.0,0.022947,6028.0,0.022949,11422.0,0.02295,767.0
1753617206548,11:53:26.548,binance,ACH/USDT:USDT,0.022948,4572.0,0.022947,6028.0,0.022949,11422.0,0.02295,767.0
1753617206674,11:53:26.674,binance,ACH/USDT:USDT,0.02295,2229.0,0.022948,4572.0,0.022951,798.0,0.022952,1378.0
1753617206777,11:53:26.777,binance,ACH/USDT:USDT,0.02295,2229.0,0.022949,872.0,0.022951,798.0,0.022952,1378.0
1753617206878,11:53:26.878,binance,ACH/USDT:USDT,0.02295,2229.0,0.022949,872.0,0.022951,798.0,0.022952,1378.0
1753617206989,11:53:26.989,binance,ACH/USDT:USDT,0.02295,2229.0,0.022949,872.0,0.022951,798.0,0.022952,1378.0
1753617207207,11:53:27.207,binance,ACH/USDT:USDT,0.02295,2229.0,0.022949,872.0,0.022951,798.0,0.022952,1378.0
1753617207313,11:53:27.313,binance,ACH/USDT:USDT,0.022951,2229.0,0.02295,306.0,0.022952,801.0,0.022953,2670.0
1753617207417,11:53:27.417,binance,ACH/USDT:USDT,0.022951,2229.0,0.02295,306.0,0.022952,801.0,0.022953,240.0
1753617207530,11:53:27.530,binance,ACH/USDT:USDT,0.022951,2229.0,0.02295,306.0,0.022952,801.0,0.022953,240.0
1753617207671,11:53:27.671,binance,ACH/USDT:USDT,0.022951,2229.0,0.02295,306.0,0.022952,801.0,0.022953,240.0
1753617207780,11:53:27.780,binance,ACH/USDT:USDT,0.022951,3932.0,0.02295,306.0,0.022953,240.0,0.022954,2305.0
1753617207881,11:53:27.881,binance,ACH/USDT:USDT,0.022951,3932.0,0.02295,306.0,0.022953,240.0,0.022954,1585.0
1753617207988,11:53:27.988,binance,ACH/USDT:USDT,0.022951,3932.0,0.02295,306.0,0.022953,240.0,0.022954,2503.0
1753617208091,11:53:28.091,binance,ACH/USDT:USDT,0.022951,3932.0,0.02295,306.0,0.022953,240.0,0.022954,2503.0
1753617208194,11:53:28.194,binance,ACH/USDT:USDT,0.022951,3932.0,0.02295,306.0,0.022953,240.0,0.022954,1738.0
1753617208307,11:53:28.307,binance,ACH/USDT:USDT,0.022952,2229.0,0.022951,10254.0,0.022953,240.0,0.022954,1738.0
1753617208409,11:53:28.409,binance,ACH/USDT:USDT,0.022952,2908.0,0.022951,8025.0,0.022953,240.0,0.022954,820.0
1753617208511,11:53:28.511,binance,ACH/USDT:USDT,0.022952,679.0,0.022951,8025.0,0.022953,240.0,0.022954,820.0
1753617208658,11:53:28.658,binance,ACH/USDT:USDT,0.022952,679.0,0.022951,8025.0,0.022953,240.0,0.022954,820.0
1753617208858,11:53:28.858,binance,ACH/USDT:USDT,0.022952,1846.0,0.022951,8025.0,0.022953,240.0,0.022955,8525.0
1753617208962,11:53:28.962,binance,ACH/USDT:USDT,0.022952,1846.0,0.022951,8025.0,0.022953,240.0,0.022955,8525.0
1753617209101,11:53:29.101,binance,ACH/USDT:USDT,0.022952,1846.0,0.022951,8025.0,0.022953,240.0,0.022955,8525.0
1753617209414,11:53:29.414,binance,ACH/USDT:USDT,0.022952,9264.0,0.022951,1703.0,0.022953,240.0,0.022955,8525.0
1753617209521,11:53:29.521,binance,ACH/USDT:USDT,0.022952,9264.0,0.022951,1703.0,0.022953,240.0,0.022955,8525.0
1753617209626,11:53:29.626,binance,ACH/USDT:USDT,0.022952,9264.0,0.022951,1703.0,0.022953,240.0,0.022955,8525.0
1753617209906,11:53:29.906,binance,ACH/USDT:USDT,0.022952,9264.0,0.022951,1703.0,0.022953,240.0,0.022955,8525.0
1753617210030,11:53:30.030,binance,ACH/USDT:USDT,0.022952,9264.0,0.022951,1703.0,0.022953,240.0,0.022955,4217.0
1753617210149,11:53:30.149,binance,ACH/USDT:USDT,0.022952,9264.0,0.022951,1703.0,0.022953,240.0,0.022955,4217.0
1753617210425,11:53:30.425,binance,ACH/USDT:USDT,0.022952,8576.0,0.022951,1703.0,0.022953,240.0,0.022955,4217.0
1753617210530,11:53:30.530,binance,ACH/USDT:USDT,0.022952,8576.0,0.022951,1703.0,0.022953,240.0,0.022955,4217.0
1753617210692,11:53:30.692,binance,ACH/USDT:USDT,0.022952,8576.0,0.022951,1703.0,0.022953,240.0,0.022955,4217.0
1753617210806,11:53:30.806,binance,ACH/USDT:USDT,0.022952,8576.0,0.022951,1703.0,0.022953,240.0,0.022955,4217.0
1753617210944,11:53:30.944,binance,ACH/USDT:USDT,0.022952,8576.0,0.022951,1703.0,0.022953,240.0,0.022955,3381.0
1753617211076,11:53:31.076,binance,ACH/USDT:USDT,0.022952,8576.0,0.022951,1703.0,0.022953,240.0,0.022955,3381.0
1753617211297,11:53:31.297,binance,ACH/USDT:USDT,0.022952,8576.0,0.022951,1703.0,0.022953,240.0,0.022955,3381.0
1753617211407,11:53:31.407,binance,ACH/USDT:USDT,0.022952,8576.0,0.022951,1703.0,0.022953,240.0,0.022955,3381.0
1753617211511,11:53:31.511,binance,ACH/USDT:USDT,0.022952,8576.0,0.022951,1703.0,0.022953,240.0,0.022955,3381.0
1753617211654,11:53:31.654,binance,ACH/USDT:USDT,0.022952,8576.0,0.022951,1703.0,0.022953,240.0,0.022955,3381.0
1753617211780,11:53:31.780,binance,ACH/USDT:USDT,0.022952,19017.0,0.022951,1703.0,0.022953,240.0,0.022955,3381.0
1753617211884,11:53:31.884,binance,ACH/USDT:USDT,0.022952,19017.0,0.022951,1703.0,0.022953,240.0,0.022955,1089.0
1753617211991,11:53:31.991,binance,ACH/USDT:USDT,0.022952,20875.0,0.022951,1703.0,0.022953,240.0,0.022955,1089.0
1753617212108,11:53:32.108,binance,ACH/USDT:USDT,0.022952,20875.0,0.022951,1703.0,0.022953,240.0,0.022955,1089.0
1753617212214,11:53:32.214,binance,ACH/USDT:USDT,0.022956,7061.0,0.022954,10441.0,0.022957,971.0,0.022958,1060.0
1753617212315,11:53:32.315,binance,ACH/USDT:USDT,0.022956,7061.0,0.022954,10441.0,0.022957,971.0,0.022958,1060.0
1753617212416,11:53:32.416,binance,ACH/USDT:USDT,0.022956,9410.0,0.022953,1398.0,0.022957,971.0,0.022958,1060.0
1753617212528,11:53:32.528,binance,ACH/USDT:USDT,0.022956,9410.0,0.022953,1398.0,0.022957,971.0,0.022958,1060.0
1753617212702,11:53:32.702,binance,ACH/USDT:USDT,0.022956,9410.0,0.022953,4997.0,0.022957,971.0,0.022958,1060.0
1753617212807,11:53:32.807,binance,ACH/USDT:USDT,0.022956,9410.0,0.022953,4997.0,0.022957,971.0,0.022958,1060.0
1753617212923,11:53:32.923,binance,ACH/USDT:USDT,0.022956,9410.0,0.022953,4997.0,0.022957,971.0,0.022958,1060.0
1753617213122,11:53:33.122,binance,ACH/USDT:USDT,0.022956,9410.0,0.022953,4997.0,0.022957,971.0,0.022958,1060.0
1753617213232,11:53:33.232,binance,ACH/USDT:USDT,0.022956,9410.0,0.022953,4997.0,0.022957,971.0,0.022958,1060.0
1753617213335,11:53:33.335,binance,ACH/USDT:USDT,0.022956,9410.0,0.022953,4997.0,0.022957,971.0,0.022958,1060.0
1753617213458,11:53:33.458,binance,ACH/USDT:USDT,0.022956,872.0,0.022953,4997.0,0.022957,6378.0,0.022958,1060.0
1753617213574,11:53:33.574,binance,ACH/USDT:USDT,0.022953,1177.0,0.022952,4113.0,0.022957,6378.0,0.022958,1060.0
1753617213680,11:53:33.680,binance,ACH/USDT:USDT,0.022953,1177.0,0.022952,4113.0,0.022957,6378.0,0.022958,1060.0
1753617213783,11:53:33.783,binance,ACH/USDT:USDT,0.022953,1177.0,0.022952,4113.0,0.022957,6378.0,0.022958,1060.0
1753617213891,11:53:33.891,binance,ACH/USDT:USDT,0.022952,4113.0,0.022951,2643.0,0.022957,16819.0,0.022958,1060.0
1753617213998,11:53:33.998,binance,ACH/USDT:USDT,0.022952,4113.0,0.022951,2643.0,0.022957,17604.0,0.022958,1060.0
1753617214102,11:53:34.102,binance,ACH/USDT:USDT,0.022952,4113.0,0.022951,2643.0,0.022957,17604.0,0.022958,1932.0
1753617214302,11:53:34.302,binance,ACH/USDT:USDT,0.022952,4113.0,0.022951,2643.0,0.022957,17604.0,0.022958,1932.0
1753617214405,11:53:34.405,binance,ACH/USDT:USDT,0.022952,4113.0,0.022951,2643.0,0.022957,17416.0,0.022958,1932.0
1753617214514,11:53:34.514,binance,ACH/USDT:USDT,0.022952,4113.0,0.022951,2643.0,0.022957,17416.0,0.022958,1932.0
1753617214617,11:53:34.617,binance,ACH/USDT:USDT,0.022952,4113.0,0.022951,2643.0,0.022957,17416.0,0.022958,1932.0
1753617214778,11:53:34.778,binance,ACH/USDT:USDT,0.022952,4113.0,0.022951,2643.0,0.022955,971.0,0.022956,12270.0
1753617214890,11:53:34.890,binance,ACH/USDT:USDT,0.022952,4113.0,0.022951,2643.0,0.022955,971.0,0.022956,12270.0
1753617215029,11:53:35.029,binance,ACH/USDT:USDT,0.022952,4113.0,0.022951,2643.0,0.022955,971.0,0.022956,12270.0
1753617215138,11:53:35.138,binance,ACH/USDT:USDT,0.022952,4113.0,0.022951,2643.0,0.022955,971.0,0.022956,12270.0
1753617215249,11:53:35.249,binance,ACH/USDT:USDT,0.022953,2687.0,0.022952,4113.0,0.022955,971.0,0.022956,12270.0
1753617215351,11:53:35.351,binance,ACH/USDT:USDT,0.022953,2687.0,0.022952,4113.0,0.022955,971.0,0.022956,1829.0
1753617215454,11:53:35.454,binance,ACH/USDT:USDT,0.022953,2687.0,0.022952,4113.0,0.022955,971.0,0.022957,9463.0
1753617215557,11:53:35.557,binance,ACH/USDT:USDT,0.022954,2229.0,0.022953,2687.0,0.022955,971.0,0.022957,6225.0
1753617215694,11:53:35.694,binance,ACH/USDT:USDT,0.022957,8900.0,0.022954,1021.0,0.022958,1060.0,0.022959,3974.0
1753617215799,11:53:35.799,binance,ACH/USDT:USDT,0.022957,10664.0,0.022954,1021.0,0.022958,1060.0,0.022959,3974.0
1753617215905,11:53:35.905,binance,ACH/USDT:USDT,0.022957,10664.0,0.022954,1021.0,0.022958,1060.0,0.022959,3974.0
1753617216012,11:53:36.012,binance,ACH/USDT:USDT,0.022957,10664.0,0.022954,1021.0,0.022958,1060.0,0.022959,461.0
1753617216117,11:53:36.117,binance,ACH/USDT:USDT,0.022957,10664.0,0.022954,1021.0,0.022958,1060.0,0.022959,461.0
1753617216231,11:53:36.231,binance,ACH/USDT:USDT,0.022957,10664.0,0.022954,1021.0,0.022958,1011.0,0.022959,461.0
1753617216361,11:53:36.361,binance,ACH/USDT:USDT,0.022957,12866.0,0.022954,1021.0,0.022958,1011.0,0.022959,461.0
1753617216554,11:53:36.554,binance,ACH/USDT:USDT,0.022957,12866.0,0.022954,1021.0,0.022958,1011.0,0.022959,461.0
1753617216724,11:53:36.724,binance,ACH/USDT:USDT,0.022957,12866.0,0.022954,1021.0,0.022958,1011.0,0.022959,461.0
1753617216829,11:53:36.829,binance,ACH/USDT:USDT,0.022957,12866.0,0.022954,1021.0,0.022958,1011.0,0.022959,461.0
1753617216968,11:53:36.968,binance,ACH/USDT:USDT,0.022957,12866.0,0.022954,1021.0,0.022958,1011.0,0.022959,461.0
1753617217179,11:53:37.179,binance,ACH/USDT:USDT,0.022957,12866.0,0.022954,1021.0,0.022958,1011.0,0.022959,461.0
1753617217295,11:53:37.295,binance,ACH/USDT:USDT,0.022957,12866.0,0.022954,1021.0,0.022958,1011.0,0.022959,461.0
1753617217399,11:53:37.399,binance,ACH/USDT:USDT,0.022957,12866.0,0.022954,1021.0,0.022958,1011.0,0.022959,461.0
1753617217501,11:53:37.501,binance,ACH/USDT:USDT,0.022957,12866.0,0.022954,1021.0,0.022958,1011.0,0.022959,461.0
1753617217607,11:53:37.607,binance,ACH/USDT:USDT,0.022957,12866.0,0.022954,1021.0,0.022958,1011.0,0.022959,461.0
1753617217821,11:53:37.821,binance,ACH/USDT:USDT,0.022957,12866.0,0.022954,1021.0,0.022958,1011.0,0.022959,461.0
1753617217931,11:53:37.931,binance,ACH/USDT:USDT,0.022957,12866.0,0.022954,1021.0,0.022958,1011.0,0.022959,461.0
1753617218139,11:53:38.139,binance,ACH/USDT:USDT,0.022957,12866.0,0.022954,11369.0,0.022958,1011.0,0.022959,461.0
1753617218242,11:53:38.242,binance,ACH/USDT:USDT,0.022957,12866.0,0.022954,11369.0,0.022958,1011.0,0.022959,461.0
1753617218502,11:53:38.502,binance,ACH/USDT:USDT,0.022958,3343.0,0.022957,17364.0,0.022959,240.0,0.02296,1025.0
1753617218614,11:53:38.614,binance,ACH/USDT:USDT,0.022958,3343.0,0.022957,17364.0,0.022959,240.0,0.02296,1025.0
1753617218719,11:53:38.719,binance,ACH/USDT:USDT,0.022958,3343.0,0.022957,17364.0,0.022959,240.0,0.02296,1025.0
1753617218869,11:53:38.869,binance,ACH/USDT:USDT,0.022958,3343.0,0.022957,17364.0,0.022959,240.0,0.02296,1025.0
1753617218981,11:53:38.981,binance,ACH/USDT:USDT,0.022958,3575.0,0.022957,17364.0,0.022959,240.0,0.02296,1025.0
1753617219102,11:53:39.102,binance,ACH/USDT:USDT,0.022958,3575.0,0.022957,17364.0,0.022959,469.0,0.02296,1025.0
1753617219213,11:53:39.213,binance,ACH/USDT:USDT,0.022958,3575.0,0.022957,17364.0,0.022959,469.0,0.02296,1025.0
1753617219314,11:53:39.314,binance,ACH/USDT:USDT,0.022958,3575.0,0.022957,17364.0,0.022959,469.0,0.02296,1025.0
1753617219755,11:53:39.755,binance,ACH/USDT:USDT,0.022958,3575.0,0.022957,17364.0,0.022959,469.0,0.02296,1025.0
1753617220106,11:53:40.106,binance,ACH/USDT:USDT,0.022958,3575.0,0.022957,17364.0,0.022959,469.0,0.02296,1025.0
1753617220237,11:53:40.237,binance,ACH/USDT:USDT,0.022958,3575.0,0.022957,17364.0,0.022959,469.0,0.02296,1025.0
1753617220702,11:53:40.702,binance,ACH/USDT:USDT,0.022958,3575.0,0.022957,17364.0,0.022959,469.0,0.02296,1025.0
1753617220917,11:53:40.917,binance,ACH/USDT:USDT,0.02296,3343.0,0.022958,1104.0,0.022961,17792.0,0.022962,240.0
1753617221021,11:53:41.021,binance,ACH/USDT:USDT,0.02296,3343.0,0.022958,1104.0,0.022961,17792.0,0.022962,240.0
1753617221137,11:53:41.137,binance,ACH/USDT:USDT,0.02296,3343.0,0.022958,1104.0,0.022961,17792.0,0.022962,240.0
1753617221263,11:53:41.263,binance,ACH/USDT:USDT,0.02296,3343.0,0.022958,1104.0,0.022961,17792.0,0.022962,240.0
1753617221381,11:53:41.381,binance,ACH/USDT:USDT,0.02296,3343.0,0.022958,1104.0,0.022961,17792.0,0.022962,240.0
1753617221506,11:53:41.506,binance,ACH/USDT:USDT,0.02296,3343.0,0.022958,1104.0,0.022961,17792.0,0.022962,240.0
1753617221614,11:53:41.614,binance,ACH/USDT:USDT,0.02296,3343.0,0.022958,1104.0,0.022961,17792.0,0.022962,240.0
1753617221872,11:53:41.872,binance,ACH/USDT:USDT,0.02296,5276.0,0.022958,1104.0,0.022961,17792.0,0.022962,240.0
1753617221973,11:53:41.973,binance,ACH/USDT:USDT,0.02296,5276.0,0.022958,1104.0,0.022961,17792.0,0.022962,240.0
1753617222296,11:53:42.296,binance,ACH/USDT:USDT,0.02296,5276.0,0.022958,1104.0,0.022961,17792.0,0.022962,240.0
1753617222402,11:53:42.402,binance,ACH/USDT:USDT,0.02296,7209.0,0.022958,1104.0,0.022961,17792.0,0.022962,240.0
1753617222506,11:53:42.506,binance,ACH/USDT:USDT,0.02296,7209.0,0.022958,1104.0,0.022961,17792.0,0.022962,240.0
1753617222618,11:53:42.618,binance,ACH/USDT:USDT,0.02296,7209.0,0.022958,1104.0,0.022961,17792.0,0.022962,240.0
1753617222788,11:53:42.788,binance,ACH/USDT:USDT,0.02296,7209.0,0.022958,1104.0,0.022961,17792.0,0.022962,240.0
1753617222920,11:53:42.920,binance,ACH/USDT:USDT,0.02296,7209.0,0.022958,1104.0,0.022961,17792.0,0.022962,240.0
1753617223027,11:53:43.027,binance,ACH/USDT:USDT,0.02296,7209.0,0.022958,1104.0,0.022961,17792.0,0.022962,240.0
1753617223130,11:53:43.130,binance,ACH/USDT:USDT,0.02296,7209.0,0.022958,1104.0,0.022961,17792.0,0.022962,240.0
1753617223411,11:53:43.411,binance,ACH/USDT:USDT,0.02296,7209.0,0.022958,1104.0,0.022961,17792.0,0.022962,240.0
1753617223561,11:53:43.561,binance,ACH/USDT:USDT,0.02296,7209.0,0.022958,1104.0,0.022961,17792.0,0.022962,240.0
1753617223671,11:53:43.671,binance,ACH/USDT:USDT,0.02296,7209.0,0.022958,1104.0,0.022961,17792.0,0.022962,240.0
1753617223809,11:53:43.809,binance,ACH/USDT:USDT,0.02296,7209.0,0.022958,1104.0,0.022961,17792.0,0.022962,240.0
1753617224102,11:53:44.102,binance,ACH/USDT:USDT,0.02296,7209.0,0.022958,1104.0,0.022961,17792.0,0.022962,240.0
1753617224207,11:53:44.207,binance,ACH/USDT:USDT,0.02296,7209.0,0.022958,1104.0,0.022961,17792.0,0.022962,240.0
1753617224808,11:53:44.808,binance,ACH/USDT:USDT,0.02296,9833.0,0.022958,1104.0,0.022961,17792.0,0.022962,240.0
1753617225302,11:53:45.302,binance,ACH/USDT:USDT,0.02296,9833.0,0.022958,1104.0,0.022961,17792.0,0.022962,240.0
1753617225460,11:53:45.460,binance,ACH/USDT:USDT,0.02296,9833.0,0.022958,1104.0,0.022961,17792.0,0.022962,240.0
1753617225648,11:53:45.648,binance,ACH/USDT:USDT,0.02296,9833.0,0.022958,1104.0,0.022961,17792.0,0.022962,240.0
1753617225842,11:53:45.842,binance,ACH/USDT:USDT,0.02296,9833.0,0.022958,1104.0,0.022961,17792.0,0.022962,240.0
1753617225965,11:53:45.965,binance,ACH/USDT:USDT,0.02296,9833.0,0.022958,1104.0,0.022961,17792.0,0.022962,240.0
1753617226130,11:53:46.130,binance,ACH/USDT:USDT,0.02296,10062.0,0.022958,1104.0,0.022961,17792.0,0.022962,240.0
1753617226308,11:53:46.308,binance,ACH/USDT:USDT,0.02296,10062.0,0.022958,1104.0,0.022961,17792.0,0.022962,240.0
1753617226455,11:53:46.455,binance,ACH/USDT:USDT,0.02296,10062.0,0.022958,1104.0,0.022961,17792.0,0.022962,240.0
1753617226627,11:53:46.627,binance,ACH/USDT:USDT,0.02296,10062.0,0.022958,1104.0,0.022961,17792.0,0.022962,240.0
1753617226779,11:53:46.779,binance,ACH/USDT:USDT,0.02296,10062.0,0.022958,1104.0,0.022961,17792.0,0.022962,240.0
1753617227002,11:53:47.002,binance,ACH/USDT:USDT,0.02296,10062.0,0.022958,1104.0,0.022961,17792.0,0.022962,240.0
1753617227176,11:53:47.176,binance,ACH/USDT:USDT,0.02296,13062.0,0.022958,1104.0,0.022964,1379.0,0.022965,6705.0
1753617227277,11:53:47.277,binance,ACH/USDT:USDT,0.022964,3100.0,0.022962,6905.0,0.022965,1290.0,0.022966,1379.0
1753617227378,11:53:47.378,binance,ACH/USDT:USDT,0.022964,3100.0,0.022962,4033.0,0.022965,1290.0,0.022966,1379.0
1753617227490,11:53:47.490,binance,ACH/USDT:USDT,0.022964,3473.0,0.022961,26251.0,0.022965,1290.0,0.022966,1379.0
1753617227611,11:53:47.611,binance,ACH/USDT:USDT,0.022964,3473.0,0.022961,26251.0,0.022965,1290.0,0.022966,1379.0
1753617227712,11:53:47.712,binance,ACH/USDT:USDT,0.022964,8474.0,0.022961,26251.0,0.022965,1290.0,0.022966,1379.0
1753617228022,11:53:48.022,binance,ACH/USDT:USDT,0.022964,8474.0,0.022961,26251.0,0.022965,1290.0,0.022966,1379.0
1753617228155,11:53:48.155,binance,ACH/USDT:USDT,0.022964,8474.0,0.022961,26251.0,0.022965,1290.0,0.022966,1379.0
1753617228258,11:53:48.258,binance,ACH/USDT:USDT,0.022964,12219.0,0.022961,26251.0,0.022965,1290.0,0.022966,1379.0
1753617228363,11:53:48.363,binance,ACH/USDT:USDT,0.022964,12219.0,0.022961,26251.0,0.022965,1290.0,0.022966,1379.0
1753617228702,11:53:48.702,binance,ACH/USDT:USDT,0.022964,12219.0,0.022961,26251.0,0.022965,1290.0,0.022966,1379.0
1753617228809,11:53:48.809,binance,ACH/USDT:USDT,0.022964,15457.0,0.022962,3004.0,0.022965,1290.0,0.022966,3275.0
1753617228960,11:53:48.960,binance,ACH/USDT:USDT,0.022964,15457.0,0.022962,3004.0,0.022965,1290.0,0.022966,3275.0
1753617229081,11:53:49.081,binance,ACH/USDT:USDT,0.022964,15457.0,0.022962,3004.0,0.022965,1290.0,0.022966,3275.0
1753617229202,11:53:49.202,binance,ACH/USDT:USDT,0.022964,15457.0,0.022962,3004.0,0.022965,1290.0,0.022966,3275.0
1753617229306,11:53:49.306,binance,ACH/USDT:USDT,0.022964,15457.0,0.022962,3004.0,0.022965,1290.0,0.022966,3275.0
1753617229627,11:53:49.627,binance,ACH/USDT:USDT,0.022964,15457.0,0.022962,3004.0,0.022965,1290.0,0.022966,3275.0
1753617229802,11:53:49.802,binance,ACH/USDT:USDT,0.022964,15457.0,0.022962,3004.0,0.022965,1290.0,0.022966,3275.0
1753617230256,11:53:50.256,binance,ACH/USDT:USDT,0.022966,3343.0,0.022964,27691.0,0.022967,2319.0,0.022968,1265.0
1753617230360,11:53:50.360,binance,ACH/USDT:USDT,0.022966,4214.0,0.022964,27691.0,0.022967,2319.0,0.022968,1265.0
1753617230463,11:53:50.463,binance,ACH/USDT:USDT,0.022967,117050.0,0.022966,871.0,0.022968,240.0,0.022969,1745.0
1753617230572,11:53:50.572,binance,ACH/USDT:USDT,0.022967,117050.0,0.022966,871.0,0.022968,240.0,0.022969,1745.0
1753617230676,11:53:50.676,binance,ACH/USDT:USDT,0.022967,117050.0,0.022966,871.0,0.022968,240.0,0.022969,1745.0
1753617230901,11:53:50.901,binance,ACH/USDT:USDT,0.022967,117050.0,0.022966,871.0,0.022968,240.0,0.022969,1745.0
1753617231002,11:53:51.002,binance,ACH/USDT:USDT,0.022967,117050.0,0.022966,871.0,0.022968,240.0,0.022969,1745.0
1753617231261,11:53:51.261,binance,ACH/USDT:USDT,0.022967,117050.0,0.022964,23820.0,0.022968,240.0,0.022969,1745.0
1753617231368,11:53:51.368,binance,ACH/USDT:USDT,0.022967,117050.0,0.022964,23820.0,0.022968,240.0,0.022969,1745.0
1753617231474,11:53:51.474,binance,ACH/USDT:USDT,0.022967,117050.0,0.022964,12357.0,0.022968,10865.0,0.022969,1307.0
1753617231581,11:53:51.581,binance,ACH/USDT:USDT,0.022967,114821.0,0.022964,12357.0,0.022968,10865.0,0.022969,1307.0
1753617232002,11:53:52.002,binance,ACH/USDT:USDT,0.022967,114821.0,0.022964,12357.0,0.022968,10865.0,0.022969,1307.0
1753617232410,11:53:52.410,binance,ACH/USDT:USDT,0.022967,125917.0,0.022964,12357.0,0.022968,10865.0,0.022969,1307.0
1753617232514,11:53:52.514,binance,ACH/USDT:USDT,0.022964,12357.0,0.022963,221.0,0.022966,10625.0,0.022968,3240.0
1753617232616,11:53:52.616,binance,ACH/USDT:USDT,0.022964,18888.0,0.022963,221.0,0.022966,10625.0,0.022967,6475.0
1753617232718,11:53:52.718,binance,ACH/USDT:USDT,0.022964,12357.0,0.022963,221.0,0.022966,10625.0,0.022967,6475.0
1753617232858,11:53:52.858,binance,ACH/USDT:USDT,0.022964,12357.0,0.022963,221.0,0.022966,10625.0,0.022967,6475.0
1753617233081,11:53:53.081,binance,ACH/USDT:USDT,0.022964,12357.0,0.022963,221.0,0.022966,10625.0,0.022967,6475.0
1753617233183,11:53:53.183,binance,ACH/USDT:USDT,0.022965,2229.0,0.022964,12357.0,0.022968,545.0,0.022969,11932.0
1753617233284,11:53:53.284,binance,ACH/USDT:USDT,0.022966,2229.0,0.022964,12357.0,0.022968,240.0,0.022969,11932.0
1753617233412,11:53:53.412,binance,ACH/USDT:USDT,0.022966,2229.0,0.022964,12357.0,0.022968,240.0,0.022969,11932.0
1753617233702,11:53:53.702,binance,ACH/USDT:USDT,0.022966,2229.0,0.022964,12357.0,0.022968,240.0,0.022969,11932.0
1753617233803,11:53:53.803,binance,ACH/USDT:USDT,0.022964,12357.0,0.022963,221.0,0.022968,10865.0,0.022969,4545.0
1753617234065,11:53:54.065,binance,ACH/USDT:USDT,0.022964,12357.0,0.022963,221.0,0.022968,10865.0,0.022969,4545.0
1753617234302,11:53:54.302,binance,ACH/USDT:USDT,0.022964,12357.0,0.022963,221.0,0.022968,10865.0,0.022969,4545.0
1753617234407,11:53:54.407,binance,ACH/USDT:USDT,0.022964,12357.0,0.022963,221.0,0.022968,10865.0,0.022969,4545.0
1753617234556,11:53:54.556,binance,ACH/USDT:USDT,0.022964,12357.0,0.022963,221.0,0.022968,10865.0,0.022969,4545.0
1753617234902,11:53:54.902,binance,ACH/USDT:USDT,0.022964,12357.0,0.022963,221.0,0.022968,10865.0,0.022969,4545.0
1753617235199,11:53:55.199,binance,ACH/USDT:USDT,0.022964,12357.0,0.022963,221.0,0.022968,10865.0,0.022969,4545.0
1753617235502,11:53:55.502,binance,ACH/USDT:USDT,0.022964,12357.0,0.022963,221.0,0.022968,15694.0,0.022969,7782.0
1753617235610,11:53:55.610,binance,ACH/USDT:USDT,0.022964,12357.0,0.022963,221.0,0.022968,15694.0,0.022969,7782.0
1753617235716,11:53:55.716,binance,ACH/USDT:USDT,0.022964,12357.0,0.022963,221.0,0.022968,15694.0,0.022969,7782.0
1753617235838,11:53:55.838,binance,ACH/USDT:USDT,0.022965,2229.0,0.022964,12357.0,0.022968,10865.0,0.022969,1307.0
1753617235971,11:53:55.971,binance,ACH/USDT:USDT,0.022964,12357.0,0.022963,221.0,0.022968,15694.0,0.022969,7782.0
1753617236074,11:53:56.074,binance,ACH/USDT:USDT,0.022964,12357.0,0.022963,221.0,0.022968,15694.0,0.022969,7782.0
1753617236315,11:53:56.315,binance,ACH/USDT:USDT,0.022964,12357.0,0.022963,221.0,0.022968,15694.0,0.022969,7782.0
1753617236567,11:53:56.567,binance,ACH/USDT:USDT,0.022964,12357.0,0.022963,221.0,0.022968,15694.0,0.022969,7782.0
1753617236702,11:53:56.702,binance,ACH/USDT:USDT,0.022964,12357.0,0.022963,221.0,0.022968,12694.0,0.022969,7782.0
1753617236827,11:53:56.827,binance,ACH/USDT:USDT,0.022964,12357.0,0.022963,221.0,0.022968,12694.0,0.022969,7782.0
1753617236994,11:53:56.994,binance,ACH/USDT:USDT,0.022964,12357.0,0.022963,221.0,0.022968,12694.0,0.022969,7782.0
1753617237146,11:53:57.146,binance,ACH/USDT:USDT,0.022964,12357.0,0.022963,221.0,0.022968,13156.0,0.022969,7782.0
1753617237279,11:53:57.279,binance,ACH/USDT:USDT,0.022964,12357.0,0.022963,221.0,0.022968,13156.0,0.022969,7782.0
1753617237438,11:53:57.438,binance,ACH/USDT:USDT,0.022964,12357.0,0.022963,221.0,0.022968,13156.0,0.022969,7782.0
1753617237774,11:53:57.774,binance,ACH/USDT:USDT,0.022964,12357.0,0.022963,221.0,0.022967,13625.0,0.022968,2752.0
1753617237877,11:53:57.877,binance,ACH/USDT:USDT,0.022964,12357.0,0.022963,221.0,0.022967,13625.0,0.022968,2752.0
1753617237981,11:53:57.981,binance,ACH/USDT:USDT,0.022964,12357.0,0.022963,221.0,0.022967,13625.0,0.022968,2752.0
1753617238310,11:53:58.310,binance,ACH/USDT:USDT,0.022965,2345.0,0.022964,12357.0,0.022967,10625.0,0.022968,923.0
1753617238421,11:53:58.421,binance,ACH/USDT:USDT,0.022965,2345.0,0.022964,12357.0,0.022967,10625.0,0.022968,923.0
1753617238572,11:53:58.572,binance,ACH/USDT:USDT,0.022965,2345.0,0.022964,12357.0,0.022967,10625.0,0.022968,923.0
1753617238691,11:53:58.691,binance,ACH/USDT:USDT,0.022966,372.0,0.022965,2345.0,0.022967,10625.0,0.022968,923.0
1753617238981,11:53:58.981,binance,ACH/USDT:USDT,0.022966,601.0,0.022965,2345.0,0.022967,10625.0,0.022968,923.0
1753617239091,11:53:59.091,binance,ACH/USDT:USDT,0.022966,601.0,0.022965,2345.0,0.022967,10625.0,0.022968,923.0
1753617239238,11:53:59.238,binance,ACH/USDT:USDT,0.022966,601.0,0.022965,2345.0,0.022967,10625.0,0.022968,923.0
1753617239402,11:53:59.402,binance,ACH/USDT:USDT,0.022966,601.0,0.022965,2345.0,0.022967,10625.0,0.022968,923.0
1753617239518,11:53:59.518,binance,ACH/USDT:USDT,0.022966,601.0,0.022965,2345.0,0.022967,11088.0,0.022968,461.0
1753617239622,11:53:59.622,binance,ACH/USDT:USDT,0.022966,601.0,0.022965,2345.0,0.022967,11088.0,0.022968,461.0
1753617239727,11:53:59.727,binance,ACH/USDT:USDT,0.022964,2586.0,0.022963,221.0,0.022967,14088.0,0.022968,766.0
1753617239840,11:53:59.840,binance,ACH/USDT:USDT,0.022964,2586.0,0.022963,221.0,0.022967,14088.0,0.022968,766.0
1753617239942,11:53:59.942,binance,ACH/USDT:USDT,0.02296,7024.0,0.022959,959.0,0.022967,14088.0,0.022968,766.0
1753617240112,11:54:00.112,binance,ACH/USDT:USDT,0.02296,7024.0,0.022959,959.0,0.022967,14088.0,0.022968,766.0
1753617240213,11:54:00.213,binance,ACH/USDT:USDT,0.02296,7024.0,0.022959,959.0,0.022967,14088.0,0.022968,766.0
1753617240322,11:54:00.322,binance,ACH/USDT:USDT,0.02296,7024.0,0.022959,959.0,0.022967,14088.0,0.022968,766.0
1753617240437,11:54:00.437,binance,ACH/USDT:USDT,0.02296,7024.0,0.022959,959.0,0.022967,17308.0,0.022968,6690.0
1753617240555,11:54:00.555,binance,ACH/USDT:USDT,0.02296,7024.0,0.022959,959.0,0.022967,17308.0,0.022968,6690.0
1753617240661,11:54:00.661,binance,ACH/USDT:USDT,0.02296,6719.0,0.022959,959.0,0.022967,17308.0,0.022968,6690.0
1753617240773,11:54:00.773,binance,ACH/USDT:USDT,0.02296,6719.0,0.022959,959.0,0.022967,17308.0,0.022968,6690.0
1753617241041,11:54:01.041,binance,ACH/USDT:USDT,0.02296,6719.0,0.022959,959.0,0.022967,17308.0,0.022968,6690.0
1753617241144,11:54:01.144,binance,ACH/USDT:USDT,0.02296,6719.0,0.022959,959.0,0.022967,17308.0,0.022968,6690.0
1753617241602,11:54:01.602,binance,ACH/USDT:USDT,0.022963,2296.0,0.022961,1892.0,0.022967,14090.0,0.022968,6690.0
1753617241705,11:54:01.705,binance,ACH/USDT:USDT,0.022963,2296.0,0.022961,1892.0,0.022967,14090.0,0.022968,6690.0
1753617241814,11:54:01.814,binance,ACH/USDT:USDT,0.022963,2296.0,0.022961,1892.0,0.022967,14090.0,0.022968,6690.0
1753617242024,11:54:02.024,binance,ACH/USDT:USDT,0.022963,2296.0,0.022961,1892.0,0.022967,14090.0,0.022968,6690.0
1753617242131,11:54:02.131,binance,ACH/USDT:USDT,0.022963,2296.0,0.022961,1892.0,0.022967,14090.0,0.022968,6690.0
1753617242253,11:54:02.253,binance,ACH/USDT:USDT,0.022963,2296.0,0.022961,1892.0,0.022967,14782.0,0.022968,6690.0
1753617242478,11:54:02.478,binance,ACH/USDT:USDT,0.022963,2296.0,0.02296,6940.0,0.022967,23483.0,0.022968,6690.0
1753617242583,11:54:02.583,binance,ACH/USDT:USDT,0.022963,2296.0,0.02296,6940.0,0.022967,23483.0,0.022968,6690.0
1753617242716,11:54:02.716,binance,ACH/USDT:USDT,0.022963,2296.0,0.02296,6940.0,0.022967,23483.0,0.022968,6690.0
1753617242858,11:54:02.858,binance,ACH/USDT:USDT,0.022963,2296.0,0.02296,6940.0,0.022967,23483.0,0.022968,6690.0
1753617242963,11:54:02.963,binance,ACH/USDT:USDT,0.022963,2296.0,0.02296,6940.0,0.022967,23483.0,0.022968,6690.0
1753617243108,11:54:03.108,binance,ACH/USDT:USDT,0.022963,2296.0,0.02296,6940.0,0.022967,21742.0,0.022968,6690.0
1753617243452,11:54:03.452,binance,ACH/USDT:USDT,0.022963,2296.0,0.022962,871.0,0.022967,21742.0,0.022968,6690.0
1753617243754,11:54:03.754,binance,ACH/USDT:USDT,0.022963,2296.0,0.022962,871.0,0.022967,21742.0,0.022968,6690.0
1753617243857,11:54:03.857,binance,ACH/USDT:USDT,0.022963,2296.0,0.022962,871.0,0.022967,21742.0,0.022968,6690.0
1753617244003,11:54:04.003,binance,ACH/USDT:USDT,0.022964,1554.0,0.022963,2296.0,0.022967,21742.0,0.022968,6690.0
1753617244110,11:54:04.110,binance,ACH/USDT:USDT,0.022964,1554.0,0.022963,2296.0,0.022967,18742.0,0.022968,6690.0
1753617244227,11:54:04.227,binance,ACH/USDT:USDT,0.022964,1554.0,0.022963,2296.0,0.022966,26131.0,0.022967,9858.0
1753617244331,11:54:04.331,binance,ACH/USDT:USDT,0.022964,1554.0,0.022963,2296.0,0.022966,26131.0,0.022967,9858.0
1753617244625,11:54:04.625,binance,ACH/USDT:USDT,0.022964,1554.0,0.022963,2296.0,0.022966,26131.0,0.022967,10729.0
1753617244745,11:54:04.745,binance,ACH/USDT:USDT,0.022964,1554.0,0.022963,2296.0,0.022966,26614.0,0.022967,10251.0
1753617244871,11:54:04.871,binance,ACH/USDT:USDT,0.022964,1554.0,0.022963,2296.0,0.022966,26614.0,0.022967,10251.0
1753617245155,11:54:05.155,binance,ACH/USDT:USDT,0.022964,230.0,0.02296,6719.0,0.022965,33886.0,0.022966,33362.0
1753617245260,11:54:05.260,binance,ACH/USDT:USDT,0.02296,6719.0,0.022959,959.0,0.022965,34757.0,0.022966,33362.0
1753617245366,11:54:05.366,binance,ACH/USDT:USDT,0.02296,6719.0,0.022959,959.0,0.022963,17097.0,0.022964,16365.0
1753617245481,11:54:05.481,binance,ACH/USDT:USDT,0.02296,6719.0,0.022959,959.0,0.022963,17097.0,0.022964,16365.0
1753617245640,11:54:05.640,binance,ACH/USDT:USDT,0.02296,6719.0,0.022959,959.0,0.022963,17097.0,0.022964,16365.0
1753617245741,11:54:05.741,binance,ACH/USDT:USDT,0.02296,6719.0,0.022959,959.0,0.022963,17097.0,0.022964,16365.0
1753617245874,11:54:05.874,binance,ACH/USDT:USDT,0.02296,6719.0,0.022959,959.0,0.022963,17097.0,0.022964,16365.0
1753617245980,11:54:05.980,binance,ACH/USDT:USDT,0.02296,6719.0,0.022959,959.0,0.022963,17097.0,0.022964,15615.0
1753617246086,11:54:06.086,binance,ACH/USDT:USDT,0.022959,240.0,0.022958,453.0,0.022963,17969.0,0.022964,17796.0
1753617246216,11:54:06.216,binance,ACH/USDT:USDT,0.022959,240.0,0.022958,453.0,0.022963,18719.0,0.022964,17796.0
1753617246471,11:54:06.471,binance,ACH/USDT:USDT,0.022959,240.0,0.022958,453.0,0.022963,18719.0,0.022964,17796.0
1753617246679,11:54:06.679,binance,ACH/USDT:USDT,0.022959,240.0,0.022958,453.0,0.022963,17969.0,0.022964,17796.0
1753617246920,11:54:06.920,binance,ACH/USDT:USDT,0.022959,240.0,0.022958,453.0,0.022963,17969.0,0.022964,17796.0
1753617247102,11:54:07.102,binance,ACH/USDT:USDT,0.022959,240.0,0.022958,453.0,0.022963,17969.0,0.022964,17796.0
1753617247207,11:54:07.207,binance,ACH/USDT:USDT,0.022959,240.0,0.022958,453.0,0.022963,23545.0,0.022964,17796.0
1753617247319,11:54:07.319,binance,ACH/USDT:USDT,0.022959,240.0,0.022958,453.0,0.02296,13241.0,0.022961,13976.0
1753617247423,11:54:07.423,binance,ACH/USDT:USDT,0.022959,240.0,0.022958,453.0,0.02296,13241.0,0.022961,13976.0
1753617247611,11:54:07.611,binance,ACH/USDT:USDT,0.022959,240.0,0.022958,453.0,0.02296,13241.0,0.022961,13976.0
1753617247815,11:54:07.815,binance,ACH/USDT:USDT,0.022959,240.0,0.022958,453.0,0.02296,13241.0,0.022961,13976.0
1753617247919,11:54:07.919,binance,ACH/USDT:USDT,0.022954,2679.0,0.022953,3867.0,0.022957,12330.0,0.02296,17097.0
1753617248020,11:54:08.020,binance,ACH/USDT:USDT,0.022954,2679.0,0.022953,3148.0,0.022957,19186.0,0.022958,9362.0
1753617248121,11:54:08.121,binance,ACH/USDT:USDT,0.022954,2679.0,0.022953,3148.0,0.022956,17471.0,0.022957,19916.0
1753617248223,11:54:08.223,binance,ACH/USDT:USDT,0.022954,2679.0,0.022953,3148.0,0.022956,17471.0,0.022957,19916.0
1753617248438,11:54:08.438,binance,ACH/USDT:USDT,0.022954,2679.0,0.022953,3148.0,0.022956,17471.0,0.022957,19916.0
1753617248544,11:54:08.544,binance,ACH/USDT:USDT,0.022954,2679.0,0.022953,3148.0,0.022956,17471.0,0.022957,19916.0
1753617248647,11:54:08.647,binance,ACH/USDT:USDT,0.022954,2679.0,0.022953,3148.0,0.022956,17471.0,0.022957,19916.0
1753617248750,11:54:08.750,binance,ACH/USDT:USDT,0.022954,2679.0,0.022953,3148.0,0.022956,17471.0,0.022957,19916.0
1753617248980,11:54:08.980,binance,ACH/USDT:USDT,0.022953,2927.0,0.022952,4113.0,0.022956,17471.0,0.022957,19916.0
1753617249085,11:54:09.085,binance,ACH/USDT:USDT,0.022953,2927.0,0.022952,4113.0,0.022956,17471.0,0.022957,19916.0
1753617249244,11:54:09.244,binance,ACH/USDT:USDT,0.022953,2927.0,0.022952,4113.0,0.022956,17471.0,0.022957,19916.0
1753617249347,11:54:09.347,binance,ACH/USDT:USDT,0.022953,2927.0,0.022952,4113.0,0.022956,17471.0,0.022957,19916.0
1753617249511,11:54:09.511,binance,ACH/USDT:USDT,0.022953,2927.0,0.022952,4113.0,0.022956,7603.0,0.022957,7586.0
1753617249614,11:54:09.614,binance,ACH/USDT:USDT,0.022953,2927.0,0.022952,4113.0,0.022956,7603.0,0.022957,7586.0
1753617249720,11:54:09.720,binance,ACH/USDT:USDT,0.022953,2927.0,0.022952,4113.0,0.022956,7603.0,0.022957,4586.0
1753617249902,11:54:09.902,binance,ACH/USDT:USDT,0.022953,2927.0,0.022952,4113.0,0.022956,7603.0,0.022957,4586.0
1753617250005,11:54:10.005,binance,ACH/USDT:USDT,0.022953,2927.0,0.022952,4113.0,0.022956,7603.0,0.022957,4586.0
1753617250125,11:54:10.125,binance,ACH/USDT:USDT,0.022953,2927.0,0.022952,4113.0,0.022956,17957.0,0.022957,4586.0
1753617250321,11:54:10.321,binance,ACH/USDT:USDT,0.022953,2927.0,0.022952,4113.0,0.022956,17957.0,0.022957,4586.0
1753617250482,11:54:10.482,binance,ACH/USDT:USDT,0.022953,2927.0,0.022952,4113.0,0.022956,17957.0,0.022957,4586.0
1753617250584,11:54:10.584,binance,ACH/USDT:USDT,0.022953,2927.0,0.022952,4113.0,0.022956,17957.0,0.022957,4586.0
1753617250766,11:54:10.766,binance,ACH/USDT:USDT,0.022953,2927.0,0.022952,4113.0,0.022956,17957.0,0.022957,4586.0
1753617250980,11:54:10.980,binance,ACH/USDT:USDT,0.022953,2927.0,0.022952,4113.0,0.022956,17957.0,0.022957,4586.0
1753617251101,11:54:11.101,binance,ACH/USDT:USDT,0.022953,2927.0,0.022952,4113.0,0.022956,17957.0,0.022957,4586.0
1753617251202,11:54:11.202,binance,ACH/USDT:USDT,0.022953,2927.0,0.022952,4113.0,0.022956,17957.0,0.022957,4807.0
1753617251515,11:54:11.515,binance,ACH/USDT:USDT,0.022953,2927.0,0.022952,4113.0,0.022956,17957.0,0.022957,4807.0
1753617251619,11:54:11.619,binance,ACH/USDT:USDT,0.022953,2927.0,0.022952,4113.0,0.022956,17957.0,0.022957,4807.0
1753617251981,11:54:11.981,binance,ACH/USDT:USDT,0.022953,2927.0,0.022952,4113.0,0.022956,17957.0,0.022957,4807.0
1753617252084,11:54:12.084,binance,ACH/USDT:USDT,0.022953,2927.0,0.022952,4113.0,0.022956,17957.0,0.022957,4807.0
1753617252202,11:54:12.202,binance,ACH/USDT:USDT,0.022953,2927.0,0.022952,4113.0,0.022956,17957.0,0.022957,4807.0
1753617252602,11:54:12.602,binance,ACH/USDT:USDT,0.022953,2927.0,0.022952,4113.0,0.022956,17957.0,0.022957,4807.0
1753617252772,11:54:12.772,binance,ACH/USDT:USDT,0.022953,2927.0,0.022952,4113.0,0.022956,17957.0,0.022957,4807.0
1753617253181,11:54:13.181,binance,ACH/USDT:USDT,0.022953,2927.0,0.022952,4113.0,0.022956,17957.0,0.022957,4807.0
1753617253283,11:54:13.283,binance,ACH/USDT:USDT,0.022953,2927.0,0.022952,4113.0,0.022956,17957.0,0.022957,4807.0
1753617253405,11:54:13.405,binance,ACH/USDT:USDT,0.022953,2927.0,0.022952,4113.0,0.022956,17957.0,0.022957,4807.0
1753617253510,11:54:13.510,binance,ACH/USDT:USDT,0.022953,2927.0,0.022952,4113.0,0.022956,17957.0,0.022957,4807.0
1753617253802,11:54:13.802,binance,ACH/USDT:USDT,0.022953,2927.0,0.022952,4113.0,0.022956,17957.0,0.022957,4807.0
1753617254403,11:54:14.403,binance,ACH/USDT:USDT,0.022953,2927.0,0.022952,4113.0,0.022956,17957.0,0.022957,4807.0
1753617254508,11:54:14.508,binance,ACH/USDT:USDT,0.022953,2927.0,0.022952,4113.0,0.022956,17957.0,0.022957,4807.0
1753617254612,11:54:14.612,binance,ACH/USDT:USDT,0.022953,2927.0,0.022952,4113.0,0.022956,17957.0,0.022957,4807.0
1753617254928,11:54:14.928,binance,ACH/USDT:USDT,0.022953,2927.0,0.022952,4113.0,0.022956,17957.0,0.022957,4807.0
1753617255277,11:54:15.277,binance,ACH/USDT:USDT,0.022953,2927.0,0.022952,4113.0,0.022956,17957.0,0.022957,2879.0
1753617255502,11:54:15.502,binance,ACH/USDT:USDT,0.022953,2927.0,0.022952,4113.0,0.022956,17957.0,0.022957,2879.0
1753617255912,11:54:15.912,binance,ACH/USDT:USDT,0.022953,2927.0,0.022952,4113.0,0.022956,17085.0,0.022957,6937.0
1753617256207,11:54:16.207,binance,ACH/USDT:USDT,0.022953,2927.0,0.022952,4113.0,0.022956,17085.0,0.022957,6937.0
1753617256311,11:54:16.311,binance,ACH/USDT:USDT,0.022953,2927.0,0.022952,4113.0,0.022956,17085.0,0.022957,6937.0
1753617256417,11:54:16.417,binance,ACH/USDT:USDT,0.022953,2927.0,0.022952,4113.0,0.022954,11393.0,0.022955,6913.0
1753617256520,11:54:16.520,binance,ACH/USDT:USDT,0.022953,3156.0,0.022952,4113.0,0.022954,11393.0,0.022955,6913.0
1753617256623,11:54:16.623,binance,ACH/USDT:USDT,0.022953,3156.0,0.022952,4113.0,0.022954,11393.0,0.022955,6913.0
1753617256801,11:54:16.801,binance,ACH/USDT:USDT,0.022953,3156.0,0.022952,4113.0,0.022954,11393.0,0.022955,6913.0
1753617256907,11:54:16.907,binance,ACH/USDT:USDT,0.022953,3156.0,0.022952,4113.0,0.022954,11393.0,0.022955,6913.0
1753617257292,11:54:17.292,binance,ACH/USDT:USDT,0.022953,3156.0,0.022952,4113.0,0.022954,11393.0,0.022955,3702.0
1753617257402,11:54:17.402,binance,ACH/USDT:USDT,0.022953,3156.0,0.022952,4113.0,0.022954,11393.0,0.022955,3702.0
1753617257507,11:54:17.507,binance,ACH/USDT:USDT,0.022953,3156.0,0.022952,4113.0,0.022954,11393.0,0.022955,3702.0
1753617257627,11:54:17.627,binance,ACH/USDT:USDT,0.022953,3156.0,0.022952,4113.0,0.022954,11393.0,0.022955,3702.0
1753617257735,11:54:17.735,binance,ACH/USDT:USDT,0.022953,3156.0,0.022952,4113.0,0.022954,11393.0,0.022955,3702.0
1753617258102,11:54:18.102,binance,ACH/USDT:USDT,0.022953,3156.0,0.022952,4113.0,0.022954,11393.0,0.022955,3702.0
1753617258307,11:54:18.307,binance,ACH/USDT:USDT,0.022953,3156.0,0.022952,4113.0,0.022954,11393.0,0.022955,3702.0
1753617258409,11:54:18.409,binance,ACH/USDT:USDT,0.022953,7104.0,0.022952,4113.0,0.022954,11393.0,0.022955,702.0
1753617258512,11:54:18.512,binance,ACH/USDT:USDT,0.022953,7104.0,0.022952,4113.0,0.022954,11393.0,0.022955,702.0
1753617258624,11:54:18.624,binance,ACH/USDT:USDT,0.022953,7104.0,0.022952,4113.0,0.022954,11393.0,0.022955,702.0
1753617258727,11:54:18.727,binance,ACH/USDT:USDT,0.022953,7104.0,0.022952,4113.0,0.022954,11393.0,0.022955,702.0
1753617258901,11:54:18.901,binance,ACH/USDT:USDT,0.022953,7104.0,0.022952,6165.0,0.022954,11393.0,0.022955,702.0
1753617259002,11:54:19.002,binance,ACH/USDT:USDT,0.022953,7104.0,0.022952,6165.0,0.022954,11393.0,0.022955,702.0
1753617259398,11:54:19.398,binance,ACH/USDT:USDT,0.022953,7104.0,0.022952,6165.0,0.022954,6203.0,0.022955,702.0
1753617259521,11:54:19.521,binance,ACH/USDT:USDT,0.022953,8634.0,0.022952,6165.0,0.022954,6203.0,0.022955,702.0
1753617259623,11:54:19.623,binance,ACH/USDT:USDT,0.022953,8634.0,0.022952,6165.0,0.022954,6203.0,0.022955,702.0
1753617259978,11:54:19.978,binance,ACH/USDT:USDT,0.022953,8634.0,0.022952,6165.0,0.022954,6203.0,0.022955,702.0
1753617260081,11:54:20.081,binance,ACH/USDT:USDT,0.022953,8634.0,0.022952,6165.0,0.022954,6203.0,0.022955,702.0
1753617260182,11:54:20.182,binance,ACH/USDT:USDT,0.022953,8634.0,0.022952,6165.0,0.022954,6203.0,0.022955,702.0
1753617260380,11:54:20.380,binance,ACH/USDT:USDT,0.022953,8634.0,0.022952,6165.0,0.022954,6203.0,0.022955,702.0
1753617260602,11:54:20.602,binance,ACH/USDT:USDT,0.022953,8634.0,0.022952,6165.0,0.022954,6203.0,0.022955,702.0
1753617260868,11:54:20.868,binance,ACH/USDT:USDT,0.022953,8634.0,0.022952,6165.0,0.022954,6203.0,0.022955,702.0
1753617261045,11:54:21.045,binance,ACH/USDT:USDT,0.022953,8634.0,0.022952,6165.0,0.022954,6203.0,0.022955,702.0
1753617261148,11:54:21.148,binance,ACH/USDT:USDT,0.022953,8634.0,0.022952,6165.0,0.022954,6203.0,0.022955,702.0
1753617261618,11:54:21.618,binance,ACH/USDT:USDT,0.022953,8634.0,0.022952,6165.0,0.022954,6203.0,0.022955,702.0
1753617261802,11:54:21.802,binance,ACH/USDT:USDT,0.022953,8634.0,0.022952,6165.0,0.022954,6203.0,0.022955,702.0
1753617261978,11:54:21.978,binance,ACH/USDT:USDT,0.022953,8634.0,0.022952,6165.0,0.022954,6203.0,0.022955,702.0
1753617262405,11:54:22.405,binance,ACH/USDT:USDT,0.022953,8634.0,0.022952,6165.0,0.022954,6203.0,0.022955,702.0
1753617262628,11:54:22.628,binance,ACH/USDT:USDT,0.022953,8634.0,0.022952,6165.0,0.022954,6203.0,0.022955,702.0
1753617262902,11:54:22.902,binance,ACH/USDT:USDT,0.022953,8634.0,0.022952,6165.0,0.022954,6203.0,0.022955,702.0
1753617263008,11:54:23.008,binance,ACH/USDT:USDT,0.022953,8634.0,0.022952,6165.0,0.022954,6203.0,0.022955,702.0
1753617263491,11:54:23.491,binance,ACH/USDT:USDT,0.022953,8634.0,0.022952,6165.0,0.022954,6203.0,0.022955,702.0
1753617263594,11:54:23.594,binance,ACH/USDT:USDT,0.022953,8634.0,0.022952,6165.0,0.022954,6203.0,0.022955,702.0
1753617264002,11:54:24.002,binance,ACH/USDT:USDT,0.022953,8634.0,0.022952,6165.0,0.022954,6203.0,0.022955,3913.0
1753617264105,11:54:24.105,binance,ACH/USDT:USDT,0.022953,8634.0,0.022952,6165.0,0.022954,6203.0,0.022955,702.0
1753617264214,11:54:24.214,binance,ACH/USDT:USDT,0.022953,8634.0,0.022952,6165.0,0.022954,6203.0,0.022955,702.0
1753617264602,11:54:24.602,binance,ACH/USDT:USDT,0.022953,8634.0,0.022952,6165.0,0.022954,6203.0,0.022955,702.0
1753617264706,11:54:24.706,binance,ACH/USDT:USDT,0.022953,8634.0,0.022952,6165.0,0.022954,6203.0,0.022955,702.0
1753617264807,11:54:24.807,binance,ACH/USDT:USDT,0.022953,8634.0,0.022952,6165.0,0.022954,6203.0,0.022955,702.0
1753617264912,11:54:24.912,binance,ACH/USDT:USDT,0.022953,8634.0,0.022952,6165.0,0.022954,6203.0,0.022955,702.0
1753617265180,11:54:25.180,binance,ACH/USDT:USDT,0.022953,8634.0,0.022952,6165.0,0.022954,6203.0,0.022955,702.0
1753617265302,11:54:25.302,binance,ACH/USDT:USDT,0.022953,8634.0,0.022952,6165.0,0.022954,6203.0,0.022955,702.0
1753617265618,11:54:25.618,binance,ACH/USDT:USDT,0.022953,8634.0,0.022952,6165.0,0.022954,6203.0,0.022955,702.0
1753617265802,11:54:25.802,binance,ACH/USDT:USDT,0.022953,8634.0,0.022952,6165.0,0.022954,6203.0,0.022955,702.0
1753617265912,11:54:25.912,binance,ACH/USDT:USDT,0.022953,8634.0,0.022952,7037.0,0.022954,6203.0,0.022955,702.0
1753617266016,11:54:26.016,binance,ACH/USDT:USDT,0.022953,8634.0,0.022952,7037.0,0.022954,6203.0,0.022955,702.0
1753617266402,11:54:26.402,binance,ACH/USDT:USDT,0.022953,8634.0,0.022952,6165.0,0.022954,6203.0,0.022955,702.0
1753617266508,11:54:26.508,binance,ACH/USDT:USDT,0.022953,8634.0,0.022952,6165.0,0.022954,6203.0,0.022955,702.0
1753617266660,11:54:26.660,binance,ACH/USDT:USDT,0.022953,8634.0,0.022952,6165.0,0.022954,6203.0,0.022955,702.0
1753617266911,11:54:26.911,binance,ACH/USDT:USDT,0.022953,8634.0,0.022952,6165.0,0.022954,6203.0,0.022955,702.0
1753617267021,11:54:27.021,binance,ACH/USDT:USDT,0.022953,8634.0,0.022952,6165.0,0.022954,6203.0,0.022955,702.0
1753617267338,11:54:27.338,binance,ACH/USDT:USDT,0.022953,8634.0,0.022952,6165.0,0.022954,6203.0,0.022955,702.0
1753617267502,11:54:27.502,binance,ACH/USDT:USDT,0.022953,8634.0,0.022952,6165.0,0.022954,6203.0,0.022955,702.0
1753617267657,11:54:27.657,binance,ACH/USDT:USDT,0.022953,8634.0,0.022952,6165.0,0.022954,6203.0,0.022955,702.0
1753617267816,11:54:27.816,binance,ACH/USDT:USDT,0.022953,8634.0,0.022952,6165.0,0.022954,6203.0,0.022955,702.0
1753617268102,11:54:28.102,binance,ACH/USDT:USDT,0.022953,8634.0,0.022952,6165.0,0.022954,6203.0,0.022955,702.0
1753617268256,11:54:28.256,binance,ACH/USDT:USDT,0.022953,8634.0,0.022952,6165.0,0.022954,6203.0,0.022955,702.0
1753617268618,11:54:28.618,binance,ACH/USDT:USDT,0.022953,8634.0,0.022952,6165.0,0.022954,6203.0,0.022955,702.0
1753617268720,11:54:28.720,binance,ACH/USDT:USDT,0.022953,8634.0,0.022952,6165.0,0.022954,6203.0,0.022955,702.0
1753617268859,11:54:28.859,binance,ACH/USDT:USDT,0.022953,8634.0,0.022952,6165.0,0.022954,6203.0,0.022955,702.0
1753617269131,11:54:29.131,binance,ACH/USDT:USDT,0.022953,8634.0,0.022952,6165.0,0.022954,6203.0,0.022955,702.0
1753617269241,11:54:29.241,binance,ACH/USDT:USDT,0.022953,8634.0,0.022952,6165.0,0.022954,6203.0,0.022955,702.0
1753617269342,11:54:29.342,binance,ACH/USDT:USDT,0.022953,8634.0,0.022952,6165.0,0.022954,6203.0,0.022955,702.0
1753617269450,11:54:29.450,binance,ACH/USDT:USDT,0.022953,8634.0,0.022952,6165.0,0.022954,6203.0,0.022955,702.0
1753617269557,11:54:29.557,binance,ACH/USDT:USDT,0.022953,8634.0,0.022952,6165.0,0.022954,6203.0,0.022955,702.0
1753617269666,11:54:29.666,binance,ACH/USDT:USDT,0.022953,8634.0,0.022952,6165.0,0.022954,6203.0,0.022955,702.0
1753617269776,11:54:29.776,binance,ACH/USDT:USDT,0.022953,8634.0,0.022952,8692.0,0.022954,6203.0,0.022955,702.0
1753617269882,11:54:29.882,binance,ACH/USDT:USDT,0.022953,8634.0,0.022952,8692.0,0.022954,6203.0,0.022955,702.0
1753617269985,11:54:29.985,binance,ACH/USDT:USDT,0.022953,8634.0,0.022952,8692.0,0.022954,6203.0,0.022955,702.0
1753617270355,11:54:30.355,binance,ACH/USDT:USDT,0.022953,8634.0,0.022952,8692.0,0.022954,9203.0,0.022955,3730.0
1753617270456,11:54:30.456,binance,ACH/USDT:USDT,0.022951,1703.0,0.02295,546.0,0.022952,1984.0,0.022953,16873.0
1753617270557,11:54:30.557,binance,ACH/USDT:USDT,0.022951,1703.0,0.02295,546.0,0.022952,16662.0,0.022953,6354.0
1753617270692,11:54:30.692,binance,ACH/USDT:USDT,0.022951,1703.0,0.02295,546.0,0.022952,16662.0,0.022953,6354.0
1753617270861,11:54:30.861,binance,ACH/USDT:USDT,0.022951,1703.0,0.02295,546.0,0.022952,16662.0,0.022953,6354.0
1753617271089,11:54:31.089,binance,ACH/USDT:USDT,0.022951,1703.0,0.02295,546.0,0.022952,15790.0,0.022953,6354.0
1753617271192,11:54:31.192,binance,ACH/USDT:USDT,0.022951,1703.0,0.02295,546.0,0.022952,15790.0,0.022953,6354.0
1753617271319,11:54:31.319,binance,ACH/USDT:USDT,0.022951,1703.0,0.02295,546.0,0.022952,15790.0,0.022953,4495.0
1753617271426,11:54:31.426,binance,ACH/USDT:USDT,0.022951,1703.0,0.02295,546.0,0.022952,15790.0,0.022953,4495.0
1753617271572,11:54:31.572,binance,ACH/USDT:USDT,0.022951,1703.0,0.02295,546.0,0.022952,15790.0,0.022953,4495.0
1753617271748,11:54:31.748,binance,ACH/USDT:USDT,0.022951,1703.0,0.02295,546.0,0.022952,15790.0,0.022953,4495.0
1753617271891,11:54:31.891,binance,ACH/USDT:USDT,0.022951,1703.0,0.02295,546.0,0.022952,15790.0,0.022953,4495.0
1753617272006,11:54:32.006,binance,ACH/USDT:USDT,0.022951,1703.0,0.02295,546.0,0.022952,15790.0,0.022953,4495.0
1753617272192,11:54:32.192,binance,ACH/USDT:USDT,0.022951,1703.0,0.02295,546.0,0.022952,5271.0,0.022953,4495.0
1753617272301,11:54:32.301,binance,ACH/USDT:USDT,0.022951,1703.0,0.02295,546.0,0.022952,5271.0,0.022953,4495.0
1753617272407,11:54:32.407,binance,ACH/USDT:USDT,0.022951,1703.0,0.02295,546.0,0.022952,5271.0,0.022953,4495.0
1753617272519,11:54:32.519,binance,ACH/USDT:USDT,0.022951,1703.0,0.02295,546.0,0.022952,6200.0,0.022953,4495.0
1753617272807,11:54:32.807,binance,ACH/USDT:USDT,0.022951,2766.0,0.02295,546.0,0.022952,6200.0,0.022953,4495.0
1753617273106,11:54:33.106,binance,ACH/USDT:USDT,0.022951,2766.0,0.02295,1418.0,0.022952,6200.0,0.022953,4495.0
1753617273266,11:54:33.266,binance,ACH/USDT:USDT,0.022951,2766.0,0.02295,1418.0,0.022952,6200.0,0.022953,4495.0
1753617273402,11:54:33.402,binance,ACH/USDT:USDT,0.022951,2766.0,0.02295,1418.0,0.022952,6200.0,0.022953,4495.0
1753617273506,11:54:33.506,binance,ACH/USDT:USDT,0.022949,1187.0,0.022948,4572.0,0.02295,5271.0,0.022951,13519.0
1753617273608,11:54:33.608,binance,ACH/USDT:USDT,0.022949,1187.0,0.022948,4572.0,0.02295,8732.0,0.022951,16547.0
1753617273829,11:54:33.829,binance,ACH/USDT:USDT,0.022949,1187.0,0.022948,4572.0,0.02295,8732.0,0.022951,16547.0
1753617274002,11:54:34.002,binance,ACH/USDT:USDT,0.022949,1187.0,0.022948,4572.0,0.02295,6873.0,0.022951,13519.0
1753617274111,11:54:34.111,binance,ACH/USDT:USDT,0.022949,1187.0,0.022948,4572.0,0.02295,6873.0,0.022951,13519.0
1753617274381,11:54:34.381,binance,ACH/USDT:USDT,0.022949,1187.0,0.022948,4572.0,0.02295,6873.0,0.022951,13519.0
1753617274641,11:54:34.641,binance,ACH/USDT:USDT,0.022949,1187.0,0.022948,4572.0,0.02295,6873.0,0.022951,13519.0
1753617274762,11:54:34.762,binance,ACH/USDT:USDT,0.022949,1187.0,0.022948,4572.0,0.02295,6873.0,0.022951,13519.0
1753617275043,11:54:35.043,binance,ACH/USDT:USDT,0.022949,1187.0,0.022948,4572.0,0.02295,6873.0,0.022951,13519.0
1753617275161,11:54:35.161,binance,ACH/USDT:USDT,0.022949,1187.0,0.022948,4572.0,0.02295,6001.0,0.022951,13519.0
1753617275271,11:54:35.271,binance,ACH/USDT:USDT,0.022949,1187.0,0.022948,4572.0,0.02295,6001.0,0.022951,3000.0
1753617275373,11:54:35.373,binance,ACH/USDT:USDT,0.022949,1187.0,0.022948,4572.0,0.02295,6001.0,0.022952,8297.0
1753617275506,11:54:35.506,binance,ACH/USDT:USDT,0.022949,1187.0,0.022948,4572.0,0.02295,6001.0,0.022952,2710.0
1753617275621,11:54:35.621,binance,ACH/USDT:USDT,0.022949,1187.0,0.022948,4572.0,0.02295,6001.0,0.022952,2710.0
1753617275727,11:54:35.727,binance,ACH/USDT:USDT,0.022949,1187.0,0.022948,4572.0,0.02295,6001.0,0.022952,8766.0
1753617275917,11:54:35.917,binance,ACH/USDT:USDT,0.022949,1187.0,0.022948,4572.0,0.02295,6001.0,0.022952,8766.0
1753617276121,11:54:36.121,binance,ACH/USDT:USDT,0.022949,1187.0,0.022948,4572.0,0.02295,6001.0,0.022952,8766.0
1753617276301,11:54:36.301,binance,ACH/USDT:USDT,0.022949,1187.0,0.022948,4572.0,0.02295,6001.0,0.022952,8766.0
1753617276647,11:54:36.647,binance,ACH/USDT:USDT,0.022949,1187.0,0.022948,4572.0,0.02295,6001.0,0.022952,8766.0
1753617276750,11:54:36.750,binance,ACH/USDT:USDT,0.022949,1187.0,0.022948,4572.0,0.02295,6001.0,0.022952,8766.0
1753617276902,11:54:36.902,binance,ACH/USDT:USDT,0.022949,1187.0,0.022948,4572.0,0.02295,6001.0,0.022952,8766.0
1753617277078,11:54:37.078,binance,ACH/USDT:USDT,0.022949,1187.0,0.022948,4572.0,0.02295,6001.0,0.022952,8766.0
1753617277202,11:54:37.202,binance,ACH/USDT:USDT,0.022949,1187.0,0.022948,4572.0,0.02295,6001.0,0.022952,8766.0
1753617277427,11:54:37.427,binance,ACH/USDT:USDT,0.022949,1187.0,0.022948,4572.0,0.02295,6001.0,0.022952,8766.0
1753617277530,11:54:37.530,binance,ACH/USDT:USDT,0.022949,1187.0,0.022948,4572.0,0.02295,6001.0,0.022952,8766.0
1753617277632,11:54:37.632,binance,ACH/USDT:USDT,0.022949,1187.0,0.022948,4572.0,0.02295,6001.0,0.022952,8766.0
1753617277802,11:54:37.802,binance,ACH/USDT:USDT,0.022949,1187.0,0.022948,4572.0,0.02295,6001.0,0.022952,8766.0
1753617278002,11:54:38.002,binance,ACH/USDT:USDT,0.022949,1187.0,0.022948,4572.0,0.02295,6001.0,0.022952,8766.0
1753617278264,11:54:38.264,binance,ACH/USDT:USDT,0.022949,1187.0,0.022948,4572.0,0.02295,18146.0,0.022952,8766.0
1753617278368,11:54:38.368,binance,ACH/USDT:USDT,0.022949,1187.0,0.022948,4572.0,0.02295,19018.0,0.022951,3028.0
1753617278535,11:54:38.535,binance,ACH/USDT:USDT,0.022949,1187.0,0.022948,4572.0,0.02295,19018.0,0.022951,3028.0
1753617278819,11:54:38.819,binance,ACH/USDT:USDT,0.022948,299.0,0.022947,5199.0,0.02295,23878.0,0.022951,6056.0
1753617278931,11:54:38.931,binance,ACH/USDT:USDT,0.022948,299.0,0.022947,5199.0,0.02295,20878.0,0.022951,6056.0
1753617279034,11:54:39.034,binance,ACH/USDT:USDT,0.022948,299.0,0.022947,5199.0,0.022949,18557.0,0.02295,15913.0
1753617279140,11:54:39.140,binance,ACH/USDT:USDT,0.022948,299.0,0.022947,5199.0,0.022949,18557.0,0.02295,5627.0
1753617279243,11:54:39.243,binance,ACH/USDT:USDT,0.022948,4208.0,0.022947,5199.0,0.022949,5271.0,0.02295,1888.0
1753617279352,11:54:39.352,binance,ACH/USDT:USDT,0.022948,5414.0,0.022947,5199.0,0.022949,5271.0,0.02295,1888.0
1753617279455,11:54:39.455,binance,ACH/USDT:USDT,0.022948,5414.0,0.022947,5199.0,0.022949,5271.0,0.02295,1888.0
1753617279578,11:54:39.578,binance,ACH/USDT:USDT,0.022948,5414.0,0.022947,5199.0,0.022949,5271.0,0.02295,1888.0
1753617279802,11:54:39.802,binance,ACH/USDT:USDT,0.022948,5414.0,0.022947,5199.0,0.022949,5271.0,0.02295,1888.0
1753617279908,11:54:39.908,binance,ACH/USDT:USDT,0.022948,5414.0,0.022947,5199.0,0.022949,5271.0,0.02295,1888.0
1753617280011,11:54:40.011,binance,ACH/USDT:USDT,0.022948,5414.0,0.022947,5199.0,0.022949,5271.0,0.02295,1888.0
1753617280133,11:54:40.133,binance,ACH/USDT:USDT,0.022948,5414.0,0.022947,5199.0,0.022949,5271.0,0.02295,1888.0
1753617280289,11:54:40.289,binance,ACH/USDT:USDT,0.022948,5414.0,0.022947,5199.0,0.022949,5271.0,0.02295,1888.0
1753617280427,11:54:40.427,binance,ACH/USDT:USDT,0.022948,8003.0,0.022947,5199.0,0.022949,5271.0,0.02295,1888.0
1753617280538,11:54:40.538,binance,ACH/USDT:USDT,0.022948,8003.0,0.022947,5199.0,0.022949,5271.0,0.02295,1888.0
1753617280644,11:54:40.644,binance,ACH/USDT:USDT,0.022948,8003.0,0.022947,5199.0,0.022949,5271.0,0.02295,1888.0
1753617280943,11:54:40.943,binance,ACH/USDT:USDT,0.022948,8003.0,0.022947,5199.0,0.022949,5271.0,0.02295,1888.0
1753617281046,11:54:41.046,binance,ACH/USDT:USDT,0.022948,8003.0,0.022947,5199.0,0.022949,5271.0,0.02295,1888.0
1753617281314,11:54:41.314,binance,ACH/USDT:USDT,0.022948,8003.0,0.022947,5199.0,0.022949,5271.0,0.02295,1888.0
1753617281458,11:54:41.458,binance,ACH/USDT:USDT,0.022948,8003.0,0.022947,5199.0,0.022949,5500.0,0.02295,1888.0
1753617281706,11:54:41.706,binance,ACH/USDT:USDT,0.022948,8003.0,0.022947,5199.0,0.022949,6372.0,0.02295,2760.0
1753617282102,11:54:42.102,binance,ACH/USDT:USDT,0.022948,8003.0,0.022947,5199.0,0.022949,6372.0,0.02295,2760.0
1753617282292,11:54:42.292,binance,ACH/USDT:USDT,0.022948,8003.0,0.022947,5199.0,0.022949,6372.0,0.02295,2760.0
1753617282571,11:54:42.571,binance,ACH/USDT:USDT,0.022948,8003.0,0.022947,5199.0,0.022949,6372.0,0.02295,2760.0
1753617282676,11:54:42.676,binance,ACH/USDT:USDT,0.022948,8003.0,0.022947,5199.0,0.022949,6372.0,0.02295,2760.0
1753617282802,11:54:42.802,binance,ACH/USDT:USDT,0.022948,8003.0,0.022947,5199.0,0.022949,6372.0,0.02295,2760.0
1753617283202,11:54:43.202,binance,ACH/USDT:USDT,0.022948,8003.0,0.022947,5199.0,0.022949,6372.0,0.02295,2760.0
1753617283307,11:54:43.307,binance,ACH/USDT:USDT,0.022948,8003.0,0.022947,5199.0,0.022949,6372.0,0.02295,2760.0
1753617283418,11:54:43.418,binance,ACH/USDT:USDT,0.022948,8003.0,0.022947,5199.0,0.022949,6372.0,0.02295,2760.0
1753617283526,11:54:43.526,binance,ACH/USDT:USDT,0.022948,8003.0,0.022947,5199.0,0.022949,6372.0,0.02295,2760.0
1753617283802,11:54:43.802,binance,ACH/USDT:USDT,0.022948,8003.0,0.022947,5199.0,0.022949,6372.0,0.02295,1888.0
1753617283905,11:54:43.905,binance,ACH/USDT:USDT,0.022948,8003.0,0.022947,5199.0,0.022949,6372.0,0.02295,1888.0
1753617284381,11:54:44.381,binance,ACH/USDT:USDT,0.022948,8003.0,0.022947,5199.0,0.022949,5500.0,0.02295,1888.0
1753617284484,11:54:44.484,binance,ACH/USDT:USDT,0.022948,8003.0,0.022947,5199.0,0.022949,5500.0,0.02295,1888.0
1753617284600,11:54:44.600,binance,ACH/USDT:USDT,0.022948,8003.0,0.022947,5199.0,0.022949,5500.0,0.02295,1888.0
1753617284882,11:54:44.882,binance,ACH/USDT:USDT,0.022948,8003.0,0.022947,5199.0,0.022949,5500.0,0.02295,1888.0
1753617284984,11:54:44.984,binance,ACH/USDT:USDT,0.022948,8003.0,0.022947,5199.0,0.022949,5500.0,0.02295,1888.0
1753617285102,11:54:45.102,binance,ACH/USDT:USDT,0.022948,8003.0,0.022947,5199.0,0.022949,5500.0,0.02295,1888.0
1753617285502,11:54:45.502,binance,ACH/USDT:USDT,0.022948,8003.0,0.022947,5199.0,0.022949,5500.0,0.02295,1888.0
1753617285633,11:54:45.633,binance,ACH/USDT:USDT,0.022948,8003.0,0.022947,5199.0,0.022949,5500.0,0.02295,1888.0
1753617285988,11:54:45.988,binance,ACH/USDT:USDT,0.022948,8003.0,0.022947,5199.0,0.022949,5500.0,0.02295,1888.0
1753617286102,11:54:46.102,binance,ACH/USDT:USDT,0.022948,8003.0,0.022947,5199.0,0.022949,5500.0,0.02295,1888.0
1753617286561,11:54:46.561,binance,ACH/USDT:USDT,0.022948,8003.0,0.022947,5199.0,0.022949,5500.0,0.02295,1888.0
1753617286663,11:54:46.663,binance,ACH/USDT:USDT,0.022948,8003.0,0.022947,5199.0,0.022949,5500.0,0.02295,1888.0
1753617286789,11:54:46.789,binance,ACH/USDT:USDT,0.022948,8003.0,0.022947,5199.0,0.022949,5500.0,0.02295,1888.0
1753617286906,11:54:46.906,binance,ACH/USDT:USDT,0.022948,8003.0,0.022947,5199.0,0.022949,5500.0,0.02295,1888.0
1753617287025,11:54:47.025,binance,ACH/USDT:USDT,0.022948,8003.0,0.022947,5199.0,0.022949,5731.0,0.02295,1888.0
1753617287202,11:54:47.202,binance,ACH/USDT:USDT,0.022948,8003.0,0.022947,5199.0,0.022949,5731.0,0.02295,1888.0
1753617287367,11:54:47.367,binance,ACH/USDT:USDT,0.022948,8003.0,0.022947,5199.0,0.022949,5731.0,0.02295,1888.0
1753617287491,11:54:47.491,binance,ACH/USDT:USDT,0.022948,8003.0,0.022947,5199.0,0.022949,5731.0,0.02295,1888.0
1753617287620,11:54:47.620,binance,ACH/USDT:USDT,0.022948,8003.0,0.022947,5199.0,0.022949,5731.0,0.02295,1888.0
1753617287955,11:54:47.955,binance,ACH/USDT:USDT,0.022948,8003.0,0.022947,5199.0,0.022949,16363.0,0.02295,4916.0
1753617288065,11:54:48.065,binance,ACH/USDT:USDT,0.022947,5199.0,0.022946,7597.0,0.022949,21223.0,0.02295,8165.0
1753617288195,11:54:48.195,binance,ACH/USDT:USDT,0.022948,2137.0,0.022947,5199.0,0.022949,19363.0,0.02295,2109.0
1753617288304,11:54:48.304,binance,ACH/USDT:USDT,0.022948,2137.0,0.022947,5199.0,0.022949,19363.0,0.02295,2109.0
1753617288557,11:54:48.557,binance,ACH/USDT:USDT,0.022948,2137.0,0.022947,5199.0,0.022949,19363.0,0.02295,2109.0
1753617288808,11:54:48.808,binance,ACH/USDT:USDT,0.022948,2137.0,0.022947,5199.0,0.022949,19363.0,0.02295,2109.0
1753617288937,11:54:48.937,binance,ACH/USDT:USDT,0.022948,2137.0,0.022947,5199.0,0.022949,19363.0,0.02295,2109.0
1753617289048,11:54:49.048,binance,ACH/USDT:USDT,0.022948,2137.0,0.022947,5199.0,0.022949,19363.0,0.02295,2109.0
1753617289159,11:54:49.159,binance,ACH/USDT:USDT,0.022948,2137.0,0.022947,5199.0,0.022949,16363.0,0.02295,2109.0
1753617289262,11:54:49.262,binance,ACH/USDT:USDT,0.022948,2137.0,0.022947,5199.0,0.022949,16363.0,0.02295,2109.0
1753617289432,11:54:49.432,binance,ACH/USDT:USDT,0.022948,2137.0,0.022947,5199.0,0.022949,16363.0,0.02295,2109.0
1753617289541,11:54:49.541,binance,ACH/USDT:USDT,0.022948,2137.0,0.022947,5199.0,0.022949,5731.0,0.02295,2109.0
1753617289689,11:54:49.689,binance,ACH/USDT:USDT,0.022948,2137.0,0.022947,5199.0,0.022949,5731.0,0.02295,2109.0
1753617289791,11:54:49.791,binance,ACH/USDT:USDT,0.022948,3009.0,0.022947,5199.0,0.022949,5731.0,0.02295,2109.0
1753617289963,11:54:49.963,binance,ACH/USDT:USDT,0.022948,3009.0,0.022947,5199.0,0.022949,5731.0,0.02295,2109.0
1753617290066,11:54:50.066,binance,ACH/USDT:USDT,0.022948,3009.0,0.022947,5199.0,0.022949,5731.0,0.02295,2109.0
1753617290202,11:54:50.202,binance,ACH/USDT:USDT,0.022948,5619.0,0.022947,5199.0,0.022949,5731.0,0.02295,2109.0
1753617290313,11:54:50.313,binance,ACH/USDT:USDT,0.022949,3343.0,0.022948,19251.0,0.022952,1869.0,0.022953,4495.0
1753617290414,11:54:50.414,binance,ACH/USDT:USDT,0.022951,3343.0,0.02295,764.0,0.022952,929.0,0.022953,1501.0
1753617290515,11:54:50.515,binance,ACH/USDT:USDT,0.022951,3343.0,0.02295,764.0,0.022952,929.0,0.022953,1501.0
1753617290618,11:54:50.618,binance,ACH/USDT:USDT,0.022951,3343.0,0.02295,1636.0,0.022952,929.0,0.022953,1501.0
1753617290750,11:54:50.750,binance,ACH/USDT:USDT,0.022951,5041.0,0.02295,1636.0,0.022952,929.0,0.022953,1501.0
1753617290870,11:54:50.870,binance,ACH/USDT:USDT,0.022951,5041.0,0.02295,1636.0,0.022952,929.0,0.022953,1501.0
1753617291006,11:54:51.006,binance,ACH/USDT:USDT,0.022951,5041.0,0.02295,1636.0,0.022952,929.0,0.022953,1501.0
1753617291157,11:54:51.157,binance,ACH/USDT:USDT,0.022952,3343.0,0.022951,1698.0,0.022953,1501.0,0.022954,3038.0
1753617291261,11:54:51.261,binance,ACH/USDT:USDT,0.022954,2229.0,0.022953,2935.0,0.022955,702.0,0.022956,2721.0
1753617291366,11:54:51.366,binance,ACH/USDT:USDT,0.022954,2229.0,0.022953,2935.0,0.022955,702.0,0.022956,2721.0
1753617291473,11:54:51.473,binance,ACH/USDT:USDT,0.022954,2229.0,0.022953,2935.0,0.022955,702.0,0.022956,2721.0
1753617291656,11:54:51.656,binance,ACH/USDT:USDT,0.022954,2229.0,0.022953,2935.0,0.022955,702.0,0.022956,2721.0
1753617291758,11:54:51.758,binance,ACH/USDT:USDT,0.022954,2229.0,0.022953,2935.0,0.022955,702.0,0.022956,2721.0
1753617292102,11:54:52.102,binance,ACH/USDT:USDT,0.022954,2229.0,0.022953,2935.0,0.022955,1447.0,0.022956,2721.0
1753617292211,11:54:52.211,binance,ACH/USDT:USDT,0.022954,2229.0,0.022953,2935.0,0.022955,1447.0,0.022956,2721.0
1753617292372,11:54:52.372,binance,ACH/USDT:USDT,0.022954,2229.0,0.022953,2935.0,0.022955,1447.0,0.022956,2721.0
1753617292606,11:54:52.606,binance,ACH/USDT:USDT,0.022954,2229.0,0.022953,2935.0,0.022955,1447.0,0.022956,2721.0
1753617292711,11:54:52.711,binance,ACH/USDT:USDT,0.022954,2229.0,0.022953,2935.0,0.022955,1447.0,0.022956,2721.0
1753617292902,11:54:52.902,binance,ACH/USDT:USDT,0.022954,2229.0,0.022953,2935.0,0.022955,1447.0,0.022956,2721.0
1753617293202,11:54:53.202,binance,ACH/USDT:USDT,0.022954,2229.0,0.022953,2935.0,0.022955,1447.0,0.022956,2721.0
1753617293402,11:54:53.402,binance,ACH/USDT:USDT,0.022954,2229.0,0.022953,2935.0,0.022955,1447.0,0.022956,2721.0
1753617293548,11:54:53.548,binance,ACH/USDT:USDT,0.022954,2800.0,0.022953,2935.0,0.022955,1447.0,0.022956,2721.0
1753617293700,11:54:53.700,binance,ACH/USDT:USDT,0.022954,2800.0,0.022953,2935.0,0.022955,1447.0,0.022956,2721.0
1753617293841,11:54:53.841,binance,ACH/USDT:USDT,0.022954,2800.0,0.022953,2935.0,0.022955,1447.0,0.022956,2721.0
1753617293961,11:54:53.961,binance,ACH/USDT:USDT,0.022954,2800.0,0.022953,2935.0,0.022955,1447.0,0.022956,2721.0
1753617294096,11:54:54.096,binance,ACH/USDT:USDT,0.022954,2800.0,0.022953,2935.0,0.022955,1447.0,0.022956,2721.0
1753617294302,11:54:54.302,binance,ACH/USDT:USDT,0.022954,2800.0,0.022953,2935.0,0.022955,1447.0,0.022956,2721.0
1753617294811,11:54:54.811,binance,ACH/USDT:USDT,0.022954,2800.0,0.022953,2935.0,0.022955,1447.0,0.022956,2721.0
1753617294913,11:54:54.913,binance,ACH/USDT:USDT,0.022954,2800.0,0.022953,2935.0,0.022955,1447.0,0.022956,2721.0
1753617295021,11:54:55.021,binance,ACH/USDT:USDT,0.022954,2800.0,0.022953,2935.0,0.022955,1447.0,0.022956,2721.0
1753617295402,11:54:55.402,binance,ACH/USDT:USDT,0.022954,2800.0,0.022953,2935.0,0.022955,1447.0,0.022956,2721.0
1753617295614,11:54:55.614,binance,ACH/USDT:USDT,0.022954,2800.0,0.022953,2935.0,0.022955,1447.0,0.022956,2721.0
1753617295757,11:54:55.757,binance,ACH/USDT:USDT,0.022954,2800.0,0.022953,2935.0,0.022955,1447.0,0.022956,2721.0
1753617295892,11:54:55.892,binance,ACH/USDT:USDT,0.022954,4733.0,0.022953,2935.0,0.022955,1447.0,0.022956,2721.0
1753617296102,11:54:56.102,binance,ACH/USDT:USDT,0.022954,4733.0,0.022953,2935.0,0.022955,1447.0,0.022956,2721.0
1753617296270,11:54:56.270,binance,ACH/USDT:USDT,0.022954,4733.0,0.022953,2935.0,0.022955,1447.0,0.022956,2721.0
1753617296502,11:54:56.502,binance,ACH/USDT:USDT,0.022954,4733.0,0.022953,2935.0,0.022955,1447.0,0.022956,2721.0
1753617296622,11:54:56.622,binance,ACH/USDT:USDT,0.022954,4733.0,0.022953,2935.0,0.022955,1447.0,0.022956,2721.0
1753617296966,11:54:56.966,binance,ACH/USDT:USDT,0.022954,2504.0,0.022953,2935.0,0.022955,3620.0,0.022956,2721.0
1753617297075,11:54:57.075,binance,ACH/USDT:USDT,0.022954,2504.0,0.022953,2935.0,0.022955,3620.0,0.022956,2721.0
1753617297213,11:54:57.213,binance,ACH/USDT:USDT,0.022954,2504.0,0.022953,2935.0,0.022955,3620.0,0.022956,2721.0
1753617297348,11:54:57.348,binance,ACH/USDT:USDT,0.022954,2504.0,0.022953,2935.0,0.022955,3620.0,0.022956,2721.0
1753617297602,11:54:57.602,binance,ACH/USDT:USDT,0.022954,2504.0,0.022953,2935.0,0.022955,3620.0,0.022956,2721.0
1753617298088,11:54:58.088,binance,ACH/USDT:USDT,0.022954,2504.0,0.022953,2935.0,0.022955,3620.0,0.022956,2721.0
1753617298232,11:54:58.232,binance,ACH/USDT:USDT,0.022954,2504.0,0.022953,2935.0,0.022955,3620.0,0.022956,2721.0
1753617298687,11:54:58.687,binance,ACH/USDT:USDT,0.022954,2504.0,0.022953,2935.0,0.022955,3620.0,0.022956,2721.0
1753617298790,11:54:58.790,binance,ACH/USDT:USDT,0.022954,2504.0,0.022953,2935.0,0.022955,3620.0,0.022956,2721.0
1753617298993,11:54:58.993,binance,ACH/USDT:USDT,0.022954,2504.0,0.022953,2935.0,0.022955,3620.0,0.022956,2721.0
1753617299191,11:54:59.191,binance,ACH/USDT:USDT,0.022954,2504.0,0.022953,2935.0,0.022955,3620.0,0.022956,2721.0
1753617299293,11:54:59.293,binance,ACH/USDT:USDT,0.022954,2504.0,0.022953,2935.0,0.022955,3620.0,0.022956,2721.0
1753617299396,11:54:59.396,binance,ACH/USDT:USDT,0.022954,2504.0,0.022953,2935.0,0.022955,3620.0,0.022956,2721.0
1753617300113,11:55:00.113,binance,ACH/USDT:USDT,0.022954,2504.0,0.022953,2935.0,0.022955,3620.0,0.022956,2721.0
1753617300370,11:55:00.370,binance,ACH/USDT:USDT,0.022954,2504.0,0.022953,2935.0,0.022955,3620.0,0.022956,2721.0
1753617300471,11:55:00.471,binance,ACH/USDT:USDT,0.022954,2504.0,0.022953,2935.0,0.022955,3620.0,0.022956,2721.0
1753617300717,11:55:00.717,binance,ACH/USDT:USDT,0.022954,2504.0,0.022953,2935.0,0.022955,3620.0,0.022956,2721.0
1753617300951,11:55:00.951,binance,ACH/USDT:USDT,0.022954,2504.0,0.022953,2935.0,0.022955,3620.0,0.022956,2721.0
1753617301091,11:55:01.091,binance,ACH/USDT:USDT,0.022953,2935.0,0.022951,1919.0,0.022955,15889.0,0.022956,8425.0
1753617301212,11:55:01.212,binance,ACH/USDT:USDT,0.022953,2935.0,0.022951,1919.0,0.022955,15889.0,0.022956,8425.0
1753617301314,11:55:01.314,binance,ACH/USDT:USDT,0.022953,2935.0,0.022951,1919.0,0.022955,3620.0,0.022956,5573.0
1753617301427,11:55:01.427,binance,ACH/USDT:USDT,0.022953,2935.0,0.022951,1919.0,0.022955,3620.0,0.022956,5573.0
1753617301902,11:55:01.902,binance,ACH/USDT:USDT,0.022953,2935.0,0.022951,1919.0,0.022955,3620.0,0.022956,5573.0
1753617302005,11:55:02.005,binance,ACH/USDT:USDT,0.022953,2935.0,0.022951,1919.0,0.022955,3620.0,0.022956,5573.0
1753617302124,11:55:02.124,binance,ACH/USDT:USDT,0.022953,2935.0,0.022951,1919.0,0.022955,1447.0,0.022956,5573.0
1753617302405,11:55:02.405,binance,ACH/USDT:USDT,0.022953,2935.0,0.022951,1919.0,0.022955,1447.0,0.022956,5573.0
1753617302506,11:55:02.506,binance,ACH/USDT:USDT,0.022953,2935.0,0.022951,1919.0,0.022955,1447.0,0.022956,7751.0
1753617302691,11:55:02.691,binance,ACH/USDT:USDT,0.022953,2935.0,0.022951,1919.0,0.022955,1447.0,0.022956,7751.0
1753617303102,11:55:03.102,binance,ACH/USDT:USDT,0.022953,2935.0,0.022951,1919.0,0.022955,1447.0,0.022956,7751.0
1753617303208,11:55:03.208,binance,ACH/USDT:USDT,0.022953,2935.0,0.022951,1919.0,0.022955,1447.0,0.022956,7751.0
1753617303379,11:55:03.379,binance,ACH/USDT:USDT,0.022953,2935.0,0.022951,1919.0,0.022955,1447.0,0.022956,7751.0
1753617303552,11:55:03.552,binance,ACH/USDT:USDT,0.022953,2935.0,0.022951,1919.0,0.022955,11970.0,0.022956,7751.0
1753617303682,11:55:03.682,binance,ACH/USDT:USDT,0.022951,1698.0,0.02295,306.0,0.022953,12269.0,0.022954,14957.0
1753617303901,11:55:03.901,binance,ACH/USDT:USDT,0.022951,1698.0,0.02295,306.0,0.022952,1470.0,0.022953,12269.0
1753617304202,11:55:04.202,binance,ACH/USDT:USDT,0.022951,1698.0,0.02295,306.0,0.022952,1470.0,0.022953,12269.0
1753617304338,11:55:04.338,binance,ACH/USDT:USDT,0.022951,8026.0,0.02295,306.0,0.022952,1470.0,0.022953,12269.0
1753617304451,11:55:04.451,binance,ACH/USDT:USDT,0.022951,8026.0,0.02295,306.0,0.022952,1470.0,0.022953,12269.0
1753617304577,11:55:04.577,binance,ACH/USDT:USDT,0.022951,8026.0,0.02295,306.0,0.022952,11993.0,0.022953,1746.0
