timestamp,time,exchange,symbol,bid1_price,bid1_volume,bid2_price,bid2_volume,ask1_price,ask1_volume,ask2_price,ask2_volume
1753617162905,11:52:42.905,okx,1INCH/USDT:USDT,0.2866,19052.0,0.2865,8130.0,0.2867,1.0,0.2868,11164.0
1753617163905,11:52:43.905,okx,1INCH/USDT:USDT,0.2866,18115.0,0.2865,8130.0,0.2867,1.0,0.2868,11164.0
1753617164405,11:52:44.405,okx,1INCH/USDT:USDT,0.2866,19060.0,0.2865,8130.0,0.2867,1.0,0.2868,10219.0
1753617164705,11:52:44.705,okx,1INCH/USDT:USDT,0.2866,19060.0,0.2865,8130.0,0.2867,1.0,0.2868,8289.0
1753617165005,11:52:45.005,okx,1INCH/USDT:USDT,0.2866,19060.0,0.2865,8130.0,0.2867,1.0,0.2868,8368.0
1753617168405,11:52:48.405,okx,1INCH/USDT:USDT,0.2866,19095.0,0.2865,10257.0,0.2867,1.0,0.2868,8368.0
1753617169305,11:52:49.305,okx,1INCH/USDT:USDT,0.2866,19095.0,0.2865,10257.0,0.2867,1.0,0.2868,8368.0
1753617169405,11:52:49.405,okx,1INCH/USDT:USDT,0.2866,19095.0,0.2865,10257.0,0.2867,1.0,0.2868,8368.0
1753617169505,11:52:49.505,okx,1INCH/USDT:USDT,0.2866,22234.0,0.2865,10257.0,0.2867,1.0,0.2868,8368.0
1753617170005,11:52:50.005,okx,1INCH/USDT:USDT,0.2866,22234.0,0.2865,10257.0,0.2867,1.0,0.2868,8368.0
1753617170105,11:52:50.105,okx,1INCH/USDT:USDT,0.2866,22234.0,0.2865,10257.0,0.2867,1.0,0.2868,8368.0
1753617171505,11:52:51.505,okx,1INCH/USDT:USDT,0.2866,22234.0,0.2865,10257.0,0.2867,1.0,0.2868,8190.0
1753617171605,11:52:51.605,okx,1INCH/USDT:USDT,0.2867,1472.0,0.2866,26826.0,0.2868,1295.0,0.2869,16322.0
1753617171705,11:52:51.705,okx,1INCH/USDT:USDT,0.2867,1826.0,0.2866,26493.0,0.2868,95.0,0.2869,8513.0
1753617172105,11:52:52.105,okx,1INCH/USDT:USDT,0.2868,619.0,0.2867,22000.0,0.2869,615.0,0.287,12280.0
1753617172305,11:52:52.305,okx,1INCH/USDT:USDT,0.2868,179.0,0.2867,22000.0,0.2869,1754.0,0.287,12280.0
1753617173705,11:52:53.705,okx,1INCH/USDT:USDT,0.2868,2091.0,0.2867,20115.0,0.2869,2874.0,0.287,12802.0
1753617173805,11:52:53.805,okx,1INCH/USDT:USDT,0.2868,2091.0,0.2867,20115.0,0.2869,3233.0,0.287,12802.0
1753617175805,11:52:55.805,okx,1INCH/USDT:USDT,0.2868,2091.0,0.2867,20115.0,0.2869,2953.0,0.287,12806.0
1753617176005,11:52:56.005,okx,1INCH/USDT:USDT,0.2868,2091.0,0.2867,20115.0,0.2869,2953.0,0.287,12806.0
1753617176505,11:52:56.505,okx,1INCH/USDT:USDT,0.2868,1921.0,0.2867,20115.0,0.2869,2953.0,0.287,12806.0
1753617176905,11:52:56.905,okx,1INCH/USDT:USDT,0.2868,1923.0,0.2867,21059.0,0.2869,2368.0,0.287,12806.0
1753617177105,11:52:57.105,okx,1INCH/USDT:USDT,0.2868,1923.0,0.2867,20115.0,0.2869,2368.0,0.287,12806.0
1753617178205,11:52:58.205,okx,1INCH/USDT:USDT,0.2868,1923.0,0.2867,20115.0,0.2869,3352.0,0.287,12806.0
1753617179005,11:52:59.005,okx,1INCH/USDT:USDT,0.2868,1923.0,0.2867,20115.0,0.2869,3352.0,0.287,12806.0
1753617179105,11:52:59.105,okx,1INCH/USDT:USDT,0.2868,1923.0,0.2867,20115.0,0.2869,3273.0,0.287,12885.0
1753617180305,11:53:00.305,okx,1INCH/USDT:USDT,0.2868,17196.0,0.2867,6542.0,0.2869,3286.0,0.287,12806.0
1753617180405,11:53:00.405,okx,1INCH/USDT:USDT,0.2868,17196.0,0.2867,6542.0,0.2869,3286.0,0.287,12806.0
1753617180905,11:53:00.905,okx,1INCH/USDT:USDT,0.2868,17196.0,0.2867,6545.0,0.2869,3286.0,0.287,12806.0
1753617182705,11:53:02.705,okx,1INCH/USDT:USDT,0.2868,17196.0,0.2867,7489.0,0.2869,3151.0,0.287,10258.0
1753617183705,11:53:03.705,okx,1INCH/USDT:USDT,0.2869,2066.0,0.2868,22702.0,0.287,830.0,0.2871,13297.0
1753617183905,11:53:03.905,okx,1INCH/USDT:USDT,0.2869,2066.0,0.2868,23050.0,0.287,2080.0,0.2871,14602.0
1753617184105,11:53:04.105,okx,1INCH/USDT:USDT,0.2869,2109.0,0.2868,24054.0,0.287,11.0,0.2871,11977.0
1753617184405,11:53:04.405,okx,1INCH/USDT:USDT,0.2869,2109.0,0.2868,24413.0,0.287,11.0,0.2871,12934.0
1753617185005,11:53:05.005,okx,1INCH/USDT:USDT,0.2869,1186.0,0.2868,22121.0,0.287,2904.0,0.2871,12580.0
1753617185605,11:53:05.605,okx,1INCH/USDT:USDT,0.2869,3961.0,0.2868,22121.0,0.287,2904.0,0.2871,12580.0
1753617185905,11:53:05.905,okx,1INCH/USDT:USDT,0.2869,3778.0,0.2868,21762.0,0.287,3263.0,0.2871,12580.0
1753617186205,11:53:06.205,okx,1INCH/USDT:USDT,0.2869,3778.0,0.2868,23078.0,0.287,1947.0,0.2871,12580.0
1753617188405,11:53:08.405,okx,1INCH/USDT:USDT,0.2869,3323.0,0.2868,22780.0,0.287,574.0,0.2871,12221.0
1753617188505,11:53:08.505,okx,1INCH/USDT:USDT,0.2869,3323.0,0.2868,22780.0,0.287,2133.0,0.2871,12221.0
1753617189505,11:53:09.505,okx,1INCH/USDT:USDT,0.2869,3323.0,0.2868,22780.0,0.287,4016.0,0.2871,12221.0
1753617190705,11:53:10.705,okx,1INCH/USDT:USDT,0.2869,3323.0,0.2868,22780.0,0.287,4016.0,0.2871,12221.0
1753617192805,11:53:12.805,okx,1INCH/USDT:USDT,0.2869,3323.0,0.2868,22780.0,0.287,3231.0,0.2871,12221.0
1753617194105,11:53:14.105,okx,1INCH/USDT:USDT,0.2869,3264.0,0.2868,22432.0,0.287,3227.0,0.2871,12221.0
1753617195305,11:53:15.305,okx,1INCH/USDT:USDT,0.2869,5176.0,0.2868,20512.0,0.287,3586.0,0.2871,12221.0
1753617195505,11:53:15.505,okx,1INCH/USDT:USDT,0.2869,5176.0,0.2868,20512.0,0.287,2436.0,0.2871,12221.0
1753617195705,11:53:15.705,okx,1INCH/USDT:USDT,0.2869,5176.0,0.2868,20512.0,0.287,2375.0,0.2871,12221.0
1753617195905,11:53:15.905,okx,1INCH/USDT:USDT,0.2869,5176.0,0.2868,20512.0,0.287,3745.0,0.2871,12221.0
1753617196305,11:53:16.305,okx,1INCH/USDT:USDT,0.2869,5176.0,0.2868,20512.0,0.287,3318.0,0.2871,12221.0
1753617197705,11:53:17.705,okx,1INCH/USDT:USDT,0.2869,5176.0,0.2868,20512.0,0.287,2314.0,0.2871,12221.0
1753617198105,11:53:18.105,okx,1INCH/USDT:USDT,0.2869,5176.0,0.2868,20512.0,0.287,1923.0,0.2871,12221.0
1753617200305,11:53:20.305,okx,1INCH/USDT:USDT,0.2869,5176.0,0.2868,19907.0,0.287,5646.0,0.2871,10263.0
1753617201905,11:53:21.905,okx,1INCH/USDT:USDT,0.2869,20365.0,0.2868,5591.0,0.287,544.0,0.2871,10263.0
1753617202105,11:53:22.105,okx,1INCH/USDT:USDT,0.2869,20759.0,0.2868,5591.0,0.287,544.0,0.2871,10263.0
1753617202905,11:53:22.905,okx,1INCH/USDT:USDT,0.2869,20400.0,0.2868,4634.0,0.287,2424.0,0.2871,10263.0
1753617203105,11:53:23.105,okx,1INCH/USDT:USDT,0.2869,20365.0,0.2868,4634.0,0.287,2424.0,0.2871,10263.0
1753617203705,11:53:23.705,okx,1INCH/USDT:USDT,0.2869,20350.0,0.2868,4634.0,0.287,3154.0,0.2871,10263.0
1753617204605,11:53:24.605,okx,1INCH/USDT:USDT,0.2869,20350.0,0.2868,5591.0,0.287,4120.0,0.2871,10263.0
1753617204705,11:53:24.705,okx,1INCH/USDT:USDT,0.2869,20350.0,0.2868,4634.0,0.287,4327.0,0.2871,10263.0
1753617204805,11:53:24.805,okx,1INCH/USDT:USDT,0.2869,20350.0,0.2868,4634.0,0.287,4327.0,0.2871,10263.0
1753617204905,11:53:24.905,okx,1INCH/USDT:USDT,0.2869,20350.0,0.2868,5591.0,0.287,4120.0,0.2871,10263.0
1753617205005,11:53:25.005,okx,1INCH/USDT:USDT,0.2869,20350.0,0.2868,5591.0,0.287,1275.0,0.2871,10263.0
1753617205305,11:53:25.305,okx,1INCH/USDT:USDT,0.2869,20350.0,0.2868,5591.0,0.287,1275.0,0.2871,10263.0
1753617206405,11:53:26.405,okx,1INCH/USDT:USDT,0.2869,20668.0,0.2868,5591.0,0.287,545.0,0.2871,10263.0
1753617207005,11:53:27.005,okx,1INCH/USDT:USDT,0.2869,20668.0,0.2868,6342.0,0.287,545.0,0.2871,10263.0
1753617207705,11:53:27.705,okx,1INCH/USDT:USDT,0.2869,20703.0,0.2868,6342.0,0.287,545.0,0.2871,10263.0
1753617209005,11:53:29.005,okx,1INCH/USDT:USDT,0.2869,22582.0,0.2868,4634.0,0.2871,3878.0,0.2872,14434.0
1753617209205,11:53:29.205,okx,1INCH/USDT:USDT,0.2869,22548.0,0.2868,4634.0,0.2871,3878.0,0.2872,14434.0
1753617209505,11:53:29.505,okx,1INCH/USDT:USDT,0.2869,22548.0,0.2868,4634.0,0.2871,3878.0,0.2872,14434.0
1753617209905,11:53:29.905,okx,1INCH/USDT:USDT,0.287,360.0,0.2869,22889.0,0.2871,2516.0,0.2872,14434.0
1753617210505,11:53:30.505,okx,1INCH/USDT:USDT,0.287,1.0,0.2869,23249.0,0.2871,3547.0,0.2872,10938.0
1753617210705,11:53:30.705,okx,1INCH/USDT:USDT,0.287,1.0,0.2869,23249.0,0.2871,3725.0,0.2872,10938.0
1753617211005,11:53:31.005,okx,1INCH/USDT:USDT,0.2869,23250.0,0.2868,6540.0,0.2871,3723.0,0.2872,10938.0
1753617211105,11:53:31.105,okx,1INCH/USDT:USDT,0.2869,23250.0,0.2868,6540.0,0.2871,3723.0,0.2872,11460.0
1753617211205,11:53:31.205,okx,1INCH/USDT:USDT,0.287,1.0,0.2869,23249.0,0.2871,3723.0,0.2872,11460.0
1753617211605,11:53:31.605,okx,1INCH/USDT:USDT,0.287,1.0,0.2869,23250.0,0.2871,3911.0,0.2872,11603.0
1753617211705,11:53:31.705,okx,1INCH/USDT:USDT,0.287,322.0,0.2869,23250.0,0.2871,3169.0,0.2872,11603.0
1753617211905,11:53:31.905,okx,1INCH/USDT:USDT,0.287,1939.0,0.2869,23252.0,0.2871,1423.0,0.2872,9939.0
1753617212105,11:53:32.105,okx,1INCH/USDT:USDT,0.287,2036.0,0.2869,23252.0,0.2871,83.0,0.2872,10503.0
1753617212405,11:53:32.405,okx,1INCH/USDT:USDT,0.287,181.0,0.2869,23252.0,0.2871,614.0,0.2872,10503.0
1753617212605,11:53:32.605,okx,1INCH/USDT:USDT,0.287,1840.0,0.2869,23252.0,0.2871,1433.0,0.2872,9939.0
1753617212805,11:53:32.805,okx,1INCH/USDT:USDT,0.287,883.0,0.2869,23252.0,0.2871,1433.0,0.2872,11460.0
1753617213005,11:53:33.005,okx,1INCH/USDT:USDT,0.287,1840.0,0.2869,23254.0,0.2871,1433.0,0.2872,9939.0
1753617214105,11:53:34.105,okx,1INCH/USDT:USDT,0.2869,22328.0,0.2868,7497.0,0.2871,1819.0,0.2872,11819.0
1753617214405,11:53:34.405,okx,1INCH/USDT:USDT,0.287,1.0,0.2869,23284.0,0.2871,1819.0,0.2872,11819.0
1753617214505,11:53:34.505,okx,1INCH/USDT:USDT,0.2869,23285.0,0.2868,6540.0,0.2871,1819.0,0.2872,11819.0
1753617214605,11:53:34.605,okx,1INCH/USDT:USDT,0.2869,23285.0,0.2868,6540.0,0.2871,1997.0,0.2872,11819.0
1753617214905,11:53:34.905,okx,1INCH/USDT:USDT,0.287,1.0,0.2869,23285.0,0.2871,3725.0,0.2872,11255.0
1753617215205,11:53:35.205,okx,1INCH/USDT:USDT,0.287,327.0,0.2869,23250.0,0.2871,941.0,0.2872,10896.0
1753617215605,11:53:35.605,okx,1INCH/USDT:USDT,0.287,536.0,0.2869,23430.0,0.2871,1505.0,0.2872,11255.0
1753617216705,11:53:36.705,okx,1INCH/USDT:USDT,0.287,183.0,0.2869,23430.0,0.2871,3235.0,0.2872,11819.0
1753617216805,11:53:36.805,okx,1INCH/USDT:USDT,0.287,1.0,0.2869,22473.0,0.2871,3235.0,0.2872,11819.0
1753617217605,11:53:37.605,okx,1INCH/USDT:USDT,0.287,417.0,0.2869,23430.0,0.2871,943.0,0.2872,11255.0
1753617217705,11:53:37.705,okx,1INCH/USDT:USDT,0.287,1.0,0.2869,23430.0,0.2871,1507.0,0.2872,14527.0
1753617218005,11:53:38.005,okx,1INCH/USDT:USDT,0.287,437.0,0.2869,23430.0,0.2871,1022.0,0.2872,13963.0
1753617218105,11:53:38.105,okx,1INCH/USDT:USDT,0.287,537.0,0.2869,23430.0,0.2871,201.0,0.2872,13963.0
1753617218505,11:53:38.505,okx,1INCH/USDT:USDT,0.287,3808.0,0.2869,20169.0,0.2871,1022.0,0.2872,13963.0
1753617218905,11:53:38.905,okx,1INCH/USDT:USDT,0.287,3808.0,0.2869,20169.0,0.2871,943.0,0.2872,13963.0
1753617219005,11:53:39.005,okx,1INCH/USDT:USDT,0.287,3808.0,0.2869,20169.0,0.2871,943.0,0.2872,13963.0
1753617219305,11:53:39.305,okx,1INCH/USDT:USDT,0.287,3808.0,0.2869,20169.0,0.2871,903.0,0.2872,13963.0
1753617222105,11:53:42.105,okx,1INCH/USDT:USDT,0.287,3812.0,0.2869,20169.0,0.2871,2094.0,0.2872,13963.0
1753617222705,11:53:42.705,okx,1INCH/USDT:USDT,0.287,3812.0,0.2869,20169.0,0.2871,515.0,0.2872,13963.0
1753617222905,11:53:42.905,okx,1INCH/USDT:USDT,0.2871,1.0,0.287,12021.0,0.2872,3661.0,0.2873,24153.0
1753617224205,11:53:44.205,okx,1INCH/USDT:USDT,0.2871,716.0,0.287,12979.0,0.2872,2382.0,0.2873,18323.0
1753617224605,11:53:44.605,okx,1INCH/USDT:USDT,0.2871,1084.0,0.287,12979.0,0.2872,1683.0,0.2873,17888.0
1753617224905,11:53:44.905,okx,1INCH/USDT:USDT,0.2871,2041.0,0.287,12979.0,0.2872,1200.0,0.2873,17888.0
1753617225005,11:53:45.005,okx,1INCH/USDT:USDT,0.2871,2041.0,0.287,12979.0,0.2872,1200.0,0.2873,17888.0
1753617226205,11:53:46.205,okx,1INCH/USDT:USDT,0.2871,716.0,0.287,12979.0,0.2872,1867.0,0.2873,18845.0
1753617226505,11:53:46.505,okx,1INCH/USDT:USDT,0.2871,716.0,0.287,12979.0,0.2872,2425.0,0.2873,18845.0
1753617226905,11:53:46.905,okx,1INCH/USDT:USDT,0.2871,1098.0,0.287,12979.0,0.2872,1305.0,0.2873,17888.0
1753617227105,11:53:47.105,okx,1INCH/USDT:USDT,0.2871,2414.0,0.287,12979.0,0.2872,1121.0,0.2873,17888.0
1753617227205,11:53:47.205,okx,1INCH/USDT:USDT,0.2871,2598.0,0.287,12979.0,0.2872,1121.0,0.2873,15688.0
1753617227305,11:53:47.305,okx,1INCH/USDT:USDT,0.2871,3427.0,0.287,13338.0,0.2872,1121.0,0.2873,18845.0
1753617227405,11:53:47.405,okx,1INCH/USDT:USDT,0.2871,4386.0,0.287,13338.0,0.2872,1121.0,0.2873,17888.0
1753617227705,11:53:47.705,okx,1INCH/USDT:USDT,0.2871,4386.0,0.287,13338.0,0.2872,1121.0,0.2873,17888.0
1753617228205,11:53:48.205,okx,1INCH/USDT:USDT,0.2871,2886.0,0.287,13338.0,0.2872,1122.0,0.2873,18845.0
1753617229305,11:53:49.305,okx,1INCH/USDT:USDT,0.2871,4386.0,0.287,12979.0,0.2872,1201.0,0.2873,17888.0
1753617231205,11:53:51.205,okx,1INCH/USDT:USDT,0.2872,1.0,0.2871,7553.0,0.2873,3939.0,0.2874,26126.0
1753617231305,11:53:51.305,okx,1INCH/USDT:USDT,0.2872,1.0,0.2871,7573.0,0.2873,3939.0,0.2874,25513.0
1753617231405,11:53:51.405,okx,1INCH/USDT:USDT,0.2872,1.0,0.2871,7573.0,0.2873,4298.0,0.2874,25513.0
1753617231605,11:53:51.605,okx,1INCH/USDT:USDT,0.2872,1.0,0.2871,5653.0,0.2873,4643.0,0.2874,13967.0
1753617232405,11:53:52.405,okx,1INCH/USDT:USDT,0.2872,1.0,0.2871,5469.0,0.2873,8158.0,0.2874,14326.0
1753617232505,11:53:52.505,okx,1INCH/USDT:USDT,0.2872,1.0,0.2871,5469.0,0.2873,8158.0,0.2874,14326.0
1753617232705,11:53:52.705,okx,1INCH/USDT:USDT,0.2871,2504.0,0.287,12026.0,0.2872,3452.0,0.2873,17160.0
1753617233905,11:53:53.905,okx,1INCH/USDT:USDT,0.2871,2242.0,0.287,12026.0,0.2872,2536.0,0.2873,16766.0
1753617234805,11:53:54.805,okx,1INCH/USDT:USDT,0.2871,2242.0,0.287,12026.0,0.2872,4039.0,0.2873,18671.0
1753617235905,11:53:55.905,okx,1INCH/USDT:USDT,0.2871,17510.0,0.287,7522.0,0.2872,5388.0,0.2873,18671.0
1753617236405,11:53:56.405,okx,1INCH/USDT:USDT,0.2871,17510.0,0.287,7522.0,0.2872,5388.0,0.2873,18671.0
1753617237305,11:53:57.305,okx,1INCH/USDT:USDT,0.2871,17510.0,0.287,7522.0,0.2872,5388.0,0.2873,18671.0
1753617238305,11:53:58.305,okx,1INCH/USDT:USDT,0.2871,17510.0,0.287,8815.0,0.2872,4472.0,0.2873,18671.0
1753617239405,11:53:59.405,okx,1INCH/USDT:USDT,0.2871,2242.0,0.287,8084.0,0.2872,5406.0,0.2873,18671.0
1753617239505,11:53:59.505,okx,1INCH/USDT:USDT,0.2871,17455.0,0.287,7522.0,0.2872,5406.0,0.2873,18671.0
1753617240305,11:54:00.305,okx,1INCH/USDT:USDT,0.2871,17455.0,0.287,7522.0,0.2872,5443.0,0.2873,18671.0
1753617241005,11:54:01.005,okx,1INCH/USDT:USDT,0.2871,17455.0,0.287,8467.0,0.2872,7372.0,0.2873,18673.0
1753617241105,11:54:01.105,okx,1INCH/USDT:USDT,0.2871,17455.0,0.287,7522.0,0.2872,8676.0,0.2873,18673.0
1753617242005,11:54:02.005,okx,1INCH/USDT:USDT,0.2871,17979.0,0.287,8259.0,0.2872,7509.0,0.2873,17763.0
1753617242305,11:54:02.305,okx,1INCH/USDT:USDT,0.2871,17979.0,0.287,8259.0,0.2872,9700.0,0.2873,17763.0
1753617242905,11:54:02.905,okx,1INCH/USDT:USDT,0.2871,17979.0,0.287,7522.0,0.2872,8405.0,0.2873,17763.0
1753617243305,11:54:03.305,okx,1INCH/USDT:USDT,0.2871,17979.0,0.287,7522.0,0.2872,9700.0,0.2873,17765.0
1753617243805,11:54:03.805,okx,1INCH/USDT:USDT,0.2871,17979.0,0.287,7522.0,0.2872,9700.0,0.2873,17765.0
1753617244305,11:54:04.305,okx,1INCH/USDT:USDT,0.2871,17979.0,0.287,7522.0,0.2872,9700.0,0.2873,16849.0
1753617246105,11:54:06.105,okx,1INCH/USDT:USDT,0.2871,17656.0,0.287,7428.0,0.2872,9700.0,0.2873,17197.0
1753617247105,11:54:07.105,okx,1INCH/USDT:USDT,0.2871,17656.0,0.287,7428.0,0.2872,9728.0,0.2873,17171.0
1753617247205,11:54:07.205,okx,1INCH/USDT:USDT,0.2868,6941.0,0.2867,9494.0,0.2871,6530.0,0.2872,10482.0
1753617247405,11:54:07.405,okx,1INCH/USDT:USDT,0.2869,1207.0,0.2868,9895.0,0.287,1.0,0.2871,14811.0
1753617247805,11:54:07.805,okx,1INCH/USDT:USDT,0.2869,1386.0,0.2868,10832.0,0.287,1.0,0.2871,20189.0
1753617248005,11:54:08.005,okx,1INCH/USDT:USDT,0.2869,1.0,0.2868,5727.0,0.287,10621.0,0.2871,20178.0
1753617248105,11:54:08.105,okx,1INCH/USDT:USDT,0.2869,1.0,0.2868,5727.0,0.287,10623.0,0.2871,20178.0
1753617249005,11:54:09.005,okx,1INCH/USDT:USDT,0.2868,528.0,0.2867,7824.0,0.2869,2112.0,0.287,5088.0
1753617249505,11:54:09.505,okx,1INCH/USDT:USDT,0.2868,1082.0,0.2867,8753.0,0.287,5988.0,0.2871,18865.0
1753617249605,11:54:09.605,okx,1INCH/USDT:USDT,0.2868,1801.0,0.2867,8753.0,0.287,3822.0,0.2871,17471.0
1753617249705,11:54:09.705,okx,1INCH/USDT:USDT,0.2868,1082.0,0.2867,8394.0,0.287,5069.0,0.2871,16514.0
1753617249805,11:54:09.805,okx,1INCH/USDT:USDT,0.2868,1084.0,0.2867,8394.0,0.287,2542.0,0.2871,17471.0
1753617250505,11:54:10.505,okx,1INCH/USDT:USDT,0.2868,1119.0,0.2867,8753.0,0.2869,821.0,0.287,6149.0
1753617253905,11:54:13.905,okx,1INCH/USDT:USDT,0.2868,1119.0,0.2867,8754.0,0.2869,1048.0,0.287,6149.0
1753617254005,11:54:14.005,okx,1INCH/USDT:USDT,0.2868,1119.0,0.2867,8754.0,0.2869,1048.0,0.287,6149.0
1753617254205,11:54:14.205,okx,1INCH/USDT:USDT,0.2868,1119.0,0.2867,8754.0,0.2869,1048.0,0.287,7106.0
1753617255505,11:54:15.505,okx,1INCH/USDT:USDT,0.2868,1119.0,0.2867,8753.0,0.2869,1052.0,0.287,6149.0
1753617256505,11:54:16.505,okx,1INCH/USDT:USDT,0.2868,1119.0,0.2867,8753.0,0.2869,1051.0,0.287,7106.0
1753617257105,11:54:17.105,okx,1INCH/USDT:USDT,0.2868,1119.0,0.2867,8753.0,0.2869,1051.0,0.287,7106.0
1753617257405,11:54:17.405,okx,1INCH/USDT:USDT,0.2868,1119.0,0.2867,8753.0,0.2869,1051.0,0.287,6149.0
1753617259305,11:54:19.305,okx,1INCH/USDT:USDT,0.2868,1124.0,0.2867,8753.0,0.2869,1052.0,0.287,7106.0
1753617261605,11:54:21.605,okx,1INCH/USDT:USDT,0.2868,1124.0,0.2867,8753.0,0.2869,1088.0,0.287,7106.0
1753617261805,11:54:21.805,okx,1INCH/USDT:USDT,0.2868,1124.0,0.2867,8753.0,0.2869,1088.0,0.287,7106.0
1753617261905,11:54:21.905,okx,1INCH/USDT:USDT,0.2868,1124.0,0.2867,8753.0,0.2869,1088.0,0.287,7106.0
1753617262205,11:54:22.205,okx,1INCH/USDT:USDT,0.2868,1124.0,0.2867,8753.0,0.2869,1088.0,0.287,7106.0
1753617262505,11:54:22.505,okx,1INCH/USDT:USDT,0.2868,1124.0,0.2867,8753.0,0.2869,1088.0,0.287,7106.0
1753617262605,11:54:22.605,okx,1INCH/USDT:USDT,0.2868,1124.0,0.2867,8753.0,0.2869,1088.0,0.287,7106.0
1753617263705,11:54:23.705,okx,1INCH/USDT:USDT,0.287,1.0,0.2869,12638.0,0.2871,6125.0,0.2872,15418.0
1753617264305,11:54:24.305,okx,1INCH/USDT:USDT,0.2869,1697.0,0.2868,36392.0,0.287,1.0,0.2871,4794.0
1753617264405,11:54:24.405,okx,1INCH/USDT:USDT,0.2869,1695.0,0.2868,36392.0,0.287,1.0,0.2871,4976.0
1753617264505,11:54:24.505,okx,1INCH/USDT:USDT,0.2869,741.0,0.2868,36392.0,0.2871,8036.0,0.2872,14643.0
1753617264605,11:54:24.605,okx,1INCH/USDT:USDT,0.2869,741.0,0.2868,36392.0,0.2871,8814.0,0.2872,14642.0
1753617264805,11:54:24.805,okx,1INCH/USDT:USDT,0.2869,740.0,0.2868,36392.0,0.287,1.0,0.2871,4976.0
1753617265005,11:54:25.005,okx,1INCH/USDT:USDT,0.2869,740.0,0.2868,36392.0,0.287,1.0,0.2871,5933.0
1753617265105,11:54:25.105,okx,1INCH/USDT:USDT,0.2869,740.0,0.2868,36392.0,0.287,1.0,0.2871,4976.0
1753617265405,11:54:25.405,okx,1INCH/USDT:USDT,0.2869,740.0,0.2868,36392.0,0.287,1.0,0.2871,6072.0
1753617265505,11:54:25.505,okx,1INCH/USDT:USDT,0.2869,740.0,0.2868,35435.0,0.287,830.0,0.2871,13825.0
1753617266205,11:54:26.205,okx,1INCH/USDT:USDT,0.2869,740.0,0.2868,36751.0,0.287,1300.0,0.2871,13825.0
1753617266505,11:54:26.505,okx,1INCH/USDT:USDT,0.2869,741.0,0.2868,36751.0,0.287,829.0,0.2871,12509.0
1753617268505,11:54:28.505,okx,1INCH/USDT:USDT,0.287,176.0,0.2869,33338.0,0.2871,2285.0,0.2872,18101.0
1753617268605,11:54:28.605,okx,1INCH/USDT:USDT,0.287,732.0,0.2869,33338.0,0.2871,1081.0,0.2872,17339.0
1753617270405,11:54:30.405,okx,1INCH/USDT:USDT,0.287,1.0,0.2869,32380.0,0.2871,5131.0,0.2872,17339.0
1753617271205,11:54:31.205,okx,1INCH/USDT:USDT,0.2869,31535.0,0.2868,7536.0,0.287,1025.0,0.2871,14225.0
1753617271805,11:54:31.805,okx,1INCH/USDT:USDT,0.2869,30578.0,0.2868,7536.0,0.287,32.0,0.2871,13634.0
1753617273605,11:54:33.605,okx,1INCH/USDT:USDT,0.2869,30578.0,0.2868,7536.0,0.287,44.0,0.2871,13633.0
1753617274105,11:54:34.105,okx,1INCH/USDT:USDT,0.2869,30578.0,0.2868,7536.0,0.287,44.0,0.2871,13633.0
1753617274505,11:54:34.505,okx,1INCH/USDT:USDT,0.2869,30578.0,0.2868,7536.0,0.287,445.0,0.2871,13633.0
1753617275305,11:54:35.305,okx,1INCH/USDT:USDT,0.2869,30578.0,0.2868,7536.0,0.287,47.0,0.2871,13633.0
1753617275705,11:54:35.705,okx,1INCH/USDT:USDT,0.2869,30578.0,0.2868,7536.0,0.287,47.0,0.2871,13633.0
1753617276105,11:54:36.105,okx,1INCH/USDT:USDT,0.2869,30578.0,0.2868,7536.0,0.287,457.0,0.2871,13633.0
1753617277305,11:54:37.305,okx,1INCH/USDT:USDT,0.2869,30578.0,0.2868,7536.0,0.287,47.0,0.2871,13633.0
1753617277805,11:54:37.805,okx,1INCH/USDT:USDT,0.2869,30578.0,0.2868,7536.0,0.287,450.0,0.2871,13633.0
1753617278005,11:54:38.005,okx,1INCH/USDT:USDT,0.2869,30578.0,0.2868,7536.0,0.287,809.0,0.2871,13633.0
1753617278105,11:54:38.105,okx,1INCH/USDT:USDT,0.2869,30578.0,0.2868,7536.0,0.287,1761.0,0.2871,13633.0
1753617278205,11:54:38.205,okx,1INCH/USDT:USDT,0.2869,30578.0,0.2868,7536.0,0.287,1761.0,0.2871,13633.0
1753617278705,11:54:38.705,okx,1INCH/USDT:USDT,0.2869,30578.0,0.2868,7511.0,0.287,1783.0,0.2871,13871.0
1753617279305,11:54:39.305,okx,1INCH/USDT:USDT,0.2869,30396.0,0.2868,7511.0,0.287,221.0,0.2871,13871.0
1753617279705,11:54:39.705,okx,1INCH/USDT:USDT,0.2869,30396.0,0.2868,7511.0,0.287,1976.0,0.2871,13871.0
1753617281305,11:54:41.305,okx,1INCH/USDT:USDT,0.2869,30396.0,0.2868,7511.0,0.287,2331.0,0.2871,13871.0
1753617282805,11:54:42.805,okx,1INCH/USDT:USDT,0.2869,30396.0,0.2868,6554.0,0.287,2331.0,0.2871,13871.0
1753617286805,11:54:46.805,okx,1INCH/USDT:USDT,0.2869,30396.0,0.2868,6902.0,0.287,2164.0,0.2871,13872.0
1753617287105,11:54:47.105,okx,1INCH/USDT:USDT,0.2869,29840.0,0.2868,6902.0,0.287,3354.0,0.2871,12859.0
1753617287205,11:54:47.205,okx,1INCH/USDT:USDT,0.2869,29840.0,0.2868,6902.0,0.287,3354.0,0.2871,12859.0
1753617287305,11:54:47.305,okx,1INCH/USDT:USDT,0.2869,29840.0,0.2868,6902.0,0.287,3354.0,0.2871,12859.0
1753617287605,11:54:47.605,okx,1INCH/USDT:USDT,0.2869,29840.0,0.2868,6902.0,0.287,3354.0,0.2871,12859.0
1753617290305,11:54:50.305,okx,1INCH/USDT:USDT,0.2869,29840.0,0.2868,7859.0,0.287,1439.0,0.2871,12858.0
1753617293705,11:54:53.705,okx,1INCH/USDT:USDT,0.2869,29840.0,0.2868,7859.0,0.287,2129.0,0.2871,12858.0
1753617294405,11:54:54.405,okx,1INCH/USDT:USDT,0.2869,29840.0,0.2868,6902.0,0.287,3258.0,0.2871,12858.0
1753617299405,11:54:59.405,okx,1INCH/USDT:USDT,0.2869,29840.0,0.2868,6902.0,0.287,4442.0,0.2871,12858.0
1753617299905,11:54:59.905,okx,1INCH/USDT:USDT,0.2869,29840.0,0.2868,6902.0,0.287,4443.0,0.2871,12858.0
1753617301305,11:55:01.305,okx,1INCH/USDT:USDT,0.2869,29841.0,0.2868,6902.0,0.287,3132.0,0.2871,11952.0
1753617301905,11:55:01.905,okx,1INCH/USDT:USDT,0.2869,29841.0,0.2868,6902.0,0.287,4730.0,0.2871,11952.0
1753617303705,11:55:03.705,okx,1INCH/USDT:USDT,0.2869,29841.0,0.2868,6902.0,0.287,5622.0,0.2871,11952.0
1753617304605,11:55:04.605,okx,1INCH/USDT:USDT,0.2869,29841.0,0.2868,6725.0,0.287,9950.0,0.2871,14538.0
1753617304705,11:55:04.705,okx,1INCH/USDT:USDT,0.2869,29841.0,0.2868,6377.0,0.287,13434.0,0.2871,14087.0
1753617304905,11:55:04.905,okx,1INCH/USDT:USDT,0.2869,29841.0,0.2868,6377.0,0.287,13434.0,0.2871,14087.0
1753617305005,11:55:05.005,okx,1INCH/USDT:USDT,0.2868,321.0,0.2867,4613.0,0.2869,5865.0,0.287,12183.0
1753617305105,11:55:05.105,okx,1INCH/USDT:USDT,0.2866,1960.0,0.2865,8287.0,0.2868,1086.0,0.2869,14662.0
1753617305405,11:55:05.405,okx,1INCH/USDT:USDT,0.2866,2348.0,0.2865,8224.0,0.2867,1.0,0.2868,4105.0
1753617305705,11:55:05.705,okx,1INCH/USDT:USDT,0.2866,622.0,0.2865,8224.0,0.2868,8019.0,0.2869,17392.0
1753617306205,11:55:06.205,okx,1INCH/USDT:USDT,0.2866,1313.0,0.2865,8224.0,0.2867,1.0,0.2868,4300.0
1753617306505,11:55:06.505,okx,1INCH/USDT:USDT,0.2866,1337.0,0.2865,10034.0,0.2867,511.0,0.2868,11091.0
1753617307305,11:55:07.305,okx,1INCH/USDT:USDT,0.2866,1372.0,0.2865,10375.0,0.2867,511.0,0.2868,9733.0
1753617307505,11:55:07.505,okx,1INCH/USDT:USDT,0.2866,3112.0,0.2865,10375.0,0.2868,2942.0,0.2869,17007.0
1753617307605,11:55:07.605,okx,1INCH/USDT:USDT,0.2866,3112.0,0.2865,10375.0,0.2868,2942.0,0.2869,17916.0
1753617308105,11:55:08.105,okx,1INCH/USDT:USDT,0.2866,3112.0,0.2865,10375.0,0.2868,2942.0,0.2869,17916.0
1753617309205,11:55:09.205,okx,1INCH/USDT:USDT,0.2866,3112.0,0.2865,10375.0,0.2868,2942.0,0.2869,17916.0
1753617310405,11:55:10.405,okx,1INCH/USDT:USDT,0.2866,3112.0,0.2865,8565.0,0.2868,2942.0,0.2869,17916.0
1753617311005,11:55:11.005,okx,1INCH/USDT:USDT,0.2866,3451.0,0.2865,8224.0,0.2868,2942.0,0.2869,17916.0
1753617311205,11:55:11.205,okx,1INCH/USDT:USDT,0.2867,180.0,0.2866,9748.0,0.2868,1887.0,0.2869,15292.0
1753617311705,11:55:11.705,okx,1INCH/USDT:USDT,0.2866,891.0,0.2865,7689.0,0.2867,1529.0,0.2868,17734.0
1753617311805,11:55:11.805,okx,1INCH/USDT:USDT,0.2866,893.0,0.2865,8030.0,0.2867,1529.0,0.2868,17735.0
1753617312905,11:55:12.905,okx,1INCH/USDT:USDT,0.2866,858.0,0.2865,7121.0,0.2867,1529.0,0.2868,17735.0
1753617314305,11:55:14.305,okx,1INCH/USDT:USDT,0.2866,858.0,0.2865,7121.0,0.2867,1529.0,0.2868,17735.0
1753617315005,11:55:15.005,okx,1INCH/USDT:USDT,0.2866,858.0,0.2865,7121.0,0.2867,1529.0,0.2868,17735.0
1753617315205,11:55:15.205,okx,1INCH/USDT:USDT,0.2866,858.0,0.2865,8030.0,0.2867,1529.0,0.2868,17735.0
1753617315505,11:55:15.505,okx,1INCH/USDT:USDT,0.2866,238.0,0.2865,7121.0,0.2867,4310.0,0.2868,20266.0
1753617315605,11:55:15.605,okx,1INCH/USDT:USDT,0.2866,238.0,0.2865,6780.0,0.2867,4310.0,0.2868,20266.0
1753617315805,11:55:15.805,okx,1INCH/USDT:USDT,0.2866,238.0,0.2865,6780.0,0.2867,4310.0,0.2868,20266.0
1753617316105,11:55:16.105,okx,1INCH/USDT:USDT,0.2866,238.0,0.2865,6780.0,0.2867,4310.0,0.2868,20266.0
1753617316605,11:55:16.605,okx,1INCH/USDT:USDT,0.2866,238.0,0.2865,5780.0,0.2867,5219.0,0.2868,20266.0
1753617316805,11:55:16.805,okx,1INCH/USDT:USDT,0.2866,238.0,0.2865,5780.0,0.2867,5219.0,0.2868,18833.0
1753617317105,11:55:17.105,okx,1INCH/USDT:USDT,0.2866,238.0,0.2865,5780.0,0.2867,5219.0,0.2868,18833.0
1753617317805,11:55:17.805,okx,1INCH/USDT:USDT,0.2866,518.0,0.2865,5780.0,0.2867,5219.0,0.2868,18833.0
1753617318205,11:55:18.205,okx,1INCH/USDT:USDT,0.2866,518.0,0.2865,5780.0,0.2867,5219.0,0.2868,18833.0
1753617319205,11:55:19.205,okx,1INCH/USDT:USDT,0.2866,518.0,0.2865,5780.0,0.2867,5219.0,0.2868,18833.0
1753617319405,11:55:19.405,okx,1INCH/USDT:USDT,0.2866,518.0,0.2865,5780.0,0.2867,5219.0,0.2868,18833.0
1753617320005,11:55:20.005,okx,1INCH/USDT:USDT,0.2866,507.0,0.2865,2176.0,0.2867,5224.0,0.2868,19181.0
1753617320305,11:55:20.305,okx,1INCH/USDT:USDT,0.2866,364.0,0.2865,4586.0,0.2867,6272.0,0.2868,19967.0
1753617320505,11:55:20.505,okx,1INCH/USDT:USDT,0.2866,364.0,0.2865,5530.0,0.2867,10760.0,0.2868,19967.0
1753617320605,11:55:20.605,okx,1INCH/USDT:USDT,0.2865,1524.0,0.2864,7689.0,0.2866,3066.0,0.2867,17753.0
1753617320805,11:55:20.805,okx,1INCH/USDT:USDT,0.2864,2613.0,0.2863,10903.0,0.2866,3507.0,0.2867,21737.0
1753617321105,11:55:21.105,okx,1INCH/USDT:USDT,0.2864,2648.0,0.2863,11812.0,0.2866,2596.0,0.2867,21702.0
1753617321205,11:55:21.205,okx,1INCH/USDT:USDT,0.2864,2648.0,0.2863,11812.0,0.2866,2596.0,0.2867,21702.0
1753617321305,11:55:21.305,okx,1INCH/USDT:USDT,0.2864,402.0,0.2863,11268.0,0.2865,2477.0,0.2866,8723.0
1753617321605,11:55:21.605,okx,1INCH/USDT:USDT,0.2864,2450.0,0.2863,11268.0,0.2865,2477.0,0.2866,10057.0
1753617322205,11:55:22.205,okx,1INCH/USDT:USDT,0.2864,1948.0,0.2863,11268.0,0.2865,2477.0,0.2866,10625.0
1753617323305,11:55:23.305,okx,1INCH/USDT:USDT,0.2864,366.0,0.2863,10289.0,0.2865,2529.0,0.2866,10065.0
1753617323705,11:55:23.705,okx,1INCH/USDT:USDT,0.2864,657.0,0.2863,10289.0,0.2865,2532.0,0.2866,10065.0
1753617324405,11:55:24.405,okx,1INCH/USDT:USDT,0.2865,525.0,0.2864,6510.0,0.2866,1314.0,0.2867,14218.0
1753617324605,11:55:24.605,okx,1INCH/USDT:USDT,0.2865,527.0,0.2864,6514.0,0.2866,1314.0,0.2867,15127.0
1753617324705,11:55:24.705,okx,1INCH/USDT:USDT,0.2865,1718.0,0.2864,6514.0,0.2866,874.0,0.2867,14218.0
1753617324805,11:55:24.805,okx,1INCH/USDT:USDT,0.2865,527.0,0.2864,6514.0,0.2866,1312.0,0.2867,15127.0
1753617325005,11:55:25.005,okx,1INCH/USDT:USDT,0.2865,1437.0,0.2864,6514.0,0.2866,874.0,0.2867,14218.0
1753617325305,11:55:25.305,okx,1INCH/USDT:USDT,0.2865,1.0,0.2864,3374.0,0.2866,2785.0,0.2867,15468.0
1753617325405,11:55:25.405,okx,1INCH/USDT:USDT,0.2864,2332.0,0.2863,10983.0,0.2866,2785.0,0.2867,15127.0
1753617326105,11:55:26.105,okx,1INCH/USDT:USDT,0.2864,2708.0,0.2863,10983.0,0.2866,2887.0,0.2867,14114.0
1753617326305,11:55:26.305,okx,1INCH/USDT:USDT,0.2864,2367.0,0.2863,10983.0,0.2866,3796.0,0.2867,14114.0
1753617326405,11:55:26.405,okx,1INCH/USDT:USDT,0.2864,2367.0,0.2863,10635.0,0.2866,3796.0,0.2867,14114.0
1753617326705,11:55:26.705,okx,1INCH/USDT:USDT,0.2864,2367.0,0.2863,10287.0,0.2866,3796.0,0.2867,14114.0
1753617326905,11:55:26.905,okx,1INCH/USDT:USDT,0.2864,2367.0,0.2863,10287.0,0.2866,3796.0,0.2867,14114.0
1753617327005,11:55:27.005,okx,1INCH/USDT:USDT,0.2864,2367.0,0.2863,9378.0,0.2866,3796.0,0.2867,14114.0
1753617327305,11:55:27.305,okx,1INCH/USDT:USDT,0.2864,2350.0,0.2863,10287.0,0.2866,2887.0,0.2867,14463.0
1753617329805,11:55:29.805,okx,1INCH/USDT:USDT,0.2864,2350.0,0.2863,10287.0,0.2866,2931.0,0.2867,14463.0
1753617329905,11:55:29.905,okx,1INCH/USDT:USDT,0.2864,2350.0,0.2863,10287.0,0.2866,2931.0,0.2867,14463.0
1753617330705,11:55:30.705,okx,1INCH/USDT:USDT,0.2864,2350.0,0.2863,10287.0,0.2866,3929.0,0.2867,14463.0
1753617331205,11:55:31.205,okx,1INCH/USDT:USDT,0.2864,59.0,0.2863,9371.0,0.2865,2644.0,0.2866,17169.0
1753617331405,11:55:31.405,okx,1INCH/USDT:USDT,0.2864,59.0,0.2863,9371.0,0.2865,2644.0,0.2866,17169.0
1753617332105,11:55:32.105,okx,1INCH/USDT:USDT,0.2864,530.0,0.2863,9016.0,0.2865,2461.0,0.2866,15919.0
1753617335205,11:55:35.205,okx,1INCH/USDT:USDT,0.2864,1779.0,0.2863,9016.0,0.2865,4575.0,0.2866,15919.0
1753617335705,11:55:35.705,okx,1INCH/USDT:USDT,0.2864,869.0,0.2863,9016.0,0.2865,4575.0,0.2866,15919.0
1753617336305,11:55:36.305,okx,1INCH/USDT:USDT,0.2864,528.0,0.2863,7766.0,0.2865,4575.0,0.2866,16828.0
1753617337105,11:55:37.105,okx,1INCH/USDT:USDT,0.2864,520.0,0.2863,8675.0,0.2865,4575.0,0.2866,16828.0
1753617337305,11:55:37.305,okx,1INCH/USDT:USDT,0.2864,520.0,0.2863,7766.0,0.2865,4575.0,0.2866,17177.0
1753617338205,11:55:38.205,okx,1INCH/USDT:USDT,0.2864,861.0,0.2863,8675.0,0.2865,4575.0,0.2866,16268.0
1753617339005,11:55:39.005,okx,1INCH/USDT:USDT,0.2864,1555.0,0.2863,8675.0,0.2865,4612.0,0.2866,16268.0
1753617340905,11:55:40.905,okx,1INCH/USDT:USDT,0.2864,41.0,0.2863,7766.0,0.2865,4575.0,0.2866,17177.0
1753617342505,11:55:42.505,okx,1INCH/USDT:USDT,0.2864,314.0,0.2863,7766.0,0.2865,4575.0,0.2866,17506.0
1753617342705,11:55:42.705,okx,1INCH/USDT:USDT,0.2864,41.0,0.2863,7766.0,0.2865,5825.0,0.2866,17506.0
1753617343005,11:55:43.005,okx,1INCH/USDT:USDT,0.2864,41.0,0.2863,7766.0,0.2865,4916.0,0.2866,17506.0
1753617343505,11:55:43.505,okx,1INCH/USDT:USDT,0.2864,326.0,0.2863,7766.0,0.2865,4941.0,0.2866,17506.0
1753617344005,11:55:44.005,okx,1INCH/USDT:USDT,0.2864,41.0,0.2863,7766.0,0.2865,4941.0,0.2866,17506.0
1753617344705,11:55:44.705,okx,1INCH/USDT:USDT,0.2864,335.0,0.2863,7766.0,0.2865,3582.0,0.2866,17506.0
1753617344805,11:55:44.805,okx,1INCH/USDT:USDT,0.2864,851.0,0.2863,8675.0,0.2865,3582.0,0.2866,14372.0
1753617344905,11:55:44.905,okx,1INCH/USDT:USDT,0.2864,850.0,0.2863,8675.0,0.2865,2660.0,0.2866,14372.0
1753617345605,11:55:45.605,okx,1INCH/USDT:USDT,0.2864,335.0,0.2863,8675.0,0.2865,2800.0,0.2866,17697.0
1753617347805,11:55:47.805,okx,1INCH/USDT:USDT,0.2865,2661.0,0.2864,8606.0,0.2866,419.0,0.2867,13195.0
1753617348105,11:55:48.105,okx,1INCH/USDT:USDT,0.2865,1212.0,0.2864,8611.0,0.2866,1982.0,0.2867,13195.0
1753617349905,11:55:49.905,okx,1INCH/USDT:USDT,0.2864,4265.0,0.2863,7577.0,0.2866,2510.0,0.2867,14452.0
1753617350305,11:55:50.305,okx,1INCH/USDT:USDT,0.2864,5009.0,0.2863,9753.0,0.2866,1986.0,0.2867,13543.0
1753617350505,11:55:50.505,okx,1INCH/USDT:USDT,0.2864,5009.0,0.2863,9753.0,0.2866,1986.0,0.2867,13884.0
1753617350605,11:55:50.605,okx,1INCH/USDT:USDT,0.2864,3758.0,0.2863,9230.0,0.2866,2162.0,0.2867,14994.0
1753617351005,11:55:51.005,okx,1INCH/USDT:USDT,0.2864,3758.0,0.2863,8054.0,0.2866,2162.0,0.2867,15335.0
1753617352205,11:55:52.205,okx,1INCH/USDT:USDT,0.2864,4813.0,0.2863,7494.0,0.2866,1144.0,0.2867,13884.0
1753617352405,11:55:52.405,okx,1INCH/USDT:USDT,0.2865,1.0,0.2864,4869.0,0.2866,1477.0,0.2867,13884.0
1753617352505,11:55:52.505,okx,1INCH/USDT:USDT,0.2865,307.0,0.2864,4869.0,0.2866,1477.0,0.2867,13884.0
1753617353105,11:55:53.105,okx,1INCH/USDT:USDT,0.2864,5008.0,0.2863,9530.0,0.2866,1986.0,0.2867,13884.0
1753617353405,11:55:53.405,okx,1INCH/USDT:USDT,0.2864,4148.0,0.2863,9530.0,0.2866,2122.0,0.2867,13543.0
1753617353605,11:55:53.605,okx,1INCH/USDT:USDT,0.2864,2690.0,0.2863,9871.0,0.2865,143.0,0.2866,8979.0
1753617353705,11:55:53.705,okx,1INCH/USDT:USDT,0.2864,2690.0,0.2863,10392.0,0.2865,143.0,0.2866,9532.0
1753617353905,11:55:53.905,okx,1INCH/USDT:USDT,0.2864,1971.0,0.2863,10392.0,0.2865,143.0,0.2866,9532.0
1753617354205,11:55:54.205,okx,1INCH/USDT:USDT,0.2864,1971.0,0.2863,10392.0,0.2865,143.0,0.2866,9532.0
1753617354505,11:55:54.505,okx,1INCH/USDT:USDT,0.2865,445.0,0.2864,4533.0,0.2866,1402.0,0.2867,13195.0
1753617355605,11:55:55.605,okx,1INCH/USDT:USDT,0.2865,178.0,0.2864,5668.0,0.2866,1938.0,0.2867,14793.0
1753617355705,11:55:55.705,okx,1INCH/USDT:USDT,0.2865,178.0,0.2864,4538.0,0.2866,1938.0,0.2867,14793.0
1753617355805,11:55:55.805,okx,1INCH/USDT:USDT,0.2865,688.0,0.2864,4538.0,0.2866,1938.0,0.2867,14793.0
1753617356905,11:55:56.905,okx,1INCH/USDT:USDT,0.2864,4327.0,0.2863,8793.0,0.2866,1603.0,0.2867,14793.0
1753617357005,11:55:57.005,okx,1INCH/USDT:USDT,0.2864,4327.0,0.2863,8793.0,0.2866,1603.0,0.2867,14793.0
1753617357105,11:55:57.105,okx,1INCH/USDT:USDT,0.2864,4362.0,0.2863,8793.0,0.2866,1603.0,0.2867,14452.0
1753617357205,11:55:57.205,okx,1INCH/USDT:USDT,0.2864,4362.0,0.2863,11157.0,0.2866,1603.0,0.2867,14793.0
1753617357605,11:55:57.605,okx,1INCH/USDT:USDT,0.2864,3453.0,0.2863,12066.0,0.2866,2588.0,0.2867,14452.0
1753617357905,11:55:57.905,okx,1INCH/USDT:USDT,0.2865,469.0,0.2864,4362.0,0.2866,1603.0,0.2867,13543.0
1753617358205,11:55:58.205,okx,1INCH/USDT:USDT,0.2865,469.0,0.2864,4327.0,0.2866,1611.0,0.2867,13884.0
1753617358905,11:55:58.905,okx,1INCH/USDT:USDT,0.2864,4327.0,0.2863,11157.0,0.2866,1611.0,0.2867,14793.0
1753617359405,11:55:59.405,okx,1INCH/USDT:USDT,0.2864,5012.0,0.2863,12066.0,0.2866,2596.0,0.2867,14793.0
1753617359805,11:55:59.805,okx,1INCH/USDT:USDT,0.2864,5012.0,0.2863,12066.0,0.2866,2596.0,0.2867,14793.0
1753617360005,11:56:00.005,okx,1INCH/USDT:USDT,0.2864,5012.0,0.2863,12066.0,0.2866,1611.0,0.2867,13543.0
1753617361205,11:56:01.205,okx,1INCH/USDT:USDT,0.2866,167.0,0.2865,8557.0,0.2867,1848.0,0.2868,19597.0
1753617361805,11:56:01.805,okx,1INCH/USDT:USDT,0.2866,651.0,0.2865,9807.0,0.2867,1652.0,0.2868,18688.0
1753617362505,11:56:02.505,okx,1INCH/USDT:USDT,0.2866,690.0,0.2865,9807.0,0.2867,1652.0,0.2868,18688.0
1753617363005,11:56:03.005,okx,1INCH/USDT:USDT,0.2866,667.0,0.2865,9807.0,0.2867,1110.0,0.2868,19597.0
1753617363105,11:56:03.105,okx,1INCH/USDT:USDT,0.2866,667.0,0.2865,9807.0,0.2867,1650.0,0.2868,19597.0
1753617363305,11:56:03.305,okx,1INCH/USDT:USDT,0.2866,664.0,0.2865,9807.0,0.2867,1652.0,0.2868,19597.0
1753617363605,11:56:03.605,okx,1INCH/USDT:USDT,0.2866,166.0,0.2865,9807.0,0.2867,2488.0,0.2868,19597.0
1753617366405,11:56:06.405,okx,1INCH/USDT:USDT,0.2866,167.0,0.2865,9466.0,0.2867,2666.0,0.2868,19597.0
1753617367805,11:56:07.805,okx,1INCH/USDT:USDT,0.2866,661.0,0.2865,9107.0,0.2867,2667.0,0.2868,19597.0
1753617367905,11:56:07.905,okx,1INCH/USDT:USDT,0.2866,167.0,0.2865,8198.0,0.2867,3008.0,0.2868,19597.0
1753617368105,11:56:08.105,okx,1INCH/USDT:USDT,0.2866,167.0,0.2865,8198.0,0.2867,3008.0,0.2868,19597.0
1753617368405,11:56:08.405,okx,1INCH/USDT:USDT,0.2866,171.0,0.2865,8198.0,0.2867,3008.0,0.2868,19597.0
1753617368805,11:56:08.805,okx,1INCH/USDT:USDT,0.2866,652.0,0.2865,9107.0,0.2867,2667.0,0.2868,19597.0
1753617369205,11:56:09.205,okx,1INCH/USDT:USDT,0.2866,652.0,0.2865,9107.0,0.2867,2667.0,0.2868,19597.0
1753617370505,11:56:10.505,okx,1INCH/USDT:USDT,0.2866,829.0,0.2865,9448.0,0.2867,1515.0,0.2868,12981.0
1753617372205,11:56:12.205,okx,1INCH/USDT:USDT,0.2866,829.0,0.2865,9448.0,0.2867,1739.0,0.2868,13890.0
1753617372705,11:56:12.705,okx,1INCH/USDT:USDT,0.2866,829.0,0.2865,9448.0,0.2867,1739.0,0.2868,13890.0
1753617381605,11:56:21.605,okx,1INCH/USDT:USDT,0.2866,171.0,0.2865,8539.0,0.2867,3022.0,0.2868,13890.0
1753617382105,11:56:22.105,okx,1INCH/USDT:USDT,0.2866,171.0,0.2865,8198.0,0.2867,3897.0,0.2868,13890.0
1753617382605,11:56:22.605,okx,1INCH/USDT:USDT,0.2866,171.0,0.2865,8198.0,0.2867,3897.0,0.2868,13890.0
1753617383005,11:56:23.005,okx,1INCH/USDT:USDT,0.2866,667.0,0.2865,9107.0,0.2867,2635.0,0.2868,13890.0
1753617384505,11:56:24.505,okx,1INCH/USDT:USDT,0.2866,684.0,0.2865,9107.0,0.2867,2796.0,0.2868,14238.0
1753617386105,11:56:26.105,okx,1INCH/USDT:USDT,0.2866,684.0,0.2865,8198.0,0.2867,3720.0,0.2868,14238.0
1753617386705,11:56:26.705,okx,1INCH/USDT:USDT,0.2866,684.0,0.2865,6353.0,0.2867,5751.0,0.2868,14238.0
1753617387705,11:56:27.705,okx,1INCH/USDT:USDT,0.2866,684.0,0.2865,6353.0,0.2867,6660.0,0.2868,14238.0
1753617388305,11:56:28.305,okx,1INCH/USDT:USDT,0.2866,684.0,0.2865,6353.0,0.2867,5751.0,0.2868,14238.0
1753617389205,11:56:29.205,okx,1INCH/USDT:USDT,0.2866,1226.0,0.2865,6353.0,0.2867,6658.0,0.2868,14238.0
1753617389705,11:56:29.705,okx,1INCH/USDT:USDT,0.2866,684.0,0.2865,6353.0,0.2867,6658.0,0.2868,14238.0
1753617390505,11:56:30.505,okx,1INCH/USDT:USDT,0.2866,684.0,0.2865,6170.0,0.2867,6691.0,0.2868,14238.0
1753617390805,11:56:30.805,okx,1INCH/USDT:USDT,0.2864,2054.0,0.2863,8015.0,0.2866,4763.0,0.2867,13611.0
1753617391005,11:56:31.005,okx,1INCH/USDT:USDT,0.2864,2054.0,0.2863,8015.0,0.2866,4763.0,0.2867,13611.0
1753617391405,11:56:31.405,okx,1INCH/USDT:USDT,0.2864,1351.0,0.2863,8015.0,0.2865,1421.0,0.2866,14100.0
1753617393505,11:56:33.505,okx,1INCH/USDT:USDT,0.2864,533.0,0.2863,6906.0,0.2865,2671.0,0.2866,15795.0
1753617393805,11:56:33.805,okx,1INCH/USDT:USDT,0.2864,57.0,0.2863,6906.0,0.2865,3207.0,0.2866,16667.0
1753617393905,11:56:33.905,okx,1INCH/USDT:USDT,0.2864,57.0,0.2863,6906.0,0.2865,3207.0,0.2866,17475.0
1753617394005,11:56:34.005,okx,1INCH/USDT:USDT,0.2864,57.0,0.2863,6906.0,0.2865,4419.0,0.2866,16263.0
1753617394105,11:56:34.105,okx,1INCH/USDT:USDT,0.2864,57.0,0.2863,6906.0,0.2865,4419.0,0.2866,16263.0
1753617394505,11:56:34.505,okx,1INCH/USDT:USDT,0.2864,57.0,0.2863,6906.0,0.2865,4419.0,0.2866,16263.0
1753617395405,11:56:35.405,okx,1INCH/USDT:USDT,0.2864,57.0,0.2863,6722.0,0.2865,5419.0,0.2866,17265.0
1753617396105,11:56:36.105,okx,1INCH/USDT:USDT,0.2864,57.0,0.2863,6722.0,0.2865,5420.0,0.2866,17265.0
1753617396805,11:56:36.805,okx,1INCH/USDT:USDT,0.2864,525.0,0.2863,6722.0,0.2865,4884.0,0.2866,17265.0
1753617397105,11:56:37.105,okx,1INCH/USDT:USDT,0.2864,525.0,0.2863,6722.0,0.2865,4884.0,0.2866,17265.0
1753617397405,11:56:37.405,okx,1INCH/USDT:USDT,0.2864,525.0,0.2863,6904.0,0.2865,4541.0,0.2866,14421.0
1753617397505,11:56:37.505,okx,1INCH/USDT:USDT,0.2864,57.0,0.2863,6904.0,0.2865,4882.0,0.2866,14421.0
1753617398305,11:56:38.305,okx,1INCH/USDT:USDT,0.2864,552.0,0.2863,6904.0,0.2865,3634.0,0.2866,17319.0
1753617398805,11:56:38.805,okx,1INCH/USDT:USDT,0.2864,57.0,0.2863,6904.0,0.2865,4884.0,0.2866,17319.0
1753617399705,11:56:39.705,okx,1INCH/USDT:USDT,0.2864,57.0,0.2863,6904.0,0.2865,5873.0,0.2866,17319.0
1753617400605,11:56:40.605,okx,1INCH/USDT:USDT,0.2863,935.0,0.2862,9861.0,0.2864,1528.0,0.2865,6103.0
1753617401605,11:56:41.605,okx,1INCH/USDT:USDT,0.2863,940.0,0.2862,9861.0,0.2864,1528.0,0.2865,6977.0
1753617401905,11:56:41.905,okx,1INCH/USDT:USDT,0.2863,940.0,0.2862,9861.0,0.2864,1528.0,0.2865,6068.0
1753617402105,11:56:42.105,okx,1INCH/USDT:USDT,0.2863,4029.0,0.2862,9861.0,0.2865,2990.0,0.2866,16055.0
1753617402205,11:56:42.205,okx,1INCH/USDT:USDT,0.2863,4029.0,0.2862,9861.0,0.2865,3496.0,0.2866,16964.0
1753617402305,11:56:42.305,okx,1INCH/USDT:USDT,0.2863,4029.0,0.2862,9861.0,0.2865,4636.0,0.2866,16964.0
1753617402405,11:56:42.405,okx,1INCH/USDT:USDT,0.2863,2779.0,0.2862,9861.0,0.2865,5220.0,0.2866,16964.0
1753617403105,11:56:43.105,okx,1INCH/USDT:USDT,0.2863,2779.0,0.2862,9861.0,0.2865,5255.0,0.2866,16964.0
1753617403305,11:56:43.305,okx,1INCH/USDT:USDT,0.2863,1660.0,0.2862,9861.0,0.2864,1073.0,0.2865,6123.0
1753617407205,11:56:47.205,okx,1INCH/USDT:USDT,0.2863,940.0,0.2862,9861.0,0.2864,1073.0,0.2865,6897.0
1753617408305,11:56:48.305,okx,1INCH/USDT:USDT,0.2863,940.0,0.2862,9861.0,0.2864,1072.0,0.2865,6897.0
1753617409705,11:56:49.705,okx,1INCH/USDT:USDT,0.2863,944.0,0.2862,9861.0,0.2864,1072.0,0.2865,6897.0
1753617411305,11:56:51.305,okx,1INCH/USDT:USDT,0.2863,944.0,0.2862,9861.0,0.2864,1072.0,0.2865,6897.0
1753617412005,11:56:52.005,okx,1INCH/USDT:USDT,0.2863,944.0,0.2862,9861.0,0.2864,1072.0,0.2865,8625.0
1753617415905,11:56:55.905,okx,1INCH/USDT:USDT,0.2863,732.0,0.2862,8952.0,0.2864,2762.0,0.2865,11318.0
1753617416205,11:56:56.205,okx,1INCH/USDT:USDT,0.2863,732.0,0.2862,9861.0,0.2864,1853.0,0.2865,11318.0
1753617416905,11:56:56.905,okx,1INCH/USDT:USDT,0.2863,732.0,0.2862,9861.0,0.2864,1853.0,0.2865,11318.0
1753617417105,11:56:57.105,okx,1INCH/USDT:USDT,0.2863,732.0,0.2862,9861.0,0.2864,1853.0,0.2865,11318.0
1753617417905,11:56:57.905,okx,1INCH/USDT:USDT,0.2863,732.0,0.2862,9861.0,0.2864,1853.0,0.2865,11318.0
1753617418205,11:56:58.205,okx,1INCH/USDT:USDT,0.2863,732.0,0.2862,9861.0,0.2864,1673.0,0.2865,11318.0
1753617418305,11:56:58.305,okx,1INCH/USDT:USDT,0.2863,732.0,0.2862,9861.0,0.2864,1671.0,0.2865,10409.0
1753617418705,11:56:58.705,okx,1INCH/USDT:USDT,0.2863,732.0,0.2862,9861.0,0.2864,1671.0,0.2865,11318.0
1753617419305,11:56:59.305,okx,1INCH/USDT:USDT,0.2863,732.0,0.2862,9861.0,0.2864,2453.0,0.2865,11667.0
1753617419705,11:56:59.705,okx,1INCH/USDT:USDT,0.2863,732.0,0.2862,9861.0,0.2864,2453.0,0.2865,11667.0
1753617420105,11:57:00.105,okx,1INCH/USDT:USDT,0.2863,732.0,0.2862,10210.0,0.2864,2027.0,0.2865,11667.0
1753617420905,11:57:00.905,okx,1INCH/USDT:USDT,0.2863,726.0,0.2862,9861.0,0.2864,2027.0,0.2865,11722.0
1753617422305,11:57:02.305,okx,1INCH/USDT:USDT,0.2863,2156.0,0.2862,9861.0,0.2864,2260.0,0.2865,10813.0
1753617423705,11:57:03.705,okx,1INCH/USDT:USDT,0.2863,1247.0,0.2862,9861.0,0.2864,1672.0,0.2865,9085.0
1753617424205,11:57:04.205,okx,1INCH/USDT:USDT,0.2863,1245.0,0.2862,9861.0,0.2864,1676.0,0.2865,9085.0
1753617426005,11:57:06.005,okx,1INCH/USDT:USDT,0.2863,2156.0,0.2862,9861.0,0.2864,1676.0,0.2865,9085.0
1753617428505,11:57:08.505,okx,1INCH/USDT:USDT,0.2863,951.0,0.2862,9861.0,0.2864,1676.0,0.2865,11722.0
1753617428605,11:57:08.605,okx,1INCH/USDT:USDT,0.2863,951.0,0.2862,9861.0,0.2864,1676.0,0.2865,11722.0
1753617429305,11:57:09.305,okx,1INCH/USDT:USDT,0.2863,951.0,0.2862,9861.0,0.2864,1676.0,0.2865,11722.0
1753617431005,11:57:11.005,okx,1INCH/USDT:USDT,0.2863,943.0,0.2862,9861.0,0.2864,1689.0,0.2865,12253.0
1753617431205,11:57:11.205,okx,1INCH/USDT:USDT,0.2863,943.0,0.2862,9861.0,0.2864,1689.0,0.2865,12253.0
1753617435305,11:57:15.305,okx,1INCH/USDT:USDT,0.2863,182.0,0.2862,12829.0,0.2864,2256.0,0.2865,12253.0
1753617435505,11:57:15.505,okx,1INCH/USDT:USDT,0.2863,1025.0,0.2862,12829.0,0.2864,1722.0,0.2865,11344.0
1753617435805,11:57:15.805,okx,1INCH/USDT:USDT,0.2862,4197.0,0.2861,23294.0,0.2864,3343.0,0.2865,11344.0
1753617436705,11:57:16.705,okx,1INCH/USDT:USDT,0.2862,3296.0,0.2861,14416.0,0.2864,3572.0,0.2865,11113.0
1753617437905,11:57:17.905,okx,1INCH/USDT:USDT,0.2862,3602.0,0.2861,15325.0,0.2864,3572.0,0.2865,11113.0
1753617439105,11:57:19.105,okx,1INCH/USDT:USDT,0.2863,1429.0,0.2862,10909.0,0.2864,2258.0,0.2865,7162.0
1753617439205,11:57:19.205,okx,1INCH/USDT:USDT,0.2863,1429.0,0.2862,10021.0,0.2864,1722.0,0.2865,7162.0
1753617439505,11:57:19.505,okx,1INCH/USDT:USDT,0.2863,519.0,0.2862,10021.0,0.2864,2258.0,0.2865,10822.0
1753617440505,11:57:20.505,okx,1INCH/USDT:USDT,0.2863,1002.0,0.2862,10021.0,0.2864,1724.0,0.2865,10254.0
1753617440605,11:57:20.605,okx,1INCH/USDT:USDT,0.2863,1002.0,0.2862,10021.0,0.2864,1724.0,0.2865,10254.0
1753617441305,11:57:21.305,okx,1INCH/USDT:USDT,0.2863,1911.0,0.2862,10021.0,0.2864,1711.0,0.2865,9913.0
1753617442205,11:57:22.205,okx,1INCH/USDT:USDT,0.2864,1789.0,0.2863,9514.0,0.2865,69.0,0.2866,12258.0
1753617445205,11:57:25.205,okx,1INCH/USDT:USDT,0.2864,639.0,0.2863,8319.0,0.2865,1597.0,0.2866,11285.0
1753617445605,11:57:25.605,okx,1INCH/USDT:USDT,0.2864,2.0,0.2863,7410.0,0.2865,1615.0,0.2866,11626.0
1753617445705,11:57:25.705,okx,1INCH/USDT:USDT,0.2863,2632.0,0.2862,9643.0,0.2865,2135.0,0.2866,11626.0
1753617446105,11:57:26.105,okx,1INCH/USDT:USDT,0.2863,2667.0,0.2862,9643.0,0.2865,4044.0,0.2866,12626.0
1753617447105,11:57:27.105,okx,1INCH/USDT:USDT,0.2863,2632.0,0.2862,9643.0,0.2865,4051.0,0.2866,12626.0
1753617447405,11:57:27.405,okx,1INCH/USDT:USDT,0.2863,696.0,0.2862,10544.0,0.2864,1552.0,0.2865,8117.0
1753617449305,11:57:29.305,okx,1INCH/USDT:USDT,0.2863,696.0,0.2862,10544.0,0.2864,1552.0,0.2865,8117.0
1753617449805,11:57:29.805,okx,1INCH/USDT:USDT,0.2863,696.0,0.2862,10544.0,0.2864,1552.0,0.2865,8117.0
1753617451805,11:57:31.805,okx,1INCH/USDT:USDT,0.2863,696.0,0.2862,10544.0,0.2864,1552.0,0.2865,8117.0
1753617452805,11:57:32.805,okx,1INCH/USDT:USDT,0.2863,696.0,0.2862,10544.0,0.2864,1585.0,0.2865,8103.0
1753617457005,11:57:37.005,okx,1INCH/USDT:USDT,0.2863,532.0,0.2862,10203.0,0.2864,2104.0,0.2865,11837.0
1753617457105,11:57:37.105,okx,1INCH/USDT:USDT,0.2863,532.0,0.2862,10203.0,0.2864,2104.0,0.2865,11837.0
1753617457805,11:57:37.805,okx,1INCH/USDT:USDT,0.2863,40.0,0.2862,8771.0,0.2864,3013.0,0.2865,12178.0
1753617460905,11:57:40.905,okx,1INCH/USDT:USDT,0.2863,683.0,0.2862,9680.0,0.2864,1052.0,0.2865,9489.0
1753617462005,11:57:42.005,okx,1INCH/USDT:USDT,0.2863,2625.0,0.2862,9680.0,0.2864,35.0,0.2865,4987.0
1753617462405,11:57:42.405,okx,1INCH/USDT:USDT,0.2864,179.0,0.2863,9762.0,0.2865,1661.0,0.2866,10838.0
1753617462505,11:57:42.505,okx,1INCH/USDT:USDT,0.2864,179.0,0.2863,9763.0,0.2865,1661.0,0.2866,13817.0
1753617462605,11:57:42.605,okx,1INCH/USDT:USDT,0.2864,181.0,0.2863,9763.0,0.2865,1661.0,0.2866,13817.0
1753617464205,11:57:44.205,okx,1INCH/USDT:USDT,0.2863,268.0,0.2862,10370.0,0.2864,2065.0,0.2865,7153.0
1753617464305,11:57:44.305,okx,1INCH/USDT:USDT,0.2863,741.0,0.2862,10021.0,0.2864,1529.0,0.2865,8881.0
1753617464505,11:57:44.505,okx,1INCH/USDT:USDT,0.2863,741.0,0.2862,10021.0,0.2864,1529.0,0.2865,8881.0
1753617464605,11:57:44.605,okx,1INCH/USDT:USDT,0.2863,741.0,0.2862,10021.0,0.2864,1529.0,0.2865,8881.0
1753617464805,11:57:44.805,okx,1INCH/USDT:USDT,0.2863,741.0,0.2862,10021.0,0.2864,1529.0,0.2865,8881.0
1753617465505,11:57:45.505,okx,1INCH/USDT:USDT,0.2863,1650.0,0.2862,10021.0,0.2864,3.0,0.2865,5903.0
1753617465605,11:57:45.605,okx,1INCH/USDT:USDT,0.2863,3927.0,0.2862,9680.0,0.2865,4042.0,0.2866,14736.0
1753617465805,11:57:45.805,okx,1INCH/USDT:USDT,0.2863,6524.0,0.2862,10029.0,0.2865,1664.0,0.2866,14168.0
1753617466705,11:57:46.705,okx,1INCH/USDT:USDT,0.2863,5743.0,0.2862,10552.0,0.2865,1664.0,0.2866,14736.0
1753617467905,11:57:47.905,okx,1INCH/USDT:USDT,0.2863,4706.0,0.2862,10552.0,0.2865,1856.0,0.2866,14736.0
1753617468205,11:57:48.205,okx,1INCH/USDT:USDT,0.2863,5743.0,0.2862,10552.0,0.2865,1856.0,0.2866,13827.0
1753617468305,11:57:48.305,okx,1INCH/USDT:USDT,0.2863,5743.0,0.2862,10552.0,0.2865,1856.0,0.2866,13827.0
1753617468605,11:57:48.605,okx,1INCH/USDT:USDT,0.2863,3588.0,0.2862,10552.0,0.2865,1855.0,0.2866,14736.0
1753617471205,11:57:51.205,okx,1INCH/USDT:USDT,0.2864,1.0,0.2863,3962.0,0.2865,1853.0,0.2866,14736.0
1753617471505,11:57:51.505,okx,1INCH/USDT:USDT,0.2864,1.0,0.2863,3962.0,0.2865,1853.0,0.2866,13827.0
1753617471905,11:57:51.905,okx,1INCH/USDT:USDT,0.2864,1887.0,0.2863,6559.0,0.2865,1711.0,0.2866,12478.0
1753617473305,11:57:53.305,okx,1INCH/USDT:USDT,0.2864,637.0,0.2863,6524.0,0.2865,1755.0,0.2866,13728.0
1753617473505,11:57:53.505,okx,1INCH/USDT:USDT,0.2864,637.0,0.2863,6524.0,0.2865,1755.0,0.2866,13728.0
1753617475205,11:57:55.205,okx,1INCH/USDT:USDT,0.2863,2677.0,0.2862,10552.0,0.2865,3666.0,0.2866,13728.0
1753617475605,11:57:55.605,okx,1INCH/USDT:USDT,0.2863,2677.0,0.2862,10552.0,0.2865,1938.0,0.2866,13728.0
1753617476305,11:57:56.305,okx,1INCH/USDT:USDT,0.2863,706.0,0.2862,10544.0,0.2864,1052.0,0.2865,6308.0
1753617477205,11:57:57.205,okx,1INCH/USDT:USDT,0.2863,706.0,0.2862,10544.0,0.2864,1054.0,0.2865,7217.0
1753617477305,11:57:57.305,okx,1INCH/USDT:USDT,0.2863,706.0,0.2862,10544.0,0.2864,1054.0,0.2865,7217.0
1753617477705,11:57:57.705,okx,1INCH/USDT:USDT,0.2863,1956.0,0.2862,10544.0,0.2864,35.0,0.2865,4110.0
1753617477805,11:57:57.805,okx,1INCH/USDT:USDT,0.2863,1956.0,0.2862,10544.0,0.2864,35.0,0.2865,1910.0
1753617478105,11:57:58.105,okx,1INCH/USDT:USDT,0.2863,1991.0,0.2862,10544.0,0.2864,35.0,0.2865,1910.0
1753617478505,11:57:58.505,okx,1INCH/USDT:USDT,0.2863,1991.0,0.2862,12010.0,0.2864,35.0,0.2865,1910.0
1753617479205,11:57:59.205,okx,1INCH/USDT:USDT,0.2864,652.0,0.2863,7946.0,0.2865,1728.0,0.2866,11540.0
1753617479505,11:57:59.505,okx,1INCH/USDT:USDT,0.2864,652.0,0.2863,7946.0,0.2865,1728.0,0.2866,12449.0
1753617480105,11:58:00.105,okx,1INCH/USDT:USDT,0.2864,679.0,0.2863,7946.0,0.2865,1673.0,0.2866,12449.0
1753617481605,11:58:01.605,okx,1INCH/USDT:USDT,0.2864,679.0,0.2863,7946.0,0.2865,1684.0,0.2866,10617.0
1753617482105,11:58:02.105,okx,1INCH/USDT:USDT,0.2864,679.0,0.2863,7946.0,0.2865,1684.0,0.2866,10617.0
1753617483505,11:58:03.505,okx,1INCH/USDT:USDT,0.2864,679.0,0.2863,7946.0,0.2865,1684.0,0.2866,9708.0
1753617483805,11:58:03.805,okx,1INCH/USDT:USDT,0.2864,679.0,0.2863,7946.0,0.2865,1684.0,0.2866,10617.0
1753617483905,11:58:03.905,okx,1INCH/USDT:USDT,0.2864,679.0,0.2863,7946.0,0.2865,1684.0,0.2866,10617.0
1753617485005,11:58:05.005,okx,1INCH/USDT:USDT,0.2864,679.0,0.2863,7946.0,0.2865,1684.0,0.2866,10617.0
1753617485405,11:58:05.405,okx,1INCH/USDT:USDT,0.2864,679.0,0.2863,7946.0,0.2865,1684.0,0.2866,10617.0
1753617485505,11:58:05.505,okx,1INCH/USDT:USDT,0.2864,679.0,0.2863,7946.0,0.2865,1684.0,0.2866,10617.0
1753617485705,11:58:05.705,okx,1INCH/USDT:USDT,0.2864,679.0,0.2863,7946.0,0.2865,1684.0,0.2866,10617.0
1753617486305,11:58:06.305,okx,1INCH/USDT:USDT,0.2864,679.0,0.2863,7946.0,0.2865,1684.0,0.2866,10617.0
1753617487205,11:58:07.205,okx,1INCH/USDT:USDT,0.2864,679.0,0.2863,7946.0,0.2865,1684.0,0.2866,10617.0
1753617487705,11:58:07.705,okx,1INCH/USDT:USDT,0.2864,679.0,0.2863,7946.0,0.2865,1684.0,0.2866,9708.0
1753617488105,11:58:08.105,okx,1INCH/USDT:USDT,0.2864,1588.0,0.2863,7946.0,0.2865,1684.0,0.2866,9708.0
1753617488605,11:58:08.605,okx,1INCH/USDT:USDT,0.2864,1588.0,0.2863,7946.0,0.2865,1684.0,0.2866,9708.0
1753617488805,11:58:08.805,okx,1INCH/USDT:USDT,0.2864,1929.0,0.2863,7605.0,0.2865,1684.0,0.2866,9708.0
1753617490905,11:58:10.905,okx,1INCH/USDT:USDT,0.2864,679.0,0.2863,7946.0,0.2865,1638.0,0.2866,9208.0
1753617492105,11:58:12.105,okx,1INCH/USDT:USDT,0.2864,1371.0,0.2863,7946.0,0.2865,711.0,0.2866,9208.0
1753617493705,11:58:13.705,okx,1INCH/USDT:USDT,0.2864,1371.0,0.2863,7037.0,0.2865,712.0,0.2866,9208.0
1753617494905,11:58:14.905,okx,1INCH/USDT:USDT,0.2864,1.0,0.2863,6696.0,0.2865,2131.0,0.2866,9549.0
1753617495005,11:58:15.005,okx,1INCH/USDT:USDT,0.2863,3099.0,0.2862,11760.0,0.2865,2131.0,0.2866,12502.0
1753617495105,11:58:15.105,okx,1INCH/USDT:USDT,0.2863,3099.0,0.2862,10294.0,0.2865,3859.0,0.2866,12502.0
1753617496405,11:58:16.405,okx,1INCH/USDT:USDT,0.2864,1.0,0.2863,5692.0,0.2865,1790.0,0.2866,12502.0
1753617499505,11:58:19.505,okx,1INCH/USDT:USDT,0.2864,1.0,0.2863,5692.0,0.2865,2205.0,0.2866,12502.0
1753617500205,11:58:20.205,okx,1INCH/USDT:USDT,0.2864,1.0,0.2863,5692.0,0.2865,2205.0,0.2866,12502.0
1753617501405,11:58:21.405,okx,1INCH/USDT:USDT,0.2863,1344.0,0.2862,7479.0,0.2864,1.0,0.2865,7218.0
1753617501805,11:58:21.805,okx,1INCH/USDT:USDT,0.2863,1346.0,0.2862,7479.0,0.2864,1.0,0.2865,7223.0
1753617502805,11:58:22.805,okx,1INCH/USDT:USDT,0.2863,1.0,0.2862,7849.0,0.2864,1689.0,0.2865,7188.0
1753617502905,11:58:22.905,okx,1INCH/USDT:USDT,0.2863,1.0,0.2862,6849.0,0.2864,2030.0,0.2865,7188.0
1753617503205,11:58:23.205,okx,1INCH/USDT:USDT,0.2863,3.0,0.2862,6849.0,0.2864,2936.0,0.2865,7188.0
1753617503405,11:58:23.405,okx,1INCH/USDT:USDT,0.2862,773.0,0.2861,15849.0,0.2863,1.0,0.2864,13559.0
1753617503505,11:58:23.505,okx,1INCH/USDT:USDT,0.2862,773.0,0.2861,14940.0,0.2863,1520.0,0.2864,13560.0
1753617505005,11:58:25.005,okx,1INCH/USDT:USDT,0.2862,773.0,0.2861,15281.0,0.2863,1564.0,0.2864,13560.0
1753617505305,11:58:25.305,okx,1INCH/USDT:USDT,0.2862,773.0,0.2861,15281.0,0.2863,1593.0,0.2864,13560.0
1753617505905,11:58:25.905,okx,1INCH/USDT:USDT,0.2862,1465.0,0.2861,16190.0,0.2863,609.0,0.2864,7394.0
1753617506605,11:58:26.605,okx,1INCH/USDT:USDT,0.2862,1500.0,0.2861,16190.0,0.2863,611.0,0.2864,7394.0
1753617506705,11:58:26.705,okx,1INCH/USDT:USDT,0.2862,272.0,0.2861,15281.0,0.2863,1629.0,0.2864,8644.0
1753617507105,11:58:27.105,okx,1INCH/USDT:USDT,0.2862,727.0,0.2861,16190.0,0.2863,1629.0,0.2864,8644.0
1753617508305,11:58:28.305,okx,1INCH/USDT:USDT,0.2862,727.0,0.2861,15281.0,0.2863,1629.0,0.2864,8644.0
1753617509405,11:58:29.405,okx,1INCH/USDT:USDT,0.2862,727.0,0.2861,12935.0,0.2863,1585.0,0.2864,8644.0
1753617509705,11:58:29.705,okx,1INCH/USDT:USDT,0.2862,769.0,0.2861,12935.0,0.2863,1585.0,0.2864,7394.0
1753617511305,11:58:31.305,okx,1INCH/USDT:USDT,0.2862,2019.0,0.2861,12935.0,0.2863,1585.0,0.2864,7394.0
1753617512305,11:58:32.305,okx,1INCH/USDT:USDT,0.2863,1435.0,0.2862,10152.0,0.2864,327.0,0.2865,5907.0
1753617512505,11:58:32.505,okx,1INCH/USDT:USDT,0.2863,3320.0,0.2862,11152.0,0.2864,15.0,0.2865,3534.0
1753617513205,11:58:33.205,okx,1INCH/USDT:USDT,0.2863,1185.0,0.2862,11152.0,0.2864,1328.0,0.2865,6633.0
1753617513405,11:58:33.405,okx,1INCH/USDT:USDT,0.2863,1185.0,0.2862,11152.0,0.2864,1328.0,0.2865,6633.0
1753617513505,11:58:33.505,okx,1INCH/USDT:USDT,0.2863,729.0,0.2862,11110.0,0.2864,1328.0,0.2865,6633.0
1753617514005,11:58:34.005,okx,1INCH/USDT:USDT,0.2863,731.0,0.2862,11110.0,0.2864,1303.0,0.2865,6633.0
1753617514305,11:58:34.305,okx,1INCH/USDT:USDT,0.2863,731.0,0.2862,11110.0,0.2864,1303.0,0.2865,6633.0
1753617514705,11:58:34.705,okx,1INCH/USDT:USDT,0.2863,731.0,0.2862,9511.0,0.2864,2508.0,0.2865,6633.0
1753617516305,11:58:36.305,okx,1INCH/USDT:USDT,0.2863,731.0,0.2862,10761.0,0.2864,987.0,0.2865,6633.0
1753617516705,11:58:36.705,okx,1INCH/USDT:USDT,0.2863,549.0,0.2862,10420.0,0.2864,1675.0,0.2865,6633.0
1753617517305,11:58:37.305,okx,1INCH/USDT:USDT,0.2863,559.0,0.2862,10761.0,0.2864,1312.0,0.2865,8361.0
1753617518405,11:58:38.405,okx,1INCH/USDT:USDT,0.2863,1856.0,0.2862,10761.0,0.2864,1.0,0.2865,3534.0
1753617518505,11:58:38.505,okx,1INCH/USDT:USDT,0.2863,2762.0,0.2862,10761.0,0.2864,1.0,0.2865,3534.0
1753617520005,11:58:40.005,okx,1INCH/USDT:USDT,0.2863,1850.0,0.2862,10761.0,0.2864,279.0,0.2865,5722.0
1753617520105,11:58:40.105,okx,1INCH/USDT:USDT,0.2863,1850.0,0.2862,10761.0,0.2864,279.0,0.2865,5722.0
1753617520705,11:58:40.705,okx,1INCH/USDT:USDT,0.2863,2759.0,0.2862,10761.0,0.2864,279.0,0.2865,5381.0
1753617522005,11:58:42.005,okx,1INCH/USDT:USDT,0.2863,817.0,0.2862,10761.0,0.2864,1251.0,0.2865,6631.0
1753617522905,11:58:42.905,okx,1INCH/USDT:USDT,0.2863,817.0,0.2862,9511.0,0.2864,2456.0,0.2865,8359.0
1753617523305,11:58:43.305,okx,1INCH/USDT:USDT,0.2863,852.0,0.2862,10420.0,0.2864,1251.0,0.2865,8359.0
1753617525205,11:58:45.205,okx,1INCH/USDT:USDT,0.2863,2257.0,0.2862,10420.0,0.2864,1254.0,0.2865,8291.0
1753617527405,11:58:47.405,okx,1INCH/USDT:USDT,0.2863,2260.0,0.2862,10769.0,0.2864,976.0,0.2865,7382.0
1753617528905,11:58:48.905,okx,1INCH/USDT:USDT,0.2863,2260.0,0.2862,10769.0,0.2864,4.0,0.2865,6563.0
1753617529005,11:58:49.005,okx,1INCH/USDT:USDT,0.2863,2260.0,0.2862,10769.0,0.2864,4.0,0.2865,6563.0
1753617529305,11:58:49.305,okx,1INCH/USDT:USDT,0.2863,2260.0,0.2862,10769.0,0.2864,280.0,0.2865,6563.0
1753617529805,11:58:49.805,okx,1INCH/USDT:USDT,0.2863,2260.0,0.2862,10769.0,0.2864,280.0,0.2865,6563.0
1753617530505,11:58:50.505,okx,1INCH/USDT:USDT,0.2863,2260.0,0.2862,10769.0,0.2864,304.0,0.2865,6550.0
1753617532005,11:58:52.005,okx,1INCH/USDT:USDT,0.2863,2260.0,0.2862,10769.0,0.2864,304.0,0.2865,6550.0
1753617532205,11:58:52.205,okx,1INCH/USDT:USDT,0.2863,2260.0,0.2862,10769.0,0.2864,304.0,0.2865,6550.0
1753617532605,11:58:52.605,okx,1INCH/USDT:USDT,0.2863,2260.0,0.2862,10769.0,0.2864,322.0,0.2865,6550.0
1753617534005,11:58:54.005,okx,1INCH/USDT:USDT,0.2863,2262.0,0.2862,10769.0,0.2864,322.0,0.2865,6550.0
1753617534405,11:58:54.405,okx,1INCH/USDT:USDT,0.2863,3861.0,0.2862,12331.0,0.2864,30.0,0.2865,3453.0
1753617534505,11:58:54.505,okx,1INCH/USDT:USDT,0.2863,3861.0,0.2862,12331.0,0.2864,30.0,0.2865,3453.0
1753617534805,11:58:54.805,okx,1INCH/USDT:USDT,0.2863,3861.0,0.2862,12331.0,0.2864,30.0,0.2865,3453.0
1753617536105,11:58:56.105,okx,1INCH/USDT:USDT,0.2863,4861.0,0.2862,12331.0,0.2864,30.0,0.2865,3272.0
1753617538105,11:58:58.105,okx,1INCH/USDT:USDT,0.2864,1963.0,0.2863,10503.0,0.2865,162.0,0.2866,8011.0
1753617538505,11:58:58.505,okx,1INCH/USDT:USDT,0.2864,1965.0,0.2863,10503.0,0.2865,447.0,0.2866,8011.0
1753617540005,11:59:00.005,okx,1INCH/USDT:USDT,0.2864,1966.0,0.2863,10503.0,0.2865,436.0,0.2866,8011.0
1753617540405,11:59:00.405,okx,1INCH/USDT:USDT,0.2865,179.0,0.2864,6078.0,0.2866,578.0,0.2867,15495.0
1753617540705,11:59:00.705,okx,1INCH/USDT:USDT,0.2865,179.0,0.2864,6079.0,0.2866,578.0,0.2867,13834.0
1753617540905,11:59:00.905,okx,1INCH/USDT:USDT,0.2865,679.0,0.2864,6083.0,0.2866,239.0,0.2867,11670.0
1753617541305,11:59:01.305,okx,1INCH/USDT:USDT,0.2865,679.0,0.2864,6083.0,0.2866,239.0,0.2867,12206.0
1753617542005,11:59:02.005,okx,1INCH/USDT:USDT,0.2865,1034.0,0.2864,6083.0,0.2866,1445.0,0.2867,11670.0
1753617543305,11:59:03.305,okx,1INCH/USDT:USDT,0.2865,2313.0,0.2864,6083.0,0.2866,235.0,0.2867,10798.0
1753617545005,11:59:05.005,okx,1INCH/USDT:USDT,0.2865,2320.0,0.2864,6083.0,0.2866,1438.0,0.2867,11139.0
1753617546105,11:59:06.105,okx,1INCH/USDT:USDT,0.2865,2334.0,0.2864,6083.0,0.2866,235.0,0.2867,10798.0
1753617546605,11:59:06.605,okx,1INCH/USDT:USDT,0.2865,548.0,0.2864,5174.0,0.2866,1434.0,0.2867,11707.0
1753617547905,11:59:07.905,okx,1INCH/USDT:USDT,0.2865,2333.0,0.2864,6083.0,0.2866,235.0,0.2867,10798.0
1753617549005,11:59:09.005,okx,1INCH/USDT:USDT,0.2865,2333.0,0.2864,6083.0,0.2866,235.0,0.2867,10798.0
1753617549405,11:59:09.405,okx,1INCH/USDT:USDT,0.2865,2333.0,0.2864,6083.0,0.2866,235.0,0.2867,9134.0
1753617550305,11:59:10.305,okx,1INCH/USDT:USDT,0.2866,3657.0,0.2865,10541.0,0.2867,1.0,0.2868,7930.0
1753617551205,11:59:11.205,okx,1INCH/USDT:USDT,0.2866,3657.0,0.2865,10541.0,0.2867,1.0,0.2868,7930.0
1753617551305,11:59:11.305,okx,1INCH/USDT:USDT,0.2866,3657.0,0.2865,10541.0,0.2867,1.0,0.2868,7930.0
1753617551505,11:59:11.505,okx,1INCH/USDT:USDT,0.2866,3894.0,0.2865,10172.0,0.2867,1.0,0.2868,7930.0
1753617551905,11:59:11.905,okx,1INCH/USDT:USDT,0.2866,3894.0,0.2865,10172.0,0.2867,1.0,0.2868,7930.0
1753617553305,11:59:13.305,okx,1INCH/USDT:USDT,0.2866,3894.0,0.2865,10520.0,0.2867,1.0,0.2868,7930.0
1753617553405,11:59:13.405,okx,1INCH/USDT:USDT,0.2866,4242.0,0.2865,10702.0,0.2867,1.0,0.2868,6872.0
1753617554105,11:59:14.105,okx,1INCH/USDT:USDT,0.2866,7699.0,0.2865,11976.0,0.2868,1504.0,0.2869,13319.0
1753617554605,11:59:14.605,okx,1INCH/USDT:USDT,0.2867,1.0,0.2866,5854.0,0.2868,1680.0,0.2869,13319.0
1753617554705,11:59:14.705,okx,1INCH/USDT:USDT,0.2867,95.0,0.2866,8445.0,0.2868,1680.0,0.2869,12410.0
1753617555305,11:59:15.305,okx,1INCH/USDT:USDT,0.2867,102.0,0.2866,8445.0,0.2868,1680.0,0.2869,13660.0
1753617555405,11:59:15.405,okx,1INCH/USDT:USDT,0.2867,102.0,0.2866,8445.0,0.2868,1680.0,0.2869,13319.0
1753617555805,11:59:15.805,okx,1INCH/USDT:USDT,0.2867,102.0,0.2866,8445.0,0.2868,1680.0,0.2869,13319.0
1753617556005,11:59:16.005,okx,1INCH/USDT:USDT,0.2867,102.0,0.2866,8445.0,0.2868,1680.0,0.2869,13660.0
1753617557305,11:59:17.305,okx,1INCH/USDT:USDT,0.2867,627.0,0.2866,8445.0,0.2868,1504.0,0.2869,12576.0
1753617557405,11:59:17.405,okx,1INCH/USDT:USDT,0.2867,802.0,0.2866,8445.0,0.2868,41.0,0.2869,12228.0
1753617557905,11:59:17.905,okx,1INCH/USDT:USDT,0.2867,1835.0,0.2866,8445.0,0.2868,41.0,0.2869,11319.0
1753617558105,11:59:18.105,okx,1INCH/USDT:USDT,0.2867,5496.0,0.2866,8407.0,0.2869,722.0,0.287,12726.0
1753617558205,11:59:18.205,okx,1INCH/USDT:USDT,0.2867,6406.0,0.2866,8975.0,0.2869,1648.0,0.287,11463.0
1753617558305,11:59:18.305,okx,1INCH/USDT:USDT,0.2868,341.0,0.2867,8222.0,0.2869,1650.0,0.287,11463.0
1753617558405,11:59:18.405,okx,1INCH/USDT:USDT,0.2868,1.0,0.2867,3790.0,0.2869,1650.0,0.287,11999.0
1753617559305,11:59:19.305,okx,1INCH/USDT:USDT,0.2868,341.0,0.2867,6378.0,0.2869,1666.0,0.287,9938.0
1753617560805,11:59:20.805,okx,1INCH/USDT:USDT,0.2867,3790.0,0.2866,8627.0,0.2869,1666.0,0.287,11383.0
1753617560905,11:59:20.905,okx,1INCH/USDT:USDT,0.2867,3790.0,0.2866,8627.0,0.2869,1666.0,0.287,11383.0
1753617561505,11:59:21.505,okx,1INCH/USDT:USDT,0.2867,1708.0,0.2866,8968.0,0.2868,82.0,0.2869,9144.0
1753617561705,11:59:21.705,okx,1INCH/USDT:USDT,0.2867,1708.0,0.2866,8968.0,0.2868,82.0,0.2869,9145.0
1753617562405,11:59:22.405,okx,1INCH/USDT:USDT,0.2867,2049.0,0.2866,8968.0,0.2868,82.0,0.2869,9110.0
1753617562805,11:59:22.805,okx,1INCH/USDT:USDT,0.2867,2049.0,0.2866,8968.0,0.2868,82.0,0.2869,9110.0
1753617562905,11:59:22.905,okx,1INCH/USDT:USDT,0.2867,2049.0,0.2866,8968.0,0.2868,82.0,0.2869,9110.0
1753617563005,11:59:23.005,okx,1INCH/USDT:USDT,0.2867,2049.0,0.2866,8968.0,0.2868,82.0,0.2869,9110.0
1753617563105,11:59:23.105,okx,1INCH/USDT:USDT,0.2867,2049.0,0.2866,8968.0,0.2868,82.0,0.2869,9110.0
1753617563305,11:59:23.305,okx,1INCH/USDT:USDT,0.2867,2027.0,0.2866,8968.0,0.2868,82.0,0.2869,9110.0
1753617563705,11:59:23.705,okx,1INCH/USDT:USDT,0.2867,2027.0,0.2866,8968.0,0.2868,82.0,0.2869,9110.0
1753617564505,11:59:24.505,okx,1INCH/USDT:USDT,0.2867,2027.0,0.2866,8968.0,0.2868,82.0,0.2869,9110.0
1753617564605,11:59:24.605,okx,1INCH/USDT:USDT,0.2867,2027.0,0.2866,8968.0,0.2868,82.0,0.2869,9110.0
1753617566405,11:59:26.405,okx,1INCH/USDT:USDT,0.2867,773.0,0.2866,8968.0,0.2868,1368.0,0.2869,10360.0
1753617566505,11:59:26.505,okx,1INCH/USDT:USDT,0.2867,775.0,0.2866,8968.0,0.2868,1370.0,0.2869,10360.0
1753617566905,11:59:26.905,okx,1INCH/USDT:USDT,0.2867,775.0,0.2866,8968.0,0.2868,1370.0,0.2869,10360.0
1753617567005,11:59:27.005,okx,1INCH/USDT:USDT,0.2867,775.0,0.2866,8968.0,0.2868,1370.0,0.2869,10360.0
1753617569805,11:59:29.805,okx,1INCH/USDT:USDT,0.2867,1658.0,0.2866,8968.0,0.2868,1378.0,0.2869,10360.0
1753617570605,11:59:30.605,okx,1INCH/USDT:USDT,0.2867,1658.0,0.2866,8968.0,0.2868,1377.0,0.2869,10708.0
1753617572305,11:59:32.305,okx,1INCH/USDT:USDT,0.2867,1658.0,0.2866,8968.0,0.2868,453.0,0.2869,10708.0
1753617572505,11:59:32.505,okx,1INCH/USDT:USDT,0.2867,1658.0,0.2866,8968.0,0.2868,453.0,0.2869,10708.0
1753617573405,11:59:33.405,okx,1INCH/USDT:USDT,0.2868,224.0,0.2867,9870.0,0.2869,1904.0,0.287,8166.0
1753617573505,11:59:33.505,okx,1INCH/USDT:USDT,0.2868,224.0,0.2867,9870.0,0.2869,1904.0,0.287,9075.0
1753617574905,11:59:34.905,okx,1INCH/USDT:USDT,0.2868,740.0,0.2867,9874.0,0.2869,181.0,0.287,7550.0
1753617575205,11:59:35.205,okx,1INCH/USDT:USDT,0.2868,226.0,0.2867,2285.0,0.2869,4820.0,0.287,7937.0
1753617575505,11:59:35.505,okx,1INCH/USDT:USDT,0.2868,226.0,0.2867,2285.0,0.2869,5911.0,0.287,12791.0
1753617575705,11:59:35.705,okx,1INCH/USDT:USDT,0.2868,226.0,0.2867,2285.0,0.2869,6911.0,0.287,12791.0
1753617576105,11:59:36.105,okx,1INCH/USDT:USDT,0.2868,226.0,0.2867,2285.0,0.2869,6911.0,0.287,12791.0
1753617577205,11:59:37.205,okx,1INCH/USDT:USDT,0.2867,1501.0,0.2866,7793.0,0.2868,3095.0,0.2869,12996.0
1753617577805,11:59:37.805,okx,1INCH/USDT:USDT,0.2867,1501.0,0.2866,7793.0,0.2868,3139.0,0.2869,12996.0
1753617578005,11:59:38.005,okx,1INCH/USDT:USDT,0.2867,1501.0,0.2866,7793.0,0.2868,3139.0,0.2869,12996.0
1753617578405,11:59:38.405,okx,1INCH/USDT:USDT,0.2867,1501.0,0.2866,7151.0,0.2868,4228.0,0.2869,14699.0
1753617578505,11:59:38.505,okx,1INCH/USDT:USDT,0.2867,1501.0,0.2866,7151.0,0.2868,3475.0,0.2869,14699.0
1753617579505,11:59:39.505,okx,1INCH/USDT:USDT,0.2867,1510.0,0.2866,7151.0,0.2868,4428.0,0.2869,14358.0
1753617579605,11:59:39.605,okx,1INCH/USDT:USDT,0.2867,1510.0,0.2866,7151.0,0.2868,3673.0,0.2869,14358.0
1753617579905,11:59:39.905,okx,1INCH/USDT:USDT,0.2867,1510.0,0.2866,7151.0,0.2868,4428.0,0.2869,14358.0
1753617581005,11:59:41.005,okx,1INCH/USDT:USDT,0.2867,1510.0,0.2866,7151.0,0.2868,4466.0,0.2869,14358.0
1753617581305,11:59:41.305,okx,1INCH/USDT:USDT,0.2867,1510.0,0.2866,7151.0,0.2868,4466.0,0.2869,14358.0
1753617581405,11:59:41.405,okx,1INCH/USDT:USDT,0.2867,1510.0,0.2866,7151.0,0.2868,4466.0,0.2869,14358.0
1753617582805,11:59:42.805,okx,1INCH/USDT:USDT,0.2867,1510.0,0.2866,7151.0,0.2868,4466.0,0.2869,14358.0
1753617583405,11:59:43.405,okx,1INCH/USDT:USDT,0.2867,1510.0,0.2866,7151.0,0.2868,4524.0,0.2869,14358.0
1753617583605,11:59:43.605,okx,1INCH/USDT:USDT,0.2867,1510.0,0.2866,7151.0,0.2868,3430.0,0.2869,14358.0
1753617584605,11:59:44.605,okx,1INCH/USDT:USDT,0.2867,1511.0,0.2866,8060.0,0.2868,3430.0,0.2869,14358.0
1753617584705,11:59:44.705,okx,1INCH/USDT:USDT,0.2867,1511.0,0.2866,8060.0,0.2868,3430.0,0.2869,14358.0
1753617587205,11:59:47.205,okx,1INCH/USDT:USDT,0.2867,1511.0,0.2866,8060.0,0.2868,3446.0,0.2869,14358.0
1753617587905,11:59:47.905,okx,1INCH/USDT:USDT,0.2867,1511.0,0.2866,8060.0,0.2868,3446.0,0.2869,14358.0
1753617588505,11:59:48.505,okx,1INCH/USDT:USDT,0.2867,1511.0,0.2866,8060.0,0.2868,3446.0,0.2869,14358.0
1753617588605,11:59:48.605,okx,1INCH/USDT:USDT,0.2867,1511.0,0.2866,8060.0,0.2868,3446.0,0.2869,14358.0
1753617588705,11:59:48.705,okx,1INCH/USDT:USDT,0.2867,1511.0,0.2866,8060.0,0.2868,3446.0,0.2869,14358.0
1753617589105,11:59:49.105,okx,1INCH/USDT:USDT,0.2867,1511.0,0.2866,8060.0,0.2868,3446.0,0.2869,14358.0
1753617589705,11:59:49.705,okx,1INCH/USDT:USDT,0.2867,1511.0,0.2866,8060.0,0.2868,3446.0,0.2869,14358.0
1753617589905,11:59:49.905,okx,1INCH/USDT:USDT,0.2867,1852.0,0.2866,8408.0,0.2868,1746.0,0.2869,12257.0
1753617590005,11:59:50.005,okx,1INCH/USDT:USDT,0.2867,3476.0,0.2866,8412.0,0.2868,356.0,0.2869,7215.0
1753617591705,11:59:51.705,okx,1INCH/USDT:USDT,0.2867,1355.0,0.2866,8064.0,0.2868,1631.0,0.2869,10200.0
1753617592205,11:59:52.205,okx,1INCH/USDT:USDT,0.2867,1355.0,0.2866,8064.0,0.2868,1631.0,0.2869,10200.0
1753617592305,11:59:52.305,okx,1INCH/USDT:USDT,0.2867,1355.0,0.2866,8064.0,0.2868,1631.0,0.2869,10200.0
1753617592705,11:59:52.705,okx,1INCH/USDT:USDT,0.2867,1355.0,0.2866,7155.0,0.2868,2725.0,0.2869,10200.0
1753617593105,11:59:53.105,okx,1INCH/USDT:USDT,0.2867,1355.0,0.2866,7155.0,0.2868,2884.0,0.2869,10200.0
1753617593205,11:59:53.205,okx,1INCH/USDT:USDT,0.2867,1355.0,0.2866,7155.0,0.2868,2884.0,0.2869,10200.0
1753617598305,11:59:58.305,okx,1INCH/USDT:USDT,0.2867,1355.0,0.2866,7155.0,0.2868,2993.0,0.2869,10200.0
1753617598405,11:59:58.405,okx,1INCH/USDT:USDT,0.2867,1355.0,0.2866,7155.0,0.2868,2993.0,0.2869,10200.0
1753617599305,11:59:59.305,okx,1INCH/USDT:USDT,0.2867,1355.0,0.2866,7155.0,0.2868,2993.0,0.2869,10200.0
1753617599505,11:59:59.505,okx,1INCH/USDT:USDT,0.2866,725.0,0.2865,9677.0,0.2867,2485.0,0.2868,12986.0
1753617599805,11:59:59.805,okx,1INCH/USDT:USDT,0.2865,1424.0,0.2864,9724.0,0.2866,1.0,0.2867,7374.0
1753617599905,11:59:59.905,okx,1INCH/USDT:USDT,0.2865,1437.0,0.2864,10247.0,0.2866,1.0,0.2867,7374.0
1753617600005,12:00:00.005,okx,1INCH/USDT:USDT,0.2865,1437.0,0.2864,10247.0,0.2866,1.0,0.2867,7375.0
1753617600105,12:00:00.105,okx,1INCH/USDT:USDT,0.2865,934.0,0.2864,10247.0,0.2866,1278.0,0.2867,11307.0
1753617601405,12:00:01.405,okx,1INCH/USDT:USDT,0.2865,1767.0,0.2864,10760.0,0.2866,5.0,0.2867,7381.0
1753617601805,12:00:01.805,okx,1INCH/USDT:USDT,0.2865,1767.0,0.2864,10226.0,0.2866,5.0,0.2867,7381.0
1753617602205,12:00:02.205,okx,1INCH/USDT:USDT,0.2865,2835.0,0.2864,10574.0,0.2866,3.0,0.2867,7381.0
1753617602505,12:00:02.505,okx,1INCH/USDT:USDT,0.2865,2835.0,0.2864,10574.0,0.2866,3.0,0.2867,7381.0
1753617602805,12:00:02.805,okx,1INCH/USDT:USDT,0.2865,2299.0,0.2864,10574.0,0.2866,3.0,0.2867,8265.0
1753617603205,12:00:03.205,okx,1INCH/USDT:USDT,0.2865,3168.0,0.2864,10384.0,0.2866,3.0,0.2867,7377.0
1753617603305,12:00:03.305,okx,1INCH/USDT:USDT,0.2865,3522.0,0.2864,10384.0,0.2866,3.0,0.2867,7377.0
1753617603505,12:00:03.505,okx,1INCH/USDT:USDT,0.2865,4056.0,0.2864,10498.0,0.2866,3.0,0.2867,7599.0
1753617604205,12:00:04.205,okx,1INCH/USDT:USDT,0.2865,3522.0,0.2864,11731.0,0.2866,1.0,0.2867,7599.0
1753617605205,12:00:05.205,okx,1INCH/USDT:USDT,0.2865,3522.0,0.2864,12254.0,0.2866,1.0,0.2867,7599.0
1753617606105,12:00:06.105,okx,1INCH/USDT:USDT,0.2866,6642.0,0.2865,13686.0,0.2868,1159.0,0.2869,11654.0
1753617606205,12:00:06.205,okx,1INCH/USDT:USDT,0.2867,1221.0,0.2866,7297.0,0.2868,1159.0,0.2869,11654.0
1753617606305,12:00:06.305,okx,1INCH/USDT:USDT,0.2867,333.0,0.2866,8963.0,0.2868,1788.0,0.2869,11120.0
1753617606705,12:00:06.705,okx,1INCH/USDT:USDT,0.2867,333.0,0.2866,5482.0,0.2868,2003.0,0.2869,11120.0
1753617606905,12:00:06.905,okx,1INCH/USDT:USDT,0.2866,9231.0,0.2865,12130.0,0.2868,2119.0,0.2869,12008.0
1753617607005,12:00:07.005,okx,1INCH/USDT:USDT,0.2866,5482.0,0.2865,12130.0,0.2868,2119.0,0.2869,12008.0
1753617607205,12:00:07.205,okx,1INCH/USDT:USDT,0.2866,5517.0,0.2865,12130.0,0.2868,2119.0,0.2869,12008.0
1753617607805,12:00:07.805,okx,1INCH/USDT:USDT,0.2866,3683.0,0.2865,9901.0,0.2868,2119.0,0.2869,11120.0
1753617608905,12:00:08.905,okx,1INCH/USDT:USDT,0.2866,2427.0,0.2865,10789.0,0.2868,2119.0,0.2869,12008.0
1753617609505,12:00:09.505,okx,1INCH/USDT:USDT,0.2866,2427.0,0.2865,10789.0,0.2868,2119.0,0.2869,12008.0
1753617609805,12:00:09.805,okx,1INCH/USDT:USDT,0.2866,2427.0,0.2865,10789.0,0.2868,2119.0,0.2869,12008.0
1753617610905,12:00:10.905,okx,1INCH/USDT:USDT,0.2866,3662.0,0.2865,10789.0,0.2868,2154.0,0.2869,12008.0
1753617611105,12:00:11.105,okx,1INCH/USDT:USDT,0.2866,3662.0,0.2865,10789.0,0.2868,2154.0,0.2869,12008.0
1753617611805,12:00:11.805,okx,1INCH/USDT:USDT,0.2866,918.0,0.2865,10240.0,0.2867,1530.0,0.2868,9483.0
1753617612205,12:00:12.205,okx,1INCH/USDT:USDT,0.2866,884.0,0.2865,10240.0,0.2867,1529.0,0.2868,9448.0
1753617612405,12:00:12.405,okx,1INCH/USDT:USDT,0.2866,195.0,0.2865,8458.0,0.2867,1706.0,0.2868,10669.0
1753617612505,12:00:12.505,okx,1INCH/USDT:USDT,0.2866,195.0,0.2865,8791.0,0.2867,1706.0,0.2868,10669.0
1753617613205,12:00:13.205,okx,1INCH/USDT:USDT,0.2866,907.0,0.2865,8791.0,0.2867,1529.0,0.2868,9448.0
1753617614505,12:00:14.505,okx,1INCH/USDT:USDT,0.2866,907.0,0.2865,8791.0,0.2867,1529.0,0.2868,10669.0
1753617614605,12:00:14.605,okx,1INCH/USDT:USDT,0.2866,906.0,0.2865,8791.0,0.2867,1529.0,0.2868,10669.0
1753617614905,12:00:14.905,okx,1INCH/USDT:USDT,0.2866,906.0,0.2865,8791.0,0.2867,1529.0,0.2868,10129.0
1753617615805,12:00:15.805,okx,1INCH/USDT:USDT,0.2866,906.0,0.2865,8791.0,0.2867,1714.0,0.2868,10837.0
1753617616005,12:00:16.005,okx,1INCH/USDT:USDT,0.2866,906.0,0.2865,8791.0,0.2867,1714.0,0.2868,10837.0
1753617616305,12:00:16.305,okx,1INCH/USDT:USDT,0.2866,906.0,0.2865,8791.0,0.2867,1714.0,0.2868,10837.0
1753617616405,12:00:16.405,okx,1INCH/USDT:USDT,0.2866,195.0,0.2865,8458.0,0.2867,1897.0,0.2868,10837.0
1753617616605,12:00:16.605,okx,1INCH/USDT:USDT,0.2866,195.0,0.2865,7036.0,0.2867,3284.0,0.2868,10837.0
1753617616705,12:00:16.705,okx,1INCH/USDT:USDT,0.2866,195.0,0.2865,6713.0,0.2867,2230.0,0.2868,10837.0
1753617617405,12:00:17.405,okx,1INCH/USDT:USDT,0.2866,518.0,0.2865,6386.0,0.2867,1897.0,0.2868,10837.0
1753617617505,12:00:17.505,okx,1INCH/USDT:USDT,0.2866,504.0,0.2865,6386.0,0.2867,2999.0,0.2868,10837.0
1753617617705,12:00:17.705,okx,1INCH/USDT:USDT,0.2866,504.0,0.2865,6386.0,0.2867,2999.0,0.2868,10837.0
1753617619305,12:00:19.305,okx,1INCH/USDT:USDT,0.2866,504.0,0.2865,6386.0,0.2867,2459.0,0.2868,10602.0
1753617619605,12:00:19.605,okx,1INCH/USDT:USDT,0.2866,504.0,0.2865,6386.0,0.2867,3223.0,0.2868,10602.0
1753617620105,12:00:20.105,okx,1INCH/USDT:USDT,0.2866,504.0,0.2865,6386.0,0.2867,3223.0,0.2868,10602.0
1753617620505,12:00:20.505,okx,1INCH/USDT:USDT,0.2866,504.0,0.2865,6386.0,0.2867,3223.0,0.2868,10602.0
1753617620605,12:00:20.605,okx,1INCH/USDT:USDT,0.2866,504.0,0.2865,6386.0,0.2867,3223.0,0.2868,10602.0
1753617621205,12:00:21.205,okx,1INCH/USDT:USDT,0.2865,1070.0,0.2864,7534.0,0.2866,2897.0,0.2867,15680.0
1753617621505,12:00:21.505,okx,1INCH/USDT:USDT,0.2865,1070.0,0.2864,7534.0,0.2866,2897.0,0.2867,15680.0
1753617621605,12:00:21.605,okx,1INCH/USDT:USDT,0.2865,1070.0,0.2864,7534.0,0.2866,2897.0,0.2867,15680.0
1753617623105,12:00:23.105,okx,1INCH/USDT:USDT,0.2865,1070.0,0.2864,8422.0,0.2866,2133.0,0.2867,13591.0
1753617623205,12:00:23.205,okx,1INCH/USDT:USDT,0.2865,1070.0,0.2864,8422.0,0.2866,2385.0,0.2867,13367.0
1753617624805,12:00:24.805,okx,1INCH/USDT:USDT,0.2865,1070.0,0.2864,7000.0,0.2866,3149.0,0.2867,13367.0
1753617625305,12:00:25.305,okx,1INCH/USDT:USDT,0.2865,1070.0,0.2864,8422.0,0.2866,2443.0,0.2867,13367.0
1753617625505,12:00:25.505,okx,1INCH/USDT:USDT,0.2865,1070.0,0.2864,7000.0,0.2866,3207.0,0.2867,13367.0
1753617625605,12:00:25.605,okx,1INCH/USDT:USDT,0.2865,1074.0,0.2864,3071.0,0.2866,3207.0,0.2867,13367.0
1753617626305,12:00:26.305,okx,1INCH/USDT:USDT,0.2865,2836.0,0.2864,7551.0,0.2866,1926.0,0.2867,12270.0
1753617626605,12:00:26.605,okx,1INCH/USDT:USDT,0.2865,1420.0,0.2864,7551.0,0.2866,1926.0,0.2867,12270.0
1753617626705,12:00:26.705,okx,1INCH/USDT:USDT,0.2865,1421.0,0.2864,7551.0,0.2866,1926.0,0.2867,12270.0
1753617626905,12:00:26.905,okx,1INCH/USDT:USDT,0.2865,2311.0,0.2864,7551.0,0.2866,1926.0,0.2867,12270.0
1753617627005,12:00:27.005,okx,1INCH/USDT:USDT,0.2865,2311.0,0.2864,7551.0,0.2866,1926.0,0.2867,12270.0
1753617627205,12:00:27.205,okx,1INCH/USDT:USDT,0.2865,2313.0,0.2864,7551.0,0.2866,1926.0,0.2867,12270.0
1753617627405,12:00:27.405,okx,1INCH/USDT:USDT,0.2865,2486.0,0.2864,7376.0,0.2866,1926.0,0.2867,12270.0
1753617627505,12:00:27.505,okx,1INCH/USDT:USDT,0.2865,2486.0,0.2864,7376.0,0.2866,1926.0,0.2867,12270.0
1753617628805,12:00:28.805,okx,1INCH/USDT:USDT,0.2865,1604.0,0.2864,7028.0,0.2866,1926.0,0.2867,13158.0
1753617629105,12:00:29.105,okx,1INCH/USDT:USDT,0.2865,1092.0,0.2864,6140.0,0.2866,3203.0,0.2867,13158.0
1753617629505,12:00:29.505,okx,1INCH/USDT:USDT,0.2865,1092.0,0.2864,6140.0,0.2866,3203.0,0.2867,13158.0
1753617630205,12:00:30.205,okx,1INCH/USDT:USDT,0.2865,1092.0,0.2864,6140.0,0.2866,3199.0,0.2867,13158.0
1753617631205,12:00:31.205,okx,1INCH/USDT:USDT,0.2865,1092.0,0.2864,7028.0,0.2866,2438.0,0.2867,13158.0
1753617631605,12:00:31.605,okx,1INCH/USDT:USDT,0.2865,1092.0,0.2864,7028.0,0.2866,2438.0,0.2867,13158.0
1753617632205,12:00:32.205,okx,1INCH/USDT:USDT,0.2865,1092.0,0.2864,6140.0,0.2866,3199.0,0.2867,13158.0
1753617632305,12:00:32.305,okx,1INCH/USDT:USDT,0.2865,1092.0,0.2864,6140.0,0.2866,3199.0,0.2867,13158.0
1753617632505,12:00:32.505,okx,1INCH/USDT:USDT,0.2865,1092.0,0.2864,6140.0,0.2866,3199.0,0.2867,13158.0
1753617632905,12:00:32.905,okx,1INCH/USDT:USDT,0.2865,1092.0,0.2864,6140.0,0.2866,3199.0,0.2867,13158.0
1753617633205,12:00:33.205,okx,1INCH/USDT:USDT,0.2865,1092.0,0.2864,6140.0,0.2866,3809.0,0.2867,12558.0
1753617633805,12:00:33.805,okx,1INCH/USDT:USDT,0.2865,1092.0,0.2864,6140.0,0.2866,3543.0,0.2867,12558.0
1753617634505,12:00:34.505,okx,1INCH/USDT:USDT,0.2865,1092.0,0.2864,6140.0,0.2866,4306.0,0.2867,12558.0
1753617635205,12:00:35.205,okx,1INCH/USDT:USDT,0.2865,1092.0,0.2864,7028.0,0.2866,3546.0,0.2867,12558.0
1753617635405,12:00:35.405,okx,1INCH/USDT:USDT,0.2865,1092.0,0.2864,7028.0,0.2866,3546.0,0.2867,12558.0
1753617636805,12:00:36.805,okx,1INCH/USDT:USDT,0.2865,1092.0,0.2864,6140.0,0.2866,4306.0,0.2867,12558.0
1753617636905,12:00:36.905,okx,1INCH/USDT:USDT,0.2865,1092.0,0.2864,6140.0,0.2866,4306.0,0.2867,12558.0
1753617637005,12:00:37.005,okx,1INCH/USDT:USDT,0.2865,1092.0,0.2864,6140.0,0.2866,4306.0,0.2867,12558.0
1753617637605,12:00:37.605,okx,1INCH/USDT:USDT,0.2865,1092.0,0.2864,6140.0,0.2866,4306.0,0.2867,12558.0
1753617639105,12:00:39.105,okx,1INCH/USDT:USDT,0.2865,1092.0,0.2864,6140.0,0.2866,4564.0,0.2867,12559.0
1753617640605,12:00:40.605,okx,1INCH/USDT:USDT,0.2865,1092.0,0.2864,5964.0,0.2866,4651.0,0.2867,12559.0
1753617640905,12:00:40.905,okx,1INCH/USDT:USDT,0.2865,1092.0,0.2864,5964.0,0.2866,4651.0,0.2867,12559.0
1753617641905,12:00:41.905,okx,1INCH/USDT:USDT,0.2864,540.0,0.2863,8654.0,0.2865,1557.0,0.2866,12650.0
1753617642005,12:00:42.005,okx,1INCH/USDT:USDT,0.2864,588.0,0.2863,7766.0,0.2865,2652.0,0.2866,12650.0
1753617642505,12:00:42.505,okx,1INCH/USDT:USDT,0.2864,603.0,0.2863,7766.0,0.2865,1892.0,0.2866,12615.0
1753617642905,12:00:42.905,okx,1INCH/USDT:USDT,0.2864,113.0,0.2863,3306.0,0.2865,4840.0,0.2866,13138.0
1753617643105,12:00:43.105,okx,1INCH/USDT:USDT,0.2864,127.0,0.2863,5815.0,0.2865,5493.0,0.2866,16284.0
1753617643705,12:00:43.705,okx,1INCH/USDT:USDT,0.2864,141.0,0.2863,5815.0,0.2865,6624.0,0.2866,15583.0
1753617643905,12:00:43.905,okx,1INCH/USDT:USDT,0.2864,157.0,0.2863,5815.0,0.2865,7624.0,0.2866,16583.0
1753617644305,12:00:44.305,okx,1INCH/USDT:USDT,0.2864,167.0,0.2863,5637.0,0.2865,6593.0,0.2866,15886.0
1753617644705,12:00:44.705,okx,1INCH/USDT:USDT,0.2864,174.0,0.2863,5637.0,0.2865,6593.0,0.2866,15886.0
1753617644805,12:00:44.805,okx,1INCH/USDT:USDT,0.2864,174.0,0.2863,5637.0,0.2865,6593.0,0.2866,15886.0
1753617645905,12:00:45.905,okx,1INCH/USDT:USDT,0.2864,222.0,0.2863,5637.0,0.2865,10083.0,0.2866,15352.0
1753617646005,12:00:46.005,okx,1INCH/USDT:USDT,0.2864,244.0,0.2863,5637.0,0.2865,10083.0,0.2866,15352.0
1753617646805,12:00:46.805,okx,1INCH/USDT:USDT,0.2864,244.0,0.2863,5637.0,0.2865,10083.0,0.2866,15352.0
1753617647005,12:00:47.005,okx,1INCH/USDT:USDT,0.2864,244.0,0.2863,5637.0,0.2865,10096.0,0.2866,15352.0
1753617647405,12:00:47.405,okx,1INCH/USDT:USDT,0.2864,764.0,0.2863,5637.0,0.2865,10096.0,0.2866,15352.0
1753617647805,12:00:47.805,okx,1INCH/USDT:USDT,0.2864,242.0,0.2863,4626.0,0.2865,10096.0,0.2866,15352.0
1753617648005,12:00:48.005,okx,1INCH/USDT:USDT,0.2864,242.0,0.2863,4626.0,0.2865,10096.0,0.2866,15352.0
1753617648405,12:00:48.405,okx,1INCH/USDT:USDT,0.2864,242.0,0.2863,4626.0,0.2865,10096.0,0.2866,15352.0
1753617649305,12:00:49.305,okx,1INCH/USDT:USDT,0.2864,242.0,0.2863,3128.0,0.2865,11873.0,0.2866,15353.0
1753617649605,12:00:49.605,okx,1INCH/USDT:USDT,0.2864,242.0,0.2863,3128.0,0.2865,11876.0,0.2866,15353.0
1753617650305,12:00:50.305,okx,1INCH/USDT:USDT,0.2862,1500.0,0.2861,11807.0,0.2864,2778.0,0.2865,15071.0
1753617650505,12:00:50.505,okx,1INCH/USDT:USDT,0.2862,1500.0,0.2861,11807.0,0.2864,3538.0,0.2865,15071.0
1753617651005,12:00:51.005,okx,1INCH/USDT:USDT,0.2862,2288.0,0.2861,8918.0,0.2864,4573.0,0.2865,13624.0
1753617651405,12:00:51.405,okx,1INCH/USDT:USDT,0.2862,2288.0,0.2861,9806.0,0.2864,5333.0,0.2865,13624.0
1753617652705,12:00:52.705,okx,1INCH/USDT:USDT,0.2862,2288.0,0.2861,9806.0,0.2864,5333.0,0.2865,13624.0
1753617652805,12:00:52.805,okx,1INCH/USDT:USDT,0.2862,2288.0,0.2861,9806.0,0.2864,6775.0,0.2865,13624.0
1753617652905,12:00:52.905,okx,1INCH/USDT:USDT,0.2862,2288.0,0.2861,9806.0,0.2864,5333.0,0.2865,13624.0
1753617653005,12:00:53.005,okx,1INCH/USDT:USDT,0.2862,2288.0,0.2861,9806.0,0.2864,6801.0,0.2865,13624.0
1753617653305,12:00:53.305,okx,1INCH/USDT:USDT,0.2862,1466.0,0.2861,9457.0,0.2863,1738.0,0.2864,12479.0
1753617653405,12:00:53.405,okx,1INCH/USDT:USDT,0.2862,1466.0,0.2861,9457.0,0.2863,1740.0,0.2864,12479.0
1753617654305,12:00:54.305,okx,1INCH/USDT:USDT,0.2862,739.0,0.2861,9457.0,0.2863,1408.0,0.2864,12479.0
1753617655005,12:00:55.005,okx,1INCH/USDT:USDT,0.2862,739.0,0.2861,9457.0,0.2863,2105.0,0.2864,11573.0
1753617655305,12:00:55.305,okx,1INCH/USDT:USDT,0.2862,774.0,0.2861,9457.0,0.2863,2105.0,0.2864,11573.0
1753617655505,12:00:55.505,okx,1INCH/USDT:USDT,0.2862,746.0,0.2861,9457.0,0.2863,2105.0,0.2864,11577.0
1753617655705,12:00:55.705,okx,1INCH/USDT:USDT,0.2862,767.0,0.2861,9457.0,0.2863,2105.0,0.2864,11577.0
1753617657505,12:00:57.505,okx,1INCH/USDT:USDT,0.2862,767.0,0.2861,9457.0,0.2863,2105.0,0.2864,11634.0
1753617659405,12:00:59.405,okx,1INCH/USDT:USDT,0.2862,767.0,0.2861,9457.0,0.2863,2105.0,0.2864,11634.0
1753617659505,12:00:59.505,okx,1INCH/USDT:USDT,0.2862,1989.0,0.2861,9457.0,0.2863,2104.0,0.2864,10746.0
1753617660205,12:01:00.205,okx,1INCH/USDT:USDT,0.2862,1914.0,0.2861,9457.0,0.2863,2104.0,0.2864,10746.0
1753617660305,12:01:00.305,okx,1INCH/USDT:USDT,0.2862,33.0,0.2861,2586.0,0.2863,8909.0,0.2864,12099.0
1753617660605,12:01:00.605,okx,1INCH/USDT:USDT,0.2862,1882.0,0.2861,7851.0,0.2863,2106.0,0.2864,9639.0
1753617660705,12:01:00.705,okx,1INCH/USDT:USDT,0.2862,1882.0,0.2861,7851.0,0.2863,2106.0,0.2864,10173.0
1753617661205,12:01:01.205,okx,1INCH/USDT:USDT,0.2862,1086.0,0.2861,8926.0,0.2863,2107.0,0.2864,10173.0
1753617661605,12:01:01.605,okx,1INCH/USDT:USDT,0.2862,1086.0,0.2861,9734.0,0.2863,2107.0,0.2864,10469.0
1753617661705,12:01:01.705,okx,1INCH/USDT:USDT,0.2862,1086.0,0.2861,9734.0,0.2863,2107.0,0.2864,10469.0
1753617663305,12:01:03.305,okx,1INCH/USDT:USDT,0.2862,1073.0,0.2861,9734.0,0.2863,2107.0,0.2864,9639.0
1753617663905,12:01:03.905,okx,1INCH/USDT:USDT,0.2862,740.0,0.2861,9734.0,0.2863,2107.0,0.2864,10968.0
1753617664105,12:01:04.105,okx,1INCH/USDT:USDT,0.2862,740.0,0.2861,9734.0,0.2863,2107.0,0.2864,10968.0
1753617664305,12:01:04.305,okx,1INCH/USDT:USDT,0.2862,740.0,0.2861,9734.0,0.2863,2107.0,0.2864,10968.0
1753617664605,12:01:04.605,okx,1INCH/USDT:USDT,0.2862,740.0,0.2861,9734.0,0.2863,2107.0,0.2864,10968.0
1753617664905,12:01:04.905,okx,1INCH/USDT:USDT,0.2862,740.0,0.2861,9734.0,0.2863,2107.0,0.2864,10445.0
1753617665005,12:01:05.005,okx,1INCH/USDT:USDT,0.2862,740.0,0.2861,9734.0,0.2863,2107.0,0.2864,10445.0
1753617665105,12:01:05.105,okx,1INCH/USDT:USDT,0.2862,740.0,0.2861,9734.0,0.2863,2107.0,0.2864,10445.0
1753617665305,12:01:05.305,okx,1INCH/USDT:USDT,0.2862,740.0,0.2861,9734.0,0.2863,2107.0,0.2864,10445.0
1753617666205,12:01:06.205,okx,1INCH/USDT:USDT,0.2862,740.0,0.2861,9734.0,0.2863,2107.0,0.2864,10445.0
1753617666605,12:01:06.605,okx,1INCH/USDT:USDT,0.2862,28.0,0.2861,8904.0,0.2863,3367.0,0.2864,10445.0
1753617666705,12:01:06.705,okx,1INCH/USDT:USDT,0.2862,28.0,0.2861,9699.0,0.2863,3367.0,0.2864,11202.0
1753617667105,12:01:07.105,okx,1INCH/USDT:USDT,0.2862,562.0,0.2861,9699.0,0.2863,2629.0,0.2864,10668.0
1753617667805,12:01:07.805,okx,1INCH/USDT:USDT,0.2862,516.0,0.2861,9699.0,0.2863,2555.0,0.2864,10668.0
1753617668305,12:01:08.305,okx,1INCH/USDT:USDT,0.2862,516.0,0.2861,9699.0,0.2863,2630.0,0.2864,9911.0
1753617668805,12:01:08.805,okx,1INCH/USDT:USDT,0.2862,516.0,0.2861,9699.0,0.2863,2630.0,0.2864,9911.0
1753617670605,12:01:10.605,okx,1INCH/USDT:USDT,0.2862,29.0,0.2861,8904.0,0.2863,3528.0,0.2864,9911.0
1753617670705,12:01:10.705,okx,1INCH/USDT:USDT,0.2862,28.0,0.2861,8904.0,0.2863,3528.0,0.2864,10445.0
1753617670805,12:01:10.805,okx,1INCH/USDT:USDT,0.2862,563.0,0.2861,9699.0,0.2863,2448.0,0.2864,9911.0
1753617671605,12:01:11.605,okx,1INCH/USDT:USDT,0.2862,557.0,0.2861,9699.0,0.2863,3295.0,0.2864,9911.0
1753617672005,12:01:12.005,okx,1INCH/USDT:USDT,0.2862,515.0,0.2861,9699.0,0.2863,3302.0,0.2864,9911.0
1753617673005,12:01:13.005,okx,1INCH/USDT:USDT,0.2862,515.0,0.2861,9699.0,0.2863,3300.0,0.2864,9911.0
1753617673905,12:01:13.905,okx,1INCH/USDT:USDT,0.2862,695.0,0.2861,9699.0,0.2863,2852.0,0.2864,9911.0
1753617674705,12:01:14.705,okx,1INCH/USDT:USDT,0.2862,1041.0,0.2861,9687.0,0.2863,2850.0,0.2864,9911.0
1753617675205,12:01:15.205,okx,1INCH/USDT:USDT,0.2862,530.0,0.2861,9687.0,0.2863,2855.0,0.2864,9911.0
1753617676605,12:01:16.605,okx,1INCH/USDT:USDT,0.2862,29.0,0.2861,8904.0,0.2863,4117.0,0.2864,10445.0
1753617676805,12:01:16.805,okx,1INCH/USDT:USDT,0.2862,29.0,0.2861,8904.0,0.2863,4117.0,0.2864,9911.0
1753617676905,12:01:16.905,okx,1INCH/USDT:USDT,0.2862,29.0,0.2861,8904.0,0.2863,4117.0,0.2864,9911.0
1753617677205,12:01:17.205,okx,1INCH/USDT:USDT,0.2862,29.0,0.2861,8904.0,0.2863,4117.0,0.2864,9911.0
1753617678205,12:01:18.205,okx,1INCH/USDT:USDT,0.2861,232.0,0.286,7969.0,0.2862,3671.0,0.2863,13585.0
1753617678905,12:01:18.905,okx,1INCH/USDT:USDT,0.286,2097.0,0.2859,6943.0,0.2861,1906.0,0.2862,11305.0
1753617679105,12:01:19.105,okx,1INCH/USDT:USDT,0.286,2097.0,0.2859,7638.0,0.2861,1573.0,0.2862,11306.0
1753617679605,12:01:19.605,okx,1INCH/USDT:USDT,0.286,2097.0,0.2859,7638.0,0.2861,1573.0,0.2862,11306.0
1753617680205,12:01:20.205,okx,1INCH/USDT:USDT,0.286,3506.0,0.2859,7638.0,0.2861,1389.0,0.2862,9900.0
1753617681005,12:01:21.005,okx,1INCH/USDT:USDT,0.286,2097.0,0.2859,6943.0,0.2861,2601.0,0.2862,10599.0
1753617681105,12:01:21.105,okx,1INCH/USDT:USDT,0.286,2097.0,0.2859,6943.0,0.2861,2601.0,0.2862,10948.0
1753617681805,12:01:21.805,okx,1INCH/USDT:USDT,0.286,2124.0,0.2859,7638.0,0.2861,1906.0,0.2862,10948.0
1753617683205,12:01:23.205,okx,1INCH/USDT:USDT,0.286,2133.0,0.2859,6943.0,0.2861,3298.0,0.2862,10251.0
1753617683505,12:01:23.505,okx,1INCH/USDT:USDT,0.286,2315.0,0.2859,7638.0,0.2861,2373.0,0.2862,10251.0
1753617684405,12:01:24.405,okx,1INCH/USDT:USDT,0.286,2315.0,0.2859,7638.0,0.2861,3221.0,0.2862,10251.0
1753617684705,12:01:24.705,okx,1INCH/USDT:USDT,0.286,2315.0,0.2859,7638.0,0.2861,3221.0,0.2862,10251.0
1753617685205,12:01:25.205,okx,1INCH/USDT:USDT,0.286,2315.0,0.2859,7638.0,0.2861,3221.0,0.2862,10251.0
1753617685405,12:01:25.405,okx,1INCH/USDT:USDT,0.2861,1733.0,0.286,10110.0,0.2862,4.0,0.2863,9604.0
1753617685705,12:01:25.705,okx,1INCH/USDT:USDT,0.2861,1402.0,0.286,10188.0,0.2863,7779.0,0.2864,11924.0
1753617685805,12:01:25.805,okx,1INCH/USDT:USDT,0.2861,1402.0,0.286,10188.0,0.2863,11089.0,0.2864,12695.0
1753617686305,12:01:26.305,okx,1INCH/USDT:USDT,0.2861,1402.0,0.286,10188.0,0.2863,7016.0,0.2864,12695.0
1753617686705,12:01:26.705,okx,1INCH/USDT:USDT,0.2861,1402.0,0.286,10188.0,0.2863,7016.0,0.2864,12163.0
1753617686905,12:01:26.905,okx,1INCH/USDT:USDT,0.2861,1402.0,0.286,10188.0,0.2862,1.0,0.2863,4184.0
1753617687005,12:01:27.005,okx,1INCH/USDT:USDT,0.2861,1402.0,0.286,10188.0,0.2862,1.0,0.2863,4931.0
1753617687205,12:01:27.205,okx,1INCH/USDT:USDT,0.2861,1402.0,0.286,10188.0,0.2862,1.0,0.2863,8687.0
1753617687605,12:01:27.605,okx,1INCH/USDT:USDT,0.2861,2169.0,0.286,11394.0,0.2862,9.0,0.2863,7431.0
1753617687905,12:01:27.905,okx,1INCH/USDT:USDT,0.2861,1402.0,0.286,13368.0,0.2862,10.0,0.2863,7431.0
1753617688105,12:01:28.105,okx,1INCH/USDT:USDT,0.2861,1402.0,0.286,13368.0,0.2862,10.0,0.2863,7396.0
1753617688205,12:01:28.205,okx,1INCH/USDT:USDT,0.2861,1402.0,0.286,13368.0,0.2862,10.0,0.2863,7396.0
1753617688405,12:01:28.405,okx,1INCH/USDT:USDT,0.2861,2402.0,0.286,16180.0,0.2862,10.0,0.2863,7396.0
1753617689405,12:01:29.405,okx,1INCH/USDT:USDT,0.2861,708.0,0.286,15307.0,0.2862,1211.0,0.2863,8498.0
1753617689705,12:01:29.705,okx,1INCH/USDT:USDT,0.2861,708.0,0.286,15307.0,0.2862,1211.0,0.2863,8498.0
1753617691205,12:01:31.205,okx,1INCH/USDT:USDT,0.2861,723.0,0.286,15307.0,0.2862,1211.0,0.2863,8078.0
1753617691605,12:01:31.605,okx,1INCH/USDT:USDT,0.2863,1.0,0.2862,8309.0,0.2864,1205.0,0.2865,9584.0
1753617691705,12:01:31.705,okx,1INCH/USDT:USDT,0.2863,509.0,0.2862,8026.0,0.2864,2225.0,0.2865,7791.0
1753617691805,12:01:31.805,okx,1INCH/USDT:USDT,0.2863,1.0,0.2862,7693.0,0.2864,2757.0,0.2865,8917.0
1753617692005,12:01:32.005,okx,1INCH/USDT:USDT,0.2863,1834.0,0.2862,8026.0,0.2864,108.0,0.2865,6371.0
1753617692505,12:01:32.505,okx,1INCH/USDT:USDT,0.2863,2836.0,0.2862,8030.0,0.2864,104.0,0.2865,6371.0
1753617692605,12:01:32.605,okx,1INCH/USDT:USDT,0.2863,2836.0,0.2862,8030.0,0.2864,104.0,0.2865,8099.0
1753617692805,12:01:32.805,okx,1INCH/USDT:USDT,0.2863,2836.0,0.2862,8030.0,0.2864,104.0,0.2865,8099.0
1753617692905,12:01:32.905,okx,1INCH/USDT:USDT,0.2863,2043.0,0.2862,8030.0,0.2864,104.0,0.2865,8099.0
1753617693105,12:01:33.105,okx,1INCH/USDT:USDT,0.2863,2836.0,0.2862,8030.0,0.2864,104.0,0.2865,8099.0
1753617693705,12:01:33.705,okx,1INCH/USDT:USDT,0.2863,2043.0,0.2862,9103.0,0.2864,124.0,0.2865,5068.0
1753617693905,12:01:33.905,okx,1INCH/USDT:USDT,0.2863,2043.0,0.2862,9103.0,0.2864,124.0,0.2865,5068.0
1753617694705,12:01:34.705,okx,1INCH/USDT:USDT,0.2863,178.0,0.2862,7977.0,0.2864,1759.0,0.2865,6194.0
1753617694905,12:01:34.905,okx,1INCH/USDT:USDT,0.2862,7230.0,0.2861,12713.0,0.2864,1598.0,0.2865,8394.0
1753617695405,12:01:35.405,okx,1INCH/USDT:USDT,0.2863,1.0,0.2862,5466.0,0.2864,1520.0,0.2865,8061.0
1753617695605,12:01:35.605,okx,1INCH/USDT:USDT,0.2862,6244.0,0.2861,11920.0,0.2864,1520.0,0.2865,8061.0
1753617696605,12:01:36.605,okx,1INCH/USDT:USDT,0.2863,1.0,0.2862,6647.0,0.2864,1500.0,0.2865,8061.0
1753617696705,12:01:36.705,okx,1INCH/USDT:USDT,0.2863,1.0,0.2862,6647.0,0.2864,1500.0,0.2865,8061.0
1753617696805,12:01:36.805,okx,1INCH/USDT:USDT,0.2863,1.0,0.2862,5521.0,0.2864,1500.0,0.2865,8061.0
1753617697105,12:01:37.105,okx,1INCH/USDT:USDT,0.2863,1.0,0.2862,3305.0,0.2864,1500.0,0.2865,8061.0
1753617697605,12:01:37.605,okx,1INCH/USDT:USDT,0.2862,5898.0,0.2861,11583.0,0.2864,1521.0,0.2865,9061.0
1753617697805,12:01:37.805,okx,1INCH/USDT:USDT,0.2862,4432.0,0.2861,10441.0,0.2864,1521.0,0.2865,8268.0
1753617697905,12:01:37.905,okx,1INCH/USDT:USDT,0.2862,4432.0,0.2861,10441.0,0.2864,1521.0,0.2865,8268.0
1753617698005,12:01:38.005,okx,1INCH/USDT:USDT,0.2863,1.0,0.2862,4431.0,0.2864,1521.0,0.2865,9061.0
1753617698205,12:01:38.205,okx,1INCH/USDT:USDT,0.2863,1.0,0.2862,4436.0,0.2864,1556.0,0.2865,7268.0
1753617698305,12:01:38.305,okx,1INCH/USDT:USDT,0.2863,1127.0,0.2862,8068.0,0.2864,1261.0,0.2865,7268.0
1753617698505,12:01:38.505,okx,1INCH/USDT:USDT,0.2863,1843.0,0.2862,8068.0,0.2864,1128.0,0.2865,7268.0
1753617698605,12:01:38.605,okx,1INCH/USDT:USDT,0.2863,1843.0,0.2862,8068.0,0.2864,201.0,0.2865,7268.0
1753617699105,12:01:39.105,okx,1INCH/USDT:USDT,0.2864,1836.0,0.2863,10940.0,0.2865,35.0,0.2866,9216.0
1753617699205,12:01:39.205,okx,1INCH/USDT:USDT,0.2864,1836.0,0.2863,10940.0,0.2865,35.0,0.2866,9216.0
1753617699505,12:01:39.505,okx,1INCH/USDT:USDT,0.2864,1836.0,0.2863,10940.0,0.2865,35.0,0.2866,9216.0
1753617700105,12:01:40.105,okx,1INCH/USDT:USDT,0.2864,1836.0,0.2863,11812.0,0.2865,31.0,0.2866,7372.0
1753617700205,12:01:40.205,okx,1INCH/USDT:USDT,0.2864,1836.0,0.2863,11812.0,0.2865,31.0,0.2866,7372.0
1753617700305,12:01:40.305,okx,1INCH/USDT:USDT,0.2864,2836.0,0.2863,13525.0,0.2865,31.0,0.2866,7372.0
1753617700505,12:01:40.505,okx,1INCH/USDT:USDT,0.2864,2836.0,0.2863,13525.0,0.2865,31.0,0.2866,7372.0
1753617700605,12:01:40.605,okx,1INCH/USDT:USDT,0.2864,2836.0,0.2863,13525.0,0.2865,31.0,0.2866,7372.0
1753617700805,12:01:40.805,okx,1INCH/USDT:USDT,0.2864,2836.0,0.2863,13525.0,0.2865,31.0,0.2866,7372.0
1753617701305,12:01:41.305,okx,1INCH/USDT:USDT,0.2864,2836.0,0.2863,13525.0,0.2865,31.0,0.2866,7372.0
1753617702005,12:01:42.005,okx,1INCH/USDT:USDT,0.2864,2838.0,0.2863,13525.0,0.2865,31.0,0.2866,7372.0
1753617702105,12:01:42.105,okx,1INCH/USDT:USDT,0.2864,2838.0,0.2863,13525.0,0.2865,31.0,0.2866,7193.0
1753617702305,12:01:42.305,okx,1INCH/USDT:USDT,0.2864,2838.0,0.2863,13525.0,0.2865,31.0,0.2866,7193.0
1753617703105,12:01:43.105,okx,1INCH/USDT:USDT,0.2864,2912.0,0.2863,13525.0,0.2865,31.0,0.2866,7193.0
1753617703305,12:01:43.305,okx,1INCH/USDT:USDT,0.2864,2912.0,0.2863,14481.0,0.2865,31.0,0.2866,7193.0
1753617703405,12:01:43.405,okx,1INCH/USDT:USDT,0.2864,2912.0,0.2863,14481.0,0.2865,31.0,0.2866,7193.0
1753617705005,12:01:45.005,okx,1INCH/USDT:USDT,0.2864,2912.0,0.2863,14481.0,0.2865,31.0,0.2866,7193.0
1753617705105,12:01:45.105,okx,1INCH/USDT:USDT,0.2864,2912.0,0.2863,14481.0,0.2865,31.0,0.2866,7193.0
1753617705205,12:01:45.205,okx,1INCH/USDT:USDT,0.2864,2912.0,0.2863,14481.0,0.2865,31.0,0.2866,7193.0
1753617705305,12:01:45.305,okx,1INCH/USDT:USDT,0.2864,2912.0,0.2863,14481.0,0.2865,31.0,0.2866,7193.0
1753617705405,12:01:45.405,okx,1INCH/USDT:USDT,0.2864,2912.0,0.2863,14481.0,0.2865,31.0,0.2866,7193.0
1753617706305,12:01:46.305,okx,1INCH/USDT:USDT,0.2864,2380.0,0.2863,14481.0,0.2865,31.0,0.2866,7374.0
1753617706805,12:01:46.805,okx,1INCH/USDT:USDT,0.2864,2380.0,0.2863,14481.0,0.2865,31.0,0.2866,7374.0
1753617707005,12:01:47.005,okx,1INCH/USDT:USDT,0.2864,1329.0,0.2863,14481.0,0.2865,31.0,0.2866,7374.0
1753617707205,12:01:47.205,okx,1INCH/USDT:USDT,0.2864,2449.0,0.2863,13525.0,0.2865,31.0,0.2866,7374.0
1753617707305,12:01:47.305,okx,1INCH/USDT:USDT,0.2864,1329.0,0.2863,13525.0,0.2865,31.0,0.2866,7374.0
1753617707505,12:01:47.505,okx,1INCH/USDT:USDT,0.2864,1329.0,0.2863,13525.0,0.2865,31.0,0.2866,7374.0
1753617708005,12:01:48.005,okx,1INCH/USDT:USDT,0.2864,2449.0,0.2863,13525.0,0.2865,31.0,0.2866,7374.0
1753617708305,12:01:48.305,okx,1INCH/USDT:USDT,0.2864,2448.0,0.2863,13525.0,0.2865,31.0,0.2866,7374.0
1753617708505,12:01:48.505,okx,1INCH/USDT:USDT,0.2864,1328.0,0.2863,13525.0,0.2865,31.0,0.2866,7374.0
1753617709305,12:01:49.305,okx,1INCH/USDT:USDT,0.2864,1661.0,0.2863,13525.0,0.2865,31.0,0.2866,7374.0
1753617709705,12:01:49.705,okx,1INCH/USDT:USDT,0.2864,1328.0,0.2863,13529.0,0.2865,31.0,0.2866,7374.0
1753617710405,12:01:50.405,okx,1INCH/USDT:USDT,0.2864,146.0,0.2863,11054.0,0.2865,1799.0,0.2866,10884.0
1753617710605,12:01:50.605,okx,1INCH/USDT:USDT,0.2864,146.0,0.2863,9818.0,0.2865,1799.0,0.2866,10884.0
1753617711605,12:01:51.605,okx,1INCH/USDT:USDT,0.2864,831.0,0.2863,10938.0,0.2865,958.0,0.2866,10884.0
1753617712805,12:01:52.805,okx,1INCH/USDT:USDT,0.2864,1951.0,0.2863,10938.0,0.2865,31.0,0.2866,7560.0
1753617712905,12:01:52.905,okx,1INCH/USDT:USDT,0.2864,1949.0,0.2863,11461.0,0.2865,31.0,0.2866,7560.0
1753617713505,12:01:53.505,okx,1INCH/USDT:USDT,0.2864,944.0,0.2863,11461.0,0.2865,914.0,0.2866,10884.0
1753617713905,12:01:53.905,okx,1INCH/USDT:USDT,0.2864,764.0,0.2863,11460.0,0.2865,31.0,0.2866,7564.0
1753617714205,12:01:54.205,okx,1INCH/USDT:USDT,0.2864,1458.0,0.2863,11460.0,0.2865,31.0,0.2866,7564.0
1753617714605,12:01:54.605,okx,1INCH/USDT:USDT,0.2864,2245.0,0.2863,11460.0,0.2865,31.0,0.2866,7564.0
1753617715405,12:01:55.405,okx,1INCH/USDT:USDT,0.2864,2245.0,0.2863,11460.0,0.2865,31.0,0.2866,7564.0
1753617715605,12:01:55.605,okx,1INCH/USDT:USDT,0.2864,2245.0,0.2863,11460.0,0.2865,31.0,0.2866,7564.0
1753617715705,12:01:55.705,okx,1INCH/USDT:USDT,0.2864,1458.0,0.2863,11460.0,0.2865,31.0,0.2866,7564.0
1753617716005,12:01:56.005,okx,1INCH/USDT:USDT,0.2864,2767.0,0.2863,11809.0,0.2865,21.0,0.2866,7040.0
1753617716205,12:01:56.205,okx,1INCH/USDT:USDT,0.2864,2769.0,0.2863,11809.0,0.2865,21.0,0.2866,7564.0
1753617716805,12:01:56.805,okx,1INCH/USDT:USDT,0.2864,2769.0,0.2863,11809.0,0.2865,29.0,0.2866,7564.0
1753617717905,12:01:57.905,okx,1INCH/USDT:USDT,0.2864,1458.0,0.2863,11809.0,0.2865,29.0,0.2866,7564.0
1753617718505,12:01:58.505,okx,1INCH/USDT:USDT,0.2864,2226.0,0.2863,11809.0,0.2865,27.0,0.2866,7564.0
1753617718805,12:01:58.805,okx,1INCH/USDT:USDT,0.2864,1649.0,0.2863,11809.0,0.2865,25.0,0.2866,7564.0
1753617719205,12:01:59.205,okx,1INCH/USDT:USDT,0.2864,2740.0,0.2863,11809.0,0.2865,25.0,0.2866,7564.0
1753617720105,12:02:00.105,okx,1INCH/USDT:USDT,0.2864,3251.0,0.2863,12809.0,0.2865,23.0,0.2866,7379.0
1753617720205,12:02:00.205,okx,1INCH/USDT:USDT,0.2864,3251.0,0.2863,12809.0,0.2865,25.0,0.2866,7379.0
1753617720705,12:02:00.705,okx,1INCH/USDT:USDT,0.2864,3251.0,0.2863,14920.0,0.2865,25.0,0.2866,7379.0
1753617720805,12:02:00.805,okx,1INCH/USDT:USDT,0.2864,3251.0,0.2863,14920.0,0.2865,25.0,0.2866,7379.0
1753617721405,12:02:01.405,okx,1INCH/USDT:USDT,0.2864,3251.0,0.2863,14920.0,0.2865,27.0,0.2866,7384.0
1753617721705,12:02:01.705,okx,1INCH/USDT:USDT,0.2864,2493.0,0.2863,14920.0,0.2865,27.0,0.2866,7384.0
1753617722205,12:02:02.205,okx,1INCH/USDT:USDT,0.2864,2493.0,0.2863,14920.0,0.2865,27.0,0.2866,7384.0
1753617722505,12:02:02.505,okx,1INCH/USDT:USDT,0.2864,2021.0,0.2863,13689.0,0.2865,27.0,0.2866,10852.0
1753617723605,12:02:03.605,okx,1INCH/USDT:USDT,0.2864,1986.0,0.2863,12780.0,0.2865,27.0,0.2866,9761.0
1753617724005,12:02:04.005,okx,1INCH/USDT:USDT,0.2864,1112.0,0.2863,11689.0,0.2865,2342.0,0.2866,10856.0
1753617726205,12:02:06.205,okx,1INCH/USDT:USDT,0.2864,1114.0,0.2863,11340.0,0.2865,2346.0,0.2866,10856.0
1753617726705,12:02:06.705,okx,1INCH/USDT:USDT,0.2864,1114.0,0.2863,11340.0,0.2865,2346.0,0.2866,11205.0
1753617726905,12:02:06.905,okx,1INCH/USDT:USDT,0.2864,1114.0,0.2863,11340.0,0.2865,2346.0,0.2866,11205.0
1753617727705,12:02:07.705,okx,1INCH/USDT:USDT,0.2864,1114.0,0.2863,11340.0,0.2865,2985.0,0.2866,11205.0
1753617728605,12:02:08.605,okx,1INCH/USDT:USDT,0.2864,1114.0,0.2863,11340.0,0.2865,2985.0,0.2866,10868.0
1753617728705,12:02:08.705,okx,1INCH/USDT:USDT,0.2864,1114.0,0.2863,11340.0,0.2865,2985.0,0.2866,10872.0
1753617729005,12:02:09.005,okx,1INCH/USDT:USDT,0.2864,1114.0,0.2863,11340.0,0.2865,2985.0,0.2866,10872.0
1753617729405,12:02:09.405,okx,1INCH/USDT:USDT,0.2864,1114.0,0.2863,11340.0,0.2865,3020.0,0.2866,10872.0
1753617729805,12:02:09.805,okx,1INCH/USDT:USDT,0.2864,1114.0,0.2863,12098.0,0.2865,2048.0,0.2866,11205.0
1753617730005,12:02:10.005,okx,1INCH/USDT:USDT,0.2864,1114.0,0.2863,11340.0,0.2865,3020.0,0.2866,11205.0
1753617730905,12:02:10.905,okx,1INCH/USDT:USDT,0.2864,1114.0,0.2863,11340.0,0.2865,3020.0,0.2866,11205.0
1753617731105,12:02:11.105,okx,1INCH/USDT:USDT,0.2864,1114.0,0.2863,11340.0,0.2865,3020.0,0.2866,11205.0
1753617731205,12:02:11.205,okx,1INCH/USDT:USDT,0.2864,1114.0,0.2863,11340.0,0.2865,3020.0,0.2866,11205.0
1753617733205,12:02:13.205,okx,1INCH/USDT:USDT,0.2864,1061.0,0.2863,8866.0,0.2865,2048.0,0.2866,10681.0
1753617733305,12:02:13.305,okx,1INCH/USDT:USDT,0.2864,1061.0,0.2863,8866.0,0.2865,2048.0,0.2866,10681.0
1753617733405,12:02:13.405,okx,1INCH/USDT:USDT,0.2864,1061.0,0.2863,8866.0,0.2865,2048.0,0.2866,10681.0
1753617734705,12:02:14.705,okx,1INCH/USDT:USDT,0.2864,2860.0,0.2863,8866.0,0.2865,66.0,0.2866,7565.0
1753617735005,12:02:15.005,okx,1INCH/USDT:USDT,0.2864,2860.0,0.2863,8866.0,0.2865,66.0,0.2866,7565.0
1753617735105,12:02:15.105,okx,1INCH/USDT:USDT,0.2864,2860.0,0.2863,8866.0,0.2865,31.0,0.2866,7565.0
1753617735305,12:02:15.305,okx,1INCH/USDT:USDT,0.2864,5017.0,0.2863,9215.0,0.2866,1259.0,0.2867,15222.0
1753617735505,12:02:15.505,okx,1INCH/USDT:USDT,0.2864,2926.0,0.2863,8882.0,0.2866,1855.0,0.2867,15222.0
1753617735705,12:02:15.705,okx,1INCH/USDT:USDT,0.2864,3259.0,0.2863,9405.0,0.2866,1521.0,0.2867,14175.0
1753617735905,12:02:15.905,okx,1INCH/USDT:USDT,0.2864,2926.0,0.2863,9405.0,0.2866,2756.0,0.2867,14175.0
1753617736805,12:02:16.805,okx,1INCH/USDT:USDT,0.2864,2926.0,0.2863,9405.0,0.2866,3529.0,0.2867,15175.0
1753617738005,12:02:18.005,okx,1INCH/USDT:USDT,0.2864,583.0,0.2863,9049.0,0.2865,1059.0,0.2866,14529.0
1753617738205,12:02:18.205,okx,1INCH/USDT:USDT,0.2864,564.0,0.2863,9381.0,0.2865,1062.0,0.2866,14606.0
1753617739105,12:02:19.105,okx,1INCH/USDT:USDT,0.2865,764.0,0.2864,7203.0,0.2866,1966.0,0.2867,11769.0
1753617739205,12:02:19.205,okx,1INCH/USDT:USDT,0.2865,334.0,0.2864,8995.0,0.2866,195.0,0.2867,10374.0
1753617739305,12:02:19.305,okx,1INCH/USDT:USDT,0.2865,1099.0,0.2864,8995.0,0.2866,1256.0,0.2867,10374.0
1753617739505,12:02:19.505,okx,1INCH/USDT:USDT,0.2864,5985.0,0.2863,8646.0,0.2866,1612.0,0.2867,10267.0
1753617739605,12:02:19.605,okx,1INCH/USDT:USDT,0.2864,5985.0,0.2863,8646.0,0.2866,1612.0,0.2867,11995.0
1753617740205,12:02:20.205,okx,1INCH/USDT:USDT,0.2864,5985.0,0.2863,8646.0,0.2866,1612.0,0.2867,11996.0
1753617740605,12:02:20.605,okx,1INCH/USDT:USDT,0.2865,1670.0,0.2864,5203.0,0.2866,1256.0,0.2867,10374.0
1753617740805,12:02:20.805,okx,1INCH/USDT:USDT,0.2865,549.0,0.2864,5203.0,0.2866,1256.0,0.2867,10707.0
1753617741105,12:02:21.105,okx,1INCH/USDT:USDT,0.2865,565.0,0.2864,5203.0,0.2866,1256.0,0.2867,10707.0
1753617741805,12:02:21.805,okx,1INCH/USDT:USDT,0.2865,1443.0,0.2864,4439.0,0.2866,1397.0,0.2867,11471.0
