timestamp,time,exchange,symbol,bid,bidVolume,ask,askVolume,lastPrice,baseVolume,quoteVolume
1753504538474,04:35:38.474,bybit,AAVE/USDT:USDT,297.04,1.45,297.05,4.1,297.05,366810.29,106837393.887
1753504539374,04:35:39.374,bybit,AAVE/USDT:USDT,297.04,0.03,297.05,4.1,297.05,366810.29,106837393.887
1753504540083,04:35:40.083,okx,AAVE/USDT:USDT,296.96,4.0,296.97,84.0,296.98,4411748.7,
1753504540375,04:35:40.375,bybit,AAVE/USDT:USDT,297.04,0.03,297.05,4.53,297.05,366810.29,106837393.887
1753504540460,04:35:40.460,okx,AAVE/USDT:USDT,296.96,5.0,296.97,177.4,296.98,4411748.7,
1753504540589,04:35:40.589,okx,AAVE/USDT:USDT,296.96,5.0,296.97,84.0,296.98,4411748.7,
1753504540674,04:35:40.674,bybit,AAVE/USDT:USDT,297.04,4.21,297.05,0.98,297.05,366810.29,106837393.887
1753504540694,04:35:40.694,okx,AAVE/USDT:USDT,296.96,5.0,296.97,85.6,296.98,4411748.7,
1753504540774,04:35:40.774,bybit,AAVE/USDT:USDT,297.06,7.51,297.08,0.04,297.05,366811.27,106837684.996
1753504540801,04:35:40.801,okx,AAVE/USDT:USDT,296.99,244.6,297.01,1.7,297.0,4411750.8,
1753504541029,04:35:41.029,bitget,AAVE/USDT:USDT,297.28,2.5,297.3,0.5,297.3,255196.8,74262520.204
1753504541075,04:35:41.075,bybit,AAVE/USDT:USDT,297.08,3.04,297.09,0.02,297.05,366811.27,106837684.996
1753504541111,04:35:41.111,okx,AAVE/USDT:USDT,297.0,389.5,297.01,1.9,297.0,4411750.8,
1753504541374,04:35:41.374,bybit,AAVE/USDT:USDT,297.13,7.21,297.14,0.02,297.12,366812.72,106838115.8046
1753504541353,04:35:41.353,bitget,AAVE/USDT:USDT,297.28,2.5,297.3,0.5,297.3,255196.8,74262520.204
1753504541442,04:35:41.442,okx,AAVE/USDT:USDT,297.06,254.0,297.07,69.9,297.06,4411921.5,
1753504541474,04:35:41.474,bybit,AAVE/USDT:USDT,297.13,7.21,297.14,0.02,297.12,366812.72,106838115.8046
1753504541557,04:35:41.557,okx,AAVE/USDT:USDT,297.06,271.4,297.07,69.9,297.06,4411921.5,
1753504541689,04:35:41.689,bitget,AAVE/USDT:USDT,297.36,3.7,297.37,2.4,297.3,255196.8,74262520.204
1753504542674,04:35:42.674,bybit,AAVE/USDT:USDT,297.13,8.14,297.14,0.02,297.12,366812.72,106838115.8046
1753504542674,04:35:42.674,bitget,AAVE/USDT:USDT,297.36,4.5,297.37,0.5,297.3,255196.8,74262520.204
1753504542874,04:35:42.874,bybit,AAVE/USDT:USDT,297.13,8.46,297.14,0.02,297.12,366812.72,106838115.8046
1753504542985,04:35:42.985,okx,AAVE/USDT:USDT,297.07,243.4,297.08,138.5,297.07,4411991.4,
1753504543083,04:35:43.083,bitget,AAVE/USDT:USDT,297.36,4.5,297.37,0.5,297.3,255186.0,74259309.74
1753504543110,04:35:43.110,okx,AAVE/USDT:USDT,297.07,345.1,297.08,138.5,297.07,4411991.4,
1753504543211,04:35:43.211,okx,AAVE/USDT:USDT,297.07,351.9,297.08,138.5,297.07,4411991.4,
1753504543275,04:35:43.275,bybit,AAVE/USDT:USDT,297.13,7.55,297.14,0.02,297.12,366812.72,106838115.8046
1753504543366,04:35:43.366,okx,AAVE/USDT:USDT,297.07,351.9,297.08,138.5,297.07,4411991.4,
1753504543468,04:35:43.468,okx,AAVE/USDT:USDT,297.07,243.4,297.08,138.5,297.07,4411991.4,
1753504543607,04:35:43.607,okx,AAVE/USDT:USDT,297.07,321.8,297.08,138.0,297.07,4411991.4,
1753504543696,04:35:43.696,bitget,AAVE/USDT:USDT,297.36,4.3,297.37,0.5,297.3,255196.8,74262520.204
1753504543711,04:35:43.711,okx,AAVE/USDT:USDT,297.07,330.1,297.08,138.0,297.07,4411991.4,
1753504543885,04:35:43.885,gateio,AAVE/USDT:USDT,,,,,297.16,355668.0,105690546.0
1753504542086,04:35:42.086,binance,AAVE/USDT:USDT,,,,,297.03,1043927.7,303615033.938
1753504543980,04:35:43.980,okx,AAVE/USDT:USDT,297.07,219.8,297.08,138.0,297.07,4411991.4,
1753504544074,04:35:44.074,bybit,AAVE/USDT:USDT,297.13,6.04,297.14,0.02,297.12,366812.72,106838115.8046
1753504544086,04:35:44.086,okx,AAVE/USDT:USDT,297.07,64.1,297.08,138.0,297.07,4411991.4,
1753504544354,04:35:44.354,bitget,AAVE/USDT:USDT,297.36,0.8,297.37,1.0,297.3,255196.8,74262520.204
1753504544674,04:35:44.674,bybit,AAVE/USDT:USDT,297.13,7.33,297.14,0.02,297.12,366812.72,106838115.8046
1753504544666,04:35:44.666,bitget,AAVE/USDT:USDT,297.36,0.8,297.37,1.0,297.3,255196.8,74262520.204
1753504544675,04:35:44.675,okx,AAVE/USDT:USDT,297.07,113.5,297.08,138.0,297.07,4411991.4,
1753504544797,04:35:44.797,okx,AAVE/USDT:USDT,297.07,222.0,297.08,138.0,297.07,4411991.4,
1753504544936,04:35:44.936,gateio,AAVE/USDT:USDT,,,,,297.16,355668.0,105690546.0
1753504545113,04:35:45.113,okx,AAVE/USDT:USDT,297.07,241.7,297.08,138.0,297.07,4411991.4,
1753504545174,04:35:45.174,bybit,AAVE/USDT:USDT,297.13,7.33,297.18,0.18,297.18,366814.08,106838519.9427
1753504545214,04:35:45.214,okx,AAVE/USDT:USDT,297.07,242.7,297.08,138.0,297.07,4411991.4,
1753504545275,04:35:45.275,bybit,AAVE/USDT:USDT,297.16,0.37,297.18,0.2,297.18,366814.08,106838519.9427
1753504545374,04:35:45.374,bybit,AAVE/USDT:USDT,297.16,0.37,297.17,0.24,297.18,366814.08,106838519.9427
1753504545346,04:35:45.346,bitget,AAVE/USDT:USDT,297.36,1.4,297.37,1.0,297.3,255196.8,74262520.204
1753504545364,04:35:45.364,okx,AAVE/USDT:USDT,297.07,134.2,297.08,138.0,297.07,4411991.4,
1753504545474,04:35:45.474,bybit,AAVE/USDT:USDT,297.16,0.43,297.17,0.24,297.18,366814.08,106838519.9427
1753504545482,04:35:45.482,okx,AAVE/USDT:USDT,297.07,134.2,297.08,138.1,297.07,4411991.4,
1753504545574,04:35:45.574,bybit,AAVE/USDT:USDT,297.16,0.43,297.17,1.53,297.18,366814.08,106838519.9427
1753504545601,04:35:45.601,okx,AAVE/USDT:USDT,297.07,107.5,297.08,138.1,297.07,4411991.4,
1753504545674,04:35:45.674,bybit,AAVE/USDT:USDT,297.16,1.22,297.17,1.53,297.18,366814.08,106838519.9427
1753504545708,04:35:45.708,okx,AAVE/USDT:USDT,297.07,64.9,297.08,138.1,297.07,4411991.4,
1753504544652,04:35:44.652,binance,AAVE/USDT:USDT,,,,,297.04,1043927.9,303615093.346
1753504546063,04:35:46.063,bitget,AAVE/USDT:USDT,297.36,0.8,297.37,1.0,297.3,255196.8,74262520.204
1753504546375,04:35:46.375,bitget,AAVE/USDT:USDT,297.36,1.4,297.37,1.0,297.3,255196.8,74262520.204
1753504546521,04:35:46.521,okx,AAVE/USDT:USDT,297.07,87.8,297.08,138.1,297.07,4411991.4,
1753504546574,04:35:46.574,bybit,AAVE/USDT:USDT,297.16,1.22,297.17,1.53,297.18,366814.08,106838519.9427
1753504546674,04:35:46.674,bybit,AAVE/USDT:USDT,297.16,1.22,297.17,4.11,297.18,366814.08,106838519.9427
1753504546667,04:35:46.667,okx,AAVE/USDT:USDT,297.07,64.9,297.08,138.1,297.07,4411991.4,
1753504546723,04:35:46.723,bitget,AAVE/USDT:USDT,297.36,0.8,297.37,1.0,297.3,255196.8,74262520.204
1753504546774,04:35:46.774,okx,AAVE/USDT:USDT,297.07,17.7,297.08,306.7,297.07,4411991.4,
1753504546874,04:35:46.874,bybit,AAVE/USDT:USDT,297.11,0.37,297.12,0.72,297.16,366815.3,106838882.4779
1753504546887,04:35:46.887,gateio,AAVE/USDT:USDT,,,,,297.14,355675.0,105685446.0
1753504546882,04:35:46.882,okx,AAVE/USDT:USDT,297.07,17.7,297.08,349.3,297.07,4411991.4,
1753504546974,04:35:46.974,bybit,AAVE/USDT:USDT,297.11,0.37,297.12,0.72,297.16,366815.3,106838882.4779
1753504547064,04:35:47.064,bitget,AAVE/USDT:USDT,297.35,25.8,297.36,2.2,297.3,255196.8,74262520.204
1753504547116,04:35:47.116,okx,AAVE/USDT:USDT,297.07,17.7,297.08,349.5,297.07,4411991.4,
1753504547174,04:35:47.174,bybit,AAVE/USDT:USDT,297.1,0.04,297.11,1.03,297.16,366815.3,106838882.4779
1753504547221,04:35:47.221,okx,AAVE/USDT:USDT,297.07,9.5,297.08,349.5,297.07,4411991.4,
1753504547374,04:35:47.374,bybit,AAVE/USDT:USDT,297.1,0.41,297.11,0.61,297.16,366815.3,106838882.4779
1753504547379,04:35:47.379,bitget,AAVE/USDT:USDT,297.33,1.3,297.34,0.5,297.3,255196.8,74262520.204
1753504547368,04:35:47.368,okx,AAVE/USDT:USDT,297.07,9.5,297.08,211.8,297.07,4411991.4,
1753504547474,04:35:47.474,bybit,AAVE/USDT:USDT,297.1,0.41,297.11,0.61,297.16,366815.3,106838882.4779
1753504547611,04:35:47.611,okx,AAVE/USDT:USDT,297.03,3.0,297.08,150.7,297.03,4412011.4,
1753504547774,04:35:47.774,bybit,AAVE/USDT:USDT,297.1,1.89,297.11,0.61,297.16,366815.3,106838882.4779
1753504547814,04:35:47.814,okx,AAVE/USDT:USDT,297.03,71.1,297.04,22.1,297.03,4412011.4,
1753504547874,04:35:47.874,bybit,AAVE/USDT:USDT,297.11,0.37,297.13,0.42,297.16,366815.3,106838882.4779
1753504547553,04:35:47.553,binance,AAVE/USDT:USDT,,,,,297.02,1043932.5,303616459.667
1753504547970,04:35:47.970,okx,AAVE/USDT:USDT,297.05,28.4,297.06,22.1,297.03,4412011.4,
1753504548074,04:35:48.074,bybit,AAVE/USDT:USDT,297.11,1.85,297.13,0.42,297.16,366815.3,106838882.4779
1753504548074,04:35:48.074,okx,AAVE/USDT:USDT,297.05,28.6,297.06,22.1,297.03,4412011.4,
1753504548310,04:35:48.310,okx,AAVE/USDT:USDT,297.05,28.6,297.06,42.5,297.03,4412011.4,
1753504548412,04:35:48.412,okx,AAVE/USDT:USDT,297.05,28.6,297.06,43.8,297.03,4412011.4,
1753504548774,04:35:48.774,bybit,AAVE/USDT:USDT,297.11,0.37,297.13,0.42,297.16,366815.3,106838882.4779
1753504549074,04:35:49.074,okx,AAVE/USDT:USDT,297.05,8.4,297.06,43.8,297.03,4412011.4,
1753504549212,04:35:49.212,okx,AAVE/USDT:USDT,297.05,8.4,297.06,43.9,297.03,4412011.4,
1753504549774,04:35:49.774,bybit,AAVE/USDT:USDT,297.11,1.85,297.13,0.42,297.16,366815.3,106838882.4779
1753504549874,04:35:49.874,bybit,AAVE/USDT:USDT,297.12,5.07,297.14,0.04,297.16,366815.3,106838882.4779
1753504549907,04:35:49.907,okx,AAVE/USDT:USDT,297.05,28.6,297.06,23.7,297.03,4412011.4,
1753504549975,04:35:49.975,bybit,AAVE/USDT:USDT,297.14,0.37,297.16,2.6,297.16,366815.3,106838882.4779
1753504549998,04:35:49.998,bitget,AAVE/USDT:USDT,297.36,0.5,297.37,2.1,297.3,255196.8,74262520.204
1753504550011,04:35:50.011,okx,AAVE/USDT:USDT,297.05,93.3,297.06,1.8,297.03,4412011.4,
1753504550075,04:35:50.075,bybit,AAVE/USDT:USDT,297.14,0.37,297.15,0.42,297.16,366815.3,106838882.4779
1753504550166,04:35:50.166,okx,AAVE/USDT:USDT,297.05,162.9,297.06,1.8,297.03,4412011.4,
1753504550268,04:35:50.268,okx,AAVE/USDT:USDT,297.05,201.8,297.06,1.8,297.03,4412011.4,
1753504550375,04:35:50.375,okx,AAVE/USDT:USDT,297.05,111.7,297.06,1.8,297.03,4412011.4,
1753504550424,04:35:50.424,bitget,AAVE/USDT:USDT,297.36,0.8,297.37,2.1,297.3,255196.8,74262520.204
1753504550548,04:35:50.548,binance,AAVE/USDT:USDT,,,,,297.02,1043932.6,303616489.369
1753504550614,04:35:50.614,okx,AAVE/USDT:USDT,297.05,220.4,297.06,1.8,297.03,4412011.4,
1753504550674,04:35:50.674,bybit,AAVE/USDT:USDT,297.13,0.37,297.14,1.86,297.16,366815.3,106838882.4779
1753504550719,04:35:50.719,okx,AAVE/USDT:USDT,297.05,70.8,297.06,1.8,297.03,4412011.4,
1753504550774,04:35:50.774,bybit,AAVE/USDT:USDT,297.13,0.37,297.14,1.86,297.16,366815.3,106838882.4779
1753504550882,04:35:50.882,bitget,AAVE/USDT:USDT,297.36,0.3,297.37,4.1,297.3,255196.8,74262520.204
1753504551007,04:35:51.007,okx,AAVE/USDT:USDT,297.05,202.0,297.06,1.8,297.03,4412011.4,
1753504551110,04:35:51.110,okx,AAVE/USDT:USDT,297.05,93.5,297.06,1.8,297.03,4412011.4,
1753504551174,04:35:51.174,bybit,AAVE/USDT:USDT,297.12,0.44,297.14,2.37,297.16,366815.3,106838882.4779
1753504551216,04:35:51.216,okx,AAVE/USDT:USDT,297.05,71.0,297.06,1.8,297.03,4412011.4,
1753504551275,04:35:51.275,bybit,AAVE/USDT:USDT,297.11,0.37,297.13,0.51,297.16,366815.3,106838882.4779
1753504551355,04:35:51.355,okx,AAVE/USDT:USDT,297.05,71.0,297.06,22.0,297.03,4412011.4,
1753504551479,04:35:51.479,okx,AAVE/USDT:USDT,297.05,50.8,297.06,65.1,297.03,4412011.4,
1753504551600,04:35:51.600,okx,AAVE/USDT:USDT,297.05,50.8,297.06,44.9,297.03,4412011.4,
1753504551854,04:35:51.854,bitget,AAVE/USDT:USDT,297.33,1.5,297.34,2.8,297.3,255196.8,74262520.204
1753504552114,04:35:52.114,okx,AAVE/USDT:USDT,297.05,8.4,297.06,153.4,297.03,4412011.4,
1753504552275,04:35:52.275,bybit,AAVE/USDT:USDT,297.11,0.37,297.12,0.42,297.16,366815.3,106838882.4779
1753504552464,04:35:52.464,bitget,AAVE/USDT:USDT,297.33,1.5,297.34,1.0,297.3,255196.8,74262520.204
1753504552201,04:35:52.201,binance,AAVE/USDT:USDT,,,,,297.02,1043938.5,303618241.787
1753504552577,04:35:52.577,okx,AAVE/USDT:USDT,297.05,8.5,297.06,153.4,297.03,4412011.4,
1753504552807,04:35:52.807,okx,AAVE/USDT:USDT,297.05,8.5,297.06,173.7,297.03,4412011.4,
1753504552911,04:35:52.911,gateio,AAVE/USDT:USDT,,,,,297.09,355682.0,105669588.0
1753504552974,04:35:52.974,bybit,AAVE/USDT:USDT,297.1,0.04,297.11,1.93,297.16,366815.3,106838882.4779
1753504553075,04:35:53.075,bybit,AAVE/USDT:USDT,297.1,0.02,297.11,1.93,297.16,366815.3,106838882.4779
1753504553073,04:35:53.073,okx,AAVE/USDT:USDT,297.05,0.1,297.06,173.7,297.03,4412011.4,
1753504553202,04:35:53.202,okx,AAVE/USDT:USDT,297.05,0.1,297.06,174.0,297.03,4412011.4,
1753504553645,04:35:53.645,bitget,AAVE/USDT:USDT,297.33,0.7,297.34,3.3,297.3,255196.8,74262520.204
1753504553894,04:35:53.894,gateio,AAVE/USDT:USDT,,,,,297.09,355664.0,105682036.0
1753504553970,04:35:53.970,bitget,AAVE/USDT:USDT,297.33,0.7,297.34,3.3,297.3,255196.8,74262520.204
1753504554305,04:35:54.305,bitget,AAVE/USDT:USDT,297.33,1.0,297.34,3.3,297.3,255196.8,74262520.204
1753504554374,04:35:54.374,bybit,AAVE/USDT:USDT,297.11,0.37,297.12,0.42,297.16,366815.3,106838882.4779
1753504554474,04:35:54.474,bybit,AAVE/USDT:USDT,297.12,0.59,297.13,0.42,297.16,366815.3,106838882.4779
1753504554490,04:35:54.490,okx,AAVE/USDT:USDT,297.05,28.5,297.06,23.3,297.03,4412011.4,
1753504554201,04:35:54.201,binance,AAVE/USDT:USDT,,,,,297.01,1043939.4,303618509.104
1753504554607,04:35:54.607,okx,AAVE/USDT:USDT,297.05,51.0,297.06,23.5,297.03,4412011.4,
1753504554674,04:35:54.674,bybit,AAVE/USDT:USDT,297.12,0.59,297.13,0.52,297.16,366815.3,106838882.4779
1753504554671,04:35:54.671,bitget,AAVE/USDT:USDT,297.33,2.1,297.35,0.5,297.3,255196.8,74262520.204
1753504554715,04:35:54.715,okx,AAVE/USDT:USDT,297.05,51.2,297.06,23.5,297.03,4412011.4,
1753504554983,04:35:54.983,bitget,AAVE/USDT:USDT,297.35,0.5,297.36,0.5,297.3,255196.8,74262520.204
1753504555167,04:35:55.167,okx,AAVE/USDT:USDT,297.05,51.2,297.06,3.3,297.03,4412011.4,
1753504555374,04:35:55.374,bybit,AAVE/USDT:USDT,297.11,1.66,297.12,0.05,297.16,366815.3,106838882.4779
1753504555347,04:35:55.347,bitget,AAVE/USDT:USDT,297.35,0.8,297.36,1.0,297.35,255196.8,74262520.204
1753504555407,04:35:55.407,okx,AAVE/USDT:USDT,297.05,55.7,297.06,22.3,297.03,4412011.4,
1753504555474,04:35:55.474,bybit,AAVE/USDT:USDT,297.11,0.37,297.12,1.97,297.16,366815.3,106838882.4779
1753504555509,04:35:55.509,okx,AAVE/USDT:USDT,297.05,13.0,297.06,169.9,297.03,4412011.4,
1753504555574,04:35:55.574,bybit,AAVE/USDT:USDT,297.1,0.04,297.11,0.42,297.16,366815.3,106838882.4779
1753504555611,04:35:55.611,okx,AAVE/USDT:USDT,297.05,8.5,297.06,170.4,297.03,4412011.4,
1753504555761,04:35:55.761,bitget,AAVE/USDT:USDT,297.33,0.7,297.34,0.5,297.35,255196.8,74262520.204
1753504555878,04:35:55.878,gateio,AAVE/USDT:USDT,,,,,297.1,355669.0,105669366.0
1753504555870,04:35:55.870,okx,AAVE/USDT:USDT,297.05,0.1,297.06,170.4,297.03,4412011.4,
1753504556074,04:35:56.074,bybit,AAVE/USDT:USDT,297.1,0.02,297.11,0.42,297.16,366815.3,106838882.4779
1753504556078,04:35:56.078,bitget,AAVE/USDT:USDT,297.33,0.7,297.34,3.3,297.35,255196.8,74262520.204
1753504556274,04:35:56.274,bybit,AAVE/USDT:USDT,297.1,0.02,297.11,0.55,297.16,366815.3,106838882.4779
1753504556469,04:35:56.469,okx,AAVE/USDT:USDT,297.05,0.1,297.06,169.7,297.03,4412011.4,
1753504555192,04:35:55.192,binance,AAVE/USDT:USDT,,,,,297.02,1043939.9,303618657.614
1753504556606,04:35:56.606,okx,AAVE/USDT:USDT,297.05,0.3,297.06,169.7,297.03,4412011.4,
1753504556674,04:35:56.674,bybit,AAVE/USDT:USDT,297.1,1.49,297.11,0.13,297.16,366815.3,106838882.4779
1753504556710,04:35:56.710,okx,AAVE/USDT:USDT,297.05,0.3,297.06,196.8,297.03,4412011.4,
1753504556801,04:35:56.801,bitget,AAVE/USDT:USDT,297.33,1.5,297.34,0.5,297.35,255197.8,74262817.554
1753504556811,04:35:56.811,okx,AAVE/USDT:USDT,297.05,8.5,297.06,48.3,297.03,4412011.4,
1753504557110,04:35:57.110,bitget,AAVE/USDT:USDT,297.33,1.5,297.34,0.5,297.35,255197.8,74262817.554
1753504557422,04:35:57.422,bitget,AAVE/USDT:USDT,297.33,1.5,297.34,0.5,297.35,255197.8,74262817.554
1753504557467,04:35:57.467,okx,AAVE/USDT:USDT,297.05,8.7,297.06,130.3,297.03,4412011.4,
1753504557574,04:35:57.574,bybit,AAVE/USDT:USDT,297.1,2.93,297.11,0.13,297.16,366815.3,106838882.4779
1753504557607,04:35:57.607,okx,AAVE/USDT:USDT,297.05,28.9,297.06,51.1,297.03,4412011.4,
1753504557674,04:35:57.674,bybit,AAVE/USDT:USDT,297.1,4.42,297.11,0.13,297.16,366815.3,106838882.4779
1753504557710,04:35:57.710,okx,AAVE/USDT:USDT,297.05,28.9,297.06,30.3,297.03,4412011.4,
1753504557775,04:35:57.775,bybit,AAVE/USDT:USDT,297.1,4.51,297.11,0.13,297.16,366815.3,106838882.4779
1753504557751,04:35:57.751,bitget,AAVE/USDT:USDT,297.33,1.5,297.34,0.5,297.35,255197.8,74262817.554
1753504557874,04:35:57.874,bybit,AAVE/USDT:USDT,297.1,6.74,297.11,0.13,297.16,366815.3,106838882.4779
1753504557864,04:35:57.864,okx,AAVE/USDT:USDT,297.05,218.6,297.06,30.3,297.03,4412011.4,
1753504557976,04:35:57.976,okx,AAVE/USDT:USDT,297.05,110.3,297.06,30.3,297.03,4412011.4,
1753504558095,04:35:58.095,okx,AAVE/USDT:USDT,297.05,83.6,297.06,30.3,297.03,4412011.4,
1753504558174,04:35:58.174,bybit,AAVE/USDT:USDT,297.14,0.37,297.15,0.59,297.11,366815.43,106838921.1022
1753504558210,04:35:58.210,okx,AAVE/USDT:USDT,297.05,213.5,297.06,30.3,297.03,4412011.4,
1753504558274,04:35:58.274,bybit,AAVE/USDT:USDT,297.14,0.37,297.15,0.59,297.11,366815.43,106838921.1022
1753504558359,04:35:58.359,okx,AAVE/USDT:USDT,297.05,83.8,297.06,30.3,297.03,4412011.4,
1753504558475,04:35:58.475,bybit,AAVE/USDT:USDT,297.14,1.86,297.15,0.17,297.11,366815.43,106838921.1022
1753504558468,04:35:58.468,okx,AAVE/USDT:USDT,297.05,169.8,297.06,30.3,297.03,4412011.4,
1753504558483,04:35:58.483,bitget,AAVE/USDT:USDT,297.36,0.5,297.37,2.5,297.35,255197.8,74262817.554
1753504558575,04:35:58.575,bybit,AAVE/USDT:USDT,297.14,0.37,297.15,1.37,297.11,366815.43,106838921.1022
1753504558505,04:35:58.505,binance,AAVE/USDT:USDT,,,,,297.02,1043941.1,303619014.038
1753504558592,04:35:58.592,okx,AAVE/USDT:USDT,297.05,110.2,297.06,30.3,297.03,4412011.4,
1753504558874,04:35:58.874,bybit,AAVE/USDT:USDT,297.14,1.86,297.15,0.03,297.11,366815.43,106838921.1022
1753504558863,04:35:58.863,okx,AAVE/USDT:USDT,297.05,248.7,297.06,30.3,297.03,4412011.4,
1753504558895,04:35:58.895,gateio,AAVE/USDT:USDT,,,,,297.14,355674.0,105685144.0
1753504558971,04:35:58.971,okx,AAVE/USDT:USDT,297.05,222.2,297.06,30.3,297.03,4412011.4,
1753504559106,04:35:59.106,bitget,AAVE/USDT:USDT,297.34,3.0,297.36,1.0,297.35,255198.0,74262877.026
1753504559365,04:35:59.365,okx,AAVE/USDT:USDT,297.05,248.7,297.06,30.3,297.03,4412011.4,
1753504559474,04:35:59.474,bybit,AAVE/USDT:USDT,297.14,0.37,297.15,0.36,297.11,366815.43,106838921.1022
1753504559467,04:35:59.467,bitget,AAVE/USDT:USDT,297.34,3.0,297.36,0.5,297.35,255198.0,74262877.026
1753504559477,04:35:59.477,okx,AAVE/USDT:USDT,297.05,113.7,297.06,30.3,297.03,4412011.4,
1753504559608,04:35:59.608,okx,AAVE/USDT:USDT,297.05,221.9,297.06,30.3,297.03,4412011.4,
1753504559709,04:35:59.709,okx,AAVE/USDT:USDT,297.05,104.8,297.06,15.9,297.05,4412020.2,
1753504559774,04:35:59.774,bybit,AAVE/USDT:USDT,297.14,0.37,297.15,1.73,297.11,366815.43,106838921.1022
1753504559781,04:35:59.781,bitget,AAVE/USDT:USDT,297.34,3.0,297.36,0.5,297.35,255198.0,74262877.026
1753504559819,04:35:59.819,okx,AAVE/USDT:USDT,297.05,104.8,297.06,15.9,297.05,4412020.2,
1753504559882,04:35:59.882,gateio,AAVE/USDT:USDT,,,,,297.14,355674.0,105685144.0
1753504559974,04:35:59.974,bybit,AAVE/USDT:USDT,297.13,0.37,297.14,1.49,297.11,366815.43,106838921.1022
1753504559969,04:35:59.969,okx,AAVE/USDT:USDT,297.05,87.6,297.06,15.9,297.05,4412020.2,
1753504560074,04:36:00.074,bybit,AAVE/USDT:USDT,297.12,1.46,297.14,1.49,297.11,366815.43,106838921.1022
1753504560213,04:36:00.213,okx,AAVE/USDT:USDT,297.05,20.4,297.06,34.7,297.06,4395358.2,
1753504560274,04:36:00.274,bybit,AAVE/USDT:USDT,297.11,3.37,297.14,1.49,297.11,366815.43,106838921.1022
1753504560316,04:36:00.316,okx,AAVE/USDT:USDT,297.05,20.4,297.06,34.9,297.06,4395358.2,
1753504560374,04:36:00.374,bybit,AAVE/USDT:USDT,297.12,0.37,297.14,1.49,297.11,366815.43,106838921.1022
1753504560429,04:36:00.429,okx,AAVE/USDT:USDT,297.05,20.4,297.06,65.4,297.06,4395358.2,
1753504560545,04:36:00.545,okx,AAVE/USDT:USDT,297.05,20.4,297.06,179.3,297.06,4395358.2,
1753504560544,04:36:00.544,bitget,AAVE/USDT:USDT,297.34,0.3,297.35,1.0,297.35,255196.8,74262520.204
1753504560041,04:36:00.041,binance,AAVE/USDT:USDT,,,,,297.01,1039129.6,302243998.947
1753504560919,04:36:00.919,okx,AAVE/USDT:USDT,297.05,20.4,297.06,22.2,297.06,4395358.2,
1753504561070,04:36:01.070,okx,AAVE/USDT:USDT,297.05,20.4,297.06,34.4,297.06,4395358.2,
1753504561170,04:36:01.170,bitget,AAVE/USDT:USDT,297.34,0.3,297.35,1.0,297.35,254764.0,74138540.288
1753504561498,04:36:01.498,bitget,AAVE/USDT:USDT,297.34,0.3,297.35,1.0,297.35,254764.0,74138540.288
1753504561574,04:36:01.574,bybit,AAVE/USDT:USDT,297.12,1.86,297.14,1.49,297.11,366815.43,106838921.1022
1753504561674,04:36:01.674,bybit,AAVE/USDT:USDT,297.13,0.37,297.14,1.49,297.11,366815.43,106838921.1022
1753504561653,04:36:01.653,okx,AAVE/USDT:USDT,297.05,55.6,297.06,34.0,297.06,4395358.2,
1753504561802,04:36:01.802,okx,AAVE/USDT:USDT,297.05,55.6,297.06,13.5,297.06,4395358.2,
1753504561880,04:36:01.880,gateio,AAVE/USDT:USDT,,,,,297.12,355679.0,105679492.0
1753504561856,04:36:01.856,bitget,AAVE/USDT:USDT,297.34,0.3,297.35,0.5,297.35,254764.0,74138540.288
1753504561908,04:36:01.908,okx,AAVE/USDT:USDT,297.05,55.6,297.06,13.9,297.06,4395358.2,
1753504562174,04:36:02.174,bybit,AAVE/USDT:USDT,297.13,0.37,297.14,1.49,297.11,366815.43,106838921.1022
1753504562222,04:36:02.222,bitget,AAVE/USDT:USDT,297.34,0.3,297.35,0.5,297.35,254764.0,74138540.288
1753504562235,04:36:02.235,okx,AAVE/USDT:USDT,297.05,55.6,297.06,14.1,297.06,4395358.2,
1753504562369,04:36:02.369,okx,AAVE/USDT:USDT,297.05,55.6,297.06,15.9,297.06,4395358.2,
1753504560620,04:36:00.620,binance,AAVE/USDT:USDT,,,,,297.02,1039130.1,302244147.457
1753504562569,04:36:02.569,bitget,AAVE/USDT:USDT,297.34,0.3,297.35,0.5,297.35,254764.0,74138540.288
1753504562715,04:36:02.715,okx,AAVE/USDT:USDT,297.05,83.7,297.06,15.9,297.06,4395358.2,
1753504562875,04:36:02.875,bybit,AAVE/USDT:USDT,297.13,4.44,297.15,0.36,297.11,366815.43,106838921.1022
1753504562846,04:36:02.846,okx,AAVE/USDT:USDT,297.05,217.3,297.06,17.7,297.06,4395358.2,
1753504562925,04:36:02.925,bitget,AAVE/USDT:USDT,297.34,0.9,297.35,0.5,297.35,254764.0,74138540.288
1753504562974,04:36:02.974,bybit,AAVE/USDT:USDT,297.14,0.37,297.15,1.24,297.11,366815.43,106838921.1022
1753504562979,04:36:02.979,okx,AAVE/USDT:USDT,297.05,127.3,297.06,17.7,297.06,4395358.2,
1753504563089,04:36:03.089,okx,AAVE/USDT:USDT,297.05,235.8,297.06,17.7,297.06,4395358.2,
1753504563204,04:36:03.204,okx,AAVE/USDT:USDT,297.05,108.8,297.06,17.4,297.06,4395358.2,
1753504563374,04:36:03.374,bybit,AAVE/USDT:USDT,297.13,0.37,297.15,1.24,297.11,366815.43,106838921.1022
1753504563409,04:36:03.409,okx,AAVE/USDT:USDT,297.05,110.3,297.06,17.4,297.06,4395358.2,
1753504563511,04:36:03.511,okx,AAVE/USDT:USDT,297.05,85.9,297.06,17.4,297.06,4395358.2,
1753504563574,04:36:03.574,bybit,AAVE/USDT:USDT,297.13,0.37,297.14,1.3,297.11,366815.43,106838921.1022
1753504563774,04:36:03.774,bybit,AAVE/USDT:USDT,297.13,0.37,297.14,1.23,297.11,366815.43,106838921.1022
1753504563871,04:36:03.871,okx,AAVE/USDT:USDT,297.05,85.9,297.06,17.4,297.06,4395358.2,
1753504564208,04:36:04.208,bitget,AAVE/USDT:USDT,297.34,0.3,297.35,0.5,297.35,254764.0,74138540.288
1753504564547,04:36:04.547,bitget,AAVE/USDT:USDT,297.34,0.3,297.35,0.5,297.35,254764.0,74138540.288
1753504564567,04:36:04.567,okx,AAVE/USDT:USDT,297.05,85.9,297.06,17.6,297.06,4395358.2,
1753504564874,04:36:04.874,bybit,AAVE/USDT:USDT,297.11,1.46,297.13,1.11,297.12,366815.98,106839084.5219
1753504564906,04:36:04.906,bitget,AAVE/USDT:USDT,297.34,0.3,297.35,0.5,297.35,254764.0,74138540.288
1753504564974,04:36:04.974,bybit,AAVE/USDT:USDT,297.1,0.04,297.12,1.47,297.12,366815.98,106839084.5219
1753504564968,04:36:04.968,okx,AAVE/USDT:USDT,297.05,58.2,297.06,57.2,297.06,4395358.2,
1753504565074,04:36:05.074,bybit,AAVE/USDT:USDT,297.1,0.02,297.11,1.33,297.12,366815.98,106839084.5219
1753504565070,04:36:05.070,okx,AAVE/USDT:USDT,297.05,38.6,297.06,90.1,297.06,4395358.2,
1753504565177,04:36:05.177,okx,AAVE/USDT:USDT,297.05,38.6,297.06,76.0,297.06,4395358.2,
1753504565223,04:36:05.223,bitget,AAVE/USDT:USDT,297.34,0.3,297.35,0.5,297.35,254764.0,74138540.288
1753504565274,04:36:05.274,bybit,AAVE/USDT:USDT,297.1,0.05,297.11,1.68,297.12,366815.98,106839084.5219
1753504565307,04:36:05.307,okx,AAVE/USDT:USDT,297.05,38.6,297.06,184.5,297.06,4395358.2,
1753504565374,04:36:05.374,bybit,AAVE/USDT:USDT,297.13,2.79,297.15,0.66,297.11,366817.66,106839583.6667
1753504565409,04:36:05.409,okx,AAVE/USDT:USDT,297.05,38.6,297.06,76.0,297.06,4395358.2,
1753504565475,04:36:05.475,bybit,AAVE/USDT:USDT,297.12,2.98,297.15,1.09,297.11,366817.66,106839583.6667
1753504565512,04:36:05.512,okx,AAVE/USDT:USDT,297.05,93.0,297.06,17.4,297.06,4395358.2,
1753504565574,04:36:05.574,bybit,AAVE/USDT:USDT,297.12,1.7,297.15,1.09,297.11,366817.66,106839583.6667
1753504565573,04:36:05.573,bitget,AAVE/USDT:USDT,297.33,1.6,297.36,0.5,297.35,254764.0,74138540.288
1753504565659,04:36:05.659,okx,AAVE/USDT:USDT,297.05,93.2,297.06,17.6,297.06,4395358.2,
1753504565774,04:36:05.774,bybit,AAVE/USDT:USDT,297.12,0.2,297.15,1.09,297.11,366817.66,106839583.6667
1753504565875,04:36:05.875,bybit,AAVE/USDT:USDT,297.12,1.7,297.15,1.09,297.11,366817.66,106839583.6667
1753504565909,04:36:05.909,okx,AAVE/USDT:USDT,297.05,93.6,297.06,17.6,297.06,4395358.2,
1753504565974,04:36:05.974,bybit,AAVE/USDT:USDT,297.12,1.7,297.15,1.97,297.11,366817.66,106839583.6667
1753504565968,04:36:05.968,binance,AAVE/USDT:USDT,,,,,297.01,1039130.4,302244236.56
1753504566274,04:36:06.274,bybit,AAVE/USDT:USDT,297.13,0.92,297.15,1.24,297.11,366817.66,106839583.6667
1753504566374,04:36:06.374,bybit,AAVE/USDT:USDT,297.13,2.42,297.15,1.24,297.11,366817.66,106839583.6667
1753504566382,04:36:06.382,okx,AAVE/USDT:USDT,297.05,114.0,297.06,17.6,297.06,4395358.2,
1753504566517,04:36:06.517,okx,AAVE/USDT:USDT,297.05,113.8,297.06,17.6,297.06,4395358.2,
1753504566574,04:36:06.574,bybit,AAVE/USDT:USDT,297.13,0.92,297.15,1.24,297.11,366817.66,106839583.6667
1753504566619,04:36:06.619,okx,AAVE/USDT:USDT,297.05,221.8,297.06,17.6,297.06,4395358.2,
1753504566889,04:36:06.889,okx,AAVE/USDT:USDT,297.05,160.5,297.06,17.6,297.06,4395358.2,
1753504567008,04:36:07.008,okx,AAVE/USDT:USDT,297.05,103.9,297.06,17.6,297.06,4395358.2,
1753504567124,04:36:07.124,bitget,AAVE/USDT:USDT,297.34,2.2,297.35,1.5,297.35,254764.0,74138540.288
1753504567274,04:36:07.274,bybit,AAVE/USDT:USDT,297.12,0.02,297.13,2.5,297.11,366817.66,106839583.6667
1753504567274,04:36:07.274,okx,AAVE/USDT:USDT,297.05,63.3,297.06,81.6,297.06,4395358.2,
1753504567377,04:36:07.377,okx,AAVE/USDT:USDT,297.05,28.9,297.06,183.4,297.06,4395358.2,
1753504567474,04:36:07.474,bybit,AAVE/USDT:USDT,297.12,0.12,297.13,2.5,297.11,366817.66,106839583.6667
1753504567448,04:36:07.448,bitget,AAVE/USDT:USDT,297.34,2.2,297.35,1.5,297.35,254764.0,74138540.288
1753504567509,04:36:07.509,okx,AAVE/USDT:USDT,297.05,28.9,297.06,171.1,297.06,4395358.2,
1753504567609,04:36:07.609,okx,AAVE/USDT:USDT,297.05,28.9,297.06,74.9,297.06,4395358.2,
1753504567712,04:36:07.712,okx,AAVE/USDT:USDT,297.05,28.9,297.06,75.4,297.06,4395358.2,
1753504567774,04:36:07.774,bitget,AAVE/USDT:USDT,297.33,1.0,297.35,5.4,297.35,254764.0,74138540.288
1753504567893,04:36:07.893,gateio,AAVE/USDT:USDT,,,,,297.11,355686.0,105677962.0
1753504567920,04:36:07.920,okx,AAVE/USDT:USDT,297.05,28.9,297.06,183.9,297.06,4395358.2,
1753504568181,04:36:08.181,bitget,AAVE/USDT:USDT,297.33,1.0,297.35,5.4,297.35,254764.0,74138540.288
1753504568309,04:36:08.309,okx,AAVE/USDT:USDT,297.05,28.9,297.06,184.6,297.06,4395358.2,
1753504568374,04:36:08.374,bybit,AAVE/USDT:USDT,297.12,0.12,297.13,2.83,297.11,366817.66,106839583.6667
1753504568415,04:36:08.415,okx,AAVE/USDT:USDT,297.05,28.9,297.06,184.4,297.06,4395358.2,
1753504568574,04:36:08.574,bybit,AAVE/USDT:USDT,297.12,0.12,297.13,1.63,297.11,366817.66,106839583.6667
1753504568548,04:36:08.548,bitget,AAVE/USDT:USDT,297.33,1.0,297.35,5.4,297.35,254764.0,74138540.288
1753504568570,04:36:08.570,okx,AAVE/USDT:USDT,297.05,28.9,297.06,179.9,297.06,4395358.2,
1753504568694,04:36:08.694,okx,AAVE/USDT:USDT,297.05,28.9,297.06,76.1,297.06,4395358.2,
1753504568895,04:36:08.895,gateio,AAVE/USDT:USDT,,,,,297.11,355686.0,105677962.0
1753504569074,04:36:09.074,bybit,AAVE/USDT:USDT,297.12,0.12,297.13,2.86,297.11,366817.66,106839583.6667
1753504569080,04:36:09.080,binance,AAVE/USDT:USDT,,,,,297.01,1039130.6,302244295.962
1753504569112,04:36:09.112,okx,AAVE/USDT:USDT,297.05,28.9,297.06,184.6,297.06,4395358.2,
1753504569175,04:36:09.175,bybit,AAVE/USDT:USDT,297.12,0.12,297.13,2.93,297.11,366817.66,106839583.6667
1753504569191,04:36:09.191,bitget,AAVE/USDT:USDT,297.33,0.7,297.34,2.3,297.35,254764.0,74138540.288
1753504569274,04:36:09.274,bybit,AAVE/USDT:USDT,297.12,0.12,297.13,2.86,297.11,366817.66,106839583.6667
1753504569317,04:36:09.317,okx,AAVE/USDT:USDT,297.05,28.9,297.06,188.1,297.06,4395358.2,
1753504569374,04:36:09.374,bybit,AAVE/USDT:USDT,297.12,0.1,297.13,2.86,297.11,366817.66,106839583.6667
1753504569602,04:36:09.602,okx,AAVE/USDT:USDT,297.05,28.9,297.06,166.7,297.06,4395358.2,
1753504569674,04:36:09.674,bybit,AAVE/USDT:USDT,297.12,0.1,297.13,2.86,297.11,366817.66,106839583.6667
1753504569775,04:36:09.775,bybit,AAVE/USDT:USDT,297.12,0.1,297.13,2.96,297.11,366817.66,106839583.6667
1753504569809,04:36:09.809,okx,AAVE/USDT:USDT,297.05,28.9,297.06,167.8,297.06,4395358.2,
1753504569892,04:36:09.892,bitget,AAVE/USDT:USDT,297.33,1.0,297.34,6.0,297.35,254764.0,74138540.288
1753504570131,04:36:10.131,okx,AAVE/USDT:USDT,297.05,28.9,297.06,185.5,297.06,4395358.2,
1753504570208,04:36:10.208,bitget,AAVE/USDT:USDT,297.33,0.7,297.34,9.1,297.35,254764.0,74138540.288
1753504570273,04:36:10.273,okx,AAVE/USDT:USDT,297.05,32.1,297.06,185.5,297.06,4395358.2,
1753504570380,04:36:10.380,okx,AAVE/USDT:USDT,297.05,32.2,297.06,185.5,297.06,4395358.2,
1753504570574,04:36:10.574,bybit,AAVE/USDT:USDT,297.12,0.1,297.13,2.96,297.11,366817.66,106839583.6667
1753504570586,04:36:10.586,bitget,AAVE/USDT:USDT,297.33,0.7,297.34,9.1,297.35,254764.0,74138540.288
1753504570618,04:36:10.618,okx,AAVE/USDT:USDT,297.05,32.2,297.06,173.3,297.06,4395358.2,
1753504570773,04:36:10.773,okx,AAVE/USDT:USDT,297.05,32.2,297.06,185.4,297.06,4395358.2,
1753504570891,04:36:10.891,gateio,AAVE/USDT:USDT,,,,,297.08,355692.0,105668996.0
1753504570974,04:36:10.974,bybit,AAVE/USDT:USDT,297.12,2.68,297.13,1.31,297.11,366817.66,106839583.6667
1753504570945,04:36:10.945,bitget,AAVE/USDT:USDT,297.33,0.7,297.34,9.1,297.35,254764.0,74138540.288
1753504571020,04:36:11.020,okx,AAVE/USDT:USDT,297.05,32.2,297.06,40.4,297.06,4395358.2,
1753504569872,04:36:09.872,binance,AAVE/USDT:USDT,,,,,297.0,1039133.5,302245157.29
1753504571122,04:36:11.122,okx,AAVE/USDT:USDT,297.05,32.2,297.06,20.6,297.06,4395358.2,
1753504571174,04:36:11.174,bybit,AAVE/USDT:USDT,297.12,2.85,297.13,1.31,297.11,366817.66,106839583.6667
1753504571274,04:36:11.274,bybit,AAVE/USDT:USDT,297.12,2.85,297.13,1.35,297.11,366817.66,106839583.6667
1753504571269,04:36:11.269,okx,AAVE/USDT:USDT,297.05,52.4,297.06,20.6,297.06,4395358.2,
1753504571268,04:36:11.268,bitget,AAVE/USDT:USDT,297.33,2.5,297.34,1.9,297.35,254764.0,74138540.288
1753504571475,04:36:11.475,bybit,AAVE/USDT:USDT,297.12,2.85,297.13,1.35,297.11,366817.66,106839583.6667
1753504571588,04:36:11.588,bitget,AAVE/USDT:USDT,297.33,2.5,297.34,2.6,297.35,254764.0,74138540.288
1753504571665,04:36:11.665,okx,AAVE/USDT:USDT,297.05,82.5,297.06,20.6,297.06,4395358.2,
1753504571774,04:36:11.774,bybit,AAVE/USDT:USDT,297.12,2.85,297.13,1.35,297.11,366817.66,106839583.6667
1753504571881,04:36:11.881,gateio,AAVE/USDT:USDT,,,,,297.08,355692.0,105668996.0
1753504571910,04:36:11.910,okx,AAVE/USDT:USDT,297.05,199.2,297.06,20.6,297.06,4395358.2,
1753504571977,04:36:11.977,bitget,AAVE/USDT:USDT,297.33,2.5,297.34,2.1,297.35,254764.0,74138540.288
1753504572013,04:36:12.013,okx,AAVE/USDT:USDT,297.05,101.2,297.06,20.6,297.06,4395358.2,
1753504572375,04:36:12.375,bybit,AAVE/USDT:USDT,297.12,2.85,297.13,1.35,297.11,366817.66,106839583.6667
1753504572368,04:36:12.368,okx,AAVE/USDT:USDT,297.05,76.8,297.06,21.5,297.06,4395358.2,
1753504572608,04:36:12.608,okx,AAVE/USDT:USDT,297.05,75.2,297.06,21.5,297.06,4395358.2,
1753504572654,04:36:12.654,bitget,AAVE/USDT:USDT,297.33,2.5,297.34,2.1,297.35,254764.0,74138540.288
1753504573312,04:36:13.312,okx,AAVE/USDT:USDT,297.05,157.9,297.06,21.5,297.06,4395358.2,
1753504573414,04:36:13.414,okx,AAVE/USDT:USDT,297.05,118.9,297.06,21.5,297.06,4395358.2,
1753504573674,04:36:13.674,bybit,AAVE/USDT:USDT,297.12,2.75,297.13,1.51,297.11,366817.66,106839583.6667
1753504573667,04:36:13.667,okx,AAVE/USDT:USDT,297.05,75.2,297.06,21.5,297.06,4395358.2,
1753504573675,04:36:13.675,bitget,AAVE/USDT:USDT,297.33,1.0,297.34,2.6,297.35,254764.0,74138540.288
1753504573769,04:36:13.769,okx,AAVE/USDT:USDT,297.05,75.2,297.06,41.3,297.06,4395358.2,
1753504573875,04:36:13.875,bybit,AAVE/USDT:USDT,297.12,0.17,297.13,1.51,297.11,366817.66,106839583.6667
1753504573891,04:36:13.891,gateio,AAVE/USDT:USDT,,,,,297.13,355698.0,105688826.0
1753504574007,04:36:14.007,okx,AAVE/USDT:USDT,297.05,75.2,297.06,185.7,297.06,4395358.2,
1753504574018,04:36:14.018,bitget,AAVE/USDT:USDT,297.33,1.0,297.34,2.6,297.35,254764.0,74138540.288
1753504574109,04:36:14.109,okx,AAVE/USDT:USDT,297.05,30.6,297.06,204.6,297.06,4395358.2,
1753504574174,04:36:14.174,bybit,AAVE/USDT:USDT,297.1,0.3,297.12,0.42,297.11,366817.66,106839583.6667
1753504574231,04:36:14.231,okx,AAVE/USDT:USDT,297.05,30.6,297.06,168.7,297.06,4395358.2,
1753504574274,04:36:14.274,bybit,AAVE/USDT:USDT,297.1,0.04,297.11,1.2,297.11,366817.66,106839583.6667
1753504574375,04:36:14.375,bybit,AAVE/USDT:USDT,297.1,0.04,297.11,1.34,297.11,366817.66,106839583.6667
1753504574376,04:36:14.376,bitget,AAVE/USDT:USDT,297.33,0.7,297.34,4.9,297.35,254764.0,74138540.288
1753504574474,04:36:14.474,bybit,AAVE/USDT:USDT,297.1,0.04,297.11,1.5,297.11,366817.66,106839583.6667
1753504574480,04:36:14.480,okx,AAVE/USDT:USDT,297.05,30.6,297.06,204.6,297.06,4395358.2,
1753504574774,04:36:14.774,bybit,AAVE/USDT:USDT,297.1,0.04,297.11,1.5,297.11,366817.66,106839583.6667
1753504574896,04:36:14.896,gateio,AAVE/USDT:USDT,,,,,297.13,355698.0,105688826.0
1753504575087,04:36:15.087,okx,AAVE/USDT:USDT,297.05,30.6,297.06,205.9,297.06,4395358.2,
1753504575175,04:36:15.175,bybit,AAVE/USDT:USDT,297.1,0.02,297.11,1.5,297.11,366817.66,106839583.6667
1753504575164,04:36:15.164,binance,AAVE/USDT:USDT,,,,,297.0,1039133.6,302245186.99
1753504575190,04:36:15.190,okx,AAVE/USDT:USDT,297.05,30.6,297.06,205.7,297.06,4395358.4,
1753504575274,04:36:15.274,bybit,AAVE/USDT:USDT,297.1,0.02,297.11,0.72,297.11,366817.66,106839583.6667
1753504575305,04:36:15.305,okx,AAVE/USDT:USDT,297.05,30.6,297.06,205.7,297.06,4395358.4,
1753504575674,04:36:15.674,bybit,AAVE/USDT:USDT,297.1,0.02,297.11,0.72,297.11,366817.66,106839583.6667
1753504575706,04:36:15.706,bitget,AAVE/USDT:USDT,297.33,0.7,297.34,4.9,297.35,254764.0,74138540.288
1753504575771,04:36:15.771,okx,AAVE/USDT:USDT,297.05,30.6,297.06,205.0,297.06,4395358.4,
1753504575974,04:36:15.974,bybit,AAVE/USDT:USDT,297.1,0.02,297.11,0.9,297.11,366817.66,106839583.6667
1753504576275,04:36:16.275,bybit,AAVE/USDT:USDT,297.1,0.02,297.11,0.9,297.11,366817.66,106839583.6667
1753504576311,04:36:16.311,okx,AAVE/USDT:USDT,297.05,30.8,297.06,205.0,297.06,4395358.4,
1753504576330,04:36:16.330,bitget,AAVE/USDT:USDT,297.33,0.7,297.34,4.9,297.35,254764.0,74138540.288
1753504576417,04:36:16.417,okx,AAVE/USDT:USDT,297.05,30.8,297.06,168.1,297.06,4395358.4,
1753504576474,04:36:16.474,bybit,AAVE/USDT:USDT,297.1,2.6,297.11,0.48,297.11,366817.66,106839583.6667
1753504576518,04:36:16.518,okx,AAVE/USDT:USDT,297.05,30.8,297.06,73.2,297.06,4395358.4,
1753504576574,04:36:16.574,bybit,AAVE/USDT:USDT,297.1,2.84,297.11,0.48,297.11,366817.66,106839583.6667
1753504576774,04:36:16.774,bybit,AAVE/USDT:USDT,297.1,2.84,297.11,0.26,297.11,366817.66,106839583.6667
1753504576765,04:36:16.765,okx,AAVE/USDT:USDT,297.05,30.8,297.06,200.0,297.06,4395358.4,
1753504576908,04:36:16.908,gateio,AAVE/USDT:USDT,,,,,297.11,355704.0,105683416.0
1753504576997,04:36:16.997,bitget,AAVE/USDT:USDT,297.33,0.7,297.34,4.9,297.35,254764.0,74138540.288
1753504577114,04:36:17.114,okx,AAVE/USDT:USDT,297.05,30.8,297.06,200.7,297.06,4395358.4,
1753504577175,04:36:17.175,bybit,AAVE/USDT:USDT,297.1,0.02,297.11,0.26,297.11,366817.66,106839583.6667
1753504577214,04:36:17.214,binance,AAVE/USDT:USDT,,,,,297.0,1039133.7,302245216.69
1753504577221,04:36:17.221,okx,AAVE/USDT:USDT,297.05,30.8,297.06,221.9,297.06,4395358.4,
1753504577275,04:36:17.275,bybit,AAVE/USDT:USDT,297.1,0.02,297.11,6.36,297.11,366817.66,106839583.6667
1753504577315,04:36:17.315,bitget,AAVE/USDT:USDT,297.33,0.7,297.34,4.9,297.35,254764.0,74138540.288
1753504577509,04:36:17.509,okx,AAVE/USDT:USDT,297.05,30.8,297.06,221.2,297.06,4395358.4,
1753504577632,04:36:17.632,bitget,AAVE/USDT:USDT,297.3,26.1,297.33,1.8,297.35,254764.0,74138540.288
1753504577994,04:36:17.994,bitget,AAVE/USDT:USDT,297.3,26.1,297.31,5.9,297.35,254764.0,74138540.288
1753504578212,04:36:18.212,okx,AAVE/USDT:USDT,297.05,30.8,297.06,221.2,297.06,4395358.4,
1753504578274,04:36:18.274,bybit,AAVE/USDT:USDT,297.08,0.02,297.09,3.88,297.1,366817.68,106839589.6087
1753504578318,04:36:18.318,okx,AAVE/USDT:USDT,297.01,21.2,297.04,191.1,297.02,4395389.7,
1753504578374,04:36:18.374,bybit,AAVE/USDT:USDT,297.08,2.6,297.09,2.02,297.1,366817.68,106839589.6087
1753504578368,04:36:18.368,bitget,AAVE/USDT:USDT,297.3,26.1,297.31,5.9,297.35,254764.0,74138540.288
1753504578475,04:36:18.475,bybit,AAVE/USDT:USDT,297.08,3.88,297.09,0.71,297.1,366817.68,106839589.6087
1753504578467,04:36:18.467,okx,AAVE/USDT:USDT,297.01,76.2,297.02,2.1,297.02,4395389.7,
1753504578574,04:36:18.574,bybit,AAVE/USDT:USDT,297.08,2.6,297.09,0.71,297.1,366817.68,106839589.6087
1753504578569,04:36:18.569,okx,AAVE/USDT:USDT,297.01,76.2,297.02,22.3,297.02,4395389.7,
1753504578674,04:36:18.674,bybit,AAVE/USDT:USDT,297.08,2.6,297.09,0.71,297.1,366817.68,106839589.6087
1753504578986,04:36:18.986,bitget,AAVE/USDT:USDT,297.28,3.7,297.3,1.0,297.3,254764.0,74138540.288
1753504579074,04:36:19.074,bybit,AAVE/USDT:USDT,297.08,2.6,297.09,0.81,297.1,366817.68,106839589.6087
1753504579164,04:36:19.164,okx,AAVE/USDT:USDT,297.01,76.2,297.02,4.8,297.02,4395389.7,
1753504578270,04:36:18.270,binance,AAVE/USDT:USDT,,,,,296.96,1039151.0,302250354.221
1753504579274,04:36:19.274,bybit,AAVE/USDT:USDT,297.08,2.6,297.09,0.9,297.1,366817.68,106839589.6087
1753504579334,04:36:19.334,bitget,AAVE/USDT:USDT,297.28,4.3,297.3,0.5,297.3,254764.0,74138540.288
1753504579497,04:36:19.497,okx,AAVE/USDT:USDT,297.01,76.2,297.02,5.9,297.02,4395389.7,
1753504579575,04:36:19.575,bybit,AAVE/USDT:USDT,297.08,2.81,297.09,0.9,297.1,366817.68,106839589.6087
1753504579607,04:36:19.607,okx,AAVE/USDT:USDT,297.01,76.4,297.02,5.9,297.02,4395389.7,
1753504579674,04:36:19.674,bybit,AAVE/USDT:USDT,297.08,4.33,297.09,0.9,297.1,366817.68,106839589.6087
1753504579655,04:36:19.655,bitget,AAVE/USDT:USDT,297.28,4.3,297.3,0.5,297.3,254764.0,74138540.288
1753504579774,04:36:19.774,bybit,AAVE/USDT:USDT,297.14,2.91,297.15,0.33,297.14,366820.38,106840391.8178
1753504579874,04:36:19.874,bybit,AAVE/USDT:USDT,297.14,1.41,297.15,0.33,297.14,366820.38,106840391.8178
1753504579888,04:36:19.888,gateio,AAVE/USDT:USDT,,,,,297.09,355711.0,105678292.0
1753504579866,04:36:19.866,okx,AAVE/USDT:USDT,297.05,237.1,297.06,17.6,297.04,4395395.7,
1753504579974,04:36:19.974,bybit,AAVE/USDT:USDT,297.13,0.74,297.15,0.33,297.14,366820.38,106840391.8178
1753504579971,04:36:19.971,bitget,AAVE/USDT:USDT,297.32,31.1,297.36,0.2,297.3,254815.6,74153880.968
1753504580012,04:36:20.012,okx,AAVE/USDT:USDT,297.05,121.9,297.06,17.6,297.04,4395395.7,
1753504580074,04:36:20.074,bybit,AAVE/USDT:USDT,297.12,0.44,297.14,0.42,297.14,366820.38,106840391.8178
1753504580114,04:36:20.114,okx,AAVE/USDT:USDT,297.05,230.4,297.06,17.6,297.04,4395395.7,
1753504580174,04:36:20.174,bybit,AAVE/USDT:USDT,297.13,1.19,297.14,0.42,297.14,366820.38,106840391.8178
1753504580264,04:36:20.264,okx,AAVE/USDT:USDT,297.05,102.1,297.06,17.6,297.04,4395395.7,
1753504580374,04:36:20.374,bybit,AAVE/USDT:USDT,297.12,2.58,297.14,1.84,297.14,366820.38,106840391.8178
1753504580395,04:36:20.395,bitget,AAVE/USDT:USDT,297.34,2.2,297.35,2.5,297.3,254815.6,74153880.968
1753504580409,04:36:20.409,okx,AAVE/USDT:USDT,297.05,52.9,297.06,116.0,297.05,4395413.1,
1753504580474,04:36:20.474,bybit,AAVE/USDT:USDT,297.13,0.56,297.15,0.33,297.14,366820.38,106840391.8178
1753504580509,04:36:20.509,okx,AAVE/USDT:USDT,297.05,49.2,297.06,20.2,297.05,4395413.1,
1753504580574,04:36:20.574,bybit,AAVE/USDT:USDT,297.14,0.74,297.15,0.33,297.14,366820.38,106840391.8178
1753504580674,04:36:20.674,bybit,AAVE/USDT:USDT,297.14,0.74,297.15,0.75,297.14,366820.38,106840391.8178
1753504580722,04:36:20.722,okx,AAVE/USDT:USDT,297.05,52.7,297.06,20.4,297.05,4395413.1,
1753504580774,04:36:20.774,bybit,AAVE/USDT:USDT,297.14,0.74,297.15,0.75,297.14,366820.38,106840391.8178
1753504580874,04:36:20.874,bybit,AAVE/USDT:USDT,297.13,0.56,297.15,0.79,297.14,366820.38,106840391.8178
1753504580909,04:36:20.909,gateio,AAVE/USDT:USDT,,,,,297.09,355711.0,105678292.0
1753504581074,04:36:21.074,bybit,AAVE/USDT:USDT,297.12,2.58,297.13,0.42,297.14,366820.38,106840391.8178
1753504581174,04:36:21.174,bybit,AAVE/USDT:USDT,297.13,0.74,297.14,0.42,297.14,366820.38,106840391.8178
1753504580031,04:36:20.031,binance,AAVE/USDT:USDT,,,,,297.02,1039163.5,302254066.792
1753504581274,04:36:21.274,bybit,AAVE/USDT:USDT,297.13,1.39,297.14,0.42,297.14,366820.38,106840391.8178
1753504581247,04:36:21.247,bitget,AAVE/USDT:USDT,297.32,28.8,297.33,0.5,297.3,254815.6,74153880.968
1753504581319,04:36:21.319,okx,AAVE/USDT:USDT,297.05,54.3,297.06,19.4,297.05,4395413.1,
1753504581374,04:36:21.374,bybit,AAVE/USDT:USDT,297.14,1.19,297.15,0.37,297.14,366820.38,106840391.8178
1753504581469,04:36:21.469,okx,AAVE/USDT:USDT,297.05,54.3,297.06,19.5,297.05,4395413.1,
1753504581562,04:36:21.562,bitget,AAVE/USDT:USDT,297.34,1.9,297.35,0.5,297.3,254815.6,74153880.968
1753504581755,04:36:21.755,okx,AAVE/USDT:USDT,297.05,182.9,297.06,19.5,297.05,4395413.1,
1753504581875,04:36:21.875,bybit,AAVE/USDT:USDT,297.14,1.19,297.15,0.33,297.14,366820.38,106840391.8178
1753504581873,04:36:21.873,okx,AAVE/USDT:USDT,297.05,182.9,297.06,19.0,297.05,4395413.1,
1753504581952,04:36:21.952,bitget,AAVE/USDT:USDT,297.34,2.2,297.35,0.5,297.3,254815.6,74153880.968
1753504582008,04:36:22.008,okx,AAVE/USDT:USDT,297.05,187.7,297.06,19.0,297.05,4395413.1,
1753504582175,04:36:22.175,bybit,AAVE/USDT:USDT,297.14,1.38,297.15,0.33,297.14,366820.38,106840391.8178
1753504582275,04:36:22.275,bybit,AAVE/USDT:USDT,297.14,0.19,297.15,0.33,297.14,366820.38,106840391.8178
1753504582286,04:36:22.286,bitget,AAVE/USDT:USDT,297.34,2.2,297.35,0.5,297.3,254815.6,74153880.968
1753504582467,04:36:22.467,okx,AAVE/USDT:USDT,297.05,59.1,297.06,19.0,297.05,4395413.1,
1753504582574,04:36:22.574,bybit,AAVE/USDT:USDT,297.14,0.45,297.15,1.74,297.14,366820.38,106840391.8178
1753504583032,04:36:23.032,bitget,AAVE/USDT:USDT,297.34,2.2,297.35,2.5,297.3,254815.6,74153880.968
1753504583119,04:36:23.119,okx,AAVE/USDT:USDT,297.05,38.9,297.06,37.8,297.05,4395413.1,
1753504583274,04:36:23.274,bybit,AAVE/USDT:USDT,297.14,0.45,297.15,2.62,297.14,366820.38,106840391.8178
1753504583403,04:36:23.403,okx,AAVE/USDT:USDT,297.05,26.6,297.06,37.6,297.05,4395413.1,
1753504583474,04:36:23.474,bybit,AAVE/USDT:USDT,297.14,0.45,297.15,2.62,297.14,366820.38,106840391.8178
1753504583508,04:36:23.508,okx,AAVE/USDT:USDT,297.05,26.8,297.06,37.8,297.05,4395413.1,
1753504583738,04:36:23.738,bitget,AAVE/USDT:USDT,297.34,0.3,297.35,2.5,297.3,254815.6,74153880.968
1753504584052,04:36:24.052,bitget,AAVE/USDT:USDT,297.32,28.8,297.33,0.5,297.3,254815.6,74153880.968
1753504584313,04:36:24.313,okx,AAVE/USDT:USDT,297.05,48.5,297.06,19.0,297.05,4395413.1,
1753504584387,04:36:24.387,bitget,AAVE/USDT:USDT,297.32,28.8,297.33,0.5,297.3,254815.6,74153880.968
1753504584418,04:36:24.418,okx,AAVE/USDT:USDT,297.05,149.3,297.06,19.4,297.05,4395413.1,
1753504584533,04:36:24.533,okx,AAVE/USDT:USDT,297.05,91.1,297.06,19.4,297.05,4395413.1,
1753504584675,04:36:24.675,bybit,AAVE/USDT:USDT,297.14,0.45,297.15,2.62,297.14,366820.38,106840391.8178
1753504584687,04:36:24.687,okx,AAVE/USDT:USDT,297.05,91.3,297.06,19.4,297.05,4395413.1,
1753504584760,04:36:24.760,bitget,AAVE/USDT:USDT,297.32,29.4,297.35,0.5,297.3,254815.6,74153880.968
1753504584793,04:36:24.793,binance,AAVE/USDT:USDT,,,,,297.03,1039163.7,302254126.198
1753504584911,04:36:24.911,okx,AAVE/USDT:USDT,297.05,91.1,297.06,19.4,297.05,4395413.1,
1753504585073,04:36:25.073,bitget,AAVE/USDT:USDT,297.34,1.9,297.35,0.5,297.3,254815.6,74153880.968
1753504585165,04:36:25.165,okx,AAVE/USDT:USDT,297.05,91.1,297.06,19.4,297.05,4395413.1,
1753504585274,04:36:25.274,bybit,AAVE/USDT:USDT,297.17,6.37,297.18,1.11,297.17,366822.52,106841027.7336
1753504585374,04:36:25.374,bybit,AAVE/USDT:USDT,297.17,1.19,297.18,1.41,297.17,366822.52,106841027.7336
1753504585410,04:36:25.410,okx,AAVE/USDT:USDT,297.09,89.8,297.1,46.6,297.1,4395441.1,
1753504585442,04:36:25.442,bitget,AAVE/USDT:USDT,297.37,1.3,297.41,2.4,297.3,254815.6,74153880.968
1753504585513,04:36:25.513,okx,AAVE/USDT:USDT,297.09,90.0,297.1,46.8,297.1,4395441.1,
1753504585574,04:36:25.574,bybit,AAVE/USDT:USDT,297.17,1.19,297.18,1.41,297.17,366822.52,106841027.7336
1753504585615,04:36:25.615,okx,AAVE/USDT:USDT,297.09,71.1,297.1,19.1,297.1,4395441.1,
1753504585674,04:36:25.674,bybit,AAVE/USDT:USDT,297.17,1.45,297.18,1.41,297.17,366822.52,106841027.7336
1753504585770,04:36:25.770,okx,AAVE/USDT:USDT,297.09,71.1,297.1,0.1,297.1,4395441.1,
1753504585897,04:36:25.897,bitget,AAVE/USDT:USDT,297.37,1.0,297.38,0.5,297.3,254815.6,74153880.968
1753504585974,04:36:25.974,bybit,AAVE/USDT:USDT,297.17,1.64,297.18,1.41,297.17,366822.52,106841027.7336
1753504586109,04:36:26.109,okx,AAVE/USDT:USDT,297.09,71.1,297.1,20.3,297.1,4395441.1,
1753504586210,04:36:26.210,okx,AAVE/USDT:USDT,297.09,71.1,297.1,20.5,297.1,4395441.1,
1753504586474,04:36:26.474,bybit,AAVE/USDT:USDT,297.17,1.64,297.18,1.41,297.17,366822.52,106841027.7336
1753504586674,04:36:26.674,bybit,AAVE/USDT:USDT,297.17,2.22,297.18,1.41,297.17,366822.52,106841027.7336
1753504586646,04:36:26.646,bitget,AAVE/USDT:USDT,297.37,1.0,297.38,0.5,297.3,254815.6,74153880.968
1753504586774,04:36:26.774,bybit,AAVE/USDT:USDT,297.17,2.22,297.18,1.11,297.17,366822.52,106841027.7336
1753504585332,04:36:25.332,binance,AAVE/USDT:USDT,,,,,297.05,1039166.4,302254928.183
1753504586875,04:36:26.875,bybit,AAVE/USDT:USDT,297.17,2.22,297.18,0.02,297.17,366822.52,106841027.7336
1753504586894,04:36:26.894,gateio,AAVE/USDT:USDT,,,,,297.09,355711.0,105678292.0
1753504587174,04:36:27.174,bybit,AAVE/USDT:USDT,297.18,9.82,297.2,0.44,297.2,366823.89,106841434.8972
1753504587184,04:36:27.184,okx,AAVE/USDT:USDT,297.1,20.1,297.13,45.6,297.12,4395449.3,
1753504587274,04:36:27.274,bybit,AAVE/USDT:USDT,297.2,6.09,297.21,2.33,297.2,366824.77,106841696.4332
1753504587322,04:36:27.322,okx,AAVE/USDT:USDT,297.12,258.1,297.13,30.3,297.13,4395458.1,
1753504587374,04:36:27.374,bybit,AAVE/USDT:USDT,297.2,2.22,297.21,2.77,297.2,366824.77,106841696.4332
1753504587474,04:36:27.474,bybit,AAVE/USDT:USDT,297.2,2.99,297.21,2.77,297.2,366824.77,106841696.4332
1753504587466,04:36:27.466,okx,AAVE/USDT:USDT,297.12,99.6,297.13,30.5,297.13,4395458.1,
1753504587566,04:36:27.566,okx,AAVE/USDT:USDT,297.12,107.8,297.13,30.5,297.13,4395458.1,
1753504587597,04:36:27.597,bitget,AAVE/USDT:USDT,297.42,1.0,297.43,0.5,297.3,254815.6,74153880.968
1753504587674,04:36:27.674,bybit,AAVE/USDT:USDT,297.2,2.99,297.21,2.77,297.2,366824.77,106841696.4332
1753504587774,04:36:27.774,bybit,AAVE/USDT:USDT,297.2,3.25,297.21,2.77,297.2,366824.77,106841696.4332
1753504588274,04:36:28.274,bybit,AAVE/USDT:USDT,297.2,3.25,297.21,2.77,297.2,366824.77,106841696.4332
1753504588374,04:36:28.374,bybit,AAVE/USDT:USDT,297.2,3.25,297.21,2.33,297.2,366824.77,106841696.4332
1753504588362,04:36:28.362,bitget,AAVE/USDT:USDT,297.42,2.5,297.43,0.5,297.3,254815.6,74153880.968
1753504588365,04:36:28.365,okx,AAVE/USDT:USDT,297.12,108.1,297.13,30.5,297.13,4395458.1,
1753504588473,04:36:28.473,okx,AAVE/USDT:USDT,297.12,108.4,297.13,30.5,297.13,4395458.1,
1753504588719,04:36:28.719,bitget,AAVE/USDT:USDT,297.42,2.5,297.43,0.5,297.3,254815.6,74153880.968
1753504587181,04:36:27.181,binance,AAVE/USDT:USDT,,,,,297.1,1039168.4,302255522.35
1753504588882,04:36:28.882,gateio,AAVE/USDT:USDT,,,,,297.22,355717.0,105726342.0
1753504589039,04:36:29.039,bitget,AAVE/USDT:USDT,297.42,1.0,297.43,0.5,297.3,254815.6,74153880.968
1753504589174,04:36:29.174,bybit,AAVE/USDT:USDT,297.2,3.25,297.21,2.66,297.2,366824.77,106841696.4332
1753504589374,04:36:29.374,bybit,AAVE/USDT:USDT,297.2,1.03,297.21,2.66,297.2,366824.77,106841696.4332
1753504589877,04:36:29.877,gateio,AAVE/USDT:USDT,,,,,297.22,355717.0,105726342.0
1753504590274,04:36:30.274,bybit,AAVE/USDT:USDT,297.2,1.03,297.21,2.78,297.2,366824.77,106841696.4332
1753504590356,04:36:30.356,okx,AAVE/USDT:USDT,297.12,28.0,297.13,30.9,297.13,4395458.1,
1753504590415,04:36:30.415,bitget,AAVE/USDT:USDT,297.42,0.7,297.43,2.8,297.3,254815.6,74153880.968
1753504590574,04:36:30.574,bybit,AAVE/USDT:USDT,297.2,1.03,297.21,2.66,297.2,366824.77,106841696.4332
1753504590601,04:36:30.601,okx,AAVE/USDT:USDT,297.12,28.0,297.13,37.8,297.13,4395458.1,
1753504590674,04:36:30.674,bybit,AAVE/USDT:USDT,297.2,1.03,297.21,2.77,297.2,366824.77,106841696.4332
1753504590714,04:36:30.714,okx,AAVE/USDT:USDT,297.12,27.8,297.13,20.6,297.13,4395458.1,
1753504590755,04:36:30.755,bitget,AAVE/USDT:USDT,297.42,0.7,297.43,2.8,297.3,254815.6,74153880.968
1753504589332,04:36:29.332,binance,AAVE/USDT:USDT,,,,,297.1,1039169.3,302255789.74
1753504590815,04:36:30.815,okx,AAVE/USDT:USDT,297.12,28.0,297.13,20.8,297.13,4395458.1,
1753504591071,04:36:31.071,bitget,AAVE/USDT:USDT,297.42,0.7,297.43,1.5,297.3,254815.6,74153880.968
1753504591389,04:36:31.389,bitget,AAVE/USDT:USDT,297.42,1.0,297.43,0.5,297.3,254815.6,74153880.968
1753504591409,04:36:31.409,okx,AAVE/USDT:USDT,297.12,27.9,297.13,20.8,297.13,4395458.1,
1753504591623,04:36:31.623,okx,AAVE/USDT:USDT,297.12,178.3,297.13,0.4,297.13,4395458.1,
1753504591675,04:36:31.675,bybit,AAVE/USDT:USDT,297.2,1.03,297.21,0.49,297.2,366824.77,106841696.4332
1753504591774,04:36:31.774,bybit,AAVE/USDT:USDT,297.22,6.68,297.24,0.46,297.22,366825.72,106841978.7884
1753504591746,04:36:31.746,bitget,AAVE/USDT:USDT,297.42,1.0,297.43,0.5,297.3,254815.6,74153880.968
1753504591765,04:36:31.765,okx,AAVE/USDT:USDT,297.12,178.3,297.13,0.6,297.13,4395458.1,
1753504591874,04:36:31.874,bybit,AAVE/USDT:USDT,297.23,2.58,297.24,0.9,297.22,366825.72,106841978.7884
1753504591883,04:36:31.883,okx,AAVE/USDT:USDT,297.12,195.3,297.13,0.6,297.13,4395458.1,
1753504591975,04:36:31.975,bybit,AAVE/USDT:USDT,297.23,0.77,297.24,0.9,297.22,366825.72,106841978.7884
1753504592174,04:36:32.174,bybit,AAVE/USDT:USDT,297.23,1.03,297.24,0.9,297.22,366825.72,106841978.7884
1753504592178,04:36:32.178,bitget,AAVE/USDT:USDT,297.42,1.8,297.45,0.5,297.3,254815.6,74153880.968
1753504592474,04:36:32.474,bybit,AAVE/USDT:USDT,297.23,1.03,297.24,0.9,297.22,366825.72,106841978.7884
1753504592485,04:36:32.485,okx,AAVE/USDT:USDT,297.12,195.4,297.13,0.6,297.13,4395458.1,
1753504592574,04:36:32.574,bybit,AAVE/USDT:USDT,297.23,5.85,297.24,0.9,297.22,366825.72,106841978.7884
1753504592602,04:36:32.602,okx,AAVE/USDT:USDT,297.14,228.2,297.16,1.4,297.15,4395459.2,
1753504592674,04:36:32.674,bybit,AAVE/USDT:USDT,297.24,8.38,297.25,1.02,297.24,366826.62,106842246.3044
1753504592708,04:36:32.708,okx,AAVE/USDT:USDT,297.15,418.9,297.19,19.9,297.19,4395468.0,
1753504592774,04:36:32.774,bybit,AAVE/USDT:USDT,297.24,7.54,297.25,1.02,297.24,366826.62,106842246.3044
1753504592786,04:36:32.786,bitget,AAVE/USDT:USDT,297.46,0.6,297.48,0.1,297.3,254815.6,74153880.968
1753504592686,04:36:32.686,binance,AAVE/USDT:USDT,,,,,297.13,1039174.3,302257275.324
1753504592810,04:36:32.810,okx,AAVE/USDT:USDT,297.18,125.5,297.19,13.5,297.19,4395468.0,
1753504592875,04:36:32.875,bybit,AAVE/USDT:USDT,297.24,7.8,297.25,0.05,297.24,366826.62,106842246.3044
1753504592910,04:36:32.910,okx,AAVE/USDT:USDT,297.18,179.3,297.19,13.5,297.19,4395468.0,
1753504592974,04:36:32.974,bybit,AAVE/USDT:USDT,297.25,12.73,297.26,0.18,297.25,366826.67,106842261.1669
1753504593012,04:36:33.012,okx,AAVE/USDT:USDT,297.18,306.4,297.19,13.7,297.19,4395468.0,
1753504593074,04:36:33.074,bybit,AAVE/USDT:USDT,297.25,12.73,297.26,0.18,297.25,366826.67,106842261.1669
1753504593179,04:36:33.179,bitget,AAVE/USDT:USDT,297.47,4.3,297.49,1.7,297.3,254815.6,74153880.968
1753504593213,04:36:33.213,okx,AAVE/USDT:USDT,297.18,289.2,297.19,13.7,297.19,4395468.0,
1753504593274,04:36:33.274,bybit,AAVE/USDT:USDT,297.25,12.82,297.26,0.18,297.25,366826.67,106842261.1669
1753504593374,04:36:33.374,bybit,AAVE/USDT:USDT,297.25,12.82,297.26,0.18,297.25,366826.67,106842261.1669
1753504593365,04:36:33.365,okx,AAVE/USDT:USDT,297.18,308.8,297.19,13.7,297.19,4395468.0,
1753504593474,04:36:33.474,bybit,AAVE/USDT:USDT,297.25,10.19,297.26,0.18,297.25,366826.67,106842261.1669
1753504593491,04:36:33.491,okx,AAVE/USDT:USDT,297.18,200.1,297.19,13.7,297.19,4395468.0,
1753504593574,04:36:33.574,bybit,AAVE/USDT:USDT,297.25,4.94,297.26,0.18,297.25,366826.67,106842261.1669
1753504593674,04:36:33.674,bybit,AAVE/USDT:USDT,297.25,5.11,297.26,0.18,297.25,366826.67,106842261.1669
1753504593708,04:36:33.708,okx,AAVE/USDT:USDT,297.18,31.8,297.19,29.8,297.19,4395468.0,
1753504593851,04:36:33.851,bitget,AAVE/USDT:USDT,297.47,0.3,297.48,0.5,297.3,254815.6,74153880.968
1753504594070,04:36:34.070,okx,AAVE/USDT:USDT,297.18,169.1,297.19,13.7,297.19,4395468.0,
1753504594174,04:36:34.174,bybit,AAVE/USDT:USDT,297.25,6.29,297.26,0.18,297.25,366826.67,106842261.1669
1753504594176,04:36:34.176,bitget,AAVE/USDT:USDT,297.47,0.3,297.48,0.5,297.3,254815.6,74153880.968
1753504594190,04:36:34.190,okx,AAVE/USDT:USDT,297.18,74.0,297.19,13.7,297.19,4395468.0,
1753504594274,04:36:34.274,bybit,AAVE/USDT:USDT,297.26,5.12,297.27,3.0,297.26,366826.85,106842314.6737
1753504594307,04:36:34.307,okx,AAVE/USDT:USDT,297.18,198.7,297.19,13.7,297.19,4395468.0,
1753504594375,04:36:34.375,bybit,AAVE/USDT:USDT,297.26,5.38,297.27,3.0,297.26,366826.85,106842314.6737
1753504594414,04:36:34.414,okx,AAVE/USDT:USDT,297.18,200.0,297.19,13.7,297.19,4395468.0,
1753504594522,04:36:34.522,okx,AAVE/USDT:USDT,297.18,91.5,297.19,13.7,297.19,4395468.0,
1753504594575,04:36:34.575,bybit,AAVE/USDT:USDT,297.26,5.38,297.27,3.0,297.26,366826.85,106842314.6737
1753504594666,04:36:34.666,okx,AAVE/USDT:USDT,297.18,91.3,297.19,13.7,297.19,4395468.0,
1753504593764,04:36:33.764,binance,AAVE/USDT:USDT,,,,,297.14,1039175.2,302257542.75
1753504594879,04:36:34.879,gateio,AAVE/USDT:USDT,,,,,297.26,355722.0,105741974.0
1753504594897,04:36:34.897,okx,AAVE/USDT:USDT,297.18,164.3,297.19,13.7,297.19,4395468.0,
1753504594936,04:36:34.936,bitget,AAVE/USDT:USDT,297.47,0.9,297.48,0.5,297.3,254815.6,74153880.968
1753504595007,04:36:35.007,okx,AAVE/USDT:USDT,297.18,164.5,297.19,13.7,297.19,4395468.0,
1753504595074,04:36:35.074,bybit,AAVE/USDT:USDT,297.26,6.15,297.27,3.0,297.26,366826.85,106842314.6737
1753504595109,04:36:35.109,okx,AAVE/USDT:USDT,297.18,91.5,297.19,13.7,297.19,4395468.0,
1753504595174,04:36:35.174,bybit,AAVE/USDT:USDT,297.26,6.15,297.27,3.0,297.26,366826.85,106842314.6737
1753504595213,04:36:35.213,okx,AAVE/USDT:USDT,297.18,118.7,297.19,13.7,297.19,4395468.0,
1753504595316,04:36:35.316,okx,AAVE/USDT:USDT,297.18,227.2,297.19,13.7,297.19,4395468.0,
1753504595470,04:36:35.470,okx,AAVE/USDT:USDT,297.18,118.7,297.19,13.7,297.19,4395468.0,
1753504595610,04:36:35.610,okx,AAVE/USDT:USDT,297.18,227.2,297.19,13.7,297.19,4395468.0,
1753504595703,04:36:35.703,bitget,AAVE/USDT:USDT,297.47,0.3,297.48,0.5,297.3,254815.6,74153880.968
1753504595715,04:36:35.715,okx,AAVE/USDT:USDT,297.18,227.2,297.19,8.2,297.19,4395468.0,
1753504595774,04:36:35.774,bybit,AAVE/USDT:USDT,297.26,6.17,297.27,3.0,297.26,366128.72,106642325.479
1753504596366,04:36:36.366,okx,AAVE/USDT:USDT,297.18,119.3,297.19,8.6,297.19,4395468.0,
1753504596507,04:36:36.507,okx,AAVE/USDT:USDT,297.18,101.8,297.19,8.8,297.19,4395468.0,
1753504596609,04:36:36.609,okx,AAVE/USDT:USDT,297.18,77.4,297.19,8.8,297.19,4395468.0,
1753504596651,04:36:36.651,bitget,AAVE/USDT:USDT,297.47,0.3,297.48,0.5,297.3,254815.6,74153880.968
1753504596889,04:36:36.889,gateio,AAVE/USDT:USDT,,,,,297.26,355722.0,105741974.0
1753504597013,04:36:37.013,okx,AAVE/USDT:USDT,297.18,210.6,297.19,8.8,297.19,4395468.0,
1753504597169,04:36:37.169,okx,AAVE/USDT:USDT,297.18,238.4,297.19,8.8,297.19,4395468.0,
1753504597474,04:36:37.474,bybit,AAVE/USDT:USDT,297.26,6.17,297.27,0.55,297.26,366128.72,106642325.479
1753504597442,04:36:37.442,binance,AAVE/USDT:USDT,,,,,297.15,1039175.3,302257572.465
1753504597511,04:36:37.511,okx,AAVE/USDT:USDT,297.18,87.5,297.19,8.8,297.19,4395468.0,
1753504597574,04:36:37.574,bybit,AAVE/USDT:USDT,297.26,9.15,297.27,0.55,297.26,366128.72,106642325.479
1753504597619,04:36:37.619,okx,AAVE/USDT:USDT,297.18,221.2,297.19,8.6,297.19,4395468.0,
1753504597675,04:36:37.675,bybit,AAVE/USDT:USDT,297.26,9.24,297.27,0.55,297.26,366128.72,106642325.479
1753504597750,04:36:37.750,bitget,AAVE/USDT:USDT,297.49,2.5,297.5,1.7,297.49,254815.6,74153880.968
1753504597766,04:36:37.766,okx,AAVE/USDT:USDT,297.18,221.2,297.19,8.8,297.19,4395468.0,
1753504597874,04:36:37.874,bybit,AAVE/USDT:USDT,297.26,9.24,297.27,0.55,297.26,366128.72,106642325.479
1753504597876,04:36:37.876,gateio,AAVE/USDT:USDT,,,,,297.25,355728.0,105740344.0
1753504598015,04:36:38.015,okx,AAVE/USDT:USDT,297.18,237.6,297.19,8.8,297.19,4395468.0,
1753504598059,04:36:38.059,bitget,AAVE/USDT:USDT,297.49,4.8,297.5,1.7,297.49,254815.6,74153880.968
1753504598135,04:36:38.135,okx,AAVE/USDT:USDT,297.18,237.8,297.19,8.8,297.19,4395468.0,
1753504598175,04:36:38.175,bybit,AAVE/USDT:USDT,297.26,8.33,297.27,0.55,297.26,366128.72,106642325.479
1753504598374,04:36:38.374,bybit,AAVE/USDT:USDT,297.26,7.15,297.27,0.55,297.26,366128.72,106642325.479
1753504598372,04:36:38.372,okx,AAVE/USDT:USDT,297.18,126.8,297.19,8.8,297.19,4395468.0,
1753504598474,04:36:38.474,bybit,AAVE/USDT:USDT,297.27,10.11,297.28,0.92,297.27,366129.27,106642488.9775
1753504598482,04:36:38.482,okx,AAVE/USDT:USDT,297.18,235.3,297.19,8.8,297.19,4395468.0,
1753504598537,04:36:38.537,bitget,AAVE/USDT:USDT,297.49,3.3,297.5,2.1,297.49,254819.4,74155011.412
1753504598574,04:36:38.574,bybit,AAVE/USDT:USDT,297.27,7.4,297.28,0.92,297.27,366129.27,106642488.9775
1753504598774,04:36:38.774,bybit,AAVE/USDT:USDT,297.27,7.66,297.28,0.92,297.27,366129.27,106642488.9775
1753504598819,04:36:38.819,okx,AAVE/USDT:USDT,297.18,235.3,297.21,6.8,297.2,4395486.6,
1753504598875,04:36:38.875,bybit,AAVE/USDT:USDT,297.27,8.45,297.28,0.92,297.27,366129.27,106642488.9775
1753504598929,04:36:38.929,okx,AAVE/USDT:USDT,297.2,243.4,297.21,0.4,297.2,4395486.6,
1753504599076,04:36:39.076,okx,AAVE/USDT:USDT,297.2,228.8,297.21,0.4,297.2,4395486.6,
1753504599209,04:36:39.209,okx,AAVE/USDT:USDT,297.2,243.2,297.21,0.4,297.2,4395486.6,
1753504599312,04:36:39.312,okx,AAVE/USDT:USDT,297.2,263.5,297.22,4.5,297.21,4395487.0,
1753504599333,04:36:39.333,bitget,AAVE/USDT:USDT,297.49,2.7,297.5,2.6,297.49,254815.6,74153880.968
1753504599374,04:36:39.374,bybit,AAVE/USDT:USDT,297.29,10.67,297.3,0.09,297.28,366130.19,106642762.4751
1753504599421,04:36:39.421,okx,AAVE/USDT:USDT,297.2,263.5,297.23,2.5,297.23,4395495.4,
1753504599475,04:36:39.475,bybit,AAVE/USDT:USDT,297.29,8.24,297.3,0.09,297.28,366130.19,106642762.4751
1753504598710,04:36:38.710,binance,AAVE/USDT:USDT,,,,,297.17,1039178.2,302258434.219
1753504599575,04:36:39.575,bybit,AAVE/USDT:USDT,297.29,7.53,297.3,0.09,297.28,366130.19,106642762.4751
1753504599572,04:36:39.572,okx,AAVE/USDT:USDT,297.23,39.7,297.24,89.1,297.23,4395495.4,
1753504599674,04:36:39.674,bybit,AAVE/USDT:USDT,297.29,7.53,297.3,0.09,297.28,366130.19,106642762.4751
1753504599699,04:36:39.699,okx,AAVE/USDT:USDT,297.23,85.8,297.24,89.1,297.23,4395495.4,
1753504599785,04:36:39.785,bitget,AAVE/USDT:USDT,297.51,4.8,297.52,0.5,297.49,254819.4,74155011.412
1753504600208,04:36:40.208,bitget,AAVE/USDT:USDT,297.51,2.7,297.52,0.5,297.49,254819.4,74155011.412
1753504600274,04:36:40.274,bybit,AAVE/USDT:USDT,297.29,7.53,297.3,0.07,297.28,366130.19,106642762.4751
1753504600412,04:36:40.412,okx,AAVE/USDT:USDT,297.23,65.6,297.24,89.1,297.23,4395495.4,
1753504600474,04:36:40.474,bybit,AAVE/USDT:USDT,297.29,6.19,297.3,0.07,297.28,366130.19,106642762.4751
1753504600574,04:36:40.574,bybit,AAVE/USDT:USDT,297.29,1.05,297.3,0.49,297.28,366130.19,106642762.4751
1753504600567,04:36:40.567,okx,AAVE/USDT:USDT,297.23,26.1,297.24,158.2,297.23,4395495.4,
1753504600879,04:36:40.879,okx,AAVE/USDT:USDT,297.23,26.1,297.24,66.6,297.23,4395495.4,
1753504600917,04:36:40.917,gateio,AAVE/USDT:USDT,,,,,297.26,355734.0,105745780.0
1753504600902,04:36:40.902,bitget,AAVE/USDT:USDT,297.49,4.8,297.51,0.5,297.49,254819.4,74155011.412
1753504601074,04:36:41.074,bybit,AAVE/USDT:USDT,297.29,3.74,297.3,0.07,297.28,366130.19,106642762.4751
1753504601174,04:36:41.174,bybit,AAVE/USDT:USDT,297.29,4.59,297.3,0.07,297.28,366130.19,106642762.4751
1753504601219,04:36:41.219,okx,AAVE/USDT:USDT,297.23,26.1,297.24,49.9,297.23,4395495.4,
1753504601274,04:36:41.274,bybit,AAVE/USDT:USDT,297.29,5.77,297.3,0.07,297.28,366130.19,106642762.4751
1753504601359,04:36:41.359,okx,AAVE/USDT:USDT,297.23,26.2,297.24,20.7,297.23,4395495.4,
1753504601029,04:36:41.029,binance,AAVE/USDT:USDT,,,,,297.19,1039183.8,302260098.443
1753504601574,04:36:41.574,bybit,AAVE/USDT:USDT,297.29,4.59,297.3,0.07,297.28,366130.19,106642762.4751
1753504601619,04:36:41.619,bitget,AAVE/USDT:USDT,297.5,0.6,297.51,2.3,297.49,254819.4,74155011.412
1753504601674,04:36:41.674,bybit,AAVE/USDT:USDT,297.29,5.8,297.3,0.07,297.28,366130.19,106642762.4751
1753504601710,04:36:41.710,okx,AAVE/USDT:USDT,297.23,203.0,297.24,2.8,297.23,4395495.4,
1753504601775,04:36:41.775,bybit,AAVE/USDT:USDT,297.3,5.91,297.31,0.88,297.3,366130.26,106642783.2861
1753504601813,04:36:41.813,okx,AAVE/USDT:USDT,297.23,203.2,297.24,2.8,297.23,4395495.4,
1753504601875,04:36:41.875,bybit,AAVE/USDT:USDT,297.3,6.7,297.31,0.88,297.3,366130.26,106642783.2861
1753504601900,04:36:41.900,gateio,AAVE/USDT:USDT,,,,,297.28,355737.0,105753590.0
1753504601939,04:36:41.939,bitget,AAVE/USDT:USDT,297.52,3.6,297.53,0.1,297.49,254819.4,74155011.412
1753504601966,04:36:41.966,okx,AAVE/USDT:USDT,297.23,207.5,297.24,2.8,297.23,4395495.4,
1753504602074,04:36:42.074,bybit,AAVE/USDT:USDT,297.3,6.7,297.31,0.88,297.3,366130.26,106642783.2861
1753504602069,04:36:42.069,okx,AAVE/USDT:USDT,297.23,225.4,297.24,2.8,297.23,4395495.4,
1753504602213,04:36:42.213,okx,AAVE/USDT:USDT,297.23,232.1,297.24,2.7,297.24,4395495.5,
1753504602274,04:36:42.274,bybit,AAVE/USDT:USDT,297.33,15.91,297.34,0.62,297.32,366131.23,106643071.6777
1753504602268,04:36:42.268,bitget,AAVE/USDT:USDT,297.52,3.6,297.56,0.3,297.49,254819.4,74155011.412
1753504602319,04:36:42.319,okx,AAVE/USDT:USDT,297.26,350.8,297.27,0.5,297.26,4395498.4,
1753504602374,04:36:42.374,bybit,AAVE/USDT:USDT,297.33,16.17,297.34,0.62,297.32,366131.23,106643071.6777
1753504602475,04:36:42.475,bybit,AAVE/USDT:USDT,297.33,16.26,297.34,0.62,297.32,366131.23,106643071.6777
1753504602549,04:36:42.549,okx,AAVE/USDT:USDT,297.26,360.9,297.27,0.5,297.26,4395498.4,
1753504602579,04:36:42.579,bitget,AAVE/USDT:USDT,297.55,3.0,297.56,0.3,297.49,254819.4,74155011.412
1753504602675,04:36:42.675,bybit,AAVE/USDT:USDT,297.33,15.69,297.34,0.62,297.32,366131.23,106643071.6777
1753504602690,04:36:42.690,okx,AAVE/USDT:USDT,297.26,277.0,297.27,0.5,297.26,4395498.4,
1753504602808,04:36:42.808,okx,AAVE/USDT:USDT,297.26,246.7,297.27,0.5,297.26,4395498.4,
1753504602892,04:36:42.892,bitget,AAVE/USDT:USDT,297.55,3.3,297.58,0.7,297.49,254819.4,74155011.412
1753504602908,04:36:42.908,okx,AAVE/USDT:USDT,297.26,379.9,297.27,0.5,297.26,4395498.4,
1753504603274,04:36:43.274,bybit,AAVE/USDT:USDT,297.36,1.19,297.37,1.78,297.38,366133.35,106643702.0818
1753504603287,04:36:43.287,okx,AAVE/USDT:USDT,297.26,271.4,297.27,0.5,297.26,4395498.4,
1753504603374,04:36:43.374,bybit,AAVE/USDT:USDT,297.36,1.39,297.37,1.36,297.38,366133.35,106643702.0818
1753504603400,04:36:43.400,okx,AAVE/USDT:USDT,297.26,397.1,297.27,1.0,297.26,4395498.4,
1753504603474,04:36:43.474,bybit,AAVE/USDT:USDT,297.36,0.79,297.37,1.36,297.38,366133.35,106643702.0818
1753504602745,04:36:42.745,binance,AAVE/USDT:USDT,,,,,297.25,1039214.2,302269133.666
1753504603575,04:36:43.575,bybit,AAVE/USDT:USDT,297.36,0.79,297.37,1.36,297.38,366133.35,106643702.0818
1753504603550,04:36:43.550,bitget,AAVE/USDT:USDT,297.56,3.3,297.58,1.2,297.49,254819.4,74155011.412
1753504603875,04:36:43.875,bybit,AAVE/USDT:USDT,297.36,1.05,297.37,1.36,297.38,366133.35,106643702.0818
1753504603888,04:36:43.888,gateio,AAVE/USDT:USDT,,,,,297.28,355737.0,105753590.0
1753504603887,04:36:43.887,bitget,AAVE/USDT:USDT,297.56,3.3,297.58,1.2,297.49,254819.4,74155011.412
1753504604077,04:36:44.077,okx,AAVE/USDT:USDT,297.26,288.6,297.27,1.0,297.26,4395498.4,
1753504604174,04:36:44.174,bybit,AAVE/USDT:USDT,297.36,1.05,297.37,1.36,297.38,366133.35,106643702.0818
1753504604198,04:36:44.198,bitget,AAVE/USDT:USDT,297.56,3.3,297.58,1.1,297.49,254819.4,74155011.412
1753504604211,04:36:44.211,okx,AAVE/USDT:USDT,297.26,263.9,297.27,1.4,297.26,4395498.4,
1753504604333,04:36:44.333,okx,AAVE/USDT:USDT,297.26,288.6,297.27,1.4,297.26,4395498.4,
1753504604474,04:36:44.474,bybit,AAVE/USDT:USDT,297.36,1.05,297.37,1.36,297.38,366133.35,106643702.0818
1753504604509,04:36:44.509,bitget,AAVE/USDT:USDT,297.56,3.3,297.58,1.1,297.49,254819.4,74155011.412
1753504604574,04:36:44.574,bybit,AAVE/USDT:USDT,297.36,1.05,297.37,1.78,297.38,366133.35,106643702.0818
1753504604709,04:36:44.709,okx,AAVE/USDT:USDT,297.26,53.0,297.27,40.6,297.26,4395498.4,
1753504604838,04:36:44.838,bitget,AAVE/USDT:USDT,297.54,0.5,297.56,3.7,297.49,254819.4,74155011.412
1753504604974,04:36:44.974,bybit,AAVE/USDT:USDT,297.36,1.05,297.37,3.25,297.38,366133.35,106643702.0818
1753504605051,04:36:45.051,okx,AAVE/USDT:USDT,297.26,53.0,297.27,87.6,297.26,4395498.4,
1753504605148,04:36:45.148,bitget,AAVE/USDT:USDT,297.54,0.5,297.56,3.7,297.49,254819.4,74155011.412
1753504605188,04:36:45.188,okx,AAVE/USDT:USDT,297.26,53.0,297.27,40.6,297.26,4395498.4,
1753504605316,04:36:45.316,okx,AAVE/USDT:USDT,297.26,52.9,297.27,40.6,297.26,4395498.4,
1753504605456,04:36:45.456,bitget,AAVE/USDT:USDT,297.54,2.9,297.55,0.5,297.49,254819.4,74155011.412
1753504605874,04:36:45.874,bybit,AAVE/USDT:USDT,297.36,1.05,297.37,1.78,297.38,366133.35,106643702.0818
1753504605861,04:36:45.861,bitget,AAVE/USDT:USDT,297.54,0.8,297.55,0.5,297.49,254819.4,74155011.412
1753504606175,04:36:46.175,bybit,AAVE/USDT:USDT,297.36,0.05,297.37,1.78,297.36,366134.35,106643999.4418
1753504606172,04:36:46.172,binance,AAVE/USDT:USDT,,,,,297.24,1039215.1,302269401.182
1753504606206,04:36:46.206,okx,AAVE/USDT:USDT,297.26,183.3,297.27,1.4,297.26,4395498.4,
1753504606274,04:36:46.274,bybit,AAVE/USDT:USDT,297.32,1.65,297.34,0.59,297.36,366134.4,106644014.3098
1753504606259,04:36:46.259,bitget,AAVE/USDT:USDT,297.54,0.8,297.55,0.5,297.49,254819.4,74155011.412
1753504606374,04:36:46.374,bybit,AAVE/USDT:USDT,297.32,1.65,297.35,2.58,297.36,366134.4,106644014.3098
1753504606414,04:36:46.414,okx,AAVE/USDT:USDT,297.26,68.1,297.27,108.4,297.26,4395498.4,
1753504606514,04:36:46.514,okx,AAVE/USDT:USDT,297.26,68.1,297.27,81.4,297.26,4395498.4,
1753504606571,04:36:46.571,bitget,AAVE/USDT:USDT,297.54,0.8,297.55,0.5,297.49,254819.4,74155011.412
1753504606674,04:36:46.674,bybit,AAVE/USDT:USDT,297.32,1.38,297.34,0.42,297.36,366134.4,106644014.3098
1753504606669,04:36:46.669,okx,AAVE/USDT:USDT,297.26,50.2,297.27,123.8,297.26,4395498.4,
1753504606774,04:36:46.774,bybit,AAVE/USDT:USDT,297.32,1.38,297.34,3.0,297.36,366134.4,106644014.3098
1753504606809,04:36:46.809,okx,AAVE/USDT:USDT,297.26,50.2,297.27,232.3,297.26,4395498.4,
1753504606926,04:36:46.926,gateio,AAVE/USDT:USDT,,,,,297.33,355742.0,105772822.0
1753504606896,04:36:46.896,bitget,AAVE/USDT:USDT,297.54,0.8,297.55,0.5,297.49,254815.6,74153880.968
1753504606933,04:36:46.933,okx,AAVE/USDT:USDT,297.26,50.2,297.27,57.6,297.26,4395498.4,
1753504607045,04:36:47.045,okx,AAVE/USDT:USDT,297.26,50.2,297.27,56.9,297.26,4395498.4,
1753504607174,04:36:47.174,bybit,AAVE/USDT:USDT,297.32,1.38,297.33,0.1,297.36,366134.4,106644014.3098
1753504607282,04:36:47.282,okx,AAVE/USDT:USDT,297.26,68.1,297.27,56.9,297.26,4395498.4,
1753504607475,04:36:47.475,bybit,AAVE/USDT:USDT,297.32,2.56,297.33,0.1,297.36,366134.4,106644014.3098
1753504607601,04:36:47.601,bitget,AAVE/USDT:USDT,297.54,0.8,297.55,0.5,297.49,254819.4,74155011.412
1753504607674,04:36:47.674,bybit,AAVE/USDT:USDT,297.37,4.01,297.38,0.02,297.38,366140.06,106645697.4655
1753504607668,04:36:47.668,okx,AAVE/USDT:USDT,297.28,247.0,297.29,1.9,297.28,4395508.4,
1753504607775,04:36:47.775,bybit,AAVE/USDT:USDT,297.37,4.01,297.38,0.02,297.38,366140.06,106645697.4655
1753504607768,04:36:47.768,okx,AAVE/USDT:USDT,297.28,282.7,297.29,1.8,297.28,4395508.6,
1753504607885,04:36:47.885,gateio,AAVE/USDT:USDT,,,,,297.35,355742.0,105779996.0
1753504607907,04:36:47.907,okx,AAVE/USDT:USDT,297.28,302.0,297.29,1.8,297.28,4395508.6,
1753504607914,04:36:47.914,bitget,AAVE/USDT:USDT,297.54,2.0,297.62,8.6,297.49,254819.4,74155011.412
1753504608075,04:36:48.075,bybit,AAVE/USDT:USDT,297.37,4.01,297.38,0.02,297.38,366140.06,106645697.4655
1753504607617,04:36:47.617,binance,AAVE/USDT:USDT,,,,,297.27,1039248.4,302279299.366
1753504608211,04:36:48.211,okx,AAVE/USDT:USDT,297.28,168.8,297.29,1.8,297.28,4395508.6,
1753504608323,04:36:48.323,okx,AAVE/USDT:USDT,297.28,277.3,297.29,1.8,297.28,4395508.6,
1753504608374,04:36:48.374,bybit,AAVE/USDT:USDT,297.37,4.01,297.38,0.02,297.38,366140.06,106645697.4655
1753504608474,04:36:48.474,bybit,AAVE/USDT:USDT,297.39,2.07,297.4,0.02,297.4,366140.14,106645721.2568
1753504608475,04:36:48.475,okx,AAVE/USDT:USDT,297.28,168.8,297.29,3.5,297.28,4395508.6,
1753504608574,04:36:48.574,bybit,AAVE/USDT:USDT,297.39,2.07,297.4,0.02,297.4,366140.14,106645721.2568
1753504608608,04:36:48.608,okx,AAVE/USDT:USDT,297.28,302.0,297.29,3.5,297.28,4395508.6,
1753504608714,04:36:48.714,okx,AAVE/USDT:USDT,297.28,168.8,297.29,3.5,297.28,4395508.6,
1753504608774,04:36:48.774,bybit,AAVE/USDT:USDT,297.39,2.07,297.4,0.35,297.4,366140.14,106645721.2568
1753504608773,04:36:48.773,bitget,AAVE/USDT:USDT,297.61,0.8,297.62,1.8,297.49,254819.4,74155011.412
1753504608823,04:36:48.823,okx,AAVE/USDT:USDT,297.28,302.0,297.29,3.5,297.28,4395508.6,
1753504608925,04:36:48.925,okx,AAVE/USDT:USDT,297.28,168.6,297.29,3.5,297.28,4395508.6,
1753504609074,04:36:49.074,bybit,AAVE/USDT:USDT,297.37,3.3,297.4,3.2,297.4,366140.14,106645721.2568
1753504609061,04:36:49.061,okx,AAVE/USDT:USDT,297.28,301.8,297.29,3.5,297.28,4395508.6,
1753504609102,04:36:49.102,bitget,AAVE/USDT:USDT,297.61,0.8,297.62,1.8,297.49,254819.4,74155011.412
1753504609174,04:36:49.174,bybit,AAVE/USDT:USDT,297.37,1.35,297.39,3.93,297.4,366140.14,106645721.2568
1753504609186,04:36:49.186,okx,AAVE/USDT:USDT,297.28,241.0,297.29,3.5,297.28,4395508.6,
1753504609310,04:36:49.310,okx,AAVE/USDT:USDT,297.28,109.5,297.29,3.5,297.28,4395508.6,
1753504609422,04:36:49.422,okx,AAVE/USDT:USDT,297.28,134.2,297.29,3.5,297.28,4395508.6,
1753504609414,04:36:49.414,bitget,AAVE/USDT:USDT,297.58,0.5,297.62,3.8,297.49,254819.4,74155011.412
1753504609475,04:36:49.475,bybit,AAVE/USDT:USDT,297.38,1.26,297.39,3.93,297.4,366140.14,106645721.2568
1753504609531,04:36:49.531,okx,AAVE/USDT:USDT,297.28,150.4,297.29,3.5,297.28,4395508.6,
1753504609679,04:36:49.679,okx,AAVE/USDT:USDT,297.28,258.9,297.29,3.5,297.28,4395508.6,
1753504609799,04:36:49.799,bitget,AAVE/USDT:USDT,297.58,4.2,297.6,1.0,297.49,254819.4,74155011.412
1753504609806,04:36:49.806,okx,AAVE/USDT:USDT,297.28,258.7,297.29,3.5,297.28,4395508.6,
1753504609877,04:36:49.877,gateio,AAVE/USDT:USDT,,,,,297.38,355749.0,105792726.0
1753504610123,04:36:50.123,bitget,AAVE/USDT:USDT,297.58,4.2,297.6,1.0,297.49,254819.4,74155011.412
1753504610168,04:36:50.168,okx,AAVE/USDT:USDT,297.28,134.0,297.29,3.5,297.28,4395508.6,
1753504610411,04:36:50.411,okx,AAVE/USDT:USDT,297.28,258.9,297.29,3.5,297.28,4395508.6,
1753504610479,04:36:50.479,bitget,AAVE/USDT:USDT,297.58,4.2,297.6,1.0,297.49,254819.4,74155011.412
1753504610513,04:36:50.513,okx,AAVE/USDT:USDT,297.28,150.4,297.29,3.3,297.28,4395508.6,
