timestamp,time,exchange,symbol,bid,bidVolume,ask,askVolume,lastPrice,baseVolume,quoteVolume
1753504538474,04:35:38.474,bybit,AAVE/USDT:USDT,297.04,1.45,297.05,4.1,297.05,366810.29,106837393.887
1753504539374,04:35:39.374,bybit,AAVE/USDT:USDT,297.04,0.03,297.05,4.1,297.05,366810.29,106837393.887
1753504540083,04:35:40.083,okx,AAVE/USDT:USDT,296.96,4.0,296.97,84.0,296.98,4411748.7,
1753504540375,04:35:40.375,bybit,AAVE/USDT:USDT,297.04,0.03,297.05,4.53,297.05,366810.29,106837393.887
1753504540460,04:35:40.460,okx,AAVE/USDT:USDT,296.96,5.0,296.97,177.4,296.98,4411748.7,
1753504540589,04:35:40.589,okx,AAVE/USDT:USDT,296.96,5.0,296.97,84.0,296.98,4411748.7,
1753504540674,04:35:40.674,bybit,AAVE/USDT:USDT,297.04,4.21,297.05,0.98,297.05,366810.29,106837393.887
1753504540694,04:35:40.694,okx,AAVE/USDT:USDT,296.96,5.0,296.97,85.6,296.98,4411748.7,
1753504540774,04:35:40.774,bybit,AAVE/USDT:USDT,297.06,7.51,297.08,0.04,297.05,366811.27,106837684.996
1753504540801,04:35:40.801,okx,AAVE/USDT:USDT,296.99,244.6,297.01,1.7,297.0,4411750.8,
1753504541029,04:35:41.029,bitget,AAVE/USDT:USDT,297.28,2.5,297.3,0.5,297.3,255196.8,74262520.204
1753504541075,04:35:41.075,bybit,AAVE/USDT:USDT,297.08,3.04,297.09,0.02,297.05,366811.27,106837684.996
1753504541111,04:35:41.111,okx,AAVE/USDT:USDT,297.0,389.5,297.01,1.9,297.0,4411750.8,
1753504541374,04:35:41.374,bybit,AAVE/USDT:USDT,297.13,7.21,297.14,0.02,297.12,366812.72,106838115.8046
1753504541353,04:35:41.353,bitget,AAVE/USDT:USDT,297.28,2.5,297.3,0.5,297.3,255196.8,74262520.204
1753504541442,04:35:41.442,okx,AAVE/USDT:USDT,297.06,254.0,297.07,69.9,297.06,4411921.5,
1753504541474,04:35:41.474,bybit,AAVE/USDT:USDT,297.13,7.21,297.14,0.02,297.12,366812.72,106838115.8046
1753504541557,04:35:41.557,okx,AAVE/USDT:USDT,297.06,271.4,297.07,69.9,297.06,4411921.5,
1753504541689,04:35:41.689,bitget,AAVE/USDT:USDT,297.36,3.7,297.37,2.4,297.3,255196.8,74262520.204
1753504542674,04:35:42.674,bybit,AAVE/USDT:USDT,297.13,8.14,297.14,0.02,297.12,366812.72,106838115.8046
1753504542674,04:35:42.674,bitget,AAVE/USDT:USDT,297.36,4.5,297.37,0.5,297.3,255196.8,74262520.204
1753504542874,04:35:42.874,bybit,AAVE/USDT:USDT,297.13,8.46,297.14,0.02,297.12,366812.72,106838115.8046
1753504542985,04:35:42.985,okx,AAVE/USDT:USDT,297.07,243.4,297.08,138.5,297.07,4411991.4,
1753504543083,04:35:43.083,bitget,AAVE/USDT:USDT,297.36,4.5,297.37,0.5,297.3,255186.0,74259309.74
1753504543110,04:35:43.110,okx,AAVE/USDT:USDT,297.07,345.1,297.08,138.5,297.07,4411991.4,
1753504543211,04:35:43.211,okx,AAVE/USDT:USDT,297.07,351.9,297.08,138.5,297.07,4411991.4,
1753504543275,04:35:43.275,bybit,AAVE/USDT:USDT,297.13,7.55,297.14,0.02,297.12,366812.72,106838115.8046
1753504543366,04:35:43.366,okx,AAVE/USDT:USDT,297.07,351.9,297.08,138.5,297.07,4411991.4,
1753504543468,04:35:43.468,okx,AAVE/USDT:USDT,297.07,243.4,297.08,138.5,297.07,4411991.4,
1753504543607,04:35:43.607,okx,AAVE/USDT:USDT,297.07,321.8,297.08,138.0,297.07,4411991.4,
1753504543696,04:35:43.696,bitget,AAVE/USDT:USDT,297.36,4.3,297.37,0.5,297.3,255196.8,74262520.204
1753504543711,04:35:43.711,okx,AAVE/USDT:USDT,297.07,330.1,297.08,138.0,297.07,4411991.4,
1753504543885,04:35:43.885,gateio,AAVE/USDT:USDT,,,,,297.16,355668.0,105690546.0
1753504542086,04:35:42.086,binance,AAVE/USDT:USDT,,,,,297.03,1043927.7,303615033.938
1753504543980,04:35:43.980,okx,AAVE/USDT:USDT,297.07,219.8,297.08,138.0,297.07,4411991.4,
1753504544074,04:35:44.074,bybit,AAVE/USDT:USDT,297.13,6.04,297.14,0.02,297.12,366812.72,106838115.8046
1753504544086,04:35:44.086,okx,AAVE/USDT:USDT,297.07,64.1,297.08,138.0,297.07,4411991.4,
1753504544354,04:35:44.354,bitget,AAVE/USDT:USDT,297.36,0.8,297.37,1.0,297.3,255196.8,74262520.204
1753504544674,04:35:44.674,bybit,AAVE/USDT:USDT,297.13,7.33,297.14,0.02,297.12,366812.72,106838115.8046
1753504544666,04:35:44.666,bitget,AAVE/USDT:USDT,297.36,0.8,297.37,1.0,297.3,255196.8,74262520.204
1753504544675,04:35:44.675,okx,AAVE/USDT:USDT,297.07,113.5,297.08,138.0,297.07,4411991.4,
1753504544797,04:35:44.797,okx,AAVE/USDT:USDT,297.07,222.0,297.08,138.0,297.07,4411991.4,
1753504544936,04:35:44.936,gateio,AAVE/USDT:USDT,,,,,297.16,355668.0,105690546.0
1753504545113,04:35:45.113,okx,AAVE/USDT:USDT,297.07,241.7,297.08,138.0,297.07,4411991.4,
1753504545174,04:35:45.174,bybit,AAVE/USDT:USDT,297.13,7.33,297.18,0.18,297.18,366814.08,106838519.9427
1753504545214,04:35:45.214,okx,AAVE/USDT:USDT,297.07,242.7,297.08,138.0,297.07,4411991.4,
1753504545275,04:35:45.275,bybit,AAVE/USDT:USDT,297.16,0.37,297.18,0.2,297.18,366814.08,106838519.9427
1753504545374,04:35:45.374,bybit,AAVE/USDT:USDT,297.16,0.37,297.17,0.24,297.18,366814.08,106838519.9427
1753504545346,04:35:45.346,bitget,AAVE/USDT:USDT,297.36,1.4,297.37,1.0,297.3,255196.8,74262520.204
1753504545364,04:35:45.364,okx,AAVE/USDT:USDT,297.07,134.2,297.08,138.0,297.07,4411991.4,
1753504545474,04:35:45.474,bybit,AAVE/USDT:USDT,297.16,0.43,297.17,0.24,297.18,366814.08,106838519.9427
1753504545482,04:35:45.482,okx,AAVE/USDT:USDT,297.07,134.2,297.08,138.1,297.07,4411991.4,
1753504545574,04:35:45.574,bybit,AAVE/USDT:USDT,297.16,0.43,297.17,1.53,297.18,366814.08,106838519.9427
1753504545601,04:35:45.601,okx,AAVE/USDT:USDT,297.07,107.5,297.08,138.1,297.07,4411991.4,
1753504545674,04:35:45.674,bybit,AAVE/USDT:USDT,297.16,1.22,297.17,1.53,297.18,366814.08,106838519.9427
1753504545708,04:35:45.708,okx,AAVE/USDT:USDT,297.07,64.9,297.08,138.1,297.07,4411991.4,
1753504544652,04:35:44.652,binance,AAVE/USDT:USDT,,,,,297.04,1043927.9,303615093.346
1753504546063,04:35:46.063,bitget,AAVE/USDT:USDT,297.36,0.8,297.37,1.0,297.3,255196.8,74262520.204
1753504546375,04:35:46.375,bitget,AAVE/USDT:USDT,297.36,1.4,297.37,1.0,297.3,255196.8,74262520.204
1753504546521,04:35:46.521,okx,AAVE/USDT:USDT,297.07,87.8,297.08,138.1,297.07,4411991.4,
1753504546574,04:35:46.574,bybit,AAVE/USDT:USDT,297.16,1.22,297.17,1.53,297.18,366814.08,106838519.9427
1753504546674,04:35:46.674,bybit,AAVE/USDT:USDT,297.16,1.22,297.17,4.11,297.18,366814.08,106838519.9427
1753504546667,04:35:46.667,okx,AAVE/USDT:USDT,297.07,64.9,297.08,138.1,297.07,4411991.4,
1753504546723,04:35:46.723,bitget,AAVE/USDT:USDT,297.36,0.8,297.37,1.0,297.3,255196.8,74262520.204
1753504546774,04:35:46.774,okx,AAVE/USDT:USDT,297.07,17.7,297.08,306.7,297.07,4411991.4,
1753504546874,04:35:46.874,bybit,AAVE/USDT:USDT,297.11,0.37,297.12,0.72,297.16,366815.3,106838882.4779
1753504546887,04:35:46.887,gateio,AAVE/USDT:USDT,,,,,297.14,355675.0,105685446.0
1753504546882,04:35:46.882,okx,AAVE/USDT:USDT,297.07,17.7,297.08,349.3,297.07,4411991.4,
1753504546974,04:35:46.974,bybit,AAVE/USDT:USDT,297.11,0.37,297.12,0.72,297.16,366815.3,106838882.4779
1753504547064,04:35:47.064,bitget,AAVE/USDT:USDT,297.35,25.8,297.36,2.2,297.3,255196.8,74262520.204
1753504547116,04:35:47.116,okx,AAVE/USDT:USDT,297.07,17.7,297.08,349.5,297.07,4411991.4,
1753504547174,04:35:47.174,bybit,AAVE/USDT:USDT,297.1,0.04,297.11,1.03,297.16,366815.3,106838882.4779
1753504547221,04:35:47.221,okx,AAVE/USDT:USDT,297.07,9.5,297.08,349.5,297.07,4411991.4,
1753504547374,04:35:47.374,bybit,AAVE/USDT:USDT,297.1,0.41,297.11,0.61,297.16,366815.3,106838882.4779
1753504547379,04:35:47.379,bitget,AAVE/USDT:USDT,297.33,1.3,297.34,0.5,297.3,255196.8,74262520.204
1753504547368,04:35:47.368,okx,AAVE/USDT:USDT,297.07,9.5,297.08,211.8,297.07,4411991.4,
1753504547474,04:35:47.474,bybit,AAVE/USDT:USDT,297.1,0.41,297.11,0.61,297.16,366815.3,106838882.4779
1753504547611,04:35:47.611,okx,AAVE/USDT:USDT,297.03,3.0,297.08,150.7,297.03,4412011.4,
1753504547774,04:35:47.774,bybit,AAVE/USDT:USDT,297.1,1.89,297.11,0.61,297.16,366815.3,106838882.4779
1753504547814,04:35:47.814,okx,AAVE/USDT:USDT,297.03,71.1,297.04,22.1,297.03,4412011.4,
1753504547874,04:35:47.874,bybit,AAVE/USDT:USDT,297.11,0.37,297.13,0.42,297.16,366815.3,106838882.4779
1753504547553,04:35:47.553,binance,AAVE/USDT:USDT,,,,,297.02,1043932.5,303616459.667
1753504547970,04:35:47.970,okx,AAVE/USDT:USDT,297.05,28.4,297.06,22.1,297.03,4412011.4,
1753504548074,04:35:48.074,bybit,AAVE/USDT:USDT,297.11,1.85,297.13,0.42,297.16,366815.3,106838882.4779
1753504548074,04:35:48.074,okx,AAVE/USDT:USDT,297.05,28.6,297.06,22.1,297.03,4412011.4,
1753504548310,04:35:48.310,okx,AAVE/USDT:USDT,297.05,28.6,297.06,42.5,297.03,4412011.4,
1753504548412,04:35:48.412,okx,AAVE/USDT:USDT,297.05,28.6,297.06,43.8,297.03,4412011.4,
1753504548774,04:35:48.774,bybit,AAVE/USDT:USDT,297.11,0.37,297.13,0.42,297.16,366815.3,106838882.4779
1753504549074,04:35:49.074,okx,AAVE/USDT:USDT,297.05,8.4,297.06,43.8,297.03,4412011.4,
1753504549212,04:35:49.212,okx,AAVE/USDT:USDT,297.05,8.4,297.06,43.9,297.03,4412011.4,
1753504549774,04:35:49.774,bybit,AAVE/USDT:USDT,297.11,1.85,297.13,0.42,297.16,366815.3,106838882.4779
1753504549874,04:35:49.874,bybit,AAVE/USDT:USDT,297.12,5.07,297.14,0.04,297.16,366815.3,106838882.4779
1753504549907,04:35:49.907,okx,AAVE/USDT:USDT,297.05,28.6,297.06,23.7,297.03,4412011.4,
1753504549975,04:35:49.975,bybit,AAVE/USDT:USDT,297.14,0.37,297.16,2.6,297.16,366815.3,106838882.4779
1753504549998,04:35:49.998,bitget,AAVE/USDT:USDT,297.36,0.5,297.37,2.1,297.3,255196.8,74262520.204
1753504550011,04:35:50.011,okx,AAVE/USDT:USDT,297.05,93.3,297.06,1.8,297.03,4412011.4,
1753504550075,04:35:50.075,bybit,AAVE/USDT:USDT,297.14,0.37,297.15,0.42,297.16,366815.3,106838882.4779
1753504550166,04:35:50.166,okx,AAVE/USDT:USDT,297.05,162.9,297.06,1.8,297.03,4412011.4,
1753504550268,04:35:50.268,okx,AAVE/USDT:USDT,297.05,201.8,297.06,1.8,297.03,4412011.4,
1753504550375,04:35:50.375,okx,AAVE/USDT:USDT,297.05,111.7,297.06,1.8,297.03,4412011.4,
1753504550424,04:35:50.424,bitget,AAVE/USDT:USDT,297.36,0.8,297.37,2.1,297.3,255196.8,74262520.204
1753504550548,04:35:50.548,binance,AAVE/USDT:USDT,,,,,297.02,1043932.6,303616489.369
1753504550614,04:35:50.614,okx,AAVE/USDT:USDT,297.05,220.4,297.06,1.8,297.03,4412011.4,
1753504550674,04:35:50.674,bybit,AAVE/USDT:USDT,297.13,0.37,297.14,1.86,297.16,366815.3,106838882.4779
1753504550719,04:35:50.719,okx,AAVE/USDT:USDT,297.05,70.8,297.06,1.8,297.03,4412011.4,
1753504550774,04:35:50.774,bybit,AAVE/USDT:USDT,297.13,0.37,297.14,1.86,297.16,366815.3,106838882.4779
1753504550882,04:35:50.882,bitget,AAVE/USDT:USDT,297.36,0.3,297.37,4.1,297.3,255196.8,74262520.204
1753504551007,04:35:51.007,okx,AAVE/USDT:USDT,297.05,202.0,297.06,1.8,297.03,4412011.4,
1753504551110,04:35:51.110,okx,AAVE/USDT:USDT,297.05,93.5,297.06,1.8,297.03,4412011.4,
1753504551174,04:35:51.174,bybit,AAVE/USDT:USDT,297.12,0.44,297.14,2.37,297.16,366815.3,106838882.4779
1753504551216,04:35:51.216,okx,AAVE/USDT:USDT,297.05,71.0,297.06,1.8,297.03,4412011.4,
1753504551275,04:35:51.275,bybit,AAVE/USDT:USDT,297.11,0.37,297.13,0.51,297.16,366815.3,106838882.4779
1753504551355,04:35:51.355,okx,AAVE/USDT:USDT,297.05,71.0,297.06,22.0,297.03,4412011.4,
1753504551479,04:35:51.479,okx,AAVE/USDT:USDT,297.05,50.8,297.06,65.1,297.03,4412011.4,
1753504551600,04:35:51.600,okx,AAVE/USDT:USDT,297.05,50.8,297.06,44.9,297.03,4412011.4,
1753504551854,04:35:51.854,bitget,AAVE/USDT:USDT,297.33,1.5,297.34,2.8,297.3,255196.8,74262520.204
1753504552114,04:35:52.114,okx,AAVE/USDT:USDT,297.05,8.4,297.06,153.4,297.03,4412011.4,
1753504552275,04:35:52.275,bybit,AAVE/USDT:USDT,297.11,0.37,297.12,0.42,297.16,366815.3,106838882.4779
1753504552464,04:35:52.464,bitget,AAVE/USDT:USDT,297.33,1.5,297.34,1.0,297.3,255196.8,74262520.204
1753504552201,04:35:52.201,binance,AAVE/USDT:USDT,,,,,297.02,1043938.5,303618241.787
1753504552577,04:35:52.577,okx,AAVE/USDT:USDT,297.05,8.5,297.06,153.4,297.03,4412011.4,
1753504552807,04:35:52.807,okx,AAVE/USDT:USDT,297.05,8.5,297.06,173.7,297.03,4412011.4,
1753504552911,04:35:52.911,gateio,AAVE/USDT:USDT,,,,,297.09,355682.0,105669588.0
1753504552974,04:35:52.974,bybit,AAVE/USDT:USDT,297.1,0.04,297.11,1.93,297.16,366815.3,106838882.4779
1753504553075,04:35:53.075,bybit,AAVE/USDT:USDT,297.1,0.02,297.11,1.93,297.16,366815.3,106838882.4779
1753504553073,04:35:53.073,okx,AAVE/USDT:USDT,297.05,0.1,297.06,173.7,297.03,4412011.4,
1753504553202,04:35:53.202,okx,AAVE/USDT:USDT,297.05,0.1,297.06,174.0,297.03,4412011.4,
1753504553645,04:35:53.645,bitget,AAVE/USDT:USDT,297.33,0.7,297.34,3.3,297.3,255196.8,74262520.204
1753504553894,04:35:53.894,gateio,AAVE/USDT:USDT,,,,,297.09,355664.0,105682036.0
1753504553970,04:35:53.970,bitget,AAVE/USDT:USDT,297.33,0.7,297.34,3.3,297.3,255196.8,74262520.204
1753504554305,04:35:54.305,bitget,AAVE/USDT:USDT,297.33,1.0,297.34,3.3,297.3,255196.8,74262520.204
1753504554374,04:35:54.374,bybit,AAVE/USDT:USDT,297.11,0.37,297.12,0.42,297.16,366815.3,106838882.4779
1753504554474,04:35:54.474,bybit,AAVE/USDT:USDT,297.12,0.59,297.13,0.42,297.16,366815.3,106838882.4779
1753504554490,04:35:54.490,okx,AAVE/USDT:USDT,297.05,28.5,297.06,23.3,297.03,4412011.4,
1753504554201,04:35:54.201,binance,AAVE/USDT:USDT,,,,,297.01,1043939.4,303618509.104
1753504554607,04:35:54.607,okx,AAVE/USDT:USDT,297.05,51.0,297.06,23.5,297.03,4412011.4,
1753504554674,04:35:54.674,bybit,AAVE/USDT:USDT,297.12,0.59,297.13,0.52,297.16,366815.3,106838882.4779
1753504554671,04:35:54.671,bitget,AAVE/USDT:USDT,297.33,2.1,297.35,0.5,297.3,255196.8,74262520.204
1753504554715,04:35:54.715,okx,AAVE/USDT:USDT,297.05,51.2,297.06,23.5,297.03,4412011.4,
1753504554983,04:35:54.983,bitget,AAVE/USDT:USDT,297.35,0.5,297.36,0.5,297.3,255196.8,74262520.204
1753504555167,04:35:55.167,okx,AAVE/USDT:USDT,297.05,51.2,297.06,3.3,297.03,4412011.4,
1753504555374,04:35:55.374,bybit,AAVE/USDT:USDT,297.11,1.66,297.12,0.05,297.16,366815.3,106838882.4779
1753504555347,04:35:55.347,bitget,AAVE/USDT:USDT,297.35,0.8,297.36,1.0,297.35,255196.8,74262520.204
1753504555407,04:35:55.407,okx,AAVE/USDT:USDT,297.05,55.7,297.06,22.3,297.03,4412011.4,
1753504555474,04:35:55.474,bybit,AAVE/USDT:USDT,297.11,0.37,297.12,1.97,297.16,366815.3,106838882.4779
1753504555509,04:35:55.509,okx,AAVE/USDT:USDT,297.05,13.0,297.06,169.9,297.03,4412011.4,
1753504555574,04:35:55.574,bybit,AAVE/USDT:USDT,297.1,0.04,297.11,0.42,297.16,366815.3,106838882.4779
1753504555611,04:35:55.611,okx,AAVE/USDT:USDT,297.05,8.5,297.06,170.4,297.03,4412011.4,
1753504555761,04:35:55.761,bitget,AAVE/USDT:USDT,297.33,0.7,297.34,0.5,297.35,255196.8,74262520.204
1753504555878,04:35:55.878,gateio,AAVE/USDT:USDT,,,,,297.1,355669.0,105669366.0
1753504555870,04:35:55.870,okx,AAVE/USDT:USDT,297.05,0.1,297.06,170.4,297.03,4412011.4,
1753504556074,04:35:56.074,bybit,AAVE/USDT:USDT,297.1,0.02,297.11,0.42,297.16,366815.3,106838882.4779
1753504556078,04:35:56.078,bitget,AAVE/USDT:USDT,297.33,0.7,297.34,3.3,297.35,255196.8,74262520.204
1753504556274,04:35:56.274,bybit,AAVE/USDT:USDT,297.1,0.02,297.11,0.55,297.16,366815.3,106838882.4779
1753504556469,04:35:56.469,okx,AAVE/USDT:USDT,297.05,0.1,297.06,169.7,297.03,4412011.4,
1753504555192,04:35:55.192,binance,AAVE/USDT:USDT,,,,,297.02,1043939.9,303618657.614
1753504556606,04:35:56.606,okx,AAVE/USDT:USDT,297.05,0.3,297.06,169.7,297.03,4412011.4,
1753504556674,04:35:56.674,bybit,AAVE/USDT:USDT,297.1,1.49,297.11,0.13,297.16,366815.3,106838882.4779
1753504556710,04:35:56.710,okx,AAVE/USDT:USDT,297.05,0.3,297.06,196.8,297.03,4412011.4,
1753504556801,04:35:56.801,bitget,AAVE/USDT:USDT,297.33,1.5,297.34,0.5,297.35,255197.8,74262817.554
1753504556811,04:35:56.811,okx,AAVE/USDT:USDT,297.05,8.5,297.06,48.3,297.03,4412011.4,
1753504557110,04:35:57.110,bitget,AAVE/USDT:USDT,297.33,1.5,297.34,0.5,297.35,255197.8,74262817.554
1753504557422,04:35:57.422,bitget,AAVE/USDT:USDT,297.33,1.5,297.34,0.5,297.35,255197.8,74262817.554
1753504557467,04:35:57.467,okx,AAVE/USDT:USDT,297.05,8.7,297.06,130.3,297.03,4412011.4,
1753504557574,04:35:57.574,bybit,AAVE/USDT:USDT,297.1,2.93,297.11,0.13,297.16,366815.3,106838882.4779
1753504557607,04:35:57.607,okx,AAVE/USDT:USDT,297.05,28.9,297.06,51.1,297.03,4412011.4,
1753504557674,04:35:57.674,bybit,AAVE/USDT:USDT,297.1,4.42,297.11,0.13,297.16,366815.3,106838882.4779
1753504557710,04:35:57.710,okx,AAVE/USDT:USDT,297.05,28.9,297.06,30.3,297.03,4412011.4,
1753504557775,04:35:57.775,bybit,AAVE/USDT:USDT,297.1,4.51,297.11,0.13,297.16,366815.3,106838882.4779
1753504557751,04:35:57.751,bitget,AAVE/USDT:USDT,297.33,1.5,297.34,0.5,297.35,255197.8,74262817.554
1753504557874,04:35:57.874,bybit,AAVE/USDT:USDT,297.1,6.74,297.11,0.13,297.16,366815.3,106838882.4779
1753504557864,04:35:57.864,okx,AAVE/USDT:USDT,297.05,218.6,297.06,30.3,297.03,4412011.4,
1753504557976,04:35:57.976,okx,AAVE/USDT:USDT,297.05,110.3,297.06,30.3,297.03,4412011.4,
1753504558095,04:35:58.095,okx,AAVE/USDT:USDT,297.05,83.6,297.06,30.3,297.03,4412011.4,
1753504558174,04:35:58.174,bybit,AAVE/USDT:USDT,297.14,0.37,297.15,0.59,297.11,366815.43,106838921.1022
1753504558210,04:35:58.210,okx,AAVE/USDT:USDT,297.05,213.5,297.06,30.3,297.03,4412011.4,
1753504558274,04:35:58.274,bybit,AAVE/USDT:USDT,297.14,0.37,297.15,0.59,297.11,366815.43,106838921.1022
1753504558359,04:35:58.359,okx,AAVE/USDT:USDT,297.05,83.8,297.06,30.3,297.03,4412011.4,
1753504558475,04:35:58.475,bybit,AAVE/USDT:USDT,297.14,1.86,297.15,0.17,297.11,366815.43,106838921.1022
1753504558468,04:35:58.468,okx,AAVE/USDT:USDT,297.05,169.8,297.06,30.3,297.03,4412011.4,
1753504558483,04:35:58.483,bitget,AAVE/USDT:USDT,297.36,0.5,297.37,2.5,297.35,255197.8,74262817.554
1753504558575,04:35:58.575,bybit,AAVE/USDT:USDT,297.14,0.37,297.15,1.37,297.11,366815.43,106838921.1022
1753504558505,04:35:58.505,binance,AAVE/USDT:USDT,,,,,297.02,1043941.1,303619014.038
1753504558592,04:35:58.592,okx,AAVE/USDT:USDT,297.05,110.2,297.06,30.3,297.03,4412011.4,
1753504558874,04:35:58.874,bybit,AAVE/USDT:USDT,297.14,1.86,297.15,0.03,297.11,366815.43,106838921.1022
1753504558863,04:35:58.863,okx,AAVE/USDT:USDT,297.05,248.7,297.06,30.3,297.03,4412011.4,
1753504558895,04:35:58.895,gateio,AAVE/USDT:USDT,,,,,297.14,355674.0,105685144.0
1753504558971,04:35:58.971,okx,AAVE/USDT:USDT,297.05,222.2,297.06,30.3,297.03,4412011.4,
1753504559106,04:35:59.106,bitget,AAVE/USDT:USDT,297.34,3.0,297.36,1.0,297.35,255198.0,74262877.026
1753504559365,04:35:59.365,okx,AAVE/USDT:USDT,297.05,248.7,297.06,30.3,297.03,4412011.4,
1753504559474,04:35:59.474,bybit,AAVE/USDT:USDT,297.14,0.37,297.15,0.36,297.11,366815.43,106838921.1022
1753504559467,04:35:59.467,bitget,AAVE/USDT:USDT,297.34,3.0,297.36,0.5,297.35,255198.0,74262877.026
1753504559477,04:35:59.477,okx,AAVE/USDT:USDT,297.05,113.7,297.06,30.3,297.03,4412011.4,
1753504559608,04:35:59.608,okx,AAVE/USDT:USDT,297.05,221.9,297.06,30.3,297.03,4412011.4,
1753504559709,04:35:59.709,okx,AAVE/USDT:USDT,297.05,104.8,297.06,15.9,297.05,4412020.2,
1753504559774,04:35:59.774,bybit,AAVE/USDT:USDT,297.14,0.37,297.15,1.73,297.11,366815.43,106838921.1022
1753504559781,04:35:59.781,bitget,AAVE/USDT:USDT,297.34,3.0,297.36,0.5,297.35,255198.0,74262877.026
1753504559819,04:35:59.819,okx,AAVE/USDT:USDT,297.05,104.8,297.06,15.9,297.05,4412020.2,
1753504559882,04:35:59.882,gateio,AAVE/USDT:USDT,,,,,297.14,355674.0,105685144.0
1753504559974,04:35:59.974,bybit,AAVE/USDT:USDT,297.13,0.37,297.14,1.49,297.11,366815.43,106838921.1022
1753504559969,04:35:59.969,okx,AAVE/USDT:USDT,297.05,87.6,297.06,15.9,297.05,4412020.2,
1753504560074,04:36:00.074,bybit,AAVE/USDT:USDT,297.12,1.46,297.14,1.49,297.11,366815.43,106838921.1022
1753504560213,04:36:00.213,okx,AAVE/USDT:USDT,297.05,20.4,297.06,34.7,297.06,4395358.2,
1753504560274,04:36:00.274,bybit,AAVE/USDT:USDT,297.11,3.37,297.14,1.49,297.11,366815.43,106838921.1022
1753504560316,04:36:00.316,okx,AAVE/USDT:USDT,297.05,20.4,297.06,34.9,297.06,4395358.2,
1753504560374,04:36:00.374,bybit,AAVE/USDT:USDT,297.12,0.37,297.14,1.49,297.11,366815.43,106838921.1022
1753504560429,04:36:00.429,okx,AAVE/USDT:USDT,297.05,20.4,297.06,65.4,297.06,4395358.2,
1753504560545,04:36:00.545,okx,AAVE/USDT:USDT,297.05,20.4,297.06,179.3,297.06,4395358.2,
1753504560544,04:36:00.544,bitget,AAVE/USDT:USDT,297.34,0.3,297.35,1.0,297.35,255196.8,74262520.204
1753504560041,04:36:00.041,binance,AAVE/USDT:USDT,,,,,297.01,1039129.6,302243998.947
1753504560919,04:36:00.919,okx,AAVE/USDT:USDT,297.05,20.4,297.06,22.2,297.06,4395358.2,
1753504561070,04:36:01.070,okx,AAVE/USDT:USDT,297.05,20.4,297.06,34.4,297.06,4395358.2,
1753504561170,04:36:01.170,bitget,AAVE/USDT:USDT,297.34,0.3,297.35,1.0,297.35,254764.0,74138540.288
1753504561498,04:36:01.498,bitget,AAVE/USDT:USDT,297.34,0.3,297.35,1.0,297.35,254764.0,74138540.288
1753504561574,04:36:01.574,bybit,AAVE/USDT:USDT,297.12,1.86,297.14,1.49,297.11,366815.43,106838921.1022
1753504561674,04:36:01.674,bybit,AAVE/USDT:USDT,297.13,0.37,297.14,1.49,297.11,366815.43,106838921.1022
1753504561653,04:36:01.653,okx,AAVE/USDT:USDT,297.05,55.6,297.06,34.0,297.06,4395358.2,
1753504561802,04:36:01.802,okx,AAVE/USDT:USDT,297.05,55.6,297.06,13.5,297.06,4395358.2,
1753504561880,04:36:01.880,gateio,AAVE/USDT:USDT,,,,,297.12,355679.0,105679492.0
1753504561856,04:36:01.856,bitget,AAVE/USDT:USDT,297.34,0.3,297.35,0.5,297.35,254764.0,74138540.288
1753504561908,04:36:01.908,okx,AAVE/USDT:USDT,297.05,55.6,297.06,13.9,297.06,4395358.2,
1753504562174,04:36:02.174,bybit,AAVE/USDT:USDT,297.13,0.37,297.14,1.49,297.11,366815.43,106838921.1022
1753504562222,04:36:02.222,bitget,AAVE/USDT:USDT,297.34,0.3,297.35,0.5,297.35,254764.0,74138540.288
1753504562235,04:36:02.235,okx,AAVE/USDT:USDT,297.05,55.6,297.06,14.1,297.06,4395358.2,
1753504562369,04:36:02.369,okx,AAVE/USDT:USDT,297.05,55.6,297.06,15.9,297.06,4395358.2,
1753504560620,04:36:00.620,binance,AAVE/USDT:USDT,,,,,297.02,1039130.1,302244147.457
1753504562569,04:36:02.569,bitget,AAVE/USDT:USDT,297.34,0.3,297.35,0.5,297.35,254764.0,74138540.288
1753504562715,04:36:02.715,okx,AAVE/USDT:USDT,297.05,83.7,297.06,15.9,297.06,4395358.2,
1753504562875,04:36:02.875,bybit,AAVE/USDT:USDT,297.13,4.44,297.15,0.36,297.11,366815.43,106838921.1022
1753504562846,04:36:02.846,okx,AAVE/USDT:USDT,297.05,217.3,297.06,17.7,297.06,4395358.2,
1753504562925,04:36:02.925,bitget,AAVE/USDT:USDT,297.34,0.9,297.35,0.5,297.35,254764.0,74138540.288
1753504562974,04:36:02.974,bybit,AAVE/USDT:USDT,297.14,0.37,297.15,1.24,297.11,366815.43,106838921.1022
1753504562979,04:36:02.979,okx,AAVE/USDT:USDT,297.05,127.3,297.06,17.7,297.06,4395358.2,
1753504563089,04:36:03.089,okx,AAVE/USDT:USDT,297.05,235.8,297.06,17.7,297.06,4395358.2,
1753504563204,04:36:03.204,okx,AAVE/USDT:USDT,297.05,108.8,297.06,17.4,297.06,4395358.2,
1753504563374,04:36:03.374,bybit,AAVE/USDT:USDT,297.13,0.37,297.15,1.24,297.11,366815.43,106838921.1022
1753504563409,04:36:03.409,okx,AAVE/USDT:USDT,297.05,110.3,297.06,17.4,297.06,4395358.2,
1753504563511,04:36:03.511,okx,AAVE/USDT:USDT,297.05,85.9,297.06,17.4,297.06,4395358.2,
1753504563574,04:36:03.574,bybit,AAVE/USDT:USDT,297.13,0.37,297.14,1.3,297.11,366815.43,106838921.1022
1753504563774,04:36:03.774,bybit,AAVE/USDT:USDT,297.13,0.37,297.14,1.23,297.11,366815.43,106838921.1022
1753504563871,04:36:03.871,okx,AAVE/USDT:USDT,297.05,85.9,297.06,17.4,297.06,4395358.2,
1753504564208,04:36:04.208,bitget,AAVE/USDT:USDT,297.34,0.3,297.35,0.5,297.35,254764.0,74138540.288
1753504564547,04:36:04.547,bitget,AAVE/USDT:USDT,297.34,0.3,297.35,0.5,297.35,254764.0,74138540.288
1753504564567,04:36:04.567,okx,AAVE/USDT:USDT,297.05,85.9,297.06,17.6,297.06,4395358.2,
1753504564874,04:36:04.874,bybit,AAVE/USDT:USDT,297.11,1.46,297.13,1.11,297.12,366815.98,106839084.5219
1753504564906,04:36:04.906,bitget,AAVE/USDT:USDT,297.34,0.3,297.35,0.5,297.35,254764.0,74138540.288
1753504564974,04:36:04.974,bybit,AAVE/USDT:USDT,297.1,0.04,297.12,1.47,297.12,366815.98,106839084.5219
1753504564968,04:36:04.968,okx,AAVE/USDT:USDT,297.05,58.2,297.06,57.2,297.06,4395358.2,
1753504565074,04:36:05.074,bybit,AAVE/USDT:USDT,297.1,0.02,297.11,1.33,297.12,366815.98,106839084.5219
1753504565070,04:36:05.070,okx,AAVE/USDT:USDT,297.05,38.6,297.06,90.1,297.06,4395358.2,
1753504565177,04:36:05.177,okx,AAVE/USDT:USDT,297.05,38.6,297.06,76.0,297.06,4395358.2,
1753504565223,04:36:05.223,bitget,AAVE/USDT:USDT,297.34,0.3,297.35,0.5,297.35,254764.0,74138540.288
1753504565274,04:36:05.274,bybit,AAVE/USDT:USDT,297.1,0.05,297.11,1.68,297.12,366815.98,106839084.5219
1753504565307,04:36:05.307,okx,AAVE/USDT:USDT,297.05,38.6,297.06,184.5,297.06,4395358.2,
1753504565374,04:36:05.374,bybit,AAVE/USDT:USDT,297.13,2.79,297.15,0.66,297.11,366817.66,106839583.6667
1753504565409,04:36:05.409,okx,AAVE/USDT:USDT,297.05,38.6,297.06,76.0,297.06,4395358.2,
1753504565475,04:36:05.475,bybit,AAVE/USDT:USDT,297.12,2.98,297.15,1.09,297.11,366817.66,106839583.6667
1753504565512,04:36:05.512,okx,AAVE/USDT:USDT,297.05,93.0,297.06,17.4,297.06,4395358.2,
1753504565574,04:36:05.574,bybit,AAVE/USDT:USDT,297.12,1.7,297.15,1.09,297.11,366817.66,106839583.6667
1753504565573,04:36:05.573,bitget,AAVE/USDT:USDT,297.33,1.6,297.36,0.5,297.35,254764.0,74138540.288
1753504565659,04:36:05.659,okx,AAVE/USDT:USDT,297.05,93.2,297.06,17.6,297.06,4395358.2,
1753504565774,04:36:05.774,bybit,AAVE/USDT:USDT,297.12,0.2,297.15,1.09,297.11,366817.66,106839583.6667
1753504565875,04:36:05.875,bybit,AAVE/USDT:USDT,297.12,1.7,297.15,1.09,297.11,366817.66,106839583.6667
1753504565909,04:36:05.909,okx,AAVE/USDT:USDT,297.05,93.6,297.06,17.6,297.06,4395358.2,
1753504565974,04:36:05.974,bybit,AAVE/USDT:USDT,297.12,1.7,297.15,1.97,297.11,366817.66,106839583.6667
1753504565968,04:36:05.968,binance,AAVE/USDT:USDT,,,,,297.01,1039130.4,302244236.56
1753504566274,04:36:06.274,bybit,AAVE/USDT:USDT,297.13,0.92,297.15,1.24,297.11,366817.66,106839583.6667
1753504566374,04:36:06.374,bybit,AAVE/USDT:USDT,297.13,2.42,297.15,1.24,297.11,366817.66,106839583.6667
1753504566382,04:36:06.382,okx,AAVE/USDT:USDT,297.05,114.0,297.06,17.6,297.06,4395358.2,
1753504566517,04:36:06.517,okx,AAVE/USDT:USDT,297.05,113.8,297.06,17.6,297.06,4395358.2,
1753504566574,04:36:06.574,bybit,AAVE/USDT:USDT,297.13,0.92,297.15,1.24,297.11,366817.66,106839583.6667
1753504566619,04:36:06.619,okx,AAVE/USDT:USDT,297.05,221.8,297.06,17.6,297.06,4395358.2,
1753504566889,04:36:06.889,okx,AAVE/USDT:USDT,297.05,160.5,297.06,17.6,297.06,4395358.2,
1753504567008,04:36:07.008,okx,AAVE/USDT:USDT,297.05,103.9,297.06,17.6,297.06,4395358.2,
1753504567124,04:36:07.124,bitget,AAVE/USDT:USDT,297.34,2.2,297.35,1.5,297.35,254764.0,74138540.288
1753504567274,04:36:07.274,bybit,AAVE/USDT:USDT,297.12,0.02,297.13,2.5,297.11,366817.66,106839583.6667
1753504567274,04:36:07.274,okx,AAVE/USDT:USDT,297.05,63.3,297.06,81.6,297.06,4395358.2,
1753504567377,04:36:07.377,okx,AAVE/USDT:USDT,297.05,28.9,297.06,183.4,297.06,4395358.2,
1753504567474,04:36:07.474,bybit,AAVE/USDT:USDT,297.12,0.12,297.13,2.5,297.11,366817.66,106839583.6667
1753504567448,04:36:07.448,bitget,AAVE/USDT:USDT,297.34,2.2,297.35,1.5,297.35,254764.0,74138540.288
1753504567509,04:36:07.509,okx,AAVE/USDT:USDT,297.05,28.9,297.06,171.1,297.06,4395358.2,
1753504567609,04:36:07.609,okx,AAVE/USDT:USDT,297.05,28.9,297.06,74.9,297.06,4395358.2,
1753504567712,04:36:07.712,okx,AAVE/USDT:USDT,297.05,28.9,297.06,75.4,297.06,4395358.2,
1753504567774,04:36:07.774,bitget,AAVE/USDT:USDT,297.33,1.0,297.35,5.4,297.35,254764.0,74138540.288
1753504567893,04:36:07.893,gateio,AAVE/USDT:USDT,,,,,297.11,355686.0,105677962.0
1753504567920,04:36:07.920,okx,AAVE/USDT:USDT,297.05,28.9,297.06,183.9,297.06,4395358.2,
1753504568181,04:36:08.181,bitget,AAVE/USDT:USDT,297.33,1.0,297.35,5.4,297.35,254764.0,74138540.288
1753504568309,04:36:08.309,okx,AAVE/USDT:USDT,297.05,28.9,297.06,184.6,297.06,4395358.2,
1753504568374,04:36:08.374,bybit,AAVE/USDT:USDT,297.12,0.12,297.13,2.83,297.11,366817.66,106839583.6667
1753504568415,04:36:08.415,okx,AAVE/USDT:USDT,297.05,28.9,297.06,184.4,297.06,4395358.2,
1753504568574,04:36:08.574,bybit,AAVE/USDT:USDT,297.12,0.12,297.13,1.63,297.11,366817.66,106839583.6667
1753504568548,04:36:08.548,bitget,AAVE/USDT:USDT,297.33,1.0,297.35,5.4,297.35,254764.0,74138540.288
1753504568570,04:36:08.570,okx,AAVE/USDT:USDT,297.05,28.9,297.06,179.9,297.06,4395358.2,
1753504568694,04:36:08.694,okx,AAVE/USDT:USDT,297.05,28.9,297.06,76.1,297.06,4395358.2,
1753504568895,04:36:08.895,gateio,AAVE/USDT:USDT,,,,,297.11,355686.0,105677962.0
1753504569074,04:36:09.074,bybit,AAVE/USDT:USDT,297.12,0.12,297.13,2.86,297.11,366817.66,106839583.6667
1753504569080,04:36:09.080,binance,AAVE/USDT:USDT,,,,,297.01,1039130.6,302244295.962
1753504569112,04:36:09.112,okx,AAVE/USDT:USDT,297.05,28.9,297.06,184.6,297.06,4395358.2,
1753504569175,04:36:09.175,bybit,AAVE/USDT:USDT,297.12,0.12,297.13,2.93,297.11,366817.66,106839583.6667
1753504569191,04:36:09.191,bitget,AAVE/USDT:USDT,297.33,0.7,297.34,2.3,297.35,254764.0,74138540.288
1753504569274,04:36:09.274,bybit,AAVE/USDT:USDT,297.12,0.12,297.13,2.86,297.11,366817.66,106839583.6667
1753504569317,04:36:09.317,okx,AAVE/USDT:USDT,297.05,28.9,297.06,188.1,297.06,4395358.2,
1753504569374,04:36:09.374,bybit,AAVE/USDT:USDT,297.12,0.1,297.13,2.86,297.11,366817.66,106839583.6667
1753504569602,04:36:09.602,okx,AAVE/USDT:USDT,297.05,28.9,297.06,166.7,297.06,4395358.2,
1753504569674,04:36:09.674,bybit,AAVE/USDT:USDT,297.12,0.1,297.13,2.86,297.11,366817.66,106839583.6667
1753504569775,04:36:09.775,bybit,AAVE/USDT:USDT,297.12,0.1,297.13,2.96,297.11,366817.66,106839583.6667
1753504569809,04:36:09.809,okx,AAVE/USDT:USDT,297.05,28.9,297.06,167.8,297.06,4395358.2,
1753504569892,04:36:09.892,bitget,AAVE/USDT:USDT,297.33,1.0,297.34,6.0,297.35,254764.0,74138540.288
1753504570131,04:36:10.131,okx,AAVE/USDT:USDT,297.05,28.9,297.06,185.5,297.06,4395358.2,
1753504570208,04:36:10.208,bitget,AAVE/USDT:USDT,297.33,0.7,297.34,9.1,297.35,254764.0,74138540.288
1753504570273,04:36:10.273,okx,AAVE/USDT:USDT,297.05,32.1,297.06,185.5,297.06,4395358.2,
1753504570380,04:36:10.380,okx,AAVE/USDT:USDT,297.05,32.2,297.06,185.5,297.06,4395358.2,
1753504570574,04:36:10.574,bybit,AAVE/USDT:USDT,297.12,0.1,297.13,2.96,297.11,366817.66,106839583.6667
1753504570586,04:36:10.586,bitget,AAVE/USDT:USDT,297.33,0.7,297.34,9.1,297.35,254764.0,74138540.288
1753504570618,04:36:10.618,okx,AAVE/USDT:USDT,297.05,32.2,297.06,173.3,297.06,4395358.2,
1753504570773,04:36:10.773,okx,AAVE/USDT:USDT,297.05,32.2,297.06,185.4,297.06,4395358.2,
1753504570891,04:36:10.891,gateio,AAVE/USDT:USDT,,,,,297.08,355692.0,105668996.0
1753504570974,04:36:10.974,bybit,AAVE/USDT:USDT,297.12,2.68,297.13,1.31,297.11,366817.66,106839583.6667
1753504570945,04:36:10.945,bitget,AAVE/USDT:USDT,297.33,0.7,297.34,9.1,297.35,254764.0,74138540.288
1753504571020,04:36:11.020,okx,AAVE/USDT:USDT,297.05,32.2,297.06,40.4,297.06,4395358.2,
1753504569872,04:36:09.872,binance,AAVE/USDT:USDT,,,,,297.0,1039133.5,302245157.29
1753504571122,04:36:11.122,okx,AAVE/USDT:USDT,297.05,32.2,297.06,20.6,297.06,4395358.2,
1753504571174,04:36:11.174,bybit,AAVE/USDT:USDT,297.12,2.85,297.13,1.31,297.11,366817.66,106839583.6667
1753504571274,04:36:11.274,bybit,AAVE/USDT:USDT,297.12,2.85,297.13,1.35,297.11,366817.66,106839583.6667
1753504571269,04:36:11.269,okx,AAVE/USDT:USDT,297.05,52.4,297.06,20.6,297.06,4395358.2,
1753504571268,04:36:11.268,bitget,AAVE/USDT:USDT,297.33,2.5,297.34,1.9,297.35,254764.0,74138540.288
1753504571475,04:36:11.475,bybit,AAVE/USDT:USDT,297.12,2.85,297.13,1.35,297.11,366817.66,106839583.6667
1753504571588,04:36:11.588,bitget,AAVE/USDT:USDT,297.33,2.5,297.34,2.6,297.35,254764.0,74138540.288
1753504571665,04:36:11.665,okx,AAVE/USDT:USDT,297.05,82.5,297.06,20.6,297.06,4395358.2,
1753504571774,04:36:11.774,bybit,AAVE/USDT:USDT,297.12,2.85,297.13,1.35,297.11,366817.66,106839583.6667
1753504571881,04:36:11.881,gateio,AAVE/USDT:USDT,,,,,297.08,355692.0,105668996.0
1753504571910,04:36:11.910,okx,AAVE/USDT:USDT,297.05,199.2,297.06,20.6,297.06,4395358.2,
1753504571977,04:36:11.977,bitget,AAVE/USDT:USDT,297.33,2.5,297.34,2.1,297.35,254764.0,74138540.288
1753504572013,04:36:12.013,okx,AAVE/USDT:USDT,297.05,101.2,297.06,20.6,297.06,4395358.2,
1753504572375,04:36:12.375,bybit,AAVE/USDT:USDT,297.12,2.85,297.13,1.35,297.11,366817.66,106839583.6667
1753504572368,04:36:12.368,okx,AAVE/USDT:USDT,297.05,76.8,297.06,21.5,297.06,4395358.2,
1753504572608,04:36:12.608,okx,AAVE/USDT:USDT,297.05,75.2,297.06,21.5,297.06,4395358.2,
1753504572654,04:36:12.654,bitget,AAVE/USDT:USDT,297.33,2.5,297.34,2.1,297.35,254764.0,74138540.288
1753504573312,04:36:13.312,okx,AAVE/USDT:USDT,297.05,157.9,297.06,21.5,297.06,4395358.2,
1753504573414,04:36:13.414,okx,AAVE/USDT:USDT,297.05,118.9,297.06,21.5,297.06,4395358.2,
1753504573674,04:36:13.674,bybit,AAVE/USDT:USDT,297.12,2.75,297.13,1.51,297.11,366817.66,106839583.6667
1753504573667,04:36:13.667,okx,AAVE/USDT:USDT,297.05,75.2,297.06,21.5,297.06,4395358.2,
1753504573675,04:36:13.675,bitget,AAVE/USDT:USDT,297.33,1.0,297.34,2.6,297.35,254764.0,74138540.288
1753504573769,04:36:13.769,okx,AAVE/USDT:USDT,297.05,75.2,297.06,41.3,297.06,4395358.2,
1753504573875,04:36:13.875,bybit,AAVE/USDT:USDT,297.12,0.17,297.13,1.51,297.11,366817.66,106839583.6667
1753504573891,04:36:13.891,gateio,AAVE/USDT:USDT,,,,,297.13,355698.0,105688826.0
1753504574007,04:36:14.007,okx,AAVE/USDT:USDT,297.05,75.2,297.06,185.7,297.06,4395358.2,
1753504574018,04:36:14.018,bitget,AAVE/USDT:USDT,297.33,1.0,297.34,2.6,297.35,254764.0,74138540.288
1753504574109,04:36:14.109,okx,AAVE/USDT:USDT,297.05,30.6,297.06,204.6,297.06,4395358.2,
1753504574174,04:36:14.174,bybit,AAVE/USDT:USDT,297.1,0.3,297.12,0.42,297.11,366817.66,106839583.6667
1753504574231,04:36:14.231,okx,AAVE/USDT:USDT,297.05,30.6,297.06,168.7,297.06,4395358.2,
1753504574274,04:36:14.274,bybit,AAVE/USDT:USDT,297.1,0.04,297.11,1.2,297.11,366817.66,106839583.6667
1753504574375,04:36:14.375,bybit,AAVE/USDT:USDT,297.1,0.04,297.11,1.34,297.11,366817.66,106839583.6667
1753504574376,04:36:14.376,bitget,AAVE/USDT:USDT,297.33,0.7,297.34,4.9,297.35,254764.0,74138540.288
1753504574474,04:36:14.474,bybit,AAVE/USDT:USDT,297.1,0.04,297.11,1.5,297.11,366817.66,106839583.6667
1753504574480,04:36:14.480,okx,AAVE/USDT:USDT,297.05,30.6,297.06,204.6,297.06,4395358.2,
1753504574774,04:36:14.774,bybit,AAVE/USDT:USDT,297.1,0.04,297.11,1.5,297.11,366817.66,106839583.6667
1753504574896,04:36:14.896,gateio,AAVE/USDT:USDT,,,,,297.13,355698.0,105688826.0
1753504575087,04:36:15.087,okx,AAVE/USDT:USDT,297.05,30.6,297.06,205.9,297.06,4395358.2,
1753504575175,04:36:15.175,bybit,AAVE/USDT:USDT,297.1,0.02,297.11,1.5,297.11,366817.66,106839583.6667
1753504575164,04:36:15.164,binance,AAVE/USDT:USDT,,,,,297.0,1039133.6,302245186.99
1753504575190,04:36:15.190,okx,AAVE/USDT:USDT,297.05,30.6,297.06,205.7,297.06,4395358.4,
1753504575274,04:36:15.274,bybit,AAVE/USDT:USDT,297.1,0.02,297.11,0.72,297.11,366817.66,106839583.6667
1753504575305,04:36:15.305,okx,AAVE/USDT:USDT,297.05,30.6,297.06,205.7,297.06,4395358.4,
1753504575674,04:36:15.674,bybit,AAVE/USDT:USDT,297.1,0.02,297.11,0.72,297.11,366817.66,106839583.6667
1753504575706,04:36:15.706,bitget,AAVE/USDT:USDT,297.33,0.7,297.34,4.9,297.35,254764.0,74138540.288
1753504575771,04:36:15.771,okx,AAVE/USDT:USDT,297.05,30.6,297.06,205.0,297.06,4395358.4,
1753504575974,04:36:15.974,bybit,AAVE/USDT:USDT,297.1,0.02,297.11,0.9,297.11,366817.66,106839583.6667
1753504576275,04:36:16.275,bybit,AAVE/USDT:USDT,297.1,0.02,297.11,0.9,297.11,366817.66,106839583.6667
1753504576311,04:36:16.311,okx,AAVE/USDT:USDT,297.05,30.8,297.06,205.0,297.06,4395358.4,
1753504576330,04:36:16.330,bitget,AAVE/USDT:USDT,297.33,0.7,297.34,4.9,297.35,254764.0,74138540.288
1753504576417,04:36:16.417,okx,AAVE/USDT:USDT,297.05,30.8,297.06,168.1,297.06,4395358.4,
1753504576474,04:36:16.474,bybit,AAVE/USDT:USDT,297.1,2.6,297.11,0.48,297.11,366817.66,106839583.6667
1753504576518,04:36:16.518,okx,AAVE/USDT:USDT,297.05,30.8,297.06,73.2,297.06,4395358.4,
1753504576574,04:36:16.574,bybit,AAVE/USDT:USDT,297.1,2.84,297.11,0.48,297.11,366817.66,106839583.6667
1753504576774,04:36:16.774,bybit,AAVE/USDT:USDT,297.1,2.84,297.11,0.26,297.11,366817.66,106839583.6667
1753504576765,04:36:16.765,okx,AAVE/USDT:USDT,297.05,30.8,297.06,200.0,297.06,4395358.4,
1753504576908,04:36:16.908,gateio,AAVE/USDT:USDT,,,,,297.11,355704.0,105683416.0
1753504576997,04:36:16.997,bitget,AAVE/USDT:USDT,297.33,0.7,297.34,4.9,297.35,254764.0,74138540.288
1753504577114,04:36:17.114,okx,AAVE/USDT:USDT,297.05,30.8,297.06,200.7,297.06,4395358.4,
1753504577175,04:36:17.175,bybit,AAVE/USDT:USDT,297.1,0.02,297.11,0.26,297.11,366817.66,106839583.6667
1753504577214,04:36:17.214,binance,AAVE/USDT:USDT,,,,,297.0,1039133.7,302245216.69
1753504577221,04:36:17.221,okx,AAVE/USDT:USDT,297.05,30.8,297.06,221.9,297.06,4395358.4,
1753504577275,04:36:17.275,bybit,AAVE/USDT:USDT,297.1,0.02,297.11,6.36,297.11,366817.66,106839583.6667
1753504577315,04:36:17.315,bitget,AAVE/USDT:USDT,297.33,0.7,297.34,4.9,297.35,254764.0,74138540.288
1753504577509,04:36:17.509,okx,AAVE/USDT:USDT,297.05,30.8,297.06,221.2,297.06,4395358.4,
1753504577632,04:36:17.632,bitget,AAVE/USDT:USDT,297.3,26.1,297.33,1.8,297.35,254764.0,74138540.288
1753504577994,04:36:17.994,bitget,AAVE/USDT:USDT,297.3,26.1,297.31,5.9,297.35,254764.0,74138540.288
1753504578212,04:36:18.212,okx,AAVE/USDT:USDT,297.05,30.8,297.06,221.2,297.06,4395358.4,
1753504578274,04:36:18.274,bybit,AAVE/USDT:USDT,297.08,0.02,297.09,3.88,297.1,366817.68,106839589.6087
1753504578318,04:36:18.318,okx,AAVE/USDT:USDT,297.01,21.2,297.04,191.1,297.02,4395389.7,
1753504578374,04:36:18.374,bybit,AAVE/USDT:USDT,297.08,2.6,297.09,2.02,297.1,366817.68,106839589.6087
1753504578368,04:36:18.368,bitget,AAVE/USDT:USDT,297.3,26.1,297.31,5.9,297.35,254764.0,74138540.288
1753504578475,04:36:18.475,bybit,AAVE/USDT:USDT,297.08,3.88,297.09,0.71,297.1,366817.68,106839589.6087
1753504578467,04:36:18.467,okx,AAVE/USDT:USDT,297.01,76.2,297.02,2.1,297.02,4395389.7,
1753504578574,04:36:18.574,bybit,AAVE/USDT:USDT,297.08,2.6,297.09,0.71,297.1,366817.68,106839589.6087
1753504578569,04:36:18.569,okx,AAVE/USDT:USDT,297.01,76.2,297.02,22.3,297.02,4395389.7,
1753504578674,04:36:18.674,bybit,AAVE/USDT:USDT,297.08,2.6,297.09,0.71,297.1,366817.68,106839589.6087
1753504578986,04:36:18.986,bitget,AAVE/USDT:USDT,297.28,3.7,297.3,1.0,297.3,254764.0,74138540.288
1753504579074,04:36:19.074,bybit,AAVE/USDT:USDT,297.08,2.6,297.09,0.81,297.1,366817.68,106839589.6087
1753504579164,04:36:19.164,okx,AAVE/USDT:USDT,297.01,76.2,297.02,4.8,297.02,4395389.7,
1753504578270,04:36:18.270,binance,AAVE/USDT:USDT,,,,,296.96,1039151.0,302250354.221
1753504579274,04:36:19.274,bybit,AAVE/USDT:USDT,297.08,2.6,297.09,0.9,297.1,366817.68,106839589.6087
1753504579334,04:36:19.334,bitget,AAVE/USDT:USDT,297.28,4.3,297.3,0.5,297.3,254764.0,74138540.288
1753504579497,04:36:19.497,okx,AAVE/USDT:USDT,297.01,76.2,297.02,5.9,297.02,4395389.7,
1753504579575,04:36:19.575,bybit,AAVE/USDT:USDT,297.08,2.81,297.09,0.9,297.1,366817.68,106839589.6087
1753504579607,04:36:19.607,okx,AAVE/USDT:USDT,297.01,76.4,297.02,5.9,297.02,4395389.7,
1753504579674,04:36:19.674,bybit,AAVE/USDT:USDT,297.08,4.33,297.09,0.9,297.1,366817.68,106839589.6087
1753504579655,04:36:19.655,bitget,AAVE/USDT:USDT,297.28,4.3,297.3,0.5,297.3,254764.0,74138540.288
1753504579774,04:36:19.774,bybit,AAVE/USDT:USDT,297.14,2.91,297.15,0.33,297.14,366820.38,106840391.8178
1753504579874,04:36:19.874,bybit,AAVE/USDT:USDT,297.14,1.41,297.15,0.33,297.14,366820.38,106840391.8178
1753504579888,04:36:19.888,gateio,AAVE/USDT:USDT,,,,,297.09,355711.0,105678292.0
1753504579866,04:36:19.866,okx,AAVE/USDT:USDT,297.05,237.1,297.06,17.6,297.04,4395395.7,
1753504579974,04:36:19.974,bybit,AAVE/USDT:USDT,297.13,0.74,297.15,0.33,297.14,366820.38,106840391.8178
1753504579971,04:36:19.971,bitget,AAVE/USDT:USDT,297.32,31.1,297.36,0.2,297.3,254815.6,74153880.968
1753504580012,04:36:20.012,okx,AAVE/USDT:USDT,297.05,121.9,297.06,17.6,297.04,4395395.7,
1753504580074,04:36:20.074,bybit,AAVE/USDT:USDT,297.12,0.44,297.14,0.42,297.14,366820.38,106840391.8178
1753504580114,04:36:20.114,okx,AAVE/USDT:USDT,297.05,230.4,297.06,17.6,297.04,4395395.7,
1753504580174,04:36:20.174,bybit,AAVE/USDT:USDT,297.13,1.19,297.14,0.42,297.14,366820.38,106840391.8178
1753504580264,04:36:20.264,okx,AAVE/USDT:USDT,297.05,102.1,297.06,17.6,297.04,4395395.7,
1753504580374,04:36:20.374,bybit,AAVE/USDT:USDT,297.12,2.58,297.14,1.84,297.14,366820.38,106840391.8178
1753504580395,04:36:20.395,bitget,AAVE/USDT:USDT,297.34,2.2,297.35,2.5,297.3,254815.6,74153880.968
1753504580409,04:36:20.409,okx,AAVE/USDT:USDT,297.05,52.9,297.06,116.0,297.05,4395413.1,
1753504580474,04:36:20.474,bybit,AAVE/USDT:USDT,297.13,0.56,297.15,0.33,297.14,366820.38,106840391.8178
1753504580509,04:36:20.509,okx,AAVE/USDT:USDT,297.05,49.2,297.06,20.2,297.05,4395413.1,
1753504580574,04:36:20.574,bybit,AAVE/USDT:USDT,297.14,0.74,297.15,0.33,297.14,366820.38,106840391.8178
1753504580674,04:36:20.674,bybit,AAVE/USDT:USDT,297.14,0.74,297.15,0.75,297.14,366820.38,106840391.8178
1753504580722,04:36:20.722,okx,AAVE/USDT:USDT,297.05,52.7,297.06,20.4,297.05,4395413.1,
1753504580774,04:36:20.774,bybit,AAVE/USDT:USDT,297.14,0.74,297.15,0.75,297.14,366820.38,106840391.8178
1753504580874,04:36:20.874,bybit,AAVE/USDT:USDT,297.13,0.56,297.15,0.79,297.14,366820.38,106840391.8178
1753504580909,04:36:20.909,gateio,AAVE/USDT:USDT,,,,,297.09,355711.0,105678292.0
1753504581074,04:36:21.074,bybit,AAVE/USDT:USDT,297.12,2.58,297.13,0.42,297.14,366820.38,106840391.8178
1753504581174,04:36:21.174,bybit,AAVE/USDT:USDT,297.13,0.74,297.14,0.42,297.14,366820.38,106840391.8178
1753504580031,04:36:20.031,binance,AAVE/USDT:USDT,,,,,297.02,1039163.5,302254066.792
1753504581274,04:36:21.274,bybit,AAVE/USDT:USDT,297.13,1.39,297.14,0.42,297.14,366820.38,106840391.8178
1753504581247,04:36:21.247,bitget,AAVE/USDT:USDT,297.32,28.8,297.33,0.5,297.3,254815.6,74153880.968
1753504581319,04:36:21.319,okx,AAVE/USDT:USDT,297.05,54.3,297.06,19.4,297.05,4395413.1,
1753504581374,04:36:21.374,bybit,AAVE/USDT:USDT,297.14,1.19,297.15,0.37,297.14,366820.38,106840391.8178
1753504581469,04:36:21.469,okx,AAVE/USDT:USDT,297.05,54.3,297.06,19.5,297.05,4395413.1,
1753504581562,04:36:21.562,bitget,AAVE/USDT:USDT,297.34,1.9,297.35,0.5,297.3,254815.6,74153880.968
1753504581755,04:36:21.755,okx,AAVE/USDT:USDT,297.05,182.9,297.06,19.5,297.05,4395413.1,
1753504581875,04:36:21.875,bybit,AAVE/USDT:USDT,297.14,1.19,297.15,0.33,297.14,366820.38,106840391.8178
1753504581873,04:36:21.873,okx,AAVE/USDT:USDT,297.05,182.9,297.06,19.0,297.05,4395413.1,
1753504581952,04:36:21.952,bitget,AAVE/USDT:USDT,297.34,2.2,297.35,0.5,297.3,254815.6,74153880.968
1753504582008,04:36:22.008,okx,AAVE/USDT:USDT,297.05,187.7,297.06,19.0,297.05,4395413.1,
1753504582175,04:36:22.175,bybit,AAVE/USDT:USDT,297.14,1.38,297.15,0.33,297.14,366820.38,106840391.8178
1753504582275,04:36:22.275,bybit,AAVE/USDT:USDT,297.14,0.19,297.15,0.33,297.14,366820.38,106840391.8178
1753504582286,04:36:22.286,bitget,AAVE/USDT:USDT,297.34,2.2,297.35,0.5,297.3,254815.6,74153880.968
1753504582467,04:36:22.467,okx,AAVE/USDT:USDT,297.05,59.1,297.06,19.0,297.05,4395413.1,
1753504582574,04:36:22.574,bybit,AAVE/USDT:USDT,297.14,0.45,297.15,1.74,297.14,366820.38,106840391.8178
