timestamp,time,exchange,symbol,bid,bidVolume,ask,askVolume,lastPrice,baseVolume,quoteVolume
1753504540020,04:35:40.020,okx,ADA/USDT:USDT,0.8261,0.9,0.8262,463.1,0.8262,3068945.3,
1753504540098,04:35:40.098,bybit,ADA/USDT:USDT,0.8261,1506.0,0.8262,14563.0,0.8262,457589567.0,365929999.9881
1753504540279,04:35:40.279,okx,ADA/USDT:USDT,0.8261,0.9,0.8262,465.7,0.8262,3068945.3,
1753504540398,04:35:40.398,bybit,ADA/USDT:USDT,0.826,4194.0,0.8261,15669.0,0.8261,457590585.0,365930840.9579
1753504540409,04:35:40.409,okx,ADA/USDT:USDT,0.8261,1.5,0.8262,465.6,0.8262,3068945.4,
1753504540498,04:35:40.498,bybit,ADA/USDT:USDT,0.826,6633.0,0.8261,15669.0,0.8261,457590585.0,365930840.9579
1753504540597,04:35:40.597,bybit,ADA/USDT:USDT,0.826,8033.0,0.8261,15669.0,0.8261,457590585.0,365930840.9579
1753504540697,04:35:40.697,bybit,ADA/USDT:USDT,0.8261,11789.0,0.8262,7092.0,0.8261,457590585.0,365930840.9579
1753504540719,04:35:40.719,okx,ADA/USDT:USDT,0.8261,91.0,0.8262,390.9,0.8262,3068945.4,
1753504540797,04:35:40.797,bybit,ADA/USDT:USDT,0.8261,11789.0,0.8262,4063.0,0.8261,457590585.0,365930840.9579
1753504540834,04:35:40.834,okx,ADA/USDT:USDT,0.8261,128.1,0.8262,389.8,0.8262,3068945.4,
1753504540998,04:35:40.998,bybit,ADA/USDT:USDT,0.8261,13931.0,0.8262,4463.0,0.8261,457590585.0,365930840.9579
1753504540983,04:35:40.983,okx,ADA/USDT:USDT,0.8261,122.4,0.8262,389.8,0.8262,3068945.4,
1753504541027,04:35:41.027,bitget,ADA/USDT:USDT,0.826,45695.0,0.8261,34523.0,0.826,277542440.0,222265531.9604
1753504541097,04:35:41.097,bybit,ADA/USDT:USDT,0.8261,13931.0,0.8262,753.0,0.8261,457590585.0,365930840.9579
1753504541101,04:35:41.101,okx,ADA/USDT:USDT,0.8261,129.0,0.8262,389.8,0.8262,3068945.4,
1753504541197,04:35:41.197,bybit,ADA/USDT:USDT,0.8262,34119.0,0.8263,439.0,0.8262,457590778.0,365931000.4145
1753504541208,04:35:41.208,okx,ADA/USDT:USDT,0.8261,125.7,0.8262,250.4,0.8262,3068945.4,
1753504541297,04:35:41.297,bybit,ADA/USDT:USDT,0.8262,29710.0,0.8263,429.0,0.8262,457590778.0,365931000.4145
1753504541352,04:35:41.352,bitget,ADA/USDT:USDT,0.826,40413.0,0.8261,1124.0,0.826,277542440.0,222265531.9604
1753504541397,04:35:41.397,bybit,ADA/USDT:USDT,0.8264,26941.0,0.8265,784.0,0.8265,457591469.0,365931571.4388
1753504541411,04:35:41.411,okx,ADA/USDT:USDT,0.8264,429.8,0.8265,84.5,0.8265,3069459.6,
1753504541497,04:35:41.497,bybit,ADA/USDT:USDT,0.8265,5936.0,0.8266,21983.0,0.8265,457596102.0,365935400.6133
1753504541516,04:35:41.516,okx,ADA/USDT:USDT,0.8264,516.4,0.8265,37.6,0.8265,3069459.6,
1753504541598,04:35:41.598,bybit,ADA/USDT:USDT,0.8264,7.0,0.8265,22086.0,0.8265,457596102.0,365935400.6133
1753504541621,04:35:41.621,okx,ADA/USDT:USDT,0.8263,501.8,0.8265,475.4,0.8264,3069472.6,
1753504541541,04:35:41.541,binance,ADA/USDT:USDT,,,,,0.8262,852765653.0,682569533.9399
1753504542675,04:35:42.675,okx,ADA/USDT:USDT,0.8263,390.5,0.8264,41.4,0.8264,3069472.6,
1753504542672,04:35:42.672,bitget,ADA/USDT:USDT,0.8263,64692.0,0.8264,30190.0,0.8265,277542682.0,222265731.9734
1753504542906,04:35:42.906,okx,ADA/USDT:USDT,0.8263,375.5,0.8264,41.4,0.8264,3069472.6,
1753504542997,04:35:42.997,bybit,ADA/USDT:USDT,0.8264,1496.0,0.8265,16325.0,0.8265,457596102.0,365935400.6133
1753504543007,04:35:43.007,okx,ADA/USDT:USDT,0.8263,315.0,0.8264,62.9,0.8264,3069472.6,
1753504543080,04:35:43.080,bitget,ADA/USDT:USDT,0.8263,64692.0,0.8264,33110.0,0.8264,277540820.0,222264193.8404
1753504543213,04:35:43.213,okx,ADA/USDT:USDT,0.8263,354.6,0.8264,62.9,0.8264,3069472.6,
1753504543326,04:35:43.326,okx,ADA/USDT:USDT,0.8263,355.1,0.8264,62.9,0.8264,3069472.6,
1753504543460,04:35:43.460,okx,ADA/USDT:USDT,0.8263,330.1,0.8264,63.9,0.8264,3069472.6,
1753504543498,04:35:43.498,bybit,ADA/USDT:USDT,0.8264,1496.0,0.8265,17535.0,0.8265,457596102.0,365935400.6133
1753504543592,04:35:43.592,okx,ADA/USDT:USDT,0.8263,195.1,0.8264,65.3,0.8264,3069472.6,
1753504543698,04:35:43.698,bybit,ADA/USDT:USDT,0.8264,1496.0,0.8265,17625.0,0.8265,457596102.0,365935400.6133
1753504543688,04:35:43.688,bitget,ADA/USDT:USDT,0.8263,39192.0,0.8264,25967.0,0.8264,277542440.0,222265531.9604
1753504543810,04:35:43.810,okx,ADA/USDT:USDT,0.8263,195.4,0.8264,185.3,0.8263,3069472.7,
1753504543169,04:35:43.169,binance,ADA/USDT:USDT,,,,,0.8262,852765654.0,682569534.7661
1753504543897,04:35:43.897,bybit,ADA/USDT:USDT,0.8264,1496.0,0.8265,17654.0,0.8265,457596102.0,365935400.6133
1753504543912,04:35:43.912,okx,ADA/USDT:USDT,0.8263,189.0,0.8264,185.9,0.8263,3069472.7,
1753504543997,04:35:43.997,bybit,ADA/USDT:USDT,0.8263,13007.0,0.8264,12159.0,0.8265,457596102.0,365935400.6133
1753504544035,04:35:44.035,okx,ADA/USDT:USDT,0.8263,152.2,0.8264,225.4,0.8263,3069472.7,
1753504544098,04:35:44.098,bybit,ADA/USDT:USDT,0.8263,14015.0,0.8264,13166.0,0.8265,457596102.0,365935400.6133
1753504544197,04:35:44.197,bybit,ADA/USDT:USDT,0.8263,6315.0,0.8264,11883.0,0.8265,457596102.0,365935400.6133
1753504544177,04:35:44.177,okx,ADA/USDT:USDT,0.8263,147.1,0.8264,225.4,0.8263,3069472.7,
1753504544298,04:35:44.298,bybit,ADA/USDT:USDT,0.8263,6724.0,0.8264,6383.0,0.8265,457596102.0,365935400.6133
1753504544287,04:35:44.287,okx,ADA/USDT:USDT,0.8263,147.1,0.8264,225.2,0.8263,3069472.7,
1753504544352,04:35:44.352,bitget,ADA/USDT:USDT,0.8263,36304.0,0.8264,51467.0,0.8264,277542682.0,222265731.9734
1753504544397,04:35:44.397,bybit,ADA/USDT:USDT,0.8263,8961.0,0.8264,1220.0,0.8265,457596102.0,365935400.6133
1753504544420,04:35:44.420,okx,ADA/USDT:USDT,0.8263,272.7,0.8264,65.9,0.8263,3069472.7,
1753504544597,04:35:44.597,bybit,ADA/USDT:USDT,0.8263,8961.0,0.8264,1220.0,0.8265,456948133.0,365413475.7206
1753504544698,04:35:44.698,bybit,ADA/USDT:USDT,0.8263,7994.0,0.8264,2229.0,0.8265,456948133.0,365413475.7206
1753504544664,04:35:44.664,bitget,ADA/USDT:USDT,0.8263,36304.0,0.8264,51467.0,0.8264,277542682.0,222265731.9734
1753504544712,04:35:44.712,okx,ADA/USDT:USDT,0.8263,272.7,0.8264,66.7,0.8263,3069472.7,
1753504544982,04:35:44.982,bitget,ADA/USDT:USDT,0.8263,36304.0,0.8264,51467.0,0.8264,277542682.0,222265731.9734
1753504545098,04:35:45.098,bybit,ADA/USDT:USDT,0.8263,8961.0,0.8264,1434.0,0.8265,456948133.0,365413475.7206
1753504545107,04:35:45.107,okx,ADA/USDT:USDT,0.8263,349.2,0.8264,66.7,0.8263,3069472.7,
1753504545197,04:35:45.197,bybit,ADA/USDT:USDT,0.8263,7994.0,0.8264,2442.0,0.8265,456948133.0,365413475.7206
1753504545211,04:35:45.211,okx,ADA/USDT:USDT,0.8263,142.2,0.8264,66.5,0.8263,3069472.7,
1753504545339,04:35:45.339,bitget,ADA/USDT:USDT,0.8263,36304.0,0.8264,51467.0,0.8264,277542440.0,222265531.9604
1753504545498,04:35:45.498,bybit,ADA/USDT:USDT,0.8263,7994.0,0.8264,2431.0,0.8264,456948144.0,365413484.811
1753504545464,04:35:45.464,okx,ADA/USDT:USDT,0.8263,142.2,0.8264,190.2,0.8263,3069472.7,
1753504545597,04:35:45.597,bybit,ADA/USDT:USDT,0.8263,7994.0,0.8264,1301.0,0.8264,456948266.0,365413585.6318
1753504545686,04:35:45.686,okx,ADA/USDT:USDT,0.8263,142.2,0.8264,94.9,0.8263,3069472.7,
1753504545797,04:35:45.797,bybit,ADA/USDT:USDT,0.8263,7994.0,0.8264,1311.0,0.8264,456948266.0,365413585.6318
1753504544191,04:35:44.191,binance,ADA/USDT:USDT,,,,,0.8261,852765730.0,682569597.5497
1753504545997,04:35:45.997,bybit,ADA/USDT:USDT,0.8263,9394.0,0.8264,10054.0,0.8264,456948266.0,365413585.6318
1753504546060,04:35:46.060,bitget,ADA/USDT:USDT,0.8263,34705.0,0.8264,29967.0,0.8264,277554778.0,222275728.1078
1753504546097,04:35:46.097,bybit,ADA/USDT:USDT,0.8263,5824.0,0.8264,13233.0,0.8264,456948266.0,365413585.6318
1753504546115,04:35:46.115,okx,ADA/USDT:USDT,0.8263,133.5,0.8264,262.6,0.8263,3069472.7,
1753504546197,04:35:46.197,bybit,ADA/USDT:USDT,0.8263,7975.0,0.8264,13019.0,0.8264,456948266.0,365413585.6318
1753504546297,04:35:46.297,bybit,ADA/USDT:USDT,0.8263,7975.0,0.8264,13231.0,0.8264,456948266.0,365413585.6318
1753504546268,04:35:46.268,okx,ADA/USDT:USDT,0.8263,113.5,0.8264,263.5,0.8263,3069472.7,
1753504546397,04:35:46.397,bybit,ADA/USDT:USDT,0.8263,7975.0,0.8264,7243.0,0.8264,456948266.0,365413585.6318
1753504546372,04:35:46.372,bitget,ADA/USDT:USDT,0.8263,36304.0,0.8264,31275.0,0.8264,277554778.0,222275728.1078
1753504546407,04:35:46.407,okx,ADA/USDT:USDT,0.8263,133.5,0.8264,263.6,0.8263,3069472.7,
1753504546497,04:35:46.497,bybit,ADA/USDT:USDT,0.8263,8916.0,0.8264,2317.0,0.8264,456948266.0,365413585.6318
1753504546509,04:35:46.509,okx,ADA/USDT:USDT,0.8263,133.5,0.8264,249.7,0.8263,3069472.7,
1753504546597,04:35:46.597,bybit,ADA/USDT:USDT,0.8263,5294.0,0.8264,7721.0,0.8264,456948266.0,365413585.6318
1753504546610,04:35:46.610,okx,ADA/USDT:USDT,0.8263,104.7,0.8264,351.2,0.8263,3069472.7,
1753504546711,04:35:46.711,okx,ADA/USDT:USDT,0.8263,84.8,0.8264,350.9,0.8263,3069472.7,
1753504546719,04:35:46.719,bitget,ADA/USDT:USDT,0.8263,36304.0,0.8264,52892.0,0.8264,277554778.0,222275728.1078
1753504546797,04:35:46.797,bybit,ADA/USDT:USDT,0.8263,1496.0,0.8264,9601.0,0.8264,456948266.0,365413585.6318
1753504546814,04:35:46.814,okx,ADA/USDT:USDT,0.8263,20.6,0.8264,351.2,0.8263,3069472.7,
1753504546897,04:35:46.897,bybit,ADA/USDT:USDT,0.8262,8843.0,0.8263,2644.0,0.8264,456948266.0,365413585.6318
1753504546924,04:35:46.924,okx,ADA/USDT:USDT,0.8263,20.6,0.8264,359.2,0.8263,3069472.7,
1753504546997,04:35:46.997,bybit,ADA/USDT:USDT,0.8262,8843.0,0.8263,2644.0,0.8264,456948266.0,365413585.6318
1753504547097,04:35:47.097,bybit,ADA/USDT:USDT,0.8262,4171.0,0.8263,7767.0,0.8264,456948266.0,365413585.6318
1753504547062,04:35:47.062,bitget,ADA/USDT:USDT,0.8263,15339.0,0.8264,53823.0,0.8264,277554778.0,222275728.1078
1753504547197,04:35:47.197,bybit,ADA/USDT:USDT,0.8262,1480.0,0.8263,10084.0,0.8264,456948266.0,365413585.6318
1753504547205,04:35:47.205,okx,ADA/USDT:USDT,0.8262,161.3,0.8264,359.2,0.8263,3069493.3,
1753504547307,04:35:47.307,okx,ADA/USDT:USDT,0.8262,18.3,0.8263,632.1,0.8263,3069493.3,
1753504547397,04:35:47.397,bybit,ADA/USDT:USDT,0.8262,1480.0,0.8263,8566.0,0.8264,456948266.0,365413585.6318
1753504547377,04:35:47.377,bitget,ADA/USDT:USDT,0.8262,17288.0,0.8263,65322.0,0.8262,277554778.0,222275728.1078
1753504547408,04:35:47.408,okx,ADA/USDT:USDT,0.8262,18.2,0.8263,631.8,0.8263,3069493.3,
1753504547498,04:35:47.498,bybit,ADA/USDT:USDT,0.8262,1480.0,0.8263,9775.0,0.8264,456948266.0,365413585.6318
1753504547519,04:35:47.519,okx,ADA/USDT:USDT,0.8262,18.2,0.8263,632.1,0.8263,3069493.3,
1753504547597,04:35:47.597,bybit,ADA/USDT:USDT,0.8262,1480.0,0.8263,9775.0,0.8264,456948266.0,365413585.6318
1753504547691,04:35:47.691,bitget,ADA/USDT:USDT,0.8261,43813.0,0.8262,55822.0,0.8262,277555506.0,222276329.5814
1753504547393,04:35:47.393,binance,ADA/USDT:USDT,,,,,0.826,852770410.0,682573463.6075
1753504547904,04:35:47.904,okx,ADA/USDT:USDT,0.8262,18.2,0.8263,617.4,0.8263,3069493.3,
1753504547997,04:35:47.997,bybit,ADA/USDT:USDT,0.8262,1480.0,0.8263,15275.0,0.8264,456948266.0,365413585.6318
1753504548013,04:35:48.013,okx,ADA/USDT:USDT,0.8262,18.2,0.8263,632.0,0.8263,3069494.2,
1753504548097,04:35:48.097,bybit,ADA/USDT:USDT,0.8262,1480.0,0.8263,14888.0,0.8264,456948266.0,365413585.6318
1753504548075,04:35:48.075,bitget,ADA/USDT:USDT,0.8261,60376.0,0.8262,55822.0,0.8262,277542682.0,222265731.9734
1753504548197,04:35:48.197,bybit,ADA/USDT:USDT,0.8262,1480.0,0.8263,15275.0,0.8264,456948266.0,365413585.6318
1753504548297,04:35:48.297,bybit,ADA/USDT:USDT,0.8262,1480.0,0.8263,16216.0,0.8264,456948266.0,365413585.6318
1753504548398,04:35:48.398,bybit,ADA/USDT:USDT,0.8262,1480.0,0.8263,16218.0,0.8264,456948266.0,365413585.6318
1753504548498,04:35:48.498,bybit,ADA/USDT:USDT,0.8262,1480.0,0.8263,15277.0,0.8264,456948266.0,365413585.6318
1753504548509,04:35:48.509,okx,ADA/USDT:USDT,0.8262,18.2,0.8263,634.0,0.8263,3069494.2,
1753504548598,04:35:48.598,bybit,ADA/USDT:USDT,0.8262,1480.0,0.8263,15298.0,0.8264,456948266.0,365413585.6318
1753504548697,04:35:48.697,bybit,ADA/USDT:USDT,0.8262,1480.0,0.8263,16239.0,0.8264,456948266.0,365413585.6318
1753504548668,04:35:48.668,bitget,ADA/USDT:USDT,0.8261,60376.0,0.8262,55822.0,0.8262,277555506.0,222276329.5814
1753504548798,04:35:48.798,bybit,ADA/USDT:USDT,0.8262,1480.0,0.8263,15852.0,0.8264,456948266.0,365413585.6318
1753504548982,04:35:48.982,bitget,ADA/USDT:USDT,0.8261,60376.0,0.8262,55822.0,0.8262,277555506.0,222276329.5814
1753504549282,04:35:49.282,okx,ADA/USDT:USDT,0.8262,18.2,0.8263,633.9,0.8263,3069494.2,
1753504549398,04:35:49.398,bybit,ADA/USDT:USDT,0.8262,1561.0,0.8263,14911.0,0.8264,456948266.0,365413585.6318
1753504549363,04:35:49.363,bitget,ADA/USDT:USDT,0.8261,45376.0,0.8262,55822.0,0.8262,277555506.0,222276329.5814
1753504549405,04:35:49.405,okx,ADA/USDT:USDT,0.8262,18.2,0.8263,634.2,0.8263,3069494.2,
1753504549608,04:35:49.608,okx,ADA/USDT:USDT,0.8262,18.2,0.8263,619.8,0.8263,3069494.2,
1753504549689,04:35:49.689,bitget,ADA/USDT:USDT,0.8261,45376.0,0.8262,55822.0,0.8262,277555506.0,222276329.5814
1753504549185,04:35:49.185,binance,ADA/USDT:USDT,,,,,0.8259,852771024.0,682573970.7101
1753504549898,04:35:49.898,bybit,ADA/USDT:USDT,0.8262,3977.0,0.8263,9411.0,0.8264,456948266.0,365413585.6318
1753504549997,04:35:49.997,bybit,ADA/USDT:USDT,0.8262,8630.0,0.8263,9056.0,0.8264,456948266.0,365413585.6318
1753504549972,04:35:49.972,okx,ADA/USDT:USDT,0.8262,53.8,0.8263,519.9,0.8263,3069494.2,
1753504549995,04:35:49.995,bitget,ADA/USDT:USDT,0.8261,37876.0,0.8262,23671.0,0.8262,277555506.0,222276329.5814
1753504550097,04:35:50.097,bybit,ADA/USDT:USDT,0.8262,8658.0,0.8263,9035.0,0.8264,456948266.0,365413585.6318
1753504550108,04:35:50.108,okx,ADA/USDT:USDT,0.8262,73.8,0.8263,604.9,0.8263,3069494.2,
1753504550208,04:35:50.208,okx,ADA/USDT:USDT,0.8262,73.6,0.8263,544.4,0.8262,3069494.3,
1753504550397,04:35:50.397,bybit,ADA/USDT:USDT,0.8262,8618.0,0.8263,9035.0,0.8264,456948266.0,365413585.6318
1753504550414,04:35:50.414,okx,ADA/USDT:USDT,0.8262,73.6,0.8263,520.5,0.8262,3069494.3,
1753504550420,04:35:50.420,bitget,ADA/USDT:USDT,0.8261,37876.0,0.8262,5045.0,0.8262,277555506.0,222276329.5814
1753504550497,04:35:50.497,bybit,ADA/USDT:USDT,0.8262,8618.0,0.8263,11635.0,0.8264,456948266.0,365413585.6318
1753504550515,04:35:50.515,okx,ADA/USDT:USDT,0.8262,73.6,0.8263,544.0,0.8262,3069494.3,
1753504550597,04:35:50.597,bybit,ADA/USDT:USDT,0.8262,8618.0,0.8263,11635.0,0.8264,456948266.0,365413585.6318
1753504550629,04:35:50.629,okx,ADA/USDT:USDT,0.8262,73.6,0.8263,558.1,0.8262,3069494.3,
1753504550698,04:35:50.698,bybit,ADA/USDT:USDT,0.8262,8618.0,0.8263,11817.0,0.8264,456948266.0,365413585.6318
1753504550866,04:35:50.866,okx,ADA/USDT:USDT,0.8262,73.6,0.8263,558.8,0.8262,3069494.3,
1753504550897,04:35:50.897,bybit,ADA/USDT:USDT,0.8262,8618.0,0.8263,17317.0,0.8264,456948266.0,365413585.6318
1753504550870,04:35:50.870,bitget,ADA/USDT:USDT,0.8261,41876.0,0.8262,25545.0,0.8262,277555506.0,222276329.5814
1753504550998,04:35:50.998,bybit,ADA/USDT:USDT,0.8262,1589.0,0.8263,17135.0,0.8264,456948266.0,365413585.6318
1753504550967,04:35:50.967,okx,ADA/USDT:USDT,0.8262,73.6,0.8263,544.7,0.8262,3069494.3,
1753504551085,04:35:51.085,okx,ADA/USDT:USDT,0.8262,38.0,0.8263,619.6,0.8262,3069494.3,
1753504551314,04:35:51.314,okx,ADA/USDT:USDT,0.8262,18.0,0.8263,621.7,0.8262,3069494.3,
1753504551397,04:35:51.397,bybit,ADA/USDT:USDT,0.8262,1589.0,0.8263,18255.0,0.8264,456948266.0,365413585.6318
1753504551497,04:35:51.497,bybit,ADA/USDT:USDT,0.8262,1101.0,0.8263,19757.0,0.8264,456948266.0,365413585.6318
1753504551698,04:35:51.698,bybit,ADA/USDT:USDT,0.8262,860.0,0.8263,20464.0,0.8264,456948266.0,365413585.6318
1753504551797,04:35:51.797,bybit,ADA/USDT:USDT,0.8262,860.0,0.8263,19925.0,0.8264,456948266.0,365413585.6318
1753504550440,04:35:50.440,binance,ADA/USDT:USDT,,,,,0.8259,852771137.0,682574064.0404
1753504551849,04:35:51.849,bitget,ADA/USDT:USDT,0.8261,37063.0,0.8262,63624.0,0.8262,277542682.0,222265731.9734
1753504551897,04:35:51.897,bybit,ADA/USDT:USDT,0.8262,860.0,0.8263,20464.0,0.8264,456948266.0,365413585.6318
1753504551997,04:35:51.997,bybit,ADA/USDT:USDT,0.8261,1496.0,0.8262,22889.0,0.8262,456949126.0,365414296.1638
1753504552097,04:35:52.097,bybit,ADA/USDT:USDT,0.8261,1496.0,0.8262,22975.0,0.8262,456949126.0,365414296.1638
1753504552120,04:35:52.120,okx,ADA/USDT:USDT,0.8261,39.3,0.8262,830.3,0.8262,3069512.3,
1753504552297,04:35:52.297,bybit,ADA/USDT:USDT,0.8261,1496.0,0.8262,22950.0,0.8262,456949126.0,365414296.1638
1753504552267,04:35:52.267,okx,ADA/USDT:USDT,0.8261,38.9,0.8262,831.3,0.8261,3069512.7,
1753504552397,04:35:52.397,bybit,ADA/USDT:USDT,0.8261,1496.0,0.8262,23535.0,0.8262,456949126.0,365414296.1638
1753504552369,04:35:52.369,okx,ADA/USDT:USDT,0.8261,47.2,0.8262,831.3,0.8261,3069513.1,
1753504552497,04:35:52.497,bybit,ADA/USDT:USDT,0.8261,1496.0,0.8262,23568.0,0.8262,456949126.0,365414296.1638
1753504552461,04:35:52.461,bitget,ADA/USDT:USDT,0.826,82061.0,0.8261,12527.0,0.8262,277555506.0,222276329.5814
1753504552597,04:35:52.597,bybit,ADA/USDT:USDT,0.826,11974.0,0.8261,6174.0,0.8262,456949126.0,365414296.1638
1753504552697,04:35:52.697,bybit,ADA/USDT:USDT,0.826,5412.0,0.8261,14501.0,0.8262,456949126.0,365414296.1638
1753504552684,04:35:52.684,okx,ADA/USDT:USDT,0.8261,0.2,0.8262,826.5,0.8261,3069513.1,
1753504552797,04:35:52.797,bybit,ADA/USDT:USDT,0.826,5477.0,0.8261,25811.0,0.8262,456949126.0,365414296.1638
1753504552810,04:35:52.810,okx,ADA/USDT:USDT,0.826,13.0,0.8261,637.4,0.8261,3069513.1,
1753504552897,04:35:52.897,bybit,ADA/USDT:USDT,0.826,8671.0,0.8261,24124.0,0.8261,456949248.0,365414396.948
1753504552915,04:35:52.915,okx,ADA/USDT:USDT,0.826,9.1,0.8261,651.8,0.8261,3069513.1,
1753504552997,04:35:52.997,bybit,ADA/USDT:USDT,0.826,11362.0,0.8261,18754.0,0.8261,456949248.0,365414396.948
1753504552972,04:35:52.972,bitget,ADA/USDT:USDT,0.8259,47471.0,0.826,28636.0,0.8262,277555506.0,222276329.5814
1753504553016,04:35:53.016,okx,ADA/USDT:USDT,0.826,229.7,0.8261,530.3,0.8261,3069513.1,
1753504553097,04:35:53.097,bybit,ADA/USDT:USDT,0.826,18868.0,0.8261,12372.0,0.8261,456949248.0,365414396.948
1753504553197,04:35:53.197,bybit,ADA/USDT:USDT,0.8261,9882.0,0.8262,5337.0,0.8261,456959029.0,365422477.0321
1753504553171,04:35:53.171,okx,ADA/USDT:USDT,0.826,421.7,0.8261,8.0,0.8261,3069662.3,
1753504553297,04:35:53.297,bybit,ADA/USDT:USDT,0.8261,6606.0,0.8262,8990.0,0.8261,456959029.0,365422477.0321
1753504553276,04:35:53.276,okx,ADA/USDT:USDT,0.8261,184.9,0.8262,215.9,0.8261,3069662.3,
1753504553306,04:35:53.306,bitget,ADA/USDT:USDT,0.8259,47471.0,0.826,32616.0,0.8262,277555506.0,222276329.5814
1753504553398,04:35:53.398,bybit,ADA/USDT:USDT,0.8261,5900.0,0.8262,9402.0,0.8261,456959029.0,365422477.0321
1753504553412,04:35:53.412,okx,ADA/USDT:USDT,0.8261,45.6,0.8262,322.2,0.8261,3069662.3,
1753504553498,04:35:53.498,bybit,ADA/USDT:USDT,0.8261,5900.0,0.8262,8410.0,0.8261,456959029.0,365422477.0321
1753504553515,04:35:53.515,okx,ADA/USDT:USDT,0.8261,80.8,0.8262,218.7,0.8261,3069662.3,
1753504553626,04:35:53.626,okx,ADA/USDT:USDT,0.8261,80.8,0.8262,264.5,0.8261,3069662.3,
1753504553643,04:35:53.643,bitget,ADA/USDT:USDT,0.8261,28469.0,0.8262,50376.0,0.8262,277555506.0,222276329.5814
1753504553768,04:35:53.768,okx,ADA/USDT:USDT,0.8261,80.8,0.8262,248.9,0.8261,3069662.3,
1753504553069,04:35:53.069,binance,ADA/USDT:USDT,,,,,0.8259,852774502.0,682576843.0194
1753504553869,04:35:53.869,okx,ADA/USDT:USDT,0.8261,96.3,0.8262,223.2,0.8261,3069662.3,
1753504553909,04:35:53.909,gateio,ADA/USDT:USDT,,,,,0.8255,106515820.0,87928808.0
1753504553998,04:35:53.998,bybit,ADA/USDT:USDT,0.8261,5900.0,0.8262,8447.0,0.8261,456959029.0,365422477.0321
1753504553968,04:35:53.968,bitget,ADA/USDT:USDT,0.8261,30068.0,0.8262,97363.0,0.8262,277555506.0,222276329.5814
1753504553983,04:35:53.983,okx,ADA/USDT:USDT,0.8261,80.8,0.8262,228.5,0.8261,3069662.3,
1753504554097,04:35:54.097,bybit,ADA/USDT:USDT,0.8261,5900.0,0.8262,8440.0,0.8261,456959029.0,365422477.0321
1753504554197,04:35:54.197,bybit,ADA/USDT:USDT,0.8261,5900.0,0.8262,8440.0,0.8261,456959029.0,365422477.0321
1753504554208,04:35:54.208,okx,ADA/USDT:USDT,0.8261,142.3,0.8262,82.4,0.8261,3069662.3,
1753504554297,04:35:54.297,bybit,ADA/USDT:USDT,0.8261,5900.0,0.8262,277.0,0.8261,456959029.0,365422477.0321
1753504554302,04:35:54.302,bitget,ADA/USDT:USDT,0.8261,30068.0,0.8262,97363.0,0.8262,277555506.0,222276329.5814
1753504554311,04:35:54.311,okx,ADA/USDT:USDT,0.8261,432.5,0.8262,62.4,0.8261,3069662.6,
1753504554397,04:35:54.397,bybit,ADA/USDT:USDT,0.8261,9713.0,0.8262,70.0,0.8261,456959029.0,365422477.0321
1753504554422,04:35:54.422,okx,ADA/USDT:USDT,0.8262,232.9,0.8263,230.2,0.8263,3069671.4,
1753504554497,04:35:54.497,bybit,ADA/USDT:USDT,0.8261,9713.0,0.8262,264.0,0.8261,456959029.0,365422477.0321
1753504554597,04:35:54.597,bybit,ADA/USDT:USDT,0.8261,15213.0,0.8262,234.0,0.8262,456959059.0,365422501.8181
1753504554574,04:35:54.574,okx,ADA/USDT:USDT,0.8262,218.9,0.8263,203.4,0.8263,3069671.4,
1753504554697,04:35:54.697,bybit,ADA/USDT:USDT,0.8261,13261.0,0.8262,234.0,0.8262,456959059.0,365422501.8181
1753504554669,04:35:54.669,bitget,ADA/USDT:USDT,0.8261,75030.0,0.8262,32996.0,0.8262,277555506.0,222276329.5814
1753504554698,04:35:54.698,okx,ADA/USDT:USDT,0.8262,199.9,0.8263,258.3,0.8263,3069671.4,
1753504554798,04:35:54.798,bybit,ADA/USDT:USDT,0.8261,7761.0,0.8262,390.0,0.8262,456959059.0,365422501.8181
1753504554808,04:35:54.808,okx,ADA/USDT:USDT,0.8262,84.5,0.8263,263.3,0.8263,3069671.4,
1753504555097,04:35:55.097,bybit,ADA/USDT:USDT,0.8261,7761.0,0.8262,390.0,0.8262,456959059.0,365422501.8181
1753504555064,04:35:55.064,okx,ADA/USDT:USDT,0.8262,84.5,0.8263,264.3,0.8263,3069671.4,
1753504555186,04:35:55.186,okx,ADA/USDT:USDT,0.8262,84.5,0.8263,240.7,0.8263,3069671.4,
1753504555297,04:35:55.297,bybit,ADA/USDT:USDT,0.8261,8738.0,0.8262,80.0,0.8262,456959369.0,365422757.9401
1753504555310,04:35:55.310,okx,ADA/USDT:USDT,0.8262,84.5,0.8263,324.9,0.8263,3069671.4,
1753504555345,04:35:55.345,bitget,ADA/USDT:USDT,0.8262,1474.0,0.8263,96960.0,0.8262,277555506.0,222276329.5814
1753504555398,04:35:55.398,bybit,ADA/USDT:USDT,0.8261,7761.0,0.8262,80.0,0.8262,456959369.0,365422757.9401
1753504555411,04:35:55.411,okx,ADA/USDT:USDT,0.8262,108.4,0.8263,455.5,0.8263,3069671.4,
1753504555497,04:35:55.497,bybit,ADA/USDT:USDT,0.8261,7761.0,0.8262,1576.0,0.8262,456959369.0,365422757.9401
1753504555566,04:35:55.566,okx,ADA/USDT:USDT,0.8261,193.8,0.8262,200.3,0.8263,3069671.4,
1753504555672,04:35:55.672,okx,ADA/USDT:USDT,0.8261,194.0,0.8262,200.5,0.8263,3069671.4,
1753504555758,04:35:55.758,bitget,ADA/USDT:USDT,0.8262,124.0,0.8263,97564.0,0.8262,277555506.0,222276329.5814
1753504555794,04:35:55.794,okx,ADA/USDT:USDT,0.8261,214.4,0.8262,183.0,0.8263,3069671.4,
1753504554199,04:35:54.199,binance,ADA/USDT:USDT,,,,,0.826,852774533.0,682576868.623
1753504555886,04:35:55.886,gateio,ADA/USDT:USDT,,,,,0.8255,106515820.0,87928808.0
1753504555897,04:35:55.897,bybit,ADA/USDT:USDT,0.8261,7761.0,0.8262,2612.0,0.8262,456959369.0,365422757.9401
1753504556098,04:35:56.098,bybit,ADA/USDT:USDT,0.8261,5900.0,0.8262,6703.0,0.8262,456959369.0,365422757.9401
1753504556076,04:35:56.076,bitget,ADA/USDT:USDT,0.8261,51570.0,0.8262,60215.0,0.8262,277555506.0,222276329.5814
1753504556197,04:35:56.197,bybit,ADA/USDT:USDT,0.8261,5900.0,0.8262,7086.0,0.8262,456959369.0,365422757.9401
1753504556217,04:35:56.217,okx,ADA/USDT:USDT,0.8261,120.8,0.8262,221.3,0.8263,3069671.4,
1753504556356,04:35:56.356,okx,ADA/USDT:USDT,0.8261,112.1,0.8262,248.5,0.8263,3069671.4,
1753504556383,04:35:56.383,bitget,ADA/USDT:USDT,0.8261,33892.0,0.8262,60215.0,0.8262,277555506.0,222276329.5814
1753504556469,04:35:56.469,okx,ADA/USDT:USDT,0.8261,100.8,0.8262,188.0,0.8263,3069671.4,
1753504556597,04:35:56.597,bybit,ADA/USDT:USDT,0.8261,5900.0,0.8262,12586.0,0.8262,456959369.0,365422757.9401
1753504556587,04:35:56.587,okx,ADA/USDT:USDT,0.8261,100.0,0.8262,222.9,0.8261,3069672.2,
1753504556698,04:35:56.698,bybit,ADA/USDT:USDT,0.8261,10160.0,0.8262,2709.0,0.8262,456959369.0,365422757.9401
1753504556697,04:35:56.697,okx,ADA/USDT:USDT,0.8261,52.7,0.8262,298.0,0.8261,3069672.2,
1753504556799,04:35:56.799,bitget,ADA/USDT:USDT,0.8261,20979.0,0.8262,66185.0,0.8262,277557506.0,222277981.9814
1753504556803,04:35:56.803,okx,ADA/USDT:USDT,0.8261,433.2,0.8262,123.4,0.8261,3069672.2,
1753504556897,04:35:56.897,bybit,ADA/USDT:USDT,0.8261,10160.0,0.8262,9705.0,0.8262,456959369.0,365422757.9401
1753504556904,04:35:56.904,okx,ADA/USDT:USDT,0.8261,308.4,0.8262,154.5,0.8261,3069672.2,
1753504557018,04:35:57.018,okx,ADA/USDT:USDT,0.8261,368.9,0.8262,140.5,0.8261,3069672.2,
1753504557109,04:35:57.109,bitget,ADA/USDT:USDT,0.8261,20979.0,0.8262,66185.0,0.8262,277557506.0,222277981.9814
1753504557118,04:35:57.118,okx,ADA/USDT:USDT,0.8261,368.9,0.8262,102.5,0.8261,3069672.2,
1753504557298,04:35:57.298,bybit,ADA/USDT:USDT,0.8261,10160.0,0.8262,3104.0,0.8262,456959369.0,365422757.9401
1753504557269,04:35:57.269,okx,ADA/USDT:USDT,0.8261,368.9,0.8262,116.5,0.8261,3069672.2,
1753504557397,04:35:57.397,bybit,ADA/USDT:USDT,0.8261,10160.0,0.8262,2008.0,0.8262,456959670.0,365423006.6263
1753504557415,04:35:57.415,okx,ADA/USDT:USDT,0.8261,488.9,0.8262,97.7,0.8261,3069672.2,
1753504557420,04:35:57.420,bitget,ADA/USDT:USDT,0.8261,26365.0,0.8262,66185.0,0.8262,277557506.0,222277981.9814
1753504557550,04:35:57.550,okx,ADA/USDT:USDT,0.8261,489.9,0.8262,25.7,0.8261,3069672.2,
1753504557597,04:35:57.597,bybit,ADA/USDT:USDT,0.8261,12020.0,0.8262,798.0,0.8262,456959670.0,365423006.6263
1753504557697,04:35:57.697,bybit,ADA/USDT:USDT,0.8261,11091.0,0.8262,808.0,0.8262,456959670.0,365423006.6263
1753504557749,04:35:57.749,bitget,ADA/USDT:USDT,0.8261,41704.0,0.8262,17687.0,0.8262,277557506.0,222277981.9814
1753504557797,04:35:57.797,bybit,ADA/USDT:USDT,0.8261,12020.0,0.8262,808.0,0.8262,456959670.0,365423006.6263
1753504557779,04:35:57.779,okx,ADA/USDT:USDT,0.8261,504.3,0.8262,17.0,0.8261,3069672.2,
1753504557463,04:35:57.463,binance,ADA/USDT:USDT,,,,,0.8259,852775830.0,682577939.8177
1753504557898,04:35:57.898,bybit,ADA/USDT:USDT,0.8261,9263.0,0.8262,808.0,0.8261,456969670.0,365431267.6263
1753504557905,04:35:57.905,okx,ADA/USDT:USDT,0.8261,507.9,0.8262,17.4,0.8261,3069672.2,
1753504557997,04:35:57.997,bybit,ADA/USDT:USDT,0.8261,9263.0,0.8262,808.0,0.8261,456969670.0,365431267.6263
1753504558010,04:35:58.010,okx,ADA/USDT:USDT,0.8261,493.5,0.8262,53.3,0.8261,3069672.2,
1753504558097,04:35:58.097,bybit,ADA/USDT:USDT,0.8261,10194.0,0.8262,808.0,0.8261,456969670.0,365431267.6263
1753504558111,04:35:58.111,okx,ADA/USDT:USDT,0.8261,493.5,0.8262,26.2,0.8261,3069672.2,
1753504558109,04:35:58.109,bitget,ADA/USDT:USDT,0.8262,134.0,0.8263,80397.0,0.8262,277557506.0,222277981.9814
1753504558197,04:35:58.197,bybit,ADA/USDT:USDT,0.8261,11123.0,0.8262,808.0,0.8261,456969670.0,365431267.6263
1753504558215,04:35:58.215,okx,ADA/USDT:USDT,0.8261,516.8,0.8262,26.2,0.8261,3069672.2,
1753504558297,04:35:58.297,bybit,ADA/USDT:USDT,0.8261,10194.0,0.8262,808.0,0.8261,456969670.0,365431267.6263
1753504558347,04:35:58.347,okx,ADA/USDT:USDT,0.8261,493.5,0.8262,53.3,0.8261,3069672.2,
1753504558398,04:35:58.398,bybit,ADA/USDT:USDT,0.8261,10204.0,0.8262,821.0,0.8261,456969670.0,365431267.6263
1753504558466,04:35:58.466,okx,ADA/USDT:USDT,0.8261,491.8,0.8262,31.5,0.8261,3069672.9,
1753504558481,04:35:58.481,bitget,ADA/USDT:USDT,0.8262,134.0,0.8263,80397.0,0.8262,277557506.0,222277981.9814
1753504558597,04:35:58.597,bybit,ADA/USDT:USDT,0.8261,9273.0,0.8262,821.0,0.8261,456969670.0,365431267.6263
1753504558697,04:35:58.697,bybit,ADA/USDT:USDT,0.8261,10204.0,0.8262,821.0,0.8261,456969670.0,365431267.6263
1753504558704,04:35:58.704,okx,ADA/USDT:USDT,0.8261,493.2,0.8262,58.5,0.8261,3069672.9,
1753504558791,04:35:58.791,bitget,ADA/USDT:USDT,0.8262,9854.0,0.8263,122460.0,0.8262,277557506.0,222277981.9814
1753504558807,04:35:58.807,okx,ADA/USDT:USDT,0.8261,493.2,0.8262,31.6,0.8261,3069672.9,
1753504558912,04:35:58.912,okx,ADA/USDT:USDT,0.8261,492.8,0.8262,31.6,0.8261,3069672.9,
1753504559105,04:35:59.105,bitget,ADA/USDT:USDT,0.8262,9854.0,0.8263,122460.0,0.8262,277557506.0,222277981.9814
1753504559297,04:35:59.297,bybit,ADA/USDT:USDT,0.8261,10204.0,0.8262,821.0,0.8261,456969670.0,365431267.6263
1753504559357,04:35:59.357,okx,ADA/USDT:USDT,0.8261,493.1,0.8262,31.6,0.8261,3069673.0,
1753504559497,04:35:59.497,bybit,ADA/USDT:USDT,0.8261,9273.0,0.8262,821.0,0.8261,456969670.0,365431267.6263
1753504559464,04:35:59.464,bitget,ADA/USDT:USDT,0.8262,11494.0,0.8263,80873.0,0.8262,277557506.0,222277981.9814
1753504559466,04:35:59.466,okx,ADA/USDT:USDT,0.8261,492.7,0.8262,50.4,0.8261,3069673.0,
1753504559568,04:35:59.568,okx,ADA/USDT:USDT,0.8261,492.7,0.8262,23.7,0.8261,3069673.0,
1753504559681,04:35:59.681,okx,ADA/USDT:USDT,0.8261,492.7,0.8262,50.6,0.8261,3069673.0,
1753504559710,04:35:59.710,binance,ADA/USDT:USDT,,,,,0.8259,852775841.0,682577948.9026
1753504559909,04:35:59.909,okx,ADA/USDT:USDT,0.8261,492.7,0.8262,32.4,0.8261,3069673.0,
1753504559997,04:35:59.997,bybit,ADA/USDT:USDT,0.8261,3773.0,0.8262,1261.0,0.8261,456969670.0,365431267.6263
1753504560018,04:36:00.018,okx,ADA/USDT:USDT,0.8261,491.7,0.8262,82.1,0.8261,3063932.1,
1753504560094,04:36:00.094,bitget,ADA/USDT:USDT,0.8262,3723.0,0.8263,80873.0,0.8262,277557506.0,222277981.9814
1753504560160,04:36:00.160,okx,ADA/USDT:USDT,0.8261,427.6,0.8262,81.9,0.8261,3063932.1,
1753504560288,04:36:00.288,okx,ADA/USDT:USDT,0.8261,428.0,0.8262,59.2,0.8261,3063932.1,
1753504560397,04:36:00.397,bybit,ADA/USDT:USDT,0.8261,6899.0,0.8262,1261.0,0.8261,456969670.0,365431267.6263
1753504560411,04:36:00.411,okx,ADA/USDT:USDT,0.8261,427.7,0.8262,60.3,0.8261,3063932.4,
1753504560497,04:36:00.497,bybit,ADA/USDT:USDT,0.8261,8421.0,0.8262,1261.0,0.8261,456969670.0,365431267.6263
1753504560512,04:36:00.512,okx,ADA/USDT:USDT,0.8261,427.0,0.8262,83.1,0.8261,3063932.8,
1753504560537,04:36:00.537,bitget,ADA/USDT:USDT,0.8262,3373.0,0.8263,106977.0,0.8262,277555506.0,222276329.5814
1753504560621,04:36:00.621,okx,ADA/USDT:USDT,0.8261,427.0,0.8262,82.8,0.8261,3063932.8,
1753504560697,04:36:00.697,bybit,ADA/USDT:USDT,0.8261,8421.0,0.8262,1265.0,0.8261,456969670.0,365431267.6263
1753504560797,04:36:00.797,bybit,ADA/USDT:USDT,0.8261,13921.0,0.8262,1265.0,0.8261,456969670.0,365431267.6263
1753504560866,04:36:00.866,okx,ADA/USDT:USDT,0.8261,427.0,0.8262,61.0,0.8261,3063932.8,
1753504560998,04:36:00.998,bybit,ADA/USDT:USDT,0.8261,9352.0,0.8262,1265.0,0.8261,456969670.0,365431267.6263
1753504560974,04:36:00.974,okx,ADA/USDT:USDT,0.8261,487.9,0.8262,61.1,0.8261,3063932.8,
1753504561097,04:36:01.097,bybit,ADA/USDT:USDT,0.8261,8421.0,0.8262,1265.0,0.8261,456969670.0,365431267.6263
1753504561197,04:36:01.197,bybit,ADA/USDT:USDT,0.8261,9352.0,0.8262,1265.0,0.8261,456969670.0,365431267.6263
1753504561168,04:36:01.168,bitget,ADA/USDT:USDT,0.8262,3373.0,0.8263,80873.0,0.8262,277421944.0,222168586.3548
1753504561200,04:36:01.200,okx,ADA/USDT:USDT,0.8261,487.5,0.8262,61.4,0.8261,3063932.8,
1753504561297,04:36:01.297,bybit,ADA/USDT:USDT,0.8261,8571.0,0.8262,1265.0,0.8261,456969670.0,365431267.6263
1753504561397,04:36:01.397,bybit,ADA/USDT:USDT,0.8261,9502.0,0.8262,1265.0,0.8261,456969670.0,365431267.6263
1753504561406,04:36:01.406,okx,ADA/USDT:USDT,0.8261,487.5,0.8262,87.6,0.8261,3063932.8,
1753504561496,04:36:01.496,bitget,ADA/USDT:USDT,0.8262,3373.0,0.8263,102873.0,0.8262,277421944.0,222168586.3548
1753504561507,04:36:01.507,okx,ADA/USDT:USDT,0.8261,487.5,0.8262,90.5,0.8261,3063932.8,
1753504561614,04:36:01.614,okx,ADA/USDT:USDT,0.8261,488.5,0.8262,67.9,0.8261,3063932.8,
1753504561697,04:36:01.697,bybit,ADA/USDT:USDT,0.8261,8571.0,0.8262,1265.0,0.8261,456969670.0,365431267.6263
1753504561798,04:36:01.798,bybit,ADA/USDT:USDT,0.8261,14071.0,0.8262,1265.0,0.8261,456969670.0,365431267.6263
1753504561765,04:36:01.765,okx,ADA/USDT:USDT,0.8261,487.9,0.8262,90.9,0.8261,3063932.8,
1753504561591,04:36:01.591,binance,ADA/USDT:USDT,,,,,0.826,851933453.0,681899491.3773
1753504561854,04:36:01.854,bitget,ADA/USDT:USDT,0.8262,3723.0,0.8263,102873.0,0.8262,277421944.0,222168586.3548
1753504562028,04:36:02.028,okx,ADA/USDT:USDT,0.8261,487.5,0.8262,91.6,0.8261,3063932.8,
1753504562170,04:36:02.170,okx,ADA/USDT:USDT,0.8261,487.5,0.8262,92.5,0.8261,3063932.8,
1753504562220,04:36:02.220,bitget,ADA/USDT:USDT,0.8262,3723.0,0.8263,102873.0,0.8262,277421944.0,222168586.3548
1753504562397,04:36:02.397,bybit,ADA/USDT:USDT,0.8261,15002.0,0.8262,1265.0,0.8261,456969670.0,365431267.6263
1753504562497,04:36:02.497,bybit,ADA/USDT:USDT,0.8261,14071.0,0.8262,1265.0,0.8261,456969670.0,365431267.6263
1753504562510,04:36:02.510,okx,ADA/USDT:USDT,0.8261,487.5,0.8262,43.3,0.8261,3063932.8,
1753504562598,04:36:02.598,bybit,ADA/USDT:USDT,0.8261,15002.0,0.8262,1298.0,0.8261,456969670.0,365431267.6263
1753504562567,04:36:02.567,bitget,ADA/USDT:USDT,0.8262,3723.0,0.8263,102873.0,0.8262,277421944.0,222168586.3548
1753504562613,04:36:02.613,okx,ADA/USDT:USDT,0.8261,504.7,0.8262,43.5,0.8261,3063932.8,
1753504562697,04:36:02.697,bybit,ADA/USDT:USDT,0.8261,9502.0,0.8262,1292.0,0.8262,456969676.0,365431272.5835
1753504562797,04:36:02.797,bybit,ADA/USDT:USDT,0.8261,9478.0,0.8262,1292.0,0.8262,456969676.0,365431272.5835
1753504562760,04:36:02.760,okx,ADA/USDT:USDT,0.8261,504.7,0.8262,70.4,0.8261,3063932.8,
1753504562898,04:36:02.898,bybit,ADA/USDT:USDT,0.8261,10383.0,0.8262,1292.0,0.8262,456969676.0,365431272.5835
1753504562886,04:36:02.886,okx,ADA/USDT:USDT,0.8261,542.0,0.8262,34.8,0.8261,3063932.8,
1753504562903,04:36:02.903,bitget,ADA/USDT:USDT,0.8262,20286.0,0.8263,80873.0,0.8262,277421944.0,222168586.3548
1753504563011,04:36:03.011,okx,ADA/USDT:USDT,0.8261,542.0,0.8262,35.6,0.8261,3063932.8,
1753504563120,04:36:03.120,okx,ADA/USDT:USDT,0.8261,543.2,0.8262,34.5,0.8261,3063932.8,
1753504563197,04:36:03.197,bybit,ADA/USDT:USDT,0.8261,8571.0,0.8262,1292.0,0.8262,456969676.0,365431272.5835
1753504563297,04:36:03.297,bybit,ADA/USDT:USDT,0.8261,9488.0,0.8262,1292.0,0.8262,456969676.0,365431272.5835
1753504563269,04:36:03.269,okx,ADA/USDT:USDT,0.8261,520.4,0.8262,62.5,0.8261,3063932.8,
1753504563397,04:36:03.397,bybit,ADA/USDT:USDT,0.8261,8581.0,0.8262,1573.0,0.8262,456969676.0,365431272.5835
1753504563369,04:36:03.369,okx,ADA/USDT:USDT,0.8261,506.9,0.8262,71.2,0.8261,3063932.8,
1753504563503,04:36:03.503,okx,ADA/USDT:USDT,0.8261,505.7,0.8262,70.5,0.8261,3063932.8,
1753504563604,04:36:03.604,okx,ADA/USDT:USDT,0.8261,506.1,0.8262,70.5,0.8261,3063932.8,
1753504563698,04:36:03.698,bybit,ADA/USDT:USDT,0.8261,8581.0,0.8262,1575.0,0.8262,456969676.0,365431272.5835
1753504563710,04:36:03.710,okx,ADA/USDT:USDT,0.8261,505.1,0.8262,108.9,0.8261,3063932.8,
1753504563797,04:36:03.797,bybit,ADA/USDT:USDT,0.8261,8581.0,0.8262,6110.0,0.8262,456969676.0,365431272.5835
1753504563813,04:36:03.813,okx,ADA/USDT:USDT,0.8261,505.1,0.8262,70.9,0.8261,3063932.8,
1753504563897,04:36:03.897,bybit,ADA/USDT:USDT,0.8261,8581.0,0.8262,1610.0,0.8262,456969676.0,365431272.5835
1753504563890,04:36:03.890,bitget,ADA/USDT:USDT,0.8262,20286.0,0.8263,100373.0,0.8262,277421944.0,222168586.3548
1753504563920,04:36:03.920,okx,ADA/USDT:USDT,0.8261,504.7,0.8262,71.2,0.8261,3063932.8,
1753504564205,04:36:04.205,bitget,ADA/USDT:USDT,0.8262,19936.0,0.8263,100373.0,0.8262,277421944.0,222168586.3548
1753504564283,04:36:04.283,okx,ADA/USDT:USDT,0.8261,504.7,0.8262,92.7,0.8261,3063932.8,
1753504564398,04:36:04.398,bybit,ADA/USDT:USDT,0.8261,8370.0,0.8262,1625.0,0.8261,456969887.0,365431446.8906
1753504564390,04:36:04.390,okx,ADA/USDT:USDT,0.8261,504.7,0.8262,71.3,0.8261,3063932.8,
1753504564497,04:36:04.497,bybit,ADA/USDT:USDT,0.8261,8370.0,0.8262,1625.0,0.8261,456969887.0,365431446.8906
1753504564546,04:36:04.546,bitget,ADA/USDT:USDT,0.8262,19802.0,0.8263,100373.0,0.8262,277421944.0,222168586.3548
1753504564610,04:36:04.610,okx,ADA/USDT:USDT,0.8261,504.7,0.8262,93.8,0.8261,3063932.8,
1753504564697,04:36:04.697,bybit,ADA/USDT:USDT,0.8261,8220.0,0.8262,1625.0,0.8261,456969887.0,365431446.8906
1753504564797,04:36:04.797,bybit,ADA/USDT:USDT,0.8261,8210.0,0.8262,4359.0,0.8261,456969887.0,365431446.8906
1753504564897,04:36:04.897,bybit,ADA/USDT:USDT,0.8261,8210.0,0.8262,6959.0,0.8261,456969887.0,365431446.8906
1753504564864,04:36:04.864,okx,ADA/USDT:USDT,0.8261,292.5,0.8262,290.6,0.8261,3063973.2,
1753504564905,04:36:04.905,bitget,ADA/USDT:USDT,0.8262,19802.0,0.8263,100373.0,0.8262,277421944.0,222168586.3548
1753504564997,04:36:04.997,bybit,ADA/USDT:USDT,0.8261,1455.0,0.8262,14023.0,0.8261,456969887.0,365431446.8906
1753504564967,04:36:04.967,okx,ADA/USDT:USDT,0.8261,265.4,0.8262,290.6,0.8261,3063973.2,
1753504565098,04:36:05.098,bybit,ADA/USDT:USDT,0.8261,5718.0,0.8262,12250.0,0.8261,456969887.0,365431446.8906
1753504565079,04:36:05.079,okx,ADA/USDT:USDT,0.8261,80.8,0.8262,291.7,0.8261,3063973.2,
1753504565198,04:36:05.198,bybit,ADA/USDT:USDT,0.8261,10531.0,0.8262,5650.0,0.8261,456969887.0,365431446.8906
1753504565196,04:36:05.196,okx,ADA/USDT:USDT,0.8261,95.3,0.8262,291.4,0.8261,3063973.2,
1753504565203,04:36:05.203,binance,ADA/USDT:USDT,,,,,0.826,851933488.0,681899520.2873
1753504565221,04:36:05.221,bitget,ADA/USDT:USDT,0.8261,35889.0,0.8263,100977.0,0.8262,277421944.0,222168586.3548
1753504565297,04:36:05.297,bybit,ADA/USDT:USDT,0.8261,12304.0,0.8262,4804.0,0.8261,456969887.0,365431446.8906
1753504565305,04:36:05.305,okx,ADA/USDT:USDT,0.8261,224.1,0.8262,114.7,0.8261,3063973.2,
1753504565398,04:36:05.398,bybit,ADA/USDT:USDT,0.8261,12304.0,0.8262,1625.0,0.8261,456969887.0,365431446.8906
1753504565409,04:36:05.409,okx,ADA/USDT:USDT,0.8261,346.8,0.8262,44.8,0.8261,3063973.2,
1753504565512,04:36:05.512,okx,ADA/USDT:USDT,0.8261,323.1,0.8262,45.0,0.8261,3063973.2,
1753504565598,04:36:05.598,bybit,ADA/USDT:USDT,0.8261,11418.0,0.8262,1625.0,0.8261,456969887.0,365431446.8906
1753504565565,04:36:05.565,bitget,ADA/USDT:USDT,0.8261,72337.0,0.8262,15339.0,0.8262,277421944.0,222168586.3548
1753504565615,04:36:05.615,okx,ADA/USDT:USDT,0.8261,309.1,0.8262,68.4,0.8261,3063973.2,
1753504565697,04:36:05.697,bybit,ADA/USDT:USDT,0.8261,10531.0,0.8262,1625.0,0.8261,456969887.0,365431446.8906
1753504565797,04:36:05.797,bybit,ADA/USDT:USDT,0.8261,16031.0,0.8262,1625.0,0.8261,456969887.0,365431446.8906
1753504565761,04:36:05.761,okx,ADA/USDT:USDT,0.8261,308.0,0.8262,95.5,0.8261,3063973.3,
1753504565905,04:36:05.905,okx,ADA/USDT:USDT,0.8261,308.0,0.8262,72.0,0.8261,3063973.3,
1753504565997,04:36:05.997,bybit,ADA/USDT:USDT,0.8261,16918.0,0.8262,1625.0,0.8261,456969887.0,365431446.8906
1753504566005,04:36:06.005,okx,ADA/USDT:USDT,0.8261,308.0,0.8262,72.4,0.8261,3063973.3,
1753504566107,04:36:06.107,okx,ADA/USDT:USDT,0.8261,307.7,0.8262,95.6,0.8261,3063973.6,
1753504566197,04:36:06.197,bybit,ADA/USDT:USDT,0.8261,17804.0,0.8262,1625.0,0.8261,456969887.0,365431446.8906
1753504566210,04:36:06.210,okx,ADA/USDT:USDT,0.8261,442.5,0.8262,45.5,0.8261,3063973.6,
1753504566297,04:36:06.297,bybit,ADA/USDT:USDT,0.8261,17804.0,0.8262,1634.0,0.8261,456969887.0,365431446.8906
1753504566397,04:36:06.397,bybit,ADA/USDT:USDT,0.8261,16918.0,0.8262,1634.0,0.8261,456969887.0,365431446.8906
1753504566392,04:36:06.392,bitget,ADA/USDT:USDT,0.8261,72337.0,0.8262,15339.0,0.8262,277421944.0,222168586.3548
1753504566422,04:36:06.422,okx,ADA/USDT:USDT,0.8261,442.5,0.8262,45.1,0.8261,3063973.6,
1753504566497,04:36:06.497,bybit,ADA/USDT:USDT,0.8261,17804.0,0.8262,1634.0,0.8261,456969887.0,365431446.8906
1753504566527,04:36:06.527,okx,ADA/USDT:USDT,0.8261,443.5,0.8262,36.4,0.8261,3063974.0,
1753504566598,04:36:06.598,bybit,ADA/USDT:USDT,0.8261,17804.0,0.8262,1655.0,0.8261,456969887.0,365431446.8906
1753504566661,04:36:06.661,okx,ADA/USDT:USDT,0.8261,428.3,0.8262,36.1,0.8261,3063974.0,
1753504566698,04:36:06.698,bybit,ADA/USDT:USDT,0.8261,16918.0,0.8262,1655.0,0.8261,456969887.0,365431446.8906
1753504566720,04:36:06.720,bitget,ADA/USDT:USDT,0.8261,72337.0,0.8262,15339.0,0.8262,277421944.0,222168586.3548
1753504566797,04:36:06.797,bybit,ADA/USDT:USDT,0.8261,16031.0,0.8262,1658.0,0.8261,456969887.0,365431446.8906
1753504566764,04:36:06.764,okx,ADA/USDT:USDT,0.8261,442.0,0.8262,36.9,0.8261,3063974.0,
1753504566906,04:36:06.906,okx,ADA/USDT:USDT,0.8261,427.3,0.8262,94.6,0.8261,3063974.0,
1753504567097,04:36:07.097,bybit,ADA/USDT:USDT,0.8261,17804.0,0.8262,1658.0,0.8261,456969887.0,365431446.8906
1753504567109,04:36:07.109,okx,ADA/USDT:USDT,0.8261,442.0,0.8262,36.1,0.8261,3063974.0,
1753504567122,04:36:07.122,bitget,ADA/USDT:USDT,0.8261,72337.0,0.8262,15339.0,0.8262,277421944.0,222168586.3548
1753504567197,04:36:07.197,bybit,ADA/USDT:USDT,0.8261,7931.0,0.8262,9845.0,0.8261,456969887.0,365431446.8906
1753504565943,04:36:05.943,binance,ADA/USDT:USDT,,,,,0.826,851933593.0,681899607.0173
1753504567213,04:36:07.213,okx,ADA/USDT:USDT,0.8261,246.3,0.8262,167.9,0.8261,3063974.0,
1753504567315,04:36:07.315,okx,ADA/USDT:USDT,0.8261,225.8,0.8262,168.5,0.8261,3063974.0,
1753504567417,04:36:07.417,okx,ADA/USDT:USDT,0.8261,224.5,0.8262,168.5,0.8261,3063974.0,
1753504567445,04:36:07.445,bitget,ADA/USDT:USDT,0.8261,72337.0,0.8262,15339.0,0.8262,277421944.0,222168586.3548
1753504567497,04:36:07.497,bybit,ADA/USDT:USDT,0.8261,7931.0,0.8262,10197.0,0.8261,456969887.0,365431446.8906
1753504567797,04:36:07.797,bybit,ADA/USDT:USDT,0.8261,5718.0,0.8262,15846.0,0.8261,456969887.0,365431446.8906
1753504567770,04:36:07.770,bitget,ADA/USDT:USDT,0.8261,46010.0,0.8262,51664.0,0.8262,277421944.0,222168586.3548
1753504567807,04:36:07.807,okx,ADA/USDT:USDT,0.8261,202.1,0.8262,168.5,0.8261,3063974.0,
1753504567879,04:36:07.879,gateio,ADA/USDT:USDT,,,,,0.8257,106515940.0,87950210.0
1753504567897,04:36:07.897,bybit,ADA/USDT:USDT,0.8261,5718.0,0.8262,16558.0,0.8261,456969887.0,365431446.8906
1753504568066,04:36:08.066,okx,ADA/USDT:USDT,0.8261,202.1,0.8262,167.0,0.8261,3063974.0,
1753504568167,04:36:08.167,okx,ADA/USDT:USDT,0.8261,202.1,0.8262,279.8,0.8261,3063974.0,
1753504568174,04:36:08.174,bitget,ADA/USDT:USDT,0.8261,46010.0,0.8262,51664.0,0.8262,277421944.0,222168586.3548
1753504568297,04:36:08.297,bybit,ADA/USDT:USDT,0.8261,2668.0,0.8262,16558.0,0.8261,456969887.0,365431446.8906
1753504568287,04:36:08.287,okx,ADA/USDT:USDT,0.8261,180.2,0.8262,284.2,0.8261,3063975.9,
1753504568398,04:36:08.398,bybit,ADA/USDT:USDT,0.8261,1999.0,0.8262,16558.0,0.8261,456969887.0,365431446.8906
1753504568405,04:36:08.405,okx,ADA/USDT:USDT,0.8261,179.2,0.8262,285.1,0.8261,3063976.9,
1753504568505,04:36:08.505,okx,ADA/USDT:USDT,0.8261,178.4,0.8262,285.1,0.8261,3063977.7,
1753504568546,04:36:08.546,bitget,ADA/USDT:USDT,0.8261,35491.0,0.8262,51664.0,0.8262,277421944.0,222168586.3548
1753504568797,04:36:08.797,bybit,ADA/USDT:USDT,0.8261,4955.0,0.8262,14663.0,0.8261,456969887.0,365431446.8906
1753504568814,04:36:08.814,okx,ADA/USDT:USDT,0.8261,178.4,0.8262,283.0,0.8261,3063977.7,
1753504568876,04:36:08.876,bitget,ADA/USDT:USDT,0.8261,35491.0,0.8262,51664.0,0.8262,277421944.0,222168586.3548
1753504568920,04:36:08.920,okx,ADA/USDT:USDT,0.8261,178.4,0.8262,284.0,0.8261,3063977.7,
1753504568998,04:36:08.998,bybit,ADA/USDT:USDT,0.8261,1455.0,0.8262,16558.0,0.8261,456969887.0,365431446.8906
1753504569022,04:36:09.022,okx,ADA/USDT:USDT,0.8261,82.0,0.8262,284.8,0.8261,3063977.7,
1753504569097,04:36:09.097,bybit,ADA/USDT:USDT,0.8261,967.0,0.8262,17444.0,0.8261,456969887.0,365431446.8906
1753504569123,04:36:09.123,okx,ADA/USDT:USDT,0.8261,55.1,0.8262,345.6,0.8261,3063977.7,
1753504569197,04:36:09.197,bybit,ADA/USDT:USDT,0.8261,1455.0,0.8262,17444.0,0.8261,456969887.0,365431446.8906
1753504569190,04:36:09.190,bitget,ADA/USDT:USDT,0.8261,15339.0,0.8262,51664.0,0.8262,277421944.0,222168586.3548
1753504569269,04:36:09.269,okx,ADA/USDT:USDT,0.8261,17.4,0.8262,346.8,0.8261,3063977.7,
1753504569397,04:36:09.397,bybit,ADA/USDT:USDT,0.8261,5183.0,0.8262,7763.0,0.8261,456969887.0,365431446.8906
1753504569405,04:36:09.405,okx,ADA/USDT:USDT,0.8261,52.2,0.8262,249.4,0.8261,3063977.7,
1753504569498,04:36:09.498,bybit,ADA/USDT:USDT,0.8261,5183.0,0.8262,7762.0,0.8261,456969887.0,365431446.8906
1753504569508,04:36:09.508,okx,ADA/USDT:USDT,0.8261,105.3,0.8262,285.7,0.8261,3063977.7,
1753504569527,04:36:09.527,bitget,ADA/USDT:USDT,0.8261,18092.0,0.8262,51664.0,0.8262,277421944.0,222168586.3548
1753504569598,04:36:09.598,bybit,ADA/USDT:USDT,0.8261,5183.0,0.8262,8780.0,0.8261,456969887.0,365431446.8906
1753504569608,04:36:09.608,okx,ADA/USDT:USDT,0.8261,105.3,0.8262,272.7,0.8261,3063977.7,
1753504569697,04:36:09.697,bybit,ADA/USDT:USDT,0.8261,5183.0,0.8262,13280.0,0.8261,456969887.0,365431446.8906
1753504569716,04:36:09.716,okx,ADA/USDT:USDT,0.8261,105.3,0.8262,285.7,0.8261,3063977.7,
1753504569724,04:36:09.724,binance,ADA/USDT:USDT,,,,,0.8259,851933600.0,681899612.7986
1753504569797,04:36:09.797,bybit,ADA/USDT:USDT,0.8261,1455.0,0.8262,14185.0,0.8261,456969887.0,365431446.8906
1753504569898,04:36:09.898,bybit,ADA/USDT:USDT,0.8261,1455.0,0.8262,10571.0,0.8261,456969887.0,365431446.8906
1753504569891,04:36:09.891,bitget,ADA/USDT:USDT,0.8261,18092.0,0.8262,51664.0,0.8262,277421944.0,222168586.3548
1753504569960,04:36:09.960,okx,ADA/USDT:USDT,0.8261,104.5,0.8262,285.9,0.8261,3063978.5,
1753504569997,04:36:09.997,bybit,ADA/USDT:USDT,0.8261,1425.0,0.8262,16071.0,0.8261,456969917.0,365431471.6736
1753504570097,04:36:10.097,bybit,ADA/USDT:USDT,0.8261,937.0,0.8262,16071.0,0.8261,456969917.0,365431471.6736
1753504570099,04:36:10.099,okx,ADA/USDT:USDT,0.8261,96.6,0.8262,286.4,0.8261,3063978.5,
1753504570200,04:36:10.200,bitget,ADA/USDT:USDT,0.8261,19732.0,0.8262,51320.0,0.8262,277421944.0,222168586.3548
1753504570297,04:36:10.297,bybit,ADA/USDT:USDT,0.8261,937.0,0.8262,14298.0,0.8261,456969917.0,365431471.6736
1753504570306,04:36:10.306,okx,ADA/USDT:USDT,0.8261,104.5,0.8262,291.9,0.8261,3063978.5,
1753504570398,04:36:10.398,bybit,ADA/USDT:USDT,0.8261,3730.0,0.8262,8798.0,0.8261,456969917.0,365431471.6736
1753504570412,04:36:10.412,okx,ADA/USDT:USDT,0.8261,104.5,0.8262,257.3,0.8261,3063978.5,
1753504570498,04:36:10.498,bybit,ADA/USDT:USDT,0.8261,5591.0,0.8262,8675.0,0.8261,456969917.0,365431471.6736
1753504570597,04:36:10.597,bybit,ADA/USDT:USDT,0.8261,9058.0,0.8262,5199.0,0.8261,456969917.0,365431471.6736
1753504570565,04:36:10.565,okx,ADA/USDT:USDT,0.8261,144.5,0.8262,257.0,0.8261,3063978.5,
1753504570585,04:36:10.585,bitget,ADA/USDT:USDT,0.8261,17329.0,0.8262,51320.0,0.8262,277421944.0,222168586.3548
1753504570713,04:36:10.713,okx,ADA/USDT:USDT,0.8261,163.3,0.8262,257.0,0.8261,3063978.5,
1753504570798,04:36:10.798,bybit,ADA/USDT:USDT,0.8261,5591.0,0.8262,8807.0,0.8261,456969917.0,365431471.6736
1753504570866,04:36:10.866,okx,ADA/USDT:USDT,0.8261,163.3,0.8262,291.3,0.8261,3063978.5,
1753504570898,04:36:10.898,bybit,ADA/USDT:USDT,0.8261,5595.0,0.8262,8807.0,0.8261,456969917.0,365431471.6736
1753504570943,04:36:10.943,bitget,ADA/USDT:USDT,0.8261,36295.0,0.8262,51320.0,0.8262,277421944.0,222168586.3548
1753504570997,04:36:10.997,bybit,ADA/USDT:USDT,0.8261,6462.0,0.8262,6207.0,0.8261,456969917.0,365431471.6736
1753504570990,04:36:10.990,okx,ADA/USDT:USDT,0.8261,163.7,0.8262,142.0,0.8261,3063978.5,
1753504571097,04:36:11.097,bybit,ADA/USDT:USDT,0.8261,6462.0,0.8262,3576.0,0.8261,456969917.0,365431471.6736
1753504571115,04:36:11.115,okx,ADA/USDT:USDT,0.8261,176.2,0.8262,145.0,0.8261,3063978.5,
1753504571198,04:36:11.198,bybit,ADA/USDT:USDT,0.8261,5595.0,0.8262,3576.0,0.8261,456969917.0,365431471.6736
1753504571264,04:36:11.264,bitget,ADA/USDT:USDT,0.8261,36295.0,0.8262,51320.0,0.8262,277422632.0,222169154.7804
1753504571269,04:36:11.269,okx,ADA/USDT:USDT,0.8261,356.7,0.8262,145.0,0.8261,3063978.5,
1753504571405,04:36:11.405,okx,ADA/USDT:USDT,0.8261,163.7,0.8262,145.0,0.8261,3063978.5,
1753504571498,04:36:11.498,bybit,ADA/USDT:USDT,0.8261,5595.0,0.8262,3578.0,0.8261,456969917.0,365431471.6736
1753504571505,04:36:11.505,okx,ADA/USDT:USDT,0.8261,163.7,0.8262,145.1,0.8261,3063978.5,
1753504571597,04:36:11.597,bybit,ADA/USDT:USDT,0.8261,5595.0,0.8262,3578.0,0.8261,456969917.0,365431471.6736
1753504571697,04:36:11.697,bybit,ADA/USDT:USDT,0.8261,5595.0,0.8262,3586.0,0.8261,456969917.0,365431471.6736
1753504571713,04:36:11.713,okx,ADA/USDT:USDT,0.8261,163.7,0.8262,144.9,0.8261,3063978.5,
1753504570684,04:36:10.684,binance,ADA/USDT:USDT,,,,,0.8259,851940370.0,681905204.7955
1753504571797,04:36:11.797,bybit,ADA/USDT:USDT,0.8261,5595.0,0.8262,3596.0,0.8261,456969917.0,365431471.6736
1753504571816,04:36:11.816,okx,ADA/USDT:USDT,0.8261,185.1,0.8262,144.9,0.8261,3063978.5,
1753504571921,04:36:11.921,okx,ADA/USDT:USDT,0.8261,163.3,0.8262,144.9,0.8261,3063978.5,
1753504571975,04:36:11.975,bitget,ADA/USDT:USDT,0.8261,36295.0,0.8262,25820.0,0.8262,277422632.0,222169154.7804
1753504572021,04:36:12.021,okx,ADA/USDT:USDT,0.8261,295.2,0.8262,144.9,0.8261,3063978.5,
1753504572169,04:36:12.169,okx,ADA/USDT:USDT,0.8261,213.3,0.8262,264.9,0.8261,3063978.5,
1753504572297,04:36:12.297,bybit,ADA/USDT:USDT,0.8261,5595.0,0.8262,6196.0,0.8261,456969917.0,365431471.6736
1753504572281,04:36:12.281,okx,ADA/USDT:USDT,0.8261,213.3,0.8262,266.0,0.8261,3063978.5,
1753504572336,04:36:12.336,bitget,ADA/USDT:USDT,0.8261,36295.0,0.8262,50320.0,0.8262,277422632.0,222169154.7804
1753504572397,04:36:12.397,bybit,ADA/USDT:USDT,0.8261,5595.0,0.8262,6195.0,0.8261,456969917.0,365431471.6736
1753504572497,04:36:12.497,bybit,ADA/USDT:USDT,0.8261,5595.0,0.8262,8906.0,0.8261,456969917.0,365431471.6736
1753504572497,04:36:12.497,okx,ADA/USDT:USDT,0.8261,213.3,0.8262,266.2,0.8261,3063978.5,
1753504572604,04:36:12.604,okx,ADA/USDT:USDT,0.8261,213.3,0.8262,286.8,0.8261,3063978.5,
1753504572651,04:36:12.651,bitget,ADA/USDT:USDT,0.8261,36295.0,0.8262,50320.0,0.8262,277422632.0,222169154.7804
1753504572705,04:36:12.705,okx,ADA/USDT:USDT,0.8261,213.3,0.8262,266.2,0.8261,3063978.5,
1753504572997,04:36:12.997,bybit,ADA/USDT:USDT,0.8261,1425.0,0.8262,9773.0,0.8261,456969917.0,365431471.6736
1753504573014,04:36:13.014,bitget,ADA/USDT:USDT,0.8261,36295.0,0.8262,50320.0,0.8262,277422632.0,222169154.7804
1753504573065,04:36:13.065,okx,ADA/USDT:USDT,0.8261,146.6,0.8262,300.5,0.8261,3063978.5,
1753504573098,04:36:13.098,bybit,ADA/USDT:USDT,0.8261,937.0,0.8262,11847.0,0.8261,456969917.0,365431471.6736
1753504573197,04:36:13.197,bybit,ADA/USDT:USDT,0.8261,937.0,0.8262,10115.0,0.8261,456969917.0,365431471.6736
1753504573174,04:36:13.174,okx,ADA/USDT:USDT,0.8261,91.6,0.8262,301.6,0.8261,3063978.5,
1753504573309,04:36:13.309,okx,ADA/USDT:USDT,0.8261,138.1,0.8262,265.2,0.8261,3063978.5,
1753504573366,04:36:13.366,bitget,ADA/USDT:USDT,0.8261,18553.0,0.8262,55365.0,0.8262,277422632.0,222169154.7804
1753504573697,04:36:13.697,bybit,ADA/USDT:USDT,0.8261,10.0,0.8262,16482.0,0.8261,456969917.0,365431471.6736
1753504573674,04:36:13.674,bitget,ADA/USDT:USDT,0.8261,18553.0,0.8262,55365.0,0.8262,277422632.0,222169154.7804
1753504573417,04:36:13.417,binance,ADA/USDT:USDT,,,,,0.8259,851946475.0,681910246.915
1753504573797,04:36:13.797,bybit,ADA/USDT:USDT,0.8261,10.0,0.8262,17347.0,0.8261,456969917.0,365431471.6736
1753504573806,04:36:13.806,okx,ADA/USDT:USDT,0.8261,86.1,0.8262,302.0,0.8261,3063978.5,
1753504573877,04:36:13.877,gateio,ADA/USDT:USDT,,,,,0.8257,106516200.0,87950426.0
1753504573898,04:36:13.898,bybit,ADA/USDT:USDT,0.826,1097.0,0.8261,32536.0,0.8261,456969927.0,365431479.9346
1753504573909,04:36:13.909,okx,ADA/USDT:USDT,0.826,85.9,0.8261,796.9,0.8261,3064064.6,
1753504573998,04:36:13.998,bybit,ADA/USDT:USDT,0.826,1097.0,0.8261,38381.0,0.8261,456969927.0,365431479.9346
1753504574015,04:36:14.015,bitget,ADA/USDT:USDT,0.8259,61752.0,0.826,32412.0,0.8259,277422632.0,222169154.7804
1753504574098,04:36:14.098,bybit,ADA/USDT:USDT,0.826,1101.0,0.8261,38381.0,0.8261,456969927.0,365431479.9346
1753504574113,04:36:14.113,okx,ADA/USDT:USDT,0.826,27.4,0.8261,770.5,0.8261,3064064.6,
1753504574225,04:36:14.225,okx,ADA/USDT:USDT,0.826,54.3,0.8261,747.1,0.8261,3064064.6,
1753504574297,04:36:14.297,bybit,ADA/USDT:USDT,0.826,1589.0,0.8261,28935.0,0.8261,456969927.0,365431479.9346
1753504574335,04:36:14.335,okx,ADA/USDT:USDT,0.826,100.8,0.8261,773.5,0.8261,3064064.6,
1753504574374,04:36:14.374,bitget,ADA/USDT:USDT,0.8259,41221.0,0.826,32789.0,0.8259,277422632.0,222169154.7804
1753504574446,04:36:14.446,okx,ADA/USDT:USDT,0.826,92.8,0.8261,773.5,0.8261,3064064.6,
1753504574497,04:36:14.497,bybit,ADA/USDT:USDT,0.826,1101.0,0.8261,29336.0,0.8261,456969927.0,365431479.9346
1753504574597,04:36:14.597,bybit,ADA/USDT:USDT,0.826,1101.0,0.8261,29826.0,0.8261,456969927.0,365431479.9346
1753504574567,04:36:14.567,okx,ADA/USDT:USDT,0.826,92.8,0.8261,773.8,0.8261,3064064.6,
1753504574670,04:36:14.670,okx,ADA/USDT:USDT,0.826,92.8,0.8261,758.0,0.8261,3064064.6,
1753504574708,04:36:14.708,bitget,ADA/USDT:USDT,0.8259,41221.0,0.826,32789.0,0.8259,277423360.0,222169756.1056
1753504574804,04:36:14.804,okx,ADA/USDT:USDT,0.826,100.7,0.8261,700.0,0.8261,3064064.6,
1753504574880,04:36:14.880,gateio,ADA/USDT:USDT,,,,,0.8255,106523980.0,87935544.0
1753504575013,04:36:15.013,bitget,ADA/USDT:USDT,0.8259,41221.0,0.826,32789.0,0.8259,277423360.0,222169756.1056
1753504575111,04:36:15.111,okx,ADA/USDT:USDT,0.826,86.5,0.8261,674.8,0.826,3064065.2,
1753504575213,04:36:15.213,okx,ADA/USDT:USDT,0.826,59.6,0.8261,712.7,0.826,3064065.2,
1753504575297,04:36:15.297,bybit,ADA/USDT:USDT,0.826,1101.0,0.8261,29829.0,0.8261,456969927.0,365431479.9346
1753504575331,04:36:15.331,bitget,ADA/USDT:USDT,0.8259,41221.0,0.826,32789.0,0.8259,277423360.0,222169756.1056
1753504575397,04:36:15.397,bybit,ADA/USDT:USDT,0.826,1101.0,0.8261,29851.0,0.8261,456969927.0,365431479.9346
1753504575415,04:36:15.415,okx,ADA/USDT:USDT,0.826,59.6,0.8261,737.3,0.826,3064065.2,
1753504575697,04:36:15.697,bybit,ADA/USDT:USDT,0.826,1101.0,0.8261,30698.0,0.8261,456969927.0,365431479.9346
1753504575692,04:36:15.692,okx,ADA/USDT:USDT,0.826,59.6,0.8261,676.9,0.826,3064065.2,
1753504575705,04:36:15.705,bitget,ADA/USDT:USDT,0.8259,41221.0,0.826,32789.0,0.8259,277423360.0,222169756.1056
1753504575627,04:36:15.627,binance,ADA/USDT:USDT,,,,,0.8257,851951261.0,681914199.202
1753504575803,04:36:15.803,okx,ADA/USDT:USDT,0.826,59.6,0.8261,749.6,0.826,3064065.2,
1753504575905,04:36:15.905,okx,ADA/USDT:USDT,0.826,86.5,0.8261,735.4,0.826,3064065.2,
1753504575997,04:36:15.997,bybit,ADA/USDT:USDT,0.826,1589.0,0.8261,30687.0,0.8261,456969927.0,365431479.9346
1753504576018,04:36:16.018,bitget,ADA/USDT:USDT,0.8259,41221.0,0.826,32789.0,0.8259,277423360.0,222169756.1056
1753504576111,04:36:16.111,okx,ADA/USDT:USDT,0.826,86.5,0.8261,689.2,0.826,3064065.2,
1753504576198,04:36:16.198,bybit,ADA/USDT:USDT,0.826,1589.0,0.8261,29840.0,0.8261,456969927.0,365431479.9346
1753504576212,04:36:16.212,okx,ADA/USDT:USDT,0.826,59.6,0.8261,801.0,0.826,3064065.2,
1753504576326,04:36:16.326,okx,ADA/USDT:USDT,0.826,59.5,0.8261,800.7,0.826,3064065.3,
1753504576397,04:36:16.397,bybit,ADA/USDT:USDT,0.826,1589.0,0.8261,30687.0,0.8261,456969927.0,365431479.9346
1753504576454,04:36:16.454,okx,ADA/USDT:USDT,0.826,59.5,0.8261,811.8,0.826,3064065.3,
1753504576497,04:36:16.497,bybit,ADA/USDT:USDT,0.826,9903.0,0.8261,21662.0,0.8261,456969927.0,365431479.9346
1753504576597,04:36:16.597,bybit,ADA/USDT:USDT,0.826,5732.0,0.8261,8852.0,0.8261,456969927.0,365431479.9346
1753504576609,04:36:16.609,okx,ADA/USDT:USDT,0.826,231.7,0.8261,519.0,0.826,3064065.3,
1753504576642,04:36:16.642,bitget,ADA/USDT:USDT,0.8259,41221.0,0.826,2013.0,0.8259,277423360.0,222169756.1056
1753504576697,04:36:16.697,bybit,ADA/USDT:USDT,0.826,2725.0,0.8261,14352.0,0.8261,456969927.0,365431479.9346
1753504576745,04:36:16.745,okx,ADA/USDT:USDT,0.826,160.3,0.8261,519.6,0.826,3064065.3,
1753504576898,04:36:16.898,bybit,ADA/USDT:USDT,0.826,1589.0,0.8261,14363.0,0.8261,456969927.0,365431479.9346
1753504576868,04:36:16.868,okx,ADA/USDT:USDT,0.826,181.7,0.8261,519.6,0.826,3064065.3,
1753504576997,04:36:16.997,bybit,ADA/USDT:USDT,0.826,1589.0,0.8261,14399.0,0.8261,456969927.0,365431479.9346
1753504576973,04:36:16.973,okx,ADA/USDT:USDT,0.826,181.3,0.8261,519.6,0.826,3064065.3,
1753504576995,04:36:16.995,bitget,ADA/USDT:USDT,0.8259,42025.0,0.826,1636.0,0.8259,277423360.0,222169756.1056
1753504577097,04:36:17.097,bybit,ADA/USDT:USDT,0.826,1589.0,0.8261,15246.0,0.8261,456969927.0,365431479.9346
1753504577198,04:36:17.198,bybit,ADA/USDT:USDT,0.826,1589.0,0.8261,16091.0,0.8261,456969927.0,365431479.9346
1753504577206,04:36:17.206,okx,ADA/USDT:USDT,0.826,120.5,0.8261,595.3,0.826,3064065.3,
1753504577313,04:36:17.313,bitget,ADA/USDT:USDT,0.8259,42025.0,0.826,1636.0,0.8259,277423360.0,222169756.1056
1753504577411,04:36:17.411,okx,ADA/USDT:USDT,0.826,120.5,0.8261,595.8,0.826,3064065.3,
1753504577497,04:36:17.497,bybit,ADA/USDT:USDT,0.826,1589.0,0.8261,15248.0,0.8261,456969927.0,365431479.9346
1753504577549,04:36:17.549,okx,ADA/USDT:USDT,0.826,120.5,0.8261,535.3,0.826,3064065.3,
1753504577598,04:36:17.598,bybit,ADA/USDT:USDT,0.826,1101.0,0.8261,16095.0,0.8261,456969927.0,365431479.9346
1753504577630,04:36:17.630,bitget,ADA/USDT:USDT,0.8259,49525.0,0.826,27940.0,0.8259,277423360.0,222169756.1056
1753504577656,04:36:17.656,okx,ADA/USDT:USDT,0.826,93.6,0.8261,596.0,0.826,3064065.3,
1753504577697,04:36:17.697,bybit,ADA/USDT:USDT,0.826,1101.0,0.8261,15248.0,0.8261,456969927.0,365431479.9346
1753504577327,04:36:17.327,binance,ADA/USDT:USDT,,,,,0.8257,851951288.0,681914221.4959
1753504577797,04:36:17.797,bybit,ADA/USDT:USDT,0.826,1589.0,0.8261,15250.0,0.8261,456969927.0,365431479.9346
1753504577879,04:36:17.879,gateio,ADA/USDT:USDT,,,,,0.8255,106523980.0,87935544.0
1753504577887,04:36:17.887,okx,ADA/USDT:USDT,0.826,93.6,0.8261,534.5,0.826,3064065.3,
1753504577992,04:36:17.992,bitget,ADA/USDT:USDT,0.8259,42025.0,0.826,28290.0,0.8259,277423360.0,222169756.1056
1753504578008,04:36:18.008,okx,ADA/USDT:USDT,0.826,93.6,0.8261,595.0,0.826,3064065.3,
1753504578097,04:36:18.097,bybit,ADA/USDT:USDT,0.826,1589.0,0.8261,15248.0,0.8261,456969927.0,365431479.9346
1753504578112,04:36:18.112,okx,ADA/USDT:USDT,0.826,93.6,0.8261,535.8,0.826,3064065.3,
1753504578198,04:36:18.198,bybit,ADA/USDT:USDT,0.826,3670.0,0.8261,14403.0,0.8261,456969927.0,365431479.9346
1753504578297,04:36:18.297,bybit,ADA/USDT:USDT,0.826,225.0,0.8261,16095.0,0.8261,456969927.0,365431479.9346
1753504578316,04:36:18.316,okx,ADA/USDT:USDT,0.826,26.4,0.8261,595.7,0.826,3064065.3,
1753504578397,04:36:18.397,bybit,ADA/USDT:USDT,0.826,2113.0,0.8261,8903.0,0.8261,456969927.0,365431479.9346
1753504578366,04:36:18.366,bitget,ADA/USDT:USDT,0.8259,42025.0,0.826,28290.0,0.8259,277423360.0,222169756.1056
1753504578447,04:36:18.447,okx,ADA/USDT:USDT,0.826,247.6,0.8261,498.5,0.826,3064065.3,
1753504578498,04:36:18.498,bybit,ADA/USDT:USDT,0.826,2562.0,0.8261,8903.0,0.8261,456969927.0,365431479.9346
1753504578597,04:36:18.597,bybit,ADA/USDT:USDT,0.826,2113.0,0.8261,14404.0,0.8261,456969927.0,365431479.9346
1753504578697,04:36:18.697,bybit,ADA/USDT:USDT,0.826,1287.0,0.8261,8904.0,0.8261,456969927.0,365431479.9346
1753504578679,04:36:18.679,bitget,ADA/USDT:USDT,0.8259,36281.0,0.826,27486.0,0.8259,277423360.0,222169756.1056
1753504578706,04:36:18.706,okx,ADA/USDT:USDT,0.826,247.6,0.8261,498.6,0.826,3064065.3,
1753504578811,04:36:18.811,okx,ADA/USDT:USDT,0.826,260.1,0.8261,381.0,0.826,3064065.3,
1753504578898,04:36:18.898,bybit,ADA/USDT:USDT,0.826,3855.0,0.8261,9610.0,0.8261,456969927.0,365431479.9346
1753504578939,04:36:18.939,okx,ADA/USDT:USDT,0.826,260.1,0.8261,374.8,0.8261,3064071.5,
1753504578998,04:36:18.998,bybit,ADA/USDT:USDT,0.826,3399.0,0.8261,9610.0,0.8261,456969927.0,365431479.9346
1753504578985,04:36:18.985,bitget,ADA/USDT:USDT,0.8259,36281.0,0.826,1636.0,0.8259,277423360.0,222169756.1056
1753504579098,04:36:19.098,bybit,ADA/USDT:USDT,0.826,1287.0,0.8261,9610.0,0.8261,456969927.0,365431479.9346
1753504579069,04:36:19.069,okx,ADA/USDT:USDT,0.826,260.1,0.8261,530.3,0.8261,3064071.5,
1753504579297,04:36:19.297,bybit,ADA/USDT:USDT,0.826,713.0,0.8261,9610.0,0.8261,456969927.0,365431479.9346
1753504579306,04:36:19.306,okx,ADA/USDT:USDT,0.826,116.5,0.8261,530.6,0.8261,3064071.5,
1753504579332,04:36:19.332,bitget,ADA/USDT:USDT,0.8259,61781.0,0.826,16636.0,0.8259,277423360.0,222169756.1056
1753504579497,04:36:19.497,bybit,ADA/USDT:USDT,0.826,4773.0,0.8261,9610.0,0.8261,456969927.0,365431479.9346
1753504579509,04:36:19.509,okx,ADA/USDT:USDT,0.826,201.6,0.8261,495.1,0.8261,3064071.5,
1753504579597,04:36:19.597,bybit,ADA/USDT:USDT,0.826,3153.0,0.8261,9557.0,0.8261,456969927.0,365431479.9346
1753504579653,04:36:19.653,bitget,ADA/USDT:USDT,0.8259,61781.0,0.826,16636.0,0.8259,277423360.0,222169756.1056
1753504579697,04:36:19.697,bybit,ADA/USDT:USDT,0.826,1585.0,0.8261,9557.0,0.8261,456969927.0,365431479.9346
1753504578639,04:36:18.639,binance,ADA/USDT:USDT,,,,,0.8258,851951630.0,681914503.8975
1753504579797,04:36:19.797,bybit,ADA/USDT:USDT,0.826,713.0,0.8261,9557.0,0.8261,456969927.0,365431479.9346
1753504579769,04:36:19.769,okx,ADA/USDT:USDT,0.826,181.6,0.8261,517.5,0.8261,3064071.5,
1753504579897,04:36:19.897,bybit,ADA/USDT:USDT,0.826,713.0,0.8261,10404.0,0.8261,456969927.0,365431479.9346
1753504579905,04:36:19.905,okx,ADA/USDT:USDT,0.826,181.2,0.8261,531.8,0.826,3064071.9,
1753504579998,04:36:19.998,bybit,ADA/USDT:USDT,0.826,1546.0,0.8261,9557.0,0.8261,456969927.0,365431479.9346
1753504579969,04:36:19.969,bitget,ADA/USDT:USDT,0.8259,61781.0,0.826,1636.0,0.8259,277423360.0,222169756.1056
1753504580010,04:36:20.010,okx,ADA/USDT:USDT,0.826,126.8,0.8261,532.8,0.826,3064072.0,
1753504580097,04:36:20.097,bybit,ADA/USDT:USDT,0.826,713.0,0.8261,9557.0,0.8261,456969927.0,365431479.9346
1753504580197,04:36:20.197,bybit,ADA/USDT:USDT,0.826,713.0,0.8261,10835.0,0.8261,456969927.0,365431479.9346
1753504580222,04:36:20.222,okx,ADA/USDT:USDT,0.826,96.0,0.8261,532.8,0.826,3064072.0,
1753504580397,04:36:20.397,bybit,ADA/USDT:USDT,0.8259,8124.0,0.826,9950.0,0.826,456970020.0,365431556.7526
1753504580385,04:36:20.385,bitget,ADA/USDT:USDT,0.8259,36711.0,0.826,44890.0,0.8259,277423360.0,222169756.1056
1753504580456,04:36:20.456,okx,ADA/USDT:USDT,0.8259,242.9,0.826,423.5,0.826,3064110.5,
1753504580497,04:36:20.497,bybit,ADA/USDT:USDT,0.8259,12979.0,0.826,2721.0,0.826,456970020.0,365431556.7526
1753504580560,04:36:20.560,okx,ADA/USDT:USDT,0.8259,352.4,0.826,125.7,0.826,3064110.5,
1753504580598,04:36:20.598,bybit,ADA/USDT:USDT,0.826,1496.0,0.8261,15188.0,0.826,456970020.0,365431556.7526
1753504580697,04:36:20.697,bybit,ADA/USDT:USDT,0.826,1496.0,0.8261,15480.0,0.826,456970020.0,365431556.7526
1753504580700,04:36:20.700,okx,ADA/USDT:USDT,0.8259,352.4,0.826,77.6,0.826,3064110.5,
1753504580797,04:36:20.797,bybit,ADA/USDT:USDT,0.826,1496.0,0.8261,16092.0,0.826,456970020.0,365431556.7526
1753504580803,04:36:20.803,okx,ADA/USDT:USDT,0.8259,370.8,0.826,57.0,0.826,3064110.5,
1753504580908,04:36:20.908,okx,ADA/USDT:USDT,0.8259,380.2,0.826,57.0,0.826,3064110.5,
1753504581098,04:36:21.098,bybit,ADA/USDT:USDT,0.826,520.0,0.8261,16092.0,0.826,456970020.0,365431556.7526
1753504581110,04:36:21.110,okx,ADA/USDT:USDT,0.8259,416.9,0.826,177.0,0.826,3064110.5,
1753504581198,04:36:21.198,bybit,ADA/USDT:USDT,0.826,1845.0,0.8261,16092.0,0.826,456970020.0,365431556.7526
1753504581210,04:36:21.210,okx,ADA/USDT:USDT,0.8259,500.2,0.826,57.0,0.826,3064110.5,
1753504581245,04:36:21.245,bitget,ADA/USDT:USDT,0.8259,39803.0,0.826,18549.0,0.8259,277423360.0,222169756.1056
1753504581297,04:36:21.297,bybit,ADA/USDT:USDT,0.826,5034.0,0.8261,10892.0,0.826,456970020.0,365431556.7526
1753504581397,04:36:21.397,bybit,ADA/USDT:USDT,0.826,5039.0,0.8261,10238.0,0.826,456970020.0,365431556.7526
1753504581421,04:36:21.421,okx,ADA/USDT:USDT,0.8259,495.3,0.826,49.0,0.826,3064110.5,
1753504581534,04:36:21.534,okx,ADA/USDT:USDT,0.8259,501.4,0.826,49.0,0.826,3064110.5,
1753504581559,04:36:21.559,bitget,ADA/USDT:USDT,0.8259,39803.0,0.826,1124.0,0.8259,277423360.0,222169756.1056
1753504581597,04:36:21.597,bybit,ADA/USDT:USDT,0.826,5039.0,0.8261,10251.0,0.826,456970020.0,365431556.7526
1753504581677,04:36:21.677,binance,ADA/USDT:USDT,,,,,0.8257,851951640.0,681914512.1545
1753504581897,04:36:21.897,bybit,ADA/USDT:USDT,0.826,5042.0,0.8261,10251.0,0.826,456970020.0,365431556.7526
1753504581950,04:36:21.950,bitget,ADA/USDT:USDT,0.826,975.0,0.8261,53158.0,0.8259,277423360.0,222169756.1056
1753504582006,04:36:22.006,okx,ADA/USDT:USDT,0.8259,517.5,0.826,52.6,0.826,3064110.5,
1753504582266,04:36:22.266,okx,ADA/USDT:USDT,0.8259,503.8,0.826,53.3,0.826,3064110.5,
1753504582284,04:36:22.284,bitget,ADA/USDT:USDT,0.826,975.0,0.8261,53158.0,0.8259,277423360.0,222169756.1056
1753504582397,04:36:22.397,bybit,ADA/USDT:USDT,0.826,1531.0,0.8261,10251.0,0.826,456970020.0,365431556.7526
1753504582497,04:36:22.497,bybit,ADA/USDT:USDT,0.826,1531.0,0.8261,11933.0,0.826,456970020.0,365431556.7526
1753504582491,04:36:22.491,okx,ADA/USDT:USDT,0.8259,479.9,0.826,62.0,0.8259,3064110.6,
1753504582597,04:36:22.597,bybit,ADA/USDT:USDT,0.826,1531.0,0.8261,11958.0,0.826,456970020.0,365431556.7526
1753504582607,04:36:22.607,bitget,ADA/USDT:USDT,0.826,20286.0,0.8261,80362.0,0.8259,277423360.0,222169756.1056
1753504582698,04:36:22.698,bybit,ADA/USDT:USDT,0.826,488.0,0.8261,12002.0,0.826,456970020.0,365431556.7526
1753504582705,04:36:22.705,okx,ADA/USDT:USDT,0.8259,295.6,0.826,89.7,0.8259,3064110.6,
1753504582825,04:36:22.825,okx,ADA/USDT:USDT,0.8259,289.7,0.826,89.7,0.8259,3064110.6,
1753504582879,04:36:22.879,gateio,ADA/USDT:USDT,,,,,0.8255,106526840.0,87937906.0
1753504582897,04:36:22.897,bybit,ADA/USDT:USDT,0.826,488.0,0.8261,11710.0,0.826,456970020.0,365431556.7526
1753504583017,04:36:23.017,bitget,ADA/USDT:USDT,0.8259,41563.0,0.826,45854.0,0.8259,277423360.0,222169756.1056
1753504583097,04:36:23.097,bybit,ADA/USDT:USDT,0.826,488.0,0.8261,11977.0,0.826,456970020.0,365431556.7526
1753504583105,04:36:23.105,okx,ADA/USDT:USDT,0.8259,409.7,0.826,89.7,0.8259,3064110.6,
1753504583197,04:36:23.197,bybit,ADA/USDT:USDT,0.826,620.0,0.8261,10857.0,0.826,456970020.0,365431556.7526
1753504583210,04:36:23.210,okx,ADA/USDT:USDT,0.8259,409.7,0.826,90.0,0.8259,3064110.6,
1753504583331,04:36:23.331,okx,ADA/USDT:USDT,0.8259,289.7,0.826,109.3,0.8259,3064110.6,
1753504583397,04:36:23.397,bybit,ADA/USDT:USDT,0.826,488.0,0.8261,12042.0,0.826,456970020.0,365431556.7526
1753504583461,04:36:23.461,okx,ADA/USDT:USDT,0.8259,295.8,0.826,132.4,0.8259,3064110.6,
1753504583497,04:36:23.497,bybit,ADA/USDT:USDT,0.826,620.0,0.8261,11215.0,0.826,456970020.0,365431556.7526
1753504583597,04:36:23.597,bybit,ADA/USDT:USDT,0.826,620.0,0.8261,10361.0,0.826,456970020.0,365431556.7526
1753504583592,04:36:23.592,okx,ADA/USDT:USDT,0.8259,356.3,0.826,63.6,0.8259,3064110.6,
1753504583697,04:36:23.697,bybit,ADA/USDT:USDT,0.826,620.0,0.8261,10363.0,0.826,456970020.0,365431556.7526
1753504583699,04:36:23.699,okx,ADA/USDT:USDT,0.8259,379.9,0.826,63.6,0.8259,3064110.6,
1753504583736,04:36:23.736,bitget,ADA/USDT:USDT,0.8259,61622.0,0.826,40110.0,0.8259,277423360.0,222169756.1056
1753504582834,04:36:22.834,binance,ADA/USDT:USDT,,,,,0.8257,851951693.0,681914555.9202
1753504583809,04:36:23.809,okx,ADA/USDT:USDT,0.8259,379.9,0.826,54.9,0.8259,3064110.6,
1753504583910,04:36:23.910,okx,ADA/USDT:USDT,0.8259,357.3,0.826,63.7,0.8259,3064110.6,
1753504583998,04:36:23.998,bybit,ADA/USDT:USDT,0.826,620.0,0.8261,10031.0,0.826,456970020.0,365431556.7526
1753504584021,04:36:24.021,okx,ADA/USDT:USDT,0.8259,477.3,0.826,55.0,0.8259,3064110.6,
1753504584049,04:36:24.049,bitget,ADA/USDT:USDT,0.8259,61622.0,0.826,38049.0,0.8259,277423360.0,222169756.1056
1753504584198,04:36:24.198,bybit,ADA/USDT:USDT,0.826,830.0,0.8261,10323.0,0.826,456970020.0,365431556.7526
1753504584297,04:36:24.297,bybit,ADA/USDT:USDT,0.826,1723.0,0.8261,9881.0,0.826,456970020.0,365431556.7526
1753504584305,04:36:24.305,okx,ADA/USDT:USDT,0.8259,479.7,0.826,57.2,0.8259,3064110.6,
1753504584398,04:36:24.398,bybit,ADA/USDT:USDT,0.826,830.0,0.8261,10042.0,0.826,456970020.0,365431556.7526
1753504584385,04:36:24.385,bitget,ADA/USDT:USDT,0.8259,70122.0,0.826,18549.0,0.8259,277423360.0,222169756.1056
1753504584598,04:36:24.598,bybit,ADA/USDT:USDT,0.826,620.0,0.8261,9900.0,0.826,456970020.0,365431556.7526
1753504584697,04:36:24.697,bybit,ADA/USDT:USDT,0.826,620.0,0.8261,9905.0,0.826,456970020.0,365431556.7526
1753504584759,04:36:24.759,bitget,ADA/USDT:USDT,0.8259,70122.0,0.826,18549.0,0.8259,277423360.0,222169756.1056
1753504584871,04:36:24.871,okx,ADA/USDT:USDT,0.8259,479.7,0.826,57.4,0.8259,3064110.6,
1753504584992,04:36:24.992,okx,ADA/USDT:USDT,0.8259,477.9,0.826,57.5,0.8259,3064111.4,
1753504585097,04:36:25.097,bybit,ADA/USDT:USDT,0.826,620.0,0.8261,9603.0,0.826,456970020.0,365431556.7526
1753504585070,04:36:25.070,bitget,ADA/USDT:USDT,0.8259,61622.0,0.826,18549.0,0.8259,277423360.0,222169756.1056
1753504585110,04:36:25.110,okx,ADA/USDT:USDT,0.8259,477.6,0.826,84.8,0.826,3064111.8,
1753504585197,04:36:25.197,bybit,ADA/USDT:USDT,0.826,763.0,0.8261,7204.0,0.826,456970020.0,365431556.7526
1753504585297,04:36:25.297,bybit,ADA/USDT:USDT,0.826,8382.0,0.8261,3973.0,0.8261,456970111.0,365431631.9277
1753504585331,04:36:25.331,okx,ADA/USDT:USDT,0.8259,517.9,0.8261,124.7,0.826,3064170.0,
1753504585397,04:36:25.397,bybit,ADA/USDT:USDT,0.826,9994.0,0.8261,3617.0,0.8261,456970111.0,365431631.9277
1753504585440,04:36:25.440,bitget,ADA/USDT:USDT,0.826,53162.0,0.8261,1154.0,0.8259,277423360.0,222169756.1056
1753504585453,04:36:25.453,okx,ADA/USDT:USDT,0.826,908.8,0.8261,21.8,0.826,3064174.8,
1753504585497,04:36:25.497,bybit,ADA/USDT:USDT,0.826,8382.0,0.8261,4307.0,0.8261,456970111.0,365431631.9277
1753504585597,04:36:25.597,bybit,ADA/USDT:USDT,0.826,3323.0,0.8261,11886.0,0.8261,456970111.0,365431631.9277
1753504585578,04:36:25.578,okx,ADA/USDT:USDT,0.826,581.2,0.8261,129.7,0.826,3064174.8,
1753504585698,04:36:25.698,bybit,ADA/USDT:USDT,0.826,2096.0,0.8261,6388.0,0.8261,456970111.0,365431631.9277
1753504585709,04:36:25.709,okx,ADA/USDT:USDT,0.826,405.9,0.8261,261.6,0.826,3064174.8,
1753504585285,04:36:25.285,binance,ADA/USDT:USDT,,,,,0.8258,851960257.0,681921627.98
1753504585897,04:36:25.897,bybit,ADA/USDT:USDT,0.826,2096.0,0.8261,5616.0,0.8261,456970111.0,365431631.9277
1753504585880,04:36:25.880,bitget,ADA/USDT:USDT,0.826,29216.0,0.8261,41564.0,0.8259,277423360.0,222169756.1056
1753504585950,04:36:25.950,okx,ADA/USDT:USDT,0.826,525.9,0.8261,381.6,0.826,3064174.8,
1753504586097,04:36:26.097,bybit,ADA/USDT:USDT,0.826,7640.0,0.8261,5616.0,0.8261,456970111.0,365431631.9277
1753504586077,04:36:26.077,okx,ADA/USDT:USDT,0.826,525.9,0.8261,261.6,0.826,3064174.8,
1753504586197,04:36:26.197,bybit,ADA/USDT:USDT,0.826,6833.0,0.8261,5616.0,0.8261,456970111.0,365431631.9277
1753504586205,04:36:26.205,okx,ADA/USDT:USDT,0.826,547.6,0.8261,115.9,0.826,3064174.8,
1753504586297,04:36:26.297,bybit,ADA/USDT:USDT,0.826,6833.0,0.8261,5616.0,0.8261,456970111.0,365431631.9277
1753504586311,04:36:26.311,okx,ADA/USDT:USDT,0.826,525.9,0.8261,115.9,0.826,3064174.8,
1753504586398,04:36:26.398,bybit,ADA/USDT:USDT,0.826,3220.0,0.8261,6690.0,0.8261,456970111.0,365431631.9277
1753504586412,04:36:26.412,okx,ADA/USDT:USDT,0.826,527.3,0.8261,115.9,0.826,3064174.8,
1753504586513,04:36:26.513,okx,ADA/USDT:USDT,0.826,527.2,0.8261,116.4,0.826,3064174.9,
1753504586597,04:36:26.597,bybit,ADA/USDT:USDT,0.826,3220.0,0.8261,7178.0,0.8261,456970111.0,365431631.9277
1753504586632,04:36:26.632,bitget,ADA/USDT:USDT,0.826,25513.0,0.8261,42093.0,0.8259,277423360.0,222169756.1056
1753504586651,04:36:26.651,okx,ADA/USDT:USDT,0.826,526.8,0.8261,116.4,0.826,3064174.9,
1753504586698,04:36:26.698,bybit,ADA/USDT:USDT,0.826,8593.0,0.8261,2887.0,0.8261,456970111.0,365431631.9277
1753504586797,04:36:26.797,bybit,ADA/USDT:USDT,0.826,9398.0,0.8261,1879.0,0.8261,456970111.0,365431631.9277
1753504586773,04:36:26.773,okx,ADA/USDT:USDT,0.826,587.3,0.8261,57.9,0.826,3064174.9,
1753504586897,04:36:26.897,bybit,ADA/USDT:USDT,0.8262,23761.0,0.8263,827.0,0.8262,456972331.0,365433465.9098
1753504586890,04:36:26.890,okx,ADA/USDT:USDT,0.8261,697.9,0.8263,181.6,0.8262,3064202.7,
1753504586998,04:36:26.998,bybit,ADA/USDT:USDT,0.8262,14621.0,0.8263,8211.0,0.8262,456972331.0,365433465.9098
1753504587004,04:36:27.004,okx,ADA/USDT:USDT,0.8262,463.4,0.8263,266.6,0.8262,3064203.0,
1753504587105,04:36:27.105,okx,ADA/USDT:USDT,0.8262,429.8,0.8263,220.2,0.8262,3064203.0,
1753504587197,04:36:27.197,bybit,ADA/USDT:USDT,0.8262,17206.0,0.8263,7349.0,0.8262,456972331.0,365433465.9098
1753504587297,04:36:27.297,bybit,ADA/USDT:USDT,0.8262,10429.0,0.8263,7500.0,0.8262,456972331.0,365433465.9098
1753504587397,04:36:27.397,bybit,ADA/USDT:USDT,0.8262,11666.0,0.8263,12791.0,0.8262,456972331.0,365433465.9098
1753504587465,04:36:27.465,okx,ADA/USDT:USDT,0.8263,118.8,0.8264,504.2,0.8263,3064204.1,
1753504587497,04:36:27.497,bybit,ADA/USDT:USDT,0.8262,6270.0,0.8263,12791.0,0.8262,456972331.0,365433465.9098
1753504587590,04:36:27.590,bitget,ADA/USDT:USDT,0.8262,56268.0,0.8263,2806.0,0.8261,277423360.0,222169756.1056
1753504587604,04:36:27.604,okx,ADA/USDT:USDT,0.8263,16.6,0.8264,504.5,0.8263,3064204.1,
1753504587711,04:36:27.711,okx,ADA/USDT:USDT,0.8263,50.8,0.8264,484.8,0.8263,3064204.1,
1753504586798,04:36:26.798,binance,ADA/USDT:USDT,,,,,0.826,852037788.0,681985666.2238
1753504587815,04:36:27.815,okx,ADA/USDT:USDT,0.8263,42.1,0.8264,505.4,0.8263,3064204.1,
1753504587926,04:36:27.926,okx,ADA/USDT:USDT,0.8263,42.1,0.8264,625.7,0.8263,3064204.1,
1753504588067,04:36:28.067,okx,ADA/USDT:USDT,0.8263,50.8,0.8264,625.4,0.8263,3064204.1,
1753504588197,04:36:28.197,okx,ADA/USDT:USDT,0.8263,50.8,0.8264,606.0,0.8263,3064204.1,
1753504588297,04:36:28.297,bybit,ADA/USDT:USDT,0.8262,5102.0,0.8263,11783.0,0.8262,456972331.0,365433465.9098
1753504588305,04:36:28.305,okx,ADA/USDT:USDT,0.8263,42.1,0.8264,625.3,0.8263,3064204.1,
1753504588358,04:36:28.358,bitget,ADA/USDT:USDT,0.8262,56268.0,0.8263,50613.0,0.8261,277423360.0,222169756.1056
1753504588397,04:36:28.397,bybit,ADA/USDT:USDT,0.8262,5102.0,0.8263,9183.0,0.8262,456972331.0,365433465.9098
1753504588406,04:36:28.406,okx,ADA/USDT:USDT,0.8263,50.8,0.8264,625.4,0.8263,3064204.1,
1753504588613,04:36:28.613,okx,ADA/USDT:USDT,0.8263,77.7,0.8264,625.4,0.8263,3064204.1,
1753504588717,04:36:28.717,bitget,ADA/USDT:USDT,0.8262,56268.0,0.8263,25113.0,0.8261,277426066.0,222171991.5322
1753504588764,04:36:28.764,okx,ADA/USDT:USDT,0.8263,77.7,0.8264,545.8,0.8263,3064204.1,
1753504588865,04:36:28.865,okx,ADA/USDT:USDT,0.8263,50.8,0.8264,626.4,0.8263,3064204.1,
1753504588973,04:36:28.973,okx,ADA/USDT:USDT,0.8263,50.8,0.8264,626.1,0.8263,3064204.1,
1753504589037,04:36:29.037,bitget,ADA/USDT:USDT,0.8262,56268.0,0.8263,25113.0,0.8261,277426066.0,222171991.5322
1753504589098,04:36:29.098,bybit,ADA/USDT:USDT,0.8262,4555.0,0.8263,9183.0,0.8262,456972331.0,365433465.9098
1753504589093,04:36:29.093,okx,ADA/USDT:USDT,0.8263,50.8,0.8264,606.7,0.8263,3064204.1,
1753504589198,04:36:29.198,bybit,ADA/USDT:USDT,0.8262,4555.0,0.8263,9430.0,0.8262,456972331.0,365433465.9098
1753504589205,04:36:29.205,okx,ADA/USDT:USDT,0.8263,42.1,0.8264,627.1,0.8263,3064204.1,
1753504589306,04:36:29.306,okx,ADA/USDT:USDT,0.8263,50.8,0.8264,627.6,0.8263,3064204.1,
1753504589368,04:36:29.368,bitget,ADA/USDT:USDT,0.8262,56268.0,0.8263,47613.0,0.8261,277426066.0,222171991.5322
1753504589411,04:36:29.411,okx,ADA/USDT:USDT,0.8263,42.1,0.8264,627.6,0.8263,3064204.1,
1753504589497,04:36:29.497,bybit,ADA/USDT:USDT,0.8262,4555.0,0.8263,10456.0,0.8262,456331434.0,364916184.9209
1753504589698,04:36:29.698,bybit,ADA/USDT:USDT,0.8262,4555.0,0.8263,9448.0,0.8262,456331434.0,364916184.9209
1753504589685,04:36:29.685,bitget,ADA/USDT:USDT,0.8262,56268.0,0.8263,47613.0,0.8261,277426066.0,222171991.5322
1753504589031,04:36:29.031,binance,ADA/USDT:USDT,,,,,0.826,852037927.0,681985781.0378
1753504589897,04:36:29.897,bybit,ADA/USDT:USDT,0.8262,4555.0,0.8263,10456.0,0.8262,456331434.0,364916184.9209
1753504590010,04:36:30.010,okx,ADA/USDT:USDT,0.8263,42.1,0.8264,627.9,0.8263,3064204.1,
1753504590051,04:36:30.051,bitget,ADA/USDT:USDT,0.8262,56268.0,0.8263,47613.0,0.8261,277426066.0,222171991.5322
1753504590120,04:36:30.120,okx,ADA/USDT:USDT,0.8263,42.1,0.8264,628.2,0.8263,3064204.1,
1753504590197,04:36:30.197,bybit,ADA/USDT:USDT,0.8262,4555.0,0.8263,10456.0,0.8262,456331434.0,364916184.9209
1753504590375,04:36:30.375,okx,ADA/USDT:USDT,0.8263,42.1,0.8264,627.9,0.8263,3064204.1,
1753504590414,04:36:30.414,bitget,ADA/USDT:USDT,0.8262,55427.0,0.8263,47613.0,0.8261,277426066.0,222171991.5322
1753504590510,04:36:30.510,okx,ADA/USDT:USDT,0.8263,69.7,0.8264,627.9,0.8263,3064204.1,
1753504590597,04:36:30.597,bybit,ADA/USDT:USDT,0.8262,10676.0,0.8263,5581.0,0.8262,456331434.0,364916184.9209
1753504590614,04:36:30.614,okx,ADA/USDT:USDT,0.8263,125.3,0.8264,428.6,0.8263,3064204.1,
1753504590753,04:36:30.753,bitget,ADA/USDT:USDT,0.8262,55427.0,0.8263,47613.0,0.8261,277426066.0,222171991.5322
1753504590797,04:36:30.797,bybit,ADA/USDT:USDT,0.8262,9887.0,0.8263,4415.0,0.8262,456331434.0,364916184.9209
1753504590821,04:36:30.821,okx,ADA/USDT:USDT,0.8263,125.3,0.8264,362.4,0.8263,3064204.1,
1753504590898,04:36:30.898,bybit,ADA/USDT:USDT,0.8262,11464.0,0.8263,4415.0,0.8262,456331434.0,364916184.9209
1753504590942,04:36:30.942,okx,ADA/USDT:USDT,0.8263,125.3,0.8264,477.4,0.8263,3064204.1,
1753504591069,04:36:31.069,bitget,ADA/USDT:USDT,0.8263,1774.0,0.8264,64215.0,0.8261,277426066.0,222171991.5322
1753504591198,04:36:31.198,bybit,ADA/USDT:USDT,0.8262,9887.0,0.8263,4422.0,0.8262,456331434.0,364916184.9209
1753504591305,04:36:31.305,okx,ADA/USDT:USDT,0.8263,125.2,0.8264,477.4,0.8263,3064204.1,
1753504591497,04:36:31.497,bybit,ADA/USDT:USDT,0.8262,10676.0,0.8263,4422.0,0.8262,456331434.0,364916184.9209
1753504591598,04:36:31.598,bybit,ADA/USDT:USDT,0.8262,9887.0,0.8263,4422.0,0.8262,456331434.0,364916184.9209
1753504591610,04:36:31.610,okx,ADA/USDT:USDT,0.8263,125.2,0.8264,477.5,0.8263,3064204.1,
1753504591697,04:36:31.697,bybit,ADA/USDT:USDT,0.8262,9887.0,0.8263,4765.0,0.8262,456331434.0,364916184.9209
1753504591744,04:36:31.744,bitget,ADA/USDT:USDT,0.8263,11494.0,0.8264,40699.0,0.8261,277426066.0,222171991.5322
1753504591797,04:36:31.797,bybit,ADA/USDT:USDT,0.8262,10676.0,0.8263,4765.0,0.8262,456331434.0,364916184.9209
1753504591827,04:36:31.827,okx,ADA/USDT:USDT,0.8263,190.0,0.8264,280.7,0.8263,3064204.1,
1753504591897,04:36:31.897,bybit,ADA/USDT:USDT,0.8262,11464.0,0.8263,637.0,0.8262,456331434.0,364916184.9209
1753504591966,04:36:31.966,okx,ADA/USDT:USDT,0.8263,351.2,0.8264,120.9,0.8263,3064204.1,
1753504592097,04:36:32.097,bybit,ADA/USDT:USDT,0.8262,11464.0,0.8263,697.0,0.8262,456331434.0,364916184.9209
1753504592102,04:36:32.102,okx,ADA/USDT:USDT,0.8263,138.5,0.8264,82.4,0.8263,3064204.1,
1753504592172,04:36:32.172,bitget,ADA/USDT:USDT,0.8263,14650.0,0.8264,39886.0,0.8261,277423360.0,222169756.1056
1753504592207,04:36:32.207,okx,ADA/USDT:USDT,0.8263,214.4,0.8264,99.0,0.8263,3064204.1,
1753504592297,04:36:32.297,bybit,ADA/USDT:USDT,0.8262,11464.0,0.8263,697.0,0.8262,456331434.0,364916184.9209
1753504592314,04:36:32.314,okx,ADA/USDT:USDT,0.8263,154.1,0.8264,81.4,0.8263,3064204.1,
1753504592397,04:36:32.397,bybit,ADA/USDT:USDT,0.8263,19846.0,0.8264,907.0,0.8263,456332131.0,364916760.852
1753504592421,04:36:32.421,okx,ADA/USDT:USDT,0.8263,263.1,0.8264,61.4,0.8263,3064204.1,
1753504592497,04:36:32.497,bybit,ADA/USDT:USDT,0.8263,6614.0,0.8264,16292.0,0.8263,456332131.0,364916760.852
1753504592498,04:36:32.498,binance,ADA/USDT:USDT,,,,,0.8261,852037935.0,681985787.6466
1753504592597,04:36:32.597,bybit,ADA/USDT:USDT,0.8263,13401.0,0.8264,14.0,0.8263,456332131.0,364916760.852
1753504592625,04:36:32.625,okx,ADA/USDT:USDT,0.8263,447.6,0.8264,6.6,0.8263,3064204.1,
1753504592697,04:36:32.697,bybit,ADA/USDT:USDT,0.8263,14853.0,0.8264,14.0,0.8263,456332131.0,364916760.852
1753504592728,04:36:32.728,okx,ADA/USDT:USDT,0.8265,371.0,0.8266,383.7,0.8265,3064213.6,
1753504592797,04:36:32.797,bybit,ADA/USDT:USDT,0.8265,5044.0,0.8266,15363.0,0.8265,456332167.0,364916790.6046
1753504592783,04:36:32.783,bitget,ADA/USDT:USDT,0.8265,30599.0,0.8266,819.0,0.8261,277426066.0,222171991.5322
1753504592838,04:36:32.838,okx,ADA/USDT:USDT,0.8265,45.4,0.8266,465.5,0.8265,3064213.6,
1753504592897,04:36:32.897,bybit,ADA/USDT:USDT,0.8265,7191.0,0.8266,10870.0,0.8265,456332167.0,364916790.6046
1753504592922,04:36:32.922,gateio,ADA/USDT:USDT,,,,,0.8259,106528260.0,87981688.0
1753504592945,04:36:32.945,okx,ADA/USDT:USDT,0.8265,274.7,0.8266,396.9,0.8265,3064213.6,
1753504592997,04:36:32.997,bybit,ADA/USDT:USDT,0.8265,12388.0,0.8266,1037.0,0.8265,456332167.0,364916790.6046
1753504593048,04:36:33.048,okx,ADA/USDT:USDT,0.8265,274.9,0.8266,348.4,0.8265,3064213.6,
1753504593147,04:36:33.147,okx,ADA/USDT:USDT,0.8265,286.1,0.8266,348.4,0.8265,3064213.6,
1753504593197,04:36:33.197,bybit,ADA/USDT:USDT,0.8265,12388.0,0.8266,29.0,0.8265,456332167.0,364916790.6046
1753504593177,04:36:33.177,bitget,ADA/USDT:USDT,0.8265,53557.0,0.8266,21223.0,0.8261,277426066.0,222171991.5322
1753504593264,04:36:33.264,okx,ADA/USDT:USDT,0.8265,301.0,0.8266,348.2,0.8265,3064213.6,
1753504593298,04:36:33.298,bybit,ADA/USDT:USDT,0.8265,12388.0,0.8266,905.0,0.8265,456332167.0,364916790.6046
1753504593497,04:36:33.497,bybit,ADA/USDT:USDT,0.8265,17888.0,0.8266,905.0,0.8265,456332167.0,364916790.6046
1753504593491,04:36:33.491,okx,ADA/USDT:USDT,0.8265,361.5,0.8266,337.9,0.8265,3064213.6,
1753504593529,04:36:33.529,bitget,ADA/USDT:USDT,0.8265,53557.0,0.8266,21223.0,0.8261,277426066.0,222171991.5322
1753504593597,04:36:33.597,bybit,ADA/USDT:USDT,0.8265,8317.0,0.8266,4084.0,0.8265,456332167.0,364916790.6046
1753504593592,04:36:33.592,okx,ADA/USDT:USDT,0.8265,361.5,0.8266,327.6,0.8265,3064213.6,
1753504593697,04:36:33.697,bybit,ADA/USDT:USDT,0.8265,8317.0,0.8266,1393.0,0.8265,456332167.0,364916790.6046
1753504593711,04:36:33.711,okx,ADA/USDT:USDT,0.8265,257.3,0.8266,357.1,0.8265,3064213.6,
1753504593812,04:36:33.812,okx,ADA/USDT:USDT,0.8265,257.3,0.8266,350.4,0.8265,3064213.6,
1753504593849,04:36:33.849,bitget,ADA/USDT:USDT,0.8265,28057.0,0.8266,16508.0,0.8261,277426066.0,222171991.5322
1753504594041,04:36:34.041,okx,ADA/USDT:USDT,0.8265,406.1,0.8266,327.5,0.8265,3064213.6,
1753504594197,04:36:34.197,bybit,ADA/USDT:USDT,0.8265,9788.0,0.8266,22.0,0.8265,456332167.0,364916790.6046
1753504594173,04:36:34.173,bitget,ADA/USDT:USDT,0.8265,71330.0,0.8266,20809.0,0.8261,277426066.0,222171991.5322
1753504594310,04:36:34.310,okx,ADA/USDT:USDT,0.8265,467.6,0.8266,327.5,0.8265,3064213.6,
1753504594398,04:36:34.398,bybit,ADA/USDT:USDT,0.8265,9052.0,0.8266,22.0,0.8265,456332167.0,364916790.6046
1753504594463,04:36:34.463,okx,ADA/USDT:USDT,0.8265,467.6,0.8266,332.2,0.8265,3064213.6,
1753504594498,04:36:34.498,bybit,ADA/USDT:USDT,0.8265,8317.0,0.8266,898.0,0.8265,456332167.0,364916790.6046
1753504594312,04:36:34.312,binance,ADA/USDT:USDT,,,,,0.8264,852061401.0,682005176.7119
1753504594573,04:36:34.573,bitget,ADA/USDT:USDT,0.8265,71330.0,0.8266,16508.0,0.8261,277426066.0,222171991.5322
1753504594596,04:36:34.596,okx,ADA/USDT:USDT,0.8265,438.8,0.8266,341.2,0.8265,3064213.6,
1753504594706,04:36:34.706,okx,ADA/USDT:USDT,0.8265,377.3,0.8266,361.8,0.8265,3064213.6,
1753504594899,04:36:34.899,gateio,ADA/USDT:USDT,,,,,0.8259,106528260.0,87981688.0
1753504594914,04:36:34.914,okx,ADA/USDT:USDT,0.8265,377.3,0.8266,362.1,0.8265,3064213.6,
1753504594925,04:36:34.925,bitget,ADA/USDT:USDT,0.8265,71330.0,0.8266,16508.0,0.8261,277426066.0,222171991.5322
1753504594997,04:36:34.997,bybit,ADA/USDT:USDT,0.8265,8317.0,0.8266,908.0,0.8265,456332167.0,364916790.6046
1753504595197,04:36:35.197,bybit,ADA/USDT:USDT,0.8265,8317.0,0.8266,4087.0,0.8265,456332167.0,364916790.6046
1753504595168,04:36:35.168,okx,ADA/USDT:USDT,0.8265,270.1,0.8266,362.1,0.8265,3064213.6,
1753504595297,04:36:35.297,bybit,ADA/USDT:USDT,0.8265,6917.0,0.8266,4087.0,0.8265,456332167.0,364916790.6046
1753504595278,04:36:35.278,okx,ADA/USDT:USDT,0.8265,258.8,0.8266,361.2,0.8265,3064213.6,
1753504595398,04:36:35.398,bybit,ADA/USDT:USDT,0.8265,6917.0,0.8266,12187.0,0.8265,456332167.0,364916790.6046
1753504595497,04:36:35.497,bybit,ADA/USDT:USDT,0.8265,8828.0,0.8266,1396.0,0.8265,456332167.0,364916790.6046
1753504595513,04:36:35.513,okx,ADA/USDT:USDT,0.8265,310.0,0.8266,363.3,0.8265,3064213.6,
1753504595620,04:36:35.620,okx,ADA/USDT:USDT,0.8265,320.8,0.8266,354.6,0.8265,3064213.6,
1753504595697,04:36:35.697,bybit,ADA/USDT:USDT,0.8265,8828.0,0.8266,1411.0,0.8265,456332167.0,364916790.6046
1753504595683,04:36:35.683,bitget,ADA/USDT:USDT,0.8265,49330.0,0.8266,25356.0,0.8261,277426066.0,222171991.5322
1753504595797,04:36:35.797,bybit,ADA/USDT:USDT,0.8265,10064.0,0.8266,47.0,0.8265,456332167.0,364916790.6046
1753504595909,04:36:35.909,okx,ADA/USDT:USDT,0.8265,502.3,0.8266,331.9,0.8265,3064213.6,
1753504595997,04:36:35.997,bybit,ADA/USDT:USDT,0.8265,9329.0,0.8266,47.0,0.8265,456332167.0,364916790.6046
1753504596011,04:36:36.011,okx,ADA/USDT:USDT,0.8265,293.0,0.8266,357.2,0.8265,3064213.6,
1753504596097,04:36:36.097,bybit,ADA/USDT:USDT,0.8265,9329.0,0.8266,1055.0,0.8265,456332167.0,364916790.6046
1753504596197,04:36:36.197,bybit,ADA/USDT:USDT,0.8265,9329.0,0.8266,1055.0,0.8265,456332167.0,364916790.6046
1753504596220,04:36:36.220,okx,ADA/USDT:USDT,0.8265,314.3,0.8266,359.3,0.8265,3064213.6,
1753504596327,04:36:36.327,okx,ADA/USDT:USDT,0.8265,302.5,0.8266,359.3,0.8265,3064213.6,
1753504596397,04:36:36.397,bybit,ADA/USDT:USDT,0.8265,9329.0,0.8266,6055.0,0.8265,456332167.0,364916790.6046
1753504596433,04:36:36.433,okx,ADA/USDT:USDT,0.8265,332.3,0.8266,350.6,0.8265,3064213.6,
1753504595886,04:36:35.886,binance,ADA/USDT:USDT,,,,,0.8263,852061624.0,682005360.9979
1753504596541,04:36:36.541,okx,ADA/USDT:USDT,0.8265,303.9,0.8266,350.6,0.8265,3064213.6,
1753504596642,04:36:36.642,okx,ADA/USDT:USDT,0.8265,293.1,0.8266,359.6,0.8265,3064213.6,
1753504596649,04:36:36.649,bitget,ADA/USDT:USDT,0.8265,45830.0,0.8266,32090.0,0.8261,277426066.0,222171991.5322
1753504596797,04:36:36.797,bybit,ADA/USDT:USDT,0.8265,9329.0,0.8266,1055.0,0.8265,456332167.0,364916790.6046
1753504596905,04:36:36.905,okx,ADA/USDT:USDT,0.8265,413.1,0.8266,359.6,0.8265,3064213.6,
1753504596997,04:36:36.997,bybit,ADA/USDT:USDT,0.8265,9329.0,0.8266,47.0,0.8265,456332167.0,364916790.6046
1753504597011,04:36:37.011,okx,ADA/USDT:USDT,0.8265,485.6,0.8266,332.5,0.8265,3064213.6,
1753504597097,04:36:37.097,bybit,ADA/USDT:USDT,0.8265,9329.0,0.8266,47.0,0.8265,456332167.0,364916790.6046
1753504597120,04:36:37.120,okx,ADA/USDT:USDT,0.8265,443.1,0.8266,332.5,0.8265,3064213.6,
1753504597259,04:36:37.259,okx,ADA/USDT:USDT,0.8265,441.6,0.8266,337.3,0.8265,3064213.6,
1753504597297,04:36:37.297,bybit,ADA/USDT:USDT,0.8265,9314.0,0.8266,57.0,0.8265,456332167.0,364916790.6046
1753504597367,04:36:37.367,okx,ADA/USDT:USDT,0.8265,412.8,0.8266,337.3,0.8265,3064213.6,
1753504597387,04:36:37.387,bitget,ADA/USDT:USDT,0.8265,45830.0,0.8266,31509.0,0.8261,277426066.0,222171991.5322
1753504597498,04:36:37.498,bybit,ADA/USDT:USDT,0.8265,9314.0,0.8266,933.0,0.8265,456332167.0,364916790.6046
1753504597507,04:36:37.507,okx,ADA/USDT:USDT,0.8265,441.5,0.8266,337.3,0.8265,3064213.6,
1753504597613,04:36:37.613,okx,ADA/USDT:USDT,0.8265,435.5,0.8266,337.3,0.8265,3064219.6,
1753504597748,04:36:37.748,bitget,ADA/USDT:USDT,0.8265,45830.0,0.8266,31509.0,0.8261,277426066.0,222171991.5322
1753504597797,04:36:37.797,bybit,ADA/USDT:USDT,0.8265,9314.0,0.8266,57.0,0.8265,456332167.0,364916790.6046
1753504597767,04:36:37.767,okx,ADA/USDT:USDT,0.8265,494.8,0.8266,337.3,0.8265,3064219.6,
1753504598057,04:36:38.057,bitget,ADA/USDT:USDT,0.8265,57830.0,0.8266,31509.0,0.8261,277426066.0,222171991.5322
1753504598098,04:36:38.098,bybit,ADA/USDT:USDT,0.8265,10050.0,0.8266,57.0,0.8265,456332167.0,364916790.6046
1753504598197,04:36:38.197,bybit,ADA/USDT:USDT,0.8265,9314.0,0.8266,57.0,0.8265,456332167.0,364916790.6046
1753504598415,04:36:38.415,okx,ADA/USDT:USDT,0.8265,496.0,0.8266,337.4,0.8265,3064219.6,
1753504597369,04:36:37.369,binance,ADA/USDT:USDT,,,,,0.8264,852061637.0,682005371.7411
1753504598523,04:36:38.523,bitget,ADA/USDT:USDT,0.8265,57830.0,0.8266,30339.0,0.8261,277426066.0,222171991.5322
1753504598633,04:36:38.633,okx,ADA/USDT:USDT,0.8265,477.9,0.8266,337.7,0.8265,3064219.6,
1753504598745,04:36:38.745,okx,ADA/USDT:USDT,0.8265,495.9,0.8266,337.7,0.8265,3064219.6,
1753504598797,04:36:38.797,bybit,ADA/USDT:USDT,0.8266,33101.0,0.8267,329.0,0.8266,456332224.0,364916837.7208
1753504598897,04:36:38.897,bybit,ADA/USDT:USDT,0.8266,22051.0,0.8267,5480.0,0.8266,456332224.0,364916837.7208
1753504598899,04:36:38.899,okx,ADA/USDT:USDT,0.8265,534.2,0.8266,338.0,0.8265,3064219.6,
1753504598997,04:36:38.997,bybit,ADA/USDT:USDT,0.8266,18131.0,0.8267,5480.0,0.8266,456332224.0,364916837.7208
1753504599010,04:36:39.010,okx,ADA/USDT:USDT,0.8265,505.4,0.8266,338.0,0.8265,3064219.6,
1753504599098,04:36:39.098,bybit,ADA/USDT:USDT,0.8266,18131.0,0.8267,8261.0,0.8266,456332224.0,364916837.7208
1753504599116,04:36:39.116,okx,ADA/USDT:USDT,0.8265,532.8,0.8266,338.0,0.8265,3064219.6,
1753504599216,04:36:39.216,okx,ADA/USDT:USDT,0.8265,543.6,0.8266,347.5,0.8265,3064219.6,
1753504599297,04:36:39.297,bybit,ADA/USDT:USDT,0.8266,18131.0,0.8267,1429.0,0.8266,456332224.0,364916837.7208
1753504599317,04:36:39.317,okx,ADA/USDT:USDT,0.8265,546.0,0.8266,347.5,0.8265,3064219.6,
1753504599327,04:36:39.327,bitget,ADA/USDT:USDT,0.8265,57830.0,0.8266,30339.0,0.8261,277426066.0,222171991.5322
1753504599429,04:36:39.429,okx,ADA/USDT:USDT,0.8265,546.0,0.8266,348.3,0.8265,3064219.6,
1753504599497,04:36:39.497,bybit,ADA/USDT:USDT,0.8266,8072.0,0.8267,5312.0,0.8266,456332224.0,364916837.7208
1753504599558,04:36:39.558,okx,ADA/USDT:USDT,0.8265,485.5,0.8266,354.9,0.8265,3064219.6,
1753504599597,04:36:39.597,bybit,ADA/USDT:USDT,0.8266,9562.0,0.8267,9346.0,0.8266,456332224.0,364916837.7208
1753504599697,04:36:39.697,bybit,ADA/USDT:USDT,0.8266,9562.0,0.8267,5218.0,0.8266,456332224.0,364916837.7208
1753504599669,04:36:39.669,okx,ADA/USDT:USDT,0.8265,456.7,0.8266,348.3,0.8265,3064219.6,
1753504599772,04:36:39.772,okx,ADA/USDT:USDT,0.8265,546.0,0.8266,349.3,0.8265,3064219.6,
1753504599775,04:36:39.775,bitget,ADA/USDT:USDT,0.8266,43908.0,0.8267,41393.0,0.8261,277426066.0,222171991.5322
1753504599883,04:36:39.883,gateio,ADA/USDT:USDT,,,,,0.8259,106528260.0,87981688.0
1753504599898,04:36:39.898,bybit,ADA/USDT:USDT,0.8266,9562.0,0.8267,10534.0,0.8266,456332224.0,364916837.7208
1753504599997,04:36:39.997,bybit,ADA/USDT:USDT,0.8266,8837.0,0.8267,11252.0,0.8266,456332224.0,364916837.7208
1753504600114,04:36:40.114,okx,ADA/USDT:USDT,0.8265,517.2,0.8266,350.0,0.8265,3064219.6,
1753504600197,04:36:40.197,bybit,ADA/USDT:USDT,0.8266,8837.0,0.8267,9934.0,0.8266,456332224.0,364916837.7208
1753504600199,04:36:40.199,bitget,ADA/USDT:USDT,0.8266,43908.0,0.8267,49393.0,0.8261,277426066.0,222171991.5322
1753504600297,04:36:40.297,bybit,ADA/USDT:USDT,0.8265,3701.0,0.8266,22145.0,0.8266,456333019.0,364917494.8678
1753504600322,04:36:40.322,okx,ADA/USDT:USDT,0.8265,297.6,0.8266,426.8,0.8265,3064219.6,
1753504600398,04:36:40.398,bybit,ADA/USDT:USDT,0.8265,5738.0,0.8266,21025.0,0.8266,456333019.0,364917494.8678
1753504600440,04:36:40.440,okx,ADA/USDT:USDT,0.8265,278.2,0.8266,426.8,0.8265,3064219.6,
1753504600498,04:36:40.498,bybit,ADA/USDT:USDT,0.8265,5914.0,0.8266,21025.0,0.8266,456333019.0,364917494.8678
1753504600506,04:36:40.506,binance,ADA/USDT:USDT,,,,,0.8264,852074720.0,682016183.5323
1753504600597,04:36:40.597,bybit,ADA/USDT:USDT,0.8265,1163.0,0.8266,23450.0,0.8266,456333019.0,364917494.8678
1753504600595,04:36:40.595,okx,ADA/USDT:USDT,0.8265,272.1,0.8266,426.8,0.8265,3064219.6,
1753504600697,04:36:40.697,bybit,ADA/USDT:USDT,0.8265,2984.0,0.8266,22433.0,0.8266,456333019.0,364917494.8678
1753504600708,04:36:40.708,okx,ADA/USDT:USDT,0.8265,189.2,0.8266,488.7,0.8265,3064219.6,
1753504600797,04:36:40.797,bybit,ADA/USDT:USDT,0.8265,7088.0,0.8266,16059.0,0.8265,456333287.0,364917716.3698
1753504600811,04:36:40.811,okx,ADA/USDT:USDT,0.8265,324.1,0.8266,427.5,0.8265,3064219.6,
1753504600897,04:36:40.897,bybit,ADA/USDT:USDT,0.8265,7088.0,0.8266,16059.0,0.8265,456333287.0,364917716.3698
1753504600900,04:36:40.900,bitget,ADA/USDT:USDT,0.8264,50143.0,0.8265,3902.0,0.8266,277426066.0,222171991.5322
1753504600913,04:36:40.913,okx,ADA/USDT:USDT,0.8265,306.1,0.8266,427.5,0.8265,3064219.6,
1753504601066,04:36:41.066,okx,ADA/USDT:USDT,0.8265,324.1,0.8266,427.5,0.8265,3064219.6,
1753504601191,04:36:41.191,okx,ADA/USDT:USDT,0.8265,306.1,0.8266,427.8,0.8265,3064219.6,
1753504601297,04:36:41.297,bybit,ADA/USDT:USDT,0.8265,7088.0,0.8266,14897.0,0.8265,456333287.0,364917716.3698
1753504601303,04:36:41.303,okx,ADA/USDT:USDT,0.8265,371.0,0.8266,427.8,0.8265,3064219.6,
1753504601304,04:36:41.304,bitget,ADA/USDT:USDT,0.8264,94617.0,0.8265,1599.0,0.8266,277426066.0,222171991.5322
1753504601397,04:36:41.397,bybit,ADA/USDT:USDT,0.8265,12588.0,0.8266,9176.0,0.8265,456333287.0,364917716.3698
1753504601405,04:36:41.405,okx,ADA/USDT:USDT,0.8265,353.0,0.8266,427.8,0.8265,3064219.6,
1753504601498,04:36:41.498,bybit,ADA/USDT:USDT,0.8265,12588.0,0.8266,12765.0,0.8265,456333287.0,364917716.3698
1753504601597,04:36:41.597,bybit,ADA/USDT:USDT,0.8265,7088.0,0.8266,10175.0,0.8265,456333287.0,364917716.3698
1753504601617,04:36:41.617,bitget,ADA/USDT:USDT,0.8264,94617.0,0.8265,1599.0,0.8266,277430556.0,222175702.9662
1753504601623,04:36:41.623,okx,ADA/USDT:USDT,0.8265,371.0,0.8266,427.8,0.8265,3064219.6,
1753504601748,04:36:41.748,okx,ADA/USDT:USDT,0.8265,381.8,0.8266,427.8,0.8265,3064219.6,
1753504601797,04:36:41.797,bybit,ADA/USDT:USDT,0.8265,9877.0,0.8266,1487.0,0.8265,456333287.0,364917716.3698
1753504601863,04:36:41.863,okx,ADA/USDT:USDT,0.8265,381.8,0.8266,419.1,0.8265,3064219.6,
1753504601898,04:36:41.898,bybit,ADA/USDT:USDT,0.8265,9877.0,0.8266,999.0,0.8265,456333287.0,364917716.3698
1753504601934,04:36:41.934,bitget,ADA/USDT:USDT,0.8265,55447.0,0.8266,51499.0,0.8266,277430556.0,222175702.9662
1753504601997,04:36:41.997,bybit,ADA/USDT:USDT,0.8265,9183.0,0.8266,999.0,0.8265,456333287.0,364917716.3698
1753504602105,04:36:42.105,okx,ADA/USDT:USDT,0.8265,382.8,0.8266,392.2,0.8265,3064219.6,
1753504602197,04:36:42.197,bybit,ADA/USDT:USDT,0.8265,9877.0,0.8266,999.0,0.8265,456333287.0,364917716.3698
1753504602297,04:36:42.297,bybit,ADA/USDT:USDT,0.8265,32798.0,0.8266,3680.0,0.8265,456333287.0,364917716.3698
1753504602266,04:36:42.266,bitget,ADA/USDT:USDT,0.8265,55447.0,0.8266,51499.0,0.8266,277430556.0,222175702.9662
1753504602318,04:36:42.318,okx,ADA/USDT:USDT,0.8265,402.8,0.8266,371.9,0.8265,3064219.6,
1753504602397,04:36:42.397,bybit,ADA/USDT:USDT,0.8265,15377.0,0.8266,989.0,0.8265,456333287.0,364917716.3698
1753504602498,04:36:42.498,bybit,ADA/USDT:USDT,0.8265,14682.0,0.8266,989.0,0.8265,456333287.0,364917716.3698
1753504601666,04:36:41.666,binance,ADA/USDT:USDT,,,,,0.8264,852074811.0,682016258.7347
1753504602597,04:36:42.597,bybit,ADA/USDT:USDT,0.8265,13988.0,0.8266,989.0,0.8265,456333287.0,364917716.3698
1753504602577,04:36:42.577,bitget,ADA/USDT:USDT,0.8265,55447.0,0.8266,51499.0,0.8266,277430556.0,222175702.9662
1753504602602,04:36:42.602,okx,ADA/USDT:USDT,0.8265,373.0,0.8266,371.9,0.8265,3064219.6,
1753504602697,04:36:42.697,bybit,ADA/USDT:USDT,0.8265,12588.0,0.8266,4168.0,0.8265,456333287.0,364917716.3698
1753504602707,04:36:42.707,okx,ADA/USDT:USDT,0.8265,373.0,0.8266,420.3,0.8265,3064219.6,
1753504602890,04:36:42.890,bitget,ADA/USDT:USDT,0.8265,55447.0,0.8266,51499.0,0.8266,277430556.0,222175702.9662
1753504602998,04:36:42.998,bybit,ADA/USDT:USDT,0.8265,12587.0,0.8266,4168.0,0.8265,456333287.0,364917716.3698
1753504603098,04:36:43.098,bybit,ADA/USDT:USDT,0.8265,12587.0,0.8266,4204.0,0.8265,456333287.0,364917716.3698
1753504603164,04:36:43.164,okx,ADA/USDT:USDT,0.8265,373.0,0.8266,402.0,0.8265,3064219.6,
1753504603213,04:36:43.213,bitget,ADA/USDT:USDT,0.8265,55447.0,0.8266,51499.0,0.8266,277430556.0,222175702.9662
1753504603297,04:36:43.297,bybit,ADA/USDT:USDT,0.8265,12587.0,0.8266,1513.0,0.8265,456333287.0,364917716.3698
1753504603399,04:36:43.399,okx,ADA/USDT:USDT,0.8265,383.5,0.8266,396.1,0.8265,3064219.9,
1753504603510,04:36:43.510,okx,ADA/USDT:USDT,0.8265,372.7,0.8266,402.7,0.8265,3064219.9,
1753504603548,04:36:43.548,bitget,ADA/USDT:USDT,0.8265,55447.0,0.8266,25999.0,0.8266,277430556.0,222175702.9662
1753504603598,04:36:43.598,bybit,ADA/USDT:USDT,0.8265,12587.0,0.8266,1598.0,0.8265,456333287.0,364917716.3698
1753504603611,04:36:43.611,okx,ADA/USDT:USDT,0.8265,372.7,0.8266,396.1,0.8265,3064219.9,
1753504603717,04:36:43.717,okx,ADA/USDT:USDT,0.8265,372.7,0.8266,376.1,0.8265,3064219.9,
1753504603818,04:36:43.818,okx,ADA/USDT:USDT,0.8265,383.4,0.8266,376.1,0.8265,3064219.9,
1753504603898,04:36:43.898,bybit,ADA/USDT:USDT,0.8265,12587.0,0.8266,1074.0,0.8265,456333287.0,364917716.3698
1753504603886,04:36:43.886,bitget,ADA/USDT:USDT,0.8265,55447.0,0.8266,25999.0,0.8266,277430556.0,222175702.9662
1753504603997,04:36:43.997,bybit,ADA/USDT:USDT,0.8265,12587.0,0.8266,1109.0,0.8265,456333287.0,364917716.3698
1753504604197,04:36:44.197,bybit,ADA/USDT:USDT,0.8265,7087.0,0.8266,8177.0,0.8265,456333287.0,364917716.3698
1753504604195,04:36:44.195,bitget,ADA/USDT:USDT,0.8265,71947.0,0.8266,25999.0,0.8266,277430556.0,222175702.9662
1753504604204,04:36:44.204,okx,ADA/USDT:USDT,0.8265,288.2,0.8266,440.3,0.8265,3064219.9,
1753504604297,04:36:44.297,bybit,ADA/USDT:USDT,0.8265,5416.0,0.8266,16710.0,0.8266,456333346.0,364917765.1392
1753504604307,04:36:44.307,okx,ADA/USDT:USDT,0.8265,288.2,0.8266,429.6,0.8265,3064219.9,
1753504604397,04:36:44.397,bybit,ADA/USDT:USDT,0.8265,5416.0,0.8266,16724.0,0.8266,456333346.0,364917765.1392
1753504604497,04:36:44.497,bybit,ADA/USDT:USDT,0.8265,5416.0,0.8266,16046.0,0.8266,456333346.0,364917765.1392
1753504604507,04:36:44.507,bitget,ADA/USDT:USDT,0.8265,55447.0,0.8266,42562.0,0.8266,277430556.0,222175702.9662
1753504604597,04:36:44.597,bybit,ADA/USDT:USDT,0.8265,2979.0,0.8266,17124.0,0.8266,456333346.0,364917765.1392
1753504604574,04:36:44.574,okx,ADA/USDT:USDT,0.8265,288.3,0.8266,429.6,0.8265,3064219.9,
1753504604697,04:36:44.697,bybit,ADA/USDT:USDT,0.8265,1424.0,0.8266,17124.0,0.8266,456333346.0,364917765.1392
1753504604704,04:36:44.704,okx,ADA/USDT:USDT,0.8265,239.1,0.8266,440.6,0.8265,3064219.9,
1753504604797,04:36:44.797,bybit,ADA/USDT:USDT,0.8265,1424.0,0.8266,17104.0,0.8266,456333366.0,364917781.6712
1753504604809,04:36:44.809,okx,ADA/USDT:USDT,0.8265,208.5,0.8266,500.9,0.8265,3064220.4,
1753504604897,04:36:44.897,bybit,ADA/USDT:USDT,0.8265,4618.0,0.8266,17104.0,0.8266,456333366.0,364917781.6712
1753504604912,04:36:44.912,okx,ADA/USDT:USDT,0.8265,159.4,0.8266,502.8,0.8265,3064249.5,
1753504604997,04:36:44.997,bybit,ADA/USDT:USDT,0.8265,1424.0,0.8266,17104.0,0.8266,456333366.0,364917781.6712
1753504605019,04:36:45.019,okx,ADA/USDT:USDT,0.8265,150.7,0.8266,502.8,0.8265,3064249.5,
1753504605097,04:36:45.097,bybit,ADA/USDT:USDT,0.8265,4880.0,0.8266,16426.0,0.8266,456333366.0,364917781.6712
1753504605146,04:36:45.146,bitget,ADA/USDT:USDT,0.8265,33892.0,0.8266,68062.0,0.8266,277430556.0,222175702.9662
1753504605197,04:36:45.197,bybit,ADA/USDT:USDT,0.8265,4862.0,0.8266,16425.0,0.8266,456333366.0,364917781.6712
1753504605170,04:36:45.170,okx,ADA/USDT:USDT,0.8265,152.5,0.8266,472.9,0.8265,3064249.8,
1753504605310,04:36:45.310,okx,ADA/USDT:USDT,0.8265,152.5,0.8266,440.5,0.8265,3064249.8,
1753504605454,04:36:45.454,bitget,ADA/USDT:USDT,0.8265,15339.0,0.8266,68062.0,0.8266,277430556.0,222175702.9662
