timestamp,time,exchange,symbol,bid,bidVolume,ask,askVolume,lastPrice,baseVolume,quoteVolume
1753504537763,04:35:37.763,bybit,ALGO/USDT:USDT,0.2692,26851.2,0.2693,46014.1,0.2693,96492762.1,25266531.8585
1753504538463,04:35:38.463,bybit,ALGO/USDT:USDT,0.2692,17996.7,0.2693,60937.9,0.2693,96492762.1,25266531.8585
1753504538867,04:35:38.867,okx,ALGO/USDT:USDT,0.2691,1345.0,0.2692,241.0,0.2692,6777089.0,
1753504540064,04:35:40.064,bybit,ALGO/USDT:USDT,0.2692,8669.0,0.2693,62937.9,0.2693,96492762.1,25266531.8585
1753504540164,04:35:40.164,bybit,ALGO/USDT:USDT,0.2692,11031.8,0.2693,62195.3,0.2693,96493504.7,25266731.8407
1753504540264,04:35:40.264,bybit,ALGO/USDT:USDT,0.2692,8669.0,0.2693,62195.3,0.2693,96493504.7,25266731.8407
1753504540310,04:35:40.310,okx,ALGO/USDT:USDT,0.2691,898.0,0.2692,1054.0,0.2692,6777089.0,
1753504540459,04:35:40.459,okx,ALGO/USDT:USDT,0.2691,799.0,0.2692,1055.0,0.2692,6777089.0,
1753504540764,04:35:40.764,bybit,ALGO/USDT:USDT,0.2692,11832.6,0.2693,58396.0,0.2693,96493504.7,25266731.8407
1753504540800,04:35:40.800,okx,ALGO/USDT:USDT,0.2691,873.0,0.2692,385.0,0.2692,6777089.0,
1753504540864,04:35:40.864,bybit,ALGO/USDT:USDT,0.2692,20687.1,0.2693,58396.0,0.2693,96493504.7,25266731.8407
1753504540964,04:35:40.964,bybit,ALGO/USDT:USDT,0.2692,21587.1,0.2693,58371.5,0.2693,96493504.7,25266731.8407
1753504541011,04:35:41.011,okx,ALGO/USDT:USDT,0.2691,1858.0,0.2692,2.0,0.2692,6777089.0,
1753504541064,04:35:41.064,bybit,ALGO/USDT:USDT,0.2692,29545.6,0.2693,44371.5,0.2693,96493504.7,25266731.8407
1753504541034,04:35:41.034,bitget,ALGO/USDT:USDT,0.2693,21725.1,0.2694,22261.5,0.2697,59153541.4,15486370.2595
1753504541256,04:35:41.256,binance,ALGO/USDT:USDT,,,,,0.2693,244995302.6,64083853.0168
1753504541358,04:35:41.358,bitget,ALGO/USDT:USDT,0.2693,21725.1,0.2694,22261.5,0.2697,59153541.4,15486370.2595
1753504541463,04:35:41.463,bybit,ALGO/USDT:USDT,0.2692,44629.7,0.2693,397.6,0.2693,96493504.7,25266731.8407
1753504541563,04:35:41.563,bybit,ALGO/USDT:USDT,0.2693,46029.0,0.2694,8149.9,0.2693,96493902.3,25266838.9143
1753504541556,04:35:41.556,okx,ALGO/USDT:USDT,0.2692,2180.0,0.2694,1294.0,0.2693,6777444.0,
1753504541664,04:35:41.664,bybit,ALGO/USDT:USDT,0.2693,46103.3,0.2694,13965.4,0.2693,96493902.3,25266838.9143
1753504541763,04:35:41.763,bybit,ALGO/USDT:USDT,0.2693,32231.0,0.2694,23386.6,0.2693,96493902.3,25266838.9143
1753504542610,04:35:42.610,okx,ALGO/USDT:USDT,0.2693,874.0,0.2694,1090.0,0.2693,6777444.0,
1753504542679,04:35:42.679,bitget,ALGO/USDT:USDT,0.2694,34874.2,0.2695,13583.3,0.2697,59153541.4,15486370.2595
1753504542964,04:35:42.964,bybit,ALGO/USDT:USDT,0.2693,33131.0,0.2694,21025.6,0.2693,96493902.3,25266838.9143
1753504543064,04:35:43.064,bybit,ALGO/USDT:USDT,0.2693,49131.0,0.2694,21025.6,0.2693,96493902.3,25266838.9143
1753504543102,04:35:43.102,bitget,ALGO/USDT:USDT,0.2694,34874.2,0.2695,13583.3,0.2697,59153541.4,15486370.2595
1753504543164,04:35:43.164,bybit,ALGO/USDT:USDT,0.2693,38205.3,0.2694,21025.6,0.2693,96493902.3,25266838.9143
1753504541304,04:35:41.304,binance,ALGO/USDT:USDT,,,,,0.2693,245006198.9,64086787.3904
1753504543365,04:35:43.365,okx,ALGO/USDT:USDT,0.2693,602.0,0.2694,1090.0,0.2693,6777444.0,
1753504543464,04:35:43.464,bybit,ALGO/USDT:USDT,0.2693,38216.7,0.2694,21025.6,0.2693,96493902.3,25266838.9143
1753504543663,04:35:43.663,bybit,ALGO/USDT:USDT,0.2693,38142.4,0.2694,21025.6,0.2693,96493902.3,25266838.9143
1753504543719,04:35:43.719,bitget,ALGO/USDT:USDT,0.2694,34874.2,0.2695,13583.3,0.2697,59153541.4,15486370.2595
1753504543964,04:35:43.964,bybit,ALGO/USDT:USDT,0.2693,33142.4,0.2694,21025.6,0.2693,96493902.3,25266838.9143
1753504543979,04:35:43.979,okx,ALGO/USDT:USDT,0.2693,909.0,0.2694,1090.0,0.2693,6777444.0,
1753504544164,04:35:44.164,bybit,ALGO/USDT:USDT,0.2693,35289.0,0.2694,21025.6,0.2693,96493902.3,25266838.9143
1753504544358,04:35:44.358,bitget,ALGO/USDT:USDT,0.2694,33863.9,0.2695,13583.3,0.2697,59153541.4,15486370.2595
1753504544464,04:35:44.464,bybit,ALGO/USDT:USDT,0.2693,35289.0,0.2694,21024.6,0.2693,96493902.3,25266838.9143
1753504544664,04:35:44.664,bybit,ALGO/USDT:USDT,0.2693,35289.0,0.2694,21024.6,0.2693,96493902.3,25266838.9143
1753504544669,04:35:44.669,bitget,ALGO/USDT:USDT,0.2694,33863.9,0.2695,13583.3,0.2697,59153541.4,15486370.2595
1753504544987,04:35:44.987,bitget,ALGO/USDT:USDT,0.2694,34874.2,0.2695,13583.3,0.2697,59153541.4,15486370.2595
1753504545063,04:35:45.063,bybit,ALGO/USDT:USDT,0.2694,19744.2,0.2695,57454.0,0.2693,96493902.3,25266838.9143
1753504545112,04:35:45.112,okx,ALGO/USDT:USDT,0.2693,1181.0,0.2694,932.0,0.2693,6777444.0,
1753504545163,04:35:45.163,bybit,ALGO/USDT:USDT,0.2694,19744.2,0.2695,52934.8,0.2693,96493902.3,25266838.9143
1753504545214,04:35:45.214,okx,ALGO/USDT:USDT,0.2693,1181.0,0.2694,6.0,0.2693,6777444.0,
1753504545367,04:35:45.367,bitget,ALGO/USDT:USDT,0.2694,34874.2,0.2695,5626.4,0.2697,59153541.4,15486370.2595
1753504545564,04:35:45.564,bybit,ALGO/USDT:USDT,0.2694,19744.2,0.2695,53677.0,0.2693,96493902.3,25266838.9143
1753504545600,04:35:45.600,okx,ALGO/USDT:USDT,0.2693,909.0,0.2694,399.0,0.2693,6777444.0,
1753504545663,04:35:45.663,bybit,ALGO/USDT:USDT,0.2694,19744.2,0.2695,53701.5,0.2693,96493902.3,25266838.9143
1753504545764,04:35:45.764,bybit,ALGO/USDT:USDT,0.2694,19744.2,0.2695,52959.3,0.2693,96493902.3,25266838.9143
1753504545863,04:35:45.863,bybit,ALGO/USDT:USDT,0.2694,27603.4,0.2695,31411.0,0.2695,96501328.9,25268840.383
1753504545912,04:35:45.912,okx,ALGO/USDT:USDT,0.2693,1781.0,0.2694,8.0,0.2693,6777444.0,
1753504545964,04:35:45.964,bybit,ALGO/USDT:USDT,0.2694,27603.4,0.2695,20454.0,0.2695,96501328.9,25268840.383
1753504546064,04:35:46.064,bybit,ALGO/USDT:USDT,0.2694,27603.4,0.2695,36454.0,0.2695,96501328.9,25268840.383
1753504546067,04:35:46.067,bitget,ALGO/USDT:USDT,0.2694,34874.2,0.2695,5626.4,0.2697,59153541.4,15486370.2595
1753504546164,04:35:46.164,bybit,ALGO/USDT:USDT,0.2694,27603.4,0.2695,38096.2,0.2695,96501328.9,25268840.383
1753504546183,04:35:46.183,okx,ALGO/USDT:USDT,0.2693,909.0,0.2694,412.0,0.2693,6777444.0,
1753504546301,04:35:46.301,okx,ALGO/USDT:USDT,0.2693,1181.0,0.2694,412.0,0.2693,6777444.0,
1753504546364,04:35:46.364,bybit,ALGO/USDT:USDT,0.2694,7551.4,0.2695,39737.7,0.2695,96501328.9,25268840.383
1753504546379,04:35:46.379,bitget,ALGO/USDT:USDT,0.2694,39490.3,0.2695,9888.5,0.2697,59153541.4,15486370.2595
1753504546412,04:35:46.412,okx,ALGO/USDT:USDT,0.2693,804.0,0.2694,412.0,0.2693,6777444.0,
1753504546464,04:35:46.464,bybit,ALGO/USDT:USDT,0.2694,9703.2,0.2695,39762.2,0.2695,96501328.9,25268840.383
1753504546564,04:35:46.564,bybit,ALGO/USDT:USDT,0.2694,9703.2,0.2695,39737.7,0.2695,96501328.9,25268840.383
1753504546663,04:35:46.663,bybit,ALGO/USDT:USDT,0.2694,8903.2,0.2695,40674.5,0.2695,96501328.9,25268840.383
1753504546666,04:35:46.666,okx,ALGO/USDT:USDT,0.2693,804.0,0.2694,869.0,0.2693,6777444.0,
1753504546764,04:35:46.764,bybit,ALGO/USDT:USDT,0.2694,8903.2,0.2695,44385.7,0.2695,96501328.9,25268840.383
1753504546773,04:35:46.773,okx,ALGO/USDT:USDT,0.2693,636.0,0.2694,869.0,0.2693,6777444.0,
1753504546864,04:35:46.864,bybit,ALGO/USDT:USDT,0.2694,8903.2,0.2695,57409.3,0.2695,96501328.9,25268840.383
1753504547064,04:35:47.064,bybit,ALGO/USDT:USDT,0.2694,8903.2,0.2695,59086.8,0.2695,96501328.9,25268840.383
1753504547068,04:35:47.068,bitget,ALGO/USDT:USDT,0.2694,25490.3,0.2695,10898.8,0.2697,59153541.4,15486370.2595
1753504547115,04:35:47.115,okx,ALGO/USDT:USDT,0.2693,309.0,0.2694,2040.0,0.2693,6777444.0,
1753504547164,04:35:47.164,bybit,ALGO/USDT:USDT,0.2694,2151.8,0.2695,60014.6,0.2695,96501328.9,25268840.383
1753504547264,04:35:47.264,bybit,ALGO/USDT:USDT,0.2694,2151.8,0.2695,60039.1,0.2695,96501328.9,25268840.383
1753504547383,04:35:47.383,bitget,ALGO/USDT:USDT,0.2694,5369.6,0.2695,28734.6,0.2697,59153541.4,15486370.2595
1753504547697,04:35:47.697,bitget,ALGO/USDT:USDT,0.2694,6168.7,0.2695,27724.3,0.2697,59153541.4,15486370.2595
1753504547712,04:35:47.712,okx,ALGO/USDT:USDT,0.2693,309.0,0.2694,1768.0,0.2693,6777444.0,
1753504547969,04:35:47.969,okx,ALGO/USDT:USDT,0.2693,309.0,0.2694,2040.0,0.2693,6777444.0,
1753504548064,04:35:48.064,bybit,ALGO/USDT:USDT,0.2694,2151.8,0.2695,78939.1,0.2695,96501328.9,25268840.383
1753504548101,04:35:48.101,bitget,ALGO/USDT:USDT,0.2694,17168.7,0.2695,27724.3,0.2697,59153541.4,15486370.2595
1753504548364,04:35:48.364,bybit,ALGO/USDT:USDT,0.2694,2151.8,0.2695,79310.0,0.2695,96501328.9,25268840.383
1753504548464,04:35:48.464,bybit,ALGO/USDT:USDT,0.2693,40457.7,0.2694,48280.2,0.2694,96503480.7,25269420.078
1753504548564,04:35:48.564,bybit,ALGO/USDT:USDT,0.2693,40457.7,0.2694,48280.2,0.2694,96503480.7,25269420.078
1753504548674,04:35:48.674,bitget,ALGO/USDT:USDT,0.2694,17168.7,0.2695,27724.3,0.2697,59153541.4,15486370.2595
1753504548988,04:35:48.988,bitget,ALGO/USDT:USDT,0.2693,26464.4,0.2695,33501.1,0.2697,59153541.4,15486370.2595
1753504549369,04:35:49.369,bitget,ALGO/USDT:USDT,0.2693,26464.4,0.2695,33501.1,0.2697,59153541.4,15486370.2595
1753504549763,04:35:49.763,bybit,ALGO/USDT:USDT,0.2693,33398.5,0.2694,48280.2,0.2694,96503480.7,25269420.078
1753504549792,04:35:49.792,okx,ALGO/USDT:USDT,0.2692,2278.0,0.2694,2040.0,0.2693,6777752.0,
1753504549885,04:35:49.885,gateio,ALGO/USDT:USDT,,,,,0.26934,11792580.0,3176212.0
1753504549907,04:35:49.907,okx,ALGO/USDT:USDT,0.2692,807.0,0.2693,1452.0,0.2693,6777752.0,
1753504549964,04:35:49.964,bybit,ALGO/USDT:USDT,0.2693,33398.5,0.2694,47380.2,0.2694,96503480.7,25269420.078
1753504550002,04:35:50.002,bitget,ALGO/USDT:USDT,0.2693,26464.4,0.2694,4262.1,0.2694,59153541.4,15486370.2595
1753504550011,04:35:50.011,okx,ALGO/USDT:USDT,0.2692,717.0,0.2693,612.0,0.2693,6777752.0,
1753504550064,04:35:50.064,bybit,ALGO/USDT:USDT,0.2693,33398.5,0.2694,48280.2,0.2694,96503480.7,25269420.078
1753504550165,04:35:50.165,okx,ALGO/USDT:USDT,0.2692,717.0,0.2693,765.0,0.2693,6777752.0,
1753504550264,04:35:50.264,bybit,ALGO/USDT:USDT,0.2693,23791.9,0.2694,48280.2,0.2694,96503480.7,25269420.078
1753504550432,04:35:50.432,bitget,ALGO/USDT:USDT,0.2693,26464.4,0.2694,4262.1,0.2694,59153541.4,15486370.2595
1753504550510,04:35:50.510,okx,ALGO/USDT:USDT,0.2692,717.0,0.2693,766.0,0.2693,6777752.0,
1753504550918,04:35:50.918,bitget,ALGO/USDT:USDT,0.2693,26464.4,0.2694,13262.1,0.2694,59153871.4,15486459.1615
1753504550964,04:35:50.964,bybit,ALGO/USDT:USDT,0.2693,23791.9,0.2694,62280.2,0.2694,96503480.7,25269420.078
1753504551364,04:35:51.364,bybit,ALGO/USDT:USDT,0.2693,14937.4,0.2694,62280.2,0.2694,96503480.7,25269420.078
1753504551464,04:35:51.464,bybit,ALGO/USDT:USDT,0.2693,14137.4,0.2694,62280.2,0.2694,96503480.7,25269420.078
1753504551445,04:35:51.445,binance,ALGO/USDT:USDT,,,,,0.2693,245006384.6,64086837.3994
1753504551478,04:35:51.478,okx,ALGO/USDT:USDT,0.2692,761.0,0.2693,846.0,0.2693,6777752.0,
1753504551564,04:35:51.564,bybit,ALGO/USDT:USDT,0.2693,14137.4,0.2694,62354.5,0.2694,96503480.7,25269420.078
1753504551599,04:35:51.599,okx,ALGO/USDT:USDT,0.2692,726.0,0.2693,1226.0,0.2693,6777752.0,
1753504551702,04:35:51.702,okx,ALGO/USDT:USDT,0.2692,730.0,0.2693,951.0,0.2693,6777752.0,
1753504551763,04:35:51.763,bybit,ALGO/USDT:USDT,0.2693,14137.4,0.2694,62364.1,0.2694,96503480.7,25269420.078
1753504551810,04:35:51.810,okx,ALGO/USDT:USDT,0.2692,629.0,0.2693,1826.0,0.2693,6777752.0,
1753504551874,04:35:51.874,bitget,ALGO/USDT:USDT,0.2693,26464.4,0.2694,16245.8,0.2694,59153541.4,15486370.2595
1753504551964,04:35:51.964,bybit,ALGO/USDT:USDT,0.2693,713.7,0.2694,64376.9,0.2694,96503480.7,25269420.078
1753504552013,04:35:52.013,okx,ALGO/USDT:USDT,0.2692,749.0,0.2693,1446.0,0.2693,6777752.0,
1753504552064,04:35:52.064,bybit,ALGO/USDT:USDT,0.2693,2401.5,0.2694,64401.4,0.2694,96503480.7,25269420.078
1753504552114,04:35:52.114,okx,ALGO/USDT:USDT,0.2692,651.0,0.2693,1826.0,0.2693,6777752.0,
1753504552164,04:35:52.164,bybit,ALGO/USDT:USDT,0.2693,2401.5,0.2694,64401.4,0.2694,96503480.7,25269420.078
1753504552215,04:35:52.215,okx,ALGO/USDT:USDT,0.2692,651.0,0.2693,1551.0,0.2693,6777752.0,
1753504552364,04:35:52.364,bybit,ALGO/USDT:USDT,0.2693,1687.8,0.2694,64401.4,0.2694,96503480.7,25269420.078
1753504552469,04:35:52.469,bitget,ALGO/USDT:USDT,0.2693,26464.4,0.2694,21245.8,0.2694,59153871.4,15486459.1615
1753504552764,04:35:52.764,bybit,ALGO/USDT:USDT,0.2693,1687.8,0.2694,66822.0,0.2694,96503480.7,25269420.078
1753504552807,04:35:52.807,okx,ALGO/USDT:USDT,0.2692,571.0,0.2693,1551.0,0.2693,6777752.0,
1753504552920,04:35:52.920,okx,ALGO/USDT:USDT,0.2692,497.0,0.2693,1551.0,0.2693,6777752.0,
1753504552981,04:35:52.981,bitget,ALGO/USDT:USDT,0.2693,12464.4,0.2694,22256.1,0.2694,59153871.4,15486459.1615
1753504553073,04:35:53.073,okx,ALGO/USDT:USDT,0.2692,350.0,0.2693,1826.0,0.2693,6777752.0,
1753504553201,04:35:53.201,okx,ALGO/USDT:USDT,0.2692,350.0,0.2693,1551.0,0.2693,6777752.0,
1753504553312,04:35:53.312,bitget,ALGO/USDT:USDT,0.2693,12464.4,0.2694,22256.1,0.2694,59153871.4,15486459.1615
1753504553310,04:35:53.310,okx,ALGO/USDT:USDT,0.2692,437.0,0.2693,1551.0,0.2693,6777752.0,
1753504553412,04:35:53.412,okx,ALGO/USDT:USDT,0.2692,517.0,0.2693,1552.0,0.2693,6777752.0,
1753504553464,04:35:53.464,bybit,ALGO/USDT:USDT,0.2693,1687.8,0.2694,64401.4,0.2694,96503480.7,25269420.078
1753504551445,04:35:51.445,binance,ALGO/USDT:USDT,,,,,0.2693,245008150.7,64087313.0101
1753504553564,04:35:53.564,okx,ALGO/USDT:USDT,0.2692,525.0,0.2693,1447.0,0.2693,6777752.0,
1753504553764,04:35:53.764,bybit,ALGO/USDT:USDT,0.2693,1687.8,0.2694,64445.1,0.2694,96503480.7,25269420.078
1753504553879,04:35:53.879,gateio,ALGO/USDT:USDT,,,,,0.26934,11792580.0,3176212.0
1753504553975,04:35:53.975,bitget,ALGO/USDT:USDT,0.2693,26464.4,0.2694,21245.8,0.2694,59153871.4,15486459.1615
1753504554164,04:35:54.164,bybit,ALGO/USDT:USDT,0.2693,4050.6,0.2694,64370.8,0.2694,96503480.7,25269420.078
1753504554264,04:35:54.264,bybit,ALGO/USDT:USDT,0.2693,4050.6,0.2694,64346.3,0.2694,96503480.7,25269420.078
1753504554312,04:35:54.312,bitget,ALGO/USDT:USDT,0.2693,26464.4,0.2694,21245.8,0.2694,59153871.4,15486459.1615
1753504554363,04:35:54.363,bybit,ALGO/USDT:USDT,0.2693,12931.3,0.2694,62547.0,0.2694,96503480.7,25269420.078
1753504554463,04:35:54.463,bybit,ALGO/USDT:USDT,0.2693,12931.3,0.2694,62571.5,0.2694,96503480.7,25269420.078
1753504554489,04:35:54.489,okx,ALGO/USDT:USDT,0.2692,905.0,0.2693,1294.0,0.2693,6777752.0,
1753504554675,04:35:54.675,bitget,ALGO/USDT:USDT,0.2693,27474.7,0.2694,16245.8,0.2694,59153871.4,15486459.1615
1753504554764,04:35:54.764,bybit,ALGO/USDT:USDT,0.2693,4076.8,0.2694,64370.8,0.2694,96503480.7,25269420.078
1753504554815,04:35:54.815,okx,ALGO/USDT:USDT,0.2692,630.0,0.2693,1454.0,0.2693,6777752.0,
1753504554921,04:35:54.921,okx,ALGO/USDT:USDT,0.2692,525.0,0.2693,1454.0,0.2693,6777752.0,
1753504555167,04:35:55.167,okx,ALGO/USDT:USDT,0.2692,905.0,0.2693,1454.0,0.2693,6777752.0,
1753504555263,04:35:55.263,bybit,ALGO/USDT:USDT,0.2693,4076.8,0.2694,64395.6,0.2694,96503480.7,25269420.078
1753504555364,04:35:55.364,bybit,ALGO/USDT:USDT,0.2693,4076.8,0.2694,64420.1,0.2694,96503480.7,25269420.078
1753504555354,04:35:55.354,bitget,ALGO/USDT:USDT,0.2693,26464.4,0.2694,21245.8,0.2694,59153871.4,15486459.1615
1753504555407,04:35:55.407,okx,ALGO/USDT:USDT,0.2692,630.0,0.2693,1454.0,0.2693,6777752.0,
1753504555464,04:35:55.464,bybit,ALGO/USDT:USDT,0.2693,4081.3,0.2694,64420.1,0.2694,96503480.7,25269420.078
1753504555563,04:35:55.563,bybit,ALGO/USDT:USDT,0.2693,4081.3,0.2694,64494.4,0.2694,96503480.7,25269420.078
1753504555610,04:35:55.610,okx,ALGO/USDT:USDT,0.2692,525.0,0.2693,1454.0,0.2693,6777752.0,
1753504555664,04:35:55.664,bybit,ALGO/USDT:USDT,0.2693,4081.3,0.2694,64420.1,0.2694,96503480.7,25269420.078
1753504555715,04:35:55.715,okx,ALGO/USDT:USDT,0.2692,460.0,0.2693,1834.0,0.2693,6777752.0,
1753504555763,04:35:55.763,bybit,ALGO/USDT:USDT,0.2693,4081.3,0.2694,64494.4,0.2694,96503480.7,25269420.078
1753504555769,04:35:55.769,bitget,ALGO/USDT:USDT,0.2693,26464.4,0.2694,21245.8,0.2694,59153871.4,15486459.1615
1753504555863,04:35:55.863,bybit,ALGO/USDT:USDT,0.2693,4081.3,0.2694,64419.5,0.2694,96503480.7,25269420.078
1753504555869,04:35:55.869,okx,ALGO/USDT:USDT,0.2692,565.0,0.2693,1454.0,0.2693,6777752.0,
1753504556007,04:35:56.007,okx,ALGO/USDT:USDT,0.2692,670.0,0.2693,1294.0,0.2693,6777752.0,
1753504556081,04:35:56.081,bitget,ALGO/USDT:USDT,0.2693,26464.4,0.2694,21245.8,0.2694,59153871.4,15486459.1615
1753504556164,04:35:56.164,bybit,ALGO/USDT:USDT,0.2693,4081.3,0.2694,64409.9,0.2694,96503480.7,25269420.078
1753504556222,04:35:56.222,okx,ALGO/USDT:USDT,0.2692,565.0,0.2693,2025.0,0.2693,6777752.0,
1753504556263,04:35:56.263,bybit,ALGO/USDT:USDT,0.2693,4081.3,0.2694,64417.3,0.2694,96503480.7,25269420.078
1753504556340,04:35:56.340,okx,ALGO/USDT:USDT,0.2692,680.0,0.2693,2025.0,0.2693,6777752.0,
1753504556393,04:35:56.393,bitget,ALGO/USDT:USDT,0.2693,26464.4,0.2694,21245.8,0.2694,59153871.4,15486459.1615
1753504556664,04:35:56.664,bybit,ALGO/USDT:USDT,0.2693,1718.5,0.2694,64417.3,0.2694,96503480.7,25269420.078
1753504556719,04:35:56.719,binance,ALGO/USDT:USDT,,,,,0.2692,245008199.5,64087326.1471
1753504556763,04:35:56.763,bybit,ALGO/USDT:USDT,0.2693,4081.3,0.2694,64417.3,0.2694,96503480.7,25269420.078
1753504556805,04:35:56.805,bitget,ALGO/USDT:USDT,0.2693,26464.4,0.2694,21245.8,0.2694,59153871.4,15486459.1615
1753504556912,04:35:56.912,okx,ALGO/USDT:USDT,0.2692,470.0,0.2693,2025.0,0.2693,6777752.0,
1753504557067,04:35:57.067,okx,ALGO/USDT:USDT,0.2692,672.0,0.2693,2025.0,0.2693,6777752.0,
1753504557115,04:35:57.115,bitget,ALGO/USDT:USDT,0.2693,26464.4,0.2694,21245.8,0.2694,59153871.4,15486459.1615
1753504557164,04:35:57.164,bybit,ALGO/USDT:USDT,0.2693,4081.3,0.2694,63518.0,0.2694,96503480.7,25269420.078
1753504557213,04:35:57.213,okx,ALGO/USDT:USDT,0.2692,947.0,0.2693,1865.0,0.2693,6777752.0,
1753504557426,04:35:57.426,bitget,ALGO/USDT:USDT,0.2693,26464.4,0.2694,26557.2,0.2694,59153871.4,15486459.1615
1753504557664,04:35:57.664,bybit,ALGO/USDT:USDT,0.2693,12935.8,0.2694,63518.0,0.2694,96503480.7,25269420.078
1753504557710,04:35:57.710,okx,ALGO/USDT:USDT,0.2692,947.0,0.2693,1863.0,0.2693,6777754.0,
1753504557764,04:35:57.764,bybit,ALGO/USDT:USDT,0.2693,12935.8,0.2694,48618.0,0.2694,96503480.7,25269420.078
1753504557756,04:35:57.756,bitget,ALGO/USDT:USDT,0.2693,26464.4,0.2694,21557.2,0.2694,59153871.4,15486459.1615
1753504557864,04:35:57.864,bybit,ALGO/USDT:USDT,0.2693,12935.8,0.2694,53593.5,0.2694,96503480.7,25269420.078
1753504557863,04:35:57.863,okx,ALGO/USDT:USDT,0.2692,947.0,0.2693,1183.0,0.2693,6777754.0,
1753504557976,04:35:57.976,okx,ALGO/USDT:USDT,0.2692,947.0,0.2693,1343.0,0.2693,6777754.0,
1753504558115,04:35:58.115,bitget,ALGO/USDT:USDT,0.2693,27474.7,0.2694,12557.2,0.2694,59153871.4,15486459.1615
1753504558210,04:35:58.210,okx,ALGO/USDT:USDT,0.2692,947.0,0.2693,1183.0,0.2693,6777754.0,
1753504558264,04:35:58.264,bybit,ALGO/USDT:USDT,0.2693,12935.8,0.2694,54493.5,0.2694,96503480.7,25269420.078
1753504558358,04:35:58.358,okx,ALGO/USDT:USDT,0.2692,947.0,0.2693,1343.0,0.2693,6777754.0,
1753504558464,04:35:58.464,bybit,ALGO/USDT:USDT,0.2693,12942.1,0.2694,53610.6,0.2694,96503480.7,25269420.078
1753504558487,04:35:58.487,bitget,ALGO/USDT:USDT,0.2693,27474.7,0.2694,12557.2,0.2694,59153871.4,15486459.1615
1753504558563,04:35:58.563,bybit,ALGO/USDT:USDT,0.2693,12942.1,0.2694,54510.6,0.2694,96503480.7,25269420.078
1753504558591,04:35:58.591,okx,ALGO/USDT:USDT,0.2692,938.0,0.2693,1343.0,0.2693,6777754.0,
1753504558664,04:35:58.664,bybit,ALGO/USDT:USDT,0.2693,12942.1,0.2694,55409.9,0.2694,96503480.7,25269420.078
1753504558764,04:35:58.764,bybit,ALGO/USDT:USDT,0.2693,4087.6,0.2694,54486.1,0.2694,96503480.7,25269420.078
1753504558796,04:35:58.796,bitget,ALGO/USDT:USDT,0.2693,26464.4,0.2694,12557.2,0.2694,59153871.4,15486459.1615
1753504558864,04:35:58.864,bybit,ALGO/USDT:USDT,0.2693,4087.6,0.2694,55409.9,0.2694,96503480.7,25269420.078
1753504559111,04:35:59.111,bitget,ALGO/USDT:USDT,0.2693,26464.4,0.2694,22557.2,0.2694,59153871.4,15486459.1615
1753504559264,04:35:59.264,bybit,ALGO/USDT:USDT,0.2693,4087.6,0.2694,54510.6,0.2694,96503480.7,25269420.078
1753504559363,04:35:59.363,bybit,ALGO/USDT:USDT,0.2693,12942.1,0.2694,55385.4,0.2694,96503480.7,25269420.078
1753504559463,04:35:59.463,bybit,ALGO/USDT:USDT,0.2693,4087.6,0.2694,55409.9,0.2694,96503480.7,25269420.078
1753504559471,04:35:59.471,bitget,ALGO/USDT:USDT,0.2693,26464.4,0.2694,12557.2,0.2694,59153871.4,15486459.1615
1753504559607,04:35:59.607,okx,ALGO/USDT:USDT,0.2692,668.0,0.2693,1386.0,0.2693,6777754.0,
1753504559864,04:35:59.864,bybit,ALGO/USDT:USDT,0.2693,4087.6,0.2694,64409.9,0.2694,96503480.7,25269420.078
1753504560064,04:36:00.064,bybit,ALGO/USDT:USDT,0.2693,4087.6,0.2694,64484.2,0.2694,96503480.7,25269420.078
1753504560109,04:36:00.109,bitget,ALGO/USDT:USDT,0.2693,26464.4,0.2694,12557.2,0.2694,59153871.4,15486459.1615
1753504560107,04:36:00.107,okx,ALGO/USDT:USDT,0.2692,668.0,0.2693,1386.0,0.2693,6770789.0,
1753504560212,04:36:00.212,okx,ALGO/USDT:USDT,0.2692,563.0,0.2693,1386.0,0.2693,6770789.0,
1753504560316,04:36:00.316,okx,ALGO/USDT:USDT,0.2692,668.0,0.2693,1386.0,0.2693,6770789.0,
1753504560364,04:36:00.364,bybit,ALGO/USDT:USDT,0.2693,4087.6,0.2694,64458.6,0.2694,96503480.7,25269420.078
1753504560429,04:36:00.429,okx,ALGO/USDT:USDT,0.2692,670.0,0.2693,1386.0,0.2693,6770789.0,
1753504560464,04:36:00.464,bybit,ALGO/USDT:USDT,0.2693,4087.6,0.2694,64532.9,0.2694,96503480.7,25269420.078
1753504560545,04:36:00.545,okx,ALGO/USDT:USDT,0.2692,622.0,0.2693,1386.0,0.2693,6770789.0,
1753504560579,04:36:00.579,bitget,ALGO/USDT:USDT,0.2693,26464.4,0.2694,12557.2,0.2694,59153871.4,15486459.1615
1753504560676,04:36:00.676,okx,ALGO/USDT:USDT,0.2692,560.0,0.2693,1986.0,0.2693,6770789.0,
1753504560919,04:36:00.919,okx,ALGO/USDT:USDT,0.2692,563.0,0.2693,1986.0,0.2693,6770789.0,
1753504561064,04:36:01.064,bybit,ALGO/USDT:USDT,0.2693,4087.6,0.2694,64458.6,0.2694,96503480.7,25269420.078
1753504561069,04:36:01.069,okx,ALGO/USDT:USDT,0.2692,668.0,0.2693,1986.0,0.2693,6770789.0,
1753504561175,04:36:01.175,bitget,ALGO/USDT:USDT,0.2693,26464.4,0.2694,12557.2,0.2694,59052706.4,15460476.06576
1753504561303,04:36:01.303,okx,ALGO/USDT:USDT,0.2692,668.0,0.2693,1386.0,0.2693,6770789.0,
1753504561504,04:36:01.504,bitget,ALGO/USDT:USDT,0.2693,26464.4,0.2694,26557.2,0.2694,59052706.4,15460476.06576
1753504561564,04:36:01.564,bybit,ALGO/USDT:USDT,0.2693,4087.6,0.2694,63559.3,0.2694,96503480.7,25269420.078
1753504561764,04:36:01.764,bybit,ALGO/USDT:USDT,0.2693,4087.6,0.2694,64458.6,0.2694,96503480.7,25269420.078
1753504561863,04:36:01.863,bitget,ALGO/USDT:USDT,0.2693,26464.4,0.2694,26557.2,0.2694,59052706.4,15460476.06576
1753504561963,04:36:01.963,bybit,ALGO/USDT:USDT,0.2693,4087.6,0.2694,64532.9,0.2694,96503480.7,25269420.078
1753504562064,04:36:02.064,bybit,ALGO/USDT:USDT,0.2693,4087.6,0.2694,64458.6,0.2694,96503480.7,25269420.078
1753504562164,04:36:02.164,bybit,ALGO/USDT:USDT,0.2693,4087.6,0.2694,64532.9,0.2694,96503480.7,25269420.078
1753504562227,04:36:02.227,bitget,ALGO/USDT:USDT,0.2693,26464.4,0.2694,26557.2,0.2694,59052706.4,15460476.06576
1753504562464,04:36:02.464,bybit,ALGO/USDT:USDT,0.2693,4087.6,0.2694,64458.6,0.2694,96503480.7,25269420.078
1753504562564,04:36:02.564,bybit,ALGO/USDT:USDT,0.2693,4087.6,0.2694,64532.9,0.2694,96503480.7,25269420.078
1753504562577,04:36:02.577,bitget,ALGO/USDT:USDT,0.2693,26464.4,0.2694,26557.2,0.2694,59052706.4,15460476.06576
1753504562664,04:36:02.664,bybit,ALGO/USDT:USDT,0.2693,4087.6,0.2694,64458.6,0.2694,96503480.7,25269420.078
1753504562714,04:36:02.714,okx,ALGO/USDT:USDT,0.2692,668.0,0.2693,1986.0,0.2693,6770789.0,
1753504562763,04:36:02.763,bybit,ALGO/USDT:USDT,0.2693,1724.8,0.2694,65275.4,0.2694,96503480.7,25269420.078
1753504562863,04:36:02.863,bybit,ALGO/USDT:USDT,0.2693,1724.8,0.2694,65201.1,0.2694,96503480.7,25269420.078
1753504562845,04:36:02.845,okx,ALGO/USDT:USDT,0.2692,385.0,0.2693,1986.0,0.2693,6770789.0,
1753504562964,04:36:02.964,bybit,ALGO/USDT:USDT,0.2693,1724.8,0.2694,66953.5,0.2694,96503480.7,25269420.078
1753504562958,04:36:02.958,bitget,ALGO/USDT:USDT,0.2693,26464.4,0.2694,26557.2,0.2694,59052706.4,15460476.06576
1753504563164,04:36:03.164,bybit,ALGO/USDT:USDT,0.2693,1724.8,0.2694,66964.5,0.2694,96503480.7,25269420.078
1753504563204,04:36:03.204,okx,ALGO/USDT:USDT,0.2692,472.0,0.2693,1986.0,0.2693,6770789.0,
1753504563264,04:36:03.264,bybit,ALGO/USDT:USDT,0.2693,1724.8,0.2694,66890.2,0.2694,96503480.7,25269420.078
1753504563308,04:36:03.308,okx,ALGO/USDT:USDT,0.2692,385.0,0.2693,2091.0,0.2693,6770789.0,
1753504563363,04:36:03.363,bybit,ALGO/USDT:USDT,0.2693,1724.8,0.2694,66964.5,0.2694,96503480.7,25269420.078
1753504563409,04:36:03.409,okx,ALGO/USDT:USDT,0.2692,385.0,0.2693,2357.0,0.2693,6770789.0,
1753504563464,04:36:03.464,bybit,ALGO/USDT:USDT,0.2693,1724.8,0.2694,67335.5,0.2694,96503480.7,25269420.078
1753504563663,04:36:03.663,bybit,ALGO/USDT:USDT,0.2693,1724.8,0.2694,67326.5,0.2694,96503480.7,25269420.078
1753504563763,04:36:03.763,bybit,ALGO/USDT:USDT,0.2693,1724.8,0.2694,67252.2,0.2694,96503480.7,25269420.078
1753504563766,04:36:03.766,okx,ALGO/USDT:USDT,0.2692,475.0,0.2693,1986.0,0.2693,6770789.0,
1753504563770,04:36:03.770,binance,ALGO/USDT:USDT,,,,,0.2692,244866364.9,64051022.2122
1753504563864,04:36:03.864,bybit,ALGO/USDT:USDT,0.2693,1724.8,0.2694,67326.5,0.2694,96503480.7,25269420.078
1753504563871,04:36:03.871,okx,ALGO/USDT:USDT,0.2692,385.0,0.2693,1986.0,0.2693,6770789.0,
1753504563896,04:36:03.896,bitget,ALGO/USDT:USDT,0.2693,26464.4,0.2694,27567.5,0.2694,59052706.4,15460476.06576
1753504563964,04:36:03.964,bybit,ALGO/USDT:USDT,0.2693,1724.8,0.2694,67623.2,0.2694,96503480.7,25269420.078
1753504563973,04:36:03.973,okx,ALGO/USDT:USDT,0.2692,385.0,0.2693,2357.0,0.2693,6770789.0,
1753504564063,04:36:04.063,bybit,ALGO/USDT:USDT,0.2692,69329.5,0.2694,66723.9,0.2692,96519080.7,25273620.0067
1753504564164,04:36:04.164,bybit,ALGO/USDT:USDT,0.2692,13403.1,0.2693,46446.7,0.2692,96384471.8,25238857.7108
1753504564211,04:36:04.211,okx,ALGO/USDT:USDT,0.2692,126.0,0.2693,1986.0,0.2693,6770789.0,
1753504564214,04:36:04.214,bitget,ALGO/USDT:USDT,0.2693,864.5,0.2694,29474.1,0.2694,59052706.4,15460476.06576
1753504564264,04:36:04.264,bybit,ALGO/USDT:USDT,0.2692,19174.1,0.2693,45704.5,0.2692,96384471.8,25238857.7108
1753504564318,04:36:04.318,okx,ALGO/USDT:USDT,0.2692,128.0,0.2693,2252.0,0.2693,6770789.0,
1753504564464,04:36:04.464,bybit,ALGO/USDT:USDT,0.2692,28028.6,0.2693,49942.0,0.2692,96384471.8,25238857.7108
1753504564552,04:36:04.552,bitget,ALGO/USDT:USDT,0.2693,5126.6,0.2694,28463.8,0.2694,59052706.4,15460476.06576
1753504564566,04:36:04.566,okx,ALGO/USDT:USDT,0.2692,128.0,0.2693,2357.0,0.2693,6770789.0,
1753504564909,04:36:04.909,bitget,ALGO/USDT:USDT,0.2693,5126.6,0.2694,28463.8,0.2694,59052706.4,15460476.06576
1753504565227,04:36:05.227,bitget,ALGO/USDT:USDT,0.2693,7725.1,0.2694,28463.8,0.2694,59052706.4,15460476.06576
1753504565463,04:36:05.463,bybit,ALGO/USDT:USDT,0.2692,38859.8,0.2693,49942.0,0.2692,96384471.8,25238857.7108
1753504565511,04:36:05.511,okx,ALGO/USDT:USDT,0.2692,463.0,0.2693,1986.0,0.2693,6770789.0,
1753504565609,04:36:05.609,bitget,ALGO/USDT:USDT,0.2693,8584.7,0.2694,26557.2,0.2694,59052706.4,15460476.06576
1753504565664,04:36:05.664,bybit,ALGO/USDT:USDT,0.2692,23379.3,0.2693,45704.5,0.2692,96384471.8,25238857.7108
1753504565764,04:36:05.764,bybit,ALGO/USDT:USDT,0.2692,31379.3,0.2693,45735.8,0.2692,96384471.8,25238857.7108
1753504565139,04:36:05.139,binance,ALGO/USDT:USDT,,,,,0.2692,244866390.2,64051029.023
1753504565779,04:36:05.779,okx,ALGO/USDT:USDT,0.2692,128.0,0.2693,2357.0,0.2693,6770789.0,
1753504566398,04:36:06.398,bitget,ALGO/USDT:USDT,0.2693,7725.1,0.2694,29474.1,0.2694,59052706.4,15460476.06576
1753504566664,04:36:06.664,bybit,ALGO/USDT:USDT,0.2692,29998.7,0.2693,45735.8,0.2692,96384471.8,25238857.7108
1753504566764,04:36:06.764,bybit,ALGO/USDT:USDT,0.2692,29999.7,0.2693,45735.9,0.2692,96384471.8,25238857.7108
1753504566728,04:36:06.728,bitget,ALGO/USDT:USDT,0.2693,7725.1,0.2694,28463.8,0.2694,59052706.4,15460476.06576
1753504566765,04:36:06.765,okx,ALGO/USDT:USDT,0.2692,128.0,0.2693,1757.0,0.2693,6770789.0,
1753504567163,04:36:07.163,bybit,ALGO/USDT:USDT,0.2692,29999.7,0.2693,45735.9,0.2692,96384471.8,25238857.7108
1753504567128,04:36:07.128,bitget,ALGO/USDT:USDT,0.2693,17463.0,0.2694,29474.1,0.2694,59052706.4,15460476.06576
1753504567263,04:36:07.263,bybit,ALGO/USDT:USDT,0.2692,9935.5,0.2693,45735.9,0.2692,96384471.8,25238857.7108
1753504567463,04:36:07.463,bybit,ALGO/USDT:USDT,0.2692,9935.5,0.2693,45735.9,0.2692,96384471.8,25238857.7108
1753504567772,04:36:07.772,bybit,ALGO/USDT:USDT,0.2692,14935.5,0.2693,45735.9,0.2692,96384471.8,25238857.7108
1753504567779,04:36:07.779,bitget,ALGO/USDT:USDT,0.2693,3463.0,0.2694,29474.1,0.2694,59052706.4,15460476.06576
1753504567863,04:36:07.863,bybit,ALGO/USDT:USDT,0.2692,9940.0,0.2693,45735.9,0.2692,96384471.8,25238857.7108
1753504568182,04:36:08.182,bitget,ALGO/USDT:USDT,0.2693,3463.0,0.2694,29474.1,0.2694,59052706.4,15460476.06576
1753504568552,04:36:08.552,bitget,ALGO/USDT:USDT,0.2693,3463.0,0.2694,29474.1,0.2694,59052706.4,15460476.06576
1753504568864,04:36:08.864,bybit,ALGO/USDT:USDT,0.2692,13198.2,0.2693,45735.9,0.2692,96384471.8,25238857.7108
1753504569064,04:36:09.064,bybit,ALGO/USDT:USDT,0.2692,12298.2,0.2693,45735.9,0.2692,96384471.8,25238857.7108
1753504569111,04:36:09.111,okx,ALGO/USDT:USDT,0.2691,3399.0,0.2693,1757.0,0.2692,6770917.0,
1753504569164,04:36:09.164,bybit,ALGO/USDT:USDT,0.2692,8860.0,0.2693,52994.8,0.2692,96384471.8,25238857.7108
1753504569196,04:36:09.196,bitget,ALGO/USDT:USDT,0.2693,3463.0,0.2694,29474.1,0.2694,59052706.4,15460476.06576
1753504569215,04:36:09.215,okx,ALGO/USDT:USDT,0.2691,2318.0,0.2692,682.0,0.2692,6770917.0,
1753504569263,04:36:09.263,bybit,ALGO/USDT:USDT,0.2692,8860.0,0.2693,49280.8,0.2692,96384471.8,25238857.7108
1753504569316,04:36:09.316,okx,ALGO/USDT:USDT,0.2691,1175.0,0.2692,682.0,0.2692,6770917.0,
1753504569364,04:36:09.364,bybit,ALGO/USDT:USDT,0.2692,8860.0,0.2693,48306.5,0.2692,96384471.8,25238857.7108
1753504569460,04:36:09.460,okx,ALGO/USDT:USDT,0.2691,1439.0,0.2692,684.0,0.2692,6770917.0,
1753504569601,04:36:09.601,okx,ALGO/USDT:USDT,0.2691,1361.0,0.2692,604.0,0.2692,6770917.0,
1753504569696,04:36:09.696,binance,ALGO/USDT:USDT,,,,,0.2692,244866436.2,64051041.4062
1753504569707,04:36:09.707,okx,ALGO/USDT:USDT,0.2691,1386.0,0.2692,604.0,0.2692,6770917.0,
1753504569763,04:36:09.763,bybit,ALGO/USDT:USDT,0.2692,15860.0,0.2693,49206.5,0.2692,96384471.8,25238857.7108
1753504569864,04:36:09.864,bybit,ALGO/USDT:USDT,0.2692,8860.0,0.2693,49206.5,0.2692,96384471.8,25238857.7108
1753504569896,04:36:09.896,bitget,ALGO/USDT:USDT,0.2693,3463.0,0.2694,29474.1,0.2694,59052706.4,15460476.06576
1753504569910,04:36:09.910,okx,ALGO/USDT:USDT,0.2691,1386.0,0.2692,751.0,0.2692,6770917.0,
1753504570016,04:36:10.016,okx,ALGO/USDT:USDT,0.2691,1386.0,0.2692,604.0,0.2692,6770917.0,
1753504570164,04:36:10.164,bybit,ALGO/USDT:USDT,0.2692,8860.0,0.2693,49206.5,0.2692,96384471.8,25238857.7108
1753504570208,04:36:10.208,bitget,ALGO/USDT:USDT,0.2692,30757.8,0.2694,29474.1,0.2694,59052706.4,15460476.06576
1753504570380,04:36:10.380,okx,ALGO/USDT:USDT,0.2691,1459.0,0.2692,604.0,0.2692,6770917.0,
1753504570464,04:36:10.464,bybit,ALGO/USDT:USDT,0.2692,8895.8,0.2693,47407.2,0.2692,96384471.8,25238857.7108
1753504570509,04:36:10.509,okx,ALGO/USDT:USDT,0.2691,1533.0,0.2692,604.0,0.2692,6770917.0,
1753504570592,04:36:10.592,bitget,ALGO/USDT:USDT,0.2692,30757.8,0.2693,5116.3,0.2694,59052706.4,15460476.06576
1753504570664,04:36:10.664,bybit,ALGO/USDT:USDT,0.2692,21071.3,0.2693,45735.9,0.2692,96384471.8,25238857.7108
1753504570764,04:36:10.764,bybit,ALGO/USDT:USDT,0.2692,37071.3,0.2693,45735.9,0.2692,96384471.8,25238857.7108
1753504570772,04:36:10.772,okx,ALGO/USDT:USDT,0.2691,3173.0,0.2693,1475.0,0.2692,6770917.0,
1753504570911,04:36:10.911,okx,ALGO/USDT:USDT,0.2691,3247.0,0.2693,1475.0,0.2692,6770917.0,
1753504570948,04:36:10.948,bitget,ALGO/USDT:USDT,0.2693,24748.0,0.2694,26557.2,0.2694,59052706.4,15460476.06576
1753504571268,04:36:11.268,okx,ALGO/USDT:USDT,0.2692,1287.0,0.2693,1466.0,0.2692,6770917.0,
1753504571276,04:36:11.276,bitget,ALGO/USDT:USDT,0.2693,25758.3,0.2694,12557.2,0.2694,59052706.4,15460476.06576
1753504571364,04:36:11.364,bybit,ALGO/USDT:USDT,0.2692,37071.3,0.2693,45741.6,0.2692,96384471.8,25238857.7108
1753504571407,04:36:11.407,okx,ALGO/USDT:USDT,0.2692,1214.0,0.2693,1466.0,0.2692,6770917.0,
1753504571665,04:36:11.665,okx,ALGO/USDT:USDT,0.2692,1294.0,0.2693,1466.0,0.2692,6770917.0,
1753504571909,04:36:11.909,okx,ALGO/USDT:USDT,0.2692,1214.0,0.2693,1466.0,0.2692,6770917.0,
1753504571982,04:36:11.982,bitget,ALGO/USDT:USDT,0.2693,25758.3,0.2694,12557.2,0.2694,59052706.4,15460476.06576
1753504572076,04:36:12.076,binance,ALGO/USDT:USDT,,,,,0.2693,244866480.8,64051053.417
1753504572343,04:36:12.343,bitget,ALGO/USDT:USDT,0.2693,31384.7,0.2694,12557.2,0.2694,59052706.4,15460476.06576
1753504573020,04:36:13.020,bitget,ALGO/USDT:USDT,0.2693,31384.7,0.2694,21557.2,0.2694,59052706.4,15460476.06576
1753504573264,04:36:13.264,bybit,ALGO/USDT:USDT,0.2692,37071.3,0.2693,45787.7,0.2692,96384471.8,25238857.7108
1753504573312,04:36:13.312,okx,ALGO/USDT:USDT,0.2692,1570.0,0.2693,1306.0,0.2692,6770917.0,
1753504573371,04:36:13.371,bitget,ALGO/USDT:USDT,0.2693,30374.4,0.2694,12557.2,0.2694,59052706.4,15460476.06576
1753504573413,04:36:13.413,okx,ALGO/USDT:USDT,0.2692,1247.0,0.2693,1466.0,0.2692,6770917.0,
1753504573520,04:36:13.520,okx,ALGO/USDT:USDT,0.2692,1330.0,0.2693,1466.0,0.2692,6770917.0,
1753504573680,04:36:13.680,bitget,ALGO/USDT:USDT,0.2693,30374.4,0.2694,12557.2,0.2694,59052706.4,15460476.06576
1753504573769,04:36:13.769,okx,ALGO/USDT:USDT,0.2692,1245.0,0.2693,1466.0,0.2692,6770917.0,
1753504573876,04:36:13.876,okx,ALGO/USDT:USDT,0.2692,1142.0,0.2693,1466.0,0.2692,6770917.0,
1753504573963,04:36:13.963,bybit,ALGO/USDT:USDT,0.2692,35272.0,0.2693,45787.7,0.2692,96384471.8,25238857.7108
1753504574006,04:36:14.006,okx,ALGO/USDT:USDT,0.2692,1062.0,0.2693,1730.0,0.2692,6770917.0,
1753504574026,04:36:14.026,bitget,ALGO/USDT:USDT,0.2693,30374.4,0.2694,12557.2,0.2694,59052706.4,15460476.06576
1753504574039,04:36:14.039,binance,ALGO/USDT:USDT,,,,,0.2692,244866578.4,64051079.6909
1753504574108,04:36:14.108,okx,ALGO/USDT:USDT,0.2692,1062.0,0.2693,1466.0,0.2692,6770917.0,
1753504574370,04:36:14.370,okx,ALGO/USDT:USDT,0.2692,1062.0,0.2693,1730.0,0.2692,6770917.0,
1753504574380,04:36:14.380,bitget,ALGO/USDT:USDT,0.2693,30374.4,0.2694,12557.2,0.2694,59052706.4,15460476.06576
1753504574480,04:36:14.480,okx,ALGO/USDT:USDT,0.2692,462.0,0.2693,1835.0,0.2692,6770917.0,
1753504575019,04:36:15.019,bitget,ALGO/USDT:USDT,0.2693,30374.4,0.2694,27567.5,0.2694,59052706.4,15460476.06576
1753504575087,04:36:15.087,okx,ALGO/USDT:USDT,0.2692,462.0,0.2693,1843.0,0.2692,6770917.0,
1753504575190,04:36:15.190,okx,ALGO/USDT:USDT,0.2692,217.0,0.2693,1843.0,0.2692,6770917.0,
1753504575338,04:36:15.338,bitget,ALGO/USDT:USDT,0.2693,7725.1,0.2694,29474.1,0.2694,59052706.4,15460476.06576
1753504575463,04:36:15.463,bybit,ALGO/USDT:USDT,0.2692,35272.0,0.2693,46687.7,0.2692,96384471.8,25238857.7108
1753504575567,04:36:15.567,okx,ALGO/USDT:USDT,0.2692,217.0,0.2693,2443.0,0.2692,6770917.0,
1753504575663,04:36:15.663,bybit,ALGO/USDT:USDT,0.2692,35272.0,0.2693,45786.7,0.2692,96384471.8,25238857.7108
1753504575710,04:36:15.710,bitget,ALGO/USDT:USDT,0.2693,7725.1,0.2694,29474.1,0.2694,59052706.4,15460476.06576
1753504575771,04:36:15.771,okx,ALGO/USDT:USDT,0.2692,237.0,0.2693,2443.0,0.2692,6770917.0,
1753504576064,04:36:16.064,bybit,ALGO/USDT:USDT,0.2692,19272.0,0.2693,45786.7,0.2692,96384471.8,25238857.7108
1753504574563,04:36:14.563,binance,ALGO/USDT:USDT,,,,,0.2692,244866693.7,64051110.7297
1753504576163,04:36:16.163,bybit,ALGO/USDT:USDT,0.2692,19272.0,0.2693,46686.7,0.2692,96384471.8,25238857.7108
1753504576210,04:36:16.210,okx,ALGO/USDT:USDT,0.2692,285.0,0.2693,2443.0,0.2692,6770917.0,
1753504576263,04:36:16.263,bybit,ALGO/USDT:USDT,0.2692,19272.0,0.2693,45786.7,0.2692,96384471.8,25238857.7108
1753504576463,04:36:16.463,bybit,ALGO/USDT:USDT,0.2692,19272.0,0.2693,33323.4,0.2692,96384471.8,25238857.7108
1753504576517,04:36:16.517,okx,ALGO/USDT:USDT,0.2692,620.0,0.2693,1474.0,0.2692,6770917.0,
1753504576563,04:36:16.563,bybit,ALGO/USDT:USDT,0.2692,21071.3,0.2693,33323.4,0.2692,96384471.8,25238857.7108
1753504576663,04:36:16.663,bybit,ALGO/USDT:USDT,0.2692,37071.3,0.2693,33323.4,0.2692,96384471.8,25238857.7108
1753504576647,04:36:16.647,bitget,ALGO/USDT:USDT,0.2693,9631.7,0.2694,28463.8,0.2694,59052706.4,15460476.06576
1753504576764,04:36:16.764,bybit,ALGO/USDT:USDT,0.2692,35272.0,0.2693,33321.8,0.2692,96384471.8,25238857.7108
1753504576765,04:36:16.765,okx,ALGO/USDT:USDT,0.2692,540.0,0.2693,1474.0,0.2692,6770917.0,
1753504576899,04:36:16.899,okx,ALGO/USDT:USDT,0.2692,285.0,0.2693,1843.0,0.2692,6770917.0,
1753504576963,04:36:16.963,bybit,ALGO/USDT:USDT,0.2692,36172.0,0.2693,33321.8,0.2692,96384471.8,25238857.7108
1753504577001,04:36:17.001,bitget,ALGO/USDT:USDT,0.2693,23631.7,0.2694,28463.8,0.2694,59052706.4,15460476.06576
1753504577064,04:36:17.064,bybit,ALGO/USDT:USDT,0.2692,35272.0,0.2693,33321.8,0.2692,96384471.8,25238857.7108
1753504577164,04:36:17.164,bybit,ALGO/USDT:USDT,0.2692,35272.0,0.2693,33320.7,0.2692,96384471.8,25238857.7108
1753504577319,04:36:17.319,bitget,ALGO/USDT:USDT,0.2693,23631.7,0.2694,28463.8,0.2694,59052706.4,15460476.06576
1753504577464,04:36:17.464,bybit,ALGO/USDT:USDT,0.2692,19272.0,0.2693,33320.7,0.2692,96384471.8,25238857.7108
1753504577508,04:36:17.508,okx,ALGO/USDT:USDT,0.2692,285.0,0.2693,2443.0,0.2692,6770917.0,
1753504577664,04:36:17.664,bybit,ALGO/USDT:USDT,0.2692,25272.0,0.2693,33320.7,0.2692,96384471.8,25238857.7108
1753504577636,04:36:17.636,bitget,ALGO/USDT:USDT,0.2693,17725.1,0.2694,28463.8,0.2694,59052706.4,15460476.06576
1753504577864,04:36:17.864,bybit,ALGO/USDT:USDT,0.2692,25267.5,0.2693,33320.7,0.2692,96384471.8,25238857.7108
1753504577887,04:36:17.887,okx,ALGO/USDT:USDT,0.2692,322.0,0.2693,2443.0,0.2692,6770917.0,
1753504577963,04:36:17.963,bybit,ALGO/USDT:USDT,0.2692,19269.8,0.2693,33320.7,0.2692,96384471.8,25238857.7108
1753504577999,04:36:17.999,bitget,ALGO/USDT:USDT,0.2693,7725.1,0.2694,29474.1,0.2694,59052706.4,15460476.06576
1753504578212,04:36:18.212,okx,ALGO/USDT:USDT,0.2692,322.0,0.2693,2074.0,0.2692,6770917.0,
1753504578363,04:36:18.363,bybit,ALGO/USDT:USDT,0.2692,16911.6,0.2693,34220.7,0.2692,96384471.8,25238857.7108
1753504578372,04:36:18.372,bitget,ALGO/USDT:USDT,0.2693,7725.1,0.2694,29474.1,0.2694,59052706.4,15460476.06576
1753504578466,04:36:18.466,okx,ALGO/USDT:USDT,0.2692,322.0,0.2693,2443.0,0.2692,6770917.0,
1753504578564,04:36:18.564,bybit,ALGO/USDT:USDT,0.2692,16911.6,0.2693,33320.7,0.2692,96384471.8,25238857.7108
1753504578664,04:36:18.664,bybit,ALGO/USDT:USDT,0.2692,24911.6,0.2693,34220.7,0.2692,96384471.8,25238857.7108
1753504578685,04:36:18.685,bitget,ALGO/USDT:USDT,0.2692,48282.5,0.2694,29474.1,0.2694,59052706.4,15460476.06576
1753504578991,04:36:18.991,bitget,ALGO/USDT:USDT,0.2693,15299.0,0.2694,28463.8,0.2694,59052706.4,15460476.06576
1753504579339,04:36:19.339,bitget,ALGO/USDT:USDT,0.2693,15299.0,0.2694,29474.1,0.2694,59052706.4,15460476.06576
1753504579663,04:36:19.663,bybit,ALGO/USDT:USDT,0.2692,24911.6,0.2693,33320.7,0.2692,96384471.8,25238857.7108
1753504579659,04:36:19.659,bitget,ALGO/USDT:USDT,0.2693,22561.1,0.2694,28463.8,0.2694,59052706.4,15460476.06576
1753504579711,04:36:19.711,okx,ALGO/USDT:USDT,0.2692,342.0,0.2693,2443.0,0.2692,6770917.0,
1753504579763,04:36:19.763,bybit,ALGO/USDT:USDT,0.2692,16911.6,0.2693,34220.7,0.2692,96384471.8,25238857.7108
1753504579864,04:36:19.864,bybit,ALGO/USDT:USDT,0.2692,16911.6,0.2693,33320.8,0.2692,96384471.8,25238857.7108
1753504579964,04:36:19.964,bybit,ALGO/USDT:USDT,0.2692,16911.6,0.2693,34220.8,0.2692,96384471.8,25238857.7108
1753504579976,04:36:19.976,bitget,ALGO/USDT:USDT,0.2693,22561.1,0.2694,28463.8,0.2694,59052706.4,15460476.06576
1753504580364,04:36:20.364,bybit,ALGO/USDT:USDT,0.2692,16911.6,0.2693,35120.1,0.2692,96384471.8,25238857.7108
1753504580408,04:36:20.408,okx,ALGO/USDT:USDT,0.2691,3751.0,0.2692,612.0,0.2692,6771259.0,
1753504580423,04:36:20.423,bitget,ALGO/USDT:USDT,0.2693,8561.1,0.2694,28463.8,0.2694,59052706.4,15460476.06576
1753504580508,04:36:20.508,okx,ALGO/USDT:USDT,0.2691,1885.0,0.2692,359.0,0.2692,6771259.0,
1753504580563,04:36:20.563,bybit,ALGO/USDT:USDT,0.2692,16911.6,0.2693,34220.1,0.2692,96384471.8,25238857.7108
1753504580609,04:36:20.609,okx,ALGO/USDT:USDT,0.2691,1617.0,0.2692,359.0,0.2692,6771259.0,
1753504580663,04:36:20.663,bybit,ALGO/USDT:USDT,0.2692,16911.6,0.2693,35120.1,0.2692,96384471.8,25238857.7108
1753504581264,04:36:21.264,bybit,ALGO/USDT:USDT,0.2692,16911.6,0.2693,33320.8,0.2692,96384471.8,25238857.7108
1753504581251,04:36:21.251,bitget,ALGO/USDT:USDT,0.2693,3463.0,0.2694,29474.1,0.2694,59052706.4,15460476.06576
1753504581364,04:36:21.364,bybit,ALGO/USDT:USDT,0.2692,21069.1,0.2693,33320.9,0.2692,96384471.8,25238857.7108
1753504581567,04:36:21.567,bitget,ALGO/USDT:USDT,0.2693,11478.0,0.2694,26557.2,0.2694,59052706.4,15460476.06576
1753504581613,04:36:21.613,okx,ALGO/USDT:USDT,0.2692,1219.0,0.2693,1499.0,0.2692,6771618.0,
1753504581664,04:36:21.664,bybit,ALGO/USDT:USDT,0.2692,37069.1,0.2693,33330.5,0.2692,96384471.8,25238857.7108
1753504581764,04:36:21.764,bybit,ALGO/USDT:USDT,0.2692,34710.9,0.2693,33330.5,0.2692,96384471.8,25238857.7108
1753504581754,04:36:21.754,okx,ALGO/USDT:USDT,0.2692,1486.0,0.2693,1499.0,0.2692,6771618.0,
1753504581873,04:36:21.873,okx,ALGO/USDT:USDT,0.2692,513.0,0.2693,1499.0,0.2692,6771618.0,
1753504582039,04:36:22.039,binance,ALGO/USDT:USDT,,,,,0.2692,244866715.7,64051116.6521
1753504582110,04:36:22.110,okx,ALGO/USDT:USDT,0.2692,684.0,0.2693,1499.0,0.2692,6771618.0,
1753504582163,04:36:22.163,bybit,ALGO/USDT:USDT,0.2692,34717.2,0.2693,33324.6,0.2692,96384471.8,25238857.7108
1753504582212,04:36:22.212,okx,ALGO/USDT:USDT,0.2692,953.0,0.2693,1499.0,0.2692,6771618.0,
1753504582318,04:36:22.318,okx,ALGO/USDT:USDT,0.2692,514.0,0.2693,1499.0,0.2692,6771618.0,
1753504582363,04:36:22.363,bybit,ALGO/USDT:USDT,0.2692,18917.9,0.2693,33324.6,0.2692,96384471.8,25238857.7108
1753504582466,04:36:22.466,okx,ALGO/USDT:USDT,0.2692,76.0,0.2693,1768.0,0.2692,6771618.0,
1753504582564,04:36:22.564,bybit,ALGO/USDT:USDT,0.2692,16917.9,0.2693,34224.6,0.2692,96384471.8,25238857.7108
1753504582618,04:36:22.618,bitget,ALGO/USDT:USDT,0.2693,24467.7,0.2694,29274.1,0.2694,59052706.4,15460476.06576
1753504582664,04:36:22.664,bybit,ALGO/USDT:USDT,0.2692,21917.9,0.2693,34224.6,0.2692,96384471.8,25238857.7108
1753504582764,04:36:22.764,bybit,ALGO/USDT:USDT,0.2692,16917.9,0.2693,34224.6,0.2692,96384471.8,25238857.7108
