timestamp,time,symbol,bid,bidVolume,ask,askVolume,lastPrice,baseVolume,quoteVolume
1753460897505,16:28:17.505,AAVE/USDT:USDT,,,,,287.64,1280719.1,369919563.535
1753460902412,16:28:22.412,AAVE/USDT:USDT,,,,,287.68,1280765.8,369932999.339
1753460904102,16:28:24.102,AAVE/USDT:USDT,,,,,287.65,1280770.6,369934380.062
1753460906469,16:28:26.469,AAVE/USDT:USDT,,,,,287.65,1280779.4,369936911.498
1753460908320,16:28:28.320,AAVE/USDT:USDT,,,,,287.81,1280787.2,369939155.826
1753460909683,16:28:29.683,AAVE/USDT:USDT,,,,,287.67,1280793.5,369940968.614
1753460911269,16:28:31.269,AAVE/USDT:USDT,,,,,287.65,1280794.8,369941342.57
1753460915316,16:28:35.316,AAVE/USDT:USDT,,,,,287.65,1280800.1,369942867.115
1753460916553,16:28:36.553,AAVE/USDT:USDT,,,,,287.71,1280809.8,369945657.802
1753460919035,16:28:39.035,AAVE/USDT:USDT,,,,,287.82,1280820.5,369948736.744
1753460920060,16:28:40.060,AAVE/USDT:USDT,,,,,287.72,1280823.9,369949715.231
1753460922768,16:28:42.768,AAVE/USDT:USDT,,,,,287.62,1280867.9,369962372.984
1753460925019,16:28:45.019,AAVE/USDT:USDT,,,,,287.56,1280883.5,369966859.58
1753460926937,16:28:46.937,AAVE/USDT:USDT,,,,,287.6,1280888.3,369968240.027
1753460929470,16:28:49.470,AAVE/USDT:USDT,,,,,287.62,1280888.4,369968268.789
1753460930970,16:28:50.970,AAVE/USDT:USDT,,,,,287.63,1280899.8,369971548.363
1753460932790,16:28:52.790,AAVE/USDT:USDT,,,,,287.66,1280908.1,369973935.629
1753460935302,16:28:55.302,AAVE/USDT:USDT,,,,,287.67,1280921.6,369977819.292
1753460936714,16:28:56.714,AAVE/USDT:USDT,,,,,287.63,1280925.0,369978797.388
1753460939381,16:28:59.381,AAVE/USDT:USDT,,,,,287.25,1281196.3,370056784.218
1753460941048,16:29:01.048,AAVE/USDT:USDT,,,,,287.3,1279907.2,369685175.199
1753460943459,16:29:03.459,AAVE/USDT:USDT,,,,,287.43,1279911.1,369686295.912
1753460944760,16:29:04.760,AAVE/USDT:USDT,,,,,287.5,1279937.6,369693913.603
1753460947151,16:29:07.151,AAVE/USDT:USDT,,,,,287.64,1279943.2,369695524.192
1753460949308,16:29:09.308,AAVE/USDT:USDT,,,,,287.67,1279957.4,369699608.92
1753460950915,16:29:10.915,AAVE/USDT:USDT,,,,,287.74,1279960.3,369700443.26
1753460952987,16:29:12.987,AAVE/USDT:USDT,,,,,287.76,1279960.4,369700472.036
1753460954948,16:29:14.948,AAVE/USDT:USDT,,,,,287.85,1279976.8,369705191.715
1753460957379,16:29:17.379,AAVE/USDT:USDT,,,,,287.93,1279986.0,369707840.409
1753460959435,16:29:19.435,AAVE/USDT:USDT,,,,,287.92,1280014.5,369716047.819
1753460961229,16:29:21.229,AAVE/USDT:USDT,,,,,287.84,1280020.1,369717659.788
1753460962139,16:29:22.139,AAVE/USDT:USDT,,,,,287.82,1280041.8,369723905.354
1753460966987,16:29:26.987,AAVE/USDT:USDT,,,,,287.83,1280044.3,369724624.929
1753460968176,16:29:28.176,AAVE/USDT:USDT,,,,,287.94,1280061.1,369729460.997
1753460970968,16:29:30.968,AAVE/USDT:USDT,,,,,287.96,1280066.9,369731131.136
1753460972717,16:29:32.717,AAVE/USDT:USDT,,,,,287.86,1280079.4,369734730.371
1753460974278,16:29:34.278,AAVE/USDT:USDT,,,,,287.85,1280084.4,369736169.621
1753460976778,16:29:36.778,AAVE/USDT:USDT,,,,,287.87,1280084.7,369736255.982
1753460978648,16:29:38.648,AAVE/USDT:USDT,,,,,287.87,1280096.5,369739652.832
1753460980561,16:29:40.561,AAVE/USDT:USDT,,,,,287.93,1280108.3,369743050.275
1753460981801,16:29:41.801,AAVE/USDT:USDT,,,,,287.95,1280120.9,369746678.445
1753460984782,16:29:44.782,AAVE/USDT:USDT,,,,,287.95,1280122.3,369747081.587
1753460986890,16:29:46.890,AAVE/USDT:USDT,,,,,287.82,1280130.4,369749413.816
1753460988983,16:29:48.983,AAVE/USDT:USDT,,,,,287.72,1280140.2,369752233.467
1753460990259,16:29:50.259,AAVE/USDT:USDT,,,,,287.75,1280143.2,369753096.688
1753460992500,16:29:52.500,AAVE/USDT:USDT,,,,,287.8,1280144.6,369753499.56
1753460994874,16:29:54.874,AAVE/USDT:USDT,,,,,287.86,1280151.1,369755370.6
1753460995503,16:29:55.503,AAVE/USDT:USDT,,,,,287.89,1280163.1,369758825.264
1753460998590,16:29:58.590,AAVE/USDT:USDT,,,,,287.95,1280168.5,369760380.099
1753461001001,16:30:01.001,AAVE/USDT:USDT,,,,,287.95,1279382.4,369534220.995
1753461002985,16:30:02.985,AAVE/USDT:USDT,,,,,287.96,1279385.2,369535027.182
1753461004129,16:30:04.129,AAVE/USDT:USDT,,,,,287.95,1279402.1,369539893.454
1753461006995,16:30:06.995,AAVE/USDT:USDT,,,,,287.91,1279420.0,369545047.734
1753461007737,16:30:07.737,AAVE/USDT:USDT,,,,,287.89,1279424.3,369546285.661
1753461010711,16:30:10.711,AAVE/USDT:USDT,,,,,287.84,1279448.3,369553194.909
1753461012900,16:30:12.900,AAVE/USDT:USDT,,,,,287.91,1279458.3,369556073.447
1753461013823,16:30:13.823,AAVE/USDT:USDT,,,,,287.86,1279459.7,369556476.501
1753461016874,16:30:16.874,AAVE/USDT:USDT,,,,,287.86,1279462.7,369557340.055
1753461018113,16:30:18.113,AAVE/USDT:USDT,,,,,287.85,1279463.7,369557627.905
1753461020233,16:30:20.233,AAVE/USDT:USDT,,,,,287.89,1279468.2,369558923.373
1753461023008,16:30:23.008,AAVE/USDT:USDT,,,,,287.86,1279483.1,369563212.596
1753461024762,16:30:24.762,AAVE/USDT:USDT,,,,,287.81,1279485.3,369563845.821
1753461026635,16:30:26.635,AAVE/USDT:USDT,,,,,287.75,1279493.8,369566292.034
1753461027727,16:30:27.727,AAVE/USDT:USDT,,,,,287.75,1279495.3,369566723.647
1753461030895,16:30:30.895,AAVE/USDT:USDT,,,,,287.79,1279498.2,369567558.164
1753461032802,16:30:32.802,AAVE/USDT:USDT,,,,,287.7,1279534.1,369577887.768
1753461034482,16:30:34.482,AAVE/USDT:USDT,,,,,287.68,1279535.3,369578232.987
1753461035680,16:30:35.680,AAVE/USDT:USDT,,,,,287.66,1279535.8,369578376.826
1753461038277,16:30:38.277,AAVE/USDT:USDT,,,,,287.59,1279539.0,369579297.161
1753461040879,16:30:40.879,AAVE/USDT:USDT,,,,,287.51,1279550.2,369582517.603
1753461042855,16:30:42.855,AAVE/USDT:USDT,,,,,287.52,1279567.5,369587491.497
1753461044946,16:30:44.946,AAVE/USDT:USDT,,,,,287.66,1279646.2,369610131.082
1753461046889,16:30:46.889,AAVE/USDT:USDT,,,,,287.72,1279647.5,369610505.092
1753461047993,16:30:47.993,AAVE/USDT:USDT,,,,,287.7,1279652.2,369611857.19
1753461051010,16:30:51.010,AAVE/USDT:USDT,,,,,287.86,1279667.2,369616173.621
1753461053027,16:30:53.027,AAVE/USDT:USDT,,,,,288.0,1279686.5,369621731.347
1753461053821,16:30:53.821,AAVE/USDT:USDT,,,,,288.02,1279713.3,369629449.605
1753461057017,16:30:57.017,AAVE/USDT:USDT,,,,,288.12,1279717.6,369630688.442
1753461058954,16:30:58.954,AAVE/USDT:USDT,,,,,288.14,1279719.2,369631149.466
1753461060841,16:31:00.841,AAVE/USDT:USDT,,,,,288.05,1277295.5,368933272.939
1753461062939,16:31:02.939,AAVE/USDT:USDT,,,,,288.17,1277299.3,368934367.738
1753461064841,16:31:04.841,AAVE/USDT:USDT,,,,,288.32,1277313.7,368938518.829
1753461066992,16:31:06.992,AAVE/USDT:USDT,,,,,288.37,1277317.5,368939614.474
1753461069036,16:31:09.036,AAVE/USDT:USDT,,,,,288.41,1277320.0,368940335.448
1753461070319,16:31:10.319,AAVE/USDT:USDT,,,,,288.42,1277335.3,368944748.949
1753461072940,16:31:12.940,AAVE/USDT:USDT,,,,,288.61,1277412.5,368967022.413
1753461074848,16:31:14.848,AAVE/USDT:USDT,,,,,288.48,1277454.7,368979202.876
1753461076862,16:31:16.862,AAVE/USDT:USDT,,,,,288.43,1277463.4,368981712.688
1753461078918,16:31:18.918,AAVE/USDT:USDT,,,,,288.46,1277467.4,368982866.474
1753461080677,16:31:20.677,AAVE/USDT:USDT,,,,,288.4,1277471.4,368984020.286
1753461083026,16:31:23.026,AAVE/USDT:USDT,,,,,288.42,1277475.5,368985202.618
1753461083875,16:31:23.875,AAVE/USDT:USDT,,,,,288.45,1277475.8,368985289.152
1753461086828,16:31:26.828,AAVE/USDT:USDT,,,,,288.56,1277492.5,368990107.513
1753461088629,16:31:28.629,AAVE/USDT:USDT,,,,,288.46,1277502.6,368993021.886
1753461090411,16:31:30.411,AAVE/USDT:USDT,,,,,288.46,1277521.5,368998473.945
1753461092667,16:31:32.667,AAVE/USDT:USDT,,,,,288.49,1277537.8,369003176.334
1753461094510,16:31:34.510,AAVE/USDT:USDT,,,,,288.5,1277560.8,369009811.803
1753461096188,16:31:36.188,AAVE/USDT:USDT,,,,,288.56,1277561.8,369010100.338
1753461098208,16:31:38.208,AAVE/USDT:USDT,,,,,288.64,1277598.1,369020576.8
1753461100212,16:31:40.212,AAVE/USDT:USDT,,,,,288.66,1277616.1,369025772.199
1753461102721,16:31:42.721,AAVE/USDT:USDT,,,,,288.72,1277642.0,369033249.039
1753461103772,16:31:43.772,AAVE/USDT:USDT,,,,,288.71,1277655.2,369037060.137
1753461107059,16:31:47.059,AAVE/USDT:USDT,,,,,288.8,1277686.6,369046126.847
1753461109020,16:31:49.020,AAVE/USDT:USDT,,,,,288.78,1277730.4,369058776.536
1753461111115,16:31:51.115,AAVE/USDT:USDT,,,,,288.51,1277803.1,369079759.508
1753461113130,16:31:53.130,AAVE/USDT:USDT,,,,,288.32,1277921.9,369114020.535
1753461114714,16:31:54.714,AAVE/USDT:USDT,,,,,288.37,1277979.3,369130572.115
1753461116765,16:31:56.765,AAVE/USDT:USDT,,,,,288.3,1277990.3,369133743.864
1753461118963,16:31:58.963,AAVE/USDT:USDT,,,,,288.29,1278030.1,369145217.518
1753461120972,16:32:00.972,AAVE/USDT:USDT,,,,,288.36,1276804.3,368792361.531
1753461123098,16:32:03.098,AAVE/USDT:USDT,,,,,288.35,1276829.1,368799514.051
1753461124931,16:32:04.931,AAVE/USDT:USDT,,,,,288.37,1276832.5,368800494.377
1753461126795,16:32:06.795,AAVE/USDT:USDT,,,,,288.49,1276873.6,368812351.716
1753461128975,16:32:08.975,AAVE/USDT:USDT,,,,,288.53,1276888.3,368816592.188
1753461131152,16:32:11.152,AAVE/USDT:USDT,,,,,288.46,1276921.2,368826085.348
1753461132642,16:32:12.642,AAVE/USDT:USDT,,,,,288.31,1276940.3,368831593.261
1753461135042,16:32:15.042,AAVE/USDT:USDT,,,,,288.26,1276950.4,368834505.052
1753461136816,16:32:16.816,AAVE/USDT:USDT,,,,,288.22,1276997.3,368848021.231
1753461139103,16:32:19.103,AAVE/USDT:USDT,,,,,288.19,1277019.0,368854275.065
1753461141109,16:32:21.109,AAVE/USDT:USDT,,,,,288.25,1277022.7,368855341.566
1753461143085,16:32:23.085,AAVE/USDT:USDT,,,,,288.22,1277038.9,368860010.73
1753461144872,16:32:24.872,AAVE/USDT:USDT,,,,,288.38,1277066.2,368867882.187
1753461147083,16:32:27.083,AAVE/USDT:USDT,,,,,288.38,1277115.2,368882011.539
1753461148071,16:32:28.071,AAVE/USDT:USDT,,,,,288.4,1277120.2,368883453.267
1753461151160,16:32:31.160,AAVE/USDT:USDT,,,,,288.33,1277162.1,368895536.381
1753461152790,16:32:32.790,AAVE/USDT:USDT,,,,,288.34,1277189.0,368903292.342
1753461154822,16:32:34.822,AAVE/USDT:USDT,,,,,288.34,1277195.1,368905051.448
1753461156853,16:32:36.853,AAVE/USDT:USDT,,,,,288.4,1277206.5,368908339.309
1753461159070,16:32:39.070,AAVE/USDT:USDT,,,,,288.4,1277212.2,368909983.245
1753461161191,16:32:41.191,AAVE/USDT:USDT,,,,,288.32,1277229.4,368914943.202
1753461163175,16:32:43.175,AAVE/USDT:USDT,,,,,288.22,1277269.3,368926444.266
1753461164914,16:32:44.914,AAVE/USDT:USDT,,,,,288.29,1277291.6,368932873.728
1753461166573,16:32:46.573,AAVE/USDT:USDT,,,,,288.28,1277300.4,368935410.485
1753461167647,16:32:47.647,AAVE/USDT:USDT,,,,,288.4,1277307.8,368937544.144
1753461171036,16:32:51.036,AAVE/USDT:USDT,,,,,288.38,1277330.6,368944119.426
1753461172328,16:32:52.328,AAVE/USDT:USDT,,,,,288.45,1277349.0,368949426.909
1753461174788,16:32:54.788,AAVE/USDT:USDT,,,,,288.39,1277352.2,368950349.829
1753461177299,16:32:57.299,AAVE/USDT:USDT,,,,,288.38,1277352.4,368950407.505
1753461178522,16:32:58.522,AAVE/USDT:USDT,,,,,288.32,1277376.9,368957472.755
1753461181190,16:33:01.190,AAVE/USDT:USDT,,,,,288.24,1276445.6,368689417.317
1753461182853,16:33:02.853,AAVE/USDT:USDT,,,,,288.04,1276479.0,368699041.584
1753461185251,16:33:05.251,AAVE/USDT:USDT,,,,,288.09,1276486.1,368701086.926
1753461187043,16:33:07.043,AAVE/USDT:USDT,,,,,288.06,1276488.1,368701663.054
1753461189240,16:33:09.240,AAVE/USDT:USDT,,,,,288.06,1276493.5,368703218.585
1753461191011,16:33:11.011,AAVE/USDT:USDT,,,,,287.95,1276510.4,368708086.258
1753461193032,16:33:13.032,AAVE/USDT:USDT,,,,,287.99,1276519.0,368710562.956
1753461194871,16:33:14.871,AAVE/USDT:USDT,,,,,288.06,1276550.8,368719720.838
1753461197160,16:33:17.160,AAVE/USDT:USDT,,,,,287.87,1276564.2,368723579.794
1753461198754,16:33:18.754,AAVE/USDT:USDT,,,,,287.93,1276566.0,368724097.953
1753461200788,16:33:20.788,AAVE/USDT:USDT,,,,,287.92,1276566.5,368724241.901
1753461203299,16:33:23.299,AAVE/USDT:USDT,,,,,288.0,1276611.5,368737201.047
1753461205094,16:33:25.094,AAVE/USDT:USDT,,,,,287.95,1276619.8,368739591.327
1753461207254,16:33:27.254,AAVE/USDT:USDT,,,,,288.04,1276626.5,368741521.292
1753461209228,16:33:29.228,AAVE/USDT:USDT,,,,,288.13,1276645.5,368746994.726
1753461210785,16:33:30.785,AAVE/USDT:USDT,,,,,288.16,1276652.7,368749069.476
1753461212918,16:33:32.918,AAVE/USDT:USDT,,,,,288.14,1276668.5,368753622.085
1753461214759,16:33:34.759,AAVE/USDT:USDT,,,,,288.09,1276721.6,368768923.087
1753461216343,16:33:36.343,AAVE/USDT:USDT,,,,,288.07,1276723.3,368769412.826
1753461218560,16:33:38.560,AAVE/USDT:USDT,,,,,288.17,1276735.4,368772899.05
1753461220510,16:33:40.510,AAVE/USDT:USDT,,,,,288.1,1276764.2,368781197.33
1753461222848,16:33:42.848,AAVE/USDT:USDT,,,,,288.15,1276765.8,368781658.358
1753461224981,16:33:44.981,AAVE/USDT:USDT,,,,,288.13,1276789.0,368788343.161
1753461226348,16:33:46.348,AAVE/USDT:USDT,,,,,288.11,1276790.7,368788832.948
1753461229152,16:33:49.152,AAVE/USDT:USDT,,,,,288.09,1276803.6,368792549.357
1753461231022,16:33:51.022,AAVE/USDT:USDT,,,,,288.14,1276806.1,368793269.639
1753461233355,16:33:53.355,AAVE/USDT:USDT,,,,,287.99,1276842.4,368803725.216
1753461235336,16:33:55.336,AAVE/USDT:USDT,,,,,287.68,1276973.4,368841431.914
1753461237347,16:33:57.347,AAVE/USDT:USDT,,,,,287.65,1277042.0,368861164.666
1753461238907,16:33:58.907,AAVE/USDT:USDT,,,,,287.58,1277054.7,368864817.214
1753461240855,16:34:00.855,AAVE/USDT:USDT,,,,,287.56,1275723.9,368482219.065
1753461243353,16:34:03.353,AAVE/USDT:USDT,,,,,287.55,1275745.6,368488459.079
1753461245146,16:34:05.146,AAVE/USDT:USDT,,,,,287.51,1275832.1,368513332.977
1753461247298,16:34:07.298,AAVE/USDT:USDT,,,,,287.63,1275861.4,368521759.706
1753461249223,16:34:09.223,AAVE/USDT:USDT,,,,,287.56,1275903.3,368533808.016
1753461251360,16:34:11.360,AAVE/USDT:USDT,,,,,287.5,1275909.0,368535446.92
1753461253356,16:34:13.356,AAVE/USDT:USDT,,,,,287.53,1275913.8,368536826.929
1753461255043,16:34:15.043,AAVE/USDT:USDT,,,,,287.47,1275919.8,368538551.983
1753461257138,16:34:17.138,AAVE/USDT:USDT,,,,,287.32,1275934.6,368542805.901
1753461259180,16:34:19.180,AAVE/USDT:USDT,,,,,287.48,1275954.2,368548440.035
1753461261241,16:34:21.241,AAVE/USDT:USDT,,,,,287.37,1275962.1,368550710.565
1753461262827,16:34:22.827,AAVE/USDT:USDT,,,,,287.47,1275972.9,368553814.646
1753461263706,16:34:23.706,AAVE/USDT:USDT,,,,,287.46,1275973.0,368553843.392
1753461266852,16:34:26.852,AAVE/USDT:USDT,,,,,287.51,1275976.8,368554935.897
1753461269166,16:34:29.166,AAVE/USDT:USDT,,,,,287.53,1275992.3,368559392.588
1753461271320,16:34:31.320,AAVE/USDT:USDT,,,,,287.47,1276002.8,368562411.289
1753461272782,16:34:32.782,AAVE/USDT:USDT,,,,,287.49,1276003.9,368562727.513
1753461275173,16:34:35.173,AAVE/USDT:USDT,,,,,287.49,1276023.3,368568303.53
1753461277185,16:34:37.185,AAVE/USDT:USDT,,,,,287.7,1276106.8,368592316.602
1753461279060,16:34:39.060,AAVE/USDT:USDT,,,,,287.61,1276115.2,368594732.673
1753461281225,16:34:41.225,AAVE/USDT:USDT,,,,,287.58,1276121.6,368596573.289
1753461282661,16:34:42.661,AAVE/USDT:USDT,,,,,287.56,1276183.6,368614400.891
1753461284068,16:34:44.068,AAVE/USDT:USDT,,,,,287.52,1276202.0,368619691.337
1753461287185,16:34:47.185,AAVE/USDT:USDT,,,,,287.51,1276219.6,368624751.794
1753461289146,16:34:49.146,AAVE/USDT:USDT,,,,,287.51,1276263.6,368637401.48
1753461291044,16:34:51.044,AAVE/USDT:USDT,,,,,287.52,1276268.9,368638925.359
1753461293262,16:34:53.262,AAVE/USDT:USDT,,,,,287.46,1276285.8,368643783.52
1753461294275,16:34:54.275,AAVE/USDT:USDT,,,,,287.45,1276286.8,368644070.97
1753461296278,16:34:56.278,AAVE/USDT:USDT,,,,,287.42,1276297.2,368647060.197
1753461297923,16:34:57.923,AAVE/USDT:USDT,,,,,287.36,1276324.7,368654963.549
1753461301173,16:35:01.173,AAVE/USDT:USDT,,,,,287.35,1275502.0,368418292.668
1753461303162,16:35:03.162,AAVE/USDT:USDT,,,,,287.39,1275512.9,368421425.417
1753461305193,16:35:05.193,AAVE/USDT:USDT,,,,,287.52,1275519.2,368423236.471
1753461307226,16:35:07.226,AAVE/USDT:USDT,,,,,287.61,1275524.5,368424760.765
1753461309158,16:35:09.158,AAVE/USDT:USDT,,,,,287.46,1275530.3,368426428.408
1753461311429,16:35:11.429,AAVE/USDT:USDT,,,,,287.26,1275544.6,368430537.261
1753461313415,16:35:13.415,AAVE/USDT:USDT,,,,,287.27,1275562.6,368435708.134
1753461315342,16:35:15.342,AAVE/USDT:USDT,,,,,287.24,1275563.6,368435995.375
1753461317019,16:35:17.019,AAVE/USDT:USDT,,,,,287.24,1275566.7,368436885.808
1753461319311,16:35:19.311,AAVE/USDT:USDT,,,,,287.21,1275623.1,368453084.227
1753461321326,16:35:21.326,AAVE/USDT:USDT,,,,,287.22,1275634.5,368456358.067
1753461322923,16:35:22.923,AAVE/USDT:USDT,,,,,287.17,1275642.2,368458569.513
1753461325438,16:35:25.438,AAVE/USDT:USDT,,,,,287.3,1275648.4,368460350.67
1753461327156,16:35:27.156,AAVE/USDT:USDT,,,,,287.3,1275651.6,368461270.03
1753461329418,16:35:29.418,AAVE/USDT:USDT,,,,,287.22,1275658.8,368463338.303
1753461331390,16:35:31.390,AAVE/USDT:USDT,,,,,287.06,1275666.9,368465664.101
1753461333290,16:35:33.290,AAVE/USDT:USDT,,,,,287.03,1275670.4,368466668.768
1753461335025,16:35:35.025,AAVE/USDT:USDT,,,,,286.9,1275772.9,368496081.02
1753461336917,16:35:36.917,AAVE/USDT:USDT,,,,,286.88,1275775.1,368496712.158
1753461338852,16:35:38.852,AAVE/USDT:USDT,,,,,286.89,1275780.7,368498318.777
1753461341345,16:35:41.345,AAVE/USDT:USDT,,,,,286.77,1275790.4,368501101.231
1753461343316,16:35:43.316,AAVE/USDT:USDT,,,,,286.63,1275810.2,368506777.07
1753461345019,16:35:45.019,AAVE/USDT:USDT,,,,,286.64,1275824.4,368510847.917
1753461347387,16:35:47.387,AAVE/USDT:USDT,,,,,286.6,1275832.0,368513026.142
1753461349273,16:35:49.273,AAVE/USDT:USDT,,,,,286.57,1275837.9,368514716.964
1753461351009,16:35:51.009,AAVE/USDT:USDT,,,,,286.51,1275844.2,368516522.132
1753461353433,16:35:53.433,AAVE/USDT:USDT,,,,,286.36,1276118.1,368594968.742
1753461355024,16:35:55.024,AAVE/USDT:USDT,,,,,286.33,1276123.8,368596600.924
1753461357385,16:35:57.385,AAVE/USDT:USDT,,,,,286.55,1276175.4,368611381.752
1753461359044,16:35:59.044,AAVE/USDT:USDT,,,,,286.51,1276195.3,368617083.341
1753461361474,16:36:01.474,AAVE/USDT:USDT,,,,,286.64,1274753.3,368202846.674
1753461363475,16:36:03.475,AAVE/USDT:USDT,,,,,286.6,1274767.5,368206917.036
1753461364786,16:36:04.786,AAVE/USDT:USDT,,,,,286.64,1274784.0,368211646.185
1753461367378,16:36:07.378,AAVE/USDT:USDT,,,,,286.65,1274807.5,368218381.309
1753461369341,16:36:09.341,AAVE/USDT:USDT,,,,,286.85,1274847.3,368229795.145
1753461370865,16:36:10.865,AAVE/USDT:USDT,,,,,286.88,1274866.0,368235159.58
1753461373216,16:36:13.216,AAVE/USDT:USDT,,,,,286.9,1274868.1,368235762.019
1753461375254,16:36:15.254,AAVE/USDT:USDT,,,,,286.95,1274881.7,368239664.313
1753461377493,16:36:17.493,AAVE/USDT:USDT,,,,,286.9,1274883.9,368240295.632
1753461379390,16:36:19.390,AAVE/USDT:USDT,,,,,286.9,1274887.3,368241271.122
1753461380809,16:36:20.809,AAVE/USDT:USDT,,,,,286.91,1274889.0,368241758.851
1753461383291,16:36:23.291,AAVE/USDT:USDT,,,,,286.92,1274899.3,368244714.158
1753461385439,16:36:25.439,AAVE/USDT:USDT,,,,,286.95,1274900.2,368244972.403
1753461387379,16:36:27.379,AAVE/USDT:USDT,,,,,286.99,1274911.9,368248330.362
1753461389162,16:36:29.162,AAVE/USDT:USDT,,,,,287.0,1274913.3,368248732.147
1753461391135,16:36:31.135,AAVE/USDT:USDT,,,,,286.92,1274926.1,368252404.882
1753461393073,16:36:33.073,AAVE/USDT:USDT,,,,,287.0,1274958.4,368261674.001
1753461395326,16:36:35.326,AAVE/USDT:USDT,,,,,286.95,1274962.8,368262936.594
1753461397593,16:36:37.593,AAVE/USDT:USDT,,,,,286.98,1274962.9,368262965.292
1753461399555,16:36:39.555,AAVE/USDT:USDT,,,,,286.79,1275084.1,368297734.622
1753461401582,16:36:41.582,AAVE/USDT:USDT,,,,,286.82,1275191.9,368328653.119
1753461403530,16:36:43.530,AAVE/USDT:USDT,,,,,286.75,1275211.4,368334245.774
1753461405584,16:36:45.584,AAVE/USDT:USDT,,,,,286.61,1275422.5,368394750.247
1753461406953,16:36:46.953,AAVE/USDT:USDT,,,,,286.74,1275432.6,368397645.614
1753461409472,16:36:49.472,AAVE/USDT:USDT,,,,,286.71,1275442.7,368400541.071
1753461411420,16:36:51.420,AAVE/USDT:USDT,,,,,286.88,1275539.2,368428217.853
1753461412841,16:36:52.841,AAVE/USDT:USDT,,,,,286.88,1275541.0,368428734.237
1753461415580,16:36:55.580,AAVE/USDT:USDT,,,,,286.83,1275558.9,368433869.037
1753461417156,16:36:57.156,AAVE/USDT:USDT,,,,,286.76,1275596.4,368444623.608
1753461418861,16:36:58.861,AAVE/USDT:USDT,,,,,286.79,1275597.4,368444910.385
1753461421470,16:37:01.470,AAVE/USDT:USDT,,,,,286.69,1274279.4,368066719.745
1753461423526,16:37:03.526,AAVE/USDT:USDT,,,,,286.73,1274284.5,368068182.039
1753461424825,16:37:04.825,AAVE/USDT:USDT,,,,,286.62,1274288.3,368069271.243
1753461427315,16:37:07.315,AAVE/USDT:USDT,,,,,286.62,1274298.9,368072309.419
1753461428976,16:37:08.976,AAVE/USDT:USDT,,,,,286.67,1274300.2,368072682.058
1753461431561,16:37:11.561,AAVE/USDT:USDT,,,,,286.64,1274308.5,368075061.305
1753461433200,16:37:13.200,AAVE/USDT:USDT,,,,,286.68,1274312.2,368076121.971
1753461434847,16:37:14.847,AAVE/USDT:USDT,,,,,286.75,1274317.7,368077699.081
1753461437093,16:37:17.093,AAVE/USDT:USDT,,,,,286.76,1274360.8,368090058.148
1753461439372,16:37:19.372,AAVE/USDT:USDT,,,,,286.72,1274363.5,368090832.25
1753461441287,16:37:21.287,AAVE/USDT:USDT,,,,,286.72,1274364.3,368091061.633
1753461442241,16:37:22.241,AAVE/USDT:USDT,,,,,286.72,1274366.2,368091606.4
1753461445628,16:37:25.628,AAVE/USDT:USDT,,,,,286.6,1274376.1,368094444.298
1753461446008,16:37:26.008,AAVE/USDT:USDT,,,,,286.57,1274381.3,368095934.504
1753461448981,16:37:28.981,AAVE/USDT:USDT,,,,,286.63,1274393.2,368099345.029
1753461451422,16:37:31.422,AAVE/USDT:USDT,,,,,286.5,1274403.6,368102325.165
1753461452155,16:37:32.155,AAVE/USDT:USDT,,,,,286.55,1274404.9,368102697.645
1753461455624,16:37:35.624,AAVE/USDT:USDT,,,,,286.74,1274433.2,368110810.221
1753461456849,16:37:36.849,AAVE/USDT:USDT,,,,,286.83,1274501.2,368130312.632
1753461459411,16:37:39.411,AAVE/USDT:USDT,,,,,286.76,1274519.3,368135503.761
1753461461613,16:37:41.613,AAVE/USDT:USDT,,,,,286.52,1274728.6,368195499.216
1753461462319,16:37:42.319,AAVE/USDT:USDT,,,,,286.61,1274742.8,368199568.26
1753461465590,16:37:45.590,AAVE/USDT:USDT,,,,,286.77,1274805.6,368217574.663
1753461467084,16:37:47.084,AAVE/USDT:USDT,,,,,286.66,1274810.4,368218950.756
1753461469671,16:37:49.671,AAVE/USDT:USDT,,,,,286.61,1275002.5,368274016.759
1753461471358,16:37:51.358,AAVE/USDT:USDT,,,,,286.64,1275035.4,368283445.932
1753461473629,16:37:53.629,AAVE/USDT:USDT,,,,,286.72,1275035.9,368283589.28
1753461475411,16:37:55.411,AAVE/USDT:USDT,,,,,286.66,1275066.2,368292276.686
1753461477758,16:37:57.758,AAVE/USDT:USDT,,,,,286.65,1275066.3,368292305.351
1753461480035,16:38:00.035,AAVE/USDT:USDT,,,,,286.68,1271760.0,367344798.857
1753461482002,16:38:02.002,AAVE/USDT:USDT,,,,,286.59,1271804.1,367357440.259
1753461484007,16:38:04.007,AAVE/USDT:USDT,,,,,286.58,1271811.6,367359589.831
1753461486025,16:38:06.025,AAVE/USDT:USDT,,,,,286.63,1271815.8,367360793.718
1753461487321,16:38:07.321,AAVE/USDT:USDT,,,,,286.58,1271821.6,367362456.105
1753461489310,16:38:09.310,AAVE/USDT:USDT,,,,,286.51,1271830.6,367365034.882
1753461490215,16:38:10.215,AAVE/USDT:USDT,,,,,286.61,1271860.4,367373575.53
1753461493025,16:38:13.025,AAVE/USDT:USDT,,,,,286.54,1271862.6,367374205.945
1753461495886,16:38:15.886,AAVE/USDT:USDT,,,,,286.62,1271924.2,367391859.676
1753461497358,16:38:17.358,AAVE/USDT:USDT,,,,,286.52,1271930.0,367393521.927
1753461499762,16:38:19.762,AAVE/USDT:USDT,,,,,286.53,1271932.1,367394123.6
1753461501979,16:38:21.979,AAVE/USDT:USDT,,,,,286.53,1271937.1,367395556.396
1753461502687,16:38:22.687,AAVE/USDT:USDT,,,,,286.55,1271940.0,367396387.37
1753461506053,16:38:26.053,AAVE/USDT:USDT,,,,,286.62,1271950.5,367399396.446
1753461508043,16:38:28.043,AAVE/USDT:USDT,,,,,286.72,1271959.6,367402005.219
1753461509336,16:38:29.336,AAVE/USDT:USDT,,,,,287.01,1272094.5,367440705.817
1753461511474,16:38:31.474,AAVE/USDT:USDT,,,,,287.14,1272116.7,367447078.748
1753461513933,16:38:33.933,AAVE/USDT:USDT,,,,,287.17,1272134.2,367452103.898
1753461516064,16:38:36.064,AAVE/USDT:USDT,,,,,287.09,1272137.4,367453022.75
1753461517773,16:38:37.773,AAVE/USDT:USDT,,,,,287.12,1272147.2,367455836.338
1753461519052,16:38:39.052,AAVE/USDT:USDT,,,,,287.12,1272147.6,367455951.187
1753461522041,16:38:42.041,AAVE/USDT:USDT,,,,,287.15,1272154.9,367458047.366
1753461524059,16:38:44.059,AAVE/USDT:USDT,,,,,287.0,1272175.0,367463817.958
1753461525492,16:38:45.492,AAVE/USDT:USDT,,,,,287.07,1272180.0,367465253.094
1753461528052,16:38:48.052,AAVE/USDT:USDT,,,,,287.05,1272185.2,367466745.823
1753461529995,16:38:49.995,AAVE/USDT:USDT,,,,,287.09,1272199.6,367470879.81
1753461530767,16:38:50.767,AAVE/USDT:USDT,,,,,287.05,1272200.2,367471052.051
1753461533780,16:38:53.780,AAVE/USDT:USDT,,,,,287.05,1272201.7,367471482.626
1753461537919,16:38:57.919,AAVE/USDT:USDT,,,,,287.13,1272201.8,367471511.339
1753461539871,16:38:59.871,AAVE/USDT:USDT,,,,,287.16,1272211.2,367474210.569
1753461541916,16:39:01.916,AAVE/USDT:USDT,,,,,287.02,1270340.9,366938766.304
1753461543758,16:39:03.758,AAVE/USDT:USDT,,,,,287.01,1270346.3,366940316.223
1753461545440,16:39:05.440,AAVE/USDT:USDT,,,,,286.91,1270360.4,366944362.123
1753461547600,16:39:07.600,AAVE/USDT:USDT,,,,,286.92,1270362.2,366944878.563
1753461549515,16:39:09.515,AAVE/USDT:USDT,,,,,286.89,1270367.9,366946513.874
1753461551577,16:39:11.577,AAVE/USDT:USDT,,,,,286.83,1270377.7,366949325.089
1753461552891,16:39:12.891,AAVE/USDT:USDT,,,,,286.85,1270377.9,366949382.458
1753461555877,16:39:15.877,AAVE/USDT:USDT,,,,,286.79,1270386.2,366951762.971
1753461557699,16:39:17.699,AAVE/USDT:USDT,,,,,286.73,1270397.1,366954888.785
1753461559923,16:39:19.923,AAVE/USDT:USDT,,,,,286.7,1270401.7,366956207.675
1753461561695,16:39:21.695,AAVE/USDT:USDT,,,,,286.63,1270413.5,366959590.256
1753461562959,16:39:22.959,AAVE/USDT:USDT,,,,,286.59,1270420.7,366961653.839
1753461565499,16:39:25.499,AAVE/USDT:USDT,,,,,286.58,1270427.6,366963631.306
1753461566981,16:39:26.981,AAVE/USDT:USDT,,,,,286.61,1270438.4,366966726.594
1753461569686,16:39:29.686,AAVE/USDT:USDT,,,,,286.68,1270441.6,366967643.817
1753461571869,16:39:31.869,AAVE/USDT:USDT,,,,,286.61,1270455.8,366971714.229
1753461572911,16:39:32.911,AAVE/USDT:USDT,,,,,286.52,1270463.8,366974006.665
1753461575646,16:39:35.646,AAVE/USDT:USDT,,,,,286.57,1270478.8,366978304.395
1753461577818,16:39:37.818,AAVE/USDT:USDT,,,,,286.61,1270481.2,366978992.237
1753461578555,16:39:38.555,AAVE/USDT:USDT,,,,,286.57,1270481.4,366979049.551
1753461580470,16:39:40.470,AAVE/USDT:USDT,,,,,286.61,1270482.2,366979278.821
1753461583279,16:39:43.279,AAVE/USDT:USDT,,,,,286.61,1270482.4,366979336.141
1753461585629,16:39:45.629,AAVE/USDT:USDT,,,,,286.58,1270484.8,366980023.975
1753461587087,16:39:47.087,AAVE/USDT:USDT,,,,,286.6,1270485.0,366980081.294
1753461589526,16:39:49.526,AAVE/USDT:USDT,,,,,286.57,1270495.2,366983004.322
1753461591667,16:39:51.667,AAVE/USDT:USDT,,,,,286.67,1270499.4,366984208.144
1753461593970,16:39:53.970,AAVE/USDT:USDT,,,,,286.76,1270500.9,366984638.22
1753461595878,16:39:55.878,AAVE/USDT:USDT,,,,,286.72,1270508.4,366986788.715
1753461597228,16:39:57.228,AAVE/USDT:USDT,,,,,286.71,1270514.9,366988652.11
1753461599611,16:39:59.611,AAVE/USDT:USDT,,,,,286.73,1270515.2,366988738.127
1753461601761,16:40:01.761,AAVE/USDT:USDT,,,,,286.82,1268928.9,366533684.669
1753461603565,16:40:03.565,AAVE/USDT:USDT,,,,,286.85,1268931.9,366534545.224
1753461605527,16:40:05.527,AAVE/USDT:USDT,,,,,286.86,1268942.8,366537671.756
1753461607238,16:40:07.238,AAVE/USDT:USDT,,,,,286.89,1268944.4,366538130.745
1753461609761,16:40:09.761,AAVE/USDT:USDT,,,,,286.89,1268951.6,366540196.454
1753461611904,16:40:11.904,AAVE/USDT:USDT,,,,,286.89,1268952.8,366540540.701
1753461613983,16:40:13.983,AAVE/USDT:USDT,,,,,286.91,1268955.3,366541257.984
1753461615946,16:40:15.946,AAVE/USDT:USDT,,,,,286.86,1268956.8,366541688.322
1753461617914,16:40:17.914,AAVE/USDT:USDT,,,,,286.88,1268963.6,366543638.978
1753461619093,16:40:19.093,AAVE/USDT:USDT,,,,,286.88,1268965.8,366544270.114
1753461621660,16:40:21.660,AAVE/USDT:USDT,,,,,286.92,1268971.6,366545934.123
1753461623482,16:40:23.482,AAVE/USDT:USDT,,,,,286.83,1268975.1,366546938.165
1753461627393,16:40:27.393,AAVE/USDT:USDT,,,,,286.88,1268975.6,366547081.605
1753461629381,16:40:29.381,AAVE/USDT:USDT,,,,,286.94,1268979.4,366548171.9
1753461630616,16:40:30.616,AAVE/USDT:USDT,,,,,286.94,1268985.9,366550037.004
1753461632883,16:40:32.883,AAVE/USDT:USDT,,,,,286.99,1268988.6,366550811.808
1753461634459,16:40:34.459,AAVE/USDT:USDT,,,,,286.94,1269025.2,366561314.421
1753461637377,16:40:37.377,AAVE/USDT:USDT,,,,,287.01,1269032.2,366563323.32
1753461638598,16:40:38.598,AAVE/USDT:USDT,,,,,287.0,1269045.1,366567025.969
1753461641802,16:40:41.802,AAVE/USDT:USDT,,,,,287.04,1269045.2,366567054.673
1753461643063,16:40:43.063,AAVE/USDT:USDT,,,,,287.07,1269048.8,366568088.1
1753461645322,16:40:45.322,AAVE/USDT:USDT,,,,,287.06,1269054.0,366569580.757
1753461647258,16:40:47.258,AAVE/USDT:USDT,,,,,287.12,1269069.3,366573973.234
1753461649671,16:40:49.671,AAVE/USDT:USDT,,,,,287.13,1269073.2,366575093.001
1753461651160,16:40:51.160,AAVE/USDT:USDT,,,,,287.12,1269083.5,366578050.414
1753461653554,16:40:53.554,AAVE/USDT:USDT,,,,,287.06,1269090.7,366580117.41
1753461655770,16:40:55.770,AAVE/USDT:USDT,,,,,287.1,1269093.6,366580949.793
1753461657388,16:40:57.388,AAVE/USDT:USDT,,,,,287.11,1269095.4,366581466.583
1753461659737,16:40:59.737,AAVE/USDT:USDT,,,,,287.11,1269096.2,366581696.271
1753461661065,16:41:01.065,AAVE/USDT:USDT,,,,,287.13,1267840.8,366221582.462
1753461663463,16:41:03.463,AAVE/USDT:USDT,,,,,287.17,1267848.6,366223822.134
1753461665142,16:41:05.142,AAVE/USDT:USDT,,,,,287.18,1267850.4,366224339.058
1753461667787,16:41:07.787,AAVE/USDT:USDT,,,,,287.48,1267903.6,366239625.385
1753461669739,16:41:09.739,AAVE/USDT:USDT,,,,,287.53,1267951.5,366253399.896
1753461671645,16:41:11.645,AAVE/USDT:USDT,,,,,287.44,1267969.4,366258545.958
1753461673613,16:41:13.613,AAVE/USDT:USDT,,,,,287.35,1267984.8,366262971.778
1753461675730,16:41:15.730,AAVE/USDT:USDT,,,,,287.46,1267991.0,366264753.613
1753461677605,16:41:17.605,AAVE/USDT:USDT,,,,,287.62,1268131.1,366305040.73
1753461679830,16:41:19.830,AAVE/USDT:USDT,,,,,287.72,1268136.3,366306536.653
1753461681490,16:41:21.490,AAVE/USDT:USDT,,,,,287.76,1268143.8,366308694.605
1753461683481,16:41:23.481,AAVE/USDT:USDT,,,,,287.82,1268149.0,366310191.147
1753461685813,16:41:25.813,AAVE/USDT:USDT,,,,,287.84,1268151.3,366310853.162
1753461687550,16:41:27.550,AAVE/USDT:USDT,,,,,287.84,1268151.8,366310997.082
1753461689683,16:41:29.683,AAVE/USDT:USDT,,,,,287.84,1268156.9,366312465.067
1753461691552,16:41:31.552,AAVE/USDT:USDT,,,,,287.82,1268168.9,366315918.88
1753461692509,16:41:32.509,AAVE/USDT:USDT,,,,,287.85,1268176.7,366318164.095
1753461695664,16:41:35.664,AAVE/USDT:USDT,,,,,287.91,1268179.1,366318855.021
1753461697523,16:41:37.523,AAVE/USDT:USDT,,,,,287.92,1268179.8,366319056.565
1753461699589,16:41:39.589,AAVE/USDT:USDT,,,,,287.79,1268207.0,366326886.705
1753461700285,16:41:40.285,AAVE/USDT:USDT,,,,,287.76,1268210.6,366327922.675
1753461703663,16:41:43.663,AAVE/USDT:USDT,,,,,287.76,1268213.4,366328728.374
1753461705705,16:41:45.705,AAVE/USDT:USDT,,,,,287.92,1268225.7,366332269.426
1753461707821,16:41:47.821,AAVE/USDT:USDT,,,,,287.96,1268233.5,366334515.38
1753461709105,16:41:49.105,AAVE/USDT:USDT,,,,,287.97,1268238.2,366335868.839
1753461712569,16:41:52.569,AAVE/USDT:USDT,,,,,287.98,1268238.5,366335955.233
1753461713986,16:41:53.986,AAVE/USDT:USDT,,,,,287.96,1268254.2,366340476.464
1753461715861,16:41:55.861,AAVE/USDT:USDT,,,,,287.93,1268255.8,366340937.202
1753461718179,16:41:58.179,AAVE/USDT:USDT,,,,,287.93,1268270.1,366345054.601
1753461720523,16:42:00.523,AAVE/USDT:USDT,,,,,287.98,1267059.1,365998302.043
1753461721218,16:42:01.218,AAVE/USDT:USDT,,,,,288.01,1267063.1,365999454.05
1753461723907,16:42:03.907,AAVE/USDT:USDT,,,,,288.04,1267065.9,366000260.533
1753461726540,16:42:06.540,AAVE/USDT:USDT,,,,,288.11,1267077.0,366003457.891
1753461728549,16:42:08.549,AAVE/USDT:USDT,,,,,288.27,1267204.1,366040090.226
1753461730572,16:42:10.572,AAVE/USDT:USDT,,,,,288.29,1267381.3,366091182.756
1753461732450,16:42:12.450,AAVE/USDT:USDT,,,,,288.38,1267403.4,366097554.168
1753461734560,16:42:14.560,AAVE/USDT:USDT,,,,,288.33,1267414.3,366100696.664
1753461736287,16:42:16.287,AAVE/USDT:USDT,,,,,288.4,1267424.2,366103551.43
1753461736820,16:42:16.820,AAVE/USDT:USDT,,,,,288.46,1267427.8,366104589.831
1753461740265,16:42:20.265,AAVE/USDT:USDT,,,,,288.3,1267439.1,366107848.908
1753461742573,16:42:22.573,AAVE/USDT:USDT,,,,,288.35,1267450.8,366111222.371
1753461744204,16:42:24.204,AAVE/USDT:USDT,,,,,288.41,1267453.0,366111856.809
1753461746360,16:42:26.360,AAVE/USDT:USDT,,,,,288.39,1267465.5,366115461.765
1753461748053,16:42:28.053,AAVE/USDT:USDT,,,,,288.41,1267465.6,366115490.606
1753461749146,16:42:29.146,AAVE/USDT:USDT,,,,,288.4,1267469.7,366116673.069
1753461753977,16:42:33.977,AAVE/USDT:USDT,,,,,288.41,1267469.8,366116701.91
1753461755726,16:42:35.726,AAVE/USDT:USDT,,,,,288.25,1267535.2,366135557.313
1753461759658,16:42:39.658,AAVE/USDT:USDT,,,,,288.23,1267535.3,366135586.136
1753461760994,16:42:40.994,AAVE/USDT:USDT,,,,,288.12,1267560.0,366142703.737
1753461762506,16:42:42.506,AAVE/USDT:USDT,,,,,288.05,1267566.1,366144460.959
1753461765197,16:42:45.197,AAVE/USDT:USDT,,,,,287.98,1267577.8,366147830.597
1753461766981,16:42:46.981,AAVE/USDT:USDT,,,,,288.0,1267594.1,366152525.108
1753461768484,16:42:48.484,AAVE/USDT:USDT,,,,,287.93,1267601.9,366154771.075
1753461771646,16:42:51.646,AAVE/USDT:USDT,,,,,287.97,1267603.3,366155174.197
1753461773043,16:42:53.043,AAVE/USDT:USDT,,,,,287.99,1267606.3,366156038.164
1753461775637,16:42:55.637,AAVE/USDT:USDT,,,,,287.85,1267646.4,366167582.964
1753461776760,16:42:56.760,AAVE/USDT:USDT,,,,,287.81,1267670.8,366174606.237
1753461779534,16:42:59.534,AAVE/USDT:USDT,,,,,287.75,1267719.2,366188534.659
1753461781675,16:43:01.675,AAVE/USDT:USDT,,,,,287.99,1267008.2,365984880.195
1753461783644,16:43:03.644,AAVE/USDT:USDT,,,,,287.87,1267092.5,366009150.572
1753461784704,16:43:04.704,AAVE/USDT:USDT,,,,,287.92,1267092.9,366009265.736
1753461787629,16:43:07.629,AAVE/USDT:USDT,,,,,287.86,1267099.2,366011079.472
1753461788260,16:43:08.260,AAVE/USDT:USDT,,,,,287.82,1267102.5,366012029.294
1753461791429,16:43:11.429,AAVE/USDT:USDT,,,,,287.78,1267116.9,366016173.628
1753461793365,16:43:13.365,AAVE/USDT:USDT,,,,,287.91,1267132.4,366020634.713
1753461795167,16:43:15.167,AAVE/USDT:USDT,,,,,287.92,1267135.5,366021527.132
1753461797628,16:43:17.628,AAVE/USDT:USDT,,,,,287.88,1267146.4,366024665.101
1753461798904,16:43:18.904,AAVE/USDT:USDT,,,,,287.85,1267146.7,366024751.459
1753461801520,16:43:21.520,AAVE/USDT:USDT,,,,,287.8,1267199.4,366039919.528
1753461803525,16:43:23.525,AAVE/USDT:USDT,,,,,287.86,1267200.3,366040178.585
1753461804970,16:43:24.970,AAVE/USDT:USDT,,,,,287.85,1267200.5,366040236.155
1753461809365,16:43:29.365,AAVE/USDT:USDT,,,,,287.86,1267200.7,366040293.727
1753461811142,16:43:31.142,AAVE/USDT:USDT,,,,,287.9,1267231.2,366049075.355
1753461813328,16:43:33.328,AAVE/USDT:USDT,,,,,287.98,1267246.2,366053393.753
1753461814739,16:43:34.739,AAVE/USDT:USDT,,,,,287.99,1267247.7,366053825.732
1753461816875,16:43:36.875,AAVE/USDT:USDT,,,,,288.01,1267249.0,366054200.136
1753461819168,16:43:39.168,AAVE/USDT:USDT,,,,,288.1,1267261.0,366057656.928
1753461821335,16:43:41.335,AAVE/USDT:USDT,,,,,288.02,1267275.1,366061718.48
1753461822489,16:43:42.489,AAVE/USDT:USDT,,,,,287.99,1267279.1,366062870.472
1753461824644,16:43:44.644,AAVE/USDT:USDT,,,,,288.03,1267287.5,366065289.774
1753461827073,16:43:47.073,AAVE/USDT:USDT,,,,,288.09,1267288.4,366065549.036
1753461829123,16:43:49.123,AAVE/USDT:USDT,,,,,288.11,1267291.7,366066499.823
1753461832574,16:43:52.574,AAVE/USDT:USDT,,,,,288.14,1267292.4,366066701.521
1753461832574,16:43:52.574,AAVE/USDT:USDT,,,,,288.14,1267294.7,366067364.243
1753461837197,16:43:57.197,AAVE/USDT:USDT,,,,,288.12,1267297.5,366068170.979
1753461838560,16:43:58.560,AAVE/USDT:USDT,,,,,288.2,1267309.7,366071686.251
1753461840689,16:44:00.689,AAVE/USDT:USDT,,,,,288.19,1266329.4,365790900.228
1753461842638,16:44:02.638,AAVE/USDT:USDT,,,,,288.23,1266333.5,365792081.813
1753461844903,16:44:04.903,AAVE/USDT:USDT,,,,,288.3,1266339.4,365793782.645
1753461846873,16:44:06.873,AAVE/USDT:USDT,,,,,288.37,1266363.1,365800615.826
1753461849522,16:44:09.522,AAVE/USDT:USDT,,,,,288.38,1266363.2,365800644.664
1753461851195,16:44:11.195,AAVE/USDT:USDT,,,,,288.34,1266380.6,365805662.304
1753461853766,16:44:13.766,AAVE/USDT:USDT,,,,,288.36,1266380.7,365805691.14
1753461855700,16:44:15.700,AAVE/USDT:USDT,,,,,288.23,1266414.3,365815377.564
1753461857140,16:44:17.140,AAVE/USDT:USDT,,,,,288.32,1266433.5,365820912.52
1753461858049,16:44:18.049,AAVE/USDT:USDT,,,,,288.3,1266435.1,365821373.8
1753461861589,16:44:21.589,AAVE/USDT:USDT,,,,,288.3,1266444.8,365824170.238
1753501103329,03:38:23.329,AAVE/USDT:USDT,,,,,297.79,1085804.8,315249995.416
1753501112489,03:38:32.489,AAVE/USDT:USDT,,,,,297.78,1085804.9,315250025.194
1753501113065,03:38:33.065,AAVE/USDT:USDT,,,,,297.82,1085809.2,315251305.73
1753501115670,03:38:35.670,AAVE/USDT:USDT,,,,,297.83,1085810.4,315251663.118
1753501118125,03:38:38.125,AAVE/USDT:USDT,,,,,297.83,1085812.0,315252139.646
1753501118904,03:38:38.904,AAVE/USDT:USDT,,,,,297.85,1085818.8,315254165.089
1753501124713,03:38:44.713,AAVE/USDT:USDT,,,,,297.87,1085818.9,315254194.876
1753501124713,03:38:44.713,AAVE/USDT:USDT,,,,,297.87,1085821.9,315255088.486
1753501127721,03:38:47.721,AAVE/USDT:USDT,,,,,297.93,1085825.3,315256101.384
1753501129161,03:38:49.161,AAVE/USDT:USDT,,,,,297.95,1085825.9,315256280.149
1753501133512,03:38:53.512,AAVE/USDT:USDT,,,,,297.96,1085826.0,315256309.945
1753501135027,03:38:55.027,AAVE/USDT:USDT,,,,,298.0,1085835.2,315259051.354
1753501138416,03:38:58.416,AAVE/USDT:USDT,,,,,298.02,1085835.3,315259081.156
1753501138419,03:38:58.419,AAVE/USDT:USDT,,,,,298.02,1085839.9,315260452.048
1753501141523,03:39:01.523,AAVE/USDT:USDT,,,,,298.09,1084792.2,314965762.508
1753501144142,03:39:04.142,AAVE/USDT:USDT,,,,,298.02,1084820.7,314974257.801
1753501146109,03:39:06.109,AAVE/USDT:USDT,,,,,298.02,1084822.0,314974645.227
1753501148761,03:39:08.761,AAVE/USDT:USDT,,,,,298.02,1084822.1,314974675.029
1753501150627,03:39:10.627,AAVE/USDT:USDT,,,,,298.01,1084831.9,314977595.599
1753501150805,03:39:10.805,AAVE/USDT:USDT,,,,,298.01,1084851.6,314983466.396
1753501154761,03:39:14.761,AAVE/USDT:USDT,,,,,298.02,1084876.6,314990916.967
