timestamp,time,symbol,bid,bidVolume,ask,askVolume,lastPrice,baseVolume,quoteVolume
1753460898959,16:28:18.959,ALGO/USDT:USDT,,,,,0.2568,302764673.7,78929611.8175
1753460905772,16:28:25.772,ALGO/USDT:USDT,,,,,0.2568,302765843.7,78929912.2735
1753460906769,16:28:26.769,ALGO/USDT:USDT,,,,,0.2568,302768736.2,78930655.0675
1753460908034,16:28:28.034,ALGO/USDT:USDT,,,,,0.2569,302770019.2,78930984.6702
1753460911318,16:28:31.318,ALGO/USDT:USDT,,,,,0.2568,302770155.6,78931019.6978
1753460912904,16:28:32.904,ALGO/USDT:USDT,,,,,0.2569,302770251.5,78931044.3345
1753460914936,16:28:34.936,ALGO/USDT:USDT,,,,,0.2568,302770303.6,78931057.7137
1753460918345,16:28:38.345,ALGO/USDT:USDT,,,,,0.2569,302770333.3,78931065.3437
1753460919737,16:28:39.737,ALGO/USDT:USDT,,,,,0.2569,302774528.4,78932143.0649
1753460923607,16:28:43.607,ALGO/USDT:USDT,,,,,0.2569,302779577.9,78933440.2814
1753460924775,16:28:44.775,ALGO/USDT:USDT,,,,,0.2568,302779710.4,78933474.3074
1753460927846,16:28:47.846,ALGO/USDT:USDT,,,,,0.2568,302781458.8,78933923.2965
1753460929568,16:28:49.568,ALGO/USDT:USDT,,,,,0.2569,302782083.6,78934083.7813
1753460934354,16:28:54.354,ALGO/USDT:USDT,,,,,0.257,302782105.1,78934089.3068
1753460934570,16:28:54.570,ALGO/USDT:USDT,,,,,0.257,302788594.7,78935757.134
1753460937904,16:28:57.904,ALGO/USDT:USDT,,,,,0.2567,302866210.5,78955684.1076
1753460940117,16:29:00.117,ALGO/USDT:USDT,,,,,0.2566,302510369.2,78860871.0502
1753460941497,16:29:01.497,ALGO/USDT:USDT,,,,,0.2566,302516183.8,78862363.0375
1753460943155,16:29:03.155,ALGO/USDT:USDT,,,,,0.2567,302516704.7,78862496.7526
1753460946059,16:29:06.059,ALGO/USDT:USDT,,,,,0.2569,302521320.9,78863682.2109
1753460948817,16:29:08.817,ALGO/USDT:USDT,,,,,0.257,302521500.9,78863728.4709
1753460949988,16:29:09.988,ALGO/USDT:USDT,,,,,0.257,302541330.0,78868824.5496
1753460953617,16:29:13.617,ALGO/USDT:USDT,,,,,0.257,302543816.5,78869463.5801
1753460954395,16:29:14.395,ALGO/USDT:USDT,,,,,0.2571,302545046.6,78869779.8388
1753460956844,16:29:16.844,ALGO/USDT:USDT,,,,,0.2572,302554899.7,78872314.0561
1753460959427,16:29:19.427,ALGO/USDT:USDT,,,,,0.2572,302554964.4,78872330.697
1753460961843,16:29:21.843,ALGO/USDT:USDT,,,,,0.2571,302555400.0,78872442.6897
1753460961843,16:29:21.843,ALGO/USDT:USDT,,,,,0.2571,302555777.9,78872539.8478
1753460964856,16:29:24.856,ALGO/USDT:USDT,,,,,0.2571,302565087.4,78874933.3203
1753460969641,16:29:29.641,ALGO/USDT:USDT,,,,,0.2572,302565225.1,78874968.7367
1753460969641,16:29:29.641,ALGO/USDT:USDT,,,,,0.2572,302565442.2,78875024.5748
1753460972545,16:29:32.545,ALGO/USDT:USDT,,,,,0.2572,302572840.5,78876927.4176
1753460977671,16:29:37.671,ALGO/USDT:USDT,,,,,0.2572,302572900.6,78876942.8753
1753460978647,16:29:38.647,ALGO/USDT:USDT,,,,,0.2572,302572939.6,78876952.9061
1753460980550,16:29:40.550,ALGO/USDT:USDT,,,,,0.2573,302573533.2,78877105.6186
1753460981800,16:29:41.800,ALGO/USDT:USDT,,,,,0.2573,302580870.6,78878993.5316
1753460986183,16:29:46.183,ALGO/USDT:USDT,,,,,0.2573,302580934.8,78879010.0503
1753460987101,16:29:47.101,ALGO/USDT:USDT,,,,,0.2572,302581158.2,78879067.5199
1753460989618,16:29:49.618,ALGO/USDT:USDT,,,,,0.2572,302581226.3,78879085.0352
1753460991512,16:29:51.512,ALGO/USDT:USDT,,,,,0.2572,302581309.7,78879106.4857
1753460993583,16:29:53.583,ALGO/USDT:USDT,,,,,0.2573,302581719.6,78879211.953
1753460995506,16:29:55.506,ALGO/USDT:USDT,,,,,0.2574,302584475.4,78879921.2959
1753460997510,16:29:57.510,ALGO/USDT:USDT,,,,,0.2574,302585324.2,78880139.777
1753461000139,16:30:00.139,ALGO/USDT:USDT,,,,,0.2574,302185651.3,78774222.6779
1753461000559,16:30:00.559,ALGO/USDT:USDT,,,,,0.2574,302185815.5,78774264.943
1753461003864,16:30:03.864,ALGO/USDT:USDT,,,,,0.2575,302187010.5,78774572.6555
1753461005292,16:30:05.292,ALGO/USDT:USDT,,,,,0.2576,302194744.1,78776564.8308
1753461007913,16:30:07.913,ALGO/USDT:USDT,,,,,0.2575,302196353.4,78776979.2363
1753461010704,16:30:10.704,ALGO/USDT:USDT,,,,,0.2574,302196394.1,78776989.7125
1753461012624,16:30:12.624,ALGO/USDT:USDT,,,,,0.2575,302245260.4,78789568.5376
1753461014625,16:30:14.625,ALGO/USDT:USDT,,,,,0.2573,302247951.9,78790261.1465
1753461019245,16:30:19.245,ALGO/USDT:USDT,,,,,0.2574,302248098.1,78790298.7784
1753461019364,16:30:19.364,ALGO/USDT:USDT,,,,,0.2575,302248385.4,78790372.737
1753461022057,16:30:22.057,ALGO/USDT:USDT,,,,,0.2573,302249041.5,78790541.5515
1753461024576,16:30:24.576,ALGO/USDT:USDT,,,,,0.2573,302249064.8,78790547.5466
1753461030678,16:30:30.678,ALGO/USDT:USDT,,,,,0.2573,302249216.5,78790586.579
1753461031671,16:30:31.671,ALGO/USDT:USDT,,,,,0.2572,302250398.3,78790890.5531
1753461035584,16:30:35.584,ALGO/USDT:USDT,,,,,0.2571,302250406.1,78790892.5585
1753461036993,16:30:36.993,ALGO/USDT:USDT,,,,,0.257,302262738.8,78794063.2935
1753461039527,16:30:39.527,ALGO/USDT:USDT,,,,,0.257,302267183.8,78795205.6585
1753461040903,16:30:40.903,ALGO/USDT:USDT,,,,,0.257,302277074.2,78797747.4913
1753461042307,16:30:42.307,ALGO/USDT:USDT,,,,,0.257,302277167.8,78797771.5465
1753461044478,16:30:44.478,ALGO/USDT:USDT,,,,,0.2572,302279589.1,78798394.2717
1753461047036,16:30:47.036,ALGO/USDT:USDT,,,,,0.2573,302283759.4,78799467.2899
1753461049314,16:30:49.314,ALGO/USDT:USDT,,,,,0.2574,302287099.6,78800327.0574
1753461050908,16:30:50.908,ALGO/USDT:USDT,,,,,0.2575,302291270.2,78801400.9869
1753461053020,16:30:53.020,ALGO/USDT:USDT,,,,,0.2576,302306067.2,78805212.6941
1753461055630,16:30:55.630,ALGO/USDT:USDT,,,,,0.2575,302306087.6,78805217.9471
1753461055630,16:30:55.630,ALGO/USDT:USDT,,,,,0.2575,302306107.1,78805222.9683
1753461060163,16:31:00.163,ALGO/USDT:USDT,,,,,0.2575,301705676.1,78645714.6958
1753461060472,16:31:00.472,ALGO/USDT:USDT,,,,,0.2576,301713654.6,78647769.9574
1753461062922,16:31:02.922,ALGO/USDT:USDT,,,,,0.2577,301718139.7,78648925.7636
1753461064423,16:31:04.423,ALGO/USDT:USDT,,,,,0.2579,301719959.9,78649395.1457
1753461067411,16:31:07.411,ALGO/USDT:USDT,,,,,0.2579,301721120.3,78649694.4129
1753461069168,16:31:09.168,ALGO/USDT:USDT,,,,,0.2581,301723176.2,78650224.8498
1753461071790,16:31:11.790,ALGO/USDT:USDT,,,,,0.2581,301723548.8,78650321.0178
1753461073187,16:31:13.187,ALGO/USDT:USDT,,,,,0.2583,301724648.1,78650604.9396
1753461075488,16:31:15.488,ALGO/USDT:USDT,,,,,0.2581,301726606.7,78651110.613
1753461076331,16:31:16.331,ALGO/USDT:USDT,,,,,0.2581,301727506.4,78651342.741
1753461078243,16:31:18.243,ALGO/USDT:USDT,,,,,0.258,301760825.1,78659938.9656
1753461080674,16:31:20.674,ALGO/USDT:USDT,,,,,0.258,301760900.9,78659958.5257
1753461082637,16:31:22.637,ALGO/USDT:USDT,,,,,0.258,301760959.5,78659973.6445
1753461085699,16:31:25.699,ALGO/USDT:USDT,,,,,0.258,301762734.0,78660431.4655
1753461089629,16:31:29.629,ALGO/USDT:USDT,,,,,0.258,301763042.3,78660511.0069
1753461090727,16:31:30.727,ALGO/USDT:USDT,,,,,0.2581,301763131.3,78660533.9695
1753461094205,16:31:34.205,ALGO/USDT:USDT,,,,,0.2581,301763151.1,78660539.0798
1753461096412,16:31:36.412,ALGO/USDT:USDT,,,,,0.2581,301763173.9,78660544.9645
1753461097678,16:31:37.678,ALGO/USDT:USDT,,,,,0.2582,301765082.5,78661037.5783
1753461102378,16:31:42.378,ALGO/USDT:USDT,,,,,0.2583,301765255.4,78661082.2383
1753461103710,16:31:43.710,ALGO/USDT:USDT,,,,,0.2583,301767666.9,78661705.1288
1753461109441,16:31:49.441,ALGO/USDT:USDT,,,,,0.2583,301767687.3,78661710.3981
1753461111212,16:31:51.212,ALGO/USDT:USDT,,,,,0.258,301880334.0,78690779.5987
1753461113160,16:31:53.160,ALGO/USDT:USDT,,,,,0.2579,301890395.7,78693374.5135
1753461115593,16:31:55.593,ALGO/USDT:USDT,,,,,0.2579,301890434.4,78693384.4942
1753461117095,16:31:57.095,ALGO/USDT:USDT,,,,,0.2579,301890792.0,78693476.7213
1753461118132,16:31:58.132,ALGO/USDT:USDT,,,,,0.2579,301891635.1,78693694.1568
1753461120891,16:32:00.891,ALGO/USDT:USDT,,,,,0.2579,301652603.3,78630090.97
1753461123524,16:32:03.524,ALGO/USDT:USDT,,,,,0.2578,301655458.1,78630826.9499
1753461125504,16:32:05.504,ALGO/USDT:USDT,,,,,0.2578,301657712.8,78631408.2115
1753461126424,16:32:06.424,ALGO/USDT:USDT,,,,,0.2579,301657833.5,78631439.3401
1753461131881,16:32:11.881,ALGO/USDT:USDT,,,,,0.2578,301657853.9,78631444.5992
1753461133777,16:32:13.777,ALGO/USDT:USDT,,,,,0.2578,301661036.3,78632265.0219
1753461135290,16:32:15.290,ALGO/USDT:USDT,,,,,0.2576,301679808.2,78637102.3244
1753461136586,16:32:16.586,ALGO/USDT:USDT,,,,,0.2578,301691560.8,78640131.0014
1753461137934,16:32:17.934,ALGO/USDT:USDT,,,,,0.2576,301691804.1,78640193.6755
1753461141588,16:32:21.588,ALGO/USDT:USDT,,,,,0.2577,301695208.4,78641070.9594
1753461143233,16:32:23.233,ALGO/USDT:USDT,,,,,0.2577,301699048.9,78642060.6562
1753461144731,16:32:24.731,ALGO/USDT:USDT,,,,,0.2578,301706283.1,78643925.633
1753461147381,16:32:27.381,ALGO/USDT:USDT,,,,,0.2578,301710952.6,78645129.4301
1753461149959,16:32:29.959,ALGO/USDT:USDT,,,,,0.2577,301711219.7,78645198.2618
1753461157290,16:32:37.290,ALGO/USDT:USDT,,,,,0.2578,301711390.1,78645242.1909
1753461157497,16:32:37.497,ALGO/USDT:USDT,,,,,0.2578,301711578.2,78645290.6831
1753461160905,16:32:40.905,ALGO/USDT:USDT,,,,,0.2577,301712195.9,78645449.8769
1753461161974,16:32:41.974,ALGO/USDT:USDT,,,,,0.2576,301731332.9,78650379.5681
1753461165061,16:32:45.061,ALGO/USDT:USDT,,,,,0.2576,301746551.1,78654299.9552
1753461167244,16:32:47.244,ALGO/USDT:USDT,,,,,0.2577,301752914.3,78655939.1402
1753461167650,16:32:47.650,ALGO/USDT:USDT,,,,,0.2578,301755778.0,78656677.4021
1753461171656,16:32:51.656,ALGO/USDT:USDT,,,,,0.2577,301755854.5,78656697.1161
1753461171656,16:32:51.656,ALGO/USDT:USDT,,,,,0.2577,301755895.4,78656707.6561
1753461174678,16:32:54.678,ALGO/USDT:USDT,,,,,0.2578,301755918.7,78656713.6628
1753461177943,16:32:57.943,ALGO/USDT:USDT,,,,,0.2577,301755939.1,78656718.9199
1753461179894,16:32:59.894,ALGO/USDT:USDT,,,,,0.2576,301756240.7,78656796.6399
1753461181160,16:33:01.160,ALGO/USDT:USDT,,,,,0.2575,301124706.8,78488992.1762
1753461182864,16:33:02.864,ALGO/USDT:USDT,,,,,0.2573,301126673.6,78489498.4072
1753461184713,16:33:04.713,ALGO/USDT:USDT,,,,,0.2574,301127394.6,78489683.9866
1753461189837,16:33:09.837,ALGO/USDT:USDT,,,,,0.2573,301127458.8,78489700.5053
1753461191005,16:33:11.005,ALGO/USDT:USDT,,,,,0.2572,301135391.9,78491741.2594
1753461193790,16:33:13.790,ALGO/USDT:USDT,,,,,0.2572,301141420.1,78493291.6281
1753461195715,16:33:15.715,ALGO/USDT:USDT,,,,,0.2572,301164872.9,78499324.5066
1753461196897,16:33:16.897,ALGO/USDT:USDT,,,,,0.2571,301168280.8,78500200.6777
1753461199778,16:33:19.778,ALGO/USDT:USDT,,,,,0.2571,301168932.9,78500368.3326
1753461201490,16:33:21.490,ALGO/USDT:USDT,,,,,0.2572,301169068.9,78500403.3118
1753461204263,16:33:24.263,ALGO/USDT:USDT,,,,,0.2572,301169599.6,78500539.8078
1753461205597,16:33:25.597,ALGO/USDT:USDT,,,,,0.2573,301169780.2,78500586.2601
1753461208245,16:33:28.245,ALGO/USDT:USDT,,,,,0.2573,301183209.0,78504041.4903
1753461208951,16:33:28.951,ALGO/USDT:USDT,,,,,0.2574,301183271.3,78504057.5263
1753461211753,16:33:31.753,ALGO/USDT:USDT,,,,,0.2574,301183343.7,78504076.1621
1753461214593,16:33:34.593,ALGO/USDT:USDT,,,,,0.2574,301183367.0,78504082.1595
1753461216055,16:33:36.055,ALGO/USDT:USDT,,,,,0.2574,301183426.2,78504097.3976
1753461218501,16:33:38.501,ALGO/USDT:USDT,,,,,0.2575,301197296.0,78507667.8232
1753461221235,16:33:41.235,ALGO/USDT:USDT,,,,,0.2575,301197334.8,78507677.8142
1753461224375,16:33:44.375,ALGO/USDT:USDT,,,,,0.2574,301197415.7,78507698.6378
1753461225994,16:33:45.994,ALGO/USDT:USDT,,,,,0.2574,301197790.3,78507795.0599
1753461230905,16:33:50.905,ALGO/USDT:USDT,,,,,0.2574,301197914.7,78507827.0804
1753461230905,16:33:50.905,ALGO/USDT:USDT,,,,,0.2574,301197998.4,78507848.6248
1753461234639,16:33:54.639,ALGO/USDT:USDT,,,,,0.2569,301270463.0,78526475.1092
1753461236433,16:33:56.433,ALGO/USDT:USDT,,,,,0.2567,301319418.4,78539047.0397
1753461238380,16:33:58.380,ALGO/USDT:USDT,,,,,0.2566,301344614.9,78545512.7134
1753461240052,16:34:00.052,ALGO/USDT:USDT,,,,,0.2567,300924908.0,78434195.3578
1753461242295,16:34:02.295,ALGO/USDT:USDT,,,,,0.2567,300925880.5,78434444.9986
1753461244296,16:34:04.296,ALGO/USDT:USDT,,,,,0.2567,300925980.0,78434470.5402
1753461246166,16:34:06.166,ALGO/USDT:USDT,,,,,0.2567,300926031.6,78434483.7859
1753461247299,16:34:07.299,ALGO/USDT:USDT,,,,,0.2567,300930262.9,78435569.9606
1753461250876,16:34:10.876,ALGO/USDT:USDT,,,,,0.2567,300931092.6,78435782.8637
1753461252649,16:34:12.649,ALGO/USDT:USDT,,,,,0.2567,300931300.8,78435836.3087
1753461254966,16:34:14.966,ALGO/USDT:USDT,,,,,0.2566,300931505.4,78435888.809
1753461256951,16:34:16.951,ALGO/USDT:USDT,,,,,0.2565,300940365.3,78438161.3972
1753461258544,16:34:18.544,ALGO/USDT:USDT,,,,,0.2567,300950449.4,78440748.8527
1753461260204,16:34:20.204,ALGO/USDT:USDT,,,,,0.2567,300952629.1,78441308.3817
1753461262321,16:34:22.321,ALGO/USDT:USDT,,,,,0.2567,300954658.7,78441829.38
1753461266757,16:34:26.757,ALGO/USDT:USDT,,,,,0.2568,300954701.6,78441840.3968
1753461268711,16:34:28.711,ALGO/USDT:USDT,,,,,0.2568,300955713.4,78442100.227
1753461272317,16:34:32.317,ALGO/USDT:USDT,,,,,0.2568,300955735.6,78442105.928
1753461273973,16:34:33.973,ALGO/USDT:USDT,,,,,0.2567,300956816.5,78442383.4927
1753461276023,16:34:36.023,ALGO/USDT:USDT,,,,,0.257,300991153.9,78451206.1283
1753461277675,16:34:37.675,ALGO/USDT:USDT,,,,,0.257,300991273.9,78451236.9683
1753461281757,16:34:41.757,ALGO/USDT:USDT,,,,,0.2568,300991338.2,78451253.4805
1753461281757,16:34:41.757,ALGO/USDT:USDT,,,,,0.2568,300991540.0,78451305.3028
1753461291695,16:34:51.695,ALGO/USDT:USDT,,,,,0.2568,300995533.4,78452330.8079
1753461293669,16:34:53.669,ALGO/USDT:USDT,,,,,0.257,301067923.8,78470935.3969
1753461294290,16:34:54.290,ALGO/USDT:USDT,,,,,0.257,301068428.8,78471065.1431
1753461297471,16:34:57.471,ALGO/USDT:USDT,,,,,0.2569,301069250.0,78471276.1094
1753461300327,16:35:00.327,ALGO/USDT:USDT,,,,,0.2568,300885356.7,78422494.6688
1753461301268,16:35:01.268,ALGO/USDT:USDT,,,,,0.2568,300888681.4,78423348.4518
1753461303416,16:35:03.416,ALGO/USDT:USDT,,,,,0.2569,300888978.2,78423424.6945
1753461305286,16:35:05.286,ALGO/USDT:USDT,,,,,0.257,300896730.8,78425417.1025
1753461307935,16:35:07.935,ALGO/USDT:USDT,,,,,0.2569,300899231.3,78426059.8119
1753461310130,16:35:10.130,ALGO/USDT:USDT,,,,,0.2568,300899825.1,78426212.3056
1753461311680,16:35:11.680,ALGO/USDT:USDT,,,,,0.2567,300903908.5,78427260.5144
1753461312601,16:35:12.601,ALGO/USDT:USDT,,,,,0.2568,300904146.6,78427321.6585
1753461314722,16:35:14.722,ALGO/USDT:USDT,,,,,0.2567,300904230.4,78427343.1699
1753461316644,16:35:16.644,ALGO/USDT:USDT,,,,,0.2567,300904314.2,78427364.6814
1753461319429,16:35:19.429,ALGO/USDT:USDT,,,,,0.2568,300904851.4,78427502.6344
1753461321926,16:35:21.926,ALGO/USDT:USDT,,,,,0.2568,300912848.8,78429556.3667
1753461324826,16:35:24.826,ALGO/USDT:USDT,,,,,0.2569,300912925.3,78429576.0195
1753461326669,16:35:26.669,ALGO/USDT:USDT,,,,,0.2569,300914686.1,78430028.369
1753461329423,16:35:29.423,ALGO/USDT:USDT,,,,,0.2568,300914700.5,78430032.067
1753461331362,16:35:31.362,ALGO/USDT:USDT,,,,,0.2566,300924465.5,78432538.0786
1753461332205,16:35:32.205,ALGO/USDT:USDT,,,,,0.2566,300926978.6,78433182.7734
1753461334000,16:35:34.000,ALGO/USDT:USDT,,,,,0.2565,300927160.4,78433229.4051
1753461336435,16:35:36.435,ALGO/USDT:USDT,,,,,0.2565,300928470.2,78433565.3688
1753461337641,16:35:37.641,ALGO/USDT:USDT,,,,,0.2565,300930729.8,78434144.9562
1753461341356,16:35:41.356,ALGO/USDT:USDT,,,,,0.2564,300939733.5,78436453.5499
1753461343380,16:35:43.380,ALGO/USDT:USDT,,,,,0.2562,300952068.5,78439616.1587
1753461343842,16:35:43.842,ALGO/USDT:USDT,,,,,0.2563,300952164.6,78439640.7891
1753461348525,16:35:48.525,ALGO/USDT:USDT,,,,,0.2562,300952229.0,78439657.2884
1753461349876,16:35:49.876,ALGO/USDT:USDT,,,,,0.2562,300954002.6,78440111.6847
1753461350830,16:35:50.830,ALGO/USDT:USDT,,,,,0.2561,300955821.0,78440577.377
1753461353524,16:35:53.524,ALGO/USDT:USDT,,,,,0.2561,300956211.4,78440677.3584
1753461356380,16:35:56.380,ALGO/USDT:USDT,,,,,0.256,300958488.1,78441260.1936
1753461357045,16:35:57.045,ALGO/USDT:USDT,,,,,0.2561,300958922.3,78441371.3922
1753461360733,16:36:00.733,ALGO/USDT:USDT,,,,,0.2562,300295498.6,78265841.8176
1753461360733,16:36:00.733,ALGO/USDT:USDT,,,,,0.2562,300300289.8,78267069.323
1753461364079,16:36:04.079,ALGO/USDT:USDT,,,,,0.2563,300300311.7,78267074.936
1753461366591,16:36:06.591,ALGO/USDT:USDT,,,,,0.2563,300304827.6,78268232.3612
1753461367379,16:36:07.379,ALGO/USDT:USDT,,,,,0.2563,300305319.3,78268358.3839
1753461370242,16:36:10.242,ALGO/USDT:USDT,,,,,0.2566,300339136.6,78277031.393
1753461373870,16:36:13.870,ALGO/USDT:USDT,,,,,0.2566,300339362.2,78277089.2819
1753461374484,16:36:14.484,ALGO/USDT:USDT,,,,,0.2566,300344156.3,78278319.448
1753461377412,16:36:17.412,ALGO/USDT:USDT,,,,,0.2566,300346355.8,78278883.8504
1753461381275,16:36:21.275,ALGO/USDT:USDT,,,,,0.2566,300346379.1,78278889.8292
1753461383190,16:36:23.190,ALGO/USDT:USDT,,,,,0.2566,300350036.0,78279828.1897
1753461387333,16:36:27.333,ALGO/USDT:USDT,,,,,0.2566,300350085.4,78279840.8658
1753461387333,16:36:27.333,ALGO/USDT:USDT,,,,,0.2566,300350457.8,78279936.4236
1753461390885,16:36:30.885,ALGO/USDT:USDT,,,,,0.2565,300352090.8,78280355.2881
1753461392158,16:36:32.158,ALGO/USDT:USDT,,,,,0.2565,300354109.6,78280873.1103
1753461399065,16:36:39.065,ALGO/USDT:USDT,,,,,0.2565,300355473.8,78281223.0276
1753461401663,16:36:41.663,ALGO/USDT:USDT,,,,,0.2563,300423938.6,78298772.0306
1753461404553,16:36:44.553,ALGO/USDT:USDT,,,,,0.2562,300424022.6,78298793.5514
1753461407749,16:36:47.749,ALGO/USDT:USDT,,,,,0.2562,300427970.1,78299804.9009
1753461407749,16:36:47.749,ALGO/USDT:USDT,,,,,0.2562,300435758.9,78301800.3914
1753461410833,16:36:50.833,ALGO/USDT:USDT,,,,,0.2564,300443812.8,78303864.8898
1753461413994,16:36:53.994,ALGO/USDT:USDT,,,,,0.2564,300443847.4,78303873.7613
1753461415056,16:36:55.056,ALGO/USDT:USDT,,,,,0.2564,300446356.8,78304517.1714
1753461416205,16:36:56.205,ALGO/USDT:USDT,,,,,0.2564,300446480.5,78304548.8881
1753461420517,16:37:00.517,ALGO/USDT:USDT,,,,,0.2562,300028260.0,78193959.9644
1753461421850,16:37:01.850,ALGO/USDT:USDT,,,,,0.2562,300035670.3,78195857.8192
1753461424817,16:37:04.817,ALGO/USDT:USDT,,,,,0.2561,300036149.3,78195980.4911
1753461426354,16:37:06.354,ALGO/USDT:USDT,,,,,0.2561,300037722.1,78196383.2852
1753461428701,16:37:08.701,ALGO/USDT:USDT,,,,,0.2562,300038006.4,78196456.1101
1753461430461,16:37:10.461,ALGO/USDT:USDT,,,,,0.2562,300040023.3,78196972.8429
1753461430901,16:37:10.901,ALGO/USDT:USDT,,,,,0.2563,300040511.7,78197098.0199
1753461444968,16:37:24.968,ALGO/USDT:USDT,,,,,0.2562,300040532.2,78197103.272
1753461444968,16:37:24.968,ALGO/USDT:USDT,,,,,0.2562,300040979.6,78197217.8958
1753461447319,16:37:27.319,ALGO/USDT:USDT,,,,,0.2562,300041090.1,78197246.2059
1753461451204,16:37:31.204,ALGO/USDT:USDT,,,,,0.2561,300042554.0,78197621.1107
1753461452165,16:37:32.165,ALGO/USDT:USDT,,,,,0.2561,300056198.3,78201115.416
1753461455329,16:37:35.329,ALGO/USDT:USDT,,,,,0.2562,300056371.8,78201159.8667
1753461457017,16:37:37.017,ALGO/USDT:USDT,,,,,0.2565,300127776.4,78219467.246
1753461459707,16:37:39.707,ALGO/USDT:USDT,,,,,0.2563,300127840.8,78219483.7518
1753461461233,16:37:41.233,ALGO/USDT:USDT,,,,,0.2562,300131251.3,78220357.5319
1753461462269,16:37:42.269,ALGO/USDT:USDT,,,,,0.2563,300131565.0,78220437.9332
1753461464204,16:37:44.204,ALGO/USDT:USDT,,,,,0.2563,300131804.1,78220499.2145
1753461469466,16:37:49.466,ALGO/USDT:USDT,,,,,0.2564,300131854.1,78220512.0345
1753461469896,16:37:49.896,ALGO/USDT:USDT,,,,,0.2564,300132116.1,78220579.2113
1753461472573,16:37:52.573,ALGO/USDT:USDT,,,,,0.2565,300136698.3,78221754.5456
1753461477114,16:37:57.114,ALGO/USDT:USDT,,,,,0.2566,300136748.3,78221767.3756
1753461480753,16:38:00.753,ALGO/USDT:USDT,,,,,0.2565,299701425.7,78106696.6286
1753461482308,16:38:02.308,ALGO/USDT:USDT,,,,,0.2564,299705948.3,78107856.6732
1753461485456,16:38:05.456,ALGO/USDT:USDT,,,,,0.2565,299706848.3,78108087.5232
1753461486040,16:38:06.040,ALGO/USDT:USDT,,,,,0.2565,299707030.3,78108134.2062
1753461489269,16:38:09.269,ALGO/USDT:USDT,,,,,0.2564,299707267.5,78108195.0243
1753461491401,16:38:11.401,ALGO/USDT:USDT,,,,,0.2565,299707323.2,78108209.3113
1753461493012,16:38:13.012,ALGO/USDT:USDT,,,,,0.2564,299708462.7,78108501.4948
1753461496918,16:38:16.918,ALGO/USDT:USDT,,,,,0.2564,299708560.4,78108526.545
1753461496918,16:38:16.918,ALGO/USDT:USDT,,,,,0.2564,299708858.5,78108602.9779
1753461500082,16:38:20.082,ALGO/USDT:USDT,,,,,0.2564,299708976.9,78108633.3356
1753461503388,16:38:23.388,ALGO/USDT:USDT,,,,,0.2564,299709019.8,78108644.3352
1753461503388,16:38:23.388,ALGO/USDT:USDT,,,,,0.2564,299709066.7,78108656.3604
1753461506042,16:38:26.042,ALGO/USDT:USDT,,,,,0.2565,299711864.5,78109373.9961
1753461508380,16:38:28.380,ALGO/USDT:USDT,,,,,0.2567,299785954.6,78128391.9108
1753461510578,16:38:30.578,ALGO/USDT:USDT,,,,,0.2569,299805005.5,78133285.2254
1753461513140,16:38:33.140,ALGO/USDT:USDT,,,,,0.257,299814832.7,78135810.8158
1753461513819,16:38:33.819,ALGO/USDT:USDT,,,,,0.2571,299814854.2,78135816.3435
1753461517270,16:38:37.270,ALGO/USDT:USDT,,,,,0.257,299816173.0,78136155.2751
1753461521720,16:38:41.720,ALGO/USDT:USDT,,,,,0.257,299816193.5,78136160.5436
1753461523691,16:38:43.691,ALGO/USDT:USDT,,,,,0.2569,299822722.7,78137837.9114
1753461528918,16:38:48.918,ALGO/USDT:USDT,,,,,0.2569,299824674.0,78138339.2004
1753461530477,16:38:50.477,ALGO/USDT:USDT,,,,,0.2569,299831249.8,78140028.5234
1753461532941,16:38:52.941,ALGO/USDT:USDT,,,,,0.2568,299831347.9,78140053.7154
1753461533503,16:38:53.503,ALGO/USDT:USDT,,,,,0.2569,299831998.6,78140220.8803
1753461535642,16:38:55.642,ALGO/USDT:USDT,,,,,0.257,299838950.5,78142007.5186
1753461538421,16:38:58.421,ALGO/USDT:USDT,,,,,0.2571,299839325.3,78142103.8797
1753461540780,16:39:00.780,ALGO/USDT:USDT,,,,,0.2569,299607769.8,78080966.6301
1753461542930,16:39:02.930,ALGO/USDT:USDT,,,,,0.2569,299610613.4,78081697.1509
1753461542956,16:39:02.956,ALGO/USDT:USDT,,,,,0.2569,299610694.4,78081717.9598
1753461550457,16:39:10.457,ALGO/USDT:USDT,,,,,0.2568,299610770.9,78081737.605
1753461552410,16:39:12.410,ALGO/USDT:USDT,,,,,0.2567,299618061.0,78083609.334
1753461552697,16:39:12.697,ALGO/USDT:USDT,,,,,0.2567,299618217.5,78083649.5075
1753461557002,16:39:17.002,ALGO/USDT:USDT,,,,,0.2566,299618281.8,78083666.0069
1753461557002,16:39:17.002,ALGO/USDT:USDT,,,,,0.2566,299618764.8,78083789.9447
1753461562799,16:39:22.799,ALGO/USDT:USDT,,,,,0.2565,299618841.3,78083809.567
1753461562799,16:39:22.799,ALGO/USDT:USDT,,,,,0.2565,299620398.3,78084208.9375
1753461566977,16:39:26.977,ALGO/USDT:USDT,,,,,0.2565,299622079.4,78084640.1396
1753461567172,16:39:27.172,ALGO/USDT:USDT,,,,,0.2565,299623590.1,78085027.6342
1753461569219,16:39:29.219,ALGO/USDT:USDT,,,,,0.2565,299623721.8,78085061.4152
1753461572911,16:39:32.911,ALGO/USDT:USDT,,,,,0.2564,299628769.3,78086355.7448
1753461577269,16:39:37.269,ALGO/USDT:USDT,,,,,0.2564,299628794.3,78086362.1548
1753461577269,16:39:37.269,ALGO/USDT:USDT,,,,,0.2564,299630416.1,78086777.9843
1753461585919,16:39:45.919,ALGO/USDT:USDT,,,,,0.2564,299630538.4,78086809.342
1753461586695,16:39:46.695,ALGO/USDT:USDT,,,,,0.2564,299632415.7,78087290.6818
1753461591188,16:39:51.188,ALGO/USDT:USDT,,,,,0.2565,299632435.7,78087295.8118
1753461591598,16:39:51.598,ALGO/USDT:USDT,,,,,0.2565,299635182.2,78088000.289
1753461593306,16:39:53.306,ALGO/USDT:USDT,,,,,0.2565,299674983.2,78098209.1446
1753461596612,16:39:56.612,ALGO/USDT:USDT,,,,,0.2564,299683330.8,78100349.5113
1753461600028,16:40:00.028,ALGO/USDT:USDT,,,,,0.2566,299381194.7,78020442.4857
1753461601215,16:40:01.215,ALGO/USDT:USDT,,,,,0.2565,299430629.4,78033123.6163
1753461603012,16:40:03.012,ALGO/USDT:USDT,,,,,0.2565,299431238.8,78033279.9274
1753461605433,16:40:05.433,ALGO/USDT:USDT,,,,,0.2565,299432158.4,78033515.8048
1753461608222,16:40:08.222,ALGO/USDT:USDT,,,,,0.2566,299432229.3,78033533.9978
1753461609473,16:40:09.473,ALGO/USDT:USDT,,,,,0.2566,299435017.2,78034249.3007
1753461611829,16:40:11.829,ALGO/USDT:USDT,,,,,0.2566,299435038.7,78034254.8176
1753461621013,16:40:21.013,ALGO/USDT:USDT,,,,,0.2565,299435973.8,78034494.6707
1753461622105,16:40:22.105,ALGO/USDT:USDT,,,,,0.2566,299437869.4,78034980.8971
1753461623441,16:40:23.441,ALGO/USDT:USDT,,,,,0.2565,299437958.8,78035003.8282
1753461628244,16:40:28.244,ALGO/USDT:USDT,,,,,0.2566,299437974.8,78035007.9338
1753461628244,16:40:28.244,ALGO/USDT:USDT,,,,,0.2566,299441658.0,78035953.0429
1753461632433,16:40:32.433,ALGO/USDT:USDT,,,,,0.2566,299441681.8,78035959.15
1753461632433,16:40:32.433,ALGO/USDT:USDT,,,,,0.2566,299441951.6,78036028.3806
1753461637374,16:40:37.374,ALGO/USDT:USDT,,,,,0.2567,299441973.1,78036033.8997
1753461637640,16:40:37.640,ALGO/USDT:USDT,,,,,0.2567,299459974.4,78040654.8334
1753461641820,16:40:41.820,ALGO/USDT:USDT,,,,,0.2567,299459993.9,78040659.839
1753461643156,16:40:43.156,ALGO/USDT:USDT,,,,,0.2567,299460226.8,78040719.6245
1753461646964,16:40:46.964,ALGO/USDT:USDT,,,,,0.2567,299460246.3,78040724.6301
1753461646964,16:40:46.964,ALGO/USDT:USDT,,,,,0.2567,299460401.7,78040764.5213
1753461650718,16:40:50.718,ALGO/USDT:USDT,,,,,0.2567,299462275.0,78041245.4035
1753461652019,16:40:52.019,ALGO/USDT:USDT,,,,,0.2568,299463168.8,78041474.9313
1753461653819,16:40:53.819,ALGO/USDT:USDT,,,,,0.2567,299464119.2,78041718.899
1753461655952,16:40:55.952,ALGO/USDT:USDT,,,,,0.2568,299465102.6,78041971.4361
1753461666192,16:41:06.192,ALGO/USDT:USDT,,,,,0.2569,297659072.3,77565622.9104
1753461667757,16:41:07.757,ALGO/USDT:USDT,,,,,0.2573,297678489.3,77570613.2565
1753461669723,16:41:09.723,ALGO/USDT:USDT,,,,,0.2573,297699296.8,77575967.0646
1753461670901,16:41:10.901,ALGO/USDT:USDT,,,,,0.2572,297699663.5,77576061.3799
1753461674166,16:41:14.166,ALGO/USDT:USDT,,,,,0.2571,297700710.5,77576330.5322
1753461674453,16:41:14.453,ALGO/USDT:USDT,,,,,0.2571,297700866.4,77576370.6141
1753461677771,16:41:17.771,ALGO/USDT:USDT,,,,,0.2573,297701907.2,77576638.3856
1753461679680,16:41:19.680,ALGO/USDT:USDT,,,,,0.2572,297741036.9,77586701.6381
1753461691686,16:41:31.686,ALGO/USDT:USDT,,,,,0.2573,297741058.3,77586707.1443
1753461691960,16:41:31.960,ALGO/USDT:USDT,,,,,0.2574,297741123.2,77586723.8472
1753461695645,16:41:35.645,ALGO/USDT:USDT,,,,,0.2574,297741226.7,77586750.4881
1753461697691,16:41:37.691,ALGO/USDT:USDT,,,,,0.2575,297741303.2,77586770.1869
1753461699156,16:41:39.156,ALGO/USDT:USDT,,,,,0.2574,297742941.4,77587191.8755
1753461701313,16:41:41.313,ALGO/USDT:USDT,,,,,0.2572,297748721.2,77588679.0141
1753461703440,16:41:43.440,ALGO/USDT:USDT,,,,,0.2573,297755975.9,77590545.6484
1753461705675,16:41:45.675,ALGO/USDT:USDT,,,,,0.2574,297760395.4,77591682.8199
1753461706592,16:41:46.592,ALGO/USDT:USDT,,,,,0.2574,297761862.1,77592060.4699
1753461709596,16:41:49.596,ALGO/USDT:USDT,,,,,0.2575,297761939.7,77592080.4519
1753461719093,16:41:59.093,ALGO/USDT:USDT,,,,,0.2575,297762016.2,77592100.1506
1753461719426,16:41:59.426,ALGO/USDT:USDT,,,,,0.2576,297770542.9,77594295.8773
1753461725463,16:42:05.463,ALGO/USDT:USDT,,,,,0.2576,295271325.3,76937797.5388
1753461725702,16:42:05.702,ALGO/USDT:USDT,,,,,0.2576,295272684.2,76938147.5914
1753461728689,16:42:08.689,ALGO/USDT:USDT,,,,,0.2579,295319556.8,76950231.3248
1753461731368,16:42:11.368,ALGO/USDT:USDT,,,,,0.2578,295351874.1,76958561.4224
1753461733306,16:42:13.306,ALGO/USDT:USDT,,,,,0.2577,295354408.8,76959214.6728
1753461735276,16:42:15.276,ALGO/USDT:USDT,,,,,0.2578,295354767.3,76959307.0896
1753461737550,16:42:17.550,ALGO/USDT:USDT,,,,,0.2579,295354788.7,76959312.6087
1753461738829,16:42:18.829,ALGO/USDT:USDT,,,,,0.2579,295354945.8,76959353.1248
1753461740148,16:42:20.148,ALGO/USDT:USDT,,,,,0.2578,295361458.9,76961032.2019
1753461742793,16:42:22.793,ALGO/USDT:USDT,,,,,0.2578,295361542.2,76961053.6767
1753461746542,16:42:26.542,ALGO/USDT:USDT,,,,,0.2578,295361581.0,76961063.6793
1753461749139,16:42:29.139,ALGO/USDT:USDT,,,,,0.2579,295363745.6,76961621.9296
1753461749139,16:42:29.139,ALGO/USDT:USDT,,,,,0.2579,295365869.7,76962169.735
1753461752557,16:42:32.557,ALGO/USDT:USDT,,,,,0.2579,295366943.4,76962446.6423
1753461754971,16:42:34.971,ALGO/USDT:USDT,,,,,0.2578,295373446.2,76964123.0641
1753461760313,16:42:40.313,ALGO/USDT:USDT,,,,,0.2579,295373466.2,76964128.2221
1753461762218,16:42:42.218,ALGO/USDT:USDT,,,,,0.2578,295385133.3,76967136.0005
1753461762594,16:42:42.594,ALGO/USDT:USDT,,,,,0.2578,295385453.8,76967218.6254
1753461765909,16:42:45.909,ALGO/USDT:USDT,,,,,0.2577,295394814.1,76969630.7747
1753461768031,16:42:48.031,ALGO/USDT:USDT,,,,,0.2577,295445475.0,76982694.4117
1753461770430,16:42:50.430,ALGO/USDT:USDT,,,,,0.2577,295445495.0,76982699.5657
1753461771627,16:42:51.627,ALGO/USDT:USDT,,,,,0.2577,295460691.4,76986615.678
1753461773915,16:42:53.915,ALGO/USDT:USDT,,,,,0.2576,295463434.3,76987322.2678
1753461775112,16:42:55.112,ALGO/USDT:USDT,,,,,0.2576,295463990.7,76987465.5965
1753461776735,16:42:56.735,ALGO/USDT:USDT,,,,,0.2575,295464218.5,76987524.255
1753461780031,16:43:00.031,ALGO/USDT:USDT,,,,,0.2574,294372719.9,76701175.4169
1753461781876,16:43:01.876,ALGO/USDT:USDT,,,,,0.2577,294373080.7,76701268.3503
1753461784027,16:43:04.027,ALGO/USDT:USDT,,,,,0.2576,294380357.2,76703142.7767
1753461785227,16:43:05.227,ALGO/USDT:USDT,,,,,0.2577,294380414.2,76703157.4656
1753461787787,16:43:07.787,ALGO/USDT:USDT,,,,,0.2577,294383257.8,76703890.2613
1753461790341,16:43:10.341,ALGO/USDT:USDT,,,,,0.2577,294383316.0,76703905.2594
1753461790840,16:43:10.840,ALGO/USDT:USDT,,,,,0.2576,294386051.4,76704609.8985
1753461794286,16:43:14.286,ALGO/USDT:USDT,,,,,0.2576,294388236.7,76705172.8318
1753461794603,16:43:14.603,ALGO/USDT:USDT,,,,,0.2576,294396117.2,76707202.8486
1753461800801,16:43:20.801,ALGO/USDT:USDT,,,,,0.2575,294396542.0,76707312.2346
1753461800801,16:43:20.801,ALGO/USDT:USDT,,,,,0.2575,294398780.2,76707888.571
1753461803095,16:43:23.095,ALGO/USDT:USDT,,,,,0.2575,294398820.1,76707898.8453
1753461810651,16:43:30.651,ALGO/USDT:USDT,,,,,0.2576,294400083.0,76708224.1683
1753461810651,16:43:30.651,ALGO/USDT:USDT,,,,,0.2576,294400166.6,76708245.7037
1753461813646,16:43:33.646,ALGO/USDT:USDT,,,,,0.2576,294400189.0,76708251.4739
1753461815874,16:43:35.874,ALGO/USDT:USDT,,,,,0.2577,294400410.2,76708308.4772
1753461820664,16:43:40.664,ALGO/USDT:USDT,,,,,0.2577,294401768.1,76708658.408
1753461821110,16:43:41.110,ALGO/USDT:USDT,,,,,0.2576,294410996.3,76711035.6369
1753461826482,16:43:46.482,ALGO/USDT:USDT,,,,,0.2577,294411060.9,76711052.2843
1753461826482,16:43:46.482,ALGO/USDT:USDT,,,,,0.2577,294411080.4,76711057.3094
1753461829381,16:43:49.381,ALGO/USDT:USDT,,,,,0.2577,294411780.1,76711237.6221
1753461833728,16:43:53.728,ALGO/USDT:USDT,,,,,0.2577,294411929.1,76711276.0194
1753461837739,16:43:57.739,ALGO/USDT:USDT,,,,,0.2578,294412005.6,76711295.7411
1753461839371,16:43:59.371,ALGO/USDT:USDT,,,,,0.2579,294413207.9,76711605.708
1753461840539,16:44:00.539,ALGO/USDT:USDT,,,,,0.2579,294050354.5,76616367.5316
1753461841915,16:44:01.915,ALGO/USDT:USDT,,,,,0.2579,294054316.1,76617389.2282
1753461844367,16:44:04.367,ALGO/USDT:USDT,,,,,0.258,294055531.1,76617702.6982
1753461849393,16:44:09.393,ALGO/USDT:USDT,,,,,0.2581,294055558.4,76617709.7443
1753461850407,16:44:10.407,ALGO/USDT:USDT,,,,,0.2581,294056406.2,76617928.5615
1753461851455,16:44:11.455,ALGO/USDT:USDT,,,,,0.2581,294057081.7,76618102.9081
1753461854772,16:44:14.772,ALGO/USDT:USDT,,,,,0.258,294069178.4,76621223.8567
1753461855450,16:44:15.450,ALGO/USDT:USDT,,,,,0.2579,294074776.7,76622667.6582
1753461859371,16:44:19.371,ALGO/USDT:USDT,,,,,0.258,294097041.6,76628412.0024
1753501105105,03:38:25.105,ALGO/USDT:USDT,,,,,0.2677,252389417.6,65853120.2794
1753501113063,03:38:33.063,ALGO/USDT:USDT,,,,,0.2678,252389438.2,65853125.7961
1753501114724,03:38:34.724,ALGO/USDT:USDT,,,,,0.2678,252394170.1,65854392.9989
1753501116653,03:38:36.653,ALGO/USDT:USDT,,,,,0.2677,252394349.2,65854440.944
1753501124998,03:38:44.998,ALGO/USDT:USDT,,,,,0.2677,252394376.3,65854448.1986
1753501125902,03:38:45.902,ALGO/USDT:USDT,,,,,0.2678,252394792.9,65854559.7641
1753501127903,03:38:47.903,ALGO/USDT:USDT,,,,,0.2679,252394995.8,65854614.121
1753501130564,03:38:50.564,ALGO/USDT:USDT,,,,,0.268,252395178.8,65854663.1622
1753501132565,03:38:52.565,ALGO/USDT:USDT,,,,,0.268,252396281.0,65854958.5518
1753501135274,03:38:55.274,ALGO/USDT:USDT,,,,,0.268,252396803.1,65855098.4746
1753501136474,03:38:56.474,ALGO/USDT:USDT,,,,,0.2681,252415144.5,65860014.0853
1753501139967,03:38:59.967,ALGO/USDT:USDT,,,,,0.2681,252415165.1,65860019.6082
1753501139967,03:38:59.967,ALGO/USDT:USDT,,,,,0.2681,252415203.4,65860029.8764
1753501145109,03:39:05.109,ALGO/USDT:USDT,,,,,0.268,252169181.8,65797973.8231
1753501155282,03:39:15.282,ALGO/USDT:USDT,,,,,0.268,252169203.8,65797979.7191
