timestamp,time,symbol,bid,bidVolume,ask,askVolume,lastPrice,baseVolume,quoteVolume
1753460898533,16:28:18.533,ADA/USDT:USDT,,,,,0.7822,1122747521.0,901472137.5327
1753460902683,16:28:22.683,ADA/USDT:USDT,,,,,0.7821,1122750600.0,901474546.0487
1753460903208,16:28:23.208,ADA/USDT:USDT,,,,,0.7821,1122750671.0,901474601.5778
1753460906747,16:28:26.747,ADA/USDT:USDT,,,,,0.7822,1122759715.0,901481674.8482
1753460908621,16:28:28.621,ADA/USDT:USDT,,,,,0.7824,1122763903.0,901484951.5335
1753460910078,16:28:30.078,ADA/USDT:USDT,,,,,0.7822,1122764059.0,901485073.5581
1753460911448,16:28:31.448,ADA/USDT:USDT,,,,,0.7819,1122764768.0,901485627.9999
1753460913961,16:28:33.961,ADA/USDT:USDT,,,,,0.782,1122769462.0,901489298.7079
1753460916577,16:28:36.577,ADA/USDT:USDT,,,,,0.7823,1122775284.0,901493852.4397
1753460918740,16:28:38.740,ADA/USDT:USDT,,,,,0.7824,1122788833.0,901504453.1773
1753460920132,16:28:40.132,ADA/USDT:USDT,,,,,0.7824,1122933929.0,901617993.6304
1753460922570,16:28:42.570,ADA/USDT:USDT,,,,,0.7823,1122951008.0,901631355.3666
1753460924238,16:28:44.238,ADA/USDT:USDT,,,,,0.7823,1122951170.0,901631482.0984
1753460927624,16:28:47.624,ADA/USDT:USDT,,,,,0.7822,1122951181.0,901631490.7026
1753460929606,16:28:49.606,ADA/USDT:USDT,,,,,0.7825,1122953165.0,901633043.0141
1753460930349,16:28:50.349,ADA/USDT:USDT,,,,,0.7824,1122953630.0,901633406.8301
1753460933405,16:28:53.405,ADA/USDT:USDT,,,,,0.7824,1122976875.0,901651593.7059
1753460934777,16:28:54.777,ADA/USDT:USDT,,,,,0.7825,1122998739.0,901668702.2859
1753460937613,16:28:57.613,ADA/USDT:USDT,,,,,0.7821,1123026527.0,901690437.9573
1753460939523,16:28:59.523,ADA/USDT:USDT,,,,,0.7815,1123204603.0,901829677.2931
1753460941611,16:29:01.611,ADA/USDT:USDT,,,,,0.782,1122246554.0,901049567.4498
1753460943114,16:29:03.114,ADA/USDT:USDT,,,,,0.7822,1122248946.0,901051438.4399
1753460945601,16:29:05.601,ADA/USDT:USDT,,,,,0.7826,1122263516.0,901062838.7661
1753460947420,16:29:07.420,ADA/USDT:USDT,,,,,0.7829,1122470940.0,901225185.5361
1753460949515,16:29:09.515,ADA/USDT:USDT,,,,,0.7831,1122482549.0,901234274.3408
1753460951472,16:29:11.472,ADA/USDT:USDT,,,,,0.7833,1122494113.0,901243332.2627
1753460953377,16:29:13.377,ADA/USDT:USDT,,,,,0.7833,1122513576.0,901258575.7922
1753460955032,16:29:15.032,ADA/USDT:USDT,,,,,0.7835,1122522297.0,901265408.1481
1753460957594,16:29:17.594,ADA/USDT:USDT,,,,,0.7836,1122530067.0,901271496.4807
1753460959578,16:29:19.578,ADA/USDT:USDT,,,,,0.7835,1122535607.0,901275837.9047
1753460961165,16:29:21.165,ADA/USDT:USDT,,,,,0.7835,1122540148.0,901279395.7144
1753460963622,16:29:23.622,ADA/USDT:USDT,,,,,0.7833,1122541152.0,901280182.183
1753460964843,16:29:24.843,ADA/USDT:USDT,,,,,0.7834,1122548180.0,901285687.9169
1753460967029,16:29:27.029,ADA/USDT:USDT,,,,,0.7834,1122550678.0,901287644.8169
1753460968503,16:29:28.503,ADA/USDT:USDT,,,,,0.7836,1122551065.0,901287948.0331
1753460971387,16:29:31.387,ADA/USDT:USDT,,,,,0.7836,1122559419.0,901294494.3902
1753460972668,16:29:32.668,ADA/USDT:USDT,,,,,0.7834,1122565072.0,901298923.4642
1753460975476,16:29:35.476,ADA/USDT:USDT,,,,,0.7836,1122593809.0,901321440.5871
1753460977642,16:29:37.642,ADA/USDT:USDT,,,,,0.7835,1122593948.0,901321549.4936
1753460978638,16:29:38.638,ADA/USDT:USDT,,,,,0.7836,1122605235.0,901330392.8918
1753460981313,16:29:41.313,ADA/USDT:USDT,,,,,0.7838,1122614192.0,901337412.0022
1753460983425,16:29:43.425,ADA/USDT:USDT,,,,,0.7839,1122621898.0,901343452.7356
1753460986170,16:29:46.170,ADA/USDT:USDT,,,,,0.7838,1122621905.0,901343458.2222
1753460988077,16:29:48.077,ADA/USDT:USDT,,,,,0.7833,1122667133.0,901378900.8539
1753460990018,16:29:50.018,ADA/USDT:USDT,,,,,0.7837,1122734669.0,901431813.1745
1753460991577,16:29:51.577,ADA/USDT:USDT,,,,,0.7836,1122738293.0,901434652.8904
1753461001816,16:30:01.816,ADA/USDT:USDT,,,,,0.7842,1121819697.0,900686353.7091
1753461009950,16:30:09.950,ADA/USDT:USDT,,,,,0.7841,1121935607.0,900777262.0592
1753461011558,16:30:11.558,ADA/USDT:USDT,,,,,0.7839,1121936265.0,900777777.9116
1753461013984,16:30:13.984,ADA/USDT:USDT,,,,,0.7839,1121938905.0,900779847.8405
1753461016001,16:30:16.001,ADA/USDT:USDT,,,,,0.784,1121941850.0,900782156.4533
1753461018034,16:30:18.034,ADA/USDT:USDT,,,,,0.784,1121944713.0,900784401.0453
1753461020135,16:30:20.135,ADA/USDT:USDT,,,,,0.784,1121950066.0,900788598.0406
1753461022051,16:30:22.051,ADA/USDT:USDT,,,,,0.7838,1121951796.0,900789954.1621
1753461023835,16:30:23.835,ADA/USDT:USDT,,,,,0.7837,1121958669.0,900795340.6022
1753461025919,16:30:25.919,ADA/USDT:USDT,,,,,0.7835,1121961550.0,900797598.3621
1753461027585,16:30:27.585,ADA/USDT:USDT,,,,,0.7835,1121961998.0,900797949.3701
1753461029967,16:30:29.967,ADA/USDT:USDT,,,,,0.7835,1121972731.0,900806358.6756
1753461031887,16:30:31.887,ADA/USDT:USDT,,,,,0.7833,1121980413.0,900812377.3999
1753461032665,16:30:32.665,ADA/USDT:USDT,,,,,0.7833,1121980566.0,900812497.2448
1753461036097,16:30:36.097,ADA/USDT:USDT,,,,,0.7833,1122005140.0,900831746.218
1753461037975,16:30:37.975,ADA/USDT:USDT,,,,,0.7832,1122011368.0,900836624.312
1753461040198,16:30:40.198,ADA/USDT:USDT,,,,,0.783,1122016894.0,900840950.7526
1753461042277,16:30:42.277,ADA/USDT:USDT,,,,,0.7828,1122025069.0,900847350.9813
1753461044251,16:30:44.251,ADA/USDT:USDT,,,,,0.7834,1122056773.0,900872177.6921
1753461045296,16:30:45.296,ADA/USDT:USDT,,,,,0.7834,1122059797.0,900874546.7001
1753461048027,16:30:48.027,ADA/USDT:USDT,,,,,0.7835,1122064575.0,900878290.2631
1753461050157,16:30:50.157,ADA/USDT:USDT,,,,,0.7838,1122077610.0,900888504.9798
1753461051866,16:30:51.866,ADA/USDT:USDT,,,,,0.7843,1122105790.0,900910600.6136
1753461053586,16:30:53.586,ADA/USDT:USDT,,,,,0.7844,1122107890.0,900912247.8536
1753461056195,16:30:56.195,ADA/USDT:USDT,,,,,0.7845,1122125857.0,900926341.1605
1753461058020,16:30:58.020,ADA/USDT:USDT,,,,,0.7844,1122127291.0,900927465.9901
1753461060237,16:31:00.237,ADA/USDT:USDT,,,,,0.7846,1121043821.0,900046429.8152
1753461061763,16:31:01.763,ADA/USDT:USDT,,,,,0.7848,1121053786.0,900054248.3683
1753461064219,16:31:04.219,ADA/USDT:USDT,,,,,0.7851,1121059607.0,900058817.8446
1753461065702,16:31:05.702,ADA/USDT:USDT,,,,,0.7854,1121087896.0,900081035.8168
1753461068202,16:31:08.202,ADA/USDT:USDT,,,,,0.7854,1121092313.0,900084504.9294
1753461070152,16:31:10.152,ADA/USDT:USDT,,,,,0.7855,1121147740.0,900128042.2429
1753461072286,16:31:12.286,ADA/USDT:USDT,,,,,0.7859,1121185060.0,900157367.3082
1753461074123,16:31:14.123,ADA/USDT:USDT,,,,,0.786,1121226121.0,900189647.8295
1753461076268,16:31:16.268,ADA/USDT:USDT,,,,,0.7858,1121347188.0,900284765.5623
1753461078256,16:31:18.256,ADA/USDT:USDT,,,,,0.7855,1121348846.0,900286068.0659
1753461080312,16:31:20.312,ADA/USDT:USDT,,,,,0.7857,1121351936.0,900288495.9675
1753461081891,16:31:21.891,ADA/USDT:USDT,,,,,0.7856,1121353703.0,900289884.1988
1753461084299,16:31:24.299,ADA/USDT:USDT,,,,,0.7859,1121357585.0,900292934.7632
1753461086296,16:31:26.296,ADA/USDT:USDT,,,,,0.7858,1121408259.0,900332757.6656
1753461087043,16:31:27.043,ADA/USDT:USDT,,,,,0.786,1121409085.0,900333406.7468
1753461090225,16:31:30.225,ADA/USDT:USDT,,,,,0.7858,1121422644.0,900344061.164
1753461091636,16:31:31.636,ADA/USDT:USDT,,,,,0.7857,1121431897.0,900351331.8071
1753461094180,16:31:34.180,ADA/USDT:USDT,,,,,0.7858,1121432702.0,900351964.3746
1753461096050,16:31:36.050,ADA/USDT:USDT,,,,,0.7859,1121441369.0,900358775.1152
1753461098148,16:31:38.148,ADA/USDT:USDT,,,,,0.786,1121452267.0,900367341.2972
1753461100288,16:31:40.288,ADA/USDT:USDT,,,,,0.7863,1121456615.0,900370759.3894
1753461101955,16:31:41.955,ADA/USDT:USDT,,,,,0.7862,1121459759.0,900373231.4368
1753461104288,16:31:44.288,ADA/USDT:USDT,,,,,0.7865,1121467642.0,900379430.5049
1753461106269,16:31:46.269,ADA/USDT:USDT,,,,,0.7864,1121488508.0,900395840.4513
1753461107634,16:31:47.634,ADA/USDT:USDT,,,,,0.7864,1121489902.0,900396936.8311
1753461109933,16:31:49.933,ADA/USDT:USDT,,,,,0.7859,1121517329.0,900418499.1976
1753461112330,16:31:52.330,ADA/USDT:USDT,,,,,0.7852,1121608330.0,900489976.2762
1753461114280,16:31:54.280,ADA/USDT:USDT,,,,,0.7851,1121664337.0,900533943.2115
1753461116030,16:31:56.030,ADA/USDT:USDT,,,,,0.785,1121670154.0,900538510.1324
1753461118223,16:31:58.223,ADA/USDT:USDT,,,,,0.7849,1121678450.0,900545022.4129
1753461120344,16:32:00.344,ADA/USDT:USDT,,,,,0.785,1121023246.0,900012306.561
1753461122357,16:32:02.357,ADA/USDT:USDT,,,,,0.7853,1121034376.0,900021044.8769
1753461124344,16:32:04.344,ADA/USDT:USDT,,,,,0.7848,1121039254.0,900024874.9698
1753461126363,16:32:06.363,ADA/USDT:USDT,,,,,0.7851,1121051924.0,900034822.1236
1753461128271,16:32:08.271,ADA/USDT:USDT,,,,,0.7851,1121093773.0,900067675.2278
1753461130311,16:32:10.311,ADA/USDT:USDT,,,,,0.7854,1121094989.0,900068630.2345
1753461132298,16:32:12.298,ADA/USDT:USDT,,,,,0.7848,1121109278.0,900079846.3571
1753461134036,16:32:14.036,ADA/USDT:USDT,,,,,0.7847,1121111745.0,900081782.5915
1753461136336,16:32:16.336,ADA/USDT:USDT,,,,,0.7846,1121124284.0,900091620.528
1753461138089,16:32:18.089,ADA/USDT:USDT,,,,,0.7845,1121136920.0,900101533.9865
1753461139759,16:32:19.759,ADA/USDT:USDT,,,,,0.7846,1121141372.0,900105027.0014
1753461141819,16:32:21.819,ADA/USDT:USDT,,,,,0.7846,1121141379.0,900105032.4936
1753461143742,16:32:23.742,ADA/USDT:USDT,,,,,0.7849,1121144264.0,900107296.3937
1753461146009,16:32:26.009,ADA/USDT:USDT,,,,,0.7852,1121150470.0,900112168.901
1753461148309,16:32:28.309,ADA/USDT:USDT,,,,,0.7854,1121181891.0,900136849.8687
1753461150382,16:32:30.382,ADA/USDT:USDT,,,,,0.7853,1121183551.0,900138153.5501
1753461150390,16:32:30.390,ADA/USDT:USDT,,,,,0.7853,1121183562.0,900138162.1884
1753461153903,16:32:33.903,ADA/USDT:USDT,,,,,0.7853,1121185829.0,900139942.4635
1753461156227,16:32:36.227,ADA/USDT:USDT,,,,,0.7853,1121190929.0,900143947.9935
1753461157924,16:32:37.924,ADA/USDT:USDT,,,,,0.7855,1121193650.0,900146085.0933
1753461160369,16:32:40.369,ADA/USDT:USDT,,,,,0.7854,1121204539.0,900154636.4149
1753461162361,16:32:42.361,ADA/USDT:USDT,,,,,0.7848,1121231195.0,900175558.2384
1753461164323,16:32:44.323,ADA/USDT:USDT,,,,,0.7851,1121234625.0,900178250.3239
1753461166371,16:32:46.371,ADA/USDT:USDT,,,,,0.785,1121239275.0,900181900.2326
1753461167614,16:32:47.614,ADA/USDT:USDT,,,,,0.7853,1121244663.0,900186130.3247
1753461169938,16:32:49.938,ADA/USDT:USDT,,,,,0.7852,1121249017.0,900189549.4643
1753461172260,16:32:52.260,ADA/USDT:USDT,,,,,0.7853,1121266024.0,900202903.3636
1753461173833,16:32:53.833,ADA/USDT:USDT,,,,,0.7853,1121267192.0,900203820.594
1753461176365,16:32:56.365,ADA/USDT:USDT,,,,,0.7851,1121268825.0,900205102.9367
1753461178274,16:32:58.274,ADA/USDT:USDT,,,,,0.7849,1121292087.0,900223365.7678
1753461179808,16:32:59.808,ADA/USDT:USDT,,,,,0.7848,1121292166.0,900223427.7729
1753461182327,16:33:02.327,ADA/USDT:USDT,,,,,0.7842,1117952529.0,897506109.1433
1753461184039,16:33:04.039,ADA/USDT:USDT,,,,,0.784,1118005102.0,897547326.1782
1753461186135,16:33:06.135,ADA/USDT:USDT,,,,,0.7839,1118014336.0,897554566.8772
1753461188160,16:33:08.160,ADA/USDT:USDT,,,,,0.7839,1118015189.0,897555235.5549
1753461190309,16:33:10.309,ADA/USDT:USDT,,,,,0.7838,1118020761.0,897559602.8365
1753461192151,16:33:12.151,ADA/USDT:USDT,,,,,0.7838,1118023064.0,897561407.748
1753461194143,16:33:14.143,ADA/USDT:USDT,,,,,0.7837,1118043037.0,897577059.0348
1753461195372,16:33:15.372,ADA/USDT:USDT,,,,,0.7838,1118052332.0,897584345.0243
1753461198088,16:33:18.088,ADA/USDT:USDT,,,,,0.7834,1118065120.0,897594364.2901
1753461199740,16:33:19.740,ADA/USDT:USDT,,,,,0.7835,1118065571.0,897594717.6646
1753461202331,16:33:22.331,ADA/USDT:USDT,,,,,0.7838,1118087155.0,897611635.037
1753461204137,16:33:24.137,ADA/USDT:USDT,,,,,0.7837,1118092193.0,897615583.326
1753461206224,16:33:26.224,ADA/USDT:USDT,,,,,0.7838,1118111728.0,897630894.0181
1753461208375,16:33:28.375,ADA/USDT:USDT,,,,,0.7839,1118129989.0,897645206.9937
1753461209436,16:33:29.436,ADA/USDT:USDT,,,,,0.784,1118159130.0,897668052.2142
1753461212321,16:33:32.321,ADA/USDT:USDT,,,,,0.7839,1118174124.0,897679806.5659
1753461213550,16:33:33.550,ADA/USDT:USDT,,,,,0.7842,1118183248.0,897686960.8815
1753461216327,16:33:36.327,ADA/USDT:USDT,,,,,0.7842,1118187653.0,897690415.1649
1753461218398,16:33:38.398,ADA/USDT:USDT,,,,,0.7843,1118194178.0,897695532.403
1753461219130,16:33:39.130,ADA/USDT:USDT,,,,,0.7844,1118200383.0,897700399.605
1753461223565,16:33:43.565,ADA/USDT:USDT,,,,,0.7844,1118200390.0,897700405.0958
1753461225242,16:33:45.242,ADA/USDT:USDT,,,,,0.7842,1118218654.0,897714728.1797
1753461226097,16:33:46.097,ADA/USDT:USDT,,,,,0.7842,1118228256.0,897722258.0681
1753461229227,16:33:49.227,ADA/USDT:USDT,,,,,0.7841,1118231045.0,897724444.8689
1753461231486,16:33:51.486,ADA/USDT:USDT,,,,,0.7841,1118232586.0,897725653.2823
1753461233554,16:33:53.554,ADA/USDT:USDT,,,,,0.7835,1118291093.0,897771510.274
1753461235550,16:33:55.550,ADA/USDT:USDT,,,,,0.7828,1118386436.0,897846176.2495
1753461237423,16:33:57.423,ADA/USDT:USDT,,,,,0.7827,1118414115.0,897867839.9407
1753461239551,16:33:59.551,ADA/USDT:USDT,,,,,0.7824,1118436877.0,897885652.5544
1753461241380,16:34:01.380,ADA/USDT:USDT,,,,,0.7824,1116213650.0,896079380.4372
1753461243424,16:34:03.424,ADA/USDT:USDT,,,,,0.7825,1116225893.0,896088960.5011
1753461245529,16:34:05.529,ADA/USDT:USDT,,,,,0.7824,1116237285.0,896097873.118
1753461247285,16:34:07.285,ADA/USDT:USDT,,,,,0.7826,1116260520.0,896116055.7875
1753461249216,16:34:09.216,ADA/USDT:USDT,,,,,0.7824,1116284589.0,896134889.0683
1753461250863,16:34:10.863,ADA/USDT:USDT,,,,,0.7825,1116294888.0,896142947.0071
1753461253184,16:34:13.184,ADA/USDT:USDT,,,,,0.7825,1116305824.0,896151504.1999
1753461254994,16:34:14.994,ADA/USDT:USDT,,,,,0.7823,1116312615.0,896156817.6671
1753461257460,16:34:17.460,ADA/USDT:USDT,,,,,0.782,1116320003.0,896162595.8761
1753461259559,16:34:19.559,ADA/USDT:USDT,,,,,0.7827,1116346051.0,896182980.3123
1753461261215,16:34:21.215,ADA/USDT:USDT,,,,,0.7825,1116350906.0,896186779.2946
1753461263258,16:34:23.258,ADA/USDT:USDT,,,,,0.7829,1116354307.0,896189441.5766
1753461265029,16:34:25.029,ADA/USDT:USDT,,,,,0.7829,1116354488.0,896189583.2815
1753461267537,16:34:27.537,ADA/USDT:USDT,,,,,0.783,1116362363.0,896195749.043
1753461269538,16:34:29.538,ADA/USDT:USDT,,,,,0.7831,1116362854.0,896196133.5385
1753461271029,16:34:31.029,ADA/USDT:USDT,,,,,0.7828,1116369525.0,896201356.2196
1753461271769,16:34:31.769,ADA/USDT:USDT,,,,,0.7828,1116370200.0,896201884.6096
1753461275077,16:34:35.077,ADA/USDT:USDT,,,,,0.783,1116378060.0,896208037.373
1753461277295,16:34:37.295,ADA/USDT:USDT,,,,,0.7832,1116431648.0,896250014.3408
1753461279562,16:34:39.562,ADA/USDT:USDT,,,,,0.7831,1116437383.0,896254505.634
1753461280303,16:34:40.303,ADA/USDT:USDT,,,,,0.783,1116437391.0,896254511.898
1753461282889,16:34:42.889,ADA/USDT:USDT,,,,,0.783,1116452589.0,896266411.9226
1753461285059,16:34:45.059,ADA/USDT:USDT,,,,,0.7829,1116463962.0,896275316.1117
1753461286559,16:34:46.559,ADA/USDT:USDT,,,,,0.7829,1116466768.0,896277512.7648
1753461289402,16:34:49.402,ADA/USDT:USDT,,,,,0.783,1116495969.0,896300377.145
1753461291150,16:34:51.150,ADA/USDT:USDT,,,,,0.7828,1116496243.0,896300591.6843
1753461292253,16:34:52.253,ADA/USDT:USDT,,,,,0.7828,1116512420.0,896313255.0399
1753461295475,16:34:55.475,ADA/USDT:USDT,,,,,0.7826,1116515417.0,896315600.6714
1753461297461,16:34:57.461,ADA/USDT:USDT,,,,,0.7826,1116527594.0,896325130.3925
1753461299560,16:34:59.560,ADA/USDT:USDT,,,,,0.7825,1116528960.0,896326199.2875
1753461301618,16:35:01.618,ADA/USDT:USDT,,,,,0.7826,1115678184.0,895635040.8962
1753461303583,16:35:03.583,ADA/USDT:USDT,,,,,0.7824,1115687872.0,895642621.9677
1753461305517,16:35:05.517,ADA/USDT:USDT,,,,,0.7829,1115688222.0,895642895.8917
1753461307543,16:35:07.543,ADA/USDT:USDT,,,,,0.7827,1115694828.0,895648067.4606
1753461309613,16:35:09.613,ADA/USDT:USDT,,,,,0.7823,1115709198.0,895659310.1042
1753461311379,16:35:11.379,ADA/USDT:USDT,,,,,0.7819,1115724571.0,895671331.5298
1753461313594,16:35:13.594,ADA/USDT:USDT,,,,,0.782,1115739897.0,895683315.9406
1753461315567,16:35:15.567,ADA/USDT:USDT,,,,,0.782,1115766278.0,895703944.8341
1753461317315,16:35:17.315,ADA/USDT:USDT,,,,,0.7818,1115786275.0,895719578.7531
1753461319387,16:35:19.387,ADA/USDT:USDT,,,,,0.7819,1115806927.0,895735722.7807
1753461321440,16:35:21.440,ADA/USDT:USDT,,,,,0.782,1115814212.0,895741419.8983
1753461323622,16:35:23.622,ADA/USDT:USDT,,,,,0.7821,1115815821.0,895742678.1361
1753461325505,16:35:25.505,ADA/USDT:USDT,,,,,0.7822,1115820248.0,895746140.5991
1753461327028,16:35:27.028,ADA/USDT:USDT,,,,,0.7821,1115822932.0,895748240.0231
1753461329422,16:35:29.422,ADA/USDT:USDT,,,,,0.782,1115845698.0,895766043.5678
1753461331328,16:35:31.328,ADA/USDT:USDT,,,,,0.7815,1115858117.0,895775752.301
1753461333291,16:35:33.291,ADA/USDT:USDT,,,,,0.7814,1115868845.0,895784135.4403
1753461335351,16:35:35.351,ADA/USDT:USDT,,,,,0.7812,1115877989.0,895791279.0759
1753461337454,16:35:37.454,ADA/USDT:USDT,,,,,0.7813,1115878247.0,895791480.6513
1753461338403,16:35:38.403,ADA/USDT:USDT,,,,,0.7813,1115879955.0,895792815.254
1753461341233,16:35:41.233,ADA/USDT:USDT,,,,,0.781,1115905886.0,895813071.3479
1753461343320,16:35:43.320,ADA/USDT:USDT,,,,,0.7805,1115920870.0,895824768.5675
1753461345190,16:35:45.190,ADA/USDT:USDT,,,,,0.7804,1115932115.0,895833546.6893
1753461347146,16:35:47.146,ADA/USDT:USDT,,,,,0.7805,1115933463.0,895834598.8033
1753461348510,16:35:48.510,ADA/USDT:USDT,,,,,0.7805,1115974656.0,895866754.0649
1753461351389,16:35:51.389,ADA/USDT:USDT,,,,,0.7803,1115995097.0,895882704.0949
1753461353017,16:35:53.017,ADA/USDT:USDT,,,,,0.78,1115999904.0,895886454.4223
1753461355316,16:35:55.316,ADA/USDT:USDT,,,,,0.78,1116026324.0,895907062.1786
1753461357649,16:35:57.649,ADA/USDT:USDT,,,,,0.7804,1116037915.0,895916103.8978
1753461359630,16:35:59.630,ADA/USDT:USDT,,,,,0.7802,1116039810.0,895917582.3583
1753461361620,16:36:01.620,ADA/USDT:USDT,,,,,0.7806,1113960694.0,894231998.1602
1753461363657,16:36:03.657,ADA/USDT:USDT,,,,,0.7805,1113982142.0,894248738.5908
1753461364130,16:36:04.130,ADA/USDT:USDT,,,,,0.7806,1113982352.0,894248902.4989
1753461367460,16:36:07.460,ADA/USDT:USDT,,,,,0.7807,1114000153.0,894262799.9209
1753461369576,16:36:09.576,ADA/USDT:USDT,,,,,0.7811,1114081607.0,894326414.0255
1753461371518,16:36:11.518,ADA/USDT:USDT,,,,,0.7812,1114094610.0,894336573.0326
1753461373523,16:36:13.523,ADA/USDT:USDT,,,,,0.7813,1114096141.0,894337769.2029
1753461375187,16:36:15.187,ADA/USDT:USDT,,,,,0.7813,1114107149.0,894346370.2129
1753461377510,16:36:17.510,ADA/USDT:USDT,,,,,0.7811,1114112083.0,894350225.3841
1753461378898,16:36:18.898,ADA/USDT:USDT,,,,,0.7812,1114112252.0,894350357.4061
1753461381334,16:36:21.334,ADA/USDT:USDT,,,,,0.7813,1114115270.0,894352715.3695
1753461383652,16:36:23.652,ADA/USDT:USDT,,,,,0.7813,1114130422.0,894364554.4427
1753461385588,16:36:25.588,ADA/USDT:USDT,,,,,0.7813,1114132022.0,894365804.5227
1753461387456,16:36:27.456,ADA/USDT:USDT,,,,,0.7814,1114134842.0,894368008.0707
1753461389515,16:36:29.515,ADA/USDT:USDT,,,,,0.7814,1114134843.0,894368008.8521
1753461391135,16:36:31.135,ADA/USDT:USDT,,,,,0.7811,1114144318.0,894375409.7764
1753461392923,16:36:32.923,ADA/USDT:USDT,,,,,0.7813,1114147403.0,894377819.8886
1753461395629,16:36:35.629,ADA/USDT:USDT,,,,,0.7812,1114153636.0,894382689.4513
1753461397410,16:36:37.410,ADA/USDT:USDT,,,,,0.7812,1114193254.0,894413636.8205
1753461399684,16:36:39.684,ADA/USDT:USDT,,,,,0.7797,1115832664.0,895692319.0996
1753461401658,16:36:41.658,ADA/USDT:USDT,,,,,0.7802,1115950927.0,895784551.4138
1753461403204,16:36:43.204,ADA/USDT:USDT,,,,,0.7802,1115991841.0,895816476.1713
1753461404900,16:36:44.900,ADA/USDT:USDT,,,,,0.7801,1115995749.0,895819524.8021
1753461406909,16:36:46.909,ADA/USDT:USDT,,,,,0.7802,1116019737.0,895838239.3538
1753461409377,16:36:49.377,ADA/USDT:USDT,,,,,0.7801,1116041100.0,895854906.2826
1753461411662,16:36:51.662,ADA/USDT:USDT,,,,,0.7804,1116047804.0,895860137.9914
1753461412847,16:36:52.847,ADA/USDT:USDT,,,,,0.7805,1116061731.0,895871008.0639
1753461415344,16:36:55.344,ADA/USDT:USDT,,,,,0.7803,1116084296.0,895888616.7819
1753461416645,16:36:56.645,ADA/USDT:USDT,,,,,0.7802,1116095072.0,895897024.2553
1753461419571,16:36:59.571,ADA/USDT:USDT,,,,,0.7801,1116096769.0,895898348.2169
1753461421507,16:37:01.507,ADA/USDT:USDT,,,,,0.78,1115008689.0,895016758.4891
1753461423254,16:37:03.254,ADA/USDT:USDT,,,,,0.78,1115009104.0,895017082.1911
1753461424709,16:37:04.709,ADA/USDT:USDT,,,,,0.7797,1115017689.0,895023776.9466
1753461427285,16:37:07.285,ADA/USDT:USDT,,,,,0.7797,1115027054.0,895031078.8275
1753461428610,16:37:08.610,ADA/USDT:USDT,,,,,0.7797,1115029900.0,895033297.8538
1753461431629,16:37:11.629,ADA/USDT:USDT,,,,,0.7797,1115037964.0,895039585.4697
1753461433640,16:37:13.640,ADA/USDT:USDT,,,,,0.7797,1115040695.0,895041714.968
1753461435166,16:37:15.166,ADA/USDT:USDT,,,,,0.7798,1115047208.0,895046793.8207
1753461436907,16:37:16.907,ADA/USDT:USDT,,,,,0.7798,1115048193.0,895047561.9393
1753461439093,16:37:19.093,ADA/USDT:USDT,,,,,0.7798,1115113738.0,895098671.1765
1753461441610,16:37:21.610,ADA/USDT:USDT,,,,,0.7799,1115500997.0,895400775.3827
1753461443573,16:37:23.573,ADA/USDT:USDT,,,,,0.7799,1115504630.0,895403609.5998
1753461445621,16:37:25.621,ADA/USDT:USDT,,,,,0.7797,1115528462.0,895422193.5882
1753461447614,16:37:27.614,ADA/USDT:USDT,,,,,0.7797,1115528488.0,895422213.8604
1753461449701,16:37:29.701,ADA/USDT:USDT,,,,,0.7799,1115531903.0,895424876.7096
1753461451768,16:37:31.768,ADA/USDT:USDT,,,,,0.7797,1115538904.0,895430334.9466
1753461453138,16:37:33.138,ADA/USDT:USDT,,,,,0.7798,1115538990.0,895430402.0009
1753461455761,16:37:35.761,ADA/USDT:USDT,,,,,0.7804,1115595810.0,895474732.8725
1753461457136,16:37:37.136,ADA/USDT:USDT,,,,,0.7807,1115659964.0,895524812.9237
1753461459140,16:37:39.140,ADA/USDT:USDT,,,,,0.7803,1115667933.0,895531032.7501
1753461461771,16:37:41.771,ADA/USDT:USDT,,,,,0.78,1115745348.0,895591429.4184
1753461463682,16:37:43.682,ADA/USDT:USDT,,,,,0.7803,1115749988.0,895595049.5767
1753461465413,16:37:45.413,ADA/USDT:USDT,,,,,0.7807,1115752880.0,895597307.1604
1753461467640,16:37:47.640,ADA/USDT:USDT,,,,,0.7806,1116024320.0,895809205.3143
1753461469096,16:37:49.096,ADA/USDT:USDT,,,,,0.7807,1116025190.0,895809884.5224
1753461471706,16:37:51.706,ADA/USDT:USDT,,,,,0.7808,1116030676.0,895814167.8741
1753461472384,16:37:52.384,ADA/USDT:USDT,,,,,0.781,1116034079.0,895816825.2786
1753461475352,16:37:55.352,ADA/USDT:USDT,,,,,0.7808,1116040377.0,895821743.3746
1753461477675,16:37:57.675,ADA/USDT:USDT,,,,,0.7808,1116044876.0,895825256.1919
1753461479677,16:37:59.677,ADA/USDT:USDT,,,,,0.7807,1116047897.0,895827615.2722
1753461481743,16:38:01.743,ADA/USDT:USDT,,,,,0.7807,1115267842.0,895183962.8989
1753461483297,16:38:03.297,ADA/USDT:USDT,,,,,0.7806,1115288556.0,895200134.4614
1753461484870,16:38:04.870,ADA/USDT:USDT,,,,,0.7808,1115327459.0,895230504.4928
1753461487151,16:38:07.151,ADA/USDT:USDT,,,,,0.7807,1115327791.0,895230763.717
1753461489804,16:38:09.804,ADA/USDT:USDT,,,,,0.7803,1115335117.0,895236482.3513
1753461490874,16:38:10.874,ADA/USDT:USDT,,,,,0.7804,1115365939.0,895260532.7645
1753461493101,16:38:13.101,ADA/USDT:USDT,,,,,0.7805,1115367253.0,895261558.2169
1753461495424,16:38:15.424,ADA/USDT:USDT,,,,,0.7805,1115369146.0,895263035.7139
1753461497453,16:38:17.453,ADA/USDT:USDT,,,,,0.7801,1115381240.0,895272472.7981
1753461499838,16:38:19.838,ADA/USDT:USDT,,,,,0.7803,1115404233.0,895290414.2265
1753461501733,16:38:21.733,ADA/USDT:USDT,,,,,0.7802,1115406289.0,895292018.4108
1753461503627,16:38:23.627,ADA/USDT:USDT,,,,,0.7804,1115407600.0,895293041.1955
1753461505648,16:38:25.648,ADA/USDT:USDT,,,,,0.7806,1115409550.0,895294563.2465
1753461507672,16:38:27.672,ADA/USDT:USDT,,,,,0.7806,1115423574.0,895305509.265
1753461508997,16:38:28.997,ADA/USDT:USDT,,,,,0.7816,1115592175.0,895437222.6327
1753461510640,16:38:30.640,ADA/USDT:USDT,,,,,0.782,1115655592.0,895486800.354
1753461513812,16:38:33.812,ADA/USDT:USDT,,,,,0.7822,1115904677.0,895681629.7495
1753461515834,16:38:35.834,ADA/USDT:USDT,,,,,0.782,1115908812.0,895684863.332
1753461517670,16:38:37.670,ADA/USDT:USDT,,,,,0.782,1115935250.0,895705534.9623
1753461519047,16:38:39.047,ADA/USDT:USDT,,,,,0.7819,1115938510.0,895708084.2636
1753461521698,16:38:41.698,ADA/USDT:USDT,,,,,0.782,1115945623.0,895713646.6283
1753461523724,16:38:43.724,ADA/USDT:USDT,,,,,0.7817,1115969441.0,895732267.493
1753461525173,16:38:45.173,ADA/USDT:USDT,,,,,0.7818,1115971185.0,895733630.7919
1753461527528,16:38:47.528,ADA/USDT:USDT,,,,,0.7817,1115971660.0,895734002.0994
1753461529314,16:38:49.314,ADA/USDT:USDT,,,,,0.7817,1115993699.0,895751231.8628
1753461531503,16:38:51.503,ADA/USDT:USDT,,,,,0.7818,1116057040.0,895800749.9446
1753461533778,16:38:53.778,ADA/USDT:USDT,,,,,0.7818,1116057884.0,895801409.7524
1753461535904,16:38:55.904,ADA/USDT:USDT,,,,,0.7819,1116062437.0,895804970.0516
1753461537911,16:38:57.911,ADA/USDT:USDT,,,,,0.7821,1116067980.0,895809305.1819
1753461539871,16:38:59.871,ADA/USDT:USDT,,,,,0.7822,1116069818.0,895810742.8667
1753461541925,16:39:01.925,ADA/USDT:USDT,,,,,0.7819,1114564861.0,894594542.457
1753461543572,16:39:03.572,ADA/USDT:USDT,,,,,0.7818,1114591465.0,894615342.539
1753461560451,16:39:20.451,ADA/USDT:USDT,,,,,0.781,1114636002.0,894650144.3092
1753461561250,16:39:21.250,ADA/USDT:USDT,,,,,0.7809,1114639316.0,894652732.2569
1753461563671,16:39:23.671,ADA/USDT:USDT,,,,,0.7808,1114645538.0,894657590.7146
1753461566359,16:39:26.359,ADA/USDT:USDT,,,,,0.7809,1114660852.0,894669547.394
1753461568060,16:39:28.060,ADA/USDT:USDT,,,,,0.7807,1114684411.0,894687943.5391
1753461570216,16:39:30.216,ADA/USDT:USDT,,,,,0.781,1114700512.0,894700518.2226
1753461572101,16:39:32.101,ADA/USDT:USDT,,,,,0.7806,1114703532.0,894702876.4133
1753461574383,16:39:34.383,ADA/USDT:USDT,,,,,0.7804,1114722037.0,894717320.0831
1753461576034,16:39:36.034,ADA/USDT:USDT,,,,,0.7807,1114727201.0,894721350.772
1753461578117,16:39:38.117,ADA/USDT:USDT,,,,,0.7807,1114730678.0,894724065.4845
1753461580185,16:39:40.185,ADA/USDT:USDT,,,,,0.7807,1114731479.0,894724690.8252
1753461581859,16:39:41.859,ADA/USDT:USDT,,,,,0.7808,1114731737.0,894724892.2716
1753461583941,16:39:43.941,ADA/USDT:USDT,,,,,0.7809,1114731763.0,894724912.575
1753461586440,16:39:46.440,ADA/USDT:USDT,,,,,0.7806,1114735829.0,894728086.6338
1753461587904,16:39:47.904,ADA/USDT:USDT,,,,,0.7806,1114740063.0,894731391.8419
1753461589436,16:39:49.436,ADA/USDT:USDT,,,,,0.7806,1114740070.0,894731397.3061
1753461592341,16:39:52.341,ADA/USDT:USDT,,,,,0.7809,1114765582.0,894751317.8982
1753461594465,16:39:54.465,ADA/USDT:USDT,,,,,0.7811,1114768856.0,894753874.9406
1753461596203,16:39:56.203,ADA/USDT:USDT,,,,,0.781,1114770110.0,894754854.3146
1753461597984,16:39:57.984,ADA/USDT:USDT,,,,,0.7811,1114770363.0,894755051.9232
1753461600497,16:40:00.497,ADA/USDT:USDT,,,,,0.7815,1112482851.0,892903726.1535
1753461602321,16:40:02.321,ADA/USDT:USDT,,,,,0.7813,1112509912.0,892924869.0825
1753461604368,16:40:04.368,ADA/USDT:USDT,,,,,0.7811,1112517085.0,892930472.2386
1753461605757,16:40:05.757,ADA/USDT:USDT,,,,,0.7811,1112528032.0,892939023.9036
1753461608394,16:40:08.394,ADA/USDT:USDT,,,,,0.7812,1112532970.0,892942881.4795
1753461609717,16:40:09.717,ADA/USDT:USDT,,,,,0.7812,1112551676.0,892957495.4152
1753461612021,16:40:12.021,ADA/USDT:USDT,,,,,0.7814,1112554576.0,892959761.3476
1753461614241,16:40:14.241,ADA/USDT:USDT,,,,,0.7813,1112557516.0,892962058.6583
1753461616267,16:40:16.267,ADA/USDT:USDT,,,,,0.7814,1112631289.0,893019714.071
1753461618032,16:40:18.032,ADA/USDT:USDT,,,,,0.7816,1112637910.0,893024888.9806
1753461620045,16:40:20.045,ADA/USDT:USDT,,,,,0.7814,1112640641.0,893027023.0421
1753461622264,16:40:22.264,ADA/USDT:USDT,,,,,0.7814,1112641703.0,893027852.7938
1753461623666,16:40:23.666,ADA/USDT:USDT,,,,,0.7813,1112641901.0,893028007.4912
1753461625890,16:40:25.890,ADA/USDT:USDT,,,,,0.7813,1112641923.0,893028024.6798
1753461628249,16:40:28.249,ADA/USDT:USDT,,,,,0.7816,1112645244.0,893030620.0902
1753461630442,16:40:30.442,ADA/USDT:USDT,,,,,0.7817,1112709861.0,893081133.8502
1753461632223,16:40:32.223,ADA/USDT:USDT,,,,,0.7817,1112710556.0,893081677.1317
1753461633715,16:40:33.715,ADA/USDT:USDT,,,,,0.7817,1112710668.0,893081764.6821
1753461636272,16:40:36.272,ADA/USDT:USDT,,,,,0.7817,1112710990.0,893082016.3895
1753461638158,16:40:38.158,ADA/USDT:USDT,,,,,0.7817,1112727576.0,893094983.3194
1753461639781,16:40:39.781,ADA/USDT:USDT,,,,,0.7818,1112728062.0,893095363.263
1753461642322,16:40:42.322,ADA/USDT:USDT,,,,,0.7819,1112728853.0,893095981.7451
1753461643034,16:40:43.034,ADA/USDT:USDT,,,,,0.7819,1112729081.0,893096160.0183
1753461645356,16:40:45.356,ADA/USDT:USDT,,,,,0.7818,1112729183.0,893096239.7619
1753461648410,16:40:48.410,ADA/USDT:USDT,,,,,0.7819,1112733203.0,893099382.9999
1753461650717,16:40:50.717,ADA/USDT:USDT,,,,,0.7819,1112733263.0,893099429.9139
1753461652577,16:40:52.577,ADA/USDT:USDT,,,,,0.7818,1112735792.0,893101407.3382
1753461654195,16:40:54.195,ADA/USDT:USDT,,,,,0.7819,1112801843.0,893153047.5681
1753461656295,16:40:56.295,ADA/USDT:USDT,,,,,0.7818,1112805939.0,893156250.2159
1753461657175,16:40:57.175,ADA/USDT:USDT,,,,,0.7819,1112807199.0,893157235.2853
1753461660053,16:41:00.053,ADA/USDT:USDT,,,,,0.7819,1112112393.0,892594354.6521
1753461662611,16:41:02.611,ADA/USDT:USDT,,,,,0.7818,1112115612.0,892596871.3605
1753461664548,16:41:04.548,ADA/USDT:USDT,,,,,0.7821,1112178855.0,892646327.3488
1753461666690,16:41:06.690,ADA/USDT:USDT,,,,,0.7828,1112216756.0,892675991.3251
1753461668699,16:41:08.699,ADA/USDT:USDT,,,,,0.7833,1112308615.0,892747938.2154
1753461670649,16:41:10.649,ADA/USDT:USDT,,,,,0.7829,1112354402.0,892783794.8067
1753461672376,16:41:12.376,ADA/USDT:USDT,,,,,0.7826,1112383443.0,892806525.7136
1753461673148,16:41:13.148,ADA/USDT:USDT,,,,,0.7826,1112392572.0,892813670.069
1753461676447,16:41:16.447,ADA/USDT:USDT,,,,,0.7829,1112400121.0,892819578.3482
1753461678284,16:41:18.284,ADA/USDT:USDT,,,,,0.7831,1112405798.0,892824023.6649
1753461680114,16:41:20.114,ADA/USDT:USDT,,,,,0.7835,1112439852.0,892850705.6083
1753461681247,16:41:21.247,ADA/USDT:USDT,,,,,0.7835,1112439867.0,892850717.3608
1753461683673,16:41:23.673,ADA/USDT:USDT,,,,,0.7836,1112444816.0,892854595.1511
1753461686675,16:41:26.675,ADA/USDT:USDT,,,,,0.7835,1112452345.0,892860494.8726
1753461688485,16:41:28.485,ADA/USDT:USDT,,,,,0.7835,1112514184.0,892908954.3772
1753461688930,16:41:28.930,ADA/USDT:USDT,,,,,0.7835,1112514261.0,892909014.7067
1753461692510,16:41:32.510,ADA/USDT:USDT,,,,,0.7837,1112518700.0,892912493.1615
1753461694494,16:41:34.494,ADA/USDT:USDT,,,,,0.7837,1112531538.0,892922554.3034
1753461695652,16:41:35.652,ADA/USDT:USDT,,,,,0.7837,1112533999.0,892924482.9891
1753461697682,16:41:37.682,ADA/USDT:USDT,,,,,0.7839,1112562098.0,892946508.994
1753461699615,16:41:39.615,ADA/USDT:USDT,,,,,0.7836,1112673354.0,893033679.1665
1753461701963,16:41:41.963,ADA/USDT:USDT,,,,,0.7834,1112674849.0,893034850.3552
1753461704322,16:41:44.322,ADA/USDT:USDT,,,,,0.7836,1112685192.0,893042953.2582
1753461706582,16:41:46.582,ADA/USDT:USDT,,,,,0.7839,1112710476.0,893062771.2691
1753461708553,16:41:48.553,ADA/USDT:USDT,,,,,0.784,1112722175.0,893071941.0241
1753461710611,16:41:50.611,ADA/USDT:USDT,,,,,0.784,1112726357.0,893075219.3994
1753461710994,16:41:50.994,ADA/USDT:USDT,,,,,0.7839,1112726479.0,893075315.0352
1753461714580,16:41:54.580,ADA/USDT:USDT,,,,,0.784,1112728974.0,893077271.08
1753461716364,16:41:56.364,ADA/USDT:USDT,,,,,0.7838,1112733675.0,893080956.0709
1753461718167,16:41:58.167,ADA/USDT:USDT,,,,,0.784,1112740309.0,893086157.0852
1753461720658,16:42:00.658,ADA/USDT:USDT,,,,,0.7842,1111778073.0,892307547.9502
1753461722578,16:42:02.578,ADA/USDT:USDT,,,,,0.7843,1111783660.0,892311929.8405
1753461724603,16:42:04.603,ADA/USDT:USDT,,,,,0.7843,1111783972.0,892312174.5421
1753461725686,16:42:05.686,ADA/USDT:USDT,,,,,0.7844,1111803191.0,892327249.1928
1753461728608,16:42:08.608,ADA/USDT:USDT,,,,,0.7848,1111850137.0,892364089.2814
1753461730775,16:42:10.775,ADA/USDT:USDT,,,,,0.7847,1111873532.0,892382450.6347
1753461732822,16:42:12.822,ADA/USDT:USDT,,,,,0.7846,1111880716.0,892388087.738
1753461734586,16:42:14.586,ADA/USDT:USDT,,,,,0.7846,1111882271.0,892389307.6645
1753461736823,16:42:16.823,ADA/USDT:USDT,,,,,0.7849,1111889333.0,892394849.5958
1753461738471,16:42:18.471,ADA/USDT:USDT,,,,,0.785,1111894283.0,892398735.3407
1753461740147,16:42:20.147,ADA/USDT:USDT,,,,,0.7847,1111898516.0,892402057.018
1753461742489,16:42:22.489,ADA/USDT:USDT,,,,,0.7847,1111907106.0,892408797.0543
1753461744173,16:42:24.173,ADA/USDT:USDT,,,,,0.785,1111925505.0,892423239.8235
1753461746208,16:42:26.208,ADA/USDT:USDT,,,,,0.785,1111929705.0,892426536.7829
1753461748342,16:42:28.342,ADA/USDT:USDT,,,,,0.785,1111932873.0,892429023.979
1753461750149,16:42:30.149,ADA/USDT:USDT,,,,,0.7852,1111940818.0,892435261.9184
1753461752024,16:42:32.024,ADA/USDT:USDT,,,,,0.7851,1111943117.0,892437067.0898
1753461754792,16:42:34.792,ADA/USDT:USDT,,,,,0.7849,1111961079.0,892451166.3435
1753461756594,16:42:36.594,ADA/USDT:USDT,,,,,0.7847,1111987562.0,892471947.7032
1753461758118,16:42:38.118,ADA/USDT:USDT,,,,,0.7848,1112341067.0,892749426.9101
1753461760864,16:42:40.864,ADA/USDT:USDT,,,,,0.7844,1112350133.0,892756539.8871
1753461762279,16:42:42.279,ADA/USDT:USDT,,,,,0.7845,1112350322.0,892756688.1576
1753461764688,16:42:44.688,ADA/USDT:USDT,,,,,0.7842,1112356507.0,892761539.2783
1753461766204,16:42:46.204,ADA/USDT:USDT,,,,,0.7844,1112359542.0,892763920.2047
1753461768770,16:42:48.770,ADA/USDT:USDT,,,,,0.7843,1112368773.0,892771158.6668
1753461770852,16:42:50.852,ADA/USDT:USDT,,,,,0.7842,1112369729.0,892771908.362
1753461772449,16:42:52.449,ADA/USDT:USDT,,,,,0.7843,1112373095.0,892774548.2904
1753461774816,16:42:54.816,ADA/USDT:USDT,,,,,0.7841,1112385687.0,892784421.9465
1753461776675,16:42:56.675,ADA/USDT:USDT,,,,,0.7839,1112400199.0,892795799.2733
1753461778663,16:42:58.663,ADA/USDT:USDT,,,,,0.7838,1112418976.0,892810516.6604
1753461780868,16:43:00.868,ADA/USDT:USDT,,,,,0.7839,1110666170.0,891390930.9763
1753461782894,16:43:02.894,ADA/USDT:USDT,,,,,0.7835,1110748398.0,891455381.9805
1753461784652,16:43:04.652,ADA/USDT:USDT,,,,,0.7838,1110755871.0,891461237.2204
1753461786643,16:43:06.643,ADA/USDT:USDT,,,,,0.7837,1110761578.0,891465709.7963
1753461788806,16:43:08.806,ADA/USDT:USDT,,,,,0.7836,1110780342.0,891480413.272
1753461790795,16:43:10.795,ADA/USDT:USDT,,,,,0.7836,1110780569.0,891480591.1466
1753461792835,16:43:12.835,ADA/USDT:USDT,,,,,0.7836,1110802551.0,891497813.2005
1753461794703,16:43:14.703,ADA/USDT:USDT,,,,,0.7835,1110805233.0,891499914.6242
1753461796770,16:43:16.770,ADA/USDT:USDT,,,,,0.7835,1110806438.0,891500858.761
1753461798860,16:43:18.860,ADA/USDT:USDT,,,,,0.7835,1110807797.0,891501923.7639
1753461800881,16:43:20.881,ADA/USDT:USDT,,,,,0.7834,1110858622.0,891541742.9279
1753461801998,16:43:21.998,ADA/USDT:USDT,,,,,0.7835,1110860811.0,891543458.0094
1753461804074,16:43:24.074,ADA/USDT:USDT,,,,,0.7836,1110869412.0,891550197.7275
1753461804977,16:43:24.977,ADA/USDT:USDT,,,,,0.7836,1110869542.0,891550299.5955
1753461808695,16:43:28.695,ADA/USDT:USDT,,,,,0.7836,1110869656.0,891550388.9245
1753461810717,16:43:30.717,ADA/USDT:USDT,,,,,0.7839,1110881961.0,891560032.3567
1753461812780,16:43:32.780,ADA/USDT:USDT,,,,,0.7839,1110889547.0,891565979.2987
1753461814334,16:43:34.334,ADA/USDT:USDT,,,,,0.784,1110890157.0,891566457.5387
1753461816877,16:43:36.877,ADA/USDT:USDT,,,,,0.7843,1110891354.0,891567396.1381
1753461818716,16:43:38.716,ADA/USDT:USDT,,,,,0.7842,1110899221.0,891573565.4395
1753461820718,16:43:40.718,ADA/USDT:USDT,,,,,0.7841,1110904896.0,891578016.3212
1753461821984,16:43:41.984,ADA/USDT:USDT,,,,,0.7841,1110904946.0,891578055.5262
1753461824833,16:43:44.833,ADA/USDT:USDT,,,,,0.7842,1110907830.0,891580316.8961
1753461826890,16:43:46.890,ADA/USDT:USDT,,,,,0.7843,1110909616.0,891581717.5452
1753461827855,16:43:47.855,ADA/USDT:USDT,,,,,0.7845,1110912312.0,891583832.5293
1753461830564,16:43:50.564,ADA/USDT:USDT,,,,,0.7844,1110912363.0,891583872.5337
1753461832928,16:43:52.928,ADA/USDT:USDT,,,,,0.7845,1110912378.0,891583884.3012
1753461833308,16:43:53.308,ADA/USDT:USDT,,,,,0.7843,1110913115.0,891584462.3997
1753461836618,16:43:56.618,ADA/USDT:USDT,,,,,0.7844,1110913777.0,891584981.6195
1753461838917,16:43:58.917,ADA/USDT:USDT,,,,,0.7848,1110916479.0,891587101.4845
1753461840744,16:44:00.744,ADA/USDT:USDT,,,,,0.7846,1110113295.0,890937165.2483
1753461842527,16:44:02.527,ADA/USDT:USDT,,,,,0.7848,1110114721.0,890938284.2506
1753461844760,16:44:04.760,ADA/USDT:USDT,,,,,0.785,1110118465.0,890941222.7688
1753461846800,16:44:06.800,ADA/USDT:USDT,,,,,0.7849,1110120037.0,890942456.6316
1753461847212,16:44:07.212,ADA/USDT:USDT,,,,,0.7849,1110120170.0,890942561.0337
1753461850744,16:44:10.744,ADA/USDT:USDT,,,,,0.7848,1110125071.0,890946407.3395
1753461852406,16:44:12.406,ADA/USDT:USDT,,,,,0.7847,1110144320.0,890961512.0298
1753461854641,16:44:14.641,ADA/USDT:USDT,,,,,0.7845,1110154721.0,890969673.2877
1753461856473,16:44:16.473,ADA/USDT:USDT,,,,,0.7845,1110173328.0,890984267.9211
1753461858922,16:44:18.922,ADA/USDT:USDT,,,,,0.7845,1110173455.0,890984367.5508
1753461860874,16:44:20.874,ADA/USDT:USDT,,,,,0.7845,1110173775.0,890984618.5908
