timestamp,time,symbol,bid,bidVolume,ask,askVolume,lastPrice,baseVolume,quoteVolume
1753460898972,16:28:18.972,ADA/USDT:USDT,0.7826,47490.0,0.7827,34949.0,0.7824,346726158.0,278678447.3566
1753460899300,16:28:19.300,ADA/USDT:USDT,0.7827,42856.0,0.7828,73083.0,0.7824,346676894.0,278639894.5686
1753460901120,16:28:21.120,ADA/USDT:USDT,0.7825,30507.0,0.7826,510.0,0.7824,346726158.0,278678447.3566
1753460901441,16:28:21.441,ADA/USDT:USDT,0.7825,30507.0,0.7826,510.0,0.7824,346726158.0,278678447.3566
1753460901759,16:28:21.759,ADA/USDT:USDT,0.7826,32480.0,0.7827,50376.0,0.7824,346726158.0,278678447.3566
1753460902180,16:28:22.180,ADA/USDT:USDT,0.7826,17713.0,0.7827,50376.0,0.7824,346726158.0,278678447.3566
1753460902554,16:28:22.554,ADA/USDT:USDT,0.7826,31356.0,0.7827,12954.0,0.7824,346726158.0,278678447.3566
1753460902871,16:28:22.871,ADA/USDT:USDT,0.7826,31356.0,0.7827,12954.0,0.7824,346726158.0,278678447.3566
1753460903227,16:28:23.227,ADA/USDT:USDT,0.7824,18912.0,0.7825,31428.0,0.7824,346726158.0,278678447.3566
1753460903589,16:28:23.589,ADA/USDT:USDT,0.7824,31006.0,0.7825,31647.0,0.7824,346726158.0,278678447.3566
1753460903901,16:28:23.901,ADA/USDT:USDT,0.7825,46480.0,0.7826,36180.0,0.7824,346726158.0,278678447.3566
1753460904231,16:28:24.231,ADA/USDT:USDT,0.7825,28558.0,0.7826,40461.0,0.7824,346726158.0,278678447.3566
1753460904589,16:28:24.589,ADA/USDT:USDT,0.7825,30157.0,0.7826,41967.0,0.7824,346726158.0,278678447.3566
1753460904912,16:28:24.912,ADA/USDT:USDT,0.7825,30157.0,0.7826,41967.0,0.7824,346726158.0,278678447.3566
1753460905232,16:28:25.232,ADA/USDT:USDT,0.7825,30507.0,0.7826,52467.0,0.7824,346726158.0,278678447.3566
1753460905570,16:28:25.570,ADA/USDT:USDT,0.7825,30507.0,0.7826,52467.0,0.7824,346726158.0,278678447.3566
1753460905898,16:28:25.898,ADA/USDT:USDT,0.7825,30507.0,0.7826,52467.0,0.7824,346726158.0,278678447.3566
1753460906221,16:28:26.221,ADA/USDT:USDT,0.7823,18912.0,0.7824,23830.0,0.7824,346726158.0,278678447.3566
1753460906534,16:28:26.534,ADA/USDT:USDT,0.7823,31356.0,0.7824,29993.0,0.7824,346726158.0,278678447.3566
1753460906965,16:28:26.965,ADA/USDT:USDT,0.7825,31631.0,0.7827,41579.0,0.7824,346726158.0,278678447.3566
1753460907584,16:28:27.584,ADA/USDT:USDT,0.7826,29964.0,0.7827,9905.0,0.7824,346726158.0,278678447.3566
1753460907910,16:28:27.910,ADA/USDT:USDT,0.7827,47401.0,0.7828,36968.0,0.7827,346726158.0,278678447.3566
1753460908544,16:28:28.544,ADA/USDT:USDT,0.7827,47401.0,0.7829,100293.0,0.7827,346726158.0,278678447.3566
1753460908860,16:28:28.860,ADA/USDT:USDT,0.7827,17044.0,0.7828,45056.0,0.7827,346726158.0,278678447.3566
1753460909233,16:28:29.233,ADA/USDT:USDT,0.7827,17044.0,0.7828,45056.0,0.7827,346726158.0,278678447.3566
1753460910037,16:28:30.037,ADA/USDT:USDT,0.7824,32404.0,0.7825,1112.0,0.7827,346742868.0,278691526.2736
1753460910370,16:28:30.370,ADA/USDT:USDT,0.7824,35565.0,0.7825,510.0,0.7827,346742868.0,278691526.2736
1753460910731,16:28:30.731,ADA/USDT:USDT,0.7824,49565.0,0.7825,510.0,0.7827,346742868.0,278691526.2736
1753460911486,16:28:31.486,ADA/USDT:USDT,0.7823,18063.0,0.7824,17974.0,0.7827,346742868.0,278691526.2736
1753460912357,16:28:32.357,ADA/USDT:USDT,0.7823,16464.0,0.7824,37495.0,0.7827,346726158.0,278678447.3566
1753460912971,16:28:32.971,ADA/USDT:USDT,0.7823,31437.0,0.7824,34514.0,0.7827,346742868.0,278691526.2736
1753460913338,16:28:33.338,ADA/USDT:USDT,0.7824,29488.0,0.7825,56979.0,0.7827,346742868.0,278691526.2736
1753460913676,16:28:33.676,ADA/USDT:USDT,0.7824,29488.0,0.7825,56979.0,0.7827,346742868.0,278691526.2736
1753460914002,16:28:34.002,ADA/USDT:USDT,0.7823,32277.0,0.7824,17909.0,0.7824,346742868.0,278691526.2736
1753460914449,16:28:34.449,ADA/USDT:USDT,0.7823,35438.0,0.7824,2459.0,0.7824,346742868.0,278691526.2736
1753460914967,16:28:34.967,ADA/USDT:USDT,0.7823,49438.0,0.7824,14510.0,0.7824,346742868.0,278691526.2736
1753460915683,16:28:35.683,ADA/USDT:USDT,0.7824,50324.0,0.7825,510.0,0.7824,346743568.0,278692073.9536
1753460916019,16:28:36.019,ADA/USDT:USDT,0.7824,50324.0,0.7825,510.0,0.7824,346743568.0,278692073.9536
1753460916341,16:28:36.341,ADA/USDT:USDT,0.7825,31087.0,0.7826,40957.0,0.7824,346743568.0,278692073.9536
1753460916671,16:28:36.671,ADA/USDT:USDT,0.7826,6494.0,0.7828,49566.0,0.7824,346743568.0,278692073.9536
1753460917031,16:28:37.031,ADA/USDT:USDT,0.7826,49277.0,0.7827,4640.0,0.7824,346743568.0,278692073.9536
1753460917413,16:28:37.413,ADA/USDT:USDT,0.7826,43372.0,0.7827,13323.0,0.7824,346743568.0,278692073.9536
1753460917730,16:28:37.730,ADA/USDT:USDT,0.7826,17713.0,0.7827,22150.0,0.7824,346743568.0,278692073.9536
1753460918100,16:28:38.100,ADA/USDT:USDT,0.7826,31437.0,0.7827,22150.0,0.7824,346743568.0,278692073.9536
1753460918440,16:28:38.440,ADA/USDT:USDT,0.7826,32277.0,0.7827,22150.0,0.7824,346743568.0,278692073.9536
1753460918759,16:28:38.759,ADA/USDT:USDT,0.7828,47401.0,0.7829,19321.0,0.7824,346743568.0,278692073.9536
1753460919105,16:28:39.105,ADA/USDT:USDT,0.7829,78694.0,0.7831,39726.0,0.7824,346743568.0,278692073.9536
1753460919535,16:28:39.535,ADA/USDT:USDT,0.7829,17713.0,0.783,30161.0,0.7824,346743568.0,278692073.9536
1753460920275,16:28:40.275,ADA/USDT:USDT,0.7827,16464.0,0.7828,25462.0,0.7824,346742868.0,278691526.2736
1753460920932,16:28:40.932,ADA/USDT:USDT,0.7827,18993.0,0.7828,55210.0,0.7824,346743568.0,278692073.9536
1753460921240,16:28:41.240,ADA/USDT:USDT,0.7827,18993.0,0.7828,55210.0,0.7824,346743568.0,278692073.9536
1753460921558,16:28:41.558,ADA/USDT:USDT,0.7828,16464.0,0.7829,44991.0,0.7824,346743568.0,278692073.9536
1753460922012,16:28:42.012,ADA/USDT:USDT,0.7828,33637.0,0.7829,34198.0,0.7824,346743568.0,278692073.9536
1753460922909,16:28:42.909,ADA/USDT:USDT,0.7826,18063.0,0.7827,46428.0,0.7828,346743568.0,278692073.9536
1753460923378,16:28:43.378,ADA/USDT:USDT,0.7825,33833.0,0.7826,53460.0,0.7828,346745428.0,278693529.9616
1753460924490,16:28:44.490,ADA/USDT:USDT,0.7825,46277.0,0.7826,19905.0,0.7828,346743568.0,278692073.9536
1753460924848,16:28:44.848,ADA/USDT:USDT,0.7825,46277.0,0.7826,39394.0,0.7828,346745428.0,278693529.9616
1753460925169,16:28:45.169,ADA/USDT:USDT,0.7825,31437.0,0.7826,39394.0,0.7828,346745428.0,278693529.9616
1753460925518,16:28:45.518,ADA/USDT:USDT,0.7825,31437.0,0.7826,41394.0,0.7828,346745428.0,278693529.9616
1753460925852,16:28:45.852,ADA/USDT:USDT,0.7825,31437.0,0.7826,41394.0,0.7828,346745428.0,278693529.9616
1753460926167,16:28:46.167,ADA/USDT:USDT,0.7825,31437.0,0.7826,16316.0,0.7828,346745428.0,278693529.9616
1753460926519,16:28:46.519,ADA/USDT:USDT,0.7825,31437.0,0.7826,48343.0,0.7828,346745428.0,278693529.9616
1753460926934,16:28:46.934,ADA/USDT:USDT,0.7825,31437.0,0.7826,48343.0,0.7828,346745428.0,278693529.9616
1753460927256,16:28:47.256,ADA/USDT:USDT,0.7825,31437.0,0.7826,48343.0,0.7828,346745428.0,278693529.9616
1753460927573,16:28:47.573,ADA/USDT:USDT,0.7825,45437.0,0.7826,860.0,0.7828,346745428.0,278693529.9616
1753460927923,16:28:47.923,ADA/USDT:USDT,0.7825,45437.0,0.7826,510.0,0.7828,346745428.0,278693529.9616
1753460928246,16:28:48.246,ADA/USDT:USDT,0.7825,45437.0,0.7826,510.0,0.7828,346745428.0,278693529.9616
1753460928560,16:28:48.560,ADA/USDT:USDT,0.7825,45437.0,0.7826,10860.0,0.7828,346745428.0,278693529.9616
1753460928880,16:28:48.880,ADA/USDT:USDT,0.7825,45437.0,0.7826,510.0,0.7828,346745428.0,278693529.9616
1753460929229,16:28:49.229,ADA/USDT:USDT,0.7825,45437.0,0.7826,510.0,0.7828,346745428.0,278693529.9616
1753460929547,16:28:49.547,ADA/USDT:USDT,0.7825,45437.0,0.7826,510.0,0.7828,346745428.0,278693529.9616
1753460929866,16:28:49.866,ADA/USDT:USDT,0.7826,55841.0,0.7827,511.0,0.7826,346745428.0,278693529.9616
1753460930197,16:28:50.197,ADA/USDT:USDT,0.7827,16114.0,0.7828,42477.0,0.7827,346745428.0,278693529.9616
1753460930549,16:28:50.549,ADA/USDT:USDT,0.7827,18063.0,0.7828,42988.0,0.7827,346745428.0,278693529.9616
1753460930869,16:28:50.869,ADA/USDT:USDT,0.7827,18063.0,0.7828,41978.0,0.7827,346745428.0,278693529.9616
1753460931183,16:28:51.183,ADA/USDT:USDT,0.7826,18063.0,0.7827,69189.0,0.7827,346747470.0,278695128.133
1753460931573,16:28:51.573,ADA/USDT:USDT,0.7826,18063.0,0.7827,54353.0,0.7827,346747470.0,278695128.133
1753460931957,16:28:51.957,ADA/USDT:USDT,0.7826,31343.0,0.7827,15054.0,0.7827,346743568.0,278692073.9536
1753460932524,16:28:52.524,ADA/USDT:USDT,0.7827,18063.0,0.7828,48124.0,0.7827,346747470.0,278695128.133
1753460932873,16:28:52.873,ADA/USDT:USDT,0.7827,30507.0,0.7828,42009.0,0.7827,346747470.0,278695128.133
1753460933208,16:28:53.208,ADA/USDT:USDT,0.7827,30507.0,0.7828,42009.0,0.7827,346747470.0,278695128.133
1753460933517,16:28:53.517,ADA/USDT:USDT,0.7827,17713.0,0.7828,57097.0,0.7827,346747470.0,278695128.133
1753460933926,16:28:53.926,ADA/USDT:USDT,0.7827,31343.0,0.7828,511.0,0.7827,346747470.0,278695128.133
1753460934762,16:28:54.762,ADA/USDT:USDT,0.7827,54268.0,0.7828,252.0,0.7828,346747470.0,278695128.133
1753460935097,16:28:55.097,ADA/USDT:USDT,0.7827,16516.0,0.7828,27313.0,0.7829,346747470.0,278695128.133
1753460935442,16:28:55.442,ADA/USDT:USDT,0.7827,47456.0,0.7828,14000.0,0.7829,346753008.0,278699462.7774
1753460935762,16:28:55.762,ADA/USDT:USDT,0.7828,1124.0,0.7829,20554.0,0.7829,346753008.0,278699462.7774
1753460936091,16:28:56.091,ADA/USDT:USDT,0.7827,15553.0,0.7828,30177.0,0.7829,346747470.0,278695128.133
1753460936585,16:28:56.585,ADA/USDT:USDT,0.7827,15553.0,0.7828,27533.0,0.7829,346754016.0,278700251.8902
1753460937213,16:28:57.213,ADA/USDT:USDT,0.7826,18063.0,0.7827,14189.0,0.7829,346754016.0,278700251.8902
1753460937568,16:28:57.568,ADA/USDT:USDT,0.7826,45591.0,0.7827,3589.0,0.7829,346754016.0,278700251.8902
1753460937919,16:28:57.919,ADA/USDT:USDT,0.7825,16241.0,0.7826,89757.0,0.7829,346754016.0,278700251.8902
1753460938260,16:28:58.260,ADA/USDT:USDT,0.7822,1000.0,0.7823,33463.0,0.7823,346754016.0,278700251.8902
1753460938592,16:28:58.592,ADA/USDT:USDT,0.7822,32158.0,0.7823,29987.0,0.7823,346747470.0,278695128.133
1753460939396,16:28:59.396,ADA/USDT:USDT,0.7819,40.0,0.782,7782.0,0.7823,346819000.0,278751098.5946
1753460940582,16:29:00.582,ADA/USDT:USDT,0.7822,32184.0,0.7823,5476.0,0.7821,346819000.0,278751098.5946
1753460940995,16:29:00.995,ADA/USDT:USDT,0.7821,21081.0,0.7822,14089.0,0.7821,346819000.0,278751098.5946
1753460941547,16:29:01.547,ADA/USDT:USDT,0.7822,29089.0,0.7823,26659.0,0.7821,346410018.0,278418822.5212
1753460941932,16:29:01.932,ADA/USDT:USDT,0.7822,29089.0,0.7823,26659.0,0.7821,346410018.0,278418822.5212
1753460942358,16:29:02.358,ADA/USDT:USDT,0.7825,18104.0,0.7826,57484.0,0.7821,346754016.0,278700251.8902
1753460942877,16:29:02.877,ADA/USDT:USDT,0.7825,32147.0,0.7826,57484.0,0.7821,346410018.0,278418822.5212
1753460943198,16:29:03.198,ADA/USDT:USDT,0.7825,32147.0,0.7826,57484.0,0.7821,346410018.0,278418822.5212
1753460943513,16:29:03.513,ADA/USDT:USDT,0.7825,32972.0,0.7826,2658.0,0.7821,346410018.0,278418822.5212
1753460943999,16:29:03.999,ADA/USDT:USDT,0.7827,19353.0,0.7828,41260.0,0.7826,346410018.0,278418822.5212
1753460944343,16:29:04.343,ADA/USDT:USDT,0.7827,50370.0,0.7828,28441.0,0.7826,346410018.0,278418822.5212
1753460944659,16:29:04.659,ADA/USDT:USDT,0.7827,50370.0,0.7828,28441.0,0.7826,346410018.0,278418822.5212
1753460945022,16:29:05.022,ADA/USDT:USDT,0.7829,52318.0,0.783,20502.0,0.7826,346412316.0,278420620.936
1753460945367,16:29:05.367,ADA/USDT:USDT,0.7828,34655.0,0.7829,17381.0,0.7826,346412316.0,278420620.936
1753460945685,16:29:05.685,ADA/USDT:USDT,0.7829,18878.0,0.783,29301.0,0.7826,346412316.0,278420620.936
1753460946008,16:29:06.008,ADA/USDT:USDT,0.7829,42465.0,0.783,366.0,0.7826,346412316.0,278420620.936
1753460946398,16:29:06.398,ADA/USDT:USDT,0.7831,25874.0,0.7832,34306.0,0.783,346412316.0,278420620.936
1753460947172,16:29:07.172,ADA/USDT:USDT,0.7831,8551.0,0.7832,38828.0,0.7832,346412316.0,278420620.936
1753460948052,16:29:08.052,ADA/USDT:USDT,0.7832,39532.0,0.7833,24246.0,0.7832,346412316.0,278420620.936
1753460948466,16:29:08.466,ADA/USDT:USDT,0.7833,20418.0,0.7834,38622.0,0.7834,346412316.0,278420620.936
1753460948895,16:29:08.895,ADA/USDT:USDT,0.7833,43445.0,0.7834,2077.0,0.7834,346427654.0,278432634.279
1753460949221,16:29:09.221,ADA/USDT:USDT,0.7833,57445.0,0.7834,15599.0,0.7834,346410018.0,278418822.5212
1753460949746,16:29:09.746,ADA/USDT:USDT,0.7835,38354.0,0.7836,25065.0,0.7835,346427654.0,278432634.279
1753460950418,16:29:10.418,ADA/USDT:USDT,0.7835,56882.0,0.7836,665.0,0.7835,346427654.0,278432634.279
1753460950745,16:29:10.745,ADA/USDT:USDT,0.7836,55820.0,0.7837,38087.0,0.7836,346431552.0,278435688.362
1753460951191,16:29:11.191,ADA/USDT:USDT,0.7836,55820.0,0.7837,31904.0,0.7836,346412316.0,278420620.936
1753460951845,16:29:11.845,ADA/USDT:USDT,0.7836,55820.0,0.7837,13343.0,0.7836,346432882.0,278436730.55
1753460952483,16:29:12.483,ADA/USDT:USDT,0.7836,55820.0,0.7837,10680.0,0.7836,346432882.0,278436730.55
1753460952804,16:29:12.804,ADA/USDT:USDT,0.7836,55820.0,0.7837,10680.0,0.7836,346432882.0,278436730.55
1753460953492,16:29:13.492,ADA/USDT:USDT,0.7836,55820.0,0.7837,10680.0,0.7836,346432882.0,278436730.55
1753460954189,16:29:14.189,ADA/USDT:USDT,0.7836,54696.0,0.7837,15166.0,0.7836,346432882.0,278436730.55
1753460954913,16:29:14.913,ADA/USDT:USDT,0.7839,23453.0,0.784,42742.0,0.7837,346432882.0,278436730.55
1753460955552,16:29:15.552,ADA/USDT:USDT,0.7839,25415.0,0.784,34867.0,0.7837,346432882.0,278436730.55
1753460955946,16:29:15.946,ADA/USDT:USDT,0.7839,15271.0,0.784,38509.0,0.7837,346449972.0,278450123.983
1753460956605,16:29:16.605,ADA/USDT:USDT,0.7839,4426.0,0.784,38962.0,0.7837,346449972.0,278450123.983
1753460956917,16:29:16.917,ADA/USDT:USDT,0.7839,37207.0,0.784,1599.0,0.7837,346449972.0,278450123.983
1753460957332,16:29:17.332,ADA/USDT:USDT,0.7839,37207.0,0.784,29076.0,0.7837,346449972.0,278450123.983
1753460957666,16:29:17.666,ADA/USDT:USDT,0.7839,37207.0,0.784,29076.0,0.7837,346449972.0,278450123.983
1753460957983,16:29:17.983,ADA/USDT:USDT,0.7839,37207.0,0.784,29076.0,0.7837,346449972.0,278450123.983
1753460958398,16:29:18.398,ADA/USDT:USDT,0.7841,42591.0,0.7842,11200.0,0.784,346449972.0,278450123.983
1753460958734,16:29:18.734,ADA/USDT:USDT,0.7841,42591.0,0.7842,11200.0,0.784,346449972.0,278450123.983
1753460959050,16:29:19.050,ADA/USDT:USDT,0.7841,41583.0,0.7842,23644.0,0.784,346460948.0,278458729.167
1753460959363,16:29:19.363,ADA/USDT:USDT,0.7841,32634.0,0.7842,37644.0,0.784,346460948.0,278458729.167
1753460959792,16:29:19.792,ADA/USDT:USDT,0.7839,23926.0,0.784,55475.0,0.784,346431552.0,278435688.362
1753460960418,16:29:20.418,ADA/USDT:USDT,0.7839,4426.0,0.784,40638.0,0.784,346460948.0,278458729.167
1753460960782,16:29:20.782,ADA/USDT:USDT,0.7838,19703.0,0.7839,68809.0,0.784,346460948.0,278458729.167
1753460961154,16:29:21.154,ADA/USDT:USDT,0.7838,19703.0,0.7839,54809.0,0.784,346460948.0,278458729.167
1753460961472,16:29:21.472,ADA/USDT:USDT,0.7838,19703.0,0.7839,54809.0,0.784,346460948.0,278458729.167
1753460961786,16:29:21.786,ADA/USDT:USDT,0.7837,20654.0,0.7838,26566.0,0.784,346460948.0,278458729.167
1753460962141,16:29:22.141,ADA/USDT:USDT,0.7836,64012.0,0.7837,12477.0,0.784,346460948.0,278458729.167
1753460962493,16:29:22.493,ADA/USDT:USDT,0.7836,45294.0,0.7837,8381.0,0.784,346460948.0,278458729.167
1753460962810,16:29:22.810,ADA/USDT:USDT,0.7837,38331.0,0.7838,23539.0,0.784,346460948.0,278458729.167
1753460963125,16:29:23.125,ADA/USDT:USDT,0.7837,32984.0,0.7838,53475.0,0.784,346460948.0,278458729.167
1753460963578,16:29:23.578,ADA/USDT:USDT,0.7837,32984.0,0.7838,39475.0,0.784,346460948.0,278458729.167
1753460964400,16:29:24.400,ADA/USDT:USDT,0.7837,32984.0,0.7838,39475.0,0.784,346460948.0,278458729.167
1753460965098,16:29:25.098,ADA/USDT:USDT,0.7837,32984.0,0.7838,39475.0,0.784,346460948.0,278458729.167
1753460965413,16:29:25.413,ADA/USDT:USDT,0.7838,1640.0,0.7839,36906.0,0.7838,346460948.0,278458729.167
1753460965804,16:29:25.804,ADA/USDT:USDT,0.7838,1640.0,0.7839,37543.0,0.7838,346461648.0,278459277.827
1753460966155,16:29:26.155,ADA/USDT:USDT,0.7838,1640.0,0.7839,51543.0,0.7838,346461648.0,278459277.827
1753460966463,16:29:26.463,ADA/USDT:USDT,0.7837,1599.0,0.7838,48741.0,0.7838,346461648.0,278459277.827
1753460967117,16:29:27.117,ADA/USDT:USDT,0.7837,30884.0,0.7838,49839.0,0.7838,346461648.0,278459277.827
1753460967767,16:29:27.767,ADA/USDT:USDT,0.7838,38136.0,0.7839,38933.0,0.7838,346461648.0,278459277.827
1753460968809,16:29:28.809,ADA/USDT:USDT,0.7839,1640.0,0.784,30507.0,0.7838,346461648.0,278459277.827
1753460969121,16:29:29.121,ADA/USDT:USDT,0.7838,33674.0,0.7839,31922.0,0.7838,346461648.0,278459277.827
1753460969468,16:29:29.468,ADA/USDT:USDT,0.7839,54162.0,0.784,18063.0,0.7838,346461648.0,278459277.827
1753460969828,16:29:29.828,ADA/USDT:USDT,0.7839,40154.0,0.784,25404.0,0.7838,346461648.0,278459277.827
1753460970466,16:29:30.466,ADA/USDT:USDT,0.7841,5525.0,0.7842,29684.0,0.7841,346497914.0,278487703.4458
1753460970850,16:29:30.850,ADA/USDT:USDT,0.7841,51431.0,0.7842,48290.0,0.7841,346497914.0,278487703.4458
1753460971236,16:29:31.236,ADA/USDT:USDT,0.7839,16114.0,0.7841,16114.0,0.7841,346461648.0,278459277.827
1753460971647,16:29:31.647,ADA/USDT:USDT,0.7839,43370.0,0.784,57192.0,0.7841,346501112.0,278490210.9976
1753460972016,16:29:32.016,ADA/USDT:USDT,0.7839,51359.0,0.784,14393.0,0.7839,346501112.0,278490210.9976
1753460972438,16:29:32.438,ADA/USDT:USDT,0.7839,29106.0,0.784,22668.0,0.7839,346460948.0,278458729.167
1753460973081,16:29:33.081,ADA/USDT:USDT,0.7839,30705.0,0.784,23519.0,0.7839,346501858.0,278490795.787
1753460973421,16:29:33.421,ADA/USDT:USDT,0.7838,18611.0,0.7839,45139.0,0.7839,346501112.0,278490210.9976
1753460973840,16:29:33.840,ADA/USDT:USDT,0.7838,16114.0,0.7839,45139.0,0.7839,346505056.0,278493302.6992
1753460974158,16:29:34.158,ADA/USDT:USDT,0.7838,31055.0,0.7839,45139.0,0.7839,346505056.0,278493302.6992
1753460974487,16:29:34.487,ADA/USDT:USDT,0.7838,31055.0,0.7839,14084.0,0.7839,346505056.0,278493302.6992
1753460974896,16:29:34.896,ADA/USDT:USDT,0.7838,45055.0,0.7839,15683.0,0.7839,346505056.0,278493302.6992
1753460975298,16:29:35.298,ADA/USDT:USDT,0.7838,45055.0,0.7839,15683.0,0.7839,346505056.0,278493302.6992
1753460975608,16:29:35.608,ADA/USDT:USDT,0.7838,45055.0,0.7839,15683.0,0.7839,346505056.0,278493302.6992
1753460975927,16:29:35.927,ADA/USDT:USDT,0.7838,31055.0,0.7839,16033.0,0.7839,346505056.0,278493302.6992
1753460976320,16:29:36.320,ADA/USDT:USDT,0.7838,31055.0,0.7839,16033.0,0.7839,346505056.0,278493302.6992
1753460976659,16:29:36.659,ADA/USDT:USDT,0.7839,17786.0,0.784,47721.0,0.7839,346505056.0,278493302.6992
1753460976976,16:29:36.976,ADA/USDT:USDT,0.7839,51244.0,0.784,11677.0,0.7839,346505056.0,278493302.6992
1753460977358,16:29:37.358,ADA/USDT:USDT,0.7839,52252.0,0.784,20065.0,0.7839,346505056.0,278493302.6992
1753460977711,16:29:37.711,ADA/USDT:USDT,0.7839,16662.0,0.784,35501.0,0.7839,346505056.0,278493302.6992
1753460978035,16:29:38.035,ADA/USDT:USDT,0.7837,33991.0,0.7838,27363.0,0.7839,346505056.0,278493302.6992
1753460978369,16:29:38.369,ADA/USDT:USDT,0.7837,37922.0,0.7838,3589.0,0.7839,346505056.0,278493302.6992
1753460978769,16:29:38.769,ADA/USDT:USDT,0.7839,36402.0,0.784,22941.0,0.7839,346497914.0,278487703.4458
1753460979399,16:29:39.399,ADA/USDT:USDT,0.7839,36402.0,0.784,22941.0,0.7839,346505056.0,278493302.6992
1753460979710,16:29:39.710,ADA/USDT:USDT,0.7839,35278.0,0.784,24420.0,0.7839,346505056.0,278493302.6992
1753460980050,16:29:40.050,ADA/USDT:USDT,0.7839,35278.0,0.784,21509.0,0.7839,346505056.0,278493302.6992
1753460980372,16:29:40.372,ADA/USDT:USDT,0.7839,35278.0,0.784,21509.0,0.7839,346505056.0,278493302.6992
1753460980692,16:29:40.692,ADA/USDT:USDT,0.784,55336.0,0.7841,1949.0,0.784,346505056.0,278493302.6992
1753460981111,16:29:41.111,ADA/USDT:USDT,0.7842,29106.0,0.7843,19362.0,0.784,346505056.0,278493302.6992
1753460981480,16:29:41.480,ADA/USDT:USDT,0.7841,34418.0,0.7842,24594.0,0.7843,346509140.0,278496504.5366
1753460981800,16:29:41.800,ADA/USDT:USDT,0.7841,34418.0,0.7842,24594.0,0.7843,346509140.0,278496504.5366
1753460982124,16:29:42.124,ADA/USDT:USDT,0.7841,31290.0,0.7842,27833.0,0.7843,346509140.0,278496504.5366
1753460982484,16:29:42.484,ADA/USDT:USDT,0.7841,31290.0,0.7842,27833.0,0.7843,346509610.0,278496873.1576
1753460982807,16:29:42.807,ADA/USDT:USDT,0.7842,37431.0,0.7843,10747.0,0.7843,346509610.0,278496873.1576
1753460983116,16:29:43.116,ADA/USDT:USDT,0.7842,49875.0,0.7843,350.0,0.7843,346509610.0,278496873.1576
1753460983490,16:29:43.490,ADA/USDT:USDT,0.7842,28558.0,0.7843,44413.0,0.7843,346509610.0,278496873.1576
1753460983877,16:29:43.877,ADA/USDT:USDT,0.7842,18063.0,0.7843,56873.0,0.7843,346509610.0,278496873.1576
1753460984184,16:29:44.184,ADA/USDT:USDT,0.7842,18063.0,0.7843,56873.0,0.7843,346509610.0,278496873.1576
1753460984509,16:29:44.509,ADA/USDT:USDT,0.7841,56189.0,0.7842,12780.0,0.7843,346509610.0,278496873.1576
1753460984892,16:29:44.892,ADA/USDT:USDT,0.7841,45290.0,0.7842,18196.0,0.7843,346505056.0,278493302.6992
1753460985562,16:29:45.562,ADA/USDT:USDT,0.7842,37431.0,0.7843,16464.0,0.7843,346509610.0,278496873.1576
1753460985873,16:29:45.873,ADA/USDT:USDT,0.7842,35721.0,0.7843,42170.0,0.7843,346509610.0,278496873.1576
1753460986274,16:29:46.274,ADA/USDT:USDT,0.784,16474.0,0.7842,57984.0,0.7843,346509610.0,278496873.1576
1753460986684,16:29:46.684,ADA/USDT:USDT,0.784,16114.0,0.7841,56885.0,0.7843,346509610.0,278496873.1576
1753460986996,16:29:46.996,ADA/USDT:USDT,0.784,19700.0,0.7841,35787.0,0.7843,346509610.0,278496873.1576
1753460987340,16:29:47.340,ADA/USDT:USDT,0.7836,16464.0,0.7837,51912.0,0.7843,346509610.0,278496873.1576
1753460987770,16:29:47.770,ADA/USDT:USDT,0.7835,31200.0,0.7836,41599.0,0.7843,346509610.0,278496873.1576
1753460988511,16:29:48.511,ADA/USDT:USDT,0.7835,45862.0,0.7836,14043.0,0.7843,346509610.0,278496873.1576
1753460988870,16:29:48.870,ADA/USDT:USDT,0.7836,51854.0,0.7837,17354.0,0.7843,346509610.0,278496873.1576
1753460989263,16:29:49.263,ADA/USDT:USDT,0.7837,15344.0,0.7838,31699.0,0.7843,346509610.0,278496873.1576
1753460989577,16:29:49.577,ADA/USDT:USDT,0.7838,36845.0,0.7839,37388.0,0.7843,346509610.0,278496873.1576
1753460989930,16:29:49.930,ADA/USDT:USDT,0.7838,49991.0,0.7839,13849.0,0.7843,346509610.0,278496873.1576
1753460990286,16:29:50.286,ADA/USDT:USDT,0.7839,50182.0,0.784,1949.0,0.7839,346509610.0,278496873.1576
1753460990615,16:29:50.615,ADA/USDT:USDT,0.7839,50182.0,0.784,1949.0,0.7839,346509610.0,278496873.1576
1753460990937,16:29:50.937,ADA/USDT:USDT,0.7838,33703.0,0.7839,25210.0,0.7839,346509610.0,278496873.1576
1753460991312,16:29:51.312,ADA/USDT:USDT,0.7838,33703.0,0.7839,25210.0,0.7839,346512420.0,278499075.9166
1753460991705,16:29:51.705,ADA/USDT:USDT,0.7838,20557.0,0.7839,25210.0,0.7839,346512420.0,278499075.9166
1753460992016,16:29:52.016,ADA/USDT:USDT,0.784,20276.0,0.7841,16464.0,0.7839,346512420.0,278499075.9166
1753460992405,16:29:52.405,ADA/USDT:USDT,0.784,22225.0,0.7841,25415.0,0.7839,346512420.0,278499075.9166
1753460992765,16:29:52.765,ADA/USDT:USDT,0.7841,19732.0,0.7842,37896.0,0.7839,346512420.0,278499075.9166
1753460993086,16:29:53.086,ADA/USDT:USDT,0.7841,49133.0,0.7842,28832.0,0.7839,346512420.0,278499075.9166
1753460993392,16:29:53.392,ADA/USDT:USDT,0.7841,33271.0,0.7842,29094.0,0.7839,346512420.0,278499075.9166
1753460993765,16:29:53.765,ADA/USDT:USDT,0.7841,47271.0,0.7842,29094.0,0.7839,346512420.0,278499075.9166
1753460994149,16:29:54.149,ADA/USDT:USDT,0.7841,33271.0,0.7842,24145.0,0.7839,346512420.0,278499075.9166
1753460994463,16:29:54.463,ADA/USDT:USDT,0.7841,33271.0,0.7842,1599.0,0.7839,346512420.0,278499075.9166
1753460994809,16:29:54.809,ADA/USDT:USDT,0.7841,47271.0,0.7842,1599.0,0.7839,346512420.0,278499075.9166
1753460995172,16:29:55.172,ADA/USDT:USDT,0.7841,19353.0,0.7842,20212.0,0.7839,346512420.0,278499075.9166
1753460995491,16:29:55.491,ADA/USDT:USDT,0.7842,49342.0,0.7843,350.0,0.7842,346512420.0,278499075.9166
1753460995806,16:29:55.806,ADA/USDT:USDT,0.7843,56847.0,0.7844,350.0,0.7842,346512420.0,278499075.9166
1753460996198,16:29:56.198,ADA/USDT:USDT,0.7843,19353.0,0.7844,52831.0,0.7842,346512420.0,278499075.9166
1753460996627,16:29:56.627,ADA/USDT:USDT,0.7843,19353.0,0.7844,52831.0,0.7842,346509610.0,278496873.1576
1753460997235,16:29:57.235,ADA/USDT:USDT,0.7843,46987.0,0.7844,20381.0,0.7842,346516318.0,278502132.7282
1753460997565,16:29:57.565,ADA/USDT:USDT,0.7843,46987.0,0.7844,20381.0,0.7842,346516318.0,278502132.7282
1753460997880,16:29:57.880,ADA/USDT:USDT,0.7843,46987.0,0.7844,20381.0,0.7842,346516318.0,278502132.7282
1753460998193,16:29:58.193,ADA/USDT:USDT,0.7844,46370.0,0.7845,38222.0,0.7842,346516318.0,278502132.7282
1753460998578,16:29:58.578,ADA/USDT:USDT,0.7844,46370.0,0.7845,38222.0,0.7842,346516318.0,278502132.7282
1753460998964,16:29:58.964,ADA/USDT:USDT,0.7844,46147.0,0.7845,22665.0,0.7842,346516318.0,278502132.7282
1753460999286,16:29:59.286,ADA/USDT:USDT,0.7844,46147.0,0.7845,22665.0,0.7842,346516318.0,278502132.7282
1753460999943,16:29:59.943,ADA/USDT:USDT,0.7844,31797.0,0.7845,33690.0,0.7842,346516318.0,278502132.7282
1753461001344,16:30:01.344,ADA/USDT:USDT,0.7843,18063.0,0.7844,23665.0,0.7842,346221814.0,278262544.0374
1753461002341,16:30:02.341,ADA/USDT:USDT,0.7844,32987.0,0.7845,15434.0,0.7842,346221814.0,278262544.0374
1753461003188,16:30:03.188,ADA/USDT:USDT,0.7844,46987.0,0.7845,12794.0,0.7842,346221814.0,278262544.0374
1753461003525,16:30:03.525,ADA/USDT:USDT,0.7843,20543.0,0.7844,48097.0,0.7842,346221814.0,278262544.0374
1753461004514,16:30:04.514,ADA/USDT:USDT,0.7846,27019.0,0.7847,4798.0,0.7844,346221814.0,278262544.0374
1753461005193,16:30:05.193,ADA/USDT:USDT,0.7846,56585.0,0.7847,350.0,0.7844,346221948.0,278262649.147
1753461005568,16:30:05.568,ADA/USDT:USDT,0.7846,44663.0,0.7848,57271.0,0.7844,346221948.0,278262649.147
1753461005878,16:30:05.878,ADA/USDT:USDT,0.7847,19228.0,0.7848,53596.0,0.7844,346221948.0,278262649.147
1753461006207,16:30:06.207,ADA/USDT:USDT,0.7846,20538.0,0.7847,42644.0,0.7844,346221948.0,278262649.147
1753461006618,16:30:06.618,ADA/USDT:USDT,0.7846,46147.0,0.7847,55088.0,0.7844,346221948.0,278262649.147
1753461006936,16:30:06.936,ADA/USDT:USDT,0.7846,46147.0,0.7847,55088.0,0.7844,346221948.0,278262649.147
1753461007284,16:30:07.284,ADA/USDT:USDT,0.7845,19703.0,0.7846,46665.0,0.7844,346221948.0,278262649.147
1753461007673,16:30:07.673,ADA/USDT:USDT,0.7845,19703.0,0.7846,49665.0,0.7844,346221948.0,278262649.147
1753461008006,16:30:08.006,ADA/USDT:USDT,0.7845,19703.0,0.7846,49665.0,0.7844,346221948.0,278262649.147
1753461008325,16:30:08.325,ADA/USDT:USDT,0.7845,48106.0,0.7846,52232.0,0.7844,346221948.0,278262649.147
1753461008752,16:30:08.752,ADA/USDT:USDT,0.7845,33271.0,0.7846,52232.0,0.7844,346516318.0,278502132.7282
1753461009445,16:30:09.445,ADA/USDT:USDT,0.7845,33271.0,0.7846,52232.0,0.7844,346221948.0,278262649.147
1753461009769,16:30:09.769,ADA/USDT:USDT,0.7843,19703.0,0.7844,50425.0,0.7844,346221948.0,278262649.147
1753461010131,16:30:10.131,ADA/USDT:USDT,0.7844,18247.0,0.7846,76150.0,0.7844,346222966.0,278263447.6662
1753461011256,16:30:11.256,ADA/USDT:USDT,0.7841,45853.0,0.7842,510.0,0.7844,346222966.0,278263447.6662
1753461011977,16:30:11.977,ADA/USDT:USDT,0.7843,16114.0,0.7844,27175.0,0.7842,346222966.0,278263447.6662
1753461012298,16:30:12.298,ADA/USDT:USDT,0.7843,32147.0,0.7844,32462.0,0.7842,346222966.0,278263447.6662
1753461012633,16:30:12.633,ADA/USDT:USDT,0.7844,49114.0,0.7845,350.0,0.7842,346222966.0,278263447.6662
1753461012945,16:30:12.945,ADA/USDT:USDT,0.7844,49114.0,0.7845,350.0,0.7842,346222966.0,278263447.6662
1753461013265,16:30:13.265,ADA/USDT:USDT,0.7844,49751.0,0.7846,90131.0,0.7842,346222966.0,278263447.6662
1753461013677,16:30:13.677,ADA/USDT:USDT,0.7843,18063.0,0.7844,25143.0,0.7842,346223986.0,278264247.5502
1753461014099,16:30:14.099,ADA/USDT:USDT,0.7843,17754.0,0.7844,25143.0,0.7842,346223986.0,278264247.5502
1753461014416,16:30:14.416,ADA/USDT:USDT,0.7842,18063.0,0.7843,62945.0,0.7842,346223986.0,278264247.5502
1753461014729,16:30:14.729,ADA/USDT:USDT,0.7842,18063.0,0.7843,62945.0,0.7842,346223986.0,278264247.5502
1753461015058,16:30:15.058,ADA/USDT:USDT,0.7842,18063.0,0.7843,62945.0,0.7842,346223986.0,278264247.5502
1753461015363,16:30:15.363,ADA/USDT:USDT,0.7842,18063.0,0.7843,61937.0,0.7842,346223986.0,278264247.5502
1753461015681,16:30:15.681,ADA/USDT:USDT,0.7842,32147.0,0.7843,61937.0,0.7842,346223986.0,278264247.5502
1753461016097,16:30:16.097,ADA/USDT:USDT,0.7843,1599.0,0.7844,46011.0,0.7842,346223986.0,278264247.5502
1753461016450,16:30:16.450,ADA/USDT:USDT,0.7843,19703.0,0.7844,53926.0,0.7842,346223986.0,278264247.5502
1753461016772,16:30:16.772,ADA/USDT:USDT,0.7843,19703.0,0.7844,53926.0,0.7842,346223986.0,278264247.5502
1753461017087,16:30:17.087,ADA/USDT:USDT,0.7843,1640.0,0.7844,58013.0,0.7842,346223986.0,278264247.5502
1753461017444,16:30:17.444,ADA/USDT:USDT,0.7843,46997.0,0.7844,32643.0,0.7842,346223986.0,278264247.5502
1753461017762,16:30:17.762,ADA/USDT:USDT,0.7843,55827.0,0.7844,850.0,0.7842,346223986.0,278264247.5502
1753461018071,16:30:18.071,ADA/USDT:USDT,0.7842,19198.0,0.7844,33778.0,0.7842,346223986.0,278264247.5502
1753461018394,16:30:18.394,ADA/USDT:USDT,0.7843,53460.0,0.7844,5989.0,0.7842,346223986.0,278264247.5502
1753461018741,16:30:18.741,ADA/USDT:USDT,0.7843,52610.0,0.7844,725.0,0.7844,346223986.0,278264247.5502
1753461019125,16:30:19.125,ADA/USDT:USDT,0.7843,52610.0,0.7844,725.0,0.7844,346223986.0,278264247.5502
1753461019763,16:30:19.763,ADA/USDT:USDT,0.7845,17238.0,0.7846,51681.0,0.7844,346224236.0,278264443.6502
1753461020113,16:30:20.113,ADA/USDT:USDT,0.7845,19187.0,0.7846,34787.0,0.7844,346224236.0,278264443.6502
1753461020445,16:30:20.445,ADA/USDT:USDT,0.7842,19703.0,0.7843,12068.0,0.7845,346224236.0,278264443.6502
1753461020766,16:30:20.766,ADA/USDT:USDT,0.7842,18104.0,0.7843,25362.0,0.7845,346225828.0,278265692.5742
1753461021516,16:30:21.516,ADA/USDT:USDT,0.7842,46147.0,0.7843,21232.0,0.7845,346225828.0,278265692.5742
1753461022211,16:30:22.211,ADA/USDT:USDT,0.7841,1599.0,0.7842,47218.0,0.7845,346225828.0,278265692.5742
1753461022578,16:30:22.578,ADA/USDT:USDT,0.7841,40647.0,0.7842,18943.0,0.7845,346225828.0,278265692.5742
1753461023209,16:30:23.209,ADA/USDT:USDT,0.784,19703.0,0.7841,11956.0,0.7845,346225828.0,278265692.5742
1753461023587,16:30:23.587,ADA/USDT:USDT,0.784,46147.0,0.7841,51318.0,0.7845,346225828.0,278265692.5742
1753461023974,16:30:23.974,ADA/USDT:USDT,0.784,16033.0,0.7841,51771.0,0.7845,346225828.0,278265692.5742
1753461024304,16:30:24.304,ADA/USDT:USDT,0.784,16033.0,0.7841,51771.0,0.7845,346225828.0,278265692.5742
1753461024622,16:30:24.622,ADA/USDT:USDT,0.784,46997.0,0.7841,24213.0,0.7841,346225828.0,278265692.5742
1753461025056,16:30:25.056,ADA/USDT:USDT,0.7839,18063.0,0.784,60310.0,0.7841,346226300.0,278266062.6694
1753461025775,16:30:25.775,ADA/USDT:USDT,0.7838,33001.0,0.7839,26064.0,0.7841,346226300.0,278266062.6694
1753461026300,16:30:26.300,ADA/USDT:USDT,0.7837,19830.0,0.7838,40169.0,0.7841,346226300.0,278266062.6694
1753461027051,16:30:27.051,ADA/USDT:USDT,0.7838,33271.0,0.7839,30413.0,0.7841,346226300.0,278266062.6694
1753461027369,16:30:27.369,ADA/USDT:USDT,0.7838,41771.0,0.7839,25368.0,0.7841,346226300.0,278266062.6694
1753461028106,16:30:28.106,ADA/USDT:USDT,0.7839,33271.0,0.784,36106.0,0.7841,346226300.0,278266062.6694
1753461028439,16:30:28.439,ADA/USDT:USDT,0.7839,3239.0,0.784,50559.0,0.7841,346226300.0,278266062.6694
1753461028833,16:30:28.833,ADA/USDT:USDT,0.7838,19703.0,0.7839,27373.0,0.7841,346226300.0,278266062.6694
1753461029208,16:30:29.208,ADA/USDT:USDT,0.7839,20221.0,0.784,42584.0,0.7841,346226300.0,278266062.6694
1753461029837,16:30:29.837,ADA/USDT:USDT,0.7839,34102.0,0.784,33001.0,0.7841,346226300.0,278266062.6694
1753461030502,16:30:30.502,ADA/USDT:USDT,0.7839,33271.0,0.784,49983.0,0.7841,346226300.0,278266062.6694
1753461030824,16:30:30.824,ADA/USDT:USDT,0.7839,33271.0,0.784,49983.0,0.7841,346225828.0,278265692.5742
1753461032038,16:30:32.038,ADA/USDT:USDT,0.7838,16033.0,0.7839,58388.0,0.7841,346226300.0,278266062.6694
1753461032408,16:30:32.408,ADA/USDT:USDT,0.7835,16779.0,0.7837,58192.0,0.7841,346226300.0,278266062.6694
1753461032764,16:30:32.764,ADA/USDT:USDT,0.7835,49127.0,0.7836,5989.0,0.7841,346226300.0,278266062.6694
1753461033090,16:30:33.090,ADA/USDT:USDT,0.7836,18878.0,0.7837,52855.0,0.7841,346226300.0,278266062.6694
1753461033409,16:30:33.409,ADA/USDT:USDT,0.7836,29327.0,0.7837,41669.0,0.7841,346226300.0,278266062.6694
1753461033726,16:30:33.726,ADA/USDT:USDT,0.7836,20827.0,0.7837,54113.0,0.7841,346226300.0,278266062.6694
1753461034093,16:30:34.093,ADA/USDT:USDT,0.7836,20827.0,0.7837,40113.0,0.7841,346226300.0,278266062.6694
1753461034444,16:30:34.444,ADA/USDT:USDT,0.7836,34827.0,0.7837,40113.0,0.7841,346226300.0,278266062.6694
1753461034763,16:30:34.763,ADA/USDT:USDT,0.7836,47271.0,0.7837,40113.0,0.7841,346226300.0,278266062.6694
1753461035420,16:30:35.420,ADA/USDT:USDT,0.7836,1990.0,0.7837,62702.0,0.7837,346226300.0,278266062.6694
1753461035737,16:30:35.737,ADA/USDT:USDT,0.7836,1990.0,0.7837,62702.0,0.7837,346226300.0,278266062.6694
1753461036051,16:30:36.051,ADA/USDT:USDT,0.7835,20495.0,0.7836,41174.0,0.7837,346226300.0,278266062.6694
1753461036447,16:30:36.447,ADA/USDT:USDT,0.7836,3276.0,0.7837,59660.0,0.7837,346226300.0,278266062.6694
1753461036826,16:30:36.826,ADA/USDT:USDT,0.7836,350.0,0.7837,599.0,0.7837,346227320.0,278266862.0434
1753461037508,16:30:37.508,ADA/USDT:USDT,0.7835,46312.0,0.7836,44764.0,0.7837,346227320.0,278266862.0434
1753461037914,16:30:37.914,ADA/USDT:USDT,0.7835,46312.0,0.7836,44764.0,0.7837,346227320.0,278266862.0434
1753461038236,16:30:38.236,ADA/USDT:USDT,0.7835,46312.0,0.7836,44764.0,0.7837,346227320.0,278266862.0434
1753461038556,16:30:38.556,ADA/USDT:USDT,0.7834,19703.0,0.7835,26544.0,0.7837,346227320.0,278266862.0434
1753461038914,16:30:38.914,ADA/USDT:USDT,0.7834,40740.0,0.7835,15909.0,0.7837,346227320.0,278266862.0434
1753461039263,16:30:39.263,ADA/USDT:USDT,0.7834,32147.0,0.7835,40710.0,0.7837,346227320.0,278266862.0434
1753461039596,16:30:39.596,ADA/USDT:USDT,0.7834,32147.0,0.7835,40710.0,0.7837,346227320.0,278266862.0434
1753461039908,16:30:39.908,ADA/USDT:USDT,0.7832,18063.0,0.7833,71615.0,0.7833,346227320.0,278266862.0434
1753461040228,16:30:40.228,ADA/USDT:USDT,0.7832,54078.0,0.7834,40449.0,0.7833,346227320.0,278266862.0434
1753461040640,16:30:40.640,ADA/USDT:USDT,0.7833,43610.0,0.7834,10427.0,0.7833,346227320.0,278266862.0434
1753461040953,16:30:40.953,ADA/USDT:USDT,0.7833,33031.0,0.7834,11971.0,0.7833,346234498.0,278272484.5708
1753461041281,16:30:41.281,ADA/USDT:USDT,0.7831,48537.0,0.7832,20079.0,0.7833,346234498.0,278272484.5708
1753461041629,16:30:41.629,ADA/USDT:USDT,0.7832,51202.0,0.7833,22083.0,0.7833,346234498.0,278272484.5708
1753461041967,16:30:41.967,ADA/USDT:USDT,0.7832,51202.0,0.7833,22083.0,0.7833,346234498.0,278272484.5708
1753461042281,16:30:42.281,ADA/USDT:USDT,0.7832,18611.0,0.7833,30970.0,0.7833,346312394.0,278333493.9258
1753461042607,16:30:42.607,ADA/USDT:USDT,0.7833,19150.0,0.7834,510.0,0.7833,346312394.0,278333493.9258
1753461042951,16:30:42.951,ADA/USDT:USDT,0.7833,32179.0,0.7834,22008.0,0.7833,346316374.0,278336611.4598
1753461043706,16:30:43.706,ADA/USDT:USDT,0.7835,6224.0,0.7836,70631.0,0.7835,346316374.0,278336611.4598
1753461044824,16:30:44.824,ADA/USDT:USDT,0.7836,50866.0,0.7838,82541.0,0.7836,346227320.0,278266862.0434
1753461045541,16:30:45.541,ADA/USDT:USDT,0.7839,350.0,0.784,55889.0,0.7839,346547168.0,278517431.3572
1753461045851,16:30:45.851,ADA/USDT:USDT,0.7839,350.0,0.784,55889.0,0.7839,346547168.0,278517431.3572
1753461046165,16:30:46.165,ADA/USDT:USDT,0.7838,46997.0,0.7839,20129.0,0.7839,346553648.0,278522510.1854
1753461046596,16:30:46.596,ADA/USDT:USDT,0.7838,46997.0,0.7839,19779.0,0.7839,346553648.0,278522510.1854
1753461047365,16:30:47.365,ADA/USDT:USDT,0.7838,18913.0,0.784,36099.0,0.7839,346553648.0,278522510.1854
1753461048033,16:30:48.033,ADA/USDT:USDT,0.7838,37755.0,0.7839,16904.0,0.7839,346316374.0,278336611.4598
1753461048520,16:30:48.520,ADA/USDT:USDT,0.7838,37755.0,0.7839,16904.0,0.7839,346553648.0,278522510.1854
1753461049277,16:30:49.277,ADA/USDT:USDT,0.7839,21598.0,0.784,42241.0,0.7839,346553648.0,278522510.1854
1753461049616,16:30:49.616,ADA/USDT:USDT,0.7839,21598.0,0.784,42241.0,0.7839,346553648.0,278522510.1854
1753461050276,16:30:50.276,ADA/USDT:USDT,0.7842,45328.0,0.7843,12125.0,0.7842,346553648.0,278522510.1854
1753461050601,16:30:50.601,ADA/USDT:USDT,0.7842,45328.0,0.7843,11795.0,0.7842,346553648.0,278522510.1854
1753461050961,16:30:50.961,ADA/USDT:USDT,0.7842,45328.0,0.7844,45399.0,0.7842,346553648.0,278522510.1854
1753461051288,16:30:51.288,ADA/USDT:USDT,0.7844,21918.0,0.7845,23589.0,0.7842,346553648.0,278522510.1854
1753461052056,16:30:52.056,ADA/USDT:USDT,0.7847,20718.0,0.7848,24212.0,0.7847,346316374.0,278336611.4598
1753461052736,16:30:52.736,ADA/USDT:USDT,0.7848,51780.0,0.7849,850.0,0.7849,346553648.0,278522510.1854
1753461053089,16:30:53.089,ADA/USDT:USDT,0.7848,50930.0,0.7849,32302.0,0.7849,346555374.0,278523863.7674
1753461053409,16:30:53.409,ADA/USDT:USDT,0.7848,50930.0,0.7849,32302.0,0.7849,346555374.0,278523863.7674
1753461053720,16:30:53.720,ADA/USDT:USDT,0.7848,13568.0,0.7849,86995.0,0.7849,346555374.0,278523863.7674
1753461054173,16:30:54.173,ADA/USDT:USDT,0.7847,19432.0,0.7848,52647.0,0.7849,346555374.0,278523863.7674
1753461055161,16:30:55.161,ADA/USDT:USDT,0.7847,19432.0,0.7848,52647.0,0.7849,346555374.0,278523863.7674
1753461055889,16:30:55.889,ADA/USDT:USDT,0.7847,31876.0,0.7848,52647.0,0.7849,346555286.0,278523794.705
1753461056250,16:30:56.250,ADA/USDT:USDT,0.7848,15529.0,0.7849,24391.0,0.7849,346555374.0,278523863.7674
1753461056610,16:30:56.610,ADA/USDT:USDT,0.7848,31876.0,0.7849,12118.0,0.7849,346555374.0,278523863.7674
1753461056962,16:30:56.962,ADA/USDT:USDT,0.7848,31876.0,0.7849,10923.0,0.7849,346555374.0,278523863.7674
1753461057279,16:30:57.279,ADA/USDT:USDT,0.7848,31876.0,0.7849,28408.0,0.7849,346555374.0,278523863.7674
1753461057591,16:30:57.591,ADA/USDT:USDT,0.7848,31876.0,0.7849,14434.0,0.7849,346555374.0,278523863.7674
1753461058026,16:30:58.026,ADA/USDT:USDT,0.7848,31876.0,0.7849,31970.0,0.7849,346555374.0,278523863.7674
1753461058387,16:30:58.387,ADA/USDT:USDT,0.7848,31876.0,0.7849,31970.0,0.7849,346555374.0,278523863.7674
1753461058715,16:30:58.715,ADA/USDT:USDT,0.7848,31876.0,0.7849,6808.0,0.7849,346555374.0,278523863.7674
1753461059104,16:30:59.104,ADA/USDT:USDT,0.7849,1870.0,0.785,41006.0,0.7849,346555374.0,278523863.7674
1753461059492,16:30:59.492,ADA/USDT:USDT,0.7849,59281.0,0.785,923.0,0.7849,346555374.0,278523863.7674
1753461059805,16:30:59.805,ADA/USDT:USDT,0.7849,59281.0,0.785,104.0,0.7849,346555374.0,278523863.7674
1753461060116,16:31:00.116,ADA/USDT:USDT,0.7849,18063.0,0.7851,39549.0,0.785,346555374.0,278523863.7674
1753461060485,16:31:00.485,ADA/USDT:USDT,0.785,12444.0,0.7851,43977.0,0.785,346389204.0,278388851.2308
1753461060808,16:31:00.808,ADA/USDT:USDT,0.7848,19559.0,0.7849,42721.0,0.785,346389412.0,278389014.5108
1753461061428,16:31:01.428,ADA/USDT:USDT,0.785,41227.0,0.7851,2243.0,0.785,346555374.0,278523863.7674
1753461062017,16:31:02.017,ADA/USDT:USDT,0.7851,29682.0,0.7852,39230.0,0.7851,346389412.0,278389014.5108
1753461062398,16:31:02.398,ADA/USDT:USDT,0.7851,33000.0,0.7852,39103.0,0.7851,346389204.0,278388851.2308
1753461062821,16:31:02.821,ADA/USDT:USDT,0.7851,20556.0,0.7852,42164.0,0.7851,346389412.0,278389014.5108
1753461063158,16:31:03.158,ADA/USDT:USDT,0.7851,20556.0,0.7852,42164.0,0.7851,346402722.0,278399463.9528
1753461063478,16:31:03.478,ADA/USDT:USDT,0.7852,49014.0,0.7853,6.0,0.7852,346555374.0,278523863.7674
1753461064530,16:31:04.530,ADA/USDT:USDT,0.7855,33512.0,0.7856,15659.0,0.7855,346402722.0,278399463.9528
1753461064943,16:31:04.943,ADA/USDT:USDT,0.7857,32302.0,0.7858,40.0,0.7857,346438980.0,278427944.0976
1753461065670,16:31:05.670,ADA/USDT:USDT,0.7857,48365.0,0.7858,1209.0,0.7857,346402722.0,278399463.9528
1753461066049,16:31:06.049,ADA/USDT:USDT,0.7857,33000.0,0.7858,1209.0,0.7857,346440274.0,278428960.6962
1753461066402,16:31:06.402,ADA/USDT:USDT,0.7857,33000.0,0.7858,6852.0,0.7857,346440274.0,278428960.6962
1753461066722,16:31:06.722,ADA/USDT:USDT,0.7857,33000.0,0.7858,6852.0,0.7857,346440274.0,278428960.6962
1753461067043,16:31:07.043,ADA/USDT:USDT,0.7857,50164.0,0.7858,40.0,0.7857,346402722.0,278399463.9528
1753461067518,16:31:07.518,ADA/USDT:USDT,0.7857,50164.0,0.7858,40.0,0.7857,346440274.0,278428960.6962
1753461067850,16:31:07.850,ADA/USDT:USDT,0.7857,50164.0,0.7858,40.0,0.7857,346440274.0,278428960.6962
1753461068175,16:31:08.175,ADA/USDT:USDT,0.7857,50164.0,0.7858,893.0,0.7857,346440274.0,278428960.6962
1753461068504,16:31:08.504,ADA/USDT:USDT,0.7857,33000.0,0.7858,10459.0,0.7857,346440274.0,278428960.6962
1753461069186,16:31:09.186,ADA/USDT:USDT,0.7857,50164.0,0.7858,859.0,0.7857,346440274.0,278428960.6962
1753461069505,16:31:09.505,ADA/USDT:USDT,0.7857,50164.0,0.7858,40.0,0.7857,346440274.0,278428960.6962
1753461069953,16:31:09.953,ADA/USDT:USDT,0.7859,47512.0,0.786,4925.0,0.7859,346442274.0,278430532.4882
1753461070882,16:31:10.882,ADA/USDT:USDT,0.7859,32999.0,0.786,1688.0,0.7859,346440274.0,278428960.6962
1753461071284,16:31:11.284,ADA/USDT:USDT,0.7859,32999.0,0.786,22674.0,0.7859,346444522.0,278432299.1914
1753461071604,16:31:11.604,ADA/USDT:USDT,0.7859,32999.0,0.786,22674.0,0.7859,346444522.0,278432299.1914
1753461071914,16:31:11.914,ADA/USDT:USDT,0.786,172349.0,0.7861,5472.0,0.786,346444522.0,278432299.1914
1753461072341,16:31:12.341,ADA/USDT:USDT,0.7861,56565.0,0.7862,4.0,0.7861,346440274.0,278428960.6962
1753461073314,16:31:13.314,ADA/USDT:USDT,0.7864,15379.0,0.7865,127.0,0.7864,346455498.0,278440927.4218
1753461073658,16:31:13.658,ADA/USDT:USDT,0.7864,59536.0,0.7865,854.0,0.7865,346438980.0,278427944.0976
1753461074296,16:31:14.296,ADA/USDT:USDT,0.7863,18063.0,0.7864,7392.0,0.7864,346444522.0,278432299.1914
1753461074677,16:31:14.677,ADA/USDT:USDT,0.7863,16464.0,0.7864,39534.0,0.7864,346456160.0,278441448.0112
1753461075680,16:31:15.680,ADA/USDT:USDT,0.7859,16464.0,0.786,39052.0,0.7864,346456160.0,278441448.0112
1753461075995,16:31:15.995,ADA/USDT:USDT,0.7862,31932.0,0.7863,12357.0,0.7864,346458406.0,278443214.2656
1753461076374,16:31:16.374,ADA/USDT:USDT,0.7861,19432.0,0.7862,47009.0,0.7863,346458406.0,278443214.2656
1753461076707,16:31:16.707,ADA/USDT:USDT,0.7861,19432.0,0.7862,47009.0,0.7863,346458406.0,278443214.2656
1753461077023,16:31:17.023,ADA/USDT:USDT,0.786,31876.0,0.7861,39601.0,0.7863,346458406.0,278443214.2656
1753461077520,16:31:17.520,ADA/USDT:USDT,0.786,31876.0,0.7861,1772.0,0.7861,346442274.0,278430532.4882
1753461078254,16:31:18.254,ADA/USDT:USDT,0.786,31876.0,0.7861,7228.0,0.7861,346458406.0,278443214.2656
1753461078580,16:31:18.580,ADA/USDT:USDT,0.7859,19703.0,0.786,32688.0,0.7861,346460664.0,278444989.289
1753461078920,16:31:18.920,ADA/USDT:USDT,0.786,33516.0,0.7861,1867.0,0.7861,346460664.0,278444989.289
1753461079250,16:31:19.250,ADA/USDT:USDT,0.786,33516.0,0.7861,1867.0,0.7861,346460664.0,278444989.289
1753461079566,16:31:19.566,ADA/USDT:USDT,0.7861,20215.0,0.7862,8862.0,0.7861,346460664.0,278444989.289
1753461079956,16:31:19.956,ADA/USDT:USDT,0.7862,20215.0,0.7863,53207.0,0.7861,346458454.0,278443252.008
1753461080547,16:31:20.547,ADA/USDT:USDT,0.7861,16464.0,0.7862,57067.0,0.7861,346455498.0,278440927.4218
1753461081158,16:31:21.158,ADA/USDT:USDT,0.786,32147.0,0.7861,55061.0,0.7861,346460664.0,278444989.289
1753461081573,16:31:21.573,ADA/USDT:USDT,0.7859,19703.0,0.786,34765.0,0.7861,346460664.0,278444989.289
1753461081895,16:31:21.895,ADA/USDT:USDT,0.7859,19703.0,0.786,34765.0,0.7861,346460664.0,278444989.289
1753461082203,16:31:22.203,ADA/USDT:USDT,0.786,20215.0,0.7861,24543.0,0.7861,346460664.0,278444989.289
1753461082520,16:31:22.520,ADA/USDT:USDT,0.786,32659.0,0.7861,17981.0,0.7861,346460664.0,278444989.289
1753461083268,16:31:23.268,ADA/USDT:USDT,0.7861,20215.0,0.7862,24644.0,0.7861,346460664.0,278444989.289
1753461083584,16:31:23.584,ADA/USDT:USDT,0.7862,32659.0,0.7863,2790.0,0.7861,346460664.0,278444989.289
1753461083908,16:31:23.908,ADA/USDT:USDT,0.7862,32659.0,0.7863,49126.0,0.7861,346460664.0,278444989.289
1753461084731,16:31:24.731,ADA/USDT:USDT,0.7862,19703.0,0.7863,51153.0,0.7861,346460664.0,278444989.289
1753461085062,16:31:25.062,ADA/USDT:USDT,0.7862,19703.0,0.7863,51153.0,0.7861,346460664.0,278444989.289
1753461085440,16:31:25.440,ADA/USDT:USDT,0.786,16114.0,0.7862,48192.0,0.7861,346460664.0,278444989.289
1753461085894,16:31:25.894,ADA/USDT:USDT,0.786,46461.0,0.7862,18838.0,0.7861,346460664.0,278444989.289
1753461086932,16:31:26.932,ADA/USDT:USDT,0.7862,33664.0,0.7864,38607.0,0.7861,346460664.0,278444989.289
1753461087576,16:31:27.576,ADA/USDT:USDT,0.7863,31060.0,0.7864,5749.0,0.7861,346460664.0,278444989.289
1753461087891,16:31:27.891,ADA/USDT:USDT,0.7863,32659.0,0.7864,42625.0,0.7861,346460664.0,278444989.289
1753461088316,16:31:28.316,ADA/USDT:USDT,0.7863,32659.0,0.7864,16529.0,0.7861,346460664.0,278444989.289
1753461088773,16:31:28.773,ADA/USDT:USDT,0.7862,16114.0,0.7863,9521.0,0.7861,346460664.0,278444989.289
1753461089307,16:31:29.307,ADA/USDT:USDT,0.7861,32147.0,0.7862,23901.0,0.7861,346460664.0,278444989.289
1753461090017,16:31:30.017,ADA/USDT:USDT,0.786,19703.0,0.7861,32506.0,0.7861,346460664.0,278444989.289
1753461090648,16:31:30.648,ADA/USDT:USDT,0.7861,48172.0,0.7862,127.0,0.7861,346460664.0,278444989.289
1753461091100,16:31:31.100,ADA/USDT:USDT,0.7861,32659.0,0.7862,27643.0,0.7861,346460664.0,278444989.289
1753461091532,16:31:31.532,ADA/USDT:USDT,0.7861,32659.0,0.7862,27643.0,0.7861,346460664.0,278444989.289
1753461092541,16:31:32.541,ADA/USDT:USDT,0.7861,16545.0,0.7862,25081.0,0.7861,346460664.0,278444989.289
1753461093249,16:31:33.249,ADA/USDT:USDT,0.7861,16545.0,0.7862,25425.0,0.7861,346460664.0,278444989.289
1753461093834,16:31:33.834,ADA/USDT:USDT,0.7861,16033.0,0.7862,25425.0,0.7861,346460664.0,278444989.289
1753461094337,16:31:34.337,ADA/USDT:USDT,0.7861,1640.0,0.7862,26060.0,0.7861,346460664.0,278444989.289
1753461095350,16:31:35.350,ADA/USDT:USDT,0.7862,33665.0,0.7863,8508.0,0.7861,346460664.0,278444989.289
1753461095716,16:31:35.716,ADA/USDT:USDT,0.7862,33665.0,0.7863,8508.0,0.7861,346460664.0,278444989.289
1753461096037,16:31:36.037,ADA/USDT:USDT,0.7862,30710.0,0.7863,37725.0,0.7861,346460664.0,278444989.289
1753461096424,16:31:36.424,ADA/USDT:USDT,0.7863,32659.0,0.7864,5117.0,0.7861,346460664.0,278444989.289
1753461096807,16:31:36.807,ADA/USDT:USDT,0.7863,32659.0,0.7864,8972.0,0.7861,346460664.0,278444989.289
1753461097121,16:31:37.121,ADA/USDT:USDT,0.7863,32659.0,0.7864,5736.0,0.7861,346460664.0,278444989.289
1753461097432,16:31:37.432,ADA/USDT:USDT,0.7863,49785.0,0.7864,508.0,0.7861,346460664.0,278444989.289
1753461097839,16:31:37.839,ADA/USDT:USDT,0.7865,46659.0,0.7866,1867.0,0.7864,346460664.0,278444989.289
1753461098183,16:31:38.183,ADA/USDT:USDT,0.7865,46659.0,0.7866,1867.0,0.7864,346460664.0,278444989.289
1753461098493,16:31:38.493,ADA/USDT:USDT,0.7864,16114.0,0.7865,64674.0,0.7864,346460664.0,278444989.289
1753461098902,16:31:38.902,ADA/USDT:USDT,0.7865,41159.0,0.7866,14963.0,0.7864,346461680.0,278445788.2714
1753461099555,16:31:39.555,ADA/USDT:USDT,0.7864,19703.0,0.7865,52328.0,0.7864,346461680.0,278445788.2714
1753461099874,16:31:39.874,ADA/USDT:USDT,0.7864,32147.0,0.7866,53801.0,0.7864,346461680.0,278445788.2714
1753461100257,16:31:40.257,ADA/USDT:USDT,0.7865,33664.0,0.7866,2375.0,0.7864,346461680.0,278445788.2714
1753461101055,16:31:41.055,ADA/USDT:USDT,0.7865,36783.0,0.7866,508.0,0.7864,346461680.0,278445788.2714
1753461101437,16:31:41.437,ADA/USDT:USDT,0.7865,35778.0,0.7866,1693.0,0.7864,346461680.0,278445788.2714
1753461101800,16:31:41.800,ADA/USDT:USDT,0.7865,39778.0,0.7866,1343.0,0.7864,346461680.0,278445788.2714
1753461102143,16:31:42.143,ADA/USDT:USDT,0.7865,46659.0,0.7866,508.0,0.7864,346461680.0,278445788.2714
1753461102946,16:31:42.946,ADA/USDT:USDT,0.7867,31060.0,0.7868,7942.0,0.7867,346461680.0,278445788.2714
1753461103275,16:31:43.275,ADA/USDT:USDT,0.7867,32659.0,0.7868,14549.0,0.7867,346461680.0,278445788.2714
1753461104018,16:31:44.018,ADA/USDT:USDT,0.7867,16114.0,0.7868,50850.0,0.7867,346462768.0,278446644.0994
1753461105125,16:31:45.125,ADA/USDT:USDT,0.7866,31055.0,0.7867,30108.0,0.7868,346462768.0,278446644.0994
1753461105501,16:31:45.501,ADA/USDT:USDT,0.7867,862.0,0.7869,29355.0,0.7869,346487990.0,278466488.769
1753461105818,16:31:45.818,ADA/USDT:USDT,0.7867,16545.0,0.7868,17981.0,0.7869,346487990.0,278466488.769
1753461106141,16:31:46.141,ADA/USDT:USDT,0.7868,48497.0,0.7869,18108.0,0.7869,346487990.0,278466488.769
1753461106461,16:31:46.461,ADA/USDT:USDT,0.7868,48497.0,0.7869,16241.0,0.7869,346487990.0,278466488.769
1753461106814,16:31:46.814,ADA/USDT:USDT,0.7868,19703.0,0.7869,29178.0,0.7869,346487990.0,278466488.769
1753461107196,16:31:47.196,ADA/USDT:USDT,0.7868,32147.0,0.7869,31063.0,0.7869,346487990.0,278466488.769
1753461107511,16:31:47.511,ADA/USDT:USDT,0.7868,32147.0,0.7869,14329.0,0.7869,346649888.0,278593881.318
1753461107825,16:31:47.825,ADA/USDT:USDT,0.7868,32147.0,0.7869,15512.0,0.7869,346649888.0,278593881.318
1753461108192,16:31:48.192,ADA/USDT:USDT,0.7868,30548.0,0.7869,31626.0,0.7869,346649888.0,278593881.318
1753461108513,16:31:48.513,ADA/USDT:USDT,0.7867,350.0,0.7868,6334.0,0.7869,346649888.0,278593881.318
1753461108831,16:31:48.831,ADA/USDT:USDT,0.7867,350.0,0.7868,6334.0,0.7869,346461680.0,278445788.2714
1753461109659,16:31:49.659,ADA/USDT:USDT,0.7863,18816.0,0.7865,8512.0,0.7869,346651014.0,278594767.3674
1753461110550,16:31:50.550,ADA/USDT:USDT,0.7862,46147.0,0.7863,31309.0,0.7869,346462768.0,278446644.0994
1753461111192,16:31:51.192,ADA/USDT:USDT,0.7859,10.0,0.786,314589.0,0.786,346651014.0,278594767.3674
1753461111530,16:31:51.530,ADA/USDT:USDT,0.7856,4944.0,0.7857,32126.0,0.7859,346651014.0,278594767.3674
1753461111989,16:31:51.989,ADA/USDT:USDT,0.7856,1609.0,0.7857,47906.0,0.7859,346651014.0,278594767.3674
1753461112604,16:31:52.604,ADA/USDT:USDT,0.7856,360.0,0.7857,47270.0,0.7859,346663640.0,278604691.4034
1753461112924,16:31:52.924,ADA/USDT:USDT,0.7853,512.0,0.7854,57982.0,0.7856,346663660.0,278604707.1214
1753461113292,16:31:53.292,ADA/USDT:USDT,0.7853,67010.0,0.7854,509.0,0.7853,346663660.0,278604707.1214
1753461113650,16:31:53.650,ADA/USDT:USDT,0.7853,67010.0,0.7854,509.0,0.7853,346663660.0,278604707.1214
1753461113962,16:31:53.962,ADA/USDT:USDT,0.7854,65393.0,0.7856,70297.0,0.7854,346663680.0,278604722.8334
1753461114278,16:31:54.278,ADA/USDT:USDT,0.7855,4101.0,0.7856,38648.0,0.7854,346663680.0,278604722.8334
1753461114669,16:31:54.669,ADA/USDT:USDT,0.7855,33492.0,0.7856,38485.0,0.7854,346663680.0,278604722.8334
1753461114996,16:31:54.996,ADA/USDT:USDT,0.7855,33492.0,0.7856,38485.0,0.7854,346665086.0,278605827.067
1753461115630,16:31:55.630,ADA/USDT:USDT,0.7853,46678.0,0.7855,64620.0,0.7854,346665086.0,278605827.067
1753461115977,16:31:55.977,ADA/USDT:USDT,0.7854,32203.0,0.7855,29728.0,0.7854,346665086.0,278605827.067
1753461116632,16:31:56.632,ADA/USDT:USDT,0.7854,31371.0,0.7855,47305.0,0.7854,346671814.0,278611111.7386
1753461117010,16:31:57.010,ADA/USDT:USDT,0.7852,16114.0,0.7854,73725.0,0.7854,346671814.0,278611111.7386
1753461117374,16:31:57.374,ADA/USDT:USDT,0.7852,350.0,0.7853,61384.0,0.7854,346671814.0,278611111.7386
1753461117688,16:31:57.688,ADA/USDT:USDT,0.7852,350.0,0.7853,61384.0,0.7854,346671814.0,278611111.7386
1753461118004,16:31:58.004,ADA/USDT:USDT,0.7852,350.0,0.7853,61384.0,0.7854,346671814.0,278611111.7386
1753461118334,16:31:58.334,ADA/USDT:USDT,0.7851,31887.0,0.7852,56907.0,0.7854,346671814.0,278611111.7386
1753461118698,16:31:58.698,ADA/USDT:USDT,0.7852,30254.0,0.7854,65881.0,0.7854,346671814.0,278611111.7386
1753461119015,16:31:59.015,ADA/USDT:USDT,0.7852,30254.0,0.7854,65881.0,0.7854,346671814.0,278611111.7386
1753461119335,16:31:59.335,ADA/USDT:USDT,0.7853,31887.0,0.7855,136962.0,0.7854,346671814.0,278611111.7386
1753461119696,16:31:59.696,ADA/USDT:USDT,0.7853,31055.0,0.7854,9736.0,0.7854,346671814.0,278611111.7386
1753461120063,16:32:00.063,ADA/USDT:USDT,0.7853,31887.0,0.7854,1867.0,0.7854,346671814.0,278611111.7386
1753461120425,16:32:00.425,ADA/USDT:USDT,0.7853,31055.0,0.7854,1990.0,0.7854,346671814.0,278611111.7386
1753461120747,16:32:00.747,ADA/USDT:USDT,0.7854,16978.0,0.7855,27737.0,0.7854,346671814.0,278611111.7386
1753461121173,16:32:01.173,ADA/USDT:USDT,0.7854,2497.0,0.7855,31714.0,0.7854,345901738.0,277984807.546
1753461121938,16:32:01.938,ADA/USDT:USDT,0.7855,47209.0,0.7856,11287.0,0.7854,345901738.0,277984807.546
1753461123219,16:32:03.219,ADA/USDT:USDT,0.7854,2497.0,0.7855,41872.0,0.7854,345901738.0,277984807.546
1753461123953,16:32:03.953,ADA/USDT:USDT,0.7852,19570.0,0.7853,39531.0,0.7854,345901738.0,277984807.546
1753461124333,16:32:04.333,ADA/USDT:USDT,0.7852,31182.0,0.7853,39531.0,0.7854,345901738.0,277984807.546
1753461125079,16:32:05.079,ADA/USDT:USDT,0.7853,32007.0,0.7854,1640.0,0.7854,345901738.0,277984807.546
1753461125610,16:32:05.610,ADA/USDT:USDT,0.7854,31055.0,0.7855,59112.0,0.7854,345901738.0,277984807.546
1753461125935,16:32:05.935,ADA/USDT:USDT,0.7854,32062.0,0.7855,31840.0,0.7854,345901738.0,277984807.546
1753461126249,16:32:06.249,ADA/USDT:USDT,0.7854,45055.0,0.7855,14257.0,0.7854,345901738.0,277984807.546
1753461126630,16:32:06.630,ADA/USDT:USDT,0.7855,55773.0,0.7856,509.0,0.7854,345901738.0,277984807.546
1753461126958,16:32:06.958,ADA/USDT:USDT,0.7855,55773.0,0.7856,509.0,0.7854,345901738.0,277984807.546
1753461127276,16:32:07.276,ADA/USDT:USDT,0.7854,127.0,0.7855,69643.0,0.7855,345901738.0,277984807.546
1753461127700,16:32:07.700,ADA/USDT:USDT,0.7853,18063.0,0.7854,33221.0,0.7855,345901738.0,277984807.546
1753461128202,16:32:08.202,ADA/USDT:USDT,0.7853,18611.0,0.7854,62198.0,0.7855,345901738.0,277984807.546
1753461128924,16:32:08.924,ADA/USDT:USDT,0.7855,46205.0,0.7856,859.0,0.7855,345918790.0,277998201.892
1753461129280,16:32:09.280,ADA/USDT:USDT,0.7855,46205.0,0.7856,7077.0,0.7855,345918790.0,277998201.892
1753461129610,16:32:09.610,ADA/USDT:USDT,0.7855,46205.0,0.7856,7077.0,0.7855,345918790.0,277998201.892
1753461129951,16:32:09.951,ADA/USDT:USDT,0.7856,18927.0,0.7857,28396.0,0.7856,345918790.0,277998201.892
1753461130936,16:32:10.936,ADA/USDT:USDT,0.7856,46205.0,0.7857,10045.0,0.7856,345918790.0,277998201.892
1753461131271,16:32:11.271,ADA/USDT:USDT,0.7855,18611.0,0.7856,36447.0,0.7856,345918790.0,277998201.892
1753461131716,16:32:11.716,ADA/USDT:USDT,0.7852,17582.0,0.7854,24231.0,0.7856,345919808.0,277999001.6328
1753461132574,16:32:12.574,ADA/USDT:USDT,0.7852,15257.0,0.7853,1640.0,0.7856,345919808.0,277999001.6328
1753461132995,16:32:12.995,ADA/USDT:USDT,0.7852,31371.0,0.7853,18938.0,0.7856,345919808.0,277999001.6328
1753461133313,16:32:13.313,ADA/USDT:USDT,0.7852,31371.0,0.7853,18938.0,0.7856,345918790.0,277998201.892
1753461133896,16:32:13.896,ADA/USDT:USDT,0.7852,16114.0,0.7853,40151.0,0.7856,345919808.0,277999001.6328
1753461134260,16:32:14.260,ADA/USDT:USDT,0.7851,18611.0,0.7852,58366.0,0.7856,345919808.0,277999001.6328
1753461134576,16:32:14.576,ADA/USDT:USDT,0.7851,18611.0,0.7852,58366.0,0.7856,345919808.0,277999001.6328
1753461134891,16:32:14.891,ADA/USDT:USDT,0.7851,28558.0,0.7852,57868.0,0.7856,345919808.0,277999001.6328
1753461135418,16:32:15.418,ADA/USDT:USDT,0.7848,16114.0,0.7849,25203.0,0.7849,345919808.0,277999001.6328
1753461136407,16:32:16.407,ADA/USDT:USDT,0.7849,18927.0,0.785,49486.0,0.7848,345940736.0,278015427.948
1753461137168,16:32:17.168,ADA/USDT:USDT,0.785,31055.0,0.7851,35914.0,0.7848,345919808.0,277999001.6328
1753461137591,16:32:17.591,ADA/USDT:USDT,0.785,29106.0,0.7851,43638.0,0.7848,345919808.0,277999001.6328
1753461138352,16:32:18.352,ADA/USDT:USDT,0.7849,18063.0,0.785,32459.0,0.7848,345940990.0,278015627.2872
1753461139228,16:32:19.228,ADA/USDT:USDT,0.7848,35019.0,0.785,69724.0,0.7848,345940990.0,278015627.2872
1753461139556,16:32:19.556,ADA/USDT:USDT,0.7849,58071.0,0.7851,47656.0,0.7848,345940990.0,278015627.2872
1753461139936,16:32:19.936,ADA/USDT:USDT,0.7849,44332.0,0.785,1986.0,0.7848,345940990.0,278015627.2872
1753461140296,16:32:20.296,ADA/USDT:USDT,0.7849,44332.0,0.785,1986.0,0.7848,345940990.0,278015627.2872
1753461140689,16:32:20.689,ADA/USDT:USDT,0.7849,43325.0,0.785,1636.0,0.7848,345940990.0,278015627.2872
1753461141001,16:32:21.001,ADA/USDT:USDT,0.785,49594.0,0.7851,23873.0,0.7848,345940736.0,278015427.948
1753461141361,16:32:21.361,ADA/USDT:USDT,0.785,49594.0,0.7851,23873.0,0.7848,345940990.0,278015627.2872
1753461141714,16:32:21.714,ADA/USDT:USDT,0.785,31055.0,0.7851,38712.0,0.7848,345940990.0,278015627.2872
1753461142064,16:32:22.064,ADA/USDT:USDT,0.785,31055.0,0.7851,25427.0,0.7848,345940990.0,278015627.2872
1753461142392,16:32:22.392,ADA/USDT:USDT,0.785,31055.0,0.7851,28830.0,0.7848,345940990.0,278015627.2872
1753461142728,16:32:22.728,ADA/USDT:USDT,0.785,31055.0,0.7851,30103.0,0.7848,345940990.0,278015627.2872
1753461143172,16:32:23.172,ADA/USDT:USDT,0.7851,4950.0,0.7852,39779.0,0.7848,345940990.0,278015627.2872
1753461143902,16:32:23.902,ADA/USDT:USDT,0.7853,2813.0,0.7854,53139.0,0.7852,345940990.0,278015627.2872
1753461144654,16:32:24.654,ADA/USDT:USDT,0.7853,49094.0,0.7854,25872.0,0.7852,345940990.0,278015627.2872
1753461145075,16:32:25.075,ADA/USDT:USDT,0.7856,55604.0,0.7857,1986.0,0.7854,345940990.0,278015627.2872
1753461145652,16:32:25.652,ADA/USDT:USDT,0.7855,16114.0,0.7856,54217.0,0.7854,345942008.0,278016426.6208
1753461145987,16:32:25.987,ADA/USDT:USDT,0.7855,16114.0,0.7856,54217.0,0.7854,345942008.0,278016426.6208
1753461146304,16:32:26.304,ADA/USDT:USDT,0.7855,31055.0,0.7856,43092.0,0.7854,345942008.0,278016426.6208
1753461146637,16:32:26.637,ADA/USDT:USDT,0.7855,31055.0,0.7856,43442.0,0.7854,345943026.0,278017226.158
1753461146979,16:32:26.979,ADA/USDT:USDT,0.7855,31055.0,0.7856,28600.0,0.7854,345943026.0,278017226.158
1753461147294,16:32:27.294,ADA/USDT:USDT,0.7855,45055.0,0.7856,2502.0,0.7854,345943026.0,278017226.158
1753461147633,16:32:27.633,ADA/USDT:USDT,0.7857,16662.0,0.7858,22342.0,0.7854,345940990.0,278015627.2872
1753461148461,16:32:28.461,ADA/USDT:USDT,0.7857,41038.0,0.7858,512.0,0.7854,345943026.0,278017226.158
1753461148781,16:32:28.781,ADA/USDT:USDT,0.7857,31055.0,0.7858,28701.0,0.7854,345943026.0,278017226.158
1753461149098,16:32:29.098,ADA/USDT:USDT,0.7857,16114.0,0.7858,58221.0,0.7854,345943026.0,278017226.158
1753461149447,16:32:29.447,ADA/USDT:USDT,0.7857,16114.0,0.7858,58221.0,0.7854,345943026.0,278017226.158
1753461149764,16:32:29.764,ADA/USDT:USDT,0.7857,16114.0,0.7858,42482.0,0.7854,345943026.0,278017226.158
1753461150524,16:32:30.524,ADA/USDT:USDT,0.7856,34986.0,0.7858,42998.0,0.7854,345943026.0,278017226.158
1753461151334,16:32:31.334,ADA/USDT:USDT,0.7857,31055.0,0.7858,24138.0,0.7854,345943026.0,278017226.158
1753461151744,16:32:31.744,ADA/USDT:USDT,0.7857,28558.0,0.7858,14669.0,0.7854,345943026.0,278017226.158
1753461152132,16:32:32.132,ADA/USDT:USDT,0.7856,33598.0,0.7858,57227.0,0.7854,345943026.0,278017226.158
1753461152501,16:32:32.501,ADA/USDT:USDT,0.7856,31055.0,0.7857,8581.0,0.7854,345943026.0,278017226.158
1753461152876,16:32:32.876,ADA/USDT:USDT,0.7856,31055.0,0.7857,22911.0,0.7854,345943026.0,278017226.158
1753461153302,16:32:33.302,ADA/USDT:USDT,0.7856,17012.0,0.7857,35025.0,0.7854,345940990.0,278015627.2872
1753461153910,16:32:33.910,ADA/USDT:USDT,0.7856,31055.0,0.7857,35025.0,0.7854,345943026.0,278017226.158
1753461154229,16:32:34.229,ADA/USDT:USDT,0.7857,38374.0,0.7858,2217.0,0.7854,345943026.0,278017226.158
1753461154572,16:32:34.572,ADA/USDT:USDT,0.7857,31055.0,0.7858,27891.0,0.7854,345943026.0,278017226.158
1753461154902,16:32:34.902,ADA/USDT:USDT,0.7857,16114.0,0.7858,27891.0,0.7854,345943026.0,278017226.158
1753461155299,16:32:35.299,ADA/USDT:USDT,0.7857,16114.0,0.7858,52756.0,0.7858,345943026.0,278017226.158
1753461155647,16:32:35.647,ADA/USDT:USDT,0.7857,16114.0,0.7858,52756.0,0.7858,345943026.0,278017226.158
1753461155987,16:32:35.987,ADA/USDT:USDT,0.7857,17713.0,0.7858,52756.0,0.7858,345943026.0,278017226.158
1753461156299,16:32:36.299,ADA/USDT:USDT,0.7857,31055.0,0.7858,53106.0,0.7858,345943026.0,278017226.158
1753461156621,16:32:36.621,ADA/USDT:USDT,0.7857,17713.0,0.7858,39106.0,0.7858,345943026.0,278017226.158
1753461156966,16:32:36.966,ADA/USDT:USDT,0.7857,32499.0,0.7858,2152.0,0.7857,345943026.0,278017226.158
1753461157302,16:32:37.302,ADA/USDT:USDT,0.7857,32499.0,0.7858,2152.0,0.7857,345943930.0,278017936.5212
1753461157634,16:32:37.634,ADA/USDT:USDT,0.7857,31661.0,0.7858,8796.0,0.7857,345948930.0,278021865.0212
1753461158662,16:32:38.662,ADA/USDT:USDT,0.7858,29456.0,0.7859,52283.0,0.7858,345948930.0,278021865.0212
1753461158987,16:32:38.987,ADA/USDT:USDT,0.7858,16662.0,0.7859,52283.0,0.7858,345952664.0,278024799.1984
1753461159343,16:32:39.343,ADA/USDT:USDT,0.7857,2497.0,0.7858,67713.0,0.7858,345952664.0,278024799.1984
1753461159689,16:32:39.689,ADA/USDT:USDT,0.7857,898.0,0.7858,67713.0,0.7858,345952664.0,278024799.1984
1753461160006,16:32:40.006,ADA/USDT:USDT,0.7857,46209.0,0.7858,29517.0,0.7858,345952664.0,278024799.1984
1753461160331,16:32:40.331,ADA/USDT:USDT,0.7857,31371.0,0.7858,15294.0,0.7858,345943930.0,278017936.5212
1753461160817,16:32:40.817,ADA/USDT:USDT,0.7857,16114.0,0.7858,42380.0,0.7858,345952664.0,278024799.1984
1753461161151,16:32:41.151,ADA/USDT:USDT,0.7856,1949.0,0.7857,49278.0,0.7858,345952664.0,278024799.1984
1753461161488,16:32:41.488,ADA/USDT:USDT,0.7852,18108.0,0.7854,24477.0,0.7858,345952664.0,278024799.1984
1753461161852,16:32:41.852,ADA/USDT:USDT,0.785,18063.0,0.7851,44370.0,0.7852,345952664.0,278024799.1984
1753461162217,16:32:42.217,ADA/USDT:USDT,0.785,18063.0,0.7851,54039.0,0.7852,345952664.0,278024799.1984
1753461162531,16:32:42.531,ADA/USDT:USDT,0.7852,17012.0,0.7853,44890.0,0.7852,345952664.0,278024799.1984
1753461162942,16:32:42.942,ADA/USDT:USDT,0.7851,18063.0,0.7852,59962.0,0.7852,345952664.0,278024799.1984
1753461163352,16:32:43.352,ADA/USDT:USDT,0.785,19123.0,0.7851,12533.0,0.7852,345957722.0,278028770.74
1753461163996,16:32:43.996,ADA/USDT:USDT,0.7853,45055.0,0.7854,39221.0,0.7852,345957722.0,278028770.74
1753461164374,16:32:44.374,ADA/USDT:USDT,0.7854,3149.0,0.7856,87435.0,0.7854,345957722.0,278028770.74
1753461164715,16:32:44.715,ADA/USDT:USDT,0.7854,3149.0,0.7856,87435.0,0.7854,345957722.0,278028770.74
1753461165035,16:32:45.035,ADA/USDT:USDT,0.7855,16114.0,0.7856,62217.0,0.7854,345957722.0,278028770.74
1753461165470,16:32:45.470,ADA/USDT:USDT,0.7852,127.0,0.7853,69689.0,0.7854,345958740.0,278029570.2772
1753461166920,16:32:46.920,ADA/USDT:USDT,0.7852,49655.0,0.7853,1636.0,0.7854,345952664.0,278024799.1984
1753461167540,16:32:47.540,ADA/USDT:USDT,0.7852,49655.0,0.7853,1636.0,0.7854,345958740.0,278029570.2772
1753461167898,16:32:47.898,ADA/USDT:USDT,0.7857,16758.0,0.7858,19053.0,0.7856,345958740.0,278029570.2772
1753461168253,16:32:48.253,ADA/USDT:USDT,0.7857,45316.0,0.7858,27958.0,0.7856,345958740.0,278029570.2772
1753461168573,16:32:48.573,ADA/USDT:USDT,0.7857,45316.0,0.7858,27958.0,0.7856,345964516.0,278034107.698
1753461168885,16:32:48.885,ADA/USDT:USDT,0.7857,16114.0,0.7858,41958.0,0.7856,345957722.0,278028770.74
1753461169371,16:32:49.371,ADA/USDT:USDT,0.7857,28908.0,0.7858,41958.0,0.7856,345964516.0,278034107.698
1753461169686,16:32:49.686,ADA/USDT:USDT,0.7857,30507.0,0.7858,41958.0,0.7856,345964516.0,278034107.698
1753461170015,16:32:50.015,ADA/USDT:USDT,0.7857,350.0,0.7858,58072.0,0.7856,345964516.0,278034107.698
1753461170434,16:32:50.434,ADA/USDT:USDT,0.7856,18611.0,0.7857,44589.0,0.7856,345964516.0,278034107.698
1753461170814,16:32:50.814,ADA/USDT:USDT,0.7856,18611.0,0.7857,44589.0,0.7856,345964516.0,278034107.698
1753461171125,16:32:51.125,ADA/USDT:USDT,0.7856,45892.0,0.7857,3276.0,0.7856,345964516.0,278034107.698
1753461171441,16:32:51.441,ADA/USDT:USDT,0.7856,45892.0,0.7857,512.0,0.7856,345964516.0,278034107.698
1753461171843,16:32:51.843,ADA/USDT:USDT,0.7856,31892.0,0.7857,27598.0,0.7856,345964516.0,278034107.698
1753461172157,16:32:52.157,ADA/USDT:USDT,0.7856,31055.0,0.7857,29392.0,0.7856,345964516.0,278034107.698
1753461172480,16:32:52.480,ADA/USDT:USDT,0.7856,38889.0,0.7857,1781.0,0.7857,345964516.0,278034107.698
1753461172916,16:32:52.916,ADA/USDT:USDT,0.7857,16114.0,0.7858,10398.0,0.7857,345965258.0,278034690.6874
1753461173711,16:32:53.711,ADA/USDT:USDT,0.7857,31316.0,0.7858,22842.0,0.7857,345965258.0,278034690.6874
1753461174700,16:32:54.700,ADA/USDT:USDT,0.7857,16923.0,0.7858,26059.0,0.7857,345964516.0,278034107.698
1753461175064,16:32:55.064,ADA/USDT:USDT,0.7855,18900.0,0.7857,47310.0,0.7857,345965780.0,278035100.8228
1753461175459,16:32:55.459,ADA/USDT:USDT,0.7855,19709.0,0.7856,8138.0,0.7857,345965258.0,278034690.6874
1753461175881,16:32:55.881,ADA/USDT:USDT,0.7856,31316.0,0.7857,1729.0,0.7857,345964516.0,278034107.698
1753461176242,16:32:56.242,ADA/USDT:USDT,0.7856,31316.0,0.7857,1729.0,0.7857,345965780.0,278035100.8228
1753461176567,16:32:56.567,ADA/USDT:USDT,0.7855,18872.0,0.7856,31022.0,0.7857,345965780.0,278035100.8228
1753461176901,16:32:56.901,ADA/USDT:USDT,0.7855,33692.0,0.7856,3188.0,0.7857,345965780.0,278035100.8228
1753461177209,16:32:57.209,ADA/USDT:USDT,0.7855,46136.0,0.7856,3188.0,0.7857,345965780.0,278035100.8228
1753461177520,16:32:57.520,ADA/USDT:USDT,0.7855,46136.0,0.7856,1714.0,0.7857,345965780.0,278035100.8228
1753461177902,16:32:57.902,ADA/USDT:USDT,0.7856,32063.0,0.7857,33657.0,0.7857,345965780.0,278035100.8228
1753461178715,16:32:58.715,ADA/USDT:USDT,0.7853,31327.0,0.7854,7579.0,0.7855,345965780.0,278035100.8228
1753461179025,16:32:59.025,ADA/USDT:USDT,0.7853,28908.0,0.7854,52824.0,0.7855,345965780.0,278035100.8228
1753461179378,16:32:59.378,ADA/USDT:USDT,0.7853,17713.0,0.7854,52824.0,0.7855,345967398.0,278036371.7618
1753461179701,16:32:59.701,ADA/USDT:USDT,0.7853,17713.0,0.7854,52824.0,0.7855,345967398.0,278036371.7618
1753461180010,16:33:00.010,ADA/USDT:USDT,0.7853,17713.0,0.7854,52824.0,0.7855,345967398.0,278036371.7618
1753461180456,16:33:00.456,ADA/USDT:USDT,0.7853,30157.0,0.7854,38004.0,0.7855,345692854.0,277813487.7026
1753461181077,16:33:01.077,ADA/USDT:USDT,0.7853,30157.0,0.7854,38513.0,0.7855,345967398.0,278036371.7618
1753461181398,16:33:01.398,ADA/USDT:USDT,0.7849,350.0,0.785,34881.0,0.7855,345692854.0,277813487.7026
1753461181794,16:33:01.794,ADA/USDT:USDT,0.7849,46136.0,0.785,3507.0,0.7855,345692854.0,277813487.7026
1753461182166,16:33:02.166,ADA/USDT:USDT,0.7848,16114.0,0.7849,55130.0,0.7855,345692854.0,277813487.7026
1753461182885,16:33:02.885,ADA/USDT:USDT,0.7844,127.0,0.7845,67454.0,0.7855,345692854.0,277813487.7026
1753461183336,16:33:03.336,ADA/USDT:USDT,0.7844,14520.0,0.7845,58180.0,0.7855,345965258.0,278034690.6874
1753461184074,16:33:04.074,ADA/USDT:USDT,0.7844,14520.0,0.7845,58180.0,0.7855,345965780.0,278035100.8228
1753461184767,16:33:04.767,ADA/USDT:USDT,0.7844,44507.0,0.7845,32058.0,0.7855,345692854.0,277813487.7026
1753461185105,16:33:05.105,ADA/USDT:USDT,0.7844,62608.0,0.7846,17799.0,0.7845,345692854.0,277813487.7026
1753461185815,16:33:05.815,ADA/USDT:USDT,0.7843,21051.0,0.7844,12828.0,0.7845,345695490.0,277815555.6446
1753461186551,16:33:06.551,ADA/USDT:USDT,0.7842,44507.0,0.7843,48168.0,0.7845,345695490.0,277815555.6446
1753461187479,16:33:07.479,ADA/USDT:USDT,0.7843,46836.0,0.7845,19304.0,0.7845,345695490.0,277815555.6446
1753461187806,16:33:07.806,ADA/USDT:USDT,0.7843,18063.0,0.7844,44101.0,0.7845,345695490.0,277815555.6446
1753461188276,16:33:08.276,ADA/USDT:USDT,0.7842,18891.0,0.7843,42258.0,0.7845,345692854.0,277813487.7026
1753461188902,16:33:08.902,ADA/USDT:USDT,0.7842,31335.0,0.7843,42169.0,0.7845,345695490.0,277815555.6446
1753461189229,16:33:09.229,ADA/USDT:USDT,0.7842,31335.0,0.7843,37226.0,0.7845,345695490.0,277815555.6446
1753461189580,16:33:09.580,ADA/USDT:USDT,0.7842,44335.0,0.7843,37226.0,0.7845,345695490.0,277815555.6446
1753461189902,16:33:09.902,ADA/USDT:USDT,0.7842,44335.0,0.7843,37226.0,0.7845,345695490.0,277815555.6446
1753461190226,16:33:10.226,ADA/USDT:USDT,0.784,19768.0,0.7841,689.0,0.7845,345695490.0,277815555.6446
1753461190619,16:33:10.619,ADA/USDT:USDT,0.7841,45828.0,0.7842,14434.0,0.7845,345695490.0,277815555.6446
1753461191008,16:33:11.008,ADA/USDT:USDT,0.7841,45828.0,0.7842,14434.0,0.7845,345695490.0,277815555.6446
1753461191718,16:33:11.718,ADA/USDT:USDT,0.7841,18063.0,0.7842,36832.0,0.7845,345695490.0,277815555.6446
1753461192165,16:33:12.165,ADA/USDT:USDT,0.7841,31515.0,0.7843,51945.0,0.7845,345695490.0,277815555.6446
1753461192786,16:33:12.786,ADA/USDT:USDT,0.7841,18063.0,0.7842,52583.0,0.7842,345695490.0,277815555.6446
1753461193277,16:33:13.277,ADA/USDT:USDT,0.7841,31847.0,0.7842,11986.0,0.7841,345695490.0,277815555.6446
1753461193695,16:33:13.695,ADA/USDT:USDT,0.7841,31019.0,0.7842,21304.0,0.7841,345697808.0,277817373.4202
1753461194005,16:33:14.005,ADA/USDT:USDT,0.7841,31019.0,0.7842,18605.0,0.7841,345697808.0,277817373.4202
1753461194348,16:33:14.348,ADA/USDT:USDT,0.7841,28908.0,0.7842,39567.0,0.7841,345698508.0,277817922.2902
1753461194687,16:33:14.687,ADA/USDT:USDT,0.7841,31335.0,0.7842,7856.0,0.7841,345698508.0,277817922.2902
1753461195002,16:33:15.002,ADA/USDT:USDT,0.7842,57050.0,0.7843,510.0,0.7841,345698508.0,277817922.2902
1753461195330,16:33:15.330,ADA/USDT:USDT,0.7842,52133.0,0.7843,19370.0,0.7841,345698508.0,277817922.2902
1753461195789,16:33:15.789,ADA/USDT:USDT,0.7841,18190.0,0.7842,23167.0,0.7841,345698508.0,277817922.2902
1753461196987,16:33:16.987,ADA/USDT:USDT,0.784,18063.0,0.7841,12404.0,0.7842,345698508.0,277817922.2902
1753461197388,16:33:17.388,ADA/USDT:USDT,0.7839,40.0,0.784,70636.0,0.784,345710814.0,277827572.6554
1753461197717,16:33:17.717,ADA/USDT:USDT,0.7838,16114.0,0.7839,58734.0,0.7839,345710814.0,277827572.6554
1753461198094,16:33:18.094,ADA/USDT:USDT,0.7837,31037.0,0.7838,17760.0,0.7839,345713446.0,277829636.1354
1753461198871,16:33:18.871,ADA/USDT:USDT,0.7838,18063.0,0.7839,26265.0,0.7839,345713446.0,277829636.1354
1753461199756,16:33:19.756,ADA/USDT:USDT,0.7838,44507.0,0.7839,26970.0,0.784,345713446.0,277829636.1354
1753461200074,16:33:20.074,ADA/USDT:USDT,0.7838,44507.0,0.7839,26970.0,0.784,345713446.0,277829636.1354
1753461200389,16:33:20.389,ADA/USDT:USDT,0.7838,50475.0,0.7839,510.0,0.784,345713446.0,277829636.1354
1753461200760,16:33:20.760,ADA/USDT:USDT,0.7838,50475.0,0.7839,510.0,0.784,345713446.0,277829636.1354
1753461201099,16:33:21.099,ADA/USDT:USDT,0.7838,50475.0,0.7839,510.0,0.784,345714146.0,277830184.9354
1753461201419,16:33:21.419,ADA/USDT:USDT,0.784,29952.0,0.7841,14000.0,0.7839,345714146.0,277830184.9354
1753461201734,16:33:21.734,ADA/USDT:USDT,0.7842,60182.0,0.7843,24477.0,0.7839,345714146.0,277830184.9354
1753461202090,16:33:22.090,ADA/USDT:USDT,0.7842,350.0,0.7843,51723.0,0.7839,345714146.0,277830184.9354
1753461202418,16:33:22.418,ADA/USDT:USDT,0.7842,350.0,0.7843,51723.0,0.7839,345715166.0,277830984.5134
1753461202730,16:33:22.730,ADA/USDT:USDT,0.7841,45345.0,0.7842,14257.0,0.7839,345715166.0,277830984.5134
1753461203125,16:33:23.125,ADA/USDT:USDT,0.7841,44507.0,0.7842,4668.0,0.7839,345715166.0,277830984.5134
1753461203497,16:33:23.497,ADA/USDT:USDT,0.7841,30507.0,0.7842,26346.0,0.7839,345715166.0,277830984.5134
1753461203809,16:33:23.809,ADA/USDT:USDT,0.7841,30507.0,0.7842,26346.0,0.7839,345715166.0,277830984.5134
1753461204124,16:33:24.124,ADA/USDT:USDT,0.7841,18063.0,0.7842,24054.0,0.7839,345715166.0,277830984.5134
1753461204498,16:33:24.498,ADA/USDT:USDT,0.784,18063.0,0.7841,53157.0,0.7839,345715166.0,277830984.5134
1753461204878,16:33:24.878,ADA/USDT:USDT,0.7839,25145.0,0.784,13903.0,0.7839,345715166.0,277830984.5134
1753461205190,16:33:25.190,ADA/USDT:USDT,0.7839,33802.0,0.7841,23659.0,0.7839,345715166.0,277830984.5134
1753461205579,16:33:25.579,ADA/USDT:USDT,0.784,45874.0,0.7841,8302.0,0.7839,345715166.0,277830984.5134
1753461205953,16:33:25.953,ADA/USDT:USDT,0.7841,16626.0,0.7842,20809.0,0.7839,345715166.0,277830984.5134
1753461206264,16:33:26.264,ADA/USDT:USDT,0.7841,45874.0,0.7842,12393.0,0.7839,345715166.0,277830984.5134
1753461206578,16:33:26.578,ADA/USDT:USDT,0.7842,51317.0,0.7843,510.0,0.7839,345715166.0,277830984.5134
1753461206930,16:33:26.930,ADA/USDT:USDT,0.7842,49454.0,0.7843,15797.0,0.7839,345715166.0,277830984.5134
1753461207258,16:33:27.258,ADA/USDT:USDT,0.7842,33203.0,0.7843,16077.0,0.7839,345715166.0,277830984.5134
1753461207568,16:33:27.568,ADA/USDT:USDT,0.7842,33203.0,0.7843,16077.0,0.7839,345715166.0,277830984.5134
1753461207950,16:33:27.950,ADA/USDT:USDT,0.7842,1389.0,0.7843,25335.0,0.7839,345715166.0,277830984.5134
1753461208327,16:33:28.327,ADA/USDT:USDT,0.7841,18063.0,0.7842,24532.0,0.7839,345715166.0,277830984.5134
1753461208642,16:33:28.642,ADA/USDT:USDT,0.7842,48405.0,0.7843,845.0,0.7839,345715166.0,277830984.5134
1753461208959,16:33:28.959,ADA/USDT:USDT,0.7842,48405.0,0.7843,845.0,0.7839,345715166.0,277830984.5134
1753461209300,16:33:29.300,ADA/USDT:USDT,0.7843,60193.0,0.7844,1459.0,0.7843,345715166.0,277830984.5134
1753461209964,16:33:29.964,ADA/USDT:USDT,0.7844,46785.0,0.7845,13090.0,0.7844,345715166.0,277830984.5134
1753461210280,16:33:30.280,ADA/USDT:USDT,0.7844,46785.0,0.7845,25450.0,0.7844,345716186.0,277831784.4994
1753461210616,16:33:30.616,ADA/USDT:USDT,0.7844,46785.0,0.7845,9848.0,0.7844,345716186.0,277831784.4994
1753461210975,16:33:30.975,ADA/USDT:USDT,0.7844,46785.0,0.7845,9848.0,0.7844,345716186.0,277831784.4994
1753461211294,16:33:31.294,ADA/USDT:USDT,0.7844,16114.0,0.7845,24787.0,0.7844,345716856.0,277832310.0474
1753461211685,16:33:31.685,ADA/USDT:USDT,0.7844,16464.0,0.7845,54901.0,0.7844,345716856.0,277832310.0474
1753461212131,16:33:32.131,ADA/USDT:USDT,0.7842,18918.0,0.7843,26734.0,0.7844,345716856.0,277832310.0474
1753461212803,16:33:32.803,ADA/USDT:USDT,0.7844,544.0,0.7845,27729.0,0.7844,345716856.0,277832310.0474
1753461213136,16:33:33.136,ADA/USDT:USDT,0.7844,31906.0,0.7845,27602.0,0.7844,345716856.0,277832310.0474
1753461213520,16:33:33.520,ADA/USDT:USDT,0.7845,16114.0,0.7846,36627.0,0.7844,345716856.0,277832310.0474
1753461213846,16:33:33.846,ADA/USDT:USDT,0.7845,16114.0,0.7846,36627.0,0.7844,345716856.0,277832310.0474
1753461214158,16:33:34.158,ADA/USDT:USDT,0.7847,16114.0,0.7848,19971.0,0.7846,345716856.0,277832310.0474
1753461214502,16:33:34.502,ADA/USDT:USDT,0.7847,16114.0,0.7848,49290.0,0.7846,345716856.0,277832310.0474
1753461214835,16:33:34.835,ADA/USDT:USDT,0.7845,16969.0,0.7846,6195.0,0.7846,345716856.0,277832310.0474
1753461215152,16:33:35.152,ADA/USDT:USDT,0.7844,34149.0,0.7846,64643.0,0.7846,345716856.0,277832310.0474
1753461215456,16:33:35.456,ADA/USDT:USDT,0.7844,30507.0,0.7845,3955.0,0.7846,345716856.0,277832310.0474
1753461216043,16:33:36.043,ADA/USDT:USDT,0.7844,31348.0,0.7845,11117.0,0.7846,345717110.0,277832509.3358
1753461216789,16:33:36.789,ADA/USDT:USDT,0.7845,18063.0,0.7846,29334.0,0.7846,345717110.0,277832509.3358
1753461217609,16:33:37.609,ADA/USDT:USDT,0.7845,18904.0,0.7846,31133.0,0.7846,345717110.0,277832509.3358
1753461217925,16:33:37.925,ADA/USDT:USDT,0.7846,52265.0,0.7847,1867.0,0.7846,345717110.0,277832509.3358
1753461218316,16:33:38.316,ADA/USDT:USDT,0.7846,18063.0,0.7847,38712.0,0.7846,345717110.0,277832509.3358
1753461218647,16:33:38.647,ADA/USDT:USDT,0.7846,18063.0,0.7847,38712.0,0.7846,345717110.0,277832509.3358
1753461218978,16:33:38.978,ADA/USDT:USDT,0.7848,18063.0,0.7849,78438.0,0.7846,345717110.0,277832509.3358
1753461219363,16:33:39.363,ADA/USDT:USDT,0.7848,30507.0,0.7849,33496.0,0.7846,345717110.0,277832509.3358
1753461219716,16:33:39.716,ADA/USDT:USDT,0.7847,18063.0,0.7848,8337.0,0.7846,345717110.0,277832509.3358
1753461220034,16:33:40.034,ADA/USDT:USDT,0.7847,18063.0,0.7848,8337.0,0.7846,345717110.0,277832509.3358
1753461220364,16:33:40.364,ADA/USDT:USDT,0.7847,30507.0,0.7848,19096.0,0.7846,345717110.0,277832509.3358
1753461221123,16:33:41.123,ADA/USDT:USDT,0.7847,44507.0,0.7848,10543.0,0.7846,345717110.0,277832509.3358
1753461222114,16:33:42.114,ADA/USDT:USDT,0.7848,30924.0,0.7849,27131.0,0.7846,345717110.0,277832509.3358
1753461222474,16:33:42.474,ADA/USDT:USDT,0.7848,30507.0,0.7849,56669.0,0.7846,345717110.0,277832509.3358
1753461222789,16:33:42.789,ADA/USDT:USDT,0.7848,28558.0,0.7849,39575.0,0.7846,345717110.0,277832509.3358
1753461223151,16:33:43.151,ADA/USDT:USDT,0.7847,32063.0,0.7848,24620.0,0.7846,345717110.0,277832509.3358
1753461223523,16:33:43.523,ADA/USDT:USDT,0.7847,35093.0,0.7848,1124.0,0.7846,345717110.0,277832509.3358
1753461223841,16:33:43.841,ADA/USDT:USDT,0.7847,35093.0,0.7848,1124.0,0.7846,345717110.0,277832509.3358
1753461224151,16:33:44.151,ADA/USDT:USDT,0.7847,18063.0,0.7848,28448.0,0.7846,345717110.0,277832509.3358
1753461224582,16:33:44.582,ADA/USDT:USDT,0.7846,350.0,0.7847,56007.0,0.7846,345717110.0,277832509.3358
1753461225296,16:33:45.296,ADA/USDT:USDT,0.7846,45424.0,0.7847,3090.0,0.7847,345717110.0,277832509.3358
1753461225757,16:33:45.757,ADA/USDT:USDT,0.7846,34924.0,0.7847,1450.0,0.7847,345717110.0,277832509.3358
1753461226259,16:33:46.259,ADA/USDT:USDT,0.7846,34546.0,0.7847,1450.0,0.7847,345717110.0,277832509.3358
1753461226618,16:33:46.618,ADA/USDT:USDT,0.7845,16464.0,0.7846,45276.0,0.7847,345717110.0,277832509.3358
1753461227025,16:33:47.025,ADA/USDT:USDT,0.7845,30507.0,0.7846,43631.0,0.7847,345717110.0,277832509.3358
1753461227357,16:33:47.357,ADA/USDT:USDT,0.7845,44507.0,0.7846,3600.0,0.7847,345717110.0,277832509.3358
1753461227674,16:33:47.674,ADA/USDT:USDT,0.7845,30507.0,0.7846,15813.0,0.7847,345717944.0,277833163.7756
1753461228107,16:33:48.107,ADA/USDT:USDT,0.7845,30507.0,0.7846,50360.0,0.7847,345717944.0,277833163.7756
1753461228462,16:33:48.462,ADA/USDT:USDT,0.7845,30507.0,0.7846,9939.0,0.7847,345717944.0,277833163.7756
1753461228793,16:33:48.793,ADA/USDT:USDT,0.7845,30507.0,0.7846,3114.0,0.7847,345717944.0,277833163.7756
1753461229106,16:33:49.106,ADA/USDT:USDT,0.7844,16114.0,0.7846,53031.0,0.7847,345717110.0,277832509.3358
1753461229568,16:33:49.568,ADA/USDT:USDT,0.7845,29401.0,0.7846,39774.0,0.7847,345717944.0,277833163.7756
1753461230455,16:33:50.455,ADA/USDT:USDT,0.7846,30507.0,0.7847,25935.0,0.7847,345717944.0,277833163.7756
1753461230795,16:33:50.795,ADA/USDT:USDT,0.7846,30507.0,0.7847,42049.0,0.7847,345717944.0,277833163.7756
1753461231109,16:33:51.109,ADA/USDT:USDT,0.7846,30507.0,0.7847,28769.0,0.7847,345717944.0,277833163.7756
1753461231433,16:33:51.433,ADA/USDT:USDT,0.7846,30507.0,0.7847,28769.0,0.7847,345717944.0,277833163.7756
1753461231797,16:33:51.797,ADA/USDT:USDT,0.7846,30507.0,0.7847,25099.0,0.7847,345717944.0,277833163.7756
1753461232128,16:33:52.128,ADA/USDT:USDT,0.7846,31343.0,0.7847,25099.0,0.7847,345717944.0,277833163.7756
1753461232808,16:33:52.808,ADA/USDT:USDT,0.7846,12444.0,0.7847,41585.0,0.7847,345717944.0,277833163.7756
1753461233180,16:33:53.180,ADA/USDT:USDT,0.7843,16114.0,0.7845,53618.0,0.7847,345717944.0,277833163.7756
1753461233498,16:33:53.498,ADA/USDT:USDT,0.7842,1599.0,0.7843,60142.0,0.7847,345717944.0,277833163.7756
1753461233837,16:33:53.837,ADA/USDT:USDT,0.7838,1599.0,0.7839,54515.0,0.7847,345717944.0,277833163.7756
1753461234666,16:33:54.666,ADA/USDT:USDT,0.7834,33623.0,0.7835,3114.0,0.7836,345717944.0,277833163.7756
1753461234980,16:33:54.980,ADA/USDT:USDT,0.7833,3491.0,0.7834,19301.0,0.7836,345717944.0,277833163.7756
1753461235319,16:33:55.319,ADA/USDT:USDT,0.7833,25.0,0.7834,46666.0,0.7836,345717944.0,277833163.7756
1753461235903,16:33:55.903,ADA/USDT:USDT,0.7833,25.0,0.7834,53578.0,0.7836,345718754.0,277833798.7752
1753461236222,16:33:56.222,ADA/USDT:USDT,0.7831,8.0,0.7834,57834.0,0.7833,345718754.0,277833798.7752
1753461236542,16:33:56.542,ADA/USDT:USDT,0.7829,17879.0,0.783,43882.0,0.783,345718754.0,277833798.7752
1753461236929,16:33:56.929,ADA/USDT:USDT,0.7829,166.0,0.783,47902.0,0.783,345718754.0,277833798.7752
1753461237271,16:33:57.271,ADA/USDT:USDT,0.7829,166.0,0.783,47902.0,0.783,345718754.0,277833798.7752
1753461237584,16:33:57.584,ADA/USDT:USDT,0.7829,33946.0,0.783,1124.0,0.783,345718754.0,277833798.7752
1753461238092,16:33:58.092,ADA/USDT:USDT,0.7829,30196.0,0.783,9946.0,0.783,345719014.0,277834002.3718
1753461238459,16:33:58.459,ADA/USDT:USDT,0.7829,17752.0,0.783,35838.0,0.783,345719014.0,277834002.3718
1753461238776,16:33:58.776,ADA/USDT:USDT,0.7829,17752.0,0.783,35838.0,0.783,345719014.0,277834002.3718
1753461239093,16:33:59.093,ADA/USDT:USDT,0.7829,39.0,0.783,46828.0,0.783,345719014.0,277834002.3718
1753461239449,16:33:59.449,ADA/USDT:USDT,0.7829,39.0,0.783,46828.0,0.783,345719014.0,277834002.3718
1753461240094,16:34:00.094,ADA/USDT:USDT,0.7829,39.0,0.783,81208.0,0.783,345719014.0,277834002.3718
1753461240553,16:34:00.553,ADA/USDT:USDT,0.7829,17752.0,0.783,53087.0,0.783,345401924.0,277576590.5062
1753461241582,16:34:01.582,ADA/USDT:USDT,0.7828,16114.0,0.7829,46489.0,0.7828,345717944.0,277833163.7756
1753461242755,16:34:02.755,ADA/USDT:USDT,0.7827,36368.0,0.7828,1474.0,0.783,345420732.0,277591317.1624
1753461243127,16:34:03.127,ADA/USDT:USDT,0.7827,1647.0,0.7828,22936.0,0.783,345718754.0,277833798.7752
1753461243899,16:34:03.899,ADA/USDT:USDT,0.7828,17713.0,0.7829,22325.0,0.783,345423316.0,277593340.3276
1753461244910,16:34:04.910,ADA/USDT:USDT,0.7827,30205.0,0.7828,44008.0,0.783,345423316.0,277593340.3276
1753461245244,16:34:05.244,ADA/USDT:USDT,0.7827,30205.0,0.7828,44008.0,0.783,345423316.0,277593340.3276
1753461245566,16:34:05.566,ADA/USDT:USDT,0.7826,30163.0,0.7828,36636.0,0.7827,345423316.0,277593340.3276
1753461246000,16:34:06.000,ADA/USDT:USDT,0.7827,53721.0,0.7829,12958.0,0.7827,345423316.0,277593340.3276
1753461246348,16:34:06.348,ADA/USDT:USDT,0.7828,44669.0,0.7829,5748.0,0.7827,345423412.0,277593415.4668
1753461246666,16:34:06.666,ADA/USDT:USDT,0.7829,38836.0,0.783,2833.0,0.7827,345423412.0,277593415.4668
1753461246991,16:34:06.991,ADA/USDT:USDT,0.7828,17840.0,0.7829,13261.0,0.7827,345423412.0,277593415.4668
1753461247333,16:34:07.333,ADA/USDT:USDT,0.7828,34890.0,0.7829,20439.0,0.7827,345423412.0,277593415.4668
1753461247966,16:34:07.966,ADA/USDT:USDT,0.7829,30669.0,0.783,10349.0,0.7827,345423412.0,277593415.4668
1753461248354,16:34:08.354,ADA/USDT:USDT,0.7829,30157.0,0.783,12540.0,0.7827,345423412.0,277593415.4668
1753461248779,16:34:08.779,ADA/USDT:USDT,0.7828,19814.0,0.7829,3947.0,0.7827,345719014.0,277834002.3718
1753461249395,16:34:09.395,ADA/USDT:USDT,0.7827,512.0,0.7828,350.0,0.7827,345423412.0,277593415.4668
1753461249733,16:34:09.733,ADA/USDT:USDT,0.7828,17713.0,0.7829,14268.0,0.7827,345423412.0,277593415.4668
1753461250055,16:34:10.055,ADA/USDT:USDT,0.7828,17713.0,0.7829,14268.0,0.7827,345423412.0,277593415.4668
1753461250383,16:34:10.383,ADA/USDT:USDT,0.7827,53413.0,0.7828,1124.0,0.7827,345423412.0,277593415.4668
1753461250833,16:34:10.833,ADA/USDT:USDT,0.7827,30157.0,0.7828,15558.0,0.7827,345423412.0,277593415.4668
1753461251659,16:34:11.659,ADA/USDT:USDT,0.7827,44157.0,0.7828,3947.0,0.7827,345423316.0,277593340.3276
1753461252571,16:34:12.571,ADA/USDT:USDT,0.7828,16114.0,0.7829,38883.0,0.7827,345423412.0,277593415.4668
1753461252880,16:34:12.880,ADA/USDT:USDT,0.7828,16114.0,0.7829,38883.0,0.7827,345423412.0,277593415.4668
1753461253305,16:34:13.305,ADA/USDT:USDT,0.7828,30157.0,0.7829,38883.0,0.7827,345423412.0,277593415.4668
1753461253717,16:34:13.717,ADA/USDT:USDT,0.7829,16114.0,0.783,37915.0,0.7827,345423412.0,277593415.4668
1753461254034,16:34:14.034,ADA/USDT:USDT,0.7829,16114.0,0.783,37915.0,0.7827,345423412.0,277593415.4668
1753461254407,16:34:14.407,ADA/USDT:USDT,0.7828,1599.0,0.7829,54776.0,0.7827,345423412.0,277593415.4668
1753461254768,16:34:14.768,ADA/USDT:USDT,0.7827,19580.0,0.7828,25670.0,0.7827,345423412.0,277593415.4668
1753461255083,16:34:15.083,ADA/USDT:USDT,0.7827,19580.0,0.7828,25670.0,0.7827,345423412.0,277593415.4668
1753461255398,16:34:15.398,ADA/USDT:USDT,0.7826,17719.0,0.7827,26216.0,0.7827,345423412.0,277593415.4668
1753461255860,16:34:15.860,ADA/USDT:USDT,0.7826,44163.0,0.7827,26216.0,0.7827,345423412.0,277593415.4668
1753461256661,16:34:16.661,ADA/USDT:USDT,0.7826,30163.0,0.7827,3522.0,0.7827,345423412.0,277593415.4668
1753461257114,16:34:17.114,ADA/USDT:USDT,0.7823,17979.0,0.7824,18774.0,0.7824,345423412.0,277593415.4668
1753461257548,16:34:17.548,ADA/USDT:USDT,0.7823,17979.0,0.7824,18774.0,0.7824,345423412.0,277593415.4668
1753461258196,16:34:18.196,ADA/USDT:USDT,0.7826,44579.0,0.7828,71439.0,0.7824,345423412.0,277593415.4668
1753461258668,16:34:18.668,ADA/USDT:USDT,0.7827,36755.0,0.7828,401.0,0.7824,345427998.0,277597004.199
1753461259650,16:34:19.650,ADA/USDT:USDT,0.783,17713.0,0.7831,8112.0,0.7828,345426622.0,277595927.6128
1753461260043,16:34:20.043,ADA/USDT:USDT,0.783,17713.0,0.7831,8112.0,0.7828,345428800.0,277597632.0046
1753461260367,16:34:20.367,ADA/USDT:USDT,0.7829,17713.0,0.783,43274.0,0.7828,345428800.0,277597632.0046
1753461260821,16:34:20.821,ADA/USDT:USDT,0.7828,19580.0,0.7829,40489.0,0.7828,345423412.0,277593415.4668
1753461261341,16:34:21.341,ADA/USDT:USDT,0.7828,63502.0,0.7829,3073.0,0.7828,345428800.0,277597632.0046
1753461262175,16:34:22.175,ADA/USDT:USDT,0.783,32541.0,0.7831,12637.0,0.7828,345427998.0,277597004.199
1753461262558,16:34:22.558,ADA/USDT:USDT,0.783,32541.0,0.7831,12637.0,0.7828,345428800.0,277597632.0046
1753461262877,16:34:22.877,ADA/USDT:USDT,0.7831,30985.0,0.7832,11491.0,0.7828,345428800.0,277597632.0046
1753461263244,16:34:23.244,ADA/USDT:USDT,0.7832,28558.0,0.7833,17561.0,0.7828,345428800.0,277597632.0046
1753461263620,16:34:23.620,ADA/USDT:USDT,0.7832,30157.0,0.7833,1599.0,0.7828,345428800.0,277597632.0046
1753461263930,16:34:23.930,ADA/USDT:USDT,0.7832,30985.0,0.7833,27080.0,0.7828,345428800.0,277597632.0046
1753461264238,16:34:24.238,ADA/USDT:USDT,0.7832,30157.0,0.7833,21370.0,0.7828,345428800.0,277597632.0046
1753461264598,16:34:24.598,ADA/USDT:USDT,0.7832,30157.0,0.7833,21370.0,0.7828,345426622.0,277595927.6128
1753461265216,16:34:25.216,ADA/USDT:USDT,0.7832,44157.0,0.7833,23426.0,0.7828,345428800.0,277597632.0046
1753461265528,16:34:25.528,ADA/USDT:USDT,0.7832,44157.0,0.7833,23426.0,0.7828,345428800.0,277597632.0046
1753461266010,16:34:26.010,ADA/USDT:USDT,0.7832,30157.0,0.7833,21473.0,0.7828,345427998.0,277597004.199
1753461266725,16:34:26.725,ADA/USDT:USDT,0.7832,50026.0,0.7833,1474.0,0.7828,345428800.0,277597632.0046
1753461267150,16:34:27.150,ADA/USDT:USDT,0.7833,16114.0,0.7835,18940.0,0.7828,345428800.0,277597632.0046
1753461267724,16:34:27.724,ADA/USDT:USDT,0.7833,17713.0,0.7834,21432.0,0.7828,345428800.0,277597632.0046
1753461268091,16:34:28.091,ADA/USDT:USDT,0.7834,38481.0,0.7835,10404.0,0.7828,345428800.0,277597632.0046
1753461268491,16:34:28.491,ADA/USDT:USDT,0.7834,28558.0,0.7835,26595.0,0.7828,345428800.0,277597632.0046
1753461268803,16:34:28.803,ADA/USDT:USDT,0.7834,44981.0,0.7835,19540.0,0.7828,345428800.0,277597632.0046
1753461269121,16:34:29.121,ADA/USDT:USDT,0.7834,17713.0,0.7835,22313.0,0.7828,345428800.0,277597632.0046
1753461269506,16:34:29.506,ADA/USDT:USDT,0.7834,30981.0,0.7835,19310.0,0.7828,345428800.0,277597632.0046
1753461269837,16:34:29.837,ADA/USDT:USDT,0.7834,30981.0,0.7835,19310.0,0.7828,345428800.0,277597632.0046
1753461270147,16:34:30.147,ADA/USDT:USDT,0.7835,17713.0,0.7836,11745.0,0.7828,345428800.0,277597632.0046
1753461270522,16:34:30.522,ADA/USDT:USDT,0.7833,17713.0,0.7834,45605.0,0.7828,345428800.0,277597632.0046
1753461270878,16:34:30.878,ADA/USDT:USDT,0.7833,30157.0,0.7834,37970.0,0.7828,345428800.0,277597632.0046
1753461271518,16:34:31.518,ADA/USDT:USDT,0.783,20535.0,0.7831,14159.0,0.7828,345428800.0,277597632.0046
1753461271867,16:34:31.867,ADA/USDT:USDT,0.7831,45990.0,0.7833,17897.0,0.7828,345428800.0,277597632.0046
1753461272277,16:34:32.277,ADA/USDT:USDT,0.7832,31493.0,0.7833,14566.0,0.7828,345428800.0,277597632.0046
1753461273347,16:34:33.347,ADA/USDT:USDT,0.7832,17713.0,0.7833,42383.0,0.7828,345428800.0,277597632.0046
1753461273728,16:34:33.728,ADA/USDT:USDT,0.7832,16114.0,0.7833,54227.0,0.7828,345428800.0,277597632.0046
1753461274044,16:34:34.044,ADA/USDT:USDT,0.7832,16114.0,0.7833,54227.0,0.7828,345428800.0,277597632.0046
1753461274374,16:34:34.374,ADA/USDT:USDT,0.783,30981.0,0.7831,20975.0,0.7831,345428800.0,277597632.0046
1753461274799,16:34:34.799,ADA/USDT:USDT,0.7832,36538.0,0.7835,48557.0,0.7831,345431998.0,277600136.3584
1753461275414,16:34:35.414,ADA/USDT:USDT,0.7833,18531.0,0.7834,14094.0,0.7831,345431998.0,277600136.3584
1753461276149,16:34:36.149,ADA/USDT:USDT,0.7837,8793.0,0.7839,52746.0,0.7837,345428800.0,277597632.0046
1753461276474,16:34:36.474,ADA/USDT:USDT,0.7838,28558.0,0.7839,18133.0,0.7837,345431998.0,277600136.3584
1753461276788,16:34:36.788,ADA/USDT:USDT,0.7838,30157.0,0.7839,17607.0,0.7837,345431998.0,277600136.3584
1753461277128,16:34:37.128,ADA/USDT:USDT,0.7836,18531.0,0.7837,10624.0,0.7838,345431998.0,277600136.3584
1753461277849,16:34:37.849,ADA/USDT:USDT,0.7835,23496.0,0.7836,6894.0,0.7838,345486884.0,277643153.7394
1753461278157,16:34:38.157,ADA/USDT:USDT,0.7835,17840.0,0.7836,52728.0,0.7838,345486884.0,277643153.7394
1753461278528,16:34:38.528,ADA/USDT:USDT,0.7835,30157.0,0.7836,51719.0,0.7838,345486884.0,277643153.7394
1753461278902,16:34:38.902,ADA/USDT:USDT,0.7835,30157.0,0.7836,51719.0,0.7838,345486884.0,277643153.7394
1753461279222,16:34:39.222,ADA/USDT:USDT,0.7835,30157.0,0.7836,51719.0,0.7838,345486884.0,277643153.7394
1753461279558,16:34:39.558,ADA/USDT:USDT,0.7834,20398.0,0.7835,28707.0,0.7838,345486884.0,277643153.7394
1753461279884,16:34:39.884,ADA/USDT:USDT,0.7833,32151.0,0.7834,23777.0,0.7834,345486884.0,277643153.7394
1753461280259,16:34:40.259,ADA/USDT:USDT,0.7833,34569.0,0.7835,44349.0,0.7834,345486884.0,277643153.7394
1753461280569,16:34:40.569,ADA/USDT:USDT,0.7834,17713.0,0.7835,44865.0,0.7834,345486898.0,277643164.707
1753461280882,16:34:40.882,ADA/USDT:USDT,0.7834,17713.0,0.7835,57309.0,0.7834,345486898.0,277643164.707
1753461281246,16:34:41.246,ADA/USDT:USDT,0.7834,16114.0,0.7835,57309.0,0.7834,345486898.0,277643164.707
1753461281582,16:34:41.582,ADA/USDT:USDT,0.7834,17713.0,0.7835,57309.0,0.7834,345486898.0,277643164.707
1753461281910,16:34:41.910,ADA/USDT:USDT,0.7834,17713.0,0.7835,57309.0,0.7834,345486898.0,277643164.707
1753461282630,16:34:42.630,ADA/USDT:USDT,0.7834,17713.0,0.7835,5806.0,0.7834,345486898.0,277643164.707
1753461282944,16:34:42.944,ADA/USDT:USDT,0.7834,17713.0,0.7835,5806.0,0.7834,345486898.0,277643164.707
1753461283260,16:34:43.260,ADA/USDT:USDT,0.7833,16626.0,0.7834,51415.0,0.7834,345486898.0,277643164.707
1753461283610,16:34:43.610,ADA/USDT:USDT,0.7833,30669.0,0.7834,34720.0,0.7834,345486898.0,277643164.707
1753461283947,16:34:43.947,ADA/USDT:USDT,0.7833,30669.0,0.7834,34720.0,0.7834,345486898.0,277643164.707
1753461284265,16:34:44.265,ADA/USDT:USDT,0.7833,44737.0,0.7834,1599.0,0.7834,345486898.0,277643164.707
1753461284577,16:34:44.577,ADA/USDT:USDT,0.7833,30669.0,0.7834,42078.0,0.7834,345486898.0,277643164.707
1753461284920,16:34:44.920,ADA/USDT:USDT,0.7833,30669.0,0.7834,42078.0,0.7834,345486898.0,277643164.707
1753461285658,16:34:45.658,ADA/USDT:USDT,0.7833,17713.0,0.7834,42078.0,0.7834,345486898.0,277643164.707
1753461286537,16:34:46.537,ADA/USDT:USDT,0.7834,30669.0,0.7835,9863.0,0.7834,345486898.0,277643164.707
1753461286868,16:34:46.868,ADA/USDT:USDT,0.7832,19580.0,0.7833,30638.0,0.7834,345486898.0,277643164.707
1753461287193,16:34:47.193,ADA/USDT:USDT,0.7832,17713.0,0.7833,74391.0,0.7834,345486898.0,277643164.707
1753461287595,16:34:47.595,ADA/USDT:USDT,0.7831,37119.0,0.7832,2505.0,0.7832,345486898.0,277643164.707
1753461287913,16:34:47.913,ADA/USDT:USDT,0.7831,37119.0,0.7832,2505.0,0.7832,345486898.0,277643164.707
1753461288224,16:34:48.224,ADA/USDT:USDT,0.7832,31713.0,0.7833,64999.0,0.7832,345486898.0,277643164.707
1753461288640,16:34:48.640,ADA/USDT:USDT,0.7832,45834.0,0.7833,5989.0,0.7832,345486898.0,277643164.707
1753461289012,16:34:49.012,ADA/USDT:USDT,0.7833,27716.0,0.7835,20928.0,0.7832,345490096.0,277645669.3806
1753461289335,16:34:49.335,ADA/USDT:USDT,0.7833,8280.0,0.7834,350.0,0.7832,345486898.0,277643164.707
1753461289947,16:34:49.947,ADA/USDT:USDT,0.7834,44157.0,0.7835,1599.0,0.7832,345490096.0,277645669.3806
1753461290575,16:34:50.575,ADA/USDT:USDT,0.7833,31713.0,0.7834,17655.0,0.7832,345490096.0,277645669.3806
1753461290908,16:34:50.908,ADA/USDT:USDT,0.7833,30157.0,0.7834,18728.0,0.7832,345490096.0,277645669.3806
1753461291320,16:34:51.320,ADA/USDT:USDT,0.7832,17713.0,0.7833,44051.0,0.7832,345490096.0,277645669.3806
1753461291650,16:34:51.650,ADA/USDT:USDT,0.7832,17713.0,0.7833,44051.0,0.7832,345490096.0,277645669.3806
1753461292633,16:34:52.633,ADA/USDT:USDT,0.7831,44983.0,0.7833,95613.0,0.7832,345490096.0,277645669.3806
1753461292942,16:34:52.942,ADA/USDT:USDT,0.7831,44983.0,0.7833,95613.0,0.7832,345490096.0,277645669.3806
1753461293257,16:34:53.257,ADA/USDT:USDT,0.7832,16114.0,0.7833,35614.0,0.7832,345490096.0,277645669.3806
1753461293686,16:34:53.686,ADA/USDT:USDT,0.7831,30157.0,0.7832,22848.0,0.7832,345490096.0,277645669.3806
1753461294378,16:34:54.378,ADA/USDT:USDT,0.7831,30157.0,0.7832,22848.0,0.7832,345490096.0,277645669.3806
1753461294687,16:34:54.687,ADA/USDT:USDT,0.783,1599.0,0.7831,28864.0,0.7832,345490096.0,277645669.3806
1753461295050,16:34:55.050,ADA/USDT:USDT,0.783,30157.0,0.7831,54796.0,0.7832,345490096.0,277645669.3806
1753461295365,16:34:55.365,ADA/USDT:USDT,0.783,30157.0,0.7831,54796.0,0.7832,345490096.0,277645669.3806
1753461295674,16:34:55.674,ADA/USDT:USDT,0.783,30157.0,0.7831,54796.0,0.7832,345490096.0,277645669.3806
1753461296018,16:34:56.018,ADA/USDT:USDT,0.7829,55970.0,0.783,12060.0,0.7832,345490096.0,277645669.3806
1753461296394,16:34:56.394,ADA/USDT:USDT,0.7829,46024.0,0.783,27296.0,0.7832,345490096.0,277645669.3806
1753461296781,16:34:56.781,ADA/USDT:USDT,0.7829,46024.0,0.783,27296.0,0.7832,345490096.0,277645669.3806
1753461297094,16:34:57.094,ADA/USDT:USDT,0.783,17713.0,0.7831,59418.0,0.7832,345490096.0,277645669.3806
1753461297453,16:34:57.453,ADA/USDT:USDT,0.783,17713.0,0.7831,59418.0,0.7832,345490096.0,277645669.3806
1753461297784,16:34:57.784,ADA/USDT:USDT,0.783,17713.0,0.7831,59418.0,0.7832,345490096.0,277645669.3806
1753461298106,16:34:58.106,ADA/USDT:USDT,0.7828,44025.0,0.7829,7038.0,0.783,345490096.0,277645669.3806
1753461298430,16:34:58.430,ADA/USDT:USDT,0.7828,30284.0,0.7829,10857.0,0.783,345490096.0,277645669.3806
1753461298971,16:34:58.971,ADA/USDT:USDT,0.7828,30157.0,0.7829,10632.0,0.783,345490354.0,277645871.3946
1753461299306,16:34:59.306,ADA/USDT:USDT,0.7828,30157.0,0.7829,10632.0,0.783,345490354.0,277645871.3946
1753461299618,16:34:59.618,ADA/USDT:USDT,0.7828,17713.0,0.7829,48795.0,0.783,345490354.0,277645871.3946
1753461300011,16:35:00.011,ADA/USDT:USDT,0.7828,17713.0,0.7829,48795.0,0.783,345490354.0,277645871.3946
1753461300365,16:35:00.365,ADA/USDT:USDT,0.7828,17713.0,0.7829,48795.0,0.783,345490354.0,277645871.3946
1753461300684,16:35:00.684,ADA/USDT:USDT,0.7827,1599.0,0.7828,49937.0,0.783,345490354.0,277645871.3946
1753461301110,16:35:01.110,ADA/USDT:USDT,0.7828,16626.0,0.7829,17547.0,0.783,345490096.0,277645669.3806
1753461301618,16:35:01.618,ADA/USDT:USDT,0.7828,46522.0,0.7829,14827.0,0.783,345235834.0,277439658.6364
1753461301975,16:35:01.975,ADA/USDT:USDT,0.7829,32540.0,0.7831,35739.0,0.783,345235834.0,277439658.6364
1753461302350,16:35:02.350,ADA/USDT:USDT,0.7829,53626.0,0.7831,1599.0,0.783,345235834.0,277439658.6364
1753461302710,16:35:02.710,ADA/USDT:USDT,0.7829,32540.0,0.783,8888.0,0.783,345235834.0,277439658.6364
1753461303026,16:35:03.026,ADA/USDT:USDT,0.7829,32540.0,0.783,8888.0,0.783,345235834.0,277439658.6364
1753461303345,16:35:03.345,ADA/USDT:USDT,0.7826,48612.0,0.7828,69137.0,0.7828,345235834.0,277439658.6364
1753461303927,16:35:03.927,ADA/USDT:USDT,0.7828,44669.0,0.7829,2442.0,0.7828,345239286.0,277442361.1818
1753461304282,16:35:04.282,ADA/USDT:USDT,0.7828,44669.0,0.7829,2442.0,0.7828,345239286.0,277442361.1818
1753461304591,16:35:04.591,ADA/USDT:USDT,0.7829,45679.0,0.783,29059.0,0.7828,345239286.0,277442361.1818
1753461304931,16:35:04.931,ADA/USDT:USDT,0.7828,30157.0,0.7829,2442.0,0.7828,345239286.0,277442361.1818
1753461305288,16:35:05.288,ADA/USDT:USDT,0.7829,16626.0,0.783,40619.0,0.7828,345239286.0,277442361.1818
1753461305603,16:35:05.603,ADA/USDT:USDT,0.783,33191.0,0.7831,1193.0,0.7828,345239286.0,277442361.1818
1753461305934,16:35:05.934,ADA/USDT:USDT,0.7832,44554.0,0.7833,20529.0,0.7828,345239286.0,277442361.1818
1753461306308,16:35:06.308,ADA/USDT:USDT,0.7832,45395.0,0.7833,23614.0,0.7828,345239286.0,277442361.1818
1753461307210,16:35:07.210,ADA/USDT:USDT,0.7833,1599.0,0.7834,45472.0,0.7828,345239286.0,277442361.1818
1753461307534,16:35:07.534,ADA/USDT:USDT,0.7831,33755.0,0.7832,9682.0,0.7828,345239286.0,277442361.1818
1753461307904,16:35:07.904,ADA/USDT:USDT,0.783,17713.0,0.7831,38912.0,0.7828,345239286.0,277442361.1818
1753461308228,16:35:08.228,ADA/USDT:USDT,0.783,17713.0,0.7831,57086.0,0.7828,345239286.0,277442361.1818
1753461308557,16:35:08.557,ADA/USDT:USDT,0.7829,127.0,0.783,58402.0,0.7828,345235834.0,277439658.6364
1753461309386,16:35:09.386,ADA/USDT:USDT,0.7827,19580.0,0.7828,10417.0,0.7828,345239286.0,277442361.1818
1753461309704,16:35:09.704,ADA/USDT:USDT,0.7827,19580.0,0.7828,10417.0,0.7828,345239286.0,277442361.1818
1753461310412,16:35:10.412,ADA/USDT:USDT,0.7825,31981.0,0.7827,59496.0,0.7827,345239286.0,277442361.1818
1753461310739,16:35:10.739,ADA/USDT:USDT,0.7824,17713.0,0.7825,68552.0,0.7827,345239286.0,277442361.1818
1753461311069,16:35:11.069,ADA/USDT:USDT,0.7823,17979.0,0.7824,73297.0,0.7827,345239286.0,277442361.1818
1753461311956,16:35:11.956,ADA/USDT:USDT,0.7823,266.0,0.7824,69587.0,0.7824,345242484.0,277444864.2564
1753461312273,16:35:12.273,ADA/USDT:USDT,0.7823,4979.0,0.7824,67938.0,0.7824,345242484.0,277444864.2564
1753461312590,16:35:12.590,ADA/USDT:USDT,0.7823,34376.0,0.7824,11445.0,0.7824,345262250.0,277460329.1748
1753461312963,16:35:12.963,ADA/USDT:USDT,0.7825,20477.0,0.7826,38943.0,0.7824,345262250.0,277460329.1748
1753461313286,16:35:13.286,ADA/USDT:USDT,0.7825,31797.0,0.7826,28437.0,0.7824,345262250.0,277460329.1748
1753461313598,16:35:13.598,ADA/USDT:USDT,0.7823,19969.0,0.7824,61639.0,0.7824,345262250.0,277460329.1748
1753461314006,16:35:14.006,ADA/USDT:USDT,0.7823,33252.0,0.7824,374.0,0.7824,345262250.0,277460329.1748
1753461314384,16:35:14.384,ADA/USDT:USDT,0.7823,30464.0,0.7824,50257.0,0.7824,345262250.0,277460329.1748
1753461314696,16:35:14.696,ADA/USDT:USDT,0.7823,32413.0,0.7824,57189.0,0.7824,345262250.0,277460329.1748
1753461315357,16:35:15.357,ADA/USDT:USDT,0.7822,19733.0,0.7823,61653.0,0.7823,345262250.0,277460329.1748
1753461315674,16:35:15.674,ADA/USDT:USDT,0.7822,19733.0,0.7823,61653.0,0.7823,345262250.0,277460329.1748
1753461315986,16:35:15.986,ADA/USDT:USDT,0.7823,22109.0,0.7824,1189.0,0.7823,345262782.0,277460745.3584
1753461316367,16:35:16.367,ADA/USDT:USDT,0.7822,19733.0,0.7823,19723.0,0.7823,345239286.0,277442361.1818
1753461317128,16:35:17.128,ADA/USDT:USDT,0.7822,18598.0,0.7824,64795.0,0.7823,345269428.0,277465944.5242
1753461317754,16:35:17.754,ADA/USDT:USDT,0.7822,3619.0,0.7823,54406.0,0.7823,345269428.0,277465944.5242
