timestamp,time,symbol,bid,bidVolume,ask,askVolume,lastPrice,baseVolume,quoteVolume
1753460898978,16:28:18.978,ALGO/USDT:USDT,0.2568,16490.1,0.2569,12797.8,0.2568,80512861.0,21018197.52812
1753460899329,16:28:19.329,ALGO/USDT:USDT,0.2568,17310.4,0.2569,4262.1,0.2568,80509016.8,21017210.33756
1753460900787,16:28:20.787,ALGO/USDT:USDT,0.2568,9960.4,0.2569,14450.1,0.2568,80512999.2,21018233.01788
1753460901127,16:28:21.127,ALGO/USDT:USDT,0.2569,1731.3,0.257,19917.5,0.2568,80512999.2,21018233.01788
1753460901446,16:28:21.446,ALGO/USDT:USDT,0.2569,1731.3,0.257,19917.5,0.2568,80512999.2,21018233.01788
1753460901769,16:28:21.769,ALGO/USDT:USDT,0.2569,6079.6,0.257,18895.9,0.2568,80512999.2,21018233.01788
1753460902193,16:28:22.193,ALGO/USDT:USDT,0.2568,15612.1,0.2569,13629.8,0.2568,80512999.2,21018233.01788
1753460902560,16:28:22.560,ALGO/USDT:USDT,0.2569,5502.5,0.257,19528.2,0.2568,80512999.2,21018233.01788
1753460902877,16:28:22.877,ALGO/USDT:USDT,0.2568,15612.1,0.2569,5082.4,0.2568,80512999.2,21018233.01788
1753460903243,16:28:23.243,ALGO/USDT:USDT,0.2568,5612.1,0.2569,5082.4,0.2568,80512999.2,21018233.01788
1753460903595,16:28:23.595,ALGO/USDT:USDT,0.2568,3705.5,0.2569,6989.0,0.2568,80512999.2,21018233.01788
1753460903906,16:28:23.906,ALGO/USDT:USDT,0.2568,10948.0,0.2569,4262.1,0.2568,80512999.2,21018233.01788
1753460904234,16:28:24.234,ALGO/USDT:USDT,0.2568,19960.4,0.2569,4262.1,0.2568,80512999.2,21018233.01788
1753460904597,16:28:24.597,ALGO/USDT:USDT,0.2568,20948.0,0.2569,4262.1,0.2568,80512999.2,21018233.01788
1753460904917,16:28:24.917,ALGO/USDT:USDT,0.2568,20948.0,0.2569,4262.1,0.2568,80512999.2,21018233.01788
1753460905242,16:28:25.242,ALGO/USDT:USDT,0.2568,20948.0,0.2569,4262.1,0.2568,80512999.2,21018233.01788
1753460905576,16:28:25.576,ALGO/USDT:USDT,0.2568,18053.8,0.2569,6168.7,0.2568,80512999.2,21018233.01788
1753460905904,16:28:25.904,ALGO/USDT:USDT,0.2568,8053.8,0.2569,6168.7,0.2568,80512999.2,21018233.01788
1753460906227,16:28:26.227,ALGO/USDT:USDT,0.2568,1731.0,0.2569,29222.8,0.2568,80512999.2,21018233.01788
1753460906542,16:28:26.542,ALGO/USDT:USDT,0.2568,1731.0,0.2569,29222.8,0.2568,80512999.2,21018233.01788
1753460906993,16:28:26.993,ALGO/USDT:USDT,0.2568,18812.4,0.2569,2553.6,0.2568,80512999.2,21018233.01788
1753460907590,16:28:27.590,ALGO/USDT:USDT,0.2568,19800.0,0.2569,2553.6,0.2568,80512999.2,21018233.01788
1753460907937,16:28:27.937,ALGO/USDT:USDT,0.2569,17316.6,0.257,9528.2,0.2568,80512861.0,21018197.52812
1753460908551,16:28:28.551,ALGO/USDT:USDT,0.2569,20954.8,0.257,4262.1,0.2568,80512999.2,21018233.01788
1753460909239,16:28:29.239,ALGO/USDT:USDT,0.2569,3712.3,0.257,16362.9,0.2568,80512999.2,21018233.01788
1753460910047,16:28:30.047,ALGO/USDT:USDT,0.2569,1731.6,0.257,28916.5,0.2568,80512999.2,21018233.01788
1753460910377,16:28:30.377,ALGO/USDT:USDT,0.2569,1731.6,0.257,28916.5,0.2568,80512999.2,21018233.01788
1753460910774,16:28:30.774,ALGO/USDT:USDT,0.2569,1731.6,0.257,28916.5,0.2568,80512999.2,21018233.01788
1753460911513,16:28:31.513,ALGO/USDT:USDT,0.2567,23981.9,0.2569,27094.5,0.2569,80512999.2,21018233.01788
1753460912378,16:28:32.378,ALGO/USDT:USDT,0.2567,16508.9,0.2569,29803.9,0.2569,80512999.2,21018233.01788
1753460912980,16:28:32.980,ALGO/USDT:USDT,0.2568,17081.4,0.2569,13629.8,0.2569,80516462.4,21019122.71396
1753460913688,16:28:33.688,ALGO/USDT:USDT,0.2568,19777.1,0.2569,13629.8,0.2569,80516462.4,21019122.71396
1753460914011,16:28:34.011,ALGO/USDT:USDT,0.2568,19777.1,0.2569,13629.8,0.2569,80516462.4,21019122.71396
1753460914467,16:28:34.467,ALGO/USDT:USDT,0.2568,6056.4,0.2569,13629.8,0.2569,80512999.2,21018233.01788
1753460915042,16:28:35.042,ALGO/USDT:USDT,0.2568,1708.1,0.2569,25536.4,0.2569,80512999.2,21018233.01788
1753460915689,16:28:35.689,ALGO/USDT:USDT,0.2568,9758.7,0.257,19548.8,0.2569,80516462.4,21019122.71396
1753460916030,16:28:36.030,ALGO/USDT:USDT,0.2569,5502.5,0.257,19548.8,0.2569,80516462.4,21019122.71396
1753460916348,16:28:36.348,ALGO/USDT:USDT,0.2569,5502.5,0.257,19548.8,0.2569,80516462.4,21019122.71396
1753460916679,16:28:36.679,ALGO/USDT:USDT,0.2569,6490.1,0.257,8722.3,0.2569,80516462.4,21019122.71396
1753460917036,16:28:37.036,ALGO/USDT:USDT,0.2569,17298.2,0.257,8722.3,0.2569,80516462.4,21019122.71396
1753460917419,16:28:37.419,ALGO/USDT:USDT,0.2569,17298.2,0.257,8722.3,0.2569,80516462.4,21019122.71396
1753460917737,16:28:37.737,ALGO/USDT:USDT,0.2569,5502.5,0.257,28090.0,0.2569,80516462.4,21019122.71396
1753460918107,16:28:38.107,ALGO/USDT:USDT,0.2569,5502.5,0.257,28898.1,0.2569,80516462.4,21019122.71396
1753460918766,16:28:38.766,ALGO/USDT:USDT,0.257,6310.6,0.2571,21804.9,0.2569,80516462.4,21019122.71396
1753460919114,16:28:39.114,ALGO/USDT:USDT,0.257,6490.1,0.2571,11804.9,0.2569,80516462.4,21019122.71396
1753460919565,16:28:39.565,ALGO/USDT:USDT,0.2569,30310.1,0.2571,21172.6,0.2569,80516462.4,21019122.71396
1753460920299,16:28:40.299,ALGO/USDT:USDT,0.2569,1728.5,0.257,18090.0,0.2569,80516462.4,21019122.71396
1753460920938,16:28:40.938,ALGO/USDT:USDT,0.2569,1728.5,0.257,18090.0,0.2569,80516462.4,21019122.71396
1753460921245,16:28:41.245,ALGO/USDT:USDT,0.2569,920.4,0.257,28090.0,0.2569,80516462.4,21019122.71396
1753460921621,16:28:41.621,ALGO/USDT:USDT,0.2569,920.4,0.257,18090.0,0.2569,80516462.4,21019122.71396
1753460922063,16:28:42.063,ALGO/USDT:USDT,0.2569,6076.8,0.257,18090.0,0.2569,80516462.4,21019122.71396
1753460922922,16:28:42.922,ALGO/USDT:USDT,0.2568,2516.2,0.2569,23629.8,0.2569,80516462.4,21019122.71396
1753460923428,16:28:43.428,ALGO/USDT:USDT,0.2568,6864.5,0.2569,15536.4,0.2569,80516462.4,21019122.71396
1753460924499,16:28:44.499,ALGO/USDT:USDT,0.2568,18771.1,0.2569,15536.4,0.2569,80516462.4,21019122.71396
1753460924854,16:28:44.854,ALGO/USDT:USDT,0.2568,18771.1,0.2569,15536.4,0.2569,80516462.4,21019122.71396
1753460925176,16:28:45.176,ALGO/USDT:USDT,0.2568,1708.1,0.2569,28396.3,0.2569,80516462.4,21019122.71396
1753460925526,16:28:45.526,ALGO/USDT:USDT,0.2568,1708.1,0.2569,28396.3,0.2569,80516462.4,21019122.71396
1753460925859,16:28:45.859,ALGO/USDT:USDT,0.2568,1708.1,0.2569,28396.3,0.2569,80516462.4,21019122.71396
1753460926173,16:28:46.173,ALGO/USDT:USDT,0.2568,6865.2,0.2569,15536.4,0.2569,80516462.4,21019122.71396
1753460926524,16:28:46.524,ALGO/USDT:USDT,0.2568,1708.1,0.2569,15536.4,0.2569,80516462.4,21019122.71396
1753460926939,16:28:46.939,ALGO/USDT:USDT,0.2568,1708.1,0.2569,25536.4,0.2569,80516462.4,21019122.71396
1753460927262,16:28:47.262,ALGO/USDT:USDT,0.2568,1708.1,0.2569,25536.4,0.2569,80516462.4,21019122.71396
1753460927579,16:28:47.579,ALGO/USDT:USDT,0.2568,6865.2,0.2569,15536.4,0.2569,80516462.4,21019122.71396
1753460927929,16:28:47.929,ALGO/USDT:USDT,0.2569,1731.3,0.257,19530.4,0.2569,80516462.4,21019122.71396
1753460928251,16:28:48.251,ALGO/USDT:USDT,0.2569,1731.3,0.257,19530.4,0.2569,80516462.4,21019122.71396
1753460928566,16:28:48.566,ALGO/USDT:USDT,0.2569,4348.3,0.257,19530.4,0.2569,80516462.4,21019122.71396
1753460928887,16:28:48.887,ALGO/USDT:USDT,0.2569,4348.3,0.257,19530.4,0.2569,80516462.4,21019122.71396
1753460929236,16:28:49.236,ALGO/USDT:USDT,0.2569,4348.3,0.257,19530.4,0.2569,80516462.4,21019122.71396
1753460929873,16:28:49.873,ALGO/USDT:USDT,0.2569,15335.9,0.257,18898.1,0.2569,80516462.4,21019122.71396
1753460930204,16:28:50.204,ALGO/USDT:USDT,0.2569,2613.9,0.257,26345.2,0.2569,80516462.4,21019122.71396
1753460930555,16:28:50.555,ALGO/USDT:USDT,0.2569,6962.2,0.257,26345.2,0.2569,80516462.4,21019122.71396
1753460931192,16:28:51.192,ALGO/USDT:USDT,0.2569,6153.4,0.257,26345.2,0.2569,80516462.4,21019122.71396
1753460931580,16:28:51.580,ALGO/USDT:USDT,0.2569,6153.4,0.257,26345.2,0.2569,80516462.4,21019122.71396
1753460931985,16:28:51.985,ALGO/USDT:USDT,0.2569,6153.4,0.257,18979.7,0.2569,80516462.4,21019122.71396
1753460932531,16:28:52.531,ALGO/USDT:USDT,0.2569,9047.6,0.257,4262.1,0.2569,80516462.4,21019122.71396
1753460932880,16:28:52.880,ALGO/USDT:USDT,0.2569,18060.0,0.257,4262.1,0.2569,80516462.4,21019122.71396
1753460933523,16:28:53.523,ALGO/USDT:USDT,0.257,4348.3,0.2571,22403.7,0.2569,80516462.4,21019122.71396
1753460933971,16:28:53.971,ALGO/USDT:USDT,0.257,6144.7,0.2571,9543.8,0.2569,80516462.4,21019122.71396
1753460935106,16:28:55.106,ALGO/USDT:USDT,0.2569,28863.3,0.2571,32295.2,0.2569,80516462.4,21019122.71396
1753460935447,16:28:55.447,ALGO/USDT:USDT,0.257,1963.0,0.2571,22141.0,0.2569,80516462.4,21019122.71396
1753460935769,16:28:55.769,ALGO/USDT:USDT,0.257,6311.3,0.2571,22141.0,0.2569,80516462.4,21019122.71396
1753460936102,16:28:56.102,ALGO/USDT:USDT,0.2569,3711.7,0.257,13629.8,0.2569,80516462.4,21019122.71396
1753460936592,16:28:56.592,ALGO/USDT:USDT,0.2569,16968.3,0.257,13629.8,0.2569,80516462.4,21019122.71396
1753460937218,16:28:57.218,ALGO/USDT:USDT,0.2569,1805.1,0.257,15536.4,0.2569,80516462.4,21019122.71396
1753460937575,16:28:57.575,ALGO/USDT:USDT,0.2569,9862.5,0.257,16264.3,0.2569,80516462.4,21019122.71396
1753460937927,16:28:57.927,ALGO/USDT:USDT,0.2568,23360.8,0.2569,4348.3,0.2569,80516462.4,21019122.71396
1753460938271,16:28:58.271,ALGO/USDT:USDT,0.2566,23654.5,0.2568,22089.2,0.2569,80516462.4,21019122.71396
1753460938618,16:28:58.618,ALGO/USDT:USDT,0.2567,4348.3,0.2568,18986.4,0.2569,80516462.4,21019122.71396
1753460939444,16:28:59.444,ALGO/USDT:USDT,0.2565,17506.5,0.2566,9367.7,0.2569,80520072.6,21020050.17434
1753460940595,16:29:00.595,ALGO/USDT:USDT,0.2566,6894.5,0.2567,6983.6,0.2569,80520072.6,21020050.17434
1753460941012,16:29:01.012,ALGO/USDT:USDT,0.2565,19425.5,0.2567,26699.6,0.2569,80520072.6,21020050.17434
1753460941554,16:29:01.554,ALGO/USDT:USDT,0.2566,4348.3,0.2567,18170.9,0.2569,80429349.2,20996010.14544
1753460941940,16:29:01.940,ALGO/USDT:USDT,0.2566,4348.3,0.2567,18170.9,0.2569,80429349.2,20996010.14544
1753460942368,16:29:02.368,ALGO/USDT:USDT,0.2566,16649.8,0.2568,19395.2,0.2569,80520072.6,21020050.17434
1753460942884,16:29:02.884,ALGO/USDT:USDT,0.2566,16649.8,0.2568,29395.2,0.2569,80429349.2,20996010.14544
1753460943203,16:29:03.203,ALGO/USDT:USDT,0.2566,16649.8,0.2568,29395.2,0.2569,80429349.2,20996010.14544
1753460943522,16:29:03.522,ALGO/USDT:USDT,0.2567,19211.6,0.2569,10113.7,0.2569,80429349.2,20996010.14544
1753460944009,16:29:04.009,ALGO/USDT:USDT,0.2568,5502.5,0.2569,23743.5,0.2569,80429349.2,20996010.14544
1753460944350,16:29:04.350,ALGO/USDT:USDT,0.2568,5502.5,0.2569,19395.2,0.2569,80429349.2,20996010.14544
1753460944667,16:29:04.667,ALGO/USDT:USDT,0.2568,5502.5,0.2569,19395.2,0.2569,80429349.2,20996010.14544
1753460945032,16:29:05.032,ALGO/USDT:USDT,0.2569,5502.5,0.257,17690.5,0.2569,80429349.2,20996010.14544
1753460945373,16:29:05.373,ALGO/USDT:USDT,0.2568,20126.1,0.257,18505.4,0.2569,80429349.2,20996010.14544
1753460945690,16:29:05.690,ALGO/USDT:USDT,0.2568,5593.8,0.2569,1906.6,0.2569,80429349.2,20996010.14544
1753460946015,16:29:06.015,ALGO/USDT:USDT,0.2568,15593.8,0.2569,1906.6,0.2569,80429349.2,20996010.14544
1753460946441,16:29:06.441,ALGO/USDT:USDT,0.2569,17892.6,0.257,16351.3,0.2569,80429349.2,20996010.14544
1753460947209,16:29:07.209,ALGO/USDT:USDT,0.2569,17892.6,0.257,15536.4,0.2569,80429349.2,20996010.14544
1753460948064,16:29:08.064,ALGO/USDT:USDT,0.2569,32363.5,0.2571,29205.1,0.2569,80429349.2,20996010.14544
1753460948477,16:29:08.477,ALGO/USDT:USDT,0.257,4348.3,0.2571,19205.1,0.2569,80429349.2,20996010.14544
1753460948901,16:29:08.901,ALGO/USDT:USDT,0.257,4348.3,0.2571,19205.1,0.2569,80429349.2,20996010.14544
1753460949237,16:29:09.237,ALGO/USDT:USDT,0.257,4348.3,0.2571,19205.1,0.2569,80429349.2,20996010.14544
1753460949755,16:29:09.755,ALGO/USDT:USDT,0.257,4348.3,0.2571,19205.1,0.2569,80429349.2,20996010.14544
1753460950428,16:29:10.428,ALGO/USDT:USDT,0.257,6161.3,0.2572,29988.0,0.2569,80429349.2,20996010.14544
1753460950750,16:29:10.750,ALGO/USDT:USDT,0.257,16161.3,0.2571,4262.1,0.2569,80429349.2,20996010.14544
1753460951223,16:29:11.223,ALGO/USDT:USDT,0.257,16161.3,0.2571,4262.1,0.2569,80429349.2,20996010.14544
1753460952168,16:29:12.168,ALGO/USDT:USDT,0.257,16161.3,0.2571,4262.1,0.2569,80429349.2,20996010.14544
1753460952811,16:29:12.811,ALGO/USDT:USDT,0.257,16161.3,0.2571,4262.1,0.2569,80429349.2,20996010.14544
1753460953499,16:29:13.499,ALGO/USDT:USDT,0.257,17777.4,0.2571,1906.6,0.2569,80429349.2,20996010.14544
1753460953884,16:29:13.884,ALGO/USDT:USDT,0.257,16789.8,0.2571,16361.8,0.2569,80429349.2,20996010.14544
1753460954195,16:29:14.195,ALGO/USDT:USDT,0.257,16789.8,0.2571,16361.8,0.2569,80429349.2,20996010.14544
1753460954920,16:29:14.920,ALGO/USDT:USDT,0.2571,19681.8,0.2572,4651.1,0.2569,80429349.2,20996010.14544
1753460955562,16:29:15.562,ALGO/USDT:USDT,0.2571,19681.8,0.2572,6557.7,0.2569,80429349.2,20996010.14544
1753460955951,16:29:15.951,ALGO/USDT:USDT,0.2571,19681.8,0.2572,6557.7,0.2569,80429349.2,20996010.14544
1753460956302,16:29:16.302,ALGO/USDT:USDT,0.2571,19681.8,0.2572,6557.7,0.2569,80429349.2,20996010.14544
1753460956611,16:29:16.611,ALGO/USDT:USDT,0.2571,19681.8,0.2572,6557.7,0.2569,80429349.2,20996010.14544
1753460956925,16:29:16.925,ALGO/USDT:USDT,0.2571,21588.4,0.2572,389.0,0.2569,80429349.2,20996010.14544
1753460957339,16:29:17.339,ALGO/USDT:USDT,0.2572,5502.5,0.2573,19841.1,0.2572,80429349.2,20996010.14544
1753460957671,16:29:17.671,ALGO/USDT:USDT,0.2572,6198.7,0.2573,16981.2,0.2572,80429349.2,20996010.14544
1753460957994,16:29:17.994,ALGO/USDT:USDT,0.2572,6198.7,0.2573,16981.2,0.2572,80429349.2,20996010.14544
1753460958405,16:29:18.405,ALGO/USDT:USDT,0.2572,17186.3,0.2573,6168.7,0.2572,80429349.2,20996010.14544
1753460958740,16:29:18.740,ALGO/USDT:USDT,0.2572,17186.3,0.2573,6168.7,0.2572,80429349.2,20996010.14544
1753460959057,16:29:19.057,ALGO/USDT:USDT,0.2572,17186.3,0.2573,1906.6,0.2572,80430127.2,20996210.24704
1753460959370,16:29:19.370,ALGO/USDT:USDT,0.2572,6198.7,0.2573,16168.7,0.2572,80430127.2,20996210.24704
1753460959820,16:29:19.820,ALGO/USDT:USDT,0.2572,696.2,0.2573,29220.0,0.2572,80429349.2,20996010.14544
1753460960424,16:29:20.424,ALGO/USDT:USDT,0.2572,696.2,0.2573,26360.1,0.2572,80430127.2,20996210.24704
1753460960788,16:29:20.788,ALGO/USDT:USDT,0.2571,7042.5,0.2572,5085.8,0.2572,80430127.2,20996210.24704
1753460961161,16:29:21.161,ALGO/USDT:USDT,0.2571,7042.5,0.2572,5085.8,0.2572,80430127.2,20996210.24704
1753460961478,16:29:21.478,ALGO/USDT:USDT,0.2571,7042.5,0.2572,5085.8,0.2572,80430127.2,20996210.24704
1753460961792,16:29:21.792,ALGO/USDT:USDT,0.2571,4345.9,0.2572,14453.5,0.2572,80430127.2,20996210.24704
1753460962147,16:29:22.147,ALGO/USDT:USDT,0.2571,1789.2,0.2572,16360.1,0.2572,80430127.2,20996210.24704
1753460962500,16:29:22.500,ALGO/USDT:USDT,0.2571,2612.9,0.2572,16360.1,0.2572,80430127.2,20996210.24704
1753460962816,16:29:22.816,ALGO/USDT:USDT,0.2571,2612.9,0.2572,26360.1,0.2572,80431519.6,20996568.37232
1753460963133,16:29:23.133,ALGO/USDT:USDT,0.2571,2612.9,0.2572,26360.1,0.2572,80431519.6,20996568.37232
1753460963612,16:29:23.612,ALGO/USDT:USDT,0.2571,1789.2,0.2572,26360.1,0.2572,80431519.6,20996568.37232
1753460964426,16:29:24.426,ALGO/USDT:USDT,0.2571,1789.2,0.2572,26360.1,0.2572,80430127.2,20996210.24704
1753460965103,16:29:25.103,ALGO/USDT:USDT,0.2571,1789.2,0.2572,26360.1,0.2572,80431519.6,20996568.37232
1753460965429,16:29:25.429,ALGO/USDT:USDT,0.2571,9855.4,0.2572,16898.1,0.2572,80431519.6,20996568.37232
1753460965800,16:29:25.800,ALGO/USDT:USDT,0.2571,8867.8,0.2572,6898.1,0.2572,80431519.6,20996568.37232
1753460966160,16:29:26.160,ALGO/USDT:USDT,0.2571,8867.8,0.2572,6898.1,0.2572,80431519.6,20996568.37232
1753460966470,16:29:26.470,ALGO/USDT:USDT,0.2571,8867.8,0.2572,6898.1,0.2572,80431519.6,20996568.37232
1753460966781,16:29:26.781,ALGO/USDT:USDT,0.2571,19855.4,0.2572,6898.1,0.2572,80431519.6,20996568.37232
1753460967125,16:29:27.125,ALGO/USDT:USDT,0.2571,19855.4,0.2572,6898.1,0.2572,80431519.6,20996568.37232
1753460967805,16:29:27.805,ALGO/USDT:USDT,0.2572,4348.3,0.2573,12896.2,0.2572,80431519.6,20996568.37232
1753460968815,16:29:28.815,ALGO/USDT:USDT,0.2572,4348.3,0.2573,22896.2,0.2572,80431519.6,20996568.37232
1753460969127,16:29:29.127,ALGO/USDT:USDT,0.2572,4348.3,0.2573,22896.2,0.2572,80431714.8,20996618.57776
1753460969473,16:29:29.473,ALGO/USDT:USDT,0.2572,5168.5,0.2573,10036.3,0.2572,80431714.8,20996618.57776
1753460969834,16:29:29.834,ALGO/USDT:USDT,0.2572,5168.5,0.2573,10036.3,0.2572,80431714.8,20996618.57776
1753460970476,16:29:30.476,ALGO/USDT:USDT,0.2573,5502.5,0.2574,18994.6,0.2572,80431714.8,20996618.57776
1753460970858,16:29:30.858,ALGO/USDT:USDT,0.2573,5502.5,0.2574,18994.6,0.2572,80431714.8,20996618.57776
1753460971248,16:29:31.248,ALGO/USDT:USDT,0.2572,27979.6,0.2574,18994.6,0.2572,80431519.6,20996568.37232
1753460971654,16:29:31.654,ALGO/USDT:USDT,0.2572,1337.0,0.2573,26356.6,0.2572,80431714.8,20996618.57776
1753460972024,16:29:32.024,ALGO/USDT:USDT,0.2572,6672.9,0.2573,4262.1,0.2572,80431714.8,20996618.57776
1753460972462,16:29:32.462,ALGO/USDT:USDT,0.2572,5685.3,0.2573,16168.7,0.2572,80431519.6,20996568.37232
1753460973087,16:29:33.087,ALGO/USDT:USDT,0.2572,5685.3,0.2573,16168.7,0.2572,80431714.8,20996618.57776
1753460973430,16:29:33.430,ALGO/USDT:USDT,0.2572,516.8,0.2573,18803.2,0.2572,80431714.8,20996618.57776
1753460973846,16:29:33.846,ALGO/USDT:USDT,0.2572,516.8,0.2573,18803.2,0.2572,80431714.8,20996618.57776
1753460974505,16:29:34.505,ALGO/USDT:USDT,0.2572,6156.1,0.2573,18170.9,0.2572,80431714.8,20996618.57776
1753460974903,16:29:34.903,ALGO/USDT:USDT,0.2572,6156.1,0.2573,18170.9,0.2572,80431714.8,20996618.57776
1753460975305,16:29:35.305,ALGO/USDT:USDT,0.2572,5168.5,0.2573,28170.9,0.2572,80431714.8,20996618.57776
1753460975614,16:29:35.614,ALGO/USDT:USDT,0.2572,5168.5,0.2573,28170.9,0.2572,80431714.8,20996618.57776
1753460975936,16:29:35.936,ALGO/USDT:USDT,0.2572,5169.2,0.2573,15536.4,0.2572,80431714.8,20996618.57776
1753460976326,16:29:36.326,ALGO/USDT:USDT,0.2572,16156.8,0.2573,15536.4,0.2572,80431714.8,20996618.57776
1753460976665,16:29:36.665,ALGO/USDT:USDT,0.2572,16156.8,0.2573,15536.4,0.2572,80431714.8,20996618.57776
1753460976983,16:29:36.983,ALGO/USDT:USDT,0.2572,16156.8,0.2573,15536.4,0.2572,80431714.8,20996618.57776
1753460977372,16:29:37.372,ALGO/USDT:USDT,0.2572,16156.8,0.2573,15536.4,0.2572,80431714.8,20996618.57776
1753460977717,16:29:37.717,ALGO/USDT:USDT,0.2572,5169.2,0.2573,15536.4,0.2572,80431714.8,20996618.57776
1753460978042,16:29:38.042,ALGO/USDT:USDT,0.2572,696.2,0.2573,15536.4,0.2572,80431714.8,20996618.57776
1753460978374,16:29:38.374,ALGO/USDT:USDT,0.2572,696.2,0.2573,25536.4,0.2572,80431714.8,20996618.57776
1753460978808,16:29:38.808,ALGO/USDT:USDT,0.2572,6853.0,0.2574,20198.1,0.2572,80431714.8,20996618.57776
1753460979405,16:29:39.405,ALGO/USDT:USDT,0.2572,6853.0,0.2574,20198.1,0.2572,80431714.8,20996618.57776
1753460979717,16:29:39.717,ALGO/USDT:USDT,0.2572,16853.0,0.2573,1906.6,0.2572,80431714.8,20996618.57776
1753460980056,16:29:40.056,ALGO/USDT:USDT,0.2572,16853.0,0.2573,1906.6,0.2572,80431714.8,20996618.57776
1753460980377,16:29:40.377,ALGO/USDT:USDT,0.2572,16853.0,0.2573,1906.6,0.2572,80431714.8,20996618.57776
1753460980700,16:29:40.700,ALGO/USDT:USDT,0.2572,18759.6,0.2574,19809.4,0.2572,80431714.8,20996618.57776
1753460981122,16:29:41.122,ALGO/USDT:USDT,0.2573,6323.4,0.2574,26360.1,0.2572,80431714.8,20996618.57776
1753460981485,16:29:41.485,ALGO/USDT:USDT,0.2573,6323.4,0.2574,26360.1,0.2572,80431714.8,20996618.57776
1753460981813,16:29:41.813,ALGO/USDT:USDT,0.2573,6323.4,0.2574,26360.1,0.2572,80431714.8,20996618.57776
1753460982489,16:29:42.489,ALGO/USDT:USDT,0.2572,14411.3,0.2574,18628.4,0.2572,80431714.8,20996618.57776
1753460982811,16:29:42.811,ALGO/USDT:USDT,0.2573,6490.1,0.2574,6992.4,0.2572,80431714.8,20996618.57776
1753460983122,16:29:43.122,ALGO/USDT:USDT,0.2573,6490.1,0.2574,6168.7,0.2572,80431714.8,20996618.57776
1753460983503,16:29:43.503,ALGO/USDT:USDT,0.2573,6323.4,0.2574,15536.4,0.2572,80431714.8,20996618.57776
1753460983882,16:29:43.882,ALGO/USDT:USDT,0.2573,7311.0,0.2574,1906.6,0.2572,80431714.8,20996618.57776
1753460984190,16:29:44.190,ALGO/USDT:USDT,0.2573,7311.0,0.2574,1906.6,0.2572,80431714.8,20996618.57776
1753460984522,16:29:44.522,ALGO/USDT:USDT,0.2573,6323.4,0.2574,16989.6,0.2572,80431714.8,20996618.57776
1753460984924,16:29:44.924,ALGO/USDT:USDT,0.2573,7311.0,0.2574,16989.6,0.2572,80431714.8,20996618.57776
1753460985568,16:29:45.568,ALGO/USDT:USDT,0.2573,17311.0,0.2574,2727.5,0.2572,80431714.8,20996618.57776
1753460985884,16:29:45.884,ALGO/USDT:USDT,0.2573,17311.0,0.2574,1906.6,0.2572,80431714.8,20996618.57776
1753460986278,16:29:46.278,ALGO/USDT:USDT,0.2573,1154.2,0.2574,16359.3,0.2572,80431714.8,20996618.57776
1753460986691,16:29:46.691,ALGO/USDT:USDT,0.2573,5502.5,0.2574,16359.3,0.2572,80431714.8,20996618.57776
1753460987005,16:29:47.005,ALGO/USDT:USDT,0.2573,1154.2,0.2574,18993.8,0.2572,80431714.8,20996618.57776
1753460987349,16:29:47.349,ALGO/USDT:USDT,0.2571,3828.0,0.2572,24452.7,0.2572,80431714.8,20996618.57776
1753460987803,16:29:47.803,ALGO/USDT:USDT,0.2571,3828.0,0.2572,24452.7,0.2572,80431714.8,20996618.57776
1753460988517,16:29:48.517,ALGO/USDT:USDT,0.2571,15734.6,0.2572,14452.7,0.2572,80431714.8,20996618.57776
1753460989269,16:29:49.269,ALGO/USDT:USDT,0.2571,16722.2,0.2573,19627.5,0.2572,80431714.8,20996618.57776
1753460989585,16:29:49.585,ALGO/USDT:USDT,0.2572,6325.4,0.2573,18995.2,0.2572,80431714.8,20996618.57776
1753460989942,16:29:49.942,ALGO/USDT:USDT,0.2572,8009.2,0.2573,16359.3,0.2572,80431714.8,20996618.57776
1753460990293,16:29:50.293,ALGO/USDT:USDT,0.2572,18009.2,0.2573,16359.3,0.2572,80431714.8,20996618.57776
1753460990628,16:29:50.628,ALGO/USDT:USDT,0.2572,5502.5,0.2573,15536.4,0.2572,80431714.8,20996618.57776
1753460990944,16:29:50.944,ALGO/USDT:USDT,0.2572,4348.3,0.2573,15536.4,0.2572,80431714.8,20996618.57776
1753460991319,16:29:51.319,ALGO/USDT:USDT,0.2572,4348.3,0.2573,25536.4,0.2572,80431714.8,20996618.57776
1753460991710,16:29:51.710,ALGO/USDT:USDT,0.2572,4348.3,0.2573,25536.4,0.2572,80431714.8,20996618.57776
1753460992024,16:29:52.024,ALGO/USDT:USDT,0.2572,16158.8,0.2573,16183.4,0.2572,80431714.8,20996618.57776
1753460992413,16:29:52.413,ALGO/USDT:USDT,0.2572,16158.8,0.2573,16183.4,0.2572,80431714.8,20996618.57776
1753460992772,16:29:52.772,ALGO/USDT:USDT,0.2572,20925.3,0.2573,2553.6,0.2572,80431714.8,20996618.57776
1753460993092,16:29:53.092,ALGO/USDT:USDT,0.2572,20925.3,0.2573,2553.6,0.2572,80431714.8,20996618.57776
1753460993400,16:29:53.400,ALGO/USDT:USDT,0.2572,20925.3,0.2573,2553.6,0.2572,80431714.8,20996618.57776
1753460993771,16:29:53.771,ALGO/USDT:USDT,0.2573,2553.6,0.2574,6991.6,0.2572,80431714.8,20996618.57776
1753460994155,16:29:54.155,ALGO/USDT:USDT,0.2573,14270.7,0.2574,822.9,0.2572,80431714.8,20996618.57776
1753460994474,16:29:54.474,ALGO/USDT:USDT,0.2574,5502.5,0.2575,8981.6,0.2572,80431714.8,20996618.57776
1753460994814,16:29:54.814,ALGO/USDT:USDT,0.2574,5502.5,0.2575,18349.3,0.2572,80431714.8,20996618.57776
1753460995178,16:29:55.178,ALGO/USDT:USDT,0.2573,31755.9,0.2574,9367.7,0.2572,80431714.8,20996618.57776
1753460995496,16:29:55.496,ALGO/USDT:USDT,0.2573,16132.6,0.2575,18981.6,0.2572,80431714.8,20996618.57776
1753460995818,16:29:55.818,ALGO/USDT:USDT,0.2574,5502.5,0.2575,18883.1,0.2572,80431714.8,20996618.57776
1753460996221,16:29:56.221,ALGO/USDT:USDT,0.2574,1154.2,0.2575,28883.1,0.2572,80431714.8,20996618.57776
1753460996651,16:29:56.651,ALGO/USDT:USDT,0.2574,1154.2,0.2575,28883.1,0.2572,80431714.8,20996618.57776
1753460997571,16:29:57.571,ALGO/USDT:USDT,0.2574,5502.5,0.2575,18883.1,0.2572,80431714.8,20996618.57776
1753460997886,16:29:57.886,ALGO/USDT:USDT,0.2574,5502.5,0.2575,18883.1,0.2572,80431714.8,20996618.57776
1753460998201,16:29:58.201,ALGO/USDT:USDT,0.2574,17319.2,0.2575,14422.9,0.2572,80431714.8,20996618.57776
1753460998583,16:29:58.583,ALGO/USDT:USDT,0.2574,17319.2,0.2575,14422.9,0.2572,80431714.8,20996618.57776
1753460998971,16:29:58.971,ALGO/USDT:USDT,0.2575,5502.5,0.2576,19078.2,0.2572,80431714.8,20996618.57776
1753460999291,16:29:59.291,ALGO/USDT:USDT,0.2575,5502.5,0.2576,19078.2,0.2572,80431714.8,20996618.57776
1753460999609,16:29:59.609,ALGO/USDT:USDT,0.2575,1154.2,0.2576,19078.2,0.2572,80431714.8,20996618.57776
1753460999949,16:29:59.949,ALGO/USDT:USDT,0.2575,1154.2,0.2576,19078.2,0.2572,80431714.8,20996618.57776
1753461001385,16:30:01.385,ALGO/USDT:USDT,0.2574,9225.8,0.2576,19078.2,0.2572,80283455.2,20957212.66698
1753461002378,16:30:02.378,ALGO/USDT:USDT,0.2574,11493.1,0.2576,19078.2,0.2572,80283455.2,20957212.66698
1753461003194,16:30:03.194,ALGO/USDT:USDT,0.2575,1154.2,0.2576,19078.2,0.2572,80283455.2,20957212.66698
1753461003558,16:30:03.558,ALGO/USDT:USDT,0.2574,10505.5,0.2575,5091.2,0.2572,80283455.2,20957212.66698
1753461004520,16:30:04.520,ALGO/USDT:USDT,0.2575,17896.3,0.2576,7037.1,0.2572,80283455.2,20957212.66698
1753461005198,16:30:05.198,ALGO/USDT:USDT,0.2575,5177.4,0.2576,6225.9,0.2572,80283455.2,20957212.66698
1753461005574,16:30:05.574,ALGO/USDT:USDT,0.2575,5177.4,0.2576,6225.9,0.2572,80283455.2,20957212.66698
1753461005882,16:30:05.882,ALGO/USDT:USDT,0.2575,6165.0,0.2576,6225.9,0.2572,80283455.2,20957212.66698
1753461006214,16:30:06.214,ALGO/USDT:USDT,0.2575,5177.4,0.2576,6225.9,0.2572,80283455.2,20957212.66698
1753461006943,16:30:06.943,ALGO/USDT:USDT,0.2575,5177.4,0.2576,6225.9,0.2572,80283455.2,20957212.66698
1753461007290,16:30:07.290,ALGO/USDT:USDT,0.2575,4348.3,0.2576,16225.9,0.2572,80283455.2,20957212.66698
1753461007680,16:30:07.680,ALGO/USDT:USDT,0.2575,4348.3,0.2576,16225.9,0.2572,80283455.2,20957212.66698
1753461008331,16:30:08.331,ALGO/USDT:USDT,0.2575,1731.3,0.2576,18779.5,0.2572,80283455.2,20957212.66698
1753461008782,16:30:08.782,ALGO/USDT:USDT,0.2575,6079.6,0.2576,18779.5,0.2572,80431714.8,20996618.57776
1753461009452,16:30:09.452,ALGO/USDT:USDT,0.2575,1731.3,0.2576,18779.5,0.2572,80283455.2,20957212.66698
1753461009776,16:30:09.776,ALGO/USDT:USDT,0.2574,5739.0,0.2575,17713.0,0.2572,80283455.2,20957212.66698
1753461010161,16:30:10.161,ALGO/USDT:USDT,0.2574,21493.1,0.2576,18779.5,0.2572,80283455.2,20957212.66698
1753461011264,16:30:11.264,ALGO/USDT:USDT,0.2574,6079.6,0.2575,16349.4,0.2572,80283455.2,20957212.66698
1753461011676,16:30:11.676,ALGO/USDT:USDT,0.2574,7067.2,0.2575,2719.6,0.2572,80283455.2,20957212.66698
1753461011984,16:30:11.984,ALGO/USDT:USDT,0.2574,17067.2,0.2575,6981.7,0.2572,80283455.2,20957212.66698
1753461012304,16:30:12.304,ALGO/USDT:USDT,0.2574,5335.9,0.2575,9535.3,0.2572,80283455.2,20957212.66698
1753461012638,16:30:12.638,ALGO/USDT:USDT,0.2574,6583.7,0.2575,6168.7,0.2572,80283455.2,20957212.66698
1753461012951,16:30:12.951,ALGO/USDT:USDT,0.2574,6583.7,0.2575,6168.7,0.2572,80283455.2,20957212.66698
1753461013274,16:30:13.274,ALGO/USDT:USDT,0.2575,5502.5,0.2576,18779.5,0.2572,80283455.2,20957212.66698
1753461013684,16:30:13.684,ALGO/USDT:USDT,0.2574,1247.8,0.2575,15536.4,0.2572,80283455.2,20957212.66698
1753461014104,16:30:14.104,ALGO/USDT:USDT,0.2574,1589.0,0.2575,15536.4,0.2572,80283455.2,20957212.66698
1753461014421,16:30:14.421,ALGO/USDT:USDT,0.2574,5937.3,0.2575,15536.4,0.2572,80283455.2,20957212.66698
1753461014735,16:30:14.735,ALGO/USDT:USDT,0.2573,30057.8,0.2575,18396.3,0.2572,80283455.2,20957212.66698
1753461015688,16:30:15.688,ALGO/USDT:USDT,0.2573,14591.4,0.2574,14442.8,0.2572,80283455.2,20957212.66698
1753461016102,16:30:16.102,ALGO/USDT:USDT,0.2573,4591.4,0.2574,14447.0,0.2572,80283455.2,20957212.66698
1753461016457,16:30:16.457,ALGO/USDT:USDT,0.2573,4591.4,0.2574,14447.0,0.2572,80283455.2,20957212.66698
1753461016778,16:30:16.778,ALGO/USDT:USDT,0.2573,4591.4,0.2574,14447.0,0.2572,80283455.2,20957212.66698
1753461017096,16:30:17.096,ALGO/USDT:USDT,0.2573,2684.8,0.2574,12091.5,0.2572,80283455.2,20957212.66698
1753461017768,16:30:17.768,ALGO/USDT:USDT,0.2573,9927.3,0.2575,22399.4,0.2572,80283455.2,20957212.66698
1753461018401,16:30:18.401,ALGO/USDT:USDT,0.2573,9927.3,0.2575,19539.5,0.2572,80283455.2,20957212.66698
1753461018749,16:30:18.749,ALGO/USDT:USDT,0.2574,5502.5,0.2575,19539.5,0.2572,80283455.2,20957212.66698
1753461019130,16:30:19.130,ALGO/USDT:USDT,0.2574,5502.5,0.2575,19539.5,0.2572,80283455.2,20957212.66698
1753461019447,16:30:19.447,ALGO/USDT:USDT,0.2574,5502.5,0.2575,19539.5,0.2572,80283455.2,20957212.66698
1753461019770,16:30:19.770,ALGO/USDT:USDT,0.2574,20135.2,0.2575,817.2,0.2572,80283455.2,20957212.66698
1753461020120,16:30:20.120,ALGO/USDT:USDT,0.2574,18228.6,0.2575,6985.9,0.2572,80283455.2,20957212.66698
1753461020451,16:30:20.451,ALGO/USDT:USDT,0.2573,14591.4,0.2575,20848.8,0.2572,80283455.2,20957212.66698
1753461020778,16:30:20.778,ALGO/USDT:USDT,0.2573,14591.4,0.2575,30848.8,0.2572,80283455.2,20957212.66698
1753461021547,16:30:21.547,ALGO/USDT:USDT,0.2574,4348.3,0.2575,30848.8,0.2574,80283611.4,20957252.87286
1753461022218,16:30:22.218,ALGO/USDT:USDT,0.2572,25063.5,0.2574,26353.6,0.2574,80283611.4,20957252.87286
1753461022584,16:30:22.584,ALGO/USDT:USDT,0.2572,8471.9,0.2574,28988.9,0.2574,80283611.4,20957252.87286
1753461022892,16:30:22.892,ALGO/USDT:USDT,0.2572,8471.9,0.2574,28988.9,0.2574,80283611.4,20957252.87286
1753461023221,16:30:23.221,ALGO/USDT:USDT,0.2572,18471.9,0.2574,28988.9,0.2574,80283611.4,20957252.87286
1753461023595,16:30:23.595,ALGO/USDT:USDT,0.2572,18471.9,0.2574,28988.9,0.2574,80283611.4,20957252.87286
1753461023979,16:30:23.979,ALGO/USDT:USDT,0.2572,7263.7,0.2573,16353.6,0.2574,80283611.4,20957252.87286
1753461024310,16:30:24.310,ALGO/USDT:USDT,0.2572,7263.7,0.2573,16353.6,0.2574,80283611.4,20957252.87286
1753461024630,16:30:24.630,ALGO/USDT:USDT,0.2573,6079.6,0.2574,19621.2,0.2574,80283611.4,20957252.87286
1753461025090,16:30:25.090,ALGO/USDT:USDT,0.2572,7681.9,0.2573,14447.0,0.2574,80283611.4,20957252.87286
1753461025795,16:30:25.795,ALGO/USDT:USDT,0.2572,17681.9,0.2573,14447.0,0.2574,80283611.4,20957252.87286
1753461026336,16:30:26.336,ALGO/USDT:USDT,0.2572,4952.4,0.2573,14447.0,0.2574,80283611.4,20957252.87286
1753461027058,16:30:27.058,ALGO/USDT:USDT,0.2572,17846.6,0.2573,10184.9,0.2574,80283611.4,20957252.87286
1753461027377,16:30:27.377,ALGO/USDT:USDT,0.2572,17846.6,0.2574,19621.2,0.2574,80283611.4,20957252.87286
1753461028112,16:30:28.112,ALGO/USDT:USDT,0.2573,4348.3,0.2574,18988.9,0.2574,80283611.4,20957252.87286
1753461028457,16:30:28.457,ALGO/USDT:USDT,0.2572,16859.0,0.2573,9367.7,0.2574,80283611.4,20957252.87286
1753461029219,16:30:29.219,ALGO/USDT:USDT,0.2573,16330.8,0.2574,18988.9,0.2574,80283611.4,20957252.87286
1753461029844,16:30:29.844,ALGO/USDT:USDT,0.2573,15502.5,0.2574,18988.9,0.2574,80283611.4,20957252.87286
1753461030195,16:30:30.195,ALGO/USDT:USDT,0.2573,5502.5,0.2574,18988.9,0.2574,80283611.4,20957252.87286
1753461030509,16:30:30.509,ALGO/USDT:USDT,0.2573,5502.5,0.2574,18988.9,0.2574,80283611.4,20957252.87286
1753461030856,16:30:30.856,ALGO/USDT:USDT,0.2573,4348.3,0.2574,18988.9,0.2574,80283611.4,20957252.87286
1753461032046,16:30:32.046,ALGO/USDT:USDT,0.2572,2092.5,0.2573,14458.1,0.2574,80283611.4,20957252.87286
1753461032414,16:30:32.414,ALGO/USDT:USDT,0.2572,5502.5,0.2573,17011.7,0.2574,80283611.4,20957252.87286
1753461032771,16:30:32.771,ALGO/USDT:USDT,0.2572,4348.3,0.2573,27011.7,0.2574,80283611.4,20957252.87286
1753461033097,16:30:33.097,ALGO/USDT:USDT,0.2572,4348.3,0.2573,27011.7,0.2574,80283611.4,20957252.87286
1753461033416,16:30:33.416,ALGO/USDT:USDT,0.2572,4348.3,0.2573,27011.7,0.2574,80283611.4,20957252.87286
1753461033734,16:30:33.734,ALGO/USDT:USDT,0.2572,4348.3,0.2573,27011.7,0.2574,80283611.4,20957252.87286
1753461034101,16:30:34.101,ALGO/USDT:USDT,0.2572,4348.3,0.2573,17011.7,0.2574,80283611.4,20957252.87286
1753461034451,16:30:34.451,ALGO/USDT:USDT,0.2572,4348.3,0.2573,17011.7,0.2574,80283611.4,20957252.87286
1753461034771,16:30:34.771,ALGO/USDT:USDT,0.2572,14348.3,0.2573,17011.7,0.2574,80283611.4,20957252.87286
1753461035089,16:30:35.089,ALGO/USDT:USDT,0.2572,14348.3,0.2573,17011.7,0.2574,80283611.4,20957252.87286
1753461035427,16:30:35.427,ALGO/USDT:USDT,0.2572,4348.3,0.2573,17011.7,0.2574,80283611.4,20957252.87286
1753461035744,16:30:35.744,ALGO/USDT:USDT,0.2572,4348.3,0.2573,17011.7,0.2574,80283611.4,20957252.87286
1753461036057,16:30:36.057,ALGO/USDT:USDT,0.2571,15170.0,0.2572,18911.7,0.2574,80283611.4,20957252.87286
1753461036454,16:30:36.454,ALGO/USDT:USDT,0.2571,19581.2,0.2573,22410.5,0.2574,80283611.4,20957252.87286
1753461036853,16:30:36.853,ALGO/USDT:USDT,0.2571,821.7,0.2572,12096.0,0.2574,80283611.4,20957252.87286
1753461037517,16:30:37.517,ALGO/USDT:USDT,0.2571,5170.0,0.2572,28911.7,0.2574,80283611.4,20957252.87286
1753461037920,16:30:37.920,ALGO/USDT:USDT,0.2571,5170.0,0.2572,28911.7,0.2574,80283611.4,20957252.87286
1753461038241,16:30:38.241,ALGO/USDT:USDT,0.2571,5170.0,0.2572,28911.7,0.2574,80283611.4,20957252.87286
1753461038921,16:30:38.921,ALGO/USDT:USDT,0.257,20566.9,0.2572,28911.7,0.2574,80283611.4,20957252.87286
1753461039270,16:30:39.270,ALGO/USDT:USDT,0.257,2732.0,0.2571,14451.5,0.2574,80283611.4,20957252.87286
1753461039602,16:30:39.602,ALGO/USDT:USDT,0.257,2732.0,0.2571,14451.5,0.2574,80283611.4,20957252.87286
1753461039915,16:30:39.915,ALGO/USDT:USDT,0.2569,2732.0,0.2571,27993.9,0.2574,80283611.4,20957252.87286
1753461040235,16:30:40.235,ALGO/USDT:USDT,0.257,9218.4,0.2571,4262.1,0.2574,80283611.4,20957252.87286
1753461040647,16:30:40.647,ALGO/USDT:USDT,0.257,9218.4,0.2571,4262.1,0.2574,80283611.4,20957252.87286
1753461040960,16:30:40.960,ALGO/USDT:USDT,0.257,19218.4,0.2571,4262.1,0.2574,80283611.4,20957252.87286
1753461041288,16:30:41.288,ALGO/USDT:USDT,0.257,4348.3,0.2571,16358.1,0.2574,80283611.4,20957252.87286
1753461041636,16:30:41.636,ALGO/USDT:USDT,0.257,4348.3,0.2571,26358.1,0.2574,80283611.4,20957252.87286
1753461042286,16:30:42.286,ALGO/USDT:USDT,0.257,5335.9,0.2571,16358.1,0.2574,80283611.4,20957252.87286
1753461042987,16:30:42.987,ALGO/USDT:USDT,0.257,9936.5,0.2571,7637.4,0.2574,80283611.4,20957252.87286
1753461043754,16:30:43.754,ALGO/USDT:USDT,0.257,20924.1,0.2571,6815.7,0.2574,80283611.4,20957252.87286
1753461044854,16:30:44.854,ALGO/USDT:USDT,0.2572,5335.9,0.2573,12410.5,0.2574,80283611.4,20957252.87286
1753461045548,16:30:45.548,ALGO/USDT:USDT,0.2573,4348.3,0.2574,28907.2,0.2574,80283611.4,20957252.87286
1753461045857,16:30:45.857,ALGO/USDT:USDT,0.2573,4348.3,0.2574,28907.2,0.2574,80283611.4,20957252.87286
1753461046172,16:30:46.172,ALGO/USDT:USDT,0.2572,7191.5,0.2574,18907.2,0.2574,80283611.4,20957252.87286
1753461046634,16:30:46.634,ALGO/USDT:USDT,0.2573,5146.3,0.2574,18907.2,0.2574,80283611.4,20957252.87286
1753461047389,16:30:47.389,ALGO/USDT:USDT,0.2573,5146.3,0.2574,18907.2,0.2574,80283611.4,20957252.87286
1753461048061,16:30:48.061,ALGO/USDT:USDT,0.2573,5146.3,0.2574,6966.7,0.2574,80283611.4,20957252.87286
1753461048527,16:30:48.527,ALGO/USDT:USDT,0.2573,5146.3,0.2574,6966.7,0.2574,80283611.4,20957252.87286
1753461048929,16:30:48.929,ALGO/USDT:USDT,0.2573,16133.9,0.2574,6966.7,0.2574,80283611.4,20957252.87286
1753461049283,16:30:49.283,ALGO/USDT:USDT,0.2573,16133.9,0.2574,6966.7,0.2574,80283611.4,20957252.87286
1753461049624,16:30:49.624,ALGO/USDT:USDT,0.2573,16133.9,0.2574,6966.7,0.2574,80283611.4,20957252.87286
1753461049941,16:30:49.941,ALGO/USDT:USDT,0.2574,13423.5,0.2576,18447.7,0.2575,80283611.4,20957252.87286
1753461050284,16:30:50.284,ALGO/USDT:USDT,0.2574,4859.2,0.2575,6168.7,0.2575,80283611.4,20957252.87286
1753461050610,16:30:50.610,ALGO/USDT:USDT,0.2574,14859.2,0.2575,1906.6,0.2575,80283611.4,20957252.87286
1753461050966,16:30:50.966,ALGO/USDT:USDT,0.2574,16765.8,0.2576,28447.7,0.2575,80283611.4,20957252.87286
1753461051318,16:30:51.318,ALGO/USDT:USDT,0.2575,17288.1,0.2576,4319.3,0.2575,80283611.4,20957252.87286
1753461052090,16:30:52.090,ALGO/USDT:USDT,0.2575,17288.1,0.2576,1963.8,0.2575,80283611.4,20957252.87286
1753461052743,16:30:52.743,ALGO/USDT:USDT,0.2575,23514.5,0.2576,57.2,0.2575,80283611.4,20957252.87286
1753461053096,16:30:53.096,ALGO/USDT:USDT,0.2575,21114.1,0.2576,57.2,0.2575,80283820.8,20957306.79336
1753461053415,16:30:53.415,ALGO/USDT:USDT,0.2575,21114.1,0.2576,57.2,0.2575,80283820.8,20957306.79336
1753461053731,16:30:53.731,ALGO/USDT:USDT,0.2575,20126.5,0.2576,4319.3,0.2575,80283820.8,20957306.79336
1753461054220,16:30:54.220,ALGO/USDT:USDT,0.2575,18219.9,0.2576,15593.6,0.2575,80283820.8,20957306.79336
1753461055190,16:30:55.190,ALGO/USDT:USDT,0.2574,20415.7,0.2576,15593.6,0.2575,80283820.8,20957306.79336
1753461055898,16:30:55.898,ALGO/USDT:USDT,0.2575,14348.3,0.2576,15593.6,0.2575,80283820.8,20957306.79336
1753461056260,16:30:56.260,ALGO/USDT:USDT,0.2575,8054.5,0.2576,57.2,0.2575,80283820.8,20957306.79336
1753461056624,16:30:56.624,ALGO/USDT:USDT,0.2575,18054.5,0.2576,4319.3,0.2575,80283820.8,20957306.79336
1753461056968,16:30:56.968,ALGO/USDT:USDT,0.2575,17066.9,0.2576,4319.3,0.2575,80283820.8,20957306.79336
1753461057285,16:30:57.285,ALGO/USDT:USDT,0.2575,17066.9,0.2576,4319.3,0.2575,80283820.8,20957306.79336
1753461057601,16:30:57.601,ALGO/USDT:USDT,0.2575,18054.5,0.2576,57.2,0.2575,80283820.8,20957306.79336
1753461058036,16:30:58.036,ALGO/USDT:USDT,0.2575,17066.9,0.2576,13687.0,0.2575,80283820.8,20957306.79336
1753461058392,16:30:58.392,ALGO/USDT:USDT,0.2575,17066.9,0.2576,13687.0,0.2575,80283820.8,20957306.79336
1753461058726,16:30:58.726,ALGO/USDT:USDT,0.2575,18054.5,0.2576,4319.3,0.2575,80283820.8,20957306.79336
1753461059114,16:30:59.114,ALGO/USDT:USDT,0.2575,18054.5,0.2576,57.2,0.2575,80283820.8,20957306.79336
1753461059499,16:30:59.499,ALGO/USDT:USDT,0.2575,19859.9,0.2576,57.2,0.2575,80283820.8,20957306.79336
1753461060131,16:31:00.131,ALGO/USDT:USDT,0.2575,21124.9,0.2576,57.2,0.2575,80283820.8,20957306.79336
1753461060839,16:31:00.839,ALGO/USDT:USDT,0.2575,4524.0,0.2576,13629.8,0.2576,80278021.8,20955764.33064
1753461061441,16:31:01.441,ALGO/USDT:USDT,0.2576,10162.0,0.2577,4262.1,0.2576,80283820.8,20957306.79336
1753461062410,16:31:02.410,ALGO/USDT:USDT,0.2576,33146.0,0.2578,29199.5,0.2576,80277907.4,20955734.8612
1753461062828,16:31:02.828,ALGO/USDT:USDT,0.2577,812.0,0.2578,19831.8,0.2576,80278021.8,20955764.33064
1753461063583,16:31:03.583,ALGO/USDT:USDT,0.2577,31990.2,0.2579,16590.1,0.2576,80283820.8,20957306.79336
1753461064205,16:31:04.205,ALGO/USDT:USDT,0.2578,6314.5,0.2579,16590.1,0.2576,80278021.8,20955764.33064
1753461064539,16:31:04.539,ALGO/USDT:USDT,0.2578,16314.5,0.2579,16590.1,0.2576,80278021.8,20955764.33064
1753461064982,16:31:04.982,ALGO/USDT:USDT,0.2578,21129.5,0.2579,250.5,0.2576,80278021.8,20955764.33064
1753461065680,16:31:05.680,ALGO/USDT:USDT,0.2579,5160.3,0.258,16348.4,0.2579,80278021.8,20955764.33064
1753461066061,16:31:06.061,ALGO/USDT:USDT,0.2579,5141.0,0.258,16348.4,0.2579,80278522.8,20955893.53854
1753461066409,16:31:06.409,ALGO/USDT:USDT,0.2579,4348.3,0.258,26348.4,0.2579,80278522.8,20955893.53854
1753461066729,16:31:06.729,ALGO/USDT:USDT,0.2579,6128.6,0.258,4269.1,0.2579,80278522.8,20955893.53854
1753461067054,16:31:07.054,ALGO/USDT:USDT,0.2579,8035.2,0.258,7.0,0.2579,80278021.8,20955764.33064
1753461067524,16:31:07.524,ALGO/USDT:USDT,0.2579,18035.2,0.258,7.0,0.2579,80278522.8,20955893.53854
1753461067856,16:31:07.856,ALGO/USDT:USDT,0.2579,19838.7,0.258,7.0,0.2579,80278522.8,20955893.53854
1753461068182,16:31:08.182,ALGO/USDT:USDT,0.2579,9838.7,0.258,7.0,0.2579,80278522.8,20955893.53854
1753461068512,16:31:08.512,ALGO/USDT:USDT,0.2579,8851.1,0.258,4269.1,0.2579,80278522.8,20955893.53854
1753461069192,16:31:09.192,ALGO/USDT:USDT,0.2579,9838.7,0.258,7.0,0.2579,80278522.8,20955893.53854
1753461069579,16:31:09.579,ALGO/USDT:USDT,0.2579,22354.3,0.258,7.0,0.2579,80278522.8,20955893.53854
1753461070002,16:31:10.002,ALGO/USDT:USDT,0.2579,22354.3,0.258,7.0,0.2579,80278522.8,20955893.53854
1753461070891,16:31:10.891,ALGO/USDT:USDT,0.2579,21366.7,0.258,7.0,0.2579,80278522.8,20955893.53854
1753461071291,16:31:11.291,ALGO/USDT:USDT,0.2579,21366.7,0.258,7.0,0.2579,80278522.8,20955893.53854
1753461071922,16:31:11.922,ALGO/USDT:USDT,0.2579,22616.1,0.258,7.0,0.2579,80278522.8,20955893.53854
1753461072366,16:31:12.366,ALGO/USDT:USDT,0.2582,5502.5,0.2583,19408.3,0.2581,80278522.8,20955893.53854
1753461072981,16:31:12.981,ALGO/USDT:USDT,0.2582,7282.8,0.2583,201.2,0.2581,80278566.6,20955904.84192
1753461073321,16:31:13.321,ALGO/USDT:USDT,0.2582,7282.8,0.2583,2107.8,0.2581,80278566.6,20955904.84192
1753461073686,16:31:13.686,ALGO/USDT:USDT,0.2582,23777.5,0.2583,201.2,0.2581,80278021.8,20955764.33064
1753461074306,16:31:14.306,ALGO/USDT:USDT,0.2582,9930.0,0.2583,13831.0,0.2581,80278522.8,20955893.53854
1753461074720,16:31:14.720,ALGO/USDT:USDT,0.2581,18996.9,0.2582,9367.7,0.2581,80278566.6,20955904.84192
1753461075686,16:31:15.686,ALGO/USDT:USDT,0.258,32942.9,0.2581,9367.7,0.2581,80278566.6,20955904.84192
1753461076005,16:31:16.005,ALGO/USDT:USDT,0.258,32951.0,0.2582,17962.0,0.2581,80278566.6,20955904.84192
1753461076715,16:31:16.715,ALGO/USDT:USDT,0.258,32951.0,0.2582,17771.3,0.2581,80278566.6,20955904.84192
1753461077035,16:31:17.035,ALGO/USDT:USDT,0.258,17253.1,0.2581,4262.1,0.2581,80278566.6,20955904.84192
1753461077555,16:31:17.555,ALGO/USDT:USDT,0.258,7253.1,0.2582,18403.6,0.2581,80278522.8,20955893.53854
1753461078261,16:31:18.261,ALGO/USDT:USDT,0.258,17253.1,0.2582,27771.3,0.2581,80278566.6,20955904.84192
1753461078587,16:31:18.587,ALGO/USDT:USDT,0.258,810.1,0.2581,19267.1,0.2581,80278813.8,20955968.64424
1753461079575,16:31:19.575,ALGO/USDT:USDT,0.258,20912.5,0.2581,2920.6,0.2581,80278813.8,20955968.64424
1753461079979,16:31:19.979,ALGO/USDT:USDT,0.258,17065.0,0.2581,7182.7,0.2581,80278566.6,20955904.84192
1753461080575,16:31:20.575,ALGO/USDT:USDT,0.258,5887.2,0.2581,15536.4,0.2581,80278566.6,20955904.84192
1753461081166,16:31:21.166,ALGO/USDT:USDT,0.2579,13692.3,0.258,13629.8,0.2581,80278813.8,20955968.64424
1753461081581,16:31:21.581,ALGO/USDT:USDT,0.2579,3692.3,0.258,13629.8,0.2581,80278813.8,20955968.64424
1753461081900,16:31:21.900,ALGO/USDT:USDT,0.2579,3692.3,0.258,13629.8,0.2581,80278813.8,20955968.64424
1753461082210,16:31:22.210,ALGO/USDT:USDT,0.2579,8040.6,0.258,13629.8,0.2581,80278813.8,20955968.64424
1753461082528,16:31:22.528,ALGO/USDT:USDT,0.258,6312.6,0.2581,7722.3,0.2581,80278813.8,20955968.64424
1753461083274,16:31:23.274,ALGO/USDT:USDT,0.258,17300.2,0.2581,13629.8,0.2581,80278813.8,20955968.64424
1753461083590,16:31:23.590,ALGO/USDT:USDT,0.258,17300.2,0.2581,13629.8,0.2581,80278813.8,20955968.64424
1753461083940,16:31:23.940,ALGO/USDT:USDT,0.258,17300.2,0.2581,13629.8,0.2581,80278813.8,20955968.64424
1753461084737,16:31:24.737,ALGO/USDT:USDT,0.258,8445.6,0.2581,5072.2,0.258,80278813.8,20955968.64424
1753461085069,16:31:25.069,ALGO/USDT:USDT,0.258,4637.3,0.2581,6978.8,0.258,80278813.8,20955968.64424
1753461085447,16:31:25.447,ALGO/USDT:USDT,0.2579,28299.2,0.2581,16978.8,0.258,80302202.2,20962002.85144
1753461085986,16:31:25.986,ALGO/USDT:USDT,0.258,1731.3,0.2581,6978.8,0.258,80302202.2,20962002.85144
1753461086961,16:31:26.961,ALGO/USDT:USDT,0.258,8070.9,0.2581,6182.7,0.258,80278813.8,20955968.64424
1753461087583,16:31:27.583,ALGO/USDT:USDT,0.258,20930.8,0.2581,1920.6,0.258,80302202.2,20962002.85144
1753461087903,16:31:27.903,ALGO/USDT:USDT,0.258,18070.9,0.2581,1920.6,0.258,80302202.2,20962002.85144
1753461088328,16:31:28.328,ALGO/USDT:USDT,0.258,20930.8,0.2581,6182.7,0.258,80302202.2,20962002.85144
1753461088794,16:31:28.794,ALGO/USDT:USDT,0.258,7083.3,0.2581,16378.8,0.258,80302202.2,20962002.85144
1753461089332,16:31:29.332,ALGO/USDT:USDT,0.258,7083.3,0.2581,15550.4,0.258,80302202.2,20962002.85144
1753461090050,16:31:30.050,ALGO/USDT:USDT,0.2579,13692.3,0.2581,17068.6,0.258,80278813.8,20955968.64424
1753461090656,16:31:30.656,ALGO/USDT:USDT,0.258,9225.1,0.2581,14458.2,0.258,80302202.2,20962002.85144
1753461091112,16:31:31.112,ALGO/USDT:USDT,0.258,19160.0,0.2581,14458.2,0.258,80302202.2,20962002.85144
1753461091574,16:31:31.574,ALGO/USDT:USDT,0.258,20147.6,0.2581,14458.2,0.258,80302202.2,20962002.85144
1753461092578,16:31:32.578,ALGO/USDT:USDT,0.258,19160.0,0.2581,14458.2,0.258,80302202.2,20962002.85144
1753461093267,16:31:33.267,ALGO/USDT:USDT,0.258,19160.0,0.2581,14458.2,0.258,80302202.2,20962002.85144
1753461093854,16:31:33.854,ALGO/USDT:USDT,0.258,20147.6,0.2581,13629.8,0.258,80302202.2,20962002.85144
1753461094400,16:31:34.400,ALGO/USDT:USDT,0.258,9160.0,0.2581,13629.8,0.258,80302202.2,20962002.85144
1753461095360,16:31:35.360,ALGO/USDT:USDT,0.2581,5502.5,0.2582,19668.2,0.2581,80302202.2,20962002.85144
1753461095722,16:31:35.722,ALGO/USDT:USDT,0.2581,5502.5,0.2582,19668.2,0.2581,80302301.2,20962028.40334
1753461096046,16:31:36.046,ALGO/USDT:USDT,0.258,23007.5,0.2581,4262.1,0.2581,80302301.2,20962028.40334
1753461096432,16:31:36.432,ALGO/USDT:USDT,0.2581,15502.5,0.2582,19035.9,0.2581,80302301.2,20962028.40334
1753461096814,16:31:36.814,ALGO/USDT:USDT,0.2581,18396.7,0.2582,792.7,0.2581,80302301.2,20962028.40334
1753461097126,16:31:37.126,ALGO/USDT:USDT,0.2581,18396.7,0.2582,6961.4,0.2581,80302301.2,20962028.40334
1753461097441,16:31:37.441,ALGO/USDT:USDT,0.2581,18396.7,0.2582,1906.6,0.2581,80302301.2,20962028.40334
1753461097847,16:31:37.847,ALGO/USDT:USDT,0.2582,16490.1,0.2583,6369.9,0.2581,80302301.2,20962028.40334
1753461098189,16:31:38.189,ALGO/USDT:USDT,0.2582,16490.1,0.2583,6369.9,0.2581,80302301.2,20962028.40334
1753461098499,16:31:38.499,ALGO/USDT:USDT,0.2581,30242.1,0.2583,19425.9,0.2581,80302301.2,20962028.40334
1753461098908,16:31:38.908,ALGO/USDT:USDT,0.2582,6079.6,0.2583,22000.7,0.2581,80302301.2,20962028.40334
1753461099241,16:31:39.241,ALGO/USDT:USDT,0.2582,7067.2,0.2583,17198.3,0.2581,80302301.2,20962028.40334
1753461099561,16:31:39.561,ALGO/USDT:USDT,0.2581,14900.4,0.2583,21778.0,0.2581,80302301.2,20962028.40334
1753461099888,16:31:39.888,ALGO/USDT:USDT,0.2582,14348.3,0.2583,5291.7,0.2581,80302301.2,20962028.40334
1753461100294,16:31:40.294,ALGO/USDT:USDT,0.2582,15335.9,0.2583,2107.8,0.2581,80302301.2,20962028.40334
1753461101063,16:31:41.063,ALGO/USDT:USDT,0.2582,17242.5,0.2583,4463.3,0.2581,80302301.2,20962028.40334
1753461101807,16:31:41.807,ALGO/USDT:USDT,0.2582,17242.5,0.2583,201.2,0.2581,80302301.2,20962028.40334
1753461102177,16:31:42.177,ALGO/USDT:USDT,0.2582,17242.5,0.2583,201.2,0.2581,80302301.2,20962028.40334
1753461102955,16:31:42.955,ALGO/USDT:USDT,0.2582,33963.4,0.2584,7916.1,0.2583,80302301.2,20962028.40334
1753461103281,16:31:43.281,ALGO/USDT:USDT,0.2583,14348.3,0.2584,7916.1,0.2583,80302301.2,20962028.40334
1753461104104,16:31:44.104,ALGO/USDT:USDT,0.2582,13630.8,0.2584,19707.7,0.2583,80302703.6,20962132.34326
1753461105133,16:31:45.133,ALGO/USDT:USDT,0.2583,5176.7,0.2584,17283.8,0.2583,80302703.6,20962132.34326
1753461105507,16:31:45.507,ALGO/USDT:USDT,0.2583,5176.7,0.2584,17283.8,0.2583,80302703.6,20962132.34326
1753461105824,16:31:45.824,ALGO/USDT:USDT,0.2583,6164.3,0.2584,2827.3,0.2583,80302703.6,20962132.34326
1753461106149,16:31:46.149,ALGO/USDT:USDT,0.2583,6164.3,0.2584,2827.3,0.2583,80302703.6,20962132.34326
1753461106468,16:31:46.468,ALGO/USDT:USDT,0.2583,6164.3,0.2584,2827.3,0.2583,80302703.6,20962132.34326
1753461106822,16:31:46.822,ALGO/USDT:USDT,0.2583,15176.7,0.2584,7089.4,0.2583,80302703.6,20962132.34326
1753461107203,16:31:47.203,ALGO/USDT:USDT,0.2583,16164.3,0.2584,2827.3,0.2583,80302703.6,20962132.34326
1753461107832,16:31:47.832,ALGO/USDT:USDT,0.2583,15176.7,0.2584,7089.4,0.2583,80302703.6,20962132.34326
1753461108519,16:31:48.519,ALGO/USDT:USDT,0.2583,5176.7,0.2584,16457.1,0.2583,80302703.6,20962132.34326
1753461108864,16:31:48.864,ALGO/USDT:USDT,0.2582,36840.1,0.2584,26457.1,0.2583,80302301.2,20962028.40334
1753461109688,16:31:49.688,ALGO/USDT:USDT,0.2582,1724.2,0.2583,26346.1,0.2583,80302703.6,20962132.34326
1753461110580,16:31:50.580,ALGO/USDT:USDT,0.2582,1724.2,0.2583,26346.1,0.2583,80302703.6,20962132.34326
1753461111199,16:31:51.199,ALGO/USDT:USDT,0.258,160322.7,0.2582,4348.3,0.2582,80302703.6,20962132.34326
1753461111542,16:31:51.542,ALGO/USDT:USDT,0.258,7234.7,0.2581,15071.8,0.2582,80302703.6,20962132.34326
1753461112015,16:31:52.015,ALGO/USDT:USDT,0.2579,6383.3,0.258,13629.8,0.2582,80302703.6,20962132.34326
1753461112610,16:31:52.610,ALGO/USDT:USDT,0.2579,6383.3,0.258,13629.8,0.2582,80302703.6,20962132.34326
1753461113299,16:31:53.299,ALGO/USDT:USDT,0.2579,11731.3,0.258,6168.7,0.2582,80306152.0,20963022.72014
1753461113656,16:31:53.656,ALGO/USDT:USDT,0.2579,11731.3,0.258,6168.7,0.2582,80306152.0,20963022.72014
1753461113968,16:31:53.968,ALGO/USDT:USDT,0.2579,16889.3,0.258,6978.4,0.2582,80306152.0,20963022.72014
1753461114284,16:31:54.284,ALGO/USDT:USDT,0.2579,4348.3,0.258,18980.7,0.2582,80306152.0,20963022.72014
1753461114676,16:31:54.676,ALGO/USDT:USDT,0.2579,4348.3,0.258,28980.7,0.2582,80306152.0,20963022.72014
1753461115002,16:31:55.002,ALGO/USDT:USDT,0.2579,4348.3,0.258,28980.7,0.2582,80306152.0,20963022.72014
1753461115638,16:31:55.638,ALGO/USDT:USDT,0.2579,5502.5,0.258,16346.1,0.2582,80306152.0,20963022.72014
1753461115984,16:31:55.984,ALGO/USDT:USDT,0.2579,5502.5,0.258,16346.1,0.2582,80306152.0,20963022.72014
1753461116328,16:31:56.328,ALGO/USDT:USDT,0.2579,5502.5,0.258,16346.1,0.2582,80306152.0,20963022.72014
1753461117017,16:31:57.017,ALGO/USDT:USDT,0.2578,17303.2,0.2579,1906.6,0.2582,80306152.0,20963022.72014
1753461117381,16:31:57.381,ALGO/USDT:USDT,0.2578,6314.5,0.2579,6966.9,0.2582,80306152.0,20963022.72014
1753461118010,16:31:58.010,ALGO/USDT:USDT,0.2578,16314.5,0.2579,6966.9,0.2582,80306152.0,20963022.72014
1753461118344,16:31:58.344,ALGO/USDT:USDT,0.2578,5502.5,0.2579,16334.6,0.2582,80306152.0,20963022.72014
1753461118705,16:31:58.705,ALGO/USDT:USDT,0.2578,16490.1,0.2579,15536.4,0.2582,80306152.0,20963022.72014
1753461119020,16:31:59.020,ALGO/USDT:USDT,0.2578,16490.1,0.2579,15536.4,0.2582,80306152.0,20963022.72014
1753461119342,16:31:59.342,ALGO/USDT:USDT,0.2579,1154.2,0.258,17980.7,0.2582,80306152.0,20963022.72014
1753461119703,16:31:59.703,ALGO/USDT:USDT,0.2579,1731.3,0.258,18613.0,0.2582,80306152.0,20963022.72014
1753461120084,16:32:00.084,ALGO/USDT:USDT,0.2579,7067.2,0.258,6978.4,0.2582,80306152.0,20963022.72014
1753461120431,16:32:00.431,ALGO/USDT:USDT,0.2578,27282.1,0.258,17980.7,0.2582,80306152.0,20963022.72014
1753461120758,16:32:00.758,ALGO/USDT:USDT,0.2579,1731.3,0.258,27980.7,0.2582,80306152.0,20963022.72014
1753461121209,16:32:01.209,ALGO/USDT:USDT,0.2578,17282.1,0.2579,6966.9,0.2582,80209526.0,20937361.80326
1753461121995,16:32:01.995,ALGO/USDT:USDT,0.2579,15502.5,0.258,18628.2,0.2582,80209526.0,20937361.80326
1753461123249,16:32:03.249,ALGO/USDT:USDT,0.2578,4259.4,0.2579,13629.8,0.2582,80209526.0,20937361.80326
1753461123962,16:32:03.962,ALGO/USDT:USDT,0.2578,4348.3,0.2579,6168.7,0.2582,80209526.0,20937361.80326
1753461124339,16:32:04.339,ALGO/USDT:USDT,0.2577,6997.4,0.2579,19299.1,0.2582,80209526.0,20937361.80326
1753461124663,16:32:04.663,ALGO/USDT:USDT,0.2577,3508.6,0.2578,13629.8,0.2582,80209526.0,20937361.80326
1753461125094,16:32:05.094,ALGO/USDT:USDT,0.2578,15502.5,0.2579,21030.9,0.2582,80209526.0,20937361.80326
1753461125616,16:32:05.616,ALGO/USDT:USDT,0.2578,15502.5,0.2579,21030.9,0.2582,80209526.0,20937361.80326
1753461125940,16:32:05.940,ALGO/USDT:USDT,0.2578,18040.3,0.2579,1906.6,0.2582,80209526.0,20937361.80326
1753461126257,16:32:06.257,ALGO/USDT:USDT,0.2579,4348.3,0.258,11022.3,0.2582,80209526.0,20937361.80326
1753461126644,16:32:06.644,ALGO/USDT:USDT,0.2579,16161.6,0.258,5071.8,0.2582,80209526.0,20937361.80326
1753461126964,16:32:06.964,ALGO/USDT:USDT,0.2579,16161.6,0.258,5071.8,0.2582,80209526.0,20937361.80326
1753461127284,16:32:07.284,ALGO/USDT:USDT,0.2578,5436.7,0.2579,13629.8,0.2582,80209526.0,20937361.80326
1753461127713,16:32:07.713,ALGO/USDT:USDT,0.2578,15436.7,0.2579,13629.8,0.2582,80209526.0,20937361.80326
1753461128236,16:32:08.236,ALGO/USDT:USDT,0.2578,15436.7,0.2579,13629.8,0.2582,80209526.0,20937361.80326
1753461128931,16:32:08.931,ALGO/USDT:USDT,0.2579,9367.7,0.258,8613.0,0.2582,80209526.0,20937361.80326
1753461129287,16:32:09.287,ALGO/USDT:USDT,0.2579,16161.6,0.258,13629.8,0.2582,80209526.0,20937361.80326
1753461129616,16:32:09.616,ALGO/USDT:USDT,0.2579,16161.6,0.258,13629.8,0.2582,80209526.0,20937361.80326
1753461129996,16:32:09.996,ALGO/USDT:USDT,0.2579,17777.7,0.258,15536.4,0.2582,80209526.0,20937361.80326
1753461130942,16:32:10.942,ALGO/USDT:USDT,0.2579,16790.1,0.258,15536.4,0.2582,80209526.0,20937361.80326
1753461131280,16:32:11.280,ALGO/USDT:USDT,0.2578,15436.7,0.258,17090.0,0.2582,80209526.0,20937361.80326
1753461131754,16:32:11.754,ALGO/USDT:USDT,0.2578,3530.1,0.2579,24455.5,0.2582,80209526.0,20937361.80326
1753461132581,16:32:12.581,ALGO/USDT:USDT,0.2577,15819.6,0.2579,22776.5,0.2582,80209526.0,20937361.80326
1753461133000,16:32:13.000,ALGO/USDT:USDT,0.2577,15819.6,0.2579,22776.5,0.2582,80209526.0,20937361.80326
1753461133340,16:32:13.340,ALGO/USDT:USDT,0.2577,15819.6,0.2579,22776.5,0.2582,80209526.0,20937361.80326
1753461133903,16:32:13.903,ALGO/USDT:USDT,0.2577,5819.6,0.2578,10193.4,0.2582,80209526.0,20937361.80326
1753461134266,16:32:14.266,ALGO/USDT:USDT,0.2577,5819.6,0.2578,14455.5,0.2582,80209526.0,20937361.80326
1753461134581,16:32:14.581,ALGO/USDT:USDT,0.2577,5819.6,0.2578,14455.5,0.2582,80209526.0,20937361.80326
1753461134900,16:32:14.900,ALGO/USDT:USDT,0.2577,5819.6,0.2578,14455.5,0.2582,80209526.0,20937361.80326
1753461135475,16:32:15.475,ALGO/USDT:USDT,0.2576,3913.0,0.2577,23629.8,0.2582,80209526.0,20937361.80326
1753461136445,16:32:16.445,ALGO/USDT:USDT,0.2576,18054.5,0.2577,13629.8,0.2582,80209526.0,20937361.80326
1753461137181,16:32:17.181,ALGO/USDT:USDT,0.2577,4348.3,0.2578,16362.1,0.2582,80209526.0,20937361.80326
1753461137623,16:32:17.623,ALGO/USDT:USDT,0.2577,4348.3,0.2578,26362.1,0.2582,80209526.0,20937361.80326
1753461138397,16:32:18.397,ALGO/USDT:USDT,0.2575,17066.9,0.2577,16260.6,0.2582,80209526.0,20937361.80326
1753461139231,16:32:19.231,ALGO/USDT:USDT,0.2576,7409.1,0.2577,5076.0,0.2582,80209526.0,20937361.80326
1753461140302,16:32:20.302,ALGO/USDT:USDT,0.2576,8223.0,0.2577,15536.4,0.2582,80209526.0,20937361.80326
1753461140694,16:32:20.694,ALGO/USDT:USDT,0.2576,18223.0,0.2577,13629.8,0.2582,80209526.0,20937361.80326
1753461141014,16:32:21.014,ALGO/USDT:USDT,0.2576,18223.0,0.2577,13629.8,0.2582,80209526.0,20937361.80326
1753461141367,16:32:21.367,ALGO/USDT:USDT,0.2576,21032.9,0.2577,13629.8,0.2582,80209526.0,20937361.80326
1753461141721,16:32:21.721,ALGO/USDT:USDT,0.2576,21032.9,0.2577,13629.8,0.2582,80209526.0,20937361.80326
1753461142071,16:32:22.071,ALGO/USDT:USDT,0.2576,21032.9,0.2578,20415.6,0.2582,80209526.0,20937361.80326
1753461142399,16:32:22.399,ALGO/USDT:USDT,0.2576,20045.3,0.2577,13629.8,0.2582,80209526.0,20937361.80326
1753461142736,16:32:22.736,ALGO/USDT:USDT,0.2576,21032.9,0.2577,13629.8,0.2582,80209526.0,20937361.80326
1753461143211,16:32:23.211,ALGO/USDT:USDT,0.2576,21032.9,0.2578,20415.6,0.2582,80209526.0,20937361.80326
1753461143935,16:32:23.935,ALGO/USDT:USDT,0.2577,17881.1,0.2578,16362.1,0.2582,80209526.0,20937361.80326
1753461144666,16:32:24.666,ALGO/USDT:USDT,0.2577,16893.5,0.2578,16362.1,0.2582,80209526.0,20937361.80326
1753461145108,16:32:25.108,ALGO/USDT:USDT,0.2578,19787.7,0.2579,5087.8,0.2582,80209526.0,20937361.80326
1753461145665,16:32:25.665,ALGO/USDT:USDT,0.2577,16239.9,0.2578,9367.7,0.2582,80209526.0,20937361.80326
1753461145994,16:32:25.994,ALGO/USDT:USDT,0.2577,16239.9,0.2578,9367.7,0.2582,80209526.0,20937361.80326
1753461146310,16:32:26.310,ALGO/USDT:USDT,0.2577,16239.9,0.2578,4262.1,0.2582,80209526.0,20937361.80326
1753461146650,16:32:26.650,ALGO/USDT:USDT,0.2577,16239.9,0.2578,13629.8,0.2582,80209526.0,20937361.80326
1753461146986,16:32:26.986,ALGO/USDT:USDT,0.2577,17227.5,0.2579,22488.9,0.2582,80209526.0,20937361.80326
1753461147301,16:32:27.301,ALGO/USDT:USDT,0.2578,1154.2,0.2579,22488.9,0.2582,80209526.0,20937361.80326
1753461147663,16:32:27.663,ALGO/USDT:USDT,0.2578,17308.1,0.2579,14455.5,0.2582,80209526.0,20937361.80326
1753461148467,16:32:28.467,ALGO/USDT:USDT,0.2578,6153.9,0.2579,14455.5,0.2582,80209526.0,20937361.80326
1753461148787,16:32:28.787,ALGO/USDT:USDT,0.2578,4348.3,0.2579,21856.6,0.2582,80209526.0,20937361.80326
1753461149106,16:32:29.106,ALGO/USDT:USDT,0.2578,4348.3,0.2579,21856.6,0.2582,80209526.0,20937361.80326
1753461149453,16:32:29.453,ALGO/USDT:USDT,0.2578,4348.3,0.2579,31856.6,0.2582,80209526.0,20937361.80326
1753461149770,16:32:29.770,ALGO/USDT:USDT,0.2578,4348.3,0.2579,31856.6,0.2582,80209526.0,20937361.80326
1753461150099,16:32:30.099,ALGO/USDT:USDT,0.2577,17227.5,0.2579,12488.9,0.2582,80209526.0,20937361.80326
1753461150560,16:32:30.560,ALGO/USDT:USDT,0.2578,4348.3,0.2579,22488.9,0.2582,80209526.0,20937361.80326
1753461151341,16:32:31.341,ALGO/USDT:USDT,0.2578,4348.3,0.2579,22488.9,0.2582,80209526.0,20937361.80326
1753461151755,16:32:31.755,ALGO/USDT:USDT,0.2578,5166.3,0.2579,12488.9,0.2582,80209526.0,20937361.80326
1753461152141,16:32:32.141,ALGO/USDT:USDT,0.2577,30966.6,0.2579,12488.9,0.2582,80209526.0,20937361.80326
1753461152507,16:32:32.507,ALGO/USDT:USDT,0.2577,30966.6,0.2579,12488.9,0.2582,80209526.0,20937361.80326
1753461152885,16:32:32.885,ALGO/USDT:USDT,0.2577,16239.9,0.2579,22488.9,0.2582,80209526.0,20937361.80326
1753461153327,16:32:33.327,ALGO/USDT:USDT,0.2577,16239.9,0.2578,13629.8,0.2582,80209526.0,20937361.80326
1753461153916,16:32:33.916,ALGO/USDT:USDT,0.2577,17227.5,0.2578,4262.1,0.2582,80209526.0,20937361.80326
1753461154236,16:32:34.236,ALGO/USDT:USDT,0.2578,16320.5,0.2579,12876.8,0.2582,80209526.0,20937361.80326
1753461154578,16:32:34.578,ALGO/USDT:USDT,0.2578,16320.5,0.2579,12488.9,0.2582,80209526.0,20937361.80326
1753461154911,16:32:34.911,ALGO/USDT:USDT,0.2578,4348.3,0.2579,12488.9,0.2582,80209526.0,20937361.80326
1753461155653,16:32:35.653,ALGO/USDT:USDT,0.2578,4348.3,0.2579,22488.9,0.2582,80209526.0,20937361.80326
1753461155992,16:32:35.992,ALGO/USDT:USDT,0.2578,4348.3,0.2579,22488.9,0.2582,80209526.0,20937361.80326
1753461156629,16:32:36.629,ALGO/USDT:USDT,0.2577,31958.6,0.2579,12488.9,0.2582,80209526.0,20937361.80326
1753461156975,16:32:36.975,ALGO/USDT:USDT,0.2578,5141.0,0.2579,11663.2,0.2582,80209526.0,20937361.80326
1753461157308,16:32:37.308,ALGO/USDT:USDT,0.2578,5141.0,0.2579,11663.2,0.2582,80209526.0,20937361.80326
1753461157680,16:32:37.680,ALGO/USDT:USDT,0.2578,19838.7,0.2579,4262.1,0.2582,80209526.0,20937361.80326
1753461158675,16:32:38.675,ALGO/USDT:USDT,0.2578,19838.7,0.2579,4262.1,0.2582,80209526.0,20937361.80326
1753461158992,16:32:38.992,ALGO/USDT:USDT,0.2578,18851.1,0.2579,4262.1,0.2582,80209526.0,20937361.80326
1753461159349,16:32:39.349,ALGO/USDT:USDT,0.2578,6944.5,0.2579,29189.0,0.2582,80209526.0,20937361.80326
1753461159695,16:32:39.695,ALGO/USDT:USDT,0.2578,6944.5,0.2579,29189.0,0.2582,80209526.0,20937361.80326
1753461160012,16:32:40.012,ALGO/USDT:USDT,0.2578,7932.1,0.2579,18396.3,0.2582,80209526.0,20937361.80326
1753461160341,16:32:40.341,ALGO/USDT:USDT,0.2578,6944.5,0.2579,18396.3,0.2582,80209526.0,20937361.80326
1753461160822,16:32:40.822,ALGO/USDT:USDT,0.2577,4333.3,0.2578,9367.7,0.2582,80209526.0,20937361.80326
1753461161164,16:32:41.164,ALGO/USDT:USDT,0.2577,4333.3,0.2578,14422.5,0.2582,80209526.0,20937361.80326
1753461161497,16:32:41.497,ALGO/USDT:USDT,0.2576,1822.3,0.2577,13629.8,0.2582,80209526.0,20937361.80326
1753461161859,16:32:41.859,ALGO/USDT:USDT,0.2575,2894.5,0.2576,23629.8,0.2582,80209526.0,20937361.80326
1753461162223,16:32:42.223,ALGO/USDT:USDT,0.2575,4801.1,0.2576,13629.8,0.2582,80209526.0,20937361.80326
1753461162540,16:32:42.540,ALGO/USDT:USDT,0.2576,12981.0,0.2577,6961.4,0.2582,80209526.0,20937361.80326
1753461162952,16:32:42.952,ALGO/USDT:USDT,0.2575,2718.6,0.2577,21107.9,0.2582,80209526.0,20937361.80326
1753461164007,16:32:44.007,ALGO/USDT:USDT,0.2576,7859.9,0.2577,6168.7,0.2582,80209526.0,20937361.80326
1753461164381,16:32:44.381,ALGO/USDT:USDT,0.2577,1731.3,0.2578,6961.4,0.2582,80209526.0,20937361.80326
1753461164720,16:32:44.720,ALGO/USDT:USDT,0.2577,1731.3,0.2578,6961.4,0.2582,80209526.0,20937361.80326
1753461165046,16:32:45.046,ALGO/USDT:USDT,0.2577,4348.3,0.2578,15536.4,0.2582,80209526.0,20937361.80326
1753461165514,16:32:45.514,ALGO/USDT:USDT,0.2575,29782.4,0.2577,19189.0,0.2582,80209526.0,20937361.80326
1753461166292,16:32:46.292,ALGO/USDT:USDT,0.2575,13325.8,0.2577,11740.2,0.2582,80209526.0,20937361.80326
1753461166947,16:32:46.947,ALGO/USDT:USDT,0.2576,20142.6,0.2577,13629.8,0.2582,80209526.0,20937361.80326
1753461167546,16:32:47.546,ALGO/USDT:USDT,0.2576,20142.6,0.2577,13629.8,0.2582,80209526.0,20937361.80326
1753461167905,16:32:47.905,ALGO/USDT:USDT,0.2578,17879.8,0.2579,9821.3,0.2582,80209526.0,20937361.80326
1753461168259,16:32:48.259,ALGO/USDT:USDT,0.2578,4348.3,0.2579,31823.6,0.2582,80209526.0,20937361.80326
1753461168578,16:32:48.578,ALGO/USDT:USDT,0.2578,4348.3,0.2579,31823.6,0.2582,80209526.0,20937361.80326
1753461168896,16:32:48.896,ALGO/USDT:USDT,0.2577,15794.3,0.2578,13629.8,0.2582,80209526.0,20937361.80326
1753461169376,16:32:49.376,ALGO/USDT:USDT,0.2577,15794.3,0.2578,13629.8,0.2582,80209526.0,20937361.80326
1753461169692,16:32:49.692,ALGO/USDT:USDT,0.2577,15794.3,0.2578,13629.8,0.2582,80209526.0,20937361.80326
1753461170029,16:32:50.029,ALGO/USDT:USDT,0.2577,15794.3,0.2578,13629.8,0.2582,80209526.0,20937361.80326
1753461170445,16:32:50.445,ALGO/USDT:USDT,0.2577,13887.7,0.2578,13629.8,0.2582,80209526.0,20937361.80326
1753461170819,16:32:50.819,ALGO/USDT:USDT,0.2577,13887.7,0.2578,13629.8,0.2582,80209526.0,20937361.80326
1753461171451,16:32:51.451,ALGO/USDT:USDT,0.2578,6315.1,0.2579,22455.9,0.2582,80209526.0,20937361.80326
1753461171848,16:32:51.848,ALGO/USDT:USDT,0.2577,13887.7,0.2578,15536.4,0.2582,80209526.0,20937361.80326
1753461172164,16:32:52.164,ALGO/USDT:USDT,0.2577,13887.7,0.2578,15536.4,0.2582,80209526.0,20937361.80326
1753461172494,16:32:52.494,ALGO/USDT:USDT,0.2578,6315.1,0.2579,12455.9,0.2582,80209526.0,20937361.80326
1753461172954,16:32:52.954,ALGO/USDT:USDT,0.2578,5160.9,0.2579,12455.9,0.2582,80209526.0,20937361.80326
1753461173759,16:32:53.759,ALGO/USDT:USDT,0.2578,5160.9,0.2579,12455.9,0.2582,80209526.0,20937361.80326
1753461174710,16:32:54.710,ALGO/USDT:USDT,0.2578,5160.9,0.2579,22455.9,0.2582,80209526.0,20937361.80326
1753461175072,16:32:55.072,ALGO/USDT:USDT,0.2578,4348.3,0.2579,22455.9,0.2582,80209526.0,20937361.80326
1753461175470,16:32:55.470,ALGO/USDT:USDT,0.2577,15794.3,0.2579,22455.9,0.2582,80209526.0,20937361.80326
1753461176247,16:32:56.247,ALGO/USDT:USDT,0.2578,10797.4,0.2579,22455.9,0.2582,80209526.0,20937361.80326
1753461176573,16:32:56.573,ALGO/USDT:USDT,0.2577,13887.7,0.2578,13629.8,0.2582,80209526.0,20937361.80326
1753461176907,16:32:56.907,ALGO/USDT:USDT,0.2577,15794.3,0.2578,13629.8,0.2582,80209526.0,20937361.80326
1753461177216,16:32:57.216,ALGO/USDT:USDT,0.2577,16781.9,0.2578,4262.1,0.2582,80209526.0,20937361.80326
1753461177528,16:32:57.528,ALGO/USDT:USDT,0.2577,16781.9,0.2578,4262.1,0.2582,80209526.0,20937361.80326
1753461177979,16:32:57.979,ALGO/USDT:USDT,0.2577,16781.9,0.2579,12455.9,0.2582,80209526.0,20937361.80326
1753461178404,16:32:58.404,ALGO/USDT:USDT,0.2576,31087.5,0.2578,25488.0,0.2582,80209526.0,20937361.80326
1753461178721,16:32:58.721,ALGO/USDT:USDT,0.2576,17500.0,0.2578,17967.1,0.2582,80209526.0,20937361.80326
1753461179033,16:32:59.033,ALGO/USDT:USDT,0.2576,12733.5,0.2577,16333.8,0.2582,80209526.0,20937361.80326
1753461179385,16:32:59.385,ALGO/USDT:USDT,0.2576,12733.5,0.2577,16333.8,0.2582,80209526.0,20937361.80326
1753461180020,16:33:00.020,ALGO/USDT:USDT,0.2576,12733.5,0.2577,16333.8,0.2582,80209526.0,20937361.80326
1753461180486,16:33:00.486,ALGO/USDT:USDT,0.2576,12733.5,0.2577,15536.4,0.2582,80174394.0,20928053.54212
1753461181083,16:33:01.083,ALGO/USDT:USDT,0.2576,12733.5,0.2577,15536.4,0.2582,80209526.0,20937361.80326
1753461181407,16:33:01.407,ALGO/USDT:USDT,0.2574,3899.0,0.2575,13629.8,0.2582,80174394.0,20928053.54212
1753461181801,16:33:01.801,ALGO/USDT:USDT,0.2574,5805.6,0.2575,4262.1,0.2582,80174394.0,20928053.54212
1753461182177,16:33:02.177,ALGO/USDT:USDT,0.2574,3899.0,0.2575,14262.1,0.2582,80174394.0,20928053.54212
1753461182566,16:33:02.566,ALGO/USDT:USDT,0.2573,7052.9,0.2574,13629.8,0.2582,80174394.0,20928053.54212
1753461182896,16:33:02.896,ALGO/USDT:USDT,0.2573,5146.3,0.2574,23629.8,0.2582,80174394.0,20928053.54212
1753461183371,16:33:03.371,ALGO/USDT:USDT,0.2573,797.4,0.2574,28090.0,0.2582,80209526.0,20937361.80326
1753461184094,16:33:04.094,ALGO/USDT:USDT,0.2573,797.4,0.2574,28090.0,0.2582,80209526.0,20937361.80326
1753461184775,16:33:04.775,ALGO/USDT:USDT,0.2574,6299.9,0.2575,11837.6,0.2582,80174394.0,20928053.54212
1753461185857,16:33:05.857,ALGO/USDT:USDT,0.2574,797.4,0.2575,19294.0,0.2582,80174394.0,20928053.54212
1753461186586,16:33:06.586,ALGO/USDT:USDT,0.2573,13494.0,0.2575,29294.0,0.2582,80174394.0,20928053.54212
1753461187487,16:33:07.487,ALGO/USDT:USDT,0.2574,6329.0,0.2575,19294.0,0.2582,80174394.0,20928053.54212
1753461187814,16:33:07.814,ALGO/USDT:USDT,0.2573,13494.0,0.2575,29294.0,0.2582,80174394.0,20928053.54212
1753461188300,16:33:08.300,ALGO/USDT:USDT,0.2573,3494.0,0.2574,14456.3,0.2582,80174394.0,20928053.54212
1753461188908,16:33:08.908,ALGO/USDT:USDT,0.2573,7842.3,0.2574,14456.3,0.2582,80174394.0,20928053.54212
1753461189235,16:33:09.235,ALGO/USDT:USDT,0.2573,18829.9,0.2575,19926.3,0.2582,80174394.0,20928053.54212
1753461189587,16:33:09.587,ALGO/USDT:USDT,0.2573,18829.9,0.2575,19926.3,0.2582,80174394.0,20928053.54212
1753461189908,16:33:09.908,ALGO/USDT:USDT,0.2573,18829.9,0.2575,19926.3,0.2582,80174394.0,20928053.54212
1753461190237,16:33:10.237,ALGO/USDT:USDT,0.2573,826.5,0.2574,16362.9,0.2582,80174394.0,20928053.54212
1753461190627,16:33:10.627,ALGO/USDT:USDT,0.2572,32061.0,0.2574,17999.1,0.2582,80174394.0,20928053.54212
1753461191019,16:33:11.019,ALGO/USDT:USDT,0.2572,32061.0,0.2574,17999.1,0.2582,80174394.0,20928053.54212
1753461191735,16:33:11.735,ALGO/USDT:USDT,0.2572,821.7,0.2573,17382.3,0.2582,80174394.0,20928053.54212
1753461192210,16:33:12.210,ALGO/USDT:USDT,0.2572,6157.6,0.2573,1906.6,0.2582,80174394.0,20928053.54212
1753461192793,16:33:12.793,ALGO/USDT:USDT,0.2572,5170.0,0.2573,27999.1,0.2582,80174394.0,20928053.54212
1753461193291,16:33:13.291,ALGO/USDT:USDT,0.2572,5170.0,0.2573,17999.1,0.2582,80174394.0,20928053.54212
1753461193700,16:33:13.700,ALGO/USDT:USDT,0.2572,5170.0,0.2573,17999.1,0.2582,80174394.0,20928053.54212
1753461194011,16:33:14.011,ALGO/USDT:USDT,0.2572,15170.0,0.2573,27999.1,0.2582,80174394.0,20928053.54212
1753461194355,16:33:14.355,ALGO/USDT:USDT,0.2572,5170.0,0.2573,17172.6,0.2582,80174394.0,20928053.54212
1753461194694,16:33:14.694,ALGO/USDT:USDT,0.2572,5170.0,0.2573,17253.6,0.2582,80174394.0,20928053.54212
1753461195010,16:33:15.010,ALGO/USDT:USDT,0.2573,11993.4,0.2574,11588.5,0.2582,80174394.0,20928053.54212
1753461195341,16:33:15.341,ALGO/USDT:USDT,0.2573,3938.5,0.2574,14456.3,0.2582,80174394.0,20928053.54212
1753461195839,16:33:15.839,ALGO/USDT:USDT,0.2572,14295.4,0.2573,13629.8,0.2582,80174394.0,20928053.54212
1753461196994,16:33:16.994,ALGO/USDT:USDT,0.2571,1616.1,0.2572,13629.8,0.2582,80174394.0,20928053.54212
1753461197401,16:33:17.401,ALGO/USDT:USDT,0.257,25554.0,0.2571,9367.7,0.2582,80174394.0,20928053.54212
1753461197723,16:33:17.723,ALGO/USDT:USDT,0.257,9068.9,0.2571,825.6,0.2582,80174394.0,20928053.54212
1753461198131,16:33:18.131,ALGO/USDT:USDT,0.2571,14348.3,0.2572,17724.9,0.2582,80174394.0,20928053.54212
1753461198910,16:33:18.910,ALGO/USDT:USDT,0.2571,5173.9,0.2572,18134.4,0.2582,80174394.0,20928053.54212
1753461199762,16:33:19.762,ALGO/USDT:USDT,0.2571,14348.3,0.2572,16362.0,0.2582,80174394.0,20928053.54212
1753461200080,16:33:20.080,ALGO/USDT:USDT,0.2571,14348.3,0.2572,16362.0,0.2582,80174394.0,20928053.54212
1753461200396,16:33:20.396,ALGO/USDT:USDT,0.2571,16254.9,0.2572,4262.1,0.2582,80174394.0,20928053.54212
1753461200767,16:33:20.767,ALGO/USDT:USDT,0.2571,17242.5,0.2572,4262.1,0.2582,80174394.0,20928053.54212
1753461201105,16:33:21.105,ALGO/USDT:USDT,0.2571,17242.5,0.2572,4262.1,0.2582,80174394.0,20928053.54212
1753461201424,16:33:21.424,ALGO/USDT:USDT,0.2572,825.6,0.2573,20145.8,0.2582,80174394.0,20928053.54212
1753461201742,16:33:21.742,ALGO/USDT:USDT,0.2572,16161.5,0.2573,1906.6,0.2582,80174394.0,20928053.54212
1753461202097,16:33:22.097,ALGO/USDT:USDT,0.2572,2732.2,0.2573,12099.9,0.2582,80174394.0,20928053.54212
1753461202424,16:33:22.424,ALGO/USDT:USDT,0.2572,2732.2,0.2573,12099.9,0.2582,80174394.0,20928053.54212
1753461202737,16:33:22.737,ALGO/USDT:USDT,0.2572,17080.5,0.2573,14455.4,0.2582,80174394.0,20928053.54212
1753461203133,16:33:23.133,ALGO/USDT:USDT,0.2572,17080.5,0.2573,14455.4,0.2582,80174394.0,20928053.54212
1753461203503,16:33:23.503,ALGO/USDT:USDT,0.2572,4348.3,0.2573,14455.4,0.2582,80174394.0,20928053.54212
1753461203814,16:33:23.814,ALGO/USDT:USDT,0.2572,4348.3,0.2573,14455.4,0.2582,80174394.0,20928053.54212
1753461204131,16:33:24.131,ALGO/USDT:USDT,0.2572,1731.3,0.2573,18630.5,0.2582,80174394.0,20928053.54212
1753461204557,16:33:24.557,ALGO/USDT:USDT,0.2571,13630.8,0.2572,14455.4,0.2582,80174394.0,20928053.54212
1753461204884,16:33:24.884,ALGO/USDT:USDT,0.2571,11724.2,0.2572,14455.4,0.2582,80174394.0,20928053.54212
1753461205197,16:33:25.197,ALGO/USDT:USDT,0.2571,13630.8,0.2573,21879.2,0.2582,80174394.0,20928053.54212
1753461205588,16:33:25.588,ALGO/USDT:USDT,0.2572,17282.3,0.2573,4262.1,0.2582,80174394.0,20928053.54212
1753461205959,16:33:25.959,ALGO/USDT:USDT,0.2572,17282.3,0.2573,4262.1,0.2582,80174394.0,20928053.54212
1753461206271,16:33:26.271,ALGO/USDT:USDT,0.2572,18960.4,0.2573,4262.1,0.2582,80174394.0,20928053.54212
1753461206585,16:33:26.585,ALGO/USDT:USDT,0.2573,15502.5,0.2574,9183.7,0.2582,80174394.0,20928053.54212
1753461206935,16:33:26.935,ALGO/USDT:USDT,0.2573,5140.5,0.2574,18162.7,0.2582,80174394.0,20928053.54212
1753461207264,16:33:27.264,ALGO/USDT:USDT,0.2572,34713.5,0.2574,18162.7,0.2582,80174394.0,20928053.54212
1753461207573,16:33:27.573,ALGO/USDT:USDT,0.2572,34713.5,0.2574,18162.7,0.2582,80174394.0,20928053.54212
1753461207966,16:33:27.966,ALGO/USDT:USDT,0.2572,19378.6,0.2574,19183.7,0.2582,80174394.0,20928053.54212
1753461208333,16:33:28.333,ALGO/USDT:USDT,0.2572,30865.5,0.2574,16362.9,0.2582,80174394.0,20928053.54212
1753461208648,16:33:28.648,ALGO/USDT:USDT,0.2573,17740.9,0.2575,24231.2,0.2582,80174394.0,20928053.54212
1753461208966,16:33:28.966,ALGO/USDT:USDT,0.2573,17740.9,0.2575,24231.2,0.2582,80174394.0,20928053.54212
1753461209309,16:33:29.309,ALGO/USDT:USDT,0.2574,13417.7,0.2575,6168.7,0.2582,80174394.0,20928053.54212
1753461209969,16:33:29.969,ALGO/USDT:USDT,0.2574,12430.1,0.2575,1906.6,0.2582,80174394.0,20928053.54212
1753461210287,16:33:30.287,ALGO/USDT:USDT,0.2574,13417.7,0.2575,1906.6,0.2582,80174394.0,20928053.54212
1753461210625,16:33:30.625,ALGO/USDT:USDT,0.2574,13417.7,0.2575,1906.6,0.2582,80174394.0,20928053.54212
1753461210982,16:33:30.982,ALGO/USDT:USDT,0.2574,13417.7,0.2575,1906.6,0.2582,80174394.0,20928053.54212
1753461211304,16:33:31.304,ALGO/USDT:USDT,0.2574,2523.5,0.2575,15536.4,0.2582,80174394.0,20928053.54212
1753461211720,16:33:31.720,ALGO/USDT:USDT,0.2574,6871.8,0.2575,25536.4,0.2582,80174394.0,20928053.54212
1753461212156,16:33:32.156,ALGO/USDT:USDT,0.2573,15299.2,0.2575,28090.0,0.2582,80174394.0,20928053.54212
1753461212808,16:33:32.808,ALGO/USDT:USDT,0.2573,15299.2,0.2575,21970.7,0.2582,80174394.0,20928053.54212
1753461213144,16:33:33.144,ALGO/USDT:USDT,0.2574,12934.0,0.2575,6168.7,0.2582,80174394.0,20928053.54212
1753461213526,16:33:33.526,ALGO/USDT:USDT,0.2574,12934.0,0.2575,1906.6,0.2582,80174394.0,20928053.54212
1753461213852,16:33:33.852,ALGO/USDT:USDT,0.2574,12934.0,0.2575,1906.6,0.2582,80174394.0,20928053.54212
1753461214165,16:33:34.165,ALGO/USDT:USDT,0.2574,15337.0,0.2575,792.2,0.2582,80174394.0,20928053.54212
1753461214509,16:33:34.509,ALGO/USDT:USDT,0.2574,15337.0,0.2575,6168.7,0.2582,80174394.0,20928053.54212
1753461214840,16:33:34.840,ALGO/USDT:USDT,0.2573,31584.3,0.2575,21107.3,0.2582,80174394.0,20928053.54212
1753461215160,16:33:35.160,ALGO/USDT:USDT,0.2573,31579.4,0.2575,21107.3,0.2582,80174394.0,20928053.54212
1753461215477,16:33:35.477,ALGO/USDT:USDT,0.2573,12405.0,0.2574,12066.5,0.2582,80174394.0,20928053.54212
1753461216082,16:33:36.082,ALGO/USDT:USDT,0.2573,15299.2,0.2575,21739.6,0.2582,80174394.0,20928053.54212
1753461216833,16:33:36.833,ALGO/USDT:USDT,0.2574,797.7,0.2575,31107.3,0.2582,80174394.0,20928053.54212
1753461217614,16:33:37.614,ALGO/USDT:USDT,0.2574,797.7,0.2575,31107.3,0.2582,80174394.0,20928053.54212
1753461217934,16:33:37.934,ALGO/USDT:USDT,0.2574,19844.2,0.2576,22174.6,0.2582,80174394.0,20928053.54212
1753461218323,16:33:38.323,ALGO/USDT:USDT,0.2574,5146.0,0.2575,17270.8,0.2582,80174394.0,20928053.54212
1753461218653,16:33:38.653,ALGO/USDT:USDT,0.2574,5146.0,0.2575,17270.8,0.2582,80174394.0,20928053.54212
1753461218984,16:33:38.984,ALGO/USDT:USDT,0.2575,16877.3,0.2576,17457.6,0.2582,80174394.0,20928053.54212
1753461219371,16:33:39.371,ALGO/USDT:USDT,0.2575,6079.6,0.2576,17069.2,0.2582,80174394.0,20928053.54212
1753461219722,16:33:39.722,ALGO/USDT:USDT,0.2574,31278.8,0.2576,27069.2,0.2582,80174394.0,20928053.54212
1753461220041,16:33:40.041,ALGO/USDT:USDT,0.2574,31278.8,0.2576,27069.2,0.2582,80174394.0,20928053.54212
1753461220406,16:33:40.406,ALGO/USDT:USDT,0.2574,14794.3,0.2575,13629.8,0.2582,80174394.0,20928053.54212
1753461221167,16:33:41.167,ALGO/USDT:USDT,0.2574,14794.3,0.2575,13629.8,0.2582,80174394.0,20928053.54212
1753461222124,16:33:42.124,ALGO/USDT:USDT,0.2575,5502.5,0.2576,17701.5,0.2582,80174394.0,20928053.54212
1753461222481,16:33:42.481,ALGO/USDT:USDT,0.2574,31283.6,0.2576,17701.5,0.2582,80174394.0,20928053.54212
1753461222796,16:33:42.796,ALGO/USDT:USDT,0.2574,12887.7,0.2575,11274.3,0.2582,80174394.0,20928053.54212
1753461223157,16:33:43.157,ALGO/USDT:USDT,0.2574,14794.3,0.2575,16334.1,0.2582,80174394.0,20928053.54212
1753461223529,16:33:43.529,ALGO/USDT:USDT,0.2574,18641.8,0.2576,18089.9,0.2582,80174394.0,20928053.54212
1753461223847,16:33:43.847,ALGO/USDT:USDT,0.2574,18641.8,0.2576,18089.9,0.2582,80174394.0,20928053.54212
1753461224159,16:33:44.159,ALGO/USDT:USDT,0.2574,12887.7,0.2575,14427.5,0.2582,80174394.0,20928053.54212
1753461224613,16:33:44.613,ALGO/USDT:USDT,0.2573,30800.9,0.2575,24427.5,0.2582,80174394.0,20928053.54212
1753461225304,16:33:45.304,ALGO/USDT:USDT,0.2574,5146.0,0.2575,16840.0,0.2582,80174394.0,20928053.54212
1753461225776,16:33:45.776,ALGO/USDT:USDT,0.2574,5146.0,0.2575,16840.0,0.2582,80174394.0,20928053.54212
1753461226269,16:33:46.269,ALGO/USDT:USDT,0.2574,8040.2,0.2575,14427.5,0.2582,80174394.0,20928053.54212
1753461226625,16:33:46.625,ALGO/USDT:USDT,0.2573,31599.1,0.2575,27776.8,0.2582,80174394.0,20928053.54212
1753461227032,16:33:47.032,ALGO/USDT:USDT,0.2573,16089.2,0.2575,18409.1,0.2582,80174394.0,20928053.54212
1753461227363,16:33:47.363,ALGO/USDT:USDT,0.2574,18068.0,0.2575,5059.8,0.2582,80174394.0,20928053.54212
1753461227682,16:33:47.682,ALGO/USDT:USDT,0.2573,31601.5,0.2574,9367.7,0.2582,80174394.0,20928053.54212
1753461228113,16:33:48.113,ALGO/USDT:USDT,0.2573,15101.6,0.2574,13629.8,0.2582,80174394.0,20928053.54212
1753461228473,16:33:48.473,ALGO/USDT:USDT,0.2573,15101.6,0.2574,13629.8,0.2582,80174394.0,20928053.54212
1753461228798,16:33:48.798,ALGO/USDT:USDT,0.2573,16089.2,0.2574,13629.8,0.2582,80174394.0,20928053.54212
1753461229129,16:33:49.129,ALGO/USDT:USDT,0.2573,1612.8,0.2574,13629.8,0.2582,80174394.0,20928053.54212
1753461229609,16:33:49.609,ALGO/USDT:USDT,0.2573,18693.2,0.2574,13629.8,0.2582,80174394.0,20928053.54212
1753461230462,16:33:50.462,ALGO/USDT:USDT,0.2574,6328.0,0.2575,28253.5,0.2582,80174394.0,20928053.54212
1753461230802,16:33:50.802,ALGO/USDT:USDT,0.2574,6328.0,0.2575,18253.5,0.2582,80174394.0,20928053.54212
1753461231118,16:33:51.118,ALGO/USDT:USDT,0.2574,7315.6,0.2576,22557.2,0.2582,80174394.0,20928053.54212
1753461231442,16:33:51.442,ALGO/USDT:USDT,0.2574,7315.6,0.2576,22557.2,0.2582,80174394.0,20928053.54212
1753461231803,16:33:51.803,ALGO/USDT:USDT,0.2574,19953.7,0.2576,22168.7,0.2582,80174394.0,20928053.54212
1753461232138,16:33:52.138,ALGO/USDT:USDT,0.2574,19953.7,0.2576,22168.7,0.2582,80174394.0,20928053.54212
1753461232814,16:33:52.814,ALGO/USDT:USDT,0.2574,8966.1,0.2575,9367.7,0.2582,80174394.0,20928053.54212
1753461233186,16:33:53.186,ALGO/USDT:USDT,0.2573,4344.9,0.2574,9367.7,0.2582,80174394.0,20928053.54212
1753461233505,16:33:53.505,ALGO/USDT:USDT,0.2573,1612.8,0.2574,24455.3,0.2582,80174394.0,20928053.54212
1753461233866,16:33:53.866,ALGO/USDT:USDT,0.2572,8240.2,0.2573,24455.3,0.2582,80174394.0,20928053.54212
1753461234672,16:33:54.672,ALGO/USDT:USDT,0.2571,2540.4,0.2572,22340.0,0.2572,80174394.0,20928053.54212
1753461235331,16:33:55.331,ALGO/USDT:USDT,0.2569,4348.3,0.257,26361.9,0.257,80174394.0,20928053.54212
1753461235909,16:33:55.909,ALGO/USDT:USDT,0.2568,33515.7,0.2569,9367.7,0.257,80186422.2,20931146.68708
1753461236228,16:33:56.228,ALGO/USDT:USDT,0.2568,4277.0,0.2569,13629.8,0.257,80186422.2,20931146.68708
1753461236550,16:33:56.550,ALGO/USDT:USDT,0.2567,21626.6,0.2568,21274.3,0.2568,80186422.2,20931146.68708
1753461236934,16:33:56.934,ALGO/USDT:USDT,0.2567,14.9,0.2568,15536.4,0.2568,80186436.2,20931150.28508
1753461237277,16:33:57.277,ALGO/USDT:USDT,0.2567,14.9,0.2568,15536.4,0.2568,80186436.2,20931150.28508
1753461237597,16:33:57.597,ALGO/USDT:USDT,0.2567,19779.5,0.2568,13629.8,0.2568,80186436.2,20931150.28508
1753461238099,16:33:58.099,ALGO/USDT:USDT,0.2567,14.9,0.2568,17090.0,0.2568,80186466.0,20931157.93772
1753461238467,16:33:58.467,ALGO/USDT:USDT,0.2567,14.9,0.2568,17090.0,0.2568,80186466.0,20931157.93772
1753461238782,16:33:58.782,ALGO/USDT:USDT,0.2567,14.9,0.2568,27090.0,0.2568,80186466.0,20931157.93772
1753461239102,16:33:59.102,ALGO/USDT:USDT,0.2567,14.9,0.2568,27090.0,0.2568,80186466.0,20931157.93772
1753461239456,16:33:59.456,ALGO/USDT:USDT,0.2567,14.9,0.2568,27090.0,0.2568,80186466.0,20931157.93772
1753461240107,16:34:00.107,ALGO/USDT:USDT,0.2566,7347.1,0.2567,15536.4,0.2567,80186466.0,20931157.93772
1753461240599,16:34:00.599,ALGO/USDT:USDT,0.2566,26586.4,0.2568,11520.1,0.2567,80153707.4,20922286.8184
1753461241613,16:34:01.613,ALGO/USDT:USDT,0.2566,17506.9,0.2567,10083.3,0.2567,80174394.0,20928053.54212
1753461242443,16:34:02.443,ALGO/USDT:USDT,0.2567,16348.7,0.2568,6960.8,0.2567,80153707.4,20922286.8184
1753461242773,16:34:02.773,ALGO/USDT:USDT,0.2566,17506.9,0.2567,17384.6,0.2567,80153707.4,20922286.8184
1753461243166,16:34:03.166,ALGO/USDT:USDT,0.2566,17506.9,0.2567,7384.6,0.2567,80186436.2,20931150.28508
1753461243947,16:34:03.947,ALGO/USDT:USDT,0.2567,19924.4,0.2568,10083.3,0.2567,80153707.4,20922286.8184
1753461244917,16:34:04.917,ALGO/USDT:USDT,0.2566,17506.9,0.2567,4262.1,0.2567,80153707.4,20922286.8184
1753461245251,16:34:05.251,ALGO/USDT:USDT,0.2566,17506.9,0.2567,4262.1,0.2567,80153707.4,20922286.8184
1753461245572,16:34:05.572,ALGO/USDT:USDT,0.2566,16714.8,0.2567,9291.2,0.2567,80153707.4,20922286.8184
1753461246006,16:34:06.006,ALGO/USDT:USDT,0.2567,19132.3,0.2568,9216.5,0.2567,80153707.4,20922286.8184
1753461246355,16:34:06.355,ALGO/USDT:USDT,0.2567,19132.3,0.2568,12339.0,0.2567,80153707.4,20922286.8184
1753461246673,16:34:06.673,ALGO/USDT:USDT,0.2567,10752.2,0.2568,10083.3,0.2567,80153707.4,20922286.8184
1753461246998,16:34:06.998,ALGO/USDT:USDT,0.2567,4348.3,0.2568,11636.9,0.2567,80153707.4,20922286.8184
1753461247340,16:34:07.340,ALGO/USDT:USDT,0.2567,4348.3,0.2568,21636.9,0.2567,80153707.4,20922286.8184
1753461247659,16:34:07.659,ALGO/USDT:USDT,0.2567,9598.0,0.2568,10083.3,0.2567,80153707.4,20922286.8184
1753461247976,16:34:07.976,ALGO/USDT:USDT,0.2567,8610.4,0.2568,11636.9,0.2567,80153707.4,20922286.8184
1753461248362,16:34:08.362,ALGO/USDT:USDT,0.2566,20435.7,0.2567,8610.4,0.2567,80153707.4,20922286.8184
1753461248804,16:34:08.804,ALGO/USDT:USDT,0.2566,8150.6,0.2567,4262.1,0.2567,80186466.0,20931157.93772
1753461249403,16:34:09.403,ALGO/USDT:USDT,0.2566,27518.3,0.2567,1906.6,0.2567,80153707.4,20922286.8184
1753461249740,16:34:09.740,ALGO/USDT:USDT,0.2566,27518.3,0.2567,6168.7,0.2567,80153707.4,20922286.8184
1753461250066,16:34:10.066,ALGO/USDT:USDT,0.2566,27518.3,0.2567,6168.7,0.2567,80153707.4,20922286.8184
1753461250881,16:34:10.881,ALGO/USDT:USDT,0.2566,16714.8,0.2567,10094.7,0.2567,80153707.4,20922286.8184
1753461251695,16:34:11.695,ALGO/USDT:USDT,0.2566,16714.8,0.2567,10094.7,0.2567,80153707.4,20922286.8184
1753461252887,16:34:12.887,ALGO/USDT:USDT,0.2566,16714.8,0.2567,10094.7,0.2567,80153707.4,20922286.8184
1753461253322,16:34:13.322,ALGO/USDT:USDT,0.2566,26714.8,0.2567,20094.7,0.2567,80153707.4,20922286.8184
1753461254415,16:34:14.415,ALGO/USDT:USDT,0.2566,16714.8,0.2567,19291.2,0.2567,80153707.4,20922286.8184
1753461254774,16:34:14.774,ALGO/USDT:USDT,0.2566,12452.7,0.2567,19291.2,0.2567,80153707.4,20922286.8184
1753461255089,16:34:15.089,ALGO/USDT:USDT,0.2566,12452.7,0.2567,19291.2,0.2567,80153707.4,20922286.8184
1753461255407,16:34:15.407,ALGO/USDT:USDT,0.2565,16362.7,0.2566,8188.1,0.2567,80153707.4,20922286.8184
1753461255898,16:34:15.898,ALGO/USDT:USDT,0.2565,16362.7,0.2566,8188.1,0.2567,80153707.4,20922286.8184
1753461256672,16:34:16.672,ALGO/USDT:USDT,0.2565,16362.7,0.2566,812.0,0.2567,80153707.4,20922286.8184
1753461257128,16:34:17.128,ALGO/USDT:USDT,0.2564,14456.1,0.2565,3122.5,0.2567,80153707.4,20922286.8184
1753461257572,16:34:17.572,ALGO/USDT:USDT,0.2564,14456.1,0.2566,17991.0,0.2567,80153707.4,20922286.8184
1753461258208,16:34:18.208,ALGO/USDT:USDT,0.2566,16259.3,0.2567,6168.7,0.2565,80153707.4,20922286.8184
1753461258718,16:34:18.718,ALGO/USDT:USDT,0.2567,26811.2,0.2568,6168.7,0.2565,80153707.4,20922286.8184
1753461259668,16:34:19.668,ALGO/USDT:USDT,0.2567,16092.6,0.2568,10103.2,0.2565,80153707.4,20922286.8184
1753461260047,16:34:20.047,ALGO/USDT:USDT,0.2567,16092.6,0.2568,10103.2,0.2565,80153921.0,20922341.6068
1753461260385,16:34:20.385,ALGO/USDT:USDT,0.2566,17799.0,0.2567,9291.2,0.2565,80153921.0,20922341.6068
1753461260842,16:34:20.842,ALGO/USDT:USDT,0.2566,17799.0,0.2567,9291.2,0.2565,80153707.4,20922286.8184
1753461261375,16:34:21.375,ALGO/USDT:USDT,0.2566,17055.3,0.2567,9291.2,0.2565,80153921.0,20922341.6068
1753461262185,16:34:22.185,ALGO/USDT:USDT,0.2567,13629.8,0.2568,21113.5,0.2565,80153921.0,20922341.6068
1753461262565,16:34:22.565,ALGO/USDT:USDT,0.2567,13629.8,0.2568,21113.5,0.2565,80153921.0,20922341.6068
1753461262887,16:34:22.887,ALGO/USDT:USDT,0.2567,14617.4,0.2568,10103.2,0.2565,80153921.0,20922341.6068
1753461263251,16:34:23.251,ALGO/USDT:USDT,0.2567,24617.4,0.2568,4262.1,0.2565,80153921.0,20922341.6068
1753461263625,16:34:23.625,ALGO/USDT:USDT,0.2567,26524.0,0.2568,4262.1,0.2565,80153921.0,20922341.6068
1753461263937,16:34:23.937,ALGO/USDT:USDT,0.2567,26524.0,0.2568,4262.1,0.2565,80153921.0,20922341.6068
1753461264245,16:34:24.245,ALGO/USDT:USDT,0.2567,26524.0,0.2568,4262.1,0.2565,80153921.0,20922341.6068
1753461264623,16:34:24.623,ALGO/USDT:USDT,0.2567,26524.0,0.2568,4262.1,0.2565,80153707.4,20922286.8184
1753461265222,16:34:25.222,ALGO/USDT:USDT,0.2567,26524.0,0.2569,21565.6,0.2565,80153921.0,20922341.6068
1753461265536,16:34:25.536,ALGO/USDT:USDT,0.2568,5502.5,0.2569,25037.7,0.2565,80153921.0,20922341.6068
1753461266043,16:34:26.043,ALGO/USDT:USDT,0.2567,26282.2,0.2568,7384.6,0.2565,80153707.4,20922286.8184
1753461266734,16:34:26.734,ALGO/USDT:USDT,0.2567,29176.4,0.2568,4262.1,0.2565,80153921.0,20922341.6068
1753461267177,16:34:27.177,ALGO/USDT:USDT,0.2568,5502.5,0.2569,12943.2,0.2565,80153921.0,20922341.6068
1753461267731,16:34:27.731,ALGO/USDT:USDT,0.2568,9764.6,0.2569,12943.2,0.2565,80153921.0,20922341.6068
1753461268098,16:34:28.098,ALGO/USDT:USDT,0.2568,20752.2,0.2569,10083.3,0.2565,80153921.0,20922341.6068
1753461268496,16:34:28.496,ALGO/USDT:USDT,0.2568,9764.6,0.2569,10083.3,0.2565,80153921.0,20922341.6068
1753461269129,16:34:29.129,ALGO/USDT:USDT,0.2568,11776.5,0.2569,19291.2,0.2565,80153921.0,20922341.6068
1753461269512,16:34:29.512,ALGO/USDT:USDT,0.2568,8085.9,0.2569,9291.2,0.2565,80153921.0,20922341.6068
1753461269845,16:34:29.845,ALGO/USDT:USDT,0.2568,8085.9,0.2569,9291.2,0.2565,80153921.0,20922341.6068
1753461270157,16:34:30.157,ALGO/USDT:USDT,0.2568,27453.6,0.2569,19291.2,0.2565,80153921.0,20922341.6068
1753461270528,16:34:30.528,ALGO/USDT:USDT,0.2567,16282.2,0.2568,7384.6,0.2565,80153921.0,20922341.6068
1753461271527,16:34:31.527,ALGO/USDT:USDT,0.2567,7738.8,0.2568,20115.5,0.2565,80153921.0,20922341.6068
1753461271874,16:34:31.874,ALGO/USDT:USDT,0.2567,28094.1,0.2568,6168.7,0.2565,80153921.0,20922341.6068
1753461272286,16:34:32.286,ALGO/USDT:USDT,0.2567,28094.1,0.2568,6168.7,0.2565,80153921.0,20922341.6068
1753461272631,16:34:32.631,ALGO/USDT:USDT,0.2567,28094.1,0.2568,6168.7,0.2565,80153921.0,20922341.6068
1753461273354,16:34:33.354,ALGO/USDT:USDT,0.2568,731.5,0.2569,22975.4,0.2565,80153921.0,20922341.6068
1753461273734,16:34:33.734,ALGO/USDT:USDT,0.2568,731.5,0.2569,22975.4,0.2565,80153921.0,20922341.6068
1753461274051,16:34:34.051,ALGO/USDT:USDT,0.2568,731.5,0.2569,22975.4,0.2565,80153921.0,20922341.6068
1753461274381,16:34:34.381,ALGO/USDT:USDT,0.2567,18802.4,0.2568,11669.1,0.2565,80153921.0,20922341.6068
1753461274826,16:34:34.826,ALGO/USDT:USDT,0.2568,17902.3,0.2569,2296.0,0.2565,80153921.0,20922341.6068
1753461275420,16:34:35.420,ALGO/USDT:USDT,0.2568,21521.3,0.2569,9291.2,0.2565,80153921.0,20922341.6068
1753461276156,16:34:36.156,ALGO/USDT:USDT,0.2569,17899.4,0.257,1906.6,0.2565,80153921.0,20922341.6068
1753461276480,16:34:36.480,ALGO/USDT:USDT,0.257,29963.4,0.2571,9028.6,0.2565,80153921.0,20922341.6068
1753461276795,16:34:36.795,ALGO/USDT:USDT,0.257,30951.0,0.2571,1906.6,0.2565,80153921.0,20922341.6068
1753461277135,16:34:37.135,ALGO/USDT:USDT,0.257,19963.4,0.2571,22982.2,0.2565,80153921.0,20922341.6068
1753461277547,16:34:37.547,ALGO/USDT:USDT,0.257,5502.5,0.2571,22982.2,0.2565,80153921.0,20922341.6068
1753461277854,16:34:37.854,ALGO/USDT:USDT,0.257,5502.5,0.2571,22982.2,0.2565,80153921.0,20922341.6068
1753461278164,16:34:38.164,ALGO/USDT:USDT,0.257,731.5,0.2571,22982.2,0.2565,80153921.0,20922341.6068
1753461278535,16:34:38.535,ALGO/USDT:USDT,0.257,731.5,0.2571,22982.2,0.2565,80153921.0,20922341.6068
1753461278908,16:34:38.908,ALGO/USDT:USDT,0.257,731.5,0.2571,22982.2,0.2565,80153921.0,20922341.6068
1753461279228,16:34:39.228,ALGO/USDT:USDT,0.257,731.5,0.2571,22982.2,0.2565,80153921.0,20922341.6068
1753461279892,16:34:39.892,ALGO/USDT:USDT,0.2569,5993.4,0.257,21220.3,0.257,80153921.0,20922341.6068
1753461280266,16:34:40.266,ALGO/USDT:USDT,0.2569,5993.4,0.257,21220.3,0.257,80153921.0,20922341.6068
1753461280575,16:34:40.575,ALGO/USDT:USDT,0.2569,5993.4,0.257,21220.3,0.257,80155384.0,20922717.5978
1753461281252,16:34:41.252,ALGO/USDT:USDT,0.2568,21435.2,0.257,21220.3,0.257,80155384.0,20922717.5978
1753461281589,16:34:41.589,ALGO/USDT:USDT,0.2568,16606.2,0.2569,10122.3,0.257,80155384.0,20922717.5978
1753461281915,16:34:41.915,ALGO/USDT:USDT,0.2568,16606.2,0.2569,10122.3,0.257,80155384.0,20922717.5978
1753461282234,16:34:42.234,ALGO/USDT:USDT,0.2568,4262.1,0.2569,10122.3,0.257,80155384.0,20922717.5978
1753461282637,16:34:42.637,ALGO/USDT:USDT,0.2568,14460.9,0.2569,5815.7,0.257,80155384.0,20922717.5978
1753461282950,16:34:42.950,ALGO/USDT:USDT,0.2568,14460.9,0.2569,5815.7,0.257,80155384.0,20922717.5978
1753461283268,16:34:43.268,ALGO/USDT:USDT,0.2568,16906.9,0.2569,6168.7,0.257,80155384.0,20922717.5978
1753461283617,16:34:43.617,ALGO/USDT:USDT,0.2568,17894.5,0.2569,6168.7,0.257,80155384.0,20922717.5978
1753461283954,16:34:43.954,ALGO/USDT:USDT,0.2568,27894.5,0.2569,6168.7,0.257,80155384.0,20922717.5978
1753461284271,16:34:44.271,ALGO/USDT:USDT,0.2569,9764.6,0.257,18097.8,0.257,80155384.0,20922717.5978
1753461284586,16:34:44.586,ALGO/USDT:USDT,0.2569,5502.5,0.257,18097.8,0.257,80155384.0,20922717.5978
1753461284952,16:34:44.952,ALGO/USDT:USDT,0.2569,9764.6,0.257,18097.8,0.257,80155384.0,20922717.5978
1753461285694,16:34:45.694,ALGO/USDT:USDT,0.2569,4262.1,0.257,18097.8,0.257,80155384.0,20922717.5978
1753461286543,16:34:46.543,ALGO/USDT:USDT,0.2569,5064.9,0.257,11220.3,0.257,80155384.0,20922717.5978
1753461286875,16:34:46.875,ALGO/USDT:USDT,0.2568,33476.8,0.2569,3122.5,0.257,80155384.0,20922717.5978
1753461287203,16:34:47.203,ALGO/USDT:USDT,0.2568,16906.9,0.2569,20094.0,0.257,80155384.0,20922717.5978
1753461287601,16:34:47.601,ALGO/USDT:USDT,0.2568,16906.9,0.2569,20094.0,0.257,80155384.0,20922717.5978
1753461287918,16:34:47.918,ALGO/USDT:USDT,0.2568,16906.9,0.2569,20094.0,0.257,80155384.0,20922717.5978
1753461288234,16:34:48.234,ALGO/USDT:USDT,0.2568,16906.9,0.2569,20094.0,0.257,80155384.0,20922717.5978
1753461288647,16:34:48.647,ALGO/USDT:USDT,0.2568,17894.5,0.257,18900.6,0.257,80155384.0,20922717.5978
1753461289017,16:34:49.017,ALGO/USDT:USDT,0.2569,5416.3,0.257,18900.6,0.257,80155384.0,20922717.5978
1753461289357,16:34:49.357,ALGO/USDT:USDT,0.2569,5416.3,0.257,18900.6,0.257,80155384.0,20922717.5978
1753461289958,16:34:49.958,ALGO/USDT:USDT,0.2569,9764.6,0.257,18900.6,0.257,80155384.0,20922717.5978
1753461290924,16:34:50.924,ALGO/USDT:USDT,0.2568,29090.6,0.2569,3122.5,0.257,80155384.0,20922717.5978
1753461291328,16:34:51.328,ALGO/USDT:USDT,0.2568,16196.4,0.2569,20094.0,0.257,80155384.0,20922717.5978
1753461291661,16:34:51.661,ALGO/USDT:USDT,0.2568,16196.4,0.2569,20094.0,0.257,80155384.0,20922717.5978
1753461291983,16:34:51.983,ALGO/USDT:USDT,0.2568,26196.4,0.2569,20094.0,0.257,80155384.0,20922717.5978
1753461292639,16:34:52.639,ALGO/USDT:USDT,0.257,29874.9,0.2571,10831.1,0.257,80155384.0,20922717.5978
1753461292948,16:34:52.948,ALGO/USDT:USDT,0.257,29874.9,0.2571,10831.1,0.257,80155384.0,20922717.5978
1753461293269,16:34:53.269,ALGO/USDT:USDT,0.257,20107.2,0.2572,13117.0,0.257,80157768.2,20923330.17664
1753461293708,16:34:53.708,ALGO/USDT:USDT,0.257,5993.4,0.2571,21047.3,0.257,80155384.0,20922717.5978
1753461294383,16:34:54.383,ALGO/USDT:USDT,0.257,4262.1,0.2571,25058.6,0.257,80157768.2,20923330.17664
1753461294696,16:34:54.696,ALGO/USDT:USDT,0.2569,18164.7,0.257,17384.6,0.257,80157768.2,20923330.17664
1753461295055,16:34:55.055,ALGO/USDT:USDT,0.2569,16258.1,0.257,17384.6,0.257,80157768.2,20923330.17664
1753461295371,16:34:55.371,ALGO/USDT:USDT,0.2569,16258.1,0.257,17384.6,0.257,80157768.2,20923330.17664
1753461296024,16:34:56.024,ALGO/USDT:USDT,0.2569,16258.1,0.257,17384.6,0.257,80157768.2,20923330.17664
1753461296404,16:34:56.404,ALGO/USDT:USDT,0.2569,16258.1,0.257,17384.6,0.257,80157768.2,20923330.17664
1753461296789,16:34:56.789,ALGO/USDT:USDT,0.2569,16258.1,0.257,17384.6,0.257,80157768.2,20923330.17664
1753461297099,16:34:57.099,ALGO/USDT:USDT,0.2569,16258.1,0.257,17384.6,0.257,80157768.2,20923330.17664
1753461297459,16:34:57.459,ALGO/USDT:USDT,0.2569,16258.1,0.257,17384.6,0.257,80157768.2,20923330.17664
1753461297790,16:34:57.790,ALGO/USDT:USDT,0.2569,16258.1,0.257,17384.6,0.257,80157768.2,20923330.17664
1753461298111,16:34:58.111,ALGO/USDT:USDT,0.2568,19121.6,0.257,21029.6,0.257,80157768.2,20923330.17664
1753461298444,16:34:58.444,ALGO/USDT:USDT,0.2568,18326.6,0.2569,819.0,0.257,80157768.2,20923330.17664
1753461298978,16:34:58.978,ALGO/USDT:USDT,0.2568,18326.6,0.2569,819.0,0.257,80157768.2,20923330.17664
1753461299312,16:34:59.312,ALGO/USDT:USDT,0.2568,18326.6,0.2569,819.0,0.257,80157768.2,20923330.17664
1753461299629,16:34:59.629,ALGO/USDT:USDT,0.2568,6249.5,0.2569,20110.2,0.257,80157768.2,20923330.17664
1753461300370,16:35:00.370,ALGO/USDT:USDT,0.2568,6249.5,0.2569,20110.2,0.257,80157768.2,20923330.17664
1753461300693,16:35:00.693,ALGO/USDT:USDT,0.2567,17788.0,0.2569,22121.2,0.257,80157768.2,20923330.17664
1753461301122,16:35:01.122,ALGO/USDT:USDT,0.2568,28797.1,0.2569,12121.2,0.257,80157768.2,20923330.17664
1753461301625,16:35:01.625,ALGO/USDT:USDT,0.2568,31691.3,0.2569,4262.1,0.257,80112731.8,20911411.70024
1753461301982,16:35:01.982,ALGO/USDT:USDT,0.2569,9367.7,0.257,17907.1,0.257,80112731.8,20911411.70024
1753461302715,16:35:02.715,ALGO/USDT:USDT,0.2568,22475.8,0.257,17907.1,0.257,80112731.8,20911411.70024
1753461303032,16:35:03.032,ALGO/USDT:USDT,0.2568,22475.8,0.257,17907.1,0.257,80112731.8,20911411.70024
1753461303355,16:35:03.355,ALGO/USDT:USDT,0.2568,15536.4,0.2569,9576.7,0.257,80112731.8,20911411.70024
1753461303934,16:35:03.934,ALGO/USDT:USDT,0.2569,17978.1,0.257,19516.1,0.257,80112731.8,20911411.70024
1753461304287,16:35:04.287,ALGO/USDT:USDT,0.2569,17978.1,0.257,19516.1,0.257,80112731.8,20911411.70024
1753461304598,16:35:04.598,ALGO/USDT:USDT,0.2569,17978.1,0.257,19516.1,0.257,80112731.8,20911411.70024
1753461304945,16:35:04.945,ALGO/USDT:USDT,0.2569,8610.4,0.257,19516.1,0.257,80112731.8,20911411.70024
1753461305609,16:35:05.609,ALGO/USDT:USDT,0.2569,18965.7,0.257,1906.6,0.257,80112731.8,20911411.70024
1753461305941,16:35:05.941,ALGO/USDT:USDT,0.2569,30872.3,0.257,1906.6,0.257,80112731.8,20911411.70024
1753461306337,16:35:06.337,ALGO/USDT:USDT,0.2569,30872.3,0.257,1906.6,0.257,80112731.8,20911411.70024
1753461307216,16:35:07.216,ALGO/USDT:USDT,0.257,20697.0,0.2571,19831.4,0.257,80112731.8,20911411.70024
1753461307541,16:35:07.541,ALGO/USDT:USDT,0.257,5993.4,0.2571,21814.5,0.257,80112731.8,20911411.70024
1753461307910,16:35:07.910,ALGO/USDT:USDT,0.2569,9255.9,0.257,5029.1,0.257,80112731.8,20911411.70024
1753461308235,16:35:08.235,ALGO/USDT:USDT,0.2569,18623.6,0.257,20116.6,0.257,80112731.8,20911411.70024
1753461308647,16:35:08.647,ALGO/USDT:USDT,0.2569,16717.0,0.257,19291.2,0.257,80112731.8,20911411.70024
1753461309393,16:35:09.393,ALGO/USDT:USDT,0.2569,4262.1,0.257,19291.2,0.257,80112731.8,20911411.70024
1753461309710,16:35:09.710,ALGO/USDT:USDT,0.2569,4262.1,0.257,19291.2,0.257,80112731.8,20911411.70024
1753461310418,16:35:10.418,ALGO/USDT:USDT,0.2568,15249.4,0.2569,20116.6,0.257,80112731.8,20911411.70024
1753461310745,16:35:10.745,ALGO/USDT:USDT,0.2567,15682.0,0.2568,3122.5,0.257,80112731.8,20911411.70024
1753461311123,16:35:11.123,ALGO/USDT:USDT,0.2567,12724.7,0.2568,19291.2,0.257,80112731.8,20911411.70024
1753461311962,16:35:11.962,ALGO/USDT:USDT,0.2567,9993.8,0.2568,19291.2,0.257,80112731.8,20911411.70024
1753461312280,16:35:12.280,ALGO/USDT:USDT,0.2567,15536.4,0.2568,9313.7,0.257,80112731.8,20911411.70024
1753461312599,16:35:12.599,ALGO/USDT:USDT,0.2567,27349.4,0.2568,6191.2,0.257,80112731.8,20911411.70024
1753461312969,16:35:12.969,ALGO/USDT:USDT,0.2568,18179.3,0.2569,5087.5,0.257,80112731.8,20911411.70024
1753461313292,16:35:13.292,ALGO/USDT:USDT,0.2568,23429.0,0.2569,4262.1,0.257,80112731.8,20911411.70024
1753461313606,16:35:13.606,ALGO/USDT:USDT,0.2568,17978.1,0.2569,23559.6,0.257,80112731.8,20911411.70024
1753461314015,16:35:14.015,ALGO/USDT:USDT,0.2568,4262.1,0.2569,23559.6,0.257,80112731.8,20911411.70024
1753461314390,16:35:14.390,ALGO/USDT:USDT,0.2567,39318.3,0.2568,3122.5,0.257,80112731.8,20911411.70024
1753461314702,16:35:14.702,ALGO/USDT:USDT,0.2567,22725.8,0.2568,10825.4,0.257,80112731.8,20911411.70024
1753461315366,16:35:15.366,ALGO/USDT:USDT,0.2567,4262.1,0.2568,20116.6,0.257,80112731.8,20911411.70024
1753461315681,16:35:15.681,ALGO/USDT:USDT,0.2567,4262.1,0.2568,20116.6,0.257,80112731.8,20911411.70024
1753461315992,16:35:15.992,ALGO/USDT:USDT,0.2567,13629.8,0.2568,10116.6,0.257,80112731.8,20911411.70024
1753461316395,16:35:16.395,ALGO/USDT:USDT,0.2567,13629.8,0.2568,10116.6,0.257,80112731.8,20911411.70024
1753461317133,16:35:17.133,ALGO/USDT:USDT,0.2566,29298.7,0.2568,11127.4,0.257,80112731.8,20911411.70024
1753461317765,16:35:17.765,ALGO/USDT:USDT,0.2567,13629.8,0.2568,21127.4,0.257,80112731.8,20911411.70024
1753461318138,16:35:18.138,ALGO/USDT:USDT,0.2567,13629.8,0.2568,21127.4,0.257,80112731.8,20911411.70024
1753461318457,16:35:18.457,ALGO/USDT:USDT,0.2567,28802.7,0.2568,10115.8,0.257,80112731.8,20911411.70024
1753461318803,16:35:18.803,ALGO/USDT:USDT,0.2567,29790.3,0.2568,8497.3,0.257,80112731.8,20911411.70024
1753461319768,16:35:19.768,ALGO/USDT:USDT,0.2567,29790.3,0.2568,1112.7,0.257,80112731.8,20911411.70024
1753461320082,16:35:20.082,ALGO/USDT:USDT,0.2567,29790.3,0.2568,1112.7,0.257,80112731.8,20911411.70024
1753461320513,16:35:20.513,ALGO/USDT:USDT,0.2568,30115.5,0.257,18887.8,0.2568,80114957.2,20911983.18296
1753461321434,16:35:21.434,ALGO/USDT:USDT,0.2568,23629.8,0.2569,20115.8,0.2568,80112731.8,20911411.70024
1753461321869,16:35:21.869,ALGO/USDT:USDT,0.2568,17061.6,0.2569,7384.6,0.2568,80112731.8,20911411.70024
1753461322354,16:35:22.354,ALGO/USDT:USDT,0.2568,14454.4,0.2569,12889.5,0.2568,80112731.8,20911411.70024
1753461323048,16:35:23.048,ALGO/USDT:USDT,0.2568,14454.4,0.2569,11127.3,0.2568,80114957.2,20911983.18296
1753461323384,16:35:23.384,ALGO/USDT:USDT,0.2568,14454.4,0.2569,11127.3,0.2568,80114957.2,20911983.18296
1753461323695,16:35:23.695,ALGO/USDT:USDT,0.2568,24454.4,0.2569,21127.3,0.2568,80114957.2,20911983.18296
1753461324017,16:35:24.017,ALGO/USDT:USDT,0.2569,13629.8,0.257,18887.8,0.2568,80114957.2,20911983.18296
1753461324424,16:35:24.424,ALGO/USDT:USDT,0.2569,13629.8,0.257,18887.8,0.2568,80114957.2,20911983.18296
1753461325878,16:35:25.878,ALGO/USDT:USDT,0.2568,35015.2,0.257,22127.3,0.2568,80114957.2,20911983.18296
1753461326204,16:35:26.204,ALGO/USDT:USDT,0.2569,28787.6,0.257,22127.3,0.2568,80114957.2,20911983.18296
1753461326528,16:35:26.528,ALGO/USDT:USDT,0.2569,18787.6,0.257,12127.3,0.2568,80114957.2,20911983.18296
1753461326924,16:35:26.924,ALGO/USDT:USDT,0.2569,18787.6,0.257,6993.3,0.2568,80114957.2,20911983.18296
1753461327637,16:35:27.637,ALGO/USDT:USDT,0.2569,18787.6,0.257,10698.9,0.2568,80114957.2,20911983.18296
1753461327994,16:35:27.994,ALGO/USDT:USDT,0.2568,20332.5,0.257,20698.9,0.2568,80114957.2,20911983.18296
1753461328367,16:35:28.367,ALGO/USDT:USDT,0.2568,19700.2,0.257,17576.4,0.2568,80114957.2,20911983.18296
1753461328684,16:35:28.684,ALGO/USDT:USDT,0.2568,19700.2,0.257,17576.4,0.2568,80114957.2,20911983.18296
1753461328999,16:35:28.999,ALGO/USDT:USDT,0.2568,19700.2,0.257,17576.4,0.2568,80114957.2,20911983.18296
1753461329417,16:35:29.417,ALGO/USDT:USDT,0.2568,17793.6,0.2569,20100.7,0.2568,80114957.2,20911983.18296
1753461330121,16:35:30.121,ALGO/USDT:USDT,0.2568,13629.8,0.2569,20100.7,0.2568,80114957.2,20911983.18296
1753461330438,16:35:30.438,ALGO/USDT:USDT,0.2567,15682.3,0.2569,24970.6,0.2568,80114957.2,20911983.18296
1753461330806,16:35:30.806,ALGO/USDT:USDT,0.2567,12725.0,0.2568,6978.2,0.2568,80114957.2,20911983.18296
1753461331208,16:35:31.208,ALGO/USDT:USDT,0.2566,15669.7,0.2568,21110.7,0.2567,80114957.2,20911983.18296
1753461331589,16:35:31.589,ALGO/USDT:USDT,0.2566,5074.1,0.2567,21920.1,0.2567,80114957.2,20911983.18296
1753461331976,16:35:31.976,ALGO/USDT:USDT,0.2566,5074.1,0.2567,21920.1,0.2567,80114957.2,20911983.18296
1753461332424,16:35:32.424,ALGO/USDT:USDT,0.2566,17333.5,0.2568,18778.2,0.2567,80114957.2,20911983.18296
1753461333056,16:35:33.056,ALGO/USDT:USDT,0.2566,16345.9,0.2567,20100.7,0.2567,80114957.2,20911983.18296
1753461333413,16:35:33.413,ALGO/USDT:USDT,0.2565,15920.4,0.2567,22110.7,0.2567,80115141.8,20912030.56978
1753461333737,16:35:33.737,ALGO/USDT:USDT,0.2565,16348.4,0.2566,18194.1,0.2567,80115141.8,20912030.56978
1753461334066,16:35:34.066,ALGO/USDT:USDT,0.2564,22685.0,0.2566,18194.1,0.2567,80115141.8,20912030.56978
1753461334473,16:35:34.473,ALGO/USDT:USDT,0.2565,9419.9,0.2566,22110.7,0.2567,80115141.8,20912030.56978
