timestamp,time,symbol,bid,bidVolume,ask,askVolume,lastPrice,baseVolume,quoteVolume
1753460898974,16:28:18.974,AAVE/USDT:USDT,287.91,4.4,287.92,0.5,287.76,286130.2,82657735.292
1753460899307,16:28:19.307,AAVE/USDT:USDT,287.92,0.8,287.93,0.5,287.76,286130.2,82657735.292
1753460901122,16:28:21.122,AAVE/USDT:USDT,287.87,4.3,287.88,2.1,287.76,286130.2,82657735.292
1753460901763,16:28:21.763,AAVE/USDT:USDT,287.89,7.6,287.9,0.5,287.76,286130.2,82657735.292
1753460902185,16:28:22.185,AAVE/USDT:USDT,287.83,3.9,287.89,30.5,287.76,286130.2,82657735.292
1753460902556,16:28:22.556,AAVE/USDT:USDT,287.88,2.5,287.89,2.6,287.76,286130.2,82657735.292
1753460902873,16:28:22.873,AAVE/USDT:USDT,287.88,2.5,287.89,2.6,287.76,286130.2,82657735.292
1753460903231,16:28:23.231,AAVE/USDT:USDT,287.8,0.5,287.81,2.4,287.76,286130.2,82657735.292
1753460903903,16:28:23.903,AAVE/USDT:USDT,287.84,1.9,287.86,0.8,287.76,286130.2,82657735.292
1753460904913,16:28:24.913,AAVE/USDT:USDT,287.85,0.5,287.86,0.5,287.76,286130.2,82657735.292
1753460905236,16:28:25.236,AAVE/USDT:USDT,287.85,0.5,287.86,0.8,287.76,286130.2,82657735.292
1753460905572,16:28:25.572,AAVE/USDT:USDT,287.83,0.8,287.85,1.9,287.76,286130.2,82657735.292
1753460905900,16:28:25.900,AAVE/USDT:USDT,287.85,0.5,287.86,1.2,287.76,286130.2,82657735.292
1753460906223,16:28:26.223,AAVE/USDT:USDT,287.8,0.5,287.81,1.7,287.76,286130.2,82657735.292
1753460906537,16:28:26.537,AAVE/USDT:USDT,287.8,1.9,287.83,28.1,287.76,286130.2,82657735.292
1753460906974,16:28:26.974,AAVE/USDT:USDT,287.85,0.5,287.88,25.8,287.76,286130.2,82657735.292
1753460907917,16:28:27.917,AAVE/USDT:USDT,287.91,5.1,287.92,66.5,287.76,286130.2,82657735.292
1753460908546,16:28:28.546,AAVE/USDT:USDT,287.94,4.9,287.96,0.5,287.76,286130.2,82657735.292
1753460908862,16:28:28.862,AAVE/USDT:USDT,287.93,4.9,287.95,2.1,287.95,286130.2,82657735.292
1753460909235,16:28:29.235,AAVE/USDT:USDT,287.93,3.9,287.94,2.6,287.95,286130.2,82657735.292
1753460909675,16:28:29.675,AAVE/USDT:USDT,287.87,1.0,287.88,0.5,287.95,286130.2,82657735.292
1753460910042,16:28:30.042,AAVE/USDT:USDT,287.83,2.3,287.84,2.1,287.95,286130.8,82657908.062
1753460910373,16:28:30.373,AAVE/USDT:USDT,287.86,0.5,287.87,25.8,287.95,286130.8,82657908.062
1753460910746,16:28:30.746,AAVE/USDT:USDT,287.86,0.5,287.87,26.3,287.95,286130.8,82657908.062
1753460911492,16:28:31.492,AAVE/USDT:USDT,287.81,0.5,287.85,1.9,287.95,286130.8,82657908.062
1753460912359,16:28:32.359,AAVE/USDT:USDT,287.81,0.5,287.82,1.9,287.95,286130.2,82657735.292
1753460912974,16:28:32.974,AAVE/USDT:USDT,287.81,0.5,287.82,2.6,287.95,286130.8,82657908.062
1753460913340,16:28:33.340,AAVE/USDT:USDT,287.81,2.5,287.82,2.1,287.95,286130.8,82657908.062
1753460913680,16:28:33.680,AAVE/USDT:USDT,287.81,2.5,287.82,2.1,287.95,286130.8,82657908.062
1753460914005,16:28:34.005,AAVE/USDT:USDT,287.81,1.5,287.82,2.1,287.95,286130.8,82657908.062
1753460914452,16:28:34.452,AAVE/USDT:USDT,287.81,0.5,287.82,2.4,287.95,286130.8,82657908.062
1753460915026,16:28:35.026,AAVE/USDT:USDT,287.81,0.5,287.82,2.1,287.95,286130.8,82657908.062
1753460915685,16:28:35.685,AAVE/USDT:USDT,287.83,0.3,287.88,2.9,287.95,286130.8,82657908.062
1753460916021,16:28:36.021,AAVE/USDT:USDT,287.87,3.0,287.9,92.3,287.95,286130.8,82657908.062
1753460916344,16:28:36.344,AAVE/USDT:USDT,287.86,0.3,287.87,3.5,287.95,286130.8,82657908.062
1753460916674,16:28:36.674,AAVE/USDT:USDT,287.88,2.5,287.89,2.1,287.95,286130.8,82657908.062
1753460917033,16:28:37.033,AAVE/USDT:USDT,287.88,6.0,287.89,2.1,287.95,286130.8,82657908.062
1753460917415,16:28:37.415,AAVE/USDT:USDT,287.88,1.3,287.89,2.6,287.95,286130.8,82657908.062
1753460917732,16:28:37.732,AAVE/USDT:USDT,287.85,0.2,287.88,1.7,287.95,286130.8,82657908.062
1753460918102,16:28:38.102,AAVE/USDT:USDT,287.84,1.9,287.86,6.2,287.95,286130.8,82657908.062
1753460918443,16:28:38.443,AAVE/USDT:USDT,287.85,2.3,287.86,2.1,287.95,286130.8,82657908.062
1753460918761,16:28:38.761,AAVE/USDT:USDT,287.97,1.5,288.01,146.5,287.95,286130.8,82657908.062
1753460919108,16:28:39.108,AAVE/USDT:USDT,288.0,4.4,288.01,66.5,287.95,286130.8,82657908.062
1753460919542,16:28:39.542,AAVE/USDT:USDT,287.97,0.3,287.98,2.5,287.95,286130.8,82657908.062
1753460920282,16:28:40.282,AAVE/USDT:USDT,287.87,0.5,287.88,3.3,287.97,286130.8,82657908.062
1753460921242,16:28:41.242,AAVE/USDT:USDT,287.87,0.5,287.88,4.2,287.97,286131.4,82658080.844
1753460921560,16:28:41.560,AAVE/USDT:USDT,287.87,1.5,287.9,1.5,287.97,286131.4,82658080.844
1753460922027,16:28:42.027,AAVE/USDT:USDT,287.87,1.5,287.88,0.5,287.97,286131.4,82658080.844
1753460923392,16:28:43.392,AAVE/USDT:USDT,287.78,0.8,287.79,28.7,287.97,286131.4,82658080.844
1753460924493,16:28:44.493,AAVE/USDT:USDT,287.78,0.5,287.79,2.9,287.97,286131.4,82658080.844
1753460924849,16:28:44.849,AAVE/USDT:USDT,287.78,0.5,287.79,2.9,287.97,286131.4,82658080.844
1753460925170,16:28:45.170,AAVE/USDT:USDT,287.71,3.6,287.73,3.1,287.97,286131.4,82658080.844
1753460925854,16:28:45.854,AAVE/USDT:USDT,287.71,4.1,287.72,1.5,287.73,286132.0,82658253.482
1753460926169,16:28:46.169,AAVE/USDT:USDT,287.73,4.4,287.74,0.7,287.73,286132.0,82658253.482
1753460926520,16:28:46.520,AAVE/USDT:USDT,287.71,4.1,287.72,0.5,287.74,286132.0,82658253.482
1753460926935,16:28:46.935,AAVE/USDT:USDT,287.71,6.1,287.72,0.5,287.74,286132.0,82658253.482
1753460927258,16:28:47.258,AAVE/USDT:USDT,287.71,6.1,287.72,0.5,287.74,286133.0,82658541.222
1753460927924,16:28:47.924,AAVE/USDT:USDT,287.8,5.4,287.82,1.0,287.79,286133.0,82658541.222
1753460928562,16:28:48.562,AAVE/USDT:USDT,287.79,1.3,287.8,2.2,287.79,286133.0,82658541.222
1753460928882,16:28:48.882,AAVE/USDT:USDT,287.79,1.3,287.81,4.2,287.79,286133.0,82658541.222
1753460929549,16:28:49.549,AAVE/USDT:USDT,287.79,1.3,287.81,3.9,287.79,286133.0,82658541.222
1753460930199,16:28:50.199,AAVE/USDT:USDT,287.82,8.8,287.83,0.5,287.79,286134.0,82658829.012
1753460930551,16:28:50.551,AAVE/USDT:USDT,287.82,2.7,287.83,0.5,287.79,286134.0,82658829.012
1753460930871,16:28:50.871,AAVE/USDT:USDT,287.82,0.5,287.83,0.5,287.79,286134.0,82658829.012
1753460931185,16:28:51.185,AAVE/USDT:USDT,287.79,0.8,287.8,3.0,287.79,286134.0,82658829.012
1753460931967,16:28:51.967,AAVE/USDT:USDT,287.79,1.3,287.8,1.6,287.79,286131.4,82658080.844
1753460932526,16:28:52.526,AAVE/USDT:USDT,287.81,3.3,287.83,0.5,287.8,286134.0,82658829.012
1753460932875,16:28:52.875,AAVE/USDT:USDT,287.84,0.5,287.85,1.2,287.8,286134.0,82658829.012
1753460933946,16:28:53.946,AAVE/USDT:USDT,287.86,0.5,287.89,2.1,287.8,286134.4,82658944.132
1753460934764,16:28:54.764,AAVE/USDT:USDT,287.86,3.8,287.88,2.6,287.8,286134.4,82658944.132
1753460935099,16:28:55.099,AAVE/USDT:USDT,287.84,3.5,287.85,0.5,287.8,286134.4,82658944.132
1753460936587,16:28:56.587,AAVE/USDT:USDT,287.81,5.7,287.83,4.2,287.8,286134.4,82658944.132
1753460936903,16:28:56.903,AAVE/USDT:USDT,287.81,5.7,287.83,4.2,287.8,286134.4,82658944.132
1753460937214,16:28:57.214,AAVE/USDT:USDT,287.79,1.3,287.8,5.9,287.8,286134.4,82658944.132
1753460937922,16:28:57.922,AAVE/USDT:USDT,287.7,0.7,287.71,2.4,287.79,286134.4,82658944.132
1753460938264,16:28:58.264,AAVE/USDT:USDT,287.53,25.5,287.54,2.7,287.65,286134.4,82658944.132
1753460938595,16:28:58.595,AAVE/USDT:USDT,287.53,0.9,287.54,0.8,287.53,286134.0,82658829.012
1753460939408,16:28:59.408,AAVE/USDT:USDT,287.4,0.2,287.42,0.3,287.5,286139.2,82660324.764
1753460940586,16:29:00.586,AAVE/USDT:USDT,287.47,7.0,287.49,5.3,287.5,286139.2,82660324.764
1753460941935,16:29:01.935,AAVE/USDT:USDT,287.49,0.5,287.52,26.8,287.49,284779.6,82268778.574
1753460943199,16:29:03.199,AAVE/USDT:USDT,287.56,2.5,287.57,0.5,287.49,284779.6,82268778.574
1753460943515,16:29:03.515,AAVE/USDT:USDT,287.6,2.0,287.61,0.5,287.49,284779.6,82268778.574
1753460944001,16:29:04.001,AAVE/USDT:USDT,287.64,1.6,287.65,25.8,287.49,284779.6,82268778.574
1753460944345,16:29:04.345,AAVE/USDT:USDT,287.67,0.5,287.68,30.4,287.49,284779.6,82268778.574
1753460944662,16:29:04.662,AAVE/USDT:USDT,287.67,0.5,287.68,30.4,287.49,284779.6,82268778.574
1753460945026,16:29:05.026,AAVE/USDT:USDT,287.72,2.0,287.73,66.5,287.49,284779.6,82268778.574
1753460945369,16:29:05.369,AAVE/USDT:USDT,287.7,0.5,287.73,68.3,287.49,284779.6,82268778.574
1753460946413,16:29:06.413,AAVE/USDT:USDT,287.76,6.0,287.77,66.5,287.49,284779.6,82268778.574
1753460947186,16:29:07.186,AAVE/USDT:USDT,287.78,2.8,287.81,67.0,287.49,284779.6,82268778.574
1753460948469,16:29:08.469,AAVE/USDT:USDT,287.8,2.8,287.81,0.5,287.49,284779.6,82268778.574
1753460948897,16:29:08.897,AAVE/USDT:USDT,287.81,1.6,287.83,25.8,287.49,284779.6,82268778.574
1753460949222,16:29:09.222,AAVE/USDT:USDT,287.82,2.9,287.83,25.8,287.49,284779.6,82268778.574
1753460950091,16:29:10.091,AAVE/USDT:USDT,287.89,4.1,287.9,66.5,287.49,284779.6,82268778.574
1753460950420,16:29:10.420,AAVE/USDT:USDT,287.89,4.1,287.9,66.5,287.49,284779.6,82268778.574
1753460951196,16:29:11.196,AAVE/USDT:USDT,287.93,4.0,287.94,66.5,287.92,284779.6,82268778.574
1753460952162,16:29:12.162,AAVE/USDT:USDT,287.93,2.4,287.94,66.5,287.92,284779.6,82268778.574
1753460952806,16:29:12.806,AAVE/USDT:USDT,287.93,2.4,287.94,66.5,287.92,284779.8,82268836.158
1753460953121,16:29:13.121,AAVE/USDT:USDT,287.93,2.4,287.94,66.5,287.92,284779.8,82268836.158
1753460953494,16:29:13.494,AAVE/USDT:USDT,287.94,4.8,287.95,27.0,287.92,284779.8,82268836.158
1753460953880,16:29:13.880,AAVE/USDT:USDT,287.94,4.8,287.95,1.2,287.92,284779.8,82268836.158
1753460954191,16:29:14.191,AAVE/USDT:USDT,287.94,4.8,287.95,1.2,287.92,284779.8,82268836.158
1753460954509,16:29:14.509,AAVE/USDT:USDT,288.03,6.3,288.04,0.5,287.92,284779.8,82268836.158
1753460954915,16:29:14.915,AAVE/USDT:USDT,288.03,5.9,288.04,0.5,287.92,284779.8,82268836.158
1753460955237,16:29:15.237,AAVE/USDT:USDT,288.03,5.9,288.04,0.5,287.92,284779.8,82268836.158
1753460955556,16:29:15.556,AAVE/USDT:USDT,288.03,5.9,288.04,0.5,287.92,284779.8,82268836.158
1753460955948,16:29:15.948,AAVE/USDT:USDT,288.04,2.3,288.05,26.3,287.92,284779.8,82268836.158
1753460956298,16:29:16.298,AAVE/USDT:USDT,288.04,2.8,288.05,26.3,287.92,284779.8,82268836.158
1753460956919,16:29:16.919,AAVE/USDT:USDT,288.11,4.4,288.12,0.7,287.92,284779.8,82268836.158
1753460957334,16:29:17.334,AAVE/USDT:USDT,288.11,1.2,288.12,1.2,287.92,284779.8,82268836.158
1753460957668,16:29:17.668,AAVE/USDT:USDT,288.11,1.2,288.12,1.5,287.92,284779.8,82268836.158
1753460958400,16:29:18.400,AAVE/USDT:USDT,288.16,3.9,288.17,66.4,287.92,284779.8,82268836.158
1753460958736,16:29:18.736,AAVE/USDT:USDT,288.16,3.9,288.17,66.4,287.92,284779.8,82268836.158
1753460959052,16:29:19.052,AAVE/USDT:USDT,288.16,4.7,288.17,0.5,287.92,284779.8,82268836.158
1753460959799,16:29:19.799,AAVE/USDT:USDT,288.07,4.4,288.08,1.2,287.92,284779.6,82268778.574
1753460960421,16:29:20.421,AAVE/USDT:USDT,288.07,0.5,288.08,1.2,287.92,284779.8,82268836.158
1753460961155,16:29:21.155,AAVE/USDT:USDT,288.02,3.3,288.03,0.5,287.92,284779.8,82268836.158
1753460961789,16:29:21.789,AAVE/USDT:USDT,287.98,4.6,287.99,1.9,287.92,284779.8,82268836.158
1753460962143,16:29:22.143,AAVE/USDT:USDT,287.97,0.3,287.98,29.8,287.92,284779.8,82268836.158
1753460962495,16:29:22.495,AAVE/USDT:USDT,287.97,4.1,288.02,0.7,287.92,284779.8,82268836.158
1753460962811,16:29:22.811,AAVE/USDT:USDT,287.99,0.3,288.02,3.6,287.92,284779.8,82268836.158
1753460963591,16:29:23.591,AAVE/USDT:USDT,287.97,4.8,287.98,0.5,287.92,284779.8,82268836.158
1753460964407,16:29:24.407,AAVE/USDT:USDT,287.99,2.7,288.0,26.3,287.92,284779.8,82268836.158
1753460965100,16:29:25.100,AAVE/USDT:USDT,287.99,2.7,288.0,26.3,287.92,284779.8,82268836.158
1753460965420,16:29:25.420,AAVE/USDT:USDT,287.99,4.4,288.0,0.5,287.92,284779.8,82268836.158
1753460965794,16:29:25.794,AAVE/USDT:USDT,287.99,5.7,288.0,0.5,287.92,284779.8,82268836.158
1753460966156,16:29:26.156,AAVE/USDT:USDT,287.99,2.7,288.0,0.5,287.92,284779.8,82268836.158
1753460966466,16:29:26.466,AAVE/USDT:USDT,287.97,19.2,287.98,0.5,287.92,284779.8,82268836.158
1753460966778,16:29:26.778,AAVE/USDT:USDT,287.99,2.7,288.0,0.5,287.92,284779.8,82268836.158
1753460967119,16:29:27.119,AAVE/USDT:USDT,287.99,2.7,288.0,0.5,287.92,284779.8,82268836.158
1753460967453,16:29:27.453,AAVE/USDT:USDT,288.03,2.4,288.04,66.4,287.92,284779.8,82268836.158
1753460967773,16:29:27.773,AAVE/USDT:USDT,288.07,1.6,288.13,212.9,287.92,284779.8,82268836.158
1753460968811,16:29:28.811,AAVE/USDT:USDT,288.09,0.3,288.1,4.2,287.92,284779.8,82268836.158
1753460969123,16:29:29.123,AAVE/USDT:USDT,288.09,0.3,288.1,3.2,287.92,284779.8,82268836.158
1753460969469,16:29:29.469,AAVE/USDT:USDT,288.12,1.0,288.13,67.6,287.92,284779.8,82268836.158
1753460969830,16:29:29.830,AAVE/USDT:USDT,288.12,2.8,288.13,3.3,287.92,284779.8,82268836.158
1753460970156,16:29:30.156,AAVE/USDT:USDT,288.12,2.8,288.13,3.3,287.92,284779.8,82268836.158
1753460970469,16:29:30.469,AAVE/USDT:USDT,288.12,2.8,288.16,0.7,287.92,284779.8,82268836.158
1753460970852,16:29:30.852,AAVE/USDT:USDT,288.15,1.8,288.16,1.2,287.92,284779.8,82268836.158
1753460971243,16:29:31.243,AAVE/USDT:USDT,288.12,2.0,288.16,4.0,287.92,284779.8,82268836.158
1753460971650,16:29:31.650,AAVE/USDT:USDT,288.08,3.9,288.11,0.7,287.92,284779.8,82268836.158
1753460972019,16:29:32.019,AAVE/USDT:USDT,288.12,1.9,288.14,0.5,287.92,284779.8,82268836.158
1753460972445,16:29:32.445,AAVE/USDT:USDT,288.08,0.5,288.09,0.8,287.92,284779.8,82268836.158
1753460973083,16:29:33.083,AAVE/USDT:USDT,288.06,0.8,288.07,0.5,287.92,284779.8,82268836.158
1753460973424,16:29:33.424,AAVE/USDT:USDT,288.03,0.6,288.04,3.2,287.92,284779.8,82268836.158
1753460973843,16:29:33.843,AAVE/USDT:USDT,288.0,0.6,288.01,2.4,287.92,284779.8,82268836.158
1753460974159,16:29:34.159,AAVE/USDT:USDT,288.0,1.4,288.01,2.4,287.92,284779.8,82268836.158
1753460974495,16:29:34.495,AAVE/USDT:USDT,288.05,5.0,288.06,0.7,287.92,284779.8,82268836.158
1753460974898,16:29:34.898,AAVE/USDT:USDT,288.05,3.7,288.06,0.7,287.92,284779.8,82268836.158
1753460975300,16:29:35.300,AAVE/USDT:USDT,288.05,5.7,288.06,0.7,287.92,284779.8,82268836.158
1753460975610,16:29:35.610,AAVE/USDT:USDT,288.05,5.7,288.06,0.7,287.92,284779.8,82268836.158
1753460975931,16:29:35.931,AAVE/USDT:USDT,288.05,0.5,288.06,1.2,287.92,284779.8,82268836.158
1753460976322,16:29:36.322,AAVE/USDT:USDT,288.05,0.8,288.06,1.2,287.92,284779.8,82268836.158
1753460976978,16:29:36.978,AAVE/USDT:USDT,288.05,0.8,288.06,0.7,287.92,284779.8,82268836.158
1753460977368,16:29:37.368,AAVE/USDT:USDT,288.05,0.8,288.06,0.7,287.92,284779.8,82268836.158
1753460977714,16:29:37.714,AAVE/USDT:USDT,288.03,1.1,288.04,0.5,287.92,284779.8,82268836.158
1753460978370,16:29:38.370,AAVE/USDT:USDT,288.0,3.5,288.01,0.5,287.92,284779.8,82268836.158
1753460978781,16:29:38.781,AAVE/USDT:USDT,288.02,4.4,288.07,0.8,287.92,284779.8,82268836.158
1753460979401,16:29:39.401,AAVE/USDT:USDT,288.02,4.4,288.07,0.8,287.92,284779.8,82268836.158
1753460979713,16:29:39.713,AAVE/USDT:USDT,288.03,0.5,288.04,2.6,288.05,284779.8,82268836.158
1753460980373,16:29:40.373,AAVE/USDT:USDT,288.03,2.8,288.04,2.6,288.05,284780.0,82268893.768
1753460980695,16:29:40.695,AAVE/USDT:USDT,288.1,1.6,288.11,92.9,288.05,284780.0,82268893.768
1753460981119,16:29:41.119,AAVE/USDT:USDT,288.11,2.4,288.12,0.5,288.05,284780.0,82268893.768
1753460981482,16:29:41.482,AAVE/USDT:USDT,288.1,3.9,288.12,0.5,288.05,284780.0,82268893.768
1753460981803,16:29:41.803,AAVE/USDT:USDT,288.1,3.9,288.12,0.5,288.05,284780.0,82268893.768
1753460982126,16:29:42.126,AAVE/USDT:USDT,288.1,2.5,288.11,0.5,288.05,284780.0,82268893.768
1753460982485,16:29:42.485,AAVE/USDT:USDT,288.1,0.8,288.11,2.6,288.05,284780.0,82268893.768
1753460982809,16:29:42.809,AAVE/USDT:USDT,288.13,2.4,288.14,2.4,288.05,284780.0,82268893.768
1753460983117,16:29:43.117,AAVE/USDT:USDT,288.13,2.8,288.16,26.5,288.05,284780.0,82268893.768
1753460983495,16:29:43.495,AAVE/USDT:USDT,288.11,0.5,288.12,1.3,288.05,284780.0,82268893.768
1753460984899,16:29:44.899,AAVE/USDT:USDT,288.11,0.8,288.12,2.1,288.05,284779.8,82268836.158
1753460985564,16:29:45.564,AAVE/USDT:USDT,288.11,2.9,288.15,0.5,288.05,284780.0,82268893.768
1753460985876,16:29:45.876,AAVE/USDT:USDT,288.14,0.5,288.15,2.6,288.05,284780.0,82268893.768
1753460986273,16:29:46.273,AAVE/USDT:USDT,288.07,5.7,288.08,1.9,288.05,284780.0,82268893.768
1753460986686,16:29:46.686,AAVE/USDT:USDT,288.04,0.3,288.05,0.3,288.05,284780.0,82268893.768
1753460986999,16:29:46.999,AAVE/USDT:USDT,288.04,0.3,288.05,3.4,288.05,284780.0,82268893.768
1753460987342,16:29:47.342,AAVE/USDT:USDT,287.83,11.2,287.91,28.0,287.92,284780.0,82268893.768
1753460987779,16:29:47.779,AAVE/USDT:USDT,287.85,0.5,287.87,6.7,287.92,284780.6,82269066.592
1753460988513,16:29:48.513,AAVE/USDT:USDT,287.84,0.9,287.85,26.3,287.92,284780.6,82269066.592
1753460988873,16:29:48.873,AAVE/USDT:USDT,287.84,2.9,287.85,25.8,287.92,284780.6,82269066.592
1753460989265,16:29:49.265,AAVE/USDT:USDT,287.85,25.8,287.91,25.8,287.92,284781.2,82269239.344
1753460989580,16:29:49.580,AAVE/USDT:USDT,287.93,2.0,287.94,0.5,287.92,284781.2,82269239.344
1753460990288,16:29:50.288,AAVE/USDT:USDT,287.96,0.5,287.97,3.1,287.92,284781.2,82269239.344
1753460990620,16:29:50.620,AAVE/USDT:USDT,287.89,31.0,287.95,29.3,287.92,284781.2,82269239.344
1753460990939,16:29:50.939,AAVE/USDT:USDT,287.93,0.5,287.94,0.5,287.92,284781.2,82269239.344
1753460991314,16:29:51.314,AAVE/USDT:USDT,287.93,0.5,287.94,4.5,287.92,284781.2,82269239.344
1753460991706,16:29:51.706,AAVE/USDT:USDT,287.93,0.5,287.94,4.5,287.92,284781.2,82269239.344
1753460992019,16:29:52.019,AAVE/USDT:USDT,287.93,4.4,287.94,0.5,287.92,284781.2,82269239.344
1753460992767,16:29:52.767,AAVE/USDT:USDT,287.99,4.4,288.0,66.3,287.92,284781.2,82269239.344
1753460993089,16:29:53.089,AAVE/USDT:USDT,287.99,4.4,288.03,2.4,287.92,284781.2,82269239.344
1753460994152,16:29:54.152,AAVE/USDT:USDT,288.01,2.1,288.03,3.1,287.92,284781.2,82269239.344
1753460994468,16:29:54.468,AAVE/USDT:USDT,288.02,4.8,288.03,0.5,287.92,284781.2,82269239.344
1753460995174,16:29:55.174,AAVE/USDT:USDT,287.99,0.5,288.02,2.1,287.92,284781.2,82269239.344
1753460995492,16:29:55.492,AAVE/USDT:USDT,288.04,2.5,288.05,0.5,287.92,284781.2,82269239.344
1753460995813,16:29:55.813,AAVE/USDT:USDT,288.07,2.4,288.09,3.4,287.92,284781.2,82269239.344
1753460996201,16:29:56.201,AAVE/USDT:USDT,288.06,0.4,288.07,2.6,287.92,284781.2,82269239.344
1753460996634,16:29:56.634,AAVE/USDT:USDT,288.06,3.4,288.07,2.6,287.92,284780.0,82268893.768
1753460997238,16:29:57.238,AAVE/USDT:USDT,288.07,0.5,288.09,5.5,287.92,284781.2,82269239.344
1753460997882,16:29:57.882,AAVE/USDT:USDT,288.08,0.4,288.09,2.6,287.92,284781.2,82269239.344
1753460998195,16:29:58.195,AAVE/USDT:USDT,288.1,3.9,288.11,1.2,287.92,284781.2,82269239.344
1753460998580,16:29:58.580,AAVE/USDT:USDT,288.1,4.4,288.11,0.5,287.92,284781.2,82269239.344
1753460998966,16:29:58.966,AAVE/USDT:USDT,288.14,0.9,288.15,66.8,287.92,284781.2,82269239.344
1753460999287,16:29:59.287,AAVE/USDT:USDT,288.14,0.9,288.15,66.8,287.92,284781.2,82269239.344
1753460999604,16:29:59.604,AAVE/USDT:USDT,288.12,2.4,288.13,0.5,287.92,284781.2,82269239.344
1753460999944,16:29:59.944,AAVE/USDT:USDT,288.12,6.3,288.13,0.5,287.92,284781.2,82269239.344
1753461001355,16:30:01.355,AAVE/USDT:USDT,288.06,0.3,288.08,0.5,288.02,284665.4,82235853.59
1753461002349,16:30:02.349,AAVE/USDT:USDT,288.11,2.4,288.13,0.5,288.02,284665.4,82235853.59
1753461003190,16:30:03.190,AAVE/USDT:USDT,288.12,0.5,288.13,2.6,288.02,284665.4,82235853.59
1753461003533,16:30:03.533,AAVE/USDT:USDT,288.05,6.6,288.06,0.5,288.02,284665.4,82235853.59
1753461004515,16:30:04.515,AAVE/USDT:USDT,288.13,1.6,288.14,0.5,288.02,284665.4,82235853.59
1753461004840,16:30:04.840,AAVE/USDT:USDT,288.11,5.0,288.12,0.5,288.02,284665.4,82235853.59
1753461005879,16:30:05.879,AAVE/USDT:USDT,288.11,2.4,288.12,3.0,288.02,284665.4,82235853.59
1753461006209,16:30:06.209,AAVE/USDT:USDT,288.11,1.9,288.12,2.6,288.02,284665.4,82235853.59
1753461008327,16:30:08.327,AAVE/USDT:USDT,288.07,0.5,288.08,0.5,288.02,284665.4,82235853.59
1753461008762,16:30:08.762,AAVE/USDT:USDT,288.06,5.0,288.08,2.4,288.02,284781.2,82269239.344
1753461009447,16:30:09.447,AAVE/USDT:USDT,288.06,7.0,288.07,2.1,288.02,284665.4,82235853.59
1753461009770,16:30:09.770,AAVE/USDT:USDT,288.03,0.6,288.06,2.6,288.02,284665.4,82235853.59
1753461010138,16:30:10.138,AAVE/USDT:USDT,288.03,3.3,288.06,2.6,288.02,284665.4,82235853.59
1753461010861,16:30:10.861,AAVE/USDT:USDT,287.96,29.8,288.02,2.7,288.01,284665.4,82235853.59
1753461011672,16:30:11.672,AAVE/USDT:USDT,288.03,0.5,288.04,0.9,288.01,284665.4,82235853.59
1753461012634,16:30:12.634,AAVE/USDT:USDT,288.06,0.5,288.07,0.5,288.01,284665.6,82235911.192
1753461013269,16:30:13.269,AAVE/USDT:USDT,288.09,3.5,288.1,0.5,288.01,284665.6,82235911.192
1753461013679,16:30:13.679,AAVE/USDT:USDT,288.03,0.5,288.05,0.9,288.01,284665.6,82235911.192
1753461014101,16:30:14.101,AAVE/USDT:USDT,288.0,0.3,288.03,2.2,288.01,284665.6,82235911.192
1753461014417,16:30:14.417,AAVE/USDT:USDT,288.0,0.4,288.01,2.4,288.01,284665.6,82235911.192
1753461014731,16:30:14.731,AAVE/USDT:USDT,288.0,0.9,288.01,2.4,288.01,284665.6,82235911.192
1753461015059,16:30:15.059,AAVE/USDT:USDT,288.0,0.9,288.01,2.4,288.01,284665.6,82235911.192
1753461015365,16:30:15.365,AAVE/USDT:USDT,288.0,0.6,288.01,2.4,288.01,284665.6,82235911.192
1753461015683,16:30:15.683,AAVE/USDT:USDT,288.0,0.6,288.01,2.4,288.01,284665.6,82235911.192
1753461016452,16:30:16.452,AAVE/USDT:USDT,288.04,2.4,288.05,25.8,288.01,284665.6,82235911.192
1753461016774,16:30:16.774,AAVE/USDT:USDT,288.04,2.4,288.05,25.8,288.01,284665.6,82235911.192
1753461017089,16:30:17.089,AAVE/USDT:USDT,288.0,1.1,288.02,4.2,288.01,284665.6,82235911.192
1753461017446,16:30:17.446,AAVE/USDT:USDT,288.02,0.5,288.06,3.7,288.01,284665.6,82235911.192
1753461017763,16:30:17.763,AAVE/USDT:USDT,288.02,0.5,288.05,5.0,288.01,284665.6,82235911.192
1753461018073,16:30:18.073,AAVE/USDT:USDT,288.01,2.0,288.02,2.1,288.01,284665.6,82235911.192
1753461018396,16:30:18.396,AAVE/USDT:USDT,288.05,2.1,288.06,0.7,288.01,284666.2,82236083.998
1753461019443,16:30:19.443,AAVE/USDT:USDT,288.04,2.4,288.05,2.6,288.01,284666.2,82236083.998
1753461019765,16:30:19.765,AAVE/USDT:USDT,288.08,1.6,288.1,6.0,288.01,284666.2,82236083.998
1753461020116,16:30:20.116,AAVE/USDT:USDT,288.08,2.1,288.09,2.9,288.01,284666.2,82236083.998
1753461020446,16:30:20.446,AAVE/USDT:USDT,288.04,2.4,288.05,1.2,288.01,284666.2,82236083.998
1753461020768,16:30:20.768,AAVE/USDT:USDT,288.02,5.9,288.03,0.5,288.01,284666.2,82236083.998
1753461021159,16:30:21.159,AAVE/USDT:USDT,288.04,0.8,288.05,1.2,288.01,284666.2,82236083.998
1753461021526,16:30:21.526,AAVE/USDT:USDT,288.04,2.8,288.08,27.7,288.01,284666.2,82236083.998
1753461022213,16:30:22.213,AAVE/USDT:USDT,288.01,0.9,288.05,4.7,288.01,284666.2,82236083.998
1753461022580,16:30:22.580,AAVE/USDT:USDT,288.04,2.4,288.05,2.6,288.01,284666.2,82236083.998
1753461022887,16:30:22.887,AAVE/USDT:USDT,288.04,2.4,288.05,2.6,288.01,284666.2,82236083.998
1753461023213,16:30:23.213,AAVE/USDT:USDT,288.02,2.0,288.03,0.5,288.01,284666.2,82236083.998
1753461023589,16:30:23.589,AAVE/USDT:USDT,288.01,2.4,288.03,5.9,288.01,284666.2,82236083.998
1753461023976,16:30:23.976,AAVE/USDT:USDT,287.98,0.5,287.99,4.5,288.01,284666.2,82236083.998
1753461024306,16:30:24.306,AAVE/USDT:USDT,287.98,0.5,287.99,4.5,288.01,284666.2,82236083.998
1753461024625,16:30:24.625,AAVE/USDT:USDT,287.98,2.8,287.99,2.1,288.01,284666.2,82236083.998
1753461025066,16:30:25.066,AAVE/USDT:USDT,287.96,2.1,287.97,0.9,288.01,284666.2,82236083.998
1753461025777,16:30:25.777,AAVE/USDT:USDT,287.96,2.6,287.97,2.6,288.01,284666.2,82236083.998
1753461026310,16:30:26.310,AAVE/USDT:USDT,287.89,2.2,287.9,2.4,288.01,284666.2,82236083.998
1753461027053,16:30:27.053,AAVE/USDT:USDT,287.9,2.9,287.91,2.8,288.01,284666.2,82236083.998
1753461027371,16:30:27.371,AAVE/USDT:USDT,287.9,2.9,287.91,2.1,288.01,284666.2,82236083.998
1753461027790,16:30:27.790,AAVE/USDT:USDT,287.95,0.5,287.96,29.2,288.01,284666.2,82236083.998
1753461028108,16:30:28.108,AAVE/USDT:USDT,287.93,2.0,287.96,28.9,288.01,284666.2,82236083.998
1753461028445,16:30:28.445,AAVE/USDT:USDT,287.92,0.5,287.93,0.9,288.01,284666.2,82236083.998
1753461028834,16:30:28.834,AAVE/USDT:USDT,287.9,0.5,287.91,0.5,288.01,284666.2,82236083.998
1753461029212,16:30:29.212,AAVE/USDT:USDT,287.93,5.9,287.95,0.2,288.01,284666.2,82236083.998
1753461029526,16:30:29.526,AAVE/USDT:USDT,287.91,1.9,287.95,3.6,288.01,284666.2,82236083.998
1753461029839,16:30:29.839,AAVE/USDT:USDT,287.95,0.5,287.96,27.0,288.01,284666.2,82236083.998
1753461030191,16:30:30.191,AAVE/USDT:USDT,287.93,0.5,287.96,28.9,288.01,284666.2,82236083.998
1753461030505,16:30:30.505,AAVE/USDT:USDT,287.93,0.5,287.96,28.9,288.01,284666.2,82236083.998
1753461030835,16:30:30.835,AAVE/USDT:USDT,287.95,0.5,287.96,27.0,288.01,284666.2,82236083.998
1753461031673,16:30:31.673,AAVE/USDT:USDT,287.92,6.1,287.94,2.1,288.01,284666.2,82236083.998
1753461032040,16:30:32.040,AAVE/USDT:USDT,287.87,8.2,287.94,0.5,288.01,284666.2,82236083.998
1753461032766,16:30:32.766,AAVE/USDT:USDT,287.89,0.5,287.9,0.9,288.01,284666.2,82236083.998
1753461033093,16:30:33.093,AAVE/USDT:USDT,287.89,0.5,287.9,3.0,288.01,284666.2,82236083.998
1753461033728,16:30:33.728,AAVE/USDT:USDT,287.83,0.4,287.84,2.4,288.01,284666.2,82236083.998
1753461034095,16:30:34.095,AAVE/USDT:USDT,287.83,5.2,287.87,1.9,288.01,284666.2,82236083.998
1753461034446,16:30:34.446,AAVE/USDT:USDT,287.83,5.2,287.87,1.9,288.01,284666.2,82236083.998
1753461034765,16:30:34.765,AAVE/USDT:USDT,287.85,0.5,287.86,2.8,288.01,284666.2,82236083.998
1753461035083,16:30:35.083,AAVE/USDT:USDT,287.88,5.9,287.89,2.1,288.01,284666.2,82236083.998
1753461035422,16:30:35.422,AAVE/USDT:USDT,287.85,0.3,287.86,3.9,288.01,284666.2,82236083.998
1753461035739,16:30:35.739,AAVE/USDT:USDT,287.85,0.3,287.86,3.9,288.01,284666.2,82236083.998
1753461036449,16:30:36.449,AAVE/USDT:USDT,287.85,0.5,287.86,3.3,288.01,284666.2,82236083.998
1753461036831,16:30:36.831,AAVE/USDT:USDT,287.81,0.9,287.82,2.4,288.01,284666.2,82236083.998
1753461037511,16:30:37.511,AAVE/USDT:USDT,287.81,1.4,287.82,2.7,288.01,284666.2,82236083.998
1753461037917,16:30:37.917,AAVE/USDT:USDT,287.81,1.4,287.82,2.7,288.01,284666.2,82236083.998
1753461038238,16:30:38.238,AAVE/USDT:USDT,287.81,1.4,287.82,2.7,288.01,284666.2,82236083.998
1753461038558,16:30:38.558,AAVE/USDT:USDT,287.76,0.9,287.78,5.9,288.01,284666.2,82236083.998
1753461038916,16:30:38.916,AAVE/USDT:USDT,287.74,0.9,287.75,2.1,288.01,284666.2,82236083.998
1753461039264,16:30:39.264,AAVE/USDT:USDT,287.74,0.3,287.75,3.5,288.01,284666.2,82236083.998
1753461039910,16:30:39.910,AAVE/USDT:USDT,287.66,0.5,287.67,3.3,288.01,284666.2,82236083.998
1753461040229,16:30:40.229,AAVE/USDT:USDT,287.7,0.5,287.71,2.9,288.01,284666.2,82236083.998
1753461040642,16:30:40.642,AAVE/USDT:USDT,287.7,1.5,287.71,0.5,288.01,284666.2,82236083.998
1753461040955,16:30:40.955,AAVE/USDT:USDT,287.7,4.3,287.73,25.8,288.01,284666.2,82236083.998
1753461041283,16:30:41.283,AAVE/USDT:USDT,287.64,0.5,287.66,2.1,288.01,284666.2,82236083.998
1753461041631,16:30:41.631,AAVE/USDT:USDT,287.65,0.8,287.66,1.9,288.01,284666.2,82236083.998
1753461041968,16:30:41.968,AAVE/USDT:USDT,287.65,0.8,287.66,1.9,288.01,284666.2,82236083.998
1753461042282,16:30:42.282,AAVE/USDT:USDT,287.67,1.6,287.68,1.9,288.01,284666.2,82236083.998
1753461042609,16:30:42.609,AAVE/USDT:USDT,287.67,0.8,287.68,0.5,288.01,284666.2,82236083.998
1753461042961,16:30:42.961,AAVE/USDT:USDT,287.67,1.6,287.69,28.2,288.01,284666.2,82236083.998
1753461043720,16:30:43.720,AAVE/USDT:USDT,287.71,0.5,287.72,0.2,288.01,284666.2,82236083.998
1753461044835,16:30:44.835,AAVE/USDT:USDT,287.79,4.4,287.8,2.1,288.01,284666.2,82236083.998
1753461045543,16:30:45.543,AAVE/USDT:USDT,287.86,1.9,287.89,4.5,287.87,284666.2,82236083.998
1753461046166,16:30:46.166,AAVE/USDT:USDT,287.84,0.5,287.85,0.5,287.87,284667.2,82236371.868
1753461046606,16:30:46.606,AAVE/USDT:USDT,287.85,4.7,287.86,0.5,287.87,284667.2,82236371.868
1753461048042,16:30:48.042,AAVE/USDT:USDT,287.86,2.8,287.88,0.5,287.87,284666.2,82236083.998
1753461048522,16:30:48.522,AAVE/USDT:USDT,287.86,2.8,287.88,0.5,287.87,284667.8,82236544.59
1753461048924,16:30:48.924,AAVE/USDT:USDT,287.87,2.4,287.88,0.5,287.87,284667.8,82236544.59
1753461049278,16:30:49.278,AAVE/USDT:USDT,287.87,2.4,287.88,0.5,287.87,284667.8,82236544.59
1753461049618,16:30:49.618,AAVE/USDT:USDT,287.87,2.4,287.88,0.5,287.87,284667.8,82236544.59
1753461049938,16:30:49.938,AAVE/USDT:USDT,287.96,1.6,287.97,5.9,287.87,284667.8,82236544.59
1753461050278,16:30:50.278,AAVE/USDT:USDT,287.94,0.8,287.95,0.5,287.87,284667.8,82236544.59
1753461050604,16:30:50.604,AAVE/USDT:USDT,287.96,4.3,287.97,0.5,287.87,284667.2,82236371.868
1753461050962,16:30:50.962,AAVE/USDT:USDT,287.96,6.3,287.97,2.1,287.87,284667.8,82236544.59
1753461051299,16:30:51.299,AAVE/USDT:USDT,288.07,1.6,288.08,25.8,287.87,284667.2,82236371.868
1753461052066,16:30:52.066,AAVE/USDT:USDT,288.12,5.9,288.14,2.6,287.87,284666.2,82236083.998
1753461053092,16:30:53.092,AAVE/USDT:USDT,288.23,1.6,288.24,27.6,287.87,284667.8,82236544.59
1753461053411,16:30:53.411,AAVE/USDT:USDT,288.23,1.6,288.24,27.6,287.87,284667.8,82236544.59
1753461054186,16:30:54.186,AAVE/USDT:USDT,288.16,25.8,288.21,4.5,287.87,284667.8,82236544.59
1753461055892,16:30:55.892,AAVE/USDT:USDT,288.16,4.1,288.17,2.1,287.87,284667.8,82236544.59
1753461056253,16:30:56.253,AAVE/USDT:USDT,288.27,2.9,288.3,0.7,287.87,284667.8,82236544.59
1753461056965,16:30:56.965,AAVE/USDT:USDT,288.3,3.5,288.31,2.1,287.87,284667.8,82236544.59
1753461057281,16:30:57.281,AAVE/USDT:USDT,288.3,0.5,288.31,2.6,287.87,284667.8,82236544.59
1753461058389,16:30:58.389,AAVE/USDT:USDT,288.3,0.9,288.31,2.6,287.87,284667.8,82236544.59
1753461059107,16:30:59.107,AAVE/USDT:USDT,288.3,2.9,288.31,2.1,287.87,284667.8,82236544.59
1753461059494,16:30:59.494,AAVE/USDT:USDT,288.36,1.6,288.39,26.4,287.87,284667.8,82236544.59
1753461060123,16:31:00.123,AAVE/USDT:USDT,288.36,0.2,288.39,4.0,287.87,284667.8,82236544.59
1753461060488,16:31:00.488,AAVE/USDT:USDT,288.32,0.8,288.34,1.4,287.87,284489.2,82185069.96
1753461060819,16:31:00.819,AAVE/USDT:USDT,288.28,0.3,288.29,30.5,287.87,284489.2,82185069.96
1753461061433,16:31:01.433,AAVE/USDT:USDT,288.23,2.9,288.24,0.7,288.28,284667.8,82236544.59
1753461062019,16:31:02.019,AAVE/USDT:USDT,288.29,0.5,288.3,2.6,288.24,284489.2,82185069.96
1753461062402,16:31:02.402,AAVE/USDT:USDT,288.29,0.5,288.32,5.1,288.24,284489.2,82185069.96
1753461062822,16:31:02.822,AAVE/USDT:USDT,288.28,0.3,288.29,2.6,288.24,284489.2,82185069.96
1753461063159,16:31:03.159,AAVE/USDT:USDT,288.28,0.3,288.29,2.6,288.24,284491.2,82185646.464
1753461064198,16:31:04.198,AAVE/USDT:USDT,288.42,6.0,288.43,0.7,288.24,284491.2,82185646.464
1753461064532,16:31:04.532,AAVE/USDT:USDT,288.41,7.9,288.44,0.6,288.24,284491.2,82185646.464
1753461064950,16:31:04.950,AAVE/USDT:USDT,288.49,2.4,288.52,145.7,288.24,284491.2,82185646.464
1753461065673,16:31:05.673,AAVE/USDT:USDT,288.49,5.9,288.53,1.1,288.51,284491.2,82185646.464
1753461066051,16:31:06.051,AAVE/USDT:USDT,288.5,1.9,288.52,2.6,288.51,284491.4,82185704.166
1753461066405,16:31:06.405,AAVE/USDT:USDT,288.51,0.5,288.52,0.5,288.51,284491.4,82185704.166
1753461067047,16:31:07.047,AAVE/USDT:USDT,288.51,4.4,288.52,2.1,288.51,284491.2,82185646.464
1753461067520,16:31:07.520,AAVE/USDT:USDT,288.56,2.1,288.57,0.5,288.51,284491.4,82185704.166
1753461067852,16:31:07.852,AAVE/USDT:USDT,288.57,4.4,288.58,0.7,288.51,284491.4,82185704.166
1753461068177,16:31:08.177,AAVE/USDT:USDT,288.57,0.5,288.58,5.1,288.51,284491.4,82185704.166
1753461068506,16:31:08.506,AAVE/USDT:USDT,288.55,3.9,288.56,0.5,288.51,284491.4,82185704.166
1753461068875,16:31:08.875,AAVE/USDT:USDT,288.57,2.5,288.58,1.2,288.51,284491.4,82185704.166
1753461069188,16:31:09.188,AAVE/USDT:USDT,288.57,0.5,288.58,1.2,288.51,284491.4,82185704.166
1753461069508,16:31:09.508,AAVE/USDT:USDT,288.59,2.0,288.6,0.7,288.51,284491.4,82185704.166
1753461069970,16:31:09.970,AAVE/USDT:USDT,288.63,0.9,288.64,0.5,288.51,284491.4,82185704.166
1753461071286,16:31:11.286,AAVE/USDT:USDT,288.6,11.6,288.63,0.5,288.51,284491.4,82185704.166
1753461072348,16:31:12.348,AAVE/USDT:USDT,288.71,1.4,288.72,0.7,288.51,284491.4,82185704.166
1753461072976,16:31:12.976,AAVE/USDT:USDT,288.72,1.9,288.76,0.5,288.51,284491.4,82185704.166
1753461073316,16:31:13.316,AAVE/USDT:USDT,288.76,2.4,288.79,0.2,288.51,284491.4,82185704.166
1753461073666,16:31:13.666,AAVE/USDT:USDT,288.78,5.8,288.79,0.2,288.51,284491.2,82185646.464
1753461074693,16:31:14.693,AAVE/USDT:USDT,288.75,1.2,288.76,1.1,288.51,284491.4,82185704.166
1753461075998,16:31:15.998,AAVE/USDT:USDT,288.66,3.4,288.67,1.2,288.51,284491.4,82185704.166
1753461076376,16:31:16.376,AAVE/USDT:USDT,288.66,0.5,288.7,1.4,288.51,284491.4,82185704.166
1753461077026,16:31:17.026,AAVE/USDT:USDT,288.6,1.8,288.61,1.9,288.51,284491.4,82185704.166
1753461077531,16:31:17.531,AAVE/USDT:USDT,288.61,2.8,288.64,0.5,288.51,284491.4,82185704.166
1753461078256,16:31:18.256,AAVE/USDT:USDT,288.61,2.4,288.62,0.5,288.51,284491.4,82185704.166
1753461078582,16:31:18.582,AAVE/USDT:USDT,288.58,1.7,288.59,0.5,288.51,284491.4,82185704.166
1753461078922,16:31:18.922,AAVE/USDT:USDT,288.59,2.8,288.62,0.5,288.51,284491.4,82185704.166
1753461079569,16:31:19.569,AAVE/USDT:USDT,288.61,2.9,288.62,0.5,288.51,284491.4,82185704.166
1753461079963,16:31:19.963,AAVE/USDT:USDT,288.62,27.1,288.65,2.5,288.51,284491.4,82185704.166
1753461080554,16:31:20.554,AAVE/USDT:USDT,288.59,0.5,288.6,4.8,288.51,284491.4,82185704.166
1753461081160,16:31:21.160,AAVE/USDT:USDT,288.58,0.5,288.59,0.5,288.51,284491.4,82185704.166
1753461081897,16:31:21.897,AAVE/USDT:USDT,288.52,7.3,288.57,27.7,288.51,284491.4,82185704.166
1753461082522,16:31:22.522,AAVE/USDT:USDT,288.58,0.5,288.59,0.5,288.51,284491.4,82185704.166
1753461082919,16:31:22.919,AAVE/USDT:USDT,288.6,4.4,288.61,0.7,288.51,284491.4,82185704.166
1753461083921,16:31:23.921,AAVE/USDT:USDT,288.62,3.4,288.63,2.6,288.51,284491.4,82185704.166
1753461084733,16:31:24.733,AAVE/USDT:USDT,288.62,2.0,288.65,5.7,288.51,284491.4,82185704.166
1753461085065,16:31:25.065,AAVE/USDT:USDT,288.62,2.0,288.65,5.7,288.51,284491.4,82185704.166
1753461085905,16:31:25.905,AAVE/USDT:USDT,288.65,0.5,288.67,0.7,288.51,284491.4,82185704.166
1753461086939,16:31:26.939,AAVE/USDT:USDT,288.71,5.7,288.77,25.8,288.71,284491.4,82185704.166
1753461087894,16:31:27.894,AAVE/USDT:USDT,288.72,26.3,288.73,0.5,288.71,284491.4,82185704.166
1753461088320,16:31:28.320,AAVE/USDT:USDT,288.72,26.3,288.75,0.5,288.71,284491.4,82185704.166
1753461088779,16:31:28.779,AAVE/USDT:USDT,288.65,0.1,288.66,0.6,288.72,284491.4,82185704.166
1753461089315,16:31:29.315,AAVE/USDT:USDT,288.65,0.1,288.66,0.6,288.72,284491.6,82185761.908
1753461090024,16:31:30.024,AAVE/USDT:USDT,288.62,0.5,288.63,0.5,288.72,284491.4,82185704.166
1753461090650,16:31:30.650,AAVE/USDT:USDT,288.66,1.6,288.72,68.1,288.72,284492.2,82185935.14
1753461091103,16:31:31.103,AAVE/USDT:USDT,288.66,0.5,288.68,28.9,288.72,284491.6,82185761.908
1753461091547,16:31:31.547,AAVE/USDT:USDT,288.67,5.2,288.68,0.7,288.72,284492.2,82185935.14
1753461092548,16:31:32.548,AAVE/USDT:USDT,288.67,0.8,288.68,3.3,288.72,284492.2,82185935.14
1753461093255,16:31:33.255,AAVE/USDT:USDT,288.67,0.8,288.68,3.3,288.72,284492.2,82185935.14
1753461093840,16:31:33.840,AAVE/USDT:USDT,288.67,0.5,288.69,23.0,288.72,284492.2,82185935.14
1753461094359,16:31:34.359,AAVE/USDT:USDT,288.64,6.9,288.66,3.4,288.72,284492.2,82185935.14
1753461095354,16:31:35.354,AAVE/USDT:USDT,288.7,1.3,288.71,2.6,288.72,284492.2,82185935.14
1753461096039,16:31:36.039,AAVE/USDT:USDT,288.71,3.4,288.72,0.5,288.72,284492.2,82185935.14
1753461096427,16:31:36.427,AAVE/USDT:USDT,288.77,0.5,288.78,1.2,288.72,284492.2,82185935.14
1753461096810,16:31:36.810,AAVE/USDT:USDT,288.77,0.5,288.78,3.6,288.72,284511.4,82191478.512
1753461097435,16:31:37.435,AAVE/USDT:USDT,288.77,4.3,288.78,0.7,288.72,284511.4,82191478.512
1753461097842,16:31:37.842,AAVE/USDT:USDT,288.79,28.3,288.8,0.1,288.79,284511.4,82191478.512
1753461098184,16:31:38.184,AAVE/USDT:USDT,288.79,28.3,288.8,0.1,288.79,284511.4,82191478.512
1753461098904,16:31:38.904,AAVE/USDT:USDT,288.79,1.6,288.8,0.1,288.79,284511.4,82191478.512
1753461099236,16:31:39.236,AAVE/USDT:USDT,288.79,2.3,288.8,0.1,288.79,284511.4,82191478.512
1753461099557,16:31:39.557,AAVE/USDT:USDT,288.79,0.5,288.8,0.6,288.79,284511.4,82191478.512
1753461099878,16:31:39.878,AAVE/USDT:USDT,288.79,2.8,288.8,0.1,288.79,284511.8,82191594.028
1753461100266,16:31:40.266,AAVE/USDT:USDT,288.83,4.9,288.88,145.4,288.8,284511.8,82191594.028
1753461101058,16:31:41.058,AAVE/USDT:USDT,288.86,0.5,288.87,3.4,288.8,284511.8,82191594.028
1753461101440,16:31:41.440,AAVE/USDT:USDT,288.86,0.5,288.87,3.7,288.8,284511.8,82191594.028
1753461101801,16:31:41.801,AAVE/USDT:USDT,288.86,0.5,288.87,2.6,288.8,284512.0,82191651.788
1753461102147,16:31:42.147,AAVE/USDT:USDT,288.86,0.5,288.87,3.4,288.8,284512.0,82191651.788
1753461103590,16:31:43.590,AAVE/USDT:USDT,288.88,0.5,288.89,0.6,288.8,284512.0,82191651.788
1753461104029,16:31:44.029,AAVE/USDT:USDT,288.86,1.2,288.87,0.5,288.8,284512.0,82191651.788
1753461104820,16:31:44.820,AAVE/USDT:USDT,288.87,29.7,288.89,0.1,288.8,284512.0,82191651.788
1753461105128,16:31:45.128,AAVE/USDT:USDT,288.88,2.8,288.89,0.1,288.8,284512.0,82191651.788
1753461105504,16:31:45.504,AAVE/USDT:USDT,288.88,2.5,288.89,0.1,288.8,284512.0,82191651.788
1753461105820,16:31:45.820,AAVE/USDT:USDT,288.92,4.4,288.93,0.7,288.89,284512.0,82191651.788
1753461106144,16:31:46.144,AAVE/USDT:USDT,288.97,2.4,288.98,1.2,288.89,284512.0,82191651.788
1753461106463,16:31:46.463,AAVE/USDT:USDT,288.97,4.7,288.98,0.7,288.89,284512.0,82191651.788
1753461107198,16:31:47.198,AAVE/USDT:USDT,288.97,0.5,288.98,1.2,288.89,284512.0,82191651.788
1753461107513,16:31:47.513,AAVE/USDT:USDT,288.97,4.3,288.98,0.7,288.89,284512.2,82191709.566
1753461108839,16:31:48.839,AAVE/USDT:USDT,288.94,2.4,288.96,1.1,288.89,284511.8,82191594.028
1753461109652,16:31:49.652,AAVE/USDT:USDT,288.91,3.5,288.92,1.8,288.89,284519.2,82193731.866
1753461110556,16:31:50.556,AAVE/USDT:USDT,288.86,0.5,288.87,5.7,288.9,284512.0,82191651.788
1753461111534,16:31:51.534,AAVE/USDT:USDT,288.59,2.7,288.6,9.4,288.6,284512.2,82191709.566
1753461111995,16:31:51.995,AAVE/USDT:USDT,288.56,4.5,288.57,267.4,288.57,284519.2,82193731.866
1753461112605,16:31:52.605,AAVE/USDT:USDT,288.55,0.5,288.57,28.9,288.57,284666.8,82236339.584
1753461112926,16:31:52.926,AAVE/USDT:USDT,288.45,0.5,288.49,25.8,288.53,284672.0,82237840.148
1753461113652,16:31:53.652,AAVE/USDT:USDT,288.55,2.4,288.57,0.7,288.47,284672.0,82237840.148
1753461113965,16:31:53.965,AAVE/USDT:USDT,288.57,0.8,288.58,0.5,288.47,284672.6,82238013.266
1753461114280,16:31:54.280,AAVE/USDT:USDT,288.57,0.3,288.58,3.8,288.47,284672.6,82238013.266
1753461114671,16:31:54.671,AAVE/USDT:USDT,288.57,2.8,288.59,1.9,288.47,284672.6,82238013.266
1753461115322,16:31:55.322,AAVE/USDT:USDT,288.51,10.5,288.54,2.9,288.47,284673.8,82238359.43
1753461115634,16:31:55.634,AAVE/USDT:USDT,288.55,2.8,288.56,0.5,288.47,284673.8,82238359.43
1753461116325,16:31:56.325,AAVE/USDT:USDT,288.55,0.4,288.56,2.6,288.47,284673.8,82238359.43
1753461117013,16:31:57.013,AAVE/USDT:USDT,288.44,31.1,288.47,2.4,288.55,284673.8,82238359.43
1753461117376,16:31:57.376,AAVE/USDT:USDT,288.43,1.2,288.44,3.1,288.55,284674.8,82238647.98
1753461117690,16:31:57.690,AAVE/USDT:USDT,288.43,1.2,288.44,3.1,288.55,284674.8,82238647.98
1753461118006,16:31:58.006,AAVE/USDT:USDT,288.43,0.3,288.44,1.0,288.55,284674.8,82238647.98
1753461118338,16:31:58.338,AAVE/USDT:USDT,288.42,0.5,288.43,31.3,288.55,284674.8,82238647.98
1753461118700,16:31:58.700,AAVE/USDT:USDT,288.42,2.9,288.43,2.1,288.55,284674.8,82238647.98
1753461119698,16:31:59.698,AAVE/USDT:USDT,288.47,4.0,288.49,2.1,288.55,284674.8,82238647.98
1753461120427,16:32:00.427,AAVE/USDT:USDT,288.49,2.5,288.5,2.6,288.55,284674.8,82238647.98
1753461120751,16:32:00.751,AAVE/USDT:USDT,288.51,0.5,288.52,3.1,288.51,284674.8,82238647.98
1753461121188,16:32:01.188,AAVE/USDT:USDT,288.52,0.4,288.53,0.5,288.53,284488.8,82184990.782
1753461123230,16:32:03.230,AAVE/USDT:USDT,288.52,0.7,288.53,2.1,288.53,284551.6,82203110.256
1753461123956,16:32:03.956,AAVE/USDT:USDT,288.47,0.5,288.48,3.6,288.55,284488.8,82184990.782
1753461124335,16:32:04.335,AAVE/USDT:USDT,288.44,0.3,288.47,2.1,288.47,284552.6,82203398.814
1753461124657,16:32:04.657,AAVE/USDT:USDT,288.44,4.1,288.45,1.0,288.47,284552.6,82203398.814
1753461125084,16:32:05.084,AAVE/USDT:USDT,288.54,4.0,288.57,91.9,288.47,284488.8,82184990.782
1753461125613,16:32:05.613,AAVE/USDT:USDT,288.56,6.2,288.57,66.1,288.47,284553.6,82203687.284
1753461126251,16:32:06.251,AAVE/USDT:USDT,288.63,5.5,288.64,0.5,288.47,284553.6,82203687.284
1753461126633,16:32:06.633,AAVE/USDT:USDT,288.67,25.8,288.71,0.5,288.47,284553.6,82203687.284
1753461126960,16:32:06.960,AAVE/USDT:USDT,288.67,25.8,288.71,0.5,288.47,284553.6,82203687.284
1753461127704,16:32:07.704,AAVE/USDT:USDT,288.63,0.7,288.64,2.6,288.47,284551.6,82203110.256
1753461128211,16:32:08.211,AAVE/USDT:USDT,288.61,0.4,288.62,26.5,288.47,284551.6,82203110.256
1753461128926,16:32:08.926,AAVE/USDT:USDT,288.69,6.2,288.7,0.5,288.47,284553.6,82203687.284
1753461129282,16:32:09.282,AAVE/USDT:USDT,288.72,4.1,288.73,66.1,288.47,284553.6,82203687.284
1753461129612,16:32:09.612,AAVE/USDT:USDT,288.72,4.1,288.73,66.1,288.47,284553.6,82203687.284
1753461129968,16:32:09.968,AAVE/USDT:USDT,288.66,0.8,288.67,2.9,288.71,284553.6,82203687.284
1753461131273,16:32:11.273,AAVE/USDT:USDT,288.61,0.9,288.62,1.0,288.65,284553.6,82203687.284
1753461131726,16:32:11.726,AAVE/USDT:USDT,288.58,0.3,288.6,2.9,288.65,284560.6,82205708.31
1753461132996,16:32:12.996,AAVE/USDT:USDT,288.47,0.8,288.48,2.1,288.48,284560.6,82205708.31
1753461133324,16:32:13.324,AAVE/USDT:USDT,288.47,0.8,288.48,2.1,288.48,284553.6,82203687.284
1753461133898,16:32:13.898,AAVE/USDT:USDT,288.47,0.5,288.48,2.6,288.48,284564.0,82206689.202
1753461134262,16:32:14.262,AAVE/USDT:USDT,288.45,0.1,288.46,3.3,288.48,284564.0,82206689.202
1753461134578,16:32:14.578,AAVE/USDT:USDT,288.44,0.9,288.45,0.5,288.48,284564.0,82206689.202
1753461134894,16:32:14.894,AAVE/USDT:USDT,288.44,0.1,288.45,1.3,288.48,284564.0,82206689.202
1753461135434,16:32:15.434,AAVE/USDT:USDT,288.32,47.0,288.38,555.6,288.38,284564.0,82206689.202
1753461136416,16:32:16.416,AAVE/USDT:USDT,288.39,4.4,288.42,68.5,288.38,284564.6,82206862.23
1753461137171,16:32:17.171,AAVE/USDT:USDT,288.41,0.8,288.42,1.2,288.38,284564.0,82206689.202
1753461137603,16:32:17.603,AAVE/USDT:USDT,288.41,0.5,288.42,3.3,288.38,284560.6,82205708.31
1753461138367,16:32:18.367,AAVE/USDT:USDT,288.37,2.1,288.39,0.5,288.38,284564.6,82206862.23
1753461139224,16:32:19.224,AAVE/USDT:USDT,288.36,0.5,288.37,28.4,288.38,284564.6,82206862.23
1753461139558,16:32:19.558,AAVE/USDT:USDT,288.38,4.4,288.42,66.1,288.38,284564.6,82206862.23
1753461140298,16:32:20.298,AAVE/USDT:USDT,288.39,0.8,288.4,2.1,288.38,284564.6,82206862.23
1753461141007,16:32:21.007,AAVE/USDT:USDT,288.41,0.5,288.42,1.9,288.38,284564.6,82206862.23
1753461141363,16:32:21.363,AAVE/USDT:USDT,288.43,2.8,288.46,68.7,288.38,284564.6,82206862.23
1753461141716,16:32:21.716,AAVE/USDT:USDT,288.38,5.7,288.39,0.5,288.41,284564.6,82206862.23
1753461142066,16:32:22.066,AAVE/USDT:USDT,288.38,5.7,288.39,0.5,288.41,284564.6,82206862.23
1753461142394,16:32:22.394,AAVE/USDT:USDT,288.38,5.7,288.39,0.5,288.41,284565.6,82207150.64
1753461142731,16:32:22.731,AAVE/USDT:USDT,288.41,0.5,288.42,3.1,288.41,284565.6,82207150.64
1753461143184,16:32:23.184,AAVE/USDT:USDT,288.43,4.4,288.44,0.2,288.41,284565.6,82207150.64
1753461143912,16:32:23.912,AAVE/USDT:USDT,288.49,2.1,288.5,66.1,288.41,284565.6,82207150.64
1753461144657,16:32:24.657,AAVE/USDT:USDT,288.49,2.1,288.5,66.6,288.41,284565.6,82207150.64
1753461145086,16:32:25.086,AAVE/USDT:USDT,288.58,2.5,288.59,5.2,288.41,284565.6,82207150.64
1753461145659,16:32:25.659,AAVE/USDT:USDT,288.49,2.8,288.51,3.1,288.41,284565.6,82207150.64
1753461145989,16:32:25.989,AAVE/USDT:USDT,288.49,2.8,288.51,3.1,288.41,284565.6,82207150.64
1753461146640,16:32:26.640,AAVE/USDT:USDT,288.49,2.8,288.5,1.4,288.41,284565.6,82207150.64
1753461146982,16:32:26.982,AAVE/USDT:USDT,288.49,7.2,288.54,28.4,288.41,284565.6,82207150.64
1753461147296,16:32:27.296,AAVE/USDT:USDT,288.51,2.1,288.54,28.2,288.41,284565.6,82207150.64
1753461147644,16:32:27.644,AAVE/USDT:USDT,288.54,3.2,288.59,5.2,288.53,284564.6,82206862.23
1753461148783,16:32:28.783,AAVE/USDT:USDT,288.59,1.9,288.61,0.7,288.53,284565.6,82207150.64
1753461149100,16:32:29.100,AAVE/USDT:USDT,288.57,0.5,288.58,2.6,288.53,284570.4,82208535.584
1753461149450,16:32:29.450,AAVE/USDT:USDT,288.57,0.5,288.58,2.6,288.53,284570.4,82208535.584
1753461149767,16:32:29.767,AAVE/USDT:USDT,288.55,4.1,288.56,0.5,288.53,284570.4,82208535.584
1753461150092,16:32:30.092,AAVE/USDT:USDT,288.51,31.1,288.54,0.9,288.55,284570.4,82208535.584
1753461150533,16:32:30.533,AAVE/USDT:USDT,288.51,26.7,288.52,0.5,288.55,284571.4,82208824.134
1753461151337,16:32:31.337,AAVE/USDT:USDT,288.51,0.9,288.52,0.9,288.55,284571.4,82208824.134
1753461151747,16:32:31.747,AAVE/USDT:USDT,288.51,0.5,288.52,1.9,288.55,284571.4,82208824.134
1753461152879,16:32:32.879,AAVE/USDT:USDT,288.47,3.1,288.49,0.5,288.55,284571.4,82208824.134
1753461153310,16:32:33.310,AAVE/USDT:USDT,288.47,5.1,288.48,0.5,288.55,284565.6,82207150.64
1753461154231,16:32:34.231,AAVE/USDT:USDT,288.55,1.9,288.59,66.6,288.55,284571.4,82208824.134
1753461154575,16:32:34.575,AAVE/USDT:USDT,288.53,25.8,288.56,0.5,288.55,284571.4,82208824.134
1753461154905,16:32:34.905,AAVE/USDT:USDT,288.53,28.7,288.56,2.9,288.55,284571.4,82208824.134
1753461155300,16:32:35.300,AAVE/USDT:USDT,288.51,2.4,288.53,0.5,288.55,284571.4,82208824.134
1753461155649,16:32:35.649,AAVE/USDT:USDT,288.51,7.3,288.53,0.5,288.55,284571.4,82208824.134
1753461155989,16:32:35.989,AAVE/USDT:USDT,288.51,7.3,288.53,0.5,288.55,284571.4,82208824.134
1753461156970,16:32:36.970,AAVE/USDT:USDT,288.56,4.5,288.6,0.5,288.55,284571.4,82208824.134
1753461157305,16:32:37.305,AAVE/USDT:USDT,288.56,4.5,288.6,0.5,288.55,284571.4,82208824.134
1753461157648,16:32:37.648,AAVE/USDT:USDT,288.58,0.4,288.59,0.5,288.55,284571.4,82208824.134
1753461158667,16:32:38.667,AAVE/USDT:USDT,288.59,1.9,288.6,0.5,288.55,284571.4,82208824.134
1753461159346,16:32:39.346,AAVE/USDT:USDT,288.53,8.2,288.57,3.1,288.55,284571.4,82208824.134
1753461160335,16:32:40.335,AAVE/USDT:USDT,288.54,0.4,288.58,0.9,288.55,284571.4,82208824.134
1753461161491,16:32:41.491,AAVE/USDT:USDT,288.42,0.1,288.45,39.3,288.52,284571.4,82208824.134
1753461162219,16:32:42.219,AAVE/USDT:USDT,288.38,0.3,288.39,0.7,288.4,284623.2,82223769.446
1753461162534,16:32:42.534,AAVE/USDT:USDT,288.48,3.8,288.49,5.7,288.4,284623.2,82223769.446
1753461162945,16:32:42.945,AAVE/USDT:USDT,288.34,9.0,288.38,1.0,288.4,284623.2,82223769.446
1753461163354,16:32:43.354,AAVE/USDT:USDT,288.35,0.5,288.41,27.7,288.4,284623.2,82223769.446
1753461163674,16:32:43.674,AAVE/USDT:USDT,288.43,1.9,288.46,5.2,288.4,284623.2,82223769.446
1753461164000,16:32:44.000,AAVE/USDT:USDT,288.47,1.9,288.48,66.6,288.4,284623.2,82223769.446
1753461164716,16:32:44.716,AAVE/USDT:USDT,288.51,3.9,288.52,0.2,288.4,284623.2,82223769.446
1753461165037,16:32:45.037,AAVE/USDT:USDT,288.51,0.3,288.52,0.2,288.4,284623.2,82223769.446
1753461165482,16:32:45.482,AAVE/USDT:USDT,288.4,0.1,288.41,2.4,288.4,284623.2,82223769.446
1753461166276,16:32:46.276,AAVE/USDT:USDT,288.4,4.3,288.43,0.5,288.4,284623.2,82223769.446
1753461166928,16:32:46.928,AAVE/USDT:USDT,288.45,0.3,288.46,1.0,288.42,284571.4,82208824.134
1753461167542,16:32:47.542,AAVE/USDT:USDT,288.45,0.3,288.46,1.0,288.42,284623.4,82223827.13
1753461167900,16:32:47.900,AAVE/USDT:USDT,288.59,1.5,288.62,7.1,288.42,284623.4,82223827.13
1753461168256,16:32:48.256,AAVE/USDT:USDT,288.58,1.9,288.59,2.4,288.42,284623.4,82223827.13
1753461168574,16:32:48.574,AAVE/USDT:USDT,288.58,1.9,288.59,2.4,288.42,284623.4,82223827.13
1753461168888,16:32:48.888,AAVE/USDT:USDT,288.57,2.2,288.59,2.6,288.42,284623.2,82223769.446
1753461169373,16:32:49.373,AAVE/USDT:USDT,288.57,4.1,288.59,2.6,288.42,284623.4,82223827.13
1753461169687,16:32:49.687,AAVE/USDT:USDT,288.55,25.8,288.56,1.0,288.42,284623.4,82223827.13
1753461170023,16:32:50.023,AAVE/USDT:USDT,288.55,25.8,288.56,1.0,288.42,284623.4,82223827.13
1753461170439,16:32:50.439,AAVE/USDT:USDT,288.51,34.6,288.52,0.5,288.42,284623.4,82223827.13
1753461171127,16:32:51.127,AAVE/USDT:USDT,288.56,1.5,288.59,2.4,288.42,284623.4,82223827.13
1753461171442,16:32:51.442,AAVE/USDT:USDT,288.58,2.2,288.59,0.5,288.42,284623.4,82223827.13
1753461172159,16:32:52.159,AAVE/USDT:USDT,288.56,2.8,288.57,0.5,288.42,284623.4,82223827.13
1753461172484,16:32:52.484,AAVE/USDT:USDT,288.59,0.2,288.61,1.9,288.42,284623.4,82223827.13
1753461172928,16:32:52.928,AAVE/USDT:USDT,288.59,0.3,288.6,1.2,288.42,284623.4,82223827.13
1753461173723,16:32:53.723,AAVE/USDT:USDT,288.57,0.3,288.58,0.5,288.42,284623.4,82223827.13
1753461174704,16:32:54.704,AAVE/USDT:USDT,288.57,0.3,288.58,0.5,288.42,284623.4,82223827.13
1753461175462,16:32:55.462,AAVE/USDT:USDT,288.53,1.7,288.54,1.0,288.42,284623.4,82223827.13
1753461175884,16:32:55.884,AAVE/USDT:USDT,288.56,3.2,288.57,0.7,288.42,284623.4,82223827.13
1753461176903,16:32:56.903,AAVE/USDT:USDT,288.54,6.7,288.55,0.5,288.42,284623.4,82223827.13
1753461177211,16:32:57.211,AAVE/USDT:USDT,288.57,2.2,288.58,0.5,288.42,284623.4,82223827.13
1753461177522,16:32:57.522,AAVE/USDT:USDT,288.58,3.9,288.61,0.5,288.42,284623.4,82223827.13
1753461177965,16:32:57.965,AAVE/USDT:USDT,288.6,0.3,288.61,0.5,288.42,284623.4,82223827.13
1753461178399,16:32:58.399,AAVE/USDT:USDT,288.48,25.8,288.53,2.4,288.56,284623.4,82223827.13
1753461179028,16:32:59.028,AAVE/USDT:USDT,288.5,1.9,288.51,0.5,288.56,284623.4,82223827.13
1753461179380,16:32:59.380,AAVE/USDT:USDT,288.48,34.4,288.49,0.5,288.56,284625.0,82224288.826
1753461179702,16:32:59.702,AAVE/USDT:USDT,288.48,34.4,288.49,0.5,288.56,284625.0,82224288.826
1753461180015,16:33:00.015,AAVE/USDT:USDT,288.48,34.4,288.49,0.5,288.56,284625.0,82224288.826
1753461180465,16:33:00.465,AAVE/USDT:USDT,288.48,33.8,288.49,0.5,288.56,284531.6,82197411.05
1753461181079,16:33:01.079,AAVE/USDT:USDT,288.5,1.9,288.51,0.5,288.56,284625.0,82224288.826
1753461181401,16:33:01.401,AAVE/USDT:USDT,288.37,9.9,288.38,2.1,288.39,284531.6,82197411.05
1753461181796,16:33:01.796,AAVE/USDT:USDT,288.4,7.7,288.42,0.5,288.39,284531.6,82197411.05
1753461182561,16:33:02.561,AAVE/USDT:USDT,288.21,10.3,288.22,0.5,288.33,284533.6,82197987.866
1753461182888,16:33:02.888,AAVE/USDT:USDT,288.2,0.2,288.21,2.2,288.33,284533.6,82197987.866
1753461183346,16:33:03.346,AAVE/USDT:USDT,288.18,3.9,288.21,1.9,288.33,284623.4,82223827.13
1753461184081,16:33:04.081,AAVE/USDT:USDT,288.18,3.9,288.21,1.9,288.33,284623.4,82223827.13
1753461185106,16:33:05.106,AAVE/USDT:USDT,288.29,3.9,288.34,25.8,288.33,284585.2,82212865.694
1753461185430,16:33:05.430,AAVE/USDT:USDT,288.24,27.0,288.28,0.2,288.33,284585.2,82212865.694
1753461185825,16:33:05.825,AAVE/USDT:USDT,288.24,3.0,288.25,2.9,288.33,284585.2,82212865.694
1753461186563,16:33:06.563,AAVE/USDT:USDT,288.2,4.5,288.21,0.5,288.33,284585.2,82212865.694
1753461187482,16:33:07.482,AAVE/USDT:USDT,288.25,1.9,288.29,0.7,288.33,284585.2,82212865.694
1753461187808,16:33:07.808,AAVE/USDT:USDT,288.2,2.5,288.23,3.2,288.33,284585.2,82212865.694
1753461188285,16:33:08.285,AAVE/USDT:USDT,288.2,1.9,288.21,0.5,288.33,284533.6,82197987.866
1753461188905,16:33:08.905,AAVE/USDT:USDT,288.21,0.4,288.23,2.4,288.33,284585.2,82212865.694
1753461189231,16:33:09.231,AAVE/USDT:USDT,288.23,0.6,288.25,0.5,288.33,284585.2,82212865.694
1753461189582,16:33:09.582,AAVE/USDT:USDT,288.22,4.3,288.23,0.3,288.33,284585.2,82212865.694
1753461189904,16:33:09.904,AAVE/USDT:USDT,288.22,4.3,288.23,0.3,288.33,284585.2,82212865.694
1753461190229,16:33:10.229,AAVE/USDT:USDT,288.12,3.9,288.16,1.8,288.33,284585.2,82212865.694
1753461190621,16:33:10.621,AAVE/USDT:USDT,288.13,37.6,288.17,0.7,288.33,284585.2,82212865.694
1753461191012,16:33:11.012,AAVE/USDT:USDT,288.13,37.6,288.17,0.7,288.33,284585.2,82212865.694
1753461191393,16:33:11.393,AAVE/USDT:USDT,288.12,4.0,288.16,4.7,288.33,284585.2,82212865.694
1753461191721,16:33:11.721,AAVE/USDT:USDT,288.12,5.8,288.14,4.5,288.33,284585.2,82212865.694
1753461192172,16:33:12.172,AAVE/USDT:USDT,288.13,3.8,288.17,0.7,288.33,284585.2,82212865.694
1753461192788,16:33:12.788,AAVE/USDT:USDT,288.15,0.8,288.16,0.5,288.33,284585.2,82212865.694
1753461193281,16:33:13.281,AAVE/USDT:USDT,288.16,5.6,288.19,0.7,288.33,284585.2,82212865.694
1753461193697,16:33:13.697,AAVE/USDT:USDT,288.14,8.6,288.18,1.9,288.33,284585.2,82212865.694
1753461194690,16:33:14.690,AAVE/USDT:USDT,288.17,3.9,288.21,1.9,288.33,284585.2,82212865.694
1753461195007,16:33:15.007,AAVE/USDT:USDT,288.17,3.9,288.21,1.9,288.33,284585.2,82212865.694
1753461195334,16:33:15.334,AAVE/USDT:USDT,288.22,32.2,288.23,0.5,288.33,284585.2,82212865.694
1753461195807,16:33:15.807,AAVE/USDT:USDT,288.18,8.5,288.2,2.4,288.33,284585.2,82212865.694
1753461196990,16:33:16.990,AAVE/USDT:USDT,288.11,8.5,288.13,0.5,288.33,284585.2,82212865.694
1753461197390,16:33:17.390,AAVE/USDT:USDT,288.03,17.6,288.08,206.9,288.33,284585.2,82212865.694
1753461198106,16:33:18.106,AAVE/USDT:USDT,287.99,30.9,288.04,0.5,288.33,284585.2,82212865.694
1753461198884,16:33:18.884,AAVE/USDT:USDT,288.04,1.5,288.06,2.4,288.33,284585.2,82212865.694
1753461199759,16:33:19.759,AAVE/USDT:USDT,288.04,7.9,288.05,0.5,288.33,284585.2,82212865.694
1753461200076,16:33:20.076,AAVE/USDT:USDT,288.05,2.2,288.11,8.1,288.33,284585.2,82212865.694
1753461200391,16:33:20.391,AAVE/USDT:USDT,288.09,1.9,288.11,0.5,288.33,284585.2,82212865.694
1753461200762,16:33:20.762,AAVE/USDT:USDT,288.09,5.3,288.12,0.2,288.33,284585.2,82212865.694
1753461201100,16:33:21.100,AAVE/USDT:USDT,288.09,5.3,288.12,0.2,288.33,284585.2,82212865.694
1753461201420,16:33:21.420,AAVE/USDT:USDT,288.13,1.0,288.15,2.5,288.33,284585.2,82212865.694
1753461202092,16:33:22.092,AAVE/USDT:USDT,288.17,1.9,288.21,4.9,288.33,284585.2,82212865.694
1753461202420,16:33:22.420,AAVE/USDT:USDT,288.17,1.9,288.21,4.9,288.33,284585.2,82212865.694
1753461202732,16:33:22.732,AAVE/USDT:USDT,288.17,2.4,288.2,1.9,288.33,284585.2,82212865.694
1753461203128,16:33:23.128,AAVE/USDT:USDT,288.16,31.5,288.18,2.4,288.33,284585.2,82212865.694
1753461203500,16:33:23.500,AAVE/USDT:USDT,288.14,8.4,288.17,2.4,288.33,284585.2,82212865.694
1753461203811,16:33:23.811,AAVE/USDT:USDT,288.14,8.4,288.17,2.4,288.33,284585.2,82212865.694
1753461204126,16:33:24.126,AAVE/USDT:USDT,288.15,0.4,288.17,2.4,288.33,284585.2,82212865.694
1753461204880,16:33:24.880,AAVE/USDT:USDT,288.09,3.0,288.14,28.9,288.33,284585.2,82212865.694
1753461205191,16:33:25.191,AAVE/USDT:USDT,288.16,1.9,288.17,25.8,288.33,284585.2,82212865.694
1753461205582,16:33:25.582,AAVE/USDT:USDT,288.19,2.0,288.2,66.2,288.33,284585.2,82212865.694
1753461206266,16:33:26.266,AAVE/USDT:USDT,288.21,0.4,288.22,2.6,288.33,284585.2,82212865.694
1753461206580,16:33:26.580,AAVE/USDT:USDT,288.25,3.5,288.28,2.6,288.33,284585.2,82212865.694
1753461206931,16:33:26.931,AAVE/USDT:USDT,288.24,4.2,288.25,0.5,288.33,284585.2,82212865.694
1753461207260,16:33:27.260,AAVE/USDT:USDT,288.19,1.6,288.25,0.5,288.33,284585.2,82212865.694
1753461208329,16:33:28.329,AAVE/USDT:USDT,288.17,27.0,288.21,0.5,288.33,284585.2,82212865.694
1753461209303,16:33:29.303,AAVE/USDT:USDT,288.32,0.4,288.33,2.6,288.33,284585.2,82212865.694
1753461209655,16:33:29.655,AAVE/USDT:USDT,288.35,0.4,288.36,2.6,288.33,284585.2,82212865.694
1753461209966,16:33:29.966,AAVE/USDT:USDT,288.35,0.4,288.36,2.6,288.33,284585.2,82212865.694
1753461210282,16:33:30.282,AAVE/USDT:USDT,288.35,5.3,288.36,2.6,288.33,284585.2,82212865.694
1753461210618,16:33:30.618,AAVE/USDT:USDT,288.35,2.4,288.36,2.1,288.33,284585.2,82212865.694
1753461210977,16:33:30.977,AAVE/USDT:USDT,288.35,2.4,288.36,2.1,288.33,284585.2,82212865.694
1753461211297,16:33:31.297,AAVE/USDT:USDT,288.3,11.2,288.33,2.1,288.33,284585.2,82212865.694
1753461211694,16:33:31.694,AAVE/USDT:USDT,288.31,0.4,288.32,0.5,288.33,284585.2,82212865.694
1753461212138,16:33:32.138,AAVE/USDT:USDT,288.28,1.0,288.29,2.4,288.33,284585.2,82212865.694
1753461212805,16:33:32.805,AAVE/USDT:USDT,288.3,5.4,288.33,1.9,288.33,284585.2,82212865.694
1753461213138,16:33:33.138,AAVE/USDT:USDT,288.28,0.1,288.31,3.1,288.33,284585.2,82212865.694
1753461213847,16:33:33.847,AAVE/USDT:USDT,288.3,0.4,288.31,2.1,288.33,284585.2,82212865.694
1753461214160,16:33:34.160,AAVE/USDT:USDT,288.3,0.9,288.36,25.8,288.33,284585.2,82212865.694
1753461214504,16:33:34.504,AAVE/USDT:USDT,288.29,1.0,288.32,1.0,288.33,284585.2,82212865.694
1753461214837,16:33:34.837,AAVE/USDT:USDT,288.26,26.6,288.3,0.5,288.33,284585.2,82212865.694
1753461215154,16:33:35.154,AAVE/USDT:USDT,288.24,0.4,288.25,1.9,288.33,284585.2,82212865.694
1753461215463,16:33:35.463,AAVE/USDT:USDT,288.24,2.2,288.25,0.5,288.33,284585.2,82212865.694
1753461216056,16:33:36.056,AAVE/USDT:USDT,288.24,2.2,288.25,0.5,288.33,284585.2,82212865.694
1753461216802,16:33:36.802,AAVE/USDT:USDT,288.24,0.3,288.27,2.9,288.33,284585.2,82212865.694
1753461217612,16:33:37.612,AAVE/USDT:USDT,288.24,5.1,288.27,2.4,288.33,284585.2,82212865.694
1753461218318,16:33:38.318,AAVE/USDT:USDT,288.25,2.3,288.27,5.0,288.33,284585.2,82212865.694
1753461218649,16:33:38.649,AAVE/USDT:USDT,288.25,2.3,288.27,5.0,288.33,284585.2,82212865.694
1753461218980,16:33:38.980,AAVE/USDT:USDT,288.28,9.6,288.32,0.5,288.33,284585.2,82212865.694
1753461219366,16:33:39.366,AAVE/USDT:USDT,288.32,3.9,288.35,0.7,288.33,284585.2,82212865.694
1753461219718,16:33:39.718,AAVE/USDT:USDT,288.31,25.8,288.32,1.9,288.33,284585.2,82212865.694
1753461220036,16:33:40.036,AAVE/USDT:USDT,288.31,25.8,288.32,1.9,288.33,284585.2,82212865.694
1753461220370,16:33:40.370,AAVE/USDT:USDT,288.26,0.8,288.31,25.8,288.33,284585.2,82212865.694
1753461221137,16:33:41.137,AAVE/USDT:USDT,288.31,0.3,288.32,0.5,288.33,284585.2,82212865.694
1753461222118,16:33:42.118,AAVE/USDT:USDT,288.35,4.8,288.36,0.5,288.33,284585.2,82212865.694
1753461222476,16:33:42.476,AAVE/USDT:USDT,288.32,32.9,288.34,0.5,288.33,284585.2,82212865.694
1753461222791,16:33:42.791,AAVE/USDT:USDT,288.32,25.8,288.36,2.6,288.33,284585.2,82212865.694
1753461223526,16:33:43.526,AAVE/USDT:USDT,288.35,0.3,288.36,2.6,288.33,284585.2,82212865.694
1753461223843,16:33:43.843,AAVE/USDT:USDT,288.35,0.3,288.36,2.6,288.33,284585.2,82212865.694
1753461224153,16:33:44.153,AAVE/USDT:USDT,288.29,5.2,288.33,2.4,288.33,284585.2,82212865.694
1753461224592,16:33:44.592,AAVE/USDT:USDT,288.25,4.5,288.27,2.4,288.33,284585.2,82212865.694
1753461225297,16:33:45.297,AAVE/USDT:USDT,288.27,7.7,288.28,2.4,288.33,284585.2,82212865.694
1753461225763,16:33:45.763,AAVE/USDT:USDT,288.27,0.3,288.28,2.9,288.33,284585.2,82212865.694
1753461226263,16:33:46.263,AAVE/USDT:USDT,288.27,4.9,288.3,0.5,288.33,284585.2,82212865.694
1753461226620,16:33:46.620,AAVE/USDT:USDT,288.26,0.4,288.28,0.5,288.33,284585.2,82212865.694
1753461227027,16:33:47.027,AAVE/USDT:USDT,288.26,3.2,288.27,0.5,288.33,284585.2,82212865.694
1753461227359,16:33:47.359,AAVE/USDT:USDT,288.26,2.4,288.29,1.9,288.33,284585.2,82212865.694
1753461227677,16:33:47.677,AAVE/USDT:USDT,288.26,0.4,288.27,0.5,288.33,284585.2,82212865.694
1753461228109,16:33:48.109,AAVE/USDT:USDT,288.26,0.7,288.27,0.5,288.33,284585.2,82212865.694
1753461228795,16:33:48.795,AAVE/USDT:USDT,288.27,0.3,288.29,2.4,288.33,284585.2,82212865.694
1753461229110,16:33:49.110,AAVE/USDT:USDT,288.23,25.9,288.26,0.2,288.33,284585.2,82212865.694
1753461229583,16:33:49.583,AAVE/USDT:USDT,288.29,0.3,288.3,2.6,288.33,284585.2,82212865.694
1753461230797,16:33:50.797,AAVE/USDT:USDT,288.31,0.3,288.32,0.5,288.33,284585.2,82212865.694
1753461231112,16:33:51.112,AAVE/USDT:USDT,288.33,4.2,288.34,5.2,288.33,284585.2,82212865.694
1753461231435,16:33:51.435,AAVE/USDT:USDT,288.33,4.2,288.34,5.2,288.33,284585.2,82212865.694
1753461232132,16:33:52.132,AAVE/USDT:USDT,288.33,1.9,288.35,2.6,288.33,284585.2,82212865.694
1753461232488,16:33:52.488,AAVE/USDT:USDT,288.33,1.9,288.35,2.6,288.33,284585.2,82212865.694
1753461232810,16:33:52.810,AAVE/USDT:USDT,288.33,1.9,288.35,0.7,288.33,284585.2,82212865.694
1753461233182,16:33:53.182,AAVE/USDT:USDT,288.23,29.3,288.25,1.0,288.33,284585.2,82212865.694
1753461233500,16:33:53.500,AAVE/USDT:USDT,288.18,0.6,288.19,22.8,288.33,284585.2,82212865.694
1753461234669,16:33:54.669,AAVE/USDT:USDT,287.94,2.6,287.98,30.3,288.0,284585.2,82212865.694
1753461235323,16:33:55.323,AAVE/USDT:USDT,287.82,1.9,287.83,0.5,288.0,284585.2,82212865.694
1753461235905,16:33:55.905,AAVE/USDT:USDT,287.84,4.1,287.86,0.5,288.0,284617.2,82222082.726
1753461236223,16:33:56.223,AAVE/USDT:USDT,287.84,0.2,287.86,3.5,288.0,284617.2,82222082.726
1753461236544,16:33:56.544,AAVE/USDT:USDT,287.78,2.6,287.79,4.7,288.0,284617.2,82222082.726
1753461236931,16:33:56.931,AAVE/USDT:USDT,287.76,0.8,287.77,4.0,288.0,284617.2,82222082.726
1753461237274,16:33:57.274,AAVE/USDT:USDT,287.76,0.8,287.77,4.0,288.0,284617.2,82222082.726
1753461237587,16:33:57.587,AAVE/USDT:USDT,287.78,1.9,287.79,0.5,288.0,284617.2,82222082.726
1753461238094,16:33:58.094,AAVE/USDT:USDT,287.74,1.9,287.76,0.4,288.0,284617.2,82222082.726
1753461238462,16:33:58.462,AAVE/USDT:USDT,287.73,12.9,287.74,2.1,288.0,284617.2,82222082.726
1753461238778,16:33:58.778,AAVE/USDT:USDT,287.72,27.7,287.74,3.0,288.0,284617.2,82222082.726
1753461239096,16:33:59.096,AAVE/USDT:USDT,287.7,7.4,287.72,0.9,287.71,284617.2,82222082.726
1753461239782,16:33:59.782,AAVE/USDT:USDT,287.7,0.7,287.71,1.4,287.71,284617.2,82222082.726
1753461240101,16:34:00.101,AAVE/USDT:USDT,287.69,3.8,287.72,0.5,287.69,284617.8,82222255.352
1753461240567,16:34:00.567,AAVE/USDT:USDT,287.72,1.0,287.73,3.8,287.7,284469.2,82179475.96
1753461241590,16:34:01.590,AAVE/USDT:USDT,287.71,0.1,287.72,1.4,287.7,284585.2,82212865.694
1753461242439,16:34:02.439,AAVE/USDT:USDT,287.74,4.2,287.77,2.4,287.7,284469.2,82179475.96
1753461242761,16:34:02.761,AAVE/USDT:USDT,287.67,25.8,287.68,1.2,287.68,284469.2,82179475.96
1753461243135,16:34:03.135,AAVE/USDT:USDT,287.6,14.4,287.61,1.4,287.64,284617.2,82222082.726
1753461243911,16:34:03.911,AAVE/USDT:USDT,287.71,0.5,287.72,1.4,287.66,284526.2,82195873.972
1753461244912,16:34:04.912,AAVE/USDT:USDT,287.66,0.5,287.67,1.1,287.67,284523.0,82194953.488
1753461246001,16:34:06.001,AAVE/USDT:USDT,287.74,0.5,287.75,2.3,287.67,284542.0,82200419.158
1753461246668,16:34:06.668,AAVE/USDT:USDT,287.8,5.9,287.81,0.5,287.67,284542.0,82200419.158
1753461246993,16:34:06.993,AAVE/USDT:USDT,287.74,0.4,287.75,1.0,287.76,284542.0,82200419.158
1753461247334,16:34:07.334,AAVE/USDT:USDT,287.73,6.9,287.74,0.9,287.76,284542.0,82200419.158
1753461247654,16:34:07.654,AAVE/USDT:USDT,287.73,6.9,287.74,0.9,287.76,284543.0,82200706.918
1753461247968,16:34:07.968,AAVE/USDT:USDT,287.76,2.5,287.78,1.0,287.76,284543.0,82200706.918
1753461248786,16:34:08.786,AAVE/USDT:USDT,287.69,30.2,287.7,0.5,287.72,284617.8,82222255.352
1753461249735,16:34:09.735,AAVE/USDT:USDT,287.67,3.2,287.68,0.5,287.66,284543.0,82200706.918
1753461250058,16:34:10.058,AAVE/USDT:USDT,287.67,3.2,287.68,0.5,287.66,284543.0,82200706.918
1753461250386,16:34:10.386,AAVE/USDT:USDT,287.65,0.3,287.66,29.5,287.66,284571.4,82208877.17
1753461250844,16:34:10.844,AAVE/USDT:USDT,287.65,1.9,287.66,0.5,287.65,284572.0,82209049.766
1753461251669,16:34:11.669,AAVE/USDT:USDT,287.65,2.2,287.67,1.9,287.65,284523.0,82194953.488
1753461252573,16:34:12.573,AAVE/USDT:USDT,287.64,0.3,287.65,0.5,287.66,284572.6,82209222.356
1753461252882,16:34:12.882,AAVE/USDT:USDT,287.64,0.3,287.65,0.5,287.66,284572.6,82209222.356
1753461253309,16:34:13.309,AAVE/USDT:USDT,287.64,0.3,287.65,0.9,287.66,284543.0,82200706.918
1753461253719,16:34:13.719,AAVE/USDT:USDT,287.7,1.9,287.71,0.5,287.66,284573.6,82209510.008
1753461254410,16:34:14.410,AAVE/USDT:USDT,287.66,0.6,287.67,6.4,287.66,284573.6,82209510.008
1753461254770,16:34:14.770,AAVE/USDT:USDT,287.66,0.6,287.67,6.6,287.66,284573.6,82209510.008
1753461255085,16:34:15.085,AAVE/USDT:USDT,287.66,0.6,287.67,6.6,287.66,284573.6,82209510.008
1753461255400,16:34:15.400,AAVE/USDT:USDT,287.6,1.8,287.62,0.5,287.66,284573.6,82209510.008
1753461255871,16:34:15.871,AAVE/USDT:USDT,287.58,1.9,287.61,5.4,287.66,284574.8,82209855.2
1753461256665,16:34:16.665,AAVE/USDT:USDT,287.59,1.0,287.61,3.5,287.66,284573.6,82209510.008
1753461257555,16:34:17.555,AAVE/USDT:USDT,287.47,7.4,287.48,2.4,287.66,284571.4,82208877.17
1753461258199,16:34:18.199,AAVE/USDT:USDT,287.56,27.5,287.61,0.9,287.66,284573.6,82209510.008
1753461258681,16:34:18.681,AAVE/USDT:USDT,287.67,1.9,287.71,67.0,287.66,284574.8,82209855.2
1753461259656,16:34:19.656,AAVE/USDT:USDT,287.56,0.3,287.57,141.3,287.59,284574.8,82209855.2
1753461260045,16:34:20.045,AAVE/USDT:USDT,287.56,0.3,287.57,141.3,287.59,284576.2,82210257.924
1753461260372,16:34:20.372,AAVE/USDT:USDT,287.53,26.0,287.54,3.5,287.59,284576.2,82210257.924
1753461260827,16:34:20.827,AAVE/USDT:USDT,287.52,1.0,287.53,1.0,287.59,284574.8,82209855.2
1753461261347,16:34:21.347,AAVE/USDT:USDT,287.51,1.6,287.52,0.4,287.52,284588.6,82213824.304
1753461262178,16:34:22.178,AAVE/USDT:USDT,287.61,1.0,287.64,4.5,287.52,284574.8,82209855.2
1753461263246,16:34:23.246,AAVE/USDT:USDT,287.6,8.9,287.61,0.5,287.62,284590.6,82214399.344
1753461263621,16:34:23.621,AAVE/USDT:USDT,287.61,0.6,287.63,2.4,287.62,284590.6,82214399.344
1753461263931,16:34:23.931,AAVE/USDT:USDT,287.61,2.6,287.63,0.9,287.62,284590.6,82214399.344
1753461264600,16:34:24.600,AAVE/USDT:USDT,287.61,7.1,287.63,0.5,287.62,284574.8,82209855.2
1753461265218,16:34:25.218,AAVE/USDT:USDT,287.63,0.6,287.65,0.9,287.62,284601.2,82217448.192
1753461265530,16:34:25.530,AAVE/USDT:USDT,287.61,4.9,287.65,2.4,287.62,284601.2,82217448.192
1753461266022,16:34:26.022,AAVE/USDT:USDT,287.62,25.8,287.63,2.9,287.62,284574.8,82209855.2
1753461266728,16:34:26.728,AAVE/USDT:USDT,287.62,25.8,287.63,1.0,287.62,284590.6,82214399.344
1753461267158,16:34:27.158,AAVE/USDT:USDT,287.62,25.8,287.63,0.5,287.62,284576.2,82210257.924
1753461268493,16:34:28.493,AAVE/USDT:USDT,287.64,2.6,287.65,0.5,287.62,284601.2,82217448.192
1753461269123,16:34:29.123,AAVE/USDT:USDT,287.66,28.3,287.67,0.5,287.62,284601.2,82217448.192
1753461269508,16:34:29.508,AAVE/USDT:USDT,287.68,0.4,287.71,4.5,287.62,284601.2,82217448.192
1753461269840,16:34:29.840,AAVE/USDT:USDT,287.68,0.4,287.71,4.5,287.62,284601.2,82217448.192
1753461270152,16:34:30.152,AAVE/USDT:USDT,287.69,25.8,287.7,0.5,287.62,284601.2,82217448.192
1753461271199,16:34:31.199,AAVE/USDT:USDT,287.62,5.2,287.63,2.5,287.69,284601.2,82217448.192
1753461271868,16:34:31.868,AAVE/USDT:USDT,287.62,27.8,287.65,1.9,287.69,284604.4,82218368.8
1753461272627,16:34:32.627,AAVE/USDT:USDT,287.64,2.6,287.66,0.9,287.69,284604.4,82218368.8
1753461272948,16:34:32.948,AAVE/USDT:USDT,287.62,27.4,287.63,0.5,287.69,284604.4,82218368.8
1753461273350,16:34:33.350,AAVE/USDT:USDT,287.59,36.7,287.6,0.5,287.69,284604.4,82218368.8
1753461273730,16:34:33.730,AAVE/USDT:USDT,287.59,36.4,287.6,0.5,287.69,284604.4,82218368.8
1753461274046,16:34:34.046,AAVE/USDT:USDT,287.59,36.4,287.6,0.5,287.69,284604.4,82218368.8
1753461274375,16:34:34.375,AAVE/USDT:USDT,287.54,10.4,287.55,2.2,287.59,284604.4,82218368.8
1753461274807,16:34:34.807,AAVE/USDT:USDT,287.6,2.0,287.69,37.9,287.59,284604.4,82218368.8
1753461275416,16:34:35.416,AAVE/USDT:USDT,287.62,26.5,287.64,0.5,287.59,284604.4,82218368.8
1753461275754,16:34:35.754,AAVE/USDT:USDT,287.68,2.4,287.69,25.8,287.59,284604.4,82218368.8
1753461276791,16:34:36.791,AAVE/USDT:USDT,287.87,0.3,287.9,0.5,287.59,284621.8,82223372.866
1753461277130,16:34:37.130,AAVE/USDT:USDT,287.85,0.7,287.87,2.4,287.59,284621.8,82223372.866
1753461277541,16:34:37.541,AAVE/USDT:USDT,287.82,0.3,287.84,2.0,287.59,284621.8,82223372.866
1753461278160,16:34:38.160,AAVE/USDT:USDT,287.8,5.2,287.81,4.2,287.59,284621.8,82223372.866
1753461278905,16:34:38.905,AAVE/USDT:USDT,287.8,5.5,287.81,0.5,287.59,284621.8,82223372.866
1753461279560,16:34:39.560,AAVE/USDT:USDT,287.76,0.3,287.77,0.5,287.59,284621.8,82223372.866
1753461279886,16:34:39.886,AAVE/USDT:USDT,287.73,2.5,287.75,4.9,287.59,284621.8,82223372.866
1753461280261,16:34:40.261,AAVE/USDT:USDT,287.74,0.3,287.75,2.4,287.59,284621.8,82223372.866
1753461280571,16:34:40.571,AAVE/USDT:USDT,287.73,2.5,287.74,0.5,287.59,284621.8,82223372.866
1753461281248,16:34:41.248,AAVE/USDT:USDT,287.73,2.5,287.74,2.9,287.59,284621.8,82223372.866
1753461281585,16:34:41.585,AAVE/USDT:USDT,287.71,1.5,287.72,2.7,287.71,284621.8,82223372.866
1753461282230,16:34:42.230,AAVE/USDT:USDT,287.65,0.3,287.68,5.0,287.71,284621.8,82223372.866
1753461282632,16:34:42.632,AAVE/USDT:USDT,287.71,0.3,287.76,4.4,287.71,284621.8,82223372.866
1753461283949,16:34:43.949,AAVE/USDT:USDT,287.7,0.3,287.71,1.0,287.71,284639.2,82228379.17
1753461284268,16:34:44.268,AAVE/USDT:USDT,287.68,2.3,287.69,2.1,287.71,284639.2,82228379.17
1753461284580,16:34:44.580,AAVE/USDT:USDT,287.68,9.4,287.7,3.4,287.71,284639.2,82228379.17
1753461284931,16:34:44.931,AAVE/USDT:USDT,287.69,2.8,287.71,3.9,287.71,284639.2,82228379.17
1753461285671,16:34:45.671,AAVE/USDT:USDT,287.7,0.3,287.71,4.9,287.71,284639.2,82228379.17
1753461286870,16:34:46.870,AAVE/USDT:USDT,287.67,1.0,287.68,6.1,287.73,284639.2,82228379.17
1753461287196,16:34:47.196,AAVE/USDT:USDT,287.67,1.0,287.68,2.0,287.73,284639.2,82228379.17
1753461287597,16:34:47.597,AAVE/USDT:USDT,287.66,0.3,287.68,2.4,287.73,284639.8,82228551.808
1753461287914,16:34:47.914,AAVE/USDT:USDT,287.66,0.3,287.68,2.4,287.73,284639.8,82228551.808
1753461288227,16:34:48.227,AAVE/USDT:USDT,287.65,0.1,287.66,0.5,287.73,284639.8,82228551.808
1753461288643,16:34:48.643,AAVE/USDT:USDT,287.67,0.3,287.7,11.4,287.73,284639.8,82228551.808
1753461289344,16:34:49.344,AAVE/USDT:USDT,287.65,0.3,287.68,2.9,287.73,284639.2,82228379.17
1753461289951,16:34:49.951,AAVE/USDT:USDT,287.69,28.1,287.75,4.7,287.73,284639.8,82228551.808
1753461290267,16:34:50.267,AAVE/USDT:USDT,287.68,3.1,287.7,0.5,287.73,284639.8,82228551.808
1753461290577,16:34:50.577,AAVE/USDT:USDT,287.71,2.3,287.72,0.5,287.73,284639.8,82228551.808
1753461290913,16:34:50.913,AAVE/USDT:USDT,287.71,0.3,287.72,0.5,287.73,284639.8,82228551.808
1753461291322,16:34:51.322,AAVE/USDT:USDT,287.64,1.2,287.66,2.7,287.73,284639.8,82228551.808
1753461291654,16:34:51.654,AAVE/USDT:USDT,287.64,1.2,287.66,2.7,287.73,284639.8,82228551.808
1753461291978,16:34:51.978,AAVE/USDT:USDT,287.62,26.5,287.64,3.2,287.73,284639.8,82228551.808
1753461292296,16:34:52.296,AAVE/USDT:USDT,287.6,4.9,287.61,2.9,287.73,284639.8,82228551.808
1753461292944,16:34:52.944,AAVE/USDT:USDT,287.6,4.9,287.61,0.5,287.63,284639.8,82228551.808
1753461293265,16:34:53.265,AAVE/USDT:USDT,287.6,4.9,287.61,24.6,287.63,284639.8,82228551.808
1753461293692,16:34:53.692,AAVE/USDT:USDT,287.6,7.5,287.62,0.5,287.63,284639.8,82228551.808
1753461295051,16:34:55.051,AAVE/USDT:USDT,287.6,4.9,287.61,2.9,287.63,284640.2,82228666.86
1753461295368,16:34:55.368,AAVE/USDT:USDT,287.6,4.9,287.61,2.9,287.63,284640.2,82228666.86
1753461295676,16:34:55.676,AAVE/USDT:USDT,287.6,4.9,287.61,2.9,287.63,284640.2,82228666.86
1753461296020,16:34:56.020,AAVE/USDT:USDT,287.54,6.1,287.57,1.5,287.63,284640.2,82228666.86
1753461296398,16:34:56.398,AAVE/USDT:USDT,287.54,0.3,287.55,0.5,287.63,284639.8,82228551.808
1753461296785,16:34:56.785,AAVE/USDT:USDT,287.54,0.3,287.55,0.5,287.63,284640.2,82228666.86
1753461297095,16:34:57.095,AAVE/USDT:USDT,287.54,11.1,287.56,0.5,287.63,284640.2,82228666.86
1753461297454,16:34:57.454,AAVE/USDT:USDT,287.54,11.1,287.56,0.5,287.63,284640.2,82228666.86
1753461297786,16:34:57.786,AAVE/USDT:USDT,287.54,11.1,287.56,0.5,287.63,284640.2,82228666.86
1753461298108,16:34:58.108,AAVE/USDT:USDT,287.5,1.0,287.51,0.5,287.63,284640.2,82228666.86
1753461298434,16:34:58.434,AAVE/USDT:USDT,287.49,2.3,287.51,1.9,287.63,284640.2,82228666.86
1753461298974,16:34:58.974,AAVE/USDT:USDT,287.5,2.5,287.54,2.5,287.63,284640.2,82228666.86
1753461299307,16:34:59.307,AAVE/USDT:USDT,287.5,2.5,287.54,2.5,287.63,284640.2,82228666.86
1753461299621,16:34:59.621,AAVE/USDT:USDT,287.48,0.3,287.5,2.0,287.63,284640.2,82228666.86
1753461300016,16:35:00.016,AAVE/USDT:USDT,287.46,10.0,287.5,4.2,287.63,284640.2,82228666.86
1753461300367,16:35:00.367,AAVE/USDT:USDT,287.46,10.0,287.5,4.2,287.63,284640.2,82228666.86
1753461300686,16:35:00.686,AAVE/USDT:USDT,287.44,3.5,287.46,2.7,287.63,284640.2,82228666.86
1753461301113,16:35:01.113,AAVE/USDT:USDT,287.5,0.7,287.55,2.4,287.63,284640.2,82228666.86
1753461301619,16:35:01.619,AAVE/USDT:USDT,287.52,2.3,287.54,3.9,287.51,284397.0,82158722.846
1753461301977,16:35:01.977,AAVE/USDT:USDT,287.54,0.7,287.58,0.4,287.51,284397.0,82158722.846
1753461302353,16:35:02.353,AAVE/USDT:USDT,287.61,2.0,287.64,2.5,287.51,284397.0,82158722.846
1753461302712,16:35:02.712,AAVE/USDT:USDT,287.56,3.1,287.62,4.4,287.58,284397.8,82158952.854
1753461303028,16:35:03.028,AAVE/USDT:USDT,287.56,3.1,287.62,4.4,287.58,284397.8,82158952.854
1753461303349,16:35:03.349,AAVE/USDT:USDT,287.51,0.8,287.54,4.1,287.58,284397.0,82158722.846
1753461304284,16:35:04.284,AAVE/USDT:USDT,287.58,7.7,287.59,2.1,287.58,284408.2,82161943.834
1753461304593,16:35:04.593,AAVE/USDT:USDT,287.62,2.2,287.64,0.5,287.58,284408.2,82161943.834
1753461304935,16:35:04.935,AAVE/USDT:USDT,287.62,0.2,287.63,0.9,287.58,284408.2,82161943.834
1753461305605,16:35:05.605,AAVE/USDT:USDT,287.66,2.3,287.69,0.4,287.58,284408.2,82161943.834
1753461305936,16:35:05.936,AAVE/USDT:USDT,287.74,0.8,287.76,25.8,287.58,284408.2,82161943.834
1753461306313,16:35:06.313,AAVE/USDT:USDT,287.76,0.4,287.78,0.5,287.58,284408.2,82161943.834
1753461307212,16:35:07.212,AAVE/USDT:USDT,287.79,0.4,287.8,2.9,287.58,284408.2,82161943.834
1753461308230,16:35:08.230,AAVE/USDT:USDT,287.66,4.9,287.68,2.1,287.58,284408.2,82161943.834
1753461308634,16:35:08.634,AAVE/USDT:USDT,287.61,1.0,287.62,4.8,287.66,284397.8,82158952.854
1753461309388,16:35:09.388,AAVE/USDT:USDT,287.6,5.2,287.61,2.6,287.66,284408.2,82161943.834
1753461309705,16:35:09.705,AAVE/USDT:USDT,287.6,5.2,287.61,2.6,287.66,284408.2,82161943.834
1753461310024,16:35:10.024,AAVE/USDT:USDT,287.52,6.9,287.54,2.7,287.66,284408.6,82162058.898
1753461310414,16:35:10.414,AAVE/USDT:USDT,287.52,5.2,287.53,2.2,287.66,284408.6,82162058.898
1753461310741,16:35:10.741,AAVE/USDT:USDT,287.48,24.4,287.5,0.7,287.5,284408.6,82162058.898
1753461311076,16:35:11.076,AAVE/USDT:USDT,287.44,1.4,287.45,0.8,287.45,284408.2,82161943.834
1753461311959,16:35:11.959,AAVE/USDT:USDT,287.41,0.4,287.42,5.1,287.44,284422.4,82166026.594
1753461312275,16:35:12.275,AAVE/USDT:USDT,287.41,2.3,287.45,0.3,287.44,284422.4,82166026.594
1753461312965,16:35:12.965,AAVE/USDT:USDT,287.49,0.4,287.5,0.2,287.44,284422.4,82166026.594
1753461313287,16:35:13.287,AAVE/USDT:USDT,287.49,2.2,287.5,0.5,287.44,284422.4,82166026.594
1753461313601,16:35:13.601,AAVE/USDT:USDT,287.41,0.5,287.42,0.5,287.44,284425.2,82166831.426
1753461314008,16:35:14.008,AAVE/USDT:USDT,287.43,0.4,287.45,27.8,287.44,284425.2,82166831.426
1753461314386,16:35:14.386,AAVE/USDT:USDT,287.41,0.1,287.43,2.6,287.44,284425.2,82166831.426
1753461315018,16:35:15.018,AAVE/USDT:USDT,287.4,0.2,287.41,1.6,287.41,284425.2,82166831.426
1753461315677,16:35:15.677,AAVE/USDT:USDT,287.4,0.2,287.41,2.6,287.41,284425.2,82166831.426
1753461315989,16:35:15.989,AAVE/USDT:USDT,287.4,0.2,287.41,2.7,287.41,284425.2,82166831.426
1753461316373,16:35:16.373,AAVE/USDT:USDT,287.4,0.2,287.41,2.9,287.41,284408.2,82161943.834
1753461317130,16:35:17.130,AAVE/USDT:USDT,287.4,0.2,287.41,5.2,287.41,284425.4,82166888.908
1753461317440,16:35:17.440,AAVE/USDT:USDT,287.4,0.2,287.41,5.2,287.41,284425.4,82166888.908
1753461317757,16:35:17.757,AAVE/USDT:USDT,287.4,0.2,287.41,5.2,287.41,284425.4,82166888.908
1753461318133,16:35:18.133,AAVE/USDT:USDT,287.33,26.0,287.37,99.3,287.4,284425.4,82166888.908
1753461318450,16:35:18.450,AAVE/USDT:USDT,287.3,0.3,287.32,0.5,287.4,284425.4,82166888.908
1753461318779,16:35:18.779,AAVE/USDT:USDT,287.36,0.4,287.37,2.1,287.4,284408.6,82162058.898
1753461319764,16:35:19.764,AAVE/USDT:USDT,287.35,25.8,287.38,21.3,287.38,284425.8,82167003.868
1753461320076,16:35:20.076,AAVE/USDT:USDT,287.39,2.2,287.41,0.7,287.4,284425.2,82166831.426
1753461320481,16:35:20.481,AAVE/USDT:USDT,287.35,30.8,287.37,1.0,287.38,284427.8,82167578.642
1753461321861,16:35:21.861,AAVE/USDT:USDT,287.39,2.3,287.41,0.5,287.34,284425.8,82167003.868
1753461323379,16:35:23.379,AAVE/USDT:USDT,287.34,2.6,287.39,1.9,287.34,284439.0,82170796.85
1753461323689,16:35:23.689,AAVE/USDT:USDT,287.36,0.4,287.38,2.0,287.34,284439.0,82170796.85
1753461324398,16:35:24.398,AAVE/USDT:USDT,287.43,2.3,287.45,0.6,287.34,284439.0,82170796.85
1753461325525,16:35:25.525,AAVE/USDT:USDT,287.45,0.7,287.46,3.3,287.34,284439.0,82170796.85
1753461326200,16:35:26.200,AAVE/USDT:USDT,287.44,2.5,287.46,0.5,287.34,284439.0,82170796.85
1753461326523,16:35:26.523,AAVE/USDT:USDT,287.46,2.2,287.47,0.5,287.34,284439.0,82170796.85
1753461326900,16:35:26.900,AAVE/USDT:USDT,287.45,0.7,287.48,4.3,287.34,284439.0,82170796.85
1753461327630,16:35:27.630,AAVE/USDT:USDT,287.45,1.0,287.46,0.5,287.34,284439.0,82170796.85
1753461329393,16:35:29.393,AAVE/USDT:USDT,287.35,5.3,287.37,0.5,287.34,284439.0,82170796.85
1753461330799,16:35:30.799,AAVE/USDT:USDT,287.29,5.1,287.3,2.0,287.35,284439.0,82170796.85
1753461331584,16:35:31.584,AAVE/USDT:USDT,287.18,5.2,287.19,0.5,287.22,284439.0,82170796.85
1753461332399,16:35:32.399,AAVE/USDT:USDT,287.23,0.7,287.25,0.5,287.22,284439.0,82170796.85
1753461333046,16:35:33.046,AAVE/USDT:USDT,287.19,25.8,287.2,1.2,287.23,284439.0,82170796.85
1753461333408,16:35:33.408,AAVE/USDT:USDT,287.18,0.7,287.2,3.0,287.23,284449.8,82173899.994
1753461334831,16:35:34.831,AAVE/USDT:USDT,287.04,0.7,287.05,2.5,287.13,284451.2,82174302.116
1753461335187,16:35:35.187,AAVE/USDT:USDT,287.04,0.7,287.05,1.0,287.13,284451.2,82174302.116
1753461335905,16:35:35.905,AAVE/USDT:USDT,287.04,2.6,287.06,0.5,287.13,284452.6,82174704.098
1753461336273,16:35:36.273,AAVE/USDT:USDT,287.01,26.6,287.03,0.5,287.04,284452.6,82174704.098
1753461336935,16:35:36.935,AAVE/USDT:USDT,287.02,0.3,287.03,0.5,287.04,284452.6,82174704.098
1753461337399,16:35:37.399,AAVE/USDT:USDT,287.02,8.2,287.03,0.5,287.04,284454.0,82175105.954
1753461338317,16:35:38.317,AAVE/USDT:USDT,287.02,22.8,287.03,0.5,287.04,284449.8,82173899.994
1753461338958,16:35:38.958,AAVE/USDT:USDT,287.02,0.7,287.03,3.1,287.04,284454.0,82175105.954
1753461339283,16:35:39.283,AAVE/USDT:USDT,287.02,10.2,287.05,1.0,287.04,284452.6,82174704.098
1753461339873,16:35:39.873,AAVE/USDT:USDT,287.03,0.9,287.05,0.5,287.04,284454.0,82175105.954
1753461340190,16:35:40.190,AAVE/USDT:USDT,287.01,0.8,287.02,2.9,287.04,284454.0,82175105.954
1753461340511,16:35:40.511,AAVE/USDT:USDT,287.01,0.8,287.02,2.9,287.04,284454.0,82175105.954
1753461340855,16:35:40.855,AAVE/USDT:USDT,287.0,4.5,287.01,2.3,287.01,284454.0,82175105.954
1753461341199,16:35:41.199,AAVE/USDT:USDT,286.96,8.0,286.97,2.7,287.0,284454.0,82175105.954
1753461341526,16:35:41.526,AAVE/USDT:USDT,286.9,0.1,286.91,0.5,287.0,284454.0,82175105.954
1753461341849,16:35:41.849,AAVE/USDT:USDT,286.9,0.1,286.91,0.5,287.0,284454.0,82175105.954
1753461342434,16:35:42.434,AAVE/USDT:USDT,286.86,0.7,286.89,4.8,286.89,284464.6,82178148.17
1753461343413,16:35:43.413,AAVE/USDT:USDT,286.75,4.5,286.8,1.9,286.76,284465.4,82178377.684
1753461344142,16:35:44.142,AAVE/USDT:USDT,286.85,26.5,286.89,0.8,286.83,284464.6,82178148.17
1753461344640,16:35:44.640,AAVE/USDT:USDT,286.79,0.7,286.8,4.9,286.83,284472.0,82180270.352
1753461344980,16:35:44.980,AAVE/USDT:USDT,286.79,0.7,286.8,4.1,286.83,284472.0,82180270.352
1753461345300,16:35:45.300,AAVE/USDT:USDT,286.79,0.7,286.8,3.8,286.83,284472.0,82180270.352
1753461345637,16:35:45.637,AAVE/USDT:USDT,286.79,0.7,286.8,4.2,286.83,284472.0,82180270.352
1753461346445,16:35:46.445,AAVE/USDT:USDT,286.77,7.7,286.78,1.0,286.83,284472.0,82180270.352
1753461346760,16:35:46.760,AAVE/USDT:USDT,286.75,0.6,286.76,1.4,286.83,284472.0,82180270.352
1753461347463,16:35:47.463,AAVE/USDT:USDT,286.74,2.4,286.75,1.4,286.83,284472.0,82180270.352
1753461347782,16:35:47.782,AAVE/USDT:USDT,286.74,3.2,286.75,1.4,286.83,284472.0,82180270.352
1753461348726,16:35:48.726,AAVE/USDT:USDT,286.74,0.7,286.75,0.9,286.73,284477.6,82181876.08
1753461349087,16:35:49.087,AAVE/USDT:USDT,286.73,1.3,286.74,3.3,286.73,284477.6,82181876.08
1753461349506,16:35:49.506,AAVE/USDT:USDT,286.69,25.8,286.71,5.3,286.73,284465.4,82178377.684
1753461350553,16:35:50.553,AAVE/USDT:USDT,286.7,1.0,286.71,1.4,286.73,284480.2,82182621.578
1753461351230,16:35:51.230,AAVE/USDT:USDT,286.66,0.7,286.67,3.6,286.67,284480.2,82182621.578
1753461351554,16:35:51.554,AAVE/USDT:USDT,286.66,1.7,286.67,0.9,286.67,284472.0,82180270.352
1753461352017,16:35:52.017,AAVE/USDT:USDT,286.66,0.7,286.67,2.3,286.67,284464.6,82178148.17
1753461353097,16:35:53.097,AAVE/USDT:USDT,286.53,0.7,286.55,1.9,286.56,284484.2,82183768.332
1753461353483,16:35:53.483,AAVE/USDT:USDT,286.52,3.8,286.54,3.5,286.56,284484.2,82183768.332
1753461353798,16:35:53.798,AAVE/USDT:USDT,286.5,1.7,286.51,7.0,286.51,284484.2,82183768.332
1753461354114,16:35:54.114,AAVE/USDT:USDT,286.5,1.7,286.51,2.5,286.51,284487.2,82184628.096
1753461354448,16:35:54.448,AAVE/USDT:USDT,286.5,1.7,286.51,1.6,286.51,284487.2,82184628.096
1753461355073,16:35:55.073,AAVE/USDT:USDT,286.48,0.7,286.49,4.8,286.5,284487.2,82184628.096
1753461355428,16:35:55.428,AAVE/USDT:USDT,286.48,0.7,286.49,3.4,286.5,284512.2,82191790.864
1753461356830,16:35:56.830,AAVE/USDT:USDT,286.61,2.1,286.66,39.0,286.51,284512.8,82191962.758
1753461357152,16:35:57.152,AAVE/USDT:USDT,286.66,0.7,286.69,0.5,286.51,284512.8,82191962.758
1753461357493,16:35:57.493,AAVE/USDT:USDT,286.71,0.7,286.73,66.9,286.51,284514.8,82192535.802
1753461357806,16:35:57.806,AAVE/USDT:USDT,286.67,26.2,286.68,1.0,286.51,284514.8,82192535.802
1753461358472,16:35:58.472,AAVE/USDT:USDT,286.59,0.2,286.62,6.7,286.71,284514.8,82192535.802
1753461358847,16:35:58.847,AAVE/USDT:USDT,286.58,5.9,286.59,0.8,286.71,284516.2,82192937.196
1753461359949,16:35:59.949,AAVE/USDT:USDT,286.59,1.8,286.61,0.3,286.71,284516.2,82192937.196
1753461360328,16:36:00.328,AAVE/USDT:USDT,286.59,2.6,286.61,0.5,286.71,284516.2,82192937.196
1753461360705,16:36:00.705,AAVE/USDT:USDT,286.63,0.7,286.64,0.3,286.71,284443.0,82171914.854
1753461361038,16:36:01.038,AAVE/USDT:USDT,286.7,29.7,286.73,1.4,286.71,284443.0,82171914.854
1753461361366,16:36:01.366,AAVE/USDT:USDT,286.75,2.1,286.76,0.5,286.71,284443.0,82171914.854
1753461361860,16:36:01.860,AAVE/USDT:USDT,286.83,2.1,286.84,0.5,286.71,284443.0,82171914.854
1753461362952,16:36:02.952,AAVE/USDT:USDT,286.81,2.1,286.82,4.0,286.71,284516.2,82192937.196
1753461363379,16:36:03.379,AAVE/USDT:USDT,286.8,26.9,286.82,0.5,286.71,284443.0,82171914.854
1753461363721,16:36:03.721,AAVE/USDT:USDT,286.75,7.7,286.76,2.0,286.71,284443.0,82171914.854
1753461364041,16:36:04.041,AAVE/USDT:USDT,286.72,7.7,286.74,0.5,286.71,284443.0,82171914.854
1753461364374,16:36:04.374,AAVE/USDT:USDT,286.74,0.7,286.76,0.5,286.71,284443.0,82171914.854
1753461364750,16:36:04.750,AAVE/USDT:USDT,286.74,2.1,286.75,0.8,286.71,284443.0,82171914.854
1753461365109,16:36:05.109,AAVE/USDT:USDT,286.77,8.1,286.79,0.5,286.71,284443.0,82171914.854
1753461365427,16:36:05.427,AAVE/USDT:USDT,286.79,2.1,286.8,5.0,286.71,284443.0,82171914.854
1753461365790,16:36:05.790,AAVE/USDT:USDT,286.79,2.1,286.8,5.3,286.71,284443.0,82171914.854
1753461366132,16:36:06.132,AAVE/USDT:USDT,286.79,2.1,286.8,4.0,286.71,284443.0,82171914.854
1753461366446,16:36:06.446,AAVE/USDT:USDT,286.8,0.6,286.84,33.0,286.71,284443.0,82171914.854
1753461367475,16:36:07.475,AAVE/USDT:USDT,286.72,2.6,286.73,4.0,286.71,284443.0,82171914.854
1753461367794,16:36:07.794,AAVE/USDT:USDT,286.83,2.1,286.84,2.1,286.71,284443.0,82171914.854
1753461368821,16:36:08.821,AAVE/USDT:USDT,286.88,27.9,286.89,0.3,286.71,284443.0,82171914.854
1753461369133,16:36:09.133,AAVE/USDT:USDT,286.93,2.1,286.94,4.5,286.71,284443.0,82171914.854
1753461369656,16:36:09.656,AAVE/USDT:USDT,287.01,0.9,287.04,0.8,286.96,284443.0,82171914.854
1753461370604,16:36:10.604,AAVE/USDT:USDT,287.06,2.1,287.07,0.5,286.96,284443.6,82172087.03
1753461371330,16:36:11.330,AAVE/USDT:USDT,287.02,26.2,287.07,2.4,286.96,284443.0,82171914.854
1753461371764,16:36:11.764,AAVE/USDT:USDT,287.03,0.3,287.04,4.9,286.96,284443.0,82171914.854
1753461372424,16:36:12.424,AAVE/USDT:USDT,287.02,0.3,287.03,1.0,286.96,284443.6,82172087.03
1753461372738,16:36:12.738,AAVE/USDT:USDT,287.0,0.3,287.01,0.5,286.96,284443.6,82172087.03
1753461373164,16:36:13.164,AAVE/USDT:USDT,287.05,1.1,287.08,4.9,286.96,284443.6,82172087.03
1753461373548,16:36:13.548,AAVE/USDT:USDT,287.05,1.1,287.08,4.9,286.96,284443.6,82172087.03
1753461373866,16:36:13.866,AAVE/USDT:USDT,287.09,2.1,287.1,3.0,286.96,284443.6,82172087.03
1753461374324,16:36:14.324,AAVE/USDT:USDT,287.08,25.8,287.09,0.5,287.1,284443.6,82172087.03
1753461375105,16:36:15.105,AAVE/USDT:USDT,287.03,23.8,287.07,0.5,287.1,284443.0,82171914.854
1753461375755,16:36:15.755,AAVE/USDT:USDT,287.12,2.4,287.13,0.5,287.1,284444.2,82172259.29
1753461376071,16:36:16.071,AAVE/USDT:USDT,287.13,2.4,287.14,0.5,287.1,284444.2,82172259.29
1753461376389,16:36:16.389,AAVE/USDT:USDT,287.13,0.5,287.16,4.0,287.1,284444.2,82172259.29
1753461377239,16:36:17.239,AAVE/USDT:USDT,287.08,0.9,287.1,4.9,287.1,284444.2,82172259.29
1753461377547,16:36:17.547,AAVE/USDT:USDT,287.08,0.9,287.1,4.9,287.1,284444.2,82172259.29
1753461377861,16:36:17.861,AAVE/USDT:USDT,287.02,1.1,287.03,4.4,287.1,284444.2,82172259.29
1753461378521,16:36:18.521,AAVE/USDT:USDT,287.03,25.8,287.08,2.4,287.1,284444.2,82172259.29
1753461378831,16:36:18.831,AAVE/USDT:USDT,287.07,2.1,287.08,0.5,287.1,284444.2,82172259.29
1753461379628,16:36:19.628,AAVE/USDT:USDT,287.04,0.2,287.05,2.5,287.1,284443.6,82172087.03
1753461380258,16:36:20.258,AAVE/USDT:USDT,287.04,8.1,287.05,2.4,287.1,284444.2,82172259.29
1753461381271,16:36:21.271,AAVE/USDT:USDT,287.08,2.4,287.1,0.5,287.1,284444.2,82172259.29
1753461381705,16:36:21.705,AAVE/USDT:USDT,287.11,2.1,287.12,0.5,287.1,284443.6,82172087.03
1753461382335,16:36:22.335,AAVE/USDT:USDT,287.09,2.1,287.12,6.5,287.1,284444.2,82172259.29
1753461382654,16:36:22.654,AAVE/USDT:USDT,287.06,9.9,287.1,0.5,287.1,284444.2,82172259.29
1753461383028,16:36:23.028,AAVE/USDT:USDT,287.11,2.1,287.14,27.7,287.1,284444.2,82172259.29
1753461383404,16:36:23.404,AAVE/USDT:USDT,287.05,11.3,287.1,2.9,287.1,284444.2,82172259.29
1753461383727,16:36:23.727,AAVE/USDT:USDT,287.11,2.1,287.14,0.5,287.1,284444.2,82172259.29
1753461384137,16:36:24.137,AAVE/USDT:USDT,287.11,0.7,287.14,0.5,287.1,284444.2,82172259.29
1753461385482,16:36:25.482,AAVE/USDT:USDT,287.08,0.4,287.14,3.5,287.1,284444.2,82172259.29
1753461385843,16:36:25.843,AAVE/USDT:USDT,287.14,0.4,287.15,0.3,287.1,284444.2,82172259.29
1753461386158,16:36:26.158,AAVE/USDT:USDT,287.19,2.1,287.2,67.2,287.15,284444.2,82172259.29
1753461386544,16:36:26.544,AAVE/USDT:USDT,287.19,2.1,287.21,0.5,287.15,284444.2,82172259.29
1753461386928,16:36:26.928,AAVE/USDT:USDT,287.19,28.5,287.22,2.4,287.15,284444.2,82172259.29
1753461387241,16:36:27.241,AAVE/USDT:USDT,287.19,28.5,287.22,2.4,287.15,284444.2,82172259.29
1753461387952,16:36:27.952,AAVE/USDT:USDT,287.08,0.4,287.09,0.5,287.2,284444.8,82172431.58
1753461388299,16:36:28.299,AAVE/USDT:USDT,287.1,0.4,287.14,0.5,287.2,284444.8,82172431.58
1753461388611,16:36:28.611,AAVE/USDT:USDT,287.1,2.4,287.11,0.5,287.2,284449.0,82173637.82
1753461389467,16:36:29.467,AAVE/USDT:USDT,287.15,0.4,287.16,0.5,287.2,284449.0,82173637.82
1753461389825,16:36:29.825,AAVE/USDT:USDT,287.15,0.4,287.19,3.8,287.2,284449.0,82173637.82
1753461390461,16:36:30.461,AAVE/USDT:USDT,287.11,25.8,287.14,0.5,287.2,284449.0,82173637.82
1753461390823,16:36:30.823,AAVE/USDT:USDT,287.09,7.8,287.11,2.5,287.2,284449.0,82173637.82
1753461391151,16:36:31.151,AAVE/USDT:USDT,287.02,25.8,287.06,8.1,287.2,284449.0,82173637.82
1753461391496,16:36:31.496,AAVE/USDT:USDT,287.02,25.8,287.06,8.1,287.2,284449.0,82173637.82
1753461391931,16:36:31.931,AAVE/USDT:USDT,287.08,0.4,287.09,0.5,287.2,284444.2,82172259.29
1753461392763,16:36:32.763,AAVE/USDT:USDT,287.12,2.8,287.16,4.4,287.2,284449.0,82173637.82
1753461393727,16:36:33.727,AAVE/USDT:USDT,287.13,25.8,287.15,0.5,287.2,284449.0,82173637.82
1753461394463,16:36:34.463,AAVE/USDT:USDT,287.1,0.4,287.11,0.5,287.2,284449.0,82173637.82
1753461394994,16:36:34.994,AAVE/USDT:USDT,287.1,0.3,287.13,0.5,287.2,284449.0,82173637.82
1753461395701,16:36:35.701,AAVE/USDT:USDT,287.12,0.3,287.13,0.5,287.2,284449.0,82173637.82
1753461396040,16:36:36.040,AAVE/USDT:USDT,287.14,0.3,287.15,2.5,287.2,284449.0,82173637.82
1753461396462,16:36:36.462,AAVE/USDT:USDT,287.13,2.4,287.14,0.5,287.2,284449.0,82173637.82
1753461396781,16:36:36.781,AAVE/USDT:USDT,287.14,0.3,287.15,0.5,287.2,284449.0,82173637.82
1753461397159,16:36:37.159,AAVE/USDT:USDT,287.14,0.3,287.15,0.5,287.2,284449.0,82173637.82
1753461398058,16:36:38.058,AAVE/USDT:USDT,287.14,0.3,287.2,1.2,287.2,284449.0,82173637.82
1753461398749,16:36:38.749,AAVE/USDT:USDT,287.08,25.8,287.11,6.1,287.2,284449.0,82173637.82
1753461399070,16:36:39.070,AAVE/USDT:USDT,287.08,26.1,287.14,2.4,287.2,284449.0,82173637.82
1753461399416,16:36:39.416,AAVE/USDT:USDT,286.99,2.6,287.01,6.8,287.05,284449.0,82173637.82
1753461399789,16:36:39.789,AAVE/USDT:USDT,286.89,1.9,286.9,37.5,286.9,284449.0,82173637.82
1753461400130,16:36:40.130,AAVE/USDT:USDT,286.89,1.9,286.9,37.5,286.9,284449.0,82173637.82
1753461400445,16:36:40.445,AAVE/USDT:USDT,286.89,0.3,286.9,2.0,286.9,284449.0,82173637.82
1753461400774,16:36:40.774,AAVE/USDT:USDT,286.94,5.1,286.99,4.4,286.9,284449.0,82173637.82
1753461401106,16:36:41.106,AAVE/USDT:USDT,286.99,98.3,287.02,0.5,286.9,284449.0,82173637.82
1753461402574,16:36:42.574,AAVE/USDT:USDT,287.06,0.8,287.07,0.8,287.04,284740.0,82257156.654
1753461403209,16:36:43.209,AAVE/USDT:USDT,286.91,9.6,286.93,2.9,287.04,284792.2,82272140.124
1753461403552,16:36:43.552,AAVE/USDT:USDT,286.89,3.4,286.91,6.4,287.04,284792.2,82272140.124
1753461404184,16:36:44.184,AAVE/USDT:USDT,286.86,0.3,286.87,0.5,287.04,284792.2,82272140.124
1753461404700,16:36:44.700,AAVE/USDT:USDT,286.83,8.4,286.85,2.9,287.04,284792.2,82272140.124
1753461405729,16:36:45.729,AAVE/USDT:USDT,286.76,1.0,286.8,2.4,286.8,284792.2,82272140.124
1753461406054,16:36:46.054,AAVE/USDT:USDT,286.77,0.3,286.79,1.0,286.8,284792.2,82272140.124
1753461406366,16:36:46.366,AAVE/USDT:USDT,286.77,0.4,286.78,2.9,286.8,284792.2,82272140.124
1753461406676,16:36:46.676,AAVE/USDT:USDT,286.79,0.5,286.8,0.5,286.8,284792.2,82272140.124
1753461407406,16:36:47.406,AAVE/USDT:USDT,286.91,1.4,286.92,0.3,286.89,284793.0,82272369.564
1753461408064,16:36:48.064,AAVE/USDT:USDT,286.85,7.7,286.88,8.3,286.89,284794.0,82272656.454
1753461409305,16:36:49.305,AAVE/USDT:USDT,286.86,2.9,286.9,30.4,286.79,284794.0,82272656.454
1753461409741,16:36:49.741,AAVE/USDT:USDT,286.86,1.4,286.87,0.5,286.79,284797.0,82273516.824
1753461410905,16:36:50.905,AAVE/USDT:USDT,286.97,0.9,287.01,0.9,286.79,284797.0,82273516.824
1753461412027,16:36:52.027,AAVE/USDT:USDT,287.06,0.9,287.07,0.6,286.79,284797.0,82273516.824
1753461412736,16:36:52.736,AAVE/USDT:USDT,287.06,1.4,287.07,0.1,286.79,284797.0,82273516.824
1753461413398,16:36:53.398,AAVE/USDT:USDT,287.06,0.9,287.07,0.5,286.79,284797.0,82273516.824
1753461414027,16:36:54.027,AAVE/USDT:USDT,287.05,0.9,287.07,0.5,286.79,284797.0,82273516.824
1753461414393,16:36:54.393,AAVE/USDT:USDT,287.0,0.5,287.02,3.2,287.0,284797.0,82273516.824
1753461414816,16:36:54.816,AAVE/USDT:USDT,287.0,1.4,287.01,0.5,287.0,284797.0,82273516.824
1753461415174,16:36:55.174,AAVE/USDT:USDT,287.0,1.4,287.01,0.5,287.0,284797.0,82273516.824
1753461415504,16:36:55.504,AAVE/USDT:USDT,287.0,0.5,287.01,4.5,287.0,284797.0,82273516.824
1753461415848,16:36:55.848,AAVE/USDT:USDT,286.96,26.5,286.97,2.4,287.0,284797.0,82273516.824
1753461416519,16:36:56.519,AAVE/USDT:USDT,286.95,0.9,286.97,3.6,287.0,284798.0,82273803.824
1753461417345,16:36:57.345,AAVE/USDT:USDT,286.89,0.5,286.91,6.1,287.0,284798.0,82273803.824
1753461418212,16:36:58.212,AAVE/USDT:USDT,286.91,0.9,286.92,0.5,287.0,284798.0,82273803.824
1753461418576,16:36:58.576,AAVE/USDT:USDT,286.96,0.5,286.97,2.4,287.0,284798.0,82273803.824
1753461418887,16:36:58.887,AAVE/USDT:USDT,286.96,0.5,286.97,2.4,287.0,284798.0,82273803.824
1753461420072,16:37:00.072,AAVE/USDT:USDT,286.9,2.0,286.91,2.4,287.0,284798.0,82273803.824
1753461420431,16:37:00.431,AAVE/USDT:USDT,286.9,0.9,286.91,2.4,287.0,284798.0,82273803.824
1753461420752,16:37:00.752,AAVE/USDT:USDT,286.84,7.7,286.86,2.4,287.0,283469.0,81892394.362
1753461421091,16:37:01.091,AAVE/USDT:USDT,286.79,25.8,286.84,5.3,287.0,283469.0,81892394.362
1753461421814,16:37:01.814,AAVE/USDT:USDT,286.88,0.5,286.89,8.6,287.0,283469.0,81892394.362
1753461422209,16:37:02.209,AAVE/USDT:USDT,286.89,27.1,286.92,3.4,287.0,283469.0,81892394.362
1753461422576,16:37:02.576,AAVE/USDT:USDT,286.89,26.3,286.9,0.5,287.0,283469.0,81892394.362
1753461422953,16:37:02.953,AAVE/USDT:USDT,286.89,0.5,286.9,0.5,287.0,283469.0,81892394.362
1753461423621,16:37:03.621,AAVE/USDT:USDT,286.87,0.5,286.88,0.5,287.0,283469.0,81892394.362
1753461423939,16:37:03.939,AAVE/USDT:USDT,286.85,25.8,286.86,0.5,287.0,283469.0,81892394.362
1753461424255,16:37:04.255,AAVE/USDT:USDT,286.83,3.2,286.85,2.8,287.0,283469.0,81892394.362
1753461424592,16:37:04.592,AAVE/USDT:USDT,286.79,7.4,286.8,4.4,287.0,283469.0,81892394.362
1753461425562,16:37:05.562,AAVE/USDT:USDT,286.76,0.5,286.77,6.3,287.0,283469.0,81892394.362
1753461426246,16:37:06.246,AAVE/USDT:USDT,286.81,26.2,286.85,0.5,287.0,283469.0,81892394.362
1753461426574,16:37:06.574,AAVE/USDT:USDT,286.78,0.5,286.79,0.5,287.0,283469.0,81892394.362
1753461426903,16:37:06.903,AAVE/USDT:USDT,286.76,0.5,286.78,4.9,287.0,283469.0,81892394.362
1753461427420,16:37:07.420,AAVE/USDT:USDT,286.78,0.5,286.79,0.5,287.0,283469.0,81892394.362
1753461427751,16:37:07.751,AAVE/USDT:USDT,286.83,0.5,286.84,1.0,287.0,283469.0,81892394.362
1753461428058,16:37:08.058,AAVE/USDT:USDT,286.79,0.9,286.8,0.5,287.0,283469.0,81892394.362
1753461428400,16:37:08.400,AAVE/USDT:USDT,286.79,0.5,286.8,0.5,287.0,283469.0,81892394.362
1753461429148,16:37:09.148,AAVE/USDT:USDT,286.83,0.5,286.84,2.4,287.0,283469.0,81892394.362
1753461429527,16:37:09.527,AAVE/USDT:USDT,286.83,0.9,286.84,2.4,287.0,283469.0,81892394.362
1753461429871,16:37:09.871,AAVE/USDT:USDT,286.83,0.9,286.86,0.1,287.0,283469.0,81892394.362
1753461430219,16:37:10.219,AAVE/USDT:USDT,286.85,0.9,286.86,0.9,287.0,283469.0,81892394.362
1753461430542,16:37:10.542,AAVE/USDT:USDT,286.85,0.5,286.86,2.5,287.0,283469.0,81892394.362
1753461430877,16:37:10.877,AAVE/USDT:USDT,286.81,0.9,286.82,0.5,287.0,283469.0,81892394.362
1753461431223,16:37:11.223,AAVE/USDT:USDT,286.83,0.5,286.84,0.5,287.0,283469.0,81892394.362
1753461431539,16:37:11.539,AAVE/USDT:USDT,286.83,0.5,286.84,0.5,287.0,283469.0,81892394.362
1753461431855,16:37:11.855,AAVE/USDT:USDT,286.82,0.5,286.83,25.8,287.0,283469.0,81892394.362
1753461432212,16:37:12.212,AAVE/USDT:USDT,286.85,0.5,286.86,0.5,287.0,283469.0,81892394.362
1753461433077,16:37:13.077,AAVE/USDT:USDT,286.84,0.9,286.86,0.5,286.83,283469.0,81892394.362
1753461433391,16:37:13.391,AAVE/USDT:USDT,286.83,21.2,286.86,5.0,286.83,283469.0,81892394.362
1753461433792,16:37:13.792,AAVE/USDT:USDT,286.83,21.2,286.84,0.5,286.83,283469.0,81892394.362
1753461435745,16:37:15.745,AAVE/USDT:USDT,286.89,26.3,286.9,2.0,286.83,283487.4,81897672.106
1753461436061,16:37:16.061,AAVE/USDT:USDT,286.93,1.0,286.94,0.5,286.83,283487.4,81897672.106
1753461436463,16:37:16.463,AAVE/USDT:USDT,286.93,1.0,286.94,0.5,286.83,283487.4,81897672.106
1753461436773,16:37:16.773,AAVE/USDT:USDT,286.93,1.4,286.94,0.5,286.83,283487.4,81897672.106
1753461437921,16:37:17.921,AAVE/USDT:USDT,286.91,3.5,286.92,0.5,286.83,283487.4,81897672.106
1753461438236,16:37:18.236,AAVE/USDT:USDT,286.88,0.5,286.91,5.1,286.83,283487.4,81897672.106
1753461438555,16:37:18.555,AAVE/USDT:USDT,286.85,0.3,286.87,4.9,286.83,283487.4,81897672.106
1753461438903,16:37:18.903,AAVE/USDT:USDT,286.91,0.5,286.92,0.5,286.83,283487.4,81897672.106
1753461439213,16:37:19.213,AAVE/USDT:USDT,286.88,4.7,286.92,7.1,286.83,283487.4,81897672.106
1753461439533,16:37:19.533,AAVE/USDT:USDT,286.9,0.5,286.91,2.0,286.83,283487.4,81897672.106
1753461440087,16:37:20.087,AAVE/USDT:USDT,286.9,0.5,286.91,2.0,286.83,283487.4,81897672.106
1753461440410,16:37:20.410,AAVE/USDT:USDT,286.9,0.5,286.91,2.0,286.83,283487.4,81897672.106
1753461440719,16:37:20.719,AAVE/USDT:USDT,286.9,0.5,286.91,2.0,286.83,283487.4,81897672.106
1753461441043,16:37:21.043,AAVE/USDT:USDT,286.88,0.9,286.91,5.9,286.83,283487.4,81897672.106
1753461441674,16:37:21.674,AAVE/USDT:USDT,286.85,0.7,286.87,2.4,286.83,283487.4,81897672.106
1753461442023,16:37:22.023,AAVE/USDT:USDT,286.85,10.4,286.87,2.4,286.83,283487.4,81897672.106
1753461442968,16:37:22.968,AAVE/USDT:USDT,286.91,0.5,286.92,0.5,286.83,283487.4,81897672.106
1753461443295,16:37:23.295,AAVE/USDT:USDT,286.89,0.9,286.9,0.5,286.83,283487.4,81897672.106
1753461443608,16:37:23.608,AAVE/USDT:USDT,286.89,0.9,286.9,0.5,286.83,283487.4,81897672.106
1753461444027,16:37:24.027,AAVE/USDT:USDT,286.85,8.8,286.9,4.0,286.83,283487.4,81897672.106
1753461444566,16:37:24.566,AAVE/USDT:USDT,286.83,0.9,286.84,2.9,286.83,283487.4,81897672.106
1753461444944,16:37:24.944,AAVE/USDT:USDT,286.87,0.5,286.88,3.4,286.83,283487.4,81897672.106
1753461445351,16:37:25.351,AAVE/USDT:USDT,286.76,9.1,286.81,5.9,286.83,283487.4,81897672.106
1753461445678,16:37:25.678,AAVE/USDT:USDT,286.76,9.1,286.81,5.9,286.83,283487.4,81897672.106
1753461445999,16:37:25.999,AAVE/USDT:USDT,286.72,0.5,286.75,6.5,286.83,283487.4,81897672.106
1753461446355,16:37:26.355,AAVE/USDT:USDT,286.7,0.5,286.71,2.4,286.83,283487.4,81897672.106
1753461446679,16:37:26.679,AAVE/USDT:USDT,286.7,0.9,286.71,0.5,286.83,283487.4,81897672.106
1753461447323,16:37:27.323,AAVE/USDT:USDT,286.7,0.9,286.71,2.0,286.83,283487.4,81897672.106
1753461447702,16:37:27.702,AAVE/USDT:USDT,286.72,0.9,286.73,0.5,286.83,283487.4,81897672.106
1753461448053,16:37:28.053,AAVE/USDT:USDT,286.72,1.4,286.73,0.5,286.83,283487.4,81897672.106
1753461448364,16:37:28.364,AAVE/USDT:USDT,286.72,0.9,286.73,0.5,286.83,283487.4,81897672.106
1753461448702,16:37:28.702,AAVE/USDT:USDT,286.71,26.6,286.73,2.5,286.83,283487.4,81897672.106
1753461449316,16:37:29.316,AAVE/USDT:USDT,286.75,2.6,286.78,0.5,286.83,283487.4,81897672.106
1753461449623,16:37:29.623,AAVE/USDT:USDT,286.81,15.2,286.84,4.1,286.83,283487.4,81897672.106
1753461450005,16:37:30.005,AAVE/USDT:USDT,286.81,0.5,286.82,0.5,286.83,283487.4,81897672.106
1753461450717,16:37:30.717,AAVE/USDT:USDT,286.74,0.5,286.76,0.5,286.83,283487.4,81897672.106
1753461451044,16:37:31.044,AAVE/USDT:USDT,286.76,0.5,286.77,0.5,286.83,283487.4,81897672.106
1753461451452,16:37:31.452,AAVE/USDT:USDT,286.64,0.2,286.66,6.4,286.83,283487.4,81897672.106
