timestamp,time,symbol,bid,bidVolume,ask,askVolume,lastPrice,baseVolume,quoteVolume
1753460898988,16:28:18.988,ACH/USDT:USDT,0.021333,3418.0,0.021334,2261.0,0.021328,235308556.0,5114280.147674
1753460899371,16:28:19.371,ACH/USDT:USDT,0.021333,6291.0,0.021334,2261.0,0.021328,235306064.0,5114226.998298
1753460900066,16:28:20.066,ACH/USDT:USDT,0.021336,4374.0,0.02134,4358.0,0.021328,235306064.0,5114226.998298
1753460900798,16:28:20.798,ACH/USDT:USDT,0.021331,2873.0,0.021332,2261.0,0.021328,235308556.0,5114280.147674
1753460901138,16:28:21.138,ACH/USDT:USDT,0.021334,3418.0,0.021344,2899.0,0.021328,235308556.0,5114280.147674
1753460901454,16:28:21.454,ACH/USDT:USDT,0.021334,3418.0,0.021344,2899.0,0.021328,235308556.0,5114280.147674
1753460901782,16:28:21.782,ACH/USDT:USDT,0.021339,2279.0,0.021341,4356.0,0.021328,235308556.0,5114280.147674
1753460902210,16:28:22.210,ACH/USDT:USDT,0.021333,4371.0,0.021335,3391.0,0.021328,235308556.0,5114280.147674
1753460902568,16:28:22.568,ACH/USDT:USDT,0.021333,7244.0,0.021337,2261.0,0.021328,235308556.0,5114280.147674
1753460902888,16:28:22.888,ACH/USDT:USDT,0.02133,7244.0,0.021338,5134.0,0.021328,235308556.0,5114280.147674
1753460903255,16:28:23.255,ACH/USDT:USDT,0.02133,7244.0,0.021333,2261.0,0.021328,235308556.0,5114280.147674
1753460903603,16:28:23.603,ACH/USDT:USDT,0.021332,2279.0,0.021333,2261.0,0.021328,235308556.0,5114280.147674
1753460903914,16:28:23.914,ACH/USDT:USDT,0.021338,2279.0,0.021341,4355.0,0.021328,235308556.0,5114280.147674
1753460904245,16:28:24.245,ACH/USDT:USDT,0.021338,2279.0,0.021341,4355.0,0.021328,235308556.0,5114280.147674
1753460904609,16:28:24.609,ACH/USDT:USDT,0.021338,2279.0,0.021341,4355.0,0.021328,235308556.0,5114280.147674
1753460904926,16:28:24.926,ACH/USDT:USDT,0.021338,2279.0,0.021341,4355.0,0.021328,235308556.0,5114280.147674
1753460905251,16:28:25.251,ACH/USDT:USDT,0.021338,2279.0,0.021341,4355.0,0.021328,235308556.0,5114280.147674
1753460905585,16:28:25.585,ACH/USDT:USDT,0.021333,7240.0,0.02134,2261.0,0.021328,235308556.0,5114280.147674
1753460905919,16:28:25.919,ACH/USDT:USDT,0.021336,4370.0,0.021339,2261.0,0.021328,235308556.0,5114280.147674
1753460906236,16:28:26.236,ACH/USDT:USDT,0.021331,4370.0,0.021334,2261.0,0.021328,235308556.0,5114280.147674
1753460906554,16:28:26.554,ACH/USDT:USDT,0.021332,2279.0,0.021333,2261.0,0.021328,235308556.0,5114280.147674
1753460907051,16:28:27.051,ACH/USDT:USDT,0.021339,2279.0,0.02134,4354.0,0.021328,235308556.0,5114280.147674
1753460907600,16:28:27.600,ACH/USDT:USDT,0.021339,5149.0,0.021345,4354.0,0.021328,235308556.0,5114280.147674
1753460907984,16:28:27.984,ACH/USDT:USDT,0.021342,2279.0,0.021343,2261.0,0.021328,235308556.0,5114280.147674
1753460908559,16:28:28.559,ACH/USDT:USDT,0.021342,5149.0,0.021343,2261.0,0.021328,235308556.0,5114280.147674
1753460908883,16:28:28.883,ACH/USDT:USDT,0.021344,2279.0,0.021345,2261.0,0.021328,235308556.0,5114280.147674
1753460909253,16:28:29.253,ACH/USDT:USDT,0.021344,2279.0,0.021345,2261.0,0.021328,235308556.0,5114280.147674
1753460909698,16:28:29.698,ACH/USDT:USDT,0.021335,2870.0,0.021345,2261.0,0.021328,235308556.0,5114280.147674
1753460910056,16:28:30.056,ACH/USDT:USDT,0.021335,29969.0,0.021344,2870.0,0.021328,235308556.0,5114280.147674
1753460910388,16:28:30.388,ACH/USDT:USDT,0.021332,7240.0,0.021342,2261.0,0.021328,235308556.0,5114280.147674
1753460910827,16:28:30.827,ACH/USDT:USDT,0.02134,3418.0,0.021343,4356.0,0.021328,235308556.0,5114280.147674
1753460911559,16:28:31.559,ACH/USDT:USDT,0.021333,2279.0,0.021338,5131.0,0.021328,235308556.0,5114280.147674
1753460912430,16:28:32.430,ACH/USDT:USDT,0.021333,2279.0,0.021334,2261.0,0.021328,235308556.0,5114280.147674
1753460912994,16:28:32.994,ACH/USDT:USDT,0.021333,2279.0,0.021337,4355.0,0.021328,235308556.0,5114280.147674
1753460913355,16:28:33.355,ACH/USDT:USDT,0.021333,5149.0,0.021337,4355.0,0.021328,235308556.0,5114280.147674
1753460913697,16:28:33.697,ACH/USDT:USDT,0.021333,5149.0,0.021337,4355.0,0.021328,235308556.0,5114280.147674
1753460914028,16:28:34.028,ACH/USDT:USDT,0.021334,2279.0,0.021335,2261.0,0.021328,235308556.0,5114280.147674
1753460914499,16:28:34.499,ACH/USDT:USDT,0.021334,2279.0,0.021335,2261.0,0.021328,235308556.0,5114280.147674
1753460915086,16:28:35.086,ACH/USDT:USDT,0.021334,2279.0,0.021335,2261.0,0.021328,235308556.0,5114280.147674
1753460915700,16:28:35.700,ACH/USDT:USDT,0.021334,5113.0,0.021335,2261.0,0.021328,235308556.0,5114280.147674
1753460916357,16:28:36.357,ACH/USDT:USDT,0.021339,2279.0,0.021342,2261.0,0.021328,235308556.0,5114280.147674
1753460916689,16:28:36.689,ACH/USDT:USDT,0.021341,2279.0,0.021342,2261.0,0.021328,235308556.0,5114280.147674
1753460917048,16:28:37.048,ACH/USDT:USDT,0.021344,2279.0,0.021345,4355.0,0.021328,235308556.0,5114280.147674
1753460917429,16:28:37.429,ACH/USDT:USDT,0.021344,2279.0,0.021345,4355.0,0.021328,235308556.0,5114280.147674
1753460917750,16:28:37.750,ACH/USDT:USDT,0.021336,4442.0,0.021345,7189.0,0.021328,235308556.0,5114280.147674
1753460918117,16:28:38.117,ACH/USDT:USDT,0.021337,2279.0,0.021342,2261.0,0.021328,235308556.0,5114280.147674
1753460918457,16:28:38.457,ACH/USDT:USDT,0.021341,2279.0,0.021345,4355.0,0.021328,235308556.0,5114280.147674
1753460918778,16:28:38.778,ACH/USDT:USDT,0.021347,5113.0,0.021352,4355.0,0.021328,235308556.0,5114280.147674
1753460919127,16:28:39.127,ACH/USDT:USDT,0.021351,5113.0,0.021355,2261.0,0.02135,235308556.0,5114280.147674
1753460919623,16:28:39.623,ACH/USDT:USDT,0.021345,5658.0,0.021355,4838.0,0.02135,235321234.0,5114550.822974
1753460920340,16:28:40.340,ACH/USDT:USDT,0.021346,4522.0,0.021353,2834.0,0.02135,235308556.0,5114280.147674
1753460920945,16:28:40.945,ACH/USDT:USDT,0.021343,2279.0,0.021346,2261.0,0.02135,235321234.0,5114550.822974
1753460921254,16:28:41.254,ACH/USDT:USDT,0.021341,4371.0,0.021344,2261.0,0.02135,235321234.0,5114550.822974
1753460921642,16:28:41.642,ACH/USDT:USDT,0.021341,7205.0,0.021344,2261.0,0.02135,235321234.0,5114550.822974
1753460922128,16:28:42.128,ACH/USDT:USDT,0.021341,7205.0,0.021344,2261.0,0.02135,235321234.0,5114550.822974
1753460922938,16:28:42.938,ACH/USDT:USDT,0.021338,2834.0,0.021343,2261.0,0.02135,235321234.0,5114550.822974
1753460923505,16:28:43.505,ACH/USDT:USDT,0.02134,2279.0,0.021341,2261.0,0.02135,235321234.0,5114550.822974
1753460924512,16:28:44.512,ACH/USDT:USDT,0.02134,2279.0,0.021341,2261.0,0.02135,235321234.0,5114550.822974
1753460924863,16:28:44.863,ACH/USDT:USDT,0.02134,2279.0,0.021341,2261.0,0.02135,235321234.0,5114550.822974
1753460925186,16:28:45.186,ACH/USDT:USDT,0.021334,4374.0,0.021337,2261.0,0.02135,235321234.0,5114550.822974
1753460925537,16:28:45.537,ACH/USDT:USDT,0.021335,2279.0,0.021336,2261.0,0.02135,235321234.0,5114550.822974
1753460925868,16:28:45.868,ACH/USDT:USDT,0.021335,2279.0,0.021336,2261.0,0.02135,235321234.0,5114550.822974
1753460926181,16:28:46.181,ACH/USDT:USDT,0.02134,2279.0,0.021343,2261.0,0.02135,235321234.0,5114550.822974
1753460926534,16:28:46.534,ACH/USDT:USDT,0.02134,2279.0,0.021343,5098.0,0.02135,235321234.0,5114550.822974
1753460926949,16:28:46.949,ACH/USDT:USDT,0.021342,4700.0,0.021347,2834.0,0.02135,235321234.0,5114550.822974
1753460927271,16:28:47.271,ACH/USDT:USDT,0.021342,4700.0,0.021347,2834.0,0.02135,235321234.0,5114550.822974
1753460927589,16:28:47.589,ACH/USDT:USDT,0.021341,3450.0,0.021347,2261.0,0.02135,235321234.0,5114550.822974
1753460927940,16:28:47.940,ACH/USDT:USDT,0.021342,5116.0,0.021345,2261.0,0.02135,235321234.0,5114550.822974
1753460928260,16:28:48.260,ACH/USDT:USDT,0.021342,5116.0,0.021345,2261.0,0.02135,235321234.0,5114550.822974
1753460928577,16:28:48.577,ACH/USDT:USDT,0.021343,2279.0,0.021344,2261.0,0.02135,235321234.0,5114550.822974
1753460928898,16:28:48.898,ACH/USDT:USDT,0.021343,2279.0,0.021344,2261.0,0.02135,235321234.0,5114550.822974
1753460929248,16:28:49.248,ACH/USDT:USDT,0.021343,2279.0,0.021344,2261.0,0.02135,235321234.0,5114550.822974
1753460929562,16:28:49.562,ACH/USDT:USDT,0.021343,2279.0,0.021344,2261.0,0.02135,235321234.0,5114550.822974
1753460929881,16:28:49.881,ACH/USDT:USDT,0.021343,5116.0,0.02135,4359.0,0.02135,235321234.0,5114550.822974
1753460930213,16:28:50.213,ACH/USDT:USDT,0.021353,2279.0,0.021354,5098.0,0.02135,235321234.0,5114550.822974
1753460930565,16:28:50.565,ACH/USDT:USDT,0.021353,2279.0,0.021354,2261.0,0.02135,235321234.0,5114550.822974
1753460930882,16:28:50.882,ACH/USDT:USDT,0.021353,2279.0,0.021354,2261.0,0.02135,235321234.0,5114550.822974
1753460931213,16:28:51.213,ACH/USDT:USDT,0.021343,7824.0,0.021348,2261.0,0.02135,235321234.0,5114550.822974
1753460931592,16:28:51.592,ACH/USDT:USDT,0.021341,7211.0,0.021345,2261.0,0.02135,235321234.0,5114550.822974
1753460932022,16:28:52.022,ACH/USDT:USDT,0.021341,7211.0,0.021345,2261.0,0.02135,235321234.0,5114550.822974
1753460932541,16:28:52.541,ACH/USDT:USDT,0.021341,7211.0,0.021348,4358.0,0.02135,235321234.0,5114550.822974
1753460932891,16:28:52.891,ACH/USDT:USDT,0.02135,2279.0,0.021353,2261.0,0.02135,235321234.0,5114550.822974
1753460933220,16:28:53.220,ACH/USDT:USDT,0.02135,2279.0,0.021353,2261.0,0.02135,235321234.0,5114550.822974
1753460933532,16:28:53.532,ACH/USDT:USDT,0.02135,5116.0,0.021353,2261.0,0.02135,235321234.0,5114550.822974
1753460934037,16:28:54.037,ACH/USDT:USDT,0.021353,2837.0,0.021358,4360.0,0.02135,235321234.0,5114550.822974
1753460934781,16:28:54.781,ACH/USDT:USDT,0.021353,2837.0,0.021359,5069.0,0.02135,235321234.0,5114550.822974
1753460935117,16:28:55.117,ACH/USDT:USDT,0.02135,3764.0,0.021356,2915.0,0.02135,235321234.0,5114550.822974
1753460935457,16:28:55.457,ACH/USDT:USDT,0.021348,6725.0,0.021351,2261.0,0.02135,235321234.0,5114550.822974
1753460935779,16:28:55.779,ACH/USDT:USDT,0.021349,2915.0,0.021356,2261.0,0.02135,235321234.0,5114550.822974
1753460936121,16:28:56.121,ACH/USDT:USDT,0.021354,2279.0,0.021355,2261.0,0.02135,235321234.0,5114550.822974
1753460936602,16:28:56.602,ACH/USDT:USDT,0.021354,2279.0,0.021355,2261.0,0.02135,235321234.0,5114550.822974
1753460936917,16:28:56.917,ACH/USDT:USDT,0.021354,2279.0,0.021355,2261.0,0.02135,235321234.0,5114550.822974
1753460937227,16:28:57.227,ACH/USDT:USDT,0.021345,4378.0,0.021349,2261.0,0.02135,235321234.0,5114550.822974
1753460937587,16:28:57.587,ACH/USDT:USDT,0.021348,2279.0,0.021349,2261.0,0.02135,235321234.0,5114550.822974
1753460937938,16:28:57.938,ACH/USDT:USDT,0.021334,14050.0,0.021344,6496.0,0.021344,235321234.0,5114550.822974
1753460938279,16:28:58.279,ACH/USDT:USDT,0.021328,15094.0,0.021333,2261.0,0.021344,235321234.0,5114550.822974
1753460938677,16:28:58.677,ACH/USDT:USDT,0.021325,2915.0,0.021334,3494.0,0.021344,235321234.0,5114550.822974
1753460939516,16:28:59.516,ACH/USDT:USDT,0.021319,529.0,0.021323,2261.0,0.021344,235346328.0,5115086.42931
1753460940613,16:29:00.613,ACH/USDT:USDT,0.02132,2915.0,0.021336,4360.0,0.021344,235346328.0,5115086.42931
1753460941051,16:29:01.051,ACH/USDT:USDT,0.021323,5947.0,0.021333,2915.0,0.021344,235346328.0,5115086.42931
1753460941567,16:29:01.567,ACH/USDT:USDT,0.021332,38634.0,0.021341,20948.0,0.021344,235319440.0,5114492.160336
1753460941952,16:29:01.952,ACH/USDT:USDT,0.021332,38634.0,0.021341,20948.0,0.021344,235319440.0,5114492.160336
1753460942390,16:29:02.390,ACH/USDT:USDT,0.021331,2279.0,0.021339,2915.0,0.021344,235346328.0,5115086.42931
1753460942893,16:29:02.893,ACH/USDT:USDT,0.021334,2279.0,0.021341,13751.0,0.021344,235319440.0,5114492.160336
1753460943213,16:29:03.213,ACH/USDT:USDT,0.021334,2279.0,0.021341,13751.0,0.021344,235319440.0,5114492.160336
1753460943540,16:29:03.540,ACH/USDT:USDT,0.021331,4375.0,0.021336,2261.0,0.021344,235319440.0,5114492.160336
1753460944027,16:29:04.027,ACH/USDT:USDT,0.021339,2279.0,0.021346,7275.0,0.021344,235319440.0,5114492.160336
1753460944677,16:29:04.677,ACH/USDT:USDT,0.021345,2279.0,0.021351,2945.0,0.021344,235319440.0,5114492.160336
1753460945044,16:29:05.044,ACH/USDT:USDT,0.021345,2279.0,0.021353,2945.0,0.021344,235319440.0,5114492.160336
1753460945382,16:29:05.382,ACH/USDT:USDT,0.021346,4375.0,0.02135,2261.0,0.021344,235319440.0,5114492.160336
1753460945701,16:29:05.701,ACH/USDT:USDT,0.021347,2279.0,0.021348,2261.0,0.021344,235319440.0,5114492.160336
1753460946042,16:29:06.042,ACH/USDT:USDT,0.021347,5224.0,0.021352,4360.0,0.021344,235319440.0,5114492.160336
1753460946493,16:29:06.493,ACH/USDT:USDT,0.021353,2279.0,0.021357,4360.0,0.021344,235319440.0,5114492.160336
1753460947269,16:29:07.269,ACH/USDT:USDT,0.021356,2279.0,0.021358,2261.0,0.021359,235319440.0,5114492.160336
1753460948082,16:29:08.082,ACH/USDT:USDT,0.021357,2279.0,0.021358,2261.0,0.021359,235319440.0,5114492.160336
1753460948520,16:29:08.520,ACH/USDT:USDT,0.021354,7319.0,0.021358,2261.0,0.021359,235319440.0,5114492.160336
1753460948914,16:29:08.914,ACH/USDT:USDT,0.02136,2279.0,0.021361,18452.0,0.021359,235339034.0,5114910.668582
1753460949271,16:29:09.271,ACH/USDT:USDT,0.02136,2279.0,0.021361,4358.0,0.021359,235319440.0,5114492.160336
1753460949766,16:29:09.766,ACH/USDT:USDT,0.02136,2279.0,0.021364,4357.0,0.021359,235339034.0,5114910.668582
1753460950106,16:29:10.106,ACH/USDT:USDT,0.021363,2279.0,0.021364,4357.0,0.021359,235339034.0,5114910.668582
1753460950436,16:29:10.436,ACH/USDT:USDT,0.021363,2279.0,0.021364,4357.0,0.021359,235339034.0,5114910.668582
1753460950760,16:29:10.760,ACH/USDT:USDT,0.021364,2279.0,0.021365,2261.0,0.021359,235339034.0,5114910.668582
1753460951282,16:29:11.282,ACH/USDT:USDT,0.021364,2279.0,0.021365,2261.0,0.021359,235319440.0,5114492.160336
1753460951860,16:29:11.860,ACH/USDT:USDT,0.021367,2279.0,0.021368,4356.0,0.021359,235339034.0,5114910.668582
1753460952175,16:29:12.175,ACH/USDT:USDT,0.021367,2279.0,0.021368,4356.0,0.021359,235339034.0,5114910.668582
1753460952501,16:29:12.501,ACH/USDT:USDT,0.021367,2279.0,0.021368,4356.0,0.021359,235339034.0,5114910.668582
1753460952818,16:29:12.818,ACH/USDT:USDT,0.021367,2279.0,0.021368,4356.0,0.021359,235339034.0,5114910.668582
1753460953135,16:29:13.135,ACH/USDT:USDT,0.021365,2945.0,0.021367,2261.0,0.021359,235339034.0,5114910.668582
1753460953510,16:29:13.510,ACH/USDT:USDT,0.021366,2279.0,0.021367,2261.0,0.021359,235339034.0,5114910.668582
1753460953890,16:29:13.890,ACH/USDT:USDT,0.021366,2279.0,0.021367,2261.0,0.021359,235339034.0,5114910.668582
1753460954204,16:29:14.204,ACH/USDT:USDT,0.021366,2279.0,0.021367,2261.0,0.021359,235339034.0,5114910.668582
1753460954531,16:29:14.531,ACH/USDT:USDT,0.021373,2279.0,0.021377,4358.0,0.021359,235339034.0,5114910.668582
1753460954929,16:29:14.929,ACH/USDT:USDT,0.021373,2279.0,0.021374,2261.0,0.021359,235339034.0,5114910.668582
1753460955249,16:29:15.249,ACH/USDT:USDT,0.021373,2279.0,0.021374,2261.0,0.021359,235339034.0,5114910.668582
1753460955574,16:29:15.574,ACH/USDT:USDT,0.021373,2279.0,0.021374,2261.0,0.021359,235339034.0,5114910.668582
1753460955960,16:29:15.960,ACH/USDT:USDT,0.021373,2279.0,0.021374,2261.0,0.021359,235339034.0,5114910.668582
1753460956311,16:29:16.311,ACH/USDT:USDT,0.021373,2279.0,0.021374,2261.0,0.021359,235339034.0,5114910.668582
1753460956620,16:29:16.620,ACH/USDT:USDT,0.021373,2279.0,0.021374,2261.0,0.021359,235339034.0,5114910.668582
1753460956937,16:29:16.937,ACH/USDT:USDT,0.021377,2880.0,0.021379,2261.0,0.021377,235339034.0,5114910.668582
1753460957347,16:29:17.347,ACH/USDT:USDT,0.021378,5159.0,0.021382,4359.0,0.021377,235339034.0,5114910.668582
1753460957681,16:29:17.681,ACH/USDT:USDT,0.021378,5159.0,0.021382,4359.0,0.021377,235339034.0,5114910.668582
1753460958011,16:29:18.011,ACH/USDT:USDT,0.021381,2279.0,0.021382,4359.0,0.021377,235344794.0,5115033.800102
1753460958416,16:29:18.416,ACH/USDT:USDT,0.021384,2279.0,0.021388,4358.0,0.021377,235344794.0,5115033.800102
1753460958749,16:29:18.749,ACH/USDT:USDT,0.021387,2279.0,0.021388,4358.0,0.021377,235344794.0,5115033.800102
1753460959065,16:29:19.065,ACH/USDT:USDT,0.021382,2880.0,0.021388,4358.0,0.021377,235344794.0,5115033.800102
1753460959381,16:29:19.381,ACH/USDT:USDT,0.021383,4376.0,0.021384,2261.0,0.021377,235344794.0,5115033.800102
1753460959865,16:29:19.865,ACH/USDT:USDT,0.021374,4376.0,0.021378,2261.0,0.021377,235339034.0,5114910.668582
1753460960433,16:29:20.433,ACH/USDT:USDT,0.021376,2279.0,0.021377,2261.0,0.021377,235344794.0,5115033.800102
1753460960797,16:29:20.797,ACH/USDT:USDT,0.021372,2279.0,0.021374,2261.0,0.021377,235344794.0,5115033.800102
1753460961170,16:29:21.170,ACH/USDT:USDT,0.021373,2279.0,0.021374,2261.0,0.021377,235344794.0,5115033.800102
1753460961487,16:29:21.487,ACH/USDT:USDT,0.021373,2279.0,0.021374,2261.0,0.021377,235344794.0,5115033.800102
1753460961801,16:29:21.801,ACH/USDT:USDT,0.021375,2279.0,0.021376,4359.0,0.021377,235344794.0,5115033.800102
1753460962158,16:29:22.158,ACH/USDT:USDT,0.021366,2945.0,0.021375,4729.0,0.021377,235344794.0,5115033.800102
1753460962509,16:29:22.509,ACH/USDT:USDT,0.021366,2945.0,0.021373,2261.0,0.021377,235344794.0,5115033.800102
1753460962823,16:29:22.823,ACH/USDT:USDT,0.021367,2279.0,0.021371,2261.0,0.021377,235344794.0,5115033.800102
1753460963145,16:29:23.145,ACH/USDT:USDT,0.021367,2279.0,0.021368,2261.0,0.021377,235344794.0,5115033.800102
1753460963672,16:29:23.672,ACH/USDT:USDT,0.021367,5159.0,0.021368,2261.0,0.021377,235344794.0,5115033.800102
1753460964465,16:29:24.465,ACH/USDT:USDT,0.021367,5159.0,0.021368,2261.0,0.021377,235344794.0,5115033.800102
1753460965111,16:29:25.111,ACH/USDT:USDT,0.021367,5159.0,0.021368,2261.0,0.021377,235344794.0,5115033.800102
1753460965442,16:29:25.442,ACH/USDT:USDT,0.021374,2279.0,0.021375,4358.0,0.021377,235344794.0,5115033.800102
1753460965812,16:29:25.812,ACH/USDT:USDT,0.021374,2279.0,0.021375,4358.0,0.021377,235344794.0,5115033.800102
1753460966170,16:29:26.170,ACH/USDT:USDT,0.021374,2279.0,0.021375,4358.0,0.021377,235344794.0,5115033.800102
1753460966478,16:29:26.478,ACH/USDT:USDT,0.021365,2932.0,0.021368,2261.0,0.021377,235344794.0,5115033.800102
1753460966792,16:29:26.792,ACH/USDT:USDT,0.021367,5211.0,0.021368,2261.0,0.021377,235344794.0,5115033.800102
1753460967139,16:29:27.139,ACH/USDT:USDT,0.021367,5211.0,0.021368,2261.0,0.021377,235344794.0,5115033.800102
1753460967465,16:29:27.465,ACH/USDT:USDT,0.021373,3418.0,0.021379,7630.0,0.021377,235344794.0,5115033.800102
1753460967892,16:29:27.892,ACH/USDT:USDT,0.021374,2279.0,0.021378,4359.0,0.021377,235344794.0,5115033.800102
1753460968823,16:29:28.823,ACH/USDT:USDT,0.021377,3418.0,0.021378,4359.0,0.021377,235344794.0,5115033.800102
1753460969136,16:29:29.136,ACH/USDT:USDT,0.021374,2279.0,0.021375,2261.0,0.021377,235354306.0,5115237.138126
1753460969486,16:29:29.486,ACH/USDT:USDT,0.021377,4522.0,0.021379,4360.0,0.021377,235354306.0,5115237.138126
1753460969843,16:29:29.843,ACH/USDT:USDT,0.021378,2279.0,0.021379,4360.0,0.021377,235354306.0,5115237.138126
1753460970167,16:29:30.167,ACH/USDT:USDT,0.021378,2279.0,0.021379,4360.0,0.021377,235354306.0,5115237.138126
1753460970494,16:29:30.494,ACH/USDT:USDT,0.021381,4387.0,0.021386,18410.0,0.021377,235354306.0,5115237.138126
1753460970868,16:29:30.868,ACH/USDT:USDT,0.021385,2279.0,0.021386,4360.0,0.021377,235354306.0,5115237.138126
1753460971261,16:29:31.261,ACH/USDT:USDT,0.021381,2108.0,0.021385,2279.0,0.021377,235344794.0,5115033.800102
1753460971665,16:29:31.665,ACH/USDT:USDT,0.021374,7309.0,0.021378,2261.0,0.021377,235354306.0,5115237.138126
1753460972036,16:29:32.036,ACH/USDT:USDT,0.021379,2279.0,0.02138,4360.0,0.021377,235354306.0,5115237.138126
1753460972499,16:29:32.499,ACH/USDT:USDT,0.021376,2279.0,0.021379,2261.0,0.021377,235344794.0,5115033.800102
1753460973096,16:29:33.096,ACH/USDT:USDT,0.021376,2279.0,0.021377,2261.0,0.021377,235354306.0,5115237.138126
1753460973443,16:29:33.443,ACH/USDT:USDT,0.021375,2279.0,0.021376,4361.0,0.021377,235354306.0,5115237.138126
1753460973856,16:29:33.856,ACH/USDT:USDT,0.021375,2279.0,0.021376,7293.0,0.021377,235354306.0,5115237.138126
1753460974172,16:29:34.172,ACH/USDT:USDT,0.021372,2279.0,0.021375,2261.0,0.021377,235354306.0,5115237.138126
1753460974524,16:29:34.524,ACH/USDT:USDT,0.021373,5172.0,0.021374,2261.0,0.021377,235354306.0,5115237.138126
1753460974913,16:29:34.913,ACH/USDT:USDT,0.021374,2893.0,0.021377,4361.0,0.021377,235354306.0,5115237.138126
1753460975314,16:29:35.314,ACH/USDT:USDT,0.021375,2279.0,0.021376,2261.0,0.021377,235354306.0,5115237.138126
1753460975623,16:29:35.623,ACH/USDT:USDT,0.021375,2279.0,0.021376,2261.0,0.021377,235354306.0,5115237.138126
1753460975948,16:29:35.948,ACH/USDT:USDT,0.021375,2279.0,0.021376,2261.0,0.021377,235354306.0,5115237.138126
1753460976337,16:29:36.337,ACH/USDT:USDT,0.021375,2279.0,0.021376,2261.0,0.021377,235354306.0,5115237.138126
1753460976674,16:29:36.674,ACH/USDT:USDT,0.021375,2279.0,0.021376,2261.0,0.021377,235354306.0,5115237.138126
1753460976993,16:29:36.993,ACH/USDT:USDT,0.021375,2279.0,0.021376,2261.0,0.021377,235354306.0,5115237.138126
1753460977381,16:29:37.381,ACH/USDT:USDT,0.021375,5172.0,0.021379,4361.0,0.021377,235354306.0,5115237.138126
1753460977727,16:29:37.727,ACH/USDT:USDT,0.021375,2279.0,0.021379,7254.0,0.021377,235354306.0,5115237.138126
1753460978054,16:29:38.054,ACH/USDT:USDT,0.021372,4378.0,0.021374,2261.0,0.021377,235354306.0,5115237.138126
1753460978387,16:29:38.387,ACH/USDT:USDT,0.021373,2279.0,0.021374,2261.0,0.021377,235354306.0,5115237.138126
1753460978852,16:29:38.852,ACH/USDT:USDT,0.021373,2279.0,0.021377,4361.0,0.021377,235354306.0,5115237.138126
1753460979414,16:29:39.414,ACH/USDT:USDT,0.021373,2279.0,0.021377,4361.0,0.021377,235354306.0,5115237.138126
1753460979727,16:29:39.727,ACH/USDT:USDT,0.021376,2279.0,0.021377,4361.0,0.021377,235354306.0,5115237.138126
1753460980065,16:29:40.065,ACH/USDT:USDT,0.021376,2279.0,0.021377,4361.0,0.021377,235354306.0,5115237.138126
1753460980385,16:29:40.385,ACH/USDT:USDT,0.021376,2279.0,0.021377,4361.0,0.021377,235354306.0,5115237.138126
1753460980710,16:29:40.710,ACH/USDT:USDT,0.021381,3418.0,0.021383,4360.0,0.021377,235354306.0,5115237.138126
1753460981132,16:29:41.132,ACH/USDT:USDT,0.021381,3418.0,0.021382,2261.0,0.021377,235354306.0,5115237.138126
1753460981493,16:29:41.493,ACH/USDT:USDT,0.021379,2279.0,0.021382,2261.0,0.021377,235354306.0,5115237.138126
1753460981823,16:29:41.823,ACH/USDT:USDT,0.021379,2279.0,0.021382,2261.0,0.021377,235354306.0,5115237.138126
1753460982140,16:29:42.140,ACH/USDT:USDT,0.021376,4379.0,0.021377,2261.0,0.021377,235354306.0,5115237.138126
1753460982498,16:29:42.498,ACH/USDT:USDT,0.021376,7272.0,0.021377,2261.0,0.021377,235354306.0,5115237.138126
1753460982820,16:29:42.820,ACH/USDT:USDT,0.021379,2279.0,0.02138,2261.0,0.021377,235354306.0,5115237.138126
1753460983132,16:29:43.132,ACH/USDT:USDT,0.021379,2279.0,0.02138,2261.0,0.021377,235354306.0,5115237.138126
1753460983521,16:29:43.521,ACH/USDT:USDT,0.021379,2279.0,0.02138,2261.0,0.021377,235354306.0,5115237.138126
1753460983891,16:29:43.891,ACH/USDT:USDT,0.021379,2279.0,0.02138,2261.0,0.021377,235354306.0,5115237.138126
1753460984200,16:29:44.200,ACH/USDT:USDT,0.021379,2279.0,0.02138,2261.0,0.021377,235354306.0,5115237.138126
1753460984535,16:29:44.535,ACH/USDT:USDT,0.021379,2279.0,0.02138,2261.0,0.021377,235354306.0,5115237.138126
1753460984963,16:29:44.963,ACH/USDT:USDT,0.021379,2279.0,0.02138,2261.0,0.021377,235354306.0,5115237.138126
1753460985577,16:29:45.577,ACH/USDT:USDT,0.021379,2279.0,0.02138,2261.0,0.021377,235354306.0,5115237.138126
1753460985898,16:29:45.898,ACH/USDT:USDT,0.021379,5103.0,0.02138,2261.0,0.021377,235354306.0,5115237.138126
1753460986293,16:29:46.293,ACH/USDT:USDT,0.021373,8147.0,0.021375,3391.0,0.021377,235354306.0,5115237.138126
1753460986699,16:29:46.699,ACH/USDT:USDT,0.021373,4385.0,0.021377,2824.0,0.021377,235354306.0,5115237.138126
1753460987017,16:29:47.017,ACH/USDT:USDT,0.02137,4385.0,0.021377,2824.0,0.021377,235354306.0,5115237.138126
1753460987365,16:29:47.365,ACH/USDT:USDT,0.02136,16982.0,0.021367,5085.0,0.021377,235354306.0,5115237.138126
1753460987851,16:29:47.851,ACH/USDT:USDT,0.021363,2279.0,0.021364,2261.0,0.021377,235354306.0,5115237.138126
1753460988530,16:29:48.530,ACH/USDT:USDT,0.021363,2279.0,0.021367,10585.0,0.021377,235354306.0,5115237.138126
1753460988890,16:29:48.890,ACH/USDT:USDT,0.021363,2279.0,0.021367,7761.0,0.021364,235354306.0,5115237.138126
1753460989278,16:29:49.278,ACH/USDT:USDT,0.021369,3418.0,0.021373,14729.0,0.021364,235354306.0,5115237.138126
1753460989603,16:29:49.603,ACH/USDT:USDT,0.021372,2279.0,0.021374,2261.0,0.021364,235354306.0,5115237.138126
1753460989966,16:29:49.966,ACH/USDT:USDT,0.021372,2279.0,0.021377,7189.0,0.021364,235354306.0,5115237.138126
1753460990303,16:29:50.303,ACH/USDT:USDT,0.021372,2279.0,0.021376,2824.0,0.021364,235369128.0,5115553.795334
1753460990637,16:29:50.637,ACH/USDT:USDT,0.021372,2279.0,0.021378,2261.0,0.021364,235369128.0,5115553.795334
1753460990953,16:29:50.953,ACH/USDT:USDT,0.021374,2279.0,0.021375,5085.0,0.021364,235369128.0,5115553.795334
1753460991330,16:29:51.330,ACH/USDT:USDT,0.021374,2279.0,0.021375,5085.0,0.021364,235369128.0,5115553.795334
1753460991718,16:29:51.718,ACH/USDT:USDT,0.021374,2279.0,0.021375,2261.0,0.021364,235369128.0,5115553.795334
1753460992045,16:29:52.045,ACH/USDT:USDT,0.021375,4384.0,0.02138,2261.0,0.021364,235369128.0,5115553.795334
1753460992436,16:29:52.436,ACH/USDT:USDT,0.021377,2279.0,0.021379,2261.0,0.021364,235369128.0,5115553.795334
1753460992779,16:29:52.779,ACH/USDT:USDT,0.021377,2279.0,0.021378,2261.0,0.021364,235369128.0,5115553.795334
1753460993100,16:29:53.100,ACH/USDT:USDT,0.021377,2279.0,0.021381,4365.0,0.021364,235369128.0,5115553.795334
1753460993421,16:29:53.421,ACH/USDT:USDT,0.021382,2279.0,0.021385,5000.0,0.021364,235369128.0,5115553.795334
1753460993782,16:29:53.782,ACH/USDT:USDT,0.021384,2279.0,0.021385,5000.0,0.021364,235369128.0,5115553.795334
1753460994163,16:29:54.163,ACH/USDT:USDT,0.021382,2279.0,0.021385,5000.0,0.021364,235369128.0,5115553.795334
1753460994482,16:29:54.482,ACH/USDT:USDT,0.021379,4385.0,0.021391,2820.0,0.021364,235369128.0,5115553.795334
1753460994832,16:29:54.832,ACH/USDT:USDT,0.021383,2279.0,0.021388,2261.0,0.021364,235369128.0,5115553.795334
1753460995187,16:29:55.187,ACH/USDT:USDT,0.02138,4385.0,0.021384,2261.0,0.021364,235369128.0,5115553.795334
1753460995504,16:29:55.504,ACH/USDT:USDT,0.021381,2854.0,0.021384,2261.0,0.021364,235369128.0,5115553.795334
1753460995828,16:29:55.828,ACH/USDT:USDT,0.02139,3418.0,0.021393,4367.0,0.021364,235369128.0,5115553.795334
1753460996694,16:29:56.694,ACH/USDT:USDT,0.021386,2279.0,0.02139,2261.0,0.021364,235354306.0,5115237.138126
1753460997254,16:29:57.254,ACH/USDT:USDT,0.021387,2279.0,0.021389,2261.0,0.021364,235369128.0,5115553.795334
1753460997578,16:29:57.578,ACH/USDT:USDT,0.021387,2279.0,0.021389,2261.0,0.021364,235369128.0,5115553.795334
1753460997893,16:29:57.893,ACH/USDT:USDT,0.021387,2279.0,0.021389,2261.0,0.021364,235369128.0,5115553.795334
1753460998215,16:29:58.215,ACH/USDT:USDT,0.021384,4386.0,0.021387,2261.0,0.021364,235369128.0,5115553.795334
1753460998596,16:29:58.596,ACH/USDT:USDT,0.021386,2854.0,0.02139,4366.0,0.021364,235369128.0,5115553.795334
1753460998979,16:29:58.979,ACH/USDT:USDT,0.021386,2854.0,0.02139,4366.0,0.021364,235369128.0,5115553.795334
1753460999300,16:29:59.300,ACH/USDT:USDT,0.021386,2854.0,0.02139,4366.0,0.021364,235369128.0,5115553.795334
1753460999620,16:29:59.620,ACH/USDT:USDT,0.02139,2279.0,0.021391,2261.0,0.021364,235369128.0,5115553.795334
1753460999961,16:29:59.961,ACH/USDT:USDT,0.02139,2279.0,0.021391,2261.0,0.021364,235369128.0,5115553.795334
1753461001455,16:30:01.455,ACH/USDT:USDT,0.021389,6272.0,0.02139,2261.0,0.02139,235301884.0,5114063.387878
1753461002445,16:30:02.445,ACH/USDT:USDT,0.02139,5133.0,0.021391,2261.0,0.02139,235301884.0,5114063.387878
1753461003204,16:30:03.204,ACH/USDT:USDT,0.02139,5133.0,0.021391,2261.0,0.02139,235301884.0,5114063.387878
1753461003641,16:30:03.641,ACH/USDT:USDT,0.021387,4385.0,0.021394,2854.0,0.02139,235301884.0,5114063.387878
1753461004531,16:30:04.531,ACH/USDT:USDT,0.021397,5133.0,0.021402,4364.0,0.021395,235301884.0,5114063.387878
1753461004859,16:30:04.859,ACH/USDT:USDT,0.021399,2279.0,0.0214,2261.0,0.021395,235301884.0,5114063.387878
1753461005209,16:30:05.209,ACH/USDT:USDT,0.021399,2279.0,0.0214,2261.0,0.021395,235303612.0,5114100.358438
1753461005582,16:30:05.582,ACH/USDT:USDT,0.021399,2279.0,0.0214,2261.0,0.021395,235303612.0,5114100.358438
1753461005892,16:30:05.892,ACH/USDT:USDT,0.021399,2279.0,0.0214,2261.0,0.021395,235303612.0,5114100.358438
1753461006228,16:30:06.228,ACH/USDT:USDT,0.021399,2279.0,0.0214,2261.0,0.021395,235303612.0,5114100.358438
1753461006633,16:30:06.633,ACH/USDT:USDT,0.021403,2279.0,0.021404,2475.0,0.021395,235303612.0,5114100.358438
1753461006956,16:30:06.956,ACH/USDT:USDT,0.021403,2279.0,0.021404,2475.0,0.021395,235303612.0,5114100.358438
1753461007305,16:30:07.305,ACH/USDT:USDT,0.021395,2279.0,0.021397,2261.0,0.021395,235303612.0,5114100.358438
1753461007690,16:30:07.690,ACH/USDT:USDT,0.021396,2279.0,0.021397,2261.0,0.021395,235303612.0,5114100.358438
1753461008022,16:30:08.022,ACH/USDT:USDT,0.021399,3418.0,0.021402,4364.0,0.021395,235303612.0,5114100.358438
1753461008340,16:30:08.340,ACH/USDT:USDT,0.021396,5111.0,0.021397,3391.0,0.021395,235303612.0,5114100.358438
1753461008881,16:30:08.881,ACH/USDT:USDT,0.021396,5111.0,0.021397,3391.0,0.021395,235369128.0,5115553.795334
1753461009460,16:30:09.460,ACH/USDT:USDT,0.021396,5111.0,0.021397,3391.0,0.021395,235303612.0,5114100.358438
1753461009786,16:30:09.786,ACH/USDT:USDT,0.021388,2854.0,0.021396,3391.0,0.021395,235303612.0,5114100.358438
1753461010219,16:30:10.219,ACH/USDT:USDT,0.021391,2279.0,0.021395,4364.0,0.021395,235303612.0,5114100.358438
1753461010878,16:30:10.878,ACH/USDT:USDT,0.021379,2854.0,0.021385,3391.0,0.021395,235303612.0,5114100.358438
1753461011275,16:30:11.275,ACH/USDT:USDT,0.021383,2832.0,0.021387,4365.0,0.021395,235303612.0,5114100.358438
1753461011685,16:30:11.685,ACH/USDT:USDT,0.021383,2832.0,0.021387,4365.0,0.021395,235303612.0,5114100.358438
1753461011994,16:30:11.994,ACH/USDT:USDT,0.021383,2832.0,0.021387,4365.0,0.021395,235303612.0,5114100.358438
1753461012312,16:30:12.312,ACH/USDT:USDT,0.021383,2832.0,0.021387,4365.0,0.021395,235303612.0,5114100.358438
1753461012646,16:30:12.646,ACH/USDT:USDT,0.021386,2279.0,0.021394,2279.0,0.021395,235303612.0,5114100.358438
1753461012960,16:30:12.960,ACH/USDT:USDT,0.021386,5111.0,0.021392,2261.0,0.021395,235303612.0,5114100.358438
1753461013288,16:30:13.288,ACH/USDT:USDT,0.021396,2279.0,0.021397,5000.0,0.021395,235303612.0,5114100.358438
1753461013693,16:30:13.693,ACH/USDT:USDT,0.02138,7216.0,0.021394,2832.0,0.021395,235303612.0,5114100.358438
1753461014113,16:30:14.113,ACH/USDT:USDT,0.021387,2279.0,0.021391,2261.0,0.021395,235303612.0,5114100.358438
1753461014429,16:30:14.429,ACH/USDT:USDT,0.021383,4384.0,0.021387,2261.0,0.021395,235303612.0,5114100.358438
1753461014744,16:30:14.744,ACH/USDT:USDT,0.021383,4384.0,0.021386,5158.0,0.021395,235303612.0,5114100.358438
1753461015072,16:30:15.072,ACH/USDT:USDT,0.021383,4384.0,0.021386,5158.0,0.021395,235303612.0,5114100.358438
1753461015378,16:30:15.378,ACH/USDT:USDT,0.021383,4384.0,0.021386,5158.0,0.021395,235303612.0,5114100.358438
1753461015698,16:30:15.698,ACH/USDT:USDT,0.021384,2897.0,0.021391,2261.0,0.021384,235303612.0,5114100.358438
1753461016112,16:30:16.112,ACH/USDT:USDT,0.021385,2279.0,0.021389,2897.0,0.021384,235303612.0,5114100.358438
1753461016466,16:30:16.466,ACH/USDT:USDT,0.021385,2279.0,0.021392,4365.0,0.021384,235303612.0,5114100.358438
1753461016786,16:30:16.786,ACH/USDT:USDT,0.021385,2279.0,0.021392,4365.0,0.021384,235303612.0,5114100.358438
1753461017107,16:30:17.107,ACH/USDT:USDT,0.021383,4384.0,0.021387,2897.0,0.021384,235310694.0,5114251.799926
1753461017460,16:30:17.460,ACH/USDT:USDT,0.021385,2279.0,0.021388,2261.0,0.021384,235310694.0,5114251.799926
1753461017776,16:30:17.776,ACH/USDT:USDT,0.021385,5176.0,0.021388,2261.0,0.021384,235310694.0,5114251.799926
1753461018089,16:30:18.089,ACH/USDT:USDT,0.021385,2279.0,0.021388,2261.0,0.021384,235310694.0,5114251.799926
1753461018413,16:30:18.413,ACH/USDT:USDT,0.021385,2279.0,0.021388,2261.0,0.021384,235310694.0,5114251.799926
1753461018763,16:30:18.763,ACH/USDT:USDT,0.021385,2279.0,0.021392,2170.0,0.021384,235310694.0,5114251.799926
1753461019140,16:30:19.140,ACH/USDT:USDT,0.021385,2279.0,0.021392,5067.0,0.021384,235310694.0,5114251.799926
1753461019458,16:30:19.458,ACH/USDT:USDT,0.021386,2897.0,0.021391,2261.0,0.021384,235310694.0,5114251.799926
1753461019779,16:30:19.779,ACH/USDT:USDT,0.021393,3418.0,0.021397,2261.0,0.021397,235310694.0,5114251.799926
1753461020129,16:30:20.129,ACH/USDT:USDT,0.021395,2279.0,0.021396,2897.0,0.021397,235310694.0,5114251.799926
1753461020459,16:30:20.459,ACH/USDT:USDT,0.021385,4385.0,0.021395,5176.0,0.021397,235310694.0,5114251.799926
1753461020790,16:30:20.790,ACH/USDT:USDT,0.02139,2279.0,0.021394,4366.0,0.021397,235315394.0,5114352.365826
1753461021175,16:30:21.175,ACH/USDT:USDT,0.021391,2279.0,0.021393,2897.0,0.021397,235315394.0,5114352.365826
1753461021593,16:30:21.593,ACH/USDT:USDT,0.021391,2279.0,0.021393,2897.0,0.021397,235315394.0,5114352.365826
1753461022240,16:30:22.240,ACH/USDT:USDT,0.021384,4386.0,0.021388,2261.0,0.021397,235315394.0,5114352.365826
1753461022593,16:30:22.593,ACH/USDT:USDT,0.021384,4386.0,0.021388,5158.0,0.021397,235315394.0,5114352.365826
1753461022899,16:30:22.899,ACH/USDT:USDT,0.021384,4386.0,0.021388,5158.0,0.021397,235315394.0,5114352.365826
1753461023231,16:30:23.231,ACH/USDT:USDT,0.021386,2279.0,0.021389,2897.0,0.021397,235315394.0,5114352.365826
1753461023612,16:30:23.612,ACH/USDT:USDT,0.021386,2279.0,0.021389,2897.0,0.021397,235315394.0,5114352.365826
1753461023989,16:30:23.989,ACH/USDT:USDT,0.021384,2279.0,0.021387,5158.0,0.021397,235315394.0,5114352.365826
1753461024318,16:30:24.318,ACH/USDT:USDT,0.021384,2279.0,0.021387,5158.0,0.021397,235315394.0,5114352.365826
1753461024638,16:30:24.638,ACH/USDT:USDT,0.021386,2279.0,0.021389,2897.0,0.021397,235315394.0,5114352.365826
1753461025148,16:30:25.148,ACH/USDT:USDT,0.021385,2279.0,0.021387,2868.0,0.021397,235315394.0,5114352.365826
1753461025862,16:30:25.862,ACH/USDT:USDT,0.021382,4387.0,0.021387,2868.0,0.021397,235315394.0,5114352.365826
1753461026385,16:30:26.385,ACH/USDT:USDT,0.021374,4611.0,0.021378,3391.0,0.021397,235315394.0,5114352.365826
1753461027067,16:30:27.067,ACH/USDT:USDT,0.021374,2868.0,0.021378,3391.0,0.021397,235315394.0,5114352.365826
1753461027403,16:30:27.403,ACH/USDT:USDT,0.021374,2868.0,0.021378,3391.0,0.021397,235315394.0,5114352.365826
1753461027804,16:30:27.804,ACH/USDT:USDT,0.02138,3418.0,0.021385,4473.0,0.021378,235315394.0,5114352.365826
1753461028122,16:30:28.122,ACH/USDT:USDT,0.02138,7589.0,0.02139,2868.0,0.021378,235315394.0,5114352.365826
1753461028469,16:30:28.469,ACH/USDT:USDT,0.021383,2279.0,0.021386,2261.0,0.021378,235315394.0,5114352.365826
1753461028849,16:30:28.849,ACH/USDT:USDT,0.021383,2279.0,0.021388,4367.0,0.021378,235315394.0,5114352.365826
1753461029228,16:30:29.228,ACH/USDT:USDT,0.021383,5147.0,0.02139,2868.0,0.021378,235315394.0,5114352.365826
1753461029539,16:30:29.539,ACH/USDT:USDT,0.021383,5147.0,0.02139,2868.0,0.021378,235318762.0,5114424.36693
1753461029854,16:30:29.854,ACH/USDT:USDT,0.021384,2868.0,0.021391,2868.0,0.021378,235318762.0,5114424.36693
1753461030206,16:30:30.206,ACH/USDT:USDT,0.021387,2279.0,0.021389,2868.0,0.021378,235318762.0,5114424.36693
1753461030520,16:30:30.520,ACH/USDT:USDT,0.021387,2279.0,0.021389,2868.0,0.021378,235318762.0,5114424.36693
1753461030900,16:30:30.900,ACH/USDT:USDT,0.021382,2868.0,0.021389,2868.0,0.021378,235315394.0,5114352.365826
1753461031695,16:30:31.695,ACH/USDT:USDT,0.021373,4387.0,0.021385,2868.0,0.021378,235318762.0,5114424.36693
1753461032059,16:30:32.059,ACH/USDT:USDT,0.02137,7219.0,0.021383,2868.0,0.021378,235318762.0,5114424.36693
1753461032423,16:30:32.423,ACH/USDT:USDT,0.021374,2279.0,0.02138,2868.0,0.021378,235318762.0,5114424.36693
1753461032782,16:30:32.782,ACH/USDT:USDT,0.021371,4387.0,0.021376,2261.0,0.021378,235318762.0,5114424.36693
1753461033425,16:30:33.425,ACH/USDT:USDT,0.021371,4387.0,0.021376,5129.0,0.021378,235318762.0,5114424.36693
1753461033745,16:30:33.745,ACH/USDT:USDT,0.021371,4387.0,0.021376,2261.0,0.021378,235318762.0,5114424.36693
1753461034112,16:30:34.112,ACH/USDT:USDT,0.021371,7255.0,0.021376,2261.0,0.021373,235318762.0,5114424.36693
1753461034462,16:30:34.462,ACH/USDT:USDT,0.021371,7255.0,0.021376,2261.0,0.021373,235318762.0,5114424.36693
1753461034783,16:30:34.783,ACH/USDT:USDT,0.021372,2895.0,0.021379,7236.0,0.021373,235318762.0,5114424.36693
1753461035100,16:30:35.100,ACH/USDT:USDT,0.021372,2895.0,0.02138,2261.0,0.021373,235318762.0,5114424.36693
1753461035435,16:30:35.435,ACH/USDT:USDT,0.021374,4387.0,0.02138,2261.0,0.021373,235318762.0,5114424.36693
1753461035753,16:30:35.753,ACH/USDT:USDT,0.021369,4387.0,0.021377,2261.0,0.021373,235322180.0,5114497.419844
1753461036069,16:30:36.069,ACH/USDT:USDT,0.021369,2279.0,0.021373,2261.0,0.021373,235322180.0,5114497.419844
1753461036465,16:30:36.465,ACH/USDT:USDT,0.02137,2895.0,0.02138,4369.0,0.021373,235322180.0,5114497.419844
1753461036906,16:30:36.906,ACH/USDT:USDT,0.021366,2895.0,0.021376,2895.0,0.021373,235322180.0,5114497.419844
1753461037529,16:30:37.529,ACH/USDT:USDT,0.021369,2279.0,0.021373,2261.0,0.021373,235322180.0,5114497.419844
1753461037932,16:30:37.932,ACH/USDT:USDT,0.02137,2279.0,0.021373,2261.0,0.021373,235322180.0,5114497.419844
1753461038251,16:30:38.251,ACH/USDT:USDT,0.02137,2279.0,0.021373,2261.0,0.021373,235322180.0,5114497.419844
1753461038572,16:30:38.572,ACH/USDT:USDT,0.021367,4386.0,0.021372,2895.0,0.021373,235322180.0,5114497.419844
1753461038931,16:30:38.931,ACH/USDT:USDT,0.021362,2895.0,0.021363,2261.0,0.021373,235322180.0,5114497.419844
1753461039279,16:30:39.279,ACH/USDT:USDT,0.021357,2897.0,0.021363,2261.0,0.021373,235322180.0,5114497.419844
1753461039610,16:30:39.610,ACH/USDT:USDT,0.021357,2897.0,0.021363,2261.0,0.021373,235322180.0,5114497.419844
1753461039923,16:30:39.923,ACH/USDT:USDT,0.021355,2895.0,0.021359,2261.0,0.021373,235322180.0,5114497.419844
1753461040247,16:30:40.247,ACH/USDT:USDT,0.021358,5174.0,0.021363,2261.0,0.021373,235322180.0,5114497.419844
1753461040657,16:30:40.657,ACH/USDT:USDT,0.021359,5174.0,0.021363,2261.0,0.021373,235322180.0,5114497.419844
1753461040969,16:30:40.969,ACH/USDT:USDT,0.02136,2279.0,0.021363,2261.0,0.021373,235322180.0,5114497.419844
1753461041301,16:30:41.301,ACH/USDT:USDT,0.021355,2895.0,0.02136,2261.0,0.021373,235322180.0,5114497.419844
1753461041646,16:30:41.646,ACH/USDT:USDT,0.021358,2279.0,0.02136,2261.0,0.021373,235322180.0,5114497.419844
1753461041980,16:30:41.980,ACH/USDT:USDT,0.021358,2279.0,0.02136,2261.0,0.021373,235322180.0,5114497.419844
1753461042296,16:30:42.296,ACH/USDT:USDT,0.021359,5174.0,0.021366,2895.0,0.021373,235322180.0,5114497.419844
1753461042623,16:30:42.623,ACH/USDT:USDT,0.02136,5174.0,0.021367,2895.0,0.021373,235322180.0,5114497.419844
1753461043049,16:30:43.049,ACH/USDT:USDT,0.02136,2279.0,0.021365,5156.0,0.021373,235322180.0,5114497.419844
1753461043837,16:30:43.837,ACH/USDT:USDT,0.021366,3418.0,0.021374,19050.0,0.021373,235322180.0,5114497.419844
1753461044889,16:30:44.889,ACH/USDT:USDT,0.021365,2279.0,0.021374,19050.0,0.021373,235322180.0,5114497.419844
1753461045555,16:30:45.555,ACH/USDT:USDT,0.021377,7320.0,0.021383,4369.0,0.021374,235322180.0,5114497.419844
1753461045866,16:30:45.866,ACH/USDT:USDT,0.021378,2279.0,0.021382,2934.0,0.021374,235322180.0,5114497.419844
1753461046186,16:30:46.186,ACH/USDT:USDT,0.021379,5213.0,0.021384,5195.0,0.021374,235322180.0,5114497.419844
1753461046701,16:30:46.701,ACH/USDT:USDT,0.021379,5213.0,0.021384,5195.0,0.021374,235334744.0,5114765.96278
1753461047428,16:30:47.428,ACH/USDT:USDT,0.021381,4386.0,0.021389,5195.0,0.021374,235338896.0,5114854.757452
1753461048101,16:30:48.101,ACH/USDT:USDT,0.02138,2934.0,0.021387,2934.0,0.021386,235322180.0,5114497.419844
1753461048539,16:30:48.539,ACH/USDT:USDT,0.021382,2279.0,0.021387,2934.0,0.021386,235338896.0,5114854.757452
1753461048943,16:30:48.943,ACH/USDT:USDT,0.021383,2279.0,0.021387,2261.0,0.021386,235338896.0,5114854.757452
1753461049294,16:30:49.294,ACH/USDT:USDT,0.021384,5213.0,0.02139,7303.0,0.021386,235338896.0,5114854.757452
1753461049634,16:30:49.634,ACH/USDT:USDT,0.021384,5213.0,0.02139,7303.0,0.021386,235338896.0,5114854.757452
1753461049950,16:30:49.950,ACH/USDT:USDT,0.021391,2279.0,0.021395,4369.0,0.021386,235338896.0,5114854.757452
1753461050292,16:30:50.292,ACH/USDT:USDT,0.021392,3418.0,0.021395,7303.0,0.021392,235338896.0,5114854.757452
1753461050623,16:30:50.623,ACH/USDT:USDT,0.021392,3418.0,0.021395,4369.0,0.021392,235334744.0,5114765.96278
1753461050975,16:30:50.975,ACH/USDT:USDT,0.021392,3418.0,0.021395,4369.0,0.021392,235341834.0,5114917.607148
1753461051358,16:30:51.358,ACH/USDT:USDT,0.0214,5213.0,0.021404,4369.0,0.021392,235334744.0,5114765.96278
1753461052137,16:30:52.137,ACH/USDT:USDT,0.021401,2934.0,0.021404,4369.0,0.021392,235322180.0,5114497.419844
1753461052755,16:30:52.755,ACH/USDT:USDT,0.021411,3418.0,0.021412,2261.0,0.021405,235341834.0,5114917.607148
1753461053105,16:30:53.105,ACH/USDT:USDT,0.021411,3418.0,0.021412,2261.0,0.021405,235341834.0,5114917.607148
1753461053424,16:30:53.424,ACH/USDT:USDT,0.021411,3418.0,0.021412,2261.0,0.021405,235341834.0,5114917.607148
1753461053743,16:30:53.743,ACH/USDT:USDT,0.021409,2279.0,0.02141,2261.0,0.021405,235341834.0,5114917.607148
1753461054292,16:30:54.292,ACH/USDT:USDT,0.021406,2279.0,0.021407,2261.0,0.021405,235343964.0,5114963.199798
1753461055245,16:30:55.245,ACH/USDT:USDT,0.021406,2279.0,0.021407,2261.0,0.021405,235343964.0,5114963.199798
1753461055910,16:30:55.910,ACH/USDT:USDT,0.021403,4382.0,0.021406,2261.0,0.021405,235341834.0,5114917.607148
1753461056273,16:30:56.273,ACH/USDT:USDT,0.021411,3418.0,0.021415,14896.0,0.021405,235343964.0,5114963.199798
1753461056634,16:30:56.634,ACH/USDT:USDT,0.021414,2279.0,0.021415,4366.0,0.021405,235343964.0,5114963.199798
1753461056977,16:30:56.977,ACH/USDT:USDT,0.021414,2279.0,0.021415,4366.0,0.021405,235343964.0,5114963.199798
1753461057294,16:30:57.294,ACH/USDT:USDT,0.021414,2279.0,0.021415,4366.0,0.021405,235343964.0,5114963.199798
1753461057617,16:30:57.617,ACH/USDT:USDT,0.021414,5177.0,0.021418,4366.0,0.021405,235341834.0,5114917.607148
1753461058049,16:30:58.049,ACH/USDT:USDT,0.021414,2279.0,0.021418,4366.0,0.021405,235343964.0,5114963.199798
1753461058401,16:30:58.401,ACH/USDT:USDT,0.021414,2279.0,0.021418,4366.0,0.021405,235343964.0,5114963.199798
1753461058739,16:30:58.739,ACH/USDT:USDT,0.02142,3418.0,0.021421,4365.0,0.021405,235343964.0,5114963.199798
1753461059127,16:30:59.127,ACH/USDT:USDT,0.02142,3418.0,0.021421,4365.0,0.021405,235343964.0,5114963.199798
1753461059507,16:30:59.507,ACH/USDT:USDT,0.02142,3418.0,0.021421,4365.0,0.021405,235343964.0,5114963.199798
1753461060146,16:31:00.146,ACH/USDT:USDT,0.021408,2898.0,0.021418,3391.0,0.021405,235343964.0,5114963.199798
1753461060500,16:31:00.500,ACH/USDT:USDT,0.021408,4654.0,0.021421,4365.0,0.021405,235117824.0,5109966.761936
1753461060877,16:31:00.877,ACH/USDT:USDT,0.021405,2898.0,0.021414,2261.0,0.021405,235117824.0,5109966.761936
1753461061463,16:31:01.463,ACH/USDT:USDT,0.021407,2898.0,0.021419,7260.0,0.021405,235343964.0,5114963.199798
1753461062037,16:31:02.037,ACH/USDT:USDT,0.02142,2279.0,0.021421,4362.0,0.021405,235117824.0,5109966.761936
1753461062431,16:31:02.431,ACH/USDT:USDT,0.021416,4379.0,0.02142,2279.0,0.021405,235117824.0,5109966.761936
1753461062842,16:31:02.842,ACH/USDT:USDT,0.021416,4379.0,0.02142,2279.0,0.021405,235117824.0,5109966.761936
1753461063172,16:31:03.172,ACH/USDT:USDT,0.021421,2898.0,0.021423,4363.0,0.021405,235117824.0,5109966.761936
1753461063627,16:31:03.627,ACH/USDT:USDT,0.021422,2279.0,0.021423,4363.0,0.021405,235343964.0,5114963.199798
1753461064215,16:31:04.215,ACH/USDT:USDT,0.021423,4363.0,0.021434,14891.0,0.021405,235117824.0,5109966.761936
1753461064553,16:31:04.553,ACH/USDT:USDT,0.021426,2279.0,0.021431,5077.0,0.021405,235117824.0,5109966.761936
1753461065060,16:31:05.060,ACH/USDT:USDT,0.02143,2816.0,0.021433,8969.0,0.021405,235117824.0,5109966.761936
1753461065696,16:31:05.696,ACH/USDT:USDT,0.02143,2816.0,0.021433,8969.0,0.021405,235117824.0,5109966.761936
1753461066087,16:31:06.087,ACH/USDT:USDT,0.021429,2816.0,0.021434,15359.0,0.021405,235117824.0,5109966.761936
1753461066419,16:31:06.419,ACH/USDT:USDT,0.021428,1756.0,0.021433,5077.0,0.021405,235117824.0,5109966.761936
1753461066738,16:31:06.738,ACH/USDT:USDT,0.021432,2279.0,0.021433,2261.0,0.021405,235117824.0,5109966.761936
1753461067078,16:31:07.078,ACH/USDT:USDT,0.021434,2279.0,0.021435,46834.0,0.021405,235117824.0,5109966.761936
1753461067535,16:31:07.535,ACH/USDT:USDT,0.021434,2279.0,0.021435,46834.0,0.021405,235117824.0,5109966.761936
1753461067864,16:31:07.864,ACH/USDT:USDT,0.021434,2279.0,0.021435,46834.0,0.021405,235117824.0,5109966.761936
1753461068191,16:31:08.191,ACH/USDT:USDT,0.021434,2279.0,0.021435,46834.0,0.021405,235117824.0,5109966.761936
1753461068521,16:31:08.521,ACH/USDT:USDT,0.021427,4371.0,0.021431,2261.0,0.021405,235117824.0,5109966.761936
1753461068888,16:31:08.888,ACH/USDT:USDT,0.021433,2279.0,0.021434,18405.0,0.021405,235117824.0,5109966.761936
1753461069201,16:31:09.201,ACH/USDT:USDT,0.021433,2279.0,0.021434,4355.0,0.021405,235117824.0,5109966.761936
1753461069603,16:31:09.603,ACH/USDT:USDT,0.021437,3418.0,0.021441,7170.0,0.021405,235117824.0,5109966.761936
1753461070090,16:31:10.090,ACH/USDT:USDT,0.021442,2279.0,0.021447,2279.0,0.021405,235117824.0,5109966.761936
1753461070908,16:31:10.908,ACH/USDT:USDT,0.021443,2279.0,0.021444,2261.0,0.021405,235117824.0,5109966.761936
1753461071300,16:31:11.300,ACH/USDT:USDT,0.021443,2279.0,0.021444,5077.0,0.021405,235117824.0,5109966.761936
1753461071618,16:31:11.618,ACH/USDT:USDT,0.021443,2279.0,0.021444,5077.0,0.021405,235117824.0,5109966.761936
1753461071935,16:31:11.935,ACH/USDT:USDT,0.021447,25262.0,0.02145,159.0,0.021448,235117824.0,5109966.761936
1753461072409,16:31:12.409,ACH/USDT:USDT,0.021452,3418.0,0.021455,4354.0,0.02145,235117824.0,5109966.761936
1753461072990,16:31:12.990,ACH/USDT:USDT,0.021452,3418.0,0.021455,4354.0,0.02145,235120828.0,5110031.192364
1753461073330,16:31:13.330,ACH/USDT:USDT,0.021455,4369.0,0.021462,7288.0,0.02145,235120828.0,5110031.192364
1753461073730,16:31:13.730,ACH/USDT:USDT,0.021461,2279.0,0.021462,7170.0,0.02145,235117824.0,5109966.761936
1753461074320,16:31:14.320,ACH/USDT:USDT,0.021452,2808.0,0.021459,3391.0,0.02145,235117824.0,5109966.761936
1753461074801,16:31:14.801,ACH/USDT:USDT,0.021454,4366.0,0.021455,3391.0,0.02145,235120828.0,5110031.192364
1753461075697,16:31:15.697,ACH/USDT:USDT,0.021448,4366.0,0.021452,2261.0,0.02145,235120828.0,5110031.192364
1753461076023,16:31:16.023,ACH/USDT:USDT,0.021452,3418.0,0.021457,2808.0,0.021451,235120828.0,5110031.192364
1753461076393,16:31:16.393,ACH/USDT:USDT,0.021445,2816.0,0.021456,2279.0,0.021451,235120828.0,5110031.192364
1753461076725,16:31:16.725,ACH/USDT:USDT,0.021445,2816.0,0.021456,2279.0,0.021451,235120828.0,5110031.192364
1753461077098,16:31:17.098,ACH/USDT:USDT,0.02145,2279.0,0.021451,2261.0,0.021451,235120828.0,5110031.192364
1753461077609,16:31:17.609,ACH/USDT:USDT,0.021455,3418.0,0.021456,5087.0,0.021451,235117824.0,5109966.761936
1753461078270,16:31:18.270,ACH/USDT:USDT,0.021455,3418.0,0.021456,5087.0,0.021451,235126444.0,5110151.66118
1753461078597,16:31:18.597,ACH/USDT:USDT,0.021448,4365.0,0.021452,2808.0,0.021451,235126444.0,5110151.66118
1753461078939,16:31:18.939,ACH/USDT:USDT,0.02145,2279.0,0.021451,4352.0,0.021451,235126444.0,5110151.66118
1753461079585,16:31:19.585,ACH/USDT:USDT,0.021455,2279.0,0.021457,2261.0,0.021451,235126444.0,5110151.66118
1753461080026,16:31:20.026,ACH/USDT:USDT,0.021456,2279.0,0.021457,2261.0,0.021451,235126444.0,5110151.66118
1753461080618,16:31:20.618,ACH/USDT:USDT,0.021456,2279.0,0.021457,2261.0,0.021451,235120828.0,5110031.192364
1753461081178,16:31:21.178,ACH/USDT:USDT,0.021448,4365.0,0.021449,2261.0,0.021451,235126444.0,5110151.66118
1753461081591,16:31:21.591,ACH/USDT:USDT,0.021445,4365.0,0.021446,2261.0,0.021451,235126444.0,5110151.66118
1753461081908,16:31:21.908,ACH/USDT:USDT,0.021445,4365.0,0.021446,2261.0,0.021451,235126444.0,5110151.66118
1753461082218,16:31:22.218,ACH/USDT:USDT,0.021449,2279.0,0.02145,9957.0,0.021451,235126444.0,5110151.66118
1753461082541,16:31:22.541,ACH/USDT:USDT,0.021452,2279.0,0.021453,7160.0,0.021451,235126444.0,5110151.66118
1753461082939,16:31:22.939,ACH/USDT:USDT,0.021452,2279.0,0.021453,4352.0,0.021451,235126444.0,5110151.66118
1753461083283,16:31:23.283,ACH/USDT:USDT,0.021452,2279.0,0.021453,4352.0,0.021451,235126444.0,5110151.66118
1753461083598,16:31:23.598,ACH/USDT:USDT,0.021452,2279.0,0.021456,7160.0,0.021451,235126444.0,5110151.66118
1753461084011,16:31:24.011,ACH/USDT:USDT,0.021456,2877.0,0.02146,4352.0,0.021457,235126444.0,5110151.66118
1753461084747,16:31:24.747,ACH/USDT:USDT,0.021454,2877.0,0.021457,2261.0,0.021457,235126444.0,5110151.66118
1753461085080,16:31:25.080,ACH/USDT:USDT,0.021449,2877.0,0.021457,5118.0,0.021457,235126444.0,5110151.66118
1753461085458,16:31:25.458,ACH/USDT:USDT,0.021443,2857.0,0.021451,2261.0,0.021457,235154544.0,5110754.60288
1753461086047,16:31:26.047,ACH/USDT:USDT,0.021443,2857.0,0.021455,7209.0,0.021457,235154544.0,5110754.60288
1753461087009,16:31:27.009,ACH/USDT:USDT,0.021443,13614.0,0.021454,3473.0,0.021457,235126444.0,5110151.66118
1753461087592,16:31:27.592,ACH/USDT:USDT,0.021445,1756.0,0.021456,2261.0,0.021457,235154544.0,5110754.60288
1753461087914,16:31:27.914,ACH/USDT:USDT,0.021444,2857.0,0.021448,666.0,0.021457,235154544.0,5110754.60288
1753461088345,16:31:28.345,ACH/USDT:USDT,0.021437,2816.0,0.021447,2261.0,0.021457,235154544.0,5110754.60288
1753461088824,16:31:28.824,ACH/USDT:USDT,0.021433,16293.0,0.021448,2927.0,0.021457,235154544.0,5110754.60288
1753461089369,16:31:29.369,ACH/USDT:USDT,0.021439,2877.0,0.021449,5784.0,0.021457,235154544.0,5110754.60288
1753461090089,16:31:30.089,ACH/USDT:USDT,0.021435,2857.0,0.021441,5118.0,0.021457,235126444.0,5110151.66118
1753461090666,16:31:30.666,ACH/USDT:USDT,0.021434,2857.0,0.021444,8721.0,0.021457,235154544.0,5110754.60288
1753461091135,16:31:31.135,ACH/USDT:USDT,0.021436,2857.0,0.021443,2927.0,0.021457,235154544.0,5110754.60288
1753461091638,16:31:31.638,ACH/USDT:USDT,0.021436,2857.0,0.021443,2927.0,0.021457,235154544.0,5110754.60288
1753461092630,16:31:32.630,ACH/USDT:USDT,0.021434,2857.0,0.021438,666.0,0.021438,235154544.0,5110754.60288
1753461093297,16:31:33.297,ACH/USDT:USDT,0.021434,2857.0,0.021438,666.0,0.021438,235154544.0,5110754.60288
1753461093885,16:31:33.885,ACH/USDT:USDT,0.021434,2857.0,0.021438,666.0,0.021438,235154544.0,5110754.60288
1753461094473,16:31:34.473,ACH/USDT:USDT,0.02143,2808.0,0.021436,2927.0,0.021438,235161292.0,5110899.266504
1753461095374,16:31:35.374,ACH/USDT:USDT,0.021439,2884.0,0.021446,2884.0,0.021438,235154544.0,5110754.60288
1753461095730,16:31:35.730,ACH/USDT:USDT,0.021439,2884.0,0.021446,2884.0,0.021438,235161292.0,5110899.266504
1753461096062,16:31:36.062,ACH/USDT:USDT,0.021435,2884.0,0.021443,666.0,0.021438,235161292.0,5110899.266504
1753461096444,16:31:36.444,ACH/USDT:USDT,0.021435,2884.0,0.021442,666.0,0.021438,235161292.0,5110899.266504
1753461096823,16:31:36.823,ACH/USDT:USDT,0.021435,2884.0,0.021444,2618.0,0.021438,235161292.0,5110899.266504
1753461097135,16:31:37.135,ACH/USDT:USDT,0.021437,2884.0,0.021449,5811.0,0.021438,235161292.0,5110899.266504
1753461097461,16:31:37.461,ACH/USDT:USDT,0.02144,14050.0,0.021451,2618.0,0.021438,235161292.0,5110899.266504
1753461097859,16:31:37.859,ACH/USDT:USDT,0.021446,2884.0,0.021459,4358.0,0.021438,235161292.0,5110899.266504
1753461098197,16:31:38.197,ACH/USDT:USDT,0.021446,2884.0,0.021459,4358.0,0.021438,235161292.0,5110899.266504
1753461098510,16:31:38.510,ACH/USDT:USDT,0.021446,17757.0,0.021456,2261.0,0.021438,235161292.0,5110899.266504
1753461098917,16:31:38.917,ACH/USDT:USDT,0.021445,16498.0,0.021457,9666.0,0.021438,235161292.0,5110899.266504
1753461099249,16:31:39.249,ACH/USDT:USDT,0.021447,2884.0,0.021458,3484.0,0.021438,235161292.0,5110899.266504
1753461099571,16:31:39.571,ACH/USDT:USDT,0.021447,2884.0,0.021457,5811.0,0.021438,235161292.0,5110899.266504
1753461099899,16:31:39.899,ACH/USDT:USDT,0.021447,2884.0,0.021459,2619.0,0.021438,235161292.0,5110899.266504
1753461100402,16:31:40.402,ACH/USDT:USDT,0.021449,2884.0,0.021461,4880.0,0.021438,235161292.0,5110899.266504
1753461101076,16:31:41.076,ACH/USDT:USDT,0.021449,2884.0,0.02146,5811.0,0.021438,235161292.0,5110899.266504
1753461101458,16:31:41.458,ACH/USDT:USDT,0.021451,4869.0,0.02146,2927.0,0.021438,235161292.0,5110899.266504
1753461101816,16:31:41.816,ACH/USDT:USDT,0.021453,2884.0,0.021462,2619.0,0.021438,235161292.0,5110899.266504
1753461102212,16:31:42.212,ACH/USDT:USDT,0.021452,2884.0,0.021461,2261.0,0.021438,235161292.0,5110899.266504
1753461102964,16:31:42.964,ACH/USDT:USDT,0.021458,2884.0,0.021465,2927.0,0.021438,235161292.0,5110899.266504
1753461103290,16:31:43.290,ACH/USDT:USDT,0.021459,2884.0,0.021464,2927.0,0.021438,235161292.0,5110899.266504
1753461103609,16:31:43.609,ACH/USDT:USDT,0.021457,5730.0,0.021462,666.0,0.021438,235161292.0,5110899.266504
1753461104168,16:31:44.168,ACH/USDT:USDT,0.021457,2846.0,0.021462,3550.0,0.021438,235161292.0,5110899.266504
1753461104833,16:31:44.833,ACH/USDT:USDT,0.021458,2881.0,0.021467,4375.0,0.021438,235161292.0,5110899.266504
1753461105144,16:31:45.144,ACH/USDT:USDT,0.021459,2881.0,0.021465,666.0,0.021438,235161292.0,5110899.266504
1753461105517,16:31:45.517,ACH/USDT:USDT,0.021459,2881.0,0.021465,666.0,0.021438,235161292.0,5110899.266504
1753461105834,16:31:45.834,ACH/USDT:USDT,0.021459,2881.0,0.021465,666.0,0.021438,235161292.0,5110899.266504
1753461106159,16:31:46.159,ACH/USDT:USDT,0.021463,4866.0,0.021475,4361.0,0.021438,235161292.0,5110899.266504
1753461106480,16:31:46.480,ACH/USDT:USDT,0.021465,2881.0,0.021474,2261.0,0.021438,235161292.0,5110899.266504
1753461106836,16:31:46.836,ACH/USDT:USDT,0.021466,2881.0,0.021471,2927.0,0.021438,235161292.0,5110899.266504
1753461107211,16:31:47.211,ACH/USDT:USDT,0.021466,5536.0,0.021471,2261.0,0.021438,235161292.0,5110899.266504
1753461107527,16:31:47.527,ACH/USDT:USDT,0.021467,2881.0,0.021474,4361.0,0.021438,235161292.0,5110899.266504
1753461107845,16:31:47.845,ACH/USDT:USDT,0.021467,2881.0,0.021473,5142.0,0.021438,235161292.0,5110899.266504
1753461108208,16:31:48.208,ACH/USDT:USDT,0.021465,4745.0,0.021472,2927.0,0.021438,235161292.0,5110899.266504
1753461108528,16:31:48.528,ACH/USDT:USDT,0.021465,4193.0,0.02147,5142.0,0.021438,235161292.0,5110899.266504
1753461108915,16:31:48.915,ACH/USDT:USDT,0.021465,2329.0,0.021466,2261.0,0.021438,235161292.0,5110899.266504
1753461109757,16:31:49.757,ACH/USDT:USDT,0.021455,13747.0,0.021464,2927.0,0.021461,235161292.0,5110899.266504
1753461110625,16:31:50.625,ACH/USDT:USDT,0.021455,2330.0,0.02146,666.0,0.021461,235161292.0,5110899.266504
1753461111209,16:31:51.209,ACH/USDT:USDT,0.021448,2331.0,0.021449,4057.0,0.021461,235167564.0,5111033.869896
1753461111558,16:31:51.558,ACH/USDT:USDT,0.021431,5773.0,0.021437,2261.0,0.021448,235161292.0,5110899.266504
1753461112052,16:31:52.052,ACH/USDT:USDT,0.021428,2881.0,0.021439,2261.0,0.021448,235161292.0,5110899.266504
1753461112619,16:31:52.619,ACH/USDT:USDT,0.021428,2881.0,0.021439,2261.0,0.021448,235167564.0,5111033.869896
1753461112942,16:31:52.942,ACH/USDT:USDT,0.021427,15821.0,0.021429,3391.0,0.021432,235172226.0,5111133.860472
1753461113313,16:31:53.313,ACH/USDT:USDT,0.02143,1665.0,0.021434,2357.0,0.021432,235172226.0,5111133.860472
1753461113664,16:31:53.664,ACH/USDT:USDT,0.02143,1665.0,0.021434,2357.0,0.021432,235172226.0,5111133.860472
1753461113977,16:31:53.977,ACH/USDT:USDT,0.021431,1665.0,0.021436,2261.0,0.021432,235172226.0,5111133.860472
1753461114293,16:31:54.293,ACH/USDT:USDT,0.021429,2881.0,0.021433,2261.0,0.021432,235172226.0,5111133.860472
1753461114690,16:31:54.690,ACH/USDT:USDT,0.021431,4470.0,0.021436,4358.0,0.021432,235172226.0,5111133.860472
1753461115013,16:31:55.013,ACH/USDT:USDT,0.021431,4470.0,0.021436,4358.0,0.021432,235175442.0,5111202.785784
1753461115333,16:31:55.333,ACH/USDT:USDT,0.021427,7181.0,0.021435,2261.0,0.021432,235175442.0,5111202.785784
1753461115648,16:31:55.648,ACH/USDT:USDT,0.02143,1665.0,0.021432,2261.0,0.021432,235175442.0,5111202.785784
1753461115993,16:31:55.993,ACH/USDT:USDT,0.02143,4470.0,0.021432,2261.0,0.021432,235175442.0,5111202.785784
1753461116337,16:31:56.337,ACH/USDT:USDT,0.02143,4470.0,0.021432,2261.0,0.021432,235175442.0,5111202.785784
1753461116649,16:31:56.649,ACH/USDT:USDT,0.02143,1665.0,0.021432,2261.0,0.021432,235175442.0,5111202.785784
1753461117029,16:31:57.029,ACH/USDT:USDT,0.021424,4375.0,0.021428,3391.0,0.021432,235175442.0,5111202.785784
1753461117390,16:31:57.390,ACH/USDT:USDT,0.021422,2805.0,0.021425,3391.0,0.021432,235175442.0,5111202.785784
1753461117705,16:31:57.705,ACH/USDT:USDT,0.021422,2805.0,0.021425,3391.0,0.021432,235175442.0,5111202.785784
1753461118018,16:31:58.018,ACH/USDT:USDT,0.021421,12937.0,0.021425,3391.0,0.021432,235175442.0,5111202.785784
1753461118360,16:31:58.360,ACH/USDT:USDT,0.021427,1665.0,0.021431,2261.0,0.021432,235175442.0,5111202.785784
1753461118714,16:31:58.714,ACH/USDT:USDT,0.021427,4470.0,0.02143,2261.0,0.021432,235175442.0,5111202.785784
1753461119030,16:31:59.030,ACH/USDT:USDT,0.021427,4470.0,0.02143,2261.0,0.021432,235175442.0,5111202.785784
1753461119357,16:31:59.357,ACH/USDT:USDT,0.021427,4470.0,0.02143,2261.0,0.021432,235175442.0,5111202.785784
1753461119717,16:31:59.717,ACH/USDT:USDT,0.021424,4470.0,0.021428,2261.0,0.021432,235175442.0,5111202.785784
1753461120100,16:32:00.100,ACH/USDT:USDT,0.021425,1665.0,0.021428,2261.0,0.021432,235175442.0,5111202.785784
1753461120440,16:32:00.440,ACH/USDT:USDT,0.021426,1665.0,0.021431,7162.0,0.021432,235175442.0,5111202.785784
1753461120771,16:32:00.771,ACH/USDT:USDT,0.021427,1665.0,0.021432,4357.0,0.021432,235175442.0,5111202.785784
1753461121261,16:32:01.261,ACH/USDT:USDT,0.021425,2805.0,0.021435,6914.0,0.021432,235093654.0,5109396.273076
1753461122085,16:32:02.085,ACH/USDT:USDT,0.021432,1665.0,0.021434,2261.0,0.021433,235093654.0,5109396.273076
1753461123302,16:32:03.302,ACH/USDT:USDT,0.021421,12937.0,0.021428,2261.0,0.021433,235096772.0,5109463.10117
1753461123978,16:32:03.978,ACH/USDT:USDT,0.021416,2805.0,0.021421,2261.0,0.021433,235093654.0,5109396.273076
1753461124347,16:32:04.347,ACH/USDT:USDT,0.021416,2805.0,0.021421,2261.0,0.021433,235096772.0,5109463.10117
1753461124673,16:32:04.673,ACH/USDT:USDT,0.021416,2805.0,0.021424,4355.0,0.021433,235096772.0,5109463.10117
1753461125119,16:32:05.119,ACH/USDT:USDT,0.021423,1665.0,0.021426,2261.0,0.021433,235093654.0,5109396.273076
1753461125623,16:32:05.623,ACH/USDT:USDT,0.021423,4500.0,0.021426,2261.0,0.021433,235096772.0,5109463.10117
1753461125949,16:32:05.949,ACH/USDT:USDT,0.021428,1665.0,0.021431,4356.0,0.021433,235096772.0,5109463.10117
1753461126271,16:32:06.271,ACH/USDT:USDT,0.021432,1665.0,0.021433,239.0,0.021433,235096772.0,5109463.10117
1753461126657,16:32:06.657,ACH/USDT:USDT,0.021432,1665.0,0.021433,239.0,0.021433,235096772.0,5109463.10117
1753461126972,16:32:06.972,ACH/USDT:USDT,0.021432,1665.0,0.021433,239.0,0.021433,235096772.0,5109463.10117
1753461127295,16:32:07.295,ACH/USDT:USDT,0.021425,1665.0,0.021429,2261.0,0.021433,235096772.0,5109463.10117
1753461127730,16:32:07.730,ACH/USDT:USDT,0.021425,1665.0,0.021427,2261.0,0.021433,235096772.0,5109463.10117
1753461128287,16:32:08.287,ACH/USDT:USDT,0.021422,4375.0,0.021426,2261.0,0.021433,235093654.0,5109396.273076
1753461128940,16:32:08.940,ACH/USDT:USDT,0.021427,2835.0,0.021433,239.0,0.021427,235096772.0,5109463.10117
1753461129295,16:32:09.295,ACH/USDT:USDT,0.021427,2835.0,0.021433,239.0,0.021427,235096772.0,5109463.10117
1753461129625,16:32:09.625,ACH/USDT:USDT,0.021427,2835.0,0.021433,239.0,0.021427,235096772.0,5109463.10117
1753461130098,16:32:10.098,ACH/USDT:USDT,0.02143,2835.0,0.021433,239.0,0.021427,235102442.0,5109584.59226
1753461130951,16:32:10.951,ACH/USDT:USDT,0.021431,4935.0,0.021433,239.0,0.021427,235102442.0,5109584.59226
1753461131302,16:32:11.302,ACH/USDT:USDT,0.021424,2351.0,0.021432,4005.0,0.021427,235102442.0,5109584.59226
1753461131820,16:32:11.820,ACH/USDT:USDT,0.021423,3410.0,0.02143,5096.0,0.021427,235102442.0,5109584.59226
1753461132593,16:32:12.593,ACH/USDT:USDT,0.021415,2835.0,0.021423,4376.0,0.021427,235102442.0,5109584.59226
1753461133010,16:32:13.010,ACH/USDT:USDT,0.021415,2835.0,0.021423,7211.0,0.021427,235102442.0,5109584.59226
1753461133373,16:32:13.373,ACH/USDT:USDT,0.021415,2835.0,0.021423,7211.0,0.021427,235096772.0,5109463.10117
1753461133914,16:32:13.914,ACH/USDT:USDT,0.021415,1988.0,0.021423,7211.0,0.021427,235102442.0,5109584.59226
1753461134276,16:32:14.276,ACH/USDT:USDT,0.021415,1988.0,0.021421,2261.0,0.021427,235102442.0,5109584.59226
1753461134590,16:32:14.590,ACH/USDT:USDT,0.021415,1988.0,0.021421,2261.0,0.021427,235102442.0,5109584.59226
1753461134915,16:32:14.915,ACH/USDT:USDT,0.021415,1988.0,0.021419,4004.0,0.021427,235102442.0,5109584.59226
1753461135561,16:32:15.561,ACH/USDT:USDT,0.021408,14920.0,0.021412,1170.0,0.021427,235102442.0,5109584.59226
1753461136496,16:32:16.496,ACH/USDT:USDT,0.021408,2834.0,0.021409,1170.0,0.021427,235102442.0,5109584.59226
1753461137199,16:32:17.199,ACH/USDT:USDT,0.02141,3187.0,0.021414,1170.0,0.021427,235102442.0,5109584.59226
1753461137673,16:32:17.673,ACH/USDT:USDT,0.021409,5708.0,0.021414,1170.0,0.021427,235102442.0,5109584.59226
1753461138452,16:32:18.452,ACH/USDT:USDT,0.021408,14050.0,0.02141,1170.0,0.021427,235102442.0,5109584.59226
1753461139241,16:32:19.241,ACH/USDT:USDT,0.021408,21058.0,0.02141,1170.0,0.021409,235102442.0,5109584.59226
1753461139572,16:32:19.572,ACH/USDT:USDT,0.021409,2834.0,0.021413,4378.0,0.021409,235105298.0,5109645.736364
1753461139954,16:32:19.954,ACH/USDT:USDT,0.021409,7372.0,0.021415,4377.0,0.021409,235105298.0,5109645.736364
1753461140313,16:32:20.313,ACH/USDT:USDT,0.02141,2335.0,0.021413,1170.0,0.021409,235105298.0,5109645.736364
1753461140704,16:32:20.704,ACH/USDT:USDT,0.021407,46834.0,0.021409,1170.0,0.021409,235105298.0,5109645.736364
1753461141027,16:32:21.027,ACH/USDT:USDT,0.021407,46834.0,0.021409,1170.0,0.021409,235102442.0,5109584.59226
1753461141375,16:32:21.375,ACH/USDT:USDT,0.021408,16884.0,0.021412,4377.0,0.021409,235105298.0,5109645.736364
1753461141734,16:32:21.734,ACH/USDT:USDT,0.02141,2834.0,0.021415,4377.0,0.021409,235105298.0,5109645.736364
1753461142084,16:32:22.084,ACH/USDT:USDT,0.021413,46834.0,0.021422,2834.0,0.021409,235105298.0,5109645.736364
1753461142410,16:32:22.410,ACH/USDT:USDT,0.021411,5636.0,0.021422,2834.0,0.021409,235105298.0,5109645.736364
1753461142747,16:32:22.747,ACH/USDT:USDT,0.021411,2834.0,0.021418,1170.0,0.021409,235105298.0,5109645.736364
1753461143265,16:32:23.265,ACH/USDT:USDT,0.021413,46834.0,0.021422,2834.0,0.021409,235105298.0,5109645.736364
1753461143986,16:32:23.986,ACH/USDT:USDT,0.021418,6375.0,0.021428,4362.0,0.021409,235105298.0,5109645.736364
1753461144684,16:32:24.684,ACH/USDT:USDT,0.021419,2834.0,0.021428,11576.0,0.021409,235105298.0,5109645.736364
1753461145128,16:32:25.128,ACH/USDT:USDT,0.021423,2894.0,0.021432,4364.0,0.021409,235105298.0,5109645.736364
1753461145686,16:32:25.686,ACH/USDT:USDT,0.021421,5494.0,0.021425,3431.0,0.021409,235105298.0,5109645.736364
1753461146003,16:32:26.003,ACH/USDT:USDT,0.021421,5494.0,0.021425,3431.0,0.021409,235105298.0,5109645.736364
1753461146320,16:32:26.320,ACH/USDT:USDT,0.021424,2894.0,0.021435,5155.0,0.021445,235105298.0,5109645.736364
1753461146669,16:32:26.669,ACH/USDT:USDT,0.021426,2279.0,0.021427,2261.0,0.021445,235105298.0,5109645.736364
1753461146994,16:32:26.994,ACH/USDT:USDT,0.021426,5173.0,0.021427,2261.0,0.021445,235105298.0,5109645.736364
1753461147311,16:32:27.311,ACH/USDT:USDT,0.021426,5173.0,0.021427,2261.0,0.021445,235105298.0,5109645.736364
1753461147767,16:32:27.767,ACH/USDT:USDT,0.021436,2279.0,0.021438,2261.0,0.021445,235105298.0,5109645.736364
1753461148476,16:32:28.476,ACH/USDT:USDT,0.021436,5173.0,0.021437,2261.0,0.021445,235436526.0,5116747.377468
1753461148797,16:32:28.797,ACH/USDT:USDT,0.021436,2279.0,0.021437,2261.0,0.021445,235436526.0,5116747.377468
1753461149117,16:32:29.117,ACH/USDT:USDT,0.021435,14050.0,0.021437,2261.0,0.021445,235436526.0,5116747.377468
1753461149462,16:32:29.462,ACH/USDT:USDT,0.021436,2279.0,0.021437,2261.0,0.021445,235436526.0,5116747.377468
1753461149782,16:32:29.782,ACH/USDT:USDT,0.021436,2279.0,0.021437,2261.0,0.021445,235436526.0,5116747.377468
1753461150133,16:32:30.133,ACH/USDT:USDT,0.021433,2894.0,0.021435,2261.0,0.021445,235436526.0,5116747.377468
1753461150646,16:32:30.646,ACH/USDT:USDT,0.021434,5173.0,0.021435,2261.0,0.021445,235436526.0,5116747.377468
1753461151353,16:32:31.353,ACH/USDT:USDT,0.021434,2279.0,0.021435,2261.0,0.021445,235436526.0,5116747.377468
1753461151770,16:32:31.770,ACH/USDT:USDT,0.021434,5173.0,0.021438,4365.0,0.021445,235436526.0,5116747.377468
1753461152163,16:32:32.163,ACH/USDT:USDT,0.021434,5173.0,0.021438,4365.0,0.021445,235436526.0,5116747.377468
1753461152903,16:32:32.903,ACH/USDT:USDT,0.021434,5173.0,0.021438,4365.0,0.021445,235436526.0,5116747.377468
1753461153372,16:32:33.372,ACH/USDT:USDT,0.021431,2894.0,0.021437,2261.0,0.021445,235105298.0,5109645.736364
1753461153926,16:32:33.926,ACH/USDT:USDT,0.021429,14918.0,0.021435,2261.0,0.021445,235436526.0,5116747.377468
1753461154248,16:32:34.248,ACH/USDT:USDT,0.021438,8745.0,0.021441,25433.0,0.021445,235436526.0,5116747.377468
1753461154588,16:32:34.588,ACH/USDT:USDT,0.021439,2279.0,0.02144,2261.0,0.021445,235436526.0,5116747.377468
1753461154929,16:32:34.929,ACH/USDT:USDT,0.021439,2279.0,0.02144,2261.0,0.021445,235436526.0,5116747.377468
1753461155313,16:32:35.313,ACH/USDT:USDT,0.021435,15365.0,0.021439,2261.0,0.021445,235436526.0,5116747.377468
1753461155663,16:32:35.663,ACH/USDT:USDT,0.021436,5293.0,0.021437,2261.0,0.021445,235436526.0,5116747.377468
1753461156002,16:32:36.002,ACH/USDT:USDT,0.021434,51215.0,0.021436,3391.0,0.021445,235436526.0,5116747.377468
1753461156315,16:32:36.315,ACH/USDT:USDT,0.021434,46834.0,0.021436,3391.0,0.021445,235436526.0,5116747.377468
1753461156641,16:32:36.641,ACH/USDT:USDT,0.021434,46834.0,0.021436,3391.0,0.021445,235436526.0,5116747.377468
1753461156985,16:32:36.985,ACH/USDT:USDT,0.021434,46834.0,0.021436,3391.0,0.021445,235436526.0,5116747.377468
1753461157317,16:32:37.317,ACH/USDT:USDT,0.021437,5191.0,0.021447,2261.0,0.021445,235436526.0,5116747.377468
1753461157785,16:32:37.785,ACH/USDT:USDT,0.021439,2279.0,0.02144,2261.0,0.021445,235436526.0,5116747.377468
1753461158688,16:32:38.688,ACH/USDT:USDT,0.021435,4382.0,0.021436,2261.0,0.021445,235436526.0,5116747.377468
1753461159001,16:32:39.001,ACH/USDT:USDT,0.021435,4382.0,0.021436,2261.0,0.021445,235436526.0,5116747.377468
1753461159358,16:32:39.358,ACH/USDT:USDT,0.021434,46834.0,0.021436,2261.0,0.021445,235436526.0,5116747.377468
1753461159705,16:32:39.705,ACH/USDT:USDT,0.021434,46834.0,0.021436,2261.0,0.021445,235436526.0,5116747.377468
1753461160025,16:32:40.025,ACH/USDT:USDT,0.021435,2912.0,0.021439,4368.0,0.021445,235436526.0,5116747.377468
1753461160358,16:32:40.358,ACH/USDT:USDT,0.021436,2279.0,0.021437,2261.0,0.021445,235436526.0,5116747.377468
1753461160832,16:32:40.832,ACH/USDT:USDT,0.021434,46834.0,0.021435,2261.0,0.021445,235436526.0,5116747.377468
1753461161178,16:32:41.178,ACH/USDT:USDT,0.021434,46834.0,0.021435,2261.0,0.021445,235436526.0,5116747.377468
1753461161510,16:32:41.510,ACH/USDT:USDT,0.021421,2894.0,0.021429,5173.0,0.021445,235436526.0,5116747.377468
1753461161869,16:32:41.869,ACH/USDT:USDT,0.02142,14900.0,0.021427,14050.0,0.021445,235436526.0,5116747.377468
1753461162232,16:32:42.232,ACH/USDT:USDT,0.021419,46834.0,0.021421,2261.0,0.021445,235436526.0,5116747.377468
1753461162551,16:32:42.551,ACH/USDT:USDT,0.021425,50232.0,0.021431,7280.0,0.021445,235436526.0,5116747.377468
1753461162965,16:32:42.965,ACH/USDT:USDT,0.02142,14050.0,0.021426,5173.0,0.021445,235436526.0,5116747.377468
1753461163368,16:32:43.368,ACH/USDT:USDT,0.021419,46834.0,0.02142,3391.0,0.021445,235436526.0,5116747.377468
1753461163688,16:32:43.688,ACH/USDT:USDT,0.02142,16962.0,0.021426,4368.0,0.021445,235436526.0,5116747.377468
1753461164019,16:32:44.019,ACH/USDT:USDT,0.021424,2279.0,0.021426,4368.0,0.021445,235436526.0,5116747.377468
1753461164392,16:32:44.392,ACH/USDT:USDT,0.021429,23714.0,0.021433,4368.0,0.021445,235436526.0,5116747.377468
1753461164731,16:32:44.731,ACH/USDT:USDT,0.021429,23714.0,0.021433,4368.0,0.021445,235436526.0,5116747.377468
1753461165058,16:32:45.058,ACH/USDT:USDT,0.021426,14734.0,0.021428,2261.0,0.021445,235436526.0,5116747.377468
1753461165578,16:32:45.578,ACH/USDT:USDT,0.021425,46834.0,0.021431,10312.0,0.021445,235436526.0,5116747.377468
1753461166331,16:32:46.331,ACH/USDT:USDT,0.021431,2279.0,0.021433,2261.0,0.021445,235436526.0,5116747.377468
1753461166996,16:32:46.996,ACH/USDT:USDT,0.021429,2279.0,0.021434,4370.0,0.021445,235436526.0,5116747.377468
1753461167556,16:32:47.556,ACH/USDT:USDT,0.021429,2279.0,0.021434,4370.0,0.021445,235436526.0,5116747.377468
1753461167915,16:32:47.915,ACH/USDT:USDT,0.021437,6179.0,0.021443,2261.0,0.021445,235436526.0,5116747.377468
1753461168268,16:32:48.268,ACH/USDT:USDT,0.021436,2279.0,0.02144,2261.0,0.021445,235436526.0,5116747.377468
1753461168587,16:32:48.587,ACH/USDT:USDT,0.021436,2279.0,0.02144,2261.0,0.021445,235436526.0,5116747.377468
1753461168910,16:32:48.910,ACH/USDT:USDT,0.021437,2279.0,0.021438,2261.0,0.021445,235436526.0,5116747.377468
1753461169384,16:32:49.384,ACH/USDT:USDT,0.021437,2279.0,0.021438,2261.0,0.021445,235436526.0,5116747.377468
1753461169701,16:32:49.701,ACH/USDT:USDT,0.021437,2279.0,0.021438,2261.0,0.021445,235436526.0,5116747.377468
1753461170051,16:32:50.051,ACH/USDT:USDT,0.021434,20611.0,0.021438,2261.0,0.021445,235436526.0,5116747.377468
1753461170455,16:32:50.455,ACH/USDT:USDT,0.021434,20611.0,0.021438,2261.0,0.021445,235436526.0,5116747.377468
1753461170828,16:32:50.828,ACH/USDT:USDT,0.021434,20611.0,0.021438,2261.0,0.021445,235436526.0,5116747.377468
1753461171139,16:32:51.139,ACH/USDT:USDT,0.021435,2876.0,0.02144,2261.0,0.021445,235436526.0,5116747.377468
1753461171461,16:32:51.461,ACH/USDT:USDT,0.021438,2876.0,0.021439,2261.0,0.021445,235436526.0,5116747.377468
1753461171857,16:32:51.857,ACH/USDT:USDT,0.021436,2279.0,0.021438,2261.0,0.021445,235436526.0,5116747.377468
1753461172173,16:32:52.173,ACH/USDT:USDT,0.021437,2279.0,0.021438,2261.0,0.021445,235436526.0,5116747.377468
1753461172510,16:32:52.510,ACH/USDT:USDT,0.02144,2279.0,0.021441,4371.0,0.021445,235436526.0,5116747.377468
1753461173091,16:32:53.091,ACH/USDT:USDT,0.021439,2279.0,0.02144,2261.0,0.021445,235436526.0,5116747.377468
1753461173836,16:32:53.836,ACH/USDT:USDT,0.021436,5155.0,0.021438,2261.0,0.021445,235436526.0,5116747.377468
1753461174724,16:32:54.724,ACH/USDT:USDT,0.021437,2279.0,0.021438,2261.0,0.021445,235436526.0,5116747.377468
1753461175083,16:32:55.083,ACH/USDT:USDT,0.021437,5136.0,0.021442,2261.0,0.02144,235436526.0,5116747.377468
1753461175484,16:32:55.484,ACH/USDT:USDT,0.021441,2279.0,0.021442,2261.0,0.02144,235436526.0,5116747.377468
1753461175907,16:32:55.907,ACH/USDT:USDT,0.02144,2279.0,0.021441,2261.0,0.02144,235436526.0,5116747.377468
1753461176255,16:32:56.255,ACH/USDT:USDT,0.02144,2279.0,0.021441,2261.0,0.02144,235438624.0,5116792.358588
1753461176584,16:32:56.584,ACH/USDT:USDT,0.021435,2857.0,0.021437,2261.0,0.02144,235438624.0,5116792.358588
1753461176915,16:32:56.915,ACH/USDT:USDT,0.021436,2279.0,0.021437,2261.0,0.02144,235438624.0,5116792.358588
1753461177225,16:32:57.225,ACH/USDT:USDT,0.021436,5136.0,0.021437,2261.0,0.02144,235438624.0,5116792.358588
1753461177541,16:32:57.541,ACH/USDT:USDT,0.021436,5136.0,0.02144,4374.0,0.02144,235438624.0,5116792.358588
1753461178009,16:32:58.009,ACH/USDT:USDT,0.021442,2279.0,0.021443,4374.0,0.02144,235436526.0,5116747.377468
1753461178416,16:32:58.416,ACH/USDT:USDT,0.021436,2279.0,0.021439,12517.0,0.02144,235438624.0,5116792.358588
1753461178729,16:32:58.729,ACH/USDT:USDT,0.021431,46834.0,0.021433,2261.0,0.02144,235438624.0,5116792.358588
1753461179052,16:32:59.052,ACH/USDT:USDT,0.021431,2279.0,0.021432,2261.0,0.02144,235438624.0,5116792.358588
1753461179394,16:32:59.394,ACH/USDT:USDT,0.021431,2279.0,0.021432,2261.0,0.02144,235438624.0,5116792.358588
1753461179714,16:32:59.714,ACH/USDT:USDT,0.021431,2279.0,0.021432,2261.0,0.02144,235438624.0,5116792.358588
1753461180045,16:33:00.045,ACH/USDT:USDT,0.021431,2279.0,0.021432,2261.0,0.02144,235438624.0,5116792.358588
1753461180527,16:33:00.527,ACH/USDT:USDT,0.021431,2279.0,0.021435,4374.0,0.02144,235298560.0,5113705.303348
1753461181093,16:33:01.093,ACH/USDT:USDT,0.021431,2279.0,0.021432,2261.0,0.02144,235438624.0,5116792.358588
1753461181421,16:33:01.421,ACH/USDT:USDT,0.02142,14050.0,0.021425,16578.0,0.02144,235298560.0,5113705.303348
1753461181813,16:33:01.813,ACH/USDT:USDT,0.021419,46834.0,0.021421,2261.0,0.02144,235298560.0,5113705.303348
1753461182190,16:33:02.190,ACH/USDT:USDT,0.021416,4385.0,0.021421,5118.0,0.02144,235298560.0,5113705.303348
1753461182575,16:33:02.575,ACH/USDT:USDT,0.021408,14050.0,0.021412,5118.0,0.02144,235298560.0,5113705.303348
1753461182913,16:33:02.913,ACH/USDT:USDT,0.021408,14050.0,0.021412,5118.0,0.02144,235298560.0,5113705.303348
1753461183429,16:33:03.429,ACH/USDT:USDT,0.021408,14050.0,0.021412,5118.0,0.02144,235436526.0,5116747.377468
1753461184132,16:33:04.132,ACH/USDT:USDT,0.021408,14050.0,0.021412,5118.0,0.02144,235438624.0,5116792.358588
1753461184795,16:33:04.795,ACH/USDT:USDT,0.021413,2279.0,0.021417,5201.0,0.021414,235298560.0,5113705.303348
1753461185120,16:33:05.120,ACH/USDT:USDT,0.021416,2279.0,0.021424,2857.0,0.021414,235298560.0,5113705.303348
1753461185446,16:33:05.446,ACH/USDT:USDT,0.021416,14734.0,0.021424,6890.0,0.021414,235298560.0,5113705.303348
1753461185916,16:33:05.916,ACH/USDT:USDT,0.021411,4384.0,0.021418,4373.0,0.021414,235302414.0,5113787.832904
1753461186720,16:33:06.720,ACH/USDT:USDT,0.021408,18434.0,0.021414,2261.0,0.021414,235302414.0,5113787.832904
1753461187497,16:33:07.497,ACH/USDT:USDT,0.021412,2279.0,0.021413,2261.0,0.021414,235302414.0,5113787.832904
1753461187831,16:33:07.831,ACH/USDT:USDT,0.021408,14050.0,0.021414,2261.0,0.021414,235302414.0,5113787.832904
1753461188346,16:33:08.346,ACH/USDT:USDT,0.021408,14050.0,0.021413,5201.0,0.021414,235298560.0,5113705.303348
1753461188917,16:33:08.917,ACH/USDT:USDT,0.021408,14050.0,0.021413,5201.0,0.021414,235302414.0,5113787.832904
1753461189244,16:33:09.244,ACH/USDT:USDT,0.021412,2279.0,0.021413,2261.0,0.021414,235302414.0,5113787.832904
1753461189597,16:33:09.597,ACH/USDT:USDT,0.021412,2279.0,0.021413,2261.0,0.021414,235302414.0,5113787.832904
1753461189917,16:33:09.917,ACH/USDT:USDT,0.021412,2279.0,0.021413,2261.0,0.021414,235302414.0,5113787.832904
1753461190259,16:33:10.259,ACH/USDT:USDT,0.021409,2279.0,0.021412,2261.0,0.021414,235302414.0,5113787.832904
1753461190642,16:33:10.642,ACH/USDT:USDT,0.021409,2279.0,0.02141,3391.0,0.021414,235302414.0,5113787.832904
1753461191034,16:33:11.034,ACH/USDT:USDT,0.021409,2279.0,0.02141,3391.0,0.021414,235302414.0,5113787.832904
1753461191410,16:33:11.410,ACH/USDT:USDT,0.021408,14050.0,0.02141,6331.0,0.021414,235302414.0,5113787.832904
1753461191746,16:33:11.746,ACH/USDT:USDT,0.021404,298.0,0.021408,4372.0,0.021414,235302414.0,5113787.832904
1753461192249,16:33:12.249,ACH/USDT:USDT,0.021404,298.0,0.021408,4372.0,0.021414,235302414.0,5113787.832904
1753461192803,16:33:12.803,ACH/USDT:USDT,0.021407,17211.0,0.021411,2261.0,0.021414,235302414.0,5113787.832904
1753461193312,16:33:13.312,ACH/USDT:USDT,0.021407,17211.0,0.02141,2261.0,0.021414,235302414.0,5113787.832904
1753461193711,16:33:13.711,ACH/USDT:USDT,0.021407,2279.0,0.02141,2261.0,0.021414,235302414.0,5113787.832904
1753461194020,16:33:14.020,ACH/USDT:USDT,0.021407,2279.0,0.02141,2261.0,0.021414,235302414.0,5113787.832904
1753461194366,16:33:14.366,ACH/USDT:USDT,0.021405,6477.0,0.021412,2261.0,0.021414,235302414.0,5113787.832904
1753461194703,16:33:14.703,ACH/USDT:USDT,0.021406,46834.0,0.02141,2261.0,0.021414,235302414.0,5113787.832904
1753461195019,16:33:15.019,ACH/USDT:USDT,0.021406,46834.0,0.02141,2261.0,0.021414,235302414.0,5113787.832904
1753461195357,16:33:15.357,ACH/USDT:USDT,0.021408,4215.0,0.021413,2261.0,0.021414,235302414.0,5113787.832904
1753461196007,16:33:16.007,ACH/USDT:USDT,0.021404,298.0,0.021407,2261.0,0.021414,235302414.0,5113787.832904
1753461197007,16:33:17.007,ACH/USDT:USDT,0.021404,298.0,0.021405,5166.0,0.021414,235302414.0,5113787.832904
1753461197411,16:33:17.411,ACH/USDT:USDT,0.0214,46834.0,0.021405,6855.0,0.021401,235302414.0,5113787.832904
1753461197731,16:33:17.731,ACH/USDT:USDT,0.021394,12815.0,0.0214,2261.0,0.021401,235302414.0,5113787.832904
1753461198182,16:33:18.182,ACH/USDT:USDT,0.021395,2279.0,0.021398,2261.0,0.021401,235316738.0,5114094.382616
1753461198968,16:33:18.968,ACH/USDT:USDT,0.021396,2905.0,0.021404,4369.0,0.021401,235316738.0,5114094.382616
1753461199771,16:33:19.771,ACH/USDT:USDT,0.021399,46834.0,0.0214,2261.0,0.021401,235316738.0,5114094.382616
1753461200089,16:33:20.089,ACH/USDT:USDT,0.021399,46834.0,0.0214,2261.0,0.021401,235316738.0,5114094.382616
1753461200410,16:33:20.410,ACH/USDT:USDT,0.0214,14050.0,0.021403,2261.0,0.021401,235316738.0,5114094.382616
1753461200777,16:33:20.777,ACH/USDT:USDT,0.0214,14050.0,0.021403,2261.0,0.021401,235316738.0,5114094.382616
1753461201115,16:33:21.115,ACH/USDT:USDT,0.0214,14050.0,0.021403,2261.0,0.021401,235316738.0,5114094.382616
1753461201433,16:33:21.433,ACH/USDT:USDT,0.021404,7398.0,0.021409,2905.0,0.021401,235316738.0,5114094.382616
1753461201754,16:33:21.754,ACH/USDT:USDT,0.021409,2279.0,0.02141,2261.0,0.021401,235316738.0,5114094.382616
1753461202108,16:33:22.108,ACH/USDT:USDT,0.02141,4382.0,0.021414,4370.0,0.021401,235316738.0,5114094.382616
1753461202433,16:33:22.433,ACH/USDT:USDT,0.02141,4382.0,0.021414,4370.0,0.021401,235316738.0,5114094.382616
1753461202749,16:33:22.749,ACH/USDT:USDT,0.021412,2279.0,0.021414,2261.0,0.021401,235316738.0,5114094.382616
1753461203146,16:33:23.146,ACH/USDT:USDT,0.021412,2279.0,0.021414,2261.0,0.021401,235316738.0,5114094.382616
1753461203511,16:33:23.511,ACH/USDT:USDT,0.021409,6212.0,0.021414,5166.0,0.021401,235316738.0,5114094.382616
1753461203824,16:33:23.824,ACH/USDT:USDT,0.021409,6212.0,0.021414,5166.0,0.021401,235316738.0,5114094.382616
1753461204141,16:33:24.141,ACH/USDT:USDT,0.021411,2279.0,0.021412,2261.0,0.021401,235316738.0,5114094.382616
1753461204567,16:33:24.567,ACH/USDT:USDT,0.021404,4381.0,0.021408,2261.0,0.021401,235316738.0,5114094.382616
1753461204893,16:33:24.893,ACH/USDT:USDT,0.021402,4381.0,0.021407,2261.0,0.021401,235316738.0,5114094.382616
1753461205213,16:33:25.213,ACH/USDT:USDT,0.021409,2279.0,0.021412,4366.0,0.021401,235316738.0,5114094.382616
1753461205604,16:33:25.604,ACH/USDT:USDT,0.021412,2279.0,0.021413,4366.0,0.021401,235316738.0,5114094.382616
1753461205967,16:33:25.967,ACH/USDT:USDT,0.021412,2279.0,0.021413,4366.0,0.021401,235316738.0,5114094.382616
1753461206279,16:33:26.279,ACH/USDT:USDT,0.021412,2279.0,0.021416,4366.0,0.021401,235316738.0,5114094.382616
1753461206596,16:33:26.596,ACH/USDT:USDT,0.021415,2279.0,0.021419,4366.0,0.021401,235316738.0,5114094.382616
1753461206946,16:33:26.946,ACH/USDT:USDT,0.021415,2279.0,0.021419,4366.0,0.021401,235316738.0,5114094.382616
1753461207272,16:33:27.272,ACH/USDT:USDT,0.021415,2279.0,0.021419,4366.0,0.021401,235316738.0,5114094.382616
1753461207582,16:33:27.582,ACH/USDT:USDT,0.021415,2279.0,0.021419,4366.0,0.021401,235316738.0,5114094.382616
1753461207981,16:33:27.981,ACH/USDT:USDT,0.021415,2279.0,0.021416,2261.0,0.021401,235316738.0,5114094.382616
1753461208342,16:33:28.342,ACH/USDT:USDT,0.02141,4379.0,0.021413,2261.0,0.021401,235316738.0,5114094.382616
1753461208657,16:33:28.657,ACH/USDT:USDT,0.021415,2279.0,0.021416,2261.0,0.021401,235316738.0,5114094.382616
1753461209320,16:33:29.320,ACH/USDT:USDT,0.021421,6263.0,0.021429,4366.0,0.021401,235316738.0,5114094.382616
1753461209667,16:33:29.667,ACH/USDT:USDT,0.021422,2279.0,0.021428,5106.0,0.021401,235316738.0,5114094.382616
1753461209978,16:33:29.978,ACH/USDT:USDT,0.021422,2279.0,0.021427,2261.0,0.021401,235316738.0,5114094.382616
1753461210297,16:33:30.297,ACH/USDT:USDT,0.021422,2279.0,0.021425,2261.0,0.021425,235316738.0,5114094.382616
1753461210639,16:33:30.639,ACH/USDT:USDT,0.021424,2279.0,0.021425,2261.0,0.021425,235316738.0,5114094.382616
1753461210992,16:33:30.992,ACH/USDT:USDT,0.021424,2279.0,0.021425,2261.0,0.021425,235320364.0,5114172.069666
1753461211316,16:33:31.316,ACH/USDT:USDT,0.021417,7225.0,0.021424,5106.0,0.021425,235320364.0,5114172.069666
1753461211761,16:33:31.761,ACH/USDT:USDT,0.021417,4380.0,0.021421,2261.0,0.021425,235320364.0,5114172.069666
1753461212200,16:33:32.200,ACH/USDT:USDT,0.021415,4961.0,0.021419,2261.0,0.021425,235320364.0,5114172.069666
1753461212817,16:33:32.817,ACH/USDT:USDT,0.021419,2845.0,0.021426,2261.0,0.021425,235320364.0,5114172.069666
1753461213157,16:33:33.157,ACH/USDT:USDT,0.021421,2279.0,0.021422,2261.0,0.021425,235320364.0,5114172.069666
1753461213536,16:33:33.536,ACH/USDT:USDT,0.021422,11542.0,0.021431,2845.0,0.021425,235320364.0,5114172.069666
1753461213861,16:33:33.861,ACH/USDT:USDT,0.021422,11542.0,0.021431,2845.0,0.021425,235320364.0,5114172.069666
1753461214171,16:33:34.171,ACH/USDT:USDT,0.021425,3418.0,0.021429,7213.0,0.021425,235320364.0,5114172.069666
1753461214521,16:33:34.521,ACH/USDT:USDT,0.021426,2279.0,0.021427,2261.0,0.021425,235320364.0,5114172.069666
1753461214851,16:33:34.851,ACH/USDT:USDT,0.021423,4377.0,0.021426,2279.0,0.021425,235320364.0,5114172.069666
1753461215169,16:33:35.169,ACH/USDT:USDT,0.02142,46834.0,0.021424,2261.0,0.021425,235320364.0,5114172.069666
1753461215508,16:33:35.508,ACH/USDT:USDT,0.021418,4377.0,0.021419,3391.0,0.021425,235320364.0,5114172.069666
1753461216135,16:33:36.135,ACH/USDT:USDT,0.02142,5167.0,0.021429,4368.0,0.021425,235320364.0,5114172.069666
1753461216905,16:33:36.905,ACH/USDT:USDT,0.021422,2279.0,0.021423,4368.0,0.021425,235320364.0,5114172.069666
1753461217624,16:33:37.624,ACH/USDT:USDT,0.021422,2279.0,0.021423,4368.0,0.021425,235320364.0,5114172.069666
1753461217952,16:33:37.952,ACH/USDT:USDT,0.021422,5167.0,0.021428,4368.0,0.021425,235320364.0,5114172.069666
1753461218333,16:33:38.333,ACH/USDT:USDT,0.021426,2279.0,0.021427,4368.0,0.021425,235320364.0,5114172.069666
1753461218663,16:33:38.663,ACH/USDT:USDT,0.021426,2279.0,0.021427,4368.0,0.021425,235320364.0,5114172.069666
1753461218992,16:33:38.992,ACH/USDT:USDT,0.021433,2279.0,0.021434,5000.0,0.021425,235320364.0,5114172.069666
1753461219382,16:33:39.382,ACH/USDT:USDT,0.021427,4378.0,0.021428,2261.0,0.021425,235320364.0,5114172.069666
1753461219732,16:33:39.732,ACH/USDT:USDT,0.021427,4378.0,0.021428,2261.0,0.021425,235320364.0,5114172.069666
1753461220050,16:33:40.050,ACH/USDT:USDT,0.021427,4378.0,0.021428,2261.0,0.021425,235320364.0,5114172.069666
1753461220462,16:33:40.462,ACH/USDT:USDT,0.021427,46834.0,0.021434,4370.0,0.021425,235320364.0,5114172.069666
1753461221236,16:33:41.236,ACH/USDT:USDT,0.021432,2279.0,0.021433,4370.0,0.021425,235320364.0,5114172.069666
1753461222139,16:33:42.139,ACH/USDT:USDT,0.021432,2279.0,0.021433,4370.0,0.021425,235320364.0,5114172.069666
1753461222490,16:33:42.490,ACH/USDT:USDT,0.021432,2279.0,0.021433,4370.0,0.021425,235320364.0,5114172.069666
1753461222806,16:33:42.806,ACH/USDT:USDT,0.021429,4377.0,0.021433,4370.0,0.021425,235320364.0,5114172.069666
1753461223167,16:33:43.167,ACH/USDT:USDT,0.021427,46834.0,0.021429,2261.0,0.021425,235320364.0,5114172.069666
1753461223537,16:33:43.537,ACH/USDT:USDT,0.021428,14050.0,0.021433,2261.0,0.021425,235320364.0,5114172.069666
1753461223856,16:33:43.856,ACH/USDT:USDT,0.021428,14050.0,0.021433,2261.0,0.021425,235320364.0,5114172.069666
1753461224222,16:33:44.222,ACH/USDT:USDT,0.021428,14050.0,0.021433,5149.0,0.021425,235320364.0,5114172.069666
1753461224669,16:33:44.669,ACH/USDT:USDT,0.021425,46834.0,0.021429,2901.0,0.021428,235320364.0,5114172.069666
1753461225315,16:33:45.315,ACH/USDT:USDT,0.021433,2279.0,0.021434,7276.0,0.021428,235320364.0,5114172.069666
1753461225806,16:33:45.806,ACH/USDT:USDT,0.021433,2279.0,0.021434,7276.0,0.021428,235320364.0,5114172.069666
1753461226280,16:33:46.280,ACH/USDT:USDT,0.021427,4215.0,0.021431,2261.0,0.021428,235320364.0,5114172.069666
1753461226634,16:33:46.634,ACH/USDT:USDT,0.021425,46834.0,0.021426,2261.0,0.021426,235324796.0,5114267.038562
1753461227040,16:33:47.040,ACH/USDT:USDT,0.021425,46834.0,0.021426,2261.0,0.021426,235324796.0,5114267.038562
1753461227371,16:33:47.371,ACH/USDT:USDT,0.021425,46834.0,0.021426,2261.0,0.021426,235324796.0,5114267.038562
1753461227694,16:33:47.694,ACH/USDT:USDT,0.021425,46834.0,0.021426,2261.0,0.021426,235328996.0,5114357.027762
1753461228122,16:33:48.122,ACH/USDT:USDT,0.021428,2279.0,0.021429,7278.0,0.021426,235328996.0,5114357.027762
1753461228486,16:33:48.486,ACH/USDT:USDT,0.021428,2279.0,0.021429,7278.0,0.021426,235328996.0,5114357.027762
1753461228807,16:33:48.807,ACH/USDT:USDT,0.021428,2279.0,0.021429,4377.0,0.021426,235328996.0,5114357.027762
1753461229145,16:33:49.145,ACH/USDT:USDT,0.021425,46834.0,0.021426,3391.0,0.021426,235320364.0,5114172.069666
1753461229662,16:33:49.662,ACH/USDT:USDT,0.021431,2279.0,0.021432,2261.0,0.021426,235328996.0,5114357.027762
1753461230472,16:33:50.472,ACH/USDT:USDT,0.021431,2279.0,0.021432,2261.0,0.021426,235328996.0,5114357.027762
1753461230811,16:33:50.811,ACH/USDT:USDT,0.021431,2279.0,0.021432,2261.0,0.021426,235328996.0,5114357.027762
1753461231129,16:33:51.129,ACH/USDT:USDT,0.021431,5180.0,0.021432,2261.0,0.021426,235328996.0,5114357.027762
1753461231464,16:33:51.464,ACH/USDT:USDT,0.021431,5180.0,0.021432,2261.0,0.021426,235328996.0,5114357.027762
1753461231814,16:33:51.814,ACH/USDT:USDT,0.021431,5180.0,0.021432,2261.0,0.021426,235328996.0,5114357.027762
1753461232152,16:33:52.152,ACH/USDT:USDT,0.021431,5180.0,0.021432,2261.0,0.021426,235328996.0,5114357.027762
1753461232500,16:33:52.500,ACH/USDT:USDT,0.021431,5180.0,0.021432,2261.0,0.021426,235328996.0,5114357.027762
1753461232830,16:33:52.830,ACH/USDT:USDT,0.021431,2279.0,0.021432,2261.0,0.021426,235328996.0,5114357.027762
1753461233196,16:33:53.196,ACH/USDT:USDT,0.021425,46834.0,0.021427,2261.0,0.021426,235328996.0,5114357.027762
1753461233515,16:33:53.515,ACH/USDT:USDT,0.021425,46834.0,0.021427,2261.0,0.021426,235328996.0,5114357.027762
1753461233934,16:33:53.934,ACH/USDT:USDT,0.021408,5822.0,0.021413,2901.0,0.021426,235328996.0,5114357.027762
1753461234995,16:33:54.995,ACH/USDT:USDT,0.021394,12815.0,0.021398,2261.0,0.021399,235328996.0,5114357.027762
1753461235349,16:33:55.349,ACH/USDT:USDT,0.021387,14050.0,0.021392,3391.0,0.021399,235328996.0,5114357.027762
1753461235919,16:33:55.919,ACH/USDT:USDT,0.021386,46834.0,0.021388,2261.0,0.021399,235328996.0,5114357.027762
1753461236238,16:33:56.238,ACH/USDT:USDT,0.021386,46834.0,0.021388,2261.0,0.021399,235328996.0,5114357.027762
1753461236562,16:33:56.562,ACH/USDT:USDT,0.021376,14930.0,0.021377,3391.0,0.021381,235328996.0,5114357.027762
1753461236943,16:33:56.943,ACH/USDT:USDT,0.021374,14050.0,0.021379,2261.0,0.021381,235333242.0,5114447.887916
1753461237286,16:33:57.286,ACH/USDT:USDT,0.021374,14050.0,0.021379,2261.0,0.021381,235333242.0,5114447.887916
1753461237618,16:33:57.618,ACH/USDT:USDT,0.021375,2279.0,0.021379,2261.0,0.021381,235333242.0,5114447.887916
1753461238110,16:33:58.110,ACH/USDT:USDT,0.021376,2279.0,0.02138,2261.0,0.021381,235342720.0,5114650.537034
1753461238477,16:33:58.477,ACH/USDT:USDT,0.021376,2279.0,0.021378,2891.0,0.021381,235342720.0,5114650.537034
1753461238791,16:33:58.791,ACH/USDT:USDT,0.021373,4386.0,0.021378,2891.0,0.021381,235342720.0,5114650.537034
1753461239112,16:33:59.112,ACH/USDT:USDT,0.021375,2279.0,0.021376,5152.0,0.021381,235342720.0,5114650.537034
1753461239466,16:33:59.466,ACH/USDT:USDT,0.021375,2279.0,0.021376,2261.0,0.021381,235342720.0,5114650.537034
1753461239794,16:33:59.794,ACH/USDT:USDT,0.021375,2279.0,0.021376,2261.0,0.021381,235342720.0,5114650.537034
1753461240121,16:34:00.121,ACH/USDT:USDT,0.021367,14050.0,0.02137,3391.0,0.021381,235342720.0,5114650.537034
1753461240708,16:34:00.708,ACH/USDT:USDT,0.021376,2279.0,0.021377,3391.0,0.021381,235233270.0,5112236.2894
1753461241658,16:34:01.658,ACH/USDT:USDT,0.021373,2279.0,0.021375,2261.0,0.021381,235328996.0,5114357.027762
1753461242451,16:34:02.451,ACH/USDT:USDT,0.021382,2891.0,0.021386,4387.0,0.021381,235233270.0,5112236.2894
1753461242802,16:34:02.802,ACH/USDT:USDT,0.021375,18439.0,0.02138,2261.0,0.021381,235233270.0,5112236.2894
1753461243216,16:34:03.216,ACH/USDT:USDT,0.021372,4389.0,0.02138,2891.0,0.021379,235333242.0,5114447.887916
1753461244028,16:34:04.028,ACH/USDT:USDT,0.021382,4390.0,0.021385,2261.0,0.021379,235234946.0,5112272.120604
1753461244927,16:34:04.927,ACH/USDT:USDT,0.021375,5153.0,0.021378,2261.0,0.02138,235234946.0,5112272.120604
1753461245262,16:34:05.262,ACH/USDT:USDT,0.021375,5153.0,0.021378,2261.0,0.02138,235241460.0,5112411.389924
1753461245583,16:34:05.583,ACH/USDT:USDT,0.021372,2826.0,0.021378,4389.0,0.02138,235241460.0,5112411.389924
1753461246021,16:34:06.021,ACH/USDT:USDT,0.021374,14050.0,0.021383,4389.0,0.02138,235241460.0,5112411.389924
1753461246682,16:34:06.682,ACH/USDT:USDT,0.021382,2279.0,0.021387,2261.0,0.02138,235241460.0,5112411.389924
1753461247009,16:34:07.009,ACH/USDT:USDT,0.021376,2826.0,0.021383,1648.0,0.02138,235241460.0,5112411.389924
1753461247350,16:34:07.350,ACH/USDT:USDT,0.021377,2826.0,0.02138,2261.0,0.02138,235241460.0,5112411.389924
1753461247668,16:34:07.668,ACH/USDT:USDT,0.021377,2826.0,0.02138,2261.0,0.02138,235241460.0,5112411.389924
1753461247991,16:34:07.991,ACH/USDT:USDT,0.021384,2279.0,0.021386,2261.0,0.02138,235241460.0,5112411.389924
1753461248374,16:34:08.374,ACH/USDT:USDT,0.021374,14050.0,0.021384,3909.0,0.02138,235241460.0,5112411.389924
1753461248846,16:34:08.846,ACH/USDT:USDT,0.021379,2279.0,0.021382,2261.0,0.02138,235342720.0,5114650.537034
1753461249416,16:34:09.416,ACH/USDT:USDT,0.021372,2826.0,0.021374,2261.0,0.021381,235248998.0,5112572.559902
1753461249748,16:34:09.748,ACH/USDT:USDT,0.021373,5105.0,0.021376,2261.0,0.021381,235248998.0,5112572.559902
1753461250077,16:34:10.077,ACH/USDT:USDT,0.021367,16876.0,0.021376,2261.0,0.021381,235248998.0,5112572.559902
1753461250400,16:34:10.400,ACH/USDT:USDT,0.021367,16876.0,0.021376,2261.0,0.021381,235248998.0,5112572.559902
1753461250955,16:34:10.955,ACH/USDT:USDT,0.021373,2339.0,0.021376,2261.0,0.021381,235248998.0,5112572.559902
1753461251765,16:34:11.765,ACH/USDT:USDT,0.02137,7223.0,0.021374,2261.0,0.021381,235233270.0,5112236.2894
1753461252584,16:34:12.584,ACH/USDT:USDT,0.021368,4399.0,0.021371,3391.0,0.021381,235248998.0,5112572.559902
1753461252899,16:34:12.899,ACH/USDT:USDT,0.021369,2826.0,0.021379,2826.0,0.021381,235248998.0,5112572.559902
1753461253338,16:34:13.338,ACH/USDT:USDT,0.02137,5067.0,0.021377,4398.0,0.021381,235241460.0,5112411.389924
1753461253735,16:34:13.735,ACH/USDT:USDT,0.021373,2826.0,0.021379,4398.0,0.021381,235248998.0,5112572.559902
1753461254099,16:34:14.099,ACH/USDT:USDT,0.021373,2826.0,0.021379,4398.0,0.021381,235248998.0,5112572.559902
1753461254431,16:34:14.431,ACH/USDT:USDT,0.021367,14050.0,0.021374,5144.0,0.021381,235248998.0,5112572.559902
1753461254783,16:34:14.783,ACH/USDT:USDT,0.021367,18730.0,0.021373,2261.0,0.021381,235248998.0,5112572.559902
1753461255097,16:34:15.097,ACH/USDT:USDT,0.021368,2279.0,0.021371,5144.0,0.021381,235248998.0,5112572.559902
1753461255420,16:34:15.420,ACH/USDT:USDT,0.021368,2279.0,0.02137,5144.0,0.021381,235248998.0,5112572.559902
1753461255960,16:34:15.960,ACH/USDT:USDT,0.021368,2279.0,0.02137,2261.0,0.021381,235248998.0,5112572.559902
1753461256692,16:34:16.692,ACH/USDT:USDT,0.021368,2279.0,0.02137,2261.0,0.021381,235248998.0,5112572.559902
1753461257147,16:34:17.147,ACH/USDT:USDT,0.021361,619.0,0.021362,2261.0,0.021381,235248998.0,5112572.559902
1753461257608,16:34:17.608,ACH/USDT:USDT,0.021361,619.0,0.021362,2261.0,0.021381,235248998.0,5112572.559902
1753461258229,16:34:18.229,ACH/USDT:USDT,0.02137,2279.0,0.021379,2826.0,0.021381,235248998.0,5112572.559902
1753461258789,16:34:18.789,ACH/USDT:USDT,0.021377,2279.0,0.021384,4404.0,0.021381,235248998.0,5112572.559902
1753461259683,16:34:19.683,ACH/USDT:USDT,0.021367,7290.0,0.021368,3391.0,0.021381,235248998.0,5112572.559902
1753461260061,16:34:20.061,ACH/USDT:USDT,0.021367,7290.0,0.021368,3391.0,0.021381,235248998.0,5112572.559902
1753461260409,16:34:20.409,ACH/USDT:USDT,0.021369,2279.0,0.02137,2261.0,0.021381,235248998.0,5112572.559902
1753461260874,16:34:20.874,ACH/USDT:USDT,0.021367,2279.0,0.02137,2261.0,0.021381,235248998.0,5112572.559902
1753461261437,16:34:21.437,ACH/USDT:USDT,0.021371,2279.0,0.021372,4406.0,0.021381,235248998.0,5112572.559902
1753461262202,16:34:22.202,ACH/USDT:USDT,0.021375,2883.0,0.021379,4406.0,0.021381,235248998.0,5112572.559902
1753461262574,16:34:22.574,ACH/USDT:USDT,0.021375,2883.0,0.021379,4406.0,0.021381,235248998.0,5112572.559902
1753461262901,16:34:22.901,ACH/USDT:USDT,0.021377,5162.0,0.021378,2261.0,0.021381,235248998.0,5112572.559902
1753461263263,16:34:23.263,ACH/USDT:USDT,0.021377,2279.0,0.021384,2883.0,0.021381,235248998.0,5112572.559902
1753461263634,16:34:23.634,ACH/USDT:USDT,0.021378,2883.0,0.021382,2261.0,0.021381,235248998.0,5112572.559902
1753461263945,16:34:23.945,ACH/USDT:USDT,0.021381,2279.0,0.021382,2261.0,0.021381,235248998.0,5112572.559902
1753461264256,16:34:24.256,ACH/USDT:USDT,0.021381,2279.0,0.021382,2261.0,0.021381,235248998.0,5112572.559902
1753461264659,16:34:24.659,ACH/USDT:USDT,0.021381,2279.0,0.021382,2261.0,0.021381,235248998.0,5112572.559902
1753461265230,16:34:25.230,ACH/USDT:USDT,0.021381,2279.0,0.021385,4404.0,0.021381,235248998.0,5112572.559902
1753461265547,16:34:25.547,ACH/USDT:USDT,0.021384,2279.0,0.021385,4404.0,0.021381,235248998.0,5112572.559902
1753461266095,16:34:26.095,ACH/USDT:USDT,0.021384,2279.0,0.021385,4404.0,0.021381,235248998.0,5112572.559902
1753461266748,16:34:26.748,ACH/USDT:USDT,0.021384,2279.0,0.021385,4404.0,0.021381,235248998.0,5112572.559902
1753461267214,16:34:27.214,ACH/USDT:USDT,0.021381,5132.0,0.021388,4404.0,0.021381,235248998.0,5112572.559902
1753461267741,16:34:27.741,ACH/USDT:USDT,0.021381,5132.0,0.021388,4404.0,0.021381,235248998.0,5112572.559902
1753461268110,16:34:28.110,ACH/USDT:USDT,0.021385,5132.0,0.021389,4405.0,0.021381,235248998.0,5112572.559902
1753461268506,16:34:28.506,ACH/USDT:USDT,0.021388,2279.0,0.021389,4405.0,0.021381,235248998.0,5112572.559902
1753461268818,16:34:28.818,ACH/USDT:USDT,0.021388,2279.0,0.021394,4406.0,0.021381,235248998.0,5112572.559902
1753461269144,16:34:29.144,ACH/USDT:USDT,0.021388,2853.0,0.021393,2261.0,0.021381,235248998.0,5112572.559902
1753461269520,16:34:29.520,ACH/USDT:USDT,0.021391,2279.0,0.021392,2261.0,0.021381,235248998.0,5112572.559902
1753461269853,16:34:29.853,ACH/USDT:USDT,0.021391,2279.0,0.021392,2261.0,0.021381,235248998.0,5112572.559902
1753461270166,16:34:30.166,ACH/USDT:USDT,0.021391,2279.0,0.021392,2261.0,0.021381,235248998.0,5112572.559902
1753461270538,16:34:30.538,ACH/USDT:USDT,0.02138,46834.0,0.021384,2261.0,0.021381,235248998.0,5112572.559902
1753461270893,16:34:30.893,ACH/USDT:USDT,0.021385,4884.0,0.021391,2279.0,0.021381,235248998.0,5112572.559902
1753461271212,16:34:31.212,ACH/USDT:USDT,0.021382,2279.0,0.021386,2261.0,0.021381,235248998.0,5112572.559902
1753461271539,16:34:31.539,ACH/USDT:USDT,0.021378,2853.0,0.021381,2261.0,0.021381,235248998.0,5112572.559902
1753461271885,16:34:31.885,ACH/USDT:USDT,0.021383,2279.0,0.021389,2853.0,0.021381,235248998.0,5112572.559902
1753461272297,16:34:32.297,ACH/USDT:USDT,0.021385,5132.0,0.021386,2261.0,0.021381,235248998.0,5112572.559902
1753461272639,16:34:32.639,ACH/USDT:USDT,0.021385,5132.0,0.021386,2261.0,0.021381,235248998.0,5112572.559902
1753461272964,16:34:32.964,ACH/USDT:USDT,0.021388,2279.0,0.021392,2261.0,0.021381,235248998.0,5112572.559902
1753461273365,16:34:33.365,ACH/USDT:USDT,0.021384,3418.0,0.021385,2261.0,0.021381,235248998.0,5112572.559902
1753461273743,16:34:33.743,ACH/USDT:USDT,0.021385,2853.0,0.02139,4405.0,0.021381,235248998.0,5112572.559902
1753461274060,16:34:34.060,ACH/USDT:USDT,0.021385,2853.0,0.02139,4405.0,0.021381,235248998.0,5112572.559902
1753461274411,16:34:34.411,ACH/USDT:USDT,0.021382,4408.0,0.021383,2261.0,0.021381,235248998.0,5112572.559902
1753461274857,16:34:34.857,ACH/USDT:USDT,0.021392,2279.0,0.021393,4405.0,0.021381,235248998.0,5112572.559902
1753461275429,16:34:35.429,ACH/USDT:USDT,0.021388,2929.0,0.021392,2261.0,0.021381,235248998.0,5112572.559902
1753461275785,16:34:35.785,ACH/USDT:USDT,0.021394,3418.0,0.021395,4405.0,0.021381,235248998.0,5112572.559902
1753461276165,16:34:36.165,ACH/USDT:USDT,0.021407,2279.0,0.021408,2261.0,0.021409,235248998.0,5112572.559902
1753461276490,16:34:36.490,ACH/USDT:USDT,0.021411,2279.0,0.021412,4405.0,0.021409,235248998.0,5112572.559902
1753461276811,16:34:36.811,ACH/USDT:USDT,0.021411,2279.0,0.021412,4405.0,0.021409,235248998.0,5112572.559902
1753461277194,16:34:37.194,ACH/USDT:USDT,0.021404,4407.0,0.021408,2261.0,0.021409,235248998.0,5112572.559902
1753461277554,16:34:37.554,ACH/USDT:USDT,0.021404,4407.0,0.021405,2261.0,0.021409,235261544.0,5112841.157216
1753461277862,16:34:37.862,ACH/USDT:USDT,0.021404,4407.0,0.021405,2261.0,0.021409,235261544.0,5112841.157216
1753461278174,16:34:38.174,ACH/USDT:USDT,0.021404,4407.0,0.021405,2261.0,0.021409,235261544.0,5112841.157216
1753461278545,16:34:38.545,ACH/USDT:USDT,0.021404,4407.0,0.021405,2261.0,0.021409,235261544.0,5112841.157216
1753461278918,16:34:38.918,ACH/USDT:USDT,0.021404,4407.0,0.021405,2261.0,0.021409,235261544.0,5112841.157216
1753461279244,16:34:39.244,ACH/USDT:USDT,0.021404,4407.0,0.021405,2261.0,0.021409,235261544.0,5112841.157216
1753461279573,16:34:39.573,ACH/USDT:USDT,0.021401,4407.0,0.021402,2261.0,0.021409,235261544.0,5112841.157216
1753461279906,16:34:39.906,ACH/USDT:USDT,0.021395,4406.0,0.021398,2261.0,0.021409,235261544.0,5112841.157216
1753461280275,16:34:40.275,ACH/USDT:USDT,0.021396,2929.0,0.021397,2261.0,0.021409,235261544.0,5112841.157216
1753461280582,16:34:40.582,ACH/USDT:USDT,0.021396,14929.0,0.021399,2261.0,0.021409,235261544.0,5112841.157216
1753461280903,16:34:40.903,ACH/USDT:USDT,0.021398,2279.0,0.021399,2261.0,0.021409,235261544.0,5112841.157216
1753461281262,16:34:41.262,ACH/USDT:USDT,0.021398,2279.0,0.021399,2261.0,0.021409,235261544.0,5112841.157216
1753461281598,16:34:41.598,ACH/USDT:USDT,0.021398,2279.0,0.021402,7332.0,0.021399,235261544.0,5112841.157216
1753461281924,16:34:41.924,ACH/USDT:USDT,0.021398,2279.0,0.021402,7332.0,0.021399,235261544.0,5112841.157216
1753461282245,16:34:42.245,ACH/USDT:USDT,0.021392,7333.0,0.021397,2261.0,0.021399,235261544.0,5112841.157216
