timestamp,time,symbol,bid,bidVolume,ask,askVolume,lastPrice,baseVolume,quoteVolume
1753460897764,16:28:17.764,ALGO/USDT:USDT,0.2567,22520.1,0.2568,14201.5,0.2568,116919573.5,30502031.0343
1753460897864,16:28:17.864,ALGO/USDT:USDT,0.2567,23493.8,0.2568,14203.9,0.2568,116919573.5,30502031.0343
1753460898564,16:28:18.564,ALGO/USDT:USDT,0.2567,22520.1,0.2568,14203.9,0.2568,116919573.5,30502031.0343
1753460898664,16:28:18.664,ALGO/USDT:USDT,0.2567,33520.1,0.2568,14203.9,0.2568,116919573.5,30502031.0343
1753460899063,16:28:19.063,ALGO/USDT:USDT,0.2567,38045.9,0.2568,6.4,0.2568,116919573.5,30502031.0343
1753460899164,16:28:19.164,ALGO/USDT:USDT,0.2567,39603.7,0.2568,6.4,0.2568,116919573.5,30502031.0343
1753460899263,16:28:19.263,ALGO/USDT:USDT,0.2567,43498.5,0.2568,6.4,0.2568,116919573.5,30502031.0343
1753460899463,16:28:19.463,ALGO/USDT:USDT,0.2567,45980.5,0.2568,6.4,0.2568,116919573.5,30502031.0343
1753460899564,16:28:19.564,ALGO/USDT:USDT,0.2567,59824.1,0.2568,6.4,0.2568,116919573.5,30502031.0343
1753460899664,16:28:19.664,ALGO/USDT:USDT,0.2567,58070.4,0.2568,6.4,0.2568,116919573.5,30502031.0343
1753460899764,16:28:19.764,ALGO/USDT:USDT,0.2567,56124.1,0.2568,0.4,0.2568,116919579.5,30502032.5751
1753460900963,16:28:20.963,ALGO/USDT:USDT,0.2568,8880.5,0.2569,24225.0,0.2568,116919579.5,30502032.5751
1753460901064,16:28:21.064,ALGO/USDT:USDT,0.2568,20995.1,0.2569,23118.6,0.2568,116919579.5,30502032.5751
1753460901164,16:28:21.164,ALGO/USDT:USDT,0.2568,23986.5,0.2569,19487.4,0.2568,116919579.5,30502032.5751
1753460901364,16:28:21.364,ALGO/USDT:USDT,0.2568,22880.1,0.2569,19487.4,0.2568,116919579.5,30502032.5751
1753460901463,16:28:21.463,ALGO/USDT:USDT,0.2568,14995.1,0.2569,20593.7,0.2568,116919579.5,30502032.5751
1753460901564,16:28:21.564,ALGO/USDT:USDT,0.2568,14995.1,0.2569,25172.5,0.2568,116919579.5,30502032.5751
1753460901864,16:28:21.864,ALGO/USDT:USDT,0.2568,2880.5,0.2569,25172.5,0.2568,116919579.5,30502032.5751
1753460902063,16:28:22.063,ALGO/USDT:USDT,0.2568,2880.5,0.2569,24066.1,0.2568,116919579.5,30502032.5751
1753460902163,16:28:22.163,ALGO/USDT:USDT,0.2568,14995.1,0.2569,22959.7,0.2568,116919579.5,30502032.5751
1753460902664,16:28:22.664,ALGO/USDT:USDT,0.2568,2880.5,0.2569,25172.5,0.2568,116919579.5,30502032.5751
1753460903163,16:28:23.163,ALGO/USDT:USDT,0.2567,33652.8,0.2568,23114.6,0.2568,116919579.5,30502032.5751
1753460903263,16:28:23.263,ALGO/USDT:USDT,0.2567,31438.1,0.2568,11114.6,0.2568,116919579.5,30502032.5751
1753460903463,16:28:23.463,ALGO/USDT:USDT,0.2568,12162.4,0.2569,19487.3,0.2568,116919579.5,30502032.5751
1753460903563,16:28:23.563,ALGO/USDT:USDT,0.2568,12162.4,0.2569,23441.0,0.2568,116919579.5,30502032.5751
1753460903763,16:28:23.763,ALGO/USDT:USDT,0.2568,12162.4,0.2569,26531.6,0.2568,116919579.5,30502032.5751
1753460903963,16:28:23.963,ALGO/USDT:USDT,0.2568,1047.8,0.2569,26531.6,0.2568,116919579.5,30502032.5751
1753460904063,16:28:24.063,ALGO/USDT:USDT,0.2568,1047.8,0.2569,27638.0,0.2568,116919579.5,30502032.5751
1753460904164,16:28:24.164,ALGO/USDT:USDT,0.2568,47.8,0.2569,28027.3,0.2568,116919579.5,30502032.5751
1753460904463,16:28:24.463,ALGO/USDT:USDT,0.2568,47.8,0.2569,26920.9,0.2568,116919579.5,30502032.5751
1753460904563,16:28:24.563,ALGO/USDT:USDT,0.2568,5047.8,0.2569,26920.9,0.2568,116919579.5,30502032.5751
1753460905064,16:28:25.064,ALGO/USDT:USDT,0.2567,33322.3,0.2568,11114.6,0.2568,116919579.5,30502032.5751
1753460905163,16:28:25.163,ALGO/USDT:USDT,0.2567,34898.0,0.2568,11114.6,0.2568,116919579.5,30502032.5751
1753460905463,16:28:25.463,ALGO/USDT:USDT,0.2567,36004.8,0.2568,11114.6,0.2568,116919579.5,30502032.5751
1753460905563,16:28:25.563,ALGO/USDT:USDT,0.2567,34898.4,0.2568,11114.6,0.2568,116919579.5,30502032.5751
1753460905764,16:28:25.764,ALGO/USDT:USDT,0.2567,31065.7,0.2568,11114.6,0.2568,116919579.5,30502032.5751
1753460905863,16:28:25.863,ALGO/USDT:USDT,0.2567,15693.5,0.2568,21568.9,0.2568,116919579.5,30502032.5751
1753460906463,16:28:26.463,ALGO/USDT:USDT,0.2567,15693.5,0.2568,21633.1,0.2568,116919579.5,30502032.5751
1753460906564,16:28:26.564,ALGO/USDT:USDT,0.2567,37926.7,0.2568,11178.8,0.2568,116919579.5,30502032.5751
1753460906663,16:28:26.663,ALGO/USDT:USDT,0.2567,38900.4,0.2568,11178.8,0.2568,116919579.5,30502032.5751
1753460906863,16:28:26.863,ALGO/USDT:USDT,0.2567,45045.8,0.2568,64.2,0.2568,116919579.5,30502032.5751
1753460907064,16:28:27.064,ALGO/USDT:USDT,0.2567,48862.7,0.2568,64.2,0.2568,116919579.5,30502032.5751
1753460907164,16:28:27.164,ALGO/USDT:USDT,0.2567,52755.3,0.2568,64.2,0.2568,116919579.5,30502032.5751
1753460907263,16:28:27.263,ALGO/USDT:USDT,0.2567,52986.6,0.2568,64.2,0.2568,116919579.5,30502032.5751
1753460907564,16:28:27.564,ALGO/USDT:USDT,0.2567,63190.8,0.2568,64.2,0.2568,116919579.5,30502032.5751
1753460907663,16:28:27.663,ALGO/USDT:USDT,0.2568,36547.9,0.2569,11134.6,0.2568,116919643.7,30502049.0617
1753460907963,16:28:27.963,ALGO/USDT:USDT,0.2568,36537.9,0.2569,11134.6,0.2568,116919643.7,30502049.0617
1753460908063,16:28:28.063,ALGO/USDT:USDT,0.2568,36537.9,0.2569,20.0,0.2568,116919643.7,30502049.0617
1753460908163,16:28:28.163,ALGO/USDT:USDT,0.2568,38484.5,0.2569,20.0,0.2568,116919643.7,30502049.0617
1753460908263,16:28:28.263,ALGO/USDT:USDT,0.2568,41937.5,0.2569,20.0,0.2568,116919643.7,30502049.0617
1753460908763,16:28:28.763,ALGO/USDT:USDT,0.2568,38308.2,0.2569,11134.6,0.2568,116919643.7,30502049.0617
1753460908863,16:28:28.863,ALGO/USDT:USDT,0.2568,41291.3,0.2569,11134.6,0.2568,116919643.7,30502049.0617
1753460909163,16:28:29.163,ALGO/USDT:USDT,0.2568,42149.7,0.2569,11134.6,0.2568,116919643.7,30502049.0617
1753460909263,16:28:29.263,ALGO/USDT:USDT,0.2568,41053.3,0.2569,11115.1,0.2568,116919643.7,30502049.0617
1753460909363,16:28:29.363,ALGO/USDT:USDT,0.2568,39496.1,0.2569,18479.3,0.2568,116919643.7,30502049.0617
1753460909464,16:28:29.464,ALGO/USDT:USDT,0.2568,32777.9,0.2569,32672.1,0.2568,116919643.7,30502049.0617
1753460909663,16:28:29.663,ALGO/USDT:USDT,0.2568,20777.9,0.2569,32672.1,0.2568,116919643.7,30502049.0617
1753460909763,16:28:29.763,ALGO/USDT:USDT,0.2568,21556.5,0.2569,31575.7,0.2568,116919643.7,30502049.0617
1753460910063,16:28:30.063,ALGO/USDT:USDT,0.2568,21556.5,0.2569,19575.7,0.2568,116919643.7,30502049.0617
1753460910163,16:28:30.163,ALGO/USDT:USDT,0.2568,21556.5,0.2569,18479.3,0.2568,116919643.7,30502049.0617
1753460910363,16:28:30.363,ALGO/USDT:USDT,0.2568,21556.5,0.2569,20672.1,0.2568,116919643.7,30502049.0617
1753460910463,16:28:30.463,ALGO/USDT:USDT,0.2568,21556.5,0.2569,19575.7,0.2568,116919643.7,30502049.0617
1753460910563,16:28:30.563,ALGO/USDT:USDT,0.2568,21556.5,0.2569,20672.1,0.2568,116919643.7,30502049.0617
1753460910764,16:28:30.764,ALGO/USDT:USDT,0.2568,25093.3,0.2569,20705.5,0.2568,116919643.7,30502049.0617
1753460911163,16:28:31.163,ALGO/USDT:USDT,0.2568,13978.7,0.2569,20705.5,0.2568,116919643.7,30502049.0617
1753460911263,16:28:31.263,ALGO/USDT:USDT,0.2568,3536.8,0.2569,23462.5,0.2568,116919643.7,30502049.0617
1753460911363,16:28:31.363,ALGO/USDT:USDT,0.2568,2369.1,0.2569,37398.1,0.2568,116920811.4,30502348.927
1753460911564,16:28:31.564,ALGO/USDT:USDT,0.2568,2369.1,0.2569,37403.0,0.2568,116920811.4,30502348.927
1753460912063,16:28:32.063,ALGO/USDT:USDT,0.2568,2369.1,0.2569,36624.4,0.2568,116920811.4,30502348.927
1753460912164,16:28:32.164,ALGO/USDT:USDT,0.2568,2369.1,0.2569,30517.6,0.2568,116920811.4,30502348.927
1753460912264,16:28:32.264,ALGO/USDT:USDT,0.2568,2369.1,0.2569,31583.0,0.2568,116920811.4,30502348.927
1753460912363,16:28:32.363,ALGO/USDT:USDT,0.2568,2369.1,0.2569,32648.8,0.2568,116920811.4,30502348.927
1753460912964,16:28:32.964,ALGO/USDT:USDT,0.2568,2369.1,0.2569,30517.2,0.2568,116920811.4,30502348.927
1753460913064,16:28:33.064,ALGO/USDT:USDT,0.2568,2369.1,0.2569,32648.8,0.2568,116920811.4,30502348.927
1753460913164,16:28:33.164,ALGO/USDT:USDT,0.2568,2369.1,0.2569,20648.8,0.2568,116920811.4,30502348.927
1753460913364,16:28:33.364,ALGO/USDT:USDT,0.2568,2369.1,0.2569,18517.2,0.2568,116920811.4,30502348.927
1753460913464,16:28:33.464,ALGO/USDT:USDT,0.2568,2369.1,0.2569,32648.8,0.2568,116920811.4,30502348.927
1753460913863,16:28:33.863,ALGO/USDT:USDT,0.2568,2369.1,0.2569,32648.4,0.2568,116920811.4,30502348.927
1753460913964,16:28:33.964,ALGO/USDT:USDT,0.2568,2369.1,0.2569,31582.6,0.2568,116920811.4,30502348.927
1753460914263,16:28:34.263,ALGO/USDT:USDT,0.2568,2369.1,0.2569,32648.4,0.2568,116834292.4,30479351.5671
1753460914364,16:28:34.364,ALGO/USDT:USDT,0.2568,2369.1,0.2569,36562.4,0.2568,116834292.4,30479351.5671
1753460914464,16:28:34.464,ALGO/USDT:USDT,0.2568,2369.1,0.2569,36951.7,0.2568,116834292.4,30479351.5671
1753460915064,16:28:35.064,ALGO/USDT:USDT,0.2568,2369.1,0.2569,36477.1,0.2568,116834292.4,30479351.5671
1753460915364,16:28:35.364,ALGO/USDT:USDT,0.2568,2369.1,0.2569,19284.5,0.2568,116834292.4,30479351.5671
1753460915463,16:28:35.463,ALGO/USDT:USDT,0.2568,13369.1,0.2569,18895.2,0.2568,116834292.4,30479351.5671
1753460915564,16:28:35.564,ALGO/USDT:USDT,0.2568,14369.1,0.2569,18516.8,0.2568,116834292.4,30479351.5671
1753460915763,16:28:35.763,ALGO/USDT:USDT,0.2568,26039.6,0.2569,18516.8,0.2568,116834292.4,30479351.5671
1753460916063,16:28:36.063,ALGO/USDT:USDT,0.2568,28949.8,0.2569,18516.8,0.2568,116834292.4,30479351.5671
1753460916264,16:28:36.264,ALGO/USDT:USDT,0.2568,16105.4,0.2569,18516.8,0.2568,116834292.4,30479351.5671
1753460916364,16:28:36.364,ALGO/USDT:USDT,0.2568,15039.6,0.2569,18516.8,0.2568,116834292.4,30479351.5671
1753460916564,16:28:36.564,ALGO/USDT:USDT,0.2568,27993.7,0.2569,38.0,0.2568,116834292.4,30479351.5671
1753460917364,16:28:37.364,ALGO/USDT:USDT,0.2568,39993.7,0.2569,38.0,0.2568,116834292.4,30479351.5671
1753460917763,16:28:37.763,ALGO/USDT:USDT,0.2568,17071.4,0.2569,20154.0,0.2568,116834292.4,30479351.5671
1753460917864,16:28:37.864,ALGO/USDT:USDT,0.2568,15039.6,0.2569,22285.6,0.2568,116834292.4,30479351.5671
1753460917964,16:28:37.964,ALGO/USDT:USDT,0.2568,25395.3,0.2569,20154.0,0.2568,116834292.4,30479351.5671
1753460918264,16:28:38.264,ALGO/USDT:USDT,0.2568,25395.3,0.2569,38.0,0.2568,116834292.4,30479351.5671
1753460918363,16:28:38.363,ALGO/USDT:USDT,0.2568,38648.5,0.2569,38.0,0.2568,116834292.4,30479351.5671
1753460918463,16:28:38.463,ALGO/USDT:USDT,0.2568,49455.1,0.2569,38.0,0.2568,116834292.4,30479351.5671
1753460918563,16:28:38.563,ALGO/USDT:USDT,0.2568,51479.6,0.2569,38.0,0.2568,116834292.4,30479351.5671
1753460918764,16:28:38.764,ALGO/USDT:USDT,0.2568,51401.7,0.2569,38.0,0.2568,116834292.4,30479351.5671
1753460918964,16:28:38.964,ALGO/USDT:USDT,0.2568,49455.1,0.2569,38.0,0.2568,116834292.4,30479351.5671
1753460919063,16:28:39.063,ALGO/USDT:USDT,0.2569,40779.3,0.257,15085.6,0.2569,116834330.4,30479361.3293
1753460919163,16:28:39.163,ALGO/USDT:USDT,0.2569,40779.3,0.257,12155.6,0.2569,116834330.4,30479361.3293
1753460919264,16:28:39.264,ALGO/USDT:USDT,0.2569,28779.3,0.257,20657.2,0.2569,116834330.4,30479361.3293
1753460919364,16:28:39.364,ALGO/USDT:USDT,0.2569,28779.3,0.257,19601.1,0.2569,116834330.4,30479361.3293
1753460919463,16:28:39.463,ALGO/USDT:USDT,0.2569,21333.8,0.257,21713.3,0.2569,116834330.4,30479361.3293
1753460919563,16:28:39.563,ALGO/USDT:USDT,0.2568,23292.9,0.2569,19116.0,0.2569,116834330.4,30479361.3293
1753460919664,16:28:39.664,ALGO/USDT:USDT,0.2568,21347.0,0.2569,22120.6,0.2568,116835497.7,30479661.0919
1753460919763,16:28:39.763,ALGO/USDT:USDT,0.2568,22904.2,0.2569,8041.5,0.2569,116839126.7,30480593.382
1753460919864,16:28:39.864,ALGO/USDT:USDT,0.2568,24887.3,0.2569,8041.5,0.2569,116839126.7,30480593.382
1753460920064,16:28:40.064,ALGO/USDT:USDT,0.2568,22904.2,0.2569,8041.5,0.2569,116839126.7,30480593.382
1753460920163,16:28:40.163,ALGO/USDT:USDT,0.2568,21347.0,0.2569,18526.2,0.2569,116839126.7,30480593.382
1753460920263,16:28:40.263,ALGO/USDT:USDT,0.2568,13901.5,0.2569,18526.2,0.2569,116839126.7,30480593.382
1753460920364,16:28:40.364,ALGO/USDT:USDT,0.2568,13901.5,0.2569,29526.2,0.2569,116839126.7,30480593.382
1753460921163,16:28:41.163,ALGO/USDT:USDT,0.2568,13901.5,0.2569,17506.6,0.2569,116839126.7,30480593.382
1753460921364,16:28:41.364,ALGO/USDT:USDT,0.2568,13901.5,0.2569,18526.2,0.2569,116839126.7,30480593.382
1753460921564,16:28:41.564,ALGO/USDT:USDT,0.2568,13905.0,0.2569,18526.2,0.2569,116839126.7,30480593.382
1753460921663,16:28:41.663,ALGO/USDT:USDT,0.2568,21350.5,0.2569,16487.0,0.2569,116839126.7,30480593.382
1753460921964,16:28:41.964,ALGO/USDT:USDT,0.2568,21350.5,0.2569,18526.2,0.2569,116839126.7,30480593.382
1753460922464,16:28:42.464,ALGO/USDT:USDT,0.2568,1234.5,0.2569,18745.8,0.2569,116839126.7,30480593.382
1753460922564,16:28:42.564,ALGO/USDT:USDT,0.2568,1205.3,0.2569,21269.2,0.2569,116839126.7,30480593.382
1753460922663,16:28:42.663,ALGO/USDT:USDT,0.2568,1274.0,0.2569,21269.2,0.2569,116839126.7,30480593.382
1753460922864,16:28:42.864,ALGO/USDT:USDT,0.2568,1274.0,0.2569,21191.3,0.2569,116839126.7,30480593.382
1753460923064,16:28:43.064,ALGO/USDT:USDT,0.2568,1270.5,0.2569,21191.3,0.2569,116839126.7,30480593.382
1753460923164,16:28:43.164,ALGO/USDT:USDT,0.2568,1274.2,0.2569,21191.3,0.2569,116839126.7,30480593.382
1753460923364,16:28:43.364,ALGO/USDT:USDT,0.2568,1274.2,0.2569,33191.3,0.2569,116839126.7,30480593.382
1753460923663,16:28:43.663,ALGO/USDT:USDT,0.2568,3210.5,0.2569,31765.4,0.2569,116839126.7,30480593.382
1753460923763,16:28:43.763,ALGO/USDT:USDT,0.2568,3162.7,0.2569,31765.4,0.2569,116839126.7,30480593.382
1753460924164,16:28:44.164,ALGO/USDT:USDT,0.2568,1960.9,0.2569,31765.4,0.2569,116839126.7,30480593.382
1753460924263,16:28:44.263,ALGO/USDT:USDT,0.2568,3162.4,0.2569,31765.4,0.2569,116839126.7,30480593.382
1753460924863,16:28:44.863,ALGO/USDT:USDT,0.2568,1273.9,0.2569,38524.9,0.2569,116839126.7,30480593.382
1753460924963,16:28:44.963,ALGO/USDT:USDT,0.2567,30520.5,0.2568,56872.9,0.2568,116840400.6,30480920.5195
1753460925063,16:28:45.063,ALGO/USDT:USDT,0.2567,29.2,0.2568,56872.9,0.2568,116840400.6,30480920.5195
1753460925463,16:28:45.463,ALGO/USDT:USDT,0.2567,33.9,0.2568,56872.9,0.2568,116840400.6,30480920.5195
1753460925563,16:28:45.563,ALGO/USDT:USDT,0.2567,33.9,0.2568,56872.9,0.2568,116840400.6,30480920.5195
1753460925763,16:28:45.763,ALGO/USDT:USDT,0.2567,12704.4,0.2568,43352.3,0.2568,116840400.6,30480920.5195
1753460925863,16:28:45.863,ALGO/USDT:USDT,0.2567,22919.4,0.2568,34867.4,0.2568,116840400.6,30480920.5195
1753460926063,16:28:46.063,ALGO/USDT:USDT,0.2567,22681.4,0.2568,34867.4,0.2568,116840400.6,30480920.5195
1753460926163,16:28:46.163,ALGO/USDT:USDT,0.2567,12704.4,0.2568,36858.0,0.2568,116840400.6,30480920.5195
1753460926264,16:28:46.264,ALGO/USDT:USDT,0.2567,12703.1,0.2568,36858.0,0.2568,116840400.6,30480920.5195
1753460926464,16:28:46.464,ALGO/USDT:USDT,0.2567,12883.2,0.2568,35862.7,0.2568,116840400.6,30480920.5195
1753460926563,16:28:46.563,ALGO/USDT:USDT,0.2567,12883.2,0.2568,36858.0,0.2568,116840400.6,30480920.5195
1753460926763,16:28:46.763,ALGO/USDT:USDT,0.2567,12883.2,0.2568,36858.0,0.2568,116840400.6,30480920.5195
1753460926863,16:28:46.863,ALGO/USDT:USDT,0.2567,20328.7,0.2568,36858.0,0.2568,116840400.6,30480920.5195
1753460926963,16:28:46.963,ALGO/USDT:USDT,0.2567,23098.2,0.2568,23867.4,0.2568,116840400.6,30480920.5195
1753460927063,16:28:47.063,ALGO/USDT:USDT,0.2567,24850.8,0.2568,23867.4,0.2568,116840400.6,30480920.5195
1753460927263,16:28:47.263,ALGO/USDT:USDT,0.2567,23098.2,0.2568,23867.4,0.2568,116840400.6,30480920.5195
1753460927364,16:28:47.364,ALGO/USDT:USDT,0.2567,21107.6,0.2568,23867.4,0.2568,116840400.6,30480920.5195
1753460927564,16:28:47.564,ALGO/USDT:USDT,0.2567,21324.0,0.2568,23867.4,0.2568,116840400.6,30480920.5195
1753460927663,16:28:47.663,ALGO/USDT:USDT,0.2567,22319.3,0.2568,23867.4,0.2568,116840400.6,30480920.5195
1753460927763,16:28:47.763,ALGO/USDT:USDT,0.2567,23098.2,0.2568,23867.4,0.2568,116840400.6,30480920.5195
1753460927864,16:28:47.864,ALGO/USDT:USDT,0.2567,35098.2,0.2568,20918.1,0.2568,116842349.9,30481421.0998
1753460927964,16:28:47.964,ALGO/USDT:USDT,0.2568,19508.4,0.2569,22455.3,0.2568,116842349.9,30481421.0998
1753460928064,16:28:48.064,ALGO/USDT:USDT,0.2568,19508.4,0.2569,16487.0,0.2568,116842349.9,30481421.0998
1753460928164,16:28:48.164,ALGO/USDT:USDT,0.2568,18501.1,0.2569,17494.3,0.2568,116842349.9,30481421.0998
1753460928263,16:28:48.263,ALGO/USDT:USDT,0.2568,19671.1,0.2569,23475.1,0.2568,116842349.9,30481421.0998
1753460928464,16:28:48.464,ALGO/USDT:USDT,0.2568,20449.7,0.2569,23475.1,0.2568,116842349.9,30481421.0998
1753460928564,16:28:48.564,ALGO/USDT:USDT,0.2568,22467.4,0.2569,20711.8,0.2568,116842349.9,30481421.0998
1753460928663,16:28:48.663,ALGO/USDT:USDT,0.2568,22473.6,0.2569,20711.8,0.2568,116842349.9,30481421.0998
1753460928763,16:28:48.763,ALGO/USDT:USDT,0.2568,21466.3,0.2569,20711.8,0.2568,116842349.9,30481421.0998
1753460929063,16:28:49.063,ALGO/USDT:USDT,0.2568,22473.6,0.2569,20711.8,0.2568,116842349.9,30481421.0998
1753460929563,16:28:49.563,ALGO/USDT:USDT,0.2569,12670.5,0.257,27354.2,0.2568,116842349.9,30481421.0998
1753460929663,16:28:49.663,ALGO/USDT:USDT,0.2569,13677.8,0.257,23884.3,0.2568,116842349.9,30481421.0998
1753460929764,16:28:49.764,ALGO/USDT:USDT,0.2569,12670.5,0.257,24891.6,0.2568,116842349.9,30481421.0998
1753460929965,16:28:49.965,ALGO/USDT:USDT,0.2568,23850.7,0.2569,13500.2,0.2568,116842349.9,30481421.0998
1753460930063,16:28:50.063,ALGO/USDT:USDT,0.2568,20928.8,0.2569,13500.2,0.2568,116842349.9,30481421.0998
1753460930664,16:28:50.664,ALGO/USDT:USDT,0.2568,22098.8,0.2569,13500.2,0.2568,116842349.9,30481421.0998
1753460930863,16:28:50.863,ALGO/USDT:USDT,0.2568,22098.8,0.2569,14500.2,0.2568,116842349.9,30481421.0998
1753460930963,16:28:50.963,ALGO/USDT:USDT,0.2568,22098.8,0.2569,15507.5,0.2568,116842349.9,30481421.0998
1753460931064,16:28:51.064,ALGO/USDT:USDT,0.2568,22098.8,0.2569,22948.7,0.2568,116842349.9,30481421.0998
1753460931263,16:28:51.263,ALGO/USDT:USDT,0.2568,22098.8,0.2569,27948.7,0.2568,116842349.9,30481421.0998
1753460931364,16:28:51.364,ALGO/USDT:USDT,0.2568,22098.8,0.2569,22948.7,0.2568,116842349.9,30481421.0998
1753460931463,16:28:51.463,ALGO/USDT:USDT,0.2568,23106.1,0.2569,21941.4,0.2568,116842349.9,30481421.0998
1753460931563,16:28:51.563,ALGO/USDT:USDT,0.2568,24113.4,0.2569,21941.4,0.2568,116842349.9,30481421.0998
1753460931664,16:28:51.664,ALGO/USDT:USDT,0.2568,27874.1,0.2569,21941.4,0.2568,116842349.9,30481421.0998
1753460931763,16:28:51.763,ALGO/USDT:USDT,0.2568,26643.9,0.2569,21941.4,0.2568,116842349.9,30481421.0998
1753460931964,16:28:51.964,ALGO/USDT:USDT,0.2568,28590.5,0.2569,21941.4,0.2568,116842349.9,30481421.0998
1753460932064,16:28:52.064,ALGO/USDT:USDT,0.2569,12718.3,0.257,23884.3,0.2568,116842349.9,30481421.0998
1753460932163,16:28:52.163,ALGO/USDT:USDT,0.2569,47.8,0.257,21896.4,0.2568,116842349.9,30481421.0998
1753460932263,16:28:52.263,ALGO/USDT:USDT,0.2569,47.8,0.257,33896.4,0.2568,116842349.9,30481421.0998
1753460932463,16:28:52.463,ALGO/USDT:USDT,0.2569,47.8,0.257,34280.9,0.2568,116842349.9,30481421.0998
1753460932564,16:28:52.564,ALGO/USDT:USDT,0.2569,47.8,0.257,35288.2,0.2568,116842349.9,30481421.0998
1753460932663,16:28:52.663,ALGO/USDT:USDT,0.2569,47.8,0.257,34280.9,0.2568,116842349.9,30481421.0998
1753460932764,16:28:52.764,ALGO/USDT:USDT,0.2569,47.8,0.257,34280.9,0.2568,116842349.9,30481421.0998
1753460932964,16:28:52.964,ALGO/USDT:USDT,0.2569,47.8,0.257,35288.2,0.2568,116842349.9,30481421.0998
1753460933064,16:28:53.064,ALGO/USDT:USDT,0.2569,47.8,0.257,34280.9,0.2568,116842349.9,30481421.0998
1753460933163,16:28:53.163,ALGO/USDT:USDT,0.2569,1217.8,0.257,34280.9,0.2568,116842349.9,30481421.0998
1753460933264,16:28:53.264,ALGO/USDT:USDT,0.2569,18888.3,0.257,21051.3,0.2568,116842349.9,30481421.0998
1753460933364,16:28:53.364,ALGO/USDT:USDT,0.2569,19888.3,0.257,20044.0,0.2568,116842349.9,30481421.0998
1753460933863,16:28:53.863,ALGO/USDT:USDT,0.2569,31352.6,0.257,11155.6,0.2568,116842349.9,30481421.0998
1753460934363,16:28:54.363,ALGO/USDT:USDT,0.2569,31352.6,0.257,41.0,0.2568,116842349.9,30481421.0998
1753460934464,16:28:54.464,ALGO/USDT:USDT,0.2569,40480.2,0.257,21.5,0.2568,116842349.9,30481421.0998
1753460934564,16:28:54.564,ALGO/USDT:USDT,0.2569,37642.4,0.257,14580.5,0.2568,116893327.1,30494516.085
1753460934663,16:28:54.663,ALGO/USDT:USDT,0.2569,33038.0,0.257,15961.1,0.2568,116893327.1,30494516.085
1753460934863,16:28:54.863,ALGO/USDT:USDT,0.2569,11818.5,0.257,27464.4,0.2568,116893327.1,30494516.085
1753460934963,16:28:54.963,ALGO/USDT:USDT,0.2569,11818.5,0.257,27386.5,0.2568,116893327.1,30494516.085
1753460935063,16:28:55.063,ALGO/USDT:USDT,0.2569,12818.5,0.257,24766.3,0.2568,116893327.1,30494516.085
1753460935164,16:28:55.164,ALGO/USDT:USDT,0.2569,24818.5,0.257,24766.3,0.2568,116893327.1,30494516.085
1753460935364,16:28:55.364,ALGO/USDT:USDT,0.2569,24818.5,0.257,23402.3,0.2568,116893327.1,30494516.085
1753460935463,16:28:55.463,ALGO/USDT:USDT,0.2569,24821.7,0.257,22021.7,0.2568,116893327.1,30494516.085
1753460935663,16:28:55.663,ALGO/USDT:USDT,0.2569,24846.2,0.257,22021.7,0.2568,116893327.1,30494516.085
1753460935780,16:28:55.780,ALGO/USDT:USDT,0.2569,175.7,0.257,26100.4,0.2568,116893327.1,30494516.085
1753460935863,16:28:55.863,ALGO/USDT:USDT,0.2569,175.7,0.257,27525.8,0.2568,116893327.1,30494516.085
1753460936163,16:28:56.163,ALGO/USDT:USDT,0.2569,175.7,0.257,39525.8,0.2568,116893327.1,30494516.085
1753460936763,16:28:56.763,ALGO/USDT:USDT,0.2569,175.7,0.257,39904.2,0.2568,116893327.1,30494516.085
1753460936864,16:28:56.864,ALGO/USDT:USDT,0.2569,175.7,0.257,43601.3,0.2568,116893327.1,30494516.085
1753460936964,16:28:56.964,ALGO/USDT:USDT,0.2569,175.7,0.257,36641.9,0.2568,116893327.1,30494516.085
1753460937064,16:28:57.064,ALGO/USDT:USDT,0.2569,175.7,0.257,38100.4,0.2568,116893327.1,30494516.085
1753460937164,16:28:57.164,ALGO/USDT:USDT,0.2569,175.7,0.257,38217.1,0.2568,116893327.1,30494516.085
1753460937464,16:28:57.464,ALGO/USDT:USDT,0.2569,175.7,0.257,38601.6,0.2568,116893327.1,30494516.085
1753460937564,16:28:57.564,ALGO/USDT:USDT,0.2569,175.7,0.257,38679.5,0.2568,116893327.1,30494516.085
1753460937663,16:28:57.663,ALGO/USDT:USDT,0.2567,21944.6,0.2568,41119.5,0.2568,116898646.5,30495882.1245
1753460937763,16:28:57.763,ALGO/USDT:USDT,0.2566,64761.7,0.2568,55675.0,0.2567,116910546.4,30498936.8288
1753460937863,16:28:57.863,ALGO/USDT:USDT,0.2566,15754.0,0.2567,47924.1,0.2567,116910546.4,30498936.8288
1753460937963,16:28:57.963,ALGO/USDT:USDT,0.2566,4718.0,0.2567,49304.7,0.2567,116910546.4,30498936.8288
1753460938064,16:28:58.064,ALGO/USDT:USDT,0.2566,17388.5,0.2567,47924.1,0.2567,116910546.4,30498936.8288
1753460938163,16:28:58.163,ALGO/USDT:USDT,0.2566,17388.5,0.2567,47924.1,0.2567,116910546.4,30498936.8288
1753460938263,16:28:58.263,ALGO/USDT:USDT,0.2566,27514.8,0.2567,36442.7,0.2567,116910546.4,30498936.8288
1753460938364,16:28:58.364,ALGO/USDT:USDT,0.2566,27514.8,0.2567,39203.9,0.2567,116910546.4,30498936.8288
1753460938463,16:28:58.463,ALGO/USDT:USDT,0.2566,26735.6,0.2567,39203.9,0.2567,116910546.4,30498936.8288
1753460938563,16:28:58.563,ALGO/USDT:USDT,0.2566,26735.6,0.2567,36442.7,0.2567,116910546.4,30498936.8288
1753460938664,16:28:58.664,ALGO/USDT:USDT,0.2566,24830.7,0.2567,36442.7,0.2567,116910546.4,30498936.8288
1753460938763,16:28:58.763,ALGO/USDT:USDT,0.2566,6163.7,0.2567,37823.3,0.2567,116910546.4,30498936.8288
1753460938863,16:28:58.863,ALGO/USDT:USDT,0.2566,17834.2,0.2567,36442.7,0.2567,116910546.4,30498936.8288
1753460938963,16:28:58.963,ALGO/USDT:USDT,0.2566,4718.0,0.2567,39203.9,0.2567,116910546.4,30498936.8288
1753460939163,16:28:59.163,ALGO/USDT:USDT,0.2566,4718.0,0.2567,43203.9,0.2567,116910546.4,30498936.8288
1753460939363,16:28:59.363,ALGO/USDT:USDT,0.2565,18888.0,0.2566,53076.8,0.2566,116915264.4,30500147.4676
1753460939463,16:28:59.463,ALGO/USDT:USDT,0.2565,4082.1,0.2566,53300.9,0.2566,116915264.4,30500147.4676
1753460939563,16:28:59.563,ALGO/USDT:USDT,0.2565,4052.8,0.2566,53300.9,0.2566,116915264.4,30500147.4676
1753460939663,16:28:59.663,ALGO/USDT:USDT,0.2565,4052.8,0.2566,51854.0,0.2566,116915264.4,30500147.4676
1753460939763,16:28:59.763,ALGO/USDT:USDT,0.2565,15723.3,0.2566,51854.0,0.2566,116915264.4,30500147.4676
1753460939864,16:28:59.864,ALGO/USDT:USDT,0.2565,15723.3,0.2566,50494.9,0.2566,116915264.4,30500147.4676
1753460939964,16:28:59.964,ALGO/USDT:USDT,0.2565,24165.5,0.2566,37213.8,0.2566,116915264.4,30500147.4676
1753460940063,16:29:00.063,ALGO/USDT:USDT,0.2565,24165.5,0.2566,5619.7,0.2566,116915264.4,30500147.4676
1753460940163,16:29:00.163,ALGO/USDT:USDT,0.2565,40642.4,0.2566,5619.7,0.2566,116915264.4,30500147.4676
1753460940263,16:29:00.263,ALGO/USDT:USDT,0.2565,43726.9,0.2566,2752.8,0.2566,116915264.4,30500147.4676
1753460940363,16:29:00.363,ALGO/USDT:USDT,0.2566,20951.6,0.2567,32686.5,0.2566,116915264.4,30500147.4676
1753460940564,16:29:00.564,ALGO/USDT:USDT,0.2566,11670.5,0.2567,32686.5,0.2566,116915264.4,30500147.4676
1753460940663,16:29:00.663,ALGO/USDT:USDT,0.2565,62854.0,0.2566,11670.5,0.2566,116915264.4,30500147.4676
1753460940763,16:29:00.763,ALGO/USDT:USDT,0.2565,25031.1,0.2566,12670.5,0.2566,116915264.4,30500147.4676
1753460940863,16:29:00.863,ALGO/USDT:USDT,0.2565,9409.9,0.2566,21393.8,0.2566,116915264.4,30500147.4676
1753460940963,16:29:00.963,ALGO/USDT:USDT,0.2565,21080.4,0.2566,20112.7,0.2566,116915264.4,30500147.4676
1753460941063,16:29:01.063,ALGO/USDT:USDT,0.2565,21859.9,0.2566,20112.7,0.2566,116915264.4,30500147.4676
1753460941163,16:29:01.163,ALGO/USDT:USDT,0.2565,23141.0,0.2566,20112.7,0.2566,116915264.4,30500147.4676
1753460941264,16:29:01.264,ALGO/USDT:USDT,0.2565,21859.9,0.2566,20112.7,0.2566,116915264.4,30500147.4676
1753460941564,16:29:01.564,ALGO/USDT:USDT,0.2566,11670.5,0.2567,34143.1,0.2566,116915264.4,30500147.4676
1753460941664,16:29:01.664,ALGO/USDT:USDT,0.2566,12670.5,0.2567,34143.1,0.2566,116915264.4,30500147.4676
1753460942063,16:29:02.063,ALGO/USDT:USDT,0.2566,11670.5,0.2567,35424.2,0.2566,116915264.4,30500147.4676
1753460942264,16:29:02.264,ALGO/USDT:USDT,0.2566,11679.3,0.2567,35424.2,0.2566,116915264.4,30500147.4676
1753460942363,16:29:02.363,ALGO/USDT:USDT,0.2566,11679.3,0.2567,34143.1,0.2566,116915264.4,30500147.4676
1753460942963,16:29:02.963,ALGO/USDT:USDT,0.2566,11679.3,0.2567,35424.2,0.2566,116915264.4,30500147.4676
1753460943064,16:29:03.064,ALGO/USDT:USDT,0.2566,11679.3,0.2567,34143.1,0.2566,116915264.4,30500147.4676
1753460943163,16:29:03.163,ALGO/USDT:USDT,0.2566,25896.9,0.2567,8330.0,0.2566,116915264.4,30500147.4676
1753460943263,16:29:03.263,ALGO/USDT:USDT,0.2566,30339.3,0.2567,17167.8,0.2566,116915264.4,30500147.4676
1753460943363,16:29:03.363,ALGO/USDT:USDT,0.2567,2832.7,0.2568,96486.3,0.2566,116915264.4,30500147.4676
1753460943463,16:29:03.463,ALGO/USDT:USDT,0.2567,15948.9,0.2568,24434.1,0.2566,116915264.4,30500147.4676
1753460943663,16:29:03.663,ALGO/USDT:USDT,0.2567,16948.9,0.2568,24434.1,0.2566,116915264.4,30500147.4676
1753460943763,16:29:03.763,ALGO/USDT:USDT,0.2567,16948.9,0.2568,20150.7,0.2566,116915264.4,30500147.4676
1753460943963,16:29:03.963,ALGO/USDT:USDT,0.2567,16960.7,0.2568,20150.7,0.2566,116915264.4,30500147.4676
1753460944063,16:29:04.063,ALGO/USDT:USDT,0.2567,26522.9,0.2568,20150.7,0.2566,116915264.4,30500147.4676
1753460944263,16:29:04.263,ALGO/USDT:USDT,0.2567,23960.7,0.2568,20150.7,0.2566,116915264.4,30500147.4676
1753460944363,16:29:04.363,ALGO/USDT:USDT,0.2567,16960.7,0.2568,20150.7,0.2566,116915264.4,30500147.4676
1753460944463,16:29:04.463,ALGO/USDT:USDT,0.2567,16960.7,0.2568,20161.0,0.2566,116915264.4,30500147.4676
1753460944563,16:29:04.563,ALGO/USDT:USDT,0.2567,26878.4,0.2568,49.3,0.2566,116915264.4,30500147.4676
1753460944664,16:29:04.664,ALGO/USDT:USDT,0.2567,32604.8,0.2568,10.3,0.2566,116915264.4,30500147.4676
1753460944763,16:29:04.763,ALGO/USDT:USDT,0.2567,32604.8,0.2568,11.3,0.2566,116915264.4,30500147.4676
1753460944964,16:29:04.964,ALGO/USDT:USDT,0.2567,32996.4,0.2568,11.3,0.2566,116915264.4,30500147.4676
1753460945064,16:29:05.064,ALGO/USDT:USDT,0.2567,41996.4,0.2568,11.3,0.2566,116915264.4,30500147.4676
1753460945264,16:29:05.264,ALGO/USDT:USDT,0.2567,42006.8,0.2568,11.3,0.2566,116915264.4,30500147.4676
1753460945963,16:29:05.963,ALGO/USDT:USDT,0.2568,33286.0,0.2569,28676.3,0.2569,116915848.9,30500297.6245
1753460946063,16:29:06.063,ALGO/USDT:USDT,0.2568,36616.8,0.2569,21235.1,0.2569,116915848.9,30500297.6245
1753460946164,16:29:06.164,ALGO/USDT:USDT,0.2568,37626.7,0.2569,21235.1,0.2569,116915848.9,30500297.6245
1753460946264,16:29:06.264,ALGO/USDT:USDT,0.2568,37626.7,0.2569,9137.8,0.2569,116915848.9,30500297.6245
1753460946363,16:29:06.363,ALGO/USDT:USDT,0.2568,38405.3,0.2569,9137.8,0.2569,116915848.9,30500297.6245
1753460946464,16:29:06.464,ALGO/USDT:USDT,0.2568,38483.2,0.2569,9137.8,0.2569,116915848.9,30500297.6245
1753460946563,16:29:06.563,ALGO/USDT:USDT,0.2568,38405.3,0.2569,9137.8,0.2569,116915848.9,30500297.6245
1753460947164,16:29:07.164,ALGO/USDT:USDT,0.2569,17670.5,0.257,26212.7,0.2569,116915848.9,30500297.6245
1753460947364,16:29:07.364,ALGO/USDT:USDT,0.2569,18670.5,0.257,26212.7,0.2569,116915848.9,30500297.6245
1753460947464,16:29:07.464,ALGO/USDT:USDT,0.2569,15670.5,0.257,20211.1,0.2569,116915848.9,30500297.6245
1753460947564,16:29:07.564,ALGO/USDT:USDT,0.2569,15670.5,0.257,22461.5,0.2569,116915848.9,30500297.6245
1753460947864,16:29:07.864,ALGO/USDT:USDT,0.2569,15703.6,0.257,21185.4,0.2569,116915848.9,30500297.6245
1753460948263,16:29:08.263,ALGO/USDT:USDT,0.2569,16703.6,0.257,21185.4,0.2569,116915848.9,30500297.6245
1753460948664,16:29:08.664,ALGO/USDT:USDT,0.2569,17979.7,0.257,21185.4,0.2569,116915848.9,30500297.6245
1753460948763,16:29:08.763,ALGO/USDT:USDT,0.2569,16703.6,0.257,21185.4,0.2569,116915848.9,30500297.6245
1753460948963,16:29:08.963,ALGO/USDT:USDT,0.2569,16703.6,0.257,20213.2,0.2569,116915848.9,30500297.6245
1753460949064,16:29:09.064,ALGO/USDT:USDT,0.2569,24703.6,0.257,20154.8,0.2569,116915848.9,30500297.6245
1753460949363,16:29:09.363,ALGO/USDT:USDT,0.2569,24703.9,0.257,20154.8,0.2569,116915848.9,30500297.6245
1753460949763,16:29:09.763,ALGO/USDT:USDT,0.2569,24718.8,0.257,20154.8,0.2569,116915848.9,30500297.6245
1753460950064,16:29:10.064,ALGO/USDT:USDT,0.2569,31488.3,0.257,43.1,0.2569,116915848.9,30500297.6245
1753460950263,16:29:10.263,ALGO/USDT:USDT,0.2569,31719.5,0.257,43.1,0.2569,116915848.9,30500297.6245
1753460950363,16:29:10.363,ALGO/USDT:USDT,0.2569,37592.2,0.257,43.1,0.2569,116915848.9,30500297.6245
1753460950463,16:29:10.463,ALGO/USDT:USDT,0.2569,40511.0,0.257,43.1,0.2569,116915848.9,30500297.6245
1753460951264,16:29:11.264,ALGO/USDT:USDT,0.2569,39067.5,0.257,43.1,0.2569,116915848.9,30500297.6245
1753460951664,16:29:11.664,ALGO/USDT:USDT,0.2569,39072.6,0.257,43.1,0.2569,116915848.9,30500297.6245
1753460952064,16:29:12.064,ALGO/USDT:USDT,0.2569,37855.4,0.257,43.1,0.2569,116915848.9,30500297.6245
1753460953164,16:29:13.164,ALGO/USDT:USDT,0.2569,37855.4,0.257,43.1,0.2569,116915848.9,30500297.6245
1753460953663,16:29:13.663,ALGO/USDT:USDT,0.2569,35303.2,0.257,8725.0,0.2569,116915848.9,30500297.6245
1753460953764,16:29:13.764,ALGO/USDT:USDT,0.2569,35303.2,0.257,1260.3,0.2569,116915848.9,30500297.6245
1753460953864,16:29:13.864,ALGO/USDT:USDT,0.2569,36579.3,0.257,1260.3,0.2569,116915848.9,30500297.6245
1753460953964,16:29:13.964,ALGO/USDT:USDT,0.2569,37855.4,0.257,43.1,0.2569,116915848.9,30500297.6245
1753460954063,16:29:14.063,ALGO/USDT:USDT,0.257,27504.5,0.2571,18457.3,0.257,116915892.0,30500308.7012
1753460954163,16:29:14.163,ALGO/USDT:USDT,0.257,29558.6,0.2571,60.9,0.257,116915892.0,30500308.7012
1753460954364,16:29:14.364,ALGO/USDT:USDT,0.257,30524.4,0.2571,60.9,0.257,116915892.0,30500308.7012
1753460954563,16:29:14.563,ALGO/USDT:USDT,0.257,30545.4,0.2571,60.9,0.257,116915892.0,30500308.7012
1753460954764,16:29:14.764,ALGO/USDT:USDT,0.257,30546.4,0.2571,60.9,0.257,116915892.0,30500308.7012
1753460956264,16:29:16.264,ALGO/USDT:USDT,0.257,29270.3,0.2571,1278.1,0.257,116915892.0,30500308.7012
1753460956463,16:29:16.463,ALGO/USDT:USDT,0.257,30546.4,0.2571,1278.1,0.257,116915892.0,30500308.7012
1753460956564,16:29:16.564,ALGO/USDT:USDT,0.257,30546.4,0.2571,60.9,0.257,116915892.0,30500308.7012
1753460956863,16:29:16.863,ALGO/USDT:USDT,0.257,43512.0,0.2571,60.9,0.257,116915892.0,30500308.7012
1753460956964,16:29:16.964,ALGO/USDT:USDT,0.2571,45534.9,0.2572,19403.2,0.2571,116915952.9,30500324.3586
1753460957063,16:29:17.063,ALGO/USDT:USDT,0.2571,41006.8,0.2572,19403.2,0.2571,116915952.9,30500324.3586
1753460957163,16:29:17.163,ALGO/USDT:USDT,0.2571,45892.9,0.2572,19403.2,0.2571,116915952.9,30500324.3586
1753460957264,16:29:17.264,ALGO/USDT:USDT,0.2571,44639.0,0.2572,18403.2,0.2571,116915952.9,30500324.3586
1753460957364,16:29:17.364,ALGO/USDT:USDT,0.2571,42053.6,0.2572,18403.2,0.2571,116915952.9,30500324.3586
1753460957464,16:29:17.464,ALGO/USDT:USDT,0.2571,37945.2,0.2572,18403.2,0.2571,116915952.9,30500324.3586
1753460957664,16:29:17.664,ALGO/USDT:USDT,0.2571,39210.2,0.2572,18403.2,0.2571,116915952.9,30500324.3586
1753460957863,16:29:17.863,ALGO/USDT:USDT,0.2571,37945.2,0.2572,19668.2,0.2571,116915952.9,30500324.3586
1753460957964,16:29:17.964,ALGO/USDT:USDT,0.2571,27544.6,0.2572,21110.0,0.2571,116915952.9,30500324.3586
1753460958063,16:29:18.063,ALGO/USDT:USDT,0.2571,30852.3,0.2572,18403.2,0.2571,116915952.9,30500324.3586
1753460958163,16:29:18.163,ALGO/USDT:USDT,0.2571,30852.3,0.2572,7288.6,0.2571,116915952.9,30500324.3586
1753460958464,16:29:18.464,ALGO/USDT:USDT,0.2571,31083.4,0.2572,26.3,0.2571,116915952.9,30500324.3586
1753460958664,16:29:18.664,ALGO/USDT:USDT,0.2571,31091.8,0.2572,26.3,0.2571,116915952.9,30500324.3586
1753460958764,16:29:18.764,ALGO/USDT:USDT,0.2571,29826.8,0.2572,26.3,0.2571,116915952.9,30500324.3586
1753460958964,16:29:18.964,ALGO/USDT:USDT,0.2571,31091.8,0.2572,26.3,0.2571,116915952.9,30500324.3586
1753460959263,16:29:19.263,ALGO/USDT:USDT,0.2571,29826.8,0.2572,26.3,0.2571,116915952.9,30500324.3586
1753460959363,16:29:19.363,ALGO/USDT:USDT,0.2571,15784.1,0.2572,22851.8,0.2571,116609403.6,30419059.0914
1753460959463,16:29:19.463,ALGO/USDT:USDT,0.2571,4113.8,0.2572,22851.8,0.2571,116609403.6,30419059.0914
1753460959563,16:29:19.563,ALGO/USDT:USDT,0.2571,2855.1,0.2572,22929.6,0.2571,116609403.6,30419059.0914
1753460959663,16:29:19.663,ALGO/USDT:USDT,0.2571,14525.6,0.2572,22851.8,0.2571,116609403.6,30419059.0914
1753460959763,16:29:19.763,ALGO/USDT:USDT,0.2571,14525.6,0.2572,22851.8,0.2571,116609403.6,30419059.0914
1753460959963,16:29:19.963,ALGO/USDT:USDT,0.2571,14535.6,0.2572,21586.8,0.2571,116609403.6,30419059.0914
1753460960263,16:29:20.263,ALGO/USDT:USDT,0.2571,14535.6,0.2572,20321.8,0.2571,116609403.6,30419059.0914
1753460960363,16:29:20.363,ALGO/USDT:USDT,0.2571,2865.1,0.2572,22929.6,0.2571,116609403.6,30419059.0914
1753460960463,16:29:20.463,ALGO/USDT:USDT,0.2571,1865.1,0.2572,24371.4,0.2571,116609403.6,30419059.0914
1753460960563,16:29:20.563,ALGO/USDT:USDT,0.2571,2865.1,0.2572,24371.4,0.2571,116609403.6,30419059.0914
1753460960963,16:29:20.963,ALGO/USDT:USDT,0.2571,2865.1,0.2572,36371.4,0.2571,116609403.6,30419059.0914
1753460961163,16:29:21.163,ALGO/USDT:USDT,0.2571,1865.1,0.2572,36371.4,0.2571,116609403.6,30419059.0914
1753460961363,16:29:21.363,ALGO/USDT:USDT,0.2571,1865.1,0.2572,36293.6,0.2571,116609403.6,30419059.0914
1753460961464,16:29:21.464,ALGO/USDT:USDT,0.2571,1865.1,0.2572,36371.4,0.2571,116609403.6,30419059.0914
1753460961664,16:29:21.664,ALGO/USDT:USDT,0.2571,1876.3,0.2572,36371.4,0.2571,116609403.6,30419059.0914
1753460961763,16:29:21.763,ALGO/USDT:USDT,0.2571,1891.7,0.2572,36371.4,0.2571,116609403.6,30419059.0914
1753460961864,16:29:21.864,ALGO/USDT:USDT,0.2571,86.6,0.2572,36371.4,0.2571,116609403.6,30419059.0914
1753460961963,16:29:21.963,ALGO/USDT:USDT,0.257,19248.5,0.2571,27956.3,0.257,116610570.0,30419358.8649
1753460962063,16:29:22.063,ALGO/USDT:USDT,0.257,18468.6,0.2571,27878.4,0.257,116610570.0,30419358.8649
1753460962163,16:29:22.163,ALGO/USDT:USDT,0.257,13852.0,0.2571,15878.4,0.257,116610570.0,30419358.8649
1753460962264,16:29:22.264,ALGO/USDT:USDT,0.257,13852.0,0.2571,14664.4,0.257,116610570.0,30419358.8649
1753460962464,16:29:22.464,ALGO/USDT:USDT,0.257,13852.0,0.2571,15891.4,0.257,116610570.0,30419358.8649
1753460962563,16:29:22.563,ALGO/USDT:USDT,0.257,13861.9,0.2571,15891.4,0.257,116610570.0,30419358.8649
1753460963264,16:29:23.264,ALGO/USDT:USDT,0.257,13861.9,0.2571,14664.4,0.257,116610570.0,30419358.8649
1753460963364,16:29:23.364,ALGO/USDT:USDT,0.257,13861.9,0.2571,15891.4,0.257,116610570.0,30419358.8649
1753460964363,16:29:24.363,ALGO/USDT:USDT,0.257,13861.9,0.2571,14677.4,0.257,116610570.0,30419358.8649
1753460964464,16:29:24.464,ALGO/USDT:USDT,0.257,13861.9,0.2571,13450.4,0.257,116610570.0,30419358.8649
1753460964563,16:29:24.563,ALGO/USDT:USDT,0.257,13861.9,0.2571,15904.4,0.257,116610570.0,30419358.8649
1753460964764,16:29:24.764,ALGO/USDT:USDT,0.257,21269.7,0.2571,12670.5,0.257,116610570.0,30419358.8649
1753460964964,16:29:24.964,ALGO/USDT:USDT,0.2571,14503.2,0.2572,34281.4,0.257,116610570.0,30419358.8649
1753460965063,16:29:25.063,ALGO/USDT:USDT,0.2571,16434.9,0.2572,34475.8,0.257,116610570.0,30419358.8649
1753460965163,16:29:25.163,ALGO/USDT:USDT,0.2571,4764.4,0.2572,33574.6,0.257,116610570.0,30419358.8649
1753460965263,16:29:25.263,ALGO/USDT:USDT,0.2571,1931.7,0.2572,36028.6,0.257,116610570.0,30419358.8649
1753460965564,16:29:25.564,ALGO/USDT:USDT,0.2571,1944.7,0.2572,36028.6,0.257,116610570.0,30419358.8649
1753460965763,16:29:25.763,ALGO/USDT:USDT,0.2571,1944.7,0.2572,36045.8,0.257,116610570.0,30419358.8649
1753460966463,16:29:26.463,ALGO/USDT:USDT,0.2571,13615.2,0.2572,21980.6,0.257,116610570.0,30419358.8649
1753460966564,16:29:26.564,ALGO/USDT:USDT,0.2571,13615.2,0.2572,21591.8,0.257,116610570.0,30419358.8649
1753460966664,16:29:26.664,ALGO/USDT:USDT,0.2571,1944.7,0.2572,22818.8,0.257,116610570.0,30419358.8649
1753460966864,16:29:26.864,ALGO/USDT:USDT,0.2571,1956.9,0.2572,36028.6,0.257,116610570.0,30419358.8649
1753460966964,16:29:26.964,ALGO/USDT:USDT,0.2571,1969.3,0.2572,36028.6,0.257,116610570.0,30419358.8649
1753460967064,16:29:27.064,ALGO/USDT:USDT,0.2571,3857.8,0.2572,24028.6,0.257,116610570.0,30419358.8649
1753460967163,16:29:27.163,ALGO/USDT:USDT,0.2571,17624.1,0.2572,21516.2,0.257,116610570.0,30419358.8649
1753460967263,16:29:27.263,ALGO/USDT:USDT,0.2571,16528.3,0.2572,21516.2,0.257,116610570.0,30419358.8649
1753460967563,16:29:27.563,ALGO/USDT:USDT,0.2571,4857.8,0.2572,23970.2,0.257,116610570.0,30419358.8649
1753460967763,16:29:27.763,ALGO/USDT:USDT,0.2571,4857.8,0.2572,22743.2,0.257,116610570.0,30419358.8649
1753460967863,16:29:27.863,ALGO/USDT:USDT,0.2571,29755.3,0.2572,21516.2,0.257,116610570.0,30419358.8649
1753460967964,16:29:27.964,ALGO/USDT:USDT,0.2571,28528.3,0.2572,21516.2,0.257,116610570.0,30419358.8649
1753460968163,16:29:28.163,ALGO/USDT:USDT,0.2571,16528.3,0.2572,22548.8,0.257,116610570.0,30419358.8649
1753460968464,16:29:28.464,ALGO/USDT:USDT,0.2571,16528.3,0.2572,21321.8,0.257,116610570.0,30419358.8649
1753460968663,16:29:28.663,ALGO/USDT:USDT,0.2571,16528.3,0.2572,23775.8,0.257,116610570.0,30419358.8649
1753460968764,16:29:28.764,ALGO/USDT:USDT,0.2571,16528.3,0.2572,22548.8,0.257,116610570.0,30419358.8649
1753460968864,16:29:28.864,ALGO/USDT:USDT,0.2571,16528.3,0.2572,21321.8,0.257,116610570.0,30419358.8649
1753460969163,16:29:29.163,ALGO/USDT:USDT,0.2571,26936.6,0.2572,12914.0,0.257,116610570.0,30419358.8649
1753460969564,16:29:29.564,ALGO/USDT:USDT,0.2571,27207.3,0.2572,12914.0,0.257,116610570.0,30419358.8649
1753460969763,16:29:29.763,ALGO/USDT:USDT,0.2571,34413.8,0.2572,26.3,0.257,116610570.0,30419358.8649
1753460969864,16:29:29.864,ALGO/USDT:USDT,0.2571,34336.0,0.2572,26.3,0.257,116610570.0,30419358.8649
1753460969963,16:29:29.963,ALGO/USDT:USDT,0.2571,34434.8,0.2572,26.3,0.257,116610570.0,30419358.8649
1753460970263,16:29:30.263,ALGO/USDT:USDT,0.2571,34434.8,0.2572,26.3,0.257,116610570.0,30419358.8649
1753460970764,16:29:30.764,ALGO/USDT:USDT,0.2571,46350.1,0.2572,26.3,0.257,116610570.0,30419358.8649
1753460970864,16:29:30.864,ALGO/USDT:USDT,0.2571,48372.3,0.2572,26.3,0.257,116610570.0,30419358.8649
1753460970963,16:29:30.963,ALGO/USDT:USDT,0.2571,37915.0,0.2572,26.3,0.257,116610570.0,30419358.8649
1753460971063,16:29:31.063,ALGO/USDT:USDT,0.2571,28968.5,0.2572,11696.8,0.257,116610570.0,30419358.8649
1753460971163,16:29:31.163,ALGO/USDT:USDT,0.2571,27024.2,0.2572,11696.8,0.257,116610570.0,30419358.8649
1753460971263,16:29:31.263,ALGO/USDT:USDT,0.2571,26246.5,0.2572,11696.8,0.257,116610570.0,30419358.8649
1753460971464,16:29:31.464,ALGO/USDT:USDT,0.2571,29749.3,0.2572,26.3,0.257,116610570.0,30419358.8649
1753460971564,16:29:31.564,ALGO/USDT:USDT,0.2571,30276.2,0.2572,26.3,0.257,116610570.0,30419358.8649
1753460971763,16:29:31.763,ALGO/USDT:USDT,0.2571,39767.7,0.2572,26.3,0.257,116610570.0,30419358.8649
1753460971863,16:29:31.863,ALGO/USDT:USDT,0.2571,29767.7,0.2572,26.3,0.257,116610570.0,30419358.8649
1753460972163,16:29:32.163,ALGO/USDT:USDT,0.2571,27313.7,0.2572,11696.8,0.257,116610570.0,30419358.8649
1753460972264,16:29:32.264,ALGO/USDT:USDT,0.2571,24786.2,0.2572,11696.8,0.257,116610570.0,30419358.8649
1753460972563,16:29:32.563,ALGO/USDT:USDT,0.2571,17610.7,0.2572,19873.4,0.257,116610570.0,30419358.8649
1753460972663,16:29:32.663,ALGO/USDT:USDT,0.2571,16812.0,0.2572,23769.2,0.257,116610570.0,30419358.8649
1753460972764,16:29:32.764,ALGO/USDT:USDT,0.2571,16812.0,0.2572,35769.2,0.257,116610570.0,30419358.8649
1753460973064,16:29:33.064,ALGO/USDT:USDT,0.2571,16812.0,0.2572,23769.2,0.257,116610570.0,30419358.8649
1753460973363,16:29:33.363,ALGO/USDT:USDT,0.2571,16812.4,0.2572,23769.2,0.257,116610570.0,30419358.8649
1753460973663,16:29:33.663,ALGO/USDT:USDT,0.2571,4141.9,0.2572,23769.2,0.257,116610570.0,30419358.8649
1753460973763,16:29:33.763,ALGO/USDT:USDT,0.2571,4141.9,0.2572,35769.2,0.257,116610570.0,30419358.8649
1753460973863,16:29:33.863,ALGO/USDT:USDT,0.2571,15812.4,0.2572,35743.1,0.2572,116610596.1,30419365.5778
1753460973964,16:29:33.964,ALGO/USDT:USDT,0.2571,15812.4,0.2572,35743.1,0.2572,116610596.1,30419365.5778
1753460974064,16:29:34.064,ALGO/USDT:USDT,0.2571,15812.4,0.2572,22301.3,0.2572,116610596.1,30419365.5778
1753460974163,16:29:34.163,ALGO/USDT:USDT,0.2571,16812.4,0.2572,19847.3,0.2572,116610596.1,30419365.5778
1753460974263,16:29:34.263,ALGO/USDT:USDT,0.2571,25205.1,0.2572,19847.3,0.2572,116610596.1,30419365.5778
1753460974464,16:29:34.464,ALGO/USDT:USDT,0.2571,25205.1,0.2572,19847.3,0.2572,116610596.1,30419365.5778
1753460974664,16:29:34.664,ALGO/USDT:USDT,0.2571,26421.2,0.2572,19847.3,0.2572,116610596.1,30419365.5778
1753460974764,16:29:34.764,ALGO/USDT:USDT,0.2571,25205.1,0.2572,19847.3,0.2572,116610596.1,30419365.5778
1753460974964,16:29:34.964,ALGO/USDT:USDT,0.2571,26421.2,0.2572,19847.3,0.2572,116610596.1,30419365.5778
1753460975064,16:29:35.064,ALGO/USDT:USDT,0.2571,25205.1,0.2572,19847.3,0.2572,116610596.1,30419365.5778
1753460975263,16:29:35.263,ALGO/USDT:USDT,0.2571,23989.0,0.2572,19847.3,0.2572,116610596.1,30419365.5778
1753460975463,16:29:35.463,ALGO/USDT:USDT,0.2571,25205.1,0.2572,19847.3,0.2572,116610596.1,30419365.5778
1753460975664,16:29:35.664,ALGO/USDT:USDT,0.2571,16881.1,0.2572,22279.5,0.2572,116610596.1,30419365.5778
1753460975764,16:29:35.764,ALGO/USDT:USDT,0.2571,25273.8,0.2572,12670.7,0.2572,116610596.1,30419365.5778
1753460975863,16:29:35.863,ALGO/USDT:USDT,0.2571,27498.7,0.2572,11670.7,0.2572,116610596.1,30419365.5778
1753460976363,16:29:36.363,ALGO/USDT:USDT,0.2571,28276.4,0.2572,0.2,0.2572,116610596.1,30419365.5778
1753460976463,16:29:36.463,ALGO/USDT:USDT,0.2571,31970.5,0.2572,0.2,0.2572,116610596.1,30419365.5778
1753460976664,16:29:36.664,ALGO/USDT:USDT,0.2571,29248.5,0.2572,0.2,0.2572,116610596.1,30419365.5778
1753460976764,16:29:36.764,ALGO/USDT:USDT,0.2571,41248.5,0.2572,0.2,0.2572,116610596.1,30419365.5778
1753460976863,16:29:36.863,ALGO/USDT:USDT,0.2571,43970.5,0.2572,0.2,0.2572,116610596.1,30419365.5778
1753460977264,16:29:37.264,ALGO/USDT:USDT,0.2571,33914.9,0.2572,0.2,0.2572,116610596.1,30419365.5778
1753460977364,16:29:37.364,ALGO/USDT:USDT,0.2571,24288.8,0.2572,24366.7,0.2572,116610596.1,30419365.5778
1753460977564,16:29:37.564,ALGO/USDT:USDT,0.2571,27498.7,0.2572,12885.3,0.2572,116610596.1,30419365.5778
1753460977764,16:29:37.764,ALGO/USDT:USDT,0.2571,16881.1,0.2572,27317.5,0.2572,116610596.1,30419365.5778
1753460978164,16:29:38.164,ALGO/USDT:USDT,0.2571,16881.1,0.2572,16317.5,0.2572,116610596.1,30419365.5778
1753460978263,16:29:38.263,ALGO/USDT:USDT,0.2571,16881.1,0.2572,23668.9,0.2572,116610596.1,30419365.5778
1753460978464,16:29:38.464,ALGO/USDT:USDT,0.2571,16881.1,0.2572,21236.7,0.2572,116610596.1,30419365.5778
1753460978564,16:29:38.564,ALGO/USDT:USDT,0.2571,16881.1,0.2572,22452.8,0.2572,116610596.1,30419365.5778
1753460978663,16:29:38.663,ALGO/USDT:USDT,0.2571,26664.7,0.2572,20236.7,0.2572,116610596.1,30419365.5778
1753460978763,16:29:38.763,ALGO/USDT:USDT,0.2571,42942.2,0.2572,0.2,0.2572,116610596.1,30419365.5778
1753460979364,16:29:39.364,ALGO/USDT:USDT,0.2571,45858.6,0.2572,0.2,0.2572,116610596.1,30419365.5778
1753460979664,16:29:39.664,ALGO/USDT:USDT,0.2571,46327.4,0.2572,0.2,0.2572,116610596.1,30419365.5778
1753460979863,16:29:39.863,ALGO/USDT:USDT,0.2571,46327.9,0.2572,0.2,0.2572,116610596.1,30419365.5778
1753460980263,16:29:40.263,ALGO/USDT:USDT,0.2571,46716.7,0.2572,0.2,0.2572,116610596.1,30419365.5778
1753460980363,16:29:40.363,ALGO/USDT:USDT,0.2571,52924.3,0.2572,0.2,0.2572,116610596.1,30419365.5778
1753460980464,16:29:40.464,ALGO/USDT:USDT,0.2571,53458.8,0.2572,0.2,0.2572,116610596.1,30419365.5778
1753460980664,16:29:40.664,ALGO/USDT:USDT,0.2571,73753.8,0.2572,0.2,0.2572,116610596.1,30419365.5778
1753460980763,16:29:40.763,ALGO/USDT:USDT,0.2571,74920.7,0.2572,0.2,0.2572,116610596.1,30419365.5778
1753460980864,16:29:40.864,ALGO/USDT:USDT,0.2571,75714.0,0.2572,0.2,0.2572,116610596.1,30419365.5778
1753460980963,16:29:40.963,ALGO/USDT:USDT,0.2571,63387.2,0.2572,0.2,0.2572,116610596.1,30419365.5778
1753460981064,16:29:41.064,ALGO/USDT:USDT,0.2571,64360.4,0.2572,0.2,0.2572,116610596.1,30419365.5778
1753460981163,16:29:41.163,ALGO/USDT:USDT,0.2571,63601.9,0.2572,0.2,0.2572,116610596.1,30419365.5778
1753460981264,16:29:41.264,ALGO/USDT:USDT,0.2571,60943.5,0.2572,0.2,0.2572,116610596.1,30419365.5778
1753460981363,16:29:41.363,ALGO/USDT:USDT,0.2571,63708.9,0.2572,8.0,0.2572,116610596.1,30419365.5778
1753460981863,16:29:41.863,ALGO/USDT:USDT,0.2571,53890.7,0.2572,8687.3,0.2572,116610596.1,30419365.5778
1753460981964,16:29:41.964,ALGO/USDT:USDT,0.2571,48817.6,0.2572,8687.3,0.2572,116610596.1,30419365.5778
1753460982064,16:29:42.064,ALGO/USDT:USDT,0.2571,51249.8,0.2572,8.0,0.2572,116610596.1,30419365.5778
1753460982164,16:29:42.164,ALGO/USDT:USDT,0.2571,51266.1,0.2572,0.2,0.2572,116610596.1,30419365.5778
1753460982663,16:29:42.663,ALGO/USDT:USDT,0.2571,61985.3,0.2572,0.2,0.2572,116610596.1,30419365.5778
1753460982764,16:29:42.764,ALGO/USDT:USDT,0.2571,67818.1,0.2572,0.2,0.2572,116610596.1,30419365.5778
1753460982864,16:29:42.864,ALGO/USDT:USDT,0.2571,69761.4,0.2572,0.2,0.2572,116610596.1,30419365.5778
1753460983063,16:29:43.063,ALGO/USDT:USDT,0.2571,72370.6,0.2572,0.2,0.2572,116610596.1,30419365.5778
1753460983163,16:29:43.163,ALGO/USDT:USDT,0.2571,66454.8,0.2572,0.2,0.2572,116610596.1,30419365.5778
1753460983264,16:29:43.264,ALGO/USDT:USDT,0.2571,62679.4,0.2572,0.2,0.2572,116610596.1,30419365.5778
1753460983463,16:29:43.463,ALGO/USDT:USDT,0.2571,58690.7,0.2572,4938.5,0.2572,116610596.1,30419365.5778
1753460983563,16:29:43.563,ALGO/USDT:USDT,0.2572,24119.3,0.2573,1290.6,0.2572,116615534.6,30420635.76
1753460983664,16:29:43.664,ALGO/USDT:USDT,0.2572,35384.0,0.2573,1290.6,0.2572,116615534.6,30420635.76
1753460984063,16:29:44.063,ALGO/USDT:USDT,0.2572,22854.6,0.2573,20312.5,0.2572,116615534.6,30420635.76
1753460984563,16:29:44.563,ALGO/USDT:USDT,0.2572,23323.2,0.2573,20312.5,0.2572,116615534.6,30420635.76
1753460984663,16:29:44.663,ALGO/USDT:USDT,0.2572,33323.2,0.2573,20312.5,0.2572,116615534.6,30420635.76
1753460984864,16:29:44.864,ALGO/USDT:USDT,0.2572,33594.5,0.2573,20312.5,0.2572,116615534.6,30420635.76
1753460985163,16:29:45.163,ALGO/USDT:USDT,0.2572,36123.9,0.2573,76.0,0.2572,116615534.6,30420635.76
1753460985263,16:29:45.263,ALGO/USDT:USDT,0.2572,37955.1,0.2573,76.0,0.2572,116615534.6,30420635.76
1753460985364,16:29:45.364,ALGO/USDT:USDT,0.2572,37428.2,0.2573,76.0,0.2572,116615534.6,30420635.76
1753460985664,16:29:45.664,ALGO/USDT:USDT,0.2572,39428.2,0.2573,76.0,0.2572,116615534.6,30420635.76
1753460985864,16:29:45.864,ALGO/USDT:USDT,0.2572,39981.9,0.2573,76.0,0.2572,116615534.6,30420635.76
1753460986064,16:29:46.064,ALGO/USDT:USDT,0.2572,37981.9,0.2573,76.0,0.2572,116615534.6,30420635.76
1753460986164,16:29:46.164,ALGO/USDT:USDT,0.2572,24925.6,0.2573,12960.3,0.2572,116615534.6,30420635.76
1753460986263,16:29:46.263,ALGO/USDT:USDT,0.2572,16328.2,0.2573,28349.5,0.2572,116615534.6,30420635.76
1753460986564,16:29:46.564,ALGO/USDT:USDT,0.2572,23679.6,0.2573,21311.7,0.2572,116615534.6,30420635.76
1753460986663,16:29:46.663,ALGO/USDT:USDT,0.2572,23676.9,0.2573,23841.1,0.2572,116615534.6,30420635.76
1753460986764,16:29:46.764,ALGO/USDT:USDT,0.2572,4655.0,0.2573,28349.5,0.2572,116615534.6,30420635.76
1753460986864,16:29:46.864,ALGO/USDT:USDT,0.2572,3655.0,0.2573,28349.5,0.2572,116615534.6,30420635.76
1753460986964,16:29:46.964,ALGO/USDT:USDT,0.2572,822.3,0.2573,28427.3,0.2572,116615534.6,30420635.76
1753460987063,16:29:47.063,ALGO/USDT:USDT,0.2572,233.7,0.2573,40427.3,0.2572,116616123.2,30420787.1479
1753460987163,16:29:47.163,ALGO/USDT:USDT,0.2571,14804.2,0.2572,54292.4,0.2571,116616916.3,30420991.0773
1753460987263,16:29:47.263,ALGO/USDT:USDT,0.2571,1068.8,0.2572,56111.1,0.2571,116616916.3,30420991.0773
1753460987363,16:29:47.363,ALGO/USDT:USDT,0.2571,1010.4,0.2572,56111.1,0.2571,116616916.3,30420991.0773
1753460987763,16:29:47.763,ALGO/USDT:USDT,0.2571,1010.4,0.2572,55732.7,0.2571,116616916.3,30420991.0773
1753460988164,16:29:48.164,ALGO/USDT:USDT,0.2571,1011.4,0.2572,55732.7,0.2571,116616916.3,30420991.0773
1753460988263,16:29:48.263,ALGO/USDT:USDT,0.2571,1011.4,0.2572,55732.7,0.2571,116616916.3,30420991.0773
1753460988564,16:29:48.564,ALGO/USDT:USDT,0.2571,12681.9,0.2572,52240.2,0.2571,116616916.3,30420991.0773
1753460988764,16:29:48.764,ALGO/USDT:USDT,0.2571,1011.4,0.2572,53377.6,0.2571,116616916.3,30420991.0773
1753460988963,16:29:48.963,ALGO/USDT:USDT,0.2571,15343.0,0.2572,33758.8,0.2571,116616916.3,30420991.0773
1753460989063,16:29:49.063,ALGO/USDT:USDT,0.2571,22457.2,0.2572,26029.0,0.2571,116616916.3,30420991.0773
1753460989464,16:29:49.464,ALGO/USDT:USDT,0.2571,22457.2,0.2572,26029.0,0.2571,116616916.3,30420991.0773
1753460989564,16:29:49.564,ALGO/USDT:USDT,0.2571,34457.2,0.2572,26029.0,0.2571,116616916.3,30420991.0773
1753460989664,16:29:49.664,ALGO/USDT:USDT,0.2571,36121.5,0.2572,26029.0,0.2571,116616916.3,30420991.0773
1753460989763,16:29:49.763,ALGO/USDT:USDT,0.2571,36879.4,0.2572,26029.0,0.2571,116616916.3,30420991.0773
1753460989964,16:29:49.964,ALGO/USDT:USDT,0.2571,36412.6,0.2572,26029.0,0.2571,116616916.3,30420991.0773
1753460990064,16:29:50.064,ALGO/USDT:USDT,0.2571,35885.7,0.2572,26029.0,0.2571,116616916.3,30420991.0773
1753460990163,16:29:50.163,ALGO/USDT:USDT,0.2571,41465.7,0.2572,22162.1,0.2571,116616916.3,30420991.0773
1753460990263,16:29:50.263,ALGO/USDT:USDT,0.2571,37993.4,0.2572,16584.9,0.2571,116616916.3,30420991.0773
1753460990364,16:29:50.364,ALGO/USDT:USDT,0.2571,22457.2,0.2572,26973.9,0.2571,116616916.3,30420991.0773
1753460990464,16:29:50.464,ALGO/USDT:USDT,0.2571,24372.3,0.2572,24699.1,0.2571,116616916.3,30420991.0773
1753460990563,16:29:50.563,ALGO/USDT:USDT,0.2571,35234.9,0.2572,24699.1,0.2571,116616916.3,30420991.0773
1753460990664,16:29:50.664,ALGO/USDT:USDT,0.2571,38756.0,0.2572,24699.1,0.2571,116616916.3,30420991.0773
1753460990964,16:29:50.964,ALGO/USDT:USDT,0.2571,38756.0,0.2572,24699.1,0.2571,116616916.3,30420991.0773
1753460991063,16:29:51.063,ALGO/USDT:USDT,0.2571,37618.6,0.2572,24699.1,0.2571,116616916.3,30420991.0773
1753460991263,16:29:51.263,ALGO/USDT:USDT,0.2571,25618.6,0.2572,24699.1,0.2571,116616916.3,30420991.0773
1753460991364,16:29:51.364,ALGO/USDT:USDT,0.2571,22457.2,0.2572,26973.9,0.2571,116616916.3,30420991.0773
1753460991563,16:29:51.563,ALGO/USDT:USDT,0.2571,36372.3,0.2572,12618.3,0.2571,116616916.3,30420991.0773
1753460991663,16:29:51.663,ALGO/USDT:USDT,0.2571,38287.4,0.2572,947.8,0.2571,116616916.3,30420991.0773
1753460991763,16:29:51.763,ALGO/USDT:USDT,0.2571,39065.1,0.2572,947.8,0.2571,116616916.3,30420991.0773
1753460991964,16:29:51.964,ALGO/USDT:USDT,0.2571,39592.0,0.2572,947.8,0.2571,116616916.3,30420991.0773
1753460992063,16:29:52.063,ALGO/USDT:USDT,0.2571,39592.0,0.2572,12618.3,0.2571,116616916.3,30420991.0773
1753460992164,16:29:52.164,ALGO/USDT:USDT,0.2571,39592.0,0.2572,947.8,0.2571,116616916.3,30420991.0773
1753460992463,16:29:52.463,ALGO/USDT:USDT,0.2571,39592.0,0.2572,947.8,0.2571,116616916.3,30420991.0773
1753460992563,16:29:52.563,ALGO/USDT:USDT,0.2572,12670.5,0.2573,73355.4,0.2573,116617962.9,30421260.2727
1753460992664,16:29:52.664,ALGO/USDT:USDT,0.2572,20817.2,0.2573,19809.5,0.2573,116618530.9,30421406.4191
1753460992863,16:29:52.863,ALGO/USDT:USDT,0.2572,23144.0,0.2573,19809.5,0.2573,116618530.9,30421406.4191
1753460992963,16:29:52.963,ALGO/USDT:USDT,0.2572,28010.8,0.2573,19809.5,0.2573,116618530.9,30421406.4191
1753460993063,16:29:53.063,ALGO/USDT:USDT,0.2572,26907.2,0.2573,19809.5,0.2573,116618530.9,30421406.4191
1753460993163,16:29:53.163,ALGO/USDT:USDT,0.2572,25609.2,0.2573,19809.5,0.2573,116618530.9,30421406.4191
1753460993363,16:29:53.363,ALGO/USDT:USDT,0.2572,25609.2,0.2573,19431.1,0.2573,116618530.9,30421406.4191
1753460993664,16:29:53.664,ALGO/USDT:USDT,0.2573,12636.3,0.2574,32426.2,0.2573,116618530.9,30421406.4191
1753460993764,16:29:53.764,ALGO/USDT:USDT,0.2573,12636.3,0.2574,33529.8,0.2573,116618530.9,30421406.4191
1753460993864,16:29:53.864,ALGO/USDT:USDT,0.2573,12636.3,0.2574,32426.2,0.2573,116618530.9,30421406.4191
1753460993964,16:29:53.964,ALGO/USDT:USDT,0.2573,13636.3,0.2574,29611.6,0.2573,116618530.9,30421406.4191
1753460994163,16:29:54.163,ALGO/USDT:USDT,0.2573,13636.3,0.2574,30715.2,0.2573,116618530.9,30421406.4191
1753460994264,16:29:54.264,ALGO/USDT:USDT,0.2573,13636.3,0.2574,20276.7,0.2573,116618530.9,30421406.4191
1753460994564,16:29:54.564,ALGO/USDT:USDT,0.2573,24636.3,0.2574,20276.7,0.2573,116618530.9,30421406.4191
1753460994764,16:29:54.764,ALGO/USDT:USDT,0.2573,13636.3,0.2574,21380.3,0.2573,116618530.9,30421406.4191
1753460994863,16:29:54.863,ALGO/USDT:USDT,0.2573,13722.2,0.2574,20276.7,0.2573,116618530.9,30421406.4191
1753460994963,16:29:54.963,ALGO/USDT:USDT,0.2573,1051.7,0.2574,23698.7,0.2573,116618530.9,30421406.4191
1753460995064,16:29:55.064,ALGO/USDT:USDT,0.2573,2681.3,0.2574,26841.9,0.2573,116618530.9,30421406.4191
1753460995163,16:29:55.163,ALGO/USDT:USDT,0.2573,15351.8,0.2574,23342.1,0.2573,116618530.9,30421406.4191
1753460995263,16:29:55.263,ALGO/USDT:USDT,0.2573,16128.9,0.2574,20276.7,0.2573,116618530.9,30421406.4191
1753460995563,16:29:55.563,ALGO/USDT:USDT,0.2573,30347.4,0.2574,12034.7,0.2573,116618530.9,30421406.4191
1753460995663,16:29:55.663,ALGO/USDT:USDT,0.2573,31029.8,0.2574,12034.7,0.2573,116618530.9,30421406.4191
1753460995763,16:29:55.763,ALGO/USDT:USDT,0.2573,13733.5,0.2574,25532.7,0.2573,116618530.9,30421406.4191
1753460995963,16:29:55.963,ALGO/USDT:USDT,0.2573,13854.2,0.2574,25532.7,0.2573,116618530.9,30421406.4191
1753460996364,16:29:56.364,ALGO/USDT:USDT,0.2573,21745.5,0.2574,24429.1,0.2573,116618530.9,30421406.4191
1753460996464,16:29:56.464,ALGO/USDT:USDT,0.2573,21745.5,0.2574,13413.1,0.2573,116618530.9,30421406.4191
1753460997463,16:29:57.463,ALGO/USDT:USDT,0.2573,34728.4,0.2574,13413.1,0.2573,116618530.9,30421406.4191
1753460997564,16:29:57.564,ALGO/USDT:USDT,0.2573,36730.3,0.2574,920.1,0.2573,116618530.9,30421406.4191
1753460997663,16:29:57.663,ALGO/USDT:USDT,0.2573,41919.9,0.2574,920.1,0.2573,116618530.9,30421406.4191
1753460998063,16:29:58.063,ALGO/USDT:USDT,0.2573,38034.3,0.2574,920.1,0.2573,116618530.9,30421406.4191
1753460998164,16:29:58.164,ALGO/USDT:USDT,0.2573,38265.1,0.2574,920.1,0.2573,116618530.9,30421406.4191
1753460998264,16:29:58.264,ALGO/USDT:USDT,0.2573,38265.1,0.2574,933.0,0.2573,116618530.9,30421406.4191
1753460998363,16:29:58.363,ALGO/USDT:USDT,0.2573,42150.7,0.2574,933.0,0.2573,116618530.9,30421406.4191
1753460998464,16:29:58.464,ALGO/USDT:USDT,0.2573,43284.5,0.2574,933.0,0.2573,116618530.9,30421406.4191
1753460998764,16:29:58.764,ALGO/USDT:USDT,0.2573,39398.9,0.2574,933.0,0.2573,116618530.9,30421406.4191
1753460999164,16:29:59.164,ALGO/USDT:USDT,0.2573,43284.5,0.2574,933.0,0.2573,116618530.9,30421406.4191
1753460999263,16:29:59.263,ALGO/USDT:USDT,0.2573,39418.3,0.2574,933.0,0.2573,116618530.9,30421406.4191
1753460999364,16:29:59.364,ALGO/USDT:USDT,0.2573,43303.9,0.2574,933.0,0.2573,116618530.9,30421406.4191
1753460999564,16:29:59.564,ALGO/USDT:USDT,0.2573,38314.7,0.2574,933.0,0.2573,116618530.9,30421406.4191
1753460999664,16:29:59.664,ALGO/USDT:USDT,0.2573,38891.4,0.2574,933.0,0.2573,116618530.9,30421406.4191
1753460999864,16:29:59.864,ALGO/USDT:USDT,0.2573,42777.0,0.2574,933.0,0.2573,116618530.9,30421406.4191
1753461000063,16:30:00.063,ALGO/USDT:USDT,0.2573,41673.4,0.2574,933.0,0.2573,116618530.9,30421406.4191
1753461000163,16:30:00.163,ALGO/USDT:USDT,0.2573,3345.3,0.2574,24428.3,0.2573,116618530.9,30421406.4191
1753461000263,16:30:00.263,ALGO/USDT:USDT,0.2573,4355.2,0.2574,24428.3,0.2573,116618530.9,30421406.4191
1753461000364,16:30:00.364,ALGO/USDT:USDT,0.2573,16248.6,0.2574,25870.2,0.2573,116618530.9,30421406.4191
1753461000464,16:30:00.464,ALGO/USDT:USDT,0.2573,16248.6,0.2574,24688.8,0.2573,116618530.9,30421406.4191
1753461000563,16:30:00.563,ALGO/USDT:USDT,0.2573,16248.6,0.2574,25792.4,0.2573,116618530.9,30421406.4191
1753461000663,16:30:00.663,ALGO/USDT:USDT,0.2574,5047.5,0.2575,27124.8,0.2574,116620678.7,30421959.2628
1753461000763,16:30:00.763,ALGO/USDT:USDT,0.2574,3832.7,0.2575,27066.4,0.2574,116620678.7,30421959.2628
1753461000863,16:30:00.863,ALGO/USDT:USDT,0.2574,6007.7,0.2575,20546.5,0.2574,116620678.7,30421959.2628
1753461000964,16:30:00.964,ALGO/USDT:USDT,0.2574,3798.5,0.2575,22873.7,0.2574,116620678.7,30421959.2628
1753461001063,16:30:01.063,ALGO/USDT:USDT,0.2574,3798.5,0.2575,26010.8,0.2574,116620678.7,30421959.2628
1753461001163,16:30:01.163,ALGO/USDT:USDT,0.2574,3798.5,0.2575,27450.1,0.2574,116620678.7,30421959.2628
1753461001363,16:30:01.363,ALGO/USDT:USDT,0.2574,6007.7,0.2575,20624.0,0.2574,116620678.7,30421959.2628
1753461001464,16:30:01.464,ALGO/USDT:USDT,0.2574,23831.1,0.2575,19506.0,0.2574,116620678.7,30421959.2628
1753461001763,16:30:01.763,ALGO/USDT:USDT,0.2574,11831.1,0.2575,19506.0,0.2574,116620678.7,30421959.2628
1753461001863,16:30:01.863,ALGO/USDT:USDT,0.2574,3798.5,0.2575,22951.6,0.2574,116620678.7,30421959.2628
1753461002164,16:30:02.164,ALGO/USDT:USDT,0.2574,3798.5,0.2575,21742.0,0.2574,116620678.7,30421959.2628
1753461002264,16:30:02.264,ALGO/USDT:USDT,0.2574,13333.1,0.2575,19506.0,0.2574,116620678.7,30421959.2628
1753461002963,16:30:02.963,ALGO/USDT:USDT,0.2574,4798.5,0.2575,20624.0,0.2574,116620678.7,30421959.2628
1753461003063,16:30:03.063,ALGO/USDT:USDT,0.2574,4798.5,0.2575,22951.6,0.2574,116620678.7,30421959.2628
1753461003163,16:30:03.163,ALGO/USDT:USDT,0.2574,965.8,0.2575,24390.9,0.2574,116620678.7,30421959.2628
1753461003463,16:30:03.463,ALGO/USDT:USDT,0.2574,965.8,0.2575,36390.9,0.2574,116620678.7,30421959.2628
1753461003664,16:30:03.664,ALGO/USDT:USDT,0.2574,965.8,0.2575,34951.6,0.2574,116620678.7,30421959.2628
1753461003763,16:30:03.763,ALGO/USDT:USDT,0.2574,2854.3,0.2575,21742.0,0.2574,116620678.7,30421959.2628
1753461003864,16:30:03.864,ALGO/USDT:USDT,0.2574,5063.9,0.2575,19506.0,0.2574,116620678.7,30421959.2628
1753461003963,16:30:03.963,ALGO/USDT:USDT,0.2574,19330.3,0.2575,18506.0,0.2574,116620678.7,30421959.2628
1753461004064,16:30:04.064,ALGO/USDT:USDT,0.2574,22778.7,0.2575,11264.0,0.2574,116620678.7,30421959.2628
1753461004264,16:30:04.264,ALGO/USDT:USDT,0.2574,21891.4,0.2575,11264.0,0.2574,116388737.9,30360354.883
1753461004363,16:30:04.363,ALGO/USDT:USDT,0.2574,27872.4,0.2575,11264.0,0.2574,116388737.9,30360354.883
1753461004463,16:30:04.463,ALGO/USDT:USDT,0.2574,38872.4,0.2575,11264.0,0.2574,116388737.9,30360354.883
1753461004564,16:30:04.564,ALGO/USDT:USDT,0.2574,38872.4,0.2575,149.4,0.2574,116388737.9,30360354.883
1753461004863,16:30:04.863,ALGO/USDT:USDT,0.2574,27095.6,0.2575,5725.6,0.2574,116388737.9,30360354.883
1753461004964,16:30:04.964,ALGO/USDT:USDT,0.2574,16279.3,0.2575,18605.7,0.2574,116388737.9,30360354.883
1753461005063,16:30:05.063,ALGO/USDT:USDT,0.2574,15161.3,0.2575,18605.7,0.2574,116388737.9,30360354.883
1753461005163,16:30:05.163,ALGO/USDT:USDT,0.2574,14384.5,0.2575,18605.7,0.2574,116388737.9,30360354.883
1753461005263,16:30:05.263,ALGO/USDT:USDT,0.2574,24384.5,0.2575,18605.7,0.2574,116388737.9,30360354.883
1753461005364,16:30:05.364,ALGO/USDT:USDT,0.2574,28950.9,0.2575,149.4,0.2574,116388737.9,30360354.883
1753461005463,16:30:05.463,ALGO/USDT:USDT,0.2574,28950.9,0.2575,5149.4,0.2574,116388737.9,30360354.883
1753461005664,16:30:05.664,ALGO/USDT:USDT,0.2574,28950.9,0.2575,151.8,0.2574,116388737.9,30360354.883
1753461005963,16:30:05.963,ALGO/USDT:USDT,0.2574,15938.1,0.2575,11822.3,0.2574,116388737.9,30360354.883
1753461006063,16:30:06.063,ALGO/USDT:USDT,0.2574,16714.9,0.2575,13031.9,0.2574,116388737.9,30360354.883
1753461006163,16:30:06.163,ALGO/USDT:USDT,0.2574,16714.9,0.2575,11822.3,0.2574,116388737.9,30360354.883
1753461006264,16:30:06.264,ALGO/USDT:USDT,0.2574,18950.9,0.2575,11822.3,0.2574,116388737.9,30360354.883
1753461006363,16:30:06.363,ALGO/USDT:USDT,0.2574,30950.9,0.2575,11822.3,0.2574,116388737.9,30360354.883
1753461006564,16:30:06.564,ALGO/USDT:USDT,0.2574,30950.9,0.2575,11822.3,0.2574,116388737.9,30360354.883
1753461006763,16:30:06.763,ALGO/USDT:USDT,0.2574,31068.5,0.2575,11822.3,0.2574,116388737.9,30360354.883
1753461006864,16:30:06.864,ALGO/USDT:USDT,0.2574,17981.0,0.2575,11822.3,0.2574,116388737.9,30360354.883
1753461006963,16:30:06.963,ALGO/USDT:USDT,0.2574,14532.6,0.2575,14031.9,0.2574,116388737.9,30360354.883
1753461007063,16:30:07.063,ALGO/USDT:USDT,0.2574,14532.6,0.2575,23592.9,0.2574,116388737.9,30360354.883
1753461007164,16:30:07.164,ALGO/USDT:USDT,0.2574,14532.6,0.2575,22474.9,0.2574,116388737.9,30360354.883
1753461007264,16:30:07.264,ALGO/USDT:USDT,0.2574,9669.6,0.2575,22474.9,0.2574,116388737.9,30360354.883
1753461007364,16:30:07.364,ALGO/USDT:USDT,0.2574,9669.6,0.2575,23592.9,0.2574,116388737.9,30360354.883
1753461007564,16:30:07.564,ALGO/USDT:USDT,0.2574,9669.3,0.2575,23592.9,0.2574,116388737.9,30360354.883
1753461007664,16:30:07.664,ALGO/USDT:USDT,0.2574,2344.3,0.2575,23670.6,0.2574,116388737.9,30360354.883
1753461007763,16:30:07.763,ALGO/USDT:USDT,0.2574,2728.4,0.2575,23670.6,0.2574,116388737.9,30360354.883
1753461007864,16:30:07.864,ALGO/USDT:USDT,0.2574,2728.4,0.2575,25109.9,0.2574,116388737.9,30360354.883
1753461007964,16:30:07.964,ALGO/USDT:USDT,0.2574,11017.4,0.2575,21356.9,0.2574,116388737.9,30360354.883
1753461008064,16:30:08.064,ALGO/USDT:USDT,0.2574,11017.4,0.2575,23670.6,0.2574,116388737.9,30360354.883
1753461008364,16:30:08.364,ALGO/USDT:USDT,0.2574,11017.4,0.2575,28670.6,0.2574,116388737.9,30360354.883
1753461008764,16:30:08.764,ALGO/USDT:USDT,0.2574,11017.4,0.2575,27474.9,0.2574,116388737.9,30360354.883
1753461008864,16:30:08.864,ALGO/USDT:USDT,0.2574,11017.4,0.2575,28592.9,0.2574,116388737.9,30360354.883
1753461009064,16:30:09.064,ALGO/USDT:USDT,0.2574,11017.4,0.2575,27474.9,0.2574,116388737.9,30360354.883
1753461009164,16:30:09.164,ALGO/USDT:USDT,0.2574,11017.3,0.2575,27474.9,0.2574,116388737.9,30360354.883
1753461009264,16:30:09.264,ALGO/USDT:USDT,0.2574,11017.3,0.2575,28670.6,0.2574,116388737.9,30360354.883
1753461009364,16:30:09.364,ALGO/USDT:USDT,0.2574,11090.6,0.2575,28670.6,0.2574,116388737.9,30360354.883
1753461009464,16:30:09.464,ALGO/USDT:USDT,0.2574,2801.6,0.2575,28670.6,0.2574,116388737.9,30360354.883
1753461009563,16:30:09.563,ALGO/USDT:USDT,0.2574,1186.8,0.2575,33169.5,0.2574,116388737.9,30360354.883
1753461009663,16:30:09.663,ALGO/USDT:USDT,0.2574,969.7,0.2575,64585.6,0.2574,116389920.8,30360659.3615
1753461009864,16:30:09.864,ALGO/USDT:USDT,0.2574,1212.1,0.2575,64974.0,0.2574,116389920.8,30360659.3615
1753461009964,16:30:09.964,ALGO/USDT:USDT,0.2574,1212.1,0.2575,40557.9,0.2574,116389920.8,30360659.3615
1753461010063,16:30:10.063,ALGO/USDT:USDT,0.2574,2834.1,0.2575,21356.9,0.2574,116389920.8,30360659.3615
1753461010363,16:30:10.363,ALGO/USDT:USDT,0.2574,13108.9,0.2575,12052.3,0.2575,116390690.8,30360857.6365
1753461010464,16:30:10.464,ALGO/USDT:USDT,0.2574,13108.9,0.2575,13137.8,0.2575,116390690.8,30360857.6365
1753461010563,16:30:10.563,ALGO/USDT:USDT,0.2574,2834.1,0.2575,22791.4,0.2575,116390690.8,30360857.6365
1753461010663,16:30:10.663,ALGO/USDT:USDT,0.2574,1212.1,0.2575,32485.3,0.2575,116390690.8,30360857.6365
1753461010763,16:30:10.763,ALGO/USDT:USDT,0.2573,9273.6,0.2574,48434.3,0.2574,116391902.9,30361169.631
1753461010863,16:30:10.863,ALGO/USDT:USDT,0.2573,1122.1,0.2574,26060.8,0.2574,116391902.9,30361169.631
1753461010963,16:30:10.963,ALGO/USDT:USDT,0.2573,12792.6,0.2574,26060.8,0.2574,116391902.9,30361169.631
1753461011064,16:30:11.064,ALGO/USDT:USDT,0.2573,15829.3,0.2574,12670.5,0.2574,116391902.9,30361169.631
1753461011164,16:30:11.164,ALGO/USDT:USDT,0.2573,15052.2,0.2574,12670.5,0.2574,116391902.9,30361169.631
1753461011263,16:30:11.263,ALGO/USDT:USDT,0.2573,23205.0,0.2574,12670.5,0.2574,116391902.9,30361169.631
1753461011363,16:30:11.363,ALGO/USDT:USDT,0.2573,35205.0,0.2574,12670.5,0.2574,116391902.9,30361169.631
1753461011464,16:30:11.464,ALGO/USDT:USDT,0.2573,35205.0,0.2574,12675.0,0.2574,116391902.9,30361169.631
1753461011863,16:30:11.863,ALGO/USDT:USDT,0.2573,35205.0,0.2574,11675.0,0.2574,116391902.9,30361169.631
1753461011964,16:30:11.964,ALGO/USDT:USDT,0.2573,35205.0,0.2574,11671.1,0.2574,116391906.8,30361170.6349
1753461012063,16:30:12.063,ALGO/USDT:USDT,0.2573,21089.4,0.2574,21161.5,0.2574,116391906.8,30361170.6349
1753461012164,16:30:12.164,ALGO/USDT:USDT,0.2573,21283.0,0.2574,11671.1,0.2574,116391906.8,30361170.6349
1753461012264,16:30:12.264,ALGO/USDT:USDT,0.2573,24928.8,0.2574,11671.1,0.2574,116391906.8,30361170.6349
1753461012363,16:30:12.363,ALGO/USDT:USDT,0.2573,40620.1,0.2574,4.5,0.2574,116391906.8,30361170.6349
1753461012463,16:30:12.463,ALGO/USDT:USDT,0.2573,44505.7,0.2574,4.5,0.2574,116391906.8,30361170.6349
1753461012768,16:30:12.768,ALGO/USDT:USDT,0.2573,44505.7,0.2574,0.5,0.2574,116391910.8,30361171.6645
1753461012964,16:30:12.964,ALGO/USDT:USDT,0.2573,44973.9,0.2574,0.5,0.2574,116391910.8,30361171.6645
1753461013063,16:30:13.063,ALGO/USDT:USDT,0.2574,17347.9,0.2575,24357.3,0.2574,116391910.8,30361171.6645
1753461013164,16:30:13.164,ALGO/USDT:USDT,0.2574,17347.9,0.2575,24357.3,0.2574,116391910.8,30361171.6645
1753461013363,16:30:13.363,ALGO/USDT:USDT,0.2574,17347.9,0.2575,22624.9,0.2574,116391910.8,30361171.6645
1753461013463,16:30:13.463,ALGO/USDT:USDT,0.2574,3146.5,0.2575,23670.7,0.2574,116391910.8,30361171.6645
1753461013563,16:30:13.563,ALGO/USDT:USDT,0.2574,1258.0,0.2575,27714.3,0.2574,116391910.8,30361171.6645
1753461013663,16:30:13.663,ALGO/USDT:USDT,0.2574,1258.0,0.2575,26590.8,0.2574,116391910.8,30361171.6645
1753461013763,16:30:13.763,ALGO/USDT:USDT,0.2574,1258.0,0.2575,26591.8,0.2574,116391910.8,30361171.6645
1753461013863,16:30:13.863,ALGO/USDT:USDT,0.2573,25438.9,0.2574,21789.2,0.2574,116391910.8,30361171.6645
1753461013964,16:30:13.964,ALGO/USDT:USDT,0.2573,23460.4,0.2574,35880.8,0.2574,116391910.8,30361171.6645
1753461014064,16:30:14.064,ALGO/USDT:USDT,0.2573,23460.4,0.2574,23880.8,0.2574,116391910.8,30361171.6645
1753461014364,16:30:14.364,ALGO/USDT:USDT,0.2573,23691.1,0.2574,23880.8,0.2574,116391910.8,30361171.6645
1753461014563,16:30:14.563,ALGO/USDT:USDT,0.2573,23756.4,0.2574,22835.0,0.2574,116391910.8,30361171.6645
1753461014663,16:30:14.663,ALGO/USDT:USDT,0.2573,4507.8,0.2574,23880.8,0.2574,116391910.8,30361171.6645
1753461014764,16:30:14.764,ALGO/USDT:USDT,0.2573,1129.0,0.2574,26599.9,0.2574,116391910.8,30361171.6645
1753461014963,16:30:14.963,ALGO/USDT:USDT,0.2573,1129.0,0.2574,26522.1,0.2574,116391910.8,30361171.6645
1753461015063,16:30:15.063,ALGO/USDT:USDT,0.2573,1129.0,0.2574,26599.9,0.2574,116391910.8,30361171.6645
1753461015264,16:30:15.264,ALGO/USDT:USDT,0.2573,129.0,0.2574,38522.1,0.2574,116391910.8,30361171.6645
1753461015464,16:30:15.464,ALGO/USDT:USDT,0.2573,20088.5,0.2574,21789.2,0.2574,116391910.8,30361171.6645
1753461015864,16:30:15.864,ALGO/USDT:USDT,0.2573,1129.0,0.2574,22835.0,0.2574,116391910.8,30361171.6645
1753461015964,16:30:15.964,ALGO/USDT:USDT,0.2573,1129.0,0.2574,25082.2,0.2574,116391910.8,30361171.6645
1753461016064,16:30:16.064,ALGO/USDT:USDT,0.2573,129.0,0.2574,25160.0,0.2574,116391910.8,30361171.6645
1753461016263,16:30:16.263,ALGO/USDT:USDT,0.2573,9129.0,0.2574,22835.0,0.2574,116391910.8,30361171.6645
1753461016363,16:30:16.363,ALGO/USDT:USDT,0.2573,9129.0,0.2574,21789.2,0.2574,116391910.8,30361171.6645
1753461016463,16:30:16.463,ALGO/USDT:USDT,0.2573,23000.9,0.2574,21789.2,0.2574,116391910.8,30361171.6645
1753461016664,16:30:16.664,ALGO/USDT:USDT,0.2573,10129.0,0.2574,22835.0,0.2574,116391910.8,30361171.6645
1753461016964,16:30:16.964,ALGO/USDT:USDT,0.2573,129.0,0.2574,26602.3,0.2574,116391910.8,30361171.6645
1753461017263,16:30:17.263,ALGO/USDT:USDT,0.2573,13330.4,0.2574,21791.6,0.2574,116391910.8,30361171.6645
1753461017364,16:30:17.364,ALGO/USDT:USDT,0.2573,14330.4,0.2574,21791.6,0.2574,116391910.8,30361171.6645
1753461017463,16:30:17.463,ALGO/USDT:USDT,0.2573,26000.0,0.2574,21791.6,0.2574,116391910.8,30361171.6645
1753461017664,16:30:17.664,ALGO/USDT:USDT,0.2573,14329.5,0.2574,22837.4,0.2574,116391910.8,30361171.6645
1753461017763,16:30:17.763,ALGO/USDT:USDT,0.2573,127.8,0.2574,25084.6,0.2574,116391910.8,30361171.6645
1753461017963,16:30:17.963,ALGO/USDT:USDT,0.2573,127.8,0.2574,25473.1,0.2574,116391910.8,30361171.6645
1753461018063,16:30:18.063,ALGO/USDT:USDT,0.2573,1331.5,0.2574,23225.9,0.2574,116391910.8,30361171.6645
1753461018163,16:30:18.163,ALGO/USDT:USDT,0.2573,14002.0,0.2574,22180.1,0.2574,116391910.8,30361171.6645
1753461018264,16:30:18.264,ALGO/USDT:USDT,0.2573,27047.8,0.2574,21791.6,0.2574,116391910.8,30361171.6645
1753461018564,16:30:18.564,ALGO/USDT:USDT,0.2573,26002.0,0.2574,21791.6,0.2574,116391910.8,30361171.6645
1753461018964,16:30:18.964,ALGO/USDT:USDT,0.2573,27047.8,0.2574,21791.6,0.2574,116391910.8,30361171.6645
1753461019264,16:30:19.264,ALGO/USDT:USDT,0.2573,26002.0,0.2574,21791.6,0.2574,116391910.8,30361171.6645
1753461019364,16:30:19.364,ALGO/USDT:USDT,0.2573,27047.8,0.2574,21791.6,0.2574,116391910.8,30361171.6645
1753461019463,16:30:19.463,ALGO/USDT:USDT,0.2573,31166.0,0.2574,2.4,0.2574,116391910.8,30361171.6645
1753461019563,16:30:19.563,ALGO/USDT:USDT,0.2573,34779.5,0.2574,2.4,0.2574,116391910.8,30361171.6645
1753461019664,16:30:19.664,ALGO/USDT:USDT,0.2573,36176.2,0.2574,2.4,0.2574,116391910.8,30361171.6645
1753461019864,16:30:19.864,ALGO/USDT:USDT,0.2573,34735.8,0.2574,2.4,0.2574,116391910.8,30361171.6645
1753461020163,16:30:20.163,ALGO/USDT:USDT,0.2573,21690.0,0.2574,11672.9,0.2574,116391910.8,30361171.6645
1753461020263,16:30:20.263,ALGO/USDT:USDT,0.2573,1296.1,0.2574,33999.4,0.2574,116391910.8,30361171.6645
1753461020364,16:30:20.364,ALGO/USDT:USDT,0.2573,1296.1,0.2574,34077.2,0.2574,116391910.8,30361171.6645
1753461020463,16:30:20.463,ALGO/USDT:USDT,0.2573,1137.6,0.2574,22077.2,0.2574,116391910.8,30361171.6645
1753461020863,16:30:20.863,ALGO/USDT:USDT,0.2573,1132.8,0.2574,22077.2,0.2574,116391910.8,30361171.6645
1753461021164,16:30:21.164,ALGO/USDT:USDT,0.2573,1132.8,0.2574,20953.6,0.2574,116391910.8,30361171.6645
1753461021264,16:30:21.264,ALGO/USDT:USDT,0.2573,13132.8,0.2574,21999.4,0.2574,116391910.8,30361171.6645
1753461021363,16:30:21.363,ALGO/USDT:USDT,0.2573,13132.8,0.2574,20953.6,0.2574,116391910.8,30361171.6645
1753461021564,16:30:21.564,ALGO/USDT:USDT,0.2573,13132.8,0.2574,19907.8,0.2574,116391910.8,30361171.6645
1753461021663,16:30:21.663,ALGO/USDT:USDT,0.2573,13132.8,0.2574,20953.6,0.2574,116391910.8,30361171.6645
1753461021764,16:30:21.764,ALGO/USDT:USDT,0.2573,1132.8,0.2574,21031.4,0.2574,116391910.8,30361171.6645
1753461021864,16:30:21.864,ALGO/USDT:USDT,0.2573,1132.8,0.2574,23278.6,0.2574,116391910.8,30361171.6645
1753461021963,16:30:21.963,ALGO/USDT:USDT,0.2573,132.8,0.2574,23278.4,0.2574,116391910.8,30361171.6645
1753461022063,16:30:22.063,ALGO/USDT:USDT,0.2573,132.8,0.2574,24718.3,0.2574,116391910.8,30361171.6645
1753461022164,16:30:22.164,ALGO/USDT:USDT,0.2572,16439.9,0.2573,45394.5,0.2572,116393208.6,30361505.4719
1753461022263,16:30:22.263,ALGO/USDT:USDT,0.2572,16439.9,0.2573,45394.5,0.2572,116393208.6,30361505.4719
1753461022364,16:30:22.364,ALGO/USDT:USDT,0.2572,11585.3,0.2573,44310.2,0.2572,116393208.6,30361505.4719
1753461022564,16:30:22.564,ALGO/USDT:USDT,0.2572,11585.3,0.2573,45332.5,0.2572,116393208.6,30361505.4719
1753461022663,16:30:22.663,ALGO/USDT:USDT,0.2572,1079.8,0.2573,45332.5,0.2572,116393208.6,30361505.4719
1753461022763,16:30:22.763,ALGO/USDT:USDT,0.2572,12750.3,0.2573,45332.5,0.2572,116393208.6,30361505.4719
1753461022963,16:30:22.963,ALGO/USDT:USDT,0.2572,12750.3,0.2573,45254.7,0.2572,116393208.6,30361505.4719
1753461023064,16:30:23.064,ALGO/USDT:USDT,0.2572,79.8,0.2573,45254.7,0.2572,116393208.6,30361505.4719
1753461023464,16:30:23.464,ALGO/USDT:USDT,0.2572,99.1,0.2573,45254.7,0.2572,116393208.6,30361505.4719
1753461023563,16:30:23.563,ALGO/USDT:USDT,0.2572,40.7,0.2573,45254.7,0.2572,116393208.6,30361505.4719
1753461023864,16:30:23.864,ALGO/USDT:USDT,0.2572,50040.7,0.2573,45254.7,0.2572,116393208.6,30361505.4719
1753461023963,16:30:23.963,ALGO/USDT:USDT,0.2572,50040.7,0.2573,42102.3,0.2572,116393208.6,30361505.4719
1753461024064,16:30:24.064,ALGO/USDT:USDT,0.2572,50040.7,0.2573,36277.2,0.2573,116412648.7,30366507.4097
1753461024164,16:30:24.164,ALGO/USDT:USDT,0.2572,63655.0,0.2573,35332.7,0.2573,116412648.7,30366507.4097
1753461024264,16:30:24.264,ALGO/USDT:USDT,0.2572,64821.4,0.2573,35332.7,0.2573,116412648.7,30366507.4097
1753461024464,16:30:24.464,ALGO/USDT:USDT,0.2572,64821.4,0.2573,28097.8,0.2573,116412648.7,30366507.4097
1753461024663,16:30:24.663,ALGO/USDT:USDT,0.2572,62877.6,0.2573,28097.8,0.2573,116412648.7,30366507.4097
1753461024763,16:30:24.763,ALGO/USDT:USDT,0.2572,50040.7,0.2573,30430.6,0.2573,116412648.7,30366507.4097
1753461024864,16:30:24.864,ALGO/USDT:USDT,0.2572,50040.7,0.2573,30622.5,0.2573,116412648.7,30366507.4097
1753461025464,16:30:25.464,ALGO/USDT:USDT,0.2572,50021.3,0.2573,30622.5,0.2572,116412648.8,30366507.4354
1753461025564,16:30:25.564,ALGO/USDT:USDT,0.2572,50021.3,0.2573,30699.2,0.2572,116412648.8,30366507.4354
1753461026163,16:30:26.163,ALGO/USDT:USDT,0.2572,50021.3,0.2573,33264.7,0.2572,116412648.8,30366507.4354
1753461026263,16:30:26.263,ALGO/USDT:USDT,0.2572,50021.3,0.2573,32181.2,0.2572,116412648.8,30366507.4354
1753461026363,16:30:26.363,ALGO/USDT:USDT,0.2572,50021.3,0.2573,29579.8,0.2572,116412648.8,30366507.4354
1753461026563,16:30:26.563,ALGO/USDT:USDT,0.2572,50021.3,0.2573,28413.4,0.2572,116412648.8,30366507.4354
1753461026763,16:30:26.763,ALGO/USDT:USDT,0.2572,50021.3,0.2573,30674.4,0.2572,116412648.8,30366507.4354
1753461026964,16:30:26.964,ALGO/USDT:USDT,0.2572,50021.3,0.2573,30768.3,0.2572,116412648.8,30366507.4354
1753461027063,16:30:27.063,ALGO/USDT:USDT,0.2572,50021.3,0.2573,28507.3,0.2572,116412648.8,30366507.4354
1753461027463,16:30:27.463,ALGO/USDT:USDT,0.2572,63952.8,0.2573,16507.3,0.2572,116412648.8,30366507.4354
1753461027964,16:30:27.964,ALGO/USDT:USDT,0.2572,61691.8,0.2573,17507.3,0.2572,116412648.8,30366507.4354
1753461028063,16:30:28.063,ALGO/USDT:USDT,0.2572,61691.8,0.2573,24806.2,0.2572,116412648.8,30366507.4354
1753461028164,16:30:28.164,ALGO/USDT:USDT,0.2572,50021.3,0.2573,27067.2,0.2572,116412648.8,30366507.4354
1753461028364,16:30:28.364,ALGO/USDT:USDT,0.2572,50021.3,0.2573,25936.7,0.2572,116412648.8,30366507.4354
1753461028464,16:30:28.464,ALGO/USDT:USDT,0.2572,50021.3,0.2573,24806.2,0.2572,116412648.8,30366507.4354
1753461028763,16:30:28.763,ALGO/USDT:USDT,0.2572,63952.8,0.2573,24806.2,0.2572,116412648.8,30366507.4354
1753461028863,16:30:28.863,ALGO/USDT:USDT,0.2572,63952.8,0.2573,23806.2,0.2572,116412648.8,30366507.4354
1753461028963,16:30:28.963,ALGO/USDT:USDT,0.2572,61691.8,0.2573,23806.2,0.2572,116412648.8,30366507.4354
1753461029264,16:30:29.264,ALGO/USDT:USDT,0.2572,61691.8,0.2573,24167.9,0.2572,116412648.8,30366507.4354
1753461029364,16:30:29.364,ALGO/USDT:USDT,0.2572,62822.3,0.2573,24167.9,0.2572,116412648.8,30366507.4354
1753461029664,16:30:29.664,ALGO/USDT:USDT,0.2572,63952.8,0.2573,24167.9,0.2572,116412648.8,30366507.4354
1753461030164,16:30:30.164,ALGO/USDT:USDT,0.2572,61691.8,0.2573,24167.9,0.2572,116412648.8,30366507.4354
1753461030764,16:30:30.764,ALGO/USDT:USDT,0.2572,50021.3,0.2573,24167.9,0.2572,116412648.8,30366507.4354
1753461030863,16:30:30.863,ALGO/USDT:USDT,0.2572,50021.3,0.2573,25283.9,0.2572,116412648.8,30366507.4354
1753461030964,16:30:30.964,ALGO/USDT:USDT,0.2572,51151.8,0.2573,24153.4,0.2572,116412648.8,30366507.4354
1753461031163,16:30:31.163,ALGO/USDT:USDT,0.2572,51151.8,0.2573,24153.4,0.2572,116412648.8,30366507.4354
1753461031263,16:30:31.263,ALGO/USDT:USDT,0.2572,50021.3,0.2573,31870.3,0.2572,116412648.8,30366507.4354
1753461031463,16:30:31.463,ALGO/USDT:USDT,0.2572,50021.3,0.2573,31792.5,0.2572,116412648.8,30366507.4354
1753461031564,16:30:31.564,ALGO/USDT:USDT,0.2572,50021.3,0.2573,31795.0,0.2572,116412648.8,30366507.4354
1753461031763,16:30:31.763,ALGO/USDT:USDT,0.2572,50021.3,0.2573,39571.7,0.2572,116412648.8,30366507.4354
1753461031863,16:30:31.863,ALGO/USDT:USDT,0.2572,50021.3,0.2573,37001.4,0.2572,116412648.8,30366507.4354
1753461031964,16:30:31.964,ALGO/USDT:USDT,0.2572,50021.3,0.2573,41666.0,0.2572,116412648.8,30366507.4354
1753461032164,16:30:32.164,ALGO/USDT:USDT,0.2572,50021.3,0.2573,53666.0,0.2572,116412648.8,30366507.4354
1753461032364,16:30:32.364,ALGO/USDT:USDT,0.2572,50021.3,0.2573,53666.8,0.2572,116412648.8,30366507.4354
1753461032864,16:30:32.864,ALGO/USDT:USDT,0.2572,50021.3,0.2573,54055.5,0.2572,116412648.8,30366507.4354
1753461033463,16:30:33.463,ALGO/USDT:USDT,0.2572,50021.3,0.2573,55964.3,0.2572,116412648.8,30366507.4354
1753461033764,16:30:33.764,ALGO/USDT:USDT,0.2572,50021.3,0.2573,55886.5,0.2572,116412648.8,30366507.4354
1753461033964,16:30:33.964,ALGO/USDT:USDT,0.2572,50021.3,0.2573,55982.1,0.2572,116412648.8,30366507.4354
1753461034063,16:30:34.063,ALGO/USDT:USDT,0.2572,50021.3,0.2573,56293.6,0.2572,116412648.8,30366507.4354
1753461034364,16:30:34.364,ALGO/USDT:USDT,0.2572,50021.3,0.2573,56215.8,0.2572,116412648.8,30366507.4354
1753461034464,16:30:34.464,ALGO/USDT:USDT,0.2572,50021.3,0.2573,54777.4,0.2572,116412648.8,30366507.4354
1753461034564,16:30:34.564,ALGO/USDT:USDT,0.2572,50021.3,0.2573,36513.3,0.2572,116412648.8,30366507.4354
1753461034663,16:30:34.663,ALGO/USDT:USDT,0.2572,50021.3,0.2573,38153.3,0.2572,116412648.8,30366507.4354
1753461034764,16:30:34.764,ALGO/USDT:USDT,0.2572,50021.3,0.2573,40739.9,0.2572,116412648.8,30366507.4354
1753461035064,16:30:35.064,ALGO/USDT:USDT,0.2572,50021.3,0.2573,52739.9,0.2572,116412648.8,30366507.4354
1753461035163,16:30:35.163,ALGO/USDT:USDT,0.2572,50021.3,0.2573,52817.7,0.2572,116412648.8,30366507.4354
1753461035264,16:30:35.264,ALGO/USDT:USDT,0.2572,50021.3,0.2573,54761.3,0.2572,116412648.8,30366507.4354
1753461035364,16:30:35.364,ALGO/USDT:USDT,0.2572,50021.3,0.2573,55145.6,0.2572,116412648.8,30366507.4354
1753461035463,16:30:35.463,ALGO/USDT:USDT,0.257,36681.8,0.2571,11862.4,0.257,116463836.0,30379672.5803
1753461035564,16:30:35.564,ALGO/USDT:USDT,0.257,40564.7,0.2571,11862.4,0.257,116463836.0,30379672.5803
1753461035664,16:30:35.664,ALGO/USDT:USDT,0.257,35708.7,0.2571,14954.6,0.257,116463836.0,30379672.5803
1753461035763,16:30:35.763,ALGO/USDT:USDT,0.257,35089.4,0.2571,14954.6,0.257,116463836.0,30379672.5803
1753461035964,16:30:35.964,ALGO/USDT:USDT,0.257,36461.1,0.2571,14954.6,0.257,116463836.0,30379672.5803
1753461036163,16:30:36.163,ALGO/USDT:USDT,0.257,47526.4,0.2571,2080.4,0.257,116463836.0,30379672.5803
1753461036263,16:30:36.263,ALGO/USDT:USDT,0.257,43636.2,0.2571,2080.4,0.257,116463836.0,30379672.5803
1753461036663,16:30:36.663,ALGO/USDT:USDT,0.257,35446.6,0.2571,17843.1,0.257,116463836.0,30379672.5803
1753461036763,16:30:36.763,ALGO/USDT:USDT,0.257,34311.4,0.2571,17843.1,0.257,116463836.0,30379672.5803
1753461036864,16:30:36.864,ALGO/USDT:USDT,0.257,31800.1,0.2571,17843.1,0.257,116463836.0,30379672.5803
1753461036964,16:30:36.964,ALGO/USDT:USDT,0.257,37266.6,0.2571,17843.1,0.257,116463836.0,30379672.5803
1753461037563,16:30:37.563,ALGO/USDT:USDT,0.257,29271.6,0.2571,17843.1,0.257,116463836.0,30379672.5803
1753461038063,16:30:38.063,ALGO/USDT:USDT,0.257,29271.6,0.2571,26586.5,0.257,116463836.0,30379672.5803
1753461038264,16:30:38.264,ALGO/USDT:USDT,0.257,24441.9,0.2571,26586.5,0.257,116463836.0,30379672.5803
1753461038363,16:30:38.363,ALGO/USDT:USDT,0.257,17034.1,0.2571,26586.5,0.257,116463836.0,30379672.5803
1753461038663,16:30:38.663,ALGO/USDT:USDT,0.257,17034.1,0.2571,23843.1,0.257,116463836.0,30379672.5803
1753461038863,16:30:38.863,ALGO/USDT:USDT,0.257,17034.1,0.2571,26586.5,0.257,116463836.0,30379672.5803
1753461039063,16:30:39.063,ALGO/USDT:USDT,0.257,17034.1,0.2571,32586.5,0.257,116463836.0,30379672.5803
1753461039263,16:30:39.263,ALGO/USDT:USDT,0.257,6247.8,0.2571,34043.7,0.257,116463836.0,30379672.5803
1753461039363,16:30:39.363,ALGO/USDT:USDT,0.257,6247.8,0.2571,44316.2,0.257,116463836.0,30379672.5803
1753461039964,16:30:39.964,ALGO/USDT:USDT,0.257,20124.1,0.2571,24999.1,0.257,116463836.0,30379672.5803
1753461040264,16:30:40.264,ALGO/USDT:USDT,0.257,20124.1,0.2571,27742.5,0.257,116463836.0,30379672.5803
1753461040364,16:30:40.364,ALGO/USDT:USDT,0.257,20124.1,0.2571,24999.1,0.257,116463836.0,30379672.5803
1753461040663,16:30:40.663,ALGO/USDT:USDT,0.257,20124.1,0.2571,27742.5,0.257,116463836.0,30379672.5803
1753461040763,16:30:40.763,ALGO/USDT:USDT,0.257,6247.8,0.2571,27742.5,0.257,116463836.0,30379672.5803
1753461040963,16:30:40.963,ALGO/USDT:USDT,0.257,6247.8,0.2571,40678.0,0.257,116463836.0,30379672.5803
1753461041063,16:30:41.063,ALGO/USDT:USDT,0.257,6247.8,0.2571,52678.0,0.257,116463836.0,30379672.5803
1753461041464,16:30:41.464,ALGO/USDT:USDT,0.257,6247.8,0.2571,51472.2,0.257,116463836.0,30379672.5803
1753461041664,16:30:41.664,ALGO/USDT:USDT,0.257,6247.8,0.2571,51873.3,0.257,116463836.0,30379672.5803
1753461041863,16:30:41.863,ALGO/USDT:USDT,0.257,6247.8,0.2571,25400.2,0.257,116463836.0,30379672.5803
1753461041964,16:30:41.964,ALGO/USDT:USDT,0.257,18247.8,0.2571,26948.7,0.257,116463836.0,30379672.5803
1753461042064,16:30:42.064,ALGO/USDT:USDT,0.257,10247.8,0.2571,25577.0,0.257,116463836.0,30379672.5803
1753461042164,16:30:42.164,ALGO/USDT:USDT,0.257,6247.8,0.2571,26948.7,0.257,116463836.0,30379672.5803
1753461042363,16:30:42.363,ALGO/USDT:USDT,0.257,18918.3,0.2571,25577.0,0.257,116463836.0,30379672.5803
1753461042763,16:30:42.763,ALGO/USDT:USDT,0.257,6247.8,0.2571,28320.4,0.257,116463836.0,30379672.5803
1753461042963,16:30:42.963,ALGO/USDT:USDT,0.257,6247.8,0.2571,28323.9,0.257,116463836.0,30379672.5803
1753461043163,16:30:43.163,ALGO/USDT:USDT,0.257,6247.8,0.2571,26952.4,0.257,116463836.0,30379672.5803
1753461043263,16:30:43.263,ALGO/USDT:USDT,0.257,6247.8,0.2571,28324.1,0.257,116463836.0,30379672.5803
1753461043463,16:30:43.463,ALGO/USDT:USDT,0.257,18918.3,0.2571,25580.7,0.257,116463836.0,30379672.5803
1753461043663,16:30:43.663,ALGO/USDT:USDT,0.257,27446.0,0.2571,17424.7,0.257,116463836.0,30379672.5803
1753461043763,16:30:43.763,ALGO/USDT:USDT,0.257,37946.0,0.2571,773.5,0.257,116463836.0,30379672.5803
1753461043864,16:30:43.864,ALGO/USDT:USDT,0.257,40669.1,0.2571,773.5,0.257,116463836.0,30379672.5803
1753461043963,16:30:43.963,ALGO/USDT:USDT,0.257,52669.1,0.2571,773.5,0.257,116463836.0,30379672.5803
1753461044163,16:30:44.163,ALGO/USDT:USDT,0.257,52863.6,0.2571,773.5,0.257,116463836.0,30379672.5803
1753461044364,16:30:44.364,ALGO/USDT:USDT,0.257,53252.6,0.2571,773.5,0.257,116463836.0,30379672.5803
1753461044463,16:30:44.463,ALGO/USDT:USDT,0.2571,42406.8,0.2572,2832.7,0.2571,116464609.5,30379871.4472
1753461044564,16:30:44.564,ALGO/USDT:USDT,0.2572,14042.2,0.2573,30213.9,0.2571,116464609.5,30379871.4472
1753461044664,16:30:44.664,ALGO/USDT:USDT,0.2572,14042.2,0.2573,30898.2,0.2571,116464609.5,30379871.4472
1753461044763,16:30:44.763,ALGO/USDT:USDT,0.2572,22569.9,0.2573,19300.4,0.2571,116464609.5,30379871.4472
1753461044864,16:30:44.864,ALGO/USDT:USDT,0.2572,21198.2,0.2573,22947.7,0.2571,116464609.5,30379871.4472
1753461044964,16:30:44.964,ALGO/USDT:USDT,0.2572,12670.5,0.2573,19300.4,0.2571,116464609.5,30379871.4472
1753461045063,16:30:45.063,ALGO/USDT:USDT,0.2572,12670.5,0.2573,22471.8,0.2571,116464609.5,30379871.4472
1753461045364,16:30:45.364,ALGO/USDT:USDT,0.2572,12670.5,0.2573,22478.5,0.2571,116464609.5,30379871.4472
1753461045564,16:30:45.564,ALGO/USDT:USDT,0.2572,12670.5,0.2573,23850.2,0.2571,116464609.5,30379871.4472
1753461045664,16:30:45.664,ALGO/USDT:USDT,0.2572,12670.5,0.2573,22478.5,0.2571,116464609.5,30379871.4472
1753461045964,16:30:45.964,ALGO/USDT:USDT,0.2572,21670.5,0.2573,22478.5,0.2571,116464609.5,30379871.4472
1753461046063,16:30:46.063,ALGO/USDT:USDT,0.2572,12670.5,0.2573,22478.5,0.2571,116464609.5,30379871.4472
1753461046264,16:30:46.264,ALGO/USDT:USDT,0.2572,16621.9,0.2573,22494.7,0.2571,116464609.5,30379871.4472
1753461046463,16:30:46.463,ALGO/USDT:USDT,0.2572,15413.9,0.2573,22494.7,0.2571,116464609.5,30379871.4472
1753461046764,16:30:46.764,ALGO/USDT:USDT,0.2572,14042.2,0.2573,19323.3,0.2571,116464609.5,30379871.4472
1753461046863,16:30:46.863,ALGO/USDT:USDT,0.2572,22569.9,0.2573,19323.3,0.2571,116464609.5,30379871.4472
1753461046963,16:30:46.963,ALGO/USDT:USDT,0.2572,38304.5,0.2573,353.9,0.2571,116464609.5,30379871.4472
1753461047164,16:30:47.164,ALGO/USDT:USDT,0.2572,45168.7,0.2573,353.9,0.2571,116464609.5,30379871.4472
1753461047263,16:30:47.263,ALGO/USDT:USDT,0.2572,48309.8,0.2573,353.9,0.2571,116464609.5,30379871.4472
1753461047364,16:30:47.364,ALGO/USDT:USDT,0.2572,19826.5,0.2573,22351.8,0.2571,116464609.5,30379871.4472
1753461047464,16:30:47.464,ALGO/USDT:USDT,0.2572,19826.5,0.2573,19180.4,0.2571,116464609.5,30379871.4472
1753461047563,16:30:47.563,ALGO/USDT:USDT,0.2572,22444.2,0.2573,19180.4,0.2571,116464609.5,30379871.4472
1753461047664,16:30:47.664,ALGO/USDT:USDT,0.2572,23815.9,0.2573,19180.4,0.2571,116464609.5,30379871.4472
1753461047964,16:30:47.964,ALGO/USDT:USDT,0.2572,32815.9,0.2573,19180.4,0.2571,116464609.5,30379871.4472
1753461048464,16:30:48.464,ALGO/USDT:USDT,0.2572,23815.9,0.2573,19180.4,0.2571,116464609.5,30379871.4472
1753461048664,16:30:48.664,ALGO/USDT:USDT,0.2572,23815.9,0.2573,19181.9,0.2571,116464609.5,30379871.4472
1753461048966,16:30:48.966,ALGO/USDT:USDT,0.2572,34815.9,0.2573,19181.9,0.2571,116464609.5,30379871.4472
1753461049064,16:30:49.064,ALGO/USDT:USDT,0.2572,34815.9,0.2573,7511.4,0.2571,116464609.5,30379871.4472
1753461049263,16:30:49.263,ALGO/USDT:USDT,0.2572,43113.8,0.2573,355.4,0.2571,116464609.5,30379871.4472
1753461049364,16:30:49.364,ALGO/USDT:USDT,0.2573,37922.6,0.2574,21.4,0.2573,116464964.9,30379962.8916
1753461049463,16:30:49.463,ALGO/USDT:USDT,0.2573,46752.5,0.2574,21.4,0.2573,116464964.9,30379962.8916
1753461049663,16:30:49.663,ALGO/USDT:USDT,0.2573,46983.4,0.2574,21.4,0.2573,116464964.9,30379962.8916
1753461049764,16:30:49.764,ALGO/USDT:USDT,0.2573,45530.5,0.2574,21.4,0.2573,116464964.9,30379962.8916
1753461050364,16:30:50.364,ALGO/USDT:USDT,0.2573,45530.5,0.2574,21.4,0.2573,116464964.9,30379962.8916
1753461050763,16:30:50.763,ALGO/USDT:USDT,0.2573,47861.9,0.2574,21.4,0.2573,116464964.9,30379962.8916
1753461050963,16:30:50.963,ALGO/USDT:USDT,0.2573,56694.3,0.2574,21.4,0.2573,116464964.9,30379962.8916
1753461051063,16:30:51.063,ALGO/USDT:USDT,0.2574,55223.3,0.2575,11113.2,0.2574,116464986.3,30379968.4
1753461051164,16:30:51.164,ALGO/USDT:USDT,0.2574,53463.2,0.2575,11113.2,0.2574,116464986.3,30379968.4
1753461051263,16:30:51.263,ALGO/USDT:USDT,0.2574,54834.9,0.2575,11113.2,0.2574,116464986.3,30379968.4
1753461051463,16:30:51.463,ALGO/USDT:USDT,0.2574,54834.9,0.2575,60.9,0.2574,116464986.3,30379968.4
1753461051563,16:30:51.563,ALGO/USDT:USDT,0.2574,55223.3,0.2575,60.9,0.2574,116464986.3,30379968.4
1753461051763,16:30:51.763,ALGO/USDT:USDT,0.2574,55354.0,0.2575,60.9,0.2574,116464986.3,30379968.4
1753461051863,16:30:51.863,ALGO/USDT:USDT,0.2574,55354.0,0.2575,60.9,0.2574,116464986.3,30379968.4
1753461052063,16:30:52.063,ALGO/USDT:USDT,0.2574,59704.3,0.2575,60.9,0.2574,116464986.3,30379968.4
1753461052163,16:30:52.163,ALGO/USDT:USDT,0.2574,60442.2,0.2575,60.9,0.2574,116464986.3,30379968.4
1753461052363,16:30:52.363,ALGO/USDT:USDT,0.2575,22437.3,0.2576,16147.5,0.2575,116465047.2,30379984.0817
1753461052463,16:30:52.463,ALGO/USDT:USDT,0.2575,23809.0,0.2576,11270.8,0.2575,116465047.2,30379984.0817
1753461052563,16:30:52.563,ALGO/USDT:USDT,0.2575,31416.6,0.2576,156.2,0.2575,116465047.2,30379984.0817
1753461052663,16:30:52.663,ALGO/USDT:USDT,0.2575,30439.7,0.2576,11826.7,0.2575,116465047.2,30379984.0817
1753461052764,16:30:52.764,ALGO/USDT:USDT,0.2575,31216.2,0.2576,11826.7,0.2575,116465047.2,30379984.0817
1753461052964,16:30:52.964,ALGO/USDT:USDT,0.2575,28898.8,0.2576,13034.7,0.2575,116465047.2,30379984.0817
1753461053063,16:30:53.063,ALGO/USDT:USDT,0.2575,15527.1,0.2576,24315.0,0.2575,116465047.2,30379984.0817
1753461053164,16:30:53.164,ALGO/USDT:USDT,0.2575,9684.2,0.2576,24315.0,0.2575,116465047.2,30379984.0817
1753461053363,16:30:53.363,ALGO/USDT:USDT,0.2575,9684.2,0.2576,25686.7,0.2575,116465047.2,30379984.0817
1753461053663,16:30:53.663,ALGO/USDT:USDT,0.2575,9684.2,0.2576,24315.0,0.2575,116465047.2,30379984.0817
1753461053763,16:30:53.763,ALGO/USDT:USDT,0.2575,25.0,0.2576,27058.4,0.2575,116465047.2,30379984.0817
1753461053863,16:30:53.863,ALGO/USDT:USDT,0.2575,25.0,0.2576,24315.0,0.2575,116465047.2,30379984.0817
1753461053963,16:30:53.963,ALGO/USDT:USDT,0.2575,2397.3,0.2576,24315.0,0.2575,116465047.2,30379984.0817
1753461054063,16:30:54.063,ALGO/USDT:USDT,0.2575,25.0,0.2576,25686.7,0.2575,116465047.2,30379984.0817
1753461054463,16:30:54.463,ALGO/USDT:USDT,0.2575,25.0,0.2576,31601.0,0.2575,116465047.2,30379984.0817
1753461054564,16:30:54.564,ALGO/USDT:USDT,0.2575,25.0,0.2576,34512.9,0.2575,116465047.2,30379984.0817
1753461054663,16:30:54.663,ALGO/USDT:USDT,0.2575,25.0,0.2576,24315.0,0.2575,116465047.2,30379984.0817
1753461054764,16:30:54.764,ALGO/USDT:USDT,0.2575,25.0,0.2576,31122.2,0.2575,116465047.2,30379984.0817
1753461054863,16:30:54.863,ALGO/USDT:USDT,0.2575,25.0,0.2576,44493.9,0.2575,116465047.2,30379984.0817
1753461055064,16:30:55.064,ALGO/USDT:USDT,0.2575,25.0,0.2576,44092.8,0.2575,116465047.2,30379984.0817
1753461055264,16:30:55.264,ALGO/USDT:USDT,0.2575,25.0,0.2576,32092.8,0.2575,116465047.2,30379984.0817
1753461055364,16:30:55.364,ALGO/USDT:USDT,0.2575,26.1,0.2576,31122.2,0.2575,116465047.2,30379984.0817
1753461055464,16:30:55.464,ALGO/USDT:USDT,0.2575,26.1,0.2576,32092.8,0.2575,116465047.2,30379984.0817
1753461055563,16:30:55.563,ALGO/USDT:USDT,0.2575,1529.0,0.2576,21321.6,0.2575,116465047.2,30379984.0817
1753461055664,16:30:55.664,ALGO/USDT:USDT,0.2575,1529.0,0.2576,24315.0,0.2575,116465047.2,30379984.0817
1753461055763,16:30:55.763,ALGO/USDT:USDT,0.2575,2737.0,0.2576,21321.6,0.2575,116465047.2,30379984.0817
1753461055864,16:30:55.864,ALGO/USDT:USDT,0.2575,16202.0,0.2576,20113.6,0.2575,116465047.2,30379984.0817
1753461055964,16:30:55.964,ALGO/USDT:USDT,0.2575,16202.0,0.2576,23107.0,0.2575,116465047.2,30379984.0817
1753461056063,16:30:56.063,ALGO/USDT:USDT,0.2575,16202.0,0.2576,20113.6,0.2575,116465047.2,30379984.0817
1753461056163,16:30:56.163,ALGO/USDT:USDT,0.2575,27008.8,0.2576,19113.6,0.2575,116465047.2,30379984.0817
1753461056263,16:30:56.263,ALGO/USDT:USDT,0.2575,23488.9,0.2576,19113.6,0.2575,116465047.2,30379984.0817
1753461056563,16:30:56.563,ALGO/USDT:USDT,0.2575,12488.9,0.2576,20113.6,0.2575,116465047.2,30379984.0817
1753461056664,16:30:56.664,ALGO/USDT:USDT,0.2575,3737.0,0.2576,24478.7,0.2575,116465047.2,30379984.0817
1753461056764,16:30:56.764,ALGO/USDT:USDT,0.2575,11023.9,0.2576,23107.0,0.2575,116465047.2,30379984.0817
1753461056864,16:30:56.864,ALGO/USDT:USDT,0.2575,23023.9,0.2576,23107.0,0.2575,116465047.2,30379984.0817
1753461056964,16:30:56.964,ALGO/USDT:USDT,0.2575,11023.9,0.2576,23107.0,0.2575,116465047.2,30379984.0817
1753461057063,16:30:57.063,ALGO/USDT:USDT,0.2575,11032.5,0.2576,23107.0,0.2575,116465047.2,30379984.0817
1753461057464,16:30:57.464,ALGO/USDT:USDT,0.2575,13775.9,0.2576,23107.0,0.2575,116465047.2,30379984.0817
1753461057564,16:30:57.564,ALGO/USDT:USDT,0.2575,12404.2,0.2576,23107.0,0.2575,116465047.2,30379984.0817
1753461057663,16:30:57.663,ALGO/USDT:USDT,0.2575,11032.5,0.2576,23107.0,0.2575,116465047.2,30379984.0817
1753461057863,16:30:57.863,ALGO/USDT:USDT,0.2575,22032.5,0.2576,23107.0,0.2575,116465047.2,30379984.0817
1753461057964,16:30:57.964,ALGO/USDT:USDT,0.2575,11032.5,0.2576,24478.7,0.2575,116465047.2,30379984.0817
1753461058063,16:30:58.063,ALGO/USDT:USDT,0.2575,11032.4,0.2576,24478.7,0.2575,116465047.2,30379984.0817
1753461058463,16:30:58.463,ALGO/USDT:USDT,0.2575,11032.4,0.2576,23107.0,0.2575,116465047.2,30379984.0817
1753461058764,16:30:58.764,ALGO/USDT:USDT,0.2575,11032.4,0.2576,24478.7,0.2575,116465047.2,30379984.0817
1753461058864,16:30:58.864,ALGO/USDT:USDT,0.2575,20032.4,0.2576,23107.0,0.2575,116465047.2,30379984.0817
1753461059164,16:30:59.164,ALGO/USDT:USDT,0.2575,23552.3,0.2576,156.2,0.2575,116465047.2,30379984.0817
1753461059263,16:30:59.263,ALGO/USDT:USDT,0.2575,25493.6,0.2576,156.2,0.2575,116465047.2,30379984.0817
1753461059363,16:30:59.363,ALGO/USDT:USDT,0.2575,27715.4,0.2576,156.2,0.2575,116465047.2,30379984.0817
1753461059464,16:30:59.464,ALGO/USDT:USDT,0.2575,28183.6,0.2576,156.2,0.2575,116465047.2,30379984.0817
1753461059664,16:30:59.664,ALGO/USDT:USDT,0.2575,31872.0,0.2576,156.2,0.2575,116465047.2,30379984.0817
1753461059763,16:30:59.763,ALGO/USDT:USDT,0.2575,34872.0,0.2576,156.2,0.2575,116465047.2,30379984.0817
1753461060063,16:31:00.063,ALGO/USDT:USDT,0.2575,31872.0,0.2576,156.2,0.2575,116465047.2,30379984.0817
1753461060164,16:31:00.164,ALGO/USDT:USDT,0.2575,20500.6,0.2576,16028.1,0.2575,116465047.2,30379984.0817
1753461060264,16:31:00.264,ALGO/USDT:USDT,0.2575,20032.4,0.2576,16028.1,0.2575,116465047.2,30379984.0817
1753461060364,16:31:00.364,ALGO/USDT:USDT,0.2575,26666.9,0.2576,156.2,0.2575,116465047.2,30379984.0817
1753461060463,16:31:00.463,ALGO/USDT:USDT,0.2575,24510.1,0.2576,11826.7,0.2575,116465047.2,30379984.0817
1753461060563,16:31:00.563,ALGO/USDT:USDT,0.2575,13468.1,0.2576,12826.7,0.2575,116465047.2,30379984.0817
1753461060663,16:31:00.663,ALGO/USDT:USDT,0.2575,10226.6,0.2576,25986.4,0.2575,116465047.2,30379984.0817
1753461060763,16:31:00.763,ALGO/USDT:USDT,0.2575,10032.4,0.2576,36986.4,0.2575,116465047.2,30379984.0817
1753461060964,16:31:00.964,ALGO/USDT:USDT,0.2575,11808.9,0.2576,15897.8,0.2575,116465047.2,30379984.0817
1753461061064,16:31:01.064,ALGO/USDT:USDT,0.2575,16017.3,0.2576,11826.7,0.2575,116465047.2,30379984.0817
1753461061163,16:31:01.163,ALGO/USDT:USDT,0.2576,23112.2,0.2577,31730.3,0.2576,116476873.9,30383030.6396
1753461061263,16:31:01.263,ALGO/USDT:USDT,0.2576,23112.2,0.2577,27808.4,0.2576,116476873.9,30383030.6396
1753461061463,16:31:01.463,ALGO/USDT:USDT,0.2576,24483.9,0.2577,12632.0,0.2576,116476873.9,30383030.6396
1753461061563,16:31:01.563,ALGO/USDT:USDT,0.2576,25855.6,0.2577,12632.0,0.2576,116476873.9,30383030.6396
1753461061664,16:31:01.664,ALGO/USDT:USDT,0.2576,24483.9,0.2577,12632.0,0.2576,116476873.9,30383030.6396
1753461061763,16:31:01.763,ALGO/USDT:USDT,0.2576,23112.2,0.2577,33357.6,0.2576,116476873.9,30383030.6396
1753461061964,16:31:01.964,ALGO/USDT:USDT,0.2576,25855.6,0.2577,17408.4,0.2576,116476873.9,30383030.6396
1753461062064,16:31:02.064,ALGO/USDT:USDT,0.2576,25877.7,0.2577,17408.4,0.2576,116476873.9,30383030.6396
1753461062163,16:31:02.163,ALGO/USDT:USDT,0.2576,25877.7,0.2577,15622.7,0.2576,116476873.9,30383030.6396
1753461062263,16:31:02.263,ALGO/USDT:USDT,0.2576,25877.7,0.2577,12632.0,0.2576,116476873.9,30383030.6396
1753461062363,16:31:02.363,ALGO/USDT:USDT,0.2576,23134.3,0.2577,19366.1,0.2576,116476873.9,30383030.6396
1753461062464,16:31:02.464,ALGO/USDT:USDT,0.2576,23134.3,0.2577,26711.3,0.2576,116476873.9,30383030.6396
1753461062663,16:31:02.663,ALGO/USDT:USDT,0.2576,23134.3,0.2577,25339.6,0.2576,116476873.9,30383030.6396
1753461062763,16:31:02.763,ALGO/USDT:USDT,0.2576,38105.0,0.2577,12632.0,0.2576,116476873.9,30383030.6396
1753461062863,16:31:02.863,ALGO/USDT:USDT,0.2576,38105.0,0.2577,961.5,0.2576,116476873.9,30383030.6396
1753461063064,16:31:03.064,ALGO/USDT:USDT,0.2576,46067.9,0.2577,961.5,0.2576,116476873.9,30383030.6396
1753461063363,16:31:03.363,ALGO/USDT:USDT,0.2576,46376.2,0.2577,961.5,0.2576,116476873.9,30383030.6396
1753461063464,16:31:03.464,ALGO/USDT:USDT,0.2576,50373.7,0.2577,961.5,0.2576,116476873.9,30383030.6396
1753461063563,16:31:03.563,ALGO/USDT:USDT,0.2576,50373.7,0.2577,36.1,0.2576,116476873.9,30383030.6396
1753461063963,16:31:03.963,ALGO/USDT:USDT,0.2576,50511.4,0.2577,36.1,0.2576,116476873.9,30383030.6396
1753461064063,16:31:04.063,ALGO/USDT:USDT,0.2577,48432.1,0.2578,150.4,0.2577,116476910.0,30383039.9426
1753461064163,16:31:04.163,ALGO/USDT:USDT,0.2577,48044.2,0.2578,150.4,0.2577,116476910.0,30383039.9426
1753461064263,16:31:04.263,ALGO/USDT:USDT,0.2577,48063.3,0.2578,150.4,0.2577,116476910.0,30383039.9426
1753461064463,16:31:04.463,ALGO/USDT:USDT,0.2577,49198.5,0.2578,150.4,0.2577,116476910.0,30383039.9426
1753461064563,16:31:04.563,ALGO/USDT:USDT,0.2577,53308.7,0.2578,150.4,0.2577,116476910.0,30383039.9426
1753461064663,16:31:04.663,ALGO/USDT:USDT,0.2577,54084.6,0.2578,150.4,0.2577,116476910.0,30383039.9426
1753461064763,16:31:04.763,ALGO/USDT:USDT,0.2577,54860.5,0.2578,150.4,0.2577,116476910.0,30383039.9426
1753461064863,16:31:04.863,ALGO/USDT:USDT,0.2578,36995.7,0.2579,13294.3,0.2578,116477060.4,30383078.7157
1753461064963,16:31:04.963,ALGO/USDT:USDT,0.2578,36995.7,0.2579,13294.3,0.2578,116477060.4,30383078.7157
1753461065063,16:31:05.063,ALGO/USDT:USDT,0.2578,36220.1,0.2579,16343.8,0.2578,116477060.4,30383078.7157
1753461065163,16:31:05.163,ALGO/USDT:USDT,0.2578,34848.4,0.2579,16343.8,0.2578,116477060.4,30383078.7157
1753461065263,16:31:05.263,ALGO/USDT:USDT,0.2578,34848.4,0.2579,17408.3,0.2578,116477060.4,30383078.7157
1753461065364,16:31:05.364,ALGO/USDT:USDT,0.2578,34848.4,0.2579,16464.8,0.2578,116477060.4,30383078.7157
1753461065564,16:31:05.564,ALGO/USDT:USDT,0.2578,36995.7,0.2579,13294.3,0.2578,116477060.4,30383078.7157
1753461065663,16:31:05.663,ALGO/USDT:USDT,0.2578,36995.7,0.2579,13294.3,0.2578,116477060.4,30383078.7157
