timestamp,time,symbol,bid,bidVolume,ask,askVolume,lastPrice,baseVolume,quoteVolume
1753460898655,16:28:18.655,ACH/USDT:USDT,0.021308,1220.0,0.021312,2910.0,0.021306,79472100.0,1725463.2937
1753460898755,16:28:18.755,ACH/USDT:USDT,0.021308,1220.0,0.021312,2910.0,0.021306,79472100.0,1725463.2937
1753460898855,16:28:18.855,ACH/USDT:USDT,0.021309,1220.0,0.021312,2910.0,0.021306,79472100.0,1725463.2937
1753460899055,16:28:19.055,ACH/USDT:USDT,0.021311,1250.0,0.021312,2910.0,0.021306,79472100.0,1725463.2937
1753460899455,16:28:19.455,ACH/USDT:USDT,0.021317,1550.0,0.021318,240.0,0.021312,79475010.0,1725525.3116
1753460899556,16:28:19.556,ACH/USDT:USDT,0.021317,1250.0,0.021318,240.0,0.021312,79475010.0,1725525.3116
1753460899656,16:28:19.656,ACH/USDT:USDT,0.021317,1250.0,0.021318,240.0,0.021312,79475010.0,1725525.3116
1753460901055,16:28:21.055,ACH/USDT:USDT,0.021308,760.0,0.021314,1260.0,0.021312,79475010.0,1725525.3116
1753460901155,16:28:21.155,ACH/USDT:USDT,0.021313,1560.0,0.021318,240.0,0.021314,79476270.0,1725552.1672
1753460901255,16:28:21.255,ACH/USDT:USDT,0.021315,1220.0,0.021318,240.0,0.021314,79476270.0,1725552.1672
1753460901755,16:28:21.755,ACH/USDT:USDT,0.021315,1220.0,0.021318,240.0,0.021314,79476270.0,1725552.1672
1753460901955,16:28:21.955,ACH/USDT:USDT,0.021315,1220.0,0.021317,1260.0,0.021314,79476270.0,1725552.1672
1753460902655,16:28:22.655,ACH/USDT:USDT,0.021307,340.0,0.021316,1260.0,0.021314,79476270.0,1725552.1672
1753460902755,16:28:22.755,ACH/USDT:USDT,0.021306,7040.0,0.021316,1260.0,0.021314,79476270.0,1725552.1672
1753460902855,16:28:22.855,ACH/USDT:USDT,0.021308,1560.0,0.021315,1260.0,0.021314,79476270.0,1725552.1672
1753460902955,16:28:22.955,ACH/USDT:USDT,0.021308,1220.0,0.021314,1260.0,0.021314,79476270.0,1725552.1672
1753460903255,16:28:23.255,ACH/USDT:USDT,0.021308,1220.0,0.021313,1260.0,0.021314,79476270.0,1725552.1672
1753460903455,16:28:23.455,ACH/USDT:USDT,0.02131,1500.0,0.021313,1260.0,0.021314,79476270.0,1725552.1672
1753460903555,16:28:23.555,ACH/USDT:USDT,0.02131,1500.0,0.021318,240.0,0.021313,79477530.0,1725579.0216
1753460903655,16:28:23.655,ACH/USDT:USDT,0.021311,1220.0,0.021318,240.0,0.021313,79477530.0,1725579.0216
1753460903955,16:28:23.955,ACH/USDT:USDT,0.021312,2750.0,0.021318,240.0,0.021313,79477530.0,1725579.0216
1753460904355,16:28:24.355,ACH/USDT:USDT,0.021313,1220.0,0.021318,240.0,0.021313,79477530.0,1725579.0216
1753460904555,16:28:24.555,ACH/USDT:USDT,0.021314,1250.0,0.021318,240.0,0.021313,79477530.0,1725579.0216
1753460904755,16:28:24.755,ACH/USDT:USDT,0.021314,1250.0,0.021318,240.0,0.021313,79477530.0,1725579.0216
1753460905055,16:28:25.055,ACH/USDT:USDT,0.021314,1250.0,0.021317,1260.0,0.021313,79477530.0,1725579.0216
1753460905155,16:28:25.155,ACH/USDT:USDT,0.021305,260.0,0.021315,1250.0,0.021313,79477530.0,1725579.0216
1753460905255,16:28:25.255,ACH/USDT:USDT,0.021309,1570.0,0.021318,590.0,0.021313,79477530.0,1725579.0216
1753460905355,16:28:25.355,ACH/USDT:USDT,0.021309,1220.0,0.021317,1260.0,0.021313,79477530.0,1725579.0216
1753460905556,16:28:25.556,ACH/USDT:USDT,0.021309,8260.0,0.021317,1260.0,0.021313,79477530.0,1725579.0216
1753460905655,16:28:25.655,ACH/USDT:USDT,0.021309,1220.0,0.021317,1260.0,0.021313,79477530.0,1725579.0216
1753460905755,16:28:25.755,ACH/USDT:USDT,0.021309,1220.0,0.021316,1260.0,0.021313,79477530.0,1725579.0216
1753460905855,16:28:25.855,ACH/USDT:USDT,0.021309,1220.0,0.021315,1260.0,0.021313,79477530.0,1725579.0216
1753460905956,16:28:25.956,ACH/USDT:USDT,0.021309,1220.0,0.021314,1260.0,0.021313,79477530.0,1725579.0216
1753460906555,16:28:26.555,ACH/USDT:USDT,0.02131,1250.0,0.021314,1260.0,0.021313,79477530.0,1725579.0216
1753460906655,16:28:26.655,ACH/USDT:USDT,0.021311,1220.0,0.021314,1260.0,0.021313,79477530.0,1725579.0216
1753460906855,16:28:26.855,ACH/USDT:USDT,0.021311,3570.0,0.021314,1260.0,0.021313,79477530.0,1725579.0216
1753460906955,16:28:26.955,ACH/USDT:USDT,0.021312,1560.0,0.021318,240.0,0.021314,79478790.0,1725605.8772
1753460907055,16:28:27.055,ACH/USDT:USDT,0.021312,1560.0,0.021318,240.0,0.021314,79478790.0,1725605.8772
1753460907355,16:28:27.355,ACH/USDT:USDT,0.021313,2470.0,0.021318,240.0,0.021314,79478790.0,1725605.8772
1753460907455,16:28:27.455,ACH/USDT:USDT,0.021313,2800.0,0.021318,240.0,0.021314,79478790.0,1725605.8772
1753460907555,16:28:27.555,ACH/USDT:USDT,0.021315,1470.0,0.021318,240.0,0.021314,79478790.0,1725605.8772
1753460907655,16:28:27.655,ACH/USDT:USDT,0.021316,1250.0,0.021318,240.0,0.021314,79478790.0,1725605.8772
1753460907755,16:28:27.755,ACH/USDT:USDT,0.021316,1250.0,0.021318,240.0,0.021314,79478790.0,1725605.8772
1753460908055,16:28:28.055,ACH/USDT:USDT,0.021316,1250.0,0.021318,240.0,0.021314,79478790.0,1725605.8772
1753460908155,16:28:28.155,ACH/USDT:USDT,0.021317,1250.0,0.021318,240.0,0.021314,79478790.0,1725605.8772
1753460908355,16:28:28.355,ACH/USDT:USDT,0.021318,1710.0,0.021324,240.0,0.02132,79479290.0,1725616.5368
1753460908456,16:28:28.456,ACH/USDT:USDT,0.021319,1220.0,0.021324,240.0,0.02132,79479290.0,1725616.5368
1753460908655,16:28:28.655,ACH/USDT:USDT,0.021319,1220.0,0.021324,240.0,0.02132,79479290.0,1725616.5368
1753460908755,16:28:28.755,ACH/USDT:USDT,0.021321,1220.0,0.021324,240.0,0.02132,79479290.0,1725616.5368
1753460909455,16:28:29.455,ACH/USDT:USDT,0.021321,1220.0,0.021323,1260.0,0.02132,79479290.0,1725616.5368
1753460909555,16:28:29.555,ACH/USDT:USDT,0.021312,2260.0,0.021321,1600.0,0.02132,79479290.0,1725616.5368
1753460909655,16:28:29.655,ACH/USDT:USDT,0.021312,2260.0,0.02132,1260.0,0.02132,79479290.0,1725616.5368
1753460909755,16:28:29.755,ACH/USDT:USDT,0.021312,760.0,0.021319,1260.0,0.02132,79479290.0,1725616.5368
1753460909855,16:28:29.855,ACH/USDT:USDT,0.021312,760.0,0.021318,1260.0,0.02132,79479290.0,1725616.5368
1753460909955,16:28:29.955,ACH/USDT:USDT,0.021312,3110.0,0.021318,1260.0,0.02132,79479290.0,1725616.5368
1753460910055,16:28:30.055,ACH/USDT:USDT,0.021313,1250.0,0.021318,1260.0,0.02132,79479290.0,1725616.5368
1753460910155,16:28:30.155,ACH/USDT:USDT,0.021313,1250.0,0.021317,1260.0,0.02132,79479290.0,1725616.5368
1753460910755,16:28:30.755,ACH/USDT:USDT,0.021313,1250.0,0.021317,1260.0,0.02132,79479290.0,1725616.5368
1753460910855,16:28:30.855,ACH/USDT:USDT,0.021314,1250.0,0.021317,1260.0,0.02132,79479290.0,1725616.5368
1753460911055,16:28:31.055,ACH/USDT:USDT,0.021313,2350.0,0.021316,1260.0,0.02132,79479290.0,1725616.5368
1753460911155,16:28:31.155,ACH/USDT:USDT,0.02131,260.0,0.021315,1260.0,0.02132,79479290.0,1725616.5368
1753460911455,16:28:31.455,ACH/USDT:USDT,0.02131,260.0,0.021314,1260.0,0.02132,79479290.0,1725616.5368
1753460912255,16:28:32.255,ACH/USDT:USDT,0.02131,260.0,0.021313,1260.0,0.02132,79479290.0,1725616.5368
1753460912355,16:28:32.355,ACH/USDT:USDT,0.02131,2610.0,0.021312,1260.0,0.02132,79479290.0,1725616.5368
1753460912455,16:28:32.455,ACH/USDT:USDT,0.02131,260.0,0.021312,1260.0,0.02132,79479290.0,1725616.5368
1753460913155,16:28:33.155,ACH/USDT:USDT,0.02131,260.0,0.021311,1260.0,0.02132,79479290.0,1725616.5368
1753460914455,16:28:34.455,ACH/USDT:USDT,0.02131,530.0,0.021311,1260.0,0.02132,79479290.0,1725616.5368
1753460915655,16:28:35.655,ACH/USDT:USDT,0.02131,2880.0,0.021311,1260.0,0.02132,79479290.0,1725616.5368
1753460915755,16:28:35.755,ACH/USDT:USDT,0.021312,1220.0,0.021319,500.0,0.021311,79480550.0,1725643.3886
1753460915855,16:28:35.855,ACH/USDT:USDT,0.021316,4070.0,0.021325,1260.0,0.021324,79485230.0,1725743.1842
1753460915955,16:28:35.955,ACH/USDT:USDT,0.021316,1220.0,0.021325,1260.0,0.021324,79485230.0,1725743.1842
1753460916055,16:28:36.055,ACH/USDT:USDT,0.021317,1250.0,0.021325,1260.0,0.021324,79485230.0,1725743.1842
1753460916455,16:28:36.455,ACH/USDT:USDT,0.021318,1250.0,0.021325,1260.0,0.021324,79485230.0,1725743.1842
1753460916562,16:28:36.562,ACH/USDT:USDT,0.021319,1220.0,0.021325,1260.0,0.021324,79485230.0,1725743.1842
1753460916655,16:28:36.655,ACH/USDT:USDT,0.02132,1250.0,0.021325,1260.0,0.021324,79485230.0,1725743.1842
1753460916956,16:28:36.956,ACH/USDT:USDT,0.02132,1250.0,0.021324,1260.0,0.021324,79485230.0,1725743.1842
1753460917755,16:28:37.755,ACH/USDT:USDT,0.021312,760.0,0.021323,1610.0,0.021324,79485230.0,1725743.1842
1753460917855,16:28:37.855,ACH/USDT:USDT,0.021313,1650.0,0.021321,1260.0,0.021324,79485230.0,1725743.1842
1753460917955,16:28:37.955,ACH/USDT:USDT,0.021313,1650.0,0.02132,1260.0,0.021324,79485230.0,1725743.1842
1753460918056,16:28:38.056,ACH/USDT:USDT,0.021314,1890.0,0.02132,1260.0,0.021324,79485230.0,1725743.1842
1753460918255,16:28:38.255,ACH/USDT:USDT,0.021315,1250.0,0.02132,1260.0,0.021324,79485230.0,1725743.1842
1753460918455,16:28:38.455,ACH/USDT:USDT,0.021315,1250.0,0.021319,1260.0,0.021324,79485230.0,1725743.1842
1753460918556,16:28:38.556,ACH/USDT:USDT,0.021322,2330.0,0.02133,260.0,0.021319,79486490.0,1725770.0462
1753460918655,16:28:38.655,ACH/USDT:USDT,0.021322,1900.0,0.021329,1260.0,0.021319,79486490.0,1725770.0462
1753460918755,16:28:38.755,ACH/USDT:USDT,0.021323,1220.0,0.021329,1260.0,0.021319,79486490.0,1725770.0462
1753460919155,16:28:39.155,ACH/USDT:USDT,0.021325,2840.0,0.02133,260.0,0.021319,79486490.0,1725770.0462
1753460919255,16:28:39.255,ACH/USDT:USDT,0.021326,1220.0,0.02133,260.0,0.021319,79486490.0,1725770.0462
1753460919455,16:28:39.455,ACH/USDT:USDT,0.021327,1250.0,0.02133,260.0,0.021319,79486490.0,1725770.0462
1753460919555,16:28:39.555,ACH/USDT:USDT,0.021319,3740.0,0.021329,1260.0,0.021319,79486490.0,1725770.0462
1753460919655,16:28:39.655,ACH/USDT:USDT,0.02132,560.0,0.021327,1260.0,0.021319,79486490.0,1725770.0462
1753460919755,16:28:39.755,ACH/USDT:USDT,0.021319,2260.0,0.021327,1260.0,0.021319,79486490.0,1725770.0462
1753460920155,16:28:40.155,ACH/USDT:USDT,0.021323,2470.0,0.021329,1260.0,0.021319,79486490.0,1725770.0462
1753460920255,16:28:40.255,ACH/USDT:USDT,0.021324,1250.0,0.021329,1260.0,0.021319,79486490.0,1725770.0462
1753460920355,16:28:40.355,ACH/USDT:USDT,0.021319,760.0,0.021327,1250.0,0.021319,79486490.0,1725770.0462
1753460920755,16:28:40.755,ACH/USDT:USDT,0.021317,3300.0,0.021325,1250.0,0.021319,79486490.0,1725770.0462
1753460921255,16:28:41.255,ACH/USDT:USDT,0.021317,3300.0,0.021324,1260.0,0.021319,79486490.0,1725770.0462
1753460921556,16:28:41.556,ACH/USDT:USDT,0.021317,3300.0,0.021323,1260.0,0.021319,79486490.0,1725770.0462
1753460921855,16:28:41.855,ACH/USDT:USDT,0.021317,3300.0,0.021323,1260.0,0.021319,79486490.0,1725770.0462
1753460922355,16:28:42.355,ACH/USDT:USDT,0.021317,7210.0,0.021322,1260.0,0.021319,79486490.0,1725770.0462
1753460922555,16:28:42.555,ACH/USDT:USDT,0.021315,260.0,0.021321,1260.0,0.021319,79486490.0,1725770.0462
1753460922655,16:28:42.655,ACH/USDT:USDT,0.021315,530.0,0.02132,1260.0,0.021319,79486490.0,1725770.0462
1753460922755,16:28:42.755,ACH/USDT:USDT,0.021315,530.0,0.021319,1260.0,0.021319,79486490.0,1725770.0462
1753460922855,16:28:42.855,ACH/USDT:USDT,0.021315,900.0,0.021319,1260.0,0.021319,79486490.0,1725770.0462
1753460924855,16:28:44.855,ACH/USDT:USDT,0.021315,630.0,0.021318,1260.0,0.021319,79486490.0,1725770.0462
1753460924955,16:28:44.955,ACH/USDT:USDT,0.021315,360.0,0.021318,1260.0,0.021319,79486490.0,1725770.0462
1753460925055,16:28:45.055,ACH/USDT:USDT,0.021315,360.0,0.021317,1260.0,0.021319,79486490.0,1725770.0462
1753460925255,16:28:45.255,ACH/USDT:USDT,0.021315,360.0,0.021316,1260.0,0.021319,79486490.0,1725770.0462
1753460925655,16:28:45.655,ACH/USDT:USDT,0.021316,1220.0,0.021324,750.0,0.021319,79486490.0,1725770.0462
1753460925755,16:28:45.755,ACH/USDT:USDT,0.021316,1220.0,0.021323,1260.0,0.021319,79486490.0,1725770.0462
1753460925856,16:28:45.856,ACH/USDT:USDT,0.021317,1220.0,0.021323,1260.0,0.021319,79486490.0,1725770.0462
1753460926756,16:28:46.756,ACH/USDT:USDT,0.021318,1250.0,0.021323,1260.0,0.021319,79486490.0,1725770.0462
1753460926955,16:28:46.955,ACH/USDT:USDT,0.021319,1570.0,0.021326,340.0,0.021319,79486490.0,1725770.0462
1753460927055,16:28:47.055,ACH/USDT:USDT,0.021321,1250.0,0.021328,3010.0,0.021319,79486490.0,1725770.0462
1753460927355,16:28:47.355,ACH/USDT:USDT,0.021321,1250.0,0.021327,1760.0,0.021319,79486490.0,1725770.0462
1753460927455,16:28:47.455,ACH/USDT:USDT,0.021321,1250.0,0.021326,1260.0,0.021319,79486490.0,1725770.0462
1753460927555,16:28:47.555,ACH/USDT:USDT,0.021322,1250.0,0.021325,1260.0,0.021319,79486490.0,1725770.0462
1753460929555,16:28:49.555,ACH/USDT:USDT,0.021324,1220.0,0.021328,2670.0,0.021319,79486490.0,1725770.0462
1753460929655,16:28:49.655,ACH/USDT:USDT,0.021325,1250.0,0.021328,2670.0,0.021319,79486490.0,1725770.0462
1753460929755,16:28:49.755,ACH/USDT:USDT,0.021327,1250.0,0.021328,2670.0,0.021319,79486490.0,1725770.0462
1753460931055,16:28:51.055,ACH/USDT:USDT,0.02132,2470.0,0.021327,1260.0,0.021319,79486490.0,1725770.0462
1753460931155,16:28:51.155,ACH/USDT:USDT,0.02132,1220.0,0.021327,1260.0,0.021319,79486490.0,1725770.0462
1753460931255,16:28:51.255,ACH/USDT:USDT,0.02132,1220.0,0.021326,1260.0,0.021319,79486490.0,1725770.0462
1753460931455,16:28:51.455,ACH/USDT:USDT,0.021316,350.0,0.021325,1260.0,0.021319,79486490.0,1725770.0462
1753460931555,16:28:51.555,ACH/USDT:USDT,0.021317,1250.0,0.021324,1260.0,0.021319,79486490.0,1725770.0462
1753460931655,16:28:51.655,ACH/USDT:USDT,0.021317,1930.0,0.021324,1260.0,0.021319,79486490.0,1725770.0462
1753460932055,16:28:52.055,ACH/USDT:USDT,0.021318,1250.0,0.021324,1260.0,0.021319,79486490.0,1725770.0462
1753460932555,16:28:52.555,ACH/USDT:USDT,0.02132,1220.0,0.021328,3170.0,0.021319,79486490.0,1725770.0462
1753460932655,16:28:52.655,ACH/USDT:USDT,0.021321,1250.0,0.021328,3170.0,0.021319,79486490.0,1725770.0462
1753460932755,16:28:52.755,ACH/USDT:USDT,0.021322,1900.0,0.021328,3170.0,0.021319,79486490.0,1725770.0462
1753460932855,16:28:52.855,ACH/USDT:USDT,0.021322,5460.0,0.021328,2670.0,0.021319,79486490.0,1725770.0462
1753460933055,16:28:53.055,ACH/USDT:USDT,0.021322,6140.0,0.021328,2670.0,0.021319,79486490.0,1725770.0462
1753460933255,16:28:53.255,ACH/USDT:USDT,0.021323,4780.0,0.021328,2670.0,0.021319,79486490.0,1725770.0462
1753460933455,16:28:53.455,ACH/USDT:USDT,0.021323,6140.0,0.021328,2670.0,0.021319,79486490.0,1725770.0462
1753460933555,16:28:53.555,ACH/USDT:USDT,0.021323,5460.0,0.021328,2670.0,0.021319,79486490.0,1725770.0462
1753460933755,16:28:53.755,ACH/USDT:USDT,0.021324,6360.0,0.021328,2670.0,0.021319,79486490.0,1725770.0462
1753460933855,16:28:53.855,ACH/USDT:USDT,0.021325,5130.0,0.021328,2670.0,0.021319,79486490.0,1725770.0462
1753460933955,16:28:53.955,ACH/USDT:USDT,0.021329,1250.0,0.02133,260.0,0.021328,79489160.0,1725826.9919
1753460934055,16:28:54.055,ACH/USDT:USDT,0.021329,1250.0,0.02133,260.0,0.021328,79489160.0,1725826.9919
1753460934755,16:28:54.755,ACH/USDT:USDT,0.021329,1250.0,0.02133,260.0,0.021328,79489160.0,1725826.9919
1753460935355,16:28:55.355,ACH/USDT:USDT,0.021329,3290.0,0.02133,260.0,0.021328,79489160.0,1725826.9919
1753460935455,16:28:55.455,ACH/USDT:USDT,0.021329,1250.0,0.02133,260.0,0.021328,79489160.0,1725826.9919
1753460936855,16:28:56.855,ACH/USDT:USDT,0.021323,1220.0,0.021329,1260.0,0.021328,79489160.0,1725826.9919
1753460937355,16:28:57.355,ACH/USDT:USDT,0.021323,1490.0,0.021329,1260.0,0.021328,79489160.0,1725826.9919
1753460937455,16:28:57.455,ACH/USDT:USDT,0.021324,2470.0,0.021329,1260.0,0.021328,79489160.0,1725826.9919
1753460937555,16:28:57.555,ACH/USDT:USDT,0.021324,1220.0,0.021329,1260.0,0.021328,79489160.0,1725826.9919
1753460937655,16:28:57.655,ACH/USDT:USDT,0.021318,250.0,0.021326,1270.0,0.021324,79490920.0,1725864.5222
1753460937755,16:28:57.755,ACH/USDT:USDT,0.021315,360.0,0.021316,1260.0,0.021317,79492290.0,1725893.7267
1753460937855,16:28:57.855,ACH/USDT:USDT,0.02131,260.0,0.021311,1260.0,0.021311,79493770.0,1725925.2684
1753460937955,16:28:57.955,ACH/USDT:USDT,0.02131,1460.0,0.021311,1260.0,0.021311,79493770.0,1725925.2684
1753460938055,16:28:58.055,ACH/USDT:USDT,0.02131,260.0,0.021311,1260.0,0.021311,79493770.0,1725925.2684
1753460938355,16:28:58.355,ACH/USDT:USDT,0.02131,260.0,0.021311,1260.0,0.021311,79493770.0,1725925.2684
1753460938655,16:28:58.655,ACH/USDT:USDT,0.02131,260.0,0.021311,1260.0,0.021311,79493770.0,1725925.2684
1753460939255,16:28:59.255,ACH/USDT:USDT,0.021305,260.0,0.02131,1260.0,0.02131,79494030.0,1725930.809
1753460939355,16:28:59.355,ACH/USDT:USDT,0.021301,20.0,0.021309,1260.0,0.021305,79494290.0,1725936.3483
1753460939455,16:28:59.455,ACH/USDT:USDT,0.021301,780.0,0.021308,1600.0,0.021305,79494290.0,1725936.3483
1753460939555,16:28:59.555,ACH/USDT:USDT,0.021301,780.0,0.021307,1260.0,0.021305,79494290.0,1725936.3483
1753460939855,16:28:59.855,ACH/USDT:USDT,0.021301,780.0,0.021307,1260.0,0.021305,79494290.0,1725936.3483
1753460939955,16:28:59.955,ACH/USDT:USDT,0.021302,1570.0,0.02131,1260.0,0.021305,79494290.0,1725936.3483
1753460940055,16:29:00.055,ACH/USDT:USDT,0.021303,1220.0,0.021309,1260.0,0.021305,79494290.0,1725936.3483
1753460940155,16:29:00.155,ACH/USDT:USDT,0.021304,1220.0,0.021311,350.0,0.021305,79494290.0,1725936.3483
1753460940355,16:29:00.355,ACH/USDT:USDT,0.021305,1670.0,0.021315,350.0,0.021305,79494290.0,1725936.3483
1753460940455,16:29:00.455,ACH/USDT:USDT,0.021306,1540.0,0.021314,1260.0,0.021305,79494290.0,1725936.3483
1753460940555,16:29:00.555,ACH/USDT:USDT,0.021307,1220.0,0.021314,1260.0,0.021305,79494290.0,1725936.3483
1753460940655,16:29:00.655,ACH/USDT:USDT,0.021307,1220.0,0.021313,1260.0,0.021305,79494290.0,1725936.3483
1753460940755,16:29:00.755,ACH/USDT:USDT,0.021307,1220.0,0.021313,1260.0,0.021305,79494290.0,1725936.3483
1753460940855,16:29:00.855,ACH/USDT:USDT,0.021307,1220.0,0.021312,1260.0,0.021305,79494290.0,1725936.3483
1753460940955,16:29:00.955,ACH/USDT:USDT,0.021307,1220.0,0.021311,1260.0,0.021305,79494290.0,1725936.3483
1753460941555,16:29:01.555,ACH/USDT:USDT,0.021308,1220.0,0.021315,350.0,0.021305,79494290.0,1725936.3483
1753460941655,16:29:01.655,ACH/USDT:USDT,0.021309,1530.0,0.021317,350.0,0.021305,79494290.0,1725936.3483
1753460941855,16:29:01.855,ACH/USDT:USDT,0.02131,6290.0,0.021317,350.0,0.021305,79494290.0,1725936.3483
1753460941955,16:29:01.955,ACH/USDT:USDT,0.02131,6970.0,0.021317,350.0,0.021305,79494290.0,1725936.3483
1753460942055,16:29:02.055,ACH/USDT:USDT,0.02131,1220.0,0.021316,1260.0,0.021305,79494290.0,1725936.3483
1753460942255,16:29:02.255,ACH/USDT:USDT,0.02131,1220.0,0.021316,1260.0,0.021305,79494290.0,1725936.3483
1753460942755,16:29:02.755,ACH/USDT:USDT,0.021311,1220.0,0.021316,1260.0,0.021305,79494290.0,1725936.3483
1753460943255,16:29:03.255,ACH/USDT:USDT,0.021312,1220.0,0.021316,1260.0,0.021305,79494290.0,1725936.3483
1753460943355,16:29:03.355,ACH/USDT:USDT,0.021312,1900.0,0.021317,350.0,0.021305,79494290.0,1725936.3483
1753460943455,16:29:03.455,ACH/USDT:USDT,0.02131,760.0,0.021319,1590.0,0.021305,79494290.0,1725936.3483
1753460943555,16:29:03.555,ACH/USDT:USDT,0.02131,760.0,0.021318,1260.0,0.021305,79494290.0,1725936.3483
1753460943755,16:29:03.755,ACH/USDT:USDT,0.021311,1900.0,0.021318,1260.0,0.021305,79494290.0,1725936.3483
1753460943855,16:29:03.855,ACH/USDT:USDT,0.021312,1220.0,0.021318,1260.0,0.021305,79494290.0,1725936.3483
1753460943955,16:29:03.955,ACH/USDT:USDT,0.021312,5460.0,0.021318,1260.0,0.021305,79494290.0,1725936.3483
1753460944055,16:29:04.055,ACH/USDT:USDT,0.021313,5880.0,0.021321,350.0,0.021305,79494290.0,1725936.3483
1753460944155,16:29:04.155,ACH/USDT:USDT,0.021315,3560.0,0.021323,350.0,0.021305,79494290.0,1725936.3483
1753460944355,16:29:04.355,ACH/USDT:USDT,0.021316,4780.0,0.021322,1260.0,0.021305,79494290.0,1725936.3483
1753460944555,16:29:04.555,ACH/USDT:USDT,0.021317,1220.0,0.021322,1260.0,0.021305,79494290.0,1725936.3483
1753460944655,16:29:04.655,ACH/USDT:USDT,0.021318,340.0,0.021326,350.0,0.021305,79494290.0,1725936.3483
1753460944755,16:29:04.755,ACH/USDT:USDT,0.021319,2220.0,0.021327,1260.0,0.021305,79494290.0,1725936.3483
1753460944855,16:29:04.855,ACH/USDT:USDT,0.02132,1220.0,0.021327,1260.0,0.021305,79494290.0,1725936.3483
1753460944955,16:29:04.955,ACH/USDT:USDT,0.02132,1220.0,0.021327,1260.0,0.021305,79494290.0,1725936.3483
1753460945055,16:29:05.055,ACH/USDT:USDT,0.02132,1220.0,0.021326,1260.0,0.021305,79494290.0,1725936.3483
1753460945355,16:29:05.355,ACH/USDT:USDT,0.021321,1220.0,0.021326,1260.0,0.021305,79494290.0,1725936.3483
1753460945555,16:29:05.555,ACH/USDT:USDT,0.021321,1220.0,0.021326,1260.0,0.021305,79494290.0,1725936.3483
1753460945655,16:29:05.655,ACH/USDT:USDT,0.021322,2340.0,0.02133,610.0,0.021305,79494290.0,1725936.3483
1753460945755,16:29:05.755,ACH/USDT:USDT,0.021322,1220.0,0.02133,610.0,0.021305,79494290.0,1725936.3483
1753460945955,16:29:05.955,ACH/USDT:USDT,0.021323,1220.0,0.02133,610.0,0.021305,79494290.0,1725936.3483
1753460946055,16:29:06.055,ACH/USDT:USDT,0.021324,1220.0,0.02133,260.0,0.021305,79494290.0,1725936.3483
1753460946155,16:29:06.155,ACH/USDT:USDT,0.021324,2580.0,0.02133,260.0,0.021305,79494290.0,1725936.3483
1753460946255,16:29:06.255,ACH/USDT:USDT,0.021325,1540.0,0.02133,260.0,0.021305,79494290.0,1725936.3483
1753460946355,16:29:06.355,ACH/USDT:USDT,0.021326,1540.0,0.02133,260.0,0.021305,79494290.0,1725936.3483
1753460946455,16:29:06.455,ACH/USDT:USDT,0.021327,3560.0,0.02133,260.0,0.021305,79494290.0,1725936.3483
1753460946755,16:29:06.755,ACH/USDT:USDT,0.021328,1820.0,0.02133,260.0,0.021305,79494290.0,1725936.3483
1753460947055,16:29:07.055,ACH/USDT:USDT,0.021328,1820.0,0.02133,260.0,0.021305,79494290.0,1725936.3483
1753460947655,16:29:07.655,ACH/USDT:USDT,0.021328,1820.0,0.02133,260.0,0.021305,79494290.0,1725936.3483
1753460947956,16:29:07.956,ACH/USDT:USDT,0.021328,1820.0,0.02133,260.0,0.021305,79494290.0,1725936.3483
1753460948555,16:29:08.555,ACH/USDT:USDT,0.021328,1820.0,0.02133,260.0,0.021305,79494290.0,1725936.3483
1753460948655,16:29:08.655,ACH/USDT:USDT,0.021329,2460.0,0.02133,260.0,0.021305,79494290.0,1725936.3483
1753460948755,16:29:08.755,ACH/USDT:USDT,0.021329,3820.0,0.021336,240.0,0.02133,79494550.0,1725941.8941
1753460948855,16:29:08.855,ACH/USDT:USDT,0.02133,4180.0,0.021336,240.0,0.02133,79494550.0,1725941.8941
1753460949455,16:29:09.455,ACH/USDT:USDT,0.02133,4180.0,0.021336,240.0,0.02133,79494550.0,1725941.8941
1753460949655,16:29:09.655,ACH/USDT:USDT,0.021331,1220.0,0.021336,240.0,0.02133,79494550.0,1725941.8941
1753460949756,16:29:09.756,ACH/USDT:USDT,0.021331,1480.0,0.021336,240.0,0.02133,79494550.0,1725941.8941
1753460950055,16:29:10.055,ACH/USDT:USDT,0.021333,600.0,0.021336,240.0,0.02133,79494550.0,1725941.8941
1753460950155,16:29:10.155,ACH/USDT:USDT,0.021334,2760.0,0.021336,240.0,0.02133,79494550.0,1725941.8941
1753460950255,16:29:10.255,ACH/USDT:USDT,0.021336,1630.0,0.02134,260.0,0.02133,79494550.0,1725941.8941
1753460950355,16:29:10.355,ACH/USDT:USDT,0.021336,4860.0,0.02134,260.0,0.02133,79494550.0,1725941.8941
1753460950655,16:29:10.655,ACH/USDT:USDT,0.021336,1220.0,0.02134,260.0,0.02133,79494550.0,1725941.8941
1753460950955,16:29:10.955,ACH/USDT:USDT,0.021336,1220.0,0.02134,260.0,0.02133,79494550.0,1725941.8941
1753460951255,16:29:11.255,ACH/USDT:USDT,0.021336,1220.0,0.02134,260.0,0.02133,79494550.0,1725941.8941
1753460951355,16:29:11.355,ACH/USDT:USDT,0.021337,1480.0,0.02134,260.0,0.02133,79494550.0,1725941.8941
1753460951855,16:29:11.855,ACH/USDT:USDT,0.021337,1480.0,0.02134,260.0,0.02133,79494550.0,1725941.8941
1753460954155,16:29:14.155,ACH/USDT:USDT,0.021342,1480.0,0.021347,1260.0,0.02134,79494810.0,1725947.4425
1753460954255,16:29:14.255,ACH/USDT:USDT,0.021343,1480.0,0.021349,1260.0,0.02134,79494810.0,1725947.4425
1753460954355,16:29:14.355,ACH/USDT:USDT,0.021344,1220.0,0.021349,1260.0,0.02134,79494810.0,1725947.4425
1753460954455,16:29:14.455,ACH/USDT:USDT,0.021344,2160.0,0.02135,260.0,0.02134,79494810.0,1725947.4425
1753460954555,16:29:14.555,ACH/USDT:USDT,0.021345,1220.0,0.02135,260.0,0.02134,79494810.0,1725947.4425
1753460954855,16:29:14.855,ACH/USDT:USDT,0.021345,1220.0,0.02135,260.0,0.02134,79494810.0,1725947.4425
1753460955155,16:29:15.155,ACH/USDT:USDT,0.021345,1220.0,0.02135,260.0,0.02134,79494810.0,1725947.4425
1753460955755,16:29:15.755,ACH/USDT:USDT,0.021345,1220.0,0.02135,260.0,0.02134,79494810.0,1725947.4425
1753460956655,16:29:16.655,ACH/USDT:USDT,0.021345,1560.0,0.02135,260.0,0.02134,79494810.0,1725947.4425
1753460956756,16:29:16.756,ACH/USDT:USDT,0.021347,520.0,0.02135,260.0,0.02134,79494810.0,1725947.4425
1753460956855,16:29:16.855,ACH/USDT:USDT,0.021351,1220.0,0.021355,260.0,0.02135,79495070.0,1725952.9935
1753460956955,16:29:16.955,ACH/USDT:USDT,0.021351,2160.0,0.021355,260.0,0.02135,79495070.0,1725952.9935
1753460957255,16:29:17.255,ACH/USDT:USDT,0.021352,1220.0,0.021355,260.0,0.02135,79495070.0,1725952.9935
1753460957355,16:29:17.355,ACH/USDT:USDT,0.021352,1480.0,0.021355,260.0,0.02135,79495070.0,1725952.9935
1753460957655,16:29:17.655,ACH/USDT:USDT,0.021353,2160.0,0.021355,260.0,0.02135,79495070.0,1725952.9935
1753460957756,16:29:17.756,ACH/USDT:USDT,0.021354,1220.0,0.021355,260.0,0.02135,79495070.0,1725952.9935
1753460957855,16:29:17.855,ACH/USDT:USDT,0.021354,1220.0,0.021355,260.0,0.02135,79495070.0,1725952.9935
1753460958155,16:29:18.155,ACH/USDT:USDT,0.021355,1220.0,0.02136,520.0,0.021355,79495330.0,1725958.5458
1753460958255,16:29:18.255,ACH/USDT:USDT,0.021355,1220.0,0.02136,520.0,0.021355,79495330.0,1725958.5458
1753460958355,16:29:18.355,ACH/USDT:USDT,0.021356,1900.0,0.02136,520.0,0.021355,79495330.0,1725958.5458
1753460958455,16:29:18.455,ACH/USDT:USDT,0.021356,2580.0,0.02136,520.0,0.021355,79495330.0,1725958.5458
1753460958755,16:29:18.755,ACH/USDT:USDT,0.021356,2580.0,0.02136,520.0,0.021355,79495330.0,1725958.5458
1753460958855,16:29:18.855,ACH/USDT:USDT,0.021356,1220.0,0.02136,520.0,0.021355,79495330.0,1725958.5458
1753460959355,16:29:19.355,ACH/USDT:USDT,0.021356,1220.0,0.02136,520.0,0.021355,79495330.0,1725958.5458
1753460959455,16:29:19.455,ACH/USDT:USDT,0.021356,1220.0,0.021359,1260.0,0.021355,79495330.0,1725958.5458
1753460959555,16:29:19.555,ACH/USDT:USDT,0.021347,910.0,0.021358,1260.0,0.021355,79495330.0,1725958.5458
1753460959655,16:29:19.655,ACH/USDT:USDT,0.021348,1220.0,0.021358,1260.0,0.021355,79495330.0,1725958.5458
1753460959755,16:29:19.755,ACH/USDT:USDT,0.021348,4930.0,0.021357,1260.0,0.021355,79495330.0,1725958.5458
1753460959855,16:29:19.855,ACH/USDT:USDT,0.021348,3560.0,0.021356,1260.0,0.021355,79495330.0,1725958.5458
1753460959955,16:29:19.955,ACH/USDT:USDT,0.021348,3560.0,0.021355,1260.0,0.021355,79495330.0,1725958.5458
1753460960055,16:29:20.055,ACH/USDT:USDT,0.021348,4320.0,0.021355,1260.0,0.021355,79495330.0,1725958.5458
1753460960255,16:29:20.255,ACH/USDT:USDT,0.021348,3940.0,0.021354,1260.0,0.021355,79495330.0,1725958.5458
1753460960355,16:29:20.355,ACH/USDT:USDT,0.021348,4540.0,0.021353,1260.0,0.021355,79495330.0,1725958.5458
1753460960455,16:29:20.455,ACH/USDT:USDT,0.021347,1280.0,0.021352,1260.0,0.021355,79495330.0,1725958.5458
1753460960555,16:29:20.555,ACH/USDT:USDT,0.021345,14320.0,0.021352,1260.0,0.021355,79495330.0,1725958.5458
1753460960655,16:29:20.655,ACH/USDT:USDT,0.021345,11980.0,0.021351,1260.0,0.021355,79495330.0,1725958.5458
1753460960755,16:29:20.755,ACH/USDT:USDT,0.021345,14590.0,0.021351,1260.0,0.021355,79495330.0,1725958.5458
1753460961255,16:29:21.255,ACH/USDT:USDT,0.021345,14590.0,0.02135,1260.0,0.021355,79495330.0,1725958.5458
1753460961356,16:29:21.356,ACH/USDT:USDT,0.021345,14860.0,0.02135,1260.0,0.021355,79495330.0,1725958.5458
1753460961455,16:29:21.455,ACH/USDT:USDT,0.021345,15530.0,0.02135,1260.0,0.021355,79495330.0,1725958.5458
1753460961855,16:29:21.855,ACH/USDT:USDT,0.021345,15530.0,0.021349,1260.0,0.021355,79495330.0,1725958.5458
1753460961955,16:29:21.955,ACH/USDT:USDT,0.021345,2610.0,0.021349,1260.0,0.021355,79495330.0,1725958.5458
1753460962055,16:29:22.055,ACH/USDT:USDT,0.02134,3140.0,0.021347,1250.0,0.021355,79495330.0,1725958.5458
1753460962155,16:29:22.155,ACH/USDT:USDT,0.02134,3680.0,0.021346,1260.0,0.021355,79495330.0,1725958.5458
1753460962355,16:29:22.355,ACH/USDT:USDT,0.02134,3680.0,0.021345,1260.0,0.021355,79495330.0,1725958.5458
1753460962455,16:29:22.455,ACH/USDT:USDT,0.02134,3680.0,0.021344,1260.0,0.021355,79495330.0,1725958.5458
1753460963055,16:29:23.055,ACH/USDT:USDT,0.02134,5460.0,0.021344,1260.0,0.021355,79495330.0,1725958.5458
1753460963255,16:29:23.255,ACH/USDT:USDT,0.02134,5460.0,0.021344,1260.0,0.021355,79495330.0,1725958.5458
1753460963855,16:29:23.855,ACH/USDT:USDT,0.02134,5190.0,0.021344,1260.0,0.021355,79495330.0,1725958.5458
1753460964155,16:29:24.155,ACH/USDT:USDT,0.02134,4920.0,0.021344,1260.0,0.021355,79495330.0,1725958.5458
1753460964755,16:29:24.755,ACH/USDT:USDT,0.021344,1220.0,0.021351,340.0,0.021344,79496590.0,1725985.4393
1753460964855,16:29:24.855,ACH/USDT:USDT,0.021344,1900.0,0.021351,340.0,0.021344,79496590.0,1725985.4393
1753460964955,16:29:24.955,ACH/USDT:USDT,0.021345,1220.0,0.021352,1260.0,0.021344,79496590.0,1725985.4393
1753460965055,16:29:25.055,ACH/USDT:USDT,0.021346,1220.0,0.021352,1260.0,0.021344,79496590.0,1725985.4393
1753460965355,16:29:25.355,ACH/USDT:USDT,0.021346,1220.0,0.021351,1260.0,0.021344,79496590.0,1725985.4393
1753460965655,16:29:25.655,ACH/USDT:USDT,0.021346,1220.0,0.021351,1260.0,0.021344,79496590.0,1725985.4393
1753460965955,16:29:25.955,ACH/USDT:USDT,0.02134,4760.0,0.02135,1260.0,0.021344,79496590.0,1725985.4393
1753460966055,16:29:26.055,ACH/USDT:USDT,0.02134,7100.0,0.021349,1260.0,0.021344,79496590.0,1725985.4393
1753460966155,16:29:26.155,ACH/USDT:USDT,0.02134,3140.0,0.021348,1260.0,0.021344,79496590.0,1725985.4393
1753460966255,16:29:26.255,ACH/USDT:USDT,0.02134,4880.0,0.021347,1250.0,0.021344,79496590.0,1725985.4393
1753460966555,16:29:26.555,ACH/USDT:USDT,0.02134,3140.0,0.021347,1250.0,0.021344,79496590.0,1725985.4393
1753460966655,16:29:26.655,ACH/USDT:USDT,0.02134,4880.0,0.021347,1250.0,0.021344,79496590.0,1725985.4393
1753460966755,16:29:26.755,ACH/USDT:USDT,0.02134,6480.0,0.021347,1250.0,0.021344,79496590.0,1725985.4393
1753460966855,16:29:26.855,ACH/USDT:USDT,0.02134,4880.0,0.021347,1250.0,0.021344,79496590.0,1725985.4393
1753460967055,16:29:27.055,ACH/USDT:USDT,0.02134,4880.0,0.021346,1260.0,0.021344,79496590.0,1725985.4393
1753460967155,16:29:27.155,ACH/USDT:USDT,0.021341,1560.0,0.021346,1260.0,0.021344,79496590.0,1725985.4393
1753460967255,16:29:27.255,ACH/USDT:USDT,0.021341,13270.0,0.021346,1260.0,0.021344,79496590.0,1725985.4393
1753460967455,16:29:27.455,ACH/USDT:USDT,0.021341,13950.0,0.021346,1260.0,0.021344,79496590.0,1725985.4393
1753460967655,16:29:27.655,ACH/USDT:USDT,0.021341,15840.0,0.021346,1260.0,0.021344,79496590.0,1725985.4393
1753460967755,16:29:27.755,ACH/USDT:USDT,0.021341,15840.0,0.021346,1260.0,0.021344,79496590.0,1725985.4393
1753460967855,16:29:27.855,ACH/USDT:USDT,0.021348,2230.0,0.021355,260.0,0.021346,79497770.0,1726010.6276
1753460967956,16:29:27.956,ACH/USDT:USDT,0.021348,3790.0,0.021355,260.0,0.021346,79497770.0,1726010.6276
1753460968055,16:29:28.055,ACH/USDT:USDT,0.021348,5140.0,0.021354,1260.0,0.021346,79497770.0,1726010.6276
1753460968255,16:29:28.255,ACH/USDT:USDT,0.021348,6810.0,0.021354,1260.0,0.021346,79497770.0,1726010.6276
1753460968355,16:29:28.355,ACH/USDT:USDT,0.021348,10890.0,0.021354,1260.0,0.021346,79497770.0,1726010.6276
1753460968655,16:29:28.655,ACH/USDT:USDT,0.021348,3420.0,0.021354,1260.0,0.021346,79497770.0,1726010.6276
1753460968755,16:29:28.755,ACH/USDT:USDT,0.021346,810.0,0.021353,1260.0,0.021346,79497770.0,1726010.6276
1753460968855,16:29:28.855,ACH/USDT:USDT,0.021346,8480.0,0.021353,1260.0,0.021346,79497770.0,1726010.6276
1753460968955,16:29:28.955,ACH/USDT:USDT,0.021346,8750.0,0.021353,1260.0,0.021346,79497770.0,1726010.6276
1753460969255,16:29:29.255,ACH/USDT:USDT,0.021348,5400.0,0.021355,260.0,0.021346,79497770.0,1726010.6276
1753460969455,16:29:29.455,ACH/USDT:USDT,0.021349,1220.0,0.021355,260.0,0.021346,79497770.0,1726010.6276
1753460969556,16:29:29.556,ACH/USDT:USDT,0.021349,6650.0,0.021355,260.0,0.021346,79497770.0,1726010.6276
1753460969855,16:29:29.855,ACH/USDT:USDT,0.021349,6650.0,0.021355,260.0,0.021346,79497770.0,1726010.6276
1753460970055,16:29:30.055,ACH/USDT:USDT,0.02135,340.0,0.021355,260.0,0.021346,79497770.0,1726010.6276
1753460970155,16:29:30.155,ACH/USDT:USDT,0.02135,2880.0,0.021355,260.0,0.021346,79497770.0,1726010.6276
1753460970255,16:29:30.255,ACH/USDT:USDT,0.021351,4880.0,0.021355,260.0,0.021346,79497770.0,1726010.6276
1753460970355,16:29:30.355,ACH/USDT:USDT,0.021354,6820.0,0.021355,260.0,0.021346,79497770.0,1726010.6276
1753460971055,16:29:31.055,ACH/USDT:USDT,0.021354,5060.0,0.021355,260.0,0.021346,79497770.0,1726010.6276
1753460971155,16:29:31.155,ACH/USDT:USDT,0.021354,270.0,0.021355,260.0,0.021346,79497770.0,1726010.6276
1753460971255,16:29:31.255,ACH/USDT:USDT,0.021348,1220.0,0.021355,260.0,0.021346,79497770.0,1726010.6276
1753460971355,16:29:31.355,ACH/USDT:USDT,0.021348,5210.0,0.021355,260.0,0.021346,79497770.0,1726010.6276
1753460971555,16:29:31.555,ACH/USDT:USDT,0.021349,1600.0,0.021355,260.0,0.021346,79497770.0,1726010.6276
1753460972355,16:29:32.355,ACH/USDT:USDT,0.021349,1220.0,0.021355,260.0,0.021346,79497770.0,1726010.6276
1753460972455,16:29:32.455,ACH/USDT:USDT,0.021349,2030.0,0.021355,260.0,0.021346,79497770.0,1726010.6276
1753460972655,16:29:32.655,ACH/USDT:USDT,0.021349,270.0,0.021354,1260.0,0.021346,79497770.0,1726010.6276
1753460972755,16:29:32.755,ACH/USDT:USDT,0.021343,580.0,0.021353,1260.0,0.021346,79497770.0,1726010.6276
1753460972855,16:29:32.855,ACH/USDT:USDT,0.021345,1490.0,0.021352,1260.0,0.021346,79497770.0,1726010.6276
1753460972955,16:29:32.955,ACH/USDT:USDT,0.021345,7930.0,0.021352,1260.0,0.021346,79497770.0,1726010.6276
1753460973055,16:29:33.055,ACH/USDT:USDT,0.021345,7660.0,0.021352,1260.0,0.021346,79497770.0,1726010.6276
1753460973555,16:29:33.555,ACH/USDT:USDT,0.021345,8200.0,0.021351,1260.0,0.021346,79497770.0,1726010.6276
1753460973655,16:29:33.655,ACH/USDT:USDT,0.021345,8200.0,0.02135,1260.0,0.021346,79497770.0,1726010.6276
1753460973855,16:29:33.855,ACH/USDT:USDT,0.021345,8200.0,0.021349,1260.0,0.021346,79497770.0,1726010.6276
1753460975755,16:29:35.755,ACH/USDT:USDT,0.021345,6980.0,0.021348,1260.0,0.021346,79497770.0,1726010.6276
1753460976755,16:29:36.755,ACH/USDT:USDT,0.021345,6980.0,0.021348,250.0,0.021348,79498780.0,1726032.189
1753460976855,16:29:36.855,ACH/USDT:USDT,0.021348,5390.0,0.021355,260.0,0.021348,79498780.0,1726032.189
1753460976955,16:29:36.955,ACH/USDT:USDT,0.021348,8270.0,0.021355,260.0,0.021348,79498780.0,1726032.189
1753460977355,16:29:37.355,ACH/USDT:USDT,0.021348,7930.0,0.021355,260.0,0.021348,79498780.0,1726032.189
1753460977455,16:29:37.455,ACH/USDT:USDT,0.021348,5050.0,0.021355,260.0,0.021348,79498780.0,1726032.189
1753460977655,16:29:37.655,ACH/USDT:USDT,0.021348,5050.0,0.021355,260.0,0.021348,79498780.0,1726032.189
1753460978255,16:29:38.255,ACH/USDT:USDT,0.021348,5860.0,0.021355,260.0,0.021348,79498780.0,1726032.189
1753460978355,16:29:38.355,ACH/USDT:USDT,0.021348,6130.0,0.021355,260.0,0.021348,79498780.0,1726032.189
1753460978456,16:29:38.456,ACH/USDT:USDT,0.021348,5050.0,0.021355,260.0,0.021348,79498780.0,1726032.189
1753460978655,16:29:38.655,ACH/USDT:USDT,0.021348,5590.0,0.021355,260.0,0.021348,79498780.0,1726032.189
1753460978755,16:29:38.755,ACH/USDT:USDT,0.021349,4780.0,0.021355,260.0,0.021348,79498780.0,1726032.189
1753460978855,16:29:38.855,ACH/USDT:USDT,0.021349,8470.0,0.021355,260.0,0.021348,79498780.0,1726032.189
1753460979155,16:29:39.155,ACH/USDT:USDT,0.021349,5050.0,0.021355,260.0,0.021348,79498780.0,1726032.189
1753460979255,16:29:39.255,ACH/USDT:USDT,0.021349,4780.0,0.021355,260.0,0.021348,79498780.0,1726032.189
1753460979755,16:29:39.755,ACH/USDT:USDT,0.021349,4780.0,0.021355,260.0,0.021348,79498780.0,1726032.189
1753460980255,16:29:40.255,ACH/USDT:USDT,0.02135,4780.0,0.021355,260.0,0.021348,79498780.0,1726032.189
1753460980355,16:29:40.355,ACH/USDT:USDT,0.021352,7120.0,0.021355,260.0,0.021348,79498780.0,1726032.189
1753460980555,16:29:40.555,ACH/USDT:USDT,0.021352,7800.0,0.021355,260.0,0.021348,79498780.0,1726032.189
1753460980655,16:29:40.655,ACH/USDT:USDT,0.021353,5120.0,0.021355,260.0,0.021348,79498780.0,1726032.189
1753460981155,16:29:41.155,ACH/USDT:USDT,0.021353,5900.0,0.021355,260.0,0.021348,79479600.0,1725608.7419
1753460981255,16:29:41.255,ACH/USDT:USDT,0.021353,5560.0,0.021355,260.0,0.021348,79479600.0,1725608.7419
1753460981355,16:29:41.355,ACH/USDT:USDT,0.021353,6640.0,0.021355,260.0,0.021348,79479600.0,1725608.7419
1753460981755,16:29:41.755,ACH/USDT:USDT,0.021353,6910.0,0.021355,260.0,0.021348,79479600.0,1725608.7419
1753460981855,16:29:41.855,ACH/USDT:USDT,0.021353,6100.0,0.021355,260.0,0.021348,79479600.0,1725608.7419
1753460981956,16:29:41.956,ACH/USDT:USDT,0.021353,2810.0,0.021355,260.0,0.021348,79479600.0,1725608.7419
1753460982055,16:29:42.055,ACH/USDT:USDT,0.021353,3620.0,0.021355,260.0,0.021348,79479600.0,1725608.7419
1753460982155,16:29:42.155,ACH/USDT:USDT,0.021353,5690.0,0.021355,260.0,0.021348,79479600.0,1725608.7419
1753460982655,16:29:42.655,ACH/USDT:USDT,0.021353,5960.0,0.021355,260.0,0.021348,79479600.0,1725608.7419
1753460982755,16:29:42.755,ACH/USDT:USDT,0.021353,5690.0,0.021355,260.0,0.021348,79479600.0,1725608.7419
1753460984556,16:29:44.556,ACH/USDT:USDT,0.021353,5690.0,0.021354,160.0,0.021348,79479600.0,1725608.7419
1753460985755,16:29:45.755,ACH/USDT:USDT,0.021353,5690.0,0.021354,400.0,0.021348,79479600.0,1725608.7419
1753460986155,16:29:46.155,ACH/USDT:USDT,0.021353,5960.0,0.021354,400.0,0.021348,79479600.0,1725608.7419
1753460986255,16:29:46.255,ACH/USDT:USDT,0.021353,2540.0,0.021354,400.0,0.021348,79479600.0,1725608.7419
1753460986355,16:29:46.355,ACH/USDT:USDT,0.021353,780.0,0.021354,400.0,0.021348,79479600.0,1725608.7419
1753460987155,16:29:47.155,ACH/USDT:USDT,0.02134,260.0,0.021349,1760.0,0.021353,79480380.0,1725625.3973
1753460987255,16:29:47.255,ACH/USDT:USDT,0.02134,260.0,0.021348,1750.0,0.021353,79480380.0,1725625.3973
1753460987355,16:29:47.355,ACH/USDT:USDT,0.02134,3520.0,0.021347,1260.0,0.021353,79480380.0,1725625.3973
1753460987455,16:29:47.455,ACH/USDT:USDT,0.02134,4440.0,0.021346,1260.0,0.021353,79480380.0,1725625.3973
1753460987555,16:29:47.555,ACH/USDT:USDT,0.02134,3520.0,0.021346,1260.0,0.021353,79480380.0,1725625.3973
1753460987655,16:29:47.655,ACH/USDT:USDT,0.02134,260.0,0.021345,1260.0,0.021353,79480380.0,1725625.3973
1753460987855,16:29:47.855,ACH/USDT:USDT,0.02134,260.0,0.021345,1260.0,0.021353,79480380.0,1725625.3973
1753460988055,16:29:48.055,ACH/USDT:USDT,0.02134,4920.0,0.021345,1260.0,0.021353,79480380.0,1725625.3973
1753460988455,16:29:48.455,ACH/USDT:USDT,0.02134,4920.0,0.021345,1260.0,0.021353,79480380.0,1725625.3973
1753460989055,16:29:49.055,ACH/USDT:USDT,0.021343,11710.0,0.021352,340.0,0.021345,79481640.0,1725652.292
1753460989155,16:29:49.155,ACH/USDT:USDT,0.021344,5120.0,0.021352,340.0,0.021345,79481640.0,1725652.292
1753460989356,16:29:49.356,ACH/USDT:USDT,0.021345,4780.0,0.021352,340.0,0.021345,79481640.0,1725652.292
1753460989455,16:29:49.455,ACH/USDT:USDT,0.021345,6540.0,0.021352,340.0,0.021345,79481640.0,1725652.292
1753460989555,16:29:49.555,ACH/USDT:USDT,0.021346,8700.0,0.021354,900.0,0.021345,79481640.0,1725652.292
1753460989655,16:29:49.655,ACH/USDT:USDT,0.021346,8700.0,0.021354,900.0,0.021345,79481640.0,1725652.292
1753460989755,16:29:49.755,ACH/USDT:USDT,0.021347,3260.0,0.021354,900.0,0.021345,79481640.0,1725652.292
1753460989856,16:29:49.856,ACH/USDT:USDT,0.021347,4620.0,0.021354,900.0,0.021345,79481640.0,1725652.292
1753460990055,16:29:50.055,ACH/USDT:USDT,0.021347,5600.0,0.021354,900.0,0.021345,79481640.0,1725652.292
1753460990555,16:29:50.555,ACH/USDT:USDT,0.021347,5600.0,0.021354,900.0,0.021345,79481640.0,1725652.292
1753460990855,16:29:50.855,ACH/USDT:USDT,0.021347,5600.0,0.021354,900.0,0.021345,79481640.0,1725652.292
1753460991455,16:29:51.455,ACH/USDT:USDT,0.021347,5600.0,0.021354,900.0,0.021345,79481640.0,1725652.292
1753460991655,16:29:51.655,ACH/USDT:USDT,0.021349,340.0,0.021354,400.0,0.021345,79481640.0,1725652.292
1753460991755,16:29:51.755,ACH/USDT:USDT,0.021349,11710.0,0.021354,400.0,0.021345,79481640.0,1725652.292
1753460991855,16:29:51.855,ACH/USDT:USDT,0.021349,11990.0,0.021354,400.0,0.021345,79481640.0,1725652.292
1753460991956,16:29:51.956,ACH/USDT:USDT,0.02135,1500.0,0.021354,400.0,0.021345,79481640.0,1725652.292
1753460992055,16:29:52.055,ACH/USDT:USDT,0.02135,4960.0,0.021354,400.0,0.021345,79481640.0,1725652.292
1753460992155,16:29:52.155,ACH/USDT:USDT,0.02135,4620.0,0.021354,400.0,0.021345,79481640.0,1725652.292
1753460992255,16:29:52.255,ACH/USDT:USDT,0.02135,4260.0,0.021354,400.0,0.021345,79481640.0,1725652.292
1753460992355,16:29:52.355,ACH/USDT:USDT,0.02135,1220.0,0.021354,400.0,0.021345,79481640.0,1725652.292
1753460992655,16:29:52.655,ACH/USDT:USDT,0.02135,4320.0,0.021354,400.0,0.021345,79481640.0,1725652.292
1753460992755,16:29:52.755,ACH/USDT:USDT,0.021351,1220.0,0.021354,400.0,0.021345,79481640.0,1725652.292
1753460992955,16:29:52.955,ACH/USDT:USDT,0.021351,1900.0,0.021354,400.0,0.021345,79481640.0,1725652.292
1753460993055,16:29:53.055,ACH/USDT:USDT,0.021351,4620.0,0.021354,400.0,0.021345,79481640.0,1725652.292
1753460993155,16:29:53.155,ACH/USDT:USDT,0.021357,4240.0,0.021365,260.0,0.021363,79483990.0,1725702.4866
1753460993256,16:29:53.256,ACH/USDT:USDT,0.021357,4380.0,0.021365,260.0,0.021363,79483990.0,1725702.4866
1753460993555,16:29:53.555,ACH/USDT:USDT,0.021357,4380.0,0.021365,260.0,0.021363,79483990.0,1725702.4866
1753460993655,16:29:53.655,ACH/USDT:USDT,0.021359,1220.0,0.021365,260.0,0.021363,79483990.0,1725702.4866
1753460994055,16:29:54.055,ACH/USDT:USDT,0.021359,2820.0,0.021365,260.0,0.021363,79483990.0,1725702.4866
1753460994455,16:29:54.455,ACH/USDT:USDT,0.02136,2030.0,0.021365,260.0,0.021363,79483990.0,1725702.4866
1753460994555,16:29:54.555,ACH/USDT:USDT,0.02136,1490.0,0.021365,260.0,0.021363,79483990.0,1725702.4866
1753460995555,16:29:55.555,ACH/USDT:USDT,0.02136,1830.0,0.021365,260.0,0.021363,79483990.0,1725702.4866
1753460995655,16:29:55.655,ACH/USDT:USDT,0.021362,500.0,0.021365,260.0,0.021363,79483990.0,1725702.4866
1753460995755,16:29:55.755,ACH/USDT:USDT,0.021362,1220.0,0.021365,260.0,0.021363,79483990.0,1725702.4866
1753460995855,16:29:55.855,ACH/USDT:USDT,0.021362,1900.0,0.021365,260.0,0.021363,79483990.0,1725702.4866
1753460995955,16:29:55.955,ACH/USDT:USDT,0.021362,1220.0,0.021365,260.0,0.021363,79483990.0,1725702.4866
1753460996555,16:29:56.555,ACH/USDT:USDT,0.021362,1220.0,0.021365,260.0,0.021363,79483990.0,1725702.4866
1753460998355,16:29:58.355,ACH/USDT:USDT,0.021362,1220.0,0.021365,260.0,0.021363,79483990.0,1725702.4866
1753460998455,16:29:58.455,ACH/USDT:USDT,0.021362,1900.0,0.021365,260.0,0.021363,79483990.0,1725702.4866
1753460998555,16:29:58.555,ACH/USDT:USDT,0.021362,1220.0,0.021365,260.0,0.021363,79483990.0,1725702.4866
1753460998955,16:29:58.955,ACH/USDT:USDT,0.021362,1220.0,0.021365,260.0,0.021363,79483990.0,1725702.4866
1753460999155,16:29:59.155,ACH/USDT:USDT,0.021363,1220.0,0.021365,260.0,0.021363,79483990.0,1725702.4866
1753460999255,16:29:59.255,ACH/USDT:USDT,0.021363,3260.0,0.021365,260.0,0.021363,79483990.0,1725702.4866
1753460999355,16:29:59.355,ACH/USDT:USDT,0.021363,3940.0,0.021365,260.0,0.021363,79483990.0,1725702.4866
1753460999456,16:29:59.456,ACH/USDT:USDT,0.021363,4620.0,0.021365,260.0,0.021363,79483990.0,1725702.4866
1753460999856,16:29:59.856,ACH/USDT:USDT,0.021363,4620.0,0.021365,260.0,0.021363,79483990.0,1725702.4866
1753461000155,16:30:00.155,ACH/USDT:USDT,0.021363,3400.0,0.021365,260.0,0.021363,79483990.0,1725702.4866
1753461000255,16:30:00.255,ACH/USDT:USDT,0.021356,1120.0,0.021365,260.0,0.021363,79483990.0,1725702.4866
1753461000355,16:30:00.355,ACH/USDT:USDT,0.021354,1220.0,0.021364,1590.0,0.021363,79483990.0,1725702.4866
1753461000555,16:30:00.555,ACH/USDT:USDT,0.021355,4950.0,0.021364,1590.0,0.021363,79483990.0,1725702.4866
1753461000655,16:30:00.655,ACH/USDT:USDT,0.021362,5900.0,0.02137,760.0,0.021365,79486000.0,1725745.429
1753461000755,16:30:00.755,ACH/USDT:USDT,0.021363,1220.0,0.02137,760.0,0.021365,79486000.0,1725745.429
1753461000855,16:30:00.855,ACH/USDT:USDT,0.021364,1220.0,0.02137,760.0,0.021365,79486000.0,1725745.429
1753461000955,16:30:00.955,ACH/USDT:USDT,0.021365,1220.0,0.02137,760.0,0.021365,79486000.0,1725745.429
1753461001355,16:30:01.355,ACH/USDT:USDT,0.021365,1220.0,0.02137,760.0,0.021365,79486000.0,1725745.429
1753461001455,16:30:01.455,ACH/USDT:USDT,0.021366,1220.0,0.02137,760.0,0.021365,79486000.0,1725745.429
1753461001955,16:30:01.955,ACH/USDT:USDT,0.021366,1220.0,0.02137,760.0,0.021365,79486000.0,1725745.429
1753461002255,16:30:02.255,ACH/USDT:USDT,0.021366,1220.0,0.02137,760.0,0.021365,79486000.0,1725745.429
1753461003455,16:30:03.455,ACH/USDT:USDT,0.021366,1220.0,0.02137,260.0,0.021365,79486000.0,1725745.429
1753461003955,16:30:03.955,ACH/USDT:USDT,0.021367,1220.0,0.02137,260.0,0.021365,79486000.0,1725745.429
1753461004055,16:30:04.055,ACH/USDT:USDT,0.021369,500.0,0.02137,260.0,0.021365,79486000.0,1725745.429
1753461004155,16:30:04.155,ACH/USDT:USDT,0.021368,1220.0,0.02137,260.0,0.021365,79486000.0,1725745.429
1753461004255,16:30:04.255,ACH/USDT:USDT,0.021368,4780.0,0.02137,260.0,0.021365,79486000.0,1725745.429
1753461004355,16:30:04.355,ACH/USDT:USDT,0.021368,4780.0,0.02137,260.0,0.021365,79486000.0,1725745.429
1753461004555,16:30:04.555,ACH/USDT:USDT,0.02137,1220.0,0.021375,260.0,0.021371,79486500.0,1725756.1143
1753461004655,16:30:04.655,ACH/USDT:USDT,0.02137,4780.0,0.021375,260.0,0.021371,79486500.0,1725756.1143
1753461004756,16:30:04.756,ACH/USDT:USDT,0.02137,5460.0,0.021375,260.0,0.021371,79486500.0,1725756.1143
1753461005855,16:30:05.855,ACH/USDT:USDT,0.02137,5460.0,0.021375,260.0,0.021371,79486500.0,1725756.1143
1753461005955,16:30:05.955,ACH/USDT:USDT,0.02137,4780.0,0.021375,260.0,0.021371,79486500.0,1725756.1143
1753461006355,16:30:06.355,ACH/USDT:USDT,0.021374,4060.0,0.021375,260.0,0.021371,79486500.0,1725756.1143
1753461006455,16:30:06.455,ACH/USDT:USDT,0.021374,4740.0,0.021375,260.0,0.021371,79486500.0,1725756.1143
1753461006955,16:30:06.955,ACH/USDT:USDT,0.021366,2240.0,0.021375,260.0,0.021371,79486500.0,1725756.1143
1753461007055,16:30:07.055,ACH/USDT:USDT,0.021367,1220.0,0.021375,600.0,0.021371,79486500.0,1725756.1143
1753461007155,16:30:07.155,ACH/USDT:USDT,0.021367,3060.0,0.021375,600.0,0.021371,79486500.0,1725756.1143
1753461007256,16:30:07.256,ACH/USDT:USDT,0.021367,4930.0,0.021375,600.0,0.021371,79486500.0,1725756.1143
1753461007555,16:30:07.555,ACH/USDT:USDT,0.021367,6790.0,0.021375,600.0,0.021371,79486500.0,1725756.1143
1753461007955,16:30:07.955,ACH/USDT:USDT,0.021367,1220.0,0.021375,600.0,0.021371,79486500.0,1725756.1143
1753461008055,16:30:08.055,ACH/USDT:USDT,0.021368,14610.0,0.021375,260.0,0.021371,79486500.0,1725756.1143
1753461008155,16:30:08.155,ACH/USDT:USDT,0.021369,12910.0,0.021375,260.0,0.021371,79486500.0,1725756.1143
1753461008255,16:30:08.255,ACH/USDT:USDT,0.02137,4770.0,0.021375,260.0,0.021371,79486500.0,1725756.1143
1753461008356,16:30:08.356,ACH/USDT:USDT,0.02137,5340.0,0.021375,260.0,0.021371,79486500.0,1725756.1143
1753461008455,16:30:08.455,ACH/USDT:USDT,0.02137,5040.0,0.021375,260.0,0.021371,79486500.0,1725756.1143
1753461008855,16:30:08.855,ACH/USDT:USDT,0.02137,5040.0,0.021375,260.0,0.021371,79486500.0,1725756.1143
1753461009655,16:30:09.655,ACH/USDT:USDT,0.021364,1220.0,0.021375,760.0,0.021371,79486500.0,1725756.1143
1753461009755,16:30:09.755,ACH/USDT:USDT,0.021364,1220.0,0.021375,760.0,0.021371,79486500.0,1725756.1143
1753461010055,16:30:10.055,ACH/USDT:USDT,0.021364,1560.0,0.021375,760.0,0.021371,79486500.0,1725756.1143
1753461010655,16:30:10.655,ACH/USDT:USDT,0.021364,1220.0,0.021373,340.0,0.021371,79486500.0,1725756.1143
1753461010755,16:30:10.755,ACH/USDT:USDT,0.021354,340.0,0.021367,340.0,0.021371,79486500.0,1725756.1143
1753461010855,16:30:10.855,ACH/USDT:USDT,0.021355,13190.0,0.021365,340.0,0.021371,79486500.0,1725756.1143
1753461010955,16:30:10.955,ACH/USDT:USDT,0.021356,790.0,0.021365,340.0,0.021371,79486500.0,1725756.1143
1753461011255,16:30:11.255,ACH/USDT:USDT,0.021356,2680.0,0.021365,340.0,0.021371,79486500.0,1725756.1143
1753461011755,16:30:11.755,ACH/USDT:USDT,0.021356,2980.0,0.021365,340.0,0.021371,79486500.0,1725756.1143
1753461011955,16:30:11.955,ACH/USDT:USDT,0.021357,3110.0,0.021365,340.0,0.021371,79486500.0,1725756.1143
1753461012155,16:30:12.155,ACH/USDT:USDT,0.021358,2390.0,0.021365,340.0,0.021371,79486500.0,1725756.1143
1753461012255,16:30:12.255,ACH/USDT:USDT,0.021358,4730.0,0.021365,340.0,0.021371,79486500.0,1725756.1143
1753461012355,16:30:12.355,ACH/USDT:USDT,0.02136,2230.0,0.021367,340.0,0.021371,79486500.0,1725756.1143
1753461012455,16:30:12.455,ACH/USDT:USDT,0.021362,2230.0,0.021371,340.0,0.021371,79486500.0,1725756.1143
1753461012555,16:30:12.555,ACH/USDT:USDT,0.021363,3110.0,0.021371,340.0,0.021371,79486500.0,1725756.1143
1753461012955,16:30:12.955,ACH/USDT:USDT,0.021364,1720.0,0.021373,340.0,0.021371,79486500.0,1725756.1143
1753461013055,16:30:13.055,ACH/USDT:USDT,0.021367,1220.0,0.021373,340.0,0.021371,79486500.0,1725756.1143
1753461013155,16:30:13.155,ACH/USDT:USDT,0.021368,1220.0,0.021375,760.0,0.021371,79486500.0,1725756.1143
1753461013255,16:30:13.255,ACH/USDT:USDT,0.021369,1220.0,0.021375,760.0,0.021371,79486500.0,1725756.1143
1753461013455,16:30:13.455,ACH/USDT:USDT,0.02136,2680.0,0.021372,340.0,0.021371,79486500.0,1725756.1143
1753461013655,16:30:13.655,ACH/USDT:USDT,0.021361,1220.0,0.021372,340.0,0.021371,79486500.0,1725756.1143
1753461013855,16:30:13.855,ACH/USDT:USDT,0.021361,1560.0,0.021372,340.0,0.021371,79486500.0,1725756.1143
1753461013955,16:30:13.955,ACH/USDT:USDT,0.021361,1560.0,0.021372,340.0,0.021371,79486500.0,1725756.1143
1753461014055,16:30:14.055,ACH/USDT:USDT,0.021361,1220.0,0.021372,340.0,0.021371,79486500.0,1725756.1143
1753461014555,16:30:14.555,ACH/USDT:USDT,0.021361,1220.0,0.021372,340.0,0.021371,79486500.0,1725756.1143
1753461015355,16:30:15.355,ACH/USDT:USDT,0.021361,1780.0,0.021372,340.0,0.021371,79486500.0,1725756.1143
1753461015455,16:30:15.455,ACH/USDT:USDT,0.021361,1220.0,0.021372,340.0,0.021371,79486500.0,1725756.1143
1753461015555,16:30:15.555,ACH/USDT:USDT,0.021362,1720.0,0.021372,340.0,0.021371,79486500.0,1725756.1143
1753461016055,16:30:16.055,ACH/USDT:USDT,0.021362,1220.0,0.021372,340.0,0.021371,79486500.0,1725756.1143
1753461016355,16:30:16.355,ACH/USDT:USDT,0.021363,1220.0,0.021372,340.0,0.021371,79486500.0,1725756.1143
1753461016955,16:30:16.955,ACH/USDT:USDT,0.021363,1220.0,0.021372,340.0,0.021371,79486500.0,1725756.1143
1753461019055,16:30:19.055,ACH/USDT:USDT,0.021363,1220.0,0.021372,340.0,0.021371,79486500.0,1725756.1143
1753461019455,16:30:19.455,ACH/USDT:USDT,0.021364,1720.0,0.021372,340.0,0.021371,79486500.0,1725756.1143
1753461019555,16:30:19.555,ACH/USDT:USDT,0.021365,13420.0,0.021375,760.0,0.021371,79486500.0,1725756.1143
1753461019655,16:30:19.655,ACH/USDT:USDT,0.021369,1220.0,0.021375,260.0,0.021371,79486500.0,1725756.1143
1753461020255,16:30:20.255,ACH/USDT:USDT,0.021369,1220.0,0.021372,340.0,0.021371,79486500.0,1725756.1143
1753461020355,16:30:20.355,ACH/USDT:USDT,0.02136,340.0,0.021372,340.0,0.021371,79486500.0,1725756.1143
1753461020455,16:30:20.455,ACH/USDT:USDT,0.021364,1720.0,0.021372,340.0,0.021371,79486500.0,1725756.1143
1753461020655,16:30:20.655,ACH/USDT:USDT,0.021365,1220.0,0.021372,340.0,0.021371,79486500.0,1725756.1143
1753461021955,16:30:21.955,ACH/USDT:USDT,0.021358,340.0,0.02137,330.0,0.021371,79486500.0,1725756.1143
1753461022155,16:30:22.155,ACH/USDT:USDT,0.021358,3890.0,0.02137,330.0,0.021371,79486500.0,1725756.1143
1753461023855,16:30:23.855,ACH/USDT:USDT,0.021358,3890.0,0.02137,330.0,0.021371,79486500.0,1725756.1143
1753461023955,16:30:23.955,ACH/USDT:USDT,0.021359,5100.0,0.02137,330.0,0.021371,79486500.0,1725756.1143
1753461024155,16:30:24.155,ACH/USDT:USDT,0.021361,3880.0,0.02137,330.0,0.021371,79486500.0,1725756.1143
1753461024755,16:30:24.755,ACH/USDT:USDT,0.021361,3880.0,0.02137,330.0,0.021371,79486500.0,1725756.1143
1753461026055,16:30:26.055,ACH/USDT:USDT,0.021355,1120.0,0.021366,330.0,0.021371,79486500.0,1725756.1143
1753461026156,16:30:26.156,ACH/USDT:USDT,0.021353,17800.0,0.02136,330.0,0.021371,79486500.0,1725756.1143
1753461026255,16:30:26.255,ACH/USDT:USDT,0.02135,500.0,0.02136,330.0,0.021371,79424660.0,1724389.198
1753461026555,16:30:26.555,ACH/USDT:USDT,0.02135,500.0,0.02136,330.0,0.021371,79424660.0,1724389.198
1753461027455,16:30:27.455,ACH/USDT:USDT,0.021351,1550.0,0.02136,330.0,0.021371,79424660.0,1724389.198
1753461027555,16:30:27.555,ACH/USDT:USDT,0.021358,1220.0,0.021364,330.0,0.021371,79424660.0,1724389.198
1753461027755,16:30:27.755,ACH/USDT:USDT,0.021359,1220.0,0.021364,330.0,0.021371,79424660.0,1724389.198
1753461027855,16:30:27.855,ACH/USDT:USDT,0.02136,1220.0,0.021368,330.0,0.021371,79424660.0,1724389.198
1753461028855,16:30:28.855,ACH/USDT:USDT,0.021361,1220.0,0.021368,330.0,0.021371,79424660.0,1724389.198
1753461029055,16:30:29.055,ACH/USDT:USDT,0.021362,1220.0,0.021368,330.0,0.021371,79424660.0,1724389.198
1753461030055,16:30:30.055,ACH/USDT:USDT,0.021363,1220.0,0.021368,330.0,0.021371,79424660.0,1724389.198
1753461030355,16:30:30.355,ACH/USDT:USDT,0.021355,410.0,0.021366,330.0,0.021371,79424660.0,1724389.198
1753461030456,16:30:30.456,ACH/USDT:USDT,0.021355,3970.0,0.021366,330.0,0.021371,79424660.0,1724389.198
1753461030556,16:30:30.556,ACH/USDT:USDT,0.021357,3890.0,0.021366,330.0,0.021371,79424660.0,1724389.198
1753461031255,16:30:31.255,ACH/USDT:USDT,0.021357,3560.0,0.021366,330.0,0.021371,79424660.0,1724389.198
1753461031355,16:30:31.355,ACH/USDT:USDT,0.02135,500.0,0.021362,330.0,0.021371,79424660.0,1724389.198
1753461031455,16:30:31.455,ACH/USDT:USDT,0.02135,980.0,0.021362,330.0,0.021371,79424660.0,1724389.198
1753461031555,16:30:31.555,ACH/USDT:USDT,0.021354,1220.0,0.021362,610.0,0.021371,79424660.0,1724389.198
1753461032555,16:30:32.555,ACH/USDT:USDT,0.021354,1220.0,0.021362,610.0,0.021371,79424660.0,1724389.198
1753461033755,16:30:33.755,ACH/USDT:USDT,0.021354,1220.0,0.021362,610.0,0.021371,79424660.0,1724389.198
1753461035456,16:30:35.456,ACH/USDT:USDT,0.02135,500.0,0.021362,610.0,0.021371,79424660.0,1724389.198
1753461035655,16:30:35.655,ACH/USDT:USDT,0.02135,500.0,0.021359,330.0,0.021371,79424660.0,1724389.198
1753461035755,16:30:35.755,ACH/USDT:USDT,0.02135,500.0,0.021356,280.0,0.021371,79424660.0,1724389.198
1753461036755,16:30:36.755,ACH/USDT:USDT,0.02135,500.0,0.021356,780.0,0.021371,79424660.0,1724389.198
1753461037055,16:30:37.055,ACH/USDT:USDT,0.02135,500.0,0.021356,780.0,0.021371,79424660.0,1724389.198
1753461038355,16:30:38.355,ACH/USDT:USDT,0.021345,840.0,0.02135,620.0,0.02135,79425160.0,1724399.873
1753461038455,16:30:38.455,ACH/USDT:USDT,0.021345,260.0,0.02135,620.0,0.02135,79425160.0,1724399.873
1753461038855,16:30:38.855,ACH/USDT:USDT,0.021345,260.0,0.02135,620.0,0.02135,79425160.0,1724399.873
1753461039355,16:30:39.355,ACH/USDT:USDT,0.021345,260.0,0.021346,500.0,0.02135,79425160.0,1724399.873
1753461039455,16:30:39.455,ACH/USDT:USDT,0.021345,260.0,0.021346,780.0,0.02135,79425160.0,1724399.873
1753461039755,16:30:39.755,ACH/USDT:USDT,0.021345,260.0,0.021346,780.0,0.02135,79425160.0,1724399.873
1753461040055,16:30:40.055,ACH/USDT:USDT,0.021345,260.0,0.021346,780.0,0.02135,79425160.0,1724399.873
1753461040655,16:30:40.655,ACH/USDT:USDT,0.021345,260.0,0.021346,780.0,0.02135,79425160.0,1724399.873
1753461041255,16:30:41.255,ACH/USDT:USDT,0.021345,260.0,0.021346,780.0,0.02135,79425160.0,1724399.873
1753461041855,16:30:41.855,ACH/USDT:USDT,0.021345,260.0,0.021346,780.0,0.02135,79425160.0,1724399.873
1753461042055,16:30:42.055,ACH/USDT:USDT,0.021345,260.0,0.021346,103140.0,0.02135,79425160.0,1724399.873
1753461042755,16:30:42.755,ACH/USDT:USDT,0.021345,260.0,0.021346,103140.0,0.02135,79425160.0,1724399.873
1753461044155,16:30:44.155,ACH/USDT:USDT,0.021345,260.0,0.021346,102640.0,0.02135,79425160.0,1724399.873
1753461044355,16:30:44.355,ACH/USDT:USDT,0.021345,1380.0,0.021346,102640.0,0.02135,79425160.0,1724399.873
1753461044457,16:30:44.457,ACH/USDT:USDT,0.021356,1220.0,0.021366,500.0,0.021346,79527800.0,1726590.8264
1753461044555,16:30:44.555,ACH/USDT:USDT,0.021357,1560.0,0.021366,500.0,0.021346,79527800.0,1726590.8264
1753461044755,16:30:44.755,ACH/USDT:USDT,0.021358,1720.0,0.021368,340.0,0.021346,79527800.0,1726590.8264
1753461044955,16:30:44.955,ACH/USDT:USDT,0.021359,1220.0,0.021365,340.0,0.021346,79527800.0,1726590.8264
1753461045755,16:30:45.755,ACH/USDT:USDT,0.021359,1220.0,0.021365,340.0,0.021346,79527800.0,1726590.8264
1753461046955,16:30:46.955,ACH/USDT:USDT,0.02136,1220.0,0.021368,340.0,0.021346,79527800.0,1726590.8264
1753461047155,16:30:47.155,ACH/USDT:USDT,0.021361,1220.0,0.021368,340.0,0.021346,79527800.0,1726590.8264
1753461047255,16:30:47.255,ACH/USDT:USDT,0.021361,1220.0,0.021368,340.0,0.021346,79527800.0,1726590.8264
1753461047555,16:30:47.555,ACH/USDT:USDT,0.021361,1220.0,0.021368,340.0,0.021346,79527800.0,1726590.8264
1753461049055,16:30:49.055,ACH/USDT:USDT,0.021362,1220.0,0.021368,340.0,0.021346,79527800.0,1726590.8264
1753461049355,16:30:49.355,ACH/USDT:USDT,0.021363,1550.0,0.02137,260.0,0.021346,79527800.0,1726590.8264
1753461049455,16:30:49.455,ACH/USDT:USDT,0.021364,1220.0,0.02137,260.0,0.021346,79527800.0,1726590.8264
1753461049555,16:30:49.555,ACH/USDT:USDT,0.021364,1720.0,0.02137,260.0,0.021346,79527800.0,1726590.8264
1753461049655,16:30:49.655,ACH/USDT:USDT,0.021365,1220.0,0.02137,260.0,0.021346,79527800.0,1726590.8264
1753461049955,16:30:49.955,ACH/USDT:USDT,0.021366,1710.0,0.02137,260.0,0.021346,79527800.0,1726590.8264
1753461050055,16:30:50.055,ACH/USDT:USDT,0.021366,1220.0,0.02137,260.0,0.021346,79527800.0,1726590.8264
1753461050155,16:30:50.155,ACH/USDT:USDT,0.021367,1220.0,0.02137,260.0,0.021346,79527800.0,1726590.8264
1753461050255,16:30:50.255,ACH/USDT:USDT,0.021367,1220.0,0.02137,260.0,0.021346,79527800.0,1726590.8264
1753461050555,16:30:50.555,ACH/USDT:USDT,0.021367,1220.0,0.02137,260.0,0.021346,79527800.0,1726590.8264
1753461050755,16:30:50.755,ACH/USDT:USDT,0.021368,1220.0,0.02137,260.0,0.021346,79527800.0,1726590.8264
1753461050855,16:30:50.855,ACH/USDT:USDT,0.021369,1220.0,0.02137,260.0,0.021346,79527800.0,1726590.8264
1753461050955,16:30:50.955,ACH/USDT:USDT,0.02137,1220.0,0.021375,260.0,0.02137,79528060.0,1726596.3826
1753461051055,16:30:51.055,ACH/USDT:USDT,0.021373,1220.0,0.021375,260.0,0.02137,79528060.0,1726596.3826
1753461051155,16:30:51.155,ACH/USDT:USDT,0.021374,1220.0,0.021375,260.0,0.02137,79528060.0,1726596.3826
1753461051455,16:30:51.455,ACH/USDT:USDT,0.021374,1220.0,0.021375,260.0,0.02137,79528060.0,1726596.3826
1753461051756,16:30:51.756,ACH/USDT:USDT,0.021374,1220.0,0.021375,260.0,0.02137,79528060.0,1726596.3826
1753461051855,16:30:51.855,ACH/USDT:USDT,0.021374,3560.0,0.021375,260.0,0.02137,79528060.0,1726596.3826
1753461051955,16:30:51.955,ACH/USDT:USDT,0.021375,1220.0,0.021377,1580.0,0.021375,79528320.0,1726601.9401
1753461052055,16:30:52.055,ACH/USDT:USDT,0.021377,1220.0,0.021378,1830.0,0.021377,79529900.0,1726635.7158
1753461052155,16:30:52.155,ACH/USDT:USDT,0.021377,4780.0,0.021378,1830.0,0.021377,79529900.0,1726635.7158
1753461052355,16:30:52.355,ACH/USDT:USDT,0.021379,1220.0,0.02138,260.0,0.021378,79531730.0,1726674.8375
1753461052455,16:30:52.455,ACH/USDT:USDT,0.021379,5280.0,0.02138,260.0,0.021378,79531730.0,1726674.8375
1753461052555,16:30:52.555,ACH/USDT:USDT,0.021384,7120.0,0.021385,260.0,0.02138,79531990.0,1726680.3963
1753461052655,16:30:52.655,ACH/USDT:USDT,0.021384,7120.0,0.021385,260.0,0.02138,79531990.0,1726680.3963
1753461052955,16:30:52.955,ACH/USDT:USDT,0.021384,7120.0,0.021385,260.0,0.02138,79531990.0,1726680.3963
1753461053155,16:30:53.155,ACH/USDT:USDT,0.021384,3560.0,0.021385,260.0,0.02138,79531990.0,1726680.3963
1753461053255,16:30:53.255,ACH/USDT:USDT,0.021384,1220.0,0.021385,260.0,0.02138,79531990.0,1726680.3963
1753461053755,16:30:53.755,ACH/USDT:USDT,0.021379,14030.0,0.021385,260.0,0.02138,79531990.0,1726680.3963
1753461053855,16:30:53.855,ACH/USDT:USDT,0.021379,17580.0,0.021385,260.0,0.02138,79531990.0,1726680.3963
1753461054455,16:30:54.455,ACH/USDT:USDT,0.021379,15240.0,0.021385,260.0,0.02138,79531990.0,1726680.3963
1753461055055,16:30:55.055,ACH/USDT:USDT,0.021379,15240.0,0.021385,260.0,0.02138,79531990.0,1726680.3963
1753461055355,16:30:55.355,ACH/USDT:USDT,0.021379,3550.0,0.021385,260.0,0.02138,79531990.0,1726680.3963
1753461055555,16:30:55.555,ACH/USDT:USDT,0.02138,5270.0,0.021385,260.0,0.02138,79531990.0,1726680.3963
1753461055655,16:30:55.655,ACH/USDT:USDT,0.02138,7610.0,0.021385,260.0,0.02138,79531990.0,1726680.3963
1753461055955,16:30:55.955,ACH/USDT:USDT,0.02138,7610.0,0.021385,260.0,0.02138,79531990.0,1726680.3963
1753461056155,16:30:56.155,ACH/USDT:USDT,0.021386,3880.0,0.021395,260.0,0.021393,79535860.0,1726763.1809
1753461056255,16:30:56.255,ACH/USDT:USDT,0.021388,330.0,0.021395,260.0,0.021393,79535860.0,1726763.1809
1753461056555,16:30:56.555,ACH/USDT:USDT,0.021386,330.0,0.021395,260.0,0.021393,79535860.0,1726763.1809
1753461056655,16:30:56.655,ACH/USDT:USDT,0.021386,2670.0,0.021395,260.0,0.021393,79535860.0,1726763.1809
1753461056855,16:30:56.855,ACH/USDT:USDT,0.021389,1260.0,0.021395,260.0,0.021393,79535860.0,1726763.1809
1753461057055,16:30:57.055,ACH/USDT:USDT,0.02139,1260.0,0.021395,260.0,0.021393,79535860.0,1726763.1809
1753461057455,16:30:57.455,ACH/USDT:USDT,0.021391,1260.0,0.021395,260.0,0.021393,79535860.0,1726763.1809
1753461057655,16:30:57.655,ACH/USDT:USDT,0.021392,1260.0,0.021395,260.0,0.021393,79535860.0,1726763.1809
1753461057955,16:30:57.955,ACH/USDT:USDT,0.021393,1260.0,0.021395,260.0,0.021393,79535860.0,1726763.1809
1753461058155,16:30:58.155,ACH/USDT:USDT,0.021394,1260.0,0.021395,260.0,0.021393,79535860.0,1726763.1809
1753461058355,16:30:58.355,ACH/USDT:USDT,0.021394,1260.0,0.021395,260.0,0.021393,79535860.0,1726763.1809
1753461058655,16:30:58.655,ACH/USDT:USDT,0.021394,1260.0,0.021395,260.0,0.021393,79535860.0,1726763.1809
1753461058755,16:30:58.755,ACH/USDT:USDT,0.021394,1260.0,0.021395,740.0,0.021393,79535860.0,1726763.1809
1753461058955,16:30:58.955,ACH/USDT:USDT,0.021394,1260.0,0.021395,740.0,0.021393,79535860.0,1726763.1809
1753461059555,16:30:59.555,ACH/USDT:USDT,0.021394,1260.0,0.021395,740.0,0.021393,79535860.0,1726763.1809
1753461060755,16:31:00.755,ACH/USDT:USDT,0.021388,1260.0,0.021395,740.0,0.021393,79535860.0,1726763.1809
1753461060855,16:31:00.855,ACH/USDT:USDT,0.021388,3600.0,0.021395,740.0,0.021393,79535860.0,1726763.1809
1753461061055,16:31:01.055,ACH/USDT:USDT,0.021389,1590.0,0.021395,740.0,0.021393,79535860.0,1726763.1809
1753461061155,16:31:01.155,ACH/USDT:USDT,0.02139,1260.0,0.021395,740.0,0.021393,79535860.0,1726763.1809
1753461061455,16:31:01.455,ACH/USDT:USDT,0.021391,1260.0,0.021395,740.0,0.021393,79535860.0,1726763.1809
1753461061555,16:31:01.555,ACH/USDT:USDT,0.021392,1260.0,0.021395,740.0,0.021393,79535860.0,1726763.1809
1753461061855,16:31:01.855,ACH/USDT:USDT,0.021393,1260.0,0.021395,740.0,0.021393,79535860.0,1726763.1809
1753461061955,16:31:01.955,ACH/USDT:USDT,0.021393,1260.0,0.021395,740.0,0.021393,79535860.0,1726763.1809
1753461062255,16:31:02.255,ACH/USDT:USDT,0.021393,1260.0,0.021395,740.0,0.021393,79535860.0,1726763.1809
1753461062655,16:31:02.655,ACH/USDT:USDT,0.021394,1260.0,0.021395,740.0,0.021393,79535860.0,1726763.1809
1753461062755,16:31:02.755,ACH/USDT:USDT,0.021395,1760.0,0.021396,10.0,0.021395,79536600.0,1726779.0132
1753461062855,16:31:02.855,ACH/USDT:USDT,0.021395,1760.0,0.021396,10.0,0.021395,79536600.0,1726779.0132
1753461062955,16:31:02.955,ACH/USDT:USDT,0.021395,1260.0,0.021396,10.0,0.021395,79536600.0,1726779.0132
1753461063155,16:31:03.155,ACH/USDT:USDT,0.021395,1260.0,0.021396,10.0,0.021395,79536600.0,1726779.0132
1753461063455,16:31:03.455,ACH/USDT:USDT,0.021395,1260.0,0.021396,10.0,0.021395,79536600.0,1726779.0132
1753461063755,16:31:03.755,ACH/USDT:USDT,0.021395,6310.0,0.021396,10.0,0.021395,79536600.0,1726779.0132
1753461064055,16:31:04.055,ACH/USDT:USDT,0.021404,1260.0,0.021405,260.0,0.0214,79536870.0,1726784.7912
1753461064155,16:31:04.155,ACH/USDT:USDT,0.021404,1260.0,0.021405,260.0,0.0214,79536870.0,1726784.7912
1753461064355,16:31:04.355,ACH/USDT:USDT,0.021404,1260.0,0.021405,260.0,0.0214,79536870.0,1726784.7912
1753461064655,16:31:04.655,ACH/USDT:USDT,0.021404,1260.0,0.02141,260.0,0.021405,79537130.0,1726790.3565
1753461064755,16:31:04.755,ACH/USDT:USDT,0.021405,1260.0,0.02141,260.0,0.021405,79537130.0,1726790.3565
1753461064955,16:31:04.955,ACH/USDT:USDT,0.021406,1260.0,0.02141,260.0,0.021405,79537130.0,1726790.3565
1753461065055,16:31:05.055,ACH/USDT:USDT,0.021407,1260.0,0.02141,260.0,0.021405,79537130.0,1726790.3565
1753461065155,16:31:05.155,ACH/USDT:USDT,0.021408,1260.0,0.02141,260.0,0.021405,79537130.0,1726790.3565
1753461065455,16:31:05.455,ACH/USDT:USDT,0.021409,1260.0,0.02141,260.0,0.021405,79537130.0,1726790.3565
1753461065855,16:31:05.855,ACH/USDT:USDT,0.021409,1260.0,0.02141,260.0,0.021405,79537130.0,1726790.3565
1753461069055,16:31:09.055,ACH/USDT:USDT,0.02141,1260.0,0.021415,260.0,0.02141,79537390.0,1726795.9231
1753461069155,16:31:09.155,ACH/USDT:USDT,0.02141,12000.0,0.021415,260.0,0.02141,79537390.0,1726795.9231
1753461069255,16:31:09.255,ACH/USDT:USDT,0.02141,17050.0,0.021415,260.0,0.02141,79537390.0,1726795.9231
1753461069355,16:31:09.355,ACH/USDT:USDT,0.021411,6310.0,0.021415,260.0,0.02141,79537390.0,1726795.9231
1753461069455,16:31:09.455,ACH/USDT:USDT,0.021412,6310.0,0.021415,260.0,0.02141,79537390.0,1726795.9231
1753461069655,16:31:09.655,ACH/USDT:USDT,0.021413,6310.0,0.021415,260.0,0.02141,79537390.0,1726795.9231
1753461069755,16:31:09.755,ACH/USDT:USDT,0.021418,1260.0,0.021419,10.0,0.021415,79537650.0,1726801.491
1753461069855,16:31:09.855,ACH/USDT:USDT,0.021418,1260.0,0.021419,10.0,0.021415,79537650.0,1726801.491
1753461070055,16:31:10.055,ACH/USDT:USDT,0.021418,2220.0,0.021419,10.0,0.021415,79537650.0,1726801.491
1753461070155,16:31:10.155,ACH/USDT:USDT,0.021418,1260.0,0.021419,10.0,0.021415,79537650.0,1726801.491
1753461070355,16:31:10.355,ACH/USDT:USDT,0.021418,1260.0,0.021419,10.0,0.021415,79537650.0,1726801.491
1753461070655,16:31:10.655,ACH/USDT:USDT,0.021418,1260.0,0.021419,10.0,0.021415,79537650.0,1726801.491
1753461071255,16:31:11.255,ACH/USDT:USDT,0.021418,1260.0,0.021419,10.0,0.021415,79537650.0,1726801.491
1753461071455,16:31:11.455,ACH/USDT:USDT,0.021418,1260.0,0.021419,10.0,0.021415,79484940.0,1725636.8028
1753461071855,16:31:11.855,ACH/USDT:USDT,0.021418,1260.0,0.021425,1380.0,0.02142,79485230.0,1725643.0146
1753461071955,16:31:11.955,ACH/USDT:USDT,0.021423,1260.0,0.021425,260.0,0.02142,79485230.0,1725643.0146
1753461072055,16:31:12.055,ACH/USDT:USDT,0.021424,1260.0,0.021425,260.0,0.02142,79485230.0,1725643.0146
1753461072155,16:31:12.155,ACH/USDT:USDT,0.021424,3290.0,0.021425,260.0,0.02142,79485230.0,1725643.0146
1753461072255,16:31:12.255,ACH/USDT:USDT,0.021424,1260.0,0.021425,260.0,0.02142,79485230.0,1725643.0146
1753461072456,16:31:12.456,ACH/USDT:USDT,0.021429,1260.0,0.02143,260.0,0.021425,79485490.0,1725648.5851
1753461072555,16:31:12.555,ACH/USDT:USDT,0.021429,1260.0,0.02143,260.0,0.021425,79485490.0,1725648.5851
1753461072755,16:31:12.755,ACH/USDT:USDT,0.021429,1260.0,0.02143,260.0,0.021425,79485490.0,1725648.5851
1753461072856,16:31:12.856,ACH/USDT:USDT,0.02143,1260.0,0.021435,260.0,0.02143,79485750.0,1725654.1569
1753461072955,16:31:12.955,ACH/USDT:USDT,0.021432,1260.0,0.021435,260.0,0.02143,79485750.0,1725654.1569
1753461073155,16:31:13.155,ACH/USDT:USDT,0.021433,3430.0,0.021435,260.0,0.02143,79485750.0,1725654.1569
1753461073255,16:31:13.255,ACH/USDT:USDT,0.021434,1260.0,0.021435,260.0,0.02143,79485750.0,1725654.1569
1753461073355,16:31:13.355,ACH/USDT:USDT,0.021434,1260.0,0.021435,260.0,0.02143,79485750.0,1725654.1569
1753461073655,16:31:13.655,ACH/USDT:USDT,0.021434,1260.0,0.021435,260.0,0.02143,79485750.0,1725654.1569
1753461075055,16:31:15.055,ACH/USDT:USDT,0.021426,2570.0,0.021435,260.0,0.02143,79485750.0,1725654.1569
1753461075155,16:31:15.155,ACH/USDT:USDT,0.021427,1260.0,0.021435,260.0,0.02143,79485750.0,1725654.1569
1753461075255,16:31:15.255,ACH/USDT:USDT,0.021427,1260.0,0.021435,760.0,0.02143,79485750.0,1725654.1569
1753461075355,16:31:15.355,ACH/USDT:USDT,0.021428,1260.0,0.021435,760.0,0.02143,79485750.0,1725654.1569
1753461075755,16:31:15.755,ACH/USDT:USDT,0.02143,1220.0,0.021435,760.0,0.02143,79485750.0,1725654.1569
1753461075855,16:31:15.855,ACH/USDT:USDT,0.021431,1260.0,0.021435,760.0,0.02143,79485750.0,1725654.1569
1753461075955,16:31:15.955,ACH/USDT:USDT,0.021431,3300.0,0.021435,760.0,0.02143,79485750.0,1725654.1569
1753461076055,16:31:16.055,ACH/USDT:USDT,0.021432,1260.0,0.021435,760.0,0.02143,79485750.0,1725654.1569
1753461076155,16:31:16.155,ACH/USDT:USDT,0.021433,1260.0,0.021435,260.0,0.02143,79485750.0,1725654.1569
1753461076255,16:31:16.255,ACH/USDT:USDT,0.021426,1260.0,0.021435,760.0,0.02143,79485750.0,1725654.1569
1753461076355,16:31:16.355,ACH/USDT:USDT,0.021427,1260.0,0.021435,760.0,0.02143,79485750.0,1725654.1569
1753461076455,16:31:16.455,ACH/USDT:USDT,0.021428,1260.0,0.021435,760.0,0.02143,79485750.0,1725654.1569
1753461076855,16:31:16.855,ACH/USDT:USDT,0.021429,1260.0,0.021435,760.0,0.02143,79485750.0,1725654.1569
1753461077055,16:31:17.055,ACH/USDT:USDT,0.02143,1260.0,0.021435,760.0,0.02143,79485750.0,1725654.1569
1753461077155,16:31:17.155,ACH/USDT:USDT,0.021431,1260.0,0.021435,760.0,0.02143,79485750.0,1725654.1569
1753461077255,16:31:17.255,ACH/USDT:USDT,0.021432,1260.0,0.021435,760.0,0.02143,79485750.0,1725654.1569
1753461077455,16:31:17.455,ACH/USDT:USDT,0.021433,1260.0,0.021435,760.0,0.02143,79485750.0,1725654.1569
1753461077655,16:31:17.655,ACH/USDT:USDT,0.021434,2600.0,0.021435,760.0,0.02143,79485750.0,1725654.1569
1753461077755,16:31:17.755,ACH/USDT:USDT,0.021434,2600.0,0.021435,260.0,0.02143,79485750.0,1725654.1569
1753461078255,16:31:18.255,ACH/USDT:USDT,0.021425,2410.0,0.021435,760.0,0.021434,79488350.0,1725709.8853
1753461078355,16:31:18.355,ACH/USDT:USDT,0.02142,590.0,0.021433,330.0,0.021434,79488350.0,1725709.8853
1753461078455,16:31:18.455,ACH/USDT:USDT,0.021421,1260.0,0.021433,330.0,0.021434,79488350.0,1725709.8853
1753461078556,16:31:18.556,ACH/USDT:USDT,0.021423,1220.0,0.021433,330.0,0.021434,79488350.0,1725709.8853
1753461078655,16:31:18.655,ACH/USDT:USDT,0.021424,1260.0,0.021433,330.0,0.021434,79488350.0,1725709.8853
1753461078755,16:31:18.755,ACH/USDT:USDT,0.021424,1260.0,0.021433,330.0,0.021434,79488350.0,1725709.8853
1753461078855,16:31:18.855,ACH/USDT:USDT,0.021425,1260.0,0.021433,330.0,0.021434,79488350.0,1725709.8853
1753461078955,16:31:18.955,ACH/USDT:USDT,0.021426,1260.0,0.021433,330.0,0.021434,79488350.0,1725709.8853
1753461079055,16:31:19.055,ACH/USDT:USDT,0.021427,1220.0,0.021435,760.0,0.021434,79488350.0,1725709.8853
1753461079155,16:31:19.155,ACH/USDT:USDT,0.021429,1220.0,0.021435,760.0,0.021434,79488350.0,1725709.8853
1753461079255,16:31:19.255,ACH/USDT:USDT,0.02143,1260.0,0.021435,760.0,0.021434,79488350.0,1725709.8853
1753461079455,16:31:19.455,ACH/USDT:USDT,0.021431,1260.0,0.021435,260.0,0.021434,79488350.0,1725709.8853
1753461079555,16:31:19.555,ACH/USDT:USDT,0.021432,1260.0,0.021435,260.0,0.021434,79488350.0,1725709.8853
1753461079955,16:31:19.955,ACH/USDT:USDT,0.021433,1260.0,0.021435,260.0,0.021434,79488350.0,1725709.8853
1753461080055,16:31:20.055,ACH/USDT:USDT,0.021434,1260.0,0.021435,260.0,0.021434,79488350.0,1725709.8853
1753461080155,16:31:20.155,ACH/USDT:USDT,0.021426,4650.0,0.021433,330.0,0.021434,79488350.0,1725709.8853
1753461080255,16:31:20.255,ACH/USDT:USDT,0.021427,1260.0,0.021433,330.0,0.021434,79488350.0,1725709.8853
1753461080355,16:31:20.355,ACH/USDT:USDT,0.021428,1260.0,0.021433,330.0,0.021434,79488350.0,1725709.8853
1753461080655,16:31:20.655,ACH/USDT:USDT,0.021429,1260.0,0.021433,330.0,0.021434,79488350.0,1725709.8853
1753461080855,16:31:20.855,ACH/USDT:USDT,0.02143,1260.0,0.021433,330.0,0.021434,79488350.0,1725709.8853
1753461081055,16:31:21.055,ACH/USDT:USDT,0.021431,1260.0,0.021433,330.0,0.021434,79488350.0,1725709.8853
1753461081155,16:31:21.155,ACH/USDT:USDT,0.021431,1260.0,0.021433,330.0,0.021434,79488350.0,1725709.8853
1753461081255,16:31:21.255,ACH/USDT:USDT,0.02142,260.0,0.02143,330.0,0.021431,79489610.0,1725736.8884
1753461081355,16:31:21.355,ACH/USDT:USDT,0.021421,1260.0,0.02143,330.0,0.021431,79489610.0,1725736.8884
1753461081455,16:31:21.455,ACH/USDT:USDT,0.021422,1260.0,0.02143,330.0,0.021431,79489610.0,1725736.8884
1753461081655,16:31:21.655,ACH/USDT:USDT,0.021423,1260.0,0.02143,330.0,0.021431,79489610.0,1725736.8884
1753461082355,16:31:22.355,ACH/USDT:USDT,0.021424,1260.0,0.02143,330.0,0.021431,79489610.0,1725736.8884
1753461082655,16:31:22.655,ACH/USDT:USDT,0.021425,1260.0,0.02143,330.0,0.021431,79489610.0,1725736.8884
1753461082755,16:31:22.755,ACH/USDT:USDT,0.021427,1220.0,0.021433,330.0,0.021431,79489610.0,1725736.8884
1753461082955,16:31:22.955,ACH/USDT:USDT,0.021428,1260.0,0.021433,330.0,0.021431,79489610.0,1725736.8884
1753461083155,16:31:23.155,ACH/USDT:USDT,0.021429,1260.0,0.021435,590.0,0.021431,79489610.0,1725736.8884
1753461083255,16:31:23.255,ACH/USDT:USDT,0.021429,1260.0,0.021435,590.0,0.021431,79489610.0,1725736.8884
1753461083555,16:31:23.555,ACH/USDT:USDT,0.02143,1260.0,0.021435,590.0,0.021431,79489610.0,1725736.8884
1753461083955,16:31:23.955,ACH/USDT:USDT,0.021432,1220.0,0.021435,260.0,0.021431,79489610.0,1725736.8884
1753461084055,16:31:24.055,ACH/USDT:USDT,0.021433,1260.0,0.021435,260.0,0.021431,79489610.0,1725736.8884
1753461084256,16:31:24.256,ACH/USDT:USDT,0.021434,1260.0,0.021435,260.0,0.021431,79489610.0,1725736.8884
1753461084555,16:31:24.555,ACH/USDT:USDT,0.021428,1260.0,0.021435,260.0,0.021431,79489610.0,1725736.8884
1753461084655,16:31:24.655,ACH/USDT:USDT,0.021428,1260.0,0.021435,590.0,0.021431,79489610.0,1725736.8884
1753461084755,16:31:24.755,ACH/USDT:USDT,0.021429,1260.0,0.021435,590.0,0.021431,79489610.0,1725736.8884
1753461085755,16:31:25.755,ACH/USDT:USDT,0.02143,1260.0,0.021435,590.0,0.021431,79489610.0,1725736.8884
1753461085855,16:31:25.855,ACH/USDT:USDT,0.021431,1260.0,0.021435,590.0,0.021431,79489610.0,1725736.8884
1753461086055,16:31:26.055,ACH/USDT:USDT,0.021432,1260.0,0.021435,590.0,0.021431,79489610.0,1725736.8884
1753461086755,16:31:26.755,ACH/USDT:USDT,0.021433,1260.0,0.021435,260.0,0.021431,79489610.0,1725736.8884
1753461086855,16:31:26.855,ACH/USDT:USDT,0.021434,1260.0,0.021435,260.0,0.021431,79489610.0,1725736.8884
1753461087556,16:31:27.556,ACH/USDT:USDT,0.021426,410.0,0.021435,260.0,0.021431,79489610.0,1725736.8884
1753461087655,16:31:27.655,ACH/USDT:USDT,0.021423,1760.0,0.021435,590.0,0.021431,79489610.0,1725736.8884
1753461087755,16:31:27.755,ACH/USDT:USDT,0.021424,4670.0,0.021435,590.0,0.021431,79489610.0,1725736.8884
1753461088355,16:31:28.355,ACH/USDT:USDT,0.021426,1260.0,0.021435,590.0,0.021431,79489610.0,1725736.8884
1753461088555,16:31:28.555,ACH/USDT:USDT,0.021426,1260.0,0.021433,330.0,0.021431,79489610.0,1725736.8884
1753461088655,16:31:28.655,ACH/USDT:USDT,0.02142,260.0,0.021429,330.0,0.021431,79489610.0,1725736.8884
1753461088755,16:31:28.755,ACH/USDT:USDT,0.02142,260.0,0.021427,330.0,0.021431,79489610.0,1725736.8884
1753461089055,16:31:29.055,ACH/USDT:USDT,0.021421,1260.0,0.021427,330.0,0.021431,79489610.0,1725736.8884
1753461090255,16:31:30.255,ACH/USDT:USDT,0.021422,1260.0,0.021427,330.0,0.021431,79489610.0,1725736.8884
1753461090555,16:31:30.555,ACH/USDT:USDT,0.021423,1260.0,0.021427,330.0,0.021431,79489610.0,1725736.8884
1753461090655,16:31:30.655,ACH/USDT:USDT,0.021424,1260.0,0.021427,330.0,0.021431,79489610.0,1725736.8884
1753461092055,16:31:32.055,ACH/USDT:USDT,0.02142,260.0,0.021427,330.0,0.021431,79489610.0,1725736.8884
1753461092255,16:31:32.255,ACH/USDT:USDT,0.02142,260.0,0.021427,330.0,0.021431,79489610.0,1725736.8884
1753461092555,16:31:32.555,ACH/USDT:USDT,0.021421,1260.0,0.021427,330.0,0.021431,79489610.0,1725736.8884
1753461094055,16:31:34.055,ACH/USDT:USDT,0.02142,260.0,0.021421,500.0,0.021431,79489610.0,1725736.8884
1753461094555,16:31:34.555,ACH/USDT:USDT,0.021421,1260.0,0.021427,330.0,0.021431,79489610.0,1725736.8884
1753461094655,16:31:34.655,ACH/USDT:USDT,0.021421,1750.0,0.021429,330.0,0.021431,79489610.0,1725736.8884
1753461094755,16:31:34.755,ACH/USDT:USDT,0.021422,1260.0,0.021429,330.0,0.021431,79489610.0,1725736.8884
1753461095055,16:31:35.055,ACH/USDT:USDT,0.021423,1260.0,0.021429,330.0,0.021431,79489610.0,1725736.8884
1753461095855,16:31:35.855,ACH/USDT:USDT,0.021424,1260.0,0.021429,330.0,0.021431,79489610.0,1725736.8884
1753461096155,16:31:36.155,ACH/USDT:USDT,0.021425,1260.0,0.021429,330.0,0.021431,79489610.0,1725736.8884
1753461096555,16:31:36.555,ACH/USDT:USDT,0.021426,1260.0,0.021429,290.0,0.021429,79489650.0,1725737.7455
1753461096655,16:31:36.655,ACH/USDT:USDT,0.021426,1260.0,0.021429,290.0,0.021429,79489650.0,1725737.7455
1753461096755,16:31:36.755,ACH/USDT:USDT,0.021427,1260.0,0.021431,330.0,0.021429,79489650.0,1725737.7455
1753461096855,16:31:36.855,ACH/USDT:USDT,0.021428,1260.0,0.021431,330.0,0.021429,79489650.0,1725737.7455
1753461097355,16:31:37.355,ACH/USDT:USDT,0.021429,1260.0,0.021435,590.0,0.021429,79489650.0,1725737.7455
1753461097455,16:31:37.455,ACH/USDT:USDT,0.02143,1260.0,0.021435,590.0,0.021429,79489650.0,1725737.7455
1753461097555,16:31:37.555,ACH/USDT:USDT,0.021431,1220.0,0.021435,260.0,0.021429,79489650.0,1725737.7455
1753461097655,16:31:37.655,ACH/USDT:USDT,0.021432,1260.0,0.021435,260.0,0.021429,79489650.0,1725737.7455
1753461097755,16:31:37.755,ACH/USDT:USDT,0.021433,1260.0,0.021435,260.0,0.021429,79489650.0,1725737.7455
1753461097855,16:31:37.855,ACH/USDT:USDT,0.021434,1260.0,0.021435,260.0,0.021429,79489650.0,1725737.7455
1753461098255,16:31:38.255,ACH/USDT:USDT,0.021429,1260.0,0.021435,260.0,0.021429,79489650.0,1725737.7455
1753461098455,16:31:38.455,ACH/USDT:USDT,0.02143,1260.0,0.021435,260.0,0.021429,79489650.0,1725737.7455
1753461098655,16:31:38.655,ACH/USDT:USDT,0.021432,1220.0,0.021435,260.0,0.021429,79489650.0,1725737.7455
1753461098755,16:31:38.755,ACH/USDT:USDT,0.021433,1260.0,0.021435,260.0,0.021429,79489650.0,1725737.7455
1753461099255,16:31:39.255,ACH/USDT:USDT,0.021434,1260.0,0.021435,260.0,0.021429,79489650.0,1725737.7455
1753461101255,16:31:41.255,ACH/USDT:USDT,0.021434,1260.0,0.021435,260.0,0.021429,79489650.0,1725737.7455
1753461101655,16:31:41.655,ACH/USDT:USDT,0.021434,1760.0,0.021435,260.0,0.021429,79489650.0,1725737.7455
1753461102055,16:31:42.055,ACH/USDT:USDT,0.021434,1260.0,0.021435,260.0,0.021429,79489650.0,1725737.7455
1753461102455,16:31:42.455,ACH/USDT:USDT,0.021438,2200.0,0.02144,260.0,0.021435,79489910.0,1725743.3186
1753461102555,16:31:42.555,ACH/USDT:USDT,0.021439,470.0,0.02144,260.0,0.021435,79489910.0,1725743.3186
1753461102655,16:31:42.655,ACH/USDT:USDT,0.021439,1260.0,0.02144,260.0,0.021435,79489910.0,1725743.3186
1753461102755,16:31:42.755,ACH/USDT:USDT,0.021439,1760.0,0.02144,260.0,0.021435,79489910.0,1725743.3186
1753461102955,16:31:42.955,ACH/USDT:USDT,0.021439,1260.0,0.02144,260.0,0.021435,79489910.0,1725743.3186
1753461103055,16:31:43.055,ACH/USDT:USDT,0.021439,1260.0,0.02144,260.0,0.021435,79489910.0,1725743.3186
1753461103655,16:31:43.655,ACH/USDT:USDT,0.021439,1260.0,0.02144,260.0,0.021435,79489910.0,1725743.3186
1753461103955,16:31:43.955,ACH/USDT:USDT,0.021439,1260.0,0.02144,260.0,0.021435,79489910.0,1725743.3186
1753461104255,16:31:44.255,ACH/USDT:USDT,0.021439,3590.0,0.02144,260.0,0.021435,79489910.0,1725743.3186
1753461104355,16:31:44.355,ACH/USDT:USDT,0.02144,1260.0,0.021445,260.0,0.02144,79490170.0,1725748.893
1753461104455,16:31:44.455,ACH/USDT:USDT,0.021443,1260.0,0.021445,260.0,0.02144,79490170.0,1725748.893
1753461104855,16:31:44.855,ACH/USDT:USDT,0.021443,1260.0,0.021445,260.0,0.02144,79490170.0,1725748.893
1753461105755,16:31:45.755,ACH/USDT:USDT,0.021444,1720.0,0.021445,260.0,0.02144,79490170.0,1725748.893
1753461105855,16:31:45.855,ACH/USDT:USDT,0.021445,1220.0,0.02145,280.0,0.021445,79490430.0,1725754.4687
1753461105955,16:31:45.955,ACH/USDT:USDT,0.021446,1260.0,0.02145,280.0,0.021445,79490430.0,1725754.4687
1753461106055,16:31:46.055,ACH/USDT:USDT,0.021448,3550.0,0.02145,280.0,0.021445,79490430.0,1725754.4687
1753461106155,16:31:46.155,ACH/USDT:USDT,0.021449,1260.0,0.02145,280.0,0.021445,79490430.0,1725754.4687
1753461106355,16:31:46.355,ACH/USDT:USDT,0.021449,1260.0,0.02145,280.0,0.021445,79490430.0,1725754.4687
1753461106455,16:31:46.455,ACH/USDT:USDT,0.021449,3590.0,0.02145,280.0,0.021445,79490430.0,1725754.4687
1753461106555,16:31:46.555,ACH/USDT:USDT,0.021449,1260.0,0.02145,280.0,0.021445,79490430.0,1725754.4687
1753461106655,16:31:46.655,ACH/USDT:USDT,0.021449,1260.0,0.02145,280.0,0.021445,79490430.0,1725754.4687
1753461106855,16:31:46.855,ACH/USDT:USDT,0.021449,3590.0,0.02145,280.0,0.021445,79490430.0,1725754.4687
1753461106955,16:31:46.955,ACH/USDT:USDT,0.021449,1260.0,0.02145,280.0,0.021445,79490430.0,1725754.4687
1753461107255,16:31:47.255,ACH/USDT:USDT,0.021449,3590.0,0.02145,280.0,0.021445,79490430.0,1725754.4687
1753461107555,16:31:47.555,ACH/USDT:USDT,0.021449,1260.0,0.02145,280.0,0.021445,79490430.0,1725754.4687
1753461108555,16:31:48.555,ACH/USDT:USDT,0.021449,1260.0,0.02145,430.0,0.021445,79490430.0,1725754.4687
1753461108855,16:31:48.855,ACH/USDT:USDT,0.021444,490.0,0.02145,430.0,0.021445,79490430.0,1725754.4687
1753461108955,16:31:48.955,ACH/USDT:USDT,0.021443,1260.0,0.02145,430.0,0.021445,79490430.0,1725754.4687
1753461109155,16:31:49.155,ACH/USDT:USDT,0.021444,1260.0,0.02145,430.0,0.021445,79490430.0,1725754.4687
1753461109355,16:31:49.355,ACH/USDT:USDT,0.021442,100.0,0.02145,930.0,0.021445,79490430.0,1725754.4687
1753461109455,16:31:49.455,ACH/USDT:USDT,0.021442,100.0,0.021447,330.0,0.021445,79490430.0,1725754.4687
1753461109955,16:31:49.955,ACH/USDT:USDT,0.021442,100.0,0.021447,330.0,0.021445,79490430.0,1725754.4687
1753461110255,16:31:50.255,ACH/USDT:USDT,0.021444,2520.0,0.021447,330.0,0.021445,79490430.0,1725754.4687
1753461110755,16:31:50.755,ACH/USDT:USDT,0.021442,100.0,0.021443,500.0,0.021444,79492950.0,1725808.5076
1753461110855,16:31:50.855,ACH/USDT:USDT,0.021442,100.0,0.021443,500.0,0.021444,79492950.0,1725808.5076
1753461111055,16:31:51.055,ACH/USDT:USDT,0.021429,590.0,0.02144,1270.0,0.02143,79498050.0,1725917.8071
1753461111155,16:31:51.155,ACH/USDT:USDT,0.021422,1120.0,0.021428,1270.0,0.021424,79505950.0,1726087.0754
1753461111255,16:31:51.255,ACH/USDT:USDT,0.02142,260.0,0.021424,1210.0,0.021424,79505950.0,1726087.0754
1753461111355,16:31:51.355,ACH/USDT:USDT,0.02142,260.0,0.021421,1270.0,0.021424,79505950.0,1726087.0754
1753461111455,16:31:51.455,ACH/USDT:USDT,0.02142,260.0,0.021421,1270.0,0.021424,79505950.0,1726087.0754
1753461111555,16:31:51.555,ACH/USDT:USDT,0.02142,260.0,0.021421,2480.0,0.021424,79505950.0,1726087.0754
1753461111755,16:31:51.755,ACH/USDT:USDT,0.02142,260.0,0.021421,2480.0,0.021424,79505950.0,1726087.0754
1753461111855,16:31:51.855,ACH/USDT:USDT,0.021421,1220.0,0.021426,1710.0,0.021424,79505950.0,1726087.0754
1753461111955,16:31:51.955,ACH/USDT:USDT,0.02142,260.0,0.021426,1710.0,0.021424,79505950.0,1726087.0754
1753461112055,16:31:52.055,ACH/USDT:USDT,0.02142,260.0,0.021425,1250.0,0.021424,79505950.0,1726087.0754
1753461112155,16:31:52.155,ACH/USDT:USDT,0.02142,260.0,0.021423,1440.0,0.021424,79505950.0,1726087.0754
1753461112355,16:31:52.355,ACH/USDT:USDT,0.02142,260.0,0.021422,1260.0,0.021424,79505950.0,1726087.0754
1753461112555,16:31:52.555,ACH/USDT:USDT,0.02142,260.0,0.021421,1260.0,0.021424,79505950.0,1726087.0754
1753461112655,16:31:52.655,ACH/USDT:USDT,0.02142,260.0,0.021421,1260.0,0.021424,79505950.0,1726087.0754
1753461112855,16:31:52.855,ACH/USDT:USDT,0.021415,260.0,0.021417,1250.0,0.02142,79506210.0,1726092.6446
1753461112955,16:31:52.955,ACH/USDT:USDT,0.021415,260.0,0.021417,1250.0,0.02142,79506210.0,1726092.6446
1753461113255,16:31:53.255,ACH/USDT:USDT,0.021415,260.0,0.021418,320.0,0.02142,79506210.0,1726092.6446
1753461113555,16:31:53.555,ACH/USDT:USDT,0.021415,260.0,0.021418,320.0,0.02142,79506210.0,1726092.6446
1753461114155,16:31:54.155,ACH/USDT:USDT,0.021415,260.0,0.021418,320.0,0.02142,79506210.0,1726092.6446
1753461114455,16:31:54.455,ACH/USDT:USDT,0.021415,260.0,0.021418,320.0,0.02142,79506210.0,1726092.6446
1753461116755,16:31:56.755,ACH/USDT:USDT,0.021415,260.0,0.021417,1260.0,0.02142,79506210.0,1726092.6446
1753461117155,16:31:57.155,ACH/USDT:USDT,0.021405,260.0,0.02141,1260.0,0.02141,79506730.0,1726103.7791
1753461117255,16:31:57.255,ACH/USDT:USDT,0.021405,260.0,0.02141,1260.0,0.02141,79506730.0,1726103.7791
1753461118055,16:31:58.055,ACH/USDT:USDT,0.021406,1220.0,0.021414,320.0,0.02141,79506730.0,1726103.7791
1753461118656,16:31:58.656,ACH/USDT:USDT,0.021406,1220.0,0.021414,320.0,0.02141,79506730.0,1726103.7791
1753461119355,16:31:59.355,ACH/USDT:USDT,0.021406,1220.0,0.021413,1260.0,0.02141,79506730.0,1726103.7791
1753461120055,16:32:00.055,ACH/USDT:USDT,0.021407,1220.0,0.021413,1260.0,0.02141,79506730.0,1726103.7791
1753461120255,16:32:00.255,ACH/USDT:USDT,0.021407,1220.0,0.021412,1260.0,0.02141,79506730.0,1726103.7791
1753461120755,16:32:00.755,ACH/USDT:USDT,0.021408,1500.0,0.021418,320.0,0.02141,79506730.0,1726103.7791
1753461120955,16:32:00.955,ACH/USDT:USDT,0.021409,1220.0,0.021418,320.0,0.02141,79506730.0,1726103.7791
1753461121055,16:32:01.055,ACH/USDT:USDT,0.021409,1220.0,0.021417,1260.0,0.02141,79506730.0,1726103.7791
1753461121155,16:32:01.155,ACH/USDT:USDT,0.021409,1220.0,0.021416,1570.0,0.02141,79506730.0,1726103.7791
1753461121255,16:32:01.255,ACH/USDT:USDT,0.021412,2040.0,0.021415,1260.0,0.02141,79506730.0,1726103.7791
1753461121355,16:32:01.355,ACH/USDT:USDT,0.021412,2040.0,0.021415,1260.0,0.02141,79506730.0,1726103.7791
1753461121555,16:32:01.555,ACH/USDT:USDT,0.021413,1220.0,0.021421,500.0,0.02141,79506730.0,1726103.7791
1753461121655,16:32:01.655,ACH/USDT:USDT,0.021413,1220.0,0.021423,1260.0,0.02141,79506730.0,1726103.7791
1753461121755,16:32:01.755,ACH/USDT:USDT,0.021413,1220.0,0.021422,1260.0,0.02141,79506730.0,1726103.7791
1753461121855,16:32:01.855,ACH/USDT:USDT,0.021413,1220.0,0.021422,1580.0,0.02141,79506730.0,1726103.7791
1753461122055,16:32:02.055,ACH/USDT:USDT,0.021413,1220.0,0.02142,1250.0,0.02141,79506730.0,1726103.7791
1753461122255,16:32:02.255,ACH/USDT:USDT,0.021413,1220.0,0.02142,1260.0,0.02141,79506730.0,1726103.7791
1753461122755,16:32:02.755,ACH/USDT:USDT,0.021413,1220.0,0.021419,1260.0,0.02141,79506730.0,1726103.7791
1753461123155,16:32:03.155,ACH/USDT:USDT,0.021412,2040.0,0.021417,1250.0,0.02141,79506730.0,1726103.7791
1753461123255,16:32:03.255,ACH/USDT:USDT,0.021405,2500.0,0.021414,1250.0,0.021412,79508770.0,1726147.4596
1753461123355,16:32:03.355,ACH/USDT:USDT,0.021405,260.0,0.02141,1260.0,0.021412,79508770.0,1726147.4596
1753461123455,16:32:03.455,ACH/USDT:USDT,0.021405,260.0,0.021409,1260.0,0.021412,79508770.0,1726147.4596
1753461123555,16:32:03.555,ACH/USDT:USDT,0.021405,260.0,0.021407,1260.0,0.021412,79508770.0,1726147.4596
1753461123755,16:32:03.755,ACH/USDT:USDT,0.021405,260.0,0.021406,1260.0,0.021412,79508770.0,1726147.4596
1753461124055,16:32:04.055,ACH/USDT:USDT,0.021405,260.0,0.021406,1260.0,0.021412,79508770.0,1726147.4596
1753461124455,16:32:04.455,ACH/USDT:USDT,0.021405,260.0,0.021411,320.0,0.021412,79508770.0,1726147.4596
1753461124655,16:32:04.655,ACH/USDT:USDT,0.021405,260.0,0.021411,320.0,0.021412,79508770.0,1726147.4596
1753461125555,16:32:05.555,ACH/USDT:USDT,0.021406,1220.0,0.021414,490.0,0.021412,79508770.0,1726147.4596
1753461125655,16:32:05.655,ACH/USDT:USDT,0.021406,1220.0,0.021417,320.0,0.021412,79508770.0,1726147.4596
1753461125755,16:32:05.755,ACH/USDT:USDT,0.021407,1520.0,0.021417,320.0,0.021412,79508770.0,1726147.4596
1753461125855,16:32:05.855,ACH/USDT:USDT,0.021408,1220.0,0.021417,320.0,0.021412,79508770.0,1726147.4596
1753461126056,16:32:06.056,ACH/USDT:USDT,0.021409,1220.0,0.021417,320.0,0.021412,79508770.0,1726147.4596
1753461126455,16:32:06.455,ACH/USDT:USDT,0.02141,1220.0,0.021417,320.0,0.021412,79508770.0,1726147.4596
1753461126655,16:32:06.655,ACH/USDT:USDT,0.021411,1220.0,0.021419,320.0,0.021412,79508770.0,1726147.4596
1753461126755,16:32:06.755,ACH/USDT:USDT,0.021405,260.0,0.021417,1740.0,0.021412,79508770.0,1726147.4596
1753461126855,16:32:06.855,ACH/USDT:USDT,0.021405,260.0,0.021413,1250.0,0.021412,79508770.0,1726147.4596
1753461126955,16:32:06.955,ACH/USDT:USDT,0.021405,260.0,0.021411,1250.0,0.021412,79508770.0,1726147.4596
1753461127155,16:32:07.155,ACH/USDT:USDT,0.021405,260.0,0.02141,1260.0,0.021412,79508770.0,1726147.4596
1753461127655,16:32:07.655,ACH/USDT:USDT,0.021405,260.0,0.02141,1260.0,0.021412,79508770.0,1726147.4596
1753461127755,16:32:07.755,ACH/USDT:USDT,0.021405,260.0,0.021409,1260.0,0.021412,79508770.0,1726147.4596
1753461128255,16:32:08.255,ACH/USDT:USDT,0.021406,1220.0,0.021415,320.0,0.021412,79508770.0,1726147.4596
1753461128355,16:32:08.355,ACH/USDT:USDT,0.021407,1700.0,0.021415,320.0,0.021412,79508770.0,1726147.4596
1753461128455,16:32:08.455,ACH/USDT:USDT,0.021408,1490.0,0.021418,320.0,0.021412,79508770.0,1726147.4596
1753461128555,16:32:08.555,ACH/USDT:USDT,0.021409,1220.0,0.021418,320.0,0.021412,79508770.0,1726147.4596
1753461128655,16:32:08.655,ACH/USDT:USDT,0.02141,320.0,0.021418,320.0,0.021412,79508770.0,1726147.4596
1753461128755,16:32:08.755,ACH/USDT:USDT,0.021411,4770.0,0.02142,320.0,0.021412,79508770.0,1726147.4596
1753461128955,16:32:08.955,ACH/USDT:USDT,0.021412,5040.0,0.02142,320.0,0.021412,79508770.0,1726147.4596
1753461129155,16:32:09.155,ACH/USDT:USDT,0.021412,4770.0,0.02142,320.0,0.021412,79508770.0,1726147.4596
1753461129355,16:32:09.355,ACH/USDT:USDT,0.02141,3870.0,0.021422,320.0,0.021412,79508770.0,1726147.4596
1753461129455,16:32:09.455,ACH/USDT:USDT,0.02141,3870.0,0.021422,320.0,0.021412,79508770.0,1726147.4596
1753461129555,16:32:09.555,ACH/USDT:USDT,0.02141,3870.0,0.021421,1260.0,0.021412,79508770.0,1726147.4596
1753461129655,16:32:09.655,ACH/USDT:USDT,0.02141,3550.0,0.021421,1260.0,0.021412,79508770.0,1726147.4596
1753461129955,16:32:09.955,ACH/USDT:USDT,0.021411,4770.0,0.021421,1260.0,0.021412,79508770.0,1726147.4596
1753461130555,16:32:10.555,ACH/USDT:USDT,0.021411,4770.0,0.02142,1260.0,0.021412,79508770.0,1726147.4596
1753461130655,16:32:10.655,ACH/USDT:USDT,0.021411,1220.0,0.021419,1260.0,0.021412,79508770.0,1726147.4596
1753461130755,16:32:10.755,ACH/USDT:USDT,0.021411,1220.0,0.021418,1250.0,0.021412,79508770.0,1726147.4596
1753461130955,16:32:10.955,ACH/USDT:USDT,0.021412,1220.0,0.021422,320.0,0.021412,79508770.0,1726147.4596
1753461131055,16:32:11.055,ACH/USDT:USDT,0.021405,260.0,0.021416,320.0,0.021412,79508770.0,1726147.4596
1753461131255,16:32:11.255,ACH/USDT:USDT,0.021405,260.0,0.021416,320.0,0.021412,79508770.0,1726147.4596
1753461131455,16:32:11.455,ACH/USDT:USDT,0.021405,260.0,0.021415,1250.0,0.021412,79508770.0,1726147.4596
1753461131655,16:32:11.655,ACH/USDT:USDT,0.021405,260.0,0.021414,1260.0,0.021412,79508770.0,1726147.4596
1753461131755,16:32:11.755,ACH/USDT:USDT,0.021405,260.0,0.021413,1250.0,0.021412,79508770.0,1726147.4596
1753461131855,16:32:11.855,ACH/USDT:USDT,0.021405,260.0,0.021412,1580.0,0.021412,79508770.0,1726147.4596
1753461131955,16:32:11.955,ACH/USDT:USDT,0.021405,260.0,0.02141,1260.0,0.021412,79508770.0,1726147.4596
1753461132055,16:32:12.055,ACH/USDT:USDT,0.021405,260.0,0.021409,1250.0,0.021412,79508770.0,1726147.4596
1753461132155,16:32:12.155,ACH/USDT:USDT,0.021405,260.0,0.021407,1250.0,0.021412,79508770.0,1726147.4596
1753461132255,16:32:12.255,ACH/USDT:USDT,0.021405,260.0,0.021406,1260.0,0.021412,79508770.0,1726147.4596
1753461132555,16:32:12.555,ACH/USDT:USDT,0.021405,260.0,0.021411,320.0,0.021412,79508770.0,1726147.4596
1753461132655,16:32:12.655,ACH/USDT:USDT,0.021405,260.0,0.02141,1260.0,0.021412,79508770.0,1726147.4596
1753461133355,16:32:13.355,ACH/USDT:USDT,0.021405,260.0,0.021409,1260.0,0.021412,79508770.0,1726147.4596
1753461133756,16:32:13.756,ACH/USDT:USDT,0.021407,7500.0,0.021408,1260.0,0.021412,79508770.0,1726147.4596
1753461133955,16:32:13.955,ACH/USDT:USDT,0.021405,260.0,0.021406,2510.0,0.021407,79516270.0,1726308.0121
1753461134056,16:32:14.056,ACH/USDT:USDT,0.021405,260.0,0.021406,1260.0,0.021407,79516270.0,1726308.0121
1753461134255,16:32:14.255,ACH/USDT:USDT,0.021405,260.0,0.021406,1260.0,0.021407,79516270.0,1726308.0121
1753461134855,16:32:14.855,ACH/USDT:USDT,0.021405,260.0,0.021406,1260.0,0.021407,79516270.0,1726308.0121
1753461135155,16:32:15.155,ACH/USDT:USDT,0.0214,260.0,0.021405,1260.0,0.021405,79516530.0,1726313.5774
1753461135255,16:32:15.255,ACH/USDT:USDT,0.021395,260.0,0.021403,1570.0,0.0214,79516790.0,1726319.1414
1753461135355,16:32:15.355,ACH/USDT:USDT,0.021395,260.0,0.021398,1250.0,0.0214,79516790.0,1726319.1414
1753461135455,16:32:15.455,ACH/USDT:USDT,0.021395,260.0,0.021396,1260.0,0.0214,79516790.0,1726319.1414
1753461135755,16:32:15.755,ACH/USDT:USDT,0.021395,260.0,0.021396,1260.0,0.0214,79516790.0,1726319.1414
1753461136355,16:32:16.355,ACH/USDT:USDT,0.021395,260.0,0.021396,1260.0,0.0214,79516790.0,1726319.1414
1753461136555,16:32:16.555,ACH/USDT:USDT,0.021395,7270.0,0.021401,1250.0,0.0214,79516790.0,1726319.1414
1753461136655,16:32:16.655,ACH/USDT:USDT,0.021395,260.0,0.021405,320.0,0.0214,79516790.0,1726319.1414
1753461137055,16:32:17.055,ACH/USDT:USDT,0.021395,260.0,0.021403,1250.0,0.0214,79516790.0,1726319.1414
1753461137655,16:32:17.655,ACH/USDT:USDT,0.021395,260.0,0.021402,1260.0,0.0214,79516790.0,1726319.1414
1753461137755,16:32:17.755,ACH/USDT:USDT,0.021395,260.0,0.0214,1250.0,0.0214,79516790.0,1726319.1414
1753461138055,16:32:18.055,ACH/USDT:USDT,0.021395,260.0,0.021398,1250.0,0.0214,79516790.0,1726319.1414
1753461139155,16:32:19.155,ACH/USDT:USDT,0.021395,260.0,0.021403,320.0,0.0214,79516790.0,1726319.1414
1753461140155,16:32:20.155,ACH/USDT:USDT,0.021395,260.0,0.021402,1260.0,0.0214,79516790.0,1726319.1414
1753461140255,16:32:20.255,ACH/USDT:USDT,0.021395,260.0,0.021401,1250.0,0.0214,79516790.0,1726319.1414
1753461140555,16:32:20.555,ACH/USDT:USDT,0.021395,260.0,0.0214,1260.0,0.0214,79516790.0,1726319.1414
1753461141755,16:32:21.755,ACH/USDT:USDT,0.021396,1520.0,0.021404,1260.0,0.0214,79516790.0,1726319.1414
1753461141955,16:32:21.955,ACH/USDT:USDT,0.021397,1220.0,0.021403,1260.0,0.0214,79516790.0,1726319.1414
1753461142655,16:32:22.655,ACH/USDT:USDT,0.021397,1220.0,0.021403,1260.0,0.0214,79516790.0,1726319.1414
1753461143155,16:32:23.155,ACH/USDT:USDT,0.021397,1470.0,0.021407,320.0,0.0214,79516790.0,1726319.1414
1753461143355,16:32:23.355,ACH/USDT:USDT,0.021399,1220.0,0.021406,1260.0,0.0214,79516790.0,1726319.1414
1753461143755,16:32:23.755,ACH/USDT:USDT,0.0214,1500.0,0.02141,260.0,0.0214,79516790.0,1726319.1414
1753461143955,16:32:23.955,ACH/USDT:USDT,0.021401,1220.0,0.02141,260.0,0.0214,79516790.0,1726319.1414
1753461144155,16:32:24.155,ACH/USDT:USDT,0.021403,6270.0,0.02141,260.0,0.0214,79516790.0,1726319.1414
1753461144355,16:32:24.355,ACH/USDT:USDT,0.021403,1220.0,0.021409,1260.0,0.0214,79516790.0,1726319.1414
1753461144855,16:32:24.855,ACH/USDT:USDT,0.021404,1220.0,0.02141,260.0,0.0214,79516790.0,1726319.1414
1753461144955,16:32:24.955,ACH/USDT:USDT,0.021407,260.0,0.02141,260.0,0.0214,79516790.0,1726319.1414
1753461145055,16:32:25.055,ACH/USDT:USDT,0.021408,1220.0,0.02141,260.0,0.0214,79516790.0,1726319.1414
1753461145155,16:32:25.155,ACH/USDT:USDT,0.021409,1220.0,0.02141,260.0,0.0214,79516790.0,1726319.1414
1753461145555,16:32:25.555,ACH/USDT:USDT,0.021399,1200.0,0.02141,260.0,0.0214,79516790.0,1726319.1414
1753461145655,16:32:25.655,ACH/USDT:USDT,0.021397,11930.0,0.021408,1250.0,0.0214,79516790.0,1726319.1414
1753461145755,16:32:25.755,ACH/USDT:USDT,0.0214,1500.0,0.021408,1250.0,0.0214,79516790.0,1726319.1414
1753461146255,16:32:26.255,ACH/USDT:USDT,0.0214,1500.0,0.021407,1260.0,0.0214,79516790.0,1726319.1414
1753461147155,16:32:27.155,ACH/USDT:USDT,0.021404,18260.0,0.02141,260.0,0.0214,79516790.0,1726319.1414
1753461147255,16:32:27.255,ACH/USDT:USDT,0.021406,7200.0,0.02141,260.0,0.0214,79516790.0,1726319.1414
1753461147455,16:32:27.455,ACH/USDT:USDT,0.02141,1490.0,0.021415,260.0,0.02141,79517050.0,1726324.708
1753461147555,16:32:27.555,ACH/USDT:USDT,0.021412,250.0,0.021415,260.0,0.02141,79517050.0,1726324.708
1753461147755,16:32:27.755,ACH/USDT:USDT,0.021412,2590.0,0.021415,260.0,0.02141,79517050.0,1726324.708
1753461148055,16:32:28.055,ACH/USDT:USDT,0.021412,2590.0,0.021415,260.0,0.02141,79517050.0,1726324.708
1753461148955,16:32:28.955,ACH/USDT:USDT,0.021412,2590.0,0.021415,260.0,0.02141,79517050.0,1726324.708
1753461149755,16:32:29.755,ACH/USDT:USDT,0.02141,5040.0,0.021415,260.0,0.02141,79517050.0,1726324.708
1753461149855,16:32:29.855,ACH/USDT:USDT,0.021407,660.0,0.021415,260.0,0.02141,79517050.0,1726324.708
1753461149955,16:32:29.955,ACH/USDT:USDT,0.021408,2440.0,0.021415,260.0,0.02141,79517050.0,1726324.708
1753461150355,16:32:30.355,ACH/USDT:USDT,0.021408,3880.0,0.021415,260.0,0.02141,79517050.0,1726324.708
1753461151056,16:32:31.056,ACH/USDT:USDT,0.021408,4780.0,0.021415,260.0,0.02141,79517050.0,1726324.708
1753461151355,16:32:31.355,ACH/USDT:USDT,0.02141,260.0,0.021415,260.0,0.02141,79517050.0,1726324.708
1753461151455,16:32:31.455,ACH/USDT:USDT,0.021408,2660.0,0.021415,260.0,0.02141,79517050.0,1726324.708
1753461151655,16:32:31.655,ACH/USDT:USDT,0.021411,1220.0,0.021415,260.0,0.02141,79517050.0,1726324.708
1753461151955,16:32:31.955,ACH/USDT:USDT,0.021411,1500.0,0.021415,260.0,0.02141,79517050.0,1726324.708
1753461152255,16:32:32.255,ACH/USDT:USDT,0.021411,1500.0,0.021415,260.0,0.02141,79517050.0,1726324.708
1753461153055,16:32:33.055,ACH/USDT:USDT,0.021411,1900.0,0.021415,260.0,0.02141,79517050.0,1726324.708
1753461153155,16:32:33.155,ACH/USDT:USDT,0.021411,1220.0,0.021415,260.0,0.02141,79517050.0,1726324.708
1753461154055,16:32:34.055,ACH/USDT:USDT,0.021412,1220.0,0.021415,260.0,0.02141,79517050.0,1726324.708
1753461154155,16:32:34.155,ACH/USDT:USDT,0.021413,2230.0,0.021415,260.0,0.02141,79517050.0,1726324.708
1753461154255,16:32:34.255,ACH/USDT:USDT,0.021413,4570.0,0.021415,260.0,0.02141,79517050.0,1726324.708
1753461154355,16:32:34.355,ACH/USDT:USDT,0.021413,8930.0,0.021415,260.0,0.02141,79517050.0,1726324.708
1753461154555,16:32:34.555,ACH/USDT:USDT,0.021413,16610.0,0.021415,260.0,0.02141,79517050.0,1726324.708
1753461154655,16:32:34.655,ACH/USDT:USDT,0.021413,17290.0,0.021415,260.0,0.02141,79517050.0,1726324.708
1753461155155,16:32:35.155,ACH/USDT:USDT,0.021413,16440.0,0.021415,260.0,0.02141,79517050.0,1726324.708
1753461156855,16:32:36.855,ACH/USDT:USDT,0.021414,6510.0,0.02142,260.0,0.021415,79517310.0,1726330.2759
1753461156955,16:32:36.955,ACH/USDT:USDT,0.021414,7190.0,0.02142,260.0,0.021415,79517310.0,1726330.2759
1753461157655,16:32:37.655,ACH/USDT:USDT,0.021414,7190.0,0.02142,260.0,0.021415,79517310.0,1726330.2759
1753461158255,16:32:38.255,ACH/USDT:USDT,0.021414,6260.0,0.02142,260.0,0.021415,79517310.0,1726330.2759
1753461159256,16:32:39.256,ACH/USDT:USDT,0.021414,9130.0,0.02142,260.0,0.021415,79517310.0,1726330.2759
1753461159355,16:32:39.355,ACH/USDT:USDT,0.021414,1220.0,0.02142,260.0,0.021415,79517310.0,1726330.2759
