timestamp,time,symbol,bid,bidVolume,ask,askVolume,lastPrice,baseVolume,quoteVolume
1753460897974,16:28:17.974,AAVE/USDT:USDT,287.63,10.0,287.64,0.02,287.62,462576.43,133688689.7308
1753460898174,16:28:18.174,AAVE/USDT:USDT,287.63,10.84,287.64,0.02,287.62,462576.43,133688689.7308
1753460898574,16:28:18.574,AAVE/USDT:USDT,287.67,4.54,287.68,0.04,287.66,462576.53,133688718.496
1753460898675,16:28:18.675,AAVE/USDT:USDT,287.67,4.54,287.68,0.02,287.66,462576.53,133688718.496
1753460898774,16:28:18.774,AAVE/USDT:USDT,287.72,1.84,287.73,0.08,287.72,462576.77,133688787.5448
1753460898874,16:28:18.874,AAVE/USDT:USDT,287.73,8.55,287.74,0.04,287.72,462576.77,133688787.5448
1753460898974,16:28:18.974,AAVE/USDT:USDT,287.73,8.72,287.74,0.04,287.72,462576.77,133688787.5448
1753460899074,16:28:19.074,AAVE/USDT:USDT,287.75,3.03,287.76,0.02,287.74,462576.81,133688799.0544
1753460899174,16:28:19.174,AAVE/USDT:USDT,287.75,1.21,287.76,0.02,287.74,462576.81,133688799.0544
1753460899274,16:28:19.274,AAVE/USDT:USDT,287.75,1.21,287.76,1.84,287.74,462576.81,133688799.0544
1753460899374,16:28:19.374,AAVE/USDT:USDT,287.75,0.67,287.76,1.84,287.74,462576.81,133688799.0544
1753460899474,16:28:19.474,AAVE/USDT:USDT,287.77,6.18,287.78,0.16,287.76,462578.44,133689268.1032
1753460899574,16:28:19.574,AAVE/USDT:USDT,287.77,6.18,287.78,0.16,287.76,462578.44,133689268.1032
1753460899674,16:28:19.674,AAVE/USDT:USDT,287.77,6.35,287.78,0.16,287.76,462578.44,133689268.1032
1753460900874,16:28:20.874,AAVE/USDT:USDT,287.7,0.24,287.71,8.01,287.77,462360.47,133626410.5958
1753460900974,16:28:20.974,AAVE/USDT:USDT,287.71,0.67,287.72,7.8,287.77,462360.47,133626410.5958
1753460901074,16:28:21.074,AAVE/USDT:USDT,287.72,0.54,287.74,1.74,287.77,462360.47,133626410.5958
1753460901174,16:28:21.174,AAVE/USDT:USDT,287.76,2.36,287.78,1.9,287.77,462360.47,133626410.5958
1753460901274,16:28:21.274,AAVE/USDT:USDT,287.77,0.67,287.78,3.51,287.77,462360.47,133626410.5958
1753460901374,16:28:21.374,AAVE/USDT:USDT,287.73,0.21,287.74,7.8,287.77,462360.47,133626410.5958
1753460901474,16:28:21.474,AAVE/USDT:USDT,287.71,0.63,287.72,0.21,287.77,462360.47,133626410.5958
1753460901574,16:28:21.574,AAVE/USDT:USDT,287.71,0.63,287.72,7.8,287.77,462360.47,133626410.5958
1753460901674,16:28:21.674,AAVE/USDT:USDT,287.71,0.7,287.73,8.01,287.77,462360.47,133626410.5958
1753460901874,16:28:21.874,AAVE/USDT:USDT,287.7,1.19,287.71,8.66,287.77,462360.47,133626410.5958
1753460901975,16:28:21.975,AAVE/USDT:USDT,287.7,1.19,287.71,8.53,287.77,462360.47,133626410.5958
1753460902074,16:28:22.074,AAVE/USDT:USDT,287.7,1.19,287.71,0.21,287.77,462360.47,133626410.5958
1753460902174,16:28:22.174,AAVE/USDT:USDT,287.71,0.55,287.72,8.01,287.77,462360.47,133626410.5958
1753460902374,16:28:22.374,AAVE/USDT:USDT,287.7,1.19,287.71,1.98,287.77,462360.47,133626410.5958
1753460902474,16:28:22.474,AAVE/USDT:USDT,287.72,0.21,287.73,0.21,287.77,462360.47,133626410.5958
1753460902574,16:28:22.574,AAVE/USDT:USDT,287.71,6.4,287.72,0.21,287.77,462360.47,133626410.5958
1753460902674,16:28:22.674,AAVE/USDT:USDT,287.7,1.19,287.71,9.38,287.77,462360.47,133626410.5958
1753460902774,16:28:22.774,AAVE/USDT:USDT,287.65,0.07,287.67,4.11,287.7,462361.66,133626752.9588
1753460902874,16:28:22.874,AAVE/USDT:USDT,287.65,0.03,287.66,3.15,287.7,462361.66,133626752.9588
1753460903074,16:28:23.074,AAVE/USDT:USDT,287.64,0.22,287.65,8.05,287.7,462361.66,133626752.9588
1753460903174,16:28:23.174,AAVE/USDT:USDT,287.64,0.22,287.65,0.21,287.7,462361.66,133626752.9588
1753460903274,16:28:23.274,AAVE/USDT:USDT,287.64,0.23,287.65,1.82,287.7,462361.66,133626752.9588
1753460903374,16:28:23.374,AAVE/USDT:USDT,287.64,1.98,287.65,0.85,287.7,462361.66,133626752.9588
1753460903474,16:28:23.474,AAVE/USDT:USDT,287.67,2.49,287.7,0.08,287.65,462366.61,133628176.8263
1753460903574,16:28:23.574,AAVE/USDT:USDT,287.68,0.21,287.7,8.08,287.65,462366.61,133628176.8263
1753460903674,16:28:23.674,AAVE/USDT:USDT,287.67,0.21,287.69,7.8,287.65,462366.61,133628176.8263
1753460904074,16:28:24.074,AAVE/USDT:USDT,287.64,0.96,287.66,0.21,287.65,462366.61,133628176.8263
1753460904174,16:28:24.174,AAVE/USDT:USDT,287.64,0.71,287.66,0.21,287.65,462366.61,133628176.8263
1753460904274,16:28:24.274,AAVE/USDT:USDT,287.66,1.82,287.68,0.06,287.65,462366.61,133628176.8263
1753460904374,16:28:24.374,AAVE/USDT:USDT,287.67,0.21,287.68,1.61,287.65,462366.61,133628176.8263
1753460904474,16:28:24.474,AAVE/USDT:USDT,287.65,0.23,287.66,2.46,287.65,462366.61,133628176.8263
1753460904574,16:28:24.574,AAVE/USDT:USDT,287.66,0.24,287.68,0.21,287.65,462366.61,133628176.8263
1753460904674,16:28:24.674,AAVE/USDT:USDT,287.67,0.05,287.68,0.21,287.65,462366.61,133628176.8263
1753460904974,16:28:24.974,AAVE/USDT:USDT,287.66,0.21,287.68,2.46,287.65,462366.61,133628176.8263
1753460905074,16:28:25.074,AAVE/USDT:USDT,287.64,1.4,287.65,0.21,287.65,462366.61,133628176.8263
1753460905174,16:28:25.174,AAVE/USDT:USDT,287.67,0.21,287.68,2.25,287.65,462366.61,133628176.8263
1753460905274,16:28:25.274,AAVE/USDT:USDT,287.65,0.54,287.67,1.82,287.65,462366.61,133628176.8263
1753460905374,16:28:25.374,AAVE/USDT:USDT,287.66,1.44,287.68,0.66,287.65,462366.61,133628176.8263
1753460905674,16:28:25.674,AAVE/USDT:USDT,287.66,1.44,287.67,1.77,287.65,462366.61,133628176.8263
1753460905774,16:28:25.774,AAVE/USDT:USDT,287.65,1.75,287.66,0.21,287.65,462366.61,133628176.8263
1753460905874,16:28:25.874,AAVE/USDT:USDT,287.64,0.02,287.65,4.5,287.65,462366.61,133628176.8263
1753460905974,16:28:25.974,AAVE/USDT:USDT,287.64,0.02,287.65,1.37,287.65,462366.61,133628176.8263
1753460906074,16:28:26.074,AAVE/USDT:USDT,287.64,0.77,287.65,0.64,287.65,462366.61,133628176.8263
1753460906174,16:28:26.174,AAVE/USDT:USDT,287.64,0.22,287.65,2.25,287.65,462366.61,133628176.8263
1753460906475,16:28:26.475,AAVE/USDT:USDT,287.64,0.02,287.65,2.25,287.65,462366.61,133628176.8263
1753460906574,16:28:26.574,AAVE/USDT:USDT,287.67,7.7,287.69,0.04,287.65,462368.86,133628824.0388
1753460906674,16:28:26.674,AAVE/USDT:USDT,287.67,0.69,287.68,3.3,287.65,462368.86,133628824.0388
1753460906774,16:28:26.774,AAVE/USDT:USDT,287.67,1.08,287.69,0.21,287.65,462368.86,133628824.0388
1753460906874,16:28:26.874,AAVE/USDT:USDT,287.69,0.21,287.7,0.04,287.65,462368.86,133628824.0388
1753460906974,16:28:26.974,AAVE/USDT:USDT,287.69,1.02,287.7,0.04,287.65,462368.86,133628824.0388
1753460907074,16:28:27.074,AAVE/USDT:USDT,287.69,1.02,287.7,1.82,287.65,462368.86,133628824.0388
1753460907174,16:28:27.174,AAVE/USDT:USDT,287.69,0.81,287.7,9.62,287.65,462368.86,133628824.0388
1753460907274,16:28:27.274,AAVE/USDT:USDT,287.69,0.81,287.7,9.6,287.65,462368.86,133628824.0388
1753460907374,16:28:27.374,AAVE/USDT:USDT,287.69,0.81,287.7,9.6,287.65,462368.86,133628824.0388
1753460907474,16:28:27.474,AAVE/USDT:USDT,287.69,4.35,287.7,0.02,287.65,462368.86,133628824.0388
1753460907574,16:28:27.574,AAVE/USDT:USDT,287.71,6.18,287.72,0.02,287.7,462368.88,133628829.7928
1753460907674,16:28:27.674,AAVE/USDT:USDT,287.75,4.02,287.76,0.02,287.74,462369.0,133628864.3208
1753460907774,16:28:27.774,AAVE/USDT:USDT,287.75,1.48,287.76,8.03,287.74,462369.0,133628864.3208
1753460907874,16:28:27.874,AAVE/USDT:USDT,287.75,4.55,287.76,0.02,287.74,462369.0,133628864.3208
1753460907974,16:28:27.974,AAVE/USDT:USDT,287.75,4.55,287.76,0.02,287.74,462369.0,133628864.3208
1753460908174,16:28:28.174,AAVE/USDT:USDT,287.77,14.11,287.78,0.16,287.76,462369.02,133628870.076
1753460908274,16:28:28.274,AAVE/USDT:USDT,287.81,5.07,287.82,0.02,287.8,462369.3,133628950.6564
1753460908374,16:28:28.374,AAVE/USDT:USDT,287.81,5.07,287.82,1.13,287.8,462369.3,133628950.6564
1753460908474,16:28:28.474,AAVE/USDT:USDT,287.81,2.81,287.82,1.13,287.8,462369.3,133628950.6564
1753460908574,16:28:28.574,AAVE/USDT:USDT,287.79,0.69,287.8,13.13,287.8,462373.01,133630018.4225
1753460908674,16:28:28.674,AAVE/USDT:USDT,287.77,0.69,287.78,1.78,287.8,462373.01,133630018.4225
1753460908774,16:28:28.774,AAVE/USDT:USDT,287.76,0.69,287.77,0.21,287.8,462373.01,133630018.4225
1753460908874,16:28:28.874,AAVE/USDT:USDT,287.75,0.89,287.76,0.21,287.8,462373.01,133630018.4225
1753460908974,16:28:28.974,AAVE/USDT:USDT,287.75,1.58,287.76,0.21,287.8,462373.01,133630018.4225
1753460909074,16:28:29.074,AAVE/USDT:USDT,287.75,1.58,287.76,1.32,287.8,462373.01,133630018.4225
1753460909174,16:28:29.174,AAVE/USDT:USDT,287.75,0.89,287.76,2.89,287.8,462373.01,133630018.4225
1753460909374,16:28:29.374,AAVE/USDT:USDT,287.72,3.97,287.73,6.01,287.73,462379.47,133631877.1793
1753460909474,16:28:29.474,AAVE/USDT:USDT,287.7,0.08,287.72,9.26,287.73,462379.47,133631877.1793
1753460909574,16:28:29.574,AAVE/USDT:USDT,287.7,0.04,287.71,8.53,287.73,462379.47,133631877.1793
1753460909674,16:28:29.674,AAVE/USDT:USDT,287.68,0.05,287.69,4.13,287.7,462379.51,133631888.6873
1753460909774,16:28:29.774,AAVE/USDT:USDT,287.68,0.14,287.69,4.6,287.7,462379.51,133631888.6873
1753460909874,16:28:29.874,AAVE/USDT:USDT,287.68,0.14,287.69,5.31,287.7,462379.51,133631888.6873
1753460910074,16:28:30.074,AAVE/USDT:USDT,287.68,0.14,287.69,2.68,287.7,462379.51,133631888.6873
1753460910374,16:28:30.374,AAVE/USDT:USDT,287.68,0.14,287.69,2.68,287.7,462379.51,133631888.6873
1753460910674,16:28:30.674,AAVE/USDT:USDT,287.68,0.55,287.69,1.11,287.7,462379.51,133631888.6873
1753460910774,16:28:30.774,AAVE/USDT:USDT,287.68,7.52,287.69,1.11,287.7,462379.51,133631888.6873
1753460910874,16:28:30.874,AAVE/USDT:USDT,287.68,7.32,287.69,1.11,287.7,462379.51,133631888.6873
1753460911074,16:28:31.074,AAVE/USDT:USDT,287.68,0.14,287.69,2.68,287.7,462379.51,133631888.6873
1753460911274,16:28:31.274,AAVE/USDT:USDT,287.64,0.06,287.66,14.33,287.66,462379.87,133631992.2477
1753460911374,16:28:31.374,AAVE/USDT:USDT,287.64,0.02,287.65,10.8,287.66,462379.87,133631992.2477
1753460911475,16:28:31.475,AAVE/USDT:USDT,287.64,0.02,287.65,11.91,287.66,462379.87,133631992.2477
1753460911575,16:28:31.575,AAVE/USDT:USDT,287.64,0.02,287.65,11.91,287.66,462379.87,133631992.2477
1753460911674,16:28:31.674,AAVE/USDT:USDT,287.64,0.12,287.65,11.91,287.66,462379.87,133631992.2477
1753460912074,16:28:32.074,AAVE/USDT:USDT,287.64,0.12,287.65,1.77,287.66,462379.87,133631992.2477
1753460912174,16:28:32.174,AAVE/USDT:USDT,287.64,1.44,287.65,1.11,287.66,462379.87,133631992.2477
1753460912374,16:28:32.374,AAVE/USDT:USDT,287.64,0.81,287.65,3.5,287.66,462379.87,133631992.2477
1753460912474,16:28:32.474,AAVE/USDT:USDT,287.64,0.12,287.65,3.5,287.66,462379.87,133631992.2477
1753460912774,16:28:32.774,AAVE/USDT:USDT,287.64,0.12,287.65,3.5,287.66,462379.87,133631992.2477
1753460913074,16:28:33.074,AAVE/USDT:USDT,287.64,0.33,287.65,1.72,287.66,462379.87,133631992.2477
1753460913174,16:28:33.174,AAVE/USDT:USDT,287.64,0.76,287.65,1.22,287.66,462379.87,133631992.2477
1753460913274,16:28:33.274,AAVE/USDT:USDT,287.64,1.45,287.65,1.22,287.66,462379.87,133631992.2477
1753460913374,16:28:33.374,AAVE/USDT:USDT,287.64,0.23,287.65,2.79,287.66,462379.87,133631992.2477
1753460913474,16:28:33.474,AAVE/USDT:USDT,287.64,0.02,287.65,2.79,287.66,462379.87,133631992.2477
1753460913574,16:28:33.574,AAVE/USDT:USDT,287.64,0.12,287.65,2.79,287.66,462379.87,133631992.2477
1753460913875,16:28:33.875,AAVE/USDT:USDT,287.64,0.12,287.65,1.22,287.66,462379.87,133631992.2477
1753460913975,16:28:33.975,AAVE/USDT:USDT,287.64,0.33,287.65,1.22,287.66,462379.87,133631992.2477
1753460914074,16:28:34.074,AAVE/USDT:USDT,287.64,2.59,287.65,1.22,287.66,462379.87,133631992.2477
1753460914374,16:28:34.374,AAVE/USDT:USDT,287.64,0.81,287.65,2.79,287.66,462379.87,133631992.2477
1753460914574,16:28:34.574,AAVE/USDT:USDT,287.64,0.81,287.65,2.79,287.66,462379.87,133631992.2477
1753460914874,16:28:34.874,AAVE/USDT:USDT,287.64,0.81,287.65,1.22,287.66,462379.87,133631992.2477
1753460914975,16:28:34.975,AAVE/USDT:USDT,287.64,1.5,287.65,1.22,287.66,462379.87,133631992.2477
1753460915274,16:28:35.274,AAVE/USDT:USDT,287.64,3.76,287.65,1.22,287.66,462379.87,133631992.2477
1753460915374,16:28:35.374,AAVE/USDT:USDT,287.68,0.27,287.71,0.21,287.72,462381.46,133632449.6323
1753460915474,16:28:35.474,AAVE/USDT:USDT,287.68,0.21,287.69,0.66,287.72,462381.46,133632449.6323
1753460915574,16:28:35.574,AAVE/USDT:USDT,287.68,0.21,287.7,0.23,287.72,462381.46,133632449.6323
1753460915774,16:28:35.774,AAVE/USDT:USDT,287.69,7.73,287.7,0.02,287.72,462381.46,133632449.6323
1753460915874,16:28:35.874,AAVE/USDT:USDT,287.69,7.83,287.7,0.02,287.72,462381.46,133632449.6323
1753460916274,16:28:36.274,AAVE/USDT:USDT,287.69,0.1,287.7,9.28,287.72,462381.46,133632449.6323
1753460916474,16:28:36.474,AAVE/USDT:USDT,287.69,1.97,287.72,0.23,287.72,462381.46,133632449.6323
1753460916574,16:28:36.574,AAVE/USDT:USDT,287.71,3.78,287.72,0.02,287.72,462381.46,133632449.6323
1753460916674,16:28:36.674,AAVE/USDT:USDT,287.71,1.91,287.72,0.02,287.72,462381.46,133632449.6323
1753460916974,16:28:36.974,AAVE/USDT:USDT,287.71,0.13,287.72,0.62,287.72,462381.46,133632449.6323
1753460917074,16:28:37.074,AAVE/USDT:USDT,287.71,0.1,287.72,2.21,287.72,462381.46,133632449.6323
1753460917274,16:28:37.274,AAVE/USDT:USDT,287.71,0.31,287.72,0.62,287.72,462381.46,133632449.6323
1753460917374,16:28:37.374,AAVE/USDT:USDT,287.71,2.02,287.72,0.62,287.72,462381.46,133632449.6323
1753460917574,16:28:37.574,AAVE/USDT:USDT,287.71,0.43,287.72,0.62,287.72,462381.46,133632449.6323
1753460917674,16:28:37.674,AAVE/USDT:USDT,287.7,0.73,287.71,6.94,287.71,462381.66,133632507.1743
1753460917774,16:28:37.774,AAVE/USDT:USDT,287.68,0.03,287.69,5.01,287.7,462381.7,133632518.6823
1753460917874,16:28:37.874,AAVE/USDT:USDT,287.66,0.02,287.67,4.59,287.7,462381.7,133632518.6823
1753460917974,16:28:37.974,AAVE/USDT:USDT,287.69,0.21,287.7,0.62,287.7,462381.7,133632518.6823
1753460918174,16:28:38.174,AAVE/USDT:USDT,287.69,0.21,287.7,2.21,287.7,462381.7,133632518.6823
1753460918274,16:28:38.274,AAVE/USDT:USDT,287.71,4.0,287.72,0.02,287.7,462383.91,133633154.4993
1753460918474,16:28:38.474,AAVE/USDT:USDT,287.73,4.0,287.76,0.04,287.75,462384.07,133633200.5373
1753460918574,16:28:38.574,AAVE/USDT:USDT,287.77,1.32,287.78,0.02,287.77,462384.13,133633217.8033
1753460918674,16:28:38.674,AAVE/USDT:USDT,287.79,8.59,287.8,0.04,287.78,462384.15,133633223.5589
1753460918774,16:28:38.774,AAVE/USDT:USDT,287.79,8.59,287.8,0.04,287.78,462384.15,133633223.5589
1753460918974,16:28:38.974,AAVE/USDT:USDT,287.79,9.32,287.8,0.04,287.78,462384.15,133633223.5589
1753460919074,16:28:39.074,AAVE/USDT:USDT,287.81,4.16,287.82,0.02,287.81,462384.23,133633246.5833
1753460919174,16:28:39.174,AAVE/USDT:USDT,287.81,4.16,287.82,0.02,287.81,462384.23,133633246.5833
1753460919274,16:28:39.274,AAVE/USDT:USDT,287.8,0.21,287.82,2.32,287.81,462384.23,133633246.5833
1753460919375,16:28:39.375,AAVE/USDT:USDT,287.8,0.21,287.82,0.73,287.81,462384.23,133633246.5833
1753460919474,16:28:39.474,AAVE/USDT:USDT,287.8,0.04,287.81,9.03,287.81,462384.23,133633246.5833
1753460919574,16:28:39.574,AAVE/USDT:USDT,287.74,0.03,287.75,9.69,287.78,462385.06,133633485.4492
1753460919674,16:28:39.674,AAVE/USDT:USDT,287.72,0.23,287.73,1.51,287.78,462385.06,133633485.4492
1753460919774,16:28:39.774,AAVE/USDT:USDT,287.72,0.02,287.73,3.1,287.78,462385.06,133633485.4492
1753460919974,16:28:39.974,AAVE/USDT:USDT,287.72,0.02,287.73,3.1,287.78,462385.06,133633485.4492
1753460920174,16:28:40.174,AAVE/USDT:USDT,287.72,0.02,287.73,12.28,287.78,462385.06,133633485.4492
1753460920474,16:28:40.474,AAVE/USDT:USDT,287.72,0.02,287.73,11.81,287.78,462385.06,133633485.4492
1753460920574,16:28:40.574,AAVE/USDT:USDT,287.72,0.02,287.73,11.81,287.78,462385.06,133633485.4492
1753460921174,16:28:41.174,AAVE/USDT:USDT,287.72,0.23,287.73,0.85,287.78,462385.06,133633485.4492
1753460921274,16:28:41.274,AAVE/USDT:USDT,287.72,0.02,287.73,2.44,287.78,462385.06,133633485.4492
1753460921774,16:28:41.774,AAVE/USDT:USDT,287.72,0.02,287.73,2.44,287.78,462385.06,133633485.4492
1753460922474,16:28:42.474,AAVE/USDT:USDT,287.63,1.59,287.64,3.84,287.64,462394.69,133636255.625
1753460922574,16:28:42.574,AAVE/USDT:USDT,287.62,0.05,287.63,2.73,287.64,462394.69,133636255.625
1753460922674,16:28:42.674,AAVE/USDT:USDT,287.62,0.02,287.63,4.79,287.64,462394.69,133636255.625
1753460922974,16:28:42.974,AAVE/USDT:USDT,287.62,0.02,287.63,4.79,287.64,462394.69,133636255.625
1753460923274,16:28:43.274,AAVE/USDT:USDT,287.62,0.02,287.63,4.79,287.64,462394.69,133636255.625
1753460923374,16:28:43.374,AAVE/USDT:USDT,287.62,0.02,287.63,4.32,287.64,462394.69,133636255.625
1753460923675,16:28:43.675,AAVE/USDT:USDT,287.62,0.02,287.63,2.21,287.64,462394.69,133636255.625
1753460923774,16:28:43.774,AAVE/USDT:USDT,287.62,0.23,287.64,0.21,287.64,462394.69,133636255.625
1753460923875,16:28:43.875,AAVE/USDT:USDT,287.62,0.02,287.63,0.21,287.64,462394.69,133636255.625
1753460923974,16:28:43.974,AAVE/USDT:USDT,287.62,0.02,287.63,2.01,287.64,462394.69,133636255.625
1753460924074,16:28:44.074,AAVE/USDT:USDT,287.62,0.02,287.63,8.72,287.64,462394.69,133636255.625
1753460924174,16:28:44.174,AAVE/USDT:USDT,287.62,0.02,287.63,8.72,287.64,462394.69,133636255.625
1753460924874,16:28:44.874,AAVE/USDT:USDT,287.56,3.51,287.57,2.83,287.58,462395.14,133636385.0459
1753460924974,16:28:44.974,AAVE/USDT:USDT,287.56,0.05,287.57,1.06,287.58,462395.14,133636385.0459
1753460925074,16:28:45.074,AAVE/USDT:USDT,287.54,0.12,287.55,4.82,287.56,462395.16,133636390.7971
1753460925174,16:28:45.174,AAVE/USDT:USDT,287.54,0.12,287.55,4.82,287.56,462395.16,133636390.7971
1753460925375,16:28:45.375,AAVE/USDT:USDT,287.54,0.12,287.55,4.82,287.56,462395.16,133636390.7971
1753460925574,16:28:45.574,AAVE/USDT:USDT,287.54,0.12,287.55,4.53,287.56,462395.16,133636390.7971
1753460925674,16:28:45.674,AAVE/USDT:USDT,287.54,0.12,287.55,4.53,287.56,462395.16,133636390.7971
1753460925775,16:28:45.775,AAVE/USDT:USDT,287.54,2.12,287.56,0.1,287.56,462395.16,133636390.7971
1753460925874,16:28:45.874,AAVE/USDT:USDT,287.57,0.21,287.58,0.85,287.56,462395.16,133636390.7971
1753460925974,16:28:45.974,AAVE/USDT:USDT,287.57,0.21,287.58,0.85,287.56,462395.16,133636390.7971
1753460926074,16:28:46.074,AAVE/USDT:USDT,287.56,0.9,287.58,2.58,287.56,462395.16,133636390.7971
1753460926174,16:28:46.174,AAVE/USDT:USDT,287.54,0.25,287.56,0.19,287.56,462395.18,133636396.5483
1753460926274,16:28:46.274,AAVE/USDT:USDT,287.54,0.33,287.56,0.19,287.56,462395.18,133636396.5483
1753460926374,16:28:46.374,AAVE/USDT:USDT,287.55,0.1,287.56,0.19,287.56,462395.18,133636396.5483
1753460926874,16:28:46.874,AAVE/USDT:USDT,287.56,13.47,287.58,0.04,287.56,462395.18,133636396.5483
1753460926974,16:28:46.974,AAVE/USDT:USDT,287.59,10.49,287.6,0.04,287.56,462395.18,133636396.5483
1753460927074,16:28:47.074,AAVE/USDT:USDT,287.63,0.67,287.64,0.59,287.61,462395.83,133636583.4944
1753460927174,16:28:47.174,AAVE/USDT:USDT,287.63,0.1,287.64,11.82,287.61,462395.83,133636583.4944
1753460927474,16:28:47.474,AAVE/USDT:USDT,287.63,0.1,287.64,11.82,287.61,462395.83,133636583.4944
1753460927574,16:28:47.574,AAVE/USDT:USDT,287.63,0.1,287.64,1.19,287.61,462395.83,133636583.4944
1753460927674,16:28:47.674,AAVE/USDT:USDT,287.63,2.57,287.64,0.59,287.61,462395.83,133636583.4944
1753460927774,16:28:47.774,AAVE/USDT:USDT,287.63,2.36,287.64,0.59,287.61,462395.83,133636583.4944
1753460927874,16:28:47.874,AAVE/USDT:USDT,287.62,0.69,287.65,0.21,287.69,462399.3,133637581.737
1753460927974,16:28:47.974,AAVE/USDT:USDT,287.64,0.1,287.65,0.21,287.69,462399.3,133637581.737
1753460928174,16:28:48.174,AAVE/USDT:USDT,287.64,0.1,287.65,4.05,287.69,462399.3,133637581.737
1753460928374,16:28:48.374,AAVE/USDT:USDT,287.64,0.1,287.65,1.31,287.69,462399.3,133637581.737
1753460928774,16:28:48.774,AAVE/USDT:USDT,287.64,0.1,287.65,2.9,287.69,462399.3,133637581.737
1753460929274,16:28:49.274,AAVE/USDT:USDT,287.64,0.1,287.65,0.21,287.69,462399.3,133637581.737
1753460929474,16:28:49.474,AAVE/USDT:USDT,287.65,0.21,287.66,0.21,287.69,462399.3,133637581.737
1753460929574,16:28:49.574,AAVE/USDT:USDT,287.67,1.5,287.69,0.21,287.69,462399.3,133637581.737
1753460929674,16:28:49.674,AAVE/USDT:USDT,287.69,12.14,287.7,0.02,287.69,462399.3,133637581.737
1753460929774,16:28:49.774,AAVE/USDT:USDT,287.69,8.07,287.7,0.5,287.69,462399.3,133637581.737
1753460929874,16:28:49.874,AAVE/USDT:USDT,287.69,8.07,287.7,0.5,287.69,462399.3,133637581.737
1753460929974,16:28:49.974,AAVE/USDT:USDT,287.67,0.86,287.68,10.36,287.69,462399.3,133637581.737
1753460930074,16:28:50.074,AAVE/USDT:USDT,287.66,0.69,287.67,8.84,287.69,462399.3,133637581.737
1753460930174,16:28:50.174,AAVE/USDT:USDT,287.66,0.31,287.67,0.66,287.69,462399.3,133637581.737
1753460930274,16:28:50.274,AAVE/USDT:USDT,287.65,0.24,287.66,0.85,287.66,462399.79,133637722.6904
1753460930374,16:28:50.374,AAVE/USDT:USDT,287.65,0.24,287.66,0.85,287.66,462399.79,133637722.6904
1753460930574,16:28:50.574,AAVE/USDT:USDT,287.65,0.03,287.66,0.85,287.66,462399.79,133637722.6904
1753460930674,16:28:50.674,AAVE/USDT:USDT,287.62,2.09,287.64,2.89,287.66,462399.79,133637722.6904
1753460930774,16:28:50.774,AAVE/USDT:USDT,287.63,0.21,287.65,8.12,287.66,462399.79,133637722.6904
1753460930874,16:28:50.874,AAVE/USDT:USDT,287.62,0.03,287.63,9.52,287.66,462399.79,133637722.6904
1753460930975,16:28:50.975,AAVE/USDT:USDT,287.61,0.13,287.62,10.05,287.66,462399.79,133637722.6904
1753460931074,16:28:51.074,AAVE/USDT:USDT,287.6,0.08,287.61,10.26,287.66,462399.79,133637722.6904
1753460931374,16:28:51.374,AAVE/USDT:USDT,287.6,0.25,287.61,2.44,287.66,462399.79,133637722.6904
1753460931474,16:28:51.474,AAVE/USDT:USDT,287.6,0.23,287.61,2.44,287.66,462399.79,133637722.6904
1753460931574,16:28:51.574,AAVE/USDT:USDT,287.6,0.23,287.61,0.85,287.66,462399.79,133637722.6904
1753460931674,16:28:51.674,AAVE/USDT:USDT,287.6,0.23,287.61,0.85,287.66,462399.79,133637722.6904
1753460931874,16:28:51.874,AAVE/USDT:USDT,287.6,0.33,287.61,0.85,287.66,462399.79,133637722.6904
1753460931974,16:28:51.974,AAVE/USDT:USDT,287.6,8.0,287.63,7.84,287.61,462400.64,133637967.1589
1753460932074,16:28:52.074,AAVE/USDT:USDT,287.63,0.25,287.66,8.49,287.61,462400.64,133637967.1589
1753460932174,16:28:52.174,AAVE/USDT:USDT,287.61,2.41,287.62,0.85,287.61,462400.64,133637967.1589
1753460932274,16:28:52.274,AAVE/USDT:USDT,287.64,0.21,287.65,0.04,287.61,462400.64,133637967.1589
1753460932374,16:28:52.374,AAVE/USDT:USDT,287.66,0.67,287.67,0.48,287.61,462400.64,133637967.1589
1753460932474,16:28:52.474,AAVE/USDT:USDT,287.64,0.21,287.65,0.21,287.61,462400.64,133637967.1589
1753460932574,16:28:52.574,AAVE/USDT:USDT,287.66,0.21,287.67,0.68,287.61,462400.64,133637967.1589
1753460932674,16:28:52.674,AAVE/USDT:USDT,287.65,0.34,287.67,0.68,287.61,462400.64,133637967.1589
1753460932774,16:28:52.774,AAVE/USDT:USDT,287.65,1.93,287.67,0.68,287.61,462400.64,133637967.1589
1753460932874,16:28:52.874,AAVE/USDT:USDT,287.67,1.59,287.68,0.5,287.61,462400.64,133637967.1589
1753460932974,16:28:52.974,AAVE/USDT:USDT,287.67,0.71,287.68,1.3,287.61,462400.64,133637967.1589
1753460933074,16:28:53.074,AAVE/USDT:USDT,287.67,0.71,287.68,2.89,287.61,462400.64,133637967.1589
1753460933274,16:28:53.274,AAVE/USDT:USDT,287.67,0.9,287.68,2.89,287.61,462400.64,133637967.1589
1753460933474,16:28:53.474,AAVE/USDT:USDT,287.67,0.9,287.68,2.89,287.61,462400.64,133637967.1589
1753460933574,16:28:53.574,AAVE/USDT:USDT,287.67,0.9,287.68,0.48,287.61,462400.64,133637967.1589
1753460933874,16:28:53.874,AAVE/USDT:USDT,287.69,3.97,287.7,0.02,287.61,462400.64,133637967.1589
1753460933974,16:28:53.974,AAVE/USDT:USDT,287.69,2.47,287.7,0.02,287.61,462400.64,133637967.1589
1753460934075,16:28:54.075,AAVE/USDT:USDT,287.69,2.66,287.7,0.02,287.61,462400.64,133637967.1589
1753460934374,16:28:54.374,AAVE/USDT:USDT,287.69,1.9,287.72,7.82,287.61,462400.64,133637967.1589
1753460934474,16:28:54.474,AAVE/USDT:USDT,287.71,3.79,287.72,0.02,287.61,462400.64,133637967.1589
1753460934574,16:28:54.574,AAVE/USDT:USDT,287.71,2.29,287.72,0.02,287.61,462400.64,133637967.1589
1753460934774,16:28:54.774,AAVE/USDT:USDT,287.71,1.78,287.72,0.02,287.61,462400.64,133637967.1589
1753460934874,16:28:54.874,AAVE/USDT:USDT,287.67,0.71,287.68,3.22,287.69,462400.91,133638044.8394
1753460934974,16:28:54.974,AAVE/USDT:USDT,287.68,0.21,287.69,0.48,287.69,462400.91,133638044.8394
1753460935074,16:28:55.074,AAVE/USDT:USDT,287.69,1.03,287.7,0.02,287.69,462400.91,133638044.8394
1753460935274,16:28:55.274,AAVE/USDT:USDT,287.69,0.21,287.7,0.02,287.69,462400.91,133638044.8394
1753460935374,16:28:55.374,AAVE/USDT:USDT,287.7,0.04,287.72,0.71,287.69,462400.91,133638044.8394
1753460935474,16:28:55.474,AAVE/USDT:USDT,287.7,0.04,287.71,0.21,287.69,462400.91,133638044.8394
1753460935574,16:28:55.574,AAVE/USDT:USDT,287.7,0.04,287.71,8.01,287.69,462400.91,133638044.8394
1753460935774,16:28:55.774,AAVE/USDT:USDT,287.67,0.71,287.68,4.12,287.69,462400.99,133638067.855
1753460936074,16:28:56.074,AAVE/USDT:USDT,287.68,0.21,287.69,0.04,287.69,462400.99,133638067.855
1753460936174,16:28:56.174,AAVE/USDT:USDT,287.67,0.71,287.68,1.59,287.69,462400.99,133638067.855
1753460936274,16:28:56.274,AAVE/USDT:USDT,287.67,0.71,287.68,9.39,287.69,462400.99,133638067.855
1753460936374,16:28:56.374,AAVE/USDT:USDT,287.67,0.71,287.68,10.6,287.69,462400.99,133638067.855
1753460936574,16:28:56.574,AAVE/USDT:USDT,287.67,0.71,287.68,10.3,287.69,462400.99,133638067.855
1753460936675,16:28:56.675,AAVE/USDT:USDT,287.67,0.71,287.68,9.39,287.69,462400.99,133638067.855
1753460936774,16:28:56.774,AAVE/USDT:USDT,287.64,0.02,287.65,11.47,287.67,462401.7,133638272.1007
1753460936874,16:28:56.874,AAVE/USDT:USDT,287.64,0.02,287.65,11.47,287.67,462401.7,133638272.1007
1753460937074,16:28:57.074,AAVE/USDT:USDT,287.64,0.02,287.65,11.47,287.67,462401.7,133638272.1007
1753460937175,16:28:57.175,AAVE/USDT:USDT,287.64,0.02,287.65,11.0,287.67,462401.7,133638272.1007
1753460937374,16:28:57.374,AAVE/USDT:USDT,287.64,0.02,287.65,11.0,287.67,462401.7,133638272.1007
1753460937574,16:28:57.574,AAVE/USDT:USDT,287.61,0.04,287.65,11.0,287.62,462401.82,133638306.6159
1753460937674,16:28:57.674,AAVE/USDT:USDT,287.44,11.78,287.45,1.0,287.45,462462.99,133655893.5642
1753460937774,16:28:57.774,AAVE/USDT:USDT,287.37,38.76,287.39,4.67,287.38,462496.06,133665398.4057
1753460937874,16:28:57.874,AAVE/USDT:USDT,287.36,9.94,287.37,4.92,287.37,462531.65,133675625.904
1753460937974,16:28:57.974,AAVE/USDT:USDT,287.37,7.96,287.38,0.1,287.37,462536.36,133676979.4167
1753460938074,16:28:58.074,AAVE/USDT:USDT,287.39,7.38,287.4,0.23,287.38,462538.36,133677554.1767
1753460938174,16:28:58.174,AAVE/USDT:USDT,287.42,0.71,287.43,3.74,287.41,462555.19,133682391.2521
1753460938274,16:28:58.274,AAVE/USDT:USDT,287.4,0.04,287.41,8.15,287.41,462555.19,133682391.2521
1753460938474,16:28:58.474,AAVE/USDT:USDT,287.4,1.64,287.41,4.69,287.41,462555.19,133682391.2521
1753460938574,16:28:58.574,AAVE/USDT:USDT,287.41,1.6,287.44,0.68,287.41,462555.19,133682391.2521
1753460938674,16:28:58.674,AAVE/USDT:USDT,287.4,0.04,287.41,1.55,287.41,462555.19,133682391.2521
1753460938774,16:28:58.774,AAVE/USDT:USDT,287.36,0.02,287.37,4.67,287.37,462555.31,133682425.7381
1753460938874,16:28:58.874,AAVE/USDT:USDT,287.36,0.02,287.37,3.07,287.37,462555.31,133682425.7381
1753460938974,16:28:58.974,AAVE/USDT:USDT,287.35,0.77,287.36,13.62,287.35,462555.87,133682586.6543
1753460939074,16:28:59.074,AAVE/USDT:USDT,287.35,0.77,287.36,14.49,287.35,462555.87,133682586.6543
1753460939174,16:28:59.174,AAVE/USDT:USDT,287.31,0.36,287.32,15.24,287.32,462555.89,133682592.4007
1753460939274,16:28:59.274,AAVE/USDT:USDT,287.3,0.04,287.31,15.31,287.31,462556.25,133682695.8323
1753460939374,16:28:59.374,AAVE/USDT:USDT,287.27,0.01,287.28,6.5,287.28,462556.4,133682738.9256
1753460939474,16:28:59.474,AAVE/USDT:USDT,287.24,0.02,287.25,0.89,287.26,462556.46,133682756.1613
1753460939574,16:28:59.574,AAVE/USDT:USDT,287.24,0.02,287.25,4.29,287.26,462556.46,133682756.1613
1753460939674,16:28:59.674,AAVE/USDT:USDT,287.24,0.02,287.25,2.69,287.26,462556.46,133682756.1613
1753460939774,16:28:59.774,AAVE/USDT:USDT,287.27,0.53,287.28,0.94,287.25,462557.8,133683141.0763
1753460939874,16:28:59.874,AAVE/USDT:USDT,287.28,3.74,287.29,7.8,287.25,462557.8,133683141.0763
1753460940074,16:29:00.074,AAVE/USDT:USDT,287.34,6.55,287.35,0.04,287.34,462559.49,133683626.6704
1753460940174,16:29:00.174,AAVE/USDT:USDT,287.35,4.51,287.36,0.02,287.35,462559.53,133683638.1644
1753460940274,16:29:00.274,AAVE/USDT:USDT,287.39,5.09,287.4,0.02,287.39,462559.61,133683661.1546
1753460940374,16:29:00.374,AAVE/USDT:USDT,287.39,5.09,287.4,0.02,287.39,462559.61,133683661.1546
1753460940474,16:29:00.474,AAVE/USDT:USDT,287.39,1.99,287.4,8.03,287.39,462559.61,133683661.1546
1753460940574,16:29:00.574,AAVE/USDT:USDT,287.37,0.04,287.39,8.01,287.39,462559.61,133683661.1546
1753460940674,16:29:00.674,AAVE/USDT:USDT,287.36,0.67,287.37,8.01,287.39,462559.61,133683661.1546
1753460940774,16:29:00.774,AAVE/USDT:USDT,287.33,0.04,287.35,7.8,287.39,462559.61,133683661.1546
1753460940874,16:29:00.874,AAVE/USDT:USDT,287.32,0.68,287.33,8.01,287.39,462559.61,133683661.1546
1753460940974,16:29:00.974,AAVE/USDT:USDT,287.32,0.68,287.33,0.21,287.39,462559.61,133683661.1546
1753460941074,16:29:01.074,AAVE/USDT:USDT,287.32,0.21,287.34,0.21,287.39,462559.61,133683661.1546
1753460941174,16:29:01.174,AAVE/USDT:USDT,287.35,1.33,287.36,0.68,287.39,462559.61,133683661.1546
1753460941274,16:29:01.274,AAVE/USDT:USDT,287.35,1.33,287.36,1.13,287.39,462559.61,133683661.1546
1753460941374,16:29:01.374,AAVE/USDT:USDT,287.32,0.91,287.34,0.21,287.39,462559.61,133683661.1546
1753460941474,16:29:01.474,AAVE/USDT:USDT,287.33,1.77,287.35,0.21,287.39,462559.61,133683661.1546
1753460941574,16:29:01.574,AAVE/USDT:USDT,287.37,2.24,287.38,0.57,287.39,462559.61,133683661.1546
1753460941674,16:29:01.674,AAVE/USDT:USDT,287.39,2.24,287.4,0.02,287.38,462560.18,133683824.9612
1753460941774,16:29:01.774,AAVE/USDT:USDT,287.39,2.24,287.4,0.02,287.38,462560.18,133683824.9612
1753460941974,16:29:01.974,AAVE/USDT:USDT,287.39,3.84,287.4,0.05,287.38,462560.18,133683824.9612
1753460942075,16:29:02.075,AAVE/USDT:USDT,287.38,0.7,287.4,0.26,287.38,462560.18,133683824.9612
1753460942174,16:29:02.174,AAVE/USDT:USDT,287.39,9.89,287.4,0.05,287.38,462560.18,133683824.9612
1753460942374,16:29:02.374,AAVE/USDT:USDT,287.42,1.33,287.43,0.88,287.45,462560.52,133683922.6887
1753460942475,16:29:02.475,AAVE/USDT:USDT,287.42,1.33,287.44,0.67,287.45,462560.52,133683922.6887
1753460942574,16:29:02.574,AAVE/USDT:USDT,287.43,0.17,287.44,0.21,287.45,462560.52,133683922.6887
1753460942674,16:29:02.674,AAVE/USDT:USDT,287.42,0.45,287.43,0.21,287.45,462560.52,133683922.6887
1753460942774,16:29:02.774,AAVE/USDT:USDT,287.44,1.33,287.45,0.49,287.45,462560.52,133683922.6887
1753460942875,16:29:02.875,AAVE/USDT:USDT,287.42,2.78,287.45,0.49,287.45,462560.52,133683922.6887
1753460942974,16:29:02.974,AAVE/USDT:USDT,287.42,2.74,287.45,8.77,287.45,462560.52,133683922.6887
1753460943074,16:29:03.074,AAVE/USDT:USDT,287.43,2.01,287.45,0.21,287.45,462560.52,133683922.6887
1753460943174,16:29:03.174,AAVE/USDT:USDT,287.45,0.9,287.46,25.72,287.45,462560.52,133683922.6887
1753460943274,16:29:03.274,AAVE/USDT:USDT,287.44,0.69,287.45,0.21,287.45,462560.52,133683922.6887
1753460943374,16:29:03.374,AAVE/USDT:USDT,287.46,0.87,287.47,0.21,287.45,462560.52,133683922.6887
1753460943474,16:29:03.474,AAVE/USDT:USDT,287.44,0.69,287.46,0.21,287.45,462560.52,133683922.6887
1753460943574,16:29:03.574,AAVE/USDT:USDT,287.46,0.21,287.48,0.06,287.45,462560.52,133683922.6887
1753460943674,16:29:03.674,AAVE/USDT:USDT,287.47,2.93,287.48,0.02,287.45,462560.52,133683922.6887
1753460943974,16:29:03.974,AAVE/USDT:USDT,287.47,2.93,287.48,0.02,287.45,462560.52,133683922.6887
1753460944074,16:29:04.074,AAVE/USDT:USDT,287.47,6.32,287.48,0.02,287.45,462560.52,133683922.6887
1753460944174,16:29:04.174,AAVE/USDT:USDT,287.47,6.56,287.48,0.02,287.45,462560.52,133683922.6887
1753460944275,16:29:04.275,AAVE/USDT:USDT,287.47,5.84,287.48,0.02,287.45,462560.52,133683922.6887
1753460944374,16:29:04.374,AAVE/USDT:USDT,287.47,0.77,287.48,1.14,287.45,462560.52,133683922.6887
1753460944474,16:29:04.474,AAVE/USDT:USDT,287.47,1.71,287.48,0.47,287.45,462560.52,133683922.6887
1753460944574,16:29:04.574,AAVE/USDT:USDT,287.49,1.99,287.5,0.06,287.48,462560.54,133683928.4383
1753460944674,16:29:04.674,AAVE/USDT:USDT,287.49,10.84,287.5,0.02,287.48,462560.54,133683928.4383
1753460944774,16:29:04.774,AAVE/USDT:USDT,287.55,3.96,287.56,0.02,287.53,462560.7,133683974.4411
1753460944874,16:29:04.874,AAVE/USDT:USDT,287.55,3.96,287.56,0.02,287.53,462560.7,133683974.4411
1753460944974,16:29:04.974,AAVE/USDT:USDT,287.55,0.77,287.56,0.68,287.53,462560.7,133683974.4411
1753460945074,16:29:05.074,AAVE/USDT:USDT,287.55,0.11,287.56,2.94,287.53,462560.7,133683974.4411
1753460945175,16:29:05.175,AAVE/USDT:USDT,287.55,0.11,287.56,2.94,287.53,462560.7,133683974.4411
1753460945274,16:29:05.274,AAVE/USDT:USDT,287.55,0.11,287.56,0.68,287.53,462560.7,133683974.4411
1753460945375,16:29:05.375,AAVE/USDT:USDT,287.55,0.45,287.56,0.02,287.53,462560.7,133683974.4411
1753460945474,16:29:05.474,AAVE/USDT:USDT,287.55,1.14,287.56,0.02,287.53,462560.7,133683974.4411
1753460945574,16:29:05.574,AAVE/USDT:USDT,287.55,1.59,287.56,0.02,287.53,462560.7,133683974.4411
1753460945874,16:29:05.874,AAVE/USDT:USDT,287.55,3.19,287.56,0.02,287.53,462342.38,133621146.4886
1753460945974,16:29:05.974,AAVE/USDT:USDT,287.57,4.67,287.58,0.07,287.56,462342.4,133621152.2398
1753460946074,16:29:06.074,AAVE/USDT:USDT,287.57,4.67,287.58,0.07,287.56,462342.4,133621152.2398
1753460946274,16:29:06.274,AAVE/USDT:USDT,287.59,12.76,287.6,0.06,287.59,462342.51,133621183.874
1753460946374,16:29:06.374,AAVE/USDT:USDT,287.6,14.09,287.62,0.04,287.61,462342.59,133621206.8824
1753460946474,16:29:06.474,AAVE/USDT:USDT,287.63,10.51,287.64,0.02,287.61,462342.59,133621206.8824
1753460946574,16:29:06.574,AAVE/USDT:USDT,287.63,10.96,287.64,0.02,287.61,462342.59,133621206.8824
1753460946674,16:29:06.674,AAVE/USDT:USDT,287.63,0.56,287.64,8.24,287.61,462342.59,133621206.8824
1753460946874,16:29:06.874,AAVE/USDT:USDT,287.63,0.56,287.64,0.23,287.61,462342.59,133621206.8824
1753460947175,16:29:07.175,AAVE/USDT:USDT,287.63,10.03,287.64,0.02,287.61,462342.59,133621206.8824
1753460947274,16:29:07.274,AAVE/USDT:USDT,287.63,10.02,287.64,0.02,287.61,462342.59,133621206.8824
1753460947474,16:29:07.474,AAVE/USDT:USDT,287.63,0.55,287.64,0.23,287.61,462342.59,133621206.8824
1753460947574,16:29:07.574,AAVE/USDT:USDT,287.63,0.55,287.64,0.23,287.61,462342.59,133621206.8824
1753460947774,16:29:07.774,AAVE/USDT:USDT,287.63,0.76,287.64,0.02,287.61,462342.59,133621206.8824
1753460947874,16:29:07.874,AAVE/USDT:USDT,287.63,0.76,287.64,0.02,287.61,462342.59,133621206.8824
1753460948074,16:29:08.074,AAVE/USDT:USDT,287.63,1.35,287.64,0.02,287.61,462342.59,133621206.8824
1753460948274,16:29:08.274,AAVE/USDT:USDT,287.63,3.52,287.64,0.02,287.61,462342.59,133621206.8824
1753460948774,16:29:08.774,AAVE/USDT:USDT,287.63,3.62,287.64,0.02,287.61,462342.59,133621206.8824
1753460948874,16:29:08.874,AAVE/USDT:USDT,287.63,3.02,287.64,0.02,287.61,462342.59,133621206.8824
1753460948974,16:29:08.974,AAVE/USDT:USDT,287.63,3.75,287.64,0.02,287.61,462342.59,133621206.8824
1753460949074,16:29:09.074,AAVE/USDT:USDT,287.67,1.31,287.68,0.02,287.64,462342.61,133621212.6352
1753460949174,16:29:09.174,AAVE/USDT:USDT,287.67,2.81,287.68,0.02,287.64,462342.61,133621212.6352
1753460949374,16:29:09.374,AAVE/USDT:USDT,287.69,11.69,287.7,0.04,287.68,462342.63,133621218.3888
1753460949475,16:29:09.475,AAVE/USDT:USDT,287.69,11.79,287.7,0.04,287.68,462342.63,133621218.3888
1753460949574,16:29:09.574,AAVE/USDT:USDT,287.69,11.89,287.7,0.04,287.68,462342.63,133621218.3888
1753460949674,16:29:09.674,AAVE/USDT:USDT,287.69,12.34,287.7,0.04,287.68,462342.63,133621218.3888
1753460949774,16:29:09.774,AAVE/USDT:USDT,287.71,3.93,287.72,0.02,287.71,462344.12,133621647.0622
1753460949874,16:29:09.874,AAVE/USDT:USDT,287.71,3.93,287.72,0.02,287.71,462344.12,133621647.0622
1753460949975,16:29:09.975,AAVE/USDT:USDT,287.71,3.93,287.72,0.02,287.71,462344.12,133621647.0622
1753460950074,16:29:10.074,AAVE/USDT:USDT,287.73,10.33,287.74,0.02,287.72,462344.14,133621652.8166
1753460950174,16:29:10.174,AAVE/USDT:USDT,287.73,9.84,287.74,0.02,287.72,462344.14,133621652.8166
1753460950274,16:29:10.274,AAVE/USDT:USDT,287.73,9.94,287.74,0.02,287.72,462344.14,133621652.8166
1753460950474,16:29:10.474,AAVE/USDT:USDT,287.75,16.22,287.76,0.03,287.74,462344.16,133621658.5714
1753460950574,16:29:10.574,AAVE/USDT:USDT,287.75,11.33,287.76,0.03,287.74,462344.16,133621658.5714
1753460950674,16:29:10.674,AAVE/USDT:USDT,287.75,8.42,287.76,0.03,287.74,462344.16,133621658.5714
1753460950875,16:29:10.875,AAVE/USDT:USDT,287.75,8.42,287.76,0.03,287.74,462344.16,133621658.5714
1753460950974,16:29:10.974,AAVE/USDT:USDT,287.75,8.52,287.76,0.03,287.74,462344.16,133621658.5714
1753460951074,16:29:11.074,AAVE/USDT:USDT,287.75,8.62,287.76,0.03,287.74,462344.16,133621658.5714
1753460951174,16:29:11.174,AAVE/USDT:USDT,287.77,11.05,287.78,0.02,287.76,462344.19,133621667.2042
1753460951274,16:29:11.274,AAVE/USDT:USDT,287.77,11.05,287.78,0.02,287.76,462344.19,133621667.2042
1753460951475,16:29:11.475,AAVE/USDT:USDT,287.77,11.05,287.78,0.02,287.76,462344.19,133621667.2042
1753460951574,16:29:11.574,AAVE/USDT:USDT,287.77,9.55,287.78,0.02,287.76,462344.19,133621667.2042
1753460951675,16:29:11.675,AAVE/USDT:USDT,287.77,10.0,287.78,0.02,287.76,462344.19,133621667.2042
1753460951775,16:29:11.775,AAVE/USDT:USDT,287.77,10.2,287.78,0.02,287.76,462344.19,133621667.2042
1753460952374,16:29:12.374,AAVE/USDT:USDT,287.77,10.2,287.78,0.02,287.76,462344.19,133621667.2042
1753460952874,16:29:12.874,AAVE/USDT:USDT,287.77,10.8,287.78,0.02,287.76,462344.19,133621667.2042
1753460953674,16:29:13.674,AAVE/USDT:USDT,287.77,10.14,287.78,0.02,287.76,462344.19,133621667.2042
1753460953874,16:29:13.874,AAVE/USDT:USDT,287.81,3.34,287.82,0.02,287.8,462344.44,133621739.1523
1753460953974,16:29:13.974,AAVE/USDT:USDT,287.83,12.66,287.84,0.06,287.83,462344.57,133621776.57
1753460954074,16:29:14.074,AAVE/USDT:USDT,287.85,10.23,287.86,0.02,287.84,462344.59,133621782.3268
1753460954174,16:29:14.174,AAVE/USDT:USDT,287.85,10.23,287.86,0.02,287.84,462344.59,133621782.3268
1753460954474,16:29:14.474,AAVE/USDT:USDT,287.85,10.84,287.86,0.02,287.84,462344.59,133621782.3268
1753460954574,16:29:14.574,AAVE/USDT:USDT,287.85,10.02,287.86,0.02,287.84,462344.59,133621782.3268
1753460954674,16:29:14.674,AAVE/USDT:USDT,287.85,10.57,287.86,0.02,287.84,462344.59,133621782.3268
1753460954774,16:29:14.774,AAVE/USDT:USDT,287.85,10.67,287.86,0.02,287.84,462344.59,133621782.3268
1753460955274,16:29:15.274,AAVE/USDT:USDT,287.85,10.11,287.86,0.02,287.84,462344.59,133621782.3268
1753460955974,16:29:15.974,AAVE/USDT:USDT,287.85,10.77,287.86,0.02,287.84,462344.59,133621782.3268
1753460956674,16:29:16.674,AAVE/USDT:USDT,287.89,8.14,287.9,0.04,287.89,462345.53,133622052.94
1753460956774,16:29:16.774,AAVE/USDT:USDT,287.89,8.14,287.9,0.04,287.89,462345.53,133622052.94
1753460956874,16:29:16.874,AAVE/USDT:USDT,287.95,3.45,287.96,0.03,287.94,462346.26,133622263.1216
1753460956974,16:29:16.974,AAVE/USDT:USDT,287.95,3.65,287.96,0.03,287.94,462346.26,133622263.1216
1753460957174,16:29:17.174,AAVE/USDT:USDT,287.95,0.2,287.96,8.04,287.94,462346.26,133622263.1216
1753460957374,16:29:17.374,AAVE/USDT:USDT,287.95,0.92,287.96,8.04,287.94,462346.26,133622263.1216
1753460957474,16:29:17.474,AAVE/USDT:USDT,287.95,0.92,287.96,8.04,287.94,462346.26,133622263.1216
1753460957674,16:29:17.674,AAVE/USDT:USDT,287.95,3.52,287.96,0.03,287.94,462346.26,133622263.1216
1753460957774,16:29:17.774,AAVE/USDT:USDT,287.95,3.52,287.96,0.03,287.94,462346.26,133622263.1216
1753460957974,16:29:17.974,AAVE/USDT:USDT,287.95,3.31,287.96,0.24,287.94,462346.26,133622263.1216
1753460958074,16:29:18.074,AAVE/USDT:USDT,287.96,13.07,287.97,0.04,287.96,462346.29,133622271.7604
1753460958174,16:29:18.174,AAVE/USDT:USDT,287.99,14.35,288.0,0.07,287.98,462346.98,133622470.4662
1753460958274,16:29:18.274,AAVE/USDT:USDT,287.99,14.91,288.0,0.02,288.0,462347.03,133622484.8662
1753460958375,16:29:18.375,AAVE/USDT:USDT,287.99,15.01,288.0,0.02,288.0,462347.03,133622484.8662
1753460958474,16:29:18.474,AAVE/USDT:USDT,287.99,15.38,288.0,0.02,288.0,462347.03,133622484.8662
1753460958675,16:29:18.675,AAVE/USDT:USDT,287.99,15.83,288.0,0.02,288.0,462347.03,133622484.8662
1753460958874,16:29:18.874,AAVE/USDT:USDT,287.99,15.99,288.0,0.02,288.0,462347.03,133622484.8662
1753460959275,16:29:19.275,AAVE/USDT:USDT,287.99,15.99,288.0,0.02,288.0,462347.03,133622484.8662
1753460959374,16:29:19.374,AAVE/USDT:USDT,287.95,0.03,287.96,2.43,287.99,462348.67,133622957.1698
1753460959474,16:29:19.474,AAVE/USDT:USDT,287.93,0.04,287.95,9.6,287.99,462348.67,133622957.1698
1753460959574,16:29:19.574,AAVE/USDT:USDT,287.91,0.64,287.92,0.66,287.99,462348.67,133622957.1698
1753460959674,16:29:19.674,AAVE/USDT:USDT,287.91,3.03,287.92,0.87,287.99,462348.67,133622957.1698
1753460959774,16:29:19.774,AAVE/USDT:USDT,287.9,1.01,287.91,9.52,287.99,462348.67,133622957.1698
1753460959874,16:29:19.874,AAVE/USDT:USDT,287.9,1.01,287.91,9.52,287.99,462348.67,133622957.1698
1753460959974,16:29:19.974,AAVE/USDT:USDT,287.9,1.01,287.91,1.51,287.99,462348.67,133622957.1698
1753460960074,16:29:20.074,AAVE/USDT:USDT,287.9,1.74,287.91,0.85,287.99,462348.67,133622957.1698
1753460960374,16:29:20.374,AAVE/USDT:USDT,287.9,0.97,287.91,3.03,287.99,462348.67,133622957.1698
1753460960474,16:29:20.474,AAVE/USDT:USDT,287.88,0.02,287.89,11.57,287.99,462348.67,133622957.1698
1753460960674,16:29:20.674,AAVE/USDT:USDT,287.88,0.02,287.89,11.11,287.99,462348.67,133622957.1698
1753460960774,16:29:20.774,AAVE/USDT:USDT,287.88,0.02,287.89,11.11,287.99,462348.67,133622957.1698
1753460961174,16:29:21.174,AAVE/USDT:USDT,287.88,0.02,287.89,12.02,287.99,462348.67,133622957.1698
1753460961274,16:29:21.274,AAVE/USDT:USDT,287.88,0.02,287.89,11.11,287.99,462348.67,133622957.1698
1753460961374,16:29:21.374,AAVE/USDT:USDT,287.88,0.02,287.89,11.11,287.99,462348.67,133622957.1698
1753460961474,16:29:21.474,AAVE/USDT:USDT,287.84,0.02,287.85,10.2,287.86,462348.77,133622985.9566
1753460961575,16:29:21.575,AAVE/USDT:USDT,287.84,0.02,287.85,10.2,287.86,462348.77,133622985.9566
1753460961675,16:29:21.675,AAVE/USDT:USDT,287.84,0.02,287.85,10.2,287.86,462348.77,133622985.9566
1753460961974,16:29:21.974,AAVE/USDT:USDT,287.84,0.02,287.85,11.18,287.86,462348.77,133622985.9566
1753460962174,16:29:22.174,AAVE/USDT:USDT,287.84,1.5,287.86,24.78,287.86,462348.77,133622985.9566
1753460962274,16:29:22.274,AAVE/USDT:USDT,287.85,0.85,287.87,1.06,287.86,462348.77,133622985.9566
1753460962374,16:29:22.374,AAVE/USDT:USDT,287.85,0.64,287.86,0.42,287.86,462348.77,133622985.9566
1753460962574,16:29:22.574,AAVE/USDT:USDT,287.84,0.66,287.86,0.42,287.86,462348.77,133622985.9566
1753460962674,16:29:22.674,AAVE/USDT:USDT,287.84,0.02,287.85,8.01,287.86,462348.77,133622985.9566
1753460962974,16:29:22.974,AAVE/USDT:USDT,287.84,0.86,287.85,7.8,287.86,462348.77,133622985.9566
1753460963074,16:29:23.074,AAVE/USDT:USDT,287.85,0.63,287.86,0.21,287.86,462348.77,133622985.9566
1753460963175,16:29:23.175,AAVE/USDT:USDT,287.85,0.63,287.87,0.79,287.86,462348.77,133622985.9566
1753460963274,16:29:23.274,AAVE/USDT:USDT,287.85,0.63,287.86,1.98,287.86,462348.77,133622985.9566
1753460963474,16:29:23.474,AAVE/USDT:USDT,287.85,0.63,287.86,2.56,287.86,462348.77,133622985.9566
1753460963574,16:29:23.574,AAVE/USDT:USDT,287.84,0.65,287.85,0.87,287.86,462348.77,133622985.9566
1753460963674,16:29:23.674,AAVE/USDT:USDT,287.84,0.65,287.86,0.21,287.86,462348.77,133622985.9566
1753460964774,16:29:24.774,AAVE/USDT:USDT,287.86,0.94,287.88,0.62,287.86,462348.77,133622985.9566
1753460964875,16:29:24.875,AAVE/USDT:USDT,287.86,0.73,287.87,2.41,287.86,462348.77,133622985.9566
1753460964974,16:29:24.974,AAVE/USDT:USDT,287.86,1.23,287.87,2.41,287.86,462348.77,133622985.9566
1753460965175,16:29:25.175,AAVE/USDT:USDT,287.86,1.23,287.87,0.85,287.86,462348.77,133622985.9566
1753460965274,16:29:25.274,AAVE/USDT:USDT,287.86,0.1,287.87,2.41,287.86,462348.77,133622985.9566
1753460965374,16:29:25.374,AAVE/USDT:USDT,287.86,0.58,287.87,2.41,287.86,462348.77,133622985.9566
1753460965974,16:29:25.974,AAVE/USDT:USDT,287.86,1.27,287.87,2.41,287.86,462348.77,133622985.9566
1753460966074,16:29:26.074,AAVE/USDT:USDT,287.84,0.02,287.85,4.84,287.86,462350.04,133623351.5388
1753460966474,16:29:26.474,AAVE/USDT:USDT,287.84,1.48,287.85,0.85,287.86,462350.04,133623351.5388
1753460966574,16:29:26.574,AAVE/USDT:USDT,287.84,3.04,287.85,0.85,287.86,462350.04,133623351.5388
1753460966674,16:29:26.674,AAVE/USDT:USDT,287.84,1.48,287.85,0.85,287.86,462350.04,133623351.5388
1753460966774,16:29:26.774,AAVE/USDT:USDT,287.84,1.48,287.85,2.45,287.86,462350.04,133623351.5388
1753460967074,16:29:27.074,AAVE/USDT:USDT,287.89,3.76,287.9,0.04,287.85,462352.49,133624056.7713
1753460967174,16:29:27.174,AAVE/USDT:USDT,287.9,12.06,287.91,0.48,287.9,462352.53,133624068.2873
1753460967274,16:29:27.274,AAVE/USDT:USDT,287.9,11.83,287.91,0.48,287.9,462352.53,133624068.2873
1753460967374,16:29:27.374,AAVE/USDT:USDT,287.9,11.83,287.91,0.48,287.9,462352.53,133624068.2873
1753460967674,16:29:27.674,AAVE/USDT:USDT,287.9,11.68,287.91,0.48,287.9,462352.53,133624068.2873
1753460967874,16:29:27.874,AAVE/USDT:USDT,287.95,12.42,287.96,0.02,287.94,462353.18,133624255.4327
1753460967974,16:29:27.974,AAVE/USDT:USDT,287.95,12.21,287.96,0.02,287.94,462353.18,133624255.4327
1753460968074,16:29:28.074,AAVE/USDT:USDT,287.95,10.61,287.96,0.02,287.94,462353.18,133624255.4327
1753460968174,16:29:28.174,AAVE/USDT:USDT,287.92,0.24,287.93,2.45,287.94,462353.18,133624255.4327
1753460968274,16:29:28.274,AAVE/USDT:USDT,287.92,0.03,287.93,2.45,287.94,462353.18,133624255.4327
1753460968374,16:29:28.374,AAVE/USDT:USDT,287.92,0.24,287.93,2.45,287.94,462353.18,133624255.4327
1753460968574,16:29:28.574,AAVE/USDT:USDT,287.92,0.03,287.93,0.85,287.94,462353.18,133624255.4327
1753460968675,16:29:28.675,AAVE/USDT:USDT,287.92,0.03,287.93,2.45,287.94,462353.18,133624255.4327
1753460969074,16:29:29.074,AAVE/USDT:USDT,287.92,0.64,287.93,2.45,287.94,462353.18,133624255.4327
1753460969174,16:29:29.174,AAVE/USDT:USDT,287.95,3.87,287.96,0.02,287.93,462354.03,133624500.1732
1753460969274,16:29:29.274,AAVE/USDT:USDT,287.95,2.27,287.96,0.02,287.93,462354.03,133624500.1732
1753460969774,16:29:29.774,AAVE/USDT:USDT,287.95,3.87,287.96,0.02,287.93,462354.03,133624500.1732
1753460970375,16:29:30.375,AAVE/USDT:USDT,287.97,4.4,287.98,0.02,287.97,462354.09,133624517.4512
1753460970474,16:29:30.474,AAVE/USDT:USDT,287.97,4.4,287.98,0.02,287.97,462354.09,133624517.4512
1753460971074,16:29:31.074,AAVE/USDT:USDT,287.92,7.49,287.95,0.21,287.97,462354.09,133624517.4512
1753460971174,16:29:31.174,AAVE/USDT:USDT,287.94,0.21,287.95,0.85,287.97,462354.09,133624517.4512
1753460971274,16:29:31.274,AAVE/USDT:USDT,287.94,0.21,287.95,2.45,287.97,462354.09,133624517.4512
1753460971374,16:29:31.374,AAVE/USDT:USDT,287.92,0.24,287.95,0.85,287.97,462354.09,133624517.4512
1753460971474,16:29:31.474,AAVE/USDT:USDT,287.96,0.21,287.98,0.23,287.97,462354.09,133624517.4512
1753460971574,16:29:31.574,AAVE/USDT:USDT,287.96,0.21,287.97,1.6,287.97,462354.09,133624517.4512
1753460971674,16:29:31.674,AAVE/USDT:USDT,287.95,0.73,287.97,1.6,287.97,462354.09,133624517.4512
1753460971775,16:29:31.775,AAVE/USDT:USDT,287.97,0.87,287.98,0.02,287.97,462354.09,133624517.4512
1753460971874,16:29:31.874,AAVE/USDT:USDT,287.97,1.54,287.98,0.02,287.97,462354.09,133624517.4512
1753460971974,16:29:31.974,AAVE/USDT:USDT,287.95,0.73,287.97,0.21,287.97,462354.09,133624517.4512
1753460972074,16:29:32.074,AAVE/USDT:USDT,287.94,0.61,287.95,0.85,287.97,462354.09,133624517.4512
1753460972174,16:29:32.174,AAVE/USDT:USDT,287.92,0.21,287.94,0.88,287.97,462354.09,133624517.4512
1753460972274,16:29:32.274,AAVE/USDT:USDT,287.91,0.21,287.94,8.01,287.97,462354.09,133624517.4512
1753460972374,16:29:32.374,AAVE/USDT:USDT,287.91,0.21,287.92,2.02,287.97,462354.09,133624517.4512
1753460972574,16:29:32.574,AAVE/USDT:USDT,287.88,0.06,287.9,14.95,287.9,462354.15,133624534.7252
1753460972674,16:29:32.674,AAVE/USDT:USDT,287.88,0.02,287.89,10.21,287.9,462354.15,133624534.7252
1753460972774,16:29:32.774,AAVE/USDT:USDT,287.88,0.02,287.89,10.21,287.9,462354.15,133624534.7252
1753460973074,16:29:33.074,AAVE/USDT:USDT,287.88,0.02,287.89,2.2,287.9,462354.15,133624534.7252
1753460973374,16:29:33.374,AAVE/USDT:USDT,287.88,0.02,287.89,2.2,287.9,462354.15,133624534.7252
1753460973674,16:29:33.674,AAVE/USDT:USDT,287.88,0.02,287.89,3.69,287.9,462354.15,133624534.7252
1753460973974,16:29:33.974,AAVE/USDT:USDT,287.88,0.02,287.89,3.69,287.9,462354.15,133624534.7252
1753460974174,16:29:34.174,AAVE/USDT:USDT,287.88,0.02,287.89,2.78,287.9,462354.15,133624534.7252
1753460974274,16:29:34.274,AAVE/USDT:USDT,287.88,0.83,287.89,1.6,287.9,462354.15,133624534.7252
1753460974375,16:29:34.375,AAVE/USDT:USDT,287.88,0.02,287.89,2.45,287.9,462354.15,133624534.7252
1753460974475,16:29:34.475,AAVE/USDT:USDT,287.88,4.3,287.89,0.85,287.9,462354.15,133624534.7252
1753460974675,16:29:34.675,AAVE/USDT:USDT,287.88,2.7,287.89,0.85,287.9,462354.15,133624534.7252
1753460974874,16:29:34.874,AAVE/USDT:USDT,287.88,1.2,287.89,0.85,287.9,462354.15,133624534.7252
1753460974974,16:29:34.974,AAVE/USDT:USDT,287.88,2.9,287.89,0.85,287.9,462354.15,133624534.7252
1753460975174,16:29:35.174,AAVE/USDT:USDT,287.88,2.9,287.89,0.85,287.9,462354.15,133624534.7252
1753460975574,16:29:35.574,AAVE/USDT:USDT,287.88,3.79,287.89,0.85,287.9,462354.15,133624534.7252
1753460975674,16:29:35.674,AAVE/USDT:USDT,287.88,2.61,287.89,3.95,287.9,462354.15,133624534.7252
1753460975774,16:29:35.774,AAVE/USDT:USDT,287.88,2.61,287.89,2.45,287.9,462354.15,133624534.7252
1753460976076,16:29:36.076,AAVE/USDT:USDT,287.88,2.61,287.89,2.45,287.9,462354.15,133624534.7252
1753460976174,16:29:36.174,AAVE/USDT:USDT,287.88,2.61,287.89,0.85,287.9,462354.15,133624534.7252
1753460976274,16:29:36.274,AAVE/USDT:USDT,287.88,1.72,287.89,0.85,287.9,462354.15,133624534.7252
1753460976374,16:29:36.374,AAVE/USDT:USDT,287.88,2.66,287.89,0.85,287.9,462354.15,133624534.7252
1753460976575,16:29:36.575,AAVE/USDT:USDT,287.88,1.53,287.89,0.85,287.88,462355.28,133624860.0296
1753460976674,16:29:36.674,AAVE/USDT:USDT,287.88,1.53,287.89,0.85,287.88,462355.28,133624860.0296
1753460976975,16:29:36.975,AAVE/USDT:USDT,287.88,1.53,287.89,2.4,287.88,462355.28,133624860.0296
1753460977274,16:29:37.274,AAVE/USDT:USDT,287.88,1.53,287.89,2.4,287.88,462355.28,133624860.0296
1753460977674,16:29:37.674,AAVE/USDT:USDT,287.88,1.53,287.89,10.2,287.88,462355.28,133624860.0296
1753460977774,16:29:37.774,AAVE/USDT:USDT,287.86,0.02,287.87,8.41,287.88,462356.81,133625300.486
1753460977874,16:29:37.874,AAVE/USDT:USDT,287.86,0.02,287.87,7.87,287.88,462356.81,133625300.486
1753460977974,16:29:37.974,AAVE/USDT:USDT,287.86,0.12,287.87,7.87,287.88,462356.81,133625300.486
1753460978374,16:29:38.374,AAVE/USDT:USDT,287.86,0.12,287.87,7.8,287.88,462356.81,133625300.486
1753460978674,16:29:38.674,AAVE/USDT:USDT,287.88,3.0,287.89,0.04,287.87,462357.66,133625545.1755
1753460978774,16:29:38.774,AAVE/USDT:USDT,287.87,2.74,287.88,2.4,287.87,462357.66,133625545.1755
1753460978874,16:29:38.874,AAVE/USDT:USDT,287.86,1.19,287.89,1.76,287.87,462357.66,133625545.1755
1753460978974,16:29:38.974,AAVE/USDT:USDT,287.87,0.21,287.89,0.21,287.87,462357.66,133625545.1755
1753460979074,16:29:39.074,AAVE/USDT:USDT,287.86,0.36,287.87,1.55,287.87,462357.66,133625545.1755
1753460979275,16:29:39.275,AAVE/USDT:USDT,287.86,0.36,287.88,0.21,287.87,462357.66,133625545.1755
1753460979374,16:29:39.374,AAVE/USDT:USDT,287.86,0.36,287.88,0.21,287.87,462357.66,133625545.1755
1753460979775,16:29:39.775,AAVE/USDT:USDT,287.88,0.21,287.89,0.21,287.87,462357.66,133625545.1755
1753460979974,16:29:39.974,AAVE/USDT:USDT,287.88,0.1,287.89,0.21,287.87,462357.66,133625545.1755
1753460980074,16:29:40.074,AAVE/USDT:USDT,287.88,0.37,287.9,0.23,287.87,462357.66,133625545.1755
1753460980174,16:29:40.174,AAVE/USDT:USDT,287.89,10.1,287.9,0.02,287.87,462357.66,133625545.1755
1753460980374,16:29:40.374,AAVE/USDT:USDT,287.91,10.21,287.92,0.04,287.87,462357.66,133625545.1755
1753460980475,16:29:40.475,AAVE/USDT:USDT,287.91,11.71,287.92,0.04,287.87,462357.66,133625545.1755
1753460980574,16:29:40.574,AAVE/USDT:USDT,287.91,11.71,287.92,0.04,287.87,462357.66,133625545.1755
1753460980674,16:29:40.674,AAVE/USDT:USDT,287.95,6.12,287.96,0.02,287.95,462382.62,133632732.4049
1753460980774,16:29:40.774,AAVE/USDT:USDT,287.95,5.43,287.96,0.02,287.95,462382.62,133632732.4049
1753460980874,16:29:40.874,AAVE/USDT:USDT,287.95,5.53,287.96,0.02,287.95,462382.62,133632732.4049
1753460981074,16:29:41.074,AAVE/USDT:USDT,287.95,1.09,287.96,0.02,287.95,462382.62,133632732.4049
1753460981174,16:29:41.174,AAVE/USDT:USDT,287.95,0.1,287.96,2.19,287.95,462382.62,133632732.4049
1753460981375,16:29:41.375,AAVE/USDT:USDT,287.95,3.13,287.96,0.02,287.95,462382.62,133632732.4049
1753460981474,16:29:41.474,AAVE/USDT:USDT,287.95,3.13,287.96,0.02,287.95,462382.62,133632732.4049
1753460981575,16:29:41.575,AAVE/USDT:USDT,287.95,1.58,287.96,0.02,287.95,462382.62,133632732.4049
1753460981774,16:29:41.774,AAVE/USDT:USDT,287.95,0.98,287.96,0.02,287.95,462382.62,133632732.4049
1753460981874,16:29:41.874,AAVE/USDT:USDT,287.95,0.1,287.96,11.84,287.95,462382.62,133632732.4049
1753460982074,16:29:42.074,AAVE/USDT:USDT,287.95,0.1,287.96,8.03,287.95,462382.62,133632732.4049
1753460982375,16:29:42.375,AAVE/USDT:USDT,287.95,0.1,287.96,8.03,287.95,462382.62,133632732.4049
1753460982575,16:29:42.575,AAVE/USDT:USDT,287.95,0.35,287.96,0.23,287.95,462382.62,133632732.4049
1753460982674,16:29:42.674,AAVE/USDT:USDT,287.95,3.3,287.96,0.02,287.95,462382.62,133632732.4049
1753460982974,16:29:42.974,AAVE/USDT:USDT,287.95,6.1,287.99,0.04,287.98,462382.7,133632755.4429
1753460983074,16:29:43.074,AAVE/USDT:USDT,287.99,1.93,288.0,0.44,287.98,462382.7,133632755.4429
1753460983174,16:29:43.174,AAVE/USDT:USDT,287.99,0.1,288.0,2.58,287.98,462382.7,133632755.4429
1753460983274,16:29:43.274,AAVE/USDT:USDT,287.95,0.07,287.97,1.76,287.99,462382.8,133632784.2419
1753460983374,16:29:43.374,AAVE/USDT:USDT,287.95,0.03,287.96,2.4,287.99,462382.8,133632784.2419
1753460983474,16:29:43.474,AAVE/USDT:USDT,287.95,0.1,287.96,1.55,287.99,462382.8,133632784.2419
1753460983574,16:29:43.574,AAVE/USDT:USDT,287.97,1.33,287.98,0.21,287.99,462382.8,133632784.2419
1753460983774,16:29:43.774,AAVE/USDT:USDT,287.95,0.26,287.96,0.85,287.99,462382.8,133632784.2419
1753460983874,16:29:43.874,AAVE/USDT:USDT,287.94,0.29,287.96,0.85,287.99,462382.8,133632784.2419
1753460983974,16:29:43.974,AAVE/USDT:USDT,287.94,0.21,287.96,0.85,287.99,462382.8,133632784.2419
1753460984074,16:29:44.074,AAVE/USDT:USDT,287.93,0.21,287.94,0.85,287.99,462382.8,133632784.2419
1753460984174,16:29:44.174,AAVE/USDT:USDT,287.93,2.41,287.94,0.85,287.99,462382.8,133632784.2419
1753460984274,16:29:44.274,AAVE/USDT:USDT,287.93,2.35,287.94,0.85,287.99,462382.8,133632784.2419
1753460984474,16:29:44.474,AAVE/USDT:USDT,287.93,2.35,287.94,0.85,287.99,462382.8,133632784.2419
1753460985174,16:29:45.174,AAVE/USDT:USDT,287.95,6.07,287.96,0.04,287.94,462383.65,133633028.9909
1753460985274,16:29:45.274,AAVE/USDT:USDT,287.97,1.54,287.98,0.02,287.94,462383.65,133633028.9909
1753460985774,16:29:45.774,AAVE/USDT:USDT,287.97,0.21,287.98,1.57,287.94,462383.65,133633028.9909
1753460985875,16:29:45.875,AAVE/USDT:USDT,287.97,0.6,287.98,1.57,287.94,462383.65,133633028.9909
1753460986174,16:29:46.174,AAVE/USDT:USDT,287.97,0.6,287.98,9.37,287.94,462383.65,133633028.9909
1753460986274,16:29:46.274,AAVE/USDT:USDT,287.92,0.02,287.93,1.86,287.94,462384.29,133633213.2905
1753460986374,16:29:46.374,AAVE/USDT:USDT,287.92,0.02,287.93,9.66,287.94,462384.29,133633213.2905
1753460986474,16:29:46.474,AAVE/USDT:USDT,287.88,0.02,287.89,2.92,287.9,462384.45,133633259.3553
1753460986574,16:29:46.574,AAVE/USDT:USDT,287.88,0.23,287.89,1.55,287.9,462384.45,133633259.3553
1753460986674,16:29:46.674,AAVE/USDT:USDT,287.84,0.08,287.86,1.09,287.85,462384.64,133633314.0491
1753460986774,16:29:46.774,AAVE/USDT:USDT,287.84,0.02,287.85,3.95,287.85,462384.64,133633314.0491
1753460986974,16:29:46.974,AAVE/USDT:USDT,287.82,0.02,287.83,5.18,287.83,462384.7,133633331.3191
1753460987074,16:29:47.074,AAVE/USDT:USDT,287.82,0.02,287.83,6.09,287.83,462384.7,133633331.3191
1753460987174,16:29:47.174,AAVE/USDT:USDT,287.74,0.05,287.75,5.58,287.75,462385.45,133633547.153
1753460987274,16:29:47.274,AAVE/USDT:USDT,287.71,0.03,287.72,4.54,287.72,462385.63,133633598.944
1753460987374,16:29:47.374,AAVE/USDT:USDT,287.7,0.06,287.71,13.17,287.72,462385.63,133633598.944
1753460987474,16:29:47.474,AAVE/USDT:USDT,287.7,0.06,287.71,13.17,287.72,462385.63,133633598.944
1753460987774,16:29:47.774,AAVE/USDT:USDT,287.7,0.06,287.71,13.17,287.72,462385.63,133633598.944
1753460988074,16:29:48.074,AAVE/USDT:USDT,287.7,0.06,287.71,13.17,287.72,462385.63,133633598.944
1753460988274,16:29:48.274,AAVE/USDT:USDT,287.7,0.06,287.71,5.37,287.72,462385.63,133633598.944
1753460988375,16:29:48.375,AAVE/USDT:USDT,287.7,0.23,287.71,2.44,287.72,462385.63,133633598.944
1753460988974,16:29:48.974,AAVE/USDT:USDT,287.72,8.09,287.74,0.04,287.71,462386.48,133633843.4975
1753460989074,16:29:49.074,AAVE/USDT:USDT,287.76,7.22,287.79,1.7,287.71,462386.48,133633843.4975
1753460989174,16:29:49.174,AAVE/USDT:USDT,287.78,0.21,287.79,1.59,287.71,462386.48,133633843.4975
1753460989274,16:29:49.274,AAVE/USDT:USDT,287.78,0.21,287.79,1.59,287.71,462386.48,133633843.4975
1753460989575,16:29:49.575,AAVE/USDT:USDT,287.79,1.33,287.8,0.59,287.71,462386.48,133633843.4975
1753460989674,16:29:49.674,AAVE/USDT:USDT,287.79,1.33,287.8,1.63,287.71,462386.48,133633843.4975
1753460989874,16:29:49.874,AAVE/USDT:USDT,287.78,0.21,287.79,1.59,287.71,462386.48,133633843.4975
1753460989974,16:29:49.974,AAVE/USDT:USDT,287.77,0.21,287.79,1.59,287.71,462386.48,133633843.4975
1753460990074,16:29:50.074,AAVE/USDT:USDT,287.79,0.21,287.8,0.04,287.71,462386.48,133633843.4975
1753460990174,16:29:50.174,AAVE/USDT:USDT,287.75,0.25,287.78,1.59,287.71,462386.48,133633843.4975
1753460990274,16:29:50.274,AAVE/USDT:USDT,287.74,0.24,287.76,1.59,287.71,462386.48,133633843.4975
1753460990374,16:29:50.374,AAVE/USDT:USDT,287.72,0.21,287.74,0.55,287.71,462386.48,133633843.4975
1753460990475,16:29:50.475,AAVE/USDT:USDT,287.74,0.21,287.76,1.59,287.71,462386.48,133633843.4975
1753460990574,16:29:50.574,AAVE/USDT:USDT,287.76,1.33,287.77,0.21,287.71,462386.48,133633843.4975
1753460990674,16:29:50.674,AAVE/USDT:USDT,287.75,0.04,287.78,2.41,287.79,462386.74,133633918.3187
1753460990774,16:29:50.774,AAVE/USDT:USDT,287.75,0.21,287.76,1.59,287.79,462386.74,133633918.3187
1753460990874,16:29:50.874,AAVE/USDT:USDT,287.75,0.21,287.78,0.24,287.79,462386.48,133633843.4975
1753460990975,16:29:50.975,AAVE/USDT:USDT,287.75,1.99,287.76,2.14,287.79,462386.48,133633843.4975
1753460991074,16:29:51.074,AAVE/USDT:USDT,287.75,1.99,287.77,0.38,287.79,462386.48,133633843.4975
1753460991174,16:29:51.174,AAVE/USDT:USDT,287.76,0.15,287.77,0.38,287.79,462386.48,133633843.4975
1753460991274,16:29:51.274,AAVE/USDT:USDT,287.75,1.99,287.76,0.21,287.79,462386.48,133633843.4975
1753460991374,16:29:51.374,AAVE/USDT:USDT,287.75,1.99,287.76,1.59,287.79,462386.48,133633843.4975
1753460991474,16:29:51.474,AAVE/USDT:USDT,287.75,1.99,287.78,0.21,287.79,462386.48,133633843.4975
1753460991574,16:29:51.574,AAVE/USDT:USDT,287.78,1.54,287.8,0.04,287.79,462386.48,133633843.4975
1753460991674,16:29:51.674,AAVE/USDT:USDT,287.79,1.13,287.8,0.04,287.79,462386.89,133633961.4914
1753460991774,16:29:51.774,AAVE/USDT:USDT,287.79,1.13,287.8,0.07,287.79,462386.89,133633961.4914
1753460991875,16:29:51.875,AAVE/USDT:USDT,287.78,0.21,287.8,2.04,287.79,462386.89,133633961.4914
1753460991974,16:29:51.974,AAVE/USDT:USDT,287.78,0.72,287.8,0.04,287.79,462386.89,133633961.4914
1753460992074,16:29:52.074,AAVE/USDT:USDT,287.77,0.21,287.78,1.59,287.79,462386.89,133633961.4914
1753460992175,16:29:52.175,AAVE/USDT:USDT,287.78,0.21,287.8,0.04,287.79,462386.89,133633961.4914
1753460992374,16:29:52.374,AAVE/USDT:USDT,287.79,0.21,287.8,0.02,287.79,462386.89,133633961.4914
1753460992474,16:29:52.474,AAVE/USDT:USDT,287.79,7.43,287.8,0.02,287.79,462386.89,133633961.4914
1753460992574,16:29:52.574,AAVE/USDT:USDT,287.83,3.13,287.84,0.02,287.81,462386.95,133633978.7598
1753460992675,16:29:52.675,AAVE/USDT:USDT,287.82,0.21,287.83,1.59,287.81,462386.95,133633978.7598
1753460992774,16:29:52.774,AAVE/USDT:USDT,287.83,0.66,287.84,0.1,287.81,462386.95,133633978.7598
1753460992875,16:29:52.875,AAVE/USDT:USDT,287.83,1.43,287.84,0.02,287.81,462386.95,133633978.7598
1753460993174,16:29:53.174,AAVE/USDT:USDT,287.83,0.1,287.84,1.61,287.81,462386.95,133633978.7598
1753460993275,16:29:53.275,AAVE/USDT:USDT,287.82,0.21,287.83,1.59,287.81,462386.95,133633978.7598
1753460993375,16:29:53.375,AAVE/USDT:USDT,287.82,0.21,287.84,0.02,287.81,462386.95,133633978.7598
1753460993474,16:29:53.474,AAVE/USDT:USDT,287.82,0.21,287.84,0.02,287.81,462386.95,133633978.7598
1753460993674,16:29:53.674,AAVE/USDT:USDT,287.83,3.77,287.84,0.02,287.81,462386.95,133633978.7598
1753460993874,16:29:53.874,AAVE/USDT:USDT,287.83,2.18,287.84,0.02,287.81,462386.95,133633978.7598
1753460993974,16:29:53.974,AAVE/USDT:USDT,287.83,4.17,287.84,0.02,287.81,462386.95,133633978.7598
1753460994074,16:29:54.074,AAVE/USDT:USDT,287.83,4.65,287.84,0.02,287.81,462386.95,133633978.7598
1753460994274,16:29:54.274,AAVE/USDT:USDT,287.83,4.17,287.84,0.02,287.81,462386.95,133633978.7598
1753460994374,16:29:54.374,AAVE/USDT:USDT,287.87,0.21,287.88,0.06,287.86,462387.05,133634007.545
1753460994474,16:29:54.474,AAVE/USDT:USDT,287.87,1.33,287.88,0.02,287.86,462387.05,133634007.545
1753460994774,16:29:54.774,AAVE/USDT:USDT,287.85,7.22,287.88,0.56,287.86,462387.05,133634007.545
1753460994874,16:29:54.874,AAVE/USDT:USDT,287.87,1.33,287.88,0.1,287.86,462387.05,133634007.545
1753460994974,16:29:54.974,AAVE/USDT:USDT,287.83,2.02,287.84,1.59,287.86,462387.05,133634007.545
1753460995074,16:29:55.074,AAVE/USDT:USDT,287.84,0.21,287.85,0.14,287.86,462387.05,133634007.545
1753460995174,16:29:55.174,AAVE/USDT:USDT,287.87,1.54,287.88,0.02,287.86,462387.05,133634007.545
1753460995275,16:29:55.275,AAVE/USDT:USDT,287.87,1.54,287.88,1.61,287.86,462387.05,133634007.545
1753460995474,16:29:55.474,AAVE/USDT:USDT,287.87,1.54,287.88,0.02,287.86,462387.05,133634007.545
1753460995574,16:29:55.574,AAVE/USDT:USDT,287.91,3.68,287.92,0.04,287.9,462387.09,133634019.0606
1753460995674,16:29:55.674,AAVE/USDT:USDT,287.91,2.09,287.92,0.02,287.9,462387.09,133634019.0606
1753460995774,16:29:55.774,AAVE/USDT:USDT,287.9,0.04,287.91,10.14,287.9,462387.09,133634019.0606
1753460995874,16:29:55.874,AAVE/USDT:USDT,287.9,0.04,287.91,10.14,287.9,462387.09,133634019.0606
1753460996174,16:29:56.174,AAVE/USDT:USDT,287.9,0.04,287.91,9.6,287.9,462387.09,133634019.0606
1753460996274,16:29:56.274,AAVE/USDT:USDT,287.91,0.67,287.92,0.04,287.9,462387.09,133634019.0606
1753460996374,16:29:56.374,AAVE/USDT:USDT,287.91,1.66,287.92,0.04,287.9,462387.09,133634019.0606
1753460996474,16:29:56.474,AAVE/USDT:USDT,287.91,1.66,287.92,0.04,287.9,462387.09,133634019.0606
1753460996574,16:29:56.574,AAVE/USDT:USDT,287.9,0.8,287.91,1.59,287.9,462387.09,133634019.0606
1753460996674,16:29:56.674,AAVE/USDT:USDT,287.9,0.14,287.91,1.59,287.9,462387.09,133634019.0606
1753460996774,16:29:56.774,AAVE/USDT:USDT,287.9,0.35,287.91,1.59,287.9,462387.09,133634019.0606
1753460996974,16:29:56.974,AAVE/USDT:USDT,287.91,1.33,287.92,0.25,287.9,462387.09,133634019.0606
1753460997074,16:29:57.074,AAVE/USDT:USDT,287.91,0.1,287.92,1.84,287.9,462387.09,133634019.0606
1753460997474,16:29:57.474,AAVE/USDT:USDT,287.91,8.06,287.92,0.04,287.9,462387.09,133634019.0606
1753460997674,16:29:57.674,AAVE/USDT:USDT,287.93,3.67,287.94,0.02,287.92,462387.13,133634030.5774
1753460997774,16:29:57.774,AAVE/USDT:USDT,287.93,3.77,287.94,0.02,287.92,462387.13,133634030.5774
1753460997974,16:29:57.974,AAVE/USDT:USDT,287.93,3.77,287.94,0.02,287.92,462387.13,133634030.5774
1753460998574,16:29:58.574,AAVE/USDT:USDT,287.97,15.59,287.98,0.02,287.97,462387.29,133634076.6506
1753460998674,16:29:58.674,AAVE/USDT:USDT,287.97,3.45,287.98,2.19,287.97,462387.29,133634076.6506
1753460998774,16:29:58.774,AAVE/USDT:USDT,287.97,3.45,287.98,1.61,287.97,462387.29,133634076.6506
1753460998875,16:29:58.875,AAVE/USDT:USDT,287.97,3.45,287.98,0.02,287.97,462387.29,133634076.6506
1753460999274,16:29:59.274,AAVE/USDT:USDT,287.97,3.55,287.98,0.02,287.97,462387.29,133634076.6506
1753460999474,16:29:59.474,AAVE/USDT:USDT,287.97,3.55,287.98,0.02,287.97,462387.29,133634076.6506
1753460999574,16:29:59.574,AAVE/USDT:USDT,287.97,0.31,287.98,1.82,287.97,462387.29,133634076.6506
1753461000174,16:30:00.174,AAVE/USDT:USDT,287.88,0.02,287.89,13.0,287.89,462388.91,133634543.0744
1753461000274,16:30:00.274,AAVE/USDT:USDT,287.88,0.02,287.89,13.13,287.89,462388.91,133634543.0744
1753461000374,16:30:00.374,AAVE/USDT:USDT,287.88,0.02,287.89,12.18,287.89,462388.91,133634543.0744
1753461000474,16:30:00.474,AAVE/USDT:USDT,287.88,0.23,287.89,2.44,287.89,462388.91,133634543.0744
1753461000574,16:30:00.574,AAVE/USDT:USDT,287.88,7.49,287.9,0.07,287.89,462389.76,133634787.7809
1753461000674,16:30:00.674,AAVE/USDT:USDT,287.98,3.0,287.99,0.04,287.98,462423.34,133644457.2201
1753461000774,16:30:00.774,AAVE/USDT:USDT,287.95,1.31,287.96,0.1,287.98,462423.34,133644457.2201
1753461000874,16:30:00.874,AAVE/USDT:USDT,287.94,0.74,287.95,0.1,287.98,462423.34,133644457.2201
1753461000974,16:30:00.974,AAVE/USDT:USDT,287.9,2.39,287.93,9.83,287.98,462423.34,133644457.2201
1753461001074,16:30:01.074,AAVE/USDT:USDT,287.9,1.89,287.92,1.59,287.98,462423.34,133644457.2201
1753461001174,16:30:01.174,AAVE/USDT:USDT,287.9,0.79,287.91,2.25,287.98,462423.34,133644457.2201
1753461001274,16:30:01.274,AAVE/USDT:USDT,287.91,0.21,287.92,2.44,287.98,462423.34,133644457.2201
1753461001374,16:30:01.374,AAVE/USDT:USDT,287.91,7.9,287.92,0.85,287.98,462423.34,133644457.2201
1753461001474,16:30:01.474,AAVE/USDT:USDT,287.98,1.33,287.99,2.19,287.95,462424.27,133644724.9877
1753461001574,16:30:01.574,AAVE/USDT:USDT,287.98,1.33,287.99,2.19,287.95,462424.27,133644724.9877
1753461001774,16:30:01.774,AAVE/USDT:USDT,287.98,0.66,287.99,9.99,287.95,462424.27,133644724.9877
1753461001874,16:30:01.874,AAVE/USDT:USDT,287.95,0.03,287.98,10.05,287.98,462424.93,133644915.0545
1753461001974,16:30:01.974,AAVE/USDT:USDT,287.95,0.03,287.96,10.45,287.98,462424.93,133644915.0545
1753461002274,16:30:02.274,AAVE/USDT:USDT,287.95,1.15,287.96,0.85,287.98,462424.93,133644915.0545
1753461002374,16:30:02.374,AAVE/USDT:USDT,287.95,0.78,287.96,2.44,287.98,462424.93,133644915.0545
1753461002475,16:30:02.475,AAVE/USDT:USDT,287.95,0.03,287.96,2.44,287.98,462424.93,133644915.0545
1753461002574,16:30:02.574,AAVE/USDT:USDT,287.95,0.14,287.96,2.44,287.98,462424.93,133644915.0545
1753461002774,16:30:02.774,AAVE/USDT:USDT,287.95,0.14,287.96,2.44,287.98,462424.93,133644915.0545
1753461002874,16:30:02.874,AAVE/USDT:USDT,287.95,1.18,287.96,0.85,287.98,462424.93,133644915.0545
1753461002974,16:30:02.974,AAVE/USDT:USDT,287.95,2.0,287.96,8.75,287.98,462424.93,133644915.0545
1753461003174,16:30:03.174,AAVE/USDT:USDT,287.92,0.03,287.93,10.84,287.95,462426.93,133645490.9545
1753461003274,16:30:03.274,AAVE/USDT:USDT,287.9,0.27,287.91,1.59,287.95,462426.93,133645490.9545
1753461003374,16:30:03.374,AAVE/USDT:USDT,287.89,0.03,287.9,3.99,287.9,462427.03,133645519.7445
1753461003474,16:30:03.474,AAVE/USDT:USDT,287.89,0.24,287.9,3.99,287.9,462427.03,133645519.7445
1753461003674,16:30:03.674,AAVE/USDT:USDT,287.91,0.21,287.92,1.59,287.9,462427.03,133645519.7445
1753461003774,16:30:03.774,AAVE/USDT:USDT,287.91,0.75,287.92,0.1,287.9,462427.03,133645519.7445
1753461003874,16:30:03.874,AAVE/USDT:USDT,287.93,14.65,287.94,0.04,287.92,462427.13,133645548.5365
1753461003974,16:30:03.974,AAVE/USDT:USDT,287.98,1.68,287.99,0.6,287.92,462427.13,133645548.5365
1753461004074,16:30:04.074,AAVE/USDT:USDT,287.95,0.57,287.97,1.59,287.96,462432.33,133647045.976
1753461004174,16:30:04.174,AAVE/USDT:USDT,287.95,0.03,287.96,10.13,287.96,462432.33,133647045.976
1753461004274,16:30:04.274,AAVE/USDT:USDT,287.93,0.21,287.96,8.33,287.96,462432.33,133647045.976
1753461004374,16:30:04.374,AAVE/USDT:USDT,287.92,0.57,287.94,1.8,287.96,462432.33,133647045.976
1753461004474,16:30:04.474,AAVE/USDT:USDT,287.92,0.78,287.93,0.85,287.96,462432.33,133647045.976
1753461004574,16:30:04.574,AAVE/USDT:USDT,287.97,0.67,287.98,0.53,287.96,462432.33,133647045.976
1753461004674,16:30:04.674,AAVE/USDT:USDT,287.97,0.67,287.98,2.12,287.96,462432.33,133647045.976
1753461004774,16:30:04.774,AAVE/USDT:USDT,287.93,1.29,287.97,1.59,287.96,462432.33,133647045.976
1753461004874,16:30:04.874,AAVE/USDT:USDT,287.95,0.67,287.97,1.59,287.96,462432.33,133647045.976
1753461005074,16:30:05.074,AAVE/USDT:USDT,287.93,0.65,287.96,7.8,287.96,462432.33,133647045.976
1753461005174,16:30:05.174,AAVE/USDT:USDT,287.94,0.88,287.96,0.21,287.96,462432.33,133647045.976
1753461005274,16:30:05.274,AAVE/USDT:USDT,287.96,0.67,287.97,0.14,287.96,462432.33,133647045.976
1753461005374,16:30:05.374,AAVE/USDT:USDT,287.94,0.25,287.97,1.86,287.96,462432.33,133647045.976
1753461005475,16:30:05.475,AAVE/USDT:USDT,287.94,0.21,287.96,0.18,287.96,462432.33,133647045.976
1753461005674,16:30:05.674,AAVE/USDT:USDT,287.94,0.58,287.96,0.18,287.96,462432.33,133647045.976
1753461005874,16:30:05.874,AAVE/USDT:USDT,287.94,0.37,287.95,1.67,287.96,462432.33,133647045.976
1753461006074,16:30:06.074,AAVE/USDT:USDT,287.94,0.44,287.96,0.23,287.96,462432.33,133647045.976
1753461006175,16:30:06.175,AAVE/USDT:USDT,287.95,0.67,287.96,1.82,287.96,462432.33,133647045.976
1753461006274,16:30:06.274,AAVE/USDT:USDT,287.94,0.37,287.95,1.59,287.96,462432.33,133647045.976
1753461006475,16:30:06.475,AAVE/USDT:USDT,287.94,0.37,287.96,0.58,287.96,462432.33,133647045.976
1753461006675,16:30:06.675,AAVE/USDT:USDT,287.94,0.37,287.95,1.59,287.96,462432.33,133647045.976
1753461006975,16:30:06.975,AAVE/USDT:USDT,287.94,0.37,287.95,11.48,287.96,462432.33,133647045.976
1753461007074,16:30:07.074,AAVE/USDT:USDT,287.9,0.27,287.91,2.49,287.92,462432.83,133647189.9438
1753461007174,16:30:07.174,AAVE/USDT:USDT,287.9,0.06,287.91,1.96,287.92,462432.83,133647189.9438
1753461007274,16:30:07.274,AAVE/USDT:USDT,287.9,0.06,287.91,9.76,287.92,462432.83,133647189.9438
1753461007475,16:30:07.475,AAVE/USDT:USDT,287.9,0.02,287.91,9.76,287.92,462432.83,133647189.9438
1753461007774,16:30:07.774,AAVE/USDT:USDT,287.9,0.42,287.91,9.76,287.92,462432.83,133647189.9438
1753461007974,16:30:07.974,AAVE/USDT:USDT,287.9,1.11,287.91,1.96,287.92,462432.83,133647189.9438
1753461008074,16:30:08.074,AAVE/USDT:USDT,287.9,0.42,287.91,1.96,287.92,462432.83,133647189.9438
1753461008474,16:30:08.474,AAVE/USDT:USDT,287.9,0.42,287.91,3.42,287.92,462432.83,133647189.9438
1753461008774,16:30:08.774,AAVE/USDT:USDT,287.9,1.05,287.91,3.42,287.92,462432.83,133647189.9438
1753461009174,16:30:09.174,AAVE/USDT:USDT,287.9,1.05,287.91,2.43,287.91,462433.43,133647362.6898
1753461009274,16:30:09.274,AAVE/USDT:USDT,287.9,1.05,287.91,2.43,287.91,462433.43,133647362.6898
1753461009474,16:30:09.474,AAVE/USDT:USDT,287.9,1.06,287.91,2.43,287.91,462433.43,133647362.6898
1753461009574,16:30:09.574,AAVE/USDT:USDT,287.88,0.02,287.89,12.5,287.9,462434.49,133647667.8638
1753461009674,16:30:09.674,AAVE/USDT:USDT,287.88,0.02,287.89,12.5,287.9,462434.49,133647667.8638
1753461009974,16:30:09.974,AAVE/USDT:USDT,287.88,0.02,287.89,4.7,287.9,462434.49,133647667.8638
1753461010074,16:30:10.074,AAVE/USDT:USDT,287.89,0.21,287.9,0.02,287.9,462434.49,133647667.8638
1753461010174,16:30:10.174,AAVE/USDT:USDT,287.88,6.36,287.9,1.6,287.9,462434.49,133647667.8638
1753461010274,16:30:10.274,AAVE/USDT:USDT,287.88,6.36,287.9,1.6,287.9,462434.49,133647667.8638
1753461010374,16:30:10.374,AAVE/USDT:USDT,287.92,0.21,287.94,0.28,287.9,462434.51,133647673.6218
1753461010474,16:30:10.474,AAVE/USDT:USDT,287.9,0.04,287.91,3.3,287.9,462434.51,133647673.6218
1753461010574,16:30:10.574,AAVE/USDT:USDT,287.9,0.04,287.91,4.21,287.9,462434.51,133647673.6218
1753461010674,16:30:10.674,AAVE/USDT:USDT,287.86,0.05,287.87,5.55,287.87,462434.61,133647702.4102
1753461010774,16:30:10.774,AAVE/USDT:USDT,287.83,0.03,287.84,4.29,287.84,462435.68,133648010.4095
1753461010874,16:30:10.874,AAVE/USDT:USDT,287.82,0.02,287.83,2.98,287.84,462435.68,133648010.4095
1753461010974,16:30:10.974,AAVE/USDT:USDT,287.82,0.23,287.83,2.24,287.84,462435.68,133648010.4095
1753461011074,16:30:11.074,AAVE/USDT:USDT,287.83,0.21,287.86,2.11,287.84,462435.68,133648010.4095
1753461011174,16:30:11.174,AAVE/USDT:USDT,287.83,0.21,287.86,0.53,287.84,462435.68,133648010.4095
1753461011275,16:30:11.275,AAVE/USDT:USDT,287.84,0.21,287.87,0.21,287.84,462435.68,133648010.4095
1753461011374,16:30:11.374,AAVE/USDT:USDT,287.86,0.67,287.87,1.79,287.84,462435.68,133648010.4095
1753461011474,16:30:11.474,AAVE/USDT:USDT,287.83,0.77,287.85,0.21,287.84,462435.68,133648010.4095
1753461011574,16:30:11.574,AAVE/USDT:USDT,287.83,0.03,287.84,2.24,287.84,462435.68,133648010.4095
1753461011774,16:30:11.774,AAVE/USDT:USDT,287.83,0.03,287.84,2.24,287.84,462435.68,133648010.4095
1753461011874,16:30:11.874,AAVE/USDT:USDT,287.87,1.54,287.89,0.78,287.84,462436.34,133648200.3839
1753461011974,16:30:11.974,AAVE/USDT:USDT,287.85,0.73,287.87,1.58,287.84,462436.34,133648200.3839
1753461012174,16:30:12.174,AAVE/USDT:USDT,287.87,0.16,287.88,0.21,287.84,462436.34,133648200.3839
1753461012275,16:30:12.275,AAVE/USDT:USDT,287.86,1.56,287.87,2.1,287.86,462441.49,133649682.8645
1753461012374,16:30:12.374,AAVE/USDT:USDT,287.87,4.15,287.89,0.04,287.86,462441.49,133649682.8645
1753461012474,16:30:12.474,AAVE/USDT:USDT,287.9,1.33,287.91,1.79,287.86,462441.49,133649682.8645
1753461012574,16:30:12.574,AAVE/USDT:USDT,287.89,1.54,287.9,0.21,287.86,462441.49,133649682.8645
1753461012874,16:30:12.874,AAVE/USDT:USDT,287.89,1.33,287.9,0.23,287.88,462443.54,133650273.0339
1753461012974,16:30:12.974,AAVE/USDT:USDT,287.89,5.1,287.9,0.02,287.88,462443.54,133650273.0339
1753461013074,16:30:13.074,AAVE/USDT:USDT,287.89,5.69,287.9,0.02,287.88,462443.54,133650273.0339
1753461013174,16:30:13.174,AAVE/USDT:USDT,287.89,5.85,287.9,0.02,287.88,462443.54,133650273.0339
1753461013374,16:30:13.374,AAVE/USDT:USDT,287.89,4.63,287.9,0.02,287.88,462443.54,133650273.0339
1753461013474,16:30:13.474,AAVE/USDT:USDT,287.89,0.16,287.9,1.58,287.88,462443.54,133650273.0339
1753461013574,16:30:13.574,AAVE/USDT:USDT,287.86,0.13,287.87,2.46,287.89,462443.7,133650319.0963
1753461013674,16:30:13.674,AAVE/USDT:USDT,287.86,0.13,287.87,1.79,287.89,462443.7,133650319.0963
1753461013874,16:30:13.874,AAVE/USDT:USDT,287.83,0.07,287.84,8.07,287.85,462443.87,133650368.0321
1753461013974,16:30:13.974,AAVE/USDT:USDT,287.83,0.03,287.84,8.07,287.85,462443.87,133650368.0321
1753461014274,16:30:14.274,AAVE/USDT:USDT,287.83,0.3,287.84,8.07,287.85,462443.87,133650368.0321
1753461014374,16:30:14.374,AAVE/USDT:USDT,287.83,0.03,287.84,8.07,287.85,462443.87,133650368.0321
1753461014475,16:30:14.475,AAVE/USDT:USDT,287.83,0.03,287.84,1.85,287.85,462443.87,133650368.0321
1753461015474,16:30:15.474,AAVE/USDT:USDT,287.87,0.21,287.88,0.04,287.85,462443.87,133650368.0321
1753461015574,16:30:15.574,AAVE/USDT:USDT,287.87,0.82,287.88,1.79,287.85,462443.87,133650368.0321
1753461015674,16:30:15.674,AAVE/USDT:USDT,287.86,0.98,287.87,1.79,287.85,462443.87,133650368.0321
1753461015775,16:30:15.775,AAVE/USDT:USDT,287.86,0.98,287.88,0.21,287.85,462443.87,133650368.0321
1753461015874,16:30:15.874,AAVE/USDT:USDT,287.84,5.7,287.86,0.21,287.85,462443.87,133650368.0321
1753461015974,16:30:15.974,AAVE/USDT:USDT,287.83,0.55,287.84,3.13,287.85,462443.87,133650368.0321
1753461016074,16:30:16.074,AAVE/USDT:USDT,287.82,0.15,287.83,2.46,287.85,462443.87,133650368.0321
1753461016174,16:30:16.174,AAVE/USDT:USDT,287.82,0.15,287.83,0.21,287.85,462443.87,133650368.0321
1753461016274,16:30:16.274,AAVE/USDT:USDT,287.85,1.33,287.88,1.79,287.85,462443.87,133650368.0321
1753461016375,16:30:16.375,AAVE/USDT:USDT,287.84,0.21,287.86,0.21,287.85,462443.87,133650368.0321
1753461016474,16:30:16.474,AAVE/USDT:USDT,287.88,0.82,287.89,0.21,287.85,462443.87,133650368.0321
1753461016574,16:30:16.574,AAVE/USDT:USDT,287.87,0.82,287.88,1.79,287.85,462443.87,133650368.0321
1753461016674,16:30:16.674,AAVE/USDT:USDT,287.84,0.02,287.85,1.76,287.85,462443.87,133650368.0321
1753461016774,16:30:16.774,AAVE/USDT:USDT,287.85,0.21,287.87,0.29,287.85,462443.87,133650368.0321
1753461016874,16:30:16.874,AAVE/USDT:USDT,287.85,0.21,287.87,6.12,287.85,462443.87,133650368.0321
1753461016974,16:30:16.974,AAVE/USDT:USDT,287.84,0.02,287.85,9.03,287.85,462443.87,133650368.0321
1753461017274,16:30:17.274,AAVE/USDT:USDT,287.85,0.21,287.87,0.21,287.85,462443.87,133650368.0321
1753461017474,16:30:17.474,AAVE/USDT:USDT,287.86,0.51,287.87,0.85,287.85,462443.87,133650368.0321
1753461017574,16:30:17.574,AAVE/USDT:USDT,287.85,0.51,287.86,1.76,287.85,462443.87,133650368.0321
1753461017774,16:30:17.774,AAVE/USDT:USDT,287.83,0.24,287.84,0.87,287.85,462443.87,133650368.0321
1753461017874,16:30:17.874,AAVE/USDT:USDT,287.83,0.24,287.84,9.31,287.85,462443.87,133650368.0321
1753461017974,16:30:17.974,AAVE/USDT:USDT,287.83,0.4,287.84,0.85,287.85,462443.87,133650368.0321
1753461018074,16:30:18.074,AAVE/USDT:USDT,287.83,3.31,287.86,0.04,287.84,462446.27,133651058.8481
1753461018174,16:30:18.174,AAVE/USDT:USDT,287.88,2.36,287.89,0.21,287.84,462446.27,133651058.8481
1753461018274,16:30:18.274,AAVE/USDT:USDT,287.88,0.82,287.9,1.76,287.91,462446.57,133651145.2163
1753461018375,16:30:18.375,AAVE/USDT:USDT,287.87,0.82,287.89,0.21,287.91,462446.57,133651145.2163
1753461018574,16:30:18.574,AAVE/USDT:USDT,287.86,0.42,287.87,2.4,287.91,462446.57,133651145.2163
1753461018674,16:30:18.674,AAVE/USDT:USDT,287.86,0.42,287.87,0.85,287.91,462446.57,133651145.2163
1753461018774,16:30:18.774,AAVE/USDT:USDT,287.86,0.21,287.87,0.85,287.91,462446.57,133651145.2163
1753461018874,16:30:18.874,AAVE/USDT:USDT,287.86,0.92,287.87,0.85,287.91,462446.57,133651145.2163
1753461018974,16:30:18.974,AAVE/USDT:USDT,287.86,1.01,287.87,0.85,287.91,462446.57,133651145.2163
1753461019375,16:30:19.375,AAVE/USDT:USDT,287.87,1.89,287.88,0.21,287.91,462446.57,133651145.2163
1753461019474,16:30:19.474,AAVE/USDT:USDT,287.88,2.5,287.9,0.02,287.91,462446.57,133651145.2163
1753461019574,16:30:19.574,AAVE/USDT:USDT,287.89,5.35,287.9,0.02,287.91,462446.57,133651145.2163
1753461019675,16:30:19.675,AAVE/USDT:USDT,287.89,4.76,287.9,0.02,287.91,462446.57,133651145.2163
1753461019875,16:30:19.875,AAVE/USDT:USDT,287.89,3.94,287.9,0.02,287.91,462446.57,133651145.2163
1753461020174,16:30:20.174,AAVE/USDT:USDT,287.87,0.04,287.9,8.81,287.89,462446.75,133651197.0365
1753461020274,16:30:20.274,AAVE/USDT:USDT,287.86,0.03,287.87,2.45,287.89,462446.75,133651197.0365
1753461020374,16:30:20.374,AAVE/USDT:USDT,287.87,0.21,287.89,7.84,287.89,462446.75,133651197.0365
1753461020474,16:30:20.474,AAVE/USDT:USDT,287.86,0.03,287.87,2.42,287.89,462446.75,133651197.0365
1753461020574,16:30:20.574,AAVE/USDT:USDT,287.86,0.9,287.87,0.87,287.89,462446.75,133651197.0365
1753461020774,16:30:20.774,AAVE/USDT:USDT,287.86,3.19,287.88,0.21,287.89,462446.75,133651197.0365
1753461020874,16:30:20.874,AAVE/USDT:USDT,287.87,0.31,287.88,0.21,287.89,462446.75,133651197.0365
1753461021374,16:30:21.374,AAVE/USDT:USDT,287.88,1.46,287.89,0.21,287.89,462446.75,133651197.0365
1753461021474,16:30:21.474,AAVE/USDT:USDT,287.88,1.33,287.89,0.21,287.89,462446.75,133651197.0365
1753461021574,16:30:21.574,AAVE/USDT:USDT,287.88,3.32,287.89,0.21,287.89,462446.75,133651197.0365
1753461021674,16:30:21.674,AAVE/USDT:USDT,287.88,4.18,287.89,0.21,287.89,462446.75,133651197.0365
1753461021774,16:30:21.774,AAVE/USDT:USDT,287.88,0.13,287.89,6.43,287.89,462446.75,133651197.0365
1753461021874,16:30:21.874,AAVE/USDT:USDT,287.88,0.52,287.89,6.43,287.89,462446.75,133651197.0365
1753461021974,16:30:21.974,AAVE/USDT:USDT,287.88,0.91,287.89,6.43,287.89,462446.75,133651197.0365
1753461022174,16:30:22.174,AAVE/USDT:USDT,287.84,0.2,287.85,2.89,287.86,462447.73,133651479.1575
1753461022274,16:30:22.274,AAVE/USDT:USDT,287.84,2.71,287.87,6.93,287.86,462447.73,133651479.1575
1753461022374,16:30:22.374,AAVE/USDT:USDT,287.86,1.33,287.88,0.21,287.86,462447.73,133651479.1575
1753461022475,16:30:22.475,AAVE/USDT:USDT,287.86,1.33,287.88,1.76,287.86,462447.73,133651479.1575
1753461022574,16:30:22.574,AAVE/USDT:USDT,287.84,4.56,287.86,8.31,287.86,462447.73,133651479.1575
1753461022674,16:30:22.674,AAVE/USDT:USDT,287.84,5.79,287.85,0.21,287.86,462447.73,133651479.1575
1753461023074,16:30:23.074,AAVE/USDT:USDT,287.84,0.02,287.85,6.71,287.86,462447.73,133651479.1575
1753461023174,16:30:23.174,AAVE/USDT:USDT,287.84,1.43,287.85,5.21,287.86,462447.73,133651479.1575
1753461023275,16:30:23.275,AAVE/USDT:USDT,287.84,3.41,287.85,5.21,287.86,462447.73,133651479.1575
1753461023374,16:30:23.374,AAVE/USDT:USDT,287.84,0.2,287.85,5.21,287.86,462447.73,133651479.1575
1753461023474,16:30:23.474,AAVE/USDT:USDT,287.84,0.38,287.85,5.21,287.86,462447.73,133651479.1575
1753461023574,16:30:23.574,AAVE/USDT:USDT,287.8,0.45,287.81,11.58,287.81,462448.24,133651625.9532
1753461023674,16:30:23.674,AAVE/USDT:USDT,287.8,0.45,287.81,11.58,287.81,462448.24,133651625.9532
1753461023775,16:30:23.775,AAVE/USDT:USDT,287.8,0.68,287.81,0.21,287.81,462448.24,133651625.9532
1753461023874,16:30:23.874,AAVE/USDT:USDT,287.8,5.97,287.83,0.04,287.81,462448.24,133651625.9532
1753461023975,16:30:23.975,AAVE/USDT:USDT,287.82,2.58,287.84,4.83,287.81,462448.24,133651625.9532
1753461024074,16:30:24.074,AAVE/USDT:USDT,287.82,2.37,287.83,1.76,287.81,462448.24,133651625.9532
1753461024275,16:30:24.275,AAVE/USDT:USDT,287.82,2.37,287.83,0.21,287.81,462448.24,133651625.9532
1753461024374,16:30:24.374,AAVE/USDT:USDT,287.82,2.37,287.83,0.21,287.81,462448.24,133651625.9532
1753461024474,16:30:24.474,AAVE/USDT:USDT,287.82,2.5,287.83,0.21,287.81,462448.24,133651625.9532
1753461024674,16:30:24.674,AAVE/USDT:USDT,287.82,2.5,287.83,10.54,287.81,462448.24,133651625.9532
1753461024774,16:30:24.774,AAVE/USDT:USDT,287.8,1.14,287.81,10.6,287.81,462448.24,133651625.9532
1753461024974,16:30:24.974,AAVE/USDT:USDT,287.8,1.14,287.81,10.6,287.81,462448.24,133651625.9532
1753461025274,16:30:25.274,AAVE/USDT:USDT,287.8,3.03,287.81,9.05,287.81,462448.24,133651625.9532
1753461025474,16:30:25.474,AAVE/USDT:USDT,287.8,2.99,287.81,9.05,287.81,462448.24,133651625.9532
1753461025574,16:30:25.574,AAVE/USDT:USDT,287.8,3.39,287.81,9.05,287.81,462448.24,133651625.9532
1753461025774,16:30:25.774,AAVE/USDT:USDT,287.77,0.21,287.78,0.66,287.76,462452.42,133652828.9301
1753461025874,16:30:25.874,AAVE/USDT:USDT,287.77,2.13,287.78,4.83,287.76,462452.42,133652828.9301
1753461025974,16:30:25.974,AAVE/USDT:USDT,287.74,0.09,287.76,13.69,287.75,462452.78,133652932.523
1753461026074,16:30:26.074,AAVE/USDT:USDT,287.74,0.02,287.75,15.26,287.75,462452.78,133652932.523
1753461026174,16:30:26.174,AAVE/USDT:USDT,287.71,0.3,287.72,12.99,287.72,462452.93,133652975.6818
1753461026274,16:30:26.274,AAVE/USDT:USDT,287.71,0.78,287.72,12.99,287.72,462452.93,133652975.6818
1753461026374,16:30:26.374,AAVE/USDT:USDT,287.71,0.78,287.72,0.12,287.72,462452.93,133652975.6818
1753461026474,16:30:26.474,AAVE/USDT:USDT,287.71,6.89,287.72,0.85,287.72,462452.93,133652975.6818
1753461026574,16:30:26.574,AAVE/USDT:USDT,287.73,0.21,287.75,0.04,287.72,462452.93,133652975.6818
1753461026674,16:30:26.674,AAVE/USDT:USDT,287.73,0.21,287.74,0.21,287.72,462452.93,133652975.6818
1753461026774,16:30:26.774,AAVE/USDT:USDT,287.71,3.59,287.72,0.59,287.72,462452.93,133652975.6818
1753461026874,16:30:26.874,AAVE/USDT:USDT,287.71,4.0,287.72,0.59,287.72,462452.93,133652975.6818
1753461026974,16:30:26.974,AAVE/USDT:USDT,287.71,3.04,287.72,0.59,287.72,462452.93,133652975.6818
1753461027074,16:30:27.074,AAVE/USDT:USDT,287.71,6.5,287.72,0.59,287.72,462452.93,133652975.6818
1753461027174,16:30:27.174,AAVE/USDT:USDT,287.71,10.1,287.72,0.59,287.72,462452.93,133652975.6818
1753461027274,16:30:27.274,AAVE/USDT:USDT,287.75,1.53,287.76,7.8,287.72,462453.52,133653145.4366
1753461027374,16:30:27.374,AAVE/USDT:USDT,287.75,0.21,287.76,7.8,287.72,462453.52,133653145.4366
1753461027474,16:30:27.474,AAVE/USDT:USDT,287.75,1.03,287.76,7.8,287.72,462453.52,133653145.4366
1753461027674,16:30:27.674,AAVE/USDT:USDT,287.75,3.58,287.76,7.8,287.72,462453.52,133653145.4366
1753461027774,16:30:27.774,AAVE/USDT:USDT,287.76,0.21,287.79,4.62,287.72,462453.52,133653145.4366
1753461027975,16:30:27.975,AAVE/USDT:USDT,287.75,2.34,287.76,8.46,287.72,462453.52,133653145.4366
1753461028074,16:30:28.074,AAVE/USDT:USDT,287.75,7.1,287.76,7.8,287.72,462453.52,133653145.4366
1753461028174,16:30:28.174,AAVE/USDT:USDT,287.75,4.97,287.76,7.8,287.72,462453.52,133653145.4366
1753461028274,16:30:28.274,AAVE/USDT:USDT,287.73,0.2,287.74,5.43,287.72,462453.52,133653145.4366
1753461028374,16:30:28.374,AAVE/USDT:USDT,287.73,0.77,287.74,5.22,287.72,462453.52,133653145.4366
1753461028474,16:30:28.474,AAVE/USDT:USDT,287.73,0.87,287.74,5.22,287.72,462453.52,133653145.4366
1753461028574,16:30:28.574,AAVE/USDT:USDT,287.73,0.84,287.74,5.22,287.72,462453.52,133653145.4366
1753461028674,16:30:28.674,AAVE/USDT:USDT,287.73,0.74,287.74,5.22,287.72,462453.52,133653145.4366
1753461028774,16:30:28.774,AAVE/USDT:USDT,287.77,0.21,287.8,8.05,287.72,462453.52,133653145.4366
1753461028874,16:30:28.874,AAVE/USDT:USDT,287.77,0.21,287.79,7.8,287.72,462453.52,133653145.4366
1753461028974,16:30:28.974,AAVE/USDT:USDT,287.76,0.79,287.78,8.01,287.72,462453.52,133653145.4366
1753461029074,16:30:29.074,AAVE/USDT:USDT,287.76,0.02,287.77,7.8,287.72,462453.52,133653145.4366
1753461029374,16:30:29.374,AAVE/USDT:USDT,287.77,0.17,287.78,8.01,287.72,462453.52,133653145.4366
1753461029476,16:30:29.476,AAVE/USDT:USDT,287.78,0.17,287.79,0.04,287.72,462453.52,133653145.4366
1753461029574,16:30:29.574,AAVE/USDT:USDT,287.78,0.17,287.8,8.05,287.72,462453.52,133653145.4366
1753461029674,16:30:29.674,AAVE/USDT:USDT,287.77,0.17,287.79,4.56,287.72,462453.52,133653145.4366
1753461029774,16:30:29.774,AAVE/USDT:USDT,287.76,0.23,287.77,7.8,287.72,462453.52,133653145.4366
1753461030174,16:30:30.174,AAVE/USDT:USDT,287.76,0.02,287.77,8.25,287.72,462453.52,133653145.4366
1753461030274,16:30:30.274,AAVE/USDT:USDT,287.76,0.23,287.77,0.42,287.72,462453.52,133653145.4366
1753461030375,16:30:30.375,AAVE/USDT:USDT,287.77,0.21,287.79,0.21,287.72,462453.52,133653145.4366
1753461030475,16:30:30.475,AAVE/USDT:USDT,287.8,0.21,287.82,4.62,287.82,462453.71,133653200.1216
1753461030574,16:30:30.574,AAVE/USDT:USDT,287.79,0.21,287.81,4.77,287.82,462453.71,133653200.1216
1753461030674,16:30:30.674,AAVE/USDT:USDT,287.78,3.99,287.79,0.21,287.82,462453.71,133653200.1216
1753461030774,16:30:30.774,AAVE/USDT:USDT,287.76,0.3,287.79,8.57,287.82,462453.71,133653200.1216
1753461030874,16:30:30.874,AAVE/USDT:USDT,287.78,2.41,287.79,7.8,287.82,462453.71,133653200.1216
1753461030974,16:30:30.974,AAVE/USDT:USDT,287.78,3.62,287.79,7.8,287.82,462453.71,133653200.1216
1753461031075,16:30:31.075,AAVE/USDT:USDT,287.8,2.42,287.81,2.33,287.81,462468.74,133657525.702
1753461031174,16:30:31.174,AAVE/USDT:USDT,287.79,4.26,287.8,2.72,287.81,462468.74,133657525.702
1753461031274,16:30:31.274,AAVE/USDT:USDT,287.74,0.24,287.77,0.21,287.79,462473.0,133658751.6874
1753461031374,16:30:31.374,AAVE/USDT:USDT,287.74,1.53,287.75,0.99,287.79,462473.0,133658751.6874
1753461031474,16:30:31.474,AAVE/USDT:USDT,287.74,5.33,287.75,0.85,287.79,462473.0,133658751.6874
1753461031574,16:30:31.574,AAVE/USDT:USDT,287.74,6.68,287.75,0.88,287.79,462473.0,133658751.6874
1753461031674,16:30:31.674,AAVE/USDT:USDT,287.74,4.12,287.75,3.06,287.79,462473.0,133658751.6874
1753461031774,16:30:31.774,AAVE/USDT:USDT,287.72,0.02,287.73,6.51,287.74,462482.05,133661355.7344
1753461031874,16:30:31.874,AAVE/USDT:USDT,287.72,0.53,287.73,10.25,287.74,462482.05,133661355.7344
1753461031974,16:30:31.974,AAVE/USDT:USDT,287.72,0.02,287.73,10.25,287.74,462482.05,133661355.7344
1753461032174,16:30:32.174,AAVE/USDT:USDT,287.72,0.13,287.73,10.25,287.74,462482.05,133661355.7344
1753461032374,16:30:32.374,AAVE/USDT:USDT,287.72,1.36,287.73,0.03,287.74,462482.05,133661355.7344
1753461032475,16:30:32.475,AAVE/USDT:USDT,287.72,0.68,287.73,0.24,287.74,462482.05,133661355.7344
1753461032775,16:30:32.775,AAVE/USDT:USDT,287.72,0.68,287.73,0.24,287.74,462482.05,133661355.7344
1753461032875,16:30:32.875,AAVE/USDT:USDT,287.72,0.13,287.73,8.04,287.74,462482.05,133661355.7344
1753461033075,16:30:33.075,AAVE/USDT:USDT,287.7,0.06,287.71,12.07,287.72,462482.18,133661393.138
1753461033175,16:30:33.175,AAVE/USDT:USDT,287.7,0.06,287.71,12.07,287.72,462482.18,133661393.138
1753461033275,16:30:33.275,AAVE/USDT:USDT,287.7,0.16,287.71,12.07,287.72,462482.18,133661393.138
1753461033374,16:30:33.374,AAVE/USDT:USDT,287.68,0.11,287.7,13.24,287.7,462482.24,133661410.4
1753461033474,16:30:33.474,AAVE/USDT:USDT,287.68,0.15,287.69,1.56,287.7,462482.24,133661410.4
1753461033574,16:30:33.574,AAVE/USDT:USDT,287.68,0.02,287.69,9.36,287.7,462482.24,133661410.4
1753461033874,16:30:33.874,AAVE/USDT:USDT,287.68,0.02,287.69,7.83,287.7,462482.24,133661410.4
1753461033974,16:30:33.974,AAVE/USDT:USDT,287.68,0.37,287.69,0.85,287.69,462482.32,133661433.4152
1753461034074,16:30:34.074,AAVE/USDT:USDT,287.68,0.37,287.69,0.85,287.69,462482.32,133661433.4152
1753461034574,16:30:34.574,AAVE/USDT:USDT,287.69,14.99,287.7,0.02,287.69,462483.17,133661677.9517
1753461034974,16:30:34.974,AAVE/USDT:USDT,287.73,1.54,287.74,0.02,287.72,462483.27,133661706.7229
1753461035074,16:30:35.074,AAVE/USDT:USDT,287.71,0.21,287.74,7.82,287.72,462483.27,133661706.7229
1753461035174,16:30:35.174,AAVE/USDT:USDT,287.7,0.04,287.71,8.58,287.72,462483.27,133661706.7229
1753461035374,16:30:35.374,AAVE/USDT:USDT,287.68,0.05,287.69,14.16,287.7,462483.31,133661718.2309
1753461035474,16:30:35.474,AAVE/USDT:USDT,287.68,0.02,287.69,14.16,287.7,462483.31,133661718.2309
1753461035674,16:30:35.674,AAVE/USDT:USDT,287.65,0.03,287.66,4.37,287.66,462483.43,133661752.7509
1753461035774,16:30:35.774,AAVE/USDT:USDT,287.64,0.06,287.66,4.37,287.66,462483.43,133661752.7509
1753461035874,16:30:35.874,AAVE/USDT:USDT,287.64,0.39,287.65,2.74,287.66,462483.43,133661752.7509
1753461035974,16:30:35.974,AAVE/USDT:USDT,287.64,0.39,287.65,2.74,287.66,462023.56,133529296.2724
1753461036074,16:30:36.074,AAVE/USDT:USDT,287.64,0.39,287.65,2.74,287.66,462023.56,133529296.2724
1753461036174,16:30:36.174,AAVE/USDT:USDT,287.66,0.21,287.68,0.56,287.66,462023.56,133529296.2724
1753461036274,16:30:36.274,AAVE/USDT:USDT,287.67,1.33,287.68,0.56,287.66,462023.56,133529296.2724
1753461036374,16:30:36.374,AAVE/USDT:USDT,287.69,2.56,287.7,0.02,287.66,462023.56,133529296.2724
1753461036475,16:30:36.475,AAVE/USDT:USDT,287.7,2.15,287.71,0.56,287.66,462023.56,133529296.2724
1753461036574,16:30:36.574,AAVE/USDT:USDT,287.67,0.04,287.69,8.01,287.66,462023.56,133529296.2724
1753461036674,16:30:36.674,AAVE/USDT:USDT,287.64,0.02,287.65,11.27,287.66,462023.56,133529296.2724
1753461037174,16:30:37.174,AAVE/USDT:USDT,287.64,0.12,287.65,11.27,287.66,462023.56,133529296.2724
1753461037274,16:30:37.274,AAVE/USDT:USDT,287.64,0.02,287.65,11.27,287.66,462023.56,133529296.2724
1753461038074,16:30:38.074,AAVE/USDT:USDT,287.59,0.03,287.6,15.11,287.6,462023.91,133529396.9374
1753461038174,16:30:38.174,AAVE/USDT:USDT,287.58,0.02,287.59,13.97,287.59,462023.94,133529405.5651
1753461038274,16:30:38.274,AAVE/USDT:USDT,287.58,0.06,287.59,13.97,287.59,462023.94,133529405.5651
1753461038374,16:30:38.374,AAVE/USDT:USDT,287.56,0.05,287.57,0.76,287.58,462024.0,133529422.8199
1753461038474,16:30:38.474,AAVE/USDT:USDT,287.56,0.05,287.57,2.34,287.58,462024.0,133529422.8199
1753461038674,16:30:38.674,AAVE/USDT:USDT,287.58,0.66,287.59,0.35,287.58,462024.0,133529422.8199
1753461038775,16:30:38.775,AAVE/USDT:USDT,287.57,0.21,287.59,1.93,287.58,462024.0,133529422.8199
1753461038874,16:30:38.874,AAVE/USDT:USDT,287.56,0.26,287.58,1.92,287.58,462024.0,133529422.8199
1753461038974,16:30:38.974,AAVE/USDT:USDT,287.56,0.05,287.57,0.44,287.58,462024.0,133529422.8199
1753461039074,16:30:39.074,AAVE/USDT:USDT,287.56,0.22,287.57,8.24,287.58,462024.0,133529422.8199
1753461039274,16:30:39.274,AAVE/USDT:USDT,287.54,0.02,287.55,2.45,287.56,462024.07,133529442.9491
1753461039374,16:30:39.374,AAVE/USDT:USDT,287.52,0.02,287.53,12.22,287.53,462024.43,133529546.4628
1753461039474,16:30:39.474,AAVE/USDT:USDT,287.52,0.02,287.53,12.22,287.53,462024.43,133529546.4628
1753461039674,16:30:39.674,AAVE/USDT:USDT,287.51,0.3,287.52,17.63,287.52,462024.45,133529552.2132
1753461039774,16:30:39.774,AAVE/USDT:USDT,287.51,0.3,287.52,17.63,287.52,462024.45,133529552.2132
1753461039874,16:30:39.874,AAVE/USDT:USDT,287.51,0.3,287.52,0.19,287.52,462024.45,133529552.2132
1753461039974,16:30:39.974,AAVE/USDT:USDT,287.51,0.86,287.54,0.21,287.52,462024.45,133529552.2132
1753461040074,16:30:40.074,AAVE/USDT:USDT,287.52,2.47,287.53,0.85,287.52,462024.45,133529552.2132
1753461040274,16:30:40.274,AAVE/USDT:USDT,287.52,2.47,287.53,0.85,287.52,462024.45,133529552.2132
1753461040474,16:30:40.474,AAVE/USDT:USDT,287.52,2.85,287.53,0.85,287.52,462024.45,133529552.2132
1753461040574,16:30:40.574,AAVE/USDT:USDT,287.57,1.33,287.58,0.48,287.52,462024.45,133529552.2132
1753461040674,16:30:40.674,AAVE/USDT:USDT,287.57,1.33,287.58,8.28,287.52,462024.45,133529552.2132
1753461040774,16:30:40.774,AAVE/USDT:USDT,287.52,2.73,287.53,9.16,287.52,462024.45,133529552.2132
1753461040874,16:30:40.874,AAVE/USDT:USDT,287.52,2.73,287.53,9.75,287.52,462024.45,133529552.2132
1753461040974,16:30:40.974,AAVE/USDT:USDT,287.5,0.19,287.51,16.12,287.51,462027.48,133530423.3958
1753461041074,16:30:41.074,AAVE/USDT:USDT,287.5,0.19,287.51,16.12,287.51,462027.48,133530423.3958
1753461041175,16:30:41.175,AAVE/USDT:USDT,287.5,0.19,287.51,15.51,287.51,462027.48,133530423.3958
1753461041274,16:30:41.274,AAVE/USDT:USDT,287.5,0.19,287.51,11.52,287.51,462027.48,133530423.3958
1753461041374,16:30:41.374,AAVE/USDT:USDT,287.5,0.4,287.51,1.4,287.51,462027.48,133530423.3958
1753461041475,16:30:41.475,AAVE/USDT:USDT,287.5,0.15,287.51,1.4,287.51,462027.48,133530423.3958
1753461041774,16:30:41.774,AAVE/USDT:USDT,287.5,0.15,287.51,1.4,287.51,462027.48,133530423.3958
1753461041874,16:30:41.874,AAVE/USDT:USDT,287.5,4.85,287.51,0.85,287.51,462027.48,133530423.3958
1753461042074,16:30:42.074,AAVE/USDT:USDT,287.5,4.48,287.51,0.85,287.51,462027.48,133530423.3958
1753461042174,16:30:42.174,AAVE/USDT:USDT,287.5,0.25,287.51,1.09,287.51,462027.48,133530423.3958
1753461042274,16:30:42.274,AAVE/USDT:USDT,287.5,0.25,287.51,2.67,287.51,462027.48,133530423.3958
1753461042374,16:30:42.374,AAVE/USDT:USDT,287.5,0.54,287.51,0.85,287.51,462027.48,133530423.3958
1753461042475,16:30:42.475,AAVE/USDT:USDT,287.5,2.94,287.51,0.85,287.51,462027.48,133530423.3958
1753461042574,16:30:42.574,AAVE/USDT:USDT,287.5,2.76,287.51,0.85,287.51,462027.48,133530423.3958
1753461042674,16:30:42.674,AAVE/USDT:USDT,287.5,0.38,287.51,0.85,287.51,462027.48,133530423.3958
1753461042774,16:30:42.774,AAVE/USDT:USDT,287.5,0.17,287.51,8.09,287.51,462027.48,133530423.3958
1753461042974,16:30:42.974,AAVE/USDT:USDT,287.51,1.33,287.52,0.76,287.51,462027.48,133530423.3958
1753461043074,16:30:43.074,AAVE/USDT:USDT,287.5,0.21,287.51,1.84,287.51,462027.48,133530423.3958
1753461043174,16:30:43.174,AAVE/USDT:USDT,287.51,0.21,287.52,8.56,287.51,462027.48,133530423.3958
1753461043274,16:30:43.274,AAVE/USDT:USDT,287.51,0.36,287.52,8.56,287.51,462027.48,133530423.3958
1753461043374,16:30:43.374,AAVE/USDT:USDT,287.51,0.36,287.52,0.55,287.51,462027.48,133530423.3958
1753461043474,16:30:43.474,AAVE/USDT:USDT,287.53,4.74,287.55,0.58,287.51,462027.48,133530423.3958
1753461043574,16:30:43.574,AAVE/USDT:USDT,287.55,1.54,287.56,0.56,287.51,462027.48,133530423.3958
1753461043674,16:30:43.674,AAVE/USDT:USDT,287.55,5.29,287.56,0.02,287.51,462027.48,133530423.3958
1753461043774,16:30:43.774,AAVE/USDT:USDT,287.58,10.31,287.6,0.12,287.59,462027.58,133530452.1538
1753461043874,16:30:43.874,AAVE/USDT:USDT,287.59,14.75,287.6,0.06,287.59,462027.58,133530452.1538
1753461043974,16:30:43.974,AAVE/USDT:USDT,287.59,16.01,287.6,0.06,287.59,462027.58,133530452.1538
1753461044174,16:30:44.174,AAVE/USDT:USDT,287.61,15.34,287.62,0.02,287.6,462027.64,133530469.4098
1753461044274,16:30:44.274,AAVE/USDT:USDT,287.61,15.34,287.62,0.02,287.6,462027.64,133530469.4098
1753461044374,16:30:44.374,AAVE/USDT:USDT,287.67,1.54,287.68,0.02,287.64,462027.76,133530503.9258
1753461044474,16:30:44.474,AAVE/USDT:USDT,287.67,10.92,287.68,0.02,287.64,462027.76,133530503.9258
1753461044674,16:30:44.674,AAVE/USDT:USDT,287.68,7.99,287.7,0.08,287.69,462027.82,133530521.187
1753461044774,16:30:44.774,AAVE/USDT:USDT,287.71,9.76,287.72,0.02,287.71,462027.94,133530555.7114
1753461044874,16:30:44.874,AAVE/USDT:USDT,287.71,9.3,287.72,0.02,287.71,462027.94,133530555.7114
1753461044974,16:30:44.974,AAVE/USDT:USDT,287.7,9.63,287.71,0.03,287.71,462027.94,133530555.7114
1753461045074,16:30:45.074,AAVE/USDT:USDT,287.7,0.25,287.71,0.7,287.71,462027.94,133530555.7114
1753461045374,16:30:45.374,AAVE/USDT:USDT,287.7,0.25,287.71,0.7,287.71,462027.94,133530555.7114
1753461045474,16:30:45.474,AAVE/USDT:USDT,287.7,0.15,287.71,8.87,287.71,462027.94,133530555.7114
1753461045574,16:30:45.574,AAVE/USDT:USDT,287.66,0.21,287.67,0.66,287.7,462028.09,133530598.8664
1753461045674,16:30:45.674,AAVE/USDT:USDT,287.66,1.89,287.69,5.55,287.7,462028.09,133530598.8664
1753461045774,16:30:45.774,AAVE/USDT:USDT,287.69,0.21,287.7,0.39,287.7,462028.09,133530598.8664
1753461045974,16:30:45.974,AAVE/USDT:USDT,287.69,1.11,287.7,6.08,287.7,462028.09,133530598.8664
1753461046274,16:30:46.274,AAVE/USDT:USDT,287.69,1.11,287.7,0.02,287.7,462028.09,133530598.8664
1753461046475,16:30:46.475,AAVE/USDT:USDT,287.69,1.11,287.71,0.49,287.7,462028.09,133530598.8664
1753461046574,16:30:46.574,AAVE/USDT:USDT,287.7,0.1,287.71,0.49,287.7,462028.09,133530598.8664
1753461046674,16:30:46.674,AAVE/USDT:USDT,287.7,0.1,287.71,2.07,287.7,462028.09,133530598.8664
1753461046874,16:30:46.874,AAVE/USDT:USDT,287.71,10.92,287.72,0.02,287.7,462028.09,133530598.8664
1753461046974,16:30:46.974,AAVE/USDT:USDT,287.71,11.38,287.72,0.02,287.7,462028.09,133530598.8664
1753461047075,16:30:47.075,AAVE/USDT:USDT,287.73,12.79,287.74,0.02,287.72,462028.11,133530604.6208
1753461047174,16:30:47.174,AAVE/USDT:USDT,287.73,12.79,287.74,0.02,287.72,462028.11,133530604.6208
1753461047274,16:30:47.274,AAVE/USDT:USDT,287.72,0.1,287.73,2.62,287.72,462028.11,133530604.6208
1753461047374,16:30:47.374,AAVE/USDT:USDT,287.7,0.73,287.71,0.85,287.72,462028.21,133530633.3928
1753461047474,16:30:47.474,AAVE/USDT:USDT,287.69,1.11,287.71,0.36,287.72,462028.21,133530633.3928
1753461047574,16:30:47.574,AAVE/USDT:USDT,287.69,1.11,287.71,0.16,287.72,462028.21,133530633.3928
1753461047674,16:30:47.674,AAVE/USDT:USDT,287.7,0.21,287.71,0.16,287.72,462028.21,133530633.3928
1753461047874,16:30:47.874,AAVE/USDT:USDT,287.72,1.33,287.73,0.51,287.72,462028.21,133530633.3928
1753461047975,16:30:47.975,AAVE/USDT:USDT,287.72,1.33,287.73,0.72,287.72,462028.21,133530633.3928
