timestamp,time,symbol,bid,bidVolume,ask,askVolume,lastPrice,baseVolume,quoteVolume
1753460897897,16:28:17.897,ADA/USDT:USDT,0.7823,18551.0,0.7824,61.0,0.7822,590064767.0,473262364.2462
1753460898198,16:28:18.198,ADA/USDT:USDT,0.7823,18551.0,0.7824,636.0,0.7822,590064767.0,473262364.2462
1753460898297,16:28:18.297,ADA/USDT:USDT,0.7823,19623.0,0.7824,629.0,0.7822,590064767.0,473262364.2462
1753460898397,16:28:18.397,ADA/USDT:USDT,0.7823,18551.0,0.7824,6143.0,0.7822,590064767.0,473262364.2462
1753460898497,16:28:18.497,ADA/USDT:USDT,0.7823,20548.0,0.7824,629.0,0.7822,590064767.0,473262364.2462
1753460898597,16:28:18.597,ADA/USDT:USDT,0.7824,40737.0,0.7825,488.0,0.7824,590065396.0,473262856.3758
1753460898697,16:28:18.697,ADA/USDT:USDT,0.7825,7164.0,0.7826,20212.0,0.7824,590065396.0,473262856.3758
1753460898797,16:28:18.797,ADA/USDT:USDT,0.7825,7164.0,0.7826,13220.0,0.7824,590065396.0,473262856.3758
1753460899297,16:28:19.297,ADA/USDT:USDT,0.7825,12636.0,0.7826,5554.0,0.7824,590065396.0,473262856.3758
1753460899397,16:28:19.397,ADA/USDT:USDT,0.7825,24093.0,0.7826,40.0,0.7824,590065396.0,473262856.3758
1753460899498,16:28:19.498,ADA/USDT:USDT,0.7825,23045.0,0.7826,40.0,0.7824,590065396.0,473262856.3758
1753460899697,16:28:19.697,ADA/USDT:USDT,0.7825,21986.0,0.7826,40.0,0.7824,590065396.0,473262856.3758
1753460899797,16:28:19.797,ADA/USDT:USDT,0.7825,18366.0,0.7826,5554.0,0.7824,590065396.0,473262856.3758
1753460899898,16:28:19.898,ADA/USDT:USDT,0.7825,3584.0,0.7826,20161.0,0.7824,590065396.0,473262856.3758
1753460900998,16:28:20.998,ADA/USDT:USDT,0.7824,311.0,0.7825,41622.0,0.7825,590066331.0,473263588.0133
1753460901097,16:28:21.097,ADA/USDT:USDT,0.7824,30417.0,0.7825,919.0,0.7825,590066331.0,473263588.0133
1753460901197,16:28:21.197,ADA/USDT:USDT,0.7825,43327.0,0.7826,5561.0,0.7825,590066342.0,473263596.6208
1753460901297,16:28:21.297,ADA/USDT:USDT,0.7825,33827.0,0.7826,40.0,0.7825,590066342.0,473263596.6208
1753460901397,16:28:21.397,ADA/USDT:USDT,0.7825,16672.0,0.7826,14360.0,0.7825,590066342.0,473263596.6208
1753460901498,16:28:21.498,ADA/USDT:USDT,0.7825,8536.0,0.7826,12962.0,0.7825,590066342.0,473263596.6208
1753460901597,16:28:21.597,ADA/USDT:USDT,0.7825,1810.0,0.7826,12962.0,0.7825,590066342.0,473263596.6208
1753460901697,16:28:21.697,ADA/USDT:USDT,0.7825,13487.0,0.7826,12280.0,0.7825,590066342.0,473263596.6208
1753460901797,16:28:21.797,ADA/USDT:USDT,0.7825,8851.0,0.7826,12962.0,0.7825,590066342.0,473263596.6208
1753460901897,16:28:21.897,ADA/USDT:USDT,0.7824,13797.0,0.7825,15045.0,0.7825,590066657.0,473263843.1083
1753460901997,16:28:21.997,ADA/USDT:USDT,0.7824,19755.0,0.7825,13647.0,0.7825,590066657.0,473263843.1083
1753460902097,16:28:22.097,ADA/USDT:USDT,0.7825,15596.0,0.7826,6853.0,0.7825,590066657.0,473263843.1083
1753460902198,16:28:22.198,ADA/USDT:USDT,0.7825,15596.0,0.7826,6253.0,0.7825,590066657.0,473263843.1083
1753460902298,16:28:22.298,ADA/USDT:USDT,0.7825,16585.0,0.7826,5564.0,0.7825,590066657.0,473263843.1083
1753460902397,16:28:22.397,ADA/USDT:USDT,0.7825,16585.0,0.7826,5757.0,0.7825,590066657.0,473263843.1083
1753460902497,16:28:22.497,ADA/USDT:USDT,0.7825,16585.0,0.7826,233.0,0.7825,590066657.0,473263843.1083
1753460902597,16:28:22.597,ADA/USDT:USDT,0.7825,15596.0,0.7826,5747.0,0.7825,590066657.0,473263843.1083
1753460902697,16:28:22.697,ADA/USDT:USDT,0.7824,14908.0,0.7825,13647.0,0.7825,590066657.0,473263843.1083
1753460902797,16:28:22.797,ADA/USDT:USDT,0.7824,14.0,0.7825,16997.0,0.7825,590066657.0,473263843.1083
1753460902997,16:28:22.997,ADA/USDT:USDT,0.7824,14.0,0.7825,17731.0,0.7825,590066657.0,473263843.1083
1753460903097,16:28:23.097,ADA/USDT:USDT,0.7823,749.0,0.7824,47420.0,0.7824,590066671.0,473263854.0619
1753460903197,16:28:23.197,ADA/USDT:USDT,0.7823,15356.0,0.7824,5514.0,0.7824,590066671.0,473263854.0619
1753460903300,16:28:23.300,ADA/USDT:USDT,0.7823,18679.0,0.7824,5514.0,0.7824,590066671.0,473263854.0619
1753460903397,16:28:23.397,ADA/USDT:USDT,0.7823,16455.0,0.7824,5514.0,0.7824,590066671.0,473263854.0619
1753460903497,16:28:23.497,ADA/USDT:USDT,0.7824,11712.0,0.7825,12932.0,0.7824,590066671.0,473263854.0619
1753460903597,16:28:23.597,ADA/USDT:USDT,0.7824,6726.0,0.7825,13187.0,0.7824,590066671.0,473263854.0619
1753460903797,16:28:23.797,ADA/USDT:USDT,0.7823,40499.0,0.7825,15267.0,0.7824,590066671.0,473263854.0619
1753460903897,16:28:23.897,ADA/USDT:USDT,0.7824,6726.0,0.7825,17177.0,0.7824,590066671.0,473263854.0619
1753460903997,16:28:23.997,ADA/USDT:USDT,0.7823,23875.0,0.7824,12240.0,0.7824,590066671.0,473263854.0619
1753460904097,16:28:24.097,ADA/USDT:USDT,0.7823,17187.0,0.7824,12922.0,0.7824,590066671.0,473263854.0619
1753460904197,16:28:24.197,ADA/USDT:USDT,0.7823,2012.0,0.7824,12922.0,0.7824,590066671.0,473263854.0619
1753460904297,16:28:24.297,ADA/USDT:USDT,0.7824,8536.0,0.7825,17177.0,0.7824,590066671.0,473263854.0619
1753460904397,16:28:24.397,ADA/USDT:USDT,0.7824,9656.0,0.7825,15097.0,0.7824,590066671.0,473263854.0619
1753460904497,16:28:24.497,ADA/USDT:USDT,0.7823,14031.0,0.7824,10856.0,0.7824,590066671.0,473263854.0619
1753460904597,16:28:24.597,ADA/USDT:USDT,0.7824,3655.0,0.7825,15097.0,0.7824,590066671.0,473263854.0619
1753460904698,16:28:24.698,ADA/USDT:USDT,0.7824,1177.0,0.7825,15450.0,0.7824,590066671.0,473263854.0619
1753460904997,16:28:24.997,ADA/USDT:USDT,0.7824,57.0,0.7825,19219.0,0.7824,590066671.0,473263854.0619
1753460905097,16:28:25.097,ADA/USDT:USDT,0.7824,57.0,0.7825,18260.0,0.7824,590066671.0,473263854.0619
1753460905197,16:28:25.197,ADA/USDT:USDT,0.7824,4686.0,0.7825,16194.0,0.7824,590066671.0,473263854.0619
1753460905297,16:28:25.297,ADA/USDT:USDT,0.7824,1177.0,0.7825,16194.0,0.7824,590066671.0,473263854.0619
1753460905597,16:28:25.597,ADA/USDT:USDT,0.7824,57.0,0.7825,17153.0,0.7824,590066671.0,473263854.0619
1753460905697,16:28:25.697,ADA/USDT:USDT,0.7824,57.0,0.7825,18208.0,0.7824,590066671.0,473263854.0619
1753460905797,16:28:25.797,ADA/USDT:USDT,0.7822,20930.0,0.7823,22604.0,0.7823,590066930.0,473264056.6833
1753460905897,16:28:25.897,ADA/USDT:USDT,0.7822,19293.0,0.7823,22604.0,0.7823,590066930.0,473264056.6833
1753460905998,16:28:25.998,ADA/USDT:USDT,0.7822,21334.0,0.7823,22604.0,0.7823,590066930.0,473264056.6833
1753460906098,16:28:26.098,ADA/USDT:USDT,0.7822,20757.0,0.7823,22604.0,0.7823,590066930.0,473264056.6833
1753460906297,16:28:26.297,ADA/USDT:USDT,0.7822,9521.0,0.7823,22604.0,0.7823,590066930.0,473264056.6833
1753460906397,16:28:26.397,ADA/USDT:USDT,0.7822,5716.0,0.7823,29330.0,0.7823,590066930.0,473264056.6833
1753460906497,16:28:26.497,ADA/USDT:USDT,0.7823,21212.0,0.7824,6971.0,0.7822,590067655.0,473264623.7783
1753460906597,16:28:26.597,ADA/USDT:USDT,0.7823,18732.0,0.7824,7.0,0.7822,590067655.0,473264623.7783
1753460906697,16:28:26.697,ADA/USDT:USDT,0.7823,18732.0,0.7824,446.0,0.7822,590067655.0,473264623.7783
1753460906797,16:28:26.797,ADA/USDT:USDT,0.7824,46789.0,0.7825,10.0,0.7824,590068101.0,473264972.7287
1753460906898,16:28:26.898,ADA/USDT:USDT,0.7824,39048.0,0.7825,10.0,0.7824,590068106.0,473264976.6407
1753460906998,16:28:26.998,ADA/USDT:USDT,0.7824,37281.0,0.7825,10.0,0.7824,590068109.0,473264978.9879
1753460907497,16:28:27.497,ADA/USDT:USDT,0.7824,38111.0,0.7825,10.0,0.7824,590068109.0,473264978.9879
1753460907597,16:28:27.597,ADA/USDT:USDT,0.7825,44082.0,0.7826,5754.0,0.7825,590068119.0,473264986.8129
1753460907697,16:28:27.697,ADA/USDT:USDT,0.7825,35412.0,0.7826,577.0,0.7825,590068119.0,473264986.8129
1753460907797,16:28:27.797,ADA/USDT:USDT,0.7825,34582.0,0.7826,585.0,0.7825,590068119.0,473264986.8129
1753460907897,16:28:27.897,ADA/USDT:USDT,0.7825,36242.0,0.7826,585.0,0.7825,590068119.0,473264986.8129
1753460908097,16:28:28.097,ADA/USDT:USDT,0.7826,36362.0,0.7827,8.0,0.7826,590068704.0,473265444.6339
1753460908197,16:28:28.197,ADA/USDT:USDT,0.7826,35532.0,0.7827,8.0,0.7826,590068704.0,473265444.6339
1753460908297,16:28:28.297,ADA/USDT:USDT,0.7826,35519.0,0.7827,8.0,0.7826,590068717.0,473265454.8077
1753460908597,16:28:28.597,ADA/USDT:USDT,0.7826,10960.0,0.7827,15232.0,0.7826,590068717.0,473265454.8077
1753460908697,16:28:28.697,ADA/USDT:USDT,0.7825,21218.0,0.7826,18391.0,0.7826,590068717.0,473265454.8077
1753460908797,16:28:28.797,ADA/USDT:USDT,0.7825,19313.0,0.7826,12922.0,0.7826,590068717.0,473265454.8077
1753460908897,16:28:28.897,ADA/USDT:USDT,0.7825,19313.0,0.7826,13322.0,0.7826,590068717.0,473265454.8077
1753460909098,16:28:29.098,ADA/USDT:USDT,0.7825,19313.0,0.7826,12922.0,0.7826,590068717.0,473265454.8077
1753460909298,16:28:29.298,ADA/USDT:USDT,0.7825,19313.0,0.7826,12922.0,0.7826,590068717.0,473265454.8077
1753460909397,16:28:29.397,ADA/USDT:USDT,0.7824,6732.0,0.7825,24103.0,0.7826,590068717.0,473265454.8077
1753460909497,16:28:29.497,ADA/USDT:USDT,0.7824,8542.0,0.7825,24103.0,0.7826,590068717.0,473265454.8077
1753460909597,16:28:29.597,ADA/USDT:USDT,0.7824,3136.0,0.7825,24358.0,0.7826,590068717.0,473265454.8077
1753460909697,16:28:29.697,ADA/USDT:USDT,0.7824,14.0,0.7825,25998.0,0.7826,590068717.0,473265454.8077
1753460909798,16:28:29.798,ADA/USDT:USDT,0.7824,14.0,0.7825,29514.0,0.7826,590068717.0,473265454.8077
1753460909897,16:28:29.897,ADA/USDT:USDT,0.7824,14.0,0.7825,28681.0,0.7826,590068717.0,473265454.8077
1753460910097,16:28:30.097,ADA/USDT:USDT,0.7824,15764.0,0.7825,24379.0,0.7826,590068717.0,473265454.8077
1753460910197,16:28:30.197,ADA/USDT:USDT,0.7824,15764.0,0.7825,13798.0,0.7826,590068717.0,473265454.8077
1753460910298,16:28:30.298,ADA/USDT:USDT,0.7824,15750.0,0.7825,13798.0,0.7826,590068717.0,473265454.8077
1753460910397,16:28:30.397,ADA/USDT:USDT,0.7824,10834.0,0.7825,13798.0,0.7826,590068717.0,473265454.8077
1753460910597,16:28:30.597,ADA/USDT:USDT,0.7824,1810.0,0.7825,13798.0,0.7826,590068717.0,473265454.8077
1753460910697,16:28:30.697,ADA/USDT:USDT,0.7824,8536.0,0.7825,13798.0,0.7826,590068717.0,473265454.8077
1753460910797,16:28:30.797,ADA/USDT:USDT,0.7824,11494.0,0.7825,13798.0,0.7826,590068717.0,473265454.8077
1753460910897,16:28:30.897,ADA/USDT:USDT,0.7824,1869.0,0.7825,14843.0,0.7826,590068717.0,473265454.8077
1753460910997,16:28:30.997,ADA/USDT:USDT,0.7824,59.0,0.7825,21023.0,0.7826,590068717.0,473265454.8077
1753460911097,16:28:31.097,ADA/USDT:USDT,0.7823,12085.0,0.7824,2022.0,0.7824,590068776.0,473265500.9693
1753460911197,16:28:31.197,ADA/USDT:USDT,0.7822,12646.0,0.7823,20794.0,0.7823,590068810.0,473265527.5675
1753460911297,16:28:31.297,ADA/USDT:USDT,0.7822,8.0,0.7823,29048.0,0.7823,590068810.0,473265527.5675
1753460911397,16:28:31.397,ADA/USDT:USDT,0.7822,8.0,0.7823,29558.0,0.7823,590068810.0,473265527.5675
1753460911598,16:28:31.598,ADA/USDT:USDT,0.7822,8.0,0.7823,30158.0,0.7823,590068810.0,473265527.5675
1753460911697,16:28:31.697,ADA/USDT:USDT,0.7822,8.0,0.7823,30409.0,0.7823,590068810.0,473265527.5675
1753460911798,16:28:31.798,ADA/USDT:USDT,0.7822,68.0,0.7823,31317.0,0.7823,590068810.0,473265527.5675
1753460911898,16:28:31.898,ADA/USDT:USDT,0.7822,68.0,0.7823,30553.0,0.7823,590068810.0,473265527.5675
1753460911997,16:28:31.997,ADA/USDT:USDT,0.7822,68.0,0.7823,29789.0,0.7823,590068810.0,473265527.5675
1753460912097,16:28:32.097,ADA/USDT:USDT,0.7822,19475.0,0.7823,18880.0,0.7823,590068810.0,473265527.5675
1753460912197,16:28:32.197,ADA/USDT:USDT,0.7822,19475.0,0.7823,6447.0,0.7823,590068810.0,473265527.5675
1753460912297,16:28:32.297,ADA/USDT:USDT,0.7822,2998.0,0.7823,13173.0,0.7823,590068810.0,473265527.5675
1753460912397,16:28:32.397,ADA/USDT:USDT,0.7822,1878.0,0.7823,14192.0,0.7823,590068810.0,473265527.5675
1753460912497,16:28:32.497,ADA/USDT:USDT,0.7822,1878.0,0.7823,14191.0,0.7823,590068810.0,473265527.5675
1753460912597,16:28:32.597,ADA/USDT:USDT,0.7822,1878.0,0.7823,14191.0,0.7823,590068810.0,473265527.5675
1753460912797,16:28:32.797,ADA/USDT:USDT,0.7822,68.0,0.7823,15250.0,0.7823,590068810.0,473265527.5675
1753460912897,16:28:32.897,ADA/USDT:USDT,0.7822,1878.0,0.7823,14741.0,0.7823,590068810.0,473265527.5675
1753460912998,16:28:32.998,ADA/USDT:USDT,0.7822,9724.0,0.7823,14486.0,0.7823,590068810.0,473265527.5675
1753460913097,16:28:33.097,ADA/USDT:USDT,0.7822,22141.0,0.7823,1332.0,0.7823,590068810.0,473265527.5675
1753460913397,16:28:33.397,ADA/USDT:USDT,0.7822,1878.0,0.7823,20130.0,0.7823,590068810.0,473265527.5675
1753460913497,16:28:33.497,ADA/USDT:USDT,0.7822,1878.0,0.7823,20090.0,0.7823,590068810.0,473265527.5675
1753460913598,16:28:33.598,ADA/USDT:USDT,0.7822,1878.0,0.7823,19326.0,0.7823,590068810.0,473265527.5675
1753460913697,16:28:33.697,ADA/USDT:USDT,0.7822,1878.0,0.7823,20090.0,0.7823,590068810.0,473265527.5675
1753460913797,16:28:33.797,ADA/USDT:USDT,0.7822,3470.0,0.7823,15530.0,0.7823,590068810.0,473265527.5675
1753460913897,16:28:33.897,ADA/USDT:USDT,0.7822,4190.0,0.7823,15530.0,0.7823,590068810.0,473265527.5675
1753460913997,16:28:33.997,ADA/USDT:USDT,0.7822,22582.0,0.7823,332.0,0.7823,590068810.0,473265527.5675
1753460914097,16:28:34.097,ADA/USDT:USDT,0.7822,24110.0,0.7823,332.0,0.7823,590068810.0,473265527.5675
1753460914297,16:28:34.297,ADA/USDT:USDT,0.7822,22582.0,0.7823,12572.0,0.7823,590068810.0,473265527.5675
1753460914397,16:28:34.397,ADA/USDT:USDT,0.7822,19982.0,0.7823,12572.0,0.7823,590068810.0,473265527.5675
1753460914498,16:28:34.498,ADA/USDT:USDT,0.7822,19992.0,0.7823,332.0,0.7823,590068810.0,473265527.5675
1753460914597,16:28:34.597,ADA/USDT:USDT,0.7822,19992.0,0.7823,140.0,0.7823,590068989.0,473265667.5992
1753460914798,16:28:34.798,ADA/USDT:USDT,0.7822,20740.0,0.7823,451.0,0.7823,590068989.0,473265667.5992
1753460914897,16:28:34.897,ADA/USDT:USDT,0.7822,21488.0,0.7823,451.0,0.7823,590068989.0,473265667.5992
1753460914997,16:28:34.997,ADA/USDT:USDT,0.7822,19992.0,0.7823,451.0,0.7823,590068989.0,473265667.5992
1753460915197,16:28:35.197,ADA/USDT:USDT,0.7822,21488.0,0.7823,451.0,0.7823,590068989.0,473265667.5992
1753460915297,16:28:35.297,ADA/USDT:USDT,0.7823,34381.0,0.7824,7860.0,0.7823,590069440.0,473266020.4165
1753460915397,16:28:35.397,ADA/USDT:USDT,0.7823,38722.0,0.7824,7.0,0.7823,590069440.0,473266020.4165
1753460916098,16:28:36.098,ADA/USDT:USDT,0.7823,38724.0,0.7824,7.0,0.7823,590069440.0,473266020.4165
1753460916198,16:28:36.198,ADA/USDT:USDT,0.7825,10041.0,0.7826,17367.0,0.7826,590069860.0,473266349.1043
1753460916297,16:28:36.297,ADA/USDT:USDT,0.7824,2195.0,0.7825,29373.0,0.7826,590069860.0,473266349.1043
1753460916397,16:28:36.397,ADA/USDT:USDT,0.7824,9089.0,0.7825,15653.0,0.7826,590069860.0,473266349.1043
1753460916497,16:28:36.497,ADA/USDT:USDT,0.7825,26510.0,0.7826,280.0,0.7825,590070903.0,473267165.2518
1753460916597,16:28:36.597,ADA/USDT:USDT,0.7825,27258.0,0.7826,15.0,0.7825,590070903.0,473267165.2518
1753460916697,16:28:36.697,ADA/USDT:USDT,0.7825,27232.0,0.7826,15.0,0.7825,590070903.0,473267165.2518
1753460916797,16:28:36.797,ADA/USDT:USDT,0.7825,27232.0,0.7826,15.0,0.7825,590070903.0,473267165.2518
1753460916897,16:28:36.897,ADA/USDT:USDT,0.7825,27766.0,0.7826,15.0,0.7825,590070903.0,473267165.2518
1753460916997,16:28:36.997,ADA/USDT:USDT,0.7825,26322.0,0.7826,15.0,0.7825,590070903.0,473267165.2518
1753460917098,16:28:37.098,ADA/USDT:USDT,0.7825,25202.0,0.7826,12496.0,0.7825,590070903.0,473267165.2518
1753460917297,16:28:37.297,ADA/USDT:USDT,0.7825,26646.0,0.7826,249.0,0.7825,590070903.0,473267165.2518
1753460917697,16:28:37.697,ADA/USDT:USDT,0.7825,725.0,0.7826,38574.0,0.7825,590070903.0,473267165.2518
1753460917797,16:28:37.797,ADA/USDT:USDT,0.7825,725.0,0.7826,39296.0,0.7825,590070903.0,473267165.2518
1753460917897,16:28:37.897,ADA/USDT:USDT,0.7825,17554.0,0.7826,13171.0,0.7825,590070903.0,473267165.2518
1753460917997,16:28:37.997,ADA/USDT:USDT,0.7825,18276.0,0.7826,6845.0,0.7825,590070903.0,473267165.2518
1753460918197,16:28:38.197,ADA/USDT:USDT,0.7825,18998.0,0.7826,5763.0,0.7825,590070903.0,473267165.2518
1753460918297,16:28:38.297,ADA/USDT:USDT,0.7825,21193.0,0.7826,249.0,0.7825,590070903.0,473267165.2518
1753460918398,16:28:38.398,ADA/USDT:USDT,0.7826,32719.0,0.7827,690.0,0.7826,590071152.0,473267360.1192
1753460918497,16:28:38.497,ADA/USDT:USDT,0.7826,34165.0,0.7827,8.0,0.7826,590071152.0,473267360.1192
1753460918698,16:28:38.698,ADA/USDT:USDT,0.7826,34139.0,0.7827,8.0,0.7826,590071152.0,473267360.1192
1753460918797,16:28:38.797,ADA/USDT:USDT,0.7826,32719.0,0.7827,8.0,0.7826,590071152.0,473267360.1192
1753460918897,16:28:38.897,ADA/USDT:USDT,0.7826,32719.0,0.7827,8.0,0.7826,590071152.0,473267360.1192
1753460918997,16:28:38.997,ADA/USDT:USDT,0.7826,34139.0,0.7827,8.0,0.7826,590071152.0,473267360.1192
1753460919097,16:28:39.097,ADA/USDT:USDT,0.7828,40336.0,0.7829,6759.0,0.7828,590075440.0,473270717.0384
1753460919197,16:28:39.197,ADA/USDT:USDT,0.7828,6726.0,0.7829,23737.0,0.7828,590075440.0,473270717.0384
1753460919297,16:28:39.297,ADA/USDT:USDT,0.7828,19460.0,0.7829,6994.0,0.7828,590075440.0,473270717.0384
1753460919397,16:28:39.397,ADA/USDT:USDT,0.7828,11273.0,0.7829,5514.0,0.7828,590075440.0,473270717.0384
1753460919497,16:28:39.497,ADA/USDT:USDT,0.7827,15550.0,0.7828,15404.0,0.7828,590075440.0,473270717.0384
1753460919597,16:28:39.597,ADA/USDT:USDT,0.7827,8824.0,0.7828,16826.0,0.7828,590075440.0,473270717.0384
1753460919697,16:28:39.697,ADA/USDT:USDT,0.7827,10142.0,0.7828,12599.0,0.7828,590075440.0,473270717.0384
1753460919797,16:28:39.797,ADA/USDT:USDT,0.7827,8824.0,0.7828,12599.0,0.7828,590075440.0,473270717.0384
1753460919897,16:28:39.897,ADA/USDT:USDT,0.7827,8824.0,0.7828,12999.0,0.7828,590075440.0,473270717.0384
1753460920097,16:28:40.097,ADA/USDT:USDT,0.7826,6196.0,0.7827,19632.0,0.7828,590075440.0,473270717.0384
1753460920197,16:28:40.197,ADA/USDT:USDT,0.7826,14.0,0.7827,21080.0,0.7828,590075440.0,473270717.0384
1753460920297,16:28:40.297,ADA/USDT:USDT,0.7825,18283.0,0.7826,8133.0,0.7825,590076645.0,473271659.9509
1753460920397,16:28:40.397,ADA/USDT:USDT,0.7825,11764.0,0.7826,8133.0,0.7825,590076645.0,473271659.9509
1753460920597,16:28:40.597,ADA/USDT:USDT,0.7825,20128.0,0.7826,6669.0,0.7826,590077427.0,473272271.9441
1753460920697,16:28:40.697,ADA/USDT:USDT,0.7825,20128.0,0.7826,11938.0,0.7826,590077427.0,473272271.9441
1753460920997,16:28:40.997,ADA/USDT:USDT,0.7825,20839.0,0.7826,11938.0,0.7826,590077427.0,473272271.9441
1753460921098,16:28:41.098,ADA/USDT:USDT,0.7826,4132.0,0.7827,15012.0,0.7826,590077427.0,473272271.9441
1753460921197,16:28:41.197,ADA/USDT:USDT,0.7826,11998.0,0.7827,12932.0,0.7826,590077427.0,473272271.9441
1753460921297,16:28:41.297,ADA/USDT:USDT,0.7827,4345.0,0.7828,19207.0,0.7826,590077427.0,473272271.9441
1753460921497,16:28:41.497,ADA/USDT:USDT,0.7826,14759.0,0.7827,5514.0,0.7826,590077427.0,473272271.9441
1753460921598,16:28:41.598,ADA/USDT:USDT,0.7827,4345.0,0.7828,20956.0,0.7826,590077427.0,473272271.9441
1753460921698,16:28:41.698,ADA/USDT:USDT,0.7827,3620.0,0.7828,21619.0,0.7826,590077427.0,473272271.9441
1753460921797,16:28:41.797,ADA/USDT:USDT,0.7827,4587.0,0.7828,20433.0,0.7826,590077427.0,473272271.9441
1753460921898,16:28:41.898,ADA/USDT:USDT,0.7827,3660.0,0.7828,18753.0,0.7826,590077427.0,473272271.9441
1753460921997,16:28:41.997,ADA/USDT:USDT,0.7827,1777.0,0.7828,19423.0,0.7826,590077427.0,473272271.9441
1753460922097,16:28:42.097,ADA/USDT:USDT,0.7827,3660.0,0.7828,18939.0,0.7826,590077427.0,473272271.9441
1753460922197,16:28:42.197,ADA/USDT:USDT,0.7827,3660.0,0.7828,18939.0,0.7826,590077427.0,473272271.9441
1753460922297,16:28:42.297,ADA/USDT:USDT,0.7827,3660.0,0.7828,18932.0,0.7826,590077427.0,473272271.9441
1753460922497,16:28:42.497,ADA/USDT:USDT,0.7826,14.0,0.7827,45815.0,0.7827,590077467.0,473272303.2521
1753460922597,16:28:42.597,ADA/USDT:USDT,0.7824,11351.0,0.7825,35156.0,0.7824,590087440.0,473280107.04
1753460922697,16:28:42.697,ADA/USDT:USDT,0.7824,18337.0,0.7825,28300.0,0.7824,590087440.0,473280107.04
1753460922798,16:28:42.798,ADA/USDT:USDT,0.7824,15126.0,0.7825,33814.0,0.7824,590087440.0,473280107.04
1753460922997,16:28:42.997,ADA/USDT:USDT,0.7824,12181.0,0.7825,33814.0,0.7824,590087440.0,473280107.04
1753460923298,16:28:43.298,ADA/USDT:USDT,0.7824,12167.0,0.7825,33514.0,0.7825,590087740.0,473280341.79
1753460923398,16:28:43.398,ADA/USDT:USDT,0.7824,12167.0,0.7825,33514.0,0.7825,590087740.0,473280341.79
1753460923598,16:28:43.598,ADA/USDT:USDT,0.7824,12329.0,0.7825,33514.0,0.7825,590087740.0,473280341.79
1753460923697,16:28:43.697,ADA/USDT:USDT,0.7824,25637.0,0.7825,12622.0,0.7825,590087740.0,473280341.79
1753460923797,16:28:43.797,ADA/USDT:USDT,0.7824,26340.0,0.7825,6196.0,0.7825,590087740.0,473280341.79
1753460923898,16:28:43.898,ADA/USDT:USDT,0.7824,24934.0,0.7825,6196.0,0.7825,590087740.0,473280341.79
1753460923998,16:28:43.998,ADA/USDT:USDT,0.7824,21314.0,0.7825,12922.0,0.7825,590087740.0,473280341.79
1753460924197,16:28:44.197,ADA/USDT:USDT,0.7824,12329.0,0.7825,15002.0,0.7825,590087740.0,473280341.79
1753460924897,16:28:44.897,ADA/USDT:USDT,0.7824,12496.0,0.7825,15435.0,0.7825,590087740.0,473280341.79
1753460924997,16:28:44.997,ADA/USDT:USDT,0.7824,12496.0,0.7825,18546.0,0.7825,590087740.0,473280341.79
1753460925097,16:28:45.097,ADA/USDT:USDT,0.7824,12496.0,0.7825,16695.0,0.7825,590087740.0,473280341.79
1753460925298,16:28:45.298,ADA/USDT:USDT,0.7824,12496.0,0.7825,26195.0,0.7825,590087740.0,473280341.79
1753460925398,16:28:45.398,ADA/USDT:USDT,0.7824,12496.0,0.7825,22422.0,0.7825,590087740.0,473280341.79
1753460925498,16:28:45.498,ADA/USDT:USDT,0.7824,12496.0,0.7825,13625.0,0.7825,590087740.0,473280341.79
1753460925697,16:28:45.697,ADA/USDT:USDT,0.7824,12493.0,0.7825,12922.0,0.7825,590087740.0,473280341.79
1753460925797,16:28:45.797,ADA/USDT:USDT,0.7824,25563.0,0.7825,6196.0,0.7825,590087740.0,473280341.79
1753460925897,16:28:45.897,ADA/USDT:USDT,0.7824,25485.0,0.7825,4514.0,0.7825,590088740.0,473281124.29
1753460925997,16:28:45.997,ADA/USDT:USDT,0.7824,23564.0,0.7825,5196.0,0.7825,590088740.0,473281124.29
1753460926097,16:28:46.097,ADA/USDT:USDT,0.7824,19141.0,0.7825,14002.0,0.7825,590088740.0,473281124.29
1753460926197,16:28:46.197,ADA/USDT:USDT,0.7824,12415.0,0.7825,14703.0,0.7825,590088740.0,473281124.29
1753460926298,16:28:46.298,ADA/USDT:USDT,0.7824,12415.0,0.7825,14002.0,0.7825,590088740.0,473281124.29
1753460926397,16:28:46.397,ADA/USDT:USDT,0.7824,12251.0,0.7825,14002.0,0.7825,590088740.0,473281124.29
1753460926497,16:28:46.497,ADA/USDT:USDT,0.7824,12421.0,0.7825,14002.0,0.7825,590088740.0,473281124.29
1753460926897,16:28:46.897,ADA/USDT:USDT,0.7824,29207.0,0.7825,4514.0,0.7825,590088740.0,473281124.29
1753460926997,16:28:46.997,ADA/USDT:USDT,0.7825,9889.0,0.7826,13744.0,0.7825,590088740.0,473281124.29
1753460927097,16:28:47.097,ADA/USDT:USDT,0.7825,10383.0,0.7826,14127.0,0.7825,590088740.0,473281124.29
1753460927197,16:28:47.197,ADA/USDT:USDT,0.7824,25247.0,0.7825,13380.0,0.7825,590088740.0,473281124.29
1753460927298,16:28:47.298,ADA/USDT:USDT,0.7824,30098.0,0.7825,13380.0,0.7825,590088740.0,473281124.29
1753460927397,16:28:47.397,ADA/USDT:USDT,0.7824,30185.0,0.7825,12922.0,0.7825,590088740.0,473281124.29
1753460927497,16:28:47.497,ADA/USDT:USDT,0.7824,28010.0,0.7825,5514.0,0.7825,590088740.0,473281124.29
1753460927597,16:28:47.597,ADA/USDT:USDT,0.7824,28711.0,0.7825,5514.0,0.7825,590088740.0,473281124.29
1753460927697,16:28:47.697,ADA/USDT:USDT,0.7825,14600.0,0.7826,7688.0,0.7825,590088740.0,473281124.29
1753460927897,16:28:47.897,ADA/USDT:USDT,0.7825,11539.0,0.7826,7688.0,0.7825,590088740.0,473281124.29
1753460927997,16:28:47.997,ADA/USDT:USDT,0.7825,7451.0,0.7826,14814.0,0.7825,590088740.0,473281124.29
1753460928197,16:28:48.197,ADA/USDT:USDT,0.7824,25486.0,0.7825,12240.0,0.7825,590088740.0,473281124.29
1753460928297,16:28:48.297,ADA/USDT:USDT,0.7825,5561.0,0.7826,22812.0,0.7825,590088740.0,473281124.29
1753460928397,16:28:48.397,ADA/USDT:USDT,0.7825,12421.0,0.7826,17753.0,0.7825,590088740.0,473281124.29
1753460928698,16:28:48.698,ADA/USDT:USDT,0.7825,12421.0,0.7826,17498.0,0.7825,590088740.0,473281124.29
1753460928797,16:28:48.797,ADA/USDT:USDT,0.7825,8031.0,0.7826,18136.0,0.7825,590088740.0,473281124.29
1753460928897,16:28:48.897,ADA/USDT:USDT,0.7825,8231.0,0.7826,18136.0,0.7825,590088740.0,473281124.29
1753460929198,16:28:49.198,ADA/USDT:USDT,0.7825,14957.0,0.7826,16056.0,0.7825,590088740.0,473281124.29
1753460929297,16:28:49.297,ADA/USDT:USDT,0.7825,16275.0,0.7826,8692.0,0.7825,590088740.0,473281124.29
1753460929397,16:28:49.397,ADA/USDT:USDT,0.7825,16275.0,0.7826,9330.0,0.7825,590088740.0,473281124.29
1753460929497,16:28:49.497,ADA/USDT:USDT,0.7825,16275.0,0.7826,8692.0,0.7825,590088740.0,473281124.29
1753460929597,16:28:49.597,ADA/USDT:USDT,0.7826,18892.0,0.7827,9588.0,0.7825,590088740.0,473281124.29
1753460929697,16:28:49.697,ADA/USDT:USDT,0.7826,21584.0,0.7827,7294.0,0.7826,590088767.0,473281145.4202
1753460929797,16:28:49.797,ADA/USDT:USDT,0.7826,9442.0,0.7827,7294.0,0.7826,590088767.0,473281145.4202
1753460929897,16:28:49.897,ADA/USDT:USDT,0.7826,4202.0,0.7827,22062.0,0.7826,590088767.0,473281145.4202
1753460929997,16:28:49.997,ADA/USDT:USDT,0.7825,12997.0,0.7826,54551.0,0.7826,590088881.0,473281234.6366
1753460930097,16:28:50.097,ADA/USDT:USDT,0.7825,18838.0,0.7826,23576.0,0.7826,590088881.0,473281234.6366
1753460930198,16:28:50.198,ADA/USDT:USDT,0.7825,25566.0,0.7826,12922.0,0.7826,590088881.0,473281234.6366
1753460930298,16:28:50.298,ADA/USDT:USDT,0.7825,22212.0,0.7826,12922.0,0.7826,590088881.0,473281234.6366
1753460930398,16:28:50.398,ADA/USDT:USDT,0.7825,22212.0,0.7826,6196.0,0.7826,590088881.0,473281234.6366
1753460930597,16:28:50.597,ADA/USDT:USDT,0.7825,22212.0,0.7826,6196.0,0.7826,590088881.0,473281234.6366
1753460930797,16:28:50.797,ADA/USDT:USDT,0.7825,13048.0,0.7826,24754.0,0.7826,590088881.0,473281234.6366
1753460930898,16:28:50.898,ADA/USDT:USDT,0.7825,13048.0,0.7826,25416.0,0.7826,590088881.0,473281234.6366
1753460930997,16:28:50.997,ADA/USDT:USDT,0.7825,13048.0,0.7826,36832.0,0.7826,590088881.0,473281234.6366
1753460931298,16:28:51.298,ADA/USDT:USDT,0.7825,13048.0,0.7826,37502.0,0.7826,590088881.0,473281234.6366
1753460931397,16:28:51.397,ADA/USDT:USDT,0.7825,13048.0,0.7826,36840.0,0.7826,590088881.0,473281234.6366
1753460931497,16:28:51.497,ADA/USDT:USDT,0.7825,19774.0,0.7826,23174.0,0.7826,590088881.0,473281234.6366
1753460931598,16:28:51.598,ADA/USDT:USDT,0.7825,21556.0,0.7826,7344.0,0.7826,590088881.0,473281234.6366
1753460931897,16:28:51.897,ADA/USDT:USDT,0.7825,22319.0,0.7826,6662.0,0.7826,590088881.0,473281234.6366
1753460931997,16:28:51.997,ADA/USDT:USDT,0.7826,34227.0,0.7827,1698.0,0.7826,590088881.0,473281234.6366
1753460932097,16:28:52.097,ADA/USDT:USDT,0.7825,42066.0,0.7826,15411.0,0.7826,590088881.0,473281234.6366
1753460932197,16:28:52.197,ADA/USDT:USDT,0.7825,19875.0,0.7826,6681.0,0.7826,590088881.0,473281234.6366
1753460932298,16:28:52.298,ADA/USDT:USDT,0.7826,2666.0,0.7827,15487.0,0.7826,590088881.0,473281234.6366
1753460932397,16:28:52.397,ADA/USDT:USDT,0.7826,1942.0,0.7827,15487.0,0.7826,590088881.0,473281234.6366
1753460932497,16:28:52.497,ADA/USDT:USDT,0.7826,1942.0,0.7827,16157.0,0.7826,590088881.0,473281234.6366
1753460932597,16:28:52.597,ADA/USDT:USDT,0.7826,9986.0,0.7827,14690.0,0.7826,590088881.0,473281234.6366
1753460932697,16:28:52.697,ADA/USDT:USDT,0.7826,9986.0,0.7827,14690.0,0.7826,590088881.0,473281234.6366
1753460932997,16:28:52.997,ADA/USDT:USDT,0.7826,1942.0,0.7827,14945.0,0.7826,590088881.0,473281234.6366
1753460933098,16:28:53.098,ADA/USDT:USDT,0.7826,1.0,0.7827,17870.0,0.7826,590088881.0,473281234.6366
1753460933198,16:28:53.198,ADA/USDT:USDT,0.7825,26284.0,0.7826,29426.0,0.7826,590088882.0,473281235.4192
1753460933297,16:28:53.297,ADA/USDT:USDT,0.7826,26283.0,0.7827,3257.0,0.7826,590111776.0,473299152.2636
1753460933397,16:28:53.397,ADA/USDT:USDT,0.7826,28091.0,0.7827,1108.0,0.7826,590111776.0,473299152.2636
1753460933497,16:28:53.497,ADA/USDT:USDT,0.7826,28232.0,0.7827,1098.0,0.7826,590111776.0,473299152.2636
1753460933797,16:28:53.797,ADA/USDT:USDT,0.7827,42510.0,0.7828,240.0,0.7827,590112874.0,473300011.6682
1753460933897,16:28:53.897,ADA/USDT:USDT,0.7827,51194.0,0.7828,5754.0,0.7827,590112874.0,473300011.6682
1753460933997,16:28:53.997,ADA/USDT:USDT,0.7827,51194.0,0.7828,5747.0,0.7827,590112874.0,473300011.6682
1753460934198,16:28:54.198,ADA/USDT:USDT,0.7827,50628.0,0.7828,5747.0,0.7827,590112874.0,473300011.6682
1753460934297,16:28:54.297,ADA/USDT:USDT,0.7827,51518.0,0.7828,5740.0,0.7827,590112874.0,473300011.6682
1753460934397,16:28:54.397,ADA/USDT:USDT,0.7827,51518.0,0.7828,226.0,0.7827,590112874.0,473300011.6682
1753460934798,16:28:54.798,ADA/USDT:USDT,0.7827,50628.0,0.7828,5740.0,0.7827,590112874.0,473300011.6682
1753460934897,16:28:54.897,ADA/USDT:USDT,0.7826,17131.0,0.7827,30207.0,0.7827,590113198.0,473300265.263
1753460934997,16:28:54.997,ADA/USDT:USDT,0.7826,21726.0,0.7827,13965.0,0.7827,590113198.0,473300265.263
1753460935097,16:28:55.097,ADA/USDT:USDT,0.7827,11556.0,0.7828,35718.0,0.7827,590113198.0,473300265.263
1753460935198,16:28:55.198,ADA/USDT:USDT,0.7827,11556.0,0.7828,29364.0,0.7827,590113198.0,473300265.263
1753460935297,16:28:55.297,ADA/USDT:USDT,0.7827,738.0,0.7828,29357.0,0.7827,590113198.0,473300265.263
1753460935397,16:28:55.397,ADA/USDT:USDT,0.7827,15566.0,0.7828,29540.0,0.7827,590113198.0,473300265.263
1753460935497,16:28:55.497,ADA/USDT:USDT,0.7826,23657.0,0.7827,6196.0,0.7827,590113198.0,473300265.263
1753460935597,16:28:55.597,ADA/USDT:USDT,0.7826,20989.0,0.7827,6196.0,0.7827,590113198.0,473300265.263
1753460935697,16:28:55.697,ADA/USDT:USDT,0.7826,20989.0,0.7827,6196.0,0.7827,590113198.0,473300265.263
1753460935797,16:28:55.797,ADA/USDT:USDT,0.7826,10405.0,0.7827,26613.0,0.7827,590113198.0,473300265.263
1753460935897,16:28:55.897,ADA/USDT:USDT,0.7826,10405.0,0.7827,17153.0,0.7827,590113198.0,473300265.263
1753460935997,16:28:55.997,ADA/USDT:USDT,0.7826,24900.0,0.7827,6196.0,0.7827,590113198.0,473300265.263
1753460936097,16:28:56.097,ADA/USDT:USDT,0.7826,21618.0,0.7827,6196.0,0.7827,590113198.0,473300265.263
1753460936198,16:28:56.198,ADA/USDT:USDT,0.7826,21618.0,0.7827,6407.0,0.7827,590113198.0,473300265.263
1753460936297,16:28:56.297,ADA/USDT:USDT,0.7826,17124.0,0.7827,18034.0,0.7827,590113198.0,473300265.263
1753460936398,16:28:56.398,ADA/USDT:USDT,0.7826,10398.0,0.7827,18219.0,0.7827,590113198.0,473300265.263
1753460936698,16:28:56.698,ADA/USDT:USDT,0.7826,10398.0,0.7827,17329.0,0.7827,590113198.0,473300265.263
1753460936797,16:28:56.797,ADA/USDT:USDT,0.7825,8.0,0.7826,20960.0,0.7826,590125947.0,473310242.6304
1753460936897,16:28:56.897,ADA/USDT:USDT,0.7825,4946.0,0.7826,11499.0,0.7826,590125947.0,473310242.6304
1753460936997,16:28:56.997,ADA/USDT:USDT,0.7825,4946.0,0.7826,5891.0,0.7826,590125947.0,473310242.6304
1753460937197,16:28:57.197,ADA/USDT:USDT,0.7825,4946.0,0.7826,5901.0,0.7826,590125947.0,473310242.6304
1753460937298,16:28:57.298,ADA/USDT:USDT,0.7825,12697.0,0.7826,692.0,0.7826,590125947.0,473310242.6304
1753460937397,16:28:57.397,ADA/USDT:USDT,0.7825,11672.0,0.7826,932.0,0.7826,590125947.0,473310242.6304
1753460937597,16:28:57.597,ADA/USDT:USDT,0.7823,60608.0,0.7825,42436.0,0.7824,590137233.0,473319072.7976
1753460937697,16:28:57.697,ADA/USDT:USDT,0.7822,20701.0,0.7823,34391.0,0.7822,590161189.0,473337812.7387
1753460937797,16:28:57.797,ADA/USDT:USDT,0.782,56301.0,0.7821,22196.0,0.7821,590243815.0,473402440.1292
1753460937897,16:28:57.897,ADA/USDT:USDT,0.782,37428.0,0.7821,18640.0,0.7821,590243815.0,473402440.1292
1753460937997,16:28:57.997,ADA/USDT:USDT,0.782,38604.0,0.7821,6302.0,0.7821,590244064.0,473402634.8721
1753460938097,16:28:58.097,ADA/USDT:USDT,0.7821,15733.0,0.7822,17828.0,0.7821,590250160.0,473407402.5537
1753460938197,16:28:58.197,ADA/USDT:USDT,0.7821,19735.0,0.7822,8338.0,0.7822,590274711.0,473426606.3459
1753460938297,16:28:58.297,ADA/USDT:USDT,0.7821,19735.0,0.7822,10453.0,0.7822,590274711.0,473426606.3459
1753460938397,16:28:58.397,ADA/USDT:USDT,0.7821,19735.0,0.7822,20306.0,0.7822,590274711.0,473426606.3459
1753460938497,16:28:58.497,ADA/USDT:USDT,0.7821,19735.0,0.7822,247.0,0.7822,590274711.0,473426606.3459
1753460938597,16:28:58.597,ADA/USDT:USDT,0.7821,19797.0,0.7822,247.0,0.7822,590274711.0,473426606.3459
1753460938697,16:28:58.697,ADA/USDT:USDT,0.7821,11493.0,0.7822,6443.0,0.7822,590274711.0,473426606.3459
1753460938797,16:28:58.797,ADA/USDT:USDT,0.782,34913.0,0.7821,15893.0,0.7821,590274773.0,473426654.8361
1753460938897,16:28:58.897,ADA/USDT:USDT,0.782,41639.0,0.7821,655.0,0.7821,590274773.0,473426654.8361
1753460938997,16:28:58.997,ADA/USDT:USDT,0.782,34913.0,0.7821,8907.0,0.7821,590274773.0,473426654.8361
1753460939097,16:28:59.097,ADA/USDT:USDT,0.782,34913.0,0.7821,6851.0,0.7821,590274773.0,473426654.8361
1753460939197,16:28:59.197,ADA/USDT:USDT,0.782,26009.0,0.7821,33949.0,0.7821,590274773.0,473426654.8361
1753460939297,16:28:59.297,ADA/USDT:USDT,0.782,26009.0,0.7821,33975.0,0.7821,590274773.0,473426654.8361
1753460939397,16:28:59.397,ADA/USDT:USDT,0.7818,2400.0,0.7819,50971.0,0.7818,590321044.0,473462836.7197
1753460939497,16:28:59.497,ADA/USDT:USDT,0.7817,11921.0,0.7818,690.0,0.7818,590322304.0,473463821.7877
1753460939597,16:28:59.597,ADA/USDT:USDT,0.7817,16203.0,0.7818,1725.0,0.7818,590275163.0,473426960.0111
1753460939697,16:28:59.697,ADA/USDT:USDT,0.7818,19327.0,0.7819,8040.0,0.7818,590276206.0,473427775.4285
1753460939797,16:28:59.797,ADA/USDT:USDT,0.7819,15262.0,0.782,24675.0,0.7818,590276206.0,473427775.4285
1753460939897,16:28:59.897,ADA/USDT:USDT,0.7819,16458.0,0.782,6388.0,0.7818,590276206.0,473427775.4285
1753460939997,16:28:59.997,ADA/USDT:USDT,0.7819,12838.0,0.782,12900.0,0.7818,590276206.0,473427775.4285
1753460940097,16:29:00.097,ADA/USDT:USDT,0.7821,17487.0,0.7822,7389.0,0.7821,590282469.0,473432673.6946
1753460940197,16:29:00.197,ADA/USDT:USDT,0.7821,26994.0,0.7822,662.0,0.7821,590282469.0,473432673.6946
1753460940298,16:29:00.298,ADA/USDT:USDT,0.7822,19376.0,0.7823,9969.0,0.7822,590283117.0,473433180.5602
1753460940397,16:29:00.397,ADA/USDT:USDT,0.7822,17104.0,0.7823,7507.0,0.7822,590283117.0,473433180.5602
1753460940497,16:29:00.497,ADA/USDT:USDT,0.7822,11753.0,0.7823,10100.0,0.7822,590283117.0,473433180.5602
1753460940597,16:29:00.597,ADA/USDT:USDT,0.7821,21812.0,0.7822,6196.0,0.7823,590283122.0,473433184.4717
1753460940697,16:29:00.697,ADA/USDT:USDT,0.782,20333.0,0.7821,6416.0,0.7823,590283122.0,473433184.4717
1753460940797,16:29:00.797,ADA/USDT:USDT,0.782,11035.0,0.7821,16366.0,0.7823,590283122.0,473433184.4717
1753460940898,16:29:00.898,ADA/USDT:USDT,0.782,12231.0,0.7821,10876.0,0.7823,590283122.0,473433184.4717
1753460940997,16:29:00.997,ADA/USDT:USDT,0.782,12231.0,0.7821,5362.0,0.7823,590283122.0,473433184.4717
1753460941097,16:29:01.097,ADA/USDT:USDT,0.7821,1407.0,0.7822,6210.0,0.7823,590283122.0,473433184.4717
1753460941197,16:29:01.197,ADA/USDT:USDT,0.7821,12949.0,0.7822,6203.0,0.7823,590283122.0,473433184.4717
1753460941298,16:29:01.298,ADA/USDT:USDT,0.7821,12949.0,0.7822,6970.0,0.7823,590283122.0,473433184.4717
1753460941397,16:29:01.397,ADA/USDT:USDT,0.7821,4302.0,0.7822,6970.0,0.7823,590283122.0,473433184.4717
1753460941497,16:29:01.497,ADA/USDT:USDT,0.7821,11028.0,0.7822,7.0,0.7823,590283122.0,473433184.4717
1753460941597,16:29:01.597,ADA/USDT:USDT,0.7821,21406.0,0.7822,7.0,0.7823,590283122.0,473433184.4717
1753460941697,16:29:01.697,ADA/USDT:USDT,0.7823,16234.0,0.7824,6472.0,0.7823,590284451.0,473434224.1477
1753460941797,16:29:01.797,ADA/USDT:USDT,0.7823,19854.0,0.7824,21.0,0.7823,590284451.0,473434224.1477
1753460941897,16:29:01.897,ADA/USDT:USDT,0.7823,19854.0,0.7824,14.0,0.7823,590284451.0,473434224.1477
1753460941997,16:29:01.997,ADA/USDT:USDT,0.7823,14537.0,0.7824,11860.0,0.7823,590284451.0,473434224.1477
1753460942097,16:29:02.097,ADA/USDT:USDT,0.7823,14537.0,0.7824,5521.0,0.7823,590284451.0,473434224.1477
1753460942198,16:29:02.198,ADA/USDT:USDT,0.7823,14537.0,0.7824,6203.0,0.7823,590284451.0,473434224.1477
1753460942297,16:29:02.297,ADA/USDT:USDT,0.7823,14537.0,0.7824,6203.0,0.7823,590284451.0,473434224.1477
1753460942397,16:29:02.397,ADA/USDT:USDT,0.7823,14537.0,0.7824,6252.0,0.7823,590284451.0,473434224.1477
1753460942497,16:29:02.497,ADA/USDT:USDT,0.7823,14537.0,0.7824,5570.0,0.7823,590284451.0,473434224.1477
1753460942597,16:29:02.597,ADA/USDT:USDT,0.7823,14537.0,0.7824,5570.0,0.7823,590284451.0,473434224.1477
1753460942698,16:29:02.698,ADA/USDT:USDT,0.7823,14537.0,0.7824,6252.0,0.7823,590284451.0,473434224.1477
1753460942797,16:29:02.797,ADA/USDT:USDT,0.7823,19773.0,0.7824,56.0,0.7823,590284451.0,473434224.1477
1753460942898,16:29:02.898,ADA/USDT:USDT,0.7823,18101.0,0.7824,56.0,0.7823,590284451.0,473434224.1477
1753460943097,16:29:03.097,ADA/USDT:USDT,0.7823,23773.0,0.7824,56.0,0.7823,590284451.0,473434224.1477
1753460943197,16:29:03.197,ADA/USDT:USDT,0.7824,50427.0,0.7825,5624.0,0.7824,590284507.0,473434267.9621
1753460943297,16:29:03.297,ADA/USDT:USDT,0.7824,35138.0,0.7825,6306.0,0.7824,590284507.0,473434267.9621
1753460943397,16:29:03.397,ADA/USDT:USDT,0.7824,36767.0,0.7825,5624.0,0.7824,590284507.0,473434267.9621
1753460943497,16:29:03.497,ADA/USDT:USDT,0.7824,33240.0,0.7825,6306.0,0.7824,590284507.0,473434267.9621
1753460943698,16:29:03.698,ADA/USDT:USDT,0.7825,18658.0,0.7826,6881.0,0.7825,590284617.0,473434354.0371
1753460943797,16:29:03.797,ADA/USDT:USDT,0.7825,18658.0,0.7826,47.0,0.7825,590284617.0,473434354.0371
1753460943898,16:29:03.898,ADA/USDT:USDT,0.7825,18658.0,0.7826,5561.0,0.7825,590284617.0,473434354.0371
1753460943997,16:29:03.997,ADA/USDT:USDT,0.7825,18658.0,0.7826,47.0,0.7825,590284617.0,473434354.0371
1753460944097,16:29:04.097,ADA/USDT:USDT,0.7826,40345.0,0.7827,5521.0,0.7826,590284664.0,473434390.8193
1753460944197,16:29:04.197,ADA/USDT:USDT,0.7826,14846.0,0.7827,6203.0,0.7826,590284664.0,473434390.8193
1753460944297,16:29:04.297,ADA/USDT:USDT,0.7826,10346.0,0.7827,18822.0,0.7826,590284664.0,473434390.8193
1753460944398,16:29:04.398,ADA/USDT:USDT,0.7826,3620.0,0.7827,20034.0,0.7826,590284664.0,473434390.8193
1753460944497,16:29:04.497,ADA/USDT:USDT,0.7826,11028.0,0.7827,13549.0,0.7826,590284664.0,473434390.8193
1753460944597,16:29:04.597,ADA/USDT:USDT,0.7827,21824.0,0.7828,1234.0,0.7827,590285437.0,473434995.8464
1753460944697,16:29:04.697,ADA/USDT:USDT,0.7827,23345.0,0.7828,22.0,0.7827,590285437.0,473434995.8464
1753460944897,16:29:04.897,ADA/USDT:USDT,0.7827,24866.0,0.7828,683.0,0.7827,590285437.0,473434995.8464
1753460944997,16:29:04.997,ADA/USDT:USDT,0.7827,11028.0,0.7828,12679.0,0.7827,590285437.0,473434995.8464
1753460945097,16:29:05.097,ADA/USDT:USDT,0.7827,11028.0,0.7828,9211.0,0.7827,590285437.0,473434995.8464
1753460945197,16:29:05.197,ADA/USDT:USDT,0.7827,12355.0,0.7828,6858.0,0.7827,590285437.0,473434995.8464
1753460945298,16:29:05.298,ADA/USDT:USDT,0.7827,12355.0,0.7828,7540.0,0.7827,590285437.0,473434995.8464
1753460945397,16:29:05.397,ADA/USDT:USDT,0.7827,17690.0,0.7828,1344.0,0.7827,590285437.0,473434995.8464
1753460945497,16:29:05.497,ADA/USDT:USDT,0.7827,19211.0,0.7828,683.0,0.7827,590285437.0,473434995.8464
1753460945897,16:29:05.897,ADA/USDT:USDT,0.7828,38102.0,0.7829,87.0,0.7828,590286120.0,473435530.4988
1753460945997,16:29:05.997,ADA/USDT:USDT,0.7828,28988.0,0.7829,87.0,0.7828,590286120.0,473435530.4988
1753460946097,16:29:06.097,ADA/USDT:USDT,0.7829,22011.0,0.783,13695.0,0.7829,590286207.0,473435598.6111
1753460946197,16:29:06.197,ADA/USDT:USDT,0.7829,17608.0,0.783,2507.0,0.7829,590286207.0,473435598.6111
1753460946297,16:29:06.297,ADA/USDT:USDT,0.7829,19067.0,0.783,5537.0,0.7829,590286207.0,473435598.6111
1753460946397,16:29:06.397,ADA/USDT:USDT,0.7829,20526.0,0.783,423.0,0.7829,590286207.0,473435598.6111
1753460946498,16:29:06.498,ADA/USDT:USDT,0.783,44446.0,0.7831,6217.0,0.783,590286230.0,473435616.6201
1753460946597,16:29:06.597,ADA/USDT:USDT,0.783,16976.0,0.7831,10568.0,0.783,590286230.0,473435616.6201
1753460946697,16:29:06.697,ADA/USDT:USDT,0.783,17531.0,0.7831,6217.0,0.783,590286230.0,473435616.6201
1753460946797,16:29:06.797,ADA/USDT:USDT,0.783,15286.0,0.7831,21.0,0.783,590286230.0,473435616.6201
1753460946897,16:29:06.897,ADA/USDT:USDT,0.783,15286.0,0.7831,6270.0,0.783,590286230.0,473435616.6201
1753460946998,16:29:06.998,ADA/USDT:USDT,0.783,11028.0,0.7831,13290.0,0.783,590290575.0,473439018.7551
1753460947097,16:29:07.097,ADA/USDT:USDT,0.783,11028.0,0.7831,8188.0,0.783,590290575.0,473439018.7551
1753460947198,16:29:07.198,ADA/USDT:USDT,0.783,21901.0,0.7831,5528.0,0.783,590290575.0,473439018.7551
1753460947297,16:29:07.297,ADA/USDT:USDT,0.783,23302.0,0.7831,239.0,0.783,590290575.0,473439018.7551
1753460947397,16:29:07.397,ADA/USDT:USDT,0.783,20443.0,0.7831,16079.0,0.783,590290575.0,473439018.7551
1753460947497,16:29:07.497,ADA/USDT:USDT,0.783,20443.0,0.7831,7555.0,0.783,590290575.0,473439018.7551
1753460947697,16:29:07.697,ADA/USDT:USDT,0.783,21844.0,0.7831,5753.0,0.783,590290575.0,473439018.7551
1753460947797,16:29:07.797,ADA/USDT:USDT,0.783,20443.0,0.7831,6372.0,0.783,590290575.0,473439018.7551
1753460947898,16:29:07.898,ADA/USDT:USDT,0.783,20443.0,0.7831,5753.0,0.783,590290575.0,473439018.7551
1753460947997,16:29:07.997,ADA/USDT:USDT,0.783,21844.0,0.7831,5753.0,0.783,590290575.0,473439018.7551
1753460948097,16:29:08.097,ADA/USDT:USDT,0.783,23245.0,0.7831,5753.0,0.783,590290575.0,473439018.7551
1753460948197,16:29:08.197,ADA/USDT:USDT,0.783,23245.0,0.7831,239.0,0.783,590290575.0,473439018.7551
1753460948297,16:29:08.297,ADA/USDT:USDT,0.7831,19982.0,0.7832,6887.0,0.7831,590290814.0,473439205.916
1753460948397,16:29:08.397,ADA/USDT:USDT,0.7831,19982.0,0.7832,6242.0,0.7831,590290814.0,473439205.916
1753460948597,16:29:08.597,ADA/USDT:USDT,0.7831,21469.0,0.7832,5560.0,0.7831,590290814.0,473439205.916
1753460948697,16:29:08.697,ADA/USDT:USDT,0.7832,35613.0,0.7833,6250.0,0.7832,590290860.0,473439241.9432
1753460948797,16:29:08.797,ADA/USDT:USDT,0.7832,27140.0,0.7833,6250.0,0.7832,590290860.0,473439241.9432
1753460948897,16:29:08.897,ADA/USDT:USDT,0.7832,27430.0,0.7833,6250.0,0.7832,590290860.0,473439241.9432
1753460948997,16:29:08.997,ADA/USDT:USDT,0.7832,27430.0,0.7833,6920.0,0.7832,590290860.0,473439241.9432
1753460949097,16:29:09.097,ADA/USDT:USDT,0.7832,27430.0,0.7833,6895.0,0.7833,590290885.0,473439261.5257
1753460949198,16:29:09.198,ADA/USDT:USDT,0.7832,27430.0,0.7833,6895.0,0.7833,590290885.0,473439261.5257
1753460949397,16:29:09.397,ADA/USDT:USDT,0.7833,19557.0,0.7834,7189.0,0.7833,590291609.0,473439828.6349
1753460949497,16:29:09.497,ADA/USDT:USDT,0.7833,19557.0,0.7834,6488.0,0.7833,590291609.0,473439828.6349
1753460949597,16:29:09.597,ADA/USDT:USDT,0.7833,31091.0,0.7834,5614.0,0.7833,590291609.0,473439828.6349
1753460949697,16:29:09.697,ADA/USDT:USDT,0.7833,31191.0,0.7834,5614.0,0.7833,590291609.0,473439828.6349
1753460949797,16:29:09.797,ADA/USDT:USDT,0.7833,31191.0,0.7834,5614.0,0.7833,590291609.0,473439828.6349
1753460949897,16:29:09.897,ADA/USDT:USDT,0.7833,31191.0,0.7834,6296.0,0.7833,590291609.0,473439828.6349
1753460949997,16:29:09.997,ADA/USDT:USDT,0.7833,31191.0,0.7834,6289.0,0.7833,590291609.0,473439828.6349
1753460950097,16:29:10.097,ADA/USDT:USDT,0.7834,24046.0,0.7835,5804.0,0.7834,590291702.0,473439901.4911
1753460950197,16:29:10.197,ADA/USDT:USDT,0.7834,24020.0,0.7835,320.0,0.7834,590291702.0,473439901.4911
1753460950397,16:29:10.397,ADA/USDT:USDT,0.7834,22749.0,0.7835,5834.0,0.7834,590291702.0,473439901.4911
1753460950497,16:29:10.497,ADA/USDT:USDT,0.7835,28478.0,0.7836,1599.0,0.7835,590292265.0,473440342.6016
1753460950597,16:29:10.597,ADA/USDT:USDT,0.7835,3620.0,0.7836,21893.0,0.7837,590298646.0,473445343.2314
1753460950697,16:29:10.697,ADA/USDT:USDT,0.7835,10419.0,0.7836,7316.0,0.7837,590298646.0,473445343.2314
1753460950797,16:29:10.797,ADA/USDT:USDT,0.7835,10419.0,0.7836,10109.0,0.7837,590298646.0,473445343.2314
1753460950998,16:29:10.998,ADA/USDT:USDT,0.7835,10419.0,0.7836,10109.0,0.7837,590298646.0,473445343.2314
1753460951198,16:29:11.198,ADA/USDT:USDT,0.7835,10529.0,0.7836,6909.0,0.7837,590298646.0,473445343.2314
1753460951297,16:29:11.297,ADA/USDT:USDT,0.7835,10529.0,0.7836,7579.0,0.7837,590298646.0,473445343.2314
1753460951398,16:29:11.398,ADA/USDT:USDT,0.7835,10531.0,0.7836,7579.0,0.7837,590298646.0,473445343.2314
1753460951497,16:29:11.497,ADA/USDT:USDT,0.7835,10531.0,0.7836,8386.0,0.7837,590298646.0,473445343.2314
1753460951597,16:29:11.597,ADA/USDT:USDT,0.7835,3742.0,0.7836,25858.0,0.7837,590298646.0,473445343.2314
1753460951698,16:29:11.698,ADA/USDT:USDT,0.7835,12003.0,0.7836,25858.0,0.7837,590298646.0,473445343.2314
1753460952097,16:29:12.097,ADA/USDT:USDT,0.7835,13199.0,0.7836,7227.0,0.7837,590298646.0,473445343.2314
1753460952197,16:29:12.197,ADA/USDT:USDT,0.7835,13199.0,0.7836,7897.0,0.7837,590298646.0,473445343.2314
1753460952497,16:29:12.497,ADA/USDT:USDT,0.7835,13200.0,0.7836,7897.0,0.7837,590298646.0,473445343.2314
1753460952697,16:29:12.697,ADA/USDT:USDT,0.7835,12004.0,0.7836,9017.0,0.7837,590298646.0,473445343.2314
1753460952998,16:29:12.998,ADA/USDT:USDT,0.7835,12004.0,0.7836,7897.0,0.7837,590298646.0,473445343.2314
1753460953197,16:29:13.197,ADA/USDT:USDT,0.7835,11581.0,0.7836,7497.0,0.7837,590298646.0,473445343.2314
1753460953498,16:29:13.498,ADA/USDT:USDT,0.7835,11920.0,0.7836,7497.0,0.7837,590298646.0,473445343.2314
1753460953597,16:29:13.597,ADA/USDT:USDT,0.7835,11908.0,0.7836,7497.0,0.7837,590298646.0,473445343.2314
1753460953697,16:29:13.697,ADA/USDT:USDT,0.7835,1200.0,0.7836,10164.0,0.7837,590298646.0,473445343.2314
1753460953797,16:29:13.797,ADA/USDT:USDT,0.7835,4516.0,0.7836,10617.0,0.7837,590298646.0,473445343.2314
1753460953897,16:29:13.897,ADA/USDT:USDT,0.7835,12054.0,0.7836,10362.0,0.7837,590298646.0,473445343.2314
1753460953997,16:29:13.997,ADA/USDT:USDT,0.7836,725.0,0.7837,3185.0,0.7836,590299499.0,473446011.6422
1753460954097,16:29:14.097,ADA/USDT:USDT,0.7836,27849.0,0.7837,7358.0,0.7836,590299499.0,473446011.6422
1753460954197,16:29:14.197,ADA/USDT:USDT,0.7837,26796.0,0.7838,6154.0,0.7837,590299512.0,473446021.8303
1753460954297,16:29:14.297,ADA/USDT:USDT,0.7837,22854.0,0.7838,6154.0,0.7837,590299512.0,473446021.8303
1753460954397,16:29:14.397,ADA/USDT:USDT,0.7837,22854.0,0.7838,5535.0,0.7837,590299512.0,473446021.8303
1753460954497,16:29:14.497,ADA/USDT:USDT,0.7837,16800.0,0.7838,6154.0,0.7837,590299512.0,473446021.8303
1753460954598,16:29:14.598,ADA/USDT:USDT,0.7837,16965.0,0.7838,6823.0,0.7837,590299512.0,473446021.8303
1753460954797,16:29:14.797,ADA/USDT:USDT,0.7837,16965.0,0.7838,12206.0,0.7838,590299542.0,473446045.3443
1753460954897,16:29:14.897,ADA/USDT:USDT,0.7837,16512.0,0.7838,12206.0,0.7838,590299542.0,473446045.3443
1753460954997,16:29:14.997,ADA/USDT:USDT,0.7837,10027.0,0.7838,21850.0,0.7838,590299542.0,473446045.3443
1753460955097,16:29:15.097,ADA/USDT:USDT,0.7837,16598.0,0.7838,5505.0,0.7838,590299542.0,473446045.3443
1753460955197,16:29:15.197,ADA/USDT:USDT,0.7837,16598.0,0.7838,5505.0,0.7838,590299542.0,473446045.3443
1753460955397,16:29:15.397,ADA/USDT:USDT,0.7837,16865.0,0.7838,6187.0,0.7838,590299542.0,473446045.3443
1753460955498,16:29:15.498,ADA/USDT:USDT,0.7837,16865.0,0.7838,6187.0,0.7838,590299542.0,473446045.3443
1753460955597,16:29:15.597,ADA/USDT:USDT,0.7837,16596.0,0.7838,6856.0,0.7838,590299542.0,473446045.3443
1753460955697,16:29:15.697,ADA/USDT:USDT,0.7837,17234.0,0.7838,6856.0,0.7838,590299542.0,473446045.3443
1753460955797,16:29:15.797,ADA/USDT:USDT,0.7837,9894.0,0.7838,6856.0,0.7838,590299542.0,473446045.3443
1753460956097,16:29:16.097,ADA/USDT:USDT,0.7837,12318.0,0.7838,6856.0,0.7838,590299542.0,473446045.3443
1753460956298,16:29:16.298,ADA/USDT:USDT,0.7837,10557.0,0.7838,13861.0,0.7838,590299542.0,473446045.3443
1753460956497,16:29:16.497,ADA/USDT:USDT,0.7837,12895.0,0.7838,6187.0,0.7838,590299542.0,473446045.3443
1753460956697,16:29:16.697,ADA/USDT:USDT,0.7837,12895.0,0.7838,6856.0,0.7838,590299542.0,473446045.3443
1753460956797,16:29:16.797,ADA/USDT:USDT,0.7837,13107.0,0.7838,6856.0,0.7838,590299542.0,473446045.3443
1753460956897,16:29:16.897,ADA/USDT:USDT,0.7838,32349.0,0.7839,7356.0,0.7838,590300211.0,473446569.7065
1753460956997,16:29:16.997,ADA/USDT:USDT,0.7838,32986.0,0.7839,5527.0,0.7838,590300211.0,473446569.7065
1753460957097,16:29:17.097,ADA/USDT:USDT,0.7838,23486.0,0.7839,5527.0,0.7838,590300211.0,473446569.7065
1753460957197,16:29:17.197,ADA/USDT:USDT,0.7838,9701.0,0.7839,6209.0,0.7838,590300211.0,473446569.7065
1753460957297,16:29:17.297,ADA/USDT:USDT,0.7838,9701.0,0.7839,6464.0,0.7838,590300211.0,473446569.7065
1753460957398,16:29:17.398,ADA/USDT:USDT,0.7838,2640.0,0.7839,7434.0,0.7838,590300211.0,473446569.7065
1753460957498,16:29:17.498,ADA/USDT:USDT,0.7838,12577.0,0.7839,7434.0,0.7838,590300211.0,473446569.7065
1753460957597,16:29:17.597,ADA/USDT:USDT,0.7838,12985.0,0.7839,5797.0,0.7838,590300211.0,473446569.7065
1753460957698,16:29:17.698,ADA/USDT:USDT,0.7838,15906.0,0.7839,28.0,0.7838,590300211.0,473446569.7065
1753460957797,16:29:17.797,ADA/USDT:USDT,0.7838,13760.0,0.7839,28.0,0.7838,590300211.0,473446569.7065
1753460957897,16:29:17.897,ADA/USDT:USDT,0.7838,10140.0,0.7839,6224.0,0.7838,590300211.0,473446569.7065
1753460957997,16:29:17.997,ADA/USDT:USDT,0.7838,13760.0,0.7839,6224.0,0.7838,590300211.0,473446569.7065
1753460958097,16:29:18.097,ADA/USDT:USDT,0.7838,16853.0,0.7839,28.0,0.7838,590300211.0,473446569.7065
1753460958197,16:29:18.197,ADA/USDT:USDT,0.7839,22063.0,0.784,7350.0,0.7839,590300239.0,473446591.6557
1753460958297,16:29:18.297,ADA/USDT:USDT,0.7839,34497.0,0.784,626.0,0.7839,590300239.0,473446591.6557
1753460958397,16:29:18.397,ADA/USDT:USDT,0.7839,34471.0,0.784,626.0,0.7839,590300239.0,473446591.6557
1753460958497,16:29:18.497,ADA/USDT:USDT,0.7839,36174.0,0.784,626.0,0.7839,590300239.0,473446591.6557
1753460958598,16:29:18.598,ADA/USDT:USDT,0.7839,34985.0,0.784,626.0,0.7839,590300239.0,473446591.6557
1753460958797,16:29:18.797,ADA/USDT:USDT,0.7839,33822.0,0.784,626.0,0.7839,590300239.0,473446591.6557
1753460958897,16:29:18.897,ADA/USDT:USDT,0.7839,35227.0,0.784,626.0,0.7839,590300239.0,473446591.6557
1753460958997,16:29:18.997,ADA/USDT:USDT,0.7839,34064.0,0.784,626.0,0.7839,590300239.0,473446591.6557
1753460959097,16:29:19.097,ADA/USDT:USDT,0.7839,34064.0,0.784,626.0,0.7839,590300239.0,473446591.6557
1753460959397,16:29:19.397,ADA/USDT:USDT,0.7839,5441.0,0.784,31511.0,0.7839,590300239.0,473446591.6557
1753460959497,16:29:19.497,ADA/USDT:USDT,0.7838,3690.0,0.7839,45582.0,0.7839,590302060.0,473448019.1376
1753460959597,16:29:19.597,ADA/USDT:USDT,0.7838,4947.0,0.7839,32973.0,0.7839,590302060.0,473448019.1376
1753460959697,16:29:19.697,ADA/USDT:USDT,0.7838,4947.0,0.7839,27431.0,0.7839,590302060.0,473448019.1376
1753460959797,16:29:19.797,ADA/USDT:USDT,0.7838,5405.0,0.7839,27431.0,0.7839,590302060.0,473448019.1376
1753460959897,16:29:19.897,ADA/USDT:USDT,0.7838,5361.0,0.7839,27431.0,0.7839,590302060.0,473448019.1376
1753460959997,16:29:19.997,ADA/USDT:USDT,0.7838,6480.0,0.7839,28005.0,0.7839,590302060.0,473448019.1376
1753460960097,16:29:20.097,ADA/USDT:USDT,0.7837,19251.0,0.7838,12263.0,0.7837,590347605.0,473483713.4021
1753460960198,16:29:20.198,ADA/USDT:USDT,0.7837,17104.0,0.7838,9687.0,0.7837,590347605.0,473483713.4021
1753460960397,16:29:20.397,ADA/USDT:USDT,0.7837,5953.0,0.7838,27759.0,0.7837,590347605.0,473483713.4021
1753460960497,16:29:20.497,ADA/USDT:USDT,0.7837,5953.0,0.7838,29418.0,0.7837,590347605.0,473483713.4021
1753460960598,16:29:20.598,ADA/USDT:USDT,0.7837,5953.0,0.7838,26100.0,0.7837,590347605.0,473483713.4021
1753460960697,16:29:20.697,ADA/USDT:USDT,0.7837,6635.0,0.7838,26100.0,0.7837,590347605.0,473483713.4021
1753460960897,16:29:20.897,ADA/USDT:USDT,0.7837,5953.0,0.7838,35600.0,0.7837,590347605.0,473483713.4021
1753460960997,16:29:20.997,ADA/USDT:USDT,0.7837,5953.0,0.7838,27759.0,0.7837,590347605.0,473483713.4021
1753460961197,16:29:21.197,ADA/USDT:USDT,0.7836,15.0,0.7837,47966.0,0.7837,590353558.0,473488378.7682
1753460961297,16:29:21.297,ADA/USDT:USDT,0.7836,23610.0,0.7837,5514.0,0.7837,590353558.0,473488378.7682
1753460961397,16:29:21.397,ADA/USDT:USDT,0.7836,16678.0,0.7837,12922.0,0.7837,590353558.0,473488378.7682
1753460961497,16:29:21.497,ADA/USDT:USDT,0.7836,9968.0,0.7837,15002.0,0.7837,590353558.0,473488378.7682
1753460961897,16:29:21.897,ADA/USDT:USDT,0.7836,2560.0,0.7837,27716.0,0.7837,590353558.0,473488378.7682
1753460961997,16:29:21.997,ADA/USDT:USDT,0.7836,1922.0,0.7837,30966.0,0.7837,590353558.0,473488378.7682
1753460962097,16:29:22.097,ADA/USDT:USDT,0.7836,1922.0,0.7837,30966.0,0.7837,590353558.0,473488378.7682
1753460962197,16:29:22.197,ADA/USDT:USDT,0.7836,9330.0,0.7837,6796.0,0.7837,590353558.0,473488378.7682
1753460962297,16:29:22.297,ADA/USDT:USDT,0.7836,9968.0,0.7837,7370.0,0.7837,590353558.0,473488378.7682
1753460962497,16:29:22.497,ADA/USDT:USDT,0.7836,3242.0,0.7837,16259.0,0.7837,590353558.0,473488378.7682
1753460962597,16:29:22.597,ADA/USDT:USDT,0.7836,3242.0,0.7837,17866.0,0.7837,590353558.0,473488378.7682
1753460962697,16:29:22.697,ADA/USDT:USDT,0.7836,2560.0,0.7837,18147.0,0.7837,590353558.0,473488378.7682
1753460962798,16:29:22.798,ADA/USDT:USDT,0.7836,2560.0,0.7837,18121.0,0.7837,590353558.0,473488378.7682
1753460962898,16:29:22.898,ADA/USDT:USDT,0.7836,2560.0,0.7837,27621.0,0.7837,590353558.0,473488378.7682
1753460962998,16:29:22.998,ADA/USDT:USDT,0.7836,3242.0,0.7837,17535.0,0.7837,590353558.0,473488378.7682
1753460963197,16:29:23.197,ADA/USDT:USDT,0.7836,3110.0,0.7837,17535.0,0.7836,590353690.0,473488482.2034
1753460963297,16:29:23.297,ADA/USDT:USDT,0.7836,9960.0,0.7837,17535.0,0.7836,590353690.0,473488482.2034
1753460963398,16:29:23.398,ADA/USDT:USDT,0.7836,10598.0,0.7837,17535.0,0.7836,590353690.0,473488482.2034
1753460963497,16:29:23.497,ADA/USDT:USDT,0.7836,3872.0,0.7837,17535.0,0.7836,590353690.0,473488482.2034
1753460963597,16:29:23.597,ADA/USDT:USDT,0.7836,3872.0,0.7837,16797.0,0.7837,590354428.0,473489060.574
1753460963697,16:29:23.697,ADA/USDT:USDT,0.7836,10598.0,0.7837,16797.0,0.7837,590354428.0,473489060.574
1753460963797,16:29:23.797,ADA/USDT:USDT,0.7836,10598.0,0.7837,14717.0,0.7837,590354428.0,473489060.574
1753460963897,16:29:23.897,ADA/USDT:USDT,0.7836,10837.0,0.7837,14462.0,0.7837,590354428.0,473489060.574
1753460963998,16:29:23.998,ADA/USDT:USDT,0.7836,10837.0,0.7837,13441.0,0.7837,590354428.0,473489060.574
1753460964298,16:29:24.298,ADA/USDT:USDT,0.7836,4111.0,0.7837,13441.0,0.7837,590354428.0,473489060.574
1753460964397,16:29:24.397,ADA/USDT:USDT,0.7836,4111.0,0.7837,13442.0,0.7837,590354428.0,473489060.574
1753460964698,16:29:24.698,ADA/USDT:USDT,0.7836,10837.0,0.7837,6716.0,0.7837,590354428.0,473489060.574
1753460964797,16:29:24.797,ADA/USDT:USDT,0.7836,12753.0,0.7837,6716.0,0.7837,590354428.0,473489060.574
1753460964897,16:29:24.897,ADA/USDT:USDT,0.7836,27414.0,0.7837,6198.0,0.7837,590354428.0,473489060.574
1753460964997,16:29:24.997,ADA/USDT:USDT,0.7836,20565.0,0.7837,6198.0,0.7837,590354428.0,473489060.574
1753460965098,16:29:25.098,ADA/USDT:USDT,0.7836,20565.0,0.7837,6280.0,0.7837,590354428.0,473489060.574
1753460965197,16:29:25.197,ADA/USDT:USDT,0.7836,12756.0,0.7837,6854.0,0.7837,590354428.0,473489060.574
1753460965297,16:29:25.297,ADA/USDT:USDT,0.7836,10840.0,0.7837,15117.0,0.7837,590354428.0,473489060.574
1753460965397,16:29:25.397,ADA/USDT:USDT,0.7836,4114.0,0.7837,13580.0,0.7837,590354428.0,473489060.574
1753460965598,16:29:25.598,ADA/USDT:USDT,0.7836,4114.0,0.7837,16519.0,0.7837,590354428.0,473489060.574
1753460965898,16:29:25.898,ADA/USDT:USDT,0.7836,4108.0,0.7837,16661.0,0.7837,590354428.0,473489060.574
1753460965997,16:29:25.997,ADA/USDT:USDT,0.7836,3426.0,0.7837,18798.0,0.7837,590354428.0,473489060.574
1753460966097,16:29:26.097,ADA/USDT:USDT,0.7835,11595.0,0.7836,54983.0,0.7836,590357854.0,473491745.1876
1753460966197,16:29:26.197,ADA/USDT:USDT,0.7835,14629.0,0.7836,33134.0,0.7836,590357854.0,473491745.1876
1753460966298,16:29:26.298,ADA/USDT:USDT,0.7835,21355.0,0.7836,24082.0,0.7836,590357854.0,473491745.1876
1753460966397,16:29:26.397,ADA/USDT:USDT,0.7835,24399.0,0.7836,10320.0,0.7836,590357854.0,473491745.1876
1753460966497,16:29:26.497,ADA/USDT:USDT,0.7835,24399.0,0.7836,4081.0,0.7836,590357854.0,473491745.1876
1753460966897,16:29:26.897,ADA/USDT:USDT,0.7835,24399.0,0.7836,4081.0,0.7836,590357854.0,473491745.1876
1753460967097,16:29:27.097,ADA/USDT:USDT,0.7836,33208.0,0.7837,5740.0,0.7836,590358485.0,473492239.6392
1753460967197,16:29:27.197,ADA/USDT:USDT,0.7837,17552.0,0.7838,7370.0,0.7837,590358711.0,473492416.7554
1753460967298,16:29:27.298,ADA/USDT:USDT,0.7837,17008.0,0.7838,6842.0,0.7837,590358711.0,473492416.7554
1753460967397,16:29:27.397,ADA/USDT:USDT,0.7837,15886.0,0.7838,17254.0,0.7837,590358711.0,473492416.7554
1753460967497,16:29:27.497,ADA/USDT:USDT,0.7837,9162.0,0.7838,25471.0,0.7837,590358711.0,473492416.7554
1753460967597,16:29:27.597,ADA/USDT:USDT,0.7837,2566.0,0.7838,25471.0,0.7837,590358711.0,473492416.7554
1753460967697,16:29:27.697,ADA/USDT:USDT,0.7837,9974.0,0.7838,23980.0,0.7837,590358711.0,473492416.7554
1753460967797,16:29:27.797,ADA/USDT:USDT,0.7837,11732.0,0.7838,8619.0,0.7837,590358711.0,473492416.7554
1753460967897,16:29:27.897,ADA/USDT:USDT,0.7837,25167.0,0.7838,5522.0,0.7837,590358711.0,473492416.7554
1753460967998,16:29:27.998,ADA/USDT:USDT,0.7837,23674.0,0.7838,5522.0,0.7837,590358711.0,473492416.7554
1753460968097,16:29:28.097,ADA/USDT:USDT,0.7837,16121.0,0.7838,6204.0,0.7837,590358711.0,473492416.7554
1753460968197,16:29:28.197,ADA/USDT:USDT,0.7837,10636.0,0.7838,7916.0,0.7837,590358711.0,473492416.7554
1753460968298,16:29:28.298,ADA/USDT:USDT,0.7837,10637.0,0.7838,7916.0,0.7837,590358711.0,473492416.7554
1753460968597,16:29:28.597,ADA/USDT:USDT,0.7837,16151.0,0.7838,7916.0,0.7837,590358711.0,473492416.7554
1753460968697,16:29:28.697,ADA/USDT:USDT,0.7837,9955.0,0.7838,17053.0,0.7837,590358711.0,473492416.7554
1753460968797,16:29:28.797,ADA/USDT:USDT,0.7837,10637.0,0.7838,17053.0,0.7837,590358711.0,473492416.7554
1753460968897,16:29:28.897,ADA/USDT:USDT,0.7837,10637.0,0.7838,10327.0,0.7837,590358711.0,473492416.7554
1753460968997,16:29:28.997,ADA/USDT:USDT,0.7837,16376.0,0.7838,6778.0,0.7837,590358711.0,473492416.7554
1753460969097,16:29:29.097,ADA/USDT:USDT,0.7838,725.0,0.7839,17395.0,0.7838,590359293.0,473492872.927
1753460969197,16:29:29.197,ADA/USDT:USDT,0.7838,21317.0,0.7839,8085.0,0.7838,590359293.0,473492872.927
1753460969297,16:29:29.297,ADA/USDT:USDT,0.7838,21313.0,0.7839,7403.0,0.7838,590359293.0,473492872.927
1753460969397,16:29:29.397,ADA/USDT:USDT,0.7838,21313.0,0.7839,7485.0,0.7838,590359293.0,473492872.927
1753460969697,16:29:29.697,ADA/USDT:USDT,0.7838,21313.0,0.7839,6803.0,0.7838,590359293.0,473492872.927
1753460969997,16:29:29.997,ADA/USDT:USDT,0.7838,36009.0,0.7839,79.0,0.7838,590359293.0,473492872.927
1753460970098,16:29:30.098,ADA/USDT:USDT,0.7839,18250.0,0.784,7773.0,0.7839,590359372.0,473492934.8551
1753460970197,16:29:30.197,ADA/USDT:USDT,0.7839,23720.0,0.784,6191.0,0.7839,590359372.0,473492934.8551
1753460970297,16:29:30.297,ADA/USDT:USDT,0.7839,22259.0,0.784,6191.0,0.7839,590359372.0,473492934.8551
1753460970398,16:29:30.398,ADA/USDT:USDT,0.7839,36038.0,0.784,618.0,0.784,590359424.0,473492975.6231
1753460970497,16:29:30.497,ADA/USDT:USDT,0.7839,27538.0,0.784,618.0,0.784,590359424.0,473492975.6231
1753460970598,16:29:30.598,ADA/USDT:USDT,0.7839,27118.0,0.784,618.0,0.784,590359424.0,473492975.6231
1753460970798,16:29:30.798,ADA/USDT:USDT,0.7839,27101.0,0.784,618.0,0.784,590359424.0,473492975.6231
1753460970898,16:29:30.898,ADA/USDT:USDT,0.7839,24537.0,0.784,14894.0,0.784,590359424.0,473492975.6231
1753460970997,16:29:30.997,ADA/USDT:USDT,0.7838,9856.0,0.7839,22212.0,0.7839,590363676.0,473496308.7659
1753460971097,16:29:31.097,ADA/USDT:USDT,0.7838,1282.0,0.7839,45662.0,0.7839,590363676.0,473496308.7659
1753460971197,16:29:31.197,ADA/USDT:USDT,0.7838,8053.0,0.7839,11094.0,0.7839,590363676.0,473496308.7659
1753460971298,16:29:31.298,ADA/USDT:USDT,0.7838,9967.0,0.7839,11094.0,0.7839,590363676.0,473496308.7659
1753460971397,16:29:31.397,ADA/USDT:USDT,0.7838,9972.0,0.7839,11094.0,0.7839,590363676.0,473496308.7659
1753460971497,16:29:31.497,ADA/USDT:USDT,0.7838,33100.0,0.7839,9687.0,0.7839,590363676.0,473496308.7659
1753460971598,16:29:31.598,ADA/USDT:USDT,0.7838,30218.0,0.7839,10369.0,0.7839,590363676.0,473496308.7659
1753460971697,16:29:31.697,ADA/USDT:USDT,0.7838,26501.0,0.7839,10369.0,0.7839,590363676.0,473496308.7659
1753460971797,16:29:31.797,ADA/USDT:USDT,0.7838,26501.0,0.7839,4173.0,0.7839,590363676.0,473496308.7659
1753460971898,16:29:31.898,ADA/USDT:USDT,0.7838,26497.0,0.7839,10369.0,0.7839,590363676.0,473496308.7659
1753460971997,16:29:31.997,ADA/USDT:USDT,0.7838,10010.0,0.7839,12449.0,0.7839,590363676.0,473496308.7659
1753460972097,16:29:32.097,ADA/USDT:USDT,0.7838,10015.0,0.7839,16115.0,0.7839,590363676.0,473496308.7659
1753460972197,16:29:32.197,ADA/USDT:USDT,0.7838,2607.0,0.7839,16141.0,0.7839,590363676.0,473496308.7659
1753460972297,16:29:32.297,ADA/USDT:USDT,0.7838,769.0,0.7839,16141.0,0.7839,590363676.0,473496308.7659
1753460972398,16:29:32.398,ADA/USDT:USDT,0.7838,769.0,0.7839,16715.0,0.7839,590363676.0,473496308.7659
1753460972497,16:29:32.497,ADA/USDT:USDT,0.7838,769.0,0.7839,16689.0,0.7839,590363676.0,473496308.7659
1753460972597,16:29:32.597,ADA/USDT:USDT,0.7837,2566.0,0.7838,66253.0,0.7838,590364445.0,473496911.5081
1753460972697,16:29:32.697,ADA/USDT:USDT,0.7837,7378.0,0.7838,60243.0,0.7838,590364445.0,473496911.5081
1753460972797,16:29:32.797,ADA/USDT:USDT,0.7837,652.0,0.7838,36802.0,0.7838,590364445.0,473496911.5081
1753460972897,16:29:32.897,ADA/USDT:USDT,0.7837,9976.0,0.7838,28376.0,0.7838,590364445.0,473496911.5081
1753460972997,16:29:32.997,ADA/USDT:USDT,0.7837,9336.0,0.7838,28976.0,0.7838,590364445.0,473496911.5081
1753460973097,16:29:33.097,ADA/USDT:USDT,0.7837,14216.0,0.7838,16325.0,0.7838,590364445.0,473496911.5081
1753460973197,16:29:33.197,ADA/USDT:USDT,0.7837,11890.0,0.7838,16325.0,0.7838,590364445.0,473496911.5081
1753460973297,16:29:33.297,ADA/USDT:USDT,0.7837,13086.0,0.7838,16325.0,0.7838,590364445.0,473496911.5081
1753460973397,16:29:33.397,ADA/USDT:USDT,0.7837,9974.0,0.7838,16325.0,0.7838,590364445.0,473496911.5081
1753460973497,16:29:33.497,ADA/USDT:USDT,0.7837,3248.0,0.7838,17765.0,0.7838,590364445.0,473496911.5081
1753460973597,16:29:33.597,ADA/USDT:USDT,0.7837,1290.0,0.7838,23019.0,0.7838,590364445.0,473496911.5081
1753460973697,16:29:33.697,ADA/USDT:USDT,0.7837,1278.0,0.7838,32019.0,0.7838,590364445.0,473496911.5081
1753460973797,16:29:33.797,ADA/USDT:USDT,0.7837,8686.0,0.7838,16325.0,0.7838,590364445.0,473496911.5081
1753460973897,16:29:33.897,ADA/USDT:USDT,0.7837,10602.0,0.7838,15758.0,0.7838,590364445.0,473496911.5081
1753460974097,16:29:34.097,ADA/USDT:USDT,0.7837,19649.0,0.7838,15758.0,0.7838,590364445.0,473496911.5081
1753460974197,16:29:34.197,ADA/USDT:USDT,0.7837,10602.0,0.7838,15758.0,0.7838,590364445.0,473496911.5081
1753460974297,16:29:34.297,ADA/USDT:USDT,0.7837,18013.0,0.7838,7360.0,0.7838,590364558.0,473497000.0775
1753460974397,16:29:34.397,ADA/USDT:USDT,0.7837,16589.0,0.7838,6151.0,0.7838,590364558.0,473497000.0775
1753460974497,16:29:34.497,ADA/USDT:USDT,0.7837,16589.0,0.7838,68.0,0.7838,590364558.0,473497000.0775
1753460974597,16:29:34.597,ADA/USDT:USDT,0.7837,16573.0,0.7838,5600.0,0.7838,590364558.0,473497000.0775
1753460974697,16:29:34.697,ADA/USDT:USDT,0.7837,16573.0,0.7838,6151.0,0.7838,590364558.0,473497000.0775
1753460974997,16:29:34.997,ADA/USDT:USDT,0.7837,16573.0,0.7838,637.0,0.7838,590364558.0,473497000.0775
1753460975398,16:29:35.398,ADA/USDT:USDT,0.7837,18229.0,0.7838,627.0,0.7838,590364558.0,473497000.0775
1753460975597,16:29:35.597,ADA/USDT:USDT,0.7837,9606.0,0.7838,11777.0,0.7838,590364558.0,473497000.0775
1753460975697,16:29:35.697,ADA/USDT:USDT,0.7837,17281.0,0.7838,10327.0,0.7838,590364558.0,473497000.0775
1753460975797,16:29:35.797,ADA/USDT:USDT,0.7837,18715.0,0.7838,627.0,0.7838,590364558.0,473497000.0775
1753460975997,16:29:35.997,ADA/USDT:USDT,0.7837,20139.0,0.7838,627.0,0.7838,590364558.0,473497000.0775
1753460976097,16:29:36.097,ADA/USDT:USDT,0.7837,18715.0,0.7838,627.0,0.7838,590364558.0,473497000.0775
1753460976197,16:29:36.197,ADA/USDT:USDT,0.7837,18854.0,0.7838,627.0,0.7838,590364558.0,473497000.0775
1753460976297,16:29:36.297,ADA/USDT:USDT,0.7837,20278.0,0.7838,627.0,0.7838,590364558.0,473497000.0775
1753460976397,16:29:36.397,ADA/USDT:USDT,0.7838,28148.0,0.7839,9279.0,0.7838,590365185.0,473497491.5201
1753460976498,16:29:36.498,ADA/USDT:USDT,0.7838,30062.0,0.7839,7331.0,0.7838,590365185.0,473497491.5201
1753460976597,16:29:36.597,ADA/USDT:USDT,0.7838,30062.0,0.7839,6731.0,0.7838,590365185.0,473497491.5201
1753460976697,16:29:36.697,ADA/USDT:USDT,0.7838,30062.0,0.7839,1210.0,0.7838,590365185.0,473497491.5201
1753460976897,16:29:36.897,ADA/USDT:USDT,0.7838,30062.0,0.7839,6724.0,0.7838,590365185.0,473497491.5201
1753460977297,16:29:37.297,ADA/USDT:USDT,0.7838,2849.0,0.7839,23209.0,0.7838,590365185.0,473497491.5201
1753460977397,16:29:37.397,ADA/USDT:USDT,0.7838,2851.0,0.7839,18030.0,0.7838,590365185.0,473497491.5201
1753460977498,16:29:37.498,ADA/USDT:USDT,0.7838,4127.0,0.7839,18030.0,0.7838,590365185.0,473497491.5201
1753460977697,16:29:37.697,ADA/USDT:USDT,0.7837,2041.0,0.7838,45079.0,0.7838,590366874.0,473498815.3583
1753460977797,16:29:37.797,ADA/USDT:USDT,0.7837,1403.0,0.7838,49750.0,0.7838,590366874.0,473498815.3583
1753460977897,16:29:37.897,ADA/USDT:USDT,0.7837,1403.0,0.7838,49968.0,0.7838,590366874.0,473498815.3583
1753460977997,16:29:37.997,ADA/USDT:USDT,0.7837,3319.0,0.7838,45075.0,0.7838,590366874.0,473498815.3583
1753460978097,16:29:38.097,ADA/USDT:USDT,0.7837,3319.0,0.7838,41149.0,0.7838,590366874.0,473498815.3583
1753460978297,16:29:38.297,ADA/USDT:USDT,0.7837,6917.0,0.7838,29504.0,0.7838,590366874.0,473498815.3583
1753460978397,16:29:38.397,ADA/USDT:USDT,0.7837,7555.0,0.7838,30104.0,0.7838,590366874.0,473498815.3583
1753460978597,16:29:38.597,ADA/USDT:USDT,0.7837,7668.0,0.7838,30104.0,0.7838,590366874.0,473498815.3583
1753460978697,16:29:38.697,ADA/USDT:USDT,0.7838,26658.0,0.7839,7293.0,0.7838,590371647.0,473502556.4357
1753460978798,16:29:38.798,ADA/USDT:USDT,0.7838,21460.0,0.7839,7771.0,0.7838,590371647.0,473502556.4357
1753460978897,16:29:38.897,ADA/USDT:USDT,0.7838,16195.0,0.7839,7771.0,0.7838,590371647.0,473502556.4357
1753460978997,16:29:38.997,ADA/USDT:USDT,0.7838,16199.0,0.7839,7771.0,0.7838,590371647.0,473502556.4357
1753460979297,16:29:39.297,ADA/USDT:USDT,0.7838,16965.0,0.7839,7771.0,0.7838,590371647.0,473502556.4357
1753460979397,16:29:39.397,ADA/USDT:USDT,0.7838,16961.0,0.7839,7771.0,0.7838,590371647.0,473502556.4357
1753460979698,16:29:39.698,ADA/USDT:USDT,0.7838,16961.0,0.7839,7708.0,0.7839,590371710.0,473502605.8214
1753460979797,16:29:39.797,ADA/USDT:USDT,0.7838,16961.0,0.7839,7708.0,0.7839,590371710.0,473502605.8214
1753460979997,16:29:39.997,ADA/USDT:USDT,0.7838,16961.0,0.7839,7139.0,0.7839,590371710.0,473502605.8214
1753460980197,16:29:40.197,ADA/USDT:USDT,0.7838,16961.0,0.7839,1635.0,0.7839,590371710.0,473502605.8214
1753460980298,16:29:40.298,ADA/USDT:USDT,0.7839,30635.0,0.784,6821.0,0.7839,590373345.0,473503887.4979
1753460980397,16:29:40.397,ADA/USDT:USDT,0.7839,30635.0,0.784,6132.0,0.7839,590373345.0,473503887.4979
1753460980498,16:29:40.498,ADA/USDT:USDT,0.7839,29178.0,0.784,618.0,0.7839,590373345.0,473503887.4979
1753460980597,16:29:40.597,ADA/USDT:USDT,0.784,48970.0,0.7841,6992.0,0.784,590374363.0,473504685.6099
1753460980697,16:29:40.697,ADA/USDT:USDT,0.7841,29275.0,0.7842,7072.0,0.7841,590374631.0,473504895.7487
1753460980797,16:29:40.797,ADA/USDT:USDT,0.7841,30413.0,0.7842,6289.0,0.7841,590374631.0,473504895.7487
1753460980898,16:29:40.898,ADA/USDT:USDT,0.7841,31850.0,0.7842,93.0,0.7841,590374631.0,473504895.7487
1753460980997,16:29:40.997,ADA/USDT:USDT,0.7841,16762.0,0.7842,9744.0,0.7841,590374631.0,473504895.7487
1753460981097,16:29:41.097,ADA/USDT:USDT,0.7841,2180.0,0.7842,25975.0,0.7841,590374631.0,473504895.7487
1753460981197,16:29:41.197,ADA/USDT:USDT,0.784,8120.0,0.7841,63482.0,0.7841,590377000.0,473506753.2816
1753460981298,16:29:41.298,ADA/USDT:USDT,0.784,13445.0,0.7841,46486.0,0.7841,590377000.0,473506753.2816
1753460981397,16:29:41.397,ADA/USDT:USDT,0.784,17646.0,0.7841,9687.0,0.7841,590377000.0,473506753.2816
1753460981498,16:29:41.498,ADA/USDT:USDT,0.784,17646.0,0.7841,10256.0,0.7841,590377000.0,473506753.2816
1753460981597,16:29:41.597,ADA/USDT:USDT,0.784,16506.0,0.7841,10256.0,0.784,590377238.0,473506939.8736
1753460981697,16:29:41.697,ADA/USDT:USDT,0.784,16506.0,0.7841,10256.0,0.784,590377238.0,473506939.8736
1753460981797,16:29:41.797,ADA/USDT:USDT,0.784,15121.0,0.7841,10256.0,0.784,590377238.0,473506939.8736
1753460981897,16:29:41.897,ADA/USDT:USDT,0.784,15121.0,0.7841,13456.0,0.784,590377238.0,473506939.8736
1753460981997,16:29:41.997,ADA/USDT:USDT,0.784,15121.0,0.7841,10256.0,0.784,590377238.0,473506939.8736
1753460982097,16:29:42.097,ADA/USDT:USDT,0.784,16268.0,0.7841,10256.0,0.784,590377238.0,473506939.8736
1753460982198,16:29:42.198,ADA/USDT:USDT,0.784,16268.0,0.7841,10256.0,0.784,590377238.0,473506939.8736
1753460982497,16:29:42.497,ADA/USDT:USDT,0.784,19038.0,0.7841,10256.0,0.784,590377238.0,473506939.8736
1753460982597,16:29:42.597,ADA/USDT:USDT,0.7841,34495.0,0.7842,8072.0,0.7841,590381411.0,473510211.9229
1753460982698,16:29:42.698,ADA/USDT:USDT,0.7841,36047.0,0.7842,6855.0,0.7841,590381411.0,473510211.9229
1753460982797,16:29:42.797,ADA/USDT:USDT,0.7841,36057.0,0.7842,6855.0,0.7841,590381411.0,473510211.9229
1753460982897,16:29:42.897,ADA/USDT:USDT,0.7841,36057.0,0.7842,7824.0,0.7841,590381411.0,473510211.9229
1753460982997,16:29:42.997,ADA/USDT:USDT,0.7841,38895.0,0.7842,176.0,0.7841,590381411.0,473510211.9229
1753460983097,16:29:43.097,ADA/USDT:USDT,0.7841,34937.0,0.7842,5690.0,0.7841,590381411.0,473510211.9229
1753460983197,16:29:43.197,ADA/USDT:USDT,0.7841,925.0,0.7842,34046.0,0.7841,590381411.0,473510211.9229
1753460983297,16:29:43.297,ADA/USDT:USDT,0.7841,10.0,0.7842,37834.0,0.7841,590381411.0,473510211.9229
1753460983498,16:29:43.498,ADA/USDT:USDT,0.7841,10.0,0.7842,38312.0,0.7841,590381411.0,473510211.9229
1753460983597,16:29:43.597,ADA/USDT:USDT,0.7841,8045.0,0.7842,33105.0,0.7841,590381411.0,473510211.9229
1753460983698,16:29:43.698,ADA/USDT:USDT,0.7841,9319.0,0.7842,33105.0,0.7841,590381411.0,473510211.9229
1753460983797,16:29:43.797,ADA/USDT:USDT,0.7841,1274.0,0.7842,33105.0,0.7841,590381411.0,473510211.9229
1753460983897,16:29:43.897,ADA/USDT:USDT,0.7841,359.0,0.7842,33105.0,0.7841,590381411.0,473510211.9229
1753460983997,16:29:43.997,ADA/USDT:USDT,0.784,18866.0,0.7841,9076.0,0.7841,590381770.0,473510493.4148
1753460984097,16:29:44.097,ADA/USDT:USDT,0.784,18832.0,0.7841,6196.0,0.7841,590381770.0,473510493.4148
1753460984398,16:29:44.398,ADA/USDT:USDT,0.784,18825.0,0.7841,6196.0,0.7841,590381770.0,473510493.4148
1753460984498,16:29:44.498,ADA/USDT:USDT,0.784,18825.0,0.7841,6190.0,0.7841,590381776.0,473510498.1194
1753460984597,16:29:44.597,ADA/USDT:USDT,0.784,18825.0,0.7841,6077.0,0.7841,590002335.0,473201080.0464
1753460985197,16:29:45.197,ADA/USDT:USDT,0.7841,16296.0,0.7842,10324.0,0.7841,590002335.0,473201080.0464
1753460985298,16:29:45.298,ADA/USDT:USDT,0.7841,17570.0,0.7842,9950.0,0.7841,590002335.0,473201080.0464
1753460985397,16:29:45.397,ADA/USDT:USDT,0.7841,16218.0,0.7842,9943.0,0.7841,590002335.0,473201080.0464
1753460985498,16:29:45.498,ADA/USDT:USDT,0.7841,16218.0,0.7842,9943.0,0.7841,590002335.0,473201080.0464
1753460985698,16:29:45.698,ADA/USDT:USDT,0.7841,14302.0,0.7842,10421.0,0.7841,590002335.0,473201080.0464
1753460985897,16:29:45.897,ADA/USDT:USDT,0.7841,4787.0,0.7842,12501.0,0.7841,590002335.0,473201080.0464
1753460985997,16:29:45.997,ADA/USDT:USDT,0.7841,4150.0,0.7842,12501.0,0.7841,590002335.0,473201080.0464
1753460986097,16:29:46.097,ADA/USDT:USDT,0.7841,1552.0,0.7842,29100.0,0.7841,590002335.0,473201080.0464
1753460986197,16:29:46.197,ADA/USDT:USDT,0.784,11146.0,0.7841,30272.0,0.7841,590003995.0,473202381.6524
1753460986297,16:29:46.297,ADA/USDT:USDT,0.7839,7478.0,0.784,56574.0,0.784,590015141.0,473211120.1164
1753460986397,16:29:46.397,ADA/USDT:USDT,0.7839,8491.0,0.784,37262.0,0.784,590015141.0,473211120.1164
1753460986497,16:29:46.497,ADA/USDT:USDT,0.7839,29060.0,0.784,5914.0,0.784,590015141.0,473211120.1164
1753460986597,16:29:46.597,ADA/USDT:USDT,0.7839,29697.0,0.784,6196.0,0.784,590015141.0,473211120.1164
1753460986697,16:29:46.697,ADA/USDT:USDT,0.7839,24781.0,0.784,9549.0,0.784,590015141.0,473211120.1164
1753460986797,16:29:46.797,ADA/USDT:USDT,0.7839,2932.0,0.784,25995.0,0.784,590015141.0,473211120.1164
1753460986897,16:29:46.897,ADA/USDT:USDT,0.7839,2474.0,0.784,26250.0,0.784,590015141.0,473211120.1164
1753460986997,16:29:46.997,ADA/USDT:USDT,0.7838,40.0,0.7839,26353.0,0.7839,590017615.0,473213059.485
1753460987097,16:29:47.097,ADA/USDT:USDT,0.7836,16656.0,0.7837,9001.0,0.7837,590029361.0,473222264.8292
1753460987197,16:29:47.197,ADA/USDT:USDT,0.7836,22.0,0.7837,41845.0,0.7837,590029361.0,473222264.8292
1753460987297,16:29:47.297,ADA/USDT:USDT,0.7835,16.0,0.7836,52484.0,0.7836,590029383.0,473222282.0684
1753460987398,16:29:47.398,ADA/USDT:USDT,0.7835,9.0,0.7836,53344.0,0.7836,590029383.0,473222282.0684
1753460987597,16:29:47.597,ADA/USDT:USDT,0.7835,9.0,0.7836,51904.0,0.7836,590029383.0,473222282.0684
1753460987697,16:29:47.697,ADA/USDT:USDT,0.7835,2669.0,0.7836,51368.0,0.7836,590029383.0,473222282.0684
1753460987797,16:29:47.797,ADA/USDT:USDT,0.7835,2669.0,0.7836,43860.0,0.7836,590029383.0,473222282.0684
1753460987898,16:29:47.898,ADA/USDT:USDT,0.7835,691.0,0.7836,47648.0,0.7836,590029383.0,473222282.0684
1753460987997,16:29:47.997,ADA/USDT:USDT,0.7835,691.0,0.7836,50083.0,0.7836,590029383.0,473222282.0684
1753460988098,16:29:48.098,ADA/USDT:USDT,0.7835,691.0,0.7836,49809.0,0.7836,590029383.0,473222282.0684
1753460988197,16:29:48.197,ADA/USDT:USDT,0.7835,691.0,0.7836,49809.0,0.7836,590029383.0,473222282.0684
1753460988298,16:29:48.298,ADA/USDT:USDT,0.7835,2669.0,0.7836,40897.0,0.7836,590029383.0,473222282.0684
1753460988397,16:29:48.397,ADA/USDT:USDT,0.7835,2738.0,0.7836,40897.0,0.7836,590029383.0,473222282.0684
1753460988497,16:29:48.497,ADA/USDT:USDT,0.7835,20948.0,0.7836,9289.0,0.7836,590029383.0,473222282.0684
1753460988597,16:29:48.597,ADA/USDT:USDT,0.7835,24414.0,0.7836,2776.0,0.7836,590029383.0,473222282.0684
1753460988697,16:29:48.697,ADA/USDT:USDT,0.7835,21586.0,0.7836,7685.0,0.7836,590029383.0,473222282.0684
1753460988797,16:29:48.797,ADA/USDT:USDT,0.7835,21710.0,0.7836,5524.0,0.7836,590029383.0,473222282.0684
1753460988997,16:29:48.997,ADA/USDT:USDT,0.7836,34660.0,0.7837,605.0,0.7836,590029393.0,473222289.9044
1753460989097,16:29:49.097,ADA/USDT:USDT,0.7837,10024.0,0.7838,9505.0,0.7836,590029393.0,473222289.9044
1753460989197,16:29:49.197,ADA/USDT:USDT,0.7837,10024.0,0.7838,7262.0,0.7836,590029393.0,473222289.9044
1753460989398,16:29:49.398,ADA/USDT:USDT,0.7837,10024.0,0.7838,7255.0,0.7836,590029393.0,473222289.9044
1753460989497,16:29:49.497,ADA/USDT:USDT,0.7837,20432.0,0.7838,6777.0,0.7836,590029393.0,473222289.9044
1753460989597,16:29:49.597,ADA/USDT:USDT,0.7837,20546.0,0.7838,6172.0,0.7836,590029393.0,473222289.9044
1753460989697,16:29:49.697,ADA/USDT:USDT,0.7837,20546.0,0.7838,5581.0,0.7836,590029393.0,473222289.9044
1753460989798,16:29:49.798,ADA/USDT:USDT,0.7837,23338.0,0.7838,67.0,0.7836,590029393.0,473222289.9044
1753460989897,16:29:49.897,ADA/USDT:USDT,0.7837,20546.0,0.7838,6059.0,0.7836,590029393.0,473222289.9044
1753460989997,16:29:49.997,ADA/USDT:USDT,0.7838,31138.0,0.7839,6119.0,0.7838,590029938.0,473222717.0754
1753460990097,16:29:50.097,ADA/USDT:USDT,0.7838,33161.0,0.7839,5514.0,0.7838,590029938.0,473222717.0754
1753460990197,16:29:50.197,ADA/USDT:USDT,0.7838,8045.0,0.7839,22109.0,0.7838,590029938.0,473222717.0754
1753460990297,16:29:50.297,ADA/USDT:USDT,0.7837,11842.0,0.7838,50418.0,0.7838,590029938.0,473222717.0754
1753460990398,16:29:50.398,ADA/USDT:USDT,0.7837,11194.0,0.7838,45789.0,0.7838,590029938.0,473222717.0754
1753460990497,16:29:50.497,ADA/USDT:USDT,0.7837,25402.0,0.7838,23496.0,0.7838,590029938.0,473222717.0754
1753460990597,16:29:50.597,ADA/USDT:USDT,0.7837,25402.0,0.7838,23496.0,0.7838,590029938.0,473222717.0754
1753460990697,16:29:50.697,ADA/USDT:USDT,0.7837,24282.0,0.7838,23496.0,0.7838,590029938.0,473222717.0754
1753460990797,16:29:50.797,ADA/USDT:USDT,0.7837,18768.0,0.7838,25418.0,0.7838,590029938.0,473222717.0754
1753460990997,16:29:50.997,ADA/USDT:USDT,0.7837,12042.0,0.7838,25873.0,0.7838,590029938.0,473222717.0754
1753460991097,16:29:51.097,ADA/USDT:USDT,0.7837,11404.0,0.7838,25873.0,0.7838,590029938.0,473222717.0754
1753460991198,16:29:51.198,ADA/USDT:USDT,0.7837,11404.0,0.7838,25873.0,0.7838,590029938.0,473222717.0754
1753460991298,16:29:51.298,ADA/USDT:USDT,0.7837,11404.0,0.7838,28368.0,0.7838,590029938.0,473222717.0754
1753460991397,16:29:51.397,ADA/USDT:USDT,0.7837,18768.0,0.7838,26982.0,0.7838,590029938.0,473222717.0754
1753460991497,16:29:51.497,ADA/USDT:USDT,0.7837,21942.0,0.7838,9408.0,0.7838,590029938.0,473222717.0754
1753460991597,16:29:51.597,ADA/USDT:USDT,0.7838,33984.0,0.7839,6119.0,0.7838,590031502.0,473223942.9386
1753460991697,16:29:51.697,ADA/USDT:USDT,0.7838,32054.0,0.7839,5514.0,0.7838,590031502.0,473223942.9386
1753460991798,16:29:51.798,ADA/USDT:USDT,0.7839,12922.0,0.784,18256.0,0.7838,590031502.0,473223942.9386
1753460991897,16:29:51.897,ADA/USDT:USDT,0.7839,13559.0,0.784,7941.0,0.784,590031591.0,473224012.7146
1753460991997,16:29:51.997,ADA/USDT:USDT,0.7839,8045.0,0.784,33445.0,0.784,590031591.0,473224012.7146
1753460992098,16:29:52.098,ADA/USDT:USDT,0.7839,682.0,0.784,25619.0,0.784,590031591.0,473224012.7146
1753460992197,16:29:52.197,ADA/USDT:USDT,0.7839,7408.0,0.784,10021.0,0.784,590031591.0,473224012.7146
1753460992297,16:29:52.297,ADA/USDT:USDT,0.7839,8045.0,0.784,10021.0,0.784,590031591.0,473224012.7146
1753460992398,16:29:52.398,ADA/USDT:USDT,0.7839,14131.0,0.784,7934.0,0.784,590031591.0,473224012.7146
1753460992497,16:29:52.497,ADA/USDT:USDT,0.7839,28006.0,0.784,4060.0,0.784,590031591.0,473224012.7146
1753460992597,16:29:52.597,ADA/USDT:USDT,0.784,21116.0,0.7841,6459.0,0.784,590032204.0,473224493.3066
1753460992697,16:29:52.697,ADA/USDT:USDT,0.784,21116.0,0.7841,7478.0,0.784,590032204.0,473224493.3066
1753460992997,16:29:52.997,ADA/USDT:USDT,0.784,21127.0,0.7841,7478.0,0.784,590032204.0,473224493.3066
1753460993098,16:29:53.098,ADA/USDT:USDT,0.784,21127.0,0.7841,11130.0,0.784,590032204.0,473224493.3066
1753460993197,16:29:53.197,ADA/USDT:USDT,0.784,8616.0,0.7841,13578.0,0.784,590032204.0,473224493.3066
1753460993297,16:29:53.297,ADA/USDT:USDT,0.784,8616.0,0.7841,12565.0,0.784,590032204.0,473224493.3066
1753460993497,16:29:53.497,ADA/USDT:USDT,0.784,14130.0,0.7841,7319.0,0.784,590032204.0,473224493.3066
1753460993698,16:29:53.698,ADA/USDT:USDT,0.784,16069.0,0.7841,6637.0,0.784,590032204.0,473224493.3066
1753460993797,16:29:53.797,ADA/USDT:USDT,0.784,16071.0,0.7841,6637.0,0.784,590032204.0,473224493.3066
1753460993997,16:29:53.997,ADA/USDT:USDT,0.784,33667.0,0.7841,6159.0,0.784,590032204.0,473224493.3066
1753460994097,16:29:54.097,ADA/USDT:USDT,0.784,31728.0,0.7841,6169.0,0.784,590032204.0,473224493.3066
1753460994198,16:29:54.198,ADA/USDT:USDT,0.784,31728.0,0.7841,6169.0,0.784,590032204.0,473224493.3066
1753460994297,16:29:54.297,ADA/USDT:USDT,0.784,33108.0,0.7841,6159.0,0.784,590032204.0,473224493.3066
1753460994397,16:29:54.397,ADA/USDT:USDT,0.784,31728.0,0.7841,5532.0,0.784,590032204.0,473224493.3066
1753460994497,16:29:54.497,ADA/USDT:USDT,0.784,31944.0,0.7841,645.0,0.784,590032204.0,473224493.3066
1753460994598,16:29:54.598,ADA/USDT:USDT,0.784,31944.0,0.7841,5522.0,0.784,590032204.0,473224493.3066
1753460994697,16:29:54.697,ADA/USDT:USDT,0.784,33324.0,0.7841,6637.0,0.784,590032204.0,473224493.3066
1753460994798,16:29:54.798,ADA/USDT:USDT,0.784,32078.0,0.7841,6637.0,0.784,590032204.0,473224493.3066
1753460994997,16:29:54.997,ADA/USDT:USDT,0.784,923.0,0.7841,22446.0,0.784,590032204.0,473224493.3066
1753460995097,16:29:55.097,ADA/USDT:USDT,0.784,17404.0,0.7841,10781.0,0.784,590032204.0,473224493.3066
1753460995197,16:29:55.197,ADA/USDT:USDT,0.784,36673.0,0.7841,8.0,0.784,590032204.0,473224493.3066
1753460995298,16:29:55.298,ADA/USDT:USDT,0.784,44481.0,0.7841,8.0,0.784,590032204.0,473224493.3066
1753460995397,16:29:55.397,ADA/USDT:USDT,0.7841,36990.0,0.7842,7523.0,0.7841,590032212.0,473224499.5794
1753460995497,16:29:55.497,ADA/USDT:USDT,0.7841,38776.0,0.7842,2060.0,0.7841,590032212.0,473224499.5794
1753460995597,16:29:55.597,ADA/USDT:USDT,0.7842,27916.0,0.7843,6229.0,0.7842,590034272.0,473226115.0314
1753460995697,16:29:55.697,ADA/USDT:USDT,0.7842,18457.0,0.7843,18789.0,0.7842,590034272.0,473226115.0314
1753460995798,16:29:55.798,ADA/USDT:USDT,0.7842,664.0,0.7843,23480.0,0.7842,590034272.0,473226115.0314
1753460995897,16:29:55.897,ADA/USDT:USDT,0.7842,664.0,0.7843,22106.0,0.7842,590034272.0,473226115.0314
1753460995998,16:29:55.998,ADA/USDT:USDT,0.7842,7390.0,0.7843,22106.0,0.7842,590034272.0,473226115.0314
1753460996098,16:29:56.098,ADA/USDT:USDT,0.7842,7390.0,0.7843,20847.0,0.7842,590034272.0,473226115.0314
1753460996197,16:29:56.197,ADA/USDT:USDT,0.7842,8027.0,0.7843,13008.0,0.7842,590034272.0,473226115.0314
1753460996297,16:29:56.297,ADA/USDT:USDT,0.7842,13541.0,0.7843,6866.0,0.7842,590034272.0,473226115.0314
1753460996397,16:29:56.397,ADA/USDT:USDT,0.7842,16289.0,0.7843,6184.0,0.7842,590034272.0,473226115.0314
1753460996497,16:29:56.497,ADA/USDT:USDT,0.7842,16289.0,0.7843,5550.0,0.7842,590034272.0,473226115.0314
1753460996597,16:29:56.597,ADA/USDT:USDT,0.7842,13541.0,0.7843,6187.0,0.7842,590034272.0,473226115.0314
1753460996697,16:29:56.697,ADA/USDT:USDT,0.7842,10114.0,0.7843,7989.0,0.7842,590034272.0,473226115.0314
1753460996897,16:29:56.897,ADA/USDT:USDT,0.7842,10114.0,0.7843,7989.0,0.7842,590034272.0,473226115.0314
1753460997097,16:29:57.097,ADA/USDT:USDT,0.7842,8047.0,0.7843,8371.0,0.7842,590034272.0,473226115.0314
1753460997197,16:29:57.197,ADA/USDT:USDT,0.7842,13561.0,0.7843,8371.0,0.7842,590034272.0,473226115.0314
1753460997397,16:29:57.397,ADA/USDT:USDT,0.7842,16448.0,0.7843,6569.0,0.7842,590034272.0,473226115.0314
1753460997497,16:29:57.497,ADA/USDT:USDT,0.7842,26822.0,0.7843,5932.0,0.7842,590034272.0,473226115.0314
1753460997597,16:29:57.597,ADA/USDT:USDT,0.7843,23054.0,0.7844,8351.0,0.7843,590035327.0,473226942.4679
1753460997697,16:29:57.697,ADA/USDT:USDT,0.7843,8752.0,0.7844,13023.0,0.7843,590035327.0,473226942.4679
1753460997797,16:29:57.797,ADA/USDT:USDT,0.7843,8882.0,0.7844,11086.0,0.7843,590035327.0,473226942.4679
1753460997997,16:29:57.997,ADA/USDT:USDT,0.7843,8882.0,0.7844,11486.0,0.7843,590035327.0,473226942.4679
1753460998098,16:29:58.098,ADA/USDT:USDT,0.7843,8157.0,0.7844,15637.0,0.7843,590035327.0,473226942.4679
1753460998197,16:29:58.197,ADA/USDT:USDT,0.7843,794.0,0.7844,17008.0,0.7843,590035327.0,473226942.4679
1753460998297,16:29:58.297,ADA/USDT:USDT,0.7843,7520.0,0.7844,15637.0,0.7843,590035327.0,473226942.4679
1753460998397,16:29:58.397,ADA/USDT:USDT,0.7843,13034.0,0.7844,11486.0,0.7843,590035327.0,473226942.4679
1753460998497,16:29:58.497,ADA/USDT:USDT,0.7843,24478.0,0.7844,12983.0,0.7843,590035327.0,473226942.4679
1753460998597,16:29:58.597,ADA/USDT:USDT,0.7843,18964.0,0.7844,7358.0,0.7843,590035327.0,473226942.4679
1753460998698,16:29:58.698,ADA/USDT:USDT,0.7843,992.0,0.7844,15234.0,0.7843,590035327.0,473226942.4679
1753460998797,16:29:58.797,ADA/USDT:USDT,0.7843,7763.0,0.7844,15234.0,0.7843,590035327.0,473226942.4679
1753460999097,16:29:59.097,ADA/USDT:USDT,0.7843,14473.0,0.7844,13477.0,0.7843,590035327.0,473226942.4679
1753460999198,16:29:59.198,ADA/USDT:USDT,0.7843,15110.0,0.7844,8187.0,0.7843,590035327.0,473226942.4679
1753460999297,16:29:59.297,ADA/USDT:USDT,0.7843,11663.0,0.7844,8187.0,0.7843,590035327.0,473226942.4679
1753460999397,16:29:59.397,ADA/USDT:USDT,0.7843,9605.0,0.7844,8180.0,0.7843,590035327.0,473226942.4679
1753460999497,16:29:59.497,ADA/USDT:USDT,0.7843,1001.0,0.7844,23739.0,0.7843,590035327.0,473226942.4679
1753460999598,16:29:59.598,ADA/USDT:USDT,0.7843,1055.0,0.7844,30093.0,0.7843,590035327.0,473226942.4679
1753460999697,16:29:59.697,ADA/USDT:USDT,0.7843,1055.0,0.7844,28722.0,0.7843,590035327.0,473226942.4679
1753460999898,16:29:59.898,ADA/USDT:USDT,0.7843,1055.0,0.7844,30093.0,0.7843,590035327.0,473226942.4679
1753460999997,16:29:59.997,ADA/USDT:USDT,0.7843,1055.0,0.7844,28722.0,0.7843,590035327.0,473226942.4679
1753461000097,16:30:00.097,ADA/USDT:USDT,0.7841,28137.0,0.7842,16034.0,0.7842,590036393.0,473227778.4642
1753461000197,16:30:00.197,ADA/USDT:USDT,0.784,12240.0,0.7841,42775.0,0.784,590048800.0,473237506.6654
1753461000297,16:30:00.297,ADA/USDT:USDT,0.784,21922.0,0.7841,6753.0,0.784,590048800.0,473237506.6654
1753461000397,16:30:00.397,ADA/USDT:USDT,0.784,21922.0,0.7841,6835.0,0.784,590048800.0,473237506.6654
1753461000497,16:30:00.497,ADA/USDT:USDT,0.784,23171.0,0.7841,7906.0,0.784,590048800.0,473237506.6654
1753461000597,16:30:00.597,ADA/USDT:USDT,0.7842,42173.0,0.7844,8834.0,0.7844,590095565.0,473274185.6633
1753461000697,16:30:00.697,ADA/USDT:USDT,0.7843,42587.0,0.7844,5769.0,0.7844,590096095.0,473274601.3953
1753461000797,16:30:00.797,ADA/USDT:USDT,0.7843,9329.0,0.7844,25538.0,0.7843,590099106.0,473276962.9226
1753461000897,16:30:00.897,ADA/USDT:USDT,0.7843,2127.0,0.7844,16530.0,0.7844,590099361.0,473277162.9446
1753461000997,16:30:00.997,ADA/USDT:USDT,0.7843,1445.0,0.7844,20059.0,0.7844,590099375.0,473277173.9262
1753461001097,16:30:01.097,ADA/USDT:USDT,0.7842,9977.0,0.7843,58458.0,0.7843,590099624.0,473277369.2169
1753461001197,16:30:01.197,ADA/USDT:USDT,0.7842,23674.0,0.7843,5514.0,0.7843,590099624.0,473277369.2169
1753461001297,16:30:01.297,ADA/USDT:USDT,0.7842,24892.0,0.7843,5514.0,0.7843,590099624.0,473277369.2169
1753461001397,16:30:01.397,ADA/USDT:USDT,0.7843,36750.0,0.7844,5535.0,0.7843,590099624.0,473277369.2169
1753461001497,16:30:01.497,ADA/USDT:USDT,0.7843,26230.0,0.7844,1715.0,0.7843,590100024.0,473277682.9369
1753461001597,16:30:01.597,ADA/USDT:USDT,0.7843,21183.0,0.7844,5528.0,0.7843,590100024.0,473277682.9369
1753461001697,16:30:01.697,ADA/USDT:USDT,0.7843,21183.0,0.7844,14.0,0.7843,590100024.0,473277682.9369
1753461001797,16:30:01.797,ADA/USDT:USDT,0.7843,15449.0,0.7844,14752.0,0.7843,590100024.0,473277682.9369
1753461001898,16:30:01.898,ADA/USDT:USDT,0.7843,6990.0,0.7844,14752.0,0.7843,590100024.0,473277682.9369
1753461001997,16:30:01.997,ADA/USDT:USDT,0.7843,6990.0,0.7844,14752.0,0.7843,590100024.0,473277682.9369
1753461002097,16:30:02.097,ADA/USDT:USDT,0.7843,10803.0,0.7844,14752.0,0.7843,590100024.0,473277682.9369
1753461002197,16:30:02.197,ADA/USDT:USDT,0.7843,16214.0,0.7844,14.0,0.7843,590100024.0,473277682.9369
1753461002397,16:30:02.397,ADA/USDT:USDT,0.7844,682.0,0.7845,14553.0,0.7843,590100024.0,473277682.9369
1753461002497,16:30:02.497,ADA/USDT:USDT,0.7843,10803.0,0.7844,6616.0,0.7843,590100024.0,473277682.9369
1753461002598,16:30:02.598,ADA/USDT:USDT,0.7843,10803.0,0.7844,6616.0,0.7843,590100024.0,473277682.9369
1753461002697,16:30:02.697,ADA/USDT:USDT,0.7843,10803.0,0.7844,8696.0,0.7843,590100024.0,473277682.9369
1753461002797,16:30:02.797,ADA/USDT:USDT,0.7843,14891.0,0.7844,6616.0,0.7843,590100024.0,473277682.9369
1753461002897,16:30:02.897,ADA/USDT:USDT,0.7843,19128.0,0.7844,6616.0,0.7843,590100024.0,473277682.9369
1753461002998,16:30:02.998,ADA/USDT:USDT,0.7843,10803.0,0.7844,17102.0,0.7843,590100024.0,473277682.9369
1753461003097,16:30:03.097,ADA/USDT:USDT,0.7842,62620.0,0.7844,23828.0,0.7843,590100024.0,473277682.9369
1753461003198,16:30:03.198,ADA/USDT:USDT,0.7842,19763.0,0.7843,17138.0,0.7843,590100024.0,473277682.9369
1753461003297,16:30:03.297,ADA/USDT:USDT,0.7842,23869.0,0.7843,9687.0,0.7843,590100024.0,473277682.9369
1753461003397,16:30:03.397,ADA/USDT:USDT,0.7842,16696.0,0.7843,25468.0,0.7843,590100024.0,473277682.9369
1753461003497,16:30:03.497,ADA/USDT:USDT,0.7842,9970.0,0.7843,28960.0,0.7843,590100024.0,473277682.9369
1753461003598,16:30:03.598,ADA/USDT:USDT,0.7842,21889.0,0.7843,9687.0,0.7843,590100024.0,473277682.9369
1753461003797,16:30:03.797,ADA/USDT:USDT,0.7843,31424.0,0.7844,6630.0,0.7843,590100024.0,473277682.9369
1753461003897,16:30:03.897,ADA/USDT:USDT,0.7844,5514.0,0.7845,6030.0,0.7844,590101140.0,473278558.3273
1753461003997,16:30:03.997,ADA/USDT:USDT,0.7844,36557.0,0.7845,46.0,0.7844,590101140.0,473278558.3273
1753461004098,16:30:04.098,ADA/USDT:USDT,0.7844,44365.0,0.7845,68.0,0.7844,590101140.0,473278558.3273
1753461004197,16:30:04.197,ADA/USDT:USDT,0.7844,42005.0,0.7845,68.0,0.7844,590101140.0,473278558.3273
1753461004298,16:30:04.298,ADA/USDT:USDT,0.7844,38285.0,0.7845,5582.0,0.7844,590101140.0,473278558.3273
1753461004398,16:30:04.398,ADA/USDT:USDT,0.7844,40635.0,0.7845,68.0,0.7844,590101140.0,473278558.3273
1753461004597,16:30:04.597,ADA/USDT:USDT,0.7845,22002.0,0.7846,6059.0,0.7845,590101208.0,473278611.6733
1753461004697,16:30:04.697,ADA/USDT:USDT,0.7845,22002.0,0.7846,6059.0,0.7845,590101208.0,473278611.6733
1753461004797,16:30:04.797,ADA/USDT:USDT,0.7845,22100.0,0.7846,5677.0,0.7845,590101208.0,473278611.6733
1753461004898,16:30:04.898,ADA/USDT:USDT,0.7845,14912.0,0.7846,8643.0,0.7845,590101208.0,473278611.6733
1753461004997,16:30:04.997,ADA/USDT:USDT,0.7845,14912.0,0.7846,9025.0,0.7845,590101208.0,473278611.6733
1753461005097,16:30:05.097,ADA/USDT:USDT,0.7845,322.0,0.7846,20253.0,0.7845,590101208.0,473278611.6733
1753461005197,16:30:05.197,ADA/USDT:USDT,0.7845,13628.0,0.7846,13098.0,0.7845,590101208.0,473278611.6733
1753461005298,16:30:05.298,ADA/USDT:USDT,0.7845,23462.0,0.7846,156.0,0.7845,590101208.0,473278611.6733
1753461005397,16:30:05.397,ADA/USDT:USDT,0.7845,17367.0,0.7846,16654.0,0.7845,590101208.0,473278611.6733
1753461005497,16:30:05.497,ADA/USDT:USDT,0.7845,17367.0,0.7846,15972.0,0.7845,590101208.0,473278611.6733
1753461005598,16:30:05.598,ADA/USDT:USDT,0.7845,17367.0,0.7846,156.0,0.7845,590101208.0,473278611.6733
1753461005797,16:30:05.797,ADA/USDT:USDT,0.7845,17367.0,0.7846,9413.0,0.7845,590101208.0,473278611.6733
1753461005897,16:30:05.897,ADA/USDT:USDT,0.7845,126.0,0.7846,30962.0,0.7845,590101208.0,473278611.6733
1753461005997,16:30:05.997,ADA/USDT:USDT,0.7845,12562.0,0.7846,28911.0,0.7845,590101208.0,473278611.6733
1753461006097,16:30:06.097,ADA/USDT:USDT,0.7845,5836.0,0.7846,22557.0,0.7845,590101208.0,473278611.6733
1753461006297,16:30:06.297,ADA/USDT:USDT,0.7845,12653.0,0.7846,22939.0,0.7845,590101208.0,473278611.6733
1753461006397,16:30:06.397,ADA/USDT:USDT,0.7845,12653.0,0.7846,22932.0,0.7845,590101208.0,473278611.6733
1753461006597,16:30:06.597,ADA/USDT:USDT,0.7845,12653.0,0.7846,15086.0,0.7845,590101208.0,473278611.6733
1753461006697,16:30:06.697,ADA/USDT:USDT,0.7845,5927.0,0.7846,21812.0,0.7845,590101208.0,473278611.6733
1753461006797,16:30:06.797,ADA/USDT:USDT,0.7845,413.0,0.7846,22970.0,0.7845,590101208.0,473278611.6733
1753461006897,16:30:06.897,ADA/USDT:USDT,0.7845,411.0,0.7846,22970.0,0.7845,590101208.0,473278611.6733
1753461006997,16:30:06.997,ADA/USDT:USDT,0.7844,12168.0,0.7845,49315.0,0.7845,590101423.0,473278780.3408
1753461007097,16:30:07.097,ADA/USDT:USDT,0.7844,11972.0,0.7845,49315.0,0.7845,590101423.0,473278780.3408
1753461007197,16:30:07.197,ADA/USDT:USDT,0.7844,12654.0,0.7845,21282.0,0.7845,590101423.0,473278780.3408
1753461007398,16:30:07.398,ADA/USDT:USDT,0.7844,12647.0,0.7845,21282.0,0.7845,590101423.0,473278780.3408
1753461007697,16:30:07.697,ADA/USDT:USDT,0.7843,17383.0,0.7844,56393.0,0.7844,590113388.0,473288165.6868
1753461007797,16:30:07.797,ADA/USDT:USDT,0.7843,9975.0,0.7844,21347.0,0.7844,590113388.0,473288165.6868
1753461007897,16:30:07.897,ADA/USDT:USDT,0.7843,26130.0,0.7844,6131.0,0.7844,590113388.0,473288165.6868
1753461007997,16:30:07.997,ADA/USDT:USDT,0.7843,24840.0,0.7844,151.0,0.7844,590113388.0,473288165.6868
1753461008097,16:30:08.097,ADA/USDT:USDT,0.7843,22392.0,0.7844,6347.0,0.7844,590113388.0,473288165.6868
1753461008197,16:30:08.197,ADA/USDT:USDT,0.7843,23029.0,0.7844,5665.0,0.7844,590113388.0,473288165.6868
1753461008298,16:30:08.298,ADA/USDT:USDT,0.7843,24253.0,0.7844,151.0,0.7844,590113388.0,473288165.6868
1753461008498,16:30:08.498,ADA/USDT:USDT,0.7843,23029.0,0.7844,6347.0,0.7844,590113388.0,473288165.6868
1753461008697,16:30:08.697,ADA/USDT:USDT,0.7843,23194.0,0.7844,6327.0,0.7844,590113388.0,473288165.6868
1753461008798,16:30:08.798,ADA/USDT:USDT,0.7843,24418.0,0.7844,131.0,0.7844,590113388.0,473288165.6868
1753461009197,16:30:09.197,ADA/USDT:USDT,0.7843,23194.0,0.7844,6131.0,0.7844,590113388.0,473288165.6868
1753461009497,16:30:09.497,ADA/USDT:USDT,0.7843,11459.0,0.7844,22422.0,0.7844,590113388.0,473288165.6868
1753461009597,16:30:09.597,ADA/USDT:USDT,0.7842,15955.0,0.7843,44265.0,0.7843,590124165.0,473296618.0879
1753461009697,16:30:09.697,ADA/USDT:USDT,0.7842,10848.0,0.7843,44265.0,0.7843,590124165.0,473296618.0879
1753461009797,16:30:09.797,ADA/USDT:USDT,0.7842,10858.0,0.7843,42930.0,0.7843,590124165.0,473296618.0879
1753461009997,16:30:09.997,ADA/USDT:USDT,0.7842,29131.0,0.7843,131.0,0.7843,590124165.0,473296618.0879
1753461010097,16:30:10.097,ADA/USDT:USDT,0.7843,24815.0,0.7844,6014.0,0.7843,590124296.0,473296720.8312
1753461010197,16:30:10.197,ADA/USDT:USDT,0.7844,5132.0,0.7845,11900.0,0.7845,590139858.0,473308928.6188
1753461010297,16:30:10.297,ADA/USDT:USDT,0.7844,11858.0,0.7845,10175.0,0.7845,590139858.0,473308928.6188
1753461010397,16:30:10.397,ADA/USDT:USDT,0.7844,5132.0,0.7845,16871.0,0.7845,590139858.0,473308928.6188
1753461010497,16:30:10.497,ADA/USDT:USDT,0.7843,682.0,0.7844,59181.0,0.7844,590140495.0,473309428.2816
1753461010597,16:30:10.597,ADA/USDT:USDT,0.7842,10858.0,0.7843,48354.0,0.7844,590140495.0,473309428.2816
1753461010697,16:30:10.697,ADA/USDT:USDT,0.7841,1327.0,0.7842,25007.0,0.7842,590140720.0,473309604.7266
1753461010797,16:30:10.797,ADA/USDT:USDT,0.784,12948.0,0.7841,65887.0,0.7841,590141365.0,473310110.4711
1753461010897,16:30:10.897,ADA/USDT:USDT,0.784,16986.0,0.7841,59803.0,0.7841,590141365.0,473310110.4711
1753461010997,16:30:10.997,ADA/USDT:USDT,0.784,28851.0,0.7842,59632.0,0.7841,590141365.0,473310110.4711
1753461011097,16:30:11.097,ADA/USDT:USDT,0.7841,21300.0,0.7842,14.0,0.7841,590141365.0,473310110.4711
1753461011197,16:30:11.197,ADA/USDT:USDT,0.7841,19957.0,0.7842,14.0,0.7841,590141365.0,473310110.4711
1753461011297,16:30:11.297,ADA/USDT:USDT,0.7841,24957.0,0.7842,14.0,0.7841,590141365.0,473310110.4711
1753461011397,16:30:11.397,ADA/USDT:USDT,0.7841,26300.0,0.7843,9188.0,0.7841,590141365.0,473310110.4711
1753461011497,16:30:11.497,ADA/USDT:USDT,0.7842,13909.0,0.7843,16192.0,0.7841,590141365.0,473310110.4711
1753461011598,16:30:11.598,ADA/USDT:USDT,0.7842,262.0,0.7843,18375.0,0.7841,590141365.0,473310110.4711
1753461011697,16:30:11.697,ADA/USDT:USDT,0.7841,13184.0,0.7842,33443.0,0.7841,590141365.0,473310110.4711
1753461011797,16:30:11.797,ADA/USDT:USDT,0.7841,19364.0,0.7842,28036.0,0.7841,590141365.0,473310110.4711
1753461011897,16:30:11.897,ADA/USDT:USDT,0.7841,16586.0,0.7842,637.0,0.7841,590141365.0,473310110.4711
1753461011997,16:30:11.997,ADA/USDT:USDT,0.7841,20409.0,0.7842,26.0,0.7841,590141365.0,473310110.4711
1753461012197,16:30:12.197,ADA/USDT:USDT,0.7841,16321.0,0.7842,26.0,0.7841,590141365.0,473310110.4711
1753461012298,16:30:12.298,ADA/USDT:USDT,0.7841,25321.0,0.7842,26.0,0.7841,590141365.0,473310110.4711
1753461012397,16:30:12.397,ADA/USDT:USDT,0.7843,18185.0,0.7844,5308.0,0.7842,590141391.0,473310130.8603
1753461012497,16:30:12.497,ADA/USDT:USDT,0.7843,19766.0,0.7844,5945.0,0.7842,590141391.0,473310130.8603
1753461012597,16:30:12.597,ADA/USDT:USDT,0.7843,21085.0,0.7844,4481.0,0.7842,590141391.0,473310130.8603
1753461012697,16:30:12.697,ADA/USDT:USDT,0.7843,21085.0,0.7844,3844.0,0.7842,590141391.0,473310130.8603
1753461012797,16:30:12.797,ADA/USDT:USDT,0.7843,18447.0,0.7844,19022.0,0.7842,590141391.0,473310130.8603
1753461012897,16:30:12.897,ADA/USDT:USDT,0.7843,18447.0,0.7844,9995.0,0.7842,590141391.0,473310130.8603
1753461012997,16:30:12.997,ADA/USDT:USDT,0.7843,19766.0,0.7844,4481.0,0.7842,590141391.0,473310130.8603
1753461013097,16:30:13.097,ADA/USDT:USDT,0.7843,19766.0,0.7844,3844.0,0.7842,590141391.0,473310130.8603
1753461013197,16:30:13.197,ADA/USDT:USDT,0.7843,18447.0,0.7844,3844.0,0.7842,590141391.0,473310130.8603
1753461013297,16:30:13.297,ADA/USDT:USDT,0.7843,18447.0,0.7844,9358.0,0.7842,590141391.0,473310130.8603
1753461013397,16:30:13.397,ADA/USDT:USDT,0.7843,6458.0,0.7844,27945.0,0.7842,590141391.0,473310130.8603
1753461013497,16:30:13.497,ADA/USDT:USDT,0.7842,20244.0,0.7843,16335.0,0.7842,590141391.0,473310130.8603
1753461013597,16:30:13.597,ADA/USDT:USDT,0.7842,9473.0,0.7843,2362.0,0.7842,590141391.0,473310130.8603
1753461013797,16:30:13.797,ADA/USDT:USDT,0.7842,9473.0,0.7843,6846.0,0.7842,590141391.0,473310130.8603
1753461013897,16:30:13.897,ADA/USDT:USDT,0.7841,952.0,0.7842,45216.0,0.7842,590141660.0,473310341.8101
1753461013997,16:30:13.997,ADA/USDT:USDT,0.7841,270.0,0.7842,51478.0,0.7842,590141660.0,473310341.8101
1753461014097,16:30:14.097,ADA/USDT:USDT,0.7841,270.0,0.7842,52109.0,0.7842,590141660.0,473310341.8101
1753461014197,16:30:14.197,ADA/USDT:USDT,0.7841,270.0,0.7842,50803.0,0.7842,590141660.0,473310341.8101
1753461014297,16:30:14.297,ADA/USDT:USDT,0.7841,270.0,0.7842,49523.0,0.7842,590141660.0,473310341.8101
1753461014497,16:30:14.497,ADA/USDT:USDT,0.7841,270.0,0.7842,50803.0,0.7842,590141660.0,473310341.8101
1753461014697,16:30:14.697,ADA/USDT:USDT,0.7841,283.0,0.7842,57911.0,0.7842,590141660.0,473310341.8101
1753461014797,16:30:14.797,ADA/USDT:USDT,0.7841,283.0,0.7842,56631.0,0.7842,590141660.0,473310341.8101
1753461014898,16:30:14.898,ADA/USDT:USDT,0.7841,283.0,0.7842,46070.0,0.7842,590141660.0,473310341.8101
1753461015098,16:30:15.098,ADA/USDT:USDT,0.7841,283.0,0.7842,46071.0,0.7842,590141660.0,473310341.8101
1753461015197,16:30:15.197,ADA/USDT:USDT,0.7841,283.0,0.7842,36253.0,0.7842,590141660.0,473310341.8101
1753461015397,16:30:15.397,ADA/USDT:USDT,0.7841,6479.0,0.7842,35133.0,0.7842,590141660.0,473310341.8101
1753461015497,16:30:15.497,ADA/USDT:USDT,0.7841,21759.0,0.7842,11.0,0.7842,590141660.0,473310341.8101
1753461015602,16:30:15.602,ADA/USDT:USDT,0.7841,21822.0,0.7842,11.0,0.7842,590141660.0,473310341.8101
1753461015897,16:30:15.897,ADA/USDT:USDT,0.7841,18142.0,0.7842,5515.0,0.7842,590141660.0,473310341.8101
1753461016097,16:30:16.097,ADA/USDT:USDT,0.7841,18501.0,0.7842,14958.0,0.7842,590141660.0,473310341.8101
1753461016197,16:30:16.197,ADA/USDT:USDT,0.7841,19781.0,0.7842,5515.0,0.7842,590141660.0,473310341.8101
1753461016298,16:30:16.298,ADA/USDT:USDT,0.7841,19781.0,0.7842,1477.0,0.7842,590141660.0,473310341.8101
1753461016397,16:30:16.397,ADA/USDT:USDT,0.7842,18308.0,0.7843,16694.0,0.7843,590141732.0,473310398.279
1753461016497,16:30:16.497,ADA/USDT:USDT,0.7843,10430.0,0.7844,20815.0,0.7843,590141732.0,473310398.279
1753461016598,16:30:16.598,ADA/USDT:USDT,0.7843,10456.0,0.7844,19695.0,0.7843,590141732.0,473310398.279
1753461016697,16:30:16.697,ADA/USDT:USDT,0.7842,6215.0,0.7843,48329.0,0.7843,590141758.0,473310418.6708
1753461016797,16:30:16.797,ADA/USDT:USDT,0.7842,14809.0,0.7843,7363.0,0.7843,590141758.0,473310418.6708
