timestamp,time,symbol,bid,bidVolume,ask,askVolume,lastPrice,baseVolume,quoteVolume
1753460910090,16:28:30.090,ADA/USDT:USDT,,,,,0.782,164083780.0,128313514.0
1753460911075,16:28:31.075,ADA/USDT:USDT,,,,,0.782,164083780.0,128313514.0
1753460915076,16:28:35.076,ADA/USDT:USDT,,,,,0.782,164083780.0,128313514.0
1753460916091,16:28:36.091,ADA/USDT:USDT,,,,,0.782,164084020.0,128313702.0
1753460919105,16:28:39.105,ADA/USDT:USDT,,,,,0.7823,164084260.0,128363116.0
1753460920074,16:28:40.074,ADA/USDT:USDT,,,,,0.7824,164085460.0,128380462.0
1753460924083,16:28:44.083,ADA/USDT:USDT,,,,,0.7821,164116580.0,128355576.0
1753460925078,16:28:45.078,ADA/USDT:USDT,,,,,0.7821,164116580.0,128355576.0
1753460931077,16:28:51.077,ADA/USDT:USDT,,,,,0.7823,164117720.0,128389292.0
1753460934091,16:28:54.091,ADA/USDT:USDT,,,,,0.7823,164119200.0,128390450.0
1753460935081,16:28:55.081,ADA/USDT:USDT,,,,,0.7823,164119200.0,128390450.0
1753460938117,16:28:58.117,ADA/USDT:USDT,,,,,0.7818,164166760.0,128345572.0
1753460939093,16:28:59.093,ADA/USDT:USDT,,,,,0.7818,164185480.0,128360208.0
1753460940090,16:29:00.090,ADA/USDT:USDT,,,,,0.7816,164190300.0,128331138.0
1753460941098,16:29:01.098,ADA/USDT:USDT,,,,,0.7816,164224520.0,128390728.0
1753460942100,16:29:02.100,ADA/USDT:USDT,,,,,0.782,164224760.0,128423762.0
1753460943080,16:29:03.080,ADA/USDT:USDT,,,,,0.782,164224760.0,128423762.0
1753460944079,16:29:04.079,ADA/USDT:USDT,,,,,0.7822,164224780.0,128456622.0
1753460945077,16:29:05.077,ADA/USDT:USDT,,,,,0.7823,164224800.0,128473060.0
1753460946095,16:29:06.095,ADA/USDT:USDT,,,,,0.7825,164225120.0,128506156.0
1753460947068,16:29:07.068,ADA/USDT:USDT,,,,,0.7825,164225120.0,128506156.0
1753460948079,16:29:08.079,ADA/USDT:USDT,,,,,0.7825,164225120.0,128506156.0
1753460949068,16:29:09.068,ADA/USDT:USDT,,,,,0.7828,164225400.0,128555642.0
1753460950095,16:29:10.095,ADA/USDT:USDT,,,,,0.7831,164225440.0,128604942.0
1753460951071,16:29:11.071,ADA/USDT:USDT,,,,,0.7831,164225680.0,128605130.0
1753460952087,16:29:12.087,ADA/USDT:USDT,,,,,0.7831,164225680.0,128605130.0
1753460954079,16:29:14.079,ADA/USDT:USDT,,,,,0.7832,164225920.0,128621740.0
1753460955079,16:29:15.079,ADA/USDT:USDT,,,,,0.7834,164226000.0,128654648.0
1753460956088,16:29:16.088,ADA/USDT:USDT,,,,,0.7834,164226000.0,128654648.0
1753460957072,16:29:17.072,ADA/USDT:USDT,,,,,0.7835,164226260.0,128671274.0
1753460958081,16:29:18.081,ADA/USDT:USDT,,,,,0.7835,164226260.0,128671274.0
1753460959083,16:29:19.083,ADA/USDT:USDT,,,,,0.7837,164226500.0,128704308.0
1753460969067,16:29:29.067,ADA/USDT:USDT,,,,,0.7837,164226500.0,128704308.0
1753460970073,16:29:30.073,ADA/USDT:USDT,,,,,0.7836,164226740.0,128688072.0
1753460971075,16:29:31.075,ADA/USDT:USDT,,,,,0.7836,164226740.0,128688072.0
1753460981086,16:29:41.086,ADA/USDT:USDT,,,,,0.7836,164226740.0,128688072.0
1753460983073,16:29:43.073,ADA/USDT:USDT,,,,,0.7838,164226760.0,128720934.0
1753460984075,16:29:44.075,ADA/USDT:USDT,,,,,0.7838,164226760.0,128720934.0
1753460989083,16:29:49.083,ADA/USDT:USDT,,,,,0.7833,164227360.0,128639290.0
1753460990080,16:29:50.080,ADA/USDT:USDT,,,,,0.7833,164227360.0,128639290.0
1753460991073,16:29:51.073,ADA/USDT:USDT,,,,,0.7833,164227360.0,128639290.0
1753460992090,16:29:52.090,ADA/USDT:USDT,,,,,0.7833,164227360.0,128639290.0
1753460994096,16:29:54.096,ADA/USDT:USDT,,,,,0.7837,164227600.0,128705170.0
1753460997082,16:29:57.082,ADA/USDT:USDT,,,,,0.7839,164227620.0,128738030.0
1753461000107,16:30:00.107,ADA/USDT:USDT,,,,,0.7838,164312260.0,128787948.0
1753461001099,16:30:01.099,ADA/USDT:USDT,,,,,0.784,164346640.0,128847764.0
1753461004092,16:30:04.092,ADA/USDT:USDT,,,,,0.7841,164346680.0,128864230.0
1753461005082,16:30:05.082,ADA/USDT:USDT,,,,,0.7841,164346680.0,128864230.0
1753461006080,16:30:06.080,ADA/USDT:USDT,,,,,0.7842,164347920.0,128881638.0
1753461011070,16:30:11.070,ADA/USDT:USDT,,,,,0.7837,164348520.0,128799934.0
1753461012101,16:30:12.101,ADA/USDT:USDT,,,,,0.7838,164350820.0,128818172.0
1753461013097,16:30:13.097,ADA/USDT:USDT,,,,,0.7838,164350820.0,128818172.0
1753461014096,16:30:14.096,ADA/USDT:USDT,,,,,0.7838,164350820.0,128818172.0
1753461016100,16:30:16.100,ADA/USDT:USDT,,,,,0.7838,164350820.0,128818172.0
1753461018085,16:30:18.085,ADA/USDT:USDT,,,,,0.7838,164350820.0,128818172.0
1753461021082,16:30:21.082,ADA/USDT:USDT,,,,,0.7838,164350820.0,128818172.0
1753461025091,16:30:25.091,ADA/USDT:USDT,,,,,0.7838,164350820.0,128818172.0
1753461029087,16:30:29.087,ADA/USDT:USDT,,,,,0.7835,164384600.0,128795334.0
1753461030075,16:30:30.075,ADA/USDT:USDT,,,,,0.7835,164384600.0,128795334.0
1753461032079,16:30:32.079,ADA/USDT:USDT,,,,,0.7832,164414820.0,128769686.0
1753461034098,16:30:34.098,ADA/USDT:USDT,,,,,0.7832,164414820.0,128769686.0
1753461035069,16:30:35.069,ADA/USDT:USDT,,,,,0.7832,164415080.0,128769890.0
1753461036126,16:30:36.126,ADA/USDT:USDT,,,,,0.7832,164415080.0,128769890.0
1753461039082,16:30:39.082,ADA/USDT:USDT,,,,,0.7829,164415700.0,128721050.0
1753461040069,16:30:40.069,ADA/USDT:USDT,,,,,0.7828,164418020.0,128706426.0
1753461041094,16:30:41.094,ADA/USDT:USDT,,,,,0.7828,164418020.0,128706426.0
1753461042087,16:30:42.087,ADA/USDT:USDT,,,,,0.7828,164418020.0,128706426.0
1753461044079,16:30:44.079,ADA/USDT:USDT,,,,,0.7831,164418260.0,128755938.0
1753461045069,16:30:45.069,ADA/USDT:USDT,,,,,0.7831,164418260.0,128755938.0
1753461047078,16:30:47.078,ADA/USDT:USDT,,,,,0.7831,164418260.0,128755938.0
1753461048073,16:30:48.073,ADA/USDT:USDT,,,,,0.7831,164418260.0,128755938.0
1753461049070,16:30:49.070,ADA/USDT:USDT,,,,,0.7831,164418260.0,128755938.0
1753461050094,16:30:50.094,ADA/USDT:USDT,,,,,0.7837,164446820.0,128876972.0
1753461051100,16:30:51.100,ADA/USDT:USDT,,,,,0.7839,164447100.0,128910080.0
1753461052078,16:30:52.078,ADA/USDT:USDT,,,,,0.7842,164447240.0,128959524.0
1753461053090,16:30:53.090,ADA/USDT:USDT,,,,,0.7843,164447320.0,128976032.0
1753461054085,16:30:54.085,ADA/USDT:USDT,,,,,0.7843,164447320.0,128976032.0
1753461055069,16:30:55.069,ADA/USDT:USDT,,,,,0.7843,164447320.0,128976032.0
1753461056094,16:30:56.094,ADA/USDT:USDT,,,,,0.7843,164475480.0,128998118.0
1753461060108,16:31:00.108,ADA/USDT:USDT,,,,,0.7843,164419120.0,128953914.0
1753461061093,16:31:01.093,ADA/USDT:USDT,,,,,0.7845,164419720.0,128987270.0
1753461062072,16:31:02.072,ADA/USDT:USDT,,,,,0.7846,164420000.0,129003932.0
1753461063079,16:31:03.079,ADA/USDT:USDT,,,,,0.7848,164423860.0,129039844.0
1753461064071,16:31:04.071,ADA/USDT:USDT,,,,,0.7849,164424120.0,129056490.0
1753461065074,16:31:05.074,ADA/USDT:USDT,,,,,0.7852,164424480.0,129106100.0
1753461066077,16:31:06.077,ADA/USDT:USDT,,,,,0.7852,164424480.0,129106100.0
1753461067090,16:31:07.090,ADA/USDT:USDT,,,,,0.7852,164424480.0,129106100.0
1753461070089,16:31:10.089,ADA/USDT:USDT,,,,,0.7854,164424560.0,129139048.0
1753461071070,16:31:11.070,ADA/USDT:USDT,,,,,0.7854,164424560.0,129139048.0
1753461072095,16:31:12.095,ADA/USDT:USDT,,,,,0.7857,164430300.0,129192886.0
1753461073087,16:31:13.087,ADA/USDT:USDT,,,,,0.786,164430580.0,129242434.0
1753461074093,16:31:14.093,ADA/USDT:USDT,,,,,0.7861,164431060.0,129259256.0
1753461076084,16:31:16.084,ADA/USDT:USDT,,,,,0.7861,164431060.0,129259256.0
1753461079136,16:31:19.136,ADA/USDT:USDT,,,,,0.7856,164432560.0,129178218.0
1753461080081,16:31:20.081,ADA/USDT:USDT,,,,,0.7856,164432560.0,129178218.0
1753461081071,16:31:21.071,ADA/USDT:USDT,,,,,0.7856,164432560.0,129178218.0
1753461082086,16:31:22.086,ADA/USDT:USDT,,,,,0.7856,164432560.0,129178218.0
1753461086080,16:31:26.080,ADA/USDT:USDT,,,,,0.7856,164433400.0,129178878.0
1753461087078,16:31:27.078,ADA/USDT:USDT,,,,,0.7856,164433400.0,129178878.0
1753461090087,16:31:30.087,ADA/USDT:USDT,,,,,0.7856,164434860.0,129180026.0
1753461096092,16:31:36.092,ADA/USDT:USDT,,,,,0.7856,164434860.0,129180026.0
1753461097074,16:31:37.074,ADA/USDT:USDT,,,,,0.7856,164434860.0,129180026.0
1753461098074,16:31:38.074,ADA/USDT:USDT,,,,,0.786,164434880.0,129245814.0
1753461099081,16:31:39.081,ADA/USDT:USDT,,,,,0.786,164434880.0,129245814.0
1753461103081,16:31:43.081,ADA/USDT:USDT,,,,,0.7862,164434900.0,129278718.0
1753461105093,16:31:45.093,ADA/USDT:USDT,,,,,0.7863,164434920.0,129295176.0
1753461106074,16:31:46.074,ADA/USDT:USDT,,,,,0.7863,164435220.0,129295412.0
1753461107072,16:31:47.072,ADA/USDT:USDT,,,,,0.7863,164435220.0,129295412.0
1753461111113,16:31:51.113,ADA/USDT:USDT,,,,,0.7854,164442320.0,129152998.0
1753461112085,16:31:52.085,ADA/USDT:USDT,,,,,0.7852,164457240.0,129131824.0
1753461113070,16:31:53.070,ADA/USDT:USDT,,,,,0.7848,164457480.0,129066230.0
1753461114090,16:31:54.090,ADA/USDT:USDT,,,,,0.7848,164457480.0,129066230.0
1753461115082,16:31:55.082,ADA/USDT:USDT,,,,,0.7849,164460660.0,129085172.0
1753461116095,16:31:56.095,ADA/USDT:USDT,,,,,0.7849,164460660.0,129085172.0
1753461120100,16:32:00.100,ADA/USDT:USDT,,,,,0.7849,164514460.0,129127398.0
1753461122088,16:32:02.088,ADA/USDT:USDT,,,,,0.785,164518420.0,129146958.0
1753461123125,16:32:03.125,ADA/USDT:USDT,,,,,0.7851,164520580.0,129165106.0
1753461126080,16:32:06.080,ADA/USDT:USDT,,,,,0.785,164520820.0,129148842.0
1753461127087,16:32:07.087,ADA/USDT:USDT,,,,,0.7852,164540120.0,129196902.0
1753461128078,16:32:08.078,ADA/USDT:USDT,,,,,0.785,164540240.0,129164088.0
1753461129084,16:32:09.084,ADA/USDT:USDT,,,,,0.785,164540840.0,129164558.0
1753461130082,16:32:10.082,ADA/USDT:USDT,,,,,0.7852,164541080.0,129197656.0
1753461131088,16:32:11.088,ADA/USDT:USDT,,,,,0.7852,164570420.0,129220692.0
1753461132092,16:32:12.092,ADA/USDT:USDT,,,,,0.7849,164571020.0,129171792.0
1753461133069,16:32:13.069,ADA/USDT:USDT,,,,,0.7849,164571020.0,129171792.0
1753461134082,16:32:14.082,ADA/USDT:USDT,,,,,0.7849,164571020.0,129171792.0
1753461135084,16:32:15.084,ADA/USDT:USDT,,,,,0.7847,164571040.0,129138894.0
1753461136106,16:32:16.106,ADA/USDT:USDT,,,,,0.7846,164571060.0,129122452.0
1753461137085,16:32:17.085,ADA/USDT:USDT,,,,,0.7846,164571060.0,129122452.0
1753461138069,16:32:18.069,ADA/USDT:USDT,,,,,0.7846,164571300.0,129122640.0
1753461139072,16:32:19.072,ADA/USDT:USDT,,,,,0.7845,164573640.0,129108020.0
1753461142070,16:32:22.070,ADA/USDT:USDT,,,,,0.7845,164573640.0,129108020.0
1753461144085,16:32:24.085,ADA/USDT:USDT,,,,,0.7847,164574880.0,129141908.0
1753461145086,16:32:25.086,ADA/USDT:USDT,,,,,0.7849,164575120.0,129175010.0
1753461147082,16:32:27.082,ADA/USDT:USDT,,,,,0.7852,164575360.0,129224572.0
1753461148083,16:32:28.083,ADA/USDT:USDT,,,,,0.7852,164575360.0,129224572.0
1753461150085,16:32:30.085,ADA/USDT:USDT,,,,,0.7853,164584580.0,129248270.0
1753461151068,16:32:31.068,ADA/USDT:USDT,,,,,0.7853,164584580.0,129248270.0
1753461158073,16:32:38.073,ADA/USDT:USDT,,,,,0.7854,164584820.0,129264916.0
1753461159072,16:32:39.072,ADA/USDT:USDT,,,,,0.7854,164584820.0,129264916.0
1753461162086,16:32:42.086,ADA/USDT:USDT,,,,,0.7847,164585420.0,129150178.0
1753461163093,16:32:43.093,ADA/USDT:USDT,,,,,0.7847,164585420.0,129150178.0
1753461164084,16:32:44.084,ADA/USDT:USDT,,,,,0.7849,164615780.0,129206924.0
1753461166091,16:32:46.091,ADA/USDT:USDT,,,,,0.7849,164615780.0,129206924.0
1753461168096,16:32:48.096,ADA/USDT:USDT,,,,,0.785,164616020.0,129223574.0
1753461172069,16:32:52.069,ADA/USDT:USDT,,,,,0.785,164616020.0,129223574.0
1753461173077,16:32:53.077,ADA/USDT:USDT,,,,,0.785,164616020.0,129223574.0
1753461176081,16:32:56.081,ADA/USDT:USDT,,,,,0.785,164616020.0,129223574.0
1753461178086,16:32:58.086,ADA/USDT:USDT,,,,,0.785,164621140.0,129227594.0
1753461180084,16:33:00.084,ADA/USDT:USDT,,,,,0.785,164621140.0,129227594.0
1753461181113,16:33:01.113,ADA/USDT:USDT,,,,,0.785,164619200.0,129226072.0
1753461182071,16:33:02.071,ADA/USDT:USDT,,,,,0.7845,164619820.0,129144248.0
1753461183093,16:33:03.093,ADA/USDT:USDT,,,,,0.784,164620340.0,129062346.0
1753461184096,16:33:04.096,ADA/USDT:USDT,,,,,0.784,164621580.0,129063318.0
1753461185095,16:33:05.095,ADA/USDT:USDT,,,,,0.7842,164621840.0,129096446.0
1753461186094,16:33:06.094,ADA/USDT:USDT,,,,,0.7842,164621840.0,129096446.0
1753461187094,16:33:07.094,ADA/USDT:USDT,,,,,0.7839,164622460.0,129047546.0
1753461189078,16:33:09.078,ADA/USDT:USDT,,,,,0.7839,164622460.0,129047546.0
1753461190096,16:33:10.096,ADA/USDT:USDT,,,,,0.7838,164622480.0,129031098.0
1753461191084,16:33:11.084,ADA/USDT:USDT,,,,,0.7838,164622480.0,129031098.0
1753461192083,16:33:12.083,ADA/USDT:USDT,,,,,0.7837,164624320.0,129016078.0
1753461195087,16:33:15.087,ADA/USDT:USDT,,,,,0.7839,164624560.0,129049192.0
1753461196096,16:33:16.096,ADA/USDT:USDT,,,,,0.7839,164624560.0,129049192.0
1753461198080,16:33:18.080,ADA/USDT:USDT,,,,,0.7834,164624640.0,128966942.0
1753461199086,16:33:19.086,ADA/USDT:USDT,,,,,0.7835,164624880.0,128983592.0
1753461200085,16:33:20.085,ADA/USDT:USDT,,,,,0.7835,164624880.0,128983592.0
1753461202091,16:33:22.091,ADA/USDT:USDT,,,,,0.7838,164644160.0,129048092.0
1753461203091,16:33:23.091,ADA/USDT:USDT,,,,,0.7838,164644160.0,129048092.0
1753461212080,16:33:32.080,ADA/USDT:USDT,,,,,0.7838,164644160.0,129048092.0
1753461213082,16:33:33.082,ADA/USDT:USDT,,,,,0.7839,164645400.0,129065528.0
1753461214089,16:33:34.089,ADA/USDT:USDT,,,,,0.7841,164645420.0,129098472.0
1753461219067,16:33:39.067,ADA/USDT:USDT,,,,,0.7842,164646020.0,129115408.0
1753461220094,16:33:40.094,ADA/USDT:USDT,,,,,0.7843,164646100.0,129131936.0
1753461221086,16:33:41.086,ADA/USDT:USDT,,,,,0.7843,164646100.0,129131936.0
1753461226123,16:33:46.123,ADA/USDT:USDT,,,,,0.7842,164646360.0,129115674.0
1753461234103,16:33:54.103,ADA/USDT:USDT,,,,,0.7831,164657980.0,128943664.0
1753461235074,16:33:55.074,ADA/USDT:USDT,,,,,0.7828,164710040.0,128935018.0
1753461236087,16:33:56.087,ADA/USDT:USDT,,,,,0.7828,164742060.0,128960084.0
1753461237085,16:33:57.085,ADA/USDT:USDT,,,,,0.7828,164742060.0,128960084.0
1753461238071,16:33:58.071,ADA/USDT:USDT,,,,,0.7828,164742060.0,128960084.0
1753461239092,16:33:59.092,ADA/USDT:USDT,,,,,0.7825,164742140.0,128910724.0
1753461240075,16:34:00.075,ADA/USDT:USDT,,,,,0.7825,164747620.0,128915012.0
1753461241092,16:34:01.092,ADA/USDT:USDT,,,,,0.7825,164651720.0,128823504.0
1753461243095,16:34:03.095,ADA/USDT:USDT,,,,,0.7824,164651960.0,128823692.0
1753461244086,16:34:04.086,ADA/USDT:USDT,,,,,0.7824,164651960.0,128823692.0
1753461245083,16:34:05.083,ADA/USDT:USDT,,,,,0.7823,164651980.0,128807242.0
1753461247086,16:34:07.086,ADA/USDT:USDT,,,,,0.7825,164654220.0,128841926.0
1753461248088,16:34:08.088,ADA/USDT:USDT,,,,,0.7825,164687320.0,128867826.0
1753461251077,16:34:11.077,ADA/USDT:USDT,,,,,0.7823,164688220.0,128835594.0
1753461255077,16:34:15.077,ADA/USDT:USDT,,,,,0.7824,164688460.0,128852250.0
1753461256086,16:34:16.086,ADA/USDT:USDT,,,,,0.7824,164688460.0,128852250.0
1753461257073,16:34:17.073,ADA/USDT:USDT,,,,,0.7822,164688480.0,128819328.0
1753461258077,16:34:18.077,ADA/USDT:USDT,,,,,0.782,164689960.0,128787548.0
1753461259096,16:34:19.096,ADA/USDT:USDT,,,,,0.7825,164690220.0,128870096.0
1753461261088,16:34:21.088,ADA/USDT:USDT,,,,,0.7825,164690220.0,128870096.0
1753461263072,16:34:23.072,ADA/USDT:USDT,,,,,0.7828,164690460.0,128919692.0
1753461264127,16:34:24.127,ADA/USDT:USDT,,,,,0.7828,164690460.0,128919692.0
1753461269088,16:34:29.088,ADA/USDT:USDT,,,,,0.783,164690480.0,128952644.0
1753461272087,16:34:32.087,ADA/USDT:USDT,,,,,0.7827,164727220.0,128931994.0
1753461273074,16:34:33.074,ADA/USDT:USDT,,,,,0.7827,164727220.0,128931994.0
1753461275086,16:34:35.086,ADA/USDT:USDT,,,,,0.7829,164727460.0,128965128.0
1753461276092,16:34:36.092,ADA/USDT:USDT,,,,,0.7832,164733260.0,129019088.0
1753461277075,16:34:37.075,ADA/USDT:USDT,,,,,0.7832,164733260.0,129019088.0
1753461278082,16:34:38.082,ADA/USDT:USDT,,,,,0.7832,164733260.0,129019088.0
1753461283081,16:34:43.081,ADA/USDT:USDT,,,,,0.783,164733520.0,128986346.0
1753461286072,16:34:46.072,ADA/USDT:USDT,,,,,0.7831,164741080.0,129008738.0
1753461287087,16:34:47.087,ADA/USDT:USDT,,,,,0.7829,164743520.0,128977700.0
1753461288085,16:34:48.085,ADA/USDT:USDT,,,,,0.7829,164743780.0,128977904.0
1753461289069,16:34:49.069,ADA/USDT:USDT,,,,,0.7829,164744020.0,128978092.0
1753461290085,16:34:50.085,ADA/USDT:USDT,,,,,0.783,164744260.0,128994754.0
1753461296090,16:34:56.090,ADA/USDT:USDT,,,,,0.7827,164746700.0,128947242.0
1753461297072,16:34:57.072,ADA/USDT:USDT,,,,,0.7827,164746700.0,128947242.0
1753461298090,16:34:58.090,ADA/USDT:USDT,,,,,0.7827,164746700.0,128947242.0
1753461300069,16:35:00.069,ADA/USDT:USDT,,,,,0.7827,164746700.0,128947242.0
1753461301080,16:35:01.080,ADA/USDT:USDT,,,,,0.7824,164842600.0,128972850.0
1753461302081,16:35:02.081,ADA/USDT:USDT,,,,,0.7824,164842600.0,128972850.0
1753461303074,16:35:03.074,ADA/USDT:USDT,,,,,0.7827,164842840.0,129022490.0
1753461304089,16:35:04.089,ADA/USDT:USDT,,,,,0.7824,164843100.0,128973240.0
1753461305088,16:35:05.088,ADA/USDT:USDT,,,,,0.7824,164843100.0,128973240.0
1753461306123,16:35:06.123,ADA/USDT:USDT,,,,,0.7828,164843340.0,129039366.0
1753461307086,16:35:07.086,ADA/USDT:USDT,,,,,0.783,164843580.0,129072522.0
1753461308083,16:35:08.083,ADA/USDT:USDT,,,,,0.7827,164844660.0,129023914.0
1753461309091,16:35:09.091,ADA/USDT:USDT,,,,,0.7827,164844660.0,129023914.0
1753461310071,16:35:10.071,ADA/USDT:USDT,,,,,0.7823,164849620.0,128961856.0
1753461311074,16:35:11.074,ADA/USDT:USDT,,,,,0.7822,164849640.0,128945388.0
1753461312093,16:35:12.093,ADA/USDT:USDT,,,,,0.7822,164849640.0,128945388.0
1753461313082,16:35:13.082,ADA/USDT:USDT,,,,,0.7821,164849880.0,128929090.0
1753461314126,16:35:14.126,ADA/USDT:USDT,,,,,0.7821,164849880.0,128929090.0
1753461317074,16:35:17.074,ADA/USDT:USDT,,,,,0.7819,164870920.0,128912572.0
1753461318088,16:35:18.088,ADA/USDT:USDT,,,,,0.7818,164879880.0,128903090.0
1753461320104,16:35:20.104,ADA/USDT:USDT,,,,,0.7818,164879880.0,128903090.0
1753461322085,16:35:22.085,ADA/USDT:USDT,,,,,0.782,164890680.0,128944510.0
1753461324091,16:35:24.091,ADA/USDT:USDT,,,,,0.7822,164890920.0,128977676.0
1753461325072,16:35:25.072,ADA/USDT:USDT,,,,,0.7823,164891160.0,128994354.0
1753461327080,16:35:27.080,ADA/USDT:USDT,,,,,0.7823,164891160.0,128994354.0
1753461332069,16:35:32.069,ADA/USDT:USDT,,,,,0.7816,164891240.0,128878992.0
1753461333085,16:35:33.085,ADA/USDT:USDT,,,,,0.7816,164891240.0,128878992.0
1753461334078,16:35:34.078,ADA/USDT:USDT,,,,,0.7814,164891420.0,128846154.0
1753461335081,16:35:35.081,ADA/USDT:USDT,,,,,0.7813,164894920.0,128832400.0
1753461336102,16:35:36.102,ADA/USDT:USDT,,,,,0.7812,164896120.0,128816848.0
1753461338079,16:35:38.079,ADA/USDT:USDT,,,,,0.7815,164896360.0,128866504.0
1753461339098,16:35:39.098,ADA/USDT:USDT,,,,,0.7814,164896400.0,128850046.0
1753461342091,16:35:42.091,ADA/USDT:USDT,,,,,0.781,164896440.0,128784118.0
1753461343079,16:35:43.079,ADA/USDT:USDT,,,,,0.7806,164897100.0,128718676.0
1753461344141,16:35:44.141,ADA/USDT:USDT,,,,,0.7807,164897520.0,128735492.0
1753461345088,16:35:45.088,ADA/USDT:USDT,,,,,0.7807,164897520.0,128735492.0
1753461346078,16:35:46.078,ADA/USDT:USDT,,,,,0.7807,164897520.0,128735492.0
1753461349077,16:35:49.077,ADA/USDT:USDT,,,,,0.7804,164897820.0,128686258.0
1753461350089,16:35:50.089,ADA/USDT:USDT,,,,,0.7804,164897820.0,128686258.0
1753461351095,16:35:51.095,ADA/USDT:USDT,,,,,0.7804,164905200.0,128692018.0
1753461353103,16:35:53.103,ADA/USDT:USDT,,,,,0.7801,164905260.0,128642592.0
1753461355069,16:35:55.069,ADA/USDT:USDT,,,,,0.78,164908060.0,128628286.0
1753461356113,16:35:56.113,ADA/USDT:USDT,,,,,0.78,164914500.0,128633310.0
1753461358086,16:35:58.086,ADA/USDT:USDT,,,,,0.7803,164931320.0,128695908.0
1753461359098,16:35:59.098,ADA/USDT:USDT,,,,,0.7803,164931320.0,128695908.0
1753461360098,16:36:00.098,ADA/USDT:USDT,,,,,0.7803,164910820.0,128679912.0
1753461361089,16:36:01.089,ADA/USDT:USDT,,,,,0.7804,164934260.0,128714696.0
1753461362081,16:36:02.081,ADA/USDT:USDT,,,,,0.7806,164939380.0,128751680.0
1753461372078,16:36:12.078,ADA/USDT:USDT,,,,,0.7812,164957820.0,128865048.0
1753461375071,16:36:15.071,ADA/USDT:USDT,,,,,0.7812,164958080.0,128865252.0
1753461376111,16:36:16.111,ADA/USDT:USDT,,,,,0.7814,164958100.0,128898258.0
1753461377076,16:36:17.076,ADA/USDT:USDT,,,,,0.7814,164960900.0,128900446.0
1753461387076,16:36:27.076,ADA/USDT:USDT,,,,,0.7815,164961900.0,128917724.0
1753461391067,16:36:31.067,ADA/USDT:USDT,,,,,0.7811,164962140.0,128851926.0
1753461392074,16:36:32.074,ADA/USDT:USDT,,,,,0.7811,164962140.0,128851926.0
1753461393069,16:36:33.069,ADA/USDT:USDT,,,,,0.7812,164962400.0,128868626.0
1753461399091,16:36:39.091,ADA/USDT:USDT,,,,,0.7812,164962640.0,128868814.0
1753461400105,16:36:40.105,ADA/USDT:USDT,,,,,0.7799,165186140.0,128828670.0
1753461401085,16:36:41.085,ADA/USDT:USDT,,,,,0.78,165187820.0,128846498.0
1753461402078,16:36:42.078,ADA/USDT:USDT,,,,,0.7804,165190820.0,128914914.0
1753461403086,16:36:43.086,ADA/USDT:USDT,,,,,0.7804,165190820.0,128914914.0
1753461405075,16:36:45.075,ADA/USDT:USDT,,,,,0.7801,165191060.0,128865544.0
1753461406085,16:36:46.085,ADA/USDT:USDT,,,,,0.7802,165199540.0,128888680.0
1753461407095,16:36:47.095,ADA/USDT:USDT,,,,,0.7802,165199800.0,128888882.0
1753461410086,16:36:50.086,ADA/USDT:USDT,,,,,0.7802,165201000.0,128889820.0
1753461411074,16:36:51.074,ADA/USDT:USDT,,,,,0.7804,165202340.0,128923906.0
1753461412083,16:36:52.083,ADA/USDT:USDT,,,,,0.7805,165203700.0,128941486.0
1753461413074,16:36:53.074,ADA/USDT:USDT,,,,,0.7805,165203700.0,128941486.0
1753461414087,16:36:54.087,ADA/USDT:USDT,,,,,0.7806,165206140.0,128959912.0
1753461419089,16:36:59.089,ADA/USDT:USDT,,,,,0.7801,165207340.0,128878244.0
1753461421105,16:37:01.105,ADA/USDT:USDT,,,,,0.7797,165232520.0,128831794.0
1753461422077,16:37:02.077,ADA/USDT:USDT,,,,,0.78,165234920.0,128883236.0
1753461423088,16:37:03.088,ADA/USDT:USDT,,,,,0.78,165234920.0,128883236.0
1753461427071,16:37:07.071,ADA/USDT:USDT,,,,,0.7797,165237720.0,128835850.0
1753461428085,16:37:08.085,ADA/USDT:USDT,,,,,0.7797,165237720.0,128835850.0
1753461429079,16:37:09.079,ADA/USDT:USDT,,,,,0.7797,165237720.0,128835850.0
1753461432083,16:37:12.083,ADA/USDT:USDT,,,,,0.7797,165237720.0,128835850.0
1753461433079,16:37:13.079,ADA/USDT:USDT,,,,,0.7797,165237720.0,128835850.0
1753461435067,16:37:15.067,ADA/USDT:USDT,,,,,0.7798,165238920.0,128853308.0
1753461436088,16:37:16.088,ADA/USDT:USDT,,,,,0.7798,165239160.0,128853496.0
1753461439070,16:37:19.070,ADA/USDT:USDT,,,,,0.7798,165247140.0,128859718.0
1753461442083,16:37:22.083,ADA/USDT:USDT,,,,,0.78,165248580.0,128893892.0
1753461445095,16:37:25.095,ADA/USDT:USDT,,,,,0.78,165248680.0,128893970.0
1753461450098,16:37:30.098,ADA/USDT:USDT,,,,,0.78,165267120.0,128908352.0
1753461452090,16:37:32.090,ADA/USDT:USDT,,,,,0.7797,165267360.0,128858960.0
1753461453086,16:37:33.086,ADA/USDT:USDT,,,,,0.7797,165267360.0,128858960.0
1753461456079,16:37:36.079,ADA/USDT:USDT,,,,,0.7805,165292920.0,129011124.0
1753461457078,16:37:37.078,ADA/USDT:USDT,,,,,0.7806,165295400.0,129029588.0
1753461458092,16:37:38.092,ADA/USDT:USDT,,,,,0.7806,165295400.0,129029588.0
1753461459081,16:37:39.081,ADA/USDT:USDT,,,,,0.7806,165295400.0,129029588.0
1753461462092,16:37:42.092,ADA/USDT:USDT,,,,,0.7801,165319700.0,128965896.0
1753461463084,16:37:43.084,ADA/USDT:USDT,,,,,0.7801,165319700.0,128965896.0
1753461466086,16:37:46.086,ADA/USDT:USDT,,,,,0.7807,165319800.0,129065166.0
1753461467094,16:37:47.094,ADA/USDT:USDT,,,,,0.7805,165325880.0,129036848.0
1753461472069,16:37:52.069,ADA/USDT:USDT,,,,,0.7808,165327080.0,129087384.0
1753461473070,16:37:53.070,ADA/USDT:USDT,,,,,0.7808,165327080.0,129087384.0
1753461474084,16:37:54.084,ADA/USDT:USDT,,,,,0.781,165345800.0,129135068.0
1753461481098,16:38:01.098,ADA/USDT:USDT,,,,,0.7809,165340580.0,129114458.0
1753461485079,16:38:05.079,ADA/USDT:USDT,,,,,0.7807,165340680.0,129081468.0
1753461486069,16:38:06.069,ADA/USDT:USDT,,,,,0.7807,165340680.0,129081468.0
1753461488078,16:38:08.078,ADA/USDT:USDT,,,,,0.7806,165359140.0,129079344.0
1753461490072,16:38:10.072,ADA/USDT:USDT,,,,,0.7806,165359140.0,129079344.0
1753461496077,16:38:16.077,ADA/USDT:USDT,,,,,0.7806,165361580.0,129081248.0
1753461500080,16:38:20.080,ADA/USDT:USDT,,,,,0.7803,165381080.0,129046856.0
1753461501091,16:38:21.091,ADA/USDT:USDT,,,,,0.7803,165381080.0,129046856.0
1753461502091,16:38:22.091,ADA/USDT:USDT,,,,,0.7803,165381080.0,129046856.0
1753461507082,16:38:27.082,ADA/USDT:USDT,,,,,0.7806,165381320.0,129096658.0
1753461508136,16:38:28.136,ADA/USDT:USDT,,,,,0.7806,165381320.0,129096658.0
1753461509124,16:38:29.124,ADA/USDT:USDT,,,,,0.7814,165427180.0,129264798.0
1753461510089,16:38:30.089,ADA/USDT:USDT,,,,,0.7817,165427560.0,129314722.0
1753461511073,16:38:31.073,ADA/USDT:USDT,,,,,0.7818,165427800.0,129331454.0
1753461512076,16:38:32.076,ADA/USDT:USDT,,,,,0.782,165428060.0,129364742.0
1753461513081,16:38:33.081,ADA/USDT:USDT,,,,,0.782,165428540.0,129365118.0
1753461514087,16:38:34.087,ADA/USDT:USDT,,,,,0.7823,165428920.0,129415044.0
1753461515076,16:38:35.076,ADA/USDT:USDT,,,,,0.7823,165428920.0,129415044.0
1753461522092,16:38:42.092,ADA/USDT:USDT,,,,,0.7821,165429180.0,129382160.0
1753461523081,16:38:43.081,ADA/USDT:USDT,,,,,0.7821,165429180.0,129382160.0
1753461528080,16:38:48.080,ADA/USDT:USDT,,,,,0.7819,165448180.0,129363930.0
1753461530089,16:38:50.089,ADA/USDT:USDT,,,,,0.7819,165449440.0,129364916.0
1753461535077,16:38:55.077,ADA/USDT:USDT,,,,,0.782,165449680.0,129381648.0
1753461537093,16:38:57.093,ADA/USDT:USDT,,,,,0.782,165471060.0,129398368.0
1753461538094,16:38:58.094,ADA/USDT:USDT,,,,,0.7822,165471300.0,129431650.0
1753461539072,16:38:59.072,ADA/USDT:USDT,,,,,0.7822,165471300.0,129431650.0
1753461540072,16:39:00.072,ADA/USDT:USDT,,,,,0.7822,165492180.0,129447982.0
1753461541086,16:39:01.086,ADA/USDT:USDT,,,,,0.7822,165468100.0,129429146.0
1753461544094,16:39:04.094,ADA/USDT:USDT,,,,,0.7822,165468100.0,129429146.0
1753461545067,16:39:05.067,ADA/USDT:USDT,,,,,0.7822,165468100.0,129429146.0
1753461546077,16:39:06.077,ADA/USDT:USDT,,,,,0.7816,165468120.0,129329882.0
1753461547075,16:39:07.075,ADA/USDT:USDT,,,,,0.7816,165468120.0,129329882.0
1753461549077,16:39:09.077,ADA/USDT:USDT,,,,,0.7815,165468140.0,129313350.0
1753461550080,16:39:10.080,ADA/USDT:USDT,,,,,0.7815,165468140.0,129313350.0
1753461552074,16:39:12.074,ADA/USDT:USDT,,,,,0.7815,165468140.0,129313350.0
1753461553118,16:39:13.118,ADA/USDT:USDT,,,,,0.7814,165468160.0,129296820.0
1753461555067,16:39:15.067,ADA/USDT:USDT,,,,,0.7814,165468160.0,129296820.0
1753461564076,16:39:24.076,ADA/USDT:USDT,,,,,0.7814,165468160.0,129296820.0
1753461566102,16:39:26.102,ADA/USDT:USDT,,,,,0.7808,165491380.0,129215668.0
1753461567082,16:39:27.082,ADA/USDT:USDT,,,,,0.7808,165491380.0,129215668.0
1753461569071,16:39:29.071,ADA/USDT:USDT,,,,,0.7808,165491380.0,129215668.0
1753461570073,16:39:30.073,ADA/USDT:USDT,,,,,0.781,165491880.0,129249158.0
1753461573079,16:39:33.079,ADA/USDT:USDT,,,,,0.7807,165491980.0,129199588.0
1753461574077,16:39:34.077,ADA/USDT:USDT,,,,,0.7806,165492000.0,129183054.0
1753461576093,16:39:36.093,ADA/USDT:USDT,,,,,0.7807,165492120.0,129199698.0
1753461579087,16:39:39.087,ADA/USDT:USDT,,,,,0.7808,165512340.0,129232034.0
1753461587084,16:39:47.084,ADA/USDT:USDT,,,,,0.7807,165536900.0,129234656.0
1753461588089,16:39:48.089,ADA/USDT:USDT,,,,,0.7807,165536900.0,129234656.0
1753461596092,16:39:56.092,ADA/USDT:USDT,,,,,0.7807,165536900.0,129234656.0
1753461597089,16:39:57.089,ADA/USDT:USDT,,,,,0.7807,165536900.0,129234656.0
1753461600078,16:40:00.078,ADA/USDT:USDT,,,,,0.7814,165557500.0,129366630.0
1753461601087,16:40:01.087,ADA/USDT:USDT,,,,,0.7815,165580920.0,129401488.0
1753461602073,16:40:02.073,ADA/USDT:USDT,,,,,0.7815,165580920.0,129401488.0
1753461603087,16:40:03.087,ADA/USDT:USDT,,,,,0.7815,165580920.0,129401488.0
1753461604068,16:40:04.068,ADA/USDT:USDT,,,,,0.7815,165580920.0,129401488.0
1753461605069,16:40:05.069,ADA/USDT:USDT,,,,,0.7815,165580920.0,129401488.0
1753461606079,16:40:06.079,ADA/USDT:USDT,,,,,0.7813,165581780.0,129369044.0
1753461607072,16:40:07.072,ADA/USDT:USDT,,,,,0.7813,165581780.0,129369044.0
1753461609087,16:40:09.087,ADA/USDT:USDT,,,,,0.7812,165593400.0,129361564.0
1753461616082,16:40:16.082,ADA/USDT:USDT,,,,,0.7815,165593640.0,129411428.0
1753461617082,16:40:17.082,ADA/USDT:USDT,,,,,0.7815,165593640.0,129411428.0
1753461629084,16:40:29.084,ADA/USDT:USDT,,,,,0.7815,165593900.0,129411632.0
1753461630084,16:40:30.084,ADA/USDT:USDT,,,,,0.7818,165595120.0,129462264.0
1753461631079,16:40:31.079,ADA/USDT:USDT,,,,,0.7818,165595120.0,129462264.0
1753461638145,16:40:38.145,ADA/USDT:USDT,,,,,0.7819,165595360.0,129479010.0
1753461640083,16:40:40.083,ADA/USDT:USDT,,,,,0.7819,165595460.0,129479090.0
1753461648069,16:40:48.069,ADA/USDT:USDT,,,,,0.7819,165595460.0,129479090.0
1753461650085,16:40:50.085,ADA/USDT:USDT,,,,,0.782,165620840.0,129515496.0
1753461651079,16:40:51.079,ADA/USDT:USDT,,,,,0.782,165620840.0,129515496.0
1753461654082,16:40:54.082,ADA/USDT:USDT,,,,,0.7818,165633360.0,129492160.0
1753461655069,16:40:55.069,ADA/USDT:USDT,,,,,0.7818,165633360.0,129492160.0
1753461656137,16:40:56.137,ADA/USDT:USDT,,,,,0.7818,165633360.0,129492160.0
1753461659074,16:40:59.074,ADA/USDT:USDT,,,,,0.782,165661220.0,129547074.0
1753461660100,16:41:00.100,ADA/USDT:USDT,,,,,0.782,165616060.0,129511758.0
1753461664069,16:41:04.069,ADA/USDT:USDT,,,,,0.782,165616320.0,129511962.0
1753461666079,16:41:06.079,ADA/USDT:USDT,,,,,0.7822,165616340.0,129545100.0
1753461667076,16:41:07.076,ADA/USDT:USDT,,,,,0.7828,165647480.0,129668846.0
1753461668077,16:41:08.077,ADA/USDT:USDT,,,,,0.7834,165667180.0,129783668.0
1753461669091,16:41:09.091,ADA/USDT:USDT,,,,,0.7835,165668420.0,129801206.0
1753461670080,16:41:10.080,ADA/USDT:USDT,,,,,0.7835,165668420.0,129801206.0
1753461671104,16:41:11.104,ADA/USDT:USDT,,,,,0.7828,165668440.0,129685254.0
1753461672080,16:41:12.080,ADA/USDT:USDT,,,,,0.7826,165668480.0,129652152.0
1753461674099,16:41:14.099,ADA/USDT:USDT,,,,,0.7826,165668480.0,129652152.0
1753461677069,16:41:17.069,ADA/USDT:USDT,,,,,0.7826,165668480.0,129652152.0
1753461679103,16:41:19.103,ADA/USDT:USDT,,,,,0.7826,165668480.0,129652152.0
1753461680095,16:41:20.095,ADA/USDT:USDT,,,,,0.7833,165668740.0,129768324.0
1753461681091,16:41:21.091,ADA/USDT:USDT,,,,,0.7833,165668740.0,129768324.0
1753461682092,16:41:22.092,ADA/USDT:USDT,,,,,0.7833,165668740.0,129768324.0
1753461685082,16:41:25.082,ADA/USDT:USDT,,,,,0.7837,165669980.0,129835562.0
1753461686097,16:41:26.097,ADA/USDT:USDT,,,,,0.7837,165669980.0,129835562.0
1753461696099,16:41:36.099,ADA/USDT:USDT,,,,,0.7837,165669980.0,129835562.0
1753461698082,16:41:38.082,ADA/USDT:USDT,,,,,0.7838,165670000.0,129852146.0
1753461699071,16:41:39.071,ADA/USDT:USDT,,,,,0.7838,165670000.0,129852146.0
1753461700110,16:41:40.110,ADA/USDT:USDT,,,,,0.7836,165670240.0,129819200.0
1753461701084,16:41:41.084,ADA/USDT:USDT,,,,,0.7834,165670480.0,129786254.0
1753461702100,16:41:42.100,ADA/USDT:USDT,,,,,0.7834,165670480.0,129786254.0
1753461705071,16:41:45.071,ADA/USDT:USDT,,,,,0.7834,165670480.0,129786254.0
1753461706083,16:41:46.083,ADA/USDT:USDT,,,,,0.7837,165670740.0,129836158.0
1753461707089,16:41:47.089,ADA/USDT:USDT,,,,,0.7839,165670760.0,129869308.0
1753461708086,16:41:48.086,ADA/USDT:USDT,,,,,0.7839,165671020.0,129869512.0
1753461709067,16:41:49.067,ADA/USDT:USDT,,,,,0.7839,165671020.0,129869512.0
1753461713086,16:41:53.086,ADA/USDT:USDT,,,,,0.7839,165703140.0,129894690.0
1753461719081,16:41:59.081,ADA/USDT:USDT,,,,,0.784,165703580.0,129911606.0
1753461720074,16:42:00.074,ADA/USDT:USDT,,,,,0.784,165703580.0,129911606.0
1753461721097,16:42:01.097,ADA/USDT:USDT,,,,,0.7841,165736820.0,129954240.0
1753461722094,16:42:02.094,ADA/USDT:USDT,,,,,0.7841,165736820.0,129954240.0
1753461723098,16:42:03.098,ADA/USDT:USDT,,,,,0.7844,165737200.0,130004258.0
1753461724074,16:42:04.074,ADA/USDT:USDT,,,,,0.7844,165737200.0,130004258.0
1753461729074,16:42:09.074,ADA/USDT:USDT,,,,,0.7849,165751600.0,130098430.0
1753461730095,16:42:10.095,ADA/USDT:USDT,,,,,0.7849,165751600.0,130098430.0
1753461731092,16:42:11.092,ADA/USDT:USDT,,,,,0.7849,165751600.0,130098430.0
1753461732086,16:42:12.086,ADA/USDT:USDT,,,,,0.7849,165751600.0,130098430.0
1753461733080,16:42:13.080,ADA/USDT:USDT,,,,,0.7849,165751600.0,130098430.0
1753461734102,16:42:14.102,ADA/USDT:USDT,,,,,0.7845,165782060.0,130056026.0
1753461736090,16:42:16.090,ADA/USDT:USDT,,,,,0.7848,165782300.0,130105948.0
1753461740075,16:42:20.075,ADA/USDT:USDT,,,,,0.7847,165813880.0,130114150.0
1753461741079,16:42:21.079,ADA/USDT:USDT,,,,,0.7846,165814120.0,130097758.0
1753461742086,16:42:22.086,ADA/USDT:USDT,,,,,0.7846,165814120.0,130097758.0
1753461743090,16:42:23.090,ADA/USDT:USDT,,,,,0.7846,165814120.0,130097758.0
1753461745075,16:42:25.075,ADA/USDT:USDT,,,,,0.785,165814380.0,130164288.0
1753461746068,16:42:26.068,ADA/USDT:USDT,,,,,0.785,165814620.0,130164476.0
1753461755071,16:42:35.071,ADA/USDT:USDT,,,,,0.7847,165845760.0,130139166.0
1753461756072,16:42:36.072,ADA/USDT:USDT,,,,,0.7847,165845760.0,130139166.0
1753461757079,16:42:37.079,ADA/USDT:USDT,,,,,0.7847,165845760.0,130139166.0
1753461758070,16:42:38.070,ADA/USDT:USDT,,,,,0.7849,165894420.0,130210530.0
1753461761086,16:42:41.086,ADA/USDT:USDT,,,,,0.7845,165894660.0,130144360.0
1753461762087,16:42:42.087,ADA/USDT:USDT,,,,,0.7845,165894660.0,130144360.0
1753461764074,16:42:44.074,ADA/USDT:USDT,,,,,0.7845,165894660.0,130144360.0
1753461765083,16:42:45.083,ADA/USDT:USDT,,,,,0.7843,165894900.0,130111370.0
1753461767086,16:42:47.086,ADA/USDT:USDT,,,,,0.7843,165894900.0,130111370.0
1753461769074,16:42:49.074,ADA/USDT:USDT,,,,,0.7841,165896100.0,130079132.0
1753461771069,16:42:51.069,ADA/USDT:USDT,,,,,0.7841,165896100.0,130079132.0
1753461775088,16:42:55.088,ADA/USDT:USDT,,,,,0.7841,165896100.0,130079132.0
1753461777082,16:42:57.082,ADA/USDT:USDT,,,,,0.7838,165896140.0,130029394.0
1753461779081,16:42:59.081,ADA/USDT:USDT,,,,,0.7838,165896140.0,130029394.0
1753461780081,16:43:00.081,ADA/USDT:USDT,,,,,0.7836,165897620.0,129997374.0
1753461781088,16:43:01.088,ADA/USDT:USDT,,,,,0.7836,165927700.0,130020944.0
1753461783071,16:43:03.071,ADA/USDT:USDT,,,,,0.784,165927940.0,130087504.0
1753461787070,16:43:07.070,ADA/USDT:USDT,,,,,0.784,165927940.0,130087504.0
1753461788070,16:43:08.070,ADA/USDT:USDT,,,,,0.7837,165929380.0,130038854.0
1753461789073,16:43:09.073,ADA/USDT:USDT,,,,,0.7837,165929380.0,130038854.0
1753461790072,16:43:10.072,ADA/USDT:USDT,,,,,0.7837,165929380.0,130038854.0
1753461791070,16:43:11.070,ADA/USDT:USDT,,,,,0.7836,165929620.0,130022450.0
1753461794119,16:43:14.119,ADA/USDT:USDT,,,,,0.7836,165954580.0,130042008.0
1753461795081,16:43:15.081,ADA/USDT:USDT,,,,,0.7836,165954580.0,130042008.0
1753461796078,16:43:16.078,ADA/USDT:USDT,,,,,0.7836,165954580.0,130042008.0
1753461798112,16:43:18.112,ADA/USDT:USDT,,,,,0.7836,165954580.0,130042008.0
1753461800088,16:43:20.088,ADA/USDT:USDT,,,,,0.7836,165954580.0,130042008.0
1753461801083,16:43:21.083,ADA/USDT:USDT,,,,,0.7835,165957060.0,130027356.0
1753461802090,16:43:22.090,ADA/USDT:USDT,,,,,0.7836,165967200.0,130051896.0
1753461807083,16:43:27.083,ADA/USDT:USDT,,,,,0.7836,165967200.0,130051896.0
1753461808067,16:43:28.067,ADA/USDT:USDT,,,,,0.7836,165967200.0,130051896.0
1753461809080,16:43:29.080,ADA/USDT:USDT,,,,,0.7836,165967200.0,130051896.0
1753461810092,16:43:30.092,ADA/USDT:USDT,,,,,0.7837,165967280.0,130068556.0
1753461811085,16:43:31.085,ADA/USDT:USDT,,,,,0.7839,165968640.0,130102816.0
1753461812070,16:43:32.070,ADA/USDT:USDT,,,,,0.7839,165993380.0,130122210.0
1753461815075,16:43:35.075,ADA/USDT:USDT,,,,,0.7839,165993380.0,130122210.0
1753461818091,16:43:38.091,ADA/USDT:USDT,,,,,0.7839,165993380.0,130122210.0
1753461819076,16:43:39.076,ADA/USDT:USDT,,,,,0.7839,165993380.0,130122210.0
1753461822086,16:43:42.086,ADA/USDT:USDT,,,,,0.7839,165993380.0,130122210.0
1753461823073,16:43:43.073,ADA/USDT:USDT,,,,,0.7839,165993380.0,130122210.0
1753461829077,16:43:49.077,ADA/USDT:USDT,,,,,0.7839,165993380.0,130122210.0
1753461834071,16:43:54.071,ADA/USDT:USDT,,,,,0.7839,165993380.0,130122210.0
1753461836086,16:43:56.086,ADA/USDT:USDT,,,,,0.7839,165993380.0,130122210.0
1753461839067,16:43:59.067,ADA/USDT:USDT,,,,,0.7846,165993400.0,130238420.0
1753461840077,16:44:00.077,ADA/USDT:USDT,,,,,0.7847,165993420.0,130255036.0
1753461841081,16:44:01.081,ADA/USDT:USDT,,,,,0.7847,165995860.0,130256950.0
1753461843082,16:44:03.082,ADA/USDT:USDT,,,,,0.7848,165996460.0,130274020.0
1753461844067,16:44:04.067,ADA/USDT:USDT,,,,,0.7848,165996460.0,130274020.0
1753461854069,16:44:14.069,ADA/USDT:USDT,,,,,0.7848,165996460.0,130274020.0
1753461857080,16:44:17.080,ADA/USDT:USDT,,,,,0.7846,165996700.0,130241010.0
1753461858076,16:44:18.076,ADA/USDT:USDT,,,,,0.7846,165996700.0,130241010.0
