timestamp,time,symbol,bid,bidVolume,ask,askVolume,lastPrice,baseVolume,quoteVolume
1753460897822,16:28:17.822,AAVE/USDT:USDT,287.67,54.5,287.68,1.2,287.63,5759059.8,
1753460898319,16:28:18.319,AAVE/USDT:USDT,287.67,75.8,287.68,1.2,287.63,5759059.8,
1753460898604,16:28:18.604,AAVE/USDT:USDT,287.67,342.7,287.7,0.8,287.68,5759061.0,
1753460898706,16:28:18.706,AAVE/USDT:USDT,287.69,180.7,287.7,0.1,287.7,5759061.1,
1753460898909,16:28:18.909,AAVE/USDT:USDT,287.73,114.2,287.74,0.1,287.72,5759061.3,
1753460899018,16:28:19.018,AAVE/USDT:USDT,287.73,218.7,287.75,0.3,287.74,5759061.4,
1753460899119,16:28:19.119,AAVE/USDT:USDT,287.75,398.5,287.76,0.6,287.74,5759061.4,
1753460899274,16:28:19.274,AAVE/USDT:USDT,287.75,308.9,287.76,0.6,287.74,5759061.4,
1753460899375,16:28:19.375,AAVE/USDT:USDT,287.75,428.9,287.76,0.5,287.76,5759061.5,
1753460899479,16:28:19.479,AAVE/USDT:USDT,287.79,127.3,287.8,0.2,287.78,5759062.4,
1753460899581,16:28:19.581,AAVE/USDT:USDT,287.79,127.5,287.8,0.2,287.78,5759062.4,
1753460899856,16:28:19.856,AAVE/USDT:USDT,287.8,0.2,287.82,202.7,287.82,5759063.4,
1753460901115,16:28:21.115,AAVE/USDT:USDT,287.75,21.4,287.76,48.7,287.75,5759264.1,
1753460901318,16:28:21.318,AAVE/USDT:USDT,287.79,45.3,287.8,45.4,287.75,5759264.1,
1753460901418,16:28:21.418,AAVE/USDT:USDT,287.77,7.6,287.78,193.3,287.75,5759264.1,
1753460901573,16:28:21.573,AAVE/USDT:USDT,287.77,7.8,287.78,193.5,287.75,5759264.1,
1753460901676,16:28:21.676,AAVE/USDT:USDT,287.77,7.8,287.78,200.4,287.75,5759264.1,
1753460901777,16:28:21.777,AAVE/USDT:USDT,287.77,7.8,287.78,193.5,287.75,5759264.1,
1753460901913,16:28:21.913,AAVE/USDT:USDT,287.76,0.1,287.78,233.3,287.77,5759271.9,
1753460902016,16:28:22.016,AAVE/USDT:USDT,287.75,21.2,287.76,288.9,287.77,5759271.9,
1753460902117,16:28:22.117,AAVE/USDT:USDT,287.75,21.4,287.76,311.2,287.77,5759271.9,
1753460902217,16:28:22.217,AAVE/USDT:USDT,287.75,21.4,287.76,221.8,287.77,5759271.9,
1753460902319,16:28:22.319,AAVE/USDT:USDT,287.75,30.5,287.76,142.3,287.77,5759271.9,
1753460902424,16:28:22.424,AAVE/USDT:USDT,287.75,30.5,287.76,117.3,287.77,5759271.9,
1753460902649,16:28:22.649,AAVE/USDT:USDT,287.75,9.7,287.76,147.4,287.75,5759292.5,
1753460902794,16:28:22.794,AAVE/USDT:USDT,287.72,0.1,287.73,239.8,287.75,5759302.2,
1753460902915,16:28:22.915,AAVE/USDT:USDT,287.72,0.1,287.73,264.2,287.75,5759302.2,
1753460903119,16:28:23.119,AAVE/USDT:USDT,287.7,0.5,287.72,45.2,287.72,5759302.3,
1753460903220,16:28:23.220,AAVE/USDT:USDT,287.7,0.2,287.71,264.9,287.72,5759302.3,
1753460903373,16:28:23.373,AAVE/USDT:USDT,287.68,45.4,287.69,15.6,287.72,5759302.3,
1753460903497,16:28:23.497,AAVE/USDT:USDT,287.69,61.2,287.7,26.7,287.72,5759302.3,
1753460903599,16:28:23.599,AAVE/USDT:USDT,287.69,131.8,287.7,0.1,287.72,5759302.3,
1753460903712,16:28:23.712,AAVE/USDT:USDT,287.69,61.0,287.7,0.1,287.72,5759302.3,
1753460903818,16:28:23.818,AAVE/USDT:USDT,287.69,61.2,287.7,0.1,287.72,5759302.3,
1753460904134,16:28:24.134,AAVE/USDT:USDT,287.69,7.0,287.7,141.6,287.72,5759302.3,
1753460904244,16:28:24.244,AAVE/USDT:USDT,287.69,67.4,287.7,141.8,287.72,5759302.3,
1753460904591,16:28:24.591,AAVE/USDT:USDT,287.7,45.5,287.71,0.2,287.72,5759302.3,
1753460904725,16:28:24.725,AAVE/USDT:USDT,287.7,71.9,287.71,0.2,287.72,5759302.3,
1753460905084,16:28:25.084,AAVE/USDT:USDT,287.7,21.3,287.71,62.3,287.72,5759302.3,
1753460905303,16:28:25.303,AAVE/USDT:USDT,287.7,61.4,287.71,1.2,287.72,5759302.3,
1753460905515,16:28:25.515,AAVE/USDT:USDT,287.7,103.9,287.71,1.2,287.72,5759302.3,
1753460905880,16:28:25.880,AAVE/USDT:USDT,287.7,3.7,287.71,148.2,287.7,5759359.7,
1753460906013,16:28:26.013,AAVE/USDT:USDT,287.7,3.7,287.71,155.1,287.7,5759359.7,
1753460906117,16:28:26.117,AAVE/USDT:USDT,287.7,3.7,287.71,147.5,287.7,5759359.7,
1753460906219,16:28:26.219,AAVE/USDT:USDT,287.7,3.7,287.71,169.6,287.7,5759359.7,
1753460906597,16:28:26.597,AAVE/USDT:USDT,287.7,122.2,287.71,8.7,287.7,5759359.7,
1753460906970,16:28:26.970,AAVE/USDT:USDT,287.7,125.5,287.71,1.8,287.7,5759359.7,
1753460907072,16:28:27.072,AAVE/USDT:USDT,287.7,206.8,287.71,1.8,287.7,5759359.7,
1753460907211,16:28:27.211,AAVE/USDT:USDT,287.7,107.0,287.71,1.8,287.7,5759359.7,
1753460907459,16:28:27.459,AAVE/USDT:USDT,287.7,188.5,287.71,1.6,287.71,5759359.9,
1753460907587,16:28:27.587,AAVE/USDT:USDT,287.73,161.4,287.75,0.3,287.74,5759362.7,
1753460907916,16:28:27.916,AAVE/USDT:USDT,287.77,192.3,287.78,0.1,287.76,5759369.4,
1753460908017,16:28:28.017,AAVE/USDT:USDT,287.77,121.8,287.78,0.1,287.76,5759369.4,
1753460908120,16:28:28.120,AAVE/USDT:USDT,287.81,105.4,287.82,3.7,287.8,5759370.4,
1753460908234,16:28:28.234,AAVE/USDT:USDT,287.81,93.4,287.82,3.9,287.8,5759370.4,
1753460908334,16:28:28.334,AAVE/USDT:USDT,287.81,111.8,287.83,0.3,287.82,5759374.3,
1753460908445,16:28:28.445,AAVE/USDT:USDT,287.83,141.7,287.84,1.0,287.82,5759374.3,
1753460908579,16:28:28.579,AAVE/USDT:USDT,287.83,125.7,287.84,1.0,287.82,5759374.3,
1753460908690,16:28:28.690,AAVE/USDT:USDT,287.83,6.8,287.84,133.5,287.82,5759374.3,
1753460908810,16:28:28.810,AAVE/USDT:USDT,287.83,7.0,287.84,140.6,287.82,5759374.3,
1753460908913,16:28:28.913,AAVE/USDT:USDT,287.83,7.0,287.84,215.2,287.82,5759374.3,
1753460909015,16:28:29.015,AAVE/USDT:USDT,287.83,7.0,287.84,222.1,287.82,5759374.3,
1753460909376,16:28:29.376,AAVE/USDT:USDT,287.79,0.3,287.81,119.2,287.8,5759385.6,
1753460909519,16:28:29.519,AAVE/USDT:USDT,287.73,67.8,287.74,36.6,287.8,5759385.6,
1753460909745,16:28:29.745,AAVE/USDT:USDT,287.72,0.1,287.73,231.1,287.8,5759385.6,
1753460909879,16:28:29.879,AAVE/USDT:USDT,287.72,10.8,287.73,247.2,287.8,5759385.6,
1753460910217,16:28:30.217,AAVE/USDT:USDT,287.72,37.2,287.73,45.3,287.8,5759385.6,
1753460910470,16:28:30.470,AAVE/USDT:USDT,287.73,59.3,287.74,26.6,287.8,5759385.6,
1753460910977,16:28:30.977,AAVE/USDT:USDT,287.73,14.0,287.74,153.4,287.8,5759385.6,
1753460911081,16:28:31.081,AAVE/USDT:USDT,287.73,13.1,287.74,170.0,287.8,5759385.6,
1753460911181,16:28:31.181,AAVE/USDT:USDT,287.73,0.3,287.74,170.0,287.73,5759398.4,
1753460911294,16:28:31.294,AAVE/USDT:USDT,287.69,0.5,287.73,328.9,287.7,5759399.4,
1753460911403,16:28:31.403,AAVE/USDT:USDT,287.68,0.1,287.69,255.5,287.7,5759399.4,
1753460912223,16:28:32.223,AAVE/USDT:USDT,287.68,41.7,287.7,71.1,287.7,5759399.4,
1753460912324,16:28:32.324,AAVE/USDT:USDT,287.69,0.2,287.7,71.2,287.7,5759399.4,
1753460912471,16:28:32.471,AAVE/USDT:USDT,287.68,0.2,287.69,178.5,287.7,5759399.4,
1753460912616,16:28:32.616,AAVE/USDT:USDT,287.68,0.2,287.69,196.8,287.7,5759399.4,
1753460912721,16:28:32.721,AAVE/USDT:USDT,287.68,0.2,287.69,208.9,287.7,5759399.4,
1753460913119,16:28:33.119,AAVE/USDT:USDT,287.68,0.2,287.69,197.2,287.7,5759399.4,
1753460913264,16:28:33.264,AAVE/USDT:USDT,287.68,26.8,287.69,23.2,287.7,5759399.4,
1753460913395,16:28:33.395,AAVE/USDT:USDT,287.68,49.6,287.69,45.7,287.7,5759399.4,
1753460913515,16:28:33.515,AAVE/USDT:USDT,287.68,0.3,287.69,145.4,287.7,5759399.4,
1753460913616,16:28:33.616,AAVE/USDT:USDT,287.68,0.3,287.69,145.6,287.7,5759399.4,
1753460913771,16:28:33.771,AAVE/USDT:USDT,287.68,0.3,287.69,64.1,287.7,5759399.4,
1753460913877,16:28:33.877,AAVE/USDT:USDT,287.68,0.3,287.69,145.6,287.7,5759399.4,
1753460914015,16:28:34.015,AAVE/USDT:USDT,287.68,23.1,287.69,45.9,287.7,5759399.4,
1753460914116,16:28:34.116,AAVE/USDT:USDT,287.68,49.7,287.69,45.9,287.7,5759399.4,
1753460914445,16:28:34.445,AAVE/USDT:USDT,287.68,0.3,287.69,146.6,287.7,5759399.4,
1753460914689,16:28:34.689,AAVE/USDT:USDT,287.68,45.8,287.69,45.9,287.7,5759399.4,
1753460915311,16:28:35.311,AAVE/USDT:USDT,287.68,72.2,287.69,45.9,287.7,5759399.4,
1753460915725,16:28:35.725,AAVE/USDT:USDT,287.72,117.3,287.73,0.4,287.7,5759399.9,
1753460915946,16:28:35.946,AAVE/USDT:USDT,287.72,210.4,287.73,0.4,287.7,5759399.9,
1753460916317,16:28:36.317,AAVE/USDT:USDT,287.7,49.9,287.73,66.4,287.7,5759399.9,
1753460916415,16:28:36.415,AAVE/USDT:USDT,287.69,103.3,287.71,0.8,287.7,5759400.1,
1753460916517,16:28:36.517,AAVE/USDT:USDT,287.7,156.8,287.73,0.3,287.71,5759408.0,
1753460916631,16:28:36.631,AAVE/USDT:USDT,287.73,220.6,287.74,0.1,287.71,5759408.0,
1753460916785,16:28:36.785,AAVE/USDT:USDT,287.73,141.8,287.74,0.1,287.71,5759408.0,
1753460917019,16:28:37.019,AAVE/USDT:USDT,287.73,85.9,287.74,0.1,287.71,5759408.0,
1753460917381,16:28:37.381,AAVE/USDT:USDT,287.73,99.4,287.74,0.1,287.71,5759408.0,
1753460917487,16:28:37.487,AAVE/USDT:USDT,287.73,194.5,287.74,0.1,287.71,5759408.0,
1753460917716,16:28:37.716,AAVE/USDT:USDT,287.73,113.0,287.74,0.1,287.71,5759408.0,
1753460917871,16:28:37.871,AAVE/USDT:USDT,287.7,45.5,287.71,230.3,287.73,5759449.1,
1753460917974,16:28:37.974,AAVE/USDT:USDT,287.7,99.1,287.73,45.6,287.73,5759449.1,
1753460918082,16:28:38.082,AAVE/USDT:USDT,287.73,46.3,287.74,0.1,287.73,5759449.1,
1753460918315,16:28:38.315,AAVE/USDT:USDT,287.73,59.8,287.74,0.1,287.73,5759449.1,
1753460918418,16:28:38.418,AAVE/USDT:USDT,287.73,133.0,287.74,0.1,287.73,5759449.1,
1753460918527,16:28:38.527,AAVE/USDT:USDT,287.75,169.0,287.77,0.3,287.76,5759458.2,
1753460918628,16:28:38.628,AAVE/USDT:USDT,287.77,213.5,287.8,0.6,287.79,5759458.6,
1753460918729,16:28:38.729,AAVE/USDT:USDT,287.79,59.6,287.8,0.2,287.79,5759458.6,
1753460918878,16:28:38.878,AAVE/USDT:USDT,287.79,132.8,287.8,0.2,287.79,5759458.6,
1753460918979,16:28:38.979,AAVE/USDT:USDT,287.8,92.5,287.82,0.5,287.81,5759459.1,
1753460919080,16:28:39.080,AAVE/USDT:USDT,287.83,201.5,287.85,7.6,287.84,5759462.4,
1753460919200,16:28:39.200,AAVE/USDT:USDT,287.84,223.9,287.85,7.5,287.84,5759462.4,
1753460919415,16:28:39.415,AAVE/USDT:USDT,287.84,32.0,287.85,89.9,287.84,5759462.4,
1753460919517,16:28:39.517,AAVE/USDT:USDT,287.82,0.3,287.85,52.6,287.84,5759463.4,
1753460919618,16:28:39.618,AAVE/USDT:USDT,287.76,66.8,287.77,142.2,287.79,5759510.4,
1753460919724,16:28:39.724,AAVE/USDT:USDT,287.76,25.2,287.77,124.5,287.79,5759510.4,
1753460919978,16:28:39.978,AAVE/USDT:USDT,287.76,0.1,287.77,153.8,287.79,5759510.4,
1753460920216,16:28:40.216,AAVE/USDT:USDT,287.76,0.1,287.77,160.8,287.79,5759510.4,
1753460920671,16:28:40.671,AAVE/USDT:USDT,287.76,0.1,287.77,154.2,287.79,5759510.4,
1753460920779,16:28:40.779,AAVE/USDT:USDT,287.76,0.1,287.77,143.1,287.79,5759510.4,
1753460921306,16:28:41.306,AAVE/USDT:USDT,287.76,0.1,287.77,124.9,287.79,5759510.4,
1753460921420,16:28:41.420,AAVE/USDT:USDT,287.76,0.1,287.77,127.2,287.79,5759510.4,
1753460921572,16:28:41.572,AAVE/USDT:USDT,287.76,0.5,287.77,157.9,287.79,5759510.4,
1753460922301,16:28:42.301,AAVE/USDT:USDT,287.76,0.5,287.77,169.0,287.79,5759510.4,
1753460922520,16:28:42.520,AAVE/USDT:USDT,287.68,54.0,287.7,24.0,287.69,5759608.2,
1753460922623,16:28:42.623,AAVE/USDT:USDT,287.66,0.4,287.69,312.9,287.68,5759610.2,
1753460922726,16:28:42.726,AAVE/USDT:USDT,287.66,0.1,287.67,230.7,287.68,5759610.2,
1753460923112,16:28:43.112,AAVE/USDT:USDT,287.66,0.1,287.67,242.6,287.68,5759610.2,
1753460923472,16:28:43.472,AAVE/USDT:USDT,287.66,7.0,287.67,235.4,287.68,5759610.2,
1753460923713,16:28:43.713,AAVE/USDT:USDT,287.66,7.0,287.67,106.8,287.68,5759610.2,
1753460923813,16:28:43.813,AAVE/USDT:USDT,287.66,26.9,287.67,60.4,287.68,5759610.2,
1753460923916,16:28:43.916,AAVE/USDT:USDT,287.66,33.4,287.67,141.9,287.68,5759610.2,
1753460924018,16:28:44.018,AAVE/USDT:USDT,287.66,7.0,287.67,159.8,287.68,5759610.2,
1753460924622,16:28:44.622,AAVE/USDT:USDT,287.66,6.9,287.67,159.8,287.68,5759610.2,
1753460925000,16:28:45.000,AAVE/USDT:USDT,287.62,301.6,287.63,173.1,287.64,5759617.5,
1753460925104,16:28:45.104,AAVE/USDT:USDT,287.6,0.6,287.61,98.7,287.6,5759919.6,
1753460925355,16:28:45.355,AAVE/USDT:USDT,287.6,0.8,287.61,192.5,287.6,5759919.6,
1753460925612,16:28:45.612,AAVE/USDT:USDT,287.6,0.8,287.61,191.8,287.6,5759919.6,
1753460925717,16:28:45.717,AAVE/USDT:USDT,287.6,0.8,287.61,203.6,287.6,5759919.6,
1753460926570,16:28:46.570,AAVE/USDT:USDT,287.6,0.8,287.61,66.0,287.6,5759919.6,
1753460926673,16:28:46.673,AAVE/USDT:USDT,287.6,2.3,287.61,147.3,287.6,5759919.6,
1753460926779,16:28:46.779,AAVE/USDT:USDT,287.6,2.3,287.61,65.9,287.6,5759919.6,
1753460926900,16:28:46.900,AAVE/USDT:USDT,287.6,47.6,287.61,50.2,287.6,5759919.6,
1753460927015,16:28:47.015,AAVE/USDT:USDT,287.63,108.6,287.66,0.3,287.64,5759939.4,
1753460927115,16:28:47.115,AAVE/USDT:USDT,287.66,111.6,287.67,45.5,287.64,5759939.4,
1753460927223,16:28:47.223,AAVE/USDT:USDT,287.66,0.6,287.67,163.1,287.64,5759939.4,
1753460927470,16:28:47.470,AAVE/USDT:USDT,287.66,2.3,287.67,64.8,287.64,5759939.4,
1753460927708,16:28:47.708,AAVE/USDT:USDT,287.66,73.4,287.67,0.4,287.64,5759939.4,
1753460927815,16:28:47.815,AAVE/USDT:USDT,287.66,77.9,287.67,0.2,287.64,5759939.4,
1753460928173,16:28:48.173,AAVE/USDT:USDT,287.66,77.9,287.67,45.5,287.64,5759939.4,
1753460928274,16:28:48.274,AAVE/USDT:USDT,287.66,51.0,287.67,17.8,287.64,5759939.4,
1753460928509,16:28:48.509,AAVE/USDT:USDT,287.66,77.6,287.67,37.7,287.64,5759939.4,
1753460928614,16:28:48.614,AAVE/USDT:USDT,287.66,89.2,287.67,37.8,287.64,5759939.4,
1753460928723,16:28:48.723,AAVE/USDT:USDT,287.66,89.2,287.67,0.3,287.64,5759939.4,
1753460929115,16:28:49.115,AAVE/USDT:USDT,287.66,89.2,287.67,45.6,287.64,5759939.4,
1753460929219,16:28:49.219,AAVE/USDT:USDT,287.66,89.2,287.67,0.9,287.64,5759939.4,
1753460929545,16:28:49.545,AAVE/USDT:USDT,287.69,93.2,287.7,0.1,287.67,5759940.3,
1753460929817,16:28:49.817,AAVE/USDT:USDT,287.75,16.1,287.76,189.0,287.74,5759996.6,
1753460929918,16:28:49.918,AAVE/USDT:USDT,287.75,17.5,287.76,172.6,287.74,5759996.6,
1753460930073,16:28:50.073,AAVE/USDT:USDT,287.7,28.0,287.71,128.5,287.75,5760014.1,
1753460930185,16:28:50.185,AAVE/USDT:USDT,287.7,45.7,287.71,104.1,287.75,5760014.1,
1753460930295,16:28:50.295,AAVE/USDT:USDT,287.7,45.7,287.71,22.8,287.75,5760014.1,
1753460930516,16:28:50.516,AAVE/USDT:USDT,287.69,45.5,287.7,130.5,287.75,5760014.1,
1753460930744,16:28:50.744,AAVE/USDT:USDT,287.66,26.6,287.67,22.6,287.75,5760014.1,
1753460930975,16:28:50.975,AAVE/USDT:USDT,287.64,26.5,287.65,22.6,287.75,5760014.1,
1753460931108,16:28:51.108,AAVE/USDT:USDT,287.64,26.7,287.65,194.1,287.75,5760014.1,
1753460931214,16:28:51.214,AAVE/USDT:USDT,287.64,0.1,287.65,211.0,287.75,5760014.1,
1753460931573,16:28:51.573,AAVE/USDT:USDT,287.64,46.6,287.65,45.5,287.75,5760014.1,
1753460932077,16:28:52.077,AAVE/USDT:USDT,287.69,25.8,287.7,27.0,287.75,5760014.1,
1753460932210,16:28:52.210,AAVE/USDT:USDT,287.64,41.4,287.65,22.6,287.75,5760014.1,
1753460932316,16:28:52.316,AAVE/USDT:USDT,287.65,35.0,287.66,26.6,287.75,5760014.1,
1753460932416,16:28:52.416,AAVE/USDT:USDT,287.69,45.5,287.7,45.8,287.75,5760014.1,
1753460932517,16:28:52.517,AAVE/USDT:USDT,287.69,46.8,287.7,45.8,287.75,5760014.1,
1753460932620,16:28:52.620,AAVE/USDT:USDT,287.69,46.8,287.7,45.6,287.75,5760014.1,
1753460933015,16:28:53.015,AAVE/USDT:USDT,287.69,46.8,287.7,0.1,287.75,5760014.1,
1753460933115,16:28:53.115,AAVE/USDT:USDT,287.69,46.8,287.7,45.6,287.75,5760014.1,
1753460933218,16:28:53.218,AAVE/USDT:USDT,287.69,46.8,287.7,0.1,287.75,5760014.1,
1753460933469,16:28:53.469,AAVE/USDT:USDT,287.7,26.6,287.71,49.0,287.75,5760014.1,
1753460933575,16:28:53.575,AAVE/USDT:USDT,287.7,36.4,287.71,3.7,287.75,5760014.1,
1753460933930,16:28:53.930,AAVE/USDT:USDT,287.74,36.2,287.75,31.0,287.75,5760014.1,
1753460934176,16:28:54.176,AAVE/USDT:USDT,287.74,26.6,287.75,31.6,287.75,5760014.1,
1753460934309,16:28:54.309,AAVE/USDT:USDT,287.74,26.6,287.75,113.1,287.75,5760014.1,
1753460934421,16:28:54.421,AAVE/USDT:USDT,287.74,26.6,287.75,38.8,287.75,5760014.1,
1753460934526,16:28:54.526,AAVE/USDT:USDT,287.74,113.5,287.75,45.7,287.75,5760014.1,
1753460934654,16:28:54.654,AAVE/USDT:USDT,287.74,97.1,287.75,0.4,287.75,5760014.1,
1753460934880,16:28:54.880,AAVE/USDT:USDT,287.7,0.5,287.72,24.4,287.74,5760014.3,
1753460935014,16:28:55.014,AAVE/USDT:USDT,287.7,54.4,287.71,22.6,287.74,5760014.3,
1753460935271,16:28:55.271,AAVE/USDT:USDT,287.73,45.5,287.74,66.6,287.74,5760014.3,
1753460935672,16:28:55.672,AAVE/USDT:USDT,287.72,49.7,287.73,22.6,287.74,5760014.3,
1753460935815,16:28:55.815,AAVE/USDT:USDT,287.72,26.6,287.73,119.9,287.74,5760014.3,
1753460935918,16:28:55.918,AAVE/USDT:USDT,287.7,0.2,287.71,165.8,287.74,5760014.3,
1753460936026,16:28:56.026,AAVE/USDT:USDT,287.7,71.9,287.71,59.2,287.74,5760014.3,
1753460936170,16:28:56.170,AAVE/USDT:USDT,287.7,72.1,287.71,22.8,287.74,5760014.3,
1753460936282,16:28:56.282,AAVE/USDT:USDT,287.7,72.1,287.71,23.0,287.74,5760014.3,
1753460936413,16:28:56.413,AAVE/USDT:USDT,287.69,5.7,287.7,221.1,287.74,5760014.3,
1753460936514,16:28:56.514,AAVE/USDT:USDT,287.69,6.0,287.7,221.1,287.74,5760014.3,
1753460936743,16:28:56.743,AAVE/USDT:USDT,287.69,6.0,287.7,237.6,287.74,5760014.3,
1753460936889,16:28:56.889,AAVE/USDT:USDT,287.68,0.1,287.69,375.8,287.69,5760020.3,
1753460937012,16:28:57.012,AAVE/USDT:USDT,287.68,0.1,287.69,395.9,287.69,5760020.3,
1753460937319,16:28:57.319,AAVE/USDT:USDT,287.68,0.1,287.69,372.2,287.69,5760020.3,
1753460937579,16:28:57.579,AAVE/USDT:USDT,287.62,26.8,287.66,3.2,287.63,5760022.4,
1753460937680,16:28:57.680,AAVE/USDT:USDT,287.48,9.5,287.51,210.0,287.49,5760203.7,
1753460937781,16:28:57.781,AAVE/USDT:USDT,287.38,10.6,287.4,156.3,287.39,5760353.4,
1753460937883,16:28:57.883,AAVE/USDT:USDT,287.36,132.2,287.37,75.0,287.37,5760470.9,
1753460937996,16:28:57.996,AAVE/USDT:USDT,287.38,92.0,287.4,0.3,287.37,5760611.7,
1753460938100,16:28:58.100,AAVE/USDT:USDT,287.4,80.6,287.43,0.3,287.41,5760661.3,
1753460938207,16:28:58.207,AAVE/USDT:USDT,287.44,8.9,287.46,69.3,287.45,5760818.9,
1753460938311,16:28:58.311,AAVE/USDT:USDT,287.41,5.5,287.43,136.0,287.41,5760932.0,
1753460938419,16:28:58.419,AAVE/USDT:USDT,287.4,71.9,287.41,16.1,287.41,5760932.0,
1753460938625,16:28:58.625,AAVE/USDT:USDT,287.42,39.5,287.44,8.9,287.41,5760932.0,
1753460938754,16:28:58.754,AAVE/USDT:USDT,287.4,0.2,287.41,136.1,287.41,5760936.4,
1753460938884,16:28:58.884,AAVE/USDT:USDT,287.4,0.2,287.41,236.1,287.41,5760936.4,
1753460939002,16:28:59.002,AAVE/USDT:USDT,287.4,0.2,287.41,249.3,287.41,5760936.4,
1753460939106,16:28:59.106,AAVE/USDT:USDT,287.36,5.3,287.37,133.1,287.36,5760937.5,
1753460939206,16:28:59.206,AAVE/USDT:USDT,287.34,2.5,287.36,138.3,287.35,5760977.6,
1753460939307,16:28:59.307,AAVE/USDT:USDT,287.3,8.3,287.32,191.1,287.31,5761048.3,
1753460939513,16:28:59.513,AAVE/USDT:USDT,287.29,0.2,287.3,304.3,287.29,5761065.9,
1753460939618,16:28:59.618,AAVE/USDT:USDT,287.28,2.6,287.29,289.7,287.29,5761065.9,
1753460939740,16:28:59.740,AAVE/USDT:USDT,287.28,47.9,287.29,178.0,287.29,5761065.9,
1753460939877,16:28:59.877,AAVE/USDT:USDT,287.29,61.1,287.3,56.8,287.29,5761065.9,
1753460940019,16:29:00.019,AAVE/USDT:USDT,287.32,80.7,287.33,24.3,287.29,5761065.9,
1753460940121,16:29:00.121,AAVE/USDT:USDT,287.38,50.1,287.39,72.2,287.37,5756758.9,
1753460940222,16:29:00.222,AAVE/USDT:USDT,287.39,70.3,287.4,29.5,287.37,5756758.9,
1753460940329,16:29:00.329,AAVE/USDT:USDT,287.39,104.0,287.42,0.4,287.4,5756759.3,
1753460940430,16:29:00.430,AAVE/USDT:USDT,287.44,9.2,287.45,72.5,287.4,5756759.3,
1753460940761,16:29:00.761,AAVE/USDT:USDT,287.4,0.2,287.41,170.2,287.4,5756759.3,
1753460940912,16:29:00.912,AAVE/USDT:USDT,287.34,26.4,287.35,55.9,287.4,5756759.5,
1753460941018,16:29:01.018,AAVE/USDT:USDT,287.34,29.6,287.35,47.2,287.4,5756759.5,
1753460941121,16:29:01.121,AAVE/USDT:USDT,287.34,29.6,287.35,128.7,287.4,5756759.5,
1753460941224,16:29:01.224,AAVE/USDT:USDT,287.36,42.4,287.37,0.2,287.4,5756759.5,
1753460941444,16:29:01.444,AAVE/USDT:USDT,287.36,42.4,287.37,9.3,287.4,5756759.5,
1753460941555,16:29:01.555,AAVE/USDT:USDT,287.36,61.7,287.37,0.2,287.4,5756759.5,
1753460941660,16:29:01.660,AAVE/USDT:USDT,287.39,125.8,287.4,0.1,287.39,5756760.2,
1753460941773,16:29:01.773,AAVE/USDT:USDT,287.39,108.8,287.4,0.1,287.39,5756760.2,
1753460941879,16:29:01.879,AAVE/USDT:USDT,287.39,190.3,287.41,0.5,287.4,5756760.3,
1753460942120,16:29:02.120,AAVE/USDT:USDT,287.42,26.6,287.43,55.9,287.41,5756760.8,
1753460942249,16:29:02.249,AAVE/USDT:USDT,287.42,74.7,287.43,8.9,287.41,5756760.8,
1753460942351,16:29:02.351,AAVE/USDT:USDT,287.42,74.9,287.43,9.1,287.41,5756760.8,
1753460942458,16:29:02.458,AAVE/USDT:USDT,287.42,75.0,287.43,0.2,287.41,5756760.8,
1753460942563,16:29:02.563,AAVE/USDT:USDT,287.44,71.9,287.45,72.8,287.41,5756760.8,
1753460942674,16:29:02.674,AAVE/USDT:USDT,287.44,78.0,287.45,72.8,287.41,5756760.8,
1753460943260,16:29:03.260,AAVE/USDT:USDT,287.47,34.8,287.48,46.1,287.45,5756788.3,
1753460943477,16:29:03.477,AAVE/USDT:USDT,287.47,54.3,287.48,46.7,287.45,5756788.3,
1753460943590,16:29:03.590,AAVE/USDT:USDT,287.47,54.3,287.48,1.4,287.45,5756788.3,
1753460943696,16:29:03.696,AAVE/USDT:USDT,287.47,152.0,287.52,0.2,287.52,5756791.3,
1753460943814,16:29:03.814,AAVE/USDT:USDT,287.51,69.0,287.52,22.6,287.52,5756792.3,
1753460943917,16:29:03.917,AAVE/USDT:USDT,287.51,75.3,287.52,18.8,287.52,5756796.3,
1753460944059,16:29:04.059,AAVE/USDT:USDT,287.56,39.6,287.57,89.4,287.57,5757020.5,
1753460944178,16:29:04.178,AAVE/USDT:USDT,287.54,26.6,287.57,156.7,287.54,5757021.6,
1753460944315,16:29:04.315,AAVE/USDT:USDT,287.52,71.9,287.53,47.2,287.54,5757021.6,
1753460944417,16:29:04.417,AAVE/USDT:USDT,287.52,26.6,287.53,146.8,287.54,5757021.6,
1753460944519,16:29:04.519,AAVE/USDT:USDT,287.51,6.3,287.52,251.6,287.54,5757021.6,
1753460944634,16:29:04.634,AAVE/USDT:USDT,287.54,96.6,287.55,22.6,287.54,5757021.6,
1753460944745,16:29:04.745,AAVE/USDT:USDT,287.54,188.1,287.6,80.5,287.6,5757030.6,
1753460944850,16:29:04.850,AAVE/USDT:USDT,287.59,21.8,287.6,93.7,287.59,5757032.7,
1753460945002,16:29:05.002,AAVE/USDT:USDT,287.59,21.8,287.6,87.8,287.59,5757032.7,
1753460945110,16:29:05.110,AAVE/USDT:USDT,287.56,26.4,287.57,128.5,287.59,5757032.7,
1753460945217,16:29:05.217,AAVE/USDT:USDT,287.56,26.6,287.57,47.0,287.59,5757032.7,
1753460945319,16:29:05.319,AAVE/USDT:USDT,287.56,26.6,287.57,1.9,287.59,5757032.7,
1753460945421,16:29:05.421,AAVE/USDT:USDT,287.58,57.7,287.59,45.3,287.59,5757032.7,
1753460945571,16:29:05.571,AAVE/USDT:USDT,287.58,64.0,287.59,45.5,287.59,5757032.7,
1753460945916,16:29:05.916,AAVE/USDT:USDT,287.59,95.7,287.6,0.2,287.59,5757032.7,
1753460946124,16:29:06.124,AAVE/USDT:USDT,287.59,179.8,287.6,0.2,287.59,5757032.7,
1753460946230,16:29:06.230,AAVE/USDT:USDT,287.63,44.8,287.64,0.6,287.6,5757032.8,
1753460946371,16:29:06.371,AAVE/USDT:USDT,287.63,53.1,287.64,0.1,287.6,5757032.8,
1753460946614,16:29:06.614,AAVE/USDT:USDT,287.67,27.7,287.68,0.4,287.67,5757040.0,
1753460946732,16:29:06.732,AAVE/USDT:USDT,287.67,15.5,287.68,208.3,287.67,5757040.0,
1753460946842,16:29:06.842,AAVE/USDT:USDT,287.67,21.8,287.68,111.9,287.67,5757040.0,
1753460947107,16:29:07.107,AAVE/USDT:USDT,287.67,21.8,287.68,195.6,287.67,5757040.0,
1753460947213,16:29:07.213,AAVE/USDT:USDT,287.67,67.1,287.68,2.7,287.67,5757040.0,
1753460947685,16:29:07.685,AAVE/USDT:USDT,287.67,21.8,287.68,194.6,287.67,5757040.0,
1753460948015,16:29:08.015,AAVE/USDT:USDT,287.67,21.8,287.68,69.7,287.67,5757040.0,
1753460948217,16:29:08.217,AAVE/USDT:USDT,287.67,30.0,287.68,3.1,287.67,5757040.0,
1753460948333,16:29:08.333,AAVE/USDT:USDT,287.67,39.0,287.68,3.1,287.67,5757040.0,
1753460948435,16:29:08.435,AAVE/USDT:USDT,287.67,39.8,287.68,3.1,287.67,5757040.0,
1753460948798,16:29:08.798,AAVE/USDT:USDT,287.67,39.6,287.68,3.1,287.67,5757040.2,
1753460949020,16:29:09.020,AAVE/USDT:USDT,287.67,137.6,287.68,3.1,287.67,5757040.2,
1753460949123,16:29:09.123,AAVE/USDT:USDT,287.67,157.6,287.68,3.1,287.67,5757040.2,
1753460949409,16:29:09.409,AAVE/USDT:USDT,287.7,272.2,287.72,0.4,287.71,5757044.6,
1753460949523,16:29:09.523,AAVE/USDT:USDT,287.71,97.7,287.72,0.1,287.71,5757044.6,
1753460949669,16:29:09.669,AAVE/USDT:USDT,287.71,114.8,287.72,0.1,287.71,5757044.6,
1753460949770,16:29:09.770,AAVE/USDT:USDT,287.71,196.3,287.72,0.1,287.71,5757044.6,
1753460949902,16:29:09.902,AAVE/USDT:USDT,287.71,196.3,287.73,0.3,287.72,5757044.7,
1753460950010,16:29:10.010,AAVE/USDT:USDT,287.72,125.7,287.73,0.3,287.72,5757044.7,
1753460950119,16:29:10.119,AAVE/USDT:USDT,287.74,260.1,287.75,0.3,287.74,5757044.8,
1753460950343,16:29:10.343,AAVE/USDT:USDT,287.75,265.6,287.76,0.2,287.74,5757044.8,
1753460950445,16:29:10.445,AAVE/USDT:USDT,287.75,267.4,287.76,0.2,287.74,5757044.8,
1753460950592,16:29:10.592,AAVE/USDT:USDT,287.77,157.5,287.78,0.1,287.77,5757045.3,
1753460950705,16:29:10.705,AAVE/USDT:USDT,287.77,42.9,287.78,45.6,287.77,5757045.3,
1753460950809,16:29:10.809,AAVE/USDT:USDT,287.77,192.4,287.78,0.1,287.77,5757045.3,
1753460951028,16:29:11.028,AAVE/USDT:USDT,287.77,95.5,287.78,0.1,287.77,5757045.3,
1753460951175,16:29:11.175,AAVE/USDT:USDT,287.79,112.7,287.8,0.2,287.78,5757045.4,
1753460951417,16:29:11.417,AAVE/USDT:USDT,287.79,130.7,287.8,0.2,287.78,5757045.4,
1753460951552,16:29:11.552,AAVE/USDT:USDT,287.79,103.9,287.8,0.2,287.78,5757045.4,
1753460951659,16:29:11.659,AAVE/USDT:USDT,287.79,96.6,287.8,0.2,287.78,5757045.4,
1753460951774,16:29:11.774,AAVE/USDT:USDT,287.79,202.9,287.8,0.2,287.78,5757045.4,
1753460952412,16:29:12.412,AAVE/USDT:USDT,287.79,204.0,287.8,0.1,287.78,5757045.4,
1753460952619,16:29:12.619,AAVE/USDT:USDT,287.79,205.1,287.8,0.1,287.78,5757045.4,
1753460953418,16:29:13.418,AAVE/USDT:USDT,287.79,204.9,287.8,0.5,287.78,5757045.4,
1753460953639,16:29:13.639,AAVE/USDT:USDT,287.79,205.2,287.8,0.5,287.78,5757045.4,
1753460953873,16:29:13.873,AAVE/USDT:USDT,287.81,130.7,287.82,0.1,287.8,5757045.9,
1753460953990,16:29:13.990,AAVE/USDT:USDT,287.83,105.2,287.85,0.6,287.84,5757047.5,
1753460954115,16:29:14.115,AAVE/USDT:USDT,287.87,161.0,287.88,0.1,287.87,5757047.8,
1753460954215,16:29:14.215,AAVE/USDT:USDT,287.87,196.4,287.89,3.2,287.88,5757047.9,
1753460954323,16:29:14.323,AAVE/USDT:USDT,287.88,197.4,287.89,9.2,287.88,5757047.9,
1753460954434,16:29:14.434,AAVE/USDT:USDT,287.88,227.7,287.89,9.2,287.88,5757047.9,
1753460954576,16:29:14.576,AAVE/USDT:USDT,287.88,148.3,287.89,9.7,287.88,5757047.9,
1753460954804,16:29:14.804,AAVE/USDT:USDT,287.88,194.0,287.89,9.7,287.88,5757047.9,
1753460954919,16:29:14.919,AAVE/USDT:USDT,287.88,148.3,287.89,9.7,287.88,5757047.9,
1753460955072,16:29:15.072,AAVE/USDT:USDT,287.88,136.8,287.89,9.7,287.88,5757047.9,
1753460955173,16:29:15.173,AAVE/USDT:USDT,287.88,218.2,287.89,9.7,287.88,5757047.9,
1753460955275,16:29:15.275,AAVE/USDT:USDT,287.88,150.2,287.89,9.7,287.88,5757047.9,
1753460955379,16:29:15.379,AAVE/USDT:USDT,287.88,218.2,287.89,9.7,287.88,5757047.9,
1753460955612,16:29:15.612,AAVE/USDT:USDT,287.88,136.7,287.89,9.7,287.88,5757047.9,
1753460956022,16:29:16.022,AAVE/USDT:USDT,287.88,218.2,287.89,9.7,287.88,5757047.9,
1753460956269,16:29:16.269,AAVE/USDT:USDT,287.88,153.7,287.89,30.7,287.88,5757048.0,
1753460956396,16:29:16.396,AAVE/USDT:USDT,287.88,108.5,287.89,30.7,287.88,5757048.0,
1753460956614,16:29:16.614,AAVE/USDT:USDT,287.88,124.1,287.89,30.7,287.88,5757048.0,
1753460956731,16:29:16.731,AAVE/USDT:USDT,287.91,130.5,287.92,0.1,287.9,5757084.9,
1753460956840,16:29:16.840,AAVE/USDT:USDT,287.95,58.5,287.96,0.5,287.95,5757105.5,
1753460956947,16:29:16.947,AAVE/USDT:USDT,287.95,213.9,287.96,0.1,287.95,5757105.5,
1753460957082,16:29:17.082,AAVE/USDT:USDT,287.95,216.7,287.96,0.1,287.95,5757109.7,
1753460957213,16:29:17.213,AAVE/USDT:USDT,287.95,167.0,287.96,0.5,287.95,5757109.7,
1753460957320,16:29:17.320,AAVE/USDT:USDT,287.95,231.4,287.96,0.5,287.95,5757109.7,
1753460957472,16:29:17.472,AAVE/USDT:USDT,287.95,124.1,287.96,0.5,287.95,5757109.7,
1753460957582,16:29:17.582,AAVE/USDT:USDT,287.95,205.6,287.96,0.5,287.95,5757109.7,
1753460957718,16:29:17.718,AAVE/USDT:USDT,287.97,105.2,287.98,0.4,287.96,5757110.2,
1753460957832,16:29:17.832,AAVE/USDT:USDT,287.99,61.3,288.0,57.6,287.96,5757110.2,
1753460957947,16:29:17.947,AAVE/USDT:USDT,287.98,26.6,287.99,68.0,287.96,5757110.2,
1753460958057,16:29:18.057,AAVE/USDT:USDT,287.99,61.1,288.0,57.4,287.96,5757110.2,
1753460958171,16:29:18.171,AAVE/USDT:USDT,287.99,95.7,288.02,0.4,288.0,5757141.2,
1753460958299,16:29:18.299,AAVE/USDT:USDT,288.02,212.9,288.03,1.9,288.0,5757141.2,
1753460958415,16:29:18.415,AAVE/USDT:USDT,288.02,227.8,288.03,2.1,288.0,5757141.2,
1753460958622,16:29:18.622,AAVE/USDT:USDT,288.02,131.4,288.03,2.1,288.0,5757141.2,
1753460958725,16:29:18.725,AAVE/USDT:USDT,288.02,233.6,288.03,22.9,288.0,5757141.2,
1753460958873,16:29:18.873,AAVE/USDT:USDT,288.02,233.8,288.03,2.1,288.0,5757141.2,
1753460958982,16:29:18.982,AAVE/USDT:USDT,288.02,251.6,288.03,2.5,288.0,5757141.2,
1753460959119,16:29:19.119,AAVE/USDT:USDT,288.02,194.1,288.03,47.8,288.0,5757141.2,
1753460959222,16:29:19.222,AAVE/USDT:USDT,288.02,130.7,288.03,23.3,288.02,5757141.3,
1753460959331,16:29:19.331,AAVE/USDT:USDT,288.02,40.9,288.03,149.9,288.02,5757142.5,
1753460959449,16:29:19.449,AAVE/USDT:USDT,288.0,0.3,288.01,259.0,288.02,5757183.4,
1753460959554,16:29:19.554,AAVE/USDT:USDT,287.93,45.3,287.94,112.8,287.97,5757184.6,
1753460959678,16:29:19.678,AAVE/USDT:USDT,287.93,71.0,287.94,28.3,287.97,5757184.6,
1753460959812,16:29:19.812,AAVE/USDT:USDT,287.94,80.6,287.96,26.4,287.97,5757184.6,
1753460959919,16:29:19.919,AAVE/USDT:USDT,287.92,45.4,287.93,48.9,287.97,5757184.6,
1753460960049,16:29:20.049,AAVE/USDT:USDT,287.92,45.6,287.93,41.7,287.97,5757184.6,
1753460960174,16:29:20.174,AAVE/USDT:USDT,287.93,70.0,287.94,26.4,287.97,5757184.6,
1753460960275,16:29:20.275,AAVE/USDT:USDT,287.93,70.2,287.94,26.6,287.97,5757184.6,
1753460960402,16:29:20.402,AAVE/USDT:USDT,287.93,54.4,287.94,26.6,287.97,5757184.6,
1753460960519,16:29:20.519,AAVE/USDT:USDT,287.92,0.1,287.93,110.7,287.97,5757184.6,
1753460960620,16:29:20.620,AAVE/USDT:USDT,287.92,0.1,287.93,222.0,287.97,5757184.6,
1753460961234,16:29:21.234,AAVE/USDT:USDT,287.92,0.1,287.93,225.8,287.97,5757184.6,
1753460961377,16:29:21.377,AAVE/USDT:USDT,287.89,1.4,287.9,226.8,287.92,5757184.7,
1753460961956,16:29:21.956,AAVE/USDT:USDT,287.86,0.7,287.87,14.1,287.88,5757186.4,
1753460962083,16:29:22.083,AAVE/USDT:USDT,287.86,0.4,287.87,274.2,287.88,5757186.4,
1753460962215,16:29:22.215,AAVE/USDT:USDT,287.86,0.4,287.87,291.1,287.88,5757186.4,
1753460962320,16:29:22.320,AAVE/USDT:USDT,287.86,199.2,287.87,0.6,287.88,5757186.4,
1753460962426,16:29:22.426,AAVE/USDT:USDT,287.86,117.7,287.87,0.6,287.88,5757186.4,
1753460962676,16:29:22.676,AAVE/USDT:USDT,287.86,27.0,287.87,56.9,287.88,5757186.4,
1753460962778,16:29:22.778,AAVE/USDT:USDT,287.86,7.3,287.87,157.3,287.88,5757186.4,
1753460962885,16:29:22.885,AAVE/USDT:USDT,287.86,0.4,287.87,138.4,287.88,5757186.4,
1753460963014,16:29:23.014,AAVE/USDT:USDT,287.86,45.9,287.87,56.7,287.88,5757186.4,
1753460963119,16:29:23.119,AAVE/USDT:USDT,287.86,72.3,287.87,0.6,287.88,5757186.4,
1753460963377,16:29:23.377,AAVE/USDT:USDT,287.86,72.3,287.87,0.6,287.88,5757186.4,
1753460963613,16:29:23.613,AAVE/USDT:USDT,287.86,72.3,287.87,46.1,287.88,5757186.4,
1753460963715,16:29:23.715,AAVE/USDT:USDT,287.86,72.3,287.87,20.4,287.88,5757186.4,
1753460963816,16:29:23.816,AAVE/USDT:USDT,287.86,72.3,287.87,0.8,287.88,5757186.4,
1753460964420,16:29:24.420,AAVE/USDT:USDT,287.86,73.4,287.87,1.2,287.88,5757186.4,
1753460964816,16:29:24.816,AAVE/USDT:USDT,287.86,129.9,287.87,1.2,287.88,5757186.4,
1753460964920,16:29:24.920,AAVE/USDT:USDT,287.86,173.5,287.87,1.2,287.88,5757186.4,
1753460965074,16:29:25.074,AAVE/USDT:USDT,287.86,173.7,287.87,1.2,287.88,5757186.4,
1753460965316,16:29:25.316,AAVE/USDT:USDT,287.86,92.1,287.87,1.2,287.86,5757186.5,
1753460965421,16:29:25.421,AAVE/USDT:USDT,287.86,73.3,287.87,1.2,287.86,5757186.5,
1753460966188,16:29:26.188,AAVE/USDT:USDT,287.86,46.9,287.87,46.5,287.86,5757186.5,
1753460966316,16:29:26.316,AAVE/USDT:USDT,287.86,73.3,287.87,46.3,287.86,5757186.5,
1753460966417,16:29:26.417,AAVE/USDT:USDT,287.86,73.7,287.87,46.4,287.86,5757186.5,
1753460967020,16:29:27.020,AAVE/USDT:USDT,287.86,151.1,287.87,0.7,287.87,5757186.9,
1753460967126,16:29:27.126,AAVE/USDT:USDT,287.89,145.4,287.91,0.3,287.9,5757187.7,
1753460967228,16:29:27.228,AAVE/USDT:USDT,287.91,166.9,287.92,0.5,287.9,5757187.7,
1753460967330,16:29:27.330,AAVE/USDT:USDT,287.93,186.7,287.94,0.1,287.92,5757188.2,
1753460967485,16:29:27.485,AAVE/USDT:USDT,287.93,127.1,287.94,0.1,287.92,5757188.2,
1753460967609,16:29:27.609,AAVE/USDT:USDT,287.93,127.3,287.94,0.1,287.92,5757188.2,
1753460967715,16:29:27.715,AAVE/USDT:USDT,287.93,124.9,287.94,0.1,287.92,5757188.2,
1753460967823,16:29:27.823,AAVE/USDT:USDT,287.95,159.1,287.96,0.1,287.95,5757188.6,
1753460968083,16:29:28.083,AAVE/USDT:USDT,287.97,95.1,287.98,0.1,287.96,5757188.7,
1753460968214,16:29:28.214,AAVE/USDT:USDT,287.97,45.3,287.98,64.2,287.96,5757188.7,
1753460968317,16:29:28.317,AAVE/USDT:USDT,287.96,5.8,287.97,191.2,287.96,5757188.7,
1753460968421,16:29:28.421,AAVE/USDT:USDT,287.96,5.8,287.97,98.9,287.96,5757188.7,
1753460968713,16:29:28.713,AAVE/USDT:USDT,287.96,5.8,287.97,180.4,287.96,5757188.7,
1753460968916,16:29:28.916,AAVE/USDT:USDT,287.96,5.8,287.97,180.2,287.96,5757188.7,
1753460969038,16:29:29.038,AAVE/USDT:USDT,287.96,5.8,287.97,180.4,287.96,5757188.7,
1753460969156,16:29:29.156,AAVE/USDT:USDT,287.97,6.7,287.98,26.5,287.96,5757188.7,
1753460969281,16:29:29.281,AAVE/USDT:USDT,287.97,35.4,287.98,0.1,287.97,5757189.7,
1753460969387,16:29:29.387,AAVE/USDT:USDT,287.97,52.7,287.98,0.1,287.97,5757189.7,
1753460969512,16:29:29.512,AAVE/USDT:USDT,287.97,35.6,287.98,0.1,287.97,5757189.7,
1753460969721,16:29:29.721,AAVE/USDT:USDT,287.97,118.3,287.98,0.1,287.97,5757189.7,
1753460969867,16:29:29.867,AAVE/USDT:USDT,287.97,136.1,287.98,0.1,287.97,5757189.7,
1753460970012,16:29:30.012,AAVE/USDT:USDT,287.97,113.8,287.98,0.1,287.97,5757189.7,
1753460970113,16:29:30.113,AAVE/USDT:USDT,287.97,125.0,287.98,0.1,287.97,5757189.7,
1753460970316,16:29:30.316,AAVE/USDT:USDT,287.97,166.3,287.98,0.1,287.97,5757189.7,
1753460970418,16:29:30.418,AAVE/USDT:USDT,287.97,174.5,288.0,0.7,287.98,5757189.8,
1753460970523,16:29:30.523,AAVE/USDT:USDT,287.99,156.3,288.0,0.3,287.98,5757189.8,
1753460970977,16:29:30.977,AAVE/USDT:USDT,287.99,173.3,288.0,0.3,287.98,5757189.8,
1753460971098,16:29:31.098,AAVE/USDT:USDT,287.97,55.8,287.98,107.9,287.98,5757189.8,
1753460971215,16:29:31.215,AAVE/USDT:USDT,287.97,50.1,287.98,122.0,287.98,5757189.8,
1753460971437,16:29:31.437,AAVE/USDT:USDT,287.97,56.0,287.98,89.9,287.98,5757189.8,
1753460971689,16:29:31.689,AAVE/USDT:USDT,287.99,15.4,288.0,27.7,287.99,5757190.4,
1753460971792,16:29:31.792,AAVE/USDT:USDT,287.99,60.5,288.0,27.7,287.99,5757190.4,
1753460971919,16:29:31.919,AAVE/USDT:USDT,287.99,60.7,288.0,1.3,287.99,5757190.4,
1753460972020,16:29:32.020,AAVE/USDT:USDT,287.99,60.7,288.0,46.6,287.99,5757190.4,
1753460972126,16:29:32.126,AAVE/USDT:USDT,287.97,55.8,287.98,300.4,287.99,5757190.4,
1753460972237,16:29:32.237,AAVE/USDT:USDT,287.97,55.8,287.98,300.6,287.99,5757190.4,
1753460972380,16:29:32.380,AAVE/USDT:USDT,287.97,56.0,287.98,318.6,287.99,5757190.4,
1753460972513,16:29:32.513,AAVE/USDT:USDT,287.97,56.6,287.98,318.6,287.99,5757190.4,
1753460972616,16:29:32.616,AAVE/USDT:USDT,287.93,0.5,287.96,335.7,287.94,5757247.7,
1753460972721,16:29:32.721,AAVE/USDT:USDT,287.92,0.1,287.93,275.1,287.94,5757247.7,
1753460973562,16:29:33.562,AAVE/USDT:USDT,287.92,2.7,287.93,281.0,287.94,5757247.7,
1753460973708,16:29:33.708,AAVE/USDT:USDT,287.9,0.3,287.91,242.0,287.92,5757250.4,
1753460973814,16:29:33.814,AAVE/USDT:USDT,287.9,0.3,287.91,260.4,287.92,5757250.4,
1753460974077,16:29:34.077,AAVE/USDT:USDT,287.9,0.3,287.91,260.7,287.92,5757250.4,
1753460974182,16:29:34.182,AAVE/USDT:USDT,287.9,72.0,287.91,126.6,287.92,5757250.4,
1753460974289,16:29:34.289,AAVE/USDT:USDT,287.9,72.2,287.91,126.6,287.92,5757250.4,
1753460974401,16:29:34.401,AAVE/USDT:USDT,287.9,106.9,287.91,0.3,287.92,5757250.4,
1753460974513,16:29:34.513,AAVE/USDT:USDT,287.9,72.0,287.91,0.3,287.92,5757250.4,
1753460974619,16:29:34.619,AAVE/USDT:USDT,287.9,170.6,287.91,0.3,287.92,5757250.4,
1753460974774,16:29:34.774,AAVE/USDT:USDT,287.9,89.1,287.91,0.3,287.92,5757250.4,
1753460974898,16:29:34.898,AAVE/USDT:USDT,287.9,117.5,287.91,0.3,287.92,5757250.4,
1753460975012,16:29:35.012,AAVE/USDT:USDT,287.9,170.8,287.91,0.3,287.92,5757250.4,
1753460975499,16:29:35.499,AAVE/USDT:USDT,287.9,183.3,287.91,0.3,287.92,5757250.4,
1753460975924,16:29:35.924,AAVE/USDT:USDT,287.9,84.5,287.91,0.3,287.92,5757250.4,
1753460976035,16:29:36.035,AAVE/USDT:USDT,287.9,166.0,287.91,0.3,287.92,5757250.4,
1753460976176,16:29:36.176,AAVE/USDT:USDT,287.9,117.1,287.91,0.3,287.92,5757250.4,
1753460976417,16:29:36.417,AAVE/USDT:USDT,287.9,184.7,287.91,1.3,287.92,5757250.4,
1753460976520,16:29:36.520,AAVE/USDT:USDT,287.9,151.4,287.91,1.3,287.92,5757250.4,
1753460976674,16:29:36.674,AAVE/USDT:USDT,287.9,144.8,287.91,1.3,287.92,5757250.4,
1753460976800,16:29:36.800,AAVE/USDT:USDT,287.9,105.7,287.91,1.3,287.92,5757250.4,
1753460976910,16:29:36.910,AAVE/USDT:USDT,287.9,105.9,287.91,1.3,287.92,5757250.4,
1753460977173,16:29:37.173,AAVE/USDT:USDT,287.9,88.3,287.91,1.3,287.92,5757250.4,
1753460977417,16:29:37.417,AAVE/USDT:USDT,287.9,16.6,287.91,128.7,287.92,5757250.4,
1753460977521,16:29:37.521,AAVE/USDT:USDT,287.9,112.2,287.91,2.1,287.92,5757250.4,
1753460977621,16:29:37.621,AAVE/USDT:USDT,287.9,67.1,287.91,65.9,287.92,5757250.4,
1753460977976,16:29:37.976,AAVE/USDT:USDT,287.9,67.2,287.91,147.4,287.92,5757250.4,
1753460978190,16:29:38.190,AAVE/USDT:USDT,287.9,67.2,287.91,158.2,287.92,5757250.4,
1753460978315,16:29:38.315,AAVE/USDT:USDT,287.9,67.3,287.91,147.4,287.92,5757250.4,
1753460978422,16:29:38.422,AAVE/USDT:USDT,287.9,67.3,287.91,166.6,287.92,5757250.4,
1753460978796,16:29:38.796,AAVE/USDT:USDT,287.9,98.8,287.91,2.1,287.92,5757250.4,
1753460979057,16:29:39.057,AAVE/USDT:USDT,287.9,93.7,287.91,162.2,287.92,5757250.4,
1753460979311,16:29:39.311,AAVE/USDT:USDT,287.9,93.7,287.91,131.0,287.92,5757250.4,
1753460979674,16:29:39.674,AAVE/USDT:USDT,287.9,110.2,287.91,38.7,287.92,5757250.4,
1753460979784,16:29:39.784,AAVE/USDT:USDT,287.9,110.2,287.91,38.9,287.92,5757250.4,
1753460979927,16:29:39.927,AAVE/USDT:USDT,287.9,110.2,287.91,2.1,287.92,5757250.4,
1753460980194,16:29:40.194,AAVE/USDT:USDT,287.9,130.9,287.91,2.1,287.92,5757250.4,
1753460980336,16:29:40.336,AAVE/USDT:USDT,287.93,100.7,287.95,0.3,287.91,5757252.5,
1753460980470,16:29:40.470,AAVE/USDT:USDT,287.95,66.3,287.96,0.1,287.91,5757252.5,
1753460980577,16:29:40.577,AAVE/USDT:USDT,287.95,61.3,287.96,0.1,287.91,5757252.5,
1753460980791,16:29:40.791,AAVE/USDT:USDT,287.97,295.1,287.98,0.1,287.97,5757253.2,
1753460980904,16:29:40.904,AAVE/USDT:USDT,287.97,296.3,288.0,0.7,287.98,5757253.3,
1753460981013,16:29:41.013,AAVE/USDT:USDT,287.99,140.6,288.0,0.3,287.98,5757253.3,
1753460981136,16:29:41.136,AAVE/USDT:USDT,287.99,45.5,288.0,52.1,287.98,5757253.3,
1753460981241,16:29:41.241,AAVE/USDT:USDT,287.97,110.3,287.98,104.9,287.98,5757253.3,
1753460981380,16:29:41.380,AAVE/USDT:USDT,287.97,83.7,287.98,22.6,287.98,5757253.3,
1753460981488,16:29:41.488,AAVE/USDT:USDT,287.97,173.1,287.98,0.3,287.98,5757253.3,
1753460981922,16:29:41.922,AAVE/USDT:USDT,287.97,109.1,287.98,72.0,287.98,5757253.3,
1753460982022,16:29:42.022,AAVE/USDT:USDT,287.97,91.6,287.98,0.3,287.98,5757253.3,
1753460982124,16:29:42.124,AAVE/USDT:USDT,287.97,91.6,287.98,46.0,287.98,5757253.3,
1753460982240,16:29:42.240,AAVE/USDT:USDT,287.97,91.6,287.98,46.2,287.98,5757253.3,
1753460982371,16:29:42.371,AAVE/USDT:USDT,287.97,94.2,287.98,46.2,287.98,5757253.3,
1753460982715,16:29:42.715,AAVE/USDT:USDT,287.97,115.9,287.98,0.9,287.98,5757253.3,
1753460982817,16:29:42.817,AAVE/USDT:USDT,287.97,197.4,287.98,0.9,287.98,5757253.3,
1753460982949,16:29:42.949,AAVE/USDT:USDT,287.97,115.9,287.98,0.9,287.98,5757253.3,
1753460983093,16:29:43.093,AAVE/USDT:USDT,288.01,109.4,288.02,0.1,288.0,5757254.8,
1753460983201,16:29:43.201,AAVE/USDT:USDT,288.01,16.9,288.02,45.4,288.0,5757254.8,
1753460983317,16:29:43.317,AAVE/USDT:USDT,288.0,26.5,288.01,50.6,288.0,5757254.8,
1753460983677,16:29:43.677,AAVE/USDT:USDT,287.99,50.0,288.0,0.2,288.0,5757254.8,
1753460983919,16:29:43.919,AAVE/USDT:USDT,287.99,45.5,288.0,26.8,288.0,5757254.8,
1753460984218,16:29:44.218,AAVE/USDT:USDT,287.98,6.7,287.99,20.9,288.0,5757254.8,
1753460984318,16:29:44.318,AAVE/USDT:USDT,287.98,97.1,287.99,45.3,288.0,5757254.8,
1753460984423,16:29:44.423,AAVE/USDT:USDT,287.98,97.1,287.99,45.5,288.0,5757254.8,
1753460984531,16:29:44.531,AAVE/USDT:USDT,287.98,97.1,287.99,45.6,288.0,5757254.8,
1753460985217,16:29:45.217,AAVE/USDT:USDT,287.98,127.1,287.99,45.6,288.0,5757254.8,
1753460985320,16:29:45.320,AAVE/USDT:USDT,287.98,232.2,287.99,0.1,288.0,5757254.8,
1753460985470,16:29:45.470,AAVE/USDT:USDT,287.98,150.7,287.99,0.1,288.0,5757254.8,
1753460985578,16:29:45.578,AAVE/USDT:USDT,287.98,232.2,287.99,0.1,288.0,5757254.8,
1753460985695,16:29:45.695,AAVE/USDT:USDT,287.98,192.1,287.99,0.1,288.0,5757254.8,
1753460985814,16:29:45.814,AAVE/USDT:USDT,287.98,150.7,287.99,0.1,288.0,5757254.8,
1753460985915,16:29:45.915,AAVE/USDT:USDT,287.98,146.0,287.99,0.1,288.0,5757254.8,
1753460986023,16:29:46.023,AAVE/USDT:USDT,287.98,127.1,287.99,0.1,288.0,5757254.8,
1753460986130,16:29:46.130,AAVE/USDT:USDT,287.98,100.7,287.99,110.1,288.0,5757254.8,
1753460986233,16:29:46.233,AAVE/USDT:USDT,287.97,1.2,287.98,410.8,287.98,5757348.8,
1753460986461,16:29:46.461,AAVE/USDT:USDT,287.94,0.1,287.95,285.3,287.96,5757350.8,
1753460986579,16:29:46.579,AAVE/USDT:USDT,287.94,0.1,287.95,311.3,287.96,5757350.8,
1753460986797,16:29:46.797,AAVE/USDT:USDT,287.88,0.1,287.89,92.6,287.9,5757352.6,
1753460986911,16:29:46.911,AAVE/USDT:USDT,287.88,0.1,287.89,192.4,287.9,5757352.6,
1753460987013,16:29:47.013,AAVE/USDT:USDT,287.87,1.1,287.89,192.5,287.88,5757352.7,
1753460987224,16:29:47.224,AAVE/USDT:USDT,287.77,0.3,287.8,387.8,287.78,5757378.1,
1753460987342,16:29:47.342,AAVE/USDT:USDT,287.76,0.5,287.77,5.3,287.78,5757378.1,
1753460987492,16:29:47.492,AAVE/USDT:USDT,287.76,0.1,287.77,353.5,287.78,5757378.1,
1753460987622,16:29:47.622,AAVE/USDT:USDT,287.74,2.1,287.75,232.7,287.76,5757379.5,
1753460987763,16:29:47.763,AAVE/USDT:USDT,287.74,2.0,287.75,287.9,287.76,5757379.5,
1753460987899,16:29:47.899,AAVE/USDT:USDT,287.74,2.0,287.75,277.1,287.76,5757379.5,
1753460988016,16:29:48.016,AAVE/USDT:USDT,287.74,2.0,287.75,292.9,287.76,5757379.5,
1753460988359,16:29:48.359,AAVE/USDT:USDT,287.74,12.1,287.75,277.5,287.76,5757379.5,
1753460988491,16:29:48.491,AAVE/USDT:USDT,287.74,12.4,287.75,132.7,287.76,5757379.5,
1753460988611,16:29:48.611,AAVE/USDT:USDT,287.74,12.4,287.75,77.3,287.76,5757379.5,
1753460988716,16:29:48.716,AAVE/USDT:USDT,287.74,66.6,287.75,29.7,287.76,5757379.5,
1753460988947,16:29:48.947,AAVE/USDT:USDT,287.74,111.8,287.75,13.2,287.75,5757384.5,
1753460989092,16:29:49.092,AAVE/USDT:USDT,287.79,65.5,287.8,0.1,287.75,5757397.7,
1753460989214,16:29:49.214,AAVE/USDT:USDT,287.79,167.6,287.8,0.1,287.75,5757397.7,
1753460989318,16:29:49.318,AAVE/USDT:USDT,287.79,180.5,287.8,0.1,287.75,5757397.7,
1753460989436,16:29:49.436,AAVE/USDT:USDT,287.81,71.4,287.82,26.6,287.75,5757397.7,
1753460989584,16:29:49.584,AAVE/USDT:USDT,287.81,107.9,287.82,0.2,287.75,5757397.7,
1753460989685,16:29:49.685,AAVE/USDT:USDT,287.83,61.1,287.84,26.4,287.75,5757397.7,
1753460989820,16:29:49.820,AAVE/USDT:USDT,287.83,61.1,287.84,22.0,287.75,5757397.7,
1753460989920,16:29:49.920,AAVE/USDT:USDT,287.83,16.0,287.84,36.2,287.75,5757397.7,
1753460990072,16:29:50.072,AAVE/USDT:USDT,287.82,71.9,287.83,25.5,287.75,5757397.7,
1753460990174,16:29:50.174,AAVE/USDT:USDT,287.82,71.9,287.83,0.2,287.75,5757397.7,
1753460990292,16:29:50.292,AAVE/USDT:USDT,287.82,5.0,287.83,158.6,287.82,5757397.9,
1753460990539,16:29:50.539,AAVE/USDT:USDT,287.77,54.3,287.78,33.7,287.81,5757412.5,
1753460990676,16:29:50.676,AAVE/USDT:USDT,287.79,52.0,287.8,0.1,287.81,5757412.5,
1753460990779,16:29:50.779,AAVE/USDT:USDT,287.79,52.2,287.8,0.1,287.81,5757412.5,
1753460991020,16:29:51.020,AAVE/USDT:USDT,287.79,45.5,287.8,173.9,287.81,5757412.5,
1753460991130,16:29:51.130,AAVE/USDT:USDT,287.79,45.7,287.8,0.1,287.81,5757412.5,
1753460991383,16:29:51.383,AAVE/USDT:USDT,287.79,45.7,287.8,202.6,287.81,5757412.5,
1753460991489,16:29:51.489,AAVE/USDT:USDT,287.79,45.7,287.8,47.3,287.81,5757412.5,
1753460991617,16:29:51.617,AAVE/USDT:USDT,287.8,71.7,287.81,1.7,287.81,5757412.5,
1753460991876,16:29:51.876,AAVE/USDT:USDT,287.83,24.9,287.84,34.3,287.81,5757412.5,
1753460991981,16:29:51.981,AAVE/USDT:USDT,287.83,55.1,287.84,34.3,287.81,5757412.5,
1753460992086,16:29:52.086,AAVE/USDT:USDT,287.83,0.9,287.84,148.7,287.81,5757412.5,
1753460992204,16:29:52.204,AAVE/USDT:USDT,287.83,0.9,287.84,75.1,287.81,5757412.5,
1753460992314,16:29:52.314,AAVE/USDT:USDT,287.83,46.2,287.84,40.8,287.81,5757412.5,
1753460992419,16:29:52.419,AAVE/USDT:USDT,287.83,46.5,287.84,35.3,287.81,5757412.5,
1753460992521,16:29:52.521,AAVE/USDT:USDT,287.83,46.5,287.84,7.2,287.81,5757412.5,
1753460992782,16:29:52.782,AAVE/USDT:USDT,287.87,45.5,287.88,71.8,287.84,5757419.7,
1753460992913,16:29:52.913,AAVE/USDT:USDT,287.87,45.5,287.88,0.1,287.84,5757419.7,
1753460993121,16:29:53.121,AAVE/USDT:USDT,287.87,53.9,287.88,0.1,287.84,5757419.7,
1753460993227,16:29:53.227,AAVE/USDT:USDT,287.87,66.5,287.88,124.4,287.84,5757419.7,
1753460993375,16:29:53.375,AAVE/USDT:USDT,287.87,66.5,287.88,108.2,287.84,5757419.7,
1753460993493,16:29:53.493,AAVE/USDT:USDT,287.87,66.5,287.88,26.5,287.84,5757419.7,
1753460993599,16:29:53.599,AAVE/USDT:USDT,287.87,66.5,287.88,26.7,287.84,5757419.7,
1753460994091,16:29:54.091,AAVE/USDT:USDT,287.87,84.1,287.88,0.1,287.84,5757419.7,
1753460994214,16:29:54.214,AAVE/USDT:USDT,287.87,71.8,287.88,0.1,287.84,5757419.7,
1753460994319,16:29:54.319,AAVE/USDT:USDT,287.87,66.3,287.88,0.1,287.84,5757419.7,
1753460994430,16:29:54.430,AAVE/USDT:USDT,287.89,82.6,287.9,21.0,287.88,5757419.8,
1753460994584,16:29:54.584,AAVE/USDT:USDT,287.89,83.6,287.9,21.2,287.88,5757419.8,
1753460994973,16:29:54.973,AAVE/USDT:USDT,287.89,68.0,287.9,143.4,287.88,5757419.8,
1753460995114,16:29:55.114,AAVE/USDT:USDT,287.89,68.0,287.9,97.9,287.88,5757419.8,
1753460995222,16:29:55.222,AAVE/USDT:USDT,287.89,68.0,287.9,21.0,287.88,5757419.8,
1753460995332,16:29:55.332,AAVE/USDT:USDT,287.89,213.3,287.9,21.2,287.88,5757419.8,
1753460995470,16:29:55.470,AAVE/USDT:USDT,287.89,246.7,287.9,22.2,287.88,5757419.8,
1753460995618,16:29:55.618,AAVE/USDT:USDT,287.91,181.0,287.94,0.2,287.92,5757442.1,
1753460995773,16:29:55.773,AAVE/USDT:USDT,287.93,101.0,287.94,26.7,287.92,5757442.1,
1753460995976,16:29:55.976,AAVE/USDT:USDT,287.93,95.1,287.94,26.7,287.92,5757442.1,
1753460996212,16:29:56.212,AAVE/USDT:USDT,287.93,95.1,287.94,46.0,287.92,5757442.1,
1753460996314,16:29:56.314,AAVE/USDT:USDT,287.93,95.1,287.94,26.7,287.92,5757442.1,
1753460996415,16:29:56.415,AAVE/USDT:USDT,287.93,175.7,287.94,0.1,287.92,5757442.1,
1753460996516,16:29:56.516,AAVE/USDT:USDT,287.93,191.9,287.94,0.1,287.92,5757442.1,
1753460996739,16:29:56.739,AAVE/USDT:USDT,287.93,94.2,287.94,26.7,287.92,5757442.1,
1753460996880,16:29:56.880,AAVE/USDT:USDT,287.93,242.0,287.94,0.1,287.92,5757442.1,
1753460997172,16:29:57.172,AAVE/USDT:USDT,287.93,242.0,287.94,45.4,287.92,5757442.1,
1753460997316,16:29:57.316,AAVE/USDT:USDT,287.93,94.2,287.94,0.3,287.92,5757442.1,
1753460997671,16:29:57.671,AAVE/USDT:USDT,287.95,121.6,287.96,0.1,287.95,5757442.7,
1753460997896,16:29:57.896,AAVE/USDT:USDT,287.95,221.4,287.96,0.1,287.95,5757442.7,
1753460998216,16:29:58.216,AAVE/USDT:USDT,287.95,222.2,287.96,0.4,287.95,5757442.7,
1753460998319,16:29:58.319,AAVE/USDT:USDT,287.95,140.5,287.96,0.4,287.95,5757442.7,
1753460998523,16:29:58.523,AAVE/USDT:USDT,287.98,229.2,287.99,0.3,287.98,5757443.2,
1753460998638,16:29:58.638,AAVE/USDT:USDT,287.99,123.7,288.0,0.3,287.98,5757443.2,
1753460998779,16:29:58.779,AAVE/USDT:USDT,287.99,102.8,288.0,0.3,287.98,5757443.2,
1753460998881,16:29:58.881,AAVE/USDT:USDT,287.99,168.0,288.0,0.3,287.98,5757443.2,
1753460999009,16:29:59.009,AAVE/USDT:USDT,287.99,430.5,288.0,0.3,287.98,5757443.2,
1753460999114,16:29:59.114,AAVE/USDT:USDT,287.99,430.5,288.01,0.3,288.0,5757443.5,
1753460999420,16:29:59.420,AAVE/USDT:USDT,288.01,113.5,288.02,45.6,288.0,5757443.5,
1753460999784,16:29:59.784,AAVE/USDT:USDT,288.01,8.4,288.02,87.9,288.0,5757443.5,
1753461000122,16:30:00.122,AAVE/USDT:USDT,287.95,0.3,287.98,77.0,287.96,5751679.7,
1753461000223,16:30:00.223,AAVE/USDT:USDT,287.91,7.7,287.92,135.5,287.92,5751680.2,
1753461000473,16:30:00.473,AAVE/USDT:USDT,287.91,7.9,287.92,217.2,287.92,5751680.2,
1753461000575,16:30:00.575,AAVE/USDT:USDT,287.91,73.2,287.92,26.6,287.92,5751680.2,
1753461000918,16:30:00.918,AAVE/USDT:USDT,287.99,41.7,288.0,45.4,288.0,5751913.6,
1753461001019,16:30:01.019,AAVE/USDT:USDT,287.95,33.0,287.96,73.4,288.0,5751913.6,
1753461001264,16:30:01.264,AAVE/USDT:USDT,287.95,60.8,287.96,26.4,288.0,5751913.6,
1753461001394,16:30:01.394,AAVE/USDT:USDT,287.95,76.6,287.96,26.4,288.0,5751913.6,
1753461001498,16:30:01.498,AAVE/USDT:USDT,287.99,127.5,288.0,0.2,288.0,5751913.6,
1753461001612,16:30:01.612,AAVE/USDT:USDT,287.99,111.5,288.01,27.3,288.0,5751913.8,
1753461001715,16:30:01.715,AAVE/USDT:USDT,288.0,134.2,288.01,27.0,288.0,5751913.8,
1753461001815,16:30:01.815,AAVE/USDT:USDT,288.0,134.2,288.01,27.2,288.0,5751913.8,
1753461001920,16:30:01.920,AAVE/USDT:USDT,288.0,24.4,288.01,27.2,288.0,5751913.8,
1753461002023,16:30:02.023,AAVE/USDT:USDT,288.0,0.7,288.01,87.5,288.0,5751913.8,
1753461002169,16:30:02.169,AAVE/USDT:USDT,288.0,0.7,288.01,189.1,288.0,5751913.8,
1753461002287,16:30:02.287,AAVE/USDT:USDT,288.0,46.0,288.01,42.9,288.0,5751913.8,
1753461002418,16:30:02.418,AAVE/USDT:USDT,288.0,46.0,288.01,43.1,288.0,5751913.8,
1753461002524,16:30:02.524,AAVE/USDT:USDT,288.0,21.3,288.01,59.2,288.0,5751913.8,
1753461002775,16:30:02.775,AAVE/USDT:USDT,288.0,21.3,288.01,43.2,288.0,5751913.8,
1753461003006,16:30:03.006,AAVE/USDT:USDT,288.0,73.0,288.01,28.0,288.0,5751913.8,
1753461003404,16:30:03.404,AAVE/USDT:USDT,287.96,0.6,287.97,260.2,288.0,5751935.1,
1753461003512,16:30:03.512,AAVE/USDT:USDT,287.96,0.6,287.97,293.2,288.0,5751935.1,
1753461003613,16:30:03.613,AAVE/USDT:USDT,287.96,1.8,287.97,293.2,288.0,5751935.1,
1753461003818,16:30:03.818,AAVE/USDT:USDT,287.96,47.3,287.97,5.5,288.0,5751935.1,
1753461004020,16:30:04.020,AAVE/USDT:USDT,287.99,70.1,288.0,0.2,288.0,5751935.1,
1753461004131,16:30:04.131,AAVE/USDT:USDT,287.99,70.1,288.0,0.2,288.0,5751935.1,
1753461004368,16:30:04.368,AAVE/USDT:USDT,287.98,71.7,287.99,0.2,288.0,5751935.1,
1753461004486,16:30:04.486,AAVE/USDT:USDT,287.98,26.6,287.99,98.7,288.0,5751935.1,
1753461004716,16:30:04.716,AAVE/USDT:USDT,287.99,70.6,288.0,0.2,288.0,5751935.1,
1753461004816,16:30:04.816,AAVE/USDT:USDT,287.99,70.6,288.0,2.3,288.0,5751935.1,
1753461005019,16:30:05.019,AAVE/USDT:USDT,287.99,54.4,288.0,2.5,288.0,5751935.1,
1753461005122,16:30:05.122,AAVE/USDT:USDT,287.99,67.5,288.0,155.5,288.0,5751935.1,
1753461005269,16:30:05.269,AAVE/USDT:USDT,287.99,65.5,288.0,28.6,288.0,5751935.1,
1753461005515,16:30:05.515,AAVE/USDT:USDT,287.99,45.5,288.0,36.0,288.0,5751935.1,
1753461005982,16:30:05.982,AAVE/USDT:USDT,287.98,30.6,287.99,134.5,288.0,5751935.1,
1753461006086,16:30:06.086,AAVE/USDT:USDT,287.98,35.8,287.99,7.7,288.0,5751935.1,
1753461006313,16:30:06.313,AAVE/USDT:USDT,287.99,45.5,288.0,36.1,288.0,5751935.1,
1753461006522,16:30:06.522,AAVE/USDT:USDT,287.99,45.5,288.0,36.0,288.0,5751935.1,
1753461006884,16:30:06.884,AAVE/USDT:USDT,287.99,45.5,288.0,35.8,288.0,5751935.1,
1753461007217,16:30:07.217,AAVE/USDT:USDT,287.96,47.1,287.97,226.3,287.98,5751935.5,
1753461007317,16:30:07.317,AAVE/USDT:USDT,287.96,2.0,287.97,226.3,287.98,5751935.5,
1753461007419,16:30:07.419,AAVE/USDT:USDT,287.94,0.1,287.95,254.2,287.96,5751937.5,
1753461007521,16:30:07.521,AAVE/USDT:USDT,287.94,0.1,287.95,229.7,287.96,5751937.5,
1753461007642,16:30:07.642,AAVE/USDT:USDT,287.94,0.1,287.95,243.7,287.96,5751937.5,
1753461007753,16:30:07.753,AAVE/USDT:USDT,287.94,0.1,287.95,285.0,287.96,5751937.5,
1753461008014,16:30:08.014,AAVE/USDT:USDT,287.94,26.8,287.95,95.7,287.96,5751937.5,
1753461008326,16:30:08.326,AAVE/USDT:USDT,287.94,45.9,287.95,95.6,287.96,5751937.5,
1753461008431,16:30:08.431,AAVE/USDT:USDT,287.94,45.9,287.95,95.8,287.96,5751937.5,
1753461008538,16:30:08.538,AAVE/USDT:USDT,287.94,0.4,287.95,130.0,287.96,5751937.5,
1753461008746,16:30:08.746,AAVE/USDT:USDT,287.94,45.9,287.95,95.8,287.96,5751937.5,
1753461008878,16:30:08.878,AAVE/USDT:USDT,287.94,45.9,287.95,141.1,287.96,5751937.5,
1753461008993,16:30:08.993,AAVE/USDT:USDT,287.94,45.9,287.95,59.4,287.96,5751937.5,
1753461009100,16:30:09.100,AAVE/USDT:USDT,287.94,45.9,287.95,95.6,287.96,5751937.5,
1753461009305,16:30:09.305,AAVE/USDT:USDT,287.94,72.3,287.95,14.1,287.96,5751937.5,
1753461009407,16:30:09.407,AAVE/USDT:USDT,287.94,72.4,287.95,14.3,287.96,5751937.5,
1753461009510,16:30:09.510,AAVE/USDT:USDT,287.92,0.5,287.95,127.3,287.94,5751938.2,
1753461009615,16:30:09.615,AAVE/USDT:USDT,287.92,0.4,287.93,203.5,287.94,5751938.2,
1753461009728,16:30:09.728,AAVE/USDT:USDT,287.92,0.1,287.93,245.7,287.94,5751938.2,
1753461009973,16:30:09.973,AAVE/USDT:USDT,287.92,0.1,287.93,219.8,287.94,5751938.2,
1753461010084,16:30:10.084,AAVE/USDT:USDT,287.92,71.8,287.93,112.2,287.94,5751938.2,
1753461010215,16:30:10.215,AAVE/USDT:USDT,287.92,72.0,287.93,16.2,287.92,5751938.3,
1753461010318,16:30:10.318,AAVE/USDT:USDT,287.94,107.9,287.96,0.3,287.95,5751955.0,
1753461010421,16:30:10.421,AAVE/USDT:USDT,287.98,26.4,287.99,46.0,287.95,5751955.0,
1753461010725,16:30:10.725,AAVE/USDT:USDT,287.92,0.1,287.93,273.8,287.95,5751955.0,
1753461010832,16:30:10.832,AAVE/USDT:USDT,287.88,0.8,287.92,36.3,287.89,5751964.7,
1753461011114,16:30:11.114,AAVE/USDT:USDT,287.88,27.1,287.89,147.8,287.89,5751964.7,
1753461011369,16:30:11.369,AAVE/USDT:USDT,287.88,117.4,287.89,35.3,287.89,5751964.7,
1753461011473,16:30:11.473,AAVE/USDT:USDT,287.88,35.9,287.89,35.3,287.89,5751964.7,
1753461011578,16:30:11.578,AAVE/USDT:USDT,287.88,36.1,287.89,35.3,287.89,5751964.7,
1753461011680,16:30:11.680,AAVE/USDT:USDT,287.88,27.1,287.89,56.1,287.89,5751964.7,
1753461011921,16:30:11.921,AAVE/USDT:USDT,287.88,81.0,287.89,35.1,287.89,5751964.7,
1753461012072,16:30:12.072,AAVE/USDT:USDT,287.88,81.2,287.89,35.3,287.89,5751964.7,
1753461012179,16:30:12.179,AAVE/USDT:USDT,287.88,81.2,287.89,36.0,287.89,5751964.7,
1753461012313,16:30:12.313,AAVE/USDT:USDT,287.88,168.6,287.89,36.0,287.89,5751964.7,
1753461012518,16:30:12.518,AAVE/USDT:USDT,287.94,78.4,287.96,26.7,287.91,5752001.1,
1753461012902,16:30:12.902,AAVE/USDT:USDT,287.95,45.5,287.96,28.7,287.91,5752001.1,
1753461013115,16:30:13.115,AAVE/USDT:USDT,287.95,122.1,287.96,2.3,287.91,5752001.1,
1753461013220,16:30:13.220,AAVE/USDT:USDT,287.95,153.5,287.96,2.3,287.91,5752001.1,
1753461013370,16:30:13.370,AAVE/USDT:USDT,287.95,56.9,287.96,2.3,287.91,5752001.1,
1753461013477,16:30:13.477,AAVE/USDT:USDT,287.95,11.8,287.96,105.6,287.91,5752001.1,
1753461013593,16:30:13.593,AAVE/USDT:USDT,287.94,0.2,287.95,315.3,287.95,5752012.9,
1753461013699,16:30:13.699,AAVE/USDT:USDT,287.94,0.1,287.95,356.1,287.94,5752013.0,
1753461013818,16:30:13.818,AAVE/USDT:USDT,287.94,0.1,287.95,356.1,287.94,5752013.0,
1753461014076,16:30:14.076,AAVE/USDT:USDT,287.9,0.2,287.91,164.4,287.94,5752013.1,
1753461014424,16:30:14.424,AAVE/USDT:USDT,287.9,0.1,287.91,164.4,287.94,5752013.1,
1753461014674,16:30:14.674,AAVE/USDT:USDT,287.9,0.1,287.91,164.5,287.94,5752013.1,
1753461015248,16:30:15.248,AAVE/USDT:USDT,287.9,0.1,287.91,164.6,287.94,5752013.1,
1753461015375,16:30:15.375,AAVE/USDT:USDT,287.9,0.1,287.91,167.2,287.94,5752013.1,
1753461015613,16:30:15.613,AAVE/USDT:USDT,287.9,87.4,287.91,3.0,287.94,5752013.1,
1753461015717,16:30:15.717,AAVE/USDT:USDT,287.9,71.8,287.91,3.0,287.94,5752013.1,
1753461015817,16:30:15.817,AAVE/USDT:USDT,287.9,72.0,287.91,3.0,287.94,5752013.1,
1753461015919,16:30:15.919,AAVE/USDT:USDT,287.9,26.7,287.91,120.8,287.94,5752013.1,
1753461016020,16:30:16.020,AAVE/USDT:USDT,287.9,0.1,287.91,153.9,287.94,5752013.1,
1753461016265,16:30:16.265,AAVE/USDT:USDT,287.9,0.1,287.91,121.1,287.94,5752013.1,
1753461016399,16:30:16.399,AAVE/USDT:USDT,287.9,26.5,287.91,39.6,287.94,5752013.1,
1753461016614,16:30:16.614,AAVE/USDT:USDT,287.9,35.7,287.91,3.3,287.94,5752013.1,
1753461016872,16:30:16.872,AAVE/USDT:USDT,287.9,26.7,287.91,48.6,287.94,5752013.1,
1753461016993,16:30:16.993,AAVE/USDT:USDT,287.9,0.1,287.91,146.7,287.94,5752013.1,
1753461017115,16:30:17.115,AAVE/USDT:USDT,287.9,0.1,287.91,161.9,287.94,5752013.1,
1753461017322,16:30:17.322,AAVE/USDT:USDT,287.9,26.5,287.91,140.7,287.94,5752013.1,
1753461017428,16:30:17.428,AAVE/USDT:USDT,287.9,27.4,287.91,52.3,287.94,5752013.1,
1753461017681,16:30:17.681,AAVE/USDT:USDT,287.9,27.6,287.91,43.0,287.94,5752013.1,
1753461017791,16:30:17.791,AAVE/USDT:USDT,287.9,1.2,287.91,124.5,287.94,5752013.1,
1753461017912,16:30:17.912,AAVE/USDT:USDT,287.9,1.2,287.91,131.4,287.94,5752013.1,
1753461018019,16:30:18.019,AAVE/USDT:USDT,287.9,1.2,287.91,147.6,287.94,5752013.1,
1753461018163,16:30:18.163,AAVE/USDT:USDT,287.9,72.9,287.91,6.7,287.94,5752013.1,
1753461018281,16:30:18.281,AAVE/USDT:USDT,287.9,92.8,287.91,6.7,287.94,5752013.1,
1753461018412,16:30:18.412,AAVE/USDT:USDT,287.9,90.1,287.91,6.7,287.94,5752013.1,
1753461018515,16:30:18.515,AAVE/USDT:USDT,287.9,72.9,287.91,6.7,287.94,5752013.1,
1753461018615,16:30:18.615,AAVE/USDT:USDT,287.9,154.4,287.91,6.7,287.94,5752013.1,
1753461018856,16:30:18.856,AAVE/USDT:USDT,287.9,73.8,287.91,6.4,287.94,5752013.1,
1753461019011,16:30:19.011,AAVE/USDT:USDT,287.9,91.9,287.91,6.4,287.94,5752013.1,
1753461019226,16:30:19.226,AAVE/USDT:USDT,287.9,73.8,287.91,9.4,287.94,5752013.1,
1753461019328,16:30:19.328,AAVE/USDT:USDT,287.9,92.9,287.91,9.4,287.94,5752013.1,
1753461019543,16:30:19.543,AAVE/USDT:USDT,287.95,40.1,287.96,0.1,287.93,5752022.8,
1753461019671,16:30:19.671,AAVE/USDT:USDT,287.95,6.9,287.96,45.4,287.93,5752022.8,
1753461019799,16:30:19.799,AAVE/USDT:USDT,287.95,52.2,287.96,45.6,287.93,5752022.8,
1753461020011,16:30:20.011,AAVE/USDT:USDT,287.95,6.9,287.96,45.6,287.93,5752022.8,
1753461020214,16:30:20.214,AAVE/USDT:USDT,287.93,24.2,287.96,182.2,287.95,5752033.1,
1753461020422,16:30:20.422,AAVE/USDT:USDT,287.94,49.1,287.95,92.7,287.95,5752033.1,
1753461020555,16:30:20.555,AAVE/USDT:USDT,287.94,7.1,287.95,227.3,287.95,5752033.1,
1753461020911,16:30:20.911,AAVE/USDT:USDT,287.94,7.1,287.95,108.9,287.95,5752033.1,
1753461021014,16:30:21.014,AAVE/USDT:USDT,287.94,7.1,287.95,163.9,287.95,5752033.1,
1753461021117,16:30:21.117,AAVE/USDT:USDT,287.94,7.1,287.95,82.2,287.95,5752033.1,
1753461021270,16:30:21.270,AAVE/USDT:USDT,287.94,7.1,287.95,66.4,287.95,5752033.1,
1753461021395,16:30:21.395,AAVE/USDT:USDT,287.94,33.5,287.95,66.4,287.95,5752033.1,
1753461021516,16:30:21.516,AAVE/USDT:USDT,287.94,33.5,287.95,45.3,287.95,5752033.1,
1753461021721,16:30:21.721,AAVE/USDT:USDT,287.94,33.5,287.95,45.5,287.95,5752033.1,
1753461021864,16:30:21.864,AAVE/USDT:USDT,287.94,7.1,287.95,133.7,287.95,5752033.1,
1753461021970,16:30:21.970,AAVE/USDT:USDT,287.94,7.1,287.95,151.0,287.95,5752033.1,
1753461022198,16:30:22.198,AAVE/USDT:USDT,287.9,4.0,287.91,269.9,287.94,5752040.2,
1753461022313,16:30:22.313,AAVE/USDT:USDT,287.9,49.5,287.91,76.1,287.94,5752040.2,
1753461022415,16:30:22.415,AAVE/USDT:USDT,287.9,92.0,287.91,0.2,287.94,5752040.2,
1753461022521,16:30:22.521,AAVE/USDT:USDT,287.91,22.6,287.92,45.5,287.91,5752040.5,
1753461022629,16:30:22.629,AAVE/USDT:USDT,287.91,6.9,287.92,177.4,287.91,5752040.5,
1753461022778,16:30:22.778,AAVE/USDT:USDT,287.91,7.1,287.92,71.7,287.91,5752040.5,
1753461022914,16:30:22.914,AAVE/USDT:USDT,287.91,7.1,287.92,153.4,287.91,5752040.5,
1753461023015,16:30:23.015,AAVE/USDT:USDT,287.91,7.1,287.92,153.2,287.91,5752040.5,
1753461023122,16:30:23.122,AAVE/USDT:USDT,287.91,7.1,287.92,172.0,287.91,5752040.5,
1753461023222,16:30:23.222,AAVE/USDT:USDT,287.91,7.1,287.92,179.1,287.91,5752040.5,
1753461023586,16:30:23.586,AAVE/USDT:USDT,287.86,0.6,287.87,274.4,287.88,5752052.9,
1753461023710,16:30:23.710,AAVE/USDT:USDT,287.86,0.6,287.87,312.0,287.88,5752052.9,
1753461023813,16:30:23.813,AAVE/USDT:USDT,287.86,27.0,287.87,274.4,287.88,5752052.9,
1753461023917,16:30:23.917,AAVE/USDT:USDT,287.86,27.2,287.87,185.8,287.88,5752052.9,
1753461024024,16:30:24.024,AAVE/USDT:USDT,287.88,52.2,287.89,45.3,287.88,5752052.9,
1753461024419,16:30:24.419,AAVE/USDT:USDT,287.88,27.0,287.89,45.5,287.88,5752052.9,
1753461024522,16:30:24.522,AAVE/USDT:USDT,287.88,27.1,287.89,45.5,287.88,5752052.9,
1753461024653,16:30:24.653,AAVE/USDT:USDT,287.88,27.1,287.89,127.0,287.88,5752052.9,
1753461024759,16:30:24.759,AAVE/USDT:USDT,287.88,0.7,287.89,151.7,287.88,5752052.9,
1753461024900,16:30:24.900,AAVE/USDT:USDT,287.86,0.6,287.87,335.0,287.88,5752053.6,
1753461025021,16:30:25.021,AAVE/USDT:USDT,287.86,0.6,287.87,353.1,287.88,5752053.6,
1753461025401,16:30:25.401,AAVE/USDT:USDT,287.86,0.6,287.87,334.1,287.88,5752053.6,
1753461025613,16:30:25.613,AAVE/USDT:USDT,287.86,7.9,287.87,333.4,287.88,5752053.6,
1753461025715,16:30:25.715,AAVE/USDT:USDT,287.86,8.1,287.87,333.4,287.88,5752053.6,
1753461025933,16:30:25.933,AAVE/USDT:USDT,287.84,1.2,287.85,280.5,287.86,5752061.7,
1753461026047,16:30:26.047,AAVE/USDT:USDT,287.81,0.3,287.82,238.4,287.82,5752065.7,
1753461026188,16:30:26.188,AAVE/USDT:USDT,287.78,0.1,287.79,369.8,287.79,5752068.9,
1753461026299,16:30:26.299,AAVE/USDT:USDT,287.78,0.1,287.79,340.0,287.79,5752068.9,
1753461026514,16:30:26.514,AAVE/USDT:USDT,287.78,26.7,287.79,200.9,287.79,5752068.9,
1753461026718,16:30:26.718,AAVE/USDT:USDT,287.78,0.3,287.79,45.5,287.79,5752068.9,
1753461026855,16:30:26.855,AAVE/USDT:USDT,287.78,0.1,287.79,156.5,287.79,5752068.9,
1753461026963,16:30:26.963,AAVE/USDT:USDT,287.78,0.1,287.79,45.5,287.79,5752068.9,
1753461027064,16:30:27.064,AAVE/USDT:USDT,287.78,71.3,287.8,34.5,287.79,5752068.9,
1753461027172,16:30:27.172,AAVE/USDT:USDT,287.79,70.2,287.8,34.5,287.79,5752068.9,
1753461027311,16:30:27.311,AAVE/USDT:USDT,287.79,70.2,287.8,0.1,287.79,5752068.9,
1753461027418,16:30:27.418,AAVE/USDT:USDT,287.79,88.8,287.8,0.1,287.79,5752068.9,
1753461027542,16:30:27.542,AAVE/USDT:USDT,287.81,54.1,287.82,52.2,287.79,5752068.9,
1753461027676,16:30:27.676,AAVE/USDT:USDT,287.81,54.3,287.82,7.1,287.79,5752068.9,
1753461027915,16:30:27.915,AAVE/USDT:USDT,287.82,51.3,287.83,20.5,287.79,5752068.9,
1753461028119,16:30:28.119,AAVE/USDT:USDT,287.81,16.0,287.82,114.8,287.79,5752068.9,
1753461028373,16:30:28.373,AAVE/USDT:USDT,287.8,0.6,287.81,187.6,287.79,5752068.9,
1753461028512,16:30:28.512,AAVE/USDT:USDT,287.8,0.5,287.81,187.8,287.79,5752068.9,
1753461028826,16:30:28.826,AAVE/USDT:USDT,287.8,26.9,287.81,72.7,287.79,5752068.9,
1753461028978,16:30:28.978,AAVE/USDT:USDT,287.82,58.9,287.83,21.0,287.79,5752068.9,
1753461029084,16:30:29.084,AAVE/USDT:USDT,287.8,27.0,287.81,90.0,287.79,5752068.9,
1753461029202,16:30:29.202,AAVE/USDT:USDT,287.8,27.2,287.81,171.7,287.79,5752068.9,
1753461029313,16:30:29.313,AAVE/USDT:USDT,287.8,27.2,287.81,160.9,287.79,5752068.9,
1753461029519,16:30:29.519,AAVE/USDT:USDT,287.82,26.4,287.83,1.0,287.79,5752068.9,
1753461029619,16:30:29.619,AAVE/USDT:USDT,287.82,153.2,287.83,1.0,287.79,5752068.9,
1753461029773,16:30:29.773,AAVE/USDT:USDT,287.81,54.2,287.82,74.7,287.79,5752068.9,
1753461029889,16:30:29.889,AAVE/USDT:USDT,287.81,54.4,287.82,74.9,287.79,5752068.9,
1753461030113,16:30:30.113,AAVE/USDT:USDT,287.81,54.4,287.82,45.5,287.79,5752068.9,
1753461030215,16:30:30.215,AAVE/USDT:USDT,287.81,54.4,287.82,121.6,287.79,5752068.9,
1753461030370,16:30:30.370,AAVE/USDT:USDT,287.81,54.4,287.82,46.0,287.79,5752068.9,
1753461030473,16:30:30.473,AAVE/USDT:USDT,287.81,73.6,287.82,3.8,287.79,5752068.9,
1753461030693,16:30:30.693,AAVE/USDT:USDT,287.81,161.0,287.82,4.0,287.79,5752068.9,
1753461030815,16:30:30.815,AAVE/USDT:USDT,287.81,60.5,287.82,4.0,287.79,5752068.9,
1753461030918,16:30:30.918,AAVE/USDT:USDT,287.81,60.5,287.82,130.6,287.79,5752068.9,
1753461031026,16:30:31.026,AAVE/USDT:USDT,287.81,60.3,287.82,4.0,287.79,5752068.9,
1753461031146,16:30:31.146,AAVE/USDT:USDT,287.81,60.5,287.82,4.0,287.79,5752068.9,
1753461031285,16:30:31.285,AAVE/USDT:USDT,287.81,6.3,287.82,153.5,287.79,5752068.9,
1753461031562,16:30:31.562,AAVE/USDT:USDT,287.81,15.8,287.82,49.3,287.79,5752068.9,
1753461031774,16:30:31.774,AAVE/USDT:USDT,287.77,0.9,287.78,257.6,287.78,5752077.8,
1753461031901,16:30:31.901,AAVE/USDT:USDT,287.77,0.9,287.78,275.9,287.78,5752077.8,
1753461032011,16:30:32.011,AAVE/USDT:USDT,287.77,0.9,287.78,313.5,287.78,5752077.8,
1753461032216,16:30:32.216,AAVE/USDT:USDT,287.77,1.1,287.78,314.4,287.78,5752077.8,
1753461032339,16:30:32.339,AAVE/USDT:USDT,287.77,1.1,287.78,302.9,287.78,5752077.8,
1753461032476,16:30:32.476,AAVE/USDT:USDT,287.77,9.9,287.78,46.2,287.78,5752077.8,
1753461032600,16:30:32.600,AAVE/USDT:USDT,287.77,1.1,287.78,46.2,287.78,5752077.8,
1753461032705,16:30:32.705,AAVE/USDT:USDT,287.77,9.9,287.78,46.4,287.78,5752077.8,
1753461032814,16:30:32.814,AAVE/USDT:USDT,287.77,9.9,287.78,46.2,287.78,5752077.8,
1753461032920,16:30:32.920,AAVE/USDT:USDT,287.77,1.1,287.78,144.1,287.78,5752077.8,
1753461033037,16:30:33.037,AAVE/USDT:USDT,287.77,1.1,287.78,186.4,287.78,5752077.8,
1753461033142,16:30:33.142,AAVE/USDT:USDT,287.76,0.1,287.77,311.7,287.77,5752078.9,
1753461033287,16:30:33.287,AAVE/USDT:USDT,287.76,0.1,287.77,333.1,287.77,5752078.9,
1753461033412,16:30:33.412,AAVE/USDT:USDT,287.75,0.3,287.77,333.1,287.76,5752079.0,
1753461033518,16:30:33.518,AAVE/USDT:USDT,287.74,0.8,287.75,231.1,287.76,5752079.0,
1753461033623,16:30:33.623,AAVE/USDT:USDT,287.74,1.0,287.75,287.4,287.76,5752079.0,
1753461033742,16:30:33.742,AAVE/USDT:USDT,287.74,104.2,287.75,287.4,287.76,5752079.0,
1753461034087,16:30:34.087,AAVE/USDT:USDT,287.74,104.2,287.75,129.1,287.76,5752079.0,
1753461034326,16:30:34.326,AAVE/USDT:USDT,287.74,104.2,287.75,128.1,287.75,5752080.0,
1753461034430,16:30:34.430,AAVE/USDT:USDT,287.74,104.2,287.75,128.1,287.75,5752080.0,
1753461034554,16:30:34.554,AAVE/USDT:USDT,287.74,130.6,287.75,51.5,287.75,5752081.0,
1753461034673,16:30:34.673,AAVE/USDT:USDT,287.76,47.8,287.77,46.8,287.75,5752081.0,
1753461034803,16:30:34.803,AAVE/USDT:USDT,287.76,48.0,287.77,47.0,287.75,5752081.0,
1753461035331,16:30:35.331,AAVE/USDT:USDT,287.74,104.2,287.75,123.9,287.75,5752081.0,
1753461035449,16:30:35.449,AAVE/USDT:USDT,287.74,104.2,287.75,176.1,287.75,5752081.0,
1753461035557,16:30:35.557,AAVE/USDT:USDT,287.74,104.2,287.75,164.8,287.75,5752081.0,
1753461035684,16:30:35.684,AAVE/USDT:USDT,287.73,1.8,287.74,310.7,287.74,5752185.2,
1753461035818,16:30:35.818,AAVE/USDT:USDT,287.73,1.8,287.74,334.0,287.74,5752185.2,
1753461035930,16:30:35.930,AAVE/USDT:USDT,287.71,0.8,287.72,281.3,287.72,5752187.4,
1753461036165,16:30:36.165,AAVE/USDT:USDT,287.71,46.1,287.72,23.8,287.72,5752187.4,
1753461036278,16:30:36.278,AAVE/USDT:USDT,287.71,46.1,287.72,0.4,287.72,5752187.4,
1753461036417,16:30:36.417,AAVE/USDT:USDT,287.71,153.8,287.72,0.2,287.72,5752187.4,
1753461036524,16:30:36.524,AAVE/USDT:USDT,287.71,114.1,287.72,0.2,287.72,5752187.4,
1753461036628,16:30:36.628,AAVE/USDT:USDT,287.71,5.5,287.72,178.0,287.72,5752187.4,
1753461036874,16:30:36.874,AAVE/USDT:USDT,287.71,4.5,287.72,238.6,287.71,5752188.4,
1753461037018,16:30:37.018,AAVE/USDT:USDT,287.71,4.8,287.72,245.5,287.71,5752188.4,
1753461037170,16:30:37.170,AAVE/USDT:USDT,287.71,4.8,287.72,246.4,287.71,5752188.4,
1753461037288,16:30:37.288,AAVE/USDT:USDT,287.71,4.8,287.72,275.8,287.71,5752188.4,
1753461038101,16:30:38.101,AAVE/USDT:USDT,287.66,0.4,287.67,229.9,287.67,5752394.7,
1753461038211,16:30:38.211,AAVE/USDT:USDT,287.65,0.3,287.67,329.7,287.66,5752394.8,
1753461038315,16:30:38.315,AAVE/USDT:USDT,287.63,1.1,287.65,279.7,287.64,5752396.0,
1753461038416,16:30:38.416,AAVE/USDT:USDT,287.63,0.8,287.64,338.3,287.64,5752396.0,
1753461038520,16:30:38.520,AAVE/USDT:USDT,287.63,1.0,287.64,384.9,287.64,5752396.0,
1753461038620,16:30:38.620,AAVE/USDT:USDT,287.63,1.0,287.64,408.1,287.64,5752396.0,
1753461038738,16:30:38.738,AAVE/USDT:USDT,287.63,46.3,287.64,55.4,287.64,5752396.0,
1753461038986,16:30:38.986,AAVE/USDT:USDT,287.63,1.0,287.64,154.7,287.64,5752396.0,
1753461039211,16:30:39.211,AAVE/USDT:USDT,287.63,0.2,287.64,200.4,287.63,5752396.8,
1753461039315,16:30:39.315,AAVE/USDT:USDT,287.62,0.1,287.63,357.5,287.63,5752397.0,
1753461039425,16:30:39.425,AAVE/USDT:USDT,287.59,0.3,287.62,45.2,287.6,5752403.8,
1753461039527,16:30:39.527,AAVE/USDT:USDT,287.58,0.1,287.59,256.3,287.6,5752403.8,
1753461039627,16:30:39.627,AAVE/USDT:USDT,287.56,0.8,287.57,198.1,287.58,5752403.9,
1753461039761,16:30:39.761,AAVE/USDT:USDT,287.56,0.1,287.57,214.7,287.58,5752403.9,
1753461039895,16:30:39.895,AAVE/USDT:USDT,287.56,45.4,287.57,229.8,287.58,5752403.9,
1753461040012,16:30:40.012,AAVE/USDT:USDT,287.56,120.5,287.57,43.7,287.58,5752403.9,
1753461040116,16:30:40.116,AAVE/USDT:USDT,287.56,80.8,287.57,43.7,287.58,5752403.9,
1753461040220,16:30:40.220,AAVE/USDT:USDT,287.56,97.7,287.57,43.7,287.58,5752403.9,
1753461040432,16:30:40.432,AAVE/USDT:USDT,287.56,97.7,287.57,44.4,287.58,5752403.9,
1753461040575,16:30:40.575,AAVE/USDT:USDT,287.56,97.7,287.57,69.7,287.58,5752403.9,
1753461040788,16:30:40.788,AAVE/USDT:USDT,287.56,80.8,287.57,69.7,287.58,5752403.9,
1753461040907,16:30:40.907,AAVE/USDT:USDT,287.56,72.0,287.57,163.6,287.58,5752403.9,
1753461041016,16:30:41.016,AAVE/USDT:USDT,287.56,0.1,287.57,179.5,287.58,5752403.9,
1753461041273,16:30:41.273,AAVE/USDT:USDT,287.56,0.1,287.57,179.7,287.58,5752403.9,
1753461041407,16:30:41.407,AAVE/USDT:USDT,287.56,0.1,287.57,123.8,287.58,5752403.9,
1753461041516,16:30:41.516,AAVE/USDT:USDT,287.56,0.1,287.57,167.4,287.58,5752403.9,
1753461041630,16:30:41.630,AAVE/USDT:USDT,287.56,0.1,287.57,174.2,287.58,5752403.9,
1753461041915,16:30:41.915,AAVE/USDT:USDT,287.56,71.8,287.57,76.8,287.58,5752403.9,
1753461042017,16:30:42.017,AAVE/USDT:USDT,287.56,72.0,287.57,76.8,287.58,5752403.9,
1753461042225,16:30:42.225,AAVE/USDT:USDT,287.56,26.7,287.57,77.7,287.58,5752403.9,
1753461042352,16:30:42.352,AAVE/USDT:USDT,287.56,0.1,287.57,159.2,287.58,5752403.9,
1753461042506,16:30:42.506,AAVE/USDT:USDT,287.56,53.5,287.57,76.6,287.58,5752403.9,
1753461042606,16:30:42.606,AAVE/USDT:USDT,287.56,36.4,287.57,76.6,287.58,5752403.9,
1753461042711,16:30:42.711,AAVE/USDT:USDT,287.56,36.4,287.57,76.8,287.58,5752403.9,
1753461042820,16:30:42.820,AAVE/USDT:USDT,287.56,1.2,287.57,177.0,287.58,5752403.9,
1753461042943,16:30:42.943,AAVE/USDT:USDT,287.56,1.0,287.57,158.3,287.58,5752403.9,
1753461043073,16:30:43.073,AAVE/USDT:USDT,287.56,1.2,287.57,188.9,287.58,5752403.9,
1753461043180,16:30:43.180,AAVE/USDT:USDT,287.56,27.6,287.57,76.8,287.58,5752403.9,
1753461043311,16:30:43.311,AAVE/USDT:USDT,287.56,32.6,287.57,76.8,287.58,5752403.9,
1753461043630,16:30:43.630,AAVE/USDT:USDT,287.56,95.7,287.57,76.8,287.58,5752403.9,
1753461043731,16:30:43.731,AAVE/USDT:USDT,287.61,77.1,287.62,0.1,287.61,5752481.7,
1753461043879,16:30:43.879,AAVE/USDT:USDT,287.63,129.1,287.64,0.5,287.63,5752482.1,
1753461044018,16:30:44.018,AAVE/USDT:USDT,287.63,93.8,287.64,0.5,287.63,5752482.5,
1753461044118,16:30:44.118,AAVE/USDT:USDT,287.63,164.0,287.64,0.5,287.63,5752482.5,
1753461044237,16:30:44.237,AAVE/USDT:USDT,287.67,156.0,287.68,22.9,287.64,5752483.0,
1753461044363,16:30:44.363,AAVE/USDT:USDT,287.67,150.6,287.68,0.1,287.64,5752483.0,
1753461044584,16:30:44.584,AAVE/USDT:USDT,287.71,90.0,287.72,0.1,287.71,5752484.2,
1753461044812,16:30:44.812,AAVE/USDT:USDT,287.75,86.5,287.76,0.1,287.74,5752484.8,
1753461044914,16:30:44.914,AAVE/USDT:USDT,287.75,119.3,287.76,0.1,287.74,5752484.8,
1753461045019,16:30:45.019,AAVE/USDT:USDT,287.75,16.3,287.76,71.8,287.74,5752484.8,
1753461045119,16:30:45.119,AAVE/USDT:USDT,287.75,16.5,287.76,205.3,287.74,5752484.8,
1753461045220,16:30:45.220,AAVE/USDT:USDT,287.75,11.5,287.76,47.3,287.74,5752484.8,
1753461045427,16:30:45.427,AAVE/USDT:USDT,287.75,11.6,287.76,47.3,287.74,5752484.8,
1753461045527,16:30:45.527,AAVE/USDT:USDT,287.75,11.6,287.76,201.1,287.74,5752484.8,
1753461045676,16:30:45.676,AAVE/USDT:USDT,287.75,11.6,287.76,197.2,287.74,5752484.8,
1753461045916,16:30:45.916,AAVE/USDT:USDT,287.75,12.1,287.76,92.6,287.74,5752484.8,
1753461046017,16:30:46.017,AAVE/USDT:USDT,287.75,12.1,287.76,191.4,287.74,5752484.8,
1753461046120,16:30:46.120,AAVE/USDT:USDT,287.75,12.1,287.76,109.9,287.74,5752484.8,
1753461046372,16:30:46.372,AAVE/USDT:USDT,287.75,12.1,287.76,92.6,287.74,5752484.8,
1753461047027,16:30:47.027,AAVE/USDT:USDT,287.75,182.1,287.76,0.1,287.74,5752484.8,
1753461047136,16:30:47.136,AAVE/USDT:USDT,287.79,51.7,287.8,0.2,287.76,5752484.9,
1753461047273,16:30:47.273,AAVE/USDT:USDT,287.79,9.5,287.8,72.1,287.76,5752484.9,
1753461047405,16:30:47.405,AAVE/USDT:USDT,287.75,11.9,287.76,227.4,287.79,5752485.3,
1753461047518,16:30:47.518,AAVE/USDT:USDT,287.75,11.9,287.76,175.2,287.79,5752485.3,
1753461047621,16:30:47.621,AAVE/USDT:USDT,287.75,12.1,287.76,93.9,287.79,5752485.3,
1753461047748,16:30:47.748,AAVE/USDT:USDT,287.75,12.1,287.76,75.2,287.79,5752485.3,
1753461047853,16:30:47.853,AAVE/USDT:USDT,287.75,57.4,287.76,29.9,287.79,5752485.3,
1753461047970,16:30:47.970,AAVE/USDT:USDT,287.77,16.0,287.78,65.2,287.79,5752485.3,
1753461048103,16:30:48.103,AAVE/USDT:USDT,287.77,16.0,287.78,65.4,287.79,5752485.3,
1753461048213,16:30:48.213,AAVE/USDT:USDT,287.77,16.0,287.78,82.9,287.79,5752485.3,
1753461048317,16:30:48.317,AAVE/USDT:USDT,287.77,30.1,287.78,82.9,287.79,5752485.3,
1753461048451,16:30:48.451,AAVE/USDT:USDT,287.77,20.3,287.78,164.4,287.79,5752485.3,
1753461048559,16:30:48.559,AAVE/USDT:USDT,287.77,20.3,287.78,82.9,287.79,5752485.3,
1753461048712,16:30:48.712,AAVE/USDT:USDT,287.77,20.3,287.78,65.4,287.79,5752485.3,
1753461048814,16:30:48.814,AAVE/USDT:USDT,287.77,20.3,287.78,162.3,287.79,5752485.3,
1753461048919,16:30:48.919,AAVE/USDT:USDT,287.77,20.3,287.78,146.9,287.79,5752485.3,
1753461049139,16:30:49.139,AAVE/USDT:USDT,287.77,20.3,287.78,166.6,287.79,5752485.3,
1753461049352,16:30:49.352,AAVE/USDT:USDT,287.8,141.0,287.82,0.7,287.81,5752486.8,
1753461049485,16:30:49.485,AAVE/USDT:USDT,287.81,111.5,287.82,0.1,287.81,5752486.8,
1753461049590,16:30:49.590,AAVE/USDT:USDT,287.81,163.2,287.82,0.1,287.81,5752486.8,
1753461049823,16:30:49.823,AAVE/USDT:USDT,287.81,0.1,287.82,72.0,287.81,5752486.8,
1753461049965,16:30:49.965,AAVE/USDT:USDT,287.81,61.6,287.82,37.5,287.81,5752488.8,
1753461050072,16:30:50.072,AAVE/USDT:USDT,287.81,136.8,287.82,0.1,287.81,5752488.8,
1753461050182,16:30:50.182,AAVE/USDT:USDT,287.81,149.0,287.82,0.1,287.81,5752488.8,
1753461050308,16:30:50.308,AAVE/USDT:USDT,287.81,164.1,287.82,0.1,287.81,5752488.8,
1753461050569,16:30:50.569,AAVE/USDT:USDT,287.83,155.3,287.84,0.1,287.83,5752489.9,
1753461050674,16:30:50.674,AAVE/USDT:USDT,287.85,8.7,287.87,1.1,287.86,5752496.4,
1753461050799,16:30:50.799,AAVE/USDT:USDT,287.86,150.2,287.87,0.7,287.86,5752496.4,
1753461050904,16:30:50.904,AAVE/USDT:USDT,287.87,157.0,287.88,5.4,287.88,5752496.5,
1753461051006,16:30:51.006,AAVE/USDT:USDT,287.89,214.6,287.91,0.3,287.9,5752502.1,
1753461051325,16:30:51.325,AAVE/USDT:USDT,287.91,140.6,287.92,5.5,287.9,5752502.1,
1753461051426,16:30:51.426,AAVE/USDT:USDT,287.94,44.5,287.97,0.8,287.96,5752513.4,
1753461051527,16:30:51.527,AAVE/USDT:USDT,287.99,75.2,288.0,51.9,287.96,5752513.4,
1753461051629,16:30:51.629,AAVE/USDT:USDT,287.99,81.4,288.0,30.4,287.96,5752513.4,
1753461051742,16:30:51.742,AAVE/USDT:USDT,287.99,76.1,288.0,30.6,287.96,5752513.4,
1753461051865,16:30:51.865,AAVE/USDT:USDT,287.99,82.4,288.0,16.0,287.96,5752513.4,
1753461051967,16:30:51.967,AAVE/USDT:USDT,287.99,167.6,288.0,7.1,287.96,5752513.4,
1753461052088,16:30:52.088,AAVE/USDT:USDT,287.99,172.9,288.01,0.6,288.0,5752520.5,
1753461052191,16:30:52.191,AAVE/USDT:USDT,288.0,254.2,288.01,0.6,288.0,5752520.5,
1753461052326,16:30:52.326,AAVE/USDT:USDT,288.02,131.6,288.03,2.4,288.02,5752521.7,
1753461052446,16:30:52.446,AAVE/USDT:USDT,288.05,159.0,288.06,1.1,288.05,5752528.8,
1753461052597,16:30:52.597,AAVE/USDT:USDT,288.05,245.9,288.06,7.3,288.05,5752529.0,
1753461052728,16:30:52.728,AAVE/USDT:USDT,288.05,261.0,288.06,7.3,288.05,5752529.0,
1753461052870,16:30:52.870,AAVE/USDT:USDT,288.05,271.1,288.06,12.8,288.05,5752529.0,
1753461052974,16:30:52.974,AAVE/USDT:USDT,288.05,124.4,288.06,12.8,288.05,5752529.0,
1753461053080,16:30:53.080,AAVE/USDT:USDT,288.05,25.6,288.06,223.5,288.05,5752535.0,
1753461053206,16:30:53.206,AAVE/USDT:USDT,288.03,8.7,288.04,26.4,288.05,5752560.6,
1753461053316,16:30:53.316,AAVE/USDT:USDT,288.05,67.6,288.06,39.0,288.05,5752560.6,
1753461053416,16:30:53.416,AAVE/USDT:USDT,288.05,0.3,288.06,195.1,288.05,5752560.6,
1753461053915,16:30:53.915,AAVE/USDT:USDT,288.01,33.6,288.02,45.5,288.05,5752584.9,
1753461054024,16:30:54.024,AAVE/USDT:USDT,288.05,54.0,288.06,54.9,288.05,5752584.9,
1753461054175,16:30:54.175,AAVE/USDT:USDT,288.05,15.2,288.06,12.6,288.05,5752584.9,
1753461054291,16:30:54.291,AAVE/USDT:USDT,288.05,8.9,288.06,57.9,288.05,5752584.9,
1753461054404,16:30:54.404,AAVE/USDT:USDT,288.05,8.9,288.06,139.6,288.05,5752584.9,
1753461054513,16:30:54.513,AAVE/USDT:USDT,288.05,1.9,288.06,182.6,288.05,5752584.9,
1753461054614,16:30:54.614,AAVE/USDT:USDT,288.05,1.9,288.06,166.0,288.05,5752584.9,
1753461054716,16:30:54.716,AAVE/USDT:USDT,288.05,11.4,288.06,12.8,288.05,5752584.9,
1753461054871,16:30:54.871,AAVE/USDT:USDT,288.05,1.9,288.06,185.1,288.05,5752584.9,
1753461054986,16:30:54.986,AAVE/USDT:USDT,288.05,1.9,288.06,185.3,288.05,5752584.9,
1753461055092,16:30:55.092,AAVE/USDT:USDT,288.05,1.9,288.06,84.5,288.05,5752584.9,
1753461055214,16:30:55.214,AAVE/USDT:USDT,288.05,1.9,288.06,166.0,288.05,5752584.9,
1753461055519,16:30:55.519,AAVE/USDT:USDT,288.05,75.4,288.06,12.8,288.05,5752584.9,
1753461055619,16:30:55.619,AAVE/USDT:USDT,288.06,146.4,288.1,1.5,288.09,5752604.8,
1753461055772,16:30:55.772,AAVE/USDT:USDT,288.09,42.6,288.1,73.1,288.09,5752604.8,
1753461055887,16:30:55.887,AAVE/USDT:USDT,288.09,120.2,288.11,0.3,288.1,5752606.4,
1753461056117,16:30:56.117,AAVE/USDT:USDT,288.12,144.9,288.13,11.0,288.12,5752608.3,
1753461056218,16:30:56.218,AAVE/USDT:USDT,288.14,166.9,288.15,1.4,288.14,5752619.4,
1753461056478,16:30:56.478,AAVE/USDT:USDT,288.14,68.2,288.15,1.7,288.14,5752619.4,
1753461056591,16:30:56.591,AAVE/USDT:USDT,288.14,68.3,288.15,1.7,288.14,5752619.4,
1753461056816,16:30:56.816,AAVE/USDT:USDT,288.14,212.5,288.17,0.7,288.16,5752621.8,
1753461056918,16:30:56.918,AAVE/USDT:USDT,288.16,226.8,288.17,0.3,288.16,5752621.8,
1753461057018,16:30:57.018,AAVE/USDT:USDT,288.16,246.2,288.17,0.3,288.16,5752621.8,
1753461057122,16:30:57.122,AAVE/USDT:USDT,288.16,116.4,288.17,0.3,288.16,5752621.8,
1753461057498,16:30:57.498,AAVE/USDT:USDT,288.16,135.0,288.17,0.3,288.16,5752621.8,
1753461057712,16:30:57.712,AAVE/USDT:USDT,288.16,116.2,288.17,0.3,288.16,5752621.8,
1753461057921,16:30:57.921,AAVE/USDT:USDT,288.16,197.9,288.17,0.3,288.16,5752621.8,
1753461058035,16:30:58.035,AAVE/USDT:USDT,288.16,116.4,288.17,0.3,288.16,5752621.8,
1753461058293,16:30:58.293,AAVE/USDT:USDT,288.16,80.6,288.17,19.7,288.16,5752621.8,
1753461058519,16:30:58.519,AAVE/USDT:USDT,288.16,178.2,288.17,0.3,288.16,5752621.8,
1753461058621,16:30:58.621,AAVE/USDT:USDT,288.16,80.6,288.17,4.0,288.16,5752621.8,
1753461058989,16:30:58.989,AAVE/USDT:USDT,288.16,181.4,288.17,4.0,288.16,5752621.8,
1753461059106,16:30:59.106,AAVE/USDT:USDT,288.17,246.6,288.18,6.2,288.17,5752629.9,
1753461059215,16:30:59.215,AAVE/USDT:USDT,288.2,44.5,288.22,0.4,288.21,5752644.8,
1753461059322,16:30:59.322,AAVE/USDT:USDT,288.23,60.9,288.24,6.3,288.21,5752644.8,
1753461059471,16:30:59.471,AAVE/USDT:USDT,288.23,82.4,288.24,6.3,288.21,5752644.8,
1753461059800,16:30:59.800,AAVE/USDT:USDT,288.23,182.6,288.24,6.3,288.21,5752644.8,
1753461060117,16:31:00.117,AAVE/USDT:USDT,288.23,25.7,288.24,78.0,288.23,5749498.2,
1753461060217,16:31:00.217,AAVE/USDT:USDT,288.2,45.6,288.21,70.5,288.23,5749498.2,
1753461060425,16:31:00.425,AAVE/USDT:USDT,288.21,23.3,288.22,18.9,288.21,5749498.4,
1753461060534,16:31:00.534,AAVE/USDT:USDT,288.19,0.3,288.21,261.4,288.2,5749498.5,
1753461060640,16:31:00.640,AAVE/USDT:USDT,288.14,0.4,288.15,85.3,288.2,5749498.5,
1753461060893,16:31:00.893,AAVE/USDT:USDT,288.12,0.3,288.13,156.5,288.2,5749498.5,
1753461060996,16:31:00.996,AAVE/USDT:USDT,288.12,0.1,288.13,161.8,288.2,5749498.5,
1753461061114,16:31:01.114,AAVE/USDT:USDT,288.12,45.6,288.13,11.3,288.2,5749498.5,
1753461061247,16:31:01.247,AAVE/USDT:USDT,288.12,71.2,288.13,2.3,288.12,5749499.3,
1753461061355,16:31:01.355,AAVE/USDT:USDT,288.12,142.9,288.13,46.3,288.12,5749499.3,
1753461061462,16:31:01.462,AAVE/USDT:USDT,288.12,160.8,288.16,0.3,288.13,5749500.3,
1753461061607,16:31:01.607,AAVE/USDT:USDT,288.17,31.1,288.18,26.2,288.13,5749500.3,
1753461061708,16:31:01.708,AAVE/USDT:USDT,288.17,26.0,288.18,0.1,288.13,5749500.3,
1753461061813,16:31:01.813,AAVE/USDT:USDT,288.17,0.2,288.18,55.7,288.13,5749500.3,
1753461061915,16:31:01.915,AAVE/USDT:USDT,288.14,26.8,288.15,139.7,288.13,5749500.3,
1753461062016,16:31:02.016,AAVE/USDT:USDT,288.17,86.2,288.18,0.1,288.13,5749500.3,
1753461062116,16:31:02.116,AAVE/USDT:USDT,288.17,86.4,288.18,0.1,288.13,5749500.3,
1753461062225,16:31:02.225,AAVE/USDT:USDT,288.17,97.9,288.18,0.1,288.13,5749500.3,
1753461062374,16:31:02.374,AAVE/USDT:USDT,288.16,26.4,288.17,137.8,288.13,5749500.3,
1753461062476,16:31:02.476,AAVE/USDT:USDT,288.14,45.3,288.15,125.3,288.13,5749500.3,
1753461062614,16:31:02.614,AAVE/USDT:USDT,288.13,0.4,288.14,187.3,288.13,5749500.3,
1753461062719,16:31:02.719,AAVE/USDT:USDT,288.13,45.9,288.14,28.8,288.13,5749500.3,
1753461062820,16:31:02.820,AAVE/USDT:USDT,288.15,110.5,288.18,0.4,288.17,5749500.7,
1753461062935,16:31:02.935,AAVE/USDT:USDT,288.17,148.1,288.19,0.3,288.18,5749500.8,
1753461063035,16:31:03.035,AAVE/USDT:USDT,288.19,136.5,288.2,0.1,288.19,5749501.1,
1753461063175,16:31:03.175,AAVE/USDT:USDT,288.19,55.2,288.2,45.6,288.19,5749501.1,
1753461063397,16:31:03.397,AAVE/USDT:USDT,288.19,195.5,288.22,0.5,288.2,5749501.2,
1753461063504,16:31:03.504,AAVE/USDT:USDT,288.21,157.6,288.23,0.3,288.22,5749501.3,
1753461063615,16:31:03.615,AAVE/USDT:USDT,288.22,213.4,288.23,0.3,288.22,5749501.3,
1753461063930,16:31:03.930,AAVE/USDT:USDT,288.23,121.7,288.26,0.5,288.25,5749508.3,
1753461064033,16:31:04.033,AAVE/USDT:USDT,288.29,77.0,288.3,0.9,288.29,5749535.8,
1753461064178,16:31:04.178,AAVE/USDT:USDT,288.29,77.0,288.3,6.9,288.29,5749535.8,
1753461064296,16:31:04.296,AAVE/USDT:USDT,288.29,70.8,288.3,6.7,288.29,5749535.8,
1753461064413,16:31:04.413,AAVE/USDT:USDT,288.29,61.8,288.3,25.5,288.29,5749535.8,
1753461064517,16:31:04.517,AAVE/USDT:USDT,288.29,61.8,288.3,25.7,288.29,5749535.8,
1753461064617,16:31:04.617,AAVE/USDT:USDT,288.29,16.9,288.3,25.7,288.29,5749535.8,
1753461064719,16:31:04.719,AAVE/USDT:USDT,288.32,189.0,288.34,0.3,288.33,5749577.2,
1753461064821,16:31:04.821,AAVE/USDT:USDT,288.34,150.0,288.36,3.2,288.35,5749595.8,
1753461064928,16:31:04.928,AAVE/USDT:USDT,288.35,97.5,288.36,3.4,288.35,5749597.6,
1753461065039,16:31:05.039,AAVE/USDT:USDT,288.35,40.2,288.36,37.4,288.35,5749597.6,
1753461065418,16:31:05.418,AAVE/USDT:USDT,288.35,8.0,288.36,48.6,288.35,5749597.6,
1753461065528,16:31:05.528,AAVE/USDT:USDT,288.35,75.0,288.36,3.4,288.35,5749597.6,
1753461065632,16:31:05.632,AAVE/USDT:USDT,288.35,75.3,288.36,11.3,288.35,5749597.6,
1753461065735,16:31:05.735,AAVE/USDT:USDT,288.35,75.5,288.36,11.3,288.35,5749597.6,
1753461065860,16:31:05.860,AAVE/USDT:USDT,288.35,95.5,288.36,11.3,288.35,5749597.6,
1753461066002,16:31:06.002,AAVE/USDT:USDT,288.35,53.8,288.36,11.3,288.35,5749597.6,
1753461066106,16:31:06.106,AAVE/USDT:USDT,288.35,54.7,288.36,132.1,288.35,5749597.6,
1753461067015,16:31:07.015,AAVE/USDT:USDT,288.38,59.8,288.41,3.7,288.4,5749699.6,
1753461067116,16:31:07.116,AAVE/USDT:USDT,288.4,99.5,288.41,2.6,288.4,5749699.6,
1753461067237,16:31:07.237,AAVE/USDT:USDT,288.4,249.5,288.41,2.8,288.4,5749699.6,
1753461067355,16:31:07.355,AAVE/USDT:USDT,288.4,250.3,288.41,2.8,288.4,5749699.6,
1753461067456,16:31:07.456,AAVE/USDT:USDT,288.41,173.2,288.43,0.6,288.42,5749702.9,
1753461067569,16:31:07.569,AAVE/USDT:USDT,288.42,172.4,288.43,0.2,288.42,5749702.9,
1753461067674,16:31:07.674,AAVE/USDT:USDT,288.42,167.2,288.43,0.2,288.42,5749702.9,
1753461067781,16:31:07.781,AAVE/USDT:USDT,288.42,137.9,288.43,18.8,288.42,5749702.9,
1753461067919,16:31:07.919,AAVE/USDT:USDT,288.42,57.9,288.43,100.3,288.42,5749702.9,
1753461068022,16:31:08.022,AAVE/USDT:USDT,288.42,99.1,288.43,0.2,288.42,5749702.9,
1753461068174,16:31:08.174,AAVE/USDT:USDT,288.42,99.6,288.43,0.2,288.42,5749702.9,
1753461068316,16:31:08.316,AAVE/USDT:USDT,288.42,30.5,288.43,42.9,288.42,5749702.9,
1753461068417,16:31:08.417,AAVE/USDT:USDT,288.42,47.2,288.43,20.7,288.42,5749702.9,
1753461068518,16:31:08.518,AAVE/USDT:USDT,288.42,98.9,288.43,20.7,288.42,5749702.9,
1753461069115,16:31:09.115,AAVE/USDT:USDT,288.43,120.3,288.45,2.6,288.44,5749706.4,
1753461069319,16:31:09.319,AAVE/USDT:USDT,288.44,167.5,288.45,20.8,288.44,5749706.4,
1753461069552,16:31:09.552,AAVE/USDT:USDT,288.44,192.6,288.45,2.4,288.44,5749706.4,
1753461069680,16:31:09.680,AAVE/USDT:USDT,288.46,125.0,288.47,5.1,288.46,5749709.2,
1753461069786,16:31:09.786,AAVE/USDT:USDT,288.51,0.4,288.52,14.0,288.51,5749748.8,
1753461069906,16:31:09.906,AAVE/USDT:USDT,288.51,61.1,288.52,32.5,288.51,5749748.8,
1753461070017,16:31:10.017,AAVE/USDT:USDT,288.51,8.4,288.52,59.1,288.51,5749748.8,
1753461070118,16:31:10.118,AAVE/USDT:USDT,288.5,0.1,288.52,76.6,288.51,5749826.3,
1753461070219,16:31:10.219,AAVE/USDT:USDT,288.49,0.3,288.51,245.7,288.5,5749826.4,
1753461070331,16:31:10.331,AAVE/USDT:USDT,288.45,45.5,288.46,56.2,288.5,5749826.4,
1753461070472,16:31:10.472,AAVE/USDT:USDT,288.46,80.8,288.47,29.0,288.5,5749826.4,
1753461070574,16:31:10.574,AAVE/USDT:USDT,288.46,80.8,288.47,18.6,288.5,5749826.4,
1753461070709,16:31:10.709,AAVE/USDT:USDT,288.46,71.9,288.47,100.3,288.5,5749826.4,
1753461070815,16:31:10.815,AAVE/USDT:USDT,288.45,63.3,288.47,18.6,288.46,5749828.7,
1753461070917,16:31:10.917,AAVE/USDT:USDT,288.49,78.5,288.5,2.0,288.46,5749828.7,
1753461071021,16:31:11.021,AAVE/USDT:USDT,288.49,96.7,288.5,2.2,288.46,5749828.7,
1753461071233,16:31:11.233,AAVE/USDT:USDT,288.48,60.8,288.49,51.5,288.46,5749828.7,
1753461071355,16:31:11.355,AAVE/USDT:USDT,288.48,35.8,288.49,140.7,288.46,5749828.7,
1753461071461,16:31:11.461,AAVE/USDT:USDT,288.48,35.8,288.49,133.7,288.46,5749828.7,
1753461071573,16:31:11.573,AAVE/USDT:USDT,288.48,35.8,288.49,51.5,288.46,5749828.7,
1753461071815,16:31:11.815,AAVE/USDT:USDT,288.48,122.1,288.49,6.2,288.46,5749828.7,
1753461072026,16:31:12.026,AAVE/USDT:USDT,288.56,141.6,288.57,11.3,288.56,5749874.5,
1753461072144,16:31:12.144,AAVE/USDT:USDT,288.56,141.6,288.57,11.5,288.56,5749874.5,
1753461072248,16:31:12.248,AAVE/USDT:USDT,288.56,219.2,288.57,11.5,288.56,5749874.5,
1753461072396,16:31:12.396,AAVE/USDT:USDT,288.56,224.0,288.57,11.5,288.56,5749874.5,
1753461072497,16:31:12.497,AAVE/USDT:USDT,288.58,142.3,288.6,1.6,288.59,5749887.0,
1753461072621,16:31:12.621,AAVE/USDT:USDT,288.59,54.4,288.6,5.0,288.59,5749887.0,
1753461072848,16:31:12.848,AAVE/USDT:USDT,288.59,71.5,288.6,1.2,288.59,5749887.0,
1753461072974,16:31:12.974,AAVE/USDT:USDT,288.62,223.5,288.64,0.4,288.63,5749893.1,
1753461073114,16:31:13.114,AAVE/USDT:USDT,288.63,174.2,288.64,0.1,288.63,5749893.1,
1753461073220,16:31:13.220,AAVE/USDT:USDT,288.63,109.9,288.64,17.5,288.63,5749893.1,
1753461073325,16:31:13.325,AAVE/USDT:USDT,288.63,122.5,288.64,17.7,288.63,5749893.1,
1753461073478,16:31:13.478,AAVE/USDT:USDT,288.63,123.2,288.64,0.1,288.63,5749893.1,
1753461073615,16:31:13.615,AAVE/USDT:USDT,288.63,123.4,288.64,0.1,288.63,5749893.1,
1753461073720,16:31:13.720,AAVE/USDT:USDT,288.63,123.2,288.64,0.1,288.63,5749893.1,
1753461073847,16:31:13.847,AAVE/USDT:USDT,288.63,168.6,288.64,0.1,288.63,5749893.1,
1753461073949,16:31:13.949,AAVE/USDT:USDT,288.64,243.7,288.65,0.4,288.64,5749893.2,
1753461074093,16:31:14.093,AAVE/USDT:USDT,288.64,261.6,288.65,0.4,288.64,5749893.2,
1753461074216,16:31:14.216,AAVE/USDT:USDT,288.63,47.5,288.64,179.3,288.63,5749900.1,
1753461074422,16:31:14.422,AAVE/USDT:USDT,288.63,47.7,288.64,179.5,288.63,5749900.1,
1753461074531,16:31:14.531,AAVE/USDT:USDT,288.63,1.1,288.64,179.5,288.63,5749946.7,
1753461074649,16:31:14.649,AAVE/USDT:USDT,288.59,8.1,288.61,234.9,288.6,5749947.9,
1753461074773,16:31:14.773,AAVE/USDT:USDT,288.56,45.3,288.57,37.1,288.59,5749955.8,
1753461074892,16:31:14.892,AAVE/USDT:USDT,288.54,89.1,288.55,34.1,288.59,5749955.8,
1753461075011,16:31:15.011,AAVE/USDT:USDT,288.52,0.1,288.53,164.7,288.59,5749955.8,
1753461075115,16:31:15.115,AAVE/USDT:USDT,288.52,0.1,288.53,189.4,288.59,5749955.8,
1753461075322,16:31:15.322,AAVE/USDT:USDT,288.52,0.1,288.53,160.7,288.59,5749955.8,
1753461075432,16:31:15.432,AAVE/USDT:USDT,288.52,0.1,288.53,145.7,288.59,5749955.8,
1753461075548,16:31:15.548,AAVE/USDT:USDT,288.52,0.1,288.53,161.5,288.59,5749955.8,
1753461075680,16:31:15.680,AAVE/USDT:USDT,288.52,1.1,288.53,145.7,288.59,5749955.8,
1753461075813,16:31:15.813,AAVE/USDT:USDT,288.52,89.5,288.53,0.1,288.59,5749955.8,
1753461075915,16:31:15.915,AAVE/USDT:USDT,288.52,89.7,288.53,47.3,288.59,5749955.8,
1753461076016,16:31:16.016,AAVE/USDT:USDT,288.52,90.9,288.53,7.1,288.59,5749955.8,
1753461076218,16:31:16.218,AAVE/USDT:USDT,288.52,78.5,288.53,133.9,288.59,5749955.8,
1753461076323,16:31:16.323,AAVE/USDT:USDT,288.52,1.1,288.53,133.9,288.59,5749955.8,
1753461076424,16:31:16.424,AAVE/USDT:USDT,288.52,0.1,288.53,181.6,288.59,5749955.8,
1753461076550,16:31:16.550,AAVE/USDT:USDT,288.52,0.1,288.53,198.2,288.59,5749955.8,
1753461076653,16:31:16.653,AAVE/USDT:USDT,288.5,0.1,288.51,247.4,288.52,5749955.9,
1753461076782,16:31:16.782,AAVE/USDT:USDT,288.5,0.1,288.51,264.6,288.52,5749955.9,
1753461076887,16:31:16.887,AAVE/USDT:USDT,288.5,0.1,288.51,253.3,288.52,5749955.9,
1753461077019,16:31:17.019,AAVE/USDT:USDT,288.5,0.1,288.51,252.6,288.52,5749955.9,
1753461077161,16:31:17.161,AAVE/USDT:USDT,288.5,70.4,288.51,36.5,288.52,5749955.9,
1753461077377,16:31:17.377,AAVE/USDT:USDT,288.5,26.1,288.51,127.1,288.52,5749955.9,
1753461077508,16:31:17.508,AAVE/USDT:USDT,288.5,26.0,288.51,127.1,288.52,5749955.9,
1753461077613,16:31:17.613,AAVE/USDT:USDT,288.5,26.3,288.51,127.1,288.52,5749955.9,
1753461077715,16:31:17.715,AAVE/USDT:USDT,288.5,26.3,288.51,126.9,288.52,5749955.9,
1753461077840,16:31:17.840,AAVE/USDT:USDT,288.5,1.3,288.51,127.1,288.52,5749955.9,
1753461078515,16:31:18.515,AAVE/USDT:USDT,288.48,1.0,288.49,272.5,288.5,5749957.2,
1753461078616,16:31:18.616,AAVE/USDT:USDT,288.48,1.0,288.49,126.6,288.5,5749957.2,
1753461078975,16:31:18.975,AAVE/USDT:USDT,288.49,52.0,288.5,0.1,288.5,5749957.2,
1753461079086,16:31:19.086,AAVE/USDT:USDT,288.49,158.6,288.5,0.1,288.5,5749957.2,
1753461079212,16:31:19.212,AAVE/USDT:USDT,288.49,45.5,288.5,130.1,288.5,5749957.2,
1753461079314,16:31:19.314,AAVE/USDT:USDT,288.48,77.3,288.49,18.7,288.5,5749957.2,
1753461079415,16:31:19.415,AAVE/USDT:USDT,288.48,96.8,288.49,0.2,288.5,5749957.2,
1753461079517,16:31:19.517,AAVE/USDT:USDT,288.48,96.8,288.49,0.1,288.5,5749957.2,
1753461079620,16:31:19.620,AAVE/USDT:USDT,288.48,106.7,288.49,0.1,288.5,5749957.2,
1753461079773,16:31:19.773,AAVE/USDT:USDT,288.48,87.4,288.49,0.1,288.5,5749957.2,
1753461080114,16:31:20.114,AAVE/USDT:USDT,288.48,104.8,288.49,0.1,288.5,5749957.2,
1753461080220,16:31:20.220,AAVE/USDT:USDT,288.48,17.1,288.49,150.5,288.5,5749957.2,
1753461080321,16:31:20.321,AAVE/USDT:USDT,288.48,17.1,288.49,173.4,288.5,5749957.2,
1753461080470,16:31:20.470,AAVE/USDT:USDT,288.48,17.2,288.49,191.1,288.5,5749957.2,
1753461080573,16:31:20.573,AAVE/USDT:USDT,288.46,0.4,288.49,204.6,288.48,5749974.4,
1753461080685,16:31:20.685,AAVE/USDT:USDT,288.46,0.1,288.47,246.8,288.48,5749974.4,
1753461080801,16:31:20.801,AAVE/USDT:USDT,288.46,0.1,288.47,278.8,288.48,5749974.4,
1753461080916,16:31:20.916,AAVE/USDT:USDT,288.46,0.1,288.47,280.7,288.48,5749974.4,
1753461081017,16:31:21.017,AAVE/USDT:USDT,288.46,0.1,288.47,173.2,288.48,5749974.4,
1753461081121,16:31:21.121,AAVE/USDT:USDT,288.46,0.1,288.47,151.1,288.48,5749974.4,
1753461081228,16:31:21.228,AAVE/USDT:USDT,288.46,28.3,288.47,149.6,288.48,5749974.4,
1753461081474,16:31:21.474,AAVE/USDT:USDT,288.44,0.1,288.45,246.5,288.46,5750002.7,
1753461081576,16:31:21.576,AAVE/USDT:USDT,288.44,0.1,288.45,263.1,288.46,5750002.7,
1753461081717,16:31:21.717,AAVE/USDT:USDT,288.44,0.1,288.45,228.8,288.46,5750002.7,
1753461081823,16:31:21.823,AAVE/USDT:USDT,288.44,70.4,288.45,19.2,288.46,5750002.7,
1753461082192,16:31:22.192,AAVE/USDT:USDT,288.44,25.3,288.45,134.9,288.44,5750002.8,
1753461082315,16:31:22.315,AAVE/USDT:USDT,288.44,25.3,288.45,53.4,288.44,5750002.8,
1753461082416,16:31:22.416,AAVE/USDT:USDT,288.44,25.3,288.45,88.2,288.44,5750002.8,
1753461082656,16:31:22.656,AAVE/USDT:USDT,288.44,91.2,288.45,0.1,288.44,5750002.8,
1753461082802,16:31:22.802,AAVE/USDT:USDT,288.46,76.9,288.47,3.5,288.45,5750002.9,
1753461083219,16:31:23.219,AAVE/USDT:USDT,288.46,94.9,288.47,4.0,288.45,5750002.9,
1753461083325,16:31:23.325,AAVE/USDT:USDT,288.46,97.5,288.47,4.0,288.45,5750002.9,
1753461083451,16:31:23.451,AAVE/USDT:USDT,288.46,73.1,288.47,4.0,288.45,5750002.9,
1753461083703,16:31:23.703,AAVE/USDT:USDT,288.46,96.8,288.47,4.0,288.45,5750002.9,
1753461083920,16:31:23.920,AAVE/USDT:USDT,288.47,193.7,288.49,0.3,288.48,5750007.2,
1753461084073,16:31:24.073,AAVE/USDT:USDT,288.49,96.2,288.5,0.2,288.48,5750007.2,
1753461084214,16:31:24.214,AAVE/USDT:USDT,288.49,113.7,288.5,0.2,288.48,5750007.2,
1753461084521,16:31:24.521,AAVE/USDT:USDT,288.49,108.3,288.5,0.2,288.48,5750007.2,
1753461084883,16:31:24.883,AAVE/USDT:USDT,288.49,1.1,288.5,160.8,288.48,5750007.2,
1753461085015,16:31:25.015,AAVE/USDT:USDT,288.49,35.7,288.5,160.8,288.48,5750007.2,
1753461085116,16:31:25.116,AAVE/USDT:USDT,288.49,1.1,288.5,161.0,288.48,5750007.2,
1753461085642,16:31:25.642,AAVE/USDT:USDT,288.49,1.1,288.5,172.5,288.48,5750007.2,
1753461085748,16:31:25.748,AAVE/USDT:USDT,288.5,54.2,288.52,0.6,288.5,5750007.3,
1753461085866,16:31:25.866,AAVE/USDT:USDT,288.53,153.9,288.55,0.3,288.54,5750009.7,
1753461085973,16:31:25.973,AAVE/USDT:USDT,288.55,80.7,288.56,0.1,288.54,5750009.7,
1753461086077,16:31:26.077,AAVE/USDT:USDT,288.55,101.5,288.56,0.1,288.54,5750009.7,
1753461086215,16:31:26.215,AAVE/USDT:USDT,288.55,57.8,288.56,45.4,288.54,5750009.7,
1753461086538,16:31:26.538,AAVE/USDT:USDT,288.55,63.5,288.56,0.1,288.54,5750009.7,
1753461086682,16:31:26.682,AAVE/USDT:USDT,288.55,145.0,288.56,0.1,288.54,5750009.7,
1753461086798,16:31:26.798,AAVE/USDT:USDT,288.55,152.6,288.56,0.1,288.54,5750009.7,
1753461086912,16:31:26.912,AAVE/USDT:USDT,288.57,153.9,288.6,0.6,288.59,5750015.4,
1753461087015,16:31:27.015,AAVE/USDT:USDT,288.59,54.7,288.6,0.2,288.59,5750015.4,
1753461087124,16:31:27.124,AAVE/USDT:USDT,288.59,54.4,288.6,33.6,288.59,5750015.4,
1753461087225,16:31:27.225,AAVE/USDT:USDT,288.59,90.6,288.6,115.1,288.59,5750015.4,
1753461087372,16:31:27.372,AAVE/USDT:USDT,288.59,48.1,288.6,33.8,288.59,5750015.4,
1753461087484,16:31:27.484,AAVE/USDT:USDT,288.59,48.1,288.6,39.4,288.59,5750015.4,
1753461087617,16:31:27.617,AAVE/USDT:USDT,288.59,48.1,288.6,39.3,288.59,5750015.4,
1753461088115,16:31:28.115,AAVE/USDT:USDT,288.59,48.1,288.6,30.9,288.59,5750015.4,
1753461088482,16:31:28.482,AAVE/USDT:USDT,288.57,0.3,288.58,225.7,288.59,5750035.8,
1753461088584,16:31:28.584,AAVE/USDT:USDT,288.54,0.3,288.55,9.0,288.57,5750036.0,
1753461088693,16:31:28.693,AAVE/USDT:USDT,288.51,45.5,288.52,61.0,288.57,5750036.0,
1753461088813,16:31:28.813,AAVE/USDT:USDT,288.5,0.1,288.51,208.2,288.57,5750036.0,
1753461088914,16:31:28.914,AAVE/USDT:USDT,288.5,0.1,288.51,221.7,288.57,5750036.0,
1753461089016,16:31:29.016,AAVE/USDT:USDT,288.5,45.6,288.51,76.0,288.57,5750036.0,
1753461089117,16:31:29.117,AAVE/USDT:USDT,288.5,47.2,288.51,26.6,288.57,5750036.0,
1753461089271,16:31:29.271,AAVE/USDT:USDT,288.5,47.2,288.51,133.8,288.57,5750036.0,
1753461089508,16:31:29.508,AAVE/USDT:USDT,288.5,47.7,288.51,7.0,288.57,5750036.0,
1753461089620,16:31:29.620,AAVE/USDT:USDT,288.5,47.6,288.51,7.0,288.57,5750036.0,
1753461089722,16:31:29.722,AAVE/USDT:USDT,288.5,47.7,288.51,41.0,288.51,5750042.8,
1753461089876,16:31:29.876,AAVE/USDT:USDT,288.5,2.4,288.51,45.5,288.51,5750042.8,
1753461089984,16:31:29.984,AAVE/USDT:USDT,288.5,47.7,288.51,45.5,288.51,5750042.8,
1753461090114,16:31:30.114,AAVE/USDT:USDT,288.5,2.4,288.51,45.5,288.51,5750042.8,
1753461090215,16:31:30.215,AAVE/USDT:USDT,288.5,2.4,288.51,127.6,288.51,5750042.8,
1753461090430,16:31:30.430,AAVE/USDT:USDT,288.5,165.5,288.51,0.8,288.51,5750042.8,
1753461090580,16:31:30.580,AAVE/USDT:USDT,288.54,57.2,288.55,45.6,288.54,5750044.0,
1753461090683,16:31:30.683,AAVE/USDT:USDT,288.54,34.6,288.55,0.3,288.54,5750044.0,
1753461090802,16:31:30.802,AAVE/USDT:USDT,288.54,34.6,288.55,16.3,288.54,5750044.0,
1753461090917,16:31:30.917,AAVE/USDT:USDT,288.51,45.3,288.53,151.4,288.54,5750044.0,
1753461091021,16:31:31.021,AAVE/USDT:USDT,288.53,45.5,288.54,36.9,288.54,5750044.0,
1753461091174,16:31:31.174,AAVE/USDT:USDT,288.54,79.2,288.55,0.3,288.54,5750044.0,
1753461091281,16:31:31.281,AAVE/USDT:USDT,288.54,26.1,288.55,45.8,288.54,5750044.0,
1753461091513,16:31:31.513,AAVE/USDT:USDT,288.54,90.3,288.55,0.3,288.54,5750044.0,
1753461091618,16:31:31.618,AAVE/USDT:USDT,288.54,92.1,288.55,0.3,288.54,5750044.0,
1753461091821,16:31:31.821,AAVE/USDT:USDT,288.54,140.7,288.55,0.3,288.54,5750044.0,
1753461091974,16:31:31.974,AAVE/USDT:USDT,288.54,101.3,288.55,0.3,288.54,5750044.0,
1753461092076,16:31:32.076,AAVE/USDT:USDT,288.54,2.7,288.55,145.5,288.54,5750044.0,
1753461092199,16:31:32.199,AAVE/USDT:USDT,288.54,2.9,288.55,145.7,288.54,5750044.0,
1753461092419,16:31:32.419,AAVE/USDT:USDT,288.54,2.9,288.55,64.2,288.54,5750044.0,
1753461092529,16:31:32.529,AAVE/USDT:USDT,288.54,177.1,288.55,0.3,288.54,5750044.0,
1753461092638,16:31:32.638,AAVE/USDT:USDT,288.54,73.2,288.55,54.7,288.54,5750044.0,
1753461092782,16:31:32.782,AAVE/USDT:USDT,288.54,73.2,288.55,127.1,288.54,5750044.0,
1753461093017,16:31:33.017,AAVE/USDT:USDT,288.54,94.2,288.55,0.3,288.54,5750044.0,
1753461093129,16:31:33.129,AAVE/USDT:USDT,288.54,136.5,288.55,0.3,288.54,5750044.0,
1753461093417,16:31:33.417,AAVE/USDT:USDT,288.54,115.5,288.55,45.6,288.54,5750044.0,
1753461093519,16:31:33.519,AAVE/USDT:USDT,288.54,136.8,288.55,6.5,288.54,5750044.0,
1753461093744,16:31:33.744,AAVE/USDT:USDT,288.54,45.2,288.55,142.2,288.54,5750044.0,
1753461093878,16:31:33.878,AAVE/USDT:USDT,288.54,45.2,288.55,162.0,288.54,5750044.0,
1753461094015,16:31:34.015,AAVE/USDT:USDT,288.54,45.2,288.55,184.6,288.54,5750044.0,
1753461094275,16:31:34.275,AAVE/USDT:USDT,288.54,45.2,288.55,184.6,288.54,5750044.0,
1753461094384,16:31:34.384,AAVE/USDT:USDT,288.54,2.9,288.55,162.0,288.54,5750044.0,
1753461094492,16:31:34.492,AAVE/USDT:USDT,288.54,37.2,288.55,150.5,288.54,5750044.0,
1753461094596,16:31:34.596,AAVE/USDT:USDT,288.54,62.4,288.55,106.4,288.54,5750044.0,
1753461094821,16:31:34.821,AAVE/USDT:USDT,288.54,131.5,288.55,6.5,288.54,5750044.0,
1753461094928,16:31:34.928,AAVE/USDT:USDT,288.54,131.7,288.55,6.5,288.54,5750044.0,
