timestamp,time,symbol,bid,bidVolume,ask,askVolume,lastPrice,baseVolume,quoteVolume
1753460897013,16:28:17.013,ALGO/USDT:USDT,0.2566,2837.0,0.2568,2169.0,0.2568,7461146.0,
1753460897821,16:28:17.821,ALGO/USDT:USDT,0.2568,256.0,0.2569,648.0,0.2568,7461146.0,
1753460898216,16:28:18.216,ALGO/USDT:USDT,0.2568,306.0,0.2569,648.0,0.2568,7461146.0,
1753460898469,16:28:18.469,ALGO/USDT:USDT,0.2568,256.0,0.2569,725.0,0.2568,7461146.0,
1753460898705,16:28:18.705,ALGO/USDT:USDT,0.2568,389.0,0.2569,648.0,0.2568,7461146.0,
1753460898909,16:28:18.909,ALGO/USDT:USDT,0.2568,306.0,0.2569,648.0,0.2568,7461146.0,
1753460899118,16:28:19.118,ALGO/USDT:USDT,0.2568,443.0,0.2569,99.0,0.2568,7461146.0,
1753460899274,16:28:19.274,ALGO/USDT:USDT,0.2568,444.0,0.2569,182.0,0.2568,7461146.0,
1753460899375,16:28:19.375,ALGO/USDT:USDT,0.2568,444.0,0.2569,99.0,0.2568,7461146.0,
1753460899478,16:28:19.478,ALGO/USDT:USDT,0.2568,709.0,0.257,3204.0,0.2569,7461245.0,
1753460899581,16:28:19.581,ALGO/USDT:USDT,0.2569,586.0,0.257,1163.0,0.2569,7461245.0,
1753460899727,16:28:19.727,ALGO/USDT:USDT,0.2569,342.0,0.257,925.0,0.2569,7461245.0,
1753460901216,16:28:21.216,ALGO/USDT:USDT,0.2569,444.0,0.257,719.0,0.2569,7461245.0,
1753460901317,16:28:21.317,ALGO/USDT:USDT,0.2569,308.0,0.257,816.0,0.2569,7461245.0,
1753460901572,16:28:21.572,ALGO/USDT:USDT,0.2569,2.0,0.257,1103.0,0.2569,7461245.0,
1753460901777,16:28:21.777,ALGO/USDT:USDT,0.2569,2.0,0.257,1053.0,0.2569,7461245.0,
1753460902015,16:28:22.015,ALGO/USDT:USDT,0.2569,2.0,0.257,1297.0,0.2569,7461245.0,
1753460902116,16:28:22.116,ALGO/USDT:USDT,0.2569,2.0,0.257,1164.0,0.2569,7461245.0,
1753460902793,16:28:22.793,ALGO/USDT:USDT,0.2569,2.0,0.257,1597.0,0.2569,7461245.0,
1753460903219,16:28:23.219,ALGO/USDT:USDT,0.2569,2.0,0.257,2256.0,0.2569,7461245.0,
1753460903373,16:28:23.373,ALGO/USDT:USDT,0.2569,2.0,0.257,2123.0,0.2569,7461245.0,
1753460903496,16:28:23.496,ALGO/USDT:USDT,0.2569,2.0,0.257,2012.0,0.2569,7461245.0,
1753460903598,16:28:23.598,ALGO/USDT:USDT,0.2569,2.0,0.257,1581.0,0.2569,7461245.0,
1753460903711,16:28:23.711,ALGO/USDT:USDT,0.2569,47.0,0.257,1464.0,0.2569,7461245.0,
1753460903922,16:28:23.922,ALGO/USDT:USDT,0.2569,47.0,0.257,1547.0,0.2569,7461245.0,
1753460904243,16:28:24.243,ALGO/USDT:USDT,0.2569,47.0,0.257,1597.0,0.2569,7461245.0,
1753460904373,16:28:24.373,ALGO/USDT:USDT,0.2569,47.0,0.257,1595.0,0.2569,7461245.0,
1753460904473,16:28:24.473,ALGO/USDT:USDT,0.2569,47.0,0.257,1597.0,0.2569,7461245.0,
1753460904724,16:28:24.724,ALGO/USDT:USDT,0.2569,47.0,0.257,1547.0,0.2569,7461245.0,
1753460904825,16:28:24.825,ALGO/USDT:USDT,0.2569,47.0,0.257,1597.0,0.2569,7461245.0,
1753460904969,16:28:24.969,ALGO/USDT:USDT,0.2569,47.0,0.257,1297.0,0.2569,7461245.0,
1753460905197,16:28:25.197,ALGO/USDT:USDT,0.2569,47.0,0.257,2033.0,0.2569,7461245.0,
1753460905413,16:28:25.413,ALGO/USDT:USDT,0.2569,37.0,0.257,2033.0,0.2569,7461245.0,
1753460905514,16:28:25.514,ALGO/USDT:USDT,0.2569,39.0,0.257,2033.0,0.2569,7461245.0,
1753460905621,16:28:25.621,ALGO/USDT:USDT,0.2569,39.0,0.257,2331.0,0.2569,7461245.0,
1753460905724,16:28:25.724,ALGO/USDT:USDT,0.2569,39.0,0.257,2333.0,0.2569,7461245.0,
1753460905879,16:28:25.879,ALGO/USDT:USDT,0.2568,23.0,0.2569,1283.0,0.2569,7461284.0,
1753460906330,16:28:26.330,ALGO/USDT:USDT,0.2568,23.0,0.2569,1245.0,0.2569,7461284.0,
1753460906443,16:28:26.443,ALGO/USDT:USDT,0.2568,33.0,0.2569,1245.0,0.2569,7461284.0,
1753460906596,16:28:26.596,ALGO/USDT:USDT,0.2568,543.0,0.2569,259.0,0.2569,7461284.0,
1753460906711,16:28:26.711,ALGO/USDT:USDT,0.2568,414.0,0.2569,307.0,0.2569,7461284.0,
1753460906970,16:28:26.970,ALGO/USDT:USDT,0.2569,89.0,0.257,1670.0,0.2569,7461284.0,
1753460907072,16:28:27.072,ALGO/USDT:USDT,0.2568,1294.0,0.257,2323.0,0.2569,7461284.0,
1753460907211,16:28:27.211,ALGO/USDT:USDT,0.2568,1294.0,0.257,2118.0,0.2569,7461284.0,
1753460907317,16:28:27.317,ALGO/USDT:USDT,0.2568,1147.0,0.257,2118.0,0.2569,7461284.0,
1753460907587,16:28:27.587,ALGO/USDT:USDT,0.2568,1229.0,0.257,1987.0,0.2569,7461284.0,
1753460907812,16:28:27.812,ALGO/USDT:USDT,0.2569,738.0,0.257,474.0,0.2569,7461284.0,
1753460908333,16:28:28.333,ALGO/USDT:USDT,0.2569,789.0,0.257,1.0,0.2569,7461284.0,
1753460908578,16:28:28.578,ALGO/USDT:USDT,0.2569,707.0,0.257,1.0,0.2569,7461284.0,
1753460908689,16:28:28.689,ALGO/USDT:USDT,0.2569,607.0,0.257,166.0,0.257,7461285.0,
1753460908809,16:28:28.809,ALGO/USDT:USDT,0.2569,607.0,0.257,82.0,0.257,7461300.0,
1753460908912,16:28:28.912,ALGO/USDT:USDT,0.2569,307.0,0.257,170.0,0.257,7461300.0,
1753460909271,16:28:29.271,ALGO/USDT:USDT,0.2569,326.0,0.2571,3371.0,0.257,7461300.0,
1753460909376,16:28:29.376,ALGO/USDT:USDT,0.2569,373.0,0.257,256.0,0.257,7461300.0,
1753460909518,16:28:29.518,ALGO/USDT:USDT,0.2569,52.0,0.257,634.0,0.257,7461300.0,
1753460909632,16:28:29.632,ALGO/USDT:USDT,0.2569,52.0,0.257,934.0,0.257,7461300.0,
1753460909744,16:28:29.744,ALGO/USDT:USDT,0.2569,199.0,0.257,934.0,0.257,7461300.0,
1753460910216,16:28:30.216,ALGO/USDT:USDT,0.2569,199.0,0.257,806.0,0.257,7461300.0,
1753460910320,16:28:30.320,ALGO/USDT:USDT,0.2569,278.0,0.257,934.0,0.257,7461300.0,
1753460910602,16:28:30.602,ALGO/USDT:USDT,0.2569,278.0,0.257,854.0,0.257,7461300.0,
1753460910823,16:28:30.823,ALGO/USDT:USDT,0.2569,278.0,0.257,934.0,0.257,7461300.0,
1753460911293,16:28:31.293,ALGO/USDT:USDT,0.2568,117.0,0.2569,634.0,0.2569,7461578.0,
1753460911402,16:28:31.402,ALGO/USDT:USDT,0.2568,33.0,0.2569,877.0,0.2569,7461578.0,
1753460912114,16:28:32.114,ALGO/USDT:USDT,0.2568,281.0,0.2569,800.0,0.2569,7461578.0,
1753460912222,16:28:32.222,ALGO/USDT:USDT,0.2568,549.0,0.257,2575.0,0.2569,7461578.0,
1753460912324,16:28:32.324,ALGO/USDT:USDT,0.2568,464.0,0.257,2711.0,0.2569,7461578.0,
1753460912470,16:28:32.470,ALGO/USDT:USDT,0.2568,415.0,0.2569,259.0,0.2569,7461578.0,
1753460913119,16:28:33.119,ALGO/USDT:USDT,0.2568,551.0,0.257,2652.0,0.2569,7461578.0,
1753460913263,16:28:33.263,ALGO/USDT:USDT,0.2568,464.0,0.257,2788.0,0.2569,7461578.0,
1753460913514,16:28:33.514,ALGO/USDT:USDT,0.2569,84.0,0.257,1702.0,0.2569,7461578.0,
1753460914014,16:28:34.014,ALGO/USDT:USDT,0.2569,84.0,0.257,1702.0,0.2569,7461578.0,
1753460914331,16:28:34.331,ALGO/USDT:USDT,0.2569,14.0,0.257,1753.0,0.2569,7461648.0,
1753460914445,16:28:34.445,ALGO/USDT:USDT,0.2568,23.0,0.2569,696.0,0.2569,7461662.0,
1753460914815,16:28:34.815,ALGO/USDT:USDT,0.2568,23.0,0.2569,560.0,0.2569,7461662.0,
1753460914929,16:28:34.929,ALGO/USDT:USDT,0.2568,23.0,0.2569,696.0,0.2569,7461662.0,
1753460915075,16:28:35.075,ALGO/USDT:USDT,0.2568,103.0,0.2569,560.0,0.2569,7461662.0,
1753460915419,16:28:35.419,ALGO/USDT:USDT,0.2568,103.0,0.2569,560.0,0.2569,7461662.0,
1753460915521,16:28:35.521,ALGO/USDT:USDT,0.2568,539.0,0.2569,132.0,0.2569,7461662.0,
1753460915622,16:28:35.622,ALGO/USDT:USDT,0.2568,837.0,0.257,2630.0,0.2569,7461662.0,
1753460915835,16:28:35.835,ALGO/USDT:USDT,0.2568,1544.0,0.257,1707.0,0.2569,7461662.0,
1753460916203,16:28:36.203,ALGO/USDT:USDT,0.2569,254.0,0.257,832.0,0.2569,7461662.0,
1753460916315,16:28:36.315,ALGO/USDT:USDT,0.2569,176.0,0.257,771.0,0.2569,7461662.0,
1753460916414,16:28:36.414,ALGO/USDT:USDT,0.2568,1593.0,0.2569,87.0,0.2569,7461662.0,
1753460916517,16:28:36.517,ALGO/USDT:USDT,0.2568,1020.0,0.2569,89.0,0.2569,7461662.0,
1753460916785,16:28:36.785,ALGO/USDT:USDT,0.2569,820.0,0.257,283.0,0.2569,7461662.0,
1753460916917,16:28:36.917,ALGO/USDT:USDT,0.2569,820.0,0.257,32.0,0.2569,7461662.0,
1753460917123,16:28:37.123,ALGO/USDT:USDT,0.2569,820.0,0.257,180.0,0.2569,7461662.0,
1753460917275,16:28:37.275,ALGO/USDT:USDT,0.2569,905.0,0.257,180.0,0.2569,7461662.0,
1753460917380,16:28:37.380,ALGO/USDT:USDT,0.2569,769.0,0.257,272.0,0.2569,7461662.0,
1753460917486,16:28:37.486,ALGO/USDT:USDT,0.2569,905.0,0.257,185.0,0.2569,7461662.0,
1753460917973,16:28:37.973,ALGO/USDT:USDT,0.2569,254.0,0.257,617.0,0.2569,7461662.0,
1753460918081,16:28:38.081,ALGO/USDT:USDT,0.2569,256.0,0.257,617.0,0.2569,7461662.0,
1753460918190,16:28:38.190,ALGO/USDT:USDT,0.2569,256.0,0.257,811.0,0.2569,7461662.0,
1753460918314,16:28:38.314,ALGO/USDT:USDT,0.2569,392.0,0.257,460.0,0.2569,7461662.0,
1753460918417,16:28:38.417,ALGO/USDT:USDT,0.2569,463.0,0.257,122.0,0.2569,7461662.0,
1753460918526,16:28:38.526,ALGO/USDT:USDT,0.2569,709.0,0.257,32.0,0.2569,7461662.0,
1753460918627,16:28:38.627,ALGO/USDT:USDT,0.2569,1009.0,0.257,32.0,0.2569,7461662.0,
1753460918978,16:28:38.978,ALGO/USDT:USDT,0.2569,924.0,0.257,32.0,0.2569,7461662.0,
1753460919079,16:28:39.079,ALGO/USDT:USDT,0.2569,1009.0,0.257,16.0,0.257,7461678.0,
1753460919199,16:28:39.199,ALGO/USDT:USDT,0.2569,1009.0,0.257,16.0,0.257,7461678.0,
1753460919313,16:28:39.313,ALGO/USDT:USDT,0.2569,924.0,0.257,16.0,0.257,7461678.0,
1753460919414,16:28:39.414,ALGO/USDT:USDT,0.2569,1006.0,0.257,16.0,0.257,7461678.0,
1753460919617,16:28:39.617,ALGO/USDT:USDT,0.2569,19.0,0.257,977.0,0.257,7461678.0,
1753460919723,16:28:39.723,ALGO/USDT:USDT,0.2569,186.0,0.257,408.0,0.257,7461678.0,
1753460919824,16:28:39.824,ALGO/USDT:USDT,0.2569,236.0,0.257,408.0,0.257,7461678.0,
1753460920090,16:28:40.090,ALGO/USDT:USDT,0.2569,186.0,0.257,490.0,0.257,7461678.0,
1753460920215,16:28:40.215,ALGO/USDT:USDT,0.2569,19.0,0.257,693.0,0.257,7461678.0,
1753460920315,16:28:40.315,ALGO/USDT:USDT,0.2569,19.0,0.257,770.0,0.257,7461678.0,
1753460920551,16:28:40.551,ALGO/USDT:USDT,0.2569,19.0,0.257,887.0,0.257,7461678.0,
1753460920915,16:28:40.915,ALGO/USDT:USDT,0.2569,19.0,0.257,1081.0,0.257,7461678.0,
1753460921167,16:28:41.167,ALGO/USDT:USDT,0.2569,19.0,0.257,1032.0,0.257,7461678.0,
1753460921305,16:28:41.305,ALGO/USDT:USDT,0.2569,19.0,0.257,950.0,0.257,7461678.0,
1753460921419,16:28:41.419,ALGO/USDT:USDT,0.2569,44.0,0.257,1032.0,0.257,7461678.0,
1753460921571,16:28:41.571,ALGO/USDT:USDT,0.2569,44.0,0.257,915.0,0.257,7461678.0,
1753460922300,16:28:42.300,ALGO/USDT:USDT,0.2569,44.0,0.257,964.0,0.257,7461678.0,
1753460922519,16:28:42.519,ALGO/USDT:USDT,0.2568,103.0,0.2569,553.0,0.2569,7461726.0,
1753460923328,16:28:43.328,ALGO/USDT:USDT,0.2568,444.0,0.2569,552.0,0.2569,7461726.0,
1753460923813,16:28:43.813,ALGO/USDT:USDT,0.2568,444.0,0.2569,168.0,0.2569,7461726.0,
1753460924892,16:28:44.892,ALGO/USDT:USDT,0.2568,65.0,0.2569,569.0,0.2569,7461726.0,
1753460925000,16:28:45.000,ALGO/USDT:USDT,0.2568,65.0,0.2569,693.0,0.2569,7461726.0,
1753460925217,16:28:45.217,ALGO/USDT:USDT,0.2568,65.0,0.2569,810.0,0.2569,7461726.0,
1753460925475,16:28:45.475,ALGO/USDT:USDT,0.2568,65.0,0.2569,1110.0,0.2569,7461726.0,
1753460925824,16:28:45.824,ALGO/USDT:USDT,0.2568,232.0,0.2569,685.0,0.2569,7461726.0,
1753460926078,16:28:46.078,ALGO/USDT:USDT,0.2568,232.0,0.2569,608.0,0.2569,7461726.0,
1753460926214,16:28:46.214,ALGO/USDT:USDT,0.2568,65.0,0.2569,733.0,0.2569,7461726.0,
1753460926315,16:28:46.315,ALGO/USDT:USDT,0.2568,65.0,0.2569,810.0,0.2569,7461726.0,
1753460926569,16:28:46.569,ALGO/USDT:USDT,0.2568,65.0,0.2569,1110.0,0.2569,7461726.0,
1753460927014,16:28:47.014,ALGO/USDT:USDT,0.2568,197.0,0.2569,608.0,0.2569,7461726.0,
1753460927223,16:28:47.223,ALGO/USDT:USDT,0.2568,244.0,0.2569,528.0,0.2569,7461726.0,
1753460927364,16:28:47.364,ALGO/USDT:USDT,0.2568,197.0,0.2569,683.0,0.2569,7461726.0,
1753460927707,16:28:47.707,ALGO/USDT:USDT,0.2568,145.0,0.2569,605.0,0.2569,7461726.0,
1753460927918,16:28:47.918,ALGO/USDT:USDT,0.2569,130.0,0.257,2389.0,0.2569,7461850.0,
1753460928023,16:28:48.023,ALGO/USDT:USDT,0.2569,130.0,0.257,1479.0,0.2569,7461850.0,
1753460928382,16:28:48.382,ALGO/USDT:USDT,0.2569,132.0,0.257,1793.0,0.2569,7461850.0,
1753460929319,16:28:49.319,ALGO/USDT:USDT,0.2569,705.0,0.257,635.0,0.2569,7461850.0,
1753460929544,16:28:49.544,ALGO/USDT:USDT,0.2569,833.0,0.257,115.0,0.2569,7461850.0,
1753460929684,16:28:49.684,ALGO/USDT:USDT,0.2569,883.0,0.257,32.0,0.2569,7461850.0,
1753460929816,16:28:49.816,ALGO/USDT:USDT,0.2569,883.0,0.257,34.0,0.2569,7461850.0,
1753460930072,16:28:50.072,ALGO/USDT:USDT,0.2569,655.0,0.257,818.0,0.2569,7461850.0,
1753460930295,16:28:50.295,ALGO/USDT:USDT,0.2569,655.0,0.257,770.0,0.2569,7461850.0,
1753460930415,16:28:50.415,ALGO/USDT:USDT,0.2569,655.0,0.257,818.0,0.2569,7461850.0,
1753460930516,16:28:50.516,ALGO/USDT:USDT,0.2569,655.0,0.257,738.0,0.2569,7461850.0,
1753460930623,16:28:50.623,ALGO/USDT:USDT,0.2569,575.0,0.257,818.0,0.2569,7461850.0,
1753460930974,16:28:50.974,ALGO/USDT:USDT,0.2569,575.0,0.257,1012.0,0.2569,7461850.0,
1753460931419,16:28:51.419,ALGO/USDT:USDT,0.2569,579.0,0.257,1312.0,0.2569,7461850.0,
1753460931572,16:28:51.572,ALGO/USDT:USDT,0.2569,579.0,0.257,1184.0,0.2569,7461850.0,
1753460931822,16:28:51.822,ALGO/USDT:USDT,0.2569,659.0,0.257,613.0,0.2569,7461850.0,
1753460931970,16:28:51.970,ALGO/USDT:USDT,0.2569,711.0,0.257,359.0,0.2569,7461850.0,
1753460932076,16:28:52.076,ALGO/USDT:USDT,0.2569,839.0,0.257,32.0,0.2569,7461850.0,
1753460932209,16:28:52.209,ALGO/USDT:USDT,0.2569,707.0,0.257,114.0,0.2569,7461850.0,
1753460932316,16:28:52.316,ALGO/USDT:USDT,0.2569,707.0,0.257,126.0,0.2569,7461850.0,
1753460933468,16:28:53.468,ALGO/USDT:USDT,0.2569,1135.0,0.257,58.0,0.2569,7461850.0,
1753460933575,16:28:53.575,ALGO/USDT:USDT,0.2569,1137.0,0.257,58.0,0.2569,7461850.0,
1753460933929,16:28:53.929,ALGO/USDT:USDT,0.257,457.0,0.2571,506.0,0.257,7461908.0,
1753460934030,16:28:54.030,ALGO/USDT:USDT,0.257,504.0,0.2571,506.0,0.257,7461908.0,
1753460934308,16:28:54.308,ALGO/USDT:USDT,0.257,504.0,0.2571,302.0,0.257,7461908.0,
1753460934421,16:28:54.421,ALGO/USDT:USDT,0.257,868.0,0.2571,228.0,0.257,7461908.0,
1753460934653,16:28:54.653,ALGO/USDT:USDT,0.257,245.0,0.2571,1131.0,0.257,7461985.0,
1753460934758,16:28:54.758,ALGO/USDT:USDT,0.257,247.0,0.2571,1133.0,0.257,7461985.0,
1753460934879,16:28:54.879,ALGO/USDT:USDT,0.2569,2179.0,0.2571,1179.0,0.257,7461985.0,
1753460935013,16:28:55.013,ALGO/USDT:USDT,0.2569,581.0,0.2571,2838.0,0.257,7461985.0,
1753460935115,16:28:55.115,ALGO/USDT:USDT,0.2569,704.0,0.2571,2878.0,0.257,7461985.0,
1753460935270,16:28:55.270,ALGO/USDT:USDT,0.2569,704.0,0.2571,2473.0,0.257,7461985.0,
1753460935390,16:28:55.390,ALGO/USDT:USDT,0.2569,927.0,0.2571,2596.0,0.257,7461985.0,
1753460935671,16:28:55.671,ALGO/USDT:USDT,0.2569,2239.0,0.2571,2473.0,0.257,7461985.0,
1753460935815,16:28:55.815,ALGO/USDT:USDT,0.2569,2154.0,0.2571,1801.0,0.257,7462086.0,
1753460935917,16:28:55.917,ALGO/USDT:USDT,0.2569,519.0,0.257,429.0,0.257,7462086.0,
1753460936025,16:28:56.025,ALGO/USDT:USDT,0.2569,570.0,0.257,212.0,0.257,7462086.0,
1753460936170,16:28:56.170,ALGO/USDT:USDT,0.2569,570.0,0.257,302.0,0.257,7462086.0,
1753460936888,16:28:56.888,ALGO/USDT:USDT,0.2569,435.0,0.257,423.0,0.257,7462086.0,
1753460937112,16:28:57.112,ALGO/USDT:USDT,0.2569,487.0,0.257,166.0,0.257,7462086.0,
1753460937679,16:28:57.679,ALGO/USDT:USDT,0.2568,676.0,0.2569,851.0,0.2569,7462521.0,
1753460937780,16:28:57.780,ALGO/USDT:USDT,0.2567,30.0,0.2568,565.0,0.2568,7462598.0,
1753460937882,16:28:57.882,ALGO/USDT:USDT,0.2566,1995.0,0.2567,333.0,0.2567,7462624.0,
1753460937995,16:28:57.995,ALGO/USDT:USDT,0.2566,1816.0,0.2567,89.0,0.2567,7462624.0,
1753460938206,16:28:58.206,ALGO/USDT:USDT,0.2566,2457.0,0.2568,2803.0,0.2567,7462800.0,
1753460938310,16:28:58.310,ALGO/USDT:USDT,0.2567,167.0,0.2568,995.0,0.2567,7462800.0,
1753460938418,16:28:58.418,ALGO/USDT:USDT,0.2567,169.0,0.2568,1067.0,0.2567,7462800.0,
1753460938519,16:28:58.519,ALGO/USDT:USDT,0.2567,82.0,0.2568,1161.0,0.2567,7462800.0,
1753460938753,16:28:58.753,ALGO/USDT:USDT,0.2566,1745.0,0.2568,1295.0,0.2567,7462800.0,
1753460938883,16:28:58.883,ALGO/USDT:USDT,0.2566,438.0,0.2567,174.0,0.2567,7462800.0,
1753460939001,16:28:59.001,ALGO/USDT:USDT,0.2566,402.0,0.2567,262.0,0.2567,7462800.0,
1753460939104,16:28:59.104,ALGO/USDT:USDT,0.2566,83.0,0.2567,344.0,0.2567,7462800.0,
1753460939306,16:28:59.306,ALGO/USDT:USDT,0.2566,170.0,0.2567,511.0,0.2567,7462800.0,
1753460939408,16:28:59.408,ALGO/USDT:USDT,0.2565,4136.0,0.2567,942.0,0.2566,7462801.0,
1753460939512,16:28:59.512,ALGO/USDT:USDT,0.2565,1573.0,0.2566,685.0,0.2566,7462801.0,
1753460939876,16:28:59.876,ALGO/USDT:USDT,0.2565,146.0,0.2566,132.0,0.2566,7462801.0,
1753460940018,16:29:00.018,ALGO/USDT:USDT,0.2565,526.0,0.2566,132.0,0.2566,7462801.0,
1753460940221,16:29:00.221,ALGO/USDT:USDT,0.2566,882.0,0.2567,595.0,0.2566,7459517.0,
1753460940429,16:29:00.429,ALGO/USDT:USDT,0.2567,89.0,0.2568,1246.0,0.2566,7459517.0,
1753460940540,16:29:00.540,ALGO/USDT:USDT,0.2567,89.0,0.2568,1110.0,0.2566,7459517.0,
1753460940657,16:29:00.657,ALGO/USDT:USDT,0.2566,1631.0,0.2568,2290.0,0.2566,7459517.0,
1753460940760,16:29:00.760,ALGO/USDT:USDT,0.2566,380.0,0.2567,507.0,0.2566,7459517.0,
1753460940911,16:29:00.911,ALGO/USDT:USDT,0.2566,130.0,0.2567,554.0,0.2566,7459517.0,
1753460941017,16:29:01.017,ALGO/USDT:USDT,0.2565,2352.0,0.2567,1184.0,0.2566,7459517.0,
1753460941120,16:29:01.120,ALGO/USDT:USDT,0.2566,176.0,0.2567,430.0,0.2566,7459517.0,
1753460941223,16:29:01.223,ALGO/USDT:USDT,0.2566,256.0,0.2567,759.0,0.2566,7459517.0,
1753460941443,16:29:01.443,ALGO/USDT:USDT,0.2566,256.0,0.2567,606.0,0.2566,7459517.0,
1753460941554,16:29:01.554,ALGO/USDT:USDT,0.2566,256.0,0.2567,527.0,0.2566,7459517.0,
1753460941659,16:29:01.659,ALGO/USDT:USDT,0.2566,440.0,0.2567,100.0,0.2566,7459517.0,
1753460941878,16:29:01.878,ALGO/USDT:USDT,0.2566,614.0,0.2567,100.0,0.2566,7459517.0,
1753460942010,16:29:02.010,ALGO/USDT:USDT,0.2566,693.0,0.2567,100.0,0.2566,7459517.0,
1753460942119,16:29:02.119,ALGO/USDT:USDT,0.2566,614.0,0.2567,185.0,0.2566,7459517.0,
1753460942350,16:29:02.350,ALGO/USDT:USDT,0.2566,909.0,0.2567,100.0,0.2566,7459521.0,
1753460942458,16:29:02.458,ALGO/USDT:USDT,0.2566,909.0,0.2567,400.0,0.2566,7459521.0,
1753460942915,16:29:02.915,ALGO/USDT:USDT,0.2566,863.0,0.2567,489.0,0.2566,7459521.0,
1753460943016,16:29:03.016,ALGO/USDT:USDT,0.2566,909.0,0.2567,400.0,0.2566,7459521.0,
1753460943259,16:29:03.259,ALGO/USDT:USDT,0.2567,997.0,0.2568,854.0,0.2567,7459921.0,
1753460943360,16:29:03.360,ALGO/USDT:USDT,0.2567,946.0,0.2568,746.0,0.2567,7459921.0,
1753460943476,16:29:03.476,ALGO/USDT:USDT,0.2567,997.0,0.2568,73.0,0.2567,7459921.0,
1753460943814,16:29:03.814,ALGO/USDT:USDT,0.2567,1082.0,0.2568,73.0,0.2567,7459921.0,
1753460943916,16:29:03.916,ALGO/USDT:USDT,0.2567,997.0,0.2568,73.0,0.2567,7459921.0,
1753460944177,16:29:04.177,ALGO/USDT:USDT,0.2567,1082.0,0.2568,73.0,0.2567,7459921.0,
1753460944416,16:29:04.416,ALGO/USDT:USDT,0.2567,997.0,0.2568,72.0,0.2567,7459921.0,
1753460944518,16:29:04.518,ALGO/USDT:USDT,0.2567,1082.0,0.2568,72.0,0.2567,7459921.0,
1753460944633,16:29:04.633,ALGO/USDT:USDT,0.2568,1102.0,0.2569,77.0,0.2568,7459993.0,
1753460945109,16:29:05.109,ALGO/USDT:USDT,0.2568,946.0,0.2569,158.0,0.2568,7459993.0,
1753460945217,16:29:05.217,ALGO/USDT:USDT,0.2568,997.0,0.2569,77.0,0.2568,7459993.0,
1753460945814,16:29:05.814,ALGO/USDT:USDT,0.2568,1082.0,0.2569,77.0,0.2568,7459993.0,
1753460946123,16:29:06.123,ALGO/USDT:USDT,0.2569,340.0,0.257,1979.0,0.2569,7460070.0,
1753460946370,16:29:06.370,ALGO/USDT:USDT,0.2569,832.0,0.257,78.0,0.2569,7460070.0,
1753460946512,16:29:06.512,ALGO/USDT:USDT,0.2569,832.0,0.257,80.0,0.2569,7460070.0,
1753460946732,16:29:06.732,ALGO/USDT:USDT,0.2569,747.0,0.257,162.0,0.2569,7460070.0,
1753460947212,16:29:07.212,ALGO/USDT:USDT,0.2569,832.0,0.257,80.0,0.2569,7460070.0,
1753460947314,16:29:07.314,ALGO/USDT:USDT,0.2569,832.0,0.257,1.0,0.2569,7460070.0,
1753460947569,16:29:07.569,ALGO/USDT:USDT,0.2569,751.0,0.257,81.0,0.2569,7460070.0,
1753460947684,16:29:07.684,ALGO/USDT:USDT,0.2569,837.0,0.257,1.0,0.2569,7460070.0,
1753460948332,16:29:08.332,ALGO/USDT:USDT,0.2569,837.0,0.257,1.0,0.2569,7460070.0,
1753460948434,16:29:08.434,ALGO/USDT:USDT,0.2569,841.0,0.257,1.0,0.2569,7460070.0,
1753460948695,16:29:08.695,ALGO/USDT:USDT,0.2569,842.0,0.257,1.0,0.2569,7460070.0,
1753460949123,16:29:09.123,ALGO/USDT:USDT,0.2569,838.0,0.257,1.0,0.2569,7460070.0,
1753460949274,16:29:09.274,ALGO/USDT:USDT,0.2569,838.0,0.257,8.0,0.2569,7460070.0,
1753460949408,16:29:09.408,ALGO/USDT:USDT,0.2569,838.0,0.257,10.0,0.2569,7460070.0,
1753460950118,16:29:10.118,ALGO/USDT:USDT,0.257,764.0,0.2571,2405.0,0.257,7460080.0,
1753460950236,16:29:10.236,ALGO/USDT:USDT,0.257,953.0,0.2571,107.0,0.257,7460080.0,
1753460950445,16:29:10.445,ALGO/USDT:USDT,0.257,951.0,0.2571,130.0,0.257,7460080.0,
1753460950592,16:29:10.592,ALGO/USDT:USDT,0.257,951.0,0.2571,131.0,0.257,7460080.0,
1753460950912,16:29:10.912,ALGO/USDT:USDT,0.257,868.0,0.2571,218.0,0.257,7460080.0,
1753460951174,16:29:11.174,ALGO/USDT:USDT,0.257,951.0,0.2571,131.0,0.257,7460080.0,
1753460951299,16:29:11.299,ALGO/USDT:USDT,0.257,951.0,0.2571,221.0,0.257,7460080.0,
1753460951551,16:29:11.551,ALGO/USDT:USDT,0.257,868.0,0.2571,221.0,0.257,7460080.0,
1753460952016,16:29:12.016,ALGO/USDT:USDT,0.257,868.0,0.2571,221.0,0.257,7460080.0,
1753460952126,16:29:12.126,ALGO/USDT:USDT,0.257,868.0,0.2571,138.0,0.257,7460080.0,
1753460952278,16:29:12.278,ALGO/USDT:USDT,0.257,951.0,0.2571,138.0,0.257,7460080.0,
1753460952411,16:29:12.411,ALGO/USDT:USDT,0.257,868.0,0.2571,138.0,0.257,7460080.0,
1753460952514,16:29:12.514,ALGO/USDT:USDT,0.257,868.0,0.2571,227.0,0.257,7460080.0,
1753460953753,16:29:13.753,ALGO/USDT:USDT,0.257,766.0,0.2571,467.0,0.257,7460080.0,
1753460953873,16:29:13.873,ALGO/USDT:USDT,0.257,766.0,0.2571,307.0,0.257,7460080.0,
1753460953989,16:29:13.989,ALGO/USDT:USDT,0.257,819.0,0.2571,138.0,0.257,7460080.0,
1753460954114,16:29:14.114,ALGO/USDT:USDT,0.2571,342.0,0.2572,1273.0,0.2571,7460218.0,
1753460954214,16:29:14.214,ALGO/USDT:USDT,0.2571,444.0,0.2572,684.0,0.2571,7460218.0,
1753460954322,16:29:14.322,ALGO/USDT:USDT,0.2571,528.0,0.2572,259.0,0.2571,7460218.0,
1753460954434,16:29:14.434,ALGO/USDT:USDT,0.2571,444.0,0.2572,350.0,0.2571,7460218.0,
1753460954575,16:29:14.575,ALGO/USDT:USDT,0.2571,533.0,0.2572,259.0,0.2571,7460218.0,
1753460954677,16:29:14.677,ALGO/USDT:USDT,0.2571,533.0,0.2572,348.0,0.2571,7460218.0,
1753460954918,16:29:14.918,ALGO/USDT:USDT,0.2571,533.0,0.2572,259.0,0.2571,7460218.0,
1753460955275,16:29:15.275,ALGO/USDT:USDT,0.2571,749.0,0.2572,259.0,0.2571,7460218.0,
1753460955493,16:29:15.493,ALGO/USDT:USDT,0.2571,834.0,0.2572,259.0,0.2571,7460218.0,
1753460955817,16:29:15.817,ALGO/USDT:USDT,0.2571,750.0,0.2572,343.0,0.2571,7460218.0,
1753460956167,16:29:16.167,ALGO/USDT:USDT,0.2571,834.0,0.2572,259.0,0.2571,7460218.0,
1753460956269,16:29:16.269,ALGO/USDT:USDT,0.2571,750.0,0.2572,259.0,0.2571,7460218.0,
1753460956513,16:29:16.513,ALGO/USDT:USDT,0.2571,836.0,0.2572,259.0,0.2571,7460218.0,
1753460956840,16:29:16.840,ALGO/USDT:USDT,0.2572,560.0,0.2573,2415.0,0.2572,7460477.0,
1753460956946,16:29:16.946,ALGO/USDT:USDT,0.2572,642.0,0.2573,742.0,0.2572,7460477.0,
1753460957471,16:29:17.471,ALGO/USDT:USDT,0.2572,175.0,0.2573,1129.0,0.2572,7460477.0,
1753460957582,16:29:17.582,ALGO/USDT:USDT,0.2572,175.0,0.2573,510.0,0.2572,7460477.0,
1753460957717,16:29:17.717,ALGO/USDT:USDT,0.2572,175.0,0.2573,430.0,0.2572,7460477.0,
1753460957946,16:29:17.946,ALGO/USDT:USDT,0.2572,88.0,0.2573,976.0,0.2572,7460477.0,
1753460958056,16:29:18.056,ALGO/USDT:USDT,0.2572,232.0,0.2573,508.0,0.2572,7460477.0,
1753460958170,16:29:18.170,ALGO/USDT:USDT,0.2572,373.0,0.2573,331.0,0.2572,7460477.0,
1753460958515,16:29:18.515,ALGO/USDT:USDT,0.2572,373.0,0.2573,254.0,0.2572,7460477.0,
1753460958621,16:29:18.621,ALGO/USDT:USDT,0.2572,232.0,0.2573,345.0,0.2572,7460477.0,
1753460958724,16:29:18.724,ALGO/USDT:USDT,0.2572,285.0,0.2573,254.0,0.2572,7460477.0,
1753460958872,16:29:18.872,ALGO/USDT:USDT,0.2572,232.0,0.2573,349.0,0.2572,7460477.0,
1753460959118,16:29:19.118,ALGO/USDT:USDT,0.2572,585.0,0.2573,254.0,0.2572,7460477.0,
1753460959448,16:29:19.448,ALGO/USDT:USDT,0.2572,18.0,0.2573,637.0,0.2572,7460477.0,
1753460959553,16:29:19.553,ALGO/USDT:USDT,0.2571,1733.0,0.2573,1042.0,0.2572,7460495.0,
1753460959677,16:29:19.677,ALGO/USDT:USDT,0.2571,698.0,0.2572,19.0,0.2572,7460495.0,
1753460960274,16:29:20.274,ALGO/USDT:USDT,0.2571,837.0,0.2572,19.0,0.2572,7460495.0,
1753460960518,16:29:20.518,ALGO/USDT:USDT,0.2571,398.0,0.2572,269.0,0.2572,7460495.0,
1753460960619,16:29:20.619,ALGO/USDT:USDT,0.2571,398.0,0.2572,122.0,0.2572,7460495.0,
1753460960771,16:29:20.771,ALGO/USDT:USDT,0.2571,398.0,0.2572,120.0,0.2572,7460495.0,
1753460961015,16:29:21.015,ALGO/USDT:USDT,0.2571,398.0,0.2572,122.0,0.2572,7460495.0,
1753460961376,16:29:21.376,ALGO/USDT:USDT,0.2571,393.0,0.2572,42.0,0.2572,7460495.0,
1753460961490,16:29:21.490,ALGO/USDT:USDT,0.2571,344.0,0.2572,600.0,0.2572,7460495.0,
1753460961955,16:29:21.955,ALGO/USDT:USDT,0.2571,2.0,0.2572,774.0,0.2572,7460495.0,
1753460962082,16:29:22.082,ALGO/USDT:USDT,0.2571,2.0,0.2572,1268.0,0.2572,7460495.0,
1753460962319,16:29:22.319,ALGO/USDT:USDT,0.2571,2.0,0.2572,951.0,0.2572,7460495.0,
1753460963118,16:29:23.118,ALGO/USDT:USDT,0.2571,2.0,0.2572,1251.0,0.2572,7460495.0,
1753460963272,16:29:23.272,ALGO/USDT:USDT,0.2571,2.0,0.2572,951.0,0.2572,7460495.0,
1753460964070,16:29:24.070,ALGO/USDT:USDT,0.2571,2.0,0.2572,1251.0,0.2572,7460495.0,
1753460964815,16:29:24.815,ALGO/USDT:USDT,0.2571,2.0,0.2572,864.0,0.2572,7460495.0,
1753460964919,16:29:24.919,ALGO/USDT:USDT,0.2571,2.0,0.2572,951.0,0.2572,7460495.0,
1753460965073,16:29:25.073,ALGO/USDT:USDT,0.2571,871.0,0.2572,23.0,0.2572,7460495.0,
1753460965212,16:29:25.212,ALGO/USDT:USDT,0.2571,871.0,0.2572,25.0,0.2572,7460495.0,
1753460965420,16:29:25.420,ALGO/USDT:USDT,0.2571,732.0,0.2572,108.0,0.2572,7460495.0,
1753460965535,16:29:25.535,ALGO/USDT:USDT,0.2571,741.0,0.2572,25.0,0.2572,7460495.0,
1753460965669,16:29:25.669,ALGO/USDT:USDT,0.2571,741.0,0.2572,184.0,0.2572,7460495.0,
1753460965785,16:29:25.785,ALGO/USDT:USDT,0.2571,741.0,0.2572,325.0,0.2572,7460495.0,
1753460966055,16:29:26.055,ALGO/USDT:USDT,0.2571,741.0,0.2572,238.0,0.2572,7460495.0,
1753460966187,16:29:26.187,ALGO/USDT:USDT,0.2571,741.0,0.2572,325.0,0.2572,7460495.0,
1753460966417,16:29:26.417,ALGO/USDT:USDT,0.2571,741.0,0.2572,238.0,0.2572,7460495.0,
1753460966669,16:29:26.669,ALGO/USDT:USDT,0.2571,793.0,0.2572,25.0,0.2572,7460495.0,
1753460966916,16:29:26.916,ALGO/USDT:USDT,0.2571,741.0,0.2572,113.0,0.2572,7460495.0,
1753460967125,16:29:27.125,ALGO/USDT:USDT,0.2571,880.0,0.2572,25.0,0.2572,7460495.0,
1753460967484,16:29:27.484,ALGO/USDT:USDT,0.2571,793.0,0.2572,25.0,0.2572,7460495.0,
1753460967823,16:29:27.823,ALGO/USDT:USDT,0.2571,828.0,0.2572,25.0,0.2572,7460495.0,
1753460967971,16:29:27.971,ALGO/USDT:USDT,0.2571,1180.0,0.2572,25.0,0.2572,7460495.0,
1753460968213,16:29:28.213,ALGO/USDT:USDT,0.2571,1039.0,0.2572,25.0,0.2572,7460495.0,
1753460968316,16:29:28.316,ALGO/USDT:USDT,0.2571,1093.0,0.2572,25.0,0.2572,7460495.0,
1753460968572,16:29:28.572,ALGO/USDT:USDT,0.2571,1180.0,0.2572,25.0,0.2572,7460495.0,
1753460968713,16:29:28.713,ALGO/USDT:USDT,0.2571,1041.0,0.2572,25.0,0.2572,7460495.0,
1753460968815,16:29:28.815,ALGO/USDT:USDT,0.2571,1128.0,0.2572,25.0,0.2572,7460495.0,
1753460968916,16:29:28.916,ALGO/USDT:USDT,0.2571,1180.0,0.2572,25.0,0.2572,7460495.0,
1753460969155,16:29:29.155,ALGO/USDT:USDT,0.2571,1180.0,0.2573,3480.0,0.2572,7460520.0,
1753460969281,16:29:29.281,ALGO/USDT:USDT,0.2572,885.0,0.2573,417.0,0.2572,7460520.0,
1753460969512,16:29:29.512,ALGO/USDT:USDT,0.2572,585.0,0.2573,417.0,0.2572,7460520.0,
1753460969721,16:29:29.721,ALGO/USDT:USDT,0.2572,771.0,0.2573,61.0,0.2572,7460520.0,
1753460970112,16:29:30.112,ALGO/USDT:USDT,0.2572,821.0,0.2573,61.0,0.2572,7460520.0,
1753460970976,16:29:30.976,ALGO/USDT:USDT,0.2572,1046.0,0.2573,61.0,0.2572,7460520.0,
1753460971097,16:29:31.097,ALGO/USDT:USDT,0.2572,595.0,0.2573,358.0,0.2572,7460520.0,
1753460971214,16:29:31.214,ALGO/USDT:USDT,0.2572,595.0,0.2573,301.0,0.2572,7460520.0,
1753460971316,16:29:31.316,ALGO/USDT:USDT,0.2572,595.0,0.2573,437.0,0.2572,7460520.0,
1753460971436,16:29:31.436,ALGO/USDT:USDT,0.2572,352.0,0.2573,437.0,0.2572,7460520.0,
1753460971569,16:29:31.569,ALGO/USDT:USDT,0.2572,540.0,0.2573,144.0,0.2572,7460520.0,
1753460971689,16:29:31.689,ALGO/USDT:USDT,0.2572,455.0,0.2573,144.0,0.2572,7460520.0,
1753460971791,16:29:31.791,ALGO/USDT:USDT,0.2572,404.0,0.2573,144.0,0.2572,7460520.0,
1753460972020,16:29:32.020,ALGO/USDT:USDT,0.2572,755.0,0.2573,142.0,0.2572,7460520.0,
1753460972125,16:29:32.125,ALGO/USDT:USDT,0.2572,404.0,0.2573,142.0,0.2572,7460520.0,
1753460972379,16:29:32.379,ALGO/USDT:USDT,0.2572,351.0,0.2573,678.0,0.2572,7460520.0,
1753460972720,16:29:32.720,ALGO/USDT:USDT,0.2572,11.0,0.2573,1315.0,0.2572,7460520.0,
1753460972969,16:29:32.969,ALGO/USDT:USDT,0.2572,11.0,0.2573,1615.0,0.2572,7460520.0,
1753460973108,16:29:33.108,ALGO/USDT:USDT,0.2572,11.0,0.2573,1315.0,0.2572,7460520.0,
1753460973213,16:29:33.213,ALGO/USDT:USDT,0.2572,11.0,0.2573,1264.0,0.2572,7460520.0,
1753460973424,16:29:33.424,ALGO/USDT:USDT,0.2572,11.0,0.2573,1315.0,0.2572,7460520.0,
1753460974077,16:29:34.077,ALGO/USDT:USDT,0.2572,11.0,0.2573,1615.0,0.2572,7460520.0,
1753460974400,16:29:34.400,ALGO/USDT:USDT,0.2572,91.0,0.2573,696.0,0.2572,7460520.0,
1753460975270,16:29:35.270,ALGO/USDT:USDT,0.2572,91.0,0.2573,619.0,0.2572,7460520.0,
1753460975714,16:29:35.714,ALGO/USDT:USDT,0.2572,11.0,0.2573,1277.0,0.2572,7460520.0,
1753460975924,16:29:35.924,ALGO/USDT:USDT,0.2572,387.0,0.2573,558.0,0.2572,7460520.0,
1753460976416,16:29:36.416,ALGO/USDT:USDT,0.2572,438.0,0.2573,401.0,0.2572,7460520.0,
1753460976674,16:29:36.674,ALGO/USDT:USDT,0.2572,387.0,0.2573,396.0,0.2572,7460520.0,
1753460976910,16:29:36.910,ALGO/USDT:USDT,0.2572,687.0,0.2573,304.0,0.2572,7460520.0,
1753460977173,16:29:37.173,ALGO/USDT:USDT,0.2572,738.0,0.2573,304.0,0.2572,7460520.0,
1753460977416,16:29:37.416,ALGO/USDT:USDT,0.2572,89.0,0.2573,607.0,0.2572,7460520.0,
1753460977722,16:29:37.722,ALGO/USDT:USDT,0.2572,11.0,0.2573,645.0,0.2572,7460520.0,
1753460977841,16:29:37.841,ALGO/USDT:USDT,0.2572,11.0,0.2573,1544.0,0.2572,7460520.0,
1753460978189,16:29:38.189,ALGO/USDT:USDT,0.2572,11.0,0.2573,1244.0,0.2572,7460520.0,
1753460978314,16:29:38.314,ALGO/USDT:USDT,0.2572,64.0,0.2573,1244.0,0.2572,7460520.0,
1753460978421,16:29:38.421,ALGO/USDT:USDT,0.2572,66.0,0.2573,1244.0,0.2572,7460520.0,
1753460978650,16:29:38.650,ALGO/USDT:USDT,0.2572,66.0,0.2573,1159.0,0.2572,7460520.0,
1753460978795,16:29:38.795,ALGO/USDT:USDT,0.2572,593.0,0.2573,304.0,0.2572,7460520.0,
1753460978929,16:29:38.929,ALGO/USDT:USDT,0.2572,810.0,0.2573,304.0,0.2572,7460520.0,
1753460979056,16:29:39.056,ALGO/USDT:USDT,0.2572,757.0,0.2573,304.0,0.2572,7460520.0,
1753460979209,16:29:39.209,ALGO/USDT:USDT,0.2572,810.0,0.2573,304.0,0.2572,7460520.0,
1753460979412,16:29:39.412,ALGO/USDT:USDT,0.2572,896.0,0.2573,304.0,0.2572,7460520.0,
1753460980078,16:29:40.078,ALGO/USDT:USDT,0.2572,814.0,0.2573,391.0,0.2572,7460520.0,
1753460980193,16:29:40.193,ALGO/USDT:USDT,0.2572,899.0,0.2573,61.0,0.2572,7460520.0,
1753460980336,16:29:40.336,ALGO/USDT:USDT,0.2572,899.0,0.2573,33.0,0.2573,7460548.0,
1753460980470,16:29:40.470,ALGO/USDT:USDT,0.2572,899.0,0.2573,33.0,0.2573,7460548.0,
1753460980678,16:29:40.678,ALGO/USDT:USDT,0.2573,1097.0,0.2574,8.0,0.2573,7460581.0,
1753460980790,16:29:40.790,ALGO/USDT:USDT,0.2573,1019.0,0.2574,516.0,0.2573,7460581.0,
1753460981241,16:29:41.241,ALGO/USDT:USDT,0.2573,250.0,0.2574,551.0,0.2573,7460581.0,
1753460981379,16:29:41.379,ALGO/USDT:USDT,0.2573,250.0,0.2574,503.0,0.2573,7460581.0,
1753460981487,16:29:41.487,ALGO/USDT:USDT,0.2573,330.0,0.2574,423.0,0.2573,7460581.0,
1753460981818,16:29:41.818,ALGO/USDT:USDT,0.2573,330.0,0.2574,423.0,0.2573,7460581.0,
1753460981921,16:29:41.921,ALGO/USDT:USDT,0.2573,250.0,0.2574,423.0,0.2573,7460581.0,
1753460982021,16:29:42.021,ALGO/USDT:USDT,0.2573,92.0,0.2574,2869.0,0.2573,7460581.0,
1753460982124,16:29:42.124,ALGO/USDT:USDT,0.2573,92.0,0.2574,1682.0,0.2573,7460581.0,
1753460982371,16:29:42.371,ALGO/USDT:USDT,0.2573,92.0,0.2574,1150.0,0.2573,7460581.0,
1753460982472,16:29:42.472,ALGO/USDT:USDT,0.2573,92.0,0.2574,1379.0,0.2573,7460581.0,
1753460982576,16:29:42.576,ALGO/USDT:USDT,0.2573,98.0,0.2574,1379.0,0.2573,7460581.0,
1753460982714,16:29:42.714,ALGO/USDT:USDT,0.2573,292.0,0.2574,641.0,0.2573,7460581.0,
1753460982817,16:29:42.817,ALGO/USDT:USDT,0.2573,372.0,0.2574,641.0,0.2573,7460581.0,
1753460982948,16:29:42.948,ALGO/USDT:USDT,0.2573,672.0,0.2574,552.0,0.2573,7460581.0,
1753460983092,16:29:43.092,ALGO/USDT:USDT,0.2573,672.0,0.2574,127.0,0.2573,7460581.0,
1753460983200,16:29:43.200,ALGO/USDT:USDT,0.2573,544.0,0.2574,357.0,0.2573,7460581.0,
1753460983317,16:29:43.317,ALGO/USDT:USDT,0.2573,544.0,0.2574,359.0,0.2573,7460581.0,
1753460983418,16:29:43.418,ALGO/USDT:USDT,0.2573,124.0,0.2574,487.0,0.2573,7460581.0,
1753460983676,16:29:43.676,ALGO/USDT:USDT,0.2573,305.0,0.2574,78.0,0.2573,7460581.0,
1753460983777,16:29:43.777,ALGO/USDT:USDT,0.2573,225.0,0.2574,78.0,0.2573,7460581.0,
1753460983919,16:29:43.919,ALGO/USDT:USDT,0.2573,525.0,0.2574,78.0,0.2573,7460581.0,
1753460984072,16:29:44.072,ALGO/USDT:USDT,0.2573,180.0,0.2574,498.0,0.2573,7460581.0,
1753460984217,16:29:44.217,ALGO/USDT:USDT,0.2573,172.0,0.2574,577.0,0.2573,7460581.0,
1753460984676,16:29:44.676,ALGO/USDT:USDT,0.2573,175.0,0.2574,577.0,0.2573,7460581.0,
1753460985217,16:29:45.217,ALGO/USDT:USDT,0.2573,303.0,0.2574,577.0,0.2573,7460581.0,
1753460985319,16:29:45.319,ALGO/USDT:USDT,0.2573,549.0,0.2574,79.0,0.2573,7460581.0,
1753460985814,16:29:45.814,ALGO/USDT:USDT,0.2573,769.0,0.2574,79.0,0.2573,7460581.0,
1753460986130,16:29:46.130,ALGO/USDT:USDT,0.2573,175.0,0.2574,568.0,0.2573,7460581.0,
1753460986232,16:29:46.232,ALGO/USDT:USDT,0.2573,43.0,0.2574,772.0,0.2573,7460581.0,
1753460986354,16:29:46.354,ALGO/USDT:USDT,0.2573,43.0,0.2574,1127.0,0.2574,7460739.0,
1753460986461,16:29:46.461,ALGO/USDT:USDT,0.2573,130.0,0.2574,1128.0,0.2574,7460739.0,
1753460986578,16:29:46.578,ALGO/USDT:USDT,0.2573,281.0,0.2574,554.0,0.2574,7460739.0,
1753460986691,16:29:46.691,ALGO/USDT:USDT,0.2573,123.0,0.2574,554.0,0.2574,7460739.0,
1753460986796,16:29:46.796,ALGO/USDT:USDT,0.2573,43.0,0.2574,1430.0,0.2574,7460739.0,
1753460987012,16:29:47.012,ALGO/USDT:USDT,0.2572,2045.0,0.2574,1430.0,0.2573,7460782.0,
1753460987118,16:29:47.118,ALGO/USDT:USDT,0.2572,70.0,0.2573,901.0,0.2573,7460782.0,
1753460987341,16:29:47.341,ALGO/USDT:USDT,0.2571,1268.0,0.2572,536.0,0.2572,7460852.0,
1753460987491,16:29:47.491,ALGO/USDT:USDT,0.2571,362.0,0.2572,675.0,0.2572,7460852.0,
1753460987621,16:29:47.621,ALGO/USDT:USDT,0.2571,442.0,0.2572,555.0,0.2572,7460852.0,
1753460987762,16:29:47.762,ALGO/USDT:USDT,0.2571,442.0,0.2572,259.0,0.2572,7460852.0,
1753460987898,16:29:47.898,ALGO/USDT:USDT,0.2571,442.0,0.2573,2547.0,0.2572,7460852.0,
1753460988122,16:29:48.122,ALGO/USDT:USDT,0.2571,442.0,0.2573,2470.0,0.2572,7460852.0,
1753460988236,16:29:48.236,ALGO/USDT:USDT,0.2571,442.0,0.2572,406.0,0.2572,7460852.0,
1753460988359,16:29:48.359,ALGO/USDT:USDT,0.2571,442.0,0.2572,416.0,0.2572,7460852.0,
1753460988490,16:29:48.490,ALGO/USDT:USDT,0.2571,442.0,0.2572,83.0,0.2572,7460852.0,
1753460988819,16:29:48.819,ALGO/USDT:USDT,0.2571,742.0,0.2572,1.0,0.2572,7460852.0,
1753460989091,16:29:49.091,ALGO/USDT:USDT,0.2571,868.0,0.2572,1.0,0.2572,7460852.0,
1753460989436,16:29:49.436,ALGO/USDT:USDT,0.2571,906.0,0.2572,1.0,0.2572,7460852.0,
1753460989583,16:29:49.583,ALGO/USDT:USDT,0.2571,907.0,0.2572,1.0,0.2572,7460852.0,
1753460989819,16:29:49.819,ALGO/USDT:USDT,0.2571,957.0,0.2572,1.0,0.2572,7460852.0,
1753460990174,16:29:50.174,ALGO/USDT:USDT,0.2572,867.0,0.2573,120.0,0.2572,7460852.0,
1753460990418,16:29:50.418,ALGO/USDT:USDT,0.2572,40.0,0.2573,756.0,0.2572,7460852.0,
1753460990538,16:29:50.538,ALGO/USDT:USDT,0.2572,40.0,0.2573,1089.0,0.2572,7460852.0,
1753460990675,16:29:50.675,ALGO/USDT:USDT,0.2572,334.0,0.2573,577.0,0.2572,7460852.0,
1753460991382,16:29:51.382,ALGO/USDT:USDT,0.2572,2.0,0.2573,656.0,0.2572,7460852.0,
1753460991489,16:29:51.489,ALGO/USDT:USDT,0.2572,79.0,0.2573,1588.0,0.2572,7460852.0,
1753460991617,16:29:51.617,ALGO/USDT:USDT,0.2572,81.0,0.2573,1601.0,0.2572,7460852.0,
1753460991723,16:29:51.723,ALGO/USDT:USDT,0.2572,344.0,0.2573,431.0,0.2572,7460852.0,
1753460991875,16:29:51.875,ALGO/USDT:USDT,0.2572,644.0,0.2573,431.0,0.2572,7460852.0,
1753460992086,16:29:52.086,ALGO/USDT:USDT,0.2572,518.0,0.2573,511.0,0.2572,7460852.0,
1753460992203,16:29:52.203,ALGO/USDT:USDT,0.2572,644.0,0.2573,511.0,0.2572,7460852.0,
1753460992520,16:29:52.520,ALGO/USDT:USDT,0.2572,644.0,0.2574,3121.0,0.2573,7460937.0,
1753460992672,16:29:52.672,ALGO/USDT:USDT,0.2573,418.0,0.2574,676.0,0.2573,7460937.0,
1753460992782,16:29:52.782,ALGO/USDT:USDT,0.2573,371.0,0.2574,710.0,0.2573,7460937.0,
1753460992912,16:29:52.912,ALGO/USDT:USDT,0.2573,375.0,0.2574,599.0,0.2573,7460937.0,
1753460993226,16:29:53.226,ALGO/USDT:USDT,0.2573,318.0,0.2574,676.0,0.2573,7460937.0,
1753460993599,16:29:53.599,ALGO/USDT:USDT,0.2573,373.0,0.2574,697.0,0.2573,7460937.0,
1753460993717,16:29:53.717,ALGO/USDT:USDT,0.2573,688.0,0.2574,697.0,0.2573,7460937.0,
1753460993823,16:29:53.823,ALGO/USDT:USDT,0.2573,816.0,0.2574,375.0,0.2573,7460937.0,
1753460993972,16:29:53.972,ALGO/USDT:USDT,0.2573,816.0,0.2574,129.0,0.2573,7460937.0,
1753460994214,16:29:54.214,ALGO/USDT:USDT,0.2573,2410.0,0.2575,1990.0,0.2574,7461351.0,
1753460994318,16:29:54.318,ALGO/USDT:USDT,0.2573,688.0,0.2574,118.0,0.2574,7461351.0,
1753460994429,16:29:54.429,ALGO/USDT:USDT,0.2574,120.0,0.2575,1613.0,0.2574,7461351.0,
1753460994715,16:29:54.715,ALGO/USDT:USDT,0.2574,136.0,0.2575,1613.0,0.2574,7461351.0,
1753460994871,16:29:54.871,ALGO/USDT:USDT,0.2574,18.0,0.2575,1593.0,0.2574,7461351.0,
1753460994972,16:29:54.972,ALGO/USDT:USDT,0.2574,18.0,0.2575,2123.0,0.2574,7461351.0,
1753460995113,16:29:55.113,ALGO/USDT:USDT,0.2574,18.0,0.2575,2174.0,0.2574,7461351.0,
1753460995221,16:29:55.221,ALGO/USDT:USDT,0.2574,18.0,0.2575,2046.0,0.2574,7461351.0,
1753460995331,16:29:55.331,ALGO/USDT:USDT,0.2574,168.0,0.2575,1516.0,0.2574,7461351.0,
1753460995772,16:29:55.772,ALGO/USDT:USDT,0.2574,18.0,0.2575,568.0,0.2574,7461351.0,
1753460995874,16:29:55.874,ALGO/USDT:USDT,0.2574,18.0,0.2575,1109.0,0.2574,7461351.0,
1753460996212,16:29:56.212,ALGO/USDT:USDT,0.2574,18.0,0.2575,1252.0,0.2574,7461351.0,
1753460996414,16:29:56.414,ALGO/USDT:USDT,0.2574,165.0,0.2575,643.0,0.2574,7461351.0,
1753460996515,16:29:56.515,ALGO/USDT:USDT,0.2574,247.0,0.2575,688.0,0.2574,7461351.0,
1753460996738,16:29:56.738,ALGO/USDT:USDT,0.2574,500.0,0.2575,571.0,0.2574,7461351.0,
1753460997422,16:29:57.422,ALGO/USDT:USDT,0.2574,580.0,0.2575,571.0,0.2574,7461351.0,
1753460998112,16:29:58.112,ALGO/USDT:USDT,0.2574,931.0,0.2575,71.0,0.2574,7461351.0,
1753460998423,16:29:58.423,ALGO/USDT:USDT,0.2574,1016.0,0.2575,71.0,0.2574,7461351.0,
1753460998778,16:29:58.778,ALGO/USDT:USDT,0.2574,931.0,0.2575,71.0,0.2574,7461351.0,
1753460999214,16:29:59.214,ALGO/USDT:USDT,0.2574,931.0,0.2575,71.0,0.2574,7461351.0,
1753460999419,16:29:59.419,ALGO/USDT:USDT,0.2574,1016.0,0.2575,71.0,0.2574,7461351.0,
1753460999526,16:29:59.526,ALGO/USDT:USDT,0.2574,580.0,0.2575,71.0,0.2574,7461351.0,
1753460999672,16:29:59.672,ALGO/USDT:USDT,0.2574,931.0,0.2575,71.0,0.2574,7461351.0,
1753460999783,16:29:59.783,ALGO/USDT:USDT,0.2574,935.0,0.2575,71.0,0.2574,7461351.0,
1753460999913,16:29:59.913,ALGO/USDT:USDT,0.2574,1020.0,0.2575,71.0,0.2574,7461351.0,
1753461000121,16:30:00.121,ALGO/USDT:USDT,0.2574,1020.0,0.2575,71.0,0.2574,7448017.0,
1753461000222,16:30:00.222,ALGO/USDT:USDT,0.2574,353.0,0.2575,1050.0,0.2574,7448017.0,
1753461000323,16:30:00.323,ALGO/USDT:USDT,0.2574,355.0,0.2575,1520.0,0.2574,7448017.0,
1753461000574,16:30:00.574,ALGO/USDT:USDT,0.2574,355.0,0.2575,1443.0,0.2574,7448017.0,
1753461000700,16:30:00.700,ALGO/USDT:USDT,0.2574,649.0,0.2575,345.0,0.2574,7448017.0,
1753461000816,16:30:00.816,ALGO/USDT:USDT,0.2574,649.0,0.2575,74.0,0.2574,7448017.0,
1753461000917,16:30:00.917,ALGO/USDT:USDT,0.2574,564.0,0.2575,74.0,0.2574,7448017.0,
1753461001018,16:30:01.018,ALGO/USDT:USDT,0.2574,513.0,0.2575,366.0,0.2574,7448017.0,
1753461001263,16:30:01.263,ALGO/USDT:USDT,0.2574,666.0,0.2575,154.0,0.2574,7448017.0,
1753461001393,16:30:01.393,ALGO/USDT:USDT,0.2574,668.0,0.2575,156.0,0.2574,7448017.0,
1753461001496,16:30:01.496,ALGO/USDT:USDT,0.2574,668.0,0.2575,7.0,0.2574,7448017.0,
1753461001714,16:30:01.714,ALGO/USDT:USDT,0.2574,1223.0,0.2575,7.0,0.2574,7448017.0,
1753461001919,16:30:01.919,ALGO/USDT:USDT,0.2574,1085.0,0.2575,74.0,0.2574,7448017.0,
1753461002023,16:30:02.023,ALGO/USDT:USDT,0.2574,1087.0,0.2575,5.0,0.2574,7448017.0,
1753461002286,16:30:02.286,ALGO/USDT:USDT,0.2574,1223.0,0.2575,5.0,0.2574,7448017.0,
1753461002417,16:30:02.417,ALGO/USDT:USDT,0.2574,1261.0,0.2575,5.0,0.2574,7448017.0,
1753461002775,16:30:02.775,ALGO/USDT:USDT,0.2574,1261.0,0.2575,5.0,0.2574,7448017.0,
1753461003123,16:30:03.123,ALGO/USDT:USDT,0.2574,818.0,0.2575,5.0,0.2574,7448024.0,
1753461003261,16:30:03.261,ALGO/USDT:USDT,0.2574,818.0,0.2575,210.0,0.2574,7448024.0,
1753461003612,16:30:03.612,ALGO/USDT:USDT,0.2574,818.0,0.2575,589.0,0.2574,7448024.0,
1753461003714,16:30:03.714,ALGO/USDT:USDT,0.2574,818.0,0.2575,5.0,0.2574,7448024.0,
1753461003817,16:30:03.817,ALGO/USDT:USDT,0.2574,949.0,0.2575,5.0,0.2574,7448024.0,
1753461004019,16:30:04.019,ALGO/USDT:USDT,0.2575,624.0,0.2576,636.0,0.2575,7448029.0,
1753461004130,16:30:04.130,ALGO/USDT:USDT,0.2575,542.0,0.2576,638.0,0.2575,7448029.0,
1753461004250,16:30:04.250,ALGO/USDT:USDT,0.2575,493.0,0.2576,541.0,0.2576,7448126.0,
1753461004367,16:30:04.367,ALGO/USDT:USDT,0.2575,555.0,0.2576,323.0,0.2576,7448154.0,
1753461004486,16:30:04.486,ALGO/USDT:USDT,0.2575,555.0,0.2576,379.0,0.2576,7448154.0,
1753461004612,16:30:04.612,ALGO/USDT:USDT,0.2575,683.0,0.2576,323.0,0.2576,7448154.0,
1753461004716,16:30:04.716,ALGO/USDT:USDT,0.2575,683.0,0.2576,246.0,0.2576,7448154.0,
1753461004816,16:30:04.816,ALGO/USDT:USDT,0.2575,600.0,0.2576,246.0,0.2575,7448157.0,
1753461004917,16:30:04.917,ALGO/USDT:USDT,0.2574,4978.0,0.2576,487.0,0.2574,7448762.0,
1753461005019,16:30:05.019,ALGO/USDT:USDT,0.2574,2772.0,0.2576,2702.0,0.2574,7448762.0,
1753461005268,16:30:05.268,ALGO/USDT:USDT,0.2575,81.0,0.2576,646.0,0.2574,7448762.0,
1753461005414,16:30:05.414,ALGO/USDT:USDT,0.2575,508.0,0.2576,646.0,0.2574,7448762.0,
1753461005515,16:30:05.515,ALGO/USDT:USDT,0.2575,565.0,0.2576,750.0,0.2574,7448762.0,
1753461005625,16:30:05.625,ALGO/USDT:USDT,0.2575,512.0,0.2576,675.0,0.2574,7448762.0,
1753461005734,16:30:05.734,ALGO/USDT:USDT,0.2575,512.0,0.2576,375.0,0.2574,7448762.0,
1753461005870,16:30:05.870,ALGO/USDT:USDT,0.2575,565.0,0.2576,375.0,0.2574,7448762.0,
1753461005981,16:30:05.981,ALGO/USDT:USDT,0.2575,420.0,0.2576,593.0,0.2574,7448762.0,
1753461006085,16:30:06.085,ALGO/USDT:USDT,0.2575,340.0,0.2576,452.0,0.2574,7448762.0,
1753461006192,16:30:06.192,ALGO/USDT:USDT,0.2575,509.0,0.2576,452.0,0.2574,7448762.0,
1753461006522,16:30:06.522,ALGO/USDT:USDT,0.2575,562.0,0.2576,452.0,0.2574,7448762.0,
1753461007012,16:30:07.012,ALGO/USDT:USDT,0.2575,340.0,0.2576,546.0,0.2574,7448762.0,
1753461007116,16:30:07.116,ALGO/USDT:USDT,0.2575,4.0,0.2576,623.0,0.2574,7448762.0,
1753461007317,16:30:07.317,ALGO/USDT:USDT,0.2575,4.0,0.2576,535.0,0.2574,7448762.0,
1753461007418,16:30:07.418,ALGO/USDT:USDT,0.2575,4.0,0.2576,623.0,0.2574,7448762.0,
1753461007520,16:30:07.520,ALGO/USDT:USDT,0.2575,2.0,0.2576,971.0,0.2575,7448764.0,
1753461007642,16:30:07.642,ALGO/USDT:USDT,0.2575,2.0,0.2576,1023.0,0.2575,7448764.0,
1753461007874,16:30:07.874,ALGO/USDT:USDT,0.2575,2.0,0.2576,1642.0,0.2575,7448764.0,
1753461008116,16:30:08.116,ALGO/USDT:USDT,0.2575,83.0,0.2576,1511.0,0.2575,7448764.0,
1753461008325,16:30:08.325,ALGO/USDT:USDT,0.2575,83.0,0.2576,1709.0,0.2575,7448764.0,
1753461008431,16:30:08.431,ALGO/USDT:USDT,0.2575,83.0,0.2576,1761.0,0.2575,7448764.0,
1753461008745,16:30:08.745,ALGO/USDT:USDT,0.2575,83.0,0.2576,1709.0,0.2575,7448764.0,
1753461009202,16:30:09.202,ALGO/USDT:USDT,0.2575,83.0,0.2576,1857.0,0.2575,7448764.0,
1753461009304,16:30:09.304,ALGO/USDT:USDT,0.2575,83.0,0.2576,1909.0,0.2575,7448764.0,
1753461009407,16:30:09.407,ALGO/USDT:USDT,0.2575,2.0,0.2576,1909.0,0.2575,7448764.0,
1753461009509,16:30:09.509,ALGO/USDT:USDT,0.2574,456.0,0.2576,2845.0,0.2575,7448764.0,
1753461009727,16:30:09.727,ALGO/USDT:USDT,0.2574,361.0,0.2575,559.0,0.2575,7448764.0,
1753461009853,16:30:09.853,ALGO/USDT:USDT,0.2574,441.0,0.2575,559.0,0.2575,7448764.0,
1753461010083,16:30:10.083,ALGO/USDT:USDT,0.2575,120.0,0.2576,1726.0,0.2575,7448764.0,
1753461010214,16:30:10.214,ALGO/USDT:USDT,0.2575,120.0,0.2576,1814.0,0.2575,7448764.0,
1753461010420,16:30:10.420,ALGO/USDT:USDT,0.2575,120.0,0.2576,1238.0,0.2576,7449254.0,
1753461010522,16:30:10.522,ALGO/USDT:USDT,0.2575,164.0,0.2576,1353.0,0.2576,7449254.0,
1753461010622,16:30:10.622,ALGO/USDT:USDT,0.2574,2269.0,0.2576,1547.0,0.2575,7449418.0,
1753461010830,16:30:10.830,ALGO/USDT:USDT,0.2574,2.0,0.2575,957.0,0.2574,7449438.0,
1753461010961,16:30:10.961,ALGO/USDT:USDT,0.2573,1696.0,0.2574,81.0,0.2574,7449438.0,
1753461011113,16:30:11.113,ALGO/USDT:USDT,0.2574,332.0,0.2575,1668.0,0.2575,7449443.0,
1753461011221,16:30:11.221,ALGO/USDT:USDT,0.2574,332.0,0.2575,741.0,0.2575,7449443.0,
1753461011368,16:30:11.368,ALGO/USDT:USDT,0.2574,373.0,0.2575,823.0,0.2575,7449448.0,
1753461011472,16:30:11.472,ALGO/USDT:USDT,0.2574,373.0,0.2575,499.0,0.2575,7449448.0,
1753461012071,16:30:12.071,ALGO/USDT:USDT,0.2574,366.0,0.2575,499.0,0.2574,7449455.0,
1753461012312,16:30:12.312,ALGO/USDT:USDT,0.2574,784.0,0.2575,515.0,0.2574,7449455.0,
1753461012415,16:30:12.415,ALGO/USDT:USDT,0.2574,869.0,0.2575,397.0,0.2574,7449455.0,
1753461012517,16:30:12.517,ALGO/USDT:USDT,0.2574,1169.0,0.2575,397.0,0.2574,7449455.0,
1753461013114,16:30:13.114,ALGO/USDT:USDT,0.2574,1169.0,0.2575,396.0,0.2574,7449455.0,
1753461013369,16:30:13.369,ALGO/USDT:USDT,0.2574,1207.0,0.2575,396.0,0.2574,7449455.0,
1753461013476,16:30:13.476,ALGO/USDT:USDT,0.2574,1071.0,0.2575,396.0,0.2574,7449455.0,
1753461013973,16:30:13.973,ALGO/USDT:USDT,0.2574,40.0,0.2575,789.0,0.2574,7449455.0,
1753461014315,16:30:14.315,ALGO/USDT:USDT,0.2573,1333.0,0.2575,1278.0,0.2574,7449455.0,
1753461014535,16:30:14.535,ALGO/USDT:USDT,0.2573,1510.0,0.2575,1531.0,0.2574,7449455.0,
1753461014673,16:30:14.673,ALGO/USDT:USDT,0.2573,1646.0,0.2575,1395.0,0.2574,7449455.0,
1753461014774,16:30:14.774,ALGO/USDT:USDT,0.2573,385.0,0.2574,81.0,0.2574,7449455.0,
1753461015014,16:30:15.014,ALGO/USDT:USDT,0.2573,385.0,0.2574,113.0,0.2574,7449455.0,
1753461015375,16:30:15.375,ALGO/USDT:USDT,0.2573,423.0,0.2574,113.0,0.2574,7449455.0,
1753461015500,16:30:15.500,ALGO/USDT:USDT,0.2573,861.0,0.2574,19.0,0.2574,7449468.0,
1753461015612,16:30:15.612,ALGO/USDT:USDT,0.2573,776.0,0.2574,19.0,0.2574,7449468.0,
1753461015717,16:30:15.717,ALGO/USDT:USDT,0.2573,859.0,0.2574,21.0,0.2574,7449468.0,
1753461015817,16:30:15.817,ALGO/USDT:USDT,0.2573,725.0,0.2574,21.0,0.2574,7449468.0,
1753461016019,16:30:16.019,ALGO/USDT:USDT,0.2573,425.0,0.2574,101.0,0.2574,7449468.0,
1753461016128,16:30:16.128,ALGO/USDT:USDT,0.2573,425.0,0.2574,232.0,0.2574,7449468.0,
1753461016512,16:30:16.512,ALGO/USDT:USDT,0.2573,808.0,0.2574,21.0,0.2574,7449468.0,
1753461016613,16:30:16.613,ALGO/USDT:USDT,0.2573,858.0,0.2574,21.0,0.2574,7449468.0,
1753461016992,16:30:16.992,ALGO/USDT:USDT,0.2573,46.0,0.2574,533.0,0.2574,7449468.0,
1753461017114,16:30:17.114,ALGO/USDT:USDT,0.2573,283.0,0.2574,533.0,0.2574,7449468.0,
1753461017214,16:30:17.214,ALGO/USDT:USDT,0.2573,374.0,0.2574,400.0,0.2574,7449468.0,
1753461017321,16:30:17.321,ALGO/USDT:USDT,0.2573,454.0,0.2574,19.0,0.2574,7449468.0,
1753461017427,16:30:17.427,ALGO/USDT:USDT,0.2573,549.0,0.2574,21.0,0.2574,7449468.0,
1753461017681,16:30:17.681,ALGO/USDT:USDT,0.2573,716.0,0.2574,21.0,0.2574,7449468.0,
1753461018019,16:30:18.019,ALGO/USDT:USDT,0.2573,716.0,0.2574,322.0,0.2574,7449468.0,
1753461018162,16:30:18.162,ALGO/USDT:USDT,0.2573,716.0,0.2574,21.0,0.2574,7449468.0,
1753461018412,16:30:18.412,ALGO/USDT:USDT,0.2573,849.0,0.2574,21.0,0.2574,7449468.0,
1753461019328,16:30:19.328,ALGO/USDT:USDT,0.2573,887.0,0.2574,21.0,0.2574,7449468.0,
1753461019431,16:30:19.431,ALGO/USDT:USDT,0.2574,802.0,0.2575,443.0,0.2574,7449489.0,
1753461019543,16:30:19.543,ALGO/USDT:USDT,0.2574,800.0,0.2575,364.0,0.2574,7449489.0,
1753461019670,16:30:19.670,ALGO/USDT:USDT,0.2574,719.0,0.2575,364.0,0.2574,7449489.0,
1753461020315,16:30:20.315,ALGO/USDT:USDT,0.2573,2173.0,0.2574,79.0,0.2574,7449503.0,
1753461020421,16:30:20.421,ALGO/USDT:USDT,0.2573,2241.0,0.2574,8.0,0.2574,7449503.0,
1753461020554,16:30:20.554,ALGO/USDT:USDT,0.2573,724.0,0.2574,8.0,0.2574,7449503.0,
1753461021394,16:30:21.394,ALGO/USDT:USDT,0.2573,873.0,0.2574,8.0,0.2574,7449503.0,
1753461021516,16:30:21.516,ALGO/USDT:USDT,0.2573,874.0,0.2574,8.0,0.2574,7449503.0,
1753461021721,16:30:21.721,ALGO/USDT:USDT,0.2573,749.0,0.2574,8.0,0.2574,7449503.0,
1753461021863,16:30:21.863,ALGO/USDT:USDT,0.2573,449.0,0.2574,8.0,0.2574,7449503.0,
1753461021969,16:30:21.969,ALGO/USDT:USDT,0.2573,369.0,0.2574,290.0,0.2574,7449503.0,
1753461022085,16:30:22.085,ALGO/USDT:USDT,0.2573,276.0,0.2574,356.0,0.2574,7449503.0,
1753461022197,16:30:22.197,ALGO/USDT:USDT,0.2573,33.0,0.2574,696.0,0.2574,7449503.0,
1753461022312,16:30:22.312,ALGO/USDT:USDT,0.2573,33.0,0.2574,813.0,0.2574,7449503.0,
1753461022414,16:30:22.414,ALGO/USDT:USDT,0.2573,9.0,0.2574,1139.0,0.2574,7449503.0,
1753461023585,16:30:23.585,ALGO/USDT:USDT,0.2572,418.0,0.2573,159.0,0.2573,7449510.0,
1753461023710,16:30:23.710,ALGO/USDT:USDT,0.2572,400.0,0.2573,281.0,0.2573,7449510.0,
1753461023812,16:30:23.812,ALGO/USDT:USDT,0.2572,400.0,0.2573,161.0,0.2573,7449510.0,
1753461023916,16:30:23.916,ALGO/USDT:USDT,0.2572,400.0,0.2573,283.0,0.2573,7449510.0,
1753461024022,16:30:24.022,ALGO/USDT:USDT,0.2572,3016.0,0.2574,1052.0,0.2573,7449510.0,
1753461024127,16:30:24.127,ALGO/USDT:USDT,0.2573,334.0,0.2574,770.0,0.2573,7449510.0,
1753461024279,16:30:24.279,ALGO/USDT:USDT,0.2573,243.0,0.2574,770.0,0.2573,7449510.0,
1753461024521,16:30:24.521,ALGO/USDT:USDT,0.2573,243.0,0.2574,693.0,0.2573,7449510.0,
1753461024758,16:30:24.758,ALGO/USDT:USDT,0.2572,439.0,0.2574,1611.0,0.2573,7449510.0,
1753461024899,16:30:24.899,ALGO/USDT:USDT,0.2572,400.0,0.2573,502.0,0.2573,7449510.0,
1753461025020,16:30:25.020,ALGO/USDT:USDT,0.2572,400.0,0.2573,504.0,0.2573,7449510.0,
1753461025126,16:30:25.126,ALGO/USDT:USDT,0.2572,400.0,0.2573,540.0,0.2573,7449510.0,
1753461025715,16:30:25.715,ALGO/USDT:USDT,0.2572,400.0,0.2573,494.0,0.2573,7449510.0,
1753461025932,16:30:25.932,ALGO/USDT:USDT,0.2572,400.0,0.2573,540.0,0.2573,7449510.0,
1753461026046,16:30:26.046,ALGO/USDT:USDT,0.2572,320.0,0.2573,540.0,0.2573,7449510.0,
1753461026187,16:30:26.187,ALGO/USDT:USDT,0.2572,17.0,0.2573,600.0,0.2573,7449510.0,
1753461026413,16:30:26.413,ALGO/USDT:USDT,0.2572,434.0,0.2573,478.0,0.2573,7449510.0,
1753461026514,16:30:26.514,ALGO/USDT:USDT,0.2572,480.0,0.2573,418.0,0.2573,7449510.0,
1753461026717,16:30:26.717,ALGO/USDT:USDT,0.2572,481.0,0.2573,38.0,0.2573,7449510.0,
1753461026854,16:30:26.854,ALGO/USDT:USDT,0.2572,435.0,0.2573,118.0,0.2573,7449510.0,
1753461027063,16:30:27.063,ALGO/USDT:USDT,0.2572,557.0,0.2573,38.0,0.2573,7449510.0,
1753461027417,16:30:27.417,ALGO/USDT:USDT,0.2572,857.0,0.2573,38.0,0.2573,7449510.0,
1753461027675,16:30:27.675,ALGO/USDT:USDT,0.2572,857.0,0.2573,27.0,0.2573,7449521.0,
1753461028015,16:30:28.015,ALGO/USDT:USDT,0.2572,781.0,0.2573,27.0,0.2573,7449521.0,
1753461028118,16:30:28.118,ALGO/USDT:USDT,0.2572,855.0,0.2573,27.0,0.2573,7449521.0,
1753461028219,16:30:28.219,ALGO/USDT:USDT,0.2572,435.0,0.2573,27.0,0.2573,7449521.0,
1753461028372,16:30:28.372,ALGO/USDT:USDT,0.2572,504.0,0.2573,27.0,0.2573,7449521.0,
1753461028826,16:30:28.826,ALGO/USDT:USDT,0.2572,578.0,0.2573,27.0,0.2573,7449521.0,
1753461029083,16:30:29.083,ALGO/USDT:USDT,0.2572,504.0,0.2573,27.0,0.2573,7449521.0,
1753461029312,16:30:29.312,ALGO/USDT:USDT,0.2572,804.0,0.2573,30.0,0.2573,7449521.0,
1753461030214,16:30:30.214,ALGO/USDT:USDT,0.2572,897.0,0.2573,30.0,0.2573,7449521.0,
1753461030472,16:30:30.472,ALGO/USDT:USDT,0.2572,971.0,0.2573,30.0,0.2573,7449521.0,
1753461030574,16:30:30.574,ALGO/USDT:USDT,0.2572,972.0,0.2573,30.0,0.2573,7449521.0,
1753461030917,16:30:30.917,ALGO/USDT:USDT,0.2572,898.0,0.2573,30.0,0.2573,7449521.0,
1753461031284,16:30:31.284,ALGO/USDT:USDT,0.2572,387.0,0.2573,828.0,0.2573,7449521.0,
1753461031423,16:30:31.423,ALGO/USDT:USDT,0.2572,557.0,0.2573,785.0,0.2573,7449521.0,
1753461031773,16:30:31.773,ALGO/USDT:USDT,0.2572,138.0,0.2573,880.0,0.2573,7449521.0,
1753461031900,16:30:31.900,ALGO/USDT:USDT,0.2572,138.0,0.2573,887.0,0.2573,7449521.0,
1753461032115,16:30:32.115,ALGO/USDT:USDT,0.2572,138.0,0.2573,1061.0,0.2573,7449521.0,
1753461032215,16:30:32.215,ALGO/USDT:USDT,0.2572,136.0,0.2573,997.0,0.2573,7449533.0,
1753461032338,16:30:32.338,ALGO/USDT:USDT,0.2572,194.0,0.2573,924.0,0.2573,7449533.0,
1753461032475,16:30:32.475,ALGO/USDT:USDT,0.2572,282.0,0.2573,880.0,0.2573,7449533.0,
1753461032705,16:30:32.705,ALGO/USDT:USDT,0.2572,114.0,0.2573,997.0,0.2573,7449533.0,
1753461033741,16:30:33.741,ALGO/USDT:USDT,0.2572,196.0,0.2573,953.0,0.2573,7449533.0,
1753461033859,16:30:33.859,ALGO/USDT:USDT,0.2572,196.0,0.2573,1111.0,0.2573,7449533.0,
1753461033978,16:30:33.978,ALGO/USDT:USDT,0.2572,114.0,0.2573,1186.0,0.2573,7449533.0,
1753461034086,16:30:34.086,ALGO/USDT:USDT,0.2572,114.0,0.2573,1230.0,0.2573,7449533.0,
1753461034430,16:30:34.430,ALGO/USDT:USDT,0.2572,276.0,0.2573,1113.0,0.2573,7449533.0,
1753461034553,16:30:34.553,ALGO/USDT:USDT,0.2572,276.0,0.2573,562.0,0.2573,7449533.0,
1753461034673,16:30:34.673,ALGO/USDT:USDT,0.2572,527.0,0.2573,512.0,0.2573,7449533.0,
1753461034911,16:30:34.911,ALGO/USDT:USDT,0.2572,527.0,0.2573,519.0,0.2573,7449533.0,
1753461035123,16:30:35.123,ALGO/USDT:USDT,0.2572,194.0,0.2573,994.0,0.2573,7449533.0,
1753461035226,16:30:35.226,ALGO/USDT:USDT,0.2572,114.0,0.2573,994.0,0.2573,7449533.0,
1753461035448,16:30:35.448,ALGO/USDT:USDT,0.2571,760.0,0.2572,82.0,0.2572,7449649.0,
1753461035556,16:30:35.556,ALGO/USDT:USDT,0.2571,427.0,0.2572,251.0,0.2572,7449649.0,
1753461035684,16:30:35.684,ALGO/USDT:USDT,0.2571,427.0,0.2572,207.0,0.2572,7449649.0,
1753461035930,16:30:35.930,ALGO/USDT:USDT,0.2571,426.0,0.2572,209.0,0.2572,7449649.0,
1753461036278,16:30:36.278,ALGO/USDT:USDT,0.2571,880.0,0.2573,2444.0,0.2572,7449649.0,
1753461036416,16:30:36.416,ALGO/USDT:USDT,0.2571,880.0,0.2573,2253.0,0.2572,7449649.0,
1753461036524,16:30:36.524,ALGO/USDT:USDT,0.2571,842.0,0.2573,2253.0,0.2572,7449649.0,
1753461036627,16:30:36.627,ALGO/USDT:USDT,0.2571,424.0,0.2572,80.0,0.2572,7449649.0,
1753461037017,16:30:37.017,ALGO/USDT:USDT,0.2571,428.0,0.2572,382.0,0.2572,7449649.0,
1753461037512,16:30:37.512,ALGO/USDT:USDT,0.2571,428.0,0.2572,760.0,0.2572,7449649.0,
1753461037614,16:30:37.614,ALGO/USDT:USDT,0.2571,86.0,0.2572,884.0,0.2572,7449649.0,
1753461037842,16:30:37.842,ALGO/USDT:USDT,0.2571,86.0,0.2572,810.0,0.2572,7449649.0,
1753461037977,16:30:37.977,ALGO/USDT:USDT,0.2571,4.0,0.2572,922.0,0.2572,7449649.0,
1753461038211,16:30:38.211,ALGO/USDT:USDT,0.2571,4.0,0.2572,1043.0,0.2572,7449649.0,
1753461039314,16:30:39.314,ALGO/USDT:USDT,0.257,331.0,0.2571,499.0,0.2571,7449653.0,
1753461039760,16:30:39.760,ALGO/USDT:USDT,0.257,277.0,0.2571,866.0,0.2571,7449653.0,
1753461039894,16:30:39.894,ALGO/USDT:USDT,0.257,196.0,0.2571,866.0,0.2571,7449653.0,
1753461040219,16:30:40.219,ALGO/USDT:USDT,0.257,902.0,0.2571,427.0,0.2571,7449653.0,
1753461040431,16:30:40.431,ALGO/USDT:USDT,0.257,815.0,0.2571,427.0,0.2571,7449653.0,
1753461040787,16:30:40.787,ALGO/USDT:USDT,0.257,515.0,0.2571,579.0,0.2571,7449653.0,
1753461041015,16:30:41.015,ALGO/USDT:USDT,0.257,1.0,0.2571,677.0,0.2571,7449653.0,
1753461041272,16:30:41.272,ALGO/USDT:USDT,0.257,1.0,0.2571,977.0,0.2571,7449653.0,
1753461041406,16:30:41.406,ALGO/USDT:USDT,0.257,1.0,0.2571,677.0,0.2571,7449653.0,
1753461041515,16:30:41.515,ALGO/USDT:USDT,0.257,163.0,0.2571,562.0,0.2571,7449653.0,
1753461041771,16:30:41.771,ALGO/USDT:USDT,0.257,83.0,0.2571,677.0,0.2571,7449653.0,
1753461042016,16:30:42.016,ALGO/USDT:USDT,0.257,211.0,0.2571,427.0,0.2571,7449653.0,
1753461042224,16:30:42.224,ALGO/USDT:USDT,0.257,511.0,0.2571,427.0,0.2571,7449653.0,
1753461042352,16:30:42.352,ALGO/USDT:USDT,0.257,511.0,0.2571,427.0,0.2571,7449653.0,
1753461042505,16:30:42.505,ALGO/USDT:USDT,0.257,583.0,0.2571,427.0,0.2571,7449653.0,
1753461042710,16:30:42.710,ALGO/USDT:USDT,0.257,511.0,0.2571,427.0,0.2571,7449653.0,
1753461042819,16:30:42.819,ALGO/USDT:USDT,0.257,468.0,0.2571,507.0,0.2571,7449653.0,
1753461042942,16:30:42.942,ALGO/USDT:USDT,0.257,468.0,0.2571,579.0,0.2571,7449653.0,
1753461043179,16:30:43.179,ALGO/USDT:USDT,0.257,468.0,0.2571,507.0,0.2571,7449653.0,
1753461043518,16:30:43.518,ALGO/USDT:USDT,0.257,468.0,0.2571,511.0,0.2571,7449653.0,
1753461043629,16:30:43.629,ALGO/USDT:USDT,0.257,583.0,0.2571,433.0,0.2571,7449653.0,
1753461043730,16:30:43.730,ALGO/USDT:USDT,0.2571,771.0,0.2572,305.0,0.2571,7450086.0,
1753461043878,16:30:43.878,ALGO/USDT:USDT,0.2571,912.0,0.2572,12.0,0.2571,7450086.0,
1753461044117,16:30:44.117,ALGO/USDT:USDT,0.2571,831.0,0.2572,12.0,0.2571,7450086.0,
1753461044236,16:30:44.236,ALGO/USDT:USDT,0.2571,912.0,0.2572,12.0,0.2571,7450086.0,
1753461044363,16:30:44.363,ALGO/USDT:USDT,0.2571,914.0,0.2572,12.0,0.2571,7450086.0,
1753461044465,16:30:44.465,ALGO/USDT:USDT,0.2571,914.0,0.2573,1604.0,0.2572,7450098.0,
1753461044584,16:30:44.584,ALGO/USDT:USDT,0.2572,717.0,0.2573,186.0,0.2572,7450098.0,
1753461044691,16:30:44.691,ALGO/USDT:USDT,0.2572,845.0,0.2573,38.0,0.2572,7450098.0,
1753461045018,16:30:45.018,ALGO/USDT:USDT,0.2572,766.0,0.2573,118.0,0.2572,7450098.0,
1753461045118,16:30:45.118,ALGO/USDT:USDT,0.2572,766.0,0.2573,38.0,0.2572,7450098.0,
1753461045527,16:30:45.527,ALGO/USDT:USDT,0.2572,724.0,0.2573,38.0,0.2572,7450098.0,
1753461045786,16:30:45.786,ALGO/USDT:USDT,0.2572,850.0,0.2573,38.0,0.2572,7450098.0,
1753461046120,16:30:46.120,ALGO/USDT:USDT,0.2572,771.0,0.2573,38.0,0.2572,7450098.0,
1753461046223,16:30:46.223,ALGO/USDT:USDT,0.2572,853.0,0.2573,38.0,0.2572,7450098.0,
1753461046372,16:30:46.372,ALGO/USDT:USDT,0.2572,877.0,0.2573,38.0,0.2572,7450098.0,
1753461047025,16:30:47.025,ALGO/USDT:USDT,0.2573,1033.0,0.2574,668.0,0.2573,7450136.0,
1753461047135,16:30:47.135,ALGO/USDT:USDT,0.2573,1111.0,0.2574,9.0,0.2573,7450136.0,
1753461047404,16:30:47.404,ALGO/USDT:USDT,0.2573,120.0,0.2574,509.0,0.2573,7450136.0,
1753461047517,16:30:47.517,ALGO/USDT:USDT,0.2572,1986.0,0.2574,1094.0,0.2573,7450136.0,
1753461047620,16:30:47.620,ALGO/USDT:USDT,0.2573,242.0,0.2574,510.0,0.2573,7450136.0,
1753461047748,16:30:47.748,ALGO/USDT:USDT,0.2573,161.0,0.2574,571.0,0.2573,7450136.0,
1753461047852,16:30:47.852,ALGO/USDT:USDT,0.2573,161.0,0.2574,556.0,0.2573,7450136.0,
1753461048317,16:30:48.317,ALGO/USDT:USDT,0.2573,163.0,0.2574,556.0,0.2573,7450136.0,
1753461048450,16:30:48.450,ALGO/USDT:USDT,0.2573,245.0,0.2574,556.0,0.2573,7450136.0,
1753461049021,16:30:49.021,ALGO/USDT:USDT,0.2573,592.0,0.2574,556.0,0.2573,7450136.0,
1753461049246,16:30:49.246,ALGO/USDT:USDT,0.2573,670.0,0.2574,556.0,0.2573,7450136.0,
1753461049351,16:30:49.351,ALGO/USDT:USDT,0.2573,916.0,0.2575,2371.0,0.2574,7450146.0,
1753461049484,16:30:49.484,ALGO/USDT:USDT,0.2574,785.0,0.2575,24.0,0.2574,7450146.0,
1753461049822,16:30:49.822,ALGO/USDT:USDT,0.2574,709.0,0.2575,350.0,0.2574,7450146.0,
1753461051005,16:30:51.005,ALGO/USDT:USDT,0.2574,785.0,0.2576,1922.0,0.2575,7450170.0,
1753461051118,16:30:51.118,ALGO/USDT:USDT,0.2575,663.0,0.2576,253.0,0.2575,7450170.0,
1753461051222,16:30:51.222,ALGO/USDT:USDT,0.2575,659.0,0.2576,290.0,0.2575,7450170.0,
1753461051526,16:30:51.526,ALGO/USDT:USDT,0.2575,655.0,0.2576,112.0,0.2575,7450170.0,
1753461051629,16:30:51.629,ALGO/USDT:USDT,0.2575,717.0,0.2576,112.0,0.2575,7450170.0,
1753461052087,16:30:52.087,ALGO/USDT:USDT,0.2575,1017.0,0.2577,2033.0,0.2576,7450282.0,
1753461052190,16:30:52.190,ALGO/USDT:USDT,0.2575,1069.0,0.2577,1860.0,0.2576,7450282.0,
1753461052326,16:30:52.326,ALGO/USDT:USDT,0.2575,1069.0,0.2577,1822.0,0.2576,7450282.0,
1753461052445,16:30:52.445,ALGO/USDT:USDT,0.2576,373.0,0.2577,1028.0,0.2576,7450282.0,
1753461052596,16:30:52.596,ALGO/USDT:USDT,0.2576,541.0,0.2577,683.0,0.2576,7450282.0,
1753461052727,16:30:52.727,ALGO/USDT:USDT,0.2576,466.0,0.2577,413.0,0.2576,7450282.0,
1753461052869,16:30:52.869,ALGO/USDT:USDT,0.2576,466.0,0.2577,490.0,0.2576,7450282.0,
1753461052973,16:30:52.973,ALGO/USDT:USDT,0.2575,1938.0,0.2577,1229.0,0.2576,7450282.0,
1753461053079,16:30:53.079,ALGO/USDT:USDT,0.2575,2082.0,0.2577,1452.0,0.2576,7450282.0,
1753461053205,16:30:53.205,ALGO/USDT:USDT,0.2575,983.0,0.2577,2187.0,0.2576,7450282.0,
1753461053314,16:30:53.314,ALGO/USDT:USDT,0.2576,81.0,0.2577,1613.0,0.2576,7450282.0,
1753461053416,16:30:53.416,ALGO/USDT:USDT,0.2575,659.0,0.2577,2148.0,0.2576,7450282.0,
1753461053795,16:30:53.795,ALGO/USDT:USDT,0.2575,641.0,0.2576,455.0,0.2576,7450282.0,
1753461053914,16:30:53.914,ALGO/USDT:USDT,0.2575,641.0,0.2576,382.0,0.2576,7450282.0,
1753461054023,16:30:54.023,ALGO/USDT:USDT,0.2575,641.0,0.2576,80.0,0.2576,7450282.0,
1753461054174,16:30:54.174,ALGO/USDT:USDT,0.2575,536.0,0.2576,557.0,0.2576,7450282.0,
1753461054513,16:30:54.513,ALGO/USDT:USDT,0.2574,4334.0,0.2576,657.0,0.2576,7450282.0,
1753461054613,16:30:54.613,ALGO/USDT:USDT,0.2574,1573.0,0.2576,1325.0,0.2576,7450282.0,
1753461055314,16:30:55.314,ALGO/USDT:USDT,0.2574,1693.0,0.2576,1064.0,0.2576,7450282.0,
1753461055415,16:30:55.415,ALGO/USDT:USDT,0.2575,80.0,0.2576,437.0,0.2576,7450282.0,
1753461055518,16:30:55.518,ALGO/USDT:USDT,0.2575,242.0,0.2576,437.0,0.2576,7450282.0,
1753461055771,16:30:55.771,ALGO/USDT:USDT,0.2575,616.0,0.2576,82.0,0.2576,7450282.0,
1753461056011,16:30:56.011,ALGO/USDT:USDT,0.2575,957.0,0.2577,2105.0,0.2576,7450282.0,
1753461056217,16:30:56.217,ALGO/USDT:USDT,0.2576,80.0,0.2577,1238.0,0.2576,7450282.0,
1753461056477,16:30:56.477,ALGO/USDT:USDT,0.2575,1809.0,0.2577,1848.0,0.2576,7450282.0,
1753461056714,16:30:56.714,ALGO/USDT:USDT,0.2575,499.0,0.2577,1968.0,0.2576,7450282.0,
1753461056918,16:30:56.918,ALGO/USDT:USDT,0.2575,574.0,0.2577,1771.0,0.2576,7450282.0,
1753461057018,16:30:57.018,ALGO/USDT:USDT,0.2575,874.0,0.2577,1771.0,0.2576,7450282.0,
1753461057371,16:30:57.371,ALGO/USDT:USDT,0.2575,874.0,0.2577,1893.0,0.2576,7450282.0,
1753461057609,16:30:57.609,ALGO/USDT:USDT,0.2575,1668.0,0.2577,1710.0,0.2576,7450282.0,
1753461057921,16:30:57.921,ALGO/USDT:USDT,0.2575,1623.0,0.2577,2134.0,0.2576,7450282.0,
1753461058034,16:30:58.034,ALGO/USDT:USDT,0.2575,799.0,0.2577,2211.0,0.2576,7450282.0,
1753461058174,16:30:58.174,ALGO/USDT:USDT,0.2575,499.0,0.2577,2211.0,0.2576,7450282.0,
1753461058518,16:30:58.518,ALGO/USDT:USDT,0.2575,544.0,0.2577,2134.0,0.2576,7450282.0,
1753461058620,16:30:58.620,ALGO/USDT:USDT,0.2575,544.0,0.2577,2211.0,0.2576,7450282.0,
1753461058733,16:30:58.733,ALGO/USDT:USDT,0.2575,499.0,0.2577,2211.0,0.2576,7450282.0,
1753461058863,16:30:58.863,ALGO/USDT:USDT,0.2575,619.0,0.2577,2136.0,0.2576,7450282.0,
1753461058988,16:30:58.988,ALGO/USDT:USDT,0.2575,919.0,0.2577,2091.0,0.2576,7450282.0,
1753461059105,16:30:59.105,ALGO/USDT:USDT,0.2575,919.0,0.2577,2014.0,0.2576,7450282.0,
1753461059320,16:30:59.320,ALGO/USDT:USDT,0.2576,863.0,0.2577,526.0,0.2576,7450282.0,
1753461059470,16:30:59.470,ALGO/USDT:USDT,0.2576,863.0,0.2577,334.0,0.2576,7450282.0,
1753461059574,16:30:59.574,ALGO/USDT:USDT,0.2576,863.0,0.2577,90.0,0.2576,7450282.0,
1753461060115,16:31:00.115,ALGO/USDT:USDT,0.2576,863.0,0.2577,90.0,0.2576,7446053.0,
1753461060317,16:31:00.317,ALGO/USDT:USDT,0.2576,579.0,0.2577,176.0,0.2576,7446053.0,
1753461060424,16:31:00.424,ALGO/USDT:USDT,0.2576,459.0,0.2577,170.0,0.2576,7446053.0,
1753461060639,16:31:00.639,ALGO/USDT:USDT,0.2575,2788.0,0.2577,931.0,0.2576,7446173.0,
1753461060892,16:31:00.892,ALGO/USDT:USDT,0.2575,494.0,0.2577,2259.0,0.2576,7446555.0,
1753461060995,16:31:00.995,ALGO/USDT:USDT,0.2575,496.0,0.2577,2259.0,0.2576,7446555.0,
1753461061113,16:31:01.113,ALGO/USDT:USDT,0.2576,256.0,0.2577,998.0,0.2576,7446555.0,
1753461061246,16:31:01.246,ALGO/USDT:USDT,0.2576,554.0,0.2577,525.0,0.2576,7446555.0,
1753461061461,16:31:01.461,ALGO/USDT:USDT,0.2576,854.0,0.2578,2874.0,0.2577,7446647.0,
1753461061606,16:31:01.606,ALGO/USDT:USDT,0.2577,336.0,0.2578,1769.0,0.2577,7446647.0,
1753461061812,16:31:01.812,ALGO/USDT:USDT,0.2576,3497.0,0.2578,1846.0,0.2577,7446647.0,
1753461061914,16:31:01.914,ALGO/USDT:USDT,0.2576,441.0,0.2578,2861.0,0.2577,7446647.0,
1753461062015,16:31:02.015,ALGO/USDT:USDT,0.2577,256.0,0.2578,2001.0,0.2577,7446647.0,
1753461062116,16:31:02.116,ALGO/USDT:USDT,0.2577,256.0,0.2578,1769.0,0.2577,7446647.0,
1753461062373,16:31:02.373,ALGO/USDT:USDT,0.2576,1444.0,0.2578,2970.0,0.2577,7446647.0,
1753461062476,16:31:02.476,ALGO/USDT:USDT,0.2576,445.0,0.2578,2970.0,0.2577,7446647.0,
1753461062819,16:31:02.819,ALGO/USDT:USDT,0.2577,80.0,0.2578,2893.0,0.2577,7446647.0,
1753461062934,16:31:02.934,ALGO/USDT:USDT,0.2577,554.0,0.2578,723.0,0.2577,7446647.0,
1753461063035,16:31:03.035,ALGO/USDT:USDT,0.2577,677.0,0.2578,97.0,0.2577,7446647.0,
1753461063174,16:31:03.174,ALGO/USDT:USDT,0.2577,600.0,0.2578,97.0,0.2577,7446647.0,
1753461063290,16:31:03.290,ALGO/USDT:USDT,0.2577,677.0,0.2578,97.0,0.2577,7446647.0,
1753461064032,16:31:04.032,ALGO/USDT:USDT,0.2578,1014.0,0.2579,552.0,0.2578,7446676.0,
1753461064177,16:31:04.177,ALGO/USDT:USDT,0.2578,1014.0,0.2579,472.0,0.2578,7446676.0,
1753461064617,16:31:04.617,ALGO/USDT:USDT,0.2578,1088.0,0.2579,29.0,0.2578,7446676.0,
1753461064820,16:31:04.820,ALGO/USDT:USDT,0.2578,1088.0,0.258,2031.0,0.2579,7446705.0,
1753461064927,16:31:04.927,ALGO/USDT:USDT,0.2579,714.0,0.258,807.0,0.2579,7446705.0,
1753461065038,16:31:05.038,ALGO/USDT:USDT,0.2579,668.0,0.258,788.0,0.2579,7446705.0,
1753461065177,16:31:05.177,ALGO/USDT:USDT,0.2579,126.0,0.258,954.0,0.2579,7446705.0,
1753461065283,16:31:05.283,ALGO/USDT:USDT,0.2578,1818.0,0.258,1406.0,0.2579,7446705.0,
1753461065417,16:31:05.417,ALGO/USDT:USDT,0.2578,1891.0,0.258,1599.0,0.2579,7446705.0,
1753461065527,16:31:05.527,ALGO/USDT:USDT,0.2579,82.0,0.258,1147.0,0.2579,7446705.0,
1753461065631,16:31:05.631,ALGO/USDT:USDT,0.2579,159.0,0.258,1061.0,0.2579,7446705.0,
1753461065735,16:31:05.735,ALGO/USDT:USDT,0.2579,161.0,0.258,1061.0,0.2579,7446705.0,
1753461065859,16:31:05.859,ALGO/USDT:USDT,0.2579,376.0,0.258,481.0,0.2579,7446705.0,
1753461066002,16:31:06.002,ALGO/USDT:USDT,0.2579,161.0,0.258,805.0,0.2579,7446705.0,
1753461066105,16:31:06.105,ALGO/USDT:USDT,0.2578,1822.0,0.258,1703.0,0.2579,7446705.0,
1753461066218,16:31:06.218,ALGO/USDT:USDT,0.2579,232.0,0.258,962.0,0.2579,7446705.0,
1753461066321,16:31:06.321,ALGO/USDT:USDT,0.2579,236.0,0.258,962.0,0.2579,7446705.0,
1753461066422,16:31:06.422,ALGO/USDT:USDT,0.2579,632.0,0.258,93.0,0.2579,7446705.0,
1753461066674,16:31:06.674,ALGO/USDT:USDT,0.2579,559.0,0.258,93.0,0.2579,7446705.0,
1753461066811,16:31:06.811,ALGO/USDT:USDT,0.2579,632.0,0.258,93.0,0.2579,7446705.0,
1753461066913,16:31:06.913,ALGO/USDT:USDT,0.2579,932.0,0.258,93.0,0.2579,7446705.0,
1753461067115,16:31:07.115,ALGO/USDT:USDT,0.2579,927.0,0.258,26.0,0.2579,7446710.0,
1753461067236,16:31:07.236,ALGO/USDT:USDT,0.2579,925.0,0.258,26.0,0.2579,7446710.0,
1753461068416,16:31:08.416,ALGO/USDT:USDT,0.2579,924.0,0.258,26.0,0.2579,7446710.0,
1753461068517,16:31:08.517,ALGO/USDT:USDT,0.2579,994.0,0.258,26.0,0.2579,7446710.0,
1753461069114,16:31:09.114,ALGO/USDT:USDT,0.2579,994.0,0.2581,2659.0,0.258,7446736.0,
1753461069219,16:31:09.219,ALGO/USDT:USDT,0.258,1068.0,0.2581,75.0,0.258,7446736.0,
1753461069319,16:31:09.319,ALGO/USDT:USDT,0.258,698.0,0.2581,155.0,0.258,7446736.0,
1753461069551,16:31:09.551,ALGO/USDT:USDT,0.258,768.0,0.2581,216.0,0.258,7446736.0,
1753461069679,16:31:09.679,ALGO/USDT:USDT,0.2581,44.0,0.2582,1182.0,0.2581,7447690.0,
1753461069785,16:31:09.785,ALGO/USDT:USDT,0.2581,161.0,0.2582,594.0,0.2581,7447690.0,
1753461069905,16:31:09.905,ALGO/USDT:USDT,0.2581,81.0,0.2582,802.0,0.2581,7447690.0,
1753461070016,16:31:10.016,ALGO/USDT:USDT,0.2581,81.0,0.2582,671.0,0.2581,7447690.0,
1753461070117,16:31:10.117,ALGO/USDT:USDT,0.258,1537.0,0.2582,1459.0,0.2581,7447690.0,
1753461070218,16:31:10.218,ALGO/USDT:USDT,0.258,1768.0,0.2582,892.0,0.2581,7447690.0,
1753461070331,16:31:10.331,ALGO/USDT:USDT,0.258,656.0,0.2581,256.0,0.2581,7447690.0,
1753461070471,16:31:10.471,ALGO/USDT:USDT,0.258,751.0,0.2581,256.0,0.2581,7447690.0,
1753461070573,16:31:10.573,ALGO/USDT:USDT,0.2581,81.0,0.2582,1517.0,0.2581,7447690.0,
1753461070814,16:31:10.814,ALGO/USDT:USDT,0.258,661.0,0.2581,256.0,0.2581,7447690.0,
1753461070916,16:31:10.916,ALGO/USDT:USDT,0.2581,81.0,0.2582,1487.0,0.2581,7447690.0,
1753461071460,16:31:11.460,ALGO/USDT:USDT,0.2581,81.0,0.2582,1262.0,0.2581,7447690.0,
1753461071814,16:31:11.814,ALGO/USDT:USDT,0.2581,161.0,0.2582,1497.0,0.2581,7447690.0,
1753461071924,16:31:11.924,ALGO/USDT:USDT,0.2581,1043.0,0.2583,2429.0,0.2582,7447738.0,
1753461072025,16:31:12.025,ALGO/USDT:USDT,0.2582,458.0,0.2583,870.0,0.2582,7447738.0,
1753461072144,16:31:12.144,ALGO/USDT:USDT,0.2582,455.0,0.2583,825.0,0.2582,7447738.0,
1753461072248,16:31:12.248,ALGO/USDT:USDT,0.2582,455.0,0.2583,650.0,0.2582,7447738.0,
1753461072496,16:31:12.496,ALGO/USDT:USDT,0.2582,542.0,0.2583,249.0,0.2582,7447738.0,
1753461072620,16:31:12.620,ALGO/USDT:USDT,0.2582,542.0,0.2583,247.0,0.2582,7447738.0,
1753461072731,16:31:12.731,ALGO/USDT:USDT,0.2582,542.0,0.2583,297.0,0.2582,7447738.0,
1753461072847,16:31:12.847,ALGO/USDT:USDT,0.2582,842.0,0.2583,247.0,0.2582,7447738.0,
1753461073324,16:31:13.324,ALGO/USDT:USDT,0.2582,842.0,0.2584,2601.0,0.2583,7448016.0,
1753461073477,16:31:13.477,ALGO/USDT:USDT,0.2583,322.0,0.2584,686.0,0.2583,7448016.0,
1753461073614,16:31:13.614,ALGO/USDT:USDT,0.2583,409.0,0.2584,686.0,0.2583,7448016.0,
1753461073846,16:31:13.846,ALGO/USDT:USDT,0.2583,322.0,0.2584,763.0,0.2583,7448016.0,
1753461073948,16:31:13.948,ALGO/USDT:USDT,0.2583,566.0,0.2584,396.0,0.2583,7448016.0,
1753461074092,16:31:14.092,ALGO/USDT:USDT,0.2583,322.0,0.2584,676.0,0.2583,7448016.0,
1753461074215,16:31:14.215,ALGO/USDT:USDT,0.2583,4.0,0.2584,1095.0,0.2583,7448016.0,
1753461074316,16:31:14.316,ALGO/USDT:USDT,0.2583,4.0,0.2584,1343.0,0.2583,7448016.0,
1753461074648,16:31:14.648,ALGO/USDT:USDT,0.2582,221.0,0.2583,1292.0,0.2582,7448037.0,
1753461074772,16:31:14.772,ALGO/USDT:USDT,0.2581,438.0,0.2582,440.0,0.2582,7448037.0,
1753461074892,16:31:14.892,ALGO/USDT:USDT,0.2581,82.0,0.2582,440.0,0.2582,7448037.0,
1753461075010,16:31:15.010,ALGO/USDT:USDT,0.258,3195.0,0.2582,528.0,0.2582,7448037.0,
1753461075114,16:31:15.114,ALGO/USDT:USDT,0.258,1253.0,0.2582,1338.0,0.2582,7448037.0,
1753461075321,16:31:15.321,ALGO/USDT:USDT,0.258,1436.0,0.2582,1197.0,0.2582,7448037.0,
1753461075547,16:31:15.547,ALGO/USDT:USDT,0.258,1295.0,0.2582,1338.0,0.2582,7448037.0,
1753461075679,16:31:15.679,ALGO/USDT:USDT,0.258,1436.0,0.2582,1197.0,0.2582,7448037.0,
1753461075811,16:31:15.811,ALGO/USDT:USDT,0.258,1736.0,0.2582,1139.0,0.2582,7448037.0,
1753461075914,16:31:15.914,ALGO/USDT:USDT,0.258,1307.0,0.2582,1383.0,0.2582,7448037.0,
1753461076015,16:31:16.015,ALGO/USDT:USDT,0.2581,80.0,0.2582,823.0,0.2582,7448037.0,
1753461076116,16:31:16.116,ALGO/USDT:USDT,0.2581,1013.0,0.2583,2538.0,0.2582,7448037.0,
1753461076217,16:31:16.217,ALGO/USDT:USDT,0.2581,82.0,0.2582,644.0,0.2582,7448037.0,
1753461076322,16:31:16.322,ALGO/USDT:USDT,0.258,1345.0,0.2582,1454.0,0.2582,7448037.0,
1753461076549,16:31:16.549,ALGO/USDT:USDT,0.2581,128.0,0.2582,1004.0,0.2581,7448041.0,
1753461076652,16:31:16.652,ALGO/USDT:USDT,0.2581,128.0,0.2582,1081.0,0.2581,7448041.0,
1753461076887,16:31:16.887,ALGO/USDT:USDT,0.2581,128.0,0.2582,1028.0,0.2581,7448041.0,
1753461077018,16:31:17.018,ALGO/USDT:USDT,0.2581,128.0,0.2582,940.0,0.2581,7448041.0,
1753461077160,16:31:17.160,ALGO/USDT:USDT,0.2581,209.0,0.2582,582.0,0.2581,7448041.0,
1753461077263,16:31:17.263,ALGO/USDT:USDT,0.2581,128.0,0.2582,668.0,0.2581,7448041.0,
1753461077507,16:31:17.507,ALGO/USDT:USDT,0.2581,131.0,0.2582,668.0,0.2581,7448041.0,
1753461077613,16:31:17.613,ALGO/USDT:USDT,0.2581,131.0,0.2582,671.0,0.2581,7448041.0,
1753461078200,16:31:18.200,ALGO/USDT:USDT,0.258,2537.0,0.2582,671.0,0.2581,7448172.0,
1753461078414,16:31:18.414,ALGO/USDT:USDT,0.258,262.0,0.2581,991.0,0.2581,7448172.0,
1753461078514,16:31:18.514,ALGO/USDT:USDT,0.258,262.0,0.2581,1068.0,0.2581,7448172.0,
1753461078615,16:31:18.615,ALGO/USDT:USDT,0.258,425.0,0.2581,274.0,0.2581,7448172.0,
1753461078844,16:31:18.844,ALGO/USDT:USDT,0.258,425.0,0.2581,194.0,0.2581,7448172.0,
1753461079085,16:31:19.085,ALGO/USDT:USDT,0.258,562.0,0.2581,63.0,0.2581,7448172.0,
1753461079894,16:31:19.894,ALGO/USDT:USDT,0.258,725.0,0.2581,63.0,0.2581,7448172.0,
1753461080219,16:31:20.219,ALGO/USDT:USDT,0.258,345.0,0.2581,245.0,0.2581,7448172.0,
1753461080684,16:31:20.684,ALGO/USDT:USDT,0.258,345.0,0.2581,334.0,0.2581,7448172.0,
1753461080801,16:31:20.801,ALGO/USDT:USDT,0.258,14.0,0.2581,805.0,0.2581,7448172.0,
1753461080915,16:31:20.915,ALGO/USDT:USDT,0.258,14.0,0.2581,1306.0,0.2581,7448172.0,
1753461081016,16:31:21.016,ALGO/USDT:USDT,0.258,16.0,0.2581,1315.0,0.2581,7448172.0,
1753461081227,16:31:21.227,ALGO/USDT:USDT,0.258,2.0,0.2581,1367.0,0.258,7448186.0,
1753461081473,16:31:21.473,ALGO/USDT:USDT,0.258,2.0,0.2581,1370.0,0.258,7448186.0,
1753461081974,16:31:21.974,ALGO/USDT:USDT,0.258,2.0,0.2581,1367.0,0.258,7448186.0,
1753461082415,16:31:22.415,ALGO/USDT:USDT,0.258,462.0,0.2581,288.0,0.258,7448186.0,
1753461082525,16:31:22.525,ALGO/USDT:USDT,0.258,462.0,0.2581,290.0,0.258,7448186.0,
1753461083014,16:31:23.014,ALGO/USDT:USDT,0.258,462.0,0.2581,205.0,0.258,7448186.0,
1753461083115,16:31:23.115,ALGO/USDT:USDT,0.258,547.0,0.2581,75.0,0.258,7448186.0,
1753461083451,16:31:23.451,ALGO/USDT:USDT,0.258,411.0,0.2581,222.0,0.258,7448186.0,
1753461083702,16:31:23.702,ALGO/USDT:USDT,0.258,847.0,0.2581,75.0,0.258,7448186.0,
1753461084419,16:31:24.419,ALGO/USDT:USDT,0.258,762.0,0.2581,75.0,0.258,7448186.0,
1753461084626,16:31:24.626,ALGO/USDT:USDT,0.258,711.0,0.2581,216.0,0.258,7448186.0,
1753461084780,16:31:24.780,ALGO/USDT:USDT,0.258,711.0,0.2581,77.0,0.258,7448186.0,
1753461084882,16:31:24.882,ALGO/USDT:USDT,0.258,711.0,0.2581,212.0,0.258,7448186.0,
1753461085430,16:31:25.430,ALGO/USDT:USDT,0.258,2.0,0.2581,1233.0,0.258,7448186.0,
1753461085641,16:31:25.641,ALGO/USDT:USDT,0.258,2.0,0.2581,1533.0,0.258,7448186.0,
1753461085747,16:31:25.747,ALGO/USDT:USDT,0.258,327.0,0.2581,1097.0,0.258,7448186.0,
1753461085972,16:31:25.972,ALGO/USDT:USDT,0.258,561.0,0.2581,515.0,0.258,7448186.0,
1753461086215,16:31:26.215,ALGO/USDT:USDT,0.258,2.0,0.2581,592.0,0.258,7448186.0,
1753461086315,16:31:26.315,ALGO/USDT:USDT,0.258,2.0,0.2581,978.0,0.258,7448186.0,
1753461086538,16:31:26.538,ALGO/USDT:USDT,0.258,2.0,0.2581,842.0,0.258,7448186.0,
1753461086681,16:31:26.681,ALGO/USDT:USDT,0.258,854.0,0.2581,445.0,0.258,7448186.0,
1753461086797,16:31:26.797,ALGO/USDT:USDT,0.258,856.0,0.2581,117.0,0.258,7448186.0,
1753461086911,16:31:26.911,ALGO/USDT:USDT,0.258,856.0,0.2582,2341.0,0.2581,7448303.0,
1753461087014,16:31:27.014,ALGO/USDT:USDT,0.2581,800.0,0.2582,720.0,0.2581,7448303.0,
1753461087224,16:31:27.224,ALGO/USDT:USDT,0.258,1613.0,0.2582,1265.0,0.2581,7448303.0,
1753461087371,16:31:27.371,ALGO/USDT:USDT,0.258,1697.0,0.2582,1342.0,0.2581,7448303.0,
1753461088012,16:31:28.012,ALGO/USDT:USDT,0.258,1697.0,0.2582,1092.0,0.2581,7448303.0,
1753461088115,16:31:28.115,ALGO/USDT:USDT,0.258,1697.0,0.2582,1265.0,0.2581,7448303.0,
1753461088244,16:31:28.244,ALGO/USDT:USDT,0.258,1697.0,0.2582,1315.0,0.2581,7448303.0,
1753461088582,16:31:28.582,ALGO/USDT:USDT,0.258,398.0,0.2581,382.0,0.2581,7448303.0,
1753461088692,16:31:28.692,ALGO/USDT:USDT,0.258,95.0,0.2581,382.0,0.2581,7448303.0,
1753461088813,16:31:28.813,ALGO/USDT:USDT,0.258,2.0,0.2581,516.0,0.2581,7448303.0,
1753461089270,16:31:29.270,ALGO/USDT:USDT,0.258,160.0,0.2581,516.0,0.2581,7448303.0,
1753461089391,16:31:29.391,ALGO/USDT:USDT,0.258,162.0,0.2581,382.0,0.2581,7448303.0,
1753461089722,16:31:29.722,ALGO/USDT:USDT,0.258,2.0,0.2581,786.0,0.2581,7448303.0,
1753461090316,16:31:30.316,ALGO/USDT:USDT,0.258,81.0,0.2581,382.0,0.2581,7448303.0,
1753461090429,16:31:30.429,ALGO/USDT:USDT,0.258,456.0,0.2581,247.0,0.2581,7448303.0,
1753461090682,16:31:30.682,ALGO/USDT:USDT,0.258,756.0,0.2581,247.0,0.2581,7448303.0,
1753461090917,16:31:30.917,ALGO/USDT:USDT,0.258,84.0,0.2581,382.0,0.2581,7448303.0,
1753461091020,16:31:31.020,ALGO/USDT:USDT,0.258,85.0,0.2581,382.0,0.2581,7448303.0,
1753461091173,16:31:31.173,ALGO/USDT:USDT,0.258,87.0,0.2581,382.0,0.2581,7448303.0,
1753461091281,16:31:31.281,ALGO/USDT:USDT,0.258,167.0,0.2581,382.0,0.2581,7448303.0,
1753461091512,16:31:31.512,ALGO/USDT:USDT,0.258,311.0,0.2581,382.0,0.2581,7448303.0,
1753461091617,16:31:31.617,ALGO/USDT:USDT,0.258,527.0,0.2581,387.0,0.2581,7448303.0,
1753461091820,16:31:31.820,ALGO/USDT:USDT,0.258,611.0,0.2581,327.0,0.2581,7448303.0,
1753461092075,16:31:32.075,ALGO/USDT:USDT,0.258,96.0,0.2581,391.0,0.2581,7448303.0,
1753461092528,16:31:32.528,ALGO/USDT:USDT,0.258,671.0,0.2581,82.0,0.2581,7448303.0,
1753461092637,16:31:32.637,ALGO/USDT:USDT,0.258,535.0,0.2581,82.0,0.2581,7448303.0,
1753461092781,16:31:32.781,ALGO/USDT:USDT,0.258,671.0,0.2581,140.0,0.2581,7448303.0,
1753461092915,16:31:32.915,ALGO/USDT:USDT,0.258,671.0,0.2581,80.0,0.2581,7448303.0,
1753461093416,16:31:33.416,ALGO/USDT:USDT,0.258,76.0,0.2581,393.0,0.2581,7448303.0,
1753461093518,16:31:33.518,ALGO/USDT:USDT,0.258,921.0,0.2581,327.0,0.2581,7448303.0,
1753461093878,16:31:33.878,ALGO/USDT:USDT,0.258,621.0,0.2581,327.0,0.2581,7448303.0,
1753461094014,16:31:34.014,ALGO/USDT:USDT,0.258,537.0,0.2581,383.0,0.2581,7448303.0,
1753461094121,16:31:34.121,ALGO/USDT:USDT,0.258,487.0,0.2581,388.0,0.2581,7448303.0,
1753461094275,16:31:34.275,ALGO/USDT:USDT,0.258,774.0,0.2581,388.0,0.2581,7448303.0,
1753461094595,16:31:34.595,ALGO/USDT:USDT,0.258,1210.0,0.2581,2.0,0.2581,7448303.0,
1753461094714,16:31:34.714,ALGO/USDT:USDT,0.2581,239.0,0.2582,576.0,0.2581,7448303.0,
1753461094821,16:31:34.821,ALGO/USDT:USDT,0.2581,160.0,0.2582,576.0,0.2581,7448303.0,
1753461094927,16:31:34.927,ALGO/USDT:USDT,0.2581,160.0,0.2582,833.0,0.2581,7448303.0,
1753461095319,16:31:35.319,ALGO/USDT:USDT,0.2581,160.0,0.2582,749.0,0.2581,7448303.0,
1753461095537,16:31:35.537,ALGO/USDT:USDT,0.258,776.0,0.2581,325.0,0.2581,7448303.0,
1753461095673,16:31:35.673,ALGO/USDT:USDT,0.258,778.0,0.2581,327.0,0.2581,7448303.0,
1753461095885,16:31:35.885,ALGO/USDT:USDT,0.2581,79.0,0.2582,1836.0,0.2581,7448303.0,
1753461096013,16:31:36.013,ALGO/USDT:USDT,0.2581,81.0,0.2582,1017.0,0.2581,7448303.0,
1753461096114,16:31:36.114,ALGO/USDT:USDT,0.2581,81.0,0.2582,1103.0,0.2581,7448303.0,
1753461096337,16:31:36.337,ALGO/USDT:USDT,0.2581,324.0,0.2582,761.0,0.2581,7448303.0,
1753461096575,16:31:36.575,ALGO/USDT:USDT,0.2581,758.0,0.2582,350.0,0.2581,7448303.0,
1753461096676,16:31:36.676,ALGO/USDT:USDT,0.2581,674.0,0.2582,406.0,0.2581,7448303.0,
1753461097016,16:31:37.016,ALGO/USDT:USDT,0.2581,674.0,0.2582,350.0,0.2581,7448303.0,
1753461097224,16:31:37.224,ALGO/USDT:USDT,0.2581,374.0,0.2582,413.0,0.2581,7448303.0,
1753461097340,16:31:37.340,ALGO/USDT:USDT,0.2581,703.0,0.2582,22.0,0.2581,7448303.0,
1753461097765,16:31:37.765,ALGO/USDT:USDT,0.2582,550.0,0.2583,789.0,0.2582,7448325.0,
1753461097976,16:31:37.976,ALGO/USDT:USDT,0.2582,544.0,0.2583,393.0,0.2582,7448325.0,
1753461098119,16:31:38.119,ALGO/USDT:USDT,0.2582,67.0,0.2583,1460.0,0.2582,7448338.0,
1753461098225,16:31:38.225,ALGO/USDT:USDT,0.2582,67.0,0.2583,1537.0,0.2582,7448338.0,
1753461098512,16:31:38.512,ALGO/USDT:USDT,0.2582,83.0,0.2583,1537.0,0.2582,7448338.0,
1753461098829,16:31:38.829,ALGO/USDT:USDT,0.2582,437.0,0.2583,586.0,0.2582,7448338.0,
1753461099031,16:31:39.031,ALGO/USDT:USDT,0.2582,565.0,0.2583,596.0,0.2582,7448338.0,
1753461099278,16:31:39.278,ALGO/USDT:USDT,0.2582,109.0,0.2583,846.0,0.2582,7448338.0,
1753461099401,16:31:39.401,ALGO/USDT:USDT,0.2582,109.0,0.2583,1243.0,0.2582,7448338.0,
1753461099513,16:31:39.513,ALGO/USDT:USDT,0.2582,109.0,0.2583,1245.0,0.2582,7448338.0,
1753461099615,16:31:39.615,ALGO/USDT:USDT,0.2582,112.0,0.2583,1197.0,0.2582,7448338.0,
1753461099724,16:31:39.724,ALGO/USDT:USDT,0.2582,112.0,0.2583,1116.0,0.2582,7448338.0,
1753461099874,16:31:39.874,ALGO/USDT:USDT,0.2582,419.0,0.2583,601.0,0.2582,7448338.0,
1753461100239,16:31:40.239,ALGO/USDT:USDT,0.2582,338.0,0.2583,396.0,0.2582,7448338.0,
1753461100355,16:31:40.355,ALGO/USDT:USDT,0.2582,419.0,0.2583,1.0,0.2582,7448338.0,
1753461100500,16:31:40.500,ALGO/USDT:USDT,0.2582,636.0,0.2583,328.0,0.2582,7448338.0,
1753461100612,16:31:40.612,ALGO/USDT:USDT,0.2582,719.0,0.2583,328.0,0.2582,7448338.0,
1753461100858,16:31:40.858,ALGO/USDT:USDT,0.2582,719.0,0.2583,248.0,0.2582,7448338.0,
1753461101214,16:31:41.214,ALGO/USDT:USDT,0.2582,719.0,0.2583,3.0,0.2582,7448338.0,
1753461101315,16:31:41.315,ALGO/USDT:USDT,0.2582,719.0,0.2583,246.0,0.2582,7448338.0,
1753461101416,16:31:41.416,ALGO/USDT:USDT,0.2582,719.0,0.2583,248.0,0.2582,7448338.0,
1753461101654,16:31:41.654,ALGO/USDT:USDT,0.2582,719.0,0.2583,1.0,0.2582,7448338.0,
1753461102539,16:31:42.539,ALGO/USDT:USDT,0.2582,845.0,0.2583,1.0,0.2582,7448338.0,
1753461103328,16:31:43.328,ALGO/USDT:USDT,0.2582,1281.0,0.2583,1.0,0.2582,7448338.0,
1753461103871,16:31:43.871,ALGO/USDT:USDT,0.2582,1047.0,0.2583,51.0,0.2582,7448338.0,
1753461103988,16:31:43.988,ALGO/USDT:USDT,0.2582,1176.0,0.2583,1.0,0.2582,7448338.0,
1753461104220,16:31:44.220,ALGO/USDT:USDT,0.2582,1281.0,0.2583,1.0,0.2582,7448338.0,
1753461105983,16:31:45.983,ALGO/USDT:USDT,0.2582,1358.0,0.2583,1.0,0.2582,7448338.0,
1753461106091,16:31:46.091,ALGO/USDT:USDT,0.2582,1435.0,0.2583,1.0,0.2582,7448338.0,
1753461106197,16:31:46.197,ALGO/USDT:USDT,0.2582,1671.0,0.2583,1.0,0.2582,7448338.0,
1753461106423,16:31:46.423,ALGO/USDT:USDT,0.2582,1687.0,0.2583,1.0,0.2582,7448338.0,
1753461106570,16:31:46.570,ALGO/USDT:USDT,0.2582,1671.0,0.2583,1.0,0.2582,7448338.0,
1753461107376,16:31:47.376,ALGO/USDT:USDT,0.2582,1707.0,0.2583,1.0,0.2582,7448338.0,
1753461107499,16:31:47.499,ALGO/USDT:USDT,0.2582,1699.0,0.2583,1.0,0.2582,7448338.0,
1753461107815,16:31:47.815,ALGO/USDT:USDT,0.2582,1707.0,0.2583,1.0,0.2582,7448338.0,
1753461108017,16:31:48.017,ALGO/USDT:USDT,0.2582,1699.0,0.2583,1.0,0.2582,7448338.0,
1753461108252,16:31:48.252,ALGO/USDT:USDT,0.2582,1699.0,0.2583,1.0,0.2582,7448338.0,
1753461108373,16:31:48.373,ALGO/USDT:USDT,0.2582,1715.0,0.2583,1.0,0.2582,7448338.0,
1753461108500,16:31:48.500,ALGO/USDT:USDT,0.2582,1699.0,0.2583,1.0,0.2582,7448338.0,
1753461108606,16:31:48.606,ALGO/USDT:USDT,0.2582,1416.0,0.2583,1.0,0.2582,7448338.0,
1753461108708,16:31:48.708,ALGO/USDT:USDT,0.2582,1416.0,0.2583,57.0,0.2582,7448338.0,
1753461108916,16:31:48.916,ALGO/USDT:USDT,0.2582,1416.0,0.2583,1.0,0.2582,7448338.0,
1753461109025,16:31:49.025,ALGO/USDT:USDT,0.2582,1416.0,0.2583,56.0,0.2582,7448338.0,
1753461109138,16:31:49.138,ALGO/USDT:USDT,0.2582,1541.0,0.2583,1.0,0.2582,7448338.0,
1753461109388,16:31:49.388,ALGO/USDT:USDT,0.2582,1307.0,0.2583,56.0,0.2582,7448338.0,
1753461109597,16:31:49.597,ALGO/USDT:USDT,0.2582,753.0,0.2583,136.0,0.2582,7448338.0,
1753461109715,16:31:49.715,ALGO/USDT:USDT,0.2582,577.0,0.2583,507.0,0.2582,7448338.0,
1753461110029,16:31:50.029,ALGO/USDT:USDT,0.2582,577.0,0.2583,509.0,0.2582,7448338.0,
1753461110129,16:31:50.129,ALGO/USDT:USDT,0.2582,576.0,0.2583,509.0,0.2582,7448338.0,
1753461110260,16:31:50.260,ALGO/USDT:USDT,0.2582,673.0,0.2583,428.0,0.2582,7448338.0,
1753461110374,16:31:50.374,ALGO/USDT:USDT,0.2582,576.0,0.2583,728.0,0.2582,7448338.0,
1753461110516,16:31:50.516,ALGO/USDT:USDT,0.2582,576.0,0.2583,809.0,0.2582,7448338.0,
1753461110616,16:31:50.616,ALGO/USDT:USDT,0.2582,664.0,0.2583,428.0,0.2582,7448338.0,
1753461110870,16:31:50.870,ALGO/USDT:USDT,0.2582,669.0,0.2583,428.0,0.2582,7448338.0,
1753461111084,16:31:51.084,ALGO/USDT:USDT,0.2581,2574.0,0.2582,401.0,0.2581,7449101.0,
1753461111207,16:31:51.207,ALGO/USDT:USDT,0.258,1342.0,0.2581,931.0,0.2581,7449418.0,
1753461111318,16:31:51.318,ALGO/USDT:USDT,0.258,1108.0,0.2581,1008.0,0.2581,7449418.0,
1753461111526,16:31:51.526,ALGO/USDT:USDT,0.258,852.0,0.2581,1089.0,0.258,7451307.0,
1753461111630,16:31:51.630,ALGO/USDT:USDT,0.258,723.0,0.2581,1244.0,0.258,7451436.0,
1753461111774,16:31:51.774,ALGO/USDT:USDT,0.2579,433.0,0.258,357.0,0.258,7452159.0,
1753461111896,16:31:51.896,ALGO/USDT:USDT,0.2579,433.0,0.258,82.0,0.258,7452159.0,
1753461112022,16:31:52.022,ALGO/USDT:USDT,0.2579,433.0,0.2581,2076.0,0.258,7452159.0,
1753461112133,16:31:52.133,ALGO/USDT:USDT,0.2579,433.0,0.258,384.0,0.258,7452159.0,
1753461112274,16:31:52.274,ALGO/USDT:USDT,0.2579,433.0,0.258,386.0,0.258,7452159.0,
1753461112515,16:31:52.515,ALGO/USDT:USDT,0.2579,433.0,0.258,331.0,0.258,7452159.0,
1753461112619,16:31:52.619,ALGO/USDT:USDT,0.2579,433.0,0.258,385.0,0.258,7452159.0,
1753461112872,16:31:52.872,ALGO/USDT:USDT,0.2578,662.0,0.2579,210.0,0.258,7452159.0,
1753461112980,16:31:52.980,ALGO/USDT:USDT,0.2578,662.0,0.2579,252.0,0.258,7452159.0,
1753461113081,16:31:53.081,ALGO/USDT:USDT,0.2578,439.0,0.2579,161.0,0.258,7452159.0,
1753461113184,16:31:53.184,ALGO/USDT:USDT,0.2578,439.0,0.2579,102.0,0.258,7452159.0,
1753461113307,16:31:53.307,ALGO/USDT:USDT,0.2578,682.0,0.2579,23.0,0.258,7452159.0,
1753461113410,16:31:53.410,ALGO/USDT:USDT,0.2578,982.0,0.2579,23.0,0.258,7452159.0,
1753461113820,16:31:53.820,ALGO/USDT:USDT,0.2578,739.0,0.2579,101.0,0.258,7452159.0,
1753461113921,16:31:53.921,ALGO/USDT:USDT,0.2578,745.0,0.2579,23.0,0.258,7452159.0,
1753461114819,16:31:54.819,ALGO/USDT:USDT,0.2578,365.0,0.2579,395.0,0.258,7452159.0,
1753461114920,16:31:54.920,ALGO/USDT:USDT,0.2578,433.0,0.2579,304.0,0.258,7452159.0,
1753461115021,16:31:55.021,ALGO/USDT:USDT,0.2578,433.0,0.2579,395.0,0.258,7452159.0,
1753461115243,16:31:55.243,ALGO/USDT:USDT,0.2578,433.0,0.2579,23.0,0.258,7452159.0,
1753461115371,16:31:55.371,ALGO/USDT:USDT,0.2578,733.0,0.2579,23.0,0.258,7452159.0,
1753461115923,16:31:55.923,ALGO/USDT:USDT,0.2578,976.0,0.2579,23.0,0.258,7452159.0,
1753461116185,16:31:56.185,ALGO/USDT:USDT,0.2578,1154.0,0.2579,23.0,0.258,7452159.0,
1753461116315,16:31:56.315,ALGO/USDT:USDT,0.2578,911.0,0.2579,23.0,0.258,7452159.0,
1753461116777,16:31:56.777,ALGO/USDT:USDT,0.2578,907.0,0.2579,91.0,0.258,7452159.0,
1753461116890,16:31:56.890,ALGO/USDT:USDT,0.2578,907.0,0.2579,414.0,0.258,7452159.0,
1753461116991,16:31:56.991,ALGO/USDT:USDT,0.2578,607.0,0.2579,173.0,0.258,7452159.0,
1753461117205,16:31:57.205,ALGO/USDT:USDT,0.2578,527.0,0.2579,325.0,0.258,7452159.0,
1753461117323,16:31:57.323,ALGO/USDT:USDT,0.2578,441.0,0.2579,416.0,0.258,7452159.0,
1753461117440,16:31:57.440,ALGO/USDT:USDT,0.2578,529.0,0.2579,173.0,0.258,7452159.0,
1753461117785,16:31:57.785,ALGO/USDT:USDT,0.2578,187.0,0.2579,424.0,0.258,7452159.0,
1753461117917,16:31:57.917,ALGO/USDT:USDT,0.2578,187.0,0.2579,667.0,0.258,7452159.0,
1753461118146,16:31:58.146,ALGO/USDT:USDT,0.2578,187.0,0.2579,667.0,0.258,7452159.0,
1753461118280,16:31:58.280,ALGO/USDT:USDT,0.2578,575.0,0.2579,515.0,0.258,7452159.0,
1753461118410,16:31:58.410,ALGO/USDT:USDT,0.2578,575.0,0.2579,424.0,0.258,7452159.0,
1753461118513,16:31:58.513,ALGO/USDT:USDT,0.2578,487.0,0.2579,576.0,0.258,7452159.0,
1753461118724,16:31:58.724,ALGO/USDT:USDT,0.2578,656.0,0.2579,23.0,0.258,7452159.0,
1753461118829,16:31:58.829,ALGO/USDT:USDT,0.2578,745.0,0.2579,23.0,0.258,7452159.0,
1753461118984,16:31:58.984,ALGO/USDT:USDT,0.2578,656.0,0.2579,23.0,0.258,7452159.0,
1753461119203,16:31:59.203,ALGO/USDT:USDT,0.2578,899.0,0.2579,23.0,0.258,7452159.0,
1753461119309,16:31:59.309,ALGO/USDT:USDT,0.2578,747.0,0.2579,23.0,0.258,7452159.0,
1753461119517,16:31:59.517,ALGO/USDT:USDT,0.2578,659.0,0.2579,555.0,0.258,7452159.0,
1753461119617,16:31:59.617,ALGO/USDT:USDT,0.2578,659.0,0.2579,152.0,0.258,7452159.0,
1753461119718,16:31:59.718,ALGO/USDT:USDT,0.2578,750.0,0.2579,23.0,0.258,7452159.0,
1753461120024,16:32:00.024,ALGO/USDT:USDT,0.2578,902.0,0.2579,23.0,0.258,7452159.0,
1753461120356,16:32:00.356,ALGO/USDT:USDT,0.2578,659.0,0.2579,162.0,0.258,7445150.0,
1753461120460,16:32:00.460,ALGO/USDT:USDT,0.2578,908.0,0.2579,23.0,0.258,7445150.0,
1753461120716,16:32:00.716,ALGO/USDT:USDT,0.2578,671.0,0.2579,23.0,0.258,7445150.0,
1753461120856,16:32:00.856,ALGO/USDT:USDT,0.2578,912.0,0.2579,23.0,0.258,7445150.0,
1753461120974,16:32:00.974,ALGO/USDT:USDT,0.2578,762.0,0.2579,23.0,0.258,7445150.0,
1753461121217,16:32:01.217,ALGO/USDT:USDT,0.2578,444.0,0.2579,387.0,0.258,7445150.0,
1753461121321,16:32:01.321,ALGO/USDT:USDT,0.2578,444.0,0.2579,389.0,0.258,7445150.0,
1753461121457,16:32:01.457,ALGO/USDT:USDT,0.2578,529.0,0.2579,103.0,0.258,7445150.0,
1753461121557,16:32:01.557,ALGO/USDT:USDT,0.2579,2.0,0.258,1473.0,0.258,7445150.0,
1753461121711,16:32:01.711,ALGO/USDT:USDT,0.2579,300.0,0.258,619.0,0.258,7445150.0,
1753461121918,16:32:01.918,ALGO/USDT:USDT,0.2579,392.0,0.258,415.0,0.258,7445150.0,
1753461122327,16:32:02.327,ALGO/USDT:USDT,0.2579,636.0,0.258,371.0,0.258,7445150.0,
1753461122451,16:32:02.451,ALGO/USDT:USDT,0.2579,654.0,0.258,280.0,0.258,7445150.0,
1753461122701,16:32:02.701,ALGO/USDT:USDT,0.2579,654.0,0.258,175.0,0.258,7445150.0,
1753461122815,16:32:02.815,ALGO/USDT:USDT,0.2579,654.0,0.258,233.0,0.258,7445150.0,
1753461122919,16:32:02.919,ALGO/USDT:USDT,0.2579,20.0,0.258,697.0,0.258,7445150.0,
1753461123158,16:32:03.158,ALGO/USDT:USDT,0.2578,611.0,0.2579,606.0,0.2579,7445170.0,
1753461123270,16:32:03.270,ALGO/USDT:USDT,0.2578,909.0,0.2579,549.0,0.2579,7445170.0,
1753461123379,16:32:03.379,ALGO/USDT:USDT,0.2578,444.0,0.2579,602.0,0.2579,7445170.0,
1753461123616,16:32:03.616,ALGO/USDT:USDT,0.2578,193.0,0.2579,679.0,0.2579,7445170.0,
1753461123818,16:32:03.818,ALGO/USDT:USDT,0.2578,290.0,0.2579,460.0,0.2579,7445170.0,
1753461124062,16:32:04.062,ALGO/USDT:USDT,0.2578,193.0,0.2579,677.0,0.2579,7445170.0,
1753461124165,16:32:04.165,ALGO/USDT:USDT,0.2578,192.0,0.2579,977.0,0.2578,7445171.0,
1753461124268,16:32:04.268,ALGO/USDT:USDT,0.2577,443.0,0.2578,597.0,0.2578,7445363.0,
1753461124403,16:32:04.403,ALGO/USDT:USDT,0.2577,443.0,0.2578,318.0,0.2578,7445363.0,
1753461124510,16:32:04.510,ALGO/USDT:USDT,0.2577,443.0,0.2578,2.0,0.2578,7445363.0,
1753461124618,16:32:04.618,ALGO/USDT:USDT,0.2577,1361.0,0.2579,1480.0,0.2578,7445363.0,
1753461124866,16:32:04.866,ALGO/USDT:USDT,0.2578,80.0,0.2579,563.0,0.2578,7445363.0,
1753461124999,16:32:04.999,ALGO/USDT:USDT,0.2578,640.0,0.2579,461.0,0.2578,7445363.0,
1753461125113,16:32:05.113,ALGO/USDT:USDT,0.2578,645.0,0.2579,540.0,0.2578,7445363.0,
1753461125216,16:32:05.216,ALGO/USDT:USDT,0.2578,645.0,0.2579,558.0,0.2578,7445363.0,
1753461125322,16:32:05.322,ALGO/USDT:USDT,0.2578,345.0,0.2579,463.0,0.2578,7445363.0,
1753461125696,16:32:05.696,ALGO/USDT:USDT,0.2578,660.0,0.258,1670.0,0.2578,7445363.0,
1753461125814,16:32:05.814,ALGO/USDT:USDT,0.2578,425.0,0.258,1670.0,0.2578,7445363.0,
1753461125968,16:32:05.968,ALGO/USDT:USDT,0.2578,425.0,0.2579,161.0,0.2578,7445363.0,
1753461126314,16:32:06.314,ALGO/USDT:USDT,0.2578,723.0,0.258,1720.0,0.2578,7445363.0,
1753461126554,16:32:06.554,ALGO/USDT:USDT,0.2579,726.0,0.258,305.0,0.2578,7445363.0,
1753461126665,16:32:06.665,ALGO/USDT:USDT,0.2579,393.0,0.258,509.0,0.2578,7445363.0,
1753461126803,16:32:06.803,ALGO/USDT:USDT,0.2579,55.0,0.258,865.0,0.2579,7445377.0,
1753461127711,16:32:07.711,ALGO/USDT:USDT,0.2579,55.0,0.258,1240.0,0.2579,7445377.0,
1753461127814,16:32:07.814,ALGO/USDT:USDT,0.2579,55.0,0.258,1336.0,0.2579,7445377.0,
1753461128122,16:32:08.122,ALGO/USDT:USDT,0.2579,55.0,0.258,1108.0,0.2579,7445377.0,
1753461128383,16:32:08.383,ALGO/USDT:USDT,0.2579,476.0,0.258,365.0,0.2579,7445377.0,
1753461128487,16:32:08.487,ALGO/USDT:USDT,0.2579,477.0,0.258,485.0,0.2579,7445377.0,
1753461128611,16:32:08.611,ALGO/USDT:USDT,0.2579,477.0,0.258,294.0,0.2579,7445377.0,
1753461128713,16:32:08.713,ALGO/USDT:USDT,0.2579,477.0,0.258,84.0,0.2579,7445377.0,
1753461128922,16:32:08.922,ALGO/USDT:USDT,0.2579,467.0,0.258,1019.0,0.2579,7445377.0,
1753461129031,16:32:09.031,ALGO/USDT:USDT,0.2579,697.0,0.258,238.0,0.2579,7445377.0,
1753461129173,16:32:09.173,ALGO/USDT:USDT,0.2579,767.0,0.258,189.0,0.2579,7445377.0,
1753461129278,16:32:09.278,ALGO/USDT:USDT,0.2579,997.0,0.258,2.0,0.2579,7445377.0,
1753461129397,16:32:09.397,ALGO/USDT:USDT,0.2579,997.0,0.2581,1946.0,0.2579,7445377.0,
1753461129517,16:32:09.517,ALGO/USDT:USDT,0.2579,911.0,0.258,64.0,0.2579,7445377.0,
1753461129671,16:32:09.671,ALGO/USDT:USDT,0.2579,467.0,0.258,210.0,0.2579,7445377.0,
1753461129803,16:32:09.803,ALGO/USDT:USDT,0.2579,467.0,0.258,130.0,0.2579,7445377.0,
1753461130122,16:32:10.122,ALGO/USDT:USDT,0.2579,767.0,0.258,64.0,0.2579,7445377.0,
1753461130613,16:32:10.613,ALGO/USDT:USDT,0.2579,467.0,0.258,198.0,0.2579,7445377.0,
1753461131084,16:32:11.084,ALGO/USDT:USDT,0.2579,300.0,0.258,426.0,0.2579,7445377.0,
1753461131191,16:32:11.191,ALGO/USDT:USDT,0.2579,56.0,0.258,1032.0,0.2579,7445377.0,
1753461131319,16:32:11.319,ALGO/USDT:USDT,0.2579,56.0,0.258,1034.0,0.2579,7445377.0,
1753461131420,16:32:11.420,ALGO/USDT:USDT,0.2579,56.0,0.258,1045.0,0.2579,7445377.0,
1753461131658,16:32:11.658,ALGO/USDT:USDT,0.2578,1119.0,0.258,1045.0,0.2579,7445433.0,
1753461131881,16:32:11.881,ALGO/USDT:USDT,0.2577,1408.0,0.2579,1624.0,0.2579,7445433.0,
1753461131990,16:32:11.990,ALGO/USDT:USDT,0.2577,666.0,0.2578,82.0,0.2579,7445433.0,
1753461132117,16:32:12.117,ALGO/USDT:USDT,0.2577,1196.0,0.2579,1461.0,0.2579,7445433.0,
1753461132224,16:32:12.224,ALGO/USDT:USDT,0.2577,439.0,0.2578,244.0,0.2579,7445433.0,
1753461132376,16:32:12.376,ALGO/USDT:USDT,0.2577,439.0,0.2579,1321.0,0.2579,7445433.0,
1753461132491,16:32:12.491,ALGO/USDT:USDT,0.2577,439.0,0.2579,1938.0,0.2579,7445433.0,
1753461132592,16:32:12.592,ALGO/USDT:USDT,0.2577,1191.0,0.2579,1928.0,0.2579,7445433.0,
1753461132923,16:32:12.923,ALGO/USDT:USDT,0.2577,439.0,0.2579,2101.0,0.2579,7445433.0,
1753461133051,16:32:13.051,ALGO/USDT:USDT,0.2577,439.0,0.2579,2178.0,0.2579,7445433.0,
1753461133437,16:32:13.437,ALGO/USDT:USDT,0.2577,439.0,0.2579,1843.0,0.2579,7445433.0,
1753461133589,16:32:13.589,ALGO/USDT:USDT,0.2577,439.0,0.2579,1985.0,0.2579,7445433.0,
1753461133817,16:32:13.817,ALGO/USDT:USDT,0.2577,439.0,0.2578,208.0,0.2579,7445433.0,
1753461134030,16:32:14.030,ALGO/USDT:USDT,0.2577,439.0,0.2578,375.0,0.2579,7445433.0,
1753461134513,16:32:14.513,ALGO/USDT:USDT,0.2577,441.0,0.2578,375.0,0.2579,7445433.0,
1753461135080,16:32:15.080,ALGO/USDT:USDT,0.2577,94.0,0.2578,517.0,0.2579,7445433.0,
1753461135181,16:32:15.181,ALGO/USDT:USDT,0.2577,14.0,0.2578,1034.0,0.2579,7445433.0,
1753461135284,16:32:15.284,ALGO/USDT:USDT,0.2576,353.0,0.2577,593.0,0.2577,7445447.0,
1753461135386,16:32:15.386,ALGO/USDT:USDT,0.2576,86.0,0.2577,595.0,0.2577,7445447.0,
1753461135514,16:32:15.514,ALGO/USDT:USDT,0.2576,355.0,0.2577,456.0,0.2577,7445447.0,
1753461135716,16:32:15.716,ALGO/USDT:USDT,0.2576,424.0,0.2577,371.0,0.2577,7445447.0,
1753461135871,16:32:15.871,ALGO/USDT:USDT,0.2576,424.0,0.2577,508.0,0.2577,7445447.0,
1753461135979,16:32:15.979,ALGO/USDT:USDT,0.2576,424.0,0.2577,593.0,0.2577,7445447.0,
1753461136193,16:32:16.193,ALGO/USDT:USDT,0.2576,424.0,0.2577,318.0,0.2577,7445447.0,
1753461136299,16:32:16.299,ALGO/USDT:USDT,0.2576,563.0,0.2577,238.0,0.2577,7445447.0,
1753461136418,16:32:16.418,ALGO/USDT:USDT,0.2576,424.0,0.2578,2168.0,0.2577,7445447.0,
1753461136526,16:32:16.526,ALGO/USDT:USDT,0.2577,83.0,0.2578,852.0,0.2577,7445447.0,
1753461136676,16:32:16.676,ALGO/USDT:USDT,0.2577,496.0,0.2578,80.0,0.2577,7445447.0,
1753461136813,16:32:16.813,ALGO/USDT:USDT,0.2577,333.0,0.2578,134.0,0.2577,7445447.0,
1753461137015,16:32:17.015,ALGO/USDT:USDT,0.2577,1.0,0.2578,1137.0,0.2577,7445447.0,
1753461137514,16:32:17.514,ALGO/USDT:USDT,0.2577,1.0,0.2578,1054.0,0.2577,7445447.0,
1753461137772,16:32:17.772,ALGO/USDT:USDT,0.2576,172.0,0.2577,588.0,0.2577,7445448.0,
1753461138002,16:32:18.002,ALGO/USDT:USDT,0.2576,8.0,0.2577,588.0,0.2577,7445448.0,
1753461138119,16:32:18.119,ALGO/USDT:USDT,0.2576,8.0,0.2577,1014.0,0.2577,7445448.0,
1753461138480,16:32:18.480,ALGO/USDT:USDT,0.2576,87.0,0.2577,498.0,0.2577,7445448.0,
1753461138615,16:32:18.615,ALGO/USDT:USDT,0.2576,87.0,0.2577,416.0,0.2577,7445448.0,
1753461138723,16:32:18.723,ALGO/USDT:USDT,0.2576,87.0,0.2577,367.0,0.2577,7445448.0,
1753461139213,16:32:19.213,ALGO/USDT:USDT,0.2576,605.0,0.2577,367.0,0.2577,7445448.0,
1753461139321,16:32:19.321,ALGO/USDT:USDT,0.2576,743.0,0.2578,2558.0,0.2577,7445448.0,
1753461139427,16:32:19.427,ALGO/USDT:USDT,0.2576,511.0,0.2577,161.0,0.2577,7445448.0,
1753461139576,16:32:19.576,ALGO/USDT:USDT,0.2576,211.0,0.2577,213.0,0.2577,7445448.0,
1753461139678,16:32:19.678,ALGO/USDT:USDT,0.2576,211.0,0.2577,211.0,0.2577,7445448.0,
1753461139811,16:32:19.811,ALGO/USDT:USDT,0.2576,211.0,0.2577,213.0,0.2577,7445448.0,
1753461140271,16:32:20.271,ALGO/USDT:USDT,0.2576,214.0,0.2577,349.0,0.2577,7445448.0,
1753461140521,16:32:20.521,ALGO/USDT:USDT,0.2576,682.0,0.2578,2558.0,0.2577,7445448.0,
1753461140649,16:32:20.649,ALGO/USDT:USDT,0.2576,464.0,0.2577,211.0,0.2577,7445448.0,
1753461140984,16:32:20.984,ALGO/USDT:USDT,0.2576,464.0,0.2578,4084.0,0.2577,7445448.0,
1753461141115,16:32:21.115,ALGO/USDT:USDT,0.2576,464.0,0.2577,159.0,0.2577,7445448.0,
1753461141216,16:32:21.216,ALGO/USDT:USDT,0.2576,464.0,0.2577,209.0,0.2577,7445448.0,
1753461141361,16:32:21.361,ALGO/USDT:USDT,0.2576,464.0,0.2577,211.0,0.2577,7445448.0,
1753461141576,16:32:21.576,ALGO/USDT:USDT,0.2576,484.0,0.2577,161.0,0.2577,7445448.0,
1753461141816,16:32:21.816,ALGO/USDT:USDT,0.2576,484.0,0.2578,2660.0,0.2577,7445448.0,
1753461142141,16:32:22.141,ALGO/USDT:USDT,0.2576,484.0,0.2577,159.0,0.2577,7445448.0,
1753461142242,16:32:22.242,ALGO/USDT:USDT,0.2576,484.0,0.2577,161.0,0.2577,7445448.0,
1753461142605,16:32:22.605,ALGO/USDT:USDT,0.2576,488.0,0.2577,161.0,0.2577,7445448.0,
1753461142866,16:32:22.866,ALGO/USDT:USDT,0.2576,488.0,0.2577,212.0,0.2577,7445448.0,
1753461143206,16:32:23.206,ALGO/USDT:USDT,0.2576,488.0,0.2578,2459.0,0.2577,7445448.0,
1753461143316,16:32:23.316,ALGO/USDT:USDT,0.2576,1291.0,0.2578,1613.0,0.2577,7445448.0,
1753461143554,16:32:23.554,ALGO/USDT:USDT,0.2577,335.0,0.2578,688.0,0.2577,7445448.0,
1753461143670,16:32:23.670,ALGO/USDT:USDT,0.2577,501.0,0.2578,673.0,0.2577,7445448.0,
1753461143920,16:32:23.920,ALGO/USDT:USDT,0.2577,501.0,0.2578,596.0,0.2577,7445448.0,
1753461144039,16:32:24.039,ALGO/USDT:USDT,0.2577,419.0,0.2578,596.0,0.2577,7445448.0,
1753461144171,16:32:24.171,ALGO/USDT:USDT,0.2577,335.0,0.2578,596.0,0.2577,7445448.0,
1753461144271,16:32:24.271,ALGO/USDT:USDT,0.2577,420.0,0.2578,596.0,0.2577,7445448.0,
1753461144404,16:32:24.404,ALGO/USDT:USDT,0.2577,502.0,0.2578,596.0,0.2577,7445448.0,
1753461144627,16:32:24.627,ALGO/USDT:USDT,0.2577,638.0,0.2578,124.0,0.2577,7445448.0,
1753461144733,16:32:24.733,ALGO/USDT:USDT,0.2577,638.0,0.2578,122.0,0.2577,7445448.0,
1753461144962,16:32:24.962,ALGO/USDT:USDT,0.2578,1108.0,0.2579,345.0,0.2578,7445570.0,
1753461145087,16:32:25.087,ALGO/USDT:USDT,0.2578,674.0,0.2579,350.0,0.2578,7445570.0,
1753461145217,16:32:25.217,ALGO/USDT:USDT,0.2578,674.0,0.2579,179.0,0.2578,7445570.0,
