timestamp,time,symbol,bid,bidVolume,ask,askVolume,lastPrice,baseVolume,quoteVolume
1753460897779,16:28:17.779,ADA/USDT:USDT,0.7825,517.3,0.7826,177.4,0.7825,3983078.4,
1753460897906,16:28:17.906,ADA/USDT:USDT,0.7825,249.7,0.7826,253.8,0.7825,3983078.4,
1753460898589,16:28:18.589,ADA/USDT:USDT,0.7825,271.1,0.7826,110.5,0.7825,3983078.4,
1753460898701,16:28:18.701,ADA/USDT:USDT,0.7825,334.0,0.7826,3.5,0.7825,3983078.4,
1753460898907,16:28:18.907,ADA/USDT:USDT,0.7826,719.1,0.7827,138.7,0.7826,3983081.7,
1753460899108,16:28:19.108,ADA/USDT:USDT,0.7826,719.1,0.7827,6.6,0.7826,3983081.7,
1753460899209,16:28:19.209,ADA/USDT:USDT,0.7826,721.1,0.7827,8.1,0.7826,3983081.7,
1753460899310,16:28:19.310,ADA/USDT:USDT,0.7826,712.2,0.7827,8.1,0.7826,3983081.7,
1753460899411,16:28:19.411,ADA/USDT:USDT,0.7827,768.1,0.7828,67.2,0.7827,3983090.0,
1753460899513,16:28:19.513,ADA/USDT:USDT,0.7827,768.1,0.7828,0.4,0.7827,3983090.0,
1753460899792,16:28:19.792,ADA/USDT:USDT,0.7827,580.2,0.7828,133.2,0.7827,3983090.0,
1753460900797,16:28:20.797,ADA/USDT:USDT,0.7826,37.9,0.7827,881.5,0.7826,3983092.4,
1753460901005,16:28:21.005,ADA/USDT:USDT,0.7826,37.9,0.7827,846.1,0.7826,3983092.4,
1753460901207,16:28:21.207,ADA/USDT:USDT,0.7826,562.8,0.7828,133.8,0.7827,3983092.5,
1753460901308,16:28:21.308,ADA/USDT:USDT,0.7827,620.4,0.7828,133.4,0.7827,3983092.5,
1753460901414,16:28:21.414,ADA/USDT:USDT,0.7827,308.5,0.7828,223.3,0.7827,3983092.5,
1753460901556,16:28:21.556,ADA/USDT:USDT,0.7827,267.7,0.7828,285.2,0.7827,3983092.5,
1753460901665,16:28:21.665,ADA/USDT:USDT,0.7827,155.4,0.7828,285.2,0.7827,3983092.5,
1753460901792,16:28:21.792,ADA/USDT:USDT,0.7827,267.1,0.7828,286.0,0.7827,3983092.5,
1753460901899,16:28:21.899,ADA/USDT:USDT,0.7827,157.7,0.7828,286.0,0.7827,3983092.5,
1753460902007,16:28:22.007,ADA/USDT:USDT,0.7827,36.9,0.7828,348.3,0.7827,3983092.5,
1753460902107,16:28:22.107,ADA/USDT:USDT,0.7827,391.5,0.7828,318.3,0.7827,3983092.5,
1753460902209,16:28:22.209,ADA/USDT:USDT,0.7827,400.1,0.7828,284.7,0.7827,3983092.5,
1753460902465,16:28:22.465,ADA/USDT:USDT,0.7827,400.1,0.7828,203.8,0.7827,3983092.5,
1753460902707,16:28:22.707,ADA/USDT:USDT,0.7827,385.7,0.7828,203.8,0.7827,3983092.5,
1753460902808,16:28:22.808,ADA/USDT:USDT,0.7826,2.1,0.7827,807.2,0.7827,3983132.6,
1753460902922,16:28:22.922,ADA/USDT:USDT,0.7826,2.1,0.7827,768.4,0.7827,3983132.6,
1753460903023,16:28:23.023,ADA/USDT:USDT,0.7826,2.1,0.7827,810.6,0.7827,3983132.6,
1753460903178,16:28:23.178,ADA/USDT:USDT,0.7825,0.1,0.7826,733.9,0.7826,3983134.7,
1753460903282,16:28:23.282,ADA/USDT:USDT,0.7825,321.3,0.7826,261.8,0.7826,3983134.7,
1753460903413,16:28:23.413,ADA/USDT:USDT,0.7825,331.2,0.7826,138.0,0.7826,3983134.7,
1753460903516,16:28:23.516,ADA/USDT:USDT,0.7825,391.0,0.7826,54.9,0.7826,3983146.0,
1753460903619,16:28:23.619,ADA/USDT:USDT,0.7825,288.6,0.7826,121.1,0.7826,3983146.0,
1753460903732,16:28:23.732,ADA/USDT:USDT,0.7825,309.6,0.7826,121.1,0.7826,3983146.0,
1753460903876,16:28:23.876,ADA/USDT:USDT,0.7825,310.8,0.7826,121.1,0.7826,3983146.0,
1753460904107,16:28:24.107,ADA/USDT:USDT,0.7825,169.8,0.7826,196.7,0.7826,3983146.0,
1753460904211,16:28:24.211,ADA/USDT:USDT,0.7825,181.9,0.7826,196.7,0.7826,3983146.0,
1753460904311,16:28:24.311,ADA/USDT:USDT,0.7825,242.2,0.7826,141.1,0.7826,3983146.0,
1753460904414,16:28:24.414,ADA/USDT:USDT,0.7825,249.2,0.7826,80.7,0.7826,3983146.0,
1753460904523,16:28:24.523,ADA/USDT:USDT,0.7825,218.9,0.7826,121.1,0.7826,3983146.0,
1753460904631,16:28:24.631,ADA/USDT:USDT,0.7825,235.8,0.7826,121.1,0.7826,3983146.0,
1753460904732,16:28:24.732,ADA/USDT:USDT,0.7825,218.9,0.7826,121.1,0.7826,3983146.0,
1753460905105,16:28:25.105,ADA/USDT:USDT,0.7825,181.9,0.7826,183.8,0.7826,3983146.0,
1753460905342,16:28:25.342,ADA/USDT:USDT,0.7825,239.3,0.7826,121.1,0.7826,3983146.0,
1753460905467,16:28:25.467,ADA/USDT:USDT,0.7825,236.6,0.7826,121.1,0.7826,3983146.0,
1753460905610,16:28:25.610,ADA/USDT:USDT,0.7825,221.1,0.7826,233.3,0.7826,3983146.0,
1753460905720,16:28:25.720,ADA/USDT:USDT,0.7825,160.4,0.7826,370.2,0.7826,3983146.0,
1753460905824,16:28:25.824,ADA/USDT:USDT,0.7825,8.1,0.7826,416.2,0.7826,3983146.0,
1753460905927,16:28:25.927,ADA/USDT:USDT,0.7825,8.3,0.7826,421.2,0.7826,3983146.0,
1753460906060,16:28:26.060,ADA/USDT:USDT,0.7825,89.3,0.7826,391.4,0.7826,3983146.0,
1753460906206,16:28:26.206,ADA/USDT:USDT,0.7825,89.3,0.7826,390.9,0.7826,3983146.0,
1753460906362,16:28:26.362,ADA/USDT:USDT,0.7825,6.9,0.7826,398.6,0.7825,3983147.4,
1753460906474,16:28:26.474,ADA/USDT:USDT,0.7825,4.4,0.7826,436.3,0.7825,3983149.9,
1753460906603,16:28:26.603,ADA/USDT:USDT,0.7825,241.1,0.7826,169.9,0.7825,3983149.9,
1753460906704,16:28:26.704,ADA/USDT:USDT,0.7825,226.4,0.7826,222.9,0.7825,3983149.9,
1753460906806,16:28:26.806,ADA/USDT:USDT,0.7825,415.3,0.7826,28.9,0.7826,3983211.8,
1753460906907,16:28:26.907,ADA/USDT:USDT,0.7826,577.9,0.7827,157.2,0.7826,3983240.7,
1753460907014,16:28:27.014,ADA/USDT:USDT,0.7826,598.0,0.7827,179.0,0.7827,3983241.3,
1753460907118,16:28:27.118,ADA/USDT:USDT,0.7826,591.5,0.7827,179.0,0.7827,3983241.3,
1753460907264,16:28:27.264,ADA/USDT:USDT,0.7826,597.8,0.7827,153.4,0.7827,3983241.3,
1753460907366,16:28:27.366,ADA/USDT:USDT,0.7826,609.5,0.7827,153.4,0.7827,3983241.3,
1753460907586,16:28:27.586,ADA/USDT:USDT,0.7826,662.0,0.7827,25.2,0.7827,3983241.3,
1753460907709,16:28:27.709,ADA/USDT:USDT,0.7827,558.2,0.7828,2.0,0.7827,3983266.0,
1753460907910,16:28:27.910,ADA/USDT:USDT,0.7827,558.6,0.7828,2.0,0.7827,3983266.0,
1753460908141,16:28:28.141,ADA/USDT:USDT,0.7827,558.9,0.7828,1.5,0.7827,3983266.0,
1753460908353,16:28:28.353,ADA/USDT:USDT,0.7828,712.0,0.7829,0.8,0.7828,3983267.5,
1753460908473,16:28:28.473,ADA/USDT:USDT,0.7828,712.2,0.7829,1.0,0.7828,3983267.5,
1753460908603,16:28:28.603,ADA/USDT:USDT,0.7828,652.0,0.7829,133.1,0.7828,3983267.5,
1753460908709,16:28:28.709,ADA/USDT:USDT,0.7828,235.6,0.7829,207.7,0.7828,3983267.5,
1753460908811,16:28:28.811,ADA/USDT:USDT,0.7827,286.5,0.7828,367.9,0.7828,3983267.5,
1753460908963,16:28:28.963,ADA/USDT:USDT,0.7827,286.5,0.7828,378.8,0.7828,3983267.5,
1753460909108,16:28:29.108,ADA/USDT:USDT,0.7827,286.5,0.7828,368.4,0.7828,3983267.5,
1753460909351,16:28:29.351,ADA/USDT:USDT,0.7827,0.3,0.7828,385.1,0.7827,3983267.6,
1753460909481,16:28:29.481,ADA/USDT:USDT,0.7827,5.0,0.7828,391.1,0.7827,3983267.6,
1753460909600,16:28:29.600,ADA/USDT:USDT,0.7827,5.2,0.7828,424.2,0.7827,3983267.6,
1753460909710,16:28:29.710,ADA/USDT:USDT,0.7826,188.2,0.7828,393.1,0.7827,3983272.8,
1753460909848,16:28:29.848,ADA/USDT:USDT,0.7826,0.2,0.7827,799.8,0.7827,3983272.8,
1753460909964,16:28:29.964,ADA/USDT:USDT,0.7826,0.2,0.7827,776.9,0.7827,3983272.8,
1753460910077,16:28:30.077,ADA/USDT:USDT,0.7826,0.2,0.7827,777.4,0.7827,3983272.8,
1753460910200,16:28:30.200,ADA/USDT:USDT,0.7826,284.9,0.7827,528.8,0.7827,3983272.8,
1753460910307,16:28:30.307,ADA/USDT:USDT,0.7826,284.9,0.7827,540.4,0.7827,3983272.8,
1753460910414,16:28:30.414,ADA/USDT:USDT,0.7826,284.7,0.7827,551.3,0.7827,3983272.8,
1753460910669,16:28:30.669,ADA/USDT:USDT,0.7826,264.7,0.7827,550.8,0.7827,3983272.8,
1753460910907,16:28:30.907,ADA/USDT:USDT,0.7826,264.7,0.7827,551.3,0.7827,3983272.8,
1753460911008,16:28:31.008,ADA/USDT:USDT,0.7826,11.9,0.7827,578.3,0.7827,3983272.8,
1753460911116,16:28:31.116,ADA/USDT:USDT,0.7825,3.5,0.7826,393.4,0.7825,3983287.1,
1753460911215,16:28:31.215,ADA/USDT:USDT,0.7825,3.4,0.7826,520.8,0.7825,3983287.4,
1753460911370,16:28:31.370,ADA/USDT:USDT,0.7824,12.4,0.7825,825.4,0.7825,3983290.8,
1753460911471,16:28:31.471,ADA/USDT:USDT,0.7824,0.3,0.7825,843.9,0.7825,3983290.8,
1753460911606,16:28:31.606,ADA/USDT:USDT,0.7824,0.3,0.7825,879.2,0.7825,3983290.8,
1753460912206,16:28:32.206,ADA/USDT:USDT,0.7824,364.1,0.7825,488.5,0.7825,3983290.8,
1753460912308,16:28:32.308,ADA/USDT:USDT,0.7824,364.3,0.7825,473.8,0.7825,3983290.8,
1753460912412,16:28:32.412,ADA/USDT:USDT,0.7824,0.3,0.7825,517.5,0.7825,3983290.8,
1753460912556,16:28:32.556,ADA/USDT:USDT,0.7824,0.3,0.7825,518.0,0.7825,3983290.8,
1753460912702,16:28:32.702,ADA/USDT:USDT,0.7824,0.3,0.7825,518.2,0.7825,3983290.8,
1753460912813,16:28:32.813,ADA/USDT:USDT,0.7824,0.3,0.7825,513.0,0.7825,3983290.8,
1753460912914,16:28:32.914,ADA/USDT:USDT,0.7824,199.6,0.7825,502.9,0.7825,3983290.8,
1753460913065,16:28:33.065,ADA/USDT:USDT,0.7824,278.6,0.7825,488.3,0.7825,3983290.8,
1753460913178,16:28:33.178,ADA/USDT:USDT,0.7824,294.7,0.7825,136.3,0.7825,3983290.8,
1753460913405,16:28:33.405,ADA/USDT:USDT,0.7824,309.7,0.7825,95.9,0.7825,3983290.8,
1753460913508,16:28:33.508,ADA/USDT:USDT,0.7824,234.6,0.7825,209.2,0.7825,3983290.8,
1753460913625,16:28:33.625,ADA/USDT:USDT,0.7824,126.9,0.7825,319.4,0.7825,3983290.8,
1753460913766,16:28:33.766,ADA/USDT:USDT,0.7824,225.9,0.7825,303.3,0.7825,3983290.8,
1753460913870,16:28:33.870,ADA/USDT:USDT,0.7824,225.9,0.7825,301.4,0.7825,3983290.8,
1753460914163,16:28:34.163,ADA/USDT:USDT,0.7824,355.0,0.7825,4.2,0.7825,3983290.8,
1753460914300,16:28:34.300,ADA/USDT:USDT,0.7824,287.9,0.7825,141.7,0.7825,3983290.8,
1753460914408,16:28:34.408,ADA/USDT:USDT,0.7824,287.7,0.7825,181.9,0.7825,3983290.8,
1753460914508,16:28:34.508,ADA/USDT:USDT,0.7824,287.7,0.7825,182.4,0.7825,3983290.8,
1753460914711,16:28:34.711,ADA/USDT:USDT,0.7824,287.7,0.7825,161.7,0.7825,3983290.8,
1753460914995,16:28:34.995,ADA/USDT:USDT,0.7824,303.8,0.7825,161.7,0.7825,3983290.8,
1753460915106,16:28:35.106,ADA/USDT:USDT,0.7824,287.7,0.7825,161.7,0.7825,3983290.8,
1753460915309,16:28:35.309,ADA/USDT:USDT,0.7824,303.8,0.7825,141.7,0.7825,3983290.8,
1753460915410,16:28:35.410,ADA/USDT:USDT,0.7825,673.8,0.7826,132.6,0.7825,3983300.9,
1753460915512,16:28:35.512,ADA/USDT:USDT,0.7825,726.0,0.7826,66.5,0.7825,3983300.9,
1753460915648,16:28:35.648,ADA/USDT:USDT,0.7825,726.0,0.7826,67.1,0.7825,3983300.9,
1753460915751,16:28:35.751,ADA/USDT:USDT,0.7825,658.7,0.7826,26.5,0.7825,3983300.9,
1753460915859,16:28:35.859,ADA/USDT:USDT,0.7825,727.0,0.7826,0.9,0.7825,3983300.9,
1753460915965,16:28:35.965,ADA/USDT:USDT,0.7825,727.1,0.7826,0.9,0.7825,3983301.0,
1753460916172,16:28:36.172,ADA/USDT:USDT,0.7825,746.4,0.7826,0.9,0.7825,3983301.0,
1753460916290,16:28:36.290,ADA/USDT:USDT,0.7825,746.4,0.7826,41.3,0.7825,3983301.0,
1753460916395,16:28:36.395,ADA/USDT:USDT,0.7825,558.5,0.7826,132.7,0.7825,3983301.0,
1753460916497,16:28:36.497,ADA/USDT:USDT,0.7826,767.1,0.7828,92.1,0.7827,3983301.9,
1753460916610,16:28:36.610,ADA/USDT:USDT,0.7827,595.8,0.7828,0.4,0.7827,3983301.9,
1753460916918,16:28:36.918,ADA/USDT:USDT,0.7827,595.6,0.7828,41.3,0.7827,3983301.9,
1753460917042,16:28:37.042,ADA/USDT:USDT,0.7827,447.9,0.7828,173.0,0.7827,3983301.9,
1753460917171,16:28:37.171,ADA/USDT:USDT,0.7827,275.8,0.7828,202.4,0.7827,3983301.9,
1753460917298,16:28:37.298,ADA/USDT:USDT,0.7827,283.8,0.7828,193.2,0.7827,3983301.9,
1753460917404,16:28:37.404,ADA/USDT:USDT,0.7827,322.5,0.7828,157.4,0.7827,3983301.9,
1753460917506,16:28:37.506,ADA/USDT:USDT,0.7827,322.5,0.7828,117.0,0.7827,3983301.9,
1753460917614,16:28:37.614,ADA/USDT:USDT,0.7827,373.6,0.7828,97.0,0.7827,3983301.9,
1753460917718,16:28:37.718,ADA/USDT:USDT,0.7827,44.4,0.7828,443.5,0.7827,3983301.9,
1753460917866,16:28:37.866,ADA/USDT:USDT,0.7827,58.7,0.7828,396.2,0.7827,3983301.9,
1753460917972,16:28:37.972,ADA/USDT:USDT,0.7827,359.2,0.7828,232.6,0.7827,3983301.9,
1753460918101,16:28:38.101,ADA/USDT:USDT,0.7827,359.4,0.7828,180.6,0.7827,3983301.9,
1753460918205,16:28:38.205,ADA/USDT:USDT,0.7827,359.7,0.7828,180.6,0.7827,3983301.9,
1753460918306,16:28:38.306,ADA/USDT:USDT,0.7827,411.6,0.7828,6.9,0.7827,3983301.9,
1753460918406,16:28:38.406,ADA/USDT:USDT,0.7827,412.5,0.7828,6.9,0.7827,3983301.9,
1753460918508,16:28:38.508,ADA/USDT:USDT,0.7827,412.2,0.7829,54.1,0.7828,3983308.8,
1753460918612,16:28:38.612,ADA/USDT:USDT,0.7828,568.4,0.7829,1.0,0.7828,3983308.9,
1753460918713,16:28:38.713,ADA/USDT:USDT,0.7828,619.5,0.7829,0.9,0.7828,3983308.9,
1753460918814,16:28:38.814,ADA/USDT:USDT,0.7828,563.8,0.7829,120.7,0.7828,3983308.9,
1753460919062,16:28:39.062,ADA/USDT:USDT,0.7829,16.0,0.783,155.9,0.7829,3983311.2,
1753460919187,16:28:39.187,ADA/USDT:USDT,0.7829,702.7,0.783,14.1,0.7829,3983311.2,
1753460919312,16:28:39.312,ADA/USDT:USDT,0.7829,516.9,0.783,165.7,0.7829,3983311.2,
1753460919433,16:28:39.433,ADA/USDT:USDT,0.7829,654.3,0.783,1.6,0.7829,3983311.2,
1753460919536,16:28:39.536,ADA/USDT:USDT,0.7829,331.6,0.783,211.0,0.7829,3983311.2,
1753460919641,16:28:39.641,ADA/USDT:USDT,0.7829,165.4,0.783,337.5,0.7829,3983311.2,
1753460919775,16:28:39.775,ADA/USDT:USDT,0.7829,229.7,0.783,196.1,0.7829,3983311.8,
1753460919901,16:28:39.901,ADA/USDT:USDT,0.7829,183.6,0.783,210.7,0.7829,3983311.8,
1753460920006,16:28:40.006,ADA/USDT:USDT,0.7829,172.4,0.783,210.7,0.7829,3983311.8,
1753460920111,16:28:40.111,ADA/USDT:USDT,0.7828,0.2,0.7829,711.5,0.7828,3983391.5,
1753460920220,16:28:40.220,ADA/USDT:USDT,0.7827,238.9,0.7828,311.7,0.7828,3983391.5,
1753460920321,16:28:40.321,ADA/USDT:USDT,0.7827,234.4,0.7828,286.5,0.7828,3983391.5,
1753460920440,16:28:40.440,ADA/USDT:USDT,0.7827,153.4,0.7828,301.4,0.7828,3983391.5,
1753460920568,16:28:40.568,ADA/USDT:USDT,0.7827,199.0,0.7828,286.5,0.7828,3983391.5,
1753460920670,16:28:40.670,ADA/USDT:USDT,0.7827,217.4,0.7828,206.8,0.7828,3983391.5,
1753460920914,16:28:40.914,ADA/USDT:USDT,0.7827,251.5,0.7828,206.8,0.7828,3983391.5,
1753460921025,16:28:41.025,ADA/USDT:USDT,0.7827,251.4,0.7828,206.9,0.7828,3983391.5,
1753460921135,16:28:41.135,ADA/USDT:USDT,0.7827,267.7,0.7828,106.8,0.7828,3983391.5,
1753460921247,16:28:41.247,ADA/USDT:USDT,0.7827,310.5,0.7829,172.6,0.7828,3983391.6,
1753460921350,16:28:41.350,ADA/USDT:USDT,0.7828,463.1,0.7829,132.5,0.7828,3983391.6,
1753460921463,16:28:41.463,ADA/USDT:USDT,0.7828,482.6,0.7829,153.0,0.7828,3983391.6,
1753460921578,16:28:41.578,ADA/USDT:USDT,0.7828,477.0,0.7829,153.0,0.7828,3983391.6,
1753460921703,16:28:41.703,ADA/USDT:USDT,0.7828,482.4,0.7829,132.5,0.7828,3983391.6,
1753460921910,16:28:41.910,ADA/USDT:USDT,0.7828,492.8,0.7829,133.7,0.7828,3983391.6,
1753460922014,16:28:42.014,ADA/USDT:USDT,0.7828,484.0,0.7829,133.8,0.7828,3983391.6,
1753460922122,16:28:42.122,ADA/USDT:USDT,0.7828,478.4,0.7829,133.8,0.7828,3983391.6,
1753460922268,16:28:42.268,ADA/USDT:USDT,0.7828,483.8,0.7829,133.8,0.7828,3983391.6,
1753460922599,16:28:42.599,ADA/USDT:USDT,0.7827,66.1,0.7829,640.1,0.7828,3983426.2,
1753460922706,16:28:42.706,ADA/USDT:USDT,0.7827,0.1,0.7828,861.9,0.7828,3983426.2,
1753460922924,16:28:42.924,ADA/USDT:USDT,0.7827,0.1,0.7828,898.0,0.7828,3983426.2,
1753460923032,16:28:43.032,ADA/USDT:USDT,0.7827,0.1,0.7828,900.7,0.7828,3983426.2,
1753460923148,16:28:43.148,ADA/USDT:USDT,0.7826,132.4,0.7827,732.1,0.7827,3983426.3,
1753460923267,16:28:43.267,ADA/USDT:USDT,0.7826,213.6,0.7827,725.4,0.7827,3983426.3,
1753460923404,16:28:43.404,ADA/USDT:USDT,0.7826,70.7,0.7827,742.3,0.7827,3983426.3,
1753460923506,16:28:43.506,ADA/USDT:USDT,0.7826,158.0,0.7827,729.3,0.7827,3983426.3,
1753460923606,16:28:43.606,ADA/USDT:USDT,0.7826,183.6,0.7827,697.2,0.7827,3983426.3,
1753460923809,16:28:43.809,ADA/USDT:USDT,0.7826,319.4,0.7827,153.8,0.7827,3983426.3,
1753460923964,16:28:43.964,ADA/USDT:USDT,0.7826,319.4,0.7827,176.4,0.7827,3983426.3,
1753460924080,16:28:44.080,ADA/USDT:USDT,0.7826,257.7,0.7827,185.4,0.7827,3983426.3,
1753460924183,16:28:44.183,ADA/USDT:USDT,0.7826,198.1,0.7827,194.5,0.7827,3983426.3,
1753460924295,16:28:44.295,ADA/USDT:USDT,0.7826,198.1,0.7827,221.3,0.7827,3983426.3,
1753460924397,16:28:44.397,ADA/USDT:USDT,0.7826,198.1,0.7827,214.5,0.7827,3983426.3,
1753460924508,16:28:44.508,ADA/USDT:USDT,0.7826,198.1,0.7827,219.9,0.7827,3983426.3,
1753460924611,16:28:44.611,ADA/USDT:USDT,0.7826,201.2,0.7827,205.4,0.7827,3983426.4,
1753460924766,16:28:44.766,ADA/USDT:USDT,0.7826,201.2,0.7827,205.4,0.7827,3983426.4,
1753460924869,16:28:44.869,ADA/USDT:USDT,0.7826,95.1,0.7827,205.4,0.7827,3983426.4,
1753460924979,16:28:44.979,ADA/USDT:USDT,0.7826,6.5,0.7827,442.8,0.7826,3983428.0,
1753460925208,16:28:45.208,ADA/USDT:USDT,0.7826,5.8,0.7827,449.6,0.7826,3983428.7,
1753460925311,16:28:45.311,ADA/USDT:USDT,0.7826,5.8,0.7827,449.7,0.7826,3983428.7,
1753460925419,16:28:45.419,ADA/USDT:USDT,0.7826,5.9,0.7827,444.5,0.7826,3983428.7,
1753460925528,16:28:45.528,ADA/USDT:USDT,0.7826,5.9,0.7827,449.2,0.7826,3983428.7,
1753460925668,16:28:45.668,ADA/USDT:USDT,0.7826,5.9,0.7827,393.1,0.7826,3983428.7,
1753460925789,16:28:45.789,ADA/USDT:USDT,0.7826,5.9,0.7827,273.1,0.7826,3983428.7,
1753460925908,16:28:45.908,ADA/USDT:USDT,0.7826,252.1,0.7827,154.0,0.7826,3983428.7,
1753460926009,16:28:46.009,ADA/USDT:USDT,0.7826,239.0,0.7827,154.9,0.7826,3983428.7,
1753460926110,16:28:46.110,ADA/USDT:USDT,0.7826,52.6,0.7827,308.9,0.7826,3983428.7,
1753460926211,16:28:46.211,ADA/USDT:USDT,0.7826,14.3,0.7827,310.8,0.7826,3983428.7,
1753460926319,16:28:46.319,ADA/USDT:USDT,0.7826,8.2,0.7827,361.8,0.7827,3983428.8,
1753460926423,16:28:46.423,ADA/USDT:USDT,0.7826,8.4,0.7827,361.7,0.7827,3983428.9,
1753460926707,16:28:46.707,ADA/USDT:USDT,0.7826,7.0,0.7827,348.3,0.7827,3983428.9,
1753460926963,16:28:46.963,ADA/USDT:USDT,0.7826,457.5,0.7827,26.1,0.7827,3983428.9,
1753460927067,16:28:47.067,ADA/USDT:USDT,0.7826,508.8,0.7827,81.0,0.7827,3983428.9,
1753460927170,16:28:47.170,ADA/USDT:USDT,0.7826,502.1,0.7827,81.2,0.7827,3983428.9,
1753460927281,16:28:47.281,ADA/USDT:USDT,0.7826,444.8,0.7827,151.3,0.7827,3983428.9,
1753460927395,16:28:47.395,ADA/USDT:USDT,0.7826,386.5,0.7827,151.5,0.7827,3983428.9,
1753460927506,16:28:47.506,ADA/USDT:USDT,0.7826,387.4,0.7827,143.6,0.7827,3983428.9,
1753460927712,16:28:47.712,ADA/USDT:USDT,0.7826,453.8,0.7827,1.0,0.7827,3983428.9,
1753460927940,16:28:47.940,ADA/USDT:USDT,0.7826,446.0,0.7827,55.8,0.7827,3983428.9,
1753460928067,16:28:48.067,ADA/USDT:USDT,0.7826,390.1,0.7827,55.8,0.7827,3983428.9,
1753460928168,16:28:48.168,ADA/USDT:USDT,0.7826,390.1,0.7827,81.5,0.7827,3983428.9,
1753460928301,16:28:48.301,ADA/USDT:USDT,0.7826,386.5,0.7827,142.4,0.7827,3983428.9,
1753460928405,16:28:48.405,ADA/USDT:USDT,0.7826,460.6,0.7827,1.0,0.7827,3983428.9,
1753460928665,16:28:48.665,ADA/USDT:USDT,0.7826,452.9,0.7827,1.0,0.7827,3983428.9,
1753460928817,16:28:48.817,ADA/USDT:USDT,0.7826,397.0,0.7827,133.1,0.7827,3983428.9,
1753460929089,16:28:49.089,ADA/USDT:USDT,0.7826,448.1,0.7827,1.5,0.7827,3983428.9,
1753460929196,16:28:49.196,ADA/USDT:USDT,0.7826,460.9,0.7827,26.6,0.7826,3983429.0,
1753460929306,16:28:49.306,ADA/USDT:USDT,0.7826,452.2,0.7827,1.0,0.7826,3983429.8,
1753460929407,16:28:49.407,ADA/USDT:USDT,0.7826,452.2,0.7827,1.0,0.7826,3983429.8,
1753460929509,16:28:49.509,ADA/USDT:USDT,0.7826,459.8,0.7828,348.4,0.7827,3983430.8,
1753460929609,16:28:49.609,ADA/USDT:USDT,0.7827,667.4,0.7829,69.1,0.7828,3983431.4,
1753460929722,16:28:49.722,ADA/USDT:USDT,0.7828,440.4,0.7829,120.9,0.7828,3983431.4,
1753460929823,16:28:49.823,ADA/USDT:USDT,0.7828,333.5,0.7829,181.1,0.7828,3983431.4,
1753460929969,16:28:49.969,ADA/USDT:USDT,0.7828,0.4,0.7829,325.8,0.7828,3983431.4,
1753460930191,16:28:50.191,ADA/USDT:USDT,0.7828,0.2,0.7829,349.9,0.7828,3983431.4,
1753460930304,16:28:50.304,ADA/USDT:USDT,0.7828,0.2,0.7829,351.1,0.7828,3983431.4,
1753460930405,16:28:50.405,ADA/USDT:USDT,0.7828,0.2,0.7829,351.2,0.7828,3983431.4,
1753460930510,16:28:50.510,ADA/USDT:USDT,0.7828,0.2,0.7829,352.2,0.7828,3983431.4,
1753460930616,16:28:50.616,ADA/USDT:USDT,0.7828,0.2,0.7829,353.4,0.7828,3983431.4,
1753460930757,16:28:50.757,ADA/USDT:USDT,0.7828,0.2,0.7829,352.9,0.7828,3983431.4,
1753460930867,16:28:50.867,ADA/USDT:USDT,0.7828,0.1,0.7829,360.3,0.7828,3983431.5,
1753460931310,16:28:51.310,ADA/USDT:USDT,0.7826,315.7,0.7827,237.1,0.7826,3983432.5,
1753460931516,16:28:51.516,ADA/USDT:USDT,0.7826,381.5,0.7828,278.9,0.7827,3983432.6,
1753460931667,16:28:51.667,ADA/USDT:USDT,0.7827,333.5,0.7828,254.2,0.7827,3983432.6,
1753460931790,16:28:51.790,ADA/USDT:USDT,0.7827,351.0,0.7828,274.3,0.7827,3983432.6,
1753460931908,16:28:51.908,ADA/USDT:USDT,0.7827,319.4,0.7828,254.2,0.7827,3983432.6,
1753460932012,16:28:52.012,ADA/USDT:USDT,0.7828,486.2,0.7829,154.0,0.7828,3983432.7,
1753460932144,16:28:52.144,ADA/USDT:USDT,0.7827,255.8,0.7828,447.0,0.7828,3983432.7,
1753460932246,16:28:52.246,ADA/USDT:USDT,0.7827,221.3,0.7828,411.8,0.7828,3983432.7,
1753460932400,16:28:52.400,ADA/USDT:USDT,0.7827,211.0,0.7828,45.6,0.7828,3983432.7,
1753460932501,16:28:52.501,ADA/USDT:USDT,0.7827,230.8,0.7828,137.5,0.7828,3983432.7,
1753460932605,16:28:52.605,ADA/USDT:USDT,0.7827,230.8,0.7828,137.0,0.7828,3983432.7,
1753460932706,16:28:52.706,ADA/USDT:USDT,0.7827,293.0,0.7828,4.9,0.7827,3983432.8,
1753460932812,16:28:52.812,ADA/USDT:USDT,0.7827,281.8,0.7828,5.1,0.7827,3983432.8,
1753460932915,16:28:52.915,ADA/USDT:USDT,0.7827,230.7,0.7828,125.8,0.7827,3983432.8,
1753460933066,16:28:53.066,ADA/USDT:USDT,0.7827,230.7,0.7828,137.3,0.7827,3983432.8,
1753460933172,16:28:53.172,ADA/USDT:USDT,0.7827,230.7,0.7828,138.3,0.7827,3983432.8,
1753460933275,16:28:53.275,ADA/USDT:USDT,0.7827,147.4,0.7828,199.4,0.7827,3983432.8,
1753460933405,16:28:53.405,ADA/USDT:USDT,0.7827,365.0,0.7829,186.0,0.7828,3983439.7,
1753460933508,16:28:53.508,ADA/USDT:USDT,0.7828,526.3,0.7829,122.1,0.7828,3983439.7,
1753460933610,16:28:53.610,ADA/USDT:USDT,0.7828,582.4,0.7829,66.9,0.7828,3983439.7,
1753460933710,16:28:53.710,ADA/USDT:USDT,0.7828,589.1,0.7829,26.8,0.7828,3983439.7,
1753460933819,16:28:53.819,ADA/USDT:USDT,0.7828,590.3,0.7829,0.7,0.7828,3983439.7,
1753460933920,16:28:53.920,ADA/USDT:USDT,0.7829,456.7,0.783,133.9,0.7829,3983440.4,
1753460934030,16:28:54.030,ADA/USDT:USDT,0.7829,486.5,0.783,153.1,0.7829,3983440.4,
1753460934156,16:28:54.156,ADA/USDT:USDT,0.7829,480.8,0.783,153.2,0.7829,3983440.4,
1753460934374,16:28:54.374,ADA/USDT:USDT,0.7829,480.8,0.783,133.7,0.7829,3983440.4,
1753460934506,16:28:54.506,ADA/USDT:USDT,0.7829,538.8,0.783,93.5,0.7829,3983440.4,
1753460934710,16:28:54.710,ADA/USDT:USDT,0.7829,493.1,0.783,93.5,0.7829,3983440.4,
1753460934946,16:28:54.946,ADA/USDT:USDT,0.7829,5.0,0.783,430.4,0.7829,3983442.6,
1753460935074,16:28:55.074,ADA/USDT:USDT,0.7829,16.2,0.783,369.8,0.7829,3983442.6,
1753460935190,16:28:55.190,ADA/USDT:USDT,0.7829,47.6,0.783,308.7,0.7829,3983442.7,
1753460935305,16:28:55.305,ADA/USDT:USDT,0.7829,4.8,0.783,302.1,0.7829,3983443.4,
1753460935411,16:28:55.411,ADA/USDT:USDT,0.7829,116.6,0.783,229.9,0.7829,3983443.4,
1753460935518,16:28:55.518,ADA/USDT:USDT,0.7829,4.7,0.783,289.0,0.7829,3983443.5,
1753460935646,16:28:55.646,ADA/USDT:USDT,0.7829,4.7,0.783,241.7,0.7829,3983443.5,
1753460935752,16:28:55.752,ADA/USDT:USDT,0.7828,99.1,0.783,241.7,0.7829,3983448.2,
1753460935884,16:28:55.884,ADA/USDT:USDT,0.7828,78.6,0.7829,757.9,0.7829,3983448.2,
1753460936001,16:28:56.001,ADA/USDT:USDT,0.7828,78.8,0.7829,757.9,0.7829,3983448.2,
1753460936106,16:28:56.106,ADA/USDT:USDT,0.7828,324.0,0.7829,287.9,0.7828,3983449.4,
1753460936207,16:28:56.207,ADA/USDT:USDT,0.7828,320.6,0.7829,343.5,0.7828,3983449.4,
1753460936411,16:28:56.411,ADA/USDT:USDT,0.7828,11.5,0.7829,395.3,0.7828,3983449.4,
1753460936779,16:28:56.779,ADA/USDT:USDT,0.7827,197.9,0.7829,395.3,0.7828,3983460.9,
1753460936898,16:28:56.898,ADA/USDT:USDT,0.7827,69.8,0.7828,719.4,0.7828,3983460.9,
1753460937009,16:28:57.009,ADA/USDT:USDT,0.7827,197.7,0.7828,536.8,0.7828,3983460.9,
1753460937109,16:28:57.109,ADA/USDT:USDT,0.7827,197.7,0.7828,536.9,0.7828,3983460.9,
1753460937258,16:28:57.258,ADA/USDT:USDT,0.7827,197.6,0.7828,536.9,0.7827,3983461.0,
1753460937370,16:28:57.370,ADA/USDT:USDT,0.7827,197.6,0.7828,536.1,0.7828,3983461.8,
1753460937508,16:28:57.508,ADA/USDT:USDT,0.7827,197.7,0.7828,536.1,0.7828,3983461.8,
1753460937614,16:28:57.614,ADA/USDT:USDT,0.7826,510.3,0.7828,536.2,0.7827,3983465.9,
1753460937822,16:28:57.822,ADA/USDT:USDT,0.7821,207.2,0.7822,351.4,0.7822,3984239.5,
1753460937932,16:28:57.932,ADA/USDT:USDT,0.7822,126.5,0.7823,362.2,0.7822,3984342.8,
1753460938036,16:28:58.036,ADA/USDT:USDT,0.7822,192.6,0.7823,405.6,0.7822,3984342.8,
1753460938155,16:28:58.155,ADA/USDT:USDT,0.7822,241.2,0.7823,330.8,0.7822,3984355.6,
1753460938256,16:28:58.256,ADA/USDT:USDT,0.7822,294.0,0.7823,133.1,0.7822,3984355.6,
1753460938359,16:28:58.359,ADA/USDT:USDT,0.7822,243.1,0.7823,133.9,0.7822,3984355.6,
1753460938469,16:28:58.469,ADA/USDT:USDT,0.7822,294.3,0.7823,1.3,0.7822,3984355.6,
1753460938581,16:28:58.581,ADA/USDT:USDT,0.7823,512.2,0.7824,46.2,0.7823,3984356.7,
1753460938681,16:28:58.681,ADA/USDT:USDT,0.7823,438.9,0.7824,137.7,0.7823,3984356.7,
1753460938808,16:28:58.808,ADA/USDT:USDT,0.7822,219.2,0.7823,653.4,0.7823,3984356.9,
1753460938909,16:28:58.909,ADA/USDT:USDT,0.7822,105.0,0.7823,679.5,0.7823,3984356.9,
1753460939010,16:28:59.010,ADA/USDT:USDT,0.7822,130.3,0.7823,681.4,0.7823,3984356.9,
1753460939129,16:28:59.129,ADA/USDT:USDT,0.7822,87.1,0.7823,669.1,0.7823,3984356.9,
1753460939261,16:28:59.261,ADA/USDT:USDT,0.7821,73.6,0.7822,666.3,0.7822,3984357.7,
1753460939370,16:28:59.370,ADA/USDT:USDT,0.782,94.6,0.7821,721.0,0.7821,3984359.5,
1753460939481,16:28:59.481,ADA/USDT:USDT,0.7819,271.8,0.782,710.2,0.7819,3984375.8,
1753460939585,16:28:59.585,ADA/USDT:USDT,0.7819,291.9,0.782,719.2,0.782,3984376.0,
1753460939689,16:28:59.689,ADA/USDT:USDT,0.7819,248.9,0.782,667.9,0.782,3984376.0,
1753460939805,16:28:59.805,ADA/USDT:USDT,0.7819,309.3,0.782,586.0,0.782,3984376.0,
1753460939906,16:28:59.906,ADA/USDT:USDT,0.782,742.6,0.7821,14.3,0.7821,3984393.4,
1753460940009,16:29:00.009,ADA/USDT:USDT,0.782,706.1,0.7821,66.1,0.7821,3984393.4,
1753460940111,16:29:00.111,ADA/USDT:USDT,0.7821,508.7,0.7823,393.8,0.7822,3977541.9,
1753460940212,16:29:00.212,ADA/USDT:USDT,0.7822,486.8,0.7823,13.5,0.7822,3977541.9,
1753460940318,16:29:00.318,ADA/USDT:USDT,0.7823,697.4,0.7824,14.5,0.7824,3977567.1,
1753460940469,16:29:00.469,ADA/USDT:USDT,0.7824,40.6,0.7825,157.4,0.7824,3977567.1,
1753460940575,16:29:00.575,ADA/USDT:USDT,0.7824,0.2,0.7825,181.7,0.7824,3977567.1,
1753460940679,16:29:00.679,ADA/USDT:USDT,0.7823,148.6,0.7824,227.2,0.7824,3977567.1,
1753460940781,16:29:00.781,ADA/USDT:USDT,0.7821,252.6,0.7822,444.5,0.7822,3977577.8,
1753460940896,16:29:00.896,ADA/USDT:USDT,0.7822,187.5,0.7823,226.8,0.7822,3978022.3,
1753460941007,16:29:01.007,ADA/USDT:USDT,0.7822,301.9,0.7823,150.4,0.7822,3978022.3,
1753460941109,16:29:01.109,ADA/USDT:USDT,0.7822,303.3,0.7823,23.7,0.7822,3978022.3,
1753460941316,16:29:01.316,ADA/USDT:USDT,0.7822,303.3,0.7823,89.6,0.7822,3978022.3,
1753460941419,16:29:01.419,ADA/USDT:USDT,0.7822,287.2,0.7823,133.2,0.7822,3978023.9,
1753460941520,16:29:01.520,ADA/USDT:USDT,0.7822,288.3,0.7823,94.9,0.7822,3978023.9,
1753460941627,16:29:01.627,ADA/USDT:USDT,0.7824,730.8,0.7825,21.1,0.7824,3978029.9,
1753460941732,16:29:01.732,ADA/USDT:USDT,0.7824,778.6,0.7826,87.5,0.7825,3978030.7,
1753460941841,16:29:01.841,ADA/USDT:USDT,0.7825,568.6,0.7826,91.4,0.7825,3978030.8,
1753460941976,16:29:01.976,ADA/USDT:USDT,0.7825,567.0,0.7826,150.9,0.7825,3978031.0,
1753460942092,16:29:02.092,ADA/USDT:USDT,0.7825,432.2,0.7826,214.5,0.7825,3978031.0,
1753460942203,16:29:02.203,ADA/USDT:USDT,0.7825,292.7,0.7826,150.9,0.7825,3978031.0,
1753460942308,16:29:02.308,ADA/USDT:USDT,0.7825,292.7,0.7826,243.1,0.7825,3978031.0,
1753460942463,16:29:02.463,ADA/USDT:USDT,0.7825,292.8,0.7826,193.1,0.7826,3978031.1,
1753460942587,16:29:02.587,ADA/USDT:USDT,0.7825,292.8,0.7826,193.7,0.7826,3978031.1,
1753460942689,16:29:02.689,ADA/USDT:USDT,0.7825,292.8,0.7826,173.7,0.7826,3978031.1,
1753460942906,16:29:02.906,ADA/USDT:USDT,0.7825,292.8,0.7826,173.1,0.7826,3978031.1,
1753460943113,16:29:03.113,ADA/USDT:USDT,0.7825,293.4,0.7826,111.6,0.7826,3978031.1,
1753460943216,16:29:03.216,ADA/USDT:USDT,0.7825,379.2,0.7827,46.1,0.7826,3978033.4,
1753460943317,16:29:03.317,ADA/USDT:USDT,0.7826,532.2,0.7827,235.8,0.7826,3978033.4,
1753460943418,16:29:03.418,ADA/USDT:USDT,0.7826,532.2,0.7827,131.7,0.7826,3978033.4,
1753460943524,16:29:03.524,ADA/USDT:USDT,0.7826,440.5,0.7827,174.2,0.7826,3978033.4,
1753460943629,16:29:03.629,ADA/USDT:USDT,0.7826,440.5,0.7827,111.3,0.7826,3978033.4,
1753460943738,16:29:03.738,ADA/USDT:USDT,0.7826,526.6,0.7827,0.2,0.7827,3978034.1,
1753460943848,16:29:03.848,ADA/USDT:USDT,0.7827,383.0,0.7828,155.7,0.7827,3978034.1,
1753460943950,16:29:03.950,ADA/USDT:USDT,0.7827,402.8,0.7828,174.0,0.7827,3978035.3,
1753460944075,16:29:04.075,ADA/USDT:USDT,0.7827,466.6,0.7828,90.3,0.7827,3978035.4,
1753460944204,16:29:04.204,ADA/USDT:USDT,0.7827,466.6,0.7828,0.9,0.7827,3978035.4,
1753460944306,16:29:04.306,ADA/USDT:USDT,0.7827,454.8,0.7828,1.3,0.7827,3978035.4,
1753460944408,16:29:04.408,ADA/USDT:USDT,0.7827,367.0,0.7828,172.6,0.7827,3978035.4,
1753460944510,16:29:04.510,ADA/USDT:USDT,0.7827,367.4,0.7828,113.0,0.7827,3978035.4,
1753460944609,16:29:04.609,ADA/USDT:USDT,0.7827,451.0,0.7829,46.1,0.7828,3978036.4,
1753460944710,16:29:04.710,ADA/USDT:USDT,0.7829,703.4,0.783,14.4,0.7829,3978036.7,
1753460944815,16:29:04.815,ADA/USDT:USDT,0.7829,703.2,0.783,14.1,0.783,3978037.2,
1753460944915,16:29:04.915,ADA/USDT:USDT,0.7829,691.8,0.783,106.3,0.7829,3978037.3,
1753460945027,16:29:05.027,ADA/USDT:USDT,0.7829,66.2,0.783,235.7,0.7829,3978037.3,
1753460945146,16:29:05.146,ADA/USDT:USDT,0.7829,157.6,0.783,234.9,0.7829,3978037.3,
1753460945286,16:29:05.286,ADA/USDT:USDT,0.7829,300.3,0.783,195.8,0.783,3978037.8,
1753460945393,16:29:05.393,ADA/USDT:USDT,0.7829,300.3,0.783,196.2,0.783,3978037.9,
1753460945508,16:29:05.508,ADA/USDT:USDT,0.7829,316.9,0.783,112.8,0.783,3978037.9,
1753460945623,16:29:05.623,ADA/USDT:USDT,0.7829,316.9,0.783,112.5,0.783,3978038.2,
1753460945725,16:29:05.725,ADA/USDT:USDT,0.7829,316.0,0.783,105.7,0.783,3978038.5,
1753460945838,16:29:05.838,ADA/USDT:USDT,0.7829,368.5,0.783,39.5,0.783,3978038.7,
1753460945946,16:29:05.946,ADA/USDT:USDT,0.783,618.0,0.7831,98.2,0.783,3978052.1,
1753460946053,16:29:06.053,ADA/USDT:USDT,0.783,483.8,0.7831,91.7,0.783,3978052.2,
1753460946156,16:29:06.156,ADA/USDT:USDT,0.783,497.4,0.7831,68.7,0.783,3978052.2,
1753460946268,16:29:06.268,ADA/USDT:USDT,0.7831,401.9,0.7832,136.1,0.7831,3978053.7,
1753460946372,16:29:06.372,ADA/USDT:USDT,0.7831,419.7,0.7832,155.6,0.7831,3978053.7,
1753460946477,16:29:06.477,ADA/USDT:USDT,0.7831,484.0,0.7833,376.1,0.7832,3978054.8,
1753460946579,16:29:06.579,ADA/USDT:USDT,0.7832,596.2,0.7833,163.1,0.7832,3978055.1,
1753460946704,16:29:06.704,ADA/USDT:USDT,0.7832,347.6,0.7833,263.9,0.7832,3978055.8,
1753460946807,16:29:06.807,ADA/USDT:USDT,0.7832,373.2,0.7833,231.3,0.7832,3978055.8,
1753460946909,16:29:06.909,ADA/USDT:USDT,0.7831,293.9,0.7832,169.6,0.7832,3978303.9,
1753460947034,16:29:07.034,ADA/USDT:USDT,0.7831,315.0,0.7832,113.7,0.7832,3978303.9,
1753460947159,16:29:07.159,ADA/USDT:USDT,0.7831,290.6,0.7832,113.6,0.7832,3978303.9,
1753460947261,16:29:07.261,ADA/USDT:USDT,0.7832,613.4,0.7833,91.9,0.7832,3978304.9,
1753460947375,16:29:07.375,ADA/USDT:USDT,0.7832,631.1,0.7833,91.9,0.7832,3978304.9,
1753460947484,16:29:07.484,ADA/USDT:USDT,0.7832,530.4,0.7833,210.8,0.7832,3978304.9,
1753460947606,16:29:07.606,ADA/USDT:USDT,0.7832,556.0,0.7833,193.8,0.7832,3978304.9,
1753460947706,16:29:07.706,ADA/USDT:USDT,0.7832,556.0,0.7833,193.9,0.7832,3978304.9,
1753460947909,16:29:07.909,ADA/USDT:USDT,0.7832,556.0,0.7833,194.0,0.7832,3978304.9,
1753460948217,16:29:08.217,ADA/USDT:USDT,0.7832,607.7,0.7833,112.4,0.7832,3978304.9,
1753460948327,16:29:08.327,ADA/USDT:USDT,0.7832,638.3,0.7833,24.8,0.7833,3978305.0,
1753460948467,16:29:08.467,ADA/USDT:USDT,0.7832,638.4,0.7833,1.4,0.7833,3978305.2,
1753460948596,16:29:08.596,ADA/USDT:USDT,0.7833,374.1,0.7834,183.7,0.7833,3978306.4,
1753460948705,16:29:08.705,ADA/USDT:USDT,0.7833,373.8,0.7834,183.9,0.7833,3978306.4,
1753460948806,16:29:08.806,ADA/USDT:USDT,0.7833,396.8,0.7834,76.8,0.7833,3978306.4,
1753460949011,16:29:09.011,ADA/USDT:USDT,0.7833,410.9,0.7834,50.9,0.7833,3978306.4,
1753460949114,16:29:09.114,ADA/USDT:USDT,0.7833,396.0,0.7834,51.4,0.7833,3978306.4,
1753460949226,16:29:09.226,ADA/USDT:USDT,0.7833,466.0,0.7834,51.7,0.7833,3978306.4,
1753460949331,16:29:09.331,ADA/USDT:USDT,0.7833,481.2,0.7835,1.2,0.7834,3978357.8,
1753460949437,16:29:09.437,ADA/USDT:USDT,0.7834,692.2,0.7835,92.3,0.7834,3978359.1,
1753460949656,16:29:09.656,ADA/USDT:USDT,0.7834,692.2,0.7835,66.7,0.7834,3978359.1,
1753460949897,16:29:09.897,ADA/USDT:USDT,0.7834,682.7,0.7835,93.2,0.7834,3978359.1,
1753460950001,16:29:10.001,ADA/USDT:USDT,0.7834,706.9,0.7836,42.0,0.7835,3978360.6,
1753460950104,16:29:10.104,ADA/USDT:USDT,0.7835,768.9,0.7837,41.7,0.7836,3978360.9,
1753460950206,16:29:10.206,ADA/USDT:USDT,0.7836,415.6,0.7837,113.5,0.7836,3978361.0,
1753460950309,16:29:10.309,ADA/USDT:USDT,0.7836,425.5,0.7837,113.5,0.7836,3978361.0,
1753460950412,16:29:10.412,ADA/USDT:USDT,0.7836,402.2,0.7837,113.5,0.7836,3978361.0,
1753460950617,16:29:10.617,ADA/USDT:USDT,0.7836,404.5,0.7837,194.5,0.7836,3978361.0,
1753460950772,16:29:10.772,ADA/USDT:USDT,0.7836,404.5,0.7837,113.5,0.7836,3978361.0,
1753460950891,16:29:10.891,ADA/USDT:USDT,0.7836,405.9,0.7837,143.8,0.7836,3978361.0,
1753460951013,16:29:11.013,ADA/USDT:USDT,0.7836,404.5,0.7837,162.9,0.7836,3978361.0,
1753460951249,16:29:11.249,ADA/USDT:USDT,0.7836,419.3,0.7837,143.8,0.7836,3978361.0,
1753460951360,16:29:11.360,ADA/USDT:USDT,0.7836,405.2,0.7837,143.8,0.7836,3978361.0,
1753460951467,16:29:11.467,ADA/USDT:USDT,0.7836,404.5,0.7837,143.9,0.7836,3978361.0,
1753460951586,16:29:11.586,ADA/USDT:USDT,0.7836,291.7,0.7837,261.5,0.7836,3978361.0,
1753460951692,16:29:11.692,ADA/USDT:USDT,0.7836,383.4,0.7837,247.4,0.7836,3978361.0,
1753460951806,16:29:11.806,ADA/USDT:USDT,0.7836,405.9,0.7837,247.4,0.7836,3978361.0,
1753460952011,16:29:12.011,ADA/USDT:USDT,0.7836,404.7,0.7837,247.6,0.7836,3978362.2,
1753460952111,16:29:12.111,ADA/USDT:USDT,0.7836,478.6,0.7837,144.1,0.7836,3978362.2,
1753460952212,16:29:12.212,ADA/USDT:USDT,0.7836,427.7,0.7837,144.1,0.7836,3978362.2,
1753460952317,16:29:12.317,ADA/USDT:USDT,0.7836,428.0,0.7837,144.1,0.7836,3978362.2,
1753460952472,16:29:12.472,ADA/USDT:USDT,0.7836,414.3,0.7837,144.2,0.7836,3978362.2,
1753460952584,16:29:12.584,ADA/USDT:USDT,0.7836,403.9,0.7837,144.2,0.7836,3978362.2,
1753460952685,16:29:12.685,ADA/USDT:USDT,0.7836,318.3,0.7837,164.2,0.7836,3978362.2,
1753460952906,16:29:12.906,ADA/USDT:USDT,0.7836,318.3,0.7837,163.2,0.7836,3978362.2,
1753460953007,16:29:13.007,ADA/USDT:USDT,0.7836,341.6,0.7837,163.2,0.7836,3978362.2,
1753460953112,16:29:13.112,ADA/USDT:USDT,0.7836,341.8,0.7837,143.2,0.7836,3978362.2,
1753460953267,16:29:13.267,ADA/USDT:USDT,0.7836,345.7,0.7837,143.2,0.7836,3978362.2,
1753460953505,16:29:13.505,ADA/USDT:USDT,0.7836,332.0,0.7837,143.9,0.7836,3978362.2,
1753460953710,16:29:13.710,ADA/USDT:USDT,0.7836,289.1,0.7837,240.5,0.7836,3978362.2,
1753460953948,16:29:13.948,ADA/USDT:USDT,0.7836,289.1,0.7837,226.8,0.7836,3978362.2,
1753460954062,16:29:14.062,ADA/USDT:USDT,0.7837,627.5,0.7838,1.4,0.7837,3978414.4,
1753460954167,16:29:14.167,ADA/USDT:USDT,0.7837,613.0,0.7838,67.1,0.7837,3978414.4,
1753460954298,16:29:14.298,ADA/USDT:USDT,0.7838,705.6,0.7839,99.1,0.7838,3978415.4,
1753460954406,16:29:14.406,ADA/USDT:USDT,0.7838,742.2,0.7839,99.6,0.7838,3978415.4,
1753460954508,16:29:14.508,ADA/USDT:USDT,0.7838,756.6,0.7839,8.1,0.7838,3978415.4,
1753460954609,16:29:14.609,ADA/USDT:USDT,0.7838,757.8,0.7839,34.0,0.7838,3978415.4,
1753460954710,16:29:14.710,ADA/USDT:USDT,0.7838,757.8,0.7839,35.0,0.7838,3978415.4,
1753460954865,16:29:14.865,ADA/USDT:USDT,0.7838,563.6,0.7839,75.4,0.7838,3978415.4,
1753460954983,16:29:14.983,ADA/USDT:USDT,0.7838,562.4,0.7839,75.4,0.7838,3978415.4,
1753460955102,16:29:15.102,ADA/USDT:USDT,0.7838,461.2,0.7839,95.8,0.7838,3978415.4,
1753460955206,16:29:15.206,ADA/USDT:USDT,0.7838,523.4,0.7839,34.5,0.7838,3978415.4,
1753460955313,16:29:15.313,ADA/USDT:USDT,0.7838,514.8,0.7839,37.8,0.7838,3978415.4,
1753460955413,16:29:15.413,ADA/USDT:USDT,0.7838,514.8,0.7839,37.7,0.7838,3978415.4,
1753460955519,16:29:15.519,ADA/USDT:USDT,0.7838,514.6,0.7839,103.8,0.7838,3978415.4,
1753460955672,16:29:15.672,ADA/USDT:USDT,0.7838,463.8,0.7839,103.8,0.7838,3978415.4,
1753460955904,16:29:15.904,ADA/USDT:USDT,0.7838,463.6,0.7839,167.0,0.7838,3978415.4,
1753460956012,16:29:16.012,ADA/USDT:USDT,0.7838,462.4,0.7839,167.0,0.7838,3978415.4,
1753460956163,16:29:16.163,ADA/USDT:USDT,0.7838,532.4,0.7839,103.8,0.7838,3978415.4,
1753460956306,16:29:16.306,ADA/USDT:USDT,0.7838,542.1,0.7839,103.8,0.7838,3978415.4,
1753460956407,16:29:16.407,ADA/USDT:USDT,0.7838,472.1,0.7839,163.1,0.7838,3978415.4,
1753460956511,16:29:16.511,ADA/USDT:USDT,0.7838,495.8,0.7839,103.8,0.7838,3978415.4,
1753460956644,16:29:16.644,ADA/USDT:USDT,0.7838,481.4,0.7839,103.8,0.7838,3978415.4,
1753460956763,16:29:16.763,ADA/USDT:USDT,0.7838,495.8,0.7839,103.8,0.7838,3978415.4,
1753460956870,16:29:16.870,ADA/USDT:USDT,0.7839,66.1,0.784,96.3,0.7839,3978427.5,
1753460957007,16:29:17.007,ADA/USDT:USDT,0.7839,900.9,0.784,135.7,0.7839,3978428.9,
1753460957108,16:29:17.108,ADA/USDT:USDT,0.7839,900.9,0.784,43.8,0.7839,3978428.9,
1753460957214,16:29:17.214,ADA/USDT:USDT,0.7839,748.3,0.784,91.4,0.7839,3978428.9,
1753460957315,16:29:17.315,ADA/USDT:USDT,0.7839,555.7,0.784,92.9,0.7839,3978428.9,
1753460957575,16:29:17.575,ADA/USDT:USDT,0.7839,555.7,0.784,42.9,0.784,3978478.9,
1753460957690,16:29:17.690,ADA/USDT:USDT,0.7839,579.3,0.784,0.2,0.784,3978480.4,
1753460957796,16:29:17.796,ADA/USDT:USDT,0.784,336.1,0.7841,155.0,0.784,3978480.6,
1753460957905,16:29:17.905,ADA/USDT:USDT,0.784,334.9,0.7841,234.2,0.784,3978480.6,
1753460958006,16:29:18.006,ADA/USDT:USDT,0.784,152.8,0.7841,240.9,0.784,3978482.8,
1753460958109,16:29:18.109,ADA/USDT:USDT,0.784,193.0,0.7841,218.1,0.784,3978482.8,
1753460958213,16:29:18.213,ADA/USDT:USDT,0.7841,228.2,0.7842,200.7,0.7841,3978494.3,
1753460958368,16:29:18.368,ADA/USDT:USDT,0.7841,256.8,0.7842,133.0,0.7841,3978494.3,
1753460958472,16:29:18.472,ADA/USDT:USDT,0.7841,271.4,0.7842,92.5,0.7841,3978494.3,
1753460958583,16:29:18.583,ADA/USDT:USDT,0.7841,257.9,0.7842,156.4,0.7841,3978494.3,
1753460958683,16:29:18.683,ADA/USDT:USDT,0.7841,248.3,0.7842,155.9,0.7841,3978494.4,
1753460958808,16:29:18.808,ADA/USDT:USDT,0.7841,256.0,0.7842,134.1,0.7841,3978494.4,
1753460958961,16:29:18.961,ADA/USDT:USDT,0.7841,263.9,0.7842,154.6,0.7841,3978494.4,
1753460959100,16:29:19.100,ADA/USDT:USDT,0.7841,256.0,0.7842,154.6,0.7841,3978494.4,
1753460959205,16:29:19.205,ADA/USDT:USDT,0.7841,241.3,0.7842,290.8,0.7841,3978494.4,
1753460959412,16:29:19.412,ADA/USDT:USDT,0.784,248.8,0.7841,699.9,0.784,3978514.0,
1753460959512,16:29:19.512,ADA/USDT:USDT,0.7839,133.5,0.784,373.3,0.784,3978537.0,
1753460959614,16:29:19.614,ADA/USDT:USDT,0.7839,247.5,0.784,348.4,0.784,3978537.0,
1753460959873,16:29:19.873,ADA/USDT:USDT,0.7839,178.6,0.784,387.5,0.784,3978537.0,
1753460960006,16:29:20.006,ADA/USDT:USDT,0.7839,278.6,0.784,368.6,0.7839,3978537.8,
1753460960110,16:29:20.110,ADA/USDT:USDT,0.7839,278.6,0.784,368.6,0.7839,3978537.8,
1753460960221,16:29:20.221,ADA/USDT:USDT,0.7839,236.6,0.784,155.5,0.7839,3978537.8,
1753460960346,16:29:20.346,ADA/USDT:USDT,0.7839,218.8,0.784,178.2,0.7839,3978537.8,
1753460960448,16:29:20.448,ADA/USDT:USDT,0.7839,10.9,0.784,339.8,0.7839,3978538.1,
1753460960595,16:29:20.595,ADA/USDT:USDT,0.7839,10.9,0.784,464.2,0.7839,3978538.1,
1753460960698,16:29:20.698,ADA/USDT:USDT,0.7839,10.9,0.784,413.2,0.7839,3978538.1,
1753460960806,16:29:20.806,ADA/USDT:USDT,0.7839,10.9,0.784,465.4,0.7839,3978538.1,
1753460961007,16:29:21.007,ADA/USDT:USDT,0.7839,8.7,0.784,465.4,0.7839,3978540.3,
1753460961218,16:29:21.218,ADA/USDT:USDT,0.7838,0.2,0.7839,815.4,0.7839,3978549.0,
1753460961352,16:29:21.352,ADA/USDT:USDT,0.7838,354.5,0.7839,475.6,0.7839,3978549.0,
1753460961477,16:29:21.477,ADA/USDT:USDT,0.7838,0.3,0.7839,584.4,0.7839,3978549.0,
1753460961596,16:29:21.596,ADA/USDT:USDT,0.7838,0.1,0.7839,584.4,0.7839,3978549.0,
1753460961706,16:29:21.706,ADA/USDT:USDT,0.7838,66.3,0.7839,477.5,0.7839,3978549.0,
1753460961809,16:29:21.809,ADA/USDT:USDT,0.7838,0.3,0.7839,577.9,0.7839,3978549.0,
1753460961913,16:29:21.913,ADA/USDT:USDT,0.7838,0.1,0.7839,622.0,0.7839,3978549.0,
1753460962049,16:29:22.049,ADA/USDT:USDT,0.7837,66.1,0.7838,763.0,0.7837,3978549.3,
1753460962151,16:29:22.151,ADA/USDT:USDT,0.7837,25.9,0.7838,763.2,0.7837,3978549.3,
1753460962295,16:29:22.295,ADA/USDT:USDT,0.7837,469.1,0.7838,280.7,0.7837,3978549.3,
1753460962408,16:29:22.408,ADA/USDT:USDT,0.7837,407.0,0.7838,279.5,0.7837,3978549.3,
1753460962510,16:29:22.510,ADA/USDT:USDT,0.7837,354.4,0.7838,300.8,0.7837,3978549.3,
1753460962616,16:29:22.616,ADA/USDT:USDT,0.7837,246.4,0.7838,312.2,0.7837,3978549.3,
1753460962719,16:29:22.719,ADA/USDT:USDT,0.7837,199.7,0.7838,320.6,0.7837,3978549.3,
1753460962937,16:29:22.937,ADA/USDT:USDT,0.7837,199.7,0.7838,313.8,0.7837,3978549.3,
1753460963050,16:29:23.050,ADA/USDT:USDT,0.7837,199.7,0.7838,302.4,0.7837,3978549.3,
1753460963283,16:29:23.283,ADA/USDT:USDT,0.7837,228.4,0.7838,302.5,0.7837,3978549.3,
1753460963506,16:29:23.506,ADA/USDT:USDT,0.7837,199.1,0.7838,313.9,0.7837,3978549.3,
1753460963611,16:29:23.611,ADA/USDT:USDT,0.7837,220.2,0.7838,314.7,0.7837,3978549.3,
1753460963730,16:29:23.730,ADA/USDT:USDT,0.7837,237.5,0.7838,282.5,0.7837,3978549.3,
1753460964093,16:29:24.093,ADA/USDT:USDT,0.7837,237.5,0.7838,304.8,0.7837,3978549.3,
1753460964204,16:29:24.204,ADA/USDT:USDT,0.7837,237.5,0.7838,304.4,0.7837,3978549.3,
1753460964308,16:29:24.308,ADA/USDT:USDT,0.7837,237.5,0.7838,315.8,0.7837,3978549.3,
1753460964543,16:29:24.543,ADA/USDT:USDT,0.7837,237.5,0.7838,304.4,0.7837,3978549.3,
1753460964763,16:29:24.763,ADA/USDT:USDT,0.7837,237.5,0.7838,282.1,0.7837,3978549.3,
1753460964877,16:29:24.877,ADA/USDT:USDT,0.7837,237.5,0.7838,223.2,0.7837,3978549.3,
1753460965012,16:29:25.012,ADA/USDT:USDT,0.7837,336.7,0.7838,2.8,0.7837,3978549.3,
1753460965117,16:29:25.117,ADA/USDT:USDT,0.7837,289.9,0.7838,43.2,0.7837,3978549.3,
1753460965267,16:29:25.267,ADA/USDT:USDT,0.7837,239.6,0.7838,109.8,0.7837,3978549.3,
1753460965373,16:29:25.373,ADA/USDT:USDT,0.7837,238.2,0.7838,168.0,0.7837,3978549.3,
1753460965510,16:29:25.510,ADA/USDT:USDT,0.7837,238.2,0.7838,156.6,0.7837,3978549.3,
1753460966122,16:29:26.122,ADA/USDT:USDT,0.7837,66.9,0.7838,287.5,0.7837,3978549.3,
1753460966223,16:29:26.223,ADA/USDT:USDT,0.7837,109.6,0.7838,251.4,0.7837,3978549.3,
1753460966334,16:29:26.334,ADA/USDT:USDT,0.7837,154.6,0.7838,199.4,0.7837,3978549.3,
1753460966440,16:29:26.440,ADA/USDT:USDT,0.7837,212.9,0.7838,197.8,0.7837,3978549.3,
1753460966573,16:29:26.573,ADA/USDT:USDT,0.7837,334.7,0.7838,134.9,0.7837,3978549.3,
1753460966928,16:29:26.928,ADA/USDT:USDT,0.7837,323.3,0.7838,134.9,0.7837,3978549.3,
1753460967047,16:29:27.047,ADA/USDT:USDT,0.7837,334.7,0.7838,134.9,0.7837,3978549.3,
1753460967149,16:29:27.149,ADA/USDT:USDT,0.7837,334.7,0.7838,2.8,0.7837,3978549.3,
1753460967265,16:29:27.265,ADA/USDT:USDT,0.7838,524.3,0.7839,66.6,0.7838,3978551.9,
1753460967374,16:29:27.374,ADA/USDT:USDT,0.7838,424.5,0.7839,74.9,0.7838,3978551.9,
1753460967477,16:29:27.477,ADA/USDT:USDT,0.7838,413.4,0.7839,115.3,0.7838,3978551.9,
1753460967598,16:29:27.598,ADA/USDT:USDT,0.7838,306.4,0.7839,189.3,0.7838,3978551.9,
1753460967705,16:29:27.705,ADA/USDT:USDT,0.7838,315.0,0.7839,178.2,0.7838,3978551.9,
1753460967907,16:29:27.907,ADA/USDT:USDT,0.7838,367.0,0.7839,2.1,0.7838,3978551.9,
1753460968008,16:29:28.008,ADA/USDT:USDT,0.7838,441.7,0.7839,10.0,0.7838,3978551.9,
1753460968113,16:29:28.113,ADA/USDT:USDT,0.7838,299.1,0.7839,94.6,0.7838,3978551.9,
1753460968234,16:29:28.234,ADA/USDT:USDT,0.7838,298.4,0.7839,135.0,0.7838,3978551.9,
1753460968370,16:29:28.370,ADA/USDT:USDT,0.7838,297.4,0.7839,135.1,0.7838,3978551.9,
1753460968506,16:29:28.506,ADA/USDT:USDT,0.7838,297.4,0.7839,94.7,0.7838,3978551.9,
1753460968713,16:29:28.713,ADA/USDT:USDT,0.7838,297.4,0.7839,155.9,0.7838,3978551.9,
1753460968924,16:29:28.924,ADA/USDT:USDT,0.7838,315.2,0.7839,135.1,0.7838,3978551.9,
1753460969065,16:29:29.065,ADA/USDT:USDT,0.7838,366.9,0.7839,3.0,0.7838,3978552.6,
1753460969171,16:29:29.171,ADA/USDT:USDT,0.7838,368.6,0.7839,0.2,0.7839,3978555.4,
1753460969281,16:29:29.281,ADA/USDT:USDT,0.7839,637.6,0.784,49.8,0.7839,3978555.4,
1753460969396,16:29:29.396,ADA/USDT:USDT,0.7839,659.2,0.784,49.7,0.7839,3978555.4,
1753460969503,16:29:29.503,ADA/USDT:USDT,0.7839,563.7,0.784,90.7,0.7839,3978555.4,
1753460969606,16:29:29.606,ADA/USDT:USDT,0.7839,563.6,0.784,24.9,0.7839,3978555.4,
1753460969813,16:29:29.813,ADA/USDT:USDT,0.7839,563.6,0.784,1.5,0.7839,3978555.4,
1753460970049,16:29:30.049,ADA/USDT:USDT,0.784,526.4,0.7841,123.8,0.784,3978556.2,
1753460970170,16:29:30.170,ADA/USDT:USDT,0.784,597.7,0.7841,31.6,0.784,3978556.2,
1753460970293,16:29:30.293,ADA/USDT:USDT,0.784,597.7,0.7841,32.3,0.784,3978556.2,
1753460970405,16:29:30.405,ADA/USDT:USDT,0.784,603.5,0.7842,154.2,0.7841,3978556.8,
1753460970506,16:29:30.506,ADA/USDT:USDT,0.7841,698.7,0.7842,27.3,0.7841,3978556.8,
1753460970607,16:29:30.607,ADA/USDT:USDT,0.7841,688.7,0.7842,133.8,0.7841,3978556.8,
1753460970708,16:29:30.708,ADA/USDT:USDT,0.7841,680.3,0.7842,134.5,0.7841,3978558.4,
1753460970814,16:29:30.814,ADA/USDT:USDT,0.7841,574.1,0.7842,134.5,0.7841,3978558.4,
1753460970935,16:29:30.935,ADA/USDT:USDT,0.7841,303.9,0.7842,203.2,0.7841,3978558.4,
1753460971039,16:29:31.039,ADA/USDT:USDT,0.784,5.9,0.7841,391.4,0.7841,3978558.4,
1753460971143,16:29:31.143,ADA/USDT:USDT,0.784,44.0,0.7841,458.4,0.784,3978560.9,
1753460971244,16:29:31.244,ADA/USDT:USDT,0.784,69.6,0.7841,457.8,0.784,3978561.0,
1753460971398,16:29:31.398,ADA/USDT:USDT,0.784,95.1,0.7841,448.8,0.784,3978561.0,
1753460971505,16:29:31.505,ADA/USDT:USDT,0.784,112.0,0.7841,443.1,0.784,3978561.0,
1753460971606,16:29:31.606,ADA/USDT:USDT,0.784,175.3,0.7841,185.2,0.784,3978561.0,
1753460971708,16:29:31.708,ADA/USDT:USDT,0.784,147.2,0.7841,186.6,0.784,3978566.0,
1753460971810,16:29:31.810,ADA/USDT:USDT,0.784,168.0,0.7841,175.8,0.784,3978566.0,
1753460971911,16:29:31.911,ADA/USDT:USDT,0.784,147.2,0.7841,177.0,0.784,3978566.0,
1753460972016,16:29:32.016,ADA/USDT:USDT,0.7839,311.1,0.784,58.0,0.784,3978566.0,
1753460972153,16:29:32.153,ADA/USDT:USDT,0.7839,220.8,0.784,247.2,0.784,3978566.0,
1753460972290,16:29:32.290,ADA/USDT:USDT,0.7839,132.9,0.784,261.0,0.784,3978566.0,
1753460972504,16:29:32.504,ADA/USDT:USDT,0.7839,170.6,0.784,261.0,0.784,3978566.0,
1753460972612,16:29:32.612,ADA/USDT:USDT,0.7838,174.5,0.784,277.4,0.7839,3978610.1,
1753460972716,16:29:32.716,ADA/USDT:USDT,0.7838,253.8,0.7839,578.1,0.7838,3978610.4,
1753460972837,16:29:32.837,ADA/USDT:USDT,0.7838,221.8,0.7839,181.5,0.7838,3978610.4,
1753460972989,16:29:32.989,ADA/USDT:USDT,0.7838,233.8,0.7839,181.5,0.7838,3978610.4,
1753460973207,16:29:33.207,ADA/USDT:USDT,0.7838,285.2,0.7839,111.7,0.7838,3978610.4,
1753460973432,16:29:33.432,ADA/USDT:USDT,0.7838,232.8,0.7839,133.3,0.7838,3978610.4,
1753460973545,16:29:33.545,ADA/USDT:USDT,0.7838,232.8,0.7839,163.1,0.7838,3978610.4,
1753460973646,16:29:33.646,ADA/USDT:USDT,0.7838,25.9,0.7839,283.1,0.7838,3978610.4,
1753460973783,16:29:33.783,ADA/USDT:USDT,0.7838,46.8,0.7839,232.1,0.7838,3978610.4,
1753460973885,16:29:33.885,ADA/USDT:USDT,0.7838,229.4,0.7839,154.5,0.7838,3978610.4,
1753460974006,16:29:34.006,ADA/USDT:USDT,0.7838,229.6,0.7839,154.5,0.7838,3978610.4,
1753460974233,16:29:34.233,ADA/USDT:USDT,0.7838,286.5,0.7839,133.0,0.7838,3978610.4,
1753460974369,16:29:34.369,ADA/USDT:USDT,0.7838,298.8,0.7839,47.0,0.7838,3978610.4,
1753460974475,16:29:34.475,ADA/USDT:USDT,0.7838,298.8,0.7839,47.2,0.7838,3978610.4,
1753460974592,16:29:34.592,ADA/USDT:USDT,0.7838,299.1,0.7839,1.8,0.7838,3978610.4,
1753460974710,16:29:34.710,ADA/USDT:USDT,0.7838,232.1,0.7839,47.2,0.7838,3978610.4,
1753460974843,16:29:34.843,ADA/USDT:USDT,0.7838,232.1,0.7839,87.6,0.7838,3978610.4,
1753460974988,16:29:34.988,ADA/USDT:USDT,0.7838,418.8,0.7839,1.8,0.7838,3978610.4,
1753460975209,16:29:35.209,ADA/USDT:USDT,0.7838,412.7,0.7839,6.0,0.7838,3978610.4,
1753460975313,16:29:35.313,ADA/USDT:USDT,0.7838,418.6,0.7839,6.0,0.7838,3978610.4,
1753460975537,16:29:35.537,ADA/USDT:USDT,0.7838,418.7,0.7839,5.9,0.7838,3978610.4,
1753460975660,16:29:35.660,ADA/USDT:USDT,0.7838,352.0,0.7839,157.8,0.7838,3978610.4,
1753460975772,16:29:35.772,ADA/USDT:USDT,0.7838,352.0,0.7839,66.3,0.7838,3978610.4,
1753460975874,16:29:35.874,ADA/USDT:USDT,0.7838,419.9,0.7839,5.9,0.7838,3978610.4,
1753460976100,16:29:36.100,ADA/USDT:USDT,0.7838,410.1,0.7839,5.9,0.7838,3978610.4,
1753460976205,16:29:36.205,ADA/USDT:USDT,0.7838,419.9,0.7839,5.9,0.7838,3978610.4,
1753460976307,16:29:36.307,ADA/USDT:USDT,0.7838,420.2,0.7839,5.8,0.7838,3978610.4,
1753460976513,16:29:36.513,ADA/USDT:USDT,0.7839,618.7,0.784,85.3,0.7839,3978616.2,
1753460976664,16:29:36.664,ADA/USDT:USDT,0.7839,628.2,0.784,84.8,0.7839,3978616.2,
1753460976772,16:29:36.772,ADA/USDT:USDT,0.7839,628.2,0.784,53.9,0.7839,3978616.2,
1753460976877,16:29:36.877,ADA/USDT:USDT,0.7839,612.7,0.784,62.3,0.7839,3978616.2,
1753460976988,16:29:36.988,ADA/USDT:USDT,0.7839,679.1,0.784,13.8,0.7839,3978616.2,
1753460977114,16:29:37.114,ADA/USDT:USDT,0.7839,612.7,0.784,67.3,0.7839,3978616.2,
1753460977379,16:29:37.379,ADA/USDT:USDT,0.7839,133.3,0.784,204.4,0.7839,3978616.2,
1753460977509,16:29:37.509,ADA/USDT:USDT,0.7839,133.4,0.784,186.6,0.7839,3978616.2,
1753460977621,16:29:37.621,ADA/USDT:USDT,0.7839,108.2,0.784,186.7,0.7839,3978616.2,
1753460977845,16:29:37.845,ADA/USDT:USDT,0.7838,78.5,0.7839,754.6,0.7838,3978633.0,
1753460977958,16:29:37.958,ADA/USDT:USDT,0.7838,78.5,0.7839,730.0,0.7838,3978633.0,
1753460978069,16:29:38.069,ADA/USDT:USDT,0.7838,203.0,0.7839,559.5,0.7838,3978633.0,
1753460978203,16:29:38.203,ADA/USDT:USDT,0.7838,223.2,0.7839,559.5,0.7838,3978633.0,
1753460978307,16:29:38.307,ADA/USDT:USDT,0.7838,232.1,0.7839,559.5,0.7838,3978633.0,
1753460978409,16:29:38.409,ADA/USDT:USDT,0.7838,261.9,0.7839,506.0,0.7838,3978633.0,
1753460978565,16:29:38.565,ADA/USDT:USDT,0.7838,252.3,0.7839,505.5,0.7838,3978633.0,
1753460978679,16:29:38.679,ADA/USDT:USDT,0.7838,320.3,0.784,109.0,0.7839,3978633.3,
1753460978807,16:29:38.807,ADA/USDT:USDT,0.7839,669.9,0.784,104.9,0.7839,3978634.2,
1753460978921,16:29:38.921,ADA/USDT:USDT,0.7839,664.5,0.784,165.5,0.7839,3978634.2,
1753460979039,16:29:39.039,ADA/USDT:USDT,0.7839,603.8,0.784,186.9,0.7839,3978634.2,
1753460979289,16:29:39.289,ADA/USDT:USDT,0.7839,603.8,0.784,203.3,0.7839,3978634.2,
1753460979404,16:29:39.404,ADA/USDT:USDT,0.7839,603.8,0.784,173.3,0.7839,3978634.2,
1753460979506,16:29:39.506,ADA/USDT:USDT,0.7839,622.1,0.784,173.2,0.7839,3978634.2,
1753460979820,16:29:39.820,ADA/USDT:USDT,0.7839,612.9,0.784,132.8,0.7839,3978634.3,
1753460979951,16:29:39.951,ADA/USDT:USDT,0.7839,607.4,0.784,153.2,0.7839,3978634.3,
1753460980054,16:29:40.054,ADA/USDT:USDT,0.7839,607.4,0.784,112.8,0.7839,3978634.3,
1753460980167,16:29:40.167,ADA/USDT:USDT,0.7839,673.9,0.784,46.7,0.7839,3978634.3,
1753460980297,16:29:40.297,ADA/USDT:USDT,0.784,754.2,0.7841,9.6,0.784,3978657.8,
1753460980408,16:29:40.408,ADA/USDT:USDT,0.784,755.6,0.7841,54.7,0.784,3978657.8,
1753460980512,16:29:40.512,ADA/USDT:USDT,0.784,755.8,0.7841,1.8,0.784,3978657.8,
1753460980619,16:29:40.619,ADA/USDT:USDT,0.7841,770.9,0.7842,1.2,0.7841,3978659.3,
1753460980722,16:29:40.722,ADA/USDT:USDT,0.7842,380.7,0.7843,94.5,0.7842,3978660.5,
1753460980826,16:29:40.826,ADA/USDT:USDT,0.7842,467.0,0.7843,28.4,0.7842,3978660.5,
1753460980931,16:29:40.931,ADA/USDT:USDT,0.7842,467.0,0.7843,28.5,0.7842,3978660.5,
1753460981043,16:29:41.043,ADA/USDT:USDT,0.7842,295.3,0.7843,202.5,0.7842,3978660.5,
1753460981168,16:29:41.168,ADA/USDT:USDT,0.7842,132.3,0.7843,221.8,0.7842,3978660.5,
1753460981306,16:29:41.306,ADA/USDT:USDT,0.7841,322.1,0.7842,247.1,0.7842,3978660.5,
1753460981407,16:29:41.407,ADA/USDT:USDT,0.7841,208.4,0.7842,172.3,0.7842,3978660.5,
1753460981515,16:29:41.515,ADA/USDT:USDT,0.7842,132.3,0.7843,175.7,0.7842,3978660.5,
1753460981619,16:29:41.619,ADA/USDT:USDT,0.7842,134.5,0.7843,196.6,0.7842,3978660.5,
1753460981772,16:29:41.772,ADA/USDT:USDT,0.7842,134.5,0.7843,207.5,0.7842,3978660.5,
1753460981877,16:29:41.877,ADA/USDT:USDT,0.7842,2.4,0.7843,207.5,0.7842,3978660.5,
1753460981994,16:29:41.994,ADA/USDT:USDT,0.7842,2.4,0.7843,524.2,0.7842,3978660.5,
1753460982102,16:29:42.102,ADA/USDT:USDT,0.7842,183.7,0.7843,287.0,0.7843,3978661.8,
1753460982205,16:29:42.205,ADA/USDT:USDT,0.7842,149.8,0.7843,274.1,0.7843,3978661.8,
1753460982308,16:29:42.308,ADA/USDT:USDT,0.7842,175.4,0.7843,274.6,0.7843,3978661.8,
1753460982510,16:29:42.510,ADA/USDT:USDT,0.7842,175.4,0.7843,225.2,0.7843,3978661.8,
1753460982626,16:29:42.626,ADA/USDT:USDT,0.7842,406.4,0.7843,51.9,0.7843,3978661.8,
1753460982754,16:29:42.754,ADA/USDT:USDT,0.7842,406.9,0.7843,76.3,0.7843,3978661.8,
1753460983091,16:29:43.091,ADA/USDT:USDT,0.7842,408.1,0.7843,3.2,0.7843,3978661.8,
1753460983306,16:29:43.306,ADA/USDT:USDT,0.7842,174.7,0.7843,203.7,0.7843,3978661.8,
1753460983409,16:29:43.409,ADA/USDT:USDT,0.7842,94.3,0.7843,207.7,0.7843,3978661.8,
1753460983517,16:29:43.517,ADA/USDT:USDT,0.7842,134.7,0.7843,202.3,0.7843,3978661.8,
1753460983618,16:29:43.618,ADA/USDT:USDT,0.7842,210.6,0.7843,195.9,0.7843,3978661.8,
1753460983726,16:29:43.726,ADA/USDT:USDT,0.7842,197.8,0.7843,194.7,0.7843,3978661.8,
1753460983875,16:29:43.875,ADA/USDT:USDT,0.7842,174.7,0.7843,254.7,0.7843,3978661.8,
1753460983978,16:29:43.978,ADA/USDT:USDT,0.7842,174.7,0.7843,256.4,0.7843,3978661.8,
1753460984105,16:29:44.105,ADA/USDT:USDT,0.7842,28.2,0.7843,323.5,0.7843,3978661.8,
1753460984206,16:29:44.206,ADA/USDT:USDT,0.7842,100.5,0.7843,238.2,0.7843,3978661.8,
1753460984311,16:29:44.311,ADA/USDT:USDT,0.7842,100.5,0.7843,236.8,0.7843,3978661.8,
1753460984435,16:29:44.435,ADA/USDT:USDT,0.7842,80.5,0.7843,244.8,0.7843,3978661.8,
1753460984536,16:29:44.536,ADA/USDT:USDT,0.7842,80.5,0.7843,244.9,0.7843,3978661.8,
1753460984666,16:29:44.666,ADA/USDT:USDT,0.7842,80.5,0.7843,236.9,0.7843,3978661.8,
1753460984905,16:29:44.905,ADA/USDT:USDT,0.7842,80.5,0.7843,234.7,0.7843,3978661.8,
1753460985170,16:29:45.170,ADA/USDT:USDT,0.7842,80.9,0.7843,235.0,0.7843,3978661.8,
1753460985296,16:29:45.296,ADA/USDT:USDT,0.7842,314.9,0.7843,69.4,0.7843,3978661.8,
1753460985405,16:29:45.405,ADA/USDT:USDT,0.7842,315.1,0.7843,75.4,0.7843,3978661.8,
1753460985617,16:29:45.617,ADA/USDT:USDT,0.7842,315.1,0.7843,68.2,0.7843,3978661.8,
1753460985733,16:29:45.733,ADA/USDT:USDT,0.7842,302.3,0.7843,116.5,0.7843,3978661.8,
1753460985853,16:29:45.853,ADA/USDT:USDT,0.7842,300.8,0.7843,144.5,0.7842,3978661.9,
1753460985991,16:29:45.991,ADA/USDT:USDT,0.7842,300.8,0.7843,160.0,0.7842,3978661.9,
1753460986101,16:29:46.101,ADA/USDT:USDT,0.7842,300.8,0.7843,136.5,0.7842,3978661.9,
1753460986214,16:29:46.214,ADA/USDT:USDT,0.7842,0.9,0.7843,261.1,0.7842,3978661.9,
1753460986369,16:29:46.369,ADA/USDT:USDT,0.784,270.8,0.7841,185.6,0.784,3978663.1,
1753460986478,16:29:46.478,ADA/USDT:USDT,0.784,282.4,0.7841,210.2,0.784,3978663.1,
1753460986606,16:29:46.606,ADA/USDT:USDT,0.784,286.7,0.7841,66.7,0.784,3978663.1,
1753460986709,16:29:46.709,ADA/USDT:USDT,0.784,207.3,0.7841,161.1,0.7841,3978688.9,
1753460986815,16:29:46.815,ADA/USDT:USDT,0.784,187.6,0.7841,241.9,0.7841,3978688.9,
1753460986916,16:29:46.916,ADA/USDT:USDT,0.784,35.9,0.7841,244.5,0.7841,3978688.9,
1753460987032,16:29:47.032,ADA/USDT:USDT,0.7838,165.8,0.7839,287.6,0.784,3978699.2,
1753460987149,16:29:47.149,ADA/USDT:USDT,0.7837,167.2,0.7839,408.9,0.7838,3978699.5,
1753460987278,16:29:47.278,ADA/USDT:USDT,0.7836,317.0,0.7838,608.2,0.7837,3978700.5,
1753460987401,16:29:47.401,ADA/USDT:USDT,0.7836,213.8,0.7837,610.2,0.7837,3978700.5,
1753460987507,16:29:47.507,ADA/USDT:USDT,0.7836,42.1,0.7837,729.5,0.7836,3978702.0,
1753460987763,16:29:47.763,ADA/USDT:USDT,0.7836,178.7,0.7837,566.9,0.7836,3978702.0,
1753460988007,16:29:48.007,ADA/USDT:USDT,0.7836,158.3,0.7837,443.4,0.7836,3978702.0,
1753460988108,16:29:48.108,ADA/USDT:USDT,0.7836,153.6,0.7837,451.4,0.7836,3978702.1,
1753460988211,16:29:48.211,ADA/USDT:USDT,0.7836,153.6,0.7837,443.4,0.7836,3978702.1,
1753460988317,16:29:48.317,ADA/USDT:USDT,0.7836,194.1,0.7837,444.2,0.7836,3978702.1,
1753460988430,16:29:48.430,ADA/USDT:USDT,0.7836,227.8,0.7837,443.0,0.7836,3978702.1,
1753460988532,16:29:48.532,ADA/USDT:USDT,0.7836,292.6,0.7837,1.0,0.7836,3978702.1,
1753460988645,16:29:48.645,ADA/USDT:USDT,0.7836,284.9,0.7837,11.9,0.7836,3978702.1,
1753460988781,16:29:48.781,ADA/USDT:USDT,0.7836,228.0,0.7837,78.1,0.7836,3978702.1,
1753460988905,16:29:48.905,ADA/USDT:USDT,0.7836,280.4,0.7837,1.2,0.7836,3978702.1,
1753460989006,16:29:49.006,ADA/USDT:USDT,0.7837,713.7,0.7839,152.8,0.7838,3978703.4,
1753460989115,16:29:49.115,ADA/USDT:USDT,0.7838,482.4,0.7839,173.6,0.7838,3978703.4,
1753460989227,16:29:49.227,ADA/USDT:USDT,0.7838,506.3,0.7839,173.7,0.7838,3978703.5,
1753460989366,16:29:49.366,ADA/USDT:USDT,0.7838,500.3,0.7839,174.1,0.7838,3978703.6,
1753460989467,16:29:49.467,ADA/USDT:USDT,0.7838,504.6,0.7839,173.2,0.7838,3978703.6,
1753460989570,16:29:49.570,ADA/USDT:USDT,0.7838,513.1,0.7839,153.2,0.7838,3978703.6,
1753460989692,16:29:49.692,ADA/USDT:USDT,0.7838,564.1,0.7839,95.3,0.7838,3978703.6,
1753460989807,16:29:49.807,ADA/USDT:USDT,0.7838,564.1,0.7839,3.6,0.7838,3978703.6,
1753460990020,16:29:50.020,ADA/USDT:USDT,0.7839,693.7,0.784,56.1,0.7839,3978707.2,
1753460990174,16:29:50.174,ADA/USDT:USDT,0.7839,623.0,0.784,82.0,0.7839,3978707.2,
1753460990287,16:29:50.287,ADA/USDT:USDT,0.7839,578.0,0.784,187.8,0.7839,3978707.2,
1753460990405,16:29:50.405,ADA/USDT:USDT,0.7838,311.2,0.7839,87.7,0.7839,3978707.2,
1753460990506,16:29:50.506,ADA/USDT:USDT,0.7838,209.7,0.7839,160.9,0.7839,3978707.2,
1753460990607,16:29:50.607,ADA/USDT:USDT,0.7838,307.8,0.7839,132.5,0.7838,3978708.4,
1753460990708,16:29:50.708,ADA/USDT:USDT,0.7838,245.6,0.7839,132.5,0.7838,3978708.4,
1753460991020,16:29:51.020,ADA/USDT:USDT,0.7838,245.6,0.7839,132.3,0.7838,3978708.4,
1753460991121,16:29:51.121,ADA/USDT:USDT,0.7838,245.5,0.7839,132.7,0.7838,3978708.5,
1753460991387,16:29:51.387,ADA/USDT:USDT,0.7838,245.5,0.7839,173.7,0.7838,3978708.5,
1753460991503,16:29:51.503,ADA/USDT:USDT,0.7838,245.5,0.7839,152.7,0.7838,3978708.5,
1753460991605,16:29:51.605,ADA/USDT:USDT,0.7838,308.1,0.7839,7.6,0.7839,3978714.1,
1753460991708,16:29:51.708,ADA/USDT:USDT,0.7839,461.6,0.784,92.1,0.7839,3978714.2,
1753460991822,16:29:51.822,ADA/USDT:USDT,0.784,147.4,0.7841,135.8,0.784,3978714.6,
1753460991960,16:29:51.960,ADA/USDT:USDT,0.784,275.1,0.7841,149.3,0.784,3978714.6,
1753460992063,16:29:52.063,ADA/USDT:USDT,0.784,148.8,0.7841,196.7,0.784,3978714.6,
1753460992176,16:29:52.176,ADA/USDT:USDT,0.784,240.5,0.7841,190.8,0.784,3978714.6,
1753460992279,16:29:52.279,ADA/USDT:USDT,0.784,270.3,0.7841,170.3,0.784,3978714.6,
1753460992402,16:29:52.402,ADA/USDT:USDT,0.784,260.0,0.7841,170.6,0.784,3978714.7,
1753460992502,16:29:52.502,ADA/USDT:USDT,0.784,263.8,0.7841,170.5,0.784,3978714.7,
1753460992711,16:29:52.711,ADA/USDT:USDT,0.7841,346.4,0.7842,114.4,0.7841,3978716.5,
1753460992846,16:29:52.846,ADA/USDT:USDT,0.7841,361.3,0.7842,114.6,0.7841,3978716.6,
1753460992990,16:29:52.990,ADA/USDT:USDT,0.7841,333.1,0.7842,115.1,0.7841,3978716.6,
1753460993107,16:29:53.107,ADA/USDT:USDT,0.7841,336.8,0.7842,115.1,0.7841,3978716.6,
1753460993210,16:29:53.210,ADA/USDT:USDT,0.7841,333.1,0.7842,158.4,0.7841,3978716.6,
1753460993419,16:29:53.419,ADA/USDT:USDT,0.7841,333.2,0.7842,199.9,0.7841,3978716.6,
1753460993550,16:29:53.550,ADA/USDT:USDT,0.7841,331.6,0.7842,159.3,0.7841,3978718.2,
1753460993667,16:29:53.667,ADA/USDT:USDT,0.7841,331.6,0.7842,78.9,0.7841,3978718.2,
1753460993772,16:29:53.772,ADA/USDT:USDT,0.7841,391.1,0.7842,77.7,0.7841,3978718.2,
1753460993880,16:29:53.880,ADA/USDT:USDT,0.7841,333.0,0.7842,78.2,0.7841,3978718.2,
1753460994008,16:29:54.008,ADA/USDT:USDT,0.7841,342.5,0.7842,78.2,0.7841,3978718.2,
1753460994142,16:29:54.142,ADA/USDT:USDT,0.7841,336.6,0.7842,97.3,0.7841,3978718.2,
1753460994245,16:29:54.245,ADA/USDT:USDT,0.7841,335.2,0.7842,97.3,0.7841,3978718.2,
1753460994350,16:29:54.350,ADA/USDT:USDT,0.7841,394.5,0.7842,11.1,0.7841,3978718.2,
1753460994455,16:29:54.455,ADA/USDT:USDT,0.7841,337.3,0.7842,142.9,0.7841,3978718.2,
1753460994558,16:29:54.558,ADA/USDT:USDT,0.7841,394.5,0.7842,11.0,0.7841,3978718.2,
1753460994668,16:29:54.668,ADA/USDT:USDT,0.7841,394.5,0.7842,10.5,0.7841,3978718.2,
1753460994769,16:29:54.769,ADA/USDT:USDT,0.7841,388.2,0.7842,117.1,0.7841,3978718.3,
1753460994872,16:29:54.872,ADA/USDT:USDT,0.7841,394.6,0.7842,10.9,0.7841,3978718.3,
1753460994976,16:29:54.976,ADA/USDT:USDT,0.7841,291.3,0.7842,201.9,0.7841,3978718.3,
1753460995089,16:29:55.089,ADA/USDT:USDT,0.7841,173.0,0.7842,166.7,0.7842,3978718.6,
1753460995196,16:29:55.196,ADA/USDT:USDT,0.7841,374.3,0.7842,9.5,0.7842,3978719.9,
1753460995317,16:29:55.317,ADA/USDT:USDT,0.7842,599.7,0.7843,66.5,0.7842,3978729.4,
1753460995434,16:29:55.434,ADA/USDT:USDT,0.7842,651.4,0.7843,0.7,0.7842,3978729.4,
1753460995538,16:29:55.538,ADA/USDT:USDT,0.7843,357.0,0.7844,185.7,0.7843,3978730.1,
1753460995655,16:29:55.655,ADA/USDT:USDT,0.7843,426.1,0.7844,20.7,0.7843,3978730.1,
1753460995774,16:29:55.774,ADA/USDT:USDT,0.7843,369.4,0.7844,239.5,0.7843,3978731.2,
1753460995894,16:29:55.894,ADA/USDT:USDT,0.7843,145.1,0.7844,146.1,0.7843,3978731.3,
1753460995996,16:29:55.996,ADA/USDT:USDT,0.7843,142.9,0.7844,147.1,0.7843,3978733.5,
1753460996106,16:29:56.106,ADA/USDT:USDT,0.7843,142.9,0.7844,144.7,0.7843,3978733.5,
1753460996213,16:29:56.213,ADA/USDT:USDT,0.7843,142.9,0.7844,125.6,0.7843,3978733.5,
1753460996362,16:29:56.362,ADA/USDT:USDT,0.7843,311.0,0.7844,82.7,0.7843,3978733.5,
1753460996464,16:29:56.464,ADA/USDT:USDT,0.7843,394.1,0.7844,39.1,0.7843,3978733.5,
1753460996569,16:29:56.569,ADA/USDT:USDT,0.7843,388.0,0.7844,22.9,0.7843,3978733.9,
1753460996703,16:29:56.703,ADA/USDT:USDT,0.7843,332.4,0.7844,63.6,0.7843,3978733.9,
1753460996808,16:29:56.808,ADA/USDT:USDT,0.7843,332.4,0.7844,63.8,0.7843,3978733.9,
1753460996910,16:29:56.910,ADA/USDT:USDT,0.7843,387.8,0.7844,23.4,0.7843,3978733.9,
1753460997021,16:29:57.021,ADA/USDT:USDT,0.7843,333.6,0.7844,63.6,0.7843,3978733.9,
1753460997150,16:29:57.150,ADA/USDT:USDT,0.7843,332.3,0.7844,63.8,0.7843,3978734.0,
1753460997407,16:29:57.407,ADA/USDT:USDT,0.7843,341.1,0.7844,63.8,0.7843,3978734.0,
1753460997524,16:29:57.524,ADA/USDT:USDT,0.7843,393.5,0.7844,1.6,0.7843,3978734.0,
1753460997627,16:29:57.627,ADA/USDT:USDT,0.7844,587.1,0.7845,154.2,0.7844,3978736.0,
1753460997762,16:29:57.762,ADA/USDT:USDT,0.7844,432.1,0.7845,277.7,0.7844,3978736.0,
1753460997905,16:29:57.905,ADA/USDT:USDT,0.7844,430.9,0.7845,259.1,0.7844,3978737.2,
1753460998008,16:29:58.008,ADA/USDT:USDT,0.7844,430.9,0.7845,265.6,0.7844,3978737.2,
1753460998114,16:29:58.114,ADA/USDT:USDT,0.7844,360.2,0.7845,264.2,0.7844,3978737.2,
1753460998217,16:29:58.217,ADA/USDT:USDT,0.7844,360.2,0.7845,265.4,0.7844,3978737.2,
1753460998338,16:29:58.338,ADA/USDT:USDT,0.7844,360.2,0.7845,265.6,0.7844,3978737.2,
1753460998457,16:29:58.457,ADA/USDT:USDT,0.7844,408.4,0.7845,130.3,0.7844,3978737.2,
1753460998571,16:29:58.571,ADA/USDT:USDT,0.7844,400.8,0.7845,52.8,0.7844,3978737.2,
1753460998672,16:29:58.672,ADA/USDT:USDT,0.7844,400.0,0.7845,154.9,0.7844,3978737.2,
1753460998800,16:29:58.800,ADA/USDT:USDT,0.7844,400.2,0.7845,136.0,0.7844,3978737.2,
1753460999111,16:29:59.111,ADA/USDT:USDT,0.7844,409.1,0.7845,124.9,0.7844,3978737.2,
1753460999213,16:29:59.213,ADA/USDT:USDT,0.7844,400.8,0.7845,144.3,0.7844,3978737.2,
1753460999327,16:29:59.327,ADA/USDT:USDT,0.7844,460.0,0.7845,126.1,0.7844,3978737.2,
1753460999449,16:29:59.449,ADA/USDT:USDT,0.7844,400.1,0.7845,194.6,0.7844,3978737.2,
1753460999571,16:29:59.571,ADA/USDT:USDT,0.7844,249.0,0.7845,244.5,0.7844,3978737.2,
1753460999672,16:29:59.672,ADA/USDT:USDT,0.7844,212.9,0.7845,244.5,0.7844,3978737.2,
1753461000016,16:30:00.016,ADA/USDT:USDT,0.7844,212.9,0.7845,240.5,0.7844,3973943.9,
1753461000117,16:30:00.117,ADA/USDT:USDT,0.7842,297.0,0.7844,710.1,0.7843,3973984.5,
1753461000257,16:30:00.257,ADA/USDT:USDT,0.7841,226.0,0.7842,569.8,0.7841,3973985.3,
1753461000399,16:30:00.399,ADA/USDT:USDT,0.7841,244.2,0.7842,402.8,0.7841,3973985.3,
1753461000508,16:30:00.508,ADA/USDT:USDT,0.7842,331.7,0.7843,242.2,0.7841,3973985.3,
1753461000610,16:30:00.610,ADA/USDT:USDT,0.7844,443.0,0.7845,87.6,0.7844,3974236.1,
1753461000711,16:30:00.711,ADA/USDT:USDT,0.7844,290.2,0.7845,207.1,0.7844,3974236.1,
1753461000819,16:30:00.819,ADA/USDT:USDT,0.7844,310.5,0.7845,224.0,0.7845,3974239.9,
1753461000926,16:30:00.926,ADA/USDT:USDT,0.7845,25.0,0.7846,397.2,0.7845,3974538.8,
1753461001055,16:30:01.055,ADA/USDT:USDT,0.7844,0.1,0.7845,583.6,0.7845,3974538.8,
1753461001171,16:30:01.171,ADA/USDT:USDT,0.7843,335.1,0.7844,499.2,0.7843,3974539.1,
1753461001276,16:30:01.276,ADA/USDT:USDT,0.7843,378.4,0.7844,61.8,0.7843,3974539.1,
1753461001382,16:30:01.382,ADA/USDT:USDT,0.7844,213.6,0.7845,199.9,0.7843,3974539.1,
1753461001487,16:30:01.487,ADA/USDT:USDT,0.7845,295.6,0.7846,163.9,0.7846,3974539.2,
1753461001595,16:30:01.595,ADA/USDT:USDT,0.7845,272.2,0.7846,161.9,0.7846,3974539.2,
1753461001710,16:30:01.710,ADA/USDT:USDT,0.7845,217.7,0.7846,183.2,0.7846,3974539.2,
1753461002027,16:30:02.027,ADA/USDT:USDT,0.7845,0.1,0.7846,339.0,0.7846,3974539.5,
1753461002156,16:30:02.156,ADA/USDT:USDT,0.7845,91.8,0.7846,286.7,0.7846,3974540.8,
1753461002306,16:30:02.306,ADA/USDT:USDT,0.7845,188.6,0.7846,186.0,0.7846,3974540.8,
1753461002409,16:30:02.409,ADA/USDT:USDT,0.7845,174.3,0.7846,186.0,0.7846,3974540.8,
1753461002510,16:30:02.510,ADA/USDT:USDT,0.7845,154.0,0.7846,235.1,0.7846,3974540.8,
1753461002611,16:30:02.611,ADA/USDT:USDT,0.7845,154.0,0.7846,250.0,0.7846,3974540.8,
1753461002713,16:30:02.713,ADA/USDT:USDT,0.7845,152.8,0.7846,286.3,0.7845,3974542.0,
1753461002816,16:30:02.816,ADA/USDT:USDT,0.7845,152.8,0.7846,210.1,0.7845,3974542.0,
1753461002932,16:30:02.932,ADA/USDT:USDT,0.7845,195.2,0.7846,187.1,0.7845,3974542.0,
1753461003033,16:30:03.033,ADA/USDT:USDT,0.7845,2.9,0.7846,324.7,0.7845,3974542.0,
1753461003152,16:30:03.152,ADA/USDT:USDT,0.7845,0.7,0.7846,480.1,0.7845,3974544.0,
1753461003255,16:30:03.255,ADA/USDT:USDT,0.7845,0.5,0.7846,480.1,0.7845,3974544.3,
1753461003357,16:30:03.357,ADA/USDT:USDT,0.7845,0.5,0.7846,466.2,0.7845,3974544.3,
1753461003459,16:30:03.459,ADA/USDT:USDT,0.7844,7.0,0.7845,673.5,0.7845,3974544.8,
1753461003566,16:30:03.566,ADA/USDT:USDT,0.7844,32.7,0.7845,649.3,0.7845,3974544.8,
1753461003698,16:30:03.698,ADA/USDT:USDT,0.7844,179.7,0.7845,514.3,0.7845,3974544.8,
1753461003799,16:30:03.799,ADA/USDT:USDT,0.7844,354.2,0.7845,172.3,0.7845,3974544.8,
1753461003907,16:30:03.907,ADA/USDT:USDT,0.7845,347.9,0.7846,9.0,0.7845,3974545.8,
1753461004008,16:30:04.008,ADA/USDT:USDT,0.7845,348.2,0.7846,9.1,0.7845,3974545.9,
1753461004110,16:30:04.110,ADA/USDT:USDT,0.7845,298.1,0.7846,11.4,0.7845,3974545.9,
1753461004314,16:30:04.314,ADA/USDT:USDT,0.7845,348.7,0.7846,11.4,0.7845,3974545.9,
1753461004420,16:30:04.420,ADA/USDT:USDT,0.7845,348.8,0.7846,11.3,0.7845,3974545.9,
1753461004647,16:30:04.647,ADA/USDT:USDT,0.7846,726.4,0.7847,2.1,0.7846,3974557.2,
1753461004873,16:30:04.873,ADA/USDT:USDT,0.7846,715.3,0.7847,43.8,0.7846,3974558.0,
1753461004979,16:30:04.979,ADA/USDT:USDT,0.7846,716.7,0.7847,43.8,0.7846,3974558.0,
1753461005083,16:30:05.083,ADA/USDT:USDT,0.7846,665.7,0.7847,43.8,0.7846,3974558.0,
1753461005184,16:30:05.184,ADA/USDT:USDT,0.7846,337.0,0.7847,176.5,0.7846,3974558.1,
1753461005295,16:30:05.295,ADA/USDT:USDT,0.7846,337.0,0.7847,30.4,0.7846,3974558.1,
1753461005407,16:30:05.407,ADA/USDT:USDT,0.7846,345.3,0.7847,114.4,0.7846,3974558.1,
1753461005607,16:30:05.607,ADA/USDT:USDT,0.7846,365.9,0.7847,3.8,0.7846,3974558.1,
1753461005710,16:30:05.710,ADA/USDT:USDT,0.7846,416.9,0.7847,3.8,0.7846,3974558.1,
1753461005819,16:30:05.819,ADA/USDT:USDT,0.7846,345.3,0.7847,3.8,0.7846,3974558.1,
1753461006038,16:30:06.038,ADA/USDT:USDT,0.7846,269.8,0.7847,216.1,0.7846,3974558.1,
1753461006142,16:30:06.142,ADA/USDT:USDT,0.7846,269.8,0.7847,197.0,0.7846,3974558.1,
1753461006266,16:30:06.266,ADA/USDT:USDT,0.7846,269.8,0.7847,197.5,0.7846,3974558.1,
1753461006370,16:30:06.370,ADA/USDT:USDT,0.7846,269.8,0.7847,197.6,0.7846,3974558.1,
1753461006812,16:30:06.812,ADA/USDT:USDT,0.7846,269.8,0.7847,229.6,0.7846,3974558.1,
1753461006917,16:30:06.917,ADA/USDT:USDT,0.7846,7.1,0.7847,409.7,0.7846,3974558.6,
1753461007018,16:30:07.018,ADA/USDT:USDT,0.7846,92.8,0.7847,399.4,0.7846,3974558.6,
1753461007118,16:30:07.118,ADA/USDT:USDT,0.7846,96.4,0.7847,383.8,0.7846,3974559.5,
1753461007244,16:30:07.244,ADA/USDT:USDT,0.7846,96.6,0.7847,378.8,0.7846,3974559.5,
1753461007394,16:30:07.394,ADA/USDT:USDT,0.7846,6.2,0.7847,453.7,0.7846,3974559.5,
1753461007507,16:30:07.507,ADA/USDT:USDT,0.7845,221.6,0.7846,212.5,0.7846,3974559.5,
1753461007614,16:30:07.614,ADA/USDT:USDT,0.7845,230.2,0.7846,239.6,0.7846,3974559.5,
1753461007716,16:30:07.716,ADA/USDT:USDT,0.7845,110.9,0.7846,265.1,0.7846,3974559.5,
1753461007817,16:30:07.817,ADA/USDT:USDT,0.7845,0.1,0.7846,316.1,0.7846,3974559.5,
1753461007939,16:30:07.939,ADA/USDT:USDT,0.7845,197.4,0.7846,243.4,0.7846,3974559.5,
1753461008169,16:30:08.169,ADA/USDT:USDT,0.7845,197.6,0.7846,207.0,0.7846,3974559.5,
1753461008275,16:30:08.275,ADA/USDT:USDT,0.7845,197.6,0.7846,198.1,0.7846,3974559.5,
1753461008504,16:30:08.504,ADA/USDT:USDT,0.7845,197.5,0.7846,203.8,0.7846,3974559.5,
1753461008771,16:30:08.771,ADA/USDT:USDT,0.7845,197.5,0.7846,273.8,0.7846,3974559.5,
1753461008906,16:30:08.906,ADA/USDT:USDT,0.7845,197.5,0.7846,203.8,0.7846,3974559.5,
1753461009008,16:30:09.008,ADA/USDT:USDT,0.7845,197.5,0.7846,205.0,0.7846,3974559.5,
1753461009217,16:30:09.217,ADA/USDT:USDT,0.7845,198.0,0.7846,208.0,0.7846,3974559.5,
1753461009325,16:30:09.325,ADA/USDT:USDT,0.7845,197.9,0.7846,208.0,0.7845,3974559.6,
1753461009430,16:30:09.430,ADA/USDT:USDT,0.7845,158.8,0.7846,255.5,0.7845,3974559.6,
1753461009531,16:30:09.531,ADA/USDT:USDT,0.7844,56.0,0.7845,803.1,0.7844,3974578.1,
1753461009633,16:30:09.633,ADA/USDT:USDT,0.7843,245.9,0.7844,341.8,0.7843,3974578.4,
1753461009761,16:30:09.761,ADA/USDT:USDT,0.7843,228.9,0.7844,373.6,0.7843,3974578.4,
1753461009864,16:30:09.864,ADA/USDT:USDT,0.7843,228.9,0.7844,366.1,0.7843,3974578.4,
1753461009984,16:30:09.984,ADA/USDT:USDT,0.7843,241.5,0.7844,366.1,0.7843,3974578.4,
1753461010105,16:30:10.105,ADA/USDT:USDT,0.7844,694.3,0.7845,0.1,0.7844,3974582.2,
1753461010207,16:30:10.207,ADA/USDT:USDT,0.7845,350.3,0.7846,212.4,0.7845,3974582.3,
1753461010408,16:30:10.408,ADA/USDT:USDT,0.7845,435.2,0.7846,90.7,0.7845,3974582.3,
1753461010635,16:30:10.635,ADA/USDT:USDT,0.7844,0.1,0.7845,324.9,0.7845,3974582.3,
1753461010743,16:30:10.743,ADA/USDT:USDT,0.7842,261.2,0.7843,159.6,0.7842,3974582.7,
1753461010845,16:30:10.845,ADA/USDT:USDT,0.7842,0.6,0.7843,398.2,0.7842,3974582.7,
1753461010946,16:30:10.946,ADA/USDT:USDT,0.7842,118.8,0.7843,346.2,0.7842,3974582.7,
1753461011052,16:30:11.052,ADA/USDT:USDT,0.7842,236.6,0.7843,199.0,0.7842,3974582.7,
1753461011167,16:30:11.167,ADA/USDT:USDT,0.7843,168.7,0.7844,124.2,0.7842,3974582.7,
1753461011277,16:30:11.277,ADA/USDT:USDT,0.7843,191.6,0.7844,156.2,0.7842,3974582.7,
1753461011386,16:30:11.386,ADA/USDT:USDT,0.7843,232.5,0.7844,156.2,0.7842,3974582.7,
1753461011506,16:30:11.506,ADA/USDT:USDT,0.7843,211.4,0.7844,156.8,0.7842,3974582.7,
1753461011714,16:30:11.714,ADA/USDT:USDT,0.7843,91.7,0.7844,304.1,0.7843,3974583.6,
1753461011820,16:30:11.820,ADA/USDT:USDT,0.7843,117.3,0.7844,292.7,0.7843,3974583.6,
1753461011922,16:30:11.922,ADA/USDT:USDT,0.7843,335.8,0.7844,132.6,0.7843,3974583.6,
1753461012055,16:30:12.055,ADA/USDT:USDT,0.7843,337.0,0.7844,132.6,0.7843,3974583.6,
1753461012179,16:30:12.179,ADA/USDT:USDT,0.7843,327.6,0.7844,112.5,0.7843,3974583.6,
1753461012300,16:30:12.300,ADA/USDT:USDT,0.7843,335.7,0.7844,97.2,0.7843,3974583.6,
1753461012409,16:30:12.409,ADA/USDT:USDT,0.7844,746.6,0.7845,4.5,0.7844,3974583.9,
1753461012533,16:30:12.533,ADA/USDT:USDT,0.7844,684.4,0.7845,69.1,0.7844,3974583.9,
1753461012672,16:30:12.672,ADA/USDT:USDT,0.7845,155.2,0.7846,153.5,0.7844,3974583.9,
1753461012784,16:30:12.784,ADA/USDT:USDT,0.7845,154.4,0.7846,202.8,0.7845,3974600.3,
1753461012903,16:30:12.903,ADA/USDT:USDT,0.7845,114.7,0.7846,245.6,0.7845,3974683.9,
1753461013006,16:30:13.006,ADA/USDT:USDT,0.7845,70.9,0.7846,184.2,0.7845,3974798.7,
1753461013107,16:30:13.107,ADA/USDT:USDT,0.7845,195.0,0.7846,203.5,0.7845,3974798.7,
1753461013319,16:30:13.319,ADA/USDT:USDT,0.7845,132.3,0.7846,233.1,0.7845,3974798.7,
1753461013457,16:30:13.457,ADA/USDT:USDT,0.7844,241.0,0.7845,542.6,0.7844,3974804.3,
1753461013580,16:30:13.580,ADA/USDT:USDT,0.7844,0.1,0.7845,651.8,0.7844,3974804.3,
1753461013705,16:30:13.705,ADA/USDT:USDT,0.7844,118.3,0.7845,580.6,0.7844,3974804.3,
1753461013807,16:30:13.807,ADA/USDT:USDT,0.7844,77.7,0.7845,580.6,0.7844,3974804.3,
1753461013909,16:30:13.909,ADA/USDT:USDT,0.7842,218.5,0.7844,644.1,0.7843,3974804.5,
1753461014019,16:30:14.019,ADA/USDT:USDT,0.7842,175.0,0.7843,439.3,0.7842,3974804.7,
1753461014120,16:30:14.120,ADA/USDT:USDT,0.7842,118.7,0.7843,439.7,0.7842,3974804.7,
1753461014253,16:30:14.253,ADA/USDT:USDT,0.7842,118.5,0.7843,439.7,0.7842,3974804.8,
1753461014365,16:30:14.365,ADA/USDT:USDT,0.7842,118.5,0.7843,429.6,0.7842,3974804.8,
1753461014507,16:30:14.507,ADA/USDT:USDT,0.7842,145.1,0.7843,429.6,0.7842,3974804.8,
1753461014608,16:30:14.608,ADA/USDT:USDT,0.7842,145.1,0.7843,431.3,0.7842,3974804.8,
1753461014862,16:30:14.862,ADA/USDT:USDT,0.7842,121.5,0.7843,431.3,0.7842,3974804.8,
1753461014963,16:30:14.963,ADA/USDT:USDT,0.7842,121.5,0.7843,376.3,0.7842,3974804.8,
1753461015085,16:30:15.085,ADA/USDT:USDT,0.7842,121.5,0.7843,374.9,0.7842,3974804.8,
1753461015204,16:30:15.204,ADA/USDT:USDT,0.7842,165.8,0.7843,193.8,0.7842,3974804.8,
1753461015419,16:30:15.419,ADA/USDT:USDT,0.7842,212.2,0.7843,193.8,0.7842,3974804.9,
1753461015532,16:30:15.532,ADA/USDT:USDT,0.7843,282.0,0.7844,101.1,0.7843,3974805.8,
1753461015638,16:30:15.638,ADA/USDT:USDT,0.7843,366.4,0.7844,45.9,0.7843,3974805.8,
1753461015752,16:30:15.752,ADA/USDT:USDT,0.7843,366.4,0.7844,20.3,0.7843,3974805.8,
1753461015872,16:30:15.872,ADA/USDT:USDT,0.7843,292.0,0.7844,152.2,0.7843,3974805.8,
1753461015978,16:30:15.978,ADA/USDT:USDT,0.7843,238.8,0.7844,193.2,0.7843,3974805.8,
1753461016109,16:30:16.109,ADA/USDT:USDT,0.7843,84.6,0.7844,232.6,0.7843,3974805.8,
1753461016209,16:30:16.209,ADA/USDT:USDT,0.7843,293.9,0.7844,195.1,0.7843,3974805.8,
1753461016427,16:30:16.427,ADA/USDT:USDT,0.7843,456.2,0.7844,95.4,0.7843,3974805.8,
1753461016531,16:30:16.531,ADA/USDT:USDT,0.7843,520.9,0.7844,9.3,0.7843,3974805.9,
1753461016647,16:30:16.647,ADA/USDT:USDT,0.7843,520.9,0.7844,9.3,0.7843,3974805.9,
1753461016766,16:30:16.766,ADA/USDT:USDT,0.7843,294.7,0.7844,238.8,0.7843,3974805.9,
1753461016867,16:30:16.867,ADA/USDT:USDT,0.7843,367.8,0.7844,34.9,0.7843,3974805.9,
1753461016971,16:30:16.971,ADA/USDT:USDT,0.7843,52.5,0.7844,245.2,0.7843,3974805.9,
1753461017104,16:30:17.104,ADA/USDT:USDT,0.7843,1.2,0.7844,318.8,0.7843,3974805.9,
1753461017205,16:30:17.205,ADA/USDT:USDT,0.7843,51.1,0.7844,250.3,0.7843,3974805.9,
1753461017307,16:30:17.307,ADA/USDT:USDT,0.7843,575.2,0.7844,35.0,0.7843,3974805.9,
1753461017513,16:30:17.513,ADA/USDT:USDT,0.7843,503.1,0.7844,121.2,0.7843,3974805.9,
1753461017668,16:30:17.668,ADA/USDT:USDT,0.7843,503.1,0.7844,143.6,0.7843,3974805.9,
1753461017804,16:30:17.804,ADA/USDT:USDT,0.7843,438.1,0.7844,143.6,0.7843,3974805.9,
1753461017906,16:30:17.906,ADA/USDT:USDT,0.7842,186.4,0.7843,197.2,0.7843,3974805.9,
1753461018010,16:30:18.010,ADA/USDT:USDT,0.7842,207.7,0.7843,197.4,0.7843,3974805.9,
1753461018117,16:30:18.117,ADA/USDT:USDT,0.7843,365.1,0.7844,170.3,0.7843,3974805.9,
1753461018248,16:30:18.248,ADA/USDT:USDT,0.7843,440.7,0.7844,39.1,0.7843,3974805.9,
1753461018367,16:30:18.367,ADA/USDT:USDT,0.7843,425.8,0.7844,10.6,0.7843,3974807.5,
1753461018484,16:30:18.484,ADA/USDT:USDT,0.7843,439.0,0.7844,15.3,0.7843,3974807.5,
1753461018597,16:30:18.597,ADA/USDT:USDT,0.7843,417.8,0.7844,130.9,0.7843,3974807.5,
1753461018704,16:30:18.704,ADA/USDT:USDT,0.7843,374.7,0.7844,130.9,0.7843,3974807.5,
1753461019010,16:30:19.010,ADA/USDT:USDT,0.7843,387.9,0.7844,105.3,0.7843,3974807.5,
1753461019111,16:30:19.111,ADA/USDT:USDT,0.7843,438.9,0.7844,10.7,0.7843,3974807.5,
1753461019268,16:30:19.268,ADA/USDT:USDT,0.7843,425.5,0.7844,39.2,0.7843,3974807.5,
1753461019402,16:30:19.402,ADA/USDT:USDT,0.7843,387.9,0.7844,0.2,0.7844,3974820.6,
1753461019510,16:30:19.510,ADA/USDT:USDT,0.7844,344.5,0.7845,204.1,0.7844,3974820.6,
1753461019614,16:30:19.614,ADA/USDT:USDT,0.7844,369.1,0.7845,185.8,0.7844,3974820.6,
1753461019767,16:30:19.767,ADA/USDT:USDT,0.7844,291.8,0.7845,205.8,0.7844,3974820.6,
1753461020006,16:30:20.006,ADA/USDT:USDT,0.7844,291.8,0.7845,225.9,0.7844,3974820.6,
1753461020115,16:30:20.115,ADA/USDT:USDT,0.7844,88.0,0.7845,230.1,0.7844,3974823.1,
1753461020226,16:30:20.226,ADA/USDT:USDT,0.7843,114.8,0.7844,624.9,0.7843,3974825.3,
1753461020336,16:30:20.336,ADA/USDT:USDT,0.7842,170.6,0.7843,517.6,0.7843,3974825.6,
1753461020468,16:30:20.468,ADA/USDT:USDT,0.7842,359.6,0.7843,316.2,0.7843,3974825.6,
1753461020572,16:30:20.572,ADA/USDT:USDT,0.7842,136.5,0.7843,359.2,0.7842,3974825.8,
1753461020706,16:30:20.706,ADA/USDT:USDT,0.7842,129.0,0.7843,339.1,0.7842,3974827.0,
1753461021353,16:30:21.353,ADA/USDT:USDT,0.7842,316.4,0.7843,337.7,0.7842,3974827.1,
1753461021480,16:30:21.480,ADA/USDT:USDT,0.7842,336.4,0.7843,227.1,0.7842,3974827.1,
1753461021807,16:30:21.807,ADA/USDT:USDT,0.7842,163.8,0.7843,227.1,0.7842,3974827.1,
1753461021908,16:30:21.908,ADA/USDT:USDT,0.7842,0.1,0.7843,352.7,0.7842,3974827.1,
1753461022016,16:30:22.016,ADA/USDT:USDT,0.7842,0.1,0.7843,359.3,0.7842,3974827.1,
1753461022218,16:30:22.218,ADA/USDT:USDT,0.7841,115.2,0.7842,519.5,0.7842,3974827.2,
1753461022345,16:30:22.345,ADA/USDT:USDT,0.7841,299.3,0.7842,518.1,0.7842,3974827.2,
1753461022467,16:30:22.467,ADA/USDT:USDT,0.7841,299.5,0.7842,156.8,0.7842,3974827.2,
1753461022604,16:30:22.604,ADA/USDT:USDT,0.7841,299.5,0.7842,124.8,0.7842,3974827.2,
1753461022706,16:30:22.706,ADA/USDT:USDT,0.7841,115.4,0.7842,156.9,0.7842,3974827.2,
1753461022806,16:30:22.806,ADA/USDT:USDT,0.7841,27.6,0.7842,316.4,0.7841,3974828.3,
1753461022907,16:30:22.907,ADA/USDT:USDT,0.7841,1.0,0.7842,368.6,0.7841,3974828.3,
1753461023261,16:30:23.261,ADA/USDT:USDT,0.7841,1.0,0.7842,323.1,0.7841,3974828.3,
1753461023372,16:30:23.372,ADA/USDT:USDT,0.7841,0.8,0.7842,303.8,0.7841,3974828.3,
1753461023485,16:30:23.485,ADA/USDT:USDT,0.7841,1.0,0.7842,410.9,0.7841,3974828.3,
1753461023590,16:30:23.590,ADA/USDT:USDT,0.784,90.8,0.7841,622.6,0.784,3974829.4,
1753461023706,16:30:23.706,ADA/USDT:USDT,0.784,64.2,0.7841,622.6,0.784,3974829.6,
1753461023807,16:30:23.807,ADA/USDT:USDT,0.784,154.3,0.7841,565.9,0.784,3974829.6,
1753461024012,16:30:24.012,ADA/USDT:USDT,0.784,440.1,0.7841,152.3,0.784,3974829.6,
1753461024112,16:30:24.112,ADA/USDT:USDT,0.784,421.4,0.7841,111.9,0.784,3974829.6,
1753461024341,16:30:24.341,ADA/USDT:USDT,0.784,428.4,0.7841,111.9,0.784,3974829.6,
1753461024446,16:30:24.446,ADA/USDT:USDT,0.784,428.3,0.7841,113.1,0.784,3974829.7,
1753461024582,16:30:24.582,ADA/USDT:USDT,0.784,421.3,0.7841,113.6,0.784,3974829.7,
1753461024682,16:30:24.682,ADA/USDT:USDT,0.784,422.2,0.7841,113.7,0.784,3974829.7,
1753461024787,16:30:24.787,ADA/USDT:USDT,0.784,69.1,0.7841,233.6,0.784,3974829.7,
1753461024904,16:30:24.904,ADA/USDT:USDT,0.784,2.7,0.7841,358.8,0.784,3974830.0,
1753461025005,16:30:25.005,ADA/USDT:USDT,0.7839,130.7,0.7841,485.7,0.784,3974832.7,
1753461025107,16:30:25.107,ADA/USDT:USDT,0.7839,90.0,0.784,582.3,0.784,3974832.7,
1753461025212,16:30:25.212,ADA/USDT:USDT,0.7839,2.8,0.784,635.5,0.784,3974832.7,
1753461025313,16:30:25.313,ADA/USDT:USDT,0.7839,0.4,0.784,584.5,0.7839,3974834.9,
1753461025422,16:30:25.422,ADA/USDT:USDT,0.7839,47.9,0.784,585.1,0.7839,3974834.9,
1753461025571,16:30:25.571,ADA/USDT:USDT,0.7839,71.5,0.784,567.0,0.7839,3974834.9,
1753461025696,16:30:25.696,ADA/USDT:USDT,0.7839,0.4,0.784,585.1,0.7839,3974834.9,
1753461025799,16:30:25.799,ADA/USDT:USDT,0.7839,24.0,0.784,585.1,0.7839,3974834.9,
1753461025906,16:30:25.906,ADA/USDT:USDT,0.7839,0.4,0.784,516.1,0.7839,3974834.9,
1753461026020,16:30:26.020,ADA/USDT:USDT,0.7838,195.3,0.784,516.1,0.7839,3974835.3,
1753461026121,16:30:26.121,ADA/USDT:USDT,0.7838,1.5,0.7839,637.6,0.7839,3974835.3,
1753461026245,16:30:26.245,ADA/USDT:USDT,0.7838,1.4,0.7839,631.9,0.7838,3974835.4,
1753461026349,16:30:26.349,ADA/USDT:USDT,0.7838,152.9,0.7839,541.8,0.7838,3974835.6,
1753461026605,16:30:26.605,ADA/USDT:USDT,0.7838,254.2,0.7839,161.0,0.7838,3974835.6,
1753461026808,16:30:26.808,ADA/USDT:USDT,0.7838,173.1,0.7839,217.7,0.7838,3974835.6,
1753461027011,16:30:27.011,ADA/USDT:USDT,0.7838,238.7,0.7839,197.5,0.7838,3974835.6,
1753461027113,16:30:27.113,ADA/USDT:USDT,0.7838,227.7,0.7839,197.7,0.7838,3974835.6,
1753461027216,16:30:27.216,ADA/USDT:USDT,0.7838,227.7,0.7839,169.6,0.7839,3974837.2,
1753461027365,16:30:27.365,ADA/USDT:USDT,0.7838,313.4,0.7839,112.1,0.7838,3974838.6,
1753461027489,16:30:27.489,ADA/USDT:USDT,0.7838,244.7,0.7839,112.1,0.7838,3974838.6,
1753461027590,16:30:27.590,ADA/USDT:USDT,0.7839,548.0,0.784,130.4,0.7839,3974838.8,
1753461027691,16:30:27.691,ADA/USDT:USDT,0.7839,446.9,0.784,89.0,0.7839,3974838.8,
1753461027806,16:30:27.806,ADA/USDT:USDT,0.7839,440.8,0.784,112.6,0.7839,3974838.8,
1753461027922,16:30:27.922,ADA/USDT:USDT,0.7839,240.8,0.784,242.4,0.7839,3974838.8,
1753461028069,16:30:28.069,ADA/USDT:USDT,0.7839,229.5,0.784,245.0,0.7839,3974838.8,
1753461028279,16:30:28.279,ADA/USDT:USDT,0.7838,262.5,0.7839,188.7,0.7839,3974839.1,
1753461028399,16:30:28.399,ADA/USDT:USDT,0.7838,262.7,0.7839,172.6,0.7839,3974839.1,
1753461028504,16:30:28.504,ADA/USDT:USDT,0.7838,176.3,0.7839,202.4,0.7839,3974839.1,
1753461028614,16:30:28.614,ADA/USDT:USDT,0.7838,251.3,0.7839,193.0,0.7839,3974839.1,
1753461028717,16:30:28.717,ADA/USDT:USDT,0.7838,251.3,0.7839,92.3,0.7839,3974839.1,
1753461028821,16:30:28.821,ADA/USDT:USDT,0.7839,575.5,0.784,112.6,0.7839,3974839.5,
1753461028961,16:30:28.961,ADA/USDT:USDT,0.7839,636.3,0.784,46.3,0.7839,3974839.8,
1753461029083,16:30:29.083,ADA/USDT:USDT,0.7839,395.6,0.784,156.2,0.7839,3974839.8,
1753461029186,16:30:29.186,ADA/USDT:USDT,0.7839,298.4,0.784,157.6,0.7839,3974839.8,
1753461029306,16:30:29.306,ADA/USDT:USDT,0.7839,170.0,0.784,212.8,0.7839,3974839.8,
1753461029413,16:30:29.413,ADA/USDT:USDT,0.7839,337.6,0.784,148.5,0.7839,3974839.8,
1753461029668,16:30:29.668,ADA/USDT:USDT,0.7839,235.4,0.784,148.8,0.7839,3974839.8,
1753461029803,16:30:29.803,ADA/USDT:USDT,0.7839,229.5,0.784,148.8,0.7839,3974839.8,
1753461030116,16:30:30.116,ADA/USDT:USDT,0.7839,144.4,0.784,240.6,0.7839,3974839.8,
1753461030219,16:30:30.219,ADA/USDT:USDT,0.7839,132.5,0.784,160.1,0.7839,3974839.8,
1753461030322,16:30:30.322,ADA/USDT:USDT,0.7839,152.2,0.784,150.8,0.7839,3974839.8,
1753461030422,16:30:30.422,ADA/USDT:USDT,0.7839,411.8,0.784,92.0,0.7839,3974839.8,
1753461030565,16:30:30.565,ADA/USDT:USDT,0.7839,345.9,0.784,199.5,0.7839,3974839.8,
1753461030682,16:30:30.682,ADA/USDT:USDT,0.7839,345.9,0.784,199.7,0.7839,3974839.8,
1753461030802,16:30:30.802,ADA/USDT:USDT,0.7839,287.9,0.784,214.8,0.7839,3974839.8,
1753461030905,16:30:30.905,ADA/USDT:USDT,0.7839,66.4,0.784,217.4,0.7839,3974839.8,
1753461031007,16:30:31.007,ADA/USDT:USDT,0.7839,137.2,0.784,202.5,0.7839,3974839.8,
1753461031228,16:30:31.228,ADA/USDT:USDT,0.7838,0.1,0.7839,459.9,0.7838,3974840.3,
1753461031344,16:30:31.344,ADA/USDT:USDT,0.7837,296.1,0.7838,376.9,0.7837,3974840.5,
1753461031455,16:30:31.455,ADA/USDT:USDT,0.7837,274.0,0.7838,361.3,0.7837,3974840.5,
1753461031568,16:30:31.568,ADA/USDT:USDT,0.7837,325.6,0.7838,132.7,0.7837,3974840.5,
1753461031672,16:30:31.672,ADA/USDT:USDT,0.7837,326.1,0.7838,92.3,0.7837,3974840.5,
1753461031784,16:30:31.784,ADA/USDT:USDT,0.7837,2.4,0.7838,355.7,0.7837,3974840.5,
1753461031890,16:30:31.890,ADA/USDT:USDT,0.7837,2.4,0.7838,410.6,0.7837,3974840.5,
1753461031994,16:30:31.994,ADA/USDT:USDT,0.7836,158.1,0.7838,410.3,0.7837,3974842.9,
1753461032097,16:30:32.097,ADA/USDT:USDT,0.7836,1.8,0.7837,581.1,0.7837,3974842.9,
1753461032199,16:30:32.199,ADA/USDT:USDT,0.7836,1.8,0.7837,582.1,0.7837,3974842.9,
1753461032305,16:30:32.305,ADA/USDT:USDT,0.7836,1.8,0.7837,590.3,0.7837,3974842.9,
1753461032407,16:30:32.407,ADA/USDT:USDT,0.7836,65.0,0.7837,505.3,0.7837,3974842.9,
1753461032509,16:30:32.509,ADA/USDT:USDT,0.7836,311.0,0.7837,119.6,0.7837,3974842.9,
1753461032921,16:30:32.921,ADA/USDT:USDT,0.7836,311.0,0.7837,141.6,0.7837,3974842.9,
1753461033176,16:30:33.176,ADA/USDT:USDT,0.7836,277.7,0.7837,149.6,0.7837,3974842.9,
1753461033295,16:30:33.295,ADA/USDT:USDT,0.7836,196.1,0.7837,156.5,0.7837,3974842.9,
1753461033406,16:30:33.406,ADA/USDT:USDT,0.7836,219.7,0.7837,214.3,0.7837,3974842.9,
1753461033512,16:30:33.512,ADA/USDT:USDT,0.7836,219.6,0.7837,145.6,0.7837,3974842.9,
1753461033614,16:30:33.614,ADA/USDT:USDT,0.7836,155.6,0.7837,210.8,0.7837,3974842.9,
1753461033731,16:30:33.731,ADA/USDT:USDT,0.7836,219.6,0.7837,132.4,0.7837,3974842.9,
1753461034366,16:30:34.366,ADA/USDT:USDT,0.7836,220.1,0.7837,132.5,0.7837,3974842.9,
1753461034481,16:30:34.481,ADA/USDT:USDT,0.7836,225.5,0.7837,132.5,0.7837,3974842.9,
1753461034608,16:30:34.608,ADA/USDT:USDT,0.7836,246.5,0.7838,630.1,0.7837,3974847.0,
1753461034710,16:30:34.710,ADA/USDT:USDT,0.7837,735.3,0.7838,3.5,0.7837,3974847.0,
1753461034813,16:30:34.813,ADA/USDT:USDT,0.7837,684.6,0.7838,3.5,0.7837,3974847.0,
1753461035016,16:30:35.016,ADA/USDT:USDT,0.7837,679.2,0.7838,3.8,0.7837,3974847.0,
1753461035126,16:30:35.126,ADA/USDT:USDT,0.7837,506.8,0.7838,142.6,0.7837,3974847.0,
1753461035257,16:30:35.257,ADA/USDT:USDT,0.7836,230.3,0.7837,146.6,0.7837,3974847.0,
1753461035369,16:30:35.369,ADA/USDT:USDT,0.7836,202.6,0.7837,146.8,0.7837,3974847.0,
1753461035506,16:30:35.506,ADA/USDT:USDT,0.7836,1.2,0.7837,300.6,0.7836,3974847.3,
1753461035613,16:30:35.613,ADA/USDT:USDT,0.7836,1.3,0.7837,351.6,0.7836,3974847.3,
1753461035767,16:30:35.767,ADA/USDT:USDT,0.7836,1.3,0.7837,391.3,0.7836,3974847.3,
1753461035881,16:30:35.881,ADA/USDT:USDT,0.7836,0.4,0.7837,497.3,0.7836,3974848.2,
1753461035986,16:30:35.986,ADA/USDT:USDT,0.7836,0.2,0.7837,507.2,0.7836,3974848.2,
1753461036200,16:30:36.200,ADA/USDT:USDT,0.7836,152.2,0.7837,266.3,0.7836,3974850.4,
1753461036304,16:30:36.304,ADA/USDT:USDT,0.7836,330.3,0.7837,153.7,0.7836,3974850.4,
1753461036407,16:30:36.407,ADA/USDT:USDT,0.7836,391.0,0.7838,482.8,0.7837,3974850.6,
1753461036515,16:30:36.515,ADA/USDT:USDT,0.7837,367.1,0.7838,170.3,0.7837,3974850.6,
1753461036624,16:30:36.624,ADA/USDT:USDT,0.7837,0.2,0.7838,305.5,0.7837,3974850.6,
1753461036744,16:30:36.744,ADA/USDT:USDT,0.7836,23.7,0.7837,586.2,0.7837,3974850.8,
1753461036879,16:30:36.879,ADA/USDT:USDT,0.7836,0.1,0.7837,646.1,0.7837,3974850.8,
1753461037006,16:30:37.006,ADA/USDT:USDT,0.7835,143.0,0.7837,650.5,0.7835,3974851.1,
1753461037107,16:30:37.107,ADA/USDT:USDT,0.7835,234.2,0.7836,475.4,0.7835,3974851.1,
1753461037316,16:30:37.316,ADA/USDT:USDT,0.7835,276.2,0.7836,454.1,0.7835,3974851.1,
1753461037908,16:30:37.908,ADA/USDT:USDT,0.7835,276.2,0.7836,462.4,0.7835,3974851.1,
1753461038116,16:30:38.116,ADA/USDT:USDT,0.7835,102.1,0.7836,463.8,0.7835,3974851.1,
1753461038219,16:30:38.219,ADA/USDT:USDT,0.7835,12.8,0.7836,565.8,0.7835,3974851.4,
1753461038331,16:30:38.331,ADA/USDT:USDT,0.7835,12.8,0.7836,566.5,0.7835,3974851.4,
1753461038481,16:30:38.481,ADA/USDT:USDT,0.7835,12.8,0.7836,566.9,0.7835,3974851.4,
1753461038604,16:30:38.604,ADA/USDT:USDT,0.7835,0.2,0.7836,567.1,0.7835,3974851.4,
1753461038709,16:30:38.709,ADA/USDT:USDT,0.7835,143.1,0.7836,477.9,0.7835,3974851.4,
1753461038811,16:30:38.811,ADA/USDT:USDT,0.7835,43.8,0.7836,471.0,0.7835,3974851.4,
1753461038912,16:30:38.912,ADA/USDT:USDT,0.7835,20.4,0.7836,527.0,0.7835,3974851.4,
1753461039015,16:30:39.015,ADA/USDT:USDT,0.7835,0.2,0.7836,527.0,0.7835,3974851.4,
1753461039282,16:30:39.282,ADA/USDT:USDT,0.7834,53.8,0.7835,677.7,0.7834,3974851.7,
1753461039384,16:30:39.384,ADA/USDT:USDT,0.7833,82.4,0.7835,626.8,0.7834,3974905.3,
1753461039491,16:30:39.491,ADA/USDT:USDT,0.7833,0.9,0.7834,773.1,0.7834,3974905.3,
1753461039600,16:30:39.600,ADA/USDT:USDT,0.7833,0.9,0.7834,791.9,0.7834,3974905.3,
1753461039706,16:30:39.706,ADA/USDT:USDT,0.7832,2.9,0.7834,798.2,0.7833,3974906.2,
1753461039807,16:30:39.807,ADA/USDT:USDT,0.7832,154.4,0.7833,624.5,0.7833,3974906.2,
1753461039907,16:30:39.907,ADA/USDT:USDT,0.7832,276.6,0.7833,290.8,0.7833,3974906.2,
1753461040009,16:30:40.009,ADA/USDT:USDT,0.7833,650.6,0.7834,4.6,0.7833,3974906.2,
1753461040110,16:30:40.110,ADA/USDT:USDT,0.7833,473.2,0.7834,160.2,0.7833,3974906.2,
1753461040312,16:30:40.312,ADA/USDT:USDT,0.7833,479.6,0.7834,120.2,0.7833,3974906.2,
1753461040421,16:30:40.421,ADA/USDT:USDT,0.7833,474.0,0.7834,69.1,0.7833,3974906.2,
1753461040627,16:30:40.627,ADA/USDT:USDT,0.7833,525.1,0.7834,69.1,0.7833,3974906.2,
1753461040732,16:30:40.732,ADA/USDT:USDT,0.7833,203.1,0.7834,247.6,0.7833,3974906.2,
1753461041005,16:30:41.005,ADA/USDT:USDT,0.7833,19.5,0.7834,380.6,0.7833,3974906.9,
1753461041116,16:30:41.116,ADA/USDT:USDT,0.7832,88.7,0.7833,210.8,0.7832,3974932.4,
1753461041240,16:30:41.240,ADA/USDT:USDT,0.7832,88.7,0.7833,222.1,0.7832,3974932.4,
1753461041375,16:30:41.375,ADA/USDT:USDT,0.7832,244.7,0.7833,169.8,0.7832,3974932.4,
1753461041607,16:30:41.607,ADA/USDT:USDT,0.7832,244.7,0.7833,128.6,0.7832,3974932.4,
1753461041718,16:30:41.718,ADA/USDT:USDT,0.7832,172.2,0.7833,163.1,0.7832,3974932.4,
1753461041822,16:30:41.822,ADA/USDT:USDT,0.7833,604.2,0.7834,168.0,0.7833,3974932.5,
1753461042072,16:30:42.072,ADA/USDT:USDT,0.7833,609.4,0.7834,148.1,0.7833,3974932.5,
1753461042200,16:30:42.200,ADA/USDT:USDT,0.7833,441.6,0.7834,225.9,0.7833,3974932.5,
1753461042312,16:30:42.312,ADA/USDT:USDT,0.7833,66.3,0.7834,305.2,0.7833,3974932.5,
1753461042413,16:30:42.413,ADA/USDT:USDT,0.7833,91.9,0.7834,305.2,0.7833,3974932.5,
1753461042567,16:30:42.567,ADA/USDT:USDT,0.7833,385.4,0.7834,16.8,0.7833,3974932.5,
1753461042796,16:30:42.796,ADA/USDT:USDT,0.7833,295.2,0.7834,246.6,0.7833,3974932.5,
1753461042906,16:30:42.906,ADA/USDT:USDT,0.7833,258.0,0.7834,250.9,0.7833,3974932.5,
1753461043007,16:30:43.007,ADA/USDT:USDT,0.7833,280.9,0.7834,241.5,0.7833,3974932.5,
1753461043266,16:30:43.266,ADA/USDT:USDT,0.7833,280.9,0.7834,242.0,0.7833,3974932.5,
1753461043473,16:30:43.473,ADA/USDT:USDT,0.7833,281.9,0.7834,151.1,0.7833,3974932.6,
1753461043577,16:30:43.577,ADA/USDT:USDT,0.7833,348.9,0.7834,17.6,0.7833,3974932.6,
1753461043681,16:30:43.681,ADA/USDT:USDT,0.7833,348.9,0.7835,206.8,0.7834,3974950.2,
1753461043782,16:30:43.782,ADA/USDT:USDT,0.7834,743.7,0.7836,5.2,0.7835,3974952.9,
1753461043889,16:30:43.889,ADA/USDT:USDT,0.7835,697.5,0.7837,158.8,0.7836,3974953.1,
1753461043990,16:30:43.990,ADA/USDT:USDT,0.7836,305.2,0.7837,199.8,0.7836,3974953.1,
1753461044099,16:30:44.099,ADA/USDT:USDT,0.7836,326.5,0.7837,180.6,0.7836,3974953.1,
1753461044214,16:30:44.214,ADA/USDT:USDT,0.7836,321.2,0.7837,180.6,0.7836,3974953.1,
1753461044329,16:30:44.329,ADA/USDT:USDT,0.7837,339.0,0.7838,163.3,0.7837,3974953.5,
1753461044431,16:30:44.431,ADA/USDT:USDT,0.7837,338.2,0.7838,158.7,0.7837,3974953.5,
1753461044551,16:30:44.551,ADA/USDT:USDT,0.7837,390.8,0.7838,3.2,0.7837,3974953.5,
1753461044665,16:30:44.665,ADA/USDT:USDT,0.7837,390.8,0.7838,3.3,0.7837,3974953.5,
1753461044772,16:30:44.772,ADA/USDT:USDT,0.7838,814.7,0.7839,8.0,0.7839,3974958.0,
1753461044904,16:30:44.904,ADA/USDT:USDT,0.7838,816.1,0.7839,7.2,0.7839,3974958.0,
1753461045007,16:30:45.007,ADA/USDT:USDT,0.7838,358.1,0.7839,281.0,0.7839,3974958.0,
1753461045108,16:30:45.108,ADA/USDT:USDT,0.7838,324.2,0.7839,202.3,0.7839,3974958.0,
1753461045214,16:30:45.214,ADA/USDT:USDT,0.7838,322.9,0.7839,202.3,0.7838,3974958.1,
1753461045325,16:30:45.325,ADA/USDT:USDT,0.7838,322.9,0.7839,202.3,0.7838,3974958.1,
1753461045445,16:30:45.445,ADA/USDT:USDT,0.7838,322.9,0.7839,210.2,0.7838,3974958.1,
1753461045586,16:30:45.586,ADA/USDT:USDT,0.7838,189.0,0.7839,226.3,0.7838,3974958.1,
1753461045706,16:30:45.706,ADA/USDT:USDT,0.7838,251.3,0.7839,210.2,0.7838,3974958.1,
1753461045807,16:30:45.807,ADA/USDT:USDT,0.7838,259.2,0.7839,159.9,0.7838,3974958.1,
1753461045911,16:30:45.911,ADA/USDT:USDT,0.7838,265.3,0.7839,140.0,0.7838,3974958.1,
1753461046012,16:30:46.012,ADA/USDT:USDT,0.7838,251.3,0.7839,150.3,0.7838,3974958.1,
1753461046118,16:30:46.118,ADA/USDT:USDT,0.7838,251.3,0.7839,184.3,0.7838,3974958.1,
1753461046272,16:30:46.272,ADA/USDT:USDT,0.7838,251.3,0.7839,134.0,0.7838,3974958.1,
1753461046613,16:30:46.613,ADA/USDT:USDT,0.7838,250.6,0.7839,101.5,0.7838,3974958.8,
1753461046733,16:30:46.733,ADA/USDT:USDT,0.7838,250.6,0.7839,93.6,0.7838,3974958.8,
1753461046834,16:30:46.834,ADA/USDT:USDT,0.7838,250.6,0.7839,97.6,0.7838,3974958.8,
1753461047040,16:30:47.040,ADA/USDT:USDT,0.7839,744.0,0.784,1.1,0.7839,3974988.4,
1753461047161,16:30:47.161,ADA/USDT:USDT,0.7839,752.4,0.784,1.1,0.7839,3974988.4,
1753461047266,16:30:47.266,ADA/USDT:USDT,0.7839,702.6,0.784,96.5,0.7839,3974988.4,
1753461047398,16:30:47.398,ADA/USDT:USDT,0.7839,11.1,0.784,295.5,0.7839,3974988.7,
1753461047507,16:30:47.507,ADA/USDT:USDT,0.7839,11.1,0.784,390.5,0.7839,3974988.7,
1753461047607,16:30:47.607,ADA/USDT:USDT,0.7839,11.3,0.784,385.6,0.7839,3974988.7,
1753461047710,16:30:47.710,ADA/USDT:USDT,0.7839,77.4,0.784,326.5,0.7839,3974988.7,
1753461047827,16:30:47.827,ADA/USDT:USDT,0.7839,103.0,0.784,232.7,0.7839,3974988.7,
1753461047981,16:30:47.981,ADA/USDT:USDT,0.7839,143.4,0.784,218.4,0.7839,3974988.7,
1753461048107,16:30:48.107,ADA/USDT:USDT,0.7839,163.4,0.784,204.4,0.7839,3974988.7,
1753461048311,16:30:48.311,ADA/USDT:USDT,0.7839,179.9,0.784,204.4,0.7839,3974988.7,
1753461048411,16:30:48.411,ADA/USDT:USDT,0.7839,179.9,0.784,225.5,0.7839,3974988.7,
1753461048566,16:30:48.566,ADA/USDT:USDT,0.7839,179.9,0.784,203.1,0.7839,3974988.7,
1753461048670,16:30:48.670,ADA/USDT:USDT,0.7839,199.1,0.784,203.5,0.7839,3974988.7,
1753461048810,16:30:48.810,ADA/USDT:USDT,0.7839,179.9,0.784,203.5,0.7839,3974988.7,
1753461049314,16:30:49.314,ADA/USDT:USDT,0.7839,343.9,0.784,1.6,0.7839,3974988.7,
1753461049417,16:30:49.417,ADA/USDT:USDT,0.7841,503.0,0.7842,42.7,0.7841,3975007.9,
1753461049530,16:30:49.530,ADA/USDT:USDT,0.7841,533.6,0.7842,0.2,0.7842,3975008.0,
1753461049644,16:30:49.644,ADA/USDT:USDT,0.7842,322.9,0.7843,224.5,0.7842,3975008.2,
1753461049791,16:30:49.791,ADA/USDT:USDT,0.7841,444.6,0.7842,132.3,0.7842,3975008.2,
1753461049906,16:30:49.906,ADA/USDT:USDT,0.7842,374.3,0.7843,218.5,0.7842,3975008.2,
1753461050013,16:30:50.013,ADA/USDT:USDT,0.7842,409.7,0.7843,202.3,0.7842,3975008.2,
1753461050113,16:30:50.113,ADA/USDT:USDT,0.7842,354.7,0.7843,202.3,0.7842,3975008.2,
1753461050250,16:30:50.250,ADA/USDT:USDT,0.7842,342.4,0.7843,139.5,0.7842,3975008.2,
1753461050368,16:30:50.368,ADA/USDT:USDT,0.7842,406.8,0.7843,30.5,0.7842,3975008.2,
1753461050486,16:30:50.486,ADA/USDT:USDT,0.7842,394.5,0.7843,80.2,0.7842,3975008.2,
1753461050605,16:30:50.605,ADA/USDT:USDT,0.7842,193.2,0.7843,191.2,0.7842,3975008.2,
1753461050810,16:30:50.810,ADA/USDT:USDT,0.7842,318.2,0.7843,27.9,0.7842,3975008.2,
1753461050914,16:30:50.914,ADA/USDT:USDT,0.7842,319.2,0.7844,165.4,0.7843,3975010.3,
1753461051017,16:30:51.017,ADA/USDT:USDT,0.7843,703.2,0.7844,47.6,0.7843,3975010.3,
1753461051118,16:30:51.118,ADA/USDT:USDT,0.7843,677.1,0.7844,71.4,0.7844,3975012.7,
1753461051226,16:30:51.226,ADA/USDT:USDT,0.7843,675.7,0.7844,33.1,0.7844,3975025.0,
1753461051347,16:30:51.347,ADA/USDT:USDT,0.7843,688.3,0.7844,9.5,0.7844,3975025.0,
1753461051452,16:30:51.452,ADA/USDT:USDT,0.7844,715.3,0.7846,125.0,0.7845,3975084.8,
1753461051577,16:30:51.577,ADA/USDT:USDT,0.7846,751.7,0.7847,55.4,0.7846,3975085.9,
1753461051710,16:30:51.710,ADA/USDT:USDT,0.7846,589.1,0.7847,95.7,0.7846,3975086.1,
1753461051824,16:30:51.824,ADA/USDT:USDT,0.7846,588.8,0.7847,106.2,0.7846,3975086.1,
1753461051926,16:30:51.926,ADA/USDT:USDT,0.7846,648.6,0.7848,80.4,0.7847,3975086.4,
1753461052029,16:30:52.029,ADA/USDT:USDT,0.7847,549.1,0.7848,95.1,0.7847,3975086.4,
1753461052141,16:30:52.141,ADA/USDT:USDT,0.7847,518.0,0.7848,75.8,0.7847,3975086.4,
1753461052281,16:30:52.281,ADA/USDT:USDT,0.7847,576.3,0.7848,37.5,0.7847,3975086.4,
1753461052382,16:30:52.382,ADA/USDT:USDT,0.7847,584.3,0.7849,68.9,0.7848,3975095.9,
1753461052496,16:30:52.496,ADA/USDT:USDT,0.7848,481.4,0.7849,94.0,0.7848,3975095.9,
1753461052606,16:30:52.606,ADA/USDT:USDT,0.7848,532.4,0.7849,2.5,0.7848,3975095.9,
1753461052713,16:30:52.713,ADA/USDT:USDT,0.7848,532.3,0.7849,122.0,0.7848,3975095.9,
1753461052859,16:30:52.859,ADA/USDT:USDT,0.7848,469.1,0.7849,108.1,0.7848,3975102.2,
1753461052969,16:30:52.969,ADA/USDT:USDT,0.7848,465.6,0.7849,197.0,0.7848,3975102.2,
1753461053090,16:30:53.090,ADA/USDT:USDT,0.7847,126.3,0.7849,401.3,0.7848,3975102.3,
1753461053206,16:30:53.206,ADA/USDT:USDT,0.7847,369.3,0.7848,86.6,0.7848,3975110.0,
1753461053306,16:30:53.306,ADA/USDT:USDT,0.7847,190.3,0.7848,195.4,0.7848,3975110.0,
1753461053408,16:30:53.408,ADA/USDT:USDT,0.7847,200.8,0.7848,196.8,0.7848,3975110.0,
1753461053519,16:30:53.519,ADA/USDT:USDT,0.7847,200.8,0.7848,213.4,0.7848,3975110.0,
1753461053734,16:30:53.734,ADA/USDT:USDT,0.7847,200.8,0.7848,191.0,0.7848,3975110.0,
1753461053879,16:30:53.879,ADA/USDT:USDT,0.7847,136.0,0.7848,219.5,0.7848,3975110.0,
1753461054007,16:30:54.007,ADA/USDT:USDT,0.7847,181.6,0.7848,297.1,0.7848,3975110.0,
1753461054208,16:30:54.208,ADA/USDT:USDT,0.7847,161.6,0.7848,217.7,0.7848,3975110.0,
1753461054321,16:30:54.321,ADA/USDT:USDT,0.7847,183.8,0.7848,194.4,0.7848,3975110.0,
1753461054463,16:30:54.463,ADA/USDT:USDT,0.7847,11.5,0.7848,344.0,0.7848,3975110.0,
1753461054570,16:30:54.570,ADA/USDT:USDT,0.7847,66.4,0.7848,293.5,0.7848,3975110.0,
1753461054701,16:30:54.701,ADA/USDT:USDT,0.7847,199.5,0.7848,229.3,0.7848,3975110.0,
1753461054807,16:30:54.807,ADA/USDT:USDT,0.7847,112.7,0.7848,228.9,0.7848,3975110.0,
1753461054909,16:30:54.909,ADA/USDT:USDT,0.7847,11.7,0.7848,287.1,0.7848,3975110.0,
1753461055116,16:30:55.116,ADA/USDT:USDT,0.7847,143.8,0.7848,223.6,0.7848,3975110.0,
1753461055267,16:30:55.267,ADA/USDT:USDT,0.7847,205.7,0.7848,222.2,0.7848,3975110.0,
1753461055397,16:30:55.397,ADA/USDT:USDT,0.7847,212.9,0.7848,217.2,0.7848,3975110.0,
1753461055500,16:30:55.500,ADA/USDT:USDT,0.7847,205.8,0.7848,217.2,0.7848,3975110.0,
1753461055608,16:30:55.608,ADA/USDT:USDT,0.7847,291.6,0.7848,13.2,0.7848,3975110.0,
1753461055821,16:30:55.821,ADA/USDT:USDT,0.7847,287.3,0.7848,2.0,0.7848,3975110.0,
1753461055937,16:30:55.937,ADA/USDT:USDT,0.7847,298.8,0.7848,2.0,0.7848,3975110.0,
1753461056046,16:30:56.046,ADA/USDT:USDT,0.7847,418.8,0.7848,2.0,0.7848,3975110.0,
1753461056183,16:30:56.183,ADA/USDT:USDT,0.7848,749.3,0.7849,7.2,0.7848,3975112.1,
1753461056308,16:30:56.308,ADA/USDT:USDT,0.7848,753.7,0.7849,3.5,0.7848,3975112.1,
