timestamp,time,symbol,bid,bidVolume,ask,askVolume,lastPrice,baseVolume,quoteVolume
1753460898768,16:28:18.768,ACH/USDT:USDT,0.02131,395.0,0.02132,204.0,0.02131,2483679.0,
1753460899309,16:28:19.309,ACH/USDT:USDT,0.02131,395.0,0.02132,200.0,0.02131,2483679.0,
1753460899416,16:28:19.416,ACH/USDT:USDT,0.02131,395.0,0.02132,176.0,0.02131,2483679.0,
1753460899547,16:28:19.547,ACH/USDT:USDT,0.02132,476.0,0.02133,681.0,0.02132,2483855.0,
1753460899655,16:28:19.655,ACH/USDT:USDT,0.02132,573.0,0.02133,611.0,0.02132,2483855.0,
1753460899769,16:28:19.769,ACH/USDT:USDT,0.02132,499.0,0.02133,292.0,0.02132,2483855.0,
1753460901118,16:28:21.118,ACH/USDT:USDT,0.02132,40.0,0.02133,595.0,0.02132,2483855.0,
1753460901369,16:28:21.369,ACH/USDT:USDT,0.02132,402.0,0.02133,45.0,0.02132,2483855.0,
1753460901499,16:28:21.499,ACH/USDT:USDT,0.02132,328.0,0.02133,45.0,0.02132,2483855.0,
1753460901999,16:28:21.999,ACH/USDT:USDT,0.02132,154.0,0.02133,508.0,0.02132,2483855.0,
1753460902108,16:28:22.108,ACH/USDT:USDT,0.02132,154.0,0.02133,552.0,0.02132,2483855.0,
1753460902208,16:28:22.208,ACH/USDT:USDT,0.02132,154.0,0.02133,392.0,0.02132,2483855.0,
1753460902411,16:28:22.411,ACH/USDT:USDT,0.02132,284.0,0.02133,392.0,0.02132,2483855.0,
1753460902726,16:28:22.726,ACH/USDT:USDT,0.02132,15.0,0.02133,552.0,0.02132,2483855.0,
1753460903324,16:28:23.324,ACH/USDT:USDT,0.02132,39.0,0.02133,508.0,0.02132,2483855.0,
1753460903472,16:28:23.472,ACH/USDT:USDT,0.02132,39.0,0.02133,392.0,0.02132,2483855.0,
1753460903586,16:28:23.586,ACH/USDT:USDT,0.02132,397.0,0.02133,286.0,0.02132,2483855.0,
1753460903706,16:28:23.706,ACH/USDT:USDT,0.02132,399.0,0.02133,286.0,0.02132,2483855.0,
1753460904018,16:28:24.018,ACH/USDT:USDT,0.02132,281.0,0.02133,286.0,0.02132,2483855.0,
1753460904368,16:28:24.368,ACH/USDT:USDT,0.02132,399.0,0.02133,173.0,0.02132,2483855.0,
1753460904584,16:28:24.584,ACH/USDT:USDT,0.02132,399.0,0.02133,160.0,0.02132,2483855.0,
1753460905215,16:28:25.215,ACH/USDT:USDT,0.02132,281.0,0.02133,426.0,0.02132,2483855.0,
1753460905367,16:28:25.367,ACH/USDT:USDT,0.02132,281.0,0.02133,310.0,0.02132,2483855.0,
1753460905910,16:28:25.910,ACH/USDT:USDT,0.02132,15.0,0.02133,542.0,0.02132,2483855.0,
1753460906609,16:28:26.609,ACH/USDT:USDT,0.02132,158.0,0.02133,542.0,0.02132,2483855.0,
1753460906716,16:28:26.716,ACH/USDT:USDT,0.02132,202.0,0.02133,382.0,0.02132,2483855.0,
1753460906923,16:28:26.923,ACH/USDT:USDT,0.02132,390.0,0.02133,160.0,0.02132,2483855.0,
1753460907508,16:28:27.508,ACH/USDT:USDT,0.02132,446.0,0.02133,32.0,0.02132,2483855.0,
1753460907613,16:28:27.613,ACH/USDT:USDT,0.02132,590.0,0.02133,32.0,0.02132,2483855.0,
1753460908417,16:28:28.417,ACH/USDT:USDT,0.02133,171.0,0.02134,895.0,0.02132,2483855.0,
1753460908572,16:28:28.572,ACH/USDT:USDT,0.02133,36.0,0.02134,925.0,0.02132,2483855.0,
1753460908813,16:28:28.813,ACH/USDT:USDT,0.02133,10.0,0.02134,1041.0,0.02132,2483855.0,
1753460908922,16:28:28.922,ACH/USDT:USDT,0.02133,15.0,0.02134,925.0,0.02132,2483855.0,
1753460909511,16:28:29.511,ACH/USDT:USDT,0.02132,1195.0,0.02134,1437.0,0.02133,2483870.0,
1753460909613,16:28:29.613,ACH/USDT:USDT,0.02132,345.0,0.02133,379.0,0.02133,2483870.0,
1753460909821,16:28:29.821,ACH/USDT:USDT,0.02132,29.0,0.02133,645.0,0.02133,2483870.0,
1753460910190,16:28:30.190,ACH/USDT:USDT,0.02132,263.0,0.02133,147.0,0.02133,2483870.0,
1753460910314,16:28:30.314,ACH/USDT:USDT,0.02132,263.0,0.02133,149.0,0.02133,2483870.0,
1753460910923,16:28:30.923,ACH/USDT:USDT,0.02132,263.0,0.02133,27.0,0.02133,2483870.0,
1753460911068,16:28:31.068,ACH/USDT:USDT,0.02132,263.0,0.02133,320.0,0.02133,2483870.0,
1753460911171,16:28:31.171,ACH/USDT:USDT,0.02132,145.0,0.02133,426.0,0.02133,2483870.0,
1753460911276,16:28:31.276,ACH/USDT:USDT,0.02132,29.0,0.02133,426.0,0.02133,2483870.0,
1753460911618,16:28:31.618,ACH/USDT:USDT,0.02132,29.0,0.02133,626.0,0.02133,2483870.0,
1753460912207,16:28:32.207,ACH/USDT:USDT,0.02132,145.0,0.02133,626.0,0.02133,2483870.0,
1753460912308,16:28:32.308,ACH/USDT:USDT,0.02132,145.0,0.02133,426.0,0.02133,2483870.0,
1753460912513,16:28:32.513,ACH/USDT:USDT,0.02132,29.0,0.02133,426.0,0.02133,2483870.0,
1753460913611,16:28:33.611,ACH/USDT:USDT,0.02132,29.0,0.02133,860.0,0.02133,2483870.0,
1753460914361,16:28:34.361,ACH/USDT:USDT,0.02132,1.0,0.02133,860.0,0.02133,2483870.0,
1753460914718,16:28:34.718,ACH/USDT:USDT,0.02132,28.0,0.02133,860.0,0.02133,2483870.0,
1753460915418,16:28:35.418,ACH/USDT:USDT,0.02132,28.0,0.02133,500.0,0.02133,2483870.0,
1753460915569,16:28:35.569,ACH/USDT:USDT,0.02132,28.0,0.02133,426.0,0.02133,2483870.0,
1753460915909,16:28:35.909,ACH/USDT:USDT,0.02132,399.0,0.02133,27.0,0.02133,2483870.0,
1753460916026,16:28:36.026,ACH/USDT:USDT,0.02132,445.0,0.02133,27.0,0.02133,2483870.0,
1753460916274,16:28:36.274,ACH/USDT:USDT,0.02132,330.0,0.02133,27.0,0.02133,2483870.0,
1753460916607,16:28:36.607,ACH/USDT:USDT,0.02132,645.0,0.02133,104.0,0.02133,2483870.0,
1753460916707,16:28:36.707,ACH/USDT:USDT,0.02132,645.0,0.02134,1632.0,0.02133,2483870.0,
1753460916815,16:28:36.815,ACH/USDT:USDT,0.02132,936.0,0.02134,1552.0,0.02133,2483870.0,
1753460916929,16:28:36.929,ACH/USDT:USDT,0.02132,936.0,0.02134,1436.0,0.02133,2483870.0,
1753460917038,16:28:37.038,ACH/USDT:USDT,0.02132,574.0,0.02133,25.0,0.02133,2483870.0,
1753460917251,16:28:37.251,ACH/USDT:USDT,0.02132,645.0,0.02133,25.0,0.02133,2483870.0,
1753460917814,16:28:37.814,ACH/USDT:USDT,0.02132,477.0,0.02133,309.0,0.02133,2483870.0,
1753460918068,16:28:38.068,ACH/USDT:USDT,0.02132,477.0,0.02133,161.0,0.02133,2483870.0,
1753460918169,16:28:38.169,ACH/USDT:USDT,0.02132,548.0,0.02133,25.0,0.02133,2483870.0,
1753460918275,16:28:38.275,ACH/USDT:USDT,0.02132,649.0,0.02134,1803.0,0.02133,2483870.0,
1753460918386,16:28:38.386,ACH/USDT:USDT,0.02132,649.0,0.02134,1502.0,0.02133,2483870.0,
1753460918495,16:28:38.495,ACH/USDT:USDT,0.02133,24.0,0.02134,967.0,0.02133,2483870.0,
1753460918608,16:28:38.608,ACH/USDT:USDT,0.02133,257.0,0.02134,835.0,0.02133,2483870.0,
1753460918716,16:28:38.716,ACH/USDT:USDT,0.02133,369.0,0.02134,183.0,0.02133,2483870.0,
1753460918867,16:28:38.867,ACH/USDT:USDT,0.02133,369.0,0.02134,185.0,0.02133,2483870.0,
1753460919307,16:28:39.307,ACH/USDT:USDT,0.02133,298.0,0.02134,65.0,0.02133,2483870.0,
1753460919525,16:28:39.525,ACH/USDT:USDT,0.02133,134.0,0.02134,290.0,0.02133,2483870.0,
1753460919669,16:28:39.669,ACH/USDT:USDT,0.02133,24.0,0.02134,564.0,0.02133,2483870.0,
1753460920229,16:28:40.229,ACH/USDT:USDT,0.02133,22.0,0.02134,444.0,0.02133,2483870.0,
1753460920330,16:28:40.330,ACH/USDT:USDT,0.02132,1050.0,0.02134,1371.0,0.02133,2483870.0,
1753460920450,16:28:40.450,ACH/USDT:USDT,0.02132,930.0,0.02134,1255.0,0.02133,2483870.0,
1753460920813,16:28:40.813,ACH/USDT:USDT,0.02132,516.0,0.02133,25.0,0.02133,2483870.0,
1753460921149,16:28:41.149,ACH/USDT:USDT,0.02132,587.0,0.02133,2.0,0.02133,2483870.0,
1753460921254,16:28:41.254,ACH/USDT:USDT,0.02133,23.0,0.02134,936.0,0.02133,2483870.0,
1753460921365,16:28:41.365,ACH/USDT:USDT,0.02133,25.0,0.02134,513.0,0.02133,2483870.0,
1753460921575,16:28:41.575,ACH/USDT:USDT,0.02133,25.0,0.02134,500.0,0.02133,2483870.0,
1753460921676,16:28:41.676,ACH/USDT:USDT,0.02133,25.0,0.02134,515.0,0.02133,2483870.0,
1753460921912,16:28:41.912,ACH/USDT:USDT,0.02133,25.0,0.02134,399.0,0.02133,2483870.0,
1753460922479,16:28:42.479,ACH/USDT:USDT,0.02133,25.0,0.02134,400.0,0.02133,2483870.0,
1753460922615,16:28:42.615,ACH/USDT:USDT,0.02132,393.0,0.02133,297.0,0.02133,2483870.0,
1753460922717,16:28:42.717,ACH/USDT:USDT,0.02132,420.0,0.02133,165.0,0.02133,2483870.0,
1753460922817,16:28:42.817,ACH/USDT:USDT,0.02132,422.0,0.02133,167.0,0.02133,2483870.0,
1753460924852,16:28:44.852,ACH/USDT:USDT,0.02132,260.0,0.02133,167.0,0.02133,2483870.0,
1753460924958,16:28:44.958,ACH/USDT:USDT,0.02132,142.0,0.02133,597.0,0.02133,2483870.0,
1753460925077,16:28:45.077,ACH/USDT:USDT,0.02132,30.0,0.02133,597.0,0.02133,2483870.0,
1753460925413,16:28:45.413,ACH/USDT:USDT,0.02132,30.0,0.02133,797.0,0.02133,2483870.0,
1753460925788,16:28:45.788,ACH/USDT:USDT,0.02132,371.0,0.02133,165.0,0.02133,2483870.0,
1753460925916,16:28:45.916,ACH/USDT:USDT,0.02132,373.0,0.02133,167.0,0.02133,2483870.0,
1753460926968,16:28:46.968,ACH/USDT:USDT,0.02132,542.0,0.02133,2.0,0.02133,2483870.0,
1753460927072,16:28:47.072,ACH/USDT:USDT,0.02133,28.0,0.02134,961.0,0.02133,2483870.0,
1753460927191,16:28:47.191,ACH/USDT:USDT,0.02133,74.0,0.02134,509.0,0.02133,2483870.0,
1753460927414,16:28:47.414,ACH/USDT:USDT,0.02132,836.0,0.02134,1427.0,0.02133,2483870.0,
1753460927517,16:28:47.517,ACH/USDT:USDT,0.02132,311.0,0.02133,144.0,0.02133,2483870.0,
1753460927669,16:28:47.669,ACH/USDT:USDT,0.02132,382.0,0.02133,146.0,0.02133,2483870.0,
1753460928372,16:28:48.372,ACH/USDT:USDT,0.02132,457.0,0.02133,146.0,0.02133,2483870.0,
1753460929420,16:28:49.420,ACH/USDT:USDT,0.02132,528.0,0.02133,30.0,0.02133,2483870.0,
1753460929668,16:28:49.668,ACH/USDT:USDT,0.02133,468.0,0.02134,401.0,0.02133,2483870.0,
1753460929772,16:28:49.772,ACH/USDT:USDT,0.02133,395.0,0.02134,181.0,0.02133,2483870.0,
1753460929883,16:28:49.883,ACH/USDT:USDT,0.02133,397.0,0.02134,181.0,0.02133,2483870.0,
1753460930226,16:28:50.226,ACH/USDT:USDT,0.02133,468.0,0.02134,181.0,0.02133,2483870.0,
1753460930331,16:28:50.331,ACH/USDT:USDT,0.02133,397.0,0.02134,181.0,0.02133,2483870.0,
1753460930912,16:28:50.912,ACH/USDT:USDT,0.02133,212.0,0.02134,589.0,0.02133,2483870.0,
1753460931021,16:28:51.021,ACH/USDT:USDT,0.02133,141.0,0.02134,473.0,0.02133,2483870.0,
1753460931127,16:28:51.127,ACH/USDT:USDT,0.02133,141.0,0.02134,589.0,0.02133,2483870.0,
1753460931239,16:28:51.239,ACH/USDT:USDT,0.02133,141.0,0.02134,633.0,0.02133,2483870.0,
1753460931369,16:28:51.369,ACH/USDT:USDT,0.02133,141.0,0.02134,833.0,0.02133,2483870.0,
1753460931611,16:28:51.611,ACH/USDT:USDT,0.02133,25.0,0.02134,715.0,0.02133,2483870.0,
1753460931712,16:28:51.712,ACH/USDT:USDT,0.02133,25.0,0.02134,833.0,0.02133,2483870.0,
1753460932071,16:28:52.071,ACH/USDT:USDT,0.02133,139.0,0.02134,473.0,0.02133,2483870.0,
1753460932177,16:28:52.177,ACH/USDT:USDT,0.02133,141.0,0.02134,473.0,0.02133,2483870.0,
1753460932614,16:28:52.614,ACH/USDT:USDT,0.02133,386.0,0.02134,177.0,0.02133,2483870.0,
1753460932996,16:28:52.996,ACH/USDT:USDT,0.02133,315.0,0.02134,177.0,0.02133,2483870.0,
1753460933314,16:28:53.314,ACH/USDT:USDT,0.02133,586.0,0.02134,177.0,0.02133,2483870.0,
1753460933790,16:28:53.790,ACH/USDT:USDT,0.02133,586.0,0.02134,177.0,0.02133,2483870.0,
1753460934014,16:28:54.014,ACH/USDT:USDT,0.02133,642.0,0.02134,23.0,0.02133,2483870.0,
1753460934872,16:28:54.872,ACH/USDT:USDT,0.02133,642.0,0.02134,51.0,0.02133,2483870.0,
1753460934990,16:28:54.990,ACH/USDT:USDT,0.02133,271.0,0.02134,297.0,0.02133,2483870.0,
1753460935220,16:28:55.220,ACH/USDT:USDT,0.02133,386.0,0.02134,297.0,0.02133,2483870.0,
1753460935357,16:28:55.357,ACH/USDT:USDT,0.02133,586.0,0.02134,191.0,0.02133,2483870.0,
1753460935470,16:28:55.470,ACH/USDT:USDT,0.02133,639.0,0.02134,51.0,0.02133,2483870.0,
1753460935921,16:28:55.921,ACH/USDT:USDT,0.02133,568.0,0.02134,51.0,0.02133,2483870.0,
1753460936068,16:28:56.068,ACH/USDT:USDT,0.02133,639.0,0.02134,51.0,0.02133,2483870.0,
1753460936212,16:28:56.212,ACH/USDT:USDT,0.02133,568.0,0.02134,51.0,0.02133,2483870.0,
1753460936751,16:28:56.751,ACH/USDT:USDT,0.02133,271.0,0.02134,295.0,0.02133,2483870.0,
1753460936870,16:28:56.870,ACH/USDT:USDT,0.02133,271.0,0.02134,455.0,0.02133,2483870.0,
1753460937715,16:28:57.715,ACH/USDT:USDT,0.02132,539.0,0.02133,112.0,0.02133,2483870.0,
1753460937827,16:28:57.827,ACH/USDT:USDT,0.02132,1.0,0.02133,770.0,0.02133,2483870.0,
1753460938055,16:28:58.055,ACH/USDT:USDT,0.02132,1.0,0.02133,824.0,0.02133,2483870.0,
1753460938185,16:28:58.185,ACH/USDT:USDT,0.02132,1.0,0.02133,1038.0,0.02133,2483870.0,
1753460938295,16:28:58.295,ACH/USDT:USDT,0.02132,1.0,0.02133,1040.0,0.02133,2483870.0,
1753460938407,16:28:58.407,ACH/USDT:USDT,0.02131,262.0,0.02132,142.0,0.02133,2483870.0,
1753460938511,16:28:58.511,ACH/USDT:USDT,0.02131,264.0,0.02132,26.0,0.02133,2483870.0,
1753460938741,16:28:58.741,ACH/USDT:USDT,0.02131,264.0,0.02132,302.0,0.02133,2483870.0,
1753460938841,16:28:58.841,ACH/USDT:USDT,0.02131,143.0,0.02132,142.0,0.02133,2483870.0,
1753460939076,16:28:59.076,ACH/USDT:USDT,0.02131,143.0,0.02132,408.0,0.02133,2483870.0,
1753460939194,16:28:59.194,ACH/USDT:USDT,0.02131,143.0,0.02132,294.0,0.02133,2483870.0,
1753460939297,16:28:59.297,ACH/USDT:USDT,0.02131,30.0,0.02132,720.0,0.02133,2483870.0,
1753460939402,16:28:59.402,ACH/USDT:USDT,0.02131,1.0,0.02132,720.0,0.02133,2483870.0,
1753460939510,16:28:59.510,ACH/USDT:USDT,0.02131,1.0,0.02132,1200.0,0.02133,2483870.0,
1753460939612,16:28:59.612,ACH/USDT:USDT,0.02131,1.0,0.02132,1202.0,0.02133,2483870.0,
1753460939817,16:28:59.817,ACH/USDT:USDT,0.02131,31.0,0.02132,1202.0,0.02133,2483870.0,
1753460939970,16:28:59.970,ACH/USDT:USDT,0.02131,117.0,0.02132,608.0,0.02133,2483870.0,
1753460940076,16:29:00.076,ACH/USDT:USDT,0.02131,117.0,0.02132,652.0,0.02133,2483110.0,
1753460940205,16:29:00.205,ACH/USDT:USDT,0.02131,269.0,0.02132,116.0,0.02133,2483110.0,
1753460940412,16:29:00.412,ACH/USDT:USDT,0.02132,23.0,0.02133,1429.0,0.02133,2483110.0,
1753460940512,16:29:00.512,ACH/USDT:USDT,0.02131,1376.0,0.02133,1663.0,0.02133,2483110.0,
1753460940637,16:29:00.637,ACH/USDT:USDT,0.02131,298.0,0.02133,2216.0,0.02133,2483110.0,
1753460940741,16:29:00.741,ACH/USDT:USDT,0.02131,385.0,0.02132,161.0,0.02133,2483110.0,
1753460940871,16:29:00.871,ACH/USDT:USDT,0.02131,142.0,0.02132,321.0,0.02133,2483110.0,
1753460940978,16:29:00.978,ACH/USDT:USDT,0.02131,142.0,0.02132,209.0,0.02133,2483110.0,
1753460941576,16:29:01.576,ACH/USDT:USDT,0.02131,372.0,0.02132,209.0,0.02133,2483110.0,
1753460941684,16:29:01.684,ACH/USDT:USDT,0.02131,543.0,0.02132,50.0,0.02133,2483110.0,
1753460941806,16:29:01.806,ACH/USDT:USDT,0.02131,545.0,0.02132,50.0,0.02133,2483110.0,
1753460942013,16:29:02.013,ACH/USDT:USDT,0.02131,258.0,0.02132,78.0,0.02133,2483110.0,
1753460942227,16:29:02.227,ACH/USDT:USDT,0.02131,701.0,0.02132,78.0,0.02133,2483110.0,
1753460942570,16:29:02.570,ACH/USDT:USDT,0.02131,701.0,0.02132,50.0,0.02133,2483110.0,
1753460942817,16:29:02.817,ACH/USDT:USDT,0.02131,773.0,0.02132,50.0,0.02133,2483110.0,
1753460943206,16:29:03.206,ACH/USDT:USDT,0.02131,657.0,0.02132,50.0,0.02133,2483110.0,
1753460943310,16:29:03.310,ACH/USDT:USDT,0.02131,762.0,0.02132,50.0,0.02133,2483110.0,
1753460943567,16:29:03.567,ACH/USDT:USDT,0.02131,574.0,0.02132,50.0,0.02133,2483110.0,
1753460943668,16:29:03.668,ACH/USDT:USDT,0.02131,627.0,0.02132,15.0,0.02132,2483145.0,
1753460943777,16:29:03.777,ACH/USDT:USDT,0.02132,139.0,0.02133,552.0,0.02132,2483160.0,
1753460943908,16:29:03.908,ACH/USDT:USDT,0.02132,393.0,0.02133,552.0,0.02132,2483160.0,
1753460944014,16:29:04.014,ACH/USDT:USDT,0.02132,393.0,0.02133,197.0,0.02132,2483160.0,
1753460944124,16:29:04.124,ACH/USDT:USDT,0.02132,393.0,0.02133,77.0,0.02132,2483160.0,
1753460944263,16:29:04.263,ACH/USDT:USDT,0.02132,593.0,0.02133,77.0,0.02132,2483160.0,
1753460944373,16:29:04.373,ACH/USDT:USDT,0.02132,521.0,0.02133,214.0,0.02132,2483160.0,
1753460944637,16:29:04.637,ACH/USDT:USDT,0.02132,658.0,0.02133,49.0,0.02132,2483160.0,
1753460944773,16:29:04.773,ACH/USDT:USDT,0.02132,658.0,0.02133,45.0,0.02132,2483160.0,
1753460944873,16:29:04.873,ACH/USDT:USDT,0.02132,643.0,0.02133,45.0,0.02132,2483175.0,
1753460944987,16:29:04.987,ACH/USDT:USDT,0.02132,815.0,0.02133,45.0,0.02132,2483175.0,
1753460945112,16:29:05.112,ACH/USDT:USDT,0.02132,678.0,0.02133,71.0,0.02132,2483175.0,
1753460945266,16:29:05.266,ACH/USDT:USDT,0.02132,750.0,0.02133,71.0,0.02132,2483175.0,
1753460945541,16:29:05.541,ACH/USDT:USDT,0.02132,750.0,0.02133,45.0,0.02132,2483175.0,
1753460945683,16:29:05.683,ACH/USDT:USDT,0.02132,812.0,0.02133,45.0,0.02132,2483175.0,
1753460946027,16:29:06.027,ACH/USDT:USDT,0.02132,812.0,0.02134,1649.0,0.02133,2483220.0,
1753460946142,16:29:06.142,ACH/USDT:USDT,0.02133,397.0,0.02134,176.0,0.02133,2483220.0,
1753460946245,16:29:06.245,ACH/USDT:USDT,0.02133,397.0,0.02134,162.0,0.02133,2483220.0,
1753460946387,16:29:06.387,ACH/USDT:USDT,0.02133,397.0,0.02134,58.0,0.02133,2483220.0,
1753460946505,16:29:06.505,ACH/USDT:USDT,0.02133,456.0,0.02134,56.0,0.02133,2483220.0,
1753460946722,16:29:06.722,ACH/USDT:USDT,0.02133,454.0,0.02134,56.0,0.02133,2483220.0,
1753460946850,16:29:06.850,ACH/USDT:USDT,0.02133,456.0,0.02134,56.0,0.02133,2483220.0,
1753460947181,16:29:07.181,ACH/USDT:USDT,0.02133,656.0,0.02134,56.0,0.02133,2483220.0,
1753460948347,16:29:08.347,ACH/USDT:USDT,0.02133,656.0,0.02134,31.0,0.02133,2483220.0,
1753460950083,16:29:10.083,ACH/USDT:USDT,0.02133,656.0,0.02135,1710.0,0.02134,2483251.0,
1753460950191,16:29:10.191,ACH/USDT:USDT,0.02134,455.0,0.02135,281.0,0.02134,2483251.0,
1753460950311,16:29:10.311,ACH/USDT:USDT,0.02134,643.0,0.02135,34.0,0.02134,2483251.0,
1753460950522,16:29:10.522,ACH/USDT:USDT,0.02134,643.0,0.02135,56.0,0.02134,2483251.0,
1753460950672,16:29:10.672,ACH/USDT:USDT,0.02134,571.0,0.02135,56.0,0.02134,2483251.0,
1753460950807,16:29:10.807,ACH/USDT:USDT,0.02134,643.0,0.02135,56.0,0.02134,2483251.0,
1753460951326,16:29:11.326,ACH/USDT:USDT,0.02134,696.0,0.02135,30.0,0.02134,2483251.0,
1753460951596,16:29:11.596,ACH/USDT:USDT,0.02134,696.0,0.02135,54.0,0.02134,2483251.0,
1753460954073,16:29:14.073,ACH/USDT:USDT,0.02134,696.0,0.02135,28.0,0.02134,2483251.0,
1753460954205,16:29:14.205,ACH/USDT:USDT,0.02134,749.0,0.02136,1492.0,0.02135,2483281.0,
1753460954308,16:29:14.308,ACH/USDT:USDT,0.02135,382.0,0.02136,282.0,0.02135,2483281.0,
1753460954411,16:29:14.411,ACH/USDT:USDT,0.02135,382.0,0.02136,284.0,0.02135,2483281.0,
1753460954512,16:29:14.512,ACH/USDT:USDT,0.02135,504.0,0.02136,284.0,0.02135,2483281.0,
1753460956477,16:29:16.477,ACH/USDT:USDT,0.02135,521.0,0.02136,284.0,0.02135,2483281.0,
1753460956716,16:29:16.716,ACH/USDT:USDT,0.02135,585.0,0.02136,24.0,0.02135,2483281.0,
1753460956831,16:29:16.831,ACH/USDT:USDT,0.02135,585.0,0.02136,26.0,0.02135,2483281.0,
1753460956971,16:29:16.971,ACH/USDT:USDT,0.02135,631.0,0.02136,26.0,0.02135,2483281.0,
1753460957105,16:29:17.105,ACH/USDT:USDT,0.02135,831.0,0.02136,26.0,0.02135,2483281.0,
1753460957672,16:29:17.672,ACH/USDT:USDT,0.02135,831.0,0.02136,25.0,0.02136,2483282.0,
1753460957805,16:29:17.805,ACH/USDT:USDT,0.02136,389.0,0.02137,275.0,0.02136,2483307.0,
1753460958010,16:29:18.010,ACH/USDT:USDT,0.02136,275.0,0.02137,381.0,0.02136,2483307.0,
1753460958222,16:29:18.222,ACH/USDT:USDT,0.02136,391.0,0.02137,140.0,0.02136,2483307.0,
1753460958368,16:29:18.368,ACH/USDT:USDT,0.02136,391.0,0.02137,142.0,0.02136,2483307.0,
1753460958867,16:29:18.867,ACH/USDT:USDT,0.02136,391.0,0.02137,258.0,0.02136,2483307.0,
1753460959108,16:29:19.108,ACH/USDT:USDT,0.02136,319.0,0.02137,258.0,0.02136,2483307.0,
1753460959219,16:29:19.219,ACH/USDT:USDT,0.02136,391.0,0.02137,258.0,0.02136,2483307.0,
1753460959571,16:29:19.571,ACH/USDT:USDT,0.02135,1036.0,0.02137,1226.0,0.02136,2483307.0,
1753460959713,16:29:19.713,ACH/USDT:USDT,0.02136,26.0,0.02137,1226.0,0.02136,2483307.0,
1753460959814,16:29:19.814,ACH/USDT:USDT,0.02136,28.0,0.02137,524.0,0.02136,2483307.0,
1753460960095,16:29:20.095,ACH/USDT:USDT,0.02136,28.0,0.02137,724.0,0.02136,2483307.0,
1753460960317,16:29:20.317,ACH/USDT:USDT,0.02136,28.0,0.02137,724.0,0.02136,2483307.0,
1753460960417,16:29:20.417,ACH/USDT:USDT,0.02135,267.0,0.02136,112.0,0.02136,2483307.0,
1753460960528,16:29:20.528,ACH/USDT:USDT,0.02135,407.0,0.02136,179.0,0.02136,2483307.0,
1753460960653,16:29:20.653,ACH/USDT:USDT,0.02135,295.0,0.02136,181.0,0.02136,2483307.0,
1753460961389,16:29:21.389,ACH/USDT:USDT,0.02135,295.0,0.02136,376.0,0.02136,2483307.0,
1753460961923,16:29:21.923,ACH/USDT:USDT,0.02135,179.0,0.02136,536.0,0.02136,2483307.0,
1753460962155,16:29:22.155,ACH/USDT:USDT,0.02135,45.0,0.02136,536.0,0.02136,2483307.0,
1753460962516,16:29:22.516,ACH/USDT:USDT,0.02135,46.0,0.02136,536.0,0.02136,2483307.0,
1753460964885,16:29:24.885,ACH/USDT:USDT,0.02135,278.0,0.02136,376.0,0.02136,2483307.0,
1753460965007,16:29:25.007,ACH/USDT:USDT,0.02135,478.0,0.02136,270.0,0.02136,2483307.0,
1753460965367,16:29:25.367,ACH/USDT:USDT,0.02135,278.0,0.02136,270.0,0.02136,2483307.0,
1753460965468,16:29:25.468,ACH/USDT:USDT,0.02135,398.0,0.02136,270.0,0.02136,2483307.0,
1753460965705,16:29:25.705,ACH/USDT:USDT,0.02135,442.0,0.02136,270.0,0.02136,2483307.0,
1753460965807,16:29:25.807,ACH/USDT:USDT,0.02135,398.0,0.02136,270.0,0.02136,2483307.0,
1753460965925,16:29:25.925,ACH/USDT:USDT,0.02135,276.0,0.02136,376.0,0.02136,2483307.0,
1753460966176,16:29:26.176,ACH/USDT:USDT,0.02135,46.0,0.02136,536.0,0.02136,2483307.0,
1753460966306,16:29:26.306,ACH/USDT:USDT,0.02135,46.0,0.02136,418.0,0.02136,2483307.0,
1753460966409,16:29:26.409,ACH/USDT:USDT,0.02135,46.0,0.02136,711.0,0.02136,2483307.0,
1753460966511,16:29:26.511,ACH/USDT:USDT,0.02135,46.0,0.02136,595.0,0.02136,2483307.0,
1753460967213,16:29:27.213,ACH/USDT:USDT,0.02135,390.0,0.02136,25.0,0.02136,2483307.0,
1753460967917,16:29:27.917,ACH/USDT:USDT,0.02135,642.0,0.02137,1467.0,0.02136,2483307.0,
1753460968071,16:29:28.071,ACH/USDT:USDT,0.02136,27.0,0.02137,698.0,0.02136,2483307.0,
1753460968173,16:29:28.173,ACH/USDT:USDT,0.02136,2.0,0.02137,698.0,0.02136,2483307.0,
1753460968293,16:29:28.293,ACH/USDT:USDT,0.02135,1035.0,0.02137,1594.0,0.02136,2483307.0,
1753460968397,16:29:28.397,ACH/USDT:USDT,0.02135,601.0,0.02136,25.0,0.02136,2483307.0,
1753460969323,16:29:29.323,ACH/USDT:USDT,0.02136,25.0,0.02137,498.0,0.02136,2483307.0,
1753460969580,16:29:29.580,ACH/USDT:USDT,0.02136,42.0,0.02137,498.0,0.02136,2483307.0,
1753460969707,16:29:29.707,ACH/USDT:USDT,0.02136,42.0,0.02137,385.0,0.02136,2483307.0,
1753460970021,16:29:30.021,ACH/USDT:USDT,0.02136,404.0,0.02137,385.0,0.02136,2483307.0,
1753460970367,16:29:30.367,ACH/USDT:USDT,0.02136,459.0,0.02137,143.0,0.02136,2483307.0,
1753460970475,16:29:30.475,ACH/USDT:USDT,0.02136,459.0,0.02137,31.0,0.02136,2483307.0,
1753460971015,16:29:31.015,ACH/USDT:USDT,0.02136,659.0,0.02137,31.0,0.02136,2483307.0,
1753460971169,16:29:31.169,ACH/USDT:USDT,0.02136,42.0,0.02137,440.0,0.02136,2483307.0,
1753460971319,16:29:31.319,ACH/USDT:USDT,0.02136,42.0,0.02137,486.0,0.02136,2483307.0,
1753460972210,16:29:32.210,ACH/USDT:USDT,0.02136,42.0,0.02137,602.0,0.02136,2483307.0,
1753460972328,16:29:32.328,ACH/USDT:USDT,0.02136,42.0,0.02137,486.0,0.02136,2483307.0,
1753460972464,16:29:32.464,ACH/USDT:USDT,0.02136,42.0,0.02137,602.0,0.02136,2483307.0,
1753460972576,16:29:32.576,ACH/USDT:USDT,0.02136,2.0,0.02137,602.0,0.02136,2483324.0,
1753460972706,16:29:32.706,ACH/USDT:USDT,0.02135,547.0,0.02136,230.0,0.02136,2483326.0,
1753460972817,16:29:32.817,ACH/USDT:USDT,0.02135,480.0,0.02136,138.0,0.02136,2483326.0,
1753460973175,16:29:33.175,ACH/USDT:USDT,0.02135,480.0,0.02136,25.0,0.02136,2483326.0,
1753460973412,16:29:33.412,ACH/USDT:USDT,0.02135,557.0,0.02136,25.0,0.02136,2483326.0,
1753460973676,16:29:33.676,ACH/USDT:USDT,0.02135,280.0,0.02136,142.0,0.02136,2483326.0,
1753460973795,16:29:33.795,ACH/USDT:USDT,0.02135,438.0,0.02136,142.0,0.02136,2483326.0,
1753460974285,16:29:34.285,ACH/USDT:USDT,0.02135,515.0,0.02136,25.0,0.02136,2483326.0,
1753460974512,16:29:34.512,ACH/USDT:USDT,0.02135,515.0,0.02137,1730.0,0.02136,2483326.0,
1753460974614,16:29:34.614,ACH/USDT:USDT,0.02136,28.0,0.02137,597.0,0.02136,2483326.0,
1753460974716,16:29:34.716,ACH/USDT:USDT,0.02136,28.0,0.02137,480.0,0.02136,2483326.0,
1753460975308,16:29:35.308,ACH/USDT:USDT,0.02136,28.0,0.02137,811.0,0.02136,2483326.0,
1753460975614,16:29:35.614,ACH/USDT:USDT,0.02135,581.0,0.02137,1509.0,0.02136,2483326.0,
1753460975757,16:29:35.757,ACH/USDT:USDT,0.02135,500.0,0.02136,26.0,0.02136,2483326.0,
1753460975902,16:29:35.902,ACH/USDT:USDT,0.02135,576.0,0.02136,26.0,0.02136,2483326.0,
1753460976313,16:29:36.313,ACH/USDT:USDT,0.02135,420.0,0.02137,1324.0,0.02136,2483326.0,
1753460976468,16:29:36.468,ACH/USDT:USDT,0.02136,25.0,0.02137,812.0,0.02136,2483326.0,
1753460976570,16:29:36.570,ACH/USDT:USDT,0.02136,25.0,0.02137,811.0,0.02136,2483326.0,
1753460977415,16:29:37.415,ACH/USDT:USDT,0.02135,496.0,0.02136,28.0,0.02136,2483326.0,
1753460977545,16:29:37.545,ACH/USDT:USDT,0.02135,340.0,0.02136,28.0,0.02136,2483326.0,
1753460977655,16:29:37.655,ACH/USDT:USDT,0.02135,417.0,0.02136,28.0,0.02136,2483326.0,
1753460977777,16:29:37.777,ACH/USDT:USDT,0.02135,277.0,0.02136,161.0,0.02136,2483326.0,
1753460977906,16:29:37.906,ACH/USDT:USDT,0.02135,277.0,0.02136,159.0,0.02136,2483326.0,
1753460978009,16:29:38.009,ACH/USDT:USDT,0.02135,277.0,0.02136,161.0,0.02136,2483326.0,
1753460978380,16:29:38.380,ACH/USDT:USDT,0.02135,354.0,0.02136,161.0,0.02136,2483326.0,
1753460978506,16:29:38.506,ACH/USDT:USDT,0.02135,517.0,0.02136,28.0,0.02136,2483326.0,
1753460978721,16:29:38.721,ACH/USDT:USDT,0.02135,739.0,0.02137,1273.0,0.02136,2483326.0,
1753460978869,16:29:38.869,ACH/USDT:USDT,0.02136,29.0,0.02137,733.0,0.02136,2483326.0,
1753460978970,16:29:38.970,ACH/USDT:USDT,0.02136,29.0,0.02137,732.0,0.02136,2483326.0,
1753460979200,16:29:39.200,ACH/USDT:USDT,0.02136,29.0,0.02137,932.0,0.02136,2483326.0,
1753460979416,16:29:39.416,ACH/USDT:USDT,0.02135,917.0,0.02137,1763.0,0.02136,2483326.0,
1753460979521,16:29:39.521,ACH/USDT:USDT,0.02135,943.0,0.02137,1764.0,0.02136,2483326.0,
1753460979776,16:29:39.776,ACH/USDT:USDT,0.02135,1020.0,0.02137,1764.0,0.02136,2483326.0,
1753460980215,16:29:40.215,ACH/USDT:USDT,0.02136,28.0,0.02137,402.0,0.02136,2483326.0,
1753460980487,16:29:40.487,ACH/USDT:USDT,0.02136,220.0,0.02137,836.0,0.02136,2483326.0,
1753460980588,16:29:40.588,ACH/USDT:USDT,0.02136,266.0,0.02137,401.0,0.02136,2483326.0,
1753460980843,16:29:40.843,ACH/USDT:USDT,0.02136,388.0,0.02137,295.0,0.02136,2483326.0,
1753460981222,16:29:41.222,ACH/USDT:USDT,0.02136,311.0,0.02137,295.0,0.02136,2483326.0,
1753460981375,16:29:41.375,ACH/USDT:USDT,0.02136,28.0,0.02137,401.0,0.02136,2483326.0,
1753460981509,16:29:41.509,ACH/USDT:USDT,0.02136,105.0,0.02137,401.0,0.02136,2483326.0,
1753460981716,16:29:41.716,ACH/USDT:USDT,0.02136,28.0,0.02137,401.0,0.02136,2483326.0,
1753460981966,16:29:41.966,ACH/USDT:USDT,0.02136,28.0,0.02137,732.0,0.02136,2483326.0,
1753460982070,16:29:42.070,ACH/USDT:USDT,0.02136,28.0,0.02137,776.0,0.02136,2483326.0,
1753460982177,16:29:42.177,ACH/USDT:USDT,0.02136,28.0,0.02137,616.0,0.02136,2483326.0,
1753460982912,16:29:42.912,ACH/USDT:USDT,0.02136,226.0,0.02137,616.0,0.02136,2483326.0,
1753460983117,16:29:43.117,ACH/USDT:USDT,0.02136,191.0,0.02137,612.0,0.02136,2483326.0,
1753460983270,16:29:43.270,ACH/USDT:USDT,0.02136,147.0,0.02137,612.0,0.02136,2483326.0,
1753460983372,16:29:43.372,ACH/USDT:USDT,0.02136,149.0,0.02137,612.0,0.02136,2483326.0,
1753460983711,16:29:43.711,ACH/USDT:USDT,0.02136,270.0,0.02137,612.0,0.02136,2483326.0,
1753460983818,16:29:43.818,ACH/USDT:USDT,0.02136,149.0,0.02137,612.0,0.02136,2483326.0,
1753460984131,16:29:44.131,ACH/USDT:USDT,0.02136,149.0,0.02137,397.0,0.02136,2483326.0,
1753460985407,16:29:45.407,ACH/USDT:USDT,0.02136,270.0,0.02137,397.0,0.02136,2483326.0,
1753460985513,16:29:45.513,ACH/USDT:USDT,0.02136,226.0,0.02137,398.0,0.02136,2483326.0,
1753460985667,16:29:45.667,ACH/USDT:USDT,0.02136,270.0,0.02137,398.0,0.02136,2483326.0,
1753460986012,16:29:46.012,ACH/USDT:USDT,0.02136,149.0,0.02137,398.0,0.02136,2483326.0,
1753460986226,16:29:46.226,ACH/USDT:USDT,0.02136,26.0,0.02137,558.0,0.02136,2483326.0,
1753460986468,16:29:46.468,ACH/USDT:USDT,0.02135,349.0,0.02136,139.0,0.02136,2483326.0,
1753460986623,16:29:46.623,ACH/USDT:USDT,0.02135,289.0,0.02136,141.0,0.02136,2483326.0,
1753460987103,16:29:47.103,ACH/USDT:USDT,0.02135,34.0,0.02136,258.0,0.02136,2483326.0,
1753460987204,16:29:47.204,ACH/USDT:USDT,0.02134,1330.0,0.02136,570.0,0.02136,2483326.0,
1753460987307,16:29:47.307,ACH/USDT:USDT,0.02134,537.0,0.02135,274.0,0.02136,2483326.0,
1753460987413,16:29:47.413,ACH/USDT:USDT,0.02134,536.0,0.02135,272.0,0.02136,2483326.0,
1753460987525,16:29:47.525,ACH/USDT:USDT,0.02134,397.0,0.02135,274.0,0.02136,2483326.0,
1753460987670,16:29:47.670,ACH/USDT:USDT,0.02134,283.0,0.02135,274.0,0.02136,2483326.0,
1753460988377,16:29:48.377,ACH/USDT:USDT,0.02134,283.0,0.02135,25.0,0.02136,2483326.0,
1753460988917,16:29:48.917,ACH/USDT:USDT,0.02134,283.0,0.02136,1651.0,0.02136,2483326.0,
1753460989018,16:29:49.018,ACH/USDT:USDT,0.02135,143.0,0.02136,799.0,0.02136,2483326.0,
1753460989124,16:29:49.124,ACH/USDT:USDT,0.02135,266.0,0.02136,261.0,0.02136,2483326.0,
1753460989517,16:29:49.517,ACH/USDT:USDT,0.02135,189.0,0.02136,261.0,0.02136,2483326.0,
1753460989769,16:29:49.769,ACH/USDT:USDT,0.02135,266.0,0.02136,261.0,0.02136,2483326.0,
1753460990266,16:29:50.266,ACH/USDT:USDT,0.02135,301.0,0.02136,149.0,0.02136,2483326.0,
1753460990370,16:29:50.370,ACH/USDT:USDT,0.02135,257.0,0.02136,261.0,0.02136,2483326.0,
1753460990625,16:29:50.625,ACH/USDT:USDT,0.02135,378.0,0.02136,261.0,0.02136,2483326.0,
1753460991407,16:29:51.407,ACH/USDT:USDT,0.02135,301.0,0.02136,261.0,0.02136,2483326.0,
1753460991631,16:29:51.631,ACH/USDT:USDT,0.02135,645.0,0.02136,27.0,0.02136,2483326.0,
1753460991774,16:29:51.774,ACH/USDT:USDT,0.02135,691.0,0.02136,28.0,0.02136,2483326.0,
1753460991908,16:29:51.908,ACH/USDT:USDT,0.02135,691.0,0.02136,50.0,0.02136,2483326.0,
1753460992012,16:29:52.012,ACH/USDT:USDT,0.02135,624.0,0.02136,50.0,0.02136,2483326.0,
1753460992605,16:29:52.605,ACH/USDT:USDT,0.02135,624.0,0.02136,28.0,0.02136,2483326.0,
1753460992920,16:29:52.920,ACH/USDT:USDT,0.02135,711.0,0.02136,28.0,0.02136,2483326.0,
1753460994367,16:29:54.367,ACH/USDT:USDT,0.02135,711.0,0.02137,1864.0,0.02136,2483354.0,
1753460994505,16:29:54.505,ACH/USDT:USDT,0.02136,183.0,0.02137,127.0,0.02136,2483354.0,
1753460994610,16:29:54.610,ACH/USDT:USDT,0.02136,402.0,0.02137,138.0,0.02136,2483354.0,
1753460995116,16:29:55.116,ACH/USDT:USDT,0.02136,400.0,0.02137,277.0,0.02136,2483354.0,
1753460995371,16:29:55.371,ACH/USDT:USDT,0.02136,402.0,0.02137,171.0,0.02136,2483354.0,
1753460995714,16:29:55.714,ACH/USDT:USDT,0.02136,715.0,0.02137,23.0,0.02136,2483354.0,
1753460995815,16:29:55.815,ACH/USDT:USDT,0.02136,715.0,0.02137,25.0,0.02136,2483354.0,
1753460996512,16:29:56.512,ACH/USDT:USDT,0.02136,715.0,0.02137,1.0,0.02136,2483354.0,
1753460996628,16:29:56.628,ACH/USDT:USDT,0.02136,715.0,0.02137,29.0,0.02136,2483354.0,
1753460996872,16:29:56.872,ACH/USDT:USDT,0.02136,715.0,0.02137,31.0,0.02136,2483354.0,
1753460997716,16:29:57.716,ACH/USDT:USDT,0.02136,648.0,0.02137,1.0,0.02136,2483354.0,
1753460998114,16:29:58.114,ACH/USDT:USDT,0.02136,527.0,0.02137,26.0,0.02136,2483354.0,
1753460998371,16:29:58.371,ACH/USDT:USDT,0.02136,648.0,0.02137,26.0,0.02136,2483354.0,
1753460998496,16:29:58.496,ACH/USDT:USDT,0.02136,706.0,0.02137,1.0,0.02136,2483354.0,
1753461000074,16:30:00.074,ACH/USDT:USDT,0.02136,706.0,0.02137,1.0,0.02136,2480099.0,
1753461000180,16:30:00.180,ACH/USDT:USDT,0.02136,281.0,0.02137,146.0,0.02136,2480099.0,
1753461000289,16:30:00.289,ACH/USDT:USDT,0.02136,279.0,0.02137,403.0,0.02136,2480099.0,
1753461000400,16:30:00.400,ACH/USDT:USDT,0.02136,281.0,0.02137,299.0,0.02136,2480099.0,
1753461000610,16:30:00.610,ACH/USDT:USDT,0.02136,281.0,0.02138,1951.0,0.02137,2480253.0,
1753461000719,16:30:00.719,ACH/USDT:USDT,0.02137,204.0,0.02138,322.0,0.02137,2480253.0,
1753461000842,16:30:00.842,ACH/USDT:USDT,0.02137,261.0,0.02138,327.0,0.02137,2480253.0,
1753461000990,16:30:00.990,ACH/USDT:USDT,0.02137,306.0,0.02138,329.0,0.02137,2480253.0,
1753461001112,16:30:01.112,ACH/USDT:USDT,0.02137,138.0,0.02138,329.0,0.02137,2480253.0,
1753461001214,16:30:01.214,ACH/USDT:USDT,0.02137,25.0,0.02138,435.0,0.02137,2480253.0,
1753461001321,16:30:01.321,ACH/USDT:USDT,0.02137,25.0,0.02138,329.0,0.02137,2480253.0,
1753461001441,16:30:01.441,ACH/USDT:USDT,0.02137,396.0,0.02138,329.0,0.02137,2480261.0,
1753461001906,16:30:01.906,ACH/USDT:USDT,0.02137,17.0,0.02138,329.0,0.02137,2480261.0,
1753461002212,16:30:02.212,ACH/USDT:USDT,0.02137,130.0,0.02138,329.0,0.02137,2480261.0,
1753461002795,16:30:02.795,ACH/USDT:USDT,0.02137,17.0,0.02138,329.0,0.02137,2480261.0,
1753461003021,16:30:03.021,ACH/USDT:USDT,0.02137,130.0,0.02138,329.0,0.02137,2480261.0,
1753461003169,16:30:03.169,ACH/USDT:USDT,0.02137,117.0,0.02138,435.0,0.02137,2480261.0,
1753461003274,16:30:03.274,ACH/USDT:USDT,0.02137,143.0,0.02138,329.0,0.02137,2480261.0,
1753461003505,16:30:03.505,ACH/USDT:USDT,0.02137,142.0,0.02138,329.0,0.02137,2480261.0,
1753461003612,16:30:03.612,ACH/USDT:USDT,0.02137,144.0,0.02138,329.0,0.02137,2480261.0,
1753461003722,16:30:03.722,ACH/USDT:USDT,0.02137,280.0,0.02138,329.0,0.02137,2480261.0,
1753461003866,16:30:03.866,ACH/USDT:USDT,0.02137,585.0,0.02138,158.0,0.02137,2480261.0,
1753461003969,16:30:03.969,ACH/USDT:USDT,0.02137,585.0,0.02138,17.0,0.02137,2480261.0,
1753461004107,16:30:04.107,ACH/USDT:USDT,0.02137,631.0,0.02138,13.0,0.02137,2480261.0,
1753461004213,16:30:04.213,ACH/USDT:USDT,0.02137,631.0,0.02138,36.0,0.02137,2480261.0,
1753461004603,16:30:04.603,ACH/USDT:USDT,0.02137,631.0,0.02138,13.0,0.02137,2480261.0,
1753461005111,16:30:05.111,ACH/USDT:USDT,0.02137,631.0,0.02138,36.0,0.02137,2480261.0,
1753461006413,16:30:06.413,ACH/USDT:USDT,0.02137,631.0,0.02138,13.0,0.02137,2480261.0,
1753461006980,16:30:06.980,ACH/USDT:USDT,0.02137,424.0,0.02138,39.0,0.02137,2480261.0,
1753461007087,16:30:07.087,ACH/USDT:USDT,0.02137,576.0,0.02138,145.0,0.02137,2480261.0,
1753461007196,16:30:07.196,ACH/USDT:USDT,0.02137,275.0,0.02138,177.0,0.02137,2480261.0,
1753461007296,16:30:07.296,ACH/USDT:USDT,0.02137,366.0,0.02138,41.0,0.02137,2480261.0,
1753461007407,16:30:07.407,ACH/USDT:USDT,0.02137,411.0,0.02138,41.0,0.02137,2480261.0,
1753461007514,16:30:07.514,ACH/USDT:USDT,0.02137,452.0,0.02138,41.0,0.02137,2480261.0,
1753461007615,16:30:07.615,ACH/USDT:USDT,0.02137,588.0,0.02138,41.0,0.02137,2480261.0,
1753461007819,16:30:07.819,ACH/USDT:USDT,0.02137,411.0,0.02138,41.0,0.02137,2480261.0,
1753461007923,16:30:07.923,ACH/USDT:USDT,0.02137,584.0,0.02138,165.0,0.02137,2480261.0,
1753461008026,16:30:08.026,ACH/USDT:USDT,0.02137,691.0,0.02138,13.0,0.02137,2480261.0,
1753461008352,16:30:08.352,ACH/USDT:USDT,0.02137,638.0,0.02138,37.0,0.02137,2480261.0,
1753461009667,16:30:09.667,ACH/USDT:USDT,0.02137,138.0,0.02138,278.0,0.02137,2480261.0,
1753461009777,16:30:09.777,ACH/USDT:USDT,0.02137,140.0,0.02138,278.0,0.02137,2480261.0,
1753461010111,16:30:10.111,ACH/USDT:USDT,0.02137,305.0,0.02138,278.0,0.02137,2480261.0,
1753461010369,16:30:10.369,ACH/USDT:USDT,0.02137,396.0,0.02138,278.0,0.02137,2480261.0,
1753461010833,16:30:10.833,ACH/USDT:USDT,0.02136,1075.0,0.02138,1066.0,0.02137,2480261.0,
1753461010988,16:30:10.988,ACH/USDT:USDT,0.02136,399.0,0.02137,507.0,0.02137,2480261.0,
1753461011089,16:30:11.089,ACH/USDT:USDT,0.02136,396.0,0.02137,262.0,0.02137,2480261.0,
1753461011192,16:30:11.192,ACH/USDT:USDT,0.02136,339.0,0.02137,117.0,0.02137,2480261.0,
1753461011419,16:30:11.419,ACH/USDT:USDT,0.02136,630.0,0.02137,117.0,0.02137,2480261.0,
1753461011570,16:30:11.570,ACH/USDT:USDT,0.02136,539.0,0.02137,143.0,0.02137,2480261.0,
1753461012012,16:30:12.012,ACH/USDT:USDT,0.02136,630.0,0.02137,28.0,0.02137,2480261.0,
1753461012272,16:30:12.272,ACH/USDT:USDT,0.02136,651.0,0.02137,28.0,0.02137,2480261.0,
1753461012375,16:30:12.375,ACH/USDT:USDT,0.02136,1045.0,0.02138,975.0,0.02137,2480261.0,
1753461012488,16:30:12.488,ACH/USDT:USDT,0.02137,70.0,0.02138,475.0,0.02137,2480261.0,
1753461012612,16:30:12.612,ACH/USDT:USDT,0.02137,27.0,0.02138,477.0,0.02137,2480261.0,
1753461012723,16:30:12.723,ACH/USDT:USDT,0.02137,48.0,0.02138,376.0,0.02137,2480261.0,
1753461013035,16:30:13.035,ACH/USDT:USDT,0.02137,435.0,0.02138,270.0,0.02137,2480261.0,
1753461013155,16:30:13.155,ACH/USDT:USDT,0.02137,492.0,0.02138,270.0,0.02137,2480261.0,
1753461013373,16:30:13.373,ACH/USDT:USDT,0.02137,401.0,0.02138,158.0,0.02137,2480261.0,
1753461013606,16:30:13.606,ACH/USDT:USDT,0.02137,23.0,0.02138,529.0,0.02137,2480261.0,
1753461013812,16:30:13.812,ACH/USDT:USDT,0.02137,48.0,0.02138,529.0,0.02137,2480261.0,
1753461014495,16:30:14.495,ACH/USDT:USDT,0.02136,662.0,0.02137,316.0,0.02137,2480284.0,
1753461015414,16:30:15.414,ACH/USDT:USDT,0.02136,462.0,0.02137,316.0,0.02137,2480284.0,
1753461015521,16:30:15.521,ACH/USDT:USDT,0.02136,927.0,0.02138,1069.0,0.02137,2480284.0,
1753461015643,16:30:15.643,ACH/USDT:USDT,0.02137,26.0,0.02138,697.0,0.02137,2480284.0,
1753461015982,16:30:15.982,ACH/USDT:USDT,0.02137,26.0,0.02138,742.0,0.02137,2480284.0,
1753461016267,16:30:16.267,ACH/USDT:USDT,0.02136,928.0,0.02138,1281.0,0.02137,2480284.0,
1753461016377,16:30:16.377,ACH/USDT:USDT,0.02136,1219.0,0.02138,1327.0,0.02137,2480284.0,
1753461016664,16:30:16.664,ACH/USDT:USDT,0.02136,1092.0,0.02138,1245.0,0.02137,2480284.0,
1753461016780,16:30:16.780,ACH/USDT:USDT,0.02136,1064.0,0.02138,1321.0,0.02137,2480284.0,
1753461016891,16:30:16.891,ACH/USDT:USDT,0.02137,25.0,0.02138,589.0,0.02137,2480284.0,
1753461016993,16:30:16.993,ACH/USDT:USDT,0.02136,1064.0,0.02137,114.0,0.02137,2480284.0,
1753461017109,16:30:17.109,ACH/USDT:USDT,0.02136,321.0,0.02137,245.0,0.02137,2480284.0,
1753461017315,16:30:17.315,ACH/USDT:USDT,0.02137,25.0,0.02138,1050.0,0.02137,2480284.0,
1753461017571,16:30:17.571,ACH/USDT:USDT,0.02137,27.0,0.02138,574.0,0.02137,2480284.0,
1753461017673,16:30:17.673,ACH/USDT:USDT,0.02137,27.0,0.02138,680.0,0.02137,2480284.0,
1753461017905,16:30:17.905,ACH/USDT:USDT,0.02137,27.0,0.02138,725.0,0.02137,2480284.0,
1753461018119,16:30:18.119,ACH/USDT:USDT,0.02136,639.0,0.02137,129.0,0.02137,2480284.0,
1753461018244,16:30:18.244,ACH/USDT:USDT,0.02136,639.0,0.02137,2.0,0.02137,2480284.0,
1753461018398,16:30:18.398,ACH/USDT:USDT,0.02137,29.0,0.02138,681.0,0.02137,2480284.0,
1753461018515,16:30:18.515,ACH/USDT:USDT,0.02137,29.0,0.02138,706.0,0.02137,2480284.0,
1753461019414,16:30:19.414,ACH/USDT:USDT,0.02137,29.0,0.02138,400.0,0.02137,2480284.0,
1753461019518,16:30:19.518,ACH/USDT:USDT,0.02137,468.0,0.02138,294.0,0.02137,2480284.0,
1753461019789,16:30:19.789,ACH/USDT:USDT,0.02137,320.0,0.02138,290.0,0.02137,2480284.0,
1753461020122,16:30:20.122,ACH/USDT:USDT,0.02137,411.0,0.02138,290.0,0.02137,2480284.0,
1753461020262,16:30:20.262,ACH/USDT:USDT,0.02137,29.0,0.02138,290.0,0.02137,2480284.0,
1753461020400,16:30:20.400,ACH/USDT:USDT,0.02137,29.0,0.02138,747.0,0.02137,2480284.0,
1753461020511,16:30:20.511,ACH/USDT:USDT,0.02137,30.0,0.02138,747.0,0.02137,2480284.0,
1753461020735,16:30:20.735,ACH/USDT:USDT,0.02137,30.0,0.02138,641.0,0.02137,2480284.0,
1753461020869,16:30:20.869,ACH/USDT:USDT,0.02137,30.0,0.02138,596.0,0.02137,2480284.0,
1753461021715,16:30:21.715,ACH/USDT:USDT,0.02137,30.0,0.02138,747.0,0.02137,2480284.0,
1753461021921,16:30:21.921,ACH/USDT:USDT,0.02137,3.0,0.02138,793.0,0.02137,2480284.0,
1753461022068,16:30:22.068,ACH/USDT:USDT,0.02137,1.0,0.02138,793.0,0.02137,2480284.0,
1753461023114,16:30:23.114,ACH/USDT:USDT,0.02137,1.0,0.02138,798.0,0.02137,2480284.0,
1753461026026,16:30:26.026,ACH/USDT:USDT,0.02137,1.0,0.02138,1003.0,0.02137,2480284.0,
1753461026137,16:30:26.137,ACH/USDT:USDT,0.02135,1044.0,0.02137,2223.0,0.02136,2480912.0,
1753461026270,16:30:26.270,ACH/USDT:USDT,0.02135,657.0,0.02136,128.0,0.02136,2480912.0,
1753461026386,16:30:26.386,ACH/USDT:USDT,0.02135,659.0,0.02136,155.0,0.02136,2480912.0,
1753461027011,16:30:27.011,ACH/USDT:USDT,0.02135,755.0,0.02136,155.0,0.02136,2480912.0,
1753461027123,16:30:27.123,ACH/USDT:USDT,0.02135,666.0,0.02136,155.0,0.02136,2480912.0,
1753461027236,16:30:27.236,ACH/USDT:USDT,0.02135,584.0,0.02136,155.0,0.02136,2480912.0,
1753461027368,16:30:27.368,ACH/USDT:USDT,0.02135,777.0,0.02136,130.0,0.02136,2480912.0,
1753461027498,16:30:27.498,ACH/USDT:USDT,0.02135,732.0,0.02136,130.0,0.02136,2480912.0,
1753461027614,16:30:27.614,ACH/USDT:USDT,0.02136,278.0,0.02137,249.0,0.02136,2480912.0,
1753461027715,16:30:27.715,ACH/USDT:USDT,0.02136,278.0,0.02137,148.0,0.02136,2480912.0,
1753461028075,16:30:28.075,ACH/USDT:USDT,0.02136,394.0,0.02137,148.0,0.02136,2480912.0,
1753461028288,16:30:28.288,ACH/USDT:USDT,0.02136,142.0,0.02137,260.0,0.02136,2480912.0,
1753461028676,16:30:28.676,ACH/USDT:USDT,0.02136,278.0,0.02137,260.0,0.02136,2480912.0,
1753461028912,16:30:28.912,ACH/USDT:USDT,0.02136,414.0,0.02137,148.0,0.02136,2480912.0,
1753461029012,16:30:29.012,ACH/USDT:USDT,0.02136,468.0,0.02137,148.0,0.02136,2480912.0,
1753461029596,16:30:29.596,ACH/USDT:USDT,0.02136,468.0,0.02137,149.0,0.02136,2480912.0,
1753461030105,16:30:30.105,ACH/USDT:USDT,0.02136,668.0,0.02137,134.0,0.02137,2480927.0,
1753461030416,16:30:30.416,ACH/USDT:USDT,0.02136,478.0,0.02137,240.0,0.02137,2480927.0,
1753461030569,16:30:30.569,ACH/USDT:USDT,0.02136,606.0,0.02137,134.0,0.02137,2480927.0,
1753461031237,16:30:31.237,ACH/USDT:USDT,0.02136,28.0,0.02137,350.0,0.02137,2480927.0,
1753461031359,16:30:31.359,ACH/USDT:USDT,0.02136,30.0,0.02137,497.0,0.02137,2480927.0,
1753461031472,16:30:31.472,ACH/USDT:USDT,0.02135,684.0,0.02136,122.0,0.02137,2480927.0,
1753461031577,16:30:31.577,ACH/USDT:USDT,0.02136,29.0,0.02137,497.0,0.02137,2480927.0,
1753461031681,16:30:31.681,ACH/USDT:USDT,0.02136,29.0,0.02137,730.0,0.02137,2480927.0,
1753461031787,16:30:31.787,ACH/USDT:USDT,0.02135,436.0,0.02136,235.0,0.02137,2480927.0,
1753461031892,16:30:31.892,ACH/USDT:USDT,0.02135,461.0,0.02136,304.0,0.02137,2480927.0,
1753461032006,16:30:32.006,ACH/USDT:USDT,0.02135,463.0,0.02136,306.0,0.02137,2480927.0,
1753461032107,16:30:32.107,ACH/USDT:USDT,0.02135,436.0,0.02136,306.0,0.02137,2480927.0,
1753461032416,16:30:32.416,ACH/USDT:USDT,0.02135,436.0,0.02136,261.0,0.02137,2480927.0,
1753461032806,16:30:32.806,ACH/USDT:USDT,0.02135,265.0,0.02136,261.0,0.02137,2480927.0,
1753461033011,16:30:33.011,ACH/USDT:USDT,0.02135,265.0,0.02136,306.0,0.02137,2480927.0,
1753461033586,16:30:33.586,ACH/USDT:USDT,0.02135,265.0,0.02136,261.0,0.02137,2480927.0,
1753461034714,16:30:34.714,ACH/USDT:USDT,0.02135,482.0,0.02136,149.0,0.02137,2480927.0,
1753461035209,16:30:35.209,ACH/USDT:USDT,0.02135,380.0,0.02136,149.0,0.02137,2480927.0,
1753461035328,16:30:35.328,ACH/USDT:USDT,0.02135,265.0,0.02136,306.0,0.02137,2480927.0,
1753461035438,16:30:35.438,ACH/USDT:USDT,0.02135,153.0,0.02136,512.0,0.02137,2480927.0,
1753461035550,16:30:35.550,ACH/USDT:USDT,0.02135,153.0,0.02136,412.0,0.02137,2480927.0,
1753461035813,16:30:35.813,ACH/USDT:USDT,0.02135,153.0,0.02136,512.0,0.02137,2480927.0,
1753461036297,16:30:36.297,ACH/USDT:USDT,0.02135,268.0,0.02136,367.0,0.02137,2480927.0,
1753461036508,16:30:36.508,ACH/USDT:USDT,0.02135,370.0,0.02136,261.0,0.02137,2480927.0,
1753461036608,16:30:36.608,ACH/USDT:USDT,0.02135,531.0,0.02136,261.0,0.02137,2480927.0,
1753461036828,16:30:36.828,ACH/USDT:USDT,0.02135,416.0,0.02136,512.0,0.02137,2480927.0,
1753461037080,16:30:37.080,ACH/USDT:USDT,0.02135,412.0,0.02136,512.0,0.02137,2480927.0,
1753461037512,16:30:37.512,ACH/USDT:USDT,0.02135,412.0,0.02136,412.0,0.02137,2480927.0,
1753461037668,16:30:37.668,ACH/USDT:USDT,0.02135,413.0,0.02136,512.0,0.02137,2480927.0,
1753461038323,16:30:38.323,ACH/USDT:USDT,0.02134,144.0,0.02135,139.0,0.02135,2481315.0,
1753461038425,16:30:38.425,ACH/USDT:USDT,0.02134,370.0,0.02135,282.0,0.02135,2481315.0,
1753461038666,16:30:38.666,ACH/USDT:USDT,0.02134,260.0,0.02135,282.0,0.02135,2481315.0,
1753461038772,16:30:38.772,ACH/USDT:USDT,0.02134,146.0,0.02135,388.0,0.02135,2481315.0,
1753461039119,16:30:39.119,ACH/USDT:USDT,0.02134,146.0,0.02135,388.0,0.02135,2481315.0,
1753461039363,16:30:39.363,ACH/USDT:USDT,0.02134,146.0,0.02135,533.0,0.02135,2481315.0,
1753461039508,16:30:39.508,ACH/USDT:USDT,0.02134,116.0,0.02135,579.0,0.02135,2481315.0,
1753461039611,16:30:39.611,ACH/USDT:USDT,0.02134,33.0,0.02135,579.0,0.02135,2481315.0,
1753461039930,16:30:39.930,ACH/USDT:USDT,0.02134,145.0,0.02135,322.0,0.02135,2481315.0,
1753461040073,16:30:40.073,ACH/USDT:USDT,0.02134,145.0,0.02135,276.0,0.02135,2481315.0,
1753461040179,16:30:40.179,ACH/USDT:USDT,0.02134,145.0,0.02135,421.0,0.02135,2481315.0,
1753461040519,16:30:40.519,ACH/USDT:USDT,0.02134,145.0,0.02135,321.0,0.02135,2481315.0,
1753461040669,16:30:40.669,ACH/USDT:USDT,0.02134,145.0,0.02135,421.0,0.02135,2481315.0,
1753461041015,16:30:41.015,ACH/USDT:USDT,0.02134,141.0,0.02135,421.0,0.02135,2481315.0,
1753461041116,16:30:41.116,ACH/USDT:USDT,0.02134,3.0,0.02135,621.0,0.02135,2481315.0,
1753461041375,16:30:41.375,ACH/USDT:USDT,0.02134,28.0,0.02135,621.0,0.02135,2481315.0,
1753461041489,16:30:41.489,ACH/USDT:USDT,0.02134,30.0,0.02135,621.0,0.02135,2481315.0,
1753461041914,16:30:41.914,ACH/USDT:USDT,0.02134,142.0,0.02135,276.0,0.02135,2481315.0,
1753461042021,16:30:42.021,ACH/USDT:USDT,0.02134,142.0,0.02135,170.0,0.02135,2481315.0,
1753461042306,16:30:42.306,ACH/USDT:USDT,0.02134,142.0,0.02135,488.0,0.02135,2481315.0,
1753461042419,16:30:42.419,ACH/USDT:USDT,0.02134,142.0,0.02135,533.0,0.02135,2481315.0,
1753461042789,16:30:42.789,ACH/USDT:USDT,0.02134,142.0,0.02135,421.0,0.02135,2481315.0,
1753461043819,16:30:43.819,ACH/USDT:USDT,0.02134,408.0,0.02135,170.0,0.02135,2481315.0,
1753461044076,16:30:44.076,ACH/USDT:USDT,0.02134,608.0,0.02135,170.0,0.02135,2481315.0,
1753461044287,16:30:44.287,ACH/USDT:USDT,0.02135,116.0,0.02136,367.0,0.02135,2481315.0,
1753461044405,16:30:44.405,ACH/USDT:USDT,0.02135,186.0,0.02136,418.0,0.02135,2481315.0,
1753461044505,16:30:44.505,ACH/USDT:USDT,0.02135,409.0,0.02136,413.0,0.02135,2481315.0,
1753461044613,16:30:44.613,ACH/USDT:USDT,0.02135,468.0,0.02136,196.0,0.02135,2481315.0,
1753461044715,16:30:44.715,ACH/USDT:USDT,0.02135,468.0,0.02136,33.0,0.02135,2481315.0,
1753461044972,16:30:44.972,ACH/USDT:USDT,0.02135,468.0,0.02136,58.0,0.02135,2481315.0,
1753461045091,16:30:45.091,ACH/USDT:USDT,0.02135,609.0,0.02136,179.0,0.02135,2481315.0,
1753461045415,16:30:45.415,ACH/USDT:USDT,0.02135,663.0,0.02136,150.0,0.02135,2481315.0,
1753461045538,16:30:45.538,ACH/USDT:USDT,0.02135,665.0,0.02136,150.0,0.02135,2481315.0,
1753461045872,16:30:45.872,ACH/USDT:USDT,0.02135,665.0,0.02136,2.0,0.02135,2481315.0,
1753461046616,16:30:46.616,ACH/USDT:USDT,0.02135,683.0,0.02136,2.0,0.02135,2481315.0,
1753461046977,16:30:46.977,ACH/USDT:USDT,0.02135,683.0,0.02137,1622.0,0.02136,2481317.0,
1753461047084,16:30:47.084,ACH/USDT:USDT,0.02136,430.0,0.02137,139.0,0.02136,2481317.0,
1753461047197,16:30:47.197,ACH/USDT:USDT,0.02136,432.0,0.02137,141.0,0.02136,2481317.0,
1753461047408,16:30:47.408,ACH/USDT:USDT,0.02136,189.0,0.02137,363.0,0.02136,2481317.0,
1753461047511,16:30:47.511,ACH/USDT:USDT,0.02136,28.0,0.02137,408.0,0.02136,2481317.0,
1753461047616,16:30:47.616,ACH/USDT:USDT,0.02136,179.0,0.02137,363.0,0.02136,2481317.0,
1753461049315,16:30:49.315,ACH/USDT:USDT,0.02136,433.0,0.02137,141.0,0.02136,2481317.0,
1753461049418,16:30:49.418,ACH/USDT:USDT,0.02136,935.0,0.02138,866.0,0.02136,2481317.0,
1753461049519,16:30:49.519,ACH/USDT:USDT,0.02137,72.0,0.02138,576.0,0.02136,2481317.0,
1753461049622,16:30:49.622,ACH/USDT:USDT,0.02137,174.0,0.02138,576.0,0.02136,2481317.0,
1753461049732,16:30:49.732,ACH/USDT:USDT,0.02136,962.0,0.02138,1019.0,0.02136,2481317.0,
1753461049841,16:30:49.841,ACH/USDT:USDT,0.02136,1132.0,0.02138,1211.0,0.02136,2481317.0,
1753461049982,16:30:49.982,ACH/USDT:USDT,0.02137,174.0,0.02138,719.0,0.02136,2481317.0,
1753461050104,16:30:50.104,ACH/USDT:USDT,0.02137,172.0,0.02138,719.0,0.02136,2481317.0,
1753461050206,16:30:50.206,ACH/USDT:USDT,0.02137,174.0,0.02138,405.0,0.02136,2481317.0,
1753461050783,16:30:50.783,ACH/USDT:USDT,0.02137,414.0,0.02138,185.0,0.02136,2481317.0,
1753461051109,16:30:51.109,ACH/USDT:USDT,0.02137,735.0,0.02138,2.0,0.02136,2481317.0,
1753461051212,16:30:51.212,ACH/USDT:USDT,0.02137,735.0,0.02138,27.0,0.02136,2481317.0,
1753461051321,16:30:51.321,ACH/USDT:USDT,0.02137,735.0,0.02138,29.0,0.02136,2481317.0,
1753461051423,16:30:51.423,ACH/USDT:USDT,0.02137,735.0,0.02138,2.0,0.02136,2481317.0,
1753461052108,16:30:52.108,ACH/USDT:USDT,0.02137,735.0,0.02139,1678.0,0.02138,2481319.0,
1753461052212,16:30:52.212,ACH/USDT:USDT,0.02138,418.0,0.02139,165.0,0.02138,2481319.0,
1753461052414,16:30:52.414,ACH/USDT:USDT,0.02138,472.0,0.02139,19.0,0.02138,2481319.0,
1753461052522,16:30:52.522,ACH/USDT:USDT,0.02138,518.0,0.02139,19.0,0.02138,2481319.0,
1753461053013,16:30:53.013,ACH/USDT:USDT,0.02138,616.0,0.02139,44.0,0.02138,2481319.0,
1753461053115,16:30:53.115,ACH/USDT:USDT,0.02138,269.0,0.02139,174.0,0.02138,2481319.0,
1753461053271,16:30:53.271,ACH/USDT:USDT,0.02138,418.0,0.02139,44.0,0.02138,2481319.0,
1753461053376,16:30:53.376,ACH/USDT:USDT,0.02138,271.0,0.02139,44.0,0.02138,2481319.0,
1753461053505,16:30:53.505,ACH/USDT:USDT,0.02138,316.0,0.02139,44.0,0.02138,2481319.0,
1753461053609,16:30:53.609,ACH/USDT:USDT,0.02138,418.0,0.02139,44.0,0.02138,2481319.0,
1753461053713,16:30:53.713,ACH/USDT:USDT,0.02138,271.0,0.02139,395.0,0.02138,2481319.0,
1753461054066,16:30:54.066,ACH/USDT:USDT,0.02138,373.0,0.02139,395.0,0.02138,2481319.0,
1753461054169,16:30:54.169,ACH/USDT:USDT,0.02138,418.0,0.02139,395.0,0.02138,2481319.0,
1753461054489,16:30:54.489,ACH/USDT:USDT,0.02138,146.0,0.02139,395.0,0.02138,2481319.0,
1753461054812,16:30:54.812,ACH/USDT:USDT,0.02138,146.0,0.02139,395.0,0.02138,2481319.0,
1753461055066,16:30:55.066,ACH/USDT:USDT,0.02138,248.0,0.02139,395.0,0.02138,2481319.0,
1753461055668,16:30:55.668,ACH/USDT:USDT,0.02138,437.0,0.02139,175.0,0.02138,2481319.0,
1753461056011,16:30:56.011,ACH/USDT:USDT,0.02138,637.0,0.02139,175.0,0.02138,2481319.0,
1753461056216,16:30:56.216,ACH/USDT:USDT,0.02138,760.0,0.02139,19.0,0.02138,2481319.0,
1753461056317,16:30:56.317,ACH/USDT:USDT,0.02138,760.0,0.02139,20.0,0.02138,2481319.0,
1753461057496,16:30:57.496,ACH/USDT:USDT,0.02138,760.0,0.0214,1648.0,0.02139,2481339.0,
1753461057606,16:30:57.606,ACH/USDT:USDT,0.02139,419.0,0.0214,289.0,0.02139,2481339.0,
1753461057710,16:30:57.710,ACH/USDT:USDT,0.02139,421.0,0.0214,289.0,0.02139,2481339.0,
1753461058269,16:30:58.269,ACH/USDT:USDT,0.02139,421.0,0.0214,175.0,0.02139,2481339.0,
1753461058412,16:30:58.412,ACH/USDT:USDT,0.02139,376.0,0.0214,175.0,0.02139,2481339.0,
1753461058567,16:30:58.567,ACH/USDT:USDT,0.02139,478.0,0.0214,171.0,0.02139,2481339.0,
1753461058910,16:30:58.910,ACH/USDT:USDT,0.02139,678.0,0.0214,171.0,0.02139,2481339.0,
1753461059216,16:30:59.216,ACH/USDT:USDT,0.02139,678.0,0.0214,4.0,0.02139,2481339.0,
1753461060015,16:31:00.015,ACH/USDT:USDT,0.02139,678.0,0.0214,4.0,0.02139,2480544.0,
1753461060221,16:31:00.221,ACH/USDT:USDT,0.02139,274.0,0.0214,373.0,0.02139,2480544.0,
1753461060322,16:31:00.322,ACH/USDT:USDT,0.02139,493.0,0.0214,4.0,0.02139,2480544.0,
1753461060427,16:31:00.427,ACH/USDT:USDT,0.02139,493.0,0.0214,29.0,0.02139,2480544.0,
1753461060541,16:31:00.541,ACH/USDT:USDT,0.02139,493.0,0.0214,154.0,0.02139,2480544.0,
1753461060642,16:31:00.642,ACH/USDT:USDT,0.02139,139.0,0.0214,376.0,0.02139,2480544.0,
1753461060775,16:31:00.775,ACH/USDT:USDT,0.02138,1322.0,0.0214,376.0,0.02139,2480544.0,
1753461060887,16:31:00.887,ACH/USDT:USDT,0.02139,29.0,0.0214,376.0,0.02139,2480544.0,
1753461061112,16:31:01.112,ACH/USDT:USDT,0.02139,419.0,0.0214,378.0,0.02139,2480544.0,
1753461061214,16:31:01.214,ACH/USDT:USDT,0.02139,419.0,0.0214,264.0,0.02139,2480544.0,
1753461061573,16:31:01.573,ACH/USDT:USDT,0.02139,419.0,0.0214,33.0,0.02139,2480544.0,
1753461061713,16:31:01.713,ACH/USDT:USDT,0.02139,479.0,0.0214,33.0,0.02139,2480544.0,
1753461061917,16:31:01.917,ACH/USDT:USDT,0.02139,679.0,0.0214,33.0,0.02139,2480544.0,
1753461062509,16:31:02.509,ACH/USDT:USDT,0.02139,462.0,0.0214,263.0,0.02139,2480544.0,
1753461062618,16:31:02.618,ACH/USDT:USDT,0.02139,574.0,0.0214,369.0,0.02139,2480544.0,
1753461062723,16:31:02.723,ACH/USDT:USDT,0.02139,619.0,0.0214,369.0,0.02139,2480544.0,
1753461062847,16:31:02.847,ACH/USDT:USDT,0.02139,708.0,0.0214,8.0,0.02139,2480544.0,
1753461064074,16:31:04.074,ACH/USDT:USDT,0.0214,541.0,0.02141,4.0,0.0214,2480552.0,
1753461064208,16:31:04.208,ACH/USDT:USDT,0.0214,747.0,0.02141,30.0,0.0214,2480552.0,
1753461064313,16:31:04.313,ACH/USDT:USDT,0.0214,701.0,0.02141,32.0,0.0214,2480552.0,
1753461064567,16:31:04.567,ACH/USDT:USDT,0.0214,620.0,0.02141,32.0,0.0214,2480552.0,
1753461064779,16:31:04.779,ACH/USDT:USDT,0.0214,678.0,0.02141,2.0,0.0214,2480552.0,
1753461065011,16:31:05.011,ACH/USDT:USDT,0.0214,724.0,0.02141,16.0,0.0214,2480552.0,
1753461065111,16:31:05.111,ACH/USDT:USDT,0.0214,678.0,0.02141,16.0,0.0214,2480552.0,
1753461065214,16:31:05.214,ACH/USDT:USDT,0.0214,676.0,0.02141,18.0,0.0214,2480552.0,
1753461065315,16:31:05.315,ACH/USDT:USDT,0.0214,678.0,0.02141,18.0,0.0214,2480552.0,
1753461066127,16:31:06.127,ACH/USDT:USDT,0.0214,678.0,0.02141,18.0,0.0214,2480552.0,
1753461067154,16:31:07.154,ACH/USDT:USDT,0.0214,683.0,0.02141,18.0,0.0214,2480552.0,
1753461067390,16:31:07.390,ACH/USDT:USDT,0.0214,683.0,0.02141,19.0,0.0214,2480552.0,
1753461068372,16:31:08.372,ACH/USDT:USDT,0.0214,625.0,0.02141,43.0,0.0214,2480552.0,
1753461068486,16:31:08.486,ACH/USDT:USDT,0.0214,625.0,0.02141,19.0,0.0214,2480552.0,
1753461068607,16:31:08.607,ACH/USDT:USDT,0.0214,701.0,0.02141,19.0,0.0214,2480552.0,
1753461069084,16:31:09.084,ACH/USDT:USDT,0.02141,507.0,0.02143,2685.0,0.02142,2480845.0,
1753461069209,16:31:09.209,ACH/USDT:USDT,0.02141,746.0,0.02142,14.0,0.02142,2480845.0,
1753461069313,16:31:09.313,ACH/USDT:USDT,0.02141,748.0,0.02142,16.0,0.02142,2480845.0,
1753461069420,16:31:09.420,ACH/USDT:USDT,0.02141,623.0,0.02142,42.0,0.02142,2480845.0,
1753461069674,16:31:09.674,ACH/USDT:USDT,0.02141,677.0,0.02142,16.0,0.02142,2480845.0,
1753461069811,16:31:09.811,ACH/USDT:USDT,0.02141,677.0,0.02143,2004.0,0.02142,2480861.0,
1753461069916,16:31:09.916,ACH/USDT:USDT,0.02142,478.0,0.02143,145.0,0.02142,2480861.0,
1753461070069,16:31:10.069,ACH/USDT:USDT,0.02142,278.0,0.02143,369.0,0.02142,2480861.0,
1753461070284,16:31:10.284,ACH/USDT:USDT,0.02142,26.0,0.02143,369.0,0.02142,2480861.0,
1753461070512,16:31:10.512,ACH/USDT:USDT,0.02142,138.0,0.02143,369.0,0.02142,2480861.0,
1753461070744,16:31:10.744,ACH/USDT:USDT,0.02142,26.0,0.02143,569.0,0.02142,2480861.0,
1753461070888,16:31:10.888,ACH/USDT:USDT,0.02142,26.0,0.02143,369.0,0.02142,2480861.0,
1753461071012,16:31:11.012,ACH/USDT:USDT,0.02142,136.0,0.02143,369.0,0.02142,2480861.0,
1753461071112,16:31:11.112,ACH/USDT:USDT,0.02142,26.0,0.02143,369.0,0.02142,2480861.0,
1753461071831,16:31:11.831,ACH/USDT:USDT,0.02142,388.0,0.02143,369.0,0.02142,2480861.0,
1753461071986,16:31:11.986,ACH/USDT:USDT,0.02142,549.0,0.02143,2.0,0.02142,2480861.0,
1753461072739,16:31:12.739,ACH/USDT:USDT,0.02142,749.0,0.02143,2.0,0.02142,2480861.0,
1753461072989,16:31:12.989,ACH/USDT:USDT,0.02143,818.0,0.02144,2.0,0.02143,2480863.0,
1753461073095,16:31:13.095,ACH/USDT:USDT,0.02143,864.0,0.02144,2.0,0.02143,2480863.0,
1753461074193,16:31:14.193,ACH/USDT:USDT,0.02143,752.0,0.02144,31.0,0.02143,2480863.0,
1753461074310,16:31:14.310,ACH/USDT:USDT,0.02143,392.0,0.02144,252.0,0.02143,2480863.0,
1753461074768,16:31:14.768,ACH/USDT:USDT,0.02143,142.0,0.02144,566.0,0.02143,2480863.0,
1753461075000,16:31:15.000,ACH/USDT:USDT,0.02143,30.0,0.02144,566.0,0.02143,2480863.0,
1753461075112,16:31:15.112,ACH/USDT:USDT,0.02142,1061.0,0.02144,711.0,0.02143,2480863.0,
1753461075215,16:31:15.215,ACH/USDT:USDT,0.02142,828.0,0.02143,70.0,0.02143,2480863.0,
1753461075368,16:31:15.368,ACH/USDT:USDT,0.02142,760.0,0.02143,70.0,0.02143,2480863.0,
1753461075762,16:31:15.762,ACH/USDT:USDT,0.02142,1512.0,0.02144,1054.0,0.02143,2480863.0,
1753461075865,16:31:15.865,ACH/USDT:USDT,0.02143,160.0,0.02144,623.0,0.02143,2480863.0,
1753461076072,16:31:16.072,ACH/USDT:USDT,0.02143,274.0,0.02144,623.0,0.02143,2480863.0,
1753461076176,16:31:16.176,ACH/USDT:USDT,0.02143,416.0,0.02144,374.0,0.02143,2480863.0,
1753461076281,16:31:16.281,ACH/USDT:USDT,0.02143,117.0,0.02144,374.0,0.02143,2480863.0,
1753461076406,16:31:16.406,ACH/USDT:USDT,0.02143,25.0,0.02144,465.0,0.02143,2480863.0,
1753461076612,16:31:16.612,ACH/USDT:USDT,0.02142,643.0,0.02143,29.0,0.02143,2480863.0,
1753461077007,16:31:17.007,ACH/USDT:USDT,0.02142,647.0,0.02143,29.0,0.02143,2480863.0,
1753461077114,16:31:17.114,ACH/USDT:USDT,0.02143,30.0,0.02144,623.0,0.02143,2480863.0,
1753461077520,16:31:17.520,ACH/USDT:USDT,0.02143,35.0,0.02144,623.0,0.02143,2480863.0,
1753461078215,16:31:18.215,ACH/USDT:USDT,0.02143,135.0,0.02144,623.0,0.02143,2480863.0,
1753461078319,16:31:18.319,ACH/USDT:USDT,0.02143,7.0,0.02144,760.0,0.02143,2480863.0,
1753461078468,16:31:18.468,ACH/USDT:USDT,0.02142,582.0,0.02143,166.0,0.02143,2480870.0,
1753461078572,16:31:18.572,ACH/USDT:USDT,0.02142,582.0,0.02143,30.0,0.02143,2480870.0,
1753461078810,16:31:18.810,ACH/USDT:USDT,0.02142,653.0,0.02143,30.0,0.02143,2480870.0,
1753461079016,16:31:19.016,ACH/USDT:USDT,0.02142,1265.0,0.02144,841.0,0.02143,2480870.0,
1753461079167,16:31:19.167,ACH/USDT:USDT,0.02143,163.0,0.02144,371.0,0.02143,2480870.0,
1753461079269,16:31:19.269,ACH/USDT:USDT,0.02143,118.0,0.02144,371.0,0.02143,2480870.0,
1753461079512,16:31:19.512,ACH/USDT:USDT,0.02143,402.0,0.02144,371.0,0.02143,2480870.0,
1753461079766,16:31:19.766,ACH/USDT:USDT,0.02143,290.0,0.02144,371.0,0.02143,2480870.0,
1753461079970,16:31:19.970,ACH/USDT:USDT,0.02143,402.0,0.02144,371.0,0.02143,2480870.0,
1753461080216,16:31:20.216,ACH/USDT:USDT,0.02142,911.0,0.02144,507.0,0.02143,2480870.0,
1753461080329,16:31:20.329,ACH/USDT:USDT,0.02142,637.0,0.02143,28.0,0.02143,2480870.0,
1753461080607,16:31:20.607,ACH/USDT:USDT,0.02142,525.0,0.02143,164.0,0.02143,2480870.0,
1753461080713,16:31:20.713,ACH/USDT:USDT,0.02142,325.0,0.02143,278.0,0.02143,2480870.0,
1753461080814,16:31:20.814,ACH/USDT:USDT,0.02142,272.0,0.02143,278.0,0.02143,2480870.0,
1753461081171,16:31:21.171,ACH/USDT:USDT,0.02142,541.0,0.02143,278.0,0.02143,2480870.0,
1753461081277,16:31:21.277,ACH/USDT:USDT,0.02142,429.0,0.02143,278.0,0.02143,2480870.0,
1753461081403,16:31:21.403,ACH/USDT:USDT,0.02142,145.0,0.02143,520.0,0.02143,2480870.0,
1753461081509,16:31:21.509,ACH/USDT:USDT,0.02142,145.0,0.02143,429.0,0.02143,2480870.0,
1753461081615,16:31:21.615,ACH/USDT:USDT,0.02142,172.0,0.02143,429.0,0.02143,2480870.0,
1753461081769,16:31:21.769,ACH/USDT:USDT,0.02142,431.0,0.02143,278.0,0.02143,2480870.0,
1753461082422,16:31:22.422,ACH/USDT:USDT,0.02142,502.0,0.02143,28.0,0.02143,2480870.0,
1753461082666,16:31:22.666,ACH/USDT:USDT,0.02142,814.0,0.02143,28.0,0.02143,2480870.0,
1753461082911,16:31:22.911,ACH/USDT:USDT,0.02142,1135.0,0.02144,1278.0,0.02143,2480870.0,
1753461083013,16:31:23.013,ACH/USDT:USDT,0.02143,26.0,0.02144,842.0,0.02143,2480870.0,
1753461083119,16:31:23.119,ACH/USDT:USDT,0.02143,26.0,0.02144,642.0,0.02143,2480870.0,
1753461084038,16:31:24.038,ACH/USDT:USDT,0.02143,300.0,0.02144,287.0,0.02143,2480870.0,
1753461084150,16:31:24.150,ACH/USDT:USDT,0.02143,183.0,0.02144,393.0,0.02143,2480870.0,
1753461084515,16:31:24.515,ACH/USDT:USDT,0.02143,24.0,0.02144,484.0,0.02143,2480870.0,
1753461084618,16:31:24.618,ACH/USDT:USDT,0.02143,26.0,0.02144,684.0,0.02143,2480870.0,
1753461084865,16:31:24.865,ACH/USDT:USDT,0.02142,921.0,0.02143,116.0,0.02143,2480870.0,
1753461084999,16:31:24.999,ACH/USDT:USDT,0.02142,716.0,0.02143,235.0,0.02143,2480870.0,
1753461085107,16:31:25.107,ACH/USDT:USDT,0.02142,743.0,0.02143,261.0,0.02143,2480870.0,
1753461085314,16:31:25.314,ACH/USDT:USDT,0.02142,472.0,0.02143,306.0,0.02143,2480870.0,
1753461085417,16:31:25.417,ACH/USDT:USDT,0.02142,472.0,0.02143,306.0,0.02143,2480870.0,
1753461085567,16:31:25.567,ACH/USDT:USDT,0.02142,289.0,0.02143,306.0,0.02143,2480870.0,
1753461085806,16:31:25.806,ACH/USDT:USDT,0.02142,289.0,0.02143,280.0,0.02143,2480870.0,
1753461085911,16:31:25.911,ACH/USDT:USDT,0.02142,1054.0,0.02144,682.0,0.02143,2480870.0,
1753461086028,16:31:26.028,ACH/USDT:USDT,0.02143,25.0,0.02144,836.0,0.02143,2480870.0,
1753461086168,16:31:26.168,ACH/USDT:USDT,0.02143,25.0,0.02144,927.0,0.02143,2480870.0,
1753461086296,16:31:26.296,ACH/USDT:USDT,0.02142,870.0,0.02144,972.0,0.02143,2480870.0,
1753461086413,16:31:26.413,ACH/USDT:USDT,0.02142,477.0,0.02143,155.0,0.02143,2480870.0,
1753461086521,16:31:26.521,ACH/USDT:USDT,0.02142,601.0,0.02143,202.0,0.02143,2480870.0,
1753461086631,16:31:26.631,ACH/USDT:USDT,0.02142,766.0,0.02143,2.0,0.02143,2480870.0,
1753461086733,16:31:26.733,ACH/USDT:USDT,0.02142,1256.0,0.02144,728.0,0.02143,2480870.0,
1753461086845,16:31:26.845,ACH/USDT:USDT,0.02143,23.0,0.02144,833.0,0.02143,2480870.0,
1753461086975,16:31:26.975,ACH/USDT:USDT,0.02143,25.0,0.02144,386.0,0.02143,2480870.0,
1753461087212,16:31:27.212,ACH/USDT:USDT,0.02143,25.0,0.02144,522.0,0.02143,2480870.0,
1753461087467,16:31:27.467,ACH/USDT:USDT,0.02143,25.0,0.02144,386.0,0.02143,2480870.0,
1753461087614,16:31:27.614,ACH/USDT:USDT,0.02143,25.0,0.02144,722.0,0.02143,2480870.0,
1753461087733,16:31:27.733,ACH/USDT:USDT,0.02142,515.0,0.02143,132.0,0.02143,2480870.0,
1753461087867,16:31:27.867,ACH/USDT:USDT,0.02142,541.0,0.02143,156.0,0.02143,2480870.0,
1753461088611,16:31:28.611,ACH/USDT:USDT,0.02142,335.0,0.02143,515.0,0.02143,2480870.0,
1753461088714,16:31:28.714,ACH/USDT:USDT,0.02142,38.0,0.02143,515.0,0.02143,2480870.0,
1753461088815,16:31:28.815,ACH/USDT:USDT,0.02142,34.0,0.02143,515.0,0.02143,2480870.0,
1753461089684,16:31:29.684,ACH/USDT:USDT,0.02142,8.0,0.02143,515.0,0.02143,2480870.0,
1753461090468,16:31:30.468,ACH/USDT:USDT,0.02142,35.0,0.02143,424.0,0.02143,2480870.0,
1753461090915,16:31:30.915,ACH/USDT:USDT,0.02142,119.0,0.02143,521.0,0.02143,2480870.0,
1753461091015,16:31:31.015,ACH/USDT:USDT,0.02142,8.0,0.02143,521.0,0.02143,2480870.0,
1753461091779,16:31:31.779,ACH/USDT:USDT,0.02142,31.0,0.02143,521.0,0.02143,2480870.0,
1753461091895,16:31:31.895,ACH/USDT:USDT,0.02142,33.0,0.02143,521.0,0.02143,2480870.0,
1753461092118,16:31:32.118,ACH/USDT:USDT,0.02142,8.0,0.02143,521.0,0.02143,2480870.0,
1753461092577,16:31:32.577,ACH/USDT:USDT,0.02142,8.0,0.02143,721.0,0.02143,2480870.0,
1753461094057,16:31:34.057,ACH/USDT:USDT,0.02141,636.0,0.02142,342.0,0.02142,2480878.0,
1753461094165,16:31:34.165,ACH/USDT:USDT,0.02141,524.0,0.02142,467.0,0.02142,2480878.0,
1753461094271,16:31:34.271,ACH/USDT:USDT,0.02141,665.0,0.02142,469.0,0.02142,2480878.0,
1753461094384,16:31:34.384,ACH/USDT:USDT,0.02141,665.0,0.02142,372.0,0.02142,2480878.0,
1753461094610,16:31:34.610,ACH/USDT:USDT,0.02141,811.0,0.02143,1947.0,0.02142,2481052.0,
1753461094716,16:31:34.716,ACH/USDT:USDT,0.02142,318.0,0.02143,108.0,0.02142,2481052.0,
1753461094817,16:31:34.817,ACH/USDT:USDT,0.02142,473.0,0.02143,272.0,0.02142,2481052.0,
1753461095418,16:31:35.418,ACH/USDT:USDT,0.02142,273.0,0.02143,272.0,0.02142,2481052.0,
1753461095521,16:31:35.521,ACH/USDT:USDT,0.02141,786.0,0.02143,530.0,0.02142,2481052.0,
1753461095633,16:31:35.633,ACH/USDT:USDT,0.02141,945.0,0.02143,530.0,0.02142,2481052.0,
1753461095744,16:31:35.744,ACH/USDT:USDT,0.02141,1099.0,0.02143,388.0,0.02142,2481052.0,
1753461096314,16:31:36.314,ACH/USDT:USDT,0.02142,142.0,0.02143,388.0,0.02142,2481052.0,
1753461096526,16:31:36.526,ACH/USDT:USDT,0.02142,144.0,0.02143,388.0,0.02142,2481052.0,
1753461096665,16:31:36.665,ACH/USDT:USDT,0.02142,264.0,0.02143,388.0,0.02142,2481052.0,
1753461096766,16:31:36.766,ACH/USDT:USDT,0.02142,490.0,0.02143,282.0,0.02142,2481052.0,
1753461096900,16:31:36.900,ACH/USDT:USDT,0.02142,535.0,0.02143,166.0,0.02142,2481052.0,
1753461097429,16:31:37.429,ACH/USDT:USDT,0.02142,856.0,0.02143,25.0,0.02142,2481052.0,
1753461097544,16:31:37.544,ACH/USDT:USDT,0.02142,1218.0,0.02144,865.0,0.02142,2481052.0,
1753461097811,16:31:37.811,ACH/USDT:USDT,0.02143,387.0,0.02144,378.0,0.02142,2481052.0,
1753461097914,16:31:37.914,ACH/USDT:USDT,0.02143,387.0,0.02144,272.0,0.02142,2481052.0,
1753461098161,16:31:38.161,ACH/USDT:USDT,0.02143,286.0,0.02144,272.0,0.02142,2481052.0,
1753461098270,16:31:38.270,ACH/USDT:USDT,0.02143,28.0,0.02144,378.0,0.02142,2481052.0,
1753461098517,16:31:38.517,ACH/USDT:USDT,0.02143,28.0,0.02144,578.0,0.02142,2481052.0,
1753461098622,16:31:38.622,ACH/USDT:USDT,0.02143,300.0,0.02144,378.0,0.02142,2481052.0,
1753461098773,16:31:38.773,ACH/USDT:USDT,0.02143,423.0,0.02144,378.0,0.02142,2481052.0,
1753461099317,16:31:39.317,ACH/USDT:USDT,0.02143,423.0,0.02144,272.0,0.02142,2481052.0,
1753461099468,16:31:39.468,ACH/USDT:USDT,0.02143,623.0,0.02144,272.0,0.02142,2481052.0,
1753461099713,16:31:39.713,ACH/USDT:USDT,0.02143,623.0,0.02144,271.0,0.02144,2481053.0,
1753461099813,16:31:39.813,ACH/USDT:USDT,0.02143,749.0,0.02144,156.0,0.02144,2481085.0,
1753461100191,16:31:40.191,ACH/USDT:USDT,0.02143,749.0,0.02144,154.0,0.02144,2481085.0,
1753461100516,16:31:40.516,ACH/USDT:USDT,0.02143,749.0,0.02144,36.0,0.02144,2481085.0,
1753461101221,16:31:41.221,ACH/USDT:USDT,0.02143,749.0,0.02144,37.0,0.02144,2481085.0,
1753461101707,16:31:41.707,ACH/USDT:USDT,0.02143,749.0,0.02144,12.0,0.02144,2481085.0,
1753461102178,16:31:42.178,ACH/USDT:USDT,0.02143,669.0,0.02144,12.0,0.02144,2481085.0,
1753461102279,16:31:42.279,ACH/USDT:USDT,0.02143,722.0,0.02144,12.0,0.02144,2481085.0,
1753461102499,16:31:42.499,ACH/USDT:USDT,0.02143,784.0,0.02145,1252.0,0.02144,2481097.0,
1753461102614,16:31:42.614,ACH/USDT:USDT,0.02144,489.0,0.02145,159.0,0.02144,2481097.0,
1753461102722,16:31:42.722,ACH/USDT:USDT,0.02144,489.0,0.02145,300.0,0.02144,2481097.0,
1753461102829,16:31:42.829,ACH/USDT:USDT,0.02144,610.0,0.02145,300.0,0.02144,2481097.0,
1753461102969,16:31:42.969,ACH/USDT:USDT,0.02144,408.0,0.02145,404.0,0.02144,2481097.0,
1753461103314,16:31:43.314,ACH/USDT:USDT,0.02144,410.0,0.02145,406.0,0.02144,2481097.0,
1753461103424,16:31:43.424,ACH/USDT:USDT,0.02144,289.0,0.02145,406.0,0.02144,2481097.0,
1753461103673,16:31:43.673,ACH/USDT:USDT,0.02144,173.0,0.02145,406.0,0.02144,2481097.0,
1753461103811,16:31:43.811,ACH/USDT:USDT,0.02144,298.0,0.02145,406.0,0.02144,2481097.0,
1753461103917,16:31:43.917,ACH/USDT:USDT,0.02144,27.0,0.02145,406.0,0.02144,2481097.0,
1753461104135,16:31:44.135,ACH/USDT:USDT,0.02144,171.0,0.02145,406.0,0.02144,2481097.0,
1753461104268,16:31:44.268,ACH/USDT:USDT,0.02144,287.0,0.02145,406.0,0.02144,2481097.0,
1753461104379,16:31:44.379,ACH/USDT:USDT,0.02144,746.0,0.02145,406.0,0.02144,2481097.0,
1753461104505,16:31:44.505,ACH/USDT:USDT,0.02144,746.0,0.02145,186.0,0.02144,2481097.0,
1753461105823,16:31:45.823,ACH/USDT:USDT,0.02144,850.0,0.02145,17.0,0.02144,2481097.0,
1753461106194,16:31:46.194,ACH/USDT:USDT,0.02145,555.0,0.02146,198.0,0.02145,2481114.0,
1753461106305,16:31:46.305,ACH/USDT:USDT,0.02145,440.0,0.02146,306.0,0.02145,2481114.0,
1753461106408,16:31:46.408,ACH/USDT:USDT,0.02145,339.0,0.02146,306.0,0.02145,2481114.0,
1753461106513,16:31:46.513,ACH/USDT:USDT,0.02145,25.0,0.02146,306.0,0.02145,2481114.0,
1753461107215,16:31:47.215,ACH/USDT:USDT,0.02145,240.0,0.02146,306.0,0.02145,2481114.0,
1753461107368,16:31:47.368,ACH/USDT:USDT,0.02145,139.0,0.02146,306.0,0.02145,2481114.0,
1753461108608,16:31:48.608,ACH/USDT:USDT,0.02144,620.0,0.02145,120.0,0.02145,2481114.0,
1753461108708,16:31:48.708,ACH/USDT:USDT,0.02144,750.0,0.02145,148.0,0.02145,2481114.0,
1753461108932,16:31:48.932,ACH/USDT:USDT,0.02144,262.0,0.02145,299.0,0.02145,2481114.0,
1753461109207,16:31:49.207,ACH/USDT:USDT,0.02144,361.0,0.02145,148.0,0.02145,2481114.0,
1753461109316,16:31:49.316,ACH/USDT:USDT,0.02144,147.0,0.02145,262.0,0.02145,2481114.0,
1753461109428,16:31:49.428,ACH/USDT:USDT,0.02144,146.0,0.02145,510.0,0.02145,2481114.0,
1753461109529,16:31:49.529,ACH/USDT:USDT,0.02144,29.0,0.02145,411.0,0.02145,2481114.0,
1753461109732,16:31:49.732,ACH/USDT:USDT,0.02144,29.0,0.02145,508.0,0.02145,2481114.0,
1753461109991,16:31:49.991,ACH/USDT:USDT,0.02143,372.0,0.02144,205.0,0.02145,2481114.0,
1753461110111,16:31:50.111,ACH/USDT:USDT,0.02143,691.0,0.02144,235.0,0.02145,2481114.0,
1753461110312,16:31:50.312,ACH/USDT:USDT,0.02143,792.0,0.02144,115.0,0.02145,2481114.0,
1753461110421,16:31:50.421,ACH/USDT:USDT,0.02143,801.0,0.02144,115.0,0.02145,2481114.0,
1753461110768,16:31:50.768,ACH/USDT:USDT,0.02143,270.0,0.02144,379.0,0.02145,2481114.0,
1753461110889,16:31:50.889,ACH/USDT:USDT,0.02143,311.0,0.02144,379.0,0.02145,2481114.0,
1753461111028,16:31:51.028,ACH/USDT:USDT,0.02143,197.0,0.02144,485.0,0.02145,2481114.0,
1753461111131,16:31:51.131,ACH/USDT:USDT,0.02142,1562.0,0.02144,390.0,0.02143,2481117.0,
1753461111269,16:31:51.269,ACH/USDT:USDT,0.02141,504.0,0.02142,154.0,0.02142,2481771.0,
1753461111372,16:31:51.372,ACH/USDT:USDT,0.02141,506.0,0.02142,156.0,0.02142,2481771.0,
1753461111500,16:31:51.500,ACH/USDT:USDT,0.02141,317.0,0.02142,187.0,0.02142,2481771.0,
1753461111602,16:31:51.602,ACH/USDT:USDT,0.02141,319.0,0.02142,189.0,0.02142,2481771.0,
1753461111705,16:31:51.705,ACH/USDT:USDT,0.02141,319.0,0.02142,144.0,0.02142,2481771.0,
1753461111806,16:31:51.806,ACH/USDT:USDT,0.02141,319.0,0.02142,280.0,0.02142,2481771.0,
1753461111909,16:31:51.909,ACH/USDT:USDT,0.02141,273.0,0.02142,144.0,0.02142,2481771.0,
1753461112112,16:31:52.112,ACH/USDT:USDT,0.02141,273.0,0.02142,157.0,0.02142,2481771.0,
1753461112214,16:31:52.214,ACH/USDT:USDT,0.02141,273.0,0.02142,29.0,0.02142,2481771.0,
1753461112442,16:31:52.442,ACH/USDT:USDT,0.02141,273.0,0.02142,435.0,0.02142,2481771.0,
1753461112575,16:31:52.575,ACH/USDT:USDT,0.02141,273.0,0.02142,390.0,0.02142,2481771.0,
1753461112678,16:31:52.678,ACH/USDT:USDT,0.02141,273.0,0.02142,435.0,0.02142,2481771.0,
1753461112906,16:31:52.906,ACH/USDT:USDT,0.02141,121.0,0.02142,532.0,0.02142,2481771.0,
1753461113008,16:31:53.008,ACH/USDT:USDT,0.02141,1.0,0.02142,592.0,0.02142,2481771.0,
1753461113348,16:31:53.348,ACH/USDT:USDT,0.02141,264.0,0.02142,404.0,0.02142,2481771.0,
1753461113912,16:31:53.912,ACH/USDT:USDT,0.02141,264.0,0.02142,546.0,0.02142,2481771.0,
1753461114607,16:31:54.607,ACH/USDT:USDT,0.02141,264.0,0.02142,300.0,0.02142,2481771.0,
1753461114868,16:31:54.868,ACH/USDT:USDT,0.02141,264.0,0.02142,546.0,0.02142,2481771.0,
1753461115007,16:31:55.007,ACH/USDT:USDT,0.02141,143.0,0.02142,546.0,0.02142,2481771.0,
1753461115221,16:31:55.221,ACH/USDT:USDT,0.02141,143.0,0.02142,404.0,0.02142,2481771.0,
1753461115955,16:31:55.955,ACH/USDT:USDT,0.02141,143.0,0.02142,449.0,0.02142,2481771.0,
1753461116291,16:31:56.291,ACH/USDT:USDT,0.02141,143.0,0.02142,546.0,0.02142,2481771.0,
1753461116801,16:31:56.801,ACH/USDT:USDT,0.02141,3.0,0.02142,546.0,0.02142,2481771.0,
1753461116908,16:31:56.908,ACH/USDT:USDT,0.02141,1.0,0.02142,546.0,0.02142,2481771.0,
1753461117214,16:31:57.214,ACH/USDT:USDT,0.02141,1.0,0.02142,792.0,0.02142,2481771.0,
1753461117466,16:31:57.466,ACH/USDT:USDT,0.02141,2.0,0.02142,792.0,0.02142,2481771.0,
1753461118121,16:31:58.121,ACH/USDT:USDT,0.02141,2.0,0.02142,797.0,0.02142,2481771.0,
1753461118609,16:31:58.609,ACH/USDT:USDT,0.02141,2.0,0.02142,798.0,0.02142,2481771.0,
1753461118713,16:31:58.713,ACH/USDT:USDT,0.02141,2.0,0.02142,798.0,0.02142,2481771.0,
1753461118917,16:31:58.917,ACH/USDT:USDT,0.02141,26.0,0.02142,701.0,0.02142,2481771.0,
1753461119066,16:31:59.066,ACH/USDT:USDT,0.02141,2.0,0.02142,798.0,0.02142,2481771.0,
1753461119173,16:31:59.173,ACH/USDT:USDT,0.02141,25.0,0.02142,696.0,0.02142,2481771.0,
1753461119414,16:31:59.414,ACH/USDT:USDT,0.02141,2.0,0.02142,793.0,0.02142,2481771.0,
1753461119912,16:31:59.912,ACH/USDT:USDT,0.02141,29.0,0.02142,793.0,0.02142,2481771.0,
1753461120124,16:32:00.124,ACH/USDT:USDT,0.02141,31.0,0.02142,696.0,0.02142,2477166.0,
1753461120275,16:32:00.275,ACH/USDT:USDT,0.02141,2.0,0.02142,793.0,0.02142,2477166.0,
1753461120506,16:32:00.506,ACH/USDT:USDT,0.02141,2.0,0.02142,689.0,0.02142,2477166.0,
1753461120608,16:32:00.608,ACH/USDT:USDT,0.02141,2.0,0.02142,793.0,0.02142,2477166.0,
1753461120713,16:32:00.713,ACH/USDT:USDT,0.02141,30.0,0.02142,451.0,0.02142,2477166.0,
1753461120921,16:32:00.921,ACH/USDT:USDT,0.02141,417.0,0.02142,301.0,0.02142,2477166.0,
1753461121023,16:32:01.023,ACH/USDT:USDT,0.02141,4.0,0.02142,520.0,0.02142,2477166.0,
1753461121256,16:32:01.256,ACH/USDT:USDT,0.02141,2.0,0.02142,676.0,0.02142,2477166.0,
1753461121580,16:32:01.580,ACH/USDT:USDT,0.02141,32.0,0.02142,676.0,0.02142,2477166.0,
1753461121682,16:32:01.682,ACH/USDT:USDT,0.02141,409.0,0.02142,416.0,0.02142,2477166.0,
1753461121807,16:32:01.807,ACH/USDT:USDT,0.02141,317.0,0.02142,416.0,0.02141,2477169.0,
1753461122015,16:32:02.015,ACH/USDT:USDT,0.02141,317.0,0.02142,416.0,0.02141,2477169.0,
1753461122123,16:32:02.123,ACH/USDT:USDT,0.02141,144.0,0.02142,461.0,0.02141,2477169.0,
1753461122231,16:32:02.231,ACH/USDT:USDT,0.02141,280.0,0.02142,416.0,0.02141,2477169.0,
1753461122372,16:32:02.372,ACH/USDT:USDT,0.02141,411.0,0.02142,416.0,0.02141,2477169.0,
1753461122800,16:32:02.800,ACH/USDT:USDT,0.02141,320.0,0.02142,416.0,0.02141,2477169.0,
1753461123015,16:32:03.015,ACH/USDT:USDT,0.02141,144.0,0.02142,416.0,0.02141,2477169.0,
1753461123170,16:32:03.170,ACH/USDT:USDT,0.0214,965.0,0.02142,770.0,0.02141,2477169.0,
1753461123280,16:32:03.280,ACH/USDT:USDT,0.0214,868.0,0.02142,876.0,0.02141,2477169.0,
1753461123413,16:32:03.413,ACH/USDT:USDT,0.0214,485.0,0.02141,154.0,0.02141,2477169.0,
1753461123524,16:32:03.524,ACH/USDT:USDT,0.0214,485.0,0.02141,307.0,0.02141,2477169.0,
1753461123678,16:32:03.678,ACH/USDT:USDT,0.0214,29.0,0.02141,418.0,0.02141,2477169.0,
1753461123813,16:32:03.813,ACH/USDT:USDT,0.0214,25.0,0.02141,418.0,0.02141,2477169.0,
1753461123914,16:32:03.914,ACH/USDT:USDT,0.0214,25.0,0.02141,307.0,0.02141,2477169.0,
1753461124026,16:32:04.026,ACH/USDT:USDT,0.0214,25.0,0.02141,418.0,0.02141,2477169.0,
1753461124395,16:32:04.395,ACH/USDT:USDT,0.0214,141.0,0.02141,418.0,0.02141,2477169.0,
1753461124508,16:32:04.508,ACH/USDT:USDT,0.0214,141.0,0.02141,307.0,0.02141,2477169.0,
1753461125698,16:32:05.698,ACH/USDT:USDT,0.0214,876.0,0.02142,751.0,0.02141,2477169.0,
1753461125803,16:32:05.803,ACH/USDT:USDT,0.02141,186.0,0.02142,390.0,0.02141,2477169.0,
1753461125911,16:32:05.911,ACH/USDT:USDT,0.02141,277.0,0.02142,390.0,0.02141,2477169.0,
1753461126017,16:32:06.017,ACH/USDT:USDT,0.02141,188.0,0.02142,390.0,0.02141,2477169.0,
1753461126513,16:32:06.513,ACH/USDT:USDT,0.02141,279.0,0.02142,390.0,0.02141,2477169.0,
1753461126615,16:32:06.615,ACH/USDT:USDT,0.02141,328.0,0.02142,169.0,0.02141,2477169.0,
1753461126720,16:32:06.720,ACH/USDT:USDT,0.02141,27.0,0.02142,391.0,0.02141,2477169.0,
1753461126871,16:32:06.871,ACH/USDT:USDT,0.0214,355.0,0.02141,142.0,0.02141,2477169.0,
1753461126972,16:32:06.972,ACH/USDT:USDT,0.0214,381.0,0.02141,211.0,0.02141,2477169.0,
1753461127095,16:32:07.095,ACH/USDT:USDT,0.0214,381.0,0.02141,166.0,0.02141,2477169.0,
1753461127206,16:32:07.206,ACH/USDT:USDT,0.0214,469.0,0.02141,166.0,0.02141,2477169.0,
1753461127569,16:32:07.569,ACH/USDT:USDT,0.0214,475.0,0.02141,166.0,0.02141,2477169.0,
1753461128213,16:32:08.213,ACH/USDT:USDT,0.0214,1101.0,0.02142,439.0,0.02141,2477169.0,
1753461128315,16:32:08.315,ACH/USDT:USDT,0.02141,344.0,0.02142,405.0,0.02141,2477169.0,
1753461128569,16:32:08.569,ACH/USDT:USDT,0.02141,605.0,0.02142,301.0,0.02141,2477169.0,
1753461128692,16:32:08.692,ACH/USDT:USDT,0.02141,605.0,0.02142,183.0,0.02141,2477169.0,
1753461129367,16:32:09.367,ACH/USDT:USDT,0.02141,605.0,0.02142,42.0,0.02141,2477169.0,
1753461129704,16:32:09.704,ACH/USDT:USDT,0.02141,514.0,0.02142,42.0,0.02141,2477169.0,
1753461130113,16:32:10.113,ACH/USDT:USDT,0.02141,605.0,0.02142,42.0,0.02141,2477169.0,
1753461130600,16:32:10.600,ACH/USDT:USDT,0.02141,514.0,0.02142,168.0,0.02141,2477169.0,
1753461130705,16:32:10.705,ACH/USDT:USDT,0.02141,469.0,0.02142,168.0,0.02141,2477169.0,
1753461130806,16:32:10.806,ACH/USDT:USDT,0.02141,469.0,0.02142,274.0,0.02141,2477169.0,
1753461131174,16:32:11.174,ACH/USDT:USDT,0.0214,474.0,0.02141,29.0,0.02141,2477169.0,
1753461131420,16:32:11.420,ACH/USDT:USDT,0.0214,1026.0,0.02142,719.0,0.02141,2477169.0,
1753461131520,16:32:11.520,ACH/USDT:USDT,0.0214,1026.0,0.02142,747.0,0.02141,2477169.0,
1753461131629,16:32:11.629,ACH/USDT:USDT,0.0214,586.0,0.02141,26.0,0.02141,2477169.0,
1753461131747,16:32:11.747,ACH/USDT:USDT,0.0214,370.0,0.02141,142.0,0.02141,2477169.0,
1753461131868,16:32:11.868,ACH/USDT:USDT,0.0214,274.0,0.02141,142.0,0.02141,2477169.0,
1753461131981,16:32:11.981,ACH/USDT:USDT,0.0214,143.0,0.02141,518.0,0.02141,2477169.0,
1753461132080,16:32:12.080,ACH/USDT:USDT,0.0214,35.0,0.02141,520.0,0.02141,2477169.0,
1753461132184,16:32:12.184,ACH/USDT:USDT,0.0214,9.0,0.02141,520.0,0.02141,2477169.0,
1753461132290,16:32:12.290,ACH/USDT:USDT,0.0214,31.0,0.02141,520.0,0.02141,2477169.0,
1753461132405,16:32:12.405,ACH/USDT:USDT,0.0214,31.0,0.02141,409.0,0.02141,2477169.0,
1753461132506,16:32:12.506,ACH/USDT:USDT,0.0214,147.0,0.02141,409.0,0.02141,2477169.0,
1753461132607,16:32:12.607,ACH/USDT:USDT,0.0214,276.0,0.02141,364.0,0.02141,2477169.0,
1753461132707,16:32:12.707,ACH/USDT:USDT,0.0214,276.0,0.02141,409.0,0.02141,2477169.0,
1753461133374,16:32:13.374,ACH/USDT:USDT,0.0214,276.0,0.02141,364.0,0.02141,2477169.0,
1753461133831,16:32:13.831,ACH/USDT:USDT,0.0214,31.0,0.02141,520.0,0.02141,2477169.0,
1753461134111,16:32:14.111,ACH/USDT:USDT,0.0214,31.0,0.02141,720.0,0.02141,2477169.0,
1753461134470,16:32:14.470,ACH/USDT:USDT,0.0214,9.0,0.02141,720.0,0.02141,2477169.0,
1753461135236,16:32:15.236,ACH/USDT:USDT,0.02139,1505.0,0.02141,766.0,0.0214,2477178.0,
1753461135371,16:32:15.371,ACH/USDT:USDT,0.02139,256.0,0.0214,490.0,0.0214,2477178.0,
1753461135591,16:32:15.591,ACH/USDT:USDT,0.02139,239.0,0.0214,603.0,0.0214,2477178.0,
1753461135815,16:32:15.815,ACH/USDT:USDT,0.02139,142.0,0.0214,603.0,0.0214,2477178.0,
1753461136408,16:32:16.408,ACH/USDT:USDT,0.02139,273.0,0.0214,447.0,0.0214,2477178.0,
1753461136515,16:32:16.515,ACH/USDT:USDT,0.02139,273.0,0.0214,308.0,0.0214,2477178.0,
1753461136769,16:32:16.769,ACH/USDT:USDT,0.02139,273.0,0.0214,30.0,0.0214,2477178.0,
1753461137105,16:32:17.105,ACH/USDT:USDT,0.02139,473.0,0.0214,30.0,0.0214,2477178.0,
1753461137667,16:32:17.667,ACH/USDT:USDT,0.02139,473.0,0.0214,153.0,0.0214,2477178.0,
1753461137774,16:32:17.774,ACH/USDT:USDT,0.02139,273.0,0.0214,309.0,0.0214,2477178.0,
1753461137908,16:32:17.908,ACH/USDT:USDT,0.02139,273.0,0.0214,415.0,0.0214,2477178.0,
1753461138017,16:32:18.017,ACH/USDT:USDT,0.02139,142.0,0.0214,415.0,0.0214,2477178.0,
1753461138877,16:32:18.877,ACH/USDT:USDT,0.02139,142.0,0.0214,304.0,0.0214,2477178.0,
1753461139167,16:32:19.167,ACH/USDT:USDT,0.02139,280.0,0.0214,259.0,0.0214,2477178.0,
1753461139613,16:32:19.613,ACH/USDT:USDT,0.02139,280.0,0.0214,153.0,0.0214,2477178.0,
1753461140270,16:32:20.270,ACH/USDT:USDT,0.02139,280.0,0.0214,304.0,0.0214,2477178.0,
1753461140644,16:32:20.644,ACH/USDT:USDT,0.02139,282.0,0.0214,304.0,0.0214,2477178.0,
1753461140781,16:32:20.781,ACH/USDT:USDT,0.02139,282.0,0.0214,304.0,0.0214,2477178.0,
1753461141018,16:32:21.018,ACH/USDT:USDT,0.02139,482.0,0.0214,259.0,0.0214,2477178.0,
1753461141284,16:32:21.284,ACH/USDT:USDT,0.02139,482.0,0.0214,153.0,0.0214,2477178.0,
1753461141516,16:32:21.516,ACH/USDT:USDT,0.02139,573.0,0.0214,30.0,0.0214,2477178.0,
1753461141872,16:32:21.872,ACH/USDT:USDT,0.0214,164.0,0.02141,808.0,0.0214,2477178.0,
1753461141991,16:32:21.991,ACH/USDT:USDT,0.02139,552.0,0.0214,89.0,0.0214,2477178.0,
1753461142099,16:32:22.099,ACH/USDT:USDT,0.02139,486.0,0.0214,116.0,0.0214,2477178.0,
1753461142705,16:32:22.705,ACH/USDT:USDT,0.02139,622.0,0.0214,116.0,0.0214,2477178.0,
1753461143124,16:32:23.124,ACH/USDT:USDT,0.02139,622.0,0.0214,29.0,0.0214,2477178.0,
1753461143341,16:32:23.341,ACH/USDT:USDT,0.0214,416.0,0.02141,382.0,0.0214,2477178.0,
1753461143451,16:32:23.451,ACH/USDT:USDT,0.0214,327.0,0.02141,382.0,0.0214,2477178.0,
1753461143571,16:32:23.571,ACH/USDT:USDT,0.0214,282.0,0.02141,382.0,0.0214,2477178.0,
1753461143912,16:32:23.912,ACH/USDT:USDT,0.0214,618.0,0.02141,156.0,0.0214,2477178.0,
1753461144912,16:32:24.912,ACH/USDT:USDT,0.0214,717.0,0.02141,1.0,0.0214,2477178.0,
1753461145611,16:32:25.611,ACH/USDT:USDT,0.0214,618.0,0.02141,27.0,0.0214,2477178.0,
1753461145719,16:32:25.719,ACH/USDT:USDT,0.0214,527.0,0.02141,29.0,0.0214,2477178.0,
1753461146111,16:32:26.111,ACH/USDT:USDT,0.0214,618.0,0.02141,1.0,0.0214,2477178.0,
1753461146231,16:32:26.231,ACH/USDT:USDT,0.0214,618.0,0.02141,29.0,0.0214,2477178.0,
1753461146807,16:32:26.807,ACH/USDT:USDT,0.0214,618.0,0.02141,1.0,0.0214,2477178.0,
1753461147269,16:32:27.269,ACH/USDT:USDT,0.0214,687.0,0.02141,1.0,0.0214,2477178.0,
1753461147506,16:32:27.506,ACH/USDT:USDT,0.0214,687.0,0.02142,1131.0,0.02141,2477179.0,
1753461147610,16:32:27.610,ACH/USDT:USDT,0.02141,587.0,0.02142,28.0,0.02141,2477179.0,
1753461147713,16:32:27.713,ACH/USDT:USDT,0.02141,716.0,0.02142,28.0,0.02141,2477179.0,
1753461148315,16:32:28.315,ACH/USDT:USDT,0.02141,716.0,0.02142,140.0,0.02141,2477179.0,
1753461148571,16:32:28.571,ACH/USDT:USDT,0.02141,716.0,0.02142,28.0,0.02141,2477179.0,
1753461149759,16:32:29.759,ACH/USDT:USDT,0.02141,268.0,0.02142,140.0,0.02141,2477179.0,
1753461149882,16:32:29.882,ACH/USDT:USDT,0.02141,268.0,0.02142,386.0,0.02141,2477179.0,
1753461150017,16:32:30.017,ACH/USDT:USDT,0.02141,404.0,0.02142,274.0,0.02141,2477179.0,
1753461151418,16:32:31.418,ACH/USDT:USDT,0.02141,407.0,0.02142,274.0,0.02141,2477179.0,
1753461151757,16:32:31.757,ACH/USDT:USDT,0.02141,407.0,0.02142,28.0,0.02141,2477179.0,
1753461153028,16:32:33.028,ACH/USDT:USDT,0.02141,268.0,0.02142,156.0,0.02141,2477179.0,
1753461153130,16:32:33.130,ACH/USDT:USDT,0.02141,268.0,0.02142,307.0,0.02141,2477179.0,
1753461153283,16:32:33.283,ACH/USDT:USDT,0.02141,268.0,0.02142,262.0,0.02141,2477179.0,
1753461154006,16:32:34.006,ACH/USDT:USDT,0.02141,362.0,0.02142,262.0,0.02141,2477179.0,
1753461154108,16:32:34.108,ACH/USDT:USDT,0.02141,407.0,0.02142,28.0,0.02141,2477179.0,
1753461154212,16:32:34.212,ACH/USDT:USDT,0.02141,407.0,0.02142,2.0,0.02141,2477179.0,
1753461154423,16:32:34.423,ACH/USDT:USDT,0.02141,407.0,0.02142,29.0,0.02141,2477179.0,
1753461154568,16:32:34.568,ACH/USDT:USDT,0.02141,407.0,0.02142,31.0,0.02141,2477179.0,
1753461154967,16:32:34.967,ACH/USDT:USDT,0.02141,607.0,0.02142,31.0,0.02141,2477179.0,
1753461156497,16:32:36.497,ACH/USDT:USDT,0.02141,407.0,0.02142,31.0,0.02141,2477179.0,
1753461156914,16:32:36.914,ACH/USDT:USDT,0.02141,407.0,0.02142,2.0,0.02141,2477179.0,
1753461157172,16:32:37.172,ACH/USDT:USDT,0.02141,407.0,0.02142,27.0,0.02141,2477179.0,
1753461157511,16:32:37.511,ACH/USDT:USDT,0.02141,408.0,0.02142,27.0,0.02141,2477179.0,
1753461157768,16:32:37.768,ACH/USDT:USDT,0.02141,608.0,0.02142,27.0,0.02141,2477179.0,
1753461158107,16:32:38.107,ACH/USDT:USDT,0.02141,663.0,0.02142,2.0,0.02141,2477179.0,
1753461158312,16:32:38.312,ACH/USDT:USDT,0.02141,469.0,0.02142,30.0,0.02141,2477179.0,
1753461158822,16:32:38.822,ACH/USDT:USDT,0.02141,608.0,0.02142,30.0,0.02141,2477179.0,
1753461158955,16:32:38.955,ACH/USDT:USDT,0.02141,514.0,0.02142,30.0,0.02141,2477179.0,
1753461159164,16:32:39.164,ACH/USDT:USDT,0.02141,269.0,0.02142,30.0,0.02141,2477179.0,
1753461159410,16:32:39.410,ACH/USDT:USDT,0.02141,269.0,0.02142,136.0,0.02141,2477179.0,
1753461159716,16:32:39.716,ACH/USDT:USDT,0.02141,563.0,0.02142,30.0,0.02141,2477179.0,
1753461160422,16:32:40.422,ACH/USDT:USDT,0.02141,469.0,0.02142,30.0,0.02141,2477179.0,
1753461160575,16:32:40.575,ACH/USDT:USDT,0.02141,269.0,0.02142,259.0,0.02141,2477179.0,
1753461161112,16:32:41.112,ACH/USDT:USDT,0.02141,1.0,0.02142,575.0,0.02141,2477179.0,
1753461161669,16:32:41.669,ACH/USDT:USDT,0.0214,32.0,0.02141,796.0,0.02141,2477180.0,
1753461161814,16:32:41.814,ACH/USDT:USDT,0.0214,130.0,0.02141,950.0,0.02141,2477180.0,
1753461162030,16:32:42.030,ACH/USDT:USDT,0.0214,145.0,0.02141,642.0,0.02141,2477180.0,
1753461162176,16:32:42.176,ACH/USDT:USDT,0.0214,280.0,0.02141,78.0,0.02141,2477180.0,
1753461162309,16:32:42.309,ACH/USDT:USDT,0.0214,282.0,0.02141,80.0,0.02141,2477180.0,
1753461162413,16:32:42.413,ACH/USDT:USDT,0.0214,282.0,0.02141,350.0,0.02141,2477180.0,
1753461162618,16:32:42.618,ACH/USDT:USDT,0.0214,282.0,0.02141,456.0,0.02141,2477180.0,
1753461163094,16:32:43.094,ACH/USDT:USDT,0.0214,28.0,0.02141,456.0,0.02141,2477180.0,
1753461163313,16:32:43.313,ACH/USDT:USDT,0.0214,258.0,0.02141,301.0,0.02141,2477180.0,
1753461163415,16:32:43.415,ACH/USDT:USDT,0.0214,260.0,0.02141,186.0,0.02141,2477180.0,
1753461163519,16:32:43.519,ACH/USDT:USDT,0.0214,354.0,0.02141,80.0,0.02141,2477180.0,
1753461163771,16:32:43.771,ACH/USDT:USDT,0.0214,260.0,0.02141,80.0,0.02141,2477180.0,
1753461164341,16:32:44.341,ACH/USDT:USDT,0.0214,471.0,0.02141,2.0,0.02141,2477235.0,
1753461164453,16:32:44.453,ACH/USDT:USDT,0.02141,418.0,0.02142,394.0,0.02141,2477237.0,
1753461164920,16:32:44.920,ACH/USDT:USDT,0.02141,24.0,0.02142,502.0,0.02141,2477237.0,
1753461165021,16:32:45.021,ACH/USDT:USDT,0.0214,844.0,0.02142,547.0,0.02141,2477237.0,
1753461165171,16:32:45.171,ACH/USDT:USDT,0.0214,488.0,0.02141,29.0,0.02141,2477237.0,
1753461165514,16:32:45.514,ACH/USDT:USDT,0.0214,288.0,0.02141,480.0,0.02141,2477237.0,
1753461165767,16:32:45.767,ACH/USDT:USDT,0.0214,582.0,0.02141,144.0,0.02141,2477237.0,
1753461166021,16:32:46.021,ACH/USDT:USDT,0.0214,582.0,0.02142,1455.0,0.02141,2477237.0,
1753461166255,16:32:46.255,ACH/USDT:USDT,0.02141,160.0,0.02142,576.0,0.02141,2477237.0,
1753461166512,16:32:46.512,ACH/USDT:USDT,0.02141,23.0,0.02142,576.0,0.02141,2477237.0,
1753461166616,16:32:46.616,ACH/USDT:USDT,0.02141,25.0,0.02142,576.0,0.02141,2477237.0,
1753461166965,16:32:46.965,ACH/USDT:USDT,0.02141,260.0,0.02142,576.0,0.02141,2477237.0,
1753461167068,16:32:47.068,ACH/USDT:USDT,0.02141,166.0,0.02142,576.0,0.02141,2477237.0,
1753461167174,16:32:47.174,ACH/USDT:USDT,0.02141,166.0,0.02142,376.0,0.02141,2477237.0,
1753461167307,16:32:47.307,ACH/USDT:USDT,0.02141,164.0,0.02142,376.0,0.02141,2477237.0,
1753461167512,16:32:47.512,ACH/USDT:USDT,0.02141,417.0,0.02142,25.0,0.02141,2477237.0,
1753461167618,16:32:47.618,ACH/USDT:USDT,0.02141,615.0,0.02142,2.0,0.02141,2477237.0,
1753461167772,16:32:47.772,ACH/USDT:USDT,0.02141,673.0,0.02142,2.0,0.02141,2477237.0,
1753461167891,16:32:47.891,ACH/USDT:USDT,0.02141,617.0,0.02142,28.0,0.02141,2477237.0,
1753461167998,16:32:47.998,ACH/USDT:USDT,0.02141,523.0,0.02142,28.0,0.02141,2477237.0,
1753461168214,16:32:48.214,ACH/USDT:USDT,0.02141,617.0,0.02142,28.0,0.02141,2477237.0,
1753461168612,16:32:48.612,ACH/USDT:USDT,0.02141,523.0,0.02142,28.0,0.02141,2477237.0,
1753461168718,16:32:48.718,ACH/USDT:USDT,0.02141,617.0,0.02142,28.0,0.02141,2477237.0,
1753461170818,16:32:50.818,ACH/USDT:USDT,0.02141,617.0,0.02142,2.0,0.02141,2477237.0,
1753461171415,16:32:51.415,ACH/USDT:USDT,0.02141,523.0,0.02142,25.0,0.02141,2477237.0,
1753461171516,16:32:51.516,ACH/USDT:USDT,0.02141,523.0,0.02142,27.0,0.02141,2477237.0,
1753461171633,16:32:51.633,ACH/USDT:USDT,0.02141,617.0,0.02142,27.0,0.02141,2477237.0,
1753461172321,16:32:52.321,ACH/USDT:USDT,0.02141,620.0,0.02142,2.0,0.02141,2477237.0,
1753461172823,16:32:52.823,ACH/USDT:USDT,0.02141,526.0,0.02142,2.0,0.02141,2477237.0,
1753461173408,16:32:53.408,ACH/USDT:USDT,0.02141,620.0,0.02142,2.0,0.02141,2477237.0,
1753461173508,16:32:53.508,ACH/USDT:USDT,0.02141,526.0,0.02142,30.0,0.02141,2477237.0,
1753461173616,16:32:53.616,ACH/USDT:USDT,0.02141,481.0,0.02142,32.0,0.02141,2477237.0,
1753461173767,16:32:53.767,ACH/USDT:USDT,0.02141,620.0,0.02142,2.0,0.02141,2477237.0,
1753461173903,16:32:53.903,ACH/USDT:USDT,0.02141,481.0,0.02142,32.0,0.02141,2477237.0,
1753461174604,16:32:54.604,ACH/USDT:USDT,0.02141,620.0,0.02142,3.0,0.02142,2477238.0,
1753461174713,16:32:54.713,ACH/USDT:USDT,0.02142,126.0,0.02143,1549.0,0.02143,2477250.0,
1753461174815,16:32:54.815,ACH/USDT:USDT,0.02142,128.0,0.02143,562.0,0.02143,2477250.0,
1753461175431,16:32:55.431,ACH/USDT:USDT,0.02141,453.0,0.02142,27.0,0.02143,2477250.0,
1753461175567,16:32:55.567,ACH/USDT:USDT,0.02141,462.0,0.02142,27.0,0.02143,2477250.0,
1753461175806,16:32:55.806,ACH/USDT:USDT,0.02141,556.0,0.02142,27.0,0.02143,2477250.0,
1753461176306,16:32:56.306,ACH/USDT:USDT,0.02141,262.0,0.02142,142.0,0.02143,2477250.0,
1753461176866,16:32:56.866,ACH/USDT:USDT,0.02141,356.0,0.02142,142.0,0.02143,2477250.0,
1753461177414,16:32:57.414,ACH/USDT:USDT,0.02141,356.0,0.02142,27.0,0.02143,2477250.0,
1753461177538,16:32:57.538,ACH/USDT:USDT,0.02141,556.0,0.02142,27.0,0.02143,2477250.0,
1753461177769,16:32:57.769,ACH/USDT:USDT,0.02142,126.0,0.02143,534.0,0.02143,2477250.0,
1753461177911,16:32:57.911,ACH/USDT:USDT,0.02142,128.0,0.02143,562.0,0.02143,2477250.0,
1753461178013,16:32:58.013,ACH/USDT:USDT,0.02141,138.0,0.02142,408.0,0.02143,2477250.0,
1753461178116,16:32:58.116,ACH/USDT:USDT,0.02141,263.0,0.02142,529.0,0.02143,2477250.0,
1753461178235,16:32:58.235,ACH/USDT:USDT,0.02141,371.0,0.02142,486.0,0.02143,2477250.0,
1753461178372,16:32:58.372,ACH/USDT:USDT,0.02141,265.0,0.02142,365.0,0.02143,2477250.0,
1753461178492,16:32:58.492,ACH/USDT:USDT,0.02141,265.0,0.02142,518.0,0.02143,2477250.0,
1753461178608,16:32:58.608,ACH/USDT:USDT,0.02141,148.0,0.02142,797.0,0.02143,2477250.0,
1753461178717,16:32:58.717,ACH/USDT:USDT,0.02141,28.0,0.02142,797.0,0.02143,2477250.0,
1753461178872,16:32:58.872,ACH/USDT:USDT,0.02141,157.0,0.02142,797.0,0.02143,2477250.0,
1753461179467,16:32:59.467,ACH/USDT:USDT,0.02141,157.0,0.02142,689.0,0.02143,2477250.0,
1753461180132,16:33:00.132,ACH/USDT:USDT,0.02141,157.0,0.02142,689.0,0.02143,2474186.0,
1753461180234,16:33:00.234,ACH/USDT:USDT,0.02141,157.0,0.02142,807.0,0.02143,2474186.0,
1753461180610,16:33:00.610,ACH/USDT:USDT,0.02141,157.0,0.02142,689.0,0.02143,2474186.0,
1753461180923,16:33:00.923,ACH/USDT:USDT,0.02141,7.0,0.02142,807.0,0.02143,2474186.0,
1753461181042,16:33:01.042,ACH/USDT:USDT,0.02141,7.0,0.02142,853.0,0.02143,2474186.0,
1753461181167,16:33:01.167,ACH/USDT:USDT,0.0214,1155.0,0.02142,853.0,0.02141,2474193.0,
1753461181280,16:33:01.280,ACH/USDT:USDT,0.0214,273.0,0.02141,629.0,0.02141,2474193.0,
1753461181389,16:33:01.389,ACH/USDT:USDT,0.0214,163.0,0.02141,631.0,0.02141,2474193.0,
1753461181517,16:33:01.517,ACH/USDT:USDT,0.0214,28.0,0.02141,631.0,0.02141,2474193.0,
1753461181624,16:33:01.624,ACH/USDT:USDT,0.0214,139.0,0.02141,631.0,0.02141,2474193.0,
1753461181770,16:33:01.770,ACH/USDT:USDT,0.0214,141.0,0.02141,513.0,0.02141,2474193.0,
1753461181873,16:33:01.873,ACH/USDT:USDT,0.0214,141.0,0.02141,631.0,0.02141,2474193.0,
1753461181977,16:33:01.977,ACH/USDT:USDT,0.02139,1117.0,0.02141,631.0,0.02141,2474193.0,
1753461182079,16:33:02.079,ACH/USDT:USDT,0.02139,591.0,0.0214,25.0,0.02141,2474193.0,
1753461182182,16:33:02.182,ACH/USDT:USDT,0.02139,391.0,0.0214,157.0,0.02141,2474193.0,
1753461182288,16:33:02.288,ACH/USDT:USDT,0.02139,118.0,0.0214,700.0,0.02141,2474193.0,
1753461182414,16:33:02.414,ACH/USDT:USDT,0.02139,280.0,0.0214,700.0,0.02141,2474193.0,
1753461182540,16:33:02.540,ACH/USDT:USDT,0.02139,27.0,0.0214,902.0,0.02141,2474193.0,
1753461182917,16:33:02.917,ACH/USDT:USDT,0.02139,2.0,0.0214,902.0,0.02141,2474193.0,
1753461183377,16:33:03.377,ACH/USDT:USDT,0.02139,27.0,0.0214,902.0,0.02141,2474193.0,
1753461183505,16:33:03.505,ACH/USDT:USDT,0.02139,27.0,0.0214,784.0,0.02141,2474193.0,
1753461183710,16:33:03.710,ACH/USDT:USDT,0.02139,143.0,0.0214,693.0,0.02141,2474193.0,
1753461183812,16:33:03.812,ACH/USDT:USDT,0.02139,277.0,0.0214,389.0,0.02141,2474193.0,
1753461183912,16:33:03.912,ACH/USDT:USDT,0.02139,277.0,0.0214,538.0,0.02141,2474193.0,
1753461184310,16:33:04.310,ACH/USDT:USDT,0.02139,277.0,0.0214,493.0,0.02141,2474193.0,
1753461184411,16:33:04.411,ACH/USDT:USDT,0.02139,277.0,0.0214,376.0,0.02141,2474193.0,
1753461184762,16:33:04.762,ACH/USDT:USDT,0.02139,366.0,0.0214,376.0,0.02141,2474193.0,
1753461184916,16:33:04.916,ACH/USDT:USDT,0.02139,821.0,0.02141,225.0,0.02141,2474193.0,
1753461185029,16:33:05.029,ACH/USDT:USDT,0.0214,26.0,0.02141,452.0,0.02141,2474193.0,
1753461185142,16:33:05.142,ACH/USDT:USDT,0.02139,519.0,0.02141,406.0,0.02141,2474193.0,
1753461185247,16:33:05.247,ACH/USDT:USDT,0.02139,360.0,0.0214,84.0,0.02141,2474193.0,
1753461185352,16:33:05.352,ACH/USDT:USDT,0.02139,360.0,0.0214,28.0,0.02141,2474193.0,
1753461185466,16:33:05.466,ACH/USDT:USDT,0.02139,146.0,0.0214,377.0,0.02141,2474193.0,
1753461185607,16:33:05.607,ACH/USDT:USDT,0.02139,142.0,0.0214,655.0,0.02141,2474193.0,
1753461185711,16:33:05.711,ACH/USDT:USDT,0.02139,30.0,0.0214,657.0,0.02141,2474193.0,
1753461186022,16:33:06.022,ACH/USDT:USDT,0.02139,283.0,0.0214,390.0,0.02141,2474193.0,
1753461186506,16:33:06.506,ACH/USDT:USDT,0.02139,146.0,0.0214,537.0,0.02141,2474193.0,
1753461186708,16:33:06.708,ACH/USDT:USDT,0.02139,30.0,0.0214,657.0,0.02141,2474193.0,
1753461186817,16:33:06.817,ACH/USDT:USDT,0.02139,146.0,0.0214,494.0,0.02141,2474193.0,
1753461186929,16:33:06.929,ACH/USDT:USDT,0.02139,146.0,0.0214,657.0,0.02141,2474193.0,
1753461187204,16:33:07.204,ACH/USDT:USDT,0.02139,372.0,0.0214,274.0,0.02141,2474193.0,
1753461187312,16:33:07.312,ACH/USDT:USDT,0.02139,417.0,0.0214,44.0,0.02141,2474193.0,
1753461187523,16:33:07.523,ACH/USDT:USDT,0.02139,283.0,0.0214,168.0,0.02141,2474193.0,
1753461187623,16:33:07.623,ACH/USDT:USDT,0.02139,283.0,0.0214,284.0,0.02141,2474193.0,
1753461187726,16:33:07.726,ACH/USDT:USDT,0.02139,30.0,0.0214,551.0,0.02141,2474193.0,
1753461188537,16:33:08.537,ACH/USDT:USDT,0.02139,146.0,0.0214,388.0,0.02141,2474193.0,
1753461188863,16:33:08.863,ACH/USDT:USDT,0.02139,146.0,0.0214,551.0,0.02141,2474193.0,
1753461188968,16:33:08.968,ACH/USDT:USDT,0.02139,146.0,0.0214,433.0,0.02141,2474193.0,
1753461189809,16:33:09.809,ACH/USDT:USDT,0.02139,146.0,0.0214,388.0,0.02141,2474193.0,
1753461189913,16:33:09.913,ACH/USDT:USDT,0.02139,2.0,0.0214,549.0,0.02141,2474193.0,
1753461190238,16:33:10.238,ACH/USDT:USDT,0.02139,32.0,0.0214,551.0,0.02141,2474193.0,
1753461190368,16:33:10.368,ACH/USDT:USDT,0.02139,32.0,0.0214,433.0,0.02141,2474193.0,
1753461190483,16:33:10.483,ACH/USDT:USDT,0.02139,32.0,0.0214,751.0,0.02141,2474193.0,
1753461190621,16:33:10.621,ACH/USDT:USDT,0.02139,32.0,0.0214,738.0,0.02141,2474193.0,
1753461190773,16:33:10.773,ACH/USDT:USDT,0.02139,32.0,0.0214,889.0,0.02141,2474193.0,
1753461190904,16:33:10.904,ACH/USDT:USDT,0.02139,2.0,0.0214,889.0,0.02141,2474193.0,
1753461191113,16:33:11.113,ACH/USDT:USDT,0.02138,450.0,0.02139,312.0,0.02139,2474195.0,
1753461191217,16:33:11.217,ACH/USDT:USDT,0.02138,477.0,0.02139,390.0,0.02139,2474195.0,
1753461192315,16:33:12.315,ACH/USDT:USDT,0.02138,477.0,0.02139,28.0,0.02139,2474195.0,
1753461192691,16:33:12.691,ACH/USDT:USDT,0.02138,477.0,0.0214,1981.0,0.0214,2474234.0,
1753461192806,16:33:12.806,ACH/USDT:USDT,0.02138,523.0,0.02139,27.0,0.0214,2474234.0,
1753461193911,16:33:13.911,ACH/USDT:USDT,0.02138,612.0,0.02139,27.0,0.0214,2474234.0,
1753461194117,16:33:14.117,ACH/USDT:USDT,0.02139,136.0,0.0214,770.0,0.0214,2474234.0,
1753461194270,16:33:14.270,ACH/USDT:USDT,0.02138,851.0,0.0214,960.0,0.0214,2474234.0,
1753461194406,16:33:14.406,ACH/USDT:USDT,0.02138,581.0,0.02139,25.0,0.0214,2474234.0,
1753461194506,16:33:14.506,ACH/USDT:USDT,0.02138,525.0,0.02139,25.0,0.0214,2474234.0,
1753461194715,16:33:14.715,ACH/USDT:USDT,0.02138,525.0,0.02139,25.0,0.0214,2474234.0,
1753461194951,16:33:14.951,ACH/USDT:USDT,0.02139,119.0,0.0214,770.0,0.0214,2474234.0,
1753461195098,16:33:15.098,ACH/USDT:USDT,0.02139,301.0,0.0214,551.0,0.0214,2474234.0,
1753461195206,16:33:15.206,ACH/USDT:USDT,0.02139,258.0,0.0214,551.0,0.0214,2474234.0,
1753461195307,16:33:15.307,ACH/USDT:USDT,0.02139,26.0,0.0214,669.0,0.0214,2474234.0,
1753461195572,16:33:15.572,ACH/USDT:USDT,0.02138,477.0,0.02139,25.0,0.0214,2474234.0,
1753461195699,16:33:15.699,ACH/USDT:USDT,0.02138,479.0,0.02139,150.0,0.0214,2474234.0,
1753461195808,16:33:15.808,ACH/USDT:USDT,0.02138,479.0,0.02139,25.0,0.0214,2474234.0,
1753461195911,16:33:15.911,ACH/USDT:USDT,0.02138,479.0,0.02139,27.0,0.0214,2474234.0,
1753461196115,16:33:16.115,ACH/USDT:USDT,0.02138,279.0,0.02139,269.0,0.0214,2474234.0,
1753461196217,16:33:16.217,ACH/USDT:USDT,0.02138,279.0,0.02139,418.0,0.0214,2474234.0,
1753461196816,16:33:16.816,ACH/USDT:USDT,0.02138,275.0,0.02139,418.0,0.0214,2474234.0,
1753461197031,16:33:17.031,ACH/USDT:USDT,0.02138,2.0,0.02139,464.0,0.0214,2474234.0,
1753461197362,16:33:17.362,ACH/USDT:USDT,0.02138,2.0,0.02139,664.0,0.0214,2474234.0,
1753461197569,16:33:17.569,ACH/USDT:USDT,0.02138,3.0,0.02139,664.0,0.0214,2474234.0,
1753461198124,16:33:18.124,ACH/USDT:USDT,0.02138,3.0,0.02139,669.0,0.0214,2474234.0,
1753461198268,16:33:18.268,ACH/USDT:USDT,0.02138,30.0,0.02139,460.0,0.0214,2474234.0,
1753461198369,16:33:18.369,ACH/USDT:USDT,0.02138,3.0,0.02139,623.0,0.0214,2474234.0,
1753461198605,16:33:18.605,ACH/USDT:USDT,0.02138,27.0,0.02139,460.0,0.0214,2474234.0,
1753461198814,16:33:18.814,ACH/USDT:USDT,0.02138,284.0,0.02139,260.0,0.0214,2474234.0,
1753461199183,16:33:19.183,ACH/USDT:USDT,0.02138,284.0,0.02139,255.0,0.0214,2474234.0,
1753461199293,16:33:19.293,ACH/USDT:USDT,0.02138,27.0,0.02139,535.0,0.0214,2474234.0,
1753461199404,16:33:19.404,ACH/USDT:USDT,0.02138,27.0,0.02139,735.0,0.0214,2474234.0,
1753461199514,16:33:19.514,ACH/USDT:USDT,0.02138,27.0,0.02139,535.0,0.0214,2474234.0,
1753461199617,16:33:19.617,ACH/USDT:USDT,0.02138,27.0,0.02139,417.0,0.0214,2474234.0,
1753461199819,16:33:19.819,ACH/USDT:USDT,0.02138,27.0,0.02139,372.0,0.0214,2474234.0,
1753461199973,16:33:19.973,ACH/USDT:USDT,0.02138,267.0,0.02139,372.0,0.0214,2474234.0,
1753461200218,16:33:20.218,ACH/USDT:USDT,0.02138,150.0,0.02139,372.0,0.0214,2474234.0,
1753461200934,16:33:20.934,ACH/USDT:USDT,0.02138,401.0,0.02139,151.0,0.0214,2474234.0,
1753461201067,16:33:21.067,ACH/USDT:USDT,0.02138,401.0,0.02139,27.0,0.0214,2474234.0,
1753461201169,16:33:21.169,ACH/USDT:USDT,0.02138,267.0,0.02139,27.0,0.0214,2474234.0,
1753461201279,16:33:21.279,ACH/USDT:USDT,0.02138,356.0,0.02139,27.0,0.0214,2474234.0,
1753461201383,16:33:21.383,ACH/USDT:USDT,0.02138,601.0,0.02139,27.0,0.0214,2474234.0,
1753461201489,16:33:21.489,ACH/USDT:USDT,0.02138,601.0,0.02139,2.0,0.0214,2474234.0,
1753461201600,16:33:21.600,ACH/USDT:USDT,0.02139,23.0,0.0214,534.0,0.0214,2474234.0,
1753461201709,16:33:21.709,ACH/USDT:USDT,0.02139,25.0,0.0214,549.0,0.0214,2474234.0,
1753461201809,16:33:21.809,ACH/USDT:USDT,0.02139,364.0,0.0214,549.0,0.0214,2474234.0,
1753461201914,16:33:21.914,ACH/USDT:USDT,0.02139,275.0,0.0214,549.0,0.0214,2474234.0,
1753461202170,16:33:22.170,ACH/USDT:USDT,0.02139,158.0,0.0214,549.0,0.0214,2474234.0,
1753461202299,16:33:22.299,ACH/USDT:USDT,0.02139,247.0,0.0214,510.0,0.0214,2474273.0,
1753461202405,16:33:22.405,ACH/USDT:USDT,0.02139,158.0,0.0214,510.0,0.0214,2474273.0,
1753461202507,16:33:22.507,ACH/USDT:USDT,0.02139,292.0,0.0214,510.0,0.0214,2474273.0,
1753461203110,16:33:23.110,ACH/USDT:USDT,0.02139,203.0,0.0214,510.0,0.0214,2474273.0,
1753461203227,16:33:23.227,ACH/USDT:USDT,0.02139,292.0,0.0214,510.0,0.0214,2474273.0,
1753461203460,16:33:23.460,ACH/USDT:USDT,0.02139,156.0,0.0214,510.0,0.0214,2474273.0,
1753461203569,16:33:23.569,ACH/USDT:USDT,0.02139,25.0,0.0214,510.0,0.0214,2474273.0,
1753461204007,16:33:24.007,ACH/USDT:USDT,0.02139,114.0,0.0214,510.0,0.0214,2474273.0,
1753461204214,16:33:24.214,ACH/USDT:USDT,0.02138,941.0,0.0214,918.0,0.0214,2474273.0,
1753461204453,16:33:24.453,ACH/USDT:USDT,0.02138,578.0,0.02139,40.0,0.0214,2474273.0,
1753461204675,16:33:24.675,ACH/USDT:USDT,0.02138,489.0,0.02139,40.0,0.0214,2474273.0,
1753461204913,16:33:24.913,ACH/USDT:USDT,0.02138,487.0,0.02139,40.0,0.0214,2474273.0,
