timestamp,time,symbol,bid1_price,bid1_volume,bid2_price,bid2_volume,ask1_price,ask1_volume,ask2_price,ask2_volume
1753504005717,04:26:45.717,ALGO/USDT:USDT,0.2692,2859.4,0.2691,74750.9,0.2693,188283.9,0.2694,111274.8
1753504005769,04:26:45.769,ALGO/USDT:USDT,0.2692,2859.4,0.2691,74750.9,0.2693,188283.9,0.2694,111274.8
1753504005881,04:26:45.881,ALGO/USDT:USDT,0.2692,2859.4,0.2691,74750.9,0.2693,188283.9,0.2694,111274.8
1753504006060,04:26:46.060,ALGO/USDT:USDT,0.2692,2859.4,0.2691,74750.9,0.2693,188283.9,0.2694,111274.8
1753504006459,04:26:46.459,ALGO/USDT:USDT,0.2692,2790.4,0.2691,73550.9,0.2693,188283.9,0.2694,110903.4
1753504006616,04:26:46.616,ALGO/USDT:USDT,0.2692,2790.4,0.2691,72380.9,0.2693,189591.8,0.2694,110903.4
1753504006717,04:26:46.717,ALGO/USDT:USDT,0.2692,2790.4,0.2691,72380.9,0.2693,189591.8,0.2694,110903.4
1753504006859,04:26:46.859,ALGO/USDT:USDT,0.2692,2790.4,0.2691,72380.9,0.2693,189591.8,0.2694,110903.4
1753504007090,04:26:47.090,ALGO/USDT:USDT,0.2692,2790.4,0.2691,72380.9,0.2693,189591.8,0.2694,110903.4
1753504007260,04:26:47.260,ALGO/USDT:USDT,0.2692,2790.4,0.2691,72380.9,0.2693,189591.8,0.2694,110903.4
1753504007397,04:26:47.397,ALGO/USDT:USDT,0.2692,2705.4,0.2691,72380.9,0.2693,189591.8,0.2694,110903.4
1753504007526,04:26:47.526,ALGO/USDT:USDT,0.2692,2705.4,0.2691,72380.9,0.2693,189591.8,0.2694,110903.4
1753504007639,04:26:47.639,ALGO/USDT:USDT,0.2692,2705.4,0.2691,72380.9,0.2693,189591.8,0.2694,110903.4
1753504007815,04:26:47.815,ALGO/USDT:USDT,0.2692,2705.4,0.2691,72361.3,0.2693,189591.8,0.2694,110903.4
1753504007927,04:26:47.927,ALGO/USDT:USDT,0.2692,2705.4,0.2691,72361.3,0.2693,189591.8,0.2694,110903.4
1753504008043,04:26:48.043,ALGO/USDT:USDT,0.2692,2705.4,0.2691,72361.3,0.2693,189591.8,0.2694,110903.4
1753504008175,04:26:48.175,ALGO/USDT:USDT,0.2692,2705.4,0.2691,72361.3,0.2693,189591.8,0.2694,110903.4
1753504008327,04:26:48.327,ALGO/USDT:USDT,0.2692,2705.4,0.2691,72361.3,0.2693,189591.8,0.2694,110903.4
1753504008460,04:26:48.460,ALGO/USDT:USDT,0.2692,2705.4,0.2691,72239.2,0.2693,189862.2,0.2694,110903.4
1753504008565,04:26:48.565,ALGO/USDT:USDT,0.2691,44940.3,0.269,85254.3,0.2692,33832.9,0.2693,214401.3
1753504008668,04:26:48.668,ALGO/USDT:USDT,0.2691,43535.7,0.269,85254.3,0.2692,33522.8,0.2693,214929.8
1753504008771,04:26:48.771,ALGO/USDT:USDT,0.2691,45057.7,0.269,85254.3,0.2692,33522.8,0.2693,210504.0
1753504008902,04:26:48.902,ALGO/USDT:USDT,0.2691,45057.7,0.269,85254.3,0.2692,33522.8,0.2693,210504.0
1753504009005,04:26:49.005,ALGO/USDT:USDT,0.2691,45057.7,0.269,85254.3,0.2692,33522.8,0.2693,210504.0
1753504009126,04:26:49.126,ALGO/USDT:USDT,0.2691,45057.7,0.269,85254.3,0.2692,33482.0,0.2693,210504.0
1753504009228,04:26:49.228,ALGO/USDT:USDT,0.2691,45057.7,0.269,85254.3,0.2692,33482.0,0.2693,210504.0
1753504009382,04:26:49.382,ALGO/USDT:USDT,0.2691,45057.7,0.269,85254.3,0.2692,33482.0,0.2693,210504.0
1753504009502,04:26:49.502,ALGO/USDT:USDT,0.2691,46246.3,0.269,84084.3,0.2692,33789.5,0.2693,186901.9
1753504009659,04:26:49.659,ALGO/USDT:USDT,0.2691,48418.4,0.269,84084.3,0.2692,33789.5,0.2693,186901.9
1753504009800,04:26:49.800,ALGO/USDT:USDT,0.2691,51544.5,0.269,84084.3,0.2692,33789.5,0.2693,186901.9
1753504009926,04:26:49.926,ALGO/USDT:USDT,0.2691,51544.5,0.269,84084.3,0.2692,33789.5,0.2693,186901.9
1753504010029,04:26:50.029,ALGO/USDT:USDT,0.2691,51544.5,0.269,84084.3,0.2692,33789.5,0.2693,186901.9
1753504010302,04:26:50.302,ALGO/USDT:USDT,0.2691,51544.5,0.269,84084.3,0.2692,33789.5,0.2693,186901.9
1753504010459,04:26:50.459,ALGO/USDT:USDT,0.2691,51544.5,0.269,84084.3,0.2692,33789.4,0.2693,186901.9
1753504010602,04:26:50.602,ALGO/USDT:USDT,0.2691,51544.5,0.269,84084.3,0.2692,33789.4,0.2693,186901.9
1753504010704,04:26:50.704,ALGO/USDT:USDT,0.2691,51544.5,0.269,84084.3,0.2692,33789.4,0.2693,63605.5
1753504010847,04:26:50.847,ALGO/USDT:USDT,0.2691,50186.6,0.269,84455.4,0.2692,33789.4,0.2693,184711.2
1753504010953,04:26:50.953,ALGO/USDT:USDT,0.2691,51522.9,0.269,84455.4,0.2692,33789.4,0.2693,184711.2
1753504011126,04:26:51.126,ALGO/USDT:USDT,0.2691,51522.9,0.269,84455.4,0.2692,33789.4,0.2693,184711.2
1753504011237,04:26:51.237,ALGO/USDT:USDT,0.2691,51522.9,0.269,84455.4,0.2692,33789.4,0.2693,184711.2
1753504011470,04:26:51.470,ALGO/USDT:USDT,0.2691,51522.9,0.269,84455.4,0.2692,29617.2,0.2693,184711.2
1753504011628,04:26:51.628,ALGO/USDT:USDT,0.2691,51522.9,0.269,84455.4,0.2692,29617.2,0.2693,184711.2
1753504011802,04:26:51.802,ALGO/USDT:USDT,0.2691,51522.9,0.269,84455.4,0.2692,29617.2,0.2693,184711.2
1753504011911,04:26:51.911,ALGO/USDT:USDT,0.2691,51522.9,0.269,86363.4,0.2692,29550.1,0.2693,184711.2
1753504012027,04:26:52.027,ALGO/USDT:USDT,0.2692,3200.6,0.2691,77984.3,0.2693,182564.4,0.2694,126302.9
1753504012131,04:26:52.131,ALGO/USDT:USDT,0.2691,49250.5,0.269,84011.6,0.2692,26259.5,0.2693,189230.8
1753504012267,04:26:52.267,ALGO/USDT:USDT,0.2691,49250.5,0.269,84011.6,0.2692,26321.1,0.2693,189291.9
1753504012402,04:26:52.402,ALGO/USDT:USDT,0.2691,49250.5,0.269,84011.6,0.2692,26321.1,0.2693,189291.9
1753504012547,04:26:52.547,ALGO/USDT:USDT,0.2691,49250.5,0.269,84011.6,0.2692,26321.1,0.2693,189291.9
1753504012726,04:26:52.726,ALGO/USDT:USDT,0.2691,49250.5,0.269,84011.6,0.2692,26321.1,0.2693,189291.9
1753504012827,04:26:52.827,ALGO/USDT:USDT,0.2691,49250.5,0.269,84011.6,0.2692,26321.1,0.2693,189291.9
1753504012961,04:26:52.961,ALGO/USDT:USDT,0.2691,51459.8,0.269,84011.6,0.2692,26339.7,0.2693,189291.9
1753504013067,04:26:53.067,ALGO/USDT:USDT,0.2691,51459.8,0.269,84011.6,0.2692,26339.7,0.2693,184686.7
1753504013259,04:26:53.259,ALGO/USDT:USDT,0.2691,51459.8,0.269,84011.6,0.2692,26339.7,0.2693,184686.7
1753504013397,04:26:53.397,ALGO/USDT:USDT,0.2691,33269.1,0.269,84011.6,0.2692,26339.7,0.2693,183350.4
1753504013526,04:26:53.526,ALGO/USDT:USDT,0.2691,33269.1,0.269,83268.6,0.2692,26339.7,0.2693,183350.4
1753504013659,04:26:53.659,ALGO/USDT:USDT,0.2691,33269.1,0.269,83268.6,0.2692,26339.7,0.2693,183350.4
1753504013761,04:26:53.761,ALGO/USDT:USDT,0.2691,35441.2,0.269,83268.6,0.2692,26339.7,0.2693,183350.4
1753504013897,04:26:53.897,ALGO/USDT:USDT,0.2691,35441.2,0.269,83268.6,0.2692,26339.7,0.2693,183350.4
1753504014000,04:26:54.000,ALGO/USDT:USDT,0.2691,35441.2,0.269,83268.6,0.2692,26339.7,0.2693,183350.4
1753504014443,04:26:54.443,ALGO/USDT:USDT,0.2691,50459.8,0.269,83628.2,0.2692,26338.7,0.2693,183350.4
1753504014565,04:26:54.565,ALGO/USDT:USDT,0.2691,50645.5,0.269,83628.2,0.2692,26338.7,0.2693,183350.4
1753504014702,04:26:54.702,ALGO/USDT:USDT,0.2691,50645.5,0.269,83268.6,0.2692,26338.7,0.2693,66350.2
1753504014805,04:26:54.805,ALGO/USDT:USDT,0.2691,50645.5,0.269,83268.6,0.2692,26338.7,0.2693,66350.2
1753504014914,04:26:54.914,ALGO/USDT:USDT,0.2691,50645.5,0.269,83639.6,0.2692,26338.7,0.2693,183350.4
1753504015047,04:26:55.047,ALGO/USDT:USDT,0.2691,50645.5,0.269,83639.6,0.2692,26338.7,0.2693,183350.4
1753504015260,04:26:55.260,ALGO/USDT:USDT,0.2691,50645.5,0.269,83639.6,0.2692,26338.7,0.2693,183350.4
1753504015369,04:26:55.369,ALGO/USDT:USDT,0.2691,50645.5,0.269,83268.6,0.2692,26338.7,0.2693,183350.4
1753504015478,04:26:55.478,ALGO/USDT:USDT,0.2691,50645.5,0.269,83268.6,0.2692,26358.3,0.2693,183350.4
1753504015638,04:26:55.638,ALGO/USDT:USDT,0.2691,50645.5,0.269,83639.7,0.2692,26358.3,0.2693,183350.4
1753504015891,04:26:55.891,ALGO/USDT:USDT,0.2691,50645.5,0.269,84010.8,0.2692,26358.3,0.2693,185258.4
1753504016015,04:26:56.015,ALGO/USDT:USDT,0.2691,50645.5,0.269,84010.8,0.2692,26323.6,0.2693,185258.4
1753504016213,04:26:56.213,ALGO/USDT:USDT,0.2691,50645.5,0.269,84010.8,0.2692,26323.6,0.2693,185258.4
1753504016326,04:26:56.326,ALGO/USDT:USDT,0.2691,50645.5,0.269,84010.8,0.2692,26323.6,0.2693,185258.4
1753504016429,04:26:56.429,ALGO/USDT:USDT,0.2691,50645.5,0.269,84010.8,0.2692,26323.6,0.2693,185258.4
1753504016564,04:26:56.564,ALGO/USDT:USDT,0.2691,50645.5,0.269,84010.8,0.2692,26323.6,0.2693,185258.4
1753504016726,04:26:56.726,ALGO/USDT:USDT,0.2691,50645.5,0.269,84010.8,0.2692,26323.6,0.2693,185258.4
1753504016859,04:26:56.859,ALGO/USDT:USDT,0.2691,50645.5,0.269,84010.8,0.2692,26323.6,0.2693,185258.4
1753504017019,04:26:57.019,ALGO/USDT:USDT,0.2691,49475.5,0.269,85180.8,0.2692,26323.6,0.2693,186158.4
1753504017122,04:26:57.122,ALGO/USDT:USDT,0.2691,49475.5,0.269,85180.8,0.2692,26323.6,0.2693,186158.4
1753504017228,04:26:57.228,ALGO/USDT:USDT,0.2691,49475.5,0.269,85180.8,0.2692,26323.6,0.2693,69158.2
1753504017367,04:26:57.367,ALGO/USDT:USDT,0.2691,49475.5,0.269,85911.8,0.2692,26323.6,0.2693,186158.4
1753504017502,04:26:57.502,ALGO/USDT:USDT,0.2691,49475.5,0.269,85540.4,0.2692,26323.6,0.2693,186158.4
1753504017659,04:26:57.659,ALGO/USDT:USDT,0.2691,49475.5,0.269,85540.4,0.2692,26323.6,0.2693,186158.4
1753504017778,04:26:57.778,ALGO/USDT:USDT,0.2691,49475.5,0.269,85540.4,0.2692,26323.6,0.2693,186158.4
1753504017907,04:26:57.907,ALGO/USDT:USDT,0.2691,49844.5,0.269,106081.7,0.2692,80.2,0.2693,184250.4
1753504018022,04:26:58.022,ALGO/USDT:USDT,0.2692,26515.5,0.2691,95267.5,0.2693,168757.7,0.2694,127379.4
1753504018126,04:26:58.126,ALGO/USDT:USDT,0.2692,24871.5,0.2691,88963.8,0.2693,168819.0,0.2694,127379.4
1753504018256,04:26:58.256,ALGO/USDT:USDT,0.2692,24871.5,0.2691,80354.6,0.2693,165393.2,0.2694,132134.7
1753504018382,04:26:58.382,ALGO/USDT:USDT,0.2692,24846.1,0.2691,80354.6,0.2693,165393.2,0.2694,132134.7
1753504018489,04:26:58.489,ALGO/USDT:USDT,0.2692,24846.1,0.2691,80354.6,0.2693,165393.2,0.2694,135837.3
1753504018595,04:26:58.595,ALGO/USDT:USDT,0.2692,24846.1,0.2691,80354.6,0.2693,165393.2,0.2694,135837.3
1753504018704,04:26:58.704,ALGO/USDT:USDT,0.2692,24846.1,0.2691,80354.6,0.2693,165393.2,0.2694,135837.3
1753504018809,04:26:58.809,ALGO/USDT:USDT,0.2692,24864.7,0.2691,80354.6,0.2693,166089.4,0.2694,135837.1
1753504018914,04:26:58.914,ALGO/USDT:USDT,0.2692,26208.9,0.2691,80354.6,0.2693,164753.1,0.2694,135837.1
1753504019029,04:26:59.029,ALGO/USDT:USDT,0.2692,26208.9,0.2691,80354.6,0.2693,164753.1,0.2694,113413.8
1753504019145,04:26:59.145,ALGO/USDT:USDT,0.2692,29063.4,0.2691,80354.6,0.2693,164753.1,0.2694,113413.8
1753504019378,04:26:59.378,ALGO/USDT:USDT,0.2692,30399.7,0.2691,80380.7,0.2693,37819.2,0.2694,119531.2
1753504019486,04:26:59.486,ALGO/USDT:USDT,0.2692,24891.2,0.2691,80380.7,0.2693,95102.1,0.2694,119531.2
1753504019587,04:26:59.587,ALGO/USDT:USDT,0.2692,24891.2,0.2691,80380.7,0.2693,119168.3,0.2694,119531.2
1753504019702,04:26:59.702,ALGO/USDT:USDT,0.2692,24891.2,0.2691,80380.7,0.2693,125110.4,0.2694,119531.2
1753504019822,04:26:59.822,ALGO/USDT:USDT,0.2692,24891.2,0.2691,80380.7,0.2693,125110.4,0.2694,119531.2
1753504019925,04:26:59.925,ALGO/USDT:USDT,0.2692,24891.2,0.2691,80380.7,0.2693,125110.4,0.2694,119531.2
1753504020051,04:27:00.051,ALGO/USDT:USDT,0.2692,24891.2,0.2691,80380.7,0.2693,125110.4,0.2694,119531.2
1753504020175,04:27:00.175,ALGO/USDT:USDT,0.2692,24891.2,0.2691,80380.7,0.2693,125110.4,0.2694,119531.2
1753504020323,04:27:00.323,ALGO/USDT:USDT,0.2692,24891.2,0.2691,80380.7,0.2693,125110.4,0.2694,119531.2
1753504020428,04:27:00.428,ALGO/USDT:USDT,0.2692,24891.2,0.2691,80380.7,0.2693,125110.4,0.2694,119531.2
1753504020538,04:27:00.538,ALGO/USDT:USDT,0.2692,24872.6,0.2691,80380.7,0.2693,122474.4,0.2694,119531.2
1753504020641,04:27:00.641,ALGO/USDT:USDT,0.2692,26227.5,0.2691,80380.7,0.2693,122474.4,0.2694,119531.2
1753504020743,04:27:00.743,ALGO/USDT:USDT,0.2692,26227.5,0.2691,80380.7,0.2693,122474.4,0.2694,119531.2
1753504020859,04:27:00.859,ALGO/USDT:USDT,0.2692,26208.9,0.2691,80380.7,0.2693,122474.4,0.2694,119531.2
1753504020978,04:27:00.978,ALGO/USDT:USDT,0.2692,1410.8,0.2691,76491.0,0.2693,126001.4,0.2694,119531.2
1753504021097,04:27:01.097,ALGO/USDT:USDT,0.2692,1410.8,0.2691,77661.0,0.2693,127281.5,0.2694,119531.2
1753504021204,04:27:01.204,ALGO/USDT:USDT,0.2692,1410.8,0.2691,77661.0,0.2693,127281.5,0.2694,119531.2
1753504021324,04:27:01.324,ALGO/USDT:USDT,0.2692,1410.8,0.2691,77661.0,0.2693,127281.5,0.2694,119531.2
1753504021427,04:27:01.427,ALGO/USDT:USDT,0.2692,1410.8,0.2691,77661.0,0.2693,123754.5,0.2694,119531.2
1753504021548,04:27:01.548,ALGO/USDT:USDT,0.2692,1410.8,0.2691,77661.0,0.2693,123754.5,0.2694,119531.2
1753504021660,04:27:01.660,ALGO/USDT:USDT,0.2692,1410.8,0.2691,77661.0,0.2693,123754.5,0.2694,119531.2
1753504021764,04:27:01.764,ALGO/USDT:USDT,0.2692,1410.8,0.2691,77661.0,0.2693,123754.5,0.2694,119531.2
1753504021870,04:27:01.870,ALGO/USDT:USDT,0.2692,21417.7,0.2691,77661.0,0.2693,37799.6,0.2694,119531.2
1753504021979,04:27:01.979,ALGO/USDT:USDT,0.2692,21417.7,0.2691,77661.0,0.2693,123316.5,0.2694,119531.2
1753504022102,04:27:02.102,ALGO/USDT:USDT,0.2692,21417.7,0.2691,77661.0,0.2693,123316.5,0.2694,119531.2
1753504022226,04:27:02.226,ALGO/USDT:USDT,0.2692,37399.1,0.2691,77661.0,0.2693,123316.5,0.2694,119531.2
1753504022337,04:27:02.337,ALGO/USDT:USDT,0.2692,37399.1,0.2691,77661.0,0.2693,123316.5,0.2694,119531.2
1753504022452,04:27:02.452,ALGO/USDT:USDT,0.2692,37399.1,0.2691,77661.0,0.2693,123316.5,0.2694,119531.2
1753504022761,04:27:02.761,ALGO/USDT:USDT,0.2694,4872.8,0.2693,74145.7,0.2695,101530.9,0.2696,159683.6
1753504022868,04:27:02.868,ALGO/USDT:USDT,0.2694,4872.8,0.2693,71955.0,0.2695,55964.9,0.2696,153447.4
1753504022981,04:27:02.981,ALGO/USDT:USDT,0.2694,3475.2,0.2693,71955.0,0.2695,55964.9,0.2696,152838.7
1753504023083,04:27:03.083,ALGO/USDT:USDT,0.2694,3555.1,0.2693,71955.0,0.2695,55983.5,0.2696,156541.3
1753504023196,04:27:03.196,ALGO/USDT:USDT,0.2694,8186.6,0.2693,71955.0,0.2695,69241.3,0.2696,154294.4
1753504023304,04:27:03.304,ALGO/USDT:USDT,0.2694,9504.3,0.2693,76716.5,0.2695,69241.3,0.2696,154294.4
1753504023436,04:27:03.436,ALGO/USDT:USDT,0.2694,9522.9,0.2693,76716.5,0.2695,55612.4,0.2696,154294.4
1753504023545,04:27:03.545,ALGO/USDT:USDT,0.2694,10241.8,0.2693,72815.2,0.2695,26289.6,0.2696,153923.3
1753504023660,04:27:03.660,ALGO/USDT:USDT,0.2694,10241.8,0.2693,79375.4,0.2695,23088.2,0.2696,145679.0
1753504023776,04:27:03.776,ALGO/USDT:USDT,0.2694,28893.8,0.2693,79375.4,0.2695,23088.2,0.2696,142426.0
1753504023877,04:27:03.877,ALGO/USDT:USDT,0.2694,31103.1,0.2693,85209.4,0.2695,23088.2,0.2696,138646.0
1753504023980,04:27:03.980,ALGO/USDT:USDT,0.2694,31103.1,0.2693,86508.8,0.2695,23088.2,0.2696,138646.0
1753504024129,04:27:04.129,ALGO/USDT:USDT,0.2694,47084.5,0.2693,86508.8,0.2695,23088.2,0.2696,138646.0
1753504024242,04:27:04.242,ALGO/USDT:USDT,0.2694,28912.4,0.2693,86508.8,0.2695,23088.2,0.2696,138646.0
1753504024351,04:27:04.351,ALGO/USDT:USDT,0.2694,28912.4,0.2693,86508.8,0.2695,23088.2,0.2696,138646.0
1753504024454,04:27:04.454,ALGO/USDT:USDT,0.2694,28912.4,0.2693,86508.8,0.2695,23088.2,0.2696,138646.0
1753504024564,04:27:04.564,ALGO/USDT:USDT,0.2694,28912.4,0.2693,86508.8,0.2695,23134.2,0.2696,138646.0
1753504024683,04:27:04.683,ALGO/USDT:USDT,0.2694,28912.4,0.2693,86508.8,0.2695,23134.2,0.2696,138646.0
1753504024800,04:27:04.800,ALGO/USDT:USDT,0.2694,28912.4,0.2693,86508.8,0.2695,23134.2,0.2696,138646.0
1753504024913,04:27:04.913,ALGO/USDT:USDT,0.2694,28912.4,0.2693,86508.8,0.2695,23134.2,0.2696,138646.0
1753504025015,04:27:05.015,ALGO/USDT:USDT,0.2694,28931.9,0.2693,86508.8,0.2695,23134.2,0.2696,138646.0
1753504025127,04:27:05.127,ALGO/USDT:USDT,0.2694,40913.3,0.2693,86508.8,0.2695,23134.2,0.2696,138646.0
1753504025260,04:27:05.260,ALGO/USDT:USDT,0.2694,40913.3,0.2693,86508.8,0.2695,23134.2,0.2696,138012.8
1753504025385,04:27:05.385,ALGO/USDT:USDT,0.2694,43122.6,0.2693,86508.8,0.2695,23134.2,0.2696,138012.8
1753504025526,04:27:05.526,ALGO/USDT:USDT,0.2694,40909.6,0.2693,86508.8,0.2695,23134.2,0.2696,138012.8
1753504025637,04:27:05.637,ALGO/USDT:USDT,0.2694,28909.6,0.2693,86508.8,0.2695,23134.2,0.2696,138012.8
1753504025743,04:27:05.743,ALGO/USDT:USDT,0.2694,28909.6,0.2693,80674.8,0.2695,23134.2,0.2696,138012.8
1753504025882,04:27:05.882,ALGO/USDT:USDT,0.2694,28909.6,0.2693,80674.8,0.2695,23134.2,0.2696,138012.8
1753504025996,04:27:05.996,ALGO/USDT:USDT,0.2694,28909.6,0.2693,80674.8,0.2695,23134.2,0.2696,138012.8
1753504026099,04:27:06.099,ALGO/USDT:USDT,0.2694,43100.3,0.2693,80674.8,0.2695,23134.2,0.2696,138012.8
1753504026235,04:27:06.235,ALGO/USDT:USDT,0.2694,40891.0,0.2693,80674.8,0.2695,23134.2,0.2696,138012.8
1753504026336,04:27:06.336,ALGO/USDT:USDT,0.2694,43100.3,0.2693,80674.8,0.2695,23134.2,0.2696,138012.8
1753504026459,04:27:06.459,ALGO/USDT:USDT,0.2694,40909.6,0.2693,80674.8,0.2695,23134.2,0.2696,138012.8
1753504026571,04:27:06.571,ALGO/USDT:USDT,0.2694,40909.6,0.2693,80674.8,0.2695,23133.8,0.2696,138012.8
1753504026676,04:27:06.676,ALGO/USDT:USDT,0.2694,43100.3,0.2693,79504.8,0.2695,24033.8,0.2696,138012.8
1753504026789,04:27:06.789,ALGO/USDT:USDT,0.2694,43100.3,0.2693,81910.4,0.2695,23690.9,0.2696,138012.8
1753504026947,04:27:06.947,ALGO/USDT:USDT,0.2694,43100.3,0.2693,81910.4,0.2695,23690.9,0.2696,138012.8
1753504027179,04:27:07.179,ALGO/USDT:USDT,0.2694,43100.3,0.2693,81910.4,0.2695,23690.9,0.2696,138012.8
1753504027389,04:27:07.389,ALGO/USDT:USDT,0.2694,40909.6,0.2693,81910.4,0.2695,23690.9,0.2696,140470.2
1753504027607,04:27:07.607,ALGO/USDT:USDT,0.2694,40891.0,0.2693,81910.4,0.2695,23690.9,0.2696,140470.2
1753504027709,04:27:07.709,ALGO/USDT:USDT,0.2694,40909.6,0.2693,81910.4,0.2695,23690.9,0.2696,140470.2
1753504027822,04:27:07.822,ALGO/USDT:USDT,0.2694,43081.7,0.2693,81910.4,0.2695,23690.9,0.2696,140470.2
1753504027926,04:27:07.926,ALGO/USDT:USDT,0.2694,43081.7,0.2693,81910.4,0.2695,23690.9,0.2696,140470.2
1753504028046,04:27:08.046,ALGO/USDT:USDT,0.2694,43081.7,0.2693,81910.4,0.2695,23690.9,0.2696,140470.2
1753504028149,04:27:08.149,ALGO/USDT:USDT,0.2694,43081.7,0.2693,81910.4,0.2695,23690.9,0.2696,140470.2
1753504028252,04:27:08.252,ALGO/USDT:USDT,0.2694,43081.7,0.2693,81910.4,0.2695,23690.9,0.2696,140470.2
1753504028595,04:27:08.595,ALGO/USDT:USDT,0.2694,43081.7,0.2693,82281.5,0.2695,23690.9,0.2696,140470.2
1753504028698,04:27:08.698,ALGO/USDT:USDT,0.2694,43081.7,0.2693,82281.5,0.2695,23690.9,0.2696,140470.2
1753504028840,04:27:08.840,ALGO/USDT:USDT,0.2694,43081.7,0.2693,82281.5,0.2695,23690.9,0.2696,140470.2
1753504028970,04:27:08.970,ALGO/USDT:USDT,0.2694,40909.6,0.2693,81910.4,0.2695,23690.9,0.2696,140470.2
1753504029111,04:27:09.111,ALGO/USDT:USDT,0.2694,40909.6,0.2693,81910.4,0.2695,23611.7,0.2696,140470.2
1753504029237,04:27:09.237,ALGO/USDT:USDT,0.2694,43081.7,0.2693,81910.4,0.2695,23611.7,0.2696,140470.2
1753504029342,04:27:09.342,ALGO/USDT:USDT,0.2694,43081.7,0.2693,81910.4,0.2695,23611.7,0.2696,140470.2
1753504029444,04:27:09.444,ALGO/USDT:USDT,0.2694,43062.9,0.2693,82281.5,0.2695,23611.7,0.2696,140470.2
1753504029606,04:27:09.606,ALGO/USDT:USDT,0.2694,43062.9,0.2693,82281.5,0.2695,23611.7,0.2696,140470.2
1753504029802,04:27:09.802,ALGO/USDT:USDT,0.2694,44914.5,0.2693,83822.4,0.2695,4574.5,0.2696,132030.2
1753504029906,04:27:09.906,ALGO/USDT:USDT,0.2694,46822.7,0.2693,83023.3,0.2695,6801.3,0.2696,130565.9
1753504030040,04:27:10.040,ALGO/USDT:USDT,0.2694,50804.1,0.2693,83023.3,0.2695,6801.3,0.2696,130565.9
1753504030223,04:27:10.223,ALGO/USDT:USDT,0.2694,50822.7,0.2693,83023.3,0.2695,7823.4,0.2696,130565.9
1753504030327,04:27:10.327,ALGO/USDT:USDT,0.2694,50822.7,0.2693,83023.3,0.2695,7823.4,0.2696,130565.9
1753504030439,04:27:10.439,ALGO/USDT:USDT,0.2694,48632.0,0.2693,83023.3,0.2695,7061.4,0.2696,130565.9
1753504030560,04:27:10.560,ALGO/USDT:USDT,0.2694,51560.5,0.2693,88184.4,0.2695,7062.4,0.2696,130565.9
1753504030726,04:27:10.726,ALGO/USDT:USDT,0.2694,51560.5,0.2693,88184.4,0.2695,7062.4,0.2696,130565.9
1753504030832,04:27:10.832,ALGO/USDT:USDT,0.2694,51560.5,0.2693,88184.4,0.2695,7062.4,0.2696,130565.9
1753504030996,04:27:10.996,ALGO/USDT:USDT,0.2694,51560.5,0.2693,88184.4,0.2695,7062.4,0.2696,125805.9
1753504031127,04:27:11.127,ALGO/USDT:USDT,0.2694,51560.5,0.2693,88184.4,0.2695,7062.4,0.2696,125805.9
1753504031260,04:27:11.260,ALGO/USDT:USDT,0.2694,51560.5,0.2693,88184.4,0.2695,7062.4,0.2696,125805.9
1753504031459,04:27:11.459,ALGO/USDT:USDT,0.2694,51560.5,0.2693,88184.4,0.2695,7062.4,0.2696,125805.9
1753504031635,04:27:11.635,ALGO/USDT:USDT,0.2694,51929.6,0.2693,88184.4,0.2695,7062.4,0.2696,125805.9
1753504031882,04:27:11.882,ALGO/USDT:USDT,0.2694,51929.6,0.2693,88184.4,0.2695,7062.4,0.2696,125805.9
1753504032002,04:27:12.002,ALGO/USDT:USDT,0.2694,51929.6,0.2693,88184.4,0.2695,7062.4,0.2696,125805.9
1753504032145,04:27:12.145,ALGO/USDT:USDT,0.2694,49738.9,0.2693,88184.4,0.2695,8342.2,0.2696,124507.9
1753504032252,04:27:12.252,ALGO/USDT:USDT,0.2694,49738.9,0.2693,88184.4,0.2695,8342.2,0.2696,124507.9
1753504032423,04:27:12.423,ALGO/USDT:USDT,0.2694,49738.9,0.2693,88184.4,0.2695,8342.2,0.2696,130076.3
1753504032531,04:27:12.531,ALGO/USDT:USDT,0.2694,49738.9,0.2693,88184.4,0.2695,8432.4,0.2696,130076.3
1753504032637,04:27:12.637,ALGO/USDT:USDT,0.2694,49738.9,0.2693,86885.0,0.2695,8432.4,0.2696,130076.3
1753504032738,04:27:12.738,ALGO/USDT:USDT,0.2694,49369.8,0.2693,86885.0,0.2695,19840.4,0.2696,123315.3
1753504032859,04:27:12.859,ALGO/USDT:USDT,0.2694,49369.8,0.2693,86885.0,0.2695,19840.4,0.2696,123315.3
1753504033102,04:27:13.102,ALGO/USDT:USDT,0.2694,49369.8,0.2693,86885.0,0.2695,19793.8,0.2696,123315.3
1753504033312,04:27:13.312,ALGO/USDT:USDT,0.2694,51560.5,0.2693,87023.2,0.2695,19840.9,0.2696,123315.3
1753504033526,04:27:13.526,ALGO/USDT:USDT,0.2694,50825.5,0.2693,81862.1,0.2695,19840.9,0.2696,123315.3
1753504033659,04:27:13.659,ALGO/USDT:USDT,0.2694,50825.5,0.2693,81862.1,0.2695,19840.9,0.2696,123315.3
1753504033776,04:27:13.776,ALGO/USDT:USDT,0.2694,48634.8,0.2693,81862.1,0.2695,19840.9,0.2696,122611.9
1753504033926,04:27:13.926,ALGO/USDT:USDT,0.2694,48634.8,0.2693,81491.0,0.2695,19840.9,0.2696,122611.9
1753504034052,04:27:14.052,ALGO/USDT:USDT,0.2694,48634.8,0.2693,81491.0,0.2695,19840.9,0.2696,122611.9
1753504034160,04:27:14.160,ALGO/USDT:USDT,0.2694,50825.5,0.2693,81491.0,0.2695,19840.9,0.2696,122611.9
1753504034285,04:27:14.285,ALGO/USDT:USDT,0.2694,35898.7,0.2693,81491.0,0.2695,19840.9,0.2696,122611.9
1753504034387,04:27:14.387,ALGO/USDT:USDT,0.2694,31155.4,0.2693,81120.1,0.2695,19840.9,0.2696,122611.9
1753504034542,04:27:14.542,ALGO/USDT:USDT,0.2694,31155.4,0.2693,81120.1,0.2695,19840.9,0.2696,122611.9
1753504034669,04:27:14.669,ALGO/USDT:USDT,0.2694,31155.4,0.2693,80749.2,0.2695,19840.9,0.2696,122611.9
1753504034789,04:27:14.789,ALGO/USDT:USDT,0.2694,31155.4,0.2693,80749.2,0.2695,20254.7,0.2696,122611.9
1753504035080,04:27:15.080,ALGO/USDT:USDT,0.2694,48346.1,0.2693,80749.2,0.2695,20273.3,0.2696,122611.9
1753504035259,04:27:15.259,ALGO/USDT:USDT,0.2694,31155.4,0.2693,80749.2,0.2695,20273.4,0.2696,122611.9
1753504035360,04:27:15.360,ALGO/USDT:USDT,0.2694,31155.4,0.2693,80749.2,0.2695,20273.4,0.2696,122611.9
1753504035526,04:27:15.526,ALGO/USDT:USDT,0.2694,33327.5,0.2693,80749.2,0.2695,20273.4,0.2696,122611.9
1753504035660,04:27:15.660,ALGO/USDT:USDT,0.2694,33327.5,0.2693,80749.2,0.2695,20273.4,0.2696,122611.9
1753504035787,04:27:15.787,ALGO/USDT:USDT,0.2694,31155.4,0.2693,80749.2,0.2695,20273.4,0.2696,122611.9
1753504035926,04:27:15.926,ALGO/USDT:USDT,0.2694,31155.4,0.2693,80749.2,0.2695,20273.4,0.2696,122611.9
1753504036047,04:27:16.047,ALGO/USDT:USDT,0.2694,46322.5,0.2693,80749.2,0.2695,20273.4,0.2696,121872.7
1753504036291,04:27:16.291,ALGO/USDT:USDT,0.2694,46341.2,0.2693,80749.2,0.2695,20273.3,0.2696,121872.7
1753504036396,04:27:16.396,ALGO/USDT:USDT,0.2694,46341.2,0.2693,80749.2,0.2695,20273.3,0.2696,121872.7
1753504036502,04:27:16.502,ALGO/USDT:USDT,0.2694,46341.2,0.2693,80749.2,0.2695,20273.3,0.2696,121872.7
1753504036632,04:27:16.632,ALGO/USDT:USDT,0.2694,47343.3,0.2693,81919.2,0.2695,20273.3,0.2696,122772.7
1753504036840,04:27:16.840,ALGO/USDT:USDT,0.2694,30171.2,0.2693,81919.2,0.2695,20273.3,0.2696,122772.7
1753504036947,04:27:16.947,ALGO/USDT:USDT,0.2694,32343.3,0.2693,81919.2,0.2695,20273.3,0.2696,122772.7
1753504037126,04:27:17.126,ALGO/USDT:USDT,0.2694,32343.3,0.2693,81919.2,0.2695,20273.3,0.2696,122772.7
1753504037259,04:27:17.259,ALGO/USDT:USDT,0.2694,32343.3,0.2693,81919.2,0.2695,20273.3,0.2696,122772.7
1753504037393,04:27:17.393,ALGO/USDT:USDT,0.2694,32361.9,0.2693,81919.2,0.2695,20273.2,0.2696,122772.7
1753504037502,04:27:17.502,ALGO/USDT:USDT,0.2694,32361.9,0.2693,81919.2,0.2695,20273.2,0.2696,124155.2
1753504037659,04:27:17.659,ALGO/USDT:USDT,0.2694,32361.9,0.2693,81919.2,0.2695,20273.2,0.2696,124155.2
1753504037787,04:27:17.787,ALGO/USDT:USDT,0.2694,32381.4,0.2693,81919.2,0.2695,20273.2,0.2696,124155.2
1753504037926,04:27:17.926,ALGO/USDT:USDT,0.2694,32381.4,0.2693,81919.2,0.2695,20273.2,0.2696,124155.2
1753504038047,04:27:18.047,ALGO/USDT:USDT,0.2694,39362.8,0.2693,81919.2,0.2695,20273.2,0.2696,124155.2
1753504038163,04:27:18.163,ALGO/USDT:USDT,0.2694,39362.8,0.2693,81919.2,0.2695,20273.2,0.2696,124155.2
1753504038326,04:27:18.326,ALGO/USDT:USDT,0.2694,39381.4,0.2693,81919.2,0.2695,20272.6,0.2696,124155.2
1753504038460,04:27:18.460,ALGO/USDT:USDT,0.2694,39381.4,0.2693,81919.2,0.2695,20272.6,0.2696,124155.2
1753504038576,04:27:18.576,ALGO/USDT:USDT,0.2694,39381.4,0.2693,81919.2,0.2695,20272.6,0.2696,124155.2
1753504038681,04:27:18.681,ALGO/USDT:USDT,0.2694,39381.4,0.2693,81919.2,0.2695,20272.6,0.2696,124155.2
1753504038860,04:27:18.860,ALGO/USDT:USDT,0.2694,32381.4,0.2693,81919.2,0.2695,20272.6,0.2696,124155.2
1753504039036,04:27:19.036,ALGO/USDT:USDT,0.2694,30190.7,0.2693,81919.2,0.2695,28272.6,0.2696,124155.2
1753504039148,04:27:19.148,ALGO/USDT:USDT,0.2694,30190.7,0.2693,81919.2,0.2695,29590.3,0.2696,124155.2
1753504039253,04:27:19.253,ALGO/USDT:USDT,0.2694,30189.7,0.2693,81919.2,0.2695,21608.9,0.2696,124155.2
1753504039389,04:27:19.389,ALGO/USDT:USDT,0.2694,32361.8,0.2693,81960.0,0.2695,20254.0,0.2696,110622.1
1753504039647,04:27:19.647,ALGO/USDT:USDT,0.2694,32361.8,0.2693,81960.0,0.2695,20254.0,0.2696,110622.1
1753504039749,04:27:19.749,ALGO/USDT:USDT,0.2694,32361.8,0.2693,81960.0,0.2695,20254.0,0.2696,110622.1
1753504039926,04:27:19.926,ALGO/USDT:USDT,0.2694,41489.1,0.2693,80790.0,0.2695,20272.6,0.2696,109722.1
1753504040027,04:27:20.027,ALGO/USDT:USDT,0.2694,41550.4,0.2693,80790.0,0.2695,20272.6,0.2696,109722.1
1753504040168,04:27:20.168,ALGO/USDT:USDT,0.2694,31359.7,0.2693,80790.0,0.2695,21608.9,0.2696,109722.1
1753504040459,04:27:20.459,ALGO/USDT:USDT,0.2694,31341.1,0.2693,80790.0,0.2695,21609.0,0.2696,109722.1
1753504040859,04:27:20.859,ALGO/USDT:USDT,0.2694,31341.1,0.2693,80790.0,0.2695,21609.0,0.2696,109722.1
1753504040977,04:27:20.977,ALGO/USDT:USDT,0.2694,41550.4,0.2693,80790.0,0.2695,20272.7,0.2696,109722.1
1753504041127,04:27:21.127,ALGO/USDT:USDT,0.2694,41550.4,0.2693,80790.0,0.2695,20272.7,0.2696,109722.1
1753504041260,04:27:21.260,ALGO/USDT:USDT,0.2694,41550.4,0.2693,80790.0,0.2695,20272.7,0.2696,109722.1
1753504041393,04:27:21.393,ALGO/USDT:USDT,0.2694,41550.4,0.2693,80790.0,0.2695,20266.5,0.2696,109722.1
1753504041526,04:27:21.526,ALGO/USDT:USDT,0.2694,41550.4,0.2693,80790.0,0.2695,20266.5,0.2696,109722.1
1753504041659,04:27:21.659,ALGO/USDT:USDT,0.2694,41550.4,0.2693,80790.0,0.2695,20266.5,0.2696,109722.1
1753504041771,04:27:21.771,ALGO/USDT:USDT,0.2694,39359.7,0.2693,80790.0,0.2695,20266.5,0.2696,109722.1
1753504041902,04:27:21.902,ALGO/USDT:USDT,0.2694,49512.3,0.2693,80790.0,0.2695,20266.5,0.2696,109722.1
1753504042004,04:27:22.004,ALGO/USDT:USDT,0.2694,49530.9,0.2693,80790.0,0.2695,20266.5,0.2696,109722.1
1753504042457,04:27:22.457,ALGO/USDT:USDT,0.2694,49530.9,0.2693,80790.0,0.2695,20266.5,0.2696,109702.6
1753504042619,04:27:22.619,ALGO/USDT:USDT,0.2694,49530.9,0.2693,80790.0,0.2695,20266.5,0.2696,109702.6
1753504042726,04:27:22.726,ALGO/USDT:USDT,0.2694,49530.9,0.2693,80790.0,0.2695,9843.1,0.2696,109702.6
1753504042860,04:27:22.860,ALGO/USDT:USDT,0.2694,49530.9,0.2693,80790.0,0.2695,9843.1,0.2696,109702.6
1753504042983,04:27:22.983,ALGO/USDT:USDT,0.2694,49530.9,0.2693,80790.0,0.2695,9843.1,0.2696,109702.6
1753504043126,04:27:23.126,ALGO/USDT:USDT,0.2694,49530.9,0.2693,80790.0,0.2695,9843.1,0.2696,109702.6
1753504043260,04:27:23.260,ALGO/USDT:USDT,0.2694,49530.8,0.2693,80790.0,0.2695,9861.7,0.2696,109702.6
1753504043376,04:27:23.376,ALGO/USDT:USDT,0.2694,49530.8,0.2693,80790.0,0.2695,9861.7,0.2696,111000.5
1753504043497,04:27:23.497,ALGO/USDT:USDT,0.2694,49530.8,0.2693,80790.0,0.2695,9861.7,0.2696,111000.5
1753504043642,04:27:23.642,ALGO/USDT:USDT,0.2694,49530.8,0.2693,81160.9,0.2695,9861.7,0.2696,111000.5
1753504043926,04:27:23.926,ALGO/USDT:USDT,0.2694,49530.8,0.2693,81160.9,0.2695,9861.7,0.2696,111000.5
1753504044059,04:27:24.059,ALGO/USDT:USDT,0.2694,49530.8,0.2693,81160.9,0.2695,9861.7,0.2696,111000.5
1753504044163,04:27:24.163,ALGO/USDT:USDT,0.2694,47340.1,0.2693,81160.9,0.2695,9861.7,0.2696,111065.6
1753504044288,04:27:24.288,ALGO/USDT:USDT,0.2694,47340.1,0.2693,81022.7,0.2695,9861.7,0.2696,111065.6
1753504044454,04:27:24.454,ALGO/USDT:USDT,0.2694,47340.1,0.2693,81022.7,0.2695,20266.5,0.2696,111065.6
1753504044559,04:27:24.559,ALGO/USDT:USDT,0.2694,47340.1,0.2693,81022.7,0.2695,20266.5,0.2696,111065.6
1753504044727,04:27:24.727,ALGO/USDT:USDT,0.2694,47340.1,0.2693,81022.7,0.2695,20266.5,0.2696,111065.6
1753504044833,04:27:24.833,ALGO/USDT:USDT,0.2694,47340.1,0.2693,81022.7,0.2695,20247.9,0.2696,111065.6
1753504045040,04:27:25.040,ALGO/USDT:USDT,0.2694,47340.1,0.2693,81022.7,0.2695,20158.1,0.2696,111065.6
1753504045200,04:27:25.200,ALGO/USDT:USDT,0.2694,49691.9,0.2693,81022.7,0.2695,20158.1,0.2696,111065.6
1753504045338,04:27:25.338,ALGO/USDT:USDT,0.2694,49691.9,0.2693,81022.7,0.2695,20158.1,0.2696,111065.6
1753504045449,04:27:25.449,ALGO/USDT:USDT,0.2694,49691.9,0.2693,81022.7,0.2695,20139.7,0.2696,111065.6
1753504045602,04:27:25.602,ALGO/USDT:USDT,0.2694,49691.9,0.2693,81022.7,0.2695,20139.7,0.2696,111065.6
1753504045926,04:27:25.926,ALGO/USDT:USDT,0.2694,30166.3,0.2693,81022.7,0.2695,21494.6,0.2696,111065.6
1753504046037,04:27:26.037,ALGO/USDT:USDT,0.2694,30166.3,0.2693,80651.8,0.2695,21494.6,0.2696,111065.6
1753504046158,04:27:26.158,ALGO/USDT:USDT,0.2694,30166.2,0.2693,80651.8,0.2695,42355.9,0.2696,115603.0
1753504046327,04:27:26.327,ALGO/USDT:USDT,0.2694,31502.5,0.2693,80651.8,0.2695,40165.2,0.2696,115603.0
1753504046440,04:27:26.440,ALGO/USDT:USDT,0.2694,31502.5,0.2693,80651.8,0.2695,38839.1,0.2696,114220.5
1753504046571,04:27:26.571,ALGO/USDT:USDT,0.2694,31502.5,0.2693,80651.8,0.2695,40156.8,0.2696,114220.5
1753504046726,04:27:26.726,ALGO/USDT:USDT,0.2694,31502.5,0.2693,80651.8,0.2695,40156.8,0.2696,114220.5
1753504046860,04:27:26.860,ALGO/USDT:USDT,0.2694,31502.5,0.2693,80651.8,0.2695,40156.8,0.2696,114220.5
1753504046997,04:27:26.997,ALGO/USDT:USDT,0.2694,30313.9,0.2693,81821.8,0.2695,41075.4,0.2696,115488.8
1753504047127,04:27:27.127,ALGO/USDT:USDT,0.2694,30313.9,0.2693,81821.8,0.2695,41075.4,0.2696,115488.8
1753504047241,04:27:27.241,ALGO/USDT:USDT,0.2694,30333.7,0.2693,81821.8,0.2695,41075.4,0.2696,115488.8
1753504047526,04:27:27.526,ALGO/USDT:USDT,0.2694,30333.7,0.2693,81821.8,0.2695,41075.4,0.2696,115488.8
1753504047659,04:27:27.659,ALGO/USDT:USDT,0.2694,30333.7,0.2693,81821.8,0.2695,41075.4,0.2696,115488.8
1753504047775,04:27:27.775,ALGO/USDT:USDT,0.2694,30333.7,0.2693,81821.8,0.2695,41075.4,0.2696,115488.8
1753504047900,04:27:27.900,ALGO/USDT:USDT,0.2694,30333.7,0.2693,81821.8,0.2695,41075.4,0.2696,115488.8
1753504048060,04:27:28.060,ALGO/USDT:USDT,0.2694,30333.7,0.2693,81821.8,0.2695,39739.1,0.2696,115488.8
1753504048176,04:27:28.176,ALGO/USDT:USDT,0.2694,30333.7,0.2693,81821.8,0.2695,39739.1,0.2696,115488.8
1753504048297,04:27:28.297,ALGO/USDT:USDT,0.2694,30333.7,0.2693,81821.8,0.2695,41075.4,0.2696,115488.8
1753504048459,04:27:28.459,ALGO/USDT:USDT,0.2694,30333.7,0.2693,81821.8,0.2695,41075.4,0.2696,115488.8
1753504048563,04:27:28.563,ALGO/USDT:USDT,0.2694,30333.7,0.2693,81821.8,0.2695,41075.4,0.2696,115488.8
1753504048726,04:27:28.726,ALGO/USDT:USDT,0.2694,30333.7,0.2693,81821.8,0.2695,41075.4,0.2696,115488.8
1753504048859,04:27:28.859,ALGO/USDT:USDT,0.2694,43524.4,0.2693,81821.8,0.2695,39739.1,0.2696,115488.8
1753504048966,04:27:28.966,ALGO/USDT:USDT,0.2694,43524.4,0.2693,81821.8,0.2695,21068.5,0.2696,110951.4
1753504049126,04:27:29.126,ALGO/USDT:USDT,0.2694,43524.4,0.2693,81821.8,0.2695,21068.5,0.2696,110951.4
1753504049260,04:27:29.260,ALGO/USDT:USDT,0.2694,43524.4,0.2693,81821.8,0.2695,21068.5,0.2696,110951.4
1753504049398,04:27:29.398,ALGO/USDT:USDT,0.2694,43524.4,0.2693,81821.8,0.2695,20168.5,0.2696,111851.4
1753504049502,04:27:29.502,ALGO/USDT:USDT,0.2694,43524.4,0.2693,81821.8,0.2695,20168.5,0.2696,111851.4
1753504049659,04:27:29.659,ALGO/USDT:USDT,0.2694,43524.4,0.2693,81821.8,0.2695,20168.5,0.2696,111851.4
1753504049773,04:27:29.773,ALGO/USDT:USDT,0.2694,43524.4,0.2693,81821.8,0.2695,20168.5,0.2696,111851.4
1753504049926,04:27:29.926,ALGO/USDT:USDT,0.2694,43524.4,0.2693,81821.8,0.2695,20168.5,0.2696,111851.4
1753504050051,04:27:30.051,ALGO/USDT:USDT,0.2694,43524.4,0.2693,81821.8,0.2695,20168.5,0.2696,111851.4
1753504050155,04:27:30.155,ALGO/USDT:USDT,0.2694,31514.8,0.2693,80651.8,0.2695,20168.5,0.2696,110951.4
1753504050257,04:27:30.257,ALGO/USDT:USDT,0.2694,11507.9,0.2693,80651.8,0.2695,40156.8,0.2696,115385.0
1753504050359,04:27:30.359,ALGO/USDT:USDT,0.2694,11507.9,0.2693,80651.8,0.2695,42366.1,0.2696,115385.0
1753504050460,04:27:30.460,ALGO/USDT:USDT,0.2694,12825.6,0.2693,80651.8,0.2695,42347.4,0.2696,115385.0
1753504050561,04:27:30.561,ALGO/USDT:USDT,0.2694,12844.2,0.2693,80651.8,0.2695,42366.0,0.2696,115385.0
1753504050662,04:27:30.662,ALGO/USDT:USDT,0.2694,12844.2,0.2693,80651.8,0.2695,40175.3,0.2696,115385.0
1753504050780,04:27:30.780,ALGO/USDT:USDT,0.2694,12844.2,0.2693,80651.8,0.2695,38839.0,0.2696,115385.0
1753504050898,04:27:30.898,ALGO/USDT:USDT,0.2694,12844.2,0.2693,80651.8,0.2695,38839.0,0.2696,115385.0
1753504051027,04:27:31.027,ALGO/USDT:USDT,0.2694,12844.2,0.2693,80651.8,0.2695,38839.0,0.2696,115385.0
1753504051129,04:27:31.129,ALGO/USDT:USDT,0.2694,12844.2,0.2693,80651.8,0.2695,43556.3,0.2696,115385.0
1753504051230,04:27:31.230,ALGO/USDT:USDT,0.2694,12844.2,0.2693,80651.8,0.2695,41365.6,0.2696,115385.0
1753504051338,04:27:31.338,ALGO/USDT:USDT,0.2694,12844.2,0.2693,80651.8,0.2695,41365.6,0.2696,115385.0
1753504051612,04:27:31.612,ALGO/USDT:USDT,0.2694,12844.2,0.2693,80651.8,0.2695,41336.3,0.2696,115385.0
1753504051750,04:27:31.750,ALGO/USDT:USDT,0.2694,12844.2,0.2693,80651.8,0.2695,41336.3,0.2696,115385.0
1753504051861,04:27:31.861,ALGO/USDT:USDT,0.2694,12825.6,0.2693,76192.4,0.2695,51336.3,0.2696,115385.0
1753504051974,04:27:31.974,ALGO/USDT:USDT,0.2694,12844.2,0.2693,76192.4,0.2695,41354.9,0.2696,115385.0
1753504052202,04:27:32.202,ALGO/USDT:USDT,0.2694,12844.2,0.2693,76192.4,0.2695,41354.9,0.2696,115385.0
1753504052326,04:27:32.326,ALGO/USDT:USDT,0.2694,12844.2,0.2693,76192.4,0.2695,41354.9,0.2696,115385.0
1753504052459,04:27:32.459,ALGO/USDT:USDT,0.2694,12844.2,0.2693,76192.4,0.2695,41354.9,0.2696,115385.0
1753504052602,04:27:32.602,ALGO/USDT:USDT,0.2694,12844.2,0.2693,76192.4,0.2695,41354.9,0.2696,115385.0
1753504052726,04:27:32.726,ALGO/USDT:USDT,0.2694,12844.2,0.2693,76192.4,0.2695,41354.9,0.2696,115385.0
1753504052859,04:27:32.859,ALGO/USDT:USDT,0.2694,12844.2,0.2693,76192.4,0.2695,41354.9,0.2696,115385.0
1753504052963,04:27:32.963,ALGO/USDT:USDT,0.2694,12844.2,0.2693,76192.4,0.2695,41354.9,0.2696,115385.0
1753504053071,04:27:33.071,ALGO/USDT:USDT,0.2694,12844.2,0.2693,76192.4,0.2695,41478.0,0.2696,115385.0
1753504053179,04:27:33.179,ALGO/USDT:USDT,0.2694,12825.6,0.2693,76192.4,0.2695,41478.0,0.2696,115385.0
1753504053298,04:27:33.298,ALGO/USDT:USDT,0.2694,12844.2,0.2693,76192.4,0.2695,40141.7,0.2696,115385.0
1753504053407,04:27:33.407,ALGO/USDT:USDT,0.2694,12844.2,0.2693,76192.4,0.2695,40141.7,0.2696,115385.0
1753504053519,04:27:33.519,ALGO/USDT:USDT,0.2694,12844.2,0.2693,76192.4,0.2695,41459.4,0.2696,115385.0
1753504053629,04:27:33.629,ALGO/USDT:USDT,0.2694,12844.2,0.2693,76192.4,0.2695,40123.1,0.2696,115385.0
1753504053736,04:27:33.736,ALGO/USDT:USDT,0.2694,12844.2,0.2693,76192.4,0.2695,40123.1,0.2696,115385.0
1753504053869,04:27:33.869,ALGO/USDT:USDT,0.2694,22844.2,0.2693,76192.4,0.2695,40141.7,0.2696,115385.0
1753504053979,04:27:33.979,ALGO/USDT:USDT,0.2694,12844.2,0.2693,76192.4,0.2695,41459.4,0.2696,115385.0
1753504054092,04:27:34.092,ALGO/USDT:USDT,0.2694,12844.2,0.2693,76192.4,0.2695,40123.1,0.2696,115385.0
1753504054234,04:27:34.234,ALGO/USDT:USDT,0.2694,12844.2,0.2693,76192.4,0.2695,41478.0,0.2696,115385.0
1753504054460,04:27:34.460,ALGO/USDT:USDT,0.2694,12844.2,0.2693,76192.4,0.2695,41543.1,0.2696,115319.9
1753504054702,04:27:34.702,ALGO/USDT:USDT,0.2694,12844.2,0.2693,76192.4,0.2695,41543.1,0.2696,115319.9
1753504054819,04:27:34.819,ALGO/USDT:USDT,0.2694,24034.9,0.2693,80661.2,0.2695,30369.4,0.2696,115319.9
1753504055109,04:27:35.109,ALGO/USDT:USDT,0.2694,44305.5,0.2693,80661.2,0.2695,10362.5,0.2696,110886.3
1753504055232,04:27:35.232,ALGO/USDT:USDT,0.2694,44305.5,0.2693,80661.2,0.2695,10362.5,0.2696,110886.3
1753504055418,04:27:35.418,ALGO/USDT:USDT,0.2694,44305.5,0.2693,80661.2,0.2695,11680.2,0.2696,110886.3
1753504055526,04:27:35.526,ALGO/USDT:USDT,0.2694,44305.5,0.2693,80661.2,0.2695,11680.2,0.2696,110886.3
1753504055660,04:27:35.660,ALGO/USDT:USDT,0.2694,44305.5,0.2693,80661.2,0.2695,10362.5,0.2696,110886.3
1753504055802,04:27:35.802,ALGO/USDT:USDT,0.2694,44305.5,0.2693,80661.2,0.2695,10362.5,0.2696,110886.3
1753504055926,04:27:35.926,ALGO/USDT:USDT,0.2694,44305.5,0.2693,80661.2,0.2695,10362.5,0.2696,110886.3
1753504056060,04:27:36.060,ALGO/USDT:USDT,0.2694,42114.8,0.2693,80661.2,0.2695,11680.2,0.2696,111130.1
1753504056326,04:27:36.326,ALGO/USDT:USDT,0.2694,44286.9,0.2693,80661.2,0.2695,10362.5,0.2696,111130.1
1753504056427,04:27:36.427,ALGO/USDT:USDT,0.2694,44286.9,0.2693,80661.2,0.2695,10362.5,0.2696,111130.1
1753504056726,04:27:36.726,ALGO/USDT:USDT,0.2694,44286.9,0.2693,80661.2,0.2695,10362.5,0.2696,111130.1
1753504056981,04:27:36.981,ALGO/USDT:USDT,0.2694,40926.2,0.2693,81831.2,0.2695,10362.5,0.2696,112789.8
1753504057088,04:27:37.088,ALGO/USDT:USDT,0.2694,43135.5,0.2693,81831.2,0.2695,10362.5,0.2696,112789.8
1753504057259,04:27:37.259,ALGO/USDT:USDT,0.2694,40944.9,0.2693,81831.2,0.2695,10362.5,0.2696,112789.8
1753504057386,04:27:37.386,ALGO/USDT:USDT,0.2694,40944.9,0.2693,81831.2,0.2695,12612.7,0.2696,112789.8
1753504057497,04:27:37.497,ALGO/USDT:USDT,0.2694,40944.9,0.2693,81831.2,0.2695,11295.0,0.2696,112789.8
1753504057659,04:27:37.659,ALGO/USDT:USDT,0.2694,40944.9,0.2693,81831.2,0.2695,11295.0,0.2696,112789.8
1753504057778,04:27:37.778,ALGO/USDT:USDT,0.2694,40944.9,0.2693,81831.2,0.2695,11295.0,0.2696,112789.8
1753504057926,04:27:37.926,ALGO/USDT:USDT,0.2694,40944.9,0.2693,81831.2,0.2695,11295.0,0.2696,112789.8
1753504058040,04:27:38.040,ALGO/USDT:USDT,0.2694,43117.0,0.2693,81831.2,0.2695,11295.0,0.2696,112789.8
1753504058326,04:27:38.326,ALGO/USDT:USDT,0.2695,48080.6,0.2694,91339.4,0.2696,41954.9,0.2697,156161.2
1753504058427,04:27:38.427,ALGO/USDT:USDT,0.2695,45058.9,0.2694,90995.9,0.2696,36096.3,0.2697,154297.0
1753504058538,04:27:38.538,ALGO/USDT:USDT,0.2695,44690.0,0.2694,85463.9,0.2696,36096.3,0.2697,154297.0
1753504058640,04:27:38.640,ALGO/USDT:USDT,0.2695,44690.0,0.2694,85586.5,0.2696,36096.3,0.2697,153558.2
1753504058813,04:27:38.813,ALGO/USDT:USDT,0.2695,44690.0,0.2694,81218.9,0.2696,36096.3,0.2697,154188.0
1753504058956,04:27:38.956,ALGO/USDT:USDT,0.2692,25348.1,0.2691,71946.0,0.2693,20750.5,0.2694,106790.7
1753504059057,04:27:39.057,ALGO/USDT:USDT,0.2692,41793.1,0.2691,65847.9,0.2693,18612.9,0.2694,84019.7
1753504059159,04:27:39.159,ALGO/USDT:USDT,0.2692,35873.0,0.2691,64386.2,0.2693,26678.7,0.2694,107934.5
1753504059260,04:27:39.260,ALGO/USDT:USDT,0.2692,13314.3,0.2691,56438.2,0.2693,30525.6,0.2694,110665.3
1753504059364,04:27:39.364,ALGO/USDT:USDT,0.2692,13314.3,0.2691,56438.2,0.2693,32725.0,0.2694,109765.3
1753504059479,04:27:39.479,ALGO/USDT:USDT,0.2692,13314.3,0.2691,56067.1,0.2693,32725.0,0.2694,109765.3
1753504059585,04:27:39.585,ALGO/USDT:USDT,0.2692,33321.2,0.2691,56067.1,0.2693,27621.7,0.2694,107908.3
1753504059698,04:27:39.698,ALGO/USDT:USDT,0.2692,33321.2,0.2691,56067.1,0.2693,27621.7,0.2694,107908.3
1753504059903,04:27:39.903,ALGO/USDT:USDT,0.2692,34003.5,0.2691,53509.6,0.2693,30230.1,0.2694,109226.3
1753504060017,04:27:40.017,ALGO/USDT:USDT,0.2692,34003.5,0.2691,54679.6,0.2693,28975.9,0.2694,109226.3
1753504060161,04:27:40.161,ALGO/USDT:USDT,0.2692,34003.5,0.2691,54679.6,0.2693,28975.9,0.2694,109226.3
1753504060327,04:27:40.327,ALGO/USDT:USDT,0.2692,34003.5,0.2691,54679.6,0.2693,28975.9,0.2694,109226.3
1753504060436,04:27:40.436,ALGO/USDT:USDT,0.2692,35339.8,0.2691,57720.8,0.2693,11881.2,0.2694,104782.3
1753504060543,04:27:40.543,ALGO/USDT:USDT,0.2692,35339.8,0.2691,57720.8,0.2693,11108.8,0.2694,104782.3
1753504060696,04:27:40.696,ALGO/USDT:USDT,0.2692,35525.5,0.2691,57720.8,0.2693,11108.8,0.2694,104782.3
1753504060801,04:27:40.801,ALGO/USDT:USDT,0.2692,35525.5,0.2691,57352.3,0.2693,11108.8,0.2694,104782.3
1753504060928,04:27:40.928,ALGO/USDT:USDT,0.2692,35525.5,0.2691,57352.3,0.2693,11413.4,0.2694,104782.3
1753504061126,04:27:41.126,ALGO/USDT:USDT,0.2692,34189.2,0.2691,57352.3,0.2693,12731.1,0.2694,104782.3
1753504061229,04:27:41.229,ALGO/USDT:USDT,0.2692,35525.5,0.2691,57352.3,0.2693,11413.4,0.2694,104782.3
1753504061362,04:27:41.362,ALGO/USDT:USDT,0.2692,35525.5,0.2691,57352.3,0.2693,11566.5,0.2694,104782.3
1753504061465,04:27:41.465,ALGO/USDT:USDT,0.2692,35876.1,0.2691,61783.3,0.2693,11566.5,0.2694,104782.3
1753504061566,04:27:41.566,ALGO/USDT:USDT,0.2692,35894.7,0.2691,62154.7,0.2693,11566.5,0.2694,104782.3
1753504061697,04:27:41.697,ALGO/USDT:USDT,0.2692,35894.7,0.2691,62154.7,0.2693,11566.5,0.2694,104782.3
1753504061901,04:27:41.901,ALGO/USDT:USDT,0.2692,35894.7,0.2691,62154.7,0.2693,11566.5,0.2694,104782.3
1753504062059,04:27:42.059,ALGO/USDT:USDT,0.2692,35894.7,0.2691,62154.7,0.2693,11566.5,0.2694,104782.3
1753504062162,04:27:42.162,ALGO/USDT:USDT,0.2692,35894.7,0.2691,62154.7,0.2693,11566.5,0.2694,104782.3
1753504062297,04:27:42.297,ALGO/USDT:USDT,0.2692,35894.7,0.2691,62154.7,0.2693,11566.5,0.2694,104782.3
1753504062404,04:27:42.404,ALGO/USDT:USDT,0.2692,35894.7,0.2691,62154.7,0.2693,11566.5,0.2694,104782.3
1753504062702,04:27:42.702,ALGO/USDT:USDT,0.2692,35869.5,0.2691,62154.7,0.2693,11566.5,0.2694,104782.3
1753504062804,04:27:42.804,ALGO/USDT:USDT,0.2692,35869.5,0.2691,62154.7,0.2693,11566.5,0.2694,104782.3
1753504062907,04:27:42.907,ALGO/USDT:USDT,0.2692,35869.5,0.2691,62154.7,0.2693,11566.5,0.2694,104782.3
1753504063102,04:27:43.102,ALGO/USDT:USDT,0.2692,35500.3,0.2691,62154.7,0.2693,11566.5,0.2694,104782.3
1753504063207,04:27:43.207,ALGO/USDT:USDT,0.2692,38378.3,0.2691,61783.3,0.2693,11566.5,0.2694,104782.3
1753504063397,04:27:43.397,ALGO/USDT:USDT,0.2692,38378.3,0.2691,61783.3,0.2693,11566.5,0.2694,104782.3
1753504063526,04:27:43.526,ALGO/USDT:USDT,0.2692,38378.3,0.2691,61783.3,0.2693,11566.5,0.2694,104782.3
1753504063659,04:27:43.659,ALGO/USDT:USDT,0.2692,38378.3,0.2691,61783.3,0.2693,11566.5,0.2694,104782.3
1753504063788,04:27:43.788,ALGO/USDT:USDT,0.2692,38378.3,0.2691,61783.3,0.2693,11566.5,0.2694,104782.3
1753504063926,04:27:43.926,ALGO/USDT:USDT,0.2692,38378.3,0.2691,61783.3,0.2693,11566.5,0.2694,104782.3
1753504064047,04:27:44.047,ALGO/USDT:USDT,0.2692,38378.3,0.2691,61783.3,0.2693,11566.5,0.2694,104782.3
1753504064326,04:27:44.326,ALGO/USDT:USDT,0.2692,38378.3,0.2691,61783.3,0.2693,11566.5,0.2694,104782.3
1753504064459,04:27:44.459,ALGO/USDT:USDT,0.2692,38396.9,0.2691,61783.3,0.2693,18327.5,0.2694,109195.0
1753504064562,04:27:44.562,ALGO/USDT:USDT,0.2692,38396.9,0.2691,61783.3,0.2693,18327.5,0.2694,109195.0
1753504064706,04:27:44.706,ALGO/USDT:USDT,0.2692,38396.9,0.2691,61783.3,0.2693,18327.5,0.2694,109195.0
1753504064816,04:27:44.816,ALGO/USDT:USDT,0.2692,38396.9,0.2691,61783.3,0.2693,18327.5,0.2694,109195.0
1753504065039,04:27:45.039,ALGO/USDT:USDT,0.2692,38396.9,0.2691,61783.3,0.2693,18327.5,0.2694,109195.0
1753504065147,04:27:45.147,ALGO/USDT:USDT,0.2692,38396.9,0.2691,61783.3,0.2693,18327.5,0.2694,109195.0
1753504065258,04:27:45.258,ALGO/USDT:USDT,0.2692,38396.9,0.2691,61783.3,0.2693,18327.5,0.2694,109195.0
1753504065377,04:27:45.377,ALGO/USDT:USDT,0.2692,38396.9,0.2691,61783.3,0.2693,18327.5,0.2694,109195.0
1753504065480,04:27:45.480,ALGO/USDT:USDT,0.2692,38396.9,0.2691,61783.3,0.2693,18327.5,0.2694,109195.0
1753504065724,04:27:45.724,ALGO/USDT:USDT,0.2692,38396.9,0.2691,57352.3,0.2693,18327.5,0.2694,109195.0
1753504065838,04:27:45.838,ALGO/USDT:USDT,0.2692,41757.6,0.2691,56182.3,0.2693,18327.5,0.2694,109195.0
1753504065952,04:27:45.952,ALGO/USDT:USDT,0.2692,41757.6,0.2691,56182.3,0.2693,18327.5,0.2694,109195.0
1753504066055,04:27:46.055,ALGO/USDT:USDT,0.2692,41757.6,0.2691,56182.3,0.2693,18327.5,0.2694,109195.0
1753504066259,04:27:46.259,ALGO/USDT:USDT,0.2692,39566.9,0.2691,56182.3,0.2693,18327.5,0.2694,109195.0
1753504066379,04:27:46.379,ALGO/USDT:USDT,0.2692,39566.9,0.2691,56182.3,0.2693,18327.5,0.2694,109195.0
1753504066498,04:27:46.498,ALGO/USDT:USDT,0.2692,42912.0,0.2691,56182.3,0.2693,18327.5,0.2694,109195.0
1753504066607,04:27:46.607,ALGO/USDT:USDT,0.2692,40721.3,0.2691,56182.3,0.2693,18327.5,0.2694,109195.0
1753504066716,04:27:46.716,ALGO/USDT:USDT,0.2692,41723.4,0.2691,57352.3,0.2693,18327.5,0.2694,110095.0
1753504066822,04:27:46.822,ALGO/USDT:USDT,0.2692,39551.3,0.2691,57352.3,0.2693,18327.5,0.2694,110095.0
1753504066928,04:27:46.928,ALGO/USDT:USDT,0.2692,41723.4,0.2691,57352.3,0.2693,18327.5,0.2694,110095.0
1753504067049,04:27:47.049,ALGO/USDT:USDT,0.2692,41723.4,0.2691,57352.3,0.2693,18327.5,0.2694,110095.0
1753504067160,04:27:47.160,ALGO/USDT:USDT,0.2692,41080.1,0.2691,57352.3,0.2693,18327.5,0.2694,110095.0
1753504067437,04:27:47.437,ALGO/USDT:USDT,0.2692,43252.2,0.2691,57352.3,0.2693,18327.5,0.2694,110095.0
1753504067547,04:27:47.547,ALGO/USDT:USDT,0.2692,43252.2,0.2691,57352.3,0.2693,18327.5,0.2694,110095.0
1753504067657,04:27:47.657,ALGO/USDT:USDT,0.2692,43252.2,0.2691,57352.3,0.2693,18327.5,0.2694,110095.0
1753504067759,04:27:47.759,ALGO/USDT:USDT,0.2692,41080.1,0.2691,57352.3,0.2693,18327.5,0.2694,110095.0
1753504067886,04:27:47.886,ALGO/USDT:USDT,0.2692,41080.1,0.2691,57352.3,0.2693,18327.5,0.2694,110095.0
1753504068059,04:27:48.059,ALGO/USDT:USDT,0.2692,43252.2,0.2691,57352.3,0.2693,18327.5,0.2694,110095.0
1753504068174,04:27:48.174,ALGO/USDT:USDT,0.2692,41080.1,0.2691,57352.3,0.2693,18327.5,0.2694,110095.0
1753504068282,04:27:48.282,ALGO/USDT:USDT,0.2692,41080.1,0.2691,57352.3,0.2693,18327.5,0.2694,110095.0
1753504068459,04:27:48.459,ALGO/USDT:USDT,0.2692,39743.8,0.2691,57352.3,0.2693,37399.7,0.2694,110095.0
1753504068578,04:27:48.578,ALGO/USDT:USDT,0.2692,41061.5,0.2691,57352.3,0.2693,37399.7,0.2694,110095.0
1753504068726,04:27:48.726,ALGO/USDT:USDT,0.2692,41080.1,0.2691,57352.3,0.2693,36063.4,0.2694,110095.0
1753504068859,04:27:48.859,ALGO/USDT:USDT,0.2692,41080.1,0.2691,57352.3,0.2693,36063.4,0.2694,110095.0
1753504069080,04:27:49.080,ALGO/USDT:USDT,0.2692,10765.5,0.2691,56006.4,0.2693,40490.4,0.2694,110408.9
1753504069182,04:27:49.182,ALGO/USDT:USDT,0.2691,22848.0,0.269,64050.0,0.2692,34216.4,0.2693,84474.7
1753504069389,04:27:49.389,ALGO/USDT:USDT,0.2691,24830.5,0.269,64409.6,0.2692,30095.5,0.2693,84474.7
1753504069491,04:27:49.491,ALGO/USDT:USDT,0.2691,24830.5,0.269,64409.6,0.2692,30095.5,0.2693,84474.7
1753504069598,04:27:49.598,ALGO/USDT:USDT,0.2691,42030.5,0.269,64050.0,0.2692,30114.1,0.2693,84597.5
1753504069805,04:27:49.805,ALGO/USDT:USDT,0.2691,42049.1,0.269,64050.0,0.2692,30174.9,0.2693,83252.6
1753504069926,04:27:49.926,ALGO/USDT:USDT,0.2691,42049.1,0.269,64050.0,0.2692,30174.9,0.2693,83252.6
1753504070050,04:27:50.050,ALGO/USDT:USDT,0.2691,42049.1,0.269,64050.0,0.2692,30174.9,0.2693,83252.6
1753504070181,04:27:50.181,ALGO/USDT:USDT,0.2691,42049.1,0.269,64050.0,0.2692,30174.9,0.2693,83252.6
1753504070306,04:27:50.306,ALGO/USDT:USDT,0.2691,42234.8,0.269,64050.0,0.2692,30174.9,0.2693,83252.6
1753504070435,04:27:50.435,ALGO/USDT:USDT,0.2691,42234.8,0.269,64050.0,0.2692,30174.9,0.2693,83252.6
1753504070569,04:27:50.569,ALGO/USDT:USDT,0.2691,42234.8,0.269,64781.1,0.2692,30174.9,0.2693,83252.6
1753504070727,04:27:50.727,ALGO/USDT:USDT,0.2691,49323.4,0.269,64781.1,0.2692,30174.9,0.2693,84762.0
1753504071127,04:27:51.127,ALGO/USDT:USDT,0.2691,47132.7,0.269,60910.0,0.2692,30174.9,0.2693,84762.0
1753504071228,04:27:51.228,ALGO/USDT:USDT,0.2691,47132.7,0.269,60910.0,0.2692,30174.9,0.2693,84762.0
1753504071345,04:27:51.345,ALGO/USDT:USDT,0.2691,47134.4,0.269,60910.0,0.2692,30174.9,0.2693,84762.0
1753504071497,04:27:51.497,ALGO/USDT:USDT,0.2691,47134.4,0.269,60910.0,0.2692,30174.9,0.2693,84762.0
1753504071603,04:27:51.603,ALGO/USDT:USDT,0.2691,47134.4,0.269,60910.0,0.2692,30174.9,0.2693,84762.0
1753504071783,04:27:51.783,ALGO/USDT:USDT,0.2691,47134.4,0.269,60910.0,0.2692,30174.9,0.2693,84762.0
1753504071926,04:27:51.926,ALGO/USDT:USDT,0.2691,47134.4,0.269,59259.0,0.2692,30174.9,0.2693,84762.0
1753504072059,04:27:52.059,ALGO/USDT:USDT,0.2691,47134.4,0.269,59259.0,0.2692,30174.9,0.2693,84762.0
1753504072326,04:27:52.326,ALGO/USDT:USDT,0.2691,47134.4,0.269,59259.0,0.2692,30174.9,0.2693,84762.0
1753504072459,04:27:52.459,ALGO/USDT:USDT,0.2691,47134.4,0.269,59259.0,0.2692,30174.9,0.2693,84762.0
1753504072601,04:27:52.601,ALGO/USDT:USDT,0.2691,47134.4,0.269,59259.0,0.2692,30174.9,0.2693,84762.0
1753504072726,04:27:52.726,ALGO/USDT:USDT,0.2691,47134.4,0.269,59259.0,0.2692,34569.0,0.2693,84762.0
1753504072843,04:27:52.843,ALGO/USDT:USDT,0.2691,47134.4,0.269,59259.0,0.2692,34634.0,0.2693,84762.0
1753504072962,04:27:52.962,ALGO/USDT:USDT,0.2691,47134.4,0.269,59259.0,0.2692,34634.0,0.2693,84762.0
1753504073066,04:27:53.066,ALGO/USDT:USDT,0.2691,47134.4,0.269,60033.0,0.2692,34634.0,0.2693,84762.0
1753504073260,04:27:53.260,ALGO/USDT:USDT,0.2691,49704.4,0.269,60033.0,0.2692,34634.0,0.2693,84762.0
1753504073428,04:27:53.428,ALGO/USDT:USDT,0.2691,49704.4,0.269,60033.0,0.2692,34634.0,0.2693,84762.0
1753504073557,04:27:53.557,ALGO/USDT:USDT,0.2691,31186.7,0.269,60033.0,0.2692,51161.0,0.2693,84762.0
1753504073660,04:27:53.660,ALGO/USDT:USDT,0.2691,12919.4,0.269,46043.7,0.2692,52495.0,0.2693,84762.0
1753504073761,04:27:53.761,ALGO/USDT:USDT,0.2691,3451.7,0.269,40147.9,0.2692,54393.4,0.2693,84608.9
1753504073866,04:27:53.866,ALGO/USDT:USDT,0.2691,3698.8,0.269,34647.9,0.2692,54473.4,0.2693,88311.5
1753504073972,04:27:53.972,ALGO/USDT:USDT,0.2691,3698.8,0.269,34647.9,0.2692,54473.4,0.2693,88311.5
1753504074102,04:27:54.102,ALGO/USDT:USDT,0.2691,3698.8,0.269,34647.9,0.2692,54473.4,0.2693,88311.5
1753504074217,04:27:54.217,ALGO/USDT:USDT,0.2691,3893.9,0.269,34173.8,0.2692,54473.4,0.2693,88311.5
1753504074329,04:27:54.329,ALGO/USDT:USDT,0.2691,3893.8,0.269,34173.8,0.2692,54473.5,0.2693,88311.5
1753504074460,04:27:54.460,ALGO/USDT:USDT,0.2691,3893.8,0.269,34173.8,0.2692,54473.5,0.2693,88311.5
1753504074590,04:27:54.590,ALGO/USDT:USDT,0.2691,3893.8,0.269,51307.4,0.2692,54473.5,0.2693,88311.5
1753504074706,04:27:54.706,ALGO/USDT:USDT,0.2691,3893.8,0.269,51307.4,0.2692,54473.5,0.2693,93090.1
1753504074859,04:27:54.859,ALGO/USDT:USDT,0.2691,3893.8,0.269,51307.4,0.2692,54473.5,0.2693,93090.1
1753504075068,04:27:55.068,ALGO/USDT:USDT,0.2691,3893.8,0.269,51307.4,0.2692,54473.5,0.2693,93090.1
1753504075203,04:27:55.203,ALGO/USDT:USDT,0.2691,3893.8,0.269,51307.4,0.2692,54473.5,0.2693,93090.1
1753504075467,04:27:55.467,ALGO/USDT:USDT,0.2691,3893.8,0.269,51307.4,0.2692,54473.5,0.2693,93090.1
1753504075606,04:27:55.606,ALGO/USDT:USDT,0.2691,3893.8,0.269,52507.4,0.2692,54493.1,0.2693,93090.1
1753504075768,04:27:55.768,ALGO/USDT:USDT,0.2691,3893.8,0.269,52507.4,0.2692,54493.1,0.2693,93090.1
1753504075893,04:27:55.893,ALGO/USDT:USDT,0.2691,3893.8,0.269,51307.4,0.2692,54863.6,0.2693,93090.1
1753504075999,04:27:55.999,ALGO/USDT:USDT,0.269,36267.6,0.2689,81098.1,0.2691,30249.7,0.2692,98600.0
1753504076102,04:27:56.102,ALGO/USDT:USDT,0.269,29529.3,0.2689,82626.6,0.2691,29568.8,0.2692,104107.3
1753504076203,04:27:56.203,ALGO/USDT:USDT,0.269,30865.6,0.2689,84875.2,0.2691,27861.0,0.2692,103735.8
1753504076313,04:27:56.313,ALGO/USDT:USDT,0.269,30865.6,0.2689,84875.2,0.2691,27861.0,0.2692,103735.8
1753504076442,04:27:56.442,ALGO/USDT:USDT,0.269,30865.6,0.2689,84875.2,0.2691,27861.0,0.2692,103735.8
1753504076583,04:27:56.583,ALGO/USDT:USDT,0.269,30865.6,0.2689,84875.2,0.2691,27861.0,0.2692,103735.8
1753504076702,04:27:56.702,ALGO/USDT:USDT,0.269,30865.6,0.2689,84875.2,0.2691,27861.0,0.2692,103735.8
1753504076811,04:27:56.811,ALGO/USDT:USDT,0.269,14865.6,0.2689,84875.2,0.2691,27861.0,0.2692,103735.8
1753504076925,04:27:56.925,ALGO/USDT:USDT,0.269,14950.1,0.2689,83796.6,0.2691,29215.9,0.2692,104635.8
1753504077028,04:27:57.028,ALGO/USDT:USDT,0.269,14931.5,0.2689,80086.6,0.2691,30097.3,0.2692,103735.8
1753504077130,04:27:57.130,ALGO/USDT:USDT,0.269,15135.8,0.2689,80086.6,0.2691,30115.9,0.2692,103735.8
1753504077244,04:27:57.244,ALGO/USDT:USDT,0.269,15135.8,0.2689,75312.1,0.2691,30115.9,0.2692,103735.8
1753504077351,04:27:57.351,ALGO/USDT:USDT,0.269,16453.5,0.2689,73704.8,0.2691,28779.6,0.2692,103735.8
1753504077481,04:27:57.481,ALGO/USDT:USDT,0.269,10963.6,0.2689,73704.8,0.2691,30115.9,0.2692,103735.8
1753504077601,04:27:57.601,ALGO/USDT:USDT,0.269,4885.0,0.2689,61389.8,0.2691,51519.4,0.2692,112904.8
1753504077708,04:27:57.708,ALGO/USDT:USDT,0.269,4885.0,0.2689,61389.8,0.2691,51733.9,0.2692,122351.0
1753504077813,04:27:57.813,ALGO/USDT:USDT,0.269,4885.0,0.2689,61389.8,0.2691,49825.9,0.2692,111065.3
1753504077926,04:27:57.926,ALGO/USDT:USDT,0.269,4885.0,0.2689,61389.8,0.2691,49825.9,0.2692,111065.3
1753504078036,04:27:58.036,ALGO/USDT:USDT,0.269,6202.7,0.2689,61389.8,0.2691,48489.6,0.2692,111065.3
1753504078162,04:27:58.162,ALGO/USDT:USDT,0.269,6202.7,0.2689,61389.8,0.2691,48489.6,0.2692,111065.3
1753504078302,04:27:58.302,ALGO/USDT:USDT,0.269,6202.7,0.2689,61389.8,0.2691,48489.6,0.2692,111065.3
1753504078404,04:27:58.404,ALGO/USDT:USDT,0.269,6202.7,0.2689,61389.8,0.2691,48860.2,0.2692,112737.7
1753504078506,04:27:58.506,ALGO/USDT:USDT,0.269,4885.0,0.2689,77389.8,0.2691,49825.9,0.2692,116454.3
1753504078617,04:27:58.617,ALGO/USDT:USDT,0.269,9038.6,0.2689,77389.8,0.2691,48489.6,0.2692,116454.3
1753504078721,04:27:58.721,ALGO/USDT:USDT,0.269,9057.2,0.2689,77389.8,0.2691,46280.3,0.2692,111065.3
1753504078857,04:27:58.857,ALGO/USDT:USDT,0.269,9057.2,0.2689,77389.8,0.2691,46280.3,0.2692,111065.3
1753504078964,04:27:58.964,ALGO/USDT:USDT,0.269,9057.2,0.2689,77389.8,0.2691,49825.9,0.2692,111065.3
1753504079108,04:27:59.108,ALGO/USDT:USDT,0.2689,46690.6,0.2688,84460.7,0.269,27450.8,0.2691,98692.4
1753504079212,04:27:59.212,ALGO/USDT:USDT,0.2689,48088.3,0.2688,84591.5,0.269,27512.2,0.2691,98692.4
1753504079315,04:27:59.315,ALGO/USDT:USDT,0.2689,48088.3,0.2688,84591.5,0.269,27512.2,0.2691,98692.4
1753504079426,04:27:59.426,ALGO/USDT:USDT,0.269,33791.1,0.2689,78698.8,0.2691,50095.8,0.2692,114265.9
1753504079528,04:27:59.528,ALGO/USDT:USDT,0.269,33480.9,0.2689,83125.5,0.2691,43751.5,0.2692,114265.9
1753504079650,04:27:59.650,ALGO/USDT:USDT,0.269,34817.2,0.2689,83125.5,0.2691,43751.5,0.2692,114265.9
1753504079926,04:27:59.926,ALGO/USDT:USDT,0.269,35204.7,0.2689,84639.4,0.2691,43770.1,0.2692,117968.5
1753504080027,04:28:00.027,ALGO/USDT:USDT,0.269,29696.2,0.2689,85809.4,0.2691,44187.8,0.2692,117968.5
1753504080129,04:28:00.129,ALGO/USDT:USDT,0.269,28096.2,0.2689,85809.4,0.2691,46378.5,0.2692,117968.5
1753504080249,04:28:00.249,ALGO/USDT:USDT,0.269,26860.1,0.2689,83560.8,0.2691,46397.1,0.2692,121499.2
1753504080361,04:28:00.361,ALGO/USDT:USDT,0.269,26860.1,0.2689,80010.7,0.2691,47786.3,0.2692,121391.9
1753504080560,04:28:00.560,ALGO/USDT:USDT,0.269,26860.1,0.2689,80010.7,0.2691,47786.3,0.2692,121391.9
1753504080662,04:28:00.662,ALGO/USDT:USDT,0.269,26860.1,0.2689,80010.7,0.2691,47786.3,0.2692,123250.2
1753504080859,04:28:00.859,ALGO/USDT:USDT,0.269,26860.1,0.2689,80010.7,0.2691,47786.3,0.2692,121391.9
1753504080979,04:28:00.979,ALGO/USDT:USDT,0.269,26860.1,0.2689,79267.4,0.2691,47786.3,0.2692,121391.9
1753504081088,04:28:01.088,ALGO/USDT:USDT,0.269,30996.4,0.2689,81648.0,0.2691,44277.9,0.2692,117861.2
1753504081198,04:28:01.198,ALGO/USDT:USDT,0.269,30977.8,0.2689,80478.0,0.2691,27428.9,0.2692,118761.2
1753504081301,04:28:01.301,ALGO/USDT:USDT,0.269,30977.8,0.2689,71403.9,0.2691,27321.7,0.2692,118761.2
1753504081402,04:28:01.402,ALGO/USDT:USDT,0.269,29796.4,0.2689,72695.9,0.2691,27409.4,0.2692,118761.2
1753504081527,04:28:01.527,ALGO/USDT:USDT,0.269,42796.4,0.2689,72695.9,0.2691,27428.0,0.2692,116324.4
