timestamp,time,symbol,bid1_price,bid1_volume,bid2_price,bid2_volume,ask1_price,ask1_volume,ask2_price,ask2_volume
1753503305461,04:15:05.461,AAVE/USDT:USDT,297.71,1.2,297.7,0.2,297.72,1.1,297.74,6.8
1753503305611,04:15:05.611,AAVE/USDT:USDT,297.71,1.2,297.7,0.2,297.72,1.4,297.74,7.9
1753503305761,04:15:05.761,AAVE/USDT:USDT,297.71,0.7,297.69,25.8,297.72,1.4,297.73,2.0
1753503305911,04:15:05.911,AAVE/USDT:USDT,297.71,0.9,297.69,25.8,297.72,0.8,297.73,2.0
1753503306061,04:15:06.061,AAVE/USDT:USDT,297.71,1.7,297.69,25.8,297.72,0.5,297.74,1.1
1753503306211,04:15:06.211,AAVE/USDT:USDT,297.71,1.7,297.69,25.8,297.72,0.5,297.74,1.1
1753503306361,04:15:06.361,AAVE/USDT:USDT,297.71,1.7,297.69,25.8,297.72,0.5,297.74,1.1
1753503306511,04:15:06.511,AAVE/USDT:USDT,297.71,1.7,297.69,25.8,297.72,0.5,297.74,1.1
1753503306661,04:15:06.661,AAVE/USDT:USDT,297.71,1.7,297.69,25.8,297.72,0.5,297.74,1.1
1753503306811,04:15:06.811,AAVE/USDT:USDT,297.71,1.7,297.69,25.8,297.72,0.5,297.74,1.1
1753503306962,04:15:06.962,AAVE/USDT:USDT,297.71,1.7,297.69,25.8,297.72,0.5,297.74,1.1
1753503307112,04:15:07.112,AAVE/USDT:USDT,297.71,1.7,297.69,25.8,297.72,0.5,297.74,1.1
1753503307262,04:15:07.262,AAVE/USDT:USDT,297.71,1.5,297.69,25.8,297.72,0.5,297.74,1.1
1753503307412,04:15:07.412,AAVE/USDT:USDT,297.71,1.7,297.69,25.8,297.72,0.5,297.74,1.1
1753503307562,04:15:07.562,AAVE/USDT:USDT,297.71,1.7,297.69,25.8,297.72,0.5,297.74,1.1
1753503307712,04:15:07.712,AAVE/USDT:USDT,297.71,1.5,297.69,25.8,297.72,0.8,297.74,1.1
1753503307862,04:15:07.862,AAVE/USDT:USDT,297.67,1.1,297.66,32.4,297.72,3.9,297.74,7.9
1753503308012,04:15:08.012,AAVE/USDT:USDT,297.68,0.5,297.67,3.5,297.7,0.3,297.71,1.9
1753503308312,04:15:08.312,AAVE/USDT:USDT,297.68,0.7,297.67,3.5,297.69,1.4,297.7,1.9
1753503308462,04:15:08.462,AAVE/USDT:USDT,297.68,0.8,297.67,3.5,297.69,2.6,297.7,1.9
1753503308613,04:15:08.613,AAVE/USDT:USDT,297.68,0.8,297.67,3.5,297.69,2.6,297.7,1.9
1753503308763,04:15:08.763,AAVE/USDT:USDT,297.68,0.8,297.67,3.5,297.69,2.6,297.7,1.9
1753503308913,04:15:08.913,AAVE/USDT:USDT,297.68,1.0,297.67,3.5,297.69,2.6,297.7,1.9
1753503309063,04:15:09.063,AAVE/USDT:USDT,297.68,0.8,297.67,3.5,297.69,1.1,297.7,3.4
1753503309213,04:15:09.213,AAVE/USDT:USDT,297.68,0.8,297.67,3.7,297.69,1.1,297.7,3.4
1753503309363,04:15:09.363,AAVE/USDT:USDT,297.68,2.3,297.67,3.7,297.72,0.2,297.73,10.1
1753503309513,04:15:09.513,AAVE/USDT:USDT,297.68,0.8,297.67,3.7,297.69,0.5,297.71,2.8
1753503309663,04:15:09.663,AAVE/USDT:USDT,297.68,0.8,297.67,3.7,297.69,0.5,297.71,2.8
1753503309813,04:15:09.813,AAVE/USDT:USDT,297.68,0.8,297.67,5.2,297.69,0.5,297.71,9.0
1753503309963,04:15:09.963,AAVE/USDT:USDT,297.68,0.8,297.67,3.7,297.69,0.8,297.71,9.0
1753503310113,04:15:10.113,AAVE/USDT:USDT,297.68,0.8,297.67,3.7,297.69,0.8,297.71,9.0
1753503310263,04:15:10.263,AAVE/USDT:USDT,297.68,0.8,297.67,3.7,297.69,0.5,297.71,9.0
1753503310414,04:15:10.414,AAVE/USDT:USDT,297.68,0.8,297.67,3.7,297.69,0.8,297.71,9.0
1753503310564,04:15:10.564,AAVE/USDT:USDT,297.68,4.3,297.67,3.7,297.69,0.5,297.71,8.7
1753503310714,04:15:10.714,AAVE/USDT:USDT,297.68,4.3,297.67,3.7,297.69,0.5,297.71,8.7
1753503310864,04:15:10.864,AAVE/USDT:USDT,297.68,4.3,297.67,3.7,297.69,0.5,297.71,8.7
1753503311014,04:15:11.014,AAVE/USDT:USDT,297.68,4.3,297.67,3.7,297.69,0.5,297.71,8.7
1753503311164,04:15:11.164,AAVE/USDT:USDT,297.68,4.3,297.67,3.7,297.69,0.5,297.71,8.7
1753503311314,04:15:11.314,AAVE/USDT:USDT,297.68,4.3,297.67,3.7,297.69,0.5,297.71,8.7
1753503311464,04:15:11.464,AAVE/USDT:USDT,297.68,4.3,297.67,3.7,297.69,0.5,297.71,8.7
1753503311764,04:15:11.764,AAVE/USDT:USDT,297.68,0.8,297.67,5.4,297.69,0.5,297.71,1.9
1753503311914,04:15:11.914,AAVE/USDT:USDT,297.68,0.8,297.67,5.4,297.69,0.5,297.71,1.9
1753503312064,04:15:12.064,AAVE/USDT:USDT,297.68,0.8,297.67,5.4,297.69,0.5,297.71,1.9
1753503312215,04:15:12.215,AAVE/USDT:USDT,297.68,0.8,297.67,5.4,297.69,0.5,297.71,1.9
1753503312365,04:15:12.365,AAVE/USDT:USDT,297.68,0.8,297.67,5.4,297.69,0.5,297.71,1.9
1753503312515,04:15:12.515,AAVE/USDT:USDT,297.68,0.8,297.67,5.4,297.69,0.5,297.71,8.7
1753503312665,04:15:12.665,AAVE/USDT:USDT,297.68,0.8,297.67,5.4,297.69,0.5,297.71,8.7
1753503312815,04:15:12.815,AAVE/USDT:USDT,297.68,0.8,297.67,5.4,297.69,0.5,297.71,8.7
1753503312965,04:15:12.965,AAVE/USDT:USDT,297.68,0.8,297.67,5.4,297.69,0.5,297.71,8.7
1753503313115,04:15:13.115,AAVE/USDT:USDT,297.68,0.8,297.67,5.4,297.69,0.5,297.71,8.7
1753503313265,04:15:13.265,AAVE/USDT:USDT,297.68,0.8,297.67,5.4,297.69,0.5,297.71,8.7
1753503313415,04:15:13.415,AAVE/USDT:USDT,297.68,0.8,297.67,5.4,297.69,0.5,297.71,8.7
1753503313565,04:15:13.565,AAVE/USDT:USDT,297.68,0.8,297.67,5.4,297.69,0.5,297.71,8.7
1753503313865,04:15:13.865,AAVE/USDT:USDT,297.68,2.8,297.67,5.4,297.72,8.9,297.73,8.5
1753503314016,04:15:14.016,AAVE/USDT:USDT,297.71,0.4,297.7,0.3,297.72,4.8,297.73,8.5
1753503314166,04:15:14.166,AAVE/USDT:USDT,297.71,0.4,297.7,0.3,297.72,4.8,297.73,5.2
1753503314316,04:15:14.316,AAVE/USDT:USDT,297.71,0.7,297.69,1.9,297.72,4.8,297.73,5.2
1753503314466,04:15:14.466,AAVE/USDT:USDT,297.71,0.7,297.69,1.9,297.72,4.5,297.73,5.2
1753503314616,04:15:14.616,AAVE/USDT:USDT,297.71,0.4,297.69,1.9,297.72,4.5,297.73,5.2
1753503314766,04:15:14.766,AAVE/USDT:USDT,297.71,0.4,297.69,1.9,297.72,4.8,297.73,5.2
1753503314916,04:15:14.916,AAVE/USDT:USDT,297.71,0.4,297.69,1.9,297.72,4.5,297.73,5.5
1753503315066,04:15:15.066,AAVE/USDT:USDT,297.71,0.4,297.69,1.9,297.72,4.5,297.73,5.5
1753503315216,04:15:15.216,AAVE/USDT:USDT,297.71,0.4,297.69,1.9,297.72,4.5,297.73,5.5
1753503315366,04:15:15.366,AAVE/USDT:USDT,297.71,0.4,297.69,1.9,297.72,4.5,297.73,5.5
1753503315516,04:15:15.516,AAVE/USDT:USDT,297.71,0.4,297.69,1.9,297.72,4.5,297.73,5.5
1753503315817,04:15:15.817,AAVE/USDT:USDT,297.71,0.4,297.69,1.9,297.72,5.9,297.73,5.5
1753503315967,04:15:15.967,AAVE/USDT:USDT,297.71,0.4,297.69,1.9,297.72,5.9,297.73,5.5
1753503316117,04:15:16.117,AAVE/USDT:USDT,297.71,0.4,297.69,1.9,297.72,5.9,297.73,5.5
1753503316267,04:15:16.267,AAVE/USDT:USDT,297.71,0.4,297.69,1.9,297.72,5.9,297.73,5.5
1753503316417,04:15:16.417,AAVE/USDT:USDT,297.71,0.4,297.69,1.9,297.72,5.9,297.73,5.5
1753503316567,04:15:16.567,AAVE/USDT:USDT,297.71,0.4,297.69,1.9,297.72,5.9,297.73,5.5
1753503316717,04:15:16.717,AAVE/USDT:USDT,297.71,5.8,297.7,1.2,297.73,2.6,297.74,8.5
1753503316867,04:15:16.867,AAVE/USDT:USDT,297.72,6.2,297.71,3.5,297.74,8.5,297.75,27.2
1753503317017,04:15:17.017,AAVE/USDT:USDT,297.73,3.5,297.72,1.9,297.78,26.7,297.79,27.6
1753503317167,04:15:17.167,AAVE/USDT:USDT,297.77,6.4,297.75,26.1,297.79,28.5,297.8,101.2
1753503317317,04:15:17.317,AAVE/USDT:USDT,297.78,3.8,297.77,6.0,297.79,27.6,297.8,9.1
1753503317468,04:15:17.468,AAVE/USDT:USDT,297.79,0.3,297.78,0.5,297.8,17.5,297.81,40.7
1753503317618,04:15:17.618,AAVE/USDT:USDT,297.78,0.5,297.77,0.5,297.8,11.3,297.81,33.9
1753503317768,04:15:17.768,AAVE/USDT:USDT,297.78,0.5,297.77,0.5,297.79,1.0,297.8,19.2
1753503318068,04:15:18.068,AAVE/USDT:USDT,297.78,0.8,297.77,0.5,297.79,2.2,297.8,18.7
1753503318218,04:15:18.218,AAVE/USDT:USDT,297.78,0.8,297.77,0.5,297.79,3.4,297.8,18.7
1753503318368,04:15:18.368,AAVE/USDT:USDT,297.78,0.8,297.77,2.0,297.79,3.1,297.8,18.7
1753503318518,04:15:18.518,AAVE/USDT:USDT,297.78,3.8,297.77,2.0,297.79,1.3,297.8,12.4
1753503318668,04:15:18.668,AAVE/USDT:USDT,297.78,3.4,297.77,4.2,297.79,0.5,297.8,12.4
1753503318818,04:15:18.818,AAVE/USDT:USDT,297.78,3.4,297.77,4.2,297.79,0.5,297.8,12.4
1753503318968,04:15:18.968,AAVE/USDT:USDT,297.78,3.4,297.77,4.2,297.79,0.5,297.8,12.4
1753503319119,04:15:19.119,AAVE/USDT:USDT,297.78,3.4,297.77,4.2,297.79,0.5,297.8,12.4
1753503319269,04:15:19.269,AAVE/USDT:USDT,297.79,4.8,297.78,1.3,297.81,4.6,297.82,5.4
1753503319419,04:15:19.419,AAVE/USDT:USDT,297.8,2.3,297.79,2.5,297.81,2.0,297.82,5.4
1753503319568,04:15:19.568,AAVE/USDT:USDT,297.81,0.3,297.8,2.5,297.82,8.1,297.83,78.9
1753503319719,04:15:19.719,AAVE/USDT:USDT,297.81,0.8,297.8,2.5,297.82,5.7,297.83,72.1
1753503319869,04:15:19.869,AAVE/USDT:USDT,297.81,0.8,297.8,0.5,297.82,5.0,297.83,31.4
1753503320019,04:15:20.019,AAVE/USDT:USDT,297.81,0.8,297.8,2.0,297.82,0.7,297.83,31.4
1753503320169,04:15:20.169,AAVE/USDT:USDT,297.81,0.8,297.8,0.5,297.82,1.8,297.83,31.7
1753503320319,04:15:20.319,AAVE/USDT:USDT,297.81,0.8,297.8,0.5,297.82,1.8,297.83,31.7
1753503320469,04:15:20.469,AAVE/USDT:USDT,297.81,0.8,297.8,0.5,297.82,1.8,297.83,31.7
1753503320619,04:15:20.619,AAVE/USDT:USDT,297.81,0.8,297.8,0.5,297.82,1.8,297.83,31.7
1753503320769,04:15:20.769,AAVE/USDT:USDT,297.81,0.8,297.8,3.0,297.82,0.7,297.83,31.7
1753503320920,04:15:20.920,AAVE/USDT:USDT,297.81,2.8,297.8,3.0,297.82,0.7,297.83,28.6
1753503321069,04:15:21.069,AAVE/USDT:USDT,297.81,2.8,297.8,3.0,297.82,0.2,297.84,94.3
1753503321219,04:15:21.219,AAVE/USDT:USDT,297.82,2.0,297.81,2.8,297.84,92.4,297.85,3.5
1753503321520,04:15:21.520,AAVE/USDT:USDT,297.83,0.8,297.82,1.9,297.84,92.4,297.85,3.4
1753503321670,04:15:21.670,AAVE/USDT:USDT,297.83,0.5,297.82,1.9,297.84,92.9,297.85,3.4
1753503321820,04:15:21.820,AAVE/USDT:USDT,297.83,0.8,297.82,1.9,297.84,2.1,297.85,3.4
1753503321970,04:15:21.970,AAVE/USDT:USDT,297.83,0.8,297.82,1.9,297.84,2.1,297.85,3.4
1753503322120,04:15:22.120,AAVE/USDT:USDT,297.83,0.8,297.82,1.9,297.84,2.1,297.85,3.4
1753503322270,04:15:22.270,AAVE/USDT:USDT,297.83,0.8,297.82,1.9,297.84,0.9,297.85,3.1
1753503322420,04:15:22.420,AAVE/USDT:USDT,297.83,0.8,297.82,1.9,297.84,0.8,297.85,3.1
1753503322570,04:15:22.570,AAVE/USDT:USDT,297.83,0.8,297.82,1.9,297.84,2.2,297.85,3.4
1753503322721,04:15:22.721,AAVE/USDT:USDT,297.83,0.8,297.82,1.9,297.84,2.2,297.85,3.4
1753503322871,04:15:22.871,AAVE/USDT:USDT,297.83,0.8,297.82,1.9,297.84,2.2,297.85,3.4
1753503323021,04:15:23.021,AAVE/USDT:USDT,297.83,0.5,297.82,1.9,297.84,2.5,297.85,3.4
1753503323171,04:15:23.171,AAVE/USDT:USDT,297.83,0.5,297.81,0.5,297.84,2.5,297.85,3.4
1753503323321,04:15:23.321,AAVE/USDT:USDT,297.83,0.5,297.81,0.5,297.84,2.5,297.85,3.4
1753503323471,04:15:23.471,AAVE/USDT:USDT,297.83,0.5,297.81,0.5,297.84,2.2,297.85,3.4
1753503323621,04:15:23.621,AAVE/USDT:USDT,297.83,0.8,297.81,0.5,297.84,2.2,297.85,3.4
1753503323771,04:15:23.771,AAVE/USDT:USDT,297.83,0.8,297.81,0.5,297.84,2.2,297.85,3.4
1753503323921,04:15:23.921,AAVE/USDT:USDT,297.83,0.8,297.81,0.5,297.84,2.2,297.85,3.4
1753503324071,04:15:24.071,AAVE/USDT:USDT,297.83,0.8,297.81,0.5,297.84,2.5,297.85,3.4
1753503324372,04:15:24.372,AAVE/USDT:USDT,297.83,0.8,297.81,0.5,297.84,2.0,297.85,3.1
1753503324522,04:15:24.522,AAVE/USDT:USDT,297.83,0.8,297.81,0.5,297.84,2.0,297.85,3.1
1753503324672,04:15:24.672,AAVE/USDT:USDT,297.83,0.8,297.81,0.5,297.84,1.7,297.85,3.1
1753503324822,04:15:24.822,AAVE/USDT:USDT,297.83,0.5,297.81,0.5,297.84,2.0,297.85,3.4
1753503324972,04:15:24.972,AAVE/USDT:USDT,297.81,0.8,297.8,0.5,297.83,1.9,297.84,4.3
1753503325122,04:15:25.122,AAVE/USDT:USDT,297.82,0.3,297.81,3.0,297.83,2.2,297.84,4.0
1753503325272,04:15:25.272,AAVE/USDT:USDT,297.82,0.8,297.81,0.5,297.83,1.9,297.84,6.0
1753503325422,04:15:25.422,AAVE/USDT:USDT,297.82,0.8,297.81,0.5,297.83,2.2,297.84,6.0
1753503325572,04:15:25.572,AAVE/USDT:USDT,297.82,0.8,297.81,0.5,297.83,2.2,297.84,6.0
1753503325722,04:15:25.722,AAVE/USDT:USDT,297.82,0.5,297.81,1.5,297.83,2.2,297.84,6.0
1753503325872,04:15:25.872,AAVE/USDT:USDT,297.82,0.8,297.81,3.0,297.84,1.6,297.85,1.4
1753503326022,04:15:26.022,AAVE/USDT:USDT,297.83,2.2,297.82,3.1,297.85,1.4,297.86,0.4
1753503326173,04:15:26.173,AAVE/USDT:USDT,297.84,0.8,297.83,2.4,297.85,1.1,297.86,0.4
1753503326323,04:15:26.323,AAVE/USDT:USDT,297.84,0.8,297.83,2.4,297.85,0.5,297.86,2.6
1753503326473,04:15:26.473,AAVE/USDT:USDT,297.84,0.5,297.83,2.4,297.85,1.1,297.86,0.4
1753503326623,04:15:26.623,AAVE/USDT:USDT,297.84,0.5,297.83,0.5,297.85,1.9,297.86,2.5
1753503326773,04:15:26.773,AAVE/USDT:USDT,297.84,0.5,297.83,0.5,297.85,1.9,297.86,2.5
1753503326923,04:15:26.923,AAVE/USDT:USDT,297.83,0.5,297.82,0.5,297.85,1.9,297.86,2.5
1753503327073,04:15:27.073,AAVE/USDT:USDT,297.83,0.5,297.82,0.5,297.85,1.3,297.86,2.5
1753503327223,04:15:27.223,AAVE/USDT:USDT,297.83,2.5,297.82,0.5,297.85,1.0,297.86,2.5
1753503327373,04:15:27.373,AAVE/USDT:USDT,297.83,2.5,297.82,0.5,297.85,1.0,297.86,2.5
1753503327523,04:15:27.523,AAVE/USDT:USDT,297.83,0.8,297.82,0.5,297.85,1.3,297.86,2.5
1753503327673,04:15:27.673,AAVE/USDT:USDT,297.83,0.8,297.82,0.5,297.85,1.3,297.86,2.5
1753503327823,04:15:27.823,AAVE/USDT:USDT,297.83,0.8,297.82,0.5,297.85,1.3,297.86,2.5
1753503327974,04:15:27.974,AAVE/USDT:USDT,297.83,0.8,297.82,0.5,297.85,1.0,297.86,2.5
1753503328124,04:15:28.124,AAVE/USDT:USDT,297.83,0.5,297.82,0.5,297.85,1.0,297.86,2.5
1753503328274,04:15:28.274,AAVE/USDT:USDT,297.83,0.5,297.82,0.5,297.84,1.2,297.85,0.7
1753503328424,04:15:28.424,AAVE/USDT:USDT,297.79,0.3,297.78,26.5,297.84,1.2,297.85,0.7
1753503328574,04:15:28.574,AAVE/USDT:USDT,297.81,2.8,297.8,4.4,297.84,1.4,297.85,28.7
1753503328724,04:15:28.724,AAVE/USDT:USDT,297.82,0.5,297.81,2.5,297.83,0.6,297.84,3.8
1753503328874,04:15:28.874,AAVE/USDT:USDT,297.82,0.5,297.81,1.5,297.83,0.9,297.84,8.5
1753503329024,04:15:29.024,AAVE/USDT:USDT,297.82,0.5,297.8,4.4,297.83,0.9,297.84,8.5
1753503329174,04:15:29.174,AAVE/USDT:USDT,297.82,0.5,297.8,2.4,297.83,0.9,297.84,8.5
1753503329324,04:15:29.324,AAVE/USDT:USDT,297.82,0.5,297.8,2.4,297.83,0.9,297.84,8.5
1753503329474,04:15:29.474,AAVE/USDT:USDT,297.82,0.5,297.8,2.4,297.83,0.9,297.84,8.5
1753503329624,04:15:29.624,AAVE/USDT:USDT,297.82,0.5,297.8,2.4,297.83,0.9,297.84,8.5
1753503329775,04:15:29.775,AAVE/USDT:USDT,297.82,0.5,297.8,2.4,297.83,3.1,297.84,8.5
1753503329925,04:15:29.925,AAVE/USDT:USDT,297.8,2.4,297.79,1.9,297.83,3.1,297.84,8.5
1753503330075,04:15:30.075,AAVE/USDT:USDT,297.8,2.7,297.79,1.9,297.83,3.1,297.84,8.5
1753503330225,04:15:30.225,AAVE/USDT:USDT,297.8,3.4,297.79,1.9,297.83,3.1,297.84,8.5
1753503330375,04:15:30.375,AAVE/USDT:USDT,297.82,0.8,297.81,1.5,297.83,2.2,297.84,8.2
1753503330525,04:15:30.525,AAVE/USDT:USDT,297.82,0.8,297.81,1.5,297.83,2.5,297.84,8.2
1753503330675,04:15:30.675,AAVE/USDT:USDT,297.82,0.8,297.81,1.5,297.83,2.5,297.84,8.2
1753503330825,04:15:30.825,AAVE/USDT:USDT,297.82,0.8,297.8,5.4,297.83,2.5,297.84,8.5
1753503330975,04:15:30.975,AAVE/USDT:USDT,297.82,0.8,297.8,5.4,297.85,28.2,297.86,7.5
1753503331126,04:15:31.126,AAVE/USDT:USDT,297.82,2.4,297.8,5.4,297.85,29.8,297.86,0.7
1753503331275,04:15:31.275,AAVE/USDT:USDT,297.84,0.8,297.82,5.9,297.85,30.1,297.86,2.8
1753503331425,04:15:31.425,AAVE/USDT:USDT,297.84,0.5,297.82,5.9,297.85,30.1,297.86,2.8
1753503331575,04:15:31.575,AAVE/USDT:USDT,297.84,0.5,297.82,5.9,297.85,30.1,297.86,2.8
1753503331726,04:15:31.726,AAVE/USDT:USDT,297.84,0.8,297.82,5.9,297.85,30.1,297.86,2.8
1753503331876,04:15:31.876,AAVE/USDT:USDT,297.84,0.8,297.82,5.9,297.85,28.5,297.86,2.8
1753503332026,04:15:32.026,AAVE/USDT:USDT,297.82,2.4,297.8,2.4,297.85,30.3,297.86,2.8
1753503332176,04:15:32.176,AAVE/USDT:USDT,297.82,2.4,297.8,2.4,297.83,0.6,297.85,30.3
1753503332326,04:15:32.326,AAVE/USDT:USDT,297.82,2.4,297.81,1.5,297.83,0.6,297.85,30.1
1753503332476,04:15:32.476,AAVE/USDT:USDT,297.82,2.7,297.81,2.5,297.83,2.8,297.85,30.1
1753503332626,04:15:32.626,AAVE/USDT:USDT,297.82,2.7,297.81,2.5,297.83,2.8,297.85,36.9
1753503332926,04:15:32.926,AAVE/USDT:USDT,297.82,2.7,297.81,2.5,297.83,2.8,297.84,2.6
1753503333076,04:15:33.076,AAVE/USDT:USDT,297.82,2.7,297.81,2.5,297.83,2.8,297.84,2.6
1753503333226,04:15:33.226,AAVE/USDT:USDT,297.82,2.7,297.81,2.5,297.83,2.8,297.84,2.6
1753503333376,04:15:33.376,AAVE/USDT:USDT,297.82,2.7,297.81,2.5,297.84,2.6,297.85,35.3
1753503333527,04:15:33.527,AAVE/USDT:USDT,297.83,0.8,297.82,2.4,297.84,0.2,297.85,28.5
1753503333677,04:15:33.677,AAVE/USDT:USDT,297.83,0.8,297.82,2.4,297.84,2.8,297.85,28.5
1753503333827,04:15:33.827,AAVE/USDT:USDT,297.83,0.8,297.82,2.4,297.84,2.8,297.85,28.5
1753503333977,04:15:33.977,AAVE/USDT:USDT,297.83,0.8,297.82,2.4,297.84,0.2,297.85,28.5
1753503334127,04:15:34.127,AAVE/USDT:USDT,297.83,0.8,297.82,2.4,297.84,0.5,297.85,28.5
1753503334277,04:15:34.277,AAVE/USDT:USDT,297.83,0.8,297.82,2.4,297.84,1.4,297.85,28.5
1753503334427,04:15:34.427,AAVE/USDT:USDT,297.83,0.8,297.82,2.4,297.84,1.4,297.85,28.5
1753503334577,04:15:34.577,AAVE/USDT:USDT,297.83,0.8,297.82,2.4,297.84,3.3,297.85,28.2
1753503334727,04:15:34.727,AAVE/USDT:USDT,297.83,0.8,297.82,2.4,297.84,3.3,297.85,28.2
1753503334877,04:15:34.877,AAVE/USDT:USDT,297.83,0.8,297.82,2.4,297.84,3.3,297.85,28.2
1753503335027,04:15:35.027,AAVE/USDT:USDT,297.83,0.8,297.82,2.4,297.84,3.3,297.85,28.2
1753503335178,04:15:35.178,AAVE/USDT:USDT,297.83,0.8,297.82,2.4,297.84,0.2,297.85,26.1
1753503335327,04:15:35.327,AAVE/USDT:USDT,297.83,0.8,297.82,2.4,297.84,0.4,297.85,28.6
1753503335478,04:15:35.478,AAVE/USDT:USDT,297.83,0.8,297.82,2.4,297.84,0.6,297.85,28.6
1753503335628,04:15:35.628,AAVE/USDT:USDT,297.83,0.8,297.82,2.4,297.84,0.6,297.85,28.6
1753503335778,04:15:35.778,AAVE/USDT:USDT,297.83,0.8,297.82,2.4,297.84,1.5,297.85,28.6
1753503335928,04:15:35.928,AAVE/USDT:USDT,297.83,0.5,297.82,2.4,297.84,0.9,297.85,28.6
1753503336078,04:15:36.078,AAVE/USDT:USDT,297.82,2.4,297.81,2.7,297.84,0.9,297.85,28.3
1753503336228,04:15:36.228,AAVE/USDT:USDT,297.83,0.3,297.82,2.4,297.84,4.9,297.85,28.3
1753503336378,04:15:36.378,AAVE/USDT:USDT,297.82,2.4,297.81,1.0,297.84,4.6,297.85,28.3
1753503336528,04:15:36.528,AAVE/USDT:USDT,297.82,0.8,297.8,2.4,297.83,0.6,297.84,7.3
1753503336678,04:15:36.678,AAVE/USDT:USDT,297.82,0.8,297.81,1.0,297.83,0.6,297.84,4.7
1753503336828,04:15:36.828,AAVE/USDT:USDT,297.82,0.8,297.81,1.0,297.83,0.6,297.84,4.7
1753503336979,04:15:36.979,AAVE/USDT:USDT,297.82,0.8,297.81,1.0,297.83,0.6,297.84,4.7
1753503337129,04:15:37.129,AAVE/USDT:USDT,297.82,0.8,297.81,1.0,297.83,0.6,297.84,4.7
1753503337279,04:15:37.279,AAVE/USDT:USDT,297.82,2.3,297.81,1.0,297.83,0.6,297.84,4.4
1753503337429,04:15:37.429,AAVE/USDT:USDT,297.82,4.3,297.81,1.0,297.83,0.6,297.84,4.4
1753503337579,04:15:37.579,AAVE/USDT:USDT,297.82,2.3,297.81,1.0,297.83,0.6,297.84,4.4
1753503337729,04:15:37.729,AAVE/USDT:USDT,297.82,2.3,297.81,1.0,297.83,0.3,297.84,4.4
1753503337879,04:15:37.879,AAVE/USDT:USDT,297.81,1.0,297.8,1.9,297.83,0.3,297.84,4.7
1753503338029,04:15:38.029,AAVE/USDT:USDT,297.81,2.0,297.8,1.9,297.82,0.6,297.83,0.8
1753503338179,04:15:38.179,AAVE/USDT:USDT,297.81,3.0,297.8,1.9,297.82,0.6,297.83,0.8
1753503338329,04:15:38.329,AAVE/USDT:USDT,297.81,3.3,297.8,1.9,297.83,0.5,297.84,11.6
1753503338479,04:15:38.479,AAVE/USDT:USDT,297.82,0.3,297.81,4.9,297.83,0.5,297.84,11.6
1753503338629,04:15:38.629,AAVE/USDT:USDT,297.82,0.8,297.81,4.9,297.84,11.3,297.85,32.9
1753503338780,04:15:38.780,AAVE/USDT:USDT,297.83,0.3,297.82,0.5,297.84,11.3,297.85,26.1
1753503338930,04:15:38.930,AAVE/USDT:USDT,297.83,0.3,297.82,0.5,297.84,2.0,297.85,28.6
1753503339080,04:15:39.080,AAVE/USDT:USDT,297.83,0.8,297.82,0.5,297.84,2.0,297.85,28.6
1753503339230,04:15:39.230,AAVE/USDT:USDT,297.83,0.8,297.82,0.5,297.84,2.3,297.85,28.6
1753503339380,04:15:39.380,AAVE/USDT:USDT,297.83,0.5,297.82,0.5,297.84,2.3,297.85,28.6
1753503339530,04:15:39.530,AAVE/USDT:USDT,297.83,0.5,297.82,0.5,297.84,2.3,297.85,28.6
1753503339680,04:15:39.680,AAVE/USDT:USDT,297.83,0.5,297.82,0.5,297.84,3.3,297.85,28.6
1753503339830,04:15:39.830,AAVE/USDT:USDT,297.83,0.5,297.82,0.5,297.84,3.3,297.85,28.6
1753503339980,04:15:39.980,AAVE/USDT:USDT,297.83,0.5,297.82,0.5,297.84,3.5,297.85,28.6
1753503340130,04:15:40.130,AAVE/USDT:USDT,297.83,0.5,297.82,0.5,297.84,3.5,297.85,28.6
1753503340280,04:15:40.280,AAVE/USDT:USDT,297.83,0.5,297.82,0.5,297.84,3.5,297.85,28.6
1753503340431,04:15:40.431,AAVE/USDT:USDT,297.83,0.5,297.82,0.5,297.84,3.5,297.85,28.6
1753503340581,04:15:40.581,AAVE/USDT:USDT,297.83,0.8,297.82,0.5,297.84,3.5,297.85,28.6
1753503340731,04:15:40.731,AAVE/USDT:USDT,297.83,0.8,297.82,0.5,297.84,3.5,297.85,28.6
1753503340881,04:15:40.881,AAVE/USDT:USDT,297.83,0.8,297.82,0.5,297.84,3.5,297.85,28.6
1753503341031,04:15:41.031,AAVE/USDT:USDT,297.83,0.8,297.82,0.5,297.84,3.5,297.85,28.6
1753503341181,04:15:41.181,AAVE/USDT:USDT,297.83,0.5,297.82,0.5,297.84,3.5,297.85,28.6
1753503341331,04:15:41.331,AAVE/USDT:USDT,297.83,0.5,297.82,0.5,297.84,3.5,297.85,28.6
1753503341481,04:15:41.481,AAVE/USDT:USDT,297.81,3.4,297.8,1.9,297.84,3.5,297.85,28.6
1753503341631,04:15:41.631,AAVE/USDT:USDT,297.83,0.5,297.82,0.3,297.84,3.2,297.85,28.6
1753503341781,04:15:41.781,AAVE/USDT:USDT,297.83,0.8,297.81,4.9,297.84,3.2,297.85,26.4
1753503341931,04:15:41.931,AAVE/USDT:USDT,297.83,0.8,297.81,4.9,297.84,3.2,297.85,26.4
1753503342082,04:15:42.082,AAVE/USDT:USDT,297.83,0.5,297.81,4.9,297.84,3.5,297.85,26.4
1753503342232,04:15:42.232,AAVE/USDT:USDT,297.83,0.8,297.81,4.9,297.84,3.2,297.85,26.4
1753503342382,04:15:42.382,AAVE/USDT:USDT,297.83,0.8,297.81,4.9,297.84,3.2,297.85,26.4
1753503342532,04:15:42.532,AAVE/USDT:USDT,297.83,0.5,297.81,4.9,297.84,3.5,297.85,28.6
1753503342682,04:15:42.682,AAVE/USDT:USDT,297.83,0.8,297.81,4.9,297.84,0.2,297.85,28.3
1753503342832,04:15:42.832,AAVE/USDT:USDT,297.83,0.8,297.81,4.9,297.84,0.2,297.85,28.6
1753503342982,04:15:42.982,AAVE/USDT:USDT,297.83,0.8,297.81,4.9,297.84,2.8,297.85,28.6
1753503343132,04:15:43.132,AAVE/USDT:USDT,297.83,0.8,297.81,4.9,297.84,5.4,297.85,28.6
1753503343282,04:15:43.282,AAVE/USDT:USDT,297.83,0.8,297.81,4.9,297.84,5.4,297.85,28.6
1753503343432,04:15:43.432,AAVE/USDT:USDT,297.83,0.5,297.81,4.9,297.84,5.4,297.85,28.6
1753503343582,04:15:43.582,AAVE/USDT:USDT,297.83,0.5,297.81,4.9,297.84,5.4,297.85,28.6
1753503343732,04:15:43.732,AAVE/USDT:USDT,297.81,4.9,297.8,1.9,297.84,5.4,297.85,28.6
1753503343883,04:15:43.883,AAVE/USDT:USDT,297.82,0.3,297.81,2.4,297.84,5.4,297.85,28.6
1753503344033,04:15:44.033,AAVE/USDT:USDT,297.82,0.5,297.81,2.4,297.83,0.9,297.84,5.4
1753503344183,04:15:44.183,AAVE/USDT:USDT,297.82,0.8,297.81,2.4,297.83,0.9,297.84,2.8
1753503344333,04:15:44.333,AAVE/USDT:USDT,297.82,0.8,297.81,3.9,297.83,0.9,297.84,2.8
1753503344483,04:15:44.483,AAVE/USDT:USDT,297.82,0.8,297.81,3.9,297.83,0.6,297.84,2.8
1753503344633,04:15:44.633,AAVE/USDT:USDT,297.82,0.8,297.81,2.4,297.83,0.6,297.84,5.2
1753503344783,04:15:44.783,AAVE/USDT:USDT,297.82,0.8,297.81,2.4,297.83,0.6,297.84,12.2
1753503344933,04:15:44.933,AAVE/USDT:USDT,297.82,0.5,297.81,2.4,297.83,0.9,297.84,12.2
1753503345083,04:15:45.083,AAVE/USDT:USDT,297.82,0.8,297.81,2.4,297.83,0.9,297.84,12.2
1753503345233,04:15:45.233,AAVE/USDT:USDT,297.82,0.8,297.81,2.4,297.83,0.3,297.84,12.2
1753503345383,04:15:45.383,AAVE/USDT:USDT,297.82,0.5,297.81,2.4,297.83,0.3,297.84,12.2
1753503345533,04:15:45.533,AAVE/USDT:USDT,297.82,0.8,297.81,3.9,297.84,12.2,297.85,33.2
1753503345684,04:15:45.684,AAVE/USDT:USDT,297.82,0.8,297.81,3.9,297.84,12.2,297.85,26.4
1753503345834,04:15:45.834,AAVE/USDT:USDT,297.82,0.8,297.81,3.9,297.84,12.5,297.85,26.4
1753503345984,04:15:45.984,AAVE/USDT:USDT,297.82,0.8,297.81,3.9,297.84,12.5,297.85,26.4
1753503346134,04:15:46.134,AAVE/USDT:USDT,297.82,0.8,297.81,3.9,297.84,12.5,297.85,26.4
1753503346284,04:15:46.284,AAVE/USDT:USDT,297.82,0.8,297.81,3.9,297.84,12.2,297.85,26.4
1753503346434,04:15:46.434,AAVE/USDT:USDT,297.82,0.8,297.81,3.9,297.84,12.2,297.85,26.4
1753503346584,04:15:46.584,AAVE/USDT:USDT,297.82,0.8,297.81,3.9,297.84,12.2,297.85,26.4
1753503346734,04:15:46.734,AAVE/USDT:USDT,297.82,0.5,297.81,3.9,297.84,12.2,297.85,26.4
1753503346884,04:15:46.884,AAVE/USDT:USDT,297.82,0.5,297.81,2.4,297.84,12.2,297.85,26.4
1753503347034,04:15:47.034,AAVE/USDT:USDT,297.78,0.7,297.75,30.9,297.82,0.5,297.83,1.3
1753503347184,04:15:47.184,AAVE/USDT:USDT,297.79,0.3,297.78,0.5,297.81,0.3,297.82,1.2
1753503347334,04:15:47.334,AAVE/USDT:USDT,297.79,0.3,297.78,0.5,297.8,0.6,297.81,0.6
1753503347485,04:15:47.485,AAVE/USDT:USDT,297.79,0.3,297.78,0.5,297.8,0.9,297.81,1.2
1753503347635,04:15:47.635,AAVE/USDT:USDT,297.69,0.1,297.68,0.3,297.76,0.3,297.77,26.5
1753503347785,04:15:47.785,AAVE/USDT:USDT,297.69,2.5,297.68,0.1,297.7,0.6,297.72,0.7
1753503347935,04:15:47.935,AAVE/USDT:USDT,297.69,0.1,297.68,0.1,297.7,0.9,297.71,0.3
1753503348085,04:15:48.085,AAVE/USDT:USDT,297.69,5.0,297.66,26.5,297.72,0.7,297.73,7.7
1753503348235,04:15:48.235,AAVE/USDT:USDT,297.71,6.7,297.7,1.9,297.74,25.8,297.75,94.5
1753503348385,04:15:48.385,AAVE/USDT:USDT,297.73,0.8,297.72,2.0,297.74,26.3,297.75,94.5
1753503348535,04:15:48.535,AAVE/USDT:USDT,297.73,0.8,297.71,2.4,297.74,26.3,297.75,96.2
1753503348685,04:15:48.685,AAVE/USDT:USDT,297.73,0.8,297.71,2.6,297.74,26.0,297.75,96.5
1753503348835,04:15:48.835,AAVE/USDT:USDT,297.73,0.8,297.71,2.6,297.74,26.0,297.75,94.8
1753503348985,04:15:48.985,AAVE/USDT:USDT,297.73,0.8,297.71,2.6,297.74,27.6,297.75,94.8
1753503349135,04:15:49.135,AAVE/USDT:USDT,297.73,5.3,297.71,2.4,297.75,94.5,297.76,8.1
1753503349286,04:15:49.286,AAVE/USDT:USDT,297.74,6.7,297.73,3.0,297.75,92.6,297.76,8.1
1753503349436,04:15:49.436,AAVE/USDT:USDT,297.74,6.7,297.73,3.0,297.75,92.8,297.76,5.0
1753503349586,04:15:49.586,AAVE/USDT:USDT,297.74,4.7,297.73,3.0,297.75,92.8,297.76,9.5
1753503349736,04:15:49.736,AAVE/USDT:USDT,297.74,4.7,297.73,3.0,297.75,92.8,297.76,9.5
1753503349886,04:15:49.886,AAVE/USDT:USDT,297.74,5.4,297.73,4.2,297.75,92.0,297.77,26.5
1753503350036,04:15:50.036,AAVE/USDT:USDT,297.74,2.7,297.73,2.0,297.75,92.0,297.77,33.3
1753503350186,04:15:50.186,AAVE/USDT:USDT,297.74,2.7,297.73,0.5,297.75,92.0,297.76,10.3
1753503350336,04:15:50.336,AAVE/USDT:USDT,297.74,7.9,297.73,1.7,297.75,92.0,297.77,5.0
1753503350486,04:15:50.486,AAVE/USDT:USDT,297.74,7.9,297.73,1.7,297.75,92.0,297.77,5.0
1753503350636,04:15:50.636,AAVE/USDT:USDT,297.74,7.9,297.73,1.7,297.77,5.0,297.78,1.5
1753503350786,04:15:50.786,AAVE/USDT:USDT,297.76,0.8,297.74,7.6,297.78,2.6,297.79,130.2
1753503350936,04:15:50.936,AAVE/USDT:USDT,297.76,0.5,297.74,7.9,297.78,0.6,297.79,123.4
1753503351087,04:15:51.087,AAVE/USDT:USDT,297.76,0.5,297.74,7.9,297.77,0.6,297.78,36.6
1753503351237,04:15:51.237,AAVE/USDT:USDT,297.74,3.4,297.73,0.5,297.77,0.6,297.78,37.0
1753503351387,04:15:51.387,AAVE/USDT:USDT,297.74,0.5,297.73,0.5,297.75,0.6,297.77,3.5
1753503351537,04:15:51.537,AAVE/USDT:USDT,297.74,0.8,297.73,0.5,297.75,0.6,297.76,0.2
1753503351687,04:15:51.687,AAVE/USDT:USDT,297.74,0.3,297.73,0.5,297.75,0.6,297.76,0.2
1753503351837,04:15:51.837,AAVE/USDT:USDT,297.72,0.7,297.71,1.9,297.75,0.9,297.76,28.4
1753503351987,04:15:51.987,AAVE/USDT:USDT,297.72,2.2,297.71,3.4,297.73,0.6,297.75,0.9
1753503352137,04:15:52.137,AAVE/USDT:USDT,297.72,2.5,297.71,3.4,297.73,0.6,297.75,6.8
1753503352287,04:15:52.287,AAVE/USDT:USDT,297.72,0.5,297.69,0.2,297.73,0.6,297.74,0.3
1753503352437,04:15:52.437,AAVE/USDT:USDT,297.66,0.9,297.65,6.0,297.73,2.5,297.74,2.3
1753503352587,04:15:52.587,AAVE/USDT:USDT,297.69,0.5,297.68,0.8,297.72,25.8,297.73,3.2
1753503352738,04:15:52.738,AAVE/USDT:USDT,297.69,0.8,297.68,0.5,297.7,0.6,297.71,0.3
1753503352888,04:15:52.888,AAVE/USDT:USDT,297.69,0.8,297.68,1.5,297.7,0.9,297.71,8.0
1753503353038,04:15:53.038,AAVE/USDT:USDT,297.69,0.5,297.68,1.5,297.7,0.9,297.71,8.0
1753503353188,04:15:53.188,AAVE/USDT:USDT,297.69,0.8,297.68,1.5,297.7,0.9,297.71,8.0
1753503353338,04:15:53.338,AAVE/USDT:USDT,297.69,0.8,297.68,1.5,297.7,0.9,297.71,8.0
1753503353488,04:15:53.488,AAVE/USDT:USDT,297.69,0.8,297.68,1.5,297.7,0.9,297.71,8.0
1753503353638,04:15:53.638,AAVE/USDT:USDT,297.66,0.7,297.65,0.9,297.69,0.8,297.7,0.9
1753503353788,04:15:53.788,AAVE/USDT:USDT,297.66,0.5,297.65,3.4,297.67,0.9,297.69,1.1
1753503353938,04:15:53.938,AAVE/USDT:USDT,297.66,0.5,297.65,3.4,297.67,0.9,297.68,0.3
1753503354088,04:15:54.088,AAVE/USDT:USDT,297.66,0.8,297.65,3.4,297.67,0.9,297.68,2.3
1753503354238,04:15:54.238,AAVE/USDT:USDT,297.65,0.9,297.64,0.2,297.66,0.8,297.67,0.9
1753503354389,04:15:54.389,AAVE/USDT:USDT,297.65,1.4,297.64,1.7,297.66,1.1,297.68,9.1
1753503354539,04:15:54.539,AAVE/USDT:USDT,297.65,1.4,297.64,1.7,297.66,1.1,297.68,9.1
1753503354839,04:15:54.839,AAVE/USDT:USDT,297.65,1.4,297.64,1.7,297.66,1.1,297.68,7.1
1753503354989,04:15:54.989,AAVE/USDT:USDT,297.65,1.4,297.64,1.7,297.66,1.1,297.68,7.1
1753503355139,04:15:55.139,AAVE/USDT:USDT,297.65,1.7,297.64,1.7,297.66,1.1,297.68,7.1
1753503355289,04:15:55.289,AAVE/USDT:USDT,297.65,1.7,297.64,2.7,297.66,0.8,297.68,7.1
1753503355439,04:15:55.439,AAVE/USDT:USDT,297.65,1.7,297.64,2.7,297.66,1.1,297.68,7.1
1753503355589,04:15:55.589,AAVE/USDT:USDT,297.65,1.4,297.64,2.7,297.66,1.1,297.68,7.1
1753503355739,04:15:55.739,AAVE/USDT:USDT,297.65,1.7,297.64,2.7,297.66,1.1,297.68,7.1
1753503355889,04:15:55.889,AAVE/USDT:USDT,297.68,3.9,297.67,2.3,297.71,0.2,297.72,34.3
1753503356039,04:15:56.039,AAVE/USDT:USDT,297.7,2.0,297.68,3.4,297.71,0.8,297.72,27.5
1753503356189,04:15:56.189,AAVE/USDT:USDT,297.66,1.9,297.65,1.4,297.71,7.9,297.72,27.5
1753503356340,04:15:56.340,AAVE/USDT:USDT,297.66,0.5,297.65,2.4,297.67,1.4,297.69,25.8
1753503356490,04:15:56.490,AAVE/USDT:USDT,297.66,0.5,297.65,2.4,297.67,1.4,297.68,2.6
1753503356640,04:15:56.640,AAVE/USDT:USDT,297.66,0.5,297.65,1.4,297.67,1.4,297.68,9.8
1753503356790,04:15:56.790,AAVE/USDT:USDT,297.66,0.5,297.65,3.9,297.67,0.9,297.68,9.8
1753503356940,04:15:56.940,AAVE/USDT:USDT,297.66,0.5,297.65,3.9,297.67,0.9,297.68,9.8
1753503357090,04:15:57.090,AAVE/USDT:USDT,297.66,0.5,297.65,2.4,297.67,0.9,297.68,9.8
1753503357240,04:15:57.240,AAVE/USDT:USDT,297.65,1.4,297.64,0.2,297.67,0.9,297.68,9.8
1753503357390,04:15:57.390,AAVE/USDT:USDT,297.65,1.4,297.64,0.2,297.67,0.9,297.68,9.8
1753503357540,04:15:57.540,AAVE/USDT:USDT,297.65,1.4,297.64,0.2,297.67,0.9,297.68,9.8
1753503357690,04:15:57.690,AAVE/USDT:USDT,297.64,0.2,297.63,0.8,297.65,0.9,297.66,0.6
1753503357840,04:15:57.840,AAVE/USDT:USDT,297.64,0.2,297.63,0.8,297.65,1.2,297.66,0.3
1753503357991,04:15:57.991,AAVE/USDT:USDT,297.64,0.2,297.63,0.8,297.65,1.5,297.66,26.6
1753503358141,04:15:58.141,AAVE/USDT:USDT,297.6,0.5,297.59,2.4,297.63,25.8,297.65,9.5
1753503358291,04:15:58.291,AAVE/USDT:USDT,297.6,0.5,297.59,2.4,297.61,0.6,297.63,25.8
1753503358441,04:15:58.441,AAVE/USDT:USDT,297.6,0.5,297.59,2.4,297.61,1.2,297.62,7.7
1753503358591,04:15:58.591,AAVE/USDT:USDT,297.59,3.5,297.58,1.5,297.6,0.5,297.62,7.7
1753503358741,04:15:58.741,AAVE/USDT:USDT,297.59,3.8,297.58,1.5,297.62,7.7,297.63,28.7
1753503358891,04:15:58.891,AAVE/USDT:USDT,297.6,4.2,297.59,3.5,297.61,0.5,297.62,7.7
1753503359041,04:15:59.041,AAVE/USDT:USDT,297.6,4.7,297.59,3.5,297.61,0.5,297.62,7.7
1753503359191,04:15:59.191,AAVE/USDT:USDT,297.6,4.7,297.59,3.5,297.61,0.5,297.62,7.7
1753503359341,04:15:59.341,AAVE/USDT:USDT,297.6,0.8,297.59,0.5,297.61,0.5,297.62,8.0
1753503359491,04:15:59.491,AAVE/USDT:USDT,297.6,0.8,297.59,0.5,297.61,1.4,297.62,8.0
1753503359641,04:15:59.641,AAVE/USDT:USDT,297.6,0.8,297.59,1.5,297.61,1.4,297.62,8.0
1753503359792,04:15:59.792,AAVE/USDT:USDT,297.6,0.8,297.59,1.5,297.61,1.1,297.62,8.0
1753503359942,04:15:59.942,AAVE/USDT:USDT,297.6,0.8,297.59,1.5,297.61,1.1,297.62,8.0
1753503360092,04:16:00.092,AAVE/USDT:USDT,297.6,4.3,297.59,6.3,297.62,7.7,297.63,25.8
1753503360242,04:16:00.242,AAVE/USDT:USDT,297.61,4.2,297.6,2.0,297.62,7.7,297.63,25.8
1753503360392,04:16:00.392,AAVE/USDT:USDT,297.61,4.7,297.6,2.0,297.63,25.8,297.64,6.8
1753503360542,04:16:00.542,AAVE/USDT:USDT,297.61,3.9,297.6,0.5,297.62,0.5,297.65,34.9
1753503360692,04:16:00.692,AAVE/USDT:USDT,297.62,0.3,297.61,5.9,297.65,34.9,297.66,125.7
1753503360842,04:16:00.842,AAVE/USDT:USDT,297.63,0.5,297.61,4.4,297.64,0.9,297.65,34.9
1753503360992,04:16:00.992,AAVE/USDT:USDT,297.61,0.5,297.6,0.5,297.62,0.5,297.64,1.2
1753503361142,04:16:01.142,AAVE/USDT:USDT,297.61,0.5,297.6,0.5,297.62,1.4,297.63,0.5
1753503361292,04:16:01.292,AAVE/USDT:USDT,297.61,0.5,297.6,0.5,297.62,1.4,297.63,0.5
1753503361442,04:16:01.442,AAVE/USDT:USDT,297.59,2.4,297.57,27.4,297.6,0.5,297.62,0.9
1753503361593,04:16:01.593,AAVE/USDT:USDT,297.59,4.9,297.57,27.4,297.6,0.8,297.62,0.6
1753503361743,04:16:01.743,AAVE/USDT:USDT,297.59,5.2,297.57,27.4,297.6,0.5,297.62,0.6
1753503361893,04:16:01.893,AAVE/USDT:USDT,297.59,2.4,297.58,1.5,297.6,0.8,297.62,0.6
1753503362043,04:16:02.043,AAVE/USDT:USDT,297.59,2.7,297.58,2.5,297.62,6.8,297.63,0.3
1753503362193,04:16:02.193,AAVE/USDT:USDT,297.61,5.9,297.6,2.0,297.65,34.6,297.66,125.7
1753503362343,04:16:02.343,AAVE/USDT:USDT,297.63,0.8,297.62,3.0,297.64,0.5,297.65,34.6
1753503362493,04:16:02.493,AAVE/USDT:USDT,297.63,0.8,297.62,3.0,297.64,0.6,297.65,34.9
1753503362643,04:16:02.643,AAVE/USDT:USDT,297.63,0.8,297.62,2.0,297.64,0.9,297.65,34.9
1753503362793,04:16:02.793,AAVE/USDT:USDT,297.63,0.8,297.62,2.0,297.64,0.9,297.65,34.9
1753503362943,04:16:02.943,AAVE/USDT:USDT,297.63,0.5,297.62,1.0,297.64,0.9,297.65,34.9
1753503363093,04:16:03.093,AAVE/USDT:USDT,297.63,0.5,297.61,2.4,297.64,1.6,297.65,34.9
1753503363243,04:16:03.243,AAVE/USDT:USDT,297.63,0.5,297.61,2.4,297.64,1.6,297.65,34.9
1753503363393,04:16:03.393,AAVE/USDT:USDT,297.63,0.5,297.61,2.4,297.64,1.6,297.65,34.9
1753503363544,04:16:03.544,AAVE/USDT:USDT,297.63,0.5,297.61,2.4,297.64,1.6,297.65,34.9
1753503363694,04:16:03.694,AAVE/USDT:USDT,297.61,0.5,297.59,2.4,297.64,1.6,297.65,34.9
1753503363844,04:16:03.844,AAVE/USDT:USDT,297.61,0.5,297.59,2.4,297.62,1.4,297.63,0.5
1753503363994,04:16:03.994,AAVE/USDT:USDT,297.59,2.4,297.58,0.3,297.62,0.8,297.64,6.8
1753503364144,04:16:04.144,AAVE/USDT:USDT,297.6,2.5,297.59,4.4,297.61,0.5,297.62,0.3
1753503364294,04:16:04.294,AAVE/USDT:USDT,297.61,2.4,297.6,0.5,297.62,0.6,297.64,9.4
1753503364444,04:16:04.444,AAVE/USDT:USDT,297.61,0.5,297.6,1.5,297.62,0.9,297.63,2.8
1753503364594,04:16:04.594,AAVE/USDT:USDT,297.61,0.5,297.6,1.5,297.62,1.4,297.63,3.1
1753503364744,04:16:04.744,AAVE/USDT:USDT,297.61,0.5,297.6,1.5,297.62,1.4,297.63,3.1
1753503364894,04:16:04.894,AAVE/USDT:USDT,297.61,0.5,297.6,2.0,297.62,0.6,297.63,3.1
1753503365044,04:16:05.044,AAVE/USDT:USDT,297.61,2.3,297.6,1.5,297.62,0.3,297.63,2.8
1753503365194,04:16:05.194,AAVE/USDT:USDT,297.61,2.3,297.6,1.5,297.62,0.6,297.63,2.8
1753503365345,04:16:05.345,AAVE/USDT:USDT,297.61,0.5,297.6,3.0,297.62,0.3,297.63,2.6
1753503365495,04:16:05.495,AAVE/USDT:USDT,297.61,0.8,297.6,3.0,297.62,0.6,297.63,2.6
1753503365645,04:16:05.645,AAVE/USDT:USDT,297.61,0.8,297.6,3.0,297.62,0.3,297.63,2.6
1753503365795,04:16:05.795,AAVE/USDT:USDT,297.61,0.8,297.6,1.5,297.62,0.6,297.63,2.9
1753503365945,04:16:05.945,AAVE/USDT:USDT,297.61,0.8,297.6,1.5,297.62,0.3,297.63,2.9
1753503366095,04:16:06.095,AAVE/USDT:USDT,297.61,5.3,297.6,0.5,297.65,35.7,297.66,125.7
1753503366245,04:16:06.245,AAVE/USDT:USDT,297.64,0.5,297.62,1.9,297.65,1.0,297.66,119.2
1753503366395,04:16:06.395,AAVE/USDT:USDT,297.61,0.5,297.6,0.5,297.65,5.0,297.66,119.2
1753503366545,04:16:06.545,AAVE/USDT:USDT,297.61,0.5,297.6,0.5,297.62,1.1,297.65,36.0
1753503366695,04:16:06.695,AAVE/USDT:USDT,297.61,0.8,297.6,3.0,297.62,1.4,297.64,6.8
1753503366845,04:16:06.845,AAVE/USDT:USDT,297.61,0.8,297.6,3.0,297.62,1.1,297.64,6.8
1753503366995,04:16:06.995,AAVE/USDT:USDT,297.61,0.8,297.6,3.0,297.62,1.1,297.64,6.8
1753503367146,04:16:07.146,AAVE/USDT:USDT,297.61,0.8,297.6,3.0,297.62,1.1,297.64,6.8
1753503367296,04:16:07.296,AAVE/USDT:USDT,297.61,0.8,297.6,3.0,297.62,1.1,297.64,6.8
1753503367446,04:16:07.446,AAVE/USDT:USDT,297.61,0.8,297.6,3.0,297.62,1.1,297.64,6.8
1753503367596,04:16:07.596,AAVE/USDT:USDT,297.61,0.8,297.6,3.0,297.62,1.1,297.64,6.8
1753503367746,04:16:07.746,AAVE/USDT:USDT,297.61,2.8,297.6,3.0,297.65,35.4,297.66,119.2
1753503367896,04:16:07.896,AAVE/USDT:USDT,297.62,2.3,297.61,4.4,297.64,0.5,297.65,35.4
1753503368046,04:16:08.046,AAVE/USDT:USDT,297.63,0.8,297.62,4.0,297.64,0.8,297.65,35.1
1753503368196,04:16:08.196,AAVE/USDT:USDT,297.63,0.8,297.62,4.0,297.64,1.1,297.65,35.1
1753503368346,04:16:08.346,AAVE/USDT:USDT,297.63,0.5,297.62,2.0,297.64,1.4,297.65,35.1
1753503368496,04:16:08.496,AAVE/USDT:USDT,297.63,0.5,297.62,2.0,297.64,1.4,297.65,35.1
1753503368646,04:16:08.646,AAVE/USDT:USDT,297.63,0.5,297.62,2.0,297.64,1.4,297.65,35.1
1753503368797,04:16:08.797,AAVE/USDT:USDT,297.62,2.0,297.61,0.5,297.64,1.4,297.65,35.1
1753503368947,04:16:08.947,AAVE/USDT:USDT,297.61,0.5,297.6,2.0,297.63,0.6,297.64,1.4
1753503369096,04:16:09.096,AAVE/USDT:USDT,297.61,5.7,297.6,2.0,297.62,0.5,297.63,0.9
1753503369247,04:16:09.247,AAVE/USDT:USDT,297.61,5.7,297.6,2.0,297.63,0.3,297.65,41.9
1753503369397,04:16:09.397,AAVE/USDT:USDT,297.61,5.7,297.6,2.0,297.63,0.3,297.65,41.9
1753503369547,04:16:09.547,AAVE/USDT:USDT,297.61,2.4,297.6,2.0,297.63,0.3,297.65,41.9
1753503369697,04:16:09.697,AAVE/USDT:USDT,297.61,3.7,297.6,2.0,297.63,0.8,297.65,41.9
1753503369847,04:16:09.847,AAVE/USDT:USDT,297.61,3.7,297.6,2.0,297.63,0.8,297.65,41.9
1753503369997,04:16:09.997,AAVE/USDT:USDT,297.61,3.7,297.6,2.0,297.63,0.8,297.65,41.9
1753503370147,04:16:10.147,AAVE/USDT:USDT,297.62,2.3,297.61,3.4,297.63,0.3,297.65,41.9
1753503370297,04:16:10.297,AAVE/USDT:USDT,297.62,2.3,297.61,3.4,297.65,41.9,297.66,119.2
1753503370447,04:16:10.447,AAVE/USDT:USDT,297.64,0.5,297.63,0.5,297.65,35.1,297.66,119.2
1753503370597,04:16:10.597,AAVE/USDT:USDT,297.64,0.5,297.63,0.5,297.65,0.5,297.66,119.2
1753503370748,04:16:10.748,AAVE/USDT:USDT,297.64,0.5,297.63,0.5,297.65,0.8,297.66,122.0
1753503370898,04:16:10.898,AAVE/USDT:USDT,297.64,0.5,297.63,0.5,297.65,0.8,297.66,122.0
1753503371048,04:16:11.048,AAVE/USDT:USDT,297.64,0.5,297.63,0.5,297.65,0.8,297.66,122.0
1753503371198,04:16:11.198,AAVE/USDT:USDT,297.64,0.5,297.63,0.5,297.65,0.8,297.66,122.0
1753503371348,04:16:11.348,AAVE/USDT:USDT,297.64,0.5,297.63,0.5,297.65,0.8,297.66,122.0
1753503371498,04:16:11.498,AAVE/USDT:USDT,297.64,0.5,297.63,0.5,297.65,0.8,297.66,120.4
1753503371648,04:16:11.648,AAVE/USDT:USDT,297.64,0.5,297.63,0.5,297.65,0.8,297.66,120.4
1753503371798,04:16:11.798,AAVE/USDT:USDT,297.64,0.5,297.63,0.5,297.65,0.8,297.66,120.4
1753503371948,04:16:11.948,AAVE/USDT:USDT,297.64,0.5,297.63,0.5,297.65,0.8,297.66,120.4
1753503372098,04:16:12.098,AAVE/USDT:USDT,297.64,0.5,297.63,0.5,297.65,0.8,297.66,120.4
1753503372248,04:16:12.248,AAVE/USDT:USDT,297.64,0.5,297.63,0.5,297.65,0.8,297.66,120.4
1753503372399,04:16:12.399,AAVE/USDT:USDT,297.64,0.5,297.63,0.5,297.65,0.8,297.66,120.4
1753503372549,04:16:12.549,AAVE/USDT:USDT,297.61,2.4,297.59,1.9,297.65,0.8,297.66,120.4
1753503372699,04:16:12.699,AAVE/USDT:USDT,297.61,0.5,297.59,1.9,297.62,1.1,297.65,2.9
1753503372849,04:16:12.849,AAVE/USDT:USDT,297.61,2.0,297.6,1.0,297.62,1.4,297.64,7.7
1753503372999,04:16:12.999,AAVE/USDT:USDT,297.61,2.0,297.6,1.0,297.62,1.4,297.64,7.7
1753503373149,04:16:13.149,AAVE/USDT:USDT,297.61,0.5,297.6,1.0,297.62,1.4,297.64,7.7
1753503373299,04:16:13.299,AAVE/USDT:USDT,297.61,0.5,297.6,2.5,297.62,1.4,297.63,2.3
1753503373449,04:16:13.449,AAVE/USDT:USDT,297.61,0.5,297.6,2.5,297.62,1.4,297.63,2.6
1753503373599,04:16:13.599,AAVE/USDT:USDT,297.61,0.5,297.6,2.5,297.62,0.8,297.63,2.6
1753503373749,04:16:13.749,AAVE/USDT:USDT,297.61,2.8,297.6,2.5,297.62,0.5,297.64,0.9
1753503373899,04:16:13.899,AAVE/USDT:USDT,297.62,2.0,297.61,2.8,297.65,42.0,297.66,118.9
1753503374049,04:16:14.049,AAVE/USDT:USDT,297.63,0.5,297.62,2.0,297.64,0.5,297.65,35.5
1753503374200,04:16:14.200,AAVE/USDT:USDT,297.63,0.5,297.62,2.0,297.64,1.4,297.65,35.5
1753503374350,04:16:14.350,AAVE/USDT:USDT,297.63,0.5,297.62,2.0,297.64,1.4,297.65,35.5
1753503374500,04:16:14.500,AAVE/USDT:USDT,297.63,0.5,297.62,2.0,297.64,1.4,297.65,35.5
1753503374650,04:16:14.650,AAVE/USDT:USDT,297.57,27.4,297.56,0.1,297.63,1.0,297.64,3.2
1753503374800,04:16:14.800,AAVE/USDT:USDT,297.58,0.8,297.57,3.6,297.62,25.8,297.63,3.2
1753503374950,04:16:14.950,AAVE/USDT:USDT,297.59,2.8,297.58,4.4,297.61,0.5,297.62,26.1
1753503375100,04:16:15.100,AAVE/USDT:USDT,297.6,0.8,297.59,6.4,297.61,0.3,297.62,25.8
1753503375250,04:16:15.250,AAVE/USDT:USDT,297.6,0.8,297.59,7.6,297.61,0.3,297.62,25.8
1753503375400,04:16:15.400,AAVE/USDT:USDT,297.6,0.8,297.59,7.6,297.62,25.8,297.63,6.8
1753503375550,04:16:15.550,AAVE/USDT:USDT,297.6,0.8,297.59,7.6,297.62,26.6,297.64,8.6
1753503375700,04:16:15.700,AAVE/USDT:USDT,297.6,0.5,297.59,7.6,297.62,26.6,297.64,8.6
1753503375850,04:16:15.850,AAVE/USDT:USDT,297.61,6.2,297.6,0.5,297.62,25.8,297.64,8.6
1753503376001,04:16:16.001,AAVE/USDT:USDT,297.61,6.7,297.6,0.5,297.63,0.5,297.64,8.6
1753503376151,04:16:16.151,AAVE/USDT:USDT,297.61,6.7,297.6,0.5,297.63,0.8,297.64,1.5
1753503376301,04:16:16.301,AAVE/USDT:USDT,297.61,6.4,297.6,0.5,297.62,0.6,297.63,0.8
1753503376451,04:16:16.451,AAVE/USDT:USDT,297.61,0.5,297.6,0.5,297.62,1.7,297.64,8.3
1753503376601,04:16:16.601,AAVE/USDT:USDT,297.61,0.5,297.6,0.5,297.62,1.4,297.63,0.3
1753503376751,04:16:16.751,AAVE/USDT:USDT,297.61,0.5,297.6,0.5,297.62,1.4,297.63,2.3
1753503376901,04:16:16.901,AAVE/USDT:USDT,297.6,0.5,297.59,1.9,297.62,1.4,297.63,28.1
1753503377051,04:16:17.051,AAVE/USDT:USDT,297.6,0.5,297.59,1.9,297.61,0.6,297.62,1.4
1753503377201,04:16:17.201,AAVE/USDT:USDT,297.6,0.5,297.59,3.4,297.61,1.1,297.63,34.9
1753503377351,04:16:17.351,AAVE/USDT:USDT,297.6,0.5,297.59,1.9,297.61,1.4,297.63,34.9
1753503377652,04:16:17.652,AAVE/USDT:USDT,297.6,0.5,297.59,1.9,297.61,1.4,297.63,34.9
1753503377802,04:16:17.802,AAVE/USDT:USDT,297.6,0.5,297.58,2.4,297.61,1.4,297.63,34.9
1753503377952,04:16:17.952,AAVE/USDT:USDT,297.58,2.4,297.57,1.6,297.61,1.4,297.63,34.9
1753503378102,04:16:18.102,AAVE/USDT:USDT,297.58,4.9,297.57,1.6,297.59,0.8,297.61,0.6
1753503378252,04:16:18.252,AAVE/USDT:USDT,297.58,2.4,297.57,1.6,297.59,0.8,297.61,6.8
1753503378402,04:16:18.402,AAVE/USDT:USDT,297.58,3.4,297.57,3.1,297.59,0.8,297.61,6.8
1753503378552,04:16:18.552,AAVE/USDT:USDT,297.58,0.5,297.57,1.6,297.59,0.8,297.6,0.3
1753503378702,04:16:18.702,AAVE/USDT:USDT,297.57,1.6,297.56,0.1,297.59,1.4,297.6,2.3
1753503378852,04:16:18.852,AAVE/USDT:USDT,297.57,1.6,297.56,0.1,297.58,0.9,297.59,1.1
1753503379002,04:16:19.002,AAVE/USDT:USDT,297.57,0.7,297.55,33.3,297.58,0.9,297.59,0.5
1753503379152,04:16:19.152,AAVE/USDT:USDT,297.57,0.7,297.55,7.5,297.58,0.9,297.59,2.6
1753503379302,04:16:19.302,AAVE/USDT:USDT,297.57,0.7,297.55,7.5,297.58,0.9,297.59,10.1
1753503379453,04:16:19.453,AAVE/USDT:USDT,297.57,0.7,297.55,7.5,297.58,0.9,297.59,10.1
1753503379603,04:16:19.603,AAVE/USDT:USDT,297.57,0.7,297.55,7.5,297.58,0.9,297.59,10.1
1753503379753,04:16:19.753,AAVE/USDT:USDT,297.57,0.7,297.55,7.5,297.58,0.9,297.59,10.1
1753503379903,04:16:19.903,AAVE/USDT:USDT,297.57,0.7,297.55,7.5,297.58,0.9,297.59,10.1
1753503380053,04:16:20.053,AAVE/USDT:USDT,297.57,0.7,297.55,7.5,297.58,0.9,297.59,10.1
1753503380203,04:16:20.203,AAVE/USDT:USDT,297.57,0.7,297.55,7.5,297.58,0.9,297.59,10.1
1753503380353,04:16:20.353,AAVE/USDT:USDT,297.57,0.7,297.55,7.5,297.58,0.9,297.59,10.1
1753503380503,04:16:20.503,AAVE/USDT:USDT,297.57,0.7,297.55,7.5,297.58,0.9,297.59,10.1
1753503380653,04:16:20.653,AAVE/USDT:USDT,297.57,0.7,297.55,7.5,297.58,0.9,297.59,10.1
1753503380803,04:16:20.803,AAVE/USDT:USDT,297.57,0.7,297.55,7.5,297.58,0.9,297.59,10.1
1753503380953,04:16:20.953,AAVE/USDT:USDT,297.57,0.7,297.55,7.5,297.58,0.9,297.59,10.1
1753503381104,04:16:21.104,AAVE/USDT:USDT,297.55,7.5,297.52,26.6,297.58,2.1,297.59,2.3
1753503381254,04:16:21.254,AAVE/USDT:USDT,297.55,7.5,297.52,26.6,297.56,1.1,297.58,2.1
1753503381404,04:16:21.404,AAVE/USDT:USDT,297.55,7.5,297.54,1.0,297.56,1.4,297.57,0.9
1753503381554,04:16:21.554,AAVE/USDT:USDT,297.55,8.0,297.54,2.5,297.56,0.5,297.57,0.6
1753503381704,04:16:21.704,AAVE/USDT:USDT,297.55,8.0,297.54,2.5,297.56,0.5,297.57,0.6
1753503381854,04:16:21.854,AAVE/USDT:USDT,297.55,8.0,297.54,1.0,297.56,1.1,297.57,0.6
1753503382004,04:16:22.004,AAVE/USDT:USDT,297.55,8.0,297.54,2.5,297.56,1.4,297.57,0.6
1753503382154,04:16:22.154,AAVE/USDT:USDT,297.55,8.0,297.52,26.6,297.56,1.7,297.57,2.0
1753503382304,04:16:22.304,AAVE/USDT:USDT,297.55,8.0,297.52,26.6,297.56,1.7,297.57,2.0
1753503382454,04:16:22.454,AAVE/USDT:USDT,297.55,8.0,297.52,26.6,297.56,1.7,297.57,2.0
1753503382604,04:16:22.604,AAVE/USDT:USDT,297.55,7.5,297.52,0.8,297.56,3.7,297.57,2.0
1753503382754,04:16:22.754,AAVE/USDT:USDT,297.55,7.5,297.52,0.8,297.56,5.5,297.57,3.8
1753503382904,04:16:22.904,AAVE/USDT:USDT,297.55,7.5,297.52,1.1,297.56,5.5,297.57,29.6
1753503383055,04:16:23.055,AAVE/USDT:USDT,297.55,8.0,297.54,2.5,297.56,3.4,297.57,28.1
1753503383205,04:16:23.205,AAVE/USDT:USDT,297.55,8.0,297.52,1.3,297.56,3.4,297.57,28.1
1753503383355,04:16:23.355,AAVE/USDT:USDT,297.55,8.0,297.52,1.3,297.56,3.4,297.57,28.1
1753503383505,04:16:23.505,AAVE/USDT:USDT,297.55,8.0,297.52,1.1,297.56,3.4,297.57,28.1
1753503383655,04:16:23.655,AAVE/USDT:USDT,297.55,8.0,297.52,1.1,297.56,3.4,297.57,28.1
1753503383805,04:16:23.805,AAVE/USDT:USDT,297.55,8.0,297.52,1.1,297.56,3.4,297.57,28.1
1753503383955,04:16:23.955,AAVE/USDT:USDT,297.55,8.0,297.52,1.1,297.56,3.4,297.57,28.1
1753503384105,04:16:24.105,AAVE/USDT:USDT,297.55,8.0,297.52,1.1,297.56,3.4,297.57,28.1
1753503384255,04:16:24.255,AAVE/USDT:USDT,297.55,8.0,297.52,1.1,297.56,3.4,297.57,28.1
1753503384405,04:16:24.405,AAVE/USDT:USDT,297.55,7.5,297.52,1.1,297.56,3.4,297.57,28.1
1753503384555,04:16:24.555,AAVE/USDT:USDT,297.55,7.5,297.52,1.1,297.56,3.4,297.57,28.1
1753503384706,04:16:24.706,AAVE/USDT:USDT,297.55,7.5,297.52,0.8,297.56,3.4,297.57,28.1
1753503384856,04:16:24.856,AAVE/USDT:USDT,297.55,7.5,297.52,0.8,297.56,3.4,297.57,28.1
1753503385006,04:16:25.006,AAVE/USDT:USDT,297.55,7.5,297.52,0.8,297.56,3.4,297.57,28.1
1753503385156,04:16:25.156,AAVE/USDT:USDT,297.55,7.5,297.52,0.8,297.56,3.4,297.57,28.1
1753503385306,04:16:25.306,AAVE/USDT:USDT,297.55,7.5,297.52,0.8,297.56,3.4,297.57,28.1
