timestamp,time,symbol,bid1_price,bid1_volume,bid2_price,bid2_volume,ask1_price,ask1_volume,ask2_price,ask2_volume
1753504005791,04:26:45.791,AAVE/USDT:USDT,297.31,0.62,297.3,0.02,297.32,29.24,297.33,0.03
1753504005891,04:26:45.891,AAVE/USDT:USDT,297.31,0.62,297.3,0.02,297.32,29.24,297.33,0.03
1753504005991,04:26:45.991,AAVE/USDT:USDT,297.31,0.62,297.3,0.02,297.32,29.24,297.33,0.03
1753504006091,04:26:46.091,AAVE/USDT:USDT,297.31,0.62,297.3,0.02,297.32,29.24,297.33,0.03
1753504006190,04:26:46.190,AAVE/USDT:USDT,297.31,0.62,297.3,0.02,297.32,29.24,297.33,0.03
1753504006591,04:26:46.591,AAVE/USDT:USDT,297.31,0.62,297.3,0.02,297.32,29.24,297.33,0.03
1753504006691,04:26:46.691,AAVE/USDT:USDT,297.31,0.62,297.3,0.02,297.32,29.24,297.33,0.03
1753504006792,04:26:46.792,AAVE/USDT:USDT,297.31,0.62,297.3,0.02,297.32,29.24,297.33,0.03
1753504006891,04:26:46.891,AAVE/USDT:USDT,297.31,0.62,297.3,0.02,297.32,29.24,297.33,0.03
1753504006991,04:26:46.991,AAVE/USDT:USDT,297.31,0.62,297.3,0.02,297.32,29.24,297.33,0.03
1753504007091,04:26:47.091,AAVE/USDT:USDT,297.31,0.62,297.3,0.02,297.32,29.24,297.33,0.03
1753504007391,04:26:47.391,AAVE/USDT:USDT,297.31,0.62,297.3,0.02,297.32,29.24,297.33,0.03
1753504007491,04:26:47.491,AAVE/USDT:USDT,297.31,0.62,297.3,0.02,297.32,29.24,297.33,0.03
1753504007591,04:26:47.591,AAVE/USDT:USDT,297.31,0.62,297.3,0.02,297.32,29.24,297.33,0.03
1753504007691,04:26:47.691,AAVE/USDT:USDT,297.31,0.62,297.3,0.02,297.32,29.24,297.33,0.03
1753504007794,04:26:47.794,AAVE/USDT:USDT,297.31,0.62,297.3,0.02,297.32,29.24,297.33,0.03
1753504007891,04:26:47.891,AAVE/USDT:USDT,297.31,0.62,297.3,0.02,297.32,29.24,297.33,0.03
1753504007991,04:26:47.991,AAVE/USDT:USDT,297.31,0.62,297.3,0.02,297.32,29.24,297.33,0.03
1753504008091,04:26:48.091,AAVE/USDT:USDT,297.31,0.62,297.3,0.02,297.32,29.24,297.33,0.03
1753504008291,04:26:48.291,AAVE/USDT:USDT,297.31,0.62,297.3,0.02,297.32,29.24,297.33,0.03
1753504008391,04:26:48.391,AAVE/USDT:USDT,297.31,0.62,297.3,0.02,297.32,29.24,297.33,0.03
1753504008490,04:26:48.490,AAVE/USDT:USDT,297.31,0.62,297.3,1.39,297.32,29.24,297.33,0.03
1753504008591,04:26:48.591,AAVE/USDT:USDT,297.31,0.62,297.3,1.39,297.32,29.24,297.33,0.03
1753504008691,04:26:48.691,AAVE/USDT:USDT,297.31,2.13,297.3,1.39,297.32,29.24,297.33,0.03
1753504008791,04:26:48.791,AAVE/USDT:USDT,297.31,4.71,297.3,1.39,297.32,29.24,297.33,0.03
1753504008891,04:26:48.891,AAVE/USDT:USDT,297.31,4.71,297.3,0.02,297.32,29.24,297.33,0.03
1753504008991,04:26:48.991,AAVE/USDT:USDT,297.31,4.71,297.3,0.02,297.32,29.24,297.33,0.03
1753504009191,04:26:49.191,AAVE/USDT:USDT,297.31,3.2,297.3,0.02,297.32,29.24,297.33,0.03
1753504009292,04:26:49.292,AAVE/USDT:USDT,297.31,3.2,297.3,0.02,297.32,29.24,297.33,0.03
1753504009391,04:26:49.391,AAVE/USDT:USDT,297.31,3.2,297.3,0.02,297.32,29.24,297.33,0.03
1753504009591,04:26:49.591,AAVE/USDT:USDT,297.31,3.2,297.3,0.02,297.32,29.24,297.33,0.03
1753504009691,04:26:49.691,AAVE/USDT:USDT,297.31,3.2,297.3,0.02,297.32,29.24,297.33,0.03
1753504009891,04:26:49.891,AAVE/USDT:USDT,297.31,3.2,297.3,0.02,297.32,29.24,297.33,0.03
1753504009991,04:26:49.991,AAVE/USDT:USDT,297.31,3.2,297.3,0.02,297.32,29.24,297.33,0.03
1753504010091,04:26:50.091,AAVE/USDT:USDT,297.31,3.2,297.3,0.02,297.32,29.24,297.33,0.03
1753504010191,04:26:50.191,AAVE/USDT:USDT,297.31,4.2,297.3,1.39,297.32,29.24,297.33,0.03
1753504010291,04:26:50.291,AAVE/USDT:USDT,297.33,10.31,297.32,11.68,297.34,2.94,297.35,0.07
1753504010391,04:26:50.391,AAVE/USDT:USDT,297.41,5.94,297.4,8.88,297.42,2.84,297.43,0.16
1753504010492,04:26:50.492,AAVE/USDT:USDT,297.41,2.97,297.4,8.88,297.42,8.05,297.43,0.11
1753504010591,04:26:50.591,AAVE/USDT:USDT,297.4,3.26,297.38,4.13,297.41,0.42,297.42,0.05
1753504010691,04:26:50.691,AAVE/USDT:USDT,297.4,3.26,297.38,4.13,297.42,0.47,297.43,2.38
1753504010792,04:26:50.792,AAVE/USDT:USDT,297.4,3.26,297.38,4.13,297.42,1.35,297.43,2.38
1753504010890,04:26:50.890,AAVE/USDT:USDT,297.4,3.24,297.38,4.13,297.42,1.35,297.43,2.34
1753504010991,04:26:50.991,AAVE/USDT:USDT,297.4,3.34,297.38,4.13,297.42,1.35,297.43,2.34
1753504011091,04:26:51.091,AAVE/USDT:USDT,297.4,3.34,297.38,4.13,297.42,3.35,297.43,0.34
1753504011190,04:26:51.190,AAVE/USDT:USDT,297.4,3.86,297.38,4.13,297.42,3.35,297.43,0.34
1753504011291,04:26:51.291,AAVE/USDT:USDT,297.4,2.31,297.38,4.13,297.42,3.35,297.43,0.34
1753504011391,04:26:51.391,AAVE/USDT:USDT,297.4,2.31,297.38,4.13,297.42,3.35,297.43,2.62
1753504011491,04:26:51.491,AAVE/USDT:USDT,297.4,2.31,297.38,4.13,297.42,3.35,297.43,0.34
1753504011592,04:26:51.592,AAVE/USDT:USDT,297.4,2.31,297.38,4.13,297.42,3.35,297.43,0.34
1753504011691,04:26:51.691,AAVE/USDT:USDT,297.4,2.31,297.38,4.13,297.41,0.98,297.42,2.47
1753504011793,04:26:51.793,AAVE/USDT:USDT,297.4,4.89,297.39,1.37,297.41,29.1,297.42,0.05
1753504011891,04:26:51.891,AAVE/USDT:USDT,297.4,0.62,297.38,4.13,297.41,29.1,297.42,0.05
1753504011992,04:26:51.992,AAVE/USDT:USDT,297.4,4.65,297.39,1.37,297.41,29.1,297.42,0.05
1753504012091,04:26:52.091,AAVE/USDT:USDT,297.4,3.15,297.39,1.37,297.41,29.1,297.42,0.05
1753504012191,04:26:52.191,AAVE/USDT:USDT,297.4,4.49,297.39,1.37,297.41,29.1,297.42,0.05
1753504012291,04:26:52.291,AAVE/USDT:USDT,297.4,4.49,297.39,1.37,297.41,29.1,297.42,0.05
1753504012390,04:26:52.390,AAVE/USDT:USDT,297.4,4.49,297.38,4.13,297.41,29.1,297.42,0.05
1753504012592,04:26:52.592,AAVE/USDT:USDT,297.4,4.49,297.38,4.13,297.41,29.1,297.42,0.05
1753504012691,04:26:52.691,AAVE/USDT:USDT,297.4,3.83,297.38,4.13,297.41,29.1,297.42,0.05
1753504012790,04:26:52.790,AAVE/USDT:USDT,297.4,3.83,297.38,4.13,297.41,29.1,297.42,0.05
1753504012892,04:26:52.892,AAVE/USDT:USDT,297.42,12.37,297.41,11.61,297.43,31.05,297.44,0.04
1753504012991,04:26:52.991,AAVE/USDT:USDT,297.42,12.37,297.41,11.19,297.43,31.05,297.44,0.04
1753504013091,04:26:53.091,AAVE/USDT:USDT,297.42,3.91,297.41,5.47,297.43,31.05,297.44,0.04
1753504013190,04:26:53.190,AAVE/USDT:USDT,297.42,4.01,297.41,5.47,297.43,31.05,297.44,0.04
1753504013291,04:26:53.291,AAVE/USDT:USDT,297.42,0.1,297.41,1.99,297.43,31.05,297.44,0.04
1753504013391,04:26:53.391,AAVE/USDT:USDT,297.42,0.1,297.4,0.53,297.43,29.74,297.44,5.66
1753504013491,04:26:53.491,AAVE/USDT:USDT,297.42,0.57,297.4,0.06,297.43,30.62,297.44,5.66
1753504013591,04:26:53.591,AAVE/USDT:USDT,297.42,0.57,297.4,0.06,297.43,31.46,297.44,6.33
1753504013692,04:26:53.692,AAVE/USDT:USDT,297.42,0.57,297.4,0.06,297.43,33.76,297.44,6.33
1753504013792,04:26:53.792,AAVE/USDT:USDT,297.4,0.02,297.39,0.04,297.41,7.1,297.42,14.89
1753504013891,04:26:53.891,AAVE/USDT:USDT,297.38,0.02,297.37,0.04,297.39,2.13,297.4,4.98
1753504013992,04:26:53.992,AAVE/USDT:USDT,297.38,0.02,297.37,0.04,297.39,2.13,297.4,4.98
1753504014091,04:26:54.091,AAVE/USDT:USDT,297.38,0.02,297.37,0.04,297.39,2.13,297.4,2.6
1753504014191,04:26:54.191,AAVE/USDT:USDT,297.38,0.02,297.37,0.04,297.39,2.13,297.4,2.6
1753504014292,04:26:54.292,AAVE/USDT:USDT,297.38,0.02,297.37,0.04,297.39,2.13,297.4,2.6
1753504014390,04:26:54.390,AAVE/USDT:USDT,297.38,0.02,297.37,0.04,297.39,2.13,297.4,2.6
1753504014491,04:26:54.491,AAVE/USDT:USDT,297.38,0.02,297.37,0.04,297.39,2.13,297.4,2.6
1753504014591,04:26:54.591,AAVE/USDT:USDT,297.38,0.02,297.37,0.04,297.39,2.13,297.4,2.6
1753504014691,04:26:54.691,AAVE/USDT:USDT,297.38,0.02,297.37,0.04,297.39,2.13,297.4,2.6
1753504014791,04:26:54.791,AAVE/USDT:USDT,297.38,0.02,297.37,0.04,297.39,2.13,297.4,2.6
1753504014891,04:26:54.891,AAVE/USDT:USDT,297.38,0.02,297.37,0.04,297.39,1.6,297.4,2.6
1753504014991,04:26:54.991,AAVE/USDT:USDT,297.38,0.02,297.37,0.04,297.39,1.6,297.4,2.6
1753504015090,04:26:55.090,AAVE/USDT:USDT,297.38,0.02,297.37,0.04,297.39,1.6,297.4,2.6
1753504015191,04:26:55.191,AAVE/USDT:USDT,297.38,0.02,297.37,0.04,297.39,1.6,297.4,2.6
1753504015291,04:26:55.291,AAVE/USDT:USDT,297.38,0.45,297.37,0.04,297.39,1.6,297.4,0.02
1753504015391,04:26:55.391,AAVE/USDT:USDT,297.38,1.93,297.37,0.04,297.39,1.6,297.4,0.02
1753504015491,04:26:55.491,AAVE/USDT:USDT,297.38,4.93,297.36,4.68,297.39,1.6,297.4,0.02
1753504015591,04:26:55.591,AAVE/USDT:USDT,297.38,4.51,297.36,2.91,297.39,1.6,297.4,0.02
1753504015690,04:26:55.690,AAVE/USDT:USDT,297.38,4.51,297.36,1.54,297.39,1.6,297.4,0.02
1753504015794,04:26:55.794,AAVE/USDT:USDT,297.38,4.51,297.36,1.54,297.39,1.6,297.4,0.02
1753504015890,04:26:55.890,AAVE/USDT:USDT,297.38,4.51,297.36,1.54,297.39,1.6,297.4,0.02
1753504015991,04:26:55.991,AAVE/USDT:USDT,297.38,4.51,297.36,1.54,297.39,1.6,297.4,0.02
1753504016091,04:26:56.091,AAVE/USDT:USDT,297.38,4.51,297.36,1.54,297.39,1.6,297.4,0.02
1753504016191,04:26:56.191,AAVE/USDT:USDT,297.38,4.51,297.36,1.54,297.39,1.6,297.4,0.02
1753504016291,04:26:56.291,AAVE/USDT:USDT,297.38,4.51,297.36,1.54,297.39,1.63,297.4,0.02
1753504016391,04:26:56.391,AAVE/USDT:USDT,297.38,4.51,297.37,1.37,297.39,0.75,297.4,0.02
1753504016491,04:26:56.491,AAVE/USDT:USDT,297.38,4.93,297.37,1.37,297.39,0.03,297.4,0.02
1753504016592,04:26:56.592,AAVE/USDT:USDT,297.38,4.93,297.37,1.37,297.39,0.03,297.4,0.02
1753504016691,04:26:56.691,AAVE/USDT:USDT,297.38,4.93,297.37,1.37,297.39,0.03,297.4,0.02
1753504016791,04:26:56.791,AAVE/USDT:USDT,297.38,4.93,297.37,1.37,297.39,0.03,297.4,0.02
1753504016891,04:26:56.891,AAVE/USDT:USDT,297.38,4.93,297.37,1.37,297.39,0.03,297.4,0.02
1753504016991,04:26:56.991,AAVE/USDT:USDT,297.38,4.93,297.37,1.37,297.39,0.03,297.4,0.02
1753504017091,04:26:57.091,AAVE/USDT:USDT,297.38,4.93,297.37,1.46,297.39,0.03,297.4,0.02
1753504017191,04:26:57.191,AAVE/USDT:USDT,297.38,4.93,297.37,1.46,297.39,0.03,297.4,0.02
1753504017291,04:26:57.291,AAVE/USDT:USDT,297.38,4.93,297.37,1.46,297.39,0.03,297.4,0.02
1753504017391,04:26:57.391,AAVE/USDT:USDT,297.38,4.93,297.37,1.46,297.39,0.03,297.4,0.02
1753504017490,04:26:57.490,AAVE/USDT:USDT,297.38,4.93,297.37,1.46,297.39,0.03,297.4,0.02
1753504017591,04:26:57.591,AAVE/USDT:USDT,297.38,4.93,297.37,1.46,297.39,0.03,297.4,0.02
1753504017692,04:26:57.692,AAVE/USDT:USDT,297.39,14.56,297.38,9.66,297.4,32.41,297.42,0.07
1753504017791,04:26:57.791,AAVE/USDT:USDT,297.39,14.56,297.38,9.66,297.4,32.41,297.42,0.07
1753504017891,04:26:57.891,AAVE/USDT:USDT,297.42,15.37,297.41,8.82,297.43,3.6,297.44,0.08
1753504017992,04:26:57.992,AAVE/USDT:USDT,297.42,10.57,297.41,8.82,297.43,29.46,297.44,0.04
1753504018091,04:26:58.091,AAVE/USDT:USDT,297.42,3.04,297.41,3.98,297.43,29.39,297.44,0.04
1753504018191,04:26:58.191,AAVE/USDT:USDT,297.42,2.51,297.41,3.98,297.43,29.39,297.44,0.04
1753504018292,04:26:58.292,AAVE/USDT:USDT,297.42,0.53,297.41,3.98,297.43,29.39,297.44,0.04
1753504018390,04:26:58.390,AAVE/USDT:USDT,297.42,0.42,297.41,3.98,297.43,29.39,297.44,0.04
1753504018491,04:26:58.491,AAVE/USDT:USDT,297.42,0.42,297.41,3.98,297.43,29.39,297.44,0.04
1753504018592,04:26:58.592,AAVE/USDT:USDT,297.42,0.42,297.41,3.98,297.43,29.39,297.44,0.04
1753504018691,04:26:58.691,AAVE/USDT:USDT,297.42,0.42,297.41,3.98,297.43,29.39,297.44,0.04
1753504018790,04:26:58.790,AAVE/USDT:USDT,297.42,0.42,297.41,3.98,297.43,29.39,297.44,0.04
1753504018891,04:26:58.891,AAVE/USDT:USDT,297.42,4.48,297.41,3.98,297.43,29.39,297.44,0.04
1753504018991,04:26:58.991,AAVE/USDT:USDT,297.42,6.7,297.41,5.35,297.43,29.39,297.44,0.04
1753504019091,04:26:59.091,AAVE/USDT:USDT,297.42,5.22,297.41,5.35,297.43,29.39,297.44,0.04
1753504019192,04:26:59.192,AAVE/USDT:USDT,297.44,11.17,297.43,12.25,297.45,0.17,297.46,0.61
1753504019292,04:26:59.292,AAVE/USDT:USDT,297.44,10.37,297.43,13.11,297.45,0.17,297.46,0.61
1753504019391,04:26:59.391,AAVE/USDT:USDT,297.46,16.37,297.45,12.66,297.47,0.09,297.48,0.06
1753504019491,04:26:59.491,AAVE/USDT:USDT,297.49,5.39,297.48,7.8,297.5,2.37,297.51,0.35
1753504019591,04:26:59.591,AAVE/USDT:USDT,297.49,5.39,297.48,7.8,297.5,2.37,297.51,0.31
1753504019691,04:26:59.691,AAVE/USDT:USDT,297.49,5.39,297.48,7.8,297.5,0.48,297.51,0.31
1753504019794,04:26:59.794,AAVE/USDT:USDT,297.49,5.39,297.48,7.8,297.5,0.48,297.51,0.31
1753504019891,04:26:59.891,AAVE/USDT:USDT,297.49,5.39,297.48,7.8,297.5,0.46,297.51,0.31
1753504019991,04:26:59.991,AAVE/USDT:USDT,297.49,5.39,297.48,7.8,297.5,0.46,297.51,0.31
1753504020091,04:27:00.091,AAVE/USDT:USDT,297.49,5.39,297.48,7.8,297.5,0.46,297.51,0.31
1753504020191,04:27:00.191,AAVE/USDT:USDT,297.49,5.39,297.48,7.8,297.5,0.46,297.51,0.31
1753504020292,04:27:00.292,AAVE/USDT:USDT,297.49,5.39,297.48,7.8,297.5,0.9,297.51,0.31
1753504020391,04:27:00.391,AAVE/USDT:USDT,297.49,5.39,297.48,7.8,297.5,0.9,297.51,0.31
1753504020492,04:27:00.492,AAVE/USDT:USDT,297.49,5.39,297.48,7.8,297.5,0.9,297.51,0.31
1753504020591,04:27:00.591,AAVE/USDT:USDT,297.49,5.39,297.48,7.8,297.5,0.9,297.51,0.31
1753504020691,04:27:00.691,AAVE/USDT:USDT,297.49,5.39,297.48,7.8,297.5,0.9,297.51,0.31
1753504020791,04:27:00.791,AAVE/USDT:USDT,297.49,5.39,297.48,7.8,297.5,0.9,297.51,0.31
1753504020891,04:27:00.891,AAVE/USDT:USDT,297.49,3.4,297.48,7.8,297.5,0.9,297.51,0.31
1753504020991,04:27:00.991,AAVE/USDT:USDT,297.49,3.4,297.48,7.8,297.5,0.9,297.51,0.31
1753504021091,04:27:01.091,AAVE/USDT:USDT,297.49,3.4,297.48,5.81,297.5,0.9,297.51,0.31
1753504021191,04:27:01.191,AAVE/USDT:USDT,297.49,2.98,297.48,5.81,297.5,0.9,297.51,0.31
1753504021291,04:27:01.291,AAVE/USDT:USDT,297.49,2.98,297.48,5.81,297.5,0.9,297.51,0.31
1753504021391,04:27:01.391,AAVE/USDT:USDT,297.49,2.98,297.48,5.81,297.5,0.9,297.51,0.31
1753504021491,04:27:01.491,AAVE/USDT:USDT,297.49,2.98,297.48,5.81,297.5,0.9,297.51,0.31
1753504021591,04:27:01.591,AAVE/USDT:USDT,297.49,2.98,297.48,5.81,297.5,0.9,297.51,0.31
1753504021691,04:27:01.691,AAVE/USDT:USDT,297.49,2.98,297.48,5.81,297.5,0.9,297.51,0.31
1753504021792,04:27:01.792,AAVE/USDT:USDT,297.51,3.86,297.5,14.11,297.52,0.02,297.53,2.28
1753504021892,04:27:01.892,AAVE/USDT:USDT,297.51,5.35,297.5,15.5,297.52,0.02,297.54,0.88
1753504021991,04:27:01.991,AAVE/USDT:USDT,297.51,5.35,297.5,15.5,297.52,0.02,297.54,0.88
1753504022091,04:27:02.091,AAVE/USDT:USDT,297.51,5.35,297.5,15.5,297.52,0.07,297.54,0.88
1753504022191,04:27:02.191,AAVE/USDT:USDT,297.51,5.35,297.5,15.5,297.52,0.07,297.54,0.88
1753504022291,04:27:02.291,AAVE/USDT:USDT,297.51,5.35,297.5,15.5,297.52,0.07,297.54,0.88
1753504022391,04:27:02.391,AAVE/USDT:USDT,297.51,5.35,297.5,15.5,297.52,0.07,297.54,0.88
1753504022491,04:27:02.491,AAVE/USDT:USDT,297.52,7.35,297.51,5.35,297.54,0.88,297.55,0.37
1753504022591,04:27:02.591,AAVE/USDT:USDT,297.54,16.55,297.53,12.32,297.55,0.05,297.56,0.02
1753504022691,04:27:02.691,AAVE/USDT:USDT,297.54,15.4,297.53,10.33,297.55,0.05,297.56,0.02
1753504022791,04:27:02.791,AAVE/USDT:USDT,297.54,15.4,297.53,10.33,297.55,0.05,297.56,0.02
1753504022891,04:27:02.891,AAVE/USDT:USDT,297.54,15.4,297.53,10.33,297.55,0.05,297.56,0.02
1753504022991,04:27:02.991,AAVE/USDT:USDT,297.54,15.4,297.53,10.33,297.55,0.05,297.56,0.02
1753504023090,04:27:03.090,AAVE/USDT:USDT,297.54,15.4,297.53,10.33,297.55,0.05,297.56,0.02
1753504023191,04:27:03.191,AAVE/USDT:USDT,297.54,15.4,297.53,10.33,297.55,2.29,297.56,0.02
1753504023291,04:27:03.291,AAVE/USDT:USDT,297.54,15.4,297.53,10.33,297.55,2.29,297.56,0.02
1753504023391,04:27:03.391,AAVE/USDT:USDT,297.54,15.4,297.53,10.33,297.55,2.29,297.56,0.02
1753504023491,04:27:03.491,AAVE/USDT:USDT,297.54,15.4,297.53,10.33,297.55,0.05,297.56,0.02
1753504023590,04:27:03.590,AAVE/USDT:USDT,297.54,15.4,297.53,10.33,297.55,0.05,297.56,0.02
1753504023691,04:27:03.691,AAVE/USDT:USDT,297.54,15.4,297.53,10.33,297.55,0.05,297.56,0.02
1753504023791,04:27:03.791,AAVE/USDT:USDT,297.54,15.4,297.53,10.33,297.55,2.34,297.56,0.02
1753504023891,04:27:03.891,AAVE/USDT:USDT,297.54,15.4,297.53,10.33,297.55,2.34,297.56,0.02
1753504023991,04:27:03.991,AAVE/USDT:USDT,297.54,15.4,297.53,10.33,297.55,2.34,297.56,0.02
1753504024091,04:27:04.091,AAVE/USDT:USDT,297.54,15.4,297.53,10.33,297.55,0.05,297.56,0.02
1753504024191,04:27:04.191,AAVE/USDT:USDT,297.54,15.4,297.53,10.42,297.55,0.05,297.56,0.02
1753504024292,04:27:04.292,AAVE/USDT:USDT,297.54,12.27,297.53,10.42,297.55,2.28,297.56,0.02
1753504024391,04:27:04.391,AAVE/USDT:USDT,297.54,12.27,297.53,10.33,297.55,2.28,297.56,0.02
1753504024491,04:27:04.491,AAVE/USDT:USDT,297.54,12.27,297.53,10.33,297.55,2.28,297.56,0.02
1753504024591,04:27:04.591,AAVE/USDT:USDT,297.54,12.27,297.53,10.33,297.55,2.28,297.56,0.02
1753504024691,04:27:04.691,AAVE/USDT:USDT,297.54,12.27,297.53,10.33,297.55,2.28,297.56,0.02
1753504024791,04:27:04.791,AAVE/USDT:USDT,297.54,12.27,297.53,10.33,297.55,2.28,297.56,0.02
1753504024891,04:27:04.891,AAVE/USDT:USDT,297.54,12.27,297.53,10.33,297.55,2.28,297.56,0.02
1753504024991,04:27:04.991,AAVE/USDT:USDT,297.54,12.27,297.53,10.33,297.55,2.28,297.56,0.02
1753504025091,04:27:05.091,AAVE/USDT:USDT,297.54,12.27,297.53,10.33,297.55,2.28,297.56,0.02
1753504025191,04:27:05.191,AAVE/USDT:USDT,297.54,12.27,297.53,10.33,297.55,2.28,297.56,0.02
1753504025291,04:27:05.291,AAVE/USDT:USDT,297.54,12.27,297.53,10.33,297.55,2.28,297.56,0.02
1753504025391,04:27:05.391,AAVE/USDT:USDT,297.54,12.27,297.53,10.33,297.55,2.28,297.56,0.02
1753504025490,04:27:05.490,AAVE/USDT:USDT,297.54,12.27,297.53,10.33,297.55,2.28,297.56,0.02
1753504025591,04:27:05.591,AAVE/USDT:USDT,297.54,12.27,297.53,8.85,297.55,2.39,297.56,0.02
1753504025690,04:27:05.690,AAVE/USDT:USDT,297.54,10.63,297.53,8.85,297.55,2.39,297.56,0.02
1753504025791,04:27:05.791,AAVE/USDT:USDT,297.54,10.63,297.53,8.85,297.55,2.39,297.56,0.02
1753504025891,04:27:05.891,AAVE/USDT:USDT,297.54,10.63,297.53,8.85,297.55,0.74,297.56,0.02
1753504025992,04:27:05.992,AAVE/USDT:USDT,297.54,10.63,297.53,8.85,297.55,0.74,297.56,0.02
1753504026091,04:27:06.091,AAVE/USDT:USDT,297.54,10.63,297.53,8.85,297.55,0.74,297.56,0.02
1753504026191,04:27:06.191,AAVE/USDT:USDT,297.54,9.47,297.53,8.85,297.55,0.74,297.56,0.3
1753504026291,04:27:06.291,AAVE/USDT:USDT,297.54,9.47,297.53,8.85,297.55,0.74,297.56,0.3
1753504026391,04:27:06.391,AAVE/USDT:USDT,297.54,9.47,297.53,8.85,297.55,0.74,297.56,0.3
1753504026491,04:27:06.491,AAVE/USDT:USDT,297.54,9.47,297.53,8.85,297.55,0.74,297.56,0.3
1753504026691,04:27:06.691,AAVE/USDT:USDT,297.54,9.47,297.53,8.85,297.55,0.74,297.56,0.3
1753504026891,04:27:06.891,AAVE/USDT:USDT,297.54,9.47,297.53,8.85,297.55,0.74,297.56,0.3
1753504026991,04:27:06.991,AAVE/USDT:USDT,297.54,8.47,297.53,8.85,297.55,0.74,297.56,0.3
1753504027091,04:27:07.091,AAVE/USDT:USDT,297.54,8.47,297.53,8.85,297.55,0.74,297.56,0.3
1753504027191,04:27:07.191,AAVE/USDT:USDT,297.54,8.47,297.53,8.85,297.55,0.74,297.56,0.3
1753504027291,04:27:07.291,AAVE/USDT:USDT,297.54,8.47,297.53,8.85,297.55,0.74,297.56,0.3
1753504027391,04:27:07.391,AAVE/USDT:USDT,297.53,8.43,297.52,8.43,297.54,0.32,297.55,0.74
1753504027491,04:27:07.491,AAVE/USDT:USDT,297.53,3.88,297.52,5.85,297.54,0.58,297.55,0.16
1753504027591,04:27:07.591,AAVE/USDT:USDT,297.53,3.88,297.52,5.85,297.54,0.68,297.55,0.16
1753504027691,04:27:07.691,AAVE/USDT:USDT,297.53,3.88,297.52,5.85,297.54,0.68,297.55,0.16
1753504027791,04:27:07.791,AAVE/USDT:USDT,297.53,3.88,297.52,5.85,297.54,0.79,297.55,0.05
1753504027892,04:27:07.892,AAVE/USDT:USDT,297.53,3.88,297.52,5.85,297.54,0.79,297.55,0.05
1753504027991,04:27:07.991,AAVE/USDT:USDT,297.53,3.88,297.52,5.85,297.54,0.79,297.55,0.05
1753504028091,04:27:08.091,AAVE/USDT:USDT,297.53,3.88,297.52,5.85,297.54,0.79,297.55,0.05
1753504028191,04:27:08.191,AAVE/USDT:USDT,297.53,0.42,297.52,5.85,297.54,0.79,297.55,0.05
1753504028292,04:27:08.292,AAVE/USDT:USDT,297.53,0.42,297.52,5.85,297.54,0.79,297.55,0.05
1753504028391,04:27:08.391,AAVE/USDT:USDT,297.53,3.0,297.52,5.85,297.54,0.79,297.55,0.05
1753504028491,04:27:08.491,AAVE/USDT:USDT,297.53,3.0,297.52,5.85,297.54,0.79,297.55,0.05
1753504028591,04:27:08.591,AAVE/USDT:USDT,297.53,3.0,297.52,5.85,297.54,0.79,297.55,0.05
1753504028691,04:27:08.691,AAVE/USDT:USDT,297.53,3.0,297.52,5.85,297.54,0.79,297.55,0.05
1753504028791,04:27:08.791,AAVE/USDT:USDT,297.53,3.0,297.52,5.85,297.54,0.79,297.55,0.05
1753504028891,04:27:08.891,AAVE/USDT:USDT,297.53,3.0,297.52,5.85,297.54,0.79,297.55,0.05
1753504028992,04:27:08.992,AAVE/USDT:USDT,297.53,3.0,297.52,5.85,297.54,0.79,297.55,0.51
1753504029091,04:27:09.091,AAVE/USDT:USDT,297.53,3.0,297.52,5.85,297.54,0.79,297.55,0.51
1753504029191,04:27:09.191,AAVE/USDT:USDT,297.53,3.0,297.52,5.85,297.54,0.79,297.55,0.51
1753504029291,04:27:09.291,AAVE/USDT:USDT,297.53,3.0,297.52,5.85,297.54,0.79,297.55,0.51
1753504029391,04:27:09.391,AAVE/USDT:USDT,297.53,3.0,297.52,5.85,297.54,0.79,297.55,0.51
1753504029491,04:27:09.491,AAVE/USDT:USDT,297.53,2.67,297.52,5.85,297.54,0.79,297.55,0.51
1753504029591,04:27:09.591,AAVE/USDT:USDT,297.53,2.67,297.52,5.85,297.54,0.79,297.55,0.51
1753504029690,04:27:09.690,AAVE/USDT:USDT,297.53,3.34,297.52,5.85,297.54,0.79,297.55,0.51
1753504029794,04:27:09.794,AAVE/USDT:USDT,297.53,4.77,297.52,7.55,297.54,0.79,297.55,0.51
1753504029891,04:27:09.891,AAVE/USDT:USDT,297.53,4.77,297.52,7.55,297.54,0.79,297.55,0.51
1753504030191,04:27:10.191,AAVE/USDT:USDT,297.53,4.77,297.52,7.55,297.54,0.79,297.55,0.51
1753504030291,04:27:10.291,AAVE/USDT:USDT,297.53,4.68,297.52,7.48,297.54,0.79,297.55,0.51
1753504030391,04:27:10.391,AAVE/USDT:USDT,297.53,3.87,297.52,5.85,297.54,0.79,297.55,0.51
1753504030491,04:27:10.491,AAVE/USDT:USDT,297.53,3.87,297.52,5.85,297.54,0.79,297.55,0.51
1753504030592,04:27:10.592,AAVE/USDT:USDT,297.53,3.87,297.52,5.85,297.54,0.79,297.55,0.51
1753504030691,04:27:10.691,AAVE/USDT:USDT,297.53,3.87,297.52,5.85,297.54,0.79,297.55,0.51
1753504030791,04:27:10.791,AAVE/USDT:USDT,297.53,3.87,297.52,5.85,297.54,0.79,297.55,0.51
1753504030891,04:27:10.891,AAVE/USDT:USDT,297.53,3.87,297.52,5.85,297.54,0.79,297.55,0.51
1753504030991,04:27:10.991,AAVE/USDT:USDT,297.53,3.87,297.52,5.85,297.54,0.79,297.55,0.51
1753504031091,04:27:11.091,AAVE/USDT:USDT,297.53,3.87,297.52,5.85,297.54,0.79,297.55,0.51
1753504031291,04:27:11.291,AAVE/USDT:USDT,297.53,3.87,297.52,5.85,297.54,0.79,297.55,0.51
1753504031391,04:27:11.391,AAVE/USDT:USDT,297.53,3.87,297.52,5.85,297.54,0.79,297.55,0.51
1753504031491,04:27:11.491,AAVE/USDT:USDT,297.53,3.87,297.52,5.85,297.54,0.79,297.55,0.51
1753504031591,04:27:11.591,AAVE/USDT:USDT,297.53,3.87,297.52,5.85,297.54,0.79,297.55,0.51
1753504031691,04:27:11.691,AAVE/USDT:USDT,297.53,3.87,297.52,5.85,297.54,0.79,297.55,0.51
1753504031791,04:27:11.791,AAVE/USDT:USDT,297.53,3.87,297.52,5.85,297.54,0.79,297.55,0.51
1753504031891,04:27:11.891,AAVE/USDT:USDT,297.53,3.87,297.52,5.85,297.54,0.79,297.55,0.51
1753504031991,04:27:11.991,AAVE/USDT:USDT,297.53,3.87,297.52,5.85,297.54,0.79,297.55,0.51
1753504032191,04:27:12.191,AAVE/USDT:USDT,297.53,3.87,297.52,5.85,297.54,0.79,297.55,0.51
1753504032291,04:27:12.291,AAVE/USDT:USDT,297.53,3.87,297.52,5.85,297.54,0.79,297.55,0.51
1753504032391,04:27:12.391,AAVE/USDT:USDT,297.53,3.87,297.52,5.85,297.54,0.79,297.55,0.51
1753504032491,04:27:12.491,AAVE/USDT:USDT,297.53,3.87,297.52,5.85,297.54,0.79,297.55,0.51
1753504032597,04:27:12.597,AAVE/USDT:USDT,297.53,3.87,297.52,5.85,297.54,0.79,297.55,0.51
1753504032691,04:27:12.691,AAVE/USDT:USDT,297.53,3.87,297.52,5.85,297.54,0.79,297.55,0.51
1753504032791,04:27:12.791,AAVE/USDT:USDT,297.53,3.87,297.52,5.85,297.54,0.79,297.55,0.51
1753504032891,04:27:12.891,AAVE/USDT:USDT,297.53,3.87,297.52,5.85,297.54,0.79,297.55,0.51
1753504032991,04:27:12.991,AAVE/USDT:USDT,297.53,3.87,297.52,5.85,297.54,0.79,297.55,0.51
1753504033091,04:27:13.091,AAVE/USDT:USDT,297.53,3.94,297.52,5.92,297.54,0.79,297.55,0.51
1753504033190,04:27:13.190,AAVE/USDT:USDT,297.53,3.94,297.52,5.92,297.54,0.79,297.55,0.51
1753504033291,04:27:13.291,AAVE/USDT:USDT,297.53,3.87,297.52,5.85,297.54,0.79,297.55,0.51
1753504033391,04:27:13.391,AAVE/USDT:USDT,297.53,3.87,297.52,5.85,297.54,0.79,297.55,0.51
1753504033691,04:27:13.691,AAVE/USDT:USDT,297.53,3.87,297.52,5.85,297.54,0.79,297.55,0.51
1753504033793,04:27:13.793,AAVE/USDT:USDT,297.53,3.87,297.52,5.85,297.54,0.79,297.55,0.51
1753504033892,04:27:13.892,AAVE/USDT:USDT,297.53,3.87,297.52,5.85,297.54,0.79,297.55,0.51
1753504034091,04:27:14.091,AAVE/USDT:USDT,297.53,3.87,297.52,5.85,297.54,0.79,297.55,0.51
1753504034191,04:27:14.191,AAVE/USDT:USDT,297.53,3.87,297.52,5.85,297.54,0.79,297.55,0.51
1753504034291,04:27:14.291,AAVE/USDT:USDT,297.53,3.87,297.52,5.85,297.54,0.79,297.55,0.51
1753504034391,04:27:14.391,AAVE/USDT:USDT,297.53,0.84,297.52,5.85,297.54,0.79,297.55,0.51
1753504034491,04:27:14.491,AAVE/USDT:USDT,297.53,3.19,297.52,5.85,297.54,0.79,297.55,0.51
1753504034591,04:27:14.591,AAVE/USDT:USDT,297.53,3.19,297.52,5.85,297.54,0.79,297.55,0.51
1753504034691,04:27:14.691,AAVE/USDT:USDT,297.53,3.19,297.52,5.85,297.54,0.79,297.55,0.51
1753504034791,04:27:14.791,AAVE/USDT:USDT,297.53,3.19,297.52,5.85,297.54,0.79,297.55,0.51
1753504034892,04:27:14.892,AAVE/USDT:USDT,297.53,5.32,297.52,7.55,297.54,0.79,297.55,0.51
1753504034991,04:27:14.991,AAVE/USDT:USDT,297.53,5.99,297.52,7.55,297.54,0.79,297.55,0.51
1753504035092,04:27:15.092,AAVE/USDT:USDT,297.53,5.99,297.52,7.55,297.54,0.79,297.55,0.51
1753504035191,04:27:15.191,AAVE/USDT:USDT,297.53,5.25,297.52,5.85,297.54,0.79,297.55,0.51
1753504035291,04:27:15.291,AAVE/USDT:USDT,297.53,5.25,297.52,5.85,297.54,0.79,297.55,0.51
1753504035391,04:27:15.391,AAVE/USDT:USDT,297.53,5.25,297.52,5.85,297.54,0.79,297.55,0.51
1753504035491,04:27:15.491,AAVE/USDT:USDT,297.53,5.25,297.52,5.85,297.54,0.79,297.55,0.51
1753504035591,04:27:15.591,AAVE/USDT:USDT,297.53,5.25,297.52,5.85,297.54,0.79,297.55,0.51
1753504035691,04:27:15.691,AAVE/USDT:USDT,297.53,5.25,297.52,5.85,297.54,0.79,297.55,0.51
1753504035891,04:27:15.891,AAVE/USDT:USDT,297.53,5.92,297.52,5.85,297.54,0.79,297.55,0.51
1753504035992,04:27:15.992,AAVE/USDT:USDT,297.53,5.25,297.52,5.85,297.54,0.79,297.55,0.51
1753504036091,04:27:16.091,AAVE/USDT:USDT,297.53,5.25,297.52,5.85,297.54,0.79,297.55,0.51
1753504036191,04:27:16.191,AAVE/USDT:USDT,297.53,3.6,297.52,5.85,297.54,0.31,297.55,0.51
1753504036291,04:27:16.291,AAVE/USDT:USDT,297.53,3.6,297.52,5.85,297.54,0.31,297.55,0.51
1753504036391,04:27:16.391,AAVE/USDT:USDT,297.53,3.6,297.52,5.85,297.54,0.31,297.55,0.51
1753504036491,04:27:16.491,AAVE/USDT:USDT,297.53,4.27,297.52,5.85,297.54,0.31,297.55,0.51
1753504036590,04:27:16.590,AAVE/USDT:USDT,297.53,4.27,297.52,7.48,297.54,0.31,297.55,0.51
1753504036691,04:27:16.691,AAVE/USDT:USDT,297.53,4.27,297.52,7.48,297.54,0.31,297.55,0.51
1753504036791,04:27:16.791,AAVE/USDT:USDT,297.53,4.27,297.52,5.85,297.54,0.31,297.55,0.51
1753504036892,04:27:16.892,AAVE/USDT:USDT,297.53,4.27,297.52,5.85,297.54,0.31,297.55,0.51
1753504036990,04:27:16.990,AAVE/USDT:USDT,297.53,4.27,297.52,5.85,297.54,0.31,297.55,0.51
1753504037091,04:27:17.091,AAVE/USDT:USDT,297.53,4.27,297.52,5.85,297.54,0.31,297.55,0.51
1753504037192,04:27:17.192,AAVE/USDT:USDT,297.53,4.27,297.52,5.85,297.54,0.31,297.55,0.51
1753504037290,04:27:17.290,AAVE/USDT:USDT,297.53,4.27,297.52,5.85,297.54,0.32,297.55,0.51
1753504037391,04:27:17.391,AAVE/USDT:USDT,297.53,4.27,297.52,5.85,297.54,0.32,297.55,0.51
1753504037491,04:27:17.491,AAVE/USDT:USDT,297.53,4.27,297.52,5.85,297.54,0.32,297.55,0.51
1753504037591,04:27:17.591,AAVE/USDT:USDT,297.53,4.27,297.52,5.85,297.54,0.32,297.55,0.51
1753504037791,04:27:17.791,AAVE/USDT:USDT,297.53,4.27,297.52,5.85,297.54,0.32,297.55,0.51
1753504037891,04:27:17.891,AAVE/USDT:USDT,297.53,4.27,297.52,5.85,297.54,0.32,297.55,0.51
1753504038091,04:27:18.091,AAVE/USDT:USDT,297.53,4.37,297.52,5.85,297.54,0.32,297.55,0.51
1753504038191,04:27:18.191,AAVE/USDT:USDT,297.53,5.35,297.52,7.55,297.54,0.32,297.55,0.51
1753504038291,04:27:18.291,AAVE/USDT:USDT,297.53,5.35,297.52,7.55,297.54,0.32,297.55,0.51
1753504038391,04:27:18.391,AAVE/USDT:USDT,297.53,5.35,297.52,7.55,297.54,0.32,297.55,0.51
1753504038491,04:27:18.491,AAVE/USDT:USDT,297.55,15.64,297.54,10.43,297.56,2.39,297.57,0.07
1753504038591,04:27:18.591,AAVE/USDT:USDT,297.55,15.64,297.54,8.8,297.56,2.39,297.57,0.03
1753504038691,04:27:18.691,AAVE/USDT:USDT,297.55,15.64,297.54,8.8,297.56,2.39,297.57,0.03
1753504038791,04:27:18.791,AAVE/USDT:USDT,297.55,8.8,297.54,8.8,297.56,2.39,297.57,0.03
1753504038892,04:27:18.892,AAVE/USDT:USDT,297.55,0.1,297.54,8.73,297.56,0.44,297.57,0.03
1753504038992,04:27:18.992,AAVE/USDT:USDT,297.54,6.15,297.53,1.69,297.55,0.42,297.56,1.02
1753504039091,04:27:19.091,AAVE/USDT:USDT,297.54,6.15,297.53,1.69,297.55,0.42,297.56,1.02
1753504039191,04:27:19.191,AAVE/USDT:USDT,297.54,6.15,297.53,1.69,297.55,0.42,297.56,1.02
1753504039291,04:27:19.291,AAVE/USDT:USDT,297.54,6.15,297.53,1.76,297.55,0.42,297.56,1.02
1753504039391,04:27:19.391,AAVE/USDT:USDT,297.54,6.15,297.53,1.76,297.55,0.42,297.56,1.02
1753504039491,04:27:19.491,AAVE/USDT:USDT,297.54,6.15,297.53,1.69,297.55,0.42,297.56,1.02
1753504039591,04:27:19.591,AAVE/USDT:USDT,297.54,6.15,297.53,1.69,297.55,0.42,297.56,1.02
1753504039691,04:27:19.691,AAVE/USDT:USDT,297.54,6.15,297.53,1.69,297.55,0.42,297.56,1.02
1753504039791,04:27:19.791,AAVE/USDT:USDT,297.54,6.15,297.53,1.69,297.55,0.42,297.56,1.02
1753504039891,04:27:19.891,AAVE/USDT:USDT,297.54,6.15,297.53,1.69,297.55,0.42,297.56,1.02
1753504039991,04:27:19.991,AAVE/USDT:USDT,297.54,6.15,297.53,1.69,297.55,0.42,297.56,1.02
1753504040090,04:27:20.090,AAVE/USDT:USDT,297.54,3.8,297.53,1.69,297.55,0.42,297.56,1.02
1753504040191,04:27:20.191,AAVE/USDT:USDT,297.53,1.69,297.52,5.85,297.55,0.42,297.56,1.3
1753504040291,04:27:20.291,AAVE/USDT:USDT,297.53,1.69,297.52,5.85,297.55,0.42,297.56,1.3
1753504040391,04:27:20.391,AAVE/USDT:USDT,297.53,1.69,297.52,5.85,297.55,0.42,297.56,1.3
1753504040491,04:27:20.491,AAVE/USDT:USDT,297.53,1.69,297.52,5.85,297.55,0.42,297.56,1.3
1753504040591,04:27:20.591,AAVE/USDT:USDT,297.53,1.69,297.52,5.85,297.55,0.42,297.56,1.3
1753504040691,04:27:20.691,AAVE/USDT:USDT,297.53,0.67,297.52,5.85,297.54,0.25,297.55,1.42
1753504040791,04:27:20.791,AAVE/USDT:USDT,297.53,0.67,297.52,5.85,297.54,0.25,297.55,1.42
1753504040891,04:27:20.891,AAVE/USDT:USDT,297.53,0.67,297.52,5.85,297.54,0.25,297.55,1.42
1753504040991,04:27:20.991,AAVE/USDT:USDT,297.5,0.88,297.49,5.46,297.51,0.72,297.52,5.21
1753504041092,04:27:21.092,AAVE/USDT:USDT,297.5,0.04,297.49,5.46,297.51,1.27,297.52,1.0
1753504041191,04:27:21.191,AAVE/USDT:USDT,297.5,0.04,297.49,5.46,297.51,1.5,297.52,1.0
1753504041291,04:27:21.291,AAVE/USDT:USDT,297.5,0.04,297.49,5.46,297.51,1.5,297.52,1.0
1753504041391,04:27:21.391,AAVE/USDT:USDT,297.5,0.04,297.49,5.46,297.51,1.5,297.52,1.0
1753504041491,04:27:21.491,AAVE/USDT:USDT,297.5,0.04,297.49,5.46,297.51,1.5,297.52,1.0
1753504041591,04:27:21.591,AAVE/USDT:USDT,297.5,0.04,297.49,5.46,297.51,1.5,297.52,1.0
1753504041691,04:27:21.691,AAVE/USDT:USDT,297.5,3.82,297.49,5.46,297.51,0.23,297.52,1.0
1753504041793,04:27:21.793,AAVE/USDT:USDT,297.5,3.82,297.49,5.46,297.51,0.23,297.53,1.28
1753504041891,04:27:21.891,AAVE/USDT:USDT,297.5,3.82,297.49,5.46,297.51,0.23,297.53,1.28
1753504041991,04:27:21.991,AAVE/USDT:USDT,297.5,3.81,297.49,5.46,297.51,0.23,297.53,1.28
1753504042091,04:27:22.091,AAVE/USDT:USDT,297.5,3.81,297.49,8.58,297.51,0.23,297.53,1.28
1753504042191,04:27:22.191,AAVE/USDT:USDT,297.5,3.81,297.49,8.58,297.51,0.23,297.53,1.28
1753504042291,04:27:22.291,AAVE/USDT:USDT,297.5,3.81,297.49,8.58,297.51,0.23,297.53,1.28
1753504042391,04:27:22.391,AAVE/USDT:USDT,297.5,4.24,297.49,8.58,297.51,0.23,297.53,1.28
1753504042491,04:27:22.491,AAVE/USDT:USDT,297.5,4.24,297.49,8.58,297.51,0.23,297.53,1.28
1753504042592,04:27:22.592,AAVE/USDT:USDT,297.5,4.24,297.49,8.58,297.51,0.23,297.53,1.28
1753504042690,04:27:22.690,AAVE/USDT:USDT,297.5,4.24,297.49,8.58,297.51,0.23,297.53,1.28
1753504042791,04:27:22.791,AAVE/USDT:USDT,297.5,4.24,297.49,8.58,297.51,0.23,297.53,1.28
1753504042891,04:27:22.891,AAVE/USDT:USDT,297.5,4.24,297.49,8.58,297.51,0.23,297.53,1.28
1753504042991,04:27:22.991,AAVE/USDT:USDT,297.5,4.24,297.49,8.58,297.51,0.65,297.53,1.28
1753504043091,04:27:23.091,AAVE/USDT:USDT,297.5,4.24,297.49,8.58,297.51,0.65,297.53,1.28
1753504043191,04:27:23.191,AAVE/USDT:USDT,297.5,4.24,297.49,8.58,297.51,0.65,297.53,1.28
1753504043391,04:27:23.391,AAVE/USDT:USDT,297.5,4.24,297.49,8.58,297.51,0.23,297.53,1.28
1753504043491,04:27:23.491,AAVE/USDT:USDT,297.5,4.24,297.49,8.58,297.51,0.23,297.53,1.28
1753504043591,04:27:23.591,AAVE/USDT:USDT,297.5,4.24,297.49,8.58,297.51,0.23,297.53,1.28
1753504043691,04:27:23.691,AAVE/USDT:USDT,297.5,4.24,297.49,8.58,297.51,0.23,297.53,1.28
1753504043791,04:27:23.791,AAVE/USDT:USDT,297.5,4.24,297.49,8.58,297.51,0.23,297.53,1.28
1753504043891,04:27:23.891,AAVE/USDT:USDT,297.5,4.24,297.49,8.58,297.51,0.23,297.53,1.28
1753504044091,04:27:24.091,AAVE/USDT:USDT,297.5,4.24,297.49,8.58,297.51,0.23,297.53,1.28
1753504044191,04:27:24.191,AAVE/USDT:USDT,297.5,4.24,297.49,8.58,297.51,0.23,297.53,1.28
1753504044291,04:27:24.291,AAVE/USDT:USDT,297.5,4.24,297.49,8.58,297.51,0.23,297.53,1.28
1753504044391,04:27:24.391,AAVE/USDT:USDT,297.5,4.24,297.49,8.58,297.51,0.25,297.53,1.28
1753504044491,04:27:24.491,AAVE/USDT:USDT,297.5,4.34,297.49,8.58,297.51,0.25,297.53,1.28
1753504044591,04:27:24.591,AAVE/USDT:USDT,297.5,4.34,297.49,8.58,297.51,0.25,297.53,1.28
1753504044691,04:27:24.691,AAVE/USDT:USDT,297.5,4.34,297.49,8.58,297.51,0.25,297.53,1.28
1753504044791,04:27:24.791,AAVE/USDT:USDT,297.5,4.34,297.49,8.58,297.51,0.25,297.53,1.28
1753504045091,04:27:25.091,AAVE/USDT:USDT,297.5,4.34,297.49,8.58,297.51,0.25,297.53,1.28
1753504045191,04:27:25.191,AAVE/USDT:USDT,297.5,4.34,297.49,8.58,297.51,0.25,297.53,1.28
1753504045292,04:27:25.292,AAVE/USDT:USDT,297.5,4.34,297.49,8.58,297.51,0.25,297.53,1.28
1753504045404,04:27:25.404,AAVE/USDT:USDT,297.5,4.34,297.49,8.58,297.51,0.25,297.53,1.28
1753504045491,04:27:25.491,AAVE/USDT:USDT,297.5,4.34,297.49,8.58,297.51,0.25,297.53,1.28
1753504045601,04:27:25.601,AAVE/USDT:USDT,297.5,1.49,297.49,8.58,297.51,0.67,297.53,1.28
1753504045791,04:27:25.791,AAVE/USDT:USDT,297.5,1.49,297.49,8.58,297.51,0.67,297.53,1.28
1753504045891,04:27:25.891,AAVE/USDT:USDT,297.5,0.55,297.49,1.92,297.51,2.17,297.52,0.28
1753504045991,04:27:25.991,AAVE/USDT:USDT,297.5,0.55,297.48,0.06,297.51,7.49,297.52,7.04
1753504046091,04:27:26.091,AAVE/USDT:USDT,297.5,0.55,297.48,0.06,297.51,7.49,297.52,7.04
1753504046191,04:27:26.191,AAVE/USDT:USDT,297.5,0.55,297.48,0.06,297.51,7.49,297.52,7.06
1753504046292,04:27:26.292,AAVE/USDT:USDT,297.5,0.55,297.48,0.06,297.51,7.49,297.52,7.06
1753504046391,04:27:26.391,AAVE/USDT:USDT,297.48,0.02,297.47,0.04,297.49,9.16,297.5,10.18
1753504046492,04:27:26.492,AAVE/USDT:USDT,297.48,0.02,297.47,0.04,297.49,8.96,297.5,10.18
1753504046591,04:27:26.591,AAVE/USDT:USDT,297.48,0.02,297.47,0.04,297.49,8.96,297.5,10.18
1753504046691,04:27:26.691,AAVE/USDT:USDT,297.48,0.02,297.47,0.04,297.49,8.96,297.5,10.18
1753504046791,04:27:26.791,AAVE/USDT:USDT,297.48,0.02,297.47,0.04,297.49,8.89,297.5,10.11
1753504046892,04:27:26.892,AAVE/USDT:USDT,297.48,0.02,297.47,0.04,297.49,8.89,297.5,10.11
1753504046991,04:27:26.991,AAVE/USDT:USDT,297.48,0.02,297.47,0.04,297.49,8.89,297.5,10.11
1753504047091,04:27:27.091,AAVE/USDT:USDT,297.48,0.02,297.47,0.04,297.49,8.89,297.5,10.11
1753504047190,04:27:27.190,AAVE/USDT:USDT,297.48,0.02,297.47,0.04,297.49,8.89,297.5,10.11
1753504047291,04:27:27.291,AAVE/USDT:USDT,297.48,0.02,297.47,0.04,297.49,8.89,297.5,9.83
1753504047391,04:27:27.391,AAVE/USDT:USDT,297.48,0.02,297.47,0.04,297.49,8.89,297.5,9.83
1753504047492,04:27:27.492,AAVE/USDT:USDT,297.48,0.02,297.47,0.04,297.49,8.89,297.5,9.83
1753504047591,04:27:27.591,AAVE/USDT:USDT,297.48,0.02,297.47,0.04,297.49,8.89,297.5,9.83
1753504047691,04:27:27.691,AAVE/USDT:USDT,297.48,0.02,297.47,0.04,297.49,8.89,297.5,9.83
1753504047793,04:27:27.793,AAVE/USDT:USDT,297.48,0.02,297.47,0.04,297.49,8.89,297.5,9.83
1753504047991,04:27:27.991,AAVE/USDT:USDT,297.48,0.02,297.47,0.04,297.49,7.35,297.5,7.55
1753504048091,04:27:28.091,AAVE/USDT:USDT,297.48,0.02,297.47,0.04,297.49,7.35,297.5,7.55
1753504048191,04:27:28.191,AAVE/USDT:USDT,297.48,0.02,297.47,0.04,297.49,7.35,297.5,7.55
1753504048291,04:27:28.291,AAVE/USDT:USDT,297.48,0.02,297.47,0.04,297.49,7.45,297.5,7.55
1753504048391,04:27:28.391,AAVE/USDT:USDT,297.48,0.02,297.47,0.04,297.49,7.45,297.5,7.55
1753504048491,04:27:28.491,AAVE/USDT:USDT,297.48,0.02,297.47,0.04,297.49,7.45,297.5,7.55
1753504048591,04:27:28.591,AAVE/USDT:USDT,297.48,0.02,297.47,0.04,297.49,7.45,297.5,7.55
1753504048691,04:27:28.691,AAVE/USDT:USDT,297.48,0.02,297.47,0.04,297.49,7.45,297.5,7.55
1753504048791,04:27:28.791,AAVE/USDT:USDT,297.48,0.02,297.47,0.04,297.49,7.45,297.5,7.55
1753504048891,04:27:28.891,AAVE/USDT:USDT,297.48,0.02,297.47,0.04,297.49,7.45,297.5,7.55
1753504049191,04:27:29.191,AAVE/USDT:USDT,297.48,0.02,297.47,0.04,297.49,7.45,297.5,7.55
1753504049292,04:27:29.292,AAVE/USDT:USDT,297.48,0.02,297.47,0.04,297.49,7.45,297.5,7.55
1753504049391,04:27:29.391,AAVE/USDT:USDT,297.48,0.02,297.47,0.04,297.49,7.45,297.5,7.55
1753504049491,04:27:29.491,AAVE/USDT:USDT,297.48,0.02,297.47,0.04,297.49,7.45,297.5,7.55
1753504049591,04:27:29.591,AAVE/USDT:USDT,297.48,0.02,297.47,0.04,297.49,7.45,297.5,7.55
1753504049691,04:27:29.691,AAVE/USDT:USDT,297.48,0.02,297.47,0.04,297.49,7.45,297.5,7.55
1753504049791,04:27:29.791,AAVE/USDT:USDT,297.48,0.02,297.47,0.04,297.49,7.45,297.5,2.85
1753504049891,04:27:29.891,AAVE/USDT:USDT,297.48,0.02,297.47,0.04,297.49,7.45,297.5,5.13
1753504049992,04:27:29.992,AAVE/USDT:USDT,297.48,0.02,297.47,0.04,297.49,7.45,297.5,7.51
1753504050091,04:27:30.091,AAVE/USDT:USDT,297.48,0.02,297.47,0.04,297.49,7.45,297.5,7.51
1753504050191,04:27:30.191,AAVE/USDT:USDT,297.48,0.02,297.47,0.04,297.49,7.68,297.5,7.51
1753504050290,04:27:30.290,AAVE/USDT:USDT,297.48,0.02,297.47,0.04,297.49,7.68,297.5,7.51
1753504050392,04:27:30.392,AAVE/USDT:USDT,297.48,0.02,297.47,0.04,297.49,7.68,297.5,7.51
1753504050491,04:27:30.491,AAVE/USDT:USDT,297.48,0.02,297.47,0.04,297.49,7.68,297.5,7.51
1753504050591,04:27:30.591,AAVE/USDT:USDT,297.48,0.12,297.47,0.04,297.49,8.68,297.5,7.51
1753504050691,04:27:30.691,AAVE/USDT:USDT,297.48,0.12,297.47,0.04,297.49,8.68,297.5,7.51
1753504050791,04:27:30.791,AAVE/USDT:USDT,297.46,0.02,297.45,0.04,297.47,5.33,297.48,7.48
1753504050891,04:27:30.891,AAVE/USDT:USDT,297.46,0.02,297.45,0.04,297.47,5.33,297.48,3.8
1753504050991,04:27:30.991,AAVE/USDT:USDT,297.46,0.02,297.45,0.04,297.47,6.56,297.48,5.85
1753504051091,04:27:31.091,AAVE/USDT:USDT,297.46,0.02,297.45,0.04,297.47,6.56,297.48,5.85
1753504051191,04:27:31.191,AAVE/USDT:USDT,297.46,0.02,297.45,0.04,297.47,6.66,297.48,3.28
1753504051292,04:27:31.292,AAVE/USDT:USDT,297.46,0.02,297.45,0.04,297.47,6.66,297.48,3.28
1753504051390,04:27:31.390,AAVE/USDT:USDT,297.46,0.02,297.45,0.04,297.47,6.66,297.48,3.28
1753504051491,04:27:31.491,AAVE/USDT:USDT,297.46,0.02,297.45,0.04,297.47,7.66,297.48,3.28
1753504051591,04:27:31.591,AAVE/USDT:USDT,297.46,0.02,297.45,0.04,297.47,7.66,297.48,6.13
1753504051690,04:27:31.690,AAVE/USDT:USDT,297.46,0.02,297.45,0.04,297.47,7.66,297.48,6.13
1753504051791,04:27:31.791,AAVE/USDT:USDT,297.46,0.02,297.45,0.04,297.47,7.8,297.48,6.13
1753504051890,04:27:31.890,AAVE/USDT:USDT,297.46,0.02,297.45,0.04,297.47,7.8,297.48,6.13
1753504051991,04:27:31.991,AAVE/USDT:USDT,297.46,0.02,297.45,0.04,297.47,7.8,297.48,6.13
1753504052091,04:27:32.091,AAVE/USDT:USDT,297.46,0.02,297.45,0.04,297.47,7.8,297.48,6.13
1753504052191,04:27:32.191,AAVE/USDT:USDT,297.46,0.02,297.45,0.04,297.47,7.8,297.48,6.13
1753504052291,04:27:32.291,AAVE/USDT:USDT,297.46,0.02,297.45,0.04,297.47,7.8,297.48,6.13
1753504052391,04:27:32.391,AAVE/USDT:USDT,297.46,0.02,297.45,0.04,297.47,7.8,297.48,6.13
1753504052491,04:27:32.491,AAVE/USDT:USDT,297.46,0.02,297.45,0.04,297.47,7.8,297.48,6.13
1753504052591,04:27:32.591,AAVE/USDT:USDT,297.46,0.87,297.44,0.08,297.47,7.8,297.48,6.13
1753504052691,04:27:32.691,AAVE/USDT:USDT,297.46,0.87,297.44,0.08,297.47,7.8,297.48,6.13
1753504052791,04:27:32.791,AAVE/USDT:USDT,297.46,0.87,297.44,0.08,297.47,7.8,297.48,6.13
1753504052891,04:27:32.891,AAVE/USDT:USDT,297.46,0.87,297.44,0.08,297.47,7.8,297.48,6.13
1753504052991,04:27:32.991,AAVE/USDT:USDT,297.46,0.87,297.44,0.08,297.47,7.8,297.48,6.13
1753504053091,04:27:33.091,AAVE/USDT:USDT,297.46,0.87,297.44,0.08,297.47,7.8,297.48,6.13
1753504053191,04:27:33.191,AAVE/USDT:USDT,297.46,0.87,297.44,0.08,297.47,7.8,297.48,6.13
1753504053292,04:27:33.292,AAVE/USDT:USDT,297.46,0.87,297.44,0.08,297.47,7.8,297.48,6.13
1753504053391,04:27:33.391,AAVE/USDT:USDT,297.46,0.87,297.44,0.08,297.47,7.8,297.48,6.13
1753504053491,04:27:33.491,AAVE/USDT:USDT,297.46,0.87,297.44,0.08,297.47,7.8,297.48,6.13
1753504053591,04:27:33.591,AAVE/USDT:USDT,297.46,0.87,297.44,0.08,297.47,7.8,297.48,6.13
1753504053691,04:27:33.691,AAVE/USDT:USDT,297.46,0.87,297.44,0.08,297.47,6.3,297.48,3.85
1753504053793,04:27:33.793,AAVE/USDT:USDT,297.46,0.87,297.44,0.08,297.47,4.54,297.48,1.0
1753504053892,04:27:33.892,AAVE/USDT:USDT,297.46,0.87,297.44,0.08,297.47,4.54,297.49,7.37
1753504053991,04:27:33.991,AAVE/USDT:USDT,297.46,0.87,297.44,0.08,297.47,4.54,297.49,7.37
1753504054091,04:27:34.091,AAVE/USDT:USDT,297.46,0.87,297.44,0.08,297.47,4.54,297.49,7.37
1753504054291,04:27:34.291,AAVE/USDT:USDT,297.46,0.87,297.44,0.08,297.47,4.54,297.49,7.37
1753504054391,04:27:34.391,AAVE/USDT:USDT,297.46,0.87,297.44,0.08,297.47,4.54,297.49,7.37
1753504054491,04:27:34.491,AAVE/USDT:USDT,297.46,0.87,297.44,0.08,297.47,4.54,297.49,7.37
1753504054691,04:27:34.691,AAVE/USDT:USDT,297.46,0.87,297.44,0.08,297.47,4.54,297.48,2.81
1753504054791,04:27:34.791,AAVE/USDT:USDT,297.46,0.87,297.44,0.08,297.47,4.54,297.48,2.81
1753504054991,04:27:34.991,AAVE/USDT:USDT,297.46,1.17,297.44,0.08,297.47,4.54,297.48,2.81
1753504055091,04:27:35.091,AAVE/USDT:USDT,297.46,3.69,297.44,1.61,297.47,1.96,297.49,0.32
1753504055191,04:27:35.191,AAVE/USDT:USDT,297.46,3.69,297.44,1.61,297.47,1.96,297.49,0.32
1753504055290,04:27:35.290,AAVE/USDT:USDT,297.46,3.52,297.44,0.08,297.47,1.96,297.49,1.85
1753504055391,04:27:35.391,AAVE/USDT:USDT,297.46,0.87,297.44,0.08,297.47,1.96,297.49,7.3
1753504055491,04:27:35.491,AAVE/USDT:USDT,297.46,0.87,297.44,0.08,297.47,1.96,297.48,2.28
1753504055691,04:27:35.691,AAVE/USDT:USDT,297.46,0.87,297.44,0.08,297.47,1.96,297.48,2.28
1753504055794,04:27:35.794,AAVE/USDT:USDT,297.46,0.87,297.44,0.08,297.47,1.96,297.48,2.28
1753504055891,04:27:35.891,AAVE/USDT:USDT,297.46,0.87,297.44,0.08,297.47,1.96,297.48,2.28
1753504056090,04:27:36.090,AAVE/USDT:USDT,297.46,0.87,297.44,0.08,297.47,1.96,297.48,2.28
1753504056191,04:27:36.191,AAVE/USDT:USDT,297.46,0.87,297.44,0.08,297.47,1.96,297.48,2.28
1753504056291,04:27:36.291,AAVE/USDT:USDT,297.46,0.87,297.44,0.08,297.47,1.96,297.49,7.3
1753504056391,04:27:36.391,AAVE/USDT:USDT,297.46,0.87,297.44,0.08,297.47,1.96,297.49,1.85
1753504056491,04:27:36.491,AAVE/USDT:USDT,297.46,0.87,297.44,0.08,297.47,1.96,297.49,1.85
1753504056591,04:27:36.591,AAVE/USDT:USDT,297.46,0.87,297.44,1.55,297.47,1.96,297.49,1.85
1753504056692,04:27:36.692,AAVE/USDT:USDT,297.46,0.87,297.44,1.55,297.47,1.96,297.49,1.85
1753504056791,04:27:36.791,AAVE/USDT:USDT,297.46,0.87,297.44,1.55,297.47,1.96,297.49,1.85
1753504056891,04:27:36.891,AAVE/USDT:USDT,297.46,0.87,297.44,1.55,297.47,1.96,297.49,1.85
1753504056991,04:27:36.991,AAVE/USDT:USDT,297.46,0.87,297.44,1.55,297.47,1.96,297.49,1.85
1753504057091,04:27:37.091,AAVE/USDT:USDT,297.46,0.87,297.44,1.55,297.47,1.96,297.49,1.85
1753504057191,04:27:37.191,AAVE/USDT:USDT,297.46,0.87,297.44,0.08,297.47,1.96,297.49,1.85
1753504057291,04:27:37.291,AAVE/USDT:USDT,297.46,0.87,297.44,1.55,297.47,1.96,297.49,1.85
1753504057391,04:27:37.391,AAVE/USDT:USDT,297.46,0.87,297.44,1.55,297.47,1.96,297.49,1.85
1753504057491,04:27:37.491,AAVE/USDT:USDT,297.46,0.87,297.44,0.08,297.47,1.96,297.49,7.37
1753504057591,04:27:37.591,AAVE/USDT:USDT,297.46,0.87,297.44,0.08,297.47,1.96,297.49,7.37
1753504057691,04:27:37.691,AAVE/USDT:USDT,297.46,0.87,297.44,0.08,297.47,1.96,297.49,7.37
1753504057793,04:27:37.793,AAVE/USDT:USDT,297.46,0.87,297.44,0.08,297.47,1.96,297.49,5.02
1753504057891,04:27:37.891,AAVE/USDT:USDT,297.46,0.87,297.44,0.08,297.47,1.96,297.49,5.02
1753504058291,04:27:38.291,AAVE/USDT:USDT,297.46,0.87,297.44,0.08,297.47,1.96,297.49,5.02
1753504058391,04:27:38.391,AAVE/USDT:USDT,297.46,0.87,297.44,0.08,297.47,1.96,297.49,5.02
1753504058591,04:27:38.591,AAVE/USDT:USDT,297.46,0.87,297.44,0.08,297.47,1.96,297.49,5.02
1753504058691,04:27:38.691,AAVE/USDT:USDT,297.46,0.87,297.44,0.08,297.47,1.96,297.49,5.02
1753504058792,04:27:38.792,AAVE/USDT:USDT,297.46,0.87,297.44,0.08,297.47,1.96,297.49,5.02
1753504058891,04:27:38.891,AAVE/USDT:USDT,297.46,0.87,297.44,0.08,297.47,1.96,297.49,5.02
1753504058993,04:27:38.993,AAVE/USDT:USDT,297.46,0.87,297.44,0.08,297.47,1.96,297.49,7.3
1753504059091,04:27:39.091,AAVE/USDT:USDT,297.46,0.87,297.44,0.08,297.47,1.96,297.49,7.3
1753504059191,04:27:39.191,AAVE/USDT:USDT,297.46,0.87,297.44,0.08,297.47,1.96,297.49,5.02
1753504059291,04:27:39.291,AAVE/USDT:USDT,297.46,0.87,297.44,0.08,297.47,1.96,297.49,5.02
1753504059391,04:27:39.391,AAVE/USDT:USDT,297.46,0.87,297.44,0.08,297.47,3.36,297.49,5.02
1753504059491,04:27:39.491,AAVE/USDT:USDT,297.46,0.87,297.44,0.08,297.47,3.36,297.49,5.02
1753504059591,04:27:39.591,AAVE/USDT:USDT,297.46,0.87,297.44,0.08,297.47,3.36,297.49,5.02
1753504059791,04:27:39.791,AAVE/USDT:USDT,297.46,0.87,297.44,0.08,297.47,3.36,297.49,7.3
1753504059890,04:27:39.890,AAVE/USDT:USDT,297.46,0.87,297.44,0.08,297.47,3.36,297.49,7.3
1753504059991,04:27:39.991,AAVE/USDT:USDT,297.46,0.87,297.44,0.08,297.47,3.36,297.49,7.37
1753504060291,04:27:40.291,AAVE/USDT:USDT,297.46,0.87,297.44,0.08,297.47,3.36,297.49,7.3
1753504060391,04:27:40.391,AAVE/USDT:USDT,297.46,0.87,297.44,0.08,297.47,3.36,297.49,5.02
1753504060491,04:27:40.491,AAVE/USDT:USDT,297.46,0.87,297.44,1.55,297.47,3.36,297.49,5.02
1753504060591,04:27:40.591,AAVE/USDT:USDT,297.46,0.87,297.44,1.55,297.47,3.36,297.49,5.02
1753504060690,04:27:40.690,AAVE/USDT:USDT,297.46,3.06,297.44,1.55,297.47,3.36,297.49,5.02
1753504060791,04:27:40.791,AAVE/USDT:USDT,297.46,3.06,297.44,1.55,297.47,3.36,297.49,5.02
1753504060892,04:27:40.892,AAVE/USDT:USDT,297.46,3.34,297.44,1.55,297.47,3.36,297.49,3.49
1753504061091,04:27:41.091,AAVE/USDT:USDT,297.46,3.34,297.44,1.55,297.47,3.36,297.49,3.49
1753504061191,04:27:41.191,AAVE/USDT:USDT,297.46,3.34,297.44,1.55,297.47,3.36,297.49,3.49
1753504061291,04:27:41.291,AAVE/USDT:USDT,297.46,3.34,297.44,1.55,297.47,3.36,297.49,3.49
1753504061391,04:27:41.391,AAVE/USDT:USDT,297.46,2.73,297.44,0.08,297.47,3.36,297.49,3.49
1753504061491,04:27:41.491,AAVE/USDT:USDT,297.46,2.73,297.44,0.08,297.47,3.36,297.49,3.49
1753504061591,04:27:41.591,AAVE/USDT:USDT,297.46,2.73,297.44,1.55,297.47,3.36,297.49,3.49
1753504061691,04:27:41.691,AAVE/USDT:USDT,297.46,2.73,297.44,1.55,297.47,3.36,297.49,3.49
1753504061791,04:27:41.791,AAVE/USDT:USDT,297.46,2.73,297.44,0.08,297.47,3.36,297.49,3.49
1753504061891,04:27:41.891,AAVE/USDT:USDT,297.46,2.73,297.44,0.08,297.47,3.36,297.49,3.49
1753504061991,04:27:41.991,AAVE/USDT:USDT,297.46,2.73,297.44,0.08,297.47,3.36,297.49,3.49
1753504062091,04:27:42.091,AAVE/USDT:USDT,297.46,2.73,297.44,0.08,297.47,3.36,297.49,3.49
1753504062191,04:27:42.191,AAVE/USDT:USDT,297.46,2.73,297.44,0.08,297.47,3.36,297.49,3.49
1753504062291,04:27:42.291,AAVE/USDT:USDT,297.46,2.73,297.44,0.08,297.47,3.36,297.49,0.32
1753504062391,04:27:42.391,AAVE/USDT:USDT,297.46,3.68,297.44,1.61,297.47,3.36,297.49,0.32
1753504062491,04:27:42.491,AAVE/USDT:USDT,297.46,3.68,297.44,1.61,297.47,3.36,297.49,1.85
1753504062591,04:27:42.591,AAVE/USDT:USDT,297.46,2.73,297.44,0.08,297.47,3.36,297.49,0.32
1753504062691,04:27:42.691,AAVE/USDT:USDT,297.46,6.18,297.44,3.08,297.47,3.36,297.49,0.32
1753504062791,04:27:42.791,AAVE/USDT:USDT,297.46,6.18,297.44,3.08,297.47,3.36,297.49,0.32
1753504062891,04:27:42.891,AAVE/USDT:USDT,297.46,6.18,297.44,1.61,297.47,3.36,297.49,0.32
1753504062991,04:27:42.991,AAVE/USDT:USDT,297.46,6.18,297.44,1.61,297.47,3.36,297.49,0.32
1753504063091,04:27:43.091,AAVE/USDT:USDT,297.46,2.73,297.44,0.08,297.47,3.36,297.49,1.85
1753504063191,04:27:43.191,AAVE/USDT:USDT,297.46,2.73,297.44,0.08,297.47,3.36,297.49,1.85
1753504063291,04:27:43.291,AAVE/USDT:USDT,297.46,3.68,297.44,0.08,297.47,3.36,297.49,4.24
1753504063392,04:27:43.392,AAVE/USDT:USDT,297.46,3.68,297.44,1.61,297.47,3.36,297.49,4.24
1753504063491,04:27:43.491,AAVE/USDT:USDT,297.46,3.68,297.44,1.61,297.47,3.36,297.49,4.24
1753504063591,04:27:43.591,AAVE/USDT:USDT,297.46,3.68,297.44,0.08,297.47,3.36,297.49,4.24
1753504063691,04:27:43.691,AAVE/USDT:USDT,297.46,3.68,297.44,0.08,297.47,3.36,297.49,4.24
1753504063791,04:27:43.791,AAVE/USDT:USDT,297.46,3.68,297.44,0.08,297.47,3.36,297.49,4.24
1753504063890,04:27:43.890,AAVE/USDT:USDT,297.46,3.68,297.44,0.08,297.47,3.36,297.49,4.24
1753504063991,04:27:43.991,AAVE/USDT:USDT,297.5,2.44,297.49,8.21,297.51,1.72,297.52,0.02
1753504064092,04:27:44.092,AAVE/USDT:USDT,297.49,6.36,297.48,2.4,297.51,0.88,297.52,0.02
1753504064191,04:27:44.191,AAVE/USDT:USDT,297.49,6.36,297.48,2.4,297.51,0.88,297.52,0.3
1753504064291,04:27:44.291,AAVE/USDT:USDT,297.5,0.85,297.49,5.94,297.51,0.88,297.52,0.3
1753504064391,04:27:44.391,AAVE/USDT:USDT,297.5,0.85,297.49,5.94,297.51,0.88,297.52,0.3
1753504064491,04:27:44.491,AAVE/USDT:USDT,297.5,0.85,297.49,5.94,297.51,0.88,297.52,0.3
1753504064591,04:27:44.591,AAVE/USDT:USDT,297.5,0.85,297.49,5.94,297.51,0.88,297.52,0.3
1753504064691,04:27:44.691,AAVE/USDT:USDT,297.5,0.85,297.49,5.94,297.51,0.88,297.52,0.3
1753504064790,04:27:44.790,AAVE/USDT:USDT,297.5,0.85,297.49,5.94,297.51,0.88,297.52,0.3
1753504064891,04:27:44.891,AAVE/USDT:USDT,297.5,0.85,297.49,5.94,297.51,0.88,297.52,0.3
1753504064991,04:27:44.991,AAVE/USDT:USDT,297.5,0.85,297.49,5.94,297.51,0.88,297.52,0.3
1753504065091,04:27:45.091,AAVE/USDT:USDT,297.5,0.85,297.49,5.94,297.51,0.88,297.52,0.3
1753504065191,04:27:45.191,AAVE/USDT:USDT,297.5,0.85,297.49,5.94,297.51,0.88,297.52,0.3
1753504065292,04:27:45.292,AAVE/USDT:USDT,297.5,0.85,297.49,5.94,297.51,0.88,297.52,0.3
1753504065491,04:27:45.491,AAVE/USDT:USDT,297.5,0.85,297.49,5.94,297.51,0.88,297.52,0.3
1753504065591,04:27:45.591,AAVE/USDT:USDT,297.5,0.85,297.49,5.94,297.51,0.88,297.52,0.3
1753504065691,04:27:45.691,AAVE/USDT:USDT,297.5,0.85,297.49,5.94,297.51,0.88,297.52,0.3
1753504065794,04:27:45.794,AAVE/USDT:USDT,297.5,7.41,297.49,5.94,297.51,0.88,297.52,0.02
1753504065891,04:27:45.891,AAVE/USDT:USDT,297.5,6.99,297.49,5.94,297.51,0.88,297.52,0.02
1753504065992,04:27:45.992,AAVE/USDT:USDT,297.5,6.99,297.49,5.94,297.51,0.88,297.52,0.02
1753504066091,04:27:46.091,AAVE/USDT:USDT,297.5,7.72,297.49,9.3,297.51,0.88,297.52,0.02
1753504066191,04:27:46.191,AAVE/USDT:USDT,297.5,7.72,297.49,9.3,297.51,0.88,297.52,0.02
1753504066291,04:27:46.291,AAVE/USDT:USDT,297.5,7.72,297.49,9.3,297.51,0.88,297.52,0.02
1753504066391,04:27:46.391,AAVE/USDT:USDT,297.5,6.99,297.49,6.03,297.51,0.88,297.52,0.02
1753504066491,04:27:46.491,AAVE/USDT:USDT,297.5,6.99,297.49,6.01,297.51,0.88,297.52,0.02
1753504066591,04:27:46.591,AAVE/USDT:USDT,297.5,6.99,297.49,5.94,297.51,0.88,297.52,0.02
1753504066691,04:27:46.691,AAVE/USDT:USDT,297.51,11.69,297.5,7.72,297.52,0.02,297.54,0.55
1753504066791,04:27:46.791,AAVE/USDT:USDT,297.51,10.65,297.5,7.81,297.52,0.02,297.54,0.55
1753504066891,04:27:46.891,AAVE/USDT:USDT,297.51,10.65,297.5,8.55,297.52,0.02,297.54,0.55
1753504066990,04:27:46.990,AAVE/USDT:USDT,297.51,10.65,297.5,8.55,297.52,0.02,297.54,0.55
1753504067090,04:27:47.090,AAVE/USDT:USDT,297.51,10.65,297.5,8.55,297.52,0.02,297.54,0.55
1753504067191,04:27:47.191,AAVE/USDT:USDT,297.51,11.43,297.5,7.63,297.52,0.02,297.54,0.55
1753504067291,04:27:47.291,AAVE/USDT:USDT,297.51,11.43,297.5,7.63,297.52,0.02,297.54,0.55
1753504067391,04:27:47.391,AAVE/USDT:USDT,297.51,11.43,297.5,7.63,297.52,0.02,297.54,0.55
1753504067591,04:27:47.591,AAVE/USDT:USDT,297.51,11.43,297.5,6.16,297.52,0.02,297.54,0.55
1753504067690,04:27:47.690,AAVE/USDT:USDT,297.51,11.43,297.5,6.16,297.52,0.02,297.54,0.55
1753504067891,04:27:47.891,AAVE/USDT:USDT,297.51,10.52,297.5,6.16,297.52,0.02,297.54,0.55
1753504067992,04:27:47.992,AAVE/USDT:USDT,297.51,10.52,297.5,6.16,297.52,0.02,297.54,0.55
1753504068091,04:27:48.091,AAVE/USDT:USDT,297.51,10.52,297.5,6.16,297.52,0.02,297.54,0.55
1753504068191,04:27:48.191,AAVE/USDT:USDT,297.51,6.22,297.5,6.16,297.52,0.02,297.54,0.55
1753504068292,04:27:48.292,AAVE/USDT:USDT,297.51,3.43,297.5,4.3,297.52,0.02,297.54,0.55
1753504068391,04:27:48.391,AAVE/USDT:USDT,297.51,3.43,297.5,4.3,297.52,0.02,297.54,0.55
1753504068491,04:27:48.491,AAVE/USDT:USDT,297.51,3.43,297.5,4.3,297.52,0.02,297.54,0.55
1753504068591,04:27:48.591,AAVE/USDT:USDT,297.51,3.43,297.5,4.3,297.52,0.02,297.54,0.55
1753504068691,04:27:48.691,AAVE/USDT:USDT,297.51,3.43,297.5,4.3,297.52,0.02,297.54,0.55
1753504068891,04:27:48.891,AAVE/USDT:USDT,297.51,3.43,297.5,4.3,297.52,0.02,297.54,0.55
1753504068991,04:27:48.991,AAVE/USDT:USDT,297.51,3.43,297.5,4.3,297.52,0.02,297.54,0.55
1753504069091,04:27:49.091,AAVE/USDT:USDT,297.51,0.85,297.5,0.02,297.52,2.22,297.53,2.74
1753504069191,04:27:49.191,AAVE/USDT:USDT,297.51,0.85,297.5,0.02,297.52,2.22,297.53,2.74
1753504069291,04:27:49.291,AAVE/USDT:USDT,297.51,0.85,297.5,0.02,297.52,3.22,297.53,3.74
1753504069391,04:27:49.391,AAVE/USDT:USDT,297.51,0.85,297.5,0.02,297.52,3.22,297.53,3.74
1753504069491,04:27:49.491,AAVE/USDT:USDT,297.51,0.85,297.5,0.02,297.52,3.22,297.53,3.74
1753504069591,04:27:49.591,AAVE/USDT:USDT,297.51,0.85,297.5,0.02,297.52,3.22,297.53,1.46
1753504069691,04:27:49.691,AAVE/USDT:USDT,297.51,0.85,297.5,0.02,297.52,3.22,297.53,1.46
1753504069791,04:27:49.791,AAVE/USDT:USDT,297.51,0.85,297.5,0.02,297.52,3.22,297.53,1.46
1753504069891,04:27:49.891,AAVE/USDT:USDT,297.51,0.85,297.5,0.02,297.52,3.22,297.53,1.46
1753504069991,04:27:49.991,AAVE/USDT:USDT,297.51,0.85,297.5,0.02,297.52,3.22,297.53,1.46
1753504070191,04:27:50.191,AAVE/USDT:USDT,297.51,0.85,297.5,0.02,297.52,1.16,297.53,1.46
1753504070292,04:27:50.292,AAVE/USDT:USDT,297.51,0.85,297.5,0.02,297.52,1.16,297.53,1.46
1753504070591,04:27:50.591,AAVE/USDT:USDT,297.51,0.85,297.5,0.02,297.52,1.16,297.53,1.46
1753504070691,04:27:50.691,AAVE/USDT:USDT,297.51,0.85,297.5,0.02,297.52,1.16,297.53,1.46
1753504070791,04:27:50.791,AAVE/USDT:USDT,297.51,0.85,297.5,0.02,297.52,1.16,297.53,1.46
1753504070991,04:27:50.991,AAVE/USDT:USDT,297.5,0.02,297.46,0.02,297.51,11.2,297.52,7.81
1753504071091,04:27:51.091,AAVE/USDT:USDT,297.46,0.02,297.45,0.04,297.47,4.69,297.48,7.5
1753504071192,04:27:51.192,AAVE/USDT:USDT,297.46,0.02,297.45,0.04,297.47,2.86,297.48,2.48
1753504071291,04:27:51.291,AAVE/USDT:USDT,297.46,0.02,297.45,0.04,297.47,3.23,297.48,2.48
1753504071391,04:27:51.391,AAVE/USDT:USDT,297.46,0.02,297.45,0.04,297.47,3.23,297.49,5.92
1753504071491,04:27:51.491,AAVE/USDT:USDT,297.46,0.02,297.45,0.04,297.47,3.23,297.49,5.92
1753504071591,04:27:51.591,AAVE/USDT:USDT,297.46,0.02,297.45,0.04,297.47,3.23,297.49,5.92
1753504071691,04:27:51.691,AAVE/USDT:USDT,297.46,0.02,297.45,0.04,297.47,3.23,297.49,5.92
1753504071794,04:27:51.794,AAVE/USDT:USDT,297.46,0.02,297.45,0.04,297.47,3.23,297.49,5.92
1753504071891,04:27:51.891,AAVE/USDT:USDT,297.46,0.02,297.45,0.04,297.47,3.23,297.49,5.92
1753504072191,04:27:52.191,AAVE/USDT:USDT,297.46,0.02,297.45,0.04,297.47,3.23,297.49,5.92
1753504072291,04:27:52.291,AAVE/USDT:USDT,297.46,0.02,297.45,0.04,297.47,3.23,297.49,5.92
1753504072491,04:27:52.491,AAVE/USDT:USDT,297.46,0.57,297.45,0.04,297.47,3.23,297.49,3.64
1753504072691,04:27:52.691,AAVE/USDT:USDT,297.46,0.57,297.45,0.04,297.47,3.23,297.49,5.92
1753504072792,04:27:52.792,AAVE/USDT:USDT,297.46,2.56,297.45,0.04,297.47,1.1,297.49,2.19
1753504072891,04:27:52.891,AAVE/USDT:USDT,297.46,2.56,297.44,1.84,297.47,1.1,297.49,2.19
1753504072991,04:27:52.991,AAVE/USDT:USDT,297.46,2.56,297.44,0.31,297.47,1.1,297.49,2.19
1753504073091,04:27:53.091,AAVE/USDT:USDT,297.46,2.56,297.44,0.31,297.47,1.1,297.49,2.19
1753504073291,04:27:53.291,AAVE/USDT:USDT,297.46,3.07,297.44,1.84,297.47,1.1,297.49,0.32
1753504073392,04:27:53.392,AAVE/USDT:USDT,297.46,3.21,297.45,1.47,297.47,1.1,297.49,0.32
1753504073495,04:27:53.495,AAVE/USDT:USDT,297.46,3.21,297.44,1.84,297.47,1.1,297.49,1.85
1753504073591,04:27:53.591,AAVE/USDT:USDT,297.46,3.21,297.44,0.31,297.47,1.1,297.49,1.85
1753504073691,04:27:53.691,AAVE/USDT:USDT,297.46,3.21,297.44,0.31,297.47,1.1,297.49,1.85
1753504073793,04:27:53.793,AAVE/USDT:USDT,297.46,3.21,297.44,0.31,297.47,1.1,297.49,1.85
1753504073891,04:27:53.891,AAVE/USDT:USDT,297.46,0.74,297.44,0.31,297.47,1.1,297.49,6.65
1753504073991,04:27:53.991,AAVE/USDT:USDT,297.46,0.74,297.44,0.31,297.47,1.1,297.49,6.65
1753504074091,04:27:54.091,AAVE/USDT:USDT,297.46,0.74,297.44,0.31,297.47,1.1,297.49,6.65
1753504074191,04:27:54.191,AAVE/USDT:USDT,297.46,0.74,297.44,0.31,297.47,2.63,297.48,2.28
1753504074291,04:27:54.291,AAVE/USDT:USDT,297.46,0.74,297.44,0.31,297.47,5.46,297.48,8.24
1753504074391,04:27:54.391,AAVE/USDT:USDT,297.46,0.74,297.44,0.31,297.47,5.46,297.48,8.24
1753504074491,04:27:54.491,AAVE/USDT:USDT,297.46,0.74,297.44,0.31,297.47,5.46,297.48,8.24
1753504074591,04:27:54.591,AAVE/USDT:USDT,297.46,0.74,297.44,0.31,297.47,3.93,297.48,8.24
1753504074691,04:27:54.691,AAVE/USDT:USDT,297.46,0.74,297.44,0.31,297.47,3.93,297.48,8.24
1753504074791,04:27:54.791,AAVE/USDT:USDT,297.46,0.74,297.44,0.31,297.47,3.93,297.48,8.24
1753504074891,04:27:54.891,AAVE/USDT:USDT,297.46,0.74,297.44,0.31,297.47,2.1,297.48,5.5
1753504074992,04:27:54.992,AAVE/USDT:USDT,297.46,0.74,297.44,0.31,297.47,2.1,297.48,5.5
1753504075091,04:27:55.091,AAVE/USDT:USDT,297.46,0.74,297.44,0.31,297.47,2.1,297.48,5.5
1753504075190,04:27:55.190,AAVE/USDT:USDT,297.46,0.74,297.44,0.31,297.47,2.1,297.48,5.5
1753504075292,04:27:55.292,AAVE/USDT:USDT,297.46,0.74,297.44,0.31,297.47,2.1,297.48,1.0
1753504075390,04:27:55.390,AAVE/USDT:USDT,297.46,0.74,297.44,0.31,297.47,2.1,297.48,1.0
1753504075491,04:27:55.491,AAVE/USDT:USDT,297.46,0.74,297.44,0.31,297.47,2.1,297.48,1.0
1753504075591,04:27:55.591,AAVE/USDT:USDT,297.46,0.74,297.44,0.31,297.47,2.1,297.48,1.0
1753504075691,04:27:55.691,AAVE/USDT:USDT,297.46,0.74,297.44,0.31,297.47,2.1,297.48,1.0
1753504075791,04:27:55.791,AAVE/USDT:USDT,297.46,0.74,297.44,0.31,297.47,2.1,297.48,1.0
1753504075891,04:27:55.891,AAVE/USDT:USDT,297.46,0.74,297.44,0.31,297.47,2.11,297.48,1.0
1753504075991,04:27:55.991,AAVE/USDT:USDT,297.46,0.74,297.44,0.31,297.47,2.11,297.48,3.28
1753504076091,04:27:56.091,AAVE/USDT:USDT,297.46,0.74,297.44,0.08,297.47,3.61,297.48,7.79
1753504076291,04:27:56.291,AAVE/USDT:USDT,297.46,0.74,297.44,0.08,297.47,3.61,297.48,7.79
1753504076391,04:27:56.391,AAVE/USDT:USDT,297.46,0.74,297.44,0.08,297.47,3.61,297.48,7.79
1753504076491,04:27:56.491,AAVE/USDT:USDT,297.46,0.73,297.44,0.08,297.47,3.61,297.48,7.81
1753504076591,04:27:56.591,AAVE/USDT:USDT,297.46,0.73,297.44,0.08,297.47,3.61,297.48,7.81
1753504076691,04:27:56.691,AAVE/USDT:USDT,297.46,0.73,297.44,0.08,297.47,3.61,297.48,7.81
1753504076791,04:27:56.791,AAVE/USDT:USDT,297.46,0.73,297.44,0.08,297.47,3.61,297.48,7.81
1753504076891,04:27:56.891,AAVE/USDT:USDT,297.44,0.02,297.43,0.06,297.45,9.09,297.46,10.59
1753504076991,04:27:56.991,AAVE/USDT:USDT,297.44,0.02,297.43,0.06,297.45,9.32,297.46,10.59
1753504077091,04:27:57.091,AAVE/USDT:USDT,297.44,0.02,297.43,0.06,297.45,9.32,297.46,10.59
1753504077191,04:27:57.191,AAVE/USDT:USDT,297.44,0.02,297.43,0.06,297.45,9.7,297.46,10.59
1753504077291,04:27:57.291,AAVE/USDT:USDT,297.44,0.02,297.43,0.06,297.45,9.7,297.46,10.59
1753504077391,04:27:57.391,AAVE/USDT:USDT,297.44,0.02,297.43,0.06,297.45,9.7,297.46,10.59
1753504077491,04:27:57.491,AAVE/USDT:USDT,297.43,0.02,297.42,0.32,297.44,15.3,297.45,12.09
1753504077591,04:27:57.591,AAVE/USDT:USDT,297.43,0.02,297.42,0.32,297.44,15.53,297.45,12.11
1753504077690,04:27:57.690,AAVE/USDT:USDT,297.43,0.02,297.42,0.32,297.44,15.53,297.45,12.11
1753504077791,04:27:57.791,AAVE/USDT:USDT,297.43,0.02,297.42,0.32,297.44,15.53,297.45,12.11
1753504077891,04:27:57.891,AAVE/USDT:USDT,297.43,0.02,297.42,0.32,297.44,15.53,297.45,11.73
1753504077992,04:27:57.992,AAVE/USDT:USDT,297.43,0.02,297.42,0.32,297.44,15.91,297.45,11.73
1753504078091,04:27:58.091,AAVE/USDT:USDT,297.43,0.02,297.42,0.32,297.44,15.91,297.45,11.73
1753504078191,04:27:58.191,AAVE/USDT:USDT,297.43,0.02,297.42,0.32,297.44,16.1,297.45,11.54
1753504078292,04:27:58.292,AAVE/USDT:USDT,297.43,0.02,297.42,0.32,297.44,16.2,297.45,11.54
1753504078392,04:27:58.392,AAVE/USDT:USDT,297.38,0.02,297.37,0.04,297.39,4.08,297.4,7.09
1753504078491,04:27:58.491,AAVE/USDT:USDT,297.38,0.02,297.37,0.04,297.39,4.15,297.4,10.5
1753504078591,04:27:58.591,AAVE/USDT:USDT,297.38,0.02,297.37,0.04,297.39,4.15,297.4,10.5
1753504078692,04:27:58.692,AAVE/USDT:USDT,297.38,0.02,297.37,0.04,297.39,4.46,297.4,10.43
1753504078791,04:27:58.791,AAVE/USDT:USDT,297.38,0.02,297.37,0.04,297.39,4.46,297.4,6.63
1753504078890,04:27:58.890,AAVE/USDT:USDT,297.38,0.02,297.37,0.04,297.39,4.46,297.4,4.8
1753504078991,04:27:58.991,AAVE/USDT:USDT,297.38,0.02,297.37,0.04,297.39,4.77,297.4,4.8
1753504079091,04:27:59.091,AAVE/USDT:USDT,297.38,0.02,297.37,0.04,297.39,4.77,297.4,4.8
1753504079191,04:27:59.191,AAVE/USDT:USDT,297.38,0.02,297.37,0.04,297.39,4.77,297.4,4.8
1753504079391,04:27:59.391,AAVE/USDT:USDT,297.38,0.02,297.37,0.04,297.39,4.77,297.4,4.8
1753504079491,04:27:59.491,AAVE/USDT:USDT,297.38,0.02,297.37,0.04,297.39,4.77,297.4,2.52
1753504079592,04:27:59.592,AAVE/USDT:USDT,297.38,0.02,297.37,0.04,297.39,4.77,297.4,2.52
1753504079691,04:27:59.691,AAVE/USDT:USDT,297.38,0.02,297.37,0.04,297.39,4.77,297.4,2.52
1753504079792,04:27:59.792,AAVE/USDT:USDT,297.38,0.02,297.37,0.04,297.39,4.77,297.4,2.52
1753504079891,04:27:59.891,AAVE/USDT:USDT,297.38,0.02,297.37,0.04,297.39,4.77,297.4,2.52
1753504080091,04:28:00.091,AAVE/USDT:USDT,297.38,0.02,297.37,0.04,297.39,4.77,297.4,2.52
1753504080191,04:28:00.191,AAVE/USDT:USDT,297.36,1.08,297.35,0.28,297.38,1.83,297.39,2.94
1753504080291,04:28:00.291,AAVE/USDT:USDT,297.36,1.02,297.34,0.06,297.37,6.55,297.38,11.6
1753504080392,04:28:00.392,AAVE/USDT:USDT,297.36,1.02,297.34,0.06,297.37,6.55,297.38,11.6
1753504080491,04:28:00.491,AAVE/USDT:USDT,297.36,1.02,297.34,0.06,297.37,6.58,297.38,9.1
1753504080591,04:28:00.591,AAVE/USDT:USDT,297.36,1.02,297.34,0.06,297.37,4.23,297.38,9.1
1753504080691,04:28:00.691,AAVE/USDT:USDT,297.36,1.02,297.34,0.06,297.37,4.23,297.38,8.34
1753504080792,04:28:00.792,AAVE/USDT:USDT,297.36,1.02,297.34,0.06,297.37,4.23,297.38,8.34
1753504080891,04:28:00.891,AAVE/USDT:USDT,297.36,1.02,297.34,0.06,297.37,4.61,297.38,8.34
1753504080991,04:28:00.991,AAVE/USDT:USDT,297.36,1.02,297.34,0.06,297.37,4.61,297.38,8.34
1753504081191,04:28:01.191,AAVE/USDT:USDT,297.36,1.02,297.34,0.06,297.37,4.61,297.38,6.06
1753504081291,04:28:01.291,AAVE/USDT:USDT,297.36,1.44,297.35,1.32,297.37,1.42,297.38,4.23
1753504081391,04:28:01.391,AAVE/USDT:USDT,297.36,1.44,297.35,1.32,297.37,1.42,297.38,4.23
1753504081491,04:28:01.491,AAVE/USDT:USDT,297.36,1.02,297.34,0.06,297.37,1.42,297.38,4.23
1753504081590,04:28:01.590,AAVE/USDT:USDT,297.36,1.02,297.34,0.06,297.37,1.41,297.38,4.23
