timestamp,time,symbol,bid1_price,bid1_volume,bid2_price,bid2_volume,ask1_price,ask1_volume,ask2_price,ask2_volume
1753503734097,04:22:14.097,AAVE/USDT:USDT,297.27,0.7,297.26,0.1,297.28,9.7,297.29,0.7
1753503734200,04:22:14.200,AAVE/USDT:USDT,297.27,0.7,297.26,0.1,297.28,9.7,297.29,0.7
1753503734304,04:22:14.304,AAVE/USDT:USDT,297.27,0.7,297.26,0.1,297.28,9.6,297.29,0.7
1753503734405,04:22:14.405,AAVE/USDT:USDT,297.27,0.7,297.26,0.1,297.28,9.6,297.29,0.7
1753503734508,04:22:14.508,AAVE/USDT:USDT,297.27,0.8,297.26,0.1,297.28,9.5,297.29,0.7
1753503734618,04:22:14.618,AAVE/USDT:USDT,297.27,0.8,297.26,0.1,297.28,9.5,297.29,0.7
1753503734720,04:22:14.720,AAVE/USDT:USDT,297.27,0.8,297.26,0.1,297.28,9.5,297.29,0.7
1753503734828,04:22:14.828,AAVE/USDT:USDT,297.27,0.8,297.26,0.1,297.28,9.5,297.29,0.7
1753503734931,04:22:14.931,AAVE/USDT:USDT,297.27,4.4,297.26,0.1,297.28,9.5,297.29,0.7
1753503735038,04:22:15.038,AAVE/USDT:USDT,297.27,4.4,297.26,0.1,297.28,9.5,297.29,0.7
1753503735159,04:22:15.159,AAVE/USDT:USDT,297.27,0.8,297.26,0.1,297.28,9.8,297.29,0.5
1753503735404,04:22:15.404,AAVE/USDT:USDT,297.27,4.4,297.26,0.6,297.28,8.9,297.29,0.5
1753503735536,04:22:15.536,AAVE/USDT:USDT,297.27,4.4,297.26,0.6,297.28,8.9,297.29,0.5
1753503735642,04:22:15.642,AAVE/USDT:USDT,297.27,4.4,297.26,0.6,297.28,8.9,297.3,6.0
1753503735745,04:22:15.745,AAVE/USDT:USDT,297.27,4.4,297.26,0.1,297.28,8.9,297.29,0.5
1753503735848,04:22:15.848,AAVE/USDT:USDT,297.27,4.4,297.26,0.1,297.28,9.9,297.29,0.5
1753503735951,04:22:15.951,AAVE/USDT:USDT,297.27,4.4,297.26,0.1,297.28,9.9,297.29,0.5
1753503736064,04:22:16.064,AAVE/USDT:USDT,297.27,4.4,297.26,0.1,297.28,9.9,297.29,0.5
1753503736174,04:22:16.174,AAVE/USDT:USDT,297.27,4.4,297.26,1.8,297.28,8.9,297.29,0.5
1753503736277,04:22:16.277,AAVE/USDT:USDT,297.27,4.4,297.26,1.8,297.28,7.1,297.29,0.5
1753503736381,04:22:16.381,AAVE/USDT:USDT,297.27,4.4,297.26,1.8,297.28,7.1,297.29,0.5
1753503736483,04:22:16.483,AAVE/USDT:USDT,297.27,4.4,297.26,1.8,297.28,12.8,297.29,0.5
1753503736587,04:22:16.587,AAVE/USDT:USDT,297.27,4.4,297.26,1.8,297.28,12.8,297.29,0.5
1753503736713,04:22:16.713,AAVE/USDT:USDT,297.27,0.8,297.26,1.8,297.28,13.8,297.29,0.5
1753503736816,04:22:16.816,AAVE/USDT:USDT,297.27,4.4,297.26,1.8,297.28,12.8,297.29,0.5
1753503736918,04:22:16.918,AAVE/USDT:USDT,297.27,4.4,297.26,1.8,297.28,12.8,297.29,0.5
1753503737021,04:22:17.021,AAVE/USDT:USDT,297.27,4.4,297.26,1.8,297.28,12.8,297.29,0.5
1753503737124,04:22:17.124,AAVE/USDT:USDT,297.27,0.8,297.26,1.8,297.28,12.8,297.29,0.5
1753503737229,04:22:17.229,AAVE/USDT:USDT,297.27,0.8,297.26,1.8,297.28,13.8,297.29,0.5
1753503737332,04:22:17.332,AAVE/USDT:USDT,297.27,0.8,297.26,1.8,297.28,13.8,297.29,0.5
1753503737485,04:22:17.485,AAVE/USDT:USDT,297.27,0.8,297.26,1.8,297.28,13.8,297.29,0.5
1753503737587,04:22:17.587,AAVE/USDT:USDT,297.27,0.8,297.26,1.8,297.28,13.8,297.29,0.5
1753503737694,04:22:17.694,AAVE/USDT:USDT,297.27,0.8,297.26,1.8,297.28,13.8,297.29,0.5
1753503737800,04:22:17.800,AAVE/USDT:USDT,297.27,4.4,297.26,1.8,297.28,10.6,297.29,0.5
1753503737903,04:22:17.903,AAVE/USDT:USDT,297.27,4.4,297.26,1.9,297.28,10.6,297.29,0.5
1753503738004,04:22:18.004,AAVE/USDT:USDT,297.27,4.4,297.26,1.9,297.28,10.6,297.29,0.5
1753503738107,04:22:18.107,AAVE/USDT:USDT,297.27,4.4,297.26,1.9,297.28,10.6,297.29,0.5
1753503738312,04:22:18.312,AAVE/USDT:USDT,297.27,4.4,297.26,1.9,297.28,10.6,297.29,0.5
1753503738508,04:22:18.508,AAVE/USDT:USDT,297.27,4.4,297.26,1.9,297.28,12.1,297.29,0.5
1753503738612,04:22:18.612,AAVE/USDT:USDT,297.27,0.8,297.26,1.8,297.28,13.1,297.29,0.5
1753503738715,04:22:18.715,AAVE/USDT:USDT,297.27,0.8,297.26,1.8,297.28,13.1,297.29,0.5
1753503738842,04:22:18.842,AAVE/USDT:USDT,297.27,4.4,297.26,1.8,297.28,9.9,297.29,0.5
1753503738945,04:22:18.945,AAVE/USDT:USDT,297.27,5.0,297.26,2.3,297.28,6.3,297.29,0.5
1753503739047,04:22:19.047,AAVE/USDT:USDT,297.27,5.0,297.26,2.3,297.28,6.3,297.29,0.5
1753503739149,04:22:19.149,AAVE/USDT:USDT,297.27,5.0,297.26,1.8,297.28,6.3,297.29,0.5
1753503739302,04:22:19.302,AAVE/USDT:USDT,297.27,5.0,297.26,1.8,297.28,6.3,297.29,0.5
1753503739405,04:22:19.405,AAVE/USDT:USDT,297.27,5.0,297.26,1.8,297.28,6.3,297.29,0.5
1753503739508,04:22:19.508,AAVE/USDT:USDT,297.27,5.0,297.26,1.8,297.28,6.3,297.29,0.5
1753503739618,04:22:19.618,AAVE/USDT:USDT,297.27,10.2,297.26,2.3,297.28,3.6,297.29,0.2
1753503739723,04:22:19.723,AAVE/USDT:USDT,297.27,13.0,297.26,9.0,297.28,3.4,297.3,0.3
1753503739829,04:22:19.829,AAVE/USDT:USDT,297.27,13.2,297.26,9.0,297.28,3.4,297.3,0.3
1753503739933,04:22:19.933,AAVE/USDT:USDT,297.27,8.9,297.26,4.6,297.28,3.4,297.3,0.8
1753503740036,04:22:20.036,AAVE/USDT:USDT,297.27,8.8,297.26,2.3,297.28,3.4,297.3,0.8
1753503740138,04:22:20.138,AAVE/USDT:USDT,297.27,8.8,297.26,2.3,297.28,3.4,297.3,0.8
1753503740241,04:22:20.241,AAVE/USDT:USDT,297.27,8.8,297.26,2.3,297.28,3.4,297.3,0.8
1753503740366,04:22:20.366,AAVE/USDT:USDT,297.27,8.8,297.26,2.3,297.28,3.4,297.3,2.0
1753503740582,04:22:20.582,AAVE/USDT:USDT,297.27,10.5,297.26,2.3,297.28,3.4,297.3,0.8
1753503740684,04:22:20.684,AAVE/USDT:USDT,297.27,10.5,297.26,4.6,297.28,3.4,297.3,1.0
1753503740787,04:22:20.787,AAVE/USDT:USDT,297.27,10.5,297.26,4.6,297.28,3.4,297.3,0.3
1753503740890,04:22:20.890,AAVE/USDT:USDT,297.27,10.5,297.26,4.7,297.28,3.4,297.3,0.3
1753503741001,04:22:21.001,AAVE/USDT:USDT,297.27,10.5,297.26,4.7,297.28,3.4,297.3,0.8
1753503741104,04:22:21.104,AAVE/USDT:USDT,297.27,10.5,297.26,2.4,297.28,3.4,297.3,0.8
1753503741207,04:22:21.207,AAVE/USDT:USDT,297.27,7.0,297.26,1.8,297.28,5.2,297.29,0.5
1753503741311,04:22:21.311,AAVE/USDT:USDT,297.27,7.0,297.26,2.3,297.28,5.2,297.29,0.5
1753503741413,04:22:21.413,AAVE/USDT:USDT,297.27,4.4,297.26,1.8,297.28,8.4,297.29,0.5
1753503741515,04:22:21.515,AAVE/USDT:USDT,297.27,4.5,297.26,1.8,297.28,8.5,297.29,0.6
1753503741619,04:22:21.619,AAVE/USDT:USDT,297.27,6.8,297.26,6.6,297.28,3.4,297.3,1.0
1753503741722,04:22:21.722,AAVE/USDT:USDT,297.27,6.8,297.26,6.6,297.28,3.4,297.29,0.5
1753503741825,04:22:21.825,AAVE/USDT:USDT,297.27,7.8,297.26,8.7,297.28,3.4,297.3,0.8
1753503741928,04:22:21.928,AAVE/USDT:USDT,297.27,7.8,297.26,2.3,297.28,3.4,297.3,2.0
1753503742030,04:22:22.030,AAVE/USDT:USDT,297.21,15.6,297.2,5.7,297.22,12.3,297.24,0.2
1753503742133,04:22:22.133,AAVE/USDT:USDT,297.21,8.1,297.2,5.7,297.22,12.4,297.24,0.2
1753503742243,04:22:22.243,AAVE/USDT:USDT,297.21,14.9,297.2,5.7,297.22,12.4,297.24,0.2
1753503742345,04:22:22.345,AAVE/USDT:USDT,297.23,21.6,297.22,23.8,297.24,0.2,297.27,1.1
1753503742447,04:22:22.447,AAVE/USDT:USDT,297.26,16.6,297.25,15.5,297.27,0.8,297.28,6.1
1753503742550,04:22:22.550,AAVE/USDT:USDT,297.26,16.5,297.25,15.5,297.27,4.4,297.28,6.1
1753503742685,04:22:22.685,AAVE/USDT:USDT,297.26,15.5,297.25,11.2,297.27,4.4,297.28,6.6
1753503742789,04:22:22.789,AAVE/USDT:USDT,297.26,15.5,297.25,7.6,297.27,0.8,297.28,6.1
1753503742892,04:22:22.892,AAVE/USDT:USDT,297.26,15.5,297.25,14.6,297.27,0.8,297.28,6.1
1753503742995,04:22:22.995,AAVE/USDT:USDT,297.26,15.5,297.25,14.6,297.27,0.8,297.28,6.1
1753503743097,04:22:23.097,AAVE/USDT:USDT,297.26,15.5,297.25,14.6,297.27,0.8,297.28,6.1
1753503743213,04:22:23.213,AAVE/USDT:USDT,297.26,15.5,297.25,14.6,297.27,0.8,297.28,10.9
1753503743316,04:22:23.316,AAVE/USDT:USDT,297.26,15.5,297.25,14.6,297.27,0.8,297.28,10.9
1753503743419,04:22:23.419,AAVE/USDT:USDT,297.26,15.5,297.25,14.6,297.27,0.8,297.28,10.9
1753503743527,04:22:23.527,AAVE/USDT:USDT,297.26,15.5,297.25,7.6,297.27,3.6,297.28,8.2
1753503743631,04:22:23.631,AAVE/USDT:USDT,297.26,15.5,297.25,11.9,297.27,3.6,297.28,8.2
1753503743735,04:22:23.735,AAVE/USDT:USDT,297.26,15.5,297.25,15.5,297.27,3.6,297.28,8.2
1753503743837,04:22:23.837,AAVE/USDT:USDT,297.26,15.5,297.25,15.5,297.27,3.6,297.28,8.2
1753503743941,04:22:23.941,AAVE/USDT:USDT,297.26,15.5,297.25,15.5,297.27,3.6,297.28,8.2
1753503744056,04:22:24.056,AAVE/USDT:USDT,297.26,15.5,297.25,15.5,297.27,3.6,297.28,8.2
1753503744158,04:22:24.158,AAVE/USDT:USDT,297.26,15.5,297.25,11.2,297.27,3.6,297.28,8.2
1753503744262,04:22:24.262,AAVE/USDT:USDT,297.26,15.5,297.25,7.6,297.27,3.6,297.28,8.2
1753503744365,04:22:24.365,AAVE/USDT:USDT,297.26,15.5,297.25,7.6,297.27,3.6,297.28,8.2
1753503744469,04:22:24.469,AAVE/USDT:USDT,297.26,16.4,297.25,7.6,297.27,3.6,297.28,8.2
1753503744588,04:22:24.588,AAVE/USDT:USDT,297.26,16.4,297.25,12.0,297.27,3.6,297.28,8.2
1753503744691,04:22:24.691,AAVE/USDT:USDT,297.26,16.4,297.25,19.0,297.27,3.6,297.28,8.2
1753503744793,04:22:24.793,AAVE/USDT:USDT,297.26,16.4,297.25,19.0,297.27,3.6,297.28,8.2
1753503744941,04:22:24.941,AAVE/USDT:USDT,297.26,16.4,297.25,19.0,297.27,3.6,297.28,8.2
1753503745048,04:22:25.048,AAVE/USDT:USDT,297.26,16.4,297.25,19.0,297.27,3.6,297.28,8.2
1753503745150,04:22:25.150,AAVE/USDT:USDT,297.26,13.9,297.25,7.6,297.27,3.8,297.28,8.0
1753503745253,04:22:25.253,AAVE/USDT:USDT,297.26,13.9,297.25,7.6,297.27,3.8,297.28,8.0
1753503745357,04:22:25.357,AAVE/USDT:USDT,297.26,12.2,297.25,7.6,297.27,4.1,297.28,8.0
1753503745459,04:22:25.459,AAVE/USDT:USDT,297.26,12.2,297.25,7.6,297.27,4.1,297.28,8.0
1753503745562,04:22:25.562,AAVE/USDT:USDT,297.26,12.2,297.25,7.6,297.27,4.1,297.28,8.0
1753503745665,04:22:25.665,AAVE/USDT:USDT,297.26,3.8,297.25,7.6,297.27,8.9,297.28,8.0
1753503745768,04:22:25.768,AAVE/USDT:USDT,297.26,1.0,297.25,3.6,297.27,9.9,297.28,8.0
1753503745894,04:22:25.894,AAVE/USDT:USDT,297.26,1.0,297.25,3.6,297.27,9.9,297.28,8.0
1753503745998,04:22:25.998,AAVE/USDT:USDT,297.26,4.6,297.25,3.6,297.27,7.1,297.28,8.0
1753503746111,04:22:26.111,AAVE/USDT:USDT,297.26,4.6,297.25,3.6,297.27,7.1,297.28,8.0
1753503746215,04:22:26.215,AAVE/USDT:USDT,297.26,4.6,297.25,3.6,297.27,7.1,297.28,8.0
1753503746317,04:22:26.317,AAVE/USDT:USDT,297.26,1.0,297.25,3.6,297.27,10.1,297.28,8.0
1753503746424,04:22:26.424,AAVE/USDT:USDT,297.26,1.0,297.25,3.6,297.27,10.1,297.28,8.0
1753503746554,04:22:26.554,AAVE/USDT:USDT,297.26,1.0,297.24,11.2,297.27,10.1,297.28,8.0
1753503746660,04:22:26.660,AAVE/USDT:USDT,297.26,1.0,297.24,7.2,297.27,10.1,297.28,8.0
1753503746799,04:22:26.799,AAVE/USDT:USDT,297.26,1.0,297.24,3.4,297.27,10.1,297.28,8.0
1753503746902,04:22:26.902,AAVE/USDT:USDT,297.24,0.1,297.23,0.2,297.25,27.7,297.26,20.8
1753503747011,04:22:27.011,AAVE/USDT:USDT,297.24,0.1,297.23,0.1,297.25,27.8,297.26,20.8
1753503747114,04:22:27.114,AAVE/USDT:USDT,297.24,0.8,297.23,0.1,297.25,27.8,297.26,20.8
1753503747216,04:22:27.216,AAVE/USDT:USDT,297.25,5.3,297.24,8.4,297.26,8.0,297.27,7.8
1753503747324,04:22:27.324,AAVE/USDT:USDT,297.25,4.8,297.24,8.4,297.26,8.0,297.27,6.6
1753503747428,04:22:27.428,AAVE/USDT:USDT,297.25,4.3,297.24,8.4,297.26,12.2,297.27,4.0
1753503747535,04:22:27.535,AAVE/USDT:USDT,297.25,3.7,297.24,8.4,297.26,12.2,297.27,3.5
1753503747638,04:22:27.638,AAVE/USDT:USDT,297.25,3.7,297.24,8.4,297.26,12.2,297.27,4.0
1753503747814,04:22:27.814,AAVE/USDT:USDT,297.25,4.3,297.24,8.4,297.26,12.2,297.27,3.5
1753503747919,04:22:27.919,AAVE/USDT:USDT,297.25,4.4,297.24,8.4,297.26,12.2,297.27,3.5
1753503748021,04:22:28.021,AAVE/USDT:USDT,297.25,4.4,297.24,8.4,297.26,12.2,297.27,3.5
1753503748124,04:22:28.124,AAVE/USDT:USDT,297.25,4.4,297.24,8.4,297.26,12.2,297.27,3.5
1753503748230,04:22:28.230,AAVE/USDT:USDT,297.25,3.8,297.24,7.1,297.26,14.2,297.27,4.0
1753503748333,04:22:28.333,AAVE/USDT:USDT,297.25,3.8,297.24,7.1,297.26,14.2,297.27,4.0
1753503748458,04:22:28.458,AAVE/USDT:USDT,297.25,4.0,297.24,5.3,297.26,10.9,297.27,4.0
1753503748562,04:22:28.562,AAVE/USDT:USDT,297.25,4.0,297.24,5.3,297.26,11.0,297.27,4.0
1753503748670,04:22:28.670,AAVE/USDT:USDT,297.25,4.0,297.24,5.3,297.26,11.0,297.27,4.0
1753503748800,04:22:28.800,AAVE/USDT:USDT,297.25,4.0,297.24,4.1,297.26,11.0,297.27,4.0
1753503748918,04:22:28.918,AAVE/USDT:USDT,297.25,4.0,297.24,4.1,297.26,11.0,297.27,4.0
1753503749102,04:22:29.102,AAVE/USDT:USDT,297.25,4.0,297.24,4.1,297.26,11.0,297.27,4.0
1753503749223,04:22:29.223,AAVE/USDT:USDT,297.25,4.0,297.24,4.1,297.26,11.0,297.27,4.0
1753503749348,04:22:29.348,AAVE/USDT:USDT,297.25,4.0,297.24,4.1,297.26,11.0,297.27,4.0
1753503749454,04:22:29.454,AAVE/USDT:USDT,297.25,4.0,297.24,4.1,297.26,9.2,297.27,4.0
1753503749558,04:22:29.558,AAVE/USDT:USDT,297.25,4.0,297.24,4.1,297.26,9.2,297.27,4.0
1753503749736,04:22:29.736,AAVE/USDT:USDT,297.25,4.0,297.24,4.1,297.26,9.2,297.27,4.0
1753503749840,04:22:29.840,AAVE/USDT:USDT,297.25,4.0,297.24,4.1,297.26,11.0,297.27,4.0
1753503749966,04:22:29.966,AAVE/USDT:USDT,297.25,4.0,297.24,4.1,297.26,5.6,297.27,4.0
1753503750068,04:22:30.068,AAVE/USDT:USDT,297.25,4.0,297.24,4.1,297.26,7.6,297.27,4.0
1753503750171,04:22:30.171,AAVE/USDT:USDT,297.25,4.0,297.24,4.1,297.26,7.6,297.27,4.0
1753503750273,04:22:30.273,AAVE/USDT:USDT,297.25,4.0,297.24,4.1,297.26,9.6,297.27,4.0
1753503750385,04:22:30.385,AAVE/USDT:USDT,297.25,4.0,297.24,4.1,297.26,9.6,297.27,4.0
1753503750531,04:22:30.531,AAVE/USDT:USDT,297.25,4.0,297.24,4.1,297.26,9.6,297.27,4.0
1753503750634,04:22:30.634,AAVE/USDT:USDT,297.25,4.0,297.24,4.1,297.26,9.6,297.27,4.0
1753503750739,04:22:30.739,AAVE/USDT:USDT,297.25,4.0,297.24,4.1,297.26,9.6,297.27,4.0
1753503750854,04:22:30.854,AAVE/USDT:USDT,297.25,4.0,297.24,4.1,297.26,9.6,297.27,4.0
1753503751014,04:22:31.014,AAVE/USDT:USDT,297.25,4.0,297.24,4.1,297.26,9.6,297.27,4.0
1753503751119,04:22:31.119,AAVE/USDT:USDT,297.25,4.0,297.24,4.1,297.26,9.6,297.27,4.0
1753503751221,04:22:31.221,AAVE/USDT:USDT,297.25,4.0,297.24,4.1,297.26,9.6,297.27,4.0
1753503751324,04:22:31.324,AAVE/USDT:USDT,297.25,4.0,297.24,4.1,297.26,9.6,297.27,4.0
1753503751552,04:22:31.552,AAVE/USDT:USDT,297.25,0.2,297.24,4.1,297.26,9.6,297.27,4.0
1753503751670,04:22:31.670,AAVE/USDT:USDT,297.25,0.2,297.24,4.1,297.26,9.6,297.27,4.0
1753503751800,04:22:31.800,AAVE/USDT:USDT,297.25,3.8,297.24,4.1,297.26,7.7,297.27,3.5
1753503751902,04:22:31.902,AAVE/USDT:USDT,297.25,3.9,297.24,4.1,297.26,7.7,297.27,3.5
1753503752005,04:22:32.005,AAVE/USDT:USDT,297.25,3.9,297.24,4.1,297.26,7.7,297.27,4.0
1753503752113,04:22:32.113,AAVE/USDT:USDT,297.25,3.9,297.24,4.1,297.26,7.7,297.27,4.0
1753503752219,04:22:32.219,AAVE/USDT:USDT,297.25,3.9,297.24,4.1,297.26,7.7,297.27,4.0
1753503752321,04:22:32.321,AAVE/USDT:USDT,297.25,3.9,297.24,4.1,297.26,8.7,297.27,4.0
1753503752425,04:22:32.425,AAVE/USDT:USDT,297.25,3.9,297.24,4.1,297.26,8.7,297.27,4.0
1753503752552,04:22:32.552,AAVE/USDT:USDT,297.25,0.4,297.24,4.1,297.26,8.7,297.27,4.0
1753503752658,04:22:32.658,AAVE/USDT:USDT,297.25,4.0,297.24,4.1,297.26,7.7,297.27,4.0
1753503752761,04:22:32.761,AAVE/USDT:USDT,297.25,4.1,297.24,4.1,297.26,7.7,297.27,4.0
1753503752864,04:22:32.864,AAVE/USDT:USDT,297.25,0.5,297.24,4.1,297.26,8.7,297.27,4.0
1753503752967,04:22:32.967,AAVE/USDT:USDT,297.25,0.5,297.24,4.1,297.26,8.7,297.27,4.0
1753503753069,04:22:33.069,AAVE/USDT:USDT,297.25,0.5,297.24,4.1,297.26,8.7,297.27,4.0
1753503753202,04:22:33.202,AAVE/USDT:USDT,297.25,0.5,297.24,4.1,297.26,8.7,297.27,4.0
1753503753305,04:22:33.305,AAVE/USDT:USDT,297.25,0.5,297.24,4.1,297.26,8.7,297.27,4.0
1753503753499,04:22:33.499,AAVE/USDT:USDT,297.25,0.5,297.24,4.1,297.26,8.7,297.27,4.0
1753503753606,04:22:33.606,AAVE/USDT:USDT,297.25,4.1,297.24,4.1,297.26,7.9,297.27,4.0
1753503753739,04:22:33.739,AAVE/USDT:USDT,297.25,4.1,297.24,4.1,297.26,7.9,297.27,4.0
1753503753842,04:22:33.842,AAVE/USDT:USDT,297.25,0.5,297.24,4.1,297.26,8.9,297.27,4.0
1753503753947,04:22:33.947,AAVE/USDT:USDT,297.25,4.1,297.24,4.1,297.26,6.3,297.27,4.0
1753503754050,04:22:34.050,AAVE/USDT:USDT,297.25,4.6,297.24,5.9,297.26,7.5,297.27,3.5
1753503754153,04:22:34.153,AAVE/USDT:USDT,297.25,4.6,297.24,5.9,297.26,7.5,297.27,3.5
1753503754278,04:22:34.278,AAVE/USDT:USDT,297.25,4.6,297.24,5.9,297.26,7.5,297.27,3.5
1753503754379,04:22:34.379,AAVE/USDT:USDT,297.25,4.6,297.24,3.6,297.26,8.5,297.27,4.0
1753503754481,04:22:34.481,AAVE/USDT:USDT,297.25,4.4,297.24,3.6,297.26,10.3,297.27,4.0
1753503754584,04:22:34.584,AAVE/USDT:USDT,297.25,0.8,297.24,3.6,297.26,10.3,297.27,4.0
1753503754687,04:22:34.687,AAVE/USDT:USDT,297.25,4.4,297.24,3.6,297.26,10.1,297.27,4.1
1753503754790,04:22:34.790,AAVE/USDT:USDT,297.25,4.5,297.24,3.6,297.26,9.1,297.27,4.1
1753503754893,04:22:34.893,AAVE/USDT:USDT,297.25,0.9,297.24,3.6,297.26,10.1,297.27,4.1
1753503755017,04:22:35.017,AAVE/USDT:USDT,297.25,0.9,297.24,3.6,297.26,10.1,297.27,4.1
1753503755119,04:22:35.119,AAVE/USDT:USDT,297.25,0.9,297.24,3.6,297.26,10.1,297.27,4.1
1753503755248,04:22:35.248,AAVE/USDT:USDT,297.25,0.9,297.24,3.6,297.26,10.3,297.27,3.9
1753503755418,04:22:35.418,AAVE/USDT:USDT,297.25,0.9,297.24,3.6,297.26,10.3,297.27,3.9
1753503755551,04:22:35.551,AAVE/USDT:USDT,297.25,4.5,297.24,3.6,297.26,10.5,297.27,3.8
1753503755654,04:22:35.654,AAVE/USDT:USDT,297.25,6.8,297.24,4.1,297.26,2.6,297.27,3.3
1753503755757,04:22:35.757,AAVE/USDT:USDT,297.25,7.8,297.24,9.9,297.26,2.3,297.27,0.3
1753503755858,04:22:35.858,AAVE/USDT:USDT,297.25,7.8,297.24,9.9,297.26,2.3,297.27,0.3
1753503755961,04:22:35.961,AAVE/USDT:USDT,297.25,7.8,297.24,9.9,297.26,2.3,297.27,0.3
1753503756069,04:22:36.069,AAVE/USDT:USDT,297.25,7.8,297.24,9.9,297.26,2.3,297.27,0.3
1753503756172,04:22:36.172,AAVE/USDT:USDT,297.25,7.8,297.24,9.9,297.26,2.3,297.27,0.3
1753503756282,04:22:36.282,AAVE/USDT:USDT,297.25,7.8,297.24,9.9,297.26,2.3,297.27,0.3
1753503756591,04:22:36.591,AAVE/USDT:USDT,297.25,5.1,297.24,5.3,297.26,2.3,297.27,0.8
1753503756694,04:22:36.694,AAVE/USDT:USDT,297.25,5.3,297.24,5.8,297.26,2.3,297.27,0.8
1753503756797,04:22:36.797,AAVE/USDT:USDT,297.25,8.0,297.24,9.8,297.26,2.5,297.27,0.3
1753503756901,04:22:36.901,AAVE/USDT:USDT,297.25,8.0,297.24,9.8,297.26,2.5,297.27,0.3
1753503757004,04:22:37.004,AAVE/USDT:USDT,297.25,8.0,297.24,9.8,297.26,2.5,297.27,0.3
1753503757201,04:22:37.201,AAVE/USDT:USDT,297.25,4.7,297.24,5.3,297.26,7.0,297.27,0.9
1753503757305,04:22:37.305,AAVE/USDT:USDT,297.25,4.7,297.24,5.3,297.26,8.8,297.27,0.9
1753503757408,04:22:37.408,AAVE/USDT:USDT,297.25,4.7,297.24,5.3,297.26,8.8,297.27,0.9
1753503757512,04:22:37.512,AAVE/USDT:USDT,297.25,4.7,297.24,5.3,297.26,8.8,297.27,0.9
1753503757651,04:22:37.651,AAVE/USDT:USDT,297.25,4.7,297.24,5.3,297.26,8.8,297.27,0.9
1753503757753,04:22:37.753,AAVE/USDT:USDT,297.25,4.7,297.24,5.3,297.26,8.8,297.27,0.9
1753503757864,04:22:37.864,AAVE/USDT:USDT,297.25,4.7,297.24,5.3,297.26,8.8,297.27,0.9
1753503758049,04:22:38.049,AAVE/USDT:USDT,297.25,4.7,297.24,5.3,297.26,8.6,297.27,0.9
1753503758194,04:22:38.194,AAVE/USDT:USDT,297.25,4.7,297.24,5.3,297.26,6.8,297.27,0.8
1753503758297,04:22:38.297,AAVE/USDT:USDT,297.25,7.8,297.24,5.3,297.26,6.8,297.27,0.8
1753503758399,04:22:38.399,AAVE/USDT:USDT,297.25,7.8,297.24,5.3,297.26,6.8,297.27,0.3
1753503758514,04:22:38.514,AAVE/USDT:USDT,297.25,7.8,297.24,5.3,297.26,6.8,297.27,0.3
1753503758619,04:22:38.619,AAVE/USDT:USDT,297.25,9.5,297.24,5.4,297.26,6.8,297.27,0.3
1753503758722,04:22:38.722,AAVE/USDT:USDT,297.25,9.5,297.24,5.4,297.26,6.8,297.27,0.3
1753503758824,04:22:38.824,AAVE/USDT:USDT,297.25,9.5,297.24,5.4,297.26,6.8,297.27,0.3
1753503758926,04:22:38.926,AAVE/USDT:USDT,297.25,9.5,297.24,5.4,297.26,6.8,297.27,0.3
1753503759029,04:22:39.029,AAVE/USDT:USDT,297.25,7.2,297.24,5.3,297.26,6.8,297.27,0.3
1753503759132,04:22:39.132,AAVE/USDT:USDT,297.25,7.2,297.24,5.3,297.26,6.8,297.27,0.8
1753503759333,04:22:39.333,AAVE/USDT:USDT,297.25,7.2,297.24,5.3,297.26,6.8,297.27,0.8
1753503759519,04:22:39.519,AAVE/USDT:USDT,297.25,7.8,297.24,5.4,297.26,6.7,297.27,0.3
1753503759622,04:22:39.622,AAVE/USDT:USDT,297.25,7.8,297.24,5.4,297.26,6.7,297.27,0.8
1753503759728,04:22:39.728,AAVE/USDT:USDT,297.25,7.8,297.24,5.3,297.26,6.7,297.27,0.8
1753503759831,04:22:39.831,AAVE/USDT:USDT,297.25,7.8,297.24,5.3,297.26,6.7,297.27,0.8
1753503760090,04:22:40.090,AAVE/USDT:USDT,297.25,7.8,297.24,5.3,297.26,6.7,297.27,0.8
1753503760193,04:22:40.193,AAVE/USDT:USDT,297.25,4.8,297.24,5.3,297.26,7.5,297.27,0.8
1753503760295,04:22:40.295,AAVE/USDT:USDT,297.25,15.7,297.24,5.3,297.26,6.5,297.27,0.3
1753503760396,04:22:40.396,AAVE/USDT:USDT,297.25,11.9,297.24,5.3,297.26,12.9,297.27,0.3
1753503760504,04:22:40.504,AAVE/USDT:USDT,297.25,11.9,297.24,5.3,297.26,12.9,297.27,0.3
1753503760705,04:22:40.705,AAVE/USDT:USDT,297.25,11.9,297.24,5.3,297.26,12.9,297.27,0.3
1753503760814,04:22:40.814,AAVE/USDT:USDT,297.25,11.9,297.24,5.3,297.26,12.9,297.27,0.3
1753503760920,04:22:40.920,AAVE/USDT:USDT,297.25,11.9,297.24,5.3,297.26,12.9,297.27,0.8
1753503761021,04:22:41.021,AAVE/USDT:USDT,297.25,11.9,297.24,5.3,297.26,12.9,297.27,0.8
1753503761124,04:22:41.124,AAVE/USDT:USDT,297.25,11.9,297.24,5.3,297.26,12.9,297.27,0.8
1753503761227,04:22:41.227,AAVE/USDT:USDT,297.25,11.9,297.24,5.3,297.26,12.9,297.27,0.8
1753503761328,04:22:41.328,AAVE/USDT:USDT,297.25,11.9,297.24,5.3,297.26,12.9,297.27,0.8
1753503761441,04:22:41.441,AAVE/USDT:USDT,297.25,14.2,297.24,5.3,297.26,6.6,297.27,0.3
1753503761544,04:22:41.544,AAVE/USDT:USDT,297.25,14.3,297.24,5.3,297.26,6.6,297.27,0.3
1753503761650,04:22:41.650,AAVE/USDT:USDT,297.25,14.3,297.24,5.3,297.26,6.6,297.27,0.3
1753503761753,04:22:41.753,AAVE/USDT:USDT,297.25,14.2,297.24,5.3,297.26,6.6,297.27,0.8
1753503761855,04:22:41.855,AAVE/USDT:USDT,297.25,11.9,297.24,5.3,297.26,11.4,297.27,0.8
1753503761958,04:22:41.958,AAVE/USDT:USDT,297.25,12.1,297.24,5.3,297.26,11.4,297.27,0.8
1753503762061,04:22:42.061,AAVE/USDT:USDT,297.25,12.1,297.24,5.3,297.26,11.4,297.27,0.9
1753503762216,04:22:42.216,AAVE/USDT:USDT,297.25,12.1,297.24,5.3,297.26,11.4,297.27,0.8
1753503762318,04:22:42.318,AAVE/USDT:USDT,297.25,12.1,297.24,3.6,297.26,11.4,297.27,0.8
1753503762439,04:22:42.439,AAVE/USDT:USDT,297.25,12.1,297.24,3.6,297.26,12.4,297.27,0.8
1753503762547,04:22:42.547,AAVE/USDT:USDT,297.25,12.2,297.24,3.6,297.26,11.4,297.27,0.8
1753503762667,04:22:42.667,AAVE/USDT:USDT,297.25,12.2,297.24,3.6,297.26,11.4,297.27,0.8
1753503762779,04:22:42.779,AAVE/USDT:USDT,297.25,12.2,297.24,3.6,297.26,11.4,297.27,0.8
1753503762883,04:22:42.883,AAVE/USDT:USDT,297.25,12.2,297.24,3.6,297.26,11.4,297.27,0.3
1753503762986,04:22:42.986,AAVE/USDT:USDT,297.25,12.2,297.24,3.6,297.26,11.4,297.27,0.3
1753503763089,04:22:43.089,AAVE/USDT:USDT,297.25,12.2,297.24,3.6,297.26,11.4,297.27,0.8
1753503763191,04:22:43.191,AAVE/USDT:USDT,297.25,12.2,297.24,3.6,297.26,9.6,297.27,0.8
1753503763296,04:22:43.296,AAVE/USDT:USDT,297.25,12.2,297.24,3.6,297.26,9.6,297.27,0.8
1753503763398,04:22:43.398,AAVE/USDT:USDT,297.25,12.2,297.24,3.6,297.26,5.1,297.27,0.8
1753503763501,04:22:43.501,AAVE/USDT:USDT,297.25,12.2,297.24,3.6,297.26,8.7,297.27,0.8
1753503763613,04:22:43.613,AAVE/USDT:USDT,297.25,12.2,297.24,3.6,297.26,9.8,297.27,0.8
1753503763716,04:22:43.716,AAVE/USDT:USDT,297.25,12.2,297.24,3.6,297.26,8.8,297.27,0.8
1753503763830,04:22:43.830,AAVE/USDT:USDT,297.25,12.2,297.24,3.6,297.26,8.8,297.27,0.8
1753503763933,04:22:43.933,AAVE/USDT:USDT,297.25,12.2,297.24,3.6,297.26,9.8,297.27,0.8
1753503764041,04:22:44.041,AAVE/USDT:USDT,297.25,12.2,297.24,3.6,297.26,9.8,297.27,0.8
1753503764144,04:22:44.144,AAVE/USDT:USDT,297.25,12.2,297.24,3.6,297.26,8.8,297.27,0.8
1753503764308,04:22:44.308,AAVE/USDT:USDT,297.25,12.2,297.24,3.6,297.26,8.8,297.27,0.8
1753503764513,04:22:44.513,AAVE/USDT:USDT,297.25,11.5,297.24,3.6,297.26,10.0,297.27,0.8
1753503764615,04:22:44.615,AAVE/USDT:USDT,297.25,11.5,297.24,3.6,297.26,10.0,297.27,0.8
1753503764717,04:22:44.717,AAVE/USDT:USDT,297.25,11.5,297.24,3.6,297.26,10.1,297.27,0.9
1753503764826,04:22:44.826,AAVE/USDT:USDT,297.25,11.5,297.24,3.6,297.26,10.1,297.27,0.9
1753503764961,04:22:44.961,AAVE/USDT:USDT,297.25,11.5,297.24,3.6,297.26,10.1,297.27,0.9
1753503765064,04:22:45.064,AAVE/USDT:USDT,297.25,11.5,297.24,3.6,297.26,10.1,297.27,0.9
1753503765172,04:22:45.172,AAVE/USDT:USDT,297.25,11.5,297.24,3.6,297.26,10.1,297.27,0.9
1753503765287,04:22:45.287,AAVE/USDT:USDT,297.25,11.5,297.24,3.6,297.26,9.1,297.27,0.8
1753503765390,04:22:45.390,AAVE/USDT:USDT,297.25,11.5,297.24,3.6,297.26,9.0,297.27,0.8
1753503765499,04:22:45.499,AAVE/USDT:USDT,297.2,0.8,297.19,0.2,297.22,1.3,297.23,6.7
1753503765600,04:22:45.600,AAVE/USDT:USDT,297.2,7.2,297.19,0.6,297.21,7.2,297.22,19.0
1753503765701,04:22:45.701,AAVE/USDT:USDT,297.2,7.7,297.19,0.1,297.21,7.3,297.22,8.5
1753503765802,04:22:45.802,AAVE/USDT:USDT,297.2,5.9,297.19,0.1,297.21,7.7,297.22,1.3
1753503765905,04:22:45.905,AAVE/USDT:USDT,297.2,5.9,297.19,0.1,297.21,7.2,297.22,1.3
1753503766014,04:22:46.014,AAVE/USDT:USDT,297.2,5.9,297.19,0.1,297.21,7.2,297.22,1.3
1753503766117,04:22:46.117,AAVE/USDT:USDT,297.2,5.9,297.19,0.1,297.21,9.0,297.22,1.3
1753503766325,04:22:46.325,AAVE/USDT:USDT,297.2,5.9,297.19,0.1,297.21,9.0,297.22,1.1
1753503766428,04:22:46.428,AAVE/USDT:USDT,297.2,5.9,297.19,0.1,297.21,9.0,297.22,1.1
1753503766532,04:22:46.532,AAVE/USDT:USDT,297.2,0.7,297.19,0.1,297.21,10.0,297.22,1.1
1753503766635,04:22:46.635,AAVE/USDT:USDT,297.2,0.7,297.19,0.1,297.21,15.0,297.22,6.1
1753503766737,04:22:46.737,AAVE/USDT:USDT,297.2,0.7,297.19,0.1,297.21,15.0,297.22,6.1
1753503766842,04:22:46.842,AAVE/USDT:USDT,297.2,0.7,297.19,0.1,297.21,15.0,297.22,6.1
1753503766999,04:22:46.999,AAVE/USDT:USDT,297.2,4.3,297.19,0.1,297.21,7.8,297.22,1.1
1753503767105,04:22:47.105,AAVE/USDT:USDT,297.2,4.8,297.19,0.6,297.21,5.0,297.22,1.1
1753503767207,04:22:47.207,AAVE/USDT:USDT,297.2,4.8,297.19,0.1,297.21,6.3,297.22,1.1
1753503767310,04:22:47.310,AAVE/USDT:USDT,297.2,4.6,297.19,0.1,297.21,7.6,297.22,1.1
1753503767413,04:22:47.413,AAVE/USDT:USDT,297.2,4.6,297.19,0.1,297.21,7.6,297.22,1.1
1753503767515,04:22:47.515,AAVE/USDT:USDT,297.2,4.6,297.19,0.1,297.21,7.2,297.22,1.1
1753503767621,04:22:47.621,AAVE/USDT:USDT,297.2,1.0,297.19,0.1,297.21,7.9,297.22,17.1
1753503767724,04:22:47.724,AAVE/USDT:USDT,297.2,1.0,297.19,0.1,297.21,8.2,297.22,17.1
1753503767827,04:22:47.827,AAVE/USDT:USDT,297.2,1.0,297.19,0.1,297.21,8.3,297.22,17.1
1753503767931,04:22:47.931,AAVE/USDT:USDT,297.2,1.0,297.19,0.1,297.21,8.3,297.22,17.1
1753503768034,04:22:48.034,AAVE/USDT:USDT,297.2,1.0,297.19,0.1,297.21,8.3,297.22,17.1
1753503768137,04:22:48.137,AAVE/USDT:USDT,297.2,1.0,297.19,0.1,297.21,8.3,297.22,17.1
1753503768264,04:22:48.264,AAVE/USDT:USDT,297.2,1.0,297.19,0.1,297.21,8.0,297.22,17.1
1753503768378,04:22:48.378,AAVE/USDT:USDT,297.2,1.0,297.19,0.1,297.21,8.0,297.22,17.1
1753503768482,04:22:48.482,AAVE/USDT:USDT,297.2,1.0,297.19,0.1,297.21,28.5,297.22,16.6
1753503768585,04:22:48.585,AAVE/USDT:USDT,297.2,1.0,297.19,0.1,297.21,28.8,297.22,16.6
1753503768712,04:22:48.712,AAVE/USDT:USDT,297.2,1.0,297.19,0.1,297.21,28.8,297.22,16.6
1753503768817,04:22:48.817,AAVE/USDT:USDT,297.2,1.0,297.19,0.1,297.21,28.8,297.22,16.6
1753503768989,04:22:48.989,AAVE/USDT:USDT,297.2,1.0,297.19,0.1,297.21,28.8,297.22,11.6
1753503769094,04:22:49.094,AAVE/USDT:USDT,297.2,1.0,297.19,0.1,297.21,28.5,297.22,11.6
1753503769195,04:22:49.195,AAVE/USDT:USDT,297.2,0.5,297.19,0.1,297.21,29.1,297.22,0.6
1753503769307,04:22:49.307,AAVE/USDT:USDT,297.2,0.5,297.19,0.1,297.21,29.1,297.22,3.4
1753503769412,04:22:49.412,AAVE/USDT:USDT,297.2,0.5,297.19,0.1,297.21,29.1,297.22,3.4
1753503769515,04:22:49.515,AAVE/USDT:USDT,297.2,0.5,297.19,0.1,297.21,29.1,297.22,3.4
1753503769619,04:22:49.619,AAVE/USDT:USDT,297.2,0.5,297.19,0.1,297.21,29.1,297.22,3.4
1753503769776,04:22:49.776,AAVE/USDT:USDT,297.2,0.5,297.19,0.1,297.21,29.1,297.22,3.4
1753503769877,04:22:49.877,AAVE/USDT:USDT,297.2,0.5,297.19,0.1,297.21,29.1,297.22,3.4
1753503770020,04:22:50.020,AAVE/USDT:USDT,297.2,0.5,297.19,0.1,297.21,29.1,297.22,3.4
1753503770121,04:22:50.121,AAVE/USDT:USDT,297.2,0.5,297.19,0.1,297.21,29.1,297.22,3.4
1753503770229,04:22:50.229,AAVE/USDT:USDT,297.2,0.5,297.19,0.1,297.21,29.3,297.22,3.4
1753503770332,04:22:50.332,AAVE/USDT:USDT,297.2,0.5,297.19,0.1,297.21,29.3,297.22,3.4
1753503770438,04:22:50.438,AAVE/USDT:USDT,297.2,0.5,297.19,0.1,297.21,29.3,297.22,3.4
1753503770566,04:22:50.566,AAVE/USDT:USDT,297.2,0.5,297.19,0.1,297.21,29.3,297.22,3.4
1753503770673,04:22:50.673,AAVE/USDT:USDT,297.2,0.5,297.19,0.1,297.21,29.3,297.22,3.4
1753503770774,04:22:50.774,AAVE/USDT:USDT,297.19,0.1,297.18,0.4,297.2,24.7,297.21,28.1
1753503770882,04:22:50.882,AAVE/USDT:USDT,297.19,0.1,297.18,0.4,297.2,24.8,297.21,30.4
1753503770987,04:22:50.987,AAVE/USDT:USDT,297.19,0.1,297.18,0.4,297.2,26.7,297.21,30.4
1753503771093,04:22:51.093,AAVE/USDT:USDT,297.19,0.1,297.18,0.4,297.2,22.7,297.21,30.4
1753503771195,04:22:51.195,AAVE/USDT:USDT,297.19,0.1,297.18,0.4,297.2,22.7,297.21,30.4
1753503771297,04:22:51.297,AAVE/USDT:USDT,297.19,0.1,297.18,0.4,297.2,22.7,297.21,30.4
1753503771400,04:22:51.400,AAVE/USDT:USDT,297.19,0.1,297.18,0.4,297.2,22.6,297.21,30.4
1753503771512,04:22:51.512,AAVE/USDT:USDT,297.19,0.1,297.18,0.4,297.2,22.6,297.21,30.4
1753503771614,04:22:51.614,AAVE/USDT:USDT,297.19,0.1,297.18,0.4,297.2,22.6,297.21,30.4
1753503771723,04:22:51.723,AAVE/USDT:USDT,297.19,0.1,297.18,0.4,297.2,22.6,297.21,30.4
1753503771862,04:22:51.862,AAVE/USDT:USDT,297.19,0.1,297.18,0.4,297.2,22.6,297.21,30.4
1753503771994,04:22:51.994,AAVE/USDT:USDT,297.19,0.1,297.18,0.4,297.2,22.6,297.21,30.4
1753503772185,04:22:52.185,AAVE/USDT:USDT,297.19,0.1,297.18,0.4,297.2,22.6,297.21,30.4
1753503772290,04:22:52.290,AAVE/USDT:USDT,297.19,0.1,297.18,0.4,297.2,22.7,297.21,30.4
1753503772392,04:22:52.392,AAVE/USDT:USDT,297.19,0.1,297.18,0.4,297.2,22.7,297.21,30.4
1753503772550,04:22:52.550,AAVE/USDT:USDT,297.19,3.8,297.18,0.8,297.2,22.7,297.21,30.4
1753503772652,04:22:52.652,AAVE/USDT:USDT,297.19,3.9,297.18,0.9,297.2,21.7,297.21,30.4
1753503772763,04:22:52.763,AAVE/USDT:USDT,297.19,3.9,297.18,0.4,297.2,21.1,297.21,29.4
1753503772866,04:22:52.866,AAVE/USDT:USDT,297.19,3.9,297.18,0.4,297.2,21.1,297.21,29.4
1753503772976,04:22:52.976,AAVE/USDT:USDT,297.19,3.9,297.18,0.4,297.2,21.1,297.21,27.1
1753503773102,04:22:53.102,AAVE/USDT:USDT,297.19,3.9,297.18,0.4,297.2,21.1,297.21,27.1
1753503773208,04:22:53.208,AAVE/USDT:USDT,297.18,0.2,297.17,2.4,297.19,33.8,297.2,11.1
1753503773311,04:22:53.311,AAVE/USDT:USDT,297.18,0.1,297.17,0.3,297.19,33.9,297.2,26.3
1753503773412,04:22:53.412,AAVE/USDT:USDT,297.18,0.1,297.17,0.3,297.19,33.9,297.2,26.3
1753503773513,04:22:53.513,AAVE/USDT:USDT,297.18,0.1,297.17,0.3,297.19,54.3,297.2,28.4
1753503773616,04:22:53.616,AAVE/USDT:USDT,297.18,0.1,297.17,0.3,297.19,54.4,297.2,26.3
1753503773727,04:22:53.727,AAVE/USDT:USDT,297.18,0.1,297.17,0.3,297.19,54.4,297.2,26.3
1753503773893,04:22:53.893,AAVE/USDT:USDT,297.18,0.1,297.17,0.3,297.19,54.4,297.2,26.3
1753503774011,04:22:54.011,AAVE/USDT:USDT,297.18,0.1,297.17,0.3,297.19,54.4,297.2,25.1
1753503774114,04:22:54.114,AAVE/USDT:USDT,297.18,0.2,297.17,0.3,297.19,54.3,297.2,25.1
1753503774220,04:22:54.220,AAVE/USDT:USDT,297.16,5.5,297.15,4.1,297.17,21.3,297.18,11.4
1753503774323,04:22:54.323,AAVE/USDT:USDT,297.16,5.6,297.15,4.1,297.17,21.4,297.18,11.4
1753503774424,04:22:54.424,AAVE/USDT:USDT,297.16,7.9,297.15,8.1,297.17,7.0,297.18,11.4
1753503774527,04:22:54.527,AAVE/USDT:USDT,297.16,7.8,297.15,8.1,297.17,7.0,297.18,7.8
1753503774630,04:22:54.630,AAVE/USDT:USDT,297.16,7.8,297.15,8.1,297.17,7.0,297.18,7.8
1753503774738,04:22:54.738,AAVE/USDT:USDT,297.16,5.4,297.15,4.1,297.17,31.0,297.18,7.8
1753503774851,04:22:54.851,AAVE/USDT:USDT,297.16,5.4,297.15,4.1,297.17,31.0,297.18,7.8
1753503774953,04:22:54.953,AAVE/USDT:USDT,297.16,5.4,297.15,4.1,297.17,31.0,297.18,7.8
1753503775087,04:22:55.087,AAVE/USDT:USDT,297.16,5.4,297.15,4.1,297.17,31.0,297.18,7.8
1753503775281,04:22:55.281,AAVE/USDT:USDT,297.16,5.2,297.15,4.1,297.17,31.0,297.18,7.8
1753503775386,04:22:55.386,AAVE/USDT:USDT,297.16,3.8,297.15,4.1,297.17,31.0,297.18,7.8
1753503775489,04:22:55.489,AAVE/USDT:USDT,297.16,3.8,297.15,4.1,297.17,31.0,297.18,7.8
1753503775593,04:22:55.593,AAVE/USDT:USDT,297.16,5.6,297.15,4.1,297.17,31.0,297.18,7.8
1753503775695,04:22:55.695,AAVE/USDT:USDT,297.16,5.6,297.15,4.1,297.17,31.0,297.18,7.8
1753503775798,04:22:55.798,AAVE/USDT:USDT,297.16,5.5,297.15,4.1,297.17,31.0,297.18,7.8
1753503775901,04:22:55.901,AAVE/USDT:USDT,297.16,5.5,297.15,4.1,297.17,31.0,297.18,7.8
1753503776021,04:22:56.021,AAVE/USDT:USDT,297.16,5.5,297.15,4.1,297.17,31.0,297.18,7.8
1753503776138,04:22:56.138,AAVE/USDT:USDT,297.16,5.6,297.15,4.1,297.17,31.0,297.18,7.8
1753503776241,04:22:56.241,AAVE/USDT:USDT,297.16,5.7,297.15,4.1,297.17,29.1,297.18,7.8
1753503776366,04:22:56.366,AAVE/USDT:USDT,297.16,5.7,297.15,4.1,297.17,29.1,297.18,7.8
1753503776467,04:22:56.467,AAVE/USDT:USDT,297.16,5.7,297.15,4.1,297.17,29.1,297.18,7.8
1753503776611,04:22:56.611,AAVE/USDT:USDT,297.16,5.9,297.15,4.1,297.17,29.1,297.18,7.8
1753503776716,04:22:56.716,AAVE/USDT:USDT,297.16,5.9,297.15,4.1,297.17,29.1,297.18,7.8
1753503776819,04:22:56.819,AAVE/USDT:USDT,297.16,5.9,297.15,8.1,297.17,27.1,297.18,7.8
1753503776928,04:22:56.928,AAVE/USDT:USDT,297.16,5.9,297.15,10.4,297.17,27.1,297.18,7.8
1753503777031,04:22:57.031,AAVE/USDT:USDT,297.16,5.9,297.15,10.4,297.17,27.1,297.18,7.8
1753503777141,04:22:57.141,AAVE/USDT:USDT,297.16,5.9,297.15,10.4,297.17,27.1,297.18,7.8
1753503777248,04:22:57.248,AAVE/USDT:USDT,297.16,7.5,297.15,10.4,297.17,23.5,297.19,16.0
1753503777351,04:22:57.351,AAVE/USDT:USDT,297.16,7.5,297.15,10.4,297.17,23.5,297.19,8.1
1753503777472,04:22:57.472,AAVE/USDT:USDT,297.16,7.5,297.15,10.4,297.17,23.5,297.19,8.1
1753503777594,04:22:57.594,AAVE/USDT:USDT,297.16,7.5,297.15,10.4,297.17,23.5,297.19,8.1
1753503777726,04:22:57.726,AAVE/USDT:USDT,297.16,7.5,297.15,10.4,297.17,23.5,297.19,8.1
1753503777841,04:22:57.841,AAVE/USDT:USDT,297.16,7.5,297.15,6.4,297.17,23.5,297.19,8.1
1753503777946,04:22:57.946,AAVE/USDT:USDT,297.16,7.5,297.15,4.1,297.17,23.5,297.19,8.1
1753503778099,04:22:58.099,AAVE/USDT:USDT,297.16,8.2,297.15,8.1,297.17,23.5,297.19,8.1
1753503778202,04:22:58.202,AAVE/USDT:USDT,297.16,11.7,297.15,10.4,297.17,23.5,297.19,8.1
1753503778309,04:22:58.309,AAVE/USDT:USDT,297.16,11.7,297.15,10.4,297.17,23.5,297.19,8.1
1753503778411,04:22:58.411,AAVE/USDT:USDT,297.19,27.4,297.18,31.3,297.2,1.9,297.21,2.7
1753503778516,04:22:58.516,AAVE/USDT:USDT,297.2,21.1,297.19,14.0,297.21,0.2,297.22,0.3
1753503778617,04:22:58.617,AAVE/USDT:USDT,297.2,21.1,297.19,14.0,297.21,0.2,297.22,0.3
1753503778719,04:22:58.719,AAVE/USDT:USDT,297.2,21.1,297.19,14.0,297.21,0.2,297.22,0.3
1753503778824,04:22:58.824,AAVE/USDT:USDT,297.2,21.1,297.19,11.7,297.21,0.2,297.22,0.3
1753503778967,04:22:58.967,AAVE/USDT:USDT,297.2,21.1,297.19,11.7,297.21,0.2,297.22,0.3
1753503779069,04:22:59.069,AAVE/USDT:USDT,297.2,21.1,297.19,11.7,297.21,0.2,297.22,0.3
1753503779185,04:22:59.185,AAVE/USDT:USDT,297.2,21.1,297.19,11.6,297.21,0.2,297.22,0.3
1753503779347,04:22:59.347,AAVE/USDT:USDT,297.2,21.1,297.19,11.6,297.21,0.3,297.22,0.3
1753503779450,04:22:59.450,AAVE/USDT:USDT,297.22,5.4,297.21,15.1,297.23,5.7,297.24,4.6
1753503779553,04:22:59.553,AAVE/USDT:USDT,297.22,9.0,297.21,15.1,297.23,5.7,297.24,4.1
1753503779656,04:22:59.656,AAVE/USDT:USDT,297.22,9.0,297.21,15.1,297.23,5.7,297.24,4.6
1753503779757,04:22:59.757,AAVE/USDT:USDT,297.22,9.0,297.21,15.1,297.23,5.7,297.24,4.6
1753503779859,04:22:59.859,AAVE/USDT:USDT,297.22,5.7,297.21,15.1,297.23,5.7,297.24,4.6
1753503779968,04:22:59.968,AAVE/USDT:USDT,297.22,5.7,297.21,15.1,297.23,5.7,297.24,4.1
1753503780070,04:23:00.070,AAVE/USDT:USDT,297.22,5.7,297.21,15.1,297.23,5.7,297.24,4.6
1753503780188,04:23:00.188,AAVE/USDT:USDT,297.22,5.7,297.21,15.1,297.23,5.7,297.24,4.6
1753503780302,04:23:00.302,AAVE/USDT:USDT,297.22,11.0,297.21,15.1,297.23,5.7,297.24,4.1
1753503780403,04:23:00.403,AAVE/USDT:USDT,297.22,11.0,297.21,15.1,297.23,5.7,297.24,4.1
1753503780507,04:23:00.507,AAVE/USDT:USDT,297.22,11.0,297.21,15.1,297.23,2.9,297.24,1.3
1753503780614,04:23:00.614,AAVE/USDT:USDT,297.22,11.0,297.21,15.1,297.23,2.9,297.24,1.3
1753503780740,04:23:00.740,AAVE/USDT:USDT,297.23,28.3,297.22,10.9,297.24,0.2,297.25,0.1
1753503780858,04:23:00.858,AAVE/USDT:USDT,297.23,28.4,297.22,10.9,297.24,0.2,297.25,0.1
1753503781002,04:23:01.002,AAVE/USDT:USDT,297.23,28.4,297.22,10.9,297.24,0.2,297.25,0.1
1753503781106,04:23:01.106,AAVE/USDT:USDT,297.23,28.4,297.22,10.9,297.24,0.2,297.25,0.1
1753503781209,04:23:01.209,AAVE/USDT:USDT,297.23,28.4,297.22,10.9,297.24,0.4,297.25,0.1
1753503781312,04:23:01.312,AAVE/USDT:USDT,297.23,28.4,297.22,9.6,297.24,0.5,297.25,0.1
1753503781416,04:23:01.416,AAVE/USDT:USDT,297.23,28.4,297.22,9.6,297.24,0.7,297.25,0.1
1753503781518,04:23:01.518,AAVE/USDT:USDT,297.23,28.4,297.22,9.6,297.24,0.7,297.25,0.1
1753503781667,04:23:01.667,AAVE/USDT:USDT,297.24,23.3,297.23,20.3,297.25,0.1,297.26,0.2
1753503781768,04:23:01.768,AAVE/USDT:USDT,297.24,18.4,297.23,16.2,297.25,0.1,297.26,0.2
1753503781872,04:23:01.872,AAVE/USDT:USDT,297.24,16.7,297.23,16.2,297.25,0.1,297.26,0.2
1753503781981,04:23:01.981,AAVE/USDT:USDT,297.24,7.5,297.23,11.4,297.25,6.6,297.26,2.3
1753503782084,04:23:02.084,AAVE/USDT:USDT,297.22,9.2,297.21,12.9,297.23,8.7,297.24,8.4
1753503782187,04:23:02.187,AAVE/USDT:USDT,297.22,2.0,297.21,10.4,297.23,8.7,297.24,10.5
1753503782290,04:23:02.290,AAVE/USDT:USDT,297.22,5.6,297.21,12.7,297.23,8.8,297.24,10.5
1753503782393,04:23:02.393,AAVE/USDT:USDT,297.22,10.8,297.21,12.7,297.23,3.7,297.24,10.5
1753503782496,04:23:02.496,AAVE/USDT:USDT,297.22,10.8,297.21,12.7,297.23,3.7,297.24,6.6
1753503782600,04:23:02.600,AAVE/USDT:USDT,297.22,9.8,297.21,12.7,297.23,3.7,297.24,6.6
1753503782715,04:23:02.715,AAVE/USDT:USDT,297.22,9.8,297.21,12.7,297.23,3.7,297.24,6.6
1753503782818,04:23:02.818,AAVE/USDT:USDT,297.22,2.1,297.21,1.2,297.23,9.5,297.24,9.2
1753503782929,04:23:02.929,AAVE/USDT:USDT,297.22,2.1,297.21,0.1,297.23,9.5,297.24,9.2
1753503783060,04:23:03.060,AAVE/USDT:USDT,297.2,0.1,297.18,0.2,297.21,25.7,297.22,13.2
1753503783161,04:23:03.161,AAVE/USDT:USDT,297.2,0.1,297.18,0.2,297.21,25.8,297.22,13.2
1753503783264,04:23:03.264,AAVE/USDT:USDT,297.2,0.1,297.18,0.2,297.21,25.8,297.22,16.7
1753503783367,04:23:03.367,AAVE/USDT:USDT,297.2,0.1,297.18,0.2,297.21,25.8,297.22,27.7
1753503783471,04:23:03.471,AAVE/USDT:USDT,297.2,0.1,297.18,0.2,297.21,25.8,297.22,27.7
1753503783574,04:23:03.574,AAVE/USDT:USDT,297.2,0.1,297.18,0.1,297.21,27.2,297.22,27.7
1753503783677,04:23:03.677,AAVE/USDT:USDT,297.2,0.1,297.18,0.1,297.21,27.2,297.22,27.7
1753503783781,04:23:03.781,AAVE/USDT:USDT,297.2,0.1,297.18,0.1,297.21,27.2,297.22,27.7
1753503783895,04:23:03.895,AAVE/USDT:USDT,297.2,0.1,297.18,0.1,297.21,27.2,297.22,27.7
1753503783999,04:23:03.999,AAVE/USDT:USDT,297.2,0.1,297.18,0.1,297.21,27.2,297.22,27.7
1753503784144,04:23:04.144,AAVE/USDT:USDT,297.2,0.1,297.18,0.1,297.21,24.3,297.22,27.7
1753503784245,04:23:04.245,AAVE/USDT:USDT,297.17,5.5,297.16,1.4,297.18,14.6,297.19,18.5
1753503784346,04:23:04.346,AAVE/USDT:USDT,297.17,5.6,297.16,0.9,297.18,14.9,297.19,18.5
1753503784461,04:23:04.461,AAVE/USDT:USDT,297.17,5.6,297.16,0.9,297.18,14.9,297.19,18.5
1753503784571,04:23:04.571,AAVE/USDT:USDT,297.17,5.6,297.16,0.9,297.18,14.9,297.19,18.5
1753503784674,04:23:04.674,AAVE/USDT:USDT,297.17,7.0,297.16,0.9,297.18,14.9,297.19,18.5
1753503784778,04:23:04.778,AAVE/USDT:USDT,297.17,7.0,297.16,0.9,297.18,14.7,297.19,18.5
1753503784890,04:23:04.890,AAVE/USDT:USDT,297.17,7.0,297.16,0.9,297.18,14.7,297.19,18.5
1753503784994,04:23:04.994,AAVE/USDT:USDT,297.17,7.0,297.16,0.9,297.18,14.7,297.19,18.5
1753503785109,04:23:05.109,AAVE/USDT:USDT,297.17,7.7,297.16,0.2,297.18,14.7,297.19,18.5
1753503785212,04:23:05.212,AAVE/USDT:USDT,297.17,5.9,297.16,0.2,297.18,14.7,297.19,18.5
1753503785315,04:23:05.315,AAVE/USDT:USDT,297.17,5.9,297.16,0.2,297.18,14.7,297.19,18.5
1753503785417,04:23:05.417,AAVE/USDT:USDT,297.17,5.9,297.16,0.2,297.18,14.7,297.19,18.5
1753503785519,04:23:05.519,AAVE/USDT:USDT,297.17,5.8,297.16,0.2,297.18,14.7,297.19,20.9
1753503785627,04:23:05.627,AAVE/USDT:USDT,297.17,5.9,297.16,0.2,297.18,14.7,297.19,20.9
1753503785752,04:23:05.752,AAVE/USDT:USDT,297.17,2.3,297.16,0.2,297.18,14.7,297.19,20.9
1753503785867,04:23:05.867,AAVE/USDT:USDT,297.17,2.3,297.16,0.2,297.18,14.7,297.19,20.9
1753503785970,04:23:05.970,AAVE/USDT:USDT,297.17,2.3,297.16,0.2,297.18,14.7,297.19,20.9
1753503786077,04:23:06.077,AAVE/USDT:USDT,297.17,2.3,297.16,0.2,297.18,14.7,297.19,20.9
1753503786180,04:23:06.180,AAVE/USDT:USDT,297.17,2.3,297.16,0.2,297.18,14.7,297.19,20.9
1753503786367,04:23:06.367,AAVE/USDT:USDT,297.17,2.3,297.16,0.2,297.18,14.7,297.19,20.9
1753503786469,04:23:06.469,AAVE/USDT:USDT,297.17,2.3,297.16,0.2,297.18,14.7,297.19,20.9
1753503786597,04:23:06.597,AAVE/USDT:USDT,297.17,2.3,297.16,0.2,297.18,14.7,297.19,20.9
1753503786703,04:23:06.703,AAVE/USDT:USDT,297.17,0.8,297.16,0.2,297.18,46.1,297.19,16.3
1753503786804,04:23:06.804,AAVE/USDT:USDT,297.17,6.2,297.16,0.7,297.18,17.4,297.19,0.5
1753503786907,04:23:06.907,AAVE/USDT:USDT,297.17,4.5,297.16,0.2,297.18,17.2,297.19,2.9
1753503787008,04:23:07.008,AAVE/USDT:USDT,297.17,4.5,297.16,0.2,297.18,17.2,297.19,3.4
1753503787109,04:23:07.109,AAVE/USDT:USDT,297.17,4.5,297.16,0.2,297.18,17.2,297.19,3.4
1753503787257,04:23:07.257,AAVE/USDT:USDT,297.17,6.0,297.16,0.2,297.18,17.5,297.19,3.4
1753503787360,04:23:07.360,AAVE/USDT:USDT,297.17,2.5,297.16,0.2,297.18,18.5,297.19,3.4
1753503787508,04:23:07.508,AAVE/USDT:USDT,297.17,2.5,297.16,0.2,297.18,18.5,297.19,3.4
1753503787614,04:23:07.614,AAVE/USDT:USDT,297.17,6.1,297.16,0.2,297.18,17.5,297.19,3.4
1753503787716,04:23:07.716,AAVE/USDT:USDT,297.17,6.1,297.16,0.2,297.18,17.5,297.19,3.4
1753503787819,04:23:07.819,AAVE/USDT:USDT,297.17,6.1,297.16,0.2,297.18,18.5,297.19,3.4
1753503787921,04:23:07.921,AAVE/USDT:USDT,297.17,6.1,297.16,0.2,297.18,18.5,297.19,3.4
1753503788069,04:23:08.069,AAVE/USDT:USDT,297.17,6.1,297.16,0.2,297.18,18.5,297.19,3.4
1753503788216,04:23:08.216,AAVE/USDT:USDT,297.17,6.1,297.16,0.2,297.18,11.8,297.19,3.4
1753503788323,04:23:08.323,AAVE/USDT:USDT,297.17,2.5,297.16,0.2,297.18,11.9,297.19,3.4
1753503788427,04:23:08.427,AAVE/USDT:USDT,297.17,6.6,297.16,0.2,297.18,11.9,297.19,3.4
1753503788529,04:23:08.529,AAVE/USDT:USDT,297.17,6.7,297.16,0.2,297.18,12.4,297.19,3.4
1753503788632,04:23:08.632,AAVE/USDT:USDT,297.17,6.7,297.16,0.2,297.18,12.4,297.19,3.4
1753503788744,04:23:08.744,AAVE/USDT:USDT,297.17,6.7,297.16,0.2,297.18,12.4,297.19,3.4
1753503788875,04:23:08.875,AAVE/USDT:USDT,297.17,6.7,297.16,0.2,297.18,12.4,297.19,3.4
1753503788980,04:23:08.980,AAVE/USDT:USDT,297.17,6.7,297.16,0.2,297.18,12.3,297.19,3.4
1753503789085,04:23:09.085,AAVE/USDT:USDT,297.17,6.7,297.16,0.2,297.18,12.3,297.19,3.4
1753503789190,04:23:09.190,AAVE/USDT:USDT,297.17,6.7,297.16,0.2,297.18,11.8,297.19,3.4
1753503789355,04:23:09.355,AAVE/USDT:USDT,297.17,8.5,297.16,0.7,297.18,0.9,297.19,0.5
1753503789458,04:23:09.458,AAVE/USDT:USDT,297.17,8.5,297.16,0.7,297.18,0.9,297.19,0.5
1753503789560,04:23:09.560,AAVE/USDT:USDT,297.17,6.7,297.16,0.2,297.18,1.8,297.19,0.5
1753503789671,04:23:09.671,AAVE/USDT:USDT,297.17,6.7,297.16,0.2,297.18,7.2,297.19,0.5
1753503789777,04:23:09.777,AAVE/USDT:USDT,297.17,6.7,297.16,0.2,297.18,1.9,297.19,0.5
1753503789881,04:23:09.881,AAVE/USDT:USDT,297.17,6.7,297.16,0.2,297.18,1.9,297.19,0.5
1753503790012,04:23:10.012,AAVE/USDT:USDT,297.17,6.7,297.16,0.2,297.18,1.9,297.19,0.5
1753503790115,04:23:10.115,AAVE/USDT:USDT,297.17,6.7,297.16,0.2,297.18,5.7,297.19,0.5
1753503790221,04:23:10.221,AAVE/USDT:USDT,297.17,6.7,297.16,0.2,297.18,5.7,297.19,0.5
1753503790324,04:23:10.324,AAVE/USDT:USDT,297.17,6.7,297.16,0.2,297.18,5.7,297.19,0.5
1753503790450,04:23:10.450,AAVE/USDT:USDT,297.17,18.7,297.16,9.9,297.18,1.1,297.19,0.5
1753503790553,04:23:10.553,AAVE/USDT:USDT,297.17,18.7,297.16,9.9,297.18,1.1,297.19,0.5
1753503790656,04:23:10.656,AAVE/USDT:USDT,297.17,18.7,297.16,9.9,297.18,2.2,297.19,0.5
1753503790759,04:23:10.759,AAVE/USDT:USDT,297.17,18.7,297.16,9.9,297.18,2.1,297.19,0.5
1753503790862,04:23:10.862,AAVE/USDT:USDT,297.17,18.7,297.16,12.3,297.18,2.1,297.2,2.5
1753503790965,04:23:10.965,AAVE/USDT:USDT,297.17,19.3,297.16,12.3,297.18,2.1,297.2,2.5
1753503791080,04:23:11.080,AAVE/USDT:USDT,297.17,19.3,297.16,12.3,297.18,2.1,297.2,2.5
1753503791183,04:23:11.183,AAVE/USDT:USDT,297.17,19.3,297.16,9.9,297.18,2.2,297.2,2.5
1753503791286,04:23:11.286,AAVE/USDT:USDT,297.17,19.3,297.16,9.9,297.18,2.2,297.2,3.0
1753503791452,04:23:11.452,AAVE/USDT:USDT,297.17,19.3,297.16,9.9,297.18,2.2,297.2,2.5
1753503791554,04:23:11.554,AAVE/USDT:USDT,297.17,19.2,297.16,12.5,297.18,2.2,297.2,2.5
1753503791692,04:23:11.692,AAVE/USDT:USDT,297.17,19.2,297.16,12.5,297.18,2.2,297.2,2.5
1753503791799,04:23:11.799,AAVE/USDT:USDT,297.17,19.2,297.16,12.5,297.18,2.3,297.2,4.2
1753503791916,04:23:11.916,AAVE/USDT:USDT,297.17,19.2,297.16,9.9,297.18,2.5,297.2,4.3
1753503792019,04:23:12.019,AAVE/USDT:USDT,297.17,19.2,297.16,9.9,297.18,2.5,297.19,0.5
1753503792125,04:23:12.125,AAVE/USDT:USDT,297.17,19.2,297.16,9.9,297.18,3.5,297.19,0.5
1753503792226,04:23:12.226,AAVE/USDT:USDT,297.17,19.2,297.16,9.9,297.18,3.5,297.19,0.5
1753503792330,04:23:12.330,AAVE/USDT:USDT,297.17,19.2,297.16,9.9,297.18,3.5,297.19,0.5
1753503792440,04:23:12.440,AAVE/USDT:USDT,297.17,19.2,297.16,9.9,297.18,7.1,297.19,0.5
1753503792543,04:23:12.543,AAVE/USDT:USDT,297.17,19.2,297.16,9.9,297.18,7.2,297.19,0.5
1753503792840,04:23:12.840,AAVE/USDT:USDT,297.17,19.2,297.16,10.3,297.18,7.2,297.19,0.5
1753503792943,04:23:12.943,AAVE/USDT:USDT,297.17,19.2,297.16,10.3,297.18,7.2,297.19,0.5
1753503793046,04:23:13.046,AAVE/USDT:USDT,297.17,19.2,297.16,10.3,297.18,7.2,297.19,0.5
1753503793156,04:23:13.156,AAVE/USDT:USDT,297.17,19.2,297.16,10.3,297.18,7.2,297.19,0.5
1753503793396,04:23:13.396,AAVE/USDT:USDT,297.17,19.2,297.16,10.3,297.18,7.2,297.19,0.5
1753503793502,04:23:13.502,AAVE/USDT:USDT,297.17,19.2,297.16,12.7,297.18,2.4,297.19,0.5
1753503793604,04:23:13.604,AAVE/USDT:USDT,297.17,19.2,297.16,12.7,297.18,2.4,297.2,3.0
1753503793707,04:23:13.707,AAVE/USDT:USDT,297.17,19.2,297.16,12.7,297.18,2.4,297.2,3.0
1753503793829,04:23:13.829,AAVE/USDT:USDT,297.17,19.2,297.16,10.3,297.18,6.2,297.19,0.5
1753503793932,04:23:13.932,AAVE/USDT:USDT,297.17,19.2,297.16,10.3,297.18,6.2,297.19,0.5
1753503794037,04:23:14.037,AAVE/USDT:USDT,297.17,19.2,297.16,10.3,297.18,6.2,297.19,0.6
1753503794143,04:23:14.143,AAVE/USDT:USDT,297.17,19.2,297.16,10.3,297.18,11.4,297.19,0.6
1753503794348,04:23:14.348,AAVE/USDT:USDT,297.17,19.4,297.16,10.3,297.18,15.2,297.19,0.6
1753503794458,04:23:14.458,AAVE/USDT:USDT,297.17,19.4,297.16,10.3,297.18,15.2,297.19,0.6
1753503794589,04:23:14.589,AAVE/USDT:USDT,297.17,19.4,297.16,10.3,297.18,15.2,297.19,0.6
1753503794693,04:23:14.693,AAVE/USDT:USDT,297.17,19.4,297.16,10.3,297.18,15.2,297.19,0.6
1753503794811,04:23:14.811,AAVE/USDT:USDT,297.17,19.4,297.16,10.3,297.18,15.2,297.19,0.6
1753503794918,04:23:14.918,AAVE/USDT:USDT,297.17,19.4,297.16,10.3,297.18,15.6,297.19,0.6
1753503795025,04:23:15.025,AAVE/USDT:USDT,297.17,19.4,297.16,10.3,297.18,15.6,297.19,5.6
1753503795129,04:23:15.129,AAVE/USDT:USDT,297.17,19.4,297.16,10.3,297.18,15.6,297.19,5.6
1753503795240,04:23:15.240,AAVE/USDT:USDT,297.17,18.8,297.16,10.3,297.18,9.4,297.2,10.5
1753503795341,04:23:15.341,AAVE/USDT:USDT,297.17,18.2,297.16,10.3,297.18,13.3,297.19,9.0
1753503795443,04:23:15.443,AAVE/USDT:USDT,297.17,18.2,297.16,10.3,297.18,12.5,297.19,8.1
1753503795546,04:23:15.546,AAVE/USDT:USDT,297.17,18.2,297.16,10.3,297.18,12.6,297.19,5.5
1753503795647,04:23:15.647,AAVE/USDT:USDT,297.17,18.2,297.16,10.3,297.18,13.6,297.19,8.0
1753503795795,04:23:15.795,AAVE/USDT:USDT,297.17,18.3,297.16,10.3,297.18,13.6,297.19,8.0
1753503795951,04:23:15.951,AAVE/USDT:USDT,297.17,21.7,297.16,10.3,297.18,12.6,297.19,5.5
1753503796054,04:23:16.054,AAVE/USDT:USDT,297.17,21.7,297.16,12.7,297.18,12.6,297.19,5.5
1753503796156,04:23:16.156,AAVE/USDT:USDT,297.17,21.7,297.16,12.7,297.18,12.6,297.19,5.0
1753503796267,04:23:16.267,AAVE/USDT:USDT,297.17,21.7,297.16,12.7,297.18,2.9,297.2,8.8
1753503796370,04:23:16.370,AAVE/USDT:USDT,297.17,21.7,297.16,16.8,297.18,2.9,297.2,2.5
1753503796474,04:23:16.474,AAVE/USDT:USDT,297.17,21.7,297.16,16.8,297.18,2.9,297.2,3.8
1753503796618,04:23:16.618,AAVE/USDT:USDT,297.17,21.7,297.16,16.8,297.18,2.9,297.2,3.8
1753503796722,04:23:16.722,AAVE/USDT:USDT,297.17,21.7,297.16,16.8,297.18,2.9,297.2,2.5
1753503796827,04:23:16.827,AAVE/USDT:USDT,297.17,21.7,297.16,16.8,297.18,2.9,297.2,2.5
1753503796971,04:23:16.971,AAVE/USDT:USDT,297.17,21.7,297.16,16.8,297.18,2.8,297.2,2.5
1753503797076,04:23:17.076,AAVE/USDT:USDT,297.17,21.7,297.16,16.9,297.18,2.8,297.2,2.5
1753503797179,04:23:17.179,AAVE/USDT:USDT,297.17,21.7,297.16,10.3,297.18,3.0,297.2,6.6
1753503797282,04:23:17.282,AAVE/USDT:USDT,297.17,21.7,297.16,10.3,297.18,2.8,297.2,4.3
1753503797385,04:23:17.385,AAVE/USDT:USDT,297.17,21.7,297.16,10.3,297.18,2.8,297.2,3.8
1753503797487,04:23:17.487,AAVE/USDT:USDT,297.17,21.7,297.16,12.8,297.18,2.8,297.2,3.8
1753503797590,04:23:17.590,AAVE/USDT:USDT,297.17,21.7,297.16,12.8,297.18,3.0,297.2,3.8
1753503797717,04:23:17.717,AAVE/USDT:USDT,297.17,21.7,297.16,12.8,297.18,1.8,297.2,2.5
1753503797820,04:23:17.820,AAVE/USDT:USDT,297.17,21.7,297.16,12.8,297.18,1.8,297.2,2.5
1753503797945,04:23:17.945,AAVE/USDT:USDT,297.17,21.7,297.16,12.8,297.18,1.8,297.2,2.5
1753503798048,04:23:18.048,AAVE/USDT:USDT,297.17,21.7,297.16,12.6,297.18,1.8,297.2,3.0
1753503798158,04:23:18.158,AAVE/USDT:USDT,297.17,21.7,297.16,12.6,297.18,2.1,297.2,4.3
1753503798261,04:23:18.261,AAVE/USDT:USDT,297.17,21.7,297.16,10.1,297.18,2.1,297.19,0.1
1753503798369,04:23:18.369,AAVE/USDT:USDT,297.17,21.7,297.16,10.1,297.18,2.1,297.19,0.1
1753503798513,04:23:18.513,AAVE/USDT:USDT,297.17,21.7,297.16,10.1,297.18,2.1,297.2,4.3
1753503798614,04:23:18.614,AAVE/USDT:USDT,297.17,21.7,297.16,13.5,297.18,2.1,297.2,2.5
1753503798717,04:23:18.717,AAVE/USDT:USDT,297.17,21.8,297.16,13.5,297.18,2.1,297.2,2.5
1753503798828,04:23:18.828,AAVE/USDT:USDT,297.19,39.1,297.18,16.0,297.2,5.8,297.21,1.4
1753503798932,04:23:18.932,AAVE/USDT:USDT,297.19,4.1,297.18,14.2,297.2,6.1,297.21,1.4
1753503799036,04:23:19.036,AAVE/USDT:USDT,297.19,4.1,297.18,14.2,297.2,6.1,297.21,1.4
1753503799139,04:23:19.139,AAVE/USDT:USDT,297.19,4.1,297.18,14.2,297.2,6.1,297.21,1.4
1753503799254,04:23:19.254,AAVE/USDT:USDT,297.19,2.0,297.18,14.2,297.2,8.9,297.21,1.4
1753503799357,04:23:19.357,AAVE/USDT:USDT,297.19,2.0,297.18,14.2,297.2,8.9,297.21,1.4
1753503799460,04:23:19.460,AAVE/USDT:USDT,297.19,5.5,297.18,14.2,297.2,6.1,297.21,1.4
1753503799563,04:23:19.563,AAVE/USDT:USDT,297.19,5.5,297.18,14.2,297.2,6.2,297.21,1.4
1753503799703,04:23:19.703,AAVE/USDT:USDT,297.19,5.5,297.18,14.2,297.2,6.2,297.21,1.4
1753503799809,04:23:19.809,AAVE/USDT:USDT,297.19,5.5,297.18,14.2,297.2,6.2,297.21,1.4
1753503799912,04:23:19.912,AAVE/USDT:USDT,297.19,5.5,297.18,14.2,297.2,6.2,297.21,1.4
1753503800015,04:23:20.015,AAVE/USDT:USDT,297.19,5.5,297.18,14.2,297.2,6.2,297.21,1.4
1753503800129,04:23:20.129,AAVE/USDT:USDT,297.19,5.5,297.18,10.9,297.2,6.8,297.21,1.4
1753503800230,04:23:20.230,AAVE/USDT:USDT,297.19,7.0,297.18,6.9,297.2,7.8,297.21,1.4
1753503800332,04:23:20.332,AAVE/USDT:USDT,297.19,7.1,297.18,9.4,297.2,6.8,297.21,1.4
1753503800435,04:23:20.435,AAVE/USDT:USDT,297.19,7.1,297.18,9.4,297.2,6.8,297.21,1.4
1753503800538,04:23:20.538,AAVE/USDT:USDT,297.19,7.1,297.18,9.4,297.2,6.8,297.21,1.4
1753503800642,04:23:20.642,AAVE/USDT:USDT,297.19,10.8,297.18,9.4,297.2,6.2,297.21,1.4
1753503800769,04:23:20.769,AAVE/USDT:USDT,297.19,14.3,297.18,9.4,297.2,6.2,297.21,1.4
1753503800872,04:23:20.872,AAVE/USDT:USDT,297.19,10.8,297.18,9.4,297.2,6.2,297.21,1.4
1753503800975,04:23:20.975,AAVE/USDT:USDT,297.19,10.8,297.18,9.4,297.2,6.2,297.21,1.4
1753503801103,04:23:21.103,AAVE/USDT:USDT,297.19,10.8,297.18,9.4,297.2,6.2,297.21,1.4
1753503801245,04:23:21.245,AAVE/USDT:USDT,297.19,11.0,297.18,9.4,297.2,6.2,297.21,1.4
1753503801346,04:23:21.346,AAVE/USDT:USDT,297.19,11.0,297.18,9.4,297.2,6.2,297.21,1.4
1753503801450,04:23:21.450,AAVE/USDT:USDT,297.19,19.6,297.18,9.4,297.2,6.1,297.21,0.9
1753503801552,04:23:21.552,AAVE/USDT:USDT,297.19,19.6,297.18,9.4,297.2,6.3,297.21,0.9
1753503801656,04:23:21.656,AAVE/USDT:USDT,297.19,19.6,297.18,9.4,297.2,6.3,297.21,0.9
1753503801758,04:23:21.758,AAVE/USDT:USDT,297.19,19.6,297.18,9.4,297.2,6.3,297.21,1.4
1753503801864,04:23:21.864,AAVE/USDT:USDT,297.19,19.6,297.18,9.4,297.2,5.8,297.21,1.4
1753503801979,04:23:21.979,AAVE/USDT:USDT,297.19,19.6,297.18,9.5,297.2,4.1,297.21,0.4
1753503802082,04:23:22.082,AAVE/USDT:USDT,297.19,19.6,297.18,9.5,297.2,4.1,297.21,0.9
1753503802185,04:23:22.185,AAVE/USDT:USDT,297.19,19.6,297.18,9.4,297.2,6.0,297.21,0.9
1753503802292,04:23:22.292,AAVE/USDT:USDT,297.19,19.6,297.18,9.4,297.2,6.0,297.21,0.9
1753503802428,04:23:22.428,AAVE/USDT:USDT,297.19,19.6,297.18,9.4,297.2,6.0,297.21,0.9
1753503802548,04:23:22.548,AAVE/USDT:USDT,297.19,19.6,297.18,9.4,297.2,6.0,297.21,0.9
1753503802707,04:23:22.707,AAVE/USDT:USDT,297.19,19.6,297.18,9.4,297.2,6.0,297.21,0.9
1753503802823,04:23:22.823,AAVE/USDT:USDT,297.19,19.6,297.18,9.4,297.2,6.0,297.21,0.9
1753503802928,04:23:22.928,AAVE/USDT:USDT,297.19,19.6,297.18,9.4,297.2,6.0,297.21,0.9
1753503803356,04:23:23.356,AAVE/USDT:USDT,297.19,19.6,297.18,9.4,297.2,6.0,297.21,0.9
1753503803504,04:23:23.504,AAVE/USDT:USDT,297.19,19.5,297.18,9.4,297.2,6.0,297.21,2.8
1753503803609,04:23:23.609,AAVE/USDT:USDT,297.19,19.5,297.18,9.4,297.2,6.0,297.21,0.4
1753503803778,04:23:23.778,AAVE/USDT:USDT,297.19,19.5,297.18,9.4,297.2,6.0,297.21,0.4
1753503803881,04:23:23.881,AAVE/USDT:USDT,297.19,19.5,297.18,9.4,297.2,6.0,297.21,0.4
1753503803984,04:23:23.984,AAVE/USDT:USDT,297.19,19.5,297.18,9.4,297.2,6.0,297.21,0.4
1753503804086,04:23:24.086,AAVE/USDT:USDT,297.19,19.5,297.18,9.4,297.2,6.0,297.21,0.9
1753503804189,04:23:24.189,AAVE/USDT:USDT,297.19,19.5,297.18,3.1,297.2,14.7,297.21,3.7
1753503804321,04:23:24.321,AAVE/USDT:USDT,297.19,19.6,297.18,3.1,297.2,14.7,297.21,3.2
1753503804423,04:23:24.423,AAVE/USDT:USDT,297.19,19.6,297.18,3.1,297.2,14.7,297.21,3.2
1753503804556,04:23:24.556,AAVE/USDT:USDT,297.19,20.0,297.18,3.1,297.2,14.7,297.21,3.1
1753503804858,04:23:24.858,AAVE/USDT:USDT,297.19,20.0,297.18,3.1,297.2,9.6,297.21,3.1
1753503805018,04:23:25.018,AAVE/USDT:USDT,297.19,20.0,297.18,3.1,297.2,4.8,297.21,3.1
1753503805158,04:23:25.158,AAVE/USDT:USDT,297.19,20.0,297.18,3.1,297.2,7.7,297.21,3.6
1753503805277,04:23:25.277,AAVE/USDT:USDT,297.19,20.0,297.18,3.1,297.2,4.8,297.21,3.1
1753503805397,04:23:25.397,AAVE/USDT:USDT,297.19,20.0,297.18,3.1,297.2,6.7,297.21,3.6
1753503805502,04:23:25.502,AAVE/USDT:USDT,297.19,20.0,297.18,3.1,297.2,6.7,297.21,3.6
1753503805605,04:23:25.605,AAVE/USDT:USDT,297.19,20.0,297.18,3.1,297.2,6.7,297.21,3.6
1753503805716,04:23:25.716,AAVE/USDT:USDT,297.19,20.0,297.18,3.1,297.2,4.9,297.21,3.6
1753503805867,04:23:25.867,AAVE/USDT:USDT,297.19,20.0,297.18,3.1,297.2,4.3,297.21,3.1
1753503805972,04:23:25.972,AAVE/USDT:USDT,297.19,20.0,297.18,3.1,297.2,4.3,297.21,3.1
1753503806111,04:23:26.111,AAVE/USDT:USDT,297.19,20.0,297.18,3.1,297.2,6.7,297.21,3.6
1753503806213,04:23:26.213,AAVE/USDT:USDT,297.19,20.0,297.18,3.1,297.2,8.1,297.21,3.6
1753503806354,04:23:26.354,AAVE/USDT:USDT,297.19,20.0,297.18,3.1,297.2,7.6,297.21,3.1
1753503806492,04:23:26.492,AAVE/USDT:USDT,297.19,20.0,297.18,3.1,297.2,6.8,297.21,3.1
1753503806610,04:23:26.610,AAVE/USDT:USDT,297.19,20.0,297.18,3.1,297.2,7.9,297.21,3.6
1753503806728,04:23:26.728,AAVE/USDT:USDT,297.19,20.0,297.18,3.1,297.2,7.9,297.21,3.1
1753503806847,04:23:26.847,AAVE/USDT:USDT,297.19,20.0,297.18,3.1,297.2,7.9,297.21,3.1
1753503806957,04:23:26.957,AAVE/USDT:USDT,297.19,20.0,297.18,3.1,297.2,7.8,297.21,3.1
1753503807081,04:23:27.081,AAVE/USDT:USDT,297.19,20.0,297.18,3.1,297.2,7.8,297.21,3.1
1753503807224,04:23:27.224,AAVE/USDT:USDT,297.19,20.0,297.18,3.1,297.2,6.3,297.21,3.1
1753503807326,04:23:27.326,AAVE/USDT:USDT,297.19,25.0,297.18,3.1,297.2,6.6,297.21,3.1
1753503807447,04:23:27.447,AAVE/USDT:USDT,297.19,25.0,297.18,3.1,297.2,8.0,297.21,3.6
1753503807594,04:23:27.594,AAVE/USDT:USDT,297.19,26.8,297.18,3.1,297.2,7.3,297.21,3.1
1753503807717,04:23:27.717,AAVE/USDT:USDT,297.19,26.8,297.18,3.1,297.2,7.6,297.21,3.1
1753503807868,04:23:27.868,AAVE/USDT:USDT,297.19,26.8,297.18,3.1,297.2,7.6,297.21,3.1
1753503807979,04:23:27.979,AAVE/USDT:USDT,297.19,26.8,297.18,3.1,297.2,7.7,297.21,3.1
1753503808110,04:23:28.110,AAVE/USDT:USDT,297.19,26.8,297.18,3.1,297.2,7.7,297.21,3.1
1753503808213,04:23:28.213,AAVE/USDT:USDT,297.19,26.8,297.18,3.1,297.2,12.8,297.21,3.1
1753503808402,04:23:28.402,AAVE/USDT:USDT,297.19,26.8,297.18,3.1,297.2,12.8,297.21,3.1
1753503808506,04:23:28.506,AAVE/USDT:USDT,297.19,26.8,297.18,3.1,297.2,12.8,297.21,3.1
1753503808608,04:23:28.608,AAVE/USDT:USDT,297.19,26.8,297.18,3.1,297.2,12.8,297.21,3.1
1753503808777,04:23:28.777,AAVE/USDT:USDT,297.19,26.8,297.18,3.1,297.2,13.7,297.21,3.1
1753503808879,04:23:28.879,AAVE/USDT:USDT,297.19,26.8,297.18,3.1,297.2,13.7,297.21,3.1
1753503808989,04:23:28.989,AAVE/USDT:USDT,297.19,26.8,297.18,3.1,297.2,13.7,297.21,3.1
1753503809115,04:23:29.115,AAVE/USDT:USDT,297.19,27.5,297.18,1.6,297.2,13.7,297.21,3.1
1753503809222,04:23:29.222,AAVE/USDT:USDT,297.19,27.5,297.18,1.6,297.2,13.7,297.21,3.1
1753503809324,04:23:29.324,AAVE/USDT:USDT,297.19,27.5,297.18,1.6,297.2,13.7,297.21,3.1
1753503809487,04:23:29.487,AAVE/USDT:USDT,297.19,27.5,297.18,1.6,297.2,13.7,297.21,3.1
1753503809619,04:23:29.619,AAVE/USDT:USDT,297.19,27.5,297.18,1.6,297.2,13.6,297.21,3.1
1753503809919,04:23:29.919,AAVE/USDT:USDT,297.19,27.5,297.18,1.6,297.2,13.6,297.21,3.1
1753503810027,04:23:30.027,AAVE/USDT:USDT,297.17,12.8,297.16,9.8,297.18,19.2,297.19,21.4
1753503810130,04:23:30.130,AAVE/USDT:USDT,297.17,12.8,297.16,9.8,297.18,19.4,297.19,24.7
1753503810237,04:23:30.237,AAVE/USDT:USDT,297.17,12.8,297.16,9.8,297.18,19.5,297.19,24.7
1753503810342,04:23:30.342,AAVE/USDT:USDT,297.17,12.8,297.16,9.8,297.18,19.5,297.19,24.8
1753503810570,04:23:30.570,AAVE/USDT:USDT,297.17,12.8,297.16,9.8,297.18,15.5,297.19,24.8
1753503810673,04:23:30.673,AAVE/USDT:USDT,297.17,12.8,297.16,9.8,297.18,15.3,297.19,24.8
1753503810777,04:23:30.777,AAVE/USDT:USDT,297.17,12.8,297.16,9.8,297.18,15.3,297.19,24.8
1753503810906,04:23:30.906,AAVE/USDT:USDT,297.17,12.8,297.16,9.8,297.18,15.3,297.19,24.8
1753503811021,04:23:31.021,AAVE/USDT:USDT,297.17,12.8,297.16,9.8,297.18,15.3,297.19,24.8
1753503811164,04:23:31.164,AAVE/USDT:USDT,297.17,12.8,297.16,9.8,297.18,15.3,297.19,25.0
1753503811267,04:23:31.267,AAVE/USDT:USDT,297.17,12.8,297.16,9.8,297.18,11.7,297.19,25.0
1753503811370,04:23:31.370,AAVE/USDT:USDT,297.17,12.8,297.16,9.8,297.18,12.0,297.19,20.9
1753503811473,04:23:31.473,AAVE/USDT:USDT,297.17,12.8,297.16,9.8,297.18,12.0,297.19,20.9
1753503811580,04:23:31.580,AAVE/USDT:USDT,297.17,12.8,297.16,9.8,297.18,12.0,297.19,15.8
1753503811682,04:23:31.682,AAVE/USDT:USDT,297.17,12.8,297.16,9.8,297.18,12.0,297.19,15.8
1753503811791,04:23:31.791,AAVE/USDT:USDT,297.17,12.8,297.16,9.8,297.18,12.0,297.19,15.8
1753503811931,04:23:31.931,AAVE/USDT:USDT,297.17,12.8,297.16,9.8,297.18,12.0,297.19,15.8
1753503812034,04:23:32.034,AAVE/USDT:USDT,297.17,12.8,297.16,9.8,297.18,12.0,297.19,15.8
1753503812159,04:23:32.159,AAVE/USDT:USDT,297.17,16.3,297.16,12.2,297.18,0.3,297.19,2.6
1753503812262,04:23:32.262,AAVE/USDT:USDT,297.17,16.4,297.16,12.3,297.18,0.3,297.19,2.6
1753503812366,04:23:32.366,AAVE/USDT:USDT,297.17,16.4,297.16,12.3,297.18,0.3,297.19,2.6
1753503812467,04:23:32.467,AAVE/USDT:USDT,297.17,12.8,297.16,12.3,297.18,0.3,297.19,2.6
1753503812569,04:23:32.569,AAVE/USDT:USDT,297.17,12.8,297.16,12.3,297.18,0.3,297.19,3.1
1753503812672,04:23:32.672,AAVE/USDT:USDT,297.17,12.8,297.16,9.8,297.18,0.3,297.19,3.1
1753503812787,04:23:32.787,AAVE/USDT:USDT,297.17,12.8,297.16,9.8,297.18,4.0,297.19,3.1
1753503812939,04:23:32.939,AAVE/USDT:USDT,297.17,12.8,297.16,9.8,297.18,5.9,297.19,3.1
1753503813042,04:23:33.042,AAVE/USDT:USDT,297.17,12.8,297.16,9.8,297.18,5.9,297.19,3.1
1753503813157,04:23:33.157,AAVE/USDT:USDT,297.17,12.8,297.16,9.8,297.18,5.9,297.19,3.1
1753503813263,04:23:33.263,AAVE/USDT:USDT,297.17,12.2,297.16,9.8,297.18,9.8,297.19,9.0
1753503813366,04:23:33.366,AAVE/USDT:USDT,297.17,12.2,297.16,9.8,297.18,10.0,297.19,9.0
1753503813472,04:23:33.472,AAVE/USDT:USDT,297.17,12.2,297.16,9.8,297.18,10.0,297.19,9.0
1753503813617,04:23:33.617,AAVE/USDT:USDT,297.17,12.2,297.16,9.8,297.18,10.0,297.19,9.0
1753503813719,04:23:33.719,AAVE/USDT:USDT,297.17,12.2,297.16,9.8,297.18,10.0,297.19,9.0
1753503813822,04:23:33.822,AAVE/USDT:USDT,297.17,12.2,297.16,9.8,297.18,9.9,297.19,9.0
1753503814021,04:23:34.021,AAVE/USDT:USDT,297.17,12.2,297.16,9.8,297.18,9.9,297.19,9.0
1753503814124,04:23:34.124,AAVE/USDT:USDT,297.17,12.2,297.16,9.8,297.18,10.3,297.19,9.0
1753503814227,04:23:34.227,AAVE/USDT:USDT,297.17,12.2,297.16,9.8,297.18,10.3,297.19,9.0
1753503814338,04:23:34.338,AAVE/USDT:USDT,297.17,12.5,297.16,9.8,297.18,10.3,297.19,9.0
1753503814441,04:23:34.441,AAVE/USDT:USDT,297.17,12.5,297.16,9.8,297.18,9.3,297.19,8.5
1753503814567,04:23:34.567,AAVE/USDT:USDT,297.17,12.5,297.16,9.8,297.18,9.3,297.19,6.1
1753503814689,04:23:34.689,AAVE/USDT:USDT,297.17,12.6,297.16,9.8,297.18,9.3,297.19,6.1
1753503814792,04:23:34.792,AAVE/USDT:USDT,297.17,12.6,297.16,9.8,297.18,9.3,297.19,6.1
1753503814936,04:23:34.936,AAVE/USDT:USDT,297.17,12.6,297.16,9.8,297.18,9.3,297.19,6.1
1753503815041,04:23:35.041,AAVE/USDT:USDT,297.17,12.6,297.16,9.8,297.18,10.3,297.19,8.5
1753503815145,04:23:35.145,AAVE/USDT:USDT,297.17,12.6,297.16,9.8,297.18,10.3,297.19,8.5
1753503815248,04:23:35.248,AAVE/USDT:USDT,297.17,12.6,297.16,9.8,297.18,9.3,297.19,7.6
1753503815352,04:23:35.352,AAVE/USDT:USDT,297.17,12.6,297.16,9.8,297.18,9.0,297.19,7.6
1753503815454,04:23:35.454,AAVE/USDT:USDT,297.17,62.3,297.16,12.4,297.18,4.3,297.19,7.6
1753503815574,04:23:35.574,AAVE/USDT:USDT,297.17,62.3,297.16,9.9,297.18,4.5,297.19,5.2
1753503815677,04:23:35.677,AAVE/USDT:USDT,297.17,62.3,297.16,9.9,297.18,4.5,297.19,5.2
1753503815780,04:23:35.780,AAVE/USDT:USDT,297.17,62.3,297.16,9.9,297.18,4.5,297.19,5.2
1753503815936,04:23:35.936,AAVE/USDT:USDT,297.17,62.3,297.16,9.9,297.18,4.5,297.19,5.2
1753503816039,04:23:36.039,AAVE/USDT:USDT,297.17,62.3,297.16,9.9,297.18,4.5,297.19,5.2
1753503816150,04:23:36.150,AAVE/USDT:USDT,297.17,62.3,297.16,9.9,297.18,4.5,297.19,5.2
1753503816300,04:23:36.300,AAVE/USDT:USDT,297.17,62.3,297.16,9.9,297.18,4.5,297.19,5.2
1753503816403,04:23:36.403,AAVE/USDT:USDT,297.17,62.3,297.16,9.9,297.18,4.5,297.19,5.2
1753503816509,04:23:36.509,AAVE/USDT:USDT,297.17,62.3,297.16,9.9,297.18,4.5,297.19,5.2
1753503816802,04:23:36.802,AAVE/USDT:USDT,297.17,62.3,297.16,9.8,297.18,9.1,297.19,14.1
1753503816905,04:23:36.905,AAVE/USDT:USDT,297.17,62.3,297.16,9.8,297.18,9.1,297.19,14.1
1753503817008,04:23:37.008,AAVE/USDT:USDT,297.17,62.3,297.16,9.8,297.18,9.1,297.19,14.1
1753503817111,04:23:37.111,AAVE/USDT:USDT,297.17,62.3,297.16,9.8,297.18,9.1,297.19,14.1
1753503817247,04:23:37.247,AAVE/USDT:USDT,297.17,62.3,297.16,9.8,297.18,12.0,297.19,14.1
1753503817367,04:23:37.367,AAVE/USDT:USDT,297.17,62.3,297.16,9.8,297.18,6.6,297.19,14.1
1753503817470,04:23:37.470,AAVE/USDT:USDT,297.17,62.3,297.16,9.8,297.18,5.6,297.19,9.1
1753503817578,04:23:37.578,AAVE/USDT:USDT,297.17,62.5,297.16,9.8,297.18,5.5,297.19,0.2
1753503817681,04:23:37.681,AAVE/USDT:USDT,297.17,62.5,297.16,9.8,297.18,2.6,297.19,0.2
1753503817806,04:23:37.806,AAVE/USDT:USDT,297.17,62.5,297.16,9.8,297.18,2.6,297.19,0.2
1753503817939,04:23:37.939,AAVE/USDT:USDT,297.17,62.5,297.16,9.8,297.18,3.1,297.19,0.2
1753503818040,04:23:38.040,AAVE/USDT:USDT,297.17,62.5,297.16,9.8,297.18,8.6,297.19,9.7
1753503818143,04:23:38.143,AAVE/USDT:USDT,297.17,62.5,297.16,9.8,297.18,8.6,297.19,9.7
1753503818258,04:23:38.258,AAVE/USDT:USDT,297.17,62.5,297.16,9.8,297.18,8.6,297.19,9.7
1753503818438,04:23:38.438,AAVE/USDT:USDT,297.17,62.5,297.16,9.8,297.18,8.5,297.19,9.7
1753503818544,04:23:38.544,AAVE/USDT:USDT,297.17,62.5,297.16,9.8,297.18,8.5,297.19,5.6
1753503818699,04:23:38.699,AAVE/USDT:USDT,297.17,62.5,297.16,9.8,297.18,8.5,297.19,5.6
1753503818864,04:23:38.864,AAVE/USDT:USDT,297.17,62.5,297.16,9.8,297.18,8.5,297.19,5.6
1753503819002,04:23:39.002,AAVE/USDT:USDT,297.17,62.5,297.16,9.8,297.18,8.5,297.19,10.6
1753503819105,04:23:39.105,AAVE/USDT:USDT,297.17,62.5,297.16,9.8,297.18,8.5,297.19,10.6
1753503819214,04:23:39.214,AAVE/USDT:USDT,297.17,62.5,297.16,9.8,297.18,8.5,297.19,10.6
1753503819321,04:23:39.321,AAVE/USDT:USDT,297.17,62.5,297.16,9.8,297.18,8.5,297.19,10.6
1753503819454,04:23:39.454,AAVE/USDT:USDT,297.17,62.5,297.16,9.8,297.18,8.5,297.19,10.6
1753503819564,04:23:39.564,AAVE/USDT:USDT,297.17,62.5,297.16,9.8,297.18,8.5,297.19,10.6
1753503819703,04:23:39.703,AAVE/USDT:USDT,297.17,62.5,297.16,9.8,297.18,8.5,297.19,10.6
1753503819807,04:23:39.807,AAVE/USDT:USDT,297.17,62.5,297.16,9.8,297.18,8.5,297.19,10.6
1753503819969,04:23:39.969,AAVE/USDT:USDT,297.17,62.5,297.16,9.8,297.18,8.5,297.19,10.6
1753503820110,04:23:40.110,AAVE/USDT:USDT,297.17,62.5,297.16,9.8,297.18,8.5,297.19,10.6
1753503820213,04:23:40.213,AAVE/USDT:USDT,297.17,62.5,297.16,9.8,297.18,8.5,297.19,10.6
1753503820316,04:23:40.316,AAVE/USDT:USDT,297.17,62.5,297.16,16.5,297.18,1.1,297.19,0.2
1753503820420,04:23:40.420,AAVE/USDT:USDT,297.17,62.5,297.16,12.4,297.18,1.2,297.19,0.2
1753503820523,04:23:40.523,AAVE/USDT:USDT,297.17,62.5,297.16,9.8,297.18,1.2,297.19,0.2
1753503820626,04:23:40.626,AAVE/USDT:USDT,297.17,62.5,297.16,9.8,297.18,1.4,297.19,0.2
1753503820756,04:23:40.756,AAVE/USDT:USDT,297.17,62.5,297.16,9.8,297.18,1.4,297.19,3.2
1753503820859,04:23:40.859,AAVE/USDT:USDT,297.17,62.5,297.16,9.8,297.18,3.2,297.19,3.2
1753503820965,04:23:40.965,AAVE/USDT:USDT,297.17,62.5,297.16,9.8,297.18,7.8,297.19,8.3
1753503821095,04:23:41.095,AAVE/USDT:USDT,297.17,62.5,297.16,9.8,297.18,7.8,297.19,8.3
1753503821266,04:23:41.266,AAVE/USDT:USDT,297.17,62.5,297.16,9.8,297.18,7.8,297.19,8.3
1753503821368,04:23:41.368,AAVE/USDT:USDT,297.17,62.5,297.16,9.8,297.18,7.8,297.19,8.3
1753503821475,04:23:41.475,AAVE/USDT:USDT,297.17,62.5,297.16,9.8,297.18,7.8,297.19,8.3
1753503821627,04:23:41.627,AAVE/USDT:USDT,297.17,62.5,297.16,9.8,297.18,7.8,297.19,8.3
1753503821730,04:23:41.730,AAVE/USDT:USDT,297.17,62.5,297.16,9.8,297.18,7.8,297.19,0.2
1753503821833,04:23:41.833,AAVE/USDT:USDT,297.17,62.5,297.16,9.8,297.18,7.8,297.19,0.2
1753503821936,04:23:41.936,AAVE/USDT:USDT,297.17,62.5,297.16,9.8,297.18,8.0,297.19,2.9
1753503822039,04:23:42.039,AAVE/USDT:USDT,297.17,62.5,297.16,9.8,297.18,8.0,297.19,11.2
1753503822230,04:23:42.230,AAVE/USDT:USDT,297.17,62.5,297.16,9.8,297.18,8.0,297.19,11.2
1753503822332,04:23:42.332,AAVE/USDT:USDT,297.17,62.6,297.16,9.8,297.18,8.0,297.19,11.2
1753503822457,04:23:42.457,AAVE/USDT:USDT,297.17,62.6,297.16,13.9,297.18,1.3,297.19,0.2
1753503822560,04:23:42.560,AAVE/USDT:USDT,297.17,62.6,297.16,16.9,297.18,1.4,297.19,0.2
1753503822662,04:23:42.662,AAVE/USDT:USDT,297.17,62.6,297.16,21.1,297.18,1.4,297.19,0.2
1753503822763,04:23:42.763,AAVE/USDT:USDT,297.17,62.7,297.16,21.1,297.18,1.4,297.19,0.2
1753503822865,04:23:42.865,AAVE/USDT:USDT,297.17,62.7,297.16,9.8,297.18,1.4,297.19,0.2
1753503822967,04:23:42.967,AAVE/USDT:USDT,297.17,62.6,297.16,9.8,297.18,4.4,297.19,0.7
1753503823167,04:23:43.167,AAVE/USDT:USDT,297.17,62.6,297.16,9.8,297.18,14.2,297.19,0.2
1753503823277,04:23:43.277,AAVE/USDT:USDT,297.17,62.6,297.16,9.8,297.18,3.2,297.19,0.2
1753503823380,04:23:43.380,AAVE/USDT:USDT,297.17,62.6,297.16,9.8,297.18,8.1,297.19,3.4
1753503823573,04:23:43.573,AAVE/USDT:USDT,297.17,62.6,297.16,9.8,297.18,7.6,297.19,3.4
1753503823674,04:23:43.674,AAVE/USDT:USDT,297.17,62.6,297.16,9.8,297.18,7.6,297.19,3.4
1753503823778,04:23:43.778,AAVE/USDT:USDT,297.17,62.6,297.16,9.8,297.18,7.6,297.19,3.4
1753503823880,04:23:43.880,AAVE/USDT:USDT,297.17,62.6,297.16,9.8,297.18,4.0,297.19,2.9
1753503824031,04:23:44.031,AAVE/USDT:USDT,297.17,62.6,297.16,9.8,297.18,2.2,297.19,2.9
1753503824134,04:23:44.134,AAVE/USDT:USDT,297.17,62.6,297.16,9.8,297.18,2.2,297.19,2.9
1753503824242,04:23:44.242,AAVE/USDT:USDT,297.17,62.6,297.16,9.8,297.18,2.2,297.19,2.9
1753503824362,04:23:44.362,AAVE/USDT:USDT,297.17,62.6,297.16,9.8,297.18,2.2,297.19,2.9
1753503824465,04:23:44.465,AAVE/USDT:USDT,297.17,62.6,297.16,9.8,297.18,2.2,297.19,2.9
1753503824569,04:23:44.569,AAVE/USDT:USDT,297.17,62.6,297.16,9.8,297.18,2.2,297.19,2.9
1753503824677,04:23:44.677,AAVE/USDT:USDT,297.17,62.6,297.16,9.8,297.18,5.8,297.19,2.9
1753503824780,04:23:44.780,AAVE/USDT:USDT,297.17,62.6,297.16,9.8,297.18,2.2,297.19,2.9
1753503824882,04:23:44.882,AAVE/USDT:USDT,297.17,62.6,297.16,9.8,297.18,2.2,297.19,2.9
1753503824984,04:23:44.984,AAVE/USDT:USDT,297.17,62.6,297.16,9.8,297.18,2.2,297.19,2.9
1753503825087,04:23:45.087,AAVE/USDT:USDT,297.17,62.6,297.16,9.8,297.18,2.2,297.19,2.9
1753503825274,04:23:45.274,AAVE/USDT:USDT,297.17,62.5,297.16,9.8,297.18,2.2,297.19,0.2
1753503825382,04:23:45.382,AAVE/USDT:USDT,297.17,62.6,297.16,9.8,297.18,2.2,297.19,0.2
1753503825517,04:23:45.517,AAVE/USDT:USDT,297.17,62.6,297.16,9.8,297.18,2.2,297.19,0.2
1753503825635,04:23:45.635,AAVE/USDT:USDT,297.17,62.6,297.16,9.8,297.18,2.2,297.19,0.2
1753503825749,04:23:45.749,AAVE/USDT:USDT,297.17,62.6,297.16,9.8,297.18,2.2,297.19,0.2
1753503825891,04:23:45.891,AAVE/USDT:USDT,297.17,62.6,297.16,9.8,297.18,2.2,297.19,0.2
1753503826019,04:23:46.019,AAVE/USDT:USDT,297.17,62.6,297.16,9.8,297.18,2.2,297.19,0.2
1753503826122,04:23:46.122,AAVE/USDT:USDT,297.17,62.6,297.16,9.8,297.18,2.2,297.19,0.2
1753503826314,04:23:46.314,AAVE/USDT:USDT,297.17,62.5,297.16,9.8,297.18,2.0,297.19,0.2
1753503826417,04:23:46.417,AAVE/USDT:USDT,297.17,62.5,297.16,17.4,297.18,2.0,297.19,0.2
1753503826518,04:23:46.518,AAVE/USDT:USDT,297.17,62.5,297.16,13.3,297.18,0.9,297.19,0.7
1753503826620,04:23:46.620,AAVE/USDT:USDT,297.17,62.5,297.16,9.8,297.18,0.9,297.19,0.2
1753503826731,04:23:46.731,AAVE/USDT:USDT,297.17,62.5,297.16,9.8,297.18,2.1,297.19,0.2
1753503826874,04:23:46.874,AAVE/USDT:USDT,297.17,62.5,297.16,9.8,297.18,2.1,297.19,0.7
1753503826980,04:23:46.980,AAVE/USDT:USDT,297.17,62.5,297.16,9.8,297.18,2.1,297.19,5.7
1753503827083,04:23:47.083,AAVE/USDT:USDT,297.17,62.5,297.16,9.8,297.18,2.1,297.19,5.7
1753503827251,04:23:47.251,AAVE/USDT:USDT,297.17,62.5,297.16,9.8,297.18,2.1,297.19,5.7
1753503827481,04:23:47.481,AAVE/USDT:USDT,297.17,62.4,297.16,9.8,297.18,7.5,297.19,5.7
1753503827584,04:23:47.584,AAVE/USDT:USDT,297.17,62.4,297.16,9.8,297.18,7.5,297.19,5.7
1753503827951,04:23:47.951,AAVE/USDT:USDT,297.17,62.4,297.16,9.8,297.18,2.1,297.19,5.2
1753503828056,04:23:48.056,AAVE/USDT:USDT,297.17,62.4,297.16,9.8,297.18,7.5,297.19,5.2
1753503828158,04:23:48.158,AAVE/USDT:USDT,297.17,62.4,297.16,9.8,297.18,7.5,297.19,5.2
1753503828277,04:23:48.277,AAVE/USDT:USDT,297.17,62.3,297.16,9.8,297.18,7.5,297.19,5.2
1753503828484,04:23:48.484,AAVE/USDT:USDT,297.17,62.3,297.16,9.8,297.18,7.5,297.19,5.2
1753503828594,04:23:48.594,AAVE/USDT:USDT,297.17,62.3,297.16,9.8,297.18,7.5,297.19,5.2
1753503828697,04:23:48.697,AAVE/USDT:USDT,297.17,62.3,297.16,9.8,297.18,10.5,297.19,5.2
1753503828808,04:23:48.808,AAVE/USDT:USDT,297.17,62.3,297.16,9.8,297.18,10.5,297.19,5.2
1753503828913,04:23:48.913,AAVE/USDT:USDT,297.17,62.3,297.16,9.8,297.18,10.5,297.19,5.2
1753503829018,04:23:49.018,AAVE/USDT:USDT,297.17,62.3,297.16,9.8,297.18,10.5,297.19,5.2
1753503829121,04:23:49.121,AAVE/USDT:USDT,297.17,62.3,297.16,9.8,297.18,10.5,297.19,5.2
1753503829227,04:23:49.227,AAVE/USDT:USDT,297.13,0.2,297.12,0.5,297.14,5.0,297.15,17.2
1753503829328,04:23:49.328,AAVE/USDT:USDT,297.13,3.8,297.12,0.4,297.14,16.8,297.15,21.9
1753503829429,04:23:49.429,AAVE/USDT:USDT,297.13,3.9,297.12,0.4,297.14,17.0,297.15,17.9
1753503829531,04:23:49.531,AAVE/USDT:USDT,297.13,5.7,297.12,0.4,297.14,17.0,297.15,12.9
1753503829649,04:23:49.649,AAVE/USDT:USDT,297.13,5.7,297.12,0.4,297.14,17.0,297.15,11.4
1753503829751,04:23:49.751,AAVE/USDT:USDT,297.13,5.7,297.12,0.4,297.14,17.2,297.15,11.4
1753503829859,04:23:49.859,AAVE/USDT:USDT,297.13,5.7,297.12,0.4,297.14,17.2,297.15,11.4
1753503829965,04:23:49.965,AAVE/USDT:USDT,297.13,3.9,297.12,0.4,297.14,17.0,297.15,8.7
1753503830070,04:23:50.070,AAVE/USDT:USDT,297.13,3.9,297.12,0.4,297.14,17.0,297.15,8.7
1753503830176,04:23:50.176,AAVE/USDT:USDT,297.13,3.9,297.12,0.4,297.14,17.0,297.15,8.7
1753503830279,04:23:50.279,AAVE/USDT:USDT,297.13,0.2,297.12,0.4,297.14,17.0,297.15,9.7
1753503830381,04:23:50.381,AAVE/USDT:USDT,297.13,5.6,297.12,0.4,297.14,14.1,297.15,5.4
1753503830484,04:23:50.484,AAVE/USDT:USDT,297.13,5.7,297.12,0.4,297.14,14.4,297.15,5.4
1753503830600,04:23:50.600,AAVE/USDT:USDT,297.13,5.7,297.12,0.4,297.14,14.4,297.15,5.4
1753503830718,04:23:50.718,AAVE/USDT:USDT,297.13,5.7,297.12,0.4,297.14,14.4,297.15,5.4
1753503830843,04:23:50.843,AAVE/USDT:USDT,297.13,5.7,297.12,0.4,297.14,14.4,297.15,5.4
1753503830949,04:23:50.949,AAVE/USDT:USDT,297.13,5.7,297.12,2.2,297.14,9.0,297.15,3.6
1753503831052,04:23:51.052,AAVE/USDT:USDT,297.13,5.7,297.12,2.2,297.14,7.8,297.15,3.6
1753503831155,04:23:51.155,AAVE/USDT:USDT,297.13,12.6,297.12,2.7,297.14,0.8,297.16,0.2
1753503831258,04:23:51.258,AAVE/USDT:USDT,297.13,12.6,297.12,2.7,297.14,0.6,297.16,0.2
1753503831362,04:23:51.362,AAVE/USDT:USDT,297.15,42.2,297.14,8.3,297.16,0.4,297.17,0.3
1753503831465,04:23:51.465,AAVE/USDT:USDT,297.15,42.3,297.14,10.6,297.16,0.5,297.17,0.3
1753503831566,04:23:51.566,AAVE/USDT:USDT,297.15,42.3,297.14,10.6,297.16,0.2,297.17,0.3
1753503831681,04:23:51.681,AAVE/USDT:USDT,297.15,42.3,297.14,10.6,297.16,0.4,297.17,0.3
1753503831782,04:23:51.782,AAVE/USDT:USDT,297.15,42.3,297.14,10.6,297.16,0.5,297.17,0.3
1753503831884,04:23:51.884,AAVE/USDT:USDT,297.15,42.3,297.14,8.3,297.16,0.5,297.17,0.5
1753503831988,04:23:51.988,AAVE/USDT:USDT,297.15,42.3,297.14,8.3,297.16,0.5,297.17,0.5
1753503832100,04:23:52.100,AAVE/USDT:USDT,297.15,38.6,297.14,8.3,297.16,0.5,297.17,0.5
1753503832202,04:23:52.202,AAVE/USDT:USDT,297.15,38.6,297.14,8.3,297.16,0.5,297.17,0.5
1753503832338,04:23:52.338,AAVE/USDT:USDT,297.15,39.7,297.14,8.3,297.16,0.5,297.17,0.5
1753503832441,04:23:52.441,AAVE/USDT:USDT,297.15,39.7,297.14,8.3,297.16,0.5,297.17,0.5
1753503832543,04:23:52.543,AAVE/USDT:USDT,297.15,39.7,297.14,8.3,297.16,0.5,297.17,0.5
1753503832647,04:23:52.647,AAVE/USDT:USDT,297.15,39.7,297.14,8.3,297.16,0.5,297.17,0.5
1753503832758,04:23:52.758,AAVE/USDT:USDT,297.15,15.7,297.14,6.6,297.16,2.2,297.17,1.0
1753503832860,04:23:52.860,AAVE/USDT:USDT,297.16,10.2,297.15,7.6,297.17,0.4,297.18,2.9
1753503832963,04:23:52.963,AAVE/USDT:USDT,297.16,10.3,297.15,7.6,297.17,0.2,297.18,3.4
1753503833067,04:23:53.067,AAVE/USDT:USDT,297.16,3.7,297.15,5.1,297.17,9.7,297.18,3.4
1753503833172,04:23:53.172,AAVE/USDT:USDT,297.16,3.7,297.15,5.1,297.17,10.0,297.18,8.9
1753503833273,04:23:53.273,AAVE/USDT:USDT,297.16,3.7,297.15,5.1,297.17,10.0,297.18,19.9
1753503833375,04:23:53.375,AAVE/USDT:USDT,297.16,3.7,297.15,5.1,297.17,8.1,297.18,19.9
1753503833548,04:23:53.548,AAVE/USDT:USDT,297.16,3.9,297.15,5.1,297.17,8.1,297.18,17.1
1753503833655,04:23:53.655,AAVE/USDT:USDT,297.16,3.9,297.15,5.1,297.17,7.9,297.18,6.1
1753503833758,04:23:53.758,AAVE/USDT:USDT,297.16,3.9,297.15,5.1,297.17,7.9,297.18,6.1
1753503833861,04:23:53.861,AAVE/USDT:USDT,297.16,0.2,297.15,5.1,297.17,12.9,297.18,11.1
1753503833964,04:23:53.964,AAVE/USDT:USDT,297.16,0.2,297.15,5.1,297.17,12.9,297.18,11.1
1753503834074,04:23:54.074,AAVE/USDT:USDT,297.16,3.8,297.15,5.1,297.17,13.3,297.18,10.7
1753503834197,04:23:54.197,AAVE/USDT:USDT,297.16,3.9,297.15,5.1,297.17,13.3,297.18,10.7
1753503834302,04:23:54.302,AAVE/USDT:USDT,297.16,3.9,297.15,5.1,297.17,13.3,297.18,10.7
1753503834406,04:23:54.406,AAVE/USDT:USDT,297.16,3.9,297.15,5.1,297.17,13.3,297.18,10.7
1753503834514,04:23:54.514,AAVE/USDT:USDT,297.16,3.9,297.15,5.1,297.17,13.3,297.18,10.7
1753503834655,04:23:54.655,AAVE/USDT:USDT,297.16,0.2,297.15,5.1,297.17,13.3,297.18,10.8
1753503834763,04:23:54.763,AAVE/USDT:USDT,297.16,0.2,297.15,5.1,297.17,13.3,297.18,10.8
1753503834869,04:23:54.869,AAVE/USDT:USDT,297.16,0.2,297.15,5.1,297.17,13.3,297.18,21.8
1753503834971,04:23:54.971,AAVE/USDT:USDT,297.16,0.2,297.15,5.1,297.17,13.3,297.18,21.8
1753503835074,04:23:55.074,AAVE/USDT:USDT,297.16,0.2,297.15,1.5,297.17,13.3,297.18,24.5
1753503835175,04:23:55.175,AAVE/USDT:USDT,297.16,0.2,297.15,1.5,297.17,13.3,297.18,24.5
1753503835296,04:23:55.296,AAVE/USDT:USDT,297.16,0.2,297.15,1.5,297.17,13.3,297.18,28.2
1753503835478,04:23:55.478,AAVE/USDT:USDT,297.16,0.2,297.15,1.5,297.17,13.3,297.18,28.2
1753503835597,04:23:55.597,AAVE/USDT:USDT,297.13,5.6,297.12,0.4,297.14,21.2,297.15,30.0
1753503835698,04:23:55.698,AAVE/USDT:USDT,297.13,3.9,297.12,0.4,297.14,21.5,297.15,30.0
1753503835805,04:23:55.805,AAVE/USDT:USDT,297.13,3.9,297.12,0.4,297.14,21.0,297.15,19.0
1753503835906,04:23:55.906,AAVE/USDT:USDT,297.13,7.5,297.12,2.7,297.14,6.0,297.15,7.9
1753503836009,04:23:56.009,AAVE/USDT:USDT,297.13,7.5,297.12,2.7,297.14,5.8,297.15,7.9
1753503836111,04:23:56.111,AAVE/USDT:USDT,297.13,7.5,297.12,2.2,297.14,5.8,297.15,7.9
1753503836214,04:23:56.214,AAVE/USDT:USDT,297.13,7.5,297.12,2.2,297.14,5.8,297.15,7.9
1753503836316,04:23:56.316,AAVE/USDT:USDT,297.13,4.0,297.12,2.2,297.14,6.9,297.15,7.9
1753503836419,04:23:56.419,AAVE/USDT:USDT,297.13,0.3,297.12,2.2,297.14,9.8,297.15,8.4
1753503836531,04:23:56.531,AAVE/USDT:USDT,297.13,3.9,297.12,2.2,297.14,10.7,297.15,7.9
1753503836634,04:23:56.634,AAVE/USDT:USDT,297.13,3.9,297.12,2.2,297.14,9.8,297.15,7.9
1753503836738,04:23:56.738,AAVE/USDT:USDT,297.13,4.0,297.12,2.2,297.14,9.8,297.15,7.9
1753503836841,04:23:56.841,AAVE/USDT:USDT,297.13,4.0,297.12,2.2,297.14,10.9,297.15,7.9
1753503837002,04:23:57.002,AAVE/USDT:USDT,297.13,4.0,297.12,2.2,297.14,5.8,297.15,4.1
1753503837106,04:23:57.106,AAVE/USDT:USDT,297.13,6.8,297.12,2.7,297.14,1.3,297.15,0.5
1753503837209,04:23:57.209,AAVE/USDT:USDT,297.13,8.0,297.12,5.2,297.14,0.1,297.16,5.3
1753503837310,04:23:57.310,AAVE/USDT:USDT,297.15,10.5,297.14,12.7,297.16,0.9,297.17,4.0
1753503837411,04:23:57.411,AAVE/USDT:USDT,297.15,9.8,297.14,12.7,297.16,7.5,297.17,4.0
1753503837514,04:23:57.514,AAVE/USDT:USDT,297.15,9.9,297.14,12.6,297.16,7.8,297.17,4.0
1753503837628,04:23:57.628,AAVE/USDT:USDT,297.15,9.9,297.14,12.6,297.16,7.8,297.17,4.0
1753503837751,04:23:57.751,AAVE/USDT:USDT,297.15,9.9,297.14,12.6,297.16,7.8,297.17,4.0
1753503837856,04:23:57.856,AAVE/USDT:USDT,297.15,9.9,297.14,12.6,297.16,4.3,297.17,4.0
1753503837988,04:23:57.988,AAVE/USDT:USDT,297.15,9.9,297.14,12.6,297.16,0.5,297.17,4.0
1753503838111,04:23:58.111,AAVE/USDT:USDT,297.15,9.9,297.14,12.6,297.16,0.5,297.17,4.0
1753503838215,04:23:58.215,AAVE/USDT:USDT,297.15,9.9,297.14,12.6,297.16,6.8,297.17,4.0
1753503838318,04:23:58.318,AAVE/USDT:USDT,297.15,3.8,297.14,9.5,297.16,10.2,297.17,3.1
1753503838420,04:23:58.420,AAVE/USDT:USDT,297.15,0.2,297.14,5.5,297.16,13.1,297.17,5.8
1753503838522,04:23:58.522,AAVE/USDT:USDT,297.15,0.1,297.14,5.5,297.16,13.1,297.17,8.4
1753503838627,04:23:58.627,AAVE/USDT:USDT,297.15,5.6,297.14,5.5,297.16,8.4,297.17,3.1
1753503838728,04:23:58.728,AAVE/USDT:USDT,297.15,5.6,297.14,5.5,297.16,7.4,297.17,2.5
1753503838830,04:23:58.830,AAVE/USDT:USDT,297.15,5.6,297.14,5.5,297.16,7.4,297.17,3.0
1753503838953,04:23:58.953,AAVE/USDT:USDT,297.15,5.6,297.14,5.5,297.16,8.4,297.17,3.0
1753503839058,04:23:59.058,AAVE/USDT:USDT,297.15,5.6,297.14,5.5,297.16,8.4,297.17,3.0
1753503839174,04:23:59.174,AAVE/USDT:USDT,297.15,3.8,297.14,5.5,297.16,8.8,297.17,7.6
1753503839279,04:23:59.279,AAVE/USDT:USDT,297.15,0.1,297.14,3.6,297.16,8.8,297.17,7.6
1753503839398,04:23:59.398,AAVE/USDT:USDT,297.14,3.5,297.13,3.9,297.15,24.9,297.16,7.6
1753503839500,04:23:59.500,AAVE/USDT:USDT,297.14,3.5,297.13,3.9,297.15,25.1,297.16,9.6
1753503839608,04:23:59.608,AAVE/USDT:USDT,297.14,3.6,297.13,3.9,297.15,21.3,297.16,9.6
1753503839711,04:23:59.711,AAVE/USDT:USDT,297.14,3.6,297.13,3.9,297.15,17.6,297.16,7.4
1753503839813,04:23:59.813,AAVE/USDT:USDT,297.14,3.6,297.13,3.9,297.15,17.6,297.16,7.4
1753503839914,04:23:59.914,AAVE/USDT:USDT,297.14,3.6,297.13,3.9,297.15,17.6,297.16,7.4
1753503840016,04:24:00.016,AAVE/USDT:USDT,297.14,3.6,297.13,3.9,297.15,17.4,297.16,7.4
1753503840119,04:24:00.119,AAVE/USDT:USDT,297.14,4.2,297.13,3.9,297.15,17.4,297.16,7.4
1753503840221,04:24:00.221,AAVE/USDT:USDT,297.14,4.2,297.13,3.9,297.15,17.4,297.16,7.4
1753503840339,04:24:00.339,AAVE/USDT:USDT,297.14,4.2,297.13,4.0,297.15,17.1,297.16,7.4
1753503840441,04:24:00.441,AAVE/USDT:USDT,297.14,4.2,297.13,4.0,297.15,17.1,297.16,7.4
1753503840580,04:24:00.580,AAVE/USDT:USDT,297.14,4.2,297.13,4.0,297.15,17.1,297.16,7.4
1753503840683,04:24:00.683,AAVE/USDT:USDT,297.14,4.2,297.13,4.0,297.15,15.3,297.16,7.4
1753503840786,04:24:00.786,AAVE/USDT:USDT,297.14,10.8,297.13,4.5,297.15,0.1,297.16,3.8
1753503840890,04:24:00.890,AAVE/USDT:USDT,297.14,10.8,297.13,6.6,297.15,0.1,297.16,3.8
1753503840993,04:24:00.993,AAVE/USDT:USDT,297.14,9.8,297.13,6.6,297.15,0.1,297.16,3.8
1753503841102,04:24:01.102,AAVE/USDT:USDT,297.14,9.8,297.13,4.0,297.15,0.1,297.16,3.8
1753503841203,04:24:01.203,AAVE/USDT:USDT,297.14,9.7,297.13,4.0,297.15,0.1,297.16,3.8
1753503841306,04:24:01.306,AAVE/USDT:USDT,297.14,9.7,297.13,4.0,297.15,0.1,297.16,3.8
1753503841425,04:24:01.425,AAVE/USDT:USDT,297.15,18.3,297.14,11.6,297.16,4.0,297.17,0.8
1753503841528,04:24:01.528,AAVE/USDT:USDT,297.15,18.4,297.14,7.8,297.16,4.0,297.17,0.8
1753503841636,04:24:01.636,AAVE/USDT:USDT,297.15,18.4,297.14,7.8,297.16,4.0,297.17,0.8
1753503841739,04:24:01.739,AAVE/USDT:USDT,297.15,18.4,297.14,7.8,297.16,4.0,297.17,5.8
1753503841841,04:24:01.841,AAVE/USDT:USDT,297.15,17.6,297.14,7.8,297.16,4.0,297.17,5.8
1753503841944,04:24:01.944,AAVE/USDT:USDT,297.15,6.7,297.14,7.8,297.16,8.8,297.17,8.3
1753503842045,04:24:02.045,AAVE/USDT:USDT,297.15,4.2,297.14,5.9,297.16,11.7,297.17,8.3
1753503842189,04:24:02.189,AAVE/USDT:USDT,297.15,4.2,297.14,5.9,297.16,7.8,297.17,8.3
1753503842290,04:24:02.290,AAVE/USDT:USDT,297.15,4.2,297.14,5.9,297.16,8.8,297.17,5.8
1753503842431,04:24:02.431,AAVE/USDT:USDT,297.14,4.2,297.13,4.0,297.15,12.4,297.16,11.5
1753503842533,04:24:02.533,AAVE/USDT:USDT,297.14,4.3,297.13,4.0,297.15,12.5,297.16,12.8
1753503842643,04:24:02.643,AAVE/USDT:USDT,297.14,4.3,297.13,4.0,297.15,12.5,297.16,12.8
1753503842745,04:24:02.745,AAVE/USDT:USDT,297.14,4.3,297.13,4.0,297.15,12.5,297.16,12.8
1753503842854,04:24:02.854,AAVE/USDT:USDT,297.14,4.3,297.13,4.0,297.15,12.5,297.16,12.8
1753503842964,04:24:02.964,AAVE/USDT:USDT,297.14,4.3,297.13,4.0,297.15,12.5,297.16,12.8
1753503843067,04:24:03.067,AAVE/USDT:USDT,297.14,0.9,297.13,4.0,297.15,12.5,297.16,12.8
1753503843177,04:24:03.177,AAVE/USDT:USDT,297.14,0.9,297.13,4.0,297.15,12.5,297.16,12.8
1753503843279,04:24:03.279,AAVE/USDT:USDT,297.14,0.9,297.13,4.0,297.15,12.5,297.16,12.8
1753503843418,04:24:03.418,AAVE/USDT:USDT,297.14,0.9,297.13,4.0,297.15,12.5,297.16,12.8
1753503843541,04:24:03.541,AAVE/USDT:USDT,297.14,4.5,297.13,4.0,297.15,12.5,297.16,12.8
1753503843644,04:24:03.644,AAVE/USDT:USDT,297.14,4.5,297.13,4.0,297.15,12.5,297.16,10.5
1753503843767,04:24:03.767,AAVE/USDT:USDT,297.14,4.5,297.13,4.0,297.15,12.5,297.16,10.5
1753503843913,04:24:03.913,AAVE/USDT:USDT,297.14,4.5,297.13,4.0,297.15,12.5,297.16,10.5
1753503844021,04:24:04.021,AAVE/USDT:USDT,297.14,0.9,297.13,4.0,297.15,12.5,297.16,10.5
1753503844123,04:24:04.123,AAVE/USDT:USDT,297.14,0.9,297.13,4.0,297.15,12.9,297.16,10.1
1753503844226,04:24:04.226,AAVE/USDT:USDT,297.14,0.9,297.13,4.0,297.15,12.9,297.16,10.1
1753503844330,04:24:04.330,AAVE/USDT:USDT,297.14,0.9,297.13,4.0,297.15,12.9,297.16,10.1
1753503844435,04:24:04.435,AAVE/USDT:USDT,297.14,0.9,297.13,4.0,297.15,12.9,297.16,10.1
1753503844538,04:24:04.538,AAVE/USDT:USDT,297.14,0.9,297.13,4.0,297.15,13.0,297.16,10.1
1753503844640,04:24:04.640,AAVE/USDT:USDT,297.14,6.3,297.13,4.0,297.15,5.9,297.16,7.2
1753503844759,04:24:04.759,AAVE/USDT:USDT,297.14,9.8,297.13,4.5,297.15,0.6,297.16,3.4
1753503844862,04:24:04.862,AAVE/USDT:USDT,297.14,9.8,297.13,6.1,297.15,0.6,297.16,3.4
1753503844981,04:24:04.981,AAVE/USDT:USDT,297.14,9.8,297.13,6.1,297.15,0.6,297.16,3.4
1753503845093,04:24:05.093,AAVE/USDT:USDT,297.14,8.1,297.13,4.0,297.15,0.7,297.16,3.9
1753503845196,04:24:05.196,AAVE/USDT:USDT,297.14,4.5,297.13,4.0,297.15,5.2,297.16,3.9
1753503845299,04:24:05.299,AAVE/USDT:USDT,297.14,4.5,297.13,4.0,297.15,1.6,297.16,6.3
1753503845402,04:24:05.402,AAVE/USDT:USDT,297.14,9.7,297.13,6.6,297.15,0.7,297.16,3.4
1753503845508,04:24:05.508,AAVE/USDT:USDT,297.14,9.7,297.13,6.1,297.15,0.7,297.16,3.4
1753503845611,04:24:05.611,AAVE/USDT:USDT,297.14,11.5,297.13,6.7,297.15,0.7,297.16,3.4
1753503845713,04:24:05.713,AAVE/USDT:USDT,297.14,11.5,297.13,6.2,297.15,0.6,297.16,3.4
1753503845814,04:24:05.814,AAVE/USDT:USDT,297.14,11.5,297.13,6.2,297.15,0.6,297.16,3.4
1753503845917,04:24:05.917,AAVE/USDT:USDT,297.14,11.5,297.13,6.2,297.15,0.9,297.16,3.4
1753503846020,04:24:06.020,AAVE/USDT:USDT,297.14,11.5,297.13,6.2,297.15,0.9,297.16,3.4
1753503846123,04:24:06.123,AAVE/USDT:USDT,297.14,11.5,297.13,6.2,297.15,0.8,297.16,3.4
1753503846238,04:24:06.238,AAVE/USDT:USDT,297.14,16.4,297.13,6.2,297.15,0.9,297.16,3.4
1753503846341,04:24:06.341,AAVE/USDT:USDT,297.14,16.4,297.13,6.2,297.15,1.0,297.16,3.4
1753503846444,04:24:06.444,AAVE/USDT:USDT,297.14,16.4,297.13,6.2,297.15,1.0,297.16,3.4
1753503846552,04:24:06.552,AAVE/USDT:USDT,297.14,16.4,297.13,6.2,297.15,0.8,297.16,3.4
1753503846658,04:24:06.658,AAVE/USDT:USDT,297.14,16.4,297.13,6.2,297.15,0.8,297.16,3.4
1753503846761,04:24:06.761,AAVE/USDT:USDT,297.14,16.4,297.13,6.2,297.15,0.8,297.16,3.4
1753503846864,04:24:06.864,AAVE/USDT:USDT,297.14,16.4,297.13,6.2,297.15,0.8,297.16,3.4
1753503846967,04:24:06.967,AAVE/USDT:USDT,297.14,16.4,297.13,6.2,297.15,0.8,297.16,3.4
1753503847077,04:24:07.077,AAVE/USDT:USDT,297.14,16.4,297.13,6.2,297.15,0.7,297.16,3.4
1753503847188,04:24:07.188,AAVE/USDT:USDT,297.14,17.4,297.13,6.2,297.15,0.7,297.16,3.4
1753503847291,04:24:07.291,AAVE/USDT:USDT,297.14,17.4,297.13,6.2,297.15,0.7,297.16,3.4
1753503847393,04:24:07.393,AAVE/USDT:USDT,297.14,17.4,297.13,4.1,297.15,4.7,297.16,0.6
1753503847496,04:24:07.496,AAVE/USDT:USDT,297.14,17.4,297.13,4.0,297.15,4.7,297.16,0.1
1753503847599,04:24:07.599,AAVE/USDT:USDT,297.14,17.4,297.13,4.0,297.15,4.9,297.16,0.6
1753503847719,04:24:07.719,AAVE/USDT:USDT,297.14,17.4,297.13,4.0,297.15,4.9,297.16,0.6
1753503847842,04:24:07.842,AAVE/USDT:USDT,297.14,15.7,297.13,4.0,297.15,4.9,297.16,0.6
1753503847946,04:24:07.946,AAVE/USDT:USDT,297.14,15.7,297.13,4.0,297.15,4.9,297.16,0.6
1753503848072,04:24:08.072,AAVE/USDT:USDT,297.14,15.7,297.13,4.0,297.15,7.5,297.16,0.6
1753503848241,04:24:08.241,AAVE/USDT:USDT,297.14,15.7,297.13,4.0,297.15,7.5,297.16,0.1
1753503848344,04:24:08.344,AAVE/USDT:USDT,297.14,15.7,297.13,4.0,297.15,7.5,297.16,0.1
1753503848562,04:24:08.562,AAVE/USDT:USDT,297.14,15.7,297.13,4.0,297.15,7.5,297.16,0.1
1753503848665,04:24:08.665,AAVE/USDT:USDT,297.14,15.7,297.13,4.0,297.15,7.5,297.16,0.1
1753503848802,04:24:08.802,AAVE/USDT:USDT,297.16,5.1,297.15,21.6,297.17,0.8,297.18,2.9
1753503848903,04:24:08.903,AAVE/USDT:USDT,297.16,13.2,297.15,15.5,297.17,0.3,297.18,0.3
1753503849008,04:24:09.008,AAVE/USDT:USDT,297.16,13.3,297.15,15.5,297.17,0.3,297.18,0.3
1753503849111,04:24:09.111,AAVE/USDT:USDT,297.16,13.3,297.15,13.3,297.17,0.3,297.18,0.3
1753503849214,04:24:09.214,AAVE/USDT:USDT,297.16,15.1,297.15,13.3,297.17,0.3,297.18,0.3
1753503849315,04:24:09.315,AAVE/USDT:USDT,297.16,15.1,297.15,13.3,297.17,0.3,297.18,0.3
1753503849430,04:24:09.430,AAVE/USDT:USDT,297.16,15.1,297.15,15.7,297.17,0.3,297.18,0.3
1753503849547,04:24:09.547,AAVE/USDT:USDT,297.16,11.9,297.15,13.3,297.17,1.7,297.18,0.8
1753503849648,04:24:09.648,AAVE/USDT:USDT,297.16,8.4,297.15,13.3,297.17,1.7,297.18,0.8
1753503849749,04:24:09.749,AAVE/USDT:USDT,297.16,12.9,297.15,13.3,297.17,1.8,297.18,0.3
1753503849851,04:24:09.851,AAVE/USDT:USDT,297.16,12.9,297.15,15.5,297.17,1.6,297.18,0.3
1753503850004,04:24:10.004,AAVE/USDT:USDT,297.16,12.9,297.15,15.5,297.17,1.6,297.18,0.3
1753503850107,04:24:10.107,AAVE/USDT:USDT,297.16,12.9,297.15,15.5,297.17,1.6,297.18,0.3
1753503850213,04:24:10.213,AAVE/USDT:USDT,297.16,12.9,297.15,13.3,297.17,1.6,297.18,0.3
1753503850316,04:24:10.316,AAVE/USDT:USDT,297.16,11.9,297.15,13.3,297.17,1.6,297.18,1.0
1753503850419,04:24:10.419,AAVE/USDT:USDT,297.16,11.9,297.15,13.3,297.17,1.6,297.18,1.0
1753503850560,04:24:10.560,AAVE/USDT:USDT,297.16,11.9,297.15,13.3,297.17,1.6,297.18,0.5
1753503850662,04:24:10.662,AAVE/USDT:USDT,297.16,11.9,297.15,13.3,297.17,1.6,297.18,0.5
1753503850766,04:24:10.766,AAVE/USDT:USDT,297.16,6.6,297.15,3.6,297.17,6.2,297.18,1.0
1753503850868,04:24:10.868,AAVE/USDT:USDT,297.16,6.6,297.15,3.6,297.17,7.0,297.18,4.4
1753503851059,04:24:11.059,AAVE/USDT:USDT,297.16,6.6,297.15,3.6,297.17,7.0,297.18,1.0
1753503851198,04:24:11.198,AAVE/USDT:USDT,297.16,6.6,297.15,3.6,297.17,8.4,297.18,4.8
1753503851301,04:24:11.301,AAVE/USDT:USDT,297.16,6.6,297.15,3.6,297.17,8.4,297.18,4.8
1753503851417,04:24:11.417,AAVE/USDT:USDT,297.16,6.6,297.15,3.6,297.17,8.6,297.18,4.8
1753503851552,04:24:11.552,AAVE/USDT:USDT,297.16,4.8,297.15,3.6,297.17,8.7,297.18,4.8
1753503851656,04:24:11.656,AAVE/USDT:USDT,297.16,4.8,297.15,3.6,297.17,8.7,297.18,4.8
1753503851759,04:24:11.759,AAVE/USDT:USDT,297.16,4.8,297.15,3.6,297.17,8.8,297.18,4.8
1753503851862,04:24:11.862,AAVE/USDT:USDT,297.16,4.8,297.15,3.6,297.17,8.8,297.18,4.8
1753503852032,04:24:12.032,AAVE/USDT:USDT,297.16,4.8,297.15,3.6,297.17,8.7,297.18,4.8
1753503852135,04:24:12.135,AAVE/USDT:USDT,297.16,4.8,297.15,3.6,297.17,8.7,297.18,4.8
1753503852238,04:24:12.238,AAVE/USDT:USDT,297.16,4.8,297.15,3.6,297.17,8.7,297.18,8.3
1753503852341,04:24:12.341,AAVE/USDT:USDT,297.16,4.8,297.15,3.6,297.17,8.7,297.18,8.3
1753503852444,04:24:12.444,AAVE/USDT:USDT,297.16,4.8,297.15,3.6,297.17,8.7,297.18,8.3
1753503852548,04:24:12.548,AAVE/USDT:USDT,297.16,4.8,297.15,3.6,297.17,8.7,297.18,8.3
1753503852713,04:24:12.713,AAVE/USDT:USDT,297.16,4.4,297.15,3.6,297.17,8.7,297.18,8.3
1753503852820,04:24:12.820,AAVE/USDT:USDT,297.16,7.5,297.15,3.6,297.17,8.7,297.18,8.3
1753503852923,04:24:12.923,AAVE/USDT:USDT,297.16,3.9,297.15,4.0,297.17,8.7,297.18,8.3
1753503853030,04:24:13.030,AAVE/USDT:USDT,297.16,4.0,297.15,4.0,297.17,8.7,297.18,8.3
1753503853165,04:24:13.165,AAVE/USDT:USDT,297.16,4.0,297.15,4.0,297.17,8.7,297.18,8.3
1753503853271,04:24:13.271,AAVE/USDT:USDT,297.16,7.5,297.15,4.0,297.17,4.1,297.18,8.3
1753503853372,04:24:13.372,AAVE/USDT:USDT,297.16,9.3,297.15,4.5,297.17,2.7,297.18,2.7
1753503853473,04:24:13.473,AAVE/USDT:USDT,297.16,5.8,297.15,4.0,297.17,8.3,297.18,2.6
1753503853576,04:24:13.576,AAVE/USDT:USDT,297.16,7.6,297.15,4.0,297.17,8.3,297.18,3.2
1753503853677,04:24:13.677,AAVE/USDT:USDT,297.16,9.3,297.15,4.0,297.17,2.8,297.18,3.2
1753503853779,04:24:13.779,AAVE/USDT:USDT,297.16,5.8,297.15,4.0,297.17,7.4,297.18,3.2
1753503853893,04:24:13.893,AAVE/USDT:USDT,297.16,5.8,297.15,4.0,297.17,7.5,297.18,3.2
1753503854027,04:24:14.027,AAVE/USDT:USDT,297.16,5.8,297.15,4.0,297.17,7.5,297.18,3.2
1753503854134,04:24:14.134,AAVE/USDT:USDT,297.16,8.3,297.15,4.0,297.17,7.5,297.18,3.2
1753503854325,04:24:14.325,AAVE/USDT:USDT,297.16,8.3,297.15,4.0,297.17,8.9,297.18,3.2
1753503854428,04:24:14.428,AAVE/USDT:USDT,297.16,8.3,297.15,4.0,297.17,8.9,297.18,3.2
1753503854556,04:24:14.556,AAVE/USDT:USDT,297.16,10.0,297.15,4.0,297.17,2.9,297.18,2.7
1753503854659,04:24:14.659,AAVE/USDT:USDT,297.16,10.0,297.15,4.0,297.17,2.9,297.18,2.7
1753503854931,04:24:14.931,AAVE/USDT:USDT,297.16,10.0,297.15,4.0,297.17,2.9,297.18,2.7
1753503855036,04:24:15.036,AAVE/USDT:USDT,297.16,10.0,297.15,4.0,297.17,2.9,297.18,2.7
1753503855311,04:24:15.311,AAVE/USDT:USDT,297.16,10.1,297.15,4.5,297.17,1.1,297.18,2.7
1753503855415,04:24:15.415,AAVE/USDT:USDT,297.16,10.1,297.15,4.0,297.17,2.7,297.18,3.0
1753503855521,04:24:15.521,AAVE/USDT:USDT,297.16,10.1,297.15,4.0,297.17,2.7,297.18,3.0
1753503855638,04:24:15.638,AAVE/USDT:USDT,297.16,10.1,297.15,4.0,297.17,2.7,297.18,3.0
1753503855840,04:24:15.840,AAVE/USDT:USDT,297.16,10.1,297.15,4.0,297.17,1.9,297.18,3.0
1753503855943,04:24:15.943,AAVE/USDT:USDT,297.16,10.1,297.15,4.0,297.17,2.7,297.18,3.2
1753503856046,04:24:16.046,AAVE/USDT:USDT,297.16,10.1,297.15,4.0,297.17,2.7,297.18,3.2
1753503856215,04:24:16.215,AAVE/USDT:USDT,297.16,10.1,297.15,4.0,297.17,2.7,297.18,3.2
1753503856317,04:24:16.317,AAVE/USDT:USDT,297.16,10.1,297.15,4.0,297.17,3.7,297.18,3.2
1753503856424,04:24:16.424,AAVE/USDT:USDT,297.16,10.1,297.15,4.0,297.17,3.7,297.18,3.2
1753503856556,04:24:16.556,AAVE/USDT:USDT,297.16,10.1,297.15,4.0,297.17,3.7,297.18,3.2
1753503856726,04:24:16.726,AAVE/USDT:USDT,297.16,10.1,297.15,4.0,297.17,3.7,297.18,3.2
1753503856849,04:24:16.849,AAVE/USDT:USDT,297.16,8.4,297.15,4.0,297.17,3.7,297.18,3.2
1753503856973,04:24:16.973,AAVE/USDT:USDT,297.16,8.4,297.15,4.0,297.17,3.7,297.18,3.2
1753503857078,04:24:17.078,AAVE/USDT:USDT,297.16,6.6,297.15,4.0,297.17,3.7,297.18,3.2
1753503857182,04:24:17.182,AAVE/USDT:USDT,297.16,10.1,297.15,4.0,297.17,2.7,297.18,3.2
1753503857285,04:24:17.285,AAVE/USDT:USDT,297.16,10.1,297.15,4.0,297.17,2.7,297.18,1.1
1753503857388,04:24:17.388,AAVE/USDT:USDT,297.16,8.3,297.15,4.0,297.17,5.6,297.18,1.6
1753503857491,04:24:17.491,AAVE/USDT:USDT,297.16,8.3,297.15,4.0,297.17,5.6,297.18,1.6
1753503857636,04:24:17.636,AAVE/USDT:USDT,297.16,8.3,297.15,4.0,297.17,5.6,297.18,1.0
1753503857769,04:24:17.769,AAVE/USDT:USDT,297.16,8.3,297.15,4.0,297.17,5.6,297.18,1.0
1753503857874,04:24:17.874,AAVE/USDT:USDT,297.16,6.5,297.15,4.0,297.17,9.4,297.18,1.0
1753503857977,04:24:17.977,AAVE/USDT:USDT,297.16,6.5,297.15,4.0,297.17,9.4,297.18,1.0
1753503858079,04:24:18.079,AAVE/USDT:USDT,297.16,6.5,297.15,4.0,297.17,9.4,297.18,1.0
1753503858192,04:24:18.192,AAVE/USDT:USDT,297.16,6.5,297.15,4.0,297.17,9.4,297.18,0.5
1753503858295,04:24:18.295,AAVE/USDT:USDT,297.16,6.5,297.15,4.0,297.17,9.4,297.18,0.5
1753503858402,04:24:18.402,AAVE/USDT:USDT,297.16,8.1,297.15,4.0,297.17,9.0,297.18,0.5
1753503858504,04:24:18.504,AAVE/USDT:USDT,297.16,8.1,297.15,4.0,297.17,9.0,297.18,0.5
1753503858611,04:24:18.611,AAVE/USDT:USDT,297.16,9.8,297.15,4.0,297.17,9.0,297.18,0.5
1753503858834,04:24:18.834,AAVE/USDT:USDT,297.16,9.8,297.15,4.0,297.17,9.0,297.18,0.5
1753503858960,04:24:18.960,AAVE/USDT:USDT,297.16,9.8,297.15,4.0,297.17,9.0,297.18,0.5
1753503859063,04:24:19.063,AAVE/USDT:USDT,297.16,10.0,297.15,4.0,297.17,9.0,297.18,0.5
1753503859167,04:24:19.167,AAVE/USDT:USDT,297.16,8.3,297.15,4.0,297.17,9.0,297.18,0.3
1753503859269,04:24:19.269,AAVE/USDT:USDT,297.16,8.3,297.15,4.0,297.17,9.0,297.18,0.8
1753503859375,04:24:19.375,AAVE/USDT:USDT,297.16,8.3,297.15,4.0,297.17,9.0,297.18,0.8
1753503859479,04:24:19.479,AAVE/USDT:USDT,297.16,8.3,297.15,4.0,297.17,9.0,297.18,0.3
1753503859586,04:24:19.586,AAVE/USDT:USDT,297.16,8.3,297.15,4.0,297.17,9.0,297.18,0.3
1753503859690,04:24:19.690,AAVE/USDT:USDT,297.16,8.3,297.15,4.0,297.17,9.2,297.18,0.8
1753503859891,04:24:19.891,AAVE/USDT:USDT,297.16,8.3,297.15,4.0,297.17,9.2,297.18,0.8
1753503860007,04:24:20.007,AAVE/USDT:USDT,297.16,6.3,297.15,4.0,297.17,9.2,297.18,0.8
1753503860210,04:24:20.210,AAVE/USDT:USDT,297.16,6.1,297.15,4.0,297.17,11.6,297.18,7.0
1753503860311,04:24:20.311,AAVE/USDT:USDT,297.16,6.1,297.15,4.0,297.17,9.2,297.18,7.0
1753503860420,04:24:20.420,AAVE/USDT:USDT,297.23,11.2,297.22,9.8,297.24,0.3,297.25,0.1
1753503860522,04:24:20.522,AAVE/USDT:USDT,297.24,16.7,297.23,4.5,297.25,1.4,297.26,0.9
1753503860624,04:24:20.624,AAVE/USDT:USDT,297.24,13.6,297.23,4.4,297.25,1.5,297.26,1.4
1753503860726,04:24:20.726,AAVE/USDT:USDT,297.24,5.5,297.23,4.4,297.25,7.4,297.26,1.4
1753503860829,04:24:20.829,AAVE/USDT:USDT,297.24,5.5,297.23,4.4,297.25,7.4,297.26,0.9
1753503860932,04:24:20.932,AAVE/USDT:USDT,297.24,5.5,297.23,4.9,297.25,7.4,297.26,0.9
1753503861035,04:24:21.035,AAVE/USDT:USDT,297.24,5.5,297.23,4.9,297.25,7.4,297.26,0.9
1753503861137,04:24:21.137,AAVE/USDT:USDT,297.24,6.2,297.23,4.4,297.25,7.5,297.26,1.4
1753503861240,04:24:21.240,AAVE/USDT:USDT,297.24,6.2,297.23,4.4,297.25,7.5,297.26,1.4
1753503861343,04:24:21.343,AAVE/USDT:USDT,297.24,6.2,297.23,4.4,297.25,7.5,297.26,1.4
1753503861448,04:24:21.448,AAVE/USDT:USDT,297.24,10.7,297.23,4.9,297.25,1.3,297.26,0.9
1753503861554,04:24:21.554,AAVE/USDT:USDT,297.24,10.7,297.23,4.4,297.25,1.3,297.26,0.9
1753503861657,04:24:21.657,AAVE/USDT:USDT,297.24,10.7,297.23,4.4,297.25,1.3,297.26,0.9
1753503861767,04:24:21.767,AAVE/USDT:USDT,297.24,10.7,297.23,4.4,297.25,1.3,297.26,0.9
1753503861872,04:24:21.872,AAVE/USDT:USDT,297.24,9.0,297.23,4.4,297.25,1.3,297.26,0.9
1753503861974,04:24:21.974,AAVE/USDT:USDT,297.24,9.0,297.23,4.9,297.25,1.3,297.26,0.9
1753503862089,04:24:22.089,AAVE/USDT:USDT,297.24,12.5,297.23,4.4,297.25,1.3,297.26,0.9
1753503862199,04:24:22.199,AAVE/USDT:USDT,297.24,12.5,297.23,4.4,297.25,1.3,297.26,0.9
1753503862303,04:24:22.303,AAVE/USDT:USDT,297.24,9.0,297.23,4.4,297.25,1.3,297.26,0.9
1753503862406,04:24:22.406,AAVE/USDT:USDT,297.24,9.0,297.23,4.9,297.25,1.3,297.26,0.9
1753503862509,04:24:22.509,AAVE/USDT:USDT,297.24,8.0,297.23,4.4,297.25,10.7,297.26,0.9
1753503862612,04:24:22.612,AAVE/USDT:USDT,297.24,8.0,297.23,4.4,297.25,10.8,297.26,0.9
1753503862714,04:24:22.714,AAVE/USDT:USDT,297.24,8.0,297.23,4.4,297.25,10.7,297.26,0.9
1753503862858,04:24:22.858,AAVE/USDT:USDT,297.24,8.0,297.23,4.4,297.25,10.7,297.26,0.9
1753503862961,04:24:22.961,AAVE/USDT:USDT,297.24,8.0,297.23,4.4,297.25,10.7,297.26,0.9
1753503863073,04:24:23.073,AAVE/USDT:USDT,297.24,8.0,297.23,4.4,297.25,10.7,297.26,0.9
1753503863188,04:24:23.188,AAVE/USDT:USDT,297.24,8.0,297.23,4.4,297.25,10.7,297.26,0.9
1753503863289,04:24:23.289,AAVE/USDT:USDT,297.24,8.0,297.23,4.4,297.25,10.7,297.26,0.9
1753503863392,04:24:23.392,AAVE/USDT:USDT,297.24,8.0,297.23,4.4,297.25,10.7,297.26,0.9
1753503863532,04:24:23.532,AAVE/USDT:USDT,297.24,6.4,297.23,4.2,297.25,4.7,297.26,0.9
1753503863633,04:24:23.633,AAVE/USDT:USDT,297.24,6.4,297.23,3.7,297.25,4.7,297.26,1.4
1753503863736,04:24:23.736,AAVE/USDT:USDT,297.24,6.4,297.23,4.2,297.25,4.7,297.26,0.9
1753503863838,04:24:23.838,AAVE/USDT:USDT,297.24,6.4,297.23,4.2,297.25,4.8,297.26,0.9
1753503863941,04:24:23.941,AAVE/USDT:USDT,297.24,6.4,297.23,3.7,297.25,4.8,297.26,1.4
1753503864043,04:24:24.043,AAVE/USDT:USDT,297.24,6.4,297.23,3.7,297.25,6.1,297.26,1.4
1753503864144,04:24:24.144,AAVE/USDT:USDT,297.23,0.4,297.22,5.4,297.24,29.8,297.25,13.5
1753503864247,04:24:24.247,AAVE/USDT:USDT,297.23,0.3,297.22,5.4,297.24,30.1,297.25,15.8
1753503864350,04:24:24.350,AAVE/USDT:USDT,297.23,0.3,297.22,5.4,297.24,30.1,297.25,15.8
1753503864453,04:24:24.453,AAVE/USDT:USDT,297.23,4.0,297.22,5.4,297.24,30.1,297.25,13.6
1753503864577,04:24:24.577,AAVE/USDT:USDT,297.23,4.0,297.22,5.4,297.24,30.1,297.25,10.6
1753503864679,04:24:24.679,AAVE/USDT:USDT,297.23,0.4,297.22,1.8,297.24,29.7,297.25,10.6
1753503864888,04:24:24.888,AAVE/USDT:USDT,297.23,0.4,297.22,1.8,297.24,29.7,297.25,10.6
1753503864990,04:24:24.990,AAVE/USDT:USDT,297.23,0.4,297.22,1.8,297.24,29.7,297.25,10.6
1753503865093,04:24:25.093,AAVE/USDT:USDT,297.23,0.4,297.22,1.8,297.24,29.7,297.25,10.6
1753503865195,04:24:25.195,AAVE/USDT:USDT,297.21,4.0,297.2,5.7,297.22,8.9,297.23,26.1
1753503865298,04:24:25.298,AAVE/USDT:USDT,297.21,5.0,297.2,6.2,297.22,9.1,297.23,26.1
1753503865411,04:24:25.411,AAVE/USDT:USDT,297.21,5.0,297.2,6.2,297.22,9.1,297.23,26.1
1753503865513,04:24:25.513,AAVE/USDT:USDT,297.21,5.4,297.2,6.2,297.22,9.1,297.23,26.1
