timestamp,time,symbol,bid1_price,bid1_volume,bid2_price,bid2_volume,ask1_price,ask1_volume,ask2_price,ask2_volume
1753503307094,04:15:07.094,AAVE/USDT:USDT,297.42,5.9,297.41,0.3,297.43,14.7,297.44,21.0
1753503307195,04:15:07.195,AAVE/USDT:USDT,297.42,5.9,297.41,0.3,297.43,14.7,297.44,21.0
1753503307297,04:15:07.297,AAVE/USDT:USDT,297.42,5.9,297.41,0.3,297.43,14.7,297.44,21.0
1753503307511,04:15:07.511,AAVE/USDT:USDT,297.42,5.9,297.41,0.3,297.43,18.6,297.44,21.0
1753503307654,04:15:07.654,AAVE/USDT:USDT,297.42,5.9,297.41,0.3,297.43,18.6,297.44,21.0
1753503307757,04:15:07.757,AAVE/USDT:USDT,297.4,0.2,297.39,3.5,297.41,21.0,297.42,30.4
1753503307859,04:15:07.859,AAVE/USDT:USDT,297.4,0.2,297.39,0.3,297.41,23.2,297.42,28.4
1753503307968,04:15:07.968,AAVE/USDT:USDT,297.4,0.2,297.39,0.3,297.41,23.2,297.42,28.4
1753503308071,04:15:08.071,AAVE/USDT:USDT,297.4,0.2,297.39,0.3,297.41,23.2,297.42,28.4
1753503308287,04:15:08.287,AAVE/USDT:USDT,297.38,9.8,297.37,4.0,297.39,14.5,297.4,30.7
1753503308394,04:15:08.394,AAVE/USDT:USDT,297.38,9.0,297.37,4.0,297.39,14.5,297.4,30.7
1753503308497,04:15:08.497,AAVE/USDT:USDT,297.38,9.0,297.37,4.0,297.39,14.5,297.4,29.4
1753503308608,04:15:08.608,AAVE/USDT:USDT,297.38,9.0,297.37,4.0,297.39,14.5,297.4,29.4
1753503308794,04:15:08.794,AAVE/USDT:USDT,297.38,9.0,297.37,4.2,297.39,14.5,297.4,29.4
1753503308898,04:15:08.898,AAVE/USDT:USDT,297.38,9.3,297.37,4.2,297.39,14.5,297.4,29.4
1753503308999,04:15:08.999,AAVE/USDT:USDT,297.38,9.3,297.37,4.2,297.39,14.5,297.4,29.4
1753503309111,04:15:09.111,AAVE/USDT:USDT,297.38,9.3,297.37,4.2,297.39,14.5,297.4,29.4
1753503309212,04:15:09.212,AAVE/USDT:USDT,297.38,9.3,297.37,3.8,297.39,14.5,297.4,29.4
1753503309319,04:15:09.319,AAVE/USDT:USDT,297.38,9.3,297.37,3.8,297.39,14.5,297.4,29.4
1753503309422,04:15:09.422,AAVE/USDT:USDT,297.38,9.3,297.37,3.8,297.39,14.5,297.4,29.4
1753503309527,04:15:09.527,AAVE/USDT:USDT,297.38,9.3,297.37,3.8,297.39,14.5,297.4,29.4
1753503309671,04:15:09.671,AAVE/USDT:USDT,297.38,9.3,297.37,3.8,297.39,14.5,297.4,29.4
1753503309797,04:15:09.797,AAVE/USDT:USDT,297.38,5.3,297.37,0.6,297.39,14.5,297.4,29.4
1753503309900,04:15:09.900,AAVE/USDT:USDT,297.38,5.3,297.37,2.8,297.39,14.7,297.4,29.4
1753503310086,04:15:10.086,AAVE/USDT:USDT,297.38,5.3,297.37,6.1,297.39,14.7,297.4,29.4
1753503310193,04:15:10.193,AAVE/USDT:USDT,297.38,5.3,297.37,6.1,297.39,14.7,297.4,26.4
1753503310314,04:15:10.314,AAVE/USDT:USDT,297.38,5.3,297.37,6.1,297.39,14.7,297.4,26.4
1753503310467,04:15:10.467,AAVE/USDT:USDT,297.38,11.9,297.37,6.1,297.39,14.7,297.4,17.7
1753503310577,04:15:10.577,AAVE/USDT:USDT,297.38,11.9,297.37,6.1,297.39,14.7,297.4,17.7
1753503310680,04:15:10.680,AAVE/USDT:USDT,297.38,11.9,297.37,6.1,297.39,14.7,297.4,17.7
1753503310799,04:15:10.799,AAVE/USDT:USDT,297.38,11.9,297.37,6.1,297.39,15.3,297.4,17.7
1753503310902,04:15:10.902,AAVE/USDT:USDT,297.38,11.9,297.37,6.1,297.39,15.3,297.4,17.7
1753503311090,04:15:11.090,AAVE/USDT:USDT,297.38,11.9,297.37,6.1,297.39,15.3,297.4,17.7
1753503311192,04:15:11.192,AAVE/USDT:USDT,297.38,11.9,297.37,6.1,297.39,15.3,297.4,17.7
1753503311295,04:15:11.295,AAVE/USDT:USDT,297.38,11.9,297.37,6.1,297.39,15.3,297.4,17.7
1753503311489,04:15:11.489,AAVE/USDT:USDT,297.38,11.9,297.37,6.1,297.39,15.3,297.4,17.7
1753503311608,04:15:11.608,AAVE/USDT:USDT,297.38,11.9,297.37,6.1,297.39,15.3,297.4,17.7
1753503311772,04:15:11.772,AAVE/USDT:USDT,297.38,14.5,297.37,10.1,297.39,13.7,297.4,17.7
1753503311875,04:15:11.875,AAVE/USDT:USDT,297.38,13.8,297.37,9.7,297.39,13.7,297.4,17.7
1753503312002,04:15:12.002,AAVE/USDT:USDT,297.38,13.8,297.37,9.7,297.39,13.7,297.4,17.7
1753503312114,04:15:12.114,AAVE/USDT:USDT,297.38,13.8,297.37,9.7,297.39,13.7,297.4,17.7
1753503312354,04:15:12.354,AAVE/USDT:USDT,297.38,10.8,297.37,6.3,297.39,13.7,297.4,17.7
1753503312457,04:15:12.457,AAVE/USDT:USDT,297.38,10.8,297.37,2.8,297.39,13.7,297.4,17.7
1753503312559,04:15:12.559,AAVE/USDT:USDT,297.38,10.8,297.37,2.8,297.39,13.7,297.4,17.7
1753503312662,04:15:12.662,AAVE/USDT:USDT,297.38,12.6,297.37,2.8,297.39,13.7,297.4,17.7
1753503312818,04:15:12.818,AAVE/USDT:USDT,297.38,12.6,297.37,10.1,297.39,12.9,297.4,17.7
1753503312920,04:15:12.920,AAVE/USDT:USDT,297.38,12.6,297.37,10.1,297.39,12.9,297.4,17.7
1753503313065,04:15:13.065,AAVE/USDT:USDT,297.38,13.4,297.37,10.1,297.39,12.9,297.4,17.7
1753503313168,04:15:13.168,AAVE/USDT:USDT,297.38,13.4,297.37,9.7,297.39,12.9,297.4,17.7
1753503313286,04:15:13.286,AAVE/USDT:USDT,297.38,13.4,297.37,9.7,297.39,12.9,297.4,17.7
1753503313416,04:15:13.416,AAVE/USDT:USDT,297.38,13.3,297.37,6.1,297.39,12.9,297.4,17.7
1753503313517,04:15:13.517,AAVE/USDT:USDT,297.38,14.9,297.37,2.8,297.39,13.5,297.4,16.5
1753503313618,04:15:13.618,AAVE/USDT:USDT,297.38,11.4,297.37,2.8,297.39,13.5,297.4,14.3
1753503313730,04:15:13.730,AAVE/USDT:USDT,297.38,17.2,297.37,10.0,297.39,4.6,297.4,7.6
1753503313839,04:15:13.839,AAVE/USDT:USDT,297.38,18.0,297.37,10.0,297.39,4.6,297.4,5.5
1753503313952,04:15:13.952,AAVE/USDT:USDT,297.38,17.9,297.37,10.0,297.39,4.6,297.4,5.5
1753503314071,04:15:14.071,AAVE/USDT:USDT,297.38,17.9,297.37,10.1,297.39,4.6,297.4,5.5
1753503314174,04:15:14.174,AAVE/USDT:USDT,297.38,17.9,297.37,10.1,297.39,4.6,297.4,5.5
1753503314332,04:15:14.332,AAVE/USDT:USDT,297.38,20.5,297.37,10.1,297.39,4.6,297.4,5.5
1753503314436,04:15:14.436,AAVE/USDT:USDT,297.38,20.5,297.37,10.1,297.39,4.6,297.4,5.5
1753503314542,04:15:14.542,AAVE/USDT:USDT,297.38,17.2,297.37,2.8,297.39,4.6,297.4,5.5
1753503314644,04:15:14.644,AAVE/USDT:USDT,297.38,17.6,297.37,3.2,297.39,4.6,297.4,5.5
1753503314783,04:15:14.783,AAVE/USDT:USDT,297.38,20.0,297.37,6.5,297.39,4.6,297.4,5.5
1753503314886,04:15:14.886,AAVE/USDT:USDT,297.38,20.0,297.37,6.5,297.39,4.6,297.4,5.5
1753503314993,04:15:14.993,AAVE/USDT:USDT,297.38,15.5,297.37,2.8,297.39,4.6,297.4,5.5
1753503315097,04:15:15.097,AAVE/USDT:USDT,297.38,15.5,297.37,2.8,297.39,4.6,297.4,5.5
1753503315200,04:15:15.200,AAVE/USDT:USDT,297.38,15.5,297.37,3.2,297.39,4.6,297.4,5.5
1753503315437,04:15:15.437,AAVE/USDT:USDT,297.38,19.7,297.37,6.1,297.39,4.8,297.4,5.5
1753503315540,04:15:15.540,AAVE/USDT:USDT,297.38,18.0,297.37,6.1,297.39,4.8,297.4,5.5
1753503315648,04:15:15.648,AAVE/USDT:USDT,297.38,18.0,297.37,6.1,297.39,4.8,297.4,5.5
1753503315773,04:15:15.773,AAVE/USDT:USDT,297.38,13.8,297.37,2.8,297.39,4.8,297.4,5.5
1753503315875,04:15:15.875,AAVE/USDT:USDT,297.38,13.8,297.37,2.8,297.39,4.8,297.4,5.5
1753503315979,04:15:15.979,AAVE/USDT:USDT,297.38,13.8,297.37,2.8,297.39,4.8,297.4,5.5
1753503316135,04:15:16.135,AAVE/USDT:USDT,297.38,15.6,297.37,2.8,297.39,8.5,297.4,5.5
1753503316237,04:15:16.237,AAVE/USDT:USDT,297.38,15.6,297.37,2.8,297.39,8.5,297.4,5.5
1753503316358,04:15:16.358,AAVE/USDT:USDT,297.38,15.6,297.37,2.8,297.39,8.5,297.4,5.5
1753503316577,04:15:16.577,AAVE/USDT:USDT,297.4,40.7,297.39,43.3,297.41,0.1,297.42,0.2
1753503316679,04:15:16.679,AAVE/USDT:USDT,297.4,41.1,297.39,43.3,297.41,0.1,297.42,0.2
1753503316783,04:15:16.783,AAVE/USDT:USDT,297.4,41.1,297.39,43.3,297.41,0.1,297.42,0.2
1753503316905,04:15:16.905,AAVE/USDT:USDT,297.41,52.4,297.4,41.1,297.43,3.4,297.44,0.2
1753503317006,04:15:17.006,AAVE/USDT:USDT,297.46,1.1,297.45,73.8,297.47,1.6,297.48,2.5
1753503317108,04:15:17.108,AAVE/USDT:USDT,297.46,42.2,297.45,46.8,297.47,0.1,297.48,0.5
1753503317217,04:15:17.217,AAVE/USDT:USDT,297.46,43.0,297.45,46.8,297.47,0.1,297.48,0.5
1753503317319,04:15:17.319,AAVE/USDT:USDT,297.46,40.6,297.45,40.0,297.47,0.5,297.48,0.5
1753503317430,04:15:17.430,AAVE/USDT:USDT,297.46,42.9,297.45,40.0,297.47,0.5,297.48,0.5
1753503317533,04:15:17.533,AAVE/USDT:USDT,297.46,18.0,297.45,37.6,297.47,7.1,297.48,0.4
1753503317637,04:15:17.637,AAVE/USDT:USDT,297.46,11.8,297.45,24.2,297.47,9.6,297.48,0.4
1753503317739,04:15:17.739,AAVE/USDT:USDT,297.46,11.8,297.45,24.2,297.47,9.5,297.48,0.4
1753503317845,04:15:17.845,AAVE/USDT:USDT,297.46,11.8,297.45,24.2,297.47,9.5,297.48,0.4
1753503317959,04:15:17.959,AAVE/USDT:USDT,297.46,13.6,297.45,27.5,297.47,4.0,297.48,0.4
1753503318060,04:15:18.060,AAVE/USDT:USDT,297.46,13.6,297.45,27.5,297.47,4.0,297.48,0.4
1753503318163,04:15:18.163,AAVE/USDT:USDT,297.46,13.6,297.45,27.5,297.47,4.0,297.48,0.4
1753503318266,04:15:18.266,AAVE/USDT:USDT,297.46,14.2,297.45,27.5,297.47,4.0,297.48,0.4
1753503318368,04:15:18.368,AAVE/USDT:USDT,297.46,14.2,297.45,27.5,297.47,4.0,297.48,0.4
1753503318474,04:15:18.474,AAVE/USDT:USDT,297.47,51.6,297.46,10.1,297.48,3.8,297.49,2.6
1753503318579,04:15:18.579,AAVE/USDT:USDT,297.47,51.7,297.46,10.1,297.48,3.9,297.49,0.3
1753503318683,04:15:18.683,AAVE/USDT:USDT,297.47,50.0,297.46,10.1,297.48,3.8,297.49,0.3
1753503318786,04:15:18.786,AAVE/USDT:USDT,297.47,50.0,297.46,10.1,297.48,3.8,297.49,0.3
1753503318888,04:15:18.888,AAVE/USDT:USDT,297.47,50.0,297.46,10.1,297.48,3.8,297.49,0.3
1753503319111,04:15:19.111,AAVE/USDT:USDT,297.47,50.2,297.46,10.1,297.48,0.1,297.49,0.3
1753503319215,04:15:19.215,AAVE/USDT:USDT,297.48,49.6,297.47,32.2,297.49,0.3,297.5,0.4
1753503319319,04:15:19.319,AAVE/USDT:USDT,297.48,49.7,297.47,34.4,297.49,0.3,297.5,0.4
1753503319421,04:15:19.421,AAVE/USDT:USDT,297.48,44.7,297.47,32.0,297.49,0.3,297.5,0.4
1753503319524,04:15:19.524,AAVE/USDT:USDT,297.48,44.7,297.47,29.8,297.49,0.3,297.5,0.4
1753503319638,04:15:19.638,AAVE/USDT:USDT,297.48,44.7,297.47,29.8,297.49,0.3,297.5,0.4
1753503319742,04:15:19.742,AAVE/USDT:USDT,297.48,44.7,297.47,29.8,297.49,0.3,297.5,0.4
1753503319847,04:15:19.847,AAVE/USDT:USDT,297.49,32.3,297.48,37.5,297.5,3.7,297.51,16.0
1753503319962,04:15:19.962,AAVE/USDT:USDT,297.49,32.7,297.48,37.5,297.5,3.8,297.51,10.0
1753503320066,04:15:20.066,AAVE/USDT:USDT,297.49,33.3,297.48,37.5,297.5,4.0,297.51,10.0
1753503320168,04:15:20.168,AAVE/USDT:USDT,297.49,33.3,297.48,37.5,297.5,4.0,297.51,10.0
1753503320304,04:15:20.304,AAVE/USDT:USDT,297.49,33.3,297.48,37.5,297.5,4.0,297.51,7.7
1753503320408,04:15:20.408,AAVE/USDT:USDT,297.49,33.3,297.48,37.5,297.5,4.0,297.51,7.7
1753503320567,04:15:20.567,AAVE/USDT:USDT,297.49,33.3,297.48,37.5,297.5,0.4,297.51,7.7
1753503320673,04:15:20.673,AAVE/USDT:USDT,297.49,33.3,297.48,37.5,297.5,0.2,297.51,7.7
1753503320775,04:15:20.775,AAVE/USDT:USDT,297.49,33.3,297.48,37.5,297.5,0.1,297.51,7.7
1753503320878,04:15:20.878,AAVE/USDT:USDT,297.5,30.9,297.49,32.8,297.51,7.6,297.52,2.0
1753503320980,04:15:20.980,AAVE/USDT:USDT,297.5,31.0,297.49,32.8,297.51,4.1,297.52,2.0
1753503321082,04:15:21.082,AAVE/USDT:USDT,297.51,33.2,297.5,32.8,297.52,5.5,297.53,2.2
1753503321186,04:15:21.186,AAVE/USDT:USDT,297.51,22.5,297.5,26.8,297.52,5.6,297.53,2.2
1753503321293,04:15:21.293,AAVE/USDT:USDT,297.51,22.9,297.5,26.8,297.52,5.6,297.53,2.2
1753503321396,04:15:21.396,AAVE/USDT:USDT,297.51,23.7,297.5,26.8,297.52,2.0,297.53,2.2
1753503321502,04:15:21.502,AAVE/USDT:USDT,297.51,23.7,297.5,26.8,297.52,5.5,297.53,2.2
1753503321603,04:15:21.603,AAVE/USDT:USDT,297.51,23.8,297.5,26.8,297.52,5.6,297.53,2.2
1753503321727,04:15:21.727,AAVE/USDT:USDT,297.51,23.8,297.5,26.8,297.52,5.6,297.53,2.2
1753503321829,04:15:21.829,AAVE/USDT:USDT,297.51,23.8,297.5,26.8,297.52,5.6,297.53,2.2
1753503321932,04:15:21.932,AAVE/USDT:USDT,297.51,23.8,297.5,26.8,297.52,5.6,297.53,2.2
1753503322035,04:15:22.035,AAVE/USDT:USDT,297.51,24.6,297.5,26.8,297.52,5.6,297.53,2.2
1753503322144,04:15:22.144,AAVE/USDT:USDT,297.51,24.6,297.5,27.4,297.52,2.0,297.53,2.2
1753503322247,04:15:22.247,AAVE/USDT:USDT,297.51,24.6,297.5,27.4,297.52,2.0,297.53,2.2
1753503322369,04:15:22.369,AAVE/USDT:USDT,297.51,24.6,297.5,27.4,297.52,5.6,297.53,2.2
1753503322474,04:15:22.474,AAVE/USDT:USDT,297.51,24.6,297.5,26.8,297.52,5.6,297.53,2.2
1753503322592,04:15:22.592,AAVE/USDT:USDT,297.51,24.6,297.5,26.8,297.52,5.6,297.53,2.2
1753503322738,04:15:22.738,AAVE/USDT:USDT,297.51,24.6,297.5,26.8,297.52,5.6,297.53,2.2
1753503322841,04:15:22.841,AAVE/USDT:USDT,297.51,24.6,297.5,26.8,297.52,5.6,297.53,2.2
1753503322957,04:15:22.957,AAVE/USDT:USDT,297.51,24.6,297.5,26.8,297.52,5.6,297.53,2.2
1753503323059,04:15:23.059,AAVE/USDT:USDT,297.51,18.5,297.5,26.8,297.52,5.6,297.53,2.2
1753503323169,04:15:23.169,AAVE/USDT:USDT,297.51,18.5,297.5,26.8,297.52,5.6,297.53,2.2
1753503323272,04:15:23.272,AAVE/USDT:USDT,297.51,18.5,297.5,14.9,297.52,5.6,297.53,2.2
1753503323378,04:15:23.378,AAVE/USDT:USDT,297.51,2.7,297.5,14.9,297.52,5.8,297.53,2.2
1753503323481,04:15:23.481,AAVE/USDT:USDT,297.51,9.8,297.5,14.9,297.52,5.8,297.53,2.2
1753503323585,04:15:23.585,AAVE/USDT:USDT,297.51,9.9,297.5,14.9,297.52,5.8,297.53,2.2
1753503323756,04:15:23.756,AAVE/USDT:USDT,297.51,11.6,297.5,14.9,297.52,5.8,297.53,2.2
1753503323858,04:15:23.858,AAVE/USDT:USDT,297.51,11.6,297.5,14.9,297.52,5.8,297.53,2.2
1753503323986,04:15:23.986,AAVE/USDT:USDT,297.51,6.3,297.5,14.9,297.52,5.8,297.53,2.2
1753503324089,04:15:24.089,AAVE/USDT:USDT,297.51,2.7,297.5,14.9,297.52,5.8,297.53,2.2
1753503324207,04:15:24.207,AAVE/USDT:USDT,297.51,11.0,297.5,14.9,297.52,5.6,297.53,2.2
1753503324312,04:15:24.312,AAVE/USDT:USDT,297.51,13.6,297.5,14.9,297.52,5.8,297.53,2.2
1753503324414,04:15:24.414,AAVE/USDT:USDT,297.51,12.8,297.5,17.2,297.52,5.8,297.53,2.2
1753503324535,04:15:24.535,AAVE/USDT:USDT,297.51,12.9,297.5,17.2,297.52,5.8,297.53,2.2
1753503324663,04:15:24.663,AAVE/USDT:USDT,297.51,11.2,297.5,17.2,297.52,5.5,297.53,1.8
1753503324773,04:15:24.773,AAVE/USDT:USDT,297.51,2.8,297.5,14.9,297.52,10.8,297.53,1.8
1753503324881,04:15:24.881,AAVE/USDT:USDT,297.51,2.8,297.5,11.1,297.52,10.4,297.53,1.8
1753503324985,04:15:24.985,AAVE/USDT:USDT,297.51,2.8,297.5,10.6,297.52,10.4,297.53,10.5
1753503325088,04:15:25.088,AAVE/USDT:USDT,297.51,6.5,297.5,10.6,297.52,10.4,297.53,10.5
1753503325191,04:15:25.191,AAVE/USDT:USDT,297.51,7.2,297.5,10.6,297.52,10.4,297.53,1.8
1753503325362,04:15:25.362,AAVE/USDT:USDT,297.51,7.2,297.5,10.6,297.52,10.4,297.53,1.8
1753503325465,04:15:25.465,AAVE/USDT:USDT,297.51,7.2,297.5,10.6,297.52,10.6,297.53,1.8
1753503325568,04:15:25.568,AAVE/USDT:USDT,297.51,7.2,297.5,10.6,297.52,10.6,297.53,1.8
1753503325682,04:15:25.682,AAVE/USDT:USDT,297.51,9.0,297.5,10.6,297.52,10.6,297.53,1.8
1753503325798,04:15:25.798,AAVE/USDT:USDT,297.51,9.3,297.5,10.6,297.52,10.6,297.53,1.8
1753503325901,04:15:25.901,AAVE/USDT:USDT,297.51,13.3,297.5,11.0,297.52,0.5,297.53,1.8
1753503326003,04:15:26.003,AAVE/USDT:USDT,297.51,13.3,297.5,11.0,297.52,0.5,297.53,1.8
1753503326129,04:15:26.129,AAVE/USDT:USDT,297.51,13.3,297.5,11.0,297.52,0.2,297.53,1.8
1753503326248,04:15:26.248,AAVE/USDT:USDT,297.52,38.4,297.51,10.1,297.53,2.5,297.54,2.7
1753503326351,04:15:26.351,AAVE/USDT:USDT,297.52,36.9,297.51,10.1,297.53,7.9,297.54,2.7
1753503326452,04:15:26.452,AAVE/USDT:USDT,297.52,19.0,297.51,8.4,297.53,10.7,297.54,2.7
1753503326555,04:15:26.555,AAVE/USDT:USDT,297.52,4.8,297.51,8.4,297.53,10.7,297.54,2.7
1753503326663,04:15:26.663,AAVE/USDT:USDT,297.52,4.6,297.51,8.4,297.53,10.7,297.54,2.7
1753503326764,04:15:26.764,AAVE/USDT:USDT,297.52,4.8,297.51,8.4,297.53,10.7,297.54,2.7
1753503326886,04:15:26.886,AAVE/USDT:USDT,297.52,4.8,297.51,8.4,297.53,10.7,297.54,2.7
1753503326987,04:15:26.987,AAVE/USDT:USDT,297.52,10.2,297.51,8.4,297.53,6.4,297.54,2.7
1753503327090,04:15:27.090,AAVE/USDT:USDT,297.52,10.8,297.51,8.4,297.53,6.2,297.54,2.7
1753503327203,04:15:27.203,AAVE/USDT:USDT,297.52,11.2,297.51,8.4,297.53,6.4,297.54,2.7
1753503327373,04:15:27.373,AAVE/USDT:USDT,297.52,13.0,297.51,8.4,297.53,6.4,297.54,2.7
1753503327476,04:15:27.476,AAVE/USDT:USDT,297.52,11.8,297.51,8.4,297.53,6.4,297.54,2.7
1753503327579,04:15:27.579,AAVE/USDT:USDT,297.52,11.8,297.51,8.4,297.53,6.4,297.54,2.7
1753503327695,04:15:27.695,AAVE/USDT:USDT,297.52,13.6,297.51,8.4,297.53,6.4,297.54,2.7
1753503327846,04:15:27.846,AAVE/USDT:USDT,297.52,13.6,297.51,8.4,297.53,6.4,297.54,2.7
1753503327951,04:15:27.951,AAVE/USDT:USDT,297.52,11.8,297.51,8.4,297.53,6.4,297.54,2.7
1753503328052,04:15:28.052,AAVE/USDT:USDT,297.52,11.8,297.51,8.4,297.53,6.4,297.54,2.7
1753503328153,04:15:28.153,AAVE/USDT:USDT,297.52,11.8,297.51,8.4,297.53,6.4,297.54,2.7
1753503328267,04:15:28.267,AAVE/USDT:USDT,297.51,2.1,297.5,0.1,297.52,13.9,297.53,13.7
1753503328370,04:15:28.370,AAVE/USDT:USDT,297.51,2.2,297.5,0.1,297.52,14.0,297.53,14.1
1753503328473,04:15:28.473,AAVE/USDT:USDT,297.51,5.8,297.5,0.1,297.52,14.0,297.53,13.7
1753503328577,04:15:28.577,AAVE/USDT:USDT,297.51,5.8,297.5,0.5,297.52,13.4,297.53,10.8
1753503328681,04:15:28.681,AAVE/USDT:USDT,297.51,5.8,297.5,0.1,297.52,13.4,297.53,10.8
1753503328782,04:15:28.782,AAVE/USDT:USDT,297.51,5.8,297.5,0.1,297.52,13.4,297.53,10.8
1753503328938,04:15:28.938,AAVE/USDT:USDT,297.51,5.8,297.5,0.3,297.52,13.4,297.53,10.8
1753503329044,04:15:29.044,AAVE/USDT:USDT,297.51,2.2,297.5,0.3,297.52,13.4,297.53,10.8
1753503329146,04:15:29.146,AAVE/USDT:USDT,297.51,2.2,297.5,0.3,297.52,13.4,297.53,10.8
1753503329258,04:15:29.258,AAVE/USDT:USDT,297.51,2.2,297.5,0.3,297.52,13.6,297.53,10.8
1753503329362,04:15:29.362,AAVE/USDT:USDT,297.51,2.2,297.5,0.3,297.52,13.6,297.53,10.8
1753503329548,04:15:29.548,AAVE/USDT:USDT,297.51,2.2,297.5,0.3,297.52,13.6,297.53,10.8
1753503329649,04:15:29.649,AAVE/USDT:USDT,297.51,2.2,297.5,0.3,297.52,13.6,297.53,10.8
1753503329890,04:15:29.890,AAVE/USDT:USDT,297.51,2.2,297.5,0.3,297.52,13.6,297.53,10.8
1753503330055,04:15:30.055,AAVE/USDT:USDT,297.51,2.2,297.5,0.3,297.52,13.6,297.53,10.8
1753503330156,04:15:30.156,AAVE/USDT:USDT,297.51,2.2,297.5,0.3,297.52,13.6,297.53,10.8
1753503330260,04:15:30.260,AAVE/USDT:USDT,297.51,9.5,297.5,5.2,297.52,11.9,297.53,10.5
1753503330363,04:15:30.363,AAVE/USDT:USDT,297.51,9.5,297.5,5.2,297.52,11.9,297.53,10.5
1753503330465,04:15:30.465,AAVE/USDT:USDT,297.51,9.5,297.5,2.3,297.52,8.4,297.53,10.5
1753503330567,04:15:30.567,AAVE/USDT:USDT,297.51,9.5,297.5,2.3,297.52,8.4,297.53,10.5
1753503330702,04:15:30.702,AAVE/USDT:USDT,297.51,9.7,297.5,2.2,297.52,8.4,297.53,10.5
1753503330826,04:15:30.826,AAVE/USDT:USDT,297.51,11.4,297.5,2.2,297.52,8.4,297.53,10.5
1753503330941,04:15:30.941,AAVE/USDT:USDT,297.51,11.4,297.5,2.6,297.52,4.2,297.53,6.9
1753503331050,04:15:31.050,AAVE/USDT:USDT,297.51,11.4,297.5,5.2,297.52,4.1,297.53,6.9
1753503331152,04:15:31.152,AAVE/USDT:USDT,297.51,11.4,297.5,5.2,297.52,4.3,297.53,6.9
1753503331254,04:15:31.254,AAVE/USDT:USDT,297.51,11.4,297.5,2.6,297.52,4.3,297.53,6.9
1753503331366,04:15:31.366,AAVE/USDT:USDT,297.51,11.4,297.5,2.2,297.52,4.3,297.53,6.9
1753503331482,04:15:31.482,AAVE/USDT:USDT,297.51,11.4,297.5,2.2,297.52,4.3,297.53,6.9
1753503331608,04:15:31.608,AAVE/USDT:USDT,297.51,11.4,297.5,2.2,297.52,4.3,297.53,6.9
1753503331713,04:15:31.713,AAVE/USDT:USDT,297.51,17.9,297.5,4.8,297.52,4.3,297.53,6.9
1753503331814,04:15:31.814,AAVE/USDT:USDT,297.51,19.5,297.5,4.8,297.52,0.7,297.53,6.9
1753503331921,04:15:31.921,AAVE/USDT:USDT,297.51,19.5,297.5,2.2,297.52,0.7,297.53,6.9
1753503332025,04:15:32.025,AAVE/USDT:USDT,297.51,16.0,297.5,2.2,297.52,8.8,297.53,6.9
1753503332128,04:15:32.128,AAVE/USDT:USDT,297.51,16.0,297.5,2.2,297.52,8.9,297.53,6.9
1753503332411,04:15:32.411,AAVE/USDT:USDT,297.51,16.0,297.5,2.2,297.52,8.9,297.53,6.9
1753503332523,04:15:32.523,AAVE/USDT:USDT,297.51,16.0,297.5,2.2,297.52,8.9,297.53,6.9
1753503332638,04:15:32.638,AAVE/USDT:USDT,297.51,16.0,297.5,2.2,297.52,8.9,297.53,6.9
1753503332740,04:15:32.740,AAVE/USDT:USDT,297.51,16.0,297.5,2.2,297.52,8.9,297.53,6.9
1753503332849,04:15:32.849,AAVE/USDT:USDT,297.51,16.0,297.5,2.2,297.52,8.9,297.53,6.9
1753503332953,04:15:32.953,AAVE/USDT:USDT,297.51,16.0,297.5,2.2,297.52,8.9,297.53,6.9
1753503333060,04:15:33.060,AAVE/USDT:USDT,297.51,16.2,297.5,2.2,297.52,4.3,297.53,6.9
1753503333163,04:15:33.163,AAVE/USDT:USDT,297.51,16.2,297.5,2.2,297.52,4.3,297.53,6.9
1753503333265,04:15:33.265,AAVE/USDT:USDT,297.51,17.2,297.5,2.6,297.52,0.7,297.53,6.1
1753503333367,04:15:33.367,AAVE/USDT:USDT,297.51,17.2,297.5,5.2,297.52,0.7,297.53,6.1
1753503333471,04:15:33.471,AAVE/USDT:USDT,297.51,17.2,297.5,5.2,297.52,0.7,297.53,6.1
1753503333609,04:15:33.609,AAVE/USDT:USDT,297.51,17.2,297.5,4.8,297.52,4.3,297.53,6.1
1753503333711,04:15:33.711,AAVE/USDT:USDT,297.51,17.2,297.5,2.2,297.52,4.3,297.53,6.1
1753503333818,04:15:33.818,AAVE/USDT:USDT,297.51,17.2,297.5,2.2,297.52,4.3,297.53,6.1
1753503333919,04:15:33.919,AAVE/USDT:USDT,297.51,17.2,297.5,2.2,297.52,4.3,297.53,6.1
1753503334021,04:15:34.021,AAVE/USDT:USDT,297.51,17.2,297.5,2.2,297.52,4.3,297.53,6.1
1753503334135,04:15:34.135,AAVE/USDT:USDT,297.51,11.4,297.5,2.2,297.52,9.7,297.53,6.1
1753503334237,04:15:34.237,AAVE/USDT:USDT,297.51,11.4,297.5,2.2,297.52,9.7,297.53,6.1
1753503334346,04:15:34.346,AAVE/USDT:USDT,297.51,13.2,297.5,2.2,297.52,9.7,297.53,6.1
1753503334468,04:15:34.468,AAVE/USDT:USDT,297.51,14.9,297.5,2.2,297.52,9.7,297.53,6.1
1753503334574,04:15:34.574,AAVE/USDT:USDT,297.51,16.6,297.5,4.8,297.52,9.7,297.53,6.1
1753503334694,04:15:34.694,AAVE/USDT:USDT,297.51,17.0,297.5,4.9,297.52,9.7,297.53,6.1
1753503334796,04:15:34.796,AAVE/USDT:USDT,297.51,17.0,297.5,4.9,297.52,9.7,297.53,6.1
1753503334935,04:15:34.935,AAVE/USDT:USDT,297.51,17.1,297.5,4.9,297.52,9.7,297.53,6.1
1753503335158,04:15:35.158,AAVE/USDT:USDT,297.51,17.1,297.5,5.3,297.52,0.5,297.53,1.4
1753503335260,04:15:35.260,AAVE/USDT:USDT,297.51,17.1,297.5,2.3,297.52,4.0,297.53,1.4
1753503335364,04:15:35.364,AAVE/USDT:USDT,297.51,17.1,297.5,2.3,297.52,4.1,297.53,1.4
1753503335465,04:15:35.465,AAVE/USDT:USDT,297.51,13.6,297.5,2.2,297.52,9.0,297.53,1.4
1753503335585,04:15:35.585,AAVE/USDT:USDT,297.51,13.6,297.5,2.2,297.52,9.0,297.53,1.4
1753503335708,04:15:35.708,AAVE/USDT:USDT,297.51,13.6,297.5,2.2,297.52,9.0,297.53,1.4
1753503335907,04:15:35.907,AAVE/USDT:USDT,297.51,15.4,297.5,0.1,297.52,10.7,297.53,1.4
1753503336010,04:15:36.010,AAVE/USDT:USDT,297.51,15.4,297.5,0.1,297.52,10.7,297.53,1.4
1753503336111,04:15:36.111,AAVE/USDT:USDT,297.51,17.1,297.5,0.1,297.52,5.9,297.53,1.4
1753503336218,04:15:36.218,AAVE/USDT:USDT,297.51,17.1,297.5,0.1,297.52,5.9,297.53,1.4
1753503336368,04:15:36.368,AAVE/USDT:USDT,297.51,13.6,297.5,0.1,297.52,10.7,297.53,1.5
1753503336471,04:15:36.471,AAVE/USDT:USDT,297.51,13.5,297.5,0.1,297.52,10.7,297.53,3.7
1753503336572,04:15:36.572,AAVE/USDT:USDT,297.51,15.3,297.5,0.1,297.52,10.8,297.53,3.7
1753503336675,04:15:36.675,AAVE/USDT:USDT,297.51,15.3,297.5,0.1,297.52,10.8,297.53,3.7
1753503336778,04:15:36.778,AAVE/USDT:USDT,297.51,15.3,297.5,0.1,297.52,10.8,297.53,1.5
1753503336881,04:15:36.881,AAVE/USDT:USDT,297.51,15.3,297.5,0.1,297.52,10.8,297.53,1.5
1753503337021,04:15:37.021,AAVE/USDT:USDT,297.51,15.8,297.5,0.1,297.52,10.8,297.53,1.5
1753503337124,04:15:37.124,AAVE/USDT:USDT,297.51,15.6,297.5,0.1,297.52,10.8,297.53,1.4
1753503337230,04:15:37.230,AAVE/USDT:USDT,297.51,16.3,297.5,0.1,297.52,10.8,297.53,1.4
1753503337467,04:15:37.467,AAVE/USDT:USDT,297.51,16.3,297.5,0.1,297.52,10.9,297.53,1.4
1753503337573,04:15:37.573,AAVE/USDT:USDT,297.51,19.6,297.5,0.3,297.52,10.9,297.53,1.4
1753503337680,04:15:37.680,AAVE/USDT:USDT,297.51,19.6,297.5,0.3,297.52,10.9,297.53,1.4
1753503337796,04:15:37.796,AAVE/USDT:USDT,297.51,19.6,297.5,0.3,297.52,10.9,297.53,1.4
1753503337897,04:15:37.897,AAVE/USDT:USDT,297.51,19.6,297.5,0.3,297.52,11.0,297.53,9.3
1753503338000,04:15:38.000,AAVE/USDT:USDT,297.51,19.6,297.5,0.3,297.52,11.0,297.53,9.3
1753503338110,04:15:38.110,AAVE/USDT:USDT,297.51,19.6,297.5,0.3,297.52,11.0,297.53,9.3
1753503338218,04:15:38.218,AAVE/USDT:USDT,297.51,20.2,297.5,0.3,297.52,10.9,297.53,1.4
1753503338321,04:15:38.321,AAVE/USDT:USDT,297.51,20.2,297.5,0.3,297.52,8.8,297.53,1.4
1753503338424,04:15:38.424,AAVE/USDT:USDT,297.51,20.2,297.5,0.3,297.52,8.8,297.53,1.4
1753503338527,04:15:38.527,AAVE/USDT:USDT,297.51,20.2,297.5,0.3,297.52,8.7,297.53,3.9
1753503338636,04:15:38.636,AAVE/USDT:USDT,297.51,20.2,297.5,0.3,297.52,8.7,297.53,3.9
1753503338741,04:15:38.741,AAVE/USDT:USDT,297.51,20.2,297.5,0.3,297.52,8.7,297.53,3.9
1753503338851,04:15:38.851,AAVE/USDT:USDT,297.51,20.2,297.5,0.3,297.52,8.7,297.53,3.9
1753503338956,04:15:38.956,AAVE/USDT:USDT,297.51,20.2,297.5,0.3,297.52,8.7,297.53,1.4
1753503339067,04:15:39.067,AAVE/USDT:USDT,297.51,20.3,297.5,0.3,297.52,8.9,297.53,1.4
1753503339302,04:15:39.302,AAVE/USDT:USDT,297.51,20.3,297.5,0.3,297.52,11.9,297.53,1.4
1753503339406,04:15:39.406,AAVE/USDT:USDT,297.51,20.3,297.5,0.3,297.52,11.9,297.53,4.3
1753503339509,04:15:39.509,AAVE/USDT:USDT,297.51,20.3,297.5,0.3,297.52,11.9,297.53,4.4
1753503339618,04:15:39.618,AAVE/USDT:USDT,297.51,20.3,297.5,0.3,297.52,11.9,297.53,4.4
1753503339752,04:15:39.752,AAVE/USDT:USDT,297.51,20.3,297.5,0.3,297.52,11.9,297.53,4.4
1753503339902,04:15:39.902,AAVE/USDT:USDT,297.51,20.3,297.5,0.3,297.52,11.9,297.53,4.4
1753503340038,04:15:40.038,AAVE/USDT:USDT,297.51,20.3,297.5,0.3,297.52,11.9,297.53,4.4
1753503340140,04:15:40.140,AAVE/USDT:USDT,297.51,20.4,297.5,0.3,297.52,11.9,297.53,4.4
1753503340303,04:15:40.303,AAVE/USDT:USDT,297.51,20.4,297.5,0.3,297.52,11.9,297.53,4.4
1753503340407,04:15:40.407,AAVE/USDT:USDT,297.51,20.4,297.5,0.3,297.52,12.0,297.53,4.4
1753503340508,04:15:40.508,AAVE/USDT:USDT,297.51,20.4,297.5,0.3,297.52,12.0,297.53,1.5
1753503340614,04:15:40.614,AAVE/USDT:USDT,297.51,20.4,297.5,0.3,297.52,12.0,297.53,1.5
1753503340717,04:15:40.717,AAVE/USDT:USDT,297.51,20.4,297.5,0.3,297.52,12.0,297.53,1.5
1753503340826,04:15:40.826,AAVE/USDT:USDT,297.51,20.4,297.5,0.3,297.52,12.0,297.53,1.5
1753503340967,04:15:40.967,AAVE/USDT:USDT,297.51,20.4,297.5,0.3,297.52,12.0,297.53,1.5
1753503341163,04:15:41.163,AAVE/USDT:USDT,297.51,20.9,297.5,0.3,297.52,12.0,297.53,1.5
1753503341265,04:15:41.265,AAVE/USDT:USDT,297.51,20.9,297.5,0.1,297.52,14.1,297.53,1.5
1753503341384,04:15:41.384,AAVE/USDT:USDT,297.51,20.9,297.5,0.1,297.52,14.1,297.53,4.4
1753503341520,04:15:41.520,AAVE/USDT:USDT,297.51,20.9,297.5,3.2,297.52,12.0,297.53,4.3
1753503341622,04:15:41.622,AAVE/USDT:USDT,297.51,21.0,297.5,3.2,297.52,11.8,297.53,1.4
1753503341725,04:15:41.725,AAVE/USDT:USDT,297.51,21.0,297.5,3.4,297.52,11.8,297.53,1.4
1753503341836,04:15:41.836,AAVE/USDT:USDT,297.51,21.0,297.5,3.4,297.52,12.0,297.53,1.4
1753503341939,04:15:41.939,AAVE/USDT:USDT,297.51,21.0,297.5,3.4,297.52,12.0,297.53,1.4
1753503342095,04:15:42.095,AAVE/USDT:USDT,297.51,20.9,297.5,3.4,297.52,12.0,297.53,1.4
1753503342197,04:15:42.197,AAVE/USDT:USDT,297.51,20.9,297.5,3.8,297.52,12.0,297.53,1.4
1753503342308,04:15:42.308,AAVE/USDT:USDT,297.51,20.9,297.5,3.4,297.52,12.0,297.53,1.4
1753503342418,04:15:42.418,AAVE/USDT:USDT,297.51,20.8,297.5,0.3,297.52,12.0,297.53,1.4
1753503342522,04:15:42.522,AAVE/USDT:USDT,297.51,20.8,297.5,0.3,297.52,12.0,297.53,1.4
1753503342627,04:15:42.627,AAVE/USDT:USDT,297.51,20.8,297.5,3.4,297.52,9.6,297.53,1.4
1753503342729,04:15:42.729,AAVE/USDT:USDT,297.51,20.8,297.5,0.3,297.52,9.6,297.53,1.4
1753503342857,04:15:42.857,AAVE/USDT:USDT,297.51,20.8,297.5,0.3,297.52,9.6,297.53,1.4
1753503343012,04:15:43.012,AAVE/USDT:USDT,297.51,20.8,297.5,0.3,297.52,9.6,297.53,1.4
1753503343118,04:15:43.118,AAVE/USDT:USDT,297.51,20.8,297.5,0.3,297.52,9.6,297.53,1.4
1753503343221,04:15:43.221,AAVE/USDT:USDT,297.51,20.8,297.5,0.3,297.52,9.6,297.53,1.4
1753503343362,04:15:43.362,AAVE/USDT:USDT,297.51,20.7,297.5,0.3,297.52,9.6,297.53,1.4
1753503343465,04:15:43.465,AAVE/USDT:USDT,297.51,20.7,297.5,0.3,297.52,9.6,297.53,1.4
1753503343569,04:15:43.569,AAVE/USDT:USDT,297.51,20.7,297.5,0.3,297.52,10.7,297.53,1.4
1753503343671,04:15:43.671,AAVE/USDT:USDT,297.51,20.7,297.5,0.3,297.52,12.8,297.53,5.8
1753503343772,04:15:43.772,AAVE/USDT:USDT,297.51,20.7,297.5,0.3,297.52,12.8,297.53,8.1
1753503343876,04:15:43.876,AAVE/USDT:USDT,297.51,20.7,297.5,0.3,297.52,12.8,297.53,8.1
1753503343977,04:15:43.977,AAVE/USDT:USDT,297.51,20.7,297.5,0.3,297.52,12.8,297.53,8.1
1753503344112,04:15:44.112,AAVE/USDT:USDT,297.51,20.7,297.5,0.3,297.52,12.8,297.53,8.1
1753503344228,04:15:44.228,AAVE/USDT:USDT,297.51,20.2,297.5,0.3,297.52,12.6,297.53,8.1
1753503344329,04:15:44.329,AAVE/USDT:USDT,297.51,20.2,297.5,0.3,297.52,12.6,297.53,1.4
1753503344453,04:15:44.453,AAVE/USDT:USDT,297.51,20.2,297.5,0.3,297.52,12.6,297.53,1.4
1753503344559,04:15:44.559,AAVE/USDT:USDT,297.51,20.2,297.5,0.3,297.52,12.7,297.53,1.4
1753503344661,04:15:44.661,AAVE/USDT:USDT,297.51,20.2,297.5,0.3,297.52,12.7,297.53,1.4
1753503344814,04:15:44.814,AAVE/USDT:USDT,297.51,20.2,297.5,0.3,297.52,12.7,297.53,1.4
1753503344917,04:15:44.917,AAVE/USDT:USDT,297.51,20.2,297.5,0.3,297.52,10.6,297.53,1.4
1753503345019,04:15:45.019,AAVE/USDT:USDT,297.51,20.2,297.5,0.3,297.52,10.6,297.53,1.4
1753503345125,04:15:45.125,AAVE/USDT:USDT,297.51,20.2,297.5,0.3,297.52,10.6,297.53,1.4
1753503345230,04:15:45.230,AAVE/USDT:USDT,297.51,20.2,297.5,0.1,297.52,10.6,297.53,1.4
1753503345340,04:15:45.340,AAVE/USDT:USDT,297.51,20.2,297.5,0.1,297.52,10.6,297.53,1.4
1753503345473,04:15:45.473,AAVE/USDT:USDT,297.51,20.2,297.5,0.1,297.52,10.5,297.53,1.4
1753503345578,04:15:45.578,AAVE/USDT:USDT,297.51,20.2,297.5,0.1,297.52,10.5,297.53,1.4
1753503345699,04:15:45.699,AAVE/USDT:USDT,297.51,20.4,297.5,0.1,297.52,10.5,297.53,1.4
1753503345804,04:15:45.804,AAVE/USDT:USDT,297.51,20.4,297.5,0.1,297.52,10.5,297.53,1.4
1753503345907,04:15:45.907,AAVE/USDT:USDT,297.51,20.4,297.5,0.1,297.52,10.5,297.53,1.4
1753503346067,04:15:46.067,AAVE/USDT:USDT,297.51,20.4,297.5,0.1,297.52,10.5,297.53,1.4
1753503346275,04:15:46.275,AAVE/USDT:USDT,297.51,20.4,297.5,0.1,297.52,10.7,297.53,1.4
1753503346380,04:15:46.380,AAVE/USDT:USDT,297.51,20.2,297.5,0.1,297.52,10.7,297.53,1.4
1753503346489,04:15:46.489,AAVE/USDT:USDT,297.51,20.7,297.5,0.1,297.52,10.8,297.53,1.4
1753503346610,04:15:46.610,AAVE/USDT:USDT,297.51,20.7,297.5,0.1,297.52,10.8,297.53,1.4
1753503346715,04:15:46.715,AAVE/USDT:USDT,297.51,20.7,297.5,0.1,297.52,10.8,297.53,1.4
1753503346818,04:15:46.818,AAVE/USDT:USDT,297.51,20.7,297.5,0.1,297.52,10.8,297.53,1.4
1753503346926,04:15:46.926,AAVE/USDT:USDT,297.5,0.3,297.49,0.4,297.51,36.1,297.52,18.9
1753503347027,04:15:47.027,AAVE/USDT:USDT,297.5,0.3,297.49,0.4,297.51,38.9,297.52,26.9
1753503347129,04:15:47.129,AAVE/USDT:USDT,297.5,0.3,297.49,0.4,297.51,39.3,297.52,25.9
1753503347313,04:15:47.313,AAVE/USDT:USDT,297.5,0.3,297.49,0.4,297.51,36.6,297.52,21.3
1753503347418,04:15:47.418,AAVE/USDT:USDT,297.5,0.3,297.49,0.4,297.51,36.6,297.52,21.3
1753503347523,04:15:47.523,AAVE/USDT:USDT,297.44,0.2,297.43,0.2,297.45,25.0,297.46,17.3
1753503347624,04:15:47.624,AAVE/USDT:USDT,297.42,0.4,297.41,0.4,297.43,21.0,297.44,31.9
1753503347725,04:15:47.725,AAVE/USDT:USDT,297.42,0.5,297.41,0.3,297.43,21.2,297.44,37.0
1753503347826,04:15:47.826,AAVE/USDT:USDT,297.41,0.1,297.4,0.2,297.42,24.3,297.43,28.4
1753503347928,04:15:47.928,AAVE/USDT:USDT,297.39,2.6,297.38,0.2,297.4,2.0,297.42,28.1
1753503348032,04:15:48.032,AAVE/USDT:USDT,297.4,23.7,297.39,10.5,297.41,0.7,297.42,3.3
1753503348135,04:15:48.135,AAVE/USDT:USDT,297.4,23.7,297.39,10.5,297.41,0.1,297.42,0.3
1753503348239,04:15:48.239,AAVE/USDT:USDT,297.4,23.8,297.39,10.5,297.41,0.2,297.42,0.3
1753503348342,04:15:48.342,AAVE/USDT:USDT,297.4,23.9,297.39,10.1,297.41,5.3,297.42,0.3
1753503348452,04:15:48.452,AAVE/USDT:USDT,297.4,23.9,297.39,10.1,297.41,5.4,297.42,0.3
1753503348556,04:15:48.556,AAVE/USDT:USDT,297.4,23.9,297.39,10.1,297.41,5.4,297.42,0.3
1753503348658,04:15:48.658,AAVE/USDT:USDT,297.4,23.9,297.39,10.1,297.41,5.4,297.42,0.3
1753503348767,04:15:48.767,AAVE/USDT:USDT,297.4,23.9,297.39,10.1,297.41,5.5,297.42,0.3
1753503348882,04:15:48.882,AAVE/USDT:USDT,297.4,23.9,297.39,10.1,297.41,5.5,297.42,0.3
1753503348984,04:15:48.984,AAVE/USDT:USDT,297.4,23.9,297.39,10.1,297.41,5.5,297.42,0.3
1753503349087,04:15:49.087,AAVE/USDT:USDT,297.41,39.8,297.4,27.0,297.42,0.3,297.43,0.2
1753503349190,04:15:49.190,AAVE/USDT:USDT,297.41,39.9,297.4,27.0,297.42,0.3,297.43,0.2
1753503349299,04:15:49.299,AAVE/USDT:USDT,297.41,39.9,297.4,27.0,297.42,0.3,297.43,0.2
1753503349406,04:15:49.406,AAVE/USDT:USDT,297.41,39.9,297.4,27.0,297.42,0.3,297.43,0.2
1753503349537,04:15:49.537,AAVE/USDT:USDT,297.41,39.9,297.4,23.9,297.42,0.3,297.43,0.2
1753503349638,04:15:49.638,AAVE/USDT:USDT,297.41,39.9,297.4,23.9,297.42,0.3,297.43,0.2
1753503349750,04:15:49.750,AAVE/USDT:USDT,297.41,39.9,297.4,23.9,297.42,0.3,297.43,0.2
1753503349866,04:15:49.866,AAVE/USDT:USDT,297.45,3.6,297.44,2.2,297.46,5.9,297.48,2.8
1753503349967,04:15:49.967,AAVE/USDT:USDT,297.43,6.6,297.42,30.3,297.44,3.6,297.45,6.1
1753503350070,04:15:50.070,AAVE/USDT:USDT,297.43,6.7,297.42,30.3,297.44,3.7,297.45,6.1
1753503350181,04:15:50.181,AAVE/USDT:USDT,297.43,6.7,297.42,30.3,297.44,3.7,297.45,6.1
1753503350282,04:15:50.282,AAVE/USDT:USDT,297.45,16.5,297.44,33.0,297.46,0.2,297.48,7.4
1753503350385,04:15:50.385,AAVE/USDT:USDT,297.45,4.7,297.44,33.5,297.46,3.9,297.48,7.4
1753503350487,04:15:50.487,AAVE/USDT:USDT,297.45,6.0,297.44,33.5,297.46,3.9,297.48,9.5
1753503350590,04:15:50.590,AAVE/USDT:USDT,297.45,6.0,297.44,31.3,297.46,3.9,297.48,9.5
1753503350692,04:15:50.692,AAVE/USDT:USDT,297.45,5.5,297.44,25.9,297.46,3.9,297.48,10.7
1753503350805,04:15:50.805,AAVE/USDT:USDT,297.45,5.5,297.44,25.9,297.46,3.9,297.48,10.7
1753503350908,04:15:50.908,AAVE/USDT:USDT,297.45,5.5,297.44,25.9,297.46,3.9,297.48,10.7
1753503351012,04:15:51.012,AAVE/USDT:USDT,297.45,5.5,297.44,25.9,297.46,3.9,297.48,9.5
1753503351118,04:15:51.118,AAVE/USDT:USDT,297.45,5.5,297.44,25.9,297.46,5.7,297.48,11.1
1753503351254,04:15:51.254,AAVE/USDT:USDT,297.45,1.4,297.44,19.5,297.46,13.6,297.47,0.4
1753503351357,04:15:51.357,AAVE/USDT:USDT,297.45,1.4,297.44,3.7,297.46,18.6,297.47,3.1
1753503351461,04:15:51.461,AAVE/USDT:USDT,297.45,1.4,297.44,3.7,297.46,18.6,297.47,3.1
1753503351562,04:15:51.562,AAVE/USDT:USDT,297.45,1.4,297.44,3.7,297.46,18.6,297.47,3.1
1753503351668,04:15:51.668,AAVE/USDT:USDT,297.45,1.4,297.44,0.1,297.46,19.4,297.47,3.1
1753503351772,04:15:51.772,AAVE/USDT:USDT,297.45,1.4,297.44,0.1,297.46,20.2,297.47,4.7
1753503351875,04:15:51.875,AAVE/USDT:USDT,297.45,1.4,297.44,0.1,297.46,20.2,297.47,10.9
1753503351978,04:15:51.978,AAVE/USDT:USDT,297.45,1.4,297.44,0.1,297.46,20.2,297.47,9.3
1753503352107,04:15:52.107,AAVE/USDT:USDT,297.45,1.4,297.44,0.1,297.46,20.2,297.47,10.9
1753503352223,04:15:52.223,AAVE/USDT:USDT,297.39,6.1,297.38,2.7,297.4,10.9,297.41,11.5
1753503352325,04:15:52.325,AAVE/USDT:USDT,297.39,6.2,297.38,2.7,297.4,16.8,297.41,11.5
1753503352428,04:15:52.428,AAVE/USDT:USDT,297.39,6.2,297.38,2.7,297.4,16.8,297.41,10.2
1753503352532,04:15:52.532,AAVE/USDT:USDT,297.39,6.3,297.38,2.7,297.4,17.0,297.41,7.1
1753503352645,04:15:52.645,AAVE/USDT:USDT,297.39,6.3,297.38,2.7,297.4,17.0,297.41,7.1
1753503352748,04:15:52.748,AAVE/USDT:USDT,297.39,6.3,297.38,2.7,297.4,17.0,297.41,7.1
1753503352851,04:15:52.851,AAVE/USDT:USDT,297.39,6.3,297.38,2.3,297.4,17.0,297.41,7.1
1753503353013,04:15:53.013,AAVE/USDT:USDT,297.39,2.7,297.38,2.3,297.4,17.0,297.41,7.1
1753503353115,04:15:53.115,AAVE/USDT:USDT,297.39,6.3,297.38,2.3,297.4,17.0,297.41,7.1
1753503353242,04:15:53.242,AAVE/USDT:USDT,297.39,6.3,297.38,2.3,297.4,17.1,297.41,7.1
1753503353345,04:15:53.345,AAVE/USDT:USDT,297.39,6.3,297.38,2.3,297.4,17.1,297.41,7.1
1753503353549,04:15:53.549,AAVE/USDT:USDT,297.37,3.6,297.36,0.4,297.38,25.6,297.39,31.8
1753503353650,04:15:53.650,AAVE/USDT:USDT,297.37,3.7,297.36,0.4,297.38,20.3,297.39,28.2
1753503353751,04:15:53.751,AAVE/USDT:USDT,297.37,3.7,297.36,0.4,297.38,20.3,297.39,28.2
1753503353868,04:15:53.868,AAVE/USDT:USDT,297.37,3.7,297.36,0.4,297.38,20.3,297.39,28.2
1753503353993,04:15:53.993,AAVE/USDT:USDT,297.37,3.7,297.36,0.4,297.38,17.0,297.39,28.2
1753503354097,04:15:54.097,AAVE/USDT:USDT,297.37,3.7,297.36,0.4,297.38,17.2,297.39,28.2
1753503354198,04:15:54.198,AAVE/USDT:USDT,297.36,9.7,297.35,0.1,297.37,22.2,297.38,31.6
1753503354302,04:15:54.302,AAVE/USDT:USDT,297.36,9.7,297.35,0.1,297.37,16.9,297.38,28.8
1753503354406,04:15:54.406,AAVE/USDT:USDT,297.36,9.7,297.35,0.1,297.37,17.1,297.38,28.8
1753503354518,04:15:54.518,AAVE/USDT:USDT,297.36,9.7,297.35,0.1,297.37,17.1,297.38,28.8
1753503354621,04:15:54.621,AAVE/USDT:USDT,297.36,9.7,297.35,0.1,297.37,17.1,297.38,24.2
1753503354724,04:15:54.724,AAVE/USDT:USDT,297.36,9.7,297.35,0.1,297.37,17.1,297.38,24.2
1753503354827,04:15:54.827,AAVE/USDT:USDT,297.36,9.7,297.35,0.1,297.37,17.1,297.38,24.2
1753503354930,04:15:54.930,AAVE/USDT:USDT,297.36,9.7,297.35,0.1,297.37,17.1,297.38,24.2
1753503355034,04:15:55.034,AAVE/USDT:USDT,297.36,9.7,297.35,0.1,297.37,17.1,297.38,24.2
1753503355143,04:15:55.143,AAVE/USDT:USDT,297.36,9.7,297.35,0.1,297.37,17.1,297.38,24.2
1753503355247,04:15:55.247,AAVE/USDT:USDT,297.36,9.7,297.35,0.1,297.37,17.1,297.38,24.2
1753503355349,04:15:55.349,AAVE/USDT:USDT,297.36,9.7,297.35,0.1,297.37,17.1,297.38,24.2
1753503355483,04:15:55.483,AAVE/USDT:USDT,297.36,10.5,297.35,0.1,297.37,17.1,297.38,24.2
1753503355589,04:15:55.589,AAVE/USDT:USDT,297.36,10.5,297.35,0.1,297.37,17.1,297.38,24.2
1753503355692,04:15:55.692,AAVE/USDT:USDT,297.36,10.5,297.35,0.1,297.37,17.1,297.38,24.2
1753503355803,04:15:55.803,AAVE/USDT:USDT,297.36,16.1,297.35,0.5,297.37,0.1,297.38,0.2
1753503355906,04:15:55.906,AAVE/USDT:USDT,297.36,17.0,297.35,0.5,297.37,0.1,297.38,0.2
1753503356008,04:15:56.008,AAVE/USDT:USDT,297.36,14.8,297.35,0.5,297.37,0.3,297.38,0.2
1753503356109,04:15:56.109,AAVE/USDT:USDT,297.36,10.5,297.35,0.1,297.37,9.3,297.38,2.3
1753503356212,04:15:56.212,AAVE/USDT:USDT,297.36,10.5,297.35,0.1,297.37,9.4,297.38,7.3
1753503356315,04:15:56.315,AAVE/USDT:USDT,297.36,10.5,297.35,0.1,297.37,10.8,297.38,10.7
1753503356419,04:15:56.419,AAVE/USDT:USDT,297.36,10.5,297.35,0.1,297.37,10.8,297.38,10.7
1753503356541,04:15:56.541,AAVE/USDT:USDT,297.36,10.5,297.35,0.1,297.37,10.8,297.38,10.7
1753503356645,04:15:56.645,AAVE/USDT:USDT,297.36,10.5,297.35,0.1,297.37,10.8,297.38,10.7
1753503356748,04:15:56.748,AAVE/USDT:USDT,297.36,10.5,297.35,0.1,297.37,10.8,297.38,19.4
1753503356851,04:15:56.851,AAVE/USDT:USDT,297.36,10.5,297.35,0.1,297.37,10.8,297.38,19.4
1753503356955,04:15:56.955,AAVE/USDT:USDT,297.36,10.5,297.35,0.1,297.37,10.8,297.38,19.4
1753503357064,04:15:57.064,AAVE/USDT:USDT,297.36,10.5,297.35,0.1,297.37,10.8,297.38,19.4
1753503357167,04:15:57.167,AAVE/USDT:USDT,297.36,10.5,297.35,0.1,297.37,10.8,297.38,19.4
1753503357307,04:15:57.307,AAVE/USDT:USDT,297.36,10.5,297.35,0.1,297.37,10.8,297.38,19.4
1753503357413,04:15:57.413,AAVE/USDT:USDT,297.36,10.5,297.35,0.1,297.37,10.8,297.38,19.4
1753503357548,04:15:57.548,AAVE/USDT:USDT,297.36,10.6,297.35,0.1,297.37,10.8,297.38,19.4
1753503357651,04:15:57.651,AAVE/USDT:USDT,297.35,0.1,297.34,0.8,297.36,35.2,297.37,22.7
1753503357754,04:15:57.754,AAVE/USDT:USDT,297.35,0.1,297.34,0.8,297.36,36.1,297.37,24.3
1753503357856,04:15:57.856,AAVE/USDT:USDT,297.35,0.1,297.34,0.8,297.36,37.1,297.37,24.9
1753503357978,04:15:57.978,AAVE/USDT:USDT,297.32,0.2,297.31,0.5,297.33,0.4,297.34,13.3
1753503358079,04:15:58.079,AAVE/USDT:USDT,297.32,0.1,297.31,0.5,297.33,23.4,297.34,27.9
1753503358180,04:15:58.180,AAVE/USDT:USDT,297.32,0.3,297.31,0.5,297.33,23.6,297.34,31.4
1753503358283,04:15:58.283,AAVE/USDT:USDT,297.32,0.3,297.31,0.5,297.33,23.8,297.34,31.4
1753503358384,04:15:58.384,AAVE/USDT:USDT,297.32,0.3,297.31,0.5,297.33,29.7,297.34,31.4
1753503358485,04:15:58.485,AAVE/USDT:USDT,297.3,15.1,297.29,16.2,297.31,7.8,297.32,14.1
1753503358587,04:15:58.587,AAVE/USDT:USDT,297.3,14.4,297.29,16.2,297.31,0.1,297.32,7.6
1753503358692,04:15:58.692,AAVE/USDT:USDT,297.3,14.4,297.29,16.2,297.31,0.1,297.32,7.6
1753503358801,04:15:58.801,AAVE/USDT:USDT,297.3,14.4,297.29,16.2,297.31,0.2,297.33,8.3
1753503358902,04:15:58.902,AAVE/USDT:USDT,297.3,14.4,297.29,16.2,297.31,0.2,297.33,8.3
1753503359005,04:15:59.005,AAVE/USDT:USDT,297.3,14.4,297.29,16.2,297.31,0.2,297.33,9.2
1753503359107,04:15:59.107,AAVE/USDT:USDT,297.3,14.4,297.29,16.2,297.31,0.5,297.33,9.2
1753503359226,04:15:59.226,AAVE/USDT:USDT,297.3,5.8,297.29,16.2,297.31,5.7,297.33,16.6
1753503359329,04:15:59.329,AAVE/USDT:USDT,297.3,5.8,297.29,16.2,297.31,5.7,297.32,2.1
1753503359435,04:15:59.435,AAVE/USDT:USDT,297.3,5.8,297.29,16.2,297.31,5.7,297.32,2.1
1753503359542,04:15:59.542,AAVE/USDT:USDT,297.3,5.8,297.29,16.2,297.31,5.7,297.32,2.1
1753503359646,04:15:59.646,AAVE/USDT:USDT,297.3,5.8,297.29,16.2,297.31,5.7,297.32,2.1
1753503359752,04:15:59.752,AAVE/USDT:USDT,297.3,5.8,297.29,16.2,297.31,5.7,297.32,2.1
1753503359853,04:15:59.853,AAVE/USDT:USDT,297.3,5.8,297.29,16.2,297.31,5.7,297.32,2.1
1753503360019,04:16:00.019,AAVE/USDT:USDT,297.3,11.3,297.29,16.6,297.31,0.5,297.33,6.5
1753503360121,04:16:00.121,AAVE/USDT:USDT,297.3,11.3,297.29,22.6,297.31,0.5,297.33,6.5
1753503360225,04:16:00.225,AAVE/USDT:USDT,297.3,11.5,297.29,22.6,297.31,0.5,297.33,6.5
1753503360358,04:16:00.358,AAVE/USDT:USDT,297.3,11.5,297.29,22.6,297.31,0.5,297.33,6.5
1753503360459,04:16:00.459,AAVE/USDT:USDT,297.3,11.6,297.29,19.3,297.31,0.5,297.33,6.5
1753503360567,04:16:00.567,AAVE/USDT:USDT,297.32,8.0,297.31,29.8,297.33,6.5,297.34,6.7
1753503360669,04:16:00.669,AAVE/USDT:USDT,297.32,7.3,297.31,29.4,297.33,6.5,297.34,6.7
1753503360772,04:16:00.772,AAVE/USDT:USDT,297.32,4.7,297.31,26.9,297.33,6.7,297.34,7.1
1753503360874,04:16:00.874,AAVE/USDT:USDT,297.32,1.1,297.31,20.4,297.33,7.1,297.34,9.2
1753503360984,04:16:00.984,AAVE/USDT:USDT,297.32,1.1,297.31,18.6,297.33,7.1,297.34,9.2
1753503361086,04:16:01.086,AAVE/USDT:USDT,297.32,1.1,297.31,15.0,297.33,9.5,297.34,9.2
1753503361190,04:16:01.190,AAVE/USDT:USDT,297.32,1.2,297.31,15.0,297.33,10.0,297.34,12.3
1753503361301,04:16:01.301,AAVE/USDT:USDT,297.32,1.2,297.31,15.0,297.33,10.3,297.34,12.3
1753503361408,04:16:01.408,AAVE/USDT:USDT,297.32,1.2,297.31,15.0,297.33,19.5,297.34,18.5
1753503361513,04:16:01.513,AAVE/USDT:USDT,297.32,1.2,297.31,15.0,297.33,19.5,297.34,18.5
1753503361616,04:16:01.616,AAVE/USDT:USDT,297.32,1.2,297.31,15.0,297.33,19.5,297.34,18.5
1753503361720,04:16:01.720,AAVE/USDT:USDT,297.32,1.2,297.31,15.0,297.33,19.5,297.34,18.5
1753503361854,04:16:01.854,AAVE/USDT:USDT,297.32,1.2,297.31,15.0,297.33,19.5,297.34,18.5
1753503361957,04:16:01.957,AAVE/USDT:USDT,297.32,1.2,297.31,0.1,297.33,19.5,297.34,18.5
1753503362060,04:16:02.060,AAVE/USDT:USDT,297.32,4.7,297.31,0.1,297.33,13.6,297.34,13.1
1753503362161,04:16:02.161,AAVE/USDT:USDT,297.32,10.1,297.31,0.1,297.33,7.9,297.34,3.8
1753503362264,04:16:02.264,AAVE/USDT:USDT,297.32,8.7,297.31,0.1,297.33,7.9,297.34,3.8
1753503362366,04:16:02.366,AAVE/USDT:USDT,297.32,10.8,297.31,0.1,297.33,7.8,297.34,3.8
1753503362468,04:16:02.468,AAVE/USDT:USDT,297.32,9.1,297.31,0.1,297.33,8.0,297.34,3.8
1753503362580,04:16:02.580,AAVE/USDT:USDT,297.32,9.1,297.31,0.1,297.33,8.0,297.34,3.8
1753503362683,04:16:02.683,AAVE/USDT:USDT,297.32,9.1,297.31,0.1,297.33,8.0,297.34,3.8
1753503362785,04:16:02.785,AAVE/USDT:USDT,297.32,9.1,297.31,0.1,297.33,8.0,297.34,3.8
1753503362907,04:16:02.907,AAVE/USDT:USDT,297.32,5.3,297.31,0.1,297.33,8.0,297.34,3.8
1753503363010,04:16:03.010,AAVE/USDT:USDT,297.32,5.3,297.31,0.1,297.33,8.4,297.34,4.2
1753503363113,04:16:03.113,AAVE/USDT:USDT,297.32,5.3,297.31,0.1,297.33,8.4,297.34,4.2
1753503363216,04:16:03.216,AAVE/USDT:USDT,297.32,5.3,297.31,0.1,297.33,8.4,297.34,6.5
1753503363318,04:16:03.318,AAVE/USDT:USDT,297.32,5.3,297.31,0.1,297.33,9.3,297.34,7.1
1753503363448,04:16:03.448,AAVE/USDT:USDT,297.32,5.3,297.31,0.1,297.33,9.3,297.34,7.1
1753503363550,04:16:03.550,AAVE/USDT:USDT,297.32,1.7,297.31,0.1,297.33,11.8,297.34,7.1
1753503363667,04:16:03.667,AAVE/USDT:USDT,297.32,1.7,297.31,0.1,297.33,11.8,297.34,7.1
1753503363778,04:16:03.778,AAVE/USDT:USDT,297.32,1.7,297.31,0.1,297.33,11.8,297.34,7.1
1753503363914,04:16:03.914,AAVE/USDT:USDT,297.32,1.7,297.31,0.1,297.33,11.8,297.34,7.1
1753503364017,04:16:04.017,AAVE/USDT:USDT,297.32,1.7,297.31,0.1,297.33,6.5,297.34,4.8
1753503364119,04:16:04.119,AAVE/USDT:USDT,297.32,5.3,297.31,0.1,297.33,4.9,297.34,4.4
1753503364223,04:16:04.223,AAVE/USDT:USDT,297.32,1.7,297.31,0.1,297.33,8.7,297.34,4.2
1753503364325,04:16:04.325,AAVE/USDT:USDT,297.32,1.7,297.31,0.1,297.33,8.7,297.34,4.2
1753503364428,04:16:04.428,AAVE/USDT:USDT,297.32,1.7,297.31,0.1,297.33,8.7,297.34,4.2
1753503364567,04:16:04.567,AAVE/USDT:USDT,297.32,1.7,297.31,0.1,297.33,8.7,297.34,4.2
1753503364669,04:16:04.669,AAVE/USDT:USDT,297.32,1.7,297.31,0.1,297.33,8.8,297.34,4.2
1753503364778,04:16:04.778,AAVE/USDT:USDT,297.32,1.7,297.31,0.1,297.33,8.8,297.34,4.2
1753503365008,04:16:05.008,AAVE/USDT:USDT,297.32,3.5,297.31,0.1,297.33,5.3,297.34,4.2
1753503365111,04:16:05.111,AAVE/USDT:USDT,297.32,3.5,297.31,0.1,297.33,5.3,297.34,4.2
1753503365212,04:16:05.212,AAVE/USDT:USDT,297.32,3.5,297.31,0.1,297.33,11.0,297.34,4.2
1753503365314,04:16:05.314,AAVE/USDT:USDT,297.32,4.0,297.31,0.1,297.33,8.3,297.34,4.2
1753503365417,04:16:05.417,AAVE/USDT:USDT,297.32,4.0,297.31,0.1,297.33,8.3,297.34,4.2
1753503365531,04:16:05.531,AAVE/USDT:USDT,297.32,4.0,297.31,0.1,297.33,8.3,297.34,4.2
1753503365634,04:16:05.634,AAVE/USDT:USDT,297.32,4.0,297.31,0.1,297.33,8.3,297.34,4.2
1753503365759,04:16:05.759,AAVE/USDT:USDT,297.32,4.0,297.31,0.1,297.33,9.7,297.34,4.2
1753503365862,04:16:05.862,AAVE/USDT:USDT,297.32,4.0,297.31,0.1,297.33,9.7,297.34,4.2
1753503365965,04:16:05.965,AAVE/USDT:USDT,297.32,8.3,297.31,0.5,297.33,0.5,297.34,3.8
1753503366068,04:16:06.068,AAVE/USDT:USDT,297.32,8.3,297.31,0.5,297.33,0.5,297.34,3.8
1753503366185,04:16:06.185,AAVE/USDT:USDT,297.32,4.0,297.31,0.1,297.33,6.5,297.34,4.2
1753503366286,04:16:06.286,AAVE/USDT:USDT,297.32,4.0,297.31,0.1,297.33,10.2,297.34,4.2
1753503366389,04:16:06.389,AAVE/USDT:USDT,297.32,4.0,297.31,0.1,297.33,10.3,297.34,6.3
1753503366491,04:16:06.491,AAVE/USDT:USDT,297.32,4.1,297.31,0.1,297.33,10.3,297.34,6.3
1753503366611,04:16:06.611,AAVE/USDT:USDT,297.32,4.1,297.31,0.1,297.33,10.3,297.34,6.3
1753503366761,04:16:06.761,AAVE/USDT:USDT,297.32,4.1,297.31,0.1,297.33,10.3,297.34,6.3
1753503366901,04:16:06.901,AAVE/USDT:USDT,297.32,4.1,297.31,0.1,297.33,10.3,297.34,6.3
1753503367008,04:16:07.008,AAVE/USDT:USDT,297.32,4.1,297.31,0.1,297.33,10.3,297.34,6.3
1753503367111,04:16:07.111,AAVE/USDT:USDT,297.32,4.1,297.31,0.1,297.33,10.3,297.34,6.3
1753503367267,04:16:07.267,AAVE/USDT:USDT,297.32,4.1,297.31,0.1,297.33,10.3,297.34,6.3
1753503367418,04:16:07.418,AAVE/USDT:USDT,297.32,4.1,297.31,0.1,297.33,10.3,297.34,6.3
1753503367556,04:16:07.556,AAVE/USDT:USDT,297.32,4.1,297.31,0.1,297.33,10.3,297.34,6.3
1753503367659,04:16:07.659,AAVE/USDT:USDT,297.32,4.3,297.31,0.1,297.33,9.3,297.34,6.3
1753503367761,04:16:07.761,AAVE/USDT:USDT,297.32,4.3,297.31,0.6,297.33,4.0,297.34,3.8
1753503367863,04:16:07.863,AAVE/USDT:USDT,297.32,4.3,297.31,0.2,297.33,4.0,297.34,3.8
1753503367965,04:16:07.965,AAVE/USDT:USDT,297.32,9.0,297.31,0.6,297.33,2.2,297.34,3.8
1753503368066,04:16:08.066,AAVE/USDT:USDT,297.32,9.0,297.31,0.6,297.33,2.2,297.34,3.8
1753503368169,04:16:08.169,AAVE/USDT:USDT,297.32,9.0,297.31,0.6,297.33,2.2,297.34,3.8
1753503368272,04:16:08.272,AAVE/USDT:USDT,297.32,9.0,297.31,0.1,297.33,4.0,297.34,3.8
1753503368577,04:16:08.577,AAVE/USDT:USDT,297.32,9.0,297.31,0.1,297.33,7.3,297.34,4.2
1753503368746,04:16:08.746,AAVE/USDT:USDT,297.32,9.0,297.31,0.1,297.33,7.3,297.34,4.2
1753503368847,04:16:08.847,AAVE/USDT:USDT,297.32,9.0,297.31,0.1,297.33,7.7,297.34,4.2
1753503368950,04:16:08.950,AAVE/USDT:USDT,297.32,9.2,297.31,0.1,297.33,7.7,297.34,4.2
1753503369052,04:16:09.052,AAVE/USDT:USDT,297.32,9.2,297.31,0.1,297.33,4.0,297.34,3.8
1753503369156,04:16:09.156,AAVE/USDT:USDT,297.32,9.2,297.31,0.1,297.33,4.0,297.34,3.8
1753503369258,04:16:09.258,AAVE/USDT:USDT,297.32,9.2,297.31,0.1,297.33,4.0,297.34,3.8
1753503369360,04:16:09.360,AAVE/USDT:USDT,297.32,8.8,297.31,0.1,297.33,6.1,297.34,3.8
1753503369462,04:16:09.462,AAVE/USDT:USDT,297.32,8.8,297.31,0.1,297.33,6.1,297.34,4.2
1753503369571,04:16:09.571,AAVE/USDT:USDT,297.32,8.8,297.31,0.1,297.33,6.1,297.34,4.2
1753503369733,04:16:09.733,AAVE/USDT:USDT,297.32,8.8,297.31,0.1,297.33,6.1,297.34,4.2
1753503369836,04:16:09.836,AAVE/USDT:USDT,297.32,8.8,297.31,0.1,297.33,6.1,297.34,4.2
1753503369938,04:16:09.938,AAVE/USDT:USDT,297.32,8.8,297.31,0.1,297.33,6.1,297.34,4.2
1753503370086,04:16:10.086,AAVE/USDT:USDT,297.32,10.6,297.31,0.1,297.33,2.4,297.34,3.8
1753503370189,04:16:10.189,AAVE/USDT:USDT,297.32,10.6,297.31,0.6,297.33,2.4,297.34,3.8
1753503370292,04:16:10.292,AAVE/USDT:USDT,297.32,12.3,297.31,0.6,297.33,2.4,297.34,3.8
1753503370397,04:16:10.397,AAVE/USDT:USDT,297.32,12.0,297.31,0.2,297.33,3.8,297.34,3.8
1753503370578,04:16:10.578,AAVE/USDT:USDT,297.32,10.3,297.31,0.1,297.33,4.1,297.34,3.8
1753503370681,04:16:10.681,AAVE/USDT:USDT,297.32,10.3,297.31,0.1,297.33,4.1,297.34,3.8
1753503370784,04:16:10.784,AAVE/USDT:USDT,297.32,10.3,297.31,0.1,297.33,4.1,297.34,3.8
1753503370887,04:16:10.887,AAVE/USDT:USDT,297.32,10.3,297.31,0.1,297.33,4.0,297.34,3.8
1753503371095,04:16:11.095,AAVE/USDT:USDT,297.32,10.3,297.31,0.1,297.33,4.0,297.34,3.8
1753503371197,04:16:11.197,AAVE/USDT:USDT,297.32,10.3,297.31,0.1,297.33,4.0,297.34,3.8
1753503371300,04:16:11.300,AAVE/USDT:USDT,297.32,10.3,297.31,0.1,297.33,4.0,297.34,3.8
1753503371403,04:16:11.403,AAVE/USDT:USDT,297.32,10.3,297.31,0.1,297.33,4.2,297.34,3.8
1753503371506,04:16:11.506,AAVE/USDT:USDT,297.32,10.3,297.31,0.1,297.33,4.3,297.34,3.8
1753503371608,04:16:11.608,AAVE/USDT:USDT,297.32,10.2,297.31,0.1,297.33,4.3,297.34,3.8
1753503371788,04:16:11.788,AAVE/USDT:USDT,297.32,10.2,297.31,0.1,297.33,4.4,297.34,3.8
1753503371992,04:16:11.992,AAVE/USDT:USDT,297.32,10.2,297.31,0.1,297.33,4.4,297.34,3.8
1753503372195,04:16:12.195,AAVE/USDT:USDT,297.32,10.2,297.31,0.1,297.33,4.4,297.34,3.8
1753503372376,04:16:12.376,AAVE/USDT:USDT,297.32,9.9,297.31,0.1,297.33,5.4,297.34,4.2
1753503372478,04:16:12.478,AAVE/USDT:USDT,297.32,9.9,297.31,0.1,297.33,5.4,297.34,4.2
1753503372580,04:16:12.580,AAVE/USDT:USDT,297.32,8.3,297.31,0.1,297.33,12.8,297.34,4.2
1753503372683,04:16:12.683,AAVE/USDT:USDT,297.32,8.4,297.31,0.1,297.33,13.0,297.34,4.2
1753503372787,04:16:12.787,AAVE/USDT:USDT,297.32,8.4,297.31,0.1,297.33,13.0,297.34,4.2
1753503372888,04:16:12.888,AAVE/USDT:USDT,297.32,8.5,297.31,0.1,297.33,13.0,297.34,4.2
1753503372992,04:16:12.992,AAVE/USDT:USDT,297.32,8.5,297.31,0.1,297.33,13.0,297.34,4.2
1753503373095,04:16:13.095,AAVE/USDT:USDT,297.32,8.5,297.31,0.1,297.33,13.0,297.34,4.2
1753503373213,04:16:13.213,AAVE/USDT:USDT,297.32,8.5,297.31,0.1,297.33,12.9,297.34,4.2
1753503373315,04:16:13.315,AAVE/USDT:USDT,297.32,8.5,297.31,0.3,297.33,12.9,297.34,4.2
1753503373418,04:16:13.418,AAVE/USDT:USDT,297.32,8.5,297.31,0.3,297.33,3.9,297.34,3.8
1753503373520,04:16:13.520,AAVE/USDT:USDT,297.32,8.5,297.31,0.3,297.33,6.9,297.34,4.2
1753503373642,04:16:13.642,AAVE/USDT:USDT,297.32,8.5,297.31,0.3,297.33,1.9,297.34,3.8
1753503373745,04:16:13.745,AAVE/USDT:USDT,297.32,8.5,297.31,0.3,297.33,7.2,297.34,3.8
1753503373846,04:16:13.846,AAVE/USDT:USDT,297.32,8.5,297.31,0.3,297.33,3.7,297.34,3.8
1753503373949,04:16:13.949,AAVE/USDT:USDT,297.32,8.5,297.31,0.3,297.33,3.7,297.34,3.8
1753503374111,04:16:14.111,AAVE/USDT:USDT,297.32,8.5,297.31,0.3,297.33,3.7,297.34,3.8
1753503374214,04:16:14.214,AAVE/USDT:USDT,297.32,8.7,297.31,0.3,297.33,3.7,297.34,4.2
1753503374317,04:16:14.317,AAVE/USDT:USDT,297.32,8.7,297.31,0.3,297.33,3.7,297.34,4.2
1753503374440,04:16:14.440,AAVE/USDT:USDT,297.32,8.7,297.31,0.3,297.33,3.7,297.34,4.2
1753503374542,04:16:14.542,AAVE/USDT:USDT,297.32,8.7,297.31,0.3,297.33,3.7,297.34,4.2
1753503374658,04:16:14.658,AAVE/USDT:USDT,297.31,0.3,297.3,0.2,297.32,20.9,297.33,28.8
1753503374761,04:16:14.761,AAVE/USDT:USDT,297.31,3.9,297.3,0.1,297.32,20.6,297.33,25.2
1753503374864,04:16:14.864,AAVE/USDT:USDT,297.31,4.1,297.3,2.6,297.32,5.6,297.33,8.6
1753503374966,04:16:14.966,AAVE/USDT:USDT,297.31,4.1,297.3,2.2,297.32,5.6,297.33,9.0
1753503375067,04:16:15.067,AAVE/USDT:USDT,297.31,4.5,297.3,2.2,297.32,5.6,297.33,9.0
1753503375170,04:16:15.170,AAVE/USDT:USDT,297.31,4.5,297.3,2.2,297.32,5.6,297.33,9.0
1753503375273,04:16:15.273,AAVE/USDT:USDT,297.31,4.5,297.3,2.2,297.32,5.6,297.33,9.0
1753503375377,04:16:15.377,AAVE/USDT:USDT,297.31,4.5,297.3,2.2,297.32,9.0,297.33,7.7
1753503375494,04:16:15.494,AAVE/USDT:USDT,297.31,4.5,297.3,2.2,297.32,9.0,297.33,7.7
1753503375629,04:16:15.629,AAVE/USDT:USDT,297.31,4.5,297.3,2.2,297.32,9.0,297.33,7.7
1753503375767,04:16:15.767,AAVE/USDT:USDT,297.31,13.2,297.3,2.6,297.32,3.7,297.33,0.3
1753503375870,04:16:15.870,AAVE/USDT:USDT,297.31,13.2,297.3,2.6,297.32,3.7,297.33,0.3
1753503376083,04:16:16.083,AAVE/USDT:USDT,297.31,13.2,297.3,2.2,297.32,3.7,297.33,5.3
1753503376186,04:16:16.186,AAVE/USDT:USDT,297.31,13.2,297.3,2.2,297.32,3.7,297.33,5.3
1753503376293,04:16:16.293,AAVE/USDT:USDT,297.31,13.2,297.3,2.6,297.32,3.7,297.33,5.3
1753503376396,04:16:16.396,AAVE/USDT:USDT,297.31,9.7,297.3,2.2,297.32,3.7,297.33,5.3
1753503376499,04:16:16.499,AAVE/USDT:USDT,297.31,9.7,297.3,2.2,297.32,3.7,297.33,5.3
1753503376681,04:16:16.681,AAVE/USDT:USDT,297.31,4.5,297.3,2.2,297.32,3.7,297.33,5.3
1753503376783,04:16:16.783,AAVE/USDT:USDT,297.31,4.1,297.3,0.1,297.32,15.7,297.33,5.7
1753503376886,04:16:16.886,AAVE/USDT:USDT,297.31,0.6,297.3,0.1,297.32,16.6,297.33,5.7
1753503376996,04:16:16.996,AAVE/USDT:USDT,297.31,4.2,297.3,0.1,297.32,15.8,297.33,8.2
1753503377097,04:16:17.097,AAVE/USDT:USDT,297.31,4.2,297.3,0.1,297.32,12.3,297.33,8.2
1753503377201,04:16:17.201,AAVE/USDT:USDT,297.31,4.2,297.3,0.1,297.32,12.3,297.33,5.7
1753503377304,04:16:17.304,AAVE/USDT:USDT,297.31,0.6,297.3,0.1,297.32,16.6,297.33,8.4
1753503377407,04:16:17.407,AAVE/USDT:USDT,297.31,0.6,297.3,0.1,297.32,18.1,297.33,8.4
1753503377544,04:16:17.544,AAVE/USDT:USDT,297.31,0.6,297.3,0.1,297.32,18.1,297.33,9.0
1753503377672,04:16:17.672,AAVE/USDT:USDT,297.31,0.6,297.3,0.1,297.32,18.1,297.33,9.0
1753503377781,04:16:17.781,AAVE/USDT:USDT,297.31,0.6,297.3,0.1,297.32,18.1,297.33,15.2
1753503377914,04:16:17.914,AAVE/USDT:USDT,297.31,0.6,297.3,0.1,297.32,18.1,297.33,15.2
1753503378046,04:16:18.046,AAVE/USDT:USDT,297.31,0.6,297.3,0.1,297.32,18.1,297.33,15.2
1753503378206,04:16:18.206,AAVE/USDT:USDT,297.31,0.6,297.3,0.1,297.32,18.1,297.33,15.2
1753503378315,04:16:18.315,AAVE/USDT:USDT,297.31,0.6,297.3,0.1,297.32,18.1,297.33,15.2
1753503378418,04:16:18.418,AAVE/USDT:USDT,297.31,0.6,297.3,0.1,297.32,18.3,297.33,15.2
1753503378520,04:16:18.520,AAVE/USDT:USDT,297.29,0.1,297.28,4.5,297.3,18.9,297.31,24.0
1753503378621,04:16:18.621,AAVE/USDT:USDT,297.29,0.2,297.28,4.5,297.3,18.3,297.31,23.8
1753503378724,04:16:18.724,AAVE/USDT:USDT,297.29,0.2,297.28,4.5,297.3,18.3,297.31,23.8
1753503378829,04:16:18.829,AAVE/USDT:USDT,297.29,0.2,297.28,4.5,297.3,18.3,297.31,23.8
1753503378934,04:16:18.934,AAVE/USDT:USDT,297.28,4.2,297.27,0.3,297.29,28.0,297.3,31.1
1753503379035,04:16:19.035,AAVE/USDT:USDT,297.28,4.3,297.27,0.2,297.29,28.1,297.3,31.1
1753503379148,04:16:19.148,AAVE/USDT:USDT,297.28,4.3,297.27,0.2,297.29,28.1,297.3,31.1
1753503379250,04:16:19.250,AAVE/USDT:USDT,297.28,4.3,297.27,0.2,297.29,23.2,297.3,31.1
1753503379553,04:16:19.553,AAVE/USDT:USDT,297.28,4.3,297.27,0.2,297.29,23.2,297.3,31.1
1753503379660,04:16:19.660,AAVE/USDT:USDT,297.28,4.3,297.27,0.2,297.29,23.2,297.3,31.1
1753503379763,04:16:19.763,AAVE/USDT:USDT,297.28,4.3,297.27,0.2,297.29,23.2,297.3,33.5
1753503379867,04:16:19.867,AAVE/USDT:USDT,297.28,4.3,297.27,0.2,297.29,23.2,297.3,33.5
1753503379987,04:16:19.987,AAVE/USDT:USDT,297.28,4.3,297.27,0.2,297.29,23.2,297.3,33.5
1753503380104,04:16:20.104,AAVE/USDT:USDT,297.28,4.3,297.27,0.2,297.29,23.2,297.3,33.5
1753503380241,04:16:20.241,AAVE/USDT:USDT,297.28,4.3,297.27,0.2,297.29,23.2,297.3,33.5
1753503380354,04:16:20.354,AAVE/USDT:USDT,297.28,4.3,297.27,0.2,297.29,23.2,297.3,33.5
1753503380456,04:16:20.456,AAVE/USDT:USDT,297.28,4.3,297.27,0.2,297.29,23.2,297.3,33.5
1753503380557,04:16:20.557,AAVE/USDT:USDT,297.28,4.3,297.27,0.2,297.29,23.2,297.3,33.5
1753503380683,04:16:20.683,AAVE/USDT:USDT,297.28,4.3,297.27,0.2,297.29,23.2,297.3,33.5
1753503380788,04:16:20.788,AAVE/USDT:USDT,297.28,4.3,297.27,0.2,297.29,23.2,297.3,33.5
1753503380902,04:16:20.902,AAVE/USDT:USDT,297.28,4.3,297.27,0.2,297.29,23.2,297.3,33.5
1753503381006,04:16:21.006,AAVE/USDT:USDT,297.28,4.3,297.27,0.2,297.29,23.2,297.3,33.5
1753503381110,04:16:21.110,AAVE/USDT:USDT,297.26,0.1,297.25,0.1,297.27,11.6,297.28,8.4
1753503381212,04:16:21.212,AAVE/USDT:USDT,297.26,0.1,297.25,0.1,297.27,11.7,297.28,8.4
1753503381313,04:16:21.313,AAVE/USDT:USDT,297.26,0.1,297.25,0.1,297.27,12.1,297.28,18.1
1753503381415,04:16:21.415,AAVE/USDT:USDT,297.26,5.5,297.25,0.5,297.27,8.2,297.28,6.5
1753503381517,04:16:21.517,AAVE/USDT:USDT,297.26,5.6,297.25,0.5,297.27,8.3,297.28,3.0
1753503381619,04:16:21.619,AAVE/USDT:USDT,297.26,5.6,297.25,0.1,297.27,8.3,297.28,3.0
1753503381722,04:16:21.722,AAVE/USDT:USDT,297.26,2.2,297.25,0.1,297.27,10.2,297.28,3.4
1753503381828,04:16:21.828,AAVE/USDT:USDT,297.26,2.2,297.25,0.1,297.27,10.2,297.28,3.4
1753503381937,04:16:21.937,AAVE/USDT:USDT,297.26,2.2,297.25,0.1,297.27,10.2,297.28,3.4
1753503382040,04:16:22.040,AAVE/USDT:USDT,297.24,7.6,297.23,0.8,297.25,5.2,297.26,3.0
1753503382144,04:16:22.144,AAVE/USDT:USDT,297.24,7.7,297.23,0.8,297.25,5.3,297.26,3.0
1753503382247,04:16:22.247,AAVE/USDT:USDT,297.24,7.7,297.23,1.2,297.25,5.3,297.26,3.0
1753503382350,04:16:22.350,AAVE/USDT:USDT,297.24,5.9,297.23,0.8,297.25,7.1,297.26,5.0
1753503382475,04:16:22.475,AAVE/USDT:USDT,297.24,3.8,297.23,1.2,297.25,15.1,297.26,5.0
1753503382577,04:16:22.577,AAVE/USDT:USDT,297.24,0.2,297.23,0.7,297.25,15.1,297.26,8.0
1753503382683,04:16:22.683,AAVE/USDT:USDT,297.24,0.2,297.23,0.7,297.25,15.1,297.26,8.0
1753503382785,04:16:22.785,AAVE/USDT:USDT,297.24,0.2,297.23,0.7,297.25,15.1,297.26,8.0
1753503382886,04:16:22.886,AAVE/USDT:USDT,297.24,3.9,297.23,0.7,297.25,8.0,297.26,5.0
1753503382988,04:16:22.988,AAVE/USDT:USDT,297.24,5.9,297.23,1.1,297.25,8.0,297.26,3.2
1753503383093,04:16:23.093,AAVE/USDT:USDT,297.24,5.9,297.23,0.7,297.25,8.0,297.26,3.2
1753503383196,04:16:23.196,AAVE/USDT:USDT,297.24,5.9,297.23,0.7,297.25,8.1,297.26,3.2
1753503383359,04:16:23.359,AAVE/USDT:USDT,297.24,5.9,297.23,0.7,297.25,8.3,297.26,3.2
1753503383490,04:16:23.490,AAVE/USDT:USDT,297.24,5.9,297.23,0.7,297.25,8.3,297.26,3.2
1753503383609,04:16:23.609,AAVE/USDT:USDT,297.24,5.9,297.23,0.7,297.25,8.3,297.26,3.2
1753503383713,04:16:23.713,AAVE/USDT:USDT,297.24,5.9,297.23,0.7,297.25,8.3,297.26,3.2
1753503383831,04:16:23.831,AAVE/USDT:USDT,297.24,5.9,297.23,0.7,297.25,8.2,297.26,3.2
1753503383934,04:16:23.934,AAVE/USDT:USDT,297.24,5.9,297.23,0.7,297.25,8.2,297.26,3.2
1753503384065,04:16:24.065,AAVE/USDT:USDT,297.24,5.9,297.23,0.7,297.25,8.2,297.26,3.2
1753503384183,04:16:24.183,AAVE/USDT:USDT,297.24,5.9,297.23,0.7,297.25,8.2,297.26,3.2
1753503384286,04:16:24.286,AAVE/USDT:USDT,297.24,5.9,297.23,0.7,297.25,8.2,297.26,3.2
1753503384388,04:16:24.388,AAVE/USDT:USDT,297.24,5.9,297.23,0.7,297.25,10.2,297.26,3.6
1753503384523,04:16:24.523,AAVE/USDT:USDT,297.24,0.2,297.23,0.7,297.25,10.2,297.26,4.0
1753503384626,04:16:24.626,AAVE/USDT:USDT,297.24,0.2,297.23,0.7,297.25,10.2,297.26,4.0
1753503384817,04:16:24.817,AAVE/USDT:USDT,297.24,0.2,297.23,0.1,297.25,14.5,297.26,14.8
1753503384919,04:16:24.919,AAVE/USDT:USDT,297.24,0.2,297.23,0.1,297.25,13.8,297.26,14.8
1753503385021,04:16:25.021,AAVE/USDT:USDT,297.24,0.2,297.23,0.1,297.25,13.8,297.26,14.8
1753503385123,04:16:25.123,AAVE/USDT:USDT,297.24,0.2,297.23,0.1,297.25,14.2,297.26,14.8
1753503385285,04:16:25.285,AAVE/USDT:USDT,297.24,3.9,297.23,0.1,297.25,10.3,297.26,14.4
