timestamp,time,symbol,bid1_price,bid1_volume,bid2_price,bid2_volume,ask1_price,ask1_volume,ask2_price,ask2_volume
1753503305260,04:15:05.260,ALGO/USDT:USDT,0.2699,34029.5,0.2698,119430.2,0.27,22050.8,0.2701,85594.8
1753503305403,04:15:05.403,ALGO/USDT:USDT,0.2699,34029.5,0.2698,115326.1,0.27,22050.8,0.2701,85594.8
1753503305526,04:15:05.526,ALGO/USDT:USDT,0.2699,34029.5,0.2698,114587.2,0.27,22050.8,0.2701,85594.8
1753503305659,04:15:05.659,ALGO/USDT:USDT,0.2699,34029.5,0.2698,114587.2,0.27,22050.8,0.2701,85594.8
1753503305767,04:15:05.767,ALGO/USDT:USDT,0.27,23513.3,0.2699,125322.9,0.2701,39669.8,0.2702,57667.7
1753503305869,04:15:05.869,ALGO/USDT:USDT,0.27,20585.0,0.2699,123045.5,0.2701,42020.3,0.2702,58965.5
1753503305987,04:15:05.987,ALGO/USDT:USDT,0.27,20581.0,0.2699,123045.5,0.2701,56649.5,0.2702,58965.5
1753503306092,04:15:06.092,ALGO/USDT:USDT,0.27,21970.4,0.2699,113990.7,0.2701,56649.5,0.2702,58965.5
1753503306193,04:15:06.193,ALGO/USDT:USDT,0.27,21970.4,0.2699,113990.7,0.2701,55749.5,0.2702,59865.5
1753503306298,04:15:06.298,ALGO/USDT:USDT,0.27,21970.4,0.2699,113990.7,0.2701,57138.9,0.2702,59865.5
1753503306407,04:15:06.407,ALGO/USDT:USDT,0.27,21970.4,0.2699,119316.6,0.2701,39749.5,0.2702,59865.5
1753503306509,04:15:06.509,ALGO/USDT:USDT,0.27,20581.0,0.2699,118865.6,0.2701,41138.9,0.2702,59865.5
1753503306726,04:15:06.726,ALGO/USDT:USDT,0.27,20581.0,0.2699,118865.6,0.2701,41138.9,0.2702,59865.5
1753503306855,04:15:06.855,ALGO/USDT:USDT,0.27,39231.5,0.2699,121143.0,0.2701,38536.4,0.2702,59865.5
1753503306956,04:15:06.956,ALGO/USDT:USDT,0.27,39292.6,0.2699,122530.4,0.2701,37147.0,0.2702,59865.5
1753503307057,04:15:07.057,ALGO/USDT:USDT,0.27,39292.6,0.2699,122530.4,0.2701,38746.6,0.2702,59865.5
1753503307164,04:15:07.164,ALGO/USDT:USDT,0.27,39292.6,0.2699,122530.4,0.2701,38746.6,0.2702,59865.5
1753503307437,04:15:07.437,ALGO/USDT:USDT,0.27,39292.6,0.2699,122530.4,0.2701,38746.6,0.2702,59865.5
1753503307556,04:15:07.556,ALGO/USDT:USDT,0.27,39292.6,0.2699,122530.4,0.2701,38746.6,0.2702,59865.5
1753503307659,04:15:07.659,ALGO/USDT:USDT,0.27,39292.6,0.2699,122530.4,0.2701,38746.6,0.2702,59865.5
1753503307775,04:15:07.775,ALGO/USDT:USDT,0.2701,38256.6,0.27,124736.5,0.2702,17787.5,0.2703,68206.1
1753503307880,04:15:07.880,ALGO/USDT:USDT,0.2701,37948.3,0.27,124736.5,0.2702,21634.5,0.2703,64606.1
1753503307985,04:15:07.985,ALGO/USDT:USDT,0.2701,37948.3,0.27,124736.5,0.2702,19238.0,0.2703,63706.1
1753503308100,04:15:08.100,ALGO/USDT:USDT,0.2701,37948.3,0.27,124736.5,0.2702,19238.0,0.2703,63706.1
1753503308387,04:15:08.387,ALGO/USDT:USDT,0.2701,36577.5,0.27,124736.5,0.2702,35256.6,0.2703,63706.1
1753503308502,04:15:08.502,ALGO/USDT:USDT,0.2701,37728.9,0.27,117664.2,0.2702,34393.5,0.2703,65556.9
1753503308660,04:15:08.660,ALGO/USDT:USDT,0.2701,37747.5,0.27,117664.2,0.2702,34279.7,0.2703,66851.9
1753503308828,04:15:08.828,ALGO/USDT:USDT,0.2701,37747.5,0.27,117664.2,0.2702,34279.7,0.2703,66851.9
1753503308959,04:15:08.959,ALGO/USDT:USDT,0.2701,37747.5,0.27,117664.2,0.2702,34279.7,0.2703,66851.9
1753503309062,04:15:09.062,ALGO/USDT:USDT,0.2701,37747.5,0.27,117664.2,0.2702,34279.7,0.2703,66851.9
1753503309259,04:15:09.259,ALGO/USDT:USDT,0.2701,37747.5,0.27,117664.2,0.2702,34279.7,0.2703,66851.9
1753503309363,04:15:09.363,ALGO/USDT:USDT,0.27,46289.3,0.2699,132326.7,0.2701,5798.3,0.2702,66154.5
1753503309468,04:15:09.468,ALGO/USDT:USDT,0.27,52464.1,0.2699,131956.4,0.2701,4380.7,0.2702,64272.5
1753503309577,04:15:09.577,ALGO/USDT:USDT,0.2701,43139.2,0.27,122615.4,0.2702,15629.2,0.2703,71070.7
1753503309679,04:15:09.679,ALGO/USDT:USDT,0.2701,44219.4,0.27,121205.9,0.2702,16804.2,0.2703,67345.9
1753503309784,04:15:09.784,ALGO/USDT:USDT,0.2701,42093.2,0.27,120838.1,0.2702,18193.6,0.2703,68799.3
1753503309892,04:15:09.892,ALGO/USDT:USDT,0.2701,42111.8,0.27,122133.8,0.2702,19412.2,0.2703,70094.3
1753503310059,04:15:10.059,ALGO/USDT:USDT,0.2701,42111.8,0.27,122133.8,0.2702,19412.2,0.2703,70094.3
1753503310202,04:15:10.202,ALGO/USDT:USDT,0.2701,42111.8,0.27,122133.8,0.2702,35412.2,0.2703,70094.3
1753503310317,04:15:10.317,ALGO/USDT:USDT,0.2701,42111.8,0.27,122133.8,0.2702,35412.2,0.2703,70094.3
1753503310460,04:15:10.460,ALGO/USDT:USDT,0.2701,43263.2,0.27,120963.8,0.2702,35412.2,0.2703,70094.3
1753503310605,04:15:10.605,ALGO/USDT:USDT,0.2701,43263.2,0.27,121332.1,0.2702,35412.2,0.2703,68799.3
1753503310727,04:15:10.727,ALGO/USDT:USDT,0.2701,43281.8,0.27,121332.1,0.2702,35644.8,0.2703,68799.3
1753503310857,04:15:10.857,ALGO/USDT:USDT,0.2701,43281.8,0.27,121332.1,0.2702,35644.8,0.2703,68799.3
1753503311126,04:15:11.126,ALGO/USDT:USDT,0.2701,43281.8,0.27,121332.1,0.2702,35644.8,0.2703,68799.3
1753503311242,04:15:11.242,ALGO/USDT:USDT,0.2701,43199.8,0.27,121332.1,0.2702,35644.8,0.2703,68799.3
1753503311347,04:15:11.347,ALGO/USDT:USDT,0.2701,43159.5,0.27,121332.1,0.2702,35644.8,0.2703,68799.3
1753503311451,04:15:11.451,ALGO/USDT:USDT,0.2701,43048.7,0.27,121332.1,0.2702,35644.8,0.2703,68799.3
1753503311552,04:15:11.552,ALGO/USDT:USDT,0.2701,41448.7,0.27,120963.8,0.2702,35644.8,0.2703,68799.3
1753503311660,04:15:11.660,ALGO/USDT:USDT,0.2701,41386.0,0.27,120963.8,0.2702,35644.8,0.2703,68799.3
1753503311761,04:15:11.761,ALGO/USDT:USDT,0.2701,41322.2,0.27,120963.8,0.2702,35644.8,0.2703,68799.3
1753503311864,04:15:11.864,ALGO/USDT:USDT,0.2701,41174.3,0.27,120963.8,0.2702,35644.8,0.2703,68799.3
1753503311974,04:15:11.974,ALGO/USDT:USDT,0.2701,41143.1,0.27,120963.8,0.2702,35644.8,0.2703,68799.3
1753503312102,04:15:12.102,ALGO/USDT:USDT,0.2701,41143.1,0.27,120963.8,0.2702,35644.8,0.2703,68799.3
1753503312326,04:15:12.326,ALGO/USDT:USDT,0.2701,41236.4,0.27,120963.8,0.2702,35644.8,0.2703,68799.3
1753503312431,04:15:12.431,ALGO/USDT:USDT,0.2701,41236.4,0.27,120963.8,0.2702,35644.8,0.2703,68799.3
1753503312665,04:15:12.665,ALGO/USDT:USDT,0.2701,41236.4,0.27,120963.8,0.2702,35644.8,0.2703,68799.3
1753503312859,04:15:12.859,ALGO/USDT:USDT,0.2701,41351.9,0.27,120963.8,0.2702,35644.8,0.2703,68799.3
1753503312997,04:15:12.997,ALGO/USDT:USDT,0.2701,41351.9,0.27,120963.8,0.2702,35644.8,0.2703,68799.3
1753503313126,04:15:13.126,ALGO/USDT:USDT,0.2701,41351.9,0.27,120963.8,0.2702,35644.8,0.2703,68799.3
1753503313260,04:15:13.260,ALGO/USDT:USDT,0.2701,41351.9,0.27,120963.8,0.2702,35644.8,0.2703,75560.3
1753503313365,04:15:13.365,ALGO/USDT:USDT,0.2701,41351.9,0.27,120963.8,0.2702,37477.0,0.2703,75560.3
1753503313468,04:15:13.468,ALGO/USDT:USDT,0.2701,40181.9,0.27,122133.8,0.2702,37598.1,0.2703,75560.3
1753503313571,04:15:13.571,ALGO/USDT:USDT,0.2701,40181.9,0.27,122133.8,0.2702,39199.0,0.2703,75560.3
1753503313812,04:15:13.812,ALGO/USDT:USDT,0.2701,40627.6,0.27,122133.8,0.2702,20417.6,0.2703,75560.3
1753503313927,04:15:13.927,ALGO/USDT:USDT,0.2701,40627.6,0.27,122133.8,0.2702,20417.6,0.2703,75560.3
1753503314057,04:15:14.057,ALGO/USDT:USDT,0.2701,40627.6,0.27,122133.8,0.2702,20417.6,0.2703,75560.3
1753503314326,04:15:14.326,ALGO/USDT:USDT,0.2701,40627.6,0.27,122133.8,0.2702,20417.6,0.2703,75560.3
1753503314430,04:15:14.430,ALGO/USDT:USDT,0.2701,40627.6,0.27,122133.8,0.2702,20417.6,0.2703,75560.3
1753503314537,04:15:14.537,ALGO/USDT:USDT,0.2701,40627.6,0.27,122133.8,0.2702,20417.6,0.2703,75560.3
1753503314638,04:15:14.638,ALGO/USDT:USDT,0.2701,40627.6,0.27,122133.8,0.2702,22002.5,0.2703,75560.3
1753503314860,04:15:14.860,ALGO/USDT:USDT,0.2701,40627.6,0.27,122133.8,0.2702,22002.5,0.2703,75560.3
1753503315060,04:15:15.060,ALGO/USDT:USDT,0.2701,40627.6,0.27,122133.8,0.2702,22055.7,0.2703,75560.3
1753503315163,04:15:15.163,ALGO/USDT:USDT,0.2701,40627.6,0.27,122133.8,0.2702,35955.7,0.2703,75560.3
1753503315352,04:15:15.352,ALGO/USDT:USDT,0.2701,40627.6,0.27,122133.8,0.2702,37137.1,0.2703,75560.3
1753503315471,04:15:15.471,ALGO/USDT:USDT,0.2701,40627.6,0.27,122133.8,0.2702,37137.1,0.2703,75560.3
1753503315660,04:15:15.660,ALGO/USDT:USDT,0.2701,40627.6,0.27,122133.8,0.2702,37137.1,0.2703,75560.3
1753503315802,04:15:15.802,ALGO/USDT:USDT,0.2701,40627.6,0.27,122133.8,0.2702,37137.1,0.2703,75560.3
1753503315914,04:15:15.914,ALGO/USDT:USDT,0.2701,40627.6,0.27,122133.8,0.2702,37137.1,0.2703,75645.5
1753503316038,04:15:16.038,ALGO/USDT:USDT,0.2701,40627.6,0.27,121679.7,0.2702,37137.1,0.2703,75645.5
1753503316167,04:15:16.167,ALGO/USDT:USDT,0.27,30871.9,0.2699,110899.3,0.2701,19912.9,0.2702,74674.1
1753503316270,04:15:16.270,ALGO/USDT:USDT,0.27,35409.9,0.2699,111084.6,0.2701,19936.2,0.2702,74674.1
1753503316377,04:15:16.377,ALGO/USDT:USDT,0.27,35409.9,0.2699,111084.6,0.2701,19936.2,0.2702,74674.1
1753503316492,04:15:16.492,ALGO/USDT:USDT,0.27,30705.2,0.2699,115807.6,0.2701,19954.8,0.2702,74674.1
1753503316651,04:15:16.651,ALGO/USDT:USDT,0.27,30705.2,0.2699,115807.6,0.2701,19954.8,0.2702,74674.1
1753503316754,04:15:16.754,ALGO/USDT:USDT,0.27,30705.2,0.2699,113116.1,0.2701,19954.8,0.2702,74674.1
1753503316859,04:15:16.859,ALGO/USDT:USDT,0.27,30705.2,0.2699,113116.1,0.2701,19954.8,0.2702,74674.1
1753503317064,04:15:17.064,ALGO/USDT:USDT,0.27,31075.5,0.2699,113482.1,0.2701,4214.1,0.2702,73488.9
1753503317175,04:15:17.175,ALGO/USDT:USDT,0.27,54288.4,0.2699,118567.8,0.2701,4275.2,0.2702,68189.4
1753503317297,04:15:17.297,ALGO/USDT:USDT,0.27,53918.1,0.2699,118567.8,0.2701,4275.2,0.2702,68189.4
1753503317459,04:15:17.459,ALGO/USDT:USDT,0.27,53918.1,0.2699,118567.8,0.2701,4275.2,0.2702,68189.4
1753503317625,04:15:17.625,ALGO/USDT:USDT,0.27,53918.1,0.2699,114418.9,0.2701,4275.2,0.2702,68189.4
1753503317797,04:15:17.797,ALGO/USDT:USDT,0.27,53918.1,0.2699,114418.9,0.2701,4275.2,0.2702,68189.4
1753503317902,04:15:17.902,ALGO/USDT:USDT,0.27,55195.5,0.2699,113122.7,0.2701,41.9,0.2702,68189.4
1753503318013,04:15:18.013,ALGO/USDT:USDT,0.27,60665.8,0.2699,113122.7,0.2701,41.9,0.2702,68189.4
1753503318131,04:15:18.131,ALGO/USDT:USDT,0.27,61398.9,0.2699,113122.7,0.2701,41.9,0.2702,68122.3
1753503318326,04:15:18.326,ALGO/USDT:USDT,0.27,61398.9,0.2699,113122.7,0.2701,41.9,0.2702,68122.3
1753503318438,04:15:18.438,ALGO/USDT:USDT,0.27,61398.9,0.2699,114661.3,0.2701,41.9,0.2702,67222.3
1753503318556,04:15:18.556,ALGO/USDT:USDT,0.27,63979.5,0.2699,116133.9,0.2701,90.4,0.2702,67222.3
1753503318726,04:15:18.726,ALGO/USDT:USDT,0.27,64349.8,0.2699,116133.9,0.2701,109.0,0.2702,67222.3
1753503318860,04:15:18.860,ALGO/USDT:USDT,0.27,64349.8,0.2699,116133.9,0.2701,109.0,0.2702,67222.3
1753503319001,04:15:19.001,ALGO/USDT:USDT,0.27,64349.8,0.2699,115767.9,0.2701,109.0,0.2702,67222.3
1753503319127,04:15:19.127,ALGO/USDT:USDT,0.27,64718.4,0.2699,116504.0,0.2701,109.0,0.2702,66022.3
1753503319260,04:15:19.260,ALGO/USDT:USDT,0.27,65086.8,0.2699,116504.0,0.2701,109.0,0.2702,66022.3
1753503319372,04:15:19.372,ALGO/USDT:USDT,0.27,65272.1,0.2699,117058.1,0.2701,109.0,0.2702,66022.3
1753503319487,04:15:19.487,ALGO/USDT:USDT,0.27,65272.1,0.2699,117058.1,0.2701,131.6,0.2702,66022.3
1753503319602,04:15:19.602,ALGO/USDT:USDT,0.27,65272.1,0.2699,117058.1,0.2701,131.6,0.2702,66022.3
1753503319785,04:15:19.785,ALGO/USDT:USDT,0.27,65622.6,0.2699,117058.1,0.2701,131.6,0.2702,66022.3
1753503319927,04:15:19.927,ALGO/USDT:USDT,0.27,65622.6,0.2699,117058.1,0.2701,131.6,0.2702,51632.9
1753503320060,04:15:20.060,ALGO/USDT:USDT,0.27,65622.6,0.2699,117058.1,0.2701,131.6,0.2702,49782.1
1753503320202,04:15:20.202,ALGO/USDT:USDT,0.27,67461.1,0.2699,117058.1,0.2701,131.6,0.2702,49782.1
1753503320447,04:15:20.447,ALGO/USDT:USDT,0.27,67461.1,0.2699,117428.4,0.2701,131.6,0.2702,49782.1
1753503320562,04:15:20.562,ALGO/USDT:USDT,0.27,72256.4,0.2699,117797.8,0.2701,131.6,0.2702,49782.1
1753503320701,04:15:20.701,ALGO/USDT:USDT,0.27,72256.4,0.2699,117797.8,0.2701,131.6,0.2702,49803.6
1753503320803,04:15:20.803,ALGO/USDT:USDT,0.2701,18536.0,0.27,114008.1,0.2702,18690.2,0.2703,81397.5
1753503320906,04:15:20.906,ALGO/USDT:USDT,0.2701,16384.3,0.27,107332.4,0.2702,18751.3,0.2703,81397.5
1753503321009,04:15:21.009,ALGO/USDT:USDT,0.2701,16384.3,0.27,107332.4,0.2702,18751.3,0.2703,81397.5
1753503321111,04:15:21.111,ALGO/USDT:USDT,0.2701,32402.9,0.27,107600.0,0.2702,18769.9,0.2703,81397.5
1753503321224,04:15:21.224,ALGO/USDT:USDT,0.2701,32402.9,0.27,107600.0,0.2702,18769.9,0.2703,81397.5
1753503321418,04:15:21.418,ALGO/USDT:USDT,0.2701,32402.9,0.27,107600.0,0.2702,18769.9,0.2703,81397.5
1753503321526,04:15:21.526,ALGO/USDT:USDT,0.2701,31666.1,0.27,106489.4,0.2702,18783.5,0.2703,75897.5
1753503321659,04:15:21.659,ALGO/USDT:USDT,0.2701,31666.1,0.27,106121.6,0.2702,18783.5,0.2703,75897.5
1753503321839,04:15:21.839,ALGO/USDT:USDT,0.2701,31666.1,0.27,106121.6,0.2702,18783.5,0.2703,75897.5
1753503321942,04:15:21.942,ALGO/USDT:USDT,0.2701,31666.1,0.27,106121.6,0.2702,18783.5,0.2703,75897.5
1753503322057,04:15:22.057,ALGO/USDT:USDT,0.2701,31666.1,0.27,106121.6,0.2702,18783.5,0.2703,75897.5
1753503322160,04:15:22.160,ALGO/USDT:USDT,0.2701,31666.1,0.27,106121.6,0.2702,18783.5,0.2703,75897.5
1753503322277,04:15:22.277,ALGO/USDT:USDT,0.2701,1675.8,0.27,103762.4,0.2702,20172.9,0.2703,77074.3
1753503322378,04:15:22.378,ALGO/USDT:USDT,0.2701,832.5,0.27,103545.0,0.2702,21468.0,0.2703,76149.4
1753503322494,04:15:22.494,ALGO/USDT:USDT,0.2701,875.0,0.27,103906.7,0.2702,21468.0,0.2703,76149.4
1753503322617,04:15:22.617,ALGO/USDT:USDT,0.2701,7139.7,0.27,103906.7,0.2702,20078.6,0.2703,75779.0
1753503322726,04:15:22.726,ALGO/USDT:USDT,0.2701,7139.7,0.27,103906.7,0.2702,20078.6,0.2703,75779.0
1753503322859,04:15:22.859,ALGO/USDT:USDT,0.2701,7139.7,0.27,103906.7,0.2702,20078.6,0.2703,75779.0
1753503323002,04:15:23.002,ALGO/USDT:USDT,0.2701,7139.7,0.27,103906.7,0.2702,21468.0,0.2703,75779.0
1753503323105,04:15:23.105,ALGO/USDT:USDT,0.2701,1648.2,0.27,103906.7,0.2702,39747.3,0.2703,76519.2
1753503323207,04:15:23.207,ALGO/USDT:USDT,0.2701,1648.2,0.27,103906.7,0.2702,39747.3,0.2703,76519.2
1753503323438,04:15:23.438,ALGO/USDT:USDT,0.2701,4986.1,0.27,103906.7,0.2702,37468.0,0.2703,76519.2
1753503323567,04:15:23.567,ALGO/USDT:USDT,0.2701,4986.1,0.27,103906.7,0.2702,37468.0,0.2703,76519.2
1753503323717,04:15:23.717,ALGO/USDT:USDT,0.2701,6455.2,0.27,103906.7,0.2702,36078.6,0.2703,76519.2
1753503323922,04:15:23.922,ALGO/USDT:USDT,0.2701,5065.8,0.27,103906.7,0.2702,36078.6,0.2703,76519.2
1753503324059,04:15:24.059,ALGO/USDT:USDT,0.2701,5065.8,0.27,103906.7,0.2702,37468.0,0.2703,76519.2
1753503324167,04:15:24.167,ALGO/USDT:USDT,0.2701,893.6,0.27,103906.7,0.2702,39728.7,0.2703,76519.2
1753503324280,04:15:24.280,ALGO/USDT:USDT,0.2701,1552.0,0.27,103906.7,0.2702,39747.3,0.2703,77259.4
1753503324460,04:15:24.460,ALGO/USDT:USDT,0.2701,1552.0,0.27,103906.7,0.2702,39747.3,0.2703,77259.4
1753503324659,04:15:24.659,ALGO/USDT:USDT,0.2701,8731.7,0.27,103906.7,0.2702,34489.8,0.2703,76519.2
1753503324767,04:15:24.767,ALGO/USDT:USDT,0.2701,8750.3,0.27,103906.7,0.2702,35879.2,0.2703,76519.2
1753503324871,04:15:24.871,ALGO/USDT:USDT,0.2701,4578.1,0.27,103906.7,0.2702,32815.5,0.2703,76519.2
1753503325015,04:15:25.015,ALGO/USDT:USDT,0.2701,4578.1,0.27,103906.7,0.2702,32815.5,0.2703,76519.2
1753503325126,04:15:25.126,ALGO/USDT:USDT,0.2701,5948.9,0.27,102736.7,0.2702,32793.7,0.2703,77419.2
1753503325238,04:15:25.238,ALGO/USDT:USDT,0.2701,1552.0,0.27,102736.7,0.2702,36462.4,0.2703,77419.2
1753503325343,04:15:25.343,ALGO/USDT:USDT,0.2701,1533.3,0.27,102736.7,0.2702,34183.1,0.2703,77419.2
1753503325444,04:15:25.444,ALGO/USDT:USDT,0.2701,1551.9,0.27,102736.7,0.2702,36394.3,0.2703,77419.2
1753503325559,04:15:25.559,ALGO/USDT:USDT,0.2701,1551.9,0.27,102736.7,0.2702,32725.6,0.2703,77419.2
1753503325750,04:15:25.750,ALGO/USDT:USDT,0.2701,1551.9,0.27,102736.7,0.2702,37275.7,0.2703,132768.7
1753503325859,04:15:25.859,ALGO/USDT:USDT,0.2701,1551.9,0.27,102736.7,0.2702,37275.7,0.2703,132768.7
1753503325962,04:15:25.962,ALGO/USDT:USDT,0.2701,8750.2,0.27,102736.7,0.2702,16725.6,0.2703,132928.5
1753503326072,04:15:26.072,ALGO/USDT:USDT,0.2701,28418.9,0.27,105249.3,0.2702,16725.6,0.2703,132928.5
1753503326226,04:15:26.226,ALGO/USDT:USDT,0.2701,28418.9,0.27,106419.3,0.2702,16810.8,0.2703,132843.3
1753503326329,04:15:26.329,ALGO/USDT:USDT,0.2701,24749.5,0.27,106419.3,0.2702,18010.8,0.2703,132843.3
1753503326440,04:15:26.440,ALGO/USDT:USDT,0.2701,1551.2,0.27,103906.7,0.2702,22579.5,0.2703,131943.3
1753503326548,04:15:26.548,ALGO/USDT:USDT,0.2701,1551.2,0.27,103906.7,0.2702,22579.5,0.2703,132313.4
1753503326720,04:15:26.720,ALGO/USDT:USDT,0.2701,1551.2,0.27,103906.7,0.2702,22579.5,0.2703,132683.5
1753503326833,04:15:26.833,ALGO/USDT:USDT,0.2701,1551.2,0.27,102736.7,0.2702,18910.8,0.2703,132683.5
1753503327061,04:15:27.061,ALGO/USDT:USDT,0.2701,1551.2,0.27,102736.7,0.2702,38579.5,0.2703,132683.5
1753503327235,04:15:27.235,ALGO/USDT:USDT,0.2701,1551.2,0.27,102736.7,0.2702,38579.5,0.2703,132683.5
1753503327401,04:15:27.401,ALGO/USDT:USDT,0.2701,1551.2,0.27,102736.7,0.2702,38579.5,0.2703,133053.6
1753503327526,04:15:27.526,ALGO/USDT:USDT,0.2701,1551.2,0.27,102736.7,0.2702,38579.5,0.2703,133053.6
1753503327659,04:15:27.659,ALGO/USDT:USDT,0.2701,1551.2,0.27,102736.7,0.2702,38579.5,0.2703,133053.6
1753503327902,04:15:27.902,ALGO/USDT:USDT,0.2701,1551.2,0.27,102736.7,0.2702,38579.5,0.2703,133053.6
1753503328059,04:15:28.059,ALGO/USDT:USDT,0.2701,1551.2,0.27,102736.7,0.2702,38579.5,0.2703,133053.6
1753503328326,04:15:28.326,ALGO/USDT:USDT,0.2701,1551.2,0.27,102736.7,0.2702,38579.5,0.2703,133053.6
1753503328460,04:15:28.460,ALGO/USDT:USDT,0.2701,1551.2,0.27,102736.7,0.2702,38579.5,0.2703,133053.6
1753503328586,04:15:28.586,ALGO/USDT:USDT,0.2701,1551.2,0.27,103906.7,0.2702,37679.5,0.2703,133053.6
1753503328726,04:15:28.726,ALGO/USDT:USDT,0.2701,1551.2,0.27,103906.7,0.2702,36290.1,0.2703,133053.6
1753503328859,04:15:28.859,ALGO/USDT:USDT,0.2701,1551.2,0.27,103906.7,0.2702,36290.1,0.2703,133053.6
1753503329059,04:15:29.059,ALGO/USDT:USDT,0.2701,1551.2,0.27,103906.7,0.2702,37679.5,0.2703,133053.6
1753503329174,04:15:29.174,ALGO/USDT:USDT,0.2701,1551.2,0.27,103906.7,0.2702,37679.5,0.2703,133053.6
1753503329281,04:15:29.281,ALGO/USDT:USDT,0.2701,1532.3,0.27,103906.7,0.2702,35400.2,0.2703,133423.7
1753503329408,04:15:29.408,ALGO/USDT:USDT,0.2701,1550.9,0.27,103906.7,0.2702,35400.2,0.2703,133423.7
1753503329519,04:15:29.519,ALGO/USDT:USDT,0.2701,1550.9,0.27,103906.7,0.2702,37679.5,0.2703,133423.7
1753503329656,04:15:29.656,ALGO/USDT:USDT,0.2701,1550.9,0.27,103906.7,0.2702,37679.5,0.2703,133423.7
1753503329779,04:15:29.779,ALGO/USDT:USDT,0.2701,1550.9,0.27,103906.7,0.2702,37679.5,0.2703,133053.6
1753503329926,04:15:29.926,ALGO/USDT:USDT,0.2701,1550.9,0.27,103906.7,0.2702,34010.8,0.2703,133053.6
1753503330031,04:15:30.031,ALGO/USDT:USDT,0.2701,1550.9,0.27,103906.7,0.2702,37679.5,0.2703,133423.7
1753503330202,04:15:30.202,ALGO/USDT:USDT,0.2701,10138.6,0.27,103906.7,0.2702,17949.7,0.2703,133423.7
1753503330304,04:15:30.304,ALGO/USDT:USDT,0.2701,10058.7,0.27,106364.5,0.2702,18010.8,0.2703,131943.3
1753503330559,04:15:30.559,ALGO/USDT:USDT,0.2701,8749.0,0.27,106364.5,0.2702,18048.3,0.2703,131943.3
1753503330660,04:15:30.660,ALGO/USDT:USDT,0.2701,8749.0,0.27,106364.5,0.2702,19437.7,0.2703,131943.3
1753503330761,04:15:30.761,ALGO/USDT:USDT,0.2701,8749.0,0.27,106364.5,0.2702,21717.0,0.2703,131943.3
1753503330885,04:15:30.885,ALGO/USDT:USDT,0.2701,10138.4,0.27,106364.5,0.2702,16848.3,0.2703,131943.3
1753503331009,04:15:31.009,ALGO/USDT:USDT,0.2701,28417.7,0.27,106364.5,0.2702,16848.3,0.2703,131943.3
1753503331127,04:15:31.127,ALGO/USDT:USDT,0.2701,28417.7,0.27,106364.5,0.2702,17797.2,0.2703,131943.3
1753503331229,04:15:31.229,ALGO/USDT:USDT,0.2701,28417.7,0.27,106364.5,0.2702,17797.2,0.2703,131943.3
1753503331394,04:15:31.394,ALGO/USDT:USDT,0.2701,7796.8,0.27,106364.5,0.2702,21525.8,0.2703,131943.3
1753503331500,04:15:31.500,ALGO/USDT:USDT,0.2701,7796.8,0.27,106364.5,0.2702,20127.9,0.2703,131943.3
1753503331635,04:15:31.635,ALGO/USDT:USDT,0.2701,7796.8,0.27,106364.5,0.2702,20127.9,0.2703,131943.3
1753503331760,04:15:31.760,ALGO/USDT:USDT,0.2701,9186.2,0.27,106364.5,0.2702,18738.5,0.2703,131943.3
1753503331927,04:15:31.927,ALGO/USDT:USDT,0.2701,21167.6,0.27,106002.8,0.2702,30719.9,0.2703,131943.3
1753503332038,04:15:32.038,ALGO/USDT:USDT,0.2701,7796.8,0.27,106002.8,0.2702,32785.1,0.2703,131943.3
1753503332260,04:15:32.260,ALGO/USDT:USDT,0.2701,9186.2,0.27,106640.8,0.2702,29135.0,0.2703,131943.3
1753503332367,04:15:32.367,ALGO/USDT:USDT,0.2701,7796.8,0.27,106640.8,0.2702,30524.4,0.2703,131943.3
1753503332473,04:15:32.473,ALGO/USDT:USDT,0.2701,7796.8,0.27,106640.8,0.2702,30524.6,0.2703,131943.3
1753503332609,04:15:32.609,ALGO/USDT:USDT,0.2701,9167.6,0.27,106640.8,0.2702,29135.2,0.2703,131943.3
1753503332726,04:15:32.726,ALGO/USDT:USDT,0.2701,11465.5,0.27,106640.8,0.2702,17135.2,0.2703,131943.3
1753503332846,04:15:32.846,ALGO/USDT:USDT,0.2701,11473.1,0.27,106640.8,0.2702,17135.2,0.2703,131943.3
1753503332955,04:15:32.955,ALGO/USDT:USDT,0.2701,24491.7,0.27,106640.8,0.2702,17135.2,0.2703,131943.3
1753503333127,04:15:33.127,ALGO/USDT:USDT,0.2701,24491.7,0.27,106640.8,0.2702,17135.2,0.2703,131943.3
1753503333260,04:15:33.260,ALGO/USDT:USDT,0.2701,24491.7,0.27,106640.8,0.2702,17135.2,0.2703,131943.3
1753503333363,04:15:33.363,ALGO/USDT:USDT,0.2701,24491.7,0.27,106640.8,0.2702,17135.4,0.2703,131943.3
1753503333527,04:15:33.527,ALGO/USDT:USDT,0.2701,24491.7,0.27,106640.8,0.2702,17135.4,0.2703,131943.3
1753503333660,04:15:33.660,ALGO/USDT:USDT,0.2701,24491.7,0.27,106640.8,0.2702,17135.4,0.2703,131943.3
1753503334002,04:15:34.002,ALGO/USDT:USDT,0.2701,24491.7,0.27,106640.8,0.2702,16291.5,0.2703,130766.5
1753503334248,04:15:34.248,ALGO/USDT:USDT,0.2701,24491.7,0.27,106640.8,0.2702,16291.5,0.2703,130766.5
1753503334402,04:15:34.402,ALGO/USDT:USDT,0.2701,7823.0,0.27,106640.8,0.2702,19960.2,0.2703,133022.7
1753503334507,04:15:34.507,ALGO/USDT:USDT,0.2701,7823.0,0.27,106640.8,0.2702,19960.2,0.2703,133022.7
1753503334635,04:15:34.635,ALGO/USDT:USDT,0.2701,7823.0,0.27,106640.8,0.2702,19960.2,0.2703,133022.7
1753503334839,04:15:34.839,ALGO/USDT:USDT,0.2701,7823.0,0.27,106640.8,0.2702,19960.2,0.2703,133022.7
1753503334947,04:15:34.947,ALGO/USDT:USDT,0.2701,24491.7,0.27,106640.8,0.2702,16291.5,0.2703,133022.7
1753503335060,04:15:35.060,ALGO/USDT:USDT,0.2701,25643.1,0.27,105470.8,0.2702,16291.5,0.2703,133022.7
1753503335396,04:15:35.396,ALGO/USDT:USDT,0.2701,24491.4,0.27,106640.8,0.2702,16291.5,0.2703,133922.7
1753503335502,04:15:35.502,ALGO/USDT:USDT,0.2701,24491.4,0.27,106640.8,0.2702,16291.5,0.2703,133922.7
1753503335660,04:15:35.660,ALGO/USDT:USDT,0.2701,24491.4,0.27,106640.8,0.2702,16291.5,0.2703,133922.7
1753503335776,04:15:35.776,ALGO/USDT:USDT,0.2701,24491.4,0.27,106640.8,0.2702,16291.5,0.2703,133922.7
1753503335909,04:15:35.909,ALGO/USDT:USDT,0.2701,9212.1,0.27,104183.0,0.2702,36860.2,0.2703,76773.2
1753503336012,04:15:36.012,ALGO/USDT:USDT,0.2701,11472.8,0.27,104183.0,0.2702,33172.9,0.2703,76773.2
1753503336126,04:15:36.126,ALGO/USDT:USDT,0.2701,11491.4,0.27,108890.6,0.2702,17191.5,0.2703,76773.2
1753503336227,04:15:36.227,ALGO/USDT:USDT,0.2701,11491.4,0.27,108890.6,0.2702,17191.5,0.2703,76773.2
1753503336335,04:15:36.335,ALGO/USDT:USDT,0.2701,11472.6,0.27,108890.6,0.2702,17191.5,0.2703,76773.2
1753503336459,04:15:36.459,ALGO/USDT:USDT,0.2701,11472.6,0.27,108890.6,0.2702,17191.5,0.2703,76773.2
1753503336570,04:15:36.570,ALGO/USDT:USDT,0.2701,11472.6,0.27,108890.6,0.2702,17191.5,0.2703,76773.2
1753503336718,04:15:36.718,ALGO/USDT:USDT,0.2701,11472.6,0.27,108890.6,0.2702,17191.5,0.2703,76773.2
1753503336859,04:15:36.859,ALGO/USDT:USDT,0.2701,24491.2,0.27,108890.6,0.2702,16291.5,0.2703,77673.2
1753503337102,04:15:37.102,ALGO/USDT:USDT,0.2701,24491.2,0.27,108890.6,0.2702,16291.5,0.2703,77673.2
1753503337237,04:15:37.237,ALGO/USDT:USDT,0.2701,24491.2,0.27,108890.6,0.2702,16291.5,0.2703,77673.2
1753503337350,04:15:37.350,ALGO/USDT:USDT,0.2701,24490.6,0.27,109753.0,0.2702,16291.5,0.2703,77673.2
1753503337483,04:15:37.483,ALGO/USDT:USDT,0.2701,7821.9,0.27,109753.0,0.2702,17693.0,0.2703,77673.2
1753503337660,04:15:37.660,ALGO/USDT:USDT,0.2701,7821.9,0.27,109753.0,0.2702,19953.7,0.2703,77673.2
1753503337842,04:15:37.842,ALGO/USDT:USDT,0.2701,3649.7,0.27,103875.4,0.2702,35972.3,0.2703,77673.2
1753503337945,04:15:37.945,ALGO/USDT:USDT,0.2701,1575.8,0.27,103845.4,0.2702,36872.3,0.2703,76773.2
1753503338059,04:15:38.059,ALGO/USDT:USDT,0.2701,1575.8,0.27,103845.4,0.2702,36872.3,0.2703,77143.3
1753503338202,04:15:38.202,ALGO/USDT:USDT,0.2701,7137.4,0.27,103845.4,0.2702,17203.6,0.2703,76773.2
1753503338318,04:15:38.318,ALGO/USDT:USDT,0.2701,5092.0,0.27,103845.4,0.2702,20853.7,0.2703,76773.2
1753503338421,04:15:38.421,ALGO/USDT:USDT,0.2701,5747.9,0.27,105045.4,0.2702,20872.7,0.2703,76773.2
1753503338726,04:15:38.726,ALGO/USDT:USDT,0.2701,5747.9,0.27,105045.4,0.2702,17693.4,0.2703,76773.2
1753503338837,04:15:38.837,ALGO/USDT:USDT,0.2701,25416.6,0.27,109753.0,0.2702,16304.0,0.2703,76773.2
1753503339033,04:15:39.033,ALGO/USDT:USDT,0.2701,21747.9,0.27,109753.0,0.2702,32295.5,0.2703,76773.2
1753503339179,04:15:39.179,ALGO/USDT:USDT,0.2701,21747.9,0.27,109753.0,0.2702,34556.2,0.2703,76773.2
1753503339347,04:15:39.347,ALGO/USDT:USDT,0.2701,6948.9,0.27,109753.0,0.2702,34574.8,0.2703,76773.2
1753503339494,04:15:39.494,ALGO/USDT:USDT,0.2701,5747.9,0.27,109753.0,0.2702,34574.0,0.2703,76773.2
1753503339605,04:15:39.605,ALGO/USDT:USDT,0.2701,5747.9,0.27,109753.0,0.2702,32294.7,0.2703,76773.2
1753503339712,04:15:39.712,ALGO/USDT:USDT,0.2701,5747.9,0.27,105045.4,0.2702,34574.0,0.2703,76773.2
1753503339883,04:15:39.883,ALGO/USDT:USDT,0.2701,17137.3,0.27,105045.4,0.2702,32737.5,0.2703,76773.2
1753503340059,04:15:40.059,ALGO/USDT:USDT,0.2701,15747.9,0.27,105045.4,0.2702,34118.8,0.2703,76773.2
1753503340173,04:15:40.173,ALGO/USDT:USDT,0.2701,17118.7,0.27,105045.4,0.2702,34100.2,0.2703,76773.2
1753503340327,04:15:40.327,ALGO/USDT:USDT,0.2701,17118.7,0.27,105045.4,0.2702,34100.2,0.2703,76773.2
1753503340459,04:15:40.459,ALGO/USDT:USDT,0.2701,17137.3,0.27,105045.4,0.2702,32730.2,0.2703,76773.2
1753503340563,04:15:40.563,ALGO/USDT:USDT,0.2701,15747.9,0.27,105045.4,0.2702,36380.3,0.2703,76773.2
1753503340726,04:15:40.726,ALGO/USDT:USDT,0.2701,15747.9,0.27,105045.4,0.2702,36398.9,0.2703,76773.2
1753503340828,04:15:40.828,ALGO/USDT:USDT,0.2701,15729.3,0.27,105045.4,0.2702,34119.6,0.2703,76773.2
1753503340967,04:15:40.967,ALGO/USDT:USDT,0.2701,15747.9,0.27,105045.4,0.2702,34119.6,0.2703,76773.2
1753503341124,04:15:41.124,ALGO/USDT:USDT,0.2701,17118.7,0.27,105045.4,0.2702,34119.6,0.2703,76773.2
1753503341259,04:15:41.259,ALGO/USDT:USDT,0.2701,1514.6,0.27,105045.4,0.2702,36398.9,0.2703,76773.2
1753503341360,04:15:41.360,ALGO/USDT:USDT,0.2701,1514.4,0.27,105045.4,0.2702,36398.9,0.2703,76773.2
1753503341472,04:15:41.472,ALGO/USDT:USDT,0.2701,2903.8,0.27,105045.4,0.2702,35009.5,0.2703,76773.2
1753503341587,04:15:41.587,ALGO/USDT:USDT,0.2701,2964.9,0.27,105045.4,0.2702,32730.2,0.2703,76773.2
1753503341761,04:15:41.761,ALGO/USDT:USDT,0.2701,9416.4,0.27,105045.4,0.2702,32692.4,0.2703,76773.2
1753503341894,04:15:41.894,ALGO/USDT:USDT,0.2701,21416.4,0.27,105045.4,0.2702,32692.4,0.2703,76773.2
1753503342002,04:15:42.002,ALGO/USDT:USDT,0.2701,7137.1,0.27,105045.4,0.2702,32692.4,0.2703,76773.2
1753503342135,04:15:42.135,ALGO/USDT:USDT,0.2701,1537.7,0.27,103845.4,0.2702,49361.1,0.2703,77513.4
1753503342248,04:15:42.248,ALGO/USDT:USDT,0.2701,1537.7,0.27,103845.4,0.2702,49361.1,0.2703,77513.4
1753503342391,04:15:42.391,ALGO/USDT:USDT,0.2701,1537.7,0.27,103845.4,0.2702,49361.1,0.2703,77513.4
1753503342502,04:15:42.502,ALGO/USDT:USDT,0.2701,1537.7,0.27,103845.4,0.2702,51051.7,0.2703,77513.4
1753503342625,04:15:42.625,ALGO/USDT:USDT,0.2701,1537.7,0.27,103845.4,0.2702,51051.7,0.2703,77883.5
1753503342727,04:15:42.727,ALGO/USDT:USDT,0.2701,1537.7,0.27,103845.4,0.2702,51051.7,0.2703,77883.5
1753503342860,04:15:42.860,ALGO/USDT:USDT,0.2701,1537.7,0.27,103845.4,0.2702,51051.7,0.2703,77883.5
1753503343019,04:15:43.019,ALGO/USDT:USDT,0.2701,5626.9,0.27,105045.4,0.2702,35772.4,0.2703,77513.4
1753503343126,04:15:43.126,ALGO/USDT:USDT,0.2701,9356.7,0.27,105045.4,0.2702,34383.0,0.2703,77513.4
1753503343259,04:15:43.259,ALGO/USDT:USDT,0.2701,9356.7,0.27,105045.4,0.2702,34383.0,0.2703,77513.4
1753503343380,04:15:43.380,ALGO/USDT:USDT,0.2701,5688.0,0.27,105045.4,0.2702,34364.4,0.2703,77143.3
1753503343496,04:15:43.496,ALGO/USDT:USDT,0.2701,1515.8,0.27,103845.4,0.2702,38023.1,0.2703,77143.3
1753503343638,04:15:43.638,ALGO/USDT:USDT,0.2701,1515.8,0.27,103845.4,0.2702,38452.3,0.2703,77513.4
1753503343767,04:15:43.767,ALGO/USDT:USDT,0.2701,1515.8,0.27,103845.4,0.2702,38452.3,0.2703,77883.5
1753503343871,04:15:43.871,ALGO/USDT:USDT,0.2701,1515.8,0.27,103845.4,0.2702,54452.3,0.2703,77883.5
1753503344041,04:15:44.041,ALGO/USDT:USDT,0.2701,1515.8,0.27,103845.4,0.2702,54452.3,0.2703,77883.5
1753503344202,04:15:44.202,ALGO/USDT:USDT,0.2701,1515.8,0.27,103845.4,0.2702,54822.4,0.2703,77883.5
1753503344326,04:15:44.326,ALGO/USDT:USDT,0.2701,1515.8,0.27,103845.4,0.2702,54822.4,0.2703,77883.5
1753503344460,04:15:44.460,ALGO/USDT:USDT,0.2701,1515.8,0.27,103845.4,0.2702,54822.4,0.2703,77883.5
1753503344727,04:15:44.727,ALGO/USDT:USDT,0.2701,1515.8,0.27,103845.4,0.2702,54822.4,0.2703,77883.5
1753503344831,04:15:44.831,ALGO/USDT:USDT,0.2701,1515.8,0.27,103845.4,0.2702,55192.5,0.2703,77883.5
1753503345047,04:15:45.047,ALGO/USDT:USDT,0.2701,1515.8,0.27,103845.4,0.2702,55192.5,0.2703,77883.5
1753503345259,04:15:45.259,ALGO/USDT:USDT,0.2701,1515.8,0.27,103845.4,0.2702,55192.5,0.2703,77883.5
1753503345365,04:15:45.365,ALGO/USDT:USDT,0.2701,1515.8,0.27,103845.4,0.2702,55192.5,0.2703,77883.5
1753503345659,04:15:45.659,ALGO/USDT:USDT,0.2701,9356.7,0.27,109545.6,0.2702,36423.8,0.2703,77143.3
1753503345813,04:15:45.813,ALGO/USDT:USDT,0.2701,9356.7,0.27,109545.6,0.2702,36423.8,0.2703,76773.2
1753503345926,04:15:45.926,ALGO/USDT:USDT,0.2701,9356.7,0.27,109545.6,0.2702,36423.8,0.2703,76773.2
1753503346060,04:15:46.060,ALGO/USDT:USDT,0.2701,9356.7,0.27,109545.6,0.2702,36423.8,0.2703,76773.2
1753503346254,04:15:46.254,ALGO/USDT:USDT,0.2701,9356.7,0.27,113382.6,0.2702,36423.8,0.2703,76773.2
1753503346438,04:15:46.438,ALGO/USDT:USDT,0.2701,9356.1,0.27,113382.6,0.2702,36423.8,0.2703,76773.2
1753503346571,04:15:46.571,ALGO/USDT:USDT,0.2701,11492.3,0.27,113382.6,0.2702,36053.7,0.2703,76773.2
1753503346727,04:15:46.727,ALGO/USDT:USDT,0.2701,7386.9,0.27,113382.6,0.2702,35683.6,0.2703,76773.2
1753503346838,04:15:46.838,ALGO/USDT:USDT,0.2701,3718.2,0.27,107682.4,0.2702,55352.3,0.2703,77513.4
1753503346945,04:15:46.945,ALGO/USDT:USDT,0.2701,3718.2,0.27,107682.4,0.2702,55352.3,0.2703,77513.4
1753503347057,04:15:47.057,ALGO/USDT:USDT,0.2701,3718.2,0.27,107682.4,0.2702,55352.3,0.2703,77513.4
1753503347204,04:15:47.204,ALGO/USDT:USDT,0.2701,3718.2,0.27,107682.4,0.2702,55333.8,0.2703,77513.4
1753503347345,04:15:47.345,ALGO/USDT:USDT,0.2701,3063.1,0.27,107682.4,0.2702,55722.5,0.2703,77513.4
1753503347447,04:15:47.447,ALGO/USDT:USDT,0.2701,3699.8,0.27,107682.4,0.2702,55722.5,0.2703,77513.4
1753503347660,04:15:47.660,ALGO/USDT:USDT,0.2701,3718.4,0.27,107682.4,0.2702,55761.0,0.2703,77883.5
1753503347818,04:15:47.818,ALGO/USDT:USDT,0.27,77890.6,0.2699,103900.3,0.2701,2620.2,0.2702,63327.1
1753503347919,04:15:47.919,ALGO/USDT:USDT,0.27,38264.4,0.2699,116926.1,0.2701,19523.9,0.2702,100396.1
1753503348022,04:15:48.022,ALGO/USDT:USDT,0.27,39653.8,0.2699,121611.6,0.2701,19153.6,0.2702,98544.8
1753503348130,04:15:48.130,ALGO/USDT:USDT,0.27,39653.8,0.2699,121611.6,0.2701,19153.6,0.2702,94246.2
1753503348273,04:15:48.273,ALGO/USDT:USDT,0.27,46451.9,0.2699,127063.3,0.2701,1501.0,0.2702,93074.7
1753503348436,04:15:48.436,ALGO/USDT:USDT,0.27,46433.3,0.2699,127431.9,0.2701,1537.8,0.2702,93037.8
1753503348544,04:15:48.544,ALGO/USDT:USDT,0.27,46811.2,0.2699,127431.9,0.2701,1102.3,0.2702,93000.9
1753503348647,04:15:48.647,ALGO/USDT:USDT,0.27,47181.5,0.2699,127431.9,0.2701,1120.9,0.2702,93026.9
1753503348808,04:15:48.808,ALGO/USDT:USDT,0.2701,8961.5,0.27,111495.8,0.2702,59085.0,0.2703,81526.6
1753503348910,04:15:48.910,ALGO/USDT:USDT,0.2701,10043.5,0.27,116422.5,0.2702,53302.7,0.2703,81526.6
1753503349017,04:15:49.017,ALGO/USDT:USDT,0.2701,9685.7,0.27,117618.5,0.2702,53302.7,0.2703,81526.6
1753503349123,04:15:49.123,ALGO/USDT:USDT,0.2701,9685.7,0.27,117618.5,0.2702,53302.7,0.2703,81526.6
1753503349225,04:15:49.225,ALGO/USDT:USDT,0.2701,8314.9,0.27,117618.5,0.2702,53343.8,0.2703,81526.6
1753503349359,04:15:49.359,ALGO/USDT:USDT,0.2701,9685.7,0.27,117618.5,0.2702,37343.8,0.2703,81526.6
1753503349526,04:15:49.526,ALGO/USDT:USDT,0.2701,9685.7,0.27,117618.5,0.2702,37343.8,0.2703,81526.6
1753503349659,04:15:49.659,ALGO/USDT:USDT,0.2701,9685.7,0.27,117618.5,0.2702,37343.8,0.2703,81526.6
1753503349804,04:15:49.804,ALGO/USDT:USDT,0.2701,5204.1,0.27,117618.5,0.2702,57012.5,0.2703,81526.6
1753503349906,04:15:49.906,ALGO/USDT:USDT,0.27,58144.3,0.2699,127061.8,0.2701,8617.3,0.2702,69539.5
1753503350008,04:15:50.008,ALGO/USDT:USDT,0.2701,3110.8,0.27,115125.9,0.2702,56932.8,0.2703,82266.8
1753503350109,04:15:50.109,ALGO/USDT:USDT,0.2701,3171.9,0.27,114395.0,0.2702,56993.9,0.2703,81896.7
1753503350327,04:15:50.327,ALGO/USDT:USDT,0.2701,3171.9,0.27,114395.0,0.2702,56993.9,0.2703,81896.7
1753503350460,04:15:50.460,ALGO/USDT:USDT,0.2701,8752.1,0.27,114301.4,0.2702,53343.8,0.2703,81526.6
1753503350567,04:15:50.567,ALGO/USDT:USDT,0.2701,8752.1,0.27,114301.4,0.2702,53343.8,0.2703,81526.6
1753503350702,04:15:50.702,ALGO/USDT:USDT,0.2701,8752.1,0.27,114301.4,0.2702,53343.8,0.2703,81526.6
1753503350860,04:15:50.860,ALGO/USDT:USDT,0.2701,8752.1,0.27,114466.0,0.2702,53343.8,0.2703,81526.6
1753503351005,04:15:51.005,ALGO/USDT:USDT,0.2701,8752.1,0.27,109561.4,0.2702,53343.8,0.2703,81526.6
1753503351111,04:15:51.111,ALGO/USDT:USDT,0.2701,8752.1,0.27,105724.4,0.2702,53343.8,0.2703,81526.6
1753503351260,04:15:51.260,ALGO/USDT:USDT,0.2701,8752.1,0.27,105724.4,0.2702,53343.8,0.2703,81526.6
1753503351370,04:15:51.370,ALGO/USDT:USDT,0.2701,4251.9,0.27,105750.4,0.2702,57012.5,0.2703,81526.6
1753503351505,04:15:51.505,ALGO/USDT:USDT,0.2701,4251.9,0.27,105750.4,0.2702,57012.5,0.2703,81526.6
1753503351659,04:15:51.659,ALGO/USDT:USDT,0.2701,4251.9,0.27,105750.4,0.2702,57012.5,0.2703,81526.6
1753503351762,04:15:51.762,ALGO/USDT:USDT,0.2701,18.6,0.27,100079.2,0.2702,57276.8,0.2703,82266.8
1753503351898,04:15:51.898,ALGO/USDT:USDT,0.2701,18.6,0.27,100079.2,0.2702,57276.8,0.2703,82266.8
1753503352035,04:15:52.035,ALGO/USDT:USDT,0.2701,18.6,0.27,100079.2,0.2702,57276.8,0.2703,82266.8
1753503352326,04:15:52.326,ALGO/USDT:USDT,0.2701,18.6,0.27,100079.2,0.2702,57276.8,0.2703,82266.8
1753503352448,04:15:52.448,ALGO/USDT:USDT,0.2701,18.6,0.27,100079.2,0.2702,57276.8,0.2703,82266.8
1753503352557,04:15:52.557,ALGO/USDT:USDT,0.2701,18.6,0.27,100079.2,0.2702,57646.9,0.2703,82636.9
1753503352658,04:15:52.658,ALGO/USDT:USDT,0.27,41464.5,0.2699,114651.0,0.2701,4172.2,0.2702,81312.0
1753503352762,04:15:52.762,ALGO/USDT:USDT,0.27,57464.5,0.2699,114651.0,0.2701,4233.3,0.2702,80597.6
1753503352903,04:15:52.903,ALGO/USDT:USDT,0.27,41464.5,0.2699,114651.0,0.2701,4233.3,0.2702,80597.6
1753503353029,04:15:53.029,ALGO/USDT:USDT,0.27,41483.1,0.2699,114651.0,0.2701,4251.9,0.2702,80597.6
1753503353139,04:15:53.139,ALGO/USDT:USDT,0.27,41483.1,0.2699,114651.0,0.2701,4251.9,0.2702,80597.6
1753503353261,04:15:53.261,ALGO/USDT:USDT,0.27,41483.1,0.2699,114651.0,0.2701,4251.9,0.2702,80597.6
1753503353368,04:15:53.368,ALGO/USDT:USDT,0.27,41483.1,0.2699,115019.6,0.2701,4251.9,0.2702,80597.6
1753503353480,04:15:53.480,ALGO/USDT:USDT,0.27,44126.2,0.2699,115019.6,0.2701,4251.9,0.2702,80597.6
1753503353595,04:15:53.595,ALGO/USDT:USDT,0.27,39716.9,0.2699,115758.3,0.2701,22556.7,0.2702,80597.6
1753503353701,04:15:53.701,ALGO/USDT:USDT,0.27,39790.4,0.2699,115904.2,0.2701,38556.7,0.2702,80597.6
1753503353819,04:15:53.819,ALGO/USDT:USDT,0.27,39790.4,0.2699,115904.2,0.2701,38556.7,0.2702,80597.6
1753503353927,04:15:53.927,ALGO/USDT:USDT,0.27,39790.4,0.2699,115904.2,0.2701,38556.7,0.2702,80597.6
1753503354059,04:15:54.059,ALGO/USDT:USDT,0.27,39790.4,0.2699,115904.2,0.2701,38556.7,0.2702,80597.6
1753503354326,04:15:54.326,ALGO/USDT:USDT,0.27,39790.4,0.2699,117074.2,0.2701,38589.8,0.2702,80544.2
1753503354460,04:15:54.460,ALGO/USDT:USDT,0.27,39426.6,0.2699,116703.9,0.2701,22608.4,0.2702,80544.2
1753503354581,04:15:54.581,ALGO/USDT:USDT,0.27,39426.6,0.2699,116335.5,0.2701,22608.4,0.2702,80544.2
1753503354726,04:15:54.726,ALGO/USDT:USDT,0.27,38037.2,0.2699,116335.5,0.2701,37997.8,0.2702,80544.2
1753503354859,04:15:54.859,ALGO/USDT:USDT,0.27,39426.6,0.2699,116335.5,0.2701,37997.8,0.2702,80544.2
1753503354961,04:15:54.961,ALGO/USDT:USDT,0.27,39426.6,0.2699,116335.5,0.2701,36608.4,0.2702,80544.2
1753503355116,04:15:55.116,ALGO/USDT:USDT,0.27,39426.6,0.2699,116335.5,0.2701,22608.4,0.2702,80544.2
1753503355259,04:15:55.259,ALGO/USDT:USDT,0.27,39426.6,0.2699,116335.5,0.2701,22608.4,0.2702,80544.2
1753503355392,04:15:55.392,ALGO/USDT:USDT,0.27,39426.6,0.2699,116335.5,0.2701,22608.4,0.2702,80544.2
1753503355526,04:15:55.526,ALGO/USDT:USDT,0.27,39426.6,0.2699,114796.9,0.2701,22692.2,0.2702,80524.7
1753503355659,04:15:55.659,ALGO/USDT:USDT,0.27,39426.6,0.2699,114796.9,0.2701,36673.6,0.2702,80524.7
1753503355804,04:15:55.804,ALGO/USDT:USDT,0.27,41687.3,0.2699,114796.9,0.2701,19831.1,0.2702,80524.7
1753503355920,04:15:55.920,ALGO/USDT:USDT,0.27,42446.5,0.2699,114796.9,0.2701,19892.2,0.2702,80524.7
1753503356059,04:15:56.059,ALGO/USDT:USDT,0.27,18078.8,0.2699,114796.9,0.2701,24063.0,0.2702,84679.3
1753503356168,04:15:56.168,ALGO/USDT:USDT,0.2699,24503.6,0.2698,83393.1,0.27,26453.2,0.2701,88431.8
1753503356271,04:15:56.271,ALGO/USDT:USDT,0.2699,24503.6,0.2698,83393.1,0.27,26514.4,0.2701,88431.8
1753503356374,04:15:56.374,ALGO/USDT:USDT,0.2699,24503.6,0.2698,83761.8,0.27,28793.7,0.2701,86152.5
1753503356594,04:15:56.594,ALGO/USDT:USDT,0.2699,6978.7,0.2698,83761.8,0.27,28812.3,0.2701,86152.5
1753503356726,04:15:56.726,ALGO/USDT:USDT,0.2699,7416.7,0.2698,83761.8,0.27,44812.3,0.2701,86152.5
1753503356834,04:15:56.834,ALGO/USDT:USDT,0.2699,7416.7,0.2698,83761.8,0.27,44812.3,0.2701,86152.5
1753503357074,04:15:57.074,ALGO/USDT:USDT,0.2699,7314.4,0.2698,80056.1,0.27,46830.5,0.2701,89205.0
1753503357175,04:15:57.175,ALGO/USDT:USDT,0.2699,5217.0,0.2698,78153.1,0.27,46934.3,0.2701,90800.0
1753503357277,04:15:57.277,ALGO/USDT:USDT,0.2699,5217.0,0.2698,78120.8,0.27,46934.3,0.2701,90800.0
1753503357517,04:15:57.517,ALGO/USDT:USDT,0.2699,5217.0,0.2698,78120.8,0.27,47241.6,0.2701,95868.6
1753503357656,04:15:57.656,ALGO/USDT:USDT,0.2699,1044.8,0.2698,76920.8,0.27,51396.2,0.2701,95868.6
1753503357764,04:15:57.764,ALGO/USDT:USDT,0.2699,1044.8,0.2698,76920.8,0.27,51396.2,0.2701,96609.4
1753503357926,04:15:57.926,ALGO/USDT:USDT,0.2699,1044.8,0.2698,76920.8,0.27,51396.2,0.2701,96609.4
1753503358054,04:15:58.054,ALGO/USDT:USDT,0.2698,35041.2,0.2697,104480.4,0.2699,174.9,0.27,93942.7
1753503358159,04:15:58.159,ALGO/USDT:USDT,0.2699,6798.7,0.2698,71341.0,0.27,54745.6,0.2701,104239.0
1753503358265,04:15:58.265,ALGO/USDT:USDT,0.2699,6798.7,0.2698,71364.6,0.27,54745.6,0.2701,104609.4
1753503358478,04:15:58.478,ALGO/USDT:USDT,0.2699,6859.9,0.2698,71364.6,0.27,54806.8,0.2701,100884.6
1753503358590,04:15:58.590,ALGO/USDT:USDT,0.2699,6859.9,0.2698,71364.6,0.27,54806.8,0.2701,100884.6
1753503358726,04:15:58.726,ALGO/USDT:USDT,0.2699,6859.9,0.2698,71364.6,0.27,54806.8,0.2701,100884.6
1753503358977,04:15:58.977,ALGO/USDT:USDT,0.2699,4804.6,0.2698,71364.6,0.27,54825.4,0.2701,100884.6
1753503359126,04:15:59.126,ALGO/USDT:USDT,0.2699,4804.6,0.2698,71364.6,0.27,54825.4,0.2701,100884.6
1753503359260,04:15:59.260,ALGO/USDT:USDT,0.2699,4804.6,0.2698,71364.6,0.27,53455.5,0.2701,100884.6
1753503359417,04:15:59.417,ALGO/USDT:USDT,0.2699,4804.6,0.2698,66671.3,0.27,55273.8,0.2701,100884.6
1753503359526,04:15:59.526,ALGO/USDT:USDT,0.2699,4804.6,0.2698,66671.3,0.27,55273.8,0.2701,100884.6
1753503359659,04:15:59.659,ALGO/USDT:USDT,0.2699,4804.6,0.2698,66671.3,0.27,55273.8,0.2701,100884.6
1753503359847,04:15:59.847,ALGO/USDT:USDT,0.2699,4804.6,0.2698,66671.3,0.27,55273.8,0.2701,100884.6
1753503359955,04:15:59.955,ALGO/USDT:USDT,0.2699,23978.1,0.2698,69638.1,0.27,26905.1,0.2701,103451.2
1753503360059,04:16:00.059,ALGO/USDT:USDT,0.2699,23978.1,0.2698,69194.7,0.27,21532.9,0.2701,102710.4
1753503360177,04:16:00.177,ALGO/USDT:USDT,0.2699,23978.1,0.2698,69161.0,0.27,21532.9,0.2701,102293.8
1753503360327,04:16:00.327,ALGO/USDT:USDT,0.2699,23978.1,0.2698,70361.0,0.27,21584.5,0.2701,102242.1
1753503360560,04:16:00.560,ALGO/USDT:USDT,0.2699,23978.1,0.2698,70361.0,0.27,21584.5,0.2701,102242.1
1753503360682,04:16:00.682,ALGO/USDT:USDT,0.2699,39959.5,0.2698,70361.0,0.27,21584.5,0.2701,102242.1
1753503360805,04:16:00.805,ALGO/USDT:USDT,0.2699,20309.4,0.2698,70361.0,0.27,26453.2,0.2701,102242.1
1753503360917,04:16:00.917,ALGO/USDT:USDT,0.2699,4804.6,0.2698,66004.8,0.27,26453.2,0.2701,102612.5
1753503361032,04:16:01.032,ALGO/USDT:USDT,0.2699,4804.6,0.2698,66004.8,0.27,26453.2,0.2701,102612.5
1753503361260,04:16:01.260,ALGO/USDT:USDT,0.2699,4804.6,0.2698,64804.8,0.27,26450.4,0.2701,102612.5
1753503361406,04:16:01.406,ALGO/USDT:USDT,0.2699,4804.6,0.2698,64804.8,0.27,26431.8,0.2701,102982.9
1753503361508,04:16:01.508,ALGO/USDT:USDT,0.2699,4804.6,0.2698,64804.8,0.27,27191.2,0.2701,102982.9
1753503361613,04:16:01.613,ALGO/USDT:USDT,0.2699,4804.6,0.2698,64804.8,0.27,43109.6,0.2701,102982.9
1753503361729,04:16:01.729,ALGO/USDT:USDT,0.2699,6414.3,0.2698,64804.8,0.27,43189.4,0.2701,132222.1
1753503361832,04:16:01.832,ALGO/USDT:USDT,0.2699,6414.3,0.2698,64804.8,0.27,43189.4,0.2701,137098.4
1753503361972,04:16:01.972,ALGO/USDT:USDT,0.2699,6414.3,0.2698,64804.8,0.27,42448.6,0.2701,137098.4
1753503362158,04:16:02.158,ALGO/USDT:USDT,0.2699,4804.6,0.2698,66004.8,0.27,25059.2,0.2701,137098.4
1753503362302,04:16:02.302,ALGO/USDT:USDT,0.2699,8473.3,0.2698,66004.8,0.27,22779.9,0.2701,114620.2
1753503362407,04:16:02.407,ALGO/USDT:USDT,0.2699,8473.3,0.2698,66004.8,0.27,22779.9,0.2701,114620.2
1753503362510,04:16:02.510,ALGO/USDT:USDT,0.2699,4804.6,0.2698,66004.8,0.27,25040.6,0.2701,114620.2
1753503362618,04:16:02.618,ALGO/USDT:USDT,0.2699,4804.6,0.2698,64804.8,0.27,42448.6,0.2701,114620.2
1753503362727,04:16:02.727,ALGO/USDT:USDT,0.2699,4804.6,0.2698,64804.8,0.27,42448.6,0.2701,114620.2
1753503362860,04:16:02.860,ALGO/USDT:USDT,0.2699,4804.6,0.2698,64804.8,0.27,42448.6,0.2701,114620.2
1753503362963,04:16:02.963,ALGO/USDT:USDT,0.2699,4804.6,0.2698,64804.8,0.27,42448.6,0.2701,114620.2
1753503363124,04:16:03.124,ALGO/USDT:USDT,0.2699,6385.6,0.2698,64804.8,0.27,43189.4,0.2701,114620.2
1753503363253,04:16:03.253,ALGO/USDT:USDT,0.2699,6385.6,0.2698,64804.8,0.27,43189.4,0.2701,114620.2
1753503363367,04:16:03.367,ALGO/USDT:USDT,0.2699,6385.6,0.2698,65974.8,0.27,42800.2,0.2701,114620.2
1753503363502,04:16:03.502,ALGO/USDT:USDT,0.2699,6385.6,0.2698,65974.8,0.27,42800.2,0.2701,114620.2
1753503363641,04:16:03.641,ALGO/USDT:USDT,0.2699,6385.6,0.2698,65974.8,0.27,42800.2,0.2701,114620.2
1753503363862,04:16:03.862,ALGO/USDT:USDT,0.2699,6385.6,0.2698,65974.8,0.27,43504.9,0.2701,116472.3
1753503363967,04:16:03.967,ALGO/USDT:USDT,0.2699,2213.4,0.2698,65974.8,0.27,43523.5,0.2701,116472.3
1753503364088,04:16:04.088,ALGO/USDT:USDT,0.2699,632.4,0.2698,65974.8,0.27,43523.5,0.2701,116472.3
1753503364205,04:16:04.205,ALGO/USDT:USDT,0.2699,632.4,0.2698,65974.8,0.27,43523.5,0.2701,115361.0
1753503364539,04:16:04.539,ALGO/USDT:USDT,0.2699,8106.4,0.2698,70420.2,0.27,41282.8,0.2701,115277.2
1753503364641,04:16:04.641,ALGO/USDT:USDT,0.2699,9453.3,0.2698,70420.2,0.27,41301.4,0.2701,114536.4
1753503364772,04:16:04.772,ALGO/USDT:USDT,0.2699,9453.3,0.2698,70420.2,0.27,41301.4,0.2701,114536.4
1753503364945,04:16:04.945,ALGO/USDT:USDT,0.2699,9453.3,0.2698,70420.2,0.27,41301.4,0.2701,114536.4
1753503365059,04:16:05.059,ALGO/USDT:USDT,0.2699,9050.1,0.2698,70420.2,0.27,39912.0,0.2701,114536.4
1753503365161,04:16:05.161,ALGO/USDT:USDT,0.2699,9596.2,0.2698,71620.2,0.27,37614.1,0.2701,114536.4
1753503365263,04:16:05.263,ALGO/USDT:USDT,0.2699,9614.8,0.2698,71620.2,0.27,40793.3,0.2701,114536.4
1753503365366,04:16:05.366,ALGO/USDT:USDT,0.2699,9614.8,0.2698,71620.2,0.27,40811.9,0.2701,114536.4
1753503365526,04:16:05.526,ALGO/USDT:USDT,0.2699,9614.8,0.2698,71620.2,0.27,40811.9,0.2701,114536.4
1753503365639,04:16:05.639,ALGO/USDT:USDT,0.2699,8225.4,0.2698,65974.8,0.27,42182.7,0.2701,114536.4
1753503365749,04:16:05.749,ALGO/USDT:USDT,0.2699,9614.8,0.2698,65974.8,0.27,40811.9,0.2701,114536.4
1753503365850,04:16:05.850,ALGO/USDT:USDT,0.2699,9614.8,0.2698,65974.8,0.27,23497.2,0.2701,115832.4
1753503365980,04:16:05.980,ALGO/USDT:USDT,0.2699,11875.5,0.2698,70332.0,0.27,20866.1,0.2701,115091.6
1753503366137,04:16:06.137,ALGO/USDT:USDT,0.2699,11875.5,0.2698,70332.0,0.27,20866.1,0.2701,115091.6
1753503366255,04:16:06.255,ALGO/USDT:USDT,0.2699,9614.8,0.2698,71532.0,0.27,23126.8,0.2701,115091.6
1753503366451,04:16:06.451,ALGO/USDT:USDT,0.2699,6151.5,0.2698,65974.8,0.27,25371.8,0.2701,115832.4
1753503366615,04:16:06.615,ALGO/USDT:USDT,0.2699,6151.5,0.2698,65974.8,0.27,41390.4,0.2701,115832.4
1753503366726,04:16:06.726,ALGO/USDT:USDT,0.2699,6151.5,0.2698,65974.8,0.27,40649.6,0.2701,115832.4
1753503366860,04:16:06.860,ALGO/USDT:USDT,0.2699,6151.5,0.2698,65974.8,0.27,40649.6,0.2701,115832.4
1753503366983,04:16:06.983,ALGO/USDT:USDT,0.2699,6151.5,0.2698,65974.8,0.27,40649.6,0.2701,115832.4
1753503367087,04:16:07.087,ALGO/USDT:USDT,0.2699,6151.5,0.2698,65974.8,0.27,40649.6,0.2701,115832.4
1753503367202,04:16:07.202,ALGO/USDT:USDT,0.2699,6151.5,0.2698,65974.8,0.27,40649.6,0.2701,115832.4
1753503367311,04:16:07.311,ALGO/USDT:USDT,0.2699,6151.5,0.2698,65974.8,0.27,40649.6,0.2701,115832.4
1753503367470,04:16:07.470,ALGO/USDT:USDT,0.2699,7300.9,0.2698,65974.8,0.27,40670.3,0.2701,115832.4
1753503367606,04:16:07.606,ALGO/USDT:USDT,0.2699,7215.7,0.2698,65974.8,0.27,40585.1,0.2701,115832.4
1753503367718,04:16:07.718,ALGO/USDT:USDT,0.2699,7215.7,0.2698,65974.8,0.27,40585.1,0.2701,115832.4
1753503368009,04:16:08.009,ALGO/USDT:USDT,0.2699,10267.9,0.2698,67707.7,0.27,36916.4,0.2701,115917.6
1753503368131,04:16:08.131,ALGO/USDT:USDT,0.2699,10267.9,0.2698,67707.7,0.27,36916.4,0.2701,115917.6
1753503368255,04:16:08.255,ALGO/USDT:USDT,0.2699,10267.9,0.2698,67707.7,0.27,36916.4,0.2701,115917.6
1753503368378,04:16:08.378,ALGO/USDT:USDT,0.2699,6599.2,0.2698,66507.7,0.27,41325.9,0.2701,116658.4
1753503368482,04:16:08.482,ALGO/USDT:USDT,0.2699,6599.2,0.2698,66507.7,0.27,41696.4,0.2701,116658.4
1753503368702,04:16:08.702,ALGO/USDT:USDT,0.2699,6131.8,0.2698,66507.7,0.27,40796.4,0.2701,116658.4
1753503368817,04:16:08.817,ALGO/USDT:USDT,0.2699,8398.7,0.2698,66507.7,0.27,41166.8,0.2701,116658.4
1753503368936,04:16:08.936,ALGO/USDT:USDT,0.2699,4226.5,0.2698,66507.7,0.27,41166.8,0.2701,116658.4
1753503369102,04:16:09.102,ALGO/USDT:USDT,0.2699,4226.5,0.2698,66507.7,0.27,41166.8,0.2701,116658.4
1753503369258,04:16:09.258,ALGO/USDT:USDT,0.2699,4226.5,0.2698,66507.7,0.27,41166.8,0.2701,116658.4
1753503369414,04:16:09.414,ALGO/USDT:USDT,0.2699,4226.5,0.2698,66507.7,0.27,43000.3,0.2701,116658.4
1753503369526,04:16:09.526,ALGO/USDT:USDT,0.2699,4226.5,0.2698,66507.7,0.27,43000.3,0.2701,116288.0
1753503369647,04:16:09.647,ALGO/USDT:USDT,0.2698,27604.7,0.2697,97005.0,0.2699,33572.5,0.27,99909.7
1753503369749,04:16:09.749,ALGO/USDT:USDT,0.2698,21808.9,0.2697,96946.1,0.2699,28483.0,0.27,91481.1
1753503369853,04:16:09.853,ALGO/USDT:USDT,0.2699,7364.4,0.2698,74867.6,0.27,21675.4,0.2701,102442.3
1753503369955,04:16:09.955,ALGO/USDT:USDT,0.2699,7425.6,0.2698,78647.6,0.27,21736.6,0.2701,102442.3
1753503370059,04:16:10.059,ALGO/USDT:USDT,0.2699,7425.6,0.2698,78219.6,0.27,21736.6,0.2701,102638.0
1753503370160,04:16:10.160,ALGO/USDT:USDT,0.2699,7444.2,0.2698,78219.6,0.27,21755.2,0.2701,102638.0
1753503370308,04:16:10.308,ALGO/USDT:USDT,0.2699,7444.2,0.2698,78219.6,0.27,21755.2,0.2701,97761.7
1753503370447,04:16:10.447,ALGO/USDT:USDT,0.2699,7444.2,0.2698,78219.6,0.27,21338.9,0.2701,97761.7
1753503370557,04:16:10.557,ALGO/USDT:USDT,0.2699,23421.9,0.2698,78219.6,0.27,21374.0,0.2701,97761.7
1753503370660,04:16:10.660,ALGO/USDT:USDT,0.2699,23421.9,0.2698,78219.6,0.27,22574.0,0.2701,97761.7
1753503370764,04:16:10.764,ALGO/USDT:USDT,0.2699,23421.9,0.2698,78219.6,0.27,22574.0,0.2701,97761.7
1753503370920,04:16:10.920,ALGO/USDT:USDT,0.2699,23421.9,0.2698,78219.6,0.27,22574.0,0.2701,97761.7
1753503371022,04:16:11.022,ALGO/USDT:USDT,0.2699,23421.9,0.2698,78219.6,0.27,22574.0,0.2701,97761.7
1753503371127,04:16:11.127,ALGO/USDT:USDT,0.2699,23421.9,0.2698,78219.6,0.27,22574.0,0.2701,97761.7
1753503371260,04:16:11.260,ALGO/USDT:USDT,0.2699,4252.0,0.2698,78219.6,0.27,26488.3,0.2701,97761.7
1753503371407,04:16:11.407,ALGO/USDT:USDT,0.2699,6325.9,0.2698,75940.3,0.27,26488.0,0.2701,97761.7
1753503371526,04:16:11.526,ALGO/USDT:USDT,0.2699,23715.3,0.2698,75940.3,0.27,22819.3,0.2701,97761.7
1753503371633,04:16:11.633,ALGO/USDT:USDT,0.2699,23715.3,0.2698,75940.3,0.27,22819.3,0.2701,97761.7
1753503371826,04:16:11.826,ALGO/USDT:USDT,0.2699,23715.3,0.2698,75940.3,0.27,22819.3,0.2701,97761.7
1753503371965,04:16:11.965,ALGO/USDT:USDT,0.2699,23715.3,0.2698,75940.3,0.27,22819.3,0.2701,97761.7
1753503372129,04:16:12.129,ALGO/USDT:USDT,0.2699,23715.3,0.2698,75940.3,0.27,22819.3,0.2701,97761.7
1753503372235,04:16:12.235,ALGO/USDT:USDT,0.2699,23715.3,0.2698,75940.3,0.27,22819.3,0.2701,97761.7
1753503372367,04:16:12.367,ALGO/USDT:USDT,0.2699,23715.3,0.2698,75940.3,0.27,22819.3,0.2701,97761.7
1753503372537,04:16:12.537,ALGO/USDT:USDT,0.2699,23696.7,0.2698,75940.3,0.27,22819.2,0.2701,97761.7
1753503372642,04:16:12.642,ALGO/USDT:USDT,0.2699,4252.0,0.2698,71583.1,0.27,26487.9,0.2701,97761.7
1753503372781,04:16:12.781,ALGO/USDT:USDT,0.2699,4252.0,0.2698,71648.4,0.27,26487.9,0.2701,97761.7
1753503372885,04:16:12.885,ALGO/USDT:USDT,0.2699,4252.0,0.2698,71648.4,0.27,26677.2,0.2701,97761.7
1753503373035,04:16:13.035,ALGO/USDT:USDT,0.2699,4252.0,0.2698,71648.4,0.27,26677.2,0.2701,97761.7
1753503373174,04:16:13.174,ALGO/USDT:USDT,0.2699,4252.0,0.2698,71648.4,0.27,26677.2,0.2701,97761.7
1753503373302,04:16:13.302,ALGO/USDT:USDT,0.2699,4252.0,0.2698,71648.4,0.27,26699.7,0.2701,97761.7
1753503373518,04:16:13.518,ALGO/USDT:USDT,0.2699,4252.0,0.2698,70448.4,0.27,45848.0,0.2701,98132.1
1753503373638,04:16:13.638,ALGO/USDT:USDT,0.2699,4252.0,0.2698,71648.4,0.27,29682.9,0.2701,98132.1
1753503373741,04:16:13.741,ALGO/USDT:USDT,0.2699,20233.4,0.2698,71648.4,0.27,27385.0,0.2701,97761.7
1753503373902,04:16:13.902,ALGO/USDT:USDT,0.2699,20233.4,0.2698,71648.4,0.27,27385.0,0.2701,97761.7
1753503374059,04:16:14.059,ALGO/USDT:USDT,0.2699,20233.4,0.2698,71648.4,0.27,27385.0,0.2701,97761.7
1753503374202,04:16:14.202,ALGO/USDT:USDT,0.2699,20233.4,0.2698,71648.4,0.27,27385.0,0.2701,97761.7
1753503374327,04:16:14.327,ALGO/USDT:USDT,0.2699,20252.0,0.2698,75957.6,0.27,27403.6,0.2701,97761.7
1753503374576,04:16:14.576,ALGO/USDT:USDT,0.2699,20252.0,0.2698,75957.6,0.27,27403.6,0.2701,97761.7
1753503374678,04:16:14.678,ALGO/USDT:USDT,0.2699,4190.8,0.2698,70448.4,0.27,29683.9,0.2701,97761.7
1753503374829,04:16:14.829,ALGO/USDT:USDT,0.2699,4252.0,0.2698,70448.4,0.27,29683.9,0.2701,97761.7
1753503374938,04:16:14.938,ALGO/USDT:USDT,0.2699,4252.0,0.2698,70448.4,0.27,29683.9,0.2701,97761.7
1753503375078,04:16:15.078,ALGO/USDT:USDT,0.2699,5602.0,0.2698,71648.4,0.27,26015.2,0.2701,97761.7
1753503375237,04:16:15.237,ALGO/USDT:USDT,0.2699,4231.2,0.2698,71648.4,0.27,29683.8,0.2701,97761.7
1753503375477,04:16:15.477,ALGO/USDT:USDT,0.2699,21620.6,0.2698,70478.4,0.27,26896.5,0.2701,97761.7
1753503375653,04:16:15.653,ALGO/USDT:USDT,0.2699,20206.0,0.2698,70478.4,0.27,26915.1,0.2701,99831.7
1753503375797,04:16:15.797,ALGO/USDT:USDT,0.2699,21576.8,0.2698,70478.4,0.27,26915.1,0.2701,99831.7
1753503375926,04:16:15.926,ALGO/USDT:USDT,0.2699,20168.4,0.2698,70478.4,0.27,26915.1,0.2701,99831.7
1753503376030,04:16:16.030,ALGO/USDT:USDT,0.2699,5414.9,0.2698,70478.4,0.27,29194.4,0.2701,99831.7
1753503376137,04:16:16.137,ALGO/USDT:USDT,0.2699,4067.7,0.2698,69278.4,0.27,45194.4,0.2701,100572.5
1753503376388,04:16:16.388,ALGO/USDT:USDT,0.2699,4067.7,0.2698,69278.4,0.27,26915.1,0.2701,100572.5
1753503376503,04:16:16.503,ALGO/USDT:USDT,0.2699,4067.7,0.2698,69278.4,0.27,45583.8,0.2701,100572.5
1753503376702,04:16:16.702,ALGO/USDT:USDT,0.2699,4067.7,0.2698,69278.4,0.27,45583.8,0.2701,100572.5
1753503376857,04:16:16.857,ALGO/USDT:USDT,0.2699,4067.7,0.2698,69278.4,0.27,45583.8,0.2701,100572.5
1753503377102,04:16:17.102,ALGO/USDT:USDT,0.2699,4067.7,0.2698,69278.4,0.27,45583.8,0.2701,100572.5
1753503377259,04:16:17.259,ALGO/USDT:USDT,0.2699,4067.7,0.2698,69278.4,0.27,45583.6,0.2701,100572.5
1753503377402,04:16:17.402,ALGO/USDT:USDT,0.2699,4067.7,0.2698,69278.4,0.27,45583.6,0.2701,100572.5
1753503377526,04:16:17.526,ALGO/USDT:USDT,0.2699,4067.7,0.2698,69278.4,0.27,45583.6,0.2701,100572.5
1753503377628,04:16:17.628,ALGO/USDT:USDT,0.2699,4067.7,0.2698,69278.4,0.27,45954.0,0.2701,100572.5
1753503377902,04:16:17.902,ALGO/USDT:USDT,0.2699,4067.7,0.2698,69278.4,0.27,45954.0,0.2701,100572.5
1753503378060,04:16:18.060,ALGO/USDT:USDT,0.2699,4067.7,0.2698,69278.4,0.27,45954.0,0.2701,100572.5
1753503378202,04:16:18.202,ALGO/USDT:USDT,0.2699,4067.7,0.2698,69278.4,0.27,45954.0,0.2701,100572.5
1753503378318,04:16:18.318,ALGO/USDT:USDT,0.2699,4067.7,0.2698,69278.4,0.27,45956.0,0.2701,100857.7
1753503378437,04:16:18.437,ALGO/USDT:USDT,0.2699,4067.7,0.2698,69278.4,0.27,46091.0,0.2701,101228.1
1753503378670,04:16:18.670,ALGO/USDT:USDT,0.2698,25648.4,0.2697,102677.6,0.2699,4192.9,0.27,91307.6
1753503378771,04:16:18.771,ALGO/USDT:USDT,0.2698,25709.6,0.2697,102677.6,0.2699,23127.1,0.27,90532.0
1753503378879,04:16:18.879,ALGO/USDT:USDT,0.2698,22610.2,0.2697,95323.9,0.2699,24577.7,0.27,93154.4
1753503378986,04:16:18.986,ALGO/USDT:USDT,0.2698,21092.8,0.2697,96559.2,0.2699,28075.6,0.27,102778.5
1753503379094,04:16:19.094,ALGO/USDT:USDT,0.2698,21092.8,0.2697,95429.0,0.2699,28075.6,0.27,102778.5
1753503379230,04:16:19.230,ALGO/USDT:USDT,0.2698,22463.6,0.2697,95429.0,0.2699,26667.6,0.27,102778.5
1753503379347,04:16:19.347,ALGO/USDT:USDT,0.2698,21092.8,0.2697,95429.0,0.2699,28075.6,0.27,99915.4
1753503379462,04:16:19.462,ALGO/USDT:USDT,0.2698,21092.8,0.2697,95429.0,0.2699,28075.6,0.27,101768.2
1753503379653,04:16:19.653,ALGO/USDT:USDT,0.2698,21092.8,0.2697,91264.1,0.2699,25796.3,0.27,101768.2
1753503379758,04:16:19.758,ALGO/USDT:USDT,0.2698,21092.8,0.2697,91264.1,0.2699,28075.6,0.27,101768.2
1753503379920,04:16:19.920,ALGO/USDT:USDT,0.2698,21092.8,0.2697,91264.1,0.2699,28075.6,0.27,101768.2
1753503380059,04:16:20.059,ALGO/USDT:USDT,0.2698,21092.8,0.2697,89966.7,0.2699,28075.6,0.27,101768.2
1753503380162,04:16:20.162,ALGO/USDT:USDT,0.2698,24742.9,0.2697,89966.7,0.2699,26667.6,0.27,101768.2
1753503380264,04:16:20.264,ALGO/USDT:USDT,0.2698,24742.9,0.2697,89966.7,0.2699,24407.0,0.27,101768.2
1753503380367,04:16:20.367,ALGO/USDT:USDT,0.2698,22482.2,0.2697,89966.7,0.2699,26686.3,0.27,101768.2
1753503380512,04:16:20.512,ALGO/USDT:USDT,0.2698,22482.2,0.2697,89966.7,0.2699,24407.0,0.27,101768.2
1753503380702,04:16:20.702,ALGO/USDT:USDT,0.2698,22482.2,0.2697,89966.7,0.2699,24407.0,0.27,101768.2
1753503380809,04:16:20.809,ALGO/USDT:USDT,0.2698,24742.9,0.2697,89966.7,0.2699,24407.0,0.27,101768.2
1753503381127,04:16:21.127,ALGO/USDT:USDT,0.2698,21092.8,0.2697,89966.7,0.2699,29675.7,0.27,101768.2
1753503381238,04:16:21.238,ALGO/USDT:USDT,0.2698,21092.8,0.2697,89966.7,0.2699,29675.7,0.27,103313.4
1753503381402,04:16:21.402,ALGO/USDT:USDT,0.2698,25870.3,0.2697,88796.7,0.2699,23207.0,0.27,103313.4
1753503381504,04:16:21.504,ALGO/USDT:USDT,0.2698,25931.5,0.2697,88796.7,0.2699,23207.0,0.27,101460.6
1753503381660,04:16:21.660,ALGO/USDT:USDT,0.2698,25931.5,0.2697,88796.7,0.2699,23207.0,0.27,101460.6
1753503381770,04:16:21.770,ALGO/USDT:USDT,0.2698,23518.8,0.2697,88796.7,0.2699,23422.1,0.27,101215.0
1753503381877,04:16:21.877,ALGO/USDT:USDT,0.2698,25798.1,0.2697,91422.6,0.2699,23422.1,0.27,101215.0
1753503382000,04:16:22.000,ALGO/USDT:USDT,0.2698,25798.1,0.2697,91422.6,0.2699,23422.1,0.27,101215.0
1753503382148,04:16:22.148,ALGO/USDT:USDT,0.2698,25798.1,0.2697,91422.6,0.2699,23422.1,0.27,101215.0
1753503382302,04:16:22.302,ALGO/USDT:USDT,0.2698,25798.1,0.2697,91422.6,0.2699,23422.1,0.27,101215.0
1753503382437,04:16:22.437,ALGO/USDT:USDT,0.2698,6721.6,0.2697,86438.7,0.2699,43090.8,0.27,103493.5
1753503382545,04:16:22.545,ALGO/USDT:USDT,0.2698,5332.2,0.2697,86438.7,0.2699,43090.8,0.27,103864.0
1753503382657,04:16:22.657,ALGO/USDT:USDT,0.2698,5332.2,0.2697,86438.7,0.2699,43090.8,0.27,103864.0
1753503382777,04:16:22.777,ALGO/USDT:USDT,0.2698,6703.0,0.2697,86438.7,0.2699,41701.4,0.27,103864.0
1753503382901,04:16:22.901,ALGO/USDT:USDT,0.2698,6703.0,0.2697,86438.7,0.2699,41701.4,0.27,103864.0
1753503383003,04:16:23.003,ALGO/USDT:USDT,0.2698,9000.9,0.2697,86438.7,0.2699,23422.1,0.27,103123.0
1753503383118,04:16:23.118,ALGO/USDT:USDT,0.2698,9000.9,0.2697,86457.3,0.2699,23422.1,0.27,103123.0
1753503383260,04:16:23.260,ALGO/USDT:USDT,0.2698,9000.9,0.2697,86457.3,0.2699,23422.0,0.27,103123.0
1753503383371,04:16:23.371,ALGO/USDT:USDT,0.2698,6721.6,0.2697,86457.3,0.2699,43519.0,0.27,102694.4
1753503383526,04:16:23.526,ALGO/USDT:USDT,0.2698,6721.6,0.2697,86457.3,0.2699,43519.0,0.27,103064.9
1753503383660,04:16:23.660,ALGO/USDT:USDT,0.2698,6721.6,0.2697,86457.3,0.2699,43519.0,0.27,103064.9
1753503383798,04:16:23.798,ALGO/USDT:USDT,0.2698,6721.6,0.2697,86457.3,0.2699,43519.0,0.27,103064.9
1753503383899,04:16:23.899,ALGO/USDT:USDT,0.2698,6721.6,0.2697,86457.3,0.2699,43519.0,0.27,103064.9
1753503384006,04:16:24.006,ALGO/USDT:USDT,0.2698,9000.9,0.2697,86457.3,0.2699,39850.3,0.27,103042.4
1753503384107,04:16:24.107,ALGO/USDT:USDT,0.2698,9000.9,0.2697,86457.3,0.2699,39850.3,0.27,103042.4
1753503384291,04:16:24.291,ALGO/USDT:USDT,0.2698,9000.9,0.2697,86457.3,0.2699,23850.2,0.27,102671.9
1753503384411,04:16:24.411,ALGO/USDT:USDT,0.2698,6335.9,0.2697,86457.3,0.2699,43518.9,0.27,103042.4
1753503384547,04:16:24.547,ALGO/USDT:USDT,0.2698,6335.9,0.2697,86457.3,0.2699,43518.9,0.27,103412.9
1753503384665,04:16:24.665,ALGO/USDT:USDT,0.2698,8738.3,0.2697,86457.3,0.2699,42129.5,0.27,103412.9
1753503384838,04:16:24.838,ALGO/USDT:USDT,0.2698,1270.9,0.2697,80257.3,0.2699,43889.4,0.27,101106.2
1753503384939,04:16:24.939,ALGO/USDT:USDT,0.2698,1270.9,0.2697,80257.3,0.2699,43889.4,0.27,101106.2
1753503385043,04:16:25.043,ALGO/USDT:USDT,0.2698,1270.9,0.2697,80257.3,0.2699,43889.4,0.27,101106.2
1753503385160,04:16:25.160,ALGO/USDT:USDT,0.2698,1270.9,0.2697,80257.3,0.2699,43889.4,0.27,101106.2
1753503385328,04:16:25.328,ALGO/USDT:USDT,0.2698,1270.9,0.2697,79087.3,0.2699,43888.8,0.27,102006.2
1753503385502,04:16:25.502,ALGO/USDT:USDT,0.2698,1270.9,0.2697,79087.3,0.2699,43888.8,0.27,102006.2
1753503385659,04:16:25.659,ALGO/USDT:USDT,0.2698,1270.9,0.2697,79087.3,0.2699,43888.8,0.27,101635.7
1753503385798,04:16:25.798,ALGO/USDT:USDT,0.2698,4186.3,0.2697,80287.3,0.2699,40220.1,0.27,101635.7
1753503385926,04:16:25.926,ALGO/USDT:USDT,0.2698,4186.3,0.2697,79087.3,0.2699,40220.1,0.27,101635.7
1753503386059,04:16:26.059,ALGO/USDT:USDT,0.2698,4186.3,0.2697,79087.3,0.2699,40220.1,0.27,99782.9
1753503386251,04:16:26.251,ALGO/USDT:USDT,0.2698,4186.3,0.2697,79087.3,0.2699,40355.0,0.27,99647.9
1753503386354,04:16:26.354,ALGO/USDT:USDT,0.2698,2796.9,0.2697,79087.3,0.2699,44023.7,0.27,99647.9
1753503386460,04:16:26.460,ALGO/USDT:USDT,0.2698,12650.5,0.2697,84287.1,0.2699,32944.9,0.27,99647.9
1753503386693,04:16:26.693,ALGO/USDT:USDT,0.2698,12711.7,0.2697,83117.1,0.2699,33844.9,0.27,98006.9
1753503386798,04:16:26.798,ALGO/USDT:USDT,0.2698,12711.7,0.2697,83117.1,0.2699,33844.9,0.27,98006.9
1753503386901,04:16:26.901,ALGO/USDT:USDT,0.2698,12711.7,0.2697,83117.1,0.2699,33844.9,0.27,98006.9
1753503387020,04:16:27.020,ALGO/USDT:USDT,0.2698,12711.7,0.2697,84317.1,0.2699,17474.4,0.27,98006.9
1753503387126,04:16:27.126,ALGO/USDT:USDT,0.2698,12711.7,0.2697,84317.1,0.2699,17474.4,0.27,98006.9
1753503387347,04:16:27.347,ALGO/USDT:USDT,0.2698,30337.2,0.2697,84317.1,0.2699,17474.4,0.27,94553.7
1753503387476,04:16:27.476,ALGO/USDT:USDT,0.2698,30318.6,0.2697,92750.3,0.2699,890.9,0.27,90257.6
1753503387593,04:16:27.593,ALGO/USDT:USDT,0.2698,30337.2,0.2697,92750.3,0.2699,8440.0,0.27,87109.3
1753503387714,04:16:27.714,ALGO/USDT:USDT,0.2698,30337.2,0.2697,92750.3,0.2699,8440.0,0.27,87109.3
1753503387832,04:16:27.832,ALGO/USDT:USDT,0.2698,30337.2,0.2697,92750.3,0.2699,8440.0,0.27,87109.3
1753503387934,04:16:27.934,ALGO/USDT:USDT,0.2698,30337.2,0.2697,92750.3,0.2699,8440.0,0.27,87109.3
1753503388057,04:16:28.057,ALGO/USDT:USDT,0.2698,28057.9,0.2697,92750.3,0.2699,8480.3,0.27,87109.3
1753503388326,04:16:28.326,ALGO/USDT:USDT,0.2698,25068.5,0.2697,92750.3,0.2699,25869.6,0.27,87109.3
1753503388460,04:16:28.460,ALGO/USDT:USDT,0.2698,28737.2,0.2697,92750.3,0.2699,8480.2,0.27,87109.3
1753503388566,04:16:28.566,ALGO/USDT:USDT,0.2698,28737.2,0.2697,92750.3,0.2699,8480.2,0.27,87109.3
1753503388701,04:16:28.701,ALGO/USDT:USDT,0.2698,29907.2,0.2697,91580.3,0.2699,8565.4,0.27,86124.1
1753503388860,04:16:28.860,ALGO/USDT:USDT,0.2698,29907.2,0.2697,91580.3,0.2699,8565.4,0.27,86124.1
1753503388994,04:16:28.994,ALGO/USDT:USDT,0.2698,29907.2,0.2697,91948.3,0.2699,8565.4,0.27,86124.1
1753503389126,04:16:29.126,ALGO/USDT:USDT,0.2698,29907.2,0.2697,91948.3,0.2699,8565.4,0.27,86124.1
1753503389259,04:16:29.259,ALGO/USDT:USDT,0.2698,45888.6,0.2697,91948.3,0.2699,8565.4,0.27,86124.1
1753503389360,04:16:29.360,ALGO/USDT:USDT,0.2698,46277.3,0.2697,91948.3,0.2699,8565.4,0.27,86124.1
1753503389467,04:16:29.467,ALGO/USDT:USDT,0.2698,46277.3,0.2697,91948.3,0.2699,8565.4,0.27,86124.1
1753503389577,04:16:29.577,ALGO/USDT:USDT,0.2698,46999.8,0.2697,91948.3,0.2699,4393.2,0.27,86124.1
1753503389734,04:16:29.734,ALGO/USDT:USDT,0.2698,46999.8,0.2697,91948.3,0.2699,4393.2,0.27,86124.1
1753503389926,04:16:29.926,ALGO/USDT:USDT,0.2698,47388.9,0.2697,91948.3,0.2699,4393.2,0.27,86124.1
1753503390037,04:16:30.037,ALGO/USDT:USDT,0.2698,47759.4,0.2697,91948.3,0.2699,4393.2,0.27,86124.1
1753503390287,04:16:30.287,ALGO/USDT:USDT,0.2698,47759.4,0.2697,91948.3,0.2699,4393.6,0.27,86124.1
1753503390428,04:16:30.428,ALGO/USDT:USDT,0.2698,47759.4,0.2697,92317.0,0.2699,4393.6,0.27,86124.1
1753503390546,04:16:30.546,ALGO/USDT:USDT,0.2698,48495.4,0.2697,93056.0,0.2699,4413.1,0.27,86124.1
1753503390802,04:16:30.802,ALGO/USDT:USDT,0.2698,49586.2,0.2697,93056.0,0.2699,4413.1,0.27,86124.1
1753503390929,04:16:30.929,ALGO/USDT:USDT,0.2698,49586.2,0.2697,93422.1,0.2699,4413.1,0.27,86124.1
1753503391102,04:16:31.102,ALGO/USDT:USDT,0.2699,24235.4,0.2698,75804.1,0.27,35751.5,0.2701,91626.3
1753503391203,04:16:31.203,ALGO/USDT:USDT,0.2699,27014.5,0.2698,88500.1,0.27,35812.7,0.2701,105944.4
1753503391307,04:16:31.307,ALGO/USDT:USDT,0.2699,24150.4,0.2698,83354.8,0.27,35834.3,0.2701,109783.4
1753503391459,04:16:31.459,ALGO/USDT:USDT,0.2699,24150.4,0.2698,83354.8,0.27,39503.0,0.2701,109783.4
1753503391561,04:16:31.561,ALGO/USDT:USDT,0.2699,21058.2,0.2698,83354.8,0.27,39521.6,0.2701,109783.4
1753503391760,04:16:31.760,ALGO/USDT:USDT,0.2699,21058.2,0.2698,83354.8,0.27,39521.6,0.2701,109783.4
1753503391867,04:16:31.867,ALGO/USDT:USDT,0.2699,21058.2,0.2698,83354.8,0.27,39521.6,0.2701,109783.4
1753503391985,04:16:31.985,ALGO/USDT:USDT,0.2699,16886.0,0.2698,83354.8,0.27,39521.6,0.2701,109783.4
1753503392259,04:16:32.259,ALGO/USDT:USDT,0.2699,15716.0,0.2698,84524.8,0.27,39521.6,0.2701,97759.9
1753503392374,04:16:32.374,ALGO/USDT:USDT,0.2699,15716.0,0.2698,84524.8,0.27,39521.6,0.2701,97759.9
1753503392534,04:16:32.534,ALGO/USDT:USDT,0.2699,15716.0,0.2698,84524.8,0.27,35680.1,0.2701,97759.9
1753503392640,04:16:32.640,ALGO/USDT:USDT,0.2699,15716.0,0.2698,84524.8,0.27,39348.8,0.2701,97759.9
1753503392765,04:16:32.765,ALGO/USDT:USDT,0.2699,15716.0,0.2698,84524.8,0.27,39348.8,0.2701,97759.9
1753503392902,04:16:32.902,ALGO/USDT:USDT,0.2699,15716.0,0.2698,84524.8,0.27,39348.8,0.2701,97759.9
1753503393126,04:16:33.126,ALGO/USDT:USDT,0.2699,15716.0,0.2698,84524.8,0.27,39634.5,0.2701,97759.9
1753503393260,04:16:33.260,ALGO/USDT:USDT,0.2699,15716.0,0.2698,84524.8,0.27,39634.5,0.2701,97759.9
1753503393382,04:16:33.382,ALGO/USDT:USDT,0.2699,17086.8,0.2698,84524.8,0.27,20965.8,0.2701,97759.9
1753503393489,04:16:33.489,ALGO/USDT:USDT,0.2699,15716.0,0.2698,84524.8,0.27,22355.2,0.2701,97759.9
1753503393594,04:16:33.594,ALGO/USDT:USDT,0.2699,17086.8,0.2698,84524.8,0.27,22355.2,0.2701,97759.9
1753503393709,04:16:33.709,ALGO/USDT:USDT,0.2699,18705.4,0.2698,84524.8,0.27,20965.8,0.2701,97759.9
1753503393816,04:16:33.816,ALGO/USDT:USDT,0.27,6155.0,0.2699,72875.4,0.2701,30068.4,0.2702,119230.7
1753503393920,04:16:33.920,ALGO/USDT:USDT,0.27,6155.0,0.2699,78723.6,0.2701,27078.0,0.2702,105529.3
1753503394031,04:16:34.031,ALGO/USDT:USDT,0.27,8495.4,0.2699,78723.6,0.2701,27078.0,0.2702,103863.6
1753503394138,04:16:34.138,ALGO/USDT:USDT,0.27,8514.0,0.2699,83542.6,0.2701,27096.6,0.2702,103411.7
1753503394245,04:16:34.245,ALGO/USDT:USDT,0.27,9944.1,0.2699,83542.6,0.2701,39096.6,0.2702,103411.7
1753503394407,04:16:34.407,ALGO/USDT:USDT,0.27,9944.1,0.2699,83542.6,0.2701,39096.6,0.2702,103411.7
1753503394557,04:16:34.557,ALGO/USDT:USDT,0.27,9944.1,0.2699,83542.6,0.2701,39096.6,0.2702,103411.7
1753503394726,04:16:34.726,ALGO/USDT:USDT,0.27,9944.1,0.2699,83542.6,0.2701,39096.6,0.2702,103411.7
1753503394859,04:16:34.859,ALGO/USDT:USDT,0.27,10114.0,0.2699,83542.6,0.2701,27096.6,0.2702,91392.6
1753503395002,04:16:35.002,ALGO/USDT:USDT,0.27,10114.0,0.2699,83542.6,0.2701,27096.6,0.2702,91392.6
1753503395108,04:16:35.108,ALGO/USDT:USDT,0.27,10114.0,0.2699,84709.1,0.2701,22148.2,0.2702,89114.3
1753503395214,04:16:35.214,ALGO/USDT:USDT,0.27,30088.8,0.2699,93453.8,0.2701,2471.2,0.2702,66970.6
1753503395320,04:16:35.320,ALGO/USDT:USDT,0.27,35117.4,0.2699,95055.1,0.2701,2471.2,0.2702,63370.6
1753503395442,04:16:35.442,ALGO/USDT:USDT,0.27,35854.4,0.2699,95055.1,0.2701,2471.2,0.2702,63370.6
1753503395560,04:16:35.560,ALGO/USDT:USDT,0.27,35854.4,0.2699,95055.1,0.2701,2471.2,0.2702,63370.6
1753503395668,04:16:35.668,ALGO/USDT:USDT,0.27,35854.4,0.2699,95055.1,0.2701,2471.2,0.2702,63370.6
1753503395817,04:16:35.817,ALGO/USDT:USDT,0.27,35854.4,0.2699,95055.1,0.2701,2471.2,0.2702,63370.6
1753503395927,04:16:35.927,ALGO/USDT:USDT,0.27,35486.0,0.2699,95055.1,0.2701,2471.2,0.2702,63370.6
1753503396060,04:16:36.060,ALGO/USDT:USDT,0.27,35486.0,0.2699,95055.1,0.2701,2471.2,0.2702,63370.6
1753503396202,04:16:36.202,ALGO/USDT:USDT,0.27,36763.4,0.2699,94689.1,0.2701,196.1,0.2702,63370.6
1753503396326,04:16:36.326,ALGO/USDT:USDT,0.27,36763.4,0.2699,94689.1,0.2701,196.1,0.2702,63370.6
1753503396460,04:16:36.460,ALGO/USDT:USDT,0.27,36763.4,0.2699,94689.1,0.2701,196.1,0.2702,63370.6
1753503396568,04:16:36.568,ALGO/USDT:USDT,0.27,36763.4,0.2699,95057.0,0.2701,196.1,0.2702,63370.6
1753503396678,04:16:36.678,ALGO/USDT:USDT,0.27,37148.8,0.2699,95057.0,0.2701,196.1,0.2702,63370.6
1753503396803,04:16:36.803,ALGO/USDT:USDT,0.27,37518.5,0.2699,95057.0,0.2701,196.1,0.2702,63370.6
1753503396916,04:16:36.916,ALGO/USDT:USDT,0.27,37518.5,0.2699,95057.0,0.2701,196.1,0.2702,63370.6
1753503397127,04:16:37.127,ALGO/USDT:USDT,0.27,5431.3,0.2699,88795.6,0.2701,23750.8,0.2702,67967.6
1753503397228,04:16:37.228,ALGO/USDT:USDT,0.27,3947.6,0.2699,83607.5,0.2701,40711.9,0.2702,73750.7
1753503397376,04:16:37.376,ALGO/USDT:USDT,0.27,3947.6,0.2699,78910.7,0.2701,40711.9,0.2702,73750.7
1753503397605,04:16:37.605,ALGO/USDT:USDT,0.27,3947.6,0.2699,78910.7,0.2701,40693.3,0.2702,75658.7
1753503397717,04:16:37.717,ALGO/USDT:USDT,0.27,3947.6,0.2699,78910.7,0.2701,42563.4,0.2702,77510.2
1753503397926,04:16:37.926,ALGO/USDT:USDT,0.27,3947.6,0.2699,78910.7,0.2701,42563.4,0.2702,77510.2
1753503398060,04:16:38.060,ALGO/USDT:USDT,0.27,3947.6,0.2699,78910.7,0.2701,42563.4,0.2702,77510.2
1753503398168,04:16:38.168,ALGO/USDT:USDT,0.27,3947.6,0.2699,78910.7,0.2701,42563.4,0.2702,77510.2
1753503398271,04:16:38.271,ALGO/USDT:USDT,0.27,3947.6,0.2699,78845.4,0.2701,40711.9,0.2702,75658.7
1753503398412,04:16:38.412,ALGO/USDT:USDT,0.27,3922.9,0.2699,78845.4,0.2701,40711.9,0.2702,75658.7
1753503398591,04:16:38.591,ALGO/USDT:USDT,0.27,3922.9,0.2699,78845.4,0.2701,40711.9,0.2702,75658.7
1753503398705,04:16:38.705,ALGO/USDT:USDT,0.27,25932.9,0.2699,84033.5,0.2701,19086.2,0.2702,54147.8
1753503398827,04:16:38.827,ALGO/USDT:USDT,0.27,25994.0,0.2699,84033.5,0.2701,19086.2,0.2702,50423.0
1753503398935,04:16:38.935,ALGO/USDT:USDT,0.27,25994.0,0.2699,84033.5,0.2701,19086.2,0.2702,50423.0
1753503399083,04:16:39.083,ALGO/USDT:USDT,0.27,27145.4,0.2699,82863.5,0.2701,19086.2,0.2702,50423.0
1753503399201,04:16:39.201,ALGO/USDT:USDT,0.27,28330.5,0.2699,88321.5,0.2701,18645.9,0.2702,45436.5
1753503399347,04:16:39.347,ALGO/USDT:USDT,0.27,28330.5,0.2699,88321.5,0.2701,18645.9,0.2702,45436.5
1753503399451,04:16:39.451,ALGO/USDT:USDT,0.27,28330.5,0.2699,88321.5,0.2701,18683.1,0.2702,45436.5
1753503399659,04:16:39.659,ALGO/USDT:USDT,0.27,28330.5,0.2699,88321.5,0.2701,18683.1,0.2702,45436.5
1753503400060,04:16:40.060,ALGO/USDT:USDT,0.27,28330.5,0.2699,88321.5,0.2701,16116.9,0.2702,45436.5
1753503400192,04:16:40.192,ALGO/USDT:USDT,0.27,28330.5,0.2699,88321.5,0.2701,16136.4,0.2702,45436.5
1753503400459,04:16:40.459,ALGO/USDT:USDT,0.27,36195.4,0.2699,88321.5,0.2701,75.3,0.2702,44236.5
1753503400727,04:16:40.727,ALGO/USDT:USDT,0.27,36195.4,0.2699,88321.5,0.2701,75.3,0.2702,44236.5
1753503400860,04:16:40.860,ALGO/USDT:USDT,0.27,36195.4,0.2699,88321.5,0.2701,75.3,0.2702,44236.5
1753503400964,04:16:40.964,ALGO/USDT:USDT,0.27,36195.4,0.2699,88321.5,0.2701,75.3,0.2702,44236.5
1753503401067,04:16:41.067,ALGO/USDT:USDT,0.27,35454.8,0.2699,88321.5,0.2701,75.3,0.2702,44236.5
1753503401215,04:16:41.215,ALGO/USDT:USDT,0.27,27347.2,0.2699,83231.4,0.2701,15136.4,0.2702,45436.5
1753503401394,04:16:41.394,ALGO/USDT:USDT,0.27,27347.2,0.2699,83231.4,0.2701,15136.4,0.2702,45436.5
1753503401608,04:16:41.608,ALGO/USDT:USDT,0.27,29976.5,0.2699,83599.8,0.2701,15136.4,0.2702,45436.5
1753503401712,04:16:41.712,ALGO/USDT:USDT,0.27,29976.5,0.2699,83599.8,0.2701,15136.4,0.2702,45436.5
1753503401927,04:16:41.927,ALGO/USDT:USDT,0.27,29995.1,0.2699,89057.8,0.2701,75.3,0.2702,45436.5
1753503402214,04:16:42.214,ALGO/USDT:USDT,0.27,51671.5,0.2699,90228.0,0.2701,75.3,0.2702,60236.5
1753503402326,04:16:42.326,ALGO/USDT:USDT,0.27,52041.8,0.2699,90598.1,0.2701,75.3,0.2702,60236.5
1753503402460,04:16:42.460,ALGO/USDT:USDT,0.27,52041.8,0.2699,90232.1,0.2701,75.3,0.2702,60236.5
1753503402677,04:16:42.677,ALGO/USDT:USDT,0.27,52041.8,0.2699,89861.8,0.2701,75.3,0.2702,60236.5
1753503402859,04:16:42.859,ALGO/USDT:USDT,0.27,52041.8,0.2699,89861.8,0.2701,75.3,0.2702,60236.5
1753503402979,04:16:42.979,ALGO/USDT:USDT,0.27,35671.5,0.2699,89861.8,0.2701,75.3,0.2702,61436.5
1753503403088,04:16:43.088,ALGO/USDT:USDT,0.27,35301.2,0.2699,89861.8,0.2701,75.3,0.2702,61436.5
1753503403203,04:16:43.203,ALGO/USDT:USDT,0.27,28434.2,0.2699,89796.5,0.2701,14803.8,0.2702,61436.5
1753503403317,04:16:43.317,ALGO/USDT:USDT,0.27,28067.3,0.2699,89796.5,0.2701,14803.8,0.2702,61436.5
1753503403426,04:16:43.426,ALGO/USDT:USDT,0.27,25530.0,0.2699,89428.1,0.2701,19733.6,0.2702,61436.5
1753503403527,04:16:43.527,ALGO/USDT:USDT,0.27,22263.9,0.2699,81244.6,0.2701,19715.0,0.2702,78817.3
1753503403660,04:16:43.660,ALGO/USDT:USDT,0.27,22263.9,0.2699,81244.6,0.2701,19715.0,0.2702,78817.3
1753503403777,04:16:43.777,ALGO/USDT:USDT,0.27,22263.9,0.2699,81244.6,0.2701,19715.0,0.2702,76965.8
1753503403926,04:16:43.926,ALGO/USDT:USDT,0.27,22263.9,0.2699,81244.6,0.2701,21333.6,0.2702,76965.8
1753503404031,04:16:44.031,ALGO/USDT:USDT,0.27,22263.9,0.2699,63948.5,0.2701,21333.6,0.2702,76965.8
1753503404160,04:16:44.160,ALGO/USDT:USDT,0.27,1557.2,0.2699,57980.2,0.2701,37556.7,0.2702,77336.1
1753503404281,04:16:44.281,ALGO/USDT:USDT,0.27,7748.9,0.2699,71735.7,0.2701,35596.7,0.2702,88060.1
1753503404383,04:16:44.383,ALGO/USDT:USDT,0.2699,58722.2,0.2698,109546.5,0.27,357.6,0.2701,43323.7
1753503404484,04:16:44.484,ALGO/USDT:USDT,0.2699,16192.4,0.2698,106018.8,0.27,21246.1,0.2701,64853.5
1753503404597,04:16:44.597,ALGO/USDT:USDT,0.2699,16253.6,0.2698,107315.7,0.27,21307.3,0.2701,64853.5
1753503404698,04:16:44.698,ALGO/USDT:USDT,0.2699,16723.5,0.2698,106947.7,0.27,21307.3,0.2701,64853.5
1753503404824,04:16:44.824,ALGO/USDT:USDT,0.2699,16723.5,0.2698,106947.7,0.27,21307.3,0.2701,66149.3
1753503405126,04:16:45.126,ALGO/USDT:USDT,0.2699,16742.1,0.2698,105763.4,0.27,34325.9,0.2701,66149.3
1753503405259,04:16:45.259,ALGO/USDT:USDT,0.2699,16742.1,0.2698,105763.4,0.27,34325.9,0.2701,66168.0
1753503405362,04:16:45.362,ALGO/USDT:USDT,0.2699,16650.7,0.2698,105763.4,0.27,34325.9,0.2701,66168.0
1753503405627,04:16:45.627,ALGO/USDT:USDT,0.2699,16650.7,0.2698,105763.4,0.27,21325.9,0.2701,66168.0
1753503405759,04:16:45.759,ALGO/USDT:USDT,0.2699,16650.7,0.2698,105763.4,0.27,21325.9,0.2701,66168.0
1753503405926,04:16:45.926,ALGO/USDT:USDT,0.2699,21597.3,0.2698,104466.5,0.27,16457.2,0.2701,66168.0
1753503406028,04:16:46.028,ALGO/USDT:USDT,0.2699,21597.3,0.2698,104466.5,0.27,16457.2,0.2701,66168.0
1753503406271,04:16:46.271,ALGO/USDT:USDT,0.2699,16650.7,0.2698,105763.4,0.27,36125.9,0.2701,66168.0
1753503406460,04:16:46.460,ALGO/USDT:USDT,0.2699,16315.7,0.2698,105763.4,0.27,36125.9,0.2701,66168.0
1753503406602,04:16:46.602,ALGO/USDT:USDT,0.2699,16315.7,0.2698,105763.4,0.27,36125.9,0.2701,66168.0
1753503406726,04:16:46.726,ALGO/USDT:USDT,0.2699,16167.5,0.2698,105763.4,0.27,36125.9,0.2701,66168.0
1753503406829,04:16:46.829,ALGO/USDT:USDT,0.2699,16167.5,0.2698,103730.7,0.27,36125.9,0.2701,66168.0
1753503406958,04:16:46.958,ALGO/USDT:USDT,0.2699,16167.5,0.2698,103730.7,0.27,36125.9,0.2701,66168.0
1753503407102,04:16:47.102,ALGO/USDT:USDT,0.2699,16167.5,0.2698,104900.7,0.27,39058.2,0.2701,66168.0
1753503407257,04:16:47.257,ALGO/USDT:USDT,0.2699,21436.2,0.2698,109007.7,0.27,18489.5,0.2701,66168.0
1753503407376,04:16:47.376,ALGO/USDT:USDT,0.2699,21436.2,0.2698,109007.7,0.27,18489.5,0.2701,66253.2
1753503407527,04:16:47.527,ALGO/USDT:USDT,0.2699,21436.2,0.2698,109007.7,0.27,18489.5,0.2701,62256.0
1753503407630,04:16:47.630,ALGO/USDT:USDT,0.2699,25543.2,0.2698,114533.0,0.27,2112.1,0.2701,61098.3
1753503407734,04:16:47.734,ALGO/USDT:USDT,0.2699,27561.9,0.2698,113236.1,0.27,2115.3,0.2701,61098.3
1753503407860,04:16:47.860,ALGO/USDT:USDT,0.2699,27561.9,0.2698,113236.1,0.27,2115.3,0.2701,61098.3
1753503407987,04:16:47.987,ALGO/USDT:USDT,0.2699,27561.9,0.2698,113236.1,0.27,2115.3,0.2701,61098.3
1753503408147,04:16:48.147,ALGO/USDT:USDT,0.2699,23911.8,0.2698,113236.1,0.27,5293.3,0.2701,61098.3
1753503408252,04:16:48.252,ALGO/USDT:USDT,0.2699,25282.6,0.2698,113236.1,0.27,5293.3,0.2701,61098.3
1753503408387,04:16:48.387,ALGO/USDT:USDT,0.2699,25282.6,0.2698,113236.1,0.27,5293.3,0.2701,61098.3
1753503408538,04:16:48.538,ALGO/USDT:USDT,0.2699,25282.6,0.2698,113236.1,0.27,5293.3,0.2701,61098.3
1753503408827,04:16:48.827,ALGO/USDT:USDT,0.2699,25282.6,0.2698,113170.8,0.27,5293.3,0.2701,61098.3
1753503408967,04:16:48.967,ALGO/USDT:USDT,0.2699,25282.6,0.2698,113170.8,0.27,5293.3,0.2701,61098.3
1753503409088,04:16:49.088,ALGO/USDT:USDT,0.2699,21194.2,0.2698,112000.8,0.27,21293.3,0.2701,61098.3
1753503409198,04:16:49.198,ALGO/USDT:USDT,0.2699,21175.6,0.2698,112000.8,0.27,21293.3,0.2701,65003.7
1753503409301,04:16:49.301,ALGO/USDT:USDT,0.2699,21175.6,0.2698,112000.8,0.27,21293.3,0.2701,65003.7
1753503409445,04:16:49.445,ALGO/USDT:USDT,0.2699,21175.6,0.2698,112000.8,0.27,21293.3,0.2701,65003.7
1753503409597,04:16:49.597,ALGO/USDT:USDT,0.2699,21175.6,0.2698,112000.8,0.27,21293.3,0.2701,65003.7
1753503409766,04:16:49.766,ALGO/USDT:USDT,0.2699,22177.0,0.2698,113297.7,0.27,21293.3,0.2701,65003.7
1753503409926,04:16:49.926,ALGO/USDT:USDT,0.2699,22177.0,0.2698,113297.7,0.27,21293.3,0.2701,65003.7
1753503410059,04:16:50.059,ALGO/USDT:USDT,0.2699,22177.0,0.2698,113297.7,0.27,21293.3,0.2701,65003.7
1753503410202,04:16:50.202,ALGO/USDT:USDT,0.2699,19897.7,0.2698,113297.7,0.27,22493.1,0.2701,65003.7
1753503410326,04:16:50.326,ALGO/USDT:USDT,0.2699,22158.4,0.2698,113297.7,0.27,22493.1,0.2701,65003.7
1753503410432,04:16:50.432,ALGO/USDT:USDT,0.2699,22177.0,0.2698,113297.7,0.27,22601.3,0.2701,65003.7
1753503410545,04:16:50.545,ALGO/USDT:USDT,0.2699,22177.0,0.2698,112000.8,0.27,22601.3,0.2701,65003.7
1753503410659,04:16:50.659,ALGO/USDT:USDT,0.2699,16908.3,0.2698,112000.8,0.27,22601.3,0.2701,65003.7
1753503410768,04:16:50.768,ALGO/USDT:USDT,0.2699,19449.1,0.2698,112000.8,0.27,22601.3,0.2701,65003.7
1753503411043,04:16:51.043,ALGO/USDT:USDT,0.2699,18126.2,0.2698,102433.8,0.27,36782.0,0.2701,65003.7
1753503411144,04:16:51.144,ALGO/USDT:USDT,0.2699,17604.8,0.2698,102433.8,0.27,35392.6,0.2701,65003.7
1753503411258,04:16:51.258,ALGO/USDT:USDT,0.2699,17604.8,0.2698,102433.8,0.27,35369.3,0.2701,65003.7
1753503411439,04:16:51.439,ALGO/USDT:USDT,0.2699,17604.8,0.2698,102433.8,0.27,35369.3,0.2701,65003.7
1753503411567,04:16:51.567,ALGO/USDT:USDT,0.2699,17604.8,0.2698,102433.8,0.27,35369.3,0.2701,65003.7
1753503411720,04:16:51.720,ALGO/USDT:USDT,0.2699,17604.8,0.2698,102433.8,0.27,35369.3,0.2701,65003.7
1753503411902,04:16:51.902,ALGO/USDT:USDT,0.2699,17604.8,0.2698,102433.8,0.27,35369.3,0.2701,65003.7
1753503412059,04:16:52.059,ALGO/USDT:USDT,0.2699,17604.8,0.2698,102433.8,0.27,35369.3,0.2701,65003.7
1753503412212,04:16:52.212,ALGO/USDT:USDT,0.2699,17604.8,0.2698,102433.8,0.27,35369.3,0.2701,65003.7
1753503412326,04:16:52.326,ALGO/USDT:USDT,0.2699,17604.8,0.2698,107607.3,0.27,35369.3,0.2701,65003.7
1753503412459,04:16:52.459,ALGO/USDT:USDT,0.2699,17604.8,0.2698,107607.3,0.27,35369.3,0.2701,65003.7
1753503412702,04:16:52.702,ALGO/USDT:USDT,0.2699,17604.8,0.2698,107607.3,0.27,35369.3,0.2701,65003.7
1753503412806,04:16:52.806,ALGO/USDT:USDT,0.2699,17604.8,0.2698,107607.3,0.27,35369.3,0.2701,65003.7
1753503412956,04:16:52.956,ALGO/USDT:USDT,0.2699,17604.8,0.2698,107607.3,0.27,35369.3,0.2701,65003.7
1753503413126,04:16:53.126,ALGO/USDT:USDT,0.2699,19884.1,0.2698,113067.3,0.27,17319.6,0.2701,61098.3
1753503413228,04:16:53.228,ALGO/USDT:USDT,0.2699,19884.1,0.2698,113132.6,0.27,17338.2,0.2701,61098.3
1753503413332,04:16:53.332,ALGO/USDT:USDT,0.2699,19884.1,0.2698,116447.7,0.27,17338.2,0.2701,61098.3
1753503413487,04:16:53.487,ALGO/USDT:USDT,0.2699,19884.1,0.2698,116447.7,0.27,17338.2,0.2701,61098.3
1753503413606,04:16:53.606,ALGO/USDT:USDT,0.2699,20768.7,0.2698,116818.0,0.27,17272.6,0.2701,61098.3
1753503413777,04:16:53.777,ALGO/USDT:USDT,0.2699,20768.7,0.2698,116818.0,0.27,17272.6,0.2701,61098.3
1753503413887,04:16:53.887,ALGO/USDT:USDT,0.2699,20768.7,0.2698,116818.0,0.27,17272.6,0.2701,61098.3
1753503413997,04:16:53.997,ALGO/USDT:USDT,0.2699,36787.3,0.2698,116818.0,0.27,17272.6,0.2701,61098.3
1753503414126,04:16:54.126,ALGO/USDT:USDT,0.2699,41543.7,0.2698,116818.0,0.27,3281.3,0.2701,61098.3
1753503414326,04:16:54.326,ALGO/USDT:USDT,0.2699,41543.7,0.2698,116818.0,0.27,3281.3,0.2701,61098.3
1753503414459,04:16:54.459,ALGO/USDT:USDT,0.2699,42682.8,0.2698,116818.0,0.27,3081.3,0.2701,61098.3
1753503414643,04:16:54.643,ALGO/USDT:USDT,0.2699,29591.0,0.2698,116818.0,0.27,3081.3,0.2701,61098.3
1753503414761,04:16:54.761,ALGO/USDT:USDT,0.2699,29591.0,0.2698,116818.0,0.27,3081.3,0.2701,61098.3
1753503414957,04:16:54.957,ALGO/USDT:USDT,0.2699,29591.0,0.2698,116818.0,0.27,3081.3,0.2701,61098.3
1753503415059,04:16:55.059,ALGO/USDT:USDT,0.2699,25204.8,0.2698,116752.7,0.27,19081.3,0.2701,61098.3
1753503415172,04:16:55.172,ALGO/USDT:USDT,0.2699,25204.8,0.2698,116752.7,0.27,19081.3,0.2701,61098.3
1753503415408,04:16:55.408,ALGO/USDT:USDT,0.2699,20378.4,0.2698,116752.7,0.27,22769.5,0.2701,64910.3
1753503415514,04:16:55.514,ALGO/USDT:USDT,0.2699,21767.8,0.2698,116752.7,0.27,21690.2,0.2701,64910.3
1753503415660,04:16:55.660,ALGO/USDT:USDT,0.2699,21767.8,0.2698,116752.7,0.27,21690.2,0.2701,64910.3
1753503415926,04:16:55.926,ALGO/USDT:USDT,0.2699,21767.8,0.2698,116752.7,0.27,21690.2,0.2701,64910.3
1753503416059,04:16:56.059,ALGO/USDT:USDT,0.2699,21767.8,0.2698,116752.7,0.27,19082.2,0.2701,64910.3
1753503416160,04:16:56.160,ALGO/USDT:USDT,0.2699,21767.8,0.2698,116752.7,0.27,19100.8,0.2701,64910.3
1753503416378,04:16:56.378,ALGO/USDT:USDT,0.2699,21749.2,0.2698,116752.7,0.27,21690.2,0.2701,64910.3
1753503416528,04:16:56.528,ALGO/USDT:USDT,0.2699,20378.4,0.2698,107276.9,0.27,35681.5,0.2701,64910.3
1753503416638,04:16:56.638,ALGO/USDT:USDT,0.2699,20008.2,0.2698,107276.9,0.27,35681.5,0.2701,64910.3
1753503416772,04:16:56.772,ALGO/USDT:USDT,0.2699,20008.2,0.2698,107276.9,0.27,35681.5,0.2701,64910.3
1753503417161,04:16:57.161,ALGO/USDT:USDT,0.2699,20008.2,0.2698,107276.9,0.27,38058.0,0.2701,64910.3
1753503417262,04:16:57.262,ALGO/USDT:USDT,0.2699,19913.6,0.2698,107276.9,0.27,38058.0,0.2701,66068.0
1753503417385,04:16:57.385,ALGO/USDT:USDT,0.2699,19913.6,0.2698,107276.9,0.27,38058.0,0.2701,66068.0
1753503417514,04:16:57.514,ALGO/USDT:USDT,0.2699,21513.6,0.2698,111290.5,0.27,3198.0,0.2701,66068.0
1753503417618,04:16:57.618,ALGO/USDT:USDT,0.2699,25182.3,0.2698,116750.5,0.27,3198.0,0.2701,66068.0
1753503417725,04:16:57.725,ALGO/USDT:USDT,0.2699,25163.7,0.2698,116750.5,0.27,3283.2,0.2701,62170.8
1753503417926,04:16:57.926,ALGO/USDT:USDT,0.2699,25163.7,0.2698,116750.5,0.27,3283.2,0.2701,62170.8
1753503418035,04:16:58.035,ALGO/USDT:USDT,0.2699,41182.3,0.2698,116815.8,0.27,3283.2,0.2701,61013.1
1753503418137,04:16:58.137,ALGO/USDT:USDT,0.2699,45177.3,0.2698,116815.8,0.27,3283.2,0.2701,61013.1
1753503418242,04:16:58.242,ALGO/USDT:USDT,0.2699,45936.7,0.2698,116815.8,0.27,3283.2,0.2701,61013.1
1753503418422,04:16:58.422,ALGO/USDT:USDT,0.2699,45936.7,0.2698,116815.8,0.27,3283.2,0.2701,61013.1
1753503418549,04:16:58.549,ALGO/USDT:USDT,0.2699,47781.7,0.2698,117184.3,0.27,3283.2,0.2701,61013.1
1753503418690,04:16:58.690,ALGO/USDT:USDT,0.2699,47781.7,0.2698,117924.9,0.27,3283.2,0.2701,61013.1
1753503418859,04:16:58.859,ALGO/USDT:USDT,0.2699,47781.7,0.2698,117924.9,0.27,3283.2,0.2701,61013.1
1753503419012,04:16:59.012,ALGO/USDT:USDT,0.2699,47781.7,0.2698,117924.9,0.27,3283.2,0.2701,61013.1
1753503419126,04:16:59.126,ALGO/USDT:USDT,0.2699,47781.7,0.2698,117924.9,0.27,3283.2,0.2701,61013.1
1753503419260,04:16:59.260,ALGO/USDT:USDT,0.2699,47781.7,0.2698,117924.9,0.27,3283.3,0.2701,61013.1
1753503419361,04:16:59.361,ALGO/USDT:USDT,0.2699,47781.7,0.2698,118293.6,0.27,3283.3,0.2701,61013.1
1753503419659,04:16:59.659,ALGO/USDT:USDT,0.2699,47781.7,0.2698,118293.6,0.27,3283.3,0.2701,61013.1
1753503419771,04:16:59.771,ALGO/USDT:USDT,0.2699,47781.7,0.2698,118293.6,0.27,3283.3,0.2701,61013.1
1753503419926,04:16:59.926,ALGO/USDT:USDT,0.2699,47781.7,0.2698,118293.6,0.27,3283.3,0.2701,61013.1
1753503420059,04:17:00.059,ALGO/USDT:USDT,0.2699,47781.7,0.2698,118293.6,0.27,3283.3,0.2701,61013.1
1753503420161,04:17:00.161,ALGO/USDT:USDT,0.2699,47781.7,0.2698,118659.7,0.27,3283.3,0.2701,61013.1
1753503420296,04:17:00.296,ALGO/USDT:USDT,0.2699,47781.7,0.2698,118659.7,0.27,3282.9,0.2701,61013.1
1753503420460,04:17:00.460,ALGO/USDT:USDT,0.2699,50044.8,0.2698,119030.1,0.27,3010.2,0.2701,61039.1
1753503420563,04:17:00.563,ALGO/USDT:USDT,0.27,25799.0,0.2699,94797.5,0.2701,31117.7,0.2702,72235.5
1753503420665,04:17:00.665,ALGO/USDT:USDT,0.27,22935.4,0.2699,93719.3,0.2701,31117.7,0.2702,72235.5
1753503420792,04:17:00.792,ALGO/USDT:USDT,0.27,22935.4,0.2699,93348.9,0.2701,31117.7,0.2702,72235.5
1753503421003,04:17:01.003,ALGO/USDT:USDT,0.27,40343.4,0.2699,91069.6,0.2701,15136.3,0.2702,66735.5
1753503421110,04:17:01.110,ALGO/USDT:USDT,0.27,40343.4,0.2699,91069.6,0.2701,15136.3,0.2702,66735.5
1753503421233,04:17:01.233,ALGO/USDT:USDT,0.27,40343.4,0.2699,91069.6,0.2701,15136.3,0.2702,70458.5
1753503421368,04:17:01.368,ALGO/USDT:USDT,0.27,42622.7,0.2699,91069.6,0.2701,15136.3,0.2702,68606.7
1753503421470,04:17:01.470,ALGO/USDT:USDT,0.27,40343.4,0.2699,91069.6,0.2701,15136.3,0.2702,70458.2
1753503421638,04:17:01.638,ALGO/USDT:USDT,0.27,40343.4,0.2699,91069.6,0.2701,15136.3,0.2702,70458.2
1753503421848,04:17:01.848,ALGO/USDT:USDT,0.27,42604.1,0.2699,91069.6,0.2701,15136.3,0.2702,70458.2
1753503421985,04:17:01.985,ALGO/USDT:USDT,0.27,42604.1,0.2699,91069.6,0.2701,15136.3,0.2702,70458.2
1753503422100,04:17:02.100,ALGO/USDT:USDT,0.27,42604.1,0.2699,91069.6,0.2701,15136.3,0.2702,70458.2
1753503422277,04:17:02.277,ALGO/USDT:USDT,0.27,42604.1,0.2699,91069.6,0.2701,15136.3,0.2702,70458.2
1753503422402,04:17:02.402,ALGO/USDT:USDT,0.27,40124.0,0.2699,91069.6,0.2701,15136.3,0.2702,70458.2
1753503422702,04:17:02.702,ALGO/USDT:USDT,0.27,40124.0,0.2699,91069.6,0.2701,16507.1,0.2702,70458.2
1753503422808,04:17:02.808,ALGO/USDT:USDT,0.27,41513.4,0.2699,91069.6,0.2701,15136.3,0.2702,70458.2
1753503422959,04:17:02.959,ALGO/USDT:USDT,0.27,41513.4,0.2699,91069.6,0.2701,15136.3,0.2702,70458.2
1753503423112,04:17:03.112,ALGO/USDT:USDT,0.27,40124.0,0.2699,91069.6,0.2701,16507.1,0.2702,70458.2
1753503423218,04:17:03.218,ALGO/USDT:USDT,0.27,40124.0,0.2699,91069.6,0.2701,16507.1,0.2702,70458.2
1753503423359,04:17:03.359,ALGO/USDT:USDT,0.27,40124.0,0.2699,91069.6,0.2701,16507.1,0.2702,70458.2
1753503423464,04:17:03.464,ALGO/USDT:USDT,0.27,41513.4,0.2699,91069.6,0.2701,15136.3,0.2702,70458.2
1753503423579,04:17:03.579,ALGO/USDT:USDT,0.27,40124.0,0.2699,91069.6,0.2701,18805.0,0.2702,70458.2
1753503423706,04:17:03.706,ALGO/USDT:USDT,0.27,40124.0,0.2699,91069.6,0.2701,19986.4,0.2702,70458.2
1753503423833,04:17:03.833,ALGO/USDT:USDT,0.27,22524.0,0.2699,87056.0,0.2701,21300.5,0.2702,71070.8
1753503423936,04:17:03.936,ALGO/USDT:USDT,0.27,18243.2,0.2699,88226.0,0.2701,37300.5,0.2702,71070.8
1753503424059,04:17:04.059,ALGO/USDT:USDT,0.27,5486.6,0.2699,87068.3,0.2701,37300.5,0.2702,73933.9
1753503424166,04:17:04.166,ALGO/USDT:USDT,0.27,4251.9,0.2699,87068.3,0.2701,37300.5,0.2702,73933.9
1753503424302,04:17:04.302,ALGO/USDT:USDT,0.27,4251.9,0.2699,87068.3,0.2701,37300.5,0.2702,73933.9
1753503424460,04:17:04.460,ALGO/USDT:USDT,0.27,4251.9,0.2699,87068.3,0.2701,37300.5,0.2702,73933.9
1753503424570,04:17:04.570,ALGO/USDT:USDT,0.27,4251.9,0.2699,87068.3,0.2701,37281.0,0.2702,73933.9
1753503424778,04:17:04.778,ALGO/USDT:USDT,0.27,4251.9,0.2699,87068.3,0.2701,37281.0,0.2702,108430.6
1753503424909,04:17:04.909,ALGO/USDT:USDT,0.27,4251.9,0.2699,87068.3,0.2701,37281.0,0.2702,108430.6
1753503425046,04:17:05.046,ALGO/USDT:USDT,0.27,4251.9,0.2699,87068.3,0.2701,37281.0,0.2702,108430.6
1753503425147,04:17:05.147,ALGO/USDT:USDT,0.27,4251.9,0.2699,87068.3,0.2701,37281.0,0.2702,108430.6
1753503425370,04:17:05.370,ALGO/USDT:USDT,0.27,4233.0,0.2699,87068.3,0.2701,38162.4,0.2702,109171.2
1753503425601,04:17:05.601,ALGO/USDT:USDT,0.2699,23782.5,0.2698,116174.0,0.27,17608.6,0.2701,71549.3
1753503425778,04:17:05.778,ALGO/USDT:USDT,0.2699,22319.6,0.2698,116174.0,0.27,19906.5,0.2701,71549.3
1753503425879,04:17:05.879,ALGO/USDT:USDT,0.2699,21522.2,0.2698,115004.0,0.27,36806.5,0.2701,70649.3
1753503426019,04:17:06.019,ALGO/USDT:USDT,0.2699,21478.6,0.2698,115004.0,0.27,20806.5,0.2701,63888.3
1753503426136,04:17:06.136,ALGO/USDT:USDT,0.2699,25888.1,0.2698,115004.0,0.27,18527.2,0.2701,63888.3
1753503426240,04:17:06.240,ALGO/USDT:USDT,0.2699,22219.4,0.2698,115004.0,0.27,18527.2,0.2701,63888.3
1753503426342,04:17:06.342,ALGO/USDT:USDT,0.2699,25888.1,0.2698,115004.0,0.27,18527.2,0.2701,63444.6
1753503426459,04:17:06.459,ALGO/USDT:USDT,0.2699,25888.1,0.2698,115004.0,0.27,18527.2,0.2701,63444.6
1753503426562,04:17:06.562,ALGO/USDT:USDT,0.2699,25822.8,0.2698,116239.3,0.27,16237.8,0.2701,64344.6
1753503426726,04:17:06.726,ALGO/USDT:USDT,0.2699,25822.8,0.2698,116239.3,0.27,16237.8,0.2701,64344.6
1753503426859,04:17:06.859,ALGO/USDT:USDT,0.2699,25822.8,0.2698,116239.3,0.27,17608.6,0.2701,64344.6
1753503426968,04:17:06.968,ALGO/USDT:USDT,0.2699,25822.8,0.2698,116239.3,0.27,16237.8,0.2701,64344.6
1753503427303,04:17:07.303,ALGO/USDT:USDT,0.2699,27847.7,0.2698,129431.2,0.27,14166.0,0.2701,63268.4
1753503427406,04:17:07.406,ALGO/USDT:USDT,0.2699,27847.7,0.2698,129431.2,0.27,14227.2,0.2701,63318.0
1753503427527,04:17:07.527,ALGO/USDT:USDT,0.2699,27803.1,0.2698,129431.2,0.27,14227.2,0.2701,63318.0
1753503427645,04:17:07.645,ALGO/USDT:USDT,0.2699,27803.1,0.2698,129431.2,0.27,14227.2,0.2701,63318.0
1753503427758,04:17:07.758,ALGO/USDT:USDT,0.2699,27775.6,0.2698,130727.8,0.27,14245.8,0.2701,63318.0
1753503427881,04:17:07.881,ALGO/USDT:USDT,0.27,4596.0,0.2699,74347.4,0.2701,35822.0,0.2702,93819.7
1753503428014,04:17:08.014,ALGO/USDT:USDT,0.27,4557.0,0.2699,70470.4,0.2701,35883.1,0.2702,95727.7
1753503428116,04:17:08.116,ALGO/USDT:USDT,0.27,4533.9,0.2699,70470.4,0.2701,35883.1,0.2702,96098.0
1753503428261,04:17:08.261,ALGO/USDT:USDT,0.27,4089.0,0.2699,71785.4,0.2701,35901.7,0.2702,92373.2
1753503428368,04:17:08.368,ALGO/USDT:USDT,0.27,4089.0,0.2699,71785.4,0.2701,38181.0,0.2702,92743.5
1753503428478,04:17:08.478,ALGO/USDT:USDT,0.27,4054.4,0.2699,71785.4,0.2701,38532.7,0.2702,94224.7
1753503428602,04:17:08.602,ALGO/USDT:USDT,0.27,4054.4,0.2699,71811.4,0.2701,38532.7,0.2702,94224.7
1753503428711,04:17:08.711,ALGO/USDT:USDT,0.27,4892.0,0.2699,72981.4,0.2701,37651.3,0.2702,94595.0
1753503428859,04:17:08.859,ALGO/USDT:USDT,0.27,4892.0,0.2699,72981.4,0.2701,37651.3,0.2702,93854.4
1753503429126,04:17:09.126,ALGO/USDT:USDT,0.27,4892.0,0.2699,72981.4,0.2701,37651.3,0.2702,93854.4
1753503429259,04:17:09.259,ALGO/USDT:USDT,0.27,4892.0,0.2699,72981.4,0.2701,37651.3,0.2702,93854.4
1753503429428,04:17:09.428,ALGO/USDT:USDT,0.27,4892.0,0.2699,72981.4,0.2701,37651.3,0.2702,93854.4
1753503429659,04:17:09.659,ALGO/USDT:USDT,0.27,4892.0,0.2699,72981.4,0.2701,37651.3,0.2702,93854.4
1753503429767,04:17:09.767,ALGO/USDT:USDT,0.27,4892.0,0.2699,72981.4,0.2701,37651.3,0.2702,93854.4
1753503429902,04:17:09.902,ALGO/USDT:USDT,0.27,4892.0,0.2699,72981.4,0.2701,37651.3,0.2702,93854.4
1753503430057,04:17:10.057,ALGO/USDT:USDT,0.27,4892.0,0.2699,72981.4,0.2701,37651.3,0.2702,93854.4
1753503430292,04:17:10.292,ALGO/USDT:USDT,0.27,4892.0,0.2699,72981.4,0.2701,37651.3,0.2702,93854.4
1753503430585,04:17:10.585,ALGO/USDT:USDT,0.27,4911.5,0.2699,72981.4,0.2701,35372.0,0.2702,91576.1
1753503430727,04:17:10.727,ALGO/USDT:USDT,0.27,4911.5,0.2699,72981.4,0.2701,35372.0,0.2702,93484.1
1753503430833,04:17:10.833,ALGO/USDT:USDT,0.27,4911.5,0.2699,72981.4,0.2701,37651.3,0.2702,93484.1
1753503431259,04:17:11.259,ALGO/USDT:USDT,0.27,4911.5,0.2699,72981.4,0.2701,37651.3,0.2702,93484.1
1753503431402,04:17:11.402,ALGO/USDT:USDT,0.27,4911.5,0.2699,72981.4,0.2701,37651.3,0.2702,93484.1
1753503431526,04:17:11.526,ALGO/USDT:USDT,0.27,4911.5,0.2699,72981.4,0.2701,37651.3,0.2702,93484.1
1753503431659,04:17:11.659,ALGO/USDT:USDT,0.27,4911.5,0.2699,72981.4,0.2701,37651.3,0.2702,93484.1
1753503431764,04:17:11.764,ALGO/USDT:USDT,0.27,4911.5,0.2699,72981.4,0.2701,37651.3,0.2702,93484.1
1753503431919,04:17:11.919,ALGO/USDT:USDT,0.27,4911.5,0.2699,72981.4,0.2701,37651.3,0.2702,93484.1
1753503432046,04:17:12.046,ALGO/USDT:USDT,0.27,5101.2,0.2699,72981.4,0.2701,37651.3,0.2702,96347.2
1753503432216,04:17:12.216,ALGO/USDT:USDT,0.27,5180.9,0.2699,72981.4,0.2701,35372.0,0.2702,96347.2
1753503432326,04:17:12.326,ALGO/USDT:USDT,0.27,5180.9,0.2699,72981.4,0.2701,35372.0,0.2702,96347.2
1753503432440,04:17:12.440,ALGO/USDT:USDT,0.27,5180.9,0.2699,72981.4,0.2701,38003.0,0.2702,96347.2
1753503432547,04:17:12.547,ALGO/USDT:USDT,0.27,5180.9,0.2699,72981.4,0.2701,35723.7,0.2702,96347.2
1753503432660,04:17:12.660,ALGO/USDT:USDT,0.27,5180.9,0.2699,72981.4,0.2701,38021.6,0.2702,94439.2
1753503432778,04:17:12.778,ALGO/USDT:USDT,0.27,5180.9,0.2699,72981.4,0.2701,38021.6,0.2702,94439.2
1753503432887,04:17:12.887,ALGO/USDT:USDT,0.27,5180.9,0.2699,72981.4,0.2701,38210.4,0.2702,94439.2
1753503433002,04:17:13.002,ALGO/USDT:USDT,0.27,5180.9,0.2699,72981.4,0.2701,38580.7,0.2702,96347.2
1753503433126,04:17:13.126,ALGO/USDT:USDT,0.27,5228.6,0.2699,72981.4,0.2701,38580.7,0.2702,96347.2
1753503433260,04:17:13.260,ALGO/USDT:USDT,0.27,5228.6,0.2699,72981.4,0.2701,38603.5,0.2702,96347.2
1753503433502,04:17:13.502,ALGO/USDT:USDT,0.27,5228.6,0.2699,72981.4,0.2701,38603.5,0.2702,96347.2
1753503433729,04:17:13.729,ALGO/USDT:USDT,0.27,7794.3,0.2699,74181.4,0.2701,36324.2,0.2702,114325.4
1753503433834,04:17:13.834,ALGO/USDT:USDT,0.27,18812.9,0.2699,74181.4,0.2701,36324.2,0.2702,119296.1
1753503433940,04:17:13.940,ALGO/USDT:USDT,0.27,18812.9,0.2699,74181.4,0.2701,38584.9,0.2702,118925.8
1753503434048,04:17:14.048,ALGO/USDT:USDT,0.27,7812.9,0.2699,74181.4,0.2701,38603.5,0.2702,119296.1
1753503434171,04:17:14.171,ALGO/USDT:USDT,0.27,3640.7,0.2699,72981.4,0.2701,38603.5,0.2702,119296.1
1753503434326,04:17:14.326,ALGO/USDT:USDT,0.27,7812.9,0.2699,72981.4,0.2701,40035.6,0.2702,119296.1
1753503434459,04:17:14.459,ALGO/USDT:USDT,0.27,7812.9,0.2699,72981.4,0.2701,40035.6,0.2702,119296.1
1753503434651,04:17:14.651,ALGO/USDT:USDT,0.27,7812.9,0.2699,72981.4,0.2701,40035.6,0.2702,119296.1
1753503434802,04:17:14.802,ALGO/USDT:USDT,0.27,7812.9,0.2699,72981.4,0.2701,40035.6,0.2702,119296.1
1753503434940,04:17:14.940,ALGO/USDT:USDT,0.27,7812.9,0.2699,72981.4,0.2701,37756.3,0.2702,119296.1
1753503435116,04:17:15.116,ALGO/USDT:USDT,0.27,7812.9,0.2699,72981.4,0.2701,37756.3,0.2702,119296.1
1753503435260,04:17:15.260,ALGO/USDT:USDT,0.27,7812.9,0.2699,72981.4,0.2701,37756.3,0.2702,119296.1
1753503435466,04:17:15.466,ALGO/USDT:USDT,0.27,7812.9,0.2699,72981.4,0.2701,37756.3,0.2702,118925.8
1753503435578,04:17:15.578,ALGO/USDT:USDT,0.27,7812.9,0.2699,71811.4,0.2701,38656.3,0.2702,118925.8
1753503435683,04:17:15.683,ALGO/USDT:USDT,0.27,7812.9,0.2699,71811.4,0.2701,40917.0,0.2702,118925.8
1753503435902,04:17:15.902,ALGO/USDT:USDT,0.27,7812.9,0.2699,71811.4,0.2701,40917.0,0.2702,118925.8
1753503436059,04:17:16.059,ALGO/USDT:USDT,0.27,7812.9,0.2699,71811.4,0.2701,40917.0,0.2702,118925.8
1753503436271,04:17:16.271,ALGO/USDT:USDT,0.27,7812.9,0.2699,71811.4,0.2701,40969.4,0.2702,118891.2
1753503436413,04:17:16.413,ALGO/USDT:USDT,0.27,7812.9,0.2699,71811.4,0.2701,41245.4,0.2702,118891.2
1753503436587,04:17:16.587,ALGO/USDT:USDT,0.27,7812.9,0.2699,71811.4,0.2701,41245.4,0.2702,118891.2
1753503436719,04:17:16.719,ALGO/USDT:USDT,0.27,7812.9,0.2699,71811.4,0.2701,41245.4,0.2702,118891.2
1753503436859,04:17:16.859,ALGO/USDT:USDT,0.27,7812.9,0.2699,71811.4,0.2701,41245.4,0.2702,118891.2
1753503437002,04:17:17.002,ALGO/USDT:USDT,0.27,7812.9,0.2699,71811.4,0.2701,41245.4,0.2702,118891.2
1753503437126,04:17:17.126,ALGO/USDT:USDT,0.27,7812.9,0.2699,71811.4,0.2701,41245.4,0.2702,118891.2
1753503437259,04:17:17.259,ALGO/USDT:USDT,0.27,7812.9,0.2699,71811.4,0.2701,41245.4,0.2702,118899.7
1753503437526,04:17:17.526,ALGO/USDT:USDT,0.27,9183.7,0.2699,73011.4,0.2701,36836.1,0.2702,118529.4
1753503437636,04:17:17.636,ALGO/USDT:USDT,0.27,7812.9,0.2699,74181.4,0.2701,37855.2,0.2702,118159.1
1753503437750,04:17:17.750,ALGO/USDT:USDT,0.27,9183.7,0.2699,74181.4,0.2701,37855.2,0.2702,118159.1
1753503437884,04:17:17.884,ALGO/USDT:USDT,0.27,7812.9,0.2699,74181.4,0.2701,37855.2,0.2702,118159.1
1753503438059,04:17:18.059,ALGO/USDT:USDT,0.27,7812.9,0.2699,74181.4,0.2701,40486.2,0.2702,118159.1
1753503438211,04:17:18.211,ALGO/USDT:USDT,0.27,7812.9,0.2699,74181.4,0.2701,40486.2,0.2702,118159.1
1753503438326,04:17:18.326,ALGO/USDT:USDT,0.27,7812.9,0.2699,74181.4,0.2701,40486.2,0.2702,118159.1
1753503438460,04:17:18.460,ALGO/USDT:USDT,0.27,7812.9,0.2699,74181.4,0.2701,40486.2,0.2702,118159.1
1753503438565,04:17:18.565,ALGO/USDT:USDT,0.27,7812.9,0.2699,74181.4,0.2701,40115.9,0.2702,118159.1
1753503438702,04:17:18.702,ALGO/USDT:USDT,0.27,9596.1,0.2699,74181.4,0.2701,36955.2,0.2702,118159.1
1753503438808,04:17:18.808,ALGO/USDT:USDT,0.27,9596.1,0.2699,74181.4,0.2701,39234.5,0.2702,118159.1
1753503439126,04:17:19.126,ALGO/USDT:USDT,0.27,9596.1,0.2699,74181.4,0.2701,39234.5,0.2702,118159.1
1753503439259,04:17:19.259,ALGO/USDT:USDT,0.27,9596.1,0.2699,74181.4,0.2701,39273.6,0.2702,118159.1
1753503439361,04:17:19.361,ALGO/USDT:USDT,0.27,9596.1,0.2699,74181.4,0.2701,39272.1,0.2702,118159.1
1753503439467,04:17:19.467,ALGO/USDT:USDT,0.27,9596.1,0.2699,74181.4,0.2701,39272.1,0.2702,118159.1
1753503439659,04:17:19.659,ALGO/USDT:USDT,0.27,9596.1,0.2699,74181.4,0.2701,39272.1,0.2702,118159.1
1753503439774,04:17:19.774,ALGO/USDT:USDT,0.27,9596.1,0.2699,74181.4,0.2701,39879.1,0.2702,118159.1
1753503439877,04:17:19.877,ALGO/USDT:USDT,0.27,9596.1,0.2699,74181.4,0.2701,39879.1,0.2702,118159.1
1753503440060,04:17:20.060,ALGO/USDT:USDT,0.27,9596.1,0.2699,74181.4,0.2701,39879.1,0.2702,118159.1
1753503440326,04:17:20.326,ALGO/USDT:USDT,0.27,9596.1,0.2699,74181.4,0.2701,39879.1,0.2702,118159.1
1753503440445,04:17:20.445,ALGO/USDT:USDT,0.27,9596.1,0.2699,72981.4,0.2701,39879.1,0.2702,118159.1
1753503440610,04:17:20.610,ALGO/USDT:USDT,0.2699,27392.5,0.2698,136870.6,0.27,370.4,0.2701,75964.7
1753503440716,04:17:20.716,ALGO/USDT:USDT,0.27,4635.7,0.2699,87088.1,0.2701,44790.7,0.2702,121883.9
1753503440818,04:17:20.818,ALGO/USDT:USDT,0.27,4696.8,0.2699,87114.1,0.2701,44851.8,0.2702,122624.5
1753503441090,04:17:21.090,ALGO/USDT:USDT,0.27,4696.8,0.2699,87114.1,0.2701,44851.8,0.2702,118899.7
1753503441219,04:17:21.219,ALGO/USDT:USDT,0.27,4696.8,0.2699,87114.1,0.2701,44851.8,0.2702,118899.7
1753503441357,04:17:21.357,ALGO/USDT:USDT,0.27,4696.8,0.2699,87114.1,0.2701,40781.7,0.2702,118899.7
1753503441459,04:17:21.459,ALGO/USDT:USDT,0.27,4715.4,0.2699,87114.1,0.2701,43079.6,0.2702,119640.3
1753503441568,04:17:21.568,ALGO/USDT:USDT,0.27,4715.4,0.2699,87114.1,0.2701,43449.9,0.2702,119640.3
1753503441702,04:17:21.702,ALGO/USDT:USDT,0.27,4715.4,0.2699,86859.4,0.2701,39410.9,0.2702,118899.7
1753503441832,04:17:21.832,ALGO/USDT:USDT,0.27,20035.0,0.2699,80922.4,0.2701,19010.4,0.2702,116036.6
1753503441946,04:17:21.946,ALGO/USDT:USDT,0.27,23465.7,0.2699,79011.7,0.2701,19010.4,0.2702,114925.7
1753503442054,04:17:22.054,ALGO/USDT:USDT,0.27,23545.4,0.2699,79011.7,0.2701,19010.4,0.2702,114555.4
1753503442198,04:17:22.198,ALGO/USDT:USDT,0.27,23545.4,0.2699,79011.7,0.2701,18640.1,0.2702,114555.4
1753503442302,04:17:22.302,ALGO/USDT:USDT,0.27,21266.1,0.2699,80192.0,0.2701,18640.1,0.2702,114555.4
1753503442426,04:17:22.426,ALGO/USDT:USDT,0.27,21266.1,0.2699,80192.0,0.2701,18640.1,0.2702,114555.4
1753503442618,04:17:22.618,ALGO/USDT:USDT,0.27,21266.1,0.2699,80192.0,0.2701,18640.1,0.2702,114555.4
1753503442726,04:17:22.726,ALGO/USDT:USDT,0.27,37247.5,0.2699,80192.0,0.2701,18640.1,0.2702,114555.4
1753503442859,04:17:22.859,ALGO/USDT:USDT,0.27,37247.5,0.2699,80192.0,0.2701,18640.1,0.2702,114555.4
1753503443080,04:17:23.080,ALGO/USDT:USDT,0.27,37266.1,0.2699,80192.0,0.2701,17344.6,0.2702,115850.9
1753503443260,04:17:23.260,ALGO/USDT:USDT,0.27,37266.1,0.2699,80192.0,0.2701,17344.6,0.2702,115850.9
1753503443369,04:17:23.369,ALGO/USDT:USDT,0.27,37266.1,0.2699,80192.0,0.2701,17325.9,0.2702,115850.9
1753503443487,04:17:23.487,ALGO/USDT:USDT,0.27,37266.1,0.2699,80192.0,0.2701,17325.9,0.2702,115850.9
1753503443659,04:17:23.659,ALGO/USDT:USDT,0.27,39545.4,0.2699,80192.0,0.2701,17325.9,0.2702,115850.9
1753503443761,04:17:23.761,ALGO/USDT:USDT,0.27,40237.9,0.2699,79288.8,0.2701,17344.5,0.2702,115850.9
1753503443902,04:17:23.902,ALGO/USDT:USDT,0.27,21958.6,0.2699,79288.8,0.2701,17344.5,0.2702,115850.9
