timestamp,time,symbol,bid1_price,bid1_volume,bid2_price,bid2_volume,ask1_price,ask1_volume,ask2_price,ask2_volume
1753504005791,04:26:45.791,AAVE/USDT:USDT,297.31,0.62,297.3,0.02,297.32,29.24,297.33,0.03
1753504005891,04:26:45.891,AAVE/USDT:USDT,297.31,0.62,297.3,0.02,297.32,29.24,297.33,0.03
1753504005991,04:26:45.991,AAVE/USDT:USDT,297.31,0.62,297.3,0.02,297.32,29.24,297.33,0.03
1753504006091,04:26:46.091,AAVE/USDT:USDT,297.31,0.62,297.3,0.02,297.32,29.24,297.33,0.03
1753504006190,04:26:46.190,AAVE/USDT:USDT,297.31,0.62,297.3,0.02,297.32,29.24,297.33,0.03
1753504006591,04:26:46.591,AAVE/USDT:USDT,297.31,0.62,297.3,0.02,297.32,29.24,297.33,0.03
1753504006691,04:26:46.691,AAVE/USDT:USDT,297.31,0.62,297.3,0.02,297.32,29.24,297.33,0.03
1753504006792,04:26:46.792,AAVE/USDT:USDT,297.31,0.62,297.3,0.02,297.32,29.24,297.33,0.03
1753504006891,04:26:46.891,AAVE/USDT:USDT,297.31,0.62,297.3,0.02,297.32,29.24,297.33,0.03
1753504006991,04:26:46.991,AAVE/USDT:USDT,297.31,0.62,297.3,0.02,297.32,29.24,297.33,0.03
1753504007091,04:26:47.091,AAVE/USDT:USDT,297.31,0.62,297.3,0.02,297.32,29.24,297.33,0.03
1753504007391,04:26:47.391,AAVE/USDT:USDT,297.31,0.62,297.3,0.02,297.32,29.24,297.33,0.03
1753504007491,04:26:47.491,AAVE/USDT:USDT,297.31,0.62,297.3,0.02,297.32,29.24,297.33,0.03
1753504007591,04:26:47.591,AAVE/USDT:USDT,297.31,0.62,297.3,0.02,297.32,29.24,297.33,0.03
1753504007691,04:26:47.691,AAVE/USDT:USDT,297.31,0.62,297.3,0.02,297.32,29.24,297.33,0.03
1753504007794,04:26:47.794,AAVE/USDT:USDT,297.31,0.62,297.3,0.02,297.32,29.24,297.33,0.03
1753504007891,04:26:47.891,AAVE/USDT:USDT,297.31,0.62,297.3,0.02,297.32,29.24,297.33,0.03
1753504007991,04:26:47.991,AAVE/USDT:USDT,297.31,0.62,297.3,0.02,297.32,29.24,297.33,0.03
1753504008091,04:26:48.091,AAVE/USDT:USDT,297.31,0.62,297.3,0.02,297.32,29.24,297.33,0.03
1753504008291,04:26:48.291,AAVE/USDT:USDT,297.31,0.62,297.3,0.02,297.32,29.24,297.33,0.03
1753504008391,04:26:48.391,AAVE/USDT:USDT,297.31,0.62,297.3,0.02,297.32,29.24,297.33,0.03
1753504008490,04:26:48.490,AAVE/USDT:USDT,297.31,0.62,297.3,1.39,297.32,29.24,297.33,0.03
1753504008591,04:26:48.591,AAVE/USDT:USDT,297.31,0.62,297.3,1.39,297.32,29.24,297.33,0.03
1753504008691,04:26:48.691,AAVE/USDT:USDT,297.31,2.13,297.3,1.39,297.32,29.24,297.33,0.03
1753504008791,04:26:48.791,AAVE/USDT:USDT,297.31,4.71,297.3,1.39,297.32,29.24,297.33,0.03
1753504008891,04:26:48.891,AAVE/USDT:USDT,297.31,4.71,297.3,0.02,297.32,29.24,297.33,0.03
1753504008991,04:26:48.991,AAVE/USDT:USDT,297.31,4.71,297.3,0.02,297.32,29.24,297.33,0.03
1753504009191,04:26:49.191,AAVE/USDT:USDT,297.31,3.2,297.3,0.02,297.32,29.24,297.33,0.03
1753504009292,04:26:49.292,AAVE/USDT:USDT,297.31,3.2,297.3,0.02,297.32,29.24,297.33,0.03
1753504009391,04:26:49.391,AAVE/USDT:USDT,297.31,3.2,297.3,0.02,297.32,29.24,297.33,0.03
1753504009591,04:26:49.591,AAVE/USDT:USDT,297.31,3.2,297.3,0.02,297.32,29.24,297.33,0.03
1753504009691,04:26:49.691,AAVE/USDT:USDT,297.31,3.2,297.3,0.02,297.32,29.24,297.33,0.03
1753504009891,04:26:49.891,AAVE/USDT:USDT,297.31,3.2,297.3,0.02,297.32,29.24,297.33,0.03
1753504009991,04:26:49.991,AAVE/USDT:USDT,297.31,3.2,297.3,0.02,297.32,29.24,297.33,0.03
1753504010091,04:26:50.091,AAVE/USDT:USDT,297.31,3.2,297.3,0.02,297.32,29.24,297.33,0.03
1753504010191,04:26:50.191,AAVE/USDT:USDT,297.31,4.2,297.3,1.39,297.32,29.24,297.33,0.03
1753504010291,04:26:50.291,AAVE/USDT:USDT,297.33,10.31,297.32,11.68,297.34,2.94,297.35,0.07
1753504010391,04:26:50.391,AAVE/USDT:USDT,297.41,5.94,297.4,8.88,297.42,2.84,297.43,0.16
1753504010492,04:26:50.492,AAVE/USDT:USDT,297.41,2.97,297.4,8.88,297.42,8.05,297.43,0.11
1753504010591,04:26:50.591,AAVE/USDT:USDT,297.4,3.26,297.38,4.13,297.41,0.42,297.42,0.05
1753504010691,04:26:50.691,AAVE/USDT:USDT,297.4,3.26,297.38,4.13,297.42,0.47,297.43,2.38
1753504010792,04:26:50.792,AAVE/USDT:USDT,297.4,3.26,297.38,4.13,297.42,1.35,297.43,2.38
1753504010890,04:26:50.890,AAVE/USDT:USDT,297.4,3.24,297.38,4.13,297.42,1.35,297.43,2.34
1753504010991,04:26:50.991,AAVE/USDT:USDT,297.4,3.34,297.38,4.13,297.42,1.35,297.43,2.34
1753504011091,04:26:51.091,AAVE/USDT:USDT,297.4,3.34,297.38,4.13,297.42,3.35,297.43,0.34
1753504011190,04:26:51.190,AAVE/USDT:USDT,297.4,3.86,297.38,4.13,297.42,3.35,297.43,0.34
1753504011291,04:26:51.291,AAVE/USDT:USDT,297.4,2.31,297.38,4.13,297.42,3.35,297.43,0.34
1753504011391,04:26:51.391,AAVE/USDT:USDT,297.4,2.31,297.38,4.13,297.42,3.35,297.43,2.62
1753504011491,04:26:51.491,AAVE/USDT:USDT,297.4,2.31,297.38,4.13,297.42,3.35,297.43,0.34
1753504011592,04:26:51.592,AAVE/USDT:USDT,297.4,2.31,297.38,4.13,297.42,3.35,297.43,0.34
1753504011691,04:26:51.691,AAVE/USDT:USDT,297.4,2.31,297.38,4.13,297.41,0.98,297.42,2.47
1753504011793,04:26:51.793,AAVE/USDT:USDT,297.4,4.89,297.39,1.37,297.41,29.1,297.42,0.05
1753504011891,04:26:51.891,AAVE/USDT:USDT,297.4,0.62,297.38,4.13,297.41,29.1,297.42,0.05
1753504011992,04:26:51.992,AAVE/USDT:USDT,297.4,4.65,297.39,1.37,297.41,29.1,297.42,0.05
1753504012091,04:26:52.091,AAVE/USDT:USDT,297.4,3.15,297.39,1.37,297.41,29.1,297.42,0.05
1753504012191,04:26:52.191,AAVE/USDT:USDT,297.4,4.49,297.39,1.37,297.41,29.1,297.42,0.05
1753504012291,04:26:52.291,AAVE/USDT:USDT,297.4,4.49,297.39,1.37,297.41,29.1,297.42,0.05
1753504012390,04:26:52.390,AAVE/USDT:USDT,297.4,4.49,297.38,4.13,297.41,29.1,297.42,0.05
1753504012592,04:26:52.592,AAVE/USDT:USDT,297.4,4.49,297.38,4.13,297.41,29.1,297.42,0.05
1753504012691,04:26:52.691,AAVE/USDT:USDT,297.4,3.83,297.38,4.13,297.41,29.1,297.42,0.05
1753504012790,04:26:52.790,AAVE/USDT:USDT,297.4,3.83,297.38,4.13,297.41,29.1,297.42,0.05
1753504012892,04:26:52.892,AAVE/USDT:USDT,297.42,12.37,297.41,11.61,297.43,31.05,297.44,0.04
1753504012991,04:26:52.991,AAVE/USDT:USDT,297.42,12.37,297.41,11.19,297.43,31.05,297.44,0.04
1753504013091,04:26:53.091,AAVE/USDT:USDT,297.42,3.91,297.41,5.47,297.43,31.05,297.44,0.04
1753504013190,04:26:53.190,AAVE/USDT:USDT,297.42,4.01,297.41,5.47,297.43,31.05,297.44,0.04
1753504013291,04:26:53.291,AAVE/USDT:USDT,297.42,0.1,297.41,1.99,297.43,31.05,297.44,0.04
1753504013391,04:26:53.391,AAVE/USDT:USDT,297.42,0.1,297.4,0.53,297.43,29.74,297.44,5.66
1753504013491,04:26:53.491,AAVE/USDT:USDT,297.42,0.57,297.4,0.06,297.43,30.62,297.44,5.66
1753504013591,04:26:53.591,AAVE/USDT:USDT,297.42,0.57,297.4,0.06,297.43,31.46,297.44,6.33
1753504013692,04:26:53.692,AAVE/USDT:USDT,297.42,0.57,297.4,0.06,297.43,33.76,297.44,6.33
1753504013792,04:26:53.792,AAVE/USDT:USDT,297.4,0.02,297.39,0.04,297.41,7.1,297.42,14.89
1753504013891,04:26:53.891,AAVE/USDT:USDT,297.38,0.02,297.37,0.04,297.39,2.13,297.4,4.98
1753504013992,04:26:53.992,AAVE/USDT:USDT,297.38,0.02,297.37,0.04,297.39,2.13,297.4,4.98
1753504014091,04:26:54.091,AAVE/USDT:USDT,297.38,0.02,297.37,0.04,297.39,2.13,297.4,2.6
1753504014191,04:26:54.191,AAVE/USDT:USDT,297.38,0.02,297.37,0.04,297.39,2.13,297.4,2.6
1753504014292,04:26:54.292,AAVE/USDT:USDT,297.38,0.02,297.37,0.04,297.39,2.13,297.4,2.6
1753504014390,04:26:54.390,AAVE/USDT:USDT,297.38,0.02,297.37,0.04,297.39,2.13,297.4,2.6
1753504014491,04:26:54.491,AAVE/USDT:USDT,297.38,0.02,297.37,0.04,297.39,2.13,297.4,2.6
1753504014591,04:26:54.591,AAVE/USDT:USDT,297.38,0.02,297.37,0.04,297.39,2.13,297.4,2.6
1753504014691,04:26:54.691,AAVE/USDT:USDT,297.38,0.02,297.37,0.04,297.39,2.13,297.4,2.6
1753504014791,04:26:54.791,AAVE/USDT:USDT,297.38,0.02,297.37,0.04,297.39,2.13,297.4,2.6
1753504014891,04:26:54.891,AAVE/USDT:USDT,297.38,0.02,297.37,0.04,297.39,1.6,297.4,2.6
1753504014991,04:26:54.991,AAVE/USDT:USDT,297.38,0.02,297.37,0.04,297.39,1.6,297.4,2.6
1753504015090,04:26:55.090,AAVE/USDT:USDT,297.38,0.02,297.37,0.04,297.39,1.6,297.4,2.6
1753504015191,04:26:55.191,AAVE/USDT:USDT,297.38,0.02,297.37,0.04,297.39,1.6,297.4,2.6
1753504015291,04:26:55.291,AAVE/USDT:USDT,297.38,0.45,297.37,0.04,297.39,1.6,297.4,0.02
1753504015391,04:26:55.391,AAVE/USDT:USDT,297.38,1.93,297.37,0.04,297.39,1.6,297.4,0.02
1753504015491,04:26:55.491,AAVE/USDT:USDT,297.38,4.93,297.36,4.68,297.39,1.6,297.4,0.02
1753504015591,04:26:55.591,AAVE/USDT:USDT,297.38,4.51,297.36,2.91,297.39,1.6,297.4,0.02
1753504015690,04:26:55.690,AAVE/USDT:USDT,297.38,4.51,297.36,1.54,297.39,1.6,297.4,0.02
1753504015794,04:26:55.794,AAVE/USDT:USDT,297.38,4.51,297.36,1.54,297.39,1.6,297.4,0.02
1753504015890,04:26:55.890,AAVE/USDT:USDT,297.38,4.51,297.36,1.54,297.39,1.6,297.4,0.02
1753504015991,04:26:55.991,AAVE/USDT:USDT,297.38,4.51,297.36,1.54,297.39,1.6,297.4,0.02
1753504016091,04:26:56.091,AAVE/USDT:USDT,297.38,4.51,297.36,1.54,297.39,1.6,297.4,0.02
1753504016191,04:26:56.191,AAVE/USDT:USDT,297.38,4.51,297.36,1.54,297.39,1.6,297.4,0.02
1753504016291,04:26:56.291,AAVE/USDT:USDT,297.38,4.51,297.36,1.54,297.39,1.63,297.4,0.02
1753504016391,04:26:56.391,AAVE/USDT:USDT,297.38,4.51,297.37,1.37,297.39,0.75,297.4,0.02
1753504016491,04:26:56.491,AAVE/USDT:USDT,297.38,4.93,297.37,1.37,297.39,0.03,297.4,0.02
1753504016592,04:26:56.592,AAVE/USDT:USDT,297.38,4.93,297.37,1.37,297.39,0.03,297.4,0.02
1753504016691,04:26:56.691,AAVE/USDT:USDT,297.38,4.93,297.37,1.37,297.39,0.03,297.4,0.02
1753504016791,04:26:56.791,AAVE/USDT:USDT,297.38,4.93,297.37,1.37,297.39,0.03,297.4,0.02
1753504016891,04:26:56.891,AAVE/USDT:USDT,297.38,4.93,297.37,1.37,297.39,0.03,297.4,0.02
1753504016991,04:26:56.991,AAVE/USDT:USDT,297.38,4.93,297.37,1.37,297.39,0.03,297.4,0.02
1753504017091,04:26:57.091,AAVE/USDT:USDT,297.38,4.93,297.37,1.46,297.39,0.03,297.4,0.02
1753504017191,04:26:57.191,AAVE/USDT:USDT,297.38,4.93,297.37,1.46,297.39,0.03,297.4,0.02
1753504017291,04:26:57.291,AAVE/USDT:USDT,297.38,4.93,297.37,1.46,297.39,0.03,297.4,0.02
1753504017391,04:26:57.391,AAVE/USDT:USDT,297.38,4.93,297.37,1.46,297.39,0.03,297.4,0.02
1753504017490,04:26:57.490,AAVE/USDT:USDT,297.38,4.93,297.37,1.46,297.39,0.03,297.4,0.02
1753504017591,04:26:57.591,AAVE/USDT:USDT,297.38,4.93,297.37,1.46,297.39,0.03,297.4,0.02
1753504017692,04:26:57.692,AAVE/USDT:USDT,297.39,14.56,297.38,9.66,297.4,32.41,297.42,0.07
1753504017791,04:26:57.791,AAVE/USDT:USDT,297.39,14.56,297.38,9.66,297.4,32.41,297.42,0.07
1753504017891,04:26:57.891,AAVE/USDT:USDT,297.42,15.37,297.41,8.82,297.43,3.6,297.44,0.08
1753504017992,04:26:57.992,AAVE/USDT:USDT,297.42,10.57,297.41,8.82,297.43,29.46,297.44,0.04
1753504018091,04:26:58.091,AAVE/USDT:USDT,297.42,3.04,297.41,3.98,297.43,29.39,297.44,0.04
1753504018191,04:26:58.191,AAVE/USDT:USDT,297.42,2.51,297.41,3.98,297.43,29.39,297.44,0.04
1753504018292,04:26:58.292,AAVE/USDT:USDT,297.42,0.53,297.41,3.98,297.43,29.39,297.44,0.04
1753504018390,04:26:58.390,AAVE/USDT:USDT,297.42,0.42,297.41,3.98,297.43,29.39,297.44,0.04
1753504018491,04:26:58.491,AAVE/USDT:USDT,297.42,0.42,297.41,3.98,297.43,29.39,297.44,0.04
1753504018592,04:26:58.592,AAVE/USDT:USDT,297.42,0.42,297.41,3.98,297.43,29.39,297.44,0.04
1753504018691,04:26:58.691,AAVE/USDT:USDT,297.42,0.42,297.41,3.98,297.43,29.39,297.44,0.04
1753504018790,04:26:58.790,AAVE/USDT:USDT,297.42,0.42,297.41,3.98,297.43,29.39,297.44,0.04
1753504018891,04:26:58.891,AAVE/USDT:USDT,297.42,4.48,297.41,3.98,297.43,29.39,297.44,0.04
1753504018991,04:26:58.991,AAVE/USDT:USDT,297.42,6.7,297.41,5.35,297.43,29.39,297.44,0.04
1753504019091,04:26:59.091,AAVE/USDT:USDT,297.42,5.22,297.41,5.35,297.43,29.39,297.44,0.04
