timestamp,time,symbol,bid1_price,bid1_volume,bid2_price,bid2_volume,ask1_price,ask1_volume,ask2_price,ask2_volume
1753503304622,04:15:04.622,ADA/USDT:USDT,0.8258,16361.0,0.8257,81074.0,0.8259,3383.0,0.826,49257.0
1753503304823,04:15:04.823,ADA/USDT:USDT,0.8258,15144.0,0.8257,82175.0,0.8259,1650.0,0.826,53843.0
1753503304923,04:15:04.923,ADA/USDT:USDT,0.8258,8336.0,0.8257,78654.0,0.8259,2983.0,0.826,70621.0
1753503305022,04:15:05.022,ADA/USDT:USDT,0.8258,8336.0,0.8257,78654.0,0.8259,2983.0,0.826,68138.0
1753503305122,04:15:05.122,ADA/USDT:USDT,0.8258,8336.0,0.8257,58966.0,0.8259,2983.0,0.826,68138.0
1753503305222,04:15:05.222,ADA/USDT:USDT,0.8258,8336.0,0.8257,71287.0,0.8259,2983.0,0.826,68138.0
1753503305323,04:15:05.323,ADA/USDT:USDT,0.8258,8336.0,0.8257,72325.0,0.8259,2658.0,0.826,68138.0
1753503305422,04:15:05.422,ADA/USDT:USDT,0.8258,8336.0,0.8257,71287.0,0.8259,2658.0,0.826,68138.0
1753503305522,04:15:05.522,ADA/USDT:USDT,0.8258,8336.0,0.8257,68804.0,0.8259,2658.0,0.826,68145.0
1753503305623,04:15:05.623,ADA/USDT:USDT,0.8258,1475.0,0.8257,33983.0,0.8259,9878.0,0.826,83691.0
1753503305722,04:15:05.722,ADA/USDT:USDT,0.8258,1975.0,0.8257,33983.0,0.8259,9334.0,0.826,83691.0
1753503305822,04:15:05.822,ADA/USDT:USDT,0.8258,2095.0,0.8257,36466.0,0.8259,8815.0,0.826,83691.0
1753503305922,04:15:05.922,ADA/USDT:USDT,0.8258,3160.0,0.8257,33983.0,0.8259,8815.0,0.826,83691.0
1753503306022,04:15:06.022,ADA/USDT:USDT,0.8258,10300.0,0.8257,43454.0,0.8259,3163.0,0.826,77049.0
1753503306122,04:15:06.122,ADA/USDT:USDT,0.8258,11288.0,0.8257,44199.0,0.8259,1275.0,0.826,42560.0
1753503306223,04:15:06.223,ADA/USDT:USDT,0.8258,11288.0,0.8257,44199.0,0.8259,1275.0,0.826,58977.0
1753503306322,04:15:06.322,ADA/USDT:USDT,0.8258,11288.0,0.8257,44199.0,0.8259,1275.0,0.826,63908.0
1753503306422,04:15:06.422,ADA/USDT:USDT,0.8258,11288.0,0.8257,44199.0,0.8259,282.0,0.826,63896.0
1753503306522,04:15:06.522,ADA/USDT:USDT,0.8258,11288.0,0.8257,44199.0,0.8259,311.0,0.826,35976.0
1753503306622,04:15:06.622,ADA/USDT:USDT,0.8258,11288.0,0.8257,44199.0,0.8259,311.0,0.826,20558.0
1753503306722,04:15:06.722,ADA/USDT:USDT,0.8258,11288.0,0.8257,44199.0,0.8259,311.0,0.826,20558.0
1753503306822,04:15:06.822,ADA/USDT:USDT,0.8258,10300.0,0.8257,42466.0,0.8259,311.0,0.826,55517.0
1753503306922,04:15:06.922,ADA/USDT:USDT,0.8258,10300.0,0.8257,42466.0,0.8259,311.0,0.826,55517.0
1753503307022,04:15:07.022,ADA/USDT:USDT,0.8258,10300.0,0.8257,42466.0,0.8259,311.0,0.826,55517.0
1753503307122,04:15:07.122,ADA/USDT:USDT,0.8258,10300.0,0.8257,45066.0,0.8259,408.0,0.826,55517.0
1753503307222,04:15:07.222,ADA/USDT:USDT,0.8258,10300.0,0.8257,46079.0,0.8259,411.0,0.826,55517.0
1753503307322,04:15:07.322,ADA/USDT:USDT,0.8258,10300.0,0.8257,45560.0,0.8259,411.0,0.826,55517.0
1753503307422,04:15:07.422,ADA/USDT:USDT,0.8258,10300.0,0.8257,45066.0,0.8259,411.0,0.826,55517.0
1753503307522,04:15:07.522,ADA/USDT:USDT,0.8258,10300.0,0.8257,45066.0,0.8259,411.0,0.826,48946.0
1753503307622,04:15:07.622,ADA/USDT:USDT,0.8258,10300.0,0.8257,45066.0,0.8259,1811.0,0.826,52492.0
1753503307722,04:15:07.722,ADA/USDT:USDT,0.8258,7700.0,0.8257,46095.0,0.8259,3975.0,0.826,53827.0
1753503307822,04:15:07.822,ADA/USDT:USDT,0.8258,7700.0,0.8257,46095.0,0.8259,3975.0,0.826,52040.0
1753503307922,04:15:07.922,ADA/USDT:USDT,0.8258,7700.0,0.8257,46095.0,0.8259,3975.0,0.826,52040.0
1753503308022,04:15:08.022,ADA/USDT:USDT,0.8258,7700.0,0.8257,46095.0,0.8259,3975.0,0.826,52040.0
1753503308123,04:15:08.123,ADA/USDT:USDT,0.8258,5100.0,0.8257,46095.0,0.8259,3975.0,0.826,72458.0
1753503308222,04:15:08.222,ADA/USDT:USDT,0.8258,5100.0,0.8257,46095.0,0.8259,3975.0,0.826,71964.0
1753503308323,04:15:08.323,ADA/USDT:USDT,0.8258,5100.0,0.8257,46095.0,0.8259,3975.0,0.826,71470.0
1753503308422,04:15:08.422,ADA/USDT:USDT,0.8258,5100.0,0.8257,46095.0,0.8259,3975.0,0.826,71470.0
1753503308522,04:15:08.522,ADA/USDT:USDT,0.8258,5100.0,0.8257,46589.0,0.8259,3975.0,0.826,71470.0
1753503308622,04:15:08.622,ADA/USDT:USDT,0.8258,5100.0,0.8257,46589.0,0.8259,3650.0,0.826,71470.0
1753503308722,04:15:08.722,ADA/USDT:USDT,0.8258,5100.0,0.8257,47083.0,0.8259,3630.0,0.826,72499.0
1753503308822,04:15:08.822,ADA/USDT:USDT,0.8258,5100.0,0.8257,47083.0,0.8259,3630.0,0.826,72499.0
1753503309022,04:15:09.022,ADA/USDT:USDT,0.8258,5088.0,0.8257,46589.0,0.8259,3630.0,0.826,72993.0
1753503309123,04:15:09.123,ADA/USDT:USDT,0.8258,5088.0,0.8257,47072.0,0.8259,3630.0,0.826,72499.0
1753503309222,04:15:09.222,ADA/USDT:USDT,0.8258,5088.0,0.8257,47072.0,0.8259,3955.0,0.826,72499.0
1753503309322,04:15:09.322,ADA/USDT:USDT,0.8258,1559.0,0.8257,31383.0,0.8259,16090.0,0.826,75948.0
1753503309422,04:15:09.422,ADA/USDT:USDT,0.8258,63.0,0.8257,31383.0,0.8259,16097.0,0.826,75973.0
1753503309523,04:15:09.523,ADA/USDT:USDT,0.8258,1071.0,0.8257,31383.0,0.8259,16097.0,0.826,75973.0
1753503309622,04:15:09.622,ADA/USDT:USDT,0.8258,1071.0,0.8257,31383.0,0.8259,16097.0,0.826,75973.0
1753503309722,04:15:09.722,ADA/USDT:USDT,0.8258,1559.0,0.8257,31383.0,0.8259,16097.0,0.826,75973.0
1753503309822,04:15:09.822,ADA/USDT:USDT,0.8258,63.0,0.8257,31383.0,0.8259,16580.0,0.826,75973.0
1753503309922,04:15:09.922,ADA/USDT:USDT,0.8258,1071.0,0.8257,37383.0,0.8259,16580.0,0.826,75973.0
1753503310022,04:15:10.022,ADA/USDT:USDT,0.8258,63.0,0.8257,37383.0,0.8259,16580.0,0.826,76373.0
1753503310123,04:15:10.123,ADA/USDT:USDT,0.8258,1559.0,0.8257,31383.0,0.8259,16097.0,0.826,76348.0
1753503310223,04:15:10.223,ADA/USDT:USDT,0.8258,1071.0,0.8257,31383.0,0.8259,16580.0,0.826,76373.0
1753503310323,04:15:10.323,ADA/USDT:USDT,0.8258,63.0,0.8257,31383.0,0.8259,16580.0,0.826,76373.0
1753503310422,04:15:10.422,ADA/USDT:USDT,0.8258,63.0,0.8257,31383.0,0.8259,16580.0,0.826,76373.0
1753503310523,04:15:10.523,ADA/USDT:USDT,0.8258,63.0,0.8257,31383.0,0.8259,16580.0,0.826,76373.0
1753503310722,04:15:10.722,ADA/USDT:USDT,0.8258,188.0,0.8257,31383.0,0.8259,16642.0,0.826,76373.0
1753503310823,04:15:10.823,ADA/USDT:USDT,0.8258,354.0,0.8257,31383.0,0.8259,16642.0,0.826,79517.0
1753503310922,04:15:10.922,ADA/USDT:USDT,0.8258,354.0,0.8257,37383.0,0.8259,16642.0,0.826,79517.0
1753503311023,04:15:11.023,ADA/USDT:USDT,0.8258,2108.0,0.8257,39866.0,0.8259,16159.0,0.826,73382.0
1753503311123,04:15:11.123,ADA/USDT:USDT,0.8258,63.0,0.8257,37383.0,0.8259,16159.0,0.826,76373.0
1753503311222,04:15:11.222,ADA/USDT:USDT,0.8258,2651.0,0.8257,37383.0,0.8259,16159.0,0.826,79454.0
1753503311322,04:15:11.322,ADA/USDT:USDT,0.8258,63.0,0.8257,37383.0,0.8259,16642.0,0.826,79454.0
1753503311422,04:15:11.422,ADA/USDT:USDT,0.8258,2354.0,0.8257,39866.0,0.8259,16169.0,0.826,79429.0
1753503311522,04:15:11.522,ADA/USDT:USDT,0.8258,2354.0,0.8257,39866.0,0.8259,16131.0,0.826,76473.0
1753503311622,04:15:11.622,ADA/USDT:USDT,0.8258,2354.0,0.8257,39866.0,0.8259,16171.0,0.826,78981.0
1753503311823,04:15:11.823,ADA/USDT:USDT,0.8258,2354.0,0.8257,37866.0,0.8259,16171.0,0.826,75392.0
1753503311924,04:15:11.924,ADA/USDT:USDT,0.8258,2354.0,0.8257,37383.0,0.8259,16171.0,0.826,79503.0
1753503312122,04:15:12.122,ADA/USDT:USDT,0.8258,2354.0,0.8257,37866.0,0.8259,16171.0,0.826,79478.0
1753503312222,04:15:12.222,ADA/USDT:USDT,0.8258,2354.0,0.8257,37383.0,0.8259,16171.0,0.826,79986.0
1753503312322,04:15:12.322,ADA/USDT:USDT,0.8258,354.0,0.8257,37383.0,0.8259,16171.0,0.826,79986.0
1753503312423,04:15:12.423,ADA/USDT:USDT,0.8258,5557.0,0.8257,40949.0,0.8259,16171.0,0.826,78995.0
1753503312522,04:15:12.522,ADA/USDT:USDT,0.8258,5557.0,0.8257,43549.0,0.8259,10420.0,0.826,78995.0
1753503312622,04:15:12.622,ADA/USDT:USDT,0.8258,5557.0,0.8257,43549.0,0.8259,10420.0,0.826,78995.0
1753503312722,04:15:12.722,ADA/USDT:USDT,0.8258,5074.0,0.8257,43549.0,0.8259,7820.0,0.826,78995.0
1753503312823,04:15:12.823,ADA/USDT:USDT,0.8258,2816.0,0.8257,43549.0,0.8259,7820.0,0.826,78995.0
1753503312922,04:15:12.922,ADA/USDT:USDT,0.8258,2816.0,0.8257,39983.0,0.8259,7820.0,0.826,81986.0
1753503313022,04:15:13.022,ADA/USDT:USDT,0.8258,2816.0,0.8257,39983.0,0.8259,7820.0,0.826,82932.0
1753503313123,04:15:13.123,ADA/USDT:USDT,0.8258,2996.0,0.8257,39983.0,0.8259,7820.0,0.826,82932.0
1753503313223,04:15:13.223,ADA/USDT:USDT,0.8258,3212.0,0.8257,43432.0,0.8259,7820.0,0.826,79458.0
1753503313322,04:15:13.322,ADA/USDT:USDT,0.8258,1324.0,0.8257,39983.0,0.8259,8488.0,0.826,82932.0
1753503313422,04:15:13.422,ADA/USDT:USDT,0.8258,1324.0,0.8257,39983.0,0.8259,8488.0,0.826,82932.0
1753503313622,04:15:13.622,ADA/USDT:USDT,0.8258,1127.0,0.8257,31383.0,0.8259,8488.0,0.826,82532.0
1753503313723,04:15:13.723,ADA/USDT:USDT,0.8258,2131.0,0.8257,33866.0,0.8259,8002.0,0.826,82507.0
1753503313822,04:15:13.822,ADA/USDT:USDT,0.8258,12150.0,0.8257,37457.0,0.8259,1662.0,0.826,58428.0
1753503313922,04:15:13.922,ADA/USDT:USDT,0.8258,12150.0,0.8257,37457.0,0.8259,1569.0,0.826,58428.0
1753503314023,04:15:14.023,ADA/USDT:USDT,0.8258,12150.0,0.8257,37457.0,0.8259,1649.0,0.826,58428.0
1753503314122,04:15:14.122,ADA/USDT:USDT,0.8258,11184.0,0.8257,37457.0,0.8259,1649.0,0.826,39563.0
1753503314223,04:15:14.223,ADA/USDT:USDT,0.8258,11184.0,0.8257,37432.0,0.8259,1649.0,0.826,74031.0
1753503314322,04:15:14.322,ADA/USDT:USDT,0.8258,11667.0,0.8257,37457.0,0.8259,1649.0,0.826,71548.0
1753503314422,04:15:14.422,ADA/USDT:USDT,0.8258,12150.0,0.8257,37457.0,0.8259,1649.0,0.826,71548.0
1753503314522,04:15:14.522,ADA/USDT:USDT,0.8258,12150.0,0.8257,37457.0,0.8259,1649.0,0.826,71548.0
1753503314622,04:15:14.622,ADA/USDT:USDT,0.8258,12150.0,0.8257,37457.0,0.8259,1649.0,0.826,71548.0
1753503314722,04:15:14.722,ADA/USDT:USDT,0.8258,12150.0,0.8257,37457.0,0.8259,1649.0,0.826,71548.0
1753503314822,04:15:14.822,ADA/USDT:USDT,0.8258,17184.0,0.8257,45574.0,0.8259,1649.0,0.826,58416.0
1753503314922,04:15:14.922,ADA/USDT:USDT,0.8258,17184.0,0.8257,46057.0,0.8259,1649.0,0.826,71546.0
1753503315022,04:15:15.022,ADA/USDT:USDT,0.8258,17184.0,0.8257,46057.0,0.8259,1649.0,0.826,71546.0
1753503315122,04:15:15.122,ADA/USDT:USDT,0.8258,17184.0,0.8257,45549.0,0.8259,4698.0,0.826,72512.0
1753503315222,04:15:15.222,ADA/USDT:USDT,0.8258,17184.0,0.8257,45549.0,0.8259,5181.0,0.826,72975.0
1753503315323,04:15:15.323,ADA/USDT:USDT,0.8258,11184.0,0.8257,45066.0,0.8259,5185.0,0.826,73000.0
1753503315422,04:15:15.422,ADA/USDT:USDT,0.8258,11184.0,0.8257,45549.0,0.8259,4702.0,0.826,73000.0
1753503315522,04:15:15.522,ADA/USDT:USDT,0.8258,11184.0,0.8257,46032.0,0.8259,3056.0,0.826,72975.0
1753503315622,04:15:15.622,ADA/USDT:USDT,0.8258,11184.0,0.8257,46032.0,0.8259,3158.0,0.826,72009.0
1753503315722,04:15:15.722,ADA/USDT:USDT,0.8258,12150.0,0.8257,47086.0,0.8259,3158.0,0.826,72575.0
1753503315822,04:15:15.822,ADA/USDT:USDT,0.8258,7615.0,0.8257,43612.0,0.8259,13238.0,0.826,75483.0
1753503315922,04:15:15.922,ADA/USDT:USDT,0.8258,842.0,0.8257,6528.0,0.8259,13238.0,0.826,75483.0
1753503316023,04:15:16.023,ADA/USDT:USDT,0.8258,842.0,0.8257,38965.0,0.8259,13238.0,0.826,75483.0
1753503316122,04:15:16.122,ADA/USDT:USDT,0.8258,4296.0,0.8257,42048.0,0.8259,9796.0,0.826,74975.0
1753503316222,04:15:16.222,ADA/USDT:USDT,0.8258,4560.0,0.8257,45014.0,0.8259,9796.0,0.826,74975.0
1753503316322,04:15:16.322,ADA/USDT:USDT,0.8258,5043.0,0.8257,45014.0,0.8259,9823.0,0.826,71546.0
1753503316423,04:15:16.423,ADA/USDT:USDT,0.8258,5043.0,0.8257,45014.0,0.8259,9823.0,0.826,71546.0
1753503316522,04:15:16.522,ADA/USDT:USDT,0.8258,4560.0,0.8257,42531.0,0.8259,9823.0,0.826,74029.0
1753503316623,04:15:16.623,ADA/USDT:USDT,0.8258,4560.0,0.8257,45014.0,0.8259,7223.0,0.826,74995.0
1753503316722,04:15:16.722,ADA/USDT:USDT,0.8258,4560.0,0.8257,45014.0,0.8259,7223.0,0.826,76024.0
1753503316822,04:15:16.822,ADA/USDT:USDT,0.8258,11526.0,0.8257,47649.0,0.8259,3185.0,0.826,72575.0
1753503316922,04:15:16.922,ADA/USDT:USDT,0.8258,11526.0,0.8257,47649.0,0.8259,2177.0,0.826,68946.0
1753503317022,04:15:17.022,ADA/USDT:USDT,0.8258,11768.0,0.8257,50290.0,0.8259,554.0,0.826,7382.0
1753503317122,04:15:17.122,ADA/USDT:USDT,0.8259,45042.0,0.8258,109537.0,0.826,4598.0,0.8261,13629.0
1753503317222,04:15:17.222,ADA/USDT:USDT,0.8259,44566.0,0.8258,109537.0,0.826,1237.0,0.8261,13629.0
1753503317322,04:15:17.322,ADA/USDT:USDT,0.8259,45042.0,0.8258,109537.0,0.826,1237.0,0.8261,13629.0
1753503317423,04:15:17.423,ADA/USDT:USDT,0.8259,45042.0,0.8258,109657.0,0.826,1237.0,0.8261,13629.0
1753503317522,04:15:17.522,ADA/USDT:USDT,0.8259,33000.0,0.8258,107291.0,0.826,7410.0,0.8261,55871.0
1753503317622,04:15:17.622,ADA/USDT:USDT,0.8259,29521.0,0.8258,107742.0,0.826,7410.0,0.8261,81637.0
1753503317722,04:15:17.722,ADA/USDT:USDT,0.8259,29521.0,0.8258,108771.0,0.826,8010.0,0.8261,79154.0
1753503317822,04:15:17.822,ADA/USDT:USDT,0.8259,29521.0,0.8258,107561.0,0.826,8010.0,0.8261,78678.0
1753503317924,04:15:17.924,ADA/USDT:USDT,0.8259,29997.0,0.8258,108062.0,0.826,6995.0,0.8261,48409.0
1753503318022,04:15:18.022,ADA/USDT:USDT,0.8259,29521.0,0.8258,108062.0,0.826,8003.0,0.8261,50892.0
1753503318122,04:15:18.122,ADA/USDT:USDT,0.8259,26729.0,0.8258,108062.0,0.826,8003.0,0.8261,83875.0
1753503318222,04:15:18.222,ADA/USDT:USDT,0.8259,26729.0,0.8258,107586.0,0.826,8491.0,0.8261,85085.0
1753503318322,04:15:18.322,ADA/USDT:USDT,0.8259,26729.0,0.8258,107586.0,0.826,8491.0,0.8261,85085.0
1753503318422,04:15:18.422,ADA/USDT:USDT,0.8259,26729.0,0.8258,107561.0,0.826,8491.0,0.8261,85085.0
1753503318522,04:15:18.522,ADA/USDT:USDT,0.8259,26729.0,0.8258,108062.0,0.826,6995.0,0.8261,85085.0
1753503318622,04:15:18.622,ADA/USDT:USDT,0.8259,26729.0,0.8258,108062.0,0.826,6995.0,0.8261,85085.0
1753503318723,04:15:18.723,ADA/USDT:USDT,0.8259,26729.0,0.8258,107085.0,0.826,8003.0,0.8261,85561.0
1753503318922,04:15:18.922,ADA/USDT:USDT,0.8259,26729.0,0.8258,107586.0,0.826,8003.0,0.8261,85561.0
1753503319022,04:15:19.022,ADA/USDT:USDT,0.8259,26729.0,0.8258,107586.0,0.826,8003.0,0.8261,85561.0
1753503319122,04:15:19.122,ADA/USDT:USDT,0.8259,27681.0,0.8258,108062.0,0.826,2107.0,0.8261,43322.0
1753503319222,04:15:19.222,ADA/USDT:USDT,0.8259,27681.0,0.8258,109272.0,0.826,2617.0,0.8261,32167.0
1753503319322,04:15:19.322,ADA/USDT:USDT,0.8259,27706.0,0.8258,109272.0,0.826,2617.0,0.8261,32167.0
1753503319422,04:15:19.422,ADA/USDT:USDT,0.8259,4589.0,0.8258,42599.0,0.826,9559.0,0.8261,82561.0
1753503319522,04:15:19.522,ADA/USDT:USDT,0.8259,5005.0,0.8258,65643.0,0.826,6663.0,0.8261,80056.0
1753503319622,04:15:19.622,ADA/USDT:USDT,0.8259,6679.0,0.8258,101069.0,0.826,5035.0,0.8261,78400.0
1753503319723,04:15:19.723,ADA/USDT:USDT,0.8259,6679.0,0.8258,101069.0,0.826,5035.0,0.8261,79917.0
1753503319822,04:15:19.822,ADA/USDT:USDT,0.8259,13155.0,0.8258,101069.0,0.826,5035.0,0.8261,58582.0
1753503319922,04:15:19.922,ADA/USDT:USDT,0.8259,13631.0,0.8258,101069.0,0.826,2627.0,0.8261,58582.0
1753503320023,04:15:20.023,ADA/USDT:USDT,0.8259,13631.0,0.8258,101069.0,0.826,3344.0,0.8261,58582.0
1753503320122,04:15:20.122,ADA/USDT:USDT,0.8259,13631.0,0.8258,101069.0,0.826,3344.0,0.8261,58275.0
1753503320222,04:15:20.222,ADA/USDT:USDT,0.8259,6679.0,0.8258,94416.0,0.826,4744.0,0.8261,83770.0
1753503320322,04:15:20.322,ADA/USDT:USDT,0.8259,6538.0,0.8258,94416.0,0.826,7832.0,0.8261,81741.0
1753503320422,04:15:20.422,ADA/USDT:USDT,0.8259,6538.0,0.8258,94892.0,0.826,7832.0,0.8261,81265.0
1753503320522,04:15:20.522,ADA/USDT:USDT,0.8259,6538.0,0.8258,95368.0,0.826,7832.0,0.8261,81265.0
1753503320623,04:15:20.623,ADA/USDT:USDT,0.8259,7014.0,0.8258,95368.0,0.826,5232.0,0.8261,80789.0
1753503320723,04:15:20.723,ADA/USDT:USDT,0.8259,7606.0,0.8258,96397.0,0.826,4744.0,0.8261,80789.0
1753503320822,04:15:20.822,ADA/USDT:USDT,0.8259,7606.0,0.8258,96397.0,0.826,5035.0,0.8261,73653.0
1753503320922,04:15:20.922,ADA/USDT:USDT,0.8259,7130.0,0.8258,95921.0,0.826,5523.0,0.8261,78211.0
1753503321022,04:15:21.022,ADA/USDT:USDT,0.8259,8100.0,0.8258,96397.0,0.826,2027.0,0.8261,42545.0
1753503321122,04:15:21.122,ADA/USDT:USDT,0.8259,8100.0,0.8258,99673.0,0.826,2052.0,0.8261,33377.0
1753503321222,04:15:21.222,ADA/USDT:USDT,0.8259,7148.0,0.8258,96517.0,0.826,2042.0,0.8261,52268.0
1753503321322,04:15:21.322,ADA/USDT:USDT,0.8259,7148.0,0.8258,96517.0,0.826,2058.0,0.8261,75008.0
1753503321422,04:15:21.422,ADA/USDT:USDT,0.8259,7624.0,0.8258,96517.0,0.826,2058.0,0.8261,75008.0
1753503321521,04:15:21.521,ADA/USDT:USDT,0.8259,8100.0,0.8258,96517.0,0.826,2061.0,0.8261,75008.0
1753503321622,04:15:21.622,ADA/USDT:USDT,0.8259,7148.0,0.8258,96041.0,0.826,3461.0,0.8261,78084.0
1753503321722,04:15:21.722,ADA/USDT:USDT,0.8259,7624.0,0.8258,96517.0,0.826,3461.0,0.8261,77608.0
1753503321822,04:15:21.822,ADA/USDT:USDT,0.8259,14100.0,0.8258,102718.0,0.826,2061.0,0.8261,43144.0
1753503321922,04:15:21.922,ADA/USDT:USDT,0.8259,13624.0,0.8258,102718.0,0.826,2061.0,0.8261,41934.0
1753503322022,04:15:22.022,ADA/USDT:USDT,0.8259,13694.0,0.8258,102643.0,0.826,2061.0,0.8261,41934.0
1753503322122,04:15:22.122,ADA/USDT:USDT,0.8259,14170.0,0.8258,102643.0,0.826,2061.0,0.8261,50630.0
1753503322223,04:15:22.223,ADA/USDT:USDT,0.8259,14170.0,0.8258,102643.0,0.826,2061.0,0.8261,50630.0
1753503322322,04:15:22.322,ADA/USDT:USDT,0.8259,7326.0,0.8258,95490.0,0.826,4469.0,0.8261,54315.0
1753503322422,04:15:22.422,ADA/USDT:USDT,0.8259,7326.0,0.8258,95490.0,0.826,5069.0,0.8261,54169.0
1753503322523,04:15:22.523,ADA/USDT:USDT,0.8259,8278.0,0.8258,96442.0,0.826,3461.0,0.8261,12210.0
1753503322622,04:15:22.622,ADA/USDT:USDT,0.8259,7326.0,0.8258,97652.0,0.826,3461.0,0.8261,23703.0
1753503322722,04:15:22.722,ADA/USDT:USDT,0.8259,7326.0,0.8258,95490.0,0.826,3471.0,0.8261,81693.0
1753503322822,04:15:22.822,ADA/USDT:USDT,0.8259,7326.0,0.8258,95490.0,0.826,3471.0,0.8261,80420.0
1753503322922,04:15:22.922,ADA/USDT:USDT,0.8259,7308.0,0.8258,95490.0,0.826,7839.0,0.8261,81835.0
1753503323023,04:15:23.023,ADA/USDT:USDT,0.8259,7308.0,0.8258,95490.0,0.826,6367.0,0.8261,81810.0
1753503323122,04:15:23.122,ADA/USDT:USDT,0.8259,7308.0,0.8258,95490.0,0.826,6042.0,0.8261,81810.0
1753503323222,04:15:23.222,ADA/USDT:USDT,0.8259,7308.0,0.8258,95490.0,0.826,3442.0,0.8261,81810.0
1753503323423,04:15:23.423,ADA/USDT:USDT,0.8259,8236.0,0.8258,96298.0,0.826,4042.0,0.8261,68187.0
1753503323522,04:15:23.522,ADA/USDT:USDT,0.8259,8236.0,0.8258,102499.0,0.826,3219.0,0.8261,36050.0
1753503323622,04:15:23.622,ADA/USDT:USDT,0.8259,8236.0,0.8258,103709.0,0.826,3219.0,0.8261,49178.0
1753503323722,04:15:23.722,ADA/USDT:USDT,0.8259,7308.0,0.8258,103709.0,0.826,3442.0,0.8261,61271.0
1753503323822,04:15:23.822,ADA/USDT:USDT,0.8259,14236.0,0.8258,102506.0,0.826,2042.0,0.8261,56344.0
1753503323922,04:15:23.922,ADA/USDT:USDT,0.8259,7308.0,0.8258,102042.0,0.826,2929.0,0.8261,77674.0
1753503324022,04:15:24.022,ADA/USDT:USDT,0.8259,7308.0,0.8258,102506.0,0.826,3834.0,0.8261,79191.0
1753503324122,04:15:24.122,ADA/USDT:USDT,0.8259,6716.0,0.8258,102042.0,0.826,8367.0,0.8261,80096.0
1753503324223,04:15:24.223,ADA/USDT:USDT,0.8259,7148.0,0.8258,101578.0,0.826,5767.0,0.8261,80822.0
1753503324323,04:15:24.323,ADA/USDT:USDT,0.8259,7148.0,0.8258,98533.0,0.826,5767.0,0.8261,80358.0
1753503324422,04:15:24.422,ADA/USDT:USDT,0.8259,7148.0,0.8258,95841.0,0.826,5767.0,0.8261,80822.0
1753503324522,04:15:24.522,ADA/USDT:USDT,0.8259,7148.0,0.8258,95841.0,0.826,5827.0,0.8261,80358.0
1753503324622,04:15:24.622,ADA/USDT:USDT,0.8259,7148.0,0.8258,96305.0,0.826,5827.0,0.8261,80358.0
1753503324722,04:15:24.722,ADA/USDT:USDT,0.8259,8076.0,0.8258,96305.0,0.826,3588.0,0.8261,38293.0
1753503324822,04:15:24.822,ADA/USDT:USDT,0.8259,5042.0,0.8258,96305.0,0.826,8289.0,0.8261,79758.0
1753503324922,04:15:24.922,ADA/USDT:USDT,0.8259,5752.0,0.8258,96305.0,0.826,8289.0,0.8261,79758.0
1753503325022,04:15:25.022,ADA/USDT:USDT,0.8259,8803.0,0.8258,97515.0,0.826,5089.0,0.8261,65591.0
1753503325122,04:15:25.122,ADA/USDT:USDT,0.8259,9254.0,0.8258,97515.0,0.826,3201.0,0.8261,44733.0
1753503325223,04:15:25.223,ADA/USDT:USDT,0.8259,9254.0,0.8258,97515.0,0.826,2484.0,0.8261,44733.0
1753503325322,04:15:25.322,ADA/USDT:USDT,0.8259,10464.0,0.8258,98725.0,0.826,2484.0,0.8261,44733.0
1753503325423,04:15:25.423,ADA/USDT:USDT,0.8259,10464.0,0.8258,98725.0,0.826,2484.0,0.8261,51296.0
1753503325522,04:15:25.522,ADA/USDT:USDT,0.8259,10464.0,0.8258,98725.0,0.826,2482.0,0.8261,66062.0
1753503325623,04:15:25.623,ADA/USDT:USDT,0.8259,10464.0,0.8258,98726.0,0.826,2482.0,0.8261,66062.0
1753503325722,04:15:25.722,ADA/USDT:USDT,0.8259,9562.0,0.8258,98726.0,0.826,3490.0,0.8261,79190.0
1753503325822,04:15:25.822,ADA/USDT:USDT,0.8259,8352.0,0.8258,97516.0,0.826,3490.0,0.8261,79190.0
1753503325922,04:15:25.922,ADA/USDT:USDT,0.8259,9254.0,0.8258,97516.0,0.826,2482.0,0.8261,56223.0
1753503326022,04:15:26.022,ADA/USDT:USDT,0.8259,9254.0,0.8258,97516.0,0.826,2482.0,0.8261,49660.0
1753503326122,04:15:26.122,ADA/USDT:USDT,0.8259,9254.0,0.8258,97516.0,0.826,2482.0,0.8261,49660.0
1753503326223,04:15:26.223,ADA/USDT:USDT,0.8259,9254.0,0.8258,97516.0,0.826,2482.0,0.8261,49660.0
1753503326322,04:15:26.322,ADA/USDT:USDT,0.8259,9254.0,0.8258,100672.0,0.826,2580.0,0.8261,49660.0
1753503326423,04:15:26.423,ADA/USDT:USDT,0.8259,8352.0,0.8258,100328.0,0.826,3979.0,0.8261,80794.0
1753503326523,04:15:26.523,ADA/USDT:USDT,0.8259,8352.0,0.8258,98654.0,0.826,9317.0,0.8261,80194.0
1753503326622,04:15:26.622,ADA/USDT:USDT,0.8259,8352.0,0.8258,98654.0,0.826,9317.0,0.8261,80194.0
1753503326722,04:15:26.722,ADA/USDT:USDT,0.8259,5910.0,0.8258,98654.0,0.826,9257.0,0.8261,80194.0
1753503326822,04:15:26.822,ADA/USDT:USDT,0.8259,6468.0,0.8258,99556.0,0.826,9257.0,0.8261,79743.0
1753503326923,04:15:26.923,ADA/USDT:USDT,0.8259,6468.0,0.8258,99556.0,0.826,9257.0,0.8261,79743.0
1753503327022,04:15:27.022,ADA/USDT:USDT,0.8259,9222.0,0.8258,99556.0,0.826,4927.0,0.8261,79188.0
1753503327123,04:15:27.123,ADA/USDT:USDT,0.8259,8510.0,0.8258,98654.0,0.826,5252.0,0.8261,80068.0
1753503327222,04:15:27.222,ADA/USDT:USDT,0.8259,5910.0,0.8258,98654.0,0.826,8452.0,0.8261,83277.0
1753503327322,04:15:27.322,ADA/USDT:USDT,0.8259,5910.0,0.8258,98654.0,0.826,5852.0,0.8261,80794.0
1753503327422,04:15:27.422,ADA/USDT:USDT,0.8259,5910.0,0.8258,99436.0,0.826,5852.0,0.8261,80343.0
1753503327522,04:15:27.522,ADA/USDT:USDT,0.8259,5872.0,0.8258,98534.0,0.826,8452.0,0.8261,80794.0
1753503327622,04:15:27.622,ADA/USDT:USDT,0.8259,5871.0,0.8258,99436.0,0.826,5852.0,0.8261,80343.0
1753503327723,04:15:27.723,ADA/USDT:USDT,0.8259,5871.0,0.8258,99435.0,0.826,5852.0,0.8261,80343.0
1753503327822,04:15:27.822,ADA/USDT:USDT,0.8259,5871.0,0.8258,98984.0,0.826,7451.0,0.8261,80794.0
1753503327924,04:15:27.924,ADA/USDT:USDT,0.8259,5871.0,0.8258,98984.0,0.826,8450.0,0.8261,80343.0
1753503328023,04:15:28.023,ADA/USDT:USDT,0.8259,4886.0,0.8258,93435.0,0.826,8862.0,0.8261,82343.0
1753503328122,04:15:28.122,ADA/USDT:USDT,0.8259,4886.0,0.8258,92984.0,0.826,8862.0,0.8261,82343.0
1753503328222,04:15:28.222,ADA/USDT:USDT,0.8259,4886.0,0.8258,92984.0,0.826,8862.0,0.8261,82343.0
1753503328322,04:15:28.322,ADA/USDT:USDT,0.8259,4886.0,0.8258,92533.0,0.826,8862.0,0.8261,82794.0
1753503328422,04:15:28.422,ADA/USDT:USDT,0.8259,6216.0,0.8258,93435.0,0.826,6262.0,0.8261,81914.0
1753503328522,04:15:28.522,ADA/USDT:USDT,0.8259,6667.0,0.8258,93435.0,0.826,6262.0,0.8261,79314.0
1753503328623,04:15:28.623,ADA/USDT:USDT,0.8259,4886.0,0.8258,93435.0,0.826,6252.0,0.8261,79314.0
1753503328722,04:15:28.722,ADA/USDT:USDT,0.8259,7937.0,0.8258,93435.0,0.826,6253.0,0.8261,79314.0
1753503328822,04:15:28.822,ADA/USDT:USDT,0.8259,7486.0,0.8258,93435.0,0.826,6253.0,0.8261,79314.0
1753503328923,04:15:28.923,ADA/USDT:USDT,0.8259,5597.0,0.8258,93435.0,0.826,6253.0,0.8261,79314.0
1753503329022,04:15:29.022,ADA/USDT:USDT,0.8259,5597.0,0.8258,93435.0,0.826,6253.0,0.8261,79314.0
1753503329122,04:15:29.122,ADA/USDT:USDT,0.8259,5597.0,0.8258,93435.0,0.826,6253.0,0.8261,79314.0
1753503329222,04:15:29.222,ADA/USDT:USDT,0.8259,5597.0,0.8258,93435.0,0.826,6253.0,0.8261,79314.0
1753503329322,04:15:29.322,ADA/USDT:USDT,0.8259,6048.0,0.8258,93435.0,0.826,6253.0,0.8261,79314.0
1753503329423,04:15:29.423,ADA/USDT:USDT,0.8259,6048.0,0.8258,93435.0,0.826,6052.0,0.8261,79314.0
1753503329523,04:15:29.523,ADA/USDT:USDT,0.8259,11699.0,0.8258,93435.0,0.826,6169.0,0.8261,57259.0
1753503329623,04:15:29.623,ADA/USDT:USDT,0.8259,11248.0,0.8258,93435.0,0.826,6169.0,0.8261,57985.0
1753503329722,04:15:29.722,ADA/USDT:USDT,0.8259,11248.0,0.8258,93435.0,0.826,6169.0,0.8261,79312.0
1753503329822,04:15:29.822,ADA/USDT:USDT,0.8259,10797.0,0.8258,92984.0,0.826,6657.0,0.8261,80192.0
1753503329922,04:15:29.922,ADA/USDT:USDT,0.8259,10789.0,0.8258,93435.0,0.826,6657.0,0.8261,79741.0
1753503330022,04:15:30.022,ADA/USDT:USDT,0.8259,11240.0,0.8258,93435.0,0.826,6657.0,0.8261,79741.0
1753503330122,04:15:30.122,ADA/USDT:USDT,0.8259,11691.0,0.8258,93435.0,0.826,6657.0,0.8261,79312.0
1753503330222,04:15:30.222,ADA/USDT:USDT,0.8259,11691.0,0.8258,93435.0,0.826,6681.0,0.8261,79312.0
1753503330322,04:15:30.322,ADA/USDT:USDT,0.8259,11691.0,0.8258,96480.0,0.826,3185.0,0.8261,10518.0
1753503330423,04:15:30.423,ADA/USDT:USDT,0.8259,12901.0,0.8258,98900.0,0.826,3185.0,0.8261,7918.0
1753503330522,04:15:30.522,ADA/USDT:USDT,0.8259,12901.0,0.8258,98900.0,0.826,3185.0,0.8261,16966.0
1753503330622,04:15:30.622,ADA/USDT:USDT,0.8259,12877.0,0.8258,98900.0,0.826,3185.0,0.8261,15083.0
1753503330722,04:15:30.722,ADA/USDT:USDT,0.8259,12877.0,0.8258,98900.0,0.826,3185.0,0.8261,21083.0
1753503330823,04:15:30.823,ADA/USDT:USDT,0.8259,12877.0,0.8258,98900.0,0.826,3185.0,0.8261,42409.0
1753503330922,04:15:30.922,ADA/USDT:USDT,0.8259,12877.0,0.8258,98900.0,0.826,2962.0,0.8261,8508.0
1753503331023,04:15:31.023,ADA/USDT:USDT,0.8259,18877.0,0.8258,98900.0,0.826,2955.0,0.8261,8508.0
1753503331122,04:15:31.122,ADA/USDT:USDT,0.8259,18877.0,0.8258,99020.0,0.826,2955.0,0.8261,8508.0
1753503331223,04:15:31.223,ADA/USDT:USDT,0.8259,11975.0,0.8258,98569.0,0.826,3178.0,0.8261,45560.0
1753503331323,04:15:31.323,ADA/USDT:USDT,0.8259,11855.0,0.8258,99020.0,0.826,3335.0,0.8261,52121.0
1753503331423,04:15:31.423,ADA/USDT:USDT,0.8259,11855.0,0.8258,98118.0,0.826,3335.0,0.8261,52121.0
1753503331522,04:15:31.522,ADA/USDT:USDT,0.8259,11855.0,0.8258,98569.0,0.826,5335.0,0.8261,55759.0
1753503331622,04:15:31.622,ADA/USDT:USDT,0.8259,11855.0,0.8258,98569.0,0.826,5335.0,0.8261,51759.0
1753503331722,04:15:31.722,ADA/USDT:USDT,0.8259,11855.0,0.8258,99020.0,0.826,5378.0,0.8261,57330.0
1753503331823,04:15:31.823,ADA/USDT:USDT,0.8259,12757.0,0.8258,99020.0,0.826,3378.0,0.8261,50004.0
1753503331922,04:15:31.922,ADA/USDT:USDT,0.8259,12757.0,0.8258,99020.0,0.826,4184.0,0.8261,50004.0
1753503332022,04:15:32.022,ADA/USDT:USDT,0.8259,12757.0,0.8258,99020.0,0.826,4184.0,0.8261,50004.0
1753503332122,04:15:32.122,ADA/USDT:USDT,0.8259,9200.0,0.8258,98118.0,0.826,5584.0,0.8261,53813.0
1753503332223,04:15:32.223,ADA/USDT:USDT,0.8259,9200.0,0.8258,98118.0,0.826,5909.0,0.8261,54264.0
1753503332323,04:15:32.323,ADA/USDT:USDT,0.8259,9200.0,0.8258,99020.0,0.826,5909.0,0.8261,51330.0
1753503332423,04:15:32.423,ADA/USDT:USDT,0.8259,10102.0,0.8258,99020.0,0.826,6184.0,0.8261,51330.0
1753503332522,04:15:32.522,ADA/USDT:USDT,0.8259,9651.0,0.8258,99020.0,0.826,6179.0,0.8261,51330.0
1753503332622,04:15:32.622,ADA/USDT:USDT,0.8259,10102.0,0.8258,99020.0,0.826,6179.0,0.8261,57330.0
1753503332722,04:15:32.722,ADA/USDT:USDT,0.8259,10102.0,0.8258,99020.0,0.826,6179.0,0.8261,51330.0
1753503332822,04:15:32.822,ADA/USDT:USDT,0.8259,10102.0,0.8258,99020.0,0.826,5579.0,0.8261,51330.0
1753503332923,04:15:32.923,ADA/USDT:USDT,0.8259,9651.0,0.8258,99020.0,0.826,5579.0,0.8261,51330.0
1753503333022,04:15:33.022,ADA/USDT:USDT,0.8259,10102.0,0.8258,99020.0,0.826,5579.0,0.8261,51330.0
1753503333122,04:15:33.122,ADA/USDT:USDT,0.8259,10102.0,0.8258,99020.0,0.826,5579.0,0.8261,51330.0
1753503333222,04:15:33.222,ADA/USDT:USDT,0.8259,10102.0,0.8258,99020.0,0.826,5579.0,0.8261,51330.0
1753503333322,04:15:33.322,ADA/USDT:USDT,0.8259,10102.0,0.8258,99020.0,0.826,4184.0,0.8261,30005.0
1753503333422,04:15:33.422,ADA/USDT:USDT,0.8259,9651.0,0.8258,99020.0,0.826,4184.0,0.8261,32488.0
1753503333522,04:15:33.522,ADA/USDT:USDT,0.8259,10102.0,0.8258,99020.0,0.826,4184.0,0.8261,30005.0
1753503333622,04:15:33.622,ADA/USDT:USDT,0.8259,10082.0,0.8258,99020.0,0.826,4184.0,0.8261,38488.0
1753503333722,04:15:33.722,ADA/USDT:USDT,0.8259,10082.0,0.8258,99020.0,0.826,4184.0,0.8261,32488.0
1753503333822,04:15:33.822,ADA/USDT:USDT,0.8259,9631.0,0.8258,99020.0,0.826,4184.0,0.8261,29888.0
1753503333922,04:15:33.922,ADA/USDT:USDT,0.8259,9180.0,0.8258,99020.0,0.826,4184.0,0.8261,29888.0
1753503334022,04:15:34.022,ADA/USDT:USDT,0.8259,9180.0,0.8258,98569.0,0.826,4184.0,0.8261,49155.0
1753503334122,04:15:34.122,ADA/USDT:USDT,0.8259,9180.0,0.8258,98118.0,0.826,5588.0,0.8261,52206.0
1753503334222,04:15:34.222,ADA/USDT:USDT,0.8259,9180.0,0.8258,98118.0,0.826,5588.0,0.8261,54689.0
1753503334322,04:15:34.322,ADA/USDT:USDT,0.8259,9180.0,0.8258,99021.0,0.826,5591.0,0.8261,51755.0
1753503334422,04:15:34.422,ADA/USDT:USDT,0.8259,9180.0,0.8258,99021.0,0.826,5591.0,0.8261,51755.0
1753503334522,04:15:34.522,ADA/USDT:USDT,0.8259,9631.0,0.8258,99021.0,0.826,5591.0,0.8261,51326.0
1753503334622,04:15:34.622,ADA/USDT:USDT,0.8259,9631.0,0.8258,99021.0,0.826,5591.0,0.8261,51326.0
1753503334723,04:15:34.723,ADA/USDT:USDT,0.8259,9631.0,0.8258,99021.0,0.826,5591.0,0.8261,52355.0
1753503334822,04:15:34.822,ADA/USDT:USDT,0.8259,9180.0,0.8258,99021.0,0.826,5591.0,0.8261,54838.0
1753503334923,04:15:34.923,ADA/USDT:USDT,0.8259,9180.0,0.8258,98570.0,0.826,5591.0,0.8261,54838.0
1753503335022,04:15:35.022,ADA/USDT:USDT,0.8259,8862.0,0.8258,96601.0,0.826,4386.0,0.8261,29888.0
1753503335122,04:15:35.122,ADA/USDT:USDT,0.8259,8852.0,0.8258,96601.0,0.826,4383.0,0.8261,26678.0
1753503335222,04:15:35.222,ADA/USDT:USDT,0.8259,7960.0,0.8258,96601.0,0.826,5783.0,0.8261,53804.0
1753503335322,04:15:35.322,ADA/USDT:USDT,0.8259,7960.0,0.8258,96150.0,0.826,5785.0,0.8261,55321.0
1753503335422,04:15:35.422,ADA/USDT:USDT,0.8259,7960.0,0.8258,95699.0,0.826,7590.0,0.8261,56032.0
1753503335523,04:15:35.523,ADA/USDT:USDT,0.8259,7960.0,0.8258,95699.0,0.826,7590.0,0.8261,79487.0
1753503335622,04:15:35.622,ADA/USDT:USDT,0.8259,4649.0,0.8258,53624.0,0.826,10190.0,0.8261,79512.0
1753503335722,04:15:35.722,ADA/USDT:USDT,0.8259,4649.0,0.8258,82107.0,0.826,10190.0,0.8261,80541.0
1753503335823,04:15:35.823,ADA/USDT:USDT,0.8259,4649.0,0.8258,101780.0,0.826,10190.0,0.8261,80541.0
1753503335923,04:15:35.923,ADA/USDT:USDT,0.8259,4649.0,0.8258,94514.0,0.826,10235.0,0.8261,80541.0
1753503336022,04:15:36.022,ADA/USDT:USDT,0.8259,4649.0,0.8258,94514.0,0.826,10234.0,0.8261,80541.0
1753503336122,04:15:36.122,ADA/USDT:USDT,0.8259,6794.0,0.8258,94514.0,0.826,7634.0,0.8261,79634.0
1753503336223,04:15:36.223,ADA/USDT:USDT,0.8259,4649.0,0.8258,94955.0,0.826,7634.0,0.8261,80541.0
1753503336322,04:15:36.322,ADA/USDT:USDT,0.8259,4649.0,0.8258,94514.0,0.826,7634.0,0.8261,80541.0
1753503336422,04:15:36.422,ADA/USDT:USDT,0.8259,4967.0,0.8258,95380.0,0.826,7262.0,0.8261,76732.0
1753503336522,04:15:36.522,ADA/USDT:USDT,0.8259,6003.0,0.8258,95380.0,0.826,7262.0,0.8261,79332.0
1753503336622,04:15:36.622,ADA/USDT:USDT,0.8259,6366.0,0.8258,95380.0,0.826,7262.0,0.8261,76732.0
1753503336722,04:15:36.722,ADA/USDT:USDT,0.8259,6430.0,0.8258,95380.0,0.826,7604.0,0.8261,76732.0
1753503336822,04:15:36.822,ADA/USDT:USDT,0.8259,5997.0,0.8258,95380.0,0.826,7604.0,0.8261,76732.0
1753503336922,04:15:36.922,ADA/USDT:USDT,0.8259,5997.0,0.8258,95380.0,0.826,8164.0,0.8261,77165.0
1753503337022,04:15:37.022,ADA/USDT:USDT,0.8259,5997.0,0.8258,95369.0,0.826,8152.0,0.8261,76732.0
1753503337122,04:15:37.122,ADA/USDT:USDT,0.8259,5997.0,0.8258,95369.0,0.826,8152.0,0.8261,76732.0
1753503337223,04:15:37.223,ADA/USDT:USDT,0.8259,5997.0,0.8258,95369.0,0.826,8152.0,0.8261,76732.0
1753503337322,04:15:37.322,ADA/USDT:USDT,0.8259,5997.0,0.8258,95369.0,0.826,8159.0,0.8261,76732.0
1753503337423,04:15:37.423,ADA/USDT:USDT,0.8259,5997.0,0.8258,87161.0,0.826,8159.0,0.8261,79656.0
1753503337522,04:15:37.522,ADA/USDT:USDT,0.8259,4643.0,0.8258,91290.0,0.826,8159.0,0.8261,80478.0
1753503337622,04:15:37.622,ADA/USDT:USDT,0.8259,4643.0,0.8258,91290.0,0.826,8159.0,0.8261,80503.0
1753503337722,04:15:37.722,ADA/USDT:USDT,0.8259,4643.0,0.8258,91712.0,0.826,8159.0,0.8261,77573.0
1753503337822,04:15:37.822,ADA/USDT:USDT,0.8259,3635.0,0.8258,91290.0,0.826,8581.0,0.8261,83103.0
1753503337924,04:15:37.924,ADA/USDT:USDT,0.8259,3926.0,0.8258,91290.0,0.826,8159.0,0.8261,83103.0
1753503338023,04:15:38.023,ADA/USDT:USDT,0.8259,3926.0,0.8258,91730.0,0.826,5722.0,0.8261,80173.0
1753503338123,04:15:38.123,ADA/USDT:USDT,0.8259,3922.0,0.8258,95992.0,0.826,5722.0,0.8261,79351.0
1753503338222,04:15:38.222,ADA/USDT:USDT,0.8259,6811.0,0.8258,95992.0,0.826,4635.0,0.8261,76322.0
1753503338322,04:15:38.322,ADA/USDT:USDT,0.8259,6371.0,0.8258,95992.0,0.826,4635.0,0.8261,64839.0
1753503338422,04:15:38.422,ADA/USDT:USDT,0.8259,5931.0,0.8258,95992.0,0.826,5315.0,0.8261,67321.0
1753503338522,04:15:38.522,ADA/USDT:USDT,0.8259,5931.0,0.8258,95552.0,0.826,5315.0,0.8261,77611.0
1753503338622,04:15:38.622,ADA/USDT:USDT,0.8259,5931.0,0.8258,95112.0,0.826,8525.0,0.8261,77171.0
1753503338722,04:15:38.722,ADA/USDT:USDT,0.8259,5931.0,0.8258,95112.0,0.826,8525.0,0.8261,78640.0
1753503338822,04:15:38.822,ADA/USDT:USDT,0.8259,7141.0,0.8258,98412.0,0.826,5900.0,0.8261,78200.0
1753503338922,04:15:38.922,ADA/USDT:USDT,0.8259,7141.0,0.8258,98412.0,0.826,5707.0,0.8261,49883.0
1753503339023,04:15:39.023,ADA/USDT:USDT,0.8259,7391.0,0.8258,98412.0,0.826,5707.0,0.8261,56445.0
1753503339122,04:15:39.122,ADA/USDT:USDT,0.8259,7391.0,0.8258,97972.0,0.826,5707.0,0.8261,78198.0
1753503339222,04:15:39.222,ADA/USDT:USDT,0.8259,7391.0,0.8258,98412.0,0.826,5707.0,0.8261,78198.0
1753503339322,04:15:39.322,ADA/USDT:USDT,0.8259,7391.0,0.8258,98412.0,0.826,5707.0,0.8261,77758.0
1753503339422,04:15:39.422,ADA/USDT:USDT,0.8259,7831.0,0.8258,98412.0,0.826,5707.0,0.8261,77758.0
1753503339522,04:15:39.522,ADA/USDT:USDT,0.8259,7831.0,0.8258,98412.0,0.826,5707.0,0.8261,77758.0
1753503339622,04:15:39.622,ADA/USDT:USDT,0.8259,7831.0,0.8258,98412.0,0.826,5554.0,0.8261,64837.0
1753503339722,04:15:39.722,ADA/USDT:USDT,0.8259,7391.0,0.8258,99441.0,0.826,5560.0,0.8261,76317.0
1753503339822,04:15:39.822,ADA/USDT:USDT,0.8259,7391.0,0.8258,99001.0,0.826,5560.0,0.8261,77169.0
1753503339925,04:15:39.925,ADA/USDT:USDT,0.8259,7391.0,0.8258,99001.0,0.826,5563.0,0.8261,77169.0
1753503340022,04:15:40.022,ADA/USDT:USDT,0.8259,7141.0,0.8258,98561.0,0.826,5563.0,0.8261,77609.0
1753503340122,04:15:40.122,ADA/USDT:USDT,0.8259,7141.0,0.8258,99441.0,0.826,5415.0,0.8261,76729.0
1753503340222,04:15:40.222,ADA/USDT:USDT,0.8259,7141.0,0.8258,99441.0,0.826,5563.0,0.8261,76729.0
1753503340323,04:15:40.323,ADA/USDT:USDT,0.8259,7138.0,0.8258,99001.0,0.826,5575.0,0.8261,76729.0
1753503340422,04:15:40.422,ADA/USDT:USDT,0.8259,7138.0,0.8258,98561.0,0.826,5575.0,0.8261,77609.0
1753503340523,04:15:40.523,ADA/USDT:USDT,0.8259,7578.0,0.8258,99441.0,0.826,4523.0,0.8261,76729.0
1753503340622,04:15:40.622,ADA/USDT:USDT,0.8259,7138.0,0.8258,99001.0,0.826,6250.0,0.8261,77169.0
1753503340722,04:15:40.722,ADA/USDT:USDT,0.8259,7138.0,0.8258,98561.0,0.826,6250.0,0.8261,77609.0
1753503340822,04:15:40.822,ADA/USDT:USDT,0.8259,7138.0,0.8258,99441.0,0.826,6250.0,0.8261,77169.0
1753503340923,04:15:40.923,ADA/USDT:USDT,0.8259,7138.0,0.8258,98561.0,0.826,6250.0,0.8261,77169.0
1753503341022,04:15:41.022,ADA/USDT:USDT,0.8259,7138.0,0.8258,98561.0,0.826,6251.0,0.8261,77609.0
1753503341222,04:15:41.222,ADA/USDT:USDT,0.8259,7138.0,0.8258,98561.0,0.826,6867.0,0.8261,79609.0
1753503341323,04:15:41.323,ADA/USDT:USDT,0.8259,5129.0,0.8258,98561.0,0.826,10465.0,0.8261,82117.0
1753503341422,04:15:41.422,ADA/USDT:USDT,0.8259,3919.0,0.8258,95112.0,0.826,10025.0,0.8261,82117.0
1753503341522,04:15:41.522,ADA/USDT:USDT,0.8259,5725.0,0.8258,95992.0,0.826,6867.0,0.8261,78729.0
1753503341623,04:15:41.623,ADA/USDT:USDT,0.8259,5725.0,0.8258,95992.0,0.826,6867.0,0.8261,80521.0
1753503341723,04:15:41.723,ADA/USDT:USDT,0.8259,5725.0,0.8258,96141.0,0.826,6867.0,0.8261,81550.0
1753503341823,04:15:41.823,ADA/USDT:USDT,0.8259,5725.0,0.8258,96141.0,0.826,6868.0,0.8261,81550.0
1753503341922,04:15:41.922,ADA/USDT:USDT,0.8259,5725.0,0.8258,96141.0,0.826,6876.0,0.8261,81990.0
1753503342022,04:15:42.022,ADA/USDT:USDT,0.8259,3919.0,0.8258,96141.0,0.826,6876.0,0.8261,84473.0
1753503342122,04:15:42.122,ADA/USDT:USDT,0.8259,3919.0,0.8258,96581.0,0.826,7412.0,0.8261,81550.0
1753503342222,04:15:42.222,ADA/USDT:USDT,0.8259,3919.0,0.8258,96141.0,0.826,7412.0,0.8261,81990.0
1753503342322,04:15:42.322,ADA/USDT:USDT,0.8259,3919.0,0.8258,96141.0,0.826,7412.0,0.8261,81990.0
1753503342422,04:15:42.422,ADA/USDT:USDT,0.8259,3919.0,0.8258,96141.0,0.826,7852.0,0.8261,84498.0
1753503342522,04:15:42.522,ADA/USDT:USDT,0.8259,3919.0,0.8258,95112.0,0.826,7852.0,0.8261,84473.0
1753503342622,04:15:42.622,ADA/USDT:USDT,0.8259,3919.0,0.8258,92512.0,0.826,7410.0,0.8261,84033.0
1753503342722,04:15:42.722,ADA/USDT:USDT,0.8259,3919.0,0.8258,94421.0,0.826,7410.0,0.8261,81550.0
1753503342822,04:15:42.822,ADA/USDT:USDT,0.8259,3919.0,0.8258,97021.0,0.826,7410.0,0.8261,81550.0
1753503342922,04:15:42.922,ADA/USDT:USDT,0.8259,3919.0,0.8258,97021.0,0.826,7410.0,0.8261,81110.0
1753503343022,04:15:43.022,ADA/USDT:USDT,0.8259,5715.0,0.8258,97021.0,0.826,6874.0,0.8261,81110.0
1753503343123,04:15:43.123,ADA/USDT:USDT,0.8259,5275.0,0.8258,96581.0,0.826,6874.0,0.8261,81110.0
1753503343223,04:15:43.223,ADA/USDT:USDT,0.8259,5275.0,0.8258,97021.0,0.826,6874.0,0.8261,81110.0
1753503343322,04:15:43.322,ADA/USDT:USDT,0.8259,5275.0,0.8258,97021.0,0.826,6396.0,0.8261,81110.0
1753503343422,04:15:43.422,ADA/USDT:USDT,0.8259,3919.0,0.8258,93981.0,0.826,6909.0,0.8261,81990.0
1753503343522,04:15:43.522,ADA/USDT:USDT,0.8259,3919.0,0.8258,92512.0,0.826,12909.0,0.8261,81990.0
1753503343623,04:15:43.623,ADA/USDT:USDT,0.8257,32366.0,0.8256,119450.0,0.8258,2043.0,0.8259,30274.0
1753503343722,04:15:43.722,ADA/USDT:USDT,0.8257,498.0,0.8256,30421.0,0.8258,25675.0,0.8259,103882.0
1753503343823,04:15:43.823,ADA/USDT:USDT,0.8257,4170.0,0.8256,30421.0,0.8258,21478.0,0.8259,102751.0
1753503343922,04:15:43.922,ADA/USDT:USDT,0.8257,4170.0,0.8256,43535.0,0.8258,21453.0,0.8259,104794.0
1753503344022,04:15:44.022,ADA/USDT:USDT,0.8257,4170.0,0.8256,74696.0,0.8258,21613.0,0.8259,102740.0
1753503344122,04:15:44.122,ADA/USDT:USDT,0.8257,11005.0,0.8256,75576.0,0.8258,8415.0,0.8259,101825.0
1753503344222,04:15:44.222,ADA/USDT:USDT,0.8257,11005.0,0.8256,85405.0,0.8258,6219.0,0.8259,78010.0
1753503344322,04:15:44.322,ADA/USDT:USDT,0.8257,4461.0,0.8256,53381.0,0.8258,9307.0,0.8259,94049.0
1753503344423,04:15:44.423,ADA/USDT:USDT,0.8257,4461.0,0.8256,53381.0,0.8258,9307.0,0.8259,91126.0
1753503344522,04:15:44.522,ADA/USDT:USDT,0.8257,13462.0,0.8256,84970.0,0.8258,9307.0,0.8259,91566.0
1753503344622,04:15:44.622,ADA/USDT:USDT,0.8257,4461.0,0.8256,84970.0,0.8258,9307.0,0.8259,95266.0
1753503344722,04:15:44.722,ADA/USDT:USDT,0.8257,4461.0,0.8256,84530.0,0.8258,9307.0,0.8259,95706.0
1753503344822,04:15:44.822,ADA/USDT:USDT,0.8257,4461.0,0.8256,84970.0,0.8258,9797.0,0.8259,94666.0
1753503344922,04:15:44.922,ADA/USDT:USDT,0.8257,4461.0,0.8256,84970.0,0.8258,9797.0,0.8259,94666.0
1753503345023,04:15:45.023,ADA/USDT:USDT,0.8257,7555.0,0.8256,85410.0,0.8258,6879.0,0.8259,76027.0
1753503345122,04:15:45.122,ADA/USDT:USDT,0.8257,7555.0,0.8256,85410.0,0.8258,6879.0,0.8259,76027.0
1753503345222,04:15:45.222,ADA/USDT:USDT,0.8257,7555.0,0.8256,87130.0,0.8258,7371.0,0.8259,89581.0
1753503345322,04:15:45.322,ADA/USDT:USDT,0.8257,7555.0,0.8256,87130.0,0.8258,7371.0,0.8259,90021.0
1753503345422,04:15:45.422,ADA/USDT:USDT,0.8257,7222.0,0.8256,90170.0,0.8258,7371.0,0.8259,90021.0
1753503345522,04:15:45.522,ADA/USDT:USDT,0.8257,16249.0,0.8256,90604.0,0.8258,4283.0,0.8259,89141.0
1753503345623,04:15:45.623,ADA/USDT:USDT,0.8257,10249.0,0.8256,89730.0,0.8258,5068.0,0.8259,88980.0
1753503345722,04:15:45.722,ADA/USDT:USDT,0.8257,10249.0,0.8256,90759.0,0.8258,5068.0,0.8259,89575.0
1753503345822,04:15:45.822,ADA/USDT:USDT,0.8257,10249.0,0.8256,91193.0,0.8258,5068.0,0.8259,89575.0
1753503345925,04:15:45.925,ADA/USDT:USDT,0.8257,10249.0,0.8256,91193.0,0.8258,5068.0,0.8259,89575.0
1753503346022,04:15:46.022,ADA/USDT:USDT,0.8257,10249.0,0.8256,91627.0,0.8258,5068.0,0.8259,89575.0
1753503346123,04:15:46.123,ADA/USDT:USDT,0.8257,10249.0,0.8256,90759.0,0.8258,5068.0,0.8259,89580.0
1753503346222,04:15:46.222,ADA/USDT:USDT,0.8257,11117.0,0.8256,101040.0,0.8258,2550.0,0.8259,12417.0
1753503346323,04:15:46.323,ADA/USDT:USDT,0.8257,10249.0,0.8256,100581.0,0.8258,4667.0,0.8259,32521.0
1753503346422,04:15:46.422,ADA/USDT:USDT,0.8257,10249.0,0.8256,100581.0,0.8258,5577.0,0.8259,51343.0
1753503346522,04:15:46.522,ADA/USDT:USDT,0.8257,10249.0,0.8256,101015.0,0.8258,5576.0,0.8259,53826.0
1753503346622,04:15:46.622,ADA/USDT:USDT,0.8257,10249.0,0.8256,100581.0,0.8258,5576.0,0.8259,53826.0
1753503346722,04:15:46.722,ADA/USDT:USDT,0.8257,4128.0,0.8256,97102.0,0.8258,8176.0,0.8259,54694.0
1753503346823,04:15:46.823,ADA/USDT:USDT,0.8257,4128.0,0.8256,97102.0,0.8258,8610.0,0.8259,54694.0
1753503346922,04:15:46.922,ADA/USDT:USDT,0.8257,4128.0,0.8256,97536.0,0.8258,5576.0,0.8259,54260.0
1753503347022,04:15:47.022,ADA/USDT:USDT,0.8257,4128.0,0.8256,91346.0,0.8258,6019.0,0.8259,85766.0
1753503347122,04:15:47.122,ADA/USDT:USDT,0.8257,4128.0,0.8256,91346.0,0.8258,6019.0,0.8259,85766.0
1753503347222,04:15:47.222,ADA/USDT:USDT,0.8257,4128.0,0.8256,91346.0,0.8258,6019.0,0.8259,85766.0
1753503347322,04:15:47.322,ADA/USDT:USDT,0.8257,4128.0,0.8256,91346.0,0.8258,6006.0,0.8259,85766.0
1753503347422,04:15:47.422,ADA/USDT:USDT,0.8257,4128.0,0.8256,91346.0,0.8258,5156.0,0.8259,83283.0
1753503347522,04:15:47.522,ADA/USDT:USDT,0.8257,4128.0,0.8256,92546.0,0.8258,11590.0,0.8259,85883.0
1753503347622,04:15:47.622,ADA/USDT:USDT,0.8257,4128.0,0.8256,89946.0,0.8258,11590.0,0.8259,85883.0
1753503347722,04:15:47.722,ADA/USDT:USDT,0.8257,3920.0,0.8256,89946.0,0.8258,12024.0,0.8259,85883.0
1753503347822,04:15:47.822,ADA/USDT:USDT,0.8257,3920.0,0.8256,89946.0,0.8258,12024.0,0.8259,85883.0
1753503347925,04:15:47.925,ADA/USDT:USDT,0.8256,5330.0,0.8255,132605.0,0.8257,7096.0,0.8258,35744.0
1753503348022,04:15:48.022,ADA/USDT:USDT,0.8256,5323.0,0.8255,132605.0,0.8257,7096.0,0.8258,36662.0
1753503348123,04:15:48.123,ADA/USDT:USDT,0.8256,5323.0,0.8255,132605.0,0.8257,7096.0,0.8258,36637.0
1753503348224,04:15:48.224,ADA/USDT:USDT,0.8256,5323.0,0.8255,132605.0,0.8257,7096.0,0.8258,36637.0
1753503348322,04:15:48.322,ADA/USDT:USDT,0.8256,5323.0,0.8255,133473.0,0.8257,3835.0,0.8258,36536.0
1753503348422,04:15:48.422,ADA/USDT:USDT,0.8256,5323.0,0.8255,132605.0,0.8257,3835.0,0.8258,36536.0
1753503348522,04:15:48.522,ADA/USDT:USDT,0.8256,40358.0,0.8255,133473.0,0.8257,1719.0,0.8258,28690.0
1753503348622,04:15:48.622,ADA/USDT:USDT,0.8256,40808.0,0.8255,142156.0,0.8257,111.0,0.8258,12247.0
1753503348722,04:15:48.722,ADA/USDT:USDT,0.8256,40808.0,0.8255,144150.0,0.8257,549.0,0.8258,10425.0
1753503348823,04:15:48.823,ADA/USDT:USDT,0.8256,42018.0,0.8255,146570.0,0.8257,549.0,0.8258,10425.0
1753503348922,04:15:48.922,ADA/USDT:USDT,0.8257,4591.0,0.8256,53523.0,0.8258,2429.0,0.8259,47495.0
1753503349022,04:15:49.022,ADA/USDT:USDT,0.8257,37868.0,0.8256,129920.0,0.8258,3436.0,0.8259,18905.0
1753503349123,04:15:49.123,ADA/USDT:USDT,0.8257,37868.0,0.8256,120412.0,0.8258,3436.0,0.8259,18905.0
1753503349222,04:15:49.222,ADA/USDT:USDT,0.8257,37868.0,0.8256,120412.0,0.8258,3436.0,0.8259,18905.0
1753503349322,04:15:49.322,ADA/USDT:USDT,0.8257,36968.0,0.8256,111729.0,0.8258,3436.0,0.8259,23826.0
1753503349423,04:15:49.423,ADA/USDT:USDT,0.8257,25373.0,0.8256,111849.0,0.8258,3635.0,0.8259,40210.0
1753503349523,04:15:49.523,ADA/USDT:USDT,0.8257,25373.0,0.8256,104949.0,0.8258,3718.0,0.8259,40210.0
1753503349622,04:15:49.622,ADA/USDT:USDT,0.8257,25373.0,0.8256,105857.0,0.8258,5151.0,0.8259,40210.0
1753503349722,04:15:49.722,ADA/USDT:USDT,0.8257,25373.0,0.8256,106886.0,0.8258,4236.0,0.8259,40210.0
1753503349822,04:15:49.822,ADA/USDT:USDT,0.8257,8996.0,0.8256,103549.0,0.8258,10174.0,0.8259,54701.0
1753503349925,04:15:49.925,ADA/USDT:USDT,0.8256,11147.0,0.8255,135381.0,0.8257,13492.0,0.8258,23870.0
1753503350023,04:15:50.023,ADA/USDT:USDT,0.8256,9676.0,0.8255,134721.0,0.8257,7585.0,0.8258,22837.0
1753503350122,04:15:50.122,ADA/USDT:USDT,0.8256,8489.0,0.8255,134721.0,0.8257,4985.0,0.8258,23291.0
1753503350223,04:15:50.223,ADA/USDT:USDT,0.8256,8489.0,0.8255,134721.0,0.8257,4985.0,0.8258,22837.0
1753503350322,04:15:50.322,ADA/USDT:USDT,0.8256,9567.0,0.8255,135629.0,0.8257,581.0,0.8258,20964.0
1753503350422,04:15:50.422,ADA/USDT:USDT,0.8256,13808.0,0.8255,135629.0,0.8257,581.0,0.8258,20964.0
1753503350522,04:15:50.522,ADA/USDT:USDT,0.8256,8000.0,0.8255,135629.0,0.8257,581.0,0.8258,23447.0
1753503350622,04:15:50.622,ADA/USDT:USDT,0.8256,8000.0,0.8255,135509.0,0.8257,581.0,0.8258,23447.0
1753503350722,04:15:50.722,ADA/USDT:USDT,0.8256,8000.0,0.8255,135509.0,0.8257,581.0,0.8258,20964.0
1753503350822,04:15:50.822,ADA/USDT:USDT,0.8256,9210.0,0.8255,137929.0,0.8257,581.0,0.8258,20964.0
1753503350922,04:15:50.922,ADA/USDT:USDT,0.8256,9210.0,0.8255,137929.0,0.8257,581.0,0.8258,20964.0
1753503351022,04:15:51.022,ADA/USDT:USDT,0.8256,9210.0,0.8255,137929.0,0.8257,581.0,0.8258,20964.0
1753503351122,04:15:51.122,ADA/USDT:USDT,0.8256,9210.0,0.8255,137929.0,0.8257,581.0,0.8258,20964.0
1753503351222,04:15:51.222,ADA/USDT:USDT,0.8256,9210.0,0.8255,137929.0,0.8257,581.0,0.8258,20964.0
1753503351322,04:15:51.322,ADA/USDT:USDT,0.8256,9214.0,0.8255,137021.0,0.8257,2081.0,0.8258,22957.0
1753503351422,04:15:51.422,ADA/USDT:USDT,0.8256,9214.0,0.8255,137021.0,0.8257,2081.0,0.8258,23401.0
1753503351523,04:15:51.523,ADA/USDT:USDT,0.8256,9214.0,0.8255,137021.0,0.8257,2081.0,0.8258,23401.0
1753503351622,04:15:51.622,ADA/USDT:USDT,0.8256,9214.0,0.8255,137929.0,0.8257,2081.0,0.8258,20474.0
1753503351722,04:15:51.722,ADA/USDT:USDT,0.8256,6729.0,0.8255,137021.0,0.8257,6939.0,0.8258,48348.0
1753503351823,04:15:51.823,ADA/USDT:USDT,0.8256,6729.0,0.8255,138252.0,0.8257,7475.0,0.8258,48792.0
1753503351922,04:15:51.922,ADA/USDT:USDT,0.8256,6729.0,0.8255,138252.0,0.8257,7475.0,0.8258,48792.0
1753503352023,04:15:52.023,ADA/USDT:USDT,0.8256,6729.0,0.8255,138252.0,0.8257,6651.0,0.8258,45401.0
1753503352123,04:15:52.123,ADA/USDT:USDT,0.8256,6729.0,0.8255,138706.0,0.8257,6651.0,0.8258,45401.0
1753503352222,04:15:52.222,ADA/USDT:USDT,0.8256,6729.0,0.8255,138706.0,0.8257,6651.0,0.8258,45401.0
1753503352322,04:15:52.322,ADA/USDT:USDT,0.8256,5721.0,0.8255,138252.0,0.8257,6848.0,0.8258,48819.0
1753503352422,04:15:52.422,ADA/USDT:USDT,0.8256,5721.0,0.8255,128414.0,0.8257,12848.0,0.8258,48844.0
1753503352522,04:15:52.522,ADA/USDT:USDT,0.8256,5519.0,0.8255,125994.0,0.8257,6848.0,0.8258,48819.0
1753503352622,04:15:52.622,ADA/USDT:USDT,0.8256,5519.0,0.8255,125994.0,0.8257,6848.0,0.8258,48819.0
1753503352722,04:15:52.722,ADA/USDT:USDT,0.8256,5519.0,0.8255,125994.0,0.8257,6848.0,0.8258,49873.0
1753503352822,04:15:52.822,ADA/USDT:USDT,0.8256,4535.0,0.8255,121249.0,0.8257,7668.0,0.8258,49848.0
1753503352922,04:15:52.922,ADA/USDT:USDT,0.8256,4535.0,0.8255,117418.0,0.8257,7668.0,0.8258,49848.0
1753503353023,04:15:53.023,ADA/USDT:USDT,0.8256,4535.0,0.8255,117418.0,0.8257,7668.0,0.8258,49848.0
1753503353122,04:15:53.122,ADA/USDT:USDT,0.8256,250.0,0.8255,35878.0,0.8257,9176.0,0.8258,49904.0
1753503353223,04:15:53.223,ADA/USDT:USDT,0.8256,250.0,0.8255,35878.0,0.8257,9176.0,0.8258,51170.0
1753503353322,04:15:53.322,ADA/USDT:USDT,0.8256,590.0,0.8255,38361.0,0.8257,9199.0,0.8258,51170.0
1753503353422,04:15:53.422,ADA/USDT:USDT,0.8256,590.0,0.8255,38361.0,0.8257,15199.0,0.8258,51170.0
1753503353522,04:15:53.522,ADA/USDT:USDT,0.8255,32679.0,0.8254,67089.0,0.8256,4878.0,0.8257,15210.0
1753503353623,04:15:53.623,ADA/USDT:USDT,0.8255,4735.0,0.8254,56471.0,0.8256,22623.0,0.8257,71894.0
1753503353722,04:15:53.722,ADA/USDT:USDT,0.8255,4247.0,0.8254,56437.0,0.8256,23070.0,0.8257,83960.0
1753503353822,04:15:53.822,ADA/USDT:USDT,0.8255,4247.0,0.8254,29717.0,0.8256,23070.0,0.8257,83960.0
1753503353923,04:15:53.923,ADA/USDT:USDT,0.8255,4247.0,0.8254,42835.0,0.8256,23070.0,0.8257,83960.0
1753503354022,04:15:54.022,ADA/USDT:USDT,0.8255,4247.0,0.8254,42835.0,0.8256,23151.0,0.8257,84307.0
1753503354122,04:15:54.122,ADA/USDT:USDT,0.8255,4247.0,0.8254,13654.0,0.8256,23151.0,0.8257,84307.0
1753503354222,04:15:54.222,ADA/USDT:USDT,0.8255,4247.0,0.8254,13644.0,0.8256,23151.0,0.8257,84307.0
1753503354322,04:15:54.322,ADA/USDT:USDT,0.8255,4788.0,0.8254,42388.0,0.8256,23272.0,0.8257,83700.0
1753503354422,04:15:54.422,ADA/USDT:USDT,0.8255,4284.0,0.8254,42388.0,0.8256,29744.0,0.8257,93575.0
1753503354522,04:15:54.522,ADA/USDT:USDT,0.8255,4284.0,0.8254,42388.0,0.8256,29744.0,0.8257,93575.0
1753503354622,04:15:54.622,ADA/USDT:USDT,0.8255,4284.0,0.8254,42388.0,0.8256,29719.0,0.8257,93575.0
1753503354722,04:15:54.722,ADA/USDT:USDT,0.8255,4284.0,0.8254,42388.0,0.8256,29719.0,0.8257,93575.0
1753503354822,04:15:54.822,ADA/USDT:USDT,0.8255,4284.0,0.8254,42388.0,0.8256,29744.0,0.8257,93575.0
1753503354922,04:15:54.922,ADA/USDT:USDT,0.8255,4284.0,0.8254,13644.0,0.8256,29744.0,0.8257,93575.0
1753503355022,04:15:55.022,ADA/USDT:USDT,0.8255,4284.0,0.8254,13644.0,0.8256,29883.0,0.8257,92994.0
1753503355122,04:15:55.122,ADA/USDT:USDT,0.8255,4284.0,0.8254,45677.0,0.8256,23858.0,0.8257,92994.0
1753503355222,04:15:55.222,ADA/USDT:USDT,0.8255,4284.0,0.8254,55514.0,0.8256,23858.0,0.8257,92994.0
1753503355323,04:15:55.323,ADA/USDT:USDT,0.8255,4284.0,0.8254,62400.0,0.8256,23646.0,0.8257,90291.0
1753503355422,04:15:55.422,ADA/USDT:USDT,0.8255,4284.0,0.8254,62400.0,0.8256,30290.0,0.8257,92774.0
1753503355522,04:15:55.522,ADA/USDT:USDT,0.8255,4284.0,0.8254,62400.0,0.8256,30387.0,0.8257,92774.0
1753503355622,04:15:55.622,ADA/USDT:USDT,0.8255,4284.0,0.8254,37803.0,0.8256,30859.0,0.8257,102612.0
1753503355722,04:15:55.722,ADA/USDT:USDT,0.8255,4284.0,0.8254,37803.0,0.8256,30859.0,0.8257,102612.0
1753503355822,04:15:55.822,ADA/USDT:USDT,0.8255,5780.0,0.8254,81308.0,0.8256,18305.0,0.8257,69906.0
1753503355924,04:15:55.924,ADA/USDT:USDT,0.8255,4284.0,0.8254,78825.0,0.8256,18752.0,0.8257,100137.0
1753503356022,04:15:56.022,ADA/USDT:USDT,0.8255,4284.0,0.8254,78825.0,0.8256,18752.0,0.8257,100162.0
1753503356122,04:15:56.122,ADA/USDT:USDT,0.8254,44.0,0.8253,54008.0,0.8255,33120.0,0.8256,107318.0
1753503356222,04:15:56.222,ADA/USDT:USDT,0.8254,44.0,0.8253,54008.0,0.8255,33162.0,0.8256,98295.0
1753503356323,04:15:56.323,ADA/USDT:USDT,0.8254,44.0,0.8253,1644.0,0.8255,33162.0,0.8256,100214.0
1753503356422,04:15:56.422,ADA/USDT:USDT,0.8254,44.0,0.8253,17253.0,0.8255,33162.0,0.8256,97731.0
1753503356522,04:15:56.522,ADA/USDT:USDT,0.8254,44.0,0.8253,14350.0,0.8255,35629.0,0.8256,102030.0
1753503356623,04:15:56.623,ADA/USDT:USDT,0.8253,7.0,0.8252,45089.0,0.8254,32395.0,0.8255,109192.0
1753503356722,04:15:56.722,ADA/USDT:USDT,0.8253,7.0,0.8252,45089.0,0.8254,31417.0,0.8255,111365.0
1753503356822,04:15:56.822,ADA/USDT:USDT,0.8253,7.0,0.8252,45089.0,0.8254,31417.0,0.8255,111365.0
1753503356922,04:15:56.922,ADA/USDT:USDT,0.8253,7.0,0.8252,45089.0,0.8254,31417.0,0.8255,111365.0
1753503357022,04:15:57.022,ADA/USDT:USDT,0.8253,7.0,0.8252,45066.0,0.8254,32599.0,0.8255,111365.0
1753503357122,04:15:57.122,ADA/USDT:USDT,0.8253,7.0,0.8252,45066.0,0.8254,32121.0,0.8255,111372.0
1753503357222,04:15:57.222,ADA/USDT:USDT,0.8253,7.0,0.8252,45066.0,0.8254,32599.0,0.8255,111372.0
1753503357322,04:15:57.322,ADA/USDT:USDT,0.8253,7.0,0.8252,45066.0,0.8254,33199.0,0.8255,111372.0
1753503357422,04:15:57.422,ADA/USDT:USDT,0.8253,7.0,0.8252,41998.0,0.8254,39199.0,0.8255,120055.0
1753503357522,04:15:57.522,ADA/USDT:USDT,0.8253,7.0,0.8252,41998.0,0.8254,39199.0,0.8255,120055.0
1753503357622,04:15:57.622,ADA/USDT:USDT,0.8253,7.0,0.8252,41998.0,0.8254,39199.0,0.8255,120055.0
1753503357723,04:15:57.723,ADA/USDT:USDT,0.8252,21.0,0.8251,45851.0,0.8253,34782.0,0.8254,101851.0
1753503357823,04:15:57.823,ADA/USDT:USDT,0.8252,21.0,0.8251,45851.0,0.8253,34782.0,0.8254,103203.0
1753503357924,04:15:57.924,ADA/USDT:USDT,0.8252,21.0,0.8251,45851.0,0.8253,34782.0,0.8254,103203.0
1753503358123,04:15:58.123,ADA/USDT:USDT,0.8252,21.0,0.8251,14678.0,0.8253,35436.0,0.8254,103639.0
1753503358222,04:15:58.222,ADA/USDT:USDT,0.8252,21.0,0.8251,14678.0,0.8253,35436.0,0.8254,103639.0
1753503358322,04:15:58.322,ADA/USDT:USDT,0.8252,21.0,0.8251,13670.0,0.8253,35436.0,0.8254,103639.0
1753503358422,04:15:58.422,ADA/USDT:USDT,0.8252,21.0,0.8251,13670.0,0.8253,41687.0,0.8254,103039.0
1753503358522,04:15:58.522,ADA/USDT:USDT,0.8252,21.0,0.8251,13670.0,0.8253,41687.0,0.8254,103039.0
1753503358622,04:15:58.622,ADA/USDT:USDT,0.8252,21.0,0.8251,13670.0,0.8253,42191.0,0.8254,103039.0
1753503358722,04:15:58.722,ADA/USDT:USDT,0.8251,32.0,0.825,77531.0,0.8252,24776.0,0.8253,80874.0
1753503358823,04:15:58.823,ADA/USDT:USDT,0.8251,1711.0,0.825,77531.0,0.8252,24319.0,0.8253,97615.0
1753503358922,04:15:58.922,ADA/USDT:USDT,0.8251,4805.0,0.825,84089.0,0.8252,23640.0,0.8253,98008.0
1753503359022,04:15:59.022,ADA/USDT:USDT,0.8251,4805.0,0.825,84089.0,0.8252,23640.0,0.8253,98008.0
1753503359123,04:15:59.123,ADA/USDT:USDT,0.8251,4805.0,0.825,84089.0,0.8252,24863.0,0.8253,98008.0
1753503359222,04:15:59.222,ADA/USDT:USDT,0.8251,4805.0,0.825,84089.0,0.8252,24863.0,0.8253,98008.0
1753503359322,04:15:59.322,ADA/USDT:USDT,0.8251,4805.0,0.825,84089.0,0.8252,24863.0,0.8253,98008.0
1753503359423,04:15:59.423,ADA/USDT:USDT,0.8251,2430.0,0.825,84089.0,0.8252,25135.0,0.8253,97757.0
1753503359622,04:15:59.622,ADA/USDT:USDT,0.8251,1133.0,0.825,84089.0,0.8252,25135.0,0.8253,97757.0
1753503359722,04:15:59.722,ADA/USDT:USDT,0.8251,1133.0,0.825,84089.0,0.8252,25135.0,0.8253,97757.0
1753503359823,04:15:59.823,ADA/USDT:USDT,0.8251,1133.0,0.825,84089.0,0.8252,25305.0,0.8253,97757.0
1753503359922,04:15:59.922,ADA/USDT:USDT,0.8251,5033.0,0.825,84089.0,0.8252,25305.0,0.8253,91757.0
1753503360023,04:16:00.023,ADA/USDT:USDT,0.8251,14209.0,0.825,90228.0,0.8252,1690.0,0.8253,65735.0
1753503360122,04:16:00.122,ADA/USDT:USDT,0.8251,14666.0,0.825,96429.0,0.8252,1296.0,0.8253,17455.0
1753503360222,04:16:00.222,ADA/USDT:USDT,0.8251,14209.0,0.825,96429.0,0.8252,1296.0,0.8253,17455.0
1753503360322,04:16:00.322,ADA/USDT:USDT,0.8251,19682.0,0.825,96404.0,0.8252,2129.0,0.8253,45978.0
1753503360422,04:16:00.422,ADA/USDT:USDT,0.8251,19682.0,0.825,96404.0,0.8252,2129.0,0.8253,45978.0
1753503360523,04:16:00.523,ADA/USDT:USDT,0.8251,20893.0,0.825,98826.0,0.8252,1691.0,0.8253,45978.0
1753503360623,04:16:00.623,ADA/USDT:USDT,0.8251,21350.0,0.825,98851.0,0.8252,1296.0,0.8253,24649.0
1753503360723,04:16:00.723,ADA/USDT:USDT,0.8251,20893.0,0.825,98826.0,0.8252,1296.0,0.8253,24649.0
1753503360822,04:16:00.822,ADA/USDT:USDT,0.8251,6244.0,0.825,97912.0,0.8252,8188.0,0.8253,62483.0
1753503360922,04:16:00.922,ADA/USDT:USDT,0.8251,6244.0,0.825,97912.0,0.8252,8188.0,0.8253,84469.0
1753503361022,04:16:01.022,ADA/USDT:USDT,0.8251,2344.0,0.825,97912.0,0.8252,8188.0,0.8253,87069.0
1753503361123,04:16:01.123,ADA/USDT:USDT,0.8251,1731.0,0.825,91711.0,0.8252,8189.0,0.8253,87548.0
1753503361222,04:16:01.222,ADA/USDT:USDT,0.8251,520.0,0.825,42898.0,0.8252,9103.0,0.8253,93749.0
1753503361322,04:16:01.322,ADA/USDT:USDT,0.8251,32.0,0.825,20557.0,0.8252,15703.0,0.8253,105470.0
1753503361423,04:16:01.423,ADA/USDT:USDT,0.8251,32.0,0.825,888.0,0.8252,15703.0,0.8253,105470.0
1753503361522,04:16:01.522,ADA/USDT:USDT,0.8251,32.0,0.825,21125.0,0.8252,15703.0,0.8253,105470.0
1753503361622,04:16:01.622,ADA/USDT:USDT,0.8251,32.0,0.825,888.0,0.8252,16334.0,0.8253,103592.0
1753503361722,04:16:01.722,ADA/USDT:USDT,0.8251,32.0,0.825,888.0,0.8252,17545.0,0.8253,108739.0
1753503361822,04:16:01.822,ADA/USDT:USDT,0.8251,32.0,0.825,888.0,0.8252,17545.0,0.8253,108739.0
1753503361923,04:16:01.923,ADA/USDT:USDT,0.8251,32.0,0.825,888.0,0.8252,17545.0,0.8253,108739.0
1753503362023,04:16:02.023,ADA/USDT:USDT,0.8251,51.0,0.825,907.0,0.8252,17545.0,0.8253,108739.0
1753503362122,04:16:02.122,ADA/USDT:USDT,0.8251,129.0,0.825,31285.0,0.8252,15996.0,0.8253,97857.0
1753503362222,04:16:02.222,ADA/USDT:USDT,0.8251,3420.0,0.825,67117.0,0.8252,8785.0,0.8253,96646.0
1753503362322,04:16:02.322,ADA/USDT:USDT,0.8251,3420.0,0.825,69717.0,0.8252,8785.0,0.8253,96646.0
1753503362422,04:16:02.422,ADA/USDT:USDT,0.8251,3420.0,0.825,69717.0,0.8252,8785.0,0.8253,97103.0
1753503362522,04:16:02.522,ADA/USDT:USDT,0.8251,1547.0,0.825,69717.0,0.8252,8785.0,0.8253,97103.0
1753503362622,04:16:02.622,ADA/USDT:USDT,0.8251,1547.0,0.825,69717.0,0.8252,8785.0,0.8253,97560.0
1753503362722,04:16:02.722,ADA/USDT:USDT,0.8251,1547.0,0.825,69717.0,0.8252,8785.0,0.8253,98590.0
1753503362822,04:16:02.822,ADA/USDT:USDT,0.8251,1547.0,0.825,69717.0,0.8252,8785.0,0.8253,98590.0
1753503362922,04:16:02.922,ADA/USDT:USDT,0.8251,1570.0,0.825,67117.0,0.8252,8785.0,0.8253,98590.0
1753503363022,04:16:03.022,ADA/USDT:USDT,0.8251,152.0,0.825,40875.0,0.8252,9469.0,0.8253,99027.0
1753503363122,04:16:03.122,ADA/USDT:USDT,0.8251,74.0,0.825,40875.0,0.8252,9926.0,0.8253,99027.0
1753503363222,04:16:03.222,ADA/USDT:USDT,0.8251,1570.0,0.825,67127.0,0.8252,8022.0,0.8253,98373.0
1753503363322,04:16:03.322,ADA/USDT:USDT,0.8251,562.0,0.825,67127.0,0.8252,14490.0,0.8253,98373.0
1753503363422,04:16:03.422,ADA/USDT:USDT,0.8251,562.0,0.825,67127.0,0.8252,14490.0,0.8253,98373.0
1753503363523,04:16:03.523,ADA/USDT:USDT,0.8251,562.0,0.825,67127.0,0.8252,14958.0,0.8253,98373.0
1753503363622,04:16:03.622,ADA/USDT:USDT,0.8251,74.0,0.825,26099.0,0.8252,14958.0,0.8253,98373.0
1753503363722,04:16:03.722,ADA/USDT:USDT,0.8251,74.0,0.825,26099.0,0.8252,15457.0,0.8253,97869.0
1753503363822,04:16:03.822,ADA/USDT:USDT,0.825,535.0,0.8249,45133.0,0.8251,24138.0,0.8252,89380.0
1753503363925,04:16:03.925,ADA/USDT:USDT,0.825,4999.0,0.8249,54969.0,0.8251,24138.0,0.8252,90264.0
1753503364022,04:16:04.022,ADA/USDT:USDT,0.825,4999.0,0.8249,64811.0,0.8251,24138.0,0.8252,90264.0
1753503364122,04:16:04.122,ADA/USDT:USDT,0.825,4999.0,0.8249,86145.0,0.8251,24138.0,0.8252,90264.0
1753503364222,04:16:04.222,ADA/USDT:USDT,0.825,4999.0,0.8249,86145.0,0.8251,24138.0,0.8252,90264.0
1753503364322,04:16:04.322,ADA/USDT:USDT,0.825,4999.0,0.8249,86145.0,0.8251,24138.0,0.8252,90723.0
1753503364422,04:16:04.422,ADA/USDT:USDT,0.825,3509.0,0.8249,45133.0,0.8251,24652.0,0.8252,90224.0
1753503364622,04:16:04.622,ADA/USDT:USDT,0.825,5162.0,0.8249,54967.0,0.8251,25252.0,0.8252,90224.0
1753503364722,04:16:04.722,ADA/USDT:USDT,0.825,5162.0,0.8249,54967.0,0.8251,25252.0,0.8252,91254.0
1753503364822,04:16:04.822,ADA/USDT:USDT,0.825,5162.0,0.8249,54967.0,0.8251,25252.0,0.8252,91254.0
1753503364922,04:16:04.922,ADA/USDT:USDT,0.825,5162.0,0.8249,54967.0,0.8251,25252.0,0.8252,90336.0
1753503365022,04:16:05.022,ADA/USDT:USDT,0.825,5155.0,0.8249,54967.0,0.8251,25252.0,0.8252,91254.0
1753503365123,04:16:05.123,ADA/USDT:USDT,0.825,2430.0,0.8249,57567.0,0.8251,25252.0,0.8252,91254.0
1753503365223,04:16:05.223,ADA/USDT:USDT,0.825,2366.0,0.8249,57567.0,0.8251,25711.0,0.8252,91254.0
1753503365323,04:16:05.323,ADA/USDT:USDT,0.825,1472.0,0.8249,63567.0,0.8251,25252.0,0.8252,91254.0
1753503365422,04:16:05.422,ADA/USDT:USDT,0.825,2606.0,0.8249,63567.0,0.8251,25252.0,0.8252,90336.0
1753503365522,04:16:05.522,ADA/USDT:USDT,0.825,2606.0,0.8249,63567.0,0.8251,25252.0,0.8252,91236.0
1753503365622,04:16:05.622,ADA/USDT:USDT,0.825,2606.0,0.8249,63567.0,0.8251,25252.0,0.8252,91236.0
1753503365922,04:16:05.922,ADA/USDT:USDT,0.825,12991.0,0.8249,95632.0,0.8251,4907.0,0.8252,84336.0
1753503366022,04:16:06.022,ADA/USDT:USDT,0.825,18978.0,0.8249,99657.0,0.8251,1286.0,0.8252,8591.0
1753503366122,04:16:06.122,ADA/USDT:USDT,0.825,14202.0,0.8249,102079.0,0.8251,1081.0,0.8252,36459.0
1753503366222,04:16:06.222,ADA/USDT:USDT,0.825,11821.0,0.8249,99754.0,0.8251,2779.0,0.8252,50002.0
1753503366322,04:16:06.322,ADA/USDT:USDT,0.825,11821.0,0.8249,99754.0,0.8251,2779.0,0.8252,50002.0
1753503366422,04:16:06.422,ADA/USDT:USDT,0.825,6727.0,0.8249,99754.0,0.8251,5081.0,0.8252,51052.0
1753503366523,04:16:06.523,ADA/USDT:USDT,0.825,6727.0,0.8249,99754.0,0.8251,5515.0,0.8252,51052.0
1753503366623,04:16:06.623,ADA/USDT:USDT,0.825,6727.0,0.8249,99754.0,0.8251,5527.0,0.8252,51052.0
1753503366722,04:16:06.722,ADA/USDT:USDT,0.825,6727.0,0.8249,99754.0,0.8251,5528.0,0.8252,51052.0
1753503366823,04:16:06.823,ADA/USDT:USDT,0.825,6672.0,0.8249,99754.0,0.8251,6128.0,0.8252,70803.0
1753503366922,04:16:06.922,ADA/USDT:USDT,0.825,5817.0,0.8249,98543.0,0.8251,5528.0,0.8252,70803.0
1753503367022,04:16:07.022,ADA/USDT:USDT,0.825,5817.0,0.8249,98543.0,0.8251,5528.0,0.8252,70803.0
1753503367122,04:16:07.122,ADA/USDT:USDT,0.825,5817.0,0.8249,92543.0,0.8251,1536.0,0.8252,71884.0
1753503367223,04:16:07.223,ADA/USDT:USDT,0.825,5817.0,0.8249,92543.0,0.8251,1536.0,0.8252,71434.0
1753503367322,04:16:07.322,ADA/USDT:USDT,0.825,5817.0,0.8249,92543.0,0.8251,5904.0,0.8252,71884.0
1753503367423,04:16:07.423,ADA/USDT:USDT,0.825,5817.0,0.8249,92543.0,0.8251,5904.0,0.8252,71884.0
1753503367522,04:16:07.522,ADA/USDT:USDT,0.825,5827.0,0.8249,92543.0,0.8251,5924.0,0.8252,74484.0
1753503367622,04:16:07.622,ADA/USDT:USDT,0.825,5827.0,0.8249,92543.0,0.8251,6374.0,0.8252,74484.0
1753503367722,04:16:07.722,ADA/USDT:USDT,0.825,7893.0,0.8249,96981.0,0.8251,1556.0,0.8252,60041.0
1753503367823,04:16:07.823,ADA/USDT:USDT,0.825,9554.0,0.8249,98192.0,0.8251,1556.0,0.8252,60041.0
1753503367922,04:16:07.922,ADA/USDT:USDT,0.825,9554.0,0.8249,98192.0,0.8251,1556.0,0.8252,60041.0
1753503368022,04:16:08.022,ADA/USDT:USDT,0.825,9554.0,0.8249,98202.0,0.8251,1556.0,0.8252,60041.0
1753503368123,04:16:08.123,ADA/USDT:USDT,0.825,9554.0,0.8249,98202.0,0.8251,1556.0,0.8252,60041.0
1753503368222,04:16:08.222,ADA/USDT:USDT,0.825,9104.0,0.8249,95694.0,0.8251,2194.0,0.8252,78522.0
1753503368322,04:16:08.322,ADA/USDT:USDT,0.825,7072.0,0.8249,94794.0,0.8251,6429.0,0.8252,79849.0
1753503368422,04:16:08.422,ADA/USDT:USDT,0.825,7072.0,0.8249,94794.0,0.8251,7263.0,0.8252,79849.0
1753503368522,04:16:08.522,ADA/USDT:USDT,0.825,5861.0,0.8249,93583.0,0.8251,7263.0,0.8252,79849.0
1753503368623,04:16:08.623,ADA/USDT:USDT,0.825,10497.0,0.8249,94033.0,0.8251,2540.0,0.8252,79399.0
1753503368722,04:16:08.722,ADA/USDT:USDT,0.825,10497.0,0.8249,93583.0,0.8251,2540.0,0.8252,79399.0
1753503368822,04:16:08.822,ADA/USDT:USDT,0.825,5861.0,0.8249,93583.0,0.8251,11153.0,0.8252,79849.0
1753503368922,04:16:08.922,ADA/USDT:USDT,0.825,4853.0,0.8249,92372.0,0.8251,11153.0,0.8252,79849.0
1753503369022,04:16:09.022,ADA/USDT:USDT,0.825,5861.0,0.8249,92372.0,0.8251,5628.0,0.8252,73399.0
1753503369122,04:16:09.122,ADA/USDT:USDT,0.825,5861.0,0.8249,92372.0,0.8251,5628.0,0.8252,73399.0
1753503369222,04:16:09.222,ADA/USDT:USDT,0.825,5861.0,0.8249,92372.0,0.8251,5628.0,0.8252,73849.0
1753503369322,04:16:09.322,ADA/USDT:USDT,0.825,5861.0,0.8249,92372.0,0.8251,5628.0,0.8252,73849.0
1753503369422,04:16:09.422,ADA/USDT:USDT,0.825,5861.0,0.8249,92372.0,0.8251,5630.0,0.8252,73849.0
1753503369522,04:16:09.522,ADA/USDT:USDT,0.825,5861.0,0.8249,92372.0,0.8251,5630.0,0.8252,73399.0
1753503369623,04:16:09.623,ADA/USDT:USDT,0.825,5861.0,0.8249,92822.0,0.8251,5630.0,0.8252,73849.0
1753503369722,04:16:09.722,ADA/USDT:USDT,0.825,5861.0,0.8249,92372.0,0.8251,5630.0,0.8252,74879.0
1753503369822,04:16:09.822,ADA/USDT:USDT,0.825,5839.0,0.8249,93583.0,0.8251,5630.0,0.8252,74879.0
1753503369925,04:16:09.925,ADA/USDT:USDT,0.825,5839.0,0.8249,93583.0,0.8251,7480.0,0.8252,74879.0
1753503370022,04:16:10.022,ADA/USDT:USDT,0.825,12351.0,0.8249,95780.0,0.8251,2542.0,0.8252,72949.0
1753503370123,04:16:10.123,ADA/USDT:USDT,0.825,12351.0,0.8249,95780.0,0.8251,2542.0,0.8252,38110.0
1753503370222,04:16:10.222,ADA/USDT:USDT,0.825,18351.0,0.8249,95780.0,0.8251,1534.0,0.8252,52847.0
1753503370323,04:16:10.323,ADA/USDT:USDT,0.825,18351.0,0.8249,95780.0,0.8251,1534.0,0.8252,52847.0
1753503370423,04:16:10.423,ADA/USDT:USDT,0.825,17901.0,0.8249,95780.0,0.8251,1546.0,0.8252,59397.0
1753503370522,04:16:10.522,ADA/USDT:USDT,0.825,17901.0,0.8249,95780.0,0.8251,1546.0,0.8252,59397.0
1753503370622,04:16:10.622,ADA/USDT:USDT,0.825,11901.0,0.8249,95305.0,0.8251,2554.0,0.8252,59397.0
1753503370723,04:16:10.723,ADA/USDT:USDT,0.825,11901.0,0.8249,95755.0,0.8251,2554.0,0.8252,72497.0
1753503370823,04:16:10.823,ADA/USDT:USDT,0.825,12351.0,0.8249,95755.0,0.8251,1546.0,0.8252,72497.0
1753503370922,04:16:10.922,ADA/USDT:USDT,0.825,13562.0,0.8249,98202.0,0.8251,1546.0,0.8252,72497.0
1753503371022,04:16:11.022,ADA/USDT:USDT,0.825,13562.0,0.8249,98202.0,0.8251,1546.0,0.8252,72497.0
1753503371122,04:16:11.122,ADA/USDT:USDT,0.825,13562.0,0.8249,98202.0,0.8251,1546.0,0.8252,72497.0
1753503371222,04:16:11.222,ADA/USDT:USDT,0.825,13562.0,0.8249,98202.0,0.8251,1546.0,0.8252,72497.0
1753503371322,04:16:11.322,ADA/USDT:USDT,0.825,10512.0,0.8249,94794.0,0.8251,1546.0,0.8252,73374.0
1753503371422,04:16:11.422,ADA/USDT:USDT,0.825,10502.0,0.8249,98177.0,0.8251,1547.0,0.8252,72924.0
1753503371522,04:16:11.522,ADA/USDT:USDT,0.825,10502.0,0.8249,97277.0,0.8251,1547.0,0.8252,73374.0
1753503371622,04:16:11.622,ADA/USDT:USDT,0.825,10502.0,0.8249,94794.0,0.8251,2804.0,0.8252,73374.0
1753503371722,04:16:11.722,ADA/USDT:USDT,0.825,10502.0,0.8249,94794.0,0.8251,2804.0,0.8252,73374.0
1753503371822,04:16:11.822,ADA/USDT:USDT,0.825,10502.0,0.8249,97277.0,0.8251,2804.0,0.8252,73374.0
1753503372023,04:16:12.023,ADA/USDT:USDT,0.825,10502.0,0.8249,97277.0,0.8251,2804.0,0.8252,73374.0
1753503372123,04:16:12.123,ADA/USDT:USDT,0.825,10502.0,0.8249,97727.0,0.8251,2611.0,0.8252,72924.0
1753503372222,04:16:12.222,ADA/USDT:USDT,0.825,10502.0,0.8249,95244.0,0.8251,2805.0,0.8252,72924.0
1753503372323,04:16:12.323,ADA/USDT:USDT,0.825,10502.0,0.8249,94794.0,0.8251,2450.0,0.8252,73824.0
1753503372422,04:16:12.422,ADA/USDT:USDT,0.825,10502.0,0.8249,94794.0,0.8251,2846.0,0.8252,73824.0
1753503372522,04:16:12.522,ADA/USDT:USDT,0.825,9640.0,0.8249,94794.0,0.8251,2846.0,0.8252,73824.0
1753503372622,04:16:12.622,ADA/USDT:USDT,0.825,7040.0,0.8249,90578.0,0.8251,8234.0,0.8252,73824.0
1753503372722,04:16:12.722,ADA/USDT:USDT,0.825,7040.0,0.8249,57584.0,0.8251,7934.0,0.8252,76854.0
1753503372822,04:16:12.822,ADA/USDT:USDT,0.825,5829.0,0.8249,88274.0,0.8251,7934.0,0.8252,76854.0
1753503372923,04:16:12.923,ADA/USDT:USDT,0.825,5829.0,0.8249,88724.0,0.8251,7334.0,0.8252,75954.0
1753503373022,04:16:13.022,ADA/USDT:USDT,0.825,5829.0,0.8249,88274.0,0.8251,4778.0,0.8252,76858.0
1753503373122,04:16:13.122,ADA/USDT:USDT,0.825,5829.0,0.8249,88274.0,0.8251,6632.0,0.8252,76858.0
1753503373223,04:16:13.223,ADA/USDT:USDT,0.825,5361.0,0.8249,88274.0,0.8251,6632.0,0.8252,77458.0
1753503373322,04:16:13.322,ADA/USDT:USDT,0.825,5361.0,0.8249,88274.0,0.8251,6632.0,0.8252,77458.0
1753503373522,04:16:13.522,ADA/USDT:USDT,0.825,2506.0,0.8249,88274.0,0.8251,8525.0,0.8252,77462.0
1753503373622,04:16:13.622,ADA/USDT:USDT,0.825,4335.0,0.8249,87063.0,0.8251,7617.0,0.8252,77462.0
1753503373722,04:16:13.722,ADA/USDT:USDT,0.825,11936.0,0.8249,90489.0,0.8251,1690.0,0.8252,38110.0
1753503373822,04:16:13.822,ADA/USDT:USDT,0.825,11028.0,0.8249,90489.0,0.8251,2094.0,0.8252,59386.0
1753503373922,04:16:13.922,ADA/USDT:USDT,0.825,11028.0,0.8249,90010.0,0.8251,2094.0,0.8252,59840.0
1753503374022,04:16:14.022,ADA/USDT:USDT,0.825,5010.0,0.8249,87073.0,0.8251,2705.0,0.8252,73390.0
1753503374122,04:16:14.122,ADA/USDT:USDT,0.825,5010.0,0.8249,87073.0,0.8251,4559.0,0.8252,73818.0
1753503374222,04:16:14.222,ADA/USDT:USDT,0.825,5010.0,0.8249,87073.0,0.8251,4105.0,0.8252,73818.0
1753503374322,04:16:14.322,ADA/USDT:USDT,0.825,5674.0,0.8249,87981.0,0.8251,3982.0,0.8252,73818.0
1753503374422,04:16:14.422,ADA/USDT:USDT,0.825,6885.0,0.8249,91978.0,0.8251,3982.0,0.8252,73818.0
1753503374522,04:16:14.522,ADA/USDT:USDT,0.825,6885.0,0.8249,91978.0,0.8251,3993.0,0.8252,73364.0
1753503374622,04:16:14.622,ADA/USDT:USDT,0.825,6714.0,0.8249,86895.0,0.8251,12780.0,0.8252,73818.0
1753503374722,04:16:14.722,ADA/USDT:USDT,0.825,5503.0,0.8249,44748.0,0.8251,18780.0,0.8252,73818.0
1753503374822,04:16:14.822,ADA/USDT:USDT,0.825,13425.0,0.8249,87878.0,0.8251,2105.0,0.8252,72482.0
1753503374923,04:16:14.923,ADA/USDT:USDT,0.825,13879.0,0.8249,87878.0,0.8251,1097.0,0.8252,59386.0
1753503375023,04:16:15.023,ADA/USDT:USDT,0.825,13879.0,0.8249,87878.0,0.8251,1097.0,0.8252,59386.0
1753503375122,04:16:15.122,ADA/USDT:USDT,0.825,13425.0,0.8249,87878.0,0.8251,1097.0,0.8252,59386.0
1753503375222,04:16:15.222,ADA/USDT:USDT,0.825,12971.0,0.8249,87878.0,0.8251,1097.0,0.8252,65386.0
1753503375322,04:16:15.322,ADA/USDT:USDT,0.825,12971.0,0.8249,87424.0,0.8251,1108.0,0.8252,71932.0
1753503375423,04:16:15.423,ADA/USDT:USDT,0.825,12971.0,0.8249,86970.0,0.8251,1108.0,0.8252,72478.0
1753503375523,04:16:15.523,ADA/USDT:USDT,0.825,12971.0,0.8249,87878.0,0.8251,1108.0,0.8252,72478.0
1753503375622,04:16:15.622,ADA/USDT:USDT,0.825,12971.0,0.8249,87878.0,0.8251,1108.0,0.8252,72478.0
1753503375722,04:16:15.722,ADA/USDT:USDT,0.825,14636.0,0.8249,91330.0,0.8251,1108.0,0.8252,52727.0
1753503375822,04:16:15.822,ADA/USDT:USDT,0.825,14636.0,0.8249,91330.0,0.8251,1108.0,0.8252,18359.0
1753503375922,04:16:15.922,ADA/USDT:USDT,0.825,14633.0,0.8249,93930.0,0.8251,1108.0,0.8252,18359.0
1753503376023,04:16:16.023,ADA/USDT:USDT,0.825,14633.0,0.8249,93930.0,0.8251,1108.0,0.8252,18359.0
1753503376123,04:16:16.123,ADA/USDT:USDT,0.825,14633.0,0.8249,93930.0,0.8251,1108.0,0.8252,52720.0
1753503376222,04:16:16.222,ADA/USDT:USDT,0.825,14179.0,0.8249,90514.0,0.8251,1108.0,0.8252,59602.0
1753503376322,04:16:16.322,ADA/USDT:USDT,0.825,14179.0,0.8249,92997.0,0.8251,1108.0,0.8252,59602.0
1753503376423,04:16:16.423,ADA/USDT:USDT,0.825,14179.0,0.8249,92997.0,0.8251,1108.0,0.8252,60056.0
1753503376522,04:16:16.522,ADA/USDT:USDT,0.825,14179.0,0.8249,93451.0,0.8251,1108.0,0.8252,59148.0
1753503376623,04:16:16.623,ADA/USDT:USDT,0.825,14179.0,0.8249,92997.0,0.8251,3516.0,0.8252,60056.0
1753503376722,04:16:16.722,ADA/USDT:USDT,0.825,8979.0,0.8249,92997.0,0.8251,4004.0,0.8252,60056.0
1753503376822,04:16:16.822,ADA/USDT:USDT,0.825,6463.0,0.8249,49472.0,0.8251,7510.0,0.8252,82093.0
1753503376922,04:16:16.922,ADA/USDT:USDT,0.825,5252.0,0.8249,54810.0,0.8251,7489.0,0.8252,84693.0
1753503377022,04:16:17.022,ADA/USDT:USDT,0.825,5252.0,0.8249,89177.0,0.8251,7035.0,0.8252,84693.0
1753503377122,04:16:17.122,ADA/USDT:USDT,0.825,5252.0,0.8249,86694.0,0.8251,13489.0,0.8252,84693.0
1753503377222,04:16:17.222,ADA/USDT:USDT,0.825,5432.0,0.8249,85483.0,0.8251,7489.0,0.8252,84693.0
1753503377322,04:16:17.322,ADA/USDT:USDT,0.825,5432.0,0.8249,88420.0,0.8251,7181.0,0.8252,84093.0
1753503377422,04:16:17.422,ADA/USDT:USDT,0.825,5437.0,0.8249,85483.0,0.8251,7181.0,0.8252,84093.0
1753503377522,04:16:17.522,ADA/USDT:USDT,0.825,5437.0,0.8249,85483.0,0.8251,7635.0,0.8252,84093.0
1753503377723,04:16:17.723,ADA/USDT:USDT,0.825,5437.0,0.8249,85483.0,0.8251,8089.0,0.8252,84093.0
1753503377822,04:16:17.822,ADA/USDT:USDT,0.825,5437.0,0.8249,85483.0,0.8251,8089.0,0.8252,84093.0
1753503377925,04:16:17.925,ADA/USDT:USDT,0.825,5437.0,0.8249,85948.0,0.8251,7148.0,0.8252,84093.0
1753503378022,04:16:18.022,ADA/USDT:USDT,0.825,5437.0,0.8249,85923.0,0.8251,7148.0,0.8252,83665.0
1753503378122,04:16:18.122,ADA/USDT:USDT,0.825,6648.0,0.8249,91385.0,0.8251,13181.0,0.8252,83211.0
1753503378222,04:16:18.222,ADA/USDT:USDT,0.825,6648.0,0.8249,90505.0,0.8251,13621.0,0.8252,83651.0
1753503378322,04:16:18.322,ADA/USDT:USDT,0.825,5437.0,0.8249,88083.0,0.8251,13621.0,0.8252,83651.0
1753503378422,04:16:18.422,ADA/USDT:USDT,0.825,5437.0,0.8249,88523.0,0.8251,13171.0,0.8252,83651.0
1753503378522,04:16:18.522,ADA/USDT:USDT,0.825,4973.0,0.8249,88083.0,0.8251,13611.0,0.8252,83651.0
1753503378622,04:16:18.622,ADA/USDT:USDT,0.825,1262.0,0.8249,68681.0,0.8251,14051.0,0.8252,83651.0
1753503378722,04:16:18.722,ADA/USDT:USDT,0.825,1262.0,0.8249,68681.0,0.8251,13930.0,0.8252,84681.0
1753503378822,04:16:18.822,ADA/USDT:USDT,0.8249,5833.0,0.8248,58101.0,0.825,21395.0,0.8251,76260.0
1753503378922,04:16:18.922,ADA/USDT:USDT,0.8249,5833.0,0.8248,42333.0,0.825,21395.0,0.8251,76682.0
1753503379022,04:16:19.022,ADA/USDT:USDT,0.8249,5833.0,0.8248,41126.0,0.825,19796.0,0.8251,78645.0
1753503379122,04:16:19.122,ADA/USDT:USDT,0.8249,5833.0,0.8248,64031.0,0.825,19361.0,0.8251,78645.0
1753503379223,04:16:19.223,ADA/USDT:USDT,0.825,2221.0,0.8249,38626.0,0.8251,22062.0,0.8252,83545.0
1753503379322,04:16:19.322,ADA/USDT:USDT,0.8249,10472.0,0.8248,85392.0,0.825,1008.0,0.8251,44164.0
1753503379422,04:16:19.422,ADA/USDT:USDT,0.8249,6442.0,0.8248,99142.0,0.825,3004.0,0.8251,58482.0
1753503379522,04:16:19.522,ADA/USDT:USDT,0.8249,6442.0,0.8248,99142.0,0.825,3004.0,0.8251,58482.0
1753503379622,04:16:19.622,ADA/USDT:USDT,0.8249,10420.0,0.8248,89477.0,0.825,3492.0,0.8251,59167.0
1753503379722,04:16:19.722,ADA/USDT:USDT,0.8249,6442.0,0.8248,90347.0,0.825,3840.0,0.8251,59762.0
1753503379823,04:16:19.823,ADA/USDT:USDT,0.8249,6442.0,0.8248,90347.0,0.825,3840.0,0.8251,59769.0
1753503379923,04:16:19.923,ADA/USDT:USDT,0.8249,6442.0,0.8248,89477.0,0.825,3840.0,0.8251,60204.0
1753503380023,04:16:20.023,ADA/USDT:USDT,0.8249,6442.0,0.8248,94677.0,0.825,5840.0,0.8251,62804.0
1753503380122,04:16:20.122,ADA/USDT:USDT,0.8249,5833.0,0.8248,94677.0,0.825,10840.0,0.8251,62804.0
1753503380223,04:16:20.223,ADA/USDT:USDT,0.8249,5833.0,0.8248,94677.0,0.825,5840.0,0.8251,63648.0
1753503380322,04:16:20.322,ADA/USDT:USDT,0.8249,5833.0,0.8248,94677.0,0.825,5840.0,0.8251,64859.0
1753503380422,04:16:20.422,ADA/USDT:USDT,0.8249,5833.0,0.8248,94677.0,0.825,5841.0,0.8251,66907.0
1753503380522,04:16:20.522,ADA/USDT:USDT,0.8249,5833.0,0.8248,95112.0,0.825,5841.0,0.8251,63989.0
1753503380622,04:16:20.622,ADA/USDT:USDT,0.8249,5833.0,0.8248,98592.0,0.825,3357.0,0.8251,63389.0
1753503380722,04:16:20.722,ADA/USDT:USDT,0.8249,5833.0,0.8248,98752.0,0.825,6602.0,0.8251,66742.0
1753503380822,04:16:20.822,ADA/USDT:USDT,0.8249,5833.0,0.8248,98752.0,0.825,6602.0,0.8251,63824.0
1753503380922,04:16:20.922,ADA/USDT:USDT,0.8249,5833.0,0.8248,98752.0,0.825,6895.0,0.8251,63513.0
1753503381022,04:16:21.022,ADA/USDT:USDT,0.8249,5833.0,0.8248,98752.0,0.825,6895.0,0.8251,63948.0
1753503381122,04:16:21.122,ADA/USDT:USDT,0.8249,5833.0,0.8248,95122.0,0.825,13330.0,0.8251,79114.0
1753503381222,04:16:21.222,ADA/USDT:USDT,0.8249,5833.0,0.8248,95122.0,0.825,13330.0,0.8251,76631.0
1753503381322,04:16:21.322,ADA/USDT:USDT,0.8249,5833.0,0.8248,95122.0,0.825,7330.0,0.8251,76631.0
1753503381422,04:16:21.422,ADA/USDT:USDT,0.8249,5833.0,0.8248,95122.0,0.825,7173.0,0.8251,76631.0
1753503381522,04:16:21.522,ADA/USDT:USDT,0.8249,9478.0,0.8248,95992.0,0.825,1372.0,0.8251,71870.0
1753503381622,04:16:21.622,ADA/USDT:USDT,0.8249,5954.0,0.8248,95122.0,0.825,1654.0,0.8251,72740.0
1753503381722,04:16:21.722,ADA/USDT:USDT,0.8249,5954.0,0.8248,95122.0,0.825,3054.0,0.8251,73770.0
1753503381823,04:16:21.823,ADA/USDT:USDT,0.8249,5954.0,0.8248,95122.0,0.825,6577.0,0.8251,73770.0
1753503381922,04:16:21.922,ADA/USDT:USDT,0.8249,5954.0,0.8248,95122.0,0.825,6142.0,0.8251,74370.0
1753503382022,04:16:22.022,ADA/USDT:USDT,0.8249,5954.0,0.8248,95122.0,0.825,5860.0,0.8251,74370.0
1753503382123,04:16:22.123,ADA/USDT:USDT,0.8249,5954.0,0.8248,95122.0,0.825,12295.0,0.8251,76970.0
1753503382223,04:16:22.223,ADA/USDT:USDT,0.8249,6081.0,0.8248,95122.0,0.825,5860.0,0.8251,76970.0
1753503382322,04:16:22.322,ADA/USDT:USDT,0.8249,6081.0,0.8248,95122.0,0.825,3860.0,0.8251,76970.0
1753503382423,04:16:22.423,ADA/USDT:USDT,0.8249,2104.0,0.8248,95122.0,0.825,7780.0,0.8251,79478.0
1753503382522,04:16:22.522,ADA/USDT:USDT,0.8249,2104.0,0.8248,40673.0,0.825,7780.0,0.8251,79478.0
1753503382622,04:16:22.622,ADA/USDT:USDT,0.8249,2104.0,0.8248,47194.0,0.825,7797.0,0.8251,79478.0
1753503382723,04:16:22.723,ADA/USDT:USDT,0.8249,2849.0,0.8248,71762.0,0.825,7797.0,0.8251,76995.0
1753503382822,04:16:22.822,ADA/USDT:USDT,0.8249,2849.0,0.8248,88126.0,0.825,7797.0,0.8251,76970.0
1753503382922,04:16:22.922,ADA/USDT:USDT,0.8249,7491.0,0.8248,88126.0,0.825,7362.0,0.8251,79453.0
1753503383023,04:16:23.023,ADA/USDT:USDT,0.8249,6099.0,0.8248,53746.0,0.825,12591.0,0.8251,65767.0
1753503383122,04:16:23.122,ADA/USDT:USDT,0.8249,3309.0,0.8248,75038.0,0.825,13026.0,0.8251,78863.0
1753503383223,04:16:23.223,ADA/USDT:USDT,0.8249,3309.0,0.8248,75038.0,0.825,12591.0,0.8251,76380.0
1753503383322,04:16:23.322,ADA/USDT:USDT,0.8249,3309.0,0.8248,88134.0,0.825,12607.0,0.8251,76380.0
1753503383422,04:16:23.422,ADA/USDT:USDT,0.8249,3309.0,0.8248,88134.0,0.825,12607.0,0.8251,76380.0
1753503383522,04:16:23.522,ADA/USDT:USDT,0.8249,3309.0,0.8248,88134.0,0.825,13023.0,0.8251,76380.0
1753503383623,04:16:23.623,ADA/USDT:USDT,0.8249,3309.0,0.8248,88134.0,0.825,13023.0,0.8251,78863.0
1753503383822,04:16:23.822,ADA/USDT:USDT,0.8249,3318.0,0.8248,88134.0,0.825,12588.0,0.8251,78863.0
1753503383922,04:16:23.922,ADA/USDT:USDT,0.8249,3901.0,0.8248,88569.0,0.825,12588.0,0.8251,76380.0
1753503384022,04:16:24.022,ADA/USDT:USDT,0.8249,3318.0,0.8248,88569.0,0.825,12588.0,0.8251,76380.0
1753503384122,04:16:24.122,ADA/USDT:USDT,0.8249,3318.0,0.8248,88569.0,0.825,12588.0,0.8251,76380.0
1753503384222,04:16:24.222,ADA/USDT:USDT,0.8249,4087.0,0.8248,91169.0,0.825,10612.0,0.8251,76380.0
1753503384323,04:16:24.323,ADA/USDT:USDT,0.8249,4087.0,0.8248,90734.0,0.825,10612.0,0.8251,76380.0
1753503384423,04:16:24.423,ADA/USDT:USDT,0.8249,3318.0,0.8248,90734.0,0.825,10612.0,0.8251,76380.0
1753503384523,04:16:24.523,ADA/USDT:USDT,0.8249,3318.0,0.8248,90734.0,0.825,11043.0,0.8251,76380.0
1753503384622,04:16:24.622,ADA/USDT:USDT,0.8249,1105.0,0.8248,88134.0,0.825,11043.0,0.8251,72318.0
1753503384722,04:16:24.722,ADA/USDT:USDT,0.8249,1105.0,0.8248,88134.0,0.825,11043.0,0.8251,72318.0
1753503384823,04:16:24.823,ADA/USDT:USDT,0.8248,154.0,0.8247,29787.0,0.8249,29353.0,0.825,68916.0
1753503384922,04:16:24.922,ADA/USDT:USDT,0.8248,222.0,0.8247,37376.0,0.8249,29353.0,0.825,92607.0
1753503385022,04:16:25.022,ADA/USDT:USDT,0.8248,222.0,0.8247,37376.0,0.8249,28673.0,0.825,93959.0
1753503385122,04:16:25.122,ADA/USDT:USDT,0.8248,222.0,0.8247,37376.0,0.8249,34673.0,0.825,93959.0
1753503385222,04:16:25.222,ADA/USDT:USDT,0.8248,2926.0,0.8247,34893.0,0.8249,28673.0,0.825,93959.0
1753503385323,04:16:25.323,ADA/USDT:USDT,0.8248,5536.0,0.8247,37376.0,0.8249,28380.0,0.825,100486.0
