timestamp,time,symbol,bid1_price,bid1_volume,bid2_price,bid2_volume,ask1_price,ask1_volume,ask2_price,ask2_volume
1753504005590,04:26:45.590,ACH/USDT:USDT,0.02231,2048.0,0.02228,1568.0,0.02233,2.0,0.02234,4192.0
1753504006290,04:26:46.290,ACH/USDT:USDT,0.02231,2045.0,0.02228,17179.0,0.02233,2.0,0.02234,4192.0
1753504006593,04:26:46.593,ACH/USDT:USDT,0.02231,2045.0,0.0223,11683.0,0.02233,2.0,0.02234,4192.0
1753504007594,04:26:47.594,ACH/USDT:USDT,0.02231,2045.0,0.0223,11683.0,0.02233,2.0,0.02234,4192.0
1753504008302,04:26:48.302,ACH/USDT:USDT,0.02231,2046.0,0.0223,82695.0,0.02233,4194.0,0.02235,12481.0
1753504008595,04:26:48.595,ACH/USDT:USDT,0.02231,2046.0,0.0223,82695.0,0.02233,4194.0,0.02235,12481.0
1753504009292,04:26:49.292,ACH/USDT:USDT,0.02231,2046.0,0.0223,11683.0,0.02233,4194.0,0.02235,12481.0
1753504010098,04:26:50.098,ACH/USDT:USDT,0.02231,2046.0,0.02229,72164.0,0.02233,4194.0,0.02235,12481.0
1753504010598,04:26:50.598,ACH/USDT:USDT,0.02231,2050.0,0.02228,174135.0,0.02233,2.0,0.02234,4196.0
1753504011296,04:26:51.296,ACH/USDT:USDT,0.02231,2346.0,0.0223,145978.0,0.02233,3898.0,0.02234,3.0
1753504012101,04:26:52.101,ACH/USDT:USDT,0.02231,2343.0,0.0223,145978.0,0.02233,3898.0,0.02234,3.0
1753504012604,04:26:52.604,ACH/USDT:USDT,0.02231,3167.0,0.02228,6523.0,0.02233,2907.0,0.02237,55467.0
1753504013297,04:26:53.297,ACH/USDT:USDT,0.02231,3167.0,0.02229,11596.0,0.02233,2907.0,0.02234,120945.0
1753504014105,04:26:54.105,ACH/USDT:USDT,0.02231,3167.0,0.0223,6565.0,0.02233,2907.0,0.02234,120945.0
1753504014606,04:26:54.606,ACH/USDT:USDT,0.02231,2047.0,0.0223,108597.0,0.02233,3195.0,0.02235,20828.0
1753504015298,04:26:55.298,ACH/USDT:USDT,0.02231,2046.0,0.0223,108572.0,0.02233,3197.0,0.02235,20828.0
1753504016109,04:26:56.109,ACH/USDT:USDT,0.02231,2046.0,0.02228,105835.0,0.02233,3199.0,0.02234,89163.0
1753504016610,04:26:56.610,ACH/USDT:USDT,0.02231,2046.0,0.02228,385.0,0.02233,3199.0,0.02237,70410.0
1753504017300,04:26:57.300,ACH/USDT:USDT,0.02231,3168.0,0.0223,20871.0,0.02233,7.0,0.02234,2896.0
1753504017611,04:26:57.611,ACH/USDT:USDT,0.02231,3168.0,0.0223,20871.0,0.02233,7.0,0.02234,2896.0
1753504018614,04:26:58.614,ACH/USDT:USDT,0.02231,3170.0,0.02228,385.0,0.02233,7.0,0.02234,152.0
1753504019301,04:26:59.301,ACH/USDT:USDT,0.02231,3522.0,0.02228,385.0,0.02233,183.0,0.02236,125414.0
1753504020303,04:27:00.303,ACH/USDT:USDT,0.02231,3520.0,0.02228,385.0,0.02233,181.0,0.02236,125414.0
1753504020620,04:27:00.620,ACH/USDT:USDT,0.02231,5120.0,0.02228,385.0,0.02233,181.0,0.02236,115607.0
1753504021623,04:27:01.623,ACH/USDT:USDT,0.02231,5120.0,0.0223,6693.0,0.02233,183.0,0.02236,73934.0
1753504022302,04:27:02.302,ACH/USDT:USDT,0.02231,5120.0,0.0223,146071.0,0.02233,183.0,0.02235,63488.0
1753504022622,04:27:02.622,ACH/USDT:USDT,0.02231,5122.0,0.0223,146071.0,0.02233,183.0,0.02235,63488.0
1753504023624,04:27:03.624,ACH/USDT:USDT,0.02231,5122.0,0.0223,6693.0,0.02233,2.0,0.02234,179.0
1753504024303,04:27:04.303,ACH/USDT:USDT,0.02231,7418.0,0.0223,6693.0,0.02233,178.0,0.02234,102185.0
1753504024632,04:27:04.632,ACH/USDT:USDT,0.02231,7414.0,0.0223,6693.0,0.02233,178.0,0.02234,102185.0
1753504025629,04:27:05.629,ACH/USDT:USDT,0.02231,7417.0,0.0223,150521.0,0.02233,179.0,0.02237,147026.0
1753504026305,04:27:06.305,ACH/USDT:USDT,0.02231,7417.0,0.0223,66877.0,0.02233,6.0,0.02234,176.0
1753504026634,04:27:06.634,ACH/USDT:USDT,0.02231,7417.0,0.0223,66877.0,0.02233,2.0,0.02234,177.0
1753504027631,04:27:07.631,ACH/USDT:USDT,0.02231,7417.0,0.0223,39234.0,0.02233,2.0,0.02234,178.0
1753504028308,04:27:08.308,ACH/USDT:USDT,0.02231,7417.0,0.02228,385.0,0.02233,178.0,0.02234,2.0
1753504028633,04:27:08.633,ACH/USDT:USDT,0.02231,7416.0,0.02228,385.0,0.02233,178.0,0.02234,2.0
1753504029309,04:27:09.309,ACH/USDT:USDT,0.02231,7416.0,0.02228,385.0,0.02233,178.0,0.02234,2.0
1753504030136,04:27:10.136,ACH/USDT:USDT,0.02231,7416.0,0.02229,2223.0,0.02233,178.0,0.02234,2.0
1753504030635,04:27:10.635,ACH/USDT:USDT,0.02231,7418.0,0.02228,6758.0,0.02233,4.0,0.02234,176.0
1753504031312,04:27:11.312,ACH/USDT:USDT,0.02231,7418.0,0.02229,14424.0,0.02233,2.0,0.02234,413.0
1753504031637,04:27:11.637,ACH/USDT:USDT,0.02231,7418.0,0.02229,14424.0,0.02233,2.0,0.02234,413.0
1753504032640,04:27:12.640,ACH/USDT:USDT,0.02231,7414.0,0.02229,5734.0,0.02233,410.0,0.02234,5.0
1753504033312,04:27:13.312,ACH/USDT:USDT,0.02231,7414.0,0.02228,7540.0,0.02233,413.0,0.02237,64226.0
1753504033640,04:27:13.640,ACH/USDT:USDT,0.02231,7415.0,0.02228,7540.0,0.02233,413.0,0.02237,64226.0
1753504034311,04:27:14.311,ACH/USDT:USDT,0.02231,7415.0,0.0223,144960.0,0.02233,413.0,0.02235,114234.0
1753504035142,04:27:15.142,ACH/USDT:USDT,0.02231,7417.0,0.0223,144960.0,0.02233,412.0,0.02235,114234.0
1753504035642,04:27:15.642,ACH/USDT:USDT,0.02231,3728.0,0.02228,97538.0,0.02233,2340.0,0.02236,75373.0
1753504036313,04:27:16.313,ACH/USDT:USDT,0.02231,3647.0,0.02229,130825.0,0.02233,2260.0,0.02234,99019.0
1753504036644,04:27:16.644,ACH/USDT:USDT,0.02231,3647.0,0.02229,130825.0,0.02233,2259.0,0.02234,99019.0
1753504037647,04:27:17.647,ACH/USDT:USDT,0.02231,3650.0,0.02228,385.0,0.02233,2339.0,0.02234,30554.0
1753504038315,04:27:18.315,ACH/USDT:USDT,0.02231,3729.0,0.02228,385.0,0.02233,2339.0,0.02238,63461.0
1753504038648,04:27:18.648,ACH/USDT:USDT,0.02231,3729.0,0.02228,385.0,0.02233,2339.0,0.02238,63461.0
1753504039315,04:27:19.315,ACH/USDT:USDT,0.02231,4496.0,0.02228,385.0,0.02233,1547.0,0.02234,84901.0
1753504040150,04:27:20.150,ACH/USDT:USDT,0.02231,4494.0,0.02228,385.0,0.02233,1547.0,0.02234,84901.0
1753504040650,04:27:20.650,ACH/USDT:USDT,0.02231,3645.0,0.02229,16621.0,0.02233,3260.0,0.02235,27922.0
1753504041317,04:27:21.317,ACH/USDT:USDT,0.02231,3726.0,0.02229,134940.0,0.02233,4.0,0.02234,3256.0
1753504041651,04:27:21.651,ACH/USDT:USDT,0.02231,3726.0,0.02229,134940.0,0.02233,4.0,0.02234,3256.0
1753504042318,04:27:22.318,ACH/USDT:USDT,0.02231,3726.0,0.02229,16621.0,0.02233,1.0,0.02234,3257.0
1753504042653,04:27:22.653,ACH/USDT:USDT,0.02231,3726.0,0.02229,16621.0,0.02233,1.0,0.02234,3260.0
1753504043656,04:27:23.656,ACH/USDT:USDT,0.02231,3646.0,0.02229,16621.0,0.02233,3257.0,0.02234,4.0
1753504044157,04:27:24.157,ACH/USDT:USDT,0.02231,3646.0,0.02229,16621.0,0.02233,3259.0,0.02236,16556.0
1753504044658,04:27:24.658,ACH/USDT:USDT,0.02231,3646.0,0.02229,17912.0,0.02233,3.0,0.02234,3256.0
1753504045320,04:27:25.320,ACH/USDT:USDT,0.02231,3646.0,0.02229,16621.0,0.02233,1.0,0.02234,3260.0
1753504045660,04:27:25.660,ACH/USDT:USDT,0.02231,3646.0,0.02229,16621.0,0.02233,3262.0,0.02236,59043.0
1753504047322,04:27:27.322,ACH/USDT:USDT,0.02231,3725.0,0.02229,78991.0,0.02233,3182.0,0.02235,34322.0
1753504048324,04:27:28.324,ACH/USDT:USDT,0.02231,3725.0,0.02229,16621.0,0.02233,3182.0,0.02236,16556.0
1753504049167,04:27:29.167,ACH/USDT:USDT,0.02231,3725.0,0.02229,16621.0,0.02233,3179.0,0.02236,16556.0
1753504049668,04:27:29.668,ACH/USDT:USDT,0.02231,4637.0,0.02229,73180.0,0.02233,2963.0,0.02234,18908.0
1753504050326,04:27:30.326,ACH/USDT:USDT,0.02231,4638.0,0.02229,76672.0,0.02233,2964.0,0.02234,18908.0
1753504050671,04:27:30.671,ACH/USDT:USDT,0.02231,4422.0,0.02229,20113.0,0.02233,3180.0,0.02235,133747.0
1753504051671,04:27:31.671,ACH/USDT:USDT,0.02231,4421.0,0.02229,20113.0,0.02233,3180.0,0.02236,31831.0
1753504052326,04:27:32.326,ACH/USDT:USDT,0.02231,4421.0,0.02229,16621.0,0.02233,3180.0,0.02236,16556.0
1753504052672,04:27:32.672,ACH/USDT:USDT,0.02231,4421.0,0.02229,28374.0,0.02233,3180.0,0.02236,16556.0
1753504053680,04:27:33.680,ACH/USDT:USDT,0.02231,4421.0,0.02229,28374.0,0.02233,3182.0,0.02236,129986.0
1753504054331,04:27:34.331,ACH/USDT:USDT,0.02231,4421.0,0.02229,27588.0,0.02233,3262.0,0.02236,16556.0
1753504054678,04:27:34.678,ACH/USDT:USDT,0.02231,4421.0,0.02229,27588.0,0.02233,3260.0,0.02236,16556.0
1753504055331,04:27:35.331,ACH/USDT:USDT,0.02231,4421.0,0.02229,16621.0,0.02233,3260.0,0.02236,16556.0
1753504056180,04:27:36.180,ACH/USDT:USDT,0.02231,4421.0,0.0223,12080.0,0.02233,4.0,0.02234,3176.0
1753504056681,04:27:36.681,ACH/USDT:USDT,0.02231,4421.0,0.0223,12080.0,0.02233,3180.0,0.02236,16556.0
1753504057333,04:27:37.333,ACH/USDT:USDT,0.02231,4639.0,0.0223,12080.0,0.02233,3180.0,0.02234,99420.0
1753504058685,04:27:38.685,ACH/USDT:USDT,0.02231,4641.0,0.0223,12080.0,0.02233,1.0,0.02234,3178.0
1753504059336,04:27:39.336,ACH/USDT:USDT,0.02231,4641.0,0.0223,12080.0,0.02233,3177.0,0.02234,2.0
1753504059686,04:27:39.686,ACH/USDT:USDT,0.02231,4641.0,0.02229,23695.0,0.02233,3177.0,0.02234,2.0
1753504060341,04:27:40.341,ACH/USDT:USDT,0.02231,4638.0,0.0223,7446.0,0.02233,3180.0,0.02236,78772.0
1753504061191,04:27:41.191,ACH/USDT:USDT,0.02231,4641.0,0.0223,7446.0,0.02233,3179.0,0.02236,116725.0
1753504061690,04:27:41.690,ACH/USDT:USDT,0.02231,4689.0,0.0223,7446.0,0.02233,3155.0,0.02236,16556.0
1753504062340,04:27:42.340,ACH/USDT:USDT,0.02231,4689.0,0.0223,160804.0,0.02233,3155.0,0.02236,16556.0
1753504063693,04:27:43.693,ACH/USDT:USDT,0.02231,4473.0,0.0223,6310.0,0.02233,3158.0,0.02236,31601.0
1753504064341,04:27:44.341,ACH/USDT:USDT,0.02231,4471.0,0.0223,6310.0,0.02233,3158.0,0.02236,16556.0
1753504064696,04:27:44.696,ACH/USDT:USDT,0.02231,4471.0,0.02229,16621.0,0.02233,3158.0,0.02236,16556.0
1753504065342,04:27:45.342,ACH/USDT:USDT,0.02231,4469.0,0.0223,2705.0,0.02233,3157.0,0.02236,16556.0
1753504065697,04:27:45.697,ACH/USDT:USDT,0.02231,4469.0,0.0223,2705.0,0.02233,3237.0,0.02235,44945.0
1753504066697,04:27:46.697,ACH/USDT:USDT,0.02231,5384.0,0.0223,2705.0,0.02233,604.0,0.02235,9633.0
1753504067345,04:27:47.345,ACH/USDT:USDT,0.02231,5600.0,0.02229,16621.0,0.02233,4.0,0.02234,384.0
1753504067701,04:27:47.701,ACH/USDT:USDT,0.02231,5600.0,0.02229,16621.0,0.02233,1.0,0.02234,388.0
1753504068701,04:27:48.701,ACH/USDT:USDT,0.02231,5384.0,0.0223,5244.0,0.02233,601.0,0.02234,4.0
1753504069701,04:27:49.701,ACH/USDT:USDT,0.02231,5304.0,0.0223,5244.0,0.02233,1.0,0.02234,1593.0
1753504070704,04:27:50.704,ACH/USDT:USDT,0.02231,5301.0,0.02229,10372.0,0.02233,1592.0,0.02234,12736.0
1753504071348,04:27:51.348,ACH/USDT:USDT,0.02231,5597.0,0.0223,112931.0,0.02233,384.0,0.02234,4.0
1753504071707,04:27:51.707,ACH/USDT:USDT,0.02231,5600.0,0.0223,112931.0,0.02233,384.0,0.02234,4.0
1753504072708,04:27:52.708,ACH/USDT:USDT,0.02231,5597.0,0.02229,10372.0,0.02233,384.0,0.02234,4.0
1753504073352,04:27:53.352,ACH/USDT:USDT,0.02231,5381.0,0.02229,10372.0,0.02233,680.0,0.02234,4.0
1753504073712,04:27:53.712,ACH/USDT:USDT,0.02231,5380.0,0.02229,10372.0,0.02233,680.0,0.02234,4.0
1753504074712,04:27:54.712,ACH/USDT:USDT,0.02231,4388.0,0.0223,54026.0,0.02233,3256.0,0.02234,4.0
1753504075353,04:27:55.353,ACH/USDT:USDT,0.02231,4388.0,0.0223,65258.0,0.02233,3260.0,0.02234,1.0
1753504076215,04:27:56.215,ACH/USDT:USDT,0.02231,4388.0,0.0223,1951.0,0.02233,3244.0,0.02234,1.0
1753504076715,04:27:56.715,ACH/USDT:USDT,0.02231,4388.0,0.0223,64385.0,0.02233,3244.0,0.02234,1.0
1753504077354,04:27:57.354,ACH/USDT:USDT,0.02231,4388.0,0.0223,1951.0,0.02233,3241.0,0.02234,20761.0
1753504078358,04:27:58.358,ACH/USDT:USDT,0.02231,3308.0,0.0223,1951.0,0.02233,4355.0,0.02234,1.0
1753504078719,04:27:58.719,ACH/USDT:USDT,0.02231,3312.0,0.0223,1951.0,0.02233,4355.0,0.02234,1.0
1753504079721,04:27:59.721,ACH/USDT:USDT,0.02231,2552.0,0.0223,8069.0,0.02233,4356.0,0.02234,1.0
1753504080359,04:28:00.359,ACH/USDT:USDT,0.02231,2548.0,0.02229,10372.0,0.02233,4356.0,0.02234,1.0
1753504080725,04:28:00.725,ACH/USDT:USDT,0.02231,2549.0,0.02229,10372.0,0.02233,4356.0,0.02234,9835.0
1753504081723,04:28:01.723,ACH/USDT:USDT,0.02231,2550.0,0.02229,10372.0,0.02233,4354.0,0.02234,1.0
1753504082361,04:28:02.361,ACH/USDT:USDT,0.02231,2550.0,0.02229,10372.0,0.02233,3.0,0.02234,4353.0
1753504082725,04:28:02.725,ACH/USDT:USDT,0.02231,2550.0,0.02229,10372.0,0.02233,3.0,0.02234,4353.0
1753504083361,04:28:03.361,ACH/USDT:USDT,0.02231,2550.0,0.02229,10372.0,0.02233,4360.0,0.02234,6.0
1753504084229,04:28:04.229,ACH/USDT:USDT,0.02231,2550.0,0.0223,7051.0,0.02233,4361.0,0.02234,1.0
1753504084731,04:28:04.731,ACH/USDT:USDT,0.02231,2550.0,0.02229,107028.0,0.02233,4361.0,0.02234,1.0
1753504085363,04:28:05.363,ACH/USDT:USDT,0.02231,2552.0,0.02229,110073.0,0.02233,4361.0,0.02234,1.0
1753504086735,04:28:06.735,ACH/USDT:USDT,0.02231,2558.0,0.0223,2926.0,0.02233,4361.0,0.02234,1.0
1753504087365,04:28:07.365,ACH/USDT:USDT,0.02231,2558.0,0.02229,10372.0,0.02233,4361.0,0.02234,1.0
1753504087736,04:28:07.736,ACH/USDT:USDT,0.02231,2560.0,0.02229,10372.0,0.02233,4361.0,0.02234,1.0
1753504088738,04:28:08.738,ACH/USDT:USDT,0.02231,2557.0,0.02229,70028.0,0.02233,4361.0,0.02234,139232.0
1753504089366,04:28:09.366,ACH/USDT:USDT,0.02231,3604.0,0.0223,120936.0,0.02233,4361.0,0.02234,1.0
1753504089740,04:28:09.740,ACH/USDT:USDT,0.02231,3607.0,0.0223,120936.0,0.02233,4361.0,0.02234,1.0
1753504090369,04:28:10.369,ACH/USDT:USDT,0.02231,3607.0,0.0223,120936.0,0.02233,4362.0,0.02234,1.0
1753504090742,04:28:10.742,ACH/USDT:USDT,0.02231,3607.0,0.0223,7155.0,0.02233,4364.0,0.02234,1.0
1753504091743,04:28:11.743,ACH/USDT:USDT,0.02231,4455.0,0.02229,14237.0,0.02233,4364.0,0.02234,126089.0
1753504092369,04:28:12.369,ACH/USDT:USDT,0.02231,4454.0,0.02229,14237.0,0.02233,4364.0,0.02234,1.0
1753504092744,04:28:12.744,ACH/USDT:USDT,0.02231,4454.0,0.02229,10372.0,0.02233,4364.0,0.02234,1.0
1753504093377,04:28:13.377,ACH/USDT:USDT,0.02231,4454.0,0.02229,10372.0,0.02233,4363.0,0.02234,31939.0
1753504093747,04:28:13.747,ACH/USDT:USDT,0.02231,4452.0,0.02229,10372.0,0.02233,4363.0,0.02234,31939.0
1753504094755,04:28:14.755,ACH/USDT:USDT,0.02231,4452.0,0.02229,10372.0,0.02233,4364.0,0.02234,51084.0
1753504095370,04:28:15.370,ACH/USDT:USDT,0.02231,4454.0,0.0223,7098.0,0.02233,4361.0,0.02234,51084.0
1753504095749,04:28:15.749,ACH/USDT:USDT,0.02231,4454.0,0.0223,7098.0,0.02233,4361.0,0.02234,1.0
1753504096753,04:28:16.753,ACH/USDT:USDT,0.02231,4455.0,0.0223,7098.0,0.02233,4361.0,0.02234,1.0
1753504097372,04:28:17.372,ACH/USDT:USDT,0.02231,3607.0,0.0223,7098.0,0.02233,4361.0,0.02234,1.0
1753504097752,04:28:17.752,ACH/USDT:USDT,0.02231,3606.0,0.0223,7098.0,0.02233,4361.0,0.02234,1.0
1753504098753,04:28:18.753,ACH/USDT:USDT,0.02231,3606.0,0.0223,140472.0,0.02233,4364.0,0.02234,1.0
1753504099373,04:28:19.373,ACH/USDT:USDT,0.02231,3607.0,0.0223,7098.0,0.02233,4364.0,0.02234,55945.0
1753504099755,04:28:19.755,ACH/USDT:USDT,0.02231,3607.0,0.0223,7098.0,0.02233,4364.0,0.02234,55945.0
1753504100391,04:28:20.391,ACH/USDT:USDT,0.02231,3605.0,0.0223,7098.0,0.02233,4365.0,0.02234,55944.0
1753504101257,04:28:21.257,ACH/USDT:USDT,0.02231,3605.0,0.02227,13791.0,0.02233,4363.0,0.02234,120680.0
1753504101758,04:28:21.758,ACH/USDT:USDT,0.02231,3606.0,0.02227,13791.0,0.02233,3.0,0.02234,4368.0
1753504102377,04:28:22.377,ACH/USDT:USDT,0.02231,4756.0,0.02228,177773.0,0.02233,2443.0,0.02235,11890.0
1753504103762,04:28:23.762,ACH/USDT:USDT,0.02231,4756.0,0.02228,84888.0,0.02233,2443.0,0.02236,2814.0
1753504104378,04:28:24.378,ACH/USDT:USDT,0.02231,4756.0,0.02229,99158.0,0.02233,5.0,0.02234,2520.0
1753504104763,04:28:24.763,ACH/USDT:USDT,0.02231,4756.0,0.02229,99158.0,0.02233,5.0,0.02234,2520.0
1753504105764,04:28:25.764,ACH/USDT:USDT,0.02231,4541.0,0.02227,13791.0,0.02233,2737.0,0.02234,2.0
1753504106379,04:28:26.379,ACH/USDT:USDT,0.02231,4757.0,0.02227,13791.0,0.02233,1361.0,0.02234,2.0
1753504107381,04:28:27.381,ACH/USDT:USDT,0.02231,4757.0,0.02229,103966.0,0.02233,1.0,0.02234,1362.0
1753504108269,04:28:28.269,ACH/USDT:USDT,0.02231,4757.0,0.02229,103966.0,0.02233,1.0,0.02234,1365.0
1753504108773,04:28:28.773,ACH/USDT:USDT,0.02231,4757.0,0.02228,187194.0,0.02233,1578.0,0.02237,71347.0
1753504109383,04:28:29.383,ACH/USDT:USDT,0.02231,3612.0,0.02227,115665.0,0.02233,4322.0,0.02236,57946.0
1753504109771,04:28:29.771,ACH/USDT:USDT,0.02231,3612.0,0.02227,115665.0,0.02233,4323.0,0.02236,57946.0
1753504110387,04:28:30.387,ACH/USDT:USDT,0.02231,3614.0,0.02229,10070.0,0.02233,4322.0,0.02236,57946.0
1753504111386,04:28:31.386,ACH/USDT:USDT,0.02231,4470.0,0.0223,12657.0,0.02233,2689.0,0.02234,4.0
1753504111775,04:28:31.775,ACH/USDT:USDT,0.02231,4470.0,0.0223,12657.0,0.02233,2689.0,0.02234,4.0
1753504112387,04:28:32.387,ACH/USDT:USDT,0.02231,4470.0,0.02228,202439.0,0.02233,2694.0,0.02236,108982.0
1753504112778,04:28:32.778,ACH/USDT:USDT,0.02231,4468.0,0.02228,202439.0,0.02233,2694.0,0.02236,108982.0
1753504113780,04:28:33.780,ACH/USDT:USDT,0.02231,3612.0,0.02229,22381.0,0.02233,4326.0,0.02237,18354.0
1753504114389,04:28:34.389,ACH/USDT:USDT,0.02231,4450.0,0.02229,141474.0,0.02233,4326.0,0.02235,105818.0
1753504114781,04:28:34.781,ACH/USDT:USDT,0.02231,4452.0,0.02229,141474.0,0.02233,4326.0,0.02235,105818.0
1753504115784,04:28:35.784,ACH/USDT:USDT,0.02231,4782.0,0.0223,133505.0,0.02233,1331.0,0.02238,71590.0
1753504116389,04:28:36.389,ACH/USDT:USDT,0.02231,4565.0,0.02229,86687.0,0.02233,1627.0,0.02238,97234.0
1753504116783,04:28:36.783,ACH/USDT:USDT,0.02231,4562.0,0.02229,86687.0,0.02233,1627.0,0.02238,97234.0
1753504117787,04:28:37.787,ACH/USDT:USDT,0.02231,4781.0,0.0223,93828.0,0.02233,1123.0,0.02237,94296.0
1753504118287,04:28:38.287,ACH/USDT:USDT,0.02231,4781.0,0.0223,93828.0,0.02233,1123.0,0.02237,94296.0
1753504118788,04:28:38.788,ACH/USDT:USDT,0.02231,4485.0,0.0223,120497.0,0.02233,1.0,0.02234,1421.0
1753504119391,04:28:39.391,ACH/USDT:USDT,0.02231,4485.0,0.0223,140744.0,0.02233,1417.0,0.02234,34396.0
1753504120396,04:28:40.396,ACH/USDT:USDT,0.02231,4483.0,0.0223,140744.0,0.02233,1420.0,0.02234,34395.0
1753504120792,04:28:40.792,ACH/USDT:USDT,0.02231,4781.0,0.02227,42447.0,0.02233,164.0,0.02238,98304.0
1753504121392,04:28:41.392,ACH/USDT:USDT,0.02231,4781.0,0.02229,88123.0,0.02233,166.0,0.02235,64987.0
1753504122394,04:28:42.394,ACH/USDT:USDT,0.02231,4780.0,0.02229,45606.0,0.02233,166.0,0.02234,38254.0
1753504122796,04:28:42.796,ACH/USDT:USDT,0.02231,4782.0,0.02229,45606.0,0.02233,166.0,0.02234,38254.0
1753504123396,04:28:43.396,ACH/USDT:USDT,0.02231,4782.0,0.02229,91789.0,0.02233,164.0,0.02235,65099.0
1753504123799,04:28:43.799,ACH/USDT:USDT,0.02231,4779.0,0.02229,91789.0,0.02233,164.0,0.02235,65099.0
1753504124800,04:28:44.800,ACH/USDT:USDT,0.02231,4781.0,0.02228,11655.0,0.02233,380.0,0.02237,6625.0
1753504125398,04:28:45.398,ACH/USDT:USDT,0.02231,4781.0,0.02228,5825.0,0.02233,379.0,0.02237,6625.0
1753504125802,04:28:45.802,ACH/USDT:USDT,0.02231,4781.0,0.02229,86508.0,0.02233,3.0,0.02234,376.0
1753504126804,04:28:46.804,ACH/USDT:USDT,0.02231,4779.0,0.0223,74756.0,0.02233,380.0,0.02237,115337.0
1753504127399,04:28:47.399,ACH/USDT:USDT,0.02231,4778.0,0.0223,16926.0,0.02233,164.0,0.02234,114700.0
1753504127807,04:28:47.807,ACH/USDT:USDT,0.02231,4778.0,0.0223,16926.0,0.02233,165.0,0.02234,114700.0
1753504128401,04:28:48.401,ACH/USDT:USDT,0.02231,4778.0,0.02228,5825.0,0.02233,165.0,0.02237,16234.0
1753504129810,04:28:49.810,ACH/USDT:USDT,0.02231,4780.0,0.02228,37580.0,0.02233,357.0,0.02237,161498.0
1753504130416,04:28:50.416,ACH/USDT:USDT,0.02231,4783.0,0.02228,37580.0,0.02233,358.0,0.02237,161498.0
1753504130812,04:28:50.812,ACH/USDT:USDT,0.02231,4783.0,0.02226,64088.0,0.02233,159.0,0.02234,142506.0
1753504131816,04:28:51.816,ACH/USDT:USDT,0.02231,4783.0,0.0223,29505.0,0.02233,159.0,0.02236,21144.0
1753504132403,04:28:52.403,ACH/USDT:USDT,0.02231,4783.0,0.02228,77712.0,0.02233,4.0,0.02234,152.0
1753504132816,04:28:52.816,ACH/USDT:USDT,0.02231,4783.0,0.02228,77712.0,0.02233,4.0,0.02234,152.0
1753504133403,04:28:53.403,ACH/USDT:USDT,0.02231,4784.0,0.0223,89290.0,0.02233,156.0,0.02238,5984.0
1753504134404,04:28:54.404,ACH/USDT:USDT,0.02231,4784.0,0.02227,47019.0,0.02233,159.0,0.02236,80826.0
1753504134819,04:28:54.819,ACH/USDT:USDT,0.02231,4781.0,0.02227,47019.0,0.02233,159.0,0.02236,80826.0
1753504135407,04:28:55.407,ACH/USDT:USDT,0.02231,4785.0,0.02228,3118.0,0.02233,158.0,0.02236,80826.0
1753504136408,04:28:56.408,ACH/USDT:USDT,0.02231,4781.0,0.0223,147325.0,0.02233,158.0,0.02235,47525.0
1753504136824,04:28:56.824,ACH/USDT:USDT,0.02231,4783.0,0.0223,147325.0,0.02233,158.0,0.02235,47525.0
1753504137823,04:28:57.823,ACH/USDT:USDT,0.02231,4783.0,0.02229,7220.0,0.02233,158.0,0.02234,4277.0
1753504138326,04:28:58.326,ACH/USDT:USDT,0.02231,4783.0,0.02229,7220.0,0.02233,156.0,0.02234,4277.0
1753504138827,04:28:58.827,ACH/USDT:USDT,0.02231,4783.0,0.02229,88719.0,0.02233,155.0,0.02236,61286.0
1753504139409,04:28:59.409,ACH/USDT:USDT,0.02231,4775.0,0.02229,7220.0,0.02233,3.0,0.02234,152.0
1753504139830,04:28:59.830,ACH/USDT:USDT,0.02231,4775.0,0.02229,7220.0,0.02233,2.0,0.02234,156.0
1753504140831,04:29:00.831,ACH/USDT:USDT,0.02231,5126.0,0.0223,76424.0,0.02233,154.0,0.02234,1.0
1753504141414,04:29:01.414,ACH/USDT:USDT,0.02231,5157.0,0.0223,29319.0,0.02233,154.0,0.02234,147804.0
1753504142834,04:29:02.834,ACH/USDT:USDT,0.02231,5161.0,0.02229,89816.0,0.02233,159.0,0.02234,63461.0
1753504143413,04:29:03.413,ACH/USDT:USDT,0.02231,5161.0,0.0223,145391.0,0.02233,155.0,0.02235,72144.0
1753504143838,04:29:03.838,ACH/USDT:USDT,0.02231,5161.0,0.0223,145391.0,0.02233,158.0,0.02235,72144.0
