timestamp,time,symbol,bid1_price,bid1_volume,bid2_price,bid2_volume,ask1_price,ask1_volume,ask2_price,ask2_volume
1753503305745,04:15:05.745,ADA/USDT:USDT,0.8257,58764.0,0.8256,68383.0,0.8259,74881.0,0.826,98853.0
1753503305895,04:15:05.895,ADA/USDT:USDT,0.8257,50808.0,0.8256,68383.0,0.8258,18978.0,0.8259,71048.0
1753503306045,04:15:06.045,ADA/USDT:USDT,0.8257,56908.0,0.8256,110293.0,0.8258,16563.0,0.8259,64954.0
1753503306195,04:15:06.195,ADA/USDT:USDT,0.8257,62790.0,0.8256,110293.0,0.8259,39909.0,0.826,76013.0
1753503306345,04:15:06.345,ADA/USDT:USDT,0.8258,81263.0,0.8257,94158.0,0.8259,3240.0,0.826,72652.0
1753503306496,04:15:06.496,ADA/USDT:USDT,0.8258,81263.0,0.8257,109826.0,0.8259,29817.0,0.826,72652.0
1753503306646,04:15:06.646,ADA/USDT:USDT,0.8258,81263.0,0.8257,109826.0,0.8259,29467.0,0.826,72773.0
1753503306796,04:15:06.796,ADA/USDT:USDT,0.8258,80651.0,0.8257,99763.0,0.8259,27553.0,0.826,72773.0
1753503306946,04:15:06.946,ADA/USDT:USDT,0.8258,80651.0,0.8257,99763.0,0.8259,27553.0,0.826,72773.0
1753503307096,04:15:07.096,ADA/USDT:USDT,0.8258,80651.0,0.8257,99763.0,0.8259,27553.0,0.826,73385.0
1753503307246,04:15:07.246,ADA/USDT:USDT,0.8258,80651.0,0.8257,99763.0,0.8259,27553.0,0.826,73385.0
1753503307396,04:15:07.396,ADA/USDT:USDT,0.8258,80651.0,0.8257,99763.0,0.8259,27553.0,0.826,73385.0
1753503307546,04:15:07.546,ADA/USDT:USDT,0.8258,80651.0,0.8257,99763.0,0.8259,27553.0,0.826,73385.0
1753503307696,04:15:07.696,ADA/USDT:USDT,0.8258,80651.0,0.8257,99763.0,0.8259,27553.0,0.826,73385.0
1753503307846,04:15:07.846,ADA/USDT:USDT,0.8258,80651.0,0.8257,99763.0,0.8259,44466.0,0.826,73385.0
1753503307996,04:15:07.996,ADA/USDT:USDT,0.8258,80651.0,0.8257,99763.0,0.8259,44466.0,0.826,73385.0
1753503308147,04:15:08.147,ADA/USDT:USDT,0.8258,80651.0,0.8257,99763.0,0.8259,44466.0,0.826,73385.0
1753503308297,04:15:08.297,ADA/USDT:USDT,0.8258,80651.0,0.8257,99763.0,0.8259,44466.0,0.826,78430.0
1753503308447,04:15:08.447,ADA/USDT:USDT,0.8258,80651.0,0.8257,122747.0,0.8259,44466.0,0.826,78430.0
1753503308597,04:15:08.597,ADA/USDT:USDT,0.8258,80651.0,0.8257,122747.0,0.8259,44466.0,0.826,78430.0
1753503308747,04:15:08.747,ADA/USDT:USDT,0.8258,80651.0,0.8257,123359.0,0.8259,44466.0,0.826,78430.0
1753503308897,04:15:08.897,ADA/USDT:USDT,0.8258,80651.0,0.8257,123359.0,0.8259,44466.0,0.826,78430.0
1753503309047,04:15:09.047,ADA/USDT:USDT,0.8258,80651.0,0.8257,123359.0,0.8259,44466.0,0.826,78430.0
1753503309197,04:15:09.197,ADA/USDT:USDT,0.8258,80651.0,0.8257,123359.0,0.8259,44466.0,0.826,78430.0
1753503309347,04:15:09.347,ADA/USDT:USDT,0.8258,55151.0,0.8257,123359.0,0.8259,44466.0,0.826,78430.0
1753503309497,04:15:09.497,ADA/USDT:USDT,0.8258,15339.0,0.8257,92201.0,0.8259,60624.0,0.826,78430.0
1753503309647,04:15:09.647,ADA/USDT:USDT,0.8258,15339.0,0.8257,92201.0,0.8259,60624.0,0.826,82396.0
1753503309797,04:15:09.797,ADA/USDT:USDT,0.8258,15689.0,0.8257,92201.0,0.8259,60624.0,0.826,82396.0
1753503309948,04:15:09.948,ADA/USDT:USDT,0.8257,76534.0,0.8256,57399.0,0.8259,60624.0,0.826,82396.0
1753503310098,04:15:10.098,ADA/USDT:USDT,0.8257,60748.0,0.8256,71281.0,0.8258,54616.0,0.8259,65629.0
1753503310248,04:15:10.248,ADA/USDT:USDT,0.8257,74275.0,0.8256,71281.0,0.8258,29116.0,0.8259,65585.0
1753503310398,04:15:10.398,ADA/USDT:USDT,0.8257,57745.0,0.8256,104374.0,0.8258,29116.0,0.8259,74808.0
1753503310548,04:15:10.548,ADA/USDT:USDT,0.8257,70245.0,0.8256,103762.0,0.8258,54616.0,0.8259,74808.0
1753503310698,04:15:10.698,ADA/USDT:USDT,0.8257,70245.0,0.8256,103762.0,0.8258,54616.0,0.8259,74808.0
1753503310848,04:15:10.848,ADA/USDT:USDT,0.8257,70245.0,0.8256,103762.0,0.8258,54616.0,0.8259,74808.0
1753503310998,04:15:10.998,ADA/USDT:USDT,0.8257,70245.0,0.8256,103762.0,0.8258,29116.0,0.8259,74808.0
1753503311148,04:15:11.148,ADA/USDT:USDT,0.8257,70245.0,0.8256,103762.0,0.8258,29116.0,0.8259,74808.0
1753503311298,04:15:11.298,ADA/USDT:USDT,0.8257,70245.0,0.8256,103762.0,0.8258,29116.0,0.8259,74808.0
1753503311448,04:15:11.448,ADA/USDT:USDT,0.8257,83245.0,0.8256,103762.0,0.8258,29116.0,0.8259,74808.0
1753503311598,04:15:11.598,ADA/USDT:USDT,0.8257,83245.0,0.8256,103762.0,0.8258,20909.0,0.8259,74808.0
1753503311749,04:15:11.749,ADA/USDT:USDT,0.8257,83245.0,0.8256,103762.0,0.8258,20909.0,0.8259,74808.0
1753503311899,04:15:11.899,ADA/USDT:USDT,0.8257,83245.0,0.8256,104374.0,0.8258,20909.0,0.8259,64206.0
1753503312049,04:15:12.049,ADA/USDT:USDT,0.8257,83245.0,0.8256,104374.0,0.8258,20909.0,0.8259,74810.0
1753503312199,04:15:12.199,ADA/USDT:USDT,0.8257,83245.0,0.8256,104374.0,0.8258,20909.0,0.8259,74810.0
1753503312349,04:15:12.349,ADA/USDT:USDT,0.8257,83245.0,0.8256,104374.0,0.8258,20909.0,0.8259,74810.0
1753503312499,04:15:12.499,ADA/USDT:USDT,0.8257,83245.0,0.8256,104374.0,0.8258,454.0,0.8259,43607.0
1753503312649,04:15:12.649,ADA/USDT:USDT,0.8257,83245.0,0.8256,104374.0,0.8259,65447.0,0.826,88097.0
1753503312799,04:15:12.799,ADA/USDT:USDT,0.8258,40764.0,0.8257,103288.0,0.8259,65901.0,0.826,85341.0
1753503312949,04:15:12.949,ADA/USDT:USDT,0.8258,42713.0,0.8257,103288.0,0.8259,44720.0,0.826,85953.0
1753503313099,04:15:13.099,ADA/USDT:USDT,0.8258,42713.0,0.8257,118959.0,0.8259,63052.0,0.826,85348.0
1753503313250,04:15:13.250,ADA/USDT:USDT,0.8258,42713.0,0.8257,110563.0,0.8259,63052.0,0.826,85953.0
1753503313400,04:15:13.400,ADA/USDT:USDT,0.8258,25612.0,0.8257,110563.0,0.8259,63052.0,0.826,85953.0
1753503313550,04:15:13.550,ADA/USDT:USDT,0.8258,25612.0,0.8257,110563.0,0.8259,63052.0,0.826,85953.0
1753503313700,04:15:13.700,ADA/USDT:USDT,0.8258,23972.0,0.8257,81000.0,0.8259,63052.0,0.826,85953.0
1753503313850,04:15:13.850,ADA/USDT:USDT,0.8258,28030.0,0.8257,81000.0,0.8259,36733.0,0.826,85953.0
1753503314000,04:15:14.000,ADA/USDT:USDT,0.8258,31478.0,0.8257,81000.0,0.8259,37552.0,0.826,85341.0
1753503314150,04:15:14.150,ADA/USDT:USDT,0.8258,32090.0,0.8257,81612.0,0.8259,37552.0,0.826,85341.0
1753503314300,04:15:14.300,ADA/USDT:USDT,0.8258,48653.0,0.8257,81612.0,0.8259,37552.0,0.826,84736.0
1753503314450,04:15:14.450,ADA/USDT:USDT,0.8258,74153.0,0.8257,81612.0,0.8259,37552.0,0.826,84736.0
1753503314600,04:15:14.600,ADA/USDT:USDT,0.8258,74153.0,0.8257,81612.0,0.8259,37552.0,0.826,84736.0
1753503314750,04:15:14.750,ADA/USDT:USDT,0.8258,74153.0,0.8257,81612.0,0.8259,37552.0,0.826,84736.0
1753503314900,04:15:14.900,ADA/USDT:USDT,0.8258,74153.0,0.8257,81612.0,0.8259,37552.0,0.826,84736.0
1753503315051,04:15:15.051,ADA/USDT:USDT,0.8258,74153.0,0.8257,81612.0,0.8259,37552.0,0.826,84736.0
1753503315201,04:15:15.201,ADA/USDT:USDT,0.8258,73541.0,0.8257,81612.0,0.8259,37552.0,0.826,85348.0
1753503315351,04:15:15.351,ADA/USDT:USDT,0.8258,48041.0,0.8257,81000.0,0.8259,63052.0,0.826,85348.0
1753503315501,04:15:15.501,ADA/USDT:USDT,0.8258,47432.0,0.8257,81000.0,0.8259,63052.0,0.826,85953.0
1753503315651,04:15:15.651,ADA/USDT:USDT,0.8258,47432.0,0.8257,81000.0,0.8259,37552.0,0.826,85953.0
1753503315801,04:15:15.801,ADA/USDT:USDT,0.8258,44820.0,0.8257,81612.0,0.8259,37552.0,0.826,85348.0
1753503315951,04:15:15.951,ADA/USDT:USDT,0.8258,35394.0,0.8257,65329.0,0.8259,39228.0,0.826,88709.0
1753503316101,04:15:16.101,ADA/USDT:USDT,0.8258,35394.0,0.8257,80999.0,0.8259,39228.0,0.826,88709.0
1753503316251,04:15:16.251,ADA/USDT:USDT,0.8258,35394.0,0.8257,80999.0,0.8259,37552.0,0.826,88709.0
1753503316401,04:15:16.401,ADA/USDT:USDT,0.8258,60894.0,0.8257,81611.0,0.8259,37552.0,0.826,88709.0
1753503316551,04:15:16.551,ADA/USDT:USDT,0.8258,60894.0,0.8257,81611.0,0.8259,39015.0,0.826,88709.0
1753503316701,04:15:16.701,ADA/USDT:USDT,0.8258,60894.0,0.8257,81611.0,0.8259,37552.0,0.826,88709.0
1753503316852,04:15:16.852,ADA/USDT:USDT,0.8258,60894.0,0.8257,81611.0,0.8259,38352.0,0.826,88709.0
1753503317002,04:15:17.002,ADA/USDT:USDT,0.8258,60894.0,0.8257,81611.0,0.8259,37183.0,0.826,88709.0
1753503317151,04:15:17.151,ADA/USDT:USDT,0.8259,30485.0,0.8258,77448.0,0.826,3240.0,0.8261,74110.0
1753503317302,04:15:17.302,ADA/USDT:USDT,0.8259,74759.0,0.8258,110276.0,0.826,11071.0,0.8261,87395.0
1753503317452,04:15:17.452,ADA/USDT:USDT,0.8259,75109.0,0.8258,110276.0,0.826,11421.0,0.8261,87395.0
1753503317602,04:15:17.602,ADA/USDT:USDT,0.8259,74497.0,0.8258,101923.0,0.826,14518.0,0.8261,87395.0
1753503317752,04:15:17.752,ADA/USDT:USDT,0.8259,74497.0,0.8258,101923.0,0.826,25860.0,0.8261,88007.0
1753503317902,04:15:17.902,ADA/USDT:USDT,0.8259,74497.0,0.8258,117592.0,0.826,25860.0,0.8261,98609.0
1753503318052,04:15:18.052,ADA/USDT:USDT,0.8259,74497.0,0.8258,113488.0,0.826,16703.0,0.8261,98609.0
1753503318202,04:15:18.202,ADA/USDT:USDT,0.8259,74497.0,0.8258,113488.0,0.826,20953.0,0.8261,98609.0
1753503318353,04:15:18.353,ADA/USDT:USDT,0.8259,74497.0,0.8258,115720.0,0.826,20953.0,0.8261,98609.0
1753503318503,04:15:18.503,ADA/USDT:USDT,0.8259,74497.0,0.8258,115720.0,0.826,20953.0,0.8261,98609.0
1753503318653,04:15:18.653,ADA/USDT:USDT,0.8259,74497.0,0.8258,115720.0,0.826,20953.0,0.8261,98609.0
1753503318803,04:15:18.803,ADA/USDT:USDT,0.8259,74497.0,0.8258,115720.0,0.826,20953.0,0.8261,98609.0
1753503318953,04:15:18.953,ADA/USDT:USDT,0.8259,74497.0,0.8258,115720.0,0.826,20953.0,0.8261,98609.0
1753503319103,04:15:19.103,ADA/USDT:USDT,0.8259,74497.0,0.8258,115720.0,0.826,20953.0,0.8261,98609.0
1753503319253,04:15:19.253,ADA/USDT:USDT,0.8259,74497.0,0.8258,115720.0,0.826,10593.0,0.8261,98609.0
1753503319403,04:15:19.403,ADA/USDT:USDT,0.8259,74497.0,0.8258,115720.0,0.826,10593.0,0.8261,97997.0
1753503319553,04:15:19.553,ADA/USDT:USDT,0.8259,32760.0,0.8258,99439.0,0.826,47016.0,0.8261,101969.0
1753503319703,04:15:19.703,ADA/USDT:USDT,0.8259,34359.0,0.8258,115109.0,0.826,47016.0,0.8261,102574.0
1753503319853,04:15:19.853,ADA/USDT:USDT,0.8259,34359.0,0.8258,115721.0,0.826,37542.0,0.8261,77523.0
1753503320003,04:15:20.003,ADA/USDT:USDT,0.8259,35999.0,0.8258,126322.0,0.826,32497.0,0.8261,83645.0
1753503320154,04:15:20.154,ADA/USDT:USDT,0.8259,35999.0,0.8258,126322.0,0.826,32497.0,0.8261,83645.0
1753503320304,04:15:20.304,ADA/USDT:USDT,0.8259,61499.0,0.8258,126322.0,0.826,32497.0,0.8261,83645.0
1753503320454,04:15:20.454,ADA/USDT:USDT,0.8259,61499.0,0.8258,126322.0,0.826,51357.0,0.8261,83645.0
1753503320604,04:15:20.604,ADA/USDT:USDT,0.8259,61499.0,0.8258,126322.0,0.826,34027.0,0.8261,83645.0
1753503320754,04:15:20.754,ADA/USDT:USDT,0.8259,61499.0,0.8258,126322.0,0.826,25932.0,0.8261,69071.0
1753503320904,04:15:20.904,ADA/USDT:USDT,0.8259,61499.0,0.8258,126322.0,0.826,31557.0,0.8261,79672.0
1753503321054,04:15:21.054,ADA/USDT:USDT,0.8259,61499.0,0.8258,126322.0,0.826,31207.0,0.8261,79672.0
1753503321204,04:15:21.204,ADA/USDT:USDT,0.8259,61499.0,0.8258,126322.0,0.826,25582.0,0.8261,79672.0
1753503321354,04:15:21.354,ADA/USDT:USDT,0.8259,61499.0,0.8258,129408.0,0.826,26760.0,0.8261,79672.0
1753503321504,04:15:21.504,ADA/USDT:USDT,0.8259,61499.0,0.8258,129408.0,0.826,26760.0,0.8261,79672.0
1753503321654,04:15:21.654,ADA/USDT:USDT,0.8259,61499.0,0.8258,129408.0,0.826,26760.0,0.8261,79672.0
1753503321805,04:15:21.805,ADA/USDT:USDT,0.8259,61499.0,0.8258,129408.0,0.826,24811.0,0.8261,69071.0
1753503321955,04:15:21.955,ADA/USDT:USDT,0.8259,61499.0,0.8258,129408.0,0.826,24811.0,0.8261,79672.0
1753503322105,04:15:22.105,ADA/USDT:USDT,0.8259,61499.0,0.8258,129408.0,0.826,25582.0,0.8261,79672.0
1753503322255,04:15:22.255,ADA/USDT:USDT,0.8259,61499.0,0.8258,129408.0,0.826,25582.0,0.8261,79672.0
1753503322405,04:15:22.405,ADA/USDT:USDT,0.8259,61499.0,0.8258,129408.0,0.826,26760.0,0.8261,80284.0
1753503322555,04:15:22.555,ADA/USDT:USDT,0.8259,61499.0,0.8258,129408.0,0.826,26760.0,0.8261,80284.0
1753503322705,04:15:22.705,ADA/USDT:USDT,0.8259,61499.0,0.8258,129408.0,0.826,26760.0,0.8261,80284.0
1753503322855,04:15:22.855,ADA/USDT:USDT,0.8259,61499.0,0.8258,129408.0,0.826,31202.0,0.8261,80284.0
1753503323005,04:15:23.005,ADA/USDT:USDT,0.8259,61499.0,0.8258,128796.0,0.826,31202.0,0.8261,80284.0
1753503323155,04:15:23.155,ADA/USDT:USDT,0.8259,61499.0,0.8258,128796.0,0.826,31202.0,0.8261,80284.0
1753503323305,04:15:23.305,ADA/USDT:USDT,0.8259,61499.0,0.8258,128796.0,0.826,52702.0,0.8261,80284.0
1753503323455,04:15:23.455,ADA/USDT:USDT,0.8259,61499.0,0.8258,129408.0,0.826,31202.0,0.8261,80284.0
1753503323606,04:15:23.606,ADA/USDT:USDT,0.8259,61499.0,0.8258,129529.0,0.826,18941.0,0.8261,34017.0
1753503323756,04:15:23.756,ADA/USDT:USDT,0.8259,61499.0,0.8258,129529.0,0.826,18941.0,0.8261,27290.0
1753503323906,04:15:23.906,ADA/USDT:USDT,0.8259,61499.0,0.8258,129408.0,0.826,10593.0,0.8261,36379.0
1753503324056,04:15:24.056,ADA/USDT:USDT,0.8259,61499.0,0.8258,129529.0,0.826,10593.0,0.8261,36379.0
1753503324206,04:15:24.206,ADA/USDT:USDT,0.8259,35999.0,0.8258,129529.0,0.826,10593.0,0.8261,36379.0
1753503324356,04:15:24.356,ADA/USDT:USDT,0.8259,57999.0,0.8258,129529.0,0.826,41390.0,0.8261,36379.0
1753503324506,04:15:24.506,ADA/USDT:USDT,0.8259,57999.0,0.8258,129529.0,0.826,41390.0,0.8261,36379.0
1753503324656,04:15:24.656,ADA/USDT:USDT,0.8259,57999.0,0.8258,129529.0,0.826,41390.0,0.8261,36379.0
1753503324806,04:15:24.806,ADA/USDT:USDT,0.8259,57999.0,0.8258,129529.0,0.826,15890.0,0.8261,36379.0
1753503324956,04:15:24.956,ADA/USDT:USDT,0.8259,35999.0,0.8258,129529.0,0.826,18968.0,0.8261,36379.0
1753503325106,04:15:25.106,ADA/USDT:USDT,0.8259,35999.0,0.8258,129529.0,0.826,18968.0,0.8261,36379.0
1753503325256,04:15:25.256,ADA/USDT:USDT,0.8259,62327.0,0.8258,129529.0,0.826,19421.0,0.8261,36379.0
1753503325407,04:15:25.407,ADA/USDT:USDT,0.8259,62327.0,0.8258,129529.0,0.826,19421.0,0.8261,36379.0
1753503325557,04:15:25.557,ADA/USDT:USDT,0.8259,62327.0,0.8258,129529.0,0.826,19421.0,0.8261,36379.0
1753503325707,04:15:25.707,ADA/USDT:USDT,0.8259,62327.0,0.8258,129529.0,0.826,31190.0,0.8261,36379.0
1753503325857,04:15:25.857,ADA/USDT:USDT,0.8259,62327.0,0.8258,129529.0,0.826,11421.0,0.8261,36379.0
1753503326007,04:15:26.007,ADA/USDT:USDT,0.8259,62327.0,0.8258,129529.0,0.826,10243.0,0.8261,36379.0
1753503326157,04:15:26.157,ADA/USDT:USDT,0.8259,62327.0,0.8258,129529.0,0.826,10243.0,0.8261,36379.0
1753503326307,04:15:26.307,ADA/USDT:USDT,0.8259,62327.0,0.8258,129529.0,0.826,10243.0,0.8261,36379.0
1753503326457,04:15:26.457,ADA/USDT:USDT,0.8259,62327.0,0.8258,129529.0,0.826,10243.0,0.8261,36379.0
1753503326607,04:15:26.607,ADA/USDT:USDT,0.8259,36827.0,0.8258,129529.0,0.826,21839.0,0.8261,36379.0
1753503326757,04:15:26.757,ADA/USDT:USDT,0.8259,36827.0,0.8258,129529.0,0.826,21839.0,0.8261,50340.0
1753503326908,04:15:26.908,ADA/USDT:USDT,0.8259,36827.0,0.8258,129529.0,0.826,17158.0,0.8261,50340.0
1753503327057,04:15:27.057,ADA/USDT:USDT,0.8259,36827.0,0.8258,129529.0,0.826,27185.0,0.8261,50340.0
1753503327208,04:15:27.208,ADA/USDT:USDT,0.8259,50327.0,0.8258,129529.0,0.826,52685.0,0.8261,50340.0
1753503327358,04:15:27.358,ADA/USDT:USDT,0.8259,50327.0,0.8258,129529.0,0.826,52685.0,0.8261,50340.0
1753503327508,04:15:27.508,ADA/USDT:USDT,0.8259,50327.0,0.8258,129529.0,0.826,52685.0,0.8261,50340.0
1753503327658,04:15:27.658,ADA/USDT:USDT,0.8259,50327.0,0.8258,129529.0,0.826,52685.0,0.8261,50340.0
1753503327808,04:15:27.808,ADA/USDT:USDT,0.8259,50327.0,0.8258,129529.0,0.826,52685.0,0.8261,50340.0
1753503327958,04:15:27.958,ADA/USDT:USDT,0.8259,50327.0,0.8258,129529.0,0.826,52685.0,0.8261,50340.0
1753503328108,04:15:28.108,ADA/USDT:USDT,0.8259,35999.0,0.8258,129529.0,0.826,52685.0,0.8261,50340.0
1753503328258,04:15:28.258,ADA/USDT:USDT,0.8259,48499.0,0.8258,129529.0,0.826,52685.0,0.8261,47585.0
1753503328409,04:15:28.409,ADA/USDT:USDT,0.8259,35999.0,0.8258,129529.0,0.826,52685.0,0.8261,46980.0
1753503328558,04:15:28.558,ADA/USDT:USDT,0.8259,35999.0,0.8258,129529.0,0.826,27185.0,0.8261,47585.0
1753503328709,04:15:28.709,ADA/USDT:USDT,0.8259,35999.0,0.8258,129529.0,0.826,27185.0,0.8261,46980.0
1753503328859,04:15:28.859,ADA/USDT:USDT,0.8259,35999.0,0.8258,129529.0,0.826,27185.0,0.8261,46980.0
1753503329009,04:15:29.009,ADA/USDT:USDT,0.8259,35999.0,0.8258,129529.0,0.826,27185.0,0.8261,46980.0
1753503329159,04:15:29.159,ADA/USDT:USDT,0.8259,35999.0,0.8258,129523.0,0.826,27185.0,0.8261,46980.0
1753503329309,04:15:29.309,ADA/USDT:USDT,0.8259,56499.0,0.8258,129523.0,0.826,52685.0,0.8261,46980.0
1753503329459,04:15:29.459,ADA/USDT:USDT,0.8259,56499.0,0.8258,129523.0,0.826,27185.0,0.8261,46980.0
1753503329609,04:15:29.609,ADA/USDT:USDT,0.8259,56499.0,0.8258,129523.0,0.826,27791.0,0.8261,46980.0
1753503329759,04:15:29.759,ADA/USDT:USDT,0.8259,56499.0,0.8258,129523.0,0.826,27185.0,0.8261,46980.0
1753503329909,04:15:29.909,ADA/USDT:USDT,0.8259,56499.0,0.8258,129523.0,0.826,27185.0,0.8261,46980.0
1753503330059,04:15:30.059,ADA/USDT:USDT,0.8259,35999.0,0.8258,129523.0,0.826,27185.0,0.8261,46980.0
1753503330209,04:15:30.209,ADA/USDT:USDT,0.8259,57499.0,0.8258,129523.0,0.826,52685.0,0.8261,46980.0
1753503330360,04:15:30.360,ADA/USDT:USDT,0.8259,57499.0,0.8258,129523.0,0.826,17392.0,0.8261,36379.0
1753503330510,04:15:30.510,ADA/USDT:USDT,0.8259,57499.0,0.8258,129523.0,0.826,17392.0,0.8261,46980.0
1753503330660,04:15:30.660,ADA/USDT:USDT,0.8259,57499.0,0.8258,129523.0,0.826,17392.0,0.8261,46980.0
1753503330810,04:15:30.810,ADA/USDT:USDT,0.8259,57499.0,0.8258,129523.0,0.826,17392.0,0.8261,46980.0
1753503330960,04:15:30.960,ADA/USDT:USDT,0.8259,57499.0,0.8258,129523.0,0.826,17392.0,0.8261,36379.0
1753503331110,04:15:31.110,ADA/USDT:USDT,0.8259,57499.0,0.8258,129523.0,0.826,2422.0,0.8261,46980.0
1753503331260,04:15:31.260,ADA/USDT:USDT,0.8259,61499.0,0.8258,129523.0,0.826,10422.0,0.8261,46980.0
1753503331410,04:15:31.410,ADA/USDT:USDT,0.8259,61499.0,0.8258,129523.0,0.826,10422.0,0.8261,46980.0
1753503331560,04:15:31.560,ADA/USDT:USDT,0.8259,61499.0,0.8258,129523.0,0.826,27439.0,0.8261,46980.0
1753503331710,04:15:31.710,ADA/USDT:USDT,0.8259,61499.0,0.8258,129523.0,0.826,27789.0,0.8261,46980.0
1753503331860,04:15:31.860,ADA/USDT:USDT,0.8259,61499.0,0.8258,129523.0,0.826,18966.0,0.8261,46980.0
1753503332010,04:15:32.010,ADA/USDT:USDT,0.8259,61499.0,0.8258,129523.0,0.826,18966.0,0.8261,46980.0
1753503332161,04:15:32.161,ADA/USDT:USDT,0.8259,61499.0,0.8258,129523.0,0.826,18966.0,0.8261,46980.0
1753503332311,04:15:32.311,ADA/USDT:USDT,0.8259,61499.0,0.8258,129523.0,0.826,47848.0,0.8261,46980.0
1753503332461,04:15:32.461,ADA/USDT:USDT,0.8259,61499.0,0.8258,129523.0,0.826,47848.0,0.8261,46980.0
1753503332611,04:15:32.611,ADA/USDT:USDT,0.8259,61499.0,0.8258,129523.0,0.826,47848.0,0.8261,46980.0
1753503332761,04:15:32.761,ADA/USDT:USDT,0.8259,61499.0,0.8258,129523.0,0.826,47848.0,0.8261,46980.0
1753503332911,04:15:32.911,ADA/USDT:USDT,0.8259,61499.0,0.8258,129523.0,0.826,21525.0,0.8261,46980.0
1753503333061,04:15:33.061,ADA/USDT:USDT,0.8259,61499.0,0.8258,129523.0,0.826,21175.0,0.8261,46980.0
1753503333211,04:15:33.211,ADA/USDT:USDT,0.8259,61499.0,0.8258,129523.0,0.826,18616.0,0.8261,46980.0
1753503333361,04:15:33.361,ADA/USDT:USDT,0.8259,61499.0,0.8258,129523.0,0.826,18616.0,0.8261,46980.0
1753503333511,04:15:33.511,ADA/USDT:USDT,0.8259,61499.0,0.8258,129523.0,0.826,18616.0,0.8261,46980.0
1753503333662,04:15:33.662,ADA/USDT:USDT,0.8259,61499.0,0.8258,129523.0,0.826,18616.0,0.8261,46980.0
1753503333811,04:15:33.811,ADA/USDT:USDT,0.8259,61499.0,0.8258,129523.0,0.826,18616.0,0.8261,46980.0
1753503333962,04:15:33.962,ADA/USDT:USDT,0.8259,61499.0,0.8258,129523.0,0.826,18616.0,0.8261,46980.0
1753503334112,04:15:34.112,ADA/USDT:USDT,0.8259,61499.0,0.8258,129523.0,0.826,33466.0,0.8261,46980.0
1753503334262,04:15:34.262,ADA/USDT:USDT,0.8259,61499.0,0.8258,128911.0,0.826,33466.0,0.8261,50340.0
1753503334412,04:15:34.412,ADA/USDT:USDT,0.8259,35999.0,0.8258,128911.0,0.826,33466.0,0.8261,50340.0
1753503334562,04:15:34.562,ADA/USDT:USDT,0.8259,35999.0,0.8258,129523.0,0.826,33466.0,0.8261,50340.0
1753503334712,04:15:34.712,ADA/USDT:USDT,0.8259,35999.0,0.8258,129523.0,0.826,33466.0,0.8261,50340.0
1753503334862,04:15:34.862,ADA/USDT:USDT,0.8259,35999.0,0.8258,129523.0,0.826,33466.0,0.8261,50340.0
1753503335012,04:15:35.012,ADA/USDT:USDT,0.8259,35999.0,0.8258,129523.0,0.826,18966.0,0.8261,50340.0
1753503335162,04:15:35.162,ADA/USDT:USDT,0.8259,62322.0,0.8258,129523.0,0.826,9560.0,0.8261,27029.0
1753503335312,04:15:35.312,ADA/USDT:USDT,0.8259,62322.0,0.8258,129533.0,0.826,9560.0,0.8261,48518.0
1753503335462,04:15:35.462,ADA/USDT:USDT,0.8259,36822.0,0.8258,129533.0,0.826,15795.0,0.8261,51878.0
1753503335613,04:15:35.613,ADA/USDT:USDT,0.8259,36822.0,0.8258,98177.0,0.826,31484.0,0.8261,51878.0
1753503335763,04:15:35.763,ADA/USDT:USDT,0.8259,36822.0,0.8258,128931.0,0.826,31484.0,0.8261,52490.0
1753503335913,04:15:35.913,ADA/USDT:USDT,0.8259,35999.0,0.8258,103431.0,0.826,31484.0,0.8261,52490.0
1753503336063,04:15:36.063,ADA/USDT:USDT,0.8259,35999.0,0.8258,103431.0,0.826,31484.0,0.8261,52490.0
1753503336213,04:15:36.213,ADA/USDT:USDT,0.8259,61499.0,0.8258,103431.0,0.826,51984.0,0.8261,52490.0
1753503336363,04:15:36.363,ADA/USDT:USDT,0.8259,35999.0,0.8258,104043.0,0.826,51984.0,0.8261,52490.0
1753503336513,04:15:36.513,ADA/USDT:USDT,0.8259,35999.0,0.8258,104043.0,0.826,51984.0,0.8261,53095.0
1753503336664,04:15:36.664,ADA/USDT:USDT,0.8259,35999.0,0.8258,104043.0,0.826,31484.0,0.8261,49735.0
1753503336813,04:15:36.813,ADA/USDT:USDT,0.8259,35999.0,0.8258,104043.0,0.826,31484.0,0.8261,49130.0
1753503336963,04:15:36.963,ADA/USDT:USDT,0.8259,35999.0,0.8258,104043.0,0.826,31484.0,0.8261,49130.0
1753503337113,04:15:37.113,ADA/USDT:USDT,0.8259,61499.0,0.8258,104043.0,0.826,54484.0,0.8261,49130.0
1753503337264,04:15:37.264,ADA/USDT:USDT,0.8259,61499.0,0.8258,104043.0,0.826,54484.0,0.8261,48518.0
1753503337413,04:15:37.413,ADA/USDT:USDT,0.8259,61499.0,0.8258,104043.0,0.826,54484.0,0.8261,48518.0
1753503337564,04:15:37.564,ADA/USDT:USDT,0.8259,35999.0,0.8258,104043.0,0.826,54484.0,0.8261,48518.0
1753503337714,04:15:37.714,ADA/USDT:USDT,0.8259,35999.0,0.8258,104043.0,0.826,54484.0,0.8261,48518.0
1753503337864,04:15:37.864,ADA/USDT:USDT,0.8259,35999.0,0.8258,104043.0,0.826,54484.0,0.8261,48518.0
1753503338014,04:15:38.014,ADA/USDT:USDT,0.8259,22760.0,0.8258,104033.0,0.826,54484.0,0.8261,49735.0
1753503338164,04:15:38.164,ADA/USDT:USDT,0.8259,48260.0,0.8258,104033.0,0.826,54484.0,0.8261,49735.0
1753503338314,04:15:38.314,ADA/USDT:USDT,0.8259,65631.0,0.8258,104030.0,0.826,24076.0,0.8261,48518.0
1753503338464,04:15:38.464,ADA/USDT:USDT,0.8259,40131.0,0.8258,104030.0,0.826,28924.0,0.8261,48518.0
1753503338614,04:15:38.614,ADA/USDT:USDT,0.8259,40131.0,0.8258,104030.0,0.826,28924.0,0.8261,48518.0
1753503338765,04:15:38.765,ADA/USDT:USDT,0.8259,40131.0,0.8258,104030.0,0.826,25234.0,0.8261,48518.0
1753503338915,04:15:38.915,ADA/USDT:USDT,0.8259,40131.0,0.8258,104030.0,0.826,25234.0,0.8261,48518.0
1753503339065,04:15:39.065,ADA/USDT:USDT,0.8259,40131.0,0.8258,104030.0,0.826,25234.0,0.8261,48518.0
1753503339215,04:15:39.215,ADA/USDT:USDT,0.8259,64131.0,0.8258,104030.0,0.826,49734.0,0.8261,48518.0
1753503339365,04:15:39.365,ADA/USDT:USDT,0.8259,64131.0,0.8258,104030.0,0.826,49734.0,0.8261,48518.0
1753503339515,04:15:39.515,ADA/USDT:USDT,0.8259,64131.0,0.8258,104030.0,0.826,49734.0,0.8261,48518.0
1753503339665,04:15:39.665,ADA/USDT:USDT,0.8259,64131.0,0.8258,104030.0,0.826,27423.0,0.8261,48518.0
1753503339815,04:15:39.815,ADA/USDT:USDT,0.8259,64131.0,0.8258,104030.0,0.826,27423.0,0.8261,48518.0
1753503339965,04:15:39.965,ADA/USDT:USDT,0.8259,64131.0,0.8258,104030.0,0.826,27423.0,0.8261,48518.0
1753503340115,04:15:40.115,ADA/USDT:USDT,0.8259,64131.0,0.8258,104030.0,0.826,27423.0,0.8261,48518.0
1753503340265,04:15:40.265,ADA/USDT:USDT,0.8259,64131.0,0.8258,104030.0,0.826,27423.0,0.8261,48518.0
1753503340416,04:15:40.416,ADA/USDT:USDT,0.8259,64131.0,0.8258,104030.0,0.826,27423.0,0.8261,48518.0
1753503340566,04:15:40.566,ADA/USDT:USDT,0.8259,64131.0,0.8258,104030.0,0.826,25234.0,0.8261,48518.0
1753503340716,04:15:40.716,ADA/USDT:USDT,0.8259,64131.0,0.8258,104030.0,0.826,25348.0,0.8261,48518.0
1753503340866,04:15:40.866,ADA/USDT:USDT,0.8259,64131.0,0.8258,104030.0,0.826,25423.0,0.8261,48518.0
1753503341016,04:15:41.016,ADA/USDT:USDT,0.8259,64131.0,0.8258,104030.0,0.826,52459.0,0.8261,49130.0
1753503341166,04:15:41.166,ADA/USDT:USDT,0.8259,64131.0,0.8258,104030.0,0.826,52459.0,0.8261,49130.0
1753503341316,04:15:41.316,ADA/USDT:USDT,0.8259,64131.0,0.8258,104030.0,0.826,52459.0,0.8261,49130.0
1753503341466,04:15:41.466,ADA/USDT:USDT,0.8259,40131.0,0.8258,104030.0,0.826,52459.0,0.8261,49130.0
1753503341616,04:15:41.616,ADA/USDT:USDT,0.8259,40131.0,0.8258,104030.0,0.826,26959.0,0.8261,49130.0
1753503341766,04:15:41.766,ADA/USDT:USDT,0.8259,40131.0,0.8258,104030.0,0.826,25423.0,0.8261,49130.0
1753503341916,04:15:41.916,ADA/USDT:USDT,0.8259,40131.0,0.8258,104030.0,0.826,25234.0,0.8261,49130.0
1753503342066,04:15:42.066,ADA/USDT:USDT,0.8259,60631.0,0.8258,104030.0,0.826,50734.0,0.8261,49130.0
1753503342217,04:15:42.217,ADA/USDT:USDT,0.8259,60631.0,0.8258,104029.0,0.826,50734.0,0.8261,52490.0
1753503342367,04:15:42.367,ADA/USDT:USDT,0.8259,60631.0,0.8258,104029.0,0.826,50734.0,0.8261,52490.0
1753503342517,04:15:42.517,ADA/USDT:USDT,0.8259,60631.0,0.8258,104029.0,0.826,50734.0,0.8261,52490.0
1753503342667,04:15:42.667,ADA/USDT:USDT,0.8259,60631.0,0.8258,104029.0,0.826,50734.0,0.8261,52490.0
1753503342817,04:15:42.817,ADA/USDT:USDT,0.8259,60631.0,0.8258,104029.0,0.826,50734.0,0.8261,51878.0
1753503342967,04:15:42.967,ADA/USDT:USDT,0.8259,40131.0,0.8258,104029.0,0.826,50734.0,0.8261,51878.0
1753503343117,04:15:43.117,ADA/USDT:USDT,0.8259,65631.0,0.8258,104029.0,0.826,50734.0,0.8261,51878.0
1753503343267,04:15:43.267,ADA/USDT:USDT,0.8259,65631.0,0.8258,104029.0,0.826,50734.0,0.8261,51878.0
1753503343417,04:15:43.417,ADA/USDT:USDT,0.8259,65631.0,0.8258,104029.0,0.826,50734.0,0.8261,51878.0
1753503343567,04:15:43.567,ADA/USDT:USDT,0.8259,40131.0,0.8258,104029.0,0.826,50734.0,0.8261,51878.0
1753503343717,04:15:43.717,ADA/USDT:USDT,0.8257,11634.0,0.8256,46490.0,0.8259,60300.0,0.826,63684.0
1753503343868,04:15:43.868,ADA/USDT:USDT,0.8256,95269.0,0.8255,59463.0,0.8258,53854.0,0.8259,63068.0
1753503344018,04:15:44.018,ADA/USDT:USDT,0.8256,87223.0,0.8255,104791.0,0.8257,3211.0,0.8258,82617.0
1753503344168,04:15:44.168,ADA/USDT:USDT,0.8256,87223.0,0.8255,111025.0,0.8257,2403.0,0.8258,82617.0
1753503344318,04:15:44.318,ADA/USDT:USDT,0.8256,103786.0,0.8255,111625.0,0.8257,454.0,0.8258,66054.0
1753503344468,04:15:44.468,ADA/USDT:USDT,0.8256,103786.0,0.8255,111625.0,0.8257,454.0,0.8258,66054.0
1753503344618,04:15:44.618,ADA/USDT:USDT,0.8256,103786.0,0.8255,112230.0,0.8257,454.0,0.8258,72707.0
1753503344768,04:15:44.768,ADA/USDT:USDT,0.8256,103786.0,0.8255,112230.0,0.8257,454.0,0.8258,72707.0
1753503344918,04:15:44.918,ADA/USDT:USDT,0.8256,103786.0,0.8255,112230.0,0.8257,454.0,0.8258,66054.0
1753503345068,04:15:45.068,ADA/USDT:USDT,0.8256,103786.0,0.8255,112109.0,0.8257,454.0,0.8258,66054.0
1753503345218,04:15:45.218,ADA/USDT:USDT,0.8256,103786.0,0.8255,118164.0,0.8257,454.0,0.8258,66054.0
1753503345368,04:15:45.368,ADA/USDT:USDT,0.8256,103786.0,0.8255,118174.0,0.8257,454.0,0.8258,66054.0
1753503345519,04:15:45.519,ADA/USDT:USDT,0.8256,103786.0,0.8255,118174.0,0.8257,454.0,0.8258,40554.0
1753503345668,04:15:45.668,ADA/USDT:USDT,0.8256,103786.0,0.8255,118174.0,0.8257,454.0,0.8258,40554.0
1753503345819,04:15:45.819,ADA/USDT:USDT,0.8256,103786.0,0.8255,118174.0,0.8258,40554.0,0.8259,74308.0
1753503345969,04:15:45.969,ADA/USDT:USDT,0.8257,87238.0,0.8256,104874.0,0.8258,23595.0,0.8259,70947.0
1753503346119,04:15:46.119,ADA/USDT:USDT,0.8257,87238.0,0.8256,115479.0,0.8258,52261.0,0.8259,70947.0
1753503346269,04:15:46.269,ADA/USDT:USDT,0.8257,87838.0,0.8256,104970.0,0.8258,19774.0,0.8259,58381.0
1753503346419,04:15:46.419,ADA/USDT:USDT,0.8257,87838.0,0.8256,104970.0,0.8258,19774.0,0.8259,58381.0
1753503346569,04:15:46.569,ADA/USDT:USDT,0.8257,87838.0,0.8256,104970.0,0.8258,19774.0,0.8259,58381.0
1753503346719,04:15:46.719,ADA/USDT:USDT,0.8257,86430.0,0.8256,104370.0,0.8258,19774.0,0.8259,58381.0
1753503346869,04:15:46.869,ADA/USDT:USDT,0.8257,86430.0,0.8256,104370.0,0.8258,32251.0,0.8259,58381.0
1753503347019,04:15:47.019,ADA/USDT:USDT,0.8257,60930.0,0.8256,79470.0,0.8258,73090.0,0.8259,58981.0
1753503347169,04:15:47.169,ADA/USDT:USDT,0.8257,60930.0,0.8256,79470.0,0.8258,73090.0,0.8259,58981.0
1753503347320,04:15:47.320,ADA/USDT:USDT,0.8257,60930.0,0.8256,79470.0,0.8258,73090.0,0.8259,58981.0
1753503347470,04:15:47.470,ADA/USDT:USDT,0.8257,60930.0,0.8256,79470.0,0.8258,73090.0,0.8259,58981.0
1753503347620,04:15:47.620,ADA/USDT:USDT,0.8257,60930.0,0.8256,79470.0,0.8258,73090.0,0.8259,58981.0
1753503347770,04:15:47.770,ADA/USDT:USDT,0.8257,42768.0,0.8256,79470.0,0.8258,73090.0,0.8259,58981.0
1753503347920,04:15:47.920,ADA/USDT:USDT,0.8256,34333.0,0.8255,100326.0,0.8258,78135.0,0.8259,73670.0
1753503348070,04:15:48.070,ADA/USDT:USDT,0.8256,36282.0,0.8255,110920.0,0.8257,32619.0,0.8258,61118.0
1753503348220,04:15:48.220,ADA/USDT:USDT,0.8256,18279.0,0.8255,110920.0,0.8257,59068.0,0.8258,61118.0
1753503348370,04:15:48.370,ADA/USDT:USDT,0.8256,30847.0,0.8255,110920.0,0.8257,59068.0,0.8258,61118.0
1753503348520,04:15:48.520,ADA/USDT:USDT,0.8256,30847.0,0.8255,110920.0,0.8257,59068.0,0.8258,61118.0
1753503348670,04:15:48.670,ADA/USDT:USDT,0.8256,49884.0,0.8255,111520.0,0.8257,17397.0,0.8258,61118.0
1753503348820,04:15:48.820,ADA/USDT:USDT,0.8257,22356.0,0.8256,63456.0,0.8258,56527.0,0.8259,48806.0
1753503348971,04:15:48.971,ADA/USDT:USDT,0.8257,73827.0,0.8256,89264.0,0.8258,3211.0,0.8259,36845.0
1753503349121,04:15:49.121,ADA/USDT:USDT,0.8257,74661.0,0.8256,122261.0,0.8258,2887.0,0.8259,32881.0
1753503349271,04:15:49.271,ADA/USDT:USDT,0.8257,74661.0,0.8256,103647.0,0.8258,2887.0,0.8259,32881.0
1753503349421,04:15:49.421,ADA/USDT:USDT,0.8257,74661.0,0.8256,103647.0,0.8258,2887.0,0.8259,32881.0
1753503349571,04:15:49.571,ADA/USDT:USDT,0.8257,74061.0,0.8256,103647.0,0.8258,2887.0,0.8259,32881.0
1753503349721,04:15:49.721,ADA/USDT:USDT,0.8257,74061.0,0.8256,103647.0,0.8258,2887.0,0.8259,32881.0
1753503349871,04:15:49.871,ADA/USDT:USDT,0.8257,56289.0,0.8256,76630.0,0.8258,35139.0,0.8259,33602.0
1753503350021,04:15:50.021,ADA/USDT:USDT,0.8256,76630.0,0.8255,53957.0,0.8258,65521.0,0.8259,36961.0
1753503350171,04:15:50.171,ADA/USDT:USDT,0.8256,45537.0,0.8255,100335.0,0.8257,1288.0,0.8258,65067.0
1753503350321,04:15:50.321,ADA/USDT:USDT,0.8256,57766.0,0.8255,110940.0,0.8257,2403.0,0.8258,65067.0
1753503350471,04:15:50.471,ADA/USDT:USDT,0.8256,57766.0,0.8255,111540.0,0.8257,3237.0,0.8258,65067.0
1753503350622,04:15:50.622,ADA/USDT:USDT,0.8256,57766.0,0.8255,111540.0,0.8257,3237.0,0.8258,65067.0
1753503350772,04:15:50.772,ADA/USDT:USDT,0.8256,57766.0,0.8255,111540.0,0.8257,3237.0,0.8258,65067.0
1753503350922,04:15:50.922,ADA/USDT:USDT,0.8256,57766.0,0.8255,111540.0,0.8257,3237.0,0.8258,65067.0
1753503351072,04:15:51.072,ADA/USDT:USDT,0.8256,83266.0,0.8255,111540.0,0.8257,16737.0,0.8258,65067.0
1753503351222,04:15:51.222,ADA/USDT:USDT,0.8256,83266.0,0.8255,111540.0,0.8257,16737.0,0.8258,65067.0
1753503351372,04:15:51.372,ADA/USDT:USDT,0.8256,83266.0,0.8255,111540.0,0.8257,16737.0,0.8258,65067.0
1753503351522,04:15:51.522,ADA/USDT:USDT,0.8256,83266.0,0.8255,111540.0,0.8257,16737.0,0.8258,69376.0
1753503351672,04:15:51.672,ADA/USDT:USDT,0.8256,57766.0,0.8255,111540.0,0.8257,16737.0,0.8258,69376.0
1753503351822,04:15:51.822,ADA/USDT:USDT,0.8256,39629.0,0.8255,110940.0,0.8257,52135.0,0.8258,52813.0
1753503351972,04:15:51.972,ADA/USDT:USDT,0.8256,40257.0,0.8255,110930.0,0.8257,64735.0,0.8258,53413.0
1753503352122,04:15:52.122,ADA/USDT:USDT,0.8256,44035.0,0.8255,110930.0,0.8257,64135.0,0.8258,52813.0
1753503352272,04:15:52.272,ADA/USDT:USDT,0.8256,44035.0,0.8255,111530.0,0.8257,64135.0,0.8258,53413.0
1753503352423,04:15:52.423,ADA/USDT:USDT,0.8256,42743.0,0.8255,110930.0,0.8257,64135.0,0.8258,53413.0
1753503352572,04:15:52.572,ADA/USDT:USDT,0.8256,42743.0,0.8255,110930.0,0.8257,64135.0,0.8258,53413.0
1753503352723,04:15:52.723,ADA/USDT:USDT,0.8256,41228.0,0.8255,110930.0,0.8257,64135.0,0.8258,53413.0
1753503352873,04:15:52.873,ADA/USDT:USDT,0.8256,41228.0,0.8255,110930.0,0.8257,64135.0,0.8258,53413.0
1753503353023,04:15:53.023,ADA/USDT:USDT,0.8256,41228.0,0.8255,110930.0,0.8257,64135.0,0.8258,53413.0
1753503353173,04:15:53.173,ADA/USDT:USDT,0.8256,350.0,0.8255,79468.0,0.8257,64135.0,0.8258,59184.0
1753503353323,04:15:53.323,ADA/USDT:USDT,0.8256,350.0,0.8255,104937.0,0.8257,64135.0,0.8258,62543.0
1753503353473,04:15:53.473,ADA/USDT:USDT,0.8256,350.0,0.8255,104937.0,0.8257,64135.0,0.8258,95629.0
1753503353623,04:15:53.623,ADA/USDT:USDT,0.8255,56694.0,0.8254,47871.0,0.8257,64135.0,0.8258,97348.0
1753503353773,04:15:53.773,ADA/USDT:USDT,0.8255,350.0,0.8254,61623.0,0.8256,79698.0,0.8257,75641.0
1753503353923,04:15:53.923,ADA/USDT:USDT,0.8255,350.0,0.8254,77129.0,0.8256,83408.0,0.8257,79343.0
1753503354073,04:15:54.073,ADA/USDT:USDT,0.8254,43209.0,0.8253,82399.0,0.8256,83408.0,0.8257,79464.0
1753503354223,04:15:54.223,ADA/USDT:USDT,0.8254,35759.0,0.8253,98112.0,0.8255,36169.0,0.8256,73865.0
1753503354374,04:15:54.374,ADA/USDT:USDT,0.8254,23025.0,0.8253,98112.0,0.8255,63106.0,0.8256,73865.0
1753503354524,04:15:54.524,ADA/USDT:USDT,0.8254,25353.0,0.8253,98233.0,0.8255,63106.0,0.8256,64755.0
1753503354673,04:15:54.673,ADA/USDT:USDT,0.8254,41916.0,0.8253,98833.0,0.8255,63106.0,0.8256,64755.0
1753503354824,04:15:54.824,ADA/USDT:USDT,0.8254,46826.0,0.8253,98833.0,0.8255,63106.0,0.8256,58364.0
1753503354974,04:15:54.974,ADA/USDT:USDT,0.8254,46826.0,0.8253,98833.0,0.8255,63106.0,0.8256,62703.0
1753503355124,04:15:55.124,ADA/USDT:USDT,0.8254,46826.0,0.8253,98833.0,0.8255,63106.0,0.8256,62703.0
1753503355274,04:15:55.274,ADA/USDT:USDT,0.8254,36179.0,0.8253,98833.0,0.8255,26661.0,0.8256,62703.0
1753503355424,04:15:55.424,ADA/USDT:USDT,0.8254,33851.0,0.8253,98712.0,0.8255,21668.0,0.8256,62703.0
1753503355574,04:15:55.574,ADA/USDT:USDT,0.8254,32252.0,0.8253,98712.0,0.8255,23557.0,0.8256,62703.0
1753503355724,04:15:55.724,ADA/USDT:USDT,0.8254,32252.0,0.8253,108719.0,0.8255,23557.0,0.8256,73310.0
1753503355874,04:15:55.874,ADA/USDT:USDT,0.8254,35491.0,0.8253,108719.0,0.8255,19450.0,0.8256,63234.0
1753503356025,04:15:56.025,ADA/USDT:USDT,0.8254,36325.0,0.8253,109319.0,0.8255,27450.0,0.8256,68371.0
1753503356175,04:15:56.175,ADA/USDT:USDT,0.8253,82292.0,0.8252,80839.0,0.8255,47217.0,0.8256,69092.0
1753503356325,04:15:56.325,ADA/USDT:USDT,0.8253,33491.0,0.8252,85950.0,0.8254,17397.0,0.8255,32313.0
1753503356475,04:15:56.475,ADA/USDT:USDT,0.8253,19678.0,0.8252,119028.0,0.8254,45300.0,0.8255,53711.0
1753503356625,04:15:56.625,ADA/USDT:USDT,0.8253,2740.0,0.8252,98155.0,0.8254,50945.0,0.8255,58397.0
1753503356775,04:15:56.775,ADA/USDT:USDT,0.8252,74232.0,0.8251,50851.0,0.8254,66284.0,0.8255,60237.0
1753503356925,04:15:56.925,ADA/USDT:USDT,0.8252,84821.0,0.8251,66578.0,0.8253,54732.0,0.8254,49267.0
1753503357075,04:15:57.075,ADA/USDT:USDT,0.8252,51733.0,0.8251,106704.0,0.8253,56681.0,0.8254,55004.0
1753503357225,04:15:57.225,ADA/USDT:USDT,0.8252,60462.0,0.8251,106704.0,0.8253,56681.0,0.8254,62998.0
1753503357375,04:15:57.375,ADA/USDT:USDT,0.8252,60462.0,0.8251,106704.0,0.8253,56681.0,0.8254,73606.0
1753503357525,04:15:57.525,ADA/USDT:USDT,0.8252,60462.0,0.8251,111615.0,0.8253,56681.0,0.8254,73606.0
1753503357675,04:15:57.675,ADA/USDT:USDT,0.8252,9128.0,0.8251,85179.0,0.8253,72020.0,0.8254,77088.0
1753503357826,04:15:57.826,ADA/USDT:USDT,0.8251,80268.0,0.825,70020.0,0.8253,72020.0,0.8254,112015.0
1753503357976,04:15:57.976,ADA/USDT:USDT,0.8251,67296.0,0.825,70027.0,0.8252,48516.0,0.8253,71450.0
1753503358126,04:15:58.126,ADA/USDT:USDT,0.8251,21433.0,0.825,118827.0,0.8252,65297.0,0.8253,74811.0
1753503358276,04:15:58.276,ADA/USDT:USDT,0.8251,33517.0,0.825,118827.0,0.8252,65297.0,0.8253,60240.0
1753503358426,04:15:58.426,ADA/USDT:USDT,0.8251,33517.0,0.825,118827.0,0.8252,65297.0,0.8253,60240.0
1753503358576,04:15:58.576,ADA/USDT:USDT,0.8251,33517.0,0.825,97538.0,0.8252,65297.0,0.8253,60240.0
1753503358728,04:15:58.728,ADA/USDT:USDT,0.8251,33517.0,0.825,97538.0,0.8252,65897.0,0.8253,60840.0
1753503358893,04:15:58.893,ADA/USDT:USDT,0.8251,31918.0,0.825,92493.0,0.8252,65897.0,0.8253,60840.0
1753503359049,04:15:59.049,ADA/USDT:USDT,0.8251,25571.0,0.825,59406.0,0.8252,65897.0,0.8253,60840.0
1753503359208,04:15:59.208,ADA/USDT:USDT,0.8251,25571.0,0.825,92497.0,0.8252,65897.0,0.8253,60840.0
1753503359378,04:15:59.378,ADA/USDT:USDT,0.8251,27773.0,0.825,92497.0,0.8252,65897.0,0.8253,68454.0
1753503359535,04:15:59.535,ADA/USDT:USDT,0.8251,27773.0,0.825,92497.0,0.8252,65897.0,0.8253,68454.0
1753503359691,04:15:59.691,ADA/USDT:USDT,0.8251,27773.0,0.825,92497.0,0.8252,65897.0,0.8253,68454.0
1753503359844,04:15:59.844,ADA/USDT:USDT,0.8251,27773.0,0.825,92497.0,0.8252,65897.0,0.8253,68454.0
1753503359994,04:15:59.994,ADA/USDT:USDT,0.8251,37372.0,0.825,95511.0,0.8252,40447.0,0.8253,61493.0
1753503360153,04:16:00.153,ADA/USDT:USDT,0.8251,54772.0,0.825,95511.0,0.8252,34792.0,0.8253,61493.0
1753503360304,04:16:00.304,ADA/USDT:USDT,0.8251,54772.0,0.825,96116.0,0.8252,34792.0,0.8253,61493.0
1753503360457,04:16:00.457,ADA/USDT:USDT,0.8251,54772.0,0.825,106727.0,0.8252,34792.0,0.8253,61493.0
1753503360628,04:16:00.628,ADA/USDT:USDT,0.8251,54772.0,0.825,106727.0,0.8252,34792.0,0.8253,61493.0
1753503360781,04:16:00.781,ADA/USDT:USDT,0.8251,53935.0,0.825,106727.0,0.8252,35142.0,0.8253,61493.0
1753503360933,04:16:00.933,ADA/USDT:USDT,0.8251,53935.0,0.825,105522.0,0.8252,60642.0,0.8253,62093.0
1753503361108,04:16:01.108,ADA/USDT:USDT,0.8251,29372.0,0.825,105522.0,0.8252,60642.0,0.8253,62093.0
1753503361257,04:16:01.257,ADA/USDT:USDT,0.8251,665.0,0.825,59093.0,0.8252,65687.0,0.8253,68020.0
1753503361414,04:16:01.414,ADA/USDT:USDT,0.825,55548.0,0.8249,45104.0,0.8252,65687.0,0.8253,68020.0
1753503361578,04:16:01.578,ADA/USDT:USDT,0.825,24406.0,0.8249,88811.0,0.8251,32627.0,0.8252,62815.0
1753503361728,04:16:01.728,ADA/USDT:USDT,0.825,4967.0,0.8249,78079.0,0.8251,60676.0,0.8252,101834.0
1753503361878,04:16:01.878,ADA/USDT:USDT,0.825,29899.0,0.8249,78079.0,0.8251,76015.0,0.8252,93426.0
1753503362028,04:16:02.028,ADA/USDT:USDT,0.825,30249.0,0.8249,78079.0,0.8251,76015.0,0.8252,97370.0
1753503362178,04:16:02.178,ADA/USDT:USDT,0.825,59951.0,0.8249,78788.0,0.8251,33739.0,0.8252,91447.0
1753503362328,04:16:02.328,ADA/USDT:USDT,0.825,59951.0,0.8249,81203.0,0.8251,18616.0,0.8252,58351.0
1753503362478,04:16:02.478,ADA/USDT:USDT,0.825,59951.0,0.8249,81203.0,0.8251,18616.0,0.8252,58351.0
1753503362629,04:16:02.629,ADA/USDT:USDT,0.825,59951.0,0.8249,107413.0,0.8251,18966.0,0.8252,67605.0
1753503362778,04:16:02.778,ADA/USDT:USDT,0.825,59951.0,0.8249,108139.0,0.8251,18966.0,0.8252,67605.0
1753503362929,04:16:02.929,ADA/USDT:USDT,0.825,69951.0,0.8249,108139.0,0.8251,26966.0,0.8252,67605.0
1753503363079,04:16:03.079,ADA/USDT:USDT,0.825,69951.0,0.8249,108139.0,0.8251,27803.0,0.8252,67605.0
1753503363229,04:16:03.229,ADA/USDT:USDT,0.825,69951.0,0.8249,107534.0,0.8251,27803.0,0.8252,67605.0
1753503363379,04:16:03.379,ADA/USDT:USDT,0.825,69951.0,0.8249,107534.0,0.8251,27803.0,0.8252,67605.0
1753503363529,04:16:03.529,ADA/USDT:USDT,0.825,59951.0,0.8249,107534.0,0.8251,27803.0,0.8252,67605.0
1753503363679,04:16:03.679,ADA/USDT:USDT,0.825,59114.0,0.8249,106946.0,0.8251,27803.0,0.8252,68193.0
1753503363829,04:16:03.829,ADA/USDT:USDT,0.825,41624.0,0.8249,78200.0,0.8251,60642.0,0.8252,68193.0
1753503363979,04:16:03.979,ADA/USDT:USDT,0.825,25061.0,0.8249,93797.0,0.8251,60642.0,0.8252,74111.0
1753503364129,04:16:04.129,ADA/USDT:USDT,0.825,25061.0,0.8249,93797.0,0.8251,60642.0,0.8252,74111.0
1753503364279,04:16:04.279,ADA/USDT:USDT,0.825,25411.0,0.8249,93797.0,0.8251,60642.0,0.8252,73506.0
1753503364430,04:16:04.430,ADA/USDT:USDT,0.825,23462.0,0.8249,78079.0,0.8251,60642.0,0.8252,73506.0
1753503364580,04:16:04.580,ADA/USDT:USDT,0.825,23462.0,0.8249,78079.0,0.8251,60642.0,0.8252,73506.0
1753503364730,04:16:04.730,ADA/USDT:USDT,0.825,23462.0,0.8249,93797.0,0.8251,60642.0,0.8252,74111.0
1753503364880,04:16:04.880,ADA/USDT:USDT,0.825,23812.0,0.8249,93797.0,0.8251,60641.0,0.8252,74111.0
1753503365030,04:16:05.030,ADA/USDT:USDT,0.825,23812.0,0.8249,93797.0,0.8251,60641.0,0.8252,74111.0
1753503365180,04:16:05.180,ADA/USDT:USDT,0.825,23812.0,0.8249,104410.0,0.8251,60641.0,0.8252,74111.0
1753503365330,04:16:05.330,ADA/USDT:USDT,0.825,23812.0,0.8249,104410.0,0.8251,60641.0,0.8252,74111.0
1753503365480,04:16:05.480,ADA/USDT:USDT,0.825,23812.0,0.8249,104410.0,0.8251,60641.0,0.8252,74111.0
1753503365630,04:16:05.630,ADA/USDT:USDT,0.825,23812.0,0.8249,104410.0,0.8251,60641.0,0.8252,74111.0
1753503365780,04:16:05.780,ADA/USDT:USDT,0.825,23812.0,0.8249,104410.0,0.8251,60641.0,0.8252,74111.0
1753503365930,04:16:05.930,ADA/USDT:USDT,0.825,23812.0,0.8249,104410.0,0.8251,60641.0,0.8252,74111.0
1753503366081,04:16:06.081,ADA/USDT:USDT,0.825,44451.0,0.8249,105105.0,0.8252,100705.0,0.8253,37306.0
1753503366231,04:16:06.231,ADA/USDT:USDT,0.825,44451.0,0.8249,105105.0,0.8251,2926.0,0.8252,54407.0
1753503366380,04:16:06.380,ADA/USDT:USDT,0.825,44451.0,0.8249,105105.0,0.8251,30375.0,0.8252,64089.0
1753503366531,04:16:06.531,ADA/USDT:USDT,0.825,43614.0,0.8249,104531.0,0.8251,46938.0,0.8252,64671.0
1753503366681,04:16:06.681,ADA/USDT:USDT,0.825,43614.0,0.8249,104531.0,0.8251,46938.0,0.8252,64671.0
1753503366831,04:16:06.831,ADA/USDT:USDT,0.825,43614.0,0.8249,104531.0,0.8251,46938.0,0.8252,64671.0
1753503366981,04:16:06.981,ADA/USDT:USDT,0.825,43614.0,0.8249,105105.0,0.8251,46938.0,0.8252,64671.0
1753503367131,04:16:07.131,ADA/USDT:USDT,0.825,43614.0,0.8249,105105.0,0.8251,46938.0,0.8252,64671.0
1753503367281,04:16:07.281,ADA/USDT:USDT,0.825,43614.0,0.8249,104531.0,0.8251,62277.0,0.8252,68023.0
1753503367431,04:16:07.431,ADA/USDT:USDT,0.825,43614.0,0.8249,93915.0,0.8251,62277.0,0.8252,78636.0
1753503367581,04:16:07.581,ADA/USDT:USDT,0.825,43614.0,0.8249,93915.0,0.8251,62277.0,0.8252,78636.0
1753503367731,04:16:07.731,ADA/USDT:USDT,0.825,43614.0,0.8249,94489.0,0.8251,62277.0,0.8252,78054.0
1753503367881,04:16:07.881,ADA/USDT:USDT,0.825,44963.0,0.8249,94489.0,0.8251,62277.0,0.8252,78054.0
1753503368032,04:16:08.032,ADA/USDT:USDT,0.825,44963.0,0.8249,94489.0,0.8251,62277.0,0.8252,78054.0
1753503368182,04:16:08.182,ADA/USDT:USDT,0.825,44963.0,0.8249,94489.0,0.8251,62277.0,0.8252,78054.0
1753503368332,04:16:08.332,ADA/USDT:USDT,0.825,44963.0,0.8249,94489.0,0.8251,62277.0,0.8252,78636.0
1753503368482,04:16:08.482,ADA/USDT:USDT,0.825,43614.0,0.8249,105102.0,0.8251,62277.0,0.8252,78636.0
1753503368632,04:16:08.632,ADA/USDT:USDT,0.825,43614.0,0.8249,105102.0,0.8251,62277.0,0.8252,74702.0
1753503368782,04:16:08.782,ADA/USDT:USDT,0.825,43614.0,0.8249,105102.0,0.8251,62277.0,0.8252,74702.0
1753503368932,04:16:08.932,ADA/USDT:USDT,0.825,43614.0,0.8249,105102.0,0.8251,62277.0,0.8252,75284.0
1753503369082,04:16:09.082,ADA/USDT:USDT,0.825,44425.0,0.8249,105102.0,0.8251,35940.0,0.8252,75284.0
1753503369232,04:16:09.232,ADA/USDT:USDT,0.825,44425.0,0.8249,105102.0,0.8251,35940.0,0.8252,74702.0
1753503369382,04:16:09.382,ADA/USDT:USDT,0.825,44425.0,0.8249,105102.0,0.8251,35940.0,0.8252,75284.0
1753503369533,04:16:09.533,ADA/USDT:USDT,0.825,44425.0,0.8249,105102.0,0.8251,35940.0,0.8252,75284.0
1753503369683,04:16:09.683,ADA/USDT:USDT,0.825,43819.0,0.8249,105102.0,0.8251,46940.0,0.8252,75284.0
1753503369833,04:16:09.833,ADA/USDT:USDT,0.825,62319.0,0.8249,104528.0,0.8251,61440.0,0.8252,75284.0
1753503369983,04:16:09.983,ADA/USDT:USDT,0.825,62319.0,0.8249,104528.0,0.8251,61440.0,0.8252,75284.0
1753503370133,04:16:10.133,ADA/USDT:USDT,0.825,62319.0,0.8249,105093.0,0.8251,35940.0,0.8252,74702.0
1753503370283,04:16:10.283,ADA/USDT:USDT,0.825,62319.0,0.8249,105093.0,0.8251,35940.0,0.8252,74702.0
1753503370433,04:16:10.433,ADA/USDT:USDT,0.825,62319.0,0.8249,105093.0,0.8251,35940.0,0.8252,74702.0
1753503370583,04:16:10.583,ADA/USDT:USDT,0.825,62319.0,0.8249,105093.0,0.8251,35940.0,0.8252,74702.0
1753503370733,04:16:10.733,ADA/USDT:USDT,0.825,62319.0,0.8249,105093.0,0.8251,35940.0,0.8252,74702.0
1753503370883,04:16:10.883,ADA/USDT:USDT,0.825,62319.0,0.8249,105093.0,0.8251,35940.0,0.8252,74702.0
1753503371033,04:16:11.033,ADA/USDT:USDT,0.825,61757.0,0.8249,105093.0,0.8251,53440.0,0.8252,74702.0
1753503371183,04:16:11.183,ADA/USDT:USDT,0.825,61757.0,0.8249,105093.0,0.8251,53440.0,0.8252,74702.0
1753503371333,04:16:11.333,ADA/USDT:USDT,0.825,43257.0,0.8249,105093.0,0.8251,53440.0,0.8252,74702.0
1753503371484,04:16:11.484,ADA/USDT:USDT,0.825,47942.0,0.8249,105093.0,0.8251,53440.0,0.8252,74702.0
1753503371634,04:16:11.634,ADA/USDT:USDT,0.825,43257.0,0.8249,105093.0,0.8251,53440.0,0.8252,74702.0
1753503371784,04:16:11.784,ADA/USDT:USDT,0.825,55416.0,0.8249,105093.0,0.8251,61440.0,0.8252,74702.0
1753503371934,04:16:11.934,ADA/USDT:USDT,0.825,45416.0,0.8249,104528.0,0.8251,61440.0,0.8252,75284.0
1753503372084,04:16:12.084,ADA/USDT:USDT,0.825,45416.0,0.8249,104528.0,0.8251,61440.0,0.8252,75284.0
1753503372234,04:16:12.234,ADA/USDT:USDT,0.825,45416.0,0.8249,104528.0,0.8251,61440.0,0.8252,75284.0
1753503372384,04:16:12.384,ADA/USDT:USDT,0.825,45416.0,0.8249,104528.0,0.8251,61440.0,0.8252,75284.0
1753503372534,04:16:12.534,ADA/USDT:USDT,0.825,45416.0,0.8249,104528.0,0.8251,61440.0,0.8252,75421.0
1753503372684,04:16:12.684,ADA/USDT:USDT,0.825,17298.0,0.8249,66953.0,0.8251,61440.0,0.8252,76026.0
1753503372834,04:16:12.834,ADA/USDT:USDT,0.825,17298.0,0.8249,107154.0,0.8251,61440.0,0.8252,75421.0
1753503372984,04:16:12.984,ADA/USDT:USDT,0.825,27685.0,0.8249,107154.0,0.8251,61440.0,0.8252,75421.0
1753503373135,04:16:13.135,ADA/USDT:USDT,0.825,27685.0,0.8249,103265.0,0.8251,61440.0,0.8252,75421.0
1753503373285,04:16:13.285,ADA/USDT:USDT,0.825,27685.0,0.8249,103265.0,0.8251,61440.0,0.8252,75421.0
1753503373435,04:16:13.435,ADA/USDT:USDT,0.825,27685.0,0.8249,103265.0,0.8251,61440.0,0.8252,75421.0
1753503373585,04:16:13.585,ADA/USDT:USDT,0.825,18938.0,0.8249,103265.0,0.8251,61440.0,0.8252,75421.0
1753503373735,04:16:13.735,ADA/USDT:USDT,0.825,64767.0,0.8249,103265.0,0.8251,19377.0,0.8252,74839.0
1753503373885,04:16:13.885,ADA/USDT:USDT,0.825,65117.0,0.8249,103265.0,0.8251,17391.0,0.8252,49339.0
1753503374035,04:16:14.035,ADA/USDT:USDT,0.825,65117.0,0.8249,103265.0,0.8251,18202.0,0.8252,49339.0
1753503374185,04:16:14.185,ADA/USDT:USDT,0.825,65117.0,0.8249,103265.0,0.8251,37307.0,0.8252,49339.0
1753503374335,04:16:14.335,ADA/USDT:USDT,0.825,65107.0,0.8249,103265.0,0.8251,37657.0,0.8252,49921.0
1753503374485,04:16:14.485,ADA/USDT:USDT,0.825,65107.0,0.8249,103265.0,0.8251,37657.0,0.8252,49921.0
1753503374636,04:16:14.636,ADA/USDT:USDT,0.825,65107.0,0.8249,103265.0,0.8251,37657.0,0.8252,49921.0
1753503374786,04:16:14.786,ADA/USDT:USDT,0.825,18928.0,0.8249,86992.0,0.8251,68142.0,0.8252,49921.0
1753503374936,04:16:14.936,ADA/USDT:USDT,0.825,25476.0,0.8249,87549.0,0.8251,42642.0,0.8252,49339.0
1753503375086,04:16:15.086,ADA/USDT:USDT,0.825,44722.0,0.8249,87549.0,0.8251,35115.0,0.8252,49339.0
1753503375236,04:16:15.236,ADA/USDT:USDT,0.825,44722.0,0.8249,103265.0,0.8251,35115.0,0.8252,49339.0
1753503375386,04:16:15.386,ADA/USDT:USDT,0.825,44722.0,0.8249,103265.0,0.8251,35115.0,0.8252,49339.0
1753503375536,04:16:15.536,ADA/USDT:USDT,0.825,44732.0,0.8249,103265.0,0.8251,35115.0,0.8252,49339.0
1753503375686,04:16:15.686,ADA/USDT:USDT,0.825,70232.0,0.8249,103265.0,0.8251,55115.0,0.8252,49339.0
1753503375836,04:16:15.836,ADA/USDT:USDT,0.825,70232.0,0.8249,103265.0,0.8251,17741.0,0.8252,49339.0
1753503375986,04:16:15.986,ADA/USDT:USDT,0.825,70232.0,0.8249,103265.0,0.8251,17741.0,0.8252,49339.0
1753503376136,04:16:16.136,ADA/USDT:USDT,0.825,44732.0,0.8249,103265.0,0.8251,17741.0,0.8252,49339.0
1753503376286,04:16:16.286,ADA/USDT:USDT,0.825,44732.0,0.8249,103265.0,0.8251,18552.0,0.8252,49269.0
1753503376437,04:16:16.437,ADA/USDT:USDT,0.825,44732.0,0.8249,103265.0,0.8251,24601.0,0.8252,49269.0
1753503376587,04:16:16.587,ADA/USDT:USDT,0.825,44732.0,0.8249,103265.0,0.8251,24601.0,0.8252,49269.0
1753503376737,04:16:16.737,ADA/USDT:USDT,0.825,44732.0,0.8249,76379.0,0.8251,50101.0,0.8252,49851.0
1753503376887,04:16:16.887,ADA/USDT:USDT,0.825,43571.0,0.8249,76379.0,0.8251,50101.0,0.8252,49851.0
1753503377037,04:16:17.037,ADA/USDT:USDT,0.825,43571.0,0.8249,76379.0,0.8251,50101.0,0.8252,49851.0
1753503377187,04:16:17.187,ADA/USDT:USDT,0.825,43571.0,0.8249,76379.0,0.8251,50101.0,0.8252,49851.0
1753503377337,04:16:17.337,ADA/USDT:USDT,0.825,43571.0,0.8249,92094.0,0.8251,50101.0,0.8252,53203.0
1753503377487,04:16:17.487,ADA/USDT:USDT,0.825,43571.0,0.8249,92651.0,0.8251,50101.0,0.8252,53203.0
1753503377637,04:16:17.637,ADA/USDT:USDT,0.825,43571.0,0.8249,92651.0,0.8251,50101.0,0.8252,53203.0
1753503377787,04:16:17.787,ADA/USDT:USDT,0.825,43571.0,0.8249,92651.0,0.8251,50101.0,0.8252,53203.0
1753503377937,04:16:17.937,ADA/USDT:USDT,0.825,43571.0,0.8249,92651.0,0.8251,50101.0,0.8252,53203.0
1753503378088,04:16:18.088,ADA/USDT:USDT,0.825,43921.0,0.8249,92651.0,0.8251,50101.0,0.8252,53203.0
1753503378238,04:16:18.238,ADA/USDT:USDT,0.825,43921.0,0.8249,92651.0,0.8251,50101.0,0.8252,53203.0
1753503378388,04:16:18.388,ADA/USDT:USDT,0.825,43557.0,0.8249,103264.0,0.8251,50101.0,0.8252,53203.0
1753503378538,04:16:18.538,ADA/USDT:USDT,0.825,43557.0,0.8249,103264.0,0.8251,50101.0,0.8252,53203.0
1753503378688,04:16:18.688,ADA/USDT:USDT,0.825,35137.0,0.8249,103264.0,0.8251,50101.0,0.8252,53203.0
1753503378838,04:16:18.838,ADA/USDT:USDT,0.8249,60162.0,0.8248,52863.0,0.8251,44052.0,0.8252,54655.0
1753503378988,04:16:18.988,ADA/USDT:USDT,0.8249,55998.0,0.8248,68584.0,0.825,68684.0,0.8251,54653.0
1753503379138,04:16:19.138,ADA/USDT:USDT,0.8249,1949.0,0.8248,94685.0,0.825,79612.0,0.8251,61153.0
1753503379288,04:16:19.288,ADA/USDT:USDT,0.8249,4402.0,0.8248,86469.0,0.825,79030.0,0.8251,61176.0
1753503379438,04:16:19.438,ADA/USDT:USDT,0.8249,58534.0,0.8248,97374.0,0.825,46484.0,0.8251,80733.0
1753503379588,04:16:19.588,ADA/USDT:USDT,0.8249,58534.0,0.8248,97374.0,0.825,46484.0,0.8251,81315.0
1753503379739,04:16:19.739,ADA/USDT:USDT,0.8249,48023.0,0.8248,97374.0,0.825,46484.0,0.8251,81315.0
1753503379889,04:16:19.889,ADA/USDT:USDT,0.8249,48023.0,0.8248,97374.0,0.825,46484.0,0.8251,81315.0
1753503380039,04:16:20.039,ADA/USDT:USDT,0.8249,48023.0,0.8248,97374.0,0.825,46484.0,0.8251,81315.0
1753503380189,04:16:20.189,ADA/USDT:USDT,0.8249,48023.0,0.8248,97374.0,0.825,46484.0,0.8251,81315.0
1753503380339,04:16:20.339,ADA/USDT:USDT,0.8249,48023.0,0.8248,97374.0,0.825,46484.0,0.8251,81315.0
1753503380489,04:16:20.489,ADA/USDT:USDT,0.8249,48023.0,0.8248,97374.0,0.825,46484.0,0.8251,81315.0
1753503380639,04:16:20.639,ADA/USDT:USDT,0.8249,48023.0,0.8248,97374.0,0.825,46484.0,0.8251,80733.0
1753503380789,04:16:20.789,ADA/USDT:USDT,0.8249,48023.0,0.8248,97374.0,0.825,46484.0,0.8251,80589.0
1753503380939,04:16:20.939,ADA/USDT:USDT,0.8249,48023.0,0.8248,97374.0,0.825,46484.0,0.8251,80589.0
1753503381089,04:16:21.089,ADA/USDT:USDT,0.8249,48023.0,0.8248,97374.0,0.825,46484.0,0.8251,80589.0
1753503381239,04:16:21.239,ADA/USDT:USDT,0.8249,47210.0,0.8248,107464.0,0.825,46484.0,0.8251,80589.0
1753503381389,04:16:21.389,ADA/USDT:USDT,0.8249,47210.0,0.8248,107464.0,0.825,46484.0,0.8251,80589.0
1753503381540,04:16:21.540,ADA/USDT:USDT,0.8249,47210.0,0.8248,107464.0,0.825,46484.0,0.8251,80709.0
1753503381690,04:16:21.690,ADA/USDT:USDT,0.8249,56210.0,0.8248,107464.0,0.825,46484.0,0.8251,80709.0
1753503381840,04:16:21.840,ADA/USDT:USDT,0.8249,56210.0,0.8248,107464.0,0.825,46484.0,0.8251,80709.0
1753503381990,04:16:21.990,ADA/USDT:USDT,0.8249,47210.0,0.8248,107464.0,0.825,46484.0,0.8251,80709.0
1753503382140,04:16:22.140,ADA/USDT:USDT,0.8249,47210.0,0.8248,107464.0,0.825,46484.0,0.8251,80709.0
1753503382290,04:16:22.290,ADA/USDT:USDT,0.8249,47210.0,0.8248,107464.0,0.825,46484.0,0.8251,80709.0
1753503382440,04:16:22.440,ADA/USDT:USDT,0.8249,47210.0,0.8248,107464.0,0.825,46484.0,0.8251,80709.0
1753503382590,04:16:22.590,ADA/USDT:USDT,0.8249,47210.0,0.8248,81135.0,0.825,61823.0,0.8251,80709.0
1753503382740,04:16:22.740,ADA/USDT:USDT,0.8249,47210.0,0.8248,81135.0,0.825,61823.0,0.8251,81314.0
1753503382890,04:16:22.890,ADA/USDT:USDT,0.8249,47210.0,0.8248,91749.0,0.825,61823.0,0.8251,81314.0
1753503383040,04:16:23.040,ADA/USDT:USDT,0.8249,47210.0,0.8248,91749.0,0.825,61823.0,0.8251,81314.0
1753503383191,04:16:23.191,ADA/USDT:USDT,0.8249,47210.0,0.8248,91749.0,0.825,61823.0,0.8251,81314.0
1753503383341,04:16:23.341,ADA/USDT:USDT,0.8249,47210.0,0.8248,91749.0,0.825,61823.0,0.8251,81314.0
1753503383491,04:16:23.491,ADA/USDT:USDT,0.8249,47210.0,0.8248,91749.0,0.825,61823.0,0.8251,81314.0
1753503383641,04:16:23.641,ADA/USDT:USDT,0.8249,47210.0,0.8248,91749.0,0.825,61823.0,0.8251,81314.0
1753503383791,04:16:23.791,ADA/USDT:USDT,0.8249,47210.0,0.8248,91749.0,0.825,61823.0,0.8251,81314.0
1753503383941,04:16:23.941,ADA/USDT:USDT,0.8249,47210.0,0.8248,91749.0,0.825,61823.0,0.8251,81314.0
1753503384091,04:16:24.091,ADA/USDT:USDT,0.8249,47210.0,0.8248,91749.0,0.825,61823.0,0.8251,81314.0
1753503384241,04:16:24.241,ADA/USDT:USDT,0.8249,47210.0,0.8248,91749.0,0.825,61823.0,0.8251,81314.0
1753503384391,04:16:24.391,ADA/USDT:USDT,0.8249,47210.0,0.8248,91749.0,0.825,61823.0,0.8251,81314.0
1753503384541,04:16:24.541,ADA/USDT:USDT,0.8249,47210.0,0.8248,91749.0,0.825,61823.0,0.8251,81314.0
1753503384691,04:16:24.691,ADA/USDT:USDT,0.8249,35491.0,0.8248,91749.0,0.825,61823.0,0.8251,81314.0
1753503384841,04:16:24.841,ADA/USDT:USDT,0.8249,1640.0,0.8248,60359.0,0.825,61823.0,0.8251,81314.0
1753503384992,04:16:24.992,ADA/USDT:USDT,0.8247,51551.0,0.8246,97659.0,0.8248,14808.0,0.8249,53204.0
1753503385142,04:16:25.142,ADA/USDT:USDT,0.8247,51551.0,0.8246,97660.0,0.8248,48309.0,0.8249,69287.0
1753503385292,04:16:25.292,ADA/USDT:USDT,0.8247,51551.0,0.8246,130771.0,0.8248,37127.0,0.8249,70100.0
