timestamp,time,symbol,bid1_price,bid1_volume,bid2_price,bid2_volume,ask1_price,ask1_volume,ask2_price,ask2_volume
1753503734102,04:22:14.102,AAVE/USDT:USDT,297.59,1.2,297.58,25.8,297.6,0.6,297.62,6.4
1753503734252,04:22:14.252,AAVE/USDT:USDT,297.59,0.7,297.58,25.8,297.6,1.4,297.61,1.8
1753503734402,04:22:14.402,AAVE/USDT:USDT,297.59,0.7,297.58,25.8,297.6,1.4,297.61,3.4
1753503734552,04:22:14.552,AAVE/USDT:USDT,297.59,0.7,297.58,26.8,297.6,1.4,297.61,3.4
1753503734702,04:22:14.702,AAVE/USDT:USDT,297.59,1.0,297.58,26.8,297.6,3.7,297.61,3.4
1753503734852,04:22:14.852,AAVE/USDT:USDT,297.59,1.2,297.58,26.8,297.6,3.7,297.61,3.4
1753503735011,04:22:15.011,AAVE/USDT:USDT,297.59,1.5,297.58,26.8,297.6,3.7,297.61,3.4
1753503735180,04:22:15.180,AAVE/USDT:USDT,297.59,1.5,297.58,26.8,297.6,3.7,297.61,3.4
1753503735353,04:22:15.353,AAVE/USDT:USDT,297.59,1.5,297.58,26.8,297.6,3.7,297.61,3.4
1753503735528,04:22:15.528,AAVE/USDT:USDT,297.59,1.2,297.58,27.1,297.6,3.7,297.61,4.9
1753503735679,04:22:15.679,AAVE/USDT:USDT,297.59,1.5,297.58,27.1,297.6,3.7,297.61,4.9
1753503735830,04:22:15.830,AAVE/USDT:USDT,297.59,1.5,297.58,27.1,297.6,3.4,297.61,3.4
1753503736029,04:22:16.029,AAVE/USDT:USDT,297.59,1.5,297.58,27.1,297.6,3.4,297.61,4.9
1753503736179,04:22:16.179,AAVE/USDT:USDT,297.59,1.5,297.58,27.1,297.6,3.7,297.61,4.9
1753503736329,04:22:16.329,AAVE/USDT:USDT,297.59,1.2,297.58,27.1,297.6,3.7,297.61,4.9
1753503736329,04:22:16.329,AAVE/USDT:USDT,297.59,1.2,297.58,27.1,297.6,3.7,297.61,4.9
1753503736479,04:22:16.479,AAVE/USDT:USDT,297.59,1.2,297.58,26.8,297.6,0.8,297.61,4.9
1753503736479,04:22:16.479,AAVE/USDT:USDT,297.59,1.2,297.58,26.8,297.6,0.8,297.61,4.9
1753503736629,04:22:16.629,AAVE/USDT:USDT,297.59,1.2,297.58,26.8,297.6,3.2,297.61,4.9
1753503736629,04:22:16.629,AAVE/USDT:USDT,297.59,1.2,297.58,26.8,297.6,3.2,297.61,4.9
1753503736780,04:22:16.780,AAVE/USDT:USDT,297.59,1.2,297.58,26.8,297.6,3.2,297.61,4.9
1753503736780,04:22:16.780,AAVE/USDT:USDT,297.59,1.2,297.58,26.8,297.6,3.2,297.61,4.9
1753503736941,04:22:16.941,AAVE/USDT:USDT,297.59,1.5,297.58,26.8,297.6,3.2,297.61,4.9
1753503736941,04:22:16.941,AAVE/USDT:USDT,297.59,1.5,297.58,26.8,297.6,3.2,297.61,4.9
1753503737104,04:22:17.104,AAVE/USDT:USDT,297.59,1.5,297.58,26.8,297.6,3.2,297.61,4.9
1753503737104,04:22:17.104,AAVE/USDT:USDT,297.59,1.5,297.58,26.8,297.6,3.2,297.61,4.9
1753503737253,04:22:17.253,AAVE/USDT:USDT,297.59,1.2,297.58,26.8,297.6,3.2,297.61,4.9
1753503737253,04:22:17.253,AAVE/USDT:USDT,297.59,1.2,297.58,26.8,297.6,3.2,297.61,4.9
1753503737404,04:22:17.404,AAVE/USDT:USDT,297.59,1.2,297.58,25.8,297.6,3.2,297.61,4.9
1753503737404,04:22:17.404,AAVE/USDT:USDT,297.59,1.2,297.58,25.8,297.6,3.2,297.61,4.9
1753503737554,04:22:17.554,AAVE/USDT:USDT,297.59,1.2,297.58,26.8,297.6,3.2,297.61,4.9
1753503737554,04:22:17.554,AAVE/USDT:USDT,297.59,1.2,297.58,26.8,297.6,3.2,297.61,4.9
1753503737704,04:22:17.704,AAVE/USDT:USDT,297.59,1.2,297.58,26.8,297.6,3.2,297.61,4.9
1753503737704,04:22:17.704,AAVE/USDT:USDT,297.59,1.2,297.58,26.8,297.6,3.2,297.61,4.9
1753503737854,04:22:17.854,AAVE/USDT:USDT,297.59,1.8,297.58,26.8,297.6,2.9,297.61,3.4
1753503737854,04:22:17.854,AAVE/USDT:USDT,297.59,1.8,297.58,26.8,297.6,2.9,297.61,3.4
1753503738004,04:22:18.004,AAVE/USDT:USDT,297.59,1.8,297.58,26.8,297.6,2.9,297.61,3.4
1753503738004,04:22:18.004,AAVE/USDT:USDT,297.59,1.8,297.58,26.8,297.6,2.9,297.61,3.4
1753503738154,04:22:18.154,AAVE/USDT:USDT,297.59,1.8,297.58,26.8,297.6,3.2,297.61,3.4
1753503738154,04:22:18.154,AAVE/USDT:USDT,297.59,1.8,297.58,26.8,297.6,3.2,297.61,3.4
1753503738304,04:22:18.304,AAVE/USDT:USDT,297.59,1.8,297.58,26.8,297.6,3.2,297.61,3.4
1753503738304,04:22:18.304,AAVE/USDT:USDT,297.59,1.8,297.58,26.8,297.6,3.2,297.61,3.4
1753503738454,04:22:18.454,AAVE/USDT:USDT,297.59,1.5,297.58,26.8,297.6,3.2,297.61,4.9
1753503738454,04:22:18.454,AAVE/USDT:USDT,297.59,1.5,297.58,26.8,297.6,3.2,297.61,4.9
1753503738604,04:22:18.604,AAVE/USDT:USDT,297.59,1.2,297.58,26.8,297.6,3.2,297.61,4.9
1753503738604,04:22:18.604,AAVE/USDT:USDT,297.59,1.2,297.58,26.8,297.6,3.2,297.61,4.9
1753503738754,04:22:18.754,AAVE/USDT:USDT,297.59,1.2,297.58,25.8,297.6,3.2,297.61,4.9
1753503738754,04:22:18.754,AAVE/USDT:USDT,297.59,1.2,297.58,25.8,297.6,3.2,297.61,4.9
1753503738904,04:22:18.904,AAVE/USDT:USDT,297.59,1.5,297.58,26.1,297.6,2.9,297.61,3.4
1753503738904,04:22:18.904,AAVE/USDT:USDT,297.59,1.5,297.58,26.1,297.6,2.9,297.61,3.4
1753503739055,04:22:19.055,AAVE/USDT:USDT,297.59,2.5,297.58,26.1,297.6,2.4,297.61,3.4
1753503739055,04:22:19.055,AAVE/USDT:USDT,297.59,2.5,297.58,26.1,297.6,2.4,297.61,3.4
1753503739205,04:22:19.205,AAVE/USDT:USDT,297.59,2.5,297.58,26.1,297.6,2.4,297.61,3.4
1753503739205,04:22:19.205,AAVE/USDT:USDT,297.59,2.5,297.58,26.1,297.6,2.4,297.61,3.4
1753503739355,04:22:19.355,AAVE/USDT:USDT,297.59,2.5,297.58,26.1,297.6,2.4,297.61,3.4
1753503739355,04:22:19.355,AAVE/USDT:USDT,297.59,2.5,297.58,26.1,297.6,2.4,297.61,3.4
1753503739505,04:22:19.505,AAVE/USDT:USDT,297.59,2.5,297.58,26.1,297.6,2.4,297.61,3.4
1753503739505,04:22:19.505,AAVE/USDT:USDT,297.59,2.5,297.58,26.1,297.6,2.4,297.61,3.4
1753503739655,04:22:19.655,AAVE/USDT:USDT,297.59,2.5,297.58,26.1,297.6,2.4,297.61,3.4
1753503739655,04:22:19.655,AAVE/USDT:USDT,297.59,2.5,297.58,26.1,297.6,2.4,297.61,3.4
1753503739805,04:22:19.805,AAVE/USDT:USDT,297.59,5.3,297.58,27.9,297.63,1.8,297.64,1.1
1753503739805,04:22:19.805,AAVE/USDT:USDT,297.59,5.3,297.58,27.9,297.63,1.8,297.64,1.1
1753503739955,04:22:19.955,AAVE/USDT:USDT,297.62,0.5,297.6,0.3,297.63,2.1,297.64,2.6
1753503739955,04:22:19.955,AAVE/USDT:USDT,297.62,0.5,297.6,0.3,297.63,2.1,297.64,2.6
1753503740105,04:22:20.105,AAVE/USDT:USDT,297.62,0.5,297.59,4.7,297.63,4.0,297.64,4.3
1753503740255,04:22:20.255,AAVE/USDT:USDT,297.62,0.5,297.59,4.7,297.63,5.0,297.64,4.3
1753503740255,04:22:20.255,AAVE/USDT:USDT,297.62,0.5,297.59,4.7,297.63,5.0,297.64,4.3
1753503740405,04:22:20.405,AAVE/USDT:USDT,297.62,0.5,297.59,4.7,297.63,5.0,297.64,4.3
1753503740555,04:22:20.555,AAVE/USDT:USDT,297.62,0.5,297.59,4.7,297.63,5.0,297.64,4.3
1753503740555,04:22:20.555,AAVE/USDT:USDT,297.62,0.5,297.59,4.7,297.63,5.0,297.64,4.3
1753503740705,04:22:20.705,AAVE/USDT:USDT,297.62,0.5,297.59,4.7,297.63,5.0,297.64,4.3
1753503740705,04:22:20.705,AAVE/USDT:USDT,297.62,0.5,297.59,4.7,297.63,5.0,297.64,4.3
1753503740856,04:22:20.856,AAVE/USDT:USDT,297.62,0.8,297.61,0.3,297.63,4.7,297.64,4.3
1753503740856,04:22:20.856,AAVE/USDT:USDT,297.62,0.8,297.61,0.3,297.63,4.7,297.64,4.3
1753503741006,04:22:21.006,AAVE/USDT:USDT,297.62,0.8,297.61,0.3,297.63,5.7,297.64,4.3
1753503741006,04:22:21.006,AAVE/USDT:USDT,297.62,0.8,297.61,0.3,297.63,5.7,297.64,4.3
1753503741156,04:22:21.156,AAVE/USDT:USDT,297.62,0.5,297.61,0.3,297.63,6.0,297.64,4.3
1753503741156,04:22:21.156,AAVE/USDT:USDT,297.62,0.5,297.61,0.3,297.63,6.0,297.64,4.3
1753503741306,04:22:21.306,AAVE/USDT:USDT,297.62,0.5,297.59,2.7,297.63,6.0,297.64,4.3
1753503741306,04:22:21.306,AAVE/USDT:USDT,297.62,0.5,297.59,2.7,297.63,6.0,297.64,4.3
1753503741456,04:22:21.456,AAVE/USDT:USDT,297.59,2.7,297.58,25.8,297.63,6.0,297.64,4.3
1753503741456,04:22:21.456,AAVE/USDT:USDT,297.59,2.7,297.58,25.8,297.63,6.0,297.64,4.3
1753503741606,04:22:21.606,AAVE/USDT:USDT,297.59,1.2,297.58,25.8,297.6,0.6,297.61,0.3
1753503741606,04:22:21.606,AAVE/USDT:USDT,297.59,1.2,297.58,25.8,297.6,0.6,297.61,0.3
1753503741756,04:22:21.756,AAVE/USDT:USDT,297.59,3.5,297.58,27.1,297.62,8.7,297.63,5.6
1753503741906,04:22:21.906,AAVE/USDT:USDT,297.61,0.5,297.6,0.3,297.62,2.4,297.63,5.6
1753503741906,04:22:21.906,AAVE/USDT:USDT,297.61,0.5,297.6,0.3,297.62,2.4,297.63,5.6
1753503742056,04:22:22.056,AAVE/USDT:USDT,297.61,0.5,297.6,0.3,297.62,4.2,297.63,5.6
1753503742056,04:22:22.056,AAVE/USDT:USDT,297.61,0.5,297.6,0.3,297.62,4.2,297.63,5.6
1753503742206,04:22:22.206,AAVE/USDT:USDT,297.56,0.5,297.55,25.8,297.58,0.3,297.6,323.2
1753503742206,04:22:22.206,AAVE/USDT:USDT,297.56,0.5,297.55,25.8,297.58,0.3,297.6,323.2
1753503742356,04:22:22.356,AAVE/USDT:USDT,297.56,1.0,297.55,25.8,297.57,2.6,297.58,2.2
1753503742356,04:22:22.356,AAVE/USDT:USDT,297.56,1.0,297.55,25.8,297.57,2.6,297.58,2.2
1753503742506,04:22:22.506,AAVE/USDT:USDT,297.6,2.4,297.59,5.2,297.61,1.6,297.62,11.2
1753503742657,04:22:22.657,AAVE/USDT:USDT,297.6,3.2,297.59,0.5,297.61,1.9,297.62,3.9
1753503742657,04:22:22.657,AAVE/USDT:USDT,297.6,3.2,297.59,0.5,297.61,1.9,297.62,3.9
1753503742807,04:22:22.807,AAVE/USDT:USDT,297.6,3.2,297.59,0.5,297.61,2.1,297.62,3.9
1753503742807,04:22:22.807,AAVE/USDT:USDT,297.6,3.2,297.59,0.5,297.61,2.1,297.62,3.9
1753503742957,04:22:22.957,AAVE/USDT:USDT,297.6,0.8,297.59,0.5,297.61,2.1,297.62,2.4
1753503743107,04:22:23.107,AAVE/USDT:USDT,297.6,0.8,297.59,1.5,297.61,4.0,297.62,2.4
1753503743257,04:22:23.257,AAVE/USDT:USDT,297.6,0.8,297.59,1.5,297.61,2.5,297.62,2.4
1753503743257,04:22:23.257,AAVE/USDT:USDT,297.6,0.8,297.59,1.5,297.61,2.5,297.62,2.4
1753503743407,04:22:23.407,AAVE/USDT:USDT,297.6,0.8,297.59,1.8,297.61,2.5,297.62,2.4
1753503743557,04:22:23.557,AAVE/USDT:USDT,297.6,0.8,297.59,2.5,297.61,2.0,297.62,3.9
1753503743557,04:22:23.557,AAVE/USDT:USDT,297.6,0.8,297.59,2.5,297.61,2.0,297.62,3.9
1753503743707,04:22:23.707,AAVE/USDT:USDT,297.6,0.8,297.59,2.7,297.61,2.0,297.62,3.9
1753503743707,04:22:23.707,AAVE/USDT:USDT,297.6,0.8,297.59,2.7,297.61,2.0,297.62,3.9
1753503743857,04:22:23.857,AAVE/USDT:USDT,297.6,0.8,297.59,2.7,297.61,2.3,297.62,3.9
1753503743857,04:22:23.857,AAVE/USDT:USDT,297.6,0.8,297.59,2.7,297.61,2.3,297.62,3.9
1753503744007,04:22:24.007,AAVE/USDT:USDT,297.6,0.8,297.59,2.7,297.61,3.4,297.62,3.9
1753503744007,04:22:24.007,AAVE/USDT:USDT,297.6,0.8,297.59,2.7,297.61,3.4,297.62,3.9
1753503744157,04:22:24.157,AAVE/USDT:USDT,297.6,0.8,297.59,1.5,297.61,3.4,297.62,3.9
1753503744157,04:22:24.157,AAVE/USDT:USDT,297.6,0.8,297.59,1.5,297.61,3.4,297.62,3.9
1753503744307,04:22:24.307,AAVE/USDT:USDT,297.6,0.8,297.59,1.2,297.61,3.4,297.62,3.9
1753503744307,04:22:24.307,AAVE/USDT:USDT,297.6,0.8,297.59,1.2,297.61,3.4,297.62,3.9
1753503744458,04:22:24.458,AAVE/USDT:USDT,297.6,0.5,297.59,1.2,297.61,3.4,297.62,3.9
1753503744458,04:22:24.458,AAVE/USDT:USDT,297.6,0.5,297.59,1.2,297.61,3.4,297.62,3.9
1753503744608,04:22:24.608,AAVE/USDT:USDT,297.6,0.8,297.59,1.2,297.61,3.4,297.62,2.4
1753503744608,04:22:24.608,AAVE/USDT:USDT,297.6,0.8,297.59,1.2,297.61,3.4,297.62,2.4
1753503744758,04:22:24.758,AAVE/USDT:USDT,297.6,0.8,297.59,2.2,297.61,3.1,297.62,2.4
1753503744758,04:22:24.758,AAVE/USDT:USDT,297.6,0.8,297.59,2.2,297.61,3.1,297.62,2.4
1753503744908,04:22:24.908,AAVE/USDT:USDT,297.6,0.8,297.59,2.2,297.61,3.1,297.62,2.4
1753503744908,04:22:24.908,AAVE/USDT:USDT,297.6,0.8,297.59,2.2,297.61,3.1,297.62,2.4
1753503745058,04:22:25.058,AAVE/USDT:USDT,297.6,0.8,297.59,2.5,297.61,3.4,297.62,2.4
1753503745058,04:22:25.058,AAVE/USDT:USDT,297.6,0.8,297.59,2.5,297.61,3.4,297.62,2.4
1753503745208,04:22:25.208,AAVE/USDT:USDT,297.6,0.8,297.59,1.5,297.61,1.9,297.62,2.4
1753503745208,04:22:25.208,AAVE/USDT:USDT,297.6,0.8,297.59,1.5,297.61,1.9,297.62,2.4
1753503745358,04:22:25.358,AAVE/USDT:USDT,297.6,1.5,297.59,1.5,297.61,1.9,297.62,2.4
1753503745508,04:22:25.508,AAVE/USDT:USDT,297.6,0.8,297.59,1.2,297.61,1.9,297.62,3.9
1753503745508,04:22:25.508,AAVE/USDT:USDT,297.6,0.8,297.59,1.2,297.61,1.9,297.62,3.9
1753503745658,04:22:25.658,AAVE/USDT:USDT,297.6,0.5,297.59,1.2,297.61,1.9,297.62,3.9
1753503745658,04:22:25.658,AAVE/USDT:USDT,297.6,0.5,297.59,1.2,297.61,1.9,297.62,3.9
1753503745808,04:22:25.808,AAVE/USDT:USDT,297.6,0.5,297.59,1.2,297.61,3.0,297.62,5.9
1753503745808,04:22:25.808,AAVE/USDT:USDT,297.6,0.5,297.59,1.2,297.61,3.0,297.62,5.9
1753503745958,04:22:25.958,AAVE/USDT:USDT,297.59,1.2,297.58,25.8,297.6,0.3,297.61,2.7
1753503745958,04:22:25.958,AAVE/USDT:USDT,297.59,1.2,297.58,25.8,297.6,0.3,297.61,2.7
1753503746108,04:22:26.108,AAVE/USDT:USDT,297.59,1.5,297.58,26.8,297.6,1.4,297.61,2.1
1753503746108,04:22:26.108,AAVE/USDT:USDT,297.59,1.5,297.58,26.8,297.6,1.4,297.61,2.1
1753503746259,04:22:26.259,AAVE/USDT:USDT,297.59,1.5,297.58,26.8,297.6,1.4,297.61,2.1
1753503746259,04:22:26.259,AAVE/USDT:USDT,297.59,1.5,297.58,26.8,297.6,1.4,297.61,2.1
1753503746409,04:22:26.409,AAVE/USDT:USDT,297.59,1.5,297.58,26.8,297.6,1.4,297.61,2.1
1753503746409,04:22:26.409,AAVE/USDT:USDT,297.59,1.5,297.58,26.8,297.6,1.4,297.61,2.1
1753503746559,04:22:26.559,AAVE/USDT:USDT,297.59,1.2,297.58,25.8,297.6,1.4,297.61,2.1
1753503746559,04:22:26.559,AAVE/USDT:USDT,297.59,1.2,297.58,25.8,297.6,1.4,297.61,2.1
1753503746709,04:22:26.709,AAVE/USDT:USDT,297.59,1.2,297.58,25.8,297.6,1.4,297.61,2.1
1753503746709,04:22:26.709,AAVE/USDT:USDT,297.59,1.2,297.58,25.8,297.6,1.4,297.61,2.1
1753503746859,04:22:26.859,AAVE/USDT:USDT,297.59,1.2,297.58,25.8,297.6,1.4,297.61,2.1
1753503746859,04:22:26.859,AAVE/USDT:USDT,297.59,1.2,297.58,25.8,297.6,1.4,297.61,2.1
1753503747009,04:22:27.009,AAVE/USDT:USDT,297.55,26.3,297.54,1.0,297.56,0.5,297.57,0.3
1753503747009,04:22:27.009,AAVE/USDT:USDT,297.55,26.3,297.54,1.0,297.56,0.5,297.57,0.3
1753503747159,04:22:27.159,AAVE/USDT:USDT,297.55,0.5,297.54,2.0,297.56,1.4,297.58,3.4
1753503747159,04:22:27.159,AAVE/USDT:USDT,297.55,0.5,297.54,2.0,297.56,1.4,297.58,3.4
1753503747309,04:22:27.309,AAVE/USDT:USDT,297.55,2.5,297.54,2.3,297.6,1.4,297.61,33.8
1753503747309,04:22:27.309,AAVE/USDT:USDT,297.55,2.5,297.54,2.3,297.6,1.4,297.61,33.8
1753503747459,04:22:27.459,AAVE/USDT:USDT,297.59,0.5,297.57,0.3,297.6,6.1,297.61,27.0
1753503747459,04:22:27.459,AAVE/USDT:USDT,297.59,0.5,297.57,0.3,297.6,6.1,297.61,27.0
1753503747609,04:22:27.609,AAVE/USDT:USDT,297.59,0.5,297.57,0.3,297.6,6.4,297.61,30.0
1753503747759,04:22:27.759,AAVE/USDT:USDT,297.59,0.5,297.57,0.3,297.6,6.4,297.61,30.0
1753503747759,04:22:27.759,AAVE/USDT:USDT,297.59,0.5,297.57,0.3,297.6,6.4,297.61,30.0
1753503747909,04:22:27.909,AAVE/USDT:USDT,297.59,0.5,297.57,0.3,297.6,6.4,297.61,30.0
1753503747909,04:22:27.909,AAVE/USDT:USDT,297.59,0.5,297.57,0.3,297.6,6.4,297.61,30.0
1753503748060,04:22:28.060,AAVE/USDT:USDT,297.59,0.5,297.57,0.3,297.6,6.4,297.61,30.0
1753503748210,04:22:28.210,AAVE/USDT:USDT,297.59,0.5,297.57,0.3,297.6,6.4,297.61,30.0
1753503748210,04:22:28.210,AAVE/USDT:USDT,297.59,0.5,297.57,0.3,297.6,6.4,297.61,30.0
1753503748360,04:22:28.360,AAVE/USDT:USDT,297.59,0.5,297.55,3.1,297.6,6.4,297.61,30.0
1753503748360,04:22:28.360,AAVE/USDT:USDT,297.59,0.5,297.55,3.1,297.6,6.4,297.61,30.0
1753503748510,04:22:28.510,AAVE/USDT:USDT,297.55,3.1,297.54,1.3,297.6,6.4,297.61,29.6
1753503748660,04:22:28.660,AAVE/USDT:USDT,297.57,0.3,297.55,3.1,297.58,0.3,297.6,13.5
1753503748660,04:22:28.660,AAVE/USDT:USDT,297.57,0.3,297.55,3.1,297.58,0.3,297.6,13.5
1753503748810,04:22:28.810,AAVE/USDT:USDT,297.57,0.5,297.56,1.0,297.58,0.9,297.6,20.3
1753503748810,04:22:28.810,AAVE/USDT:USDT,297.57,0.5,297.56,1.0,297.58,0.9,297.6,20.3
1753503748960,04:22:28.960,AAVE/USDT:USDT,297.57,0.5,297.56,1.0,297.58,0.9,297.6,20.3
1753503748960,04:22:28.960,AAVE/USDT:USDT,297.57,0.5,297.56,1.0,297.58,0.9,297.6,20.3
1753503749110,04:22:29.110,AAVE/USDT:USDT,297.57,0.5,297.56,1.0,297.58,0.9,297.6,20.3
1753503749260,04:22:29.260,AAVE/USDT:USDT,297.57,0.8,297.56,1.0,297.58,0.9,297.6,20.3
1753503749260,04:22:29.260,AAVE/USDT:USDT,297.57,0.8,297.56,1.0,297.58,0.9,297.6,20.3
1753503749410,04:22:29.410,AAVE/USDT:USDT,297.57,0.8,297.56,1.0,297.58,0.9,297.6,20.3
1753503749410,04:22:29.410,AAVE/USDT:USDT,297.57,0.8,297.56,1.0,297.58,0.9,297.6,20.3
1753503749560,04:22:29.560,AAVE/USDT:USDT,297.57,0.8,297.56,1.0,297.58,1.4,297.6,20.3
1753503749710,04:22:29.710,AAVE/USDT:USDT,297.57,0.8,297.56,1.0,297.58,1.4,297.6,20.3
1753503749710,04:22:29.710,AAVE/USDT:USDT,297.57,0.8,297.56,1.0,297.58,1.4,297.6,20.3
1753503749861,04:22:29.861,AAVE/USDT:USDT,297.57,0.8,297.56,1.0,297.58,1.4,297.6,20.3
1753503749861,04:22:29.861,AAVE/USDT:USDT,297.57,0.8,297.56,1.0,297.58,1.4,297.6,20.3
1753503750011,04:22:30.011,AAVE/USDT:USDT,297.57,3.1,297.56,1.0,297.58,0.5,297.6,10.1
1753503750161,04:22:30.161,AAVE/USDT:USDT,297.57,3.1,297.56,1.0,297.58,0.3,297.6,10.1
1753503750311,04:22:30.311,AAVE/USDT:USDT,297.57,0.8,297.56,1.0,297.58,0.3,297.6,10.1
1753503750311,04:22:30.311,AAVE/USDT:USDT,297.57,0.8,297.56,1.0,297.58,0.3,297.6,10.1
1753503750461,04:22:30.461,AAVE/USDT:USDT,297.57,0.8,297.56,1.3,297.58,0.3,297.6,16.8
1753503750461,04:22:30.461,AAVE/USDT:USDT,297.57,0.8,297.56,1.3,297.58,0.3,297.6,16.8
1753503750611,04:22:30.611,AAVE/USDT:USDT,297.57,0.8,297.56,1.3,297.58,0.3,297.6,16.8
1753503750761,04:22:30.761,AAVE/USDT:USDT,297.57,0.8,297.56,1.3,297.58,0.3,297.6,16.8
1753503750761,04:22:30.761,AAVE/USDT:USDT,297.57,0.8,297.56,1.3,297.58,0.3,297.6,16.8
1753503750911,04:22:30.911,AAVE/USDT:USDT,297.57,0.8,297.56,1.3,297.58,0.3,297.6,16.8
1753503751061,04:22:31.061,AAVE/USDT:USDT,297.57,0.5,297.56,1.0,297.58,0.3,297.59,1.5
1753503751061,04:22:31.061,AAVE/USDT:USDT,297.57,0.5,297.56,1.0,297.58,0.3,297.59,1.5
1753503751211,04:22:31.211,AAVE/USDT:USDT,297.57,0.8,297.56,1.0,297.58,0.8,297.59,1.5
1753503751211,04:22:31.211,AAVE/USDT:USDT,297.57,0.8,297.56,1.0,297.58,0.8,297.59,1.5
1753503751361,04:22:31.361,AAVE/USDT:USDT,297.57,0.8,297.56,1.3,297.58,0.8,297.59,1.5
1753503751511,04:22:31.511,AAVE/USDT:USDT,297.57,0.8,297.56,1.3,297.58,0.8,297.59,1.5
1753503751511,04:22:31.511,AAVE/USDT:USDT,297.57,0.8,297.56,1.3,297.58,0.8,297.59,1.5
1753503751662,04:22:31.662,AAVE/USDT:USDT,297.57,0.8,297.55,1.1,297.58,0.8,297.59,1.5
1753503751662,04:22:31.662,AAVE/USDT:USDT,297.57,0.8,297.55,1.1,297.58,0.8,297.59,1.5
1753503751812,04:22:31.812,AAVE/USDT:USDT,297.57,0.8,297.56,1.0,297.58,0.8,297.6,16.8
1753503751812,04:22:31.812,AAVE/USDT:USDT,297.57,0.8,297.56,1.0,297.58,0.8,297.6,16.8
1753503751962,04:22:31.962,AAVE/USDT:USDT,297.57,1.1,297.56,1.0,297.58,0.5,297.6,16.8
1753503751962,04:22:31.962,AAVE/USDT:USDT,297.57,1.1,297.56,1.0,297.58,0.5,297.6,16.8
1753503752112,04:22:32.112,AAVE/USDT:USDT,297.57,0.8,297.56,1.0,297.58,0.5,297.6,16.8
1753503752112,04:22:32.112,AAVE/USDT:USDT,297.57,0.8,297.56,1.0,297.58,0.5,297.6,16.8
1753503752262,04:22:32.262,AAVE/USDT:USDT,297.57,0.8,297.56,1.0,297.58,0.8,297.6,16.8
1753503752262,04:22:32.262,AAVE/USDT:USDT,297.57,0.8,297.56,1.0,297.58,0.8,297.6,16.8
1753503752412,04:22:32.412,AAVE/USDT:USDT,297.57,1.1,297.56,1.0,297.58,0.8,297.6,16.8
1753503752412,04:22:32.412,AAVE/USDT:USDT,297.57,1.1,297.56,1.0,297.58,0.8,297.6,16.8
1753503752562,04:22:32.562,AAVE/USDT:USDT,297.57,0.8,297.56,1.0,297.58,0.3,297.6,16.8
1753503752562,04:22:32.562,AAVE/USDT:USDT,297.57,0.8,297.56,1.0,297.58,0.3,297.6,16.8
1753503752712,04:22:32.712,AAVE/USDT:USDT,297.57,0.5,297.56,1.0,297.58,0.8,297.6,16.8
1753503752712,04:22:32.712,AAVE/USDT:USDT,297.57,0.5,297.56,1.0,297.58,0.8,297.6,16.8
1753503752862,04:22:32.862,AAVE/USDT:USDT,297.57,0.8,297.56,1.0,297.58,0.8,297.59,1.5
1753503752862,04:22:32.862,AAVE/USDT:USDT,297.57,0.8,297.56,1.0,297.58,0.8,297.59,1.5
1753503753012,04:22:33.012,AAVE/USDT:USDT,297.57,0.8,297.56,1.0,297.58,0.8,297.59,1.5
1753503753012,04:22:33.012,AAVE/USDT:USDT,297.57,0.8,297.56,1.0,297.58,0.8,297.59,1.5
1753503753162,04:22:33.162,AAVE/USDT:USDT,297.57,0.8,297.56,1.0,297.58,0.8,297.59,1.5
1753503753162,04:22:33.162,AAVE/USDT:USDT,297.57,0.8,297.56,1.0,297.58,0.8,297.59,1.5
1753503753312,04:22:33.312,AAVE/USDT:USDT,297.57,0.8,297.56,1.0,297.58,0.8,297.59,1.5
1753503753312,04:22:33.312,AAVE/USDT:USDT,297.57,0.8,297.56,1.0,297.58,0.8,297.59,1.5
1753503753463,04:22:33.463,AAVE/USDT:USDT,297.57,0.8,297.56,1.0,297.58,0.8,297.59,1.5
1753503753463,04:22:33.463,AAVE/USDT:USDT,297.57,0.8,297.56,1.0,297.58,0.8,297.59,1.5
1753503753613,04:22:33.613,AAVE/USDT:USDT,297.57,0.8,297.56,1.0,297.58,0.8,297.6,16.8
1753503753613,04:22:33.613,AAVE/USDT:USDT,297.57,0.8,297.56,1.0,297.58,0.8,297.6,16.8
1753503753763,04:22:33.763,AAVE/USDT:USDT,297.57,0.8,297.56,1.3,297.58,0.5,297.6,16.8
1753503753763,04:22:33.763,AAVE/USDT:USDT,297.57,0.8,297.56,1.3,297.58,0.5,297.6,16.8
1753503753913,04:22:33.913,AAVE/USDT:USDT,297.57,0.8,297.56,1.0,297.6,14.1,297.61,27.6
1753503753913,04:22:33.913,AAVE/USDT:USDT,297.57,0.8,297.56,1.0,297.6,14.1,297.61,27.6
1753503754063,04:22:34.063,AAVE/USDT:USDT,297.57,0.8,297.56,1.0,297.58,0.3,297.59,1.1
1753503754213,04:22:34.213,AAVE/USDT:USDT,297.57,0.8,297.56,2.5,297.58,0.9,297.59,0.5
1753503754213,04:22:34.213,AAVE/USDT:USDT,297.57,0.8,297.56,2.5,297.58,0.9,297.59,0.5
1753503754363,04:22:34.363,AAVE/USDT:USDT,297.57,0.8,297.56,2.5,297.58,0.9,297.59,0.5
1753503754363,04:22:34.363,AAVE/USDT:USDT,297.57,0.8,297.56,2.5,297.58,0.9,297.59,0.5
1753503754513,04:22:34.513,AAVE/USDT:USDT,297.57,0.5,297.55,3.8,297.58,0.9,297.59,0.5
1753503754513,04:22:34.513,AAVE/USDT:USDT,297.57,0.5,297.55,3.8,297.58,0.9,297.59,0.5
1753503754663,04:22:34.663,AAVE/USDT:USDT,297.57,0.5,297.56,2.5,297.58,0.9,297.59,0.5
1753503754663,04:22:34.663,AAVE/USDT:USDT,297.57,0.5,297.56,2.5,297.58,0.9,297.59,0.5
1753503754813,04:22:34.813,AAVE/USDT:USDT,297.57,0.5,297.56,1.0,297.58,1.4,297.59,3.6
1753503754813,04:22:34.813,AAVE/USDT:USDT,297.57,0.5,297.56,1.0,297.58,1.4,297.59,3.6
1753503754963,04:22:34.963,AAVE/USDT:USDT,297.57,0.5,297.56,2.5,297.58,1.4,297.59,3.6
1753503754963,04:22:34.963,AAVE/USDT:USDT,297.57,0.5,297.56,2.5,297.58,1.4,297.59,3.6
1753503755113,04:22:35.113,AAVE/USDT:USDT,297.57,0.5,297.56,1.0,297.58,1.4,297.59,3.6
1753503755263,04:22:35.263,AAVE/USDT:USDT,297.57,0.5,297.56,1.0,297.58,1.4,297.59,3.6
1753503755263,04:22:35.263,AAVE/USDT:USDT,297.57,0.5,297.56,1.0,297.58,1.4,297.59,3.6
1753503755414,04:22:35.414,AAVE/USDT:USDT,297.57,0.5,297.56,1.0,297.58,1.4,297.59,3.6
1753503755414,04:22:35.414,AAVE/USDT:USDT,297.57,0.5,297.56,1.0,297.58,1.4,297.59,3.6
1753503755564,04:22:35.564,AAVE/USDT:USDT,297.57,0.5,297.56,2.5,297.58,1.4,297.59,3.6
1753503755564,04:22:35.564,AAVE/USDT:USDT,297.57,0.5,297.56,2.5,297.58,1.4,297.59,3.6
1753503755714,04:22:35.714,AAVE/USDT:USDT,297.57,0.8,297.56,2.5,297.59,3.6,297.6,17.6
1753503755714,04:22:35.714,AAVE/USDT:USDT,297.57,0.8,297.56,2.5,297.59,3.6,297.6,17.6
1753503755864,04:22:35.864,AAVE/USDT:USDT,297.58,2.3,297.57,0.5,297.6,1.6,297.61,1.8
1753503755864,04:22:35.864,AAVE/USDT:USDT,297.58,2.3,297.57,0.5,297.6,1.6,297.61,1.8
1753503756014,04:22:36.014,AAVE/USDT:USDT,297.59,0.8,297.58,2.0,297.6,1.9,297.61,1.8
1753503756014,04:22:36.014,AAVE/USDT:USDT,297.59,0.8,297.58,2.0,297.6,1.9,297.61,1.8
1753503756164,04:22:36.164,AAVE/USDT:USDT,297.59,2.8,297.57,0.5,297.6,1.9,297.61,1.8
1753503756164,04:22:36.164,AAVE/USDT:USDT,297.59,2.8,297.57,0.5,297.6,1.9,297.61,1.8
1753503756314,04:22:36.314,AAVE/USDT:USDT,297.59,2.8,297.57,0.5,297.6,1.9,297.61,1.8
1753503756314,04:22:36.314,AAVE/USDT:USDT,297.59,2.8,297.57,0.5,297.6,1.9,297.61,1.8
1753503756464,04:22:36.464,AAVE/USDT:USDT,297.59,4.3,297.57,0.5,297.6,1.9,297.61,1.8
1753503756464,04:22:36.464,AAVE/USDT:USDT,297.59,4.3,297.57,0.5,297.6,1.9,297.61,1.8
1753503756614,04:22:36.614,AAVE/USDT:USDT,297.59,4.0,297.57,0.5,297.6,1.9,297.61,1.8
1753503756614,04:22:36.614,AAVE/USDT:USDT,297.59,4.0,297.57,0.5,297.6,1.9,297.61,1.8
1753503756764,04:22:36.764,AAVE/USDT:USDT,297.59,0.5,297.57,0.5,297.6,2.4,297.61,1.8
1753503756764,04:22:36.764,AAVE/USDT:USDT,297.59,0.5,297.57,0.5,297.6,2.4,297.61,1.8
1753503756914,04:22:36.914,AAVE/USDT:USDT,297.59,0.5,297.58,1.5,297.6,2.4,297.61,1.8
1753503756914,04:22:36.914,AAVE/USDT:USDT,297.59,0.5,297.58,1.5,297.6,2.4,297.61,1.8
1753503757065,04:22:37.065,AAVE/USDT:USDT,297.59,0.5,297.58,1.5,297.6,2.4,297.61,1.8
1753503757065,04:22:37.065,AAVE/USDT:USDT,297.59,0.5,297.58,1.5,297.6,2.4,297.61,1.8
1753503757215,04:22:37.215,AAVE/USDT:USDT,297.59,0.5,297.58,1.5,297.6,2.4,297.61,1.8
1753503757215,04:22:37.215,AAVE/USDT:USDT,297.59,0.5,297.58,1.5,297.6,2.4,297.61,1.8
1753503757365,04:22:37.365,AAVE/USDT:USDT,297.59,0.5,297.57,0.5,297.6,2.4,297.61,3.7
1753503757515,04:22:37.515,AAVE/USDT:USDT,297.59,0.5,297.57,0.5,297.6,2.4,297.61,3.7
1753503757515,04:22:37.515,AAVE/USDT:USDT,297.59,0.5,297.57,0.5,297.6,2.4,297.61,3.7
1753503757665,04:22:37.665,AAVE/USDT:USDT,297.59,0.5,297.57,0.5,297.6,2.4,297.61,3.7
1753503757665,04:22:37.665,AAVE/USDT:USDT,297.59,0.5,297.57,0.5,297.6,2.4,297.61,3.7
1753503757815,04:22:37.815,AAVE/USDT:USDT,297.59,0.5,297.57,0.5,297.6,2.4,297.61,3.7
1753503757815,04:22:37.815,AAVE/USDT:USDT,297.59,0.5,297.57,0.5,297.6,2.4,297.61,3.7
1753503757965,04:22:37.965,AAVE/USDT:USDT,297.59,0.5,297.57,0.5,297.6,2.4,297.61,3.7
1753503757965,04:22:37.965,AAVE/USDT:USDT,297.59,0.5,297.57,0.5,297.6,2.4,297.61,3.7
1753503758115,04:22:38.115,AAVE/USDT:USDT,297.59,0.5,297.57,0.5,297.6,2.4,297.61,3.7
1753503758115,04:22:38.115,AAVE/USDT:USDT,297.59,0.5,297.57,0.5,297.6,2.4,297.61,3.7
1753503758265,04:22:38.265,AAVE/USDT:USDT,297.59,0.5,297.58,1.5,297.6,2.4,297.61,3.7
1753503758415,04:22:38.415,AAVE/USDT:USDT,297.59,0.5,297.58,1.5,297.6,2.4,297.61,3.7
1753503758565,04:22:38.565,AAVE/USDT:USDT,297.59,0.8,297.58,1.5,297.6,2.4,297.61,3.7
1753503758565,04:22:38.565,AAVE/USDT:USDT,297.59,0.8,297.58,1.5,297.6,2.4,297.61,3.7
1753503758715,04:22:38.715,AAVE/USDT:USDT,297.59,0.8,297.58,1.5,297.6,2.4,297.61,3.7
1753503758715,04:22:38.715,AAVE/USDT:USDT,297.59,0.8,297.58,1.5,297.6,2.4,297.61,3.7
1753503758865,04:22:38.865,AAVE/USDT:USDT,297.59,0.5,297.58,1.5,297.6,2.4,297.61,3.7
1753503758865,04:22:38.865,AAVE/USDT:USDT,297.59,0.5,297.58,1.5,297.6,2.4,297.61,3.7
1753503759016,04:22:39.016,AAVE/USDT:USDT,297.59,0.5,297.58,1.5,297.6,2.4,297.61,3.7
1753503759166,04:22:39.166,AAVE/USDT:USDT,297.59,0.5,297.57,0.5,297.6,2.4,297.61,3.7
1753503759166,04:22:39.166,AAVE/USDT:USDT,297.59,0.5,297.57,0.5,297.6,2.4,297.61,3.7
1753503759316,04:22:39.316,AAVE/USDT:USDT,297.59,0.5,297.57,0.5,297.6,2.4,297.61,3.7
1753503759316,04:22:39.316,AAVE/USDT:USDT,297.59,0.5,297.57,0.5,297.6,2.4,297.61,3.7
1753503759466,04:22:39.466,AAVE/USDT:USDT,297.59,0.5,297.57,0.5,297.6,2.4,297.61,3.7
1753503759466,04:22:39.466,AAVE/USDT:USDT,297.59,0.5,297.57,0.5,297.6,2.4,297.61,3.7
1753503759616,04:22:39.616,AAVE/USDT:USDT,297.59,0.5,297.58,1.5,297.6,2.4,297.61,3.7
1753503759616,04:22:39.616,AAVE/USDT:USDT,297.59,0.5,297.58,1.5,297.6,2.4,297.61,3.7
1753503759766,04:22:39.766,AAVE/USDT:USDT,297.59,0.5,297.58,1.5,297.6,2.4,297.61,3.7
1753503759766,04:22:39.766,AAVE/USDT:USDT,297.59,0.5,297.58,1.5,297.6,2.4,297.61,3.7
1753503759916,04:22:39.916,AAVE/USDT:USDT,297.59,0.5,297.58,1.5,297.6,2.4,297.61,3.7
1753503759916,04:22:39.916,AAVE/USDT:USDT,297.59,0.5,297.58,1.5,297.6,2.4,297.61,3.7
1753503760066,04:22:40.066,AAVE/USDT:USDT,297.59,0.5,297.58,1.5,297.6,2.4,297.61,3.7
1753503760066,04:22:40.066,AAVE/USDT:USDT,297.59,0.5,297.58,1.5,297.6,2.4,297.61,3.7
1753503760216,04:22:40.216,AAVE/USDT:USDT,297.59,0.5,297.57,0.5,297.6,2.4,297.61,3.7
1753503760366,04:22:40.366,AAVE/USDT:USDT,297.59,0.5,297.57,0.5,297.6,2.4,297.61,3.7
1753503760366,04:22:40.366,AAVE/USDT:USDT,297.59,0.5,297.57,0.5,297.6,2.4,297.61,3.7
1753503760517,04:22:40.517,AAVE/USDT:USDT,297.59,0.5,297.57,0.5,297.6,2.4,297.61,3.7
1753503760517,04:22:40.517,AAVE/USDT:USDT,297.59,0.5,297.57,0.5,297.6,2.4,297.61,3.7
1753503760667,04:22:40.667,AAVE/USDT:USDT,297.59,0.5,297.57,0.5,297.6,2.4,297.61,3.7
1753503760667,04:22:40.667,AAVE/USDT:USDT,297.59,0.5,297.57,0.5,297.6,2.4,297.61,3.7
1753503760817,04:22:40.817,AAVE/USDT:USDT,297.59,0.5,297.57,0.5,297.6,2.4,297.61,3.7
1753503760817,04:22:40.817,AAVE/USDT:USDT,297.59,0.5,297.57,0.5,297.6,2.4,297.61,3.7
1753503760967,04:22:40.967,AAVE/USDT:USDT,297.59,0.5,297.57,0.5,297.6,2.4,297.61,3.7
1753503760967,04:22:40.967,AAVE/USDT:USDT,297.59,0.5,297.57,0.5,297.6,2.4,297.61,3.7
1753503761117,04:22:41.117,AAVE/USDT:USDT,297.59,0.5,297.57,0.5,297.6,2.4,297.61,3.7
1753503761117,04:22:41.117,AAVE/USDT:USDT,297.59,0.5,297.57,0.5,297.6,2.4,297.61,3.7
1753503761267,04:22:41.267,AAVE/USDT:USDT,297.59,0.5,297.57,0.5,297.6,2.4,297.61,3.7
1753503761267,04:22:41.267,AAVE/USDT:USDT,297.59,0.5,297.57,0.5,297.6,2.4,297.61,3.7
1753503761417,04:22:41.417,AAVE/USDT:USDT,297.59,0.5,297.57,0.5,297.6,2.4,297.61,3.7
1753503761417,04:22:41.417,AAVE/USDT:USDT,297.59,0.5,297.57,0.5,297.6,2.4,297.61,3.7
1753503761567,04:22:41.567,AAVE/USDT:USDT,297.59,0.5,297.58,1.5,297.6,2.4,297.61,3.7
1753503761717,04:22:41.717,AAVE/USDT:USDT,297.59,0.5,297.58,1.5,297.6,2.4,297.61,3.7
1753503761717,04:22:41.717,AAVE/USDT:USDT,297.59,0.5,297.58,1.5,297.6,2.4,297.61,3.7
1753503761867,04:22:41.867,AAVE/USDT:USDT,297.59,0.5,297.58,1.5,297.6,2.4,297.61,3.7
1753503761867,04:22:41.867,AAVE/USDT:USDT,297.59,0.5,297.58,1.5,297.6,2.4,297.61,3.7
1753503762017,04:22:42.017,AAVE/USDT:USDT,297.57,0.5,297.55,0.6,297.6,2.4,297.61,3.7
1753503762167,04:22:42.167,AAVE/USDT:USDT,297.57,1.5,297.56,1.5,297.58,1.4,297.6,4.0
1753503762167,04:22:42.167,AAVE/USDT:USDT,297.57,1.5,297.56,1.5,297.58,1.4,297.6,4.0
1753503762318,04:22:42.318,AAVE/USDT:USDT,297.57,1.5,297.56,1.5,297.58,1.4,297.6,10.7
1753503762468,04:22:42.468,AAVE/USDT:USDT,297.57,0.5,297.56,1.5,297.58,1.4,297.6,10.7
1753503762468,04:22:42.468,AAVE/USDT:USDT,297.57,0.5,297.56,1.5,297.58,1.4,297.6,10.7
1753503762618,04:22:42.618,AAVE/USDT:USDT,297.57,0.5,297.56,2.5,297.58,1.4,297.6,10.7
1753503762618,04:22:42.618,AAVE/USDT:USDT,297.57,0.5,297.56,2.5,297.58,1.4,297.6,10.7
1753503762768,04:22:42.768,AAVE/USDT:USDT,297.57,0.5,297.56,2.5,297.58,1.4,297.6,11.2
1753503762918,04:22:42.918,AAVE/USDT:USDT,297.57,0.8,297.56,2.5,297.58,1.4,297.6,11.2
1753503762918,04:22:42.918,AAVE/USDT:USDT,297.57,0.8,297.56,2.5,297.58,1.4,297.6,11.2
1753503763068,04:22:43.068,AAVE/USDT:USDT,297.57,0.8,297.56,2.5,297.58,1.4,297.6,11.2
1753503763068,04:22:43.068,AAVE/USDT:USDT,297.57,0.8,297.56,2.5,297.58,1.4,297.6,11.2
1753503763218,04:22:43.218,AAVE/USDT:USDT,297.57,0.8,297.56,2.5,297.58,1.4,297.6,11.2
1753503763218,04:22:43.218,AAVE/USDT:USDT,297.57,0.8,297.56,2.5,297.58,1.4,297.6,11.2
1753503763368,04:22:43.368,AAVE/USDT:USDT,297.57,0.8,297.56,2.5,297.58,0.8,297.6,11.2
1753503763368,04:22:43.368,AAVE/USDT:USDT,297.57,0.8,297.56,2.5,297.58,0.8,297.6,11.2
1753503763518,04:22:43.518,AAVE/USDT:USDT,297.57,0.8,297.56,2.5,297.58,0.5,297.6,11.2
1753503763518,04:22:43.518,AAVE/USDT:USDT,297.57,0.8,297.56,2.5,297.58,0.5,297.6,11.2
1753503763668,04:22:43.668,AAVE/USDT:USDT,297.57,0.8,297.56,2.5,297.58,0.8,297.6,11.2
1753503763668,04:22:43.668,AAVE/USDT:USDT,297.57,0.8,297.56,2.5,297.58,0.8,297.6,11.2
1753503763818,04:22:43.818,AAVE/USDT:USDT,297.57,0.8,297.56,2.5,297.58,0.8,297.6,11.2
1753503763818,04:22:43.818,AAVE/USDT:USDT,297.57,0.8,297.56,2.5,297.58,0.8,297.6,11.2
1753503763968,04:22:43.968,AAVE/USDT:USDT,297.57,0.5,297.56,2.5,297.58,0.8,297.6,11.2
1753503763968,04:22:43.968,AAVE/USDT:USDT,297.57,0.5,297.56,2.5,297.58,0.8,297.6,11.2
1753503764119,04:22:44.119,AAVE/USDT:USDT,297.57,0.5,297.56,2.5,297.58,0.8,297.6,11.2
1753503764119,04:22:44.119,AAVE/USDT:USDT,297.57,0.5,297.56,2.5,297.58,0.8,297.6,11.2
1753503764269,04:22:44.269,AAVE/USDT:USDT,297.57,0.5,297.56,2.5,297.58,0.8,297.6,11.2
1753503764269,04:22:44.269,AAVE/USDT:USDT,297.57,0.5,297.56,2.5,297.58,0.8,297.6,11.2
1753503764419,04:22:44.419,AAVE/USDT:USDT,297.57,0.5,297.56,2.5,297.58,0.8,297.6,11.2
1753503764419,04:22:44.419,AAVE/USDT:USDT,297.57,0.5,297.56,2.5,297.58,0.8,297.6,11.2
1753503764569,04:22:44.569,AAVE/USDT:USDT,297.57,0.5,297.55,0.6,297.58,0.8,297.6,11.2
1753503764569,04:22:44.569,AAVE/USDT:USDT,297.57,0.5,297.55,0.6,297.58,0.8,297.6,11.2
1753503764719,04:22:44.719,AAVE/USDT:USDT,297.57,0.5,297.55,0.6,297.58,0.8,297.6,11.2
1753503764719,04:22:44.719,AAVE/USDT:USDT,297.57,0.5,297.55,0.6,297.58,0.8,297.6,11.2
1753503764869,04:22:44.869,AAVE/USDT:USDT,297.57,0.5,297.56,1.5,297.58,0.8,297.6,11.2
1753503764869,04:22:44.869,AAVE/USDT:USDT,297.57,0.5,297.56,1.5,297.58,0.8,297.6,11.2
1753503765019,04:22:45.019,AAVE/USDT:USDT,297.57,0.5,297.56,2.5,297.58,0.8,297.6,11.2
1753503765169,04:22:45.169,AAVE/USDT:USDT,297.57,0.5,297.56,2.5,297.58,0.8,297.6,11.2
1753503765169,04:22:45.169,AAVE/USDT:USDT,297.57,0.5,297.56,2.5,297.58,0.8,297.6,11.2
1753503765319,04:22:45.319,AAVE/USDT:USDT,297.57,0.5,297.56,1.0,297.58,0.8,297.6,11.2
1753503765319,04:22:45.319,AAVE/USDT:USDT,297.57,0.5,297.56,1.0,297.58,0.8,297.6,11.2
1753503765469,04:22:45.469,AAVE/USDT:USDT,297.54,0.7,297.53,3.0,297.56,21.9,297.57,318.7
1753503765469,04:22:45.469,AAVE/USDT:USDT,297.54,0.7,297.53,3.0,297.56,21.9,297.57,318.7
1753503765619,04:22:45.619,AAVE/USDT:USDT,297.5,0.5,297.49,34.0,297.55,4.5,297.56,103.0
1753503765619,04:22:45.619,AAVE/USDT:USDT,297.5,0.5,297.49,34.0,297.55,4.5,297.56,103.0
1753503765920,04:22:45.920,AAVE/USDT:USDT,297.5,0.8,297.49,32.0,297.51,0.6,297.54,7.2
1753503765920,04:22:45.920,AAVE/USDT:USDT,297.5,0.8,297.49,32.0,297.51,0.6,297.54,7.2
1753503766069,04:22:46.069,AAVE/USDT:USDT,297.5,4.6,297.49,32.0,297.51,0.6,297.54,7.2
1753503766069,04:22:46.069,AAVE/USDT:USDT,297.5,4.6,297.49,32.0,297.51,0.6,297.54,7.2
1753503766220,04:22:46.220,AAVE/USDT:USDT,297.5,1.1,297.49,32.0,297.51,0.6,297.54,7.5
1753503766220,04:22:46.220,AAVE/USDT:USDT,297.5,1.1,297.49,32.0,297.51,0.6,297.54,7.5
1753503766370,04:22:46.370,AAVE/USDT:USDT,297.5,2.6,297.49,32.0,297.51,0.6,297.54,7.5
1753503766370,04:22:46.370,AAVE/USDT:USDT,297.5,2.6,297.49,32.0,297.51,0.6,297.54,7.5
1753503766520,04:22:46.520,AAVE/USDT:USDT,297.5,2.6,297.49,32.0,297.51,0.6,297.54,7.5
1753503766520,04:22:46.520,AAVE/USDT:USDT,297.5,2.6,297.49,32.0,297.51,0.6,297.54,7.5
1753503766670,04:22:46.670,AAVE/USDT:USDT,297.5,0.9,297.49,33.5,297.51,0.9,297.54,7.5
1753503766670,04:22:46.670,AAVE/USDT:USDT,297.5,0.9,297.49,33.5,297.51,0.9,297.54,7.5
1753503766820,04:22:46.820,AAVE/USDT:USDT,297.5,0.6,297.49,33.7,297.51,1.4,297.54,7.5
1753503766820,04:22:46.820,AAVE/USDT:USDT,297.5,0.6,297.49,33.7,297.51,1.4,297.54,7.5
1753503766970,04:22:46.970,AAVE/USDT:USDT,297.5,0.6,297.49,33.7,297.51,1.4,297.54,7.5
1753503766970,04:22:46.970,AAVE/USDT:USDT,297.5,0.6,297.49,33.7,297.51,1.4,297.54,7.5
1753503767120,04:22:47.120,AAVE/USDT:USDT,297.5,0.9,297.49,33.7,297.51,0.5,297.54,7.5
1753503767120,04:22:47.120,AAVE/USDT:USDT,297.5,0.9,297.49,33.7,297.51,0.5,297.54,7.5
1753503767270,04:22:47.270,AAVE/USDT:USDT,297.5,2.9,297.49,33.7,297.51,0.5,297.54,0.8
1753503767270,04:22:47.270,AAVE/USDT:USDT,297.5,2.9,297.49,33.7,297.51,0.5,297.54,0.8
1753503767420,04:22:47.420,AAVE/USDT:USDT,297.5,2.9,297.49,33.7,297.54,7.5,297.55,2.9
1753503767420,04:22:47.420,AAVE/USDT:USDT,297.5,2.9,297.49,33.7,297.54,7.5,297.55,2.9
1753503767571,04:22:47.571,AAVE/USDT:USDT,297.51,2.4,297.5,2.6,297.53,0.3,297.54,2.4
1753503767571,04:22:47.571,AAVE/USDT:USDT,297.51,2.4,297.5,2.6,297.53,0.3,297.54,2.4
1753503767721,04:22:47.721,AAVE/USDT:USDT,297.52,0.5,297.51,0.3,297.53,0.3,297.54,2.4
1753503767721,04:22:47.721,AAVE/USDT:USDT,297.52,0.5,297.51,0.3,297.53,0.3,297.54,2.4
1753503767871,04:22:47.871,AAVE/USDT:USDT,297.52,0.5,297.51,0.3,297.53,3.8,297.54,2.4
1753503767871,04:22:47.871,AAVE/USDT:USDT,297.52,0.5,297.51,0.3,297.53,3.8,297.54,2.4
1753503768021,04:22:48.021,AAVE/USDT:USDT,297.52,0.5,297.5,0.6,297.53,3.8,297.54,2.4
1753503768021,04:22:48.021,AAVE/USDT:USDT,297.52,0.5,297.5,0.6,297.53,3.8,297.54,2.4
1753503768171,04:22:48.171,AAVE/USDT:USDT,297.52,0.5,297.5,0.6,297.53,3.8,297.54,2.4
1753503768171,04:22:48.171,AAVE/USDT:USDT,297.52,0.5,297.5,0.6,297.53,3.8,297.54,2.4
1753503768321,04:22:48.321,AAVE/USDT:USDT,297.52,0.8,297.5,0.6,297.53,3.8,297.54,5.0
1753503768321,04:22:48.321,AAVE/USDT:USDT,297.52,0.8,297.5,0.6,297.53,3.8,297.54,5.0
1753503768471,04:22:48.471,AAVE/USDT:USDT,297.52,0.8,297.5,0.6,297.53,3.8,297.54,5.0
1753503768471,04:22:48.471,AAVE/USDT:USDT,297.52,0.8,297.5,0.6,297.53,3.8,297.54,5.0
1753503768621,04:22:48.621,AAVE/USDT:USDT,297.52,0.5,297.5,0.6,297.53,3.8,297.54,5.0
1753503768621,04:22:48.621,AAVE/USDT:USDT,297.52,0.5,297.5,0.6,297.53,3.8,297.54,5.0
1753503768771,04:22:48.771,AAVE/USDT:USDT,297.52,0.5,297.5,0.6,297.53,3.8,297.54,5.0
1753503768921,04:22:48.921,AAVE/USDT:USDT,297.52,0.5,297.5,0.6,297.53,3.8,297.54,5.0
1753503768921,04:22:48.921,AAVE/USDT:USDT,297.52,0.5,297.5,0.6,297.53,3.8,297.54,5.0
1753503769071,04:22:49.071,AAVE/USDT:USDT,297.52,0.8,297.5,0.6,297.53,3.8,297.54,5.0
1753503769071,04:22:49.071,AAVE/USDT:USDT,297.52,0.8,297.5,0.6,297.53,3.8,297.54,5.0
1753503769221,04:22:49.221,AAVE/USDT:USDT,297.52,0.5,297.5,0.6,297.53,3.8,297.54,5.0
1753503769221,04:22:49.221,AAVE/USDT:USDT,297.52,0.5,297.5,0.6,297.53,3.8,297.54,5.0
1753503769372,04:22:49.372,AAVE/USDT:USDT,297.52,0.5,297.5,0.6,297.53,3.8,297.54,5.0
1753503769372,04:22:49.372,AAVE/USDT:USDT,297.52,0.5,297.5,0.6,297.53,3.8,297.54,5.0
1753503769522,04:22:49.522,AAVE/USDT:USDT,297.52,0.5,297.5,0.6,297.53,3.8,297.54,5.0
1753503769522,04:22:49.522,AAVE/USDT:USDT,297.52,0.5,297.5,0.6,297.53,3.8,297.54,5.0
1753503769672,04:22:49.672,AAVE/USDT:USDT,297.52,0.5,297.5,0.6,297.53,3.8,297.54,5.0
1753503769672,04:22:49.672,AAVE/USDT:USDT,297.52,0.5,297.5,0.6,297.53,3.8,297.54,5.0
1753503769822,04:22:49.822,AAVE/USDT:USDT,297.52,0.5,297.5,0.6,297.53,3.8,297.54,5.0
1753503769822,04:22:49.822,AAVE/USDT:USDT,297.52,0.5,297.5,0.6,297.53,3.8,297.54,5.0
1753503769972,04:22:49.972,AAVE/USDT:USDT,297.52,0.5,297.5,0.6,297.53,3.8,297.54,5.0
1753503769972,04:22:49.972,AAVE/USDT:USDT,297.52,0.5,297.5,0.6,297.53,3.8,297.54,5.0
1753503770122,04:22:50.122,AAVE/USDT:USDT,297.52,0.5,297.5,0.6,297.53,3.8,297.54,5.0
1753503770122,04:22:50.122,AAVE/USDT:USDT,297.52,0.5,297.5,0.6,297.53,3.8,297.54,5.0
1753503770272,04:22:50.272,AAVE/USDT:USDT,297.52,0.5,297.5,0.6,297.53,3.8,297.54,5.0
1753503770272,04:22:50.272,AAVE/USDT:USDT,297.52,0.5,297.5,0.6,297.53,3.8,297.54,5.0
1753503770422,04:22:50.422,AAVE/USDT:USDT,297.52,0.5,297.5,0.6,297.53,3.8,297.54,5.0
1753503770422,04:22:50.422,AAVE/USDT:USDT,297.52,0.5,297.5,0.6,297.53,3.8,297.54,5.0
1753503770572,04:22:50.572,AAVE/USDT:USDT,297.52,0.5,297.5,0.6,297.53,3.8,297.54,5.0
1753503770572,04:22:50.572,AAVE/USDT:USDT,297.52,0.5,297.5,0.6,297.53,3.8,297.54,5.0
1753503770722,04:22:50.722,AAVE/USDT:USDT,297.5,0.6,297.49,33.2,297.53,3.8,297.54,5.0
1753503770722,04:22:50.722,AAVE/USDT:USDT,297.5,0.6,297.49,33.2,297.53,3.8,297.54,5.0
1753503770872,04:22:50.872,AAVE/USDT:USDT,297.49,32.0,297.48,3.1,297.5,0.3,297.51,3.0
1753503771022,04:22:51.022,AAVE/USDT:USDT,297.49,32.0,297.48,3.3,297.5,1.4,297.51,2.4
1753503771173,04:22:51.173,AAVE/USDT:USDT,297.49,32.0,297.48,3.3,297.5,1.4,297.51,2.4
1753503771173,04:22:51.173,AAVE/USDT:USDT,297.49,32.0,297.48,3.3,297.5,1.4,297.51,2.4
1753503771323,04:22:51.323,AAVE/USDT:USDT,297.49,32.0,297.48,3.3,297.5,1.4,297.51,2.4
1753503771473,04:22:51.473,AAVE/USDT:USDT,297.49,32.0,297.48,3.3,297.5,1.4,297.51,2.4
1753503771473,04:22:51.473,AAVE/USDT:USDT,297.49,32.0,297.48,3.3,297.5,1.4,297.51,2.4
1753503771623,04:22:51.623,AAVE/USDT:USDT,297.49,32.0,297.48,4.8,297.5,0.5,297.51,2.4
1753503771773,04:22:51.773,AAVE/USDT:USDT,297.49,32.0,297.48,4.8,297.5,0.8,297.51,2.4
1753503771773,04:22:51.773,AAVE/USDT:USDT,297.49,32.0,297.48,4.8,297.5,0.8,297.51,2.4
1753503771923,04:22:51.923,AAVE/USDT:USDT,297.49,32.0,297.48,4.8,297.5,0.8,297.51,2.4
1753503772073,04:22:52.073,AAVE/USDT:USDT,297.49,32.0,297.48,4.8,297.5,0.8,297.51,2.4
1753503772073,04:22:52.073,AAVE/USDT:USDT,297.49,32.0,297.48,4.8,297.5,0.8,297.51,2.4
1753503772223,04:22:52.223,AAVE/USDT:USDT,297.49,32.0,297.48,4.8,297.5,0.8,297.51,2.4
1753503772223,04:22:52.223,AAVE/USDT:USDT,297.49,32.0,297.48,4.8,297.5,0.8,297.51,2.4
1753503772523,04:22:52.523,AAVE/USDT:USDT,297.49,32.0,297.48,4.8,297.5,0.5,297.51,2.4
1753503772523,04:22:52.523,AAVE/USDT:USDT,297.49,32.0,297.48,4.8,297.5,0.5,297.51,2.4
1753503772673,04:22:52.673,AAVE/USDT:USDT,297.49,32.0,297.48,4.8,297.5,0.5,297.51,0.5
1753503772673,04:22:52.673,AAVE/USDT:USDT,297.49,32.0,297.48,4.8,297.5,0.5,297.51,0.5
1753503772823,04:22:52.823,AAVE/USDT:USDT,297.49,32.0,297.48,4.8,297.5,0.5,297.51,0.5
1753503772823,04:22:52.823,AAVE/USDT:USDT,297.49,32.0,297.48,4.8,297.5,0.5,297.51,0.5
1753503772974,04:22:52.974,AAVE/USDT:USDT,297.49,32.0,297.48,4.8,297.5,0.5,297.51,0.5
1753503772974,04:22:52.974,AAVE/USDT:USDT,297.49,32.0,297.48,4.8,297.5,0.5,297.51,0.5
1753503773124,04:22:53.124,AAVE/USDT:USDT,297.49,32.0,297.48,4.8,297.5,0.5,297.51,0.5
1753503773124,04:22:53.124,AAVE/USDT:USDT,297.49,32.0,297.48,4.8,297.5,0.5,297.51,0.5
1753503773274,04:22:53.274,AAVE/USDT:USDT,297.49,26.5,297.48,3.1,297.5,1.4,297.51,0.5
1753503773274,04:22:53.274,AAVE/USDT:USDT,297.49,26.5,297.48,3.1,297.5,1.4,297.51,0.5
1753503773424,04:22:53.424,AAVE/USDT:USDT,297.49,26.5,297.48,3.3,297.5,1.4,297.51,0.5
1753503773424,04:22:53.424,AAVE/USDT:USDT,297.49,26.5,297.48,3.3,297.5,1.4,297.51,0.5
1753503773574,04:22:53.574,AAVE/USDT:USDT,297.49,26.5,297.48,3.1,297.5,1.4,297.51,1.5
1753503773574,04:22:53.574,AAVE/USDT:USDT,297.49,26.5,297.48,3.1,297.5,1.4,297.51,1.5
1753503773724,04:22:53.724,AAVE/USDT:USDT,297.49,26.5,297.48,3.1,297.5,1.4,297.51,1.5
1753503773724,04:22:53.724,AAVE/USDT:USDT,297.49,26.5,297.48,3.1,297.5,1.4,297.51,1.5
1753503773874,04:22:53.874,AAVE/USDT:USDT,297.49,26.5,297.48,3.1,297.5,1.4,297.51,1.5
1753503773874,04:22:53.874,AAVE/USDT:USDT,297.49,26.5,297.48,3.1,297.5,1.4,297.51,1.5
1753503774024,04:22:54.024,AAVE/USDT:USDT,297.49,26.5,297.48,3.1,297.5,1.4,297.51,1.5
1753503774174,04:22:54.174,AAVE/USDT:USDT,297.49,26.5,297.48,3.1,297.5,1.4,297.51,1.5
1753503774174,04:22:54.174,AAVE/USDT:USDT,297.49,26.5,297.48,3.1,297.5,1.4,297.51,1.5
1753503774324,04:22:54.324,AAVE/USDT:USDT,297.49,0.7,297.48,2.5,297.5,4.1,297.51,4.2
1753503774324,04:22:54.324,AAVE/USDT:USDT,297.49,0.7,297.48,2.5,297.5,4.1,297.51,4.2
1753503774474,04:22:54.474,AAVE/USDT:USDT,297.49,0.7,297.48,2.5,297.5,8.2,297.51,3.2
1753503774474,04:22:54.474,AAVE/USDT:USDT,297.49,0.7,297.48,2.5,297.5,8.2,297.51,3.2
1753503774625,04:22:54.625,AAVE/USDT:USDT,297.49,2.7,297.48,2.7,297.5,5.2,297.51,0.5
1753503774775,04:22:54.775,AAVE/USDT:USDT,297.49,1.2,297.48,2.7,297.5,5.2,297.51,0.5
1753503774775,04:22:54.775,AAVE/USDT:USDT,297.49,1.2,297.48,2.7,297.5,5.2,297.51,0.5
1753503774925,04:22:54.925,AAVE/USDT:USDT,297.49,1.2,297.48,2.5,297.5,5.5,297.51,1.5
1753503775075,04:22:55.075,AAVE/USDT:USDT,297.49,1.2,297.48,2.5,297.5,5.5,297.51,1.5
1753503775225,04:22:55.225,AAVE/USDT:USDT,297.49,1.2,297.48,2.5,297.5,5.5,297.51,1.5
1753503775225,04:22:55.225,AAVE/USDT:USDT,297.49,1.2,297.48,2.5,297.5,5.5,297.51,1.5
1753503775375,04:22:55.375,AAVE/USDT:USDT,297.49,1.2,297.48,2.5,297.5,5.5,297.51,1.5
1753503775525,04:22:55.525,AAVE/USDT:USDT,297.49,1.2,297.48,2.5,297.5,5.5,297.51,1.5
1753503775525,04:22:55.525,AAVE/USDT:USDT,297.49,1.2,297.48,2.5,297.5,5.5,297.51,1.5
1753503775675,04:22:55.675,AAVE/USDT:USDT,297.49,1.2,297.48,2.5,297.5,5.5,297.51,1.5
1753503775675,04:22:55.675,AAVE/USDT:USDT,297.49,1.2,297.48,2.5,297.5,5.5,297.51,1.5
1753503775825,04:22:55.825,AAVE/USDT:USDT,297.49,1.2,297.48,2.5,297.5,5.5,297.51,1.5
1753503775825,04:22:55.825,AAVE/USDT:USDT,297.49,1.2,297.48,2.5,297.5,5.5,297.51,1.5
1753503775975,04:22:55.975,AAVE/USDT:USDT,297.49,1.2,297.48,2.5,297.5,5.5,297.51,1.5
1753503775975,04:22:55.975,AAVE/USDT:USDT,297.49,1.2,297.48,2.5,297.5,5.5,297.51,1.5
1753503776125,04:22:56.125,AAVE/USDT:USDT,297.49,0.7,297.48,2.5,297.5,5.5,297.51,0.5
1753503776125,04:22:56.125,AAVE/USDT:USDT,297.49,0.7,297.48,2.5,297.5,5.5,297.51,0.5
1753503776275,04:22:56.275,AAVE/USDT:USDT,297.49,0.7,297.48,2.5,297.5,6.5,297.51,0.5
1753503776275,04:22:56.275,AAVE/USDT:USDT,297.49,0.7,297.48,2.5,297.5,6.5,297.51,0.5
1753503776425,04:22:56.425,AAVE/USDT:USDT,297.49,0.7,297.48,2.5,297.5,5.8,297.51,1.5
1753503776425,04:22:56.425,AAVE/USDT:USDT,297.49,0.7,297.48,2.5,297.5,5.8,297.51,1.5
1753503776576,04:22:56.576,AAVE/USDT:USDT,297.49,0.7,297.48,2.5,297.5,5.8,297.51,1.5
1753503776576,04:22:56.576,AAVE/USDT:USDT,297.49,0.7,297.48,2.5,297.5,5.8,297.51,1.5
1753503776726,04:22:56.726,AAVE/USDT:USDT,297.49,0.7,297.48,2.5,297.5,5.8,297.51,3.5
1753503776726,04:22:56.726,AAVE/USDT:USDT,297.49,0.7,297.48,2.5,297.5,5.8,297.51,3.5
1753503776876,04:22:56.876,AAVE/USDT:USDT,297.49,0.7,297.48,4.0,297.5,5.8,297.51,3.5
1753503777026,04:22:57.026,AAVE/USDT:USDT,297.49,0.7,297.48,4.0,297.5,5.8,297.51,3.5
1753503777026,04:22:57.026,AAVE/USDT:USDT,297.49,0.7,297.48,4.0,297.5,5.8,297.51,3.5
1753503777176,04:22:57.176,AAVE/USDT:USDT,297.49,0.7,297.48,4.0,297.5,5.8,297.51,3.5
1753503777176,04:22:57.176,AAVE/USDT:USDT,297.49,0.7,297.48,4.0,297.5,5.8,297.51,3.5
1753503777476,04:22:57.476,AAVE/USDT:USDT,297.49,1.0,297.48,4.2,297.5,5.8,297.51,2.5
1753503777626,04:22:57.626,AAVE/USDT:USDT,297.49,1.5,297.48,4.2,297.5,5.8,297.51,2.5
1753503777626,04:22:57.626,AAVE/USDT:USDT,297.49,1.5,297.48,4.2,297.5,5.8,297.51,2.5
1753503777776,04:22:57.776,AAVE/USDT:USDT,297.49,1.5,297.48,4.2,297.5,5.8,297.51,2.5
1753503777926,04:22:57.926,AAVE/USDT:USDT,297.49,1.5,297.48,4.2,297.5,5.8,297.51,2.5
1753503777926,04:22:57.926,AAVE/USDT:USDT,297.49,1.5,297.48,4.2,297.5,5.8,297.51,2.5
1753503778076,04:22:58.076,AAVE/USDT:USDT,297.49,1.2,297.48,4.2,297.5,5.8,297.51,2.5
1753503778076,04:22:58.076,AAVE/USDT:USDT,297.49,1.2,297.48,4.2,297.5,5.8,297.51,2.5
1753503778226,04:22:58.226,AAVE/USDT:USDT,297.49,1.2,297.48,4.2,297.5,5.8,297.51,2.5
1753503778226,04:22:58.226,AAVE/USDT:USDT,297.49,1.2,297.48,4.2,297.5,5.8,297.51,2.5
1753503778377,04:22:58.377,AAVE/USDT:USDT,297.49,1.5,297.48,4.2,297.5,5.5,297.51,2.5
1753503778527,04:22:58.527,AAVE/USDT:USDT,297.53,4.9,297.51,0.3,297.56,2.9,297.57,0.9
1753503778527,04:22:58.527,AAVE/USDT:USDT,297.53,4.9,297.51,0.3,297.56,2.9,297.57,0.9
1753503778677,04:22:58.677,AAVE/USDT:USDT,297.55,3.2,297.54,1.7,297.57,0.9,297.58,32.5
1753503778677,04:22:58.677,AAVE/USDT:USDT,297.55,3.2,297.54,1.7,297.57,0.9,297.58,32.5
1753503778827,04:22:58.827,AAVE/USDT:USDT,297.56,0.5,297.55,0.5,297.57,0.3,297.58,25.8
1753503778827,04:22:58.827,AAVE/USDT:USDT,297.56,0.5,297.55,0.5,297.57,0.3,297.58,25.8
1753503778977,04:22:58.977,AAVE/USDT:USDT,297.56,0.5,297.55,0.5,297.57,2.4,297.58,25.8
1753503778977,04:22:58.977,AAVE/USDT:USDT,297.56,0.5,297.55,0.5,297.57,2.4,297.58,25.8
1753503779127,04:22:59.127,AAVE/USDT:USDT,297.56,0.5,297.55,0.5,297.57,2.4,297.58,25.8
1753503779127,04:22:59.127,AAVE/USDT:USDT,297.56,0.5,297.55,0.5,297.57,2.4,297.58,25.8
1753503779277,04:22:59.277,AAVE/USDT:USDT,297.56,0.5,297.55,0.5,297.57,2.4,297.58,25.8
1753503779277,04:22:59.277,AAVE/USDT:USDT,297.56,0.5,297.55,0.5,297.57,2.4,297.58,25.8
1753503779427,04:22:59.427,AAVE/USDT:USDT,297.55,2.5,297.53,2.6,297.56,0.9,297.57,1.4
1753503779577,04:22:59.577,AAVE/USDT:USDT,297.55,0.5,297.54,0.2,297.56,0.9,297.57,2.1
1753503779727,04:22:59.727,AAVE/USDT:USDT,297.55,2.3,297.54,0.2,297.56,0.9,297.57,3.8
1753503779877,04:22:59.877,AAVE/USDT:USDT,297.55,0.8,297.53,2.3,297.56,0.9,297.57,4.8
1753503779877,04:22:59.877,AAVE/USDT:USDT,297.55,0.8,297.53,2.3,297.56,0.9,297.57,4.8
1753503780027,04:23:00.027,AAVE/USDT:USDT,297.55,0.8,297.53,2.3,297.56,1.2,297.57,4.8
1753503780027,04:23:00.027,AAVE/USDT:USDT,297.55,0.8,297.53,2.3,297.56,1.2,297.57,4.8
1753503780178,04:23:00.178,AAVE/USDT:USDT,297.55,0.8,297.53,2.3,297.56,1.2,297.57,4.8
1753503780178,04:23:00.178,AAVE/USDT:USDT,297.55,0.8,297.53,2.3,297.56,1.2,297.57,4.8
1753503780328,04:23:00.328,AAVE/USDT:USDT,297.55,0.8,297.53,2.3,297.56,1.2,297.57,4.8
1753503780328,04:23:00.328,AAVE/USDT:USDT,297.55,0.8,297.53,2.3,297.56,1.2,297.57,4.8
1753503780478,04:23:00.478,AAVE/USDT:USDT,297.55,4.5,297.54,0.2,297.56,0.9,297.57,3.3
1753503780628,04:23:00.628,AAVE/USDT:USDT,297.55,4.7,297.54,0.2,297.57,3.3,297.58,6.7
1753503780778,04:23:00.778,AAVE/USDT:USDT,297.56,2.3,297.55,2.4,297.57,1.7,297.6,7.7
1753503780778,04:23:00.778,AAVE/USDT:USDT,297.56,2.3,297.55,2.4,297.57,1.7,297.6,7.7
1753503780928,04:23:00.928,AAVE/USDT:USDT,297.56,2.3,297.55,2.4,297.58,0.4,297.6,8.0
1753503780928,04:23:00.928,AAVE/USDT:USDT,297.56,2.3,297.55,2.4,297.58,0.4,297.6,8.0
1753503781078,04:23:01.078,AAVE/USDT:USDT,297.57,2.8,297.55,2.4,297.58,0.4,297.6,14.7
1753503781228,04:23:01.228,AAVE/USDT:USDT,297.57,2.8,297.55,2.4,297.58,0.4,297.6,14.7
1753503781228,04:23:01.228,AAVE/USDT:USDT,297.57,2.8,297.55,2.4,297.58,0.4,297.6,14.7
1753503781378,04:23:01.378,AAVE/USDT:USDT,297.57,2.8,297.55,2.4,297.58,0.7,297.6,14.4
1753503781378,04:23:01.378,AAVE/USDT:USDT,297.57,2.8,297.55,2.4,297.58,0.7,297.6,14.4
1753503781528,04:23:01.528,AAVE/USDT:USDT,297.57,2.8,297.55,2.4,297.58,0.7,297.6,14.4
1753503781678,04:23:01.678,AAVE/USDT:USDT,297.57,3.4,297.56,1.9,297.58,0.4,297.6,6.7
1753503781678,04:23:01.678,AAVE/USDT:USDT,297.57,3.4,297.56,1.9,297.58,0.4,297.6,6.7
1753503781828,04:23:01.828,AAVE/USDT:USDT,297.58,2.4,297.57,3.4,297.59,0.2,297.61,33.8
1753503781828,04:23:01.828,AAVE/USDT:USDT,297.58,2.4,297.57,3.4,297.59,0.2,297.61,33.8
1753503781979,04:23:01.979,AAVE/USDT:USDT,297.58,0.8,297.57,3.1,297.59,1.5,297.61,33.8
1753503781979,04:23:01.979,AAVE/USDT:USDT,297.58,0.8,297.57,3.1,297.59,1.5,297.61,33.8
1753503782129,04:23:02.129,AAVE/USDT:USDT,297.57,0.5,297.55,0.5,297.59,2.8,297.6,10.0
1753503782129,04:23:02.129,AAVE/USDT:USDT,297.57,0.5,297.55,0.5,297.59,2.8,297.6,10.0
1753503782279,04:23:02.279,AAVE/USDT:USDT,297.55,0.5,297.54,1.7,297.58,3.6,297.59,7.8
1753503782429,04:23:02.429,AAVE/USDT:USDT,297.55,2.7,297.54,3.2,297.56,0.9,297.58,1.4
1753503782429,04:23:02.429,AAVE/USDT:USDT,297.55,2.7,297.54,3.2,297.56,0.9,297.58,1.4
1753503782579,04:23:02.579,AAVE/USDT:USDT,297.55,2.7,297.54,3.2,297.56,0.9,297.58,7.4
1753503782579,04:23:02.579,AAVE/USDT:USDT,297.55,2.7,297.54,3.2,297.56,0.9,297.58,7.4
1753503782729,04:23:02.729,AAVE/USDT:USDT,297.55,2.5,297.54,3.2,297.56,0.9,297.58,7.4
1753503782729,04:23:02.729,AAVE/USDT:USDT,297.55,2.5,297.54,3.2,297.56,0.9,297.58,7.4
1753503782879,04:23:02.879,AAVE/USDT:USDT,297.54,0.7,297.53,25.8,297.56,2.4,297.58,7.4
1753503782879,04:23:02.879,AAVE/USDT:USDT,297.54,0.7,297.53,25.8,297.56,2.4,297.58,7.4
1753503783029,04:23:03.029,AAVE/USDT:USDT,297.54,0.7,297.53,26.0,297.55,1.4,297.56,2.1
1753503783029,04:23:03.029,AAVE/USDT:USDT,297.54,0.7,297.53,26.0,297.55,1.4,297.56,2.1
1753503783179,04:23:03.179,AAVE/USDT:USDT,297.5,27.1,297.49,1.4,297.54,0.7,297.55,4.1
1753503783179,04:23:03.179,AAVE/USDT:USDT,297.5,27.1,297.49,1.4,297.54,0.7,297.55,4.1
1753503783329,04:23:03.329,AAVE/USDT:USDT,297.5,27.6,297.49,1.4,297.51,0.6,297.52,0.3
1753503783329,04:23:03.329,AAVE/USDT:USDT,297.5,27.6,297.49,1.4,297.51,0.6,297.52,0.3
1753503783479,04:23:03.479,AAVE/USDT:USDT,297.5,27.6,297.49,2.9,297.51,1.4,297.53,3.4
1753503783479,04:23:03.479,AAVE/USDT:USDT,297.5,27.6,297.49,2.9,297.51,1.4,297.53,3.4
1753503783630,04:23:03.630,AAVE/USDT:USDT,297.5,1.8,297.49,1.4,297.51,1.4,297.53,3.4
1753503783630,04:23:03.630,AAVE/USDT:USDT,297.5,1.8,297.49,1.4,297.51,1.4,297.53,3.4
1753503783780,04:23:03.780,AAVE/USDT:USDT,297.5,1.8,297.49,1.6,297.51,1.4,297.53,3.4
1753503783780,04:23:03.780,AAVE/USDT:USDT,297.5,1.8,297.49,1.6,297.51,1.4,297.53,3.4
1753503783930,04:23:03.930,AAVE/USDT:USDT,297.5,1.8,297.49,1.4,297.51,1.4,297.53,3.4
1753503783930,04:23:03.930,AAVE/USDT:USDT,297.5,1.8,297.49,1.4,297.51,1.4,297.53,3.4
1753503784080,04:23:04.080,AAVE/USDT:USDT,297.5,1.8,297.49,1.4,297.51,1.4,297.53,3.4
1753503784080,04:23:04.080,AAVE/USDT:USDT,297.5,1.8,297.49,1.4,297.51,1.4,297.53,3.4
1753503784230,04:23:04.230,AAVE/USDT:USDT,297.5,0.5,297.49,0.7,297.51,0.8,297.53,6.1
1753503784230,04:23:04.230,AAVE/USDT:USDT,297.5,0.5,297.49,0.7,297.51,0.8,297.53,6.1
1753503784680,04:23:04.680,AAVE/USDT:USDT,297.5,0.5,297.49,0.7,297.51,9.6,297.52,3.4
1753503784680,04:23:04.680,AAVE/USDT:USDT,297.5,0.5,297.49,0.7,297.51,9.6,297.52,3.4
1753503784830,04:23:04.830,AAVE/USDT:USDT,297.5,0.5,297.49,0.7,297.51,5.4,297.52,3.4
1753503784830,04:23:04.830,AAVE/USDT:USDT,297.5,0.5,297.49,0.7,297.51,5.4,297.52,3.4
1753503784980,04:23:04.980,AAVE/USDT:USDT,297.5,0.5,297.49,0.7,297.51,5.4,297.52,3.4
1753503784980,04:23:04.980,AAVE/USDT:USDT,297.5,0.5,297.49,0.7,297.51,5.4,297.52,3.4
1753503785130,04:23:05.130,AAVE/USDT:USDT,297.5,0.5,297.49,0.7,297.51,5.4,297.52,3.4
1753503785130,04:23:05.130,AAVE/USDT:USDT,297.5,0.5,297.49,0.7,297.51,5.4,297.52,3.4
1753503785280,04:23:05.280,AAVE/USDT:USDT,297.5,0.5,297.49,0.7,297.51,5.4,297.52,3.4
1753503785280,04:23:05.280,AAVE/USDT:USDT,297.5,0.5,297.49,0.7,297.51,5.4,297.52,3.4
1753503785430,04:23:05.430,AAVE/USDT:USDT,297.5,0.5,297.49,0.7,297.51,6.0,297.52,3.4
1753503785430,04:23:05.430,AAVE/USDT:USDT,297.5,0.5,297.49,0.7,297.51,6.0,297.52,3.4
1753503785581,04:23:05.581,AAVE/USDT:USDT,297.5,0.5,297.49,0.7,297.51,6.0,297.52,3.4
1753503785581,04:23:05.581,AAVE/USDT:USDT,297.5,0.5,297.49,0.7,297.51,6.0,297.52,3.4
1753503785731,04:23:05.731,AAVE/USDT:USDT,297.5,0.5,297.49,0.7,297.51,6.0,297.52,3.4
1753503785731,04:23:05.731,AAVE/USDT:USDT,297.5,0.5,297.49,0.7,297.51,6.0,297.52,3.4
1753503785881,04:23:05.881,AAVE/USDT:USDT,297.49,0.7,297.48,2.5,297.51,5.4,297.52,3.4
1753503785881,04:23:05.881,AAVE/USDT:USDT,297.49,0.7,297.48,2.5,297.51,5.4,297.52,3.4
1753503786031,04:23:06.031,AAVE/USDT:USDT,297.48,2.5,297.47,5.0,297.49,0.8,297.5,3.5
1753503786181,04:23:06.181,AAVE/USDT:USDT,297.48,2.5,297.47,5.0,297.49,1.4,297.5,2.9
1753503786181,04:23:06.181,AAVE/USDT:USDT,297.48,2.5,297.47,5.0,297.49,1.4,297.5,2.9
1753503786331,04:23:06.331,AAVE/USDT:USDT,297.48,2.5,297.47,5.0,297.49,1.4,297.5,2.9
1753503786481,04:23:06.481,AAVE/USDT:USDT,297.48,2.5,297.47,5.0,297.49,1.4,297.5,2.9
1753503786631,04:23:06.631,AAVE/USDT:USDT,297.48,2.5,297.47,5.0,297.49,1.4,297.5,2.9
1753503786781,04:23:06.781,AAVE/USDT:USDT,297.48,2.5,297.47,0.7,297.49,1.0,297.51,0.5
1753503786931,04:23:06.931,AAVE/USDT:USDT,297.48,3.0,297.47,2.4,297.49,0.8,297.51,7.3
1753503786931,04:23:06.931,AAVE/USDT:USDT,297.48,3.0,297.47,2.4,297.49,0.8,297.51,7.3
1753503787081,04:23:07.081,AAVE/USDT:USDT,297.48,3.0,297.47,2.4,297.49,0.8,297.51,7.3
1753503787081,04:23:07.081,AAVE/USDT:USDT,297.48,3.0,297.47,2.4,297.49,0.8,297.51,7.3
1753503787232,04:23:07.232,AAVE/USDT:USDT,297.48,3.0,297.47,2.4,297.49,0.8,297.51,7.3
1753503787232,04:23:07.232,AAVE/USDT:USDT,297.48,3.0,297.47,2.4,297.49,0.8,297.51,7.3
1753503787382,04:23:07.382,AAVE/USDT:USDT,297.48,3.0,297.47,0.9,297.49,0.8,297.51,7.3
1753503787382,04:23:07.382,AAVE/USDT:USDT,297.48,3.0,297.47,0.9,297.49,0.8,297.51,7.3
1753503787532,04:23:07.532,AAVE/USDT:USDT,297.48,3.0,297.47,0.7,297.49,0.8,297.5,1.0
1753503787532,04:23:07.532,AAVE/USDT:USDT,297.48,3.0,297.47,0.7,297.49,0.8,297.5,1.0
1753503787682,04:23:07.682,AAVE/USDT:USDT,297.48,4.7,297.47,0.7,297.49,0.8,297.51,7.3
1753503787682,04:23:07.682,AAVE/USDT:USDT,297.48,4.7,297.47,0.7,297.49,0.8,297.51,7.3
1753503787832,04:23:07.832,AAVE/USDT:USDT,297.48,3.0,297.47,2.4,297.49,0.8,297.51,7.3
1753503787832,04:23:07.832,AAVE/USDT:USDT,297.48,3.0,297.47,2.4,297.49,0.8,297.51,7.3
1753503787982,04:23:07.982,AAVE/USDT:USDT,297.48,3.0,297.47,2.4,297.49,0.8,297.51,7.3
1753503787982,04:23:07.982,AAVE/USDT:USDT,297.48,3.0,297.47,2.4,297.49,0.8,297.51,7.3
1753503788132,04:23:08.132,AAVE/USDT:USDT,297.48,3.0,297.47,2.4,297.49,0.8,297.51,7.3
1753503788132,04:23:08.132,AAVE/USDT:USDT,297.48,3.0,297.47,2.4,297.49,0.8,297.51,7.3
1753503788282,04:23:08.282,AAVE/USDT:USDT,297.48,3.0,297.47,2.2,297.49,0.8,297.5,1.0
1753503788432,04:23:08.432,AAVE/USDT:USDT,297.48,3.0,297.47,0.7,297.49,0.8,297.5,1.0
1753503788432,04:23:08.432,AAVE/USDT:USDT,297.48,3.0,297.47,0.7,297.49,0.8,297.5,1.0
1753503788582,04:23:08.582,AAVE/USDT:USDT,297.48,3.0,297.47,0.9,297.49,0.8,297.51,7.3
1753503788582,04:23:08.582,AAVE/USDT:USDT,297.48,3.0,297.47,0.9,297.49,0.8,297.51,7.3
1753503788732,04:23:08.732,AAVE/USDT:USDT,297.48,3.0,297.47,2.4,297.49,0.8,297.51,7.3
1753503788732,04:23:08.732,AAVE/USDT:USDT,297.48,3.0,297.47,2.4,297.49,0.8,297.51,7.3
1753503788882,04:23:08.882,AAVE/USDT:USDT,297.48,3.0,297.47,2.4,297.49,0.8,297.51,7.3
1753503788882,04:23:08.882,AAVE/USDT:USDT,297.48,3.0,297.47,2.4,297.49,0.8,297.51,7.3
1753503789033,04:23:09.033,AAVE/USDT:USDT,297.48,3.0,297.47,3.1,297.49,0.8,297.51,7.3
1753503789033,04:23:09.033,AAVE/USDT:USDT,297.48,3.0,297.47,3.1,297.49,0.8,297.51,7.3
1753503789183,04:23:09.183,AAVE/USDT:USDT,297.48,5.0,297.47,3.1,297.49,0.8,297.51,7.3
1753503789333,04:23:09.333,AAVE/USDT:USDT,297.48,5.0,297.47,3.1,297.49,0.8,297.51,7.3
1753503789483,04:23:09.483,AAVE/USDT:USDT,297.48,5.9,297.47,4.8,297.49,0.3,297.51,0.5
1753503789483,04:23:09.483,AAVE/USDT:USDT,297.48,5.9,297.47,4.8,297.49,0.3,297.51,0.5
1753503789633,04:23:09.633,AAVE/USDT:USDT,297.48,5.9,297.47,5.0,297.49,0.3,297.51,0.5
1753503789783,04:23:09.783,AAVE/USDT:USDT,297.48,5.6,297.47,4.8,297.49,0.3,297.51,0.5
1753503789783,04:23:09.783,AAVE/USDT:USDT,297.48,5.6,297.47,4.8,297.49,0.3,297.51,0.5
1753503789933,04:23:09.933,AAVE/USDT:USDT,297.48,5.6,297.47,4.8,297.49,0.3,297.51,0.5
1753503789933,04:23:09.933,AAVE/USDT:USDT,297.48,5.6,297.47,4.8,297.49,0.3,297.51,0.5
1753503790083,04:23:10.083,AAVE/USDT:USDT,297.48,5.6,297.47,4.8,297.49,0.3,297.51,0.5
1753503790233,04:23:10.233,AAVE/USDT:USDT,297.48,5.0,297.47,3.1,297.49,0.3,297.51,0.5
1753503790383,04:23:10.383,AAVE/USDT:USDT,297.48,5.0,297.47,3.1,297.49,0.3,297.51,0.5
1753503790533,04:23:10.533,AAVE/USDT:USDT,297.48,5.0,297.47,3.1,297.49,0.3,297.51,0.5
1753503790533,04:23:10.533,AAVE/USDT:USDT,297.48,5.0,297.47,3.1,297.49,0.3,297.51,0.5
1753503790683,04:23:10.683,AAVE/USDT:USDT,297.48,5.0,297.47,3.1,297.49,0.3,297.51,0.5
1753503790683,04:23:10.683,AAVE/USDT:USDT,297.48,5.0,297.47,3.1,297.49,0.3,297.51,0.5
1753503790834,04:23:10.834,AAVE/USDT:USDT,297.51,0.5,297.49,4.4,297.52,11.0,297.53,28.7
1753503790834,04:23:10.834,AAVE/USDT:USDT,297.51,0.5,297.49,4.4,297.52,11.0,297.53,28.7
1753503790984,04:23:10.984,AAVE/USDT:USDT,297.51,4.0,297.48,3.0,297.52,1.6,297.53,2.9
1753503790984,04:23:10.984,AAVE/USDT:USDT,297.51,4.0,297.48,3.0,297.52,1.6,297.53,2.9
1753503791134,04:23:11.134,AAVE/USDT:USDT,297.51,4.0,297.48,3.3,297.52,1.9,297.53,1.0
1753503791134,04:23:11.134,AAVE/USDT:USDT,297.51,4.0,297.48,3.3,297.52,1.9,297.53,1.0
1753503791284,04:23:11.284,AAVE/USDT:USDT,297.51,4.0,297.48,3.3,297.52,2.5,297.53,1.0
1753503791284,04:23:11.284,AAVE/USDT:USDT,297.51,4.0,297.48,3.3,297.52,2.5,297.53,1.0
1753503791434,04:23:11.434,AAVE/USDT:USDT,297.51,2.5,297.5,0.2,297.52,3.2,297.53,1.0
1753503791434,04:23:11.434,AAVE/USDT:USDT,297.51,2.5,297.5,0.2,297.52,3.2,297.53,1.0
1753503791584,04:23:11.584,AAVE/USDT:USDT,297.51,2.5,297.5,1.5,297.52,3.2,297.53,2.0
1753503791584,04:23:11.584,AAVE/USDT:USDT,297.51,2.5,297.5,1.5,297.52,3.2,297.53,2.0
1753503791734,04:23:11.734,AAVE/USDT:USDT,297.51,0.5,297.48,3.3,297.52,3.2,297.53,2.0
1753503791884,04:23:11.884,AAVE/USDT:USDT,297.51,0.5,297.5,1.5,297.52,3.7,297.53,2.0
1753503791884,04:23:11.884,AAVE/USDT:USDT,297.51,0.5,297.5,1.5,297.52,3.7,297.53,2.0
1753503792034,04:23:12.034,AAVE/USDT:USDT,297.48,3.2,297.47,1.4,297.52,4.7,297.53,1.0
1753503792034,04:23:12.034,AAVE/USDT:USDT,297.48,3.2,297.47,1.4,297.52,4.7,297.53,1.0
1753503792184,04:23:12.184,AAVE/USDT:USDT,297.48,5.0,297.47,1.4,297.49,0.6,297.5,0.3
1753503792184,04:23:12.184,AAVE/USDT:USDT,297.48,5.0,297.47,1.4,297.49,0.6,297.5,0.3
1753503792334,04:23:12.334,AAVE/USDT:USDT,297.48,6.7,297.47,1.4,297.52,12.1,297.53,3.0
1753503792334,04:23:12.334,AAVE/USDT:USDT,297.48,6.7,297.47,1.4,297.52,12.1,297.53,3.0
1753503792484,04:23:12.484,AAVE/USDT:USDT,297.5,0.5,297.49,4.4,297.52,6.0,297.53,3.0
1753503792484,04:23:12.484,AAVE/USDT:USDT,297.5,0.5,297.49,4.4,297.52,6.0,297.53,3.0
1753503792635,04:23:12.635,AAVE/USDT:USDT,297.5,0.5,297.49,4.4,297.51,0.9,297.52,8.1
1753503792785,04:23:12.785,AAVE/USDT:USDT,297.5,0.5,297.49,4.4,297.51,1.4,297.52,8.1
1753503792935,04:23:12.935,AAVE/USDT:USDT,297.5,0.5,297.49,4.4,297.51,1.4,297.52,8.1
1753503792935,04:23:12.935,AAVE/USDT:USDT,297.5,0.5,297.49,4.4,297.51,1.4,297.52,8.1
1753503793085,04:23:13.085,AAVE/USDT:USDT,297.5,0.5,297.49,4.4,297.51,1.4,297.52,8.1
1753503793235,04:23:13.235,AAVE/USDT:USDT,297.5,0.5,297.49,4.4,297.51,1.4,297.52,8.1
1753503793235,04:23:13.235,AAVE/USDT:USDT,297.5,0.5,297.49,4.4,297.51,1.4,297.52,8.1
1753503793385,04:23:13.385,AAVE/USDT:USDT,297.5,0.5,297.49,4.4,297.51,1.4,297.52,8.1
1753503793385,04:23:13.385,AAVE/USDT:USDT,297.5,0.5,297.49,4.4,297.51,1.4,297.52,8.1
1753503793535,04:23:13.535,AAVE/USDT:USDT,297.5,0.5,297.49,2.4,297.51,1.4,297.52,5.0
1753503793685,04:23:13.685,AAVE/USDT:USDT,297.5,2.5,297.49,2.4,297.51,1.4,297.52,5.0
1753503793685,04:23:13.685,AAVE/USDT:USDT,297.5,2.5,297.49,2.4,297.51,1.4,297.52,5.0
1753503793835,04:23:13.835,AAVE/USDT:USDT,297.5,0.5,297.49,2.4,297.51,2.1,297.52,6.0
1753503793985,04:23:13.985,AAVE/USDT:USDT,297.5,0.5,297.49,2.4,297.51,3.9,297.52,6.0
1753503793985,04:23:13.985,AAVE/USDT:USDT,297.5,0.5,297.49,2.4,297.51,3.9,297.52,6.0
1753503794135,04:23:14.135,AAVE/USDT:USDT,297.49,2.4,297.48,4.5,297.51,3.9,297.52,6.0
1753503794135,04:23:14.135,AAVE/USDT:USDT,297.49,2.4,297.48,4.5,297.51,3.9,297.52,6.0
1753503794285,04:23:14.285,AAVE/USDT:USDT,297.48,3.0,297.47,1.4,297.5,2.8,297.51,3.6
1753503794285,04:23:14.285,AAVE/USDT:USDT,297.48,3.0,297.47,1.4,297.5,2.8,297.51,3.6
1753503794436,04:23:14.436,AAVE/USDT:USDT,297.48,3.0,297.47,1.4,297.49,1.4,297.5,2.5
1753503794586,04:23:14.586,AAVE/USDT:USDT,297.48,3.0,297.47,1.4,297.49,1.4,297.5,1.9
1753503794736,04:23:14.736,AAVE/USDT:USDT,297.48,3.0,297.47,1.6,297.49,1.4,297.5,1.9
1753503794886,04:23:14.886,AAVE/USDT:USDT,297.48,3.0,297.47,1.6,297.49,1.4,297.5,1.9
1753503795036,04:23:15.036,AAVE/USDT:USDT,297.48,3.0,297.47,1.6,297.49,1.4,297.5,1.9
1753503795186,04:23:15.186,AAVE/USDT:USDT,297.48,3.0,297.47,1.6,297.49,1.4,297.5,1.9
1753503795336,04:23:15.336,AAVE/USDT:USDT,297.48,2.5,297.47,2.9,297.49,1.4,297.5,1.0
1753503795336,04:23:15.336,AAVE/USDT:USDT,297.48,2.5,297.47,2.9,297.49,1.4,297.5,1.0
1753503795486,04:23:15.486,AAVE/USDT:USDT,297.48,2.5,297.47,2.9,297.49,1.4,297.51,7.3
1753503795486,04:23:15.486,AAVE/USDT:USDT,297.48,2.5,297.47,2.9,297.49,1.4,297.51,7.3
1753503795636,04:23:15.636,AAVE/USDT:USDT,297.48,3.2,297.47,2.9,297.49,0.8,297.51,7.3
1753503795786,04:23:15.786,AAVE/USDT:USDT,297.48,3.0,297.47,2.9,297.49,0.8,297.51,7.3
1753503795786,04:23:15.786,AAVE/USDT:USDT,297.48,3.0,297.47,2.9,297.49,0.8,297.51,7.3
1753503795936,04:23:15.936,AAVE/USDT:USDT,297.48,3.0,297.47,2.9,297.49,0.8,297.51,7.3
1753503795936,04:23:15.936,AAVE/USDT:USDT,297.48,3.0,297.47,2.9,297.49,0.8,297.51,7.3
1753503796087,04:23:16.087,AAVE/USDT:USDT,297.48,3.2,297.47,2.9,297.49,0.8,297.51,7.3
1753503796087,04:23:16.087,AAVE/USDT:USDT,297.48,3.2,297.47,2.9,297.49,0.8,297.51,7.3
1753503796236,04:23:16.236,AAVE/USDT:USDT,297.48,5.2,297.47,2.9,297.49,0.8,297.51,7.3
1753503796236,04:23:16.236,AAVE/USDT:USDT,297.48,5.2,297.47,2.9,297.49,0.8,297.51,7.3
1753503796387,04:23:16.387,AAVE/USDT:USDT,297.48,5.5,297.47,2.9,297.49,0.3,297.51,0.5
1753503796387,04:23:16.387,AAVE/USDT:USDT,297.48,5.5,297.47,2.9,297.49,0.3,297.51,0.5
1753503796537,04:23:16.537,AAVE/USDT:USDT,297.51,0.5,297.5,4.4,297.52,2.1,297.53,7.3
1753503796537,04:23:16.537,AAVE/USDT:USDT,297.51,0.5,297.5,4.4,297.52,2.1,297.53,7.3
1753503796687,04:23:16.687,AAVE/USDT:USDT,297.51,0.5,297.5,4.4,297.52,2.4,297.53,0.5
1753503796687,04:23:16.687,AAVE/USDT:USDT,297.51,0.5,297.5,4.4,297.52,2.4,297.53,0.5
1753503796837,04:23:16.837,AAVE/USDT:USDT,297.51,0.5,297.5,4.4,297.52,2.4,297.53,0.5
1753503796837,04:23:16.837,AAVE/USDT:USDT,297.51,0.5,297.5,4.4,297.52,2.4,297.53,0.5
1753503796987,04:23:16.987,AAVE/USDT:USDT,297.51,2.0,297.5,4.4,297.52,2.4,297.53,0.5
1753503797137,04:23:17.137,AAVE/USDT:USDT,297.51,0.5,297.5,4.4,297.52,3.2,297.53,0.5
1753503797137,04:23:17.137,AAVE/USDT:USDT,297.51,0.5,297.5,4.4,297.52,3.2,297.53,0.5
1753503797287,04:23:17.287,AAVE/USDT:USDT,297.51,0.5,297.5,4.4,297.52,4.1,297.53,1.5
1753503797287,04:23:17.287,AAVE/USDT:USDT,297.51,0.5,297.5,4.4,297.52,4.1,297.53,1.5
1753503797437,04:23:17.437,AAVE/USDT:USDT,297.51,0.5,297.5,5.9,297.52,4.1,297.53,1.5
1753503797437,04:23:17.437,AAVE/USDT:USDT,297.51,0.5,297.5,5.9,297.52,4.1,297.53,1.5
1753503797587,04:23:17.587,AAVE/USDT:USDT,297.51,0.5,297.5,5.9,297.52,4.1,297.53,1.5
1753503797587,04:23:17.587,AAVE/USDT:USDT,297.51,0.5,297.5,5.9,297.52,4.1,297.53,1.5
1753503797737,04:23:17.737,AAVE/USDT:USDT,297.51,2.5,297.5,3.9,297.52,2.4,297.53,0.5
1753503797737,04:23:17.737,AAVE/USDT:USDT,297.51,2.5,297.5,3.9,297.52,2.4,297.53,0.5
1753503797887,04:23:17.887,AAVE/USDT:USDT,297.51,2.5,297.5,3.9,297.52,2.0,297.53,1.5
1753503797887,04:23:17.887,AAVE/USDT:USDT,297.51,2.5,297.5,3.9,297.52,2.0,297.53,1.5
1753503798038,04:23:18.038,AAVE/USDT:USDT,297.51,2.5,297.5,3.9,297.52,2.0,297.53,1.5
1753503798188,04:23:18.188,AAVE/USDT:USDT,297.51,2.5,297.5,3.9,297.52,2.5,297.53,1.5
1753503798188,04:23:18.188,AAVE/USDT:USDT,297.51,2.5,297.5,3.9,297.52,2.5,297.53,1.5
1753503798338,04:23:18.338,AAVE/USDT:USDT,297.51,0.5,297.5,2.4,297.52,2.5,297.53,1.5
1753503798488,04:23:18.488,AAVE/USDT:USDT,297.51,0.5,297.5,2.4,297.52,2.5,297.53,1.5
1753503798638,04:23:18.638,AAVE/USDT:USDT,297.51,2.5,297.5,2.4,297.52,2.5,297.53,0.5
1753503798788,04:23:18.788,AAVE/USDT:USDT,297.51,4.0,297.49,0.2,297.52,1.0,297.55,0.6
1753503798788,04:23:18.788,AAVE/USDT:USDT,297.51,4.0,297.49,0.2,297.52,1.0,297.55,0.6
1753503798938,04:23:18.938,AAVE/USDT:USDT,297.51,4.5,297.49,0.2,297.52,0.8,297.55,7.4
1753503798938,04:23:18.938,AAVE/USDT:USDT,297.51,4.5,297.49,0.2,297.52,0.8,297.55,7.4
1753503799088,04:23:19.088,AAVE/USDT:USDT,297.51,0.5,297.48,6.0,297.52,1.3,297.53,1.0
1753503799238,04:23:19.238,AAVE/USDT:USDT,297.51,0.5,297.5,0.2,297.52,1.3,297.54,8.4
1753503799388,04:23:19.388,AAVE/USDT:USDT,297.51,0.5,297.5,1.7,297.52,1.3,297.54,8.4
1753503799388,04:23:19.388,AAVE/USDT:USDT,297.51,0.5,297.5,1.7,297.52,1.3,297.54,8.4
1753503799538,04:23:19.538,AAVE/USDT:USDT,297.51,2.5,297.5,1.7,297.52,1.3,297.54,8.4
1753503799688,04:23:19.688,AAVE/USDT:USDT,297.51,2.5,297.5,1.7,297.52,0.8,297.54,8.4
1753503799688,04:23:19.688,AAVE/USDT:USDT,297.51,2.5,297.5,1.7,297.52,0.8,297.54,8.4
1753503799839,04:23:19.839,AAVE/USDT:USDT,297.51,2.5,297.5,1.7,297.52,0.8,297.54,8.4
1753503799839,04:23:19.839,AAVE/USDT:USDT,297.51,2.5,297.5,1.7,297.52,0.8,297.54,8.4
1753503799989,04:23:19.989,AAVE/USDT:USDT,297.51,2.5,297.5,1.7,297.52,0.8,297.54,8.4
1753503800138,04:23:20.138,AAVE/USDT:USDT,297.51,2.5,297.5,1.7,297.52,0.8,297.54,8.4
1753503800289,04:23:20.289,AAVE/USDT:USDT,297.51,0.5,297.5,0.2,297.52,1.3,297.53,3.5
1753503800289,04:23:20.289,AAVE/USDT:USDT,297.51,0.5,297.5,0.2,297.52,1.3,297.53,3.5
1753503800439,04:23:20.439,AAVE/USDT:USDT,297.51,0.5,297.5,0.2,297.52,1.3,297.53,2.5
1753503800739,04:23:20.739,AAVE/USDT:USDT,297.51,0.5,297.5,1.7,297.52,1.3,297.53,3.5
1753503800739,04:23:20.739,AAVE/USDT:USDT,297.51,0.5,297.5,1.7,297.52,1.3,297.53,3.5
1753503800889,04:23:20.889,AAVE/USDT:USDT,297.51,0.8,297.49,0.3,297.52,1.3,297.53,2.5
1753503800889,04:23:20.889,AAVE/USDT:USDT,297.51,0.8,297.49,0.3,297.52,1.3,297.53,2.5
1753503801039,04:23:21.039,AAVE/USDT:USDT,297.51,0.5,297.5,1.7,297.52,1.3,297.53,2.5
1753503801039,04:23:21.039,AAVE/USDT:USDT,297.51,0.5,297.5,1.7,297.52,1.3,297.53,2.5
1753503801189,04:23:21.189,AAVE/USDT:USDT,297.51,0.5,297.5,1.7,297.52,1.3,297.53,2.5
1753503801189,04:23:21.189,AAVE/USDT:USDT,297.51,0.5,297.5,1.7,297.52,1.3,297.53,2.5
1753503801339,04:23:21.339,AAVE/USDT:USDT,297.51,0.5,297.5,1.7,297.52,1.3,297.53,2.5
1753503801489,04:23:21.489,AAVE/USDT:USDT,297.51,2.5,297.5,1.7,297.52,1.3,297.53,2.5
1753503801489,04:23:21.489,AAVE/USDT:USDT,297.51,2.5,297.5,1.7,297.52,1.3,297.53,2.5
1753503801640,04:23:21.640,AAVE/USDT:USDT,297.51,2.5,297.5,1.7,297.52,1.3,297.53,2.5
1753503801640,04:23:21.640,AAVE/USDT:USDT,297.51,2.5,297.5,1.7,297.52,1.3,297.53,2.5
1753503801789,04:23:21.789,AAVE/USDT:USDT,297.51,2.5,297.5,1.7,297.52,1.3,297.53,2.5
1753503801789,04:23:21.789,AAVE/USDT:USDT,297.51,2.5,297.5,1.7,297.52,1.3,297.53,2.5
1753503801940,04:23:21.940,AAVE/USDT:USDT,297.52,2.0,297.51,0.5,297.53,1.4,297.54,8.4
1753503801940,04:23:21.940,AAVE/USDT:USDT,297.52,2.0,297.51,0.5,297.53,1.4,297.54,8.4
1753503802240,04:23:22.240,AAVE/USDT:USDT,297.52,2.5,297.51,0.5,297.53,4.3,297.54,2.6
1753503802240,04:23:22.240,AAVE/USDT:USDT,297.52,2.5,297.51,0.5,297.53,4.3,297.54,2.6
1753503802390,04:23:22.390,AAVE/USDT:USDT,297.52,2.5,297.51,0.5,297.53,4.3,297.54,2.6
1753503802390,04:23:22.390,AAVE/USDT:USDT,297.52,2.5,297.51,0.5,297.53,4.3,297.54,2.6
1753503802540,04:23:22.540,AAVE/USDT:USDT,297.52,2.5,297.51,0.5,297.53,4.3,297.54,2.6
1753503802540,04:23:22.540,AAVE/USDT:USDT,297.52,2.5,297.51,0.5,297.53,4.3,297.54,2.6
1753503802690,04:23:22.690,AAVE/USDT:USDT,297.52,2.5,297.51,0.5,297.53,4.3,297.54,2.6
1753503802690,04:23:22.690,AAVE/USDT:USDT,297.52,2.5,297.51,0.5,297.53,4.3,297.54,2.6
1753503802840,04:23:22.840,AAVE/USDT:USDT,297.52,2.5,297.51,0.5,297.53,4.3,297.54,2.6
1753503802990,04:23:22.990,AAVE/USDT:USDT,297.52,2.5,297.51,0.5,297.53,4.3,297.54,2.6
1753503803140,04:23:23.140,AAVE/USDT:USDT,297.52,0.5,297.51,0.5,297.53,4.3,297.54,2.6
1753503803140,04:23:23.140,AAVE/USDT:USDT,297.52,0.5,297.51,0.5,297.53,4.3,297.54,2.6
1753503803291,04:23:23.291,AAVE/USDT:USDT,297.52,0.5,297.51,0.5,297.53,4.3,297.54,2.6
1753503803291,04:23:23.291,AAVE/USDT:USDT,297.52,0.5,297.51,0.5,297.53,4.3,297.54,2.6
1753503803441,04:23:23.441,AAVE/USDT:USDT,297.52,0.5,297.51,0.5,297.53,4.3,297.54,2.6
1753503803591,04:23:23.591,AAVE/USDT:USDT,297.52,0.5,297.51,2.0,297.53,4.3,297.54,2.6
1753503803741,04:23:23.741,AAVE/USDT:USDT,297.52,0.5,297.51,2.0,297.53,4.3,297.54,2.6
1753503803741,04:23:23.741,AAVE/USDT:USDT,297.52,0.5,297.51,2.0,297.53,4.3,297.54,2.6
1753503803891,04:23:23.891,AAVE/USDT:USDT,297.52,0.5,297.51,2.0,297.53,4.3,297.54,2.6
1753503803891,04:23:23.891,AAVE/USDT:USDT,297.52,0.5,297.51,2.0,297.53,4.3,297.54,2.6
1753503804041,04:23:24.041,AAVE/USDT:USDT,297.52,0.5,297.51,2.0,297.53,4.3,297.54,2.6
1753503804041,04:23:24.041,AAVE/USDT:USDT,297.52,0.5,297.51,2.0,297.53,4.3,297.54,2.6
1753503804191,04:23:24.191,AAVE/USDT:USDT,297.52,0.5,297.51,2.0,297.53,4.3,297.54,2.6
1753503804191,04:23:24.191,AAVE/USDT:USDT,297.52,0.5,297.51,2.0,297.53,4.3,297.54,2.6
1753503804341,04:23:24.341,AAVE/USDT:USDT,297.51,0.5,297.49,0.1,297.53,4.3,297.54,2.6
1753503804341,04:23:24.341,AAVE/USDT:USDT,297.51,0.5,297.49,0.1,297.53,4.3,297.54,2.6
1753503804491,04:23:24.491,AAVE/USDT:USDT,297.51,0.5,297.49,0.1,297.52,0.6,297.53,6.2
1753503804491,04:23:24.491,AAVE/USDT:USDT,297.51,0.5,297.49,0.1,297.52,0.6,297.53,6.2
1753503804641,04:23:24.641,AAVE/USDT:USDT,297.51,0.5,297.5,1.7,297.52,1.4,297.53,4.7
1753503804641,04:23:24.641,AAVE/USDT:USDT,297.51,0.5,297.5,1.7,297.52,1.4,297.53,4.7
1753503804791,04:23:24.791,AAVE/USDT:USDT,297.51,0.5,297.5,1.7,297.52,1.4,297.53,4.7
1753503804791,04:23:24.791,AAVE/USDT:USDT,297.51,0.5,297.5,1.7,297.52,1.4,297.53,4.7
1753503804941,04:23:24.941,AAVE/USDT:USDT,297.51,0.5,297.5,1.7,297.52,1.4,297.53,4.7
1753503804941,04:23:24.941,AAVE/USDT:USDT,297.51,0.5,297.5,1.7,297.52,1.4,297.53,4.7
1753503805242,04:23:25.242,AAVE/USDT:USDT,297.51,0.5,297.5,1.7,297.52,1.4,297.53,4.7
1753503805242,04:23:25.242,AAVE/USDT:USDT,297.51,0.5,297.5,1.7,297.52,1.4,297.53,4.7
1753503805392,04:23:25.392,AAVE/USDT:USDT,297.51,0.5,297.5,1.7,297.52,1.4,297.53,4.7
1753503805542,04:23:25.542,AAVE/USDT:USDT,297.51,0.5,297.5,1.7,297.52,0.8,297.53,4.7
1753503805692,04:23:25.692,AAVE/USDT:USDT,297.51,0.5,297.5,1.7,297.52,0.8,297.53,4.7
1753503805842,04:23:25.842,AAVE/USDT:USDT,297.51,0.5,297.5,1.7,297.52,0.8,297.53,4.7
1753503805992,04:23:25.992,AAVE/USDT:USDT,297.51,0.5,297.5,1.7,297.52,0.8,297.53,4.7
1753503806142,04:23:26.142,AAVE/USDT:USDT,297.51,0.5,297.5,1.7,297.52,0.8,297.53,4.7
1753503806142,04:23:26.142,AAVE/USDT:USDT,297.51,0.5,297.5,1.7,297.52,0.8,297.53,4.7
1753503806292,04:23:26.292,AAVE/USDT:USDT,297.51,0.5,297.5,0.2,297.52,0.8,297.53,4.7
1753503806292,04:23:26.292,AAVE/USDT:USDT,297.51,0.5,297.5,0.2,297.52,0.8,297.53,4.7
1753503806442,04:23:26.442,AAVE/USDT:USDT,297.51,0.5,297.5,0.2,297.52,0.8,297.53,4.7
1753503806592,04:23:26.592,AAVE/USDT:USDT,297.51,0.5,297.5,0.2,297.52,0.8,297.53,4.7
1753503806742,04:23:26.742,AAVE/USDT:USDT,297.51,0.5,297.5,0.2,297.52,0.8,297.53,4.7
1753503806742,04:23:26.742,AAVE/USDT:USDT,297.51,0.5,297.5,0.2,297.52,0.8,297.53,4.7
1753503806892,04:23:26.892,AAVE/USDT:USDT,297.51,0.5,297.49,0.1,297.52,0.8,297.53,4.7
1753503806892,04:23:26.892,AAVE/USDT:USDT,297.51,0.5,297.49,0.1,297.52,0.8,297.53,4.7
1753503807043,04:23:27.043,AAVE/USDT:USDT,297.51,0.5,297.49,0.1,297.52,0.8,297.53,4.7
1753503807043,04:23:27.043,AAVE/USDT:USDT,297.51,0.5,297.49,0.1,297.52,0.8,297.53,4.7
1753503807193,04:23:27.193,AAVE/USDT:USDT,297.51,0.5,297.49,0.1,297.52,0.8,297.53,4.7
1753503807343,04:23:27.343,AAVE/USDT:USDT,297.51,0.5,297.49,0.1,297.52,0.8,297.53,4.7
1753503807343,04:23:27.343,AAVE/USDT:USDT,297.51,0.5,297.49,0.1,297.52,0.8,297.53,4.7
1753503807493,04:23:27.493,AAVE/USDT:USDT,297.51,0.5,297.49,0.1,297.52,0.8,297.53,4.7
1753503807643,04:23:27.643,AAVE/USDT:USDT,297.51,0.5,297.5,1.5,297.52,0.8,297.53,4.7
1753503807643,04:23:27.643,AAVE/USDT:USDT,297.51,0.5,297.5,1.5,297.52,0.8,297.53,4.7
1753503807943,04:23:27.943,AAVE/USDT:USDT,297.51,0.5,297.5,1.7,297.52,0.8,297.53,4.7
1753503807943,04:23:27.943,AAVE/USDT:USDT,297.51,0.5,297.5,1.7,297.52,0.8,297.53,4.7
1753503808093,04:23:28.093,AAVE/USDT:USDT,297.51,0.5,297.5,1.7,297.52,0.8,297.53,4.7
1753503808093,04:23:28.093,AAVE/USDT:USDT,297.51,0.5,297.5,1.7,297.52,0.8,297.53,4.7
1753503808243,04:23:28.243,AAVE/USDT:USDT,297.51,0.5,297.5,0.2,297.52,0.8,297.53,4.7
1753503808243,04:23:28.243,AAVE/USDT:USDT,297.51,0.5,297.5,0.2,297.52,0.8,297.53,4.7
1753503808393,04:23:28.393,AAVE/USDT:USDT,297.51,0.5,297.5,0.2,297.52,0.8,297.53,4.7
1753503808543,04:23:28.543,AAVE/USDT:USDT,297.51,0.5,297.5,0.2,297.52,0.8,297.53,4.7
1753503808543,04:23:28.543,AAVE/USDT:USDT,297.51,0.5,297.5,0.2,297.52,0.8,297.53,4.7
1753503808693,04:23:28.693,AAVE/USDT:USDT,297.51,0.5,297.49,0.1,297.52,0.8,297.53,4.7
1753503808693,04:23:28.693,AAVE/USDT:USDT,297.51,0.5,297.49,0.1,297.52,0.8,297.53,4.7
1753503808844,04:23:28.844,AAVE/USDT:USDT,297.51,0.5,297.49,0.1,297.52,0.8,297.53,4.7
1753503808844,04:23:28.844,AAVE/USDT:USDT,297.51,0.5,297.49,0.1,297.52,0.8,297.53,4.7
1753503808994,04:23:28.994,AAVE/USDT:USDT,297.51,0.5,297.49,0.1,297.52,0.8,297.53,4.7
1753503808994,04:23:28.994,AAVE/USDT:USDT,297.51,0.5,297.49,0.1,297.52,0.8,297.53,4.7
1753503809144,04:23:29.144,AAVE/USDT:USDT,297.51,0.5,297.49,0.1,297.52,0.8,297.53,4.7
1753503809294,04:23:29.294,AAVE/USDT:USDT,297.51,0.5,297.49,0.1,297.52,0.8,297.53,4.7
1753503809444,04:23:29.444,AAVE/USDT:USDT,297.51,0.5,297.49,0.1,297.52,0.8,297.53,4.7
1753503809444,04:23:29.444,AAVE/USDT:USDT,297.51,0.5,297.49,0.1,297.52,0.8,297.53,4.7
1753503809594,04:23:29.594,AAVE/USDT:USDT,297.51,0.5,297.49,0.1,297.52,0.8,297.53,4.7
1753503809744,04:23:29.744,AAVE/USDT:USDT,297.51,0.5,297.49,0.1,297.52,0.8,297.53,4.7
1753503809744,04:23:29.744,AAVE/USDT:USDT,297.51,0.5,297.49,0.1,297.52,0.8,297.53,4.7
1753503809894,04:23:29.894,AAVE/USDT:USDT,297.51,0.5,297.49,0.1,297.52,0.8,297.53,4.7
1753503809894,04:23:29.894,AAVE/USDT:USDT,297.51,0.5,297.49,0.1,297.52,0.8,297.53,4.7
1753503810194,04:23:30.194,AAVE/USDT:USDT,297.48,3.0,297.47,0.8,297.49,0.5,297.5,2.4
1753503810194,04:23:30.194,AAVE/USDT:USDT,297.48,3.0,297.47,0.8,297.49,0.5,297.5,2.4
1753503810344,04:23:30.344,AAVE/USDT:USDT,297.48,3.0,297.47,2.3,297.49,1.4,297.5,3.4
1753503810494,04:23:30.494,AAVE/USDT:USDT,297.48,3.0,297.47,2.5,297.49,1.4,297.5,2.4
1753503810494,04:23:30.494,AAVE/USDT:USDT,297.48,3.0,297.47,2.5,297.49,1.4,297.5,2.4
1753503810645,04:23:30.645,AAVE/USDT:USDT,297.48,3.0,297.47,2.5,297.49,1.4,297.5,2.4
1753503810645,04:23:30.645,AAVE/USDT:USDT,297.48,3.0,297.47,2.5,297.49,1.4,297.5,2.4
1753503810795,04:23:30.795,AAVE/USDT:USDT,297.48,3.0,297.47,2.5,297.49,1.4,297.5,2.4
1753503810945,04:23:30.945,AAVE/USDT:USDT,297.48,3.0,297.47,2.5,297.49,1.4,297.5,2.4
1753503810945,04:23:30.945,AAVE/USDT:USDT,297.48,3.0,297.47,2.5,297.49,1.4,297.5,2.4
1753503811245,04:23:31.245,AAVE/USDT:USDT,297.48,3.0,297.47,2.5,297.49,0.8,297.5,2.4
1753503811245,04:23:31.245,AAVE/USDT:USDT,297.48,3.0,297.47,2.5,297.49,0.8,297.5,2.4
1753503811545,04:23:31.545,AAVE/USDT:USDT,297.48,3.0,297.47,2.5,297.49,0.8,297.5,2.4
1753503811545,04:23:31.545,AAVE/USDT:USDT,297.48,3.0,297.47,2.5,297.49,0.8,297.5,2.4
1753503811695,04:23:31.695,AAVE/USDT:USDT,297.48,3.0,297.47,2.5,297.49,0.8,297.5,2.4
1753503811695,04:23:31.695,AAVE/USDT:USDT,297.48,3.0,297.47,2.5,297.49,0.8,297.5,2.4
1753503811845,04:23:31.845,AAVE/USDT:USDT,297.48,3.0,297.47,2.5,297.49,0.8,297.5,2.4
1753503811845,04:23:31.845,AAVE/USDT:USDT,297.48,3.0,297.47,2.5,297.49,0.8,297.5,2.4
1753503811995,04:23:31.995,AAVE/USDT:USDT,297.48,3.0,297.47,2.5,297.49,0.8,297.5,2.4
1753503812145,04:23:32.145,AAVE/USDT:USDT,297.48,3.0,297.47,2.5,297.49,0.8,297.5,2.4
1753503812295,04:23:32.295,AAVE/USDT:USDT,297.48,5.3,297.47,2.5,297.49,0.3,297.51,1.9
1753503812295,04:23:32.295,AAVE/USDT:USDT,297.48,5.3,297.47,2.5,297.49,0.3,297.51,1.9
1753503812446,04:23:32.446,AAVE/USDT:USDT,297.5,2.8,297.49,0.5,297.51,2.2,297.52,8.0
1753503812596,04:23:32.596,AAVE/USDT:USDT,297.5,2.8,297.49,0.5,297.51,3.2,297.52,1.7
1753503812596,04:23:32.596,AAVE/USDT:USDT,297.5,2.8,297.49,0.5,297.51,3.2,297.52,1.7
1753503812746,04:23:32.746,AAVE/USDT:USDT,297.5,2.8,297.49,0.5,297.51,3.7,297.52,1.7
1753503812896,04:23:32.896,AAVE/USDT:USDT,297.5,2.3,297.49,0.5,297.51,4.1,297.52,1.7
1753503812896,04:23:32.896,AAVE/USDT:USDT,297.5,2.3,297.49,0.5,297.51,4.1,297.52,1.7
1753503813046,04:23:33.046,AAVE/USDT:USDT,297.5,2.3,297.49,0.5,297.51,4.1,297.52,1.7
1753503813046,04:23:33.046,AAVE/USDT:USDT,297.5,2.3,297.49,0.5,297.51,4.1,297.52,1.7
1753503813196,04:23:33.196,AAVE/USDT:USDT,297.5,2.3,297.49,0.5,297.51,4.1,297.52,1.7
1753503813196,04:23:33.196,AAVE/USDT:USDT,297.5,2.3,297.49,0.5,297.51,4.1,297.52,1.7
1753503813346,04:23:33.346,AAVE/USDT:USDT,297.49,0.5,297.48,3.0,297.51,4.1,297.52,1.7
1753503813346,04:23:33.346,AAVE/USDT:USDT,297.49,0.5,297.48,3.0,297.51,4.1,297.52,1.7
1753503813496,04:23:33.496,AAVE/USDT:USDT,297.49,0.5,297.48,3.0,297.5,0.6,297.51,4.1
1753503813496,04:23:33.496,AAVE/USDT:USDT,297.49,0.5,297.48,3.0,297.5,0.6,297.51,4.1
1753503813646,04:23:33.646,AAVE/USDT:USDT,297.49,0.5,297.48,3.0,297.5,1.4,297.51,3.8
1753503813796,04:23:33.796,AAVE/USDT:USDT,297.49,0.5,297.48,3.0,297.5,1.4,297.51,3.8
1753503814096,04:23:34.096,AAVE/USDT:USDT,297.49,0.5,297.48,3.0,297.5,1.4,297.51,3.8
1753503814096,04:23:34.096,AAVE/USDT:USDT,297.49,0.5,297.48,3.0,297.5,1.4,297.51,3.8
1753503814247,04:23:34.247,AAVE/USDT:USDT,297.49,0.5,297.48,3.0,297.5,1.4,297.51,3.8
1753503814247,04:23:34.247,AAVE/USDT:USDT,297.49,0.5,297.48,3.0,297.5,1.4,297.51,3.8
1753503814397,04:23:34.397,AAVE/USDT:USDT,297.49,0.5,297.48,4.5,297.5,1.4,297.51,3.8
1753503814397,04:23:34.397,AAVE/USDT:USDT,297.49,0.5,297.48,4.5,297.5,1.4,297.51,3.8
1753503814547,04:23:34.547,AAVE/USDT:USDT,297.49,0.5,297.48,4.5,297.5,1.4,297.51,3.8
1753503814547,04:23:34.547,AAVE/USDT:USDT,297.49,0.5,297.48,4.5,297.5,1.4,297.51,3.8
1753503814697,04:23:34.697,AAVE/USDT:USDT,297.49,0.5,297.48,4.5,297.5,1.4,297.51,3.8
1753503814697,04:23:34.697,AAVE/USDT:USDT,297.49,0.5,297.48,4.5,297.5,1.4,297.51,3.8
1753503814847,04:23:34.847,AAVE/USDT:USDT,297.49,0.5,297.48,4.5,297.5,1.4,297.51,3.8
1753503814847,04:23:34.847,AAVE/USDT:USDT,297.49,0.5,297.48,4.5,297.5,1.4,297.51,3.8
1753503814997,04:23:34.997,AAVE/USDT:USDT,297.49,0.5,297.48,3.0,297.5,1.4,297.51,3.8
1753503814997,04:23:34.997,AAVE/USDT:USDT,297.49,0.5,297.48,3.0,297.5,1.4,297.51,3.8
1753503815147,04:23:35.147,AAVE/USDT:USDT,297.49,0.5,297.48,3.0,297.5,1.4,297.51,3.8
1753503815147,04:23:35.147,AAVE/USDT:USDT,297.49,0.5,297.48,3.0,297.5,1.4,297.51,3.8
1753503815297,04:23:35.297,AAVE/USDT:USDT,297.49,0.5,297.48,4.5,297.5,1.4,297.51,3.8
1753503815297,04:23:35.297,AAVE/USDT:USDT,297.49,0.5,297.48,4.5,297.5,1.4,297.51,3.8
1753503815447,04:23:35.447,AAVE/USDT:USDT,297.49,0.5,297.48,4.5,297.5,0.8,297.51,2.8
1753503815447,04:23:35.447,AAVE/USDT:USDT,297.49,0.5,297.48,4.5,297.5,0.8,297.51,2.8
1753503815597,04:23:35.597,AAVE/USDT:USDT,297.49,0.7,297.48,4.5,297.5,0.8,297.51,2.8
1753503815747,04:23:35.747,AAVE/USDT:USDT,297.49,0.5,297.48,4.5,297.5,0.8,297.51,2.8
1753503815747,04:23:35.747,AAVE/USDT:USDT,297.49,0.5,297.48,4.5,297.5,0.8,297.51,2.8
1753503815897,04:23:35.897,AAVE/USDT:USDT,297.49,0.5,297.48,4.7,297.5,0.8,297.51,2.8
1753503815897,04:23:35.897,AAVE/USDT:USDT,297.49,0.5,297.48,4.7,297.5,0.8,297.51,2.8
1753503816048,04:23:36.048,AAVE/USDT:USDT,297.49,0.5,297.48,4.7,297.5,0.8,297.51,2.8
1753503816048,04:23:36.048,AAVE/USDT:USDT,297.49,0.5,297.48,4.7,297.5,0.8,297.51,2.8
1753503816198,04:23:36.198,AAVE/USDT:USDT,297.49,0.5,297.48,4.7,297.5,0.8,297.51,2.8
1753503816348,04:23:36.348,AAVE/USDT:USDT,297.49,0.5,297.48,4.7,297.5,0.8,297.51,2.8
1753503816498,04:23:36.498,AAVE/USDT:USDT,297.49,0.5,297.48,4.7,297.5,0.8,297.51,2.8
1753503816498,04:23:36.498,AAVE/USDT:USDT,297.49,0.5,297.48,4.7,297.5,0.8,297.51,2.8
1753503816648,04:23:36.648,AAVE/USDT:USDT,297.49,0.5,297.48,4.7,297.5,0.8,297.51,2.8
1753503816648,04:23:36.648,AAVE/USDT:USDT,297.49,0.5,297.48,4.7,297.5,0.8,297.51,2.8
1753503816798,04:23:36.798,AAVE/USDT:USDT,297.49,0.5,297.48,4.7,297.5,0.8,297.51,2.8
1753503816798,04:23:36.798,AAVE/USDT:USDT,297.49,0.5,297.48,4.7,297.5,0.8,297.51,2.8
1753503816948,04:23:36.948,AAVE/USDT:USDT,297.49,0.5,297.48,4.7,297.5,0.8,297.51,2.8
1753503816948,04:23:36.948,AAVE/USDT:USDT,297.49,0.5,297.48,4.7,297.5,0.8,297.51,2.8
1753503817098,04:23:37.098,AAVE/USDT:USDT,297.49,0.5,297.48,4.7,297.5,0.8,297.51,2.8
1753503817098,04:23:37.098,AAVE/USDT:USDT,297.49,0.5,297.48,4.7,297.5,0.8,297.51,2.8
1753503817248,04:23:37.248,AAVE/USDT:USDT,297.49,0.5,297.48,4.7,297.5,0.8,297.51,2.8
1753503817398,04:23:37.398,AAVE/USDT:USDT,297.49,0.5,297.48,3.0,297.5,1.8,297.51,2.8
1753503817548,04:23:37.548,AAVE/USDT:USDT,297.49,0.5,297.48,3.2,297.5,0.8,297.51,2.8
1753503817698,04:23:37.698,AAVE/USDT:USDT,297.49,2.7,297.48,4.5,297.5,0.8,297.51,0.9
1753503817698,04:23:37.698,AAVE/USDT:USDT,297.49,2.7,297.48,4.5,297.5,0.8,297.51,0.9
1753503817849,04:23:37.849,AAVE/USDT:USDT,297.49,2.5,297.48,4.5,297.5,0.8,297.51,0.9
1753503817849,04:23:37.849,AAVE/USDT:USDT,297.49,2.5,297.48,4.5,297.5,0.8,297.51,0.9
1753503817999,04:23:37.999,AAVE/USDT:USDT,297.49,0.5,297.48,4.7,297.5,0.8,297.51,1.9
1753503817999,04:23:37.999,AAVE/USDT:USDT,297.49,0.5,297.48,4.7,297.5,0.8,297.51,1.9
1753503818149,04:23:38.149,AAVE/USDT:USDT,297.49,0.5,297.48,4.7,297.5,0.8,297.51,1.9
1753503818149,04:23:38.149,AAVE/USDT:USDT,297.49,0.5,297.48,4.7,297.5,0.8,297.51,1.9
1753503818299,04:23:38.299,AAVE/USDT:USDT,297.49,0.5,297.48,4.7,297.5,0.8,297.51,0.9
1753503818299,04:23:38.299,AAVE/USDT:USDT,297.49,0.5,297.48,4.7,297.5,0.8,297.51,0.9
1753503818449,04:23:38.449,AAVE/USDT:USDT,297.49,0.5,297.48,4.7,297.5,0.8,297.51,0.9
1753503818449,04:23:38.449,AAVE/USDT:USDT,297.49,0.5,297.48,4.7,297.5,0.8,297.51,0.9
1753503818599,04:23:38.599,AAVE/USDT:USDT,297.49,0.5,297.48,4.7,297.5,0.8,297.51,0.9
1753503818749,04:23:38.749,AAVE/USDT:USDT,297.49,0.5,297.48,4.7,297.5,0.8,297.51,0.9
1753503818899,04:23:38.899,AAVE/USDT:USDT,297.49,0.5,297.48,4.7,297.5,0.8,297.51,0.9
1753503819049,04:23:39.049,AAVE/USDT:USDT,297.49,0.5,297.48,4.7,297.5,0.8,297.51,0.9
1753503819049,04:23:39.049,AAVE/USDT:USDT,297.49,0.5,297.48,4.7,297.5,0.8,297.51,0.9
1753503819199,04:23:39.199,AAVE/USDT:USDT,297.49,0.5,297.48,4.7,297.5,0.8,297.51,0.9
1753503819199,04:23:39.199,AAVE/USDT:USDT,297.49,0.5,297.48,4.7,297.5,0.8,297.51,0.9
1753503819500,04:23:39.500,AAVE/USDT:USDT,297.49,0.5,297.48,4.7,297.5,0.8,297.51,0.9
1753503819500,04:23:39.500,AAVE/USDT:USDT,297.49,0.5,297.48,4.7,297.5,0.8,297.51,0.9
1753503819649,04:23:39.649,AAVE/USDT:USDT,297.49,0.5,297.48,4.7,297.5,0.8,297.51,0.9
1753503819800,04:23:39.800,AAVE/USDT:USDT,297.49,0.5,297.48,3.0,297.5,0.8,297.51,1.9
1753503819950,04:23:39.950,AAVE/USDT:USDT,297.49,0.5,297.48,3.2,297.5,0.8,297.51,0.9
1753503820100,04:23:40.100,AAVE/USDT:USDT,297.49,0.5,297.48,3.2,297.5,0.8,297.51,0.9
1753503820100,04:23:40.100,AAVE/USDT:USDT,297.49,0.5,297.48,3.2,297.5,0.8,297.51,0.9
1753503820250,04:23:40.250,AAVE/USDT:USDT,297.49,0.5,297.48,3.2,297.5,0.8,297.51,0.9
1753503820400,04:23:40.400,AAVE/USDT:USDT,297.5,2.3,297.49,4.0,297.51,0.9,297.52,8.6
1753503820400,04:23:40.400,AAVE/USDT:USDT,297.5,2.3,297.49,4.0,297.51,0.9,297.52,8.6
1753503820550,04:23:40.550,AAVE/USDT:USDT,297.5,2.8,297.49,4.0,297.51,1.2,297.52,1.7
1753503820550,04:23:40.550,AAVE/USDT:USDT,297.5,2.8,297.49,4.0,297.51,1.2,297.52,1.7
1753503820700,04:23:40.700,AAVE/USDT:USDT,297.5,2.8,297.49,4.0,297.51,1.2,297.52,2.7
1753503820850,04:23:40.850,AAVE/USDT:USDT,297.5,2.8,297.49,4.0,297.51,1.2,297.52,2.7
1753503820850,04:23:40.850,AAVE/USDT:USDT,297.5,2.8,297.49,4.0,297.51,1.2,297.52,2.7
1753503821000,04:23:41.000,AAVE/USDT:USDT,297.5,2.8,297.49,0.5,297.51,1.2,297.52,2.7
1753503821150,04:23:41.150,AAVE/USDT:USDT,297.5,2.8,297.49,0.5,297.51,1.2,297.52,2.7
1753503821301,04:23:41.301,AAVE/USDT:USDT,297.5,2.8,297.49,0.5,297.51,1.2,297.52,2.7
1753503821301,04:23:41.301,AAVE/USDT:USDT,297.5,2.8,297.49,0.5,297.51,1.2,297.52,2.7
1753503821601,04:23:41.601,AAVE/USDT:USDT,297.5,2.8,297.49,0.5,297.51,1.2,297.52,2.7
1753503821601,04:23:41.601,AAVE/USDT:USDT,297.5,2.8,297.49,0.5,297.51,1.2,297.52,2.7
1753503821751,04:23:41.751,AAVE/USDT:USDT,297.5,2.8,297.49,0.5,297.51,1.2,297.52,2.7
1753503821901,04:23:41.901,AAVE/USDT:USDT,297.5,2.8,297.49,0.5,297.51,1.2,297.52,2.7
1753503822051,04:23:42.051,AAVE/USDT:USDT,297.5,2.8,297.49,2.0,297.51,1.2,297.52,2.7
1753503822051,04:23:42.051,AAVE/USDT:USDT,297.5,2.8,297.49,2.0,297.51,1.2,297.52,2.7
1753503822351,04:23:42.351,AAVE/USDT:USDT,297.5,2.8,297.49,2.0,297.51,1.2,297.52,2.7
1753503822351,04:23:42.351,AAVE/USDT:USDT,297.5,2.8,297.49,2.0,297.51,1.2,297.52,2.7
1753503822501,04:23:42.501,AAVE/USDT:USDT,297.5,2.8,297.49,2.0,297.51,1.2,297.52,1.1
1753503822801,04:23:42.801,AAVE/USDT:USDT,297.5,2.5,297.49,2.2,297.51,1.2,297.52,0.6
1753503822951,04:23:42.951,AAVE/USDT:USDT,297.5,0.5,297.49,0.7,297.51,1.2,297.52,1.6
1753503823102,04:23:43.102,AAVE/USDT:USDT,297.5,0.5,297.49,0.5,297.51,1.2,297.52,1.6
1753503823252,04:23:43.252,AAVE/USDT:USDT,297.49,0.5,297.48,3.0,297.51,1.2,297.52,1.6
1753503823402,04:23:43.402,AAVE/USDT:USDT,297.5,2.3,297.49,4.2,297.51,1.2,297.52,1.6
1753503823402,04:23:43.402,AAVE/USDT:USDT,297.5,2.3,297.49,4.2,297.51,1.2,297.52,1.6
1753503823552,04:23:43.552,AAVE/USDT:USDT,297.5,2.3,297.49,4.2,297.51,1.2,297.52,1.6
1753503823552,04:23:43.552,AAVE/USDT:USDT,297.5,2.3,297.49,4.2,297.51,1.2,297.52,1.6
1753503823852,04:23:43.852,AAVE/USDT:USDT,297.49,2.5,297.48,3.0,297.51,1.2,297.52,1.6
1753503823852,04:23:43.852,AAVE/USDT:USDT,297.49,2.5,297.48,3.0,297.51,1.2,297.52,1.6
1753503824002,04:23:44.002,AAVE/USDT:USDT,297.49,4.2,297.48,3.0,297.51,1.2,297.52,1.6
1753503824152,04:23:44.152,AAVE/USDT:USDT,297.5,2.3,297.49,4.2,297.51,1.2,297.52,1.6
1753503824302,04:23:44.302,AAVE/USDT:USDT,297.5,2.8,297.49,4.2,297.51,1.2,297.52,1.6
1753503824452,04:23:44.452,AAVE/USDT:USDT,297.5,2.8,297.49,4.0,297.51,1.2,297.52,1.6
1753503824602,04:23:44.602,AAVE/USDT:USDT,297.5,2.8,297.49,4.2,297.51,1.2,297.52,0.6
1753503824753,04:23:44.753,AAVE/USDT:USDT,297.5,2.8,297.49,4.2,297.51,1.2,297.52,0.6
1753503824753,04:23:44.753,AAVE/USDT:USDT,297.5,2.8,297.49,4.2,297.51,1.2,297.52,0.6
1753503824903,04:23:44.903,AAVE/USDT:USDT,297.5,2.8,297.49,4.2,297.51,1.2,297.52,0.6
1753503825053,04:23:45.053,AAVE/USDT:USDT,297.5,2.8,297.49,4.2,297.51,1.2,297.52,0.6
1753503825053,04:23:45.053,AAVE/USDT:USDT,297.5,2.8,297.49,4.2,297.51,1.2,297.52,0.6
1753503825203,04:23:45.203,AAVE/USDT:USDT,297.5,2.8,297.49,4.2,297.51,1.2,297.52,0.6
1753503825203,04:23:45.203,AAVE/USDT:USDT,297.5,2.8,297.49,4.2,297.51,1.2,297.52,0.6
1753503825353,04:23:45.353,AAVE/USDT:USDT,297.5,2.8,297.49,2.7,297.51,1.2,297.52,0.6
1753503825503,04:23:45.503,AAVE/USDT:USDT,297.5,2.8,297.49,2.7,297.51,1.2,297.52,0.6
1753503826103,04:23:46.103,AAVE/USDT:USDT,297.5,2.8,297.49,2.7,297.51,1.2,297.52,0.6
1753503826103,04:23:46.103,AAVE/USDT:USDT,297.5,2.8,297.49,2.7,297.51,1.2,297.52,0.6
1753503826253,04:23:46.253,AAVE/USDT:USDT,297.5,2.8,297.49,2.7,297.51,1.2,297.52,0.6
1753503826403,04:23:46.403,AAVE/USDT:USDT,297.5,2.8,297.49,4.2,297.51,1.2,297.52,0.6
1753503826554,04:23:46.554,AAVE/USDT:USDT,297.5,2.8,297.49,4.2,297.51,1.2,297.52,0.6
1753503826704,04:23:46.704,AAVE/USDT:USDT,297.5,2.8,297.49,4.2,297.51,1.2,297.52,0.6
1753503826854,04:23:46.854,AAVE/USDT:USDT,297.5,2.8,297.49,4.0,297.51,1.2,297.52,1.6
1753503826854,04:23:46.854,AAVE/USDT:USDT,297.5,2.8,297.49,4.0,297.51,1.2,297.52,1.6
1753503827004,04:23:47.004,AAVE/USDT:USDT,297.5,2.8,297.49,4.0,297.51,1.2,297.52,1.6
1753503827004,04:23:47.004,AAVE/USDT:USDT,297.5,2.8,297.49,4.0,297.51,1.2,297.52,1.6
1753503827304,04:23:47.304,AAVE/USDT:USDT,297.5,2.8,297.49,4.0,297.51,1.2,297.52,1.6
1753503827454,04:23:47.454,AAVE/USDT:USDT,297.5,2.8,297.49,4.0,297.51,1.2,297.52,1.6
1753503827454,04:23:47.454,AAVE/USDT:USDT,297.5,2.8,297.49,4.0,297.51,1.2,297.52,1.6
1753503827604,04:23:47.604,AAVE/USDT:USDT,297.5,0.5,297.49,0.5,297.51,1.2,297.52,1.6
1753503827754,04:23:47.754,AAVE/USDT:USDT,297.5,0.5,297.49,0.5,297.51,1.2,297.52,1.6
1753503827754,04:23:47.754,AAVE/USDT:USDT,297.5,0.5,297.49,0.5,297.51,1.2,297.52,1.6
1753503827904,04:23:47.904,AAVE/USDT:USDT,297.5,0.5,297.49,2.0,297.51,1.2,297.52,1.6
1753503828054,04:23:48.054,AAVE/USDT:USDT,297.49,2.2,297.48,3.0,297.51,1.2,297.52,0.6
1753503828204,04:23:48.204,AAVE/USDT:USDT,297.49,1.7,297.48,5.0,297.5,0.9,297.51,0.9
1753503828204,04:23:48.204,AAVE/USDT:USDT,297.49,1.7,297.48,5.0,297.5,0.9,297.51,0.9
1753503828355,04:23:48.355,AAVE/USDT:USDT,297.48,5.0,297.47,0.8,297.5,1.4,297.51,0.9
1753503828355,04:23:48.355,AAVE/USDT:USDT,297.48,5.0,297.47,0.8,297.5,1.4,297.51,0.9
1753503828505,04:23:48.505,AAVE/USDT:USDT,297.48,6.7,297.47,1.0,297.5,1.4,297.51,0.9
1753503828505,04:23:48.505,AAVE/USDT:USDT,297.48,6.7,297.47,1.0,297.5,1.4,297.51,0.9
1753503828655,04:23:48.655,AAVE/USDT:USDT,297.48,6.7,297.47,1.0,297.5,1.4,297.51,0.9
1753503828655,04:23:48.655,AAVE/USDT:USDT,297.48,6.7,297.47,1.0,297.5,1.4,297.51,0.9
1753503828805,04:23:48.805,AAVE/USDT:USDT,297.48,3.0,297.47,1.0,297.5,2.4,297.51,0.9
1753503828955,04:23:48.955,AAVE/USDT:USDT,297.48,3.2,297.47,0.8,297.5,1.4,297.51,0.9
1753503828955,04:23:48.955,AAVE/USDT:USDT,297.48,3.2,297.47,0.8,297.5,1.4,297.51,0.9
1753503829105,04:23:49.105,AAVE/USDT:USDT,297.48,4.7,297.47,0.8,297.5,1.4,297.51,0.9
1753503829105,04:23:49.105,AAVE/USDT:USDT,297.48,4.7,297.47,0.8,297.5,1.4,297.51,0.9
1753503829255,04:23:49.255,AAVE/USDT:USDT,297.48,5.0,297.42,0.7,297.49,27.2,297.5,4.6
1753503829255,04:23:49.255,AAVE/USDT:USDT,297.48,5.0,297.42,0.7,297.49,27.2,297.5,4.6
1753503829405,04:23:49.405,AAVE/USDT:USDT,297.48,3.1,297.43,3.7,297.49,30.2,297.5,4.7
1753503829555,04:23:49.555,AAVE/USDT:USDT,297.43,1.7,297.42,2.4,297.48,18.3,297.49,30.2
1753503829705,04:23:49.705,AAVE/USDT:USDT,297.48,0.3,297.44,2.3,297.49,29.5,297.5,12.3
1753503830005,04:23:50.005,AAVE/USDT:USDT,297.48,0.3,297.43,5.6,297.49,30.5,297.5,5.4
1753503830005,04:23:50.005,AAVE/USDT:USDT,297.48,0.3,297.43,5.6,297.49,30.5,297.5,5.4
1753503830156,04:23:50.156,AAVE/USDT:USDT,297.48,0.3,297.43,5.6,297.49,30.5,297.5,5.4
1753503830306,04:23:50.306,AAVE/USDT:USDT,297.48,0.3,297.43,5.6,297.49,30.5,297.5,5.4
1753503830306,04:23:50.306,AAVE/USDT:USDT,297.48,0.3,297.43,5.6,297.49,30.5,297.5,5.4
1753503830456,04:23:50.456,AAVE/USDT:USDT,297.48,1.9,297.44,2.3,297.49,32.4,297.5,8.2
1753503830606,04:23:50.606,AAVE/USDT:USDT,297.48,1.9,297.43,5.8,297.49,32.4,297.5,8.0
1753503830756,04:23:50.756,AAVE/USDT:USDT,297.48,1.9,297.43,5.8,297.49,33.4,297.5,8.0
1753503830906,04:23:50.906,AAVE/USDT:USDT,297.48,1.9,297.43,5.8,297.49,35.8,297.5,8.0
1753503831056,04:23:51.056,AAVE/USDT:USDT,297.48,1.9,297.43,5.6,297.49,35.8,297.5,8.0
1753503831206,04:23:51.206,AAVE/USDT:USDT,297.48,1.9,297.47,1.7,297.49,30.8,297.5,8.0
1753503831356,04:23:51.356,AAVE/USDT:USDT,297.48,4.4,297.47,1.7,297.49,0.5,297.5,3.6
1753503831506,04:23:51.506,AAVE/USDT:USDT,297.48,4.4,297.47,1.9,297.49,0.3,297.5,0.4
1753503831506,04:23:51.506,AAVE/USDT:USDT,297.48,4.4,297.47,1.9,297.49,0.3,297.5,0.4
1753503831656,04:23:51.656,AAVE/USDT:USDT,297.48,4.4,297.47,1.9,297.49,0.3,297.5,0.4
1753503831806,04:23:51.806,AAVE/USDT:USDT,297.48,4.4,297.47,1.9,297.49,0.5,297.5,0.4
1753503831806,04:23:51.806,AAVE/USDT:USDT,297.48,4.4,297.47,1.9,297.49,0.5,297.5,0.4
1753503831957,04:23:51.957,AAVE/USDT:USDT,297.48,4.4,297.47,1.7,297.49,0.7,297.5,0.4
1753503832107,04:23:52.107,AAVE/USDT:USDT,297.48,4.4,297.47,1.7,297.49,0.9,297.5,0.4
1753503832107,04:23:52.107,AAVE/USDT:USDT,297.48,4.4,297.47,1.7,297.49,0.9,297.5,0.4
1753503832257,04:23:52.257,AAVE/USDT:USDT,297.48,4.4,297.47,1.7,297.49,0.9,297.5,0.4
1753503832257,04:23:52.257,AAVE/USDT:USDT,297.48,4.4,297.47,1.7,297.49,0.9,297.5,0.4
1753503832407,04:23:52.407,AAVE/USDT:USDT,297.48,4.4,297.47,1.7,297.49,0.9,297.5,0.4
1753503832557,04:23:52.557,AAVE/USDT:USDT,297.48,4.4,297.47,1.7,297.49,0.9,297.5,0.4
1753503833007,04:23:53.007,AAVE/USDT:USDT,297.48,5.9,297.46,3.3,297.49,0.3,297.5,1.0
1753503833157,04:23:53.157,AAVE/USDT:USDT,297.48,2.4,297.46,2.7,297.49,1.1,297.5,1.0
1753503833307,04:23:53.307,AAVE/USDT:USDT,297.48,2.4,297.45,1.4,297.49,1.1,297.5,1.0
1753503833307,04:23:53.307,AAVE/USDT:USDT,297.48,2.4,297.45,1.4,297.49,1.1,297.5,1.0
1753503833457,04:23:53.457,AAVE/USDT:USDT,297.48,2.4,297.47,1.5,297.49,1.1,297.5,3.6
1753503833607,04:23:53.607,AAVE/USDT:USDT,297.48,2.4,297.47,1.5,297.49,1.1,297.5,3.6
1753503833758,04:23:53.758,AAVE/USDT:USDT,297.48,2.4,297.47,1.5,297.49,1.1,297.5,3.6
1753503833908,04:23:53.908,AAVE/USDT:USDT,297.48,1.9,297.45,1.4,297.49,1.1,297.5,3.6
1753503834058,04:23:54.058,AAVE/USDT:USDT,297.48,1.9,297.45,1.4,297.49,1.1,297.5,11.4
1753503834058,04:23:54.058,AAVE/USDT:USDT,297.48,1.9,297.45,1.4,297.49,1.1,297.5,11.4
1753503834358,04:23:54.358,AAVE/USDT:USDT,297.48,1.9,297.45,1.7,297.49,1.1,297.5,11.4
1753503834358,04:23:54.358,AAVE/USDT:USDT,297.48,1.9,297.45,1.7,297.49,1.1,297.5,11.4
1753503834508,04:23:54.508,AAVE/USDT:USDT,297.48,1.9,297.45,1.4,297.49,1.1,297.5,11.4
1753503834508,04:23:54.508,AAVE/USDT:USDT,297.48,1.9,297.45,1.4,297.49,1.1,297.5,11.4
1753503834658,04:23:54.658,AAVE/USDT:USDT,297.48,1.9,297.45,1.4,297.49,1.1,297.5,11.4
1753503834808,04:23:54.808,AAVE/USDT:USDT,297.48,1.9,297.45,1.4,297.49,1.1,297.5,11.4
1753503835108,04:23:55.108,AAVE/USDT:USDT,297.48,1.9,297.45,1.4,297.49,1.1,297.5,11.4
1753503835258,04:23:55.258,AAVE/USDT:USDT,297.48,1.9,297.45,1.4,297.49,1.1,297.5,11.4
1753503835408,04:23:55.408,AAVE/USDT:USDT,297.48,1.9,297.45,1.4,297.49,1.1,297.5,11.4
1753503835408,04:23:55.408,AAVE/USDT:USDT,297.48,1.9,297.45,1.4,297.49,1.1,297.5,11.4
1753503835559,04:23:55.559,AAVE/USDT:USDT,297.48,1.9,297.45,1.4,297.49,1.1,297.5,11.4
1753503835559,04:23:55.559,AAVE/USDT:USDT,297.48,1.9,297.45,1.4,297.49,1.1,297.5,11.4
1753503835709,04:23:55.709,AAVE/USDT:USDT,297.43,6.5,297.42,27.6,297.48,40.7,297.49,3.7
1753503835709,04:23:55.709,AAVE/USDT:USDT,297.43,6.5,297.42,27.6,297.48,40.7,297.49,3.7
1753503835859,04:23:55.859,AAVE/USDT:USDT,297.43,6.5,297.42,27.6,297.48,8.3,297.49,0.6
1753503836009,04:23:56.009,AAVE/USDT:USDT,297.48,1.7,297.47,0.5,297.49,2.0,297.5,18.1
1753503836009,04:23:56.009,AAVE/USDT:USDT,297.48,1.7,297.47,0.5,297.49,2.0,297.5,18.1
1753503836159,04:23:56.159,AAVE/USDT:USDT,297.48,1.7,297.47,0.5,297.49,2.0,297.5,3.3
1753503836459,04:23:56.459,AAVE/USDT:USDT,297.48,1.7,297.47,0.5,297.49,5.3,297.5,3.3
1753503836609,04:23:56.609,AAVE/USDT:USDT,297.48,1.7,297.43,6.5,297.49,7.4,297.5,3.3
1753503836759,04:23:56.759,AAVE/USDT:USDT,297.48,1.7,297.43,6.5,297.49,7.4,297.5,3.3
1753503837059,04:23:57.059,AAVE/USDT:USDT,297.48,1.7,297.43,6.5,297.49,7.4,297.5,10.2
1753503837059,04:23:57.059,AAVE/USDT:USDT,297.48,1.7,297.43,6.5,297.49,7.4,297.5,10.2
1753503837360,04:23:57.360,AAVE/USDT:USDT,297.48,4.2,297.47,1.7,297.49,1.2,297.5,9.5
1753503837510,04:23:57.510,AAVE/USDT:USDT,297.48,2.2,297.47,1.7,297.49,2.3,297.5,2.6
1753503837510,04:23:57.510,AAVE/USDT:USDT,297.48,2.2,297.47,1.7,297.49,2.3,297.5,2.6
1753503837660,04:23:57.660,AAVE/USDT:USDT,297.48,2.2,297.47,1.5,297.49,2.3,297.5,2.6
1753503837810,04:23:57.810,AAVE/USDT:USDT,297.48,2.2,297.44,2.9,297.49,4.6,297.5,2.5
1753503837960,04:23:57.960,AAVE/USDT:USDT,297.48,2.2,297.47,1.5,297.49,1.2,297.5,2.5
1753503838110,04:23:58.110,AAVE/USDT:USDT,297.48,2.2,297.47,1.7,297.49,1.2,297.5,1.5
1753503838410,04:23:58.410,AAVE/USDT:USDT,297.48,2.2,297.43,2.6,297.49,1.6,297.5,4.1
1753503838560,04:23:58.560,AAVE/USDT:USDT,297.48,1.7,297.43,2.6,297.49,1.6,297.5,4.8
1753503839010,04:23:59.010,AAVE/USDT:USDT,297.48,1.7,297.44,0.2,297.49,1.6,297.5,4.8
1753503839010,04:23:59.010,AAVE/USDT:USDT,297.48,1.7,297.44,0.2,297.49,1.6,297.5,4.8
1753503839311,04:23:59.311,AAVE/USDT:USDT,297.48,1.7,297.43,3.9,297.49,1.6,297.5,4.8
1753503839311,04:23:59.311,AAVE/USDT:USDT,297.48,1.7,297.43,3.9,297.49,1.6,297.5,4.8
1753503839461,04:23:59.461,AAVE/USDT:USDT,297.48,1.7,297.43,3.9,297.49,1.6,297.5,4.8
1753503839611,04:23:59.611,AAVE/USDT:USDT,297.48,1.7,297.45,0.4,297.49,1.6,297.5,7.5
1753503839611,04:23:59.611,AAVE/USDT:USDT,297.48,1.7,297.45,0.4,297.49,1.6,297.5,7.5
1753503839761,04:23:59.761,AAVE/USDT:USDT,297.48,1.7,297.45,0.4,297.49,1.6,297.5,7.5
1753503839911,04:23:59.911,AAVE/USDT:USDT,297.48,1.7,297.45,0.4,297.49,1.6,297.5,8.6
1753503839911,04:23:59.911,AAVE/USDT:USDT,297.48,1.7,297.45,0.4,297.49,1.6,297.5,8.6
1753503840211,04:24:00.211,AAVE/USDT:USDT,297.48,1.7,297.43,2.4,297.49,1.6,297.5,8.6
1753503840361,04:24:00.361,AAVE/USDT:USDT,297.48,1.7,297.43,2.4,297.49,1.6,297.5,8.6
1753503840511,04:24:00.511,AAVE/USDT:USDT,297.48,1.7,297.44,0.4,297.49,1.6,297.5,8.6
1753503840661,04:24:00.661,AAVE/USDT:USDT,297.48,1.7,297.44,0.4,297.49,1.6,297.5,8.6
1753503840812,04:24:00.812,AAVE/USDT:USDT,297.48,1.7,297.44,0.4,297.49,1.6,297.5,5.9
1753503840962,04:24:00.962,AAVE/USDT:USDT,297.48,3.7,297.47,0.2,297.49,1.4,297.5,3.3
1753503840962,04:24:00.962,AAVE/USDT:USDT,297.48,3.7,297.47,0.2,297.49,1.4,297.5,3.3
1753503841112,04:24:01.112,AAVE/USDT:USDT,297.48,3.7,297.47,0.2,297.49,1.4,297.5,3.3
1753503841262,04:24:01.262,AAVE/USDT:USDT,297.48,2.2,297.45,0.5,297.49,1.4,297.5,4.3
1753503841412,04:24:01.412,AAVE/USDT:USDT,297.48,2.2,297.47,1.7,297.49,1.2,297.5,3.3
1753503841412,04:24:01.412,AAVE/USDT:USDT,297.48,2.2,297.47,1.7,297.49,1.2,297.5,3.3
1753503841562,04:24:01.562,AAVE/USDT:USDT,297.48,4.2,297.47,1.7,297.49,0.9,297.5,3.3
1753503841712,04:24:01.712,AAVE/USDT:USDT,297.48,4.2,297.47,1.7,297.49,0.9,297.5,4.9
1753503841862,04:24:01.862,AAVE/USDT:USDT,297.48,4.2,297.47,1.7,297.49,0.9,297.5,4.9
1753503842012,04:24:02.012,AAVE/USDT:USDT,297.48,2.2,297.45,0.8,297.49,0.9,297.5,5.9
1753503842012,04:24:02.012,AAVE/USDT:USDT,297.48,2.2,297.45,0.8,297.49,0.9,297.5,5.9
1753503842313,04:24:02.313,AAVE/USDT:USDT,297.48,2.2,297.45,0.5,297.49,0.9,297.5,5.9
1753503842462,04:24:02.462,AAVE/USDT:USDT,297.48,2.2,297.45,0.5,297.49,0.9,297.5,5.9
1753503842613,04:24:02.613,AAVE/USDT:USDT,297.48,1.7,297.44,1.4,297.49,0.9,297.5,5.9
1753503842613,04:24:02.613,AAVE/USDT:USDT,297.48,1.7,297.44,1.4,297.49,0.9,297.5,5.9
