timestamp,time,symbol,bid1_price,bid1_volume,bid2_price,bid2_volume,ask1_price,ask1_volume,ask2_price,ask2_volume
1753503304991,04:15:04.991,AAVE/USDT:USDT,297.5,0.04,297.49,0.02,297.51,2.63,297.52,6.29
1753503305092,04:15:05.092,AAVE/USDT:USDT,297.5,0.04,297.48,2.85,297.51,2.21,297.52,3.29
1753503305190,04:15:05.190,AAVE/USDT:USDT,297.5,0.04,297.48,2.85,297.51,2.21,297.52,3.29
1753503305291,04:15:05.291,AAVE/USDT:USDT,297.5,0.46,297.48,2.85,297.51,2.21,297.52,3.29
1753503305391,04:15:05.391,AAVE/USDT:USDT,297.5,0.46,297.48,2.85,297.51,2.49,297.52,3.29
1753503305491,04:15:05.491,AAVE/USDT:USDT,297.5,0.44,297.48,2.85,297.51,2.49,297.52,3.29
1753503305592,04:15:05.592,AAVE/USDT:USDT,297.5,0.02,297.48,2.85,297.51,2.49,297.52,3.29
1753503305691,04:15:05.691,AAVE/USDT:USDT,297.5,0.02,297.48,2.85,297.51,2.49,297.52,3.29
1753503305793,04:15:05.793,AAVE/USDT:USDT,297.5,0.02,297.48,2.85,297.51,2.49,297.52,3.29
1753503305891,04:15:05.891,AAVE/USDT:USDT,297.5,0.02,297.48,4.27,297.51,2.49,297.52,3.29
1753503305991,04:15:05.991,AAVE/USDT:USDT,297.5,0.26,297.48,4.27,297.51,2.49,297.52,3.29
1753503306090,04:15:06.090,AAVE/USDT:USDT,297.5,0.26,297.49,1.42,297.51,2.49,297.52,3.29
1753503306191,04:15:06.191,AAVE/USDT:USDT,297.5,0.26,297.49,1.42,297.51,2.49,297.52,3.29
1753503306291,04:15:06.291,AAVE/USDT:USDT,297.5,0.26,297.49,1.42,297.51,2.49,297.52,3.29
1753503306391,04:15:06.391,AAVE/USDT:USDT,297.5,0.26,297.49,1.42,297.51,2.49,297.52,3.29
1753503306491,04:15:06.491,AAVE/USDT:USDT,297.5,2.84,297.49,1.42,297.51,1.39,297.52,3.29
1753503306591,04:15:06.591,AAVE/USDT:USDT,297.5,2.84,297.49,1.42,297.51,0.28,297.52,3.29
1753503306691,04:15:06.691,AAVE/USDT:USDT,297.5,2.84,297.49,1.42,297.51,0.28,297.52,3.29
1753503306791,04:15:06.791,AAVE/USDT:USDT,297.5,2.84,297.49,1.42,297.51,0.28,297.52,3.29
1753503306891,04:15:06.891,AAVE/USDT:USDT,297.5,0.26,297.48,2.85,297.51,1.39,297.52,3.29
1753503306990,04:15:06.990,AAVE/USDT:USDT,297.5,0.26,297.48,2.85,297.51,1.39,297.52,3.29
1753503307090,04:15:07.090,AAVE/USDT:USDT,297.5,0.26,297.48,2.85,297.51,1.39,297.52,3.29
1753503307191,04:15:07.191,AAVE/USDT:USDT,297.5,0.26,297.48,2.85,297.51,1.39,297.52,3.29
1753503307291,04:15:07.291,AAVE/USDT:USDT,297.5,0.26,297.48,2.85,297.51,1.39,297.52,3.29
1753503307391,04:15:07.391,AAVE/USDT:USDT,297.5,0.26,297.48,2.85,297.51,1.39,297.52,3.29
1753503307591,04:15:07.591,AAVE/USDT:USDT,297.5,0.26,297.48,2.85,297.51,1.39,297.52,3.29
1753503307691,04:15:07.691,AAVE/USDT:USDT,297.5,0.02,297.48,0.27,297.51,2.1,297.52,6.31
1753503307793,04:15:07.793,AAVE/USDT:USDT,297.5,0.02,297.48,0.27,297.51,6.7,297.52,10.51
1753503307891,04:15:07.891,AAVE/USDT:USDT,297.5,0.02,297.48,0.27,297.51,7.11,297.52,10.15
1753503307991,04:15:07.991,AAVE/USDT:USDT,297.5,0.02,297.48,0.27,297.51,7.11,297.52,11.67
1753503308091,04:15:08.091,AAVE/USDT:USDT,297.5,0.02,297.48,0.27,297.51,7.11,297.52,11.67
1753503308392,04:15:08.392,AAVE/USDT:USDT,297.5,0.02,297.48,0.06,297.51,7.02,297.52,10.25
1753503308491,04:15:08.491,AAVE/USDT:USDT,297.5,0.02,297.48,0.06,297.51,7.02,297.52,10.57
1753503308591,04:15:08.591,AAVE/USDT:USDT,297.5,0.02,297.48,0.06,297.51,7.12,297.52,10.57
1753503308792,04:15:08.792,AAVE/USDT:USDT,297.5,0.02,297.48,0.06,297.51,7.12,297.52,10.57
1753503308891,04:15:08.891,AAVE/USDT:USDT,297.5,0.02,297.48,0.06,297.51,7.12,297.52,10.57
1753503308991,04:15:08.991,AAVE/USDT:USDT,297.5,0.02,297.48,0.06,297.51,7.12,297.52,10.57
1753503309092,04:15:09.092,AAVE/USDT:USDT,297.5,0.02,297.48,0.06,297.51,7.12,297.52,10.57
1753503309190,04:15:09.190,AAVE/USDT:USDT,297.5,0.02,297.48,0.06,297.51,7.12,297.52,10.57
1753503309291,04:15:09.291,AAVE/USDT:USDT,297.5,0.02,297.48,0.06,297.51,7.12,297.52,10.57
1753503309391,04:15:09.391,AAVE/USDT:USDT,297.5,0.02,297.48,0.06,297.51,7.12,297.52,10.57
1753503309491,04:15:09.491,AAVE/USDT:USDT,297.5,0.02,297.48,0.06,297.51,7.12,297.52,10.57
1753503309793,04:15:09.793,AAVE/USDT:USDT,297.5,0.02,297.48,0.06,297.51,7.12,297.52,10.57
1753503309891,04:15:09.891,AAVE/USDT:USDT,297.5,0.02,297.48,0.06,297.51,7.12,297.52,10.57
1753503309990,04:15:09.990,AAVE/USDT:USDT,297.5,0.02,297.48,0.06,297.51,7.12,297.52,10.57
1753503310191,04:15:10.191,AAVE/USDT:USDT,297.5,0.02,297.48,0.06,297.51,7.12,297.52,10.57
1753503310291,04:15:10.291,AAVE/USDT:USDT,297.5,0.02,297.48,0.06,297.51,7.12,297.52,10.57
1753503310390,04:15:10.390,AAVE/USDT:USDT,297.5,0.02,297.48,0.06,297.51,7.12,297.52,10.57
1753503310491,04:15:10.491,AAVE/USDT:USDT,297.5,0.02,297.48,0.06,297.51,7.12,297.52,10.57
1753503310591,04:15:10.591,AAVE/USDT:USDT,297.5,0.02,297.48,0.06,297.51,7.12,297.52,10.57
1753503310691,04:15:10.691,AAVE/USDT:USDT,297.5,0.02,297.48,0.06,297.51,7.12,297.52,10.57
1753503310792,04:15:10.792,AAVE/USDT:USDT,297.5,0.02,297.48,0.06,297.51,7.12,297.52,11.99
1753503310891,04:15:10.891,AAVE/USDT:USDT,297.5,0.02,297.48,0.06,297.51,7.16,297.52,11.99
1753503311091,04:15:11.091,AAVE/USDT:USDT,297.5,0.02,297.48,0.06,297.51,7.16,297.52,11.99
1753503311191,04:15:11.191,AAVE/USDT:USDT,297.5,0.02,297.48,0.06,297.51,7.16,297.52,11.99
1753503311390,04:15:11.390,AAVE/USDT:USDT,297.5,0.02,297.48,0.06,297.51,7.16,297.52,12.1
1753503311590,04:15:11.590,AAVE/USDT:USDT,297.5,0.02,297.48,0.06,297.51,7.16,297.52,12.1
1753503311691,04:15:11.691,AAVE/USDT:USDT,297.5,0.02,297.48,0.06,297.51,7.16,297.52,11.99
1753503311793,04:15:11.793,AAVE/USDT:USDT,297.5,0.02,297.48,0.06,297.51,7.16,297.52,10.57
1753503311891,04:15:11.891,AAVE/USDT:USDT,297.5,0.02,297.48,0.06,297.51,7.16,297.52,10.57
1753503311990,04:15:11.990,AAVE/USDT:USDT,297.5,0.02,297.48,0.06,297.51,7.16,297.52,10.57
1753503312091,04:15:12.091,AAVE/USDT:USDT,297.5,0.02,297.48,0.06,297.51,7.16,297.52,10.57
1753503312191,04:15:12.191,AAVE/USDT:USDT,297.5,0.02,297.48,0.06,297.51,7.16,297.52,10.57
1753503312291,04:15:12.291,AAVE/USDT:USDT,297.5,0.02,297.48,0.06,297.51,7.16,297.52,10.57
1753503312391,04:15:12.391,AAVE/USDT:USDT,297.5,0.02,297.48,0.06,297.51,7.16,297.52,11.99
1753503312490,04:15:12.490,AAVE/USDT:USDT,297.5,0.02,297.48,0.06,297.51,7.5,297.52,11.99
1753503312591,04:15:12.591,AAVE/USDT:USDT,297.5,0.02,297.48,0.06,297.51,7.16,297.52,11.99
1753503312690,04:15:12.690,AAVE/USDT:USDT,297.5,0.02,297.48,0.06,297.51,7.16,297.52,11.99
1753503312791,04:15:12.791,AAVE/USDT:USDT,297.5,0.02,297.48,0.06,297.51,7.16,297.52,11.99
1753503312890,04:15:12.890,AAVE/USDT:USDT,297.5,0.02,297.48,0.06,297.51,7.16,297.52,10.57
1753503312991,04:15:12.991,AAVE/USDT:USDT,297.5,0.02,297.48,0.06,297.51,7.16,297.52,10.57
1753503313091,04:15:13.091,AAVE/USDT:USDT,297.5,0.02,297.48,0.06,297.51,7.16,297.52,10.57
1753503313191,04:15:13.191,AAVE/USDT:USDT,297.5,0.02,297.48,0.06,297.51,7.16,297.52,10.57
1753503313291,04:15:13.291,AAVE/USDT:USDT,297.5,0.02,297.48,0.06,297.51,7.16,297.52,10.57
1753503313391,04:15:13.391,AAVE/USDT:USDT,297.5,0.12,297.48,0.06,297.51,7.16,297.52,10.57
1753503313491,04:15:13.491,AAVE/USDT:USDT,297.5,0.12,297.48,0.06,297.51,7.16,297.52,10.57
1753503313591,04:15:13.591,AAVE/USDT:USDT,297.5,0.12,297.48,0.06,297.51,7.16,297.52,10.57
1753503313692,04:15:13.692,AAVE/USDT:USDT,297.5,0.12,297.48,0.06,297.51,7.16,297.52,11.99
1753503313791,04:15:13.791,AAVE/USDT:USDT,297.5,0.12,297.48,0.06,297.51,4.93,297.52,9.05
1753503313891,04:15:13.891,AAVE/USDT:USDT,297.5,0.12,297.48,0.06,297.51,4.93,297.52,8.73
1753503313991,04:15:13.991,AAVE/USDT:USDT,297.5,0.12,297.48,0.06,297.51,4.93,297.52,8.73
1753503314091,04:15:14.091,AAVE/USDT:USDT,297.5,0.12,297.48,0.06,297.51,4.93,297.52,8.73
1753503314191,04:15:14.191,AAVE/USDT:USDT,297.5,0.12,297.48,0.06,297.51,5.08,297.52,8.73
1753503314291,04:15:14.291,AAVE/USDT:USDT,297.5,0.12,297.48,0.06,297.51,5.08,297.52,8.73
1753503314391,04:15:14.391,AAVE/USDT:USDT,297.5,0.12,297.48,0.06,297.51,4.76,297.52,8.73
1753503314491,04:15:14.491,AAVE/USDT:USDT,297.5,0.12,297.48,0.06,297.51,4.77,297.52,8.73
1753503314592,04:15:14.592,AAVE/USDT:USDT,297.5,0.12,297.48,0.06,297.51,4.77,297.52,8.73
1753503314692,04:15:14.692,AAVE/USDT:USDT,297.5,0.12,297.48,0.06,297.51,4.77,297.52,8.73
1753503314791,04:15:14.791,AAVE/USDT:USDT,297.5,0.12,297.48,0.06,297.51,4.77,297.52,8.73
1753503314891,04:15:14.891,AAVE/USDT:USDT,297.5,0.12,297.48,0.06,297.51,4.77,297.52,8.73
1753503314991,04:15:14.991,AAVE/USDT:USDT,297.5,0.12,297.48,0.06,297.51,4.77,297.52,8.73
1753503315092,04:15:15.092,AAVE/USDT:USDT,297.5,0.12,297.48,0.06,297.51,4.77,297.52,8.73
1753503315191,04:15:15.191,AAVE/USDT:USDT,297.5,0.12,297.48,0.06,297.51,4.77,297.52,8.73
1753503315291,04:15:15.291,AAVE/USDT:USDT,297.5,0.12,297.48,0.06,297.51,4.77,297.52,8.73
1753503315391,04:15:15.391,AAVE/USDT:USDT,297.5,0.12,297.48,0.06,297.51,4.77,297.52,8.73
1753503315491,04:15:15.491,AAVE/USDT:USDT,297.5,0.12,297.48,0.06,297.51,4.77,297.52,8.73
1753503315591,04:15:15.591,AAVE/USDT:USDT,297.5,0.12,297.48,0.06,297.51,4.77,297.52,8.73
1753503315891,04:15:15.891,AAVE/USDT:USDT,297.5,0.12,297.48,0.06,297.51,4.77,297.52,8.73
1753503315990,04:15:15.990,AAVE/USDT:USDT,297.5,0.12,297.48,0.06,297.51,4.77,297.52,8.73
1753503316191,04:15:16.191,AAVE/USDT:USDT,297.5,0.12,297.48,0.06,297.51,4.77,297.52,8.73
1753503316391,04:15:16.391,AAVE/USDT:USDT,297.5,0.12,297.48,0.06,297.51,4.77,297.52,8.73
1753503316491,04:15:16.491,AAVE/USDT:USDT,297.5,0.12,297.48,0.06,297.51,4.77,297.52,8.73
1753503316591,04:15:16.591,AAVE/USDT:USDT,297.5,0.12,297.49,1.42,297.51,0.43,297.52,5.71
1753503316692,04:15:16.692,AAVE/USDT:USDT,297.5,4.14,297.49,3.05,297.51,0.56,297.52,0.02
1753503316791,04:15:16.791,AAVE/USDT:USDT,297.5,4.14,297.49,3.05,297.51,0.56,297.52,0.02
1753503316890,04:15:16.890,AAVE/USDT:USDT,297.5,4.14,297.49,3.05,297.51,0.56,297.52,0.02
1753503316992,04:15:16.992,AAVE/USDT:USDT,297.53,6.42,297.52,11.99,297.54,0.03,297.55,0.04
1753503317092,04:15:17.092,AAVE/USDT:USDT,297.55,9.22,297.54,9.86,297.56,7.77,297.57,7.34
1753503317191,04:15:17.191,AAVE/USDT:USDT,297.55,9.32,297.54,9.86,297.56,4.55,297.57,7.31
1753503317292,04:15:17.292,AAVE/USDT:USDT,297.55,9.32,297.54,9.86,297.56,4.55,297.57,7.31
1753503317391,04:15:17.391,AAVE/USDT:USDT,297.55,7.79,297.54,9.79,297.56,4.55,297.57,7.31
1753503317491,04:15:17.491,AAVE/USDT:USDT,297.55,6.77,297.54,9.79,297.56,4.55,297.57,7.31
1753503317592,04:15:17.592,AAVE/USDT:USDT,297.55,0.1,297.54,0.02,297.56,2.22,297.57,7.31
1753503317691,04:15:17.691,AAVE/USDT:USDT,297.55,0.1,297.54,0.02,297.56,2.22,297.57,7.31
1753503317793,04:15:17.793,AAVE/USDT:USDT,297.55,0.1,297.54,0.02,297.56,2.22,297.57,7.31
1753503317891,04:15:17.891,AAVE/USDT:USDT,297.55,0.52,297.54,0.02,297.56,2.22,297.57,7.31
1753503317991,04:15:17.991,AAVE/USDT:USDT,297.55,1.83,297.54,1.42,297.56,1.12,297.57,7.31
1753503318091,04:15:18.091,AAVE/USDT:USDT,297.55,1.83,297.54,1.42,297.56,1.12,297.57,7.31
1753503318191,04:15:18.191,AAVE/USDT:USDT,297.55,1.83,297.54,1.42,297.56,1.12,297.57,7.31
1753503318291,04:15:18.291,AAVE/USDT:USDT,297.55,1.83,297.54,1.42,297.56,1.12,297.57,7.31
1753503318391,04:15:18.391,AAVE/USDT:USDT,297.55,1.83,297.54,1.42,297.56,1.12,297.57,7.31
1753503318491,04:15:18.491,AAVE/USDT:USDT,297.56,5.82,297.55,4.9,297.57,7.31,297.58,3.75
1753503318591,04:15:18.591,AAVE/USDT:USDT,297.56,3.58,297.55,4.9,297.57,7.31,297.58,3.75
1753503318690,04:15:18.690,AAVE/USDT:USDT,297.56,3.58,297.55,4.8,297.57,7.31,297.58,3.75
1753503318891,04:15:18.891,AAVE/USDT:USDT,297.56,5.19,297.55,4.8,297.57,7.31,297.58,1.12
1753503318991,04:15:18.991,AAVE/USDT:USDT,297.56,5.19,297.55,4.8,297.57,7.31,297.58,1.12
1753503319090,04:15:19.090,AAVE/USDT:USDT,297.56,5.19,297.55,4.8,297.57,7.31,297.58,1.12
1753503319192,04:15:19.192,AAVE/USDT:USDT,297.57,10.34,297.56,4.77,297.58,0.02,297.59,0.55
1753503319291,04:15:19.291,AAVE/USDT:USDT,297.57,11.65,297.56,6.07,297.58,0.02,297.59,0.55
1753503319391,04:15:19.391,AAVE/USDT:USDT,297.57,11.65,297.56,6.07,297.58,0.02,297.59,0.55
1753503319491,04:15:19.491,AAVE/USDT:USDT,297.57,11.65,297.56,6.07,297.58,0.02,297.59,0.55
1753503319591,04:15:19.591,AAVE/USDT:USDT,297.58,3.0,297.57,8.34,297.59,1.87,297.6,1.12
1753503319691,04:15:19.691,AAVE/USDT:USDT,297.58,3.0,297.57,8.34,297.59,1.87,297.6,1.12
1753503319791,04:15:19.791,AAVE/USDT:USDT,297.58,3.0,297.57,8.34,297.59,1.87,297.6,1.12
1753503319891,04:15:19.891,AAVE/USDT:USDT,297.58,3.0,297.57,8.34,297.59,1.87,297.6,1.12
1753503319991,04:15:19.991,AAVE/USDT:USDT,297.58,3.0,297.57,8.34,297.59,1.87,297.6,1.12
1753503320091,04:15:20.091,AAVE/USDT:USDT,297.58,3.0,297.57,8.34,297.59,1.87,297.6,1.12
1753503320191,04:15:20.191,AAVE/USDT:USDT,297.58,3.0,297.57,8.34,297.59,1.87,297.6,1.12
1753503320291,04:15:20.291,AAVE/USDT:USDT,297.58,3.0,297.57,4.5,297.59,1.87,297.6,1.12
1753503320391,04:15:20.391,AAVE/USDT:USDT,297.58,3.0,297.57,4.5,297.59,1.87,297.6,1.12
1753503320491,04:15:20.491,AAVE/USDT:USDT,297.58,3.0,297.57,4.5,297.59,1.87,297.6,1.12
1753503320591,04:15:20.591,AAVE/USDT:USDT,297.58,3.0,297.57,4.5,297.59,1.87,297.6,1.12
1753503320691,04:15:20.691,AAVE/USDT:USDT,297.58,3.0,297.57,5.88,297.59,0.81,297.6,1.12
1753503320791,04:15:20.791,AAVE/USDT:USDT,297.58,4.46,297.57,5.88,297.59,0.37,297.6,1.12
1753503320892,04:15:20.892,AAVE/USDT:USDT,297.6,0.42,297.59,3.15,297.61,1.35,297.62,14.21
1753503320991,04:15:20.991,AAVE/USDT:USDT,297.6,8.33,297.59,10.83,297.61,0.23,297.62,14.21
1753503321091,04:15:21.091,AAVE/USDT:USDT,297.61,4.31,297.6,10.93,297.62,14.21,297.63,2.35
1753503321191,04:15:21.191,AAVE/USDT:USDT,297.6,0.46,297.59,2.2,297.61,3.03,297.62,14.21
1753503321291,04:15:21.291,AAVE/USDT:USDT,297.6,0.46,297.58,6.34,297.61,3.03,297.62,14.21
1753503321391,04:15:21.391,AAVE/USDT:USDT,297.6,2.67,297.58,7.79,297.61,2.36,297.62,14.21
1753503321491,04:15:21.491,AAVE/USDT:USDT,297.6,0.44,297.58,7.79,297.61,2.36,297.62,14.21
1753503321592,04:15:21.592,AAVE/USDT:USDT,297.6,0.44,297.58,7.79,297.61,2.36,297.62,8.36
1753503321691,04:15:21.691,AAVE/USDT:USDT,297.6,0.42,297.58,7.79,297.61,2.36,297.62,8.36
1753503321791,04:15:21.791,AAVE/USDT:USDT,297.6,0.42,297.58,7.79,297.61,2.36,297.62,0.06
1753503321891,04:15:21.891,AAVE/USDT:USDT,297.6,0.42,297.58,7.79,297.61,2.36,297.62,0.06
1753503322091,04:15:22.091,AAVE/USDT:USDT,297.6,3.23,297.59,1.58,297.61,2.36,297.62,0.06
1753503322191,04:15:22.191,AAVE/USDT:USDT,297.6,4.54,297.59,3.23,297.61,0.1,297.62,0.06
1753503322292,04:15:22.292,AAVE/USDT:USDT,297.6,4.54,297.59,3.16,297.61,0.1,297.62,0.06
1753503322391,04:15:22.391,AAVE/USDT:USDT,297.6,0.42,297.58,6.34,297.61,0.75,297.62,0.06
1753503322491,04:15:22.491,AAVE/USDT:USDT,297.6,0.42,297.58,6.55,297.61,0.75,297.62,0.06
1753503322592,04:15:22.592,AAVE/USDT:USDT,297.6,0.67,297.59,1.45,297.61,0.75,297.62,0.06
1753503322691,04:15:22.691,AAVE/USDT:USDT,297.6,0.67,297.59,1.45,297.61,0.75,297.62,0.06
1753503322791,04:15:22.791,AAVE/USDT:USDT,297.6,0.67,297.58,6.55,297.61,0.75,297.62,0.06
1753503322891,04:15:22.891,AAVE/USDT:USDT,297.6,0.67,297.58,6.55,297.61,1.22,297.62,0.06
1753503322991,04:15:22.991,AAVE/USDT:USDT,297.6,0.42,297.58,2.83,297.61,2.26,297.62,0.06
1753503323091,04:15:23.091,AAVE/USDT:USDT,297.6,0.42,297.58,2.83,297.61,2.26,297.62,0.06
1753503323191,04:15:23.191,AAVE/USDT:USDT,297.6,0.53,297.58,2.83,297.61,2.26,297.62,0.06
1753503323292,04:15:23.292,AAVE/USDT:USDT,297.6,0.53,297.58,2.83,297.61,2.26,297.62,0.06
1753503323391,04:15:23.391,AAVE/USDT:USDT,297.6,0.53,297.58,6.59,297.61,2.26,297.62,0.06
1753503323491,04:15:23.491,AAVE/USDT:USDT,297.6,0.53,297.59,1.45,297.61,2.26,297.62,0.06
1753503323591,04:15:23.591,AAVE/USDT:USDT,297.6,0.53,297.59,1.45,297.61,2.26,297.62,0.06
1753503323691,04:15:23.691,AAVE/USDT:USDT,297.6,0.53,297.59,1.45,297.61,2.26,297.62,0.06
1753503323794,04:15:23.794,AAVE/USDT:USDT,297.6,0.53,297.59,1.45,297.61,2.26,297.62,0.06
1753503323891,04:15:23.891,AAVE/USDT:USDT,297.6,0.53,297.59,1.45,297.61,2.26,297.62,0.06
1753503323991,04:15:23.991,AAVE/USDT:USDT,297.6,0.53,297.59,1.45,297.61,2.26,297.62,0.06
1753503324191,04:15:24.191,AAVE/USDT:USDT,297.6,0.53,297.59,1.45,297.61,2.26,297.62,0.06
1753503324291,04:15:24.291,AAVE/USDT:USDT,297.6,0.53,297.59,1.45,297.61,2.26,297.62,0.06
1753503324391,04:15:24.391,AAVE/USDT:USDT,297.6,0.53,297.59,1.45,297.61,2.26,297.62,0.06
1753503324491,04:15:24.491,AAVE/USDT:USDT,297.6,0.53,297.59,1.45,297.61,2.26,297.62,0.06
1753503324592,04:15:24.592,AAVE/USDT:USDT,297.6,0.53,297.59,1.45,297.61,2.26,297.62,0.06
1753503324691,04:15:24.691,AAVE/USDT:USDT,297.6,0.53,297.59,1.45,297.61,2.26,297.62,0.06
1753503324791,04:15:24.791,AAVE/USDT:USDT,297.6,0.53,297.58,5.14,297.61,2.26,297.62,0.34
1753503324891,04:15:24.891,AAVE/USDT:USDT,297.6,0.11,297.58,0.25,297.61,2.26,297.62,0.34
1753503324991,04:15:24.991,AAVE/USDT:USDT,297.6,0.11,297.58,0.25,297.61,2.26,297.62,0.34
1753503325091,04:15:25.091,AAVE/USDT:USDT,297.6,0.11,297.58,0.25,297.61,2.26,297.62,0.06
1753503325191,04:15:25.191,AAVE/USDT:USDT,297.6,0.11,297.58,0.25,297.61,2.29,297.62,0.06
1753503325291,04:15:25.291,AAVE/USDT:USDT,297.6,0.11,297.58,0.25,297.61,2.29,297.62,0.06
1753503325391,04:15:25.391,AAVE/USDT:USDT,297.6,0.11,297.58,0.25,297.61,2.29,297.62,0.06
1753503325492,04:15:25.492,AAVE/USDT:USDT,297.6,0.11,297.58,0.25,297.61,2.29,297.62,0.06
1753503325593,04:15:25.593,AAVE/USDT:USDT,297.59,0.42,297.58,1.71,297.6,1.55,297.61,2.29
1753503325691,04:15:25.691,AAVE/USDT:USDT,297.59,0.42,297.58,1.71,297.6,1.82,297.61,2.29
1753503325793,04:15:25.793,AAVE/USDT:USDT,297.59,0.42,297.58,1.71,297.6,1.82,297.61,2.29
1753503325891,04:15:25.891,AAVE/USDT:USDT,297.59,1.73,297.58,4.74,297.6,1.22,297.61,2.19
1753503325991,04:15:25.991,AAVE/USDT:USDT,297.59,2.18,297.58,4.74,297.6,0.1,297.61,0.03
1753503326091,04:15:26.091,AAVE/USDT:USDT,297.62,0.42,297.61,0.42,297.63,0.89,297.64,1.25
1753503326191,04:15:26.191,AAVE/USDT:USDT,297.62,0.42,297.61,0.42,297.63,0.89,297.64,1.25
1753503326291,04:15:26.291,AAVE/USDT:USDT,297.62,0.42,297.61,0.42,297.63,2.24,297.64,1.25
1753503326391,04:15:26.391,AAVE/USDT:USDT,297.62,0.42,297.61,0.42,297.63,2.24,297.64,1.25
1753503326491,04:15:26.491,AAVE/USDT:USDT,297.6,0.04,297.58,5.12,297.61,2.37,297.63,2.49
1753503326591,04:15:26.591,AAVE/USDT:USDT,297.6,0.04,297.58,0.27,297.61,2.37,297.63,2.49
1753503326691,04:15:26.691,AAVE/USDT:USDT,297.6,0.02,297.58,0.27,297.61,2.37,297.63,2.49
1753503326891,04:15:26.891,AAVE/USDT:USDT,297.6,0.02,297.58,0.27,297.61,2.37,297.63,2.49
1753503326990,04:15:26.990,AAVE/USDT:USDT,297.61,0.42,297.6,0.78,297.62,0.74,297.63,2.24
1753503327091,04:15:27.091,AAVE/USDT:USDT,297.6,0.78,297.59,0.21,297.62,0.74,297.63,2.24
1753503327190,04:15:27.190,AAVE/USDT:USDT,297.6,0.78,297.59,0.21,297.62,0.74,297.63,2.24
1753503327292,04:15:27.292,AAVE/USDT:USDT,297.6,0.78,297.59,0.21,297.62,0.82,297.63,2.24
1753503327391,04:15:27.391,AAVE/USDT:USDT,297.6,0.78,297.59,0.21,297.62,0.82,297.63,2.24
1753503327491,04:15:27.491,AAVE/USDT:USDT,297.6,0.76,297.59,0.21,297.62,0.82,297.63,2.24
1753503327591,04:15:27.591,AAVE/USDT:USDT,297.6,0.76,297.59,0.21,297.62,0.82,297.63,2.24
1753503327691,04:15:27.691,AAVE/USDT:USDT,297.6,0.74,297.59,0.21,297.61,0.58,297.62,0.82
1753503327794,04:15:27.794,AAVE/USDT:USDT,297.6,0.74,297.59,0.21,297.61,0.58,297.62,0.82
1753503327891,04:15:27.891,AAVE/USDT:USDT,297.6,0.74,297.59,0.21,297.61,0.58,297.62,0.82
1753503327991,04:15:27.991,AAVE/USDT:USDT,297.59,0.21,297.58,5.11,297.61,0.58,297.62,0.82
1753503328091,04:15:28.091,AAVE/USDT:USDT,297.6,0.42,297.58,3.62,297.61,0.58,297.62,0.82
1753503328191,04:15:28.191,AAVE/USDT:USDT,297.6,0.42,297.58,3.62,297.61,0.58,297.62,0.82
1753503328292,04:15:28.292,AAVE/USDT:USDT,297.58,0.02,297.57,0.21,297.59,2.01,297.6,3.79
1753503328391,04:15:28.391,AAVE/USDT:USDT,297.58,0.02,297.57,0.21,297.59,2.01,297.6,3.79
1753503328491,04:15:28.491,AAVE/USDT:USDT,297.58,0.02,297.57,0.21,297.59,2.59,297.6,3.79
1753503328591,04:15:28.591,AAVE/USDT:USDT,297.58,0.44,297.57,0.21,297.59,0.58,297.6,2.32
1753503328691,04:15:28.691,AAVE/USDT:USDT,297.58,0.44,297.57,0.21,297.59,0.58,297.6,2.32
1753503328791,04:15:28.791,AAVE/USDT:USDT,297.58,0.44,297.57,0.21,297.59,0.58,297.6,2.32
1753503328891,04:15:28.891,AAVE/USDT:USDT,297.58,0.44,297.57,0.21,297.59,0.58,297.6,2.32
1753503328991,04:15:28.991,AAVE/USDT:USDT,297.58,0.44,297.57,0.21,297.59,0.58,297.6,2.32
1753503329091,04:15:29.091,AAVE/USDT:USDT,297.58,0.44,297.57,0.21,297.59,0.58,297.6,2.32
1753503329291,04:15:29.291,AAVE/USDT:USDT,297.58,0.02,297.57,0.21,297.59,1.34,297.6,2.32
1753503329391,04:15:29.391,AAVE/USDT:USDT,297.58,0.02,297.57,0.21,297.59,1.34,297.6,2.32
1753503329490,04:15:29.490,AAVE/USDT:USDT,297.58,0.02,297.57,0.21,297.59,1.34,297.6,2.32
1753503329590,04:15:29.590,AAVE/USDT:USDT,297.58,0.02,297.57,0.21,297.59,1.34,297.6,2.32
1753503329691,04:15:29.691,AAVE/USDT:USDT,297.58,0.02,297.57,0.21,297.59,1.34,297.6,2.32
1753503329793,04:15:29.793,AAVE/USDT:USDT,297.58,0.02,297.57,0.21,297.59,1.34,297.6,2.32
1753503329890,04:15:29.890,AAVE/USDT:USDT,297.58,0.02,297.57,0.21,297.59,1.34,297.6,2.32
1753503330191,04:15:30.191,AAVE/USDT:USDT,297.58,0.02,297.57,0.21,297.59,1.34,297.6,2.32
1753503330291,04:15:30.291,AAVE/USDT:USDT,297.58,2.6,297.57,1.7,297.59,0.58,297.6,0.04
1753503330391,04:15:30.391,AAVE/USDT:USDT,297.58,2.6,297.57,1.7,297.59,0.58,297.6,0.04
1753503330491,04:15:30.491,AAVE/USDT:USDT,297.58,2.6,297.57,1.7,297.59,0.58,297.6,0.04
1753503330591,04:15:30.591,AAVE/USDT:USDT,297.58,2.6,297.57,1.7,297.59,0.58,297.6,0.04
1753503330691,04:15:30.691,AAVE/USDT:USDT,297.58,2.6,297.57,1.7,297.59,0.58,297.6,0.04
1753503330791,04:15:30.791,AAVE/USDT:USDT,297.58,2.6,297.57,1.7,297.59,0.58,297.6,0.04
1753503330891,04:15:30.891,AAVE/USDT:USDT,297.58,2.6,297.57,1.7,297.59,0.58,297.6,0.04
1753503330991,04:15:30.991,AAVE/USDT:USDT,297.58,4.09,297.57,1.7,297.59,0.58,297.6,0.04
1753503331091,04:15:31.091,AAVE/USDT:USDT,297.58,4.09,297.57,1.7,297.59,0.58,297.6,0.04
1753503331191,04:15:31.191,AAVE/USDT:USDT,297.58,4.09,297.57,1.7,297.59,0.58,297.6,0.04
1753503331291,04:15:31.291,AAVE/USDT:USDT,297.58,4.09,297.57,1.7,297.59,0.58,297.6,0.04
1753503331391,04:15:31.391,AAVE/USDT:USDT,297.58,4.09,297.57,1.7,297.59,0.58,297.6,0.04
1753503331491,04:15:31.491,AAVE/USDT:USDT,297.58,4.09,297.57,1.7,297.59,0.58,297.6,0.04
1753503331591,04:15:31.591,AAVE/USDT:USDT,297.58,4.09,297.57,1.7,297.59,0.58,297.6,0.04
1753503331691,04:15:31.691,AAVE/USDT:USDT,297.58,4.09,297.57,3.22,297.59,0.58,297.6,0.04
1753503331791,04:15:31.791,AAVE/USDT:USDT,297.58,4.09,297.57,3.22,297.59,0.58,297.6,0.04
1753503331991,04:15:31.991,AAVE/USDT:USDT,297.58,4.09,297.57,3.22,297.59,0.58,297.6,0.04
1753503332090,04:15:32.090,AAVE/USDT:USDT,297.58,4.09,297.57,3.22,297.59,0.58,297.6,0.04
1753503332190,04:15:32.190,AAVE/USDT:USDT,297.58,4.11,297.57,3.22,297.59,0.58,297.6,0.04
1753503332291,04:15:32.291,AAVE/USDT:USDT,297.58,2.62,297.57,3.22,297.59,0.58,297.6,0.04
1753503332391,04:15:32.391,AAVE/USDT:USDT,297.58,2.62,297.57,3.22,297.59,0.58,297.6,0.04
1753503332491,04:15:32.491,AAVE/USDT:USDT,297.58,2.62,297.57,3.22,297.59,0.58,297.6,0.04
1753503332990,04:15:32.990,AAVE/USDT:USDT,297.58,2.62,297.57,3.22,297.59,0.58,297.6,0.04
1753503333091,04:15:33.091,AAVE/USDT:USDT,297.58,2.62,297.57,1.7,297.59,0.58,297.6,0.04
1753503333192,04:15:33.192,AAVE/USDT:USDT,297.58,2.62,297.57,1.7,297.59,0.58,297.6,0.04
1753503333291,04:15:33.291,AAVE/USDT:USDT,297.58,2.94,297.57,1.7,297.59,0.58,297.6,0.04
1753503333391,04:15:33.391,AAVE/USDT:USDT,297.58,2.94,297.57,1.7,297.59,0.58,297.6,0.04
1753503333891,04:15:33.891,AAVE/USDT:USDT,297.58,2.94,297.57,1.7,297.59,0.58,297.6,0.04
1753503333990,04:15:33.990,AAVE/USDT:USDT,297.58,2.94,297.57,1.7,297.59,0.58,297.6,0.04
1753503334091,04:15:34.091,AAVE/USDT:USDT,297.58,2.94,297.57,0.21,297.59,0.58,297.6,0.04
1753503334191,04:15:34.191,AAVE/USDT:USDT,297.58,2.62,297.57,0.21,297.59,0.58,297.6,0.04
1753503334291,04:15:34.291,AAVE/USDT:USDT,297.58,2.62,297.57,0.21,297.59,0.58,297.6,0.04
1753503334391,04:15:34.391,AAVE/USDT:USDT,297.58,2.62,297.57,0.21,297.59,0.58,297.6,0.04
1753503334491,04:15:34.491,AAVE/USDT:USDT,297.58,2.62,297.57,1.7,297.59,0.58,297.6,0.04
1753503334591,04:15:34.591,AAVE/USDT:USDT,297.58,2.42,297.57,1.49,297.59,0.58,297.6,0.04
1753503334692,04:15:34.692,AAVE/USDT:USDT,297.58,2.42,297.57,1.49,297.59,0.58,297.6,0.04
1753503334891,04:15:34.891,AAVE/USDT:USDT,297.58,2.42,297.57,1.49,297.59,0.58,297.6,0.04
1753503335091,04:15:35.091,AAVE/USDT:USDT,297.62,0.44,297.61,1.95,297.63,1.11,297.64,1.89
1753503335191,04:15:35.191,AAVE/USDT:USDT,297.62,0.44,297.61,0.42,297.63,1.11,297.64,1.81
1753503335292,04:15:35.292,AAVE/USDT:USDT,297.62,0.02,297.6,0.12,297.63,2.66,297.64,1.81
1753503335391,04:15:35.391,AAVE/USDT:USDT,297.62,0.02,297.6,0.12,297.63,2.66,297.64,1.81
1753503335491,04:15:35.491,AAVE/USDT:USDT,297.62,0.02,297.6,0.12,297.63,2.66,297.64,3.2
1753503335591,04:15:35.591,AAVE/USDT:USDT,297.62,0.02,297.6,0.12,297.63,2.66,297.64,5.5
1753503335691,04:15:35.691,AAVE/USDT:USDT,297.62,0.02,297.6,0.12,297.63,2.66,297.64,5.5
1753503335794,04:15:35.794,AAVE/USDT:USDT,297.62,0.02,297.6,0.12,297.63,2.66,297.64,4.94
1753503335890,04:15:35.890,AAVE/USDT:USDT,297.62,0.02,297.6,0.12,297.63,2.66,297.64,4.94
1753503335991,04:15:35.991,AAVE/USDT:USDT,297.62,0.02,297.6,0.12,297.63,2.66,297.64,4.94
1753503336091,04:15:36.091,AAVE/USDT:USDT,297.62,0.02,297.6,0.12,297.63,2.66,297.64,3.55
1753503336191,04:15:36.191,AAVE/USDT:USDT,297.62,0.02,297.6,0.12,297.63,2.66,297.64,3.55
1753503336291,04:15:36.291,AAVE/USDT:USDT,297.62,0.02,297.6,0.12,297.63,2.66,297.64,3.55
1753503336391,04:15:36.391,AAVE/USDT:USDT,297.62,0.02,297.6,0.12,297.63,2.85,297.64,2.77
1753503336493,04:15:36.493,AAVE/USDT:USDT,297.62,0.02,297.6,0.12,297.63,2.85,297.64,5.09
1753503336591,04:15:36.591,AAVE/USDT:USDT,297.62,0.02,297.6,0.12,297.63,2.85,297.64,5.09
1753503336691,04:15:36.691,AAVE/USDT:USDT,297.62,0.02,297.6,0.12,297.63,2.85,297.64,5.09
1753503336791,04:15:36.791,AAVE/USDT:USDT,297.62,0.02,297.6,0.12,297.63,2.85,297.64,2.77
1753503336891,04:15:36.891,AAVE/USDT:USDT,297.62,0.02,297.6,0.12,297.63,2.85,297.64,2.77
1753503336991,04:15:36.991,AAVE/USDT:USDT,297.62,0.02,297.6,0.12,297.63,2.85,297.64,2.77
1753503337292,04:15:37.292,AAVE/USDT:USDT,297.62,0.02,297.6,0.12,297.63,2.85,297.64,2.77
1753503337391,04:15:37.391,AAVE/USDT:USDT,297.62,0.02,297.6,0.12,297.63,2.85,297.64,2.77
1753503337490,04:15:37.490,AAVE/USDT:USDT,297.62,0.02,297.6,0.12,297.63,2.85,297.64,2.77
1753503337591,04:15:37.591,AAVE/USDT:USDT,297.62,0.02,297.6,0.12,297.63,2.85,297.64,2.77
1753503337691,04:15:37.691,AAVE/USDT:USDT,297.62,0.02,297.6,0.12,297.63,2.85,297.64,2.77
1753503337891,04:15:37.891,AAVE/USDT:USDT,297.6,0.08,297.59,0.04,297.61,10.61,297.62,9.32
1753503337991,04:15:37.991,AAVE/USDT:USDT,297.6,0.08,297.59,0.04,297.61,9.08,297.62,7.96
1753503338092,04:15:38.092,AAVE/USDT:USDT,297.6,0.08,297.59,0.04,297.61,6.5,297.62,7.96
1753503338191,04:15:38.191,AAVE/USDT:USDT,297.6,0.08,297.59,0.04,297.61,6.08,297.62,7.96
1753503338291,04:15:38.291,AAVE/USDT:USDT,297.6,0.5,297.59,0.04,297.61,5.01,297.62,4.76
1753503338391,04:15:38.391,AAVE/USDT:USDT,297.6,0.5,297.59,0.04,297.61,5.01,297.62,4.76
1753503338491,04:15:38.491,AAVE/USDT:USDT,297.6,0.06,297.59,0.04,297.61,5.01,297.62,4.76
1753503338591,04:15:38.591,AAVE/USDT:USDT,297.6,0.06,297.59,0.04,297.61,5.01,297.62,4.76
1753503338791,04:15:38.791,AAVE/USDT:USDT,297.6,0.04,297.59,0.04,297.61,5.01,297.62,4.76
1753503338890,04:15:38.890,AAVE/USDT:USDT,297.6,0.04,297.59,0.04,297.61,5.01,297.62,4.76
1753503338990,04:15:38.990,AAVE/USDT:USDT,297.6,0.04,297.59,0.04,297.61,5.01,297.62,4.76
1753503339091,04:15:39.091,AAVE/USDT:USDT,297.6,0.04,297.59,0.04,297.61,5.01,297.62,4.76
1753503339191,04:15:39.191,AAVE/USDT:USDT,297.6,0.04,297.59,0.04,297.61,5.01,297.62,4.76
1753503339291,04:15:39.291,AAVE/USDT:USDT,297.6,0.04,297.59,0.04,297.61,5.01,297.62,4.76
1753503339391,04:15:39.391,AAVE/USDT:USDT,297.6,0.04,297.59,0.04,297.61,5.1,297.62,4.76
1753503339490,04:15:39.490,AAVE/USDT:USDT,297.6,0.04,297.59,0.04,297.61,5.1,297.62,4.76
1753503339590,04:15:39.590,AAVE/USDT:USDT,297.6,0.04,297.59,0.04,297.61,5.1,297.62,4.76
1753503339691,04:15:39.691,AAVE/USDT:USDT,297.6,0.04,297.59,0.04,297.61,5.1,297.62,4.76
1753503339799,04:15:39.799,AAVE/USDT:USDT,297.6,0.04,297.59,0.04,297.61,5.1,297.62,4.76
1753503339891,04:15:39.891,AAVE/USDT:USDT,297.6,0.04,297.59,0.04,297.61,5.01,297.62,4.76
1753503340091,04:15:40.091,AAVE/USDT:USDT,297.6,0.04,297.59,0.04,297.61,5.01,297.62,4.76
1753503340191,04:15:40.191,AAVE/USDT:USDT,297.6,0.04,297.59,0.04,297.61,5.01,297.62,4.76
1753503340291,04:15:40.291,AAVE/USDT:USDT,297.6,0.04,297.59,0.04,297.61,5.01,297.62,4.76
1753503340391,04:15:40.391,AAVE/USDT:USDT,297.6,0.04,297.59,0.04,297.61,5.01,297.62,4.76
1753503340491,04:15:40.491,AAVE/USDT:USDT,297.6,0.04,297.59,0.04,297.61,5.01,297.62,4.76
1753503340591,04:15:40.591,AAVE/USDT:USDT,297.6,0.04,297.59,0.04,297.61,5.01,297.62,4.76
1753503340691,04:15:40.691,AAVE/USDT:USDT,297.6,0.04,297.59,0.04,297.61,5.01,297.62,4.76
1753503340791,04:15:40.791,AAVE/USDT:USDT,297.6,0.04,297.59,0.04,297.61,5.01,297.62,4.76
1753503340891,04:15:40.891,AAVE/USDT:USDT,297.6,0.04,297.59,0.04,297.61,5.01,297.62,4.76
1753503340991,04:15:40.991,AAVE/USDT:USDT,297.6,0.04,297.59,0.04,297.61,5.01,297.62,4.76
1753503341191,04:15:41.191,AAVE/USDT:USDT,297.6,0.04,297.59,0.04,297.61,5.01,297.62,4.76
1753503341291,04:15:41.291,AAVE/USDT:USDT,297.6,0.04,297.59,0.04,297.61,5.01,297.62,4.76
1753503341391,04:15:41.391,AAVE/USDT:USDT,297.6,0.04,297.59,0.04,297.61,5.01,297.62,4.76
1753503341491,04:15:41.491,AAVE/USDT:USDT,297.6,0.04,297.59,0.04,297.61,5.01,297.62,4.76
1753503341591,04:15:41.591,AAVE/USDT:USDT,297.6,0.04,297.59,0.26,297.61,2.64,297.62,4.76
1753503341691,04:15:41.691,AAVE/USDT:USDT,297.6,0.64,297.59,0.26,297.61,2.64,297.62,4.76
1753503341791,04:15:41.791,AAVE/USDT:USDT,297.6,0.64,297.59,0.26,297.61,2.64,297.62,4.76
1753503341891,04:15:41.891,AAVE/USDT:USDT,297.6,0.64,297.59,0.26,297.61,2.64,297.62,4.76
1753503341991,04:15:41.991,AAVE/USDT:USDT,297.6,0.64,297.59,0.26,297.61,2.64,297.62,4.76
1753503342091,04:15:42.091,AAVE/USDT:USDT,297.6,0.14,297.59,0.26,297.61,2.2,297.62,2.2
1753503342191,04:15:42.191,AAVE/USDT:USDT,297.6,0.14,297.59,0.26,297.61,2.2,297.62,2.2
1753503342291,04:15:42.291,AAVE/USDT:USDT,297.6,0.04,297.59,0.26,297.61,2.2,297.62,2.2
1753503342391,04:15:42.391,AAVE/USDT:USDT,297.6,0.04,297.59,0.26,297.61,2.2,297.62,2.2
1753503342491,04:15:42.491,AAVE/USDT:USDT,297.6,0.04,297.59,0.26,297.61,2.2,297.62,2.2
1753503342591,04:15:42.591,AAVE/USDT:USDT,297.6,0.04,297.59,0.26,297.61,2.2,297.62,2.2
1753503342691,04:15:42.691,AAVE/USDT:USDT,297.6,0.04,297.59,0.26,297.61,2.2,297.62,2.2
1753503342791,04:15:42.791,AAVE/USDT:USDT,297.6,0.04,297.59,0.26,297.61,2.2,297.62,2.2
1753503342890,04:15:42.890,AAVE/USDT:USDT,297.6,0.04,297.59,0.26,297.61,2.2,297.62,2.2
1753503342991,04:15:42.991,AAVE/USDT:USDT,297.6,0.04,297.59,0.26,297.61,2.2,297.62,2.2
1753503343091,04:15:43.091,AAVE/USDT:USDT,297.6,0.04,297.59,1.62,297.61,2.2,297.62,2.2
1753503343191,04:15:43.191,AAVE/USDT:USDT,297.6,0.04,297.59,1.62,297.61,2.2,297.62,2.2
1753503343291,04:15:43.291,AAVE/USDT:USDT,297.6,0.04,297.59,1.62,297.61,2.2,297.62,2.2
1753503343391,04:15:43.391,AAVE/USDT:USDT,297.6,0.04,297.59,0.26,297.61,2.2,297.62,2.2
1753503343491,04:15:43.491,AAVE/USDT:USDT,297.6,0.04,297.59,0.26,297.61,2.2,297.62,2.2
1753503343591,04:15:43.591,AAVE/USDT:USDT,297.6,0.04,297.59,0.26,297.61,2.2,297.62,2.2
1753503343691,04:15:43.691,AAVE/USDT:USDT,297.58,0.06,297.57,0.26,297.59,2.18,297.6,2.6
1753503343792,04:15:43.792,AAVE/USDT:USDT,297.58,0.02,297.57,0.26,297.59,2.18,297.6,2.64
1753503343890,04:15:43.890,AAVE/USDT:USDT,297.58,0.02,297.57,0.26,297.59,2.18,297.6,2.64
1753503343991,04:15:43.991,AAVE/USDT:USDT,297.58,0.12,297.57,0.26,297.59,2.18,297.6,2.64
1753503344091,04:15:44.091,AAVE/USDT:USDT,297.58,0.12,297.57,0.26,297.59,2.18,297.6,2.64
1753503344191,04:15:44.191,AAVE/USDT:USDT,297.58,0.12,297.57,0.26,297.59,2.18,297.6,2.64
1753503344291,04:15:44.291,AAVE/USDT:USDT,297.58,0.12,297.57,1.59,297.59,2.18,297.6,2.64
1753503344391,04:15:44.391,AAVE/USDT:USDT,297.58,0.12,297.57,1.59,297.59,2.18,297.6,2.64
1753503344491,04:15:44.491,AAVE/USDT:USDT,297.58,0.12,297.57,1.59,297.59,2.18,297.6,2.64
1753503344591,04:15:44.591,AAVE/USDT:USDT,297.58,0.12,297.57,1.59,297.59,2.18,297.6,2.64
1753503344691,04:15:44.691,AAVE/USDT:USDT,297.58,0.12,297.57,1.59,297.59,2.18,297.6,2.64
1753503344791,04:15:44.791,AAVE/USDT:USDT,297.58,0.12,297.57,1.59,297.59,2.18,297.6,2.64
1753503344891,04:15:44.891,AAVE/USDT:USDT,297.58,0.54,297.57,1.59,297.59,2.18,297.6,2.22
1753503344991,04:15:44.991,AAVE/USDT:USDT,297.58,0.54,297.57,1.59,297.59,2.18,297.6,2.22
1753503345091,04:15:45.091,AAVE/USDT:USDT,297.58,0.54,297.57,1.59,297.59,2.18,297.6,2.22
1753503345291,04:15:45.291,AAVE/USDT:USDT,297.58,0.54,297.57,1.59,297.59,2.18,297.6,2.22
1753503345391,04:15:45.391,AAVE/USDT:USDT,297.58,0.54,297.57,1.59,297.59,2.18,297.6,2.22
1753503345491,04:15:45.491,AAVE/USDT:USDT,297.58,0.54,297.57,1.59,297.59,1.08,297.6,2.22
1753503345591,04:15:45.591,AAVE/USDT:USDT,297.58,0.54,297.57,1.59,297.59,1.08,297.6,2.22
1753503345691,04:15:45.691,AAVE/USDT:USDT,297.58,0.54,297.57,1.59,297.59,1.08,297.6,2.22
1753503345791,04:15:45.791,AAVE/USDT:USDT,297.58,1.59,297.57,1.55,297.59,1.08,297.6,2.22
1753503345891,04:15:45.891,AAVE/USDT:USDT,297.58,1.59,297.57,1.55,297.59,1.08,297.6,2.22
1753503345991,04:15:45.991,AAVE/USDT:USDT,297.58,1.59,297.57,1.55,297.59,1.08,297.6,2.22
1753503346090,04:15:46.090,AAVE/USDT:USDT,297.58,1.59,297.57,1.55,297.59,1.08,297.6,2.22
1753503346191,04:15:46.191,AAVE/USDT:USDT,297.58,1.59,297.57,1.55,297.59,1.08,297.6,2.22
1753503346291,04:15:46.291,AAVE/USDT:USDT,297.58,1.59,297.57,1.55,297.59,1.08,297.6,2.22
1753503346391,04:15:46.391,AAVE/USDT:USDT,297.58,1.59,297.57,0.22,297.59,1.08,297.6,2.22
1753503346591,04:15:46.591,AAVE/USDT:USDT,297.58,1.59,297.57,0.22,297.59,1.08,297.6,2.22
1753503346691,04:15:46.691,AAVE/USDT:USDT,297.58,1.59,297.57,0.22,297.59,1.08,297.6,2.22
1753503346791,04:15:46.791,AAVE/USDT:USDT,297.58,0.54,297.57,0.22,297.59,2.17,297.6,2.22
1753503346891,04:15:46.891,AAVE/USDT:USDT,297.58,0.54,297.57,0.22,297.59,2.17,297.6,2.22
1753503346991,04:15:46.991,AAVE/USDT:USDT,297.58,0.12,297.56,0.09,297.59,8.68,297.6,5.27
1753503347091,04:15:47.091,AAVE/USDT:USDT,297.58,0.12,297.56,0.31,297.59,8.68,297.6,5.27
1753503347201,04:15:47.201,AAVE/USDT:USDT,297.58,0.12,297.56,0.28,297.59,9.0,297.6,5.27
1753503347291,04:15:47.291,AAVE/USDT:USDT,297.58,0.12,297.56,0.28,297.59,9.0,297.6,2.22
1753503347391,04:15:47.391,AAVE/USDT:USDT,297.58,0.12,297.56,0.28,297.59,9.0,297.6,3.74
1753503347491,04:15:47.491,AAVE/USDT:USDT,297.56,0.02,297.55,0.04,297.57,5.24,297.58,5.06
1753503347591,04:15:47.591,AAVE/USDT:USDT,297.49,4.95,297.48,1.75,297.5,2.9,297.51,6.21
1753503347692,04:15:47.692,AAVE/USDT:USDT,297.49,4.28,297.48,1.71,297.5,4.4,297.51,6.21
1753503347791,04:15:47.791,AAVE/USDT:USDT,297.49,4.28,297.48,1.71,297.5,2.9,297.51,6.21
1753503347891,04:15:47.891,AAVE/USDT:USDT,297.49,1.61,297.48,1.71,297.5,14.12,297.51,11.97
1753503347991,04:15:47.991,AAVE/USDT:USDT,297.49,1.61,297.48,1.71,297.5,12.44,297.51,10.59
1753503348091,04:15:48.091,AAVE/USDT:USDT,297.51,2.7,297.5,7.25,297.52,0.55,297.53,10.13
1753503348191,04:15:48.191,AAVE/USDT:USDT,297.51,1.49,297.5,3.87,297.52,0.55,297.53,7.85
1753503348292,04:15:48.292,AAVE/USDT:USDT,297.51,1.49,297.5,3.87,297.52,0.55,297.53,2.18
1753503348391,04:15:48.391,AAVE/USDT:USDT,297.5,1.09,297.49,3.38,297.52,0.65,297.53,2.18
1753503348492,04:15:48.492,AAVE/USDT:USDT,297.5,1.09,297.49,3.38,297.51,0.53,297.52,0.65
1753503348591,04:15:48.591,AAVE/USDT:USDT,297.5,2.6,297.49,3.38,297.51,0.53,297.52,0.65
1753503348692,04:15:48.692,AAVE/USDT:USDT,297.5,2.6,297.49,3.38,297.51,0.53,297.52,0.65
1753503348791,04:15:48.791,AAVE/USDT:USDT,297.5,2.6,297.49,3.38,297.51,0.53,297.52,0.65
1753503348891,04:15:48.891,AAVE/USDT:USDT,297.5,2.6,297.49,3.38,297.51,0.53,297.52,0.65
1753503349091,04:15:49.091,AAVE/USDT:USDT,297.51,8.69,297.5,1.09,297.52,0.55,297.53,2.18
1753503349191,04:15:49.191,AAVE/USDT:USDT,297.51,8.69,297.5,1.09,297.52,0.55,297.53,2.18
1753503349292,04:15:49.292,AAVE/USDT:USDT,297.51,8.69,297.5,1.09,297.52,0.55,297.53,2.18
1753503349391,04:15:49.391,AAVE/USDT:USDT,297.51,8.69,297.5,1.09,297.52,0.55,297.53,2.18
1753503349491,04:15:49.491,AAVE/USDT:USDT,297.51,8.69,297.5,1.09,297.52,0.55,297.53,2.18
1753503349591,04:15:49.591,AAVE/USDT:USDT,297.51,8.69,297.5,1.09,297.52,0.55,297.53,2.18
1753503349691,04:15:49.691,AAVE/USDT:USDT,297.51,8.69,297.5,1.09,297.52,0.55,297.53,2.18
1753503349793,04:15:49.793,AAVE/USDT:USDT,297.51,7.63,297.5,1.09,297.52,0.55,297.53,2.18
1753503349891,04:15:49.891,AAVE/USDT:USDT,297.51,7.72,297.5,4.83,297.52,0.55,297.53,2.18
1753503349992,04:15:49.992,AAVE/USDT:USDT,297.51,0.1,297.5,1.97,297.52,0.55,297.53,2.18
1753503350091,04:15:50.091,AAVE/USDT:USDT,297.51,0.1,297.5,1.97,297.52,0.55,297.53,2.18
1753503350292,04:15:50.292,AAVE/USDT:USDT,297.51,9.09,297.5,1.95,297.52,0.55,297.53,2.18
1753503350391,04:15:50.391,AAVE/USDT:USDT,297.51,9.09,297.5,1.73,297.52,0.55,297.53,2.18
1753503350491,04:15:50.491,AAVE/USDT:USDT,297.51,9.09,297.5,1.73,297.52,0.55,297.53,2.18
1753503350591,04:15:50.591,AAVE/USDT:USDT,297.51,9.09,297.5,1.73,297.52,0.55,297.53,2.18
1753503350691,04:15:50.691,AAVE/USDT:USDT,297.51,8.36,297.5,1.73,297.52,0.55,297.53,2.18
1753503350791,04:15:50.791,AAVE/USDT:USDT,297.51,8.24,297.5,0.44,297.52,0.55,297.53,2.18
1753503350891,04:15:50.891,AAVE/USDT:USDT,297.51,8.24,297.5,0.44,297.52,0.55,297.53,2.18
1753503350991,04:15:50.991,AAVE/USDT:USDT,297.51,8.24,297.5,0.44,297.52,0.55,297.53,2.18
1753503351091,04:15:51.091,AAVE/USDT:USDT,297.51,8.24,297.5,0.44,297.52,0.55,297.53,2.18
1753503351192,04:15:51.192,AAVE/USDT:USDT,297.51,7.18,297.5,0.44,297.52,0.55,297.53,2.18
1753503351291,04:15:51.291,AAVE/USDT:USDT,297.51,0.77,297.5,0.44,297.52,0.55,297.53,2.18
1753503351391,04:15:51.391,AAVE/USDT:USDT,297.51,0.1,297.5,0.44,297.52,0.92,297.53,2.18
1753503351490,04:15:51.490,AAVE/USDT:USDT,297.51,0.1,297.5,0.44,297.52,0.92,297.53,2.18
1753503351591,04:15:51.591,AAVE/USDT:USDT,297.51,0.1,297.5,0.44,297.52,0.92,297.53,2.18
1753503351691,04:15:51.691,AAVE/USDT:USDT,297.51,0.2,297.5,0.44,297.52,1.98,297.53,2.18
1753503351794,04:15:51.794,AAVE/USDT:USDT,297.51,0.1,297.5,0.02,297.52,1.98,297.53,2.18
1753503351891,04:15:51.891,AAVE/USDT:USDT,297.51,0.1,297.5,0.02,297.52,1.98,297.53,2.18
1753503352091,04:15:52.091,AAVE/USDT:USDT,297.51,0.1,297.5,0.02,297.52,1.98,297.53,2.18
1753503352191,04:15:52.191,AAVE/USDT:USDT,297.51,0.1,297.5,0.02,297.52,1.98,297.53,2.18
1753503352291,04:15:52.291,AAVE/USDT:USDT,297.48,1.71,297.47,0.03,297.49,6.77,297.5,9.07
1753503352391,04:15:52.391,AAVE/USDT:USDT,297.48,1.71,297.46,0.54,297.49,6.77,297.5,12.57
1753503352491,04:15:52.491,AAVE/USDT:USDT,297.48,1.71,297.46,0.54,297.49,6.77,297.5,12.5
1753503352591,04:15:52.591,AAVE/USDT:USDT,297.48,1.71,297.46,0.54,297.49,6.77,297.5,12.5
1753503352691,04:15:52.691,AAVE/USDT:USDT,297.48,1.71,297.46,0.54,297.49,6.77,297.5,11.62
1753503352791,04:15:52.791,AAVE/USDT:USDT,297.48,1.71,297.46,0.54,297.49,7.36,297.5,11.62
1753503352891,04:15:52.891,AAVE/USDT:USDT,297.48,1.71,297.46,0.54,297.49,7.36,297.5,11.62
1753503352991,04:15:52.991,AAVE/USDT:USDT,297.48,1.71,297.46,0.54,297.49,7.36,297.5,10.36
1753503353091,04:15:53.091,AAVE/USDT:USDT,297.48,1.71,297.46,0.54,297.49,7.36,297.5,10.36
1753503353191,04:15:53.191,AAVE/USDT:USDT,297.48,1.71,297.46,0.54,297.49,7.36,297.5,10.36
1753503353291,04:15:53.291,AAVE/USDT:USDT,297.48,1.71,297.46,0.54,297.49,7.36,297.5,10.36
1753503353391,04:15:53.391,AAVE/USDT:USDT,297.48,1.71,297.46,0.54,297.49,7.36,297.5,10.36
1753503353491,04:15:53.491,AAVE/USDT:USDT,297.48,1.71,297.46,0.54,297.49,7.36,297.5,10.36
1753503353592,04:15:53.592,AAVE/USDT:USDT,297.46,0.28,297.45,0.04,297.47,7.77,297.48,14.74
1753503353690,04:15:53.690,AAVE/USDT:USDT,297.46,0.28,297.45,0.04,297.47,7.77,297.48,14.74
1753503353793,04:15:53.793,AAVE/USDT:USDT,297.46,0.28,297.45,0.04,297.47,8.38,297.48,14.74
1753503353891,04:15:53.891,AAVE/USDT:USDT,297.46,0.28,297.45,0.04,297.47,8.38,297.48,14.74
1753503353990,04:15:53.990,AAVE/USDT:USDT,297.46,0.28,297.45,0.04,297.47,8.4,297.48,14.52
1753503354091,04:15:54.091,AAVE/USDT:USDT,297.44,0.02,297.43,0.04,297.45,5.16,297.46,6.94
1753503354192,04:15:54.192,AAVE/USDT:USDT,297.44,0.02,297.43,0.04,297.45,14.09,297.46,10.33
1753503354291,04:15:54.291,AAVE/USDT:USDT,297.44,0.02,297.43,0.04,297.45,11.67,297.46,7.91
1753503354391,04:15:54.391,AAVE/USDT:USDT,297.44,0.02,297.43,0.04,297.45,11.77,297.46,7.91
1753503354491,04:15:54.491,AAVE/USDT:USDT,297.44,0.02,297.43,0.04,297.45,11.77,297.46,7.91
1753503354591,04:15:54.591,AAVE/USDT:USDT,297.44,0.02,297.43,0.04,297.45,12.98,297.46,9.12
1753503354691,04:15:54.691,AAVE/USDT:USDT,297.44,0.02,297.43,0.04,297.45,12.98,297.46,9.12
1753503354792,04:15:54.792,AAVE/USDT:USDT,297.44,0.02,297.43,0.04,297.45,12.98,297.46,9.12
1753503354891,04:15:54.891,AAVE/USDT:USDT,297.44,0.02,297.43,0.04,297.45,13.58,297.46,9.12
1753503355091,04:15:55.091,AAVE/USDT:USDT,297.44,0.02,297.43,0.04,297.45,13.58,297.46,6.95
1753503355190,04:15:55.190,AAVE/USDT:USDT,297.44,0.02,297.43,0.04,297.45,13.58,297.46,6.95
1753503355290,04:15:55.290,AAVE/USDT:USDT,297.44,0.02,297.43,0.04,297.45,13.58,297.46,6.95
1753503355391,04:15:55.391,AAVE/USDT:USDT,297.44,0.02,297.43,0.04,297.45,13.58,297.46,6.95
1753503355490,04:15:55.490,AAVE/USDT:USDT,297.44,0.12,297.43,0.04,297.45,13.58,297.46,6.95
1753503355591,04:15:55.591,AAVE/USDT:USDT,297.44,0.12,297.43,0.04,297.45,12.37,297.46,5.74
1753503355691,04:15:55.691,AAVE/USDT:USDT,297.44,0.12,297.43,0.04,297.45,12.37,297.46,5.74
1753503355793,04:15:55.793,AAVE/USDT:USDT,297.44,4.19,297.42,4.21,297.45,0.7,297.46,0.55
1753503355891,04:15:55.891,AAVE/USDT:USDT,297.44,4.19,297.43,0.22,297.45,0.7,297.46,0.55
1753503355990,04:15:55.990,AAVE/USDT:USDT,297.44,4.19,297.43,0.22,297.45,0.7,297.46,0.55
1753503356092,04:15:56.092,AAVE/USDT:USDT,297.44,0.12,297.42,0.28,297.45,1.79,297.46,0.55
1753503356191,04:15:56.191,AAVE/USDT:USDT,297.44,0.12,297.42,0.28,297.45,1.79,297.46,0.55
1753503356291,04:15:56.291,AAVE/USDT:USDT,297.44,0.12,297.42,0.28,297.45,3.59,297.46,0.55
1753503356391,04:15:56.391,AAVE/USDT:USDT,297.44,0.12,297.42,0.28,297.45,3.59,297.46,0.55
1753503356491,04:15:56.491,AAVE/USDT:USDT,297.44,0.12,297.42,0.28,297.45,3.59,297.46,0.55
1753503356691,04:15:56.691,AAVE/USDT:USDT,297.44,0.12,297.42,0.28,297.45,3.59,297.46,0.55
1753503356791,04:15:56.791,AAVE/USDT:USDT,297.44,0.12,297.42,0.28,297.45,3.59,297.46,0.55
1753503356891,04:15:56.891,AAVE/USDT:USDT,297.44,0.12,297.42,0.28,297.45,3.59,297.46,0.55
1753503356991,04:15:56.991,AAVE/USDT:USDT,297.44,0.02,297.42,0.28,297.45,3.59,297.46,0.55
1753503357091,04:15:57.091,AAVE/USDT:USDT,297.44,0.02,297.42,0.28,297.45,3.59,297.46,0.55
1753503357191,04:15:57.191,AAVE/USDT:USDT,297.44,0.02,297.42,0.28,297.45,3.59,297.46,0.55
1753503357291,04:15:57.291,AAVE/USDT:USDT,297.44,0.02,297.42,0.28,297.45,3.59,297.46,0.55
1753503357391,04:15:57.391,AAVE/USDT:USDT,297.44,0.02,297.42,0.28,297.45,3.59,297.46,0.55
1753503357491,04:15:57.491,AAVE/USDT:USDT,297.44,0.02,297.42,0.28,297.45,3.59,297.46,0.55
1753503357591,04:15:57.591,AAVE/USDT:USDT,297.44,0.31,297.42,0.28,297.45,3.59,297.46,0.55
1753503357692,04:15:57.692,AAVE/USDT:USDT,297.42,0.02,297.41,0.32,297.43,11.33,297.44,6.58
1753503357791,04:15:57.791,AAVE/USDT:USDT,297.42,0.02,297.41,0.32,297.43,11.33,297.44,10.74
1753503357891,04:15:57.891,AAVE/USDT:USDT,297.42,0.02,297.41,0.32,297.43,11.93,297.44,10.74
1753503357991,04:15:57.991,AAVE/USDT:USDT,297.39,0.26,297.38,0.32,297.4,0.82,297.41,8.48
1753503358091,04:15:58.091,AAVE/USDT:USDT,297.38,0.02,297.37,0.04,297.39,2.08,297.4,3.1
1753503358191,04:15:58.191,AAVE/USDT:USDT,297.38,0.02,297.37,0.04,297.39,2.08,297.4,3.1
1753503358291,04:15:58.291,AAVE/USDT:USDT,297.38,0.02,297.37,0.04,297.39,2.08,297.4,3.1
1753503358391,04:15:58.391,AAVE/USDT:USDT,297.38,0.18,297.37,0.04,297.39,2.08,297.4,3.1
1753503358491,04:15:58.491,AAVE/USDT:USDT,297.38,0.6,297.37,0.38,297.4,2.68,297.41,3.15
1753503358592,04:15:58.592,AAVE/USDT:USDT,297.39,0.22,297.38,1.65,297.4,0.55,297.41,4.93
1753503358691,04:15:58.691,AAVE/USDT:USDT,297.39,0.22,297.38,1.65,297.4,0.55,297.41,4.93
1753503358791,04:15:58.791,AAVE/USDT:USDT,297.38,0.18,297.37,0.38,297.39,0.42,297.4,1.45
1753503358891,04:15:58.891,AAVE/USDT:USDT,297.38,0.18,297.37,0.38,297.39,1.02,297.4,1.45
1753503358991,04:15:58.991,AAVE/USDT:USDT,297.38,0.18,297.37,0.38,297.39,1.02,297.4,1.45
1753503359091,04:15:59.091,AAVE/USDT:USDT,297.38,0.18,297.37,0.38,297.39,1.02,297.4,1.45
1753503359192,04:15:59.192,AAVE/USDT:USDT,297.36,0.46,297.35,8.49,297.39,2.04,297.4,1.45
1753503359292,04:15:59.292,AAVE/USDT:USDT,297.37,0.42,297.36,1.09,297.38,0.09,297.39,2.07
1753503359391,04:15:59.391,AAVE/USDT:USDT,297.37,0.42,297.36,1.09,297.38,0.09,297.39,2.07
1753503359491,04:15:59.491,AAVE/USDT:USDT,297.37,0.42,297.36,1.09,297.38,0.19,297.39,2.07
1753503359590,04:15:59.590,AAVE/USDT:USDT,297.37,0.42,297.36,1.09,297.38,0.19,297.39,2.07
1753503359692,04:15:59.692,AAVE/USDT:USDT,297.37,0.42,297.36,1.09,297.38,0.19,297.39,2.07
1753503359890,04:15:59.890,AAVE/USDT:USDT,297.37,0.42,297.36,1.09,297.38,0.76,297.39,1.44
1753503359991,04:15:59.991,AAVE/USDT:USDT,297.37,6.33,297.36,1.09,297.38,0.76,297.4,0.79
1753503360091,04:16:00.091,AAVE/USDT:USDT,297.37,8.39,297.36,2.24,297.38,0.76,297.4,0.79
1753503360191,04:16:00.191,AAVE/USDT:USDT,297.37,8.39,297.36,2.24,297.38,0.76,297.4,0.79
1753503360292,04:16:00.292,AAVE/USDT:USDT,297.37,7.48,297.36,2.24,297.38,0.76,297.4,0.79
1753503360391,04:16:00.391,AAVE/USDT:USDT,297.37,7.48,297.36,2.24,297.38,0.76,297.4,0.79
1753503360492,04:16:00.492,AAVE/USDT:USDT,297.37,7.48,297.36,2.24,297.38,0.76,297.4,0.79
1753503360591,04:16:00.591,AAVE/USDT:USDT,297.37,7.48,297.36,2.91,297.38,0.76,297.4,0.79
1753503360691,04:16:00.691,AAVE/USDT:USDT,297.37,7.48,297.36,2.91,297.38,0.76,297.4,0.79
1753503360791,04:16:00.791,AAVE/USDT:USDT,297.37,7.48,297.36,2.53,297.38,0.76,297.4,0.79
1753503360891,04:16:00.891,AAVE/USDT:USDT,297.37,6.13,297.36,1.38,297.38,0.76,297.4,0.79
1753503360991,04:16:00.991,AAVE/USDT:USDT,297.37,5.55,297.36,1.38,297.38,0.76,297.4,0.79
1753503361091,04:16:01.091,AAVE/USDT:USDT,297.37,1.46,297.36,1.38,297.38,0.76,297.4,0.79
1753503361191,04:16:01.191,AAVE/USDT:USDT,297.36,0.04,297.35,1.9,297.38,2.13,297.4,0.79
1753503361291,04:16:01.291,AAVE/USDT:USDT,297.36,0.04,297.35,1.9,297.37,0.28,297.38,2.13
1753503361391,04:16:01.391,AAVE/USDT:USDT,297.36,0.04,297.35,1.9,297.37,0.28,297.38,2.13
1753503361491,04:16:01.491,AAVE/USDT:USDT,297.36,0.12,297.35,1.9,297.37,0.28,297.38,2.13
1753503361591,04:16:01.591,AAVE/USDT:USDT,297.36,0.12,297.35,1.9,297.37,0.28,297.38,2.13
1753503361691,04:16:01.691,AAVE/USDT:USDT,297.36,0.12,297.35,1.9,297.37,0.38,297.38,2.03
1753503361791,04:16:01.791,AAVE/USDT:USDT,297.36,0.12,297.35,1.89,297.37,1.4,297.38,2.03
1753503361890,04:16:01.890,AAVE/USDT:USDT,297.36,0.12,297.35,1.89,297.37,2.06,297.38,1.37
1753503361992,04:16:01.992,AAVE/USDT:USDT,297.36,0.66,297.35,1.86,297.37,1.04,297.38,1.37
1753503362091,04:16:02.091,AAVE/USDT:USDT,297.39,0.51,297.38,2.97,297.4,1.09,297.41,1.04
1753503362191,04:16:02.191,AAVE/USDT:USDT,297.39,0.51,297.38,2.97,297.4,0.02,297.41,0.82
1753503362291,04:16:02.291,AAVE/USDT:USDT,297.39,2.97,297.38,2.68,297.4,0.02,297.41,0.1
1753503362391,04:16:02.391,AAVE/USDT:USDT,297.39,2.97,297.38,2.68,297.4,0.02,297.41,0.1
1753503362491,04:16:02.491,AAVE/USDT:USDT,297.39,2.97,297.38,1.46,297.4,0.02,297.41,0.1
1753503362591,04:16:02.591,AAVE/USDT:USDT,297.39,1.46,297.38,1.46,297.41,0.7,297.42,1.39
1753503362691,04:16:02.691,AAVE/USDT:USDT,297.39,1.46,297.38,1.46,297.41,0.7,297.42,1.39
1753503362791,04:16:02.791,AAVE/USDT:USDT,297.39,1.46,297.38,1.46,297.41,0.7,297.42,1.39
1753503362991,04:16:02.991,AAVE/USDT:USDT,297.39,1.04,297.38,1.04,297.4,1.36,297.41,2.6
1753503363091,04:16:03.091,AAVE/USDT:USDT,297.39,1.04,297.38,1.04,297.4,1.36,297.41,2.67
1753503363191,04:16:03.191,AAVE/USDT:USDT,297.38,1.04,297.37,1.31,297.4,1.36,297.41,2.67
1753503363390,04:16:03.390,AAVE/USDT:USDT,297.38,1.04,297.37,1.31,297.4,1.36,297.41,2.67
1753503363491,04:16:03.491,AAVE/USDT:USDT,297.38,1.04,297.37,1.31,297.4,1.36,297.41,2.67
1753503363592,04:16:03.592,AAVE/USDT:USDT,297.37,1.26,297.36,3.02,297.39,0.66,297.4,1.74
1753503363691,04:16:03.691,AAVE/USDT:USDT,297.37,1.04,297.36,2.98,297.38,0.42,297.39,1.43
1753503363790,04:16:03.790,AAVE/USDT:USDT,297.37,1.04,297.36,2.98,297.38,0.71,297.39,1.43
1753503363991,04:16:03.991,AAVE/USDT:USDT,297.37,2.11,297.36,4.2,297.38,0.29,297.39,4.08
1753503364091,04:16:04.091,AAVE/USDT:USDT,297.37,2.11,297.36,4.2,297.38,0.29,297.39,4.08
1753503364191,04:16:04.191,AAVE/USDT:USDT,297.37,2.78,297.36,4.87,297.38,0.29,297.4,4.32
1753503364292,04:16:04.292,AAVE/USDT:USDT,297.37,1.04,297.36,2.98,297.38,0.29,297.4,4.32
1753503364391,04:16:04.391,AAVE/USDT:USDT,297.37,1.04,297.36,2.98,297.38,0.29,297.4,4.32
1753503364491,04:16:04.491,AAVE/USDT:USDT,297.37,1.04,297.36,2.98,297.38,0.29,297.4,4.32
1753503364591,04:16:04.591,AAVE/USDT:USDT,297.37,1.04,297.36,2.98,297.38,0.29,297.4,4.32
1753503364691,04:16:04.691,AAVE/USDT:USDT,297.37,1.04,297.36,2.98,297.38,0.29,297.4,4.32
1753503364891,04:16:04.891,AAVE/USDT:USDT,297.37,1.04,297.36,2.98,297.38,0.29,297.4,4.32
1753503364991,04:16:04.991,AAVE/USDT:USDT,297.37,2.11,297.36,2.98,297.38,0.29,297.4,4.32
1753503365091,04:16:05.091,AAVE/USDT:USDT,297.37,2.11,297.36,2.98,297.38,0.29,297.4,4.32
1753503365291,04:16:05.291,AAVE/USDT:USDT,297.37,2.11,297.36,2.98,297.38,0.29,297.4,4.32
1753503365391,04:16:05.391,AAVE/USDT:USDT,297.37,2.11,297.36,2.98,297.38,0.29,297.4,4.32
1753503365591,04:16:05.591,AAVE/USDT:USDT,297.37,2.11,297.36,2.98,297.38,0.29,297.4,4.32
1753503365691,04:16:05.691,AAVE/USDT:USDT,297.37,0.88,297.36,1.08,297.38,0.29,297.39,0.38
1753503365793,04:16:05.793,AAVE/USDT:USDT,297.37,0.88,297.36,1.08,297.38,0.29,297.39,0.38
1753503365992,04:16:05.992,AAVE/USDT:USDT,297.37,8.44,297.36,6.36,297.38,0.29,297.4,0.02
1753503366091,04:16:06.091,AAVE/USDT:USDT,297.37,8.44,297.36,6.36,297.38,0.29,297.4,0.24
1753503366191,04:16:06.191,AAVE/USDT:USDT,297.37,7.24,297.36,5.16,297.38,0.29,297.4,0.24
1753503366291,04:16:06.291,AAVE/USDT:USDT,297.37,6.57,297.36,5.16,297.38,0.29,297.4,0.24
1753503366391,04:16:06.391,AAVE/USDT:USDT,297.37,4.03,297.36,1.08,297.38,0.29,297.4,0.24
1753503366491,04:16:06.491,AAVE/USDT:USDT,297.37,4.03,297.36,1.08,297.38,0.29,297.4,0.24
1753503366593,04:16:06.593,AAVE/USDT:USDT,297.37,4.03,297.36,1.08,297.38,0.29,297.4,0.24
1753503366691,04:16:06.691,AAVE/USDT:USDT,297.37,3.61,297.36,1.3,297.38,0.28,297.39,0.61
1753503366791,04:16:06.791,AAVE/USDT:USDT,297.37,3.61,297.36,1.3,297.38,0.28,297.39,0.61
1753503366891,04:16:06.891,AAVE/USDT:USDT,297.37,3.61,297.36,1.3,297.38,0.28,297.39,0.61
1753503367092,04:16:07.092,AAVE/USDT:USDT,297.37,3.61,297.36,1.3,297.38,0.28,297.39,0.61
1753503367191,04:16:07.191,AAVE/USDT:USDT,297.37,3.61,297.36,1.3,297.38,0.28,297.39,0.61
1753503367391,04:16:07.391,AAVE/USDT:USDT,297.37,3.61,297.36,1.3,297.38,0.28,297.39,0.61
1753503367491,04:16:07.491,AAVE/USDT:USDT,297.37,3.61,297.36,1.3,297.38,0.28,297.39,0.61
1753503367691,04:16:07.691,AAVE/USDT:USDT,297.37,3.61,297.36,1.3,297.38,0.28,297.4,1.24
1753503367791,04:16:07.791,AAVE/USDT:USDT,297.37,4.81,297.36,2.5,297.38,0.28,297.4,1.24
1753503367891,04:16:07.891,AAVE/USDT:USDT,297.37,5.48,297.36,2.5,297.38,0.28,297.4,1.24
1753503367991,04:16:07.991,AAVE/USDT:USDT,297.37,5.48,297.36,2.5,297.38,0.28,297.4,1.24
1753503368091,04:16:08.091,AAVE/USDT:USDT,297.37,5.48,297.36,2.5,297.38,0.28,297.4,1.24
1753503368190,04:16:08.190,AAVE/USDT:USDT,297.37,5.48,297.36,2.5,297.38,0.28,297.4,0.24
1753503368291,04:16:08.291,AAVE/USDT:USDT,297.37,4.28,297.36,1.08,297.38,0.28,297.4,0.24
1753503368391,04:16:08.391,AAVE/USDT:USDT,297.37,4.28,297.36,1.08,297.38,0.28,297.4,0.24
1753503368491,04:16:08.491,AAVE/USDT:USDT,297.37,4.28,297.36,1.08,297.38,0.28,297.4,0.24
1753503368591,04:16:08.591,AAVE/USDT:USDT,297.37,4.28,297.36,1.08,297.38,0.28,297.4,0.24
1753503368692,04:16:08.692,AAVE/USDT:USDT,297.37,4.28,297.36,1.08,297.38,0.28,297.4,0.24
1753503368791,04:16:08.791,AAVE/USDT:USDT,297.37,4.28,297.36,1.08,297.38,0.28,297.4,0.24
1753503368891,04:16:08.891,AAVE/USDT:USDT,297.37,4.28,297.36,1.08,297.38,0.28,297.4,0.24
1753503368991,04:16:08.991,AAVE/USDT:USDT,297.37,4.28,297.36,2.28,297.38,0.28,297.4,0.24
1753503369091,04:16:09.091,AAVE/USDT:USDT,297.37,4.28,297.36,2.28,297.38,0.28,297.4,0.24
1753503369191,04:16:09.191,AAVE/USDT:USDT,297.37,4.28,297.36,2.28,297.38,0.28,297.4,0.24
1753503369291,04:16:09.291,AAVE/USDT:USDT,297.37,4.28,297.36,2.28,297.38,0.28,297.4,0.24
1753503369390,04:16:09.390,AAVE/USDT:USDT,297.37,4.28,297.36,2.28,297.38,0.28,297.4,0.24
1753503369491,04:16:09.491,AAVE/USDT:USDT,297.37,4.28,297.36,1.08,297.38,0.28,297.4,0.24
1753503369991,04:16:09.991,AAVE/USDT:USDT,297.37,4.28,297.36,1.08,297.38,0.28,297.4,0.24
1753503370092,04:16:10.092,AAVE/USDT:USDT,297.37,4.28,297.36,2.28,297.38,0.28,297.4,0.24
1753503370191,04:16:10.191,AAVE/USDT:USDT,297.37,4.28,297.36,2.28,297.38,0.28,297.4,0.24
1753503370291,04:16:10.291,AAVE/USDT:USDT,297.37,4.28,297.36,2.28,297.38,0.28,297.4,0.24
1753503370391,04:16:10.391,AAVE/USDT:USDT,297.37,4.28,297.36,3.8,297.38,0.28,297.4,0.24
1753503370491,04:16:10.491,AAVE/USDT:USDT,297.37,4.28,297.36,3.8,297.38,0.28,297.4,0.24
1753503370591,04:16:10.591,AAVE/USDT:USDT,297.37,4.28,297.36,2.6,297.38,0.28,297.4,0.24
1753503370691,04:16:10.691,AAVE/USDT:USDT,297.37,4.28,297.36,2.6,297.38,0.28,297.4,0.24
1753503370891,04:16:10.891,AAVE/USDT:USDT,297.37,4.28,297.36,3.8,297.38,0.28,297.4,0.24
1753503371091,04:16:11.091,AAVE/USDT:USDT,297.37,4.28,297.36,3.8,297.38,0.28,297.4,0.24
1753503371190,04:16:11.190,AAVE/USDT:USDT,297.37,4.28,297.36,3.8,297.38,0.28,297.4,0.24
1753503371291,04:16:11.291,AAVE/USDT:USDT,297.37,4.28,297.36,3.8,297.38,0.28,297.4,0.24
1753503371391,04:16:11.391,AAVE/USDT:USDT,297.37,4.28,297.36,2.6,297.38,0.28,297.4,0.24
1753503371491,04:16:11.491,AAVE/USDT:USDT,297.37,4.28,297.36,3.8,297.38,0.28,297.4,0.24
1753503371591,04:16:11.591,AAVE/USDT:USDT,297.37,4.28,297.36,2.6,297.38,0.28,297.4,0.24
1753503371691,04:16:11.691,AAVE/USDT:USDT,297.37,4.28,297.36,2.6,297.38,0.28,297.4,0.24
1753503371891,04:16:11.891,AAVE/USDT:USDT,297.37,4.28,297.36,2.6,297.38,0.28,297.4,0.24
1753503371991,04:16:11.991,AAVE/USDT:USDT,297.37,4.28,297.36,2.6,297.38,0.28,297.4,0.24
1753503372190,04:16:12.190,AAVE/USDT:USDT,297.37,4.28,297.36,2.6,297.38,0.28,297.4,0.24
1753503372392,04:16:12.392,AAVE/USDT:USDT,297.37,4.28,297.36,1.08,297.38,0.28,297.4,0.24
1753503372490,04:16:12.490,AAVE/USDT:USDT,297.37,4.28,297.36,1.08,297.38,0.28,297.4,0.24
1753503372591,04:16:12.591,AAVE/USDT:USDT,297.37,3.25,297.36,1.08,297.38,0.28,297.4,0.24
1753503372691,04:16:12.691,AAVE/USDT:USDT,297.37,2.58,297.36,1.08,297.38,0.28,297.4,0.24
1753503372891,04:16:12.891,AAVE/USDT:USDT,297.37,2.58,297.36,4.05,297.38,0.28,297.4,0.24
1753503372991,04:16:12.991,AAVE/USDT:USDT,297.37,2.58,297.36,1.08,297.38,0.28,297.4,0.24
1753503373091,04:16:13.091,AAVE/USDT:USDT,297.36,1.08,297.35,9.9,297.38,0.28,297.4,0.24
1753503373191,04:16:13.191,AAVE/USDT:USDT,297.36,1.75,297.35,1.61,297.38,0.28,297.39,0.29
1753503373291,04:16:13.291,AAVE/USDT:USDT,297.36,1.75,297.35,2.0,297.38,0.28,297.39,0.29
1753503373392,04:16:13.392,AAVE/USDT:USDT,297.36,1.75,297.35,1.96,297.37,0.49,297.38,1.34
1753503373491,04:16:13.491,AAVE/USDT:USDT,297.37,0.42,297.36,1.75,297.38,0.28,297.39,0.22
1753503373592,04:16:13.592,AAVE/USDT:USDT,297.37,0.54,297.36,1.75,297.38,0.28,297.39,0.29
1753503373691,04:16:13.691,AAVE/USDT:USDT,297.38,2.16,297.37,1.14,297.4,0.44,297.41,3.72
1753503373792,04:16:13.792,AAVE/USDT:USDT,297.39,1.41,297.38,2.16,297.4,0.02,297.41,0.36
1753503373891,04:16:13.891,AAVE/USDT:USDT,297.39,1.41,297.38,0.63,297.4,0.02,297.41,0.36
1753503373991,04:16:13.991,AAVE/USDT:USDT,297.39,1.41,297.38,0.63,297.4,0.02,297.41,0.36
1753503374090,04:16:14.090,AAVE/USDT:USDT,297.39,1.41,297.38,0.63,297.4,0.02,297.41,0.36
1753503374191,04:16:14.191,AAVE/USDT:USDT,297.38,0.21,297.37,0.96,297.39,0.42,297.4,0.44
1753503374291,04:16:14.291,AAVE/USDT:USDT,297.38,0.21,297.37,0.96,297.39,0.52,297.4,0.44
1753503374391,04:16:14.391,AAVE/USDT:USDT,297.38,0.21,297.37,0.96,297.39,0.52,297.4,0.44
1753503374491,04:16:14.491,AAVE/USDT:USDT,297.38,0.21,297.37,0.96,297.39,0.52,297.4,0.44
1753503374691,04:16:14.691,AAVE/USDT:USDT,297.36,0.04,297.35,1.61,297.37,0.95,297.38,5.36
1753503374791,04:16:14.791,AAVE/USDT:USDT,297.37,0.42,297.36,3.21,297.39,4.47,297.4,7.23
1753503374891,04:16:14.891,AAVE/USDT:USDT,297.37,0.42,297.36,0.88,297.39,0.52,297.4,4.02
1753503374991,04:16:14.991,AAVE/USDT:USDT,297.37,0.42,297.36,0.88,297.39,0.52,297.4,4.02
1753503375091,04:16:15.091,AAVE/USDT:USDT,297.37,0.42,297.36,0.88,297.39,0.52,297.4,4.02
1753503375191,04:16:15.191,AAVE/USDT:USDT,297.37,0.42,297.36,0.88,297.39,0.52,297.4,4.02
1753503375291,04:16:15.291,AAVE/USDT:USDT,297.37,0.42,297.36,0.88,297.39,0.52,297.4,4.02
1753503375391,04:16:15.391,AAVE/USDT:USDT,297.37,0.42,297.36,0.88,297.39,0.52,297.4,4.02
1753503375491,04:16:15.491,AAVE/USDT:USDT,297.37,0.42,297.36,0.88,297.39,0.52,297.4,4.02
1753503375691,04:16:15.691,AAVE/USDT:USDT,297.37,0.42,297.36,0.88,297.39,0.52,297.4,4.02
1753503375793,04:16:15.793,AAVE/USDT:USDT,297.38,3.53,297.37,7.87,297.39,0.1,297.4,0.02
1753503375891,04:16:15.891,AAVE/USDT:USDT,297.38,3.53,297.37,7.87,297.39,0.1,297.4,0.02
1753503375991,04:16:15.991,AAVE/USDT:USDT,297.38,3.53,297.37,7.87,297.39,0.1,297.4,0.02
1753503376091,04:16:16.091,AAVE/USDT:USDT,297.38,3.53,297.37,7.87,297.39,0.1,297.4,0.02
1753503376191,04:16:16.191,AAVE/USDT:USDT,297.38,3.53,297.37,7.87,297.39,0.1,297.4,0.02
1753503376291,04:16:16.291,AAVE/USDT:USDT,297.38,3.53,297.37,7.87,297.39,0.1,297.4,0.02
1753503376391,04:16:16.391,AAVE/USDT:USDT,297.38,3.53,297.37,7.87,297.39,0.1,297.4,0.02
1753503376492,04:16:16.492,AAVE/USDT:USDT,297.38,3.02,297.37,6.69,297.39,0.44,297.4,0.44
1753503376591,04:16:16.591,AAVE/USDT:USDT,297.38,3.02,297.37,6.69,297.39,0.44,297.4,0.44
1753503376691,04:16:16.691,AAVE/USDT:USDT,297.38,3.02,297.37,6.69,297.39,0.44,297.4,0.44
1753503376791,04:16:16.791,AAVE/USDT:USDT,297.36,0.02,297.35,1.86,297.37,0.42,297.38,1.16
1753503376891,04:16:16.891,AAVE/USDT:USDT,297.36,0.02,297.35,1.86,297.37,0.42,297.38,1.16
1753503376991,04:16:16.991,AAVE/USDT:USDT,297.36,0.02,297.35,1.86,297.37,0.42,297.38,1.16
1753503377090,04:16:17.090,AAVE/USDT:USDT,297.36,0.44,297.35,1.86,297.38,1.16,297.39,5.16
1753503377191,04:16:17.191,AAVE/USDT:USDT,297.36,0.44,297.35,1.86,297.38,1.16,297.39,5.16
1753503377291,04:16:17.291,AAVE/USDT:USDT,297.36,0.02,297.35,1.86,297.37,0.44,297.38,1.16
1753503377391,04:16:17.391,AAVE/USDT:USDT,297.36,0.02,297.35,1.86,297.37,0.44,297.38,1.16
1753503377491,04:16:17.491,AAVE/USDT:USDT,297.36,0.02,297.35,1.86,297.37,0.44,297.38,1.16
1753503377591,04:16:17.591,AAVE/USDT:USDT,297.36,0.02,297.35,1.86,297.37,1.41,297.38,1.16
1753503377691,04:16:17.691,AAVE/USDT:USDT,297.36,0.02,297.35,1.86,297.37,2.07,297.38,1.16
1753503377990,04:16:17.990,AAVE/USDT:USDT,297.36,0.02,297.35,1.86,297.37,2.07,297.38,1.16
1753503378091,04:16:18.091,AAVE/USDT:USDT,297.36,0.02,297.35,1.86,297.37,2.07,297.38,1.16
1753503378292,04:16:18.292,AAVE/USDT:USDT,297.36,0.02,297.35,1.86,297.37,2.07,297.38,1.16
1753503378391,04:16:18.391,AAVE/USDT:USDT,297.36,0.02,297.35,1.86,297.37,2.07,297.38,1.16
1753503378491,04:16:18.491,AAVE/USDT:USDT,297.36,0.02,297.35,1.64,297.37,2.07,297.38,1.38
1753503378599,04:16:18.599,AAVE/USDT:USDT,297.36,0.02,297.35,1.61,297.37,3.89,297.38,1.45
1753503378691,04:16:18.691,AAVE/USDT:USDT,297.36,0.02,297.35,1.61,297.37,3.89,297.38,3.61
1753503378791,04:16:18.791,AAVE/USDT:USDT,297.36,0.02,297.35,1.61,297.37,3.89,297.38,3.61
1753503378891,04:16:18.891,AAVE/USDT:USDT,297.34,0.02,297.33,0.04,297.35,7.09,297.36,8.85
1753503378991,04:16:18.991,AAVE/USDT:USDT,297.34,0.02,297.33,0.04,297.35,5.05,297.36,6.27
1753503379091,04:16:19.091,AAVE/USDT:USDT,297.34,0.02,297.33,0.04,297.35,5.05,297.36,6.27
1753503379191,04:16:19.191,AAVE/USDT:USDT,297.34,0.02,297.33,0.04,297.35,5.05,297.36,6.27
1753503379292,04:16:19.292,AAVE/USDT:USDT,297.34,0.02,297.33,0.04,297.35,3.55,297.36,5.27
1753503379392,04:16:19.392,AAVE/USDT:USDT,297.34,0.02,297.33,0.04,297.35,3.55,297.36,5.27
1753503379491,04:16:19.491,AAVE/USDT:USDT,297.34,0.02,297.33,0.04,297.35,3.55,297.36,5.27
1753503379591,04:16:19.591,AAVE/USDT:USDT,297.34,0.02,297.33,0.04,297.35,3.99,297.36,5.27
1753503379691,04:16:19.691,AAVE/USDT:USDT,297.34,0.02,297.33,0.04,297.35,3.99,297.36,5.59
1753503379791,04:16:19.791,AAVE/USDT:USDT,297.34,0.02,297.33,0.04,297.35,3.99,297.36,5.52
1753503379891,04:16:19.891,AAVE/USDT:USDT,297.34,0.02,297.33,0.04,297.35,3.99,297.36,5.52
1753503379992,04:16:19.992,AAVE/USDT:USDT,297.34,0.02,297.33,0.04,297.35,3.99,297.36,5.52
1753503380091,04:16:20.091,AAVE/USDT:USDT,297.34,0.02,297.33,0.04,297.35,3.99,297.36,5.52
1753503380191,04:16:20.191,AAVE/USDT:USDT,297.34,0.02,297.33,0.04,297.35,3.99,297.36,5.52
1753503380291,04:16:20.291,AAVE/USDT:USDT,297.34,0.02,297.33,0.04,297.35,3.99,297.36,5.52
1753503380491,04:16:20.491,AAVE/USDT:USDT,297.34,0.02,297.33,0.04,297.35,3.99,297.36,5.52
1753503380591,04:16:20.591,AAVE/USDT:USDT,297.34,0.02,297.33,0.04,297.35,3.99,297.36,5.52
1753503380691,04:16:20.691,AAVE/USDT:USDT,297.34,0.02,297.33,0.04,297.35,3.99,297.36,5.52
1753503380791,04:16:20.791,AAVE/USDT:USDT,297.34,0.02,297.33,0.04,297.35,3.99,297.36,5.52
1753503380891,04:16:20.891,AAVE/USDT:USDT,297.34,0.02,297.33,0.04,297.35,3.99,297.36,5.52
1753503380991,04:16:20.991,AAVE/USDT:USDT,297.34,0.02,297.33,0.04,297.35,3.99,297.36,5.52
1753503381092,04:16:21.092,AAVE/USDT:USDT,297.32,1.34,297.31,0.24,297.33,0.42,297.34,3.98
1753503381192,04:16:21.192,AAVE/USDT:USDT,297.32,1.02,297.31,0.24,297.33,0.86,297.34,3.98
1753503381291,04:16:21.291,AAVE/USDT:USDT,297.32,1.02,297.31,0.24,297.33,0.86,297.34,3.98
1753503381391,04:16:21.391,AAVE/USDT:USDT,297.32,1.02,297.31,0.24,297.33,0.86,297.34,2.98
1753503381492,04:16:21.492,AAVE/USDT:USDT,297.32,2.52,297.31,0.24,297.33,0.44,297.35,4.13
1753503381591,04:16:21.591,AAVE/USDT:USDT,297.32,2.52,297.31,0.24,297.33,0.44,297.35,4.13
1753503381793,04:16:21.793,AAVE/USDT:USDT,297.32,1.02,297.31,0.24,297.33,0.44,297.35,4.36
1753503381891,04:16:21.891,AAVE/USDT:USDT,297.32,1.02,297.31,0.24,297.33,0.44,297.35,4.36
1753503382090,04:16:22.090,AAVE/USDT:USDT,297.32,0.02,297.31,0.02,297.33,1.1,297.35,5.57
1753503382190,04:16:22.190,AAVE/USDT:USDT,297.32,0.02,297.31,0.02,297.33,1.69,297.35,5.56
1753503382391,04:16:22.391,AAVE/USDT:USDT,297.32,0.02,297.31,0.02,297.33,1.69,297.35,5.5
1753503382491,04:16:22.491,AAVE/USDT:USDT,297.32,0.45,297.31,0.02,297.33,2.06,297.34,1.37
1753503382591,04:16:22.591,AAVE/USDT:USDT,297.32,0.45,297.31,0.02,297.33,3.2,297.34,2.58
1753503382691,04:16:22.691,AAVE/USDT:USDT,297.32,0.45,297.31,0.02,297.33,3.2,297.34,2.58
1753503382791,04:16:22.791,AAVE/USDT:USDT,297.32,0.45,297.31,0.02,297.33,3.2,297.34,2.58
1753503382891,04:16:22.891,AAVE/USDT:USDT,297.32,0.45,297.31,0.02,297.33,2.06,297.34,1.44
1753503382992,04:16:22.992,AAVE/USDT:USDT,297.32,0.45,297.31,0.02,297.33,0.86,297.34,0.23
1753503383091,04:16:23.091,AAVE/USDT:USDT,297.32,0.45,297.31,0.02,297.33,1.52,297.34,0.23
1753503383191,04:16:23.191,AAVE/USDT:USDT,297.32,0.45,297.31,0.02,297.33,1.52,297.34,0.23
1753503383291,04:16:23.291,AAVE/USDT:USDT,297.32,0.45,297.31,0.02,297.33,2.06,297.34,1.37
1753503383391,04:16:23.391,AAVE/USDT:USDT,297.32,0.45,297.31,0.02,297.33,2.06,297.34,1.37
1753503383491,04:16:23.491,AAVE/USDT:USDT,297.32,0.45,297.31,0.02,297.33,2.04,297.34,1.37
1753503383691,04:16:23.691,AAVE/USDT:USDT,297.32,0.45,297.31,0.02,297.33,2.04,297.34,1.37
1753503383790,04:16:23.790,AAVE/USDT:USDT,297.32,0.45,297.31,0.02,297.33,2.04,297.34,0.23
1753503383992,04:16:23.992,AAVE/USDT:USDT,297.32,0.44,297.31,0.02,297.33,2.04,297.34,0.23
1753503384091,04:16:24.091,AAVE/USDT:USDT,297.32,0.44,297.31,0.02,297.33,2.04,297.34,0.23
1753503384191,04:16:24.191,AAVE/USDT:USDT,297.32,0.44,297.31,0.02,297.33,2.04,297.34,0.23
1753503384291,04:16:24.291,AAVE/USDT:USDT,297.32,0.54,297.31,0.02,297.33,2.04,297.34,0.23
1753503384491,04:16:24.491,AAVE/USDT:USDT,297.32,0.54,297.31,0.02,297.33,2.04,297.34,0.23
1753503384591,04:16:24.591,AAVE/USDT:USDT,297.32,0.54,297.31,0.02,297.33,2.04,297.34,2.51
1753503384691,04:16:24.691,AAVE/USDT:USDT,297.32,0.54,297.31,0.02,297.33,2.36,297.34,2.51
1753503384791,04:16:24.791,AAVE/USDT:USDT,297.32,0.54,297.31,0.02,297.33,2.36,297.34,2.51
1753503384891,04:16:24.891,AAVE/USDT:USDT,297.32,0.54,297.31,0.02,297.33,2.36,297.34,2.51
1753503384991,04:16:24.991,AAVE/USDT:USDT,297.32,0.54,297.31,0.02,297.33,2.36,297.34,2.83
1753503385091,04:16:25.091,AAVE/USDT:USDT,297.32,0.54,297.31,0.02,297.33,2.36,297.34,2.83
1753503385291,04:16:25.291,AAVE/USDT:USDT,297.32,0.54,297.31,0.02,297.33,2.36,297.34,1.69
1753503385391,04:16:25.391,AAVE/USDT:USDT,297.32,0.54,297.31,0.02,297.33,2.36,297.34,0.55
1753503385491,04:16:25.491,AAVE/USDT:USDT,297.32,0.54,297.31,0.02,297.33,2.36,297.34,0.55
1753503385591,04:16:25.591,AAVE/USDT:USDT,297.32,0.54,297.31,0.02,297.33,2.36,297.34,0.55
1753503385691,04:16:25.691,AAVE/USDT:USDT,297.32,0.54,297.31,0.02,297.33,2.36,297.34,0.55
1753503385793,04:16:25.793,AAVE/USDT:USDT,297.32,0.54,297.31,0.02,297.33,2.36,297.34,1.69
1753503385891,04:16:25.891,AAVE/USDT:USDT,297.32,0.54,297.31,0.02,297.33,2.36,297.34,2.89
1753503385991,04:16:25.991,AAVE/USDT:USDT,297.32,0.54,297.31,0.02,297.33,3.38,297.34,3.89
1753503386091,04:16:26.091,AAVE/USDT:USDT,297.32,0.54,297.31,0.02,297.33,3.38,297.34,3.83
1753503386191,04:16:26.191,AAVE/USDT:USDT,297.32,0.54,297.31,0.02,297.33,3.38,297.34,3.83
1753503386291,04:16:26.291,AAVE/USDT:USDT,297.32,0.54,297.31,0.02,297.33,3.38,297.34,3.83
1753503386391,04:16:26.391,AAVE/USDT:USDT,297.32,0.54,297.31,0.02,297.33,3.38,297.34,3.83
1753503386491,04:16:26.491,AAVE/USDT:USDT,297.32,0.54,297.31,0.02,297.33,3.38,297.34,3.83
1753503386591,04:16:26.591,AAVE/USDT:USDT,297.32,0.54,297.31,0.02,297.33,3.38,297.34,3.83
1753503386690,04:16:26.690,AAVE/USDT:USDT,297.32,0.54,297.31,0.02,297.33,3.38,297.34,3.83
1753503386791,04:16:26.791,AAVE/USDT:USDT,297.32,0.54,297.31,0.02,297.33,3.38,297.34,3.83
1753503386891,04:16:26.891,AAVE/USDT:USDT,297.32,0.54,297.31,0.02,297.33,3.38,297.34,2.69
1753503386991,04:16:26.991,AAVE/USDT:USDT,297.32,0.54,297.31,0.02,297.33,2.38,297.34,1.69
1753503387091,04:16:27.091,AAVE/USDT:USDT,297.32,0.54,297.31,0.02,297.33,2.38,297.34,1.69
1753503387191,04:16:27.191,AAVE/USDT:USDT,297.32,0.54,297.31,0.02,297.33,2.32,297.34,1.69
1753503387292,04:16:27.292,AAVE/USDT:USDT,297.32,0.54,297.31,0.02,297.33,2.32,297.34,1.69
1753503387391,04:16:27.391,AAVE/USDT:USDT,297.32,0.54,297.31,0.02,297.33,2.32,297.34,0.55
1753503387490,04:16:27.490,AAVE/USDT:USDT,297.32,0.54,297.31,0.02,297.33,2.32,297.34,0.55
1753503387591,04:16:27.591,AAVE/USDT:USDT,297.32,5.56,297.31,0.4,297.33,0.38,297.34,0.32
1753503387691,04:16:27.691,AAVE/USDT:USDT,297.32,3.54,297.31,0.4,297.33,0.38,297.35,0.27
1753503387793,04:16:27.793,AAVE/USDT:USDT,297.32,3.54,297.31,0.4,297.33,0.38,297.35,0.27
1753503387891,04:16:27.891,AAVE/USDT:USDT,297.32,3.54,297.31,0.4,297.33,0.38,297.35,0.27
1753503387991,04:16:27.991,AAVE/USDT:USDT,297.32,3.54,297.31,0.4,297.33,0.38,297.35,0.27
1753503388091,04:16:28.091,AAVE/USDT:USDT,297.32,3.54,297.31,0.4,297.33,0.38,297.35,0.27
1753503388191,04:16:28.191,AAVE/USDT:USDT,297.32,3.54,297.31,0.4,297.33,0.38,297.35,0.27
1753503388291,04:16:28.291,AAVE/USDT:USDT,297.32,3.54,297.31,0.4,297.33,0.38,297.35,0.27
1753503388391,04:16:28.391,AAVE/USDT:USDT,297.32,3.54,297.31,0.4,297.33,0.54,297.35,0.27
1753503388491,04:16:28.491,AAVE/USDT:USDT,297.32,3.54,297.31,0.4,297.33,0.54,297.35,0.27
1753503388591,04:16:28.591,AAVE/USDT:USDT,297.32,3.54,297.31,0.4,297.33,0.54,297.35,0.27
1753503388691,04:16:28.691,AAVE/USDT:USDT,297.32,3.54,297.31,0.4,297.33,0.54,297.35,0.27
1753503388791,04:16:28.791,AAVE/USDT:USDT,297.32,3.54,297.31,0.4,297.33,0.55,297.35,0.27
1753503388891,04:16:28.891,AAVE/USDT:USDT,297.32,3.54,297.31,0.4,297.33,0.55,297.35,0.27
1753503388990,04:16:28.990,AAVE/USDT:USDT,297.32,3.54,297.31,0.4,297.33,0.55,297.35,0.27
1753503389091,04:16:29.091,AAVE/USDT:USDT,297.32,3.54,297.31,0.4,297.33,0.55,297.35,0.27
1753503389291,04:16:29.291,AAVE/USDT:USDT,297.32,3.54,297.31,0.4,297.33,0.55,297.35,0.27
1753503389492,04:16:29.492,AAVE/USDT:USDT,297.32,3.54,297.31,0.4,297.33,0.55,297.35,0.27
1753503389591,04:16:29.591,AAVE/USDT:USDT,297.32,3.54,297.31,0.4,297.33,0.55,297.35,0.27
1753503389691,04:16:29.691,AAVE/USDT:USDT,297.32,3.54,297.31,0.4,297.33,0.55,297.35,0.27
1753503389792,04:16:29.792,AAVE/USDT:USDT,297.32,3.54,297.31,0.4,297.33,0.55,297.35,0.27
1753503389891,04:16:29.891,AAVE/USDT:USDT,297.32,3.54,297.31,0.4,297.33,0.55,297.35,0.27
1753503389991,04:16:29.991,AAVE/USDT:USDT,297.32,3.54,297.31,0.4,297.33,0.55,297.35,0.27
1753503390090,04:16:30.090,AAVE/USDT:USDT,297.32,3.54,297.31,0.4,297.33,0.55,297.35,0.27
1753503390192,04:16:30.192,AAVE/USDT:USDT,297.32,3.54,297.31,0.4,297.33,0.55,297.35,0.27
1753503390491,04:16:30.491,AAVE/USDT:USDT,297.32,3.54,297.31,0.4,297.33,0.55,297.35,0.27
1753503390598,04:16:30.598,AAVE/USDT:USDT,297.32,3.54,297.31,0.4,297.33,0.55,297.35,0.27
1753503390691,04:16:30.691,AAVE/USDT:USDT,297.32,3.54,297.31,0.4,297.33,0.55,297.35,0.27
1753503390791,04:16:30.791,AAVE/USDT:USDT,297.32,3.54,297.31,0.4,297.33,0.55,297.35,0.27
1753503390891,04:16:30.891,AAVE/USDT:USDT,297.32,3.54,297.31,0.4,297.33,0.55,297.35,0.27
1753503390992,04:16:30.992,AAVE/USDT:USDT,297.32,3.54,297.31,1.54,297.33,0.55,297.35,0.27
1753503391091,04:16:31.091,AAVE/USDT:USDT,297.32,3.54,297.31,0.4,297.33,0.55,297.35,0.27
1753503391192,04:16:31.192,AAVE/USDT:USDT,297.36,0.42,297.35,4.54,297.37,0.57,297.38,2.6
1753503391291,04:16:31.291,AAVE/USDT:USDT,297.35,0.42,297.34,2.48,297.37,0.99,297.38,2.79
1753503391391,04:16:31.391,AAVE/USDT:USDT,297.36,0.42,297.35,0.42,297.37,0.99,297.38,2.79
1753503391495,04:16:31.495,AAVE/USDT:USDT,297.36,0.42,297.35,0.42,297.37,1.46,297.38,2.79
1753503391591,04:16:31.591,AAVE/USDT:USDT,297.36,0.42,297.35,0.42,297.37,1.46,297.38,2.79
1753503391692,04:16:31.692,AAVE/USDT:USDT,297.36,0.52,297.35,0.42,297.37,1.46,297.38,2.79
1753503391791,04:16:31.791,AAVE/USDT:USDT,297.36,0.52,297.35,0.42,297.37,1.46,297.38,2.79
1753503391892,04:16:31.892,AAVE/USDT:USDT,297.36,0.52,297.34,0.88,297.37,1.77,297.38,2.79
1753503391991,04:16:31.991,AAVE/USDT:USDT,297.36,0.52,297.34,0.88,297.37,1.77,297.38,2.79
1753503392091,04:16:32.091,AAVE/USDT:USDT,297.36,0.52,297.34,0.88,297.37,1.77,297.38,2.79
1753503392191,04:16:32.191,AAVE/USDT:USDT,297.36,0.52,297.34,0.38,297.37,1.94,297.38,5.29
1753503392291,04:16:32.291,AAVE/USDT:USDT,297.36,0.52,297.34,0.38,297.37,1.94,297.38,3.91
1753503392391,04:16:32.391,AAVE/USDT:USDT,297.36,0.52,297.34,0.38,297.37,1.94,297.38,3.91
1753503392491,04:16:32.491,AAVE/USDT:USDT,297.36,0.52,297.34,1.89,297.37,1.05,297.38,3.68
1753503392591,04:16:32.591,AAVE/USDT:USDT,297.36,0.52,297.34,1.93,297.37,1.05,297.38,3.68
1753503392691,04:16:32.691,AAVE/USDT:USDT,297.36,0.52,297.34,1.93,297.37,0.74,297.38,3.68
1753503392791,04:16:32.791,AAVE/USDT:USDT,297.36,0.52,297.34,1.93,297.37,3.51,297.38,3.68
1753503392891,04:16:32.891,AAVE/USDT:USDT,297.36,0.52,297.34,1.93,297.37,2.49,297.38,3.68
1753503392992,04:16:32.992,AAVE/USDT:USDT,297.36,0.52,297.34,1.93,297.37,2.49,297.38,3.68
1753503393091,04:16:33.091,AAVE/USDT:USDT,297.36,0.52,297.34,1.93,297.37,2.49,297.38,1.18
1753503393191,04:16:33.191,AAVE/USDT:USDT,297.36,0.52,297.34,1.93,297.37,2.49,297.38,1.18
1753503393291,04:16:33.291,AAVE/USDT:USDT,297.36,1.34,297.34,1.93,297.37,2.49,297.38,1.18
1753503393390,04:16:33.390,AAVE/USDT:USDT,297.36,1.34,297.34,1.93,297.37,2.49,297.38,1.18
1753503393491,04:16:33.491,AAVE/USDT:USDT,297.36,1.34,297.34,1.93,297.37,1.54,297.38,1.18
1753503393590,04:16:33.590,AAVE/USDT:USDT,297.36,1.34,297.34,1.93,297.37,1.54,297.38,1.18
1753503393691,04:16:33.691,AAVE/USDT:USDT,297.36,2.55,297.34,1.93,297.37,0.57,297.38,0.76
1753503393793,04:16:33.793,AAVE/USDT:USDT,297.36,4.77,297.35,9.0,297.37,0.57,297.38,0.02
1753503393891,04:16:33.891,AAVE/USDT:USDT,297.37,12.46,297.36,5.75,297.38,0.02,297.39,4.26
1753503393990,04:16:33.990,AAVE/USDT:USDT,297.37,12.56,297.36,5.65,297.38,0.02,297.39,4.23
1753503394091,04:16:34.091,AAVE/USDT:USDT,297.37,13.38,297.36,4.76,297.38,0.02,297.39,4.23
1753503394191,04:16:34.191,AAVE/USDT:USDT,297.37,13.38,297.36,4.76,297.38,0.02,297.39,4.23
1753503394291,04:16:34.291,AAVE/USDT:USDT,297.37,13.8,297.36,4.34,297.38,0.02,297.39,4.23
1753503394391,04:16:34.391,AAVE/USDT:USDT,297.37,13.8,297.36,3.43,297.38,0.02,297.39,4.23
1753503394491,04:16:34.491,AAVE/USDT:USDT,297.37,13.8,297.36,3.43,297.38,0.02,297.39,4.23
1753503394591,04:16:34.591,AAVE/USDT:USDT,297.37,13.8,297.36,3.43,297.38,0.02,297.39,4.23
1753503394691,04:16:34.691,AAVE/USDT:USDT,297.37,13.8,297.36,2.32,297.38,0.02,297.39,4.23
1753503394791,04:16:34.791,AAVE/USDT:USDT,297.37,13.8,297.36,2.32,297.38,0.02,297.39,4.23
1753503394891,04:16:34.891,AAVE/USDT:USDT,297.37,13.01,297.36,1.21,297.38,0.02,297.39,4.23
1753503394991,04:16:34.991,AAVE/USDT:USDT,297.37,13.01,297.36,2.29,297.38,0.02,297.39,4.23
1753503395191,04:16:35.191,AAVE/USDT:USDT,297.37,9.42,297.36,1.21,297.38,0.02,297.39,4.23
1753503395292,04:16:35.292,AAVE/USDT:USDT,297.37,9.42,297.36,1.21,297.38,0.02,297.39,4.23
1753503395391,04:16:35.391,AAVE/USDT:USDT,297.37,9.42,297.36,1.21,297.38,0.02,297.39,4.23
1753503395491,04:16:35.491,AAVE/USDT:USDT,297.37,9.42,297.36,1.21,297.38,0.02,297.39,4.23
1753503395591,04:16:35.591,AAVE/USDT:USDT,297.37,9.41,297.36,1.21,297.38,0.02,297.39,4.23
1753503395691,04:16:35.691,AAVE/USDT:USDT,297.37,9.41,297.36,1.21,297.38,0.02,297.39,4.23
1753503395791,04:16:35.791,AAVE/USDT:USDT,297.37,9.41,297.36,1.21,297.38,0.02,297.39,4.23
1753503395891,04:16:35.891,AAVE/USDT:USDT,297.37,9.41,297.36,1.21,297.38,0.02,297.39,4.23
1753503395991,04:16:35.991,AAVE/USDT:USDT,297.37,9.41,297.36,1.21,297.38,0.02,297.39,4.23
1753503396091,04:16:36.091,AAVE/USDT:USDT,297.37,9.41,297.36,1.21,297.38,0.02,297.39,4.23
1753503396191,04:16:36.191,AAVE/USDT:USDT,297.37,5.88,297.36,1.21,297.38,0.02,297.39,4.23
1753503396291,04:16:36.291,AAVE/USDT:USDT,297.37,5.88,297.36,1.21,297.38,0.02,297.39,4.23
1753503396391,04:16:36.391,AAVE/USDT:USDT,297.37,5.88,297.36,1.21,297.38,0.02,297.39,4.23
1753503396591,04:16:36.591,AAVE/USDT:USDT,297.37,5.88,297.36,1.21,297.38,0.02,297.39,4.23
1753503396690,04:16:36.690,AAVE/USDT:USDT,297.37,5.88,297.36,2.29,297.38,0.02,297.39,4.23
1753503396791,04:16:36.791,AAVE/USDT:USDT,297.37,5.88,297.36,2.29,297.38,0.02,297.39,0.04
1753503396891,04:16:36.891,AAVE/USDT:USDT,297.37,5.88,297.35,6.59,297.38,0.02,297.39,0.04
1753503396991,04:16:36.991,AAVE/USDT:USDT,297.37,3.91,297.35,6.59,297.38,0.02,297.39,0.04
1753503397091,04:16:37.091,AAVE/USDT:USDT,297.37,3.91,297.35,6.59,297.38,0.02,297.39,0.04
1753503397191,04:16:37.191,AAVE/USDT:USDT,297.37,3.91,297.35,6.59,297.38,0.02,297.39,0.04
1753503397291,04:16:37.291,AAVE/USDT:USDT,297.37,3.91,297.35,6.59,297.38,0.02,297.39,0.04
1753503397391,04:16:37.391,AAVE/USDT:USDT,297.37,3.91,297.35,6.59,297.38,0.02,297.39,0.04
1753503397491,04:16:37.491,AAVE/USDT:USDT,297.37,3.91,297.35,6.59,297.38,0.02,297.39,0.04
1753503397592,04:16:37.592,AAVE/USDT:USDT,297.37,3.91,297.36,1.08,297.38,0.02,297.39,0.04
1753503397691,04:16:37.691,AAVE/USDT:USDT,297.37,3.91,297.36,1.08,297.38,0.02,297.39,0.04
1753503397792,04:16:37.792,AAVE/USDT:USDT,297.37,3.91,297.36,1.08,297.38,0.02,297.39,0.04
1753503397891,04:16:37.891,AAVE/USDT:USDT,297.37,3.91,297.36,1.08,297.38,0.02,297.39,0.04
1753503397991,04:16:37.991,AAVE/USDT:USDT,297.37,3.91,297.36,1.08,297.38,0.02,297.39,0.04
1753503398091,04:16:38.091,AAVE/USDT:USDT,297.37,3.91,297.36,1.08,297.38,0.02,297.39,0.04
1753503398191,04:16:38.191,AAVE/USDT:USDT,297.37,3.91,297.36,1.08,297.38,0.02,297.39,0.04
1753503398292,04:16:38.292,AAVE/USDT:USDT,297.37,3.91,297.36,1.08,297.38,0.02,297.39,0.04
1753503398391,04:16:38.391,AAVE/USDT:USDT,297.37,3.91,297.36,1.08,297.38,0.02,297.39,0.04
1753503398491,04:16:38.491,AAVE/USDT:USDT,297.37,3.91,297.36,1.08,297.38,0.02,297.39,0.04
1753503398791,04:16:38.791,AAVE/USDT:USDT,297.37,3.91,297.36,1.08,297.38,0.02,297.39,0.04
1753503398891,04:16:38.891,AAVE/USDT:USDT,297.37,3.91,297.36,1.08,297.38,0.02,297.39,0.04
1753503399091,04:16:39.091,AAVE/USDT:USDT,297.37,3.91,297.36,1.08,297.38,0.02,297.39,0.04
1753503399191,04:16:39.191,AAVE/USDT:USDT,297.37,3.91,297.36,1.08,297.38,0.02,297.39,0.04
1753503399291,04:16:39.291,AAVE/USDT:USDT,297.37,3.91,297.36,1.08,297.38,0.02,297.39,0.04
1753503399391,04:16:39.391,AAVE/USDT:USDT,297.37,3.91,297.36,1.08,297.38,0.02,297.39,0.04
1753503399491,04:16:39.491,AAVE/USDT:USDT,297.37,3.91,297.35,6.82,297.38,0.02,297.39,0.04
1753503399591,04:16:39.591,AAVE/USDT:USDT,297.37,3.91,297.35,6.82,297.38,0.02,297.39,0.04
1753503399793,04:16:39.793,AAVE/USDT:USDT,297.37,3.91,297.35,6.82,297.38,0.02,297.39,0.04
1753503399891,04:16:39.891,AAVE/USDT:USDT,297.37,3.91,297.35,6.82,297.38,0.02,297.39,0.04
1753503399991,04:16:39.991,AAVE/USDT:USDT,297.37,3.91,297.35,6.82,297.38,0.02,297.39,0.04
1753503400191,04:16:40.191,AAVE/USDT:USDT,297.37,3.91,297.35,6.82,297.38,0.02,297.39,0.04
1753503400291,04:16:40.291,AAVE/USDT:USDT,297.37,3.91,297.35,6.82,297.38,0.02,297.39,0.04
1753503400390,04:16:40.390,AAVE/USDT:USDT,297.37,3.91,297.35,6.82,297.38,0.02,297.39,0.04
1753503400491,04:16:40.491,AAVE/USDT:USDT,297.37,3.91,297.35,6.82,297.38,0.02,297.39,0.04
1753503400591,04:16:40.591,AAVE/USDT:USDT,297.37,2.1,297.35,6.59,297.38,0.02,297.39,0.42
1753503400691,04:16:40.691,AAVE/USDT:USDT,297.37,2.1,297.35,6.59,297.38,0.02,297.39,0.42
1753503400791,04:16:40.791,AAVE/USDT:USDT,297.37,2.1,297.36,0.23,297.38,0.02,297.39,0.04
1753503400891,04:16:40.891,AAVE/USDT:USDT,297.37,2.1,297.36,0.23,297.38,0.02,297.39,0.04
1753503400991,04:16:40.991,AAVE/USDT:USDT,297.37,2.1,297.36,0.23,297.38,0.02,297.39,0.04
1753503401090,04:16:41.090,AAVE/USDT:USDT,297.37,2.1,297.36,0.23,297.38,0.02,297.39,0.04
1753503401191,04:16:41.191,AAVE/USDT:USDT,297.37,2.1,297.36,0.23,297.38,0.02,297.39,0.04
1753503401290,04:16:41.290,AAVE/USDT:USDT,297.37,2.1,297.36,0.23,297.38,0.02,297.39,0.04
1753503401391,04:16:41.391,AAVE/USDT:USDT,297.37,3.18,297.36,1.31,297.38,0.02,297.39,0.04
1753503401490,04:16:41.490,AAVE/USDT:USDT,297.37,3.18,297.36,1.31,297.38,0.02,297.39,0.04
1753503401591,04:16:41.591,AAVE/USDT:USDT,297.37,3.18,297.36,1.31,297.38,0.02,297.39,0.04
1753503401691,04:16:41.691,AAVE/USDT:USDT,297.37,3.18,297.36,1.31,297.38,0.02,297.39,0.04
1753503401891,04:16:41.891,AAVE/USDT:USDT,297.37,3.18,297.36,1.31,297.38,0.02,297.39,0.04
1753503401991,04:16:41.991,AAVE/USDT:USDT,297.37,3.18,297.36,1.31,297.38,0.02,297.39,0.04
1753503402091,04:16:42.091,AAVE/USDT:USDT,297.37,3.18,297.36,1.31,297.38,0.02,297.39,0.04
1753503402191,04:16:42.191,AAVE/USDT:USDT,297.37,3.18,297.36,1.31,297.38,0.02,297.39,0.04
1753503402291,04:16:42.291,AAVE/USDT:USDT,297.37,3.18,297.36,1.31,297.38,0.02,297.39,0.04
1753503402391,04:16:42.391,AAVE/USDT:USDT,297.37,3.57,297.36,0.23,297.38,0.02,297.39,0.04
1753503402491,04:16:42.491,AAVE/USDT:USDT,297.37,4.65,297.36,1.31,297.38,0.02,297.39,0.04
1753503402691,04:16:42.691,AAVE/USDT:USDT,297.37,4.65,297.36,1.31,297.38,0.02,297.39,0.04
1753503402792,04:16:42.792,AAVE/USDT:USDT,297.37,4.65,297.36,1.31,297.38,0.02,297.39,0.04
1753503402891,04:16:42.891,AAVE/USDT:USDT,297.37,4.65,297.36,1.31,297.38,0.02,297.39,0.04
1753503402991,04:16:42.991,AAVE/USDT:USDT,297.37,3.57,297.36,0.23,297.38,0.02,297.39,0.04
1753503403091,04:16:43.091,AAVE/USDT:USDT,297.37,3.47,297.36,0.23,297.38,0.02,297.39,0.04
1753503403191,04:16:43.191,AAVE/USDT:USDT,297.37,4.25,297.36,0.23,297.38,0.02,297.39,0.04
1753503403291,04:16:43.291,AAVE/USDT:USDT,297.37,1.34,297.35,6.82,297.38,0.44,297.39,0.04
1753503403392,04:16:43.392,AAVE/USDT:USDT,297.37,1.34,297.35,4.35,297.38,0.44,297.39,0.34
1753503403491,04:16:43.491,AAVE/USDT:USDT,297.37,1.34,297.35,0.27,297.38,6.56,297.39,1.38
1753503403591,04:16:43.591,AAVE/USDT:USDT,297.37,1.34,297.35,0.27,297.38,6.56,297.39,1.38
1753503403690,04:16:43.690,AAVE/USDT:USDT,297.37,1.34,297.35,0.27,297.38,6.56,297.39,1.38
1753503403791,04:16:43.791,AAVE/USDT:USDT,297.37,1.34,297.35,0.27,297.38,5.48,297.39,0.3
1753503403891,04:16:43.891,AAVE/USDT:USDT,297.37,1.34,297.35,0.27,297.38,5.48,297.39,0.3
1753503403992,04:16:43.992,AAVE/USDT:USDT,297.32,0.02,297.31,0.06,297.33,0.95,297.34,1.38
1753503404091,04:16:44.091,AAVE/USDT:USDT,297.32,0.02,297.31,0.06,297.33,7.78,297.34,2.46
1753503404191,04:16:44.191,AAVE/USDT:USDT,297.3,0.04,297.29,0.05,297.31,8.26,297.32,8.15
1753503404292,04:16:44.292,AAVE/USDT:USDT,297.3,0.04,297.29,0.05,297.31,8.26,297.32,8.15
1753503404391,04:16:44.391,AAVE/USDT:USDT,297.3,0.04,297.29,0.05,297.31,7.2,297.32,6.71
1753503404491,04:16:44.491,AAVE/USDT:USDT,297.3,0.04,297.29,0.05,297.31,7.2,297.32,6.71
1753503404591,04:16:44.591,AAVE/USDT:USDT,297.3,0.04,297.29,0.05,297.31,7.2,297.32,6.71
1753503404691,04:16:44.691,AAVE/USDT:USDT,297.3,0.04,297.29,0.05,297.31,7.2,297.32,5.95
1753503404791,04:16:44.791,AAVE/USDT:USDT,297.3,0.02,297.29,0.05,297.31,7.2,297.32,5.95
1753503404890,04:16:44.890,AAVE/USDT:USDT,297.3,0.02,297.29,0.05,297.31,7.2,297.32,5.95
1753503404991,04:16:44.991,AAVE/USDT:USDT,297.3,0.02,297.29,0.05,297.31,7.2,297.32,5.95
1753503405091,04:16:45.091,AAVE/USDT:USDT,297.3,0.02,297.29,0.05,297.31,7.2,297.32,5.95
1753503405191,04:16:45.191,AAVE/USDT:USDT,297.3,0.02,297.29,0.05,297.31,7.12,297.32,5.95
1753503405291,04:16:45.291,AAVE/USDT:USDT,297.3,0.02,297.29,0.05,297.31,7.12,297.32,5.95
1753503405391,04:16:45.391,AAVE/USDT:USDT,297.3,0.02,297.29,0.05,297.31,7.12,297.32,5.95
1753503405492,04:16:45.492,AAVE/USDT:USDT,297.3,0.02,297.29,0.05,297.31,16.14,297.32,11.22
1753503405591,04:16:45.591,AAVE/USDT:USDT,297.3,0.02,297.29,0.05,297.31,16.14,297.32,11.22
1753503405691,04:16:45.691,AAVE/USDT:USDT,297.3,0.02,297.29,0.05,297.31,16.14,297.32,11.22
1753503405791,04:16:45.791,AAVE/USDT:USDT,297.3,0.02,297.29,0.05,297.31,15.08,297.32,10.16
1753503405891,04:16:45.891,AAVE/USDT:USDT,297.3,0.02,297.29,0.05,297.31,15.08,297.32,10.16
1753503405991,04:16:45.991,AAVE/USDT:USDT,297.3,0.02,297.29,0.05,297.31,15.08,297.32,10.16
1753503406091,04:16:46.091,AAVE/USDT:USDT,297.3,0.02,297.29,0.05,297.31,15.08,297.32,10.16
1753503406191,04:16:46.191,AAVE/USDT:USDT,297.3,0.02,297.29,0.05,297.31,16.14,297.32,11.22
1753503406291,04:16:46.291,AAVE/USDT:USDT,297.3,0.02,297.29,0.05,297.31,16.14,297.32,11.22
1753503406391,04:16:46.391,AAVE/USDT:USDT,297.3,0.02,297.29,0.05,297.31,16.14,297.32,11.22
1753503406491,04:16:46.491,AAVE/USDT:USDT,297.3,0.02,297.29,0.05,297.31,16.14,297.32,11.22
1753503406591,04:16:46.591,AAVE/USDT:USDT,297.3,0.02,297.29,0.05,297.31,16.14,297.32,11.22
1753503406691,04:16:46.691,AAVE/USDT:USDT,297.24,0.69,297.23,1.98,297.25,5.49,297.26,5.41
1753503406791,04:16:46.791,AAVE/USDT:USDT,297.24,2.96,297.23,1.72,297.25,3.52,297.26,4.99
1753503406891,04:16:46.891,AAVE/USDT:USDT,297.24,0.69,297.23,1.72,297.25,3.52,297.26,4.99
1753503406991,04:16:46.991,AAVE/USDT:USDT,297.24,0.69,297.23,1.72,297.25,3.52,297.26,4.99
1753503407091,04:16:47.091,AAVE/USDT:USDT,297.24,0.69,297.23,1.72,297.25,3.52,297.26,4.99
1753503407191,04:16:47.191,AAVE/USDT:USDT,297.24,0.69,297.23,1.72,297.25,3.52,297.26,4.99
1753503407292,04:16:47.292,AAVE/USDT:USDT,297.26,4.02,297.25,7.69,297.27,0.02,297.28,3.4
1753503407391,04:16:47.391,AAVE/USDT:USDT,297.27,0.95,297.26,4.24,297.29,0.55,297.3,6.61
1753503407491,04:16:47.491,AAVE/USDT:USDT,297.27,0.42,297.26,1.66,297.29,0.55,297.3,6.61
1753503407591,04:16:47.591,AAVE/USDT:USDT,297.28,3.82,297.27,4.57,297.29,0.55,297.3,4.28
1753503407692,04:16:47.692,AAVE/USDT:USDT,297.28,5.36,297.27,5.81,297.29,0.55,297.3,2.22
1753503407792,04:16:47.792,AAVE/USDT:USDT,297.28,3.25,297.27,4.57,297.29,0.55,297.3,2.22
1753503407891,04:16:47.891,AAVE/USDT:USDT,297.28,3.25,297.27,4.57,297.29,0.55,297.3,2.22
1753503407991,04:16:47.991,AAVE/USDT:USDT,297.28,3.25,297.27,4.57,297.29,0.55,297.3,2.22
1753503408091,04:16:48.091,AAVE/USDT:USDT,297.28,0.67,297.27,0.42,297.29,2.51,297.3,2.22
1753503408191,04:16:48.191,AAVE/USDT:USDT,297.28,0.42,297.27,1.09,297.29,2.51,297.3,2.22
1753503408291,04:16:48.291,AAVE/USDT:USDT,297.28,0.42,297.27,0.42,297.29,2.51,297.3,2.22
1753503408391,04:16:48.391,AAVE/USDT:USDT,297.27,1.09,297.26,1.66,297.29,2.51,297.3,2.22
1753503408491,04:16:48.491,AAVE/USDT:USDT,297.27,1.09,297.26,1.66,297.29,2.51,297.3,2.22
1753503408591,04:16:48.591,AAVE/USDT:USDT,297.27,1.09,297.26,1.66,297.29,2.51,297.3,2.22
1753503408692,04:16:48.692,AAVE/USDT:USDT,297.27,1.09,297.26,1.66,297.29,2.51,297.3,2.22
1753503408791,04:16:48.791,AAVE/USDT:USDT,297.28,2.58,297.27,1.09,297.29,1.49,297.3,2.22
1753503408891,04:16:48.891,AAVE/USDT:USDT,297.28,2.58,297.27,1.09,297.29,1.49,297.3,2.22
1753503408991,04:16:48.991,AAVE/USDT:USDT,297.28,2.58,297.27,1.09,297.29,0.55,297.3,2.22
1753503409091,04:16:49.091,AAVE/USDT:USDT,297.28,2.58,297.27,1.09,297.29,0.55,297.3,2.22
1753503409191,04:16:49.191,AAVE/USDT:USDT,297.28,2.58,297.27,1.09,297.29,0.55,297.3,2.22
1753503409291,04:16:49.291,AAVE/USDT:USDT,297.28,2.58,297.27,1.09,297.29,0.55,297.3,2.22
1753503409391,04:16:49.391,AAVE/USDT:USDT,297.28,2.58,297.27,1.09,297.29,0.55,297.3,2.22
1753503409491,04:16:49.491,AAVE/USDT:USDT,297.28,2.58,297.27,1.09,297.29,0.55,297.3,2.22
1753503409592,04:16:49.592,AAVE/USDT:USDT,297.28,2.58,297.27,1.09,297.29,0.97,297.3,2.22
1753503409692,04:16:49.692,AAVE/USDT:USDT,297.27,1.09,297.26,1.66,297.28,1.1,297.29,2.9
1753503409791,04:16:49.791,AAVE/USDT:USDT,297.27,1.09,297.26,1.66,297.28,1.1,297.29,2.9
1753503409891,04:16:49.891,AAVE/USDT:USDT,297.25,1.06,297.24,4.77,297.27,1.36,297.28,3.85
1753503409991,04:16:49.991,AAVE/USDT:USDT,297.25,1.02,297.24,2.01,297.26,0.55,297.27,0.94
1753503410091,04:16:50.091,AAVE/USDT:USDT,297.25,0.42,297.24,2.68,297.26,0.79,297.27,0.94
1753503410191,04:16:50.191,AAVE/USDT:USDT,297.25,0.42,297.24,2.68,297.26,0.79,297.27,0.94
1753503410291,04:16:50.291,AAVE/USDT:USDT,297.25,0.42,297.24,2.68,297.26,0.79,297.27,0.94
1753503410391,04:16:50.391,AAVE/USDT:USDT,297.25,0.42,297.24,2.68,297.26,0.55,297.27,0.94
1753503410490,04:16:50.490,AAVE/USDT:USDT,297.25,0.42,297.24,2.68,297.26,0.55,297.27,0.94
1753503410592,04:16:50.592,AAVE/USDT:USDT,297.25,0.42,297.24,1.66,297.26,0.55,297.27,0.94
1753503410691,04:16:50.691,AAVE/USDT:USDT,297.25,0.42,297.24,1.66,297.26,0.55,297.27,0.94
1753503410791,04:16:50.791,AAVE/USDT:USDT,297.25,0.42,297.24,1.66,297.26,0.55,297.27,0.94
1753503410891,04:16:50.891,AAVE/USDT:USDT,297.24,1.66,297.23,1.98,297.26,1.4,297.27,4.08
1753503410991,04:16:50.991,AAVE/USDT:USDT,297.24,1.66,297.23,1.94,297.26,0.85,297.27,4.08
1753503411091,04:16:51.091,AAVE/USDT:USDT,297.24,0.69,297.23,1.94,297.26,0.94,297.27,4.08
1753503411191,04:16:51.191,AAVE/USDT:USDT,297.24,0.69,297.23,1.94,297.26,0.94,297.27,4.08
1753503411291,04:16:51.291,AAVE/USDT:USDT,297.24,0.69,297.23,1.94,297.26,0.94,297.27,4.08
1753503411391,04:16:51.391,AAVE/USDT:USDT,297.24,0.69,297.23,1.94,297.26,0.94,297.27,4.08
1753503411491,04:16:51.491,AAVE/USDT:USDT,297.24,0.69,297.23,1.94,297.26,0.94,297.27,4.08
1753503411590,04:16:51.590,AAVE/USDT:USDT,297.24,0.69,297.23,1.94,297.26,0.94,297.27,4.08
1753503411691,04:16:51.691,AAVE/USDT:USDT,297.24,0.69,297.23,1.94,297.26,0.94,297.27,4.08
1753503411794,04:16:51.794,AAVE/USDT:USDT,297.24,0.69,297.23,1.94,297.26,0.94,297.27,4.08
1753503412091,04:16:52.091,AAVE/USDT:USDT,297.24,0.69,297.23,1.94,297.26,0.94,297.27,4.17
1753503412191,04:16:52.191,AAVE/USDT:USDT,297.24,0.69,297.23,1.94,297.26,0.94,297.27,4.17
1753503412291,04:16:52.291,AAVE/USDT:USDT,297.24,0.69,297.23,1.94,297.26,0.94,297.27,4.17
1753503412391,04:16:52.391,AAVE/USDT:USDT,297.24,0.69,297.23,1.94,297.26,0.94,297.27,4.17
1753503412591,04:16:52.591,AAVE/USDT:USDT,297.24,0.69,297.23,1.94,297.26,0.94,297.27,4.08
1753503412691,04:16:52.691,AAVE/USDT:USDT,297.24,0.69,297.23,1.94,297.26,0.94,297.27,4.08
1753503412791,04:16:52.791,AAVE/USDT:USDT,297.24,0.69,297.23,1.94,297.26,0.94,297.27,4.08
1753503412991,04:16:52.991,AAVE/USDT:USDT,297.24,0.69,297.23,1.94,297.26,0.94,297.27,4.08
1753503413091,04:16:53.091,AAVE/USDT:USDT,297.24,0.69,297.23,1.94,297.26,0.94,297.27,4.08
1753503413191,04:16:53.191,AAVE/USDT:USDT,297.24,0.69,297.23,1.94,297.26,0.94,297.27,4.08
1753503413291,04:16:53.291,AAVE/USDT:USDT,297.24,0.69,297.23,1.94,297.26,0.94,297.27,4.08
1753503413390,04:16:53.390,AAVE/USDT:USDT,297.24,0.69,297.23,1.94,297.26,0.94,297.27,4.08
1753503413492,04:16:53.492,AAVE/USDT:USDT,297.24,0.69,297.23,1.94,297.26,0.94,297.27,4.08
1753503413591,04:16:53.591,AAVE/USDT:USDT,297.24,0.69,297.23,1.94,297.26,0.94,297.27,4.08
1753503413691,04:16:53.691,AAVE/USDT:USDT,297.3,3.04,297.29,0.94,297.37,21.1,297.38,18.5
1753503413792,04:16:53.792,AAVE/USDT:USDT,297.35,1.0,297.34,2.42,297.36,1.17,297.37,4.22
1753503413891,04:16:53.891,AAVE/USDT:USDT,297.33,1.14,297.31,5.45,297.34,0.95,297.35,7.05
1753503413991,04:16:53.991,AAVE/USDT:USDT,297.33,1.14,297.31,5.45,297.34,0.95,297.35,6.35
1753503414098,04:16:54.098,AAVE/USDT:USDT,297.33,1.14,297.31,0.84,297.34,0.95,297.35,6.35
1753503414191,04:16:54.191,AAVE/USDT:USDT,297.33,1.14,297.31,0.84,297.34,0.95,297.35,6.35
1753503414291,04:16:54.291,AAVE/USDT:USDT,297.34,0.42,297.33,0.42,297.35,9.03,297.36,5.57
1753503414391,04:16:54.391,AAVE/USDT:USDT,297.34,0.42,297.33,0.42,297.35,9.03,297.36,5.38
1753503414491,04:16:54.491,AAVE/USDT:USDT,297.33,0.42,297.32,0.42,297.34,0.95,297.35,6.13
1753503414591,04:16:54.591,AAVE/USDT:USDT,297.33,0.42,297.32,0.42,297.34,0.95,297.35,6.13
1753503414691,04:16:54.691,AAVE/USDT:USDT,297.33,0.42,297.32,0.42,297.34,0.95,297.35,10.15
1753503414791,04:16:54.791,AAVE/USDT:USDT,297.33,0.42,297.32,0.42,297.34,3.53,297.35,10.15
1753503414891,04:16:54.891,AAVE/USDT:USDT,297.33,0.42,297.32,0.42,297.34,3.53,297.35,10.15
1753503414991,04:16:54.991,AAVE/USDT:USDT,297.33,0.42,297.32,0.42,297.34,3.53,297.35,10.15
1753503415092,04:16:55.092,AAVE/USDT:USDT,297.33,0.42,297.32,0.42,297.34,3.53,297.35,10.15
1753503415191,04:16:55.191,AAVE/USDT:USDT,297.33,0.42,297.32,0.42,297.34,3.53,297.35,10.15
1753503415291,04:16:55.291,AAVE/USDT:USDT,297.33,0.42,297.32,0.42,297.34,3.53,297.35,8.14
1753503415391,04:16:55.391,AAVE/USDT:USDT,297.33,0.42,297.32,0.42,297.34,3.53,297.35,8.14
1753503415491,04:16:55.491,AAVE/USDT:USDT,297.33,0.42,297.32,0.42,297.34,3.53,297.35,8.14
1753503415591,04:16:55.591,AAVE/USDT:USDT,297.33,0.42,297.32,0.42,297.34,3.53,297.35,8.14
1753503415691,04:16:55.691,AAVE/USDT:USDT,297.33,0.42,297.32,0.42,297.34,3.53,297.35,6.13
1753503415791,04:16:55.791,AAVE/USDT:USDT,297.33,0.42,297.32,0.42,297.34,3.53,297.35,6.13
1753503415890,04:16:55.890,AAVE/USDT:USDT,297.33,0.42,297.32,0.42,297.34,3.53,297.35,6.13
1753503415991,04:16:55.991,AAVE/USDT:USDT,297.33,0.42,297.32,0.42,297.34,3.53,297.35,6.13
1753503416091,04:16:56.091,AAVE/USDT:USDT,297.33,0.42,297.32,0.42,297.34,3.53,297.35,6.13
1753503416191,04:16:56.191,AAVE/USDT:USDT,297.33,0.42,297.32,0.42,297.34,3.53,297.35,6.13
1753503416292,04:16:56.292,AAVE/USDT:USDT,297.33,0.42,297.32,0.42,297.34,0.95,297.35,6.13
1753503416391,04:16:56.391,AAVE/USDT:USDT,297.33,0.42,297.32,0.42,297.35,6.13,297.36,7.92
1753503416491,04:16:56.491,AAVE/USDT:USDT,297.33,0.42,297.32,0.42,297.35,4.63,297.36,5.38
1753503416591,04:16:56.591,AAVE/USDT:USDT,297.33,0.42,297.32,0.42,297.34,0.7,297.35,4.63
1753503416691,04:16:56.691,AAVE/USDT:USDT,297.34,0.49,297.33,1.69,297.35,0.55,297.36,4.12
1753503416791,04:16:56.791,AAVE/USDT:USDT,297.34,0.42,297.33,1.69,297.35,0.55,297.36,4.12
1753503416891,04:16:56.891,AAVE/USDT:USDT,297.34,0.42,297.33,1.69,297.35,0.55,297.36,4.12
1753503416991,04:16:56.991,AAVE/USDT:USDT,297.33,0.42,297.32,1.04,297.35,4.75,297.36,8.51
1753503417090,04:16:57.090,AAVE/USDT:USDT,297.33,0.42,297.32,0.04,297.34,0.62,297.35,4.75
1753503417191,04:16:57.191,AAVE/USDT:USDT,297.33,0.42,297.32,0.04,297.34,0.62,297.35,4.75
1753503417291,04:16:57.291,AAVE/USDT:USDT,297.33,0.42,297.32,0.04,297.35,4.75,297.36,13.13
1753503417390,04:16:57.390,AAVE/USDT:USDT,297.33,0.42,297.32,0.04,297.35,4.75,297.36,8.51
1753503417491,04:16:57.491,AAVE/USDT:USDT,297.34,0.42,297.33,0.98,297.35,0.55,297.36,4.08
1753503417591,04:16:57.591,AAVE/USDT:USDT,297.34,0.95,297.33,0.98,297.35,0.55,297.37,4.48
1753503417691,04:16:57.691,AAVE/USDT:USDT,297.34,0.95,297.33,0.98,297.35,0.55,297.37,4.48
1753503417791,04:16:57.791,AAVE/USDT:USDT,297.34,0.95,297.33,0.98,297.35,0.55,297.37,4.48
1753503417891,04:16:57.891,AAVE/USDT:USDT,297.34,0.95,297.33,0.98,297.35,0.55,297.37,4.48
1753503417991,04:16:57.991,AAVE/USDT:USDT,297.34,1.31,297.33,2.7,297.35,0.55,297.37,4.48
1753503418091,04:16:58.091,AAVE/USDT:USDT,297.34,1.31,297.33,2.7,297.35,0.55,297.37,4.48
1753503418191,04:16:58.191,AAVE/USDT:USDT,297.34,1.31,297.33,2.7,297.35,0.55,297.37,4.48
1753503418291,04:16:58.291,AAVE/USDT:USDT,297.34,1.31,297.33,2.7,297.35,0.55,297.37,4.48
1753503418391,04:16:58.391,AAVE/USDT:USDT,297.34,1.31,297.33,2.7,297.35,0.55,297.37,4.48
1753503418491,04:16:58.491,AAVE/USDT:USDT,297.34,1.31,297.33,2.7,297.35,0.55,297.37,4.48
1753503418591,04:16:58.591,AAVE/USDT:USDT,297.34,1.31,297.33,2.7,297.35,0.55,297.37,4.48
1753503418690,04:16:58.690,AAVE/USDT:USDT,297.34,1.31,297.33,2.7,297.35,0.55,297.37,4.48
1753503418792,04:16:58.792,AAVE/USDT:USDT,297.34,1.43,297.33,2.7,297.35,0.55,297.37,4.48
1753503418891,04:16:58.891,AAVE/USDT:USDT,297.34,1.43,297.33,2.7,297.35,0.55,297.37,4.48
1753503418991,04:16:58.991,AAVE/USDT:USDT,297.34,0.79,297.33,0.98,297.35,0.55,297.37,4.48
1753503419091,04:16:59.091,AAVE/USDT:USDT,297.34,0.79,297.33,0.98,297.35,0.55,297.37,4.48
1753503419191,04:16:59.191,AAVE/USDT:USDT,297.34,0.79,297.33,0.98,297.35,0.55,297.37,4.48
1753503419291,04:16:59.291,AAVE/USDT:USDT,297.34,0.79,297.33,0.98,297.35,0.55,297.37,4.48
1753503419390,04:16:59.390,AAVE/USDT:USDT,297.34,0.79,297.33,0.98,297.35,0.55,297.37,4.48
1753503419490,04:16:59.490,AAVE/USDT:USDT,297.34,0.79,297.33,0.98,297.35,0.55,297.37,4.48
1753503419591,04:16:59.591,AAVE/USDT:USDT,297.34,0.79,297.33,0.98,297.35,0.55,297.37,4.48
1753503419691,04:16:59.691,AAVE/USDT:USDT,297.34,0.79,297.33,0.98,297.35,0.55,297.37,4.48
1753503419793,04:16:59.793,AAVE/USDT:USDT,297.34,0.79,297.33,0.42,297.35,3.13,297.37,6.56
1753503419890,04:16:59.890,AAVE/USDT:USDT,297.34,0.79,297.33,0.42,297.35,3.13,297.37,4.55
1753503419991,04:16:59.991,AAVE/USDT:USDT,297.34,0.79,297.33,0.42,297.35,3.13,297.37,4.48
1753503420091,04:17:00.091,AAVE/USDT:USDT,297.34,0.79,297.33,0.42,297.35,0.55,297.37,4.48
1753503420191,04:17:00.191,AAVE/USDT:USDT,297.34,3.86,297.33,9.06,297.35,0.55,297.37,0.4
1753503420292,04:17:00.292,AAVE/USDT:USDT,297.34,3.86,297.33,9.06,297.35,0.55,297.37,0.4
1753503420391,04:17:00.391,AAVE/USDT:USDT,297.34,3.86,297.33,9.06,297.35,0.55,297.37,0.4
1753503420491,04:17:00.491,AAVE/USDT:USDT,297.34,3.86,297.33,9.06,297.35,0.55,297.37,0.28
1753503420591,04:17:00.591,AAVE/USDT:USDT,297.34,3.86,297.33,9.06,297.35,0.33,297.37,0.28
1753503420691,04:17:00.691,AAVE/USDT:USDT,297.36,2.35,297.35,1.65,297.37,0.02,297.38,0.61
1753503420791,04:17:00.791,AAVE/USDT:USDT,297.36,2.35,297.35,1.65,297.37,0.02,297.38,0.61
1753503420891,04:17:00.891,AAVE/USDT:USDT,297.36,2.35,297.35,1.65,297.37,0.02,297.38,0.61
1753503420991,04:17:00.991,AAVE/USDT:USDT,297.36,2.71,297.35,1.65,297.37,0.02,297.38,0.61
1753503421091,04:17:01.091,AAVE/USDT:USDT,297.36,2.71,297.35,1.65,297.37,0.02,297.38,0.61
1753503421192,04:17:01.192,AAVE/USDT:USDT,297.37,0.42,297.36,1.99,297.38,0.48,297.39,1.84
1753503421290,04:17:01.290,AAVE/USDT:USDT,297.37,0.42,297.36,1.99,297.38,0.48,297.39,1.84
1753503421391,04:17:01.391,AAVE/USDT:USDT,297.37,0.42,297.36,1.99,297.38,0.48,297.39,1.84
1753503421491,04:17:01.491,AAVE/USDT:USDT,297.37,0.42,297.36,1.99,297.38,0.48,297.39,1.84
1753503421591,04:17:01.591,AAVE/USDT:USDT,297.37,0.42,297.36,1.99,297.38,0.48,297.39,1.84
1753503421691,04:17:01.691,AAVE/USDT:USDT,297.37,0.42,297.36,1.99,297.38,0.48,297.39,1.84
1753503421793,04:17:01.793,AAVE/USDT:USDT,297.37,0.42,297.36,1.99,297.38,0.48,297.39,1.84
1753503421891,04:17:01.891,AAVE/USDT:USDT,297.37,0.42,297.36,1.99,297.38,0.48,297.39,1.84
1753503421991,04:17:01.991,AAVE/USDT:USDT,297.37,0.42,297.36,1.63,297.38,0.48,297.39,1.84
1753503422091,04:17:02.091,AAVE/USDT:USDT,297.37,0.78,297.36,2.01,297.38,0.48,297.39,1.77
1753503422191,04:17:02.191,AAVE/USDT:USDT,297.37,1.1,297.36,2.01,297.38,0.48,297.39,1.77
1753503422292,04:17:02.292,AAVE/USDT:USDT,297.37,0.78,297.36,2.01,297.38,0.48,297.39,1.77
1753503422391,04:17:02.391,AAVE/USDT:USDT,297.37,0.78,297.36,2.01,297.38,0.48,297.4,4.4
1753503422490,04:17:02.490,AAVE/USDT:USDT,297.37,0.78,297.36,2.01,297.38,0.48,297.4,4.4
1753503422691,04:17:02.691,AAVE/USDT:USDT,297.37,0.78,297.36,2.01,297.38,0.48,297.4,4.4
1753503422791,04:17:02.791,AAVE/USDT:USDT,297.37,3.21,297.36,7.67,297.38,0.48,297.4,4.4
1753503422890,04:17:02.890,AAVE/USDT:USDT,297.37,3.21,297.36,7.67,297.38,0.48,297.4,4.4
1753503422992,04:17:02.992,AAVE/USDT:USDT,297.37,3.21,297.36,7.67,297.38,0.48,297.4,4.4
1753503423090,04:17:03.090,AAVE/USDT:USDT,297.37,3.21,297.36,7.67,297.38,0.48,297.4,4.42
1753503423192,04:17:03.192,AAVE/USDT:USDT,297.37,0.78,297.36,2.01,297.38,0.48,297.4,4.42
1753503423292,04:17:03.292,AAVE/USDT:USDT,297.37,0.78,297.36,2.01,297.38,0.48,297.4,4.42
1753503423391,04:17:03.391,AAVE/USDT:USDT,297.37,0.78,297.36,2.01,297.38,0.48,297.4,4.42
1753503423491,04:17:03.491,AAVE/USDT:USDT,297.37,0.88,297.36,2.01,297.38,0.48,297.4,4.42
1753503423591,04:17:03.591,AAVE/USDT:USDT,297.37,0.88,297.36,2.01,297.38,0.48,297.4,4.42
1753503423691,04:17:03.691,AAVE/USDT:USDT,297.37,0.88,297.36,0.8,297.38,0.48,297.4,4.42
1753503423891,04:17:03.891,AAVE/USDT:USDT,297.37,0.88,297.36,0.8,297.38,1.42,297.4,4.42
1753503423991,04:17:03.991,AAVE/USDT:USDT,297.37,0.88,297.36,0.8,297.38,1.42,297.4,4.42
1753503424091,04:17:04.091,AAVE/USDT:USDT,297.37,0.89,297.36,0.8,297.38,1.42,297.39,4.08
1753503424191,04:17:04.191,AAVE/USDT:USDT,297.37,0.89,297.36,0.8,297.38,1.42,297.39,4.08
1753503424291,04:17:04.291,AAVE/USDT:USDT,297.37,0.89,297.36,0.8,297.38,1.42,297.39,4.08
1753503424391,04:17:04.391,AAVE/USDT:USDT,297.37,0.7,297.36,0.8,297.38,1.42,297.39,4.08
1753503424491,04:17:04.491,AAVE/USDT:USDT,297.37,0.7,297.36,0.8,297.38,1.42,297.39,4.08
1753503424591,04:17:04.591,AAVE/USDT:USDT,297.37,0.7,297.36,0.8,297.38,1.42,297.39,4.08
1753503424691,04:17:04.691,AAVE/USDT:USDT,297.37,0.7,297.36,0.8,297.38,1.42,297.39,4.08
1753503424791,04:17:04.791,AAVE/USDT:USDT,297.37,0.7,297.36,0.8,297.38,1.42,297.39,4.08
1753503424891,04:17:04.891,AAVE/USDT:USDT,297.37,0.7,297.36,0.8,297.38,1.42,297.39,4.08
1753503424990,04:17:04.990,AAVE/USDT:USDT,297.37,0.7,297.36,0.8,297.38,1.42,297.39,4.08
1753503425090,04:17:05.090,AAVE/USDT:USDT,297.37,0.7,297.36,0.8,297.38,1.42,297.39,4.08
1753503425191,04:17:05.191,AAVE/USDT:USDT,297.37,0.7,297.36,0.8,297.38,1.42,297.39,4.08
