timestamp,time,symbol,bid1_price,bid1_volume,bid2_price,bid2_volume,ask1_price,ask1_volume,ask2_price,ask2_volume
1753503305074,04:15:05.074,ACH/USDT:USDT,0.022397,1610.0,0.022396,1590.0,0.022398,310.0,0.022402,18880.0
1753503305176,04:15:05.176,ACH/USDT:USDT,0.022397,1610.0,0.022396,1590.0,0.022398,310.0,0.022402,18880.0
1753503306675,04:15:06.675,ACH/USDT:USDT,0.022397,1610.0,0.022396,1590.0,0.022398,310.0,0.022402,18880.0
1753503307375,04:15:07.375,ACH/USDT:USDT,0.022397,1610.0,0.022396,1590.0,0.022398,620.0,0.022402,18880.0
1753503307475,04:15:07.475,ACH/USDT:USDT,0.022397,1610.0,0.022396,1590.0,0.022398,620.0,0.022402,18880.0
1753503308676,04:15:08.676,ACH/USDT:USDT,0.022397,1610.0,0.022396,1590.0,0.022398,720.0,0.022402,18880.0
1753503309875,04:15:09.875,ACH/USDT:USDT,0.022397,1610.0,0.022396,1590.0,0.022398,720.0,0.022402,18880.0
1753503309975,04:15:09.975,ACH/USDT:USDT,0.022397,1610.0,0.022396,1590.0,0.022398,720.0,0.022402,19490.0
1753503311474,04:15:11.474,ACH/USDT:USDT,0.022396,1590.0,0.022394,2530.0,0.022397,1630.0,0.022398,720.0
1753503311576,04:15:11.576,ACH/USDT:USDT,0.022396,230.0,0.022394,2530.0,0.022397,1630.0,0.022398,720.0
1753503312075,04:15:12.075,ACH/USDT:USDT,0.022396,7780.0,0.022394,2530.0,0.022397,1630.0,0.022398,720.0
1753503312175,04:15:12.175,ACH/USDT:USDT,0.022396,7780.0,0.022394,2530.0,0.022397,1630.0,0.022398,720.0
1753503312575,04:15:12.575,ACH/USDT:USDT,0.022396,7780.0,0.022394,2530.0,0.022397,1630.0,0.022398,720.0
1753503312674,04:15:12.674,ACH/USDT:USDT,0.022396,7780.0,0.022394,2530.0,0.022397,1630.0,0.022398,720.0
1753503313075,04:15:13.075,ACH/USDT:USDT,0.022396,7780.0,0.022394,2530.0,0.022397,1630.0,0.022398,720.0
1753503313175,04:15:13.175,ACH/USDT:USDT,0.022396,7780.0,0.022394,2530.0,0.022397,1630.0,0.022398,720.0
1753503313474,04:15:13.474,ACH/USDT:USDT,0.022396,7780.0,0.022394,2530.0,0.022397,1630.0,0.022398,720.0
1753503313575,04:15:13.575,ACH/USDT:USDT,0.022396,7780.0,0.022394,2530.0,0.022397,1630.0,0.022398,720.0
1753503313677,04:15:13.677,ACH/USDT:USDT,0.022396,7780.0,0.022394,2530.0,0.022397,1630.0,0.022398,720.0
1753503313775,04:15:13.775,ACH/USDT:USDT,0.022396,7780.0,0.022394,2530.0,0.022397,1630.0,0.022398,720.0
1753503313873,04:15:13.873,ACH/USDT:USDT,0.022396,7780.0,0.022394,2530.0,0.022397,1630.0,0.022398,720.0
1753503314274,04:15:14.274,ACH/USDT:USDT,0.022396,7780.0,0.022394,2530.0,0.022397,1630.0,0.022398,720.0
1753503314677,04:15:14.677,ACH/USDT:USDT,0.022396,7780.0,0.022394,2530.0,0.022397,1630.0,0.022398,720.0
1753503315474,04:15:15.474,ACH/USDT:USDT,0.022396,7780.0,0.022394,2530.0,0.022397,1630.0,0.022398,720.0
1753503315573,04:15:15.573,ACH/USDT:USDT,0.022396,7780.0,0.022394,2530.0,0.022397,1630.0,0.022398,720.0
1753503315676,04:15:15.676,ACH/USDT:USDT,0.022396,7780.0,0.022394,2530.0,0.022397,1630.0,0.022398,720.0
1753503315874,04:15:15.874,ACH/USDT:USDT,0.022396,7780.0,0.022394,2530.0,0.022397,1630.0,0.022398,720.0
1753503315973,04:15:15.973,ACH/USDT:USDT,0.022396,7780.0,0.022394,2530.0,0.022397,1630.0,0.022398,720.0
1753503316075,04:15:16.075,ACH/USDT:USDT,0.022396,7780.0,0.022394,2530.0,0.022397,1630.0,0.022398,720.0
1753503316374,04:15:16.374,ACH/USDT:USDT,0.022396,7780.0,0.022394,2530.0,0.022397,1630.0,0.022398,720.0
1753503316474,04:15:16.474,ACH/USDT:USDT,0.022396,7780.0,0.022394,2530.0,0.022397,1630.0,0.022398,720.0
1753503317075,04:15:17.075,ACH/USDT:USDT,0.022397,1610.0,0.022396,230.0,0.022398,720.0,0.022402,18880.0
1753503317176,04:15:17.176,ACH/USDT:USDT,0.022397,1610.0,0.022396,230.0,0.022398,720.0,0.022401,1370.0
1753503317275,04:15:17.275,ACH/USDT:USDT,0.022397,1610.0,0.022396,230.0,0.022398,720.0,0.022401,1370.0
1753503317475,04:15:17.475,ACH/USDT:USDT,0.022397,1610.0,0.022396,230.0,0.022398,720.0,0.022401,1370.0
1753503318076,04:15:18.076,ACH/USDT:USDT,0.022397,1610.0,0.022396,230.0,0.022398,720.0,0.022401,1370.0
1753503319075,04:15:19.075,ACH/USDT:USDT,0.022397,1610.0,0.022396,230.0,0.022398,2400.0,0.022401,1370.0
1753503319475,04:15:19.475,ACH/USDT:USDT,0.022397,1610.0,0.022396,230.0,0.022398,2400.0,0.022401,1370.0
1753503319575,04:15:19.575,ACH/USDT:USDT,0.022397,1610.0,0.022396,230.0,0.022398,2400.0,0.022401,1370.0
1753503319674,04:15:19.674,ACH/USDT:USDT,0.022397,1610.0,0.022396,230.0,0.022398,2400.0,0.022401,1370.0
1753503320675,04:15:20.675,ACH/USDT:USDT,0.022397,1610.0,0.022396,230.0,0.022398,2400.0,0.022401,1370.0
1753503320774,04:15:20.774,ACH/USDT:USDT,0.022397,3030.0,0.022396,230.0,0.022398,2400.0,0.022402,18880.0
1753503320874,04:15:20.874,ACH/USDT:USDT,0.022397,3730.0,0.022396,230.0,0.022398,2400.0,0.022402,18880.0
1753503320973,04:15:20.973,ACH/USDT:USDT,0.022397,3730.0,0.022396,230.0,0.022398,2400.0,0.022402,18880.0
1753503321074,04:15:21.074,ACH/USDT:USDT,0.022397,3730.0,0.022396,230.0,0.022398,2400.0,0.022402,18880.0
1753503321176,04:15:21.176,ACH/USDT:USDT,0.022397,7350.0,0.022396,230.0,0.022398,2400.0,0.022402,18880.0
1753503321274,04:15:21.274,ACH/USDT:USDT,0.022397,10970.0,0.022396,230.0,0.022398,2400.0,0.022402,18880.0
1753503321374,04:15:21.374,ACH/USDT:USDT,0.022397,10970.0,0.022396,230.0,0.022398,2400.0,0.022402,18880.0
1753503321474,04:15:21.474,ACH/USDT:USDT,0.022397,10970.0,0.022396,230.0,0.022398,2400.0,0.022402,18880.0
1753503321575,04:15:21.575,ACH/USDT:USDT,0.022397,10970.0,0.022396,230.0,0.022398,2400.0,0.022402,18880.0
1753503321681,04:15:21.681,ACH/USDT:USDT,0.022397,2620.0,0.022396,230.0,0.022398,2400.0,0.022401,2350.0
1753503321975,04:15:21.975,ACH/USDT:USDT,0.022397,2620.0,0.022396,230.0,0.022398,2400.0,0.022401,2350.0
1753503322075,04:15:22.075,ACH/USDT:USDT,0.022397,2620.0,0.022396,230.0,0.022398,2400.0,0.022401,2350.0
1753503322273,04:15:22.273,ACH/USDT:USDT,0.022397,4850.0,0.022396,230.0,0.022398,2400.0,0.022401,1550.0
1753503322375,04:15:22.375,ACH/USDT:USDT,0.022397,2620.0,0.022396,230.0,0.022398,2400.0,0.022401,1550.0
1753503322476,04:15:22.476,ACH/USDT:USDT,0.022397,2620.0,0.022396,230.0,0.022398,2400.0,0.022401,1550.0
1753503322575,04:15:22.575,ACH/USDT:USDT,0.022397,2620.0,0.022396,230.0,0.022398,2400.0,0.022401,1550.0
1753503322774,04:15:22.774,ACH/USDT:USDT,0.022397,2620.0,0.022396,230.0,0.022398,2400.0,0.022401,1550.0
1753503322975,04:15:22.975,ACH/USDT:USDT,0.022397,2620.0,0.022396,230.0,0.022398,2400.0,0.022401,1550.0
1753503323075,04:15:23.075,ACH/USDT:USDT,0.022397,2620.0,0.022396,230.0,0.022398,2400.0,0.022401,1550.0
1753503323476,04:15:23.476,ACH/USDT:USDT,0.022397,2620.0,0.022396,230.0,0.022398,2400.0,0.022401,2610.0
1753503324175,04:15:24.175,ACH/USDT:USDT,0.022397,2620.0,0.022396,230.0,0.022398,2400.0,0.022401,2610.0
1753503324275,04:15:24.275,ACH/USDT:USDT,0.022397,1870.0,0.022396,230.0,0.022398,2400.0,0.022401,2610.0
1753503324575,04:15:24.575,ACH/USDT:USDT,0.022397,1870.0,0.022396,230.0,0.022398,2400.0,0.022401,2610.0
1753503324676,04:15:24.676,ACH/USDT:USDT,0.022397,1870.0,0.022396,230.0,0.022398,2400.0,0.022402,18880.0
1753503324775,04:15:24.775,ACH/USDT:USDT,0.022397,1870.0,0.022396,230.0,0.022398,2400.0,0.022401,2630.0
1753503324874,04:15:24.874,ACH/USDT:USDT,0.022397,7220.0,0.022396,230.0,0.022398,2400.0,0.022402,18880.0
1753503324974,04:15:24.974,ACH/USDT:USDT,0.022397,7220.0,0.022396,230.0,0.022398,2400.0,0.022402,18880.0
1753503325073,04:15:25.073,ACH/USDT:USDT,0.022397,7220.0,0.022396,230.0,0.022398,2400.0,0.022402,18880.0
1753503325174,04:15:25.174,ACH/USDT:USDT,0.022397,7220.0,0.022396,230.0,0.022398,2400.0,0.022401,1480.0
1753503325374,04:15:25.374,ACH/USDT:USDT,0.022397,7220.0,0.022396,230.0,0.022398,2400.0,0.022402,18880.0
1753503325475,04:15:25.475,ACH/USDT:USDT,0.022397,7220.0,0.022396,230.0,0.022398,2400.0,0.022402,18880.0
1753503325574,04:15:25.574,ACH/USDT:USDT,0.022397,7220.0,0.022396,230.0,0.022398,2400.0,0.022401,1480.0
1753503325680,04:15:25.680,ACH/USDT:USDT,0.022397,7220.0,0.022396,230.0,0.022398,2400.0,0.022402,18880.0
1753503325975,04:15:25.975,ACH/USDT:USDT,0.022397,7220.0,0.022396,230.0,0.022398,2400.0,0.022402,18880.0
1753503328374,04:15:28.374,ACH/USDT:USDT,0.022397,7220.0,0.022396,230.0,0.022398,2400.0,0.022402,18880.0
1753503328475,04:15:28.475,ACH/USDT:USDT,0.022397,7220.0,0.022396,230.0,0.022398,2400.0,0.022401,1480.0
1753503328575,04:15:28.575,ACH/USDT:USDT,0.022397,7220.0,0.022396,230.0,0.022398,2400.0,0.022402,18880.0
1753503329075,04:15:29.075,ACH/USDT:USDT,0.022397,7220.0,0.022396,230.0,0.022398,2400.0,0.022402,18880.0
1753503330075,04:15:30.075,ACH/USDT:USDT,0.022397,17210.0,0.022396,230.0,0.022398,2400.0,0.022402,18880.0
1753503330175,04:15:30.175,ACH/USDT:USDT,0.022397,3010.0,0.022396,230.0,0.022398,2400.0,0.022401,1480.0
1753503330276,04:15:30.276,ACH/USDT:USDT,0.022397,5940.0,0.022396,230.0,0.022398,2400.0,0.022401,1480.0
1753503330375,04:15:30.375,ACH/USDT:USDT,0.022397,5940.0,0.022396,230.0,0.022398,2400.0,0.022402,18880.0
1753503330773,04:15:30.773,ACH/USDT:USDT,0.022397,5940.0,0.022396,230.0,0.022398,2400.0,0.022402,18880.0
1753503330975,04:15:30.975,ACH/USDT:USDT,0.022397,5940.0,0.022396,230.0,0.022398,2400.0,0.022402,18880.0
1753503331075,04:15:31.075,ACH/USDT:USDT,0.022397,5940.0,0.022396,230.0,0.022398,2400.0,0.022401,1480.0
1753503331173,04:15:31.173,ACH/USDT:USDT,0.022397,5940.0,0.022396,230.0,0.022398,2400.0,0.022402,18880.0
1753503331275,04:15:31.275,ACH/USDT:USDT,0.022397,5940.0,0.022396,230.0,0.022398,2400.0,0.022402,18880.0
1753503331874,04:15:31.874,ACH/USDT:USDT,0.022397,5940.0,0.022396,230.0,0.022398,2400.0,0.022402,18880.0
1753503332073,04:15:32.073,ACH/USDT:USDT,0.022397,5940.0,0.022396,230.0,0.022398,2400.0,0.022401,1480.0
1753503332375,04:15:32.375,ACH/USDT:USDT,0.022397,5940.0,0.022396,230.0,0.022398,2400.0,0.022402,18880.0
1753503333574,04:15:33.574,ACH/USDT:USDT,0.022397,5940.0,0.022396,230.0,0.022398,2400.0,0.022401,1480.0
1753503333875,04:15:33.875,ACH/USDT:USDT,0.022397,5940.0,0.022396,230.0,0.022398,2400.0,0.022401,1480.0
1753503333975,04:15:33.975,ACH/USDT:USDT,0.022397,5940.0,0.022396,230.0,0.022398,2400.0,0.022401,1480.0
1753503334075,04:15:34.075,ACH/USDT:USDT,0.022397,5940.0,0.022396,230.0,0.022398,2400.0,0.022401,1480.0
1753503334274,04:15:34.274,ACH/USDT:USDT,0.022397,5940.0,0.022396,230.0,0.022398,2400.0,0.022402,18880.0
1753503335075,04:15:35.075,ACH/USDT:USDT,0.022397,5940.0,0.022396,230.0,0.022398,2400.0,0.022403,60170.0
1753503335273,04:15:35.273,ACH/USDT:USDT,0.022397,4100.0,0.022396,230.0,0.022398,2400.0,0.022402,22420.0
1753503335678,04:15:35.678,ACH/USDT:USDT,0.022397,4360.0,0.022396,230.0,0.022398,2400.0,0.022402,22420.0
1753503336173,04:15:36.173,ACH/USDT:USDT,0.022397,5000.0,0.022396,230.0,0.022398,2400.0,0.022402,22420.0
1753503336775,04:15:36.775,ACH/USDT:USDT,0.022397,5000.0,0.022396,230.0,0.022398,2400.0,0.022402,18050.0
1753503337475,04:15:37.475,ACH/USDT:USDT,0.022397,5000.0,0.022396,230.0,0.022398,2400.0,0.022402,18050.0
1753503338677,04:15:38.677,ACH/USDT:USDT,0.022397,5000.0,0.022396,230.0,0.022398,2400.0,0.022402,18050.0
1753503338774,04:15:38.774,ACH/USDT:USDT,0.022397,5000.0,0.022396,230.0,0.022398,2400.0,0.022402,18050.0
1753503340589,04:15:40.589,ACH/USDT:USDT,0.022397,5000.0,0.022396,230.0,0.022398,2400.0,0.022402,18050.0
1753503341374,04:15:41.374,ACH/USDT:USDT,0.022397,10170.0,0.022396,230.0,0.022398,2400.0,0.022402,18050.0
1753503341473,04:15:41.473,ACH/USDT:USDT,0.022397,14170.0,0.022396,230.0,0.022398,2400.0,0.022402,18050.0
1753503341575,04:15:41.575,ACH/USDT:USDT,0.022397,14170.0,0.022396,230.0,0.022398,2400.0,0.022402,18050.0
1753503341677,04:15:41.677,ACH/USDT:USDT,0.022397,14170.0,0.022396,230.0,0.022398,2400.0,0.022404,2220.0
1753503341773,04:15:41.773,ACH/USDT:USDT,0.022397,14170.0,0.022396,230.0,0.022398,2400.0,0.022401,36100.0
1753503341976,04:15:41.976,ACH/USDT:USDT,0.022397,14170.0,0.022396,230.0,0.022398,2400.0,0.022401,36100.0
1753503342073,04:15:42.073,ACH/USDT:USDT,0.022397,14590.0,0.022396,230.0,0.022398,2400.0,0.022401,28600.0
1753503342175,04:15:42.175,ACH/USDT:USDT,0.022397,10310.0,0.022396,230.0,0.022398,2400.0,0.022402,120340.0
1753503342275,04:15:42.275,ACH/USDT:USDT,0.022397,11460.0,0.022396,230.0,0.022398,2400.0,0.022402,120340.0
1753503342375,04:15:42.375,ACH/USDT:USDT,0.022397,11460.0,0.022396,230.0,0.022398,2400.0,0.022402,120340.0
1753503342474,04:15:42.474,ACH/USDT:USDT,0.022397,11460.0,0.022396,230.0,0.022398,2400.0,0.022402,120340.0
1753503343474,04:15:43.474,ACH/USDT:USDT,0.022397,11460.0,0.022396,230.0,0.022398,2400.0,0.022401,26900.0
1753503343573,04:15:43.573,ACH/USDT:USDT,0.022397,11460.0,0.022396,230.0,0.022398,2400.0,0.022402,120340.0
1753503343773,04:15:43.773,ACH/USDT:USDT,0.022397,11460.0,0.022396,230.0,0.022398,2400.0,0.022401,29810.0
1753503343873,04:15:43.873,ACH/USDT:USDT,0.022397,11460.0,0.022396,230.0,0.022398,2400.0,0.022401,29810.0
1753503344075,04:15:44.075,ACH/USDT:USDT,0.022397,11460.0,0.022396,230.0,0.022398,2400.0,0.022401,29810.0
1753503344476,04:15:44.476,ACH/USDT:USDT,0.022397,11460.0,0.022396,230.0,0.022398,2400.0,0.022401,29810.0
1753503344574,04:15:44.574,ACH/USDT:USDT,0.022397,11820.0,0.022396,230.0,0.022398,2400.0,0.022402,120340.0
1753503345475,04:15:45.475,ACH/USDT:USDT,0.022397,9140.0,0.022396,230.0,0.022398,2400.0,0.022401,26950.0
1753503345575,04:15:45.575,ACH/USDT:USDT,0.022397,9740.0,0.022396,230.0,0.022398,2400.0,0.022401,26950.0
1753503345975,04:15:45.975,ACH/USDT:USDT,0.022397,9740.0,0.022396,230.0,0.022398,2400.0,0.022401,26950.0
1753503346177,04:15:46.177,ACH/USDT:USDT,0.022397,8170.0,0.022396,230.0,0.022398,2400.0,0.022401,26950.0
1753503346275,04:15:46.275,ACH/USDT:USDT,0.022397,8170.0,0.022396,230.0,0.022398,2400.0,0.022402,120340.0
1753503346475,04:15:46.475,ACH/USDT:USDT,0.022397,8170.0,0.022396,230.0,0.022398,2400.0,0.022402,120340.0
1753503346875,04:15:46.875,ACH/USDT:USDT,0.022397,8170.0,0.022396,230.0,0.022398,2400.0,0.022402,120340.0
1753503347574,04:15:47.574,ACH/USDT:USDT,0.022397,8170.0,0.022396,230.0,0.022398,2400.0,0.022402,120340.0
1753503347874,04:15:47.874,ACH/USDT:USDT,0.022397,6750.0,0.022396,230.0,0.022398,2400.0,0.0224,1370.0
1753503347976,04:15:47.976,ACH/USDT:USDT,0.022397,2230.0,0.022396,230.0,0.022398,2400.0,0.0224,1370.0
1753503348075,04:15:48.075,ACH/USDT:USDT,0.022397,1970.0,0.022396,230.0,0.022398,2400.0,0.0224,1370.0
1753503348174,04:15:48.174,ACH/USDT:USDT,0.022397,1970.0,0.022396,230.0,0.022398,2400.0,0.0224,1370.0
1753503348274,04:15:48.274,ACH/USDT:USDT,0.022397,1970.0,0.022396,230.0,0.022398,2400.0,0.0224,1370.0
1753503348375,04:15:48.375,ACH/USDT:USDT,0.022397,1970.0,0.022396,230.0,0.022398,2400.0,0.0224,1370.0
1753503348675,04:15:48.675,ACH/USDT:USDT,0.022397,1970.0,0.022396,230.0,0.022398,2400.0,0.0224,1370.0
1753503348775,04:15:48.775,ACH/USDT:USDT,0.022397,1970.0,0.022396,230.0,0.022398,2400.0,0.0224,1370.0
1753503348975,04:15:48.975,ACH/USDT:USDT,0.022397,1970.0,0.022396,230.0,0.022398,2400.0,0.022401,27430.0
1753503349074,04:15:49.074,ACH/USDT:USDT,0.022397,3370.0,0.022396,230.0,0.022398,2400.0,0.022401,27430.0
1753503349175,04:15:49.175,ACH/USDT:USDT,0.022397,6300.0,0.022396,230.0,0.022398,2400.0,0.022401,27430.0
1753503349275,04:15:49.275,ACH/USDT:USDT,0.022397,6300.0,0.022396,230.0,0.022398,2400.0,0.022401,27430.0
1753503349573,04:15:49.573,ACH/USDT:USDT,0.022397,6300.0,0.022396,230.0,0.022398,2400.0,0.022401,27430.0
1753503349976,04:15:49.976,ACH/USDT:USDT,0.022397,6300.0,0.022396,230.0,0.022398,2400.0,0.022401,27430.0
1753503350075,04:15:50.075,ACH/USDT:USDT,0.022397,2230.0,0.022396,230.0,0.022398,2400.0,0.022401,27430.0
1753503350175,04:15:50.175,ACH/USDT:USDT,0.022397,1970.0,0.022396,230.0,0.022398,2400.0,0.022401,27430.0
1753503350275,04:15:50.275,ACH/USDT:USDT,0.022397,1970.0,0.022396,230.0,0.022398,2400.0,0.022401,27430.0
1753503350373,04:15:50.373,ACH/USDT:USDT,0.022397,1970.0,0.022396,230.0,0.022398,2400.0,0.022401,27430.0
1753503350473,04:15:50.473,ACH/USDT:USDT,0.022397,1970.0,0.022396,230.0,0.022398,2400.0,0.022401,27430.0
1753503350575,04:15:50.575,ACH/USDT:USDT,0.022397,1970.0,0.022396,230.0,0.022398,2400.0,0.022401,27430.0
1753503350675,04:15:50.675,ACH/USDT:USDT,0.022397,3620.0,0.022396,230.0,0.022398,2400.0,0.022401,27430.0
1753503351175,04:15:51.175,ACH/USDT:USDT,0.022397,1970.0,0.022396,230.0,0.022398,2400.0,0.022401,27430.0
1753503351473,04:15:51.473,ACH/USDT:USDT,0.022397,4130.0,0.022396,230.0,0.022398,2400.0,0.022401,27430.0
1753503351576,04:15:51.576,ACH/USDT:USDT,0.022397,1970.0,0.022396,230.0,0.022398,2400.0,0.022401,27430.0
1753503351975,04:15:51.975,ACH/USDT:USDT,0.022397,1970.0,0.022396,230.0,0.022398,2400.0,0.022401,27430.0
1753503352075,04:15:52.075,ACH/USDT:USDT,0.022397,1970.0,0.022396,230.0,0.022398,2400.0,0.022401,27430.0
1753503352574,04:15:52.574,ACH/USDT:USDT,0.022397,1970.0,0.022396,230.0,0.022398,2400.0,0.022401,27430.0
1753503352674,04:15:52.674,ACH/USDT:USDT,0.022397,2750.0,0.022396,230.0,0.022398,2400.0,0.022401,27430.0
1753503352775,04:15:52.775,ACH/USDT:USDT,0.022397,1970.0,0.022396,230.0,0.022398,3760.0,0.022401,27430.0
1753503352873,04:15:52.873,ACH/USDT:USDT,0.022397,1970.0,0.022396,230.0,0.022398,2400.0,0.022401,27430.0
1753503353075,04:15:53.075,ACH/USDT:USDT,0.022397,1970.0,0.022396,230.0,0.022398,2400.0,0.022401,27430.0
1753503353175,04:15:53.175,ACH/USDT:USDT,0.022397,1970.0,0.022396,230.0,0.022398,2400.0,0.022401,27430.0
1753503353278,04:15:53.278,ACH/USDT:USDT,0.022397,1970.0,0.022396,230.0,0.022398,2400.0,0.022401,27430.0
1753503353373,04:15:53.373,ACH/USDT:USDT,0.022397,1970.0,0.022396,230.0,0.022398,2400.0,0.022401,27430.0
1753503354273,04:15:54.273,ACH/USDT:USDT,0.022397,1970.0,0.022396,230.0,0.022398,2400.0,0.022401,27430.0
1753503354376,04:15:54.376,ACH/USDT:USDT,0.022397,1970.0,0.022396,230.0,0.022398,2400.0,0.022401,27430.0
1753503354676,04:15:54.676,ACH/USDT:USDT,0.022397,1970.0,0.022396,230.0,0.022398,2400.0,0.022401,27430.0
1753503355775,04:15:55.775,ACH/USDT:USDT,0.022397,1970.0,0.022396,230.0,0.022398,2400.0,0.022401,27430.0
1753503355874,04:15:55.874,ACH/USDT:USDT,0.022397,1970.0,0.022396,230.0,0.022398,3820.0,0.022401,27430.0
1753503355975,04:15:55.975,ACH/USDT:USDT,0.022397,1970.0,0.022396,230.0,0.022398,3820.0,0.022401,27430.0
1753503356075,04:15:56.075,ACH/USDT:USDT,0.022397,1970.0,0.022396,230.0,0.022398,4280.0,0.022401,27430.0
1753503356177,04:15:56.177,ACH/USDT:USDT,0.022397,1970.0,0.022396,230.0,0.022398,4280.0,0.022401,27430.0
1753503356374,04:15:56.374,ACH/USDT:USDT,0.022396,230.0,0.022394,1170.0,0.022397,4680.0,0.022398,4280.0
1753503356475,04:15:56.475,ACH/USDT:USDT,0.022396,230.0,0.022394,1170.0,0.022397,6360.0,0.022398,2600.0
1753503356575,04:15:56.575,ACH/USDT:USDT,0.022396,230.0,0.022394,1170.0,0.022397,6360.0,0.022398,2600.0
1753503356776,04:15:56.776,ACH/USDT:USDT,0.022396,230.0,0.022394,1170.0,0.022397,6360.0,0.022398,2600.0
1753503356974,04:15:56.974,ACH/USDT:USDT,0.022396,230.0,0.022394,1170.0,0.022397,6360.0,0.022398,2600.0
1753503357074,04:15:57.074,ACH/USDT:USDT,0.022394,1170.0,0.022392,3270.0,0.022395,1680.0,0.022397,1880.0
1753503357177,04:15:57.177,ACH/USDT:USDT,0.022394,1170.0,0.022392,3270.0,0.022395,1680.0,0.022397,1880.0
1753503357274,04:15:57.274,ACH/USDT:USDT,0.022394,1170.0,0.022392,3270.0,0.022395,1680.0,0.022397,1880.0
1753503357474,04:15:57.474,ACH/USDT:USDT,0.022394,2750.0,0.022392,3270.0,0.022395,1680.0,0.022397,1880.0
1753503357875,04:15:57.875,ACH/USDT:USDT,0.022394,2750.0,0.022392,3270.0,0.022395,1680.0,0.022397,1880.0
1753503358074,04:15:58.074,ACH/USDT:USDT,0.022392,1900.0,0.022388,1370.0,0.022393,4730.0,0.022395,1420.0
1753503358174,04:15:58.174,ACH/USDT:USDT,0.022392,1900.0,0.022388,1370.0,0.022393,3770.0,0.022395,1420.0
1753503358275,04:15:58.275,ACH/USDT:USDT,0.022392,1900.0,0.022388,1370.0,0.022393,3770.0,0.022395,1420.0
1753503358375,04:15:58.375,ACH/USDT:USDT,0.022392,1900.0,0.022388,1370.0,0.022393,3770.0,0.022395,1420.0
1753503358975,04:15:58.975,ACH/USDT:USDT,0.022392,1900.0,0.022388,1370.0,0.022393,3770.0,0.022395,1420.0
1753503359175,04:15:59.175,ACH/USDT:USDT,0.022392,1900.0,0.022388,1370.0,0.022393,3770.0,0.022395,1420.0
1753503359276,04:15:59.276,ACH/USDT:USDT,0.022392,1900.0,0.022388,1370.0,0.022393,3770.0,0.022395,1420.0
1753503359575,04:15:59.575,ACH/USDT:USDT,0.022392,1900.0,0.022388,1370.0,0.022393,3770.0,0.022395,1420.0
1753503360074,04:16:00.074,ACH/USDT:USDT,0.022392,1900.0,0.022388,1370.0,0.022393,3770.0,0.022395,1420.0
1753503360173,04:16:00.173,ACH/USDT:USDT,0.022392,1900.0,0.022388,1370.0,0.022393,3770.0,0.022395,1420.0
1753503360274,04:16:00.274,ACH/USDT:USDT,0.022392,1900.0,0.022388,1370.0,0.022393,3770.0,0.022395,1420.0
1753503360374,04:16:00.374,ACH/USDT:USDT,0.022392,1900.0,0.022388,1370.0,0.022393,3770.0,0.022395,1420.0
1753503360775,04:16:00.775,ACH/USDT:USDT,0.022392,1900.0,0.022388,1370.0,0.022393,3770.0,0.022395,1420.0
1753503361273,04:16:01.273,ACH/USDT:USDT,0.022392,1900.0,0.022388,1370.0,0.022393,3770.0,0.022395,1420.0
1753503361375,04:16:01.375,ACH/USDT:USDT,0.022386,1380.0,0.022385,1610.0,0.02239,6950.0,0.022391,1380.0
1753503361475,04:16:01.475,ACH/USDT:USDT,0.022386,1640.0,0.022385,1610.0,0.02239,6950.0,0.022391,1380.0
1753503361575,04:16:01.575,ACH/USDT:USDT,0.022386,2160.0,0.022385,1610.0,0.02239,6950.0,0.022391,1380.0
1753503361674,04:16:01.674,ACH/USDT:USDT,0.022386,2160.0,0.022385,1610.0,0.02239,6950.0,0.022391,1380.0
1753503361775,04:16:01.775,ACH/USDT:USDT,0.022386,2160.0,0.022385,1610.0,0.02239,6950.0,0.022391,1380.0
1753503361973,04:16:01.973,ACH/USDT:USDT,0.022386,2160.0,0.022385,1610.0,0.02239,6950.0,0.022391,1380.0
1753503362074,04:16:02.074,ACH/USDT:USDT,0.022386,2160.0,0.022385,1610.0,0.02239,6950.0,0.022391,1380.0
1753503362175,04:16:02.175,ACH/USDT:USDT,0.022386,4390.0,0.022385,1610.0,0.02239,7410.0,0.022391,1380.0
1753503362275,04:16:02.275,ACH/USDT:USDT,0.022386,4390.0,0.022385,250.0,0.022388,1680.0,0.02239,460.0
1753503362374,04:16:02.374,ACH/USDT:USDT,0.022386,4390.0,0.022385,250.0,0.022388,1680.0,0.02239,460.0
1753503362474,04:16:02.474,ACH/USDT:USDT,0.022386,4390.0,0.022385,250.0,0.022388,1680.0,0.02239,460.0
1753503362575,04:16:02.575,ACH/USDT:USDT,0.022387,1610.0,0.022386,4390.0,0.022388,1680.0,0.02239,460.0
1753503362675,04:16:02.675,ACH/USDT:USDT,0.022387,1610.0,0.022386,4390.0,0.022388,1680.0,0.02239,460.0
1753503362775,04:16:02.775,ACH/USDT:USDT,0.022387,1610.0,0.022386,4390.0,0.022388,1680.0,0.02239,460.0
1753503362973,04:16:02.973,ACH/USDT:USDT,0.022387,1610.0,0.022386,4390.0,0.022388,1680.0,0.02239,460.0
1753503363075,04:16:03.075,ACH/USDT:USDT,0.022387,1610.0,0.022386,4390.0,0.022388,1680.0,0.02239,460.0
1753503363174,04:16:03.174,ACH/USDT:USDT,0.022387,1610.0,0.022386,4390.0,0.022388,2140.0,0.022391,1380.0
1753503363474,04:16:03.474,ACH/USDT:USDT,0.022387,1610.0,0.022386,4390.0,0.022388,2140.0,0.022391,1380.0
1753503363975,04:16:03.975,ACH/USDT:USDT,0.022387,1610.0,0.022386,4390.0,0.022388,2140.0,0.022391,1380.0
1753503364075,04:16:04.075,ACH/USDT:USDT,0.022387,1610.0,0.022386,4390.0,0.022388,2140.0,0.022391,1380.0
1753503364677,04:16:04.677,ACH/USDT:USDT,0.022387,1610.0,0.022386,4390.0,0.022388,2140.0,0.022392,120340.0
1753503365176,04:16:05.176,ACH/USDT:USDT,0.022387,1610.0,0.022386,4390.0,0.022388,2140.0,0.022392,120340.0
1753503366175,04:16:06.175,ACH/USDT:USDT,0.022387,1610.0,0.022386,4390.0,0.022388,2140.0,0.022392,120340.0
1753503366873,04:16:06.873,ACH/USDT:USDT,0.022387,1610.0,0.022386,4390.0,0.022388,2140.0,0.022392,120340.0
1753503367375,04:16:07.375,ACH/USDT:USDT,0.022387,1610.0,0.022386,4390.0,0.022388,2140.0,0.022392,120340.0
1753503367474,04:16:07.474,ACH/USDT:USDT,0.022387,1610.0,0.022386,4390.0,0.022388,2140.0,0.022392,120340.0
1753503367574,04:16:07.574,ACH/USDT:USDT,0.022387,1610.0,0.022386,4390.0,0.022388,2140.0,0.022392,120340.0
1753503368275,04:16:08.275,ACH/USDT:USDT,0.022387,1610.0,0.022386,4390.0,0.022388,2140.0,0.022392,120340.0
1753503368476,04:16:08.476,ACH/USDT:USDT,0.022387,1610.0,0.022386,1380.0,0.022388,2140.0,0.022392,120370.0
1753503368976,04:16:08.976,ACH/USDT:USDT,0.022387,1610.0,0.022386,1380.0,0.022388,2140.0,0.022392,120370.0
1753503369680,04:16:09.680,ACH/USDT:USDT,0.022387,1610.0,0.022386,1380.0,0.022388,2140.0,0.022392,120370.0
1753503369775,04:16:09.775,ACH/USDT:USDT,0.022387,1610.0,0.022386,1380.0,0.022388,2140.0,0.022392,120370.0
1753503370674,04:16:10.674,ACH/USDT:USDT,0.022387,1610.0,0.022386,1380.0,0.022388,2140.0,0.022392,120370.0
1753503371576,04:16:11.576,ACH/USDT:USDT,0.022387,1610.0,0.022386,1380.0,0.022388,2140.0,0.022392,120370.0
1753503371679,04:16:11.679,ACH/USDT:USDT,0.022387,1610.0,0.022386,1380.0,0.022388,2140.0,0.022392,120370.0
1753503371975,04:16:11.975,ACH/USDT:USDT,0.022387,1610.0,0.022386,1380.0,0.022388,2140.0,0.022392,120370.0
1753503372174,04:16:12.174,ACH/USDT:USDT,0.022387,1610.0,0.022386,1380.0,0.022388,2140.0,0.022392,120370.0
1753503372274,04:16:12.274,ACH/USDT:USDT,0.022387,1610.0,0.022386,1380.0,0.022388,2140.0,0.022392,120370.0
1753503372576,04:16:12.576,ACH/USDT:USDT,0.022387,1610.0,0.022386,1380.0,0.022388,2140.0,0.02239,1380.0
1753503372676,04:16:12.676,ACH/USDT:USDT,0.022385,5060.0,0.022383,1360.0,0.022386,3310.0,0.022388,1840.0
1753503372775,04:16:12.775,ACH/USDT:USDT,0.022385,5060.0,0.022383,1360.0,0.022386,1680.0,0.022388,460.0
1753503372873,04:16:12.873,ACH/USDT:USDT,0.022385,5060.0,0.022383,1360.0,0.022386,1680.0,0.022388,460.0
1753503373076,04:16:13.076,ACH/USDT:USDT,0.022385,5060.0,0.022383,1360.0,0.022386,2140.0,0.02239,120340.0
1753503373176,04:16:13.176,ACH/USDT:USDT,0.022385,5060.0,0.022383,1360.0,0.022386,2140.0,0.02239,120340.0
1753503373375,04:16:13.375,ACH/USDT:USDT,0.022385,5060.0,0.022383,1360.0,0.022386,2140.0,0.02239,120340.0
1753503373474,04:16:13.474,ACH/USDT:USDT,0.022385,5060.0,0.022383,1360.0,0.022386,2140.0,0.02239,120340.0
1753503373677,04:16:13.677,ACH/USDT:USDT,0.022385,5060.0,0.022383,1360.0,0.022386,2140.0,0.02239,120340.0
1753503373774,04:16:13.774,ACH/USDT:USDT,0.022385,5060.0,0.022383,1360.0,0.022386,2140.0,0.02239,120340.0
1753503374275,04:16:14.275,ACH/USDT:USDT,0.022385,7560.0,0.022383,1360.0,0.022386,2140.0,0.02239,120340.0
1753503374775,04:16:14.775,ACH/USDT:USDT,0.022385,5240.0,0.022383,1360.0,0.022386,2140.0,0.02239,120340.0
1753503374873,04:16:14.873,ACH/USDT:USDT,0.022385,5240.0,0.022383,1360.0,0.022386,2140.0,0.02239,120340.0
1753503375074,04:16:15.074,ACH/USDT:USDT,0.022385,5580.0,0.022383,1360.0,0.022386,2140.0,0.02239,120340.0
1753503375176,04:16:15.176,ACH/USDT:USDT,0.022385,5900.0,0.022383,1360.0,0.022386,2140.0,0.02239,120340.0
1753503375275,04:16:15.275,ACH/USDT:USDT,0.022385,5900.0,0.022383,1360.0,0.022386,2140.0,0.02239,120340.0
1753503376676,04:16:16.676,ACH/USDT:USDT,0.022385,5900.0,0.022383,1360.0,0.022386,2140.0,0.02239,120340.0
1753503376774,04:16:16.774,ACH/USDT:USDT,0.022385,5900.0,0.022383,1360.0,0.022386,2140.0,0.02239,120340.0
1753503376876,04:16:16.876,ACH/USDT:USDT,0.022385,5900.0,0.022383,1360.0,0.022386,2140.0,0.02239,120340.0
1753503377075,04:16:17.075,ACH/USDT:USDT,0.022385,5900.0,0.022383,1360.0,0.022386,2140.0,0.02239,120340.0
1753503377174,04:16:17.174,ACH/USDT:USDT,0.022385,5900.0,0.022383,1360.0,0.022386,2140.0,0.02239,120340.0
1753503377574,04:16:17.574,ACH/USDT:USDT,0.022385,5900.0,0.022383,1360.0,0.022386,2140.0,0.02239,120340.0
1753503377680,04:16:17.680,ACH/USDT:USDT,0.022385,5900.0,0.022383,1360.0,0.022386,2140.0,0.02239,120340.0
1753503377775,04:16:17.775,ACH/USDT:USDT,0.022385,5900.0,0.022383,1360.0,0.022386,2140.0,0.02239,120340.0
1753503377874,04:16:17.874,ACH/USDT:USDT,0.022385,5900.0,0.022383,1360.0,0.022386,2140.0,0.02239,120340.0
1753503377973,04:16:17.973,ACH/USDT:USDT,0.022385,5900.0,0.022383,1360.0,0.022386,2140.0,0.02239,120340.0
1753503378074,04:16:18.074,ACH/USDT:USDT,0.022385,5900.0,0.022383,1360.0,0.022386,2140.0,0.02239,120340.0
1753503378176,04:16:18.176,ACH/USDT:USDT,0.022385,5900.0,0.022383,1360.0,0.022386,2140.0,0.02239,120340.0
1753503378274,04:16:18.274,ACH/USDT:USDT,0.022385,5900.0,0.022383,1360.0,0.022386,2140.0,0.02239,120340.0
1753503378675,04:16:18.675,ACH/USDT:USDT,0.022385,5900.0,0.022383,1360.0,0.022386,2140.0,0.02239,120340.0
1753503378876,04:16:18.876,ACH/USDT:USDT,0.022385,5900.0,0.022381,1370.0,0.022386,2140.0,0.022388,1380.0
1753503378975,04:16:18.975,ACH/USDT:USDT,0.022385,5900.0,0.022381,1370.0,0.022386,2140.0,0.022388,1380.0
1753503379076,04:16:19.076,ACH/USDT:USDT,0.022385,3400.0,0.022381,1370.0,0.022386,2140.0,0.022388,1380.0
1753503380176,04:16:20.176,ACH/USDT:USDT,0.022385,3400.0,0.022381,1370.0,0.022386,2140.0,0.022388,1380.0
1753503380674,04:16:20.674,ACH/USDT:USDT,0.022385,3400.0,0.022381,1370.0,0.022386,2140.0,0.022388,1380.0
1753503380876,04:16:20.876,ACH/USDT:USDT,0.022385,3400.0,0.022381,1370.0,0.022386,2140.0,0.022388,1380.0
1753503381275,04:16:21.275,ACH/USDT:USDT,0.022385,3400.0,0.022381,1370.0,0.022386,2140.0,0.022388,1380.0
1753503381676,04:16:21.676,ACH/USDT:USDT,0.022385,3400.0,0.022381,1370.0,0.022386,2140.0,0.022388,1380.0
1753503381875,04:16:21.875,ACH/USDT:USDT,0.022385,3400.0,0.022381,1370.0,0.022386,2140.0,0.022388,1380.0
1753503383273,04:16:23.273,ACH/USDT:USDT,0.022385,3400.0,0.022381,1370.0,0.022386,2140.0,0.022388,1380.0
1753503383974,04:16:23.974,ACH/USDT:USDT,0.022385,3400.0,0.022381,1370.0,0.022386,2140.0,0.02239,120340.0
1753503384476,04:16:24.476,ACH/USDT:USDT,0.022385,250.0,0.022381,1370.0,0.022386,2140.0,0.022388,1380.0
1753503384576,04:16:24.576,ACH/USDT:USDT,0.022385,5290.0,0.022381,1370.0,0.022386,2140.0,0.02239,120340.0
1753503384676,04:16:24.676,ACH/USDT:USDT,0.022385,7520.0,0.022381,1370.0,0.022386,2140.0,0.02239,120340.0
1753503384776,04:16:24.776,ACH/USDT:USDT,0.022385,7520.0,0.022381,1370.0,0.022386,2140.0,0.02239,120340.0
1753503384876,04:16:24.876,ACH/USDT:USDT,0.022385,2740.0,0.022381,1370.0,0.022386,3560.0,0.022388,1380.0
1753503384974,04:16:24.974,ACH/USDT:USDT,0.022385,1030.0,0.022381,1370.0,0.022386,3560.0,0.022388,1380.0
1753503385075,04:16:25.075,ACH/USDT:USDT,0.022385,1030.0,0.022381,1370.0,0.022386,3560.0,0.022388,1380.0
1753503385174,04:16:25.174,ACH/USDT:USDT,0.022385,1030.0,0.022381,1370.0,0.022386,3560.0,0.022388,1380.0
1753503385275,04:16:25.275,ACH/USDT:USDT,0.022385,3260.0,0.022381,1370.0,0.022386,2140.0,0.022388,1380.0
1753503385475,04:16:25.475,ACH/USDT:USDT,0.022385,3260.0,0.022381,1370.0,0.022386,2140.0,0.022388,1380.0
1753503385576,04:16:25.576,ACH/USDT:USDT,0.022385,3260.0,0.022381,1370.0,0.022386,2140.0,0.022388,1380.0
1753503385676,04:16:25.676,ACH/USDT:USDT,0.022385,3260.0,0.022381,1370.0,0.022386,2140.0,0.022388,1380.0
1753503385975,04:16:25.975,ACH/USDT:USDT,0.022385,3260.0,0.022381,1370.0,0.022386,2140.0,0.022388,1380.0
1753503386075,04:16:26.075,ACH/USDT:USDT,0.022385,3260.0,0.022381,1370.0,0.022386,2140.0,0.022388,1380.0
1753503386175,04:16:26.175,ACH/USDT:USDT,0.022385,3260.0,0.022381,1370.0,0.022386,2140.0,0.022388,1380.0
1753503386376,04:16:26.376,ACH/USDT:USDT,0.022385,3260.0,0.022381,1370.0,0.022386,2140.0,0.022388,1380.0
1753503386675,04:16:26.675,ACH/USDT:USDT,0.022385,3260.0,0.022381,1370.0,0.022386,2140.0,0.022388,1380.0
1753503386774,04:16:26.774,ACH/USDT:USDT,0.022385,3260.0,0.022381,1370.0,0.022386,2140.0,0.022388,1380.0
1753503386875,04:16:26.875,ACH/USDT:USDT,0.022385,3260.0,0.022381,1370.0,0.022386,2140.0,0.022388,1380.0
1753503387275,04:16:27.275,ACH/USDT:USDT,0.022385,3260.0,0.022381,1370.0,0.022386,2140.0,0.022388,1380.0
1753503387677,04:16:27.677,ACH/USDT:USDT,0.022385,3260.0,0.022381,1370.0,0.022386,2140.0,0.022388,1380.0
1753503388174,04:16:28.174,ACH/USDT:USDT,0.022385,3260.0,0.022381,1370.0,0.022386,2140.0,0.022388,1380.0
1753503388475,04:16:28.475,ACH/USDT:USDT,0.022385,3260.0,0.022381,1370.0,0.022386,2140.0,0.022388,1380.0
1753503388774,04:16:28.774,ACH/USDT:USDT,0.022385,3260.0,0.022381,1370.0,0.022386,2140.0,0.022388,1380.0
1753503389275,04:16:29.275,ACH/USDT:USDT,0.022385,3260.0,0.022381,1370.0,0.022386,2140.0,0.022388,1380.0
1753503390173,04:16:30.173,ACH/USDT:USDT,0.022385,3260.0,0.022381,1370.0,0.022386,2140.0,0.022388,1380.0
1753503390274,04:16:30.274,ACH/USDT:USDT,0.022385,250.0,0.022381,1370.0,0.022386,2140.0,0.022388,1380.0
1753503390376,04:16:30.376,ACH/USDT:USDT,0.022385,9170.0,0.022381,1370.0,0.022386,2140.0,0.02239,120340.0
1753503390874,04:16:30.874,ACH/USDT:USDT,0.022385,9170.0,0.022381,1370.0,0.022386,2140.0,0.02239,120340.0
1753503391075,04:16:31.075,ACH/USDT:USDT,0.022385,9170.0,0.022381,1370.0,0.022386,2140.0,0.02239,120340.0
1753503391274,04:16:31.274,ACH/USDT:USDT,0.022385,9170.0,0.022381,1370.0,0.022386,2140.0,0.02239,120340.0
1753503391374,04:16:31.374,ACH/USDT:USDT,0.022385,9170.0,0.022381,1370.0,0.022386,2140.0,0.02239,120340.0
1753503391474,04:16:31.474,ACH/USDT:USDT,0.022385,9170.0,0.022381,1370.0,0.022386,2140.0,0.022389,28140.0
1753503391575,04:16:31.575,ACH/USDT:USDT,0.022385,9170.0,0.022381,1370.0,0.022386,2140.0,0.022389,28140.0
1753503391675,04:16:31.675,ACH/USDT:USDT,0.022385,9170.0,0.022381,1370.0,0.022386,2140.0,0.022389,28140.0
1753503391775,04:16:31.775,ACH/USDT:USDT,0.022385,9170.0,0.022381,1370.0,0.022386,2140.0,0.02239,120340.0
1753503391976,04:16:31.976,ACH/USDT:USDT,0.022385,9170.0,0.022381,1370.0,0.022386,2140.0,0.02239,120340.0
1753503392076,04:16:32.076,ACH/USDT:USDT,0.022385,9170.0,0.022381,1370.0,0.022386,2140.0,0.02239,120340.0
1753503392174,04:16:32.174,ACH/USDT:USDT,0.022385,9170.0,0.022381,1370.0,0.022386,2140.0,0.02239,120340.0
1753503392375,04:16:32.375,ACH/USDT:USDT,0.022385,9170.0,0.022381,1370.0,0.022386,2140.0,0.02239,120340.0
1753503393173,04:16:33.173,ACH/USDT:USDT,0.022385,9170.0,0.022381,1370.0,0.022386,2140.0,0.022389,26330.0
1753503393374,04:16:33.374,ACH/USDT:USDT,0.022385,9170.0,0.022381,1370.0,0.022386,2140.0,0.02239,120340.0
1753503393774,04:16:33.774,ACH/USDT:USDT,0.022385,3080.0,0.022381,1370.0,0.022386,2140.0,0.02239,120340.0
1753503393875,04:16:33.875,ACH/USDT:USDT,0.022385,6000.0,0.022383,1380.0,0.022386,2140.0,0.02239,120340.0
1753503393976,04:16:33.976,ACH/USDT:USDT,0.022385,8450.0,0.022383,1380.0,0.022386,2140.0,0.02239,120340.0
1753503394075,04:16:34.075,ACH/USDT:USDT,0.022385,8450.0,0.022383,1380.0,0.022386,2140.0,0.02239,120340.0
1753503394175,04:16:34.175,ACH/USDT:USDT,0.022385,8450.0,0.022383,1380.0,0.022386,2140.0,0.02239,120340.0
1753503394475,04:16:34.475,ACH/USDT:USDT,0.022385,8450.0,0.022383,1380.0,0.022386,2140.0,0.02239,120340.0
1753503394775,04:16:34.775,ACH/USDT:USDT,0.022385,8450.0,0.022383,1380.0,0.022386,2140.0,0.02239,120340.0
1753503395375,04:16:35.375,ACH/USDT:USDT,0.022385,10950.0,0.022383,1380.0,0.022386,2140.0,0.02239,120340.0
1753503395677,04:16:35.677,ACH/USDT:USDT,0.022385,10950.0,0.022383,1380.0,0.022386,2140.0,0.02239,120340.0
1753503396075,04:16:36.075,ACH/USDT:USDT,0.022385,10950.0,0.022383,1380.0,0.022386,2140.0,0.02239,120340.0
1753503396274,04:16:36.274,ACH/USDT:USDT,0.022385,10950.0,0.022383,1380.0,0.022386,2140.0,0.02239,120340.0
1753503397575,04:16:37.575,ACH/USDT:USDT,0.022385,10950.0,0.022383,1380.0,0.022386,2140.0,0.02239,120340.0
1753503398874,04:16:38.874,ACH/USDT:USDT,0.022385,10950.0,0.022383,1380.0,0.022386,2140.0,0.02239,120340.0
1753503399073,04:16:39.073,ACH/USDT:USDT,0.022385,10950.0,0.022383,1380.0,0.022386,2140.0,0.02239,120340.0
1753503399274,04:16:39.274,ACH/USDT:USDT,0.022385,10950.0,0.022383,1380.0,0.022386,2140.0,0.02239,120340.0
1753503399374,04:16:39.374,ACH/USDT:USDT,0.022385,10950.0,0.022383,1380.0,0.022386,2140.0,0.02239,120340.0
1753503400476,04:16:40.476,ACH/USDT:USDT,0.022385,12610.0,0.022383,1380.0,0.022386,2140.0,0.02239,120340.0
1753503400676,04:16:40.676,ACH/USDT:USDT,0.022385,12610.0,0.022383,1380.0,0.022386,2140.0,0.02239,120340.0
1753503400974,04:16:40.974,ACH/USDT:USDT,0.022385,15720.0,0.022383,1380.0,0.022386,2140.0,0.02239,120340.0
1753503401075,04:16:41.075,ACH/USDT:USDT,0.022385,15720.0,0.022383,1380.0,0.022386,2140.0,0.02239,120340.0
1753503401976,04:16:41.976,ACH/USDT:USDT,0.022385,15720.0,0.022383,1380.0,0.022386,2140.0,0.022391,690.0
1753503402075,04:16:42.075,ACH/USDT:USDT,0.022385,15720.0,0.022383,1380.0,0.022386,2140.0,0.022391,2110.0
1753503402176,04:16:42.176,ACH/USDT:USDT,0.022385,15720.0,0.022383,1380.0,0.022386,2140.0,0.02239,180510.0
1753503402474,04:16:42.474,ACH/USDT:USDT,0.022385,6820.0,0.022383,1380.0,0.022386,2140.0,0.02239,180510.0
1753503402774,04:16:42.774,ACH/USDT:USDT,0.022385,112870.0,0.022383,1380.0,0.022386,2140.0,0.02239,180510.0
1753503402874,04:16:42.874,ACH/USDT:USDT,0.022385,112870.0,0.022382,440.0,0.022386,2140.0,0.02239,180510.0
1753503402975,04:16:42.975,ACH/USDT:USDT,0.022385,112870.0,0.022382,440.0,0.022386,2140.0,0.02239,180510.0
1753503403173,04:16:43.173,ACH/USDT:USDT,0.022385,112870.0,0.022382,440.0,0.022386,2140.0,0.02239,180510.0
1753503403274,04:16:43.274,ACH/USDT:USDT,0.022385,110370.0,0.022382,440.0,0.022386,2140.0,0.02239,180510.0
1753503403374,04:16:43.374,ACH/USDT:USDT,0.022385,110370.0,0.022382,440.0,0.022386,2140.0,0.02239,180510.0
1753503403473,04:16:43.473,ACH/USDT:USDT,0.022385,110370.0,0.02238,1370.0,0.022386,2140.0,0.022389,26290.0
1753503403575,04:16:43.575,ACH/USDT:USDT,0.022385,110370.0,0.02238,1370.0,0.022386,2140.0,0.02239,180510.0
1753503403673,04:16:43.673,ACH/USDT:USDT,0.022385,110370.0,0.02238,1370.0,0.022386,2140.0,0.02239,180510.0
1753503403775,04:16:43.775,ACH/USDT:USDT,0.022385,110370.0,0.02238,1370.0,0.022386,2140.0,0.02239,180510.0
1753503403875,04:16:43.875,ACH/USDT:USDT,0.022385,107260.0,0.02238,1370.0,0.022386,2140.0,0.022388,1380.0
1753503403975,04:16:43.975,ACH/USDT:USDT,0.022385,106300.0,0.02238,1370.0,0.022386,2140.0,0.022388,1380.0
1753503404074,04:16:44.074,ACH/USDT:USDT,0.022385,108240.0,0.02238,1370.0,0.022386,2140.0,0.022389,35700.0
1753503404275,04:16:44.275,ACH/USDT:USDT,0.022385,108240.0,0.02238,1370.0,0.022386,2140.0,0.022389,35700.0
1753503404375,04:16:44.375,ACH/USDT:USDT,0.022385,109620.0,0.02238,1370.0,0.022386,2140.0,0.022389,35700.0
1753503404574,04:16:44.574,ACH/USDT:USDT,0.022385,109620.0,0.02238,1370.0,0.022386,2140.0,0.022389,35700.0
1753503404774,04:16:44.774,ACH/USDT:USDT,0.022385,111280.0,0.02238,1370.0,0.022386,2140.0,0.022389,35700.0
1753503405176,04:16:45.176,ACH/USDT:USDT,0.022385,111280.0,0.02238,1370.0,0.022386,2140.0,0.022389,35700.0
1753503405775,04:16:45.775,ACH/USDT:USDT,0.022385,110170.0,0.02238,1370.0,0.022386,2140.0,0.022389,35700.0
1753503405874,04:16:45.874,ACH/USDT:USDT,0.022385,106300.0,0.02238,1370.0,0.022386,2140.0,0.022389,35700.0
1753503406074,04:16:46.074,ACH/USDT:USDT,0.022385,112240.0,0.02238,1370.0,0.022386,2140.0,0.022389,35700.0
1753503406574,04:16:46.574,ACH/USDT:USDT,0.022385,112240.0,0.02238,1370.0,0.022386,2140.0,0.022389,35700.0
1753503407375,04:16:47.375,ACH/USDT:USDT,0.022385,112240.0,0.022381,600.0,0.022386,2140.0,0.022389,26130.0
1753503407676,04:16:47.676,ACH/USDT:USDT,0.022385,112240.0,0.022381,600.0,0.022386,2140.0,0.02239,180510.0
1753503408575,04:16:48.575,ACH/USDT:USDT,0.022385,112240.0,0.022381,600.0,0.022386,2140.0,0.02239,180510.0
1753503408773,04:16:48.773,ACH/USDT:USDT,0.022385,112240.0,0.022381,600.0,0.022386,2140.0,0.02239,180510.0
1753503408875,04:16:48.875,ACH/USDT:USDT,0.022385,112240.0,0.022381,600.0,0.022386,2140.0,0.02239,180510.0
1753503409275,04:16:49.275,ACH/USDT:USDT,0.022385,112240.0,0.022381,600.0,0.022386,2140.0,0.022389,30000.0
1753503409874,04:16:49.874,ACH/USDT:USDT,0.022385,112240.0,0.022381,600.0,0.022386,2140.0,0.022389,30000.0
1753503410676,04:16:50.676,ACH/USDT:USDT,0.022385,112240.0,0.022381,600.0,0.022386,2140.0,0.022389,30000.0
1753503410974,04:16:50.974,ACH/USDT:USDT,0.022385,112240.0,0.022381,600.0,0.022386,2140.0,0.022389,30000.0
1753503411075,04:16:51.075,ACH/USDT:USDT,0.022385,115050.0,0.022381,600.0,0.022386,2140.0,0.022389,30000.0
1753503411176,04:16:51.176,ACH/USDT:USDT,0.022385,115050.0,0.022381,600.0,0.022386,2140.0,0.022389,30000.0
1753503411575,04:16:51.575,ACH/USDT:USDT,0.022385,115050.0,0.022381,600.0,0.022386,2140.0,0.022389,30000.0
1753503412174,04:16:52.174,ACH/USDT:USDT,0.022385,115050.0,0.022381,600.0,0.022386,2140.0,0.022389,30000.0
1753503413174,04:16:53.174,ACH/USDT:USDT,0.022385,115050.0,0.022381,600.0,0.022386,2140.0,0.022389,30000.0
1753503413374,04:16:53.374,ACH/USDT:USDT,0.022385,115050.0,0.022381,600.0,0.022386,2140.0,0.022389,30000.0
1753503413875,04:16:53.875,ACH/USDT:USDT,0.022385,115050.0,0.022381,600.0,0.022386,2140.0,0.022389,30000.0
1753503414174,04:16:54.174,ACH/USDT:USDT,0.022385,115050.0,0.022381,600.0,0.022386,2140.0,0.022389,30000.0
1753503414274,04:16:54.274,ACH/USDT:USDT,0.022385,115050.0,0.022381,600.0,0.022386,2140.0,0.022389,30000.0
1753503414676,04:16:54.676,ACH/USDT:USDT,0.022385,115050.0,0.022381,600.0,0.022386,2140.0,0.022389,30000.0
1753503414777,04:16:54.777,ACH/USDT:USDT,0.022374,100.0,0.02237,250.0,0.022375,8370.0,0.022376,1430.0
1753503414874,04:16:54.874,ACH/USDT:USDT,0.022374,100.0,0.02237,250.0,0.022375,8370.0,0.022376,1430.0
1753503414975,04:16:54.975,ACH/USDT:USDT,0.022374,100.0,0.02237,250.0,0.022375,8720.0,0.022376,1430.0
1753503415076,04:16:55.076,ACH/USDT:USDT,0.022374,100.0,0.02237,250.0,0.022375,8720.0,0.022376,1430.0
1753503415176,04:16:55.176,ACH/USDT:USDT,0.022374,100.0,0.022372,1760.0,0.022375,9180.0,0.022376,830.0
1753503415274,04:16:55.274,ACH/USDT:USDT,0.022374,100.0,0.022372,1760.0,0.022375,9180.0,0.022376,830.0
1753503415374,04:16:55.374,ACH/USDT:USDT,0.022374,100.0,0.022372,1760.0,0.022375,9180.0,0.022376,830.0
1753503415474,04:16:55.474,ACH/USDT:USDT,0.022374,100.0,0.022372,1760.0,0.022375,8830.0,0.022377,1380.0
1753503415575,04:16:55.575,ACH/USDT:USDT,0.022374,100.0,0.022372,1760.0,0.022375,8830.0,0.022377,1380.0
1753503415774,04:16:55.774,ACH/USDT:USDT,0.022374,100.0,0.022372,1760.0,0.022375,8830.0,0.022377,1380.0
1753503416173,04:16:56.173,ACH/USDT:USDT,0.022374,100.0,0.022372,1760.0,0.022375,8830.0,0.022377,1380.0
1753503416276,04:16:56.276,ACH/USDT:USDT,0.022374,100.0,0.022372,1760.0,0.022375,8830.0,0.022377,1380.0
1753503416576,04:16:56.576,ACH/USDT:USDT,0.022374,100.0,0.022372,1760.0,0.022375,8830.0,0.022377,1380.0
1753503416676,04:16:56.676,ACH/USDT:USDT,0.022374,100.0,0.022372,1760.0,0.022375,8830.0,0.022377,1380.0
1753503416774,04:16:56.774,ACH/USDT:USDT,0.022374,100.0,0.022372,1760.0,0.022375,8830.0,0.022377,1380.0
1753503417075,04:16:57.075,ACH/USDT:USDT,0.022374,100.0,0.022372,1760.0,0.022375,8830.0,0.022377,1380.0
1753503417176,04:16:57.176,ACH/USDT:USDT,0.022374,100.0,0.022372,1760.0,0.022375,8830.0,0.022377,1380.0
1753503417275,04:16:57.275,ACH/USDT:USDT,0.022374,100.0,0.022372,1760.0,0.022375,8830.0,0.022377,1380.0
1753503417679,04:16:57.679,ACH/USDT:USDT,0.022374,100.0,0.022372,1760.0,0.022375,7410.0,0.022377,1380.0
1753503417776,04:16:57.776,ACH/USDT:USDT,0.022374,100.0,0.022372,1760.0,0.022375,7410.0,0.022377,1380.0
1753503417874,04:16:57.874,ACH/USDT:USDT,0.022374,100.0,0.022372,1760.0,0.022375,7410.0,0.022377,1380.0
1753503418076,04:16:58.076,ACH/USDT:USDT,0.022374,100.0,0.022372,1760.0,0.022375,7410.0,0.022377,1380.0
1753503418274,04:16:58.274,ACH/USDT:USDT,0.022374,100.0,0.022372,1760.0,0.022375,7410.0,0.022377,1380.0
1753503418475,04:16:58.475,ACH/USDT:USDT,0.022374,100.0,0.022372,1760.0,0.022375,7410.0,0.022377,1380.0
1753503418875,04:16:58.875,ACH/USDT:USDT,0.022374,100.0,0.022372,1760.0,0.022375,7410.0,0.022377,1380.0
1753503419076,04:16:59.076,ACH/USDT:USDT,0.022374,100.0,0.022372,1760.0,0.022375,7410.0,0.022377,1380.0
1753503419176,04:16:59.176,ACH/USDT:USDT,0.022374,100.0,0.022372,1760.0,0.022375,7410.0,0.022377,1380.0
1753503419275,04:16:59.275,ACH/USDT:USDT,0.022374,100.0,0.022372,1760.0,0.022375,7410.0,0.022377,1380.0
1753503419474,04:16:59.474,ACH/USDT:USDT,0.022374,100.0,0.022372,1760.0,0.022375,7410.0,0.022377,1380.0
1753503419576,04:16:59.576,ACH/USDT:USDT,0.022374,100.0,0.022372,1760.0,0.022375,7410.0,0.022377,1380.0
1753503419678,04:16:59.678,ACH/USDT:USDT,0.022374,100.0,0.022372,1760.0,0.022375,7410.0,0.022377,1380.0
1753503419876,04:16:59.876,ACH/USDT:USDT,0.022374,100.0,0.022372,1760.0,0.022375,8850.0,0.022377,1380.0
1753503420177,04:17:00.177,ACH/USDT:USDT,0.022374,100.0,0.022372,1760.0,0.022375,8850.0,0.022377,1380.0
1753503420273,04:17:00.273,ACH/USDT:USDT,0.022374,100.0,0.022372,1760.0,0.022375,8850.0,0.022377,1380.0
1753503420375,04:17:00.375,ACH/USDT:USDT,0.022374,100.0,0.022372,1760.0,0.022375,8850.0,0.022377,1380.0
1753503420574,04:17:00.574,ACH/USDT:USDT,0.022374,100.0,0.022372,1760.0,0.022375,8850.0,0.022377,1380.0
1753503420675,04:17:00.675,ACH/USDT:USDT,0.022374,100.0,0.022372,1760.0,0.022375,8850.0,0.022377,1380.0
1753503420876,04:17:00.876,ACH/USDT:USDT,0.022374,100.0,0.022372,1760.0,0.022375,8850.0,0.022377,1380.0
1753503420974,04:17:00.974,ACH/USDT:USDT,0.022374,100.0,0.022372,1760.0,0.022375,7410.0,0.022377,1380.0
1753503421075,04:17:01.075,ACH/USDT:USDT,0.022374,100.0,0.022372,1760.0,0.022375,7410.0,0.022377,1380.0
1753503421475,04:17:01.475,ACH/USDT:USDT,0.022374,100.0,0.022372,1760.0,0.022375,7410.0,0.022377,1380.0
1753503421774,04:17:01.774,ACH/USDT:USDT,0.022374,100.0,0.022372,1760.0,0.022375,7410.0,0.022377,1380.0
1753503421974,04:17:01.974,ACH/USDT:USDT,0.022374,100.0,0.022372,1760.0,0.022375,7410.0,0.022377,1380.0
1753503422074,04:17:02.074,ACH/USDT:USDT,0.022374,100.0,0.022372,1760.0,0.022375,7410.0,0.022377,1380.0
1753503422174,04:17:02.174,ACH/USDT:USDT,0.022374,100.0,0.022372,1760.0,0.022375,7410.0,0.022377,1380.0
1753503422274,04:17:02.274,ACH/USDT:USDT,0.022374,100.0,0.022372,1760.0,0.022375,7410.0,0.022377,1380.0
1753503422675,04:17:02.675,ACH/USDT:USDT,0.022374,100.0,0.022372,1760.0,0.022375,7410.0,0.022377,1380.0
1753503422774,04:17:02.774,ACH/USDT:USDT,0.022374,100.0,0.022372,1760.0,0.022375,7410.0,0.022378,54150.0
1753503422874,04:17:02.874,ACH/USDT:USDT,0.022374,100.0,0.022372,3140.0,0.022375,7410.0,0.022378,54150.0
1753503422975,04:17:02.975,ACH/USDT:USDT,0.022374,100.0,0.022372,3140.0,0.022375,7410.0,0.022378,54150.0
1753503423075,04:17:03.075,ACH/USDT:USDT,0.022374,100.0,0.022372,3140.0,0.022375,7410.0,0.022378,54150.0
1753503423774,04:17:03.774,ACH/USDT:USDT,0.022374,100.0,0.022372,3140.0,0.022375,7410.0,0.022378,54150.0
1753503423875,04:17:03.875,ACH/USDT:USDT,0.022374,100.0,0.022372,3140.0,0.022375,7410.0,0.022378,54150.0
1753503424075,04:17:04.075,ACH/USDT:USDT,0.022374,100.0,0.022372,3140.0,0.022375,7410.0,0.022378,54150.0
1753503424174,04:17:04.174,ACH/USDT:USDT,0.022374,100.0,0.022372,3140.0,0.022375,7410.0,0.022378,54150.0
1753503424375,04:17:04.375,ACH/USDT:USDT,0.022374,100.0,0.022372,3140.0,0.022375,7410.0,0.022378,54150.0
1753503424876,04:17:04.876,ACH/USDT:USDT,0.022374,100.0,0.022372,3140.0,0.022375,7410.0,0.022378,54150.0
1753503425275,04:17:05.275,ACH/USDT:USDT,0.022374,100.0,0.022372,3140.0,0.022375,7410.0,0.022378,54150.0
1753503425475,04:17:05.475,ACH/USDT:USDT,0.022374,100.0,0.022372,3140.0,0.022375,7410.0,0.022378,54150.0
1753503425573,04:17:05.573,ACH/USDT:USDT,0.022374,100.0,0.022372,3140.0,0.022375,7410.0,0.022378,54150.0
1753503425676,04:17:05.676,ACH/USDT:USDT,0.022374,100.0,0.022372,3140.0,0.022375,7410.0,0.022378,54150.0
1753503425875,04:17:05.875,ACH/USDT:USDT,0.022374,100.0,0.022372,3140.0,0.022375,7410.0,0.022378,54150.0
1753503426174,04:17:06.174,ACH/USDT:USDT,0.022374,100.0,0.022372,3140.0,0.022375,7410.0,0.022378,54150.0
1753503426276,04:17:06.276,ACH/USDT:USDT,0.022374,100.0,0.022372,3140.0,0.022375,7410.0,0.022378,54150.0
1753503426576,04:17:06.576,ACH/USDT:USDT,0.022374,100.0,0.022372,3140.0,0.022375,7410.0,0.022378,54150.0
1753503426875,04:17:06.875,ACH/USDT:USDT,0.022374,100.0,0.022372,3140.0,0.022375,7410.0,0.022378,54150.0
1753503427574,04:17:07.574,ACH/USDT:USDT,0.022374,100.0,0.022372,3140.0,0.022375,7410.0,0.022378,54150.0
1753503427678,04:17:07.678,ACH/USDT:USDT,0.022374,100.0,0.022372,3140.0,0.022375,7410.0,0.022378,54150.0
1753503428776,04:17:08.776,ACH/USDT:USDT,0.022374,100.0,0.022372,3140.0,0.022375,7410.0,0.022378,54150.0
1753503428875,04:17:08.875,ACH/USDT:USDT,0.022374,100.0,0.022372,3140.0,0.022375,7410.0,0.022378,54150.0
1753503429175,04:17:09.175,ACH/USDT:USDT,0.022374,3560.0,0.022372,4380.0,0.022375,2140.0,0.022379,180510.0
1753503429275,04:17:09.275,ACH/USDT:USDT,0.022374,3560.0,0.022372,4380.0,0.022375,2140.0,0.022379,180510.0
1753503429375,04:17:09.375,ACH/USDT:USDT,0.022374,3560.0,0.022372,4380.0,0.022375,2140.0,0.022379,180510.0
1753503429575,04:17:09.575,ACH/USDT:USDT,0.022374,3560.0,0.022372,4380.0,0.022375,2140.0,0.022379,180510.0
1753503429673,04:17:09.673,ACH/USDT:USDT,0.022374,3560.0,0.022372,4380.0,0.022375,2140.0,0.022379,180510.0
1753503430175,04:17:10.175,ACH/USDT:USDT,0.022374,3560.0,0.022372,4380.0,0.022375,2140.0,0.022379,180510.0
1753503430675,04:17:10.675,ACH/USDT:USDT,0.022374,3560.0,0.022372,4380.0,0.022375,2140.0,0.022379,180510.0
1753503431175,04:17:11.175,ACH/USDT:USDT,0.022374,3560.0,0.022372,4380.0,0.022375,2140.0,0.022379,180510.0
1753503431575,04:17:11.575,ACH/USDT:USDT,0.022374,3560.0,0.022372,4380.0,0.022375,2140.0,0.022379,180510.0
1753503431678,04:17:11.678,ACH/USDT:USDT,0.022374,3560.0,0.022372,4380.0,0.022375,2140.0,0.022379,180510.0
1753503431975,04:17:11.975,ACH/USDT:USDT,0.022374,3560.0,0.022372,4380.0,0.022375,2140.0,0.022379,180510.0
1753503432173,04:17:12.173,ACH/USDT:USDT,0.022374,3560.0,0.022372,4380.0,0.022375,2140.0,0.022379,180510.0
1753503432575,04:17:12.575,ACH/USDT:USDT,0.022374,3560.0,0.022372,4380.0,0.022375,2140.0,0.022379,180510.0
1753503432674,04:17:12.674,ACH/USDT:USDT,0.022374,3560.0,0.022372,4380.0,0.022375,2140.0,0.022379,180510.0
1753503433177,04:17:13.177,ACH/USDT:USDT,0.022374,3560.0,0.022372,4380.0,0.022375,2140.0,0.022379,180510.0
1753503433274,04:17:13.274,ACH/USDT:USDT,0.022374,3560.0,0.022372,4380.0,0.022375,2140.0,0.022379,180510.0
1753503433376,04:17:13.376,ACH/USDT:USDT,0.022374,3560.0,0.022372,4380.0,0.022375,2140.0,0.022379,180510.0
1753503433475,04:17:13.475,ACH/USDT:USDT,0.022374,3560.0,0.022372,4380.0,0.022375,2140.0,0.022379,180510.0
1753503434075,04:17:14.075,ACH/USDT:USDT,0.022374,2660.0,0.022372,3480.0,0.022375,2140.0,0.022379,180510.0
1753503434173,04:17:14.173,ACH/USDT:USDT,0.022374,2660.0,0.022372,3480.0,0.022375,2140.0,0.022379,180510.0
1753503434275,04:17:14.275,ACH/USDT:USDT,0.022374,2660.0,0.022372,3140.0,0.022375,2140.0,0.022379,180510.0
1753503434376,04:17:14.376,ACH/USDT:USDT,0.022374,1220.0,0.022372,3140.0,0.022375,2140.0,0.022377,1380.0
1753503435175,04:17:15.175,ACH/USDT:USDT,0.022374,1220.0,0.022372,3140.0,0.022375,2140.0,0.022377,1380.0
1753503435682,04:17:15.682,ACH/USDT:USDT,0.022374,1220.0,0.022372,3140.0,0.022375,2140.0,0.022377,1380.0
1753503436475,04:17:16.475,ACH/USDT:USDT,0.022374,1220.0,0.022372,3140.0,0.022375,2140.0,0.022377,1380.0
1753503436574,04:17:16.574,ACH/USDT:USDT,0.022374,1220.0,0.022372,3140.0,0.022375,2140.0,0.022377,1380.0
1753503437375,04:17:17.375,ACH/USDT:USDT,0.022374,1220.0,0.022372,3140.0,0.022375,2140.0,0.022377,1380.0
1753503437680,04:17:17.680,ACH/USDT:USDT,0.022374,1220.0,0.022372,3140.0,0.022375,2140.0,0.022377,1380.0
1753503438676,04:17:18.676,ACH/USDT:USDT,0.022374,1220.0,0.022372,3140.0,0.022375,2140.0,0.022377,1380.0
1753503441275,04:17:21.275,ACH/USDT:USDT,0.022374,1220.0,0.022372,3140.0,0.022375,2140.0,0.022377,1380.0
1753503441875,04:17:21.875,ACH/USDT:USDT,0.022374,2660.0,0.022373,900.0,0.022375,2140.0,0.022379,180510.0
1753503441974,04:17:21.974,ACH/USDT:USDT,0.022374,3260.0,0.022373,900.0,0.022375,2140.0,0.022379,180510.0
1753503442076,04:17:22.076,ACH/USDT:USDT,0.022374,6090.0,0.022373,900.0,0.022375,2140.0,0.022379,180510.0
1753503442174,04:17:22.174,ACH/USDT:USDT,0.022374,6090.0,0.022373,900.0,0.022375,2140.0,0.022379,180510.0
1753503442275,04:17:22.275,ACH/USDT:USDT,0.022374,6090.0,0.022373,900.0,0.022375,2140.0,0.022379,180510.0
1753503442574,04:17:22.574,ACH/USDT:USDT,0.022374,9270.0,0.022373,900.0,0.022375,2140.0,0.022379,180510.0
1753503443175,04:17:23.175,ACH/USDT:USDT,0.022374,9270.0,0.022373,900.0,0.022375,2140.0,0.022379,180510.0
1753503444176,04:17:24.176,ACH/USDT:USDT,0.022374,9270.0,0.022373,900.0,0.022375,2140.0,0.022379,180510.0
1753503445173,04:17:25.173,ACH/USDT:USDT,0.022374,9270.0,0.022373,900.0,0.022375,2140.0,0.022379,180510.0
1753503446075,04:17:26.075,ACH/USDT:USDT,0.022374,9270.0,0.022373,900.0,0.022375,2140.0,0.022379,180510.0
1753503446176,04:17:26.176,ACH/USDT:USDT,0.022374,9270.0,0.022373,900.0,0.022375,2140.0,0.022379,180510.0
1753503447074,04:17:27.074,ACH/USDT:USDT,0.022374,9270.0,0.022373,900.0,0.022375,2140.0,0.022379,180510.0
1753503447176,04:17:27.176,ACH/USDT:USDT,0.022374,9270.0,0.022373,900.0,0.022375,2140.0,0.022379,180510.0
1753503447275,04:17:27.275,ACH/USDT:USDT,0.022374,9270.0,0.022372,3140.0,0.022375,2140.0,0.022379,180510.0
1753503447676,04:17:27.676,ACH/USDT:USDT,0.022374,9270.0,0.022372,3140.0,0.022375,2140.0,0.022379,180510.0
1753503447774,04:17:27.774,ACH/USDT:USDT,0.022374,9270.0,0.022372,3140.0,0.022375,2140.0,0.022379,180510.0
1753503447874,04:17:27.874,ACH/USDT:USDT,0.022374,10400.0,0.022372,3140.0,0.022375,2140.0,0.022379,180510.0
1753503447975,04:17:27.975,ACH/USDT:USDT,0.022374,19520.0,0.022372,3140.0,0.022375,2140.0,0.022379,180510.0
1753503449175,04:17:29.175,ACH/USDT:USDT,0.022374,19520.0,0.022372,3140.0,0.022375,2140.0,0.022379,180510.0
1753503449374,04:17:29.374,ACH/USDT:USDT,0.022374,19520.0,0.022372,3140.0,0.022375,2140.0,0.022379,180510.0
1753503449975,04:17:29.975,ACH/USDT:USDT,0.022374,116140.0,0.022372,2660.0,0.022375,2140.0,0.022379,180510.0
1753503450275,04:17:30.275,ACH/USDT:USDT,0.022374,108400.0,0.022372,2660.0,0.022375,2140.0,0.022379,180510.0
1753503450373,04:17:30.373,ACH/USDT:USDT,0.022374,99280.0,0.022372,2660.0,0.022375,2140.0,0.022379,180510.0
1753503450775,04:17:30.775,ACH/USDT:USDT,0.022374,101020.0,0.022372,2660.0,0.022375,2140.0,0.022379,180510.0
1753503450874,04:17:30.874,ACH/USDT:USDT,0.022374,101020.0,0.022372,2660.0,0.022375,2140.0,0.022379,180510.0
1753503450976,04:17:30.976,ACH/USDT:USDT,0.022374,101020.0,0.022372,2660.0,0.022375,2140.0,0.022379,180510.0
1753503451073,04:17:31.073,ACH/USDT:USDT,0.022374,101890.0,0.022372,2660.0,0.022375,2140.0,0.022379,180510.0
1753503452276,04:17:32.276,ACH/USDT:USDT,0.022378,1440.0,0.022376,1380.0,0.022379,148680.0,0.02238,540.0
1753503452393,04:17:32.393,ACH/USDT:USDT,0.022378,2560.0,0.022376,1980.0,0.022379,148680.0,0.02238,540.0
1753503452474,04:17:32.474,ACH/USDT:USDT,0.022378,2560.0,0.022376,1980.0,0.022379,148680.0,0.02238,540.0
1753503452574,04:17:32.574,ACH/USDT:USDT,0.022378,2560.0,0.022376,1980.0,0.022379,148680.0,0.02238,540.0
1753503452674,04:17:32.674,ACH/USDT:USDT,0.022378,2560.0,0.022376,1980.0,0.022379,148680.0,0.02238,540.0
1753503452775,04:17:32.775,ACH/USDT:USDT,0.022378,2560.0,0.022376,1980.0,0.022379,148680.0,0.02238,540.0
1753503453075,04:17:33.075,ACH/USDT:USDT,0.022378,1120.0,0.022376,1980.0,0.022379,148680.0,0.02238,540.0
1753503453174,04:17:33.174,ACH/USDT:USDT,0.022378,2230.0,0.022376,1380.0,0.022379,148680.0,0.02238,540.0
1753503453375,04:17:33.375,ACH/USDT:USDT,0.022378,2230.0,0.022376,1380.0,0.022379,148680.0,0.02238,540.0
1753503453476,04:17:33.476,ACH/USDT:USDT,0.022378,4460.0,0.022376,1380.0,0.022379,148680.0,0.02238,540.0
1753503453574,04:17:33.574,ACH/USDT:USDT,0.022378,4460.0,0.022376,1380.0,0.022379,148680.0,0.02238,540.0
1753503453676,04:17:33.676,ACH/USDT:USDT,0.022378,4460.0,0.022376,1380.0,0.022379,148680.0,0.02238,540.0
1753503454175,04:17:34.175,ACH/USDT:USDT,0.022378,4460.0,0.022376,1380.0,0.022379,148680.0,0.02238,540.0
1753503454674,04:17:34.674,ACH/USDT:USDT,0.022378,4460.0,0.022376,1380.0,0.022379,148680.0,0.02238,540.0
1753503455674,04:17:35.674,ACH/USDT:USDT,0.022378,4460.0,0.022376,1380.0,0.022379,148680.0,0.02238,540.0
1753503456275,04:17:36.275,ACH/USDT:USDT,0.022378,4460.0,0.022376,1380.0,0.022379,148680.0,0.02238,540.0
1753503456375,04:17:36.375,ACH/USDT:USDT,0.022378,4460.0,0.022376,1380.0,0.022379,148680.0,0.02238,540.0
1753503456676,04:17:36.676,ACH/USDT:USDT,0.022378,4460.0,0.022376,1380.0,0.022379,148680.0,0.02238,230.0
1753503456774,04:17:36.774,ACH/USDT:USDT,0.022378,4460.0,0.022376,1380.0,0.022379,148680.0,0.02238,540.0
1753503457473,04:17:37.473,ACH/USDT:USDT,0.022378,4460.0,0.022376,1380.0,0.022379,148680.0,0.02238,540.0
1753503457574,04:17:37.574,ACH/USDT:USDT,0.022378,4460.0,0.022376,1380.0,0.022379,148680.0,0.02238,540.0
1753503458375,04:17:38.375,ACH/USDT:USDT,0.022378,4460.0,0.022376,1380.0,0.022379,148680.0,0.02238,540.0
1753503458475,04:17:38.475,ACH/USDT:USDT,0.022378,4460.0,0.022376,1380.0,0.022379,148680.0,0.02238,540.0
1753503458575,04:17:38.575,ACH/USDT:USDT,0.022378,1120.0,0.022376,1380.0,0.022379,148680.0,0.02238,540.0
1753503458876,04:17:38.876,ACH/USDT:USDT,0.022378,3160.0,0.022376,1380.0,0.022379,148680.0,0.02238,540.0
1753503458975,04:17:38.975,ACH/USDT:USDT,0.022378,6410.0,0.022376,1380.0,0.022379,148680.0,0.02238,540.0
1753503459575,04:17:39.575,ACH/USDT:USDT,0.022378,6410.0,0.022376,1380.0,0.022379,148680.0,0.02238,540.0
1753503459975,04:17:39.975,ACH/USDT:USDT,0.022378,6410.0,0.022376,1380.0,0.022379,148680.0,0.02238,540.0
1753503460074,04:17:40.074,ACH/USDT:USDT,0.022378,6410.0,0.022376,1380.0,0.022379,148680.0,0.02238,540.0
1753503460176,04:17:40.176,ACH/USDT:USDT,0.022378,6410.0,0.022376,1380.0,0.022379,148680.0,0.02238,540.0
1753503460375,04:17:40.375,ACH/USDT:USDT,0.022378,6410.0,0.022376,1380.0,0.022379,148680.0,0.02238,540.0
1753503460475,04:17:40.475,ACH/USDT:USDT,0.022378,6410.0,0.022376,1380.0,0.022379,148680.0,0.02238,540.0
1753503460575,04:17:40.575,ACH/USDT:USDT,0.022378,6410.0,0.022376,1380.0,0.022379,148680.0,0.02238,540.0
1753503462274,04:17:42.274,ACH/USDT:USDT,0.022378,6410.0,0.022376,1380.0,0.022379,148680.0,0.02238,540.0
1753503462573,04:17:42.573,ACH/USDT:USDT,0.022378,6410.0,0.022376,1380.0,0.022379,148680.0,0.02238,540.0
1753503462675,04:17:42.675,ACH/USDT:USDT,0.022378,6410.0,0.022376,1380.0,0.022379,148680.0,0.02238,540.0
1753503463680,04:17:43.680,ACH/USDT:USDT,0.022378,6410.0,0.022376,1380.0,0.022379,148680.0,0.02238,540.0
1753503463774,04:17:43.774,ACH/USDT:USDT,0.022378,6410.0,0.022376,1380.0,0.022379,148680.0,0.02238,540.0
1753503463874,04:17:43.874,ACH/USDT:USDT,0.022378,6410.0,0.022376,1380.0,0.022379,148680.0,0.02238,540.0
1753503464073,04:17:44.073,ACH/USDT:USDT,0.022378,1120.0,0.022376,1380.0,0.022379,148680.0,0.02238,540.0
1753503464181,04:17:44.181,ACH/USDT:USDT,0.022378,15320.0,0.022376,1380.0,0.022379,148680.0,0.02238,540.0
1753503464274,04:17:44.274,ACH/USDT:USDT,0.022378,15320.0,0.022376,1380.0,0.022379,148680.0,0.02238,540.0
1753503464374,04:17:44.374,ACH/USDT:USDT,0.022378,15480.0,0.022376,1380.0,0.022379,148680.0,0.02238,540.0
1753503464874,04:17:44.874,ACH/USDT:USDT,0.022378,15480.0,0.022376,1380.0,0.022379,148680.0,0.02238,540.0
1753503465273,04:17:45.273,ACH/USDT:USDT,0.022378,15480.0,0.022376,1380.0,0.022379,148680.0,0.02238,540.0
1753503465775,04:17:45.775,ACH/USDT:USDT,0.022378,15480.0,0.022376,1380.0,0.022379,148680.0,0.02238,540.0
1753503467176,04:17:47.176,ACH/USDT:USDT,0.022378,15480.0,0.022376,1380.0,0.022379,148680.0,0.02238,540.0
1753503467376,04:17:47.376,ACH/USDT:USDT,0.022378,15480.0,0.022376,1380.0,0.022379,148680.0,0.02238,540.0
1753503467475,04:17:47.475,ACH/USDT:USDT,0.022378,15480.0,0.022376,1380.0,0.022379,148680.0,0.02238,540.0
1753503467573,04:17:47.573,ACH/USDT:USDT,0.022378,15480.0,0.022376,1380.0,0.022379,148680.0,0.02238,230.0
1753503467875,04:17:47.875,ACH/USDT:USDT,0.022378,15480.0,0.022376,1380.0,0.022379,148680.0,0.02238,230.0
1753503467976,04:17:47.976,ACH/USDT:USDT,0.022378,15480.0,0.022376,1380.0,0.022379,148680.0,0.02238,230.0
1753503468176,04:17:48.176,ACH/USDT:USDT,0.022378,15480.0,0.022376,1380.0,0.022379,148680.0,0.02238,230.0
1753503468375,04:17:48.375,ACH/USDT:USDT,0.022378,15480.0,0.022376,1380.0,0.022379,148680.0,0.02238,230.0
1753503468574,04:17:48.574,ACH/USDT:USDT,0.022378,160.0,0.022375,33860.0,0.022379,148680.0,0.02238,230.0
1753503468676,04:17:48.676,ACH/USDT:USDT,0.022378,160.0,0.022375,33860.0,0.022379,148680.0,0.02238,230.0
1753503469176,04:17:49.176,ACH/USDT:USDT,0.022378,160.0,0.022375,33860.0,0.022379,148680.0,0.02238,230.0
1753503469475,04:17:49.475,ACH/USDT:USDT,0.022378,160.0,0.022375,33860.0,0.022379,148680.0,0.02238,230.0
1753503469774,04:17:49.774,ACH/USDT:USDT,0.022378,160.0,0.022375,33860.0,0.022379,148680.0,0.02238,230.0
1753503469873,04:17:49.873,ACH/USDT:USDT,0.022378,160.0,0.022375,33860.0,0.022379,148680.0,0.02238,230.0
1753503469974,04:17:49.974,ACH/USDT:USDT,0.022378,160.0,0.022375,33860.0,0.022379,148680.0,0.02238,230.0
1753503470075,04:17:50.075,ACH/USDT:USDT,0.022378,160.0,0.022375,33860.0,0.022379,148680.0,0.02238,230.0
1753503470175,04:17:50.175,ACH/USDT:USDT,0.022378,160.0,0.022375,33860.0,0.022379,148680.0,0.02238,230.0
1753503470276,04:17:50.276,ACH/USDT:USDT,0.022378,160.0,0.022375,33860.0,0.022379,148680.0,0.02238,230.0
1753503470875,04:17:50.875,ACH/USDT:USDT,0.022378,160.0,0.022375,33860.0,0.022379,148680.0,0.02238,230.0
1753503471275,04:17:51.275,ACH/USDT:USDT,0.022378,160.0,0.022375,33860.0,0.022379,148680.0,0.02238,230.0
1753503471375,04:17:51.375,ACH/USDT:USDT,0.022378,160.0,0.022375,33860.0,0.022379,148680.0,0.02238,230.0
1753503471474,04:17:51.474,ACH/USDT:USDT,0.022378,160.0,0.022375,33860.0,0.022379,148680.0,0.02238,230.0
1753503471574,04:17:51.574,ACH/USDT:USDT,0.022378,160.0,0.022375,33860.0,0.022379,148680.0,0.02238,230.0
1753503472174,04:17:52.174,ACH/USDT:USDT,0.022378,160.0,0.022375,33860.0,0.022379,148680.0,0.02238,230.0
1753503472675,04:17:52.675,ACH/USDT:USDT,0.022378,160.0,0.022375,33860.0,0.022379,148680.0,0.02238,230.0
1753503473075,04:17:53.075,ACH/USDT:USDT,0.022378,160.0,0.022375,33860.0,0.022379,148680.0,0.02238,230.0
1753503473375,04:17:53.375,ACH/USDT:USDT,0.022378,160.0,0.022375,33860.0,0.022379,148680.0,0.02238,230.0
1753503473678,04:17:53.678,ACH/USDT:USDT,0.022378,160.0,0.022375,33860.0,0.022379,148680.0,0.02238,230.0
1753503474373,04:17:54.373,ACH/USDT:USDT,0.022378,160.0,0.022375,33860.0,0.022379,148680.0,0.02238,230.0
1753503474475,04:17:54.475,ACH/USDT:USDT,0.022378,160.0,0.022375,33860.0,0.022379,148680.0,0.02238,230.0
1753503474575,04:17:54.575,ACH/USDT:USDT,0.022378,160.0,0.022375,33860.0,0.022379,148680.0,0.02238,230.0
1753503474875,04:17:54.875,ACH/USDT:USDT,0.022378,160.0,0.022375,33860.0,0.022379,148680.0,0.02238,230.0
1753503475176,04:17:55.176,ACH/USDT:USDT,0.022378,160.0,0.022374,95820.0,0.022379,148680.0,0.02238,230.0
1753503475273,04:17:55.273,ACH/USDT:USDT,0.022378,160.0,0.022374,95820.0,0.022379,148680.0,0.02238,230.0
1753503475374,04:17:55.374,ACH/USDT:USDT,0.022378,160.0,0.022374,95820.0,0.022379,148680.0,0.02238,230.0
1753503475476,04:17:55.476,ACH/USDT:USDT,0.022378,160.0,0.022374,95820.0,0.022379,148680.0,0.02238,230.0
1753503475575,04:17:55.575,ACH/USDT:USDT,0.022378,160.0,0.022374,95820.0,0.022379,148680.0,0.02238,230.0
1753503475774,04:17:55.774,ACH/USDT:USDT,0.022378,160.0,0.022374,95820.0,0.022379,148680.0,0.02238,230.0
1753503476475,04:17:56.475,ACH/USDT:USDT,0.022378,160.0,0.022375,11860.0,0.022379,148680.0,0.02238,230.0
1753503476574,04:17:56.574,ACH/USDT:USDT,0.022378,160.0,0.022375,11860.0,0.022379,148680.0,0.02238,230.0
1753503476675,04:17:56.675,ACH/USDT:USDT,0.022378,160.0,0.022375,11860.0,0.022379,148680.0,0.02238,230.0
1753503476774,04:17:56.774,ACH/USDT:USDT,0.022378,160.0,0.022375,11860.0,0.022379,148680.0,0.02238,230.0
1753503477175,04:17:57.175,ACH/USDT:USDT,0.022378,160.0,0.022375,11860.0,0.022379,148680.0,0.02238,230.0
1753503477276,04:17:57.276,ACH/USDT:USDT,0.022378,160.0,0.022375,11860.0,0.022379,148680.0,0.02238,230.0
1753503477474,04:17:57.474,ACH/USDT:USDT,0.022378,160.0,0.022375,11860.0,0.022379,148680.0,0.02238,230.0
1753503477679,04:17:57.679,ACH/USDT:USDT,0.022378,160.0,0.022375,11860.0,0.022379,148680.0,0.02238,230.0
1753503477874,04:17:57.874,ACH/USDT:USDT,0.022378,160.0,0.022375,11860.0,0.022379,148680.0,0.02238,230.0
1753503478075,04:17:58.075,ACH/USDT:USDT,0.022378,160.0,0.022375,11860.0,0.022379,148680.0,0.02238,230.0
1753503478276,04:17:58.276,ACH/USDT:USDT,0.022378,160.0,0.022375,11860.0,0.022379,148680.0,0.02238,230.0
1753503479275,04:17:59.275,ACH/USDT:USDT,0.022378,160.0,0.022375,11860.0,0.022379,148680.0,0.02238,230.0
1753503479380,04:17:59.380,ACH/USDT:USDT,0.022378,160.0,0.022375,11860.0,0.022379,148680.0,0.02238,230.0
1753503479474,04:17:59.474,ACH/USDT:USDT,0.022378,160.0,0.022375,23950.0,0.022379,148680.0,0.02238,230.0
1753503479677,04:17:59.677,ACH/USDT:USDT,0.022378,160.0,0.022375,23950.0,0.022379,148680.0,0.02238,230.0
1753503480175,04:18:00.175,ACH/USDT:USDT,0.022378,160.0,0.022375,23950.0,0.022379,148680.0,0.02238,230.0
1753503480274,04:18:00.274,ACH/USDT:USDT,0.022378,160.0,0.022375,23950.0,0.022379,148680.0,0.02238,230.0
1753503480775,04:18:00.775,ACH/USDT:USDT,0.022378,160.0,0.022375,23950.0,0.022379,148680.0,0.02238,230.0
1753503481474,04:18:01.474,ACH/USDT:USDT,0.022378,160.0,0.022375,23950.0,0.022379,148680.0,0.02238,230.0
1753503481975,04:18:01.975,ACH/USDT:USDT,0.022378,160.0,0.022375,23950.0,0.022379,148680.0,0.02238,230.0
1753503482575,04:18:02.575,ACH/USDT:USDT,0.022378,160.0,0.022375,23950.0,0.022379,148680.0,0.02238,230.0
1753503482673,04:18:02.673,ACH/USDT:USDT,0.022378,160.0,0.022375,23950.0,0.022379,148680.0,0.02238,230.0
1753503482774,04:18:02.774,ACH/USDT:USDT,0.022378,160.0,0.022375,23950.0,0.022379,148680.0,0.02238,230.0
1753503482874,04:18:02.874,ACH/USDT:USDT,0.022378,160.0,0.022375,23950.0,0.022379,148680.0,0.02238,230.0
1753503483474,04:18:03.474,ACH/USDT:USDT,0.022378,160.0,0.022375,23950.0,0.022379,148680.0,0.02238,230.0
1753503484375,04:18:04.375,ACH/USDT:USDT,0.022378,160.0,0.022375,23950.0,0.022379,148680.0,0.02238,230.0
1753503484475,04:18:04.475,ACH/USDT:USDT,0.022378,160.0,0.022375,23950.0,0.022379,148680.0,0.02238,230.0
1753503485074,04:18:05.074,ACH/USDT:USDT,0.022378,160.0,0.022375,230.0,0.022379,148680.0,0.02238,230.0
1753503485174,04:18:05.174,ACH/USDT:USDT,0.022378,160.0,0.022375,230.0,0.022379,148680.0,0.02238,230.0
1753503485374,04:18:05.374,ACH/USDT:USDT,0.022378,160.0,0.022375,230.0,0.022379,148680.0,0.02238,230.0
1753503485475,04:18:05.475,ACH/USDT:USDT,0.022378,160.0,0.022375,230.0,0.022379,148680.0,0.02238,230.0
1753503485676,04:18:05.676,ACH/USDT:USDT,0.022378,160.0,0.022375,230.0,0.022379,148680.0,0.02238,230.0
1753503485775,04:18:05.775,ACH/USDT:USDT,0.022378,160.0,0.022375,230.0,0.022379,148680.0,0.02238,230.0
1753503485875,04:18:05.875,ACH/USDT:USDT,0.022378,160.0,0.022375,230.0,0.022379,148680.0,0.02238,230.0
1753503485974,04:18:05.974,ACH/USDT:USDT,0.022378,160.0,0.022375,230.0,0.022379,148680.0,0.02238,230.0
1753503486076,04:18:06.076,ACH/USDT:USDT,0.022378,160.0,0.022375,230.0,0.022379,148680.0,0.02238,230.0
1753503486174,04:18:06.174,ACH/USDT:USDT,0.022378,160.0,0.022375,230.0,0.022379,148680.0,0.02238,230.0
1753503486274,04:18:06.274,ACH/USDT:USDT,0.022378,160.0,0.022375,230.0,0.022379,148680.0,0.02238,230.0
1753503486375,04:18:06.375,ACH/USDT:USDT,0.022378,160.0,0.022375,230.0,0.022379,148680.0,0.02238,230.0
1753503487375,04:18:07.375,ACH/USDT:USDT,0.022378,160.0,0.022375,230.0,0.022379,148680.0,0.02238,230.0
1753503487474,04:18:07.474,ACH/USDT:USDT,0.022378,160.0,0.022375,230.0,0.022379,148680.0,0.02238,230.0
1753503487679,04:18:07.679,ACH/USDT:USDT,0.022378,160.0,0.022375,230.0,0.022379,148680.0,0.02238,230.0
1753503487876,04:18:07.876,ACH/USDT:USDT,0.022378,160.0,0.022375,230.0,0.022379,148680.0,0.02238,230.0
1753503488677,04:18:08.677,ACH/USDT:USDT,0.022378,160.0,0.022375,230.0,0.022379,148680.0,0.02238,230.0
1753503488974,04:18:08.974,ACH/USDT:USDT,0.022378,160.0,0.022375,10120.0,0.022379,148680.0,0.02238,230.0
1753503489175,04:18:09.175,ACH/USDT:USDT,0.022378,160.0,0.022375,10120.0,0.022379,148680.0,0.02238,230.0
1753503489276,04:18:09.276,ACH/USDT:USDT,0.022378,160.0,0.022375,10120.0,0.022379,148680.0,0.02238,230.0
1753503489374,04:18:09.374,ACH/USDT:USDT,0.022378,160.0,0.022375,10120.0,0.022379,148680.0,0.02238,230.0
1753503489677,04:18:09.677,ACH/USDT:USDT,0.022378,160.0,0.022375,27740.0,0.022379,148680.0,0.02238,230.0
1753503489775,04:18:09.775,ACH/USDT:USDT,0.022378,160.0,0.022375,27740.0,0.022379,148680.0,0.02238,230.0
1753503490075,04:18:10.075,ACH/USDT:USDT,0.022378,160.0,0.022375,27740.0,0.022379,148680.0,0.02238,230.0
1753503490274,04:18:10.274,ACH/USDT:USDT,0.022378,160.0,0.022375,27740.0,0.022379,148680.0,0.02238,230.0
1753503490373,04:18:10.373,ACH/USDT:USDT,0.022378,160.0,0.022375,27740.0,0.022379,148680.0,0.02238,230.0
1753503490575,04:18:10.575,ACH/USDT:USDT,0.022378,160.0,0.022375,27740.0,0.022379,148680.0,0.02238,230.0
1753503492073,04:18:12.073,ACH/USDT:USDT,0.022378,160.0,0.022375,27740.0,0.022379,148680.0,0.02238,230.0
1753503493074,04:18:13.074,ACH/USDT:USDT,0.022378,160.0,0.022375,27740.0,0.022379,148680.0,0.02238,230.0
1753503493175,04:18:13.175,ACH/USDT:USDT,0.022378,160.0,0.022375,27740.0,0.022379,148680.0,0.02238,230.0
1753503493300,04:18:13.300,ACH/USDT:USDT,0.022378,160.0,0.022375,27740.0,0.022379,148680.0,0.02238,230.0
1753503494075,04:18:14.075,ACH/USDT:USDT,0.022378,160.0,0.022375,27740.0,0.022379,148680.0,0.02238,230.0
1753503496175,04:18:16.175,ACH/USDT:USDT,0.022378,160.0,0.022375,27740.0,0.022379,148680.0,0.02238,230.0
1753503496474,04:18:16.474,ACH/USDT:USDT,0.022378,160.0,0.022375,27740.0,0.022379,148680.0,0.02238,230.0
1753503496775,04:18:16.775,ACH/USDT:USDT,0.022378,160.0,0.022375,27740.0,0.022379,148680.0,0.02238,230.0
1753503496876,04:18:16.876,ACH/USDT:USDT,0.022378,160.0,0.022375,27740.0,0.022379,148680.0,0.02238,230.0
1753503497176,04:18:17.176,ACH/USDT:USDT,0.022378,160.0,0.022375,27740.0,0.022379,148680.0,0.02238,230.0
1753503497475,04:18:17.475,ACH/USDT:USDT,0.022378,160.0,0.022375,27740.0,0.022379,148680.0,0.02238,230.0
1753503497573,04:18:17.573,ACH/USDT:USDT,0.022378,160.0,0.022375,27740.0,0.022379,148680.0,0.02238,230.0
1753503497975,04:18:17.975,ACH/USDT:USDT,0.022378,160.0,0.022375,27740.0,0.022379,148680.0,0.02238,230.0
1753503498775,04:18:18.775,ACH/USDT:USDT,0.022378,160.0,0.022375,27740.0,0.022379,148680.0,0.02238,230.0
1753503498873,04:18:18.873,ACH/USDT:USDT,0.022378,160.0,0.022375,27740.0,0.022379,148680.0,0.02238,230.0
1753503499275,04:18:19.275,ACH/USDT:USDT,0.022378,160.0,0.022375,27740.0,0.022379,148680.0,0.02238,230.0
1753503499575,04:18:19.575,ACH/USDT:USDT,0.022378,160.0,0.022375,27740.0,0.022379,148680.0,0.02238,230.0
1753503500275,04:18:20.275,ACH/USDT:USDT,0.022378,160.0,0.022375,27740.0,0.022379,148680.0,0.02238,230.0
1753503500375,04:18:20.375,ACH/USDT:USDT,0.022378,160.0,0.022375,27740.0,0.022379,148680.0,0.02238,230.0
1753503500873,04:18:20.873,ACH/USDT:USDT,0.022378,160.0,0.022375,27740.0,0.022379,148680.0,0.02238,230.0
1753503501273,04:18:21.273,ACH/USDT:USDT,0.022378,160.0,0.022375,27740.0,0.022379,148680.0,0.02238,230.0
1753503501477,04:18:21.477,ACH/USDT:USDT,0.022378,2700.0,0.022376,1420.0,0.022379,148680.0,0.02238,230.0
1753503501575,04:18:21.575,ACH/USDT:USDT,0.022378,2700.0,0.022376,1420.0,0.022379,148680.0,0.02238,230.0
1753503501679,04:18:21.679,ACH/USDT:USDT,0.022378,2700.0,0.022376,1420.0,0.022379,148680.0,0.02238,230.0
1753503501773,04:18:21.773,ACH/USDT:USDT,0.022378,2700.0,0.022376,1420.0,0.022379,148680.0,0.02238,230.0
1753503501876,04:18:21.876,ACH/USDT:USDT,0.022378,1280.0,0.022376,1420.0,0.022379,148680.0,0.02238,230.0
1753503501975,04:18:21.975,ACH/USDT:USDT,0.022378,1280.0,0.022376,1420.0,0.022379,148680.0,0.02238,230.0
1753503502176,04:18:22.176,ACH/USDT:USDT,0.022378,1280.0,0.022376,1420.0,0.022379,148680.0,0.02238,230.0
1753503502275,04:18:22.275,ACH/USDT:USDT,0.022378,1280.0,0.022376,1420.0,0.022379,148680.0,0.02238,230.0
1753503502375,04:18:22.375,ACH/USDT:USDT,0.022378,1280.0,0.022376,1420.0,0.022379,148680.0,0.02238,230.0
1753503502976,04:18:22.976,ACH/USDT:USDT,0.022378,1280.0,0.022376,1420.0,0.022379,148680.0,0.02238,230.0
1753503503275,04:18:23.275,ACH/USDT:USDT,0.022378,1280.0,0.022376,1420.0,0.022379,148680.0,0.02238,230.0
1753503503679,04:18:23.679,ACH/USDT:USDT,0.022378,1280.0,0.022376,1420.0,0.022379,148680.0,0.02238,230.0
1753503503775,04:18:23.775,ACH/USDT:USDT,0.022378,1280.0,0.022376,1420.0,0.022379,148680.0,0.02238,230.0
1753503503875,04:18:23.875,ACH/USDT:USDT,0.022378,1280.0,0.022376,1420.0,0.022379,148680.0,0.02238,230.0
1753503503975,04:18:23.975,ACH/USDT:USDT,0.022378,1280.0,0.022376,1420.0,0.022379,148680.0,0.02238,230.0
1753503504175,04:18:24.175,ACH/USDT:USDT,0.022378,3510.0,0.022376,1420.0,0.022379,148680.0,0.02238,230.0
1753503504676,04:18:24.676,ACH/USDT:USDT,0.022378,3510.0,0.022376,1420.0,0.022379,148680.0,0.02238,230.0
1753503504775,04:18:24.775,ACH/USDT:USDT,0.022378,3510.0,0.022376,1420.0,0.022379,148680.0,0.02238,230.0
1753503505177,04:18:25.177,ACH/USDT:USDT,0.022378,3510.0,0.022376,1420.0,0.022379,148680.0,0.02238,230.0
1753503505274,04:18:25.274,ACH/USDT:USDT,0.022378,3510.0,0.022376,1420.0,0.022379,148680.0,0.02238,230.0
1753503505375,04:18:25.375,ACH/USDT:USDT,0.022378,1280.0,0.022376,1420.0,0.022379,148680.0,0.02238,230.0
1753503505976,04:18:25.976,ACH/USDT:USDT,0.022378,3510.0,0.022376,1420.0,0.022379,148680.0,0.02238,230.0
1753503506176,04:18:26.176,ACH/USDT:USDT,0.022378,3510.0,0.022376,1420.0,0.022379,148680.0,0.02238,230.0
1753503506875,04:18:26.875,ACH/USDT:USDT,0.022378,3510.0,0.022376,1420.0,0.022379,148680.0,0.02238,230.0
1753503506974,04:18:26.974,ACH/USDT:USDT,0.022378,3510.0,0.022376,1420.0,0.022379,148680.0,0.02238,230.0
1753503508074,04:18:28.074,ACH/USDT:USDT,0.022378,3510.0,0.022376,1420.0,0.022379,148680.0,0.02238,230.0
1753503508174,04:18:28.174,ACH/USDT:USDT,0.022378,6810.0,0.022376,1420.0,0.022379,148680.0,0.02238,230.0
1753503508274,04:18:28.274,ACH/USDT:USDT,0.022378,10110.0,0.022376,1420.0,0.022379,148680.0,0.02238,230.0
1753503508475,04:18:28.475,ACH/USDT:USDT,0.022378,10110.0,0.022376,1420.0,0.022379,148680.0,0.02238,230.0
1753503509375,04:18:29.375,ACH/USDT:USDT,0.022378,10110.0,0.022376,1420.0,0.022379,148680.0,0.02238,230.0
1753503509680,04:18:29.680,ACH/USDT:USDT,0.022378,10110.0,0.022376,1420.0,0.022379,148680.0,0.02238,230.0
1753503510174,04:18:30.174,ACH/USDT:USDT,0.022376,1420.0,0.022375,27740.0,0.022379,144220.0,0.02238,230.0
1753503510275,04:18:30.275,ACH/USDT:USDT,0.022376,4370.0,0.022375,27740.0,0.022379,144220.0,0.02238,230.0
1753503510774,04:18:30.774,ACH/USDT:USDT,0.022376,4370.0,0.022375,27740.0,0.022379,144220.0,0.02238,230.0
1753503511274,04:18:31.274,ACH/USDT:USDT,0.022377,2090.0,0.022376,4370.0,0.022379,144220.0,0.02238,230.0
1753503513274,04:18:33.274,ACH/USDT:USDT,0.022377,2090.0,0.022376,4370.0,0.022379,144220.0,0.02238,230.0
1753503514474,04:18:34.474,ACH/USDT:USDT,0.022377,2090.0,0.022376,4370.0,0.022379,144220.0,0.02238,230.0
1753503515176,04:18:35.176,ACH/USDT:USDT,0.022377,2090.0,0.022376,4370.0,0.022379,144220.0,0.02238,230.0
1753503515276,04:18:35.276,ACH/USDT:USDT,0.022377,2090.0,0.022376,4370.0,0.022379,144220.0,0.02238,230.0
1753503516176,04:18:36.176,ACH/USDT:USDT,0.022377,2090.0,0.022376,4370.0,0.022379,144220.0,0.02238,230.0
1753503516275,04:18:36.275,ACH/USDT:USDT,0.022377,2090.0,0.022376,4370.0,0.022379,144220.0,0.02238,230.0
1753503516375,04:18:36.375,ACH/USDT:USDT,0.022377,2090.0,0.022376,1420.0,0.022379,144220.0,0.02238,230.0
1753503516475,04:18:36.475,ACH/USDT:USDT,0.022377,2090.0,0.022376,1420.0,0.022379,144220.0,0.02238,230.0
1753503516575,04:18:36.575,ACH/USDT:USDT,0.022377,2090.0,0.022376,1420.0,0.022379,144220.0,0.02238,230.0
1753503516676,04:18:36.676,ACH/USDT:USDT,0.022377,2090.0,0.022376,1420.0,0.022379,144220.0,0.02238,230.0
1753503516775,04:18:36.775,ACH/USDT:USDT,0.022377,2090.0,0.022376,1420.0,0.022379,144220.0,0.02238,230.0
1753503517474,04:18:37.474,ACH/USDT:USDT,0.022377,2090.0,0.022376,1420.0,0.022379,144220.0,0.02238,230.0
1753503517678,04:18:37.678,ACH/USDT:USDT,0.022377,2090.0,0.022376,1420.0,0.022379,144220.0,0.02238,230.0
1753503517775,04:18:37.775,ACH/USDT:USDT,0.022377,2090.0,0.022376,1420.0,0.022379,144220.0,0.02238,230.0
1753503517974,04:18:37.974,ACH/USDT:USDT,0.022377,2090.0,0.022376,1420.0,0.022379,144220.0,0.02238,230.0
1753503518074,04:18:38.074,ACH/USDT:USDT,0.022377,2090.0,0.022376,1420.0,0.022379,144220.0,0.02238,230.0
1753503518575,04:18:38.575,ACH/USDT:USDT,0.022377,2090.0,0.022376,1420.0,0.022379,144220.0,0.02238,230.0
1753503519075,04:18:39.075,ACH/USDT:USDT,0.022377,2090.0,0.022376,1420.0,0.022379,144220.0,0.02238,230.0
1753503519875,04:18:39.875,ACH/USDT:USDT,0.022377,2090.0,0.022376,1420.0,0.022379,144220.0,0.02238,230.0
1753503520874,04:18:40.874,ACH/USDT:USDT,0.022377,2090.0,0.022376,1420.0,0.022379,144220.0,0.02238,230.0
1753503521075,04:18:41.075,ACH/USDT:USDT,0.022377,25910.0,0.022376,1420.0,0.022379,144220.0,0.02238,230.0
1753503521176,04:18:41.176,ACH/USDT:USDT,0.022377,33300.0,0.022376,1420.0,0.022379,144220.0,0.02238,230.0
1753503521275,04:18:41.275,ACH/USDT:USDT,0.022377,37160.0,0.022376,1420.0,0.022379,144220.0,0.02238,230.0
1753503521373,04:18:41.373,ACH/USDT:USDT,0.022377,37160.0,0.022376,1420.0,0.022379,144220.0,0.02238,230.0
1753503521475,04:18:41.475,ACH/USDT:USDT,0.022379,1420.0,0.022378,14600.0,0.02238,230.0,0.022385,600.0
1753503521575,04:18:41.575,ACH/USDT:USDT,0.022379,2540.0,0.022378,12510.0,0.02238,460.0,0.022386,2740.0
1753503521680,04:18:41.680,ACH/USDT:USDT,0.022379,2540.0,0.022378,12510.0,0.02238,230.0,0.022386,4100.0
1753503521775,04:18:41.775,ACH/USDT:USDT,0.022379,2540.0,0.022378,12510.0,0.02238,204630.0,0.022385,430.0
1753503522074,04:18:42.074,ACH/USDT:USDT,0.022378,12510.0,0.022377,35070.0,0.02238,204630.0,0.022385,430.0
1753503522174,04:18:42.174,ACH/USDT:USDT,0.022378,12510.0,0.022377,35070.0,0.02238,204630.0,0.022385,430.0
1753503522283,04:18:42.283,ACH/USDT:USDT,0.022378,12510.0,0.022377,35070.0,0.02238,204630.0,0.022385,430.0
1753503522876,04:18:42.876,ACH/USDT:USDT,0.022378,12510.0,0.022377,35070.0,0.02238,204630.0,0.022385,430.0
1753503523075,04:18:43.075,ACH/USDT:USDT,0.022378,11150.0,0.022377,31370.0,0.022379,3470.0,0.02238,204630.0
1753503523175,04:18:43.175,ACH/USDT:USDT,0.022378,2700.0,0.022377,27680.0,0.022379,2050.0,0.02238,230.0
1753503523273,04:18:43.273,ACH/USDT:USDT,0.022378,2700.0,0.022377,27680.0,0.022379,206450.0,0.02238,230.0
1753503523374,04:18:43.374,ACH/USDT:USDT,0.022378,2700.0,0.022377,27680.0,0.022379,206450.0,0.02238,230.0
1753503523575,04:18:43.575,ACH/USDT:USDT,0.022378,2700.0,0.022377,27680.0,0.022379,206450.0,0.02238,230.0
1753503523876,04:18:43.876,ACH/USDT:USDT,0.022377,23820.0,0.022375,27740.0,0.022379,206450.0,0.02238,230.0
1753503523975,04:18:43.975,ACH/USDT:USDT,0.022377,25620.0,0.022375,27740.0,0.022379,206450.0,0.02238,230.0
1753503524675,04:18:44.675,ACH/USDT:USDT,0.022377,25620.0,0.022375,27740.0,0.022379,206450.0,0.02238,230.0
1753503524775,04:18:44.775,ACH/USDT:USDT,0.022377,25620.0,0.022375,27740.0,0.022379,206450.0,0.02238,230.0
1753503525174,04:18:45.174,ACH/USDT:USDT,0.022377,27850.0,0.022375,27740.0,0.022379,206450.0,0.02238,230.0
1753503525976,04:18:45.976,ACH/USDT:USDT,0.022377,27850.0,0.022375,27740.0,0.022379,206450.0,0.02238,230.0
1753503527575,04:18:47.575,ACH/USDT:USDT,0.022377,27850.0,0.022375,27740.0,0.022379,206450.0,0.02238,230.0
1753503527673,04:18:47.673,ACH/USDT:USDT,0.022377,25620.0,0.022375,27740.0,0.022379,206450.0,0.02238,230.0
1753503528176,04:18:48.176,ACH/USDT:USDT,0.022377,27850.0,0.022375,27740.0,0.022379,206450.0,0.02238,230.0
1753503528275,04:18:48.275,ACH/USDT:USDT,0.022378,2620.0,0.022377,25620.0,0.022379,193030.0,0.02238,230.0
1753503528375,04:18:48.375,ACH/USDT:USDT,0.022378,2620.0,0.022377,25620.0,0.022379,193030.0,0.02238,230.0
1753503528674,04:18:48.674,ACH/USDT:USDT,0.022378,2620.0,0.022377,25620.0,0.022379,193030.0,0.02238,230.0
1753503528775,04:18:48.775,ACH/USDT:USDT,0.022378,4850.0,0.022377,25620.0,0.022379,193030.0,0.02238,230.0
1753503528875,04:18:48.875,ACH/USDT:USDT,0.022378,2620.0,0.022377,23820.0,0.022379,193030.0,0.02238,230.0
1753503528974,04:18:48.974,ACH/USDT:USDT,0.022378,2620.0,0.022377,23820.0,0.022379,193030.0,0.02238,230.0
1753503529174,04:18:49.174,ACH/USDT:USDT,0.022378,2620.0,0.022377,23820.0,0.022379,193030.0,0.02238,230.0
1753503529474,04:18:49.474,ACH/USDT:USDT,0.022378,2620.0,0.022377,23820.0,0.022379,193030.0,0.02238,230.0
1753503529681,04:18:49.681,ACH/USDT:USDT,0.022378,5480.0,0.022377,23820.0,0.022379,193030.0,0.02238,230.0
1753503530075,04:18:50.075,ACH/USDT:USDT,0.022378,7710.0,0.022377,23820.0,0.022379,193030.0,0.02238,230.0
1753503530475,04:18:50.475,ACH/USDT:USDT,0.022378,7710.0,0.022377,23820.0,0.022379,193030.0,0.02238,230.0
1753503531575,04:18:51.575,ACH/USDT:USDT,0.022378,7710.0,0.022377,23820.0,0.022379,193030.0,0.02238,230.0
1753503531775,04:18:51.775,ACH/USDT:USDT,0.022378,7710.0,0.022377,23820.0,0.022379,193030.0,0.02238,230.0
1753503531975,04:18:51.975,ACH/USDT:USDT,0.022378,7710.0,0.022377,23820.0,0.022379,193030.0,0.02238,230.0
1753503532075,04:18:52.075,ACH/USDT:USDT,0.022378,7710.0,0.022377,23820.0,0.022379,193030.0,0.02238,230.0
1753503532175,04:18:52.175,ACH/USDT:USDT,0.022378,7710.0,0.022377,23820.0,0.022379,193030.0,0.02238,230.0
1753503532474,04:18:52.474,ACH/USDT:USDT,0.022378,7710.0,0.022377,23820.0,0.022379,193030.0,0.02238,230.0
1753503532574,04:18:52.574,ACH/USDT:USDT,0.022378,7710.0,0.022377,23820.0,0.022379,193030.0,0.02238,230.0
1753503532775,04:18:52.775,ACH/USDT:USDT,0.022378,7710.0,0.022377,23820.0,0.022379,193030.0,0.02238,230.0
1753503532874,04:18:52.874,ACH/USDT:USDT,0.022378,7710.0,0.022377,23820.0,0.022379,193030.0,0.02238,230.0
1753503532974,04:18:52.974,ACH/USDT:USDT,0.022378,7710.0,0.022377,23820.0,0.022379,193030.0,0.02238,230.0
1753503533574,04:18:53.574,ACH/USDT:USDT,0.022378,5090.0,0.022377,23820.0,0.022379,193030.0,0.02238,230.0
1753503533680,04:18:53.680,ACH/USDT:USDT,0.022377,26850.0,0.022375,230.0,0.022378,5180.0,0.022379,193030.0
1753503533775,04:18:53.775,ACH/USDT:USDT,0.022377,23820.0,0.022375,230.0,0.022378,6600.0,0.02238,230.0
1753503533874,04:18:53.874,ACH/USDT:USDT,0.022377,23820.0,0.022375,230.0,0.022378,198210.0,0.02238,230.0
1753503533976,04:18:53.976,ACH/USDT:USDT,0.022377,23820.0,0.022375,230.0,0.022378,198210.0,0.02238,230.0
1753503534075,04:18:54.075,ACH/USDT:USDT,0.022377,23820.0,0.022375,230.0,0.022378,198210.0,0.02238,230.0
1753503534175,04:18:54.175,ACH/USDT:USDT,0.022377,23820.0,0.022375,230.0,0.022378,198210.0,0.02238,230.0
1753503534475,04:18:54.475,ACH/USDT:USDT,0.022377,23820.0,0.022375,230.0,0.022378,198210.0,0.02238,230.0
1753503534574,04:18:54.574,ACH/USDT:USDT,0.022377,23820.0,0.022375,230.0,0.022378,198210.0,0.02238,230.0
1753503535674,04:18:55.674,ACH/USDT:USDT,0.022377,23820.0,0.022375,230.0,0.022378,198210.0,0.02238,230.0
1753503535973,04:18:55.973,ACH/USDT:USDT,0.022377,23820.0,0.022375,230.0,0.022378,198210.0,0.02238,230.0
1753503536476,04:18:56.476,ACH/USDT:USDT,0.022377,23820.0,0.022375,230.0,0.022378,198210.0,0.02238,230.0
1753503536575,04:18:56.575,ACH/USDT:USDT,0.022377,23820.0,0.022375,230.0,0.022378,198210.0,0.02238,230.0
1753503536876,04:18:56.876,ACH/USDT:USDT,0.022377,23820.0,0.022375,230.0,0.022378,198210.0,0.02238,230.0
1753503536975,04:18:56.975,ACH/USDT:USDT,0.022377,23820.0,0.022375,230.0,0.022378,198520.0,0.02238,230.0
1753503537073,04:18:57.073,ACH/USDT:USDT,0.022377,23820.0,0.022374,95820.0,0.022378,198520.0,0.02238,230.0
1753503537275,04:18:57.275,ACH/USDT:USDT,0.022377,23820.0,0.022374,95820.0,0.022378,198520.0,0.02238,230.0
1753503540674,04:19:00.674,ACH/USDT:USDT,0.022374,95820.0,0.02237,250.0,0.022375,6670.0,0.022376,20960.0
1753503540775,04:19:00.775,ACH/USDT:USDT,0.022374,95820.0,0.02237,250.0,0.022375,5250.0,0.022376,1360.0
1753503540875,04:19:00.875,ACH/USDT:USDT,0.022374,95820.0,0.02237,250.0,0.022375,198280.0,0.022378,1080.0
1753503540975,04:19:00.975,ACH/USDT:USDT,0.022374,95820.0,0.02237,250.0,0.022375,198280.0,0.022378,1080.0
1753503541176,04:19:01.176,ACH/USDT:USDT,0.022374,95820.0,0.02237,250.0,0.022375,198280.0,0.022378,1080.0
1753503541273,04:19:01.273,ACH/USDT:USDT,0.022374,95820.0,0.02237,250.0,0.022375,198280.0,0.022378,1080.0
1753503541575,04:19:01.575,ACH/USDT:USDT,0.02237,250.0,0.022366,20.0,0.022371,6670.0,0.022373,21710.0
1753503541674,04:19:01.674,ACH/USDT:USDT,0.02237,250.0,0.022366,20.0,0.022371,199700.0,0.022373,1360.0
1753503541774,04:19:01.774,ACH/USDT:USDT,0.02237,250.0,0.022366,20.0,0.022371,201010.0,0.022374,2600.0
1753503541873,04:19:01.873,ACH/USDT:USDT,0.02237,250.0,0.022366,20.0,0.022371,201010.0,0.022374,600.0
1753503541974,04:19:01.974,ACH/USDT:USDT,0.02237,250.0,0.022366,20.0,0.022371,201010.0,0.022374,600.0
1753503542075,04:19:02.075,ACH/USDT:USDT,0.02237,250.0,0.022366,20.0,0.022371,201010.0,0.022374,600.0
1753503542174,04:19:02.174,ACH/USDT:USDT,0.02237,250.0,0.022366,20.0,0.022371,201010.0,0.022374,600.0
1753503542274,04:19:02.274,ACH/USDT:USDT,0.02237,250.0,0.022366,20.0,0.022371,199700.0,0.022374,600.0
1753503542375,04:19:02.375,ACH/USDT:USDT,0.02237,250.0,0.022366,20.0,0.022371,199700.0,0.022374,600.0
1753503542474,04:19:02.474,ACH/USDT:USDT,0.02237,250.0,0.022366,20.0,0.022371,199700.0,0.022374,600.0
1753503542576,04:19:02.576,ACH/USDT:USDT,0.022365,250.0,0.02236,1610.0,0.022366,11700.0,0.022367,1440.0
1753503542675,04:19:02.675,ACH/USDT:USDT,0.022365,250.0,0.02236,1610.0,0.022366,10390.0,0.022367,1440.0
1753503542774,04:19:02.774,ACH/USDT:USDT,0.022365,250.0,0.02236,250.0,0.022366,204730.0,0.022369,350.0
1753503542873,04:19:02.873,ACH/USDT:USDT,0.022365,250.0,0.02236,250.0,0.022366,204730.0,0.022369,350.0
1753503542973,04:19:02.973,ACH/USDT:USDT,0.022365,250.0,0.02236,250.0,0.022366,204730.0,0.022369,350.0
1753503543075,04:19:03.075,ACH/USDT:USDT,0.022365,250.0,0.02236,250.0,0.022366,204730.0,0.022369,350.0
1753503543176,04:19:03.176,ACH/USDT:USDT,0.022365,250.0,0.02236,250.0,0.022366,204730.0,0.022369,350.0
1753503543275,04:19:03.275,ACH/USDT:USDT,0.022365,250.0,0.02236,250.0,0.022366,189970.0,0.02237,2830.0
1753503543374,04:19:03.374,ACH/USDT:USDT,0.022365,250.0,0.02236,250.0,0.022366,191280.0,0.02237,2830.0
1753503543475,04:19:03.475,ACH/USDT:USDT,0.022365,250.0,0.02236,250.0,0.022366,191280.0,0.02237,2830.0
1753503543575,04:19:03.575,ACH/USDT:USDT,0.022365,250.0,0.02236,250.0,0.022366,191280.0,0.02237,2830.0
1753503543676,04:19:03.676,ACH/USDT:USDT,0.022365,250.0,0.02236,250.0,0.022366,191280.0,0.02237,2830.0
1753503543774,04:19:03.774,ACH/USDT:USDT,0.022365,250.0,0.02236,250.0,0.022366,191280.0,0.02237,2830.0
1753503544176,04:19:04.176,ACH/USDT:USDT,0.022365,250.0,0.02236,250.0,0.022366,189970.0,0.02237,600.0
1753503544376,04:19:04.376,ACH/USDT:USDT,0.022365,250.0,0.02236,250.0,0.022366,189970.0,0.02237,600.0
1753503544474,04:19:04.474,ACH/USDT:USDT,0.022365,250.0,0.02236,250.0,0.022366,189970.0,0.02237,600.0
1753503544575,04:19:04.575,ACH/USDT:USDT,0.022365,250.0,0.02236,250.0,0.022366,189970.0,0.02237,600.0
1753503544775,04:19:04.775,ACH/USDT:USDT,0.022365,250.0,0.02236,250.0,0.022366,189970.0,0.02237,600.0
1753503544875,04:19:04.875,ACH/USDT:USDT,0.022365,250.0,0.02236,250.0,0.022366,189970.0,0.02237,600.0
1753503545274,04:19:05.274,ACH/USDT:USDT,0.022365,250.0,0.02236,250.0,0.022366,189970.0,0.02237,600.0
1753503545376,04:19:05.376,ACH/USDT:USDT,0.022365,250.0,0.02236,250.0,0.022366,191280.0,0.02237,600.0
1753503545476,04:19:05.476,ACH/USDT:USDT,0.02236,250.0,0.022355,250.0,0.022361,1460.0,0.022363,1400.0
1753503545574,04:19:05.574,ACH/USDT:USDT,0.02236,250.0,0.022355,250.0,0.022361,2580.0,0.022363,1400.0
1753503545678,04:19:05.678,ACH/USDT:USDT,0.02236,250.0,0.022355,250.0,0.022361,192550.0,0.022364,350.0
1753503546175,04:19:06.175,ACH/USDT:USDT,0.02236,250.0,0.022355,250.0,0.022361,192550.0,0.022364,350.0
1753503546573,04:19:06.573,ACH/USDT:USDT,0.02236,250.0,0.022355,250.0,0.022361,192550.0,0.022365,19900.0
1753503546676,04:19:06.676,ACH/USDT:USDT,0.02236,250.0,0.022355,250.0,0.022361,192550.0,0.022365,19900.0
1753503546875,04:19:06.875,ACH/USDT:USDT,0.02236,250.0,0.022355,250.0,0.022361,192550.0,0.022365,19900.0
1753503547174,04:19:07.174,ACH/USDT:USDT,0.02236,250.0,0.022355,250.0,0.022361,192550.0,0.022365,19900.0
1753503547475,04:19:07.475,ACH/USDT:USDT,0.02236,250.0,0.022355,250.0,0.022361,192550.0,0.022365,19900.0
1753503547677,04:19:07.677,ACH/USDT:USDT,0.02236,250.0,0.022355,250.0,0.022361,192550.0,0.022365,19900.0
1753503547875,04:19:07.875,ACH/USDT:USDT,0.02236,250.0,0.022355,250.0,0.022361,192550.0,0.022365,19900.0
1753503548074,04:19:08.074,ACH/USDT:USDT,0.02236,250.0,0.022355,250.0,0.022361,192550.0,0.022365,600.0
1753503548575,04:19:08.575,ACH/USDT:USDT,0.02236,250.0,0.022355,250.0,0.022361,192550.0,0.022365,600.0
1753503548673,04:19:08.673,ACH/USDT:USDT,0.02236,250.0,0.022355,250.0,0.022361,192550.0,0.022365,600.0
1753503549376,04:19:09.376,ACH/USDT:USDT,0.02236,250.0,0.022355,250.0,0.022361,192550.0,0.022365,600.0
1753503549682,04:19:09.682,ACH/USDT:USDT,0.02236,250.0,0.022355,250.0,0.022361,192550.0,0.022365,600.0
1753503550174,04:19:10.174,ACH/USDT:USDT,0.02236,250.0,0.022355,250.0,0.022361,192550.0,0.022365,600.0
1753503550276,04:19:10.276,ACH/USDT:USDT,0.02236,250.0,0.022355,250.0,0.022361,192550.0,0.022365,600.0
1753503550373,04:19:10.373,ACH/USDT:USDT,0.02236,250.0,0.022355,250.0,0.022361,192550.0,0.022365,600.0
1753503550475,04:19:10.475,ACH/USDT:USDT,0.02236,250.0,0.022355,250.0,0.022361,192550.0,0.022365,600.0
1753503550573,04:19:10.573,ACH/USDT:USDT,0.02236,250.0,0.022355,250.0,0.022361,192550.0,0.022365,600.0
1753503550774,04:19:10.774,ACH/USDT:USDT,0.02236,250.0,0.022355,250.0,0.022361,192550.0,0.022365,600.0
1753503551674,04:19:11.674,ACH/USDT:USDT,0.02236,250.0,0.022355,250.0,0.022361,192550.0,0.022365,600.0
1753503551876,04:19:11.876,ACH/USDT:USDT,0.02236,250.0,0.022355,250.0,0.022361,192550.0,0.022365,600.0
1753503552174,04:19:12.174,ACH/USDT:USDT,0.02236,250.0,0.022355,250.0,0.022361,192550.0,0.022365,600.0
1753503552374,04:19:12.374,ACH/USDT:USDT,0.02236,250.0,0.022355,250.0,0.022361,192550.0,0.022365,600.0
1753503552674,04:19:12.674,ACH/USDT:USDT,0.02236,250.0,0.022355,250.0,0.022361,192550.0,0.022364,2230.0
1753503553276,04:19:13.276,ACH/USDT:USDT,0.02236,250.0,0.022355,250.0,0.022361,192550.0,0.022364,2230.0
1753503553575,04:19:13.575,ACH/USDT:USDT,0.02236,250.0,0.022355,250.0,0.022361,192550.0,0.022364,2230.0
1753503553682,04:19:13.682,ACH/USDT:USDT,0.02236,250.0,0.022355,250.0,0.022361,192550.0,0.022364,2230.0
1753503553976,04:19:13.976,ACH/USDT:USDT,0.02236,250.0,0.022355,250.0,0.022361,197020.0,0.022364,2230.0
1753503554075,04:19:14.075,ACH/USDT:USDT,0.02236,250.0,0.022355,250.0,0.022361,192550.0,0.022364,2230.0
1753503554874,04:19:14.874,ACH/USDT:USDT,0.022352,1360.0,0.02235,1610.0,0.022356,2590.0,0.02236,57770.0
1753503554976,04:19:14.976,ACH/USDT:USDT,0.02235,250.0,0.022346,1360.0,0.022351,2430.0,0.022353,1400.0
1753503555075,04:19:15.075,ACH/USDT:USDT,0.02235,250.0,0.022346,1360.0,0.022351,192400.0,0.022355,600.0
1753503555177,04:19:15.177,ACH/USDT:USDT,0.02235,250.0,0.022345,1370.0,0.022351,192400.0,0.022355,600.0
1753503555274,04:19:15.274,ACH/USDT:USDT,0.02235,1850.0,0.022345,1370.0,0.022351,192400.0,0.022355,600.0
1753503555373,04:19:15.373,ACH/USDT:USDT,0.02235,1850.0,0.022345,1370.0,0.022351,192400.0,0.022355,600.0
1753503555975,04:19:15.975,ACH/USDT:USDT,0.02235,1850.0,0.022345,1370.0,0.022351,191090.0,0.022355,600.0
1753503556074,04:19:16.074,ACH/USDT:USDT,0.02235,1850.0,0.022345,1370.0,0.022351,191090.0,0.022355,600.0
1753503556174,04:19:16.174,ACH/USDT:USDT,0.02235,1850.0,0.022345,1370.0,0.022351,191090.0,0.022355,600.0
1753503556473,04:19:16.473,ACH/USDT:USDT,0.02235,1850.0,0.022345,1370.0,0.022351,191090.0,0.022355,600.0
1753503556574,04:19:16.574,ACH/USDT:USDT,0.02235,1850.0,0.022345,1370.0,0.022351,191090.0,0.022355,600.0
1753503556676,04:19:16.676,ACH/USDT:USDT,0.02235,1850.0,0.022345,1370.0,0.022351,191090.0,0.022355,600.0
1753503556974,04:19:16.974,ACH/USDT:USDT,0.02235,1850.0,0.022345,1370.0,0.022351,191090.0,0.022355,600.0
1753503557475,04:19:17.475,ACH/USDT:USDT,0.02235,1850.0,0.022345,1370.0,0.022351,191090.0,0.022355,600.0
1753503557574,04:19:17.574,ACH/USDT:USDT,0.02235,1850.0,0.022345,1370.0,0.022351,191090.0,0.022355,600.0
1753503557975,04:19:17.975,ACH/USDT:USDT,0.02235,1850.0,0.022345,1370.0,0.022351,191090.0,0.022355,600.0
1753503558074,04:19:18.074,ACH/USDT:USDT,0.02235,1850.0,0.022345,1370.0,0.022351,191090.0,0.022355,600.0
1753503558475,04:19:18.475,ACH/USDT:USDT,0.02235,1850.0,0.022345,1370.0,0.022351,191090.0,0.022355,600.0
1753503558775,04:19:18.775,ACH/USDT:USDT,0.02235,1850.0,0.022345,1370.0,0.022351,191090.0,0.022355,600.0
1753503558875,04:19:18.875,ACH/USDT:USDT,0.02235,1850.0,0.022345,1370.0,0.022351,191090.0,0.022355,600.0
1753503558975,04:19:18.975,ACH/USDT:USDT,0.02235,1850.0,0.022345,1370.0,0.022351,191090.0,0.022355,600.0
1753503559177,04:19:19.177,ACH/USDT:USDT,0.02235,1850.0,0.022345,1370.0,0.022351,191090.0,0.022355,600.0
1753503559273,04:19:19.273,ACH/USDT:USDT,0.02235,1850.0,0.022345,1370.0,0.022351,192400.0,0.022355,600.0
1753503559376,04:19:19.376,ACH/USDT:USDT,0.02235,1850.0,0.022345,1370.0,0.022351,192400.0,0.022355,600.0
1753503559473,04:19:19.473,ACH/USDT:USDT,0.02235,1850.0,0.022345,1370.0,0.022351,192400.0,0.022355,600.0
1753503559678,04:19:19.678,ACH/USDT:USDT,0.02235,1850.0,0.022345,1370.0,0.022351,192400.0,0.022355,600.0
1753503559974,04:19:19.974,ACH/USDT:USDT,0.02235,1850.0,0.022345,1370.0,0.022351,192400.0,0.022355,600.0
1753503560076,04:19:20.076,ACH/USDT:USDT,0.02235,1850.0,0.022345,1370.0,0.022351,191090.0,0.022355,600.0
1753503560475,04:19:20.475,ACH/USDT:USDT,0.02235,1850.0,0.022345,1370.0,0.022351,191090.0,0.022355,600.0
1753503560574,04:19:20.574,ACH/USDT:USDT,0.02235,1850.0,0.022345,1370.0,0.022351,191090.0,0.022355,600.0
1753503560675,04:19:20.675,ACH/USDT:USDT,0.02235,1850.0,0.022345,1370.0,0.022351,191090.0,0.022355,600.0
1753503560775,04:19:20.775,ACH/USDT:USDT,0.02235,1850.0,0.022345,1370.0,0.022351,191090.0,0.022355,600.0
1753503560975,04:19:20.975,ACH/USDT:USDT,0.02235,1850.0,0.022345,1370.0,0.022351,191090.0,0.022355,600.0
1753503561075,04:19:21.075,ACH/USDT:USDT,0.02235,1850.0,0.022345,1370.0,0.022351,191090.0,0.022355,600.0
1753503561274,04:19:21.274,ACH/USDT:USDT,0.02235,1850.0,0.022345,1370.0,0.022351,192400.0,0.022355,600.0
1753503561475,04:19:21.475,ACH/USDT:USDT,0.02235,1850.0,0.022345,1370.0,0.022351,192400.0,0.022355,600.0
1753503561574,04:19:21.574,ACH/USDT:USDT,0.02235,1850.0,0.022345,1370.0,0.022351,191090.0,0.022355,600.0
1753503561679,04:19:21.679,ACH/USDT:USDT,0.02235,1850.0,0.022345,1370.0,0.022351,191090.0,0.022355,600.0
1753503561774,04:19:21.774,ACH/USDT:USDT,0.02235,1850.0,0.022345,1370.0,0.022351,191090.0,0.022355,600.0
1753503561873,04:19:21.873,ACH/USDT:USDT,0.02235,1850.0,0.022345,1370.0,0.022351,191090.0,0.022355,600.0
1753503561975,04:19:21.975,ACH/USDT:USDT,0.02235,1850.0,0.022345,1370.0,0.022351,191090.0,0.022355,600.0
1753503562175,04:19:22.175,ACH/USDT:USDT,0.02235,1850.0,0.022345,1370.0,0.022351,191090.0,0.022355,600.0
1753503562273,04:19:22.273,ACH/USDT:USDT,0.02235,1850.0,0.022345,2830.0,0.022351,191090.0,0.022355,600.0
1753503562375,04:19:22.375,ACH/USDT:USDT,0.02235,1850.0,0.022345,2830.0,0.022351,191090.0,0.022355,600.0
1753503562575,04:19:22.575,ACH/USDT:USDT,0.02235,1850.0,0.022345,2830.0,0.022351,191090.0,0.022355,600.0
1753503562675,04:19:22.675,ACH/USDT:USDT,0.02235,1850.0,0.022345,2830.0,0.022351,191090.0,0.022355,600.0
1753503562773,04:19:22.773,ACH/USDT:USDT,0.02235,1850.0,0.022345,2830.0,0.022351,191090.0,0.022355,600.0
1753503562875,04:19:22.875,ACH/USDT:USDT,0.02235,1850.0,0.022345,2830.0,0.022351,191090.0,0.022355,600.0
1753503562975,04:19:22.975,ACH/USDT:USDT,0.02235,1850.0,0.022345,2830.0,0.022351,191090.0,0.022355,600.0
1753503563075,04:19:23.075,ACH/USDT:USDT,0.02235,1850.0,0.022345,2830.0,0.022351,191090.0,0.022355,600.0
1753503563175,04:19:23.175,ACH/USDT:USDT,0.02235,1850.0,0.022345,2830.0,0.022351,192400.0,0.022355,600.0
1753503563374,04:19:23.374,ACH/USDT:USDT,0.02235,1850.0,0.022345,2830.0,0.022351,192400.0,0.022355,600.0
1753503563475,04:19:23.475,ACH/USDT:USDT,0.02235,1850.0,0.022345,2830.0,0.022351,192400.0,0.022355,600.0
1753503563574,04:19:23.574,ACH/USDT:USDT,0.02235,1850.0,0.022345,2830.0,0.022351,191090.0,0.022355,600.0
1753503563674,04:19:23.674,ACH/USDT:USDT,0.02235,1850.0,0.022345,2830.0,0.022351,191090.0,0.022355,600.0
1753503563875,04:19:23.875,ACH/USDT:USDT,0.02235,1850.0,0.022345,2830.0,0.022351,191090.0,0.022355,600.0
1753503564075,04:19:24.075,ACH/USDT:USDT,0.02235,1850.0,0.022345,2830.0,0.022351,191090.0,0.022355,600.0
1753503564275,04:19:24.275,ACH/USDT:USDT,0.02235,1850.0,0.022345,2830.0,0.022351,191090.0,0.022355,600.0
1753503564376,04:19:24.376,ACH/USDT:USDT,0.02235,1850.0,0.022345,2830.0,0.022351,191090.0,0.022355,600.0
1753503564475,04:19:24.475,ACH/USDT:USDT,0.02235,1850.0,0.022345,2830.0,0.022351,191090.0,0.022355,600.0
1753503564575,04:19:24.575,ACH/USDT:USDT,0.02235,1850.0,0.022345,2830.0,0.022351,191090.0,0.022355,600.0
1753503564676,04:19:24.676,ACH/USDT:USDT,0.02235,1850.0,0.022345,2830.0,0.022351,191090.0,0.022355,600.0
1753503564775,04:19:24.775,ACH/USDT:USDT,0.02235,1850.0,0.022345,2830.0,0.022351,191090.0,0.022355,600.0
1753503564874,04:19:24.874,ACH/USDT:USDT,0.02235,1850.0,0.022345,2830.0,0.022351,191090.0,0.022355,600.0
1753503565074,04:19:25.074,ACH/USDT:USDT,0.02235,1850.0,0.022345,2830.0,0.022351,191090.0,0.022355,600.0
1753503565274,04:19:25.274,ACH/USDT:USDT,0.02235,1850.0,0.022345,2830.0,0.022351,192400.0,0.022355,600.0
1753503565373,04:19:25.373,ACH/USDT:USDT,0.02235,1850.0,0.022345,2830.0,0.022351,192400.0,0.022355,600.0
1753503565476,04:19:25.476,ACH/USDT:USDT,0.02235,1850.0,0.022345,2830.0,0.022351,192400.0,0.022355,600.0
1753503565574,04:19:25.574,ACH/USDT:USDT,0.02235,1850.0,0.022345,2830.0,0.022351,192400.0,0.022355,600.0
1753503565679,04:19:25.679,ACH/USDT:USDT,0.02235,1850.0,0.022345,2830.0,0.022351,191090.0,0.022355,600.0
1753503565774,04:19:25.774,ACH/USDT:USDT,0.02235,1850.0,0.022345,2830.0,0.022351,191090.0,0.022355,600.0
1753503565973,04:19:25.973,ACH/USDT:USDT,0.02235,1850.0,0.022345,2830.0,0.022351,191090.0,0.022355,600.0
1753503566074,04:19:26.074,ACH/USDT:USDT,0.02235,1850.0,0.022345,2830.0,0.022351,191090.0,0.022355,600.0
1753503566177,04:19:26.177,ACH/USDT:USDT,0.02235,1850.0,0.022345,2830.0,0.022351,191090.0,0.022355,600.0
1753503566374,04:19:26.374,ACH/USDT:USDT,0.02235,1850.0,0.022345,2830.0,0.022351,191090.0,0.022355,600.0
1753503566473,04:19:26.473,ACH/USDT:USDT,0.02235,1850.0,0.022345,2830.0,0.022351,191090.0,0.022355,600.0
1753503567676,04:19:27.676,ACH/USDT:USDT,0.02235,1850.0,0.022345,2830.0,0.022351,191090.0,0.022355,600.0
1753503568175,04:19:28.175,ACH/USDT:USDT,0.02235,1850.0,0.022345,2830.0,0.022351,191090.0,0.022355,600.0
1753503569274,04:19:29.274,ACH/USDT:USDT,0.02235,1850.0,0.022345,2830.0,0.022351,191190.0,0.022355,600.0
1753503570176,04:19:30.176,ACH/USDT:USDT,0.02235,1850.0,0.022345,2830.0,0.022351,191190.0,0.022355,600.0
1753503570274,04:19:30.274,ACH/USDT:USDT,0.02235,1850.0,0.022345,2830.0,0.022351,191190.0,0.022355,600.0
1753503570375,04:19:30.375,ACH/USDT:USDT,0.02235,1850.0,0.022345,2830.0,0.022351,191190.0,0.022355,600.0
1753503570475,04:19:30.475,ACH/USDT:USDT,0.02235,1850.0,0.022345,2830.0,0.022351,286870.0,0.022355,600.0
1753503570575,04:19:30.575,ACH/USDT:USDT,0.02235,1850.0,0.022345,2830.0,0.022351,288180.0,0.022355,600.0
