timestamp,time,symbol,bid1_price,bid1_volume,bid2_price,bid2_volume,ask1_price,ask1_volume,ask2_price,ask2_volume
1753504242297,04:30:42.297,ALGO/USDT:USDT,0.2691,4477.7,0.269,78493.8,0.2692,93170.9,0.2693,131780.4
1753504242397,04:30:42.397,ALGO/USDT:USDT,0.2691,4477.7,0.269,78493.8,0.2692,93066.7,0.2693,131780.4
1753504242497,04:30:42.497,ALGO/USDT:USDT,0.2691,4477.7,0.269,78493.8,0.2692,93141.1,0.2693,131780.4
1753504242797,04:30:42.797,ALGO/USDT:USDT,0.2691,4477.7,0.269,78493.8,0.2692,86151.3,0.2693,131780.4
1753504242897,04:30:42.897,ALGO/USDT:USDT,0.2691,4477.7,0.269,78493.8,0.2692,86151.3,0.2693,131780.4
1753504243697,04:30:43.697,ALGO/USDT:USDT,0.2691,4477.7,0.269,78493.8,0.2692,101856.6,0.2693,131780.4
1753504243897,04:30:43.897,ALGO/USDT:USDT,0.2691,4477.7,0.269,78493.8,0.2692,101796.6,0.2693,131780.4
1753504243997,04:30:43.997,ALGO/USDT:USDT,0.2691,4477.7,0.269,78493.8,0.2692,101796.6,0.2693,131780.4
1753504244197,04:30:44.197,ALGO/USDT:USDT,0.2691,4477.7,0.269,78493.8,0.2692,101017.1,0.2693,131780.4
1753504244297,04:30:44.297,ALGO/USDT:USDT,0.2691,4477.7,0.269,78493.8,0.2692,101017.1,0.2693,131780.4
1753504244397,04:30:44.397,ALGO/USDT:USDT,0.2691,4477.7,0.269,78493.8,0.2692,101017.1,0.2693,131780.4
1753504244496,04:30:44.496,ALGO/USDT:USDT,0.2691,4477.7,0.269,78493.8,0.2692,100920.8,0.2693,131780.4
1753504244597,04:30:44.597,ALGO/USDT:USDT,0.2691,4477.7,0.269,78493.8,0.2692,91920.8,0.2693,131780.4
1753504244697,04:30:44.697,ALGO/USDT:USDT,0.2691,4477.7,0.269,78493.8,0.2692,86205.3,0.2693,131780.4
1753504244797,04:30:44.797,ALGO/USDT:USDT,0.2691,4477.7,0.269,78493.8,0.2692,75292.4,0.2693,131780.4
1753504244897,04:30:44.897,ALGO/USDT:USDT,0.2691,4477.7,0.269,78493.8,0.2692,75292.4,0.2693,131780.4
1753504246697,04:30:46.697,ALGO/USDT:USDT,0.2691,4478.6,0.269,78493.8,0.2692,84207.3,0.2693,131780.4
1753504246797,04:30:46.797,ALGO/USDT:USDT,0.2691,2790.8,0.269,78493.8,0.2692,84220.7,0.2693,133638.1
1753504246898,04:30:46.898,ALGO/USDT:USDT,0.2691,2790.8,0.269,78873.0,0.2692,85136.1,0.2693,131780.4
1753504246997,04:30:46.997,ALGO/USDT:USDT,0.2691,2790.8,0.269,78873.0,0.2692,85136.1,0.2693,131780.4
1753504247097,04:30:47.097,ALGO/USDT:USDT,0.2691,2790.8,0.269,78873.0,0.2692,85212.0,0.2693,131780.4
1753504247297,04:30:47.297,ALGO/USDT:USDT,0.2691,2790.8,0.269,78873.0,0.2692,85272.0,0.2693,131780.4
1753504247397,04:30:47.397,ALGO/USDT:USDT,0.2691,4478.6,0.269,78873.0,0.2692,91212.0,0.2693,131780.4
1753504247497,04:30:47.497,ALGO/USDT:USDT,0.2691,4478.6,0.269,78873.0,0.2692,91272.0,0.2693,131780.4
1753504247597,04:30:47.597,ALGO/USDT:USDT,0.2691,4478.6,0.269,78873.0,0.2692,91272.0,0.2693,132151.9
1753504247697,04:30:47.697,ALGO/USDT:USDT,0.2691,4478.6,0.269,78873.0,0.2692,91272.0,0.2693,132894.9
1753504247796,04:30:47.796,ALGO/USDT:USDT,0.2691,4478.6,0.269,56058.7,0.2692,94058.3,0.2693,132894.9
1753504247897,04:30:47.897,ALGO/USDT:USDT,0.2691,4478.6,0.269,56058.7,0.2692,94058.3,0.2693,133266.4
1753504247997,04:30:47.997,ALGO/USDT:USDT,0.2691,11940.0,0.269,56058.7,0.2692,92951.2,0.2693,133287.6
1753504248100,04:30:48.100,ALGO/USDT:USDT,0.2691,11940.0,0.269,76412.0,0.2692,88803.6,0.2693,129075.2
1753504248197,04:30:48.197,ALGO/USDT:USDT,0.2691,11940.0,0.269,76412.0,0.2692,88743.6,0.2693,129054.0
1753504248297,04:30:48.297,ALGO/USDT:USDT,0.2691,4478.5,0.269,76412.0,0.2692,89733.4,0.2693,129054.0
1753504248397,04:30:48.397,ALGO/USDT:USDT,0.2691,4478.5,0.269,76412.0,0.2692,89733.4,0.2693,129054.0
1753504248497,04:30:48.497,ALGO/USDT:USDT,0.2691,4478.5,0.269,76412.0,0.2692,89793.4,0.2693,132151.9
1753504248597,04:30:48.597,ALGO/USDT:USDT,0.2691,4478.5,0.269,76412.0,0.2692,89793.4,0.2693,132151.9
1753504248696,04:30:48.696,ALGO/USDT:USDT,0.2691,4478.5,0.269,76412.0,0.2692,89733.4,0.2693,132151.9
1753504248797,04:30:48.797,ALGO/USDT:USDT,0.2691,4478.5,0.269,76412.0,0.2692,88803.6,0.2693,132151.9
1753504248897,04:30:48.897,ALGO/USDT:USDT,0.2691,4478.5,0.269,76412.0,0.2692,88743.6,0.2693,132151.9
1753504249097,04:30:49.097,ALGO/USDT:USDT,0.2691,4478.5,0.269,76412.0,0.2692,89657.5,0.2693,132151.9
1753504249197,04:30:49.197,ALGO/USDT:USDT,0.2691,4478.5,0.269,76412.0,0.2692,89657.5,0.2693,132151.9
1753504249297,04:30:49.297,ALGO/USDT:USDT,0.2691,4478.5,0.269,76412.0,0.2692,89717.5,0.2693,132151.9
1753504249497,04:30:49.497,ALGO/USDT:USDT,0.2691,4478.5,0.269,76412.0,0.2692,89717.5,0.2693,132523.4
1753504249796,04:30:49.796,ALGO/USDT:USDT,0.2691,4478.5,0.269,76412.0,0.2692,89717.5,0.2693,132523.4
1753504249898,04:30:49.898,ALGO/USDT:USDT,0.269,50809.2,0.2689,82701.5,0.2691,41777.7,0.2692,135294.2
1753504249997,04:30:49.997,ALGO/USDT:USDT,0.269,12935.6,0.2689,103074.5,0.2691,71700.8,0.2692,170677.7
1753504250099,04:30:50.099,ALGO/USDT:USDT,0.269,12019.4,0.2689,103074.5,0.2691,71775.2,0.2692,170677.7
1753504250197,04:30:50.197,ALGO/USDT:USDT,0.269,12019.4,0.2689,103074.5,0.2691,71700.8,0.2692,170677.7
1753504250497,04:30:50.497,ALGO/USDT:USDT,0.269,12019.4,0.2689,103074.5,0.2691,71329.6,0.2692,170677.7
1753504250597,04:30:50.597,ALGO/USDT:USDT,0.269,11640.2,0.2689,103588.3,0.2691,71329.6,0.2692,170677.7
1753504250697,04:30:50.697,ALGO/USDT:USDT,0.269,11640.2,0.2689,103588.3,0.2691,71329.6,0.2692,170677.7
1753504250797,04:30:50.797,ALGO/USDT:USDT,0.269,11640.2,0.2689,103588.3,0.2691,71329.6,0.2692,170677.7
1753504250897,04:30:50.897,ALGO/USDT:USDT,0.269,11640.2,0.2689,103588.3,0.2691,71329.6,0.2692,170677.7
1753504250997,04:30:50.997,ALGO/USDT:USDT,0.269,11640.2,0.2689,96775.8,0.2691,71329.6,0.2692,170677.7
1753504251097,04:30:51.097,ALGO/USDT:USDT,0.269,11640.2,0.2689,96775.8,0.2691,71329.6,0.2692,170677.7
1753504251197,04:30:51.197,ALGO/USDT:USDT,0.269,2645.1,0.2689,85181.0,0.2691,71404.0,0.2692,172304.6
1753504251297,04:30:51.297,ALGO/USDT:USDT,0.269,1845.1,0.2689,85190.1,0.2691,78328.6,0.2692,152661.6
1753504251397,04:30:51.397,ALGO/USDT:USDT,0.269,1848.2,0.2689,85190.1,0.2691,78328.6,0.2692,152661.6
1753504251497,04:30:51.497,ALGO/USDT:USDT,0.269,1848.2,0.2689,85190.1,0.2691,80008.6,0.2692,152661.6
1753504251597,04:30:51.597,ALGO/USDT:USDT,0.269,1848.2,0.2689,85190.1,0.2691,80008.6,0.2692,152661.6
1753504251697,04:30:51.697,ALGO/USDT:USDT,0.269,1848.2,0.2689,85190.1,0.2691,80008.6,0.2692,152661.6
1753504252297,04:30:52.297,ALGO/USDT:USDT,0.269,1848.2,0.2689,85190.1,0.2691,71917.8,0.2692,150804.7
1753504252396,04:30:52.396,ALGO/USDT:USDT,0.269,1848.2,0.2689,85190.1,0.2691,71917.8,0.2692,150804.7
1753504252497,04:30:52.497,ALGO/USDT:USDT,0.269,1848.2,0.2689,92002.6,0.2691,70534.6,0.2692,151176.3
1753504252597,04:30:52.597,ALGO/USDT:USDT,0.269,1848.2,0.2689,92002.6,0.2691,69619.2,0.2692,151176.3
1753504252697,04:30:52.697,ALGO/USDT:USDT,0.269,1848.2,0.2689,92002.6,0.2691,69619.2,0.2692,151176.3
1753504252797,04:30:52.797,ALGO/USDT:USDT,0.269,1848.2,0.2689,92002.6,0.2691,80485.8,0.2692,151176.3
1753504252897,04:30:52.897,ALGO/USDT:USDT,0.269,1848.2,0.2689,92002.6,0.2691,80485.8,0.2692,151176.3
1753504252997,04:30:52.997,ALGO/USDT:USDT,0.269,1848.2,0.2689,92002.6,0.2691,80485.8,0.2692,151176.3
1753504253097,04:30:53.097,ALGO/USDT:USDT,0.269,1848.2,0.2689,92002.6,0.2691,80560.2,0.2692,151176.3
1753504253197,04:30:53.197,ALGO/USDT:USDT,0.269,1848.2,0.2689,92002.6,0.2691,80560.2,0.2692,151176.3
1753504253297,04:30:53.297,ALGO/USDT:USDT,0.269,1848.2,0.2689,92002.6,0.2691,80633.7,0.2692,151176.3
1753504253397,04:30:53.397,ALGO/USDT:USDT,0.269,1848.2,0.2689,92002.6,0.2691,79570.4,0.2692,151176.3
1753504253497,04:30:53.497,ALGO/USDT:USDT,0.269,1848.2,0.2689,85190.1,0.2691,79643.9,0.2692,151176.3
1753504253596,04:30:53.596,ALGO/USDT:USDT,0.269,1848.2,0.2689,85190.1,0.2691,80560.2,0.2692,151176.3
1753504253697,04:30:53.697,ALGO/USDT:USDT,0.269,1848.2,0.2689,85190.1,0.2691,80560.2,0.2692,151176.3
1753504253897,04:30:53.897,ALGO/USDT:USDT,0.269,1848.2,0.2689,85190.1,0.2691,80560.2,0.2692,151176.3
1753504253997,04:30:53.997,ALGO/USDT:USDT,0.269,1848.2,0.2689,85190.1,0.2691,80485.8,0.2692,151176.3
1753504254099,04:30:54.099,ALGO/USDT:USDT,0.269,1848.2,0.2689,85190.1,0.2691,80485.8,0.2692,151176.3
1753504254197,04:30:54.197,ALGO/USDT:USDT,0.269,1848.2,0.2689,85190.1,0.2691,80485.8,0.2692,151176.3
1753504254296,04:30:54.296,ALGO/USDT:USDT,0.269,1848.2,0.2689,85190.1,0.2691,99533.7,0.2692,151176.3
1753504254397,04:30:54.397,ALGO/USDT:USDT,0.269,1848.2,0.2689,85190.1,0.2691,105077.1,0.2692,151543.4
1753504254497,04:30:54.497,ALGO/USDT:USDT,0.269,1848.2,0.2689,85190.1,0.2691,105077.1,0.2692,151915.0
1753504254797,04:30:54.797,ALGO/USDT:USDT,0.269,1848.2,0.2689,85190.1,0.2691,105077.1,0.2692,151915.0
1753504254997,04:30:54.997,ALGO/USDT:USDT,0.269,1848.2,0.2689,85190.1,0.2691,105077.1,0.2692,151915.0
1753504255097,04:30:55.097,ALGO/USDT:USDT,0.269,1848.2,0.2689,85190.1,0.2691,104163.3,0.2692,151915.0
1753504255197,04:30:55.197,ALGO/USDT:USDT,0.269,1848.2,0.2689,85190.1,0.2691,104163.3,0.2692,151915.0
1753504255296,04:30:55.296,ALGO/USDT:USDT,0.269,1848.2,0.2689,85190.1,0.2691,104163.3,0.2692,151915.0
1753504255497,04:30:55.497,ALGO/USDT:USDT,0.269,1848.2,0.2689,85190.1,0.2691,104163.3,0.2692,151915.0
1753504255597,04:30:55.597,ALGO/USDT:USDT,0.269,1848.2,0.2689,85190.1,0.2691,105078.7,0.2692,151915.0
1753504255697,04:30:55.697,ALGO/USDT:USDT,0.269,1848.2,0.2689,85190.1,0.2691,105156.4,0.2692,151915.0
1753504255896,04:30:55.896,ALGO/USDT:USDT,0.269,1848.2,0.2689,85190.1,0.2691,105156.4,0.2692,151915.0
1753504255997,04:30:55.997,ALGO/USDT:USDT,0.269,1848.2,0.2689,85190.1,0.2691,105082.0,0.2692,151915.0
1753504256096,04:30:56.096,ALGO/USDT:USDT,0.269,1848.2,0.2689,85190.1,0.2691,105006.0,0.2692,151915.0
1753504256196,04:30:56.196,ALGO/USDT:USDT,0.269,1848.2,0.2689,85190.1,0.2691,105080.4,0.2692,151915.0
1753504256297,04:30:56.297,ALGO/USDT:USDT,0.269,1848.2,0.2689,85190.1,0.2691,105080.4,0.2692,152286.4
1753504256397,04:30:56.397,ALGO/USDT:USDT,0.269,1848.2,0.2689,85190.1,0.2691,105452.0,0.2692,152286.4
1753504256496,04:30:56.496,ALGO/USDT:USDT,0.269,10801.3,0.2689,85190.1,0.2691,104462.2,0.2692,152286.4
1753504256597,04:30:56.597,ALGO/USDT:USDT,0.269,10801.3,0.2689,85190.1,0.2691,104017.1,0.2692,152286.4
1753504256797,04:30:56.797,ALGO/USDT:USDT,0.269,1848.2,0.2689,85190.1,0.2691,105006.9,0.2692,152286.4
1753504256896,04:30:56.896,ALGO/USDT:USDT,0.269,1848.2,0.2689,85190.1,0.2691,105080.4,0.2692,152286.4
1753504257097,04:30:57.097,ALGO/USDT:USDT,0.269,1821.4,0.2689,85190.1,0.2691,105080.4,0.2692,152286.4
1753504257197,04:30:57.197,ALGO/USDT:USDT,0.269,1821.4,0.2689,85190.1,0.2691,105080.4,0.2692,152286.4
1753504257296,04:30:57.296,ALGO/USDT:USDT,0.269,1821.4,0.2689,85190.1,0.2691,105080.4,0.2692,152286.4
1753504257397,04:30:57.397,ALGO/USDT:USDT,0.269,1821.4,0.2689,85190.1,0.2691,105080.4,0.2692,152658.0
1753504257597,04:30:57.597,ALGO/USDT:USDT,0.269,1821.4,0.2689,85190.1,0.2691,105080.4,0.2692,152658.0
1753504257697,04:30:57.697,ALGO/USDT:USDT,0.269,1821.4,0.2689,85190.1,0.2691,105006.9,0.2692,152658.0
1753504257797,04:30:57.797,ALGO/USDT:USDT,0.269,1821.4,0.2689,85190.1,0.2691,105378.5,0.2692,152658.0
1753504257896,04:30:57.896,ALGO/USDT:USDT,0.269,1821.4,0.2689,85190.1,0.2691,105452.0,0.2692,152658.0
1753504258097,04:30:58.097,ALGO/USDT:USDT,0.269,1733.8,0.2689,85190.1,0.2691,105528.0,0.2692,152658.0
1753504258297,04:30:58.297,ALGO/USDT:USDT,0.269,1733.8,0.2689,85190.1,0.2691,105528.0,0.2692,152658.0
1753504258397,04:30:58.397,ALGO/USDT:USDT,0.269,1733.8,0.2689,85190.1,0.2691,105528.0,0.2692,152658.0
1753504258497,04:30:58.497,ALGO/USDT:USDT,0.269,1733.8,0.2689,85190.1,0.2691,105528.0,0.2692,152658.0
1753504258597,04:30:58.597,ALGO/USDT:USDT,0.269,1733.8,0.2689,85190.1,0.2691,104464.7,0.2692,152286.4
1753504258697,04:30:58.697,ALGO/USDT:USDT,0.269,1733.8,0.2689,85190.1,0.2691,103548.5,0.2692,153202.6
1753504258796,04:30:58.796,ALGO/USDT:USDT,0.269,17451.2,0.2689,88367.8,0.2691,78441.2,0.2692,154985.4
1753504258897,04:30:58.897,ALGO/USDT:USDT,0.269,17451.2,0.2689,88367.8,0.2691,72526.2,0.2692,154242.4
1753504258997,04:30:58.997,ALGO/USDT:USDT,0.269,16040.0,0.2689,88367.8,0.2691,72155.0,0.2692,154242.4
1753504259097,04:30:59.097,ALGO/USDT:USDT,0.269,16040.0,0.2689,88367.8,0.2691,72079.0,0.2692,154242.4
1753504259297,04:30:59.297,ALGO/USDT:USDT,0.269,16040.0,0.2689,88367.8,0.2691,72079.0,0.2692,153875.3
1753504259396,04:30:59.396,ALGO/USDT:USDT,0.269,16040.0,0.2689,88367.8,0.2691,43888.8,0.2692,153875.3
1753504259496,04:30:59.496,ALGO/USDT:USDT,0.269,18198.6,0.2689,88367.8,0.2691,40178.9,0.2692,150405.8
1753504259597,04:30:59.597,ALGO/USDT:USDT,0.269,29234.7,0.2689,88367.8,0.2691,39435.6,0.2692,149489.6
1753504259697,04:30:59.697,ALGO/USDT:USDT,0.269,26160.7,0.2689,88367.8,0.2691,40178.9,0.2692,149489.6
1753504259796,04:30:59.796,ALGO/USDT:USDT,0.269,26160.7,0.2689,88367.8,0.2691,40178.9,0.2692,149489.6
1753504259897,04:30:59.897,ALGO/USDT:USDT,0.269,26160.7,0.2689,88367.8,0.2691,40178.9,0.2692,149489.6
1753504259997,04:30:59.997,ALGO/USDT:USDT,0.269,16840.0,0.2689,88367.8,0.2691,40178.9,0.2692,149489.6
1753504260298,04:31:00.298,ALGO/USDT:USDT,0.269,16840.0,0.2689,88367.8,0.2691,56178.9,0.2692,152591.7
1753504260397,04:31:00.397,ALGO/USDT:USDT,0.269,16840.0,0.2689,88367.8,0.2691,56178.9,0.2692,152591.7
1753504260497,04:31:00.497,ALGO/USDT:USDT,0.269,16840.0,0.2689,88367.8,0.2691,56178.9,0.2692,152591.7
1753504260597,04:31:00.597,ALGO/USDT:USDT,0.269,16840.0,0.2689,88367.8,0.2691,56178.9,0.2692,152591.7
1753504260797,04:31:00.797,ALGO/USDT:USDT,0.269,16840.0,0.2689,88367.8,0.2691,56178.9,0.2692,152591.7
1753504260997,04:31:00.997,ALGO/USDT:USDT,0.269,18671.6,0.2689,88367.8,0.2691,55435.6,0.2692,152591.7
1753504261097,04:31:01.097,ALGO/USDT:USDT,0.269,26160.7,0.2689,88367.8,0.2691,56178.9,0.2692,149489.6
1753504261297,04:31:01.297,ALGO/USDT:USDT,0.269,26160.7,0.2689,87854.0,0.2691,56178.9,0.2692,149489.6
1753504261397,04:31:01.397,ALGO/USDT:USDT,0.269,27992.3,0.2689,87854.0,0.2691,40178.9,0.2692,149489.6
1753504261496,04:31:01.496,ALGO/USDT:USDT,0.269,27992.3,0.2689,87854.0,0.2691,40178.9,0.2692,149489.6
1753504261597,04:31:01.597,ALGO/USDT:USDT,0.269,27992.3,0.2689,87854.0,0.2691,40178.9,0.2692,149540.1
1753504261797,04:31:01.797,ALGO/USDT:USDT,0.269,27992.3,0.2689,87854.0,0.2691,40178.9,0.2692,168440.1
1753504261897,04:31:01.897,ALGO/USDT:USDT,0.269,27992.3,0.2689,87854.0,0.2691,40178.9,0.2692,168440.1
1753504262197,04:31:02.197,ALGO/USDT:USDT,0.269,28033.2,0.2689,87854.0,0.2691,40178.9,0.2692,168440.1
1753504262397,04:31:02.397,ALGO/USDT:USDT,0.269,28033.2,0.2689,87854.0,0.2691,39378.9,0.2692,168440.1
1753504262497,04:31:02.497,ALGO/USDT:USDT,0.269,28033.2,0.2689,87854.0,0.2691,39378.9,0.2692,168440.1
1753504262597,04:31:02.597,ALGO/USDT:USDT,0.269,26201.6,0.2689,87854.0,0.2691,39378.9,0.2692,171542.2
1753504262697,04:31:02.697,ALGO/USDT:USDT,0.269,27117.8,0.2689,87854.0,0.2691,39378.9,0.2692,171542.2
1753504262797,04:31:02.797,ALGO/USDT:USDT,0.269,27117.8,0.2689,87854.0,0.2691,39378.9,0.2692,171542.2
1753504262897,04:31:02.897,ALGO/USDT:USDT,0.269,26201.6,0.2689,87854.0,0.2691,39378.9,0.2692,171542.2
1753504263197,04:31:03.197,ALGO/USDT:USDT,0.269,26201.6,0.2689,87779.6,0.2691,55378.9,0.2692,171542.2
1753504263297,04:31:03.297,ALGO/USDT:USDT,0.269,26201.6,0.2689,87854.0,0.2691,55378.9,0.2692,171542.2
1753504263497,04:31:03.497,ALGO/USDT:USDT,0.269,26201.6,0.2689,87779.6,0.2691,55378.9,0.2692,171542.2
1753504263597,04:31:03.597,ALGO/USDT:USDT,0.269,26201.6,0.2689,87779.6,0.2691,55378.9,0.2692,171542.2
1753504263697,04:31:03.697,ALGO/USDT:USDT,0.269,26201.6,0.2689,87854.0,0.2691,39378.9,0.2692,171542.2
1753504263797,04:31:03.797,ALGO/USDT:USDT,0.269,26201.6,0.2689,87854.0,0.2691,32620.9,0.2692,171542.2
1753504263896,04:31:03.896,ALGO/USDT:USDT,0.269,26201.6,0.2689,87854.0,0.2691,32741.6,0.2692,171542.2
1753504263997,04:31:03.997,ALGO/USDT:USDT,0.269,28043.0,0.2689,87854.0,0.2691,32741.6,0.2692,157542.2
1753504264197,04:31:04.197,ALGO/USDT:USDT,0.269,41043.0,0.2689,87854.0,0.2691,32741.6,0.2692,157542.2
1753504264297,04:31:04.297,ALGO/USDT:USDT,0.269,39211.4,0.2689,87854.0,0.2691,33544.4,0.2692,157534.8
1753504264397,04:31:04.397,ALGO/USDT:USDT,0.269,26211.4,0.2689,87854.0,0.2691,33544.4,0.2692,157534.8
1753504264497,04:31:04.497,ALGO/USDT:USDT,0.269,26211.4,0.2689,87854.0,0.2691,33544.4,0.2692,157534.8
1753504264597,04:31:04.597,ALGO/USDT:USDT,0.269,26211.4,0.2689,87854.0,0.2691,33544.4,0.2692,157534.8
1753504264697,04:31:04.697,ALGO/USDT:USDT,0.269,26211.4,0.2689,87854.0,0.2691,33544.4,0.2692,157534.8
1753504264796,04:31:04.796,ALGO/USDT:USDT,0.269,26211.4,0.2689,87854.0,0.2691,23596.0,0.2692,154603.8
1753504264897,04:31:04.897,ALGO/USDT:USDT,0.269,26211.4,0.2689,87854.0,0.2691,23596.0,0.2692,154603.8
1753504265097,04:31:05.097,ALGO/USDT:USDT,0.269,26287.4,0.2689,87854.0,0.2691,23596.0,0.2692,154603.8
1753504265297,04:31:05.297,ALGO/USDT:USDT,0.269,28119.0,0.2689,87854.0,0.2691,23596.0,0.2692,154603.8
1753504265897,04:31:05.897,ALGO/USDT:USDT,0.269,28119.0,0.2689,87854.0,0.2691,23596.0,0.2692,154603.8
1753504265997,04:31:05.997,ALGO/USDT:USDT,0.269,28119.0,0.2689,87854.0,0.2691,23596.0,0.2692,154603.8
1753504266197,04:31:06.197,ALGO/USDT:USDT,0.269,27202.8,0.2689,87854.0,0.2691,27596.0,0.2692,154565.0
1753504266297,04:31:06.297,ALGO/USDT:USDT,0.269,26287.4,0.2689,87854.0,0.2691,27633.7,0.2692,154565.0
1753504266597,04:31:06.597,ALGO/USDT:USDT,0.269,27203.6,0.2689,87854.0,0.2691,23633.7,0.2692,154565.0
1753504266697,04:31:06.697,ALGO/USDT:USDT,0.269,26265.4,0.2689,87854.0,0.2691,22834.4,0.2692,152565.0
1753504266897,04:31:06.897,ALGO/USDT:USDT,0.269,28171.4,0.2689,95637.2,0.2691,9136.5,0.2692,147554.1
1753504266996,04:31:06.996,ALGO/USDT:USDT,0.269,28097.0,0.2689,95637.2,0.2691,4924.9,0.2692,151766.0
1753504267097,04:31:07.097,ALGO/USDT:USDT,0.269,28097.0,0.2689,95637.2,0.2691,4924.9,0.2692,151766.0
1753504267197,04:31:07.197,ALGO/USDT:USDT,0.269,44097.0,0.2689,96651.6,0.2691,8410.7,0.2692,151766.0
1753504267297,04:31:07.297,ALGO/USDT:USDT,0.269,28097.0,0.2689,96651.6,0.2691,4794.8,0.2692,151766.0
1753504267497,04:31:07.497,ALGO/USDT:USDT,0.269,28097.0,0.2689,96651.6,0.2691,4794.8,0.2692,151766.0
1753504267597,04:31:07.597,ALGO/USDT:USDT,0.269,28096.9,0.2689,96651.6,0.2691,4794.8,0.2692,151766.0
1753504267997,04:31:07.997,ALGO/USDT:USDT,0.269,26265.3,0.2689,96651.6,0.2691,22945.9,0.2692,156033.9
1753504268097,04:31:08.097,ALGO/USDT:USDT,0.269,26265.3,0.2689,96651.6,0.2691,22945.9,0.2692,156033.9
1753504268197,04:31:08.197,ALGO/USDT:USDT,0.269,32265.3,0.2689,96651.6,0.2691,23773.5,0.2692,156033.9
1753504268397,04:31:08.397,ALGO/USDT:USDT,0.269,26257.9,0.2689,96651.6,0.2691,22945.9,0.2692,156033.9
1753504268497,04:31:08.497,ALGO/USDT:USDT,0.269,26257.9,0.2689,96651.6,0.2691,22945.9,0.2692,156033.9
1753504269097,04:31:09.097,ALGO/USDT:USDT,0.269,26181.9,0.2689,93548.3,0.2691,22945.9,0.2692,156033.9
1753504269197,04:31:09.197,ALGO/USDT:USDT,0.269,31181.9,0.2689,93548.3,0.2691,23862.1,0.2692,156033.9
1753504269297,04:31:09.297,ALGO/USDT:USDT,0.269,31181.9,0.2689,93548.3,0.2691,22945.9,0.2692,156033.9
1753504269397,04:31:09.397,ALGO/USDT:USDT,0.269,31181.9,0.2689,93548.3,0.2691,23862.1,0.2692,156033.9
1753504269497,04:31:09.497,ALGO/USDT:USDT,0.269,31181.9,0.2689,93548.3,0.2691,22945.9,0.2692,156033.9
1753504269797,04:31:09.797,ALGO/USDT:USDT,0.269,31181.9,0.2689,93548.3,0.2691,22945.9,0.2692,156033.9
1753504269996,04:31:09.996,ALGO/USDT:USDT,0.269,26181.9,0.2689,93548.3,0.2691,22945.9,0.2692,156033.9
1753504270097,04:31:10.097,ALGO/USDT:USDT,0.269,41257.9,0.2689,93548.3,0.2691,22945.9,0.2692,156033.9
1753504270197,04:31:10.197,ALGO/USDT:USDT,0.269,41257.9,0.2689,93548.3,0.2691,25419.1,0.2692,156033.9
1753504270297,04:31:10.297,ALGO/USDT:USDT,0.269,41257.9,0.2689,93548.3,0.2691,25419.1,0.2692,156033.9
1753504270519,04:31:10.519,ALGO/USDT:USDT,0.269,43089.5,0.2689,93548.3,0.2691,25419.1,0.2692,156033.9
1753504270598,04:31:10.598,ALGO/USDT:USDT,0.2691,60087.2,0.269,66926.4,0.2692,28673.9,0.2693,89289.0
1753504270698,04:31:10.698,ALGO/USDT:USDT,0.2692,42281.1,0.2691,120603.1,0.2693,14550.2,0.2694,106427.3
1753504270797,04:31:10.797,ALGO/USDT:USDT,0.2692,45382.1,0.2691,124870.7,0.2693,8603.7,0.2694,106427.3
1753504270897,04:31:10.897,ALGO/USDT:USDT,0.2692,45382.1,0.2691,124870.7,0.2693,8603.7,0.2694,110644.8
1753504270997,04:31:10.997,ALGO/USDT:USDT,0.2692,42281.1,0.2691,107067.1,0.2693,12263.6,0.2694,123270.6
1753504271098,04:31:11.098,ALGO/USDT:USDT,0.2692,42357.0,0.2691,107252.8,0.2693,30594.4,0.2694,123344.9
1753504271197,04:31:11.197,ALGO/USDT:USDT,0.2692,42357.0,0.2691,107252.8,0.2693,15263.6,0.2694,109334.8
1753504271297,04:31:11.297,ALGO/USDT:USDT,0.2692,42357.0,0.2691,107252.8,0.2693,8125.9,0.2694,109334.8
1753504271397,04:31:11.397,ALGO/USDT:USDT,0.2692,42357.0,0.2691,107252.8,0.2693,8125.9,0.2694,109334.8
1753504271497,04:31:11.497,ALGO/USDT:USDT,0.2692,42395.0,0.2691,114588.7,0.2693,8125.9,0.2694,109334.8
1753504271697,04:31:11.697,ALGO/USDT:USDT,0.2692,42395.0,0.2691,114588.7,0.2693,3000.0,0.2694,111190.5
1753504271797,04:31:11.797,ALGO/USDT:USDT,0.2692,42395.0,0.2691,114588.7,0.2693,3000.0,0.2694,111190.5
1753504271897,04:31:11.897,ALGO/USDT:USDT,0.2692,42395.0,0.2691,114588.7,0.2693,3000.0,0.2694,111190.5
1753504271997,04:31:11.997,ALGO/USDT:USDT,0.2693,26898.2,0.2692,105919.6,0.2694,40344.1,0.2695,155424.9
1753504272100,04:31:12.100,ALGO/USDT:USDT,0.2693,26898.2,0.2692,104012.1,0.2694,50915.1,0.2695,150040.8
1753504272196,04:31:12.196,ALGO/USDT:USDT,0.2693,26898.2,0.2692,104012.1,0.2694,51657.6,0.2695,153567.7
1753504272397,04:31:12.397,ALGO/USDT:USDT,0.2693,26553.6,0.2692,100342.4,0.2694,51657.6,0.2695,155424.0
1753504272497,04:31:12.497,ALGO/USDT:USDT,0.2693,26553.6,0.2692,100342.4,0.2694,51657.6,0.2695,155424.0
1753504272597,04:31:12.597,ALGO/USDT:USDT,0.2693,26553.6,0.2692,100342.4,0.2694,51657.6,0.2695,155424.0
1753504272697,04:31:12.697,ALGO/USDT:USDT,0.2693,26223.6,0.2692,100342.4,0.2694,49998.9,0.2695,151711.4
1753504272897,04:31:12.897,ALGO/USDT:USDT,0.2693,26223.6,0.2692,100342.4,0.2694,52573.0,0.2695,155424.0
1753504272997,04:31:12.997,ALGO/USDT:USDT,0.2693,26223.6,0.2692,100342.4,0.2694,52573.0,0.2695,155498.3
1753504273098,04:31:13.098,ALGO/USDT:USDT,0.2693,26223.6,0.2692,100342.4,0.2694,41716.4,0.2695,155424.0
1753504273197,04:31:13.197,ALGO/USDT:USDT,0.2693,26223.6,0.2692,97247.8,0.2694,43387.0,0.2695,157354.6
1753504273397,04:31:13.397,ALGO/USDT:USDT,0.2693,26223.6,0.2692,97247.8,0.2694,43387.0,0.2695,157280.3
1753504273497,04:31:13.497,ALGO/USDT:USDT,0.2693,26223.6,0.2692,97247.8,0.2694,41555.4,0.2695,157280.3
1753504273598,04:31:13.598,ALGO/USDT:USDT,0.2693,26223.6,0.2692,97247.8,0.2694,41555.4,0.2695,176180.3
1753504273697,04:31:13.697,ALGO/USDT:USDT,0.2693,26223.6,0.2692,97247.8,0.2694,42471.6,0.2695,176180.3
1753504273796,04:31:13.796,ALGO/USDT:USDT,0.2693,15397.5,0.2692,97247.8,0.2694,43387.0,0.2695,176254.6
1753504273896,04:31:13.896,ALGO/USDT:USDT,0.2693,15405.5,0.2692,97247.8,0.2694,44243.3,0.2695,176254.6
1753504273997,04:31:13.997,ALGO/USDT:USDT,0.2693,15405.5,0.2692,97247.8,0.2694,43500.8,0.2695,172467.7
1753504274096,04:31:14.096,ALGO/USDT:USDT,0.2693,15405.5,0.2692,97247.8,0.2694,52500.8,0.2695,172542.0
1753504274197,04:31:14.197,ALGO/USDT:USDT,0.2693,15405.5,0.2692,97247.8,0.2694,52500.8,0.2695,172542.0
1753504274297,04:31:14.297,ALGO/USDT:USDT,0.2693,8251.1,0.2692,97247.8,0.2694,53243.3,0.2695,176612.2
1753504274597,04:31:14.597,ALGO/USDT:USDT,0.2693,8251.1,0.2692,97247.8,0.2694,52327.9,0.2695,176612.2
1753504274697,04:31:14.697,ALGO/USDT:USDT,0.2693,8251.1,0.2692,97247.8,0.2694,52327.9,0.2695,176612.2
1753504274797,04:31:14.797,ALGO/USDT:USDT,0.2693,8251.1,0.2692,97247.8,0.2694,52327.9,0.2695,176612.2
1753504274897,04:31:14.897,ALGO/USDT:USDT,0.2693,8251.1,0.2692,97247.8,0.2694,52327.9,0.2695,176612.2
1753504274997,04:31:14.997,ALGO/USDT:USDT,0.2693,8251.1,0.2692,97247.8,0.2694,52327.9,0.2695,174755.9
1753504275097,04:31:15.097,ALGO/USDT:USDT,0.2693,8251.1,0.2692,97247.8,0.2694,52327.9,0.2695,174755.9
1753504275197,04:31:15.197,ALGO/USDT:USDT,0.2693,8251.1,0.2692,97247.8,0.2694,52327.9,0.2695,174755.9
1753504275397,04:31:15.397,ALGO/USDT:USDT,0.2693,8251.8,0.2692,97247.8,0.2694,52327.9,0.2695,174755.9
1753504275497,04:31:15.497,ALGO/USDT:USDT,0.2693,8251.8,0.2692,97247.8,0.2694,52327.9,0.2695,174755.9
1753504275697,04:31:15.697,ALGO/USDT:USDT,0.2693,8251.8,0.2692,97247.8,0.2694,52327.9,0.2695,174496.1
1753504275797,04:31:15.797,ALGO/USDT:USDT,0.2693,8251.8,0.2692,97247.8,0.2694,52327.9,0.2695,174496.1
1753504275897,04:31:15.897,ALGO/USDT:USDT,0.2693,8251.8,0.2692,97247.8,0.2694,52383.6,0.2695,174496.1
1753504276097,04:31:16.097,ALGO/USDT:USDT,0.2693,8251.8,0.2692,97247.8,0.2694,52383.6,0.2695,174496.1
1753504276197,04:31:16.197,ALGO/USDT:USDT,0.2693,8251.8,0.2692,97247.8,0.2694,52383.6,0.2695,174496.1
1753504276297,04:31:16.297,ALGO/USDT:USDT,0.2693,8251.8,0.2692,97247.8,0.2694,52383.6,0.2695,174570.4
1753504276498,04:31:16.498,ALGO/USDT:USDT,0.2693,8251.8,0.2692,97247.8,0.2694,52383.6,0.2695,174570.4
1753504276697,04:31:16.697,ALGO/USDT:USDT,0.2693,8251.8,0.2692,97247.8,0.2694,52383.6,0.2695,174570.4
1753504276796,04:31:16.796,ALGO/USDT:USDT,0.2693,6760.1,0.2692,85653.0,0.2694,56454.6,0.2695,178283.0
1753504276897,04:31:16.897,ALGO/USDT:USDT,0.2693,6760.1,0.2692,85653.0,0.2694,56454.6,0.2695,178283.0
1753504276997,04:31:16.997,ALGO/USDT:USDT,0.2693,6760.1,0.2692,85653.0,0.2694,58503.7,0.2695,178283.0
1753504277097,04:31:17.097,ALGO/USDT:USDT,0.2693,6760.1,0.2692,97247.8,0.2694,58503.7,0.2695,178283.0
1753504277397,04:31:17.397,ALGO/USDT:USDT,0.2693,6760.1,0.2692,96871.7,0.2694,58503.7,0.2695,182039.0
1753504277497,04:31:17.497,ALGO/USDT:USDT,0.2693,6760.1,0.2692,96871.7,0.2694,58503.7,0.2695,182781.4
1753504277598,04:31:17.598,ALGO/USDT:USDT,0.2693,6760.1,0.2692,96871.7,0.2694,58503.7,0.2695,183148.3
1753504277697,04:31:17.697,ALGO/USDT:USDT,0.2693,6760.3,0.2692,96871.7,0.2694,54259.0,0.2695,183074.0
1753504277797,04:31:17.797,ALGO/USDT:USDT,0.2693,6760.3,0.2692,96871.7,0.2694,55175.2,0.2695,183445.2
1753504277896,04:31:17.896,ALGO/USDT:USDT,0.2693,16081.0,0.2692,96871.7,0.2694,34706.0,0.2695,183445.2
1753504277997,04:31:17.997,ALGO/USDT:USDT,0.2693,23218.7,0.2692,96946.0,0.2694,32107.0,0.2695,173791.9
1753504278101,04:31:18.101,ALGO/USDT:USDT,0.2693,33134.9,0.2692,100040.6,0.2694,32536.0,0.2695,173053.8
1753504278197,04:31:18.197,ALGO/USDT:USDT,0.2693,24134.9,0.2692,100040.6,0.2694,32536.0,0.2695,173053.8
1753504278297,04:31:18.297,ALGO/USDT:USDT,0.2693,23218.7,0.2692,99966.3,0.2694,34214.1,0.2695,173053.8
1753504278397,04:31:18.397,ALGO/USDT:USDT,0.2693,23266.2,0.2692,99928.3,0.2694,34206.6,0.2695,174910.1
1753504278497,04:31:18.497,ALGO/USDT:USDT,0.2693,23266.2,0.2692,99928.3,0.2694,32536.0,0.2695,172325.0
1753504278596,04:31:18.596,ALGO/USDT:USDT,0.2693,23266.2,0.2692,99928.3,0.2694,32536.0,0.2695,172325.0
1753504278697,04:31:18.697,ALGO/USDT:USDT,0.2693,23266.2,0.2692,99928.3,0.2694,32536.0,0.2695,172325.0
1753504278797,04:31:18.797,ALGO/USDT:USDT,0.2693,23266.2,0.2692,99928.3,0.2694,32536.0,0.2695,172325.0
1753504278896,04:31:18.896,ALGO/USDT:USDT,0.2693,23266.2,0.2692,99928.3,0.2694,32536.0,0.2695,172325.0
1753504278997,04:31:18.997,ALGO/USDT:USDT,0.2693,32182.4,0.2692,99928.3,0.2694,32536.0,0.2695,172325.0
1753504279097,04:31:19.097,ALGO/USDT:USDT,0.2693,32182.4,0.2692,100002.6,0.2694,32536.0,0.2695,172325.0
1753504279397,04:31:19.397,ALGO/USDT:USDT,0.2693,32182.4,0.2692,100002.6,0.2694,32536.0,0.2695,172325.0
1753504279497,04:31:19.497,ALGO/USDT:USDT,0.2693,23266.2,0.2692,99928.3,0.2694,32536.0,0.2695,172325.0
1753504279597,04:31:19.597,ALGO/USDT:USDT,0.2693,23266.2,0.2692,99928.3,0.2694,32536.0,0.2695,172325.0
1753504279696,04:31:19.696,ALGO/USDT:USDT,0.2693,23266.2,0.2692,99928.3,0.2694,32536.0,0.2695,172325.0
1753504279797,04:31:19.797,ALGO/USDT:USDT,0.2693,24182.4,0.2692,99928.3,0.2694,31051.0,0.2695,170468.7
1753504279897,04:31:19.897,ALGO/USDT:USDT,0.2693,25897.8,0.2692,99928.3,0.2694,31051.0,0.2695,170468.7
1753504279997,04:31:19.997,ALGO/USDT:USDT,0.2693,24066.2,0.2692,99928.3,0.2694,33464.1,0.2695,172325.0
1753504280097,04:31:20.097,ALGO/USDT:USDT,0.2693,19093.3,0.2692,96833.7,0.2694,31608.3,0.2695,174255.3
1753504280196,04:31:20.196,ALGO/USDT:USDT,0.2693,18760.1,0.2692,101855.7,0.2694,23492.7,0.2695,167015.8
1753504280297,04:31:20.297,ALGO/USDT:USDT,0.2693,25924.3,0.2692,101855.7,0.2694,27709.4,0.2695,166941.5
1753504280397,04:31:20.397,ALGO/USDT:USDT,0.2693,28027.2,0.2692,115162.5,0.2694,21265.3,0.2695,152856.4
1753504280497,04:31:20.497,ALGO/USDT:USDT,0.2693,28027.2,0.2692,115162.5,0.2694,21265.3,0.2695,152856.4
1753504280597,04:31:20.597,ALGO/USDT:USDT,0.2693,29018.9,0.2692,115218.3,0.2694,12627.4,0.2695,145482.1
1753504280696,04:31:20.696,ALGO/USDT:USDT,0.2693,25924.3,0.2692,115218.3,0.2694,19791.6,0.2695,159006.2
1753504280798,04:31:20.798,ALGO/USDT:USDT,0.2693,25924.3,0.2692,115218.3,0.2694,19791.6,0.2695,159006.2
1753504280897,04:31:20.897,ALGO/USDT:USDT,0.2693,24092.7,0.2692,115218.3,0.2694,20591.6,0.2695,159006.2
1753504280997,04:31:20.997,ALGO/USDT:USDT,0.2693,41924.3,0.2692,115218.3,0.2694,20539.3,0.2695,159006.2
1753504281097,04:31:21.097,ALGO/USDT:USDT,0.2693,24092.7,0.2692,115218.3,0.2694,11487.7,0.2695,162533.1
1753504281197,04:31:21.197,ALGO/USDT:USDT,0.2693,25008.9,0.2692,115218.3,0.2694,24792.0,0.2695,156947.1
1753504281297,04:31:21.297,ALGO/USDT:USDT,0.2693,25924.3,0.2692,115218.3,0.2694,23992.0,0.2695,156947.1
1753504281396,04:31:21.396,ALGO/USDT:USDT,0.2693,25924.3,0.2692,108413.4,0.2694,21932.9,0.2695,156947.1
1753504281497,04:31:21.497,ALGO/USDT:USDT,0.2693,25924.1,0.2692,108413.4,0.2694,20968.8,0.2695,156947.1
1753504281598,04:31:21.598,ALGO/USDT:USDT,0.2693,25924.1,0.2692,108413.4,0.2694,9945.2,0.2695,156947.1
1753504281697,04:31:21.697,ALGO/USDT:USDT,0.2693,28025.7,0.2692,108413.4,0.2694,8904.3,0.2695,156947.1
1753504281797,04:31:21.797,ALGO/USDT:USDT,0.2693,25924.1,0.2692,108413.4,0.2694,17543.4,0.2695,156947.1
1753504281896,04:31:21.896,ALGO/USDT:USDT,0.2693,44069.1,0.2692,108413.4,0.2694,4186.5,0.2695,156872.8
1753504281998,04:31:21.998,ALGO/USDT:USDT,0.2694,35276.5,0.2693,102756.4,0.2695,74038.2,0.2696,139585.6
1753504282100,04:31:22.100,ALGO/USDT:USDT,0.2694,35276.5,0.2693,100850.5,0.2695,69282.7,0.2696,135235.2
1753504282196,04:31:22.196,ALGO/USDT:USDT,0.2694,37108.1,0.2693,100980.6,0.2695,33201.6,0.2696,135456.9
1753504282297,04:31:22.297,ALGO/USDT:USDT,0.2694,36191.9,0.2693,100980.6,0.2695,33201.6,0.2696,135456.9
1753504282397,04:31:22.397,ALGO/USDT:USDT,0.2694,36191.9,0.2693,100980.6,0.2695,33201.6,0.2696,135456.9
1753504282496,04:31:22.496,ALGO/USDT:USDT,0.2694,35853.5,0.2693,100980.6,0.2695,29445.6,0.2696,135456.9
1753504282597,04:31:22.597,ALGO/USDT:USDT,0.2694,35853.5,0.2693,100980.6,0.2695,29445.6,0.2696,135456.9
1753504282697,04:31:22.697,ALGO/USDT:USDT,0.2694,8982.3,0.2693,77685.0,0.2695,40161.2,0.2696,150928.6
1753504282797,04:31:22.797,ALGO/USDT:USDT,0.2694,8982.3,0.2693,77703.6,0.2695,44800.2,0.2696,152784.2
1753504282897,04:31:22.897,ALGO/USDT:USDT,0.2693,18617.1,0.2692,85346.8,0.2694,22744.8,0.2695,139538.6
1753504282997,04:31:22.997,ALGO/USDT:USDT,0.2693,34274.4,0.2692,91573.7,0.2694,22395.8,0.2695,145136.6
1753504283097,04:31:23.097,ALGO/USDT:USDT,0.2693,36106.0,0.2692,82188.6,0.2694,15231.6,0.2695,139755.4
1753504283197,04:31:23.197,ALGO/USDT:USDT,0.2693,34274.4,0.2692,107534.0,0.2694,21652.7,0.2695,139755.4
1753504283297,04:31:23.297,ALGO/USDT:USDT,0.2693,33924.9,0.2692,107534.0,0.2694,21652.7,0.2695,139755.4
1753504283396,04:31:23.396,ALGO/USDT:USDT,0.2693,35756.5,0.2692,107534.0,0.2694,21652.7,0.2695,139755.4
1753504283497,04:31:23.497,ALGO/USDT:USDT,0.2693,35756.5,0.2692,107534.0,0.2694,21652.7,0.2695,139755.4
1753504283596,04:31:23.596,ALGO/USDT:USDT,0.2693,35756.5,0.2692,107534.0,0.2694,21652.7,0.2695,139755.4
1753504283697,04:31:23.697,ALGO/USDT:USDT,0.2693,35756.5,0.2692,107534.0,0.2694,21652.7,0.2695,139755.4
1753504283796,04:31:23.796,ALGO/USDT:USDT,0.2693,33924.9,0.2692,107534.0,0.2694,21652.7,0.2695,139755.4
1753504283896,04:31:23.896,ALGO/USDT:USDT,0.2693,33924.9,0.2692,107534.0,0.2694,21652.7,0.2695,139755.4
1753504283997,04:31:23.997,ALGO/USDT:USDT,0.2693,35756.5,0.2692,107534.0,0.2694,21652.7,0.2695,139755.4
1753504284100,04:31:24.100,ALGO/USDT:USDT,0.2693,35756.5,0.2692,107534.0,0.2694,21652.7,0.2695,139755.4
1753504284197,04:31:24.197,ALGO/USDT:USDT,0.2693,34841.1,0.2692,100729.1,0.2694,21652.7,0.2695,139755.4
1753504284296,04:31:24.296,ALGO/USDT:USDT,0.2693,35756.5,0.2692,100729.1,0.2694,21652.7,0.2695,139755.4
1753504284397,04:31:24.397,ALGO/USDT:USDT,0.2693,35756.5,0.2692,100729.1,0.2694,21652.7,0.2695,139755.4
1753504284497,04:31:24.497,ALGO/USDT:USDT,0.2693,35756.5,0.2692,100729.1,0.2694,14488.5,0.2695,139755.4
1753504284596,04:31:24.596,ALGO/USDT:USDT,0.2693,35756.5,0.2692,107534.0,0.2694,7714.6,0.2695,136665.8
1753504284696,04:31:24.696,ALGO/USDT:USDT,0.2693,35756.5,0.2692,107534.0,0.2694,7714.6,0.2695,136665.8
1753504284897,04:31:24.897,ALGO/USDT:USDT,0.2693,35756.5,0.2692,107534.0,0.2694,7714.6,0.2695,136665.8
1753504285097,04:31:25.097,ALGO/USDT:USDT,0.2693,35832.4,0.2692,107534.0,0.2694,7714.6,0.2695,136665.8
1753504285197,04:31:25.197,ALGO/USDT:USDT,0.2693,35832.4,0.2692,107534.0,0.2694,7714.6,0.2695,155565.8
1753504285297,04:31:25.297,ALGO/USDT:USDT,0.2693,35832.4,0.2692,107534.0,0.2694,6364.7,0.2695,155565.8
1753504285396,04:31:25.396,ALGO/USDT:USDT,0.2693,35832.4,0.2692,107534.0,0.2694,6364.7,0.2695,155565.8
1753504285497,04:31:25.497,ALGO/USDT:USDT,0.2693,35832.4,0.2692,107534.0,0.2694,6364.7,0.2695,155565.8
1753504285598,04:31:25.598,ALGO/USDT:USDT,0.2693,35832.4,0.2692,100729.1,0.2694,6364.7,0.2695,155565.8
1753504286197,04:31:26.197,ALGO/USDT:USDT,0.2693,35832.4,0.2692,100729.1,0.2694,6364.7,0.2695,155565.8
1753504286497,04:31:26.497,ALGO/USDT:USDT,0.2693,35832.4,0.2692,100729.1,0.2694,6364.7,0.2695,155565.8
1753504286597,04:31:26.597,ALGO/USDT:USDT,0.2693,35839.0,0.2692,100729.1,0.2694,6364.7,0.2695,155565.8
1753504286697,04:31:26.697,ALGO/USDT:USDT,0.2693,35839.0,0.2692,100729.1,0.2694,6364.7,0.2695,155565.8
1753504286897,04:31:26.897,ALGO/USDT:USDT,0.2693,35867.3,0.2692,100729.1,0.2694,6364.7,0.2695,155565.8
1753504286997,04:31:26.997,ALGO/USDT:USDT,0.2693,34035.7,0.2692,100729.1,0.2694,25965.6,0.2695,158656.6
1753504287097,04:31:27.097,ALGO/USDT:USDT,0.2693,33959.8,0.2692,100729.1,0.2694,25965.6,0.2695,158656.6
1753504287196,04:31:27.196,ALGO/USDT:USDT,0.2693,33959.8,0.2692,100729.1,0.2694,25965.6,0.2695,158656.6
1753504287297,04:31:27.297,ALGO/USDT:USDT,0.2693,33959.8,0.2692,100729.1,0.2694,25967.8,0.2695,158656.6
1753504287397,04:31:27.397,ALGO/USDT:USDT,0.2693,33959.8,0.2692,100729.1,0.2694,25967.8,0.2695,158656.6
1753504287497,04:31:27.497,ALGO/USDT:USDT,0.2693,35791.4,0.2692,100729.1,0.2694,16487.6,0.2695,158656.6
1753504287596,04:31:27.596,ALGO/USDT:USDT,0.2693,35791.4,0.2692,100729.1,0.2694,16487.6,0.2695,158656.6
1753504287697,04:31:27.697,ALGO/USDT:USDT,0.2693,35791.4,0.2692,100729.1,0.2694,16487.6,0.2695,158656.6
1753504287797,04:31:27.797,ALGO/USDT:USDT,0.2693,34876.0,0.2692,100729.1,0.2694,16487.6,0.2695,158656.6
1753504288197,04:31:28.197,ALGO/USDT:USDT,0.2693,33959.8,0.2692,100729.1,0.2694,16487.6,0.2695,158656.6
1753504288297,04:31:28.297,ALGO/USDT:USDT,0.2693,33959.8,0.2692,100729.1,0.2694,16487.6,0.2695,158656.6
1753504288397,04:31:28.397,ALGO/USDT:USDT,0.2693,33959.8,0.2692,100729.1,0.2694,16487.6,0.2695,158656.6
1753504288697,04:31:28.697,ALGO/USDT:USDT,0.2693,35791.4,0.2692,100729.1,0.2694,14580.4,0.2695,158656.6
1753504288797,04:31:28.797,ALGO/USDT:USDT,0.2693,35791.4,0.2692,100729.1,0.2694,14580.4,0.2695,158656.6
1753504288897,04:31:28.897,ALGO/USDT:USDT,0.2693,35792.6,0.2692,100729.1,0.2694,14580.4,0.2695,158656.6
1753504288997,04:31:28.997,ALGO/USDT:USDT,0.2693,35792.6,0.2692,100729.1,0.2694,14580.4,0.2695,158656.6
1753504289097,04:31:29.097,ALGO/USDT:USDT,0.2693,33961.0,0.2692,100729.1,0.2694,14580.4,0.2695,158656.6
1753504289196,04:31:29.196,ALGO/USDT:USDT,0.2693,33961.0,0.2692,100729.1,0.2694,21744.6,0.2695,158656.6
1753504289297,04:31:29.297,ALGO/USDT:USDT,0.2693,33961.0,0.2692,100729.1,0.2694,21744.6,0.2695,158656.6
1753504289397,04:31:29.397,ALGO/USDT:USDT,0.2693,33961.0,0.2692,100729.1,0.2694,20944.6,0.2695,158656.6
1753504289497,04:31:29.497,ALGO/USDT:USDT,0.2693,33961.0,0.2692,100729.1,0.2694,21744.6,0.2695,158656.6
1753504289797,04:31:29.797,ALGO/USDT:USDT,0.2693,33961.0,0.2692,100729.1,0.2694,21744.6,0.2695,158656.6
1753504289997,04:31:29.997,ALGO/USDT:USDT,0.2693,33961.0,0.2692,100729.1,0.2694,21744.6,0.2695,158656.6
1753504290297,04:31:30.297,ALGO/USDT:USDT,0.2693,33961.0,0.2692,100729.1,0.2694,21744.6,0.2695,158656.6
1753504290396,04:31:30.396,ALGO/USDT:USDT,0.2693,33961.0,0.2692,100729.1,0.2694,21744.6,0.2695,158656.6
1753504290496,04:31:30.496,ALGO/USDT:USDT,0.2693,33961.0,0.2692,101041.6,0.2694,21744.6,0.2695,158656.6
1753504290597,04:31:30.597,ALGO/USDT:USDT,0.2693,35792.6,0.2692,101041.6,0.2694,21744.6,0.2695,158656.6
1753504290796,04:31:30.796,ALGO/USDT:USDT,0.2693,35792.6,0.2692,101041.6,0.2694,21744.6,0.2695,158656.6
1753504290896,04:31:30.896,ALGO/USDT:USDT,0.2693,35792.6,0.2692,101041.6,0.2694,21744.6,0.2695,158656.6
1753504290997,04:31:30.997,ALGO/USDT:USDT,0.2693,35792.6,0.2692,101041.6,0.2694,21744.6,0.2695,158656.6
1753504291097,04:31:31.097,ALGO/USDT:USDT,0.2693,35792.6,0.2692,101041.6,0.2694,21744.6,0.2695,158656.6
1753504291396,04:31:31.396,ALGO/USDT:USDT,0.2693,35792.6,0.2692,101041.6,0.2694,21744.6,0.2695,158656.6
1753504291497,04:31:31.497,ALGO/USDT:USDT,0.2693,17961.0,0.2692,101041.6,0.2694,21744.6,0.2695,158656.6
1753504291597,04:31:31.597,ALGO/USDT:USDT,0.2693,17959.7,0.2692,101041.6,0.2694,21744.6,0.2695,158656.6
1753504291697,04:31:31.697,ALGO/USDT:USDT,0.2693,17959.7,0.2692,101041.6,0.2694,21744.6,0.2695,158656.6
1753504291797,04:31:31.797,ALGO/USDT:USDT,0.2693,17959.7,0.2692,100967.3,0.2694,21744.6,0.2695,158656.6
1753504291898,04:31:31.898,ALGO/USDT:USDT,0.2693,33930.2,0.2692,101041.6,0.2694,21748.6,0.2695,158656.6
1753504291997,04:31:31.997,ALGO/USDT:USDT,0.2693,33930.2,0.2692,101041.6,0.2694,21748.6,0.2695,158656.6
1753504292099,04:31:32.099,ALGO/USDT:USDT,0.2693,33930.2,0.2692,101041.6,0.2694,21748.6,0.2695,158656.6
1753504292197,04:31:32.197,ALGO/USDT:USDT,0.2693,34846.4,0.2692,101041.6,0.2694,21748.6,0.2695,158656.6
1753504292396,04:31:32.396,ALGO/USDT:USDT,0.2693,33930.1,0.2692,101041.6,0.2694,21748.6,0.2695,158656.6
1753504292497,04:31:32.497,ALGO/USDT:USDT,0.2693,33928.9,0.2692,101041.6,0.2694,21748.6,0.2695,158656.6
1753504292597,04:31:32.597,ALGO/USDT:USDT,0.2693,8688.7,0.2692,89437.6,0.2694,47740.6,0.2695,162113.0
1753504292697,04:31:32.697,ALGO/USDT:USDT,0.2693,8688.7,0.2692,89437.6,0.2694,48668.7,0.2695,162113.0
1753504292797,04:31:32.797,ALGO/USDT:USDT,0.2693,8688.7,0.2692,89437.6,0.2694,48668.7,0.2695,162113.0
1753504292896,04:31:32.896,ALGO/USDT:USDT,0.2693,16688.7,0.2692,89437.6,0.2694,48668.7,0.2695,162113.0
1753504293097,04:31:33.097,ALGO/USDT:USDT,0.2693,16688.6,0.2692,89437.6,0.2694,48668.7,0.2695,162113.0
1753504293197,04:31:33.197,ALGO/USDT:USDT,0.2693,16688.6,0.2692,89437.6,0.2694,48668.7,0.2695,162113.0
1753504293296,04:31:33.296,ALGO/USDT:USDT,0.2693,16688.6,0.2692,89437.6,0.2694,48594.4,0.2695,162113.0
1753504293396,04:31:33.396,ALGO/USDT:USDT,0.2693,16688.6,0.2692,89437.6,0.2694,48594.4,0.2695,163419.2
1753504293497,04:31:33.497,ALGO/USDT:USDT,0.2693,16691.3,0.2692,89437.6,0.2694,48594.4,0.2695,163776.8
1753504293597,04:31:33.597,ALGO/USDT:USDT,0.2693,16691.3,0.2692,89437.6,0.2694,47740.6,0.2695,163776.8
1753504293696,04:31:33.696,ALGO/USDT:USDT,0.2693,8691.3,0.2692,89437.6,0.2694,47740.6,0.2695,163776.8
1753504293797,04:31:33.797,ALGO/USDT:USDT,0.2692,45684.7,0.2691,146100.4,0.2693,3918.7,0.2694,127422.0
1753504293897,04:31:33.897,ALGO/USDT:USDT,0.2693,33803.9,0.2692,117532.5,0.2694,36107.8,0.2695,174506.7
1753504293997,04:31:33.997,ALGO/USDT:USDT,0.2693,33803.9,0.2692,117532.5,0.2694,33277.5,0.2695,174506.7
1753504294099,04:31:34.099,ALGO/USDT:USDT,0.2693,33803.9,0.2692,117532.5,0.2694,31984.9,0.2695,174506.7
1753504294197,04:31:34.197,ALGO/USDT:USDT,0.2693,33803.9,0.2692,117532.5,0.2694,36434.9,0.2695,174506.7
1753504294297,04:31:34.297,ALGO/USDT:USDT,0.2693,33803.9,0.2692,117532.5,0.2694,36434.9,0.2695,174506.7
1753504294397,04:31:34.397,ALGO/USDT:USDT,0.2693,33803.9,0.2692,117532.5,0.2694,34603.3,0.2695,174506.7
1753504294798,04:31:34.798,ALGO/USDT:USDT,0.2693,33803.9,0.2692,117532.5,0.2694,34603.3,0.2695,174506.7
1753504294897,04:31:34.897,ALGO/USDT:USDT,0.2693,33803.9,0.2692,117532.5,0.2694,36434.9,0.2695,174506.7
1753504294996,04:31:34.996,ALGO/USDT:USDT,0.2693,36435.5,0.2692,121617.0,0.2694,30113.1,0.2695,175983.5
1753504295097,04:31:35.097,ALGO/USDT:USDT,0.2693,36435.5,0.2692,121617.0,0.2694,30113.1,0.2695,175983.5
1753504295197,04:31:35.197,ALGO/USDT:USDT,0.2693,36435.5,0.2692,117571.2,0.2694,35820.8,0.2695,178373.4
1753504295297,04:31:35.297,ALGO/USDT:USDT,0.2693,36435.5,0.2692,121816.0,0.2694,35820.8,0.2695,178373.4
1753504295497,04:31:35.497,ALGO/USDT:USDT,0.2693,34603.9,0.2692,121816.0,0.2694,35825.4,0.2695,178373.4
1753504295696,04:31:35.696,ALGO/USDT:USDT,0.2693,34603.9,0.2692,121682.9,0.2694,35825.4,0.2695,178373.4
1753504295897,04:31:35.897,ALGO/USDT:USDT,0.2693,40613.2,0.2692,121682.9,0.2694,35825.4,0.2695,178373.4
1753504295998,04:31:35.998,ALGO/USDT:USDT,0.2693,40613.2,0.2692,121682.9,0.2694,35825.4,0.2695,178373.4
1753504296097,04:31:36.097,ALGO/USDT:USDT,0.2693,40613.2,0.2692,121682.9,0.2694,35825.4,0.2695,180228.6
1753504296197,04:31:36.197,ALGO/USDT:USDT,0.2693,40613.2,0.2692,121682.9,0.2694,35825.4,0.2695,180228.6
1753504296397,04:31:36.397,ALGO/USDT:USDT,0.2693,42444.8,0.2692,121682.9,0.2694,35825.4,0.2695,180228.6
1753504296497,04:31:36.497,ALGO/USDT:USDT,0.2693,42444.8,0.2692,121682.9,0.2694,35825.4,0.2695,180228.6
1753504296597,04:31:36.597,ALGO/USDT:USDT,0.2693,42444.8,0.2692,121682.9,0.2694,35825.4,0.2695,180228.6
1753504296697,04:31:36.697,ALGO/USDT:USDT,0.2693,42444.8,0.2692,121682.9,0.2694,35825.4,0.2695,180228.6
1753504296796,04:31:36.796,ALGO/USDT:USDT,0.2693,52444.8,0.2692,121682.9,0.2694,35825.4,0.2695,180228.6
1753504296897,04:31:36.897,ALGO/USDT:USDT,0.2693,52444.8,0.2692,121682.9,0.2694,23086.3,0.2695,177137.8
1753504296997,04:31:36.997,ALGO/USDT:USDT,0.2693,52444.8,0.2692,121682.9,0.2694,23086.3,0.2695,177137.8
1753504297197,04:31:37.197,ALGO/USDT:USDT,0.2693,52444.8,0.2692,121682.9,0.2694,15922.1,0.2695,177137.8
1753504297296,04:31:37.296,ALGO/USDT:USDT,0.2693,52444.8,0.2692,121757.2,0.2694,15922.1,0.2695,177063.5
1753504297496,04:31:37.496,ALGO/USDT:USDT,0.2693,52444.8,0.2692,121757.2,0.2694,15922.1,0.2695,177063.5
1753504297598,04:31:37.598,ALGO/USDT:USDT,0.2693,52444.8,0.2692,121757.2,0.2694,15922.1,0.2695,177063.5
1753504297696,04:31:37.696,ALGO/USDT:USDT,0.2693,52444.8,0.2692,121682.9,0.2694,15922.1,0.2695,177137.8
1753504298099,04:31:38.099,ALGO/USDT:USDT,0.2693,52520.7,0.2692,121757.2,0.2694,15922.1,0.2695,177063.5
1753504298296,04:31:38.296,ALGO/USDT:USDT,0.2693,52520.7,0.2692,121757.2,0.2694,15922.1,0.2695,177063.5
1753504298497,04:31:38.497,ALGO/USDT:USDT,0.2693,52520.7,0.2692,121757.2,0.2694,15922.1,0.2695,177063.5
1753504298697,04:31:38.697,ALGO/USDT:USDT,0.2693,52520.7,0.2692,121682.9,0.2694,15922.1,0.2695,177137.8
1753504299097,04:31:39.097,ALGO/USDT:USDT,0.2693,52520.7,0.2692,121757.2,0.2694,15922.1,0.2695,177063.5
1753504299197,04:31:39.197,ALGO/USDT:USDT,0.2693,52520.7,0.2692,121682.9,0.2694,15922.1,0.2695,177137.8
1753504299396,04:31:39.396,ALGO/USDT:USDT,0.2693,52520.7,0.2692,121682.9,0.2694,15922.1,0.2695,177137.8
1753504299497,04:31:39.497,ALGO/USDT:USDT,0.2693,52520.7,0.2692,121682.9,0.2694,15922.1,0.2695,177137.8
1753504299697,04:31:39.697,ALGO/USDT:USDT,0.2693,52520.7,0.2692,121682.9,0.2694,15922.1,0.2695,177137.8
1753504299897,04:31:39.897,ALGO/USDT:USDT,0.2693,52520.7,0.2692,121682.9,0.2694,15922.1,0.2695,177137.8
1753504300197,04:31:40.197,ALGO/USDT:USDT,0.2693,52520.7,0.2692,124163.9,0.2694,15922.1,0.2695,177137.8
1753504300397,04:31:40.397,ALGO/USDT:USDT,0.2693,52522.1,0.2692,124163.9,0.2694,15922.1,0.2695,177137.8
1753504300897,04:31:40.897,ALGO/USDT:USDT,0.2693,52522.1,0.2692,124163.9,0.2694,15922.1,0.2695,182121.3
1753504301097,04:31:41.097,ALGO/USDT:USDT,0.2693,52522.1,0.2692,124163.9,0.2694,15922.1,0.2695,182121.3
1753504301297,04:31:41.297,ALGO/USDT:USDT,0.2693,52522.1,0.2692,124163.9,0.2694,15922.1,0.2695,182121.3
1753504301397,04:31:41.397,ALGO/USDT:USDT,0.2693,52522.1,0.2692,124163.9,0.2694,15922.1,0.2695,182121.3
1753504301597,04:31:41.597,ALGO/USDT:USDT,0.2693,52522.1,0.2692,124163.9,0.2694,15928.0,0.2695,182121.3
1753504301797,04:31:41.797,ALGO/USDT:USDT,0.2693,51606.7,0.2692,124163.9,0.2694,15928.0,0.2695,182121.3
1753504301897,04:31:41.897,ALGO/USDT:USDT,0.2693,52522.1,0.2692,124163.9,0.2694,15928.0,0.2695,182121.3
1753504301997,04:31:41.997,ALGO/USDT:USDT,0.2693,52522.1,0.2692,124163.9,0.2694,15928.0,0.2695,182121.3
1753504302097,04:31:42.097,ALGO/USDT:USDT,0.2693,51606.7,0.2692,124163.9,0.2694,15928.0,0.2695,182121.3
1753504302196,04:31:42.196,ALGO/USDT:USDT,0.2693,51606.7,0.2692,124163.9,0.2694,15928.0,0.2695,182121.3
1753504302297,04:31:42.297,ALGO/USDT:USDT,0.2693,50690.5,0.2692,124163.9,0.2694,15928.0,0.2695,182121.3
1753504302397,04:31:42.397,ALGO/USDT:USDT,0.2693,52522.1,0.2692,124163.9,0.2694,15928.0,0.2695,182121.3
1753504302497,04:31:42.497,ALGO/USDT:USDT,0.2693,52522.1,0.2692,124163.9,0.2694,15928.0,0.2695,182121.3
1753504302897,04:31:42.897,ALGO/USDT:USDT,0.2693,52522.1,0.2692,124163.9,0.2694,15928.0,0.2695,182121.3
1753504302997,04:31:42.997,ALGO/USDT:USDT,0.2693,51605.9,0.2692,124163.9,0.2694,15928.0,0.2695,182121.3
1753504303097,04:31:43.097,ALGO/USDT:USDT,0.2693,52522.1,0.2692,124163.9,0.2694,23261.2,0.2695,182121.3
1753504303196,04:31:43.196,ALGO/USDT:USDT,0.2694,18022.6,0.2693,52522.1,0.2695,182121.3,0.2696,127028.3
1753504303297,04:31:43.297,ALGO/USDT:USDT,0.2695,42260.9,0.2694,106506.0,0.2696,52550.0,0.2697,153400.7
1753504303397,04:31:43.397,ALGO/USDT:USDT,0.2695,43423.6,0.2694,126940.4,0.2696,7911.3,0.2697,114887.7
1753504303497,04:31:43.497,ALGO/USDT:USDT,0.2695,41517.8,0.2694,116514.3,0.2696,38535.5,0.2697,114888.0
1753504303598,04:31:43.598,ALGO/USDT:USDT,0.2695,41517.8,0.2694,112269.5,0.2696,21856.9,0.2697,125148.7
1753504303697,04:31:43.697,ALGO/USDT:USDT,0.2695,41172.9,0.2694,112269.5,0.2696,23049.6,0.2697,125148.7
1753504303796,04:31:43.796,ALGO/USDT:USDT,0.2695,41172.9,0.2694,112269.5,0.2696,23049.6,0.2697,124777.6
1753504303897,04:31:43.897,ALGO/USDT:USDT,0.2695,41172.9,0.2694,109179.9,0.2696,23049.6,0.2697,126631.4
1753504303997,04:31:43.997,ALGO/USDT:USDT,0.2695,41172.9,0.2694,109179.9,0.2696,23049.6,0.2697,126631.4
1753504304097,04:31:44.097,ALGO/USDT:USDT,0.2695,41172.9,0.2694,109179.9,0.2696,23049.6,0.2697,126631.4
1753504304197,04:31:44.197,ALGO/USDT:USDT,0.2695,41172.9,0.2694,109105.7,0.2696,24599.0,0.2697,126631.4
1753504304297,04:31:44.297,ALGO/USDT:USDT,0.2695,43004.5,0.2694,109105.7,0.2696,24599.0,0.2697,126631.4
1753504304396,04:31:44.396,ALGO/USDT:USDT,0.2695,43008.0,0.2694,109105.7,0.2696,24599.0,0.2697,126631.4
1753504304696,04:31:44.696,ALGO/USDT:USDT,0.2695,41176.4,0.2694,114178.3,0.2696,23049.6,0.2697,126631.4
1753504304797,04:31:44.797,ALGO/USDT:USDT,0.2695,41176.4,0.2694,109105.7,0.2696,37973.8,0.2697,132010.5
1753504304896,04:31:44.896,ALGO/USDT:USDT,0.2695,3.5,0.2694,98820.5,0.2696,47207.8,0.2697,138684.2
1753504304998,04:31:44.998,ALGO/USDT:USDT,0.2694,32566.9,0.2693,112838.6,0.2695,35637.7,0.2696,150932.6
1753504305097,04:31:45.097,ALGO/USDT:USDT,0.2694,34789.2,0.2693,112838.6,0.2695,35637.7,0.2696,150017.2
1753504305297,04:31:45.297,ALGO/USDT:USDT,0.2694,34733.4,0.2693,112838.6,0.2695,35637.7,0.2696,150017.2
1753504305396,04:31:45.396,ALGO/USDT:USDT,0.2694,34733.4,0.2693,112838.6,0.2695,35637.7,0.2696,150017.2
1753504305496,04:31:45.496,ALGO/USDT:USDT,0.2694,34733.4,0.2693,112838.6,0.2695,35637.7,0.2696,150017.2
1753504305598,04:31:45.598,ALGO/USDT:USDT,0.2694,34733.4,0.2693,112838.6,0.2695,30751.5,0.2696,150017.2
1753504305698,04:31:45.698,ALGO/USDT:USDT,0.2694,34733.4,0.2693,112838.6,0.2695,32467.7,0.2696,151634.4
1753504305796,04:31:45.796,ALGO/USDT:USDT,0.2694,34733.4,0.2693,112838.6,0.2695,32467.7,0.2696,151634.4
1753504305997,04:31:45.997,ALGO/USDT:USDT,0.2694,34733.4,0.2693,106036.3,0.2695,33383.1,0.2696,151634.4
1753504306097,04:31:46.097,ALGO/USDT:USDT,0.2694,34733.4,0.2693,106036.3,0.2695,33383.1,0.2696,151634.4
1753504306197,04:31:46.197,ALGO/USDT:USDT,0.2694,34733.4,0.2693,106036.3,0.2695,33383.1,0.2696,151634.4
1753504306297,04:31:46.297,ALGO/USDT:USDT,0.2694,34733.4,0.2693,106036.3,0.2695,33387.2,0.2696,170534.4
1753504306598,04:31:46.598,ALGO/USDT:USDT,0.2694,34744.3,0.2693,106036.3,0.2695,33387.2,0.2696,170534.4
1753504306697,04:31:46.697,ALGO/USDT:USDT,0.2694,34744.3,0.2693,106036.3,0.2695,33387.2,0.2696,170534.4
1753504306797,04:31:46.797,ALGO/USDT:USDT,0.2694,34744.3,0.2693,106036.3,0.2695,33387.2,0.2696,170534.4
1753504306897,04:31:46.897,ALGO/USDT:USDT,0.2694,34744.3,0.2693,106036.3,0.2695,33387.2,0.2696,170534.4
1753504307097,04:31:47.097,ALGO/USDT:USDT,0.2694,36575.9,0.2693,109201.4,0.2695,22744.0,0.2696,170534.4
1753504307196,04:31:47.196,ALGO/USDT:USDT,0.2694,36575.9,0.2693,109201.4,0.2695,22744.0,0.2696,170534.4
1753504307297,04:31:47.297,ALGO/USDT:USDT,0.2694,36575.9,0.2693,109201.4,0.2695,22744.0,0.2696,170534.4
1753504307497,04:31:47.497,ALGO/USDT:USDT,0.2694,34744.3,0.2693,106110.6,0.2695,24486.1,0.2696,170534.4
1753504307597,04:31:47.597,ALGO/USDT:USDT,0.2694,34744.3,0.2693,106110.6,0.2695,24486.1,0.2696,170534.4
1753504307697,04:31:47.697,ALGO/USDT:USDT,0.2694,34744.3,0.2693,106110.6,0.2695,29401.5,0.2696,170534.4
1753504307797,04:31:47.797,ALGO/USDT:USDT,0.2694,34744.3,0.2693,106110.6,0.2695,25401.0,0.2696,170534.4
1753504307997,04:31:47.997,ALGO/USDT:USDT,0.2694,34744.3,0.2693,105924.9,0.2695,25401.0,0.2696,170534.4
1753504308197,04:31:48.197,ALGO/USDT:USDT,0.2694,34744.3,0.2693,105924.9,0.2695,25401.0,0.2696,170534.4
1753504308297,04:31:48.297,ALGO/USDT:USDT,0.2694,34744.3,0.2693,105924.9,0.2695,24485.6,0.2696,170534.4
1753504308397,04:31:48.397,ALGO/USDT:USDT,0.2694,34744.3,0.2693,105924.9,0.2695,24485.6,0.2696,170534.4
1753504308597,04:31:48.597,ALGO/USDT:USDT,0.2694,34744.3,0.2693,105924.9,0.2695,24485.3,0.2696,170534.4
1753504308697,04:31:48.697,ALGO/USDT:USDT,0.2694,34744.3,0.2693,105924.9,0.2695,29485.3,0.2696,170534.4
1753504308798,04:31:48.798,ALGO/USDT:USDT,0.2694,34744.3,0.2693,105924.9,0.2695,29485.3,0.2696,170534.4
1753504308897,04:31:48.897,ALGO/USDT:USDT,0.2694,34753.4,0.2693,105850.6,0.2695,29485.3,0.2696,170534.4
1753504308997,04:31:48.997,ALGO/USDT:USDT,0.2694,34753.4,0.2693,105850.6,0.2695,29485.3,0.2696,170534.4
1753504309096,04:31:49.096,ALGO/USDT:USDT,0.2694,34753.4,0.2693,105850.6,0.2695,29485.3,0.2696,170534.4
1753504309197,04:31:49.197,ALGO/USDT:USDT,0.2694,34753.4,0.2693,105850.6,0.2695,29485.3,0.2696,170534.4
1753504309397,04:31:49.397,ALGO/USDT:USDT,0.2694,34753.4,0.2693,105850.6,0.2695,29485.3,0.2696,170534.4
1753504309598,04:31:49.598,ALGO/USDT:USDT,0.2694,34753.4,0.2693,105924.9,0.2695,29485.3,0.2696,170534.4
1753504309697,04:31:49.697,ALGO/USDT:USDT,0.2694,34753.4,0.2693,105850.6,0.2695,34485.3,0.2696,170534.4
1753504309797,04:31:49.797,ALGO/USDT:USDT,0.2694,34753.4,0.2693,105850.6,0.2695,34485.3,0.2696,170534.4
1753504309896,04:31:49.896,ALGO/USDT:USDT,0.2694,34753.4,0.2693,105924.9,0.2695,34485.3,0.2696,170534.4
1753504309997,04:31:49.997,ALGO/USDT:USDT,0.2694,34753.4,0.2693,105924.9,0.2695,35400.7,0.2696,170534.4
1753504310097,04:31:50.097,ALGO/USDT:USDT,0.2694,34753.4,0.2693,105924.9,0.2695,34485.3,0.2696,170534.4
1753504310197,04:31:50.197,ALGO/USDT:USDT,0.2694,34753.4,0.2693,105924.9,0.2695,34485.3,0.2696,170534.4
1753504310797,04:31:50.797,ALGO/USDT:USDT,0.2694,34753.4,0.2693,105924.9,0.2695,34485.3,0.2696,170534.4
1753504310897,04:31:50.897,ALGO/USDT:USDT,0.2694,16228.1,0.2693,103565.4,0.2695,46581.1,0.2696,179098.0
1753504310997,04:31:50.997,ALGO/USDT:USDT,0.2694,16228.1,0.2693,99315.1,0.2695,46581.1,0.2696,179098.0
1753504311296,04:31:51.296,ALGO/USDT:USDT,0.2694,16228.1,0.2693,99315.1,0.2695,46581.1,0.2696,179098.0
1753504311397,04:31:51.397,ALGO/USDT:USDT,0.2694,16228.1,0.2693,99315.1,0.2695,46506.8,0.2696,179098.0
1753504311497,04:31:51.497,ALGO/USDT:USDT,0.2694,16228.1,0.2693,99315.1,0.2695,46506.8,0.2696,179455.6
1753504311597,04:31:51.597,ALGO/USDT:USDT,0.2694,23533.5,0.2693,99315.1,0.2695,39693.5,0.2696,164276.4
1753504311697,04:31:51.697,ALGO/USDT:USDT,0.2694,25365.1,0.2693,102480.2,0.2695,27838.6,0.2696,165773.2
1753504311797,04:31:51.797,ALGO/USDT:USDT,0.2694,23533.5,0.2693,102480.2,0.2695,27838.6,0.2696,165773.2
1753504311897,04:31:51.897,ALGO/USDT:USDT,0.2694,23533.5,0.2693,102480.2,0.2695,23569.1,0.2696,176372.8
1753504311997,04:31:51.997,ALGO/USDT:USDT,0.2694,23533.5,0.2693,102480.2,0.2695,23569.1,0.2696,176372.8
1753504312100,04:31:52.100,ALGO/USDT:USDT,0.2694,23533.5,0.2693,102480.2,0.2695,23569.1,0.2696,176372.8
1753504312197,04:31:52.197,ALGO/USDT:USDT,0.2694,23533.5,0.2693,102480.2,0.2695,24485.3,0.2696,176372.8
1753504312296,04:31:52.296,ALGO/USDT:USDT,0.2694,23533.5,0.2693,102480.2,0.2695,23569.1,0.2696,176372.8
1753504312496,04:31:52.496,ALGO/USDT:USDT,0.2694,25365.1,0.2693,102480.2,0.2695,23569.1,0.2696,176372.8
1753504312597,04:31:52.597,ALGO/USDT:USDT,0.2694,24448.9,0.2693,102480.2,0.2695,23569.1,0.2696,176372.8
1753504312697,04:31:52.697,ALGO/USDT:USDT,0.2694,23533.5,0.2693,102480.2,0.2695,24485.3,0.2696,176372.8
1753504312797,04:31:52.797,ALGO/USDT:USDT,0.2694,23533.5,0.2693,102480.2,0.2695,24485.3,0.2696,176372.8
1753504312897,04:31:52.897,ALGO/USDT:USDT,0.2694,23533.5,0.2693,102480.2,0.2695,24485.3,0.2696,176372.8
1753504312997,04:31:52.997,ALGO/USDT:USDT,0.2694,23533.5,0.2693,102480.2,0.2695,24485.3,0.2696,176372.8
1753504313196,04:31:53.196,ALGO/USDT:USDT,0.2694,23533.5,0.2693,102480.2,0.2695,24485.3,0.2696,176372.8
1753504313397,04:31:53.397,ALGO/USDT:USDT,0.2694,23533.5,0.2693,102480.2,0.2695,24485.3,0.2696,176372.8
1753504313597,04:31:53.597,ALGO/USDT:USDT,0.2694,23295.4,0.2693,99389.4,0.2695,24485.3,0.2696,176372.8
1753504313697,04:31:53.697,ALGO/USDT:USDT,0.2694,23295.4,0.2693,99389.4,0.2695,24485.3,0.2696,176372.8
1753504313897,04:31:53.897,ALGO/USDT:USDT,0.2694,23295.4,0.2693,99389.4,0.2695,25400.7,0.2696,176372.8
1753504313997,04:31:53.997,ALGO/USDT:USDT,0.2694,15190.0,0.2693,87720.3,0.2695,31475.7,0.2696,176879.9
1753504314097,04:31:54.097,ALGO/USDT:USDT,0.2694,20.0,0.2693,87718.9,0.2695,35174.7,0.2696,177237.5
1753504314196,04:31:54.196,ALGO/USDT:USDT,0.2693,28166.9,0.2692,118461.0,0.2694,29056.7,0.2695,149448.6
1753504314297,04:31:54.297,ALGO/USDT:USDT,0.2693,28166.9,0.2692,120369.8,0.2694,29056.7,0.2695,149448.6
1753504314397,04:31:54.397,ALGO/USDT:USDT,0.2693,28166.9,0.2692,120369.8,0.2694,29056.7,0.2695,149448.6
1753504314597,04:31:54.597,ALGO/USDT:USDT,0.2693,40844.5,0.2692,120369.8,0.2694,29030.8,0.2695,149448.6
1753504314697,04:31:54.697,ALGO/USDT:USDT,0.2693,39928.3,0.2692,120369.8,0.2694,29030.8,0.2695,149448.6
1753504314796,04:31:54.796,ALGO/USDT:USDT,0.2693,39928.3,0.2692,120369.8,0.2694,29030.8,0.2695,149448.6
1753504314996,04:31:54.996,ALGO/USDT:USDT,0.2693,39928.3,0.2692,120369.8,0.2694,29085.8,0.2695,149448.6
1753504315097,04:31:55.097,ALGO/USDT:USDT,0.2693,39928.3,0.2692,120369.8,0.2694,29885.8,0.2695,149448.6
1753504315197,04:31:55.197,ALGO/USDT:USDT,0.2693,39928.3,0.2692,113564.9,0.2694,29885.8,0.2695,149448.6
1753504315297,04:31:55.297,ALGO/USDT:USDT,0.2693,39928.3,0.2692,113564.9,0.2694,29885.8,0.2695,149448.6
1753504315397,04:31:55.397,ALGO/USDT:USDT,0.2693,39928.3,0.2692,113564.9,0.2694,29885.8,0.2695,149448.6
1753504315497,04:31:55.497,ALGO/USDT:USDT,0.2693,38556.4,0.2692,111656.1,0.2694,38107.4,0.2695,149445.3
1753504315598,04:31:55.598,ALGO/USDT:USDT,0.2693,38556.4,0.2692,111656.1,0.2694,38110.6,0.2695,149445.3
1753504315697,04:31:55.697,ALGO/USDT:USDT,0.2693,32465.2,0.2692,100569.0,0.2694,38119.5,0.2695,149445.3
1753504315897,04:31:55.897,ALGO/USDT:USDT,0.2693,32483.9,0.2692,102477.8,0.2694,38119.5,0.2695,153647.0
1753504316097,04:31:56.097,ALGO/USDT:USDT,0.2694,50705.6,0.2693,99452.5,0.2695,9838.1,0.2696,147389.7
1753504316198,04:31:56.198,ALGO/USDT:USDT,0.2697,34705.6,0.2696,85556.5,0.2698,58062.1,0.2699,108625.8
1753504316298,04:31:56.298,ALGO/USDT:USDT,0.2698,43201.9,0.2697,85106.6,0.2699,28019.3,0.27,71944.6
1753504316398,04:31:56.398,ALGO/USDT:USDT,0.2698,41370.3,0.2697,102884.9,0.2699,19414.9,0.27,89922.9
1753504316497,04:31:56.497,ALGO/USDT:USDT,0.2697,35448.7,0.2696,104850.2,0.2698,54250.0,0.2699,128343.2
1753504316597,04:31:56.597,ALGO/USDT:USDT,0.2697,36364.9,0.2696,101607.0,0.2698,29967.7,0.2699,126861.0
1753504316697,04:31:56.697,ALGO/USDT:USDT,0.2697,42643.4,0.2696,104753.5,0.2698,29967.7,0.2699,126489.9
1753504316796,04:31:56.796,ALGO/USDT:USDT,0.2697,40640.9,0.2696,104753.5,0.2698,29967.7,0.2699,128342.0
1753504316897,04:31:56.897,ALGO/USDT:USDT,0.2697,40640.9,0.2696,99683.2,0.2698,30767.7,0.2699,128342.0
1753504316997,04:31:56.997,ALGO/USDT:USDT,0.2697,40640.9,0.2696,99683.2,0.2698,30767.7,0.2699,124080.6
1753504317097,04:31:57.097,ALGO/USDT:USDT,0.2697,40640.9,0.2696,99683.2,0.2698,30767.7,0.2699,124006.4
1753504317196,04:31:57.196,ALGO/USDT:USDT,0.2697,40640.9,0.2696,99683.2,0.2698,19767.7,0.2699,124006.4
1753504317296,04:31:57.296,ALGO/USDT:USDT,0.2697,40640.9,0.2696,99683.2,0.2698,19767.7,0.2699,124006.4
1753504317397,04:31:57.397,ALGO/USDT:USDT,0.2697,40640.9,0.2696,99683.2,0.2698,19767.7,0.2699,124006.4
1753504317497,04:31:57.497,ALGO/USDT:USDT,0.2697,40640.9,0.2696,99683.2,0.2698,19767.7,0.2699,124006.4
1753504317598,04:31:57.598,ALGO/USDT:USDT,0.2697,40640.9,0.2696,99683.2,0.2698,31767.7,0.2699,124006.4
1753504317697,04:31:57.697,ALGO/USDT:USDT,0.2698,36537.2,0.2697,94310.7,0.2699,14580.1,0.27,96224.0
1753504317797,04:31:57.797,ALGO/USDT:USDT,0.2698,35621.8,0.2697,94310.7,0.2699,14580.1,0.27,100548.4
1753504317897,04:31:57.897,ALGO/USDT:USDT,0.2698,34705.6,0.2697,94310.7,0.2699,14580.1,0.27,100548.4
1753504317997,04:31:57.997,ALGO/USDT:USDT,0.2698,35621.8,0.2697,94310.7,0.2699,11736.9,0.27,100548.4
1753504318100,04:31:58.100,ALGO/USDT:USDT,0.2698,35621.8,0.2697,94384.9,0.2699,11736.9,0.27,100548.4
1753504318197,04:31:58.197,ALGO/USDT:USDT,0.2698,35621.8,0.2697,94384.9,0.2699,11736.9,0.27,100548.4
1753504318296,04:31:58.296,ALGO/USDT:USDT,0.2698,36537.2,0.2697,94384.9,0.2699,11736.9,0.27,100548.4
1753504318397,04:31:58.397,ALGO/USDT:USDT,0.2698,36537.2,0.2697,94384.9,0.2699,11736.9,0.27,100548.4
1753504318497,04:31:58.497,ALGO/USDT:USDT,0.2698,34705.6,0.2697,93468.7,0.2699,11756.0,0.27,100548.4
1753504318597,04:31:58.597,ALGO/USDT:USDT,0.2698,34705.6,0.2697,93468.7,0.2699,21076.7,0.27,100548.4
1753504318704,04:31:58.704,ALGO/USDT:USDT,0.2698,34705.6,0.2697,90999.9,0.2699,21076.7,0.27,100548.4
1753504318797,04:31:58.797,ALGO/USDT:USDT,0.2698,34705.6,0.2697,90999.9,0.2699,13804.0,0.27,100548.4
1753504318897,04:31:58.897,ALGO/USDT:USDT,0.2698,34705.6,0.2697,90999.9,0.2699,13804.0,0.27,100548.4
1753504318997,04:31:58.997,ALGO/USDT:USDT,0.2698,34705.6,0.2697,90999.9,0.2699,13804.0,0.27,100548.4
1753504319196,04:31:59.196,ALGO/USDT:USDT,0.2698,34705.6,0.2697,90999.9,0.2699,13804.0,0.27,119448.4
1753504319297,04:31:59.297,ALGO/USDT:USDT,0.2698,34705.6,0.2697,90999.9,0.2699,16144.4,0.27,119448.4
1753504319397,04:31:59.397,ALGO/USDT:USDT,0.2698,9320.7,0.2697,87080.9,0.2699,37156.6,0.27,135208.8
1753504319497,04:31:59.497,ALGO/USDT:USDT,0.2698,9320.7,0.2697,87080.9,0.2699,36230.2,0.27,135208.8
1753504319597,04:31:59.597,ALGO/USDT:USDT,0.2698,9320.7,0.2697,87080.9,0.2699,44230.2,0.27,135208.8
1753504319698,04:31:59.698,ALGO/USDT:USDT,0.2698,9320.7,0.2697,87080.9,0.2699,34377.4,0.27,135208.8
1753504319797,04:31:59.797,ALGO/USDT:USDT,0.2698,9320.7,0.2697,87080.9,0.2699,34303.2,0.27,135208.8
1753504319897,04:31:59.897,ALGO/USDT:USDT,0.2698,9320.7,0.2697,87080.9,0.2699,34303.2,0.27,135208.8
1753504320099,04:32:00.099,ALGO/USDT:USDT,0.2698,9320.7,0.2697,87080.9,0.2699,34303.2,0.27,135208.8
1753504320296,04:32:00.296,ALGO/USDT:USDT,0.2697,44045.5,0.2696,97567.6,0.2698,22403.2,0.2699,131098.5
1753504320396,04:32:00.396,ALGO/USDT:USDT,0.2697,44045.5,0.2696,97567.6,0.2698,22638.2,0.2699,131098.5
1753504320497,04:32:00.497,ALGO/USDT:USDT,0.2697,44045.5,0.2696,97567.6,0.2698,22638.2,0.2699,131098.5
1753504320596,04:32:00.596,ALGO/USDT:USDT,0.2697,44045.5,0.2696,99476.4,0.2698,22638.2,0.2699,131098.5
1753504320697,04:32:00.697,ALGO/USDT:USDT,0.2697,44045.5,0.2696,99550.6,0.2698,22977.8,0.2699,131079.4
1753504320797,04:32:00.797,ALGO/USDT:USDT,0.2697,44045.5,0.2696,99550.6,0.2698,22977.8,0.2699,131079.4
1753504320897,04:32:00.897,ALGO/USDT:USDT,0.2697,44045.5,0.2696,99550.6,0.2698,22977.8,0.2699,131079.4
1753504321198,04:32:01.198,ALGO/USDT:USDT,0.2697,44045.5,0.2696,99476.4,0.2698,23003.7,0.2699,130338.3
1753504321296,04:32:01.296,ALGO/USDT:USDT,0.2697,41579.0,0.2696,99476.4,0.2698,23003.7,0.2699,133194.2
1753504321397,04:32:01.397,ALGO/USDT:USDT,0.2697,41579.0,0.2696,99476.4,0.2698,23003.7,0.2699,133194.2
1753504321497,04:32:01.497,ALGO/USDT:USDT,0.2697,41579.0,0.2696,99476.4,0.2698,32952.1,0.2699,144992.3
1753504321598,04:32:01.598,ALGO/USDT:USDT,0.2697,41579.0,0.2696,99476.4,0.2698,32952.1,0.2699,145928.2
1753504321697,04:32:01.697,ALGO/USDT:USDT,0.2697,41579.0,0.2696,99476.4,0.2698,32952.1,0.2699,145928.2
1753504321797,04:32:01.797,ALGO/USDT:USDT,0.2697,18308.6,0.2696,93237.2,0.2698,40658.2,0.2699,141069.6
1753504321897,04:32:01.897,ALGO/USDT:USDT,0.2697,18308.6,0.2696,93237.2,0.2698,39917.2,0.2699,141069.6
1753504321998,04:32:01.998,ALGO/USDT:USDT,0.2697,18308.6,0.2696,93237.2,0.2698,39917.2,0.2699,141069.6
1753504322197,04:32:02.197,ALGO/USDT:USDT,0.2697,18308.6,0.2696,93237.2,0.2698,31686.1,0.2699,139630.1
1753504322296,04:32:02.296,ALGO/USDT:USDT,0.2697,18308.6,0.2696,95146.0,0.2698,27337.2,0.2699,133550.0
1753504322397,04:32:02.397,ALGO/USDT:USDT,0.2697,18308.6,0.2696,95146.0,0.2698,23003.7,0.2699,137882.9
1753504322497,04:32:02.497,ALGO/USDT:USDT,0.2697,18308.6,0.2696,95146.0,0.2698,23003.7,0.2699,142643.8
1753504322597,04:32:02.597,ALGO/USDT:USDT,0.2697,24308.6,0.2696,95220.2,0.2698,23003.7,0.2699,142643.8
1753504322696,04:32:02.696,ALGO/USDT:USDT,0.2697,24308.6,0.2696,98324.8,0.2698,23003.7,0.2699,142643.8
1753504322798,04:32:02.798,ALGO/USDT:USDT,0.2697,19224.8,0.2696,98324.8,0.2698,23003.7,0.2699,142644.1
1753504322897,04:32:02.897,ALGO/USDT:USDT,0.2697,18308.6,0.2696,102659.7,0.2698,23003.7,0.2699,142644.1
1753504322997,04:32:02.997,ALGO/USDT:USDT,0.2697,18308.6,0.2696,102659.7,0.2698,23003.7,0.2699,142644.1
1753504323097,04:32:03.097,ALGO/USDT:USDT,0.2697,18308.6,0.2696,102659.7,0.2698,23003.7,0.2699,142644.1
1753504323196,04:32:03.196,ALGO/USDT:USDT,0.2697,18308.6,0.2696,102659.7,0.2698,23003.7,0.2699,142644.1
1753504323597,04:32:03.597,ALGO/USDT:USDT,0.2697,18308.6,0.2696,98324.8,0.2698,23003.7,0.2699,142644.1
1753504323697,04:32:03.697,ALGO/USDT:USDT,0.2697,19224.8,0.2696,98324.8,0.2698,23003.7,0.2699,142644.1
1753504323797,04:32:03.797,ALGO/USDT:USDT,0.2697,20140.2,0.2696,98324.8,0.2698,23003.7,0.2699,142644.1
1753504323897,04:32:03.897,ALGO/USDT:USDT,0.2697,22480.6,0.2696,98324.8,0.2698,23003.7,0.2699,142644.1
1753504323997,04:32:03.997,ALGO/USDT:USDT,0.2697,22480.6,0.2696,98324.8,0.2698,23003.7,0.2699,139541.8
1753504324196,04:32:04.196,ALGO/USDT:USDT,0.2697,18308.6,0.2696,98324.8,0.2698,23003.7,0.2699,142645.2
1753504324297,04:32:04.297,ALGO/USDT:USDT,0.2697,18308.6,0.2696,98324.8,0.2698,23003.7,0.2699,142645.2
1753504324397,04:32:04.397,ALGO/USDT:USDT,0.2697,20140.2,0.2696,98324.8,0.2698,23003.7,0.2699,142645.2
1753504324497,04:32:04.497,ALGO/USDT:USDT,0.2697,28140.2,0.2696,98324.8,0.2698,23003.7,0.2699,142645.2
1753504324697,04:32:04.697,ALGO/USDT:USDT,0.2697,20140.2,0.2696,98324.8,0.2698,23003.7,0.2699,142645.2
1753504324897,04:32:04.897,ALGO/USDT:USDT,0.2697,20158.8,0.2696,98324.8,0.2698,23003.7,0.2699,142645.2
1753504324997,04:32:04.997,ALGO/USDT:USDT,0.2697,20158.8,0.2696,98324.8,0.2698,23003.7,0.2699,142645.2
1753504325097,04:32:05.097,ALGO/USDT:USDT,0.2697,20158.8,0.2696,98324.8,0.2698,23003.7,0.2699,142645.2
1753504325197,04:32:05.197,ALGO/USDT:USDT,0.2697,18327.2,0.2696,93311.4,0.2698,23003.7,0.2699,142645.2
1753504325297,04:32:05.297,ALGO/USDT:USDT,0.2697,18327.2,0.2696,93237.2,0.2698,24835.3,0.2699,142645.2
1753504325397,04:32:05.397,ALGO/USDT:USDT,0.2697,18327.2,0.2696,93237.2,0.2698,28658.5,0.2699,142645.2
1753504325496,04:32:05.496,ALGO/USDT:USDT,0.2697,18327.2,0.2696,93237.2,0.2698,43658.5,0.2699,142645.2
1753504325798,04:32:05.798,ALGO/USDT:USDT,0.2697,18327.2,0.2696,93237.2,0.2698,26318.1,0.2699,142645.2
1753504325897,04:32:05.897,ALGO/USDT:USDT,0.2697,18327.2,0.2696,93237.2,0.2698,26318.1,0.2699,140702.4
1753504325997,04:32:05.997,ALGO/USDT:USDT,0.2697,18327.2,0.2696,93237.2,0.2698,26318.1,0.2699,153937.9
1753504326100,04:32:06.100,ALGO/USDT:USDT,0.2697,18327.2,0.2696,93237.2,0.2698,26318.1,0.2699,153956.5
1753504326297,04:32:06.297,ALGO/USDT:USDT,0.2697,18327.2,0.2696,93237.2,0.2698,26318.1,0.2699,153956.5
1753504326396,04:32:06.396,ALGO/USDT:USDT,0.2697,18327.2,0.2696,93237.2,0.2698,26318.1,0.2699,152773.7
1753504326497,04:32:06.497,ALGO/USDT:USDT,0.2697,901.1,0.2696,93237.2,0.2698,48055.0,0.2699,153226.0
1753504326598,04:32:06.598,ALGO/USDT:USDT,0.2697,2588.9,0.2696,93237.2,0.2698,48129.2,0.2699,153226.0
1753504326797,04:32:06.797,ALGO/USDT:USDT,0.2697,23429.3,0.2696,93237.2,0.2698,29025.8,0.2699,153226.0
1753504326897,04:32:06.897,ALGO/USDT:USDT,0.2697,24229.3,0.2696,93237.2,0.2698,28210.2,0.2699,153226.0
1753504326997,04:32:06.997,ALGO/USDT:USDT,0.2697,24229.2,0.2696,93237.2,0.2698,28210.2,0.2699,153226.0
1753504327097,04:32:07.097,ALGO/USDT:USDT,0.2697,24229.2,0.2696,93237.2,0.2698,28572.0,0.2699,152938.3
1753504327197,04:32:07.197,ALGO/USDT:USDT,0.2697,31324.6,0.2696,98250.6,0.2698,25183.4,0.2699,136765.5
1753504327297,04:32:07.297,ALGO/USDT:USDT,0.2697,31324.6,0.2696,98250.6,0.2698,25183.4,0.2699,133662.1
1753504327397,04:32:07.397,ALGO/USDT:USDT,0.2697,38601.2,0.2696,111541.7,0.2698,888.1,0.2699,104395.5
1753504327497,04:32:07.497,ALGO/USDT:USDT,0.2697,54601.2,0.2696,111541.7,0.2698,888.1,0.2699,108727.0
1753504327597,04:32:07.597,ALGO/USDT:USDT,0.2697,55953.0,0.2696,111912.4,0.2698,888.1,0.2699,108727.0
1753504327697,04:32:07.697,ALGO/USDT:USDT,0.2697,37612.6,0.2696,111912.4,0.2698,888.1,0.2699,108727.0
1753504327797,04:32:07.797,ALGO/USDT:USDT,0.2697,37612.6,0.2696,111912.4,0.2698,888.1,0.2699,108727.0
1753504327997,04:32:07.997,ALGO/USDT:USDT,0.2697,36857.7,0.2696,111912.4,0.2698,888.1,0.2699,108727.0
1753504328099,04:32:08.099,ALGO/USDT:USDT,0.2697,36933.5,0.2696,111912.4,0.2698,888.1,0.2699,108727.0
1753504328197,04:32:08.197,ALGO/USDT:USDT,0.2697,36933.5,0.2696,111912.4,0.2698,888.1,0.2699,108727.0
1753504328297,04:32:08.297,ALGO/USDT:USDT,0.2697,36933.5,0.2696,111912.4,0.2698,888.1,0.2699,108727.0
1753504328396,04:32:08.396,ALGO/USDT:USDT,0.2697,36563.3,0.2696,111541.7,0.2698,888.1,0.2699,108727.0
1753504328497,04:32:08.497,ALGO/USDT:USDT,0.2697,31997.3,0.2696,111912.4,0.2698,891.8,0.2699,120321.8
1753504328597,04:32:08.597,ALGO/USDT:USDT,0.2697,32543.3,0.2696,111912.4,0.2698,891.8,0.2699,120321.8
1753504328696,04:32:08.696,ALGO/USDT:USDT,0.2697,31627.1,0.2696,111541.7,0.2698,891.8,0.2699,120321.8
1753504328896,04:32:08.896,ALGO/USDT:USDT,0.2697,31627.1,0.2696,98250.6,0.2698,12552.9,0.2699,125077.0
1753504328997,04:32:08.997,ALGO/USDT:USDT,0.2697,31400.4,0.2696,95146.0,0.2698,21479.9,0.2699,143268.0
1753504329097,04:32:09.097,ALGO/USDT:USDT,0.2697,31324.6,0.2696,95146.0,0.2698,21479.9,0.2699,143268.0
1753504329397,04:32:09.397,ALGO/USDT:USDT,0.2697,31324.6,0.2696,95146.0,0.2698,21480.1,0.2699,143268.0
1753504329497,04:32:09.497,ALGO/USDT:USDT,0.2697,31324.6,0.2696,95146.0,0.2698,36480.1,0.2699,143268.0
1753504329697,04:32:09.697,ALGO/USDT:USDT,0.2697,31324.6,0.2696,95146.0,0.2698,26480.1,0.2699,143268.0
1753504329797,04:32:09.797,ALGO/USDT:USDT,0.2697,19804.9,0.2696,95146.0,0.2698,27280.1,0.2699,143268.0
1753504329897,04:32:09.897,ALGO/USDT:USDT,0.2697,19804.9,0.2696,95146.0,0.2698,27280.1,0.2699,143268.0
1753504329997,04:32:09.997,ALGO/USDT:USDT,0.2697,19804.9,0.2696,93237.2,0.2698,27280.1,0.2699,143268.0
1753504330197,04:32:10.197,ALGO/USDT:USDT,0.2697,19804.9,0.2696,93237.2,0.2698,27267.4,0.2699,143268.0
1753504330297,04:32:10.297,ALGO/USDT:USDT,0.2697,19804.9,0.2696,93237.2,0.2698,27267.4,0.2699,140449.9
1753504330396,04:32:10.396,ALGO/USDT:USDT,0.2697,9684.2,0.2696,93237.2,0.2698,27267.4,0.2699,140449.9
1753504330497,04:32:10.497,ALGO/USDT:USDT,0.2697,2588.8,0.2696,93237.2,0.2698,46096.1,0.2699,146164.8
1753504330596,04:32:10.596,ALGO/USDT:USDT,0.2697,2588.8,0.2696,93237.2,0.2698,46096.1,0.2699,146239.0
1753504330697,04:32:10.697,ALGO/USDT:USDT,0.2697,2588.8,0.2696,93237.2,0.2698,46096.1,0.2699,146164.8
1753504330796,04:32:10.796,ALGO/USDT:USDT,0.2697,2588.8,0.2696,93237.2,0.2698,46096.1,0.2699,146164.8
1753504331097,04:32:11.097,ALGO/USDT:USDT,0.2697,2588.8,0.2696,93237.2,0.2698,46096.1,0.2699,146164.8
1753504331296,04:32:11.296,ALGO/USDT:USDT,0.2697,2588.8,0.2696,95146.0,0.2698,46096.1,0.2699,146164.8
1753504331496,04:32:11.496,ALGO/USDT:USDT,0.2697,2588.8,0.2696,95146.0,0.2698,46097.1,0.2699,146522.4
1753504331697,04:32:11.697,ALGO/USDT:USDT,0.2697,11909.5,0.2696,95146.0,0.2698,31252.3,0.2699,144668.9
1753504331798,04:32:11.798,ALGO/USDT:USDT,0.2697,2588.8,0.2696,95146.0,0.2698,32735.5,0.2699,144668.9
1753504331897,04:32:11.897,ALGO/USDT:USDT,0.2697,2588.8,0.2696,95146.0,0.2698,32735.5,0.2699,144668.9
1753504331996,04:32:11.996,ALGO/USDT:USDT,0.2697,2588.8,0.2696,95146.0,0.2698,32735.5,0.2699,144668.9
1753504332097,04:32:12.097,ALGO/USDT:USDT,0.2697,2588.8,0.2696,95146.0,0.2698,34411.1,0.2699,144668.9
1753504332197,04:32:12.197,ALGO/USDT:USDT,0.2697,2588.8,0.2696,95146.0,0.2698,34411.1,0.2699,144668.9
1753504332296,04:32:12.296,ALGO/USDT:USDT,0.2697,2588.8,0.2696,95146.0,0.2698,34411.1,0.2699,144668.9
1753504332397,04:32:12.397,ALGO/USDT:USDT,0.2697,2588.8,0.2696,95146.0,0.2698,45411.1,0.2699,144668.9
1753504332797,04:32:12.797,ALGO/USDT:USDT,0.2697,2588.8,0.2696,95146.0,0.2698,45411.1,0.2699,146522.4
1753504332897,04:32:12.897,ALGO/USDT:USDT,0.2697,2588.8,0.2696,95146.0,0.2698,45411.1,0.2699,146522.4
1753504332996,04:32:12.996,ALGO/USDT:USDT,0.2697,2600.3,0.2696,95146.0,0.2698,45411.1,0.2699,146522.4
1753504333197,04:32:13.197,ALGO/USDT:USDT,0.2697,2600.3,0.2696,95146.0,0.2698,45411.1,0.2699,146522.4
1753504333297,04:32:13.297,ALGO/USDT:USDT,0.2697,2600.3,0.2696,95146.0,0.2698,45406.0,0.2699,146522.4
1753504333397,04:32:13.397,ALGO/USDT:USDT,0.2697,2600.3,0.2696,95146.0,0.2698,45406.0,0.2699,146522.4
1753504333597,04:32:13.597,ALGO/USDT:USDT,0.2697,2600.3,0.2696,95146.0,0.2698,45406.0,0.2699,146522.4
1753504333697,04:32:13.697,ALGO/USDT:USDT,0.2697,2600.3,0.2696,95146.0,0.2698,45406.0,0.2699,146522.4
1753504333797,04:32:13.797,ALGO/USDT:USDT,0.2697,2600.3,0.2696,95146.0,0.2698,45406.0,0.2699,146522.4
1753504333997,04:32:13.997,ALGO/USDT:USDT,0.2697,2600.3,0.2696,95146.0,0.2698,45406.0,0.2699,146522.4
1753504334297,04:32:14.297,ALGO/USDT:USDT,0.2697,2600.3,0.2696,95146.0,0.2698,45406.0,0.2699,146522.4
1753504334397,04:32:14.397,ALGO/USDT:USDT,0.2697,2608.3,0.2696,95146.0,0.2698,45406.0,0.2699,146522.4
1753504334496,04:32:14.496,ALGO/USDT:USDT,0.2697,2608.3,0.2696,95146.0,0.2698,45407.3,0.2699,146522.4
1753504334598,04:32:14.598,ALGO/USDT:USDT,0.2697,2608.3,0.2696,95146.0,0.2698,44491.9,0.2699,146522.4
1753504334797,04:32:14.797,ALGO/USDT:USDT,0.2697,2608.3,0.2696,95146.0,0.2698,44491.9,0.2699,146522.4
1753504334897,04:32:14.897,ALGO/USDT:USDT,0.2697,2608.3,0.2696,95146.0,0.2698,44491.9,0.2699,146522.4
1753504334997,04:32:14.997,ALGO/USDT:USDT,0.2697,2608.3,0.2696,95146.0,0.2698,44491.9,0.2699,146522.4
1753504335097,04:32:15.097,ALGO/USDT:USDT,0.2697,2608.3,0.2696,95146.0,0.2698,44491.9,0.2699,146522.4
1753504335197,04:32:15.197,ALGO/USDT:USDT,0.2697,2608.3,0.2696,95146.0,0.2698,45407.3,0.2699,146522.4
1753504335297,04:32:15.297,ALGO/USDT:USDT,0.2697,2608.3,0.2696,95146.0,0.2698,45407.3,0.2699,146522.4
1753504335397,04:32:15.397,ALGO/USDT:USDT,0.2697,2608.3,0.2696,95146.0,0.2698,45407.3,0.2699,146522.4
1753504335497,04:32:15.497,ALGO/USDT:USDT,0.2697,19281.3,0.2696,95146.0,0.2698,28675.9,0.2699,140035.2
1753504335597,04:32:15.597,ALGO/USDT:USDT,0.2697,33450.8,0.2696,98324.8,0.2698,17160.6,0.2699,119355.8
1753504335697,04:32:15.697,ALGO/USDT:USDT,0.2697,36555.4,0.2696,111541.7,0.2698,17398.2,0.2699,120941.8
1753504335797,04:32:15.797,ALGO/USDT:USDT,0.2697,36555.4,0.2696,111541.7,0.2698,725.2,0.2699,113681.1
1753504335897,04:32:15.897,ALGO/USDT:USDT,0.2697,36555.4,0.2696,111541.7,0.2698,725.2,0.2699,123879.2
1753504335997,04:32:15.997,ALGO/USDT:USDT,0.2697,36525.4,0.2696,111541.7,0.2698,1840.1,0.2699,123879.2
1753504336098,04:32:16.098,ALGO/USDT:USDT,0.2697,36665.4,0.2696,111541.7,0.2698,1840.1,0.2699,123879.2
1753504336197,04:32:16.197,ALGO/USDT:USDT,0.2697,33560.8,0.2696,111541.7,0.2698,1840.1,0.2699,123879.2
1753504336397,04:32:16.397,ALGO/USDT:USDT,0.2697,39560.8,0.2696,111541.7,0.2698,1840.1,0.2699,123879.2
1753504336497,04:32:16.497,ALGO/USDT:USDT,0.2697,32645.4,0.2696,111541.7,0.2698,1840.1,0.2699,123879.2
1753504336597,04:32:16.597,ALGO/USDT:USDT,0.2697,33560.8,0.2696,111541.7,0.2698,1840.1,0.2699,123879.2
1753504336797,04:32:16.797,ALGO/USDT:USDT,0.2697,21439.6,0.2696,98250.6,0.2698,27276.6,0.2699,117034.2
1753504336897,04:32:16.897,ALGO/USDT:USDT,0.2697,20191.3,0.2696,98250.6,0.2698,27276.6,0.2699,117034.2
1753504336997,04:32:16.997,ALGO/USDT:USDT,0.2697,20191.3,0.2696,98250.6,0.2698,27276.6,0.2699,117034.2
1753504337097,04:32:17.097,ALGO/USDT:USDT,0.2697,20191.3,0.2696,98250.6,0.2698,27276.6,0.2699,117034.2
1753504337197,04:32:17.197,ALGO/USDT:USDT,0.2697,3378.3,0.2696,81642.4,0.2698,45607.9,0.2699,148041.2
1753504337297,04:32:17.297,ALGO/USDT:USDT,0.2697,2578.3,0.2696,81642.4,0.2698,48024.9,0.2699,148041.2
1753504337397,04:32:17.397,ALGO/USDT:USDT,0.2697,2578.3,0.2696,81642.4,0.2698,62024.9,0.2699,148041.2
1753504337497,04:32:17.497,ALGO/USDT:USDT,0.2697,2578.3,0.2696,81642.4,0.2698,62027.4,0.2699,148041.2
1753504337597,04:32:17.597,ALGO/USDT:USDT,0.2697,4870.0,0.2696,83551.2,0.2698,45611.5,0.2699,146187.7
1753504337697,04:32:17.697,ALGO/USDT:USDT,0.2697,4870.0,0.2696,83551.2,0.2698,45611.5,0.2699,146187.7
1753504337897,04:32:17.897,ALGO/USDT:USDT,0.2697,4870.0,0.2696,83551.2,0.2698,44821.6,0.2699,142480.7
1753504338100,04:32:18.100,ALGO/USDT:USDT,0.2697,3378.3,0.2696,83551.2,0.2698,44821.6,0.2699,142480.7
1753504338197,04:32:18.197,ALGO/USDT:USDT,0.2697,3378.3,0.2696,83551.2,0.2698,39864.7,0.2699,140627.2
1753504338297,04:32:18.297,ALGO/USDT:USDT,0.2697,2578.3,0.2696,83551.2,0.2698,40680.3,0.2699,144334.2
1753504338397,04:32:18.397,ALGO/USDT:USDT,0.2697,2578.3,0.2696,83551.2,0.2698,55680.3,0.2699,144334.2
1753504338497,04:32:18.497,ALGO/USDT:USDT,0.2697,2578.3,0.2696,83551.2,0.2698,55680.3,0.2699,144334.2
1753504338697,04:32:18.697,ALGO/USDT:USDT,0.2697,2578.3,0.2696,83551.2,0.2698,40606.1,0.2699,144691.8
1753504338797,04:32:18.797,ALGO/USDT:USDT,0.2697,2578.3,0.2696,83551.2,0.2698,40606.1,0.2699,144691.8
1753504338997,04:32:18.997,ALGO/USDT:USDT,0.2697,2578.3,0.2696,83551.2,0.2698,40606.1,0.2699,144691.8
1753504339097,04:32:19.097,ALGO/USDT:USDT,0.2697,2578.3,0.2696,83551.2,0.2698,40680.3,0.2699,144691.8
1753504339197,04:32:19.197,ALGO/USDT:USDT,0.2697,4918.7,0.2696,83551.2,0.2698,40606.1,0.2699,144691.8
1753504339298,04:32:19.298,ALGO/USDT:USDT,0.2697,4918.7,0.2696,83551.2,0.2698,40606.1,0.2699,144691.8
1753504339396,04:32:19.396,ALGO/USDT:USDT,0.2697,4918.7,0.2696,83551.2,0.2698,42459.6,0.2699,146545.3
1753504339497,04:32:19.497,ALGO/USDT:USDT,0.2697,4918.7,0.2696,83551.2,0.2698,39864.8,0.2699,142838.3
1753504339597,04:32:19.597,ALGO/USDT:USDT,0.2697,4918.7,0.2696,83551.2,0.2698,42533.9,0.2699,146545.3
1753504339697,04:32:19.697,ALGO/USDT:USDT,0.2697,4918.7,0.2696,83551.2,0.2698,42459.7,0.2699,146545.3
1753504339797,04:32:19.797,ALGO/USDT:USDT,0.2697,4918.7,0.2696,83551.2,0.2698,42459.7,0.2699,146545.3
1753504339997,04:32:19.997,ALGO/USDT:USDT,0.2696,2467.5,0.2695,88736.0,0.2697,72948.1,0.2698,122678.9
1753504340098,04:32:20.098,ALGO/USDT:USDT,0.2696,2467.5,0.2695,108242.9,0.2697,67288.5,0.2698,121321.2
1753504340198,04:32:20.198,ALGO/USDT:USDT,0.2696,2467.5,0.2695,108242.9,0.2697,64029.9,0.2698,121321.2
1753504340297,04:32:20.297,ALGO/USDT:USDT,0.2696,2467.5,0.2695,108242.9,0.2697,64029.9,0.2698,121325.3
1753504340397,04:32:20.397,ALGO/USDT:USDT,0.2696,2467.5,0.2695,108242.9,0.2697,64029.9,0.2698,121325.3
1753504340497,04:32:20.497,ALGO/USDT:USDT,0.2696,4155.3,0.2695,108242.9,0.2697,63955.7,0.2698,120954.5
1753504340597,04:32:20.597,ALGO/USDT:USDT,0.2696,4155.3,0.2695,108242.9,0.2697,63955.7,0.2698,122863.3
1753504340697,04:32:20.697,ALGO/USDT:USDT,0.2696,6491.5,0.2695,108242.9,0.2697,63040.3,0.2698,116890.0
1753504340797,04:32:20.797,ALGO/USDT:USDT,0.2696,6491.5,0.2695,108242.9,0.2697,63955.7,0.2698,116890.0
1753504340897,04:32:20.897,ALGO/USDT:USDT,0.2696,4155.3,0.2695,108242.9,0.2697,63955.7,0.2698,116890.0
1753504340997,04:32:20.997,ALGO/USDT:USDT,0.2696,4155.3,0.2695,108242.9,0.2697,63955.7,0.2698,116890.0
1753504341098,04:32:21.098,ALGO/USDT:USDT,0.2696,4024.0,0.2695,108242.9,0.2697,62964.5,0.2698,116890.0
1753504341197,04:32:21.197,ALGO/USDT:USDT,0.2696,11485.4,0.2695,108242.9,0.2697,62964.5,0.2698,117806.2
1753504341297,04:32:21.297,ALGO/USDT:USDT,0.2696,11485.4,0.2695,108242.9,0.2697,62964.5,0.2698,117806.2
1753504341397,04:32:21.397,ALGO/USDT:USDT,0.2696,20806.1,0.2695,108242.9,0.2697,62048.3,0.2698,116890.0
1753504341497,04:32:21.497,ALGO/USDT:USDT,0.2696,20806.1,0.2695,108242.9,0.2697,62048.3,0.2698,116890.0
1753504341597,04:32:21.597,ALGO/USDT:USDT,0.2696,20806.1,0.2695,108242.9,0.2697,62964.5,0.2698,116890.0
1753504341697,04:32:21.697,ALGO/USDT:USDT,0.2696,20806.1,0.2695,108242.9,0.2697,62964.5,0.2698,116890.0
1753504341797,04:32:21.797,ALGO/USDT:USDT,0.2696,1687.8,0.2695,108242.9,0.2697,63879.9,0.2698,116890.0
1753504341897,04:32:21.897,ALGO/USDT:USDT,0.2696,1687.8,0.2695,108242.9,0.2697,63879.9,0.2698,117247.6
1753504341997,04:32:21.997,ALGO/USDT:USDT,0.2696,11008.5,0.2695,108242.9,0.2697,62048.3,0.2698,117247.6
1753504342100,04:32:22.100,ALGO/USDT:USDT,0.2696,21492.0,0.2695,111430.6,0.2697,34503.3,0.2698,99676.1
1753504342197,04:32:22.197,ALGO/USDT:USDT,0.2696,21492.0,0.2695,111430.6,0.2697,25799.6,0.2698,104015.9
1753504342297,04:32:22.297,ALGO/USDT:USDT,0.2696,36492.0,0.2695,111430.6,0.2697,26025.1,0.2698,103783.0
1753504342397,04:32:22.397,ALGO/USDT:USDT,0.2696,36492.0,0.2695,111430.6,0.2697,26025.1,0.2698,103783.0
1753504342497,04:32:22.497,ALGO/USDT:USDT,0.2696,36492.0,0.2695,111430.6,0.2697,26025.1,0.2698,103783.0
1753504342597,04:32:22.597,ALGO/USDT:USDT,0.2696,36492.0,0.2695,111430.6,0.2697,26025.1,0.2698,103783.0
1753504342997,04:32:22.997,ALGO/USDT:USDT,0.2696,38323.6,0.2695,111430.6,0.2697,25283.4,0.2698,100679.6
1753504343097,04:32:23.097,ALGO/USDT:USDT,0.2696,42275.7,0.2695,111430.6,0.2697,7572.8,0.2698,97528.7
1753504343197,04:32:23.197,ALGO/USDT:USDT,0.2696,42275.7,0.2695,111430.6,0.2697,7572.8,0.2698,97528.7
1753504343396,04:32:23.396,ALGO/USDT:USDT,0.2696,42275.7,0.2695,111430.6,0.2697,7572.8,0.2698,97528.7
1753504343497,04:32:23.497,ALGO/USDT:USDT,0.2696,42275.7,0.2695,111430.6,0.2697,7572.8,0.2698,97528.7
1753504343597,04:32:23.597,ALGO/USDT:USDT,0.2696,42275.7,0.2695,111430.6,0.2697,7572.8,0.2698,97528.7
1753504343697,04:32:23.697,ALGO/USDT:USDT,0.2696,42275.7,0.2695,111430.6,0.2697,7572.8,0.2698,97528.7
1753504343796,04:32:23.796,ALGO/USDT:USDT,0.2696,42275.7,0.2695,111430.6,0.2697,7572.8,0.2698,97528.7
1753504343897,04:32:23.897,ALGO/USDT:USDT,0.2696,42201.5,0.2695,111430.6,0.2697,7572.8,0.2698,97528.7
1753504344100,04:32:24.100,ALGO/USDT:USDT,0.2696,39088.0,0.2695,111430.6,0.2697,7572.8,0.2698,97528.7
1753504344697,04:32:24.697,ALGO/USDT:USDT,0.2696,39088.0,0.2695,111430.6,0.2697,7573.8,0.2698,97528.7
1753504344896,04:32:24.896,ALGO/USDT:USDT,0.2696,39088.0,0.2695,111430.6,0.2697,7573.8,0.2698,97528.7
1753504344997,04:32:24.997,ALGO/USDT:USDT,0.2696,39088.0,0.2695,111430.6,0.2697,7573.8,0.2698,97528.7
1753504345197,04:32:25.197,ALGO/USDT:USDT,0.2696,39088.0,0.2695,111430.6,0.2697,7573.8,0.2698,97528.7
1753504345297,04:32:25.297,ALGO/USDT:USDT,0.2696,39088.0,0.2695,111430.6,0.2697,7573.8,0.2698,97528.7
1753504345397,04:32:25.397,ALGO/USDT:USDT,0.2696,39088.0,0.2695,111430.6,0.2697,7573.8,0.2698,99381.5
1753504345796,04:32:25.796,ALGO/USDT:USDT,0.2696,38172.6,0.2695,111430.6,0.2697,7573.8,0.2698,99381.5
1753504345997,04:32:25.997,ALGO/USDT:USDT,0.2696,37256.4,0.2695,111430.6,0.2697,7573.8,0.2698,99381.5
1753504346100,04:32:26.100,ALGO/USDT:USDT,0.2696,37256.4,0.2695,111430.6,0.2697,18932.3,0.2698,102493.8
1753504346297,04:32:26.297,ALGO/USDT:USDT,0.2696,38172.6,0.2695,111430.6,0.2697,18932.3,0.2698,102493.8
1753504346397,04:32:26.397,ALGO/USDT:USDT,0.2696,36492.0,0.2695,108317.1,0.2697,29680.7,0.2698,107352.4
1753504346497,04:32:26.497,ALGO/USDT:USDT,0.2696,36492.0,0.2695,108317.1,0.2697,29680.7,0.2698,120363.5
1753504346597,04:32:26.597,ALGO/USDT:USDT,0.2696,20232.7,0.2695,108242.9,0.2697,40838.4,0.2698,120357.3
1753504346697,04:32:26.697,ALGO/USDT:USDT,0.2696,19155.8,0.2695,108242.9,0.2697,40865.8,0.2698,120353.9
1753504346797,04:32:26.797,ALGO/USDT:USDT,0.2696,15602.2,0.2695,108242.9,0.2697,40865.8,0.2698,120353.9
1753504346897,04:32:26.897,ALGO/USDT:USDT,0.2696,11008.5,0.2695,108242.9,0.2697,40865.2,0.2698,120428.1
1753504346997,04:32:26.997,ALGO/USDT:USDT,0.2696,11008.5,0.2695,97438.0,0.2697,45850.4,0.2698,115733.8
1753504347096,04:32:27.096,ALGO/USDT:USDT,0.2696,11008.5,0.2695,97438.0,0.2697,45850.4,0.2698,113879.6
1753504347496,04:32:27.496,ALGO/USDT:USDT,0.2696,11008.5,0.2695,97438.0,0.2697,45852.6,0.2698,113805.4
1753504347598,04:32:27.598,ALGO/USDT:USDT,0.2696,11008.5,0.2695,97438.0,0.2697,45852.6,0.2698,113879.6
1753504347697,04:32:27.697,ALGO/USDT:USDT,0.2696,11008.5,0.2695,97438.0,0.2697,45852.6,0.2698,113879.6
1753504347797,04:32:27.797,ALGO/USDT:USDT,0.2696,9320.7,0.2695,97438.0,0.2697,46594.3,0.2698,119442.2
1753504347897,04:32:27.897,ALGO/USDT:USDT,0.2696,9320.7,0.2695,97438.0,0.2697,46594.3,0.2698,117588.0
1753504348099,04:32:28.099,ALGO/USDT:USDT,0.2696,9320.7,0.2695,97438.0,0.2697,45852.6,0.2698,114237.2
1753504348297,04:32:28.297,ALGO/USDT:USDT,0.2696,9320.7,0.2695,97438.0,0.2697,45852.6,0.2698,114237.2
1753504348397,04:32:28.397,ALGO/USDT:USDT,0.2696,9320.7,0.2695,97438.0,0.2697,45852.6,0.2698,114237.2
1753504348498,04:32:28.498,ALGO/USDT:USDT,0.2696,19804.2,0.2695,97438.0,0.2697,18860.1,0.2698,101797.3
1753504348597,04:32:28.597,ALGO/USDT:USDT,0.2696,19804.2,0.2695,97438.0,0.2697,18860.1,0.2698,101797.3
1753504348697,04:32:28.697,ALGO/USDT:USDT,0.2696,19804.2,0.2695,97438.0,0.2697,18860.1,0.2698,101797.3
1753504348797,04:32:28.797,ALGO/USDT:USDT,0.2696,19804.2,0.2695,97438.0,0.2697,18860.1,0.2698,101797.3
1753504348896,04:32:28.896,ALGO/USDT:USDT,0.2696,19804.2,0.2695,97438.0,0.2697,18860.1,0.2698,101797.3
1753504348997,04:32:28.997,ALGO/USDT:USDT,0.2696,19804.2,0.2695,97438.0,0.2697,18860.1,0.2698,101797.3
1753504349097,04:32:29.097,ALGO/USDT:USDT,0.2696,19804.2,0.2695,97438.0,0.2697,18860.1,0.2698,101797.3
1753504349197,04:32:29.197,ALGO/USDT:USDT,0.2696,19804.2,0.2695,97438.0,0.2697,18860.1,0.2698,101797.3
1753504349297,04:32:29.297,ALGO/USDT:USDT,0.2696,30804.2,0.2695,97438.0,0.2697,18860.1,0.2698,101797.3
1753504349397,04:32:29.397,ALGO/USDT:USDT,0.2696,30804.2,0.2695,97438.0,0.2697,18860.1,0.2698,101797.3
1753504349597,04:32:29.597,ALGO/USDT:USDT,0.2696,19804.2,0.2695,97438.0,0.2697,19671.9,0.2698,101546.1
1753504349997,04:32:29.997,ALGO/USDT:USDT,0.2696,19804.2,0.2695,97438.0,0.2697,19670.1,0.2698,101546.1
1753504350097,04:32:30.097,ALGO/USDT:USDT,0.2696,19804.2,0.2695,97438.0,0.2697,19670.1,0.2698,114557.2
1753504350197,04:32:30.197,ALGO/USDT:USDT,0.2696,30804.2,0.2695,97438.0,0.2697,19670.1,0.2698,114557.2
1753504350296,04:32:30.296,ALGO/USDT:USDT,0.2696,30804.2,0.2695,97438.0,0.2697,19670.1,0.2698,114557.2
1753504350496,04:32:30.496,ALGO/USDT:USDT,0.2696,32635.8,0.2695,97438.0,0.2697,19670.1,0.2698,114557.2
1753504350697,04:32:30.697,ALGO/USDT:USDT,0.2696,32635.8,0.2695,97438.0,0.2697,19663.8,0.2698,114557.2
1753504350796,04:32:30.796,ALGO/USDT:USDT,0.2696,32635.8,0.2695,97438.0,0.2697,19663.8,0.2698,133457.2
1753504350896,04:32:30.896,ALGO/USDT:USDT,0.2696,32635.8,0.2695,97438.0,0.2697,19663.8,0.2698,133457.2
1753504351097,04:32:31.097,ALGO/USDT:USDT,0.2696,32635.8,0.2695,97438.0,0.2697,19663.8,0.2698,133457.2
1753504351296,04:32:31.296,ALGO/USDT:USDT,0.2696,32635.8,0.2695,97438.0,0.2697,19663.8,0.2698,133457.2
1753504351396,04:32:31.396,ALGO/USDT:USDT,0.2696,32635.8,0.2695,97438.0,0.2697,19663.8,0.2698,133457.2
1753504351497,04:32:31.497,ALGO/USDT:USDT,0.2696,31719.6,0.2695,97438.0,0.2697,19663.8,0.2698,133457.2
1753504351597,04:32:31.597,ALGO/USDT:USDT,0.2696,19804.2,0.2695,97438.0,0.2697,19663.8,0.2698,133457.2
1753504351797,04:32:31.797,ALGO/USDT:USDT,0.2696,21635.8,0.2695,97438.0,0.2697,19663.8,0.2698,120446.1
1753504351897,04:32:31.897,ALGO/USDT:USDT,0.2696,19804.2,0.2695,97438.0,0.2697,19663.8,0.2698,133457.2
1753504352100,04:32:32.100,ALGO/USDT:USDT,0.2696,19804.2,0.2695,97438.0,0.2697,19664.0,0.2698,133457.2
1753504352197,04:32:32.197,ALGO/USDT:USDT,0.2696,23804.2,0.2695,97438.0,0.2697,19664.0,0.2698,133457.2
1753504352397,04:32:32.397,ALGO/USDT:USDT,0.2696,25635.8,0.2695,113618.2,0.2697,18864.0,0.2698,118593.3
1753504352596,04:32:32.596,ALGO/USDT:USDT,0.2696,25635.8,0.2695,113618.2,0.2697,18865.8,0.2698,118593.3
1753504352697,04:32:32.697,ALGO/USDT:USDT,0.2696,25635.8,0.2695,113618.2,0.2697,18865.8,0.2698,118593.3
1753504352797,04:32:32.797,ALGO/USDT:USDT,0.2696,25635.8,0.2695,113618.2,0.2697,18865.8,0.2698,117851.9
1753504352997,04:32:32.997,ALGO/USDT:USDT,0.2696,25635.8,0.2695,113618.2,0.2697,18865.8,0.2698,117851.9
1753504353097,04:32:33.097,ALGO/USDT:USDT,0.2696,25635.8,0.2695,113618.2,0.2697,18865.8,0.2698,117851.9
1753504353196,04:32:33.196,ALGO/USDT:USDT,0.2696,37635.8,0.2695,113618.2,0.2697,10355.4,0.2698,117851.9
1753504353297,04:32:33.297,ALGO/USDT:USDT,0.2696,37635.8,0.2695,113618.2,0.2697,9545.1,0.2698,117851.9
1753504353497,04:32:33.497,ALGO/USDT:USDT,0.2696,37635.8,0.2695,113618.2,0.2697,9545.1,0.2698,117851.9
1753504353596,04:32:33.596,ALGO/USDT:USDT,0.2696,37635.8,0.2695,113618.2,0.2697,9545.1,0.2698,117851.9
1753504353898,04:32:33.898,ALGO/USDT:USDT,0.2696,35804.2,0.2695,113618.2,0.2697,18865.8,0.2698,117851.9
1753504354097,04:32:34.097,ALGO/USDT:USDT,0.2696,35804.2,0.2695,113618.2,0.2697,18865.8,0.2698,117851.9
1753504354497,04:32:34.497,ALGO/USDT:USDT,0.2696,35804.2,0.2695,113618.2,0.2697,18865.8,0.2698,117851.9
1753504354597,04:32:34.597,ALGO/USDT:USDT,0.2696,35804.2,0.2695,113618.2,0.2697,18865.8,0.2698,117851.9
1753504354797,04:32:34.797,ALGO/USDT:USDT,0.2696,35804.2,0.2695,113618.2,0.2697,18865.8,0.2698,117851.9
1753504355397,04:32:35.397,ALGO/USDT:USDT,0.2696,35804.2,0.2695,113618.2,0.2697,18865.8,0.2698,117851.9
1753504355497,04:32:35.497,ALGO/USDT:USDT,0.2696,37635.8,0.2695,117150.5,0.2697,18865.8,0.2698,117851.9
1753504355997,04:32:35.997,ALGO/USDT:USDT,0.2696,36720.4,0.2695,117150.5,0.2697,18865.8,0.2698,117851.9
1753504356100,04:32:36.100,ALGO/USDT:USDT,0.2696,37635.8,0.2695,117150.5,0.2697,18865.8,0.2698,119704.7
1753504356397,04:32:36.397,ALGO/USDT:USDT,0.2696,37635.8,0.2695,117150.5,0.2697,9545.1,0.2698,119704.7
1753504356497,04:32:36.497,ALGO/USDT:USDT,0.2696,37635.8,0.2695,117150.5,0.2697,9545.1,0.2698,119704.7
1753504356597,04:32:36.597,ALGO/USDT:USDT,0.2696,37710.0,0.2695,117150.5,0.2697,2197.5,0.2698,113998.2
1753504356697,04:32:36.697,ALGO/USDT:USDT,0.2696,35804.2,0.2695,104269.3,0.2697,21053.7,0.2698,113998.2
1753504356797,04:32:36.797,ALGO/USDT:USDT,0.2696,33468.0,0.2695,101155.8,0.2697,33633.4,0.2698,111249.0
1753504356898,04:32:36.898,ALGO/USDT:USDT,0.2696,33468.0,0.2695,101155.8,0.2697,32718.0,0.2698,124260.1
1753504356996,04:32:36.996,ALGO/USDT:USDT,0.2696,33468.0,0.2695,101155.8,0.2697,32718.0,0.2698,124334.3
1753504357097,04:32:37.097,ALGO/USDT:USDT,0.2696,33468.0,0.2695,101155.8,0.2697,32718.0,0.2698,124334.3
1753504357196,04:32:37.196,ALGO/USDT:USDT,0.2696,33468.0,0.2695,101155.8,0.2697,33633.4,0.2698,126187.4
1753504357396,04:32:37.396,ALGO/USDT:USDT,0.2696,33468.0,0.2695,101155.8,0.2697,31801.8,0.2698,126187.4
1753504357496,04:32:37.496,ALGO/USDT:USDT,0.2696,35299.6,0.2695,101155.8,0.2697,31001.8,0.2698,113102.1
1753504357597,04:32:37.597,ALGO/USDT:USDT,0.2696,35299.6,0.2695,101155.8,0.2697,31001.8,0.2698,113102.1
1753504357697,04:32:37.697,ALGO/USDT:USDT,0.2696,35299.6,0.2695,101155.8,0.2697,28665.6,0.2698,113102.1
1753504357797,04:32:37.797,ALGO/USDT:USDT,0.2696,35299.6,0.2695,114148.3,0.2697,28665.6,0.2698,113102.1
1753504357897,04:32:37.897,ALGO/USDT:USDT,0.2696,35299.6,0.2695,117261.8,0.2697,19344.9,0.2698,113102.1
1753504357997,04:32:37.997,ALGO/USDT:USDT,0.2696,35299.6,0.2695,117076.3,0.2697,19344.9,0.2698,113102.1
1753504358096,04:32:38.096,ALGO/USDT:USDT,0.2696,35299.6,0.2695,117076.3,0.2697,19344.9,0.2698,113102.1
1753504358396,04:32:38.396,ALGO/USDT:USDT,0.2696,35299.6,0.2695,117076.3,0.2697,19344.9,0.2698,113102.1
1753504358497,04:32:38.497,ALGO/USDT:USDT,0.2696,35299.6,0.2695,117076.3,0.2697,19344.9,0.2698,113102.1
1753504359297,04:32:39.297,ALGO/USDT:USDT,0.2696,35299.6,0.2695,117076.3,0.2697,19344.9,0.2698,113102.1
1753504359597,04:32:39.597,ALGO/USDT:USDT,0.2696,35299.6,0.2695,117076.3,0.2697,19344.9,0.2698,113102.1
1753504359697,04:32:39.697,ALGO/USDT:USDT,0.2696,35299.6,0.2695,117076.3,0.2697,19344.9,0.2698,113102.1
1753504359797,04:32:39.797,ALGO/USDT:USDT,0.2696,35299.6,0.2695,117076.3,0.2697,19344.9,0.2698,113102.1
1753504360696,04:32:40.696,ALGO/USDT:USDT,0.2696,35299.6,0.2695,117076.3,0.2697,19344.9,0.2698,113102.1
1753504360797,04:32:40.797,ALGO/USDT:USDT,0.2696,35299.6,0.2695,117076.3,0.2697,19344.9,0.2698,113102.1
1753504360896,04:32:40.896,ALGO/USDT:USDT,0.2696,17468.0,0.2695,100970.3,0.2697,44968.0,0.2698,126187.4
1753504360997,04:32:40.997,ALGO/USDT:USDT,0.2696,17468.0,0.2695,100970.3,0.2697,44966.6,0.2698,126187.4
1753504361097,04:32:41.097,ALGO/USDT:USDT,0.2696,17468.0,0.2695,100970.3,0.2697,44966.6,0.2698,126187.4
1753504361197,04:32:41.197,ALGO/USDT:USDT,0.2696,17468.0,0.2695,100970.3,0.2697,44966.6,0.2698,126187.4
1753504361397,04:32:41.397,ALGO/USDT:USDT,0.2696,17468.0,0.2695,100970.3,0.2697,44964.0,0.2698,126187.4
1753504361496,04:32:41.496,ALGO/USDT:USDT,0.2696,17468.0,0.2695,100970.3,0.2697,40936.3,0.2698,126545.0
1753504361597,04:32:41.597,ALGO/USDT:USDT,0.2696,17468.0,0.2695,100970.3,0.2697,41851.7,0.2698,126545.0
1753504361797,04:32:41.797,ALGO/USDT:USDT,0.2696,9320.7,0.2695,100970.3,0.2697,48185.2,0.2698,130446.4
1753504361897,04:32:41.897,ALGO/USDT:USDT,0.2696,19272.6,0.2695,117150.5,0.2697,21716.7,0.2698,113102.1
1753504361997,04:32:41.997,ALGO/USDT:USDT,0.2696,19272.6,0.2695,117150.5,0.2697,21716.7,0.2698,113102.1
1753504362097,04:32:42.097,ALGO/USDT:USDT,0.2696,20153.8,0.2695,101044.5,0.2697,31668.6,0.2698,126113.2
1753504362197,04:32:42.197,ALGO/USDT:USDT,0.2696,18492.8,0.2695,101044.5,0.2697,31668.6,0.2698,126113.2
1753504362297,04:32:42.297,ALGO/USDT:USDT,0.2696,17441.0,0.2695,101044.5,0.2697,31668.6,0.2698,126113.2
1753504362398,04:32:42.398,ALGO/USDT:USDT,0.2696,16641.0,0.2695,100970.3,0.2697,44510.5,0.2698,130088.8
1753504362497,04:32:42.497,ALGO/USDT:USDT,0.2696,16641.0,0.2695,100970.3,0.2697,44510.5,0.2698,130088.8
1753504362897,04:32:42.897,ALGO/USDT:USDT,0.2696,16641.0,0.2695,100970.3,0.2697,44510.5,0.2698,131943.0
1753504363097,04:32:43.097,ALGO/USDT:USDT,0.2696,23641.0,0.2695,100970.3,0.2697,44510.5,0.2698,131868.8
1753504363197,04:32:43.197,ALGO/USDT:USDT,0.2696,23641.0,0.2695,100970.3,0.2697,44510.5,0.2698,131868.8
1753504363397,04:32:43.397,ALGO/USDT:USDT,0.2696,23641.0,0.2695,100970.3,0.2697,44510.5,0.2698,131868.8
1753504363497,04:32:43.497,ALGO/USDT:USDT,0.2696,16641.0,0.2695,100970.3,0.2697,44510.5,0.2698,131868.8
1753504363597,04:32:43.597,ALGO/USDT:USDT,0.2696,16641.0,0.2695,100970.3,0.2697,44510.5,0.2698,131868.8
1753504363697,04:32:43.697,ALGO/USDT:USDT,0.2696,16641.0,0.2695,100970.3,0.2697,44510.5,0.2698,131868.8
1753504363796,04:32:43.796,ALGO/USDT:USDT,0.2696,16641.0,0.2695,100970.3,0.2697,44510.6,0.2698,131943.0
1753504363997,04:32:43.997,ALGO/USDT:USDT,0.2696,16641.0,0.2695,100970.3,0.2697,44510.6,0.2698,131943.0
1753504364297,04:32:44.297,ALGO/USDT:USDT,0.2696,16641.0,0.2695,100970.3,0.2697,44510.6,0.2698,131943.0
1753504364397,04:32:44.397,ALGO/USDT:USDT,0.2696,16641.0,0.2695,100970.3,0.2697,44510.6,0.2698,132300.6
1753504364497,04:32:44.497,ALGO/USDT:USDT,0.2696,16641.0,0.2695,100970.3,0.2697,44510.6,0.2698,132300.6
1753504364697,04:32:44.697,ALGO/USDT:USDT,0.2696,16641.0,0.2695,100970.3,0.2697,44510.6,0.2698,132226.4
1753504364797,04:32:44.797,ALGO/USDT:USDT,0.2695,35867.5,0.2694,117405.7,0.2696,17985.9,0.2697,140531.0
1753504364896,04:32:44.896,ALGO/USDT:USDT,0.2695,35867.5,0.2694,117405.7,0.2696,17985.9,0.2697,139614.8
1753504364997,04:32:44.997,ALGO/USDT:USDT,0.2695,35867.5,0.2694,117405.7,0.2696,17985.9,0.2697,139614.8
1753504365097,04:32:45.097,ALGO/USDT:USDT,0.2695,32402.1,0.2694,117405.7,0.2696,35426.9,0.2697,139614.8
1753504365197,04:32:45.197,ALGO/USDT:USDT,0.2695,33164.9,0.2694,117405.7,0.2696,35426.9,0.2697,139614.8
1753504365298,04:32:45.298,ALGO/USDT:USDT,0.2695,33164.9,0.2694,117405.7,0.2696,35426.9,0.2697,139614.8
1753504365397,04:32:45.397,ALGO/USDT:USDT,0.2695,33164.9,0.2694,106316.2,0.2696,35426.9,0.2697,141468.3
1753504365497,04:32:45.497,ALGO/USDT:USDT,0.2695,33164.9,0.2694,106316.2,0.2696,35426.9,0.2697,141468.3
1753504365598,04:32:45.598,ALGO/USDT:USDT,0.2695,33164.9,0.2694,106316.2,0.2696,35426.9,0.2697,141468.3
1753504365797,04:32:45.797,ALGO/USDT:USDT,0.2695,33164.9,0.2694,106316.2,0.2696,35426.9,0.2697,141468.3
1753504365897,04:32:45.897,ALGO/USDT:USDT,0.2695,33164.9,0.2694,106316.2,0.2696,35426.9,0.2697,141468.3
1753504365996,04:32:45.996,ALGO/USDT:USDT,0.2695,33164.9,0.2694,106130.7,0.2696,35426.9,0.2697,141468.3
1753504366099,04:32:46.099,ALGO/USDT:USDT,0.2695,33164.9,0.2694,106130.7,0.2696,35426.9,0.2697,141468.3
1753504366197,04:32:46.197,ALGO/USDT:USDT,0.2695,33164.9,0.2694,106130.7,0.2696,35426.9,0.2697,141468.3
1753504366310,04:32:46.310,ALGO/USDT:USDT,0.2695,33164.9,0.2694,106130.7,0.2696,35426.9,0.2697,141468.3
1753504366398,04:32:46.398,ALGO/USDT:USDT,0.2695,33164.9,0.2694,106130.7,0.2696,35426.9,0.2697,141468.3
1753504366796,04:32:46.796,ALGO/USDT:USDT,0.2695,25393.1,0.2694,103039.9,0.2696,35426.9,0.2697,141542.5
1753504366897,04:32:46.897,ALGO/USDT:USDT,0.2695,25393.1,0.2694,101131.1,0.2696,36241.3,0.2697,140733.3
1753504366997,04:32:46.997,ALGO/USDT:USDT,0.2695,23774.5,0.2694,103039.9,0.2696,36241.3,0.2697,140733.3
1753504367098,04:32:47.098,ALGO/USDT:USDT,0.2695,23774.5,0.2694,103039.9,0.2696,42241.3,0.2697,140733.3
1753504367196,04:32:47.196,ALGO/USDT:USDT,0.2695,20242.2,0.2694,106299.0,0.2696,42241.3,0.2697,140733.3
1753504367397,04:32:47.397,ALGO/USDT:USDT,0.2695,19442.2,0.2694,106299.0,0.2696,42241.3,0.2697,140733.3
1753504367496,04:32:47.496,ALGO/USDT:USDT,0.2695,19442.2,0.2694,106299.0,0.2696,36241.3,0.2697,141016.7
1753504367597,04:32:47.597,ALGO/USDT:USDT,0.2695,19442.2,0.2694,106299.0,0.2696,36241.3,0.2697,141016.7
1753504367697,04:32:47.697,ALGO/USDT:USDT,0.2695,19442.2,0.2694,106299.0,0.2696,36714.4,0.2697,140544.8
1753504367997,04:32:47.997,ALGO/USDT:USDT,0.2695,19442.2,0.2694,106299.0,0.2696,36714.4,0.2697,140544.8
1753504368101,04:32:48.101,ALGO/USDT:USDT,0.2695,19442.2,0.2694,106299.0,0.2696,36714.4,0.2697,140544.8
1753504368197,04:32:48.197,ALGO/USDT:USDT,0.2695,19442.2,0.2694,106299.0,0.2696,36714.4,0.2697,140544.8
1753504368297,04:32:48.297,ALGO/USDT:USDT,0.2695,19442.2,0.2694,106299.0,0.2696,36714.4,0.2697,140619.0
1753504368397,04:32:48.397,ALGO/USDT:USDT,0.2695,19442.2,0.2694,104013.8,0.2696,36714.6,0.2697,140619.0
1753504368497,04:32:48.497,ALGO/USDT:USDT,0.2695,19442.2,0.2694,104013.8,0.2696,36743.8,0.2697,140515.2
1753504368596,04:32:48.596,ALGO/USDT:USDT,0.2695,8837.4,0.2694,90510.2,0.2696,39143.8,0.2697,142370.1
1753504368697,04:32:48.697,ALGO/USDT:USDT,0.2695,8837.4,0.2694,90510.2,0.2696,37485.7,0.2697,142370.1
1753504368797,04:32:48.797,ALGO/USDT:USDT,0.2695,8837.4,0.2694,92419.0,0.2696,37485.7,0.2697,142370.1
1753504368896,04:32:48.896,ALGO/USDT:USDT,0.2695,8837.4,0.2694,105312.1,0.2696,41798.9,0.2697,151458.3
1753504368997,04:32:48.997,ALGO/USDT:USDT,0.2695,23637.4,0.2694,105312.1,0.2696,41798.9,0.2697,151458.3
1753504369197,04:32:49.197,ALGO/USDT:USDT,0.2695,23637.4,0.2694,105312.1,0.2696,37486.1,0.2697,155771.0
1753504369297,04:32:49.297,ALGO/USDT:USDT,0.2695,23637.4,0.2694,105312.1,0.2696,36744.2,0.2697,137916.1
1753504369396,04:32:49.396,ALGO/USDT:USDT,0.2695,23637.4,0.2694,105312.1,0.2696,36744.2,0.2697,137916.1
1753504369497,04:32:49.497,ALGO/USDT:USDT,0.2695,23637.4,0.2694,105312.1,0.2696,36744.2,0.2697,137558.5
1753504369696,04:32:49.696,ALGO/USDT:USDT,0.2695,24749.0,0.2694,108426.7,0.2696,36744.2,0.2697,137558.5
1753504369996,04:32:49.996,ALGO/USDT:USDT,0.2695,26749.0,0.2694,108426.7,0.2696,36744.2,0.2697,137558.5
1753504370197,04:32:50.197,ALGO/USDT:USDT,0.2695,26749.0,0.2694,108426.7,0.2696,36744.2,0.2697,137558.5
1753504370297,04:32:50.297,ALGO/USDT:USDT,0.2695,27665.2,0.2694,108426.7,0.2696,36744.2,0.2697,137558.5
1753504370697,04:32:50.697,ALGO/USDT:USDT,0.2695,26749.0,0.2694,108426.7,0.2696,35929.6,0.2697,137558.5
1753504370797,04:32:50.797,ALGO/USDT:USDT,0.2695,26749.0,0.2694,108426.7,0.2696,36205.7,0.2697,137558.5
1753504370897,04:32:50.897,ALGO/USDT:USDT,0.2695,26749.0,0.2694,108426.7,0.2696,36205.7,0.2697,137558.5
1753504370997,04:32:50.997,ALGO/USDT:USDT,0.2695,35849.0,0.2694,108500.9,0.2696,35405.7,0.2697,118369.9
1753504371497,04:32:51.497,ALGO/USDT:USDT,0.2695,35849.0,0.2694,108500.9,0.2696,37056.6,0.2697,118369.9
1753504371597,04:32:51.597,ALGO/USDT:USDT,0.2695,35849.0,0.2694,108500.9,0.2696,37056.6,0.2697,118369.9
1753504371697,04:32:51.697,ALGO/USDT:USDT,0.2695,35849.0,0.2694,112129.8,0.2696,37056.6,0.2697,118369.9
1753504371996,04:32:51.996,ALGO/USDT:USDT,0.2695,35849.0,0.2694,112129.8,0.2696,27735.9,0.2697,118369.9
1753504372099,04:32:52.099,ALGO/USDT:USDT,0.2695,35849.0,0.2694,112129.8,0.2696,27735.9,0.2697,118369.9
1753504372197,04:32:52.197,ALGO/USDT:USDT,0.2695,35849.0,0.2694,112129.8,0.2696,27735.9,0.2697,118369.9
1753504372296,04:32:52.296,ALGO/USDT:USDT,0.2695,35849.0,0.2694,112129.8,0.2696,27857.0,0.2697,118369.9
1753504372797,04:32:52.797,ALGO/USDT:USDT,0.2695,35849.0,0.2694,112129.8,0.2696,27857.0,0.2697,118369.9
1753504373097,04:32:53.097,ALGO/USDT:USDT,0.2695,35849.0,0.2694,112129.8,0.2696,27857.0,0.2697,118369.9
1753504373196,04:32:53.196,ALGO/USDT:USDT,0.2695,35849.0,0.2694,112129.8,0.2696,27857.0,0.2697,118369.9
